,amount,amountBase,buyer,date,price,seller,side,tokenAddr,txHash
0,205.814798,26.961738538,0xd965952823153e5cbc611be87e8322cfc329f056,2017-11-02T15:54:15.000Z,0.131,0xc9d56287b414e1aa0963016aa721b527f095fd9c,sell,0x014b50466590340d41307cc54dcee990c8d58aa8,0xc1c186e1b6c0411da0997f0484cf0e34c8e06d37b45f709993a051af6bff6df6
1,206.432242,26.83619146,0xc9d56287b414e1aa0963016aa721b527f095fd9c,2017-11-02T15:54:15.000Z,0.13,0x852d5ca0bbc494ab17af762de4866b040529bee0,buy,0x014b50466590340d41307cc54dcee990c8d58aa8,0xc1c186e1b6c0411da0997f0484cf0e34c8e06d37b45f709993a051af6bff6df6
2,352.752621,46.210593351,0xd965952823153e5cbc611be87e8322cfc329f056,2017-11-02T15:53:46.000Z,0.131,0x65f2dddf638c7a7118b22d610c9aeba141f2467f,sell,0x014b50466590340d41307cc54dcee990c8d58aa8,0xb087deb1cb9321b9f74438015782e948ec66561f8a53f1b5f81bc5a40652705f
3,353.846153,46,0x65f2dddf638c7a7118b22d610c9aeba141f2467f,2017-11-02T15:53:46.000Z,0.13000000031086956,0x852d5ca0bbc494ab17af762de4866b040529bee0,buy,0x014b50466590340d41307cc54dcee990c8d58aa8,0xb087deb1cb9321b9f74438015782e948ec66561f8a53f1b5f81bc5a40652705f
4,3,0.387,0x65f2dddf638c7a7118b22d610c9aeba141f2467f,2017-11-02T15:46:25.000Z,0.129,0xf054e3e1e5fe5bd7d4e45454b7a90da51f8c8e68,buy,0x014b50466590340d41307cc54dcee990c8d58aa8,0xeece1a2f9712de14ba64a74834b1b842309002ca271a2fb68c0e35bfad72d018
5,2.990729,0.391785499,0xd965952823153e5cbc611be87e8322cfc329f056,2017-11-02T15:46:25.000Z,0.131,0x65f2dddf638c7a7118b22d610c9aeba141f2467f,sell,0x014b50466590340d41307cc54dcee990c8d58aa8,0xeece1a2f9712de14ba64a74834b1b842309002ca271a2fb68c0e35bfad72d018
6,1.53,0.1989,0xde7e14702b43ab77e29032ffd6e1916adf3ce206,2017-11-02T15:33:36.000Z,0.13,0x852d5ca0bbc494ab17af762de4866b040529bee0,buy,0x014b50466590340d41307cc54dcee990c8d58aa8,0xb18c88349052335087af8bd4bda6ab61a157017a72e53f4ad301acb2bc3b2c1a
7,10.226403,1.380564405,0x5450486d16e9d06896ed870c88d031f5f74b1e53,2017-11-02T15:30:07.000Z,0.135,0xf44072eda87ede9613b6ae1b812de8a60ade27a2,sell,0x014b50466590340d41307cc54dcee990c8d58aa8,0xc74657a601e15a53ef9ea837d966b747bf65359799fc1c105703c44ac89896ec
8,10.257175,1.33343275,0xf44072eda87ede9613b6ae1b812de8a60ade27a2,2017-11-02T15:30:07.000Z,0.13,0x852d5ca0bbc494ab17af762de4866b040529bee0,buy,0x014b50466590340d41307cc54dcee990c8d58aa8,0xc74657a601e15a53ef9ea837d966b747bf65359799fc1c105703c44ac89896ec
9,18.088,2.35144,0xf44072eda87ede9613b6ae1b812de8a60ade27a2,2017-11-02T15:30:07.000Z,0.13,0x852d5ca0bbc494ab17af762de4866b040529bee0,buy,0x014b50466590340d41307cc54dcee990c8d58aa8,0x6090ea93204cf50c4d36bb8d0b375c65e3d15a0d02d99e60baa502217e27f334
10,18.033736,2.43455436,0x7675a9f900597ab0bec3b4806b5beec7a296a964,2017-11-02T15:30:07.000Z,0.135,0xf44072eda87ede9613b6ae1b812de8a60ade27a2,sell,0x014b50466590340d41307cc54dcee990c8d58aa8,0x6090ea93204cf50c4d36bb8d0b375c65e3d15a0d02d99e60baa502217e27f334
11,4.326,0.566706,0xfd26f25d6588b752a90e600aff038a654d64a42c,2017-11-02T12:45:19.000Z,0.131,0x53e97535b685fe9af462699ac9541a07f91e2844,buy,0x014b50466590340d41307cc54dcee990c8d58aa8,0x3526c7240499feaa37b75eeef3bcc6720ddda69e537c7266de4c71f5ba7a2246
12,3,0.393,0x77c3db040f79ae46a91529a667c03ab484b37116,2017-11-02T12:41:55.000Z,0.131,0x53e97535b685fe9af462699ac9541a07f91e2844,buy,0x014b50466590340d41307cc54dcee990c8d58aa8,0xec43bf562ea6b4ddc2f860370216432aad8488be1bfa9e69d1c524ec53fda99a
13,11.456128,1.500752768,0xd965952823153e5cbc611be87e8322cfc329f056,2017-11-02T12:29:30.000Z,0.131,0xd452583ce5f9f930e6aac906276f52070ca2a338,sell,0x014b50466590340d41307cc54dcee990c8d58aa8,0xa60c248d1475f595a9477bb1a31afcca1255c70ac4b364cb564219c06a706a64
14,8.484848,1.119999936,0x8de7dfe645e11b73a67952bb35b56e86da2513de,2017-11-02T12:28:06.000Z,0.132,0xd452583ce5f9f930e6aac906276f52070ca2a338,sell,0x014b50466590340d41307cc54dcee990c8d58aa8,0x58c998d482d9557110bb6e69dadcf24983454e3c594a83180011340d39001eba
15,1.16879,0.16947462865118135,0xc8b239e2a20eb1aa99831ddb3b65100c715e7188,2017-11-02T07:22:48.000Z,0.14500006729282536,0x047ebf07d41d2074e3c590216f650a6e4e8dc99b,buy,0x014b50466590340d41307cc54dcee990c8d58aa8,0x25e2191415ca7f36f1623949385f49cf4f5117585aeacd02072e4bf976fb1b32
16,4,0.58,0xdb95ffc525554da455565b6f68c2c3b0b74e8a16,2017-11-02T06:01:26.000Z,0.145,0x047ebf07d41d2074e3c590216f650a6e4e8dc99b,buy,0x014b50466590340d41307cc54dcee990c8d58aa8,0xfe2759575f9f12ca4eeda480f35c9a65d75e77028f9bd96905c1fb8b2e3cacfc
17,0.025728,0.003936384,0x9ca21704f04cae2df1ed85b9c8904ecc7f98da02,2017-11-02T04:08:10.000Z,0.153,0xfd26f25d6588b752a90e600aff038a654d64a42c,sell,0x014b50466590340d41307cc54dcee990c8d58aa8,0xecedf99da966f5c2ca3a1f2034318e701af588f2c70617d76b6176c29f33219d
18,3.2,0.489594704,0x9ca21704f04cae2df1ed85b9c8904ecc7f98da02,2017-11-02T03:55:25.000Z,0.152998345,0xd2c0c1146009a1a2021b46c074bed3939dee3d87,buy,0x014b50466590340d41307cc54dcee990c8d58aa8,0xcde0e66854877be107fad9be94d87782cc47cdd8df77b7991c95fa920a28de1b
19,6,0.9293722692,0x541e350501dd562d2e6d61ef0b60050eb11c09e7,2017-11-01T22:48:36.000Z,0.1548953782,0x852d5ca0bbc494ab17af762de4866b040529bee0,buy,0x014b50466590340d41307cc54dcee990c8d58aa8,0xe2f32714cfa338224d7845e5e38a0aba3c90f39df8f10a332f59d4b5f25906d9
20,11,1.7038491602,0x7ee6aca306d9f09abd8475df8775926931d5d971,2017-11-01T19:19:40.000Z,0.1548953782,0x852d5ca0bbc494ab17af762de4866b040529bee0,buy,0x014b50466590340d41307cc54dcee990c8d58aa8,0x03d39f86754c1270d70076c842120e36b93c66ff20067520cc1162d9b81a5255
21,0.004626,0.000716660119629149,0x7ee6aca306d9f09abd8475df8775926931d5d971,2017-11-01T19:07:13.000Z,0.1549200431537287,0x852d5ca0bbc494ab17af762de4866b040529bee0,buy,0x014b50466590340d41307cc54dcee990c8d58aa8,0xff45c4b37e7130babe9cb0afa4d1eef605bbee58cd603c775c019709501741c8
22,19.428823,2.52574699,0xd965952823153e5cbc611be87e8322cfc329f056,2017-11-01T14:15:01.000Z,0.13,0xd452583ce5f9f930e6aac906276f52070ca2a338,sell,0x014b50466590340d41307cc54dcee990c8d58aa8,0x328fd21d000a4fc8e4775f80ed7fa6bef1d378eaef559bb18256847a52422859
23,8.985582,1.275952644,0x047ebf07d41d2074e3c590216f650a6e4e8dc99b,2017-11-01T13:43:01.000Z,0.142,0xd452583ce5f9f930e6aac906276f52070ca2a338,sell,0x014b50466590340d41307cc54dcee990c8d58aa8,0x84bb5e0babf0fa6e3d31ed5fdb3fb06b107bac0a1d6e22aaf0b48c9e4cf137b8
24,221.939074,32.18116573,0xd965952823153e5cbc611be87e8322cfc329f056,2017-11-01T13:38:17.000Z,0.145,0xb4698f607e62047cfe85ec6a0818231adb143a76,sell,0x014b50466590340d41307cc54dcee990c8d58aa8,0xb471f53c921b3af2d7251daffb0c77dc0d297e79d093de166798ec76467068ce
25,0.001698,0.00024621,0xd965952823153e5cbc611be87e8322cfc329f056,2017-11-01T13:36:36.000Z,0.145,0xd452583ce5f9f930e6aac906276f52070ca2a338,sell,0x014b50466590340d41307cc54dcee990c8d58aa8,0xbb9029817b37cdc1556c6c2df77bad1d2e1b93790188c4d09bade51030daeebb
26,17.035759,2.470185055,0xd965952823153e5cbc611be87e8322cfc329f056,2017-11-01T13:16:45.000Z,0.145,0xd452583ce5f9f930e6aac906276f52070ca2a338,sell,0x014b50466590340d41307cc54dcee990c8d58aa8,0xfeea431ae4adbc77fd1d771a22832aa0d48953f518b6dd627b0f3ef0a100276c
27,20,2.9,0xd965952823153e5cbc611be87e8322cfc329f056,2017-11-01T13:15:31.000Z,0.145,0xd452583ce5f9f930e6aac906276f52070ca2a338,sell,0x014b50466590340d41307cc54dcee990c8d58aa8,0xab92aff68cbe9c1e4ceb235592c706035217a8c4b77f2c9d0a0e552e5b8fef7e
28,6,0.87,0x047ebf07d41d2074e3c590216f650a6e4e8dc99b,2017-11-01T13:10:18.000Z,0.145,0xd452583ce5f9f930e6aac906276f52070ca2a338,sell,0x014b50466590340d41307cc54dcee990c8d58aa8,0x914436271099b6016e1700319cad820988a4f5b747683774d1d28f842e3c553f
29,6.81,0.9874500681,0xd45ce4403a2cca7478cca9a229357bc8fe4409c5,2017-11-01T13:08:17.000Z,0.14500001,0xd452583ce5f9f930e6aac906276f52070ca2a338,sell,0x014b50466590340d41307cc54dcee990c8d58aa8,0x6caf9481ca71c80f5f5eadc7168e38f6c0255497a4765c2320a75fb88c7ab161
30,1,0.147,0x88f94b76fd6bebd7ae8ecd6ef73dca5e5ad8aa18,2017-11-01T13:07:19.000Z,0.147,0xd452583ce5f9f930e6aac906276f52070ca2a338,sell,0x014b50466590340d41307cc54dcee990c8d58aa8,0x1536b360e8c04abe84c3211c1ae94b107c98a1e9e736e73e2263ac21a3fbdc9f
31,0.741065,0.11708828192602931,0x8ab51f3a47dea7cab9f6324f8a89f2f1b6ede07d,2017-11-01T12:44:37.000Z,0.1580000160930948,0xdb4436ad8c854a763925aaabaa7e7fe1b5854e9a,buy,0x014b50466590340d41307cc54dcee990c8d58aa8,0x17b0a9c41ea7be7379b7eda52a75406b0bd2ed955e86aa750d6cfd12d49a6c9b
32,23,3.634,0x8ab51f3a47dea7cab9f6324f8a89f2f1b6ede07d,2017-11-01T12:43:11.000Z,0.158,0xdb4436ad8c854a763925aaabaa7e7fe1b5854e9a,buy,0x014b50466590340d41307cc54dcee990c8d58aa8,0xc97ce0608d3fda3fd2269b92a57c87c310bdfe00d8950ced5bb16381bfb57e2a
33,1,0.157,0x8ab51f3a47dea7cab9f6324f8a89f2f1b6ede07d,2017-11-01T12:39:16.000Z,0.157,0xd452583ce5f9f930e6aac906276f52070ca2a338,buy,0x014b50466590340d41307cc54dcee990c8d58aa8,0xbebf4fdb491df5a4608850a83882095dbf735ecb25391d04ddfe9662a906a1bb
34,4.724,0.75583990552,0x672cc0fcc76980bb1d529870407f93c8b249bb7e,2017-11-01T11:34:23.000Z,0.15999998,0x7a165055a41151ba289112ff20a9a46e46a59301,buy,0x014b50466590340d41307cc54dcee990c8d58aa8,0xfa813c45a9229cf97e9de1aa9accfad69c5faf31630f0d7af2adfeec07f3b3f4
35,1.275724,0.21049454694447214,0x672cc0fcc76980bb1d529870407f93c8b249bb7e,2017-11-01T11:21:49.000Z,0.1650000681530426,0x047ebf07d41d2074e3c590216f650a6e4e8dc99b,buy,0x014b50466590340d41307cc54dcee990c8d58aa8,0x9aeebc4da37a01f7ad8bdca254707f75912cdf9900ee638b051898ad5d402a29
36,9.963612,1.4945418,0x047ebf07d41d2074e3c590216f650a6e4e8dc99b,2017-11-01T07:31:37.000Z,0.15,0x03174ab3010e35565f6b7bdcc380684b90f2bd86,sell,0x014b50466590340d41307cc54dcee990c8d58aa8,0x15b36e142b60db0a11854bdab88006f75f040f88d4cb1b78578fcebc61174dd4
37,0.004,0.00064,0x32832d0bde3b88edc6beff6bd1c0c9294c28e22c,2017-11-01T05:12:26.000Z,0.16,0xb4698f607e62047cfe85ec6a0818231adb143a76,buy,0x014b50466590340d41307cc54dcee990c8d58aa8,0x59fe990cdc503d0856d254e87df066bf2b86625a107c91bebc1513e9a42af032
38,0.996909,0.15950553284817068,0x32832d0bde3b88edc6beff6bd1c0c9294c28e22c,2017-11-01T04:49:10.000Z,0.1600000931360542,0xb4698f607e62047cfe85ec6a0818231adb143a76,buy,0x014b50466590340d41307cc54dcee990c8d58aa8,0x553ae37c84674d9ac9a221206b8cd85e34c8c5650b4d8b6c14df13366acc6e83
39,2.715,0.393675,0xd965952823153e5cbc611be87e8322cfc329f056,2017-11-01T00:48:57.000Z,0.145,0xb4698f607e62047cfe85ec6a0818231adb143a76,sell,0x014b50466590340d41307cc54dcee990c8d58aa8,0x70c9e58e2eed0230d5c67bcd42ad20f1809923c4c24b129f3d8218b6ddae988b
40,6,0.87,0x047ebf07d41d2074e3c590216f650a6e4e8dc99b,2017-11-01T00:47:14.000Z,0.145,0xb4698f607e62047cfe85ec6a0818231adb143a76,sell,0x014b50466590340d41307cc54dcee990c8d58aa8,0x54acf77c51fae6a9d2c2e86ec2fed0f6906ce19f8b483e54f4c6ffc456e824cf
41,0.995,0.14925,0x179db9068c45e6617c13176c4c5082c9e5e347fc,2017-11-01T00:38:55.000Z,0.15,0xb4698f607e62047cfe85ec6a0818231adb143a76,sell,0x014b50466590340d41307cc54dcee990c8d58aa8,0x622480147ba72dbe621fadd3e3c47da5b61ebc6fa7a15a0390c9f21d87de7416
42,57.222609,8.297278305,0xd965952823153e5cbc611be87e8322cfc329f056,2017-11-01T00:37:09.000Z,0.145,0x766a7857764d74c364f1644c6b0abe9f1dce148e,sell,0x014b50466590340d41307cc54dcee990c8d58aa8,0x4d2ec2449e9d1157c9a9f811a0f5340e00b43c0466af6ae99959d9ad9612d30b
43,7,1.12,0x5acca8e15f3ab7a93e49e77487e1e4e623b94148,2017-10-31T16:42:46.000Z,0.16,0xb4698f607e62047cfe85ec6a0818231adb143a76,buy,0x014b50466590340d41307cc54dcee990c8d58aa8,0x2a4e8f962fc9d6a56523f82bd5cda0bdbfd1f14dbe5c9e22a1b5f111a6975c1b
44,0.00457,0.0006855,0x179db9068c45e6617c13176c4c5082c9e5e347fc,2017-10-31T15:23:25.000Z,0.15,0xaef43bf6eb629d5bc30abeec6832656240f31333,sell,0x014b50466590340d41307cc54dcee990c8d58aa8,0xbfcc5d843691140d8b5a0ef88f17f6d7d2003ec2fddc44f7a68da6f3130c5305
45,45.837902,6.64649579,0xd965952823153e5cbc611be87e8322cfc329f056,2017-10-31T15:21:42.000Z,0.145,0xaef43bf6eb629d5bc30abeec6832656240f31333,sell,0x014b50466590340d41307cc54dcee990c8d58aa8,0x3a1a67e785efcba8292d0b18eb29835a6b810935b99b859d5bac42b9bdc3dbac
46,2.2,0.38258,0x77c3db040f79ae46a91529a667c03ab484b37116,2017-10-31T13:44:33.000Z,0.1739,0xb4698f607e62047cfe85ec6a0818231adb143a76,buy,0x014b50466590340d41307cc54dcee990c8d58aa8,0x0789dc715f5a0f3172f49da4efd3201da8849dc7a11ada550b35ae792fd2476f
47,0.884,0.1536392,0x77c3db040f79ae46a91529a667c03ab484b37116,2017-10-31T13:43:19.000Z,0.1738,0xdb95ffc525554da455565b6f68c2c3b0b74e8a16,buy,0x014b50466590340d41307cc54dcee990c8d58aa8,0xea67cf9a7748ba52dee0f681476643876a2224b716752c8c9feeffa7a15a7893
48,0.001,0.0001738,0x6cdea8e07bf82d7a07dbf36642d6e5be8623845c,2017-10-31T11:33:08.000Z,0.1738,0xdb95ffc525554da455565b6f68c2c3b0b74e8a16,buy,0x014b50466590340d41307cc54dcee990c8d58aa8,0x7ff8ac78aad8369be8a68e0856aacbff2d75be35e2a0362d873fd38937a5ccfe
49,4.3,0.74777,0x5acca8e15f3ab7a93e49e77487e1e4e623b94148,2017-10-31T10:44:28.000Z,0.1739,0xb4698f607e62047cfe85ec6a0818231adb143a76,buy,0x014b50466590340d41307cc54dcee990c8d58aa8,0xae74143c805456f8002544e292f843280fbcd72c2975e9480aa0c44e3d64120a
50,1.3,0.22607,0x77c3db040f79ae46a91529a667c03ab484b37116,2017-10-31T10:12:27.000Z,0.1739,0xb4698f607e62047cfe85ec6a0818231adb143a76,buy,0x014b50466590340d41307cc54dcee990c8d58aa8,0xb2e2876cce2967532c11931da50f0111bd592851ed2974198481e7e34c1b4d76
51,1.8,0.31302,0x5acca8e15f3ab7a93e49e77487e1e4e623b94148,2017-10-31T09:59:08.000Z,0.1739,0xb4698f607e62047cfe85ec6a0818231adb143a76,buy,0x014b50466590340d41307cc54dcee990c8d58aa8,0x3755c092b23b7d19939da918267e557b88456c58abb8c14b16e676ca731d4715
52,5,0.8695,0x7ee6aca306d9f09abd8475df8775926931d5d971,2017-10-30T21:49:39.000Z,0.1739,0xb4698f607e62047cfe85ec6a0818231adb143a76,buy,0x014b50466590340d41307cc54dcee990c8d58aa8,0x7e613a4fc41e0228ec3c46e116f06c1a956b8eefb5e7d9e9bbf376998c56ac92
53,1,0.1738,0x5acca8e15f3ab7a93e49e77487e1e4e623b94148,2017-10-30T21:22:24.000Z,0.1738,0x1099b992dffe76b4bdface01f3516aaca6309544,buy,0x014b50466590340d41307cc54dcee990c8d58aa8,0x1216071eb6804f54632bea514430ba0c31d5ddc74b2ba81fcb39b66aaa9f83c7
54,220.186951,31.927107895,0xd965952823153e5cbc611be87e8322cfc329f056,2017-10-30T19:14:35.000Z,0.145,0xb4698f607e62047cfe85ec6a0818231adb143a76,sell,0x014b50466590340d41307cc54dcee990c8d58aa8,0xbb5d97b41967ab5ea81e7e8ed3a1232e3a450884d3ce34b47858ddd05ff95e2d
55,299.813049,43.472892105,0xd965952823153e5cbc611be87e8322cfc329f056,2017-10-30T19:12:53.000Z,0.145,0xb4698f607e62047cfe85ec6a0818231adb143a76,sell,0x014b50466590340d41307cc54dcee990c8d58aa8,0x91ab166feb3166bcfc2f1bb037a1a3d89f0eabefc57903cd6fb112a362df2320
56,0.01,0.001738,0x94b0bf6dd676f7b4884557735945b927535fd822,2017-10-30T18:57:47.000Z,0.1738,0x1099b992dffe76b4bdface01f3516aaca6309544,buy,0x014b50466590340d41307cc54dcee990c8d58aa8,0xdd56be7c586ebed3388f7b71ba9b281c5bd51c6c93580254714afcb753e29c28
57,79.881,11.582745,0xd965952823153e5cbc611be87e8322cfc329f056,2017-10-30T16:07:31.000Z,0.145,0xf81293057dbdf357ca96a281e6b792b830d77d9f,sell,0x014b50466590340d41307cc54dcee990c8d58aa8,0x726d8a2ad2b999a3ddff2dfcf26b08f86c98a550812c0f08d1f772430a598d37
58,16.4,2.46,0x8de7dfe645e11b73a67952bb35b56e86da2513de,2017-10-30T16:07:25.000Z,0.15,0xf81293057dbdf357ca96a281e6b792b830d77d9f,sell,0x014b50466590340d41307cc54dcee990c8d58aa8,0x2ab1101afdcd85ddb6fe531b8c4d4f6990ada5d228748389bb540a624de2084d
59,0.118632,0.01720164,0xd965952823153e5cbc611be87e8322cfc329f056,2017-10-30T14:48:29.000Z,0.145,0xc81d30440c361135cc53b17834418bfb5a293bbf,sell,0x014b50466590340d41307cc54dcee990c8d58aa8,0x8c3040e75aec5519d00c0de113a69ccd2cc10bece9c7e10e0eeb9db36a72a132
60,98.606534,15.28401277,0xd965952823153e5cbc611be87e8322cfc329f056,2017-10-30T14:26:30.000Z,0.155,0xe69c0ec93893cb3ddd03b390c8bb206290b057f4,buy,0x014b50466590340d41307cc54dcee990c8d58aa8,0xc16a23bc43ea7706a2facbd729405b8c14f55be346c0a20a632e57a7847a368d
61,100,15,0xd965952823153e5cbc611be87e8322cfc329f056,2017-10-30T14:22:14.000Z,0.15,0xe69c0ec93893cb3ddd03b390c8bb206290b057f4,buy,0x014b50466590340d41307cc54dcee990c8d58aa8,0x52412097de5ba2eb2c87e65898d2a6443426d1a9865a26d4fed7cbf19fcd18d8
62,100,14.999,0xd965952823153e5cbc611be87e8322cfc329f056,2017-10-30T14:22:14.000Z,0.14999,0xe69c0ec93893cb3ddd03b390c8bb206290b057f4,buy,0x014b50466590340d41307cc54dcee990c8d58aa8,0x21ea0bc575c64e3d582f88788798eb382853131e7928120c5d867c25bef32ace
63,8.344803,1.2099965145711664,0xdcd1965f236729943b371c018c2eb0f2d03fa43a,2017-10-30T13:51:58.000Z,0.1450000095354158,0xb4698f607e62047cfe85ec6a0818231adb143a76,buy,0x014b50466590340d41307cc54dcee990c8d58aa8,0xa994b220709aee2b3a8d37dc9dea20ac4fb32f0f73b274287582482741e620d9
64,300,43.5,0xdcd1965f236729943b371c018c2eb0f2d03fa43a,2017-10-30T13:50:26.000Z,0.145,0xb4698f607e62047cfe85ec6a0818231adb143a76,buy,0x014b50466590340d41307cc54dcee990c8d58aa8,0x0f02dd6654926d4592a2d193a4747ee34291e16c2a9d2041ac987aed5ff266fe
65,6,0.87,0xaa151d751268ae155df114b49facff0f34422e82,2017-10-30T12:56:35.000Z,0.145,0xb4698f607e62047cfe85ec6a0818231adb143a76,buy,0x014b50466590340d41307cc54dcee990c8d58aa8,0xe85fb57fce621027c570fd55a8832a904409d289d61148d6afbc46bc1b87541a
66,0.550019,0.07975276642408534,0x98735bc6dfb6f8750fdaf25f87ff17eece7ed574,2017-10-30T12:46:15.000Z,0.14500002077034674,0xb4698f607e62047cfe85ec6a0818231adb143a76,buy,0x014b50466590340d41307cc54dcee990c8d58aa8,0x160cabfdccb79589d7095e6b5bcf4c5d1a2478f7a1b4a9a38332f5f0d461dd09
67,14.66,2.1257,0x62b5eb093fce6dc00ecbc8e36e4514988c4ceee4,2017-10-30T11:52:18.000Z,0.145,0xb4698f607e62047cfe85ec6a0818231adb143a76,buy,0x014b50466590340d41307cc54dcee990c8d58aa8,0xa1a564dc7cef11c38c513b7184b4ae455ff6bd0e4dbe2f31cb245903260f8c75
68,18.321642,2.656638133274632,0x63f33ced02429eca601622520cc0d8088891e330,2017-10-30T11:27:51.000Z,0.1450000023619407,0xb4698f607e62047cfe85ec6a0818231adb143a76,buy,0x014b50466590340d41307cc54dcee990c8d58aa8,0x7e8bdef6258e41fccc668d0309d716ce9d6db6131729efd975e5e35a3ba9e1b4
69,0.000496,0.000070432248,0xdcd1965f236729943b371c018c2eb0f2d03fa43a,2017-10-30T11:11:14.000Z,0.1420005,0x719f4e8a8c2b766b4268a8f39491f28a8cfe16f5,sell,0x014b50466590340d41307cc54dcee990c8d58aa8,0xd1c60702cea272111980c94dd0addb53f764b8998bfa553e8ab828c72e008374
70,4.969549,0.7056784427745,0xdcd1965f236729943b371c018c2eb0f2d03fa43a,2017-10-30T11:10:07.000Z,0.1420005,0x719f4e8a8c2b766b4268a8f39491f28a8cfe16f5,sell,0x014b50466590340d41307cc54dcee990c8d58aa8,0x37537f7ee6684c8a693ddcd2d17aa91529b6242791f41b1ffede956e504b84e7
71,0.015,0.002193,0xcea5ed954aaa3ebaf325f8bc71a344d6d2633712,2017-10-30T10:57:03.000Z,0.1462,0x719f4e8a8c2b766b4268a8f39491f28a8cfe16f5,sell,0x014b50466590340d41307cc54dcee990c8d58aa8,0xe83b67f17b6e98328300347e719f1641c4b34293cbce30131eae9012f12e3735
72,5,0.725,0x719f4e8a8c2b766b4268a8f39491f28a8cfe16f5,2017-10-30T10:54:58.000Z,0.145,0xb4698f607e62047cfe85ec6a0818231adb143a76,buy,0x014b50466590340d41307cc54dcee990c8d58aa8,0xa51ad7e7a1d26a2c11a574b67635ac583f9463d8b984649fc08067e4a078f1a8
73,3.346802,0.4852863643265368,0x62b5eb093fce6dc00ecbc8e36e4514988c4ceee4,2017-10-30T10:48:01.000Z,0.1450000222082265,0xb4698f607e62047cfe85ec6a0818231adb143a76,buy,0x014b50466590340d41307cc54dcee990c8d58aa8,0x9fe817a05b852ee027ea22f1ebdc65befc756573194f1a05451691fff827e01a
74,30.767383,4.461270607516778,0x63f33ced02429eca601622520cc0d8088891e330,2017-10-30T10:00:07.000Z,0.14500000235693683,0xb4698f607e62047cfe85ec6a0818231adb143a76,buy,0x014b50466590340d41307cc54dcee990c8d58aa8,0xdee3c9f3483ebe4371fd0abf4f0d778aab6973286f5f2b303429a1924ec0bc64
75,64.5,9.3525,0x8ab51f3a47dea7cab9f6324f8a89f2f1b6ede07d,2017-10-30T09:24:56.000Z,0.145,0xb4698f607e62047cfe85ec6a0818231adb143a76,buy,0x014b50466590340d41307cc54dcee990c8d58aa8,0x69766090e18806c539926459de80f1d8ec1c336264b106304a903008823db73b
76,13,1.885,0xfee3f93205105e7bb40673acdcc673336270ec5f,2017-10-30T06:18:50.000Z,0.145,0xb4698f607e62047cfe85ec6a0818231adb143a76,buy,0x014b50466590340d41307cc54dcee990c8d58aa8,0xdc4f0e3ecc04539f73c5400e5a919de933f9fb8d3506b735c4db0ed4bdd9c5f4
77,0.226882,0.0328980161499352,0xfee3f93205105e7bb40673acdcc673336270ec5f,2017-10-30T06:01:09.000Z,0.14500055601561693,0xb4698f607e62047cfe85ec6a0818231adb143a76,buy,0x014b50466590340d41307cc54dcee990c8d58aa8,0x51dc84ae70d7ad89a642f03af6f14c56cc6b1d8ee21198a710f536a4c2aa6e73
78,10,1.45,0x109b91033eddfec5797a27114319d95c4c95c0d9,2017-10-30T02:17:49.000Z,0.145,0xb4698f607e62047cfe85ec6a0818231adb143a76,buy,0x014b50466590340d41307cc54dcee990c8d58aa8,0x9fe64b88b47d3c58e3dca6437ca2107b61d481248a707501070f3fe3ce2c01cb
79,10,1.4501,0x71bd7a67fdbdd22f299d5f0a42ebcd05973223b7,2017-10-30T01:11:23.000Z,0.14501,0xb4698f607e62047cfe85ec6a0818231adb143a76,sell,0x014b50466590340d41307cc54dcee990c8d58aa8,0xaaad1ec14c7d628f94fe3a5d80e01a76df21840c301ad0728d076112f22cce80
80,500,72.5,0xdcd1965f236729943b371c018c2eb0f2d03fa43a,2017-10-30T01:09:12.000Z,0.145,0xb4698f607e62047cfe85ec6a0818231adb143a76,sell,0x014b50466590340d41307cc54dcee990c8d58aa8,0x9cdc38cf939d459d8be50016b5e52a2219474a230ac2cc288b74470e4782859c
81,4.985,0.728807,0xcea5ed954aaa3ebaf325f8bc71a344d6d2633712,2017-10-30T01:05:43.000Z,0.1462,0xd2ea382e498316d91b9de8557670149b479721a0,sell,0x014b50466590340d41307cc54dcee990c8d58aa8,0xbf707171f2e050b33c6dbafe1bb7234b4b4ee3bfb240d8646da3daf6b1e6ccf9
82,3.988,0.5834444,0xdb95ffc525554da455565b6f68c2c3b0b74e8a16,2017-10-30T01:05:43.000Z,0.1463,0xd2ea382e498316d91b9de8557670149b479721a0,sell,0x014b50466590340d41307cc54dcee990c8d58aa8,0x1ba9baaff901bbca2a4273899e23033735d6d324bb5922aeccdba013da9dc67b
83,5,0.725,0xd2ea382e498316d91b9de8557670149b479721a0,2017-10-30T01:05:43.000Z,0.145,0xb4698f607e62047cfe85ec6a0818231adb143a76,buy,0x014b50466590340d41307cc54dcee990c8d58aa8,0xbf707171f2e050b33c6dbafe1bb7234b4b4ee3bfb240d8646da3daf6b1e6ccf9
84,4,0.58,0xd2ea382e498316d91b9de8557670149b479721a0,2017-10-30T01:05:43.000Z,0.145,0xb4698f607e62047cfe85ec6a0818231adb143a76,buy,0x014b50466590340d41307cc54dcee990c8d58aa8,0x1ba9baaff901bbca2a4273899e23033735d6d324bb5922aeccdba013da9dc67b
85,1,0.165,0xdb95ffc525554da455565b6f68c2c3b0b74e8a16,2017-10-29T19:48:41.000Z,0.165,0xe69c0ec93893cb3ddd03b390c8bb206290b057f4,buy,0x014b50466590340d41307cc54dcee990c8d58aa8,0x04c5e4d54d459312b670c2189532e98b6bf18288096f1ce2ddfafa07d0c8b144
86,0.4,0.068,0xdb95ffc525554da455565b6f68c2c3b0b74e8a16,2017-10-29T17:47:58.000Z,0.17,0xe69c0ec93893cb3ddd03b390c8bb206290b057f4,buy,0x014b50466590340d41307cc54dcee990c8d58aa8,0x15c4da4185048e7eb9aeaca53be62bc1a3db46b7ecc63274568f00e24f75eaec
87,4,0.697996,0xcea5ed954aaa3ebaf325f8bc71a344d6d2633712,2017-10-29T15:57:13.000Z,0.174499,0xb4698f607e62047cfe85ec6a0818231adb143a76,buy,0x014b50466590340d41307cc54dcee990c8d58aa8,0xf9db34690b9b0faeb20adaed51a7816c7617a46ca3ad26e5dc47dc7815fdc1df
88,0.01,0.00174499,0x0b773d7819259d78757b26dc4148812d35676d8f,2017-10-29T15:35:51.000Z,0.174499,0xb4698f607e62047cfe85ec6a0818231adb143a76,buy,0x014b50466590340d41307cc54dcee990c8d58aa8,0x8b1e0b4de99db5aedd13545bf29f66ec3fedb037602bcf02123fec545bd97a78
89,0.499,0.087325,0x634c282bce4392ee4c8b75ca24216fd329ad512f,2017-10-29T14:10:59.000Z,0.175,0xdb95ffc525554da455565b6f68c2c3b0b74e8a16,sell,0x014b50466590340d41307cc54dcee990c8d58aa8,0x88845ce070a70cd92bd38a44533e92291efbf790ce9eadd5fd4f8dc9af293cde
90,15,2.625,0x634c282bce4392ee4c8b75ca24216fd329ad512f,2017-10-29T13:02:44.000Z,0.175,0xdb4436ad8c854a763925aaabaa7e7fe1b5854e9a,buy,0x014b50466590340d41307cc54dcee990c8d58aa8,0xb20c3b1e9f4edeb7248f7701d1c4da2bc8e755a81a97ec0efe338fae8e6001ba
91,3,0.5359485,0xa8d39347f3cadda48a2bafb0805f262f1764fd5c,2017-10-29T00:20:16.000Z,0.1786495,0x816e9359ea847839e0be4c18218e6658a1ac3662,buy,0x014b50466590340d41307cc54dcee990c8d58aa8,0xd582fc3ae5b661b52bfeef32fae5b5ea0cc83041bebaed4de2117813fe27f5dd
92,5.674,0.96458,0xa8d39347f3cadda48a2bafb0805f262f1764fd5c,2017-10-29T00:18:44.000Z,0.17,0x16ea1f673e01419ba9af51365b88138ac492489a,buy,0x014b50466590340d41307cc54dcee990c8d58aa8,0xe2324ce00aa65797b3cedcc0d89d81cb9013037d13e491887576d948e19df91b
93,2.7,0.459,0xa8d39347f3cadda48a2bafb0805f262f1764fd5c,2017-10-28T23:42:59.000Z,0.17,0x16ea1f673e01419ba9af51365b88138ac492489a,buy,0x014b50466590340d41307cc54dcee990c8d58aa8,0x7ac1fe696f5faf87a2aef0d5fe2a4f0d2cdb73d6b6db1f904929db23a3ea3c6c
94,49.125508,8.351336501133385,0xb91abf41e68962b11a408ecd0c9ae8f697ef1d73,2017-10-28T23:34:51.000Z,0.17000000287291453,0x16ea1f673e01419ba9af51365b88138ac492489a,buy,0x014b50466590340d41307cc54dcee990c8d58aa8,0x6deccb271c6539a47af0e7720a4f5c55c44e4a209803f3147ec6bb1355bad242
95,4,0.68,0xa8d39347f3cadda48a2bafb0805f262f1764fd5c,2017-10-28T22:49:36.000Z,0.17,0x16ea1f673e01419ba9af51365b88138ac492489a,buy,0x014b50466590340d41307cc54dcee990c8d58aa8,0x6a366509de38554945c2fe26af5f20f055e733731a5a0489f7f6e8c8e977a778
96,11.5,1.955,0xa8d39347f3cadda48a2bafb0805f262f1764fd5c,2017-10-28T22:48:29.000Z,0.17,0x16ea1f673e01419ba9af51365b88138ac492489a,buy,0x014b50466590340d41307cc54dcee990c8d58aa8,0xf8f392f04fdb97e077a05430e95c0e25436c0caf07a5a9f2e66b7bf1c8163334
97,1,0.1786495,0x49d5ad43314e611bb927896f9fcadebcd42acbc6,2017-10-28T19:10:59.000Z,0.1786495,0xdb95ffc525554da455565b6f68c2c3b0b74e8a16,sell,0x014b50466590340d41307cc54dcee990c8d58aa8,0x0e4317ab14892f5ec47fd2bf594a673a25ecc918f1d9ba7f8a5e8c358a5a5197
98,3,0.438,0xdb95ffc525554da455565b6f68c2c3b0b74e8a16,2017-10-28T16:50:05.000Z,0.146,0x1ed014aec47fae44c9e55bac7662c0b78ae61798,sell,0x014b50466590340d41307cc54dcee990c8d58aa8,0xb30f12c3042fa707569d44af328cd4fdd07a70b240ca8661c36552c608d36de2
99,0.39,0.0624,0xdb95ffc525554da455565b6f68c2c3b0b74e8a16,2017-10-28T16:23:56.000Z,0.16,0xf054e3e1e5fe5bd7d4e45454b7a90da51f8c8e68,buy,0x014b50466590340d41307cc54dcee990c8d58aa8,0x3aa5e0bea3fa240028d37a14306805e7f389c2bd3e036c0fd5889b32e41f1c08
100,52.4,8.908,0xb91abf41e68962b11a408ecd0c9ae8f697ef1d73,2017-10-28T15:48:03.000Z,0.17,0xfd26f25d6588b752a90e600aff038a654d64a42c,buy,0x014b50466590340d41307cc54dcee990c8d58aa8,0x6c519cc8ab33a435ec0b5781858ff5178fa61f02faf58697f93455693f39ae87
101,52.4,7.598,0xfd26f25d6588b752a90e600aff038a654d64a42c,2017-10-28T13:34:00.000Z,0.145,0xb5331318bf5a573be2f043a91daed22615374f33,buy,0x014b50466590340d41307cc54dcee990c8d58aa8,0x26e969eaddd638f5f2c7c2977d2842e351f5d1cd0f019fc6ef3500c36b30dfc6
102,7,1.015,0x273a5d3e6721b9f5c1a6474f560c1334c63dda01,2017-10-28T13:19:12.000Z,0.145,0xb5331318bf5a573be2f043a91daed22615374f33,buy,0x014b50466590340d41307cc54dcee990c8d58aa8,0x87d47627115e16edbbc55f3aa679cb7b76db64df58a98ce1cda97c8bbd9d4c5d
103,6.979,1.04685,0x4213d9b38356c1bb9f552889bd5f05c36946173c,2017-10-28T13:19:12.000Z,0.15,0x273a5d3e6721b9f5c1a6474f560c1334c63dda01,sell,0x014b50466590340d41307cc54dcee990c8d58aa8,0x87d47627115e16edbbc55f3aa679cb7b76db64df58a98ce1cda97c8bbd9d4c5d
104,4.011,0.581595,0x4213d9b38356c1bb9f552889bd5f05c36946173c,2017-10-28T13:16:58.000Z,0.145,0x92989eb906d40c6385c9982b08c5953cbf763ab2,buy,0x014b50466590340d41307cc54dcee990c8d58aa8,0xaf92cff87c37522bd47ad3a31b857dc0f983dc5fe2424f87ca8860749ecfc255
105,3.009,0.436305,0xe0fda40ed2db6505c7d9b47249ef869031ae84cb,2017-10-28T12:30:57.000Z,0.145,0x92989eb906d40c6385c9982b08c5953cbf763ab2,buy,0x014b50466590340d41307cc54dcee990c8d58aa8,0xd91691de0f5481a2040fd1a0ca973f67a3a50929c8c19d9f3799d1deb8a9b975
106,3,0.438,0xdb95ffc525554da455565b6f68c2c3b0b74e8a16,2017-10-28T12:30:57.000Z,0.146,0xe0fda40ed2db6505c7d9b47249ef869031ae84cb,sell,0x014b50466590340d41307cc54dcee990c8d58aa8,0xd91691de0f5481a2040fd1a0ca973f67a3a50929c8c19d9f3799d1deb8a9b975
107,100,16,0xb91abf41e68962b11a408ecd0c9ae8f697ef1d73,2017-10-28T09:43:47.000Z,0.16,0xdb4436ad8c854a763925aaabaa7e7fe1b5854e9a,buy,0x014b50466590340d41307cc54dcee990c8d58aa8,0x71108bf45129c0df747212650434dd38f6e65488d16167499213b20b77a210d9
108,4.055397,0.6853622115452994,0x0791f497a59d28e3da86a268be11d8a99b0f2824,2017-10-28T07:00:07.000Z,0.16900002923149063,0x92989eb906d40c6385c9982b08c5953cbf763ab2,buy,0x014b50466590340d41307cc54dcee990c8d58aa8,0x71e43da5378a8a7b12f09d73870153956eb3b72ff46cda1ede8a821be00b02f6
109,4.692959,0.767298948772647,0xb91abf41e68962b11a408ecd0c9ae8f697ef1d73,2017-10-27T21:08:52.000Z,0.16350003244704397,0xb4698f607e62047cfe85ec6a0818231adb143a76,buy,0x014b50466590340d41307cc54dcee990c8d58aa8,0x343b90ba14c2f40926b4150dd0246a5afeefa92eeaec65fd6c724be3291390a7
110,2.863616,0.41522432,0x189f830792ef2d997c278681f645de9f37549f67,2017-10-27T16:16:40.000Z,0.145,0xdb95ffc525554da455565b6f68c2c3b0b74e8a16,sell,0x014b50466590340d41307cc54dcee990c8d58aa8,0x8e61d925fb9a5ddf7217a3e84c26c813d94fefbbf590dbf709034acf667bb6fc
111,0.000214,0.00003103,0x189f830792ef2d997c278681f645de9f37549f67,2017-10-27T16:09:59.000Z,0.145,0xdb95ffc525554da455565b6f68c2c3b0b74e8a16,sell,0x014b50466590340d41307cc54dcee990c8d58aa8,0xe9f73013cdb50954857af5a949c69672bed075009ebdb97255ebc798eed080d1
112,2.13617,0.30974465,0x189f830792ef2d997c278681f645de9f37549f67,2017-10-27T15:49:26.000Z,0.145,0xdb95ffc525554da455565b6f68c2c3b0b74e8a16,sell,0x014b50466590340d41307cc54dcee990c8d58aa8,0x533eacd6fce871b0c691ce0041117ca0be8476d23f1eff513145d3992fea5bf5
113,2.254,0.3381,0x189f830792ef2d997c278681f645de9f37549f67,2017-10-27T15:48:30.000Z,0.15,0xdb95ffc525554da455565b6f68c2c3b0b74e8a16,sell,0x014b50466590340d41307cc54dcee990c8d58aa8,0xa274c11868b63f42144f4a4a37eaedcc9bb463b09eaf931ad561cd4c64317198
114,11.2,1.8312,0x5acca8e15f3ab7a93e49e77487e1e4e623b94148,2017-10-27T13:12:46.000Z,0.1635,0xb4698f607e62047cfe85ec6a0818231adb143a76,buy,0x014b50466590340d41307cc54dcee990c8d58aa8,0xdf09f03de9d1fd678e0b6d893b8b8a23d96ea30f254f98303f4d7905ab81a00d
115,20,2.900002,0xb91abf41e68962b11a408ecd0c9ae8f697ef1d73,2017-10-27T12:54:13.000Z,0.1450001,0xdb4436ad8c854a763925aaabaa7e7fe1b5854e9a,sell,0x014b50466590340d41307cc54dcee990c8d58aa8,0x9fae8becb8366b95e2cc139881253dd73f6c1328c8460cb03e2f44b3a9acc50a
116,20,2.900002,0xb91abf41e68962b11a408ecd0c9ae8f697ef1d73,2017-10-27T12:54:02.000Z,0.1450001,0xdb4436ad8c854a763925aaabaa7e7fe1b5854e9a,sell,0x014b50466590340d41307cc54dcee990c8d58aa8,0x9fae8becb8366b95e2cc139881253dd73f6c1328c8460cb03e2f44b3a9acc50a
117,45.322759,6.571800055,0xdcd1965f236729943b371c018c2eb0f2d03fa43a,2017-10-27T12:54:02.000Z,0.145,0xdb4436ad8c854a763925aaabaa7e7fe1b5854e9a,sell,0x014b50466590340d41307cc54dcee990c8d58aa8,0x2b664a7fb2ae474531052c348312445c9edab55a59dc1c48c4965e743b3ff966
118,0.001286,0.00018647,0xdcd1965f236729943b371c018c2eb0f2d03fa43a,2017-10-27T11:26:47.000Z,0.145,0xdb4436ad8c854a763925aaabaa7e7fe1b5854e9a,sell,0x014b50466590340d41307cc54dcee990c8d58aa8,0xe02286b31d55b9506d2368d715e1f23af954e5363b9837cb328d419fce20355b
119,6,0.981,0xd8e4d645a7d53352c4268afa783888356a5f5c7f,2017-10-27T11:20:43.000Z,0.1635,0xb4698f607e62047cfe85ec6a0818231adb143a76,buy,0x014b50466590340d41307cc54dcee990c8d58aa8,0xf7fc62be12c8ab9a8edb7086f287a4ab7b5fc83ad8e8e4445a41854c40467191
120,12.888877,1.868887165,0xdcd1965f236729943b371c018c2eb0f2d03fa43a,2017-10-27T10:58:35.000Z,0.145,0xdb4436ad8c854a763925aaabaa7e7fe1b5854e9a,sell,0x014b50466590340d41307cc54dcee990c8d58aa8,0x2fdad34d34de6d23a8492f0859b259ab559cbb10314a7b6a1129cb8a610c6ed4
121,6,0.981,0x5acca8e15f3ab7a93e49e77487e1e4e623b94148,2017-10-27T09:53:39.000Z,0.1635,0xb4698f607e62047cfe85ec6a0818231adb143a76,buy,0x014b50466590340d41307cc54dcee990c8d58aa8,0x2f45e4e10f7800f561d48acb31629ec488d92332d0d182d80efa1d5a21f8930e
122,2.5,0.405975,0x5acca8e15f3ab7a93e49e77487e1e4e623b94148,2017-10-27T09:23:07.000Z,0.16239,0x013d7472ed7df856ebe9a023a58bbdcd6e574b32,buy,0x014b50466590340d41307cc54dcee990c8d58aa8,0xeab7808bef6fc3ed53aeaff961fc141dce7264a40718e7e1a26cd2b81ccc6773
123,3.095931,0.5027791944,0x5acca8e15f3ab7a93e49e77487e1e4e623b94148,2017-10-27T09:23:07.000Z,0.1624,0x01a45f7fbf7453092e49b6db137568f9cfab8ead,buy,0x014b50466590340d41307cc54dcee990c8d58aa8,0xe5b7b1b973a5ac4d7fff869a92909f907282de52d9e8b0244ed42e6ffce44f43
124,4.11308,0.6679642042396282,0xa0b353a270f68ea2d32e52d78509396c4e71fd46,2017-10-27T02:35:36.000Z,0.16240000297578172,0x01a45f7fbf7453092e49b6db137568f9cfab8ead,buy,0x014b50466590340d41307cc54dcee990c8d58aa8,0x6271faf61f72da1243e271a841abdf949e6b556f8f93ef360c2b6d109ba7f10a
125,2.745987,0.41189805,0x189f830792ef2d997c278681f645de9f37549f67,2017-10-27T00:58:50.000Z,0.15,0x31d807e1ed35f84248341461c6a2c44db722877b,sell,0x014b50466590340d41307cc54dcee990c8d58aa8,0x51cbddb6e0801157fbf7467211418f4c03756ec0bf1d37f3052f327226d3c22d
126,1.995046,0.3239956135978467,0xa8d39347f3cadda48a2bafb0805f262f1764fd5c,2017-10-27T00:11:09.000Z,0.16240007177671426,0x01a45f7fbf7453092e49b6db137568f9cfab8ead,buy,0x014b50466590340d41307cc54dcee990c8d58aa8,0xacab93293b30916ee3ee570efd6445a4347c5c8b6f085f30e0cdb8f6b692fdb5
127,3.981227,0.577277915,0xdcd1965f236729943b371c018c2eb0f2d03fa43a,2017-10-26T20:33:21.000Z,0.145,0x13e51b999b4a0d106929bfff86d65675a05c8cbc,sell,0x014b50466590340d41307cc54dcee990c8d58aa8,0xdea3d0cd9becee7e594b90be00880a80f35d06fcd1c6ccba4e87ecd9f766a711
128,9.80959,1.42239055,0xdcd1965f236729943b371c018c2eb0f2d03fa43a,2017-10-26T17:04:15.000Z,0.145,0xac66e3c8c61d7523e7f98a81adac50c393dcf7d6,sell,0x014b50466590340d41307cc54dcee990c8d58aa8,0xf88ca7e359811e9380e792dca5b1c962e6ae26d7637a9036874b270fc08df0cf
129,1.499352,0.21740604,0xdcd1965f236729943b371c018c2eb0f2d03fa43a,2017-10-26T16:28:19.000Z,0.145,0x8de7dfe645e11b73a67952bb35b56e86da2513de,sell,0x014b50466590340d41307cc54dcee990c8d58aa8,0x65b3b2d60a566e52f557969292a5d7c6d4e4f40dd0a491bd818513e7c70ad461
130,20,2.9,0xdcd1965f236729943b371c018c2eb0f2d03fa43a,2017-10-26T16:02:59.000Z,0.145,0x01a45f7fbf7453092e49b6db137568f9cfab8ead,sell,0x014b50466590340d41307cc54dcee990c8d58aa8,0xb3706ccdc72e35d46191902d68305e814e07e89f43217518200054613cc06e9e
131,5.2,0.754,0xdcd1965f236729943b371c018c2eb0f2d03fa43a,2017-10-26T15:48:51.000Z,0.145,0xdb95ffc525554da455565b6f68c2c3b0b74e8a16,sell,0x014b50466590340d41307cc54dcee990c8d58aa8,0x2d0715625fd083a7e7d519faf158d6afefb6f19ab8dd9fbfbc298aefe40debd7
132,0.3,0.0435,0xdcd1965f236729943b371c018c2eb0f2d03fa43a,2017-10-26T15:33:38.000Z,0.145,0xdb95ffc525554da455565b6f68c2c3b0b74e8a16,sell,0x014b50466590340d41307cc54dcee990c8d58aa8,0xcc7bd87a8e5a5c8656c0309fb6de94bb09b08ae1ce36163c143bcabe90a8690c
133,0.996909,0.144551805,0xdcd1965f236729943b371c018c2eb0f2d03fa43a,2017-10-26T15:15:57.000Z,0.145,0xfb7cb1ae4ff72de5e8cbb25539cf251cd97135e7,sell,0x014b50466590340d41307cc54dcee990c8d58aa8,0x10669883610e637bbb6b4d56531e2ed4ebbbed813ab6d3198038748a3ea6654c
134,1.504,0.20304,0x8de7dfe645e11b73a67952bb35b56e86da2513de,2017-10-26T08:16:01.000Z,0.135,0x0a820f0e62f1e3efdc49d0de3295f5e1baa44308,buy,0x014b50466590340d41307cc54dcee990c8d58aa8,0x5b21a8458f1cae4510e4131ce50a0b656a7a00e43d781728d6325362fbfced3d
135,1.0966,0.148041,0xdcd1965f236729943b371c018c2eb0f2d03fa43a,2017-10-26T03:33:21.000Z,0.135,0x54b59cbea68b581f1fa6ae1c3d5ea0643e8e2378,sell,0x014b50466590340d41307cc54dcee990c8d58aa8,0x7a31c3dcdc61efb4b24a6ddff8845447e7bc22a9484da10aa1a13f49f7ef3a29
136,72.10704,11.789501051227353,0x59764939ea1d14070fc6c3a6e33daae001680f2f,2017-10-26T01:13:03.000Z,0.16350000015570398,0xb4698f607e62047cfe85ec6a0818231adb143a76,buy,0x014b50466590340d41307cc54dcee990c8d58aa8,0x5982f98c8385e0a4a84d5109b7118a59558ad44867f3e138e28561be98e79b1d
137,50,8.15,0x59764939ea1d14070fc6c3a6e33daae001680f2f,2017-10-26T01:10:27.000Z,0.163,0x66ceba64f61a28492552ac6ef517394b870bada5,buy,0x014b50466590340d41307cc54dcee990c8d58aa8,0x4ffce9447f6e4916b119c97e2d43d3f4faeb9a8f3e68fe72ec2e5226506768aa
138,0.03,0.00489,0xedf5de3807d23e5d85b0caa1e10d52b85c2a6965,2017-10-25T23:38:50.000Z,0.163,0x0a820f0e62f1e3efdc49d0de3295f5e1baa44308,buy,0x014b50466590340d41307cc54dcee990c8d58aa8,0x099fb82ec7815550862e437b4e2e20d86dca1a653d1de0e6cf6b84c5a4f2f833
139,20.675904,2.79124704,0xdcd1965f236729943b371c018c2eb0f2d03fa43a,2017-10-25T20:20:41.000Z,0.135,0x84da012178f25c195b958e078c1e9184e7c2936a,sell,0x014b50466590340d41307cc54dcee990c8d58aa8,0xd293494c28f7e596283595b587be85d7e35027a255242d90fd92f83eca67f000
140,6,0.984,0xaa151d751268ae155df114b49facff0f34422e82,2017-10-25T17:43:31.000Z,0.164,0x66ceba64f61a28492552ac6ef517394b870bada5,buy,0x014b50466590340d41307cc54dcee990c8d58aa8,0x03f6a1d1976f798b07d69f78e7e3d816512358279d2784ba6a915061103715a4
141,183.56,26.6162,0xdcd1965f236729943b371c018c2eb0f2d03fa43a,2017-10-25T15:27:45.000Z,0.145,0xdb4436ad8c854a763925aaabaa7e7fe1b5854e9a,sell,0x014b50466590340d41307cc54dcee990c8d58aa8,0x3c5a1756b8ae1699f562987f0b3986ee18b4b521c1669cfaf6bcc8fbff18e5a8
142,8.275,1.199875,0xdcd1965f236729943b371c018c2eb0f2d03fa43a,2017-10-25T15:20:15.000Z,0.145,0xdb95ffc525554da455565b6f68c2c3b0b74e8a16,sell,0x014b50466590340d41307cc54dcee990c8d58aa8,0x72420cf03d8f0ecd45c95a29e6db36efa5176d8bc67b8e4c3fd61a1655b90cc5
143,8.164688,1.18387976,0xdcd1965f236729943b371c018c2eb0f2d03fa43a,2017-10-25T14:40:17.000Z,0.145,0x22e4c3ceea3b8e8838b4c084e6c9353f338a0258,sell,0x014b50466590340d41307cc54dcee990c8d58aa8,0xbbf02ead945e2648d007244236937ac8c46d2622bec82f7fb8c4f31896b00c5b
144,83.471,13.73097783058,0xdcd1965f236729943b371c018c2eb0f2d03fa43a,2017-10-25T14:09:40.000Z,0.16449998,0x7a165055a41151ba289112ff20a9a46e46a59301,buy,0x014b50466590340d41307cc54dcee990c8d58aa8,0xa499cfd348b6f1ae018a10d5ee2b5e58528e4eb1664523d3922f5d67d9e83300
145,6.114996,1.0059168707082073,0x63f33ced02429eca601622520cc0d8088891e330,2017-10-25T12:53:47.000Z,0.16450000469472217,0x7a165055a41151ba289112ff20a9a46e46a59301,buy,0x014b50466590340d41307cc54dcee990c8d58aa8,0xcd9b26563eedbed73ee1de8ea3d277f893f5987a54c9554476f36d457353dd9d
146,5,0.822,0x63f33ced02429eca601622520cc0d8088891e330,2017-10-25T12:52:06.000Z,0.1644,0x3af61a665a2220c11a1a8504f5d68f630790f106,buy,0x014b50466590340d41307cc54dcee990c8d58aa8,0xc41b699176832366827c5a5ed049e96d6cf294f0e533210b9aa4a07bef126e2b
147,1,0.1643,0x8ab51f3a47dea7cab9f6324f8a89f2f1b6ede07d,2017-10-25T11:25:49.000Z,0.1643,0x3916727abdf5f8febe9c4eac7c6a8194aa0dd978,buy,0x014b50466590340d41307cc54dcee990c8d58aa8,0xe8ec1bf93940876d292c972ccc79b5c7fee5ac9bc5603b80cf9d31cc07a144d7
148,1.994,0.3274148,0x8ab51f3a47dea7cab9f6324f8a89f2f1b6ede07d,2017-10-25T11:25:02.000Z,0.1642,0x06e07a9c2cd37c3dff049953c594b99599529459,buy,0x014b50466590340d41307cc54dcee990c8d58aa8,0xe0fdd01f5427609db1a30d205b792da5489f78291f348921f5a3dbe7f5f0dcff
149,5,0.8205,0x8ab51f3a47dea7cab9f6324f8a89f2f1b6ede07d,2017-10-25T11:19:08.000Z,0.1641,0xa4f14040ab8e25bb62f7d746bb2c34109232371f,buy,0x014b50466590340d41307cc54dcee990c8d58aa8,0x5b8a6ec1b863d4deca76502fef7a758ee2882768fe3b6e8048d7e68195dc8777
150,18,2.9556,0x8ab51f3a47dea7cab9f6324f8a89f2f1b6ede07d,2017-10-25T09:48:44.000Z,0.1642,0x06e07a9c2cd37c3dff049953c594b99599529459,buy,0x014b50466590340d41307cc54dcee990c8d58aa8,0xaa13108fdc629c194c0002a8377c15ce3395d02675963b2d5709e2b39c73852a
151,70.08,10.098528,0xdcd1965f236729943b371c018c2eb0f2d03fa43a,2017-10-24T19:59:32.000Z,0.1441,0x477faa7e5ad60b59ab3e0a63b2d271ec282da3c8,buy,0x014b50466590340d41307cc54dcee990c8d58aa8,0x7e6f7f60f857d63232a7202fd78807ddc50305c580909be6cc082439c70cbbda
152,150,21.75,0xdcd1965f236729943b371c018c2eb0f2d03fa43a,2017-10-24T13:48:40.000Z,0.145,0x29cb37a63111fe9e6107284c0b3e079451bc97bd,buy,0x014b50466590340d41307cc54dcee990c8d58aa8,0xff8e8b1e36deb803e746925e8d23ae607936cff1b623efa3fc9d6887e6e7b571
153,49,7.1001,0xdcd1965f236729943b371c018c2eb0f2d03fa43a,2017-10-24T13:47:09.000Z,0.1449,0x8b460fff38810444a4bf927300efb69325b3ebcb,buy,0x014b50466590340d41307cc54dcee990c8d58aa8,0xe95045cbfdf532bc125e4973d4861583d5581840df1d51f519b49f97ecbf7bc8
154,21,3.024,0xdcd1965f236729943b371c018c2eb0f2d03fa43a,2017-10-24T13:46:47.000Z,0.144,0xec21aa4b2f787ec674293f703afd03d89d018694,buy,0x014b50466590340d41307cc54dcee990c8d58aa8,0xea8e3442a5be515908769eec7f6182c336248a4897c671ea6850934c94957453
155,20,2.93908,0x10e9463d65ec8d2e064f35e90e3d634fb50f0ee3,2017-10-24T01:16:34.000Z,0.146954,0x01a45f7fbf7453092e49b6db137568f9cfab8ead,sell,0x014b50466590340d41307cc54dcee990c8d58aa8,0xecc648bd0545d4bf01651144bbad14d92ff6f00d1523e9f03eb63c68703345d1
156,2,0.329,0x49d5ad43314e611bb927896f9fcadebcd42acbc6,2017-10-24T01:11:01.000Z,0.1645,0x13e51b999b4a0d106929bfff86d65675a05c8cbc,sell,0x014b50466590340d41307cc54dcee990c8d58aa8,0x3a6f16e79e2cba4a2c306e916756c7afebab32150efbee837c41bd2623bc3f8a
157,2.121171,0.34893272771095185,0xa0b353a270f68ea2d32e52d78509396c4e71fd46,2017-10-24T00:31:52.000Z,0.1645000463003463,0xf81293057dbdf357ca96a281e6b792b830d77d9f,buy,0x014b50466590340d41307cc54dcee990c8d58aa8,0x8e9c4efa91cc4934a3b9dbea4015b7af2165c161cd49ea88873ab3296467f41b
158,0.001617,0.000266709640115641,0x1e3ef8b1672f7e1bcb6ec5d58f41d6c48338690a,2017-10-23T21:37:42.000Z,0.16494102666397092,0xf81293057dbdf357ca96a281e6b792b830d77d9f,buy,0x014b50466590340d41307cc54dcee990c8d58aa8,0x47584b0b9a421595732b29d7f766548fdc840c322e6588e1fe94d0375cdda587
159,0.000431,0.023536089123716478,0xb048ac577d33362ff6eafee0e89a593b81151551,2017-10-23T19:58:28.000Z,54.6080954146554,0x13e51b999b4a0d106929bfff86d65675a05c8cbc,buy,0x014b50466590340d41307cc54dcee990c8d58aa8,0x24484450fe76014628ca171adf6e0125862654e75f4812ac325445b34203bf1d
160,0.187,0.02992,0x6476f2d674fc49f89bb4686c1fb04e757a56158b,2017-10-23T19:48:21.000Z,0.16,0x8de7dfe645e11b73a67952bb35b56e86da2513de,sell,0x014b50466590340d41307cc54dcee990c8d58aa8,0x3cca898e723275f43b422162f1744a8e11635da35c915eb1ee5684a5a7b2f6d0
161,0.2,0.033,0xb048ac577d33362ff6eafee0e89a593b81151551,2017-10-23T19:48:21.000Z,0.165,0x8de7dfe645e11b73a67952bb35b56e86da2513de,sell,0x014b50466590340d41307cc54dcee990c8d58aa8,0x93bee2214199e1b38b31f82c0f728a948cb279a2d4759001ac9c081e8b847fc1
162,0.971584,0.16031136,0x080c629cbd109101bf58641e44830caaa08686a2,2017-10-23T19:47:50.000Z,0.165,0x8de7dfe645e11b73a67952bb35b56e86da2513de,sell,0x014b50466590340d41307cc54dcee990c8d58aa8,0x4258ad08f9694bdb6fcac8955df9b53d5a0e92acc8ec4a473b4a6127f8f4a8d8
163,0.000002,0.00000033,0x1d5321e125f6c7079a716705541c7b371ca79e69,2017-10-23T19:27:46.000Z,0.165,0x01a45f7fbf7453092e49b6db137568f9cfab8ead,buy,0x014b50466590340d41307cc54dcee990c8d58aa8,0x47d28bcd045dc1a76b15107f7186efd28fde3eeb2bdbda60cc61a672f12d15ac
164,0.000001,0.0000545,0x6476f2d674fc49f89bb4686c1fb04e757a56158b,2017-10-23T19:27:46.000Z,54.5,0x1d5321e125f6c7079a716705541c7b371ca79e69,sell,0x014b50466590340d41307cc54dcee990c8d58aa8,0x47d28bcd045dc1a76b15107f7186efd28fde3eeb2bdbda60cc61a672f12d15ac
165,0.673331,0.111099615,0x080c629cbd109101bf58641e44830caaa08686a2,2017-10-23T19:25:17.000Z,0.165,0x9550dad902ca7b47c5d2c0f9221f7eb7964e1941,sell,0x014b50466590340d41307cc54dcee990c8d58aa8,0x1dfbdcb157e45e30043160fbbbb68cb2567e3d8847d7db44e31461105e452b5c
166,0.675419,0.11144427719130696,0x9550dad902ca7b47c5d2c0f9221f7eb7964e1941,2017-10-23T19:21:58.000Z,0.16500021052310784,0x01a45f7fbf7453092e49b6db137568f9cfab8ead,buy,0x014b50466590340d41307cc54dcee990c8d58aa8,0xd17df309086acc09644615d58e29c3a62318f9db313441706ff0669ff0011766
167,0.000522,0.00008613,0x273a5d3e6721b9f5c1a6474f560c1334c63dda01,2017-10-23T19:21:33.000Z,0.165,0x01a45f7fbf7453092e49b6db137568f9cfab8ead,buy,0x014b50466590340d41307cc54dcee990c8d58aa8,0x16b920c505c3e00d5c391ed8ef6149f53c8a32517ff1f7c5da3269f41c9786f7
168,0.00052,0.02834,0x6476f2d674fc49f89bb4686c1fb04e757a56158b,2017-10-23T19:21:33.000Z,54.5,0x273a5d3e6721b9f5c1a6474f560c1334c63dda01,sell,0x014b50466590340d41307cc54dcee990c8d58aa8,0x16b920c505c3e00d5c391ed8ef6149f53c8a32517ff1f7c5da3269f41c9786f7
169,0.173478,9.454551,0x6476f2d674fc49f89bb4686c1fb04e757a56158b,2017-10-23T19:21:11.000Z,54.5,0x273a5d3e6721b9f5c1a6474f560c1334c63dda01,sell,0x014b50466590340d41307cc54dcee990c8d58aa8,0xf2ab97d86a385d68b038a9d98b550a205618ff68a9a635133c7251af3132646e
170,0.174,0.048198,0x273a5d3e6721b9f5c1a6474f560c1334c63dda01,2017-10-23T19:21:11.000Z,0.277,0x7a165055a41151ba289112ff20a9a46e46a59301,buy,0x014b50466590340d41307cc54dcee990c8d58aa8,0xf2ab97d86a385d68b038a9d98b550a205618ff68a9a635133c7251af3132646e
171,32.974,4.847178,0x8de7dfe645e11b73a67952bb35b56e86da2513de,2017-10-23T15:34:56.000Z,0.147,0xd2c0c1146009a1a2021b46c074bed3939dee3d87,sell,0x014b50466590340d41307cc54dcee990c8d58aa8,0xaec86542df8f32b322edf1a83c91e9af53d730eaf2009221deda2c3b4ae7ea85
172,18,2.655,0x63f33ced02429eca601622520cc0d8088891e330,2017-10-23T15:34:46.000Z,0.1475,0xd2c0c1146009a1a2021b46c074bed3939dee3d87,sell,0x014b50466590340d41307cc54dcee990c8d58aa8,0xf6ab5dcc082055768965ee41051da09781a0a702b8016aa48e12860672b34bd0
173,8.703,1.278940662,0x8de7dfe645e11b73a67952bb35b56e86da2513de,2017-10-23T07:47:48.000Z,0.146954,0x1e264b9a293919294225d49374fd223e665b3cb8,buy,0x014b50466590340d41307cc54dcee990c8d58aa8,0x7c5552e5d98673856b1c49502f23343fb91e93108584b31087a9866c6258accf
174,0.007322,0.001069012,0x10e9463d65ec8d2e064f35e90e3d634fb50f0ee3,2017-10-23T00:23:43.000Z,0.146,0xfa4e68227b19e6150dc1cf2095658efc86951753,sell,0x014b50466590340d41307cc54dcee990c8d58aa8,0xd051c9533ca59211c121acc4697bb54edfedebda9799dff91e8cd97708fe8bc3
175,73.441235,10.72242031,0x10e9463d65ec8d2e064f35e90e3d634fb50f0ee3,2017-10-23T00:21:30.000Z,0.146,0xfa4e68227b19e6150dc1cf2095658efc86951753,sell,0x014b50466590340d41307cc54dcee990c8d58aa8,0x4c9ccc4feeceb7c6deb7814131a2b21349f6e39b2c6a1d56d8ecfe88ef5aad72
176,50,7.3025,0xd4f756dadd2eb06bd14066a882f611636bf16129,2017-10-23T00:19:55.000Z,0.14605,0xfa4e68227b19e6150dc1cf2095658efc86951753,sell,0x014b50466590340d41307cc54dcee990c8d58aa8,0x62b19d52e16bdfd4e9286f0207fcca0682371a822f375210149baddf115f316b
177,49.033996,7.207997412,0x10e9463d65ec8d2e064f35e90e3d634fb50f0ee3,2017-10-23T00:19:19.000Z,0.147,0xfa4e68227b19e6150dc1cf2095658efc86951753,sell,0x014b50466590340d41307cc54dcee990c8d58aa8,0xa2dcc2187db68a9eeca6c9c059930aa7f7d3b8e8792f8a914545294a9a22730e
178,9.969095,1.465456965,0x10e9463d65ec8d2e064f35e90e3d634fb50f0ee3,2017-10-22T23:21:22.000Z,0.147,0x87a8f137b97c570a90629c1d0e1721e674f69def,sell,0x014b50466590340d41307cc54dcee990c8d58aa8,0x7b0453928fbcce2d91976d6e92d3d55e99663369d47413e3a4cb64d692701411
179,10,1.5,0x10e9463d65ec8d2e064f35e90e3d634fb50f0ee3,2017-10-22T21:08:21.000Z,0.15,0x8b7f894ff437f084cbd49fd86fcccebdd8d57fc6,buy,0x014b50466590340d41307cc54dcee990c8d58aa8,0xa4aee8f7652e83806f8384601597959b0009738aff0b715d3713fbb1b7f310f4
180,0.996909,0.146545623,0x10e9463d65ec8d2e064f35e90e3d634fb50f0ee3,2017-10-22T20:28:22.000Z,0.147,0xd40cd8ad0879201b4c42b9726078f7d1f58a6bf6,sell,0x014b50466590340d41307cc54dcee990c8d58aa8,0x5fb89682a947d06a6d5dc1be3d7f62bb0addc594f7f018b456ec07110c73996e
181,43.829,6.57435,0x10e9463d65ec8d2e064f35e90e3d634fb50f0ee3,2017-10-22T20:03:42.000Z,0.15,0xdb4436ad8c854a763925aaabaa7e7fe1b5854e9a,sell,0x014b50466590340d41307cc54dcee990c8d58aa8,0x90bc1c238d68d27230c5e2d4e9428acd370168bc58b23f77279705f5196807b8
182,6.17087,0.9256305,0x10e9463d65ec8d2e064f35e90e3d634fb50f0ee3,2017-10-22T20:01:42.000Z,0.15,0xbe2ec7ad46db9612cd68506af4db659bcf43d910,sell,0x014b50466590340d41307cc54dcee990c8d58aa8,0x5fb094945329b118405a2568958295634fc8481605c9fccb7ee0ead68f541379
183,22.734,3.22834167,0xd4f756dadd2eb06bd14066a882f611636bf16129,2017-10-22T17:58:22.000Z,0.142005,0xd2c0c1146009a1a2021b46c074bed3939dee3d87,sell,0x014b50466590340d41307cc54dcee990c8d58aa8,0x35e9cc5e8aee46b3223ace147972ef9f357791d727716a023327c89328578ab2
184,0.723905,0.103663196,0xa0e8d87e5caf8424c86c8d95d99d6394dc04ad22,2017-10-22T17:58:09.000Z,0.1432,0xd2c0c1146009a1a2021b46c074bed3939dee3d87,sell,0x014b50466590340d41307cc54dcee990c8d58aa8,0xdd49a8c8e5c745c6fa3f36ea657a617496ea98325769bf03ebd2b983c2b5dc1d
185,0.008,0.00116,0x8de7dfe645e11b73a67952bb35b56e86da2513de,2017-10-22T17:57:54.000Z,0.145,0xd2c0c1146009a1a2021b46c074bed3939dee3d87,sell,0x014b50466590340d41307cc54dcee990c8d58aa8,0x76751b2bc43195eb052bf83528f563b6946be7a71982ad63c353c5962f5e743c
186,23,3.45,0x4213d9b38356c1bb9f552889bd5f05c36946173c,2017-10-22T16:55:38.000Z,0.15,0xd2c0c1146009a1a2021b46c074bed3939dee3d87,sell,0x014b50466590340d41307cc54dcee990c8d58aa8,0xe1ba4cb4c1c2ff545fa8b2b4abcd02e7f12cab87c418a3f8d15be2da6fa969b9
187,4,0.7145984,0xa0e8d87e5caf8424c86c8d95d99d6394dc04ad22,2017-10-21T22:17:14.000Z,0.1786496,0x7a165055a41151ba289112ff20a9a46e46a59301,buy,0x014b50466590340d41307cc54dcee990c8d58aa8,0x2f062f7b0bc8e31c30bec6b2fefb2db2f9432abd756345e0d4e547b593c7268b
188,3,0.5359488,0xcea5ed954aaa3ebaf325f8bc71a344d6d2633712,2017-10-21T18:41:39.000Z,0.1786496,0x7a165055a41151ba289112ff20a9a46e46a59301,buy,0x014b50466590340d41307cc54dcee990c8d58aa8,0x49eab02b41e7fc5a2eadabc665cd9c00ad3b7a154e00ec6e3bbee52fb0440a06
189,6.798923,0.965481060615,0xd4f756dadd2eb06bd14066a882f611636bf16129,2017-10-21T07:22:02.000Z,0.142005,0x19483b5625d476d10ed355a3dc0801583f755c36,sell,0x014b50466590340d41307cc54dcee990c8d58aa8,0x4d7e0414c09571edd6d84974d7f840636123850c12368989ab0b903c00caf370
190,15.467052,2.19639871926,0xd4f756dadd2eb06bd14066a882f611636bf16129,2017-10-21T03:23:29.000Z,0.142005,0xd6e628823296a7deabf7387f420bbc6d6c50f3b1,sell,0x014b50466590340d41307cc54dcee990c8d58aa8,0x0f5b09f0ccc0355570bf0fbeeb31a6585304d0445b689c362763dd3c9a9b2f38
191,35,4.97175,0xd4f756dadd2eb06bd14066a882f611636bf16129,2017-10-21T00:33:40.000Z,0.14205,0xd6e628823296a7deabf7387f420bbc6d6c50f3b1,sell,0x014b50466590340d41307cc54dcee990c8d58aa8,0xd36ae422badc6de42c9553cb688d1afea2ef70ad5e8809bd4dfbf0614bd55bef
192,15.018804,2.252820642186255,0xd4f756dadd2eb06bd14066a882f611636bf16129,2017-10-20T23:06:56.000Z,0.15000000280889578,0xe69c0ec93893cb3ddd03b390c8bb206290b057f4,buy,0x014b50466590340d41307cc54dcee990c8d58aa8,0xf4441df550f6bf993ffbd20504d29f9179019bd24868278d2d8dc27edcd3f130
193,37.271195,5.590679357813745,0x8de7dfe645e11b73a67952bb35b56e86da2513de,2017-10-20T22:47:42.000Z,0.1500000028926828,0xe69c0ec93893cb3ddd03b390c8bb206290b057f4,buy,0x014b50466590340d41307cc54dcee990c8d58aa8,0xefd5cb86475999a7334e22c8f29904d16d825a601346b8f9e5762b089a5949b8
194,13.974941,2.0962411884927055,0x8de7dfe645e11b73a67952bb35b56e86da2513de,2017-10-20T22:36:04.000Z,0.15000000275440914,0xe69c0ec93893cb3ddd03b390c8bb206290b057f4,buy,0x014b50466590340d41307cc54dcee990c8d58aa8,0x56e660b8eb8771306e9f3eef8684bdf4f18c66a64094ee89faee3dbd4dc981b3
195,36.025058,5.403758811507295,0x8de7dfe645e11b73a67952bb35b56e86da2513de,2017-10-20T22:13:47.000Z,0.15000000309527037,0xe69c0ec93893cb3ddd03b390c8bb206290b057f4,buy,0x014b50466590340d41307cc54dcee990c8d58aa8,0x3e45933b210d193bd5e1209566bc487e9abb50a4ef64dcf707847f96ad6f63e7
196,8.95,1.3425,0xdb95ffc525554da455565b6f68c2c3b0b74e8a16,2017-10-20T21:38:22.000Z,0.15,0xe69c0ec93893cb3ddd03b390c8bb206290b057f4,buy,0x014b50466590340d41307cc54dcee990c8d58aa8,0xdd2a718c2de5af34b0c47d31f139501eb16bbbdaa063ef5a1474f906de0721fb
197,7,1.05,0xdb95ffc525554da455565b6f68c2c3b0b74e8a16,2017-10-20T21:23:25.000Z,0.15,0xe69c0ec93893cb3ddd03b390c8bb206290b057f4,buy,0x014b50466590340d41307cc54dcee990c8d58aa8,0x4e3d9f43018bec0bb9bb63de29baefa157f24f8b7bd0cdc51d7c10fc5e996dea
198,12.157,1.82342843,0xdb95ffc525554da455565b6f68c2c3b0b74e8a16,2017-10-20T21:22:23.000Z,0.14999,0xe69c0ec93893cb3ddd03b390c8bb206290b057f4,buy,0x014b50466590340d41307cc54dcee990c8d58aa8,0xa63c10dc5d6eaccee78afd631fadabb9656adfe1cdf23d1e544e97b4eedc70f8
199,34.030921,5.10463822967362,0x8de7dfe645e11b73a67952bb35b56e86da2513de,2017-10-20T21:21:27.000Z,0.15000000234121258,0xe69c0ec93893cb3ddd03b390c8bb206290b057f4,buy,0x014b50466590340d41307cc54dcee990c8d58aa8,0xfd50fa8e715d84a4855bd9d7e994ee67cc38345b422306867ff9ebeb0c4b1bf6
200,7,1.04993,0x109b91033eddfec5797a27114319d95c4c95c0d9,2017-10-20T21:14:10.000Z,0.14999,0xe69c0ec93893cb3ddd03b390c8bb206290b057f4,buy,0x014b50466590340d41307cc54dcee990c8d58aa8,0x68cdf7245b0a6cf059524fd72378116adb943219205565ff004c38b38c5f74c1
201,30.842601,4.626081856084711,0x8de7dfe645e11b73a67952bb35b56e86da2513de,2017-10-20T21:09:47.000Z,0.1499900042828655,0xe69c0ec93893cb3ddd03b390c8bb206290b057f4,buy,0x014b50466590340d41307cc54dcee990c8d58aa8,0x6e952d678a25da7893644424bceab8fc6110539dce9bae67247665fd575a6666
202,7.59838,1.1396810203131529,0xdb95ffc525554da455565b6f68c2c3b0b74e8a16,2017-10-20T21:06:15.000Z,0.1499900005413197,0xe69c0ec93893cb3ddd03b390c8bb206290b057f4,buy,0x014b50466590340d41307cc54dcee990c8d58aa8,0x98b3417d52b396788df020a4ad087bca404e93ccfdc6fcc28194e588c9c7f61c
203,28.182534,4.22709838573832,0x8de7dfe645e11b73a67952bb35b56e86da2513de,2017-10-20T20:56:44.000Z,0.14999000394138864,0xe69c0ec93893cb3ddd03b390c8bb206290b057f4,buy,0x014b50466590340d41307cc54dcee990c8d58aa8,0x2a4b4b86e516a6feeecc6eb2f75935f49e68c4525d25479ea346b803ccfa03d8
204,6.8,1.019932,0xdb95ffc525554da455565b6f68c2c3b0b74e8a16,2017-10-20T20:51:29.000Z,0.14999,0xe69c0ec93893cb3ddd03b390c8bb206290b057f4,buy,0x014b50466590340d41307cc54dcee990c8d58aa8,0xbb105b02baaa6975a6e9fe563c28b788a19529f46ba6e0b2c560613c00556233
205,13.493615,2.0239073410855357,0x8de7dfe645e11b73a67952bb35b56e86da2513de,2017-10-20T20:43:34.000Z,0.14999000201840174,0xe69c0ec93893cb3ddd03b390c8bb206290b057f4,buy,0x014b50466590340d41307cc54dcee990c8d58aa8,0x532c001cefbe2b4bcaaa5a89f08be8497ef30df4937842283827164cc0c1f550
206,12.097729,1.8145384290104762,0x8de7dfe645e11b73a67952bb35b56e86da2513de,2017-10-20T20:41:25.000Z,0.14999000465380538,0xe69c0ec93893cb3ddd03b390c8bb206290b057f4,buy,0x014b50466590340d41307cc54dcee990c8d58aa8,0x0dca687a7ece0c4061c79163d27b3604e78ec62e2ecaf3a7413eaf33df36e6c8
207,6.3,0.944937,0xdb95ffc525554da455565b6f68c2c3b0b74e8a16,2017-10-20T20:35:45.000Z,0.14999,0xe69c0ec93893cb3ddd03b390c8bb206290b057f4,buy,0x014b50466590340d41307cc54dcee990c8d58aa8,0xf003c2b06f17a3b4a01b550c0888d137a3c3593227b3b888af2796957ebbfc3f
208,10.900602,1.6349814040879982,0x8de7dfe645e11b73a67952bb35b56e86da2513de,2017-10-20T20:24:38.000Z,0.14999001010109334,0xe69c0ec93893cb3ddd03b390c8bb206290b057f4,buy,0x014b50466590340d41307cc54dcee990c8d58aa8,0x689cdd621b8d6930828e8cb73c5d29f07fe1a2aac2f77749e61991b0a32534da
209,0.326782,0.04901403743395474,0xd5e57674078817a6f5cb9811c7d23729e29c1aea,2017-10-20T20:22:29.000Z,0.14999001607785845,0xe69c0ec93893cb3ddd03b390c8bb206290b057f4,buy,0x014b50466590340d41307cc54dcee990c8d58aa8,0xad6155e444b66bd5a3cce084f013045286977f3021a1eb04f09e8238ec5bab2b
210,2,0.29998,0xd5e57674078817a6f5cb9811c7d23729e29c1aea,2017-10-20T20:21:33.000Z,0.14999,0xe69c0ec93893cb3ddd03b390c8bb206290b057f4,buy,0x014b50466590340d41307cc54dcee990c8d58aa8,0x6fdc82527496d636e459f4d55a625838b8b1229a610a67889be367ef5d35b2bd
211,5.6,0.839944,0xdb95ffc525554da455565b6f68c2c3b0b74e8a16,2017-10-20T20:17:29.000Z,0.14999,0xe69c0ec93893cb3ddd03b390c8bb206290b057f4,buy,0x014b50466590340d41307cc54dcee990c8d58aa8,0x5b973209edd1522809ddb48b6d87b9fc2a5d7d6ff1298413c257e8f1d4d61f43
212,3.323317,0.4984644067088951,0x8de7dfe645e11b73a67952bb35b56e86da2513de,2017-10-20T20:04:04.000Z,0.14999002704493586,0xe69c0ec93893cb3ddd03b390c8bb206290b057f4,buy,0x014b50466590340d41307cc54dcee990c8d58aa8,0x6afb991477a7d7e698f919d0cf88a36be375f6f29b23281c4e46c498b5ede859
213,0.060603,0.008908641,0x8de7dfe645e11b73a67952bb35b56e86da2513de,2017-10-20T20:01:49.000Z,0.147,0x01e5d52447d74fa40a21666f0240937b8e2265d1,buy,0x014b50466590340d41307cc54dcee990c8d58aa8,0x046f842e8458e5edbf9b6bec50aebcca7d9c5967d65057338dcc5ba70597c980
214,2.391,0.356259,0x8de7dfe645e11b73a67952bb35b56e86da2513de,2017-10-20T20:00:07.000Z,0.149,0x01e5d52447d74fa40a21666f0240937b8e2265d1,buy,0x014b50466590340d41307cc54dcee990c8d58aa8,0xc3d94a05393f3df6bdfa660727f94f95b2492b4004104bfb02e7876fcd2f5cdd
215,4,0.592,0x8de7dfe645e11b73a67952bb35b56e86da2513de,2017-10-20T19:59:59.000Z,0.148,0xbb7747ffd02119a29032c0f64d537103e45e0479,buy,0x014b50466590340d41307cc54dcee990c8d58aa8,0x915eabd2284d8478c8ae0cc2ceacdf430c0c2225df8ff4fbb471ee66674565c8
216,3.319067,0.48790292692652776,0x8de7dfe645e11b73a67952bb35b56e86da2513de,2017-10-20T19:43:48.000Z,0.1470000234784437,0x01e5d52447d74fa40a21666f0240937b8e2265d1,buy,0x014b50466590340d41307cc54dcee990c8d58aa8,0xaa45579180ff4876d13e0553e1ca48d51e1ebec0418b6578103318bab3379f89
217,0.4,0.05856,0x8de7dfe645e11b73a67952bb35b56e86da2513de,2017-10-20T19:41:50.000Z,0.1464,0x3efd9b0bd8e4595bc494539aca584821950106ee,buy,0x014b50466590340d41307cc54dcee990c8d58aa8,0x7e8485500cc1cf9c63aa7329055dba53d7de726e5e90c6e93f9170b220099d6b
218,5.12,0.75008,0x8de7dfe645e11b73a67952bb35b56e86da2513de,2017-10-20T19:40:51.000Z,0.1465,0x01e5d52447d74fa40a21666f0240937b8e2265d1,buy,0x014b50466590340d41307cc54dcee990c8d58aa8,0x9ddd6b8be2e24028f75eca1cb198d65aeb35cd2f17ec97550ae9c60803046088
219,0.02,0.0022,0x74f355aeddfe000c50701d15594e37af63fddaa4,2017-10-20T16:00:01.000Z,0.11,0x74f355aeddfe000c50701d15594e37af63fddaa4,sell,0x014b50466590340d41307cc54dcee990c8d58aa8,0xcb76a0d4e40ec68fb7138030341eecb27097919ab22aab154ad41cce6190f787
220,10,1.48,0x74f355aeddfe000c50701d15594e37af63fddaa4,2017-10-20T15:54:53.000Z,0.148,0xbb7747ffd02119a29032c0f64d537103e45e0479,buy,0x014b50466590340d41307cc54dcee990c8d58aa8,0x190bf8bdd8f2294cc068ce0dbdd97b3806e3a8e9ec51fc53e883bae5b834ecda
221,48,6.9599952,0x46dc6b56513ae75026900e7fd27aaf835cd0163a,2017-10-20T11:17:21.000Z,0.1449999,0x7a165055a41151ba289112ff20a9a46e46a59301,buy,0x014b50466590340d41307cc54dcee990c8d58aa8,0x4f65cde72ebb0b0dd40855087c47f8044260c12a9f54051731e9da35238d0bba
222,0.4,0.052,0x3efd9b0bd8e4595bc494539aca584821950106ee,2017-10-20T09:04:42.000Z,0.13,0x74f355aeddfe000c50701d15594e37af63fddaa4,buy,0x014b50466590340d41307cc54dcee990c8d58aa8,0xe414bfab9f7bcfce2d9c7834278f0cbd9d0c2c57c072e4d12906c9872c382375
223,0.3,0.039,0x3d3b47b44af95ad5e56dc9518d4de1d673f665f2,2017-10-20T00:57:26.000Z,0.13,0x74f355aeddfe000c50701d15594e37af63fddaa4,buy,0x014b50466590340d41307cc54dcee990c8d58aa8,0xdc3c5c8ea2e524ff35d067c5589c124635463fccca825675de768f468946a9d4
224,48.9,5.868,0xd4f756dadd2eb06bd14066a882f611636bf16129,2017-10-19T23:32:24.000Z,0.12,0x4bc673761bf3b4a8a40f389b0c5a87919b3d00a9,buy,0x014b50466590340d41307cc54dcee990c8d58aa8,0x1cee0b605d93b6be4712285501d43d8b53805d4d64c1e607a354fd85f06f3438
225,0.1,0.012,0x96373170538a83c7674ef92f41d195203a8abe09,2017-10-19T23:26:38.000Z,0.12,0x4bc673761bf3b4a8a40f389b0c5a87919b3d00a9,buy,0x014b50466590340d41307cc54dcee990c8d58aa8,0xb14deb6e3e14281f3222280d1192e586a0a3bcb8399e54911911d56cc982a8ea
226,86.99,10.87375,0xdcd1965f236729943b371c018c2eb0f2d03fa43a,2017-10-19T18:55:29.000Z,0.125,0x0506147fbdd0cfa8ca62a072c141cff0536c3925,buy,0x014b50466590340d41307cc54dcee990c8d58aa8,0x671bec24289657c075aaf2e1a42ae81af5f6c91cd8e872ee047e956217fc3912
227,105,13.1249895,0xdcd1965f236729943b371c018c2eb0f2d03fa43a,2017-10-19T18:54:50.000Z,0.1249999,0x7a165055a41151ba289112ff20a9a46e46a59301,buy,0x014b50466590340d41307cc54dcee990c8d58aa8,0x03f52bca5b517923c7af389c46e9dfa92b31adf943587a28e279dcba701bd072
228,110,13.749978,0xdcd1965f236729943b371c018c2eb0f2d03fa43a,2017-10-19T18:53:16.000Z,0.1249998,0x7a165055a41151ba289112ff20a9a46e46a59301,buy,0x014b50466590340d41307cc54dcee990c8d58aa8,0xaa76484e718a6c550472559a480bbf6aa44ce6a62eed5529af5b70f616f215a2
229,83.999,10.4998498003,0xdcd1965f236729943b371c018c2eb0f2d03fa43a,2017-10-19T18:52:47.000Z,0.1249997,0x7a165055a41151ba289112ff20a9a46e46a59301,buy,0x014b50466590340d41307cc54dcee990c8d58aa8,0x96308d5857280017126e557694b51ea75a00a6687bf6a403ad5972233777b9b5
230,0.55961,0.06995116624261889,0x3d3b47b44af95ad5e56dc9518d4de1d673f665f2,2017-10-19T18:27:51.000Z,0.12499985032901287,0x7a165055a41151ba289112ff20a9a46e46a59301,buy,0x014b50466590340d41307cc54dcee990c8d58aa8,0x03d0694944725ddee4536ae0586ae4171dfe60cf3776022ba05187c9b1d0c491
231,13.44122,1.6801485797101305,0x3d3b47b44af95ad5e56dc9518d4de1d673f665f2,2017-10-19T18:22:28.000Z,0.12499970833824092,0x7a165055a41151ba289112ff20a9a46e46a59301,buy,0x014b50466590340d41307cc54dcee990c8d58aa8,0x8f744bd1261551e695d4692c024103e2dc600cec6202f8c5f0e33ffff43fd16f
232,12.53,1.547455,0x3d3b47b44af95ad5e56dc9518d4de1d673f665f2,2017-10-19T18:20:39.000Z,0.1235,0xc8b06a7f5f4fa3d143dc79b55c673aa62205ead2,buy,0x014b50466590340d41307cc54dcee990c8d58aa8,0xe11ce0a2dbdd0e389dc761a21de3117dc84ffa3a34a4a8229755fe0febc5798b
233,87,10.8749652,0xdcd1965f236729943b371c018c2eb0f2d03fa43a,2017-10-19T17:17:58.000Z,0.1249996,0x7a165055a41151ba289112ff20a9a46e46a59301,buy,0x014b50466590340d41307cc54dcee990c8d58aa8,0x64a80144df48f423387710210c62ba02dacc1907b36f5d3aa6ac42fbe05ab977
234,90,11.1591,0xdcd1965f236729943b371c018c2eb0f2d03fa43a,2017-10-19T16:52:04.000Z,0.12399,0x7a165055a41151ba289112ff20a9a46e46a59301,buy,0x014b50466590340d41307cc54dcee990c8d58aa8,0x37757299b1bacacb01513bb59f896ff4aea1c5cc031dab7c58dcdcc814e9db7f
235,0.996909,0.094706355,0x640c8db140a77b0249ffb206735ad9a378285c25,2017-10-19T09:49:18.000Z,0.095,0x17ac238973290b853a679386ff2dcd1a396c4d64,sell,0x014b50466590340d41307cc54dcee990c8d58aa8,0xf73077c44afc7cc14ae1297aecf69faacb2dab71c8e2be561ab0a455b108c5e1
236,2.46436,0.3080450603130296,0x640c8db140a77b0249ffb206735ad9a378285c25,2017-10-19T06:51:06.000Z,0.12500002447411482,0xc8b06a7f5f4fa3d143dc79b55c673aa62205ead2,buy,0x014b50466590340d41307cc54dcee990c8d58aa8,0xef1059d930ccb7e91931108fb7c6662ee5eb09bcb0df4c33d002f258be01d0b7
237,9.4,1.175,0xd4f756dadd2eb06bd14066a882f611636bf16129,2017-10-18T20:53:02.000Z,0.125,0xec8d94eced26f21aa0646b64b03b431096ea95e9,buy,0x014b50466590340d41307cc54dcee990c8d58aa8,0x3f65f3b5d9cf9655272609e3e0e77ce755b17c2f32cd651e6ea5526c1be8870c
238,0.01,0.00125,0x636d925f140f761f7a0e600db2177dd068ddada1,2017-10-18T05:45:51.000Z,0.125,0x0506147fbdd0cfa8ca62a072c141cff0536c3925,buy,0x014b50466590340d41307cc54dcee990c8d58aa8,0x81165c8137bbf238be5f5f1119e7d073955016709774f62a9d40732455874d22
239,6.348021,0.8252428372046655,0xea860b5328218a238834bcecd613bb81ec29dccd,2017-10-18T00:31:38.000Z,0.13000001688788768,0x74f355aeddfe000c50701d15594e37af63fddaa4,buy,0x014b50466590340d41307cc54dcee990c8d58aa8,0x9ea8cbd7c5385240a47d7bc6ac1cc1102ebcfc6534341e1db937749b0b1f1cc5
240,41.47,5.14228,0xea860b5328218a238834bcecd613bb81ec29dccd,2017-10-18T00:30:37.000Z,0.124,0x0d02bdb7b2d56f924bb0d369acf8b46e60a9273b,buy,0x014b50466590340d41307cc54dcee990c8d58aa8,0x6d1f4e0bdd98bd9bce6516003e8c7c26190f296b60b35f5ddd81126f64630f31
241,11.42,1.394382,0xea860b5328218a238834bcecd613bb81ec29dccd,2017-10-18T00:29:11.000Z,0.1221,0x5395d35e9b3dbfd989ff8ee7526f300a121f88a3,buy,0x014b50466590340d41307cc54dcee990c8d58aa8,0xa58aed097f4e85b579aaedbbe2f2e17702b14b86e1c9d9a6a4cbf5f9e72dd220
242,60,7.32,0xea860b5328218a238834bcecd613bb81ec29dccd,2017-10-18T00:28:53.000Z,0.122,0x36a2688e8e60c13b4a124766e598b6169b0e9642,buy,0x014b50466590340d41307cc54dcee990c8d58aa8,0x86406354a1a0e614fb1ba8e22cfbc0b84a68b0e94f9a0bf4cb38c49e563e4ba4
243,0.498454,0.03489178,0xd4f756dadd2eb06bd14066a882f611636bf16129,2017-10-17T08:50:09.000Z,0.07,0x8f35ffe6637d15967ef91ae56b957bf2ba57f340,sell,0x014b50466590340d41307cc54dcee990c8d58aa8,0x5c5c11cda2eeac7704c6c4e13d27e72c210bcf738fedbce2255e31b8d2bc6d95
244,0.5,0.05,0xea860b5328218a238834bcecd613bb81ec29dccd,2017-10-17T08:03:43.000Z,0.1,0xcffaaff77d95ac671ca08d5b3eb296939a16ac91,buy,0x014b50466590340d41307cc54dcee990c8d58aa8,0xf269ca3e794754b09f1753a234960d135fd077b9821eea7e3160655dd380bd18
245,0.1,0.01,0xea860b5328218a238834bcecd613bb81ec29dccd,2017-10-17T07:57:44.000Z,0.1,0x6873035172a9d986e31d8b4ecf108838af8e7e23,buy,0x014b50466590340d41307cc54dcee990c8d58aa8,0x1986836ad202572337702a7b8a14146b664a72b88b8ca90309475b3696767c9f
246,0.059704,0.00268668,0x54babae96b1143feceb6d8d09d706bf22e85ff74,2017-10-16T18:22:26.000Z,0.045,0xc64fa8f2648c868c124fbc3bf33979f862727c2a,sell,0x014b50466590340d41307cc54dcee990c8d58aa8,0x4df5937f6b558a21ea9091c0273c16554ca3560557ed5f2d0b56c367f548fccb
247,12,0.24,0xea5b03c317f71ac39c2cd2272694d2f265def386,2017-10-16T13:54:17.000Z,0.02,0xc81a9fece337fe680f4c7cd572555a80e7de94d6,sell,0x014b50466590340d41307cc54dcee990c8d58aa8,0x8f5f19067b924f0edddcea2f494f157ac4ceaeaaa9e4543936889f8a38d82161
248,20,1.1,0xea5b03c317f71ac39c2cd2272694d2f265def386,2017-10-16T13:40:58.000Z,0.055,0xc81a9fece337fe680f4c7cd572555a80e7de94d6,sell,0x014b50466590340d41307cc54dcee990c8d58aa8,0x2f79e8b0e702a3cbd336a9ecb3dcd6663e5147a48b4a497a375d9b1234049439
249,60,3.66,0x36a2688e8e60c13b4a124766e598b6169b0e9642,2017-10-16T13:37:05.000Z,0.061,0xc81a9fece337fe680f4c7cd572555a80e7de94d6,sell,0x014b50466590340d41307cc54dcee990c8d58aa8,0xd53bf3e8b6e83227680ffb8d12a5c5ab3351c66513de274097f862d11b928148
250,0.02,0.0024,0x74f355aeddfe000c50701d15594e37af63fddaa4,2017-10-15T19:02:33.000Z,0.12,0xc81a9fece337fe680f4c7cd572555a80e7de94d6,sell,0x014b50466590340d41307cc54dcee990c8d58aa8,0x141651238dda7d483c82bd7d371cc21cc270c7078106a436845c939ec32e4266
251,4.158,0.257796,0xcffaaff77d95ac671ca08d5b3eb296939a16ac91,2017-10-15T15:20:35.000Z,0.062,0xc81a9fece337fe680f4c7cd572555a80e7de94d6,sell,0x014b50466590340d41307cc54dcee990c8d58aa8,0x0be2d6314b5bab064de0121b947537dd94e13001a4595fd4796027de663e0478
252,2.6,0.16146,0x6578c1954e99128775e33e78fa5a2e338dc1219b,2017-10-15T15:20:35.000Z,0.0621,0xc81a9fece337fe680f4c7cd572555a80e7de94d6,sell,0x014b50466590340d41307cc54dcee990c8d58aa8,0x5c1b9742deeff8f6552febd0ba56eec22340ba314726621d03e64e808af40889
253,13.812,1.3812,0x8ab51f3a47dea7cab9f6324f8a89f2f1b6ede07d,2017-10-15T13:31:47.000Z,0.1,0xc81a9fece337fe680f4c7cd572555a80e7de94d6,buy,0x014b50466590340d41307cc54dcee990c8d58aa8,0x3e49dbbbb0193c7bf2e1ea3d3e3ad1c055030dd65862331636d8cd4b9c9d825c
254,6,0.6,0x06811a2b589d9a80d20925ab683a32ef796b4648,2017-10-15T01:00:14.000Z,0.1,0xc81a9fece337fe680f4c7cd572555a80e7de94d6,buy,0x014b50466590340d41307cc54dcee990c8d58aa8,0x5eb488be5338596361155f815e080f3d12cbe7aa8cd7b1996f46d0575099f910
255,0.342,0.021204,0xcffaaff77d95ac671ca08d5b3eb296939a16ac91,2017-10-14T20:25:59.000Z,0.062,0x4da87410708b4131c2ccd3674fc4b05892a0ce7e,sell,0x014b50466590340d41307cc54dcee990c8d58aa8,0x17dd31defd103a5659cb5c1ddf54ea9c7788481280ab596007dd4c72d1da416d
256,0.34,0.02108,0x4da87410708b4131c2ccd3674fc4b05892a0ce7e,2017-10-14T20:19:42.000Z,0.062,0x4da87410708b4131c2ccd3674fc4b05892a0ce7e,buy,0x014b50466590340d41307cc54dcee990c8d58aa8,0x7ff2d980403f064cf7f6a80f7f4760640492a50036bd73bd4d5b12b65fa21e0c
257,0.364104,0.029128348813921585,0x6da01e43895864ad3e1947a35697079b0fa8ceb6,2017-10-14T18:45:19.000Z,0.0800000791365148,0x4da87410708b4131c2ccd3674fc4b05892a0ce7e,buy,0x014b50466590340d41307cc54dcee990c8d58aa8,0x1c28a66f5aa160a47a6ce276b01aafddf1fea6f54d4a20a2073353a50df3beb3
258,30.103,2.408270103,0xca23764bab774f7e4b007555697d9cc7fddec8ec,2017-10-14T17:23:52.000Z,0.080001,0xc81a9fece337fe680f4c7cd572555a80e7de94d6,sell,0x014b50466590340d41307cc54dcee990c8d58aa8,0x1dba48b2d80afbdec0760aeeeaca9ed5031eb30a76c5196322c707aba6e77d14
259,5.9,0.4720059,0xca23764bab774f7e4b007555697d9cc7fddec8ec,2017-10-13T22:36:30.000Z,0.080001,0xc64fa8f2648c868c124fbc3bf33979f862727c2a,sell,0x014b50466590340d41307cc54dcee990c8d58aa8,0x01be015d96b77d4e8bb34eab0e182c18be1a7858a1197b52609cfb567cd915c1
260,1.97759,0.2669747181406511,0xc64fa8f2648c868c124fbc3bf33979f862727c2a,2017-10-13T22:23:46.000Z,0.13500003445640962,0xec8d94eced26f21aa0646b64b03b431096ea95e9,buy,0x014b50466590340d41307cc54dcee990c8d58aa8,0xab7a4d2a31c88f41c1ecedd17c058e3bfad91027c40d9cc8a568ef0d43c89722
261,1,0.0134,0x5ae933bfbbaa04c3e05ae56295138174ada9799c,2017-10-13T21:55:31.000Z,0.0134,0x6833020e1fad7f8054b101fd9ca44e96886371e4,buy,0x014b50466590340d41307cc54dcee990c8d58aa8,0x1a1ae429434c4dd8359706bbf7b8ec778420946c86a6fdd7adbc1d6dcdcc94c0
262,0.997,0.079760997,0xca23764bab774f7e4b007555697d9cc7fddec8ec,2017-10-13T21:55:31.000Z,0.080001,0x5ae933bfbbaa04c3e05ae56295138174ada9799c,sell,0x014b50466590340d41307cc54dcee990c8d58aa8,0x1a1ae429434c4dd8359706bbf7b8ec778420946c86a6fdd7adbc1d6dcdcc94c0
263,3.6,0.5094,0x06811a2b589d9a80d20925ab683a32ef796b4648,2017-10-13T16:07:45.000Z,0.1415,0xec8d94eced26f21aa0646b64b03b431096ea95e9,buy,0x014b50466590340d41307cc54dcee990c8d58aa8,0x9810ee945f3b318e76d256f6127309b1538f3f45fce750279882acde30f810be
264,12,1.704,0x06811a2b589d9a80d20925ab683a32ef796b4648,2017-10-13T07:51:45.000Z,0.142,0x74f355aeddfe000c50701d15594e37af63fddaa4,buy,0x014b50466590340d41307cc54dcee990c8d58aa8,0x211b5daaf9e4e73938a11820bec93cb8d6edd674f62bdb57686afb94286bea0c
265,57.03621,0.7985075103621,0xb91abf41e68962b11a408ecd0c9ae8f697ef1d73,2017-10-13T04:43:38.000Z,0.01400001,0xc81a9fece337fe680f4c7cd572555a80e7de94d6,sell,0x014b50466590340d41307cc54dcee990c8d58aa8,0xff147fa846147ba2cf36dc02575253df5ca0b5ea47f6c30efcb54ed51c38c8a6
266,5,0.25,0xea5b03c317f71ac39c2cd2272694d2f265def386,2017-10-13T04:28:59.000Z,0.05,0xc81a9fece337fe680f4c7cd572555a80e7de94d6,sell,0x014b50466590340d41307cc54dcee990c8d58aa8,0x9fef8719ecffa54c118aa7339f7732c9beea58d3fee7b69a58820f329d1ff943
267,22,1.54,0x74f355aeddfe000c50701d15594e37af63fddaa4,2017-10-13T04:19:38.000Z,0.07,0xc81a9fece337fe680f4c7cd572555a80e7de94d6,sell,0x014b50466590340d41307cc54dcee990c8d58aa8,0xb0b3d51810d1ca7803e7067411c0c51a22c7af4bf1c8c5927045cd943fc8de61
268,0.659,0.095555,0x06811a2b589d9a80d20925ab683a32ef796b4648,2017-10-13T04:18:45.000Z,0.145,0xc81a9fece337fe680f4c7cd572555a80e7de94d6,sell,0x014b50466590340d41307cc54dcee990c8d58aa8,0xcd5d92d0de729fce20a41b984a1475bed2bd29db742775d391e66f0d22a0dfbb
269,15,1.5,0xec8d94eced26f21aa0646b64b03b431096ea95e9,2017-10-13T03:49:34.000Z,0.1,0xc81a9fece337fe680f4c7cd572555a80e7de94d6,sell,0x014b50466590340d41307cc54dcee990c8d58aa8,0x851044ca7e6f0eccd0fb6dbbf15aeced1a3c3b233611c9e3df254b11027f9687
270,3,0.435,0x06811a2b589d9a80d20925ab683a32ef796b4648,2017-10-13T02:13:12.000Z,0.145,0x74f355aeddfe000c50701d15594e37af63fddaa4,buy,0x014b50466590340d41307cc54dcee990c8d58aa8,0x5bcc9b4c78eb9652e20b786098eb62329a1705247ede85ad61cfcb94a20fa5a5
271,1.1,0.164989,0xdb0da75a625e7a363d3ba2f85aafd60604d0083a,2017-10-12T12:28:16.000Z,0.14999,0xe69c0ec93893cb3ddd03b390c8bb206290b057f4,buy,0x014b50466590340d41307cc54dcee990c8d58aa8,0x5ad517bf6e180dcdba3097f3892fc066d7b84cdc5fee391ee6b09d515dbb4603
272,63.69,9.23505,0x36a2688e8e60c13b4a124766e598b6169b0e9642,2017-10-12T09:08:28.000Z,0.145,0x4b8288302d842bb715219eff7a20bf06906ae164,buy,0x014b50466590340d41307cc54dcee990c8d58aa8,0x5bb3ffafebfd40dba2f83943e40dd186c23b3cff9c9311f652e7bf689fe80258
273,0.09969,0.01196280009969,0xf36990a2cb4d609e0a7d4f3bf884c0342d81fd3d,2017-10-12T07:43:16.000Z,0.120000001,0xacce16bb49ffe0450aa8ffd4fa7c24b0af2d83ca,sell,0x014b50466590340d41307cc54dcee990c8d58aa8,0xe2c21d73ddceead0bbb1da0eea6c27286791789e336aaef49b557be08ae18b42
274,1.8,0.261,0x273a5d3e6721b9f5c1a6474f560c1334c63dda01,2017-10-12T07:42:49.000Z,0.145,0x4b8288302d842bb715219eff7a20bf06906ae164,buy,0x014b50466590340d41307cc54dcee990c8d58aa8,0x7f66a8fa64c7b5acd8ec064b7d53f2d67749c72b2edcb1135fede78aebb78f95
275,1.7946,0.26919,0xea860b5328218a238834bcecd613bb81ec29dccd,2017-10-12T07:42:49.000Z,0.15,0x273a5d3e6721b9f5c1a6474f560c1334c63dda01,sell,0x014b50466590340d41307cc54dcee990c8d58aa8,0x7f66a8fa64c7b5acd8ec064b7d53f2d67749c72b2edcb1135fede78aebb78f95
276,2.5,0.3625,0x06811a2b589d9a80d20925ab683a32ef796b4648,2017-10-12T05:35:15.000Z,0.145,0x4b8288302d842bb715219eff7a20bf06906ae164,buy,0x014b50466590340d41307cc54dcee990c8d58aa8,0x1dc22a54fc96fe40b1509cccab6bd1f1d208785a11a99f1cdcfd6ab9f4f71a25
277,1.39,0.20155,0x273a5d3e6721b9f5c1a6474f560c1334c63dda01,2017-10-12T04:37:01.000Z,0.145,0x4b8288302d842bb715219eff7a20bf06906ae164,buy,0x014b50466590340d41307cc54dcee990c8d58aa8,0xba08e9c3e92e93b67120607124afd4cd7f4b83c6bcdcb522a4371989a2bd41dd
278,1.38583,0.2078745,0xea860b5328218a238834bcecd613bb81ec29dccd,2017-10-12T04:37:01.000Z,0.15,0x273a5d3e6721b9f5c1a6474f560c1334c63dda01,sell,0x014b50466590340d41307cc54dcee990c8d58aa8,0xba08e9c3e92e93b67120607124afd4cd7f4b83c6bcdcb522a4371989a2bd41dd
279,0.11,0.016665,0x5d5065b42bdee0274e394ba9042c21e1818c69cf,2017-10-11T20:28:07.000Z,0.1515,0x01e5d52447d74fa40a21666f0240937b8e2265d1,sell,0x014b50466590340d41307cc54dcee990c8d58aa8,0x0bcce7b733be5dbd5e76467dbcc3993edcf6edd0e26ecd3137397ae22e8315d7
280,1,0.15,0x88f94b76fd6bebd7ae8ecd6ef73dca5e5ad8aa18,2017-10-11T19:14:20.000Z,0.15,0x01e5d52447d74fa40a21666f0240937b8e2265d1,sell,0x014b50466590340d41307cc54dcee990c8d58aa8,0x0151ecefdca0da462c8211b72ae9f9a876ee754502ff6ce8c92155f483837072
281,2,0.3032,0xacdcba747f02a932d0e7e8a59c7f6a25d91ba6e5,2017-10-11T19:13:27.000Z,0.1516,0x01e5d52447d74fa40a21666f0240937b8e2265d1,sell,0x014b50466590340d41307cc54dcee990c8d58aa8,0x1145a6624c21cbc5b8abc6b2a905c689a6e2497f35fc2e1f989f0f04fa306141
282,0.071784,0.010767620376831821,0x0024a5046fd95c5eee6db19a69ef7ed3bacd50f1,2017-10-11T09:57:49.000Z,0.15000028386314251,0xe69c0ec93893cb3ddd03b390c8bb206290b057f4,buy,0x014b50466590340d41307cc54dcee990c8d58aa8,0x1c4337f1b2afd37c9a46c232910c4baa52fbb32ece23cc922fc641fba3cc92ec
283,23.928215,3.589232379623168,0xea5b03c317f71ac39c2cd2272694d2f265def386,2017-10-10T10:46:36.000Z,0.15000000541716832,0xe69c0ec93893cb3ddd03b390c8bb206290b057f4,buy,0x014b50466590340d41307cc54dcee990c8d58aa8,0x2b4f4aa57a447b3e289ece6786d467c6544c8df8586deda958e21988729233d1
284,20.5,3.075,0xea5b03c317f71ac39c2cd2272694d2f265def386,2017-10-10T10:08:12.000Z,0.15,0xe69c0ec93893cb3ddd03b390c8bb206290b057f4,buy,0x014b50466590340d41307cc54dcee990c8d58aa8,0xdb8825d675998098de0b46ee50d87d22bf04596e490adb8220b35c415ff2ff88
285,15,2.25,0xea5b03c317f71ac39c2cd2272694d2f265def386,2017-10-10T10:03:47.000Z,0.15,0xe69c0ec93893cb3ddd03b390c8bb206290b057f4,buy,0x014b50466590340d41307cc54dcee990c8d58aa8,0x92154bb62293b13d46d3326d6c2997f66d68810b9b00aa0ababb3bd3a0057377
286,0.5,0.075,0xea5b03c317f71ac39c2cd2272694d2f265def386,2017-10-10T09:48:08.000Z,0.15,0xe69c0ec93893cb3ddd03b390c8bb206290b057f4,buy,0x014b50466590340d41307cc54dcee990c8d58aa8,0xfa86f766d32644424d68e8cbfda0d26407e939615e7c52575740edfbb215fac0
287,0.000385,0.000000000000000005,0x74f355aeddfe000c50701d15594e37af63fddaa4,2017-10-07T05:13:26.000Z,0.00000000000001298701,0x786154f2f4134d4f6e9822f1b4721e954b982470,sell,0x014b50466590340d41307cc54dcee990c8d58aa8,0x217fda6d259e73a9d25e71085e2875a1346e166c16138465f1c02f12bca5c562
288,3.85557,0.000000000000057833,0x74f355aeddfe000c50701d15594e37af63fddaa4,2017-10-07T04:37:30.000Z,0.00000000000001499985,0x786154f2f4134d4f6e9822f1b4721e954b982470,sell,0x014b50466590340d41307cc54dcee990c8d58aa8,0x160c5416de0f278e29665d74d8a7f7272c9637cb9a8b564aa46e4412fbfda3df
289,0.132081,0.021793365,0x06d2e16dcb25d8318d5390c2bab1fdaab9751a35,2017-10-06T20:31:35.000Z,0.165,0x786154f2f4134d4f6e9822f1b4721e954b982470,sell,0x014b50466590340d41307cc54dcee990c8d58aa8,0xffee9b2e75b18578e6664a0a268dc277ee5a2cb1e9087936afd667180b3e25f2
290,0.108563,0.017912895,0x06d2e16dcb25d8318d5390c2bab1fdaab9751a35,2017-10-06T13:53:14.000Z,0.165,0xe69c0ec93893cb3ddd03b390c8bb206290b057f4,sell,0x014b50466590340d41307cc54dcee990c8d58aa8,0xed9aec579bed47dacd9ca0573e0c4218a28a7cd0e7546be480d374bfcf6354d2
291,25.447059,4.58047062,0xdcd1965f236729943b371c018c2eb0f2d03fa43a,2017-10-06T04:27:51.000Z,0.18,0x29d1b17c6daf9a42b4421adbcf950ea8c4f50f82,sell,0x014b50466590340d41307cc54dcee990c8d58aa8,0xbd526942c135a6c9b5c08f0eb243e76f4c084f608354da7d71c0a1874dd45d7f
292,26,4.94,0xdcd1965f236729943b371c018c2eb0f2d03fa43a,2017-10-05T05:47:57.000Z,0.19,0x29d1b17c6daf9a42b4421adbcf950ea8c4f50f82,sell,0x014b50466590340d41307cc54dcee990c8d58aa8,0xe5418ad6db75117f5ff3c881eb186a424ae14729e0cce3b69b24382fd3d3214e
293,1.903898,0.34270164,0x8de7dfe645e11b73a67952bb35b56e86da2513de,2017-10-04T11:57:50.000Z,0.18,0x29d1b17c6daf9a42b4421adbcf950ea8c4f50f82,sell,0x014b50466590340d41307cc54dcee990c8d58aa8,0x5f05ea83d0a185c9f2d713a970d3766b5f168b49eb0152a30f103aaa4d958eed
294,6.096102,1.09729836,0x8de7dfe645e11b73a67952bb35b56e86da2513de,2017-10-04T06:51:04.000Z,0.18,0x631ae4ff832c4725634798cb1b44cf6ecd26cb00,sell,0x014b50466590340d41307cc54dcee990c8d58aa8,0xc2c71eb9fd028a8874061cca929b0fc93ff9888ae84982e64d30345f5c74d4b1
295,0.295,0.13865,0x8de7dfe645e11b73a67952bb35b56e86da2513de,2017-10-01T20:21:31.000Z,0.47,0x631ae4ff832c4725634798cb1b44cf6ecd26cb00,buy,0x014b50466590340d41307cc54dcee990c8d58aa8,0xc30e6fc3067c6875c621de933e8d459e32362fdb53f2d82a709bcd87b8e0806e
296,0.1,0.2,0x09bf40596e308379e4730f127fb8a8e10492898d,2017-09-29T22:45:52.000Z,2,0x09bf40596e308379e4730f127fb8a8e10492898d,buy,0x014b50466590340d41307cc54dcee990c8d58aa8,0x5084b091420ea156d069f12f4f9387f27dfe2172b9e583de5cc2a07a445256d4
297,1.482,0.50388,0x8de7dfe645e11b73a67952bb35b56e86da2513de,2017-09-29T16:20:35.000Z,0.34,0x29d1b17c6daf9a42b4421adbcf950ea8c4f50f82,sell,0x014b50466590340d41307cc54dcee990c8d58aa8,0x7ba0022dac4f8bdecaa89c74bea2fa8a3b35a899021fde5a1c9a0de5a4771d36
298,5.981457,2.03369538,0x8de7dfe645e11b73a67952bb35b56e86da2513de,2017-09-29T16:04:10.000Z,0.34,0xaa53075b1092dcd19cc09121a8a84e708ac4534d,sell,0x014b50466590340d41307cc54dcee990c8d58aa8,0xeb93a9bb4d2652c9e2803d86a26a3ee0b860dcec787a5b8f6ab217d3586a60de
299,13.6,4.624,0x8de7dfe645e11b73a67952bb35b56e86da2513de,2017-09-29T01:12:04.000Z,0.34,0x3579f666148befab58d40e4c04df9a5594198d64,sell,0x014b50466590340d41307cc54dcee990c8d58aa8,0x9dae1e2f50147928a66a5a22b099b761a945d4b5435202070e786ae340a134cb
300,9.992,3.39728,0x8de7dfe645e11b73a67952bb35b56e86da2513de,2017-09-29T00:22:21.000Z,0.34,0x6b01120a57e8bb3f885e309c050c3572c69d61b0,sell,0x014b50466590340d41307cc54dcee990c8d58aa8,0xc8ce460b3585407b0a5453a0abbb251428882144f6866ca93a693ea1a489a226
301,10.65,3.621,0x8de7dfe645e11b73a67952bb35b56e86da2513de,2017-09-29T00:12:55.000Z,0.34,0x6b01120a57e8bb3f885e309c050c3572c69d61b0,sell,0x014b50466590340d41307cc54dcee990c8d58aa8,0xdf5a6d512351b109219fa1f77fea6938133951588c99ca6b08b0613d83bf818c
302,13,5.72,0x8de7dfe645e11b73a67952bb35b56e86da2513de,2017-09-28T20:24:17.000Z,0.44,0x3579f666148befab58d40e4c04df9a5594198d64,sell,0x014b50466590340d41307cc54dcee990c8d58aa8,0x28f57ca2758b002ac7f76f15d46338134ca262f83c71340bf018dc0760c068d5
303,1,2,0x8de7dfe645e11b73a67952bb35b56e86da2513de,2017-09-23T16:08:18.000Z,2,0x8de7dfe645e11b73a67952bb35b56e86da2513de,buy,0x014b50466590340d41307cc54dcee990c8d58aa8,0xd931866dcbd1a893cc130cc1d5892b8e7ece5c4358defcfa955d76280f62ead0
