,amount,amountBase,buyer,date,price,seller,side,tokenAddr,txHash
0,21.932010766623467,0.015352407536636426,0x770f34fdd214b36f2494ed57bb827b4c319e5baa,2017-11-02T17:43:48.000Z,0.0007,0xff231264a5e648fb09a876945527d2504f104aa9,sell,0x13f1b7fdfbe1fc66676d56483e21b1ecb40b58e2,0xa68dee3e5616a193ad78daed2e5b1b37d8f64f38c4a5cbbba0afa428d915e78c
1,204.285,0.163428,0x8e2096cd61f504152753b2626bfdcd6cfe8b176c,2017-11-02T17:31:13.000Z,0.0008,0xafc092e6fdd10f28d93abd00d1e427effdaad39c,buy,0x13f1b7fdfbe1fc66676d56483e21b1ecb40b58e2,0x65b0c5016d096b98f9e5c63990c1c9c08193458fed4d01a020bc6dc787f8dd3f
2,56,0.042504,0xd2739cc647e29a81d1cd185f87796598734d412f,2017-11-02T17:02:19.000Z,0.000759,0x0f29286476806084b880e22fd2149b59c7cc8900,buy,0x13f1b7fdfbe1fc66676d56483e21b1ecb40b58e2,0x71ebb4b53586711bd0c0baf396d21d802199ff1a8d65155197e5a20dc0f041eb
3,45.157,0.033822593,0xf015a6bf5ecb0ed05a1a827b091fcba8ac4dd774,2017-11-02T16:55:11.000Z,0.000749,0x16c30df542fcc6ac9d898f3b04ca06f88874f4dd,buy,0x13f1b7fdfbe1fc66676d56483e21b1ecb40b58e2,0xe32d591ca9aff327e7496b7bf68ff8eae2d90e3e832bf979281f66b365cf69bc
4,14.665931785329173,0.010984782907211551,0x38c6cad1a10deb8d5c383c0da2594d9ff39c586e,2017-11-02T15:42:56.000Z,0.000749,0x16c30df542fcc6ac9d898f3b04ca06f88874f4dd,buy,0x13f1b7fdfbe1fc66676d56483e21b1ecb40b58e2,0xf20419c9cc70d610bf37b9136419c3896045d572e76ff35036c9f181bb993b4b
5,60.81148439836507,0.04256803907885555,0x770f34fdd214b36f2494ed57bb827b4c319e5baa,2017-11-02T13:59:07.000Z,0.0007,0xf5fcc494d8023b89b7132a55cbdd56fbf5d9180e,sell,0x13f1b7fdfbe1fc66676d56483e21b1ecb40b58e2,0x46e72659314adc47c1cd8d017344547c5a39e18837ed0c30c37fd38b0d0712b5
6,38.949257302362675,0.02726448011165387,0x770f34fdd214b36f2494ed57bb827b4c319e5baa,2017-11-02T13:32:16.000Z,0.0007,0x7adc947493b5933e209385a9aff9e4082decf10d,sell,0x13f1b7fdfbe1fc66676d56483e21b1ecb40b58e2,0x0b3eea8527b12973aae814ce25cbbf3d6b7f1effb31a262ffa283cc0fd98f4e8
7,63.80221313926827,0.044661549197487785,0x770f34fdd214b36f2494ed57bb827b4c319e5baa,2017-11-02T12:03:49.000Z,0.0007,0x2872c31b7fcac93b1d52f7425e0aec3e58306532,sell,0x13f1b7fdfbe1fc66676d56483e21b1ecb40b58e2,0x56803674fed2720f81557e2efefa5172a1601441dae3af3755003e81500eac1c
8,75.76512810288106,0.05303558967201675,0x770f34fdd214b36f2494ed57bb827b4c319e5baa,2017-11-02T10:20:39.000Z,0.0007,0x91e133541a36f5f0989a461f9bacc144ba541857,sell,0x13f1b7fdfbe1fc66676d56483e21b1ecb40b58e2,0xab2c1796398ed8f34bddadbf6a5750565f7ae7d46f103f5275475332e3936f54
9,62.39756754062407,0.04367829727843685,0x770f34fdd214b36f2494ed57bb827b4c319e5baa,2017-11-02T10:18:17.000Z,0.0007,0xd7226c1a96a531372302e59f90472c6e3ae194a1,sell,0x13f1b7fdfbe1fc66676d56483e21b1ecb40b58e2,0x6b1a6c31cd6aab4cdccc17e2247ad4a712a5f3acf20344018ac127548bdadc87
10,39.87638321204267,0.027913468248429867,0x770f34fdd214b36f2494ed57bb827b4c319e5baa,2017-11-02T07:20:45.000Z,0.0007,0xd29efd58596feaac4398b8d20803c5c8af1d868c,sell,0x13f1b7fdfbe1fc66676d56483e21b1ecb40b58e2,0x40ce77313ba3a66b0fdc832f5b40cada778adca4295c1e69e03a58e1938ada3f
11,23.39811269481423,0.01637867888636996,0x770f34fdd214b36f2494ed57bb827b4c319e5baa,2017-11-02T07:16:31.000Z,0.0007,0xdf42bc701b03d31f49c626fdfc66255865a7faee,sell,0x13f1b7fdfbe1fc66676d56483e21b1ecb40b58e2,0xc5aefe9a7ea4c55194828c7da0b302996eb6022a3df8f538967815fc240cf051
12,0.007,0.0000049,0x770f34fdd214b36f2494ed57bb827b4c319e5baa,2017-11-02T06:35:23.000Z,0.0007,0xdc98626318959dc6164616776c2cd38f4f0acb01,sell,0x13f1b7fdfbe1fc66676d56483e21b1ecb40b58e2,0x4861cea8b9581d08d5df4e60900d599e904e0d1b467e9b4a4ebd0d74a56e3efe
13,70.78058020137574,0.04954640614096301,0x770f34fdd214b36f2494ed57bb827b4c319e5baa,2017-11-02T06:33:39.000Z,0.0007,0xdc98626318959dc6164616776c2cd38f4f0acb01,sell,0x13f1b7fdfbe1fc66676d56483e21b1ecb40b58e2,0x275f06d036d2991e245880d6e78cd10637757cee83558957023b7c5618167f05
14,0.5882352941176471,0.0005,0x3075f7f189912f4f425dd7021b9c396434197477,2017-11-02T06:14:09.000Z,0.00085,0x16c30df542fcc6ac9d898f3b04ca06f88874f4dd,buy,0x13f1b7fdfbe1fc66676d56483e21b1ecb40b58e2,0x594ecacfde12f792e9f004e16c5c4477fd597ebfa88151da7772a0c767121374
15,23.9258299272256,0.01674808094905792,0x770f34fdd214b36f2494ed57bb827b4c319e5baa,2017-11-02T06:13:19.000Z,0.0007,0x93ed508495c0525d5fecb8016b769965667c3328,sell,0x13f1b7fdfbe1fc66676d56483e21b1ecb40b58e2,0x695c3d71e7306b9abb4e4a0771305c11e53a1934d4c8df1c794a865722b713e6
16,0.5882352941176471,0.0005,0x4fda9e6bcd83af6c5cc771b5d20accc2b7720074,2017-11-02T06:09:10.000Z,0.00085,0x16c30df542fcc6ac9d898f3b04ca06f88874f4dd,buy,0x13f1b7fdfbe1fc66676d56483e21b1ecb40b58e2,0x840a32308a23b776b3f54a42b1657e9a41657930b7c2dba19dd50d810a59f450
17,7,0.00595,0xe673b1ea0c5d49462ce27cff1d58177af5de7dfa,2017-11-02T04:58:47.000Z,0.00085,0xafc092e6fdd10f28d93abd00d1e427effdaad39c,buy,0x13f1b7fdfbe1fc66676d56483e21b1ecb40b58e2,0x6238422b8c8e286897384a7ad1c32df82bfd506c6de1ca21dc038e3d0d74789f
18,84,0.0588,0x770f34fdd214b36f2494ed57bb827b4c319e5baa,2017-11-02T04:48:58.000Z,0.0007,0x07d825639ad6ac87cc7905125e3b8a48dc52f640,buy,0x13f1b7fdfbe1fc66676d56483e21b1ecb40b58e2,0xb3d8177378908bc3d8bd95235a786e24d2718a6e27837b904a6993979e34fe37
19,0.00667432406495686,0.00000453854036417,0x948ef114d1f93b65ab12b0df40d085c5fd895228,2017-11-02T04:31:22.000Z,0.0006799999999999004,0xe6dce38a61edba2cd7dc0be24aa42f1c1bd3de0c,sell,0x13f1b7fdfbe1fc66676d56483e21b1ecb40b58e2,0xea0c35e1dd01bf16cfc5618cda9c538a4749f57ae31586f0b511b59cf4a8a9f2
20,66.95014469558227,0.04552609839299594,0x948ef114d1f93b65ab12b0df40d085c5fd895228,2017-11-02T04:28:14.000Z,0.0006799999999999999,0xe6dce38a61edba2cd7dc0be24aa42f1c1bd3de0c,sell,0x13f1b7fdfbe1fc66676d56483e21b1ecb40b58e2,0xd68e602b07d188416d230a1f2c5fb74f58509c41cbf5a2aece942b1b9cd703d1
21,42.86711195294587,0.02914963612800319,0x948ef114d1f93b65ab12b0df40d085c5fd895228,2017-11-02T03:40:48.000Z,0.0006799999999999999,0x32579cc122216e5bb56985f2289e55d47e82497b,sell,0x13f1b7fdfbe1fc66676d56483e21b1ecb40b58e2,0xbf5e87e256b0e2420fc53716baeaeb68d88ab868a5657266701b35517b06841e
22,6.313428372046656,0.004166869038979164,0xe6dce38a61edba2cd7dc0be24aa42f1c1bd3de0c,2017-11-01T23:27:06.000Z,0.0006600009999999999,0x9ec717c5485cd77a481b9acbdd5099fb32255397,sell,0x13f1b7fdfbe1fc66676d56483e21b1ecb40b58e2,0x83b2b2494c56d81cc0e964fcd1e85a713e31b80a5d50de49d67fc296edaee47b
23,60.84426168292375,0.04015727355499136,0xe6dce38a61edba2cd7dc0be24aa42f1c1bd3de0c,2017-11-01T22:07:56.000Z,0.000660001,0x1bc17feec575562e9666445da7b08343295219d3,sell,0x13f1b7fdfbe1fc66676d56483e21b1ecb40b58e2,0x35c1d1f16b10ee96dcf18de2f839802eb77785fdd07a518f5c8a94a2c95a658e
24,2.89780345059096,0.002569383794321684,0x9664ed0820a10e95851480b9821532994b7bd9d1,2017-11-01T18:58:41.000Z,0.000886666,0x18d75ed5cdd83c97a5d7d318435c2ad017d0c42e,buy,0x13f1b7fdfbe1fc66676d56483e21b1ecb40b58e2,0xfc18f5bc05fa538cf37d7b966bc68cfede23eb84a3345aa996d33e1423d4baff
25,3.922765690646174,0.003412413874293107,0x9664ed0820a10e95851480b9821532994b7bd9d1,2017-11-01T18:56:13.000Z,0.0008699,0x7a7ff7c18165aaa487ed9baa531eb9108b83abb1,buy,0x13f1b7fdfbe1fc66676d56483e21b1ecb40b58e2,0x4fb250b3a1d7577e50303f90ea6de0bb127cc11b10543cecc43fcb80d052d58f
26,0.000000000767500862,0.000000000000667649,0x9664ed0820a10e95851480b9821532994b7bd9d1,2017-11-01T18:44:23.000Z,0.0008699000001904884,0x7a7ff7c18165aaa487ed9baa531eb9108b83abb1,buy,0x13f1b7fdfbe1fc66676d56483e21b1ecb40b58e2,0x73bfb05fec0bfa91a4bba8dc1d8a34bc2f243302c325e055d935f3f4c509de11
27,0.000007698794715484,0.000000006697181523,0x9664ed0820a10e95851480b9821532994b7bd9d1,2017-11-01T18:42:32.000Z,0.0008699000000000609,0x7a7ff7c18165aaa487ed9baa531eb9108b83abb1,buy,0x13f1b7fdfbe1fc66676d56483e21b1ecb40b58e2,0x40790b3e9aa0cc8d9d023e3b81c482d6fc9fdd1fec4e98d0d078b67f4e761fba
28,1,0.000872,0x25528f3de6a8f9c936216e1cebfdd24112711e96,2017-11-01T18:42:32.000Z,0.000872,0xf0b6feeaff52411c0b9a750f41aaafbf288f4375,buy,0x13f1b7fdfbe1fc66676d56483e21b1ecb40b58e2,0x917eb09298d42875ec4988dfd0f71da509d1a7937d4fc8f17456ebfc8dfe6252
29,0.000000089168162712,0.000000000058851076,0xe6dce38a61edba2cd7dc0be24aa42f1c1bd3de0c,2017-11-01T18:40:29.000Z,0.0006600009937412335,0x1b6572f89d7d320e044b0a218e3c68c8198c2c40,sell,0x13f1b7fdfbe1fc66676d56483e21b1ecb40b58e2,0xd7a4e607f7f91a90165a3b77ab42138f2ecd26579885a26eb89db83d2ee36db2
30,0.07722660979160938,0.000067179427857721,0x9664ed0820a10e95851480b9821532994b7bd9d1,2017-11-01T18:38:42.000Z,0.0008699,0x7a7ff7c18165aaa487ed9baa531eb9108b83abb1,buy,0x13f1b7fdfbe1fc66676d56483e21b1ecb40b58e2,0xe9bc87bae328977e80694f90324bfb72a9f784d82ff18e77db8a87f47143cd64
31,8,0.0068,0x00809264024b299612e34690bba0cc8e5f3c612a,2017-11-01T17:38:48.000Z,0.00085,0xca79a776998afa99bdf85bfb7463f16e9e30d5ed,buy,0x13f1b7fdfbe1fc66676d56483e21b1ecb40b58e2,0xdcc841d5a72562b002d4d4a5030f2a12363148b13dec0d5100571203e3494001
32,2,0.001600002,0x00809264024b299612e34690bba0cc8e5f3c612a,2017-11-01T17:36:55.000Z,0.000800001,0x7a7ff7c18165aaa487ed9baa531eb9108b83abb1,buy,0x13f1b7fdfbe1fc66676d56483e21b1ecb40b58e2,0x54e5d9b2c9e4d3dc5fbe955666819fe3349ed0b95ad674ba9279adbe03e04497
33,2.985144814905912,0.001970198562982716,0x7a7ff7c18165aaa487ed9baa531eb9108b83abb1,2017-11-01T17:26:38.000Z,0.0006600009999999997,0x077664018c741c2df811ecd2f0ed6668c89bbb49,sell,0x13f1b7fdfbe1fc66676d56483e21b1ecb40b58e2,0xb222ce5b1562760e5e3aafc8c9b2cb1f787d37cb1dc72f6b3d8644b0dfe3bd91
34,2,0.001600002,0x25528f3de6a8f9c936216e1cebfdd24112711e96,2017-11-01T17:24:24.000Z,0.000800001,0x077664018c741c2df811ecd2f0ed6668c89bbb49,sell,0x13f1b7fdfbe1fc66676d56483e21b1ecb40b58e2,0x329efc24d8a641084076313881fe366584d42ec147f98b177dbebd2361cea522
35,36.98554595872915,0.03279382609304254,0x49ea8a980ad4e401bdd6d629e388a13baf62b944,2017-11-01T11:42:23.000Z,0.000886666,0x18d75ed5cdd83c97a5d7d318435c2ad017d0c42e,buy,0x13f1b7fdfbe1fc66676d56483e21b1ecb40b58e2,0xcaea3cabf448604b77fd025059878b55a4b8c82b186356b84798c47057a41480
36,3.435605008933844,0.002267502741501345,0x7a7ff7c18165aaa487ed9baa531eb9108b83abb1,2017-11-01T11:26:30.000Z,0.0006600009999999997,0xdf42bc701b03d31f49c626fdfc66255865a7faee,sell,0x13f1b7fdfbe1fc66676d56483e21b1ecb40b58e2,0xb156e8a04e73315502c8a2b138fee3192932d8d08f44cd9a5a9dc1659d48d0b8
37,26.9165586681288,0.018034094307646294,0xdf42bc701b03d31f49c626fdfc66255865a7faee,2017-11-01T10:32:24.000Z,0.00067,0xe2e53a44f71aaa1d2aa0f81dd3963f41efdfcb77,sell,0x13f1b7fdfbe1fc66676d56483e21b1ecb40b58e2,0x0364fb0db79e6dc11256d41ffffde4d6e8db8e78b0fc87a5fdc3f10083498075
38,10.6,0.007314,0x8e2096cd61f504152753b2626bfdcd6cfe8b176c,2017-11-01T10:08:32.000Z,0.00069,0x18d75ed5cdd83c97a5d7d318435c2ad017d0c42e,sell,0x13f1b7fdfbe1fc66676d56483e21b1ecb40b58e2,0x5a05051bd33a8d8ce3755edb9a03ae2eea316d56481302a9261ea0201a94aa8a
39,44.860931113548,0.03095404246834812,0x8e2096cd61f504152753b2626bfdcd6cfe8b176c,2017-11-01T09:22:42.000Z,0.00069,0x894e997f26812f98a47688ef2520a1c60479c2be,sell,0x13f1b7fdfbe1fc66676d56483e21b1ecb40b58e2,0xd4507df07f4439289130ea71eb57279070f7dd05e41548485ccd3356e547719b
40,153.53661809664757,0.10594026648668682,0x8e2096cd61f504152753b2626bfdcd6cfe8b176c,2017-11-01T09:00:06.000Z,0.00069,0x6814908ffe738c3f729385d38621e8933832ce8b,sell,0x13f1b7fdfbe1fc66676d56483e21b1ecb40b58e2,0xc7cd04b5bfe612dcf0c28b68cc8174e229dcdffbaea442c524c0466ec3442d3b
41,46.00778460066586,0.031745371374459444,0x8e2096cd61f504152753b2626bfdcd6cfe8b176c,2017-11-01T08:40:12.000Z,0.00069,0xb11154b3b7836e26881b9b1c678a548ba09553a4,sell,0x13f1b7fdfbe1fc66676d56483e21b1ecb40b58e2,0x48a18b463f640904f3af48ee32b677a6eaeb7037c50a14e6b1f2fe07ad40270f
42,125.81612747183289,0.08681312795556469,0x8e2096cd61f504152753b2626bfdcd6cfe8b176c,2017-11-01T08:34:24.000Z,0.00069,0x6814908ffe738c3f729385d38621e8933832ce8b,sell,0x13f1b7fdfbe1fc66676d56483e21b1ecb40b58e2,0x9c5d6fc6d59e73742c3ae94a9579ef9af2f7f12cca8214deae66606e279ea64c
43,1.6734980754143398,0.001171465387770791,0xf0b6feeaff52411c0b9a750f41aaafbf288f4375,2017-11-01T08:30:12.000Z,0.0007000099999999994,0x6814908ffe738c3f729385d38621e8933832ce8b,sell,0x13f1b7fdfbe1fc66676d56483e21b1ecb40b58e2,0xd191f027085b83b3d8ad0b91272e67162faac4531650ca6dc1096094861584c2
44,39.99533794951531,0.028876633999550053,0xdd8804e408a21dc344e2a480dd207dea38f325ce,2017-11-01T08:27:43.000Z,0.000722,0x6814908ffe738c3f729385d38621e8933832ce8b,sell,0x13f1b7fdfbe1fc66676d56483e21b1ecb40b58e2,0xbf7b4fef6935c8ef8f2a8bb6a8468b73f265ad70b98d3bbc64df62274a58525b
45,0.004662050484690039,0.000003366000449946,0xdd8804e408a21dc344e2a480dd207dea38f325ce,2017-11-01T06:55:18.000Z,0.0007219999999999553,0xfccdaf1429397433fc6ba1a952c9b74fb9eae680,sell,0x13f1b7fdfbe1fc66676d56483e21b1ecb40b58e2,0x94582c637c96e59dcd637d6feb2ec964f106928e1b8f3c62a1bb60cc13ecea27
46,40.651791930061165,0.028456660868962116,0xf0b6feeaff52411c0b9a750f41aaafbf288f4375,2017-11-01T06:01:47.000Z,0.0007000099999999999,0x080b35710dc43bf16c8cbcd01731a4d5981aa1a2,sell,0x13f1b7fdfbe1fc66676d56483e21b1ecb40b58e2,0x7f6e0b85f5a78d1c5955c4aceb8cf0e0b8cbd29f4957f0609a9abec929bf71ea
47,12,0.00852,0x8e97c9b72b542cf9fe56ef3a0f35a687e499c67b,2017-11-01T04:16:13.000Z,0.00071,0x4b486fead20bbf53ab855bf1d4891b3e0b74af28,buy,0x13f1b7fdfbe1fc66676d56483e21b1ecb40b58e2,0x567b6ea8e56fd1036ddcb4c065b90ac6bfe52e75efff54fa4934e1fdaed609b5
48,298,0.298,0x49ea8a980ad4e401bdd6d629e388a13baf62b944,2017-11-01T02:00:43.000Z,0.001,0x08ef720ca2596bad5333fedf818f1bc148d9b8c6,buy,0x13f1b7fdfbe1fc66676d56483e21b1ecb40b58e2,0x1f06f09e4138f089e6b5336f976fcab6150de6b9f4c294d5985d7dd9a1705f95
49,3.76,0.0035344,0x49ea8a980ad4e401bdd6d629e388a13baf62b944,2017-11-01T01:57:54.000Z,0.00094,0x2d336c23728ffbc3829c4977f5601df78c910417,buy,0x13f1b7fdfbe1fc66676d56483e21b1ecb40b58e2,0xd3c40225b7d8f791fdffd3206c16ee65beb4b8c9de66068a84cb39b245a9583a
50,10.232708870478998,0.009618746338250259,0x49ea8a980ad4e401bdd6d629e388a13baf62b944,2017-11-01T01:57:54.000Z,0.00094,0x935ff6f507d8f55aff8d7b181e3b5f952485937a,buy,0x13f1b7fdfbe1fc66676d56483e21b1ecb40b58e2,0x3272c0b23f279e8af0f7a96b83db3b3078aa331f4a124974dbd6900151230611
51,61,0.05612,0x49ea8a980ad4e401bdd6d629e388a13baf62b944,2017-11-01T01:55:00.000Z,0.00092,0xc3cd7269c26d3fc5c0f751a9f238f546fc1e153b,buy,0x13f1b7fdfbe1fc66676d56483e21b1ecb40b58e2,0x4ac0a91b9e5ed0542738cdfdfa1dec772041c690a81d90aa184b0bb54a41eca5
52,37,0.03367,0x49ea8a980ad4e401bdd6d629e388a13baf62b944,2017-11-01T01:55:00.000Z,0.00091,0xb69e5f9f642cae3ea0a299de47fc4c612be3bb47,buy,0x13f1b7fdfbe1fc66676d56483e21b1ecb40b58e2,0x062a753025234b27af118e553d68715f8dd451e592b21cd3781222a64f38629d
53,34,0.0289,0x49ea8a980ad4e401bdd6d629e388a13baf62b944,2017-11-01T01:55:00.000Z,0.00085,0xd4a2deacd186d082c3746ab06b082e4651a5f343,buy,0x13f1b7fdfbe1fc66676d56483e21b1ecb40b58e2,0xedb026be05e827f1b506153cd6928fa6cff240c3288247d25db5b1d3f0e86577
54,51,0.04335,0xb9fac6494b5a2fd5141f5b09ad0e61444c8d9d47,2017-10-31T22:42:52.000Z,0.00085,0xd4a2deacd186d082c3746ab06b082e4651a5f343,buy,0x13f1b7fdfbe1fc66676d56483e21b1ecb40b58e2,0x366d3a1d52459ccde7584aff90d56677e742902ce4ca382d0c3d3d4276330976
55,85,0.068,0xb9fac6494b5a2fd5141f5b09ad0e61444c8d9d47,2017-10-31T22:39:25.000Z,0.0008,0x32b5f3b15b6b4e465aa619eb4bf94dd5846938d3,buy,0x13f1b7fdfbe1fc66676d56483e21b1ecb40b58e2,0xbfc048faf341c354ac2b8eeb108add06d5afa218f670b827601864fcac1c7af9
56,7.674709994524495,0.005372373743267091,0xf0b6feeaff52411c0b9a750f41aaafbf288f4375,2017-10-31T21:49:36.000Z,0.0007000099999999999,0xe5ae6ae033f076d3d5661c279651e648780a9869,sell,0x13f1b7fdfbe1fc66676d56483e21b1ecb40b58e2,0x5c4c541c1c6474c3366015337503942ceef0e81cd21d394c57f375abfba40251
57,80.06131446110915,0.05604372073592102,0x95ce81027b57239985d75fc2b7e2aa6f2baccbd2,2017-10-31T21:47:15.000Z,0.00070001,0xe5ae6ae033f076d3d5661c279651e648780a9869,sell,0x13f1b7fdfbe1fc66676d56483e21b1ecb40b58e2,0x32688c7852714dd13f8b49c314e2d1f72cc5fa68fb53e62bafec981f5fcf6414
58,19.938685538890848,0.013957279264078982,0x95ce81027b57239985d75fc2b7e2aa6f2baccbd2,2017-10-31T20:38:34.000Z,0.0007000099999999999,0x88216428e5d63491e66711051e37eb47e7cda8d3,sell,0x13f1b7fdfbe1fc66676d56483e21b1ecb40b58e2,0x38dc2b2ebeec9ea6694408c1d9b01b9f10599519ae1ae186d17c70555652913c
59,50,0.035001,0x2574839aeba27fc9aa3b8ef768440de73aaa2276,2017-10-31T17:15:01.000Z,0.00070002,0x935ff6f507d8f55aff8d7b181e3b5f952485937a,sell,0x13f1b7fdfbe1fc66676d56483e21b1ecb40b58e2,0x99baf5dd9b8fd84e287c5576139a21df74cb562bae31d05deba47bf16ab26385
60,84.482,0.05913824482,0x25528f3de6a8f9c936216e1cebfdd24112711e96,2017-10-31T15:37:46.000Z,0.00070001,0xefaff3c81a10e700fb992cbed55e83e242477f45,sell,0x13f1b7fdfbe1fc66676d56483e21b1ecb40b58e2,0xa5e497db16efae922421b494c80674a8e1b59af522fd563a6d348bd3a508e50c
61,95.7033197089024,0.06699328082942876,0x25528f3de6a8f9c936216e1cebfdd24112711e96,2017-10-31T13:21:03.000Z,0.00070001,0xeb764abebcdd1e0160cf46a644bc5afe249c0678,sell,0x13f1b7fdfbe1fc66676d56483e21b1ecb40b58e2,0x532a446c0149f835ca4c3aa93fbfcd7f1fcef25792f57a613366905b57e5b0e6
62,59.814574818064,0.04187080051839298,0x25528f3de6a8f9c936216e1cebfdd24112711e96,2017-10-31T12:39:31.000Z,0.0007000099999999999,0x309bd98f55de942e10a1d9071709f26696b4a248,sell,0x13f1b7fdfbe1fc66676d56483e21b1ecb40b58e2,0x67a346df5dcce0272992d143861fb4cb81fd2185712d5b9a3de06cd9b3c24bc6
63,5,0.0047,0xf4212b5b0c221d999cccb07fcccca40d72569f3b,2017-10-31T11:38:53.000Z,0.00094,0x2d336c23728ffbc3829c4977f5601df78c910417,buy,0x13f1b7fdfbe1fc66676d56483e21b1ecb40b58e2,0xc1496e1a7c028be8fc020b7b1cc560a3660744b1f2b4f2bcca9c2959a6229b09
64,109.63513109360981,0.07367480809490579,0x3eab84f29252d0a4efda33b34419bbdc24ab4ca4,2017-10-31T11:21:46.000Z,0.000672,0x7893c9d837d8b487890a76b58d41bb49643e5e37,sell,0x13f1b7fdfbe1fc66676d56483e21b1ecb40b58e2,0x624aaaa282721539349c86d0dc9f4487956074daddb4747b6d5e0571cd7a1c68
65,200,0.1345,0xafc092e6fdd10f28d93abd00d1e427effdaad39c,2017-10-31T11:12:02.000Z,0.0006725,0x7893c9d837d8b487890a76b58d41bb49643e5e37,sell,0x13f1b7fdfbe1fc66676d56483e21b1ecb40b58e2,0x9771c9751028c0f38acfdf6b3d6feb40e62ca38800da0b16f5ffdbaf94ddf604
66,58.345153994002516,0.05251063859460226,0xf44072eda87ede9613b6ae1b812de8a60ade27a2,2017-10-31T10:05:08.000Z,0.0009,0xafc092e6fdd10f28d93abd00d1e427effdaad39c,buy,0x13f1b7fdfbe1fc66676d56483e21b1ecb40b58e2,0x4ed455db76ed419803f3c6e0bee4ac577208e13a46bdfc644954b52d96f916f2
67,58.1701185320205,0.05584331379073968,0x935ff6f507d8f55aff8d7b181e3b5f952485937a,2017-10-31T10:05:08.000Z,0.00096,0xf44072eda87ede9613b6ae1b812de8a60ade27a2,sell,0x13f1b7fdfbe1fc66676d56483e21b1ecb40b58e2,0x4ed455db76ed419803f3c6e0bee4ac577208e13a46bdfc644954b52d96f916f2
68,10,0.007,0x5b490f40ea7cfad598423819a6a3d1154d273434,2017-10-31T09:59:08.000Z,0.0007,0x0b55f20278a25bc9b4b87988607abf81cdeddb07,sell,0x13f1b7fdfbe1fc66676d56483e21b1ecb40b58e2,0xc1b568e4e17be3a4da642e4fc90398bfd6c4250ae125d8546d468d2f13abbbc1
69,1.066,0.00102336,0x935ff6f507d8f55aff8d7b181e3b5f952485937a,2017-10-31T09:56:18.000Z,0.00096,0x0b55f20278a25bc9b4b87988607abf81cdeddb07,sell,0x13f1b7fdfbe1fc66676d56483e21b1ecb40b58e2,0xd8f002609490851d63eefb919b2f0be16d05e13ac26ffc07289b49e836db0b25
70,1.1465903384584957,0.001100726724920155,0x935ff6f507d8f55aff8d7b181e3b5f952485937a,2017-10-31T09:48:12.000Z,0.0009599999999999993,0x1d5321e125f6c7079a716705541c7b371ca79e69,sell,0x13f1b7fdfbe1fc66676d56483e21b1ecb40b58e2,0xed7b4df7eab3660f4dd82faf3bc6aa5c6716ae2832b14b385231c555674b472d
71,1.1500301094738712,0.001035027098526484,0x1d5321e125f6c7079a716705541c7b371ca79e69,2017-10-31T09:48:12.000Z,0.0009,0xafc092e6fdd10f28d93abd00d1e427effdaad39c,buy,0x13f1b7fdfbe1fc66676d56483e21b1ecb40b58e2,0xed7b4df7eab3660f4dd82faf3bc6aa5c6716ae2832b14b385231c555674b472d
72,70.78058020137574,0.04671518293290799,0xafc092e6fdd10f28d93abd00d1e427effdaad39c,2017-10-31T08:51:39.000Z,0.00066,0x9c87d761dce93fc8de514a729b660d9da9f7a5a8,sell,0x13f1b7fdfbe1fc66676d56483e21b1ecb40b58e2,0xee93cf9ff7198e089501b817c34b1dd5d7b82328bd17d294a322b6be14408887
73,80.7496760043864,0.05248728940285116,0x8e2096cd61f504152753b2626bfdcd6cfe8b176c,2017-10-31T08:35:32.000Z,0.00065,0x26c119a083cdace31da3863c804f30d54352b116,sell,0x13f1b7fdfbe1fc66676d56483e21b1ecb40b58e2,0x595cf95964e13928c2e18bc7b0a7d5ebeaf8dad6505337913a01e398a64144dd
74,29,0.0579999971,0x143a5d5f191c1c57e8d648d6f8bdc8610dc55a23,2017-10-31T08:25:29.000Z,0.0019999999,0xab30400223ae56db09b44931131b1dd37f60ff22,buy,0x13f1b7fdfbe1fc66676d56483e21b1ecb40b58e2,0x0b348eab4a8cecca3082fdb9b8d1a499abe7166c975e392b1adec692e7835332
75,536.1116168235096,0.4610559904682183,0x8e2096cd61f504152753b2626bfdcd6cfe8b176c,2017-10-31T08:14:59.000Z,0.00086,0xbac3b9974c84a83f981695d518364b2a92f04316,sell,0x13f1b7fdfbe1fc66676d56483e21b1ecb40b58e2,0xa79334d8418208ce49acd1f9a21b40c2033c03eef37d2f8b08d70c3fe15cc776
76,29,0.02494,0x8e2096cd61f504152753b2626bfdcd6cfe8b176c,2017-10-31T06:32:31.000Z,0.00086,0x7e60aad04738b80eaad7da83a8465f8886511ff4,sell,0x13f1b7fdfbe1fc66676d56483e21b1ecb40b58e2,0x4c3ee1b6b57a61198a9ff37c2babf335fc03f45527cea5180b79f25cb4bd0f7e
77,9,0.015291,0xc6f4f13730831fe0a397e5bfffdf4737770e5847,2017-10-31T06:17:42.000Z,0.001699,0x95ce81027b57239985d75fc2b7e2aa6f2baccbd2,buy,0x13f1b7fdfbe1fc66676d56483e21b1ecb40b58e2,0x74ef3bb296e1f207e9904c56b566ec387c41c53de00a474048f568ec105f74fd
78,0.9973763816467625,0.000009974761192849,0xf36990a2cb4d609e0a7d4f3bf884c0342d81fd3d,2017-10-31T05:44:32.000Z,0.00001000099999999972,0x770f34fdd214b36f2494ed57bb827b4c319e5baa,sell,0x13f1b7fdfbe1fc66676d56483e21b1ecb40b58e2,0x30fd050f6c69091b94e5d5ced247f0a93f2d826221a66ba3d8833f7731ddde0a
79,750,0.6825,0x770f34fdd214b36f2494ed57bb827b4c319e5baa,2017-10-31T04:36:40.000Z,0.00091,0x6009502524cc23d9861056a1d2b2f89603b14bbc,sell,0x13f1b7fdfbe1fc66676d56483e21b1ecb40b58e2,0xfde48e8c80706f8cb14e8696cb8baf833c63ea013fd0e85e4301e604dddf7d60
80,249.581,0.240845665,0x5a86aec568be3b7ec91a122b050dae20cd415cb9,2017-10-31T04:36:32.000Z,0.000965,0x6009502524cc23d9861056a1d2b2f89603b14bbc,sell,0x13f1b7fdfbe1fc66676d56483e21b1ecb40b58e2,0x44859e90af3106a96660202c5af76fe7f09d82236cc7d43894a358a1daa2ddbe
81,5,0.00525,0x077664018c741c2df811ecd2f0ed6668c89bbb49,2017-10-31T03:51:41.000Z,0.00105,0x8aa571ff710ca435cb14076ec7e915dd66c4416f,buy,0x13f1b7fdfbe1fc66676d56483e21b1ecb40b58e2,0x8c04d11e6a5822ebd0ed42a319d27fe01cf55fa9be45534f400b25b9aa207bb1
82,0.4189113332271,0.000404249436564151,0x5a86aec568be3b7ec91a122b050dae20cd415cb9,2017-10-31T03:37:20.000Z,0.0009649999999999988,0xe444a40689f51f63bcd29910622035707d533d29,sell,0x13f1b7fdfbe1fc66676d56483e21b1ecb40b58e2,0x0ded957a2ae03f4b1bff0b17154ec8417610017afa474e99fec04164fab98c84
83,12.837204665536836,0.011039996012361677,0x8e2096cd61f504152753b2626bfdcd6cfe8b176c,2017-10-31T03:02:38.000Z,0.00086,0xe906b031daa3d55df74905155077d844b2357bef,sell,0x13f1b7fdfbe1fc66676d56483e21b1ecb40b58e2,0x494dd92cf2f08865302d7abc40e563224b51838b0f35c6a46ec17072e57d7f47
84,41,0.03567,0x5a86aec568be3b7ec91a122b050dae20cd415cb9,2017-10-31T03:01:31.000Z,0.00087,0xe906b031daa3d55df74905155077d844b2357bef,sell,0x13f1b7fdfbe1fc66676d56483e21b1ecb40b58e2,0xea1d75331a91f965c25a11715d85d7c8f740a120267d66a1092e644496321645
85,140,0.1218,0x5a86aec568be3b7ec91a122b050dae20cd415cb9,2017-10-31T02:37:56.000Z,0.00087,0xfe3c397ece39edac26c5b33387898158852a0818,sell,0x13f1b7fdfbe1fc66676d56483e21b1ecb40b58e2,0xa2459e967747156008f372e571cac23e7ce8f5c8c3ed48176a98b19085fd5a31
86,19,0.01653,0x5a86aec568be3b7ec91a122b050dae20cd415cb9,2017-10-31T01:20:03.000Z,0.00087,0x7e72093fc98207970ab626b62f8a8f2d745cb574,sell,0x13f1b7fdfbe1fc66676d56483e21b1ecb40b58e2,0xdab448a974435ec2a795eaedd5aade6030cf701768604c3fbaa7659c5dcf6e49
87,77.69760339438385,0.08158248356410304,0x3cf553428964450b54a79439abf7447414364aa6,2017-10-31T00:47:23.000Z,0.00105,0x935ff6f507d8f55aff8d7b181e3b5f952485937a,buy,0x13f1b7fdfbe1fc66676d56483e21b1ecb40b58e2,0x05cc2c7f336929165926128266c5200ca03388ecb3f667758b847d977ef24ae7
88,233.143,0.24480015,0x3cf553428964450b54a79439abf7447414364aa6,2017-10-31T00:46:42.000Z,0.00105,0xee72cd07a36d08f5fafff2214857a8221a3314be,buy,0x13f1b7fdfbe1fc66676d56483e21b1ecb40b58e2,0xbd361a3594c91fc7f875f2f6fb9497499b8972c441e87edb919c4ded59e4e33c
89,76.4869390385338,0.0764869390385338,0x5a86aec568be3b7ec91a122b050dae20cd415cb9,2017-10-31T00:46:14.000Z,0.001,0x935ff6f507d8f55aff8d7b181e3b5f952485937a,sell,0x13f1b7fdfbe1fc66676d56483e21b1ecb40b58e2,0xd85172096ac08a058929542d2c48d8dbfaa7f66396cb735a55133a0f2eb09907
90,36.78192747527339,0.03678192747527339,0x5a86aec568be3b7ec91a122b050dae20cd415cb9,2017-10-30T23:14:49.000Z,0.001,0x12c3fd99ab45bd806128e96062dc5a6c273d8af6,sell,0x13f1b7fdfbe1fc66676d56483e21b1ecb40b58e2,0x4314a7c48de861d5f645560d912b7ac96ab6313c020f04bacf35f882c139026f
91,55.82693649685974,0.055826936496859735,0x5a86aec568be3b7ec91a122b050dae20cd415cb9,2017-10-30T23:01:39.000Z,0.001,0x4c8e19f625b3aceb53c3015f68606629be0fde60,sell,0x13f1b7fdfbe1fc66676d56483e21b1ecb40b58e2,0x43a6a744c6f53af2531954dc005185b8584c766f3167b946209990f8597cb139
92,30.904196989333066,0.03090419698933307,0x5a86aec568be3b7ec91a122b050dae20cd415cb9,2017-10-30T22:15:52.000Z,0.001,0xe4baa1588397d9f8b409955497c647b2ede9defb,sell,0x13f1b7fdfbe1fc66676d56483e21b1ecb40b58e2,0x6485c5b6ed130c37b7fd6872f199e35e5423355fbd28c39c6af589b9daf67e47
93,200,0.2,0x08ce2765aba05539f185c34ea694f574a5146670,2017-10-30T21:59:16.000Z,0.001,0x12c3fd99ab45bd806128e96062dc5a6c273d8af6,sell,0x13f1b7fdfbe1fc66676d56483e21b1ecb40b58e2,0x80f898a1d5e324f8e1991b132dae2d7172f5bae6099d8bb328831e51f063eec6
94,39,0.03315,0x97bb447b8b9c6e8fc625d50e4ad6780dbe54dea9,2017-10-30T21:17:02.000Z,0.00085,0x0cccd5ccba3c9020ae048b54cc44b95f054e247e,buy,0x13f1b7fdfbe1fc66676d56483e21b1ecb40b58e2,0x71af70370fd1cc2caffef4cae8feaebf799544213555f36670e0fd592084ac47
95,27.91346824842987,0.023726448011165385,0x770f34fdd214b36f2494ed57bb827b4c319e5baa,2017-10-30T21:15:26.000Z,0.00085,0x85841b2bfa2fedb66320ab3ee56b8a5fd9a783e5,sell,0x13f1b7fdfbe1fc66676d56483e21b1ecb40b58e2,0x36e085327701a72ca755db4ac846517e453c50864a1ffb53a580837656df54b6
96,0.22218751495564473,0.000236407515912806,0x1d5321e125f6c7079a716705541c7b371ca79e69,2017-10-30T19:34:37.000Z,0.001064,0x080b35710dc43bf16c8cbcd01731a4d5981aa1a2,buy,0x13f1b7fdfbe1fc66676d56483e21b1ecb40b58e2,0xd8f59823d110b13f0ee9f01c8ea7724144fe003270a627770c25f169753961fc
97,0.22152294611729287,0.000321208271870074,0x9a265f1d59e020341ca2b6f4eb20aeec46054414,2017-10-30T19:34:37.000Z,0.001449999999999997,0x1d5321e125f6c7079a716705541c7b371ca79e69,sell,0x13f1b7fdfbe1fc66676d56483e21b1ecb40b58e2,0xd8f59823d110b13f0ee9f01c8ea7724144fe003270a627770c25f169753961fc
98,16,0.017024,0x38c6cad1a10deb8d5c383c0da2594d9ff39c586e,2017-10-30T18:49:52.000Z,0.001064,0x080b35710dc43bf16c8cbcd01731a4d5981aa1a2,buy,0x13f1b7fdfbe1fc66676d56483e21b1ecb40b58e2,0x22a3e068dff9e57e170e1490bdacd62531efc0b36963140897c2cdf9bd440575
99,17,0.01751,0x38c6cad1a10deb8d5c383c0da2594d9ff39c586e,2017-10-30T18:47:41.000Z,0.00103,0x607ab992af733e092bb8b0e98e6249c197e6c93b,buy,0x13f1b7fdfbe1fc66676d56483e21b1ecb40b58e2,0xae3fc3e505aad99fffac3efcea83b6dd4663bad75a0cd3f57d19e64e9ec6e30c
100,15,0.0153,0x38c6cad1a10deb8d5c383c0da2594d9ff39c586e,2017-10-30T18:46:49.000Z,0.00102,0x3eab84f29252d0a4efda33b34419bbdc24ab4ca4,buy,0x13f1b7fdfbe1fc66676d56483e21b1ecb40b58e2,0x2f1ca86e15ffc9f0d433080b8decdcd06f910ea9e511b6551fca70d8d976fd5b
101,76.76203768318213,0.04528960223307746,0xc9dbba1f6e01411c068fd86f8a6af4e39b7a1ac5,2017-10-30T18:23:33.000Z,0.00059,0x08b62e5c3c527f5081db14aff85b9e9f3bc75079,sell,0x13f1b7fdfbe1fc66676d56483e21b1ecb40b58e2,0x494b061e1466995cde160f9ea6c8d53cf2d08d639f7e855742e94d1b0775913e
102,0.1278688110725139,0.00014704913273339,0x3bedc86edaa5f3f07bba5c7d9c7c8b041f915d6d,2017-10-30T17:59:18.000Z,0.0011499999999999922,0x1d5321e125f6c7079a716705541c7b371ca79e69,sell,0x13f1b7fdfbe1fc66676d56483e21b1ecb40b58e2,0x3dbe90ad1b85f5c92207b2cf4f6e42be67e6b611ce5908149ba85b3a1cc90f8c
103,0.12825241750573146,0.000136588824643604,0x1d5321e125f6c7079a716705541c7b371ca79e69,2017-10-30T17:59:18.000Z,0.001065,0x935ff6f507d8f55aff8d7b181e3b5f952485937a,buy,0x13f1b7fdfbe1fc66676d56483e21b1ecb40b58e2,0x3dbe90ad1b85f5c92207b2cf4f6e42be67e6b611ce5908149ba85b3a1cc90f8c
104,5.9415656942493325,0.002970782847124666,0x97bb447b8b9c6e8fc625d50e4ad6780dbe54dea9,2017-10-30T16:55:06.000Z,0.0005,0xb9b65361c4da42b14b935bc778f141afa5d71558,sell,0x13f1b7fdfbe1fc66676d56483e21b1ecb40b58e2,0xce948c30689fd512902fa1cc7bbf7262f73bdc23a8d5a1f84005ef3818ab1ea6
105,49.5,0.02475,0x97bb447b8b9c6e8fc625d50e4ad6780dbe54dea9,2017-10-30T16:54:16.000Z,0.0005,0xb3e30dea4952551d57cbbd64ab850965179ad2d5,sell,0x13f1b7fdfbe1fc66676d56483e21b1ecb40b58e2,0xa1c3c26736214d98f87a4dc67cfe68f8a7ee0d10fdcf8e78e7d43da1956b619f
106,69.44225566753899,0.06666456544083743,0x935ff6f507d8f55aff8d7b181e3b5f952485937a,2017-10-30T16:53:04.000Z,0.00096,0xb3e30dea4952551d57cbbd64ab850965179ad2d5,sell,0x13f1b7fdfbe1fc66676d56483e21b1ecb40b58e2,0x5fc466cd97ee9208e6969b282c955dc2b467e79da9f40b5c89b5e9615c285b6c
107,22.89455913283152,0.022001694221210222,0x935ff6f507d8f55aff8d7b181e3b5f952485937a,2017-10-30T16:51:23.000Z,0.000961001,0xb3e30dea4952551d57cbbd64ab850965179ad2d5,sell,0x13f1b7fdfbe1fc66676d56483e21b1ecb40b58e2,0xaef2ed74399f677515deac8414057cf4ccce9305f4c84524217da71efae89914
108,34.289680291097596,0.03295241704942508,0x935ff6f507d8f55aff8d7b181e3b5f952485937a,2017-10-30T16:50:14.000Z,0.000961001,0xb3e30dea4952551d57cbbd64ab850965179ad2d5,sell,0x13f1b7fdfbe1fc66676d56483e21b1ecb40b58e2,0xad0f5ba027f495cd5b74cceaa7282d967bd997b0179670b7d00f01db797f28c9
109,27.444920745688368,0.026374596281527263,0x935ff6f507d8f55aff8d7b181e3b5f952485937a,2017-10-30T16:36:11.000Z,0.000961001,0x230601e5772e46987b89554ffb76eab55e1170a0,sell,0x13f1b7fdfbe1fc66676d56483e21b1ecb40b58e2,0x7338650ca3169f7110753ede41bf0847a8271853cb6b872b84f33e6f84dfe7e6
110,0.007,0.000006727007,0x935ff6f507d8f55aff8d7b181e3b5f952485937a,2017-10-30T16:11:48.000Z,0.000961001,0xe9d19248b5d662de2c88c3179951e2067c532eaa,sell,0x13f1b7fdfbe1fc66676d56483e21b1ecb40b58e2,0x114905c2d7b7827a8acf4111b742cdc2924ce139aa72b790a7692a393a9e942e
111,38.296121105859186,0.05318948260392782,0x08ce2765aba05539f185c34ea694f574a5146670,2017-10-30T15:29:11.000Z,0.0013889,0x1bc17feec575562e9666445da7b08343295219d3,buy,0x13f1b7fdfbe1fc66676d56483e21b1ecb40b58e2,0x05dd7ab56b6cb3d764f0ce4adad9ec4eae66f232029c15ee92d894a7c88171f9
112,41.5,0.05395,0x08ce2765aba05539f185c34ea694f574a5146670,2017-10-30T15:27:54.000Z,0.0013,0x1091d6f008de78f798e8a7ca84e435577296ec01,buy,0x13f1b7fdfbe1fc66676d56483e21b1ecb40b58e2,0xef1eb0ca4d86ad411a918424a7b3d6e3785d8526dd207889a5a87968a0c684fe
113,78,0.09126,0x08ce2765aba05539f185c34ea694f574a5146670,2017-10-30T15:26:34.000Z,0.00117,0x82d90e2fd955777c152d160201904bc4ddbe045c,buy,0x13f1b7fdfbe1fc66676d56483e21b1ecb40b58e2,0x7c82cc63b32a4cebf6600905041562cc03032bc44ea4cc3ed68159af856233de
114,19.98234228486103,0.023377342239058917,0x38c6cad1a10deb8d5c383c0da2594d9ff39c586e,2017-10-30T15:20:37.000Z,0.0011699,0xd2c694cad1be93ede30b603b26e4c80028c89fbb,buy,0x13f1b7fdfbe1fc66676d56483e21b1ecb40b58e2,0x9c21033284f44b96c194daee326cde9086ce32ed7dd41facc9ca751ec1475650
115,45.93763951468757,0.048923586083142255,0x3cf553428964450b54a79439abf7447414364aa6,2017-10-30T15:05:12.000Z,0.001065,0xc49280d6dcfb1d0883e671520c24f0004f8ab5ca,buy,0x13f1b7fdfbe1fc66676d56483e21b1ecb40b58e2,0x50a2092a1fa76c94aedf9955494cf2e370c5e1c0dda6a8ec767547f72aedc74d
116,268,0.28676,0x6009502524cc23d9861056a1d2b2f89603b14bbc,2017-10-30T14:53:31.000Z,0.00107,0x12c3fd99ab45bd806128e96062dc5a6c273d8af6,buy,0x13f1b7fdfbe1fc66676d56483e21b1ecb40b58e2,0xf80f7ec34beb6637e74720bf653ec62bc5222071658592cc1ec98f6c297d8780
117,500,0.55,0x6009502524cc23d9861056a1d2b2f89603b14bbc,2017-10-30T14:53:31.000Z,0.0011,0x12c3fd99ab45bd806128e96062dc5a6c273d8af6,buy,0x13f1b7fdfbe1fc66676d56483e21b1ecb40b58e2,0x217d682bc51f03b9fb5a5740d90a746dd6cb2cb2a6bcf81b6b33d6b4d4a263d0
118,87,0.087,0x6009502524cc23d9861056a1d2b2f89603b14bbc,2017-10-30T14:53:26.000Z,0.001,0x2ce7a6af4e043636758468af558959fc8d6be124,buy,0x13f1b7fdfbe1fc66676d56483e21b1ecb40b58e2,0xbbcb7bebed3180f21216b0b4066e4a7bf7abfd1c942ef30d129cd56e50707fe6
119,148,0.148,0x6009502524cc23d9861056a1d2b2f89603b14bbc,2017-10-30T14:53:26.000Z,0.001,0x935ff6f507d8f55aff8d7b181e3b5f952485937a,buy,0x13f1b7fdfbe1fc66676d56483e21b1ecb40b58e2,0x80c32bd234d81679aeb6237b66012dae133b8c576c1f0c6e669a1faeabeeecfa
120,39.87638321204267,0.01595055328481707,0xc9dbba1f6e01411c068fd86f8a6af4e39b7a1ac5,2017-10-30T14:05:02.000Z,0.00039999999999999996,0xfee168e60f615e49d21c67c76cbf301e8e3dcd36,sell,0x13f1b7fdfbe1fc66676d56483e21b1ecb40b58e2,0x44fdabf2a482c39486fdc8056abe02d6c8aebd8cfdf04422149c394327864b01
121,10,0.008,0x4cd1ace2d57ac322437f4c853bdc492ab023de72,2017-10-30T13:55:41.000Z,0.0008,0xc9dbba1f6e01411c068fd86f8a6af4e39b7a1ac5,sell,0x13f1b7fdfbe1fc66676d56483e21b1ecb40b58e2,0xbaded9dbad190610ac57ff5f6c4836e927e8de4c01cc4447c34d9db8e0732fdf
122,19,0.01558,0x3eab84f29252d0a4efda33b34419bbdc24ab4ca4,2017-10-30T13:55:28.000Z,0.00082,0xc9dbba1f6e01411c068fd86f8a6af4e39b7a1ac5,sell,0x13f1b7fdfbe1fc66676d56483e21b1ecb40b58e2,0x48ec2abbf7f060f1ba4d6c1a2762affdffae9afc0f79da76734a9f1fe46863fa
123,15,0.01275,0x7893c9d837d8b487890a76b58d41bb49643e5e37,2017-10-30T13:55:24.000Z,0.00085,0xc9dbba1f6e01411c068fd86f8a6af4e39b7a1ac5,sell,0x13f1b7fdfbe1fc66676d56483e21b1ecb40b58e2,0x798aac6d2dc8ae56de3c635dd51ba9897f73bf78f3fbe26410df753e8d55433b
124,1.497,0.00143712,0x948ef114d1f93b65ab12b0df40d085c5fd895228,2017-10-30T13:54:48.000Z,0.00096,0xc9dbba1f6e01411c068fd86f8a6af4e39b7a1ac5,sell,0x13f1b7fdfbe1fc66676d56483e21b1ecb40b58e2,0xa56661490742cb50bcb00cdbb77e00a67d625c07f1e51a6dd6c086e7ad64d662
125,6.660520121480113,0.006400766497262509,0x935ff6f507d8f55aff8d7b181e3b5f952485937a,2017-10-30T13:23:49.000Z,0.0009610009999999998,0x7e72093fc98207970ab626b62f8a8f2d745cb574,sell,0x13f1b7fdfbe1fc66676d56483e21b1ecb40b58e2,0x703d5acb9b1dd12fd4c13146a29e89da10637b5f14513a5b2d202d5a13307437
126,32,0.03424,0xac6aab3a6dca62033849027a92db03495286e0c2,2017-10-30T13:05:50.000Z,0.00107,0x12c3fd99ab45bd806128e96062dc5a6c273d8af6,buy,0x13f1b7fdfbe1fc66676d56483e21b1ecb40b58e2,0x74d7bbad150f83ed7a061b07d0a55be2e527ea241ee7f2c26f94503f70f42048
127,22.698634233874987,0.008398494666533744,0x3eab84f29252d0a4efda33b34419bbdc24ab4ca4,2017-10-30T12:34:51.000Z,0.00037,0x484ca81ab83c7aa52feb5dc99f2b5b02a250bad4,sell,0x13f1b7fdfbe1fc66676d56483e21b1ecb40b58e2,0xb6aad786cec97c3cf7cdf30017ab4f920d074ec1ae9fbc68309c1e1ce1325eb2
128,25,0.02175,0x3eab84f29252d0a4efda33b34419bbdc24ab4ca4,2017-10-30T12:33:04.000Z,0.00087,0x484ca81ab83c7aa52feb5dc99f2b5b02a250bad4,sell,0x13f1b7fdfbe1fc66676d56483e21b1ecb40b58e2,0x31c744edd4b12760d186eea84d3d2309a0b4f125abd7395619555ccc02d9495c
129,15,0.01443,0x3eab84f29252d0a4efda33b34419bbdc24ab4ca4,2017-10-30T12:32:32.000Z,0.000962,0x484ca81ab83c7aa52feb5dc99f2b5b02a250bad4,sell,0x13f1b7fdfbe1fc66676d56483e21b1ecb40b58e2,0x34500ea2cf34bdf103bed9b6d49745281c68f1de78fe553a9efdab5e36599698
130,37,0.035631,0x3a1dc721b83e3c2c71b9a918dd1930536e5a8165,2017-10-30T12:32:16.000Z,0.000963,0x484ca81ab83c7aa52feb5dc99f2b5b02a250bad4,sell,0x13f1b7fdfbe1fc66676d56483e21b1ecb40b58e2,0x93d2be0f0bc4c276e785a02d1eef96410f96a4988138c08dd7f34aae1d595459
131,68.7867610407736,0.06610414614694447,0x935ff6f507d8f55aff8d7b181e3b5f952485937a,2017-10-30T12:30:56.000Z,0.000961001,0x90cb967082af265d2a216911948a23822dcd4604,sell,0x13f1b7fdfbe1fc66676d56483e21b1ecb40b58e2,0xb9184af8234b660b61297a4bf8cc3f07f78e13b82780c2409dd63a4c6ee9b98a
132,26.9,0.02959,0xdd8804e408a21dc344e2a480dd207dea38f325ce,2017-10-30T11:50:15.000Z,0.0011,0x935ff6f507d8f55aff8d7b181e3b5f952485937a,buy,0x13f1b7fdfbe1fc66676d56483e21b1ecb40b58e2,0x05e8e5958e7f4adaaa5097bedb883f89af2bda2436f4337638af6804aae06a86
133,80,0.093592,0xd955547133e0daa20772fd4b5a93824e0c0dc52e,2017-10-30T10:58:34.000Z,0.0011699,0xd2c694cad1be93ede30b603b26e4c80028c89fbb,buy,0x13f1b7fdfbe1fc66676d56483e21b1ecb40b58e2,0x505cdee5327240e892ddb676f24ce191e22f1ef4f44686025a114fd76f2592ef
134,80,0.093592,0xd955547133e0daa20772fd4b5a93824e0c0dc52e,2017-10-30T10:58:30.000Z,0.0011699,0xd2c694cad1be93ede30b603b26e4c80028c89fbb,buy,0x13f1b7fdfbe1fc66676d56483e21b1ecb40b58e2,0x505cdee5327240e892ddb676f24ce191e22f1ef4f44686025a114fd76f2592ef
135,73,0.070153073,0x935ff6f507d8f55aff8d7b181e3b5f952485937a,2017-10-30T10:04:14.000Z,0.000961001,0x4e6851d7653a78fc1cb85c5f48dca3c73882b337,sell,0x13f1b7fdfbe1fc66676d56483e21b1ecb40b58e2,0x02d70474573449252d106399a136b212036b73cba715a8cd0cde392ec2b8a8c5
136,26.9165586681288,0.025866839796630445,0x935ff6f507d8f55aff8d7b181e3b5f952485937a,2017-10-30T07:37:35.000Z,0.000961001,0xbe4a89c487c9a37928da94b1488371e05f99d7c9,sell,0x13f1b7fdfbe1fc66676d56483e21b1ecb40b58e2,0x72e1353a4efe4e3c0a21536b68aeb1622291b2c58d6a0ce4cfc756d87f2e2787
137,164,0.1803836,0x3cf553428964450b54a79439abf7447414364aa6,2017-10-30T06:35:18.000Z,0.0010999,0xa73f887ad436ef74d8d2be7445decd98712c0d23,buy,0x13f1b7fdfbe1fc66676d56483e21b1ecb40b58e2,0x3496a0efbe2e5353353222e9fb17f623ee3815fbeae038c6088f0898673e9968
138,85.73422390589174,0.0694447213637723,0xbf3133b340b7c43bfef19726ccd5f160c30f5a06,2017-10-30T04:53:42.000Z,0.00081,0x5343d6fcf198ad5aa59e9a471b3415c9b6cf4e94,sell,0x13f1b7fdfbe1fc66676d56483e21b1ecb40b58e2,0xbf76b344e8d9f709b3122c4b34fa4b5bfb05c93e078967362d7ce3ab2e32186d
139,231.38632467412572,0.18742292298604182,0xbf3133b340b7c43bfef19726ccd5f160c30f5a06,2017-10-30T03:24:35.000Z,0.00081,0xdeba453d3e2d7f0a3f6d40c3d6c24b9e2de2be4e,sell,0x13f1b7fdfbe1fc66676d56483e21b1ecb40b58e2,0x6178cdcffb918ce7510d3e642b0d1424d9761e765e540dee947b4b0f6b1350c1
140,41.5,0.03735,0x1091d6f008de78f798e8a7ca84e435577296ec01,2017-10-30T03:19:34.000Z,0.0009,0xdeba453d3e2d7f0a3f6d40c3d6c24b9e2de2be4e,sell,0x13f1b7fdfbe1fc66676d56483e21b1ecb40b58e2,0x8fe899e40432d1e48cab0bc5f2ed18c585c7bc2b281686fb43780d1ad228dfd4
141,17.225600638022133,0.016622704615691358,0xfa7182a6ec853a48f0719162c33cdab951ec7d5a,2017-10-30T03:19:34.000Z,0.0009649999999999999,0xdeba453d3e2d7f0a3f6d40c3d6c24b9e2de2be4e,sell,0x13f1b7fdfbe1fc66676d56483e21b1ecb40b58e2,0xc66e3bb238898a00e2380c64f0bde22b6a92fb2f5f18aed7c4239156259bd936
142,9,0.00945,0x95ce81027b57239985d75fc2b7e2aa6f2baccbd2,2017-10-30T03:19:17.000Z,0.00105,0xdeba453d3e2d7f0a3f6d40c3d6c24b9e2de2be4e,sell,0x13f1b7fdfbe1fc66676d56483e21b1ecb40b58e2,0x163c328c12d0b3bc43cfed148892c9909225efe5fd2523679f855de7f2ded751
143,323.9972055171336,0.31103731729644823,0x948ef114d1f93b65ab12b0df40d085c5fd895228,2017-10-30T03:06:05.000Z,0.00096,0xdeba453d3e2d7f0a3f6d40c3d6c24b9e2de2be4e,sell,0x13f1b7fdfbe1fc66676d56483e21b1ecb40b58e2,0xaaf6f9292d4bc179ddf7a690bd8b4be6eec6bd39d25fa1813f0288859da4c369
144,72.77439936197787,0.07022729538430865,0xfa7182a6ec853a48f0719162c33cdab951ec7d5a,2017-10-30T02:54:29.000Z,0.000965,0xee3f07980dcadfa90d7d1852d67531d045dbd140,sell,0x13f1b7fdfbe1fc66676d56483e21b1ecb40b58e2,0x92134c650ee15e65b0e0e72fdd57d332eaed7427e160d3f70447553e4b3d040b
145,200,0.2,0x770f34fdd214b36f2494ed57bb827b4c319e5baa,2017-10-30T02:49:44.000Z,0.001,0x12c3fd99ab45bd806128e96062dc5a6c273d8af6,sell,0x13f1b7fdfbe1fc66676d56483e21b1ecb40b58e2,0x813798492b6d36689648f36358fc7a862625f0c8ed13e0305ddf559f24987aab
146,902.011,0.902011902011,0x62730e07dcba8ca181a9000a43377ee57b249df2,2017-10-30T02:02:15.000Z,0.001000001,0x12c3fd99ab45bd806128e96062dc5a6c273d8af6,sell,0x13f1b7fdfbe1fc66676d56483e21b1ecb40b58e2,0xe4899c5cc0135bec5902242fe2492bb6dcc39a908336fc4a6811fe9b178a564b
147,108.152,0.11139656,0x818255104e6453a48816cf81f8e9c8ce5055f7a9,2017-10-30T01:57:28.000Z,0.00103,0x12c3fd99ab45bd806128e96062dc5a6c273d8af6,sell,0x13f1b7fdfbe1fc66676d56483e21b1ecb40b58e2,0x4f3500abccf8881436120caf57be3f8591b22ceabc34774f9869cae14005dac0
148,500,0.5250005,0x62730e07dcba8ca181a9000a43377ee57b249df2,2017-10-30T01:57:28.000Z,0.001050001,0x12c3fd99ab45bd806128e96062dc5a6c273d8af6,sell,0x13f1b7fdfbe1fc66676d56483e21b1ecb40b58e2,0xdc5e9de1aa5adc7e5563389a9252cb0e1af811c9b395a8900554fb77287f2827
149,399.7335176289315,0.41972419084555435,0x770f34fdd214b36f2494ed57bb827b4c319e5baa,2017-10-30T01:57:03.000Z,0.00105001,0x12c3fd99ab45bd806128e96062dc5a6c273d8af6,sell,0x13f1b7fdfbe1fc66676d56483e21b1ecb40b58e2,0xd791b99d27ec3fc13d47f8aa69bd636280f5c82a2b6c76f55b8513aa8c479292
150,324.8745504272567,0.34112185156867425,0x62730e07dcba8ca181a9000a43377ee57b249df2,2017-10-30T01:57:03.000Z,0.001050011,0x12c3fd99ab45bd806128e96062dc5a6c273d8af6,sell,0x13f1b7fdfbe1fc66676d56483e21b1ecb40b58e2,0xebb827c066cdbd9faf2d973d945016810608dd9148c810d5fcc840523419bc53
151,0.5664823710685,0.000594812720928006,0x62730e07dcba8ca181a9000a43377ee57b249df2,2017-10-30T01:52:37.000Z,0.0010500109999999987,0x379374d13077e8867ef31803c37baf9785a17c00,sell,0x13f1b7fdfbe1fc66676d56483e21b1ecb40b58e2,0x4f3155a46672fc163dc43adcd4606c3ddcb109f9fea6cf0e994bedece97371b6
152,0.5664823710685,0.000594812154445635,0x770f34fdd214b36f2494ed57bb827b4c319e5baa,2017-10-30T01:51:04.000Z,0.0010500099999999988,0x16e5d97bbc92417e051e3b2cabfbf8ceea2acb9c,sell,0x13f1b7fdfbe1fc66676d56483e21b1ecb40b58e2,0x38c754f289dfa4ce6c4f71dd1d1f72228038b6b8fa5d36440935b07047cd3071
153,31.259096799920247,0.03282239548998106,0x62730e07dcba8ca181a9000a43377ee57b249df2,2017-10-30T01:49:49.000Z,0.001050011,0x0df178a526e29ca30dbecaeccd136cf160d83db4,sell,0x13f1b7fdfbe1fc66676d56483e21b1ecb40b58e2,0xf1b1101d6604cb96333d4ee793296aa97b9e0010a3c1b4f664cabc7769290bf6
154,32.29987040175456,0.03391521922041671,0x62730e07dcba8ca181a9000a43377ee57b249df2,2017-10-30T01:38:40.000Z,0.001050011,0x29c805b546b9080e37d02e6bb7d8a2cdd5c7c458,sell,0x13f1b7fdfbe1fc66676d56483e21b1ecb40b58e2,0x15b9d47df5b1ced7040db32df94b4d42f6433d585ea45d4197fa0dcbe057d700
155,300,0.357,0x62730e07dcba8ca181a9000a43377ee57b249df2,2017-10-30T01:27:30.000Z,0.00119,0x12c3fd99ab45bd806128e96062dc5a6c273d8af6,buy,0x13f1b7fdfbe1fc66676d56483e21b1ecb40b58e2,0xd19c8c7dd175a0e0f5c2121d32c02b2e7baf002505b29e8b507ec198e2266350
156,29,0.03451,0x97bb447b8b9c6e8fc625d50e4ad6780dbe54dea9,2017-10-30T01:00:32.000Z,0.00119,0x3a1dc721b83e3c2c71b9a918dd1930536e5a8165,buy,0x13f1b7fdfbe1fc66676d56483e21b1ecb40b58e2,0x7441d607c430849718ea372897c21b14a038283727a939188353b13125c3594a
157,66.79294188017147,0.07013258897418004,0x770f34fdd214b36f2494ed57bb827b4c319e5baa,2017-10-30T00:48:17.000Z,0.00105,0x1f59c2b92161711616b4418153923f14d55d2d4c,sell,0x13f1b7fdfbe1fc66676d56483e21b1ecb40b58e2,0x59c372c9ced734dacc4c98fcfae7f3f8f84adf2941dbf6d6b296d765413d84b3
158,17.9443724454192,0.018482703618781775,0x818255104e6453a48816cf81f8e9c8ce5055f7a9,2017-10-30T00:28:31.000Z,0.0010299999999999999,0xb67461b03049e47676f76de2a20529c26a3d7189,sell,0x13f1b7fdfbe1fc66676d56483e21b1ecb40b58e2,0xbb8489a35f82b0fe1aeb886ecefe148f0a1733e3380401362279d8992e21b7ab
159,333.942,0.378022344,0x770f34fdd214b36f2494ed57bb827b4c319e5baa,2017-10-30T00:24:35.000Z,0.001132,0x12c3fd99ab45bd806128e96062dc5a6c273d8af6,buy,0x13f1b7fdfbe1fc66676d56483e21b1ecb40b58e2,0x398fe43b0d7d0bb5b72639b7241d1baf6a257371d07e5932ba447702fc8bfd52
160,200,0.2196,0x770f34fdd214b36f2494ed57bb827b4c319e5baa,2017-10-30T00:24:16.000Z,0.001098,0x12c3fd99ab45bd806128e96062dc5a6c273d8af6,buy,0x13f1b7fdfbe1fc66676d56483e21b1ecb40b58e2,0x77d4b38480e4b1a6173540356f29034843ba070d2f1b451ae8aa00384384b7f8
161,68.7867610407736,0.07085036387199681,0x818255104e6453a48816cf81f8e9c8ce5055f7a9,2017-10-30T00:23:17.000Z,0.0010299999999999999,0xfafcfd51acaae0054bc7cd7bbb153a0a1cc226eb,sell,0x13f1b7fdfbe1fc66676d56483e21b1ecb40b58e2,0x147c51dc2f2e7098a8bde0531be976b9e5d0019f547ddbe5f02e6555836844e8
162,47.7519688964211,0.049184527963313726,0x818255104e6453a48816cf81f8e9c8ce5055f7a9,2017-10-30T00:03:19.000Z,0.0010299999999999999,0xaadce22b1d957f92046bf19706753ed14c5c492f,sell,0x13f1b7fdfbe1fc66676d56483e21b1ecb40b58e2,0x2260dda89aee5ce9d1a930b61ab186796514d5112de66fad5554d3f4e49f0165
163,67.78985146047253,0.067789919250324,0x62730e07dcba8ca181a9000a43377ee57b249df2,2017-10-29T23:49:29.000Z,0.001000001,0xbb71615f74a576a44c3e10c81af4fcb9511286c7,sell,0x13f1b7fdfbe1fc66676d56483e21b1ecb40b58e2,0x2fc65a0fc46d425947498fb4e56fc46c22d1f1ff35816374cd6955f4039813dc
164,41.371747582494265,0.047577509719868405,0x3bedc86edaa5f3f07bba5c7d9c7c8b041f915d6d,2017-10-29T20:44:34.000Z,0.00115,0x1091d6f008de78f798e8a7ca84e435577296ec01,sell,0x13f1b7fdfbe1fc66676d56483e21b1ecb40b58e2,0x592c4e953e1e8cdbb6c9772842a0d84e129b9338bceae23bab750fe97b1856c9
165,59,0.0708,0x7893c9d837d8b487890a76b58d41bb49643e5e37,2017-10-29T20:41:13.000Z,0.0012,0x0711b2ab51308ac8c5aa97bf446e98c2fdee911a,buy,0x13f1b7fdfbe1fc66676d56483e21b1ecb40b58e2,0xef70eac15fe2db642e937efd67de1bef3606fd635c5b2eba8ca0cdf4ca69c105
166,8,0.00960008,0x3bedc86edaa5f3f07bba5c7d9c7c8b041f915d6d,2017-10-29T20:10:29.000Z,0.00120001,0x95ce81027b57239985d75fc2b7e2aa6f2baccbd2,buy,0x13f1b7fdfbe1fc66676d56483e21b1ecb40b58e2,0xd90321982e6da595fb6af85e78af41d34035cec266e3ca10ca62ffede1c4ac91
167,3.030920812121313,0.0036371110363872,0x3bedc86edaa5f3f07bba5c7d9c7c8b041f915d6d,2017-10-29T20:08:27.000Z,0.001200002,0x2f5ef20e13dabb4a1e9555b46ff2aaabda770dd0,buy,0x13f1b7fdfbe1fc66676d56483e21b1ecb40b58e2,0xc0047652b1bee4e4badc9c1697941a43c3f14c9739a260164dd374f0406b6e1d
168,2.07,0.002484,0x7893c9d837d8b487890a76b58d41bb49643e5e37,2017-10-29T20:02:28.000Z,0.0012,0x40068d2eefb8f1dc7f73437d44d306d899edd669,buy,0x13f1b7fdfbe1fc66676d56483e21b1ecb40b58e2,0xc7cbde87017e386d8b96c9dce9223625953fb85ce52d812d912cbdb02a6bb6f1
169,97,0.1164,0x7893c9d837d8b487890a76b58d41bb49643e5e37,2017-10-29T20:02:28.000Z,0.0012,0x3d19b7881701fcdbd8f438f7bece0979cf44c74a,buy,0x13f1b7fdfbe1fc66676d56483e21b1ecb40b58e2,0x34c110846a43c0a8ee339e4c4562338fcd6c4d6a02a9f8a61e86f351a0b3a48f
170,1.1596638655462186,0.00138,0x7893c9d837d8b487890a76b58d41bb49643e5e37,2017-10-29T19:34:17.000Z,0.00119,0x95ce81027b57239985d75fc2b7e2aa6f2baccbd2,buy,0x13f1b7fdfbe1fc66676d56483e21b1ecb40b58e2,0x74eb42be6f67fdf96d18852835bfd9dd8c36d347471d036b86c1d37a3c84f86e
171,41,0.04879,0x7893c9d837d8b487890a76b58d41bb49643e5e37,2017-10-29T19:34:17.000Z,0.00119,0x722c8eb0ea03a56be3d46548f0ff94f38086a08f,buy,0x13f1b7fdfbe1fc66676d56483e21b1ecb40b58e2,0x2df82ddcf75d992494b2a741a99f489113bdf9ccc5b8f34a69889b844852873d
172,59,0.07021,0x7893c9d837d8b487890a76b58d41bb49643e5e37,2017-10-29T19:34:17.000Z,0.00119,0xc0490a78b161ad140293ec02c89211cf5242a98a,buy,0x13f1b7fdfbe1fc66676d56483e21b1ecb40b58e2,0x2ee4ce6a347c3c905d538941941d7348d4e545322240b4c22c584795f06a77b0
173,48,0.057072,0x7893c9d837d8b487890a76b58d41bb49643e5e37,2017-10-29T19:03:35.000Z,0.001189,0x047c269c2159392823613a3e58ba84284ab1ea4d,buy,0x13f1b7fdfbe1fc66676d56483e21b1ecb40b58e2,0x98eb9b9b3882ef4c571688add51d74827860e2418f5ae569b70869fb2dba4b39
174,72.77439936197787,0.06986364171069684,0x62730e07dcba8ca181a9000a43377ee57b249df2,2017-10-29T18:53:55.000Z,0.000960003,0xe9d19248b5d662de2c88c3179951e2067c532eaa,sell,0x13f1b7fdfbe1fc66676d56483e21b1ecb40b58e2,0xa4d5ce0841ff733750e1a7ebfa45f079bd4719f912af54369886046bbe56a1dc
175,4.519230904736014,0.004293269359499214,0x1d5321e125f6c7079a716705541c7b371ca79e69,2017-10-29T16:46:53.000Z,0.00095,0xfece1a5455f118bb028ab8576517084cc8050396,buy,0x13f1b7fdfbe1fc66676d56483e21b1ecb40b58e2,0x6cf81d690967ed7fa12ac995f3d098b3704229e4c2f522930c5fbe76ca437b91
176,4.505713763445677,0.00432548521290785,0x948ef114d1f93b65ab12b0df40d085c5fd895228,2017-10-29T16:46:53.000Z,0.0009599999999999998,0x1d5321e125f6c7079a716705541c7b371ca79e69,sell,0x13f1b7fdfbe1fc66676d56483e21b1ecb40b58e2,0x6cf81d690967ed7fa12ac995f3d098b3704229e4c2f522930c5fbe76ca437b91
177,30,0.0285,0xed0a1219e59f242213aeeedf6f00733afa3ca1da,2017-10-29T16:44:42.000Z,0.00095,0xfece1a5455f118bb028ab8576517084cc8050396,buy,0x13f1b7fdfbe1fc66676d56483e21b1ecb40b58e2,0xa5e3f81e35f4ec9593741fd2e17dfc75b8eef3ea62cb193e5c9b4b119f2c3ad0
178,39.450872195819905,0.03747832858602891,0x2f3ca84cd635ea88efed4777f2a2bd2df7f2badc,2017-10-29T16:15:32.000Z,0.00095,0xfece1a5455f118bb028ab8576517084cc8050396,buy,0x13f1b7fdfbe1fc66676d56483e21b1ecb40b58e2,0xf32393a6a80f5efa24aed4a1984680b6195d4db066710e488e9458e6e273fe3f
179,0.02989689944408,0.000028402054471876,0x1d5321e125f6c7079a716705541c7b371ca79e69,2017-10-29T15:06:00.000Z,0.00095,0xfece1a5455f118bb028ab8576517084cc8050396,buy,0x13f1b7fdfbe1fc66676d56483e21b1ecb40b58e2,0x004411d9bca6f6eb9adb038cf0a3e22fbb4260a3acfa695416fb63a2658322f0
180,0.029807477013040876,0.000043220841668909,0x9a265f1d59e020341ca2b6f4eb20aeec46054414,2017-10-29T15:06:00.000Z,0.0014499999999999908,0x1d5321e125f6c7079a716705541c7b371ca79e69,sell,0x13f1b7fdfbe1fc66676d56483e21b1ecb40b58e2,0x004411d9bca6f6eb9adb038cf0a3e22fbb4260a3acfa695416fb63a2658322f0
181,22.928920346924535,0.021782497258498654,0x7a7ff7c18165aaa487ed9baa531eb9108b83abb1,2017-10-29T15:05:07.000Z,0.000950001,0x1f8858e376e5dce9f5e653eb0b4818c5816e6670,sell,0x13f1b7fdfbe1fc66676d56483e21b1ecb40b58e2,0x2386d86e8a4932eac4ee8d11882818c347d6bcefc50a9db0e60f452e4d4cd340
182,10,0.0095,0xaa85b24ac88a0a235f1977821194adce1cda9144,2017-10-29T15:01:29.000Z,0.00095,0xfece1a5455f118bb028ab8576517084cc8050396,buy,0x13f1b7fdfbe1fc66676d56483e21b1ecb40b58e2,0x77c3beee7619fe405c8e06b90997d85a5b7c902a7ed7bf67368cfa5ca63007be
183,4.087329279234374,0.003882962815272654,0x62730e07dcba8ca181a9000a43377ee57b249df2,2017-10-29T11:35:56.000Z,0.0009499999999999998,0xb11154b3b7836e26881b9b1c678a548ba09553a4,sell,0x13f1b7fdfbe1fc66676d56483e21b1ecb40b58e2,0x8a05d56aae517fa9f2fd561b41d24354c42d0b8ecf7bd714b921aefb2edcd873
184,703.1089794716379,0.6679535304980561,0x62730e07dcba8ca181a9000a43377ee57b249df2,2017-10-29T11:23:07.000Z,0.00095,0xd64f9a51bae07df65a546408507e5163c7a1648e,sell,0x13f1b7fdfbe1fc66676d56483e21b1ecb40b58e2,0x6007f6e8967b7bc956f27e33e40e2d16d28777ccbe292ce6d13b95c5c03f6f7f
185,71.88589345631283,0.06757273984893405,0xafc092e6fdd10f28d93abd00d1e427effdaad39c,2017-10-29T08:31:23.000Z,0.00094,0xc672c403bffd9e7a86d896355c4ea728897a067f,sell,0x13f1b7fdfbe1fc66676d56483e21b1ecb40b58e2,0x8e44db78c92749f2473607b2ef3fedf31f2e9198b1927bbe326fd38e9b262227
186,8,0.007520008,0x95ce81027b57239985d75fc2b7e2aa6f2baccbd2,2017-10-29T08:30:16.000Z,0.000940001,0xc672c403bffd9e7a86d896355c4ea728897a067f,sell,0x13f1b7fdfbe1fc66676d56483e21b1ecb40b58e2,0xc1baaf8af03979f6866996a3df5f8226f9b83a88606dedd2e33a9167a3d26612
187,500,0.600001,0x0ea9c0d2b04d95504f6451c5972f339f107771e3,2017-10-29T07:36:02.000Z,0.001200002,0x2f5ef20e13dabb4a1e9555b46ff2aaabda770dd0,buy,0x13f1b7fdfbe1fc66676d56483e21b1ecb40b58e2,0x54c58f734e1372059675757fc10dcf04ca796bdd244cd99d336a711efa923259
188,9.969079187878688,0.0119629149636128,0x2f3ca84cd635ea88efed4777f2a2bd2df7f2badc,2017-10-29T07:13:10.000Z,0.001200002,0x2f5ef20e13dabb4a1e9555b46ff2aaabda770dd0,buy,0x13f1b7fdfbe1fc66676d56483e21b1ecb40b58e2,0x7e81ce8614228301cc40adba41f8ec2dbbdaf099f26c903f7145ba66c9436753
189,24,0.0288,0x38c6cad1a10deb8d5c383c0da2594d9ff39c586e,2017-10-29T06:15:12.000Z,0.0012,0x40068d2eefb8f1dc7f73437d44d306d899edd669,buy,0x13f1b7fdfbe1fc66676d56483e21b1ecb40b58e2,0x7ce787295f4f5a4bb14a77d2e57065432587c03a6df44ba8e7b5171711877ee4
190,9,0.010701,0x38c6cad1a10deb8d5c383c0da2594d9ff39c586e,2017-10-29T06:10:14.000Z,0.001189,0xc10ad6d6e1b25bf2fcc8624d087363a4392f25dc,buy,0x13f1b7fdfbe1fc66676d56483e21b1ecb40b58e2,0x9f25047d4e943192f0fd3c47b8dc58ca98f99cad83e608e9822aab15b8c3cdd1
191,39.87638321204267,0.037284418303259896,0xafc092e6fdd10f28d93abd00d1e427effdaad39c,2017-10-29T05:19:28.000Z,0.000935,0x6a8a891a104f3718fdfc23a8ec9b2d190e8302df,sell,0x13f1b7fdfbe1fc66676d56483e21b1ecb40b58e2,0x2c0ead19474ec06c9e8a093d410904161f00a769da21f05ac85e87171a5ebe1e
192,55.82693649685974,0.051919050942079555,0x948ef114d1f93b65ab12b0df40d085c5fd895228,2017-10-29T05:10:56.000Z,0.0009299999999999999,0x42983a9db98288066a30ca94a0b33bba15cf3b38,sell,0x13f1b7fdfbe1fc66676d56483e21b1ecb40b58e2,0xfba967e0fa6bb3a0a85ec2ab2c1209c24fb15c70d5e09f6f60cfd7ab18597960
193,75,0.06975,0x948ef114d1f93b65ab12b0df40d085c5fd895228,2017-10-29T05:09:48.000Z,0.00093,0x6bb30f35d6c2661ef8b278af68d61fa22fa5dfb8,sell,0x13f1b7fdfbe1fc66676d56483e21b1ecb40b58e2,0xe5ad1cc04a7e7d761cae67e20d07690b2ad7740c1fed7872a5b611ee995c3404
194,5,0.005945,0x38c6cad1a10deb8d5c383c0da2594d9ff39c586e,2017-10-29T05:05:56.000Z,0.001189,0xc10ad6d6e1b25bf2fcc8624d087363a4392f25dc,buy,0x13f1b7fdfbe1fc66676d56483e21b1ecb40b58e2,0xb8b8cb6fc98bbe46878f8c5ca32e1ccf65497b5e6a3204ad09ec633de28c62b1
195,2.573390556501736,0.003062334762237066,0x6bb30f35d6c2661ef8b278af68d61fa22fa5dfb8,2017-10-29T05:05:22.000Z,0.00119,0xf7180cac01f04795c60a374339fd5c378618c2f6,buy,0x13f1b7fdfbe1fc66676d56483e21b1ecb40b58e2,0x1a6ee1bd85396dad6732062a1cfe57d2ebefa7e5d2325097fb8cb2f83c6a20a7
196,3.9093589871398664,0.003713891037782873,0xbf3133b340b7c43bfef19726ccd5f160c30f5a06,2017-10-29T05:03:40.000Z,0.00095,0x6bb30f35d6c2661ef8b278af68d61fa22fa5dfb8,sell,0x13f1b7fdfbe1fc66676d56483e21b1ecb40b58e2,0xf76895c99b0eed0a7b8262ed48bb58e9f2681a4fe7f1be08321258cb7fa8d298
197,16.105074269763733,0.015299836661349814,0x12c3fd99ab45bd806128e96062dc5a6c273d8af6,2017-10-29T05:02:09.000Z,0.000950001,0x6bb30f35d6c2661ef8b278af68d61fa22fa5dfb8,sell,0x13f1b7fdfbe1fc66676d56483e21b1ecb40b58e2,0xb50aa9206eaaec2ce53cc042df1285841110559065d099599cbed5630bcc073f
198,5,0.00595,0x38c6cad1a10deb8d5c383c0da2594d9ff39c586e,2017-10-29T02:52:54.000Z,0.00119,0xc10ad6d6e1b25bf2fcc8624d087363a4392f25dc,buy,0x13f1b7fdfbe1fc66676d56483e21b1ecb40b58e2,0xa0625f211176512382e801c5a744e807f1b7de724cc7bed815fc317ec23f574a
199,8,0.00952,0xa5f6dc9e0598e408dd8807bef18d16f317cf4a87,2017-10-29T01:02:12.000Z,0.00119,0x95ce81027b57239985d75fc2b7e2aa6f2baccbd2,buy,0x13f1b7fdfbe1fc66676d56483e21b1ecb40b58e2,0x8bbc502e454189062428e90e2f845883e8ab0fce323766485edd02b95c487495
200,99,0.09108,0xafc092e6fdd10f28d93abd00d1e427effdaad39c,2017-10-29T00:58:58.000Z,0.00092,0xad6cae260f5b6d341ef28ea015a1d488881c73a4,sell,0x13f1b7fdfbe1fc66676d56483e21b1ecb40b58e2,0xc9860ca24382eead2ab5171f34d0dc8c45442620d1d06a55ca538e37c01298f0
201,17,0.02006,0xa5f6dc9e0598e408dd8807bef18d16f317cf4a87,2017-10-29T00:55:59.000Z,0.00118,0x6578d632e915444bd6499d4639e2bd44ee1d4957,buy,0x13f1b7fdfbe1fc66676d56483e21b1ecb40b58e2,0x3373edc4ac2e20459ff181188988fb6426ba987b808b474713b538b5f90fad22
202,84.73731432559067,0.07795832917954341,0xafc092e6fdd10f28d93abd00d1e427effdaad39c,2017-10-28T21:48:37.000Z,0.00092,0x84f1251ec47ed9e2df645eb66eb2a3da948c41e2,sell,0x13f1b7fdfbe1fc66676d56483e21b1ecb40b58e2,0xd2e7227041de4ac43da804273caf19ae330df7c8b5eb3203eefd76f75e4342f1
203,49.426609443498265,0.05881766523776293,0x54798576c7b7d6f64186ef2c8e637b671bc815fe,2017-10-28T21:36:16.000Z,0.00119,0xf7180cac01f04795c60a374339fd5c378618c2f6,buy,0x13f1b7fdfbe1fc66676d56483e21b1ecb40b58e2,0x2323e0939f57aef2ff30ed4f4ef2a1acb5cb24c74c1aeb9c381288338df9bb77
204,5,0.00475,0x95ce81027b57239985d75fc2b7e2aa6f2baccbd2,2017-10-28T21:24:58.000Z,0.00095,0x776a103fb386ed042f35fa5b2116ed2b642bdfba,sell,0x13f1b7fdfbe1fc66676d56483e21b1ecb40b58e2,0x8e25cd8354ea73f7a3dfb4460ee4d3bb2c91346b6392cb777bd49ec6d8f8abd3
205,60,0.057,0xbf3133b340b7c43bfef19726ccd5f160c30f5a06,2017-10-28T21:23:47.000Z,0.00095,0x776a103fb386ed042f35fa5b2116ed2b642bdfba,sell,0x13f1b7fdfbe1fc66676d56483e21b1ecb40b58e2,0xa9fb7b9842bbecff578bb48f54ee28671170060a1739de5b14955706ad20b842
206,0.42016806722689076,0.0005,0xe444a40689f51f63bcd29910622035707d533d29,2017-10-28T19:59:24.000Z,0.00119,0x95ce81027b57239985d75fc2b7e2aa6f2baccbd2,buy,0x13f1b7fdfbe1fc66676d56483e21b1ecb40b58e2,0xc221d172aed0d1f5b5d4ba0f1e370516b6720a586b285a0b2ba9eaf4a746d377
207,0.42016806722689076,0.0005,0x34f9560c63078eb61872a4dc2ccd20e21c34feaf,2017-10-28T19:59:12.000Z,0.00119,0x95ce81027b57239985d75fc2b7e2aa6f2baccbd2,buy,0x13f1b7fdfbe1fc66676d56483e21b1ecb40b58e2,0x31d6f8c88b520d3e96ecbab38d701360b7f85e7784b6bc4ea62cd53bee44765f
208,56,0.06664,0x9a265f1d59e020341ca2b6f4eb20aeec46054414,2017-10-28T19:14:01.000Z,0.00119,0x335aaba4da1c65323eb212368c2468016c88a524,buy,0x13f1b7fdfbe1fc66676d56483e21b1ecb40b58e2,0xb7772858e8700ec5e3d8ffc3fbc664e2d3ebc1a53de514f0cdad87376f75aa63
209,117,0.140400234,0x9a265f1d59e020341ca2b6f4eb20aeec46054414,2017-10-28T18:56:40.000Z,0.001200002,0x2f5ef20e13dabb4a1e9555b46ff2aaabda770dd0,buy,0x13f1b7fdfbe1fc66676d56483e21b1ecb40b58e2,0xd542dfe11b0f566d6f528a5fdf2a9ccb02aa6b31d42f75a37c874e4883fa32f9
210,105.583,0.125538187,0x9a265f1d59e020341ca2b6f4eb20aeec46054414,2017-10-28T18:52:29.000Z,0.001189,0xd1869bf1ac6536f30c46e8f70d2f3e8ad23ebf7c,buy,0x13f1b7fdfbe1fc66676d56483e21b1ecb40b58e2,0xc5d28448b8c500893f527938b80b2fd5474b1cbaa5888852c337a7ee66e7221c
211,39.09064101286013,0.037136108962217126,0xbf3133b340b7c43bfef19726ccd5f160c30f5a06,2017-10-28T16:38:44.000Z,0.00095,0x504d3fd6bf4f65b75aef71a63c85c3b0c70e4539,sell,0x13f1b7fdfbe1fc66676d56483e21b1ecb40b58e2,0xd2f8c86e6adb43b098826340235565898e8446772d8097e1d97e88a1fbe0733d
212,20.726,0.019689762178,0x12c3fd99ab45bd806128e96062dc5a6c273d8af6,2017-10-28T16:37:15.000Z,0.000950003,0x504d3fd6bf4f65b75aef71a63c85c3b0c70e4539,sell,0x13f1b7fdfbe1fc66676d56483e21b1ecb40b58e2,0x0d030eaa55c4b60093d049542770a73cf5dd6845896862750e3672d2ec442c75
213,29.03,0.02815918709,0x7305832765743c243775d9032de5ca270b960cf7,2017-10-28T13:27:24.000Z,0.000970003,0x9b284dae4fb437e3ad894e276779aac86ec6d7cc,buy,0x13f1b7fdfbe1fc66676d56483e21b1ecb40b58e2,0x1efb168a6a7f08febeb6977893f4a3ce632b4d5bc2fdf123a0f2ceb4719fbcbc
214,21.913,0.020817415739,0x2574839aeba27fc9aa3b8ef768440de73aaa2276,2017-10-28T13:09:25.000Z,0.000950003,0x01adcbcba4832114c642b5bb1ce9cc376114ce5a,buy,0x13f1b7fdfbe1fc66676d56483e21b1ecb40b58e2,0x66926e68cd974fb44aa185ce6f8bf33eca666e942f1222d49970b4bdc0221b0b
215,29,0.028130087,0xbf3133b340b7c43bfef19726ccd5f160c30f5a06,2017-10-28T12:49:21.000Z,0.000970003,0x01adcbcba4832114c642b5bb1ce9cc376114ce5a,sell,0x13f1b7fdfbe1fc66676d56483e21b1ecb40b58e2,0xd03750b0772db87fd540a65a431438663b1cbb9943559ef16b9ecc2d344ec51b
216,99.69095803010667,0.09470670920147542,0x12c3fd99ab45bd806128e96062dc5a6c273d8af6,2017-10-28T12:33:41.000Z,0.0009500029999999999,0x5bc95a05820c49cca418727d9a343bb1e09eff8a,sell,0x13f1b7fdfbe1fc66676d56483e21b1ecb40b58e2,0x1061f2173544f3b668f5fd42895794d53f4cc6bc016af040f046de24b6debae8
217,65,0.07735,0x97bb447b8b9c6e8fc625d50e4ad6780dbe54dea9,2017-10-28T11:40:38.000Z,0.00119,0xc10ad6d6e1b25bf2fcc8624d087363a4392f25dc,buy,0x13f1b7fdfbe1fc66676d56483e21b1ecb40b58e2,0x78ec47131e5e9fa7bf5430209ad498a7e4afdaf35f46afec0dc222e8fb8d485c
218,62,0.07378,0x97bb447b8b9c6e8fc625d50e4ad6780dbe54dea9,2017-10-28T11:38:01.000Z,0.00119,0x28cc67b267c13dad3658494c89bd2ed4e0c347dd,buy,0x13f1b7fdfbe1fc66676d56483e21b1ecb40b58e2,0x51efcb8f8cdc3ef8d6ea85febbe462cd7c3c25ac6bf23f7d740b7e3bdd4e63a7
219,15,0.01785,0x97bb447b8b9c6e8fc625d50e4ad6780dbe54dea9,2017-10-28T11:37:48.000Z,0.00119,0x66dc9c56c51f648d4e84519563a0729232b572c9,buy,0x13f1b7fdfbe1fc66676d56483e21b1ecb40b58e2,0x37098b57300ddb4c563b557ca6491793990be007d3483be845db2395243a3d20
220,68.7867610407736,0.06534762934901804,0x12c3fd99ab45bd806128e96062dc5a6c273d8af6,2017-10-28T10:39:38.000Z,0.0009500029999999999,0x6224043cbd6c0baa44e0fc5750ff72ac53dd02b9,sell,0x13f1b7fdfbe1fc66676d56483e21b1ecb40b58e2,0x45e6b1fc51094b38d43c068e442afbbc60be930f51bea400ee73011435adda86
221,65.7960322998704,0.06250642807297378,0x12c3fd99ab45bd806128e96062dc5a6c273d8af6,2017-10-28T10:09:46.000Z,0.0009500029999999999,0xdcb02a0833ed8a795ff11281cefdb56f3425998f,sell,0x13f1b7fdfbe1fc66676d56483e21b1ecb40b58e2,0xd825cce455863d00ba0a43737077a51d34e8afdbad2525ebb58efe4058d0fec9
222,45,0.042750135,0x12c3fd99ab45bd806128e96062dc5a6c273d8af6,2017-10-28T09:30:26.000Z,0.000950003,0x3bedc86edaa5f3f07bba5c7d9c7c8b041f915d6d,sell,0x13f1b7fdfbe1fc66676d56483e21b1ecb40b58e2,0x197cb61c7415cead7b328c2b9aaf9ecb3baa7d475501aa6aab3fee3a6274da53
223,20,0.022,0x7a3db9a7eb1ce0bbf8a1c782000caf3622d37e5e,2017-10-28T04:55:39.000Z,0.0011,0xb9b65361c4da42b14b935bc778f141afa5d71558,buy,0x13f1b7fdfbe1fc66676d56483e21b1ecb40b58e2,0x1fc63365c89b24e083f4fc26e10d0b31de09a367103a026c605243efe2c1a235
224,29.030920812121312,0.0348371630363872,0x9b284dae4fb437e3ad894e276779aac86ec6d7cc,2017-10-28T03:50:11.000Z,0.001200002,0x08f05b2c7e6e045f061253d2d4d973503292c49d,buy,0x13f1b7fdfbe1fc66676d56483e21b1ecb40b58e2,0xba2da6594254a48eb6d30b6b91ff9cf2035280f888685269de3915d958b0685e
225,4.9845479015053336,0.004735330475525869,0x97bb447b8b9c6e8fc625d50e4ad6780dbe54dea9,2017-10-28T02:01:34.000Z,0.0009500019999999998,0xc2ac479b483b45d1302fdb5fed25e7da4d0c12c2,sell,0x13f1b7fdfbe1fc66676d56483e21b1ecb40b58e2,0x0d1c01afe96fa808113f13a44af28bbe9f71ef02b4c58590748b748f5b0daf14
226,9.969079187878688,0.0119629149636128,0x9ec717c5485cd77a481b9acbdd5099fb32255397,2017-10-28T00:42:11.000Z,0.001200002,0x08f05b2c7e6e045f061253d2d4d973503292c49d,buy,0x13f1b7fdfbe1fc66676d56483e21b1ecb40b58e2,0xfba14e98ee934666a4ecd8707bff44b4d0906ebbefdf95ab22aeae3263a0d0f8
227,9.969095803010667,0.009470650981955936,0x12c3fd99ab45bd806128e96062dc5a6c273d8af6,2017-10-27T23:53:04.000Z,0.0009500009999999999,0xdd620e9f683874163960992cf3e28f7c1851210c,sell,0x13f1b7fdfbe1fc66676d56483e21b1ecb40b58e2,0xfb363ea04c2d0e3268d1c121b62f229d529806e1bc5215054e11c509212c68d4
228,23.9258299272256,0.022729562356694245,0x12c3fd99ab45bd806128e96062dc5a6c273d8af6,2017-10-27T23:26:07.000Z,0.000950001,0x402eb81825a79a8a3b4bdfd6924d37fcf66a6deb,sell,0x13f1b7fdfbe1fc66676d56483e21b1ecb40b58e2,0xd8bde8139fd70f54c93ac21c0fc8e01e12e4461c5478c29c238385a704c9b4bb
229,9.985,0.009485839865,0x97bb447b8b9c6e8fc625d50e4ad6780dbe54dea9,2017-10-27T23:22:57.000Z,0.000950009,0x7f6d42e6af4ea9c6bb3610963fcfe3e9cdcd48df,buy,0x13f1b7fdfbe1fc66676d56483e21b1ecb40b58e2,0xfe5ff439fc021da57d9ff7f94e45262378e0fbe21861e7ee48bfa8755d4bb1c9
230,5,0.00475005,0x3aef52817008800944bd01390ce0676ea74f3f5f,2017-10-27T22:20:45.000Z,0.00095001,0xc5ff06991dbaf57bef6dd7a75056e62b7a2383fb,sell,0x13f1b7fdfbe1fc66676d56483e21b1ecb40b58e2,0xbd3938e3a553ff3f13a257dd07f1a61d3c3d54266d98c199fefc7497978b4eaa
231,5.015,0.004764295135,0xc5ff06991dbaf57bef6dd7a75056e62b7a2383fb,2017-10-27T22:20:45.000Z,0.000950009,0x7f6d42e6af4ea9c6bb3610963fcfe3e9cdcd48df,buy,0x13f1b7fdfbe1fc66676d56483e21b1ecb40b58e2,0xbd3938e3a553ff3f13a257dd07f1a61d3c3d54266d98c199fefc7497978b4eaa
232,5,0.00475005,0x3aef52817008800944bd01390ce0676ea74f3f5f,2017-10-27T22:20:26.000Z,0.00095001,0xc5ff06991dbaf57bef6dd7a75056e62b7a2383fb,sell,0x13f1b7fdfbe1fc66676d56483e21b1ecb40b58e2,0xbd3938e3a553ff3f13a257dd07f1a61d3c3d54266d98c199fefc7497978b4eaa
233,5.015,0.004764295135,0xc5ff06991dbaf57bef6dd7a75056e62b7a2383fb,2017-10-27T22:20:26.000Z,0.000950009,0x7f6d42e6af4ea9c6bb3610963fcfe3e9cdcd48df,buy,0x13f1b7fdfbe1fc66676d56483e21b1ecb40b58e2,0xbd3938e3a553ff3f13a257dd07f1a61d3c3d54266d98c199fefc7497978b4eaa
234,41.8702023726448,0.03977669225401256,0xbc02b496d9574163061cea6ada93e1275b12ff25,2017-10-27T19:45:06.000Z,0.00095,0x7716a9c06cd56ee18c0a7073dbd3b754660f0f45,sell,0x13f1b7fdfbe1fc66676d56483e21b1ecb40b58e2,0xd3659b8eb2cf2d571192a7fbe1e3af7a5789655a0d87e601a186f2a2fdd3be2e
235,71.63991625959525,0.06805792044661549,0xbc02b496d9574163061cea6ada93e1275b12ff25,2017-10-27T19:18:20.000Z,0.00095,0x9eb429cb38ad55553a6e83ccacd178c7fd27a26a,sell,0x13f1b7fdfbe1fc66676d56483e21b1ecb40b58e2,0x4978c3f2563b23737de362b0e47892b286bc115a68d53d324602d78fced04e0b
236,20,0.01982,0x3aef52817008800944bd01390ce0676ea74f3f5f,2017-10-27T19:14:44.000Z,0.000991,0x9eb429cb38ad55553a6e83ccacd178c7fd27a26a,sell,0x13f1b7fdfbe1fc66676d56483e21b1ecb40b58e2,0x24dad61f962a370994d4080a0bd0a212cd9593cf9cdc195fe09006a65f075b7d
237,26,0.026,0x510b86600e08df30dd34caa97b483243a8fa78ed,2017-10-27T19:14:21.000Z,0.001,0x9eb429cb38ad55553a6e83ccacd178c7fd27a26a,sell,0x13f1b7fdfbe1fc66676d56483e21b1ecb40b58e2,0x6fb4d95e151ad85a5d5fc411d4f761a01ca9c504fa72eae480ed03e3247c13c8
238,1,0.001529,0x0863dee0372a4d881744a446a5abb93e566eb015,2017-10-27T18:01:21.000Z,0.001529,0x3fb40efc659f5d566216116aee4626da191e9b25,buy,0x13f1b7fdfbe1fc66676d56483e21b1ecb40b58e2,0x19b6efa4bd9d658982df79f7f3e3b68060294380f05c4872e6343d35a3a2278f
239,84.6314581494753,0.10155774977937036,0x12c3fd99ab45bd806128e96062dc5a6c273d8af6,2017-10-27T17:51:38.000Z,0.0012,0x7f6d42e6af4ea9c6bb3610963fcfe3e9cdcd48df,sell,0x13f1b7fdfbe1fc66676d56483e21b1ecb40b58e2,0xdba08f8209be31bc2b8d27ca4ad6b4b0c38b1ca188ceaa649a75ba411def6e12
240,19.829539059177872,0.023795446871013443,0x12c3fd99ab45bd806128e96062dc5a6c273d8af6,2017-10-27T17:27:24.000Z,0.0012,0x670563c34b7889e9a6aa2f4fdb7d95a2f0ddeef6,sell,0x13f1b7fdfbe1fc66676d56483e21b1ecb40b58e2,0x2759f808a4578392745353a33a28ce38626432e4050421585935eaa18af2caa9
241,17.057815921972757,0.02046939616418323,0x12c3fd99ab45bd806128e96062dc5a6c273d8af6,2017-10-27T17:25:48.000Z,0.001200001,0x670563c34b7889e9a6aa2f4fdb7d95a2f0ddeef6,sell,0x13f1b7fdfbe1fc66676d56483e21b1ecb40b58e2,0x4b8b92d3482ac85fa97fa209fac2fae1ebee6bcaeb5fdfb6069df2dfc22657d5
242,638.7389864041916,0.7664867836850298,0xc978c00e9fb57ecbe91510ca9e4417ba79c86c38,2017-10-27T15:32:55.000Z,0.0012,0x7893c9d837d8b487890a76b58d41bb49643e5e37,sell,0x13f1b7fdfbe1fc66676d56483e21b1ecb40b58e2,0xfff7e925b9c7ccbee3e20190c42772c554bd77be9e5bcea54aba5d20959e1748
243,1000,1.20000011,0xc22193e4f0f220883a0bb2ba8a83ff81d25c8623,2017-10-27T15:32:55.000Z,0.00120000011,0x7893c9d837d8b487890a76b58d41bb49643e5e37,sell,0x13f1b7fdfbe1fc66676d56483e21b1ecb40b58e2,0xb6171a1a668a167f823db25a61f67d223382a5c1630024ef6b0987efcc7cd3c5
244,17.399588276343337,0.02087952333120028,0x12c3fd99ab45bd806128e96062dc5a6c273d8af6,2017-10-27T14:04:22.000Z,0.001200001,0x993e6692b24bec072d6f19015428030d18cd2477,sell,0x13f1b7fdfbe1fc66676d56483e21b1ecb40b58e2,0xedabf9c31e2c44609b7b625e475f0377571e160aca80d8af2aaf8ca9c8414b24
245,18.491,0.02866105,0x3bedc86edaa5f3f07bba5c7d9c7c8b041f915d6d,2017-10-27T14:02:28.000Z,0.00155,0x993e6692b24bec072d6f19015428030d18cd2477,sell,0x13f1b7fdfbe1fc66676d56483e21b1ecb40b58e2,0xa06a8e97ccaed88f1f8c01f737f0cafa879aee2309678188e15bf3ab82f95535
246,3.41678861011295,0.004954343484663777,0x1d5321e125f6c7079a716705541c7b371ca79e69,2017-10-27T13:58:17.000Z,0.00145,0x40277acdd0eaf91d2257d5e1a6b9a248e6aba11a,buy,0x13f1b7fdfbe1fc66676d56483e21b1ecb40b58e2,0x75056cc3e85ed22a5fb04c6de45dbdbe4db0fe61c451103301436d77922a20d0
247,3.4065689034027415,0.005280181800274249,0x3bedc86edaa5f3f07bba5c7d9c7c8b041f915d6d,2017-10-27T13:58:17.000Z,0.00155,0x1d5321e125f6c7079a716705541c7b371ca79e69,sell,0x13f1b7fdfbe1fc66676d56483e21b1ecb40b58e2,0x75056cc3e85ed22a5fb04c6de45dbdbe4db0fe61c451103301436d77922a20d0
248,46.58321138988705,0.06754565651533623,0x2574839aeba27fc9aa3b8ef768440de73aaa2276,2017-10-27T13:53:47.000Z,0.00145,0x40277acdd0eaf91d2257d5e1a6b9a248e6aba11a,buy,0x13f1b7fdfbe1fc66676d56483e21b1ecb40b58e2,0x0cd79e997c9321647e3cd74a9561d2ca28cd0fefe6f1c8fe0a829cd5456acb0e
249,47,0.067444953,0xc22193e4f0f220883a0bb2ba8a83ff81d25c8623,2017-10-27T13:44:06.000Z,0.001434999,0x18d75ed5cdd83c97a5d7d318435c2ad017d0c42e,buy,0x13f1b7fdfbe1fc66676d56483e21b1ecb40b58e2,0x357da12b969f56f912f80d97a4e91367c56f4323857577c6f80bf365c9e6bc98
250,781,1.120735,0xc22193e4f0f220883a0bb2ba8a83ff81d25c8623,2017-10-27T13:41:10.000Z,0.001435,0x7d4a6412bbcae3ac6fe12aa88e76f3d632d9a084,buy,0x13f1b7fdfbe1fc66676d56483e21b1ecb40b58e2,0x4a17dc3bc7debc302d77b597ea7c863e8bf0a2e8f12137cfea19901b0d9fcb5e
251,103.68386066199467,0.12442073647825427,0x12c3fd99ab45bd806128e96062dc5a6c273d8af6,2017-10-27T13:28:31.000Z,0.001200001,0x32e7a684f79c1c72e3f58304e7069983454e9782,sell,0x13f1b7fdfbe1fc66676d56483e21b1ecb40b58e2,0x205c5ec72c1647093e4990c110534e4031b3156ca80ef1225c45254a115d8ebb
252,0.000894445840166445,0.000001073335902645,0x12c3fd99ab45bd806128e96062dc5a6c273d8af6,2017-10-27T12:48:32.000Z,0.0012000009999993582,0x1b6572f89d7d320e044b0a218e3c68c8198c2c40,sell,0x13f1b7fdfbe1fc66676d56483e21b1ecb40b58e2,0x268bd34a7e9af3927b72cde97e7f9700723877068737dd960c9d066d7e98c2b2
253,1,0.001435,0x3318b5528f0eb095afd4c8d14152bdda00da01af,2017-10-27T11:45:10.000Z,0.001435,0x7d4a6412bbcae3ac6fe12aa88e76f3d632d9a084,buy,0x13f1b7fdfbe1fc66676d56483e21b1ecb40b58e2,0x87bec298be89de950b3341cb167cd6977667acd63857511bca38c10268cd6f12
254,8.9721862227096,0.010766632439437741,0x12c3fd99ab45bd806128e96062dc5a6c273d8af6,2017-10-27T11:40:04.000Z,0.0012000009999999998,0x1b6572f89d7d320e044b0a218e3c68c8198c2c40,sell,0x13f1b7fdfbe1fc66676d56483e21b1ecb40b58e2,0x10d725984be0f2b5576931e655794e6b3a45185b88ff45699007fca2dfaa175d
255,13.956734124214934,0.01674808094905792,0xc978c00e9fb57ecbe91510ca9e4417ba79c86c38,2017-10-27T10:45:05.000Z,0.0012,0xb2db8bed2c093b18c1d4ad10e14f8387fda7860a,sell,0x13f1b7fdfbe1fc66676d56483e21b1ecb40b58e2,0xe3b37dd423ce7f7e58c22474fb855868b28d4f30bf925cda711dbcff8927f98f
256,45.85784069384907,0.0320546306450005,0x3eab84f29252d0a4efda33b34419bbdc24ab4ca4,2017-10-27T10:42:36.000Z,0.000699,0x6010cb91315994d281023b06716d8f2ed2f7ec5b,sell,0x13f1b7fdfbe1fc66676d56483e21b1ecb40b58e2,0x0b622fdabf2aa48612f51a9515691d0c09f75d0a8776c8de5bd241b1c89569fd
257,17.837011265078257,0.02140441351809391,0xc978c00e9fb57ecbe91510ca9e4417ba79c86c38,2017-10-27T10:29:15.000Z,0.0012,0xe57486fe176d386c5efc50dc07989bb662a360e4,sell,0x13f1b7fdfbe1fc66676d56483e21b1ecb40b58e2,0x9c3367c6867c9dd1e015d983adfe757d08fcfcbb3ce55aa99fd0c14278122288
258,4.155,0.0049864155,0x95ce81027b57239985d75fc2b7e2aa6f2baccbd2,2017-10-27T10:28:13.000Z,0.0012001,0xe57486fe176d386c5efc50dc07989bb662a360e4,sell,0x13f1b7fdfbe1fc66676d56483e21b1ecb40b58e2,0xc05346ffbcbe8677f5512f8060dde276726addb4161e7d6880bd0e1698201f4d
259,36.694,0.044069494,0x7893c9d837d8b487890a76b58d41bb49643e5e37,2017-10-27T10:27:36.000Z,0.001201,0xe57486fe176d386c5efc50dc07989bb662a360e4,sell,0x13f1b7fdfbe1fc66676d56483e21b1ecb40b58e2,0x8211a200a993b578ce11ba0b674560db0b3ec62eaa0de675ab37dc0e12d75005
260,20,0.0242,0x7893c9d837d8b487890a76b58d41bb49643e5e37,2017-10-27T10:27:29.000Z,0.00121,0xe57486fe176d386c5efc50dc07989bb662a360e4,sell,0x13f1b7fdfbe1fc66676d56483e21b1ecb40b58e2,0x452aa0b80a96ca6203d9dc4accca14e0b9673d13fa1ea04345ed7a649c1a63bf
261,9.049,0.01094929,0x7893c9d837d8b487890a76b58d41bb49643e5e37,2017-10-27T10:27:04.000Z,0.00121,0xe57486fe176d386c5efc50dc07989bb662a360e4,sell,0x13f1b7fdfbe1fc66676d56483e21b1ecb40b58e2,0x20b9beaab03965120483b07f297c8ecfd612ce52c0d2db2ae3f5d463cd84ec50
262,675.1456651759102,0.8101747982110922,0xc978c00e9fb57ecbe91510ca9e4417ba79c86c38,2017-10-27T10:08:56.000Z,0.0012,0x1a6badf4b7cb3eab8cdb6216d1a334a48be8c5db,sell,0x13f1b7fdfbe1fc66676d56483e21b1ecb40b58e2,0xfc6c73648a54d53a1cf12ec52219ab191b7f9e32371da20c7502465df2669085
263,74.76821852258,0.08972186222709601,0xc978c00e9fb57ecbe91510ca9e4417ba79c86c38,2017-10-27T10:04:23.000Z,0.0012,0xc0c65f55d22722a5cb3e35f3882a066896f42b71,sell,0x13f1b7fdfbe1fc66676d56483e21b1ecb40b58e2,0x4e5364839a69601b7dcb9ffa32ef07ad184b856fcefae60590e967b3eb785f3b
264,76,0.1102,0x49ea8a980ad4e401bdd6d629e388a13baf62b944,2017-10-27T09:18:18.000Z,0.00145,0x5387a828d90d6d2a3da2fee9435d0dc5fb8a47cb,buy,0x13f1b7fdfbe1fc66676d56483e21b1ecb40b58e2,0x4f096f9c0092085474fc9be70f8d22e8bfb4d2629539ab69ec07bda1d9e7434d
265,58.93937362307019,0.07078618772130729,0x7893c9d837d8b487890a76b58d41bb49643e5e37,2017-10-27T08:36:26.000Z,0.001201,0x790711a93f4d37fbad248a87cf8938e7f76f1d64,sell,0x13f1b7fdfbe1fc66676d56483e21b1ecb40b58e2,0xb4b98cb3a28b5c1010bc4aa415196ddc402d215fc2231a223f1c6ed15352345a
266,54.83,0.06585083,0x7893c9d837d8b487890a76b58d41bb49643e5e37,2017-10-27T08:12:52.000Z,0.001201,0x9e82a862c1b27d9e11ddb940698f99bdfeecc14d,sell,0x13f1b7fdfbe1fc66676d56483e21b1ecb40b58e2,0x2f5ea0a0e92ef6c60edd5a4321817534a70e1e85ed86bc85760a0ee7372eef49
267,72.77439936197787,0.08740205363373542,0x7893c9d837d8b487890a76b58d41bb49643e5e37,2017-10-27T07:56:36.000Z,0.001201,0x404e1d47acffe529498a3ac0f036c5eb08fb19ed,sell,0x13f1b7fdfbe1fc66676d56483e21b1ecb40b58e2,0x18662969facd18889f72c114fdb9bf95db719593f5a65caa3f05b084007f06dd
268,76.76203768318213,0.09219120725750174,0x7893c9d837d8b487890a76b58d41bb49643e5e37,2017-10-27T07:46:14.000Z,0.001201,0xefcd5dadbcfe89d45ddf56eb40ab355222543f28,sell,0x13f1b7fdfbe1fc66676d56483e21b1ecb40b58e2,0xced112205849e7b02b6fa11ee23b1f7492bf6042b11eed3f6d0ceed986d65413
269,15.950553284817067,0.01930016947462865,0x7893c9d837d8b487890a76b58d41bb49643e5e37,2017-10-27T07:14:16.000Z,0.00121,0x632c219677b3e781143a9ddcc1849d0c06b65854,sell,0x13f1b7fdfbe1fc66676d56483e21b1ecb40b58e2,0x2fe23a12e7f05dab7c7654ce8adbf1096b6c92fce7a2086c85d7c893d08175b2
270,79.55338450802512,0.09546406140963015,0xc978c00e9fb57ecbe91510ca9e4417ba79c86c38,2017-10-27T05:39:12.000Z,0.0012,0x95e52a150e4a6f18323fb0d52066d130d1b79e22,sell,0x13f1b7fdfbe1fc66676d56483e21b1ecb40b58e2,0xbc82286cfb182f882183b6f7c27c7d348ca078f4ed12a636cde749ab36e8d4a3
271,79.55338450802512,0.09546406140963015,0xc978c00e9fb57ecbe91510ca9e4417ba79c86c38,2017-10-27T05:38:52.000Z,0.0012,0x95e52a150e4a6f18323fb0d52066d130d1b79e22,sell,0x13f1b7fdfbe1fc66676d56483e21b1ecb40b58e2,0xbc82286cfb182f882183b6f7c27c7d348ca078f4ed12a636cde749ab36e8d4a3
272,85.73375621506935,0.10288908083370472,0x7893c9d837d8b487890a76b58d41bb49643e5e37,2017-10-27T02:34:22.000Z,0.0012001,0x970be7fcce186bfaed2aad0da213ad587840587d,sell,0x13f1b7fdfbe1fc66676d56483e21b1ecb40b58e2,0x833641adcd96542a18229dc2e7b5962ab2a332c072791cc2e68a39b8c687a64f
273,13.958593360582196,0.01884410103678596,0x12c3fd99ab45bd806128e96062dc5a6c273d8af6,2017-10-27T02:33:41.000Z,0.0013499999999999999,0x970be7fcce186bfaed2aad0da213ad587840587d,sell,0x13f1b7fdfbe1fc66676d56483e21b1ecb40b58e2,0x6b00aa916a706d22c52ebfa68c19ae070e8d36dd6c97aba265b771318afa787e
274,10.284119230385803,0.013883560961020835,0x12c3fd99ab45bd806128e96062dc5a6c273d8af6,2017-10-27T01:28:02.000Z,0.0013499999999999999,0xb7f15156f10c574e860900920d01c846066266a6,sell,0x13f1b7fdfbe1fc66676d56483e21b1ecb40b58e2,0xf3f9203118a4d689fbe0c0ef227228cc18aaa1e686653d8bbd986178aeb58563
275,45.85,0.0618975,0x12c3fd99ab45bd806128e96062dc5a6c273d8af6,2017-10-27T00:52:50.000Z,0.00135,0xf3595264ae1bf708b3fde43bb1a118c9e31c9108,sell,0x13f1b7fdfbe1fc66676d56483e21b1ecb40b58e2,0xce3f71d314164af7b9855815b38d256fbcd075a27f77ef2626a25acc22f52103
276,29.907287409032,0.0403748380021932,0x12c3fd99ab45bd806128e96062dc5a6c273d8af6,2017-10-27T00:45:56.000Z,0.00135,0x8a7bda8b25472ff30d4abdc403c5ccf03118a1ef,sell,0x13f1b7fdfbe1fc66676d56483e21b1ecb40b58e2,0x0068b3085a4eb1a1b087d9ace49ad7a8866f618678b47de9144f9ecf3c3b0147
277,5.844605121465319,0.007014110606270529,0x95ce81027b57239985d75fc2b7e2aa6f2baccbd2,2017-10-26T23:15:41.000Z,0.0012000999999999997,0x0949e967d3b6cc9cb51557eb726ace68bf655263,sell,0x13f1b7fdfbe1fc66676d56483e21b1ecb40b58e2,0xf6219682484671fa1d5614d6145ec890de49f470ec002791b4b1a007812427b2
278,3.1029676995594597,0.004344154779383243,0x510b86600e08df30dd34caa97b483243a8fa78ed,2017-10-26T23:14:42.000Z,0.0013999999999999998,0x0949e967d3b6cc9cb51557eb726ace68bf655263,sell,0x13f1b7fdfbe1fc66676d56483e21b1ecb40b58e2,0x1f8622750dbc77940e40e8e534ffceb0dd2816d3bb39a1dc9a09e67c5d994787
279,90.527,0.1086324,0x12c3fd99ab45bd806128e96062dc5a6c273d8af6,2017-10-26T22:31:46.000Z,0.0012,0x11c084c77d3e8a12ba0d0970aa224e04aca1e553,sell,0x13f1b7fdfbe1fc66676d56483e21b1ecb40b58e2,0x68da9113bd4bad3c67c875443b971ffe2b304e1e68ea36ae20ea31fd4bacac78
280,1.136189467915111,0.001761093675268421,0x3bedc86edaa5f3f07bba5c7d9c7c8b041f915d6d,2017-10-26T22:28:27.000Z,0.001549999999999999,0x11c084c77d3e8a12ba0d0970aa224e04aca1e553,sell,0x13f1b7fdfbe1fc66676d56483e21b1ecb40b58e2,0x69eeccf0803e02fbf23982e7136182a1691d72746069056f1622dcdba5d18755
281,4.954640614096301,0.005945568736915561,0x12c3fd99ab45bd806128e96062dc5a6c273d8af6,2017-10-26T22:01:08.000Z,0.0012,0x88216428e5d63491e66711051e37eb47e7cda8d3,sell,0x13f1b7fdfbe1fc66676d56483e21b1ecb40b58e2,0xe52bb0d1d2582888911a0b1756bc71e51459aca1466919aec064fd1951914e5c
282,0.000000000000056832,0.000000000000000079,0x510b86600e08df30dd34caa97b483243a8fa78ed,2017-10-26T21:49:21.000Z,0.0013900619369369368,0xb11154b3b7836e26881b9b1c678a548ba09553a4,sell,0x13f1b7fdfbe1fc66676d56483e21b1ecb40b58e2,0xeffb876cd7925fd58b68be893d386b9e97a2575691b84e5235514a66d8b6c212
283,0.000000000570081787,0.000000000000798114,0x510b86600e08df30dd34caa97b483243a8fa78ed,2017-10-26T21:45:17.000Z,0.0013999991197754227,0xb11154b3b7836e26881b9b1c678a548ba09553a4,sell,0x13f1b7fdfbe1fc66676d56483e21b1ecb40b58e2,0x9dadb7086e70559bdd81e5cfe9cf3a5d973063f0784ee5df4e4c6a5dc31057ac
284,10,0.0141,0x25528f3de6a8f9c936216e1cebfdd24112711e96,2017-10-26T21:30:31.000Z,0.00141,0x88216428e5d63491e66711051e37eb47e7cda8d3,sell,0x13f1b7fdfbe1fc66676d56483e21b1ecb40b58e2,0x4cb6a2da8976fea91241250678134c8b04ed9864ecbf89baa4a20f1fae49da7e
285,65.7960322998704,0.09211444521981856,0x510b86600e08df30dd34caa97b483243a8fa78ed,2017-10-26T21:03:34.000Z,0.0014,0x5aa39638a1e4699445d04b6b410b81f813e29ec4,sell,0x13f1b7fdfbe1fc66676d56483e21b1ecb40b58e2,0x70eb049ec5717ea97230a98d3308501d1fcb09d9ca9e1cbd6b0ba3bdcf6da36e
286,229.338,0.3669408,0x55840a1e4f60403fa8659b8b2a8ed826dee83bf2,2017-10-26T20:28:06.000Z,0.0016,0x230601e5772e46987b89554ffb76eab55e1170a0,sell,0x13f1b7fdfbe1fc66676d56483e21b1ecb40b58e2,0x4e2ccb0b4b681df75cf707ae7f70c8890036433f01b04c1c793d68f438d47b07
287,72.77439936197787,0.11643903897916459,0x55840a1e4f60403fa8659b8b2a8ed826dee83bf2,2017-10-26T20:24:17.000Z,0.0016,0x857d27b63cb4fde55ab840eaccdd8513ae1e324b,sell,0x13f1b7fdfbe1fc66676d56483e21b1ecb40b58e2,0x2127bb9eebd4bfced79f0791786e5e684b484ec16e113809000733321279920e
288,79.75276642408534,0.12760442627853655,0x55840a1e4f60403fa8659b8b2a8ed826dee83bf2,2017-10-26T20:05:20.000Z,0.0016,0x617032db48588638f27e3f085bc7b40b44c3b6f8,sell,0x13f1b7fdfbe1fc66676d56483e21b1ecb40b58e2,0xece0c7a3f844cd311203da91b8b79efe05c2ce49a736982e90c9cb8fc968f683
289,16.947462865118133,0.027115940584189015,0x55840a1e4f60403fa8659b8b2a8ed826dee83bf2,2017-10-26T20:03:42.000Z,0.0016,0xca115d8a781a8de483ed6a59f8e38a000caf3e58,sell,0x13f1b7fdfbe1fc66676d56483e21b1ecb40b58e2,0xb03fd2b938a2ce916280c7a2ffe032adaea10e29114295683eb58e04aa37e06c
290,35.888744910693056,0.05742199185710889,0x55840a1e4f60403fa8659b8b2a8ed826dee83bf2,2017-10-26T19:42:59.000Z,0.0016,0x786e7d333ee4787dae77f0c2f648dac91ae9399c,sell,0x13f1b7fdfbe1fc66676d56483e21b1ecb40b58e2,0xf701228491c050daab4b63ad36037687e2b4966491a02ccedc1dc2de927eb783
291,80.7496760043864,0.12919948160701825,0x55840a1e4f60403fa8659b8b2a8ed826dee83bf2,2017-10-26T19:05:16.000Z,0.0016,0x7edf2551085be4f69dce6f664d2e92d1ec85984e,sell,0x13f1b7fdfbe1fc66676d56483e21b1ecb40b58e2,0x0ae9c527d55d25efa2b479e7047aab15c2060cc6f86178c0b202c35f6bb1c58c
292,44.860931113548,0.0717774897816768,0x55840a1e4f60403fa8659b8b2a8ed826dee83bf2,2017-10-26T18:57:01.000Z,0.0016,0x11d1d656b07526565b20cf0c162d5bcbe6fb7db0,sell,0x13f1b7fdfbe1fc66676d56483e21b1ecb40b58e2,0x4a8749e084b6a0ef26cc9485d142b7e3c6340f896b5476eecd19318122c1d89a
293,10.966005383311733,0.016997308344133186,0x3bedc86edaa5f3f07bba5c7d9c7c8b041f915d6d,2017-10-26T18:45:02.000Z,0.00155,0xf04588fa7a38fe2ac48762b32b0cbe97eed9675e,sell,0x13f1b7fdfbe1fc66676d56483e21b1ecb40b58e2,0x899febc25ba9ecf858014d50c0ab4d0916b85d864b4d036756dbeb51a3117e52
294,22,0.0341,0x3bedc86edaa5f3f07bba5c7d9c7c8b041f915d6d,2017-10-26T18:02:00.000Z,0.00155,0x1cdde8e0ba4b041ff42beaf791a619a15c90574c,buy,0x13f1b7fdfbe1fc66676d56483e21b1ecb40b58e2,0x9a356de16e70d8f7837225f6b6dfca1175c4fb46190adc4a16ef07443baf1d74
295,0.000005718490404798,0.000000008120256374,0x12c3fd99ab45bd806128e96062dc5a6c273d8af6,2017-10-26T17:14:53.000Z,0.0014199999998578017,0xb11154b3b7836e26881b9b1c678a548ba09553a4,sell,0x13f1b7fdfbe1fc66676d56483e21b1ecb40b58e2,0x5dd47f799150b1773ef6a57eb039909ae87d2e9417caadbc9562bba336830d50
296,546,0.77532,0x12c3fd99ab45bd806128e96062dc5a6c273d8af6,2017-10-26T17:14:53.000Z,0.00142,0x8527428d22bc1693b55e7f2a5c63f3f51e0729b2,buy,0x13f1b7fdfbe1fc66676d56483e21b1ecb40b58e2,0x2ac404d0989c3edd7448a47a78193a70d6e4208607261ba333dd76a342665683
297,137.1872,0.19892144,0x9a265f1d59e020341ca2b6f4eb20aeec46054414,2017-10-26T17:07:31.000Z,0.00145,0x273a5d3e6721b9f5c1a6474f560c1334c63dda01,sell,0x13f1b7fdfbe1fc66676d56483e21b1ecb40b58e2,0xc5234e628ab70838db5d30aaa27472d07616ee80a7ae66e5fda1f85cd0049d4d
298,137.6,0.194016,0x273a5d3e6721b9f5c1a6474f560c1334c63dda01,2017-10-26T17:07:31.000Z,0.00141,0x8527428d22bc1693b55e7f2a5c63f3f51e0729b2,buy,0x13f1b7fdfbe1fc66676d56483e21b1ecb40b58e2,0xc5234e628ab70838db5d30aaa27472d07616ee80a7ae66e5fda1f85cd0049d4d
299,631.101,0.8835414,0x510b86600e08df30dd34caa97b483243a8fa78ed,2017-10-26T17:01:36.000Z,0.0014,0x7aa6e2506316f6d613277d4f2f4e4e1dc55e528e,sell,0x13f1b7fdfbe1fc66676d56483e21b1ecb40b58e2,0x72c68b1c12bd9b1c434134ebd783b35379bd8b385145b414e70bb820db547c52
300,633,0.85455,0x7aa6e2506316f6d613277d4f2f4e4e1dc55e528e,2017-10-26T17:01:36.000Z,0.00135,0x8527428d22bc1693b55e7f2a5c63f3f51e0729b2,buy,0x13f1b7fdfbe1fc66676d56483e21b1ecb40b58e2,0x72c68b1c12bd9b1c434134ebd783b35379bd8b385145b414e70bb820db547c52
301,36,0.0522,0x786e7d333ee4787dae77f0c2f648dac91ae9399c,2017-10-26T17:00:02.000Z,0.00145,0x484dbe4c2899fa71bd2737f7f62965129737c6ed,buy,0x13f1b7fdfbe1fc66676d56483e21b1ecb40b58e2,0xb6cf253af11f8f787d21c1c40b48e5fac90e67b80c94eb0946cbe01f8b8fc182
302,33,0.0429,0x65f2dddf638c7a7118b22d610c9aeba141f2467f,2017-10-26T16:57:34.000Z,0.0013,0x1cdde8e0ba4b041ff42beaf791a619a15c90574c,buy,0x13f1b7fdfbe1fc66676d56483e21b1ecb40b58e2,0x9a2571f03ec3a627c8b77bdb8d6e3d6eb599d9ee0040603bbdfe786355fe2cb7
303,32.8980161499352,0.04441232180241252,0x55840a1e4f60403fa8659b8b2a8ed826dee83bf2,2017-10-26T16:57:34.000Z,0.00135,0x65f2dddf638c7a7118b22d610c9aeba141f2467f,sell,0x13f1b7fdfbe1fc66676d56483e21b1ecb40b58e2,0x9a2571f03ec3a627c8b77bdb8d6e3d6eb599d9ee0040603bbdfe786355fe2cb7
304,1.9977944754473176,0.002697022541853878,0x55840a1e4f60403fa8659b8b2a8ed826dee83bf2,2017-10-26T16:57:03.000Z,0.0013499999999999996,0x786e7d333ee4787dae77f0c2f648dac91ae9399c,sell,0x13f1b7fdfbe1fc66676d56483e21b1ecb40b58e2,0x90fc5ae69023be5758755f1a31115d19aeb9fdb9ed73e3e098cbc13d7fc6c86d
305,40,0.052,0xd2ea382e498316d91b9de8557670149b479721a0,2017-10-26T16:55:59.000Z,0.0013,0x786e7d333ee4787dae77f0c2f648dac91ae9399c,buy,0x13f1b7fdfbe1fc66676d56483e21b1ecb40b58e2,0x536cf312934e89801cf4be6b573d4726552cda0ed0e8f6fb7a2fa5f127e6a7c4
306,39.88,0.053838,0x55840a1e4f60403fa8659b8b2a8ed826dee83bf2,2017-10-26T16:55:59.000Z,0.00135,0xd2ea382e498316d91b9de8557670149b479721a0,sell,0x13f1b7fdfbe1fc66676d56483e21b1ecb40b58e2,0x536cf312934e89801cf4be6b573d4726552cda0ed0e8f6fb7a2fa5f127e6a7c4
307,42,0.0546,0x786e7d333ee4787dae77f0c2f648dac91ae9399c,2017-10-26T16:55:33.000Z,0.0013,0x1cdde8e0ba4b041ff42beaf791a619a15c90574c,buy,0x13f1b7fdfbe1fc66676d56483e21b1ecb40b58e2,0xc1113c1dfbb85ecfbe031f98f281a4578003cf24e94f8b9d6d1e565819b57294
308,39.87638321204267,0.05183929817565547,0x3bedc86edaa5f3f07bba5c7d9c7c8b041f915d6d,2017-10-26T16:53:12.000Z,0.0013,0x786e7d333ee4787dae77f0c2f648dac91ae9399c,sell,0x13f1b7fdfbe1fc66676d56483e21b1ecb40b58e2,0x1d6a63929db9441520e719396019f8b8e24b844cba8e3a8567460b93e7dbf265
309,0.05736217725052338,0.000068834612700628,0x12c3fd99ab45bd806128e96062dc5a6c273d8af6,2017-10-26T16:45:57.000Z,0.001199999999999999,0xb11154b3b7836e26881b9b1c678a548ba09553a4,sell,0x13f1b7fdfbe1fc66676d56483e21b1ecb40b58e2,0x1d6a0470def5d9f71a038272923e15374cbcff58a9211903733c1af093a8d388
310,43,0.08471,0xa08e6beac29e4a88ad11f8856bc270dac2b83e7b,2017-10-26T16:23:45.000Z,0.00197,0xa00ce89912a904af47c8aaba902e9f8baace8515,buy,0x13f1b7fdfbe1fc66676d56483e21b1ecb40b58e2,0x73a8bf31e9d6ce2d40bf0e8e57d2110c83a6b62a5bd9dd12c8bc5f688190e5de
311,54.830026916558666,0.05428172664739308,0x12c3fd99ab45bd806128e96062dc5a6c273d8af6,2017-10-26T16:05:41.000Z,0.00099,0x802fb80a1844b986b3ebadad804ee11f84c8cd5b,sell,0x13f1b7fdfbe1fc66676d56483e21b1ecb40b58e2,0x9375ab0af8d31a2c506b53eb8ad5100aff5edfdc31930c3040922bd054df1c4d
312,55.832,0.05527368,0x12c3fd99ab45bd806128e96062dc5a6c273d8af6,2017-10-26T16:02:34.000Z,0.00099,0x7aa6e2506316f6d613277d4f2f4e4e1dc55e528e,sell,0x13f1b7fdfbe1fc66676d56483e21b1ecb40b58e2,0xc9fcf6ee1a731747c2fcbb6ae9a1dc44c679b9fbd9075d6a95894f173d2e546e
313,56,0.0532,0x7aa6e2506316f6d613277d4f2f4e4e1dc55e528e,2017-10-26T16:02:34.000Z,0.00095,0x30319b0b0c09c0760060035fbb97ca6b0ff65361,buy,0x13f1b7fdfbe1fc66676d56483e21b1ecb40b58e2,0xc9fcf6ee1a731747c2fcbb6ae9a1dc44c679b9fbd9075d6a95894f173d2e546e
314,56,0.0532,0x7893c9d837d8b487890a76b58d41bb49643e5e37,2017-10-26T15:50:42.000Z,0.00095,0xffd04803cd79fe11c6a94c84a0e227a1312f4ecc,buy,0x13f1b7fdfbe1fc66676d56483e21b1ecb40b58e2,0xde2b13141238beaa4aceb14967e8584c4cadc93f42eee7052ef89e4caa2e0ec2
315,3,0.00285,0x7893c9d837d8b487890a76b58d41bb49643e5e37,2017-10-26T15:46:38.000Z,0.00095,0x27340a802cbdf612384b0749b767b5b6c9a97513,sell,0x13f1b7fdfbe1fc66676d56483e21b1ecb40b58e2,0xf08b9c741895ee77e17c148358824f35758865469067562dccfdc456fa5de0c3
316,20,0.01880002222,0xc22193e4f0f220883a0bb2ba8a83ff81d25c8623,2017-10-26T15:45:30.000Z,0.000940001111,0x27340a802cbdf612384b0749b767b5b6c9a97513,sell,0x13f1b7fdfbe1fc66676d56483e21b1ecb40b58e2,0xe0b28fdbbd7e43d8995a3bad090ac7e73267533a66c5743894450e853403c8d3
317,8.191878747311906,0.011468630246236667,0x7893c9d837d8b487890a76b58d41bb49643e5e37,2017-10-26T15:44:49.000Z,0.0014,0x40068d2eefb8f1dc7f73437d44d306d899edd669,buy,0x13f1b7fdfbe1fc66676d56483e21b1ecb40b58e2,0xe9089d19db0f3ee15b7c7437a4f6df8cee3674cb5a237d036ff441d83c80bd50
318,40,0.03760008,0x786e7d333ee4787dae77f0c2f648dac91ae9399c,2017-10-26T15:44:49.000Z,0.000940002,0x27340a802cbdf612384b0749b767b5b6c9a97513,sell,0x13f1b7fdfbe1fc66676d56483e21b1ecb40b58e2,0x1510cfbb3d95857e9ef25541e26ea0c8d68c946c80be6468e1888a14b873e78a
319,20,0.0284,0x7893c9d837d8b487890a76b58d41bb49643e5e37,2017-10-26T15:44:49.000Z,0.00142,0x40068d2eefb8f1dc7f73437d44d306d899edd669,buy,0x13f1b7fdfbe1fc66676d56483e21b1ecb40b58e2,0xae04fb9ba2fefa1b006d80f5fbb5a2b477aa697b8832f846dc72274a885ae977
320,2.024590778155707,0.002024590778155707,0x7893c9d837d8b487890a76b58d41bb49643e5e37,2017-10-26T15:44:40.000Z,0.001,0x0cca7e7317e21ff3a9d2845bde7de97382cc8248,buy,0x13f1b7fdfbe1fc66676d56483e21b1ecb40b58e2,0xb4535b83440ca689ac5fd9a5c411773c363bcb6612d93b739bf7c924aa9c2c9f
321,2,0.002,0xc22193e4f0f220883a0bb2ba8a83ff81d25c8623,2017-10-26T15:32:32.000Z,0.001,0x95ce81027b57239985d75fc2b7e2aa6f2baccbd2,buy,0x13f1b7fdfbe1fc66676d56483e21b1ecb40b58e2,0x3951e0e0015f912b48037389072cc2215dc489e729db2825e906d94f299917be
322,219,0.43581,0xc22193e4f0f220883a0bb2ba8a83ff81d25c8623,2017-10-26T15:26:32.000Z,0.00199,0x68b4683475747e28a83596e94b58187d452099cf,buy,0x13f1b7fdfbe1fc66676d56483e21b1ecb40b58e2,0xb7e5e064a7fd432dbeebab10dd00cbb5b3ce7d72e45ba5f285bac6b4aa09ae0b
323,237,0.46926,0xc22193e4f0f220883a0bb2ba8a83ff81d25c8623,2017-10-26T15:26:32.000Z,0.00198,0x8527428d22bc1693b55e7f2a5c63f3f51e0729b2,buy,0x13f1b7fdfbe1fc66676d56483e21b1ecb40b58e2,0xee2302e2e790267119138ea430f45d0dc79e1b97fe4dec4ea23f5cc22743716c
324,188,0.2631812,0xc22193e4f0f220883a0bb2ba8a83ff81d25c8623,2017-10-26T15:26:32.000Z,0.0013999,0x8e97c9b72b542cf9fe56ef3a0f35a687e499c67b,buy,0x13f1b7fdfbe1fc66676d56483e21b1ecb40b58e2,0xafab1148b3313b1e09ae92091ee0f32e4936d300ca09f255ee6d303ba6a280b9
325,76.76203768318213,0.07215631542219121,0x12c3fd99ab45bd806128e96062dc5a6c273d8af6,2017-10-26T15:20:31.000Z,0.00094,0x9b072daf558fb87322fbb1877eb6724d5e0b9129,sell,0x13f1b7fdfbe1fc66676d56483e21b1ecb40b58e2,0x6faeaea1fcbc9986457a71721944bb950903db2f89c7e60aba67526e468a301e
326,840,0.84,0x510b86600e08df30dd34caa97b483243a8fa78ed,2017-10-26T15:19:23.000Z,0.001,0xd64f9a51bae07df65a546408507e5163c7a1648e,sell,0x13f1b7fdfbe1fc66676d56483e21b1ecb40b58e2,0xcc08513ca4e95178e9099667da7d143394e5e18313b584284425adc7670bf669
327,618.0839397866614,0.5809989033994617,0x12c3fd99ab45bd806128e96062dc5a6c273d8af6,2017-10-26T15:13:46.000Z,0.00094,0xc22193e4f0f220883a0bb2ba8a83ff81d25c8623,sell,0x13f1b7fdfbe1fc66676d56483e21b1ecb40b58e2,0x707e3eed2297950483c7a454681dde82f6aa0505907a3fe2568e4f05a71ae278
328,40.82,0.03596242,0x7893c9d837d8b487890a76b58d41bb49643e5e37,2017-10-26T14:47:41.000Z,0.000881,0xb11154b3b7836e26881b9b1c678a548ba09553a4,sell,0x13f1b7fdfbe1fc66676d56483e21b1ecb40b58e2,0xa894b618d99b4351985799faf990e13fdb6054a221b7d418a9b87b2cdd3fd416
329,7.508121252688095,0.010511369753763333,0x9a265f1d59e020341ca2b6f4eb20aeec46054414,2017-10-26T14:40:07.000Z,0.0014,0x40068d2eefb8f1dc7f73437d44d306d899edd669,buy,0x13f1b7fdfbe1fc66676d56483e21b1ecb40b58e2,0xfb77dca7e09f239ff0327b145ef4033fe9a00a66b319415290b016f2f0add37b
330,10,0.01,0x9a265f1d59e020341ca2b6f4eb20aeec46054414,2017-10-26T14:39:38.000Z,0.001,0x4cd1ace2d57ac322437f4c853bdc492ab023de72,buy,0x13f1b7fdfbe1fc66676d56483e21b1ecb40b58e2,0x090273d50b96d4a5e616bfe0200c54b2959b8425025a2943591197361b9090c6
331,81.857,0.081857,0x9a265f1d59e020341ca2b6f4eb20aeec46054414,2017-10-26T14:39:14.000Z,0.001,0x06c6fea19f72ffeccb0326805b723ae3cae131ca,buy,0x13f1b7fdfbe1fc66676d56483e21b1ecb40b58e2,0x9d95b12057cd145a2ae3dd41db36c045469cd50b89b80964a77642e5c970417a
332,13,0.01261,0x9a265f1d59e020341ca2b6f4eb20aeec46054414,2017-10-26T14:39:14.000Z,0.00097,0x9d3aeaca91a54a6b4588d2821ea105521ab0a4d3,buy,0x13f1b7fdfbe1fc66676d56483e21b1ecb40b58e2,0x50e51c5fc7892945f5c85becb26d11bcef7f0f5660c134ec329ba6a311edf39e
333,44,0.042548,0x9a265f1d59e020341ca2b6f4eb20aeec46054414,2017-10-26T14:39:01.000Z,0.000967,0x1fdf047bf7a114b37e7936d01e9cad754ad18803,buy,0x13f1b7fdfbe1fc66676d56483e21b1ecb40b58e2,0x4fdd09670b3de73e78bc4151cd4fe09a2b56fab044f138d4f480dc7f8ad7c22e
334,46,0.0437,0x40068d2eefb8f1dc7f73437d44d306d899edd669,2017-10-26T14:08:03.000Z,0.00095,0xb6dbd85555862cd184e86889cf7982aabd127c65,buy,0x13f1b7fdfbe1fc66676d56483e21b1ecb40b58e2,0xa4fb031358182ff8be5ffa0dba65d79609ebc36baa64c703de45e479e6102198
335,5.26,0.0042606,0x7893c9d837d8b487890a76b58d41bb49643e5e37,2017-10-26T13:13:31.000Z,0.00081,0x975ea36be13fd6a5d46395e93b0f17ab0c8e3469,sell,0x13f1b7fdfbe1fc66676d56483e21b1ecb40b58e2,0x3151d1e6b925e74792e43cd127de327a3e75752275433d9bf55144e47bda6bfe
336,3.9876383212042668,0.003353603828132788,0x7893c9d837d8b487890a76b58d41bb49643e5e37,2017-10-26T12:48:02.000Z,0.000841,0x077664018c741c2df811ecd2f0ed6668c89bbb49,sell,0x13f1b7fdfbe1fc66676d56483e21b1ecb40b58e2,0xd0cf9b65f335a0ae1f2032df0b6dd19feb8ff3b1f4fbb2a796b4c8c8d377643f
337,68,0.0612,0x7893c9d837d8b487890a76b58d41bb49643e5e37,2017-10-26T12:29:05.000Z,0.0009,0x4a6b1a04704f50e863973a1de0de310415e41141,buy,0x13f1b7fdfbe1fc66676d56483e21b1ecb40b58e2,0x93d9df5fb65137fd422b048a0c5e842dec650ab5128d554f43e3e96a85a66d00
338,43.385,0.0390465,0x7893c9d837d8b487890a76b58d41bb49643e5e37,2017-10-26T12:28:59.000Z,0.0009,0x7fe8d10b80ccf235771a008931e60d8da137a6a3,buy,0x13f1b7fdfbe1fc66676d56483e21b1ecb40b58e2,0x9fae7ba0740ec7e1d613cbab861edff12eb15d065a38eb6b8645309b5982054d
339,145.56709056705395,0.11659923954421023,0x7893c9d837d8b487890a76b58d41bb49643e5e37,2017-10-26T12:27:59.000Z,0.000801,0x647d9489de0700095e1a8b26cc4d1907db266b6f,sell,0x13f1b7fdfbe1fc66676d56483e21b1ecb40b58e2,0xde9e20538301342d4a95110cf0562568ad50e74cf83d4e2487eb3022486f788b
340,62,0.05518,0x12c3fd99ab45bd806128e96062dc5a6c273d8af6,2017-10-26T11:44:58.000Z,0.00089,0x789c9f02de174d9215277f23a64bf31ddc398ea7,buy,0x13f1b7fdfbe1fc66676d56483e21b1ecb40b58e2,0xb92dea04592987ab18c4924b70f5df1c14fdf86af65985596a8ed4a3ba326e42
341,38.879473631741604,0.03110357890539328,0x510b86600e08df30dd34caa97b483243a8fa78ed,2017-10-26T11:04:08.000Z,0.0007999999999999999,0x5a28be0c2bb51163de498bc6be83d4f143e6b631,sell,0x13f1b7fdfbe1fc66676d56483e21b1ecb40b58e2,0x9ac06bfbd54fcae70e078f6a9084f89468157b9235beb344c289926ab077595e
342,10,0.008,0x510b86600e08df30dd34caa97b483243a8fa78ed,2017-10-26T09:08:05.000Z,0.0008,0x7adc947493b5933e209385a9aff9e4082decf10d,sell,0x13f1b7fdfbe1fc66676d56483e21b1ecb40b58e2,0x99132d3314775973d05f98696fbb577a8451b6b2bc22cdaee3107d610db5acc6
343,59,0.0472,0x97bb447b8b9c6e8fc625d50e4ad6780dbe54dea9,2017-10-26T08:11:37.000Z,0.0008,0x4befefcaec71e5603f7a2dd59c3827dafa328e1d,buy,0x13f1b7fdfbe1fc66676d56483e21b1ecb40b58e2,0x57ab6bd9a9ac0129ea8aebb0ca7cc24ac365fcccd7a400cb9595657801148f63
344,52.806300468547505,0.042245040374838005,0x510b86600e08df30dd34caa97b483243a8fa78ed,2017-10-26T07:56:25.000Z,0.0008,0x32e7a684f79c1c72e3f58304e7069983454e9782,sell,0x13f1b7fdfbe1fc66676d56483e21b1ecb40b58e2,0x3c0e56edf1e19985a526aef78d3c5068135c8e54aef770d8c6d83cc2856bc7de
345,10,0.008,0x510b86600e08df30dd34caa97b483243a8fa78ed,2017-10-26T07:32:47.000Z,0.0008,0x6047fb9ac6e7ad984ca4df42473b92a755fca9fa,sell,0x13f1b7fdfbe1fc66676d56483e21b1ecb40b58e2,0xea33f5c442fad108afaa12dd375894b29f276359f3e73f6e463ed48476fd73aa
346,70,0.0560007,0x7893c9d837d8b487890a76b58d41bb49643e5e37,2017-10-26T07:30:48.000Z,0.00080001,0x6047fb9ac6e7ad984ca4df42473b92a755fca9fa,sell,0x13f1b7fdfbe1fc66676d56483e21b1ecb40b58e2,0x66b6d2217229262cd1862e565336ebaa4690ab91c184b11d04850a128f45bd80
347,64.79912271956934,0.05183929817565547,0x510b86600e08df30dd34caa97b483243a8fa78ed,2017-10-26T07:08:17.000Z,0.0008,0xb417fc8781bfd509b91c6360493535512b133481,sell,0x13f1b7fdfbe1fc66676d56483e21b1ecb40b58e2,0x5a94cadf9bf1843bb7394308a3851a4c481e0ca4beba3061e9a7a126a401b967
348,26,0.0208,0x510b86600e08df30dd34caa97b483243a8fa78ed,2017-10-26T07:00:23.000Z,0.0008,0x9954d9db87604ac6cfe5a0645e71313b65511211,sell,0x13f1b7fdfbe1fc66676d56483e21b1ecb40b58e2,0xe5aba2d7ac503a502c616751295542cc17af99b9dbe79d2d6325578ff1bd24e7
349,40.87329279234373,0.03110457581497358,0x58b504525a0ef6d048670bc831532c320543f7f8,2017-10-26T06:03:33.000Z,0.000761,0xe886e170cd2f49f1b9e3a4344e8a0133d91983a2,sell,0x13f1b7fdfbe1fc66676d56483e21b1ecb40b58e2,0xdd0862e68673a75d24f399c06870e14dd31810905bd112523d98058bae19d5d8
350,400,0.32,0x510b86600e08df30dd34caa97b483243a8fa78ed,2017-10-26T05:51:22.000Z,0.0008,0x08ef720ca2596bad5333fedf818f1bc148d9b8c6,sell,0x13f1b7fdfbe1fc66676d56483e21b1ecb40b58e2,0xc3ae0dd82fb39883018862195a1c6476b116645f916d6ed6456ff58965c55703
351,15.06,0.01146066,0x510b86600e08df30dd34caa97b483243a8fa78ed,2017-10-26T05:11:16.000Z,0.000761,0x9d79b4dee7f1e0a0eeaab19a74365230f6158d84,buy,0x13f1b7fdfbe1fc66676d56483e21b1ecb40b58e2,0x88999d6fe0d307dd9ca4694d09d301279d1ba4d8f941520c4cb350effc2d7f9c
352,802,0.65764,0x510b86600e08df30dd34caa97b483243a8fa78ed,2017-10-26T04:53:17.000Z,0.00082,0xcf085317456133e93d72ab5fc56025d8d3802c38,buy,0x13f1b7fdfbe1fc66676d56483e21b1ecb40b58e2,0x844ad3be7bc38cc8a0892d242053b06e67c93396f7e15e69b99fedc97eb366d5
353,15.939545232608141,0.012129993922014795,0x7893c9d837d8b487890a76b58d41bb49643e5e37,2017-10-26T04:49:23.000Z,0.000761,0x9d79b4dee7f1e0a0eeaab19a74365230f6158d84,buy,0x13f1b7fdfbe1fc66676d56483e21b1ecb40b58e2,0xe1b103d4a3d961cd2481dfbee4214c312b7dde93a2a34a7022f63a58b6fb60c1
354,62,0.04526,0x7893c9d837d8b487890a76b58d41bb49643e5e37,2017-10-26T02:50:58.000Z,0.00073,0x3dbe9b79361df4e7021da46406636c153b6be32b,buy,0x13f1b7fdfbe1fc66676d56483e21b1ecb40b58e2,0xea86eb2a0d37630c6e07dbf140e5c6a7a8dc4f0c608948d5e1754bfc6ae4d51e
355,37,0.02701,0x7893c9d837d8b487890a76b58d41bb49643e5e37,2017-10-26T02:48:42.000Z,0.00073,0x3dbe9b79361df4e7021da46406636c153b6be32b,buy,0x13f1b7fdfbe1fc66676d56483e21b1ecb40b58e2,0x1cf03cde848939bc370cda7a9cf775958c7a2f7c31187ab378376044b9c86048
356,43.864021533246934,0.03202073571927026,0x7893c9d837d8b487890a76b58d41bb49643e5e37,2017-10-26T02:29:36.000Z,0.00073,0xb4df5587ca627d1f4f48151c34a2d884ef8f5e90,sell,0x13f1b7fdfbe1fc66676d56483e21b1ecb40b58e2,0x3f265186a098e6d99eac0c533f227363aaba53dca1ff3f73cc4ac84758d75770
357,59.814574818064,0.043664639617186723,0x7893c9d837d8b487890a76b58d41bb49643e5e37,2017-10-26T02:27:04.000Z,0.00073,0x20685e2b7c391f412c0887b0ef4fa388633129e1,sell,0x13f1b7fdfbe1fc66676d56483e21b1ecb40b58e2,0xaac93702c5cef8a9af8c06a924c4004a2e52278e172937e67815687ec4c130f4
358,10,0.009,0x2c18a901eebd23a649948e97e3843e8b8cc7a616,2017-10-26T02:16:43.000Z,0.0009,0x4cd1ace2d57ac322437f4c853bdc492ab023de72,buy,0x13f1b7fdfbe1fc66676d56483e21b1ecb40b58e2,0xfd902b0d118fe83de2688a323fe6a7e127acc50e8e079bf2ae06fb2d98787b49
359,98.6940484498056,0.0720466553683581,0x7893c9d837d8b487890a76b58d41bb49643e5e37,2017-10-26T02:02:40.000Z,0.00073,0x86a56ac7d5773c339d139c196d79d29fe386d895,sell,0x13f1b7fdfbe1fc66676d56483e21b1ecb40b58e2,0x78b383ea5d71beb41cdfcb1d0a2021cae439ffed77ce472775140061e73f0f21
360,10,0.00727001,0x12c3fd99ab45bd806128e96062dc5a6c273d8af6,2017-10-26T00:45:57.000Z,0.000727001,0x6d50eea626caecc03f6a587e55d4d9236c2d0e89,sell,0x13f1b7fdfbe1fc66676d56483e21b1ecb40b58e2,0xefd5e513c2facc7e221187fd18f78469f2559f0a1f6cd54e0f2059891557bc85
361,19.8,0.0143946,0x58b504525a0ef6d048670bc831532c320543f7f8,2017-10-26T00:26:50.000Z,0.000727,0xdfa1d82cad63732a6fd76f13315206c21e2e3a21,sell,0x13f1b7fdfbe1fc66676d56483e21b1ecb40b58e2,0xaba79b045fdc439c842ee4bc98018357dcf101b1483b08948b71df50d4da172e
362,30,0.0228,0x7893c9d837d8b487890a76b58d41bb49643e5e37,2017-10-26T00:23:24.000Z,0.00076,0xdfa1d82cad63732a6fd76f13315206c21e2e3a21,sell,0x13f1b7fdfbe1fc66676d56483e21b1ecb40b58e2,0xe50327da2eeb94028b8dfb0f0a27e12715231cdfc5b7dd681cf96812d5f712d5
363,77,0.057519,0x58b504525a0ef6d048670bc831532c320543f7f8,2017-10-25T23:04:54.000Z,0.000747,0x64ede2db96373b2b64e0a6c8d2adb4ec12422d1e,sell,0x13f1b7fdfbe1fc66676d56483e21b1ecb40b58e2,0x6eda2b50d06363f28b8f7c65415da033713267fa29691fc8b541eaf1e31c2293
364,36,0.0297,0x7893c9d837d8b487890a76b58d41bb49643e5e37,2017-10-25T22:29:49.000Z,0.000825,0x842ce32e2f0b0796e6862e62049a966c2b7afa6d,buy,0x13f1b7fdfbe1fc66676d56483e21b1ecb40b58e2,0xa956c0458906910ff5abe48a7ce47529da0cb86d2f1695cb59479291750b7c1b
365,37,0.030525,0x58b504525a0ef6d048670bc831532c320543f7f8,2017-10-25T22:28:55.000Z,0.000825,0x842ce32e2f0b0796e6862e62049a966c2b7afa6d,buy,0x13f1b7fdfbe1fc66676d56483e21b1ecb40b58e2,0x53bf0258c1378c01811dd3924d351f164a4ef2b213642a147db8ed3b14a247ac
366,63,0.0567,0x7893c9d837d8b487890a76b58d41bb49643e5e37,2017-10-25T22:28:10.000Z,0.0009,0xe15c0f49bf463173ad25312ead3a43ddbee40661,buy,0x13f1b7fdfbe1fc66676d56483e21b1ecb40b58e2,0xeaca00d6e3b60999c4db4a4d8fa7fa4bfdf526e3ffe4efe649c7ddc7a008f6ed
367,88,0.07216,0x7893c9d837d8b487890a76b58d41bb49643e5e37,2017-10-25T22:27:24.000Z,0.00082,0xd6818884c14cf6cb08c2e8705c52305ff7c547b0,buy,0x13f1b7fdfbe1fc66676d56483e21b1ecb40b58e2,0xc49bc801086d275e9ce04f5048ddb760ac77232d26a8cd6fae013e1ca843db79
368,47,0.03854,0x58b504525a0ef6d048670bc831532c320543f7f8,2017-10-25T22:24:55.000Z,0.00082,0xd6818884c14cf6cb08c2e8705c52305ff7c547b0,buy,0x13f1b7fdfbe1fc66676d56483e21b1ecb40b58e2,0x22a4b9d1c2a1da8f7a27ff0dacdf28b3b93ab030235c4d5b6d048faf02f9e035
369,58,0.0493,0x9e00365664411b507aff985ed8e5372353a2106f,2017-10-25T22:00:49.000Z,0.00085,0x9e00365664411b507aff985ed8e5372353a2106f,buy,0x13f1b7fdfbe1fc66676d56483e21b1ecb40b58e2,0x4d42caa3c9a8d2b24241a9ce78bd23e6111add6f6f6e0ff5da8a093f9634af24
370,70,0.04851,0xc22193e4f0f220883a0bb2ba8a83ff81d25c8623,2017-10-25T21:41:08.000Z,0.000693,0x1b6572f89d7d320e044b0a218e3c68c8198c2c40,buy,0x13f1b7fdfbe1fc66676d56483e21b1ecb40b58e2,0x4e14f244f46999f11c8c1f218fd743c247f73d765c003cb04357327ab18cb7ba
371,100,0.06917000001,0xc22193e4f0f220883a0bb2ba8a83ff81d25c8623,2017-10-25T21:13:27.000Z,0.0006917000001,0x0cca7e7317e21ff3a9d2845bde7de97382cc8248,sell,0x13f1b7fdfbe1fc66676d56483e21b1ecb40b58e2,0xcf98a4c1b7491319c73ed6ff1c769cfef7689a0cb15ded943cdddd9ff6dfeaee
372,100,0.06917000004,0xc22193e4f0f220883a0bb2ba8a83ff81d25c8623,2017-10-25T21:06:11.000Z,0.0006917000004,0x0cca7e7317e21ff3a9d2845bde7de97382cc8248,sell,0x13f1b7fdfbe1fc66676d56483e21b1ecb40b58e2,0x4c82650f2f0e2b2414d66d2d9ebad991fd667d62a756473473a5b6ba42d0e313
373,100,0.06917000002,0xc22193e4f0f220883a0bb2ba8a83ff81d25c8623,2017-10-25T21:06:11.000Z,0.0006917000002,0x0cca7e7317e21ff3a9d2845bde7de97382cc8248,sell,0x13f1b7fdfbe1fc66676d56483e21b1ecb40b58e2,0x104db64540b9803e648eecbc1743c6c7cfc097d613e87bb5e8a9f806b3fbab5d
374,100,0.06917000003,0xc22193e4f0f220883a0bb2ba8a83ff81d25c8623,2017-10-25T21:06:11.000Z,0.0006917000003,0x0cca7e7317e21ff3a9d2845bde7de97382cc8248,sell,0x13f1b7fdfbe1fc66676d56483e21b1ecb40b58e2,0xba248eb1693d68b261c1d4bb6d717610d3cdc9c45c36050bbd640b3aa5b26c3f
375,100,0.06917000005,0xc22193e4f0f220883a0bb2ba8a83ff81d25c8623,2017-10-25T21:05:56.000Z,0.0006917000005,0x0cca7e7317e21ff3a9d2845bde7de97382cc8248,sell,0x13f1b7fdfbe1fc66676d56483e21b1ecb40b58e2,0xfeb9efe2e50422e4439a312570d143d4777e139c9ac6b6da68cd17ed82b6bc8e
