,amount,amountBase,buyer,date,price,seller,side,tokenAddr,txHash
0,1.88,0.0005,0x4fda9e6bcd83af6c5cc771b5d20accc2b7720074,2017-11-02T10:02:51.000Z,0.00026595744680851064,0x189c12d547f12514bab296ccae012b0b01c6cd6d,buy,0x7d5edcd23daa3fb94317d32ae253ee1af08ba14d,0x4cd45ce9e3e716f36a7df0a6f6d166e7d91687035f0bf8196de5520524560e65
1,1.88,0.0005,0x3075f7f189912f4f425dd7021b9c396434197477,2017-11-02T09:51:37.000Z,0.00026595744680851064,0x189c12d547f12514bab296ccae012b0b01c6cd6d,buy,0x7d5edcd23daa3fb94317d32ae253ee1af08ba14d,0x471b41ad4fc94ab1a0ac2c906204cc083b11356ce5aa5cd0981ed195dbbec42a
2,1.88,0.0005,0x3075f7f189912f4f425dd7021b9c396434197477,2017-11-02T09:51:30.000Z,0.00026595744680851064,0x189c12d547f12514bab296ccae012b0b01c6cd6d,buy,0x7d5edcd23daa3fb94317d32ae253ee1af08ba14d,0x471b41ad4fc94ab1a0ac2c906204cc083b11356ce5aa5cd0981ed195dbbec42a
3,193.13,0.03669508626,0x7301e48891b4cf4af3d47be42f75b7d7d5317158,2017-11-01T01:49:59.000Z,0.000190002,0xcf7008288b39e3e236543143e900b3593b914a94,sell,0x7d5edcd23daa3fb94317d32ae253ee1af08ba14d,0x56a6d5e073f19a450dff35dac63730aac33bf4eebd3ac28371e69147c0c5dc88
4,0.01,0.0000019,0x65f3de22aa43e5175ebb9e194e54444d69ea6035,2017-10-31T23:30:29.000Z,0.00019,0x7616bb991081160eb20ff62ba47da6e54f5c8728,sell,0x7d5edcd23daa3fb94317d32ae253ee1af08ba14d,0x016a9f724baef0cfe0434923489563c91973cd0449ed219ed5f68f0abd786e8a
5,29.9,0.005681,0x65f3de22aa43e5175ebb9e194e54444d69ea6035,2017-10-31T23:25:17.000Z,0.00019,0x7616bb991081160eb20ff62ba47da6e54f5c8728,sell,0x7d5edcd23daa3fb94317d32ae253ee1af08ba14d,0x817f9a03c352843309a475394e4aacd83fd3ad24d322b2aa561836d0b67f3842
6,0.21,0.0000399,0x65f3de22aa43e5175ebb9e194e54444d69ea6035,2017-10-31T17:02:19.000Z,0.00019,0x26a7f4ab31d95cb549daaf4c0335bd7204581f05,sell,0x7d5edcd23daa3fb94317d32ae253ee1af08ba14d,0x1dfdf7b1770059834c550a107b6539345a44e3b25e6e5c9b3a02d3c0f357ecbb
7,148.99,0.03650326501,0x189c12d547f12514bab296ccae012b0b01c6cd6d,2017-10-31T16:22:03.000Z,0.0002450047990469159,0xb38bc467ab6d5ff0dd261828682eaa169feacb80,buy,0x7d5edcd23daa3fb94317d32ae253ee1af08ba14d,0x7a9d2390e92f28b006560d7ff85baf1a8eff2ed1ab0bbfea85cfd56cf630deae
8,12,0.0026544,0x189c12d547f12514bab296ccae012b0b01c6cd6d,2017-10-31T15:52:58.000Z,0.0002212,0xafff9f0c27950ef300783ea0ec31d5b806baf911,buy,0x7d5edcd23daa3fb94317d32ae253ee1af08ba14d,0x1bd31aeee8e7f46446b45495105eeaf67b4f3d423a3e61c0b0ac27317e93860d
9,4028.59,0.7654321,0x65f3de22aa43e5175ebb9e194e54444d69ea6035,2017-10-31T12:43:08.000Z,0.00019,0xa399ebc3849382d1b4f5d35fac1f7a889d76cd4e,sell,0x7d5edcd23daa3fb94317d32ae253ee1af08ba14d,0x75407efa9623460f0d07a5f6e9991e95e934c84ce7705472ed180300505484fc
10,0,0,0xf7c8850c080d7d86e12207128f54f48d6b4c26f0,2017-10-31T04:11:08.000Z,NaN,0xe444a40689f51f63bcd29910622035707d533d29,sell,0x7d5edcd23daa3fb94317d32ae253ee1af08ba14d,0x7247d0e2bc7c99b955d3a7bdfc2c82b514eec9256074017b72de7e8c2528edc9
11,6337.45,1.26749,0xf52fb0f3240e800c9d07737f602a53a43455a758,2017-10-31T00:36:39.000Z,0.0002,0x5daf6dada571baed742a5ed6ec585ec27303d60f,sell,0x7d5edcd23daa3fb94317d32ae253ee1af08ba14d,0x0368145cf33e68cb6536416e5370db92143570ef5788934f50a274cadaa9ebc9
12,0.09,0.00001674063,0xf52fb0f3240e800c9d07737f602a53a43455a758,2017-10-30T23:30:51.000Z,0.000186007,0xb79831b0638c6e7438a08473026452705f502ca7,sell,0x7d5edcd23daa3fb94317d32ae253ee1af08ba14d,0x96a8832ac8df2d3e1168d7702e9e9da841fa906e3e5d9bea59cbeb70c3ad011c
13,3324.57,0.66823857,0x00f7cf9da3ad0d783f225bb9408be2a0ec5cef1b,2017-10-30T22:34:22.000Z,0.000201,0x5daf6dada571baed742a5ed6ec585ec27303d60f,sell,0x7d5edcd23daa3fb94317d32ae253ee1af08ba14d,0x69b30936d9ce16ea4601329239d9e820aabc163e81026b575500c7b608d4dd8d
14,2098.9,0.424208679,0xf7c8850c080d7d86e12207128f54f48d6b4c26f0,2017-10-30T22:33:00.000Z,0.00020211,0x5daf6dada571baed742a5ed6ec585ec27303d60f,sell,0x7d5edcd23daa3fb94317d32ae253ee1af08ba14d,0x62c2a1b1ffeab544717c0b187304df049839c315ad2be3107419b43d8c123e0b
15,201.1,0.040644321,0xf7c8850c080d7d86e12207128f54f48d6b4c26f0,2017-10-30T16:22:23.000Z,0.00020211,0x7322f723ab0b701ad0b4f328e4f9690fe8a4b18e,sell,0x7d5edcd23daa3fb94317d32ae253ee1af08ba14d,0x98a9fa344156159050125c2fd26e0d62cc9c5bdcdd4091c0cc9555d50924c813
16,380,0.080218,0x507198824a852e3d6dff88c0b8ffb65f2ebd47f5,2017-10-30T12:00:15.000Z,0.0002111,0x7322f723ab0b701ad0b4f328e4f9690fe8a4b18e,sell,0x7d5edcd23daa3fb94317d32ae253ee1af08ba14d,0xa7a5f9e4b25818511e6b5d43dc0946bf5bc276303e6e47de179699f1a813c661
17,3278.38,0.8195966141740604,0x7f4bc9f0db1329561a2ccd78f3ca8bbed804043a,2017-10-30T06:58:32.000Z,0.00025000049236942036,0xe4ef6a44061b9c4fbf67b404c9eed0ab015778b9,buy,0x7d5edcd23daa3fb94317d32ae253ee1af08ba14d,0x561a4b1b339267c335ab77b56b0610b9c6bdffa17c7ad15f83089e8a636ca748
18,327.86,0.080620774,0x7f4bc9f0db1329561a2ccd78f3ca8bbed804043a,2017-10-30T06:28:24.000Z,0.0002459,0x507198824a852e3d6dff88c0b8ffb65f2ebd47f5,buy,0x7d5edcd23daa3fb94317d32ae253ee1af08ba14d,0x2205fe00000189a8918cc190442f18c3ae4424f1a2695fb08a55ad6ed6a7612d
19,2717,0.67925,0xd0a0f656363d9e817a810e94edd03452b61d359e,2017-10-30T05:32:12.000Z,0.00025,0xe4ef6a44061b9c4fbf67b404c9eed0ab015778b9,buy,0x7d5edcd23daa3fb94317d32ae253ee1af08ba14d,0xbdca0ee45fcc6f595f616b312876f5a891747f43ef0fadf26128805c0741ff05
20,870,0.21392865,0xd0a0f656363d9e817a810e94edd03452b61d359e,2017-10-30T05:29:11.000Z,0.000245895,0xf52fb0f3240e800c9d07737f602a53a43455a758,buy,0x7d5edcd23daa3fb94317d32ae253ee1af08ba14d,0x8ef6f1116867350afd1e4bc18cbf8621a90b2165ce75266321990c5277b8ebc4
21,1413,0.34745103387,0xd0a0f656363d9e817a810e94edd03452b61d359e,2017-10-30T05:29:11.000Z,0.00024589599,0xbcce870909b3dbbe28f744f69b080dbdeeb7748a,buy,0x7d5edcd23daa3fb94317d32ae253ee1af08ba14d,0x62b4d2f110c5fd6c29aaa69bb287e0fd18cf126b100f2f73d2eafcda9ead23fe
22,0,0,0x00f7cf9da3ad0d783f225bb9408be2a0ec5cef1b,2017-10-30T03:42:49.000Z,NaN,0x379374d13077e8867ef31803c37baf9785a17c00,sell,0x7d5edcd23daa3fb94317d32ae253ee1af08ba14d,0xd1d9db79d0ff599e9855b3c5126a00ceec36b5afa6bd43759a6e91dc2bf01d41
23,0,0,0x00f7cf9da3ad0d783f225bb9408be2a0ec5cef1b,2017-10-30T03:42:43.000Z,NaN,0x16e5d97bbc92417e051e3b2cabfbf8ceea2acb9c,sell,0x7d5edcd23daa3fb94317d32ae253ee1af08ba14d,0x500227b7d3de9f144668ea711f15a678aba2ae1a5af8138be9d3c2eca0c313bd
24,0,0,0x00f7cf9da3ad0d783f225bb9408be2a0ec5cef1b,2017-10-30T02:14:23.000Z,NaN,0x16e5d97bbc92417e051e3b2cabfbf8ceea2acb9c,sell,0x7d5edcd23daa3fb94317d32ae253ee1af08ba14d,0xa3488500e7b9a6ebb0799e4f2cb785fa1a76881185b36d7fafc30041ab6e0ad8
25,0,0,0x00f7cf9da3ad0d783f225bb9408be2a0ec5cef1b,2017-10-30T02:13:48.000Z,NaN,0x379374d13077e8867ef31803c37baf9785a17c00,sell,0x7d5edcd23daa3fb94317d32ae253ee1af08ba14d,0x2cd15f26eec0cca290e48a8fe953e819c0cca65da7691618c3d1125edb381bc6
26,0.43,0.00008643,0x00f7cf9da3ad0d783f225bb9408be2a0ec5cef1b,2017-10-29T22:23:47.000Z,0.000201,0x1692cf1396192961e5bc4fb2848d7234e1f4c864,sell,0x7d5edcd23daa3fb94317d32ae253ee1af08ba14d,0xab1a811ed5f856894e26d63408a0f21d7419f27945b2cd3a8dd51724b7346d8e
27,199.38,0.0363310236,0xb742b2e0489bfcb82e70d8a462434be7a93937d1,2017-10-29T17:21:30.000Z,0.00018222,0x841f38989c604a540419d078351574a8e407f6ce,sell,0x7d5edcd23daa3fb94317d32ae253ee1af08ba14d,0x5a5e2e35e2320c3f13ccb088920cb1aba807dad70d1c6b1fc6c16839fdbebe59
28,0.04,0.000008,0x189c12d547f12514bab296ccae012b0b01c6cd6d,2017-10-29T12:21:45.000Z,0.0002,0x602053cdad316bf80958bd9bb7edc506f58bc845,sell,0x7d5edcd23daa3fb94317d32ae253ee1af08ba14d,0x16fd44876b341565152fd88a5f3b4e0c94f21b2efad47e04c124b820e1744205
29,1500,0.375,0x3bfa483e6d86f78a6883a3d052f857e859edbd28,2017-10-29T00:42:39.000Z,0.00025,0xa95407543cf9f8d359fadaf9b4cba11f5f38b74b,buy,0x7d5edcd23daa3fb94317d32ae253ee1af08ba14d,0x8b0dbf1ee59f39ab4abe87aa44f3dce00c40da9e0aa30a7405d990e784481b5e
30,2,0.0005,0x34f9560c63078eb61872a4dc2ccd20e21c34feaf,2017-10-28T20:25:18.000Z,0.00025,0xa95407543cf9f8d359fadaf9b4cba11f5f38b74b,buy,0x7d5edcd23daa3fb94317d32ae253ee1af08ba14d,0xdb49c6799171db359b7073a71696d2f7afb8a8d203961927d73b407106d0adeb
31,2,0.0005,0xe444a40689f51f63bcd29910622035707d533d29,2017-10-28T20:18:41.000Z,0.00025,0xa95407543cf9f8d359fadaf9b4cba11f5f38b74b,buy,0x7d5edcd23daa3fb94317d32ae253ee1af08ba14d,0x7144a2c57f30c6b3a153a42afbd7afccdc26535be3f4745cfb3ae0944697d355
32,1325.83,0.2519077,0x189c12d547f12514bab296ccae012b0b01c6cd6d,2017-10-28T17:14:10.000Z,0.00019,0x1ed014aec47fae44c9e55bac7662c0b78ae61798,sell,0x7d5edcd23daa3fb94317d32ae253ee1af08ba14d,0x116b01aa1bec2f0036f12c39f84fee7b1b0845ee516e8a2fefd78981988920eb
33,397.83,0.0875226,0x189c12d547f12514bab296ccae012b0b01c6cd6d,2017-10-27T22:21:42.000Z,0.00022,0x602053cdad316bf80958bd9bb7edc506f58bc845,sell,0x7d5edcd23daa3fb94317d32ae253ee1af08ba14d,0x46c54e01ef762186bc16b9a260df7f8b19f9f89ed7fd592d1933d31d4499ea98
34,50.78,0.0121872,0x507198824a852e3d6dff88c0b8ffb65f2ebd47f5,2017-10-27T22:18:04.000Z,0.00024,0x602053cdad316bf80958bd9bb7edc506f58bc845,sell,0x7d5edcd23daa3fb94317d32ae253ee1af08ba14d,0x39900efc3c35e81bdfcf3da189b975692bafef9ae32ca542b3df07d610c32411
35,1195.87,0.2630914,0x189c12d547f12514bab296ccae012b0b01c6cd6d,2017-10-27T22:16:49.000Z,0.00022,0xb734e80437b211b7d950aa56e2aba48eb37b7e5d,sell,0x7d5edcd23daa3fb94317d32ae253ee1af08ba14d,0x4090093615123562caecf91690951bd1df679ce198be2d8d86719d9109422f03
36,448.6,0.098692,0x189c12d547f12514bab296ccae012b0b01c6cd6d,2017-10-27T21:59:23.000Z,0.00022,0x18844b38287df0849ed298d96eb68bbccb7fc158,sell,0x7d5edcd23daa3fb94317d32ae253ee1af08ba14d,0x507dbd4e7cd24efb6c357882686c6c5f6660f8084c44dcd96da66346848ea09d
37,249.22,0.0598128,0x507198824a852e3d6dff88c0b8ffb65f2ebd47f5,2017-10-27T16:32:35.000Z,0.00024,0xe32ad7583dcb633c3971f1d3bac822ef4cb171c8,sell,0x7d5edcd23daa3fb94317d32ae253ee1af08ba14d,0xb3b29c05d4ee5596b73d1a7634d1781274a74fa12befcbd0686c2bbc9b6aa4bd
38,249.25,0.09346875,0xe39d209fe5ad93ca12bcdf3c28825e6774686b7d,2017-10-27T14:57:58.000Z,0.000375,0x7aa6e2506316f6d613277d4f2f4e4e1dc55e528e,sell,0x7d5edcd23daa3fb94317d32ae253ee1af08ba14d,0x98067cec9835f9c61aaf86d1b35b0fe3564b5416d32c492f75a97342cc3fc795
39,250,0.072425,0x7aa6e2506316f6d613277d4f2f4e4e1dc55e528e,2017-10-27T14:57:58.000Z,0.0002897,0x507198824a852e3d6dff88c0b8ffb65f2ebd47f5,buy,0x7d5edcd23daa3fb94317d32ae253ee1af08ba14d,0x98067cec9835f9c61aaf86d1b35b0fe3564b5416d32c492f75a97342cc3fc795
40,264.2,0.058124,0x189c12d547f12514bab296ccae012b0b01c6cd6d,2017-10-27T12:12:49.000Z,0.00022,0x7aa6e2506316f6d613277d4f2f4e4e1dc55e528e,sell,0x7d5edcd23daa3fb94317d32ae253ee1af08ba14d,0xa6d127a6cdd8e8ae3768cd11c39d605a3848a229abc835078d1bf2e0988e98af
41,265,0.03975,0x7aa6e2506316f6d613277d4f2f4e4e1dc55e528e,2017-10-27T12:12:49.000Z,0.00015,0xd8be8871c52b91a1f4f8457baf0dc0946d931132,buy,0x7d5edcd23daa3fb94317d32ae253ee1af08ba14d,0xa6d127a6cdd8e8ae3768cd11c39d605a3848a229abc835078d1bf2e0988e98af
42,560,0.1232,0xbc5d829e55e9c0afdd103a97c63d980dc5db48eb,2017-10-27T10:52:47.000Z,0.00022,0x786b43f2f4821cb8928f11dc03b1d27f20f4f504,buy,0x7d5edcd23daa3fb94317d32ae253ee1af08ba14d,0xef8338f84635e6bfcd1969ae38c3c274e61a55c0948e161621c36c3cd3447c4d
43,30,0.00996594,0xb804c685f835e36022a6780af2da10f7aa402737,2017-10-27T02:21:58.000Z,0.000332198,0xbcce870909b3dbbe28f744f69b080dbdeeb7748a,buy,0x7d5edcd23daa3fb94317d32ae253ee1af08ba14d,0x69adaa99ab96416d0304c9934109ef126cab1b5eab5d55f472823ba4be970528
44,142.07,0.0312554,0x189c12d547f12514bab296ccae012b0b01c6cd6d,2017-10-26T20:44:11.000Z,0.00022,0xb734e80437b211b7d950aa56e2aba48eb37b7e5d,sell,0x7d5edcd23daa3fb94317d32ae253ee1af08ba14d,0x66ca17ed4fb46e1de3cad5a0e7f1b015cad1e82710fb069216709a171e2ea61c
45,1000,0.3321999,0x14c2b732f734da979d383a850a7de033585da67b,2017-10-26T20:43:20.000Z,0.0003321999,0xbcce870909b3dbbe28f744f69b080dbdeeb7748a,buy,0x7d5edcd23daa3fb94317d32ae253ee1af08ba14d,0x28dbc3ab6d34a3ebcf6d1329d8d3b31322ab2f4d0cc961144c70a3f2a44b2b4f
46,371.19,0.08722965,0x7bbe362756445f1534965caf9d60e705f6e353e7,2017-10-26T20:36:20.000Z,0.000235,0x189c12d547f12514bab296ccae012b0b01c6cd6d,sell,0x7d5edcd23daa3fb94317d32ae253ee1af08ba14d,0x95cf765a44bb62ffb3f1a8c951ddbcba7b3aa0f3e2b8c725018f5df9945ab89b
47,8.81,0.00207035,0x7bbe362756445f1534965caf9d60e705f6e353e7,2017-10-26T20:18:31.000Z,0.000235,0x9afcca46b663bda84aa1bb420ad3a35a706e9d39,sell,0x7d5edcd23daa3fb94317d32ae253ee1af08ba14d,0x0ddc3586ca8ab402f3269676a82cb385ff5d4142500fcd7978c0dbd43d33cd21
48,2013.51,0.5637828,0xbc5d829e55e9c0afdd103a97c63d980dc5db48eb,2017-10-26T20:17:20.000Z,0.00028,0x9afcca46b663bda84aa1bb420ad3a35a706e9d39,sell,0x7d5edcd23daa3fb94317d32ae253ee1af08ba14d,0xfc794d3a9994f8fe4b292a6ffa34c93bbf3a53a6ab6db4413a7f58a31882cafd
49,500.5,0.16666144495,0x0f806f0a4401387209f150ab7c18445a5a586272,2017-10-26T17:34:10.000Z,0.0003329899,0xbcce870909b3dbbe28f744f69b080dbdeeb7748a,buy,0x7d5edcd23daa3fb94317d32ae253ee1af08ba14d,0x5f0abc0a450783ea69033e3663182dd4b634641cf4bc37e17c7727e77b821161
50,1054.74,0.2953272,0xbc5d829e55e9c0afdd103a97c63d980dc5db48eb,2017-10-26T15:54:11.000Z,0.00028,0x0c8f76f6f9eac902b9021cfc2c0f3f57d4625bb6,sell,0x7d5edcd23daa3fb94317d32ae253ee1af08ba14d,0x064576b2a8cef4b27831213d5d55f8a386ab869e09e09c367a0dbaf2daba792b
51,505.45,0.141526,0xbc5d829e55e9c0afdd103a97c63d980dc5db48eb,2017-10-26T15:30:49.000Z,0.00028,0xccac167f2aea41533ca3af82dd77df962cef9ad9,sell,0x7d5edcd23daa3fb94317d32ae253ee1af08ba14d,0xe5e9389b07c112551376292d7716a34fcfabde384d770435e3739c6af2f15b20
52,252,0.0756,0xbc5d829e55e9c0afdd103a97c63d980dc5db48eb,2017-10-26T15:06:23.000Z,0.0003,0x5e4793a33132908e515180eadb675d5a7df8bf89,buy,0x7d5edcd23daa3fb94317d32ae253ee1af08ba14d,0x96e3cb57d3e2fdef1fbd073062c02bd129a240bbc7e2295bdf3d06da28935d68
53,500,0.15,0xdfed8133a78676551b3049d86c5e8c99c62fbc73,2017-10-26T14:13:21.000Z,0.0003,0xccac167f2aea41533ca3af82dd77df962cef9ad9,sell,0x7d5edcd23daa3fb94317d32ae253ee1af08ba14d,0x941e1d841663ac96207e7d7bdbf3f2cf3abe6a5edc500eb91d6881e4d2035574
54,1861,0.53969,0x3787a01cb156eb126f016ae425a6f98b6d9e762a,2017-10-26T13:59:13.000Z,0.00029,0xccac167f2aea41533ca3af82dd77df962cef9ad9,sell,0x7d5edcd23daa3fb94317d32ae253ee1af08ba14d,0x98a6c8080d7603b58e898ba88d0936d89c4d899661356b21dfe14af7af00bdaa
55,2875.1,0.718775,0xccac167f2aea41533ca3af82dd77df962cef9ad9,2017-10-26T12:44:21.000Z,0.00025,0xee7acd51a05bdd280d84caf0b506ea1b66743818,buy,0x7d5edcd23daa3fb94317d32ae253ee1af08ba14d,0xfc96919af41134ed2b90c6c20fd97a2fe30b2e0bea34bc7a2d9b36d91b92745f
56,1,0.00025,0x65bc7e902ce2ad51f911a879a60fe817d3e04308,2017-10-26T11:38:45.000Z,0.00025,0xee7acd51a05bdd280d84caf0b506ea1b66743818,buy,0x7d5edcd23daa3fb94317d32ae253ee1af08ba14d,0xbdbef75a75bb7dc8e85707279f6b9571148c1a08673e131728940cd6f8543421
57,3172.92,0.79319877078,0x65bc7e902ce2ad51f911a879a60fe817d3e04308,2017-10-26T11:35:09.000Z,0.00024999015757724743,0x40f770af2bab89f11d88ef212cba5fb4e8d1da6f,buy,0x7d5edcd23daa3fb94317d32ae253ee1af08ba14d,0x94540d2c25ccc42ac07b2a0eb99c72b7dd4dea11fcd685c8318ef4fdb91808db
58,1018.69,0.2546623131,0x65bc7e902ce2ad51f911a879a60fe817d3e04308,2017-10-26T11:34:39.000Z,0.00024999,0xdb24a99e4fcf1f41d4b1222b3d0e93bcffb61ce5,buy,0x7d5edcd23daa3fb94317d32ae253ee1af08ba14d,0x292b11a9a1b1ca61cf475bf975da0b1bad661b80955fe5ba0ed8ba312fd53fea
59,3907,0.918145,0x65bc7e902ce2ad51f911a879a60fe817d3e04308,2017-10-26T11:33:31.000Z,0.000235,0x65f3de22aa43e5175ebb9e194e54444d69ea6035,buy,0x7d5edcd23daa3fb94317d32ae253ee1af08ba14d,0x9da6c359daa307cb6622b991b2351807123005dd58f137f70dc641a864ce4049
60,450,0.10575,0x602053cdad316bf80958bd9bb7edc506f58bc845,2017-10-26T07:02:12.000Z,0.000235,0x65f3de22aa43e5175ebb9e194e54444d69ea6035,buy,0x7d5edcd23daa3fb94317d32ae253ee1af08ba14d,0xbcbaee56c3d538cef494eb85023aa3da8bfd0dec46fc0b316bd9cd2e9f432de1
61,47.9,0.0082867,0x189c12d547f12514bab296ccae012b0b01c6cd6d,2017-10-26T04:06:21.000Z,0.000173,0x6e6a1c781375e038166250fb88da33e1d2d7b8db,sell,0x7d5edcd23daa3fb94317d32ae253ee1af08ba14d,0xc1f8c299cee664def9bed7ce3052463dec9f829daed8984f3ecbeafe6db4587d
62,1342.07,0.33550599461322883,0xb734e80437b211b7d950aa56e2aba48eb37b7e5d,2017-10-25T23:32:47.000Z,0.0002499914271336285,0x40f770af2bab89f11d88ef212cba5fb4e8d1da6f,buy,0x7d5edcd23daa3fb94317d32ae253ee1af08ba14d,0xb6e33b43959d1a45be4023d252ac8281c2ec487a02849bcd1943e4199c04daf7
63,99.69,0.01694879535,0xbcce870909b3dbbe28f744f69b080dbdeeb7748a,2017-10-25T18:40:43.000Z,0.000170015,0x552be36440727a5811f1056f177638a0d59805d3,sell,0x7d5edcd23daa3fb94317d32ae253ee1af08ba14d,0x1a7321710cf0a924475b0e91964e1cd27771b8950fbb689d23f2f9e2aeed46b2
64,136.3,0.0231730445,0xbcce870909b3dbbe28f744f69b080dbdeeb7748a,2017-10-25T17:22:54.000Z,0.000170015,0x89fcb62aa1042ffbec885339842b54194ad035ba,sell,0x7d5edcd23daa3fb94317d32ae253ee1af08ba14d,0xac6f5a3bba50a2f8c29a7b34d5dd514a8304282926796ee702265ea82e16f5d8
65,4000,0.96,0x2e76f28d753b219b02037e5f40a5719ec7e4d493,2017-10-25T14:36:01.000Z,0.00024,0x50a72df43b0121a9a81219727064e5e71b702ad1,sell,0x7d5edcd23daa3fb94317d32ae253ee1af08ba14d,0x88d3ea819dbd47b3cbbd91b88e1430a9a5a89c1758e5977f3f7f74c799fe75e2
66,62.8,0.0129368,0xdb24a99e4fcf1f41d4b1222b3d0e93bcffb61ce5,2017-10-25T05:30:33.000Z,0.000206,0xfc9353c0c35b613482f25f1103723bca14473d22,sell,0x7d5edcd23daa3fb94317d32ae253ee1af08ba14d,0xf98420aafbe065cf8346e771016280ab95551a4888065739294a37d4f29aea81
67,650,0.13,0x189c12d547f12514bab296ccae012b0b01c6cd6d,2017-10-24T23:50:41.000Z,0.0002,0x6e6a1c781375e038166250fb88da33e1d2d7b8db,sell,0x7d5edcd23daa3fb94317d32ae253ee1af08ba14d,0xf511ffbcafefe864e086becbd064522ba00191ad888f10e77f36227469e382ae
68,0.03,0.00000510042,0x8ce1dcd63ba0905d2f2e0320c5ac445f12a19667,2017-10-24T09:02:07.000Z,0.000170014,0xe91cf360e671c19b661d464e9781080a73f0d7d4,sell,0x7d5edcd23daa3fb94317d32ae253ee1af08ba14d,0x2fc832ca63fd1c50d00b9e9037e7ae0978b1069aa680089eb97eb163acfb3c85
69,10,0.00399999,0x50a72df43b0121a9a81219727064e5e71b702ad1,2017-10-24T05:10:56.000Z,0.000399999,0x391c6d48e1d5a9b6ff3c8c0fb1a94d9b25483523,buy,0x7d5edcd23daa3fb94317d32ae253ee1af08ba14d,0x1432ba76deba1ef6ffac66c9676a85c86aec849870e3c2e37ec4cadec87392bc
70,3069,0.7043355,0x50a72df43b0121a9a81219727064e5e71b702ad1,2017-10-24T05:08:41.000Z,0.0002295,0x189c12d547f12514bab296ccae012b0b01c6cd6d,buy,0x7d5edcd23daa3fb94317d32ae253ee1af08ba14d,0x2412864ec79d6875a5fe154d8f837c63f640b7f160207a2eb63d650ff9dedb02
71,200,0.0459,0x841f38989c604a540419d078351574a8e407f6ce,2017-10-24T04:41:51.000Z,0.0002295,0x189c12d547f12514bab296ccae012b0b01c6cd6d,buy,0x7d5edcd23daa3fb94317d32ae253ee1af08ba14d,0xeaac977d9a8c944992e08fc49a880bc230a7681e21307777f3a60b0a39dd5c49
72,6437.36,1.3518456,0x50a72df43b0121a9a81219727064e5e71b702ad1,2017-10-24T04:12:01.000Z,0.00021,0xe89a2a7a15cbaae3c58a03d79485373e216226d6,buy,0x7d5edcd23daa3fb94317d32ae253ee1af08ba14d,0x1526f4d6735d8419b4bb927538a94634a7931037ccc550126fd804494da18478
73,3000,0.62999997,0xaa1355520d66fa39891fea4812e81bb21382d5df,2017-10-23T18:59:33.000Z,0.00020999999,0xbcce870909b3dbbe28f744f69b080dbdeeb7748a,buy,0x7d5edcd23daa3fb94317d32ae253ee1af08ba14d,0x1414829b472c1ef22fd310e0e221c9d3f99cee757cc51b201caa636bef44c7aa
74,358.88,0.0645984,0xd8be8871c52b91a1f4f8457baf0dc0946d931132,2017-10-23T17:34:07.000Z,0.00018,0x00b6ea9daebebec9c6e75e061ddfa8caff16dc43,sell,0x7d5edcd23daa3fb94317d32ae253ee1af08ba14d,0x1d3cd7eab633af109ff8c21486b3e493f13b8c23d266400b96b6de428562dbea
75,1159.41,0.175071025941,0xbcce870909b3dbbe28f744f69b080dbdeeb7748a,2017-10-23T12:21:27.000Z,0.0001510001,0xcf085317456133e93d72ab5fc56025d8d3802c38,sell,0x7d5edcd23daa3fb94317d32ae253ee1af08ba14d,0x763d2bbe024905202298e15039d059dac84abb22f52379099563cdf9c4d6960e
76,2477.67,0.4323781917,0xc63c2ff00db27543ca6f78847e9b4d716abc7f66,2017-10-23T00:22:27.000Z,0.00017451,0x50a72df43b0121a9a81219727064e5e71b702ad1,sell,0x7d5edcd23daa3fb94317d32ae253ee1af08ba14d,0x5634eb0b912b5c35da91e2f49b066a30ac1c0c9d9a7d58ef9040b73a99b40e25
77,9720.46,1.7982851,0x69f79acb7542a6a387e358a5c64e176e5e2f370f,2017-10-23T00:22:27.000Z,0.000185,0x50a72df43b0121a9a81219727064e5e71b702ad1,sell,0x7d5edcd23daa3fb94317d32ae253ee1af08ba14d,0xdd16d78f2d1e3d9943331c31d2eb05a40feeeb49cc8212871fa91c5b2708c0b5
78,1495,0.276575,0x69f79acb7542a6a387e358a5c64e176e5e2f370f,2017-10-22T22:01:26.000Z,0.000185,0xc9aadf0fd10504bbb81624eb05ff888aeff04987,sell,0x7d5edcd23daa3fb94317d32ae253ee1af08ba14d,0x43b9e2dae5dfdba6a305a798e38883c2ae10f36dd68b795ddf1df575bb12d294
79,4984.54,0.9221399,0x69f79acb7542a6a387e358a5c64e176e5e2f370f,2017-10-22T19:29:10.000Z,0.000185,0x755dfe72cff68f68627b7a6ce5ef96ece2bfcfdc,sell,0x7d5edcd23daa3fb94317d32ae253ee1af08ba14d,0xc072bc35d4f160ebb6964e5bde50cb2b68c6ccfc59bba2e5f37e0d4ff655bdc9
80,1,0.0002295,0xe1fa699860444be91d366c21de8fef56e3dec77a,2017-10-22T18:32:07.000Z,0.0002295,0x189c12d547f12514bab296ccae012b0b01c6cd6d,buy,0x7d5edcd23daa3fb94317d32ae253ee1af08ba14d,0xef68091e6f89dc49cefe7d8f3d787704b80ad2b16626d4c893128b946fcf7ffc
81,1513.68,0.264152448168,0xbcce870909b3dbbe28f744f69b080dbdeeb7748a,2017-10-22T16:16:24.000Z,0.0001745101,0xd2050a8e5f006d57e3b3ca5f26c5b55eca3bbf4b,sell,0x7d5edcd23daa3fb94317d32ae253ee1af08ba14d,0x4173761889123cace71a90277d87cef8145e1f747822164f64a7f026796e4dbf
82,149.14,0.02602493,0xb38bc467ab6d5ff0dd261828682eaa169feacb80,2017-10-22T09:30:34.000Z,0.0001745,0x46580b9a64022ac0a3d283ce7c9ee9d9e0f59050,buy,0x7d5edcd23daa3fb94317d32ae253ee1af08ba14d,0xaf830383bfdccfa11028922b01fc7b86cf21766812bdb02dd73a9ac82ba15764
83,456,0.079572,0xc1c59390f2aaa7def424605d96769ef7a7c64916,2017-10-22T07:15:13.000Z,0.0001745,0x46580b9a64022ac0a3d283ce7c9ee9d9e0f59050,buy,0x7d5edcd23daa3fb94317d32ae253ee1af08ba14d,0xf2c44b19f207283ea315b2f6e43af33aa00d2261a6b2a234f1f33d8af170cbd9
84,678.63,0.116792223,0x189c12d547f12514bab296ccae012b0b01c6cd6d,2017-10-22T03:37:19.000Z,0.0001721,0x46580b9a64022ac0a3d283ce7c9ee9d9e0f59050,sell,0x7d5edcd23daa3fb94317d32ae253ee1af08ba14d,0x101b5881d16da3d09d0f1935de60b8ccd1369e0d3e6c5cdfae828850ae5e0f24
85,3400,0.5814,0x729ba247e11d1c4bd828f418f6e583f33fb95e71,2017-10-22T03:37:04.000Z,0.000171,0x46580b9a64022ac0a3d283ce7c9ee9d9e0f59050,sell,0x7d5edcd23daa3fb94317d32ae253ee1af08ba14d,0x0aa4a21aa33e06ea72bfe85599d875ecceb8cae9a39d297d2759f63cd653801b
86,20,0.0049,0xef190ee6a30ea651f98da8d74d600d584c88215d,2017-10-21T22:51:04.000Z,0.000245,0x189c12d547f12514bab296ccae012b0b01c6cd6d,buy,0x7d5edcd23daa3fb94317d32ae253ee1af08ba14d,0xf6652900958b0629b7c40a6705cca46db18c93e1f206c2a3052846053b115a10
87,1022.33,0.1784068083,0xc63c2ff00db27543ca6f78847e9b4d716abc7f66,2017-10-21T22:07:01.000Z,0.00017451,0x25c6b7821eb97abb7ac2e5fbf815b095f5e99a8b,sell,0x7d5edcd23daa3fb94317d32ae253ee1af08ba14d,0x4726b95a7ecd274465735a14d179e34ec632e0c047442e64f8020aae3a7cb9ee
88,1814.37,0.312253077,0x189c12d547f12514bab296ccae012b0b01c6cd6d,2017-10-21T13:41:06.000Z,0.0001721,0xe2603cae5a714ccac6ec758bb0d4bbb1822deec0,sell,0x7d5edcd23daa3fb94317d32ae253ee1af08ba14d,0xad5927941bec42e1dd0055476c96b5a8cbba54f077c516c26c415468b7c87009
89,23.69,0.00407468,0xc63c2ff00db27543ca6f78847e9b4d716abc7f66,2017-10-21T12:58:08.000Z,0.000172,0x8a89715d5086c4a36579798a5b27bc4c228c0521,sell,0x7d5edcd23daa3fb94317d32ae253ee1af08ba14d,0xc0acd82f1b4e05261c4165abbd06de60eef6b18398ddf631cd3fd3aad1a8323a
90,230,0.0483,0xd8be8871c52b91a1f4f8457baf0dc0946d931132,2017-10-21T11:20:52.000Z,0.00021,0x3dee4a4e076e8d82859d241db0baf46f112cfa23,buy,0x7d5edcd23daa3fb94317d32ae253ee1af08ba14d,0xd27254aea5947463e99f538f2daeef360200325caa56b92f0edb01a92947d5fe
91,474.19,0.08156068,0xc63c2ff00db27543ca6f78847e9b4d716abc7f66,2017-10-21T08:53:22.000Z,0.000172,0xf2850d2aa67ee4ff98236b78eb2dd474163ec246,sell,0x7d5edcd23daa3fb94317d32ae253ee1af08ba14d,0x190e6a896ffb84e609c4096121014106f43f1d2e9718b7b42eccaa03f8a7140f
92,97.12,0.01456809712,0x8a89715d5086c4a36579798a5b27bc4c228c0521,2017-10-20T19:02:26.000Z,0.000150001,0x09842b1a6824ed8c529b6a80cf12bee1815371df,sell,0x7d5edcd23daa3fb94317d32ae253ee1af08ba14d,0xa4719c4964c325b7510f84cd68980f056a566e0d32d4f7a6de37fdd1410792de
93,300,0.048,0xf5b04a7c2fd7b3d1f09db2e917a83e9a435c341b,2017-10-20T19:02:10.000Z,0.00016,0x09842b1a6824ed8c529b6a80cf12bee1815371df,sell,0x7d5edcd23daa3fb94317d32ae253ee1af08ba14d,0x376462f505468fa891d692f86f4615617e7977b8a13a3e05b8abce3200b366c6
94,230,0.0301323,0x3dee4a4e076e8d82859d241db0baf46f112cfa23,2017-10-20T05:46:15.000Z,0.00013101,0x7bd29214aa3ddf8d6f67e727efa33487c4bc1599,sell,0x7d5edcd23daa3fb94317d32ae253ee1af08ba14d,0x3e432aa0241851ef5fd51777bc260e9c119dad89b03702759ba2896b742bbb50
95,705,0.102225,0x5a34a4954c9e43f41d25517bfcf849584039338f,2017-10-20T05:44:55.000Z,0.000145,0x7bd29214aa3ddf8d6f67e727efa33487c4bc1599,sell,0x7d5edcd23daa3fb94317d32ae253ee1af08ba14d,0xdf62a2aeeedebb358b2b23cf35831dfa53e94e2aa2f2d5dff12e2e24033e16eb
96,797,0.140272,0x189c12d547f12514bab296ccae012b0b01c6cd6d,2017-10-20T05:44:04.000Z,0.000176,0x7bd29214aa3ddf8d6f67e727efa33487c4bc1599,sell,0x7d5edcd23daa3fb94317d32ae253ee1af08ba14d,0x3e75fc673de186d796909c2661c4320a9dcfcb2eb69921ea83b8cc37020ce74a
97,795,0.159,0xfee3857525f5e3a44825ce794bc6e2a7ebf3fd64,2017-10-20T05:13:34.000Z,0.0002,0x7bd29214aa3ddf8d6f67e727efa33487c4bc1599,sell,0x7d5edcd23daa3fb94317d32ae253ee1af08ba14d,0xa1461f861b2c5aea79a3caab2ae7ef9dd0b2c521c51824626dc418c79f1a5e16
98,0.1,0.000022725,0x6cdea8e07bf82d7a07dbf36642d6e5be8623845c,2017-10-20T02:51:42.000Z,0.00022725,0x43a1ef96060a8a6e062af0e07261ce86302ec8de,buy,0x7d5edcd23daa3fb94317d32ae253ee1af08ba14d,0x9adf5388e46026e2dc68312ce8695ca839a8dd7502264720d1f7784353a0231b
99,315,0.063,0xfee3857525f5e3a44825ce794bc6e2a7ebf3fd64,2017-10-19T22:54:53.000Z,0.0002,0xa50624a4184e72460f66c1b69409d78d69496fd4,sell,0x7d5edcd23daa3fb94317d32ae253ee1af08ba14d,0x41d76e5f81d95aae17383a2321e88ddc0feefdbefacb4454717a03a7ddb3e4b2
100,110,0.0249975,0x27849f835bb345a26dffbfa7a8863c387b546730,2017-10-18T21:41:23.000Z,0.00022725,0x43a1ef96060a8a6e062af0e07261ce86302ec8de,buy,0x7d5edcd23daa3fb94317d32ae253ee1af08ba14d,0xef8d1a642c7e4fe73b3c12ab1b0d2157c2e5f11fbd1459466e761f3fce053604
101,3992.66,0.9981659224434007,0xd6038f8d77071b3322dfe8f1f93f518346728041,2017-10-18T20:01:18.000Z,0.00025000023103479904,0xe89a2a7a15cbaae3c58a03d79485373e216226d6,buy,0x7d5edcd23daa3fb94317d32ae253ee1af08ba14d,0xe897f91a7099437edb50668acc4d1d4f8bee4ba11c0e36a1b510ea9de4a7ff51
102,1400,0.301,0x40f770af2bab89f11d88ef212cba5fb4e8d1da6f,2017-10-18T18:52:01.000Z,0.000215,0x189c12d547f12514bab296ccae012b0b01c6cd6d,buy,0x7d5edcd23daa3fb94317d32ae253ee1af08ba14d,0xbab7592f225c934bf87ff7fd7a1dcda05781d2492fdc8ad30771fd42b7610da7
103,3115.08,0.6230174,0x40f770af2bab89f11d88ef212cba5fb4e8d1da6f,2017-10-18T18:51:43.000Z,0.00020000044942666,0xe89a2a7a15cbaae3c58a03d79485373e216226d6,buy,0x7d5edcd23daa3fb94317d32ae253ee1af08ba14d,0xd65ea466a3e6f2eab528a885bc3f9d83aca5c8d0e1a4c1bcc3e062c10eae1945
104,1,0.0002295,0x3ac636ac5c3a2576156ac5f10066ca68abe0ad54,2017-10-18T16:24:15.000Z,0.0002295,0xdb24a99e4fcf1f41d4b1222b3d0e93bcffb61ce5,buy,0x7d5edcd23daa3fb94317d32ae253ee1af08ba14d,0xfa6fe5075f21b00589210c83ccb2caab40ea21c39549afda1a8e01866f11f281
105,200,0.04,0xf5b04a7c2fd7b3d1f09db2e917a83e9a435c341b,2017-10-18T16:16:20.000Z,0.0002,0xe89a2a7a15cbaae3c58a03d79485373e216226d6,buy,0x7d5edcd23daa3fb94317d32ae253ee1af08ba14d,0xb9279f97fd45fe7de4cfdb3ca9f983bb156776811eb20d324e0bc1cf11f25723
106,200,0.04,0xf5b04a7c2fd7b3d1f09db2e917a83e9a435c341b,2017-10-18T16:15:31.000Z,0.0002,0xe89a2a7a15cbaae3c58a03d79485373e216226d6,buy,0x7d5edcd23daa3fb94317d32ae253ee1af08ba14d,0xb9279f97fd45fe7de4cfdb3ca9f983bb156776811eb20d324e0bc1cf11f25723
107,6479.91,1.2959824543974896,0x9b2d4b082bd19ff3f5dfa686e1859d6c19acc6d2,2017-10-18T15:21:49.000Z,0.00020000007012404333,0xe89a2a7a15cbaae3c58a03d79485373e216226d6,buy,0x7d5edcd23daa3fb94317d32ae253ee1af08ba14d,0x96a3d5afd486016d84a291ec77d5e1e8d5119228eeb4899d7345a29ce09dce56
108,2.5,0.0005,0x379374d13077e8867ef31803c37baf9785a17c00,2017-10-18T15:12:12.000Z,0.0002,0xe89a2a7a15cbaae3c58a03d79485373e216226d6,buy,0x7d5edcd23daa3fb94317d32ae253ee1af08ba14d,0x5ca55dc6aeb3ccd05f0565143617e3bc4aaaf24c1a07ad42d585737d2e35d32a
109,2.5,0.0005,0xf9695cd65d6dfdf257fab76a3eb0cb8f001971cc,2017-10-18T15:11:35.000Z,0.0002,0xe89a2a7a15cbaae3c58a03d79485373e216226d6,buy,0x7d5edcd23daa3fb94317d32ae253ee1af08ba14d,0x22eeff1ead3e20abbeceaa2e8b48a5476b8d67c221354719ef418420c2f6c4ff
110,200,0.04,0x265fe558fc9f3a4460850bb9b0b85206145e6de2,2017-10-18T15:07:08.000Z,0.0002,0xe89a2a7a15cbaae3c58a03d79485373e216226d6,buy,0x7d5edcd23daa3fb94317d32ae253ee1af08ba14d,0x812bb203c8abf5552ccdfca996bb45c033eddcbe9b94d5c7f91b5fe4f8d24c75
111,1349.95,0.19061294,0x50a72df43b0121a9a81219727064e5e71b702ad1,2017-10-17T22:11:04.000Z,0.0001412,0x778d71fc7ab5bb38f646316005a3ac771d057fe9,buy,0x7d5edcd23daa3fb94317d32ae253ee1af08ba14d,0x93d67c810e5e83be1f602f4e65d202be2545a887ec2c5d277a8a7b370bb9b6f7
112,99.69,0.0149535,0xfee3857525f5e3a44825ce794bc6e2a7ebf3fd64,2017-10-17T20:33:09.000Z,0.00015,0x633e795e1693805655d67c3fba6cf57887d9fb21,sell,0x7d5edcd23daa3fb94317d32ae253ee1af08ba14d,0xf336376dafb8df45d5d86e5c633c08fd5af4ed38a7969db1dbc0aea2987c72ad
113,2.12,0.0005,0x16e5d97bbc92417e051e3b2cabfbf8ceea2acb9c,2017-10-17T17:30:29.000Z,0.0002358490566037736,0xdb24a99e4fcf1f41d4b1222b3d0e93bcffb61ce5,buy,0x7d5edcd23daa3fb94317d32ae253ee1af08ba14d,0x7c325e60c0b09e224127664c8b270e1ed9387ead30258cb7028f2b3fed620760
114,2.12,0.0005,0x42c24a83bded723edfdf5883bc7efb30bc1a1bf3,2017-10-17T15:13:41.000Z,0.0002358490566037736,0xdb24a99e4fcf1f41d4b1222b3d0e93bcffb61ce5,buy,0x7d5edcd23daa3fb94317d32ae253ee1af08ba14d,0x60dfd9796606d0af4b77697e2b9f002fa5c1f9917ae6481649f989db1ad84af8
115,538.87,0.126634522239822,0x2db7a028f3e50f909a3bb55c725df4054e4c228d,2017-10-17T14:05:51.000Z,0.00023500013405797684,0xdb24a99e4fcf1f41d4b1222b3d0e93bcffb61ce5,buy,0x7d5edcd23daa3fb94317d32ae253ee1af08ba14d,0x5726ac9db754484c8ec9366e7f5d0b1d7432509674b14c315e6f2b956458a103
116,5000,0.705,0x568cbdd99da79418f81fb5304661c18b84e7b609,2017-10-17T11:57:51.000Z,0.000141,0xcc89ac7b3a681dcee5395436b80f98fa713e5bba,sell,0x7d5edcd23daa3fb94317d32ae253ee1af08ba14d,0xacfa279e286a78a79885d860be080b4325b3a2f11436aae9307ecaa122bc6c54
117,1500,0.24,0xdb24a99e4fcf1f41d4b1222b3d0e93bcffb61ce5,2017-10-17T11:57:51.000Z,0.00016,0xcc89ac7b3a681dcee5395436b80f98fa713e5bba,sell,0x7d5edcd23daa3fb94317d32ae253ee1af08ba14d,0xb7c41bf934c06f69a68c01467859d3c35d6ebd275389ecdf59ad9bd8383322af
118,1588.38,0.2700246,0xa95407543cf9f8d359fadaf9b4cba11f5f38b74b,2017-10-17T11:57:51.000Z,0.00017,0xcc89ac7b3a681dcee5395436b80f98fa713e5bba,sell,0x7d5edcd23daa3fb94317d32ae253ee1af08ba14d,0xdcd56048ab7a084cf087005b91bbdb11c38ad55681ab449a6218aa1f3539b95b
119,2.08,0.0005,0xcd912af5286dc0b0a23edb30209734ecb60838b3,2017-10-17T05:10:07.000Z,0.00024038461538461537,0x1791310c385931b60191ef63f70e9fb0409125a9,buy,0x7d5edcd23daa3fb94317d32ae253ee1af08ba14d,0xb2802bdcc009f96fcba1b659ecf4784184f1aa569cb7ed46259a42c1866957af
120,320,0.08,0x3bff545dceb70fdd033314ab844a6793dedf821c,2017-10-16T19:32:41.000Z,0.00025,0xf05e65c5c313d028539457ec16880c871e62cff1,sell,0x7d5edcd23daa3fb94317d32ae253ee1af08ba14d,0x090fb14b7a5518aa5db44de81edc57b8cf06b8d018ad6090a938705ef8ec1350
121,1395.67,0.21074617,0x50a72df43b0121a9a81219727064e5e71b702ad1,2017-10-16T15:10:58.000Z,0.000151,0x4d3504c1939b677ba5e3023aaa161005ed43035f,sell,0x7d5edcd23daa3fb94317d32ae253ee1af08ba14d,0x2d733edd099b381e3e415e5178b0bb0e86b0d185289ac31d83dbe98a7bd204dd
122,2812.26,0.42465126,0x50a72df43b0121a9a81219727064e5e71b702ad1,2017-10-16T14:07:22.000Z,0.000151,0x3dee4a4e076e8d82859d241db0baf46f112cfa23,sell,0x7d5edcd23daa3fb94317d32ae253ee1af08ba14d,0x5a06e99e064c5b442b1e69bb5172f87fe328004654fae9faf1d4a9d43ec84a8b
123,1400,0.238,0x189c12d547f12514bab296ccae012b0b01c6cd6d,2017-10-16T14:05:36.000Z,0.00017,0x3dee4a4e076e8d82859d241db0baf46f112cfa23,sell,0x7d5edcd23daa3fb94317d32ae253ee1af08ba14d,0x4d0ebd09c0329915d2ede364d2465920617559bce6a5423adb357c3846c54239
124,996.9,0.19938,0x4b940b4a7a9f73d6bf883dce46dc056b13a91c04,2017-10-16T09:15:51.000Z,0.0002,0x04db8b124889b1b6ead00b8b780abc86edfb5e33,sell,0x7d5edcd23daa3fb94317d32ae253ee1af08ba14d,0x0b7844fa27206e59e5bbe857233475aa46308109bfbcc3d33db9d9bbf5ef0eb4
125,1444.35,0.390118935,0x9888269187fd69c9178f320a90765627b5faefab,2017-10-16T04:50:20.000Z,0.0002701,0x50a72df43b0121a9a81219727064e5e71b702ad1,sell,0x7d5edcd23daa3fb94317d32ae253ee1af08ba14d,0xbc43b08f9e54ba840a64fd1bbd08fe274b618535f5c6dfc307d8f0103ac41d99
126,199.96,0.05398967201674808,0xc547b39ae4cb59c88559881eab425494cff1bada,2017-10-16T02:07:36.000Z,0.0002700023605558516,0xcf085317456133e93d72ab5fc56025d8d3802c38,buy,0x7d5edcd23daa3fb94317d32ae253ee1af08ba14d,0x0424c74d393d015be94ecaeb902b52fbe7e349cf0c3d64fa163d625784624fd4
127,1999.25,0.39985,0x5e9cb42294d393306f48355944a3bd1596ef5e2b,2017-10-16T01:37:51.000Z,0.0002,0xa39cfe32b98d5cc9913ad8a4ef33fba56babae2d,buy,0x7d5edcd23daa3fb94317d32ae253ee1af08ba14d,0x1c238672ed6eb70e78396577ea48730f05ce5f525164e27c31945a1b99d68aba
128,250,0.045,0xe32ad7583dcb633c3971f1d3bac822ef4cb171c8,2017-10-16T00:42:54.000Z,0.00018,0xa39cfe32b98d5cc9913ad8a4ef33fba56babae2d,sell,0x7d5edcd23daa3fb94317d32ae253ee1af08ba14d,0xc28b62837798d500cc840b5f22598ad6d1e66c488fdc65d82b47f88e1f80bb59
129,37.03,0.00999999,0x15ffc6eeaab4f8bc454b67ec6060c68a9b83b43a,2017-10-15T21:54:32.000Z,0.00027005103969754256,0xcf085317456133e93d72ab5fc56025d8d3802c38,buy,0x7d5edcd23daa3fb94317d32ae253ee1af08ba14d,0x26f16bbd8df21b3bcc38b9ed8236e3ffa5045c53f420ade4f7561c30172e3c29
130,678.57,0.18999988,0x8ecb0cb78dc7ecf3727b145215e8d1154bf13c06,2017-10-15T11:43:25.000Z,0.00028000041263244766,0x9550dad902ca7b47c5d2c0f9221f7eb7964e1941,buy,0x7d5edcd23daa3fb94317d32ae253ee1af08ba14d,0x00d731297e2c450c7c59c02e3ae5cdba783bbeae8826a55f484645cb34810c8d
131,3477.22,0.5563552,0x9550dad902ca7b47c5d2c0f9221f7eb7964e1941,2017-10-15T00:17:13.000Z,0.00016,0xf6f67ae513490a36709041fef4fb1dca30edd1b6,sell,0x7d5edcd23daa3fb94317d32ae253ee1af08ba14d,0x42c8642b6b7de8a7a92dbb56131ff2246aaa0cc4dc51b3e3b153735d7e0b68af
132,4000,0.76,0x9550dad902ca7b47c5d2c0f9221f7eb7964e1941,2017-10-15T00:14:32.000Z,0.00019,0xf6f67ae513490a36709041fef4fb1dca30edd1b6,sell,0x7d5edcd23daa3fb94317d32ae253ee1af08ba14d,0xd26d05daa8b0d487ee40a4a14a155a7453de1661bd0aa02e103195ed82f905c5
133,240,0.0696,0x80bb1ab816b9b5d6c83ede8ceddb07f44ffef6e0,2017-10-14T18:50:11.000Z,0.00029,0xcc6e63d6db07d035c341f34b10d952acd2fb9b2a,buy,0x7d5edcd23daa3fb94317d32ae253ee1af08ba14d,0x4b3722e42670024ba2480b880cc97cf9448482e9adce3232ca91046e86f643a9
134,0.09,0.0000144,0x9550dad902ca7b47c5d2c0f9221f7eb7964e1941,2017-10-14T16:03:56.000Z,0.00016,0x5a92e4a4951b26540179b8b4033b8912cced73a6,sell,0x7d5edcd23daa3fb94317d32ae253ee1af08ba14d,0x03ccb784a58ffb1ad426fc15f305eed57cdf141b76ad8831556d8aa58d1a4c5b
135,956.72,0.1530752,0x9550dad902ca7b47c5d2c0f9221f7eb7964e1941,2017-10-14T15:54:12.000Z,0.00016,0x5a92e4a4951b26540179b8b4033b8912cced73a6,sell,0x7d5edcd23daa3fb94317d32ae253ee1af08ba14d,0x7a04f51b9e12dd74b5d563b130b5edf2454c184c36c76a8f00d53c6b84cbd807
136,439,0.053119,0x899620c05e826188d6dbfe9cbfd142f36a0f1c6e,2017-10-14T15:32:11.000Z,0.000121,0x5a92e4a4951b26540179b8b4033b8912cced73a6,sell,0x7d5edcd23daa3fb94317d32ae253ee1af08ba14d,0x239543d6732380341dd5c26d78cc77310844043e63eb2e2bf00b0b656d05840b
137,274,0.07946,0xc547b39ae4cb59c88559881eab425494cff1bada,2017-10-14T15:31:28.000Z,0.00029,0x3dee4a4e076e8d82859d241db0baf46f112cfa23,sell,0x7d5edcd23daa3fb94317d32ae253ee1af08ba14d,0xd7a4f406a6e2418d17bda21c8883c16240ad44f2691db92e06c95a07b82f2b79
138,1560.95,0.18887495,0x899620c05e826188d6dbfe9cbfd142f36a0f1c6e,2017-10-14T10:32:04.000Z,0.000121,0xecbc43c2613d5fe4e93b19f0d9b2b0465c30af8e,sell,0x7d5edcd23daa3fb94317d32ae253ee1af08ba14d,0xe83eabda1c646ffaaf367b4968cbec3258e24f31945f2f832b67def33fcf2e8d
139,92.32,0.0286201232,0xc63c2ff00db27543ca6f78847e9b4d716abc7f66,2017-10-13T15:36:48.000Z,0.00031001,0x669f0ab96fd3beb68bc836bb874894bbb516331a,sell,0x7d5edcd23daa3fb94317d32ae253ee1af08ba14d,0xa1d209adaa631da8c7243176c543b60ef772c7567be5d591d4766640c88bf9c4
140,150,0.03825,0x391c6d48e1d5a9b6ff3c8c0fb1a94d9b25483523,2017-10-13T15:36:17.000Z,0.000255,0x669f0ab96fd3beb68bc836bb874894bbb516331a,sell,0x7d5edcd23daa3fb94317d32ae253ee1af08ba14d,0x3792bd0b3710d5a017c661543c5ca8e395810821e59ffb7b48f27edc8f4be0de
141,5000,1.1,0x4cc34cc03fb09119bef8e9c49e6a95b3f70608be,2017-10-13T15:34:54.000Z,0.00022,0x669f0ab96fd3beb68bc836bb874894bbb516331a,sell,0x7d5edcd23daa3fb94317d32ae253ee1af08ba14d,0xe64fb2a594820e87c24ec568bcd3139e274217bf8b8ae1457c6db0bd007edb57
142,17037.89,4.261176289,0x779114237d441beb0f2e3163e553862b2a5d22c9,2017-10-13T15:34:54.000Z,0.0002501,0x669f0ab96fd3beb68bc836bb874894bbb516331a,sell,0x7d5edcd23daa3fb94317d32ae253ee1af08ba14d,0x455905af12283a1545d4c7e6c0713e97619ad29a8effc53e2bf0bed0c92472a8
143,4962.11,1.241023711,0x779114237d441beb0f2e3163e553862b2a5d22c9,2017-10-13T15:23:00.000Z,0.0002501,0x669f0ab96fd3beb68bc836bb874894bbb516331a,sell,0x7d5edcd23daa3fb94317d32ae253ee1af08ba14d,0xac89eea6a529a72cc16342810170006536b6c5a27edd3e9cabd7c705836be649
144,4500,1.2600045,0x3dee4a4e076e8d82859d241db0baf46f112cfa23,2017-10-13T15:20:19.000Z,0.000280001,0x669f0ab96fd3beb68bc836bb874894bbb516331a,sell,0x7d5edcd23daa3fb94317d32ae253ee1af08ba14d,0x05853a60b49730145d47f93d21133db22991ef003f6d857ccca3f0a1a6d1b445
145,700,0.2170105,0x8e4338226f58913cffe40587b937d643b37158aa,2017-10-13T04:28:59.000Z,0.000310015,0x7fca8e07a5eef698af750257896d1536450601ba,sell,0x7d5edcd23daa3fb94317d32ae253ee1af08ba14d,0x198d0ec2604340431184852aa46b6ee261d91663da29d5816bb9fd1fdb4523e9
146,5000,1.4,0x9550dad902ca7b47c5d2c0f9221f7eb7964e1941,2017-10-13T04:28:07.000Z,0.00028,0x89c8154be5bd7899b15d93d47faf10877d36327e,sell,0x7d5edcd23daa3fb94317d32ae253ee1af08ba14d,0x1f9ba50d58c43a0c70c88a524013c6c3f75dc32686ec1533c4d69ff00998d80d
147,2500,0.825025,0x3dee4a4e076e8d82859d241db0baf46f112cfa23,2017-10-13T04:12:00.000Z,0.00033001,0x89c8154be5bd7899b15d93d47faf10877d36327e,sell,0x7d5edcd23daa3fb94317d32ae253ee1af08ba14d,0x316f4055642e38bc5059b30221f68414778f66d010b85fbeb62ebb09e6a4a41b
148,190,0.0608,0x9550dad902ca7b47c5d2c0f9221f7eb7964e1941,2017-10-13T04:12:00.000Z,0.00032,0x08c2066a918685dd031300b14784065e54efdfd5,sell,0x7d5edcd23daa3fb94317d32ae253ee1af08ba14d,0xd7b755c7633449660a62a1a1c9615e5096d2f62d822bf61545945767571b1002
149,572.56,0.2118529256,0x899620c05e826188d6dbfe9cbfd142f36a0f1c6e,2017-10-13T04:08:43.000Z,0.00037001,0x89c8154be5bd7899b15d93d47faf10877d36327e,sell,0x7d5edcd23daa3fb94317d32ae253ee1af08ba14d,0x451b9130677813ccb573a3513d9c859c78d4beeb4d03c2358d5d4a20c3309aec
150,700,0.2667,0xbc591ebbc0fb9a0933b018fe86e1e3f4debf5a6b,2017-10-13T04:04:44.000Z,0.000381,0x08c2066a918685dd031300b14784065e54efdfd5,sell,0x7d5edcd23daa3fb94317d32ae253ee1af08ba14d,0x2effc6043d015fe7a91236093fa55ec0355de4c635c4e4351d1599d765097ffe
151,497.09,0.198836,0x2487ccfe10bf63c9efe0ed4de2453b8508b42a01,2017-10-13T04:03:52.000Z,0.0004,0x08c2066a918685dd031300b14784065e54efdfd5,sell,0x7d5edcd23daa3fb94317d32ae253ee1af08ba14d,0x14ff996986b4d04d5f7aeb76a78901dbb8a9dd59e56a7169f807baca519063ad
152,2600,0.988,0x4b940b4a7a9f73d6bf883dce46dc056b13a91c04,2017-10-13T03:34:19.000Z,0.00038,0x08c2066a918685dd031300b14784065e54efdfd5,sell,0x7d5edcd23daa3fb94317d32ae253ee1af08ba14d,0x4a07567f96c15fb5a5252872de59069c5bdec8c5f0b8e806bab042988f96c5a3
153,1002.91,0.401164,0x2487ccfe10bf63c9efe0ed4de2453b8508b42a01,2017-10-13T00:49:23.000Z,0.0004,0x0d105f804741c5a7a45c7e49e9867b74ff0ae408,sell,0x7d5edcd23daa3fb94317d32ae253ee1af08ba14d,0xfdd9a502e64ba053d8ce503bb4813a4f37785fabea7498ead1321150582cae26
154,50,0.0259999995,0x94ae35eccb921899916b6dd57beefe58e14bd02c,2017-10-12T23:24:29.000Z,0.00051999999,0xbcce870909b3dbbe28f744f69b080dbdeeb7748a,buy,0x7d5edcd23daa3fb94317d32ae253ee1af08ba14d,0xee34e32d2391f5a9ffa1bddea0406c09ca6f997634eaaef063d62530c97fc7d0
155,3239.01,1.441362565,0x2487ccfe10bf63c9efe0ed4de2453b8508b42a01,2017-10-12T14:56:59.000Z,0.00044500096171361004,0x9dcac0001872226267349fe84c9a686a79fd7d39,buy,0x7d5edcd23daa3fb94317d32ae253ee1af08ba14d,0xe267b27d08ee166e97dc4f52433c634465862dc620584690e6762740d12d58ec
156,1000,0.445,0x9550dad902ca7b47c5d2c0f9221f7eb7964e1941,2017-10-12T13:29:26.000Z,0.000445,0x9dcac0001872226267349fe84c9a686a79fd7d39,buy,0x7d5edcd23daa3fb94317d32ae253ee1af08ba14d,0x03d7eaa8e246b637f6ac6f9a0ac2aa47cca07dc3fe0133d2b40f0ad76937a65e
157,808.98,0.360000105,0x5c5d2fa3384cd2c93338cda30066d11201b1239c,2017-10-12T07:58:59.000Z,0.00044500495067863237,0x9dcac0001872226267349fe84c9a686a79fd7d39,buy,0x7d5edcd23daa3fb94317d32ae253ee1af08ba14d,0x0bbfa7ae3023481872c520ad8cb1d52a8cdebe0ee5187852aa5a791ee86e46b9
158,0.01,0.01,0xf1451e8b62b620223e07765da9815398bf8291e7,2017-10-12T05:28:38.000Z,1,0xeaa0987ad748c033d01d71ddd87e2d5e1fd80e52,buy,0x7d5edcd23daa3fb94317d32ae253ee1af08ba14d,0xcb94abb0d8dd4d6535350cfad715614589cafbb4703424a240cfb19dc2c92b4e
159,53,0.023585,0x9550dad902ca7b47c5d2c0f9221f7eb7964e1941,2017-10-12T02:36:34.000Z,0.000445,0xa0c65c5750a23ffd55608860168180fed07bf917,buy,0x7d5edcd23daa3fb94317d32ae253ee1af08ba14d,0x6451181414b5ac274568e87571b325f7106ccab9fe4a2317b2abee07c86d7041
160,429.3,0.158845293,0x899620c05e826188d6dbfe9cbfd142f36a0f1c6e,2017-10-12T02:04:08.000Z,0.00037001,0x82cacf5550fd2e8ca9dc229363054d8f81bb08d7,sell,0x7d5edcd23daa3fb94317d32ae253ee1af08ba14d,0xebbd7497046cd785f51ebcb9aae91e9598b39e5b23e9a11fc0f1264f54c25474
161,316,0.182964,0xa50624a4184e72460f66c1b69409d78d69496fd4,2017-10-11T22:53:44.000Z,0.000579,0x899620c05e826188d6dbfe9cbfd142f36a0f1c6e,buy,0x7d5edcd23daa3fb94317d32ae253ee1af08ba14d,0x567fd55d8a270575abb44cafff6d37b3eb1d764209da5cfefb14201fdc5c5adb
162,189.41,0.0776581,0x9550dad902ca7b47c5d2c0f9221f7eb7964e1941,2017-10-11T22:48:24.000Z,0.00041,0x8b311a5e1f7bb92b6a4eaf95cf9b77dcf5afbc35,buy,0x7d5edcd23daa3fb94317d32ae253ee1af08ba14d,0x5523fc191803032b7fb4cba90187974f278c40995f32e4862afb7ca91fb5debd
163,80,0.03264336,0x9550dad902ca7b47c5d2c0f9221f7eb7964e1941,2017-10-11T22:48:24.000Z,0.000408042,0xdb325ae0e5801ffc5b93f4123a2081aa06c2d4b3,buy,0x7d5edcd23daa3fb94317d32ae253ee1af08ba14d,0xa0c9678549b0e0deb3e550088ac43608874af45e05e41bd881ce898bfd6110dd
164,384,0.1708798293504,0x0bc8ad35a7d3759088c0186439981bb79c68773a,2017-10-11T17:18:36.000Z,0.0004449995556,0xbcce870909b3dbbe28f744f69b080dbdeeb7748a,buy,0x7d5edcd23daa3fb94317d32ae253ee1af08ba14d,0x10f97938ac99bbd843a8f1de7e28c4c4f7ef35d986d90bb7c3f3476df895d02a
165,390.85,0.140706,0x9550dad902ca7b47c5d2c0f9221f7eb7964e1941,2017-10-11T14:17:50.000Z,0.00036,0x0550a13cbd2c268d6896e6b3a722521a60a22dfd,buy,0x7d5edcd23daa3fb94317d32ae253ee1af08ba14d,0xf02a2f08c7aa8ebb77ccfd479c139e141907e21cdb5e5bc1d9daf8640f1539db
166,598.14,0.2213177814,0x899620c05e826188d6dbfe9cbfd142f36a0f1c6e,2017-10-11T10:27:01.000Z,0.00037001,0xdd3e2e89ea8df00eea59b525520f8e9f4f05de7d,sell,0x7d5edcd23daa3fb94317d32ae253ee1af08ba14d,0x25468184fc69900baf04ec143c88b3938b26a98539b4af4c6fd59195dbf07264
167,398.33,0.1772585807044652,0x09842b1a6824ed8c529b6a80cf12bee1815371df,2017-10-11T06:10:17.000Z,0.0004450043449011252,0x9dcac0001872226267349fe84c9a686a79fd7d39,buy,0x7d5edcd23daa3fb94317d32ae253ee1af08ba14d,0xdc10f7a645e3ed0419a893711fdb3ee8979ee27e4d616be54ed1dc058b15f4a0
168,0.03,0.0000111,0xad0a4531c6e4ba419190f47e3322cdf4dd22f324,2017-10-11T04:13:19.000Z,0.00037,0x3fa51d61955cf4c2ac1640bb36e19a735bf09da0,sell,0x7d5edcd23daa3fb94317d32ae253ee1af08ba14d,0x702d0a8a329b90749c40c964f10ae31200ead3de0cf5c404bac8a548ccf8f645
169,333.77,0.1234949,0xad0a4531c6e4ba419190f47e3322cdf4dd22f324,2017-10-11T04:10:13.000Z,0.00037,0x3fa51d61955cf4c2ac1640bb36e19a735bf09da0,sell,0x7d5edcd23daa3fb94317d32ae253ee1af08ba14d,0x33d9b332e669edfc048a6b0a56392fde55aaeebb7db5f15cdebc87e77e355063
170,7.42,0.00296799999258,0xe713d4285c448a3281721807f044551b19c59967,2017-10-11T01:24:59.000Z,0.000399999999,0x4b77b5df1fd1676176076e2913368113ce955e6d,buy,0x7d5edcd23daa3fb94317d32ae253ee1af08ba14d,0x90ae3628a5bf757cdb864aeeaa72f50b0fe1de9208e370a886b5396ade2457c3
171,400,0.178,0xe713d4285c448a3281721807f044551b19c59967,2017-10-11T01:19:41.000Z,0.000445,0x9dcac0001872226267349fe84c9a686a79fd7d39,buy,0x7d5edcd23daa3fb94317d32ae253ee1af08ba14d,0x538f16eba3e6497b50470d82626e8049c59be3c24b434572da0ced3a8a4b6a3d
172,2100,0.8399999979,0xe713d4285c448a3281721807f044551b19c59967,2017-10-11T00:48:34.000Z,0.000399999999,0x4b77b5df1fd1676176076e2913368113ce955e6d,buy,0x7d5edcd23daa3fb94317d32ae253ee1af08ba14d,0x6f50602c79edd3470e61e382772dabfc4abf7e9d9e8e9789b9645409efcdb119
173,1500,0.5999999985,0x9550dad902ca7b47c5d2c0f9221f7eb7964e1941,2017-10-11T00:01:55.000Z,0.000399999999,0x4b77b5df1fd1676176076e2913368113ce955e6d,buy,0x7d5edcd23daa3fb94317d32ae253ee1af08ba14d,0x31768170b42d1b5cee8283e3a1d14be5c006af134d4e414e47038af36252ccf3
174,265,0.105999999735,0x8a6a6e3169dd6f172cc3908a094b4727dfea4552,2017-10-10T23:12:17.000Z,0.000399999999,0x4b77b5df1fd1676176076e2913368113ce955e6d,buy,0x7d5edcd23daa3fb94317d32ae253ee1af08ba14d,0x46c1024d4b815d8f814d269ad345c4240129087deb5f2d32fd07a8d66b785a03
175,114.64,0.0424168,0xb9d85c492d23e5c865e660f5de20974760459957,2017-10-10T18:51:05.000Z,0.00037,0xad725038b47251ae7ca0aaa5ac42eb251c65957d,sell,0x7d5edcd23daa3fb94317d32ae253ee1af08ba14d,0x878a8bcf2e71d9bc1d2def421cf50208e60695155fde062c5a0e33cda07d8e69
176,5,0.002225,0x9550dad902ca7b47c5d2c0f9221f7eb7964e1941,2017-10-10T18:09:28.000Z,0.000445,0x9dcac0001872226267349fe84c9a686a79fd7d39,buy,0x7d5edcd23daa3fb94317d32ae253ee1af08ba14d,0x782fc3fb5b465ff7b5b8a1aa06246347ddb03bc1c97b8741a3c9a262a65e6ae9
177,5,0.00274999995,0x9550dad902ca7b47c5d2c0f9221f7eb7964e1941,2017-10-10T17:29:54.000Z,0.00054999999,0xbcce870909b3dbbe28f744f69b080dbdeeb7748a,buy,0x7d5edcd23daa3fb94317d32ae253ee1af08ba14d,0xd2571a47b2c2aacf36b13adeee0696c93659d3368bb6bbface79738810d483d7
178,5,0.00279999995,0x9550dad902ca7b47c5d2c0f9221f7eb7964e1941,2017-10-10T17:29:54.000Z,0.00055999999,0xbcce870909b3dbbe28f744f69b080dbdeeb7748a,buy,0x7d5edcd23daa3fb94317d32ae253ee1af08ba14d,0xbe404a8b324565ea4fbd9700e70fcaabc3ff650b4edaa0d09928fcdbc5e4038c
179,5,0.00225,0x9550dad902ca7b47c5d2c0f9221f7eb7964e1941,2017-10-10T17:29:08.000Z,0.00045,0x4b77b5df1fd1676176076e2913368113ce955e6d,buy,0x7d5edcd23daa3fb94317d32ae253ee1af08ba14d,0x629404690a68233d488659121b7a9bb4aab8a17816f5eceb4a4296cf7341fb41
180,478.1,0.148211,0x9550dad902ca7b47c5d2c0f9221f7eb7964e1941,2017-10-10T13:51:44.000Z,0.00031,0xa030eca5b221c0f1048534a0d0b1d8405e5c9b17,sell,0x7d5edcd23daa3fb94317d32ae253ee1af08ba14d,0xa75ea606e7b8797964f71f14b8dbb139db4cca37ba94e8819c389473ac8bbdf9
181,3877.42,1.1632647742,0x4b77b5df1fd1676176076e2913368113ce955e6d,2017-10-10T13:37:32.000Z,0.00030001,0x1ef2ca3e9d3bf37c2e1d38d884a632b8aa413cbc,sell,0x7d5edcd23daa3fb94317d32ae253ee1af08ba14d,0x12ec3a17aed4974b531a0be8377ae139c368b65e9acbe784c0e20457158a3b0d
182,1000,0.356001,0xaa86242ef178c19e73617daf9bbee5009fb88cfd,2017-10-10T13:35:02.000Z,0.000356001,0x1ef2ca3e9d3bf37c2e1d38d884a632b8aa413cbc,sell,0x7d5edcd23daa3fb94317d32ae253ee1af08ba14d,0x2f5a7f0f112d74cd43c5110f224e777713b44d1bcd7219c893e07fb21e3406a4
183,2604.67,0.9637279,0x9550dad902ca7b47c5d2c0f9221f7eb7964e1941,2017-10-10T13:32:09.000Z,0.00037,0x1ef2ca3e9d3bf37c2e1d38d884a632b8aa413cbc,sell,0x7d5edcd23daa3fb94317d32ae253ee1af08ba14d,0x6094f59c3196df30d71e280ffaa6bc477aad3b477e7a2d84d1c45646668d82ed
184,1175.32,0.47012682468,0xda5ad3305e4dee5717a00b1217048b1e2c994f85,2017-10-10T13:31:51.000Z,0.000399999,0x1ef2ca3e9d3bf37c2e1d38d884a632b8aa413cbc,sell,0x7d5edcd23daa3fb94317d32ae253ee1af08ba14d,0x8ec770853b0fe9f004a34b5a7055435f453fcae7bef1b151fc3c247d0c53b4fb
185,2000,0.799999998,0xbcce870909b3dbbe28f744f69b080dbdeeb7748a,2017-10-10T13:31:51.000Z,0.000399999999,0x1ef2ca3e9d3bf37c2e1d38d884a632b8aa413cbc,sell,0x7d5edcd23daa3fb94317d32ae253ee1af08ba14d,0x5693e1cecf081cb0c3b46386893442b0bcd8a83df73c2a2e5714f402ce0700b9
186,1083.69,0.4009761369,0x899620c05e826188d6dbfe9cbfd142f36a0f1c6e,2017-10-10T13:31:51.000Z,0.00037001,0x1ef2ca3e9d3bf37c2e1d38d884a632b8aa413cbc,sell,0x7d5edcd23daa3fb94317d32ae253ee1af08ba14d,0x4b424451cec73115f2589c61712839e555f99700a4707fef1f564e9fd05a3e6c
187,500,0.289,0x971ca787a988d845bb065b86e933ad5900789354,2017-10-10T11:02:03.000Z,0.000578,0xdda3ff82def15fab2eca2f56229edbf62a1a2dc9,buy,0x7d5edcd23daa3fb94317d32ae253ee1af08ba14d,0xd0ccc38d3724581bf4af51a5c55b385347e9af55c657072368e95d3c66d83a01
188,74.91,0.04337289,0xf1451e8b62b620223e07765da9815398bf8291e7,2017-10-10T08:44:52.000Z,0.000579,0x899620c05e826188d6dbfe9cbfd142f36a0f1c6e,buy,0x7d5edcd23daa3fb94317d32ae253ee1af08ba14d,0xda4e67dcd85fd0aaa36f8a4664614cd186b545780475876538ed83cf19a35328
189,25.09,0.01452711,0xf1451e8b62b620223e07765da9815398bf8291e7,2017-10-10T08:42:31.000Z,0.000579,0x899620c05e826188d6dbfe9cbfd142f36a0f1c6e,buy,0x7d5edcd23daa3fb94317d32ae253ee1af08ba14d,0x6c40df277e947bfcf8eac53efc42116205fdb1307d16de58c2e94c8e8972e072
190,74.91,0.022473,0xd2ea382e498316d91b9de8557670149b479721a0,2017-10-10T08:41:07.000Z,0.0003,0xccb9be2484993461f8011a0fd0b42def8561fd90,buy,0x7d5edcd23daa3fb94317d32ae253ee1af08ba14d,0x5c1d14beec83144864bcff0952d02c8ca113245961c9a94bd8cea5e86daf5a43
191,74.68,0.02987192532,0xda5ad3305e4dee5717a00b1217048b1e2c994f85,2017-10-10T08:41:07.000Z,0.000399999,0xd2ea382e498316d91b9de8557670149b479721a0,sell,0x7d5edcd23daa3fb94317d32ae253ee1af08ba14d,0x5c1d14beec83144864bcff0952d02c8ca113245961c9a94bd8cea5e86daf5a43
192,416.31,0.1540388631,0x899620c05e826188d6dbfe9cbfd142f36a0f1c6e,2017-10-10T06:56:42.000Z,0.00037001,0x263c5bb6519d9c712e7178d12e95fe7e27e870ad,sell,0x7d5edcd23daa3fb94317d32ae253ee1af08ba14d,0xa6101cb8379fbda24332c84602d99c874086e6976d4ccce03ba6bc08675be779
193,125,0.0725,0x7322f723ab0b701ad0b4f328e4f9690fe8a4b18e,2017-10-10T06:54:40.000Z,0.00058,0x263c5bb6519d9c712e7178d12e95fe7e27e870ad,sell,0x7d5edcd23daa3fb94317d32ae253ee1af08ba14d,0x9ddf324fbbffff93fba5680f52cded6a60fd012c0de262787db1d6edec4fc589
194,206,0.07622,0x9550dad902ca7b47c5d2c0f9221f7eb7964e1941,2017-10-10T05:24:10.000Z,0.00037,0xf6abfaf8c77d079c8622589f1d3ce50bc7ff264a,sell,0x7d5edcd23daa3fb94317d32ae253ee1af08ba14d,0x963eedb053176b9557daf3bd877c8c931ba26bfaab86ea875e1da0e3456577be
195,13.07,0.0058815,0x633e795e1693805655d67c3fba6cf57887d9fb21,2017-10-10T04:10:01.000Z,0.00045,0xf6abfaf8c77d079c8622589f1d3ce50bc7ff264a,sell,0x7d5edcd23daa3fb94317d32ae253ee1af08ba14d,0xdcc056834ad47c58635a90f5b652f607c08890829cd54da9fb8088950ce9d924
196,189.33,0.0700521,0x9550dad902ca7b47c5d2c0f9221f7eb7964e1941,2017-10-10T03:54:37.000Z,0.00037,0x1cb8482a2e99c7d2db977c11dfd24d63b597d5b2,sell,0x7d5edcd23daa3fb94317d32ae253ee1af08ba14d,0x11bc0aa179a01cf40e7e1c72a734eb03956c93de671cf0eb1260813ddec68dad
197,9.96,0.004482,0x633e795e1693805655d67c3fba6cf57887d9fb21,2017-10-10T03:11:46.000Z,0.00045,0xd3ab6f92a15810936b0721649596bda8c4675c9b,sell,0x7d5edcd23daa3fb94317d32ae253ee1af08ba14d,0xcd2d26919229faafa87f712234d169678fdbfc8f98e481b8232b6248d3740b0e
198,6.97,0.0031365,0x633e795e1693805655d67c3fba6cf57887d9fb21,2017-10-10T01:59:04.000Z,0.00045,0x4dc33b5d6c3aa7f9825d369b92906ace4e5b26fe,sell,0x7d5edcd23daa3fb94317d32ae253ee1af08ba14d,0x3d9104f77f43cb9bff85ea4c638909139babbb785dcb5951641c01ed32f04569
199,220,0.1276,0xf6abfaf8c77d079c8622589f1d3ce50bc7ff264a,2017-10-10T01:05:46.000Z,0.00058,0x7e38e99af868bb49d64e72ae26d18091a581982c,buy,0x7d5edcd23daa3fb94317d32ae253ee1af08ba14d,0xcff2fc72bed863b14ba4bbcd12914e2dad07e2799a6aa483060c72902abb80ec
200,16.94,0.0099999099983051,0xff64f34e8511693e3dffa0e1fe037a6a65f3937b,2017-10-09T23:28:51.000Z,0.0005903134591679516,0xbcce870909b3dbbe28f744f69b080dbdeeb7748a,buy,0x7d5edcd23daa3fb94317d32ae253ee1af08ba14d,0x98e5c60e479f97bec192df78759e213bc212f88ecaf8ad8129f30dde8afb7d5e
201,16.94,0.0099999099983051,0xff64f34e8511693e3dffa0e1fe037a6a65f3937b,2017-10-09T23:27:23.000Z,0.0005903134591679516,0xbcce870909b3dbbe28f744f69b080dbdeeb7748a,buy,0x7d5edcd23daa3fb94317d32ae253ee1af08ba14d,0x98e5c60e479f97bec192df78759e213bc212f88ecaf8ad8129f30dde8afb7d5e
202,300,0.15,0x04db8b124889b1b6ead00b8b780abc86edfb5e33,2017-10-09T21:52:50.000Z,0.0005,0x82cacf5550fd2e8ca9dc229363054d8f81bb08d7,sell,0x7d5edcd23daa3fb94317d32ae253ee1af08ba14d,0x0cde153e38112a16b9f306ea549cd0fa58dc61fe6517fd3bfd3340673ca9423b
203,5,0.003,0x9550dad902ca7b47c5d2c0f9221f7eb7964e1941,2017-10-09T21:29:04.000Z,0.0006,0xe89a2a7a15cbaae3c58a03d79485373e216226d6,buy,0x7d5edcd23daa3fb94317d32ae253ee1af08ba14d,0xf028415dc1af22da1ab873cce7fa43d25dc530d394381ea3a93455938694ea81
204,700,0.35,0x04db8b124889b1b6ead00b8b780abc86edfb5e33,2017-10-09T20:30:44.000Z,0.0005,0x0bc8ad35a7d3759088c0186439981bb79c68773a,sell,0x7d5edcd23daa3fb94317d32ae253ee1af08ba14d,0x8fef42b48d16db34da1cf4b8bf307611213186647f90a1022a13229ef6423da6
205,345.73,0.1763223,0xe89a2a7a15cbaae3c58a03d79485373e216226d6,2017-10-09T20:23:30.000Z,0.00051,0x0bc8ad35a7d3759088c0186439981bb79c68773a,sell,0x7d5edcd23daa3fb94317d32ae253ee1af08ba14d,0xa38f0d08b2d40924e5a674187e8a02864e6e163eef8d4bfba1808760785d808d
206,1062.25,0.531125,0xee02095f350042bfe8a981a82246516653bc4858,2017-10-09T17:06:24.000Z,0.0005,0x11ed96472c6d37a81b73ece5bd0eccf0d9b077aa,sell,0x7d5edcd23daa3fb94317d32ae253ee1af08ba14d,0x8559b6694fc10ae6d578cb23e25ffd79def7791fb28291c8ba542115f6afd0aa
207,640.21,0.320105,0xee02095f350042bfe8a981a82246516653bc4858,2017-10-09T16:02:01.000Z,0.0005,0xfa39eb4836de19e0b25fd3426cc2e53c89c92b86,sell,0x7d5edcd23daa3fb94317d32ae253ee1af08ba14d,0x064b46a5cc92b229aa1b136875fc543ded6d84e68f76a6915f45f567efadc564
208,2270,1.37335,0xc9e9ec41601b98599b7d58e5a5a4529ab9062e05,2017-10-09T15:15:33.000Z,0.000605,0x9550dad902ca7b47c5d2c0f9221f7eb7964e1941,sell,0x7d5edcd23daa3fb94317d32ae253ee1af08ba14d,0xdf46e3a1c9b35538fad36098a6d0faaf91f9572ecab803607b27a175fdf43d2e
209,114.41,0.07036377230589173,0x6fcce26576b1a36a617d81d88e9e323d4b2330c7,2017-10-09T09:32:25.000Z,0.000615014179756068,0xa030eca5b221c0f1048534a0d0b1d8405e5c9b17,buy,0x7d5edcd23daa3fb94317d32ae253ee1af08ba14d,0xd753d847971584dcf71803681fdb0993272cc6ae65a4f085dc5274f2965c038e
210,3.87,0.003096,0x7ae95541c6ec1862e3cd5bfcf12e50b120755c99,2017-10-09T08:51:10.000Z,0.0008,0xa030eca5b221c0f1048534a0d0b1d8405e5c9b17,buy,0x7d5edcd23daa3fb94317d32ae253ee1af08ba14d,0x6f73fc9434af05425477fe78d2dc259692a8d87755a91a07b1edd63c5b83b60a
211,325.2,0.199999845,0x4cc4bd0a8fc9bdb97791e44dc5e661b8c461c98b,2017-10-09T05:52:30.000Z,0.0006150056734317343,0xa030eca5b221c0f1048534a0d0b1d8405e5c9b17,buy,0x7d5edcd23daa3fb94317d32ae253ee1af08ba14d,0xcc2b797b233eb990e21630d21ecf0b8a80602ab3c555e18340af769164ec6f8f
212,1495.36,0.777587798144,0xbcce870909b3dbbe28f744f69b080dbdeeb7748a,2017-10-09T05:18:23.000Z,0.0005200004,0x905e0578d5316b3597d3210b913e6f6309168272,sell,0x7d5edcd23daa3fb94317d32ae253ee1af08ba14d,0x7ff4b7e00d401772b01d7962323b3228dc276158e3650ce1ab57bf575b583cc4
213,10,0.0062,0x9550dad902ca7b47c5d2c0f9221f7eb7964e1941,2017-10-09T05:01:59.000Z,0.00062,0xe89a2a7a15cbaae3c58a03d79485373e216226d6,buy,0x7d5edcd23daa3fb94317d32ae253ee1af08ba14d,0x76e01643b1ee30e71483694be0d6ce4dc09e02209e1481b65de81ae553e6bb8c
214,22.09,0.014999789,0x03edb540604ac3e93ebd7043e519aa47de709a57,2017-10-09T03:53:40.000Z,0.0006790307378904481,0x3b92bd8797e55ba33892390e22d5c06c51cace96,buy,0x7d5edcd23daa3fb94317d32ae253ee1af08ba14d,0x234484b1395f2f3d9d32d4899cfe4bec8efbfb79f1fe1a906cab7187c6190771
215,99,0.05049,0xe89a2a7a15cbaae3c58a03d79485373e216226d6,2017-10-09T03:49:00.000Z,0.00051,0x62f5e5c4fdeafbd1b7f09d296123998c1f3a85ac,sell,0x7d5edcd23daa3fb94317d32ae253ee1af08ba14d,0x65cf78d15d665b3c42cd8524e3b3c52d0cb01601e4e2f0cc40b2ba4063f66a13
216,601.68,0.33092460168,0xf05e65c5c313d028539457ec16880c871e62cff1,2017-10-09T03:44:30.000Z,0.000550001,0xa88ad27bce9cd733d20efe63f4ff596ddbb8cbd9,sell,0x7d5edcd23daa3fb94317d32ae253ee1af08ba14d,0x8f9e1c26cf56d35784513a472326e5adfe25ea4de4f2cd31c416f49d3d75c014
217,12523.18,6.887749,0xe89a2a7a15cbaae3c58a03d79485373e216226d6,2017-10-09T03:44:30.000Z,0.00055,0xa88ad27bce9cd733d20efe63f4ff596ddbb8cbd9,sell,0x7d5edcd23daa3fb94317d32ae253ee1af08ba14d,0x39d4b683cb3570e9c53f0bd1ece6f79f37f6dbde1de6155dff7f73626637c470
218,4710.76,2.6380256,0xee02095f350042bfe8a981a82246516653bc4858,2017-10-09T03:44:11.000Z,0.00056,0xa88ad27bce9cd733d20efe63f4ff596ddbb8cbd9,sell,0x7d5edcd23daa3fb94317d32ae253ee1af08ba14d,0x312d3cc39dc69c8cd5ce71d028712e530f3d983bec8324006fa77e9da40e47f1
219,289.24,0.1619744,0xee02095f350042bfe8a981a82246516653bc4858,2017-10-09T03:39:06.000Z,0.00056,0x317097e643db282efb9e33fec46ce03150718129,sell,0x7d5edcd23daa3fb94317d32ae253ee1af08ba14d,0xda8e9ccc16bedbfe6dde006e45e16e947fca2dd991198d48cc8da7ab522776bf
220,787.17,0.4486869,0x9550dad902ca7b47c5d2c0f9221f7eb7964e1941,2017-10-09T03:37:39.000Z,0.00057,0x317097e643db282efb9e33fec46ce03150718129,sell,0x7d5edcd23daa3fb94317d32ae253ee1af08ba14d,0x858809b3f95cb45527924dcf50d73001581a0d7b246f9c3b17f1fd54bf4e6b93
221,412.83,0.2353131,0x9550dad902ca7b47c5d2c0f9221f7eb7964e1941,2017-10-09T03:14:44.000Z,0.00057,0x890cf03116fd0e4ec4b58660f88bedc3c188b217,sell,0x7d5edcd23daa3fb94317d32ae253ee1af08ba14d,0x73f5cea3ccbe86fb994ecc67dce9016e9cf02359ef986c8e8162e615cbefcc53
222,419.04,0.2765664,0xc9aadf0fd10504bbb81624eb05ff888aeff04987,2017-10-09T03:11:59.000Z,0.00066,0x890cf03116fd0e4ec4b58660f88bedc3c188b217,sell,0x7d5edcd23daa3fb94317d32ae253ee1af08ba14d,0xcfb144deda62c1bc8959821d7f516445c9ec0962ffd6c2e07b80b3f73aa7bda9
223,735.29,0.49999992,0x64caf5fef891f84ef34b4b7d80bd6a18f61256ce,2017-10-09T02:46:25.000Z,0.0006800036992207156,0xa88ad27bce9cd733d20efe63f4ff596ddbb8cbd9,buy,0x7d5edcd23daa3fb94317d32ae253ee1af08ba14d,0x04482f1dfd500b514b3aa8d9c7dfa29b15f97a98c403178990e1161628101771
224,102.44,0.0676104,0xc9aadf0fd10504bbb81624eb05ff888aeff04987,2017-10-09T02:15:40.000Z,0.00066,0xd8b50d899ca5ae70e95210520301b6a9ac0cd9e8,sell,0x7d5edcd23daa3fb94317d32ae253ee1af08ba14d,0x7faab8f4565a5e3fa4e15d3ee03a00d12b6866bdd161c1dcb2152fa887fbf42f
225,300,0.198,0xc9aadf0fd10504bbb81624eb05ff888aeff04987,2017-10-09T01:52:05.000Z,0.00066,0x9fcc47c3a4790b6dc994e5e416b7309e4f7ca318,sell,0x7d5edcd23daa3fb94317d32ae253ee1af08ba14d,0xc9ca487631ab7c6623efb6cc0062de92ee85bed2b78753e2fcac2f560825e5db
226,1.86,0.0012462,0xe90fbd426541e386ee32cdc36b69029578aafc68,2017-10-09T01:51:25.000Z,0.00067,0x9fcc47c3a4790b6dc994e5e416b7309e4f7ca318,sell,0x7d5edcd23daa3fb94317d32ae253ee1af08ba14d,0x2acc0311e1567758b9027ed0393e1de116325af34929da3dcf9fbd22805a5f8e
227,731.54,0.49744869105772105,0x82cacf5550fd2e8ca9dc229363054d8f81bb08d7,2017-10-09T01:24:24.000Z,0.0006800020382449641,0xa88ad27bce9cd733d20efe63f4ff596ddbb8cbd9,buy,0x7d5edcd23daa3fb94317d32ae253ee1af08ba14d,0xfe3b3d0536f9c48b3e95b085418590d795a4e3f6303fb5300686630af81e40dc
228,5000,3.4,0xf1451e8b62b620223e07765da9815398bf8291e7,2017-10-09T01:13:14.000Z,0.00068,0xa88ad27bce9cd733d20efe63f4ff596ddbb8cbd9,buy,0x7d5edcd23daa3fb94317d32ae253ee1af08ba14d,0x071db2b55a501ecfcce1b79c4ad27b7b3b9e3658a2218e4032937880f5cf0039
229,0.06,0.0000396,0xc9aadf0fd10504bbb81624eb05ff888aeff04987,2017-10-09T00:52:42.000Z,0.00066,0x697249b9977fe7ff727ce717a7c0c4b8d4ae41c8,sell,0x7d5edcd23daa3fb94317d32ae253ee1af08ba14d,0xe503ceb52896cca37ef4f3c433138b32ae2f4b751d5d3d128e75435db2b8ecee
230,555.51,0.3666366,0xc9aadf0fd10504bbb81624eb05ff888aeff04987,2017-10-09T00:47:19.000Z,0.00066,0x697249b9977fe7ff727ce717a7c0c4b8d4ae41c8,sell,0x7d5edcd23daa3fb94317d32ae253ee1af08ba14d,0xb23d53c4188dcb0f2160cf17a6f25f474eeb0a3a9f5bc89d4b31d5e9f1e3c541
231,122.95,0.081147,0xc9aadf0fd10504bbb81624eb05ff888aeff04987,2017-10-09T00:35:50.000Z,0.00066,0x7acc335f56bdd0d60282d9274d10ea5952000ec2,sell,0x7d5edcd23daa3fb94317d32ae253ee1af08ba14d,0x7fc538c575f2bb1b21511d699723c896f47ac0354b06c5b7ae267f66afef22ad
232,2000,1.1000028,0xee02095f350042bfe8a981a82246516653bc4858,2017-10-08T23:55:19.000Z,0.0005500014,0xbcce870909b3dbbe28f744f69b080dbdeeb7748a,buy,0x7d5edcd23daa3fb94317d32ae253ee1af08ba14d,0x39c3c67673e2d5bfcb6e2d8065bea85ac0c54b5d8315b09b190441bfc1431d82
233,260,0.143,0xee02095f350042bfe8a981a82246516653bc4858,2017-10-08T23:46:24.000Z,0.00055,0x33d1d02bd29419e5dbfb9a8749c217ec9b0762f2,buy,0x7d5edcd23daa3fb94317d32ae253ee1af08ba14d,0x50c41ff449c2107c09e09fd2a419a1f3a5c2f79f65336b6a2c15b0dce66b655a
234,100,0.081,0x552be36440727a5811f1056f177638a0d59805d3,2017-10-08T23:18:54.000Z,0.00081,0x7e38e99af868bb49d64e72ae26d18091a581982c,buy,0x7d5edcd23daa3fb94317d32ae253ee1af08ba14d,0xdfdd820529a5f1db48356e631000930907048890835861029eac8ecd85e91505
235,30,0.0165,0x273a5d3e6721b9f5c1a6474f560c1334c63dda01,2017-10-08T23:05:33.000Z,0.00055,0x33d1d02bd29419e5dbfb9a8749c217ec9b0762f2,buy,0x7d5edcd23daa3fb94317d32ae253ee1af08ba14d,0x968b33b0a82e67f6f67e3d2b9877b0e1bf4ccd2b84f111f5482fa90baf628cb1
236,29.91,0.02000979,0xccb9be2484993461f8011a0fd0b42def8561fd90,2017-10-08T23:05:33.000Z,0.000669,0x273a5d3e6721b9f5c1a6474f560c1334c63dda01,sell,0x7d5edcd23daa3fb94317d32ae253ee1af08ba14d,0x968b33b0a82e67f6f67e3d2b9877b0e1bf4ccd2b84f111f5482fa90baf628cb1
237,2000,1.1000002,0xbcce870909b3dbbe28f744f69b080dbdeeb7748a,2017-10-08T23:02:35.000Z,0.0005500001,0x33d1d02bd29419e5dbfb9a8749c217ec9b0762f2,sell,0x7d5edcd23daa3fb94317d32ae253ee1af08ba14d,0xe87306450a216cb2cf5aae9deb980db55a9f0524b33de5ba47f934d95cffc12a
238,7476.82,4.112251,0xe89a2a7a15cbaae3c58a03d79485373e216226d6,2017-10-08T22:52:19.000Z,0.00055,0x96c866014e8aad29e8e6f4a994e567cd6a360d31,sell,0x7d5edcd23daa3fb94317d32ae253ee1af08ba14d,0xda4f39c5fbd3ad0638d22e36e8f2fabbff694d6788041a9980969bd6fcaf4244
239,57.6,0.038592,0xe90fbd426541e386ee32cdc36b69029578aafc68,2017-10-08T22:27:04.000Z,0.00067,0x9fcc47c3a4790b6dc994e5e416b7309e4f7ca318,sell,0x7d5edcd23daa3fb94317d32ae253ee1af08ba14d,0xce0032dea9ab05fc184e543096e8ea697ef4998f1ff3572597a6a05bbaccb320
240,216.73,0.14954459716146098,0x6c54af8b8e4fcdc50b1fedd366dc18aaa965f8b3,2017-10-08T22:22:35.000Z,0.0006900041395351866,0xd4061072201f50b3ad4d139267424b43833d8131,buy,0x7d5edcd23daa3fb94317d32ae253ee1af08ba14d,0x1fd7f048b91c4e5c8cb8f75c7d8b2f51ffe0e6f52ae1dc62ba23b0254ad4a951
241,116.93,0.08185412661519839,0x6c54af8b8e4fcdc50b1fedd366dc18aaa965f8b3,2017-10-08T22:09:54.000Z,0.0007000267392046387,0x3b92bd8797e55ba33892390e22d5c06c51cace96,buy,0x7d5edcd23daa3fb94317d32ae253ee1af08ba14d,0x4a8011ecde5e1b005febdd915615b4eda24debc74450016d0484fa2addfe315c
242,0.09,0.0000603,0xe90fbd426541e386ee32cdc36b69029578aafc68,2017-10-08T21:47:52.000Z,0.00067,0xdc6a2618764c3eb01203f221e879ecd181a70f6a,sell,0x7d5edcd23daa3fb94317d32ae253ee1af08ba14d,0x98de89542d5234ff34fa64e3744f001846fbb45fe7b19b2513526cc0ffbaf8a3
243,898.32,0.49407689832,0xf05e65c5c313d028539457ec16880c871e62cff1,2017-10-08T21:44:51.000Z,0.000550001,0xdc6a2618764c3eb01203f221e879ecd181a70f6a,sell,0x7d5edcd23daa3fb94317d32ae253ee1af08ba14d,0x250af2b6dea7faa8d99171a5459ae7e29958caf65bc5bec2b546bef545ae129c
244,5529.87,3.317922,0x4b940b4a7a9f73d6bf883dce46dc056b13a91c04,2017-10-08T21:39:40.000Z,0.0006,0xdc6a2618764c3eb01203f221e879ecd181a70f6a,sell,0x7d5edcd23daa3fb94317d32ae253ee1af08ba14d,0xabc187c053577cf129366b6b9c1a585ac7088f8b3ecb528629f7ab60a00f3876
245,2124.35,1.4233145,0x9c6ba65c92d9179667756ef0a63f6a42a5babb88,2017-10-08T21:37:25.000Z,0.00067,0xdc6a2618764c3eb01203f221e879ecd181a70f6a,sell,0x7d5edcd23daa3fb94317d32ae253ee1af08ba14d,0x1ab6aa3591468a7e48577e964761d2a99544f6c906543c295e52bbc0efeb431d
246,462,0.3234,0x324f1c5051afcb6aac881b378072f6ac8b316e2c,2017-10-08T21:36:40.000Z,0.0007,0xdc6a2618764c3eb01203f221e879ecd181a70f6a,sell,0x7d5edcd23daa3fb94317d32ae253ee1af08ba14d,0x0aaad7e1f6fb3e4faf6e4eaa455c95c345795549b9b87235e0878767bea23f53
247,0.03,0.0000201,0x9c6ba65c92d9179667756ef0a63f6a42a5babb88,2017-10-08T21:23:40.000Z,0.00067,0x647eeabddb51856225a54853fe8485feb2eb2f5e,sell,0x7d5edcd23daa3fb94317d32ae253ee1af08ba14d,0xf36c3ccd017873aac0eb59d5c45f45e384c0912975b57fef052aa15983dbe672
248,50,0.035,0xe920fcc74c52fbab9dd937121e84dd7f00435016,2017-10-08T20:56:13.000Z,0.0007,0xdc6a2618764c3eb01203f221e879ecd181a70f6a,buy,0x7d5edcd23daa3fb94317d32ae253ee1af08ba14d,0x850e3caebc17025e3d346a4ba3e1f20143e62eab2d5e2c05124ad59014acc44d
249,382.8,0.256476,0x9c6ba65c92d9179667756ef0a63f6a42a5babb88,2017-10-08T20:43:13.000Z,0.00067,0x949ff303605d3404999997ee76a1ac8772bce2ad,sell,0x7d5edcd23daa3fb94317d32ae253ee1af08ba14d,0x57fc80e3005b1728adf99a2706e11ebdb14cc721aa70b81a898e193cfeeb4d79
250,400,0.268,0x9c6ba65c92d9179667756ef0a63f6a42a5babb88,2017-10-08T20:33:36.000Z,0.00067,0xf2850d2aa67ee4ff98236b78eb2dd474163ec246,sell,0x7d5edcd23daa3fb94317d32ae253ee1af08ba14d,0x1bafe2ea06dfab4c8136a24492d278b3434a683723e5160ddfb2cd5a6019aba8
251,86.2,0.057754,0x9c6ba65c92d9179667756ef0a63f6a42a5babb88,2017-10-08T20:07:58.000Z,0.00067,0x6dc0fc242b711fd851c8c75d77ab60a3d466d3cf,sell,0x7d5edcd23daa3fb94317d32ae253ee1af08ba14d,0xfb7fb94ddb7f3fd07688590f35daf8e58083756121c8d3f39b585bbd0102cfea
252,403.05,0.270083805,0x905e0578d5316b3597d3210b913e6f6309168272,2017-10-08T19:58:58.000Z,0.0006701,0x7acc335f56bdd0d60282d9274d10ea5952000ec2,sell,0x7d5edcd23daa3fb94317d32ae253ee1af08ba14d,0x10cdbfc42e054a6956d6288e0c932ea8b256b6c53db7f15073cd50fd85220613
253,600,0.40206,0x905e0578d5316b3597d3210b913e6f6309168272,2017-10-08T19:56:23.000Z,0.0006701,0x7acc335f56bdd0d60282d9274d10ea5952000ec2,sell,0x7d5edcd23daa3fb94317d32ae253ee1af08ba14d,0x664dd7f40fd38b47625ec915cd4a6eaa685d3010f473c7f4b8f6ac35b5744c64
254,2429,1.7003,0x9550dad902ca7b47c5d2c0f9221f7eb7964e1941,2017-10-08T19:50:42.000Z,0.0007,0xf246ccaf9118721d81cdf32342b82468b8a8ff10,buy,0x7d5edcd23daa3fb94317d32ae253ee1af08ba14d,0xcac8a6b9c50ff57ee35c94c54d24d585f8439f541c9ada612176708e5498c08c
255,35,0.023453535,0xd563786094941841ffaa3a83915584cecf7e0e20,2017-10-08T19:47:43.000Z,0.000670101,0x9fcc47c3a4790b6dc994e5e416b7309e4f7ca318,sell,0x7d5edcd23daa3fb94317d32ae253ee1af08ba14d,0x9029a17dffdd052cc1a821069d9cea9cb00ffaa6f794864606b5b83e8c6992e9
256,496.95,0.333006195,0x905e0578d5316b3597d3210b913e6f6309168272,2017-10-08T19:46:04.000Z,0.0006701,0x7acc335f56bdd0d60282d9274d10ea5952000ec2,sell,0x7d5edcd23daa3fb94317d32ae253ee1af08ba14d,0x152068cbdf2aebb099d7bba30c5a837056c67da2fc601af2e09b90fe6c810884
257,3.94,0.002758,0x13f981ab0dc499cab5e2e76bd83ff6b360064bf4,2017-10-08T19:37:17.000Z,0.0007,0x9fcc47c3a4790b6dc994e5e416b7309e4f7ca318,sell,0x7d5edcd23daa3fb94317d32ae253ee1af08ba14d,0xcc1f5e66b090c1f05dd2e2bb0324be85996fff100fe0a566193438a487686cea
258,1805.64,1.2097788,0x9c6ba65c92d9179667756ef0a63f6a42a5babb88,2017-10-08T18:45:16.000Z,0.00067,0x04c7b072b71c15f502590f0f5b9b86c8593cfa70,sell,0x7d5edcd23daa3fb94317d32ae253ee1af08ba14d,0xe4f4ee50781ce5fec86ebd400360c72ed8f35a2c7ac75188ea22980b63657901
259,25,0.0175,0xccb9be2484993461f8011a0fd0b42def8561fd90,2017-10-08T18:24:42.000Z,0.0007,0xf246ccaf9118721d81cdf32342b82468b8a8ff10,sell,0x7d5edcd23daa3fb94317d32ae253ee1af08ba14d,0x36e1bb401def589109bd534b9db7a1dcc57a3032a129961e8e7587ebd7752db3
260,390,0.3003,0xf2850d2aa67ee4ff98236b78eb2dd474163ec246,2017-10-08T18:14:41.000Z,0.00077,0x0bc8ad35a7d3759088c0186439981bb79c68773a,buy,0x7d5edcd23daa3fb94317d32ae253ee1af08ba14d,0x6eb2fdb29d023d485f333fdefb6c4c10b4cce8fb0801ca4a9c9218d3e7fd12a9
261,150,0.105,0x13f981ab0dc499cab5e2e76bd83ff6b360064bf4,2017-10-08T18:12:54.000Z,0.0007,0xf246ccaf9118721d81cdf32342b82468b8a8ff10,sell,0x7d5edcd23daa3fb94317d32ae253ee1af08ba14d,0x3c050a19c828e606822d070034eada8ba71a9b9feefa3f6404842c19b05e6884
262,95,0.06745,0xeaa40f6b29ce35d8f53f6bf9b2a7397e3d8475af,2017-10-08T17:51:22.000Z,0.00071,0xf246ccaf9118721d81cdf32342b82468b8a8ff10,sell,0x7d5edcd23daa3fb94317d32ae253ee1af08ba14d,0x2bb553d57d9e7004089bee3dd7a2f665fa8147e47c99728f8ab8f36baa73fe0c
263,20.77,0.0159929,0xa14036f028c61c4bfd983bc342da1292e0d79b2d,2017-10-08T17:33:32.000Z,0.00077,0x0bc8ad35a7d3759088c0186439981bb79c68773a,sell,0x7d5edcd23daa3fb94317d32ae253ee1af08ba14d,0x8909d95e0f2f942153d7652f29da01ad93f68c57766eb6d95da5bc0c056e544b
264,385,0.3003,0xe23823ddec0d4263fc9f96a853a376e0c5cbcf0b,2017-10-08T17:33:32.000Z,0.00078,0x0bc8ad35a7d3759088c0186439981bb79c68773a,sell,0x7d5edcd23daa3fb94317d32ae253ee1af08ba14d,0x75a896f54f17db7257b09cf55b6aef19ace183f9579250fbd712e1fa8f45090f
265,215,0.1677,0xe23823ddec0d4263fc9f96a853a376e0c5cbcf0b,2017-10-08T17:25:02.000Z,0.00078,0x0bc8ad35a7d3759088c0186439981bb79c68773a,sell,0x7d5edcd23daa3fb94317d32ae253ee1af08ba14d,0xe987fc8f1c8acd8f70545c25b9100fba55b34852255a3236da337f57e6fcea79
266,80,0.06361904,0xdb325ae0e5801ffc5b93f4123a2081aa06c2d4b3,2017-10-08T17:18:55.000Z,0.000795238,0x0bc8ad35a7d3759088c0186439981bb79c68773a,sell,0x7d5edcd23daa3fb94317d32ae253ee1af08ba14d,0xba7c10a7eb64d0c5bc8c9649ba04ba3a4ec1784e0b53eb00b2a25cddaabe8269
267,1531.06,1.2171927,0x4b940b4a7a9f73d6bf883dce46dc056b13a91c04,2017-10-08T16:43:48.000Z,0.000795,0x7fca8e07a5eef698af750257896d1536450601ba,sell,0x7d5edcd23daa3fb94317d32ae253ee1af08ba14d,0x20ac32f09617fd41b35b21e1c287d362851b3799c00228fcf39df62c387c2c61
268,613.87,0.48802665,0x4b940b4a7a9f73d6bf883dce46dc056b13a91c04,2017-10-08T16:31:19.000Z,0.000795,0x7fca8e07a5eef698af750257896d1536450601ba,sell,0x7d5edcd23daa3fb94317d32ae253ee1af08ba14d,0xe4c9e8d038cbddfae9c6f2f331ff4cbd6eb4ec5b60ce00838a608d15e866d122
269,1820.56,1.4382424,0xf1451e8b62b620223e07765da9815398bf8291e7,2017-10-08T16:19:34.000Z,0.00079,0xa88ad27bce9cd733d20efe63f4ff596ddbb8cbd9,sell,0x7d5edcd23daa3fb94317d32ae253ee1af08ba14d,0x5024016faf5b9f80355e82dfd625f9116a7ded7e4df61e2fb350178cf80a245b
270,2833.51,2.25264045,0x4b940b4a7a9f73d6bf883dce46dc056b13a91c04,2017-10-08T16:18:44.000Z,0.000795,0xed8d3c443f7abceef81daf6ef1e5a57b08c7c4d7,sell,0x7d5edcd23daa3fb94317d32ae253ee1af08ba14d,0x01695bbd936a31a54ef32d2c08fbb683158f3cd6e0ae90f62da0afbf4a9ba654
271,2691.65,2.13986175,0x4b940b4a7a9f73d6bf883dce46dc056b13a91c04,2017-10-08T16:17:59.000Z,0.000795,0xf246ccaf9118721d81cdf32342b82468b8a8ff10,sell,0x7d5edcd23daa3fb94317d32ae253ee1af08ba14d,0x2f63e56e92d5f9536e1b0a605cb0ec41155987aaa39bdb859197ee5b98975867
272,278.52,0.2214234,0x4b940b4a7a9f73d6bf883dce46dc056b13a91c04,2017-10-08T16:05:59.000Z,0.000795,0xd641605895c45cba7f8a9ca0d32fd69883846d4f,sell,0x7d5edcd23daa3fb94317d32ae253ee1af08ba14d,0xdd3a47ebda15d2467df0655ac2ef6d1b44c95038daf8f12dd823658fd92cde4b
273,3.17,0.002536,0x891be073155909c46968afb52bbcf0e0a4c111f8,2017-10-08T15:59:21.000Z,0.0008,0x9fcc47c3a4790b6dc994e5e416b7309e4f7ca318,sell,0x7d5edcd23daa3fb94317d32ae253ee1af08ba14d,0x1c3419176f6418c884026a92b8d81807ffcf4a9e64661785d006b24a962067bc
274,500,0.3975,0x4b940b4a7a9f73d6bf883dce46dc056b13a91c04,2017-10-08T15:02:08.000Z,0.000795,0x7acc335f56bdd0d60282d9274d10ea5952000ec2,sell,0x7d5edcd23daa3fb94317d32ae253ee1af08ba14d,0xfc10b66c9dcfa63c8bf5a000e6c0a44fefc67a0b48bf3ad75ce2cd507f8518cd
275,1200,0.954,0x6fcce26576b1a36a617d81d88e9e323d4b2330c7,2017-10-08T14:50:21.000Z,0.000795,0xa88ad27bce9cd733d20efe63f4ff596ddbb8cbd9,sell,0x7d5edcd23daa3fb94317d32ae253ee1af08ba14d,0x7c7b2d2cc3290f246184d1f6064be39cc926a7333f6c791db407c7c187aebddf
276,2243.04,1.7832168,0x4b940b4a7a9f73d6bf883dce46dc056b13a91c04,2017-10-08T14:42:32.000Z,0.000795,0x04c7b072b71c15f502590f0f5b9b86c8593cfa70,sell,0x7d5edcd23daa3fb94317d32ae253ee1af08ba14d,0xa1a78a32320945180fa0ad014d4ca1df9a645cee6982f74fe0f3be9257e4bd6e
277,513.12,0.4105,0xee02095f350042bfe8a981a82246516653bc4858,2017-10-08T14:28:44.000Z,0.0008000077954474587,0xa88ad27bce9cd733d20efe63f4ff596ddbb8cbd9,buy,0x7d5edcd23daa3fb94317d32ae253ee1af08ba14d,0xadd4f2ac8f5f0b6ef8fdd43ed1713eaa8ebf64c8f439d1a06ec951d239b41835
278,3000,2.4,0xf1451e8b62b620223e07765da9815398bf8291e7,2017-10-08T12:47:15.000Z,0.0008,0xa88ad27bce9cd733d20efe63f4ff596ddbb8cbd9,buy,0x7d5edcd23daa3fb94317d32ae253ee1af08ba14d,0x34ed9951970e5e77277da2336c53e3e5409c3ccb93a772165f921fa808eaa86b
279,179.44,0.1417576,0xf1451e8b62b620223e07765da9815398bf8291e7,2017-10-08T12:40:55.000Z,0.00079,0x38ab523d0ca6c61c8787b82274d9e827d69fee96,sell,0x7d5edcd23daa3fb94317d32ae253ee1af08ba14d,0x82bdcf5b5d3110ae80cfbaf86d34a68a2af91dd84f10b534059b18ec453700ca
280,6000,4.8,0xf1451e8b62b620223e07765da9815398bf8291e7,2017-10-08T12:30:33.000Z,0.0008,0xa88ad27bce9cd733d20efe63f4ff596ddbb8cbd9,buy,0x7d5edcd23daa3fb94317d32ae253ee1af08ba14d,0x2a53add869d37964f0a34ed9ad8b4501cb9500e84ec4eeb8a0d24611b953f399
281,437.5,0.35,0xf2850d2aa67ee4ff98236b78eb2dd474163ec246,2017-10-08T12:29:50.000Z,0.0008,0xa88ad27bce9cd733d20efe63f4ff596ddbb8cbd9,buy,0x7d5edcd23daa3fb94317d32ae253ee1af08ba14d,0xadd2fa8fc52cdfe34996b392b0b47c1e99fd8db4158147fb8fca087a630771a4
282,1000,0.8,0xf1451e8b62b620223e07765da9815398bf8291e7,2017-10-08T12:26:15.000Z,0.0008,0x82ec477bd93940e7ce16fa42f464be82d7355815,sell,0x7d5edcd23daa3fb94317d32ae253ee1af08ba14d,0x97c07025005b21855975d77567fabf2845d149e2bda12ce46aaa24c6beccd5b0
283,3.01,0.0025585,0xf1451e8b62b620223e07765da9815398bf8291e7,2017-10-08T12:23:28.000Z,0.00085,0x9c456326bc9bd9ac48cfe071eb32b4c6d55c1649,sell,0x7d5edcd23daa3fb94317d32ae253ee1af08ba14d,0xb74aefa7e7a2403f019078aa7b33c207d230567db4e15b161f818f2ca8def695
284,49.37,0.0395,0xf2850d2aa67ee4ff98236b78eb2dd474163ec246,2017-10-08T12:20:29.000Z,0.0008000810208628722,0xa88ad27bce9cd733d20efe63f4ff596ddbb8cbd9,buy,0x7d5edcd23daa3fb94317d32ae253ee1af08ba14d,0xc10881ac0d16dc9e18e2344a29e5854f0f21d0541ba8a3dd2b067180aa31613e
285,3,0.0027,0xf1451e8b62b620223e07765da9815398bf8291e7,2017-10-08T12:08:00.000Z,0.0009,0x9c456326bc9bd9ac48cfe071eb32b4c6d55c1649,sell,0x7d5edcd23daa3fb94317d32ae253ee1af08ba14d,0x185c0b09c7ea27a056f6a5405dae16a91ab9a997ee08b80f33d056de09451d99
286,9000,7.2,0xf1451e8b62b620223e07765da9815398bf8291e7,2017-10-08T12:03:42.000Z,0.0008,0xa88ad27bce9cd733d20efe63f4ff596ddbb8cbd9,buy,0x7d5edcd23daa3fb94317d32ae253ee1af08ba14d,0xddd6d23438b62fd1506341ce217ec333bfc8102294b70c5f6a2d8aa998ea2702
287,1000,0.8,0xf1451e8b62b620223e07765da9815398bf8291e7,2017-10-08T11:58:11.000Z,0.0008,0x82ec477bd93940e7ce16fa42f464be82d7355815,sell,0x7d5edcd23daa3fb94317d32ae253ee1af08ba14d,0xe516dd10457d7d97f30800f3e4caf574d68d5d319b18a030c3e4beb3d3d1bbcf
288,1000,0.8,0xf1451e8b62b620223e07765da9815398bf8291e7,2017-10-08T11:41:37.000Z,0.0008,0xa88ad27bce9cd733d20efe63f4ff596ddbb8cbd9,sell,0x7d5edcd23daa3fb94317d32ae253ee1af08ba14d,0x2e9d3217953ef5b1f58ddeb06f36f6f6fe4011bd048722b0337766a0abba9476
289,996.99,0.8474415,0xf1451e8b62b620223e07765da9815398bf8291e7,2017-10-08T11:41:03.000Z,0.00085,0x7aa6e2506316f6d613277d4f2f4e4e1dc55e528e,sell,0x7d5edcd23daa3fb94317d32ae253ee1af08ba14d,0xddce01eaf4c9e651c9ca02d43fbb0ed70f833f2ec9e633f9196bfca14ed1b777
290,1000,0.8,0x7aa6e2506316f6d613277d4f2f4e4e1dc55e528e,2017-10-08T11:41:03.000Z,0.0008,0xa88ad27bce9cd733d20efe63f4ff596ddbb8cbd9,buy,0x7d5edcd23daa3fb94317d32ae253ee1af08ba14d,0xddce01eaf4c9e651c9ca02d43fbb0ed70f833f2ec9e633f9196bfca14ed1b777
291,1000,0.8399999,0xd2ea382e498316d91b9de8557670149b479721a0,2017-10-08T11:40:22.000Z,0.0008399999,0x867d6b56809d4545a7f53e1d4fabe9086fdeb60b,buy,0x7d5edcd23daa3fb94317d32ae253ee1af08ba14d,0x51dd2070c330f53226ae4d9787c03b6b00a6055456885bbdc6b50eff727c6f29
292,997,0.8973,0xf1451e8b62b620223e07765da9815398bf8291e7,2017-10-08T11:40:22.000Z,0.0009,0xd2ea382e498316d91b9de8557670149b479721a0,sell,0x7d5edcd23daa3fb94317d32ae253ee1af08ba14d,0x51dd2070c330f53226ae4d9787c03b6b00a6055456885bbdc6b50eff727c6f29
293,38252.94,29.8372932,0xf1451e8b62b620223e07765da9815398bf8291e7,2017-10-08T11:32:54.000Z,0.00078,0xa88ad27bce9cd733d20efe63f4ff596ddbb8cbd9,sell,0x7d5edcd23daa3fb94317d32ae253ee1af08ba14d,0x5386973807b5e490313c02e91ef1e5b253f39518d5881e595913b12bd125a6c2
294,560.31,0.43984335,0xc63c2ff00db27543ca6f78847e9b4d716abc7f66,2017-10-08T11:32:54.000Z,0.000785,0x82ec477bd93940e7ce16fa42f464be82d7355815,sell,0x7d5edcd23daa3fb94317d32ae253ee1af08ba14d,0x59df0a9ae0af53c0e97e31fef96871011edaebec76dcc0cf7d830de5374563e2
295,1402.75,1.094145,0xf1451e8b62b620223e07765da9815398bf8291e7,2017-10-08T11:14:04.000Z,0.00078,0xb9d85c492d23e5c865e660f5de20974760459957,sell,0x7d5edcd23daa3fb94317d32ae253ee1af08ba14d,0x1b2762147d8752cc7b56926e688119d076b161c3c3e4df96a229f3cef30c9b49
296,0.02,0.000021195926562459,0xecbc43c2613d5fe4e93b19f0d9b2b0465c30af8e,2017-10-08T11:12:40.000Z,0.00105979632812295,0xa88ad27bce9cd733d20efe63f4ff596ddbb8cbd9,buy,0x7d5edcd23daa3fb94317d32ae253ee1af08ba14d,0xbff9cd4d61921414a767bd36b5e9da3c0c814ea4df0a8a6961f5de157da86aa9
297,265.77,0.21261633934802113,0xecbc43c2613d5fe4e93b19f0d9b2b0465c30af8e,2017-10-08T10:29:38.000Z,0.0008000012768484822,0xa88ad27bce9cd733d20efe63f4ff596ddbb8cbd9,buy,0x7d5edcd23daa3fb94317d32ae253ee1af08ba14d,0x57456969d9fb2eb7e709267d0960ee6b574d387e63e128bc37e344749a7fb202
298,498.45,0.39876383212042665,0x81139895a08bd984e539ed4b4170a99a3ab6cdd4,2017-10-08T09:22:29.000Z,0.0008000076880738824,0xa88ad27bce9cd733d20efe63f4ff596ddbb8cbd9,buy,0x7d5edcd23daa3fb94317d32ae253ee1af08ba14d,0xa0841addf72e3da655d77bc04cf9f90e37695b11a2b6f3e4f73f3f1c5951c354
299,1300,1.04,0xecbc43c2613d5fe4e93b19f0d9b2b0465c30af8e,2017-10-08T09:22:29.000Z,0.0008,0xa88ad27bce9cd733d20efe63f4ff596ddbb8cbd9,buy,0x7d5edcd23daa3fb94317d32ae253ee1af08ba14d,0xbc2ceaeb96c2bd71e86e470d9213a1512f5b819c76843736bfa2599b019e20c7
300,89.69,0.07040665,0xc63c2ff00db27543ca6f78847e9b4d716abc7f66,2017-10-08T08:58:04.000Z,0.000785,0xa4000e0e1c46f01887e9996f7eb0fc636f7f1182,sell,0x7d5edcd23daa3fb94317d32ae253ee1af08ba14d,0x955bd312cb1867f844ab988be6e2e885de5d4ed4dabcb9b1547e0c6f43e4a4c3
301,750,0.6,0xc63c2ff00db27543ca6f78847e9b4d716abc7f66,2017-10-08T08:48:00.000Z,0.0008,0xa88ad27bce9cd733d20efe63f4ff596ddbb8cbd9,buy,0x7d5edcd23daa3fb94317d32ae253ee1af08ba14d,0xd774600eef25d016ebb701a5822ac9e43147ae97b2e2104c6996d30926f3da71
302,1200,0.96,0xabdaac8cc185fe49bf723d9922eb4698ef0ee6b1,2017-10-08T08:48:00.000Z,0.0008,0xa88ad27bce9cd733d20efe63f4ff596ddbb8cbd9,buy,0x7d5edcd23daa3fb94317d32ae253ee1af08ba14d,0x9e3d4bf68598091176478efd61428a7cce4aa1f6bc490cdc73075666f560b3aa
303,344.31,0.2685618,0xf1451e8b62b620223e07765da9815398bf8291e7,2017-10-08T08:34:58.000Z,0.00078,0xe91cf360e671c19b661d464e9781080a73f0d7d4,sell,0x7d5edcd23daa3fb94317d32ae253ee1af08ba14d,0xb3f869cca81f953bc569e99da883b1f0edc400ccd268ef257d0478f420203ea0
304,1033.54,0.8162922614,0x8a25f14e1413609da4a8a519f08e4b65ec35b63f,2017-10-08T08:21:02.000Z,0.0007898022925092401,0x7e826e85cba4d3aaaa1b484f53be01d10f527fd6,buy,0x7d5edcd23daa3fb94317d32ae253ee1af08ba14d,0xf49f663b7b31974d612d54979e3228763d78116b7a2171da6f3a234e46ccc172
305,192.3,0.15000024,0x8a25f14e1413609da4a8a519f08e4b65ec35b63f,2017-10-08T08:01:08.000Z,0.0007800324492979719,0xe91cf360e671c19b661d464e9781080a73f0d7d4,buy,0x7d5edcd23daa3fb94317d32ae253ee1af08ba14d,0x40bcbb0ce6337d3fd85229b4f5cfc55a4a94441c41965fa66eeb1b06ee522956
306,242.21,0.1889238,0xdd3e2e89ea8df00eea59b525520f8e9f4f05de7d,2017-10-08T07:45:37.000Z,0.00078,0xe91cf360e671c19b661d464e9781080a73f0d7d4,buy,0x7d5edcd23daa3fb94317d32ae253ee1af08ba14d,0x554790e46e9bb476d32e901ec7fe4346a9e1319ce863f1815e874658cfaa97e0
307,1282.05,0.99999978,0x1e42e7b4aee7e01e59263311ab48f8f2dd6e73b5,2017-10-08T07:37:36.000Z,0.0007800006084006084,0xe91cf360e671c19b661d464e9781080a73f0d7d4,buy,0x7d5edcd23daa3fb94317d32ae253ee1af08ba14d,0x304a717adbb00de502d31f6767aaf6a410b3a1756cfd2e71b624b2cbe81258a7
308,923.07,0.72000006,0xa030eca5b221c0f1048534a0d0b1d8405e5c9b17,2017-10-08T07:23:35.000Z,0.0007800059150443628,0xe91cf360e671c19b661d464e9781080a73f0d7d4,buy,0x7d5edcd23daa3fb94317d32ae253ee1af08ba14d,0x9e8eca47b6659129883848a4283e3ba3bcdc520a08c5a6d9cd88b996d9d45684
309,40,0.03120004,0xa4000e0e1c46f01887e9996f7eb0fc636f7f1182,2017-10-08T06:19:10.000Z,0.000780001,0xc2da72950c5da558c14b2cb0181f7b8f1668418f,sell,0x7d5edcd23daa3fb94317d32ae253ee1af08ba14d,0xd4e88fc42ac5edd16c3268ee88b3abe5df5db8b48aa9e7516ec9777d7e52d1dd
310,14,0.0110572,0x373516bcaca12ec5a336bffb849b8629a230b433,2017-10-08T06:18:31.000Z,0.0007898,0xc2da72950c5da558c14b2cb0181f7b8f1668418f,sell,0x7d5edcd23daa3fb94317d32ae253ee1af08ba14d,0x840ec8a3e3974f914e34cbf4e77d1dc40afe6fb1423b940ab10afe3fa8ee25a0
311,1.35,0.001107,0x9888269187fd69c9178f320a90765627b5faefab,2017-10-08T06:17:26.000Z,0.00082,0xc2da72950c5da558c14b2cb0181f7b8f1668418f,sell,0x7d5edcd23daa3fb94317d32ae253ee1af08ba14d,0x8e7df9d4676d091027dee42573b66ed6c39891098b3ea3811b5e1b5803f737fa
312,200.98,0.1346566,0x9c6ba65c92d9179667756ef0a63f6a42a5babb88,2017-10-08T06:17:26.000Z,0.00067,0x97bc2d837884147db3d1574d84d14385e1f5c7d9,sell,0x7d5edcd23daa3fb94317d32ae253ee1af08ba14d,0x5eb76c872b47440ed8af827455fd2ecfa6e36b02277c0dca045e6fec86787404
313,316.53,0.2500001328,0x9418562ee9a679ba40f4790739faa59383f02cd4,2017-10-08T06:08:03.000Z,0.0007898149710927874,0x7e826e85cba4d3aaaa1b484f53be01d10f527fd6,buy,0x7d5edcd23daa3fb94317d32ae253ee1af08ba14d,0x0bc0c65169b97e4e033e26fe10c134f6a207344980daac3bf1165aedc240df82
314,189.92,0.1499996058,0x1cb8482a2e99c7d2db977c11dfd24d63b597d5b2,2017-10-08T05:54:01.000Z,0.0007898041585930919,0x7e826e85cba4d3aaaa1b484f53be01d10f527fd6,buy,0x7d5edcd23daa3fb94317d32ae253ee1af08ba14d,0x76dcb4616546d1b9fb5594d68cba538bf0a65e3408366140e53d6bd7d9df8ea1
315,250.78,0.1956084,0xf50f716f3f32cb7898ccbe2cb80ab51f4b240d94,2017-10-08T05:08:09.000Z,0.00078,0xb6a8c5331b234818bdfd542e7974372d2dd293f2,sell,0x7d5edcd23daa3fb94317d32ae253ee1af08ba14d,0x44ba84158fd7d25fd13d76de0502a976d814d5be832a3141063e96cf5e8d77d2
316,87.5,0.07,0xd8b50d899ca5ae70e95210520301b6a9ac0cd9e8,2017-10-08T04:57:20.000Z,0.0008,0xa88ad27bce9cd733d20efe63f4ff596ddbb8cbd9,buy,0x7d5edcd23daa3fb94317d32ae253ee1af08ba14d,0xa43c5e7ab9183d2166e506436b9f0da8457f143e225447daced90bfafe844c29
317,881.34,0.661005,0xaec658b13bc5038516793d34cc184a900ec4985c,2017-10-08T04:45:23.000Z,0.00075,0x97bc2d837884147db3d1574d84d14385e1f5c7d9,sell,0x7d5edcd23daa3fb94317d32ae253ee1af08ba14d,0x5e511761334351faad5e59e91f57d6c9b27ad2a5238c7e1548efe04687ac119c
318,900,0.639,0x19b8d2c1abde27ee95ab08bff260f9266f51b219,2017-10-08T04:44:39.000Z,0.00071,0x97bc2d837884147db3d1574d84d14385e1f5c7d9,sell,0x7d5edcd23daa3fb94317d32ae253ee1af08ba14d,0xe13a9f36ddb931ca8296566832ce8168af6ae74a5ced050a2ba565a52e9a0928
319,448.24,0.3675568,0x9888269187fd69c9178f320a90765627b5faefab,2017-10-08T04:41:53.000Z,0.00082,0xd2ea382e498316d91b9de8557670149b479721a0,sell,0x7d5edcd23daa3fb94317d32ae253ee1af08ba14d,0xeb6894bf0b23deed5b2887f3e92a96757b946d982ced7e2e48cae7780d4576f5
320,449.59,0.359672,0xd2ea382e498316d91b9de8557670149b479721a0,2017-10-08T04:41:53.000Z,0.0008,0xa88ad27bce9cd733d20efe63f4ff596ddbb8cbd9,buy,0x7d5edcd23daa3fb94317d32ae253ee1af08ba14d,0xeb6894bf0b23deed5b2887f3e92a96757b946d982ced7e2e48cae7780d4576f5
321,212.5,0.17,0x422d4d1f8a9373dc8b75f3e1aeab786083f38a51,2017-10-08T04:30:12.000Z,0.0008,0xa88ad27bce9cd733d20efe63f4ff596ddbb8cbd9,buy,0x7d5edcd23daa3fb94317d32ae253ee1af08ba14d,0x625ea869301590dd0cd630705a8dd87fd2991316223d49a031d73dc61147a4dd
322,0.41,0.0003239,0x9888269187fd69c9178f320a90765627b5faefab,2017-10-08T04:29:49.000Z,0.00079,0x8ef42653cd5420da899975c6145d331d7ae622f6,sell,0x7d5edcd23daa3fb94317d32ae253ee1af08ba14d,0x0fa14c038aaf3be65cb683927da28086b5a22db7d66992cd656c431286f36dc0
323,4118.66,3.088995,0xaec658b13bc5038516793d34cc184a900ec4985c,2017-10-08T04:28:52.000Z,0.00075,0x8ef42653cd5420da899975c6145d331d7ae622f6,sell,0x7d5edcd23daa3fb94317d32ae253ee1af08ba14d,0x32db67b344d3c7abcff9ebe4606e822eaeab096b633c8abda73e34b6e8ae2bcd
324,7000,5.04,0x60b30a82cd9f502e6d45c85181b545cab8ba9394,2017-10-08T04:24:53.000Z,0.00072,0x8ef42653cd5420da899975c6145d331d7ae622f6,sell,0x7d5edcd23daa3fb94317d32ae253ee1af08ba14d,0x67374a8f41baff3857f7eecc33dd05a264041aa9012d869efe2aceedc857b988
325,2500,1.9,0xd1f9eb61ad476170a6ac5e6ccf064b3306e54e44,2017-10-08T04:24:32.000Z,0.00076,0x8ef42653cd5420da899975c6145d331d7ae622f6,sell,0x7d5edcd23daa3fb94317d32ae253ee1af08ba14d,0x414ceca081c53497dbb91d0057ad01457acc91cb1a50554b959f6374644eb6d8
326,19.93,0.0155454,0xf50f716f3f32cb7898ccbe2cb80ab51f4b240d94,2017-10-08T03:58:17.000Z,0.00078,0x1d2cadab05cb50a822c672498c5e59ba82dab549,sell,0x7d5edcd23daa3fb94317d32ae253ee1af08ba14d,0x9ca2035e0814ba0ad4edabd2d7ea79ace0b635b5b8d7bcf944436196a6d2d963
327,10,0.00780001,0xa4000e0e1c46f01887e9996f7eb0fc636f7f1182,2017-10-08T03:41:37.000Z,0.000780001,0xa4000e0e1c46f01887e9996f7eb0fc636f7f1182,sell,0x7d5edcd23daa3fb94317d32ae253ee1af08ba14d,0x6c135850e5a1b0a40bad9e6c65fa13b543b626d481ba5d4255931835dcc92cc7
328,334.81,0.26450180276908725,0x3fa51d61955cf4c2ac1640bb36e19a735bf09da0,2017-10-08T03:41:37.000Z,0.0007900056831309914,0x8ef42653cd5420da899975c6145d331d7ae622f6,buy,0x7d5edcd23daa3fb94317d32ae253ee1af08ba14d,0xeb8419f94835cf8e45d46822f31e1ca33fc8eaa6331cc8b314200a4a3af81eb0
329,15.26,0.012062605921642907,0xd8b50d899ca5ae70e95210520301b6a9ac0cd9e8,2017-10-08T03:38:47.000Z,0.0007904722098062192,0x8ef42653cd5420da899975c6145d331d7ae622f6,buy,0x7d5edcd23daa3fb94317d32ae253ee1af08ba14d,0x9ba50b02389761e560ed3567d7c595a9c18c69c41be72a91a19ad788b15ca7de
330,50,0.0395,0xa4000e0e1c46f01887e9996f7eb0fc636f7f1182,2017-10-08T03:08:55.000Z,0.00079,0x8ef42653cd5420da899975c6145d331d7ae622f6,buy,0x7d5edcd23daa3fb94317d32ae253ee1af08ba14d,0x85cfa8f8cd3caaea5bb8fb012b72fcbfbf45e283eecb40c1a211351304fa0c17
331,1125,0.9,0x7ea829d50391423262085d19f213a1eb5aa729ac,2017-10-08T02:48:01.000Z,0.0008,0xa88ad27bce9cd733d20efe63f4ff596ddbb8cbd9,buy,0x7d5edcd23daa3fb94317d32ae253ee1af08ba14d,0x35b6f117616acdc2c8dd350cc69c4fad423c4fb06ce6b867d5b4ee59115f3bf4
332,2500,2,0xbacb757d964f63943d23db987c2973b324ad1172,2017-10-08T02:33:35.000Z,0.0008,0xa88ad27bce9cd733d20efe63f4ff596ddbb8cbd9,buy,0x7d5edcd23daa3fb94317d32ae253ee1af08ba14d,0x2336eafc82a9ace4f7067939f0e5f54d86d32986d37c99965dfd2b539d8ed345
333,519.92,0.4055376,0xf50f716f3f32cb7898ccbe2cb80ab51f4b240d94,2017-10-08T02:30:30.000Z,0.00078,0x2fefe0b0dc1ba167531a6226be44a2819554e000,sell,0x7d5edcd23daa3fb94317d32ae253ee1af08ba14d,0x2a7e1aa3568dff77e3775e9857817410c5a240474dbcd9aad2c73da6c2cc566c
334,1000,0.79,0x9052eb26c0b9836335ec153413f80baec7536414,2017-10-08T02:27:16.000Z,0.00079,0xa88ad27bce9cd733d20efe63f4ff596ddbb8cbd9,sell,0x7d5edcd23daa3fb94317d32ae253ee1af08ba14d,0x1ef4d9b850bf5a4f5f7cbe3a8648733f36d8aeefd368bfb5e3d32c2d0444422b
335,47.47,0.03987647363117512,0xc772a8f86dddcb9797dd981fef7629504b067b2b,2017-10-08T02:04:33.000Z,0.0008400352566078601,0x867d6b56809d4545a7f53e1d4fabe9086fdeb60b,buy,0x7d5edcd23daa3fb94317d32ae253ee1af08ba14d,0x5c53c5d618d7a93fcdf3e3157f6bdcfca76c8350301a94b4089609e7c1b40fa2
336,1000,0.79,0x9052eb26c0b9836335ec153413f80baec7536414,2017-10-08T01:57:41.000Z,0.00079,0xa88ad27bce9cd733d20efe63f4ff596ddbb8cbd9,sell,0x7d5edcd23daa3fb94317d32ae253ee1af08ba14d,0x8d5ee32dc4bc1b5a2775b1079054772f3cfec7a520ec5de87661af39dd6b028b
337,7500,6,0xf6f67ae513490a36709041fef4fb1dca30edd1b6,2017-10-08T01:45:43.000Z,0.0008,0xa88ad27bce9cd733d20efe63f4ff596ddbb8cbd9,sell,0x7d5edcd23daa3fb94317d32ae253ee1af08ba14d,0x14355fb71cf5bfea5aa681a970a01a9f4f925f6226dd09a6c8221a88a2592d85
338,53,0.0424,0xa0c65c5750a23ffd55608860168180fed07bf917,2017-10-08T01:13:48.000Z,0.0008,0x2fefe0b0dc1ba167531a6226be44a2819554e000,sell,0x7d5edcd23daa3fb94317d32ae253ee1af08ba14d,0x563968cbba6d930282805347bd647e018c36d1543c3ca263a6a1c09c844edf4d
339,372.93,0.2908854,0xf50f716f3f32cb7898ccbe2cb80ab51f4b240d94,2017-10-08T01:12:17.000Z,0.00078,0x4c95c574dae1b335c05ca778ea24b8d9dd515669,sell,0x7d5edcd23daa3fb94317d32ae253ee1af08ba14d,0xfd369211c2f70ec59a9be9289d90827515ba6af35ea79cb60b5d16608f2348fd
340,1785.71,1.4999995814286,0x1ef2ca3e9d3bf37c2e1d38d884a632b8aa413cbc,2017-10-08T01:08:14.000Z,0.0008400017816042919,0x867d6b56809d4545a7f53e1d4fabe9086fdeb60b,buy,0x7d5edcd23daa3fb94317d32ae253ee1af08ba14d,0xd31b3e057a526bc1fba6234c9cde030e2b793181f0eddbb0d6a316b9de04a6cd
341,10000,8.4,0x1ef2ca3e9d3bf37c2e1d38d884a632b8aa413cbc,2017-10-08T01:04:14.000Z,0.00084,0xa88ad27bce9cd733d20efe63f4ff596ddbb8cbd9,buy,0x7d5edcd23daa3fb94317d32ae253ee1af08ba14d,0xba5a96bae16bfc2e94e8104730ccaf3821af35d5d78357fa982c15b2e49fa9b9
342,500,0.4245,0xb263e795ed9fcb0053d986482c5c89e2b6c14fe3,2017-10-08T00:37:47.000Z,0.000849,0xa88ad27bce9cd733d20efe63f4ff596ddbb8cbd9,sell,0x7d5edcd23daa3fb94317d32ae253ee1af08ba14d,0x36353eb8c8cbf3672a4a9110e88ea213a874b42a999a4c6a390393e7f9f05b73
343,100,0.085,0xb263e795ed9fcb0053d986482c5c89e2b6c14fe3,2017-10-08T00:37:43.000Z,0.00085,0xa88ad27bce9cd733d20efe63f4ff596ddbb8cbd9,sell,0x7d5edcd23daa3fb94317d32ae253ee1af08ba14d,0x9d734e9daf8e608456514e0f7c17025f68f9b47b4b99f8540761b84370fd8f81
344,117.29,0.09970090263596955,0xb92e8e12e6d6fd4b153b604fcb6601e7d86b6651,2017-10-08T00:31:58.000Z,0.0008500375363284981,0xa88ad27bce9cd733d20efe63f4ff596ddbb8cbd9,buy,0x7d5edcd23daa3fb94317d32ae253ee1af08ba14d,0xeb50477ab264720918fa0fd716a1dba8891301570c1bdecc7b1e0282d9230dab
345,1500,1.3273005,0x88e97554acf376fe2c951743dc5fe2e7632635b8,2017-10-08T00:11:50.000Z,0.000884867,0xa88ad27bce9cd733d20efe63f4ff596ddbb8cbd9,sell,0x7d5edcd23daa3fb94317d32ae253ee1af08ba14d,0x5d8e797f21a8114f0da7e80320325af1a6975e2b21ae043b0bb5819c36ae8fdf
346,395.54,0.35000017898,0x21de76b1b20ae1b09b0e82745cb3e215dccb2ba0,2017-10-08T00:07:53.000Z,0.0008848667112807807,0x97bc2d837884147db3d1574d84d14385e1f5c7d9,buy,0x7d5edcd23daa3fb94317d32ae253ee1af08ba14d,0xec9d3c3d84fd5f72d6e45999bb27ad13ee13d2098a17c92be777f98fc38537df
347,10,0.0088486,0xd3ab6f92a15810936b0721649596bda8c4675c9b,2017-10-07T23:53:50.000Z,0.00088486,0x97bc2d837884147db3d1574d84d14385e1f5c7d9,buy,0x7d5edcd23daa3fb94317d32ae253ee1af08ba14d,0x88c5b4b8411f858526484303258486edd3e82e56358be81b496c2fcf97408a26
348,781.87,0.625496,0xad0a4531c6e4ba419190f47e3322cdf4dd22f324,2017-10-07T23:19:31.000Z,0.0008,0xf01a8001bb63886e8806642c8e3cfc587f534cfe,buy,0x7d5edcd23daa3fb94317d32ae253ee1af08ba14d,0xa7b6a1591a24016d0d05874c1a9cbca1bfce4a30863f90a4415f9463010d2cbb
349,1009.48,0.8934993520087728,0xad0a4531c6e4ba419190f47e3322cdf4dd22f324,2017-10-07T23:14:06.000Z,0.0008851085232087538,0xad0a4531c6e4ba419190f47e3322cdf4dd22f324,buy,0x7d5edcd23daa3fb94317d32ae253ee1af08ba14d,0x0f83bdaf0032f9dd06dd9d7529747e9d09ad03bdd90c696c5fb49424b0f1a9d4
350,9.64,0.008194,0x200ee871ac537fb485cc074f02385a9ee8f4f112,2017-10-07T23:01:10.000Z,0.00085,0xf01a8001bb63886e8806642c8e3cfc587f534cfe,sell,0x7d5edcd23daa3fb94317d32ae253ee1af08ba14d,0xa2196635a36c540a5288499e688e27b1deeb205d17ac12069b19002afe5360ff
351,604.36,0.534919036,0xc2da72950c5da558c14b2cb0181f7b8f1668418f,2017-10-07T22:56:04.000Z,0.0008851,0x97bc2d837884147db3d1574d84d14385e1f5c7d9,sell,0x7d5edcd23daa3fb94317d32ae253ee1af08ba14d,0x148802170c0df0b7926a1b9a9d4645f6dc81c4fafe488192837799b274039c1f
352,1000,0.8851,0xd999935b4c0930edf8b9c47d0e66476d42a3e175,2017-10-07T22:53:46.000Z,0.0008851,0xad0a4531c6e4ba419190f47e3322cdf4dd22f324,buy,0x7d5edcd23daa3fb94317d32ae253ee1af08ba14d,0x0c853774796649550fb478d17636d10d56d5a80eb3e94668484e8f3ec34f3b73
353,0.13,0.000115063,0xc2da72950c5da558c14b2cb0181f7b8f1668418f,2017-10-07T22:51:40.000Z,0.0008851,0xcde96939ccd3467b9a55d9fdd7b69f72dae07edf,sell,0x7d5edcd23daa3fb94317d32ae253ee1af08ba14d,0xe19a2ea6db5a599242d91542226ea0e7b1be80e502065fce13b7b46bfd5efd4f
354,12,0.01032,0xafff9f0c27950ef300783ea0ec31d5b806baf911,2017-10-07T22:48:18.000Z,0.00086,0xad0a4531c6e4ba419190f47e3322cdf4dd22f324,sell,0x7d5edcd23daa3fb94317d32ae253ee1af08ba14d,0xe9cb26f754d0580be2d68686cd6c0b537654ec42f53e1d680ded57d6bd6c636d
355,1360.51,1.204187401,0xc2da72950c5da558c14b2cb0181f7b8f1668418f,2017-10-07T22:47:36.000Z,0.0008851,0xcde96939ccd3467b9a55d9fdd7b69f72dae07edf,sell,0x7d5edcd23daa3fb94317d32ae253ee1af08ba14d,0xd988a4df029c5923c481c311b3c539618464580fa41a3dd2ec9ab93e0bbfce1d
356,1000,0.862,0xd37d88d01d9ea4b27a33c161706ed9720a97716e,2017-10-07T22:33:03.000Z,0.000862,0xcde96939ccd3467b9a55d9fdd7b69f72dae07edf,sell,0x7d5edcd23daa3fb94317d32ae253ee1af08ba14d,0x47310c01b96e0ef2f686511ba4aedc33dfe3af8b7577c0aaff80b9499fee9617
357,2425,1.9998005,0xad0a4531c6e4ba419190f47e3322cdf4dd22f324,2017-10-07T22:33:03.000Z,0.00082466,0xcde96939ccd3467b9a55d9fdd7b69f72dae07edf,sell,0x7d5edcd23daa3fb94317d32ae253ee1af08ba14d,0x51a76bb2b9ae8b74e3a8741473fe8d572aeaf6428394b87493cc962597589e7d
358,348.91,0.34891835310537334,0x80bb1ab816b9b5d6c83ede8ceddb07f44ffef6e0,2017-10-07T21:44:08.000Z,0.0010000239405731372,0xf01a8001bb63886e8806642c8e3cfc587f534cfe,buy,0x7d5edcd23daa3fb94317d32ae253ee1af08ba14d,0x5c7d40601ae19fd007b81fb358ac31706d918dbb827859a125d4228b3ee35702
359,2300,1.84,0x8b4de5d4784be07c1b0f6be4cb2b43b71f5bd146,2017-10-07T21:40:12.000Z,0.0008,0xc7d3b1414554e415c3eedefa86cf6d104bee466d,sell,0x7d5edcd23daa3fb94317d32ae253ee1af08ba14d,0xb1e053a97c8570b326a9f1e452893ccfb47fcf7de85209d3597b72b026b1d3b9
360,63,0.063,0xfc9353c0c35b613482f25f1103723bca14473d22,2017-10-07T21:39:30.000Z,0.001,0xf01a8001bb63886e8806642c8e3cfc587f534cfe,sell,0x7d5edcd23daa3fb94317d32ae253ee1af08ba14d,0x9820fdd10a31ca37e8eb5759ed1a5ffe2ffd2addf61fb0c0f2137808a148ded4
361,199.98,0.179982,0x7acc335f56bdd0d60282d9274d10ea5952000ec2,2017-10-07T21:31:21.000Z,0.0009,0xc7d3b1414554e415c3eedefa86cf6d104bee466d,sell,0x7d5edcd23daa3fb94317d32ae253ee1af08ba14d,0xb7c2fc05f414f1cf1a97670446eb9032e25272205565fe1f729e22f88e4a1dfb
362,1000,0.86,0xe570c0980bce80fe9be2a231dade76b1276301e4,2017-10-07T21:29:18.000Z,0.00086,0xc7d3b1414554e415c3eedefa86cf6d104bee466d,sell,0x7d5edcd23daa3fb94317d32ae253ee1af08ba14d,0x61b25e996a579e2dbf968e51c1807020e21b4964b2b20f987183d8b6a17ca45e
363,200,0.178,0x7acc335f56bdd0d60282d9274d10ea5952000ec2,2017-10-07T21:29:18.000Z,0.00089,0xc7d3b1414554e415c3eedefa86cf6d104bee466d,sell,0x7d5edcd23daa3fb94317d32ae253ee1af08ba14d,0x72ece52dfcb2ac5b4fe4668032b6a162ffeb0a3ccc064f4db014ab361a85b880
364,875.5,0.744175,0xee7acd51a05bdd280d84caf0b506ea1b66743818,2017-10-07T21:29:18.000Z,0.00085,0xc7d3b1414554e415c3eedefa86cf6d104bee466d,sell,0x7d5edcd23daa3fb94317d32ae253ee1af08ba14d,0x5856ec75aa8ac5a71c832d8048d8786787ebde1d987f4337898f4789c4eee49f
365,0.02,0.000018,0x7acc335f56bdd0d60282d9274d10ea5952000ec2,2017-10-07T21:29:18.000Z,0.0009,0x36a507c386b0006c123b5f7cc8a66ad9a45110f5,sell,0x7d5edcd23daa3fb94317d32ae253ee1af08ba14d,0x0b1520aaf81c27c46b565f8cebc39b32bd0e1c1615f84d4012ba0c342fc13d1e
366,2000.6,2.000605,0xee7acd51a05bdd280d84caf0b506ea1b66743818,2017-10-07T21:26:34.000Z,0.001000002499250225,0xe91cf360e671c19b661d464e9781080a73f0d7d4,buy,0x7d5edcd23daa3fb94317d32ae253ee1af08ba14d,0x4b2a3dfba7f4e5314c39ede7cd73a1b67acfc2fa5f148d322bef3a59fbc40895
367,149.95,0.13495634955,0x778d71fc7ab5bb38f646316005a3ac771d057fe9,2017-10-07T21:24:53.000Z,0.000900009,0x36a507c386b0006c123b5f7cc8a66ad9a45110f5,sell,0x7d5edcd23daa3fb94317d32ae253ee1af08ba14d,0x1eec412a5583e3df765138a1fcdc907c71278f322a9fdfd5a51e5657c2adcd23
368,1200,1.0944,0x778d71fc7ab5bb38f646316005a3ac771d057fe9,2017-10-07T21:22:24.000Z,0.000912,0xf52fb0f3240e800c9d07737f602a53a43455a758,sell,0x7d5edcd23daa3fb94317d32ae253ee1af08ba14d,0x4966fc1fa6feeb66568b0dc41de38579717fcc3df96d9cd5490083462828e169
369,834.4,0.7601384,0x890cf03116fd0e4ec4b58660f88bedc3c188b217,2017-10-07T21:19:36.000Z,0.000911,0xbaf049f77ddb83df215df988f60f00197a0f73b7,buy,0x7d5edcd23daa3fb94317d32ae253ee1af08ba14d,0xc2ea9f6d55bad17171aecc4176e3dfa0da0abddf0783fecc86491c39e1ff1ef0
370,500,0.46,0x6c27e779bc2f1bdb3c1e09d7b66eb8dcb661eaf5,2017-10-07T21:15:12.000Z,0.00092,0xd999935b4c0930edf8b9c47d0e66476d42a3e175,buy,0x7d5edcd23daa3fb94317d32ae253ee1af08ba14d,0xbe32f4abaa1e3fe5d4ea87bad594f526ed1deb0cf19310689a8a0085901670ea
371,0.91,0.00099953,0xe985ac05f01f7fa12e3322003e88bde06e6fe042,2017-10-07T21:09:19.000Z,0.0010983846153846154,0xb9d85c492d23e5c865e660f5de20974760459957,buy,0x7d5edcd23daa3fb94317d32ae253ee1af08ba14d,0x6663e42595f2f11d1ad7b284610a5749e2bda47451c2002404390073cf39f813
372,100,0.091,0x200ee871ac537fb485cc074f02385a9ee8f4f112,2017-10-07T21:08:24.000Z,0.00091,0x36a507c386b0006c123b5f7cc8a66ad9a45110f5,sell,0x7d5edcd23daa3fb94317d32ae253ee1af08ba14d,0x49cebdf53b02da61916f824b5d1c94f79c6289e59231f51ec6c50d5034aeabb6
373,1943.66,1.9436648223842699,0xdc6a2618764c3eb01203f221e879ecd181a70f6a,2017-10-07T20:56:34.000Z,0.001000002481084279,0xe91cf360e671c19b661d464e9781080a73f0d7d4,buy,0x7d5edcd23daa3fb94317d32ae253ee1af08ba14d,0xa276ef532cbfabea3d809a3010eb8f4e51c002bf3fa7347354830294a6f0d79f
374,20,0.02,0xb6a8c5331b234818bdfd542e7974372d2dd293f2,2017-10-07T20:56:34.000Z,0.001,0xe91cf360e671c19b661d464e9781080a73f0d7d4,buy,0x7d5edcd23daa3fb94317d32ae253ee1af08ba14d,0x42f44287a9919e3b47f4c6a5032e37032568a3b0356138fe0c13bf7ea552367f
375,111.56,0.11156043933229777,0xb6a8c5331b234818bdfd542e7974372d2dd293f2,2017-10-07T20:56:22.000Z,0.0010000039380808335,0xf01a8001bb63886e8806642c8e3cfc587f534cfe,buy,0x7d5edcd23daa3fb94317d32ae253ee1af08ba14d,0xdb242adc4de82d8977c8f745a91a8d0bbd62d4b911c4a00e71327e0346c59db4
376,3000,3,0x97bc2d837884147db3d1574d84d14385e1f5c7d9,2017-10-07T20:53:43.000Z,0.001,0xe91cf360e671c19b661d464e9781080a73f0d7d4,buy,0x7d5edcd23daa3fb94317d32ae253ee1af08ba14d,0x42f4cdbee2d66009591086cdf535002318fb62e5c1c548664a12103a5b082b0e
377,0.44,0.000449959326089123,0x1692cf1396192961e5bc4fb2848d7234e1f4c864,2017-10-07T20:53:43.000Z,0.0010226348320207341,0xf01a8001bb63886e8806642c8e3cfc587f534cfe,buy,0x7d5edcd23daa3fb94317d32ae253ee1af08ba14d,0x4318039abedd528b8e9732a084ea822b49879a787388ca03243019f9c42d7417
378,1000,1,0xdc6a2618764c3eb01203f221e879ecd181a70f6a,2017-10-07T20:52:49.000Z,0.001,0xf01a8001bb63886e8806642c8e3cfc587f534cfe,buy,0x7d5edcd23daa3fb94317d32ae253ee1af08ba14d,0x7e8533f4a5f1750da146df539c0c97ab7ee5694c7e3fe772137233dd07f9e120
379,2000,2,0xdc6a2618764c3eb01203f221e879ecd181a70f6a,2017-10-07T20:52:23.000Z,0.001,0x9550dad902ca7b47c5d2c0f9221f7eb7964e1941,buy,0x7d5edcd23daa3fb94317d32ae253ee1af08ba14d,0x80805db6ebb2f1f906eab6153a9552f1bbaef120da535f3dd03eaa7e74220715
380,490,0.4459,0x200ee871ac537fb485cc074f02385a9ee8f4f112,2017-10-07T20:51:49.000Z,0.00091,0x9550dad902ca7b47c5d2c0f9221f7eb7964e1941,sell,0x7d5edcd23daa3fb94317d32ae253ee1af08ba14d,0x32f16bf2fa60f13e203f09a665953cda9e9d9e17003f78f717f0ef447b67f151
381,542.98,0.5429896013416131,0x263c5bb6519d9c712e7178d12e95fe7e27e870ad,2017-10-07T20:45:48.000Z,0.0010000176826800492,0xf01a8001bb63886e8806642c8e3cfc587f534cfe,buy,0x7d5edcd23daa3fb94317d32ae253ee1af08ba14d,0xb2942270de9c64daaff59be8e8bced9540c42ac3555d78f018049b399d173a2b
382,20,0.02,0xccb9be2484993461f8011a0fd0b42def8561fd90,2017-10-07T20:38:16.000Z,0.001,0x7acc335f56bdd0d60282d9274d10ea5952000ec2,sell,0x7d5edcd23daa3fb94317d32ae253ee1af08ba14d,0x819f010a45f0b66cf7e8921ae894e75dec0996f260147b305261c68a3ed204ec
383,120,0.1199988,0xb6a8c5331b234818bdfd542e7974372d2dd293f2,2017-10-07T20:36:32.000Z,0.00099999,0x8209360426599e12d1e760dca7ead3d5032e4b9e,buy,0x7d5edcd23daa3fb94317d32ae253ee1af08ba14d,0x2b5826c514e970ebebae87e2414a3f772e0aeb2d2c67ad26c13d4afc27020b8f
384,345,0.345,0x049fc5d32c5eb442bbae624cbb9b15e769d00cbd,2017-10-07T20:30:35.000Z,0.001,0xf01a8001bb63886e8806642c8e3cfc587f534cfe,buy,0x7d5edcd23daa3fb94317d32ae253ee1af08ba14d,0x2f844a05e886654e3f0b3acb08720a120ea850b10aa8dcb70a4e870188cd1577
385,0.03,0.0000246,0x8a98535e7fb63e74f48ff9432b9d0af00a30cec2,2017-10-07T20:20:51.000Z,0.00082,0xc52a85d19b121576e79e2345725c199c68f7b8bc,sell,0x7d5edcd23daa3fb94317d32ae253ee1af08ba14d,0x204956bc0a740c8520d2b74f548d1d676402c541090582a3a7e564fe41f9714c
386,284.46,0.3129099892414688,0x9cd36f61b1240eaab57c480799cffdd87b727fad,2017-10-07T20:14:19.000Z,0.0011000140239101062,0xf01a8001bb63886e8806642c8e3cfc587f534cfe,buy,0x7d5edcd23daa3fb94317d32ae253ee1af08ba14d,0x48f0537e7312020a5c76a0c2e30c83ca3e16ee4f46f8b041501556f677608013
387,250.72,0.2757990567241551,0x36a507c386b0006c123b5f7cc8a66ad9a45110f5,2017-10-07T20:08:17.000Z,0.001100028145836611,0xf01a8001bb63886e8806642c8e3cfc587f534cfe,buy,0x7d5edcd23daa3fb94317d32ae253ee1af08ba14d,0x5915a6d244a9a4452b27bd07c11b1e1c0636aeb222dbd476b513185913e97826
388,2000,1.84,0xee02095f350042bfe8a981a82246516653bc4858,2017-10-07T20:00:42.000Z,0.00092,0x8b4de5d4784be07c1b0f6be4cb2b43b71f5bd146,buy,0x7d5edcd23daa3fb94317d32ae253ee1af08ba14d,0xdd089c2bdb6bf90a12e0a8e2a1f2e5ff2bff152b97d19f3bdc8f346b8ee88cfb
389,2567,2.41298,0xee02095f350042bfe8a981a82246516653bc4858,2017-10-07T19:58:54.000Z,0.00094,0xb742b2e0489bfcb82e70d8a462434be7a93937d1,buy,0x7d5edcd23daa3fb94317d32ae253ee1af08ba14d,0xd04d331c9af971f8957efa0a0529a7c06e69ac5738149dd88cd8560b067321f2
390,4000,4,0x08c2066a918685dd031300b14784065e54efdfd5,2017-10-07T19:44:51.000Z,0.001,0x08fb0ce808e6e49ef6a34489599acf7cbb55f887,buy,0x7d5edcd23daa3fb94317d32ae253ee1af08ba14d,0x0b96a20a954ad87d9c3b1eecb9b7cbdc2f3726a587c1e18248dc94b0bc9ea45a
