,amount,amountBase,buyer,date,price,seller,side,tokenAddr,txHash
0,436.65295184,0.01135297674784,0xcbb13315d603cb0a311fd252e7ab0bfba96dfb22,2017-11-02T15:30:07.000Z,0.000026,0xc8f0f7ee5ab3ef98804438550111bc2c115c96dc,sell,0x859a9c0b44cb7066d956a958b0b82e54c9e44b4b,0xa61f1eb0cc29bbb8f2387975112e9e51c9454da08cbd9f92908579bd2016238c
1,1892.33376532,0.04920067789832,0xcbb13315d603cb0a311fd252e7ab0bfba96dfb22,2017-11-02T15:11:06.000Z,0.000026,0xb9be8af3e2fd3b30c8361a27154a925dee072370,sell,0x859a9c0b44cb7066d956a958b0b82e54c9e44b4b,0xe6d29a4cedea9f168b05f2728821f7136ce48ee0316646f200ca8b491531dfc7
2,61.808,0.001607069808,0xd13711d8b1e219f85292dbc8adbdbbdfa92158cd,2017-11-02T15:02:41.000Z,0.000026001,0xc8f0f7ee5ab3ef98804438550111bc2c115c96dc,sell,0x859a9c0b44cb7066d956a958b0b82e54c9e44b4b,0x68fc2e255f9758fcc1b9576334143cb84e08d9f1f8f2136f3a16a1cfe8321b62
3,100,0.003,0xcd46f0b64e76335597d7ff5bf35d17cf493abed3,2017-11-02T12:43:04.000Z,0.00003,0xb9be8af3e2fd3b30c8361a27154a925dee072370,sell,0x859a9c0b44cb7066d956a958b0b82e54c9e44b4b,0x1a2c1c50fc8a3a3b6fc9cbd21b30ae2018178a0f909f0a884d20e88906e41317
4,500,0.0145,0x1122f24e4e5d9bc24c2ae6fa30c8be166f785a9d,2017-11-02T12:41:14.000Z,0.000029,0xb9be8af3e2fd3b30c8361a27154a925dee072370,sell,0x859a9c0b44cb7066d956a958b0b82e54c9e44b4b,0xefbefa62a92ac75e6fe5e938d14b5b8b14b68a57a4baf188032c07808bc60f5c
5,17445.91765526,0.45361130495441526,0xd13711d8b1e219f85292dbc8adbdbbdfa92158cd,2017-11-02T12:15:26.000Z,0.000026001,0x38cde1ef8b525264ac033d40ca97343eccdf3a70,sell,0x859a9c0b44cb7066d956a958b0b82e54c9e44b4b,0x59aefbd2d68052677c4b205d6679ec3efb631b8f2641efae894e459f83ae38bb
6,14.70588235,0.0005,0x4fda9e6bcd83af6c5cc771b5d20accc2b7720074,2017-11-02T11:58:56.000Z,0.0000340000000068,0x1af557caad9980a0a9b0140f86dc9dd6dfe20d1d,buy,0x859a9c0b44cb7066d956a958b0b82e54c9e44b4b,0xbcc21990c52205375cc04f2cecc6709a57b136ccce0ae3e78d44a312e54cc673
7,2492.27395075,0.06480161499345075,0xd13711d8b1e219f85292dbc8adbdbbdfa92158cd,2017-11-02T11:48:39.000Z,0.000026001,0x3ea19c19e3d98af9de024a2a52fb50bcdf2f93ef,sell,0x859a9c0b44cb7066d956a958b0b82e54c9e44b4b,0x74cecb4d0247715ddde0b5fdc9c14e201faad773b5e632ae02fbe4f61e38338d
8,14.28571428,0.0005,0x3075f7f189912f4f425dd7021b9c396434197477,2017-11-02T11:44:01.000Z,0.000035000000014,0x9b85ee94c25294d5e2bf9c9b9b5fa5b58602fad3,buy,0x859a9c0b44cb7066d956a958b0b82e54c9e44b4b,0x8c5ca132b8c9f4a173a463dbada7d055c4dd69af511c3ad950dd0cb3557f8cee
9,367.878,0.011772096,0xf7bb972d75b45783d579c0d5c202d6111858cb3b,2017-11-02T11:15:17.000Z,0.000032,0x564109f0557b21c23681a29bee0d58f2afa4b624,sell,0x859a9c0b44cb7066d956a958b0b82e54c9e44b4b,0xec9c53fe5471fb5eb296c21418d269a10740ec2d5cfb1a411484622b16a77109
10,1800,0.0585,0x1ed0aff6ad547c7a46690170f23107617399fced,2017-11-02T11:15:17.000Z,0.0000325,0x564109f0557b21c23681a29bee0d58f2afa4b624,sell,0x859a9c0b44cb7066d956a958b0b82e54c9e44b4b,0xe087a03a3abc1706eb73e400ab9eef4758cf26250c528437158237b873780782
11,4757.705,0.14274066541,0xd4b8720675d9c676d492f3a11ab745b0e037fdce,2017-11-02T11:15:14.000Z,0.000030002,0x564109f0557b21c23681a29bee0d58f2afa4b624,sell,0x859a9c0b44cb7066d956a958b0b82e54c9e44b4b,0xc1bb25144c7ad3f9d80505c9cdfa6e44f2bc4e11c164ebfb312f1df2120cf8ca
12,64948.414,1.94845242,0xb46a5dc739e82fbc05fde6951610c0d1bd21e2e1,2017-11-02T11:15:01.000Z,0.00003,0x564109f0557b21c23681a29bee0d58f2afa4b624,sell,0x859a9c0b44cb7066d956a958b0b82e54c9e44b4b,0x5e3ef0d03d74b155f5540212083c4cfe96758ac2506e7d990993b29792358805
13,800,0.0312,0xf7bb972d75b45783d579c0d5c202d6111858cb3b,2017-11-02T10:58:13.000Z,0.000039,0x1ed0aff6ad547c7a46690170f23107617399fced,buy,0x859a9c0b44cb7066d956a958b0b82e54c9e44b4b,0xb6c8b501d6e71af125f356981a9326e3d0e301b8d642fb1cbb7c0e78effe9745
14,4826.974,0.1921135652,0x11a7a5eda6f2e60e21745aab1b50b02c98f2e484,2017-11-02T09:44:47.000Z,0.0000398,0x3d1749fb48be9f80617d01ff291a2859c6c6afff,buy,0x859a9c0b44cb7066d956a958b0b82e54c9e44b4b,0x84acb8b1add3c6577fa57a30b01b0488b484dd7cfc40d2821b49bba8ef217df1
15,2492.27395075,0.0747732030704015,0xd4b8720675d9c676d492f3a11ab745b0e037fdce,2017-11-02T09:37:30.000Z,0.000030002,0x8b442c5b6907c69078c442ac25b64818e683af0b,sell,0x859a9c0b44cb7066d956a958b0b82e54c9e44b4b,0x370e78ad549aa95c528efa67193be1753baa44d3b92465de4b6f7c32a09d9bff
16,0.00002477,0.00000000074314954,0xd4b8720675d9c676d492f3a11ab745b0e037fdce,2017-11-02T08:55:18.000Z,0.000030002,0x68bc4897e6533f28e6acca36df0cf16e1d963de7,sell,0x859a9c0b44cb7066d956a958b0b82e54c9e44b4b,0xc9d3aa51664474a441c0877abcce9c1f1706e5411c4ecee66eea1498c0effe6e
17,0.24845718,0.00000745421231436,0xd4b8720675d9c676d492f3a11ab745b0e037fdce,2017-11-02T08:54:43.000Z,0.000030002,0x68bc4897e6533f28e6acca36df0cf16e1d963de7,sell,0x859a9c0b44cb7066d956a958b0b82e54c9e44b4b,0x9b36f91b3745ed676cbe14169bbc2d0825205e750817de2de5ac981b79614f01
18,9411.673,0.37646692,0x3d1749fb48be9f80617d01ff291a2859c6c6afff,2017-11-02T07:34:52.000Z,0.00004,0x11a7a5eda6f2e60e21745aab1b50b02c98f2e484,buy,0x859a9c0b44cb7066d956a958b0b82e54c9e44b4b,0xa0ddcbd710e579031309cf0b155cdc3e7233f1665e149edb6d049904a647af9f
19,4999.9,0.199446011,0x6e9c1d3859dd8e27fca04675554b54e58938d5bc,2017-11-02T06:53:45.000Z,0.00003989,0xcd21af2e4385d7bf46fe94f48ac88fbe181b5931,buy,0x859a9c0b44cb7066d956a958b0b82e54c9e44b4b,0x27179470ceb2ccce415340936167f13f0b72ee78193020999ffceca477fc19ab
20,11769.283,0.47065362717,0x11a7a5eda6f2e60e21745aab1b50b02c98f2e484,2017-11-02T06:33:39.000Z,0.00003999,0x3d1749fb48be9f80617d01ff291a2859c6c6afff,buy,0x859a9c0b44cb7066d956a958b0b82e54c9e44b4b,0xdbc9eb6edfbcc91a54864f1c6a99ab811db4deaceedf869392949db85711c4af
21,1150,0.045655,0x6e9c1d3859dd8e27fca04675554b54e58938d5bc,2017-11-02T06:31:04.000Z,0.0000397,0xebc8d1c22fa86eca91707ee5332366c1a0b1b935,buy,0x859a9c0b44cb7066d956a958b0b82e54c9e44b4b,0x3d07c5a1a24d89a21e75fd1a2fb55d351aa99df2b1efb99c7ed1c33d5a8047a9
22,28649.387,1.174624867,0x3d1749fb48be9f80617d01ff291a2859c6c6afff,2017-11-02T06:30:07.000Z,0.000041,0x11a7a5eda6f2e60e21745aab1b50b02c98f2e484,buy,0x859a9c0b44cb7066d956a958b0b82e54c9e44b4b,0xd277f40a4d2d9c1aed4ea546445ced4621587a7a83b458df0ff6726dd265b36a
23,17822.194,0.71288776,0x3d1749fb48be9f80617d01ff291a2859c6c6afff,2017-11-02T06:28:46.000Z,0.00004,0x11a7a5eda6f2e60e21745aab1b50b02c98f2e484,buy,0x859a9c0b44cb7066d956a958b0b82e54c9e44b4b,0x5c473a9f01337b46aec489088642567a2f16a10e0bf437d0e5e3e765ac91cf25
24,10000,0.39,0x3d1749fb48be9f80617d01ff291a2859c6c6afff,2017-11-02T06:28:46.000Z,0.000039,0x11a7a5eda6f2e60e21745aab1b50b02c98f2e484,buy,0x859a9c0b44cb7066d956a958b0b82e54c9e44b4b,0xb4c53f452025287a3f2a041e34cc2cea6a533879b7e85f38a1a6c05d65b1286c
25,15000,0.5925,0x11a7a5eda6f2e60e21745aab1b50b02c98f2e484,2017-11-02T06:06:54.000Z,0.0000395,0x3d1749fb48be9f80617d01ff291a2859c6c6afff,buy,0x859a9c0b44cb7066d956a958b0b82e54c9e44b4b,0xd1fe8744235f32295dbd9e66debe374ac4fca016628743991d7a7cad06577845
26,503.603,0.0198923185,0x11a7a5eda6f2e60e21745aab1b50b02c98f2e484,2017-11-02T06:05:36.000Z,0.0000395,0x3d1749fb48be9f80617d01ff291a2859c6c6afff,buy,0x859a9c0b44cb7066d956a958b0b82e54c9e44b4b,0xc974ce64c8d3e1479417c074e7c8c72a40aece9dd6f6a9d0f9f729d8df6f1f3b
27,16821.47,0.662765918,0x3d1749fb48be9f80617d01ff291a2859c6c6afff,2017-11-02T06:05:06.000Z,0.0000394,0x11a7a5eda6f2e60e21745aab1b50b02c98f2e484,buy,0x859a9c0b44cb7066d956a958b0b82e54c9e44b4b,0x7b1502440a3854f2809915119862dc794425314e48c2599f4989e584c117b9a1
28,49845.86996446,1.9689118635964908,0x11a7a5eda6f2e60e21745aab1b50b02c98f2e484,2017-11-02T06:02:05.000Z,0.00003950000000000643,0x3d1749fb48be9f80617d01ff291a2859c6c6afff,buy,0x859a9c0b44cb7066d956a958b0b82e54c9e44b4b,0x6f559a09b10caeb15a1d8d7ecbcb160d294d4b46144025d3cea15acb0983730a
29,494,0.019266,0x11a7a5eda6f2e60e21745aab1b50b02c98f2e484,2017-11-02T06:01:26.000Z,0.000039,0xef3df422bfb6e3e91b15beb252255c8879e27dd2,buy,0x859a9c0b44cb7066d956a958b0b82e54c9e44b4b,0xab0bf8a1d3219f97d1c38f8d7dcca048d1b30ca3c1e6484ff982f79996a009d5
30,21426.521,0.835634319,0x11a7a5eda6f2e60e21745aab1b50b02c98f2e484,2017-11-02T06:01:00.000Z,0.000039,0x3d1749fb48be9f80617d01ff291a2859c6c6afff,buy,0x859a9c0b44cb7066d956a958b0b82e54c9e44b4b,0xa6fbec2f66df76c5a725ef4c979ae336ff6604399d69e417a2de71b2bf38fa54
31,1091.8,0.0327561836,0xd4b8720675d9c676d492f3a11ab745b0e037fdce,2017-11-02T06:00:12.000Z,0.000030002,0xdc31a9e26b48d911c2529e62ebb4866803d75c4d,sell,0x859a9c0b44cb7066d956a958b0b82e54c9e44b4b,0xdd2f521315617611edb5d43ee718804c45a9d00268d6b7f82983f244a7c4d1a0
32,1400,0.042014,0xad9eadfba866e09b7a8deb5bb55f9bfa1be4dd7b,2017-11-02T05:58:08.000Z,0.00003001,0xdc31a9e26b48d911c2529e62ebb4866803d75c4d,sell,0x859a9c0b44cb7066d956a958b0b82e54c9e44b4b,0xdd706e4d2b6ce17a5cc7675bb7f02699b1a181d22cb333052e252128b53e9e1d
33,2492.27395075,0.0747732030704015,0xd4b8720675d9c676d492f3a11ab745b0e037fdce,2017-11-02T04:23:00.000Z,0.000030002,0xb2cd14e218bf2fb9e370d75a1c11aab8d72b2e85,sell,0x859a9c0b44cb7066d956a958b0b82e54c9e44b4b,0xfae287f52e3bce6bf9b804b846371477c6e11f2bb7a7a5cd7296a871af34a26c
34,2.78162172,0.00008345421484344,0xd4b8720675d9c676d492f3a11ab745b0e037fdce,2017-11-02T03:04:38.000Z,0.000030002,0xd1912a22e42a19a2a6a78f933e84a3ede96126b9,sell,0x859a9c0b44cb7066d956a958b0b82e54c9e44b4b,0x342fc009c588c29b2456038e64fa2f883c986bff1bb760e4d50d05aaee6172fc
35,27902.44736978,0.8370734210934,0xb46a5dc739e82fbc05fde6951610c0d1bd21e2e1,2017-11-02T02:56:42.000Z,0.00003,0xd1912a22e42a19a2a6a78f933e84a3ede96126b9,sell,0x859a9c0b44cb7066d956a958b0b82e54c9e44b4b,0x672c66b7b3cce0aa9878b84badab1e9c786be7a2de581d3889dbce3097ab7f9d
36,44818.2367162,1.3445919197227163,0xe80eefd9eb693fdb70b3c1311eb438eedf94921b,2017-11-02T02:41:02.000Z,0.000030001,0xd1912a22e42a19a2a6a78f933e84a3ede96126b9,sell,0x859a9c0b44cb7066d956a958b0b82e54c9e44b4b,0xfd65c3338f6a938535bd9e796c141765029fa6452deeabdbf292056752a5cf2f
37,7476.82185225,0.2243196092112045,0xd4b8720675d9c676d492f3a11ab745b0e037fdce,2017-11-02T01:48:05.000Z,0.000030002,0x6c214db0a4d172443539bfb8b02e23f467303f95,sell,0x859a9c0b44cb7066d956a958b0b82e54c9e44b4b,0x5b85c639c9439f36630aa4c9203a95bb3ea7afc59224fc27ae1a1b31e9ec035f
38,2500,0.0750125,0xbd6876511ea1a216c0f349c410682ff1b3de0d26,2017-11-02T00:32:20.000Z,0.000030005,0x3b985dcb066a8e69eb25c2e1ade62579266f6717,sell,0x859a9c0b44cb7066d956a958b0b82e54c9e44b4b,0x8e109328a00990ef46e6f40f9f07073da98fec405290e8332cbf16d96dbebcbd
39,2492.49999999,0.07477749249969999,0xe80eefd9eb693fdb70b3c1311eb438eedf94921b,2017-11-01T23:01:53.000Z,0.000030001,0xf44072eda87ede9613b6ae1b812de8a60ade27a2,sell,0x859a9c0b44cb7066d956a958b0b82e54c9e44b4b,0xcb85d11671a2721110b7c44294aa2f46052811b41fcfd46b3c7fa742bb036e69
40,2499.99999999,0.06808510638270639,0xf44072eda87ede9613b6ae1b812de8a60ade27a2,2017-11-01T23:01:53.000Z,0.00002723404255319149,0x908f1988b5a85cdaee7b229db6cf5f56869b0803,buy,0x859a9c0b44cb7066d956a958b0b82e54c9e44b4b,0xcb85d11671a2721110b7c44294aa2f46052811b41fcfd46b3c7fa742bb036e69
41,196.98933306,0.00590987698113306,0xe80eefd9eb693fdb70b3c1311eb438eedf94921b,2017-11-01T22:58:32.000Z,0.000030001,0xd550905ec6362fd4ddcfb65fac68038bb0f5e089,sell,0x859a9c0b44cb7066d956a958b0b82e54c9e44b4b,0xe4c6a9e87a1c8f76830e916d62f15716a3e4272fecbe2aede66c56a60ffe8e04
42,800,0.024008,0x1ed0aff6ad547c7a46690170f23107617399fced,2017-11-01T22:52:35.000Z,0.00003001,0xd550905ec6362fd4ddcfb65fac68038bb0f5e089,sell,0x859a9c0b44cb7066d956a958b0b82e54c9e44b4b,0xac2dc23f807534d50e60619228a78810d54678ee5ae789c58d5d877576793ca7
43,2492.27395075,0.07477071079645076,0xe80eefd9eb693fdb70b3c1311eb438eedf94921b,2017-11-01T20:27:27.000Z,0.000030001,0xc03f8225dc677a8a118d48e97f0601c4fcdf74e1,sell,0x859a9c0b44cb7066d956a958b0b82e54c9e44b4b,0x8dc93fd79589ed40f58082973cd8e6eeeb66fa11384727046de48c8574705ff7
44,100,0.004,0x11a7a5eda6f2e60e21745aab1b50b02c98f2e484,2017-11-01T20:18:52.000Z,0.00004,0x0ffffa6ce80eee2139e8b4c76a5a210dff49a48c,buy,0x859a9c0b44cb7066d956a958b0b82e54c9e44b4b,0x17d967749f5fce1658b8a144f38aa76f1b3ce2cf6b6dd1dbfbbac1860f74c865
45,8462.733,0.33850932,0x11a7a5eda6f2e60e21745aab1b50b02c98f2e484,2017-11-01T20:18:36.000Z,0.00004,0x3d1749fb48be9f80617d01ff291a2859c6c6afff,buy,0x859a9c0b44cb7066d956a958b0b82e54c9e44b4b,0x179283aa4e9bad3bd7da2575e79069219fd2933408d2fd3d1a5340bc351faf24
46,0.29992124,0.0000089976372,0xb46a5dc739e82fbc05fde6951610c0d1bd21e2e1,2017-11-01T18:47:25.000Z,0.00003,0x9b89d2707cba6dd93fd3177cc2dca60654b27822,sell,0x859a9c0b44cb7066d956a958b0b82e54c9e44b4b,0xf8711d4b2f498d22ea46854149fda8aeea6b6e5d81d69784ffe7219f6e052fc0
47,1659.8544512,0.049795633536,0xb46a5dc739e82fbc05fde6951610c0d1bd21e2e1,2017-11-01T18:14:54.000Z,0.00003,0x719f7a13cad057310bb8356ab2581041951c0e6f,sell,0x859a9c0b44cb7066d956a958b0b82e54c9e44b4b,0xae08e796fcb77799bfb4850ed17ad22a39f7b000523b1780e4f25d61766c2db3
48,77.90188956,0.0031160755824,0xae3f3d596529501d6ed78d56fcdf3a77aaa3f445,2017-11-01T17:18:25.000Z,0.00004,0x476e4024213b07d0e37dcfdc196d4b33ff67e39e,sell,0x859a9c0b44cb7066d956a958b0b82e54c9e44b4b,0xdaa67de2595f1de91e3ee58a5ae364b5f621ba4ab8fb89f4c5a72dfe5bbd736a
49,562.3021966,0.022492087864,0xae3f3d596529501d6ed78d56fcdf3a77aaa3f445,2017-11-01T17:05:30.000Z,0.00004,0x9364a39e67c8644a28fa8c5471a5ad8f91a616df,sell,0x859a9c0b44cb7066d956a958b0b82e54c9e44b4b,0x29d7f881764239587f27d51824b3738b2266c49271d78f441d3d4d795542f074
50,2492.52240793,0.0997008963172,0xae3f3d596529501d6ed78d56fcdf3a77aaa3f445,2017-11-01T16:51:20.000Z,0.00004,0xe6465ac907376074fbe4b900d0ab806dbf14dbde,sell,0x859a9c0b44cb7066d956a958b0b82e54c9e44b4b,0xf1e21c9f1604dc9b03e7d39e37575de6862421f17d5c6774a9648251400d3f8c
51,28073.484,1.26330678,0x11a7a5eda6f2e60e21745aab1b50b02c98f2e484,2017-11-01T16:39:40.000Z,0.000045,0x3d1749fb48be9f80617d01ff291a2859c6c6afff,buy,0x859a9c0b44cb7066d956a958b0b82e54c9e44b4b,0xdd21599a68a13a67d867392da349f698c61443cf1f97aee0a409cea1dd779587
52,52012.418,2.184521556,0x3d1749fb48be9f80617d01ff291a2859c6c6afff,2017-11-01T16:37:36.000Z,0.000042,0x11a7a5eda6f2e60e21745aab1b50b02c98f2e484,buy,0x859a9c0b44cb7066d956a958b0b82e54c9e44b4b,0x3319e351d64f66a690b327ceff5236ac581a326c967ff1d12f9fe299c2ed6dc5
53,30000,1.26,0x3d1749fb48be9f80617d01ff291a2859c6c6afff,2017-11-01T16:36:53.000Z,0.000042,0x11a7a5eda6f2e60e21745aab1b50b02c98f2e484,buy,0x859a9c0b44cb7066d956a958b0b82e54c9e44b4b,0x326a212638123247a8cd7900d8dc6bbe40f56a66410b0a7d5beb328b7bc163c2
54,15000,0.63,0x3d1749fb48be9f80617d01ff291a2859c6c6afff,2017-11-01T16:36:47.000Z,0.000042,0x11a7a5eda6f2e60e21745aab1b50b02c98f2e484,buy,0x859a9c0b44cb7066d956a958b0b82e54c9e44b4b,0x7f0bef70b3616707d6f2475a97837431e5661781c9fe6be23dcc17a829a9970a
55,2492.27395075,0.09969095803,0xae3f3d596529501d6ed78d56fcdf3a77aaa3f445,2017-11-01T16:35:26.000Z,0.00004,0x02d26c9e67ecb68fed11ec0ed8555328ec0f98b2,sell,0x859a9c0b44cb7066d956a958b0b82e54c9e44b4b,0xfff60b34fee5d6a66dbb06f81a104bad77c25f2ed830d1f8914fd96b72a8b55c
56,25000,1.125,0x11a7a5eda6f2e60e21745aab1b50b02c98f2e484,2017-11-01T16:30:04.000Z,0.000045,0x3d1749fb48be9f80617d01ff291a2859c6c6afff,buy,0x859a9c0b44cb7066d956a958b0b82e54c9e44b4b,0x47ca3529f234ce1391131ea65927ce4efe0297575fcd113e69fb29989e141e41
57,18469.433,0.8218897685,0x11a7a5eda6f2e60e21745aab1b50b02c98f2e484,2017-11-01T16:30:04.000Z,0.0000445,0x3d1749fb48be9f80617d01ff291a2859c6c6afff,buy,0x859a9c0b44cb7066d956a958b0b82e54c9e44b4b,0xb2750b7bc861d197c305e485422d4c77cde21895824f321253b38cbf28098d85
58,30000,1.3467,0x11a7a5eda6f2e60e21745aab1b50b02c98f2e484,2017-11-01T16:29:59.000Z,0.00004489,0x3d1749fb48be9f80617d01ff291a2859c6c6afff,buy,0x859a9c0b44cb7066d956a958b0b82e54c9e44b4b,0x860107ed0aaa749bfe199db0789da262af4da273a3442179d9962cde423086d8
59,6860,0.30487898,0x09d390532b2681c12e14550a2e77eefb96c699fd,2017-11-01T16:22:30.000Z,0.000044443,0x678a4e4257aa2a5b2698b2b1f3db5799311a8872,buy,0x859a9c0b44cb7066d956a958b0b82e54c9e44b4b,0xee7f815740528e074ff8c184f998488929f366efc127592e3a8c49155d7525e4
60,500,0.02,0xac5c1e82b614ca8c022577a857c9f6354911f900,2017-11-01T16:04:39.000Z,0.00004,0x37d8c9641b04821de706ebc37242bf81d107f9e0,buy,0x859a9c0b44cb7066d956a958b0b82e54c9e44b4b,0xb267ff2a3859e31b79e1036e0b8a31b2e624b4ba93bcd49b0aaeecd2042dce75
61,5488.98414913,0.1646695244739,0xb46a5dc739e82fbc05fde6951610c0d1bd21e2e1,2017-11-01T15:38:10.000Z,0.00003,0x2fc1d5f371a7455e66df5c959b7169b48cd2ec09,sell,0x859a9c0b44cb7066d956a958b0b82e54c9e44b4b,0xd97853f52998ea77fb24c6aaa02a2b2a4d6c7b2377264bc21cc92853b60ad3d2
62,18449,0.793307,0x09d390532b2681c12e14550a2e77eefb96c699fd,2017-11-01T15:24:48.000Z,0.000043,0x04db8b124889b1b6ead00b8b780abc86edfb5e33,buy,0x859a9c0b44cb7066d956a958b0b82e54c9e44b4b,0x55a7854e4a79ae897fe5bd34ceb561ac02cdf4f9d36d60835b2492b69ae09ca2
63,3112.826,0.136964340887174,0x09d390532b2681c12e14550a2e77eefb96c699fd,2017-11-01T15:00:45.000Z,0.000043999999,0x56e5b3910b4e89af25bffd144b762f5f7a00b22f,buy,0x859a9c0b44cb7066d956a958b0b82e54c9e44b4b,0xeb9a32d9f395e9f807fbfe4fe41dd0d57f95575b496a6ab114a29caa0e238f41
64,970,0.042195,0x09d390532b2681c12e14550a2e77eefb96c699fd,2017-11-01T14:48:22.000Z,0.0000435,0xac5c1e82b614ca8c022577a857c9f6354911f900,buy,0x859a9c0b44cb7066d956a958b0b82e54c9e44b4b,0x7b77b773f63be3a5339eb497821013fd328ba8d4df60ddc8ee5eea343bf1c819
65,1507.726,0.0735770288,0x09d390532b2681c12e14550a2e77eefb96c699fd,2017-11-01T14:39:59.000Z,0.0000488,0xcef58358e11dbd18866dc6b38f39f8bb989fdcc9,buy,0x859a9c0b44cb7066d956a958b0b82e54c9e44b4b,0x366b8513c6c7717294a83cec90fa137274872a19cd48325cc77df9023ceb567a
66,179.13460002,0.009870316461102,0x2815d75ee94c6f9099ea0d090eaf154d37ae5ffe,2017-11-01T13:59:52.000Z,0.0000551,0x273a5d3e6721b9f5c1a6474f560c1334c63dda01,sell,0x859a9c0b44cb7066d956a958b0b82e54c9e44b4b,0x088124e8106a174db520849600eda2d2c93e45f94c357cf6e5144803f1a42421
67,179.67362088,0.007905637522423792,0x273a5d3e6721b9f5c1a6474f560c1334c63dda01,2017-11-01T13:59:52.000Z,0.00004399999000244888,0x56e5b3910b4e89af25bffd144b762f5f7a00b22f,buy,0x859a9c0b44cb7066d956a958b0b82e54c9e44b4b,0x088124e8106a174db520849600eda2d2c93e45f94c357cf6e5144803f1a42421
68,220,0.0099,0x8747b8a010033060529d60909ab7a00b8d2a1dea,2017-11-01T13:59:16.000Z,0.000045,0x2815d75ee94c6f9099ea0d090eaf154d37ae5ffe,sell,0x859a9c0b44cb7066d956a958b0b82e54c9e44b4b,0xe4f3bb0dd9af69784e9333403b8905769a899a21a525979179ee60d8cf34e6e8
69,2499.99999998,0.08126249999967494,0xf44072eda87ede9613b6ae1b812de8a60ade27a2,2017-11-01T13:49:02.000Z,0.00003250500000013001,0xdaca74b362cad300c11d1de5afb5ff23cfda0373,buy,0x859a9c0b44cb7066d956a958b0b82e54c9e44b4b,0xfd2ace7abcd65fb9e666ea9f9c1db2bf71123a9e5eaea1c599e73f3a35964d74
70,2492.49999999,0.08474499999966,0x56e5b3910b4e89af25bffd144b762f5f7a00b22f,2017-11-01T13:49:02.000Z,0.000034,0xf44072eda87ede9613b6ae1b812de8a60ade27a2,sell,0x859a9c0b44cb7066d956a958b0b82e54c9e44b4b,0xfd2ace7abcd65fb9e666ea9f9c1db2bf71123a9e5eaea1c599e73f3a35964d74
71,1400,0.0622202,0xb6a8c5331b234818bdfd542e7974372d2dd293f2,2017-11-01T13:44:33.000Z,0.000044443,0x678a4e4257aa2a5b2698b2b1f3db5799311a8872,buy,0x859a9c0b44cb7066d956a958b0b82e54c9e44b4b,0x98b3d1bde1bb3e6e3a1aab13fed2b1271fa92651f45ffc32b6c2fef765ff978d
72,4000,0.130020444,0x93018adddc7ac587d1a1291970f315d53943afd4,2017-11-01T13:15:27.000Z,0.000032505111,0x5b90524b361e3c4a0a8939e618c90318f30c764c,sell,0x859a9c0b44cb7066d956a958b0b82e54c9e44b4b,0x05d8797c32195c5243ac7224873e357845b217a1d73284db3d5e94d9117fc162
73,8741.696,0.480784538304,0x737f63d619b2b3b56058cb207bc99aa99138a37f,2017-11-01T12:15:47.000Z,0.000054999,0x273a5d3e6721b9f5c1a6474f560c1334c63dda01,sell,0x859a9c0b44cb7066d956a958b0b82e54c9e44b4b,0x17abf76f32ea2a853ab2f9c8a8be8d51291edb4d032b9edea8b443898dd00a49
74,8768,0.420864,0x273a5d3e6721b9f5c1a6474f560c1334c63dda01,2017-11-01T12:15:47.000Z,0.000048,0x04db8b124889b1b6ead00b8b780abc86edfb5e33,buy,0x859a9c0b44cb7066d956a958b0b82e54c9e44b4b,0x17abf76f32ea2a853ab2f9c8a8be8d51291edb4d032b9edea8b443898dd00a49
75,10203.38766249,0.364260939550893,0xed2abea489c387086114dbcca1d20df85fe97787,2017-11-01T11:48:29.000Z,0.0000357,0x678a4e4257aa2a5b2698b2b1f3db5799311a8872,sell,0x859a9c0b44cb7066d956a958b0b82e54c9e44b4b,0xd1d30fc69a0f8578db709c1b8904c8a29fed978e10e47a799e998a11734c2c8d
76,2492.27395075,0.088974180041775,0xed2abea489c387086114dbcca1d20df85fe97787,2017-11-01T11:43:42.000Z,0.0000357,0x68bc4897e6533f28e6acca36df0cf16e1d963de7,sell,0x859a9c0b44cb7066d956a958b0b82e54c9e44b4b,0x181a1dc58da22362d4b843d9a42335a93e0bf8bbb27ae2538d87930a81f06ca5
77,204.33838676,0.007294880407332,0xed2abea489c387086114dbcca1d20df85fe97787,2017-11-01T11:04:17.000Z,0.0000357,0xaab9ace9eaf702131e2a1091f7d7568216aff40c,sell,0x859a9c0b44cb7066d956a958b0b82e54c9e44b4b,0xb68c6c1add33deb1e336de7e08daeb90d087ff26de7e1a8afaab68d9f9185f1a
78,194.44482976,0.00700001387136,0x9c8e174819ca8afeaa93593456b4dac97025b9f8,2017-11-01T11:00:43.000Z,0.000036,0xaab9ace9eaf702131e2a1091f7d7568216aff40c,sell,0x859a9c0b44cb7066d956a958b0b82e54c9e44b4b,0xc785e511ed03d4ecb4b722073a1418d8cc2927c8ce093976ac07d465dce0a228
79,4501.79743394,0.18457369479181387,0xa7078d684b2f492fbb2c81bd8278b20b83c649a6,2017-11-01T10:15:57.000Z,0.00004100000000006083,0x3a340bcdf60a642d9455a78de659a02408b3f923,buy,0x859a9c0b44cb7066d956a958b0b82e54c9e44b4b,0xd87f760b7d098ced0191efaf92184f6b00b4b23c57b40f8b26f4554db3cc2306
80,100.805,0.003931395,0xde7f40e40c094fb06b1791f3028ed1f045e84ceb,2017-11-01T10:12:28.000Z,0.000039,0x3a340bcdf60a642d9455a78de659a02408b3f923,sell,0x859a9c0b44cb7066d956a958b0b82e54c9e44b4b,0xa759994106e381cf1f9db4f3e5d7865c8b240d1f6d3fbf9c085422be02ed8f1d
81,40000,1.52,0x9c405f8bf3739df0d47d490fb05f645c966b9d76,2017-11-01T10:11:34.000Z,0.000038,0x3a340bcdf60a642d9455a78de659a02408b3f923,sell,0x859a9c0b44cb7066d956a958b0b82e54c9e44b4b,0xbb12cfc0fff20702c10ff15f17949ee50785745bcc462c7d901d11f89a1073aa
82,1118.97,0.0447588,0xae3f3d596529501d6ed78d56fcdf3a77aaa3f445,2017-11-01T09:55:23.000Z,0.00004,0x3a340bcdf60a642d9455a78de659a02408b3f923,sell,0x859a9c0b44cb7066d956a958b0b82e54c9e44b4b,0x741fceaa07d7984aa3556c72505c5c951d3397ea3a723f487a55ebdeecced7cf
83,2623.178,0.10492712,0x8293fdc6648dcd00b9194dfa0ab731b51e294f66,2017-11-01T09:54:22.000Z,0.00004,0x3a340bcdf60a642d9455a78de659a02408b3f923,sell,0x859a9c0b44cb7066d956a958b0b82e54c9e44b4b,0x32f143513accb6c10a3dea5f1f8390a0d04bfb96c36050707ebe1fd94eb94403
84,768.81758636,0.03152152104076,0x0ad3090b9480b9c4f5aef74a848a4b143e048a30,2017-11-01T09:53:28.000Z,0.000041,0x3a340bcdf60a642d9455a78de659a02408b3f923,sell,0x859a9c0b44cb7066d956a958b0b82e54c9e44b4b,0xc0bfd8e1ce1a7224920402fe9c65015548955ac05cb3cfd1bcb3e0df1c35608b
85,2500,0.1025,0xad9eadfba866e09b7a8deb5bb55f9bfa1be4dd7b,2017-11-01T09:52:48.000Z,0.000041,0xc3e28129d2e3b78f2fd902345fba3463fc2af72c,buy,0x859a9c0b44cb7066d956a958b0b82e54c9e44b4b,0x3442367ae9efcc09a287639c43aa668678e5d625979bda24a1724fe7c20de19d
86,3489.18353105,0.139567341242,0x8293fdc6648dcd00b9194dfa0ab731b51e294f66,2017-11-01T09:51:24.000Z,0.00004,0x38f5ecbd20276178d8cf7453aab347260c9cdea7,sell,0x859a9c0b44cb7066d956a958b0b82e54c9e44b4b,0xd1dd01be1bdf2e5e31d86b7c7ef9ec38d02d8972d27d9c2c75d8a03229a4ea2c
87,1495.36437045,0.059814574818,0x8293fdc6648dcd00b9194dfa0ab731b51e294f66,2017-11-01T09:34:26.000Z,0.00004,0x5cc2072740d99c150b6815eccc05c8b6bcd466b7,sell,0x859a9c0b44cb7066d956a958b0b82e54c9e44b4b,0x1c81bde0bb1f58dfee1db439bea2bd93a2fbaad00a6c00306d5c5a459f71a787
88,0.24845718,0.00001018674438,0x0ad3090b9480b9c4f5aef74a848a4b143e048a30,2017-11-01T09:28:17.000Z,0.000041,0xc2ce2da9cf4f8509d62bfe211e2cf44c9f86cb7b,sell,0x859a9c0b44cb7066d956a958b0b82e54c9e44b4b,0x3aaac290baaed1f195c7028612d49dca183cdc735ae0c10ca1d11a13a8f334d8
89,2492.27395075,0.09969095803,0x8293fdc6648dcd00b9194dfa0ab731b51e294f66,2017-11-01T09:26:07.000Z,0.00004,0xc2ce2da9cf4f8509d62bfe211e2cf44c9f86cb7b,sell,0x859a9c0b44cb7066d956a958b0b82e54c9e44b4b,0xf4181df82d3d30001eee79c09a91bb9f657f043455500b4ae761fd82b6a7aac6
90,2379.704,0.09757050547144,0x93018adddc7ac587d1a1291970f315d53943afd4,2017-11-01T09:24:17.000Z,0.00004100111,0x307e1218e7b34a16afa587e405c953299b25894e,sell,0x859a9c0b44cb7066d956a958b0b82e54c9e44b4b,0xbf13742646805e60ba4010e06be1918ed216ced97949a1c00a71beea3114cff9
91,12599.437,0.541775791,0x11a7a5eda6f2e60e21745aab1b50b02c98f2e484,2017-11-01T08:46:43.000Z,0.000043,0x3d1749fb48be9f80617d01ff291a2859c6c6afff,buy,0x859a9c0b44cb7066d956a958b0b82e54c9e44b4b,0x3c82304ac43cd9bd9265eadbcaef202dc67f2da67e5a52a1a49dde0989db7f63
92,20000,0.924,0x3d1749fb48be9f80617d01ff291a2859c6c6afff,2017-11-01T08:34:16.000Z,0.0000462,0x11a7a5eda6f2e60e21745aab1b50b02c98f2e484,buy,0x859a9c0b44cb7066d956a958b0b82e54c9e44b4b,0xf37b2d0eb817d6af39699c23b3c5a5538a329ec01108813afd36959564b2b949
93,20000,0.922,0x3d1749fb48be9f80617d01ff291a2859c6c6afff,2017-11-01T08:34:16.000Z,0.0000461,0x11a7a5eda6f2e60e21745aab1b50b02c98f2e484,buy,0x859a9c0b44cb7066d956a958b0b82e54c9e44b4b,0x4175f0fa47b5a715e926c7d2e48e7f29f213810b87c0bfb9535e85b26f82875c
94,20000,0.928,0x3d1749fb48be9f80617d01ff291a2859c6c6afff,2017-11-01T08:34:16.000Z,0.0000464,0x11a7a5eda6f2e60e21745aab1b50b02c98f2e484,buy,0x859a9c0b44cb7066d956a958b0b82e54c9e44b4b,0x74eec25a154e12beb4b4142f50e1d180824e03c2855ea99844442091d1fa9c17
95,20000,0.92,0x3d1749fb48be9f80617d01ff291a2859c6c6afff,2017-11-01T08:34:16.000Z,0.000046,0x11a7a5eda6f2e60e21745aab1b50b02c98f2e484,buy,0x859a9c0b44cb7066d956a958b0b82e54c9e44b4b,0x6aa84c8720283064f6d23700ca616e8342b51d17b02f88b69494209d91972171
96,8214.689,0.369661005,0x3d1749fb48be9f80617d01ff291a2859c6c6afff,2017-11-01T08:33:06.000Z,0.000045,0x11a7a5eda6f2e60e21745aab1b50b02c98f2e484,buy,0x859a9c0b44cb7066d956a958b0b82e54c9e44b4b,0xacbeeeaa18fbe737f50f20d748cc0dae3131f78de728fab5619da5bbaa8f7558
97,29.755,0.001219955,0x3d1749fb48be9f80617d01ff291a2859c6c6afff,2017-11-01T08:31:48.000Z,0.000041,0x9d09de556e5ce4c38170c5f6a9705af24a0668d5,buy,0x859a9c0b44cb7066d956a958b0b82e54c9e44b4b,0x18b9d0448e2c3f9104f7bd4c1b02156a4e7addef5e2573be0f973c535465cdc7
98,4507.726,0.184825781452,0xd4b8720675d9c676d492f3a11ab745b0e037fdce,2017-11-01T08:31:48.000Z,0.000041002,0x4a1ee0184f90b3673d76c12c89ff125449f4af63,sell,0x859a9c0b44cb7066d956a958b0b82e54c9e44b4b,0xfdde99ea73cf8e8012ecfd5ec19421ea5e24fb470c3484e18f683c2bba0dea34
99,2492.27395075,0.1021882165286515,0xd4b8720675d9c676d492f3a11ab745b0e037fdce,2017-11-01T08:23:21.000Z,0.000041002,0x9b6453f3bf29717911e0fb0c6c6c30c1cd9235a8,sell,0x859a9c0b44cb7066d956a958b0b82e54c9e44b4b,0x52413f5e588bbade29795cc13409ce095173df5c141e27dea16cd1445f19956d
100,2500,0.1,0xd4b8720675d9c676d492f3a11ab745b0e037fdce,2017-11-01T08:16:14.000Z,0.00004,0xe5e525cace85b11beaf12b38bcd7451ca5db1e79,buy,0x859a9c0b44cb7066d956a958b0b82e54c9e44b4b,0x6452e6eab6f0950a61f873189adfe105129258cdc9e3c8718768bca47c4e9516
101,2469.2454207,0.10494293038013701,0x9869f389b5fe3543bf60b21096c235d02d0686e1,2017-11-01T07:56:50.000Z,0.00004250000000015673,0x9d09de556e5ce4c38170c5f6a9705af24a0668d5,buy,0x859a9c0b44cb7066d956a958b0b82e54c9e44b4b,0xdfcad71b8bf97e6a918a97abf37b61050ac1037ecd75bbca98146b543d796b32
102,498.65355589,0.020445349296937036,0x93018adddc7ac587d1a1291970f315d53943afd4,2017-11-01T07:39:05.000Z,0.00004100110999999999,0x742097391f52639b70b68909d58c7a77e37ffd4f,sell,0x859a9c0b44cb7066d956a958b0b82e54c9e44b4b,0x719ad25acdc408f27f0c03ad3522ab0876c51432f0897b59515cadf2096ced55
103,2121.64203955,0.0869896786442139,0x93018adddc7ac587d1a1291970f315d53943afd4,2017-11-01T07:37:34.000Z,0.00004100110999999999,0x9bf2ff08b372261c0dfd13c766ba1ff57550d6a2,sell,0x859a9c0b44cb7066d956a958b0b82e54c9e44b4b,0xbd77e461d9644c042ab04d0ff6c9a5b7417c775b32d7e20a597435bea86d1656
104,370.66886353,0.015753426700025,0xbd8a2c8dd302f65af2184bb61314d97b682b4535,2017-11-01T07:36:22.000Z,0.0000425,0x9bf2ff08b372261c0dfd13c766ba1ff57550d6a2,sell,0x859a9c0b44cb7066d956a958b0b82e54c9e44b4b,0x9a10e8040fd037d092d5b579042f161ece174cafe2809cf918192440911f96dd
105,9367.51053924,0.38406793210884,0x0ad3090b9480b9c4f5aef74a848a4b143e048a30,2017-11-01T07:08:45.000Z,0.000041,0xceceaa548a1d18e3360379b4c1f94e0202299029,sell,0x859a9c0b44cb7066d956a958b0b82e54c9e44b4b,0x14698fd818b62c43c39da6c5edd0e5af2a1995261af02f2204792c65fa70f7f5
106,2007.42789442,0.084512714355082,0xdedc9accd43c8a82ad43b64687e58ed17eb40703,2017-11-01T07:07:23.000Z,0.0000421,0xceceaa548a1d18e3360379b4c1f94e0202299029,sell,0x859a9c0b44cb7066d956a958b0b82e54c9e44b4b,0x3e23e4ce8d4597b4056030c1c07a2c2a6c681965225e0fc93c495d29c652982c
107,0.00002973,0.00000000121893,0x0ad3090b9480b9c4f5aef74a848a4b143e048a30,2017-11-01T07:02:45.000Z,0.000041,0xceceaa548a1d18e3360379b4c1f94e0202299029,sell,0x859a9c0b44cb7066d956a958b0b82e54c9e44b4b,0xd9c5cbbf82cd278d3a08e3626aa3e2e2f1aec7b519f9fefcfc9d0458eed4ebba
108,0.29815483,0.000012552318343,0xdedc9accd43c8a82ad43b64687e58ed17eb40703,2017-11-01T07:01:01.000Z,0.0000421,0xceceaa548a1d18e3360379b4c1f94e0202299029,sell,0x859a9c0b44cb7066d956a958b0b82e54c9e44b4b,0x204c0dca6439b3b66b0765d9aaccfd664f8cd34bbdbd7edebb711826ab2e31c8
109,908.93,0.03908399,0x571d626b713e8d7fab3c515b88e7535fb44dca01,2017-11-01T06:53:18.000Z,0.000043,0x9364a39e67c8644a28fa8c5471a5ad8f91a616df,sell,0x859a9c0b44cb7066d956a958b0b82e54c9e44b4b,0xc27c911c49ceee6c89135c41c65198b5d6a9b297fa80e5c5c51173bb0206d2f5
110,16449.00807496,0.67440933107336,0x0ad3090b9480b9c4f5aef74a848a4b143e048a30,2017-11-01T06:51:22.000Z,0.000041,0xb33f9f5b25612c9dcdf1ab7d2b52e324bc4804a4,sell,0x859a9c0b44cb7066d956a958b0b82e54c9e44b4b,0xbd58c1ffb33220c987e40ca89f574e7d46f63d85291b2353fe28a10e98b94931
111,23414.41531253,0.95999102781373,0x0ad3090b9480b9c4f5aef74a848a4b143e048a30,2017-11-01T06:41:48.000Z,0.000041,0xfd0b11741b6d78ae3de71da61f20d8f48cd8dd42,sell,0x859a9c0b44cb7066d956a958b0b82e54c9e44b4b,0x2efc57e917bd37b7dfbf9e5763d292a20ebdf20079425eaa69f53307625e48c4
112,1021.23417407,0.043402452397975,0xae3f3d596529501d6ed78d56fcdf3a77aaa3f445,2017-11-01T06:21:08.000Z,0.0000425,0x9364a39e67c8644a28fa8c5471a5ad8f91a616df,sell,0x859a9c0b44cb7066d956a958b0b82e54c9e44b4b,0xa7dd729060a64faf070086d4bbfec9bdfe428f0f45903e24e8c6cd9dcc0b4dc1
113,2492.27395075,0.104924733326575,0xdedc9accd43c8a82ad43b64687e58ed17eb40703,2017-11-01T06:16:57.000Z,0.0000421,0xcaf9e3848c0404b21e3f42cc59f9aa86dee0822a,sell,0x859a9c0b44cb7066d956a958b0b82e54c9e44b4b,0x1d1981c216af5790ddb48220b5c178492f90ee55a1e6a7ffa79bc75a9d02740e
114,1994.21792443,0.084754261788275,0xae3f3d596529501d6ed78d56fcdf3a77aaa3f445,2017-11-01T06:02:48.000Z,0.0000425,0x3ba2112383b52d416eba58c4d2824df0b984bd9c,sell,0x859a9c0b44cb7066d956a958b0b82e54c9e44b4b,0x618c66ae1afdcf479db014ef68ddc58ca3d1bcb5ac2df240bd9517f16c257b49
115,2492.27395075,0.105921642906875,0xae3f3d596529501d6ed78d56fcdf3a77aaa3f445,2017-11-01T05:27:51.000Z,0.0000425,0xfe2bf579ef19a52709cfd1d43893584c4fb6a536,sell,0x859a9c0b44cb7066d956a958b0b82e54c9e44b4b,0xd1a6b9ee5cbf68e4acd846dc89314c6559988b0fe6f6bf80aba2574a68cfe3ed
116,2492.27395075,0.105921642906875,0xae3f3d596529501d6ed78d56fcdf3a77aaa3f445,2017-11-01T04:21:01.000Z,0.0000425,0x6e205d48983b422030b9e6c21872826d957baa57,sell,0x859a9c0b44cb7066d956a958b0b82e54c9e44b4b,0x9f6eda8f36fb568f9241adfd70b1a55e3533df36330f127849d9e7ead1aa636b
117,2129.33113647,0.090496573299975,0xbd8a2c8dd302f65af2184bb61314d97b682b4535,2017-11-01T02:04:15.000Z,0.0000425,0xd45cdf90eea2ad7b5423ba92045a999cfbde3678,sell,0x859a9c0b44cb7066d956a958b0b82e54c9e44b4b,0x71838d63bd95d2d1e2e2629e2bddfd985f207fe9956ac5efead2c6adb4017f6c
118,362.979,0.0200001429,0x2815d75ee94c6f9099ea0d090eaf154d37ae5ffe,2017-11-01T01:55:00.000Z,0.0000551,0xd45cdf90eea2ad7b5423ba92045a999cfbde3678,sell,0x859a9c0b44cb7066d956a958b0b82e54c9e44b4b,0x7c8d9429d982d1ff8a1176b6206b3d486893e35135b9425bd9cd0b4820762df0
119,2492.27395075,0.105921642906875,0xbd8a2c8dd302f65af2184bb61314d97b682b4535,2017-11-01T01:23:54.000Z,0.0000425,0x166e9e207b79872280a33b6d4bd1b1b591602006,sell,0x859a9c0b44cb7066d956a958b0b82e54c9e44b4b,0x0d88c0a3ca69a64a04af29f678dac73946d1934a32b2f2984d3b8d2fb4affdfe
120,26.2,0.0012314,0x93843c248a882d8c24db4e9786eb1c68f0a2ff02,2017-11-01T01:21:01.000Z,0.000047,0xde7f40e40c094fb06b1791f3028ed1f045e84ceb,buy,0x859a9c0b44cb7066d956a958b0b82e54c9e44b4b,0x5bd69fed9650bce5b75ca894c766be547106254d3052ade608ef06486d3fcf02
121,1504.706,0.06771177,0x1122f24e4e5d9bc24c2ae6fa30c8be166f785a9d,2017-11-01T00:32:16.000Z,0.000045,0x3a340bcdf60a642d9455a78de659a02408b3f923,sell,0x859a9c0b44cb7066d956a958b0b82e54c9e44b4b,0xb223d285ce8b6615f9d4d287fc2d76a9225edd10f32e931d0a4d413786091baf
122,21500,0.9374,0x2d1c9539fb112bfcfc12c88ba56d7bddc804ed73,2017-11-01T00:30:33.000Z,0.0000436,0x3a340bcdf60a642d9455a78de659a02408b3f923,sell,0x859a9c0b44cb7066d956a958b0b82e54c9e44b4b,0x7837ac06bd20f6e0c7ec58faab938475ea564d14ed9cc768fc6ec2a4ba794c8a
123,2009.20890927,0.091419005371785,0x8a424781254908e4bc40db921f969218eef3c81a,2017-11-01T00:18:01.000Z,0.0000455,0x04db8b124889b1b6ead00b8b780abc86edfb5e33,sell,0x859a9c0b44cb7066d956a958b0b82e54c9e44b4b,0xbe1c3699efe54573c20a7941d02c22cc7839eee242ed89e47898ae1cc6e40711
124,2492.27395075,0.11215232778375,0x1122f24e4e5d9bc24c2ae6fa30c8be166f785a9d,2017-10-31T23:55:13.000Z,0.000045,0xf189b859f0e8e683467efda2b48be8e80e7cdf7d,sell,0x859a9c0b44cb7066d956a958b0b82e54c9e44b4b,0xadbb19951d797a7fb751e7900aba626d8c0c5bfade4710b213ccf709da8912f1
125,1000,0.0455,0x2fc1d5f371a7455e66df5c959b7169b48cd2ec09,2017-10-31T23:39:55.000Z,0.0000455,0x6819d6f724d57dd3735b7f29546a7e7cd95ec4ca,buy,0x859a9c0b44cb7066d956a958b0b82e54c9e44b4b,0x2033efc1eb724185adb6996f715d54aa153bd524c16e16d2536539da6c5b763c
126,2990.79109073,0.136080994628215,0x8a424781254908e4bc40db921f969218eef3c81a,2017-10-31T23:01:35.000Z,0.0000455,0xceceaa548a1d18e3360379b4c1f94e0202299029,sell,0x859a9c0b44cb7066d956a958b0b82e54c9e44b4b,0xec99590a64e1660e438ee5965185a62d6ad759ddc65714ba2cacf37f9f1b6ead
127,19714.32977012,0.958116426827832,0xf0b956d60ac90d9124db022cfdfe83b203922876,2017-10-31T22:44:07.000Z,0.0000486,0x2d1c9539fb112bfcfc12c88ba56d7bddc804ed73,sell,0x859a9c0b44cb7066d956a958b0b82e54c9e44b4b,0x0fbabadcf6710850d0450f07141a025084df35aa3bd7b1843c256a22df15fad4
128,20000,0.91,0x8a424781254908e4bc40db921f969218eef3c81a,2017-10-31T22:22:59.000Z,0.0000455,0xce94b53893f7f88e8f9858c0d21944b9f9b0cf79,sell,0x859a9c0b44cb7066d956a958b0b82e54c9e44b4b,0x6e3a7199a9720b6977b92445fd90266bf8d6b646d6975d19f07b64a14f30fb5c
129,839.81184595,0.03779153306775,0x1122f24e4e5d9bc24c2ae6fa30c8be166f785a9d,2017-10-31T22:15:53.000Z,0.000045,0xf6081ac9c1bec3513d4545c17034b1353230f8b0,sell,0x859a9c0b44cb7066d956a958b0b82e54c9e44b4b,0x8531e59b25088c03411d99c91ce6b5bcf579403d220ae6b119cc4ad1967e314f
130,1652.62685675,0.0760208354105,0x8a424781254908e4bc40db921f969218eef3c81a,2017-10-31T22:14:00.000Z,0.000046,0xf6081ac9c1bec3513d4545c17034b1353230f8b0,sell,0x859a9c0b44cb7066d956a958b0b82e54c9e44b4b,0x1ec2d6b3ab9e81cb81e4f4e0daa906c7a9a728dea5b6999553847c8116173a47
131,2492.27395075,0.1146446017345,0x346eb8847ec84aae1463b80163a097ad3b24514d,2017-10-31T22:02:43.000Z,0.000046,0x760de42737a127d5f2d8dba00399db569fb60cd9,sell,0x859a9c0b44cb7066d956a958b0b82e54c9e44b4b,0xc4f3b198ed608bda2aff0be61fad4a7d4673bd6895da63808d873adb5db1746f
132,10000,0.51,0x11a7a5eda6f2e60e21745aab1b50b02c98f2e484,2017-10-31T22:00:01.000Z,0.000051,0x3d1749fb48be9f80617d01ff291a2859c6c6afff,buy,0x859a9c0b44cb7066d956a958b0b82e54c9e44b4b,0xca8de2023635444299553705471df66a777ea1975ca27cd16d97971b0926cde3
133,4486.09311135,0.2063602831221,0x346eb8847ec84aae1463b80163a097ad3b24514d,2017-10-31T21:59:53.000Z,0.000046,0x7eba78f19bc4477eafdc29f46f6975490e54531d,sell,0x859a9c0b44cb7066d956a958b0b82e54c9e44b4b,0x898827e8e776911396659355106301460b71ad65e98ec611671707ccd5eecac4
134,18423.769,0.92118845,0x11a7a5eda6f2e60e21745aab1b50b02c98f2e484,2017-10-31T21:59:35.000Z,0.00005,0x3d1749fb48be9f80617d01ff291a2859c6c6afff,buy,0x859a9c0b44cb7066d956a958b0b82e54c9e44b4b,0x67f18e570591a62c752de4e16153c5c0b7e295b9a3115761fb47078706dc343c
135,20000,0.96,0x12a1c9fea74640cabc259953ca01801b4387e7ec,2017-10-31T21:24:48.000Z,0.000048,0x1d7312ff53d93d0a9c0943c7c2eefa91377e4568,sell,0x859a9c0b44cb7066d956a958b0b82e54c9e44b4b,0xdaaf58b9223e9cab44f9205c35e877f49c07ec152973cab7883ed2f57cfea493
136,7210,0.349685,0x1b7af84067ed4b78c6a6681f65622ae3e9bec6f0,2017-10-31T21:24:43.000Z,0.0000485,0x1d7312ff53d93d0a9c0943c7c2eefa91377e4568,sell,0x859a9c0b44cb7066d956a958b0b82e54c9e44b4b,0x1a665125184d67789ffb29e07c494fce2603fe47c5a112ec1967fd1fb632f0d8
137,14162.9419429,0.687044313650079,0x0ad3090b9480b9c4f5aef74a848a4b143e048a30,2017-10-31T21:24:41.000Z,0.00004851,0x1d7312ff53d93d0a9c0943c7c2eefa91377e4568,sell,0x859a9c0b44cb7066d956a958b0b82e54c9e44b4b,0xc117216c3b224c36246ddd099995932ebab8dd369d4d6835ae4bffc00ddfcd0d
138,18000,0.882,0xb39077f818a336baedd15ad07a6218c3b81aafeb,2017-10-31T21:24:32.000Z,0.000049,0x1d7312ff53d93d0a9c0943c7c2eefa91377e4568,sell,0x859a9c0b44cb7066d956a958b0b82e54c9e44b4b,0x35d406d2db80d12cd0e599874d9d9cdc1dd3ec4eb30e602f4f078096f65dba7c
139,2485.36540492,0.1205650757926692,0x0ad3090b9480b9c4f5aef74a848a4b143e048a30,2017-10-31T20:51:15.000Z,0.00004851,0x523732949909c491079f7d7385d425157b27845a,sell,0x859a9c0b44cb7066d956a958b0b82e54c9e44b4b,0x322cce69af03b22106dbd5f5808afc60fb7b977e53ec7c7f3c11a3dc9367e5b6
140,2482.5,0.120426075,0x0ad3090b9480b9c4f5aef74a848a4b143e048a30,2017-10-31T20:22:26.000Z,0.00004851,0x59119c5796376c003569446bc3311603afdfc5b8,sell,0x859a9c0b44cb7066d956a958b0b82e54c9e44b4b,0xce23c37560a64792ed3cfb00fae4717b460f7cc54dc24860f442eca05748d821
141,1500,0.072765,0x0ad3090b9480b9c4f5aef74a848a4b143e048a30,2017-10-31T20:19:33.000Z,0.00004851,0xac5c1e82b614ca8c022577a857c9f6354911f900,sell,0x859a9c0b44cb7066d956a958b0b82e54c9e44b4b,0x5faa0046a081b97d50341f70bcaa4ed4686823f39092afd3ce87abb9e872f7f0
142,24.50306087,0.00118866798586457,0x243568717c5a81c50a89c77628d5b71000eba775,2017-10-31T20:15:56.000Z,0.000048511,0xac5c1e82b614ca8c022577a857c9f6354911f900,sell,0x859a9c0b44cb7066d956a958b0b82e54c9e44b4b,0x00fb00108b24b340f6e8f2a5f89310042c39c33c634f316d68bda18537ec7469
143,0.49693913,0.00002410701413543,0x243568717c5a81c50a89c77628d5b71000eba775,2017-10-31T20:06:22.000Z,0.000048511,0x0c16bc745fde16093d73b7544d5bf30a1341b796,sell,0x859a9c0b44cb7066d956a958b0b82e54c9e44b4b,0xdb9e6558e81b1231750c276a0c5795dbcf5a943565bc62f710a18d2d58cf644e
144,2492.27395075,0.1209002093508825,0x0ad3090b9480b9c4f5aef74a848a4b143e048a30,2017-10-31T19:37:45.000Z,0.00004851,0x47c9f80c4619763bc2297df2c3ca43c892cfbabf,sell,0x859a9c0b44cb7066d956a958b0b82e54c9e44b4b,0x11f7e6232e4d683bbc78bca35a5f4219c7ae355faacef4fc20351b87c447220e
145,235,0.012079,0xceceaa548a1d18e3360379b4c1f94e0202299029,2017-10-31T19:26:29.000Z,0.0000514,0x832fa73fc2af310656e5745c9f5f26497930e547,buy,0x859a9c0b44cb7066d956a958b0b82e54c9e44b4b,0x166892de9e038e06a1a20cdfb9ab8f76e8a753589e0e98b3844176199f16ec6c
146,2765,0.141015,0xceceaa548a1d18e3360379b4c1f94e0202299029,2017-10-31T19:25:50.000Z,0.000051,0x11223cdaaca042ec7f355a023056a6f5c6edc31c,buy,0x859a9c0b44cb7066d956a958b0b82e54c9e44b4b,0x74010ba35a99d9938a2416ea9518ef7eea4f5a2d58c58a494d0461ed7ca92150
147,3884.64475068,0.1884441168554868,0x0ad3090b9480b9c4f5aef74a848a4b143e048a30,2017-10-31T19:03:17.000Z,0.00004851,0xdd77f29674ffef7e37f96b9b09923909e6efefc0,sell,0x859a9c0b44cb7066d956a958b0b82e54c9e44b4b,0x8822a2d81f385f0fa1dff838890f61cf53e3707c2728df1a5c49f99e5158c740
148,2492.27395075,0.1209002093508825,0x0ad3090b9480b9c4f5aef74a848a4b143e048a30,2017-10-31T18:54:01.000Z,0.00004851,0x058352fca3a740fb822bc74e5f3d33ade894086b,sell,0x859a9c0b44cb7066d956a958b0b82e54c9e44b4b,0x04d2dc80205a362578beb7a4f5e7f522349f1dd095140ff39116bd360ab6b261
149,500,0.024255,0x0ad3090b9480b9c4f5aef74a848a4b143e048a30,2017-10-31T18:34:40.000Z,0.00004851,0x922105809b0c6868a3dff0e17a68fdd7b6486143,sell,0x859a9c0b44cb7066d956a958b0b82e54c9e44b4b,0x624a4508d0a274ba2bd9c2359e384831500c25177d2501b52bb2e6018884f6a2
150,42507.726,2.1253863,0xe80eefd9eb693fdb70b3c1311eb438eedf94921b,2017-10-31T18:29:48.000Z,0.00005,0xd1912a22e42a19a2a6a78f933e84a3ede96126b9,sell,0x859a9c0b44cb7066d956a958b0b82e54c9e44b4b,0x90795d846e24f6d5d694e668377a8aeed85caaae528bc92ff52fe6455c83ad08
151,504,0.025704,0xb39077f818a336baedd15ad07a6218c3b81aafeb,2017-10-31T18:28:02.000Z,0.000051,0xa4e3e1857f3a6ed3be090c3bdc6e62ebb9bf43e2,sell,0x859a9c0b44cb7066d956a958b0b82e54c9e44b4b,0xc2b11c7ca182011814dca7c248e834803fa99b79c07105042501d814e40381f1
152,2492.27395075,0.1246136975375,0xe80eefd9eb693fdb70b3c1311eb438eedf94921b,2017-10-31T18:23:12.000Z,0.00005,0x4a8fc60c79e304388912be40c8ec078fa21aa348,sell,0x859a9c0b44cb7066d956a958b0b82e54c9e44b4b,0xe9d156d01b576c1f4e4a2d5fe9d84a195831b8ea8b23f493cd12cf2e11e34ea6
153,1979,0.100929,0xb39077f818a336baedd15ad07a6218c3b81aafeb,2017-10-31T18:21:31.000Z,0.000051,0x4a1ee0184f90b3673d76c12c89ff125449f4af63,sell,0x859a9c0b44cb7066d956a958b0b82e54c9e44b4b,0x2dac3bf131aa1df1352df239ed87d294d443e52c83c5ad1d5bec847eb29234b8
154,2500,0.1275,0xb39077f818a336baedd15ad07a6218c3b81aafeb,2017-10-31T18:15:47.000Z,0.000051,0xdf1fd56ce34e7dafaf8276ece2ea7241af3c8181,buy,0x859a9c0b44cb7066d956a958b0b82e54c9e44b4b,0x1919e88e943f31a45476e3072decc9f62e38512c8e506d9a9f03b18dfa89fc7a
155,2500,0.128475,0xb39077f818a336baedd15ad07a6218c3b81aafeb,2017-10-31T18:08:24.000Z,0.00005139,0xa109f942950dafa765507db55df70fbd7b4054bc,buy,0x859a9c0b44cb7066d956a958b0b82e54c9e44b4b,0x8f8605e39e186e9ad5a5cf837dff037faa62c66f201cafd63800bc8c6e97ec3a
156,2500,0.1275,0xb39077f818a336baedd15ad07a6218c3b81aafeb,2017-10-31T18:07:35.000Z,0.000051,0xdd20390d666835135e4eea455fe343c2636fcc7f,buy,0x859a9c0b44cb7066d956a958b0b82e54c9e44b4b,0x8db575dc9465dbe14b7be4c7c4d62b58a776f410fbf93582e406a44adbb2f4fc
157,2492.27395075,0.12092513209039,0xd6d02fc9707c1c615e0ed010fe0f4d9a2fe1c966,2017-10-31T18:04:08.000Z,0.00004852,0x92f012808e3ac2161e8e863e4e55201044e64e85,sell,0x859a9c0b44cb7066d956a958b0b82e54c9e44b4b,0x48d860a907c00c141455df04e117fad38067ef35308684a9152da177e38a68a0
158,5000,0.25,0xb39077f818a336baedd15ad07a6218c3b81aafeb,2017-10-31T18:00:56.000Z,0.00005,0x8559d6fa6c3fddc0e5eedd0468aa1e1a14ed0bf7,buy,0x859a9c0b44cb7066d956a958b0b82e54c9e44b4b,0x221e5b054b4468aade9fe9a03a2574a9198e424c3bb0ad217ad33b95a3267f57
159,0.00099383,0.0000000482206316,0xd6d02fc9707c1c615e0ed010fe0f4d9a2fe1c966,2017-10-31T17:59:16.000Z,0.00004852,0x1bf546e7e42ebc76c270f84dc9f5f3e2e8e7276d,sell,0x859a9c0b44cb7066d956a958b0b82e54c9e44b4b,0x0d7273b4a12e484657c7efffdde25e0e2b1697475dddcb4003e61477e4702fe6
160,9.96910947,0.0004837011914844,0xd6d02fc9707c1c615e0ed010fe0f4d9a2fe1c966,2017-10-31T17:55:35.000Z,0.00004852,0x1bf546e7e42ebc76c270f84dc9f5f3e2e8e7276d,sell,0x859a9c0b44cb7066d956a958b0b82e54c9e44b4b,0xb30caabb0c0f551c8095ab28034dd59b7b3412f8b8bf9b7b57aab009cc374af8
161,5000,0.2426,0xd6d02fc9707c1c615e0ed010fe0f4d9a2fe1c966,2017-10-31T17:55:18.000Z,0.00004852,0x8559d6fa6c3fddc0e5eedd0468aa1e1a14ed0bf7,buy,0x859a9c0b44cb7066d956a958b0b82e54c9e44b4b,0x1fb1318aa11a54019904f0f88deaedfcbb795676c996d80a521cbaa5a92b23b8
162,0.64292235,0.000031194592422,0xd6d02fc9707c1c615e0ed010fe0f4d9a2fe1c966,2017-10-31T17:43:23.000Z,0.00004852,0x5c5d2fa3384cd2c93338cda30066d11201b1239c,sell,0x859a9c0b44cb7066d956a958b0b82e54c9e44b4b,0x927fc4e3b1956fd82774d400b57585e59778c3b51633cfe4a5155289a9e18d4b
163,6449.15404116,0.3129129540770832,0xd6d02fc9707c1c615e0ed010fe0f4d9a2fe1c966,2017-10-31T17:38:33.000Z,0.00004852,0x5c5d2fa3384cd2c93338cda30066d11201b1239c,sell,0x859a9c0b44cb7066d956a958b0b82e54c9e44b4b,0xeee1623c0f0d8950c420a0e6c771e81ea94b0a20f7651a0a644aa97410c7d145
164,1378,0.0686243998622,0xd4b8720675d9c676d492f3a11ab745b0e037fdce,2017-10-31T17:18:59.000Z,0.0000497999999,0x9b89d2707cba6dd93fd3177cc2dca60654b27822,buy,0x859a9c0b44cb7066d956a958b0b82e54c9e44b4b,0x33fff3f5bebbe3245af3b040779b9a488cf5713d3c550bfb83a407d11bf7e13b
165,898.94519946,0.04361322529700136,0xd6d02fc9707c1c615e0ed010fe0f4d9a2fe1c966,2017-10-31T17:14:15.000Z,0.000048516,0x32b6d4dfbcf29d26d4dbb006a5b8eed2f699dfb7,sell,0x859a9c0b44cb7066d956a958b0b82e54c9e44b4b,0x108a05e67ac0c9771f115de1e4100ad8396a390b76e7e31b10cf8a578ebadb6c
166,600,0.0294,0xb6a8c5331b234818bdfd542e7974372d2dd293f2,2017-10-31T17:11:04.000Z,0.000049,0x32b6d4dfbcf29d26d4dbb006a5b8eed2f699dfb7,sell,0x859a9c0b44cb7066d956a958b0b82e54c9e44b4b,0x91c361bfc43350ea9c33a15fb99072bc3951511452e68529119545881deee1e7
167,2492.27395075,0.120915162994587,0xd6d02fc9707c1c615e0ed010fe0f4d9a2fe1c966,2017-10-31T16:48:42.000Z,0.000048516,0xbb943aff95ae90cceab03f7ffcc24b55385841da,sell,0x859a9c0b44cb7066d956a958b0b82e54c9e44b4b,0x10643e0b9cd7affedf9177fa6da4941860a7aa04d2502f6705c4bd0cda55e2ca
168,8976,0.507135024,0xd649085d6a646a59f78ed8053b074d33642d305e,2017-10-31T16:14:11.000Z,0.000056499,0x737f63d619b2b3b56058cb207bc99aa99138a37f,buy,0x859a9c0b44cb7066d956a958b0b82e54c9e44b4b,0x4a47d478ef5a8cddba476d71c1deded170ad2038395d11c32054b8faeaf90c98
169,1000,0.05,0x38f5ecbd20276178d8cf7453aab347260c9cdea7,2017-10-31T16:11:04.000Z,0.00005,0x8559d6fa6c3fddc0e5eedd0468aa1e1a14ed0bf7,buy,0x859a9c0b44cb7066d956a958b0b82e54c9e44b4b,0x54b16359a975cbe2ea7df48515fee0da3a64b5fb5c92a16f4ea6debf48620d2b
170,1000,0.05,0x38f5ecbd20276178d8cf7453aab347260c9cdea7,2017-10-31T16:10:29.000Z,0.00005,0x8559d6fa6c3fddc0e5eedd0468aa1e1a14ed0bf7,buy,0x859a9c0b44cb7066d956a958b0b82e54c9e44b4b,0x54b16359a975cbe2ea7df48515fee0da3a64b5fb5c92a16f4ea6debf48620d2b
171,1500,0.075,0x1b3529cec0bd2760d2ef184b15f1b2a16e79c77e,2017-10-31T15:57:16.000Z,0.00005,0x8559d6fa6c3fddc0e5eedd0468aa1e1a14ed0bf7,buy,0x859a9c0b44cb7066d956a958b0b82e54c9e44b4b,0x9c7e7de502f812a4443b4317f55ff8e24f9db0f5e5383ca4d89717a39b34588d
172,659.429,0.031984284787,0x1b3529cec0bd2760d2ef184b15f1b2a16e79c77e,2017-10-31T15:53:42.000Z,0.000048503,0x99f39ae0af0d01614b73737d7a9aa4e2bf0d1221,buy,0x859a9c0b44cb7066d956a958b0b82e54c9e44b4b,0xa4f9cd7d245e2495b66542ec38446ea73ff4adf59cd247e7c4f6f0243634b490
173,681.24188941,0.033040231636427074,0x1b3529cec0bd2760d2ef184b15f1b2a16e79c77e,2017-10-31T15:52:27.000Z,0.00004850000000006176,0x12be693054c534b2a03f65294a644111cbd02069,buy,0x859a9c0b44cb7066d956a958b0b82e54c9e44b4b,0x66ab225ea43f36ac4c5badb58682ac960759cd55348d2d65674874e77348ecf4
174,1818.75811058,0.08820976836357293,0xca00b30899e98cea849b3a9eba36c3edb3ebd006,2017-10-31T15:46:07.000Z,0.00004850000000024353,0x12be693054c534b2a03f65294a644111cbd02069,buy,0x859a9c0b44cb7066d956a958b0b82e54c9e44b4b,0x1b04cd0bafbf77eee320db2a9d81dd68e9152e5d5765253cb45c0ace5562acad
175,2990.92750664,0.14506297499954665,0xd6d02fc9707c1c615e0ed010fe0f4d9a2fe1c966,2017-10-31T15:37:46.000Z,0.000048501,0x07abae541d2bbe5e36e7f6d5fb52332e72609365,sell,0x859a9c0b44cb7066d956a958b0b82e54c9e44b4b,0x4b33c4d550d8ae26ff05894f0f2e58c224e9d936ad95f2f8964598d23aac58e9
176,200,0.0097004,0x9df06c8ce7358acebecb1849090a3974221515db,2017-10-31T15:32:31.000Z,0.000048502,0xfe04a678a433716e65e3f31fe6f03da75145805c,sell,0x859a9c0b44cb7066d956a958b0b82e54c9e44b4b,0xab93ed703a300d55fda69a2901cfff07b6288cf663cb5eac7c946b30e17e18e5
177,5000,0.242505,0xca00b30899e98cea849b3a9eba36c3edb3ebd006,2017-10-31T15:31:10.000Z,0.000048501,0x8559d6fa6c3fddc0e5eedd0468aa1e1a14ed0bf7,buy,0x859a9c0b44cb7066d956a958b0b82e54c9e44b4b,0x28905ad341a6b16491bcaf143ee246c4a62cd9f19fbda990c9b24affd241e0bd
178,555,0.02691861,0xadae7914a367f0190e98749baf4672b0a85dc98b,2017-10-31T15:30:11.000Z,0.000048502,0x99f39ae0af0d01614b73737d7a9aa4e2bf0d1221,sell,0x859a9c0b44cb7066d956a958b0b82e54c9e44b4b,0x52060207336a3d7721688c90ecfb3aff301fb2b081524bebe6a59ac50d189a29
179,20000.155,0.9700095175155,0xd1912a22e42a19a2a6a78f933e84a3ede96126b9,2017-10-31T15:22:06.000Z,0.0000485001,0x8d5ebdf9d7107bd8c63e490fe616d4b89184807c,sell,0x859a9c0b44cb7066d956a958b0b82e54c9e44b4b,0xeb2c9d86a714f160eb141e9d53de6bad5406866b681981f9d786f45f5f2eb4b0
180,0.84976523,0.000041213698631523,0xd1912a22e42a19a2a6a78f933e84a3ede96126b9,2017-10-31T15:20:11.000Z,0.0000485001,0x2979ee7aad1b0ba7a6c66aba40d5cfc926c4ea52,sell,0x859a9c0b44cb7066d956a958b0b82e54c9e44b4b,0x3f0cb276e37684b0f7dde2f7d4e39cc58adab5dcfe1e9950fb8ee9a94b99ce10
181,8523.99501225,0.4134146104936262,0xd1912a22e42a19a2a6a78f933e84a3ede96126b9,2017-10-31T15:18:08.000Z,0.0000485001,0x2979ee7aad1b0ba7a6c66aba40d5cfc926c4ea52,sell,0x859a9c0b44cb7066d956a958b0b82e54c9e44b4b,0x8dc475425c50e4f056d7e1f4107a40941c509f57b70c1b5212a3ca394ea9a533
182,1500,0.073068,0x5cc2072740d99c150b6815eccc05c8b6bcd466b7,2017-10-31T15:17:49.000Z,0.000048712,0x2979ee7aad1b0ba7a6c66aba40d5cfc926c4ea52,sell,0x859a9c0b44cb7066d956a958b0b82e54c9e44b4b,0x7b3697cf0bcac9eb82e97434a79441b170cdc0004c55866f159e355d1d54dbe6
183,10000,0.48555,0x93018adddc7ac587d1a1291970f315d53943afd4,2017-10-31T15:16:49.000Z,0.000048555,0x2979ee7aad1b0ba7a6c66aba40d5cfc926c4ea52,sell,0x859a9c0b44cb7066d956a958b0b82e54c9e44b4b,0xf039058da7f223e6096873c6b997dd05a1c909edd18be86ac52cc96acd597a62
184,17000,0.8296,0x1b7af84067ed4b78c6a6681f65622ae3e9bec6f0,2017-10-31T15:15:47.000Z,0.0000488,0x2979ee7aad1b0ba7a6c66aba40d5cfc926c4ea52,sell,0x859a9c0b44cb7066d956a958b0b82e54c9e44b4b,0x077c28544bf8d4acb2572cf53b81f0ee08c285845a962c6ab847e61c1d00568a
185,22003.50085961,1.073770841948968,0x0ad3090b9480b9c4f5aef74a848a4b143e048a30,2017-10-31T15:15:44.000Z,0.0000488,0x2979ee7aad1b0ba7a6c66aba40d5cfc926c4ea52,sell,0x859a9c0b44cb7066d956a958b0b82e54c9e44b4b,0x049f7cd7afda689b9684bdd921b57b52e432360cbf1a0314bd378c20d676694b
186,5516.14377858,0.271394273906136,0x0ad3090b9480b9c4f5aef74a848a4b143e048a30,2017-10-31T15:15:09.000Z,0.0000492,0x2979ee7aad1b0ba7a6c66aba40d5cfc926c4ea52,sell,0x859a9c0b44cb7066d956a958b0b82e54c9e44b4b,0xb85c31197a991e8e36f777235e1a995acb577201c44aaaa86129555f0b90b424
187,261.09374988,0.01285155655659336,0xcef58358e11dbd18866dc6b38f39f8bb989fdcc9,2017-10-31T15:14:57.000Z,0.000049222,0x2979ee7aad1b0ba7a6c66aba40d5cfc926c4ea52,sell,0x859a9c0b44cb7066d956a958b0b82e54c9e44b4b,0x5b2a683836eac56ab3c71285da4efcd59b5a6c58f5264c8f845dbea48d235c70
188,0.495324,0.000024380837928,0xcef58358e11dbd18866dc6b38f39f8bb989fdcc9,2017-10-31T15:09:15.000Z,0.000049222,0xf142f26d1cac4ba8a6e6d7974d243eda2fe5f4f9,sell,0x859a9c0b44cb7066d956a958b0b82e54c9e44b4b,0xef8230ea84bf092843ba215cc82d312b66d7cef495798752d45aeaf1d28c717f
189,4968.59495955,0.24445487200986,0x0ad3090b9480b9c4f5aef74a848a4b143e048a30,2017-10-31T15:08:17.000Z,0.0000492,0xf142f26d1cac4ba8a6e6d7974d243eda2fe5f4f9,sell,0x859a9c0b44cb7066d956a958b0b82e54c9e44b4b,0xc0b926d21c28329f7c1b9f0766ae6d1e5a1cab7980c3718a193897476b518183
190,577.88354514,0.028431870420888,0x0ad3090b9480b9c4f5aef74a848a4b143e048a30,2017-10-31T15:07:31.000Z,0.0000492,0x799ec03a8b90c4f626d96c299f188bd3ef0c36c6,sell,0x859a9c0b44cb7066d956a958b0b82e54c9e44b4b,0xd63b27c8758035e70afdb4e71fa8cf4e6e3e4db89356db6826ca20fc517f53a2
191,1246.13697537,0.06133735420166214,0xcef58358e11dbd18866dc6b38f39f8bb989fdcc9,2017-10-31T15:06:09.000Z,0.000049222,0xc3ffaf6bf19d1dbfee240d451831880de249affe,sell,0x859a9c0b44cb7066d956a958b0b82e54c9e44b4b,0x91baf1ed2e4692fd6cf6a933bf6ccd57208f21253140f0f2b94dde0611ff467a
192,4407.10370476,0.21692645855569673,0x5dc26ba24486c6dc4deba3a3726cc7e9ea0e0d0a,2017-10-31T14:54:20.000Z,0.000049222,0x799ec03a8b90c4f626d96c299f188bd3ef0c36c6,sell,0x859a9c0b44cb7066d956a958b0b82e54c9e44b4b,0x9eec77f2717d38e8faebfeacc2ab51fa0eb48c968e5be11246836fe788f2e91b
193,2492.27395075,0.1226747084038165,0x5dc26ba24486c6dc4deba3a3726cc7e9ea0e0d0a,2017-10-31T14:48:26.000Z,0.000049222,0xdace8e70eb1370e5b5da26cb3e99f3e169343bc9,sell,0x859a9c0b44cb7066d956a958b0b82e54c9e44b4b,0x13f52e68bde280061e3b4e6af570cb9b5a91e751c11cbcb48bae0c8ee59cd5f7
194,4984.5479015,0.2452397567538,0x0ad3090b9480b9c4f5aef74a848a4b143e048a30,2017-10-31T14:44:04.000Z,0.0000492,0x8963bd9850a78c830785f5a61db01cfa59d62e5c,sell,0x859a9c0b44cb7066d956a958b0b82e54c9e44b4b,0xb7834b84c6d79ffcc0f71f689c08ba28a3354e762db4d3307a0c9ac289a2aef6
195,239.856,0.01180643428656,0x9b89d2707cba6dd93fd3177cc2dca60654b27822,2017-10-31T14:41:52.000Z,0.00004922301,0xf999ad14c7b51ab8d5f4113a686dea8cb8a0169a,sell,0x859a9c0b44cb7066d956a958b0b82e54c9e44b4b,0x091e6f2714ee7c8073e51cedd1e1db442c5c8aa08a16ee2c7495d6d337c3bf23
196,3100.62234449,0.1526188330404868,0x5dc26ba24486c6dc4deba3a3726cc7e9ea0e0d0a,2017-10-31T14:40:29.000Z,0.000049222,0xe66d3694198499adb8380b949b062db5b3efb0ef,sell,0x859a9c0b44cb7066d956a958b0b82e54c9e44b4b,0xbb9dc91be1ecfe45b137f94612cdf5082713992777dc9c6ae55bb72110264748
197,1000,0.04922401,0x9b89d2707cba6dd93fd3177cc2dca60654b27822,2017-10-31T14:34:53.000Z,0.00004922401,0xf999ad14c7b51ab8d5f4113a686dea8cb8a0169a,sell,0x859a9c0b44cb7066d956a958b0b82e54c9e44b4b,0x21afdade903a0425ec07bf89480f0185298ae3fbc6dcb955eb3d0e4d8cd9bd3a
198,138.44476256,0.006814667931938505,0x9b89d2707cba6dd93fd3177cc2dca60654b27822,2017-10-31T14:08:43.000Z,0.00004922300999999999,0x5bc1779ca6f329e52873fa63688c69cebdd171fa,sell,0x859a9c0b44cb7066d956a958b0b82e54c9e44b4b,0xe0132fd1de28caa3660a928b6542839d10b18156043033f35928bbebd4a89d67
199,4984.60280877,0.25919934605646494,0x61c4c43c581c78b2701a693cd6b91aac6d237dc7,2017-10-31T13:56:08.000Z,0.00005200000000008525,0xdd77f29674ffef7e37f96b9b09923909e6efefc0,buy,0x859a9c0b44cb7066d956a958b0b82e54c9e44b4b,0x61d71a903b4f6c2baf6263c80b04ccd78101371542e5dffe1ea296ec52fe322c
200,2492.27395075,0.1226747084038165,0xcef58358e11dbd18866dc6b38f39f8bb989fdcc9,2017-10-31T13:49:29.000Z,0.000049222,0x1aa20336c2d3784aa2a69b486c1706d70fbbfc7f,sell,0x859a9c0b44cb7066d956a958b0b82e54c9e44b4b,0x69d576bcd5cfd217c0e4bf168ebd1b13cd5e338ed9aa1b206f578f6cc04743aa
201,2446.49943941,0.120367772418972,0x0ad3090b9480b9c4f5aef74a848a4b143e048a30,2017-10-31T13:45:13.000Z,0.0000492,0x2ae6686306e3e932f23a734cc26e7adb60f407f4,sell,0x859a9c0b44cb7066d956a958b0b82e54c9e44b4b,0xbd00e2976b5be7f49d3febd0dc78f1abf258fb097c2d358eb4806eb5943b05b1
202,1550,0.076291,0xcef58358e11dbd18866dc6b38f39f8bb989fdcc9,2017-10-31T13:45:13.000Z,0.00004922,0x4d9edeabd7c79c96e6c57097ab3d0328690d75ea,buy,0x859a9c0b44cb7066d956a958b0b82e54c9e44b4b,0xa266c213c86f3648110aa9a3ed093e029cc6f6ae4f51b6204544144b20198f3e
203,45.7790751,0.0022533376345722,0x93018adddc7ac587d1a1291970f315d53943afd4,2017-10-31T13:41:53.000Z,0.000049222,0x2ae6686306e3e932f23a734cc26e7adb60f407f4,sell,0x859a9c0b44cb7066d956a958b0b82e54c9e44b4b,0xe2495b7ebae7016df8bb448566244da13343a15391078a942fae1c0e551c21de
204,4999.999,0.25999989800001,0xcef58358e11dbd18866dc6b38f39f8bb989fdcc9,2017-10-31T13:36:19.000Z,0.00005199999,0x4ef101828052e3b1340145926be230bda53e112b,buy,0x859a9c0b44cb7066d956a958b0b82e54c9e44b4b,0xd423be71e5e37622f58c8c45ed0b0e174fa00376a8ed2ccf34f54bfb3d6acd1b
205,11013.85704316,0.541881766523472,0x0ad3090b9480b9c4f5aef74a848a4b143e048a30,2017-10-31T13:35:39.000Z,0.0000492,0x9f14a821f23039266839233cd27d09e1eba9b83c,sell,0x859a9c0b44cb7066d956a958b0b82e54c9e44b4b,0x82365a2bc481281fc4e769cdc7e775a23dee389f8bc0caf45225b9d236445956
206,600,0.029532,0x565771ee94572a4e327bc252518971e2cfc2ed75,2017-10-31T13:34:46.000Z,0.00004922,0x4d9edeabd7c79c96e6c57097ab3d0328690d75ea,buy,0x859a9c0b44cb7066d956a958b0b82e54c9e44b4b,0x56cfa4fea40073d8f0e7280639d4c7b07cf0d1ce5f7e8533ad9f9e5434eff52e
207,2500,0.123055,0xcef58358e11dbd18866dc6b38f39f8bb989fdcc9,2017-10-31T13:34:05.000Z,0.000049222,0xfdbe37a47551a82c6fa38f4d0709dd6fcf9e8ced,buy,0x859a9c0b44cb7066d956a958b0b82e54c9e44b4b,0xaabc29eb7bf9d04f7488ac89d8ab8fc9abadaafe226ead4b546dd668659ebaa9
208,1957.35069548,0.09634471593291656,0xcef58358e11dbd18866dc6b38f39f8bb989fdcc9,2017-10-31T13:34:02.000Z,0.000049222,0x07184446237e9df8e9940f8d21df1fc2263ee703,buy,0x859a9c0b44cb7066d956a958b0b82e54c9e44b4b,0xb1696a4ea1808894a84ad83410e4e97f87bcc2e8e0d17c3e7d5a8f3dbf9fecec
209,3833,0.188667926,0xcef58358e11dbd18866dc6b38f39f8bb989fdcc9,2017-10-31T13:31:42.000Z,0.000049222,0x07184446237e9df8e9940f8d21df1fc2263ee703,buy,0x859a9c0b44cb7066d956a958b0b82e54c9e44b4b,0x344ce0562758e693a10d29eed5b47b4cda7cd9c33b033397b51ab187fedc2ebe
210,3347,0.1646724,0xcef58358e11dbd18866dc6b38f39f8bb989fdcc9,2017-10-31T13:31:16.000Z,0.0000492,0x8a424781254908e4bc40db921f969218eef3c81a,buy,0x859a9c0b44cb7066d956a958b0b82e54c9e44b4b,0x33849adda09f2bca86d0be09b9e3985a9fabb8e92e45755c184ee42fe90a3610
211,9.96943873,0.00049071571316806,0x93018adddc7ac587d1a1291970f315d53943afd4,2017-10-31T13:28:12.000Z,0.000049222,0x87deb108483b8493d5cc7bffdd2ad81b90f19044,sell,0x859a9c0b44cb7066d956a958b0b82e54c9e44b4b,0xf7a3300ead32a34b96518cbc262d82eaf79c17c85d91a3d920d7d94738dea04c
212,2482.552,0.122196174544,0x93018adddc7ac587d1a1291970f315d53943afd4,2017-10-31T13:26:31.000Z,0.000049222,0x87deb108483b8493d5cc7bffdd2ad81b90f19044,sell,0x859a9c0b44cb7066d956a958b0b82e54c9e44b4b,0xa76998275d0c792c9b2bc20ef317232060dc3a37521aba08e608092cff0f6676
213,398.76383212,0.01962795334461064,0x93018adddc7ac587d1a1291970f315d53943afd4,2017-10-31T13:23:29.000Z,0.000049222,0x7bba9d2f34a1a33b644b4cabaf3a8d5f1f9dc449,sell,0x859a9c0b44cb7066d956a958b0b82e54c9e44b4b,0xb4cf4714d7e3382c0a6b66900e54eedd06bce12d717197b1283d4d49f7cdd0f4
214,897.71707705,0.0441874299665551,0x93018adddc7ac587d1a1291970f315d53943afd4,2017-10-31T13:23:19.000Z,0.000049222,0x6bfd04fca93c3d6ba48bd6527769b6191b71bd6e,sell,0x859a9c0b44cb7066d956a958b0b82e54c9e44b4b,0xa8c59823a9b7f4654657bf73e9ec766a462eb4323e24a1f082e78296a03a75e4
215,3859.64912281,0.18997964912295381,0xf44072eda87ede9613b6ae1b812de8a60ade27a2,2017-10-31T13:18:30.000Z,0.000049222,0x07184446237e9df8e9940f8d21df1fc2263ee703,buy,0x859a9c0b44cb7066d956a958b0b82e54c9e44b4b,0xa6d514815ec7e6aafab42e1d2e6bdcb1e9de447565e5dcf08ee7b43c79bad50e
216,3848.07017544,0.21934000000008,0x63a29264b28bef00a93e4eb8978cf426c2f9bf54,2017-10-31T13:18:30.000Z,0.000057,0xf44072eda87ede9613b6ae1b812de8a60ade27a2,sell,0x859a9c0b44cb7066d956a958b0b82e54c9e44b4b,0xa6d514815ec7e6aafab42e1d2e6bdcb1e9de447565e5dcf08ee7b43c79bad50e
217,1182.94462625,0.0582269003932775,0x93018adddc7ac587d1a1291970f315d53943afd4,2017-10-31T13:12:49.000Z,0.000049222,0xf4bc657ce588a33fd55b9e466c0aba207f34adf6,sell,0x859a9c0b44cb7066d956a958b0b82e54c9e44b4b,0x6bd19eda4957a1d2e6ac95f7c89aeb068673931377a0d6e52e1f602e511ce9bc
218,2492.27395075,0.1226747084038165,0x93018adddc7ac587d1a1291970f315d53943afd4,2017-10-31T13:10:23.000Z,0.000049222,0x18441dd8105d6f142bd4dd06af9c12ab609f06ca,sell,0x859a9c0b44cb7066d956a958b0b82e54c9e44b4b,0xca0041b69bd0df6c9fb30b85b95e0c89a962466b962dc2e24cd3a18f6f5b7f29
219,1301.802,0.0650901,0xa1a94ef4661e4e96d04883228ed9ed85691f28f8,2017-10-31T13:07:50.000Z,0.00005,0xf4bc657ce588a33fd55b9e466c0aba207f34adf6,sell,0x859a9c0b44cb7066d956a958b0b82e54c9e44b4b,0x121c574c2c82bbd80dd669562308991c60bb2c9f4e9fe818ac0ad45c19c06b00
220,2490,0.12256278,0x93018adddc7ac587d1a1291970f315d53943afd4,2017-10-31T13:06:29.000Z,0.000049222,0xafd44914ee4b61d4d069041cc90ce766b9846bb8,sell,0x859a9c0b44cb7066d956a958b0b82e54c9e44b4b,0x24bd7cc4602ffe4edf9bf86f877275fa139ba3f328dd9c927d0f7af35369476d
221,500,0.025,0xa1a94ef4661e4e96d04883228ed9ed85691f28f8,2017-10-31T12:56:40.000Z,0.00005,0x34e167cb563ab9eb1f431c5410e705bcf916f643,sell,0x859a9c0b44cb7066d956a958b0b82e54c9e44b4b,0x56538dcc88acd1367aed944d5f36d470d5e0b0f0117c794e81d44e8b4ee3c33d
222,498.19776193,0.0249098880965,0xa1a94ef4661e4e96d04883228ed9ed85691f28f8,2017-10-31T12:46:20.000Z,0.00005,0x7b8d74f4011e52f78f46f910c79bfae65ec41d10,sell,0x859a9c0b44cb7066d956a958b0b82e54c9e44b4b,0x79f814029e7bf3debf067d98b86f9208385936467807089b9938f710984b764b
223,1994.275,0.0999371088,0x65271aee2a9c53eb79790b2b83c5dd526e206a1c,2017-10-31T12:45:19.000Z,0.000050112,0x7b8d74f4011e52f78f46f910c79bfae65ec41d10,sell,0x859a9c0b44cb7066d956a958b0b82e54c9e44b4b,0x7679a477ae3c9ab8ec025ae7e917b17a70c9795e90d719ebb8fe1c76fe749e70
224,695,0.03482645,0xc0174fcb99f487c916290e1f3f44bff8006d71eb,2017-10-31T12:43:08.000Z,0.00005011,0xfe04a678a433716e65e3f31fe6f03da75145805c,sell,0x859a9c0b44cb7066d956a958b0b82e54c9e44b4b,0x82ae9f96e08c2e7a06d6028ab354ceb0e1b9dc330bcccb8eda12755f401875c9
225,2507.726,0.12566465758625078,0x4ef101828052e3b1340145926be230bda53e112b,2017-10-31T12:40:07.000Z,0.00005011100000009999,0x06e43f97ca614cdffa85e320260e94ca919d71df,sell,0x859a9c0b44cb7066d956a958b0b82e54c9e44b4b,0xac8b77ade410bb7026958f758f6417fa5c6be0fee1e1d5abce35a386e3706ad2
226,2492.27395075,0.12489033994628247,0x4ef101828052e3b1340145926be230bda53e112b,2017-10-31T12:31:48.000Z,0.00005011100000009999,0x3994dd246a92321b04701fd08ed0b6d6939bcc5c,sell,0x859a9c0b44cb7066d956a958b0b82e54c9e44b4b,0x2a15a4b300c93f16560d74901a9a35181c38ee6fe2c214ca35e09ac70674ab78
227,4720,0.23653336,0x2d1c9539fb112bfcfc12c88ba56d7bddc804ed73,2017-10-31T12:28:32.000Z,0.000050113,0x11223cdaaca042ec7f355a023056a6f5c6edc31c,sell,0x859a9c0b44cb7066d956a958b0b82e54c9e44b4b,0xf5063d42832ca7bc4facf1577b9cc81d8d115af7c04f5f2f7a97a24d54486e47
228,2500,0.1252775,0x65271aee2a9c53eb79790b2b83c5dd526e206a1c,2017-10-31T12:24:05.000Z,0.000050111,0xf228e9bc73c3c182983acf12a313f0f1fae8e48c,buy,0x859a9c0b44cb7066d956a958b0b82e54c9e44b4b,0xbedb108ea308b3cedf40a0c34dd7b9dbe9f8663b7b0510119ad37252b09d63f5
229,8976,0.493671024,0x41a90a212f9a7cb5e5b4d991af653dd043fd4b8f,2017-10-31T12:23:53.000Z,0.000054999,0x737f63d619b2b3b56058cb207bc99aa99138a37f,buy,0x859a9c0b44cb7066d956a958b0b82e54c9e44b4b,0xa5d0501a89b874fe5153afcdbc7f4e7cbfe4c272b93f9f26ce8b818bcd5986bb
230,225,0.012375,0x9e80568e1a201b51e629cc32c24aeb293a85968f,2017-10-31T11:50:52.000Z,0.000055,0x93843c248a882d8c24db4e9786eb1c68f0a2ff02,sell,0x859a9c0b44cb7066d956a958b0b82e54c9e44b4b,0x049d0b560f04c350c04f9635601384942b033709f290588c041b40b90cb24a64
231,600,0.0339,0xebc8d1c22fa86eca91707ee5332366c1a0b1b935,2017-10-31T11:41:32.000Z,0.0000565,0x06e43f97ca614cdffa85e320260e94ca919d71df,buy,0x859a9c0b44cb7066d956a958b0b82e54c9e44b4b,0x0a4ce7a1b0fb6b1d96a5a9ad9faa9a45f1336f50641c39f48074de82b3877641
232,600,0.0339,0xebc8d1c22fa86eca91707ee5332366c1a0b1b935,2017-10-31T11:41:27.000Z,0.0000565,0x06e43f97ca614cdffa85e320260e94ca919d71df,buy,0x859a9c0b44cb7066d956a958b0b82e54c9e44b4b,0x0a4ce7a1b0fb6b1d96a5a9ad9faa9a45f1336f50641c39f48074de82b3877641
233,775,0.042625,0x9e80568e1a201b51e629cc32c24aeb293a85968f,2017-10-31T11:14:49.000Z,0.000055,0x429c37d0914d67ad9a310f36378c8743198755b4,sell,0x859a9c0b44cb7066d956a958b0b82e54c9e44b4b,0x888002d462a87c203d801f9ffcb4f82caa3741ef4aba1f2275479d682b2f8d40
234,200,0.0112,0x6726b1a6beda67f7653969798d110c26e5b76e0d,2017-10-31T11:11:39.000Z,0.000056,0x429c37d0914d67ad9a310f36378c8743198755b4,sell,0x859a9c0b44cb7066d956a958b0b82e54c9e44b4b,0x18bc41219c75431f547798115a72a82482febe8b1c6c63ca72da5087243c190b
235,7500,0.43275,0xd4b8720675d9c676d492f3a11ab745b0e037fdce,2017-10-31T11:07:28.000Z,0.0000577,0x8559d6fa6c3fddc0e5eedd0468aa1e1a14ed0bf7,buy,0x859a9c0b44cb7066d956a958b0b82e54c9e44b4b,0xafa9eaed26bae0496232ae012d0cecc679552ac19f8e9eeb19d2e5fd19c64c87
236,2500,0.145,0xd4b8720675d9c676d492f3a11ab745b0e037fdce,2017-10-31T11:05:23.000Z,0.000058,0x4a8b8dea3435a38cd0bf6fe16b8d39c287ad8497,buy,0x859a9c0b44cb7066d956a958b0b82e54c9e44b4b,0xbc5287a5ffa4ee8ae0f4fb4507f6a8d59da0cf7b29d27aefc1d67718051bb1bc
237,1972.51527168,0.11440588575801298,0xd4b8720675d9c676d492f3a11ab745b0e037fdce,2017-10-31T11:04:47.000Z,0.00005800000000029048,0x8aa09af53b67c76e57beb3ee71d31fc16be54a26,buy,0x859a9c0b44cb7066d956a958b0b82e54c9e44b4b,0x891f397c67b09d67a8397f820d89db9458e1ad892dbd68909d71ccb437241627
238,27.48472831,0.001594114241987019,0x2815d75ee94c6f9099ea0d090eaf154d37ae5ffe,2017-10-31T11:04:01.000Z,0.00005800000000025537,0x8aa09af53b67c76e57beb3ee71d31fc16be54a26,buy,0x859a9c0b44cb7066d956a958b0b82e54c9e44b4b,0x3e119f868609bb79f3b61de11071801ee5990a630f27c8b294b9510ca0b2a530
239,3465,0.1909215,0x2815d75ee94c6f9099ea0d090eaf154d37ae5ffe,2017-10-31T11:02:37.000Z,0.0000551,0xa273ed9670fcbc3c1b9fe5b483f193501512f062,buy,0x859a9c0b44cb7066d956a958b0b82e54c9e44b4b,0x245f8200041b650b9d370ab2aacf60cc6072eb2306932dc347d96e55975ba126
240,42182.884,2.4508255604,0x11a7a5eda6f2e60e21745aab1b50b02c98f2e484,2017-10-31T10:34:45.000Z,0.0000581,0x3d1749fb48be9f80617d01ff291a2859c6c6afff,buy,0x859a9c0b44cb7066d956a958b0b82e54c9e44b4b,0x88b09e541b895f8a486fd5e22a29d38ec526a299deae5105d93e07ede6321bdf
241,1744.59176552,0.096475924633256,0x2c0f4bcbc2a523dc9c1b484d17ab2cab788af64a,2017-10-31T10:28:43.000Z,0.0000553,0xcb6e4ab37a2829438a7653ede8bafcf73b7aacf0,sell,0x859a9c0b44cb7066d956a958b0b82e54c9e44b4b,0x839b1ac48236479b7241b58464b1d4ae66a09002aac3b099673c3f4a0875033a
242,3300,0.18249,0x2c0f4bcbc2a523dc9c1b484d17ab2cab788af64a,2017-10-31T10:28:43.000Z,0.0000553,0xda1f3895c87d58cfe321c248e427ceb66d53ec80,sell,0x859a9c0b44cb7066d956a958b0b82e54c9e44b4b,0xcf9956be3cf12e14178fcdb590ed15c764ba64f50eee82362957cadb108704d1
243,184.78360989,0.01053266576373,0x63a29264b28bef00a93e4eb8978cf426c2f9bf54,2017-10-31T10:26:14.000Z,0.000057,0xda1f3895c87d58cfe321c248e427ceb66d53ec80,sell,0x859a9c0b44cb7066d956a958b0b82e54c9e44b4b,0x324663de67e0e0fa3b6bf4011f81069156dc3fabe4cf07a9a2bfdcb1b000a78c
244,2492.27395075,0.13707506729125,0x2815d75ee94c6f9099ea0d090eaf154d37ae5ffe,2017-10-31T09:52:35.000Z,0.000055,0x90cb967082af265d2a216911948a23822dcd4604,sell,0x859a9c0b44cb7066d956a958b0b82e54c9e44b4b,0xc4e67744c353df17b505dd224bda705934af6233e821ef69865df33c06be84c7
245,372.43462279,0.018658974601779,0x2d1c9539fb112bfcfc12c88ba56d7bddc804ed73,2017-10-31T09:43:05.000Z,0.0000501,0x1d8a54cca8c998af9ed83d5c4b548229e9336c8d,sell,0x859a9c0b44cb7066d956a958b0b82e54c9e44b4b,0x046798f49276ac03da44a7fe2ac061a4ef9fa9474c3a752c261cefe17ef4cda0
246,1600,0.0911808,0x6726b1a6beda67f7653969798d110c26e5b76e0d,2017-10-31T09:38:26.000Z,0.000056988,0x1d8a54cca8c998af9ed83d5c4b548229e9336c8d,sell,0x859a9c0b44cb7066d956a958b0b82e54c9e44b4b,0x7fd2a373895cef8b31ec0f31522b2b7d429eee4eec66e4faeac4b5b30e64007e
247,10000,0.588,0xb16ae4fc04f464777250969ca38c4415a18833f6,2017-10-31T09:35:14.000Z,0.0000588,0x2155fc4ca2b951b7cd6f9254ee50b3263e25cc11,buy,0x859a9c0b44cb7066d956a958b0b82e54c9e44b4b,0xfdbe8fe684c0ee6de9a9935cd8b85507cd10814e66ecef2ec99ffc5d3b2969af
248,5974.16,0.34113648432,0x07184446237e9df8e9940f8d21df1fc2263ee703,2017-10-31T09:34:47.000Z,0.000057102,0x1d8a54cca8c998af9ed83d5c4b548229e9336c8d,sell,0x859a9c0b44cb7066d956a958b0b82e54c9e44b4b,0xa92da8720706bbb7c4de41133a2c8aa4d6adcaf5e89e808f4a51a0d6998a6b5a
249,1683.51602206,0.09613213189167012,0x07184446237e9df8e9940f8d21df1fc2263ee703,2017-10-31T09:34:08.000Z,0.000057102,0x6e20fc98c86d303fa8d3dc182fa739cde1046faf,sell,0x859a9c0b44cb7066d956a958b0b82e54c9e44b4b,0x23a567fba257511d0ae7ec718b392fcdd63a2655435ff83ee8ce4de30cf0ef36
250,10000,0.58,0xb16ae4fc04f464777250969ca38c4415a18833f6,2017-10-31T09:31:59.000Z,0.000058,0x1d8a54cca8c998af9ed83d5c4b548229e9336c8d,sell,0x859a9c0b44cb7066d956a958b0b82e54c9e44b4b,0x66c46a2e6bdbaa5e96d69d82eaf32a813f8e7f7c53a2eef2ad4a82c033e150ec
251,2500,0.14975,0x9f14a821f23039266839233cd27d09e1eba9b83c,2017-10-31T09:31:59.000Z,0.0000599,0xf0bc249650555fb4d5ccc4d80939121ba238b7df,buy,0x859a9c0b44cb7066d956a958b0b82e54c9e44b4b,0xbfc05d1999a237c895f266fe7333fff51a4f52b2aca71d5659a0e2c185ae11c1
252,1992.32379623,0.11376567341232546,0x07184446237e9df8e9940f8d21df1fc2263ee703,2017-10-31T09:28:08.000Z,0.000057102,0xf415ae9c5e2bfbea8efeb450000c5a9207caea69,sell,0x859a9c0b44cb7066d956a958b0b82e54c9e44b4b,0x07f207469f879291f3862f51bc48b2dcc8933d5084ae32a58b19471cee7e7f0d
253,8548,0.504332,0x9f14a821f23039266839233cd27d09e1eba9b83c,2017-10-31T09:27:00.000Z,0.000059,0x1d8a54cca8c998af9ed83d5c4b548229e9336c8d,buy,0x859a9c0b44cb7066d956a958b0b82e54c9e44b4b,0xbeda79e55011037a483243173824eab32dc58f1b29270cc74e5dae9d20980ee6
254,5400,0.3186,0xb16ae4fc04f464777250969ca38c4415a18833f6,2017-10-31T09:24:03.000Z,0.000059,0x1d8a54cca8c998af9ed83d5c4b548229e9336c8d,buy,0x859a9c0b44cb7066d956a958b0b82e54c9e44b4b,0x9524c160b709c1475158e830c7e5f0497629ab23fabed35f06331c58e8be0589
255,66985.8546,3.9521654214,0x3d1749fb48be9f80617d01ff291a2859c6c6afff,2017-10-31T09:20:05.000Z,0.000059,0x11a7a5eda6f2e60e21745aab1b50b02c98f2e484,buy,0x859a9c0b44cb7066d956a958b0b82e54c9e44b4b,0xc473491e1bdc180563bf057ea2bb6099df974b5ede8163b73032e3963ada74aa
256,2454.77768916,0.140167806051036,0xb16ae4fc04f464777250969ca38c4415a18833f6,2017-10-31T09:20:05.000Z,0.0000571,0x7ff0a51a85422dcf2d66f6f21fe660a177a3cac4,sell,0x859a9c0b44cb7066d956a958b0b82e54c9e44b4b,0xc15d3979b3d21a91509f8d843951cf772614c4a7a587a6da353cf80aa65a875c
257,66985.8546,3.9521654214,0x3d1749fb48be9f80617d01ff291a2859c6c6afff,2017-10-31T09:18:31.000Z,0.000059,0x11a7a5eda6f2e60e21745aab1b50b02c98f2e484,buy,0x859a9c0b44cb7066d956a958b0b82e54c9e44b4b,0xc473491e1bdc180563bf057ea2bb6099df974b5ede8163b73032e3963ada74aa
258,2000,0.1177,0xb16ae4fc04f464777250969ca38c4415a18833f6,2017-10-31T09:17:16.000Z,0.00005885,0x3ea8a88dc7c5930c6ee57228a7bfe43a4f876fd3,buy,0x859a9c0b44cb7066d956a958b0b82e54c9e44b4b,0x9337c105dfd86ada3dc1dd8678ac73213ea6763fd09ce465365429a14074f258
259,37.5,0.00225,0x63a29264b28bef00a93e4eb8978cf426c2f9bf54,2017-10-31T09:15:05.000Z,0.00006,0x7ff0a51a85422dcf2d66f6f21fe660a177a3cac4,sell,0x859a9c0b44cb7066d956a958b0b82e54c9e44b4b,0x882f4c529a9c1dc6a1dc069b24a60573095a942ead8e9afdae5d17da3d0dced1
260,2500,0.14705,0x39d117193cdc7ef0c2b8c51937d5b5413d9b0008,2017-10-31T09:14:56.000Z,0.00005882,0xa19c182a935c043b0926d89a82f751294fc4648f,buy,0x859a9c0b44cb7066d956a958b0b82e54c9e44b4b,0xb7063214ce04539a9c19333100462dd8edd27c96d6a8d0a135468289fcd2c7c7
261,2500,0.1495,0x39d117193cdc7ef0c2b8c51937d5b5413d9b0008,2017-10-31T09:14:36.000Z,0.0000598,0xa2ada1379328f0ebdcc75fff3478e6c14e9521ba,buy,0x859a9c0b44cb7066d956a958b0b82e54c9e44b4b,0x3dfb06b50cbdb268038bfec7184880711b5884a78952f50b6af4d3047ebe9fc9
262,2492,0.14657944,0x39d117193cdc7ef0c2b8c51937d5b5413d9b0008,2017-10-31T09:13:45.000Z,0.00005882,0x9064a603c5ad85eedbf1b2a9a782acd4e6b82591,buy,0x859a9c0b44cb7066d956a958b0b82e54c9e44b4b,0x48dd7c4c8ff7e0dbd1ea178f8e328bbaa55483f386b5947e9636a0eabe36e785
263,49.4476461,0.0028679634738,0xb16ae4fc04f464777250969ca38c4415a18833f6,2017-10-31T09:13:45.000Z,0.000058,0x4ef101828052e3b1340145926be230bda53e112b,buy,0x859a9c0b44cb7066d956a958b0b82e54c9e44b4b,0x15f02c4e325a95b72754633b22ce6a5ce51cbefc66283113436c2442bfb66485
264,13865,0.815858195,0x39d117193cdc7ef0c2b8c51937d5b5413d9b0008,2017-10-31T09:12:46.000Z,0.000058843,0x737f63d619b2b3b56058cb207bc99aa99138a37f,buy,0x859a9c0b44cb7066d956a958b0b82e54c9e44b4b,0xb5c837c8fcf009a52e38282f0e2f76dc1eff76b7b595ae6f72b3f21781fe1f8d
265,12500,0.7355375,0xf44072eda87ede9613b6ae1b812de8a60ade27a2,2017-10-31T09:12:16.000Z,0.000058843,0x737f63d619b2b3b56058cb207bc99aa99138a37f,buy,0x859a9c0b44cb7066d956a958b0b82e54c9e44b4b,0xb30f3a78e8b5337247aec0d790631828578186789e151aa188a6cb3f7bb69b7e
266,12462.5,0.74775,0x63a29264b28bef00a93e4eb8978cf426c2f9bf54,2017-10-31T09:12:16.000Z,0.00006,0xf44072eda87ede9613b6ae1b812de8a60ade27a2,sell,0x859a9c0b44cb7066d956a958b0b82e54c9e44b4b,0xb30f3a78e8b5337247aec0d790631828578186789e151aa188a6cb3f7bb69b7e
267,1000,0.058,0x39d117193cdc7ef0c2b8c51937d5b5413d9b0008,2017-10-31T09:10:47.000Z,0.000058,0x5079bc1b774e1056ea5563286705a58e551c4cde,buy,0x859a9c0b44cb7066d956a958b0b82e54c9e44b4b,0x9c378383dc48fa93d82b9c6fefca50ddde70d3ec0ccc1dc026bd87b0a7ffdda0
268,98,0.005584824,0xb16ae4fc04f464777250969ca38c4415a18833f6,2017-10-31T09:09:41.000Z,0.000056988,0xc0174fcb99f487c916290e1f3f44bff8006d71eb,buy,0x859a9c0b44cb7066d956a958b0b82e54c9e44b4b,0xa8e93ce14a13cebdfb6d1c055d73389a89b27410a1454147fb20d2b34dcb3315
269,3187,0.184842813,0x39d117193cdc7ef0c2b8c51937d5b5413d9b0008,2017-10-31T09:07:45.000Z,0.000057999,0x65271aee2a9c53eb79790b2b83c5dd526e206a1c,buy,0x859a9c0b44cb7066d956a958b0b82e54c9e44b4b,0x5bad9049bed42dd6eb0f19d6740c65c7f7b65b3ccdd1e030ec705940c2f5ff69
270,2000,0.116,0x39d117193cdc7ef0c2b8c51937d5b5413d9b0008,2017-10-31T09:07:45.000Z,0.000058,0xa1a94ef4661e4e96d04883228ed9ed85691f28f8,buy,0x859a9c0b44cb7066d956a958b0b82e54c9e44b4b,0xe8bc19613d265eb4ead68d3fcb683e091485401306c48df227b07cd13d250a4f
271,2500,0.1425,0x39d117193cdc7ef0c2b8c51937d5b5413d9b0008,2017-10-31T09:07:02.000Z,0.000057,0x0962d6d984f1843d45b5436fd94390718a0952a5,buy,0x859a9c0b44cb7066d956a958b0b82e54c9e44b4b,0x6857b5079a65ba3f786f2b7646c560b12590ef3096683e8f77ec1cfaa85b0760
272,6500,0.36088,0x2c0f4bcbc2a523dc9c1b484d17ab2cab788af64a,2017-10-31T09:06:09.000Z,0.00005552,0x0328901c2f602d286226ea7ccb871279aae90ffa,buy,0x859a9c0b44cb7066d956a958b0b82e54c9e44b4b,0xae0407dc64f9f57ab9254bb4ffc239c82778cfb5d0aed3def4bab439ec45fcd2
273,400,0.022,0x2c0f4bcbc2a523dc9c1b484d17ab2cab788af64a,2017-10-31T09:06:09.000Z,0.000055,0xd15dc17bf7d3873c9deb57f352c93d122e497c0f,buy,0x859a9c0b44cb7066d956a958b0b82e54c9e44b4b,0x73fdcd36f0aa19e7e87ef53e67ffa655cd9e37dc2ba526bdb0e7aee9fdd399c8
274,2100,0.1155,0xd4b8720675d9c676d492f3a11ab745b0e037fdce,2017-10-31T09:05:01.000Z,0.000055,0xd15dc17bf7d3873c9deb57f352c93d122e497c0f,buy,0x859a9c0b44cb7066d956a958b0b82e54c9e44b4b,0xb2c65a52e24e22882a0986ae106f6812f4244d95b3eb6aa19607e79ce434d9b9
275,3500,0.19432,0xceceaa548a1d18e3360379b4c1f94e0202299029,2017-10-31T08:58:39.000Z,0.00005552,0x0328901c2f602d286226ea7ccb871279aae90ffa,buy,0x859a9c0b44cb7066d956a958b0b82e54c9e44b4b,0x6826a917f95913b0603b6799e12476954c802499acfe3cef37884c72d88689c8
276,200,0.00984,0xceceaa548a1d18e3360379b4c1f94e0202299029,2017-10-31T08:54:24.000Z,0.0000492,0x5abc435796a099d53425770848db43a42772c56c,buy,0x859a9c0b44cb7066d956a958b0b82e54c9e44b4b,0x4939e5556b2be57777bd4305f08b9b3c5fa16347a717319b1c4738a9c62f65a1
277,2342.7375137,0.115286113049177,0x2d1c9539fb112bfcfc12c88ba56d7bddc804ed73,2017-10-31T08:48:31.000Z,0.00004921,0xe66d3694198499adb8380b949b062db5b3efb0ef,sell,0x859a9c0b44cb7066d956a958b0b82e54c9e44b4b,0x745e3d4896148a07a56c744a89b1482f5f5c65b941287a286428cca7d00839aa
278,50,0.0027,0x61c4c43c581c78b2701a693cd6b91aac6d237dc7,2017-10-31T08:44:47.000Z,0.000054,0xe66d3694198499adb8380b949b062db5b3efb0ef,buy,0x859a9c0b44cb7066d956a958b0b82e54c9e44b4b,0x9d96c98dcc0cfbbbfc36820ee7ed91e80c9550b507db70694f2749817387ea19
279,2492.27395075,0.12262237065085076,0x65271aee2a9c53eb79790b2b83c5dd526e206a1c,2017-10-31T08:41:18.000Z,0.000049201,0x9c87d761dce93fc8de514a729b660d9da9f7a5a8,sell,0x859a9c0b44cb7066d956a958b0b82e54c9e44b4b,0xe171c493bdc92cfe05bd563097b8b31ced3aeac8dab354d0bb94971d160c292d
280,2760,0.162012,0x348e43a032ec9a98c936795498fdf8fe44eb6e36,2017-10-31T08:30:03.000Z,0.0000587,0x2d1c9539fb112bfcfc12c88ba56d7bddc804ed73,buy,0x859a9c0b44cb7066d956a958b0b82e54c9e44b4b,0x8f6e98d96a195d1ea847d3ddf9d00b701c553c0ab212947e17e1d455039ddc2c
281,2887,0.1648477,0x327de23f8dd66a9ab2b517c41bd3f123796d03eb,2017-10-31T08:25:09.000Z,0.0000571,0x65271aee2a9c53eb79790b2b83c5dd526e206a1c,buy,0x859a9c0b44cb7066d956a958b0b82e54c9e44b4b,0x9e20bd5abe1a193173cd85b8e38e550cc41effb0fb6901ab6a4aef87998074ed
282,695.60515789,0.03422446937334589,0x65271aee2a9c53eb79790b2b83c5dd526e206a1c,2017-10-31T08:19:13.000Z,0.000049201,0xbf62bbe805bec1c03b6d00a3362332527199547b,sell,0x859a9c0b44cb7066d956a958b0b82e54c9e44b4b,0xa3311051782acb4513857be674495430dde1230fba39488e02fc0f705b0f0ffc
283,48542.854,2.7766512488,0x11a7a5eda6f2e60e21745aab1b50b02c98f2e484,2017-10-31T08:13:44.000Z,0.0000572,0x3d1749fb48be9f80617d01ff291a2859c6c6afff,buy,0x859a9c0b44cb7066d956a958b0b82e54c9e44b4b,0xdd9dda0a406413e2e0a43aa4e6142752daf7060e4f5b2264633c2e9e9a802390
284,4900,0.28763,0x61c4c43c581c78b2701a693cd6b91aac6d237dc7,2017-10-31T08:10:53.000Z,0.0000587,0x2d1c9539fb112bfcfc12c88ba56d7bddc804ed73,buy,0x859a9c0b44cb7066d956a958b0b82e54c9e44b4b,0xd8c3a27fec83c345e47b60a389e478db3f42fb34066b6e5dd76fcc779c6865a5
285,2500,0.146375,0x61c4c43c581c78b2701a693cd6b91aac6d237dc7,2017-10-31T08:09:11.000Z,0.00005855,0x94100c9579eeccae6e1f662c92c1cd366fc514a8,buy,0x859a9c0b44cb7066d956a958b0b82e54c9e44b4b,0xbf5882e2da5eb0b5b331f5a8143ea45becdd33685e5657b2f7770da9f38f51de
286,1300,0.0754,0x61c4c43c581c78b2701a693cd6b91aac6d237dc7,2017-10-31T08:08:15.000Z,0.000058,0x08145e3a684c40eed39c7ac8bd1bcfec89bc7b46,buy,0x859a9c0b44cb7066d956a958b0b82e54c9e44b4b,0xfca12188bb4a163db9f32b58aa85d229caa4208a305b234827d03aca449fc162
287,504.708,0.02926801692,0x61c4c43c581c78b2701a693cd6b91aac6d237dc7,2017-10-31T08:07:51.000Z,0.00005799,0x12d1fe6789a9c415d6b1b8010808c20e50f8441a,buy,0x859a9c0b44cb7066d956a958b0b82e54c9e44b4b,0x9a4627b931b82d5bbe0c65f29d2879a349fdcad438345e5c96a9e3caee4814e8
288,2886.7250948,0.1420297613892548,0x65271aee2a9c53eb79790b2b83c5dd526e206a1c,2017-10-31T08:07:22.000Z,0.000049201,0xfb5dcc4090c0f42cf142bcff9ec2bd8b6c303d7b,sell,0x859a9c0b44cb7066d956a958b0b82e54c9e44b4b,0xa7ba74416b9e38624b784026dc6d98ec392201050ee7d1d818b6f2a24066c34b
289,7400,0.429126,0xe636d07700fb9a5ea47331201306d582a27be6e1,2017-10-31T08:07:07.000Z,0.00005799,0x12d1fe6789a9c415d6b1b8010808c20e50f8441a,buy,0x859a9c0b44cb7066d956a958b0b82e54c9e44b4b,0xfc8bd3c622a62cdb348cd0d6e60641fc1379d30d7c9ccb4c5d3abb6494eef82f
290,10411,0.583016,0x8d5ebdf9d7107bd8c63e490fe616d4b89184807c,2017-10-31T08:01:43.000Z,0.000056,0xe66d3694198499adb8380b949b062db5b3efb0ef,buy,0x859a9c0b44cb7066d956a958b0b82e54c9e44b4b,0x5c82644bd97e2c87cf56f66717c916601fd2183b493d0937b0aa918e01958716
291,899,0.051233111,0x8d5ebdf9d7107bd8c63e490fe616d4b89184807c,2017-10-31T07:59:59.000Z,0.000056989,0x23901886602bd6725d2f8e7d076e28be9f4f2cf3,buy,0x859a9c0b44cb7066d956a958b0b82e54c9e44b4b,0xe8f3ef8b37f1c980e8bddc5baa8870f766b212431e253d901fe122364648c734
292,492.47333266,0.024229687966872,0x0ad3090b9480b9c4f5aef74a848a4b143e048a30,2017-10-31T07:59:07.000Z,0.0000492,0xa7ef40afda6e29b81faa91a6608dc597e292604b,sell,0x859a9c0b44cb7066d956a958b0b82e54c9e44b4b,0x803c21dfd1240b2d08e1f3ebdf485d79af19f553c1df3fbb26ef99855d598666
293,1196.49914039,0.058389158051032,0x0ad3090b9480b9c4f5aef74a848a4b143e048a30,2017-10-31T07:57:56.000Z,0.0000488,0x273a5d3e6721b9f5c1a6474f560c1334c63dda01,sell,0x859a9c0b44cb7066d956a958b0b82e54c9e44b4b,0x1c4d02f2297e5987cbd9fcbfbb1f7b9242da6c2cc05d43912a585708ae6b4e50
294,1200.09943871,0.04080338091614,0x273a5d3e6721b9f5c1a6474f560c1334c63dda01,2017-10-31T07:57:56.000Z,0.000034,0xe66d3694198499adb8380b949b062db5b3efb0ef,buy,0x859a9c0b44cb7066d956a958b0b82e54c9e44b4b,0x1c4d02f2297e5987cbd9fcbfbb1f7b9242da6c2cc05d43912a585708ae6b4e50
295,2000,0.098,0x5a79e6221d11f5f98254fb956a38a55076f83d0e,2017-10-31T07:56:21.000Z,0.000049,0xa7ef40afda6e29b81faa91a6608dc597e292604b,sell,0x859a9c0b44cb7066d956a958b0b82e54c9e44b4b,0xfb7dffc2dfac2892bb5b830539d254a1d926eb31a2adb50ce08ec0cffd373f7e
296,10000,0.55998,0x8d5ebdf9d7107bd8c63e490fe616d4b89184807c,2017-10-31T07:55:44.000Z,0.000055998,0x4ef101828052e3b1340145926be230bda53e112b,buy,0x859a9c0b44cb7066d956a958b0b82e54c9e44b4b,0x169d6aed23e949cd8e8b89adaf26d93b0f2fba1ed0034fe587890319d56d4524
297,99.69095803,0.0059814574818064,0x34e167cb563ab9eb1f431c5410e705bcf916f643,2017-10-31T07:51:52.000Z,0.00006000000000006419,0x34e167cb563ab9eb1f431c5410e705bcf916f643,buy,0x859a9c0b44cb7066d956a958b0b82e54c9e44b4b,0x059b2966ca166476aed57f0695cabaa2926aedaf58ac5025c640b2d7eacbe469
298,2895.29191955,0.16789797841518717,0xfb5dcc4090c0f42cf142bcff9ec2bd8b6c303d7b,2017-10-31T07:48:15.000Z,0.0000579900000001667,0x12d1fe6789a9c415d6b1b8010808c20e50f8441a,buy,0x859a9c0b44cb7066d956a958b0b82e54c9e44b4b,0x6cfe1043d40455187fe43197bb9e3c7cfae11ca1e222001e47308e189c6edd44
299,3537.84792236,0.172646978611168,0x3103fd6169573c495b79066d7c7d1994351694bb,2017-10-31T07:39:51.000Z,0.0000488,0xbf62bbe805bec1c03b6d00a3362332527199547b,sell,0x859a9c0b44cb7066d956a958b0b82e54c9e44b4b,0x6759a4abf13768ea6bf13034925b46322ca2e84ad716055249cacc9c98b0f6f3
300,3820.23038104,0.186427242594752,0x3103fd6169573c495b79066d7c7d1994351694bb,2017-10-31T07:37:11.000Z,0.0000488,0xfb5dcc4090c0f42cf142bcff9ec2bd8b6c303d7b,sell,0x859a9c0b44cb7066d956a958b0b82e54c9e44b4b,0xf1cc7a4c50b92b98bed8924ee0387804d2ac817d2532546e59389f75e52c60f6
301,20000,0.98,0x0ad3090b9480b9c4f5aef74a848a4b143e048a30,2017-10-31T07:35:40.000Z,0.000049,0xfb5dcc4090c0f42cf142bcff9ec2bd8b6c303d7b,sell,0x859a9c0b44cb7066d956a958b0b82e54c9e44b4b,0x93229fb82d07a8658670a88d371023d1e23023e93cfd27538f44b1cea2ec7f21
302,23031.10753293,1.1515553766465,0x0ad3090b9480b9c4f5aef74a848a4b143e048a30,2017-10-31T07:35:23.000Z,0.00005,0xfb5dcc4090c0f42cf142bcff9ec2bd8b6c303d7b,sell,0x859a9c0b44cb7066d956a958b0b82e54c9e44b4b,0xfe0d60d484b1a8a7c8d917c9f8fed003be8f5ad4c8bfdd63b760a378a23ff956
303,2500,0.125,0x0ad3090b9480b9c4f5aef74a848a4b143e048a30,2017-10-31T07:31:42.000Z,0.00005,0x6ea6f512533c3e2c31840912c9a6c415b0bf1379,sell,0x859a9c0b44cb7066d956a958b0b82e54c9e44b4b,0xf777c60fb20746ab2ea48ad67b57f32ae943acaffb3748e48465f2c68c466bc5
304,2492.56775994,0.124628387997,0x0ad3090b9480b9c4f5aef74a848a4b143e048a30,2017-10-31T07:26:13.000Z,0.00005,0x7386e63d8a948de0a6618a878d3805e239a0c20b,sell,0x859a9c0b44cb7066d956a958b0b82e54c9e44b4b,0x902e71e7bc565fca79bcc7430edb5a894e23952f6d057136011f58fcc75e2fcc
305,1976.32470713,0.0988162353565,0x0ad3090b9480b9c4f5aef74a848a4b143e048a30,2017-10-31T07:17:59.000Z,0.00005,0xd460056fd946b6a3f0240e15e7732016fbe1eb36,sell,0x859a9c0b44cb7066d956a958b0b82e54c9e44b4b,0xdbed2afabeb35b011a7adf7bcb56eb3cde78e2c1f45ba8ffd517ac7d958bde5a
306,398.96259786,0.019469374775568,0x3103fd6169573c495b79066d7c7d1994351694bb,2017-10-31T07:13:20.000Z,0.0000488,0xc563305b275f66eb2e836bec2187b6859329a972,sell,0x859a9c0b44cb7066d956a958b0b82e54c9e44b4b,0x8eba3bcca88443c5aca01f031fd3dad1d0acb21063c43364eb7c59966bf62553
307,2242.95909874,0.109456404018512,0x3103fd6169573c495b79066d7c7d1994351694bb,2017-10-31T07:08:39.000Z,0.0000488,0xbc2beaca444af161d19e5f9c441c934ccf184633,sell,0x859a9c0b44cb7066d956a958b0b82e54c9e44b4b,0x9ea6bcdfb3a2ec8eca13955a4a0388e1491cc1190ebe406edc50b3a0c671b818
308,10000,0.48800000001,0x4ef101828052e3b1340145926be230bda53e112b,2017-10-31T07:07:18.000Z,0.000048800000001,0xbc2beaca444af161d19e5f9c441c934ccf184633,sell,0x859a9c0b44cb7066d956a958b0b82e54c9e44b4b,0x020d7bcfe540b47b7475d238ea5a4e05442f2fc741d77d4f1695ef611cd06feb
309,300,0.0146397,0xfc7cc57aadc2633cce95459e6b1a4b48631c346a,2017-10-31T06:59:40.000Z,0.000048799,0x5abc435796a099d53425770848db43a42772c56c,buy,0x859a9c0b44cb7066d956a958b0b82e54c9e44b4b,0x38345cb167d6e5d4100ed1720a1a0cd8ede701cb17be179eb2d5787ac7252671
310,4100,0.2336549,0xa644c78bb802d1c182a7eaa1f98fec65efe40055,2017-10-31T06:55:37.000Z,0.000056989,0x23901886602bd6725d2f8e7d076e28be9f4f2cf3,buy,0x859a9c0b44cb7066d956a958b0b82e54c9e44b4b,0xb592a0d2f5ffce0d47be35db815e772d0599e2c053dc9e1255ee230a7f48a0aa
311,4410.60089774,0.25130721795187755,0x1d8a54cca8c998af9ed83d5c4b548229e9336c8d,2017-10-31T06:53:58.000Z,0.00005697800000010152,0xfc7cc57aadc2633cce95459e6b1a4b48631c346a,buy,0x859a9c0b44cb7066d956a958b0b82e54c9e44b4b,0xe5ab40dbd95beda231e311fc4084f743cdb2f26cee1100f70ee0f0fafe0c7645
312,283.536,0.015878016,0x1d8a54cca8c998af9ed83d5c4b548229e9336c8d,2017-10-31T06:53:58.000Z,0.000056,0x2155fc4ca2b951b7cd6f9254ee50b3263e25cc11,buy,0x859a9c0b44cb7066d956a958b0b82e54c9e44b4b,0x5618b20e86fa2b265eb500976662c26d6baf9cf35f7d6a96d8ac69c325214f20
313,19352,1.083692648,0x1d8a54cca8c998af9ed83d5c4b548229e9336c8d,2017-10-31T06:52:54.000Z,0.000055999,0x2d1c9539fb112bfcfc12c88ba56d7bddc804ed73,buy,0x859a9c0b44cb7066d956a958b0b82e54c9e44b4b,0x0f46aeb1b70cf50900d157dbad9da1f7b08e6e3e4976b6a404515a56d1eb6e6f
314,8300,0.46479169999917,0x1d8a54cca8c998af9ed83d5c4b548229e9336c8d,2017-10-31T06:52:24.000Z,0.0000559989999999,0x4ef101828052e3b1340145926be230bda53e112b,buy,0x859a9c0b44cb7066d956a958b0b82e54c9e44b4b,0x1c93a915e2e3b77bf373a79eb877e3bdf86ee1a583e0edd33b23d571ddb9c985
315,5589.39910225,0.31847278204812246,0xf20c2032a6d8bdad0454ac8ac6d6d57f16478469,2017-10-31T06:42:17.000Z,0.00005697800000002182,0xfc7cc57aadc2633cce95459e6b1a4b48631c346a,buy,0x859a9c0b44cb7066d956a958b0b82e54c9e44b4b,0xe30f582cef180d3de8b99c45c9465347d1a2b42b78710727ad58d606a48abad8
316,404.23774885,0.02303306269172415,0xf20c2032a6d8bdad0454ac8ac6d6d57f16478469,2017-10-31T06:40:07.000Z,0.000056979,0x1c39c4a38ced25b4cf306d0ebfbd1fdd7d33d917,buy,0x859a9c0b44cb7066d956a958b0b82e54c9e44b4b,0x4626409d248edb5489f52f648f06640c7d646ee812b9d1b9f05da0995ef8bcd0
317,2492,0.12138532002492,0x4ef101828052e3b1340145926be230bda53e112b,2017-10-31T06:39:35.000Z,0.00004871000001,0x6310ea422c7999e76cdddf0e1be5bdd5039823f9,sell,0x859a9c0b44cb7066d956a958b0b82e54c9e44b4b,0x472b1cf1fe337b0986594f6843c7c29a7100d1ad519d7c0fc28edf5fc593dd97
318,1999.9,0.1139703012,0xf20c2032a6d8bdad0454ac8ac6d6d57f16478469,2017-10-31T06:39:12.000Z,0.000056988,0x8111dd35c1df60628629a61c33adf806e0f39dc6,buy,0x859a9c0b44cb7066d956a958b0b82e54c9e44b4b,0x50c22aeee223f870bccd12feb0ad75a39e3467877a7c5a130aea2dc14cc49752
319,300,0.0165,0xf20c2032a6d8bdad0454ac8ac6d6d57f16478469,2017-10-31T06:39:12.000Z,0.000055,0x4253912c4c53f8288c55b9d923b9bb5b004ee0cb,buy,0x859a9c0b44cb7066d956a958b0b82e54c9e44b4b,0x210b1267afad0fb2fc0a4f089f2ac424f7c03abae9b2c4498fbb17c02dad375d
320,730,0.04087927,0xf20c2032a6d8bdad0454ac8ac6d6d57f16478469,2017-10-31T06:39:07.000Z,0.000055999,0x1c39c4a38ced25b4cf306d0ebfbd1fdd7d33d917,buy,0x859a9c0b44cb7066d956a958b0b82e54c9e44b4b,0x3fcbd58146a540eb5ee5a13a3d4b98218cf417a0ff531291337737913d2ca27c
321,1900,0.10621,0xf20c2032a6d8bdad0454ac8ac6d6d57f16478469,2017-10-31T06:39:07.000Z,0.0000559,0x3ea8a88dc7c5930c6ee57228a7bfe43a4f876fd3,buy,0x859a9c0b44cb7066d956a958b0b82e54c9e44b4b,0x56f99f10346bdae8f30fade72d1db1cd55d421873fb4de63fbfbe8463a8615d4
322,4969,0.278264,0xf20c2032a6d8bdad0454ac8ac6d6d57f16478469,2017-10-31T06:39:04.000Z,0.000056,0xc6660a835c352bf39d6b5b170c65d8e3f03a6b6a,buy,0x859a9c0b44cb7066d956a958b0b82e54c9e44b4b,0xfe83b16f36d8353144f7d34db23a402b29f5f02c9492fb3fa322ad8f0985ef21
323,3364.25665653,0.16387294177321887,0x4ef101828052e3b1340145926be230bda53e112b,2017-10-31T06:37:24.000Z,0.00004871000000999999,0x935ff6f507d8f55aff8d7b181e3b5f952485937a,sell,0x859a9c0b44cb7066d956a958b0b82e54c9e44b4b,0xaecb406f39c230cac5d5d344eb79451a6323201ba5c11b3bee5fb37ac643186f
324,6270,0.35111373,0xceceaa548a1d18e3360379b4c1f94e0202299029,2017-10-31T06:36:23.000Z,0.000055999,0x1c39c4a38ced25b4cf306d0ebfbd1fdd7d33d917,buy,0x859a9c0b44cb7066d956a958b0b82e54c9e44b4b,0xb2e940d1792a7f211742c30694823ae14e8cda513f69a516ee6056d1ded353fe
325,2492.27395075,0.12139866416595524,0x4ef101828052e3b1340145926be230bda53e112b,2017-10-31T06:30:30.000Z,0.00004871000000999999,0xee6f1818e54e77a85392a6e9f9848b116f44ddf1,sell,0x859a9c0b44cb7066d956a958b0b82e54c9e44b4b,0x35d716950f79c69d09b45f8903c14a76ce21aa043dcc408ec482cec22d292978
326,200,0.011,0xebc8d1c22fa86eca91707ee5332366c1a0b1b935,2017-10-31T06:30:09.000Z,0.000055,0x4253912c4c53f8288c55b9d923b9bb5b004ee0cb,buy,0x859a9c0b44cb7066d956a958b0b82e54c9e44b4b,0x82504c887a77449fe70dd58d505be03f41c1ec4007b83835e882f257b7d7b952
327,7700,0.4312,0xceceaa548a1d18e3360379b4c1f94e0202299029,2017-10-31T06:26:48.000Z,0.000056,0x2155fc4ca2b951b7cd6f9254ee50b3263e25cc11,buy,0x859a9c0b44cb7066d956a958b0b82e54c9e44b4b,0x72cf12ebc5e5a54f32eede6a90e3c47caa160d4c1efcbea38fae4bbb6ceb2c42
328,5785,0.32396,0xa6722e3204ef405f9ff956b183d4f5e2ac0aa1e9,2017-10-31T06:10:47.000Z,0.000056,0x1c39c4a38ced25b4cf306d0ebfbd1fdd7d33d917,sell,0x859a9c0b44cb7066d956a958b0b82e54c9e44b4b,0xb2901a57c1b76b552c55ecc3cca69860dd09e263f80923fd2f3b98dff1cebf38
329,500,0.028,0x39ea7a8417b176bbdce622387d01870cf9569f25,2017-10-31T05:50:34.000Z,0.000056,0xcd17ffc6fa721cbdec1dee5cee7b7643292699df,buy,0x859a9c0b44cb7066d956a958b0b82e54c9e44b4b,0x1833f6774908c6d8a8c15b05d0c1803722e5a91780ea2ca27045146c57905db0
330,200,0.0104,0x39ea7a8417b176bbdce622387d01870cf9569f25,2017-10-31T05:48:54.000Z,0.000052,0xcd17ffc6fa721cbdec1dee5cee7b7643292699df,buy,0x859a9c0b44cb7066d956a958b0b82e54c9e44b4b,0x8354749360fda3f9a6731e25f645d9f2674d57ffc6850a71689ad4cf395b3db9
331,1000,0.0515,0x39ea7a8417b176bbdce622387d01870cf9569f25,2017-10-31T05:48:54.000Z,0.0000515,0xcd17ffc6fa721cbdec1dee5cee7b7643292699df,buy,0x859a9c0b44cb7066d956a958b0b82e54c9e44b4b,0x4d22ad390a67d019c24a6833be6e26c19f14247ba841a84003ae761a37760d10
332,5920,0.336848,0x39ea7a8417b176bbdce622387d01870cf9569f25,2017-10-31T05:48:22.000Z,0.0000569,0xaee16b378532b728368526769a4481f7f7c544dd,buy,0x859a9c0b44cb7066d956a958b0b82e54c9e44b4b,0xbc6ea67b59608544221ffb2ece768e579ea5d30ee8568636b04cbb575b7a8fa2
333,4000,0.22,0x39ea7a8417b176bbdce622387d01870cf9569f25,2017-10-31T05:46:27.000Z,0.000055,0x932b8be9d001647c86346a1722766b1a44387a58,buy,0x859a9c0b44cb7066d956a958b0b82e54c9e44b4b,0x0cb16d7dd0494ddc99cc1a5b6bc121a706f8812d32207e766227d9ad3d1b7f20
334,100,0.0054,0x39ea7a8417b176bbdce622387d01870cf9569f25,2017-10-31T05:45:59.000Z,0.000054,0xcd17ffc6fa721cbdec1dee5cee7b7643292699df,buy,0x859a9c0b44cb7066d956a958b0b82e54c9e44b4b,0x18c968e8a133982797f0f088109dfc07be849bb69f3c1e2d2b0e7375bc7167f9
335,5682,0.317618118,0x39ea7a8417b176bbdce622387d01870cf9569f25,2017-10-31T05:45:21.000Z,0.000055899,0x65271aee2a9c53eb79790b2b83c5dd526e206a1c,buy,0x859a9c0b44cb7066d956a958b0b82e54c9e44b4b,0x8c3cd081e6bf115ccc27dfa0e7f19b72ec386effe4a36dd29036cd7cc71cb681
336,7257,0.377364,0x39ea7a8417b176bbdce622387d01870cf9569f25,2017-10-31T05:44:12.000Z,0.000052,0x39c2fd6ba855ce4409ecd317c493eae4dee55fed,buy,0x859a9c0b44cb7066d956a958b0b82e54c9e44b4b,0x70811bdc91d3a4691320b7981b8065375c40fa6413da708a83444e936af61c0b
337,19236.218,1.07703584582,0x39ea7a8417b176bbdce622387d01870cf9569f25,2017-10-31T05:43:35.000Z,0.00005599,0xd1912a22e42a19a2a6a78f933e84a3ede96126b9,buy,0x859a9c0b44cb7066d956a958b0b82e54c9e44b4b,0xa1b93295acb7717b161e037c127f721916a65c05e93f272a8e7ccc0972f48648
338,2500,0.12175,0x2d1c9539fb112bfcfc12c88ba56d7bddc804ed73,2017-10-31T05:42:31.000Z,0.0000487,0x678a4e4257aa2a5b2698b2b1f3db5799311a8872,sell,0x859a9c0b44cb7066d956a958b0b82e54c9e44b4b,0x04cd2c868d14983f4d07d685b4fab8c68d47eb7904a101f4b22bd5918a66ed45
339,20000,1.12,0x39ea7a8417b176bbdce622387d01870cf9569f25,2017-10-31T05:41:18.000Z,0.000056,0xfc7cc57aadc2633cce95459e6b1a4b48631c346a,buy,0x859a9c0b44cb7066d956a958b0b82e54c9e44b4b,0x835a79b4e6f8005e7792cae89185e06edd7c7b3abe58a76825a8727f3adf723d
340,8452.297,0.473328632,0x39ea7a8417b176bbdce622387d01870cf9569f25,2017-10-31T05:39:16.000Z,0.000056,0x2155fc4ca2b951b7cd6f9254ee50b3263e25cc11,buy,0x859a9c0b44cb7066d956a958b0b82e54c9e44b4b,0x678e7fd657d722c11d16b39981c9ceab7f8e5a3c9ead32e26b943af214804f75
341,30763.78153838,1.7224641283343936,0x39ea7a8417b176bbdce622387d01870cf9569f25,2017-10-31T05:37:45.000Z,0.00005599000000001616,0xd1912a22e42a19a2a6a78f933e84a3ede96126b9,buy,0x859a9c0b44cb7066d956a958b0b82e54c9e44b4b,0xc6599e1c2c16f13fd402adf7f8d056293cb15c0f27cc12f08e74d877319837f4
342,2492.27395075,0.121373741401525,0x2d1c9539fb112bfcfc12c88ba56d7bddc804ed73,2017-10-31T05:28:25.000Z,0.0000487,0x5761ff6b464da340f2d71394f99c515c581e629a,sell,0x859a9c0b44cb7066d956a958b0b82e54c9e44b4b,0xd203091e7042878ca913434693734598751bcd7a8a3baaa2072d36c17c27e6ed
343,2492.27395075,0.121373741401525,0x2d1c9539fb112bfcfc12c88ba56d7bddc804ed73,2017-10-31T05:24:50.000Z,0.0000487,0xb2cbd8f8fdf1d883e857b53b842af0a20cfded2f,sell,0x859a9c0b44cb7066d956a958b0b82e54c9e44b4b,0xc01ba8796d3322b5dbb6a849e3edc2f96ce79d24fe8c00deb5f5b31895c27f7e
344,4486.09311135,0.218472734522745,0x2d1c9539fb112bfcfc12c88ba56d7bddc804ed73,2017-10-31T05:21:33.000Z,0.0000487,0x117ac0195f2d28ba9d046e251dbf4101f9ada4e4,sell,0x859a9c0b44cb7066d956a958b0b82e54c9e44b4b,0xfe7ff09faed32bb11981a2cd60013f3f06d99dd5396262dd1b800f5c58226c1a
345,0.38871126,0.000018930238362,0x2d1c9539fb112bfcfc12c88ba56d7bddc804ed73,2017-10-31T04:50:09.000Z,0.0000487,0xea9b585747e24e9c96275c14e1549228620e91e3,sell,0x859a9c0b44cb7066d956a958b0b82e54c9e44b4b,0x4a6825732bde0562394c24bd14c0503dc77b2458700125cc5860a3a0105c50e5
346,3899.16259595,0.189889218422765,0x2d1c9539fb112bfcfc12c88ba56d7bddc804ed73,2017-10-31T04:48:14.000Z,0.0000487,0xea9b585747e24e9c96275c14e1549228620e91e3,sell,0x859a9c0b44cb7066d956a958b0b82e54c9e44b4b,0x10e4b6b2b7d1ba4e94000e3a86e9c733679626d7db41b7b6a37a5337cba3dfc1
347,10.844,0.0005281028,0x2d1c9539fb112bfcfc12c88ba56d7bddc804ed73,2017-10-31T04:47:26.000Z,0.0000487,0xe444a40689f51f63bcd29910622035707d533d29,sell,0x859a9c0b44cb7066d956a958b0b82e54c9e44b4b,0x614602f8efb99f8700e82941aa85bf1c993f0e8c76ea5a1400adda9412b8e559
348,2492.27395075,0.121373741401525,0x2d1c9539fb112bfcfc12c88ba56d7bddc804ed73,2017-10-31T04:33:26.000Z,0.0000487,0x00961745dde1319864c16807af58e1df1e42fd58,sell,0x859a9c0b44cb7066d956a958b0b82e54c9e44b4b,0x70fd0c4ae6b9ef4b52056b14ae710f0efcb0ebbd595957c9917e7f07b58dae5e
349,2492.27395075,0.121373741401525,0x2d1c9539fb112bfcfc12c88ba56d7bddc804ed73,2017-10-31T04:27:56.000Z,0.0000487,0x3ed22ee9dfe18807f74fc099bff75a8e43df6090,sell,0x859a9c0b44cb7066d956a958b0b82e54c9e44b4b,0x967fb5c641c1100307ce89b6fa68c3365aba3cb56c70def4769b40d8594da6dc
350,2492.27395075,0.121373741401525,0x2d1c9539fb112bfcfc12c88ba56d7bddc804ed73,2017-10-31T04:11:08.000Z,0.0000487,0x927eb1a175714cf1b005503141efd6d8ae18ad7f,sell,0x859a9c0b44cb7066d956a958b0b82e54c9e44b4b,0xfd58b4eb4099c5964008430930c3643bedbe7290c3522ae563b63516ffb24f84
351,5682.38460771,0.2625318512608097,0x65271aee2a9c53eb79790b2b83c5dd526e206a1c,2017-10-31T04:11:08.000Z,0.000046201,0x6b35bede44db19b5e34bc7478523be094a5015d3,sell,0x859a9c0b44cb7066d956a958b0b82e54c9e44b4b,0x7c946a21d47b0fe3e5bcedf4d6d57de6b288aae5f733ee841e6533f7fa559366
352,500,0.02435,0x2d1c9539fb112bfcfc12c88ba56d7bddc804ed73,2017-10-31T03:56:57.000Z,0.0000487,0xe60ce0bedaced26017ae3a1347cacb88989a4d74,sell,0x859a9c0b44cb7066d956a958b0b82e54c9e44b4b,0xf5bbab092632bb7ba16da3264e0ac8537b450b0f3c092f869596ede4af6c38cb
353,500,0.02435,0x935ff6f507d8f55aff8d7b181e3b5f952485937a,2017-10-31T03:54:41.000Z,0.0000487,0xe60ce0bedaced26017ae3a1347cacb88989a4d74,buy,0x859a9c0b44cb7066d956a958b0b82e54c9e44b4b,0x4b7a383b6e42ea00db727756ec985c04230274d3a4553d35b8401b018d6f1d65
354,11547.7027973,0.6466713566490312,0xb2949409fb751b3880edcb36c6c40c6b1c259c81,2017-10-31T03:42:47.000Z,0.00005600000000002002,0x2155fc4ca2b951b7cd6f9254ee50b3263e25cc11,buy,0x859a9c0b44cb7066d956a958b0b82e54c9e44b4b,0x79131dc303a42051eb1997d056f53e038a721334f20db15f21f29f4cb134c5f3
355,20000,1.12,0xb2949409fb751b3880edcb36c6c40c6b1c259c81,2017-10-31T03:42:05.000Z,0.000056,0x2155fc4ca2b951b7cd6f9254ee50b3263e25cc11,buy,0x859a9c0b44cb7066d956a958b0b82e54c9e44b4b,0x131206677a8cd62a30de25bd5737458a8f96938c902af4ae871f7cf8abf48c34
356,20000,1.12,0xb2949409fb751b3880edcb36c6c40c6b1c259c81,2017-10-31T03:40:31.000Z,0.000056,0x2155fc4ca2b951b7cd6f9254ee50b3263e25cc11,buy,0x859a9c0b44cb7066d956a958b0b82e54c9e44b4b,0xdfd102d1e29312f111a8b9dca4b0e70c0dedae2c769ccf03c90b70f6f2de4852
357,20000,1.12,0xb2949409fb751b3880edcb36c6c40c6b1c259c81,2017-10-31T03:39:49.000Z,0.000056,0x2155fc4ca2b951b7cd6f9254ee50b3263e25cc11,buy,0x859a9c0b44cb7066d956a958b0b82e54c9e44b4b,0x2fc61768783ab9676d2b05ab0e25800e0a9ef66828f4b2e839be60c138d15f78
358,20000,1.12,0xb2949409fb751b3880edcb36c6c40c6b1c259c81,2017-10-31T03:39:11.000Z,0.000056,0x2155fc4ca2b951b7cd6f9254ee50b3263e25cc11,buy,0x859a9c0b44cb7066d956a958b0b82e54c9e44b4b,0x8c2460bb7f15d413596948e83804baf32733029cadc79234f4d7075f9ad49b22
359,2500,0.1375,0xb2949409fb751b3880edcb36c6c40c6b1c259c81,2017-10-31T03:37:20.000Z,0.000055,0x0bd7ceb03b85e2f9f72f11b04e726be1f0b36db5,buy,0x859a9c0b44cb7066d956a958b0b82e54c9e44b4b,0x163ed8fd3de88096406a0905dbcc7781f97930901a04c8dfe560e2b1de6ae75e
360,2492.27395075,0.1146446017345,0x2d1c9539fb112bfcfc12c88ba56d7bddc804ed73,2017-10-31T03:34:36.000Z,0.000046,0xe906b031daa3d55df74905155077d844b2357bef,sell,0x859a9c0b44cb7066d956a958b0b82e54c9e44b4b,0x34039dfbf1ec058f783e8a9390dac4cee63df56f7f2829563a02043e2a2e2470
361,800,0.044792,0xb2949409fb751b3880edcb36c6c40c6b1c259c81,2017-10-31T03:34:21.000Z,0.00005599,0xd92ce5941305b7cf1e5cc5713b93db2b651a4fdf,buy,0x859a9c0b44cb7066d956a958b0b82e54c9e44b4b,0xc12fc05ec5c50e0d9f047c6be2ae87daaaa1095d4220550939ceb42a27d620d7
362,50000,2.79945,0xb2949409fb751b3880edcb36c6c40c6b1c259c81,2017-10-31T03:32:38.000Z,0.000055989,0xd1912a22e42a19a2a6a78f933e84a3ede96126b9,buy,0x859a9c0b44cb7066d956a958b0b82e54c9e44b4b,0x9d7be17a9f76364edab9055ec97afaa7dc0419f89683bf5bb91d70ab3dea86db
363,250,0.01375,0xb2949409fb751b3880edcb36c6c40c6b1c259c81,2017-10-31T03:31:30.000Z,0.000055,0x402f58816aaf4d5b2485963c5a2623e61a3afbc0,buy,0x859a9c0b44cb7066d956a958b0b82e54c9e44b4b,0xfe74ceecada53702cdcd312b4d015a4e77410cd37ac3c36a564a1a068ba22008
364,2500,0.1375,0xb2949409fb751b3880edcb36c6c40c6b1c259c81,2017-10-31T03:29:41.000Z,0.000055,0x7ed2cdccbc263d6610d70d9f3c92d8c18c2ab7bf,buy,0x859a9c0b44cb7066d956a958b0b82e54c9e44b4b,0x80789859c74279fd766efce2a4c8d8dc01ef15cb6262ebb98f86028a2215851d
365,2158.745,0.118728816255,0xb2949409fb751b3880edcb36c6c40c6b1c259c81,2017-10-31T03:29:18.000Z,0.000054999,0xb36eae776507601f6e4f7c9c6d12907602653164,buy,0x859a9c0b44cb7066d956a958b0b82e54c9e44b4b,0x0be97f4fbb2cc436c871d0252fc6813302425a277d29c647b5380f324864e913
366,5810,0.31953838,0xb2949409fb751b3880edcb36c6c40c6b1c259c81,2017-10-31T03:28:11.000Z,0.000054998,0x65271aee2a9c53eb79790b2b83c5dd526e206a1c,buy,0x859a9c0b44cb7066d956a958b0b82e54c9e44b4b,0xdb2db20529c30c6d8879377589636355a91fcb86db50346872c9432304697759
367,2492.27395075,0.1146446017345,0x2d1c9539fb112bfcfc12c88ba56d7bddc804ed73,2017-10-31T03:18:38.000Z,0.000046,0xe9815790a2ab0b4aaa31a9d1c87fbe02a6290bb9,sell,0x859a9c0b44cb7066d956a958b0b82e54c9e44b4b,0x0d28b5e0b565be40006e220300e8aee3d5cf3afdcc0e0c808abfb7efb131c6a7
368,4000.833,0.220045815,0x3e2ee1b447815a295be9966b8387fb59299214db,2017-10-31T02:47:57.000Z,0.000055,0xe537ebbd709f7d40f595c1bb450320f344df9cf9,buy,0x859a9c0b44cb7066d956a958b0b82e54c9e44b4b,0xfd82d36aea5ff715e9cb4dcad54211e871410d5e0ba473de823adae514b749ed
369,2000.833,0.110045815,0x3e2ee1b447815a295be9966b8387fb59299214db,2017-10-31T02:47:57.000Z,0.000055,0xe537ebbd709f7d40f595c1bb450320f344df9cf9,buy,0x859a9c0b44cb7066d956a958b0b82e54c9e44b4b,0x6f3d0771ad2acf3f2256f60137b3b16b062a979ab9ef9d1b82c41218072b70ec
370,420,0.0231,0x3e2ee1b447815a295be9966b8387fb59299214db,2017-10-31T02:47:57.000Z,0.000055,0xe537ebbd709f7d40f595c1bb450320f344df9cf9,buy,0x859a9c0b44cb7066d956a958b0b82e54c9e44b4b,0xef9e53516cb146557c63380026dff68f2288b224f0dbc5526eb6a0bdcb957940
371,500,0.027499,0x3e2ee1b447815a295be9966b8387fb59299214db,2017-10-31T02:47:45.000Z,0.000054998,0x402f58816aaf4d5b2485963c5a2623e61a3afbc0,buy,0x859a9c0b44cb7066d956a958b0b82e54c9e44b4b,0xd1b4717fa823b01b5947117b67473e6d0c994981633fc617f7f3fe4d8dd47885
372,40000,2.23996,0x3e2ee1b447815a295be9966b8387fb59299214db,2017-10-31T02:46:41.000Z,0.000055999,0xfbb4f839b881ad411ac3f02e6808af3b01ffea49,buy,0x859a9c0b44cb7066d956a958b0b82e54c9e44b4b,0x34f59e64bb1d406eab97f6be3712abeab2b7c0b86f976374855c444f0dc6bf4e
373,1000,0.0545,0x3e2ee1b447815a295be9966b8387fb59299214db,2017-10-31T02:44:27.000Z,0.0000545,0xb320ffa395e8429be67732b4ff0c80bc86e9e70d,buy,0x859a9c0b44cb7066d956a958b0b82e54c9e44b4b,0x5a851a5579928bfb1d0f158057674b86779d803ea00b32a9f2854175ed70aff6
374,8439.90455276,0.45997479812581,0x3e2ee1b447815a295be9966b8387fb59299214db,2017-10-31T02:44:24.000Z,0.0000545000000000462,0x346eb8847ec84aae1463b80163a097ad3b24514d,buy,0x859a9c0b44cb7066d956a958b0b82e54c9e44b4b,0xc84e3db38929179a0ff080cba928b4ef73534d1b1040bf4fd0011cbab2a2e18c
375,250,0.01362475,0x3e2ee1b447815a295be9966b8387fb59299214db,2017-10-31T02:43:29.000Z,0.000054499,0x402f58816aaf4d5b2485963c5a2623e61a3afbc0,buy,0x859a9c0b44cb7066d956a958b0b82e54c9e44b4b,0x0594a84826df4d016d1b767eae517a271ac9f34034d97fb70a61e9f1b857fcc9
376,160.09544723,0.00872520187419001,0xb36eae776507601f6e4f7c9c6d12907602653164,2017-10-31T02:42:26.000Z,0.00005450000000096823,0x346eb8847ec84aae1463b80163a097ad3b24514d,buy,0x859a9c0b44cb7066d956a958b0b82e54c9e44b4b,0x4237748096a8453b4371c1d072ae0da07e96208d54f1b11deffd5539c116f7e8
377,4984.5479015,0.229289203469,0x2d1c9539fb112bfcfc12c88ba56d7bddc804ed73,2017-10-31T02:42:14.000Z,0.000046,0x523eb5cc53acd68f9e44201c0bcae252a6e64ce8,sell,0x859a9c0b44cb7066d956a958b0b82e54c9e44b4b,0x6d14b177e3cc3c6e1088eb6062bd2b04edfd74d7ac52bd266eaee39f82da5bd9
378,1400,0.0763,0x3e2ee1b447815a295be9966b8387fb59299214db,2017-10-31T02:39:26.000Z,0.0000545,0x346eb8847ec84aae1463b80163a097ad3b24514d,buy,0x859a9c0b44cb7066d956a958b0b82e54c9e44b4b,0x57e7867f4cf2dfb7e2fceafc465c496fc2fb60d82d6831736d0921ce6b26e592
379,0.24845718,0.00001142903028,0x2d1c9539fb112bfcfc12c88ba56d7bddc804ed73,2017-10-31T02:34:56.000Z,0.000046,0x9c471b289a1036c7a2301a169a5a97e9a9f8d38f,sell,0x859a9c0b44cb7066d956a958b0b82e54c9e44b4b,0xd6b893b057385af98be3109ab5edc5af479be735f65d074ff1c47ffa2a2cc968
