,amount,amountBase,buyer,date,price,seller,side,tokenAddr,txHash
0,32000,0.992,0x87070f1ddef4a3a60cd75af5ef801dc3d5879ce5,2017-11-02T11:01:55.000Z,0.000031,0x5a8874db0a2b1de1a56d3cf4b9c746a754a2f8a5,sell,0x5d21ef5f25a985380b65c8e943a0082feda0db84,0xd4faad2abced992481f8d2ea388150f40d2bae3f4f6ef47bef777789eb4abb57
1,470,0.0188,0xb2bd703b860674c2bf3eecc17f6c5a2cb3ac7f97,2017-11-02T10:51:09.000Z,0.00004,0x7fdfd49462880a6437b7c3d1c1f6804f18232e8d,buy,0x5d21ef5f25a985380b65c8e943a0082feda0db84,0x37ec701ea438f53e8590ce46828c9a3143e0ef3c4c3e64c4df4c35d8a0be402b
2,6258,0.234675,0xb2bd703b860674c2bf3eecc17f6c5a2cb3ac7f97,2017-11-02T10:46:55.000Z,0.0000375,0x58e04d124d4d712bd2d08c29453184078e9ccb31,buy,0x5d21ef5f25a985380b65c8e943a0082feda0db84,0xa4e4056b2ecfe84e19125241043ab214c6c25f8cfc4504a68f1b33c6c5f76c58
3,2746,0.087872,0xb2bd703b860674c2bf3eecc17f6c5a2cb3ac7f97,2017-11-02T10:42:16.000Z,0.000032,0xa3da20fc52a94e817ef723c44c84851fb05fe3fe,buy,0x5d21ef5f25a985380b65c8e943a0082feda0db84,0xeeaf00322560e20b0e77a24cd67b8f6b544db7bb855a942dedbe483ff1c6b3aa
4,4984.632668968432,0.19938530675873728,0xb2bd703b860674c2bf3eecc17f6c5a2cb3ac7f97,2017-11-02T10:30:33.000Z,0.00004,0xadd01d73a2d42e83402b3d242b34c69b5bf112cb,buy,0x5d21ef5f25a985380b65c8e943a0082feda0db84,0xcf35034bb32bd74d4717a876039f76cf3c0f85d0584cc9ac36fa7c10073572e2
5,12.5,0.0005,0x4fda9e6bcd83af6c5cc771b5d20accc2b7720074,2017-11-02T10:13:08.000Z,0.00004,0xadd01d73a2d42e83402b3d242b34c69b5bf112cb,buy,0x5d21ef5f25a985380b65c8e943a0082feda0db84,0x1552946f52f52c4842fa8f6b5ec179c86ae1c81f4f4f9d8790497ff6e6ea219b
6,2190.3583498535454,0.08761433399414183,0xa21ea84282207440ad34bdcb277d6bd5a4b08321,2017-11-02T10:02:03.000Z,0.00004,0xadd01d73a2d42e83402b3d242b34c69b5bf112cb,buy,0x5d21ef5f25a985380b65c8e943a0082feda0db84,0x6abe56cab17ff9cf2c3679a8028c4ac7c39a6054d705acac9f5bccdb0d92bde2
7,3153,0.1254894,0xa21ea84282207440ad34bdcb277d6bd5a4b08321,2017-11-02T10:00:47.000Z,0.0000398,0x8be6d6ae84351564d2e4e7d5cd2f727ce23c2602,buy,0x5d21ef5f25a985380b65c8e943a0082feda0db84,0x33fb12f04e3af7b113fdead10c23f2b18329896da71cdb0d86736f1d65b4c6ea
8,996.9095803010667,0.03190110656963414,0xa3da20fc52a94e817ef723c44c84851fb05fe3fe,2017-11-02T09:59:51.000Z,0.00003199999999999999,0x1829ee60346d0cfdea1132e0bea6503cb623a73c,sell,0x5d21ef5f25a985380b65c8e943a0082feda0db84,0x5788a16301ed9f8ba539d988d74174885508e61baa599d81466edb4750397c26
9,3738.410926129,0.11215232778387,0x212ffb2f514957761d3b8870508f3a1458431460,2017-11-02T09:49:24.000Z,0.00002999999999999999,0x097307160031c139564b59c2ab5aa0a01160bb60,sell,0x5d21ef5f25a985380b65c8e943a0082feda0db84,0x36dd9613ef85ee22bde0ced8800c505c4a1d68261fa4bb21ce43f13629663252
10,939.0888246436049,0.03474628651181338,0x0671f73668831051b71f967938d22f3584a3051d,2017-11-02T09:34:08.000Z,0.00003699999999999999,0xe580e2ce9856375142657a0bab2421e24947388b,sell,0x5d21ef5f25a985380b65c8e943a0082feda0db84,0x10723babad659be154ef29baa3b775fbd0a3083771527bc19786417a6c6a5b4a
11,30,0.00096,0xe420ac2449bebd1d0396b700f389dd414ee6c78d,2017-11-02T09:20:58.000Z,0.000032,0xc5c731dcf77d2561b7229057fd4af4c697394474,sell,0x5d21ef5f25a985380b65c8e943a0082feda0db84,0xc2d84d6dcafebb6130325c28578f5586d4dc44542cb909c2360c17e65ca079a0
12,600,0.0198,0xe420ac2449bebd1d0396b700f389dd414ee6c78d,2017-11-02T09:19:33.000Z,0.000033,0xc5c731dcf77d2561b7229057fd4af4c697394474,sell,0x5d21ef5f25a985380b65c8e943a0082feda0db84,0x5b27fcf28b6b6e041def50339d0c31dc0552791efaa16a4a6a675aefd27317d8
13,1200,0.0408,0xe420ac2449bebd1d0396b700f389dd414ee6c78d,2017-11-02T09:17:47.000Z,0.000034,0xc5c731dcf77d2561b7229057fd4af4c697394474,sell,0x5d21ef5f25a985380b65c8e943a0082feda0db84,0xa22d1460b474b83339f03e32d7be037624bf557301570fc6dc89fc5e8b5a739a
14,163.97717166143195,0.006231132523134414,0x0671f73668831051b71f967938d22f3584a3051d,2017-11-02T09:15:46.000Z,0.00003799999999999999,0xc5c731dcf77d2561b7229057fd4af4c697394474,sell,0x5d21ef5f25a985380b65c8e943a0082feda0db84,0x6b5f8bf364371ccc1ec044a3db15761a7c9b11bd07270a7d72a2c3e48a93523e
15,0.13317611925224962,0.000005060692531585,0x0671f73668831051b71f967938d22f3584a3051d,2017-11-02T09:12:17.000Z,0.00003799999999999635,0x68bc4897e6533f28e6acca36df0cf16e1d963de7,sell,0x5d21ef5f25a985380b65c8e943a0082feda0db84,0x97e255fba8594fa6cd5a03e36eb0a3167fc6eb1fd2b8e746d7c30228dd68ef40
16,1335.8896522193158,0.050763806784334,0x0671f73668831051b71f967938d22f3584a3051d,2017-11-02T09:10:37.000Z,0.00003799999999999999,0x68bc4897e6533f28e6acca36df0cf16e1d963de7,sell,0x5d21ef5f25a985380b65c8e943a0082feda0db84,0x63804748134e8d8e7ee251e806994cdbe6b0edd235dfbb2f6a6cb7f8f9fb62a4
17,408.7428612749794,0.015940971589724195,0x0671f73668831051b71f967938d22f3584a3051d,2017-11-02T09:09:01.000Z,0.00003899999999999999,0x68bc4897e6533f28e6acca36df0cf16e1d963de7,sell,0x5d21ef5f25a985380b65c8e943a0082feda0db84,0xfe90a000005a2afb7598328b5d690eccb7eb40919fa5d0e6b43c222fbda5f207
18,2591.2571387250205,0.10105902841027581,0x0671f73668831051b71f967938d22f3584a3051d,2017-11-02T08:56:18.000Z,0.00003899999999999999,0x73d6f7b96dbc582be0ae6b3454a44c106b697b03,sell,0x5d21ef5f25a985380b65c8e943a0082feda0db84,0x33faefdf695d3f8b36246801f162a3eea02d89838c06ef634939054398596f11
19,1000,0.04,0x0671f73668831051b71f967938d22f3584a3051d,2017-11-02T08:53:30.000Z,0.00004,0x73d6f7b96dbc582be0ae6b3454a44c106b697b03,sell,0x5d21ef5f25a985380b65c8e943a0082feda0db84,0x72a92a9ff1bb6beff846cebb10998e0d073c19ba6265fa5f0ecbd522aaa57916
20,2284.356893464538,0.09137427573858153,0x1a268b86b964d0f535248d5636225eeb9d77ff4b,2017-11-02T08:53:22.000Z,0.00003999999999999999,0x73d6f7b96dbc582be0ae6b3454a44c106b697b03,sell,0x5d21ef5f25a985380b65c8e943a0082feda0db84,0x478ff3348cbfe17cf8eed4c52b4f9dd0d9164d6ef89bd490d4763b6e2b2b3770
21,5500,0.22,0x0671f73668831051b71f967938d22f3584a3051d,2017-11-02T08:53:22.000Z,0.00004,0x73d6f7b96dbc582be0ae6b3454a44c106b697b03,sell,0x5d21ef5f25a985380b65c8e943a0082feda0db84,0x7b587bf762fe982431508fe4fae277a90d370379ba477d6a02d49eb61495a814
22,5957.274569784667,0.2382909827913867,0x1a268b86b964d0f535248d5636225eeb9d77ff4b,2017-11-02T08:46:45.000Z,0.00003999999999999999,0x8d5ebdf9d7107bd8c63e490fe616d4b89184807c,sell,0x5d21ef5f25a985380b65c8e943a0082feda0db84,0xd8cb6cbd9b14791f8d8387bcf650df38a24765792515ca9ad038319df60061d9
23,1395.6734124214934,0.055826936496859735,0x1a268b86b964d0f535248d5636225eeb9d77ff4b,2017-11-02T08:27:34.000Z,0.00003999999999999999,0x56de9520c6304a07b24c1ef87c2c4df66c8a5e3f,sell,0x5d21ef5f25a985380b65c8e943a0082feda0db84,0x60adfe74b6227dd2912181adc0e0af145765d07fdf55b525c4fe319c790fe8cb
24,9500,0.418,0xa1619bda3f5160d19df5f9358f76a3e9bc893ed6,2017-11-02T08:18:42.000Z,0.000044,0x73d6f7b96dbc582be0ae6b3454a44c106b697b03,buy,0x5d21ef5f25a985380b65c8e943a0082feda0db84,0xafa56d55019a981ec78911ec348e72805686841c11afd15911524ef7d4aea98d
25,3225,0.1419,0xa1619bda3f5160d19df5f9358f76a3e9bc893ed6,2017-11-02T08:13:29.000Z,0.000044,0x73d6f7b96dbc582be0ae6b3454a44c106b697b03,buy,0x5d21ef5f25a985380b65c8e943a0082feda0db84,0x9b2dbfec80a658f79e0ae5bf10ce2797054d682492526f6ebdc42f0ebdab20a4
26,5000,0.22,0xa1619bda3f5160d19df5f9358f76a3e9bc893ed6,2017-11-02T08:10:55.000Z,0.000044,0x73d6f7b96dbc582be0ae6b3454a44c106b697b03,buy,0x5d21ef5f25a985380b65c8e943a0082feda0db84,0x5c3bd66ceeab6b39f1ca904444ffd1968f5e3800c13846aeaa2a23409bd63f48
27,6000,0.264,0xa1619bda3f5160d19df5f9358f76a3e9bc893ed6,2017-11-02T08:03:29.000Z,0.000044,0x73d6f7b96dbc582be0ae6b3454a44c106b697b03,buy,0x5d21ef5f25a985380b65c8e943a0082feda0db84,0xce0adea4b7151ae037cd481d7dd5b5fb674c04d0e446f7e0dee3da6ce8aa5127
28,1000,0.042998,0xa1619bda3f5160d19df5f9358f76a3e9bc893ed6,2017-11-02T08:01:42.000Z,0.000042998,0xa00ce89912a904af47c8aaba902e9f8baace8515,buy,0x5d21ef5f25a985380b65c8e943a0082feda0db84,0xbe9eec13a5a2ef8f568680318f7640c25da575834fbcc40aa54c61504288d2b0
29,163.246879850503,0.00652987519402012,0xa1619bda3f5160d19df5f9358f76a3e9bc893ed6,2017-11-02T07:57:40.000Z,0.00004,0xafc092e6fdd10f28d93abd00d1e427effdaad39c,buy,0x5d21ef5f25a985380b65c8e943a0082feda0db84,0x4dac04be6536b2861d40dc7c55db1ab9844ee60af7d7f1e9c82afd93bd79a5ee
30,1000,0.04,0x1a268b86b964d0f535248d5636225eeb9d77ff4b,2017-11-02T07:56:06.000Z,0.00004,0x9e80568e1a201b51e629cc32c24aeb293a85968f,sell,0x5d21ef5f25a985380b65c8e943a0082feda0db84,0xd17f3b3c91d10c7f45ac54a80939de549d4bc19c8373c16694d522f98903c830
31,750,0.03224925,0xa21ea84282207440ad34bdcb277d6bd5a4b08321,2017-11-02T07:54:35.000Z,0.000042999,0x0a23e3542ea05bcf2dea1ae66eef33543c71b891,buy,0x5d21ef5f25a985380b65c8e943a0082feda0db84,0x42558f763a5b64359e025d7098e1c9587250da2db80037258c9c2b849e466ae7
32,1362.6951243293013,0.05450780497317205,0x1a268b86b964d0f535248d5636225eeb9d77ff4b,2017-11-02T07:52:47.000Z,0.00003999999999999999,0x246a44139502cd3ce09b959da7558655ffef82af,sell,0x5d21ef5f25a985380b65c8e943a0082feda0db84,0x62095501771685b7cd7f70d5e686c28cd97a43e5f98cb459fb5ee0212440f55c
33,3000,0.12012,0x691146ede2868d5e69cca70d36afadede1a0b152,2017-11-02T07:45:36.000Z,0.00004004,0x246a44139502cd3ce09b959da7558655ffef82af,sell,0x5d21ef5f25a985380b65c8e943a0082feda0db84,0x58cc3fca80fa2a82ddda9e9c803c94991b46bbdf952c9d4008b7f5f2c36fd27d
34,8374.67,0.3353217868,0x029fad5ca06e33602d8831347d6bae3bbda0a3e2,2017-11-02T07:38:20.000Z,0.00004004,0x246a44139502cd3ce09b959da7558655ffef82af,sell,0x5d21ef5f25a985380b65c8e943a0082feda0db84,0xd632b2ff493ba4e2d6d5ace2648271132259082b13006f7caba910416e10fc7c
35,1300,0.052065,0x3cc20253b2f7ceeec87ed6db1facdd622f975d3c,2017-11-02T07:38:20.000Z,0.00004005,0x246a44139502cd3ce09b959da7558655ffef82af,sell,0x5d21ef5f25a985380b65c8e943a0082feda0db84,0x488697c52363002c2de5fadd77f28d0204a5fd0f482f11c2360a0189219e4c89
36,886.7531201494963,0.03901713728657784,0x3cc20253b2f7ceeec87ed6db1facdd622f975d3c,2017-11-02T06:59:57.000Z,0.000044,0xafc092e6fdd10f28d93abd00d1e427effdaad39c,buy,0x5d21ef5f25a985380b65c8e943a0082feda0db84,0xea88ea6c662c293dab369dd9130ff243cf57a9ba69317051ba9ba8f9f02c597d
37,700,0.0308,0xb94fe30bb4fc91dd94ba3fdbb21022dd7ce4c27a,2017-11-02T06:31:31.000Z,0.000044,0xafc092e6fdd10f28d93abd00d1e427effdaad39c,buy,0x5d21ef5f25a985380b65c8e943a0082feda0db84,0x1fdabc101f582450163522dd3f7d58e34b3f25e3da8ebf9f9c5b26a42300f524
38,5000,0.220045,0xb94fe30bb4fc91dd94ba3fdbb21022dd7ce4c27a,2017-11-02T06:30:24.000Z,0.000044009,0xdef0083fea701af025c19bdf0d328d5a44eac384,buy,0x5d21ef5f25a985380b65c8e943a0082feda0db84,0xf8669973ff42929373c092ec36f526455b7cd1bbb0e8d549edbd3ef7dd410014
39,9858.781380139573,0.41406881796586203,0xb94fe30bb4fc91dd94ba3fdbb21022dd7ce4c27a,2017-11-02T06:27:41.000Z,0.00004199999999999999,0xf33bc464fb8a61db1d8cce0c22dad4f833fabb2a,sell,0x5d21ef5f25a985380b65c8e943a0082feda0db84,0x9b048dcf73942c53a4006630633d6f1b987e3f3e29a30e69580b024fbcc167e7
40,1744.5917655268668,0.06985345429169575,0x029fad5ca06e33602d8831347d6bae3bbda0a3e2,2017-11-02T05:03:54.000Z,0.00004003999999999999,0x2b057a9574ed945d2f6a631bc39857401ad67a30,sell,0x5d21ef5f25a985380b65c8e943a0082feda0db84,0x98249bfb996bf8975b9a0bad3ebe762cc92d2bc896cb3688f124c3877b383e3c
41,380.73822187975816,0.015244758404065518,0x029fad5ca06e33602d8831347d6bae3bbda0a3e2,2017-11-02T03:25:40.000Z,0.00004003999999999999,0x8286c8bbedecde7b850e7ca24bfcb45632ac35f7,sell,0x5d21ef5f25a985380b65c8e943a0082feda0db84,0x2f6cc55ab78cf719e803c8b7a27c887f1d29c2b09f5fcf1fd684bce5213b6d84
42,9971.720016668329,0.4985860008334164,0x05bf82037c7b21de2f32ed2f5bc9425228ce9299,2017-11-02T02:46:43.000Z,0.00005,0x37f3fd11697bdf58a0a7be6b7e35b51edd07afac,buy,0x5d21ef5f25a985380b65c8e943a0082feda0db84,0xce80fa63fc187315b08dc272ae10c0c37372f87bbabcef0873b3a185cdbf6b88
43,1,0.0000475,0xed2ca7381d82f8fb9bcc54ea6ab6526e35aece25,2017-11-02T02:23:24.000Z,0.0000475,0x4b0b415ea01924be143a22e60829195f984e1966,buy,0x5d21ef5f25a985380b65c8e943a0082feda0db84,0xfd7f64960023db8e84ae0c4c1aaa863742659914968089bbf95c5d62295da6f2
44,1,0.0000475,0xe2b48b3dd0b33283b4802e63e65518f27e635054,2017-11-02T02:23:24.000Z,0.0000475,0x4b0b415ea01924be143a22e60829195f984e1966,buy,0x5d21ef5f25a985380b65c8e943a0082feda0db84,0x9544dfbeae30d6f4b30992bab94e473fe3d7f835e3e662a50d7b19f039771ef3
45,4094.5588976813924,0.2043184889943015,0xd0688e7a444d19ef2a94f14dfaf104a86b8acf5c,2017-11-02T01:15:01.000Z,0.0000499,0xcc5d3e88c658fb119aa2c22bc8fc082b697ac9b1,buy,0x5d21ef5f25a985380b65c8e943a0082feda0db84,0x86a3241b1aeb2fc96f436f513734b4d11ed4d581705cb9bc2525e24b2f59295f
46,4847,0.2389571,0xd0688e7a444d19ef2a94f14dfaf104a86b8acf5c,2017-11-02T01:14:05.000Z,0.0000493,0x8be6d6ae84351564d2e4e7d5cd2f727ce23c2602,buy,0x5d21ef5f25a985380b65c8e943a0082feda0db84,0x7171ca35b072298eaeec22b0902c21b685a1a2bc6918e8e1a0b3fa7de006be50
47,1500,0.0735,0xd0688e7a444d19ef2a94f14dfaf104a86b8acf5c,2017-11-02T01:13:12.000Z,0.000049,0x02d2280ba85e89fff0e7184e1151bc64d7516d45,buy,0x5d21ef5f25a985380b65c8e943a0082feda0db84,0xf260bde0b041472048973143b0bfaaa137c2a197bd4aa5603dfcb6556885f04d
48,1863,0.089424,0xd0688e7a444d19ef2a94f14dfaf104a86b8acf5c,2017-11-02T01:08:40.000Z,0.000048,0x8799e8fe11b2ac73cd9da93083905e7a7d8b7fee,buy,0x5d21ef5f25a985380b65c8e943a0082feda0db84,0x00186d3260115f2d76fa884461d5c1bdbbc423c85a33d9094ff6d691bad29182
49,1000,0.04788,0x531ebc575ad77f139661ebeba6faa5424da12c2e,2017-11-02T01:07:31.000Z,0.00004788,0xb9b65361c4da42b14b935bc778f141afa5d71558,buy,0x5d21ef5f25a985380b65c8e943a0082feda0db84,0xa9f73524568ddc409560651db973b5c50b749099220a159dd9cd4518b607f810
50,2000,0.0937,0xd0688e7a444d19ef2a94f14dfaf104a86b8acf5c,2017-11-02T01:01:36.000Z,0.00004685,0xb9b65361c4da42b14b935bc778f141afa5d71558,buy,0x5d21ef5f25a985380b65c8e943a0082feda0db84,0x9148c38dca29e4fc33fce1aad279130b4c677663cec06d2702d647ac3370ed28
51,1759,0.0826728241,0xd0688e7a444d19ef2a94f14dfaf104a86b8acf5c,2017-11-02T01:00:43.000Z,0.0000469999,0x62811bad33976daa81da5a013f5a6486054b9dfd,buy,0x5d21ef5f25a985380b65c8e943a0082feda0db84,0x3473e0ceb0dc15d09bb8cb0f662e93ad0bb57059f7d1a3ccfe617f3497473209
52,14429.386012474892,0.6781811425863199,0xd0688e7a444d19ef2a94f14dfaf104a86b8acf5c,2017-11-02T00:59:07.000Z,0.00004699999999999999,0x02ded38d0d07e3dd94c03088d356e95fbf5098eb,sell,0x5d21ef5f25a985380b65c8e943a0082feda0db84,0x916b828f143c7bf5fa39c2581553d4df8d27bcfa3adb335fad5be9be0281fbb9
53,1000,0.042,0xe420ac2449bebd1d0396b700f389dd414ee6c78d,2017-11-02T00:47:46.000Z,0.000042,0x0671f73668831051b71f967938d22f3584a3051d,sell,0x5d21ef5f25a985380b65c8e943a0082feda0db84,0x0578a6b0da8443a108d91ae4120e46e77b1ffdb3c1d8bbf1120bf20cf660d217
54,3000,0.1215,0xb9b65361c4da42b14b935bc778f141afa5d71558,2017-11-02T00:43:21.000Z,0.0000405,0x0671f73668831051b71f967938d22f3584a3051d,sell,0x5d21ef5f25a985380b65c8e943a0082feda0db84,0x5b2fa8bcb0cfa2230e5bd5967ecbcea88f1f37e80d3eeb3bd27a09666450ba67
55,12.685676269931255,0.000596226784686769,0x01aa8c3ab120e1557232a1a547b65af8c645c0ed,2017-11-02T00:43:04.000Z,0.000047,0x02ded38d0d07e3dd94c03088d356e95fbf5098eb,buy,0x5d21ef5f25a985380b65c8e943a0082feda0db84,0x25683b250fbb2f9734d0fde4cd82c160cee99a58d63877954f09a92c0b61658a
56,60,0.00282,0x01aa8c3ab120e1557232a1a547b65af8c645c0ed,2017-11-02T00:40:40.000Z,0.000047,0x02ded38d0d07e3dd94c03088d356e95fbf5098eb,buy,0x5d21ef5f25a985380b65c8e943a0082feda0db84,0xd3f4b92b68b93b37c73fb78d0fabed1e54eaf5dff14cf0fc39b4cab2f8e6a0af
57,1600,0.0752,0x05bf82037c7b21de2f32ed2f5bc9425228ce9299,2017-11-02T00:31:28.000Z,0.000047,0x0671f73668831051b71f967938d22f3584a3051d,sell,0x5d21ef5f25a985380b65c8e943a0082feda0db84,0x69850694a87733c3f4117e9821b3177576f59160f912edaa5b903ab6f15614ef
58,66.136,0.002579304,0x0671f73668831051b71f967938d22f3584a3051d,2017-11-02T00:27:29.000Z,0.000039,0x0671f73668831051b71f967938d22f3584a3051d,sell,0x5d21ef5f25a985380b65c8e943a0082feda0db84,0x21c2d7c1d5dfa8a1daf334c3e634ea86ced6d052fcbd25eae29f8f5252301444
59,4612,0.193238188,0x05bf82037c7b21de2f32ed2f5bc9425228ce9299,2017-11-02T00:20:55.000Z,0.000041899,0x029fad5ca06e33602d8831347d6bae3bbda0a3e2,buy,0x5d21ef5f25a985380b65c8e943a0082feda0db84,0x3870acc34355127f2f91eb91934b241473a9d2d26042503d7edb48af22910edf
60,5480,0.23016,0x05bf82037c7b21de2f32ed2f5bc9425228ce9299,2017-11-02T00:19:15.000Z,0.000042,0x0671f73668831051b71f967938d22f3584a3051d,buy,0x5d21ef5f25a985380b65c8e943a0082feda0db84,0x1bd0a9857515f44ea2e26ebab2a70e63a69f832adbc077cba245c983a4c61d55
61,110.656,0.0046364864,0xe420ac2449bebd1d0396b700f389dd414ee6c78d,2017-11-02T00:18:21.000Z,0.0000419,0x029fad5ca06e33602d8831347d6bae3bbda0a3e2,buy,0x5d21ef5f25a985380b65c8e943a0082feda0db84,0x525825fd2777bb5c63fadfbc5e050e9be48826ea77c0d98dfdcc82db58eb495d
62,4889.343573907016,0.20486349574670398,0xf33bc464fb8a61db1d8cce0c22dad4f833fabb2a,2017-11-02T00:16:55.000Z,0.0000419,0x029fad5ca06e33602d8831347d6bae3bbda0a3e2,buy,0x5d21ef5f25a985380b65c8e943a0082feda0db84,0xc0c61a1e2132049f0271c469f80a7de47698f52872441fe01e312bfca9f37178
63,3500,0.150465,0xf33bc464fb8a61db1d8cce0c22dad4f833fabb2a,2017-11-02T00:01:12.000Z,0.00004299,0x02f3f615dad26e296bec71632d7d3fdb702dae7c,buy,0x5d21ef5f25a985380b65c8e943a0082feda0db84,0xfe8e34f4bbd1d99f81d56c3f67c98206efee262643f14bc813448813e1981e7a
64,453.32099942495097,0.02062610547383527,0x2d1eb61ad0a8851931e45ede7c37838e00f60568,2017-11-01T23:49:02.000Z,0.0000455,0x02ded38d0d07e3dd94c03088d356e95fbf5098eb,buy,0x5d21ef5f25a985380b65c8e943a0082feda0db84,0x825e800d452205fdcbac69e773f4a6b7ef7617cfb7c04a8695d8969506faf975
65,4500.143,0.2025059849857,0xd9e9b63221757d6b47556855e51a69f8618547ee,2017-11-01T23:37:47.000Z,0.0000449999,0x254fb89e4cab71708eaab16e067ca8156a38e18a,buy,0x5d21ef5f25a985380b65c8e943a0082feda0db84,0x55c77b061e52d5fae7e5f1663891e74e14fee0a4eef766f8d6ae7276657d2a94
66,1000,0.0449899,0xe420ac2449bebd1d0396b700f389dd414ee6c78d,2017-11-01T23:36:58.000Z,0.0000449899,0xaa5a8763179d7e24b0230e981cf7cd5d9fa7cff8,buy,0x5d21ef5f25a985380b65c8e943a0082feda0db84,0x3d4f61d1e0730c4402a3d3599bbd4b38151c3423f9df0440b222d795fa32e1c1
67,300,0.012897,0xe420ac2449bebd1d0396b700f389dd414ee6c78d,2017-11-01T23:36:14.000Z,0.00004299,0xaa5a8763179d7e24b0230e981cf7cd5d9fa7cff8,buy,0x5d21ef5f25a985380b65c8e943a0082feda0db84,0xecfe99fe4fcb4251315af932131fe6823fe73cb183da156f0bcd780fbd01f6f6
68,925,0.037925,0xe420ac2449bebd1d0396b700f389dd414ee6c78d,2017-11-01T23:35:23.000Z,0.000041,0x5e0221c72f941fbc27e8ba90609a7f1594ec068a,buy,0x5d21ef5f25a985380b65c8e943a0082feda0db84,0x3242513b12fb6280957d4f1a19d070b65297ddbaaa0336aa736f436994752d3f
69,1000,0.039333,0xe420ac2449bebd1d0396b700f389dd414ee6c78d,2017-11-01T23:34:54.000Z,0.000039333,0x254fb89e4cab71708eaab16e067ca8156a38e18a,buy,0x5d21ef5f25a985380b65c8e943a0082feda0db84,0x92ec520d95d3a2d8683589e62629365977fcabf5541beca8dfbdb436e22c9cbb
70,123.358,0.0043668732,0xe420ac2449bebd1d0396b700f389dd414ee6c78d,2017-11-01T23:34:39.000Z,0.0000354,0x68fc33994201cfa4f1765de67a1272c118e094e2,buy,0x5d21ef5f25a985380b65c8e943a0082feda0db84,0xa1e0cb6bb5e8d2ed61927d8c8166dd680b92aab37a1d26d3b9b4da9209a94c0d
71,1300,0.0494,0xe420ac2449bebd1d0396b700f389dd414ee6c78d,2017-11-01T23:34:39.000Z,0.000038,0x5a91def498b2dd9c6995f92e03412574ad8c1672,buy,0x5d21ef5f25a985380b65c8e943a0082feda0db84,0x7893a6edeae7b9a300b67d4c86954dbdc0eccbfd47eaaddf3e2a45060d2c3d03
72,1500,0.05325,0xf33bc464fb8a61db1d8cce0c22dad4f833fabb2a,2017-11-01T23:28:40.000Z,0.0000355,0x5c491c32a1d0797e57d12ef51377d762adb6986b,buy,0x5d21ef5f25a985380b65c8e943a0082feda0db84,0x3adacf7ba383f8930a633c7cacde8582b0b64e7343265fa8a44fb10399a4c5d8
73,1500,0.05325,0x03d6b1be11fde362f2d1a5fdd0dff86599cd54dd,2017-11-01T23:26:13.000Z,0.0000355,0x5c491c32a1d0797e57d12ef51377d762adb6986b,buy,0x5d21ef5f25a985380b65c8e943a0082feda0db84,0x61295c1198dbda580e26480e1e8be0d8d50a8133cfd600af10cf64d8094ca961
74,2500,0.0875,0x03d6b1be11fde362f2d1a5fdd0dff86599cd54dd,2017-11-01T23:24:34.000Z,0.000035,0x02f3f615dad26e296bec71632d7d3fdb702dae7c,buy,0x5d21ef5f25a985380b65c8e943a0082feda0db84,0x10d201e7c648bb4586b4146fa2239cc7e4ae43790baa041e17dc7c5e69679927
75,3700,0.1406,0x03d6b1be11fde362f2d1a5fdd0dff86599cd54dd,2017-11-01T23:23:44.000Z,0.000038,0x5a91def498b2dd9c6995f92e03412574ad8c1672,buy,0x5d21ef5f25a985380b65c8e943a0082feda0db84,0x1362535b0ceac5c5ff4551473eed4748a29c8b9d9caffdce9a9640c539242cc2
76,969.09,0.0338987682,0xd9e9b63221757d6b47556855e51a69f8618547ee,2017-11-01T23:23:44.000Z,0.00003498,0x7e826e85cba4d3aaaa1b484f53be01d10f527fd6,buy,0x5d21ef5f25a985380b65c8e943a0082feda0db84,0x699138b69e955ffbe7f76583a4b88d536381eda6b6912547b98f1f0d1fafac9b
77,2026.948,0.07092291052,0x03d6b1be11fde362f2d1a5fdd0dff86599cd54dd,2017-11-01T23:22:06.000Z,0.00003499,0x02f3f615dad26e296bec71632d7d3fdb702dae7c,buy,0x5d21ef5f25a985380b65c8e943a0082feda0db84,0xdd04eb3ed6bb3a19aa6154c185d28521a46710fc84129998bda26818fc09fa87
78,5999,0.21026495,0x03d6b1be11fde362f2d1a5fdd0dff86599cd54dd,2017-11-01T23:21:14.000Z,0.00003505,0x02f3f615dad26e296bec71632d7d3fdb702dae7c,buy,0x5d21ef5f25a985380b65c8e943a0082feda0db84,0x0e6f01e4668da39d5630f47f8258fc77d47659a87aeb16b1346b2e3e811949a6
79,20000,0.788,0x7927551aea21d146c065257e06e677a52ba29de2,2017-11-01T23:20:45.000Z,0.0000394,0x212ffb2f514957761d3b8870508f3a1458431460,buy,0x5d21ef5f25a985380b65c8e943a0082feda0db84,0x82d7d153babf74ee71a5b041352b9d936c3bcd6ce3eb709f7a7ef2d6ad41e220
80,150000,5.325,0x7927551aea21d146c065257e06e677a52ba29de2,2017-11-01T23:20:23.000Z,0.0000355,0x9a8896103cc578b8f8bfe1a4139b090fb72aa3c1,buy,0x5d21ef5f25a985380b65c8e943a0082feda0db84,0xd5d48897ac93ac736e942d7f546ae1293947eabd322d2522c7a5a937018bd2ff
81,1202.8260639137561,0.025259881396961253,0x4ed8fc60b6b921c310e63fa3dc6e229aa1d56d76,2017-11-01T22:43:27.000Z,0.00002100044399999999,0x7322f723ab0b701ad0b4f328e4f9690fe8a4b18e,sell,0x5d21ef5f25a985380b65c8e943a0082feda0db84,0x9cd4eae7d30514ea359de96aad289e1486e83a8f0dc4f67d8219725f787b2b42
82,125.2166154417859,0.003506065232370005,0x508e4a96dab9bd044d0bb654d623c4ef663dfc35,2017-11-01T22:12:59.000Z,0.00002799999999999999,0x7322f723ab0b701ad0b4f328e4f9690fe8a4b18e,sell,0x5d21ef5f25a985380b65c8e943a0082feda0db84,0x1a475ce43b090dfff3a8e4b3b42e3fdf090d604bd031704f1c16090f956f4a5e
83,972.0519260842823,0.03401209689368904,0xb2bd703b860674c2bf3eecc17f6c5a2cb3ac7f97,2017-11-01T22:07:37.000Z,0.00003499,0x02f3f615dad26e296bec71632d7d3fdb702dae7c,buy,0x5d21ef5f25a985380b65c8e943a0082feda0db84,0x47229e9f55b2d758773e9fdc76e335fbdfcd5a6110717a3858bf136e78ce1dce
84,65.9267558680367,0.001845949164305027,0x508e4a96dab9bd044d0bb654d623c4ef663dfc35,2017-11-01T21:38:41.000Z,0.00002799999999999999,0x225cac138e326702d57ec61590ff9f5aca335929,sell,0x5d21ef5f25a985380b65c8e943a0082feda0db84,0xa50f4885ed8835c304ac52212a85dfe611a86b6b94895c9333fdb482e641ec9b
85,7330.507262233004,0.1466321367664468,0x5a1898da0b32b6445be766db939730ba2d1f0a22,2017-11-01T21:34:55.000Z,0.00002000299999999999,0x03d6b1be11fde362f2d1a5fdd0dff86599cd54dd,sell,0x5d21ef5f25a985380b65c8e943a0082feda0db84,0xb4ffce6045558e63df5a07718c4ce0f50e38566e317c63250096abd6a20f40cd
86,2607.9327569985317,0.07328291047165875,0xbacf586332ad2a67d54a4f68f6ab002d235074e4,2017-11-01T21:33:31.000Z,0.00002809999999999999,0x03d6b1be11fde362f2d1a5fdd0dff86599cd54dd,sell,0x5d21ef5f25a985380b65c8e943a0082feda0db84,0x28cbf577ba5a92dcf19085d9571e15bb3b504efa4ebff0157db61b8ba90a7f9b
87,11621.369,0.34864107,0xb2bd703b860674c2bf3eecc17f6c5a2cb3ac7f97,2017-11-01T21:32:51.000Z,0.00003,0x03d6b1be11fde362f2d1a5fdd0dff86599cd54dd,sell,0x5d21ef5f25a985380b65c8e943a0082feda0db84,0xd09dcb01cb72ecc7c0fc3d54894c1bdc96b9ebd180dc371f87080ff4a4042b50
88,1380.91,0.04695094,0x4706edf336652496dc03c0ab246c57dbc6aab114,2017-11-01T20:51:44.000Z,0.000034,0x7e826e85cba4d3aaaa1b484f53be01d10f527fd6,buy,0x5d21ef5f25a985380b65c8e943a0082feda0db84,0x9c573000ef4168faea4d222fed0f4590ea406165930b712ce0a920364fa66c7e
89,5590,0.1677,0x4706edf336652496dc03c0ab246c57dbc6aab114,2017-11-01T20:49:56.000Z,0.00003,0xdab297d40031c9aa254d1ec6efbe351691db04d6,buy,0x5d21ef5f25a985380b65c8e943a0082feda0db84,0x54f5e97434ccf97a6c857cd5b8a4abc506cb10e852be8b2b82bf44749cd0fe37
90,1178.630718555093,0.03535892155665279,0xb2bd703b860674c2bf3eecc17f6c5a2cb3ac7f97,2017-11-01T20:24:05.000Z,0.00002999999999999999,0x72c7c99e6e9db5bc915d2fccbb6102ed3e120f96,sell,0x5d21ef5f25a985380b65c8e943a0082feda0db84,0xf1a814427d14b7ec4ab57601e4722f5203adeb32f4079f8fed1909cb9b6cd28a
91,0.00248600339475037,0.000000069856695392,0xbacf586332ad2a67d54a4f68f6ab002d235074e4,2017-11-01T19:26:52.000Z,0.00002809999999980474,0x65e44324f5a4edb9fa333b1e0185975641cd5029,sell,0x5d21ef5f25a985380b65c8e943a0082feda0db84,0x521d1a2928825c7158d032528dfd3373a9d0de2b9f6b83d5f650ffa3caf44bed
92,8966.254286579127,0.2510551200242156,0x508e4a96dab9bd044d0bb654d623c4ef663dfc35,2017-11-01T19:26:12.000Z,0.00002799999999999999,0xe8ac4ae3f46a25889af3618cbe911700fb2086df,sell,0x5d21ef5f25a985380b65c8e943a0082feda0db84,0xb2727321ca4e28558ca84388deac5dce53218357a2df7ecb94250391d783aec6
93,0.118,0.0000033158,0xbacf586332ad2a67d54a4f68f6ab002d235074e4,2017-11-01T18:42:32.000Z,0.0000281,0x9b89d2707cba6dd93fd3177cc2dca60654b27822,sell,0x5d21ef5f25a985380b65c8e943a0082feda0db84,0xd8344de543ab7bd36b43a0257928b6bf37ee45776a432967f77c8112085c216d
94,0.09389421421432152,0.000002638427419422,0xbacf586332ad2a67d54a4f68f6ab002d235074e4,2017-11-01T18:40:21.000Z,0.00002809999999999537,0x0ea8e667041dd095e4ea311fb363d13a36e99d4e,sell,0x5d21ef5f25a985380b65c8e943a0082feda0db84,0x2f94c95d5dac03638ede45abcb45391e8d12ef2dd8ed4d2b4a85e93a6dbe99d4
95,941.8528627838591,0.02646606544422644,0xbacf586332ad2a67d54a4f68f6ab002d235074e4,2017-11-01T18:39:05.000Z,0.00002809999999999999,0x0ea8e667041dd095e4ea311fb363d13a36e99d4e,sell,0x5d21ef5f25a985380b65c8e943a0082feda0db84,0x2113ec778c6a6f64b8fe8ed35666810bf8e85110a16abe27940983caf6a5c1d2
96,400,0.0112,0x508e4a96dab9bd044d0bb654d623c4ef663dfc35,2017-11-01T18:13:49.000Z,0.000028,0x0ea8e667041dd095e4ea311fb363d13a36e99d4e,sell,0x5d21ef5f25a985380b65c8e943a0082feda0db84,0xa296b275aaadb4df7da8ada855ab315a5ee1d08b9576f1ca6137b6aa21d14a9a
97,12.776499133428256,0.000357741975735991,0x508e4a96dab9bd044d0bb654d623c4ef663dfc35,2017-11-01T18:07:11.000Z,0.00002799999999999998,0x7927551aea21d146c065257e06e677a52ba29de2,sell,0x5d21ef5f25a985380b65c8e943a0082feda0db84,0x69a8fb23ee5c10a27656c5d07d153d23691d77579fee4b41c4e78daf421d10d6
98,185.02984546057039,0.005365865518356541,0x508e4a96dab9bd044d0bb654d623c4ef663dfc35,2017-11-01T17:35:37.000Z,0.00002899999999999999,0xcd46f0b64e76335597d7ff5bf35d17cf493abed3,sell,0x5d21ef5f25a985380b65c8e943a0082feda0db84,0x3acabb32ec5a32c989d5f2317954dc3773e1421fbe915d4703950f4aca1644e6
99,2300,0.0759,0xb2bd703b860674c2bf3eecc17f6c5a2cb3ac7f97,2017-11-01T17:28:12.000Z,0.000033,0x72c7c99e6e9db5bc915d2fccbb6102ed3e120f96,sell,0x5d21ef5f25a985380b65c8e943a0082feda0db84,0x587666ed3ac090b77006f161d757faae5760576fa13a43f91278f20bda1b2c4d
100,3489.1835310537335,0.1081681786461968,0x72c7c99e6e9db5bc915d2fccbb6102ed3e120f96,2017-11-01T17:04:31.000Z,0.00003100099999999999,0xa21ea84282207440ad34bdcb277d6bd5a4b08321,sell,0x5d21ef5f25a985380b65c8e943a0082feda0db84,0x9b4476c37e16be3577a14868b2c1e6aba1435d5202199afcdd58e1c204dd4258
101,10000,0.355,0x03d6b1be11fde362f2d1a5fdd0dff86599cd54dd,2017-11-01T16:47:38.000Z,0.0000355,0x7fdfd49462880a6437b7c3d1c1f6804f18232e8d,buy,0x5d21ef5f25a985380b65c8e943a0082feda0db84,0x4bca99e2b758a9fc223ab57b180ed46ad6ba6b0066c115eb57c11dd08373d06f
102,11624.24,0.4068484,0x03d6b1be11fde362f2d1a5fdd0dff86599cd54dd,2017-11-01T16:46:54.000Z,0.000035,0x72c7c99e6e9db5bc915d2fccbb6102ed3e120f96,buy,0x5d21ef5f25a985380b65c8e943a0082feda0db84,0xc9b203f07c4e544ebb3e060433b1cc66afa2b12b483d9c33319ddd5b6a35cd91
103,9970,0.353935,0x7fdfd49462880a6437b7c3d1c1f6804f18232e8d,2017-11-01T16:45:44.000Z,0.0000355,0x273a5d3e6721b9f5c1a6474f560c1334c63dda01,sell,0x5d21ef5f25a985380b65c8e943a0082feda0db84,0x5ded4d1a630b82998d7e1ec9d66f6c7f0b6767c9cc3b6b2dbe9a066f2c858f1a
104,10000,0.35,0x273a5d3e6721b9f5c1a6474f560c1334c63dda01,2017-11-01T16:45:44.000Z,0.000035,0x72c7c99e6e9db5bc915d2fccbb6102ed3e120f96,buy,0x5d21ef5f25a985380b65c8e943a0082feda0db84,0x5ded4d1a630b82998d7e1ec9d66f6c7f0b6767c9cc3b6b2dbe9a066f2c858f1a
105,429.82584297762116,0.012035123603373393,0x508e4a96dab9bd044d0bb654d623c4ef663dfc35,2017-11-01T16:13:50.000Z,0.00002799999999999999,0x487e4844d749ca83a140dbcd4df0c150cee762f6,sell,0x5d21ef5f25a985380b65c8e943a0082feda0db84,0x79c8e2b426ba6973105172b88c0c7e48c79b41059218c285ca4ae3a2abd330a0
106,1000,0.03,0xa00ce89912a904af47c8aaba902e9f8baace8515,2017-11-01T16:09:32.000Z,0.00003,0x225cac138e326702d57ec61590ff9f5aca335929,sell,0x5d21ef5f25a985380b65c8e943a0082feda0db84,0xb549de55bab509e24e3787a5486e069bf7c83754c279a7d0122ed88cf9221a50
107,430.449,0.012914761347,0x93018adddc7ac587d1a1291970f315d53943afd4,2017-11-01T16:08:42.000Z,0.000030003,0x225cac138e326702d57ec61590ff9f5aca335929,sell,0x5d21ef5f25a985380b65c8e943a0082feda0db84,0xfb66d934e9ef8d50f878c8510e648e1a576075f49cfeefa0e74e815ac2ae1831
108,3153.3526354907835,0.09462265253317194,0x8be6d6ae84351564d2e4e7d5cd2f727ce23c2602,2017-11-01T16:08:40.000Z,0.00003000699999999999,0x225cac138e326702d57ec61590ff9f5aca335929,sell,0x5d21ef5f25a985380b65c8e943a0082feda0db84,0x5fcc36137f2ead741402236f0a3107945a4aa494cbebe3a1e06ab827022d679e
109,1053.4675960120508,0.032658548943969586,0x72c7c99e6e9db5bc915d2fccbb6102ed3e120f96,2017-11-01T16:08:02.000Z,0.00003100099999999999,0x225cac138e326702d57ec61590ff9f5aca335929,sell,0x5d21ef5f25a985380b65c8e943a0082feda0db84,0x18204a7c8ac29d7c3332784af2d56d414560a87445b8628d6f6ab06ff7340f2a
110,2860.156,0.1012495224,0x225cac138e326702d57ec61590ff9f5aca335929,2017-11-01T16:06:51.000Z,0.0000354,0x68fc33994201cfa4f1765de67a1272c118e094e2,buy,0x5d21ef5f25a985380b65c8e943a0082feda0db84,0xff716bf8bde080d55e5afe4180a0ad1eee21b1643c5da0ea422e0bcae645e0b4
111,32.12678954052661,0.001137288349734641,0x212ffb2f514957761d3b8870508f3a1458431460,2017-11-01T16:06:21.000Z,0.00003539999999999996,0x487e4844d749ca83a140dbcd4df0c150cee762f6,sell,0x5d21ef5f25a985380b65c8e943a0082feda0db84,0xa52718a6f95ba19ffa6476d0fa9c0158f8b2be53842e0f2d018345f5b0daa4c6
112,36.509,0.0012595605,0x297f221c973c77f7522f589c9d76cae3dc3d6794,2017-11-01T16:06:21.000Z,0.0000345,0x487e4844d749ca83a140dbcd4df0c150cee762f6,sell,0x5d21ef5f25a985380b65c8e943a0082feda0db84,0x755c04f4e831988c49b8c375e26441092829087a8c108212121218851921f5c1
113,3988.245864400856,0.13959259349989436,0x5bc7834dd42ea8a611f85307fdefb87ff8ae31aa,2017-11-01T15:01:45.000Z,0.00003500099999999999,0x9491c7f346cf68015a1da86b677f23716187f59c,sell,0x5d21ef5f25a985380b65c8e943a0082feda0db84,0x99eab8aac31e9066a9522215a90e439cae0ccd41c6059bcafc85da54b2a75da9
114,3988.245864400856,0.13959259349989436,0x5bc7834dd42ea8a611f85307fdefb87ff8ae31aa,2017-11-01T15:01:10.000Z,0.00003500099999999999,0x9491c7f346cf68015a1da86b677f23716187f59c,sell,0x5d21ef5f25a985380b65c8e943a0082feda0db84,0x99eab8aac31e9066a9522215a90e439cae0ccd41c6059bcafc85da54b2a75da9
115,1043.4664130270035,0.03234850227025013,0x72c7c99e6e9db5bc915d2fccbb6102ed3e120f96,2017-11-01T14:44:57.000Z,0.00003100099999999999,0xcd0047ff592b8e706e961671cba990aac126e9b5,sell,0x5d21ef5f25a985380b65c8e943a0082feda0db84,0xdb41cdc3f87dc4f7a78dcbb10153cf19c7fa8a4571231e648b6baa77d9671f28
116,1800,0.0648,0x8397b719f59d95d250cdabef8daaaba2865558a1,2017-11-01T14:42:30.000Z,0.000036,0x72c7c99e6e9db5bc915d2fccbb6102ed3e120f96,sell,0x5d21ef5f25a985380b65c8e943a0082feda0db84,0x9b2c61b5f761eb3070f535751d771e7260e9c21c6f987c2a69bedcd70ad205b4
117,975,0.0355875,0xb77c1f7c6f3b44bcfce50cea8ae13d9237b99ee4,2017-11-01T14:39:03.000Z,0.0000365,0xcd0047ff592b8e706e961671cba990aac126e9b5,sell,0x5d21ef5f25a985380b65c8e943a0082feda0db84,0xab112c75f75af917eb61e4aa3b6fe67f7a341a3c374344d2cffcd2883222a258
118,1261.589073871,0.046678795733226995,0x5a91def498b2dd9c6995f92e03412574ad8c1672,2017-11-01T14:35:47.000Z,0.00003699999999999999,0xcd0047ff592b8e706e961671cba990aac126e9b5,sell,0x5d21ef5f25a985380b65c8e943a0082feda0db84,0x8cc1c3644f12db48bbcc2b9b88ea08b7def8799e45f090a1239d20b1417cec80
119,9814.97015453943,0.28463413448164343,0x508e4a96dab9bd044d0bb654d623c4ef663dfc35,2017-11-01T14:27:59.000Z,0.00002899999999999999,0x03d6b1be11fde362f2d1a5fdd0dff86599cd54dd,sell,0x5d21ef5f25a985380b65c8e943a0082feda0db84,0x9ef66226bad010fc80b5a6fc512c5d8d0d14d1b0a8a6e6d17fcf6c81ea2b9a3a
120,50000,1.5,0x9a8896103cc578b8f8bfe1a4139b090fb72aa3c1,2017-11-01T14:27:16.000Z,0.00003,0x03d6b1be11fde362f2d1a5fdd0dff86599cd54dd,sell,0x5d21ef5f25a985380b65c8e943a0082feda0db84,0x11acb7424f172b75216495e23b7881584489e415655ab2e44ab9bad67f0d8bf7
121,3738.410926129,0.138321204266773,0x5a91def498b2dd9c6995f92e03412574ad8c1672,2017-11-01T13:03:40.000Z,0.00003699999999999999,0x9db1ee70e0af0baca42d8b3361b032cbe10c4ba8,sell,0x5d21ef5f25a985380b65c8e943a0082feda0db84,0x30b5222daf0a234938f506fbe4f4d0b80870a4b64867722ad66a0cac3f9a1c9e
122,15000,0.57675,0x91b90dace88acce9927116900bede30a16e1f633,2017-11-01T12:36:21.000Z,0.00003845,0x72c7c99e6e9db5bc915d2fccbb6102ed3e120f96,buy,0x5d21ef5f25a985380b65c8e943a0082feda0db84,0x191aee3c195ca14013167a9b3537d8fa557b8b9a03870b67506f579fc32af55e
123,4493.833515965043,0.17525950712263666,0xb2bd703b860674c2bf3eecc17f6c5a2cb3ac7f97,2017-11-01T10:03:33.000Z,0.000039,0x72c7c99e6e9db5bc915d2fccbb6102ed3e120f96,buy,0x5d21ef5f25a985380b65c8e943a0082feda0db84,0xb49f49d897ec0ad5ec4a6b46bc2d6db5871cde8f23569012d1773e856d926294
124,20,0.000708,0x212ffb2f514957761d3b8870508f3a1458431460,2017-11-01T09:47:37.000Z,0.0000354,0x49fafdb349fa7301d8be1ab2e55d895c91a515b1,sell,0x5d21ef5f25a985380b65c8e943a0082feda0db84,0xca422e8978cfb517da67becb03c491c46d8f652d354e29ac44db944dcb1f8d50
125,1993.8191606021335,0.059830525371348815,0x72c7c99e6e9db5bc915d2fccbb6102ed3e120f96,2017-11-01T09:35:24.000Z,0.00003000799999999999,0x3aa939efb288273ca7273c019935f040a870c8a2,sell,0x5d21ef5f25a985380b65c8e943a0082feda0db84,0xada530e2f6c955eb231c86ba5a280c5a8fb0871cb2fe6e6daa754b9bced64fb3
126,2990.728667804455,0.08974578586347609,0x72c7c99e6e9db5bc915d2fccbb6102ed3e120f96,2017-11-01T09:34:39.000Z,0.00003000799999999999,0x7bd02d3903fa837426cd80f163efb5207f2b4195,sell,0x5d21ef5f25a985380b65c8e943a0082feda0db84,0x525212cb6dab11c841cf5298f141039dac6a4e2bd813c9f7bc50399e7d03739d
127,900,0.0351,0xb2bd703b860674c2bf3eecc17f6c5a2cb3ac7f97,2017-11-01T08:47:06.000Z,0.000039,0x72c7c99e6e9db5bc915d2fccbb6102ed3e120f96,buy,0x5d21ef5f25a985380b65c8e943a0082feda0db84,0xc8bb4c5ed34ea8c4e052c85eaaa593c0b415c565db4ad7933589bbc88fdfefc0
128,1000,0.03888,0xb2bd703b860674c2bf3eecc17f6c5a2cb3ac7f97,2017-11-01T08:44:37.000Z,0.00003888,0x254fb89e4cab71708eaab16e067ca8156a38e18a,buy,0x5d21ef5f25a985380b65c8e943a0082feda0db84,0x554e0da33b986a312fc149b3177f756b69f833e056f0ee2c64d78132077a1815
129,28070,0.99802885,0x246a44139502cd3ce09b959da7558655ffef82af,2017-11-01T08:30:12.000Z,0.000035555,0x72c7c99e6e9db5bc915d2fccbb6102ed3e120f96,sell,0x5d21ef5f25a985380b65c8e943a0082feda0db84,0x2151fb8ba75fb0d2782e67c30c0b5c59a1b7ec18e4277243cc881373ca64379b
130,0.49845479015053334,0.000017645299571328,0x212ffb2f514957761d3b8870508f3a1458431460,2017-11-01T08:05:38.000Z,0.00003539999999999823,0x5fe2837eaf940099ad2c6cc5acada23b22cb85fb,sell,0x5d21ef5f25a985380b65c8e943a0082feda0db84,0x06064cd0a5aad033a1b0faf920a559c8bb37353a4779c472852e47dc9c07be9b
131,4000,0.15552,0x4da39d4a1748a245ceaf7acefb7b0c8fbf17e275,2017-11-01T07:47:12.000Z,0.00003888,0x254fb89e4cab71708eaab16e067ca8156a38e18a,buy,0x5d21ef5f25a985380b65c8e943a0082feda0db84,0x0bb5324604ac6b024579fc45fa52f37ad4717f1c3403458a3eadf91905912589
132,694.97,0.02154407,0x62811bad33976daa81da5a013f5a6486054b9dfd,2017-11-01T07:44:23.000Z,0.000031,0x7322f723ab0b701ad0b4f328e4f9690fe8a4b18e,sell,0x5d21ef5f25a985380b65c8e943a0082feda0db84,0x37b185f60b12d73b6306481c65ebdb094a750c8ae2d81dd245137df394cb68bd
133,65,0.00234,0x62811bad33976daa81da5a013f5a6486054b9dfd,2017-11-01T07:41:35.000Z,0.000036,0x7322f723ab0b701ad0b4f328e4f9690fe8a4b18e,sell,0x5d21ef5f25a985380b65c8e943a0082feda0db84,0x50fb85be88439fecef4b17f33697414ca194ead6a5e1f58b45278f34fe662d10
134,128161.06280741884,3.844831884222565,0xd7a12a0492a1decdb8417734167c43c89ec802a8,2017-11-01T06:27:48.000Z,0.00002999999999999999,0x7927551aea21d146c065257e06e677a52ba29de2,sell,0x5d21ef5f25a985380b65c8e943a0082feda0db84,0x106e25870099dfe5ce5f322762cbdc27dbe086f5207ac2636c409c4b95c8fd94
135,4846.6473645092165,0.14543334746682807,0x8be6d6ae84351564d2e4e7d5cd2f727ce23c2602,2017-11-01T06:06:04.000Z,0.00003000699999999999,0x3ba2112383b52d416eba58c4d2824df0b984bd9c,sell,0x5d21ef5f25a985380b65c8e943a0082feda0db84,0x52998832749b4c13eb3e7f4f805642a470f9a01ea7d5bea721df3ded669c99f5
136,138,0.004830276,0x64ef0facb0453a7f6bb2ef240c88d8b53637a0a4,2017-11-01T06:04:34.000Z,0.000035002,0x3ba2112383b52d416eba58c4d2824df0b984bd9c,sell,0x5d21ef5f25a985380b65c8e943a0082feda0db84,0x129e46cfe317d4e3027c463c783faa41bc5fb0c0853299514eeabc806e749d5c
137,0.00000007225213398,0.000000000002557725,0x212ffb2f514957761d3b8870508f3a1458431460,2017-11-01T05:46:12.000Z,0.0000353999924861458,0x7dd5a0c145383add3278b25157682e9cbd64f7df,sell,0x5d21ef5f25a985380b65c8e943a0082feda0db84,0x5b77ad785a80dccf6f5617a4287cb10e59ead898a2808f119133b911293e7e1e
138,0.00072476115595735,0.00000002500425988,0x297f221c973c77f7522f589c9d76cae3dc3d6794,2017-11-01T05:45:53.000Z,0.00003449999999927069,0x7dd5a0c145383add3278b25157682e9cbd64f7df,sell,0x5d21ef5f25a985380b65c8e943a0082feda0db84,0xc67540c7ee50c5d162efabfd487a46f49e9e7295111e4d0e7aa573bdb00715ee
139,7.270079155408164,0.000257360802101448,0x212ffb2f514957761d3b8870508f3a1458431460,2017-11-01T05:45:02.000Z,0.00003539999999999986,0x7dd5a0c145383add3278b25157682e9cbd64f7df,sell,0x5d21ef5f25a985380b65c8e943a0082feda0db84,0x193cceeb01c8e3351ae41b792a71fb82a1372769a8884bf206b86fdf9d9377d5
140,72926.16400789928,2.1877849202369783,0x508e4a96dab9bd044d0bb654d623c4ef663dfc35,2017-11-01T05:43:03.000Z,0.00002999999999999999,0x7dd5a0c145383add3278b25157682e9cbd64f7df,sell,0x5d21ef5f25a985380b65c8e943a0082feda0db84,0xb4ee90a09f1724c736279c15d33115e5e7b05835ca005eff52bac9fb2313948d
141,34.08,0.00120650016,0x72c7c99e6e9db5bc915d2fccbb6102ed3e120f96,2017-11-01T05:42:24.000Z,0.000035402,0x7dd5a0c145383add3278b25157682e9cbd64f7df,sell,0x5d21ef5f25a985380b65c8e943a0082feda0db84,0xe1d926a1511439a4ccc570a0038a2391b64eeae17a4e9058da17ec164286a160
142,700.0144272146946,0.021000432816440838,0x72c7c99e6e9db5bc915d2fccbb6102ed3e120f96,2017-11-01T05:32:03.000Z,0.00003,0x7dd5a0c145383add3278b25157682e9cbd64f7df,buy,0x5d21ef5f25a985380b65c8e943a0082feda0db84,0x3ddaa32925b0a7d68d1d068915e6951f72a1ec095c739412197bd35358e1e57c
143,249.25,0.00872375,0xa10198da84e05856bd6d48c7109d925a3dda1c05,2017-11-01T05:31:33.000Z,0.000035,0x273a5d3e6721b9f5c1a6474f560c1334c63dda01,sell,0x5d21ef5f25a985380b65c8e943a0082feda0db84,0x961f050bac78a5c56a886046d10f5e1599f723b56b75e57706aabaad3189dd5c
144,1000,0.03,0x273a5d3e6721b9f5c1a6474f560c1334c63dda01,2017-11-01T05:31:33.000Z,0.00003,0x7dd5a0c145383add3278b25157682e9cbd64f7df,buy,0x5d21ef5f25a985380b65c8e943a0082feda0db84,0x900ee2dd6172eac7684fd4170df317b778b16ed414a8691284c6052afca33ee2
145,250,0.0075,0x273a5d3e6721b9f5c1a6474f560c1334c63dda01,2017-11-01T05:31:33.000Z,0.00003,0x7dd5a0c145383add3278b25157682e9cbd64f7df,buy,0x5d21ef5f25a985380b65c8e943a0082feda0db84,0x961f050bac78a5c56a886046d10f5e1599f723b56b75e57706aabaad3189dd5c
146,997,0.030907,0xed8033057dff5527cd88d602923b65956ae0c1f0,2017-11-01T05:31:33.000Z,0.000031,0x273a5d3e6721b9f5c1a6474f560c1334c63dda01,sell,0x5d21ef5f25a985380b65c8e943a0082feda0db84,0x900ee2dd6172eac7684fd4170df317b778b16ed414a8691284c6052afca33ee2
147,320.49585628122645,0.011217643416113579,0xaa5a8763179d7e24b0230e981cf7cd5d9fa7cff8,2017-11-01T05:31:07.000Z,0.00003500089999999999,0x273a5d3e6721b9f5c1a6474f560c1334c63dda01,sell,0x5d21ef5f25a985380b65c8e943a0082feda0db84,0x439a78df0c122b3b38fa03282983fb8f5fbe5402708237739ab7a803d8e04f2a
148,925.4873103101253,0.032392055860854384,0x5e0221c72f941fbc27e8ba90609a7f1594ec068a,2017-11-01T05:31:07.000Z,0.00003499999999999999,0x273a5d3e6721b9f5c1a6474f560c1334c63dda01,sell,0x5d21ef5f25a985380b65c8e943a0082feda0db84,0xcb6f8f71dae0c6e6bf875856b5992037bd724408f9fca575bb2e892eaeb1e3a0
149,11360,0.3408,0x273a5d3e6721b9f5c1a6474f560c1334c63dda01,2017-11-01T05:31:07.000Z,0.00003,0x7dd5a0c145383add3278b25157682e9cbd64f7df,buy,0x5d21ef5f25a985380b65c8e943a0082feda0db84,0x14036de18d795bdfab60fd8b10015ce67922dc51cdcd480e3990c1d0c9c224d1
150,11325.92,0.40096021984,0x72c7c99e6e9db5bc915d2fccbb6102ed3e120f96,2017-11-01T05:31:07.000Z,0.000035402,0x273a5d3e6721b9f5c1a6474f560c1334c63dda01,sell,0x5d21ef5f25a985380b65c8e943a0082feda0db84,0x14036de18d795bdfab60fd8b10015ce67922dc51cdcd480e3990c1d0c9c224d1
151,12170,0.3651,0x273a5d3e6721b9f5c1a6474f560c1334c63dda01,2017-11-01T05:31:07.000Z,0.00003,0x7dd5a0c145383add3278b25157682e9cbd64f7df,buy,0x5d21ef5f25a985380b65c8e943a0082feda0db84,0x3ba73aa4b4439e18e7e9ff1e7fea6014672e66a4721880a93823545ca61bc22e
152,12133.49,0.418605405,0x297f221c973c77f7522f589c9d76cae3dc3d6794,2017-11-01T05:31:07.000Z,0.0000345,0x273a5d3e6721b9f5c1a6474f560c1334c63dda01,sell,0x5d21ef5f25a985380b65c8e943a0082feda0db84,0x3ba73aa4b4439e18e7e9ff1e7fea6014672e66a4721880a93823545ca61bc22e
153,321.460236992203,0.009643807109766091,0x273a5d3e6721b9f5c1a6474f560c1334c63dda01,2017-11-01T05:31:07.000Z,0.00003,0x7dd5a0c145383add3278b25157682e9cbd64f7df,buy,0x5d21ef5f25a985380b65c8e943a0082feda0db84,0x439a78df0c122b3b38fa03282983fb8f5fbe5402708237739ab7a803d8e04f2a
154,928.2721266901958,0.027848163800705875,0x273a5d3e6721b9f5c1a6474f560c1334c63dda01,2017-11-01T05:31:07.000Z,0.00003,0x7dd5a0c145383add3278b25157682e9cbd64f7df,buy,0x5d21ef5f25a985380b65c8e943a0082feda0db84,0xcb6f8f71dae0c6e6bf875856b5992037bd724408f9fca575bb2e892eaeb1e3a0
155,1.188,0.00003564,0x72c7c99e6e9db5bc915d2fccbb6102ed3e120f96,2017-11-01T05:30:47.000Z,0.00003,0x7dd5a0c145383add3278b25157682e9cbd64f7df,buy,0x5d21ef5f25a985380b65c8e943a0082feda0db84,0xe8b0b91cf58b82bd13ca50901b43e8e1ab870886e7ab586b0f8788ac0c5efa78
156,45862,1.605261724,0x64ef0facb0453a7f6bb2ef240c88d8b53637a0a4,2017-11-01T05:30:30.000Z,0.000035002,0x273a5d3e6721b9f5c1a6474f560c1334c63dda01,sell,0x5d21ef5f25a985380b65c8e943a0082feda0db84,0x0ca44784766283b8c0dc336eb66fa997660cf865686ecfb648ff9b8be58109dc
157,19965.10785277914,0.5989532355833741,0x273a5d3e6721b9f5c1a6474f560c1334c63dda01,2017-11-01T05:30:30.000Z,0.00003,0x7dd5a0c145383add3278b25157682e9cbd64f7df,buy,0x5d21ef5f25a985380b65c8e943a0082feda0db84,0x25ba2b7ed3c9c851c28dc518b805792dd9e88a74e04b3dbed56568850c9b8916
158,21721.539999999994,0.6516461999999998,0x422d7c1f2f04e7582163d1381a436516f4de3c2a,2017-11-01T05:30:30.000Z,0.00003,0x7dd5a0c145383add3278b25157682e9cbd64f7df,buy,0x5d21ef5f25a985380b65c8e943a0082feda0db84,0x715f0c47d1237a8a66b86e093eace69672f1607e00345e46b3030d293881fa30
159,19905.2125292208,0.7046445235344163,0x212ffb2f514957761d3b8870508f3a1458431460,2017-11-01T05:30:30.000Z,0.00003539999999999999,0x273a5d3e6721b9f5c1a6474f560c1334c63dda01,sell,0x5d21ef5f25a985380b65c8e943a0082feda0db84,0x25ba2b7ed3c9c851c28dc518b805792dd9e88a74e04b3dbed56568850c9b8916
160,46000,1.38,0x273a5d3e6721b9f5c1a6474f560c1334c63dda01,2017-11-01T05:30:30.000Z,0.00003,0x7dd5a0c145383add3278b25157682e9cbd64f7df,buy,0x5d21ef5f25a985380b65c8e943a0082feda0db84,0x0ca44784766283b8c0dc336eb66fa997660cf865686ecfb648ff9b8be58109dc
161,14207.25,0.49877392575,0x350e4697e636df8af11fd8270661885ce84dcbb3,2017-11-01T05:30:30.000Z,0.000035107,0x273a5d3e6721b9f5c1a6474f560c1334c63dda01,sell,0x5d21ef5f25a985380b65c8e943a0082feda0db84,0x01920f4c4277a40662099db91659ffbdfa78c3cae8533785ad6c3300ebfa258c
162,14250,0.4275,0x273a5d3e6721b9f5c1a6474f560c1334c63dda01,2017-11-01T05:30:30.000Z,0.00003,0x7dd5a0c145383add3278b25157682e9cbd64f7df,buy,0x5d21ef5f25a985380b65c8e943a0082feda0db84,0x01920f4c4277a40662099db91659ffbdfa78c3cae8533785ad6c3300ebfa258c
163,21635,0.765900635,0x72c7c99e6e9db5bc915d2fccbb6102ed3e120f96,2017-11-01T05:30:30.000Z,0.000035401,0x422d7c1f2f04e7582163d1381a436516f4de3c2a,sell,0x5d21ef5f25a985380b65c8e943a0082feda0db84,0x715f0c47d1237a8a66b86e093eace69672f1607e00345e46b3030d293881fa30
164,845.05,0.03380115495,0x6ae9f44082be915fdf7baf5e9dd27bba214d3c4b,2017-11-01T04:46:16.000Z,0.000039999,0x254fb89e4cab71708eaab16e067ca8156a38e18a,buy,0x5d21ef5f25a985380b65c8e943a0082feda0db84,0x39043c3b581c6e3669e15d3d84c479fe1e3b8157edf12d766b8df5241c6b1fae
165,600,0.023994,0x6ae9f44082be915fdf7baf5e9dd27bba214d3c4b,2017-11-01T04:45:57.000Z,0.00003999,0xaa5a8763179d7e24b0230e981cf7cd5d9fa7cff8,buy,0x5d21ef5f25a985380b65c8e943a0082feda0db84,0xe7e205f248d3c48a442815dee85673435a60eb97bc89808c2b95928a129136ca
166,10586.8,0.42241332,0x6ae9f44082be915fdf7baf5e9dd27bba214d3c4b,2017-11-01T04:44:31.000Z,0.0000399,0x72c7c99e6e9db5bc915d2fccbb6102ed3e120f96,buy,0x5d21ef5f25a985380b65c8e943a0082feda0db84,0x7eb50f7d47895c66fe7413ececed3f9c1fe0d954aa24d25589fc2a3d4f8da871
167,4000,0.158,0x6ae9f44082be915fdf7baf5e9dd27bba214d3c4b,2017-11-01T04:41:58.000Z,0.0000395,0x72c7c99e6e9db5bc915d2fccbb6102ed3e120f96,buy,0x5d21ef5f25a985380b65c8e943a0082feda0db84,0xa439369640aa27f502a3f0f9ce7af2499ce013d036c2d16b790673f7ef01a137
168,2284.5479510464843,0.09001118927123147,0x6ae9f44082be915fdf7baf5e9dd27bba214d3c4b,2017-11-01T04:41:41.000Z,0.0000394,0x212ffb2f514957761d3b8870508f3a1458431460,buy,0x5d21ef5f25a985380b65c8e943a0082feda0db84,0xc7fb1a7b57625498e052aecfcaed69a9571fd8b737fe09f26835e37f1d98c355
169,999.9328427170924,0.03699751518053242,0x6ae9f44082be915fdf7baf5e9dd27bba214d3c4b,2017-11-01T04:39:38.000Z,0.000037,0x254fb89e4cab71708eaab16e067ca8156a38e18a,buy,0x5d21ef5f25a985380b65c8e943a0082feda0db84,0x1341d7ad3ce5d7f8fc0390a0fee9dc0efc1f48834dab252ad2b26a8bf4bc0682
170,0.00000669430654054,0.000000000247689342,0x6ae9f44082be915fdf7baf5e9dd27bba214d3c4b,2017-11-01T04:37:31.000Z,0.00003700000000000298,0x254fb89e4cab71708eaab16e067ca8156a38e18a,buy,0x5d21ef5f25a985380b65c8e943a0082feda0db84,0x1f01d7182c6620caa8cf3038d4df92b229668b58b20bbf689028f225ed915e42
171,0.06715058860108108,0.00000248457177824,0x6ae9f44082be915fdf7baf5e9dd27bba214d3c4b,2017-11-01T04:33:17.000Z,0.000037,0x254fb89e4cab71708eaab16e067ca8156a38e18a,buy,0x5d21ef5f25a985380b65c8e943a0082feda0db84,0xe152f904d449012c57901755be308220569454dbbde7a88e51ed6c6b43fb7afa
172,34.89214722086206,0.001235182011618516,0x212ffb2f514957761d3b8870508f3a1458431460,2017-11-01T04:24:16.000Z,0.00003539999999999997,0x246a44139502cd3ce09b959da7558655ffef82af,sell,0x5d21ef5f25a985380b65c8e943a0082feda0db84,0x90f8fe64f2c7fb3c0f3ae64bdaa74973fc2218c1385c31734d848404142acef0
173,4400,0.196724,0x211c710ad7d4bc7bd2fca00cabb2cec5267da0d9,2017-11-01T03:41:29.000Z,0.00004471,0xc9d56287b414e1aa0963016aa721b527f095fd9c,sell,0x5d21ef5f25a985380b65c8e943a0082feda0db84,0x727f3698a6b003fa39e1cc9765651ec0c0cb6ef15a014c2357e7230bc0c91405
174,4413.2,0.17608668,0xc9d56287b414e1aa0963016aa721b527f095fd9c,2017-11-01T03:41:29.000Z,0.0000399,0x72c7c99e6e9db5bc915d2fccbb6102ed3e120f96,buy,0x5d21ef5f25a985380b65c8e943a0082feda0db84,0x727f3698a6b003fa39e1cc9765651ec0c0cb6ef15a014c2357e7230bc0c91405
175,15.45204895351594,0.000608810728768528,0x1d5321e125f6c7079a716705541c7b371ca79e69,2017-11-01T02:34:10.000Z,0.0000394,0x212ffb2f514957761d3b8870508f3a1458431460,buy,0x5d21ef5f25a985380b65c8e943a0082feda0db84,0xa0457801ea53a39c2e07356f9b207106189299579be691ae3939ca0627314069
176,15.405831459138524,0.000631639089824679,0xf00dd34fa52d31aa537658baf071cbaeac59a66d,2017-11-01T02:34:10.000Z,0.00004099999999999996,0x1d5321e125f6c7079a716705541c7b371ca79e69,sell,0x5d21ef5f25a985380b65c8e943a0082feda0db84,0xa0457801ea53a39c2e07356f9b207106189299579be691ae3939ca0627314069
177,12700,0.50038,0x350e4697e636df8af11fd8270661885ce84dcbb3,2017-11-01T02:33:59.000Z,0.0000394,0x212ffb2f514957761d3b8870508f3a1458431460,buy,0x5d21ef5f25a985380b65c8e943a0082feda0db84,0xe5bcba036eb8751cb08eb8dd27be81a606339cd37eee3e3639f58810dc763e96
178,9992.945820544226,0.35574887121137444,0x72c7c99e6e9db5bc915d2fccbb6102ed3e120f96,2017-11-01T01:35:30.000Z,0.00003559999999999999,0x5a8874db0a2b1de1a56d3cf4b9c746a754a2f8a5,sell,0x5d21ef5f25a985380b65c8e943a0082feda0db84,0x8ff1b17bc2d2e8162538a2bc055ad8c2e188ad70cfa178fb2f2b205b1a471cfe
179,11000,0.4345,0x4ccac6a985fd97dded37c774b437145e4ac46366,2017-11-01T00:51:44.000Z,0.0000395,0x72c7c99e6e9db5bc915d2fccbb6102ed3e120f96,buy,0x5d21ef5f25a985380b65c8e943a0082feda0db84,0xcd23502291e6993c899e49004605fc0d3924fa7a27c5ce06f26818508cfb5633
180,31.253115342438424,0.001250124613697537,0x4ccac6a985fd97dded37c774b437145e4ac46366,2017-11-01T00:48:41.000Z,0.00004,0x7927551aea21d146c065257e06e677a52ba29de2,buy,0x5d21ef5f25a985380b65c8e943a0082feda0db84,0xa1ade0281af932ab856d58af3bbe5280c804efd4f2ed9d57b586e85dd3b62de5
181,5930.468547502742,0.20756639916259595,0x508e4a96dab9bd044d0bb654d623c4ef663dfc35,2017-11-01T00:47:25.000Z,0.00003499999999999999,0x6a0633796f7c7b0f4a5e062392b1f05d0bfa4acb,sell,0x5d21ef5f25a985380b65c8e943a0082feda0db84,0x81adaf6ad1994a51560f6c075f401d4a8aaa1d0c7eda5cfb215aa03e242210c2
182,5004.187959301911,0.1976654243924255,0x58c827ed24f0204cf0e45f44a9ab222014837b10,2017-11-01T00:38:08.000Z,0.0000395,0x72c7c99e6e9db5bc915d2fccbb6102ed3e120f96,buy,0x5d21ef5f25a985380b65c8e943a0082feda0db84,0xa5f98b2bf3e084540d72d832784f7a43df17dce6ae6baddde368c3ad39c24aa2
183,14550,0.582,0x4ccac6a985fd97dded37c774b437145e4ac46366,2017-11-01T00:36:03.000Z,0.00004,0x7927551aea21d146c065257e06e677a52ba29de2,buy,0x5d21ef5f25a985380b65c8e943a0082feda0db84,0x730301b4b0bba489a613c6b37ac37b3a3d3fdc0321a11416b55a9d78722fbaaf
184,141,0.0050196,0x72c7c99e6e9db5bc915d2fccbb6102ed3e120f96,2017-11-01T00:28:41.000Z,0.0000356,0xe66d3694198499adb8380b949b062db5b3efb0ef,sell,0x5d21ef5f25a985380b65c8e943a0082feda0db84,0x8f57f26550c6d3999a2a04a3372324dc68177708f557cf310c24b3c4b6fe919d
185,997.5008191892314,0.035511029163136636,0x72c7c99e6e9db5bc915d2fccbb6102ed3e120f96,2017-11-01T00:26:56.000Z,0.00003559999999999999,0x8b728e8d8d704c7811865091c55a1b3dc34f7f1b,sell,0x5d21ef5f25a985380b65c8e943a0082feda0db84,0x7e649d1828aabf68ec1bc727a373c5066250f81f6418e39124ec475cfccd5ea5
186,8474.223244381437,0.33896892977525744,0x4ccac6a985fd97dded37c774b437145e4ac46366,2017-11-01T00:19:32.000Z,0.00004,0x7927551aea21d146c065257e06e677a52ba29de2,buy,0x5d21ef5f25a985380b65c8e943a0082feda0db84,0x57194b50886c821abcd4b65e270b9137754c56fdcddb806858746ccc48489c72
187,49.39252920896769,0.001758374039839249,0x72c7c99e6e9db5bc915d2fccbb6102ed3e120f96,2017-11-01T00:02:06.000Z,0.00003559999999999998,0x362ca6a6ac1f24dd40bfab8f794b6e4a6f65ce67,sell,0x5d21ef5f25a985380b65c8e943a0082feda0db84,0xcd0c1a2bb3e0f3fa3f248c142a1509d16079a36fbc8171cd0a8407cc8c2e1b23
188,4995.812040698089,0.19733457560757453,0x4ccac6a985fd97dded37c774b437145e4ac46366,2017-10-31T23:52:19.000Z,0.0000395,0x72c7c99e6e9db5bc915d2fccbb6102ed3e120f96,buy,0x5d21ef5f25a985380b65c8e943a0082feda0db84,0xb996bf15f27c46fbcbed891868db961d9a784efc3bcb8d9a0c36c8514ab5a8e0
189,1100,0.0417978,0x6819d6f724d57dd3735b7f29546a7e7cd95ec4ca,2017-10-31T23:48:45.000Z,0.000037998,0x362ca6a6ac1f24dd40bfab8f794b6e4a6f65ce67,sell,0x5d21ef5f25a985380b65c8e943a0082feda0db84,0x331609fa10d31b878edf4be763546dffc4dda94d4995772063b68948b4d29074
190,200,0.0074,0xb796bb8a97bf04684bc218f2ae522f0f8691b7dc,2017-10-31T23:32:46.000Z,0.000037,0x362ca6a6ac1f24dd40bfab8f794b6e4a6f65ce67,sell,0x5d21ef5f25a985380b65c8e943a0082feda0db84,0x0aa11329361664e0efea77b5e198e8b8eab4f1bcab408a4dfada0c0cf49e1557
191,457.284,0.0162793104,0x72c7c99e6e9db5bc915d2fccbb6102ed3e120f96,2017-10-31T23:24:31.000Z,0.0000356,0x362ca6a6ac1f24dd40bfab8f794b6e4a6f65ce67,sell,0x5d21ef5f25a985380b65c8e943a0082feda0db84,0x0b18581ee8150a9798d0b4dfdc76004e61f65bfe1a954f21a8732c965bf0bf5b
192,1930.7172871804269,0.06873353542362319,0x72c7c99e6e9db5bc915d2fccbb6102ed3e120f96,2017-10-31T23:06:26.000Z,0.00003559999999999999,0x8b728e8d8d704c7811865091c55a1b3dc34f7f1b,sell,0x5d21ef5f25a985380b65c8e943a0082feda0db84,0xbe1050201b3ab575ff51ea80583fd399004e81d7f0bf381238a022d700a6a8d7
193,99.99796631454721,0.003799922719952793,0xffc899710264a9190523383555b4b798991823a3,2017-10-31T23:03:49.000Z,0.00003799999999999999,0x8b728e8d8d704c7811865091c55a1b3dc34f7f1b,sell,0x5d21ef5f25a985380b65c8e943a0082feda0db84,0xf588106f61c62f44112d384ab90cea47c6438d367240fe0789ae38a64c123f09
194,0.00203368545279226,0.000000077280047206,0xffc899710264a9190523383555b4b798991823a3,2017-10-31T22:21:04.000Z,0.00003799999999994793,0xc0b6465284fc7376fa1b461d921bd57f8abca9bf,sell,0x5d21ef5f25a985380b65c8e943a0082feda0db84,0x494ad3c66a01daa749335cee13ac92e098f03d820c974a44c36e556a24b429e8
195,20.399898776959155,0.000726236396459745,0x72c7c99e6e9db5bc915d2fccbb6102ed3e120f96,2017-10-31T22:19:54.000Z,0.00003559999999999995,0xc0b6465284fc7376fa1b461d921bd57f8abca9bf,sell,0x5d21ef5f25a985380b65c8e943a0082feda0db84,0xc610d357a309225b7ec5627ba950dd8bf4b441473478e53f4019daf9943da1e1
196,819.7028452153224,0.02923880048883055,0xad18d6e64974b2ddecc7421533c0411f71564482,2017-10-31T22:16:42.000Z,0.00003566999999999999,0xc0b6465284fc7376fa1b461d921bd57f8abca9bf,sell,0x5d21ef5f25a985380b65c8e943a0082feda0db84,0x6b282f64c4339e7c88655c4ad7ece30384a8fa86a63c0e94ab40ccf83074735a
197,2150.9221413617784,0.07678792044661549,0x212ffb2f514957761d3b8870508f3a1458431460,2017-10-31T22:15:53.000Z,0.00003569999999999999,0xc0b6465284fc7376fa1b461d921bd57f8abca9bf,sell,0x5d21ef5f25a985380b65c8e943a0082feda0db84,0x77e20928772d3a504ee22fba14a3253bea1f125cb2e2b3aadab95a96f2f9aea1
198,3876.8916359286213,0.13840503140265178,0x212ffb2f514957761d3b8870508f3a1458431460,2017-10-31T22:15:17.000Z,0.00003569999999999999,0x9e28a2503445b6106ad38cfbc537b4f85916bc08,sell,0x5d21ef5f25a985380b65c8e943a0082feda0db84,0x27eaef3bc4e5e42b4a5e89e3d18b9ba76e7faf0c7f94b955b0c22fb2e827835a
199,4.95,0.00019799505,0x1d5321e125f6c7079a716705541c7b371ca79e69,2017-10-31T22:05:32.000Z,0.000039999,0x254fb89e4cab71708eaab16e067ca8156a38e18a,buy,0x5d21ef5f25a985380b65c8e943a0082feda0db84,0x7a466812bc26dd53d82da707d11a0cb2653ff553916cef64e1fc2bb25d5a4b7a
200,4.93519441674975,0.000222083748753738,0x706ed29bc5ef8dd2b59cce35f42f6eea95c7ef38,2017-10-31T22:05:32.000Z,0.00004499999999999984,0x1d5321e125f6c7079a716705541c7b371ca79e69,sell,0x5d21ef5f25a985380b65c8e943a0082feda0db84,0x7a466812bc26dd53d82da707d11a0cb2653ff553916cef64e1fc2bb25d5a4b7a
201,2990.7287409032,0.10676901605024425,0x212ffb2f514957761d3b8870508f3a1458431460,2017-10-31T22:03:06.000Z,0.00003569999999999999,0xd411292505d8f74681bf435fa3a359d1088873ec,sell,0x5d21ef5f25a985380b65c8e943a0082feda0db84,0x481f6c014e42e7d6bc4c89c2959a958c5568e19584224095481b115c798a7aad
202,1650,0.06599835,0x6d2f27149fbf6c559008e95ede61ff20f3e4b847,2017-10-31T21:48:04.000Z,0.000039999,0x254fb89e4cab71708eaab16e067ca8156a38e18a,buy,0x5d21ef5f25a985380b65c8e943a0082feda0db84,0xa7ec475c3d11eb3f8039764c0be5191a998812dc77d5fa465c1f986258493f54
203,1645.05,0.07402725,0x706ed29bc5ef8dd2b59cce35f42f6eea95c7ef38,2017-10-31T21:48:04.000Z,0.000045,0x6d2f27149fbf6c559008e95ede61ff20f3e4b847,sell,0x5d21ef5f25a985380b65c8e943a0082feda0db84,0xa7ec475c3d11eb3f8039764c0be5191a998812dc77d5fa465c1f986258493f54
204,2990.7287409032,0.10676901605024425,0x212ffb2f514957761d3b8870508f3a1458431460,2017-10-31T21:45:59.000Z,0.00003569999999999999,0xcbcb68d816547e8d663375492ab868d84a9dd34f,sell,0x5d21ef5f25a985380b65c8e943a0082feda0db84,0x2366d6267ac70fed2c921de8b1b42644af8f372b60751ed5ffc3d1e4341fdaec
205,2990.7287409032,0.10676901605024425,0x212ffb2f514957761d3b8870508f3a1458431460,2017-10-31T21:40:19.000Z,0.00003569999999999999,0x61aaa3153e5fb36dc7474357b27d74acfe25792b,sell,0x5d21ef5f25a985380b65c8e943a0082feda0db84,0xe8ef897873a9ca63c57733e7b644f67c67c19437bb09c378d940dcffeeea94ac
206,20000,0.716,0x72c7c99e6e9db5bc915d2fccbb6102ed3e120f96,2017-10-31T21:18:09.000Z,0.0000358,0x5a8874db0a2b1de1a56d3cf4b9c746a754a2f8a5,sell,0x5d21ef5f25a985380b65c8e943a0082feda0db84,0xf9bee79d3b0e4090c25958c5f4b781155cdf75d78cf5097019f3074528b39278
207,10560,0.38016,0x5bc7834dd42ea8a611f85307fdefb87ff8ae31aa,2017-10-31T21:12:12.000Z,0.000036,0x7927551aea21d146c065257e06e677a52ba29de2,sell,0x5d21ef5f25a985380b65c8e943a0082feda0db84,0x3c44d279dd0298c39c028e8cae2fb10854cfc406bd4036a8a9d4c57389214d9a
208,20000,0.72002,0x72c7c99e6e9db5bc915d2fccbb6102ed3e120f96,2017-10-31T21:12:10.000Z,0.000036001,0x7927551aea21d146c065257e06e677a52ba29de2,sell,0x5d21ef5f25a985380b65c8e943a0082feda0db84,0x5024f711ee81be06ab21f044d9a455dc9dc1dfafcb2d65e6ecf54f46883e12cd
209,1187.8986792109577,0.0475159471684383,0xb2bd703b860674c2bf3eecc17f6c5a2cb3ac7f97,2017-10-31T20:41:00.000Z,0.00004,0x362ca6a6ac1f24dd40bfab8f794b6e4a6f65ce67,buy,0x5d21ef5f25a985380b65c8e943a0082feda0db84,0x8785de05a5277abb2d796dd711aa904e68d7e25ad91e53bf29d0c419c770ad36
210,3762.845,0.1505138,0xb2bd703b860674c2bf3eecc17f6c5a2cb3ac7f97,2017-10-31T20:40:37.000Z,0.00004,0x52fcb903ec726ca1b851dcd1a13d720e684503c6,buy,0x5d21ef5f25a985380b65c8e943a0082feda0db84,0xa6146326bb72e2c4f53a3f7729489dae73ceb2a7c108b38bb23bad3b2188b7ba
211,2600,0.104,0xb2bd703b860674c2bf3eecc17f6c5a2cb3ac7f97,2017-10-31T20:14:52.000Z,0.00004,0x254fb89e4cab71708eaab16e067ca8156a38e18a,buy,0x5d21ef5f25a985380b65c8e943a0082feda0db84,0x623cc74a09eab5475043a81d8b93323bf2f1b10072d37c0cad69d6766d352904
212,1400,0.056,0xb2bd703b860674c2bf3eecc17f6c5a2cb3ac7f97,2017-10-31T20:02:35.000Z,0.00004,0x254fb89e4cab71708eaab16e067ca8156a38e18a,buy,0x5d21ef5f25a985380b65c8e943a0082feda0db84,0x6dd557c8b0b2168c9f8ba41803aca5da7c98cefdc17b332f38753843a4bb828b
213,5000,0.205,0x4b0925f7776c00378f9556fcd4b3aaf3efe0013f,2017-10-31T20:01:57.000Z,0.000041,0x536f64d331cffbd4d7b17f10e84c0724a85bc514,buy,0x5d21ef5f25a985380b65c8e943a0082feda0db84,0x70c92919475cd80281040d84f0bf7ced2f3374df64bca16dc455790e1dd3a124
214,4863.864,0.189690696,0x0671f73668831051b71f967938d22f3584a3051d,2017-10-31T19:37:29.000Z,0.000039,0x225cac138e326702d57ec61590ff9f5aca335929,sell,0x5d21ef5f25a985380b65c8e943a0082feda0db84,0xc52eefba87a1ad6dbb4c288fff69455543b7e6b43436f0a563db92ff6918a7f2
215,2000,0.08,0x2d1eb61ad0a8851931e45ede7c37838e00f60568,2017-10-31T19:27:03.000Z,0.00004,0x254fb89e4cab71708eaab16e067ca8156a38e18a,buy,0x5d21ef5f25a985380b65c8e943a0082feda0db84,0x22577a972568d91b2cba415568a577ed6b6f7ff02f441c19ab30da8dd8540206
216,4051.6627434444445,0.16814400385294445,0xc9d56287b414e1aa0963016aa721b527f095fd9c,2017-10-31T18:52:30.000Z,0.0000415,0x0671f73668831051b71f967938d22f3584a3051d,buy,0x5d21ef5f25a985380b65c8e943a0082feda0db84,0x9847a98666c56da48f6c8925c5e79300e0aafd75868e7fff97cbba065c20e6a1
217,4039.5441111111113,0.181779485,0x937296fc01c16da1caaadd352f1212b1d580bd03,2017-10-31T18:52:30.000Z,0.00004499999999999999,0xc9d56287b414e1aa0963016aa721b527f095fd9c,sell,0x5d21ef5f25a985380b65c8e943a0082feda0db84,0x9847a98666c56da48f6c8925c5e79300e0aafd75868e7fff97cbba065c20e6a1
218,600,0.0249,0xf528a2523cd33b81a418fa2db69c8ee6352b29d6,2017-10-31T18:33:17.000Z,0.0000415,0x0671f73668831051b71f967938d22f3584a3051d,buy,0x5d21ef5f25a985380b65c8e943a0082feda0db84,0x7d4868ff4c7659fa6d0b90b97d4e7e92f145da5ebb3af1918ee5ce2a25301534
219,15370,0.64554,0xc2e7baeee8bd51a69b2ddb3e34c507203fc9d338,2017-10-31T18:30:42.000Z,0.000042,0x72c7c99e6e9db5bc915d2fccbb6102ed3e120f96,buy,0x5d21ef5f25a985380b65c8e943a0082feda0db84,0x1ed3fefceb39a68cf39e464ce462d3c01163205e427f074251b4555cffeb994b
220,0.29715478467751866,0.000010599511169447,0xad18d6e64974b2ddecc7421533c0411f71564482,2017-10-31T18:30:10.000Z,0.00003566999999999969,0x3b12085239ce84fab240578c77a784e0a41edc7b,sell,0x5d21ef5f25a985380b65c8e943a0082feda0db84,0xa9a8d24c3bd96447e8403922cef2f25eab2e1ea328c6214f7c7589b017cf7793
221,2980.7596451001896,0.10611504336556675,0x72c7c99e6e9db5bc915d2fccbb6102ed3e120f96,2017-10-31T18:29:11.000Z,0.00003559999999999999,0x3b12085239ce84fab240578c77a784e0a41edc7b,sell,0x5d21ef5f25a985380b65c8e943a0082feda0db84,0xc7a43142f6c46cadb8ae1f9ae53953e3900cff8e60d2b27bf85827cd2b73f41b
222,35,0.00124446,0x246a44139502cd3ce09b959da7558655ffef82af,2017-10-31T18:22:57.000Z,0.000035556,0x2d1eb61ad0a8851931e45ede7c37838e00f60568,sell,0x5d21ef5f25a985380b65c8e943a0082feda0db84,0x661251a147b3dab4932f0e7b06f12ca41cdf0b7cb1bff5c35f1772ee0760a950
223,0.015474408031325581,0.000000665399545347,0x2d1eb61ad0a8851931e45ede7c37838e00f60568,2017-10-31T18:22:23.000Z,0.000043,0x6aa3b2eb96ba744edce7755b7f6bde772bcc5a11,buy,0x5d21ef5f25a985380b65c8e943a0082feda0db84,0xe45ec727d090a1b8dff534219a4cbcbf7cc558c022f24e11bcd2b1548b3a18b7
224,1744.5917655268668,0.06106245638520586,0xad18d6e64974b2ddecc7421533c0411f71564482,2017-10-31T17:54:20.000Z,0.00003500099999999999,0x4a8fc60c79e304388912be40c8ec078fa21aa348,sell,0x5d21ef5f25a985380b65c8e943a0082feda0db84,0xf4fcdbf54ac8bafed20a0328c7d18b599ff8ffca5ffd204fe7a05883ec68a93a
225,500.1439775752756,0.017505039215134646,0x508e4a96dab9bd044d0bb654d623c4ef663dfc35,2017-10-31T17:27:05.000Z,0.00003499999999999999,0xb86ec71b24836b2caa679642d2c7a737451f0e0e,sell,0x5d21ef5f25a985380b65c8e943a0082feda0db84,0xb3fd984a6378dca69a4af069077855b064bf778c1f222dd236b1e2bf3b6a95a6
226,678.539763007797,0.0237495023910596,0xaa5a8763179d7e24b0230e981cf7cd5d9fa7cff8,2017-10-31T17:26:27.000Z,0.00003500089999999999,0xb86ec71b24836b2caa679642d2c7a737451f0e0e,sell,0x5d21ef5f25a985380b65c8e943a0082feda0db84,0xb2c0883d3b26f6212cb3809fd9548172b2cb39cc1ca45a1a5a8bae0a4ef65f85
227,2500,0.088125,0x99590cdc1e8d54b281b96416c359b9b2eedc4314,2017-10-31T17:25:54.000Z,0.00003525,0xb86ec71b24836b2caa679642d2c7a737451f0e0e,sell,0x5d21ef5f25a985380b65c8e943a0082feda0db84,0xa8c62a1baf3a4edf438b4e5bce5175196be02b97ea4cf98222d81e70c287549a
228,155,0.0055335,0x12c535547350bb959bc354855083a229c2263759,2017-10-31T17:25:39.000Z,0.0000357,0xb86ec71b24836b2caa679642d2c7a737451f0e0e,sell,0x5d21ef5f25a985380b65c8e943a0082feda0db84,0x806471d8c1327f3b953a1478861c255d5afc276db1ffb622b46d59567b20de9f
229,15000,0.5355,0x02ded38d0d07e3dd94c03088d356e95fbf5098eb,2017-10-31T17:25:03.000Z,0.0000357,0xb86ec71b24836b2caa679642d2c7a737451f0e0e,sell,0x5d21ef5f25a985380b65c8e943a0082feda0db84,0xa7459997e06fa60c2fb8722c60a659145e7dc2eba42ba5dac9221d63d5e3f277
230,2000,0.071402,0xad18d6e64974b2ddecc7421533c0411f71564482,2017-10-31T17:24:00.000Z,0.000035701,0xb86ec71b24836b2caa679642d2c7a737451f0e0e,sell,0x5d21ef5f25a985380b65c8e943a0082feda0db84,0xf405d402d1c529d84fb2b63b7bf1a0acf5987c199e3c4b626de6eeeaae160f90
231,20000,0.71488,0x254fb89e4cab71708eaab16e067ca8156a38e18a,2017-10-31T17:24:00.000Z,0.000035744,0xb86ec71b24836b2caa679642d2c7a737451f0e0e,sell,0x5d21ef5f25a985380b65c8e943a0082feda0db84,0x599c81584066d3ed0e60c7c7a1f172908c0b15e293e79ac4b4f1a084a2af6c1b
232,2480,0.09999608,0x0671f73668831051b71f967938d22f3584a3051d,2017-10-31T17:24:00.000Z,0.000040321,0xb86ec71b24836b2caa679642d2c7a737451f0e0e,sell,0x5d21ef5f25a985380b65c8e943a0082feda0db84,0x8d168e6c13928b24e84d4c56735ab366ae8c9fc785d49cbe7d856715ed60c2d7
233,426.047,0.017178641087,0x0671f73668831051b71f967938d22f3584a3051d,2017-10-31T17:23:42.000Z,0.000040321,0xb86ec71b24836b2caa679642d2c7a737451f0e0e,sell,0x5d21ef5f25a985380b65c8e943a0082feda0db84,0xa69e8045892b5207bda3ef9a80b9e0c48055c4169021bfc2cf3c3abc39a5dc48
234,1500,0.0735,0x5b5c2fb533bd6f6443fdb1f40192c81f185c6504,2017-10-31T17:14:43.000Z,0.000049,0x02d2280ba85e89fff0e7184e1151bc64d7516d45,buy,0x5d21ef5f25a985380b65c8e943a0082feda0db84,0x404a34a807c9880994175dbdd762e7af20a6b90c5b64b70113ebe3b3dcf87532
235,500,0.0237495,0x5b5c2fb533bd6f6443fdb1f40192c81f185c6504,2017-10-31T17:13:35.000Z,0.000047499,0xaa5a8763179d7e24b0230e981cf7cd5d9fa7cff8,buy,0x5d21ef5f25a985380b65c8e943a0082feda0db84,0xbe8e38caf7e6af3a9609d8bc1da564f298e4b42d37b0a68880e8addcb3a89cd9
236,1750,0.07875,0x8d5ebdf9d7107bd8c63e490fe616d4b89184807c,2017-10-31T17:11:23.000Z,0.000045,0xe89741458d25b5d93b2f4530ccb14e6635797b95,buy,0x5d21ef5f25a985380b65c8e943a0082feda0db84,0x4459ad1f98c778b62e41313cece226718090f665c22bbeaa9c48fb483acbb5e4
237,1750,0.07874825,0x8d5ebdf9d7107bd8c63e490fe616d4b89184807c,2017-10-31T17:11:04.000Z,0.000044999,0xdeb0cb63cec34857a963f1201ae22ca6a74f76a8,buy,0x5d21ef5f25a985380b65c8e943a0082feda0db84,0x3c56fdf606b7b8151083e2fa2920c462b3b68e41936cc6bda58ba45e9f52191c
238,2475.4436395606167,0.10891952014066714,0x8d5ebdf9d7107bd8c63e490fe616d4b89184807c,2017-10-31T17:09:03.000Z,0.000044,0xfb32f12774503266a26e22476532e3d1ca624dbb,buy,0x5d21ef5f25a985380b65c8e943a0082feda0db84,0xe4cce91b75963de3c0b21217bb259381f78371556d47f5c086f36e412c286a47
239,2093.9529702181176,0.08443027771216471,0x0671f73668831051b71f967938d22f3584a3051d,2017-10-31T17:08:41.000Z,0.00004032099999999999,0x5b5c2fb533bd6f6443fdb1f40192c81f185c6504,sell,0x5d21ef5f25a985380b65c8e943a0082feda0db84,0x12a33170a818193406a46aca629021cb74eb32fdafa840b190340e6357475890
240,14478.944816523323,0.6370735719270262,0x246a44139502cd3ce09b959da7558655ffef82af,2017-10-31T17:04:05.000Z,0.000044,0xfb32f12774503266a26e22476532e3d1ca624dbb,buy,0x5d21ef5f25a985380b65c8e943a0082feda0db84,0x037f6ba6d9321b9f5922da9a0eeb6718291c9a2bba6afe0cb0e4c7a763cead54
241,2100,0.0924,0x5b5c2fb533bd6f6443fdb1f40192c81f185c6504,2017-10-31T17:01:29.000Z,0.000044,0xfb32f12774503266a26e22476532e3d1ca624dbb,buy,0x5d21ef5f25a985380b65c8e943a0082feda0db84,0x371348247e8da133e3abbc1138f8e899ff01d1a17541e6d59bac7892345420cc
242,3500,0.1505,0x246a44139502cd3ce09b959da7558655ffef82af,2017-10-31T17:00:22.000Z,0.000043,0x254fb89e4cab71708eaab16e067ca8156a38e18a,buy,0x5d21ef5f25a985380b65c8e943a0082feda0db84,0x21e996b555a538756729116290c8099c2639e3eef9444df1eae2c1d34049046d
243,14248.705,0.618393797,0x4b0925f7776c00378f9556fcd4b3aaf3efe0013f,2017-10-31T16:45:31.000Z,0.0000434,0x72c7c99e6e9db5bc915d2fccbb6102ed3e120f96,buy,0x5d21ef5f25a985380b65c8e943a0082feda0db84,0x2062a6b5d6bafc397d40ba4b56f2e23fc3e19170d94d396bf0e2a6d136d956b7
244,400,0.01736,0x3c1e45cf0b3191a371abc73095e8fee8a29b0539,2017-10-31T16:43:16.000Z,0.0000434,0x72c7c99e6e9db5bc915d2fccbb6102ed3e120f96,buy,0x5d21ef5f25a985380b65c8e943a0082feda0db84,0xcad134e47a71c6e7cecd597dfcac00aefe2b292b197b65d9baf07a3cd5d18f74
245,3000,0.12999,0x4b0925f7776c00378f9556fcd4b3aaf3efe0013f,2017-10-31T16:40:22.000Z,0.00004333,0x254fb89e4cab71708eaab16e067ca8156a38e18a,buy,0x5d21ef5f25a985380b65c8e943a0082feda0db84,0x2fd0d8a5dfddfb20613c6f94b30992658e093cae6e0e0720aa1807609362a1b8
246,7911.294968989221,0.3433502016541322,0xab2ff6299c8911775133360a21a7b69ded2075e0,2017-10-31T16:40:11.000Z,0.0000434,0x72c7c99e6e9db5bc915d2fccbb6102ed3e120f96,buy,0x5d21ef5f25a985380b65c8e943a0082feda0db84,0x56e6a436707b6719c66a2439cc46a116ab5056dfd8a36f811b2149039b3c9b29
247,500,0.021665,0x3c1e45cf0b3191a371abc73095e8fee8a29b0539,2017-10-31T16:33:09.000Z,0.00004333,0x254fb89e4cab71708eaab16e067ca8156a38e18a,buy,0x5d21ef5f25a985380b65c8e943a0082feda0db84,0x248d9dc1ada5ad05e9bd582890fbbbf931562576db6d214aae7e2b1c3b677058
248,5000,0.215,0x59382d769b963da21aeb2304d4098ad64bcd3a69,2017-10-31T16:21:20.000Z,0.000043,0x0671f73668831051b71f967938d22f3584a3051d,buy,0x5d21ef5f25a985380b65c8e943a0082feda0db84,0x37f44533aeda825e5baecf58ca736ad290e6348891d1700513b7469cc5f05bed
249,190.32442286056084,0.006889744107552302,0x04f687d7eaad5cfcf741f6712226c980d45c43af,2017-10-31T15:23:04.000Z,0.00003619999999999999,0x9c1a1337210c8ba862efa5bea4c5d4af57d8defc,sell,0x5d21ef5f25a985380b65c8e943a0082feda0db84,0x8ff5b5a25026abeb4c77a5c6cb7ab26fd896aa264cad18826cc4d0b3ffc2e6d5
250,6219,0.230146533,0x93018adddc7ac587d1a1291970f315d53943afd4,2017-10-31T15:22:06.000Z,0.000037007,0x9c1a1337210c8ba862efa5bea4c5d4af57d8defc,sell,0x5d21ef5f25a985380b65c8e943a0082feda0db84,0xc5437319a25eb05aa21b0600cc502d120af79c86c14d9910e6a84bf29aaae446
251,5019.054,0.1967469168,0xa4d376bc5a9faab3b06c60c167b1e096bda6251f,2017-10-31T15:11:48.000Z,0.0000392,0xfb32f12774503266a26e22476532e3d1ca624dbb,sell,0x5d21ef5f25a985380b65c8e943a0082feda0db84,0xc52f2c612748b9717707e6978791a765cdddb8aab00b2c10453d30202c34b863
252,52560,1.949976,0x72c7c99e6e9db5bc915d2fccbb6102ed3e120f96,2017-10-31T15:09:15.000Z,0.0000371,0xfb32f12774503266a26e22476532e3d1ca624dbb,sell,0x5d21ef5f25a985380b65c8e943a0082feda0db84,0x1554909f254c0ec607823d05b0e200fb2062deb670647abb2ff6bffdc0e45648
253,8006.180839397866,0.31624414315621574,0xe54b0049f013ce0e149baf329d41a85496dd69b1,2017-10-31T15:08:08.000Z,0.00003949999999999999,0xfb32f12774503266a26e22476532e3d1ca624dbb,sell,0x5d21ef5f25a985380b65c8e943a0082feda0db84,0xb31d8e677ace1d1730a1b1b62676054bac1be397af978e512ff2011710666c91
254,2207,0.090487,0x029fad5ca06e33602d8831347d6bae3bbda0a3e2,2017-10-31T15:04:13.000Z,0.000041,0xfb32f12774503266a26e22476532e3d1ca624dbb,sell,0x5d21ef5f25a985380b65c8e943a0082feda0db84,0x54cc6f0507864d9254289ebd1e4a671810ebf1c63fe212830530da7a0100f349
255,400,0.0160004,0x76bbec0f2140edb678aec883e3fb0320e4f27859,2017-10-31T14:56:49.000Z,0.000040001,0x7927551aea21d146c065257e06e677a52ba29de2,sell,0x5d21ef5f25a985380b65c8e943a0082feda0db84,0x98ab0a046615e8652fce7a4175dd85fff1e426ac82c106cbbcc82cc29a7ce591
256,7946.851,0.31787404,0x37f3fd11697bdf58a0a7be6b7e35b51edd07afac,2017-10-31T14:43:18.000Z,0.00004,0x5a8874db0a2b1de1a56d3cf4b9c746a754a2f8a5,sell,0x5d21ef5f25a985380b65c8e943a0082feda0db84,0x27015e3778484f66013814757b27ab7870966e4ee64d1519c49fc1d51d87f9b6
257,1500,0.06675,0x719f7a13cad057310bb8356ab2581041951c0e6f,2017-10-31T14:36:23.000Z,0.0000445,0x029fad5ca06e33602d8831347d6bae3bbda0a3e2,buy,0x5d21ef5f25a985380b65c8e943a0082feda0db84,0xf59a83968627490b1b88c7a22dc91ed579154a3e567ec98c41d1422c2e27b0b4
258,500,0.02225,0xf0d8444b98fd316d6fa97ef6d9501f457e72656f,2017-10-31T14:35:21.000Z,0.0000445,0x029fad5ca06e33602d8831347d6bae3bbda0a3e2,buy,0x5d21ef5f25a985380b65c8e943a0082feda0db84,0x1f50c94f68ec7377e4ad9d8ec5dbb545572a89a57cf82072448a967c87a4a822
259,182.58,0.007686618,0xb16ae4fc04f464777250969ca38c4415a18833f6,2017-10-31T13:58:33.000Z,0.0000421,0xff46933d906f63beadfd7428541009d8b638e636,buy,0x5d21ef5f25a985380b65c8e943a0082feda0db84,0xa20889704358e2af4584e0f119c3d4779578143d0af2e5ba6b5359aa8b36297b
260,11553.148907552017,0.4621259563020807,0x37f3fd11697bdf58a0a7be6b7e35b51edd07afac,2017-10-31T13:54:13.000Z,0.00003999999999999999,0xf20c2032a6d8bdad0454ac8ac6d6d57f16478469,sell,0x5d21ef5f25a985380b65c8e943a0082feda0db84,0x97ca06379b758205feaf1bce688dafabe95aff741ac29c4c37ccf9159fe52c50
261,6001.545209849467,0.25266505333466255,0x254fb89e4cab71708eaab16e067ca8156a38e18a,2017-10-31T13:52:30.000Z,0.00004209999999999999,0xf20c2032a6d8bdad0454ac8ac6d6d57f16478469,sell,0x5d21ef5f25a985380b65c8e943a0082feda0db84,0xf2ed2891aa1b0b6fe3e48dd0699c2fd50b0d0f1a9a2a09648eace3d3bb01af75
262,3250,0.1365,0xd28cdcbf07a071a0a2418f1c42cfc1cae0487f2d,2017-10-31T13:52:30.000Z,0.000042,0xf20c2032a6d8bdad0454ac8ac6d6d57f16478469,sell,0x5d21ef5f25a985380b65c8e943a0082feda0db84,0xc3b2eb7e6e818b6556fa4bef0910c9e396973f90f6154b62737c5e7bd963cdd0
263,498.45479015053337,0.020984946665337453,0x254fb89e4cab71708eaab16e067ca8156a38e18a,2017-10-31T13:50:53.000Z,0.00004209999999999999,0xaef2368da7ee514b54a72e147d5b5738bc1e247d,sell,0x5d21ef5f25a985380b65c8e943a0082feda0db84,0xcfc4551f4eb19a61ecc1d74d83b1f7baa4d4dc9b5832a58a5cafbbc5070badae
264,2031.3257922664363,0.10156628961332181,0x32a0bb6e02b8d87a54844148fbfd10ef2a6ce6b4,2017-10-31T13:48:27.000Z,0.00005,0xc9d56287b414e1aa0963016aa721b527f095fd9c,sell,0x5d21ef5f25a985380b65c8e943a0082feda0db84,0x7e5387eaa917f00cafbd0aca7d68de12974399b4805663e378c810a3b8a83133
265,2037.4197696432357,0.08577537230198022,0xc9d56287b414e1aa0963016aa721b527f095fd9c,2017-10-31T13:48:27.000Z,0.0000421,0xff46933d906f63beadfd7428541009d8b638e636,buy,0x5d21ef5f25a985380b65c8e943a0082feda0db84,0x7e5387eaa917f00cafbd0aca7d68de12974399b4805663e378c810a3b8a83133
266,460.45588888888886,0.020720515,0x937296fc01c16da1caaadd352f1212b1d580bd03,2017-10-31T13:28:00.000Z,0.00004499999999999999,0xf20c2032a6d8bdad0454ac8ac6d6d57f16478469,sell,0x5d21ef5f25a985380b65c8e943a0082feda0db84,0x8607f7404536a8ed6cab44a7cf6e8f94c19cc56755fc4d08ff6310f1d24a8335
267,7000,0.301,0xb16ae4fc04f464777250969ca38c4415a18833f6,2017-10-31T13:09:34.000Z,0.000043,0x5a8874db0a2b1de1a56d3cf4b9c746a754a2f8a5,sell,0x5d21ef5f25a985380b65c8e943a0082feda0db84,0x09f319fabfc6cd0e261b79a19e04e552dec61a0a9b22e9dee03fb730359e23ab
268,1750,0.0735,0xf00dd34fa52d31aa537658baf071cbaeac59a66d,2017-10-31T11:20:22.000Z,0.000042,0xb13760651ab102ee0bc729ac4cdf61ffebbf8ed8,buy,0x5d21ef5f25a985380b65c8e943a0082feda0db84,0xdbbcef40c9bf17abb46a048a4fadda6bf5348e5ca219cc4197512132c61fb9b3
269,3250,0.1365,0xd28cdcbf07a071a0a2418f1c42cfc1cae0487f2d,2017-10-31T11:19:06.000Z,0.000042,0x1c39c4a38ced25b4cf306d0ebfbd1fdd7d33d917,sell,0x5d21ef5f25a985380b65c8e943a0082feda0db84,0x38ee90eeb340f8d74f90c1eab8feda8fdd2e36123385ae028c8a95bc53fe2812
270,4309.889,0.181015338,0xb16ae4fc04f464777250969ca38c4415a18833f6,2017-10-31T11:07:55.000Z,0.000042,0x225cac138e326702d57ec61590ff9f5aca335929,sell,0x5d21ef5f25a985380b65c8e943a0082feda0db84,0xc418f61fb2aa93fe6c0914b127e422b219f7c1a81fc9237642eed7388ef0da60
271,3190.1106569634135,0.13398464759246337,0xb16ae4fc04f464777250969ca38c4415a18833f6,2017-10-31T10:35:38.000Z,0.00004199999999999999,0xb6752fe5e11484f442e17fb9df2b3390a97c4446,sell,0x5d21ef5f25a985380b65c8e943a0082feda0db84,0xaae9413ec6d9d5abe0d54df5fa17727840d3c34d40a5a39276bde215b8bc3e7a
272,1000,0.048999,0x9e80568e1a201b51e629cc32c24aeb293a85968f,2017-10-31T10:24:06.000Z,0.000048999,0xe0775a00891e3f5896ab55811fbc2132c7cdb842,buy,0x5d21ef5f25a985380b65c8e943a0082feda0db84,0xfec86b3a12d1480ba11410f9334c339c41958e838691657d9569d43123c8925b
273,2597.3161339101816,0.10648996149031745,0xb16ae4fc04f464777250969ca38c4415a18833f6,2017-10-31T09:33:57.000Z,0.00004099999999999999,0x14c2b732f734da979d383a850a7de033585da67b,sell,0x5d21ef5f25a985380b65c8e943a0082feda0db84,0x4e751013108152b58a5c87ea4dad7d95c30ce59e37cb98b66d2f8849e90afa2e
274,9905.179607437107,0.41601754351235853,0xb16ae4fc04f464777250969ca38c4415a18833f6,2017-10-31T09:20:05.000Z,0.00004199999999999999,0x1b5eff70981879dd18bb1cd0f490c29d5d6bc624,sell,0x5d21ef5f25a985380b65c8e943a0082feda0db84,0xc0b2d7dbdd08dbe49e2297c9341e399bf95acd50ad3063a804799c20f7d5a476
275,94.3234782023057,0.003961586084496839,0xb16ae4fc04f464777250969ca38c4415a18833f6,2017-10-31T09:18:17.000Z,0.00004199999999999999,0x6061ec9dc92e50e73e9034d42e84b4d8b788f643,sell,0x5d21ef5f25a985380b65c8e943a0082feda0db84,0x5ae54662de6a0e8cff16ccb5b6b8ffe1c0808bfe80f9a413e15856332b8bc206
276,0.49691436058682925,0.000020870403144646,0xb16ae4fc04f464777250969ca38c4415a18833f6,2017-10-31T09:17:41.000Z,0.00004199999999999833,0x5d5d2944df030e06de3c3a1319d55666d823760e,sell,0x5d21ef5f25a985380b65c8e943a0082feda0db84,0x1cd86600f14597c5336ca515fa7258d69770d54075ae0a3733bd22dab01308cd
277,4984.547951046484,0.20436646599290584,0xf00dd34fa52d31aa537658baf071cbaeac59a66d,2017-10-31T09:15:37.000Z,0.00004099999999999999,0x5d5d2944df030e06de3c3a1319d55666d823760e,sell,0x5d21ef5f25a985380b65c8e943a0082feda0db84,0x773e810bc0b4c4f004f6099d149475b4fcc1ff64d7b0e4b746158df3f3ca0837
278,0.000000025722831078,0.000000000001260393,0x1d5321e125f6c7079a716705541c7b371ca79e69,2017-10-31T09:05:48.000Z,0.00004899900000035291,0xf3f92bc6ad9259b68f889498c5f42d46a6914978,buy,0x5d21ef5f25a985380b65c8e943a0082feda0db84,0x70c8f300a6a2ed7050da7de099a5fc173a0f18adfe424a9d557b7e89d0b8e482
279,0.000000025645893397,0.000025645893397,0xa6e104c9bd70ee2fa61edb16c33c585036f58b96,2017-10-31T09:05:48.000Z,1000,0x1d5321e125f6c7079a716705541c7b371ca79e69,sell,0x5d21ef5f25a985380b65c8e943a0082feda0db84,0x70c8f300a6a2ed7050da7de099a5fc173a0f18adfe424a9d557b7e89d0b8e482
280,0.000004287138584247,0.008574277168494,0xa6e104c9bd70ee2fa61edb16c33c585036f58b96,2017-10-31T09:03:31.000Z,2000,0x1d5321e125f6c7079a716705541c7b371ca79e69,sell,0x5d21ef5f25a985380b65c8e943a0082feda0db84,0x3a5c303d6083c8b6df691717aa853e022aaf73d77efdf15eb8f6a714f6173719
281,0.0000043,0.0000000002106957,0x1d5321e125f6c7079a716705541c7b371ca79e69,2017-10-31T09:03:31.000Z,0.000048999,0xf3f92bc6ad9259b68f889498c5f42d46a6914978,buy,0x5d21ef5f25a985380b65c8e943a0082feda0db84,0x3a5c303d6083c8b6df691717aa853e022aaf73d77efdf15eb8f6a714f6173719
282,0.00004914744232653,0.000000002408224674,0xd4fbc28dc6e196a5e088e917aec77983145b0a84,2017-10-31T09:03:08.000Z,0.00004900000000000061,0xa10198da84e05856bd6d48c7109d925a3dda1c05,buy,0x5d21ef5f25a985380b65c8e943a0082feda0db84,0x88265df4c9695f264ce5956fb799966b618b6e94f1f6ed5cd613292759a03d45
283,0.000049,0.098,0xa6e104c9bd70ee2fa61edb16c33c585036f58b96,2017-10-31T09:03:08.000Z,2000,0x273a5d3e6721b9f5c1a6474f560c1334c63dda01,sell,0x5d21ef5f25a985380b65c8e943a0082feda0db84,0xf9cd7d2b025787f4465ee74426565bce3aa2a332861e7d9320728cbd471b7b96
284,1993.8191606021335,0.07875585684378426,0xe54b0049f013ce0e149baf329d41a85496dd69b1,2017-10-31T08:31:06.000Z,0.00003949999999999999,0xf3f92bc6ad9259b68f889498c5f42d46a6914978,sell,0x5d21ef5f25a985380b65c8e943a0082feda0db84,0x27dc7bf6d0668622dc7689f58f7bbfbadf4c206fa102048bc4aac8288defd43b
285,22235.339776,1.089509413684224,0xc9d56287b414e1aa0963016aa721b527f095fd9c,2017-10-31T08:20:01.000Z,0.000048999,0xf20c2032a6d8bdad0454ac8ac6d6d57f16478469,buy,0x5d21ef5f25a985380b65c8e943a0082feda0db84,0xcfeaec55484ff13cdab16943dd77244ee33d6aac9199d22aef623bb13915b31a
286,22168.833276171485,1.1084416638085743,0x32a0bb6e02b8d87a54844148fbfd10ef2a6ce6b4,2017-10-31T08:20:01.000Z,0.00004999999999999999,0xc9d56287b414e1aa0963016aa721b527f095fd9c,sell,0x5d21ef5f25a985380b65c8e943a0082feda0db84,0xcfeaec55484ff13cdab16943dd77244ee33d6aac9199d22aef623bb13915b31a
287,17000,0.6732,0x66ba7e4d074192839652a4042a6fa9ad96bab92d,2017-10-31T08:07:07.000Z,0.0000396,0xaf99e6fdd9b62f9afa144c27af85e0746c544be9,sell,0x5d21ef5f25a985380b65c8e943a0082feda0db84,0xa4294ab9dd457ccec61c1702e072eff9a2752daddbcc88348cecb6efb48120f8
288,6091.217,0.2424304366,0xba0249a73965db1d7ea7623f1fe2fcf2baf30e7a,2017-10-31T08:06:43.000Z,0.0000398,0xaf99e6fdd9b62f9afa144c27af85e0746c544be9,sell,0x5d21ef5f25a985380b65c8e943a0082feda0db84,0xd55cb201614bb1d294e43f44a120a8b70282ce24e5538ffda3be0dc12f9eb7fc
289,100,0.0042,0xb86ec71b24836b2caa679642d2c7a737451f0e0e,2017-10-31T08:06:41.000Z,0.000042,0xaf99e6fdd9b62f9afa144c27af85e0746c544be9,sell,0x5d21ef5f25a985380b65c8e943a0082feda0db84,0x2bef8a9012b7902419b339b0bd59df7bd99e18321f8877551df6def0320a27d1
290,100,0.0043,0x21db12f254838fd84d9e78a3468b55209f109c2e,2017-10-31T08:06:09.000Z,0.000043,0xaf99e6fdd9b62f9afa144c27af85e0746c544be9,sell,0x5d21ef5f25a985380b65c8e943a0082feda0db84,0x1fe1e3c35d966bed87bff41e188e15652b57d882743544801b66283f168c139a
291,45.43794533654309,0.001908393704134809,0x1a567b370a19b4b5137242ccb342fa7be9816c66,2017-10-31T08:06:09.000Z,0.00004199999999999998,0xaf99e6fdd9b62f9afa144c27af85e0746c544be9,sell,0x5d21ef5f25a985380b65c8e943a0082feda0db84,0x44f8d86c10828551839b7b832c3998878b21439f12befb7e78b393a885999c1a
292,103.539,0.004348638,0xa10198da84e05856bd6d48c7109d925a3dda1c05,2017-10-31T08:06:09.000Z,0.000042,0xaf99e6fdd9b62f9afa144c27af85e0746c544be9,sell,0x5d21ef5f25a985380b65c8e943a0082feda0db84,0xeef8f39d3bba75344dc5e22a3ed65e845ff55e5b86c9d0fb477f2ad015f16928
293,310.085,0.015193854915,0x3ce506ae9c82f75e5be92e45d40211fba8ac1a9f,2017-10-31T07:45:22.000Z,0.000048999,0xdd337d856e2587d88ed141204a3d55e0f1ee9b3f,sell,0x5d21ef5f25a985380b65c8e943a0082feda0db84,0xe1e1544376f5b2ec53a93f01292f9beccd45f2667fec4ebbb137acb9ef2c09d4
294,1147.4429269265277,0.0473893928820656,0xeed64ae665b15ee16c5b538ba74f16b8a83bdb14,2017-10-31T07:42:35.000Z,0.00004129999999999999,0x304c929780c19ae230022779a75b451f63d4705f,sell,0x5d21ef5f25a985380b65c8e943a0082feda0db84,0x4d619275f944f59209a05db59ec936488c319d27a0f14360ddcbf733f67344e2
295,3839.9145696848286,0.18815197399998693,0x3ce506ae9c82f75e5be92e45d40211fba8ac1a9f,2017-10-31T07:41:58.000Z,0.00004899899999999999,0xb521c3e4c6cc5591f1f0c06e4f47e661cee64168,sell,0x5d21ef5f25a985380b65c8e943a0082feda0db84,0xa19b69155cd242194da826282806fb9318f7b8c01ca2005eea8cee8fc59360a4
296,14908.782773402452,0.5933695543814176,0xba0249a73965db1d7ea7623f1fe2fcf2baf30e7a,2017-10-31T07:05:39.000Z,0.00003979999999999999,0xbb6be7c4b5efca6bbb0e238f1708dbce6dced620,sell,0x5d21ef5f25a985380b65c8e943a0082feda0db84,0xc33881fdbd638900c0b28a0cf990421d04317359493a2385adbb108633c25d98
297,496.46097098993124,0.02085136078157711,0xa10198da84e05856bd6d48c7109d925a3dda1c05,2017-10-31T05:27:06.000Z,0.00004199999999999999,0xe3f43091daf1fb0b21240e689e590cdc2f8f5a71,sell,0x5d21ef5f25a985380b65c8e943a0082feda0db84,0x2a98d08f210c288f2e8ee36806b34645b9178feaa0fa8f8778f44d96c4153b7b
298,15000,0.5985,0x02f3f615dad26e296bec71632d7d3fdb702dae7c,2017-10-31T04:58:27.000Z,0.0000399,0xbb6be7c4b5efca6bbb0e238f1708dbce6dced620,sell,0x5d21ef5f25a985380b65c8e943a0082feda0db84,0x874310d41e790d9ee88fc9689fdab3ee971aaaa1aaabb49aaf9aeed27e33acdd
299,2000,0.1,0x4da39d4a1748a245ceaf7acefb7b0c8fbf17e275,2017-10-31T04:35:12.000Z,0.00005,0xf20c2032a6d8bdad0454ac8ac6d6d57f16478469,buy,0x5d21ef5f25a985380b65c8e943a0082feda0db84,0x87ea7cb6a0cfb3c7e95998e0ed2f791f4dad5c0a766f1fe9aebe4d5d8ae2dbba
300,6000,0.294,0x4da39d4a1748a245ceaf7acefb7b0c8fbf17e275,2017-10-31T04:31:30.000Z,0.000049,0x254fb89e4cab71708eaab16e067ca8156a38e18a,buy,0x5d21ef5f25a985380b65c8e943a0082feda0db84,0x457959f191704d369837d534f67961cd2e038b1d9a954491f3aca5da286ef2d0
301,131,0.005764,0x4da39d4a1748a245ceaf7acefb7b0c8fbf17e275,2017-10-31T04:31:19.000Z,0.000044,0x85915b48aac88e20b59ef422b2f9582a9ca420fd,buy,0x5d21ef5f25a985380b65c8e943a0082feda0db84,0x21b589333621ed7ff1d1661f7f85335bd137464c9aa95323201e0991f8b70758
302,150,0.00645,0x4da39d4a1748a245ceaf7acefb7b0c8fbf17e275,2017-10-31T04:31:19.000Z,0.000043,0x12c535547350bb959bc354855083a229c2263759,buy,0x5d21ef5f25a985380b65c8e943a0082feda0db84,0x9044480ec04bf6afe22d068820035789fab26ea03b98f73f39b482113b75aaae
303,1350.495513334982,0.05577546470073476,0xeed64ae665b15ee16c5b538ba74f16b8a83bdb14,2017-10-31T04:12:40.000Z,0.00004129999999999999,0xcc5b4b149ed93fbedd507a32f9dd353c53cee1e7,sell,0x5d21ef5f25a985380b65c8e943a0082feda0db84,0xa4005411be24593c45f2269165b1c0c699b2ea4bd2ce7c4224421a75c53e47c1
304,9.9702891365902,0.000418752143736788,0x1a567b370a19b4b5137242ccb342fa7be9816c66,2017-10-31T04:11:43.000Z,0.00004199999999999995,0xe444a40689f51f63bcd29910622035707d533d29,sell,0x5d21ef5f25a985380b65c8e943a0082feda0db84,0x8cb4c4d493678aa03768502ac388461eb4c6eb755cf4a77e9acc26ea2adb3bb2
305,0.004043194478951847,0.000000214288903065,0x8fb63d96d2eb10be06b7ce97f09f1c10b871b334,2017-10-31T04:11:08.000Z,0.0000529999,0x254fb89e4cab71708eaab16e067ca8156a38e18a,buy,0x5d21ef5f25a985380b65c8e943a0082feda0db84,0x292ce94146c1e995ca82f298e77ab17101246fe2ee0be4d297c0aa504930ff6d
306,643.3877872120433,0.02702228706290582,0xb86ec71b24836b2caa679642d2c7a737451f0e0e,2017-10-31T04:05:22.000Z,0.00004199999999999999,0xcc5b4b149ed93fbedd507a32f9dd353c53cee1e7,sell,0x5d21ef5f25a985380b65c8e943a0082feda0db84,0x0b7caf0b7a2ac52783985989f5393300f9a7c195498550c8b0d73cb523801af9
307,36.43274553627734,0.002149531986640363,0x8fb63d96d2eb10be06b7ce97f09f1c10b871b334,2017-10-31T03:57:59.000Z,0.000059,0xad18d6e64974b2ddecc7421533c0411f71564482,buy,0x5d21ef5f25a985380b65c8e943a0082feda0db84,0x76e9fc8c7acf8c22975f34434718cdfdf5dc999a3a2d24efebe309b3c12e14fc
308,1744.5917655268668,0.0732728541521284,0x1a567b370a19b4b5137242ccb342fa7be9816c66,2017-10-31T03:22:43.000Z,0.00004199999999999999,0xe906b031daa3d55df74905155077d844b2357bef,sell,0x5d21ef5f25a985380b65c8e943a0082feda0db84,0x4e01bf8a93bb2e19ca5c357f12c0a74b6983bb1018d8f0e50cbfba9d663b3c1d
309,9717.737635813915,0.4081449807041844,0xb39e19e6e4b763f04826c9cbc74fb36dbf15c114,2017-10-31T02:00:09.000Z,0.00004199999999999999,0x5a8874db0a2b1de1a56d3cf4b9c746a754a2f8a5,sell,0x5d21ef5f25a985380b65c8e943a0082feda0db84,0xcc028c49eeeb925b576a3492202169dc7f5ebe6b93a5efb670eb0969922ce5c9
310,20.642540938989235,0.000866986719437547,0xb39e19e6e4b763f04826c9cbc74fb36dbf15c114,2017-10-31T01:42:40.000Z,0.00004199999999999995,0xfdf7c01650ea64dae1496d7be373af4c060d13a7,sell,0x5d21ef5f25a985380b65c8e943a0082feda0db84,0xc8d31659eab92e3454c4b04cd0553bf26d23b1c2f7668346e6e307ae4cb59b1b
311,10000,0.44,0x029fad5ca06e33602d8831347d6bae3bbda0a3e2,2017-10-31T01:26:08.000Z,0.000044,0x5a8874db0a2b1de1a56d3cf4b9c746a754a2f8a5,sell,0x5d21ef5f25a985380b65c8e943a0082feda0db84,0x91cad462a37e67e3cb06363ee70330883cbf387efe10f0c1746ccc00b81f6621
312,6500,0.29965,0x254fb89e4cab71708eaab16e067ca8156a38e18a,2017-10-31T01:05:56.000Z,0.0000461,0x225cac138e326702d57ec61590ff9f5aca335929,sell,0x5d21ef5f25a985380b65c8e943a0082feda0db84,0x50a55a3258bba6a2ed819b02cfd4ddf82274009608782df68cb6cc884f1bcf4d
313,15717.408,0.833022624,0x92b7e48badc31b4ba869394117bbaf2959c143d7,2017-10-31T01:04:43.000Z,0.000053,0xf20c2032a6d8bdad0454ac8ac6d6d57f16478469,sell,0x5d21ef5f25a985380b65c8e943a0082feda0db84,0xafb5ee0ab40277eb71a58506fe86a37793a4cfe908ab0be91cf5414a8bd9b002
314,596,0.031588,0x92b7e48badc31b4ba869394117bbaf2959c143d7,2017-10-31T01:01:36.000Z,0.000053,0x1ec102092fa2f76a00d275a593581babb4b0d35e,sell,0x5d21ef5f25a985380b65c8e943a0082feda0db84,0x07ab75a933b35af1c39497322aecfa0bdea01b4708d0de5f9f5ef5cdb1584959
315,10000.319,0.530016907,0x92b7e48badc31b4ba869394117bbaf2959c143d7,2017-10-31T01:00:00.000Z,0.000053,0x225cac138e326702d57ec61590ff9f5aca335929,sell,0x5d21ef5f25a985380b65c8e943a0082feda0db84,0xbc4f63483256a197a03af63550c138c7e72acba792c8f6f19ea15f16d7a8135f
316,206.3602831223208,0.010937095005483002,0x92b7e48badc31b4ba869394117bbaf2959c143d7,2017-10-31T00:55:54.000Z,0.00005299999999999999,0x92f5f608873d2aa74ddbdcee98d2bc7e38ba44e5,sell,0x5d21ef5f25a985380b65c8e943a0082feda0db84,0x59b02acd009f3b7ee3b625ded55c5969fb1c548881533dfdc55940d746aa6a70
317,2990.7287409032,0.1585086232678696,0x92b7e48badc31b4ba869394117bbaf2959c143d7,2017-10-31T00:55:54.000Z,0.00005299999999999999,0xdfed8133a78676551b3049d86c5e8c99c62fbc73,sell,0x5d21ef5f25a985380b65c8e943a0082feda0db84,0xc9852fccc308371dcbf8e8f2c6187c7194d9ff98373d96e2a65a1b33cec4afb4
318,1744.5917655268668,0.09246336357292394,0x92b7e48badc31b4ba869394117bbaf2959c143d7,2017-10-31T00:48:05.000Z,0.00005299999999999999,0x3d38dd8f64206829da2becb4f91cb976c6b788ca,sell,0x5d21ef5f25a985380b65c8e943a0082feda0db84,0xd113d01cf6b3a39436b9bfb565e1e53519d54c666a510bf573e41b204abb0e30
319,350,0.01855,0x92b7e48badc31b4ba869394117bbaf2959c143d7,2017-10-31T00:21:18.000Z,0.000053,0x3197bab761271ede2bf5b25b450fe46d85c76f2b,buy,0x5d21ef5f25a985380b65c8e943a0082feda0db84,0x7daca5ca475a7bf094e3e042c45dbac64753da573f730fb6d0aa43aded09d7ff
320,754.4746514024454,0.03621402879266598,0x92b7e48badc31b4ba869394117bbaf2959c143d7,2017-10-31T00:18:52.000Z,0.000047999,0x029fad5ca06e33602d8831347d6bae3bbda0a3e2,buy,0x5d21ef5f25a985380b65c8e943a0082feda0db84,0x49c0f8027eccf45c3b2e9af2c17bae3ec2dd527fafc24aaf6245fd08156ddf76
321,5000,0.242,0x92b7e48badc31b4ba869394117bbaf2959c143d7,2017-10-31T00:18:28.000Z,0.0000484,0x254fb89e4cab71708eaab16e067ca8156a38e18a,buy,0x5d21ef5f25a985380b65c8e943a0082feda0db84,0x344a5ff0011e7820173c1f7c3c70934aedf6536dc32e6dd07b5b7a900e43510e
322,4599,0.220752,0x92b7e48badc31b4ba869394117bbaf2959c143d7,2017-10-31T00:15:44.000Z,0.000048,0x029fad5ca06e33602d8831347d6bae3bbda0a3e2,buy,0x5d21ef5f25a985380b65c8e943a0082feda0db84,0x84d4c4ff960ad4e19a5a754c210d1f86ae2511c499e398db710e45db92e973b9
323,3990,0.19551,0x92b7e48badc31b4ba869394117bbaf2959c143d7,2017-10-31T00:13:12.000Z,0.000049,0x029fad5ca06e33602d8831347d6bae3bbda0a3e2,buy,0x5d21ef5f25a985380b65c8e943a0082feda0db84,0xd23803c678f10bde95da65c6e631de1dbd95ebefe49a955a131666f65669c6c2
324,196.33163048134892,0.008854556534708836,0x13887916bd0648435ca2b96cd7e8d887116d1b95,2017-10-30T23:58:01.000Z,0.00004509999999999999,0x98b31d397cb7ecffe83167cef2c9f13e9722071e,sell,0x5d21ef5f25a985380b65c8e943a0082feda0db84,0x9c8b734dfcd643ae1d79de07d57bd5d0572c387a6a6517921f75175e020b322f
325,11154.226437340996,0.46847751036832186,0xb86ec71b24836b2caa679642d2c7a737451f0e0e,2017-10-30T23:56:34.000Z,0.00004199999999999999,0x5a3f6dade8b316827feb57dfdf1e9efc542836c8,sell,0x5d21ef5f25a985380b65c8e943a0082feda0db84,0x819e356132515c5905cd627aa607ca164b4451a13fcd1c57820eb8c963240519
326,4394.080974272372,0.198173051939684,0x254fb89e4cab71708eaab16e067ca8156a38e18a,2017-10-30T23:51:26.000Z,0.00004509999999999999,0x5a3f6dade8b316827feb57dfdf1e9efc542836c8,sell,0x5d21ef5f25a985380b65c8e943a0082feda0db84,0xdff340ac0fda4108b72e1d2f6978810ec3dbc24b35ea596a05d903f5d55e52da
327,10000,0.451,0x13887916bd0648435ca2b96cd7e8d887116d1b95,2017-10-30T23:49:28.000Z,0.0000451,0x5a3f6dade8b316827feb57dfdf1e9efc542836c8,sell,0x5d21ef5f25a985380b65c8e943a0082feda0db84,0xbf697279b1a79449f59cba29d172b8b0e8d49c66eceb7569719d1c5b2ceff1e1
328,331.2717615567198,0.017587217821046254,0x5683eda7ed79b2e994933494b5bbcfdde670110d,2017-10-30T23:48:40.000Z,0.00005308999999999999,0x5a3f6dade8b316827feb57dfdf1e9efc542836c8,sell,0x5d21ef5f25a985380b65c8e943a0082feda0db84,0x15f81f3189a29ceacb4829a63bb1e3533cc428dbd63ec952b4067a21e57eb78e
329,3000,0.15927,0x362ca6a6ac1f24dd40bfab8f794b6e4a6f65ce67,2017-10-30T23:41:46.000Z,0.00005309,0xad18d6e64974b2ddecc7421533c0411f71564482,buy,0x5d21ef5f25a985380b65c8e943a0082feda0db84,0xeed65b3b6d2b8ad8f82d06aa926cb768da87ccf707f801df188d917e23bfb330
330,2668.72823844328,0.14168278217895375,0x5683eda7ed79b2e994933494b5bbcfdde670110d,2017-10-30T23:30:51.000Z,0.00005308999999999999,0x58c827ed24f0204cf0e45f44a9ab222014837b10,sell,0x5d21ef5f25a985380b65c8e943a0082feda0db84,0x80c3585a57ae8d2f1efdec2ed82350579530fd72b3c02c23e323ad123fefd3cd
331,300,0.0183,0x3c43f82e0810edd0789425b8bc0ec8c11822b13d,2017-10-30T23:04:30.000Z,0.000061,0xcd46f0b64e76335597d7ff5bf35d17cf493abed3,buy,0x5d21ef5f25a985380b65c8e943a0082feda0db84,0x9b051edd5135c594fb988fd3fc7e7c0e2ccee2388398b56f5ef7e4d0f940b236
332,300,0.0183,0x3c43f82e0810edd0789425b8bc0ec8c11822b13d,2017-10-30T23:04:25.000Z,0.000061,0xcd46f0b64e76335597d7ff5bf35d17cf493abed3,buy,0x5d21ef5f25a985380b65c8e943a0082feda0db84,0x9b051edd5135c594fb988fd3fc7e7c0e2ccee2388398b56f5ef7e4d0f940b236
333,605.9190257276276,0.027326948060316006,0x254fb89e4cab71708eaab16e067ca8156a38e18a,2017-10-30T22:25:30.000Z,0.00004509999999999999,0xcfcddd5ff45ccde7ff152dcd295af98736fdd060,sell,0x5d21ef5f25a985380b65c8e943a0082feda0db84,0x2fd3413f84c3f93bab4000db6e7b0b190bd3e42b18985cbe0272c0939a40a087
334,1750,0.10325,0xa5e8ec84aca34e8ef6ae78f0735df247a941bcd1,2017-10-30T21:49:39.000Z,0.000059,0x819a3d27853804e4ecf79b009b098cc384d96a43,buy,0x5d21ef5f25a985380b65c8e943a0082feda0db84,0x9856291b4027813e62c3c9f936b4f915670bd649f3ff05804375870b5c3c67c5
335,1000,0.058,0xa5e8ec84aca34e8ef6ae78f0735df247a941bcd1,2017-10-30T21:49:25.000Z,0.000058,0xcc16e731603785a71da1ecdd99acb29ae1cf85d3,buy,0x5d21ef5f25a985380b65c8e943a0082feda0db84,0x61a2554026542a6c556fc66f4eac442337e37b5c300fabaab5d0f5338e012cad
336,2990.7287409032,0.1256106071179344,0xb39e19e6e4b763f04826c9cbc74fb36dbf15c114,2017-10-30T21:38:14.000Z,0.00004199999999999999,0xe81e6767af9283ef265c723bfab28ee9d17ef575,sell,0x5d21ef5f25a985380b65c8e943a0082feda0db84,0x29d357e66ce2e9f0ef5cbe2bc2e82d0b5e13b5e4712eb9430d8dc1ec5ea7c9af
337,2.385775446959804,0.000100202568772311,0xb86ec71b24836b2caa679642d2c7a737451f0e0e,2017-10-30T21:31:51.000Z,0.00004199999999999967,0x57d0dc585f7db514d82d44af8adbb4c96a15704f,sell,0x5d21ef5f25a985380b65c8e943a0082feda0db84,0x01bf9d3479aa016de08f96c7ec32f3bf65a7d2b1d4690c1c2275a770990df767
338,23931.713508453795,1.0051319673550594,0xb39e19e6e4b763f04826c9cbc74fb36dbf15c114,2017-10-30T21:30:44.000Z,0.00004199999999999999,0x57d0dc585f7db514d82d44af8adbb4c96a15704f,sell,0x5d21ef5f25a985380b65c8e943a0082feda0db84,0x86cfac93bb3aeb7118a1375d743de4adbd24bbf390cbf63e741c8e0dff7048ee
339,13743,0.54972,0x273a5d3e6721b9f5c1a6474f560c1334c63dda01,2017-10-30T21:26:08.000Z,0.00004,0xb4ef62a512cf6ce2a548e5b4b88cfa8cd93e8aa3,buy,0x5d21ef5f25a985380b65c8e943a0082feda0db84,0x90981d00909e7e49a7b86ec2e92d765480821d6869ca900f69adccdb11ce913d
340,13701.771,0.575474382,0xb39e19e6e4b763f04826c9cbc74fb36dbf15c114,2017-10-30T21:26:08.000Z,0.000042,0x273a5d3e6721b9f5c1a6474f560c1334c63dda01,sell,0x5d21ef5f25a985380b65c8e943a0082feda0db84,0x90981d00909e7e49a7b86ec2e92d765480821d6869ca900f69adccdb11ce913d
341,9970,0.41874,0xb39e19e6e4b763f04826c9cbc74fb36dbf15c114,2017-10-30T21:05:13.000Z,0.000042,0x273a5d3e6721b9f5c1a6474f560c1334c63dda01,sell,0x5d21ef5f25a985380b65c8e943a0082feda0db84,0x38831077924440898356e2ffb9fe329e2f8a29b4982fe3c3398dc9e85feea9bf
342,10000,0.41,0x273a5d3e6721b9f5c1a6474f560c1334c63dda01,2017-10-30T21:05:13.000Z,0.000041,0xb4ef62a512cf6ce2a548e5b4b88cfa8cd93e8aa3,buy,0x5d21ef5f25a985380b65c8e943a0082feda0db84,0x38831077924440898356e2ffb9fe329e2f8a29b4982fe3c3398dc9e85feea9bf
343,6979.062811565304,0.2931206380857428,0xb39e19e6e4b763f04826c9cbc74fb36dbf15c114,2017-10-30T21:00:32.000Z,0.00004199999999999999,0xc9d56287b414e1aa0963016aa721b527f095fd9c,sell,0x5d21ef5f25a985380b65c8e943a0082feda0db84,0x0ec63682490fc34034606b1e335c1af5ea7173117dc14aa61862b5d26f57ccf9
344,7000,0.28,0xc9d56287b414e1aa0963016aa721b527f095fd9c,2017-10-30T21:00:32.000Z,0.00004,0xb4ef62a512cf6ce2a548e5b4b88cfa8cd93e8aa3,buy,0x5d21ef5f25a985380b65c8e943a0082feda0db84,0x0ec63682490fc34034606b1e335c1af5ea7173117dc14aa61862b5d26f57ccf9
345,1300,0.0546,0x6aa3b2eb96ba744edce7755b7f6bde772bcc5a11,2017-10-30T20:47:06.000Z,0.000042,0xb4ef62a512cf6ce2a548e5b4b88cfa8cd93e8aa3,buy,0x5d21ef5f25a985380b65c8e943a0082feda0db84,0x942e2141b2edec3e7be4a6989c27ff39dbad6ac43733db388848617a59d3cd74
346,1694.9,0.0762705,0x029fad5ca06e33602d8831347d6bae3bbda0a3e2,2017-10-30T20:45:56.000Z,0.000045,0x273a5d3e6721b9f5c1a6474f560c1334c63dda01,sell,0x5d21ef5f25a985380b65c8e943a0082feda0db84,0x8a2cc8d7060409f7df26b8df7d763ec1272f9f394c73fa4086323523b80f5602
347,1700,0.0714,0x273a5d3e6721b9f5c1a6474f560c1334c63dda01,2017-10-30T20:45:56.000Z,0.000042,0xb4ef62a512cf6ce2a548e5b4b88cfa8cd93e8aa3,buy,0x5d21ef5f25a985380b65c8e943a0082feda0db84,0x8a2cc8d7060409f7df26b8df7d763ec1272f9f394c73fa4086323523b80f5602
348,1000,0.0442,0x029fad5ca06e33602d8831347d6bae3bbda0a3e2,2017-10-30T20:33:45.000Z,0.0000442,0xdd337d856e2587d88ed141204a3d55e0f1ee9b3f,sell,0x5d21ef5f25a985380b65c8e943a0082feda0db84,0x526f809bc5a93249ecaeb4bbaafc917be6c9334eb00288872d3ddce4151261fd
349,574.7,0.0241374,0xb39e19e6e4b763f04826c9cbc74fb36dbf15c114,2017-10-30T20:24:07.000Z,0.000042,0x07f44e667b4d2034ab4b5e28b179b0e87624b1b8,sell,0x5d21ef5f25a985380b65c8e943a0082feda0db84,0x4302087d889a1a120c2f4b800a9cb91e7604954cc4a963819d8ded0e84c04d52
350,563.1365782191112,0.02365173628520267,0x07f44e667b4d2034ab4b5e28b179b0e87624b1b8,2017-10-30T20:19:20.000Z,0.000042,0xb44fde44d5fcbc0438744db970d4b67e26377544,buy,0x5d21ef5f25a985380b65c8e943a0082feda0db84,0x9ea1ca9dc5649ca9c861082b3d2723e8af4bd6cc3cbc40de5394aa08d97a7696
351,20.801018724714666,0.000894464606181455,0x1992d7c3c15323c179c42154f211a0f69ca37901,2017-10-30T20:18:13.000Z,0.00004300099999999998,0x1d5321e125f6c7079a716705541c7b371ca79e69,sell,0x5d21ef5f25a985380b65c8e943a0082feda0db84,0x0954476c5a75370476c3731548f335fd35a871de4ef3129191866e6e73c34f49
352,20.86342178088881,0.00087626371479733,0x1d5321e125f6c7079a716705541c7b371ca79e69,2017-10-30T20:18:13.000Z,0.000042,0xb44fde44d5fcbc0438744db970d4b67e26377544,buy,0x5d21ef5f25a985380b65c8e943a0082feda0db84,0x0954476c5a75370476c3731548f335fd35a871de4ef3129191866e6e73c34f49
353,2000,0.095,0x8b728e8d8d704c7811865091c55a1b3dc34f7f1b,2017-10-30T20:11:16.000Z,0.0000475,0x029fad5ca06e33602d8831347d6bae3bbda0a3e2,buy,0x5d21ef5f25a985380b65c8e943a0082feda0db84,0x13bb8e0b9fc3d62ffe9ca9e216d603a1ec35392463e5c41d667ca14e822a53d7
354,620.89,0.02607738,0xb39e19e6e4b763f04826c9cbc74fb36dbf15c114,2017-10-30T20:05:53.000Z,0.000042,0x93544cf824c553d5ad7c41bb56859e2e4c28a03a,sell,0x5d21ef5f25a985380b65c8e943a0082feda0db84,0x9eaad489f467e3e3698f9df52a23de53b56f89761d4caec187d2d9bb27d5abcb
355,1744.5917655268668,0.0732728541521284,0xb39e19e6e4b763f04826c9cbc74fb36dbf15c114,2017-10-30T20:00:06.000Z,0.00004199999999999999,0x32579cc122216e5bb56985f2289e55d47e82497b,sell,0x5d21ef5f25a985380b65c8e943a0082feda0db84,0x9aefc78cad1f6b37f86e6c4d644a472bb7eb624a7458bb5f0e9745b7eba2eb0f
356,17726.528760841393,0.7445142079553384,0xb39e19e6e4b763f04826c9cbc74fb36dbf15c114,2017-10-30T19:37:11.000Z,0.00004199999999999999,0x9f14a821f23039266839233cd27d09e1eba9b83c,sell,0x5d21ef5f25a985380b65c8e943a0082feda0db84,0xf8d13bd53073645bbd83326c26ee768c4559fc3f7347ee801cc09e680df84509
357,16521.63323595654,0.6939085959101746,0xb39e19e6e4b763f04826c9cbc74fb36dbf15c114,2017-10-30T19:33:32.000Z,0.00004199999999999999,0x39d117193cdc7ef0c2b8c51937d5b5413d9b0008,sell,0x5d21ef5f25a985380b65c8e943a0082feda0db84,0x3601ff8f16c9c87b8cde400df98220e57dcd2c857bfb2d48d24718ce357d71fb
358,500,0.0249875,0xaa9b76fe4428ed447b2ae6dcdade4e487ec42261,2017-10-30T19:32:48.000Z,0.000049975,0x029fad5ca06e33602d8831347d6bae3bbda0a3e2,buy,0x5d21ef5f25a985380b65c8e943a0082feda0db84,0x9cabfbc5422654254cf1de15bd63436280be01e302f1c8a1267c771a58071751
359,13500,0.56835,0xa468a95493e43b462c1f8c365ab203f8101edd81,2017-10-30T19:31:28.000Z,0.0000421,0x39d117193cdc7ef0c2b8c51937d5b5413d9b0008,sell,0x5d21ef5f25a985380b65c8e943a0082feda0db84,0x7396435dc116299fdff01d276fbbf5b5cfd7705e3c37a36ae9cb04190feb300a
360,20463.29574405782,0.8799217169944863,0x2bdc160ca80bc28f37d81b6d16e88201b74aa7b9,2017-10-30T19:30:31.000Z,0.00004299999999999999,0x39d117193cdc7ef0c2b8c51937d5b5413d9b0008,sell,0x5d21ef5f25a985380b65c8e943a0082feda0db84,0xf3e45fc68c525b07384281bd86a895e0dc9eeb66d099922565879f2135352fd6
361,8922.694646595553,0.3836758698036088,0x2bdc160ca80bc28f37d81b6d16e88201b74aa7b9,2017-10-30T19:17:19.000Z,0.00004299999999999999,0x765182f7b75239b1e10e20012fb9334db5e02ac2,sell,0x5d21ef5f25a985380b65c8e943a0082feda0db84,0x0bf504108bc49d803c890eeeae9fc229874dc7aed8a3194c8770f721d21bc9dc
362,6614.009609346625,0.2844024132019049,0x2bdc160ca80bc28f37d81b6d16e88201b74aa7b9,2017-10-30T18:57:47.000Z,0.00004299999999999999,0x12f8967fa9cb2b44468a453230a99ef64cbaa494,sell,0x5d21ef5f25a985380b65c8e943a0082feda0db84,0x1afa72f44e10ba134e37463e830440c91ebb4b03334ee079503700aae06fdc33
363,0.14800332134045283,0.000007844176031044,0x0671f73668831051b71f967938d22f3584a3051d,2017-10-30T18:00:34.000Z,0.000053,0x0671f73668831051b71f967938d22f3584a3051d,buy,0x5d21ef5f25a985380b65c8e943a0082feda0db84,0x285868e3e681174aac81300d85f89ccd2477599583118d658d30beb49d9b3790
364,170,0.0085,0x0671f73668831051b71f967938d22f3584a3051d,2017-10-30T17:56:27.000Z,0.00005,0x93544cf824c553d5ad7c41bb56859e2e4c28a03a,sell,0x5d21ef5f25a985380b65c8e943a0082feda0db84,0x2252414128b8062728b37ff962180d226ef0e4d7bec9aa23c2845d622e965ce7
365,9082.23790173461,0.5885290160324027,0x62185f0a173e3425cb7dabaaf9b8eb732ff38dae,2017-10-30T17:52:47.000Z,0.0000648,0x62185f0a173e3425cb7dabaaf9b8eb732ff38dae,buy,0x5d21ef5f25a985380b65c8e943a0082feda0db84,0x72a1e60574ebaf964fe1d4f9061398c6e4ebd49d6ce872192477454b33825567
366,2475.2267969295185,0.10890998154012561,0xc8f0f7ee5ab3ef98804438550111bc2c115c96dc,2017-10-30T17:15:03.000Z,0.00004400000099999999,0xcfcddd5ff45ccde7ff152dcd295af98736fdd060,sell,0x5d21ef5f25a985380b65c8e943a0082feda0db84,0x445187dd56b5771577891780bc8bb92094ead08d72982f299d8011396fdff39f
367,200,0.01,0x0671f73668831051b71f967938d22f3584a3051d,2017-10-30T17:08:54.000Z,0.00005,0x93544cf824c553d5ad7c41bb56859e2e4c28a03a,sell,0x5d21ef5f25a985380b65c8e943a0082feda0db84,0x9806b7d6be4f7e9c9546a91cc200f84d7a81eb155dae9150b7caf4ab21c7a91d
368,2000,0.1,0x6ddcb5e44d1fb65fd351836aeaefe4d854356326,2017-10-30T17:06:39.000Z,0.00005,0x93544cf824c553d5ad7c41bb56859e2e4c28a03a,sell,0x5d21ef5f25a985380b65c8e943a0082feda0db84,0x77d33a2d0dbd1c7c9921b3167061020956f59d0703e0435b08c58469032472ae
369,330,0.01749,0x8dc754ee96908ff4d262ff448285bcb668c318a4,2017-10-30T17:04:32.000Z,0.000053,0x0671f73668831051b71f967938d22f3584a3051d,buy,0x5d21ef5f25a985380b65c8e943a0082feda0db84,0x4c3b60d4a67160e233df9509ecd91614711c917ae04db1c3490482cd2a2222fe
370,50.00035924781828,0.002500017962390914,0x8dc754ee96908ff4d262ff448285bcb668c318a4,2017-10-30T17:01:37.000Z,0.00005,0x4befefcaec71e5603f7a2dd59c3827dafa328e1d,buy,0x5d21ef5f25a985380b65c8e943a0082feda0db84,0xf4663d28c53cd19309cf27704fb27dd701f34b048b1a1a86323b85674ea4cf78
