,amount,amountBase,buyer,date,price,seller,side,tokenAddr,txHash
0,1786,1.98246893,0xa3d7dedda551204ccb03bd79aa87824cc453b8de,2017-11-02T14:36:18.000Z,0.001110005,0xf5c1aa3d6525b335673897a1407f247886bd5f72,sell,0xf0ee6b27b759c9893ce4f094b49ad28fd15a23e4,0x1e2fad9a0bf2fb9b336b26232c89059062acd4067f23e98dc56d88f31f85239a
1,2200,2.86,0x30e346633e166710a11f51031ca77e5dfe952153,2017-11-02T13:52:23.000Z,0.0013,0xb1d70e579dda889cc0350a846741ba8a2ba1837a,sell,0xf0ee6b27b759c9893ce4f094b49ad28fd15a23e4,0x9d622befed3cfba980321c161b02d43b4e0eacd56487b3fea9c778e20753fbcb
2,150,0.204,0xfca228fa85b495ccad06b2dbf8e274d1d5704e41,2017-11-02T13:30:53.000Z,0.00136,0xfd26f25d6588b752a90e600aff038a654d64a42c,buy,0xf0ee6b27b759c9893ce4f094b49ad28fd15a23e4,0x68e114e45993ecf5013367123c5cea7bace96d6e1a9dbd7b6017f03c40cb7861
3,312.17211173,0.32309875998477344,0x80a7b8a9d2c13519064c4be4cc2661386ac7ebf1,2017-11-02T11:17:29.000Z,0.001035002,0x69fb2b395dcd2da53f4a0a8fa84351937c413590,sell,0xf0ee6b27b759c9893ce4f094b49ad28fd15a23e4,0x010837651cfafa5c66506162939150a4eb7cc415831b37241adefa05167626a8
4,505.38986608,0.5205515620624,0x3dd434a613e6d7014ed25f1fd40e90f984a3291a,2017-11-02T11:05:02.000Z,0.00103,0x92251c8da374624fe5b30c6c46981ab6c2762be8,sell,0xf0ee6b27b759c9893ce4f094b49ad28fd15a23e4,0xfadeefd1727ec786be986703b31a9b82a41df03a41c60f0f0dd4ededacf2e8f7
5,960,1.008,0xb1d70e579dda889cc0350a846741ba8a2ba1837a,2017-11-02T11:03:35.000Z,0.00105,0x92251c8da374624fe5b30c6c46981ab6c2762be8,sell,0xf0ee6b27b759c9893ce4f094b49ad28fd15a23e4,0xf7ed411ed0ee12e000634fdcce9ccd84a3e2dfcfa6084e314c363b844df0fb4b
6,940,1.0058,0xb1d70e579dda889cc0350a846741ba8a2ba1837a,2017-11-02T11:01:30.000Z,0.00107,0x656c42de1032536a62679e45ec396f68e2b84362,sell,0xf0ee6b27b759c9893ce4f094b49ad28fd15a23e4,0x2053964c30a71a72e28669ebbddc3bb4b968fe697326af49228efe9b8b701959
7,9.706,0.011648180306,0x96e3b1ca705bf078792c5e0af2c746b672ea798c,2017-11-02T10:58:55.000Z,0.001200101,0x656c42de1032536a62679e45ec396f68e2b84362,sell,0xf0ee6b27b759c9893ce4f094b49ad28fd15a23e4,0x2a889242a35dc037431d082aa27783db150873854221ca7d3e7702f605cb43b1
8,257,0.29555,0xb40adcb428df57565d616a1538d120676b24a248,2017-11-02T10:58:55.000Z,0.00115,0x656c42de1032536a62679e45ec396f68e2b84362,sell,0xf0ee6b27b759c9893ce4f094b49ad28fd15a23e4,0x9c032e3ef618930b3331927dae99d6f3c8c2cd46bc08ab9e60ffdff4ab554451
9,3.4,0.0041480034,0x87983902d569e393bc1eca07b076df9dbcfb5ec7,2017-11-02T10:58:55.000Z,0.001220001,0x656c42de1032536a62679e45ec396f68e2b84362,sell,0xf0ee6b27b759c9893ce4f094b49ad28fd15a23e4,0xee6a973a40a82fee3743af17e86cac91c99bdf3398b8e1f52996e55efd7528f8
10,200,0.23,0xb4da07ef8d6b38eece6306392247c60269884bb9,2017-11-02T10:58:55.000Z,0.00115,0x656c42de1032536a62679e45ec396f68e2b84362,sell,0xf0ee6b27b759c9893ce4f094b49ad28fd15a23e4,0x8d67150a2e98035c8841b866fe6c3eba7d21eaae69b68937cc23915380e4ddd9
11,74.41463414,0.0915299999922,0x462cdf194d12c5168e804fe7d91e639fb3bed21d,2017-11-02T10:58:13.000Z,0.00123,0x656c42de1032536a62679e45ec396f68e2b84362,sell,0xf0ee6b27b759c9893ce4f094b49ad28fd15a23e4,0x03058be048886232286c3a935f370c386c01b5774f7a06cdf7285552ea3df21d
12,0.35716836,0.0005,0x4fda9e6bcd83af6c5cc771b5d20accc2b7720074,2017-11-02T10:29:32.000Z,0.0013999000359382337,0xb1d70e579dda889cc0350a846741ba8a2ba1837a,buy,0xf0ee6b27b759c9893ce4f094b49ad28fd15a23e4,0xed7bde6b8f1664c566e384012e21e4e42c3884f5183699f6cfbaf1aa688a8443
13,0.35716836,0.0005,0x3075f7f189912f4f425dd7021b9c396434197477,2017-11-02T10:13:14.000Z,0.0013999000359382337,0xb1d70e579dda889cc0350a846741ba8a2ba1837a,buy,0xf0ee6b27b759c9893ce4f094b49ad28fd15a23e4,0xa68dad73add0d931ba8306a86cca4ded4073d2761cffe0e5eef64fbb8184a5fc
14,111,0.1332,0xd92ce5941305b7cf1e5cc5713b93db2b651a4fdf,2017-11-02T09:37:30.000Z,0.0012,0xb40adcb428df57565d616a1538d120676b24a248,sell,0xf0ee6b27b759c9893ce4f094b49ad28fd15a23e4,0x9f1aba6d73fa004a560c6f8b660de20c103c9f2cc3bd70c4727147ec0bffbfe8
15,136.067,0.1632804,0xb4da07ef8d6b38eece6306392247c60269884bb9,2017-11-02T09:37:30.000Z,0.0012,0xb40adcb428df57565d616a1538d120676b24a248,sell,0xf0ee6b27b759c9893ce4f094b49ad28fd15a23e4,0x0af8e7736aed16bd54496d4c32c04726ba3b416006d2c2a66b139ad91100532b
16,1000,1.166696,0x877f11895defdaa53b5b56f8f298cc6062438c8e,2017-11-02T09:33:54.000Z,0.001166696,0xb40adcb428df57565d616a1538d120676b24a248,sell,0xf0ee6b27b759c9893ce4f094b49ad28fd15a23e4,0x0b879b5e5e92252f152bebd598f5d4e7fcda1f483b9754e1c4041cfc049d6fc7
17,900,1.071,0xb1d70e579dda889cc0350a846741ba8a2ba1837a,2017-11-02T09:33:54.000Z,0.00119,0xb40adcb428df57565d616a1538d120676b24a248,sell,0xf0ee6b27b759c9893ce4f094b49ad28fd15a23e4,0x326374a6c92e4a94b3427a00bf0d627b61e15f4ee32dc9f7f46e5b47594ac87c
18,3000,3.567,0xdac514f8a386c307529335fa7006874eed80b4a7,2017-11-02T09:32:46.000Z,0.001189,0xb40adcb428df57565d616a1538d120676b24a248,sell,0xf0ee6b27b759c9893ce4f094b49ad28fd15a23e4,0xf20d504d68dfa6eb81170353157b4dd1da1a33b29c30d862a024fbaaad4ec81d
19,3252.6586364,3.9035123768850037,0x65a83820d3a8cd3c72e1b7f8b9e95c1571f0b062,2017-11-02T09:31:14.000Z,0.001200099,0xb40adcb428df57565d616a1538d120676b24a248,sell,0xf0ee6b27b759c9893ce4f094b49ad28fd15a23e4,0x952743c9285f3382634ba68d8ea2e82f3f4fd627f87668e5f513ed2e6db3f52e
20,897.3413636,1.0768984731149964,0x65a83820d3a8cd3c72e1b7f8b9e95c1571f0b062,2017-11-02T09:29:44.000Z,0.001200099,0x9524dd08c7597bb632c1d490e9514c6a271345bb,sell,0xf0ee6b27b759c9893ce4f094b49ad28fd15a23e4,0x212ecae5fb7d00050008f34c093e96ccb107e7302e2581725ee32cce6ad0a3d2
21,63.93291646,0.076719499752,0xb4da07ef8d6b38eece6306392247c60269884bb9,2017-11-02T08:29:15.000Z,0.0012,0x0fe614ffea49095e98e6cb5cbd589f5455bf0f02,sell,0xf0ee6b27b759c9893ce4f094b49ad28fd15a23e4,0x867a7086f635f61eef976c98353c071b1ff53f8c8609ad2243c78b08d188ac03
22,1660,2.0086083,0xb1d70e579dda889cc0350a846741ba8a2ba1837a,2017-11-02T08:09:47.000Z,0.001210005,0xfd26f25d6588b752a90e600aff038a654d64a42c,sell,0xf0ee6b27b759c9893ce4f094b49ad28fd15a23e4,0x45322ebd2a8768da293b314962141d04853dc1c945d7b23ad0a43f122b22f77a
23,1024.855,1.26057165,0x0644c1a6d61e0994c73c86febdf64ec8432b1013,2017-11-02T07:44:28.000Z,0.00123,0xfd26f25d6588b752a90e600aff038a654d64a42c,sell,0xf0ee6b27b759c9893ce4f094b49ad28fd15a23e4,0xdb05fe1c630484c11c3c9f8c561b85add741a71133e755de6345c422e41d28c2
24,1235.454,1.519609655454,0x96e3b1ca705bf078792c5e0af2c746b672ea798c,2017-11-02T07:38:41.000Z,0.001230001,0xfd26f25d6588b752a90e600aff038a654d64a42c,sell,0xf0ee6b27b759c9893ce4f094b49ad28fd15a23e4,0xc59f13011d9b1d3f253cb74aaf8fb0c2bc397b767e0368525174fb7751b4ba90
25,6944.54575324,8.541798221030954,0x96e3b1ca705bf078792c5e0af2c746b672ea798c,2017-11-02T07:24:39.000Z,0.001230001,0xfd26f25d6588b752a90e600aff038a654d64a42c,sell,0xf0ee6b27b759c9893ce4f094b49ad28fd15a23e4,0xbcc97b67f1f08b3acafeba1fd7c964f9068e333f8482055b907266799b8dea20
26,1800,2.214,0x0644c1a6d61e0994c73c86febdf64ec8432b1013,2017-11-02T07:13:02.000Z,0.00123,0xfd26f25d6588b752a90e600aff038a654d64a42c,sell,0xf0ee6b27b759c9893ce4f094b49ad28fd15a23e4,0xaeb508fe2d332525ed4c3edc1efec795112cf2fc9d8681028a68e9f1b709c307
27,812,0.999572,0x0c9719fa4cdbcd3bd74f3bcb46b4be1910b498d7,2017-11-02T07:11:21.000Z,0.001231,0xfd26f25d6588b752a90e600aff038a654d64a42c,sell,0xf0ee6b27b759c9893ce4f094b49ad28fd15a23e4,0x29a2df1cc9fb9e51547b43850e5da05ba2c63d12a2a60bc89c250f81c2090257
28,2492.31347473,3.0655455739179,0x0644c1a6d61e0994c73c86febdf64ec8432b1013,2017-11-02T06:45:35.000Z,0.00123,0x508e4a96dab9bd044d0bb654d623c4ef663dfc35,sell,0xf0ee6b27b759c9893ce4f094b49ad28fd15a23e4,0xc8995c3752d9b0a5305be9567eb15714f1a78b26e5d163183eeb48ee27656dd3
29,540.35830904,0.6646407201192,0x0644c1a6d61e0994c73c86febdf64ec8432b1013,2017-11-02T06:01:28.000Z,0.00123,0xe2eabfc1e89a462bbd2ba188cd8a9591a9a0d04e,sell,0xf0ee6b27b759c9893ce4f094b49ad28fd15a23e4,0xffa7c23bd7923a96cd7db9999e502ab10530af37f3eeed3b91376a585cb9d27d
30,434.19789747,0.5340634138881,0x0644c1a6d61e0994c73c86febdf64ec8432b1013,2017-11-02T05:54:40.000Z,0.00123,0xe2eabfc1e89a462bbd2ba188cd8a9591a9a0d04e,sell,0xf0ee6b27b759c9893ce4f094b49ad28fd15a23e4,0x22f7e9778d1b9b6a7e2d2e929916e81d9114420ad8cda30b3663328b556ea52b
31,269.16558668,0.3310736716164,0x0644c1a6d61e0994c73c86febdf64ec8432b1013,2017-11-02T05:46:10.000Z,0.00123,0xe6c92b9517a451e6479f307dc15998be0d221dab,sell,0xf0ee6b27b759c9893ce4f094b49ad28fd15a23e4,0x24c9a6d90e1f72c2962900ebe1a6d5c891ec322dbd8c830dfa14bde4930442a0
32,439.10949119,0.5401046741637,0x0644c1a6d61e0994c73c86febdf64ec8432b1013,2017-11-02T05:42:14.000Z,0.00123,0xe2eabfc1e89a462bbd2ba188cd8a9591a9a0d04e,sell,0xf0ee6b27b759c9893ce4f094b49ad28fd15a23e4,0x8c3b7efc27f2e9b999ac586383f3d3f1c4257948b29c96741351002cb7c89512
33,170,0.2023,0x557ce84e01d0735837cc76c3e10cd394e1e1e62e,2017-11-02T04:36:00.000Z,0.00119,0xb2cb2456aee9adaf9158e2237d4ac8b98114f1c2,sell,0xf0ee6b27b759c9893ce4f094b49ad28fd15a23e4,0x21eed597af85db248ee8d6276ff4ca7aa07def5f2595fd30350018734c1c7b2f
34,250,0.3,0x4bb2a99f9af8221496b48e4fcad437f9a8a4afc9,2017-11-02T04:34:01.000Z,0.0012,0xb2cb2456aee9adaf9158e2237d4ac8b98114f1c2,sell,0xf0ee6b27b759c9893ce4f094b49ad28fd15a23e4,0x0494447da710c67022424aeaf123c7e04b32d49c519ec079ce47aaf0f25ee7da
35,384.9797347,0.469675276334,0x789e9915d993f728bd8d9a2acee1a1fec8be5c20,2017-11-02T04:32:32.000Z,0.00122,0xb2cb2456aee9adaf9158e2237d4ac8b98114f1c2,sell,0xf0ee6b27b759c9893ce4f094b49ad28fd15a23e4,0xcb8828ec83fcbec4919999fcc46ea40bedf6739513365e02bbfa1ce6b110a1f5
36,200,0.246,0xb4da07ef8d6b38eece6306392247c60269884bb9,2017-11-02T02:56:42.000Z,0.00123,0xc97c57f3821ccc07ccbab56c9f1fe0ef8f5dc108,sell,0xf0ee6b27b759c9893ce4f094b49ad28fd15a23e4,0xd534d0366fdc8d0355403b6d125642c1f90cb830de2b128cd11857298ac9c957
37,20.31696231,0.02561968947291,0x4288b5ffc694faf6fc5d6784980307e8e94664ee,2017-11-02T02:54:44.000Z,0.001261,0xc97c57f3821ccc07ccbab56c9f1fe0ef8f5dc108,sell,0xf0ee6b27b759c9893ce4f094b49ad28fd15a23e4,0x811e7abd9d4631bbd8d4cfa20a14153af1068e382f5f20180e2f1cff134f99f5
38,82.78853496,0.10439634258456,0x4288b5ffc694faf6fc5d6784980307e8e94664ee,2017-11-02T02:39:57.000Z,0.001261,0xe41ba7cfb98a58305596d551a87d37960f5f532a,sell,0xf0ee6b27b759c9893ce4f094b49ad28fd15a23e4,0x436d18e802cf8ed230785da6d05cc36e03af6ad531a9296c9421b60bea778b5a
39,499.48797582,0.6293553490211758,0x96e3b1ca705bf078792c5e0af2c746b672ea798c,2017-11-02T02:37:48.000Z,0.001260001,0xe41ba7cfb98a58305596d551a87d37960f5f532a,sell,0xf0ee6b27b759c9893ce4f094b49ad28fd15a23e4,0x756173a807d629c92bc17c3eee848a068775422b6509bcd7b1a27dc224e27186
40,800,1,0x0c9719fa4cdbcd3bd74f3bcb46b4be1910b498d7,2017-11-02T02:36:37.000Z,0.00125,0xe41ba7cfb98a58305596d551a87d37960f5f532a,sell,0xf0ee6b27b759c9893ce4f094b49ad28fd15a23e4,0x646e517c88b6a3ec094fcef5df88993ab429346ea3b0899a03d3f00c0a94417f
41,3060.51202418,3.856248210978824,0x96e3b1ca705bf078792c5e0af2c746b672ea798c,2017-11-02T01:37:54.000Z,0.001260001,0xb2f3f9b7014a026d06bbb59e89540734ad3f0729,sell,0xf0ee6b27b759c9893ce4f094b49ad28fd15a23e4,0x8edda11f565916bfbae55befeef1b3b05083c97038267a50998bdd946b5616ed
42,30.93566876,0.03897897357326876,0xb49fda420b9ce7334c6446af26f06225cbecb401,2017-11-02T01:18:18.000Z,0.001260001,0xc97c57f3821ccc07ccbab56c9f1fe0ef8f5dc108,sell,0xf0ee6b27b759c9893ce4f094b49ad28fd15a23e4,0xf476d4c417213e86578236a329ea205f0fb0284ae6f614aafe3467def4ee584d
43,12.40155517,0.01562597191575517,0xb49fda420b9ce7334c6446af26f06225cbecb401,2017-11-02T00:19:15.000Z,0.001260001,0xf4aec84e2cc5877e0604e8b5d3e4473f793984de,sell,0xf0ee6b27b759c9893ce4f094b49ad28fd15a23e4,0x680c05e30aeb3580386c11bf9e921de158d37c424a079c64012bf3614a6ad487
44,556.66277607,0.7013956545109761,0xb49fda420b9ce7334c6446af26f06225cbecb401,2017-11-01T23:03:49.000Z,0.001260001,0xfd0fe438cf033aab2a6998a95f2614d231ab8e04,sell,0xf0ee6b27b759c9893ce4f094b49ad28fd15a23e4,0xbf111f24d9aff8b190b216db580c8a2ddc52f3859211e0abd13416827f3ccbcd
45,40,0.0504000576,0x4ed8fc60b6b921c310e63fa3dc6e229aa1d56d76,2017-11-01T23:02:34.000Z,0.00126000144,0xfd0fe438cf033aab2a6998a95f2614d231ab8e04,sell,0xf0ee6b27b759c9893ce4f094b49ad28fd15a23e4,0xea331b002745aaa3c706bd5ee1f11b7fc1ac83eceef7758213f3dea15df20fbc
46,344,0.434128,0xcdb791aba67134db7336cbd7edc22db9dfafa68a,2017-11-01T23:01:53.000Z,0.001262,0xfd0fe438cf033aab2a6998a95f2614d231ab8e04,sell,0xf0ee6b27b759c9893ce4f094b49ad28fd15a23e4,0x5a57d9ea2b5e9ba8e6871eae7f0b8302afd6635bbb6c52767719ea83e4246503
47,14.5,0.018125,0xb1af5d1bcdc6d84bf5567d67f8a47590983cd7a2,2017-11-01T19:12:21.000Z,0.00125,0x05136e10f48a4581d235dd216998e7647d2520af,sell,0xf0ee6b27b759c9893ce4f094b49ad28fd15a23e4,0xcdd6bad3ff92d39f56c4405f1ce69bd9eb492b072bebf63c638bc4b283dee8a1
48,700,1.113,0xfa94be8646eb3fef7b83fc76d65cd8bea60cd3f6,2017-11-01T16:30:48.000Z,0.00159,0xefa13a52ff7085ee0dc09bf3163ae144d9fd88c9,buy,0xf0ee6b27b759c9893ce4f094b49ad28fd15a23e4,0x80cd085306c31f9c27997728d6c6f3c096f2d469c1cf22a8aafd1f0e28be3893
49,1009.474,1.6554364126,0xfa94be8646eb3fef7b83fc76d65cd8bea60cd3f6,2017-11-01T16:29:04.000Z,0.0016399,0x4f467e8687fe16f6034e379be5aa4cec2248f443,buy,0xf0ee6b27b759c9893ce4f094b49ad28fd15a23e4,0x3fcdf3970e072795b6d06ea8c3cd33665851f37f2d054062db3e45c91e0dc3f4
50,578.03982117,0.809140141673766,0xfa94be8646eb3fef7b83fc76d65cd8bea60cd3f6,2017-11-01T16:28:47.000Z,0.0013998,0xb1d70e579dda889cc0350a846741ba8a2ba1837a,buy,0xf0ee6b27b759c9893ce4f094b49ad28fd15a23e4,0xd3b9fa438087170fd3bcaed63bf6f5eefa1a6c9c17b277fc154d1dcbaae94b02
51,587.87,0.83712629213,0xfa94be8646eb3fef7b83fc76d65cd8bea60cd3f6,2017-11-01T16:25:43.000Z,0.001423999,0xb49fda420b9ce7334c6446af26f06225cbecb401,buy,0xf0ee6b27b759c9893ce4f094b49ad28fd15a23e4,0xddeb071100060b1eaffe0dba1cf8fecda2da418db5b44afaa3cb7d7efd733b73
52,1192,1.78798808,0xfa94be8646eb3fef7b83fc76d65cd8bea60cd3f6,2017-11-01T16:25:26.000Z,0.00149999,0xb1d70e579dda889cc0350a846741ba8a2ba1837a,buy,0xf0ee6b27b759c9893ce4f094b49ad28fd15a23e4,0xd5360a86370f06fedcee72f8ca03e4222ad73992cd74acc128e8763f27e5a6dd
53,671,0.99979,0xfa94be8646eb3fef7b83fc76d65cd8bea60cd3f6,2017-11-01T16:25:26.000Z,0.00149,0x0c9719fa4cdbcd3bd74f3bcb46b4be1910b498d7,buy,0xf0ee6b27b759c9893ce4f094b49ad28fd15a23e4,0xf2e4fc2a08fb6a4d2704c3e26fde1941aaaf4bfdc6de8c6c9b338a82f62f86df
54,252,0.30800952,0xf142f26d1cac4ba8a6e6d7974d243eda2fe5f4f9,2017-11-01T15:30:07.000Z,0.00122226,0xc32df9026cb3d54c0ebd9917df5c03685153e019,buy,0xf0ee6b27b759c9893ce4f094b49ad28fd15a23e4,0xdd01c55dfd4443844907d3e872a21e442b5ea5e8803e17752b316583b8dc7604
55,217,0.3037566,0xc32df9026cb3d54c0ebd9917df5c03685153e019,2017-11-01T14:59:39.000Z,0.0013998,0xb1d70e579dda889cc0350a846741ba8a2ba1837a,sell,0xf0ee6b27b759c9893ce4f094b49ad28fd15a23e4,0xab407eeaee4c1273977bfadec1ac9d8ebea5f86c098c46ec4d274ae726d76f78
56,50,0.06999,0x77c0016fea4b7c41cb7867518f23a5cde66f8cd4,2017-11-01T13:39:42.000Z,0.0013998,0xb1d70e579dda889cc0350a846741ba8a2ba1837a,buy,0xf0ee6b27b759c9893ce4f094b49ad28fd15a23e4,0xdc4c8c3f3d223399c370fff9b2c3d16b55090ffad8dbca53fba5e4a25544b715
57,1000,1.22,0x23c09abbc301e4bd6396548f5f6005ab345afb7e,2017-11-01T13:20:51.000Z,0.00122,0x9b75948c180986aac9ea1bc873e7c9a1adb8fae5,buy,0xf0ee6b27b759c9893ce4f094b49ad28fd15a23e4,0x155236fd88153497079807a4218354c396aa94262fa6f264445fa5bfd0385c5d
58,23.464,0.031183632536,0xfd26f25d6588b752a90e600aff038a654d64a42c,2017-11-01T12:41:05.000Z,0.001328999,0x02d55a29766a3e63f4b459e57c6054e8b4359867,buy,0xf0ee6b27b759c9893ce4f094b49ad28fd15a23e4,0x1d71f5cae2a008531494c78fc644b0776ba76572cd182da499157e49464fc249
59,63.148,0.0820924,0xfd26f25d6588b752a90e600aff038a654d64a42c,2017-11-01T12:40:46.000Z,0.0013,0xf07c725496edc9d8aa36f1ab31851970fb8faaa5,buy,0xf0ee6b27b759c9893ce4f094b49ad28fd15a23e4,0x052cbae63b8f2d81a3a16fbc0e6f65b72ea4721708dc5797785ee14cfd62b78c
60,500,0.675,0xfd26f25d6588b752a90e600aff038a654d64a42c,2017-11-01T12:40:46.000Z,0.00135,0xb1d70e579dda889cc0350a846741ba8a2ba1837a,buy,0xf0ee6b27b759c9893ce4f094b49ad28fd15a23e4,0x35b2eab46fb0a44cc01f56da0ea078d51217e46ce25a3916cef168db81ab60b6
61,1000,1.29999,0xfd26f25d6588b752a90e600aff038a654d64a42c,2017-11-01T12:40:35.000Z,0.00129999,0xb1d70e579dda889cc0350a846741ba8a2ba1837a,buy,0xf0ee6b27b759c9893ce4f094b49ad28fd15a23e4,0x8fff2694acc3824827e9c46dec245c1332a6dc44a691b5f709a173e353d4b55d
62,520.78556474,0.624942677688,0x96e3b1ca705bf078792c5e0af2c746b672ea798c,2017-11-01T12:26:59.000Z,0.0012,0x99c92fd645ec759c573e83512e38fb1459f183f9,sell,0xf0ee6b27b759c9893ce4f094b49ad28fd15a23e4,0x8328af96c0a5d785c9264601c32227bb7a6aa9cec9bec048cfa94e5f8010bafe
63,1339.07929518,1.606895154216,0x96e3b1ca705bf078792c5e0af2c746b672ea798c,2017-11-01T09:47:12.000Z,0.0012,0x5cafe4321d49717abcdf911235faf6e614b8791f,sell,0xf0ee6b27b759c9893ce4f094b49ad28fd15a23e4,0x3c3efeb5b2443f9d169cab7ace56d2a0c8fcd053bf053bfcebea7faf46d3198f
64,1884.21329677,2.261055956124,0x05fd056e97d543a94e45a69cde7fc391b582afee,2017-11-01T09:12:02.000Z,0.0012,0xce1c28560f17c2aa0b0a539019bbb4492f117e40,sell,0xf0ee6b27b759c9893ce4f094b49ad28fd15a23e4,0x2b88554cb3927fa9c974459a68e3a27670484adae6e5373a36a29b34ea56597f
65,500,0.600025,0xdac514f8a386c307529335fa7006874eed80b4a7,2017-11-01T09:06:37.000Z,0.00120005,0xce1c28560f17c2aa0b0a539019bbb4492f117e40,sell,0xf0ee6b27b759c9893ce4f094b49ad28fd15a23e4,0x5cd7774e61bcda60d25f17d7ee2914ab81b93f4ef862aee9d5523466cd009cff
66,400,0.4800896,0x33fbb8cf6e9fdaaa75246e82f6ecf1aaf982c919,2017-11-01T09:05:34.000Z,0.001200224,0xce1c28560f17c2aa0b0a539019bbb4492f117e40,sell,0xf0ee6b27b759c9893ce4f094b49ad28fd15a23e4,0xd40ad03ceef40346ee9222e684800cfe2fbd2641070b0c7d5d26e961341b95bf
67,897.214,1.077037218736,0x877f11895defdaa53b5b56f8f298cc6062438c8e,2017-11-01T09:05:16.000Z,0.001200424,0xce1c28560f17c2aa0b0a539019bbb4492f117e40,sell,0xf0ee6b27b759c9893ce4f094b49ad28fd15a23e4,0x77507d32c67b8818f9fe020ecf627af702608c40da79e1652d5d1365078c1fad
68,500,0.6005,0xfd26f25d6588b752a90e600aff038a654d64a42c,2017-11-01T09:04:25.000Z,0.001201,0xce1c28560f17c2aa0b0a539019bbb4492f117e40,sell,0xf0ee6b27b759c9893ce4f094b49ad28fd15a23e4,0x665ce5505609d0dbaa669f8603bbd5cbe8eb9179e3c6433eada47c1a2f34ded0
69,840,1.009176,0xb1d70e579dda889cc0350a846741ba8a2ba1837a,2017-11-01T09:04:02.000Z,0.0012014,0xce1c28560f17c2aa0b0a539019bbb4492f117e40,sell,0xf0ee6b27b759c9893ce4f094b49ad28fd15a23e4,0x929ea48a194d8e16e4ffcdf7a6aabd2e97d74bb672d205d7f989e4d6bd853d9a
70,840,1.00926,0xb1d70e579dda889cc0350a846741ba8a2ba1837a,2017-11-01T09:03:33.000Z,0.0012015,0xce1c28560f17c2aa0b0a539019bbb4492f117e40,sell,0xf0ee6b27b759c9893ce4f094b49ad28fd15a23e4,0x96c6a635a189b0239f0a5b18c08b600cd646c15f6a1b8cb3f5ea4b45b167c89a
71,200,0.26,0xa6c0e1a22be1d80a7c141d1cd8503be77bc6d01f,2017-11-01T07:00:39.000Z,0.0013,0xb1d70e579dda889cc0350a846741ba8a2ba1837a,sell,0xf0ee6b27b759c9893ce4f094b49ad28fd15a23e4,0x0e36a41fe737c1b998cfb880be65b293adc530cf6cf5a8ba7700c93c90266077
72,102.78598873,0.12338676773522152,0x877f11895defdaa53b5b56f8f298cc6062438c8e,2017-11-01T03:40:54.000Z,0.001200424,0x3c04897fa5b4be309e92f4aa20cfea6b4ed77fdb,sell,0xf0ee6b27b759c9893ce4f094b49ad28fd15a23e4,0x935cca4d47ab9d15eb45d83ae89bc509081e44c92a0ace161e34d2e54d359ffa
73,100,0.124,0xb4da07ef8d6b38eece6306392247c60269884bb9,2017-11-01T02:54:09.000Z,0.00124,0xfd26f25d6588b752a90e600aff038a654d64a42c,sell,0xf0ee6b27b759c9893ce4f094b49ad28fd15a23e4,0x608a99f2aa96fa5986d9e7e6d893a2a9b521f0cc2cc389846c8eb9bcaa296f5f
74,100,0.1245,0xb4da07ef8d6b38eece6306392247c60269884bb9,2017-11-01T02:51:04.000Z,0.001245,0xfd26f25d6588b752a90e600aff038a654d64a42c,sell,0xf0ee6b27b759c9893ce4f094b49ad28fd15a23e4,0x344233083491f838218c2c0ac0e453eb6aac440a8cb66ecf1717fb9012509783
75,48.51456644,0.06044914978424,0x165471acb175428a2b09f460b21a322d201e9c91,2017-11-01T02:49:10.000Z,0.001246,0xfd26f25d6588b752a90e600aff038a654d64a42c,sell,0xf0ee6b27b759c9893ce4f094b49ad28fd15a23e4,0x0b634caf7506d7bdaade774c2f183cbb05bb000cfc75c1443e786eb923eee431
76,73.5,0.09161775,0x1aaecf97d537e7c767d88737427a4833095213fe,2017-11-01T02:47:50.000Z,0.0012465,0xfd26f25d6588b752a90e600aff038a654d64a42c,sell,0xf0ee6b27b759c9893ce4f094b49ad28fd15a23e4,0xac42e86ce3be254887cbe97e2e2bd92dbb3333e29b03928b8a5e5d4ca906aecf
77,198.05150624,0.2475643828,0xdac514f8a386c307529335fa7006874eed80b4a7,2017-11-01T02:44:17.000Z,0.00125,0xfd26f25d6588b752a90e600aff038a654d64a42c,sell,0xf0ee6b27b759c9893ce4f094b49ad28fd15a23e4,0x8db7810500516deb93aa682889b3cc4d1ec27d0b9c28c0d429406023e06d778c
78,20.636,0.026001380636,0xf91de74033fde729d98b98546fb3692a8596d3c9,2017-11-01T02:43:11.000Z,0.001260001,0xfd26f25d6588b752a90e600aff038a654d64a42c,sell,0xf0ee6b27b759c9893ce4f094b49ad28fd15a23e4,0xaa96aae1940bb409cd45967793aa097b5993c5751e00dd94a7be5a24bfb695ec
79,0.01947707,0.00002454112767707,0xf91de74033fde729d98b98546fb3692a8596d3c9,2017-11-01T01:41:15.000Z,0.001260001,0x0062d86ca27204fcd8d859e07741b1222291bb9d,sell,0xf0ee6b27b759c9893ce4f094b49ad28fd15a23e4,0x00b8342c4a6c3731ac6754a41237225b34d857ebfde1bc54a88a22cf80722783
80,195.37433954,0.244217924425,0xdac514f8a386c307529335fa7006874eed80b4a7,2017-11-01T01:39:53.000Z,0.00125,0x0062d86ca27204fcd8d859e07741b1222291bb9d,sell,0xf0ee6b27b759c9893ce4f094b49ad28fd15a23e4,0xb442a27815dc6f161d10e5111462b670be271eb0d203fae4271d57e180f02c78
81,1606.57415422,2.008217692775,0xdac514f8a386c307529335fa7006874eed80b4a7,2017-11-01T01:37:53.000Z,0.00125,0xb3d98d091d3229291823fcb828446f7e7f780a14,sell,0xf0ee6b27b759c9893ce4f094b49ad28fd15a23e4,0xe98918ec85d6ab222b4707afceacabd7beee8cbb605d9cf1a02dd0fbbe687522
82,254,0.32004,0xb2a58e12d6b5fa9dbaf4fc5ae6c3435ab6e01354,2017-11-01T01:36:04.000Z,0.00126,0xb3d98d091d3229291823fcb828446f7e7f780a14,sell,0xf0ee6b27b759c9893ce4f094b49ad28fd15a23e4,0x167e69d2e1add2f6d44698122a4cba1b576eeb4c0e7733da453e25770b6a181a
83,2354.40169584,2.97125494015008,0x23243c99d4c62c0fa06cb9a76e173a443de20a1c,2017-11-01T01:35:50.000Z,0.001262,0xb3d98d091d3229291823fcb828446f7e7f780a14,sell,0xf0ee6b27b759c9893ce4f094b49ad28fd15a23e4,0xb5c70b324150a80e52774513f5058666d07a55d3e705ca51a5ef292a7e113695
84,59.81423478,0.07548556429236,0x23243c99d4c62c0fa06cb9a76e173a443de20a1c,2017-11-01T01:03:12.000Z,0.001262,0x442edd20fdaf8d00adb4a94665a1b2edfad915ef,sell,0xf0ee6b27b759c9893ce4f094b49ad28fd15a23e4,0xe23266c79933e418fa5aba410dc150c36a2f72aa804cf410a17d7c96feb78c38
85,585.78406938,0.73925949555756,0x23243c99d4c62c0fa06cb9a76e173a443de20a1c,2017-11-01T00:21:22.000Z,0.001262,0x2dad638998a5433d8e6cfc16d5f129affb607265,sell,0xf0ee6b27b759c9893ce4f094b49ad28fd15a23e4,0x83efe3bf8a032a3d4cae98cb03083f318ea1b8827fe1b8e1b3dfd5a4054cbc7a
86,81.5,0.10158975,0x1aaecf97d537e7c767d88737427a4833095213fe,2017-10-31T23:02:12.000Z,0.0012465,0xb40adcb428df57565d616a1538d120676b24a248,sell,0xf0ee6b27b759c9893ce4f094b49ad28fd15a23e4,0xb0668d047232db187e26ef67379e2c7ba523a44abbebbc8a54951eef5c0184e5
87,319.605,0.39694941,0xa842db65486e996ca467833480b7e50f8a123443,2017-10-31T23:00:24.000Z,0.001242,0xb40adcb428df57565d616a1538d120676b24a248,sell,0xf0ee6b27b759c9893ce4f094b49ad28fd15a23e4,0x6df68b3518c040cfd829ea680680f6c64b1e07fb68415437c25be5573a1072ad
88,237.06370675,0.295499910463875,0xb1d70e579dda889cc0350a846741ba8a2ba1837a,2017-10-31T22:59:30.000Z,0.0012465,0xb40adcb428df57565d616a1538d120676b24a248,sell,0xf0ee6b27b759c9893ce4f094b49ad28fd15a23e4,0x795cfeeea8a352c2dead7d5eaf174896f4775b5eac2fbc4a0e4b33bca8973bf4
89,2500,3.103,0xa842db65486e996ca467833480b7e50f8a123443,2017-10-31T22:57:00.000Z,0.0012412,0xb40adcb428df57565d616a1538d120676b24a248,sell,0xf0ee6b27b759c9893ce4f094b49ad28fd15a23e4,0x7707c6677b829cd8944cc1eb26e1743632ea43386e03a92084622b5591d85e33
90,600,0.7479006,0xf91de74033fde729d98b98546fb3692a8596d3c9,2017-10-31T22:55:09.000Z,0.001246501,0xb40adcb428df57565d616a1538d120676b24a248,sell,0xf0ee6b27b759c9893ce4f094b49ad28fd15a23e4,0xd1c0030806cd31e2ce52ac3d7e592baca0d82c5dd7434f1ef501e0070c119bdd
91,593.07786452,0.7472781092952,0xbfffc4ca4a430b8df71d06724138ee3b210328ae,2017-10-31T22:54:10.000Z,0.00126,0xb40adcb428df57565d616a1538d120676b24a248,sell,0xf0ee6b27b759c9893ce4f094b49ad28fd15a23e4,0x3ace5b9b23bff1be18d6b156ebdd737b51c02a5d32cac8cf1dc2160db407cbaa
92,992.92213548,1.2510818907048,0xbfffc4ca4a430b8df71d06724138ee3b210328ae,2017-10-31T22:48:47.000Z,0.00126,0x6c723da0e2243be0d60a23801c00039b98ce35d6,sell,0xf0ee6b27b759c9893ce4f094b49ad28fd15a23e4,0x61b815571045eb577668c5c30b5b35f780e8de41bbf631d73051d81def088ea5
93,7.8,0.010062,0x1316fb4d258e6e9db929144f2c05fe80d7fd6368,2017-10-31T22:47:00.000Z,0.00129,0xf147ca902289740bcd0c092d79d6ae7827abef97,buy,0xf0ee6b27b759c9893ce4f094b49ad28fd15a23e4,0xdf758884df38cf49e378130533fdfdd3843e5aba633206deeaf0bcfe4b387240
94,379.34439736,0.47797432001799733,0xf91de74033fde729d98b98546fb3692a8596d3c9,2017-10-31T22:43:32.000Z,0.001260001,0x31c8a47c2b84ad46162316d1c82f6e226ab1a80b,sell,0xf0ee6b27b759c9893ce4f094b49ad28fd15a23e4,0x2dc766c53ea236027a004f4e493dff1a37e18c451bc8ebdb20aacf279b028143
95,25.545,0.032978595,0x165471acb175428a2b09f460b21a322d201e9c91,2017-10-31T22:40:39.000Z,0.001291,0x31c8a47c2b84ad46162316d1c82f6e226ab1a80b,sell,0xf0ee6b27b759c9893ce4f094b49ad28fd15a23e4,0x79b2a32128c938118a89823929a1140c6f2adcbbef8b85384ab46c0ebf62c314
96,219,0.282729,0x165471acb175428a2b09f460b21a322d201e9c91,2017-10-31T18:47:30.000Z,0.001291,0x3ccca34043a6a5ceb4a85e2e077fbedd48031c49,sell,0xf0ee6b27b759c9893ce4f094b49ad28fd15a23e4,0xc9c8ac985fb0b795760a6fc68efe4dd5e7230e672101c5c9fae22e3689c2698e
97,291.85171086,0.3794072241243371,0xc66bc5f26b7308d8746926c0b2b839bc120621c3,2017-10-31T17:39:04.000Z,0.0013000000000217133,0xf07c725496edc9d8aa36f1ab31851970fb8faaa5,buy,0xf0ee6b27b759c9893ce4f094b49ad28fd15a23e4,0xcb01452821da2a22a31d5408949e782a63ab61cfe274c0a841d0992d29fb48b3
98,240,0.312,0xb3c74e8478cb91b17d0f78e3d0e3ea574c9fe2f8,2017-10-31T17:14:43.000Z,0.0013,0x28ab643f1da4ee9f3282b70bc6bbd957f9215c3c,sell,0xf0ee6b27b759c9893ce4f094b49ad28fd15a23e4,0x5456ff078aa1a253650fee0cfdc2af99d53b17436c9735cad2267169db559d40
99,300,0.3876,0xc66bc5f26b7308d8746926c0b2b839bc120621c3,2017-10-31T17:14:43.000Z,0.001292,0x28ab643f1da4ee9f3282b70bc6bbd957f9215c3c,sell,0xf0ee6b27b759c9893ce4f094b49ad28fd15a23e4,0xc22181ab094dda697adf81dd8a1e2b232d143d9f024286b781d9523ac5982364
100,300,0.39,0x45ae010ea885a45ab55939b83976180445f37a00,2017-10-31T17:11:23.000Z,0.0013,0xf07c725496edc9d8aa36f1ab31851970fb8faaa5,buy,0xf0ee6b27b759c9893ce4f094b49ad28fd15a23e4,0xd7ef5a523d4d3e33d7a44952458f349824bc447dd1525fba40d574872078cc41
101,0.00000045,0.000000000614584209,0x863e273db47fd940ee1d20143ce27d8a206c533e,2017-10-31T14:51:44.000Z,0.0013657426866666668,0xb1d70e579dda889cc0350a846741ba8a2ba1837a,buy,0xf0ee6b27b759c9893ce4f094b49ad28fd15a23e4,0xade4a4882a45a630fdc3990189427ede88dc2c32e7770fe4e52fdc5d63b13a74
102,0.00463875,0.000006164894207414,0x863e273db47fd940ee1d20143ce27d8a206c533e,2017-10-31T14:46:13.000Z,0.0013289990207305848,0x02d55a29766a3e63f4b459e57c6054e8b4359867,buy,0xf0ee6b27b759c9893ce4f094b49ad28fd15a23e4,0xc50f2189992d541f771c09574c7381b076ca10c401c17fd3b541cba50518a276
103,46.53130197,0.06184005379455422,0x863e273db47fd940ee1d20143ce27d8a206c533e,2017-10-31T14:43:18.000Z,0.001328999000166043,0x02d55a29766a3e63f4b459e57c6054e8b4359867,buy,0xf0ee6b27b759c9893ce4f094b49ad28fd15a23e4,0x286f38ca3d730a28ba0028c127465e1ebc82ef479ad5ee7d7c6cb0a971165858
104,63,0.08253,0xc66bc5f26b7308d8746926c0b2b839bc120621c3,2017-10-31T14:35:41.000Z,0.00131,0x679a5d286ef5f9c921ac41bf1abd83c64dff94b3,buy,0xf0ee6b27b759c9893ce4f094b49ad28fd15a23e4,0x124d85d41603b7e5f4f32e60e4e9d6f94d5a69be9cd9b44920f91c46e175c9ee
105,600,0.7974,0x863e273db47fd940ee1d20143ce27d8a206c533e,2017-10-31T14:28:16.000Z,0.001329,0xe4a4a8bce34dc0a44e872bc89fbf699c0aa43664,buy,0xf0ee6b27b759c9893ce4f094b49ad28fd15a23e4,0xed54c8bfb056963a7f995b3a51be3038517ca76827a839b7962029f96e1c2e1c
106,1231.2182235,1.5895027265385,0x165471acb175428a2b09f460b21a322d201e9c91,2017-10-31T13:55:01.000Z,0.001291,0x9524dd08c7597bb632c1d490e9514c6a271345bb,sell,0xf0ee6b27b759c9893ce4f094b49ad28fd15a23e4,0x2785dbcd35a643cb19c8a53b2debf782e369072fb57329909daf9984932f9871
107,1224.23673794,1.58048962868054,0x165471acb175428a2b09f460b21a322d201e9c91,2017-10-31T13:43:19.000Z,0.001291,0xbca32d1e5c27c003cd739fe756d0fda31604431b,sell,0xf0ee6b27b759c9893ce4f094b49ad28fd15a23e4,0xb249f22e344708440a682d0547de41aaaec7b5651cc5325a5881ea03ea4e4c12
108,87,0.11397,0xdf13d76cdc478b5098d1861068acaceda0f823a5,2017-10-31T12:24:37.000Z,0.00131,0x679a5d286ef5f9c921ac41bf1abd83c64dff94b3,buy,0xf0ee6b27b759c9893ce4f094b49ad28fd15a23e4,0x96303a649d14475cb724bf2309140a21b34f00b4396e6156c1025f535ec2ebb9
109,63.65,0.0821085,0xdf13d76cdc478b5098d1861068acaceda0f823a5,2017-10-31T12:22:56.000Z,0.00129,0xc77fc5fa7299c088ec098cd6af60b793674e8b3e,buy,0xf0ee6b27b759c9893ce4f094b49ad28fd15a23e4,0x8ff87b3404c1cfad89f41d8b2e3268be18876918b80d0b1051d0df70fa3ed5e2
110,599.14265776,0.7555191550581294,0x003593f9d633e8a246d71abc608c7a187e16e934,2017-10-31T10:22:03.000Z,0.00126100044,0xabf59b87f933755ab05112a0b8b1506f568463f2,sell,0xf0ee6b27b759c9893ce4f094b49ad28fd15a23e4,0x5d55c046745f72c54016aadb125910b3fb77a3b91d32139f50970b641be994f7
111,500,0.665,0x2f09c25884b78b62491e635daad372d987c5343b,2017-10-31T07:34:30.000Z,0.00133,0xb1d70e579dda889cc0350a846741ba8a2ba1837a,buy,0xf0ee6b27b759c9893ce4f094b49ad28fd15a23e4,0x4eb82d473d988261c9ad1dd18aa72f39354efc746014b6dc15b27b43e3b9fa47
112,290,0.3857,0x12d8ab4dda9fbeea91886a51f87d4b80c3148066,2017-10-31T06:21:41.000Z,0.00133,0xb1d70e579dda889cc0350a846741ba8a2ba1837a,buy,0xf0ee6b27b759c9893ce4f094b49ad28fd15a23e4,0x956366251f505223f1b5a6cc3f1ea50aea8fe991863178d9c1a7b909df212fa3
113,800,1.04,0x12d8ab4dda9fbeea91886a51f87d4b80c3148066,2017-10-31T06:18:37.000Z,0.0013,0xb1d70e579dda889cc0350a846741ba8a2ba1837a,buy,0xf0ee6b27b759c9893ce4f094b49ad28fd15a23e4,0x1f26f9e91b29bd7fbcbb9c07a42146e429b685ac4cc44f88c4aa812e5fa08367
114,94.7235893,0.12312172137805551,0xb3c74e8478cb91b17d0f78e3d0e3ea574c9fe2f8,2017-10-31T05:51:46.000Z,0.00129980000006245,0x665283295d85ce5009c855ce5dc0a10909ce0d12,buy,0xf0ee6b27b759c9893ce4f094b49ad28fd15a23e4,0x5a5fab3dcc1654a9e7d16f2069ddf1a2a8e5cee53153ae3704f57774bc2af65e
115,168.009,0.21858306918,0x679a5d286ef5f9c921ac41bf1abd83c64dff94b3,2017-10-31T05:51:16.000Z,0.00130102,0xb3c74e8478cb91b17d0f78e3d0e3ea574c9fe2f8,sell,0xf0ee6b27b759c9893ce4f094b49ad28fd15a23e4,0x85ff87c169c7d60a5d1f88e0e64efd21c8ddf6b30c4bc1b2b2dce44495e1d9ab
116,0.352,0.000438944,0xfd26f25d6588b752a90e600aff038a654d64a42c,2017-10-31T04:15:47.000Z,0.001247,0xe444a40689f51f63bcd29910622035707d533d29,sell,0xf0ee6b27b759c9893ce4f094b49ad28fd15a23e4,0xcfc04c9cf6bf863b6db82abe37d3567aa6606045599b3271acca0485d5d9c149
117,502,0.624488502,0x036c13cfa0f7f37f864872e10f32209944490c53,2017-10-31T02:26:24.000Z,0.001244001,0x3c04897fa5b4be309e92f4aa20cfea6b4ed77fdb,sell,0xf0ee6b27b759c9893ce4f094b49ad28fd15a23e4,0x059ab8028ce4631a9b650e835ba555a82a299444754ddef9cc50d836dbd43637
118,5715.95055328,7.10492653772704,0xfd26f25d6588b752a90e600aff038a654d64a42c,2017-10-31T01:51:33.000Z,0.001243,0x9c78b263182816c5789838f6560ab32b7c372c12,sell,0xf0ee6b27b759c9893ce4f094b49ad28fd15a23e4,0x8b593476bc64d324fd520d3f0c7bf102546496e9797ba8c9efb2684b22d398d9
119,250,0.32495,0xe0116a17df8ad675b1e6a14dd0420168db76ca8a,2017-10-31T00:46:00.000Z,0.0012998,0x665283295d85ce5009c855ce5dc0a10909ce0d12,buy,0xf0ee6b27b759c9893ce4f094b49ad28fd15a23e4,0xd88452fc413c698ca1b08d8b297bab5ef54a9711a876f916d54eb6c696abe005
120,0.01,0.000012998,0x0c4085d8e714ca77ac5f46cd2b80a92d238a7cd3,2017-10-31T00:33:22.000Z,0.0012998,0x665283295d85ce5009c855ce5dc0a10909ce0d12,buy,0xf0ee6b27b759c9893ce4f094b49ad28fd15a23e4,0x8c87c55fd67dc2bb74c07ecda4fe61aa10fdd8ef62e6f6e0eec97c67f9a578e8
121,100,0.12998,0xa53194e5e67e9eade3cfc81a6b5e426a46c58dfe,2017-10-31T00:22:12.000Z,0.0012998,0x665283295d85ce5009c855ce5dc0a10909ce0d12,buy,0xf0ee6b27b759c9893ce4f094b49ad28fd15a23e4,0x366b5ba944bb8e84cea07b3c23eb174888aa6460a392100c878737961bc0569e
122,0.0765806,0.0000951132583612,0x967e39e4f6b6f861b9bfb52a16ab43c8cacae90c,2017-10-31T00:14:21.000Z,0.001242002,0xf5bedf0fdb48e812d91b352e5ffa9c402ce6bbf4,sell,0xf0ee6b27b759c9893ce4f094b49ad28fd15a23e4,0xeaceddd28e9fe63fa1fc91088e46ad8b3b188db10bb2fff77728e359035da91f
123,269.91326886,0.3352326685992272,0x003593f9d633e8a246d71abc608c7a187e16e934,2017-10-30T23:49:01.000Z,0.00124200144,0x37dc1a0b7b743abdc6922d3117cc6732dd8a5c96,sell,0xf0ee6b27b759c9893ce4f094b49ad28fd15a23e4,0x6815f9ad554a71ffc7a099302d2bff7661d458445baca709916f6acc717939ae
124,40,0.04968008,0x967e39e4f6b6f861b9bfb52a16ab43c8cacae90c,2017-10-30T23:43:04.000Z,0.001242002,0xad33f43cb3ddc2dbd5a5eb09b12423066041a219,sell,0xf0ee6b27b759c9893ce4f094b49ad28fd15a23e4,0x137e3a8e18c275ebe8426ab69aa5bba542c5de071137cff1028bc417827cbd4c
125,21.207,0.026529957,0x557ce84e01d0735837cc76c3e10cd394e1e1e62e,2017-10-30T23:42:26.000Z,0.001251,0xad33f43cb3ddc2dbd5a5eb09b12423066041a219,sell,0xf0ee6b27b759c9893ce4f094b49ad28fd15a23e4,0x802e3ebc48e73d6d5e5674dbf0c973a344bc8d41b1e9e28c5e8413b8be7ca28b
126,56.897,0.07112125,0x4288b5ffc694faf6fc5d6784980307e8e94664ee,2017-10-30T23:23:14.000Z,0.00125,0x00bd554821a717253a682a7c736bab853ddade23,buy,0xf0ee6b27b759c9893ce4f094b49ad28fd15a23e4,0x554a8e87237060a9b62bbdace5f68d52dd660c8a1274745d5cfd973e0e5b05e5
127,416,0.52,0x6937ef203de9fefb2110ed968fb261721fb50a01,2017-10-30T22:52:54.000Z,0.00125,0x00bd554821a717253a682a7c736bab853ddade23,buy,0xf0ee6b27b759c9893ce4f094b49ad28fd15a23e4,0x9d6e0e17aaf771d3a6809b4faf86264d461f5bcd408b91d4ab3977cb096f69b1
128,2.33575914,0.00298743594006,0xb69db36cfb060eded058afc3dd76bbb29ec0e7bd,2017-10-30T22:48:14.000Z,0.001279,0x01ac7aef192ee2637afa390c4fbcfc92a00604a6,sell,0xf0ee6b27b759c9893ce4f094b49ad28fd15a23e4,0x37ceed56f7a04c5e414ecaac7ec9f806683e0742f76899d83d65ed6f4681318e
129,2.343,0.00292875,0x01ac7aef192ee2637afa390c4fbcfc92a00604a6,2017-10-30T22:46:46.000Z,0.00125,0x00bd554821a717253a682a7c736bab853ddade23,buy,0xf0ee6b27b759c9893ce4f094b49ad28fd15a23e4,0xdb64455202327bdb3769ebd084502a30172c669f1fcba69ec8cf90d698dea153
130,1.2,0.001536,0xbe4736749ef1e1c1e686bb161fb17cdd4aea563e,2017-10-30T20:38:52.000Z,0.00128,0x9b523cadad9e979617073e444c021bd326b74dbf,sell,0xf0ee6b27b759c9893ce4f094b49ad28fd15a23e4,0x0e2700cf8190eb2d862a2c071a425ea60ec7b3bfe258fbc0ff8f49bcbb0b7a7c
131,326.903,0.40862875,0x6c723da0e2243be0d60a23801c00039b98ce35d6,2017-10-30T17:55:49.000Z,0.00125,0xa24f98e5316292a985c1746c723042508921642d,buy,0xf0ee6b27b759c9893ce4f094b49ad28fd15a23e4,0x008c80553779822a7209ff1e9500ffbb22114fc626522b15f9fc655659cc8138
132,0.09842127,0.000123026589179685,0x6c723da0e2243be0d60a23801c00039b98ce35d6,2017-10-30T17:54:11.000Z,0.0012500000170662805,0xa24f98e5316292a985c1746c723042508921642d,buy,0xf0ee6b27b759c9893ce4f094b49ad28fd15a23e4,0x287e81ac8f80361d0d0658acc610d191fe5a37c6d75fff06e7f40602377044b9
133,987.26377284,1.2340797160614216,0x6c723da0e2243be0d60a23801c00039b98ce35d6,2017-10-30T17:51:29.000Z,0.001250000000011569,0xa24f98e5316292a985c1746c723042508921642d,buy,0xf0ee6b27b759c9893ce4f094b49ad28fd15a23e4,0xa1dc8c54fe53fa56f62ed056d1acd4509e8f1193512f73dac2cae42d48640926
134,398.8,0.510464,0xbe4736749ef1e1c1e686bb161fb17cdd4aea563e,2017-10-30T17:45:09.000Z,0.00128,0x273a5d3e6721b9f5c1a6474f560c1334c63dda01,sell,0xf0ee6b27b759c9893ce4f094b49ad28fd15a23e4,0xcafb1bb97ff2747415c006574f4404a0be86fd81d65156f536f0ea544d0508eb
135,400,0.5,0x273a5d3e6721b9f5c1a6474f560c1334c63dda01,2017-10-30T17:45:09.000Z,0.00125,0xa24f98e5316292a985c1746c723042508921642d,buy,0xf0ee6b27b759c9893ce4f094b49ad28fd15a23e4,0xcafb1bb97ff2747415c006574f4404a0be86fd81d65156f536f0ea544d0508eb
136,2420,3.00564484,0xb1d70e579dda889cc0350a846741ba8a2ba1837a,2017-10-30T17:45:09.000Z,0.001242002,0xa24f98e5316292a985c1746c723042508921642d,sell,0xf0ee6b27b759c9893ce4f094b49ad28fd15a23e4,0xc7ea68955293826e6239836baeb96ab06349e35e2cce4006a754f98c413adcdc
137,335.312,0.4526712,0xa24f98e5316292a985c1746c723042508921642d,2017-10-30T15:55:33.000Z,0.00135,0x3df86cefaecfaa31be2f74f8f832cb4ef62b79f8,sell,0xf0ee6b27b759c9893ce4f094b49ad28fd15a23e4,0xf769df85d991360642441bffae9103428f4166537233060420a3782d61e0a775
138,747.28619513,1.0088363634255,0xa24f98e5316292a985c1746c723042508921642d,2017-10-30T15:53:46.000Z,0.00135,0x273a5d3e6721b9f5c1a6474f560c1334c63dda01,sell,0xf0ee6b27b759c9893ce4f094b49ad28fd15a23e4,0x295faa8c5be9e9bb1bfe1a5682cc807ec20c6ad29ae03d74cde8ed3516d8c18a
139,749.53479953,0.9743877440410047,0x273a5d3e6721b9f5c1a6474f560c1334c63dda01,2017-10-30T15:53:46.000Z,0.00129999,0xb1d70e579dda889cc0350a846741ba8a2ba1837a,buy,0xf0ee6b27b759c9893ce4f094b49ad28fd15a23e4,0x295faa8c5be9e9bb1bfe1a5682cc807ec20c6ad29ae03d74cde8ed3516d8c18a
140,1899.59316781,2.359298513611803,0x3df86cefaecfaa31be2f74f8f832cb4ef62b79f8,2017-10-30T15:52:44.000Z,0.0012420020000028678,0xa24f98e5316292a985c1746c723042508921642d,buy,0xf0ee6b27b759c9893ce4f094b49ad28fd15a23e4,0x62835c01c0f08356404201245337fd2c0f131eef87222b29e233117db355507d
141,478.92720047,0.6465517206345,0xa24f98e5316292a985c1746c723042508921642d,2017-10-30T15:48:57.000Z,0.00135,0xd445f61ebca3d6b4c57eef1f39fdab6595ef8972,sell,0xf0ee6b27b759c9893ce4f094b49ad28fd15a23e4,0x1dd6ef967089c1d5b4044b8164cd156952fb7760a58fc9b67f059dadc9726a26
142,480.36830539,0.6243827233539659,0xd445f61ebca3d6b4c57eef1f39fdab6595ef8972,2017-10-30T15:48:57.000Z,0.0012998000000167453,0x665283295d85ce5009c855ce5dc0a10909ce0d12,buy,0xf0ee6b27b759c9893ce4f094b49ad28fd15a23e4,0x1dd6ef967089c1d5b4044b8164cd156952fb7760a58fc9b67f059dadc9726a26
143,520.40683218,0.6463463263881966,0x5d682c7a14f0821c7bf1bd0349210167d394034c,2017-10-30T15:48:25.000Z,0.0012420020000133976,0xa24f98e5316292a985c1746c723042508921642d,buy,0xf0ee6b27b759c9893ce4f094b49ad28fd15a23e4,0x674ab8eed509e83bbae5be09f1487d4b6bb4ea8358f1d0cde644c8d7c925b4f5
144,520.40683218,0.6463463263881966,0x5d682c7a14f0821c7bf1bd0349210167d394034c,2017-10-30T15:48:21.000Z,0.0012420020000133976,0xa24f98e5316292a985c1746c723042508921642d,buy,0xf0ee6b27b759c9893ce4f094b49ad28fd15a23e4,0x674ab8eed509e83bbae5be09f1487d4b6bb4ea8358f1d0cde644c8d7c925b4f5
145,1297.89810529,1.6870079572679786,0x41875cef73bfc0cfea901d053fda6870adef0beb,2017-10-30T15:18:35.000Z,0.0012998000000092739,0x665283295d85ce5009c855ce5dc0a10909ce0d12,buy,0xf0ee6b27b759c9893ce4f094b49ad28fd15a23e4,0x16ec6c72508f103912005c9723ae8482be8d91f16463d0db9728107d69e1d9d3
146,4.2,0.00541002,0x877f11895defdaa53b5b56f8f298cc6062438c8e,2017-10-30T14:23:55.000Z,0.0012881,0xb1d70e579dda889cc0350a846741ba8a2ba1837a,sell,0xf0ee6b27b759c9893ce4f094b49ad28fd15a23e4,0x1699f2cf673b11ee68a91bd765329bb7a11ea7c7655fa0003ec1f62f5c1bc62a
147,766.57696807,0.9520901274968762,0xb1d70e579dda889cc0350a846741ba8a2ba1837a,2017-10-30T14:11:29.000Z,0.001242002,0x98b8f889dbe2b5c4c5879f65e13b24012f2afdce,sell,0xf0ee6b27b759c9893ce4f094b49ad28fd15a23e4,0x95b23076a8ebcaba4bb6df63e3798453ce998fe4c9a90e28d5528c4eb5cd376f
148,580,0.72611302,0x410cc342566c5821a38a44242b83a7893a110cfb,2017-10-30T14:09:58.000Z,0.001251919,0x98b8f889dbe2b5c4c5879f65e13b24012f2afdce,sell,0xf0ee6b27b759c9893ce4f094b49ad28fd15a23e4,0x87ad487d79a2b34b542bf3d24168e8da51b841ce82dcc8ecf6e9be38981d661b
149,420,0.5459958,0x410cc342566c5821a38a44242b83a7893a110cfb,2017-10-30T13:17:09.000Z,0.00129999,0xb1d70e579dda889cc0350a846741ba8a2ba1837a,buy,0xf0ee6b27b759c9893ce4f094b49ad28fd15a23e4,0x76439b229d8bc53c310dcc33d7bdf56846dfade944b95e7258142d5a5ae074b7
150,419.4806101,0.5209957567054202,0xb1d70e579dda889cc0350a846741ba8a2ba1837a,2017-10-30T12:54:00.000Z,0.001242002,0x5e0889019221599de2a7a221c63b77c8eebca379,sell,0xf0ee6b27b759c9893ce4f094b49ad28fd15a23e4,0x930932eef0ef99c22a587011982f81f10842f36e3f5ad9544ab5c61122c1e547
151,215,0.2752215,0x40771c18fb731f962714d5ebdd066570f8423f8a,2017-10-30T12:00:22.000Z,0.0012801,0xfd26f25d6588b752a90e600aff038a654d64a42c,sell,0xf0ee6b27b759c9893ce4f094b49ad28fd15a23e4,0xc9164c8854d792b84e5ca348498027f595417e9509a771cf110dd2e512f75464
152,1250,1.6125,0x1804111464a198d8b0450bdbf7cb9fd65a903baf,2017-10-30T12:00:15.000Z,0.00129,0xfd26f25d6588b752a90e600aff038a654d64a42c,sell,0xf0ee6b27b759c9893ce4f094b49ad28fd15a23e4,0x25ec9cc46452d292adaeaf4c94854cbaaf7ecfb2db108b587205db1a81b4678b
153,995.44341419,1.2940764384599897,0xc0663f6730271424a51b9f5870aedecb0a57788c,2017-10-30T11:57:14.000Z,0.0013000000000130492,0x665283295d85ce5009c855ce5dc0a10909ce0d12,buy,0xf0ee6b27b759c9893ce4f094b49ad28fd15a23e4,0x0e791b09fbe16cbc9cd151251a747362e8231389942461ea0021b6dd7f2eaf79
154,100,0.13,0xe121cb63c3f6e80eb2600532d43ebbad54ddb61a,2017-10-30T09:52:35.000Z,0.0013,0xfd26f25d6588b752a90e600aff038a654d64a42c,sell,0xf0ee6b27b759c9893ce4f094b49ad28fd15a23e4,0xf5f18d2e32c4910461ba3ab63aa4726fb63e4882f9ee83156625f2d9f85a3354
155,120,0.1536,0x40771c18fb731f962714d5ebdd066570f8423f8a,2017-10-30T09:49:55.000Z,0.00128,0xfd26f25d6588b752a90e600aff038a654d64a42c,sell,0xf0ee6b27b759c9893ce4f094b49ad28fd15a23e4,0x634957d96142c1655f2fa5239c95ecbc03e3e68d6e67f3dec0a32c21327f3a7e
156,3900,4.9958961,0x65a83820d3a8cd3c72e1b7f8b9e95c1571f0b062,2017-10-30T09:49:15.000Z,0.001280999,0xfd26f25d6588b752a90e600aff038a654d64a42c,sell,0xf0ee6b27b759c9893ce4f094b49ad28fd15a23e4,0xe1694ef6387ce873d59b196adc46a8ecac895de7ec75708959d0911ff59164de
157,120.40249491,0.1565232433911041,0x415958bcacde2a6ab50383c54ed0a8c85e22ae41,2017-10-30T08:41:15.000Z,0.0013000000000673085,0x665283295d85ce5009c855ce5dc0a10909ce0d12,buy,0xf0ee6b27b759c9893ce4f094b49ad28fd15a23e4,0x5703f5e30b7d9bef726220dc341fd738131d0496d69764a551a1ff637e6e409c
158,288.42282886,0.35807694202969,0xb1d70e579dda889cc0350a846741ba8a2ba1837a,2017-10-30T08:11:07.000Z,0.0012415,0xd7e4114d7b61c93f28f1c0d723ec686261bc2e6c,sell,0xf0ee6b27b759c9893ce4f094b49ad28fd15a23e4,0x7d9489ff5563a2853238b800949aa93550fc3d50a7c2c1e1a83d3aa741dd4664
159,40.0021325,0.04966264749875,0xb1d70e579dda889cc0350a846741ba8a2ba1837a,2017-10-30T08:05:31.000Z,0.0012415,0x273a5d3e6721b9f5c1a6474f560c1334c63dda01,sell,0xf0ee6b27b759c9893ce4f094b49ad28fd15a23e4,0xb587e3b57b7d42a17b4179ab8eac92cb4482f4f82771775d36814ac46ebb1076
160,40.1225,0.048147,0x273a5d3e6721b9f5c1a6474f560c1334c63dda01,2017-10-30T08:05:31.000Z,0.0012,0x221bcdbad28f8d978bd91e62f6eef3e23526943f,buy,0xf0ee6b27b759c9893ce4f094b49ad28fd15a23e4,0xb587e3b57b7d42a17b4179ab8eac92cb4482f4f82771775d36814ac46ebb1076
161,15.49197487,0.019233286801105,0xb1d70e579dda889cc0350a846741ba8a2ba1837a,2017-10-30T07:39:39.000Z,0.0012415,0x4c8b89be299d28341efa2cd5b70ca6db9bc991e0,sell,0xf0ee6b27b759c9893ce4f094b49ad28fd15a23e4,0x36c8b890a513396e70f9f7476407a1a0b1763cfe22ae2881f589478aa12b403e
162,794,0.985751,0xb1d70e579dda889cc0350a846741ba8a2ba1837a,2017-10-30T07:01:58.000Z,0.0012415,0x96373170538a83c7674ef92f41d195203a8abe09,sell,0xf0ee6b27b759c9893ce4f094b49ad28fd15a23e4,0x89ea934caa40a1a60d74a01791894cb1ecb5744c68c703c69e342b0c88174fa0
163,153.37834991,0.19939185488434125,0x0e34fb8fb1ec873118824f75edf0f04fa2462f0a,2017-10-30T06:07:55.000Z,0.0013000000000087447,0x665283295d85ce5009c855ce5dc0a10909ce0d12,buy,0xf0ee6b27b759c9893ce4f094b49ad28fd15a23e4,0x032045f73602fbb6cc23a7f73118da770bbab6f1a840a6cf1d44bffa664a0299
164,59.39613313,0.073728420054269,0x69c801419a56628c2d194b91114924a0ab5df56a,2017-10-30T05:24:55.000Z,0.0012413,0xd7e4114d7b61c93f28f1c0d723ec686261bc2e6c,sell,0xf0ee6b27b759c9893ce4f094b49ad28fd15a23e4,0x9ce52541418d07d0b50b234bfdae1b21d38fd3d469645c2e1a3a0cf35e5a7d14
165,140,0.180334,0xbfbdd7f780e8f8185051642cca63bdf74727e167,2017-10-30T05:24:35.000Z,0.0012881,0xd7e4114d7b61c93f28f1c0d723ec686261bc2e6c,sell,0xf0ee6b27b759c9893ce4f094b49ad28fd15a23e4,0xb3ac28a2100a86073c46680dc730ae36b9ab3b0882ea0202ab8df9b489bb171c
166,128.79274249,0.16111972085499,0x557ce84e01d0735837cc76c3e10cd394e1e1e62e,2017-10-30T04:27:11.000Z,0.001251,0xa596a01acb9e36ae574495dced3922377abbbb74,sell,0xf0ee6b27b759c9893ce4f094b49ad28fd15a23e4,0xc8b28db781442cf1dd8e4f2dc78e7218fe490b8ab1b27ee226968a138d92afce
167,3386,4.2030418,0x69c801419a56628c2d194b91114924a0ab5df56a,2017-10-30T04:04:13.000Z,0.0012413,0xfd26f25d6588b752a90e600aff038a654d64a42c,sell,0xf0ee6b27b759c9893ce4f094b49ad28fd15a23e4,0x039e20f8c69907547fb01318ac78481a01e09d941dc62c1dc530b2ff94f83baa
168,817,0.10621,0x96373170538a83c7674ef92f41d195203a8abe09,2017-10-30T04:01:37.000Z,0.00013,0xf5bedf0fdb48e812d91b352e5ffa9c402ce6bbf4,buy,0xf0ee6b27b759c9893ce4f094b49ad28fd15a23e4,0xe7c1668c8ae86e5187d8d95aaee59bc2152b1eb52377dd6a35c69d8f621f7b37
169,500,0.6399,0x1fa87cfc6372da2a09a6343bc3e1b46f662f56ce,2017-10-30T03:33:38.000Z,0.0012798,0xf5bedf0fdb48e812d91b352e5ffa9c402ce6bbf4,sell,0xf0ee6b27b759c9893ce4f094b49ad28fd15a23e4,0x4a34deb18de082c84e34a7ecf4d8c60ec0625a1711db54c4f1959d7bc24c9f71
170,355.5,0.44793,0x0c9719fa4cdbcd3bd74f3bcb46b4be1910b498d7,2017-10-30T02:53:21.000Z,0.00126,0xfd26f25d6588b752a90e600aff038a654d64a42c,sell,0xf0ee6b27b759c9893ce4f094b49ad28fd15a23e4,0xb3bb475e4ba7f5106944ce8b016319163e8f57ea6c066e76caeaeb108b60d194
171,0.285,0.0003705,0x2e26035b04213530deeea6a3874d0f4143bce939,2017-10-30T02:17:49.000Z,0.0013,0x16e5d97bbc92417e051e3b2cabfbf8ceea2acb9c,sell,0xf0ee6b27b759c9893ce4f094b49ad28fd15a23e4,0xe2ca545d3c1fad48fdff9a647e857dc8830d66224924be1e59163a0fa268a497
172,0.298,0.0003874,0x2e26035b04213530deeea6a3874d0f4143bce939,2017-10-30T02:17:17.000Z,0.0013,0x379374d13077e8867ef31803c37baf9785a17c00,sell,0xf0ee6b27b759c9893ce4f094b49ad28fd15a23e4,0x631137c685ddedd9afba3a4ce6c9928a15b6e8c3673cae4e06a2a925918a8ba6
173,1615,2.00487715,0xb1d70e579dda889cc0350a846741ba8a2ba1837a,2017-10-30T02:09:51.000Z,0.00124141,0xa596a01acb9e36ae574495dced3922377abbbb74,sell,0xf0ee6b27b759c9893ce4f094b49ad28fd15a23e4,0x4d2abbb59f5fba25e7a946effe124090bb970166814fa4ff566dfc9c36b11a55
174,16.5,0.021252,0x69c801419a56628c2d194b91114924a0ab5df56a,2017-10-30T02:02:31.000Z,0.001288,0xfd26f25d6588b752a90e600aff038a654d64a42c,sell,0xf0ee6b27b759c9893ce4f094b49ad28fd15a23e4,0xdb624c41d2be3df6d0bbeb409c85144822c110e263eecc90ef62900db9578e04
175,67,0.0871,0xb28b10bf5b3ff267421ab9797d2c06e2164b5e6b,2017-10-30T02:01:45.000Z,0.0013,0xfd26f25d6588b752a90e600aff038a654d64a42c,sell,0xf0ee6b27b759c9893ce4f094b49ad28fd15a23e4,0xfd391b8b5cd94cca229343229815543fe329e32e0778e5f7feb725483c4e1dd2
176,64.314,0.0836082,0x7ef274ae9c43bd13c5e4dab543229c4ae3bf0072,2017-10-30T01:10:49.000Z,0.0013,0xfd26f25d6588b752a90e600aff038a654d64a42c,sell,0xf0ee6b27b759c9893ce4f094b49ad28fd15a23e4,0x28e0ff01c3c69ffc97e74c85deec45c2e991124af82ff68a32f17010f49b2803
177,115.49,0.15013723098,0x4f467e8687fe16f6034e379be5aa4cec2248f443,2017-10-30T01:08:18.000Z,0.001300002,0xfd26f25d6588b752a90e600aff038a654d64a42c,sell,0xf0ee6b27b759c9893ce4f094b49ad28fd15a23e4,0x14f2424290fc7c5bc899380d6c1920dab7a6b15b716364b7d9eda0dc809a845b
178,200.66869914,0.2608753289429742,0x2e26035b04213530deeea6a3874d0f4143bce939,2017-10-30T01:06:17.000Z,0.00130003,0xfd26f25d6588b752a90e600aff038a654d64a42c,sell,0xf0ee6b27b759c9893ce4f094b49ad28fd15a23e4,0x422e97a0f4040fd3c3d443e6d89c33b514ad5b1d5acdc0a4ad712c0cbd143356
179,426.3443638,0.605408996601644,0x0a5d0c6910d52715abaec240d167add3c2dce207,2017-10-29T22:56:29.000Z,0.0014200000000132381,0xbca32d1e5c27c003cd739fe756d0fda31604431b,buy,0xf0ee6b27b759c9893ce4f094b49ad28fd15a23e4,0x1f1dad48e9b9175f93047e19c9ed5c5f0853b13f70f0ac7848e1232d6504ff4b
180,1000,1.42,0x0a5d0c6910d52715abaec240d167add3c2dce207,2017-10-29T22:44:49.000Z,0.00142,0xf5bedf0fdb48e812d91b352e5ffa9c402ce6bbf4,buy,0xf0ee6b27b759c9893ce4f094b49ad28fd15a23e4,0x2f0858b3016b249fa9d2d90f184c362ce3740d1c129da207ce5a27641e356907
181,281.5,0.39973,0x0a5d0c6910d52715abaec240d167add3c2dce207,2017-10-29T22:42:40.000Z,0.00142,0x0c9719fa4cdbcd3bd74f3bcb46b4be1910b498d7,buy,0xf0ee6b27b759c9893ce4f094b49ad28fd15a23e4,0xd454b4df240af90791ba26289b48bb4885bc235a58248fd424e94f18bdcea377
182,450,0.6075,0x0a5d0c6910d52715abaec240d167add3c2dce207,2017-10-29T22:42:12.000Z,0.00135,0x103658087450389e8edec7117e8ec2ecedb699b0,buy,0xf0ee6b27b759c9893ce4f094b49ad28fd15a23e4,0x0ea389682fd1182cd475f0621cb12d5930fe7b8f345d0ee473718120cb79f27b
183,64.688,0.0873288,0x0a5d0c6910d52715abaec240d167add3c2dce207,2017-10-29T22:41:51.000Z,0.00135,0xa24f98e5316292a985c1746c723042508921642d,buy,0xf0ee6b27b759c9893ce4f094b49ad28fd15a23e4,0x6a3e713cbb909b9e6c2bc76ff0e82f4268c1db00d4c9f84e8fdc78091cac7794
184,1.96442888,0.0025538164768664,0x2e26035b04213530deeea6a3874d0f4143bce939,2017-10-29T22:29:55.000Z,0.00130003,0x1be71e871294156b43e52ffe77deeddb9ab994eb,sell,0xf0ee6b27b759c9893ce4f094b49ad28fd15a23e4,0x7a170d54d15f7215430e2aab9ec7ed767d7b3577c307526e129920e5055ba406
185,1.97032217,0.0024629027125,0x1be71e871294156b43e52ffe77deeddb9ab994eb,2017-10-29T22:29:55.000Z,0.00125,0x53e4890dbbd65a0a1df073072a2f6c6541740a94,buy,0xf0ee6b27b759c9893ce4f094b49ad28fd15a23e4,0x7a170d54d15f7215430e2aab9ec7ed767d7b3577c307526e129920e5055ba406
186,64.88238843,0.0811029855375,0xd2ea382e498316d91b9de8557670149b479721a0,2017-10-29T22:26:15.000Z,0.00125,0xa24f98e5316292a985c1746c723042508921642d,buy,0xf0ee6b27b759c9893ce4f094b49ad28fd15a23e4,0x92a43c1818f6fdbd9cdd6d22c25f1a8731b1ec4ac5079d867999f8467fc82cd7
187,64.68774126,0.087328450701,0xa24f98e5316292a985c1746c723042508921642d,2017-10-29T22:26:15.000Z,0.00135,0xd2ea382e498316d91b9de8557670149b479721a0,sell,0xf0ee6b27b759c9893ce4f094b49ad28fd15a23e4,0x92a43c1818f6fdbd9cdd6d22c25f1a8731b1ec4ac5079d867999f8467fc82cd7
188,327.08161156,0.40885201445,0xd2ea382e498316d91b9de8557670149b479721a0,2017-10-29T22:25:36.000Z,0.00125,0xa24f98e5316292a985c1746c723042508921642d,buy,0xf0ee6b27b759c9893ce4f094b49ad28fd15a23e4,0xc748534cdced6864c15cf4eccc2b76fb72c10cd1962f53e138bc0fc386b859f6
189,778.657,0.995902303,0xb69db36cfb060eded058afc3dd76bbb29ec0e7bd,2017-10-29T22:25:36.000Z,0.001279,0x273a5d3e6721b9f5c1a6474f560c1334c63dda01,sell,0xf0ee6b27b759c9893ce4f094b49ad28fd15a23e4,0x665a41569c72b589a5c1dbf16cd1e0fc8662632b60a80e86e315d8745a060aec
190,326.10036672,0.423930476736,0x3dd434a613e6d7014ed25f1fd40e90f984a3291a,2017-10-29T22:25:36.000Z,0.0013,0xd2ea382e498316d91b9de8557670149b479721a0,sell,0xf0ee6b27b759c9893ce4f094b49ad28fd15a23e4,0xc748534cdced6864c15cf4eccc2b76fb72c10cd1962f53e138bc0fc386b859f6
191,781,0.97625,0x273a5d3e6721b9f5c1a6474f560c1334c63dda01,2017-10-29T22:25:36.000Z,0.00125,0xa24f98e5316292a985c1746c723042508921642d,buy,0xf0ee6b27b759c9893ce4f094b49ad28fd15a23e4,0x665a41569c72b589a5c1dbf16cd1e0fc8662632b60a80e86e315d8745a060aec
192,1.965,0.002564325,0xf767e1d8c7bad96423598b5de429044d5f5a578b,2017-10-29T22:17:30.000Z,0.001305,0xf5bedf0fdb48e812d91b352e5ffa9c402ce6bbf4,sell,0xf0ee6b27b759c9893ce4f094b49ad28fd15a23e4,0x737d24eb92111231fb004e11f7ce2ac37a6e7893a2b9ddc844e6914dd9a939f6
193,0.891,0.00118503,0xf14a04d18cb5ba0fe293f6157cd4593404c12ece,2017-10-29T22:15:35.000Z,0.00133,0xf5bedf0fdb48e812d91b352e5ffa9c402ce6bbf4,sell,0xf0ee6b27b759c9893ce4f094b49ad28fd15a23e4,0x07cc1126ab9cc67e36faf8fd4e26ec3aeaaf6f28a74d07ea4d20129abd113194
194,172.538,0.2329263,0xa24f98e5316292a985c1746c723042508921642d,2017-10-29T22:14:28.000Z,0.00135,0xf5bedf0fdb48e812d91b352e5ffa9c402ce6bbf4,sell,0xf0ee6b27b759c9893ce4f094b49ad28fd15a23e4,0x4c1f46aceaed14dbd6e9f31b7fcc61cb1eb574d613f49c0ffa28b477590cec94
195,1501,2.02635,0xa24f98e5316292a985c1746c723042508921642d,2017-10-29T22:13:46.000Z,0.00135,0xf5bedf0fdb48e812d91b352e5ffa9c402ce6bbf4,sell,0xf0ee6b27b759c9893ce4f094b49ad28fd15a23e4,0x9bb66fa4887833ddad3f1d4f2639d18c4816cad7bee7f51bf3fc6d9c0a1010f1
196,299.1,0.38883,0x2e26035b04213530deeea6a3874d0f4143bce939,2017-10-29T21:52:47.000Z,0.0013,0x273a5d3e6721b9f5c1a6474f560c1334c63dda01,sell,0xf0ee6b27b759c9893ce4f094b49ad28fd15a23e4,0x291cf2fe89364409ec5c0c756d4b85c1181163550516836218bf7ed0fc759aae
197,300,0.375,0x273a5d3e6721b9f5c1a6474f560c1334c63dda01,2017-10-29T21:52:47.000Z,0.00125,0x53e4890dbbd65a0a1df073072a2f6c6541740a94,buy,0xf0ee6b27b759c9893ce4f094b49ad28fd15a23e4,0x291cf2fe89364409ec5c0c756d4b85c1181163550516836218bf7ed0fc759aae
198,75.4544505,0.098093049283515,0x2e26035b04213530deeea6a3874d0f4143bce939,2017-10-29T21:52:40.000Z,0.00130003,0xd2ea382e498316d91b9de8557670149b479721a0,sell,0xf0ee6b27b759c9893ce4f094b49ad28fd15a23e4,0xc9268152d1a867b8c428522819a2d1a29f46c00d3996fb2d9868de34823bba8e
199,653.035,0.852210675,0xf767e1d8c7bad96423598b5de429044d5f5a578b,2017-10-29T21:52:40.000Z,0.001305,0xd2ea382e498316d91b9de8557670149b479721a0,sell,0xf0ee6b27b759c9893ce4f094b49ad28fd15a23e4,0x1424a284408539c58416ff8d39c3e796c952fd2ea3949af755cf43d663f07838
200,655,0.81875,0xd2ea382e498316d91b9de8557670149b479721a0,2017-10-29T21:52:40.000Z,0.00125,0x53e4890dbbd65a0a1df073072a2f6c6541740a94,buy,0xf0ee6b27b759c9893ce4f094b49ad28fd15a23e4,0x1424a284408539c58416ff8d39c3e796c952fd2ea3949af755cf43d663f07838
201,75.68149499,0.0946018687375,0xd2ea382e498316d91b9de8557670149b479721a0,2017-10-29T21:52:40.000Z,0.00125,0x53e4890dbbd65a0a1df073072a2f6c6541740a94,buy,0xf0ee6b27b759c9893ce4f094b49ad28fd15a23e4,0xc9268152d1a867b8c428522819a2d1a29f46c00d3996fb2d9868de34823bba8e
202,5500,6.875,0x273a5d3e6721b9f5c1a6474f560c1334c63dda01,2017-10-29T21:52:15.000Z,0.00125,0x53e4890dbbd65a0a1df073072a2f6c6541740a94,buy,0xf0ee6b27b759c9893ce4f094b49ad28fd15a23e4,0xe549285cddd91a9f88d18e0db22546e514c4a7d584239f8480d6cfebeed13c17
203,191.18937514,0.238986718925,0x273a5d3e6721b9f5c1a6474f560c1334c63dda01,2017-10-29T21:52:15.000Z,0.00125,0x53e4890dbbd65a0a1df073072a2f6c6541740a94,buy,0xf0ee6b27b759c9893ce4f094b49ad28fd15a23e4,0x2ee44cd3cf3633d968855ff211b7c8647a4b8a257e42eef16daf9d2a6de367a9
204,1400,1.75,0x273a5d3e6721b9f5c1a6474f560c1334c63dda01,2017-10-29T21:52:15.000Z,0.00125,0x53e4890dbbd65a0a1df073072a2f6c6541740a94,buy,0xf0ee6b27b759c9893ce4f094b49ad28fd15a23e4,0xdb0be2f10a7da25ee3054d2edc7d878696ca1312fe941c0c39202f6b6cb49571
205,296.26733127,0.3940355505891,0xf14a04d18cb5ba0fe293f6157cd4593404c12ece,2017-10-29T21:52:15.000Z,0.00133,0x273a5d3e6721b9f5c1a6474f560c1334c63dda01,sell,0xf0ee6b27b759c9893ce4f094b49ad28fd15a23e4,0x7870829d33dd43d93b902b87cbc3d2aaffd6a3aaea3a8a6268f79adf00a4a481
206,1395.8,1.79792998,0x877f11895defdaa53b5b56f8f298cc6062438c8e,2017-10-29T21:52:15.000Z,0.0012881,0x273a5d3e6721b9f5c1a6474f560c1334c63dda01,sell,0xf0ee6b27b759c9893ce4f094b49ad28fd15a23e4,0xdb0be2f10a7da25ee3054d2edc7d878696ca1312fe941c0c39202f6b6cb49571
207,5483.5,7.062748,0x69c801419a56628c2d194b91114924a0ab5df56a,2017-10-29T21:52:15.000Z,0.001288,0x273a5d3e6721b9f5c1a6474f560c1334c63dda01,sell,0xf0ee6b27b759c9893ce4f094b49ad28fd15a23e4,0xe549285cddd91a9f88d18e0db22546e514c4a7d584239f8480d6cfebeed13c17
208,190.61580701,0.2573313394635,0xa24f98e5316292a985c1746c723042508921642d,2017-10-29T21:52:15.000Z,0.00135,0x273a5d3e6721b9f5c1a6474f560c1334c63dda01,sell,0xf0ee6b27b759c9893ce4f094b49ad28fd15a23e4,0x2ee44cd3cf3633d968855ff211b7c8647a4b8a257e42eef16daf9d2a6de367a9
209,297.1588077,0.371448509625,0x273a5d3e6721b9f5c1a6474f560c1334c63dda01,2017-10-29T21:52:15.000Z,0.00125,0x53e4890dbbd65a0a1df073072a2f6c6541740a94,buy,0xf0ee6b27b759c9893ce4f094b49ad28fd15a23e4,0x7870829d33dd43d93b902b87cbc3d2aaffd6a3aaea3a8a6268f79adf00a4a481
210,996.96086186,1.345897163511,0xa24f98e5316292a985c1746c723042508921642d,2017-10-29T20:56:58.000Z,0.00135,0x1d1d215fa73293aa50bac6d603fbd3fe784129c8,sell,0xf0ee6b27b759c9893ce4f094b49ad28fd15a23e4,0x85c77045b2563a8c7272d7cb50dbe102dc049ef3cc25fc6b3904078715cc1424
211,311.849763,0.42099718005,0xa24f98e5316292a985c1746c723042508921642d,2017-10-29T20:52:34.000Z,0.00135,0x8bc652e1285a04306dab42d5588308a5640638ec,sell,0xf0ee6b27b759c9893ce4f094b49ad28fd15a23e4,0x520a3e456bb5f050fd61b2fb373327627e8c888d571ccd1b5ad8c1e322abb4bd
212,490,0.6762,0x7ef274ae9c43bd13c5e4dab543229c4ae3bf0072,2017-10-29T20:47:24.000Z,0.00138,0x8bc652e1285a04306dab42d5588308a5640638ec,sell,0xf0ee6b27b759c9893ce4f094b49ad28fd15a23e4,0x8eaf28e6feb5881f6c0728d455d5ba386c73de49041abbb0802a6f643e3306f4
213,34,0.04828,0x0dabb18cc2a138184a33fc5b362463b2a30209cf,2017-10-29T20:40:50.000Z,0.00142,0x0c9719fa4cdbcd3bd74f3bcb46b4be1910b498d7,buy,0xf0ee6b27b759c9893ce4f094b49ad28fd15a23e4,0x13dbd27e940bcdceb12b2a4972b22d0a744162c27884a645b83e829fa1f6c016
214,202.8411923,0.269778785759,0xf14a04d18cb5ba0fe293f6157cd4593404c12ece,2017-10-29T20:03:06.000Z,0.00133,0x87b2a9187c741a6d20bf2ed138ff28222a747b02,sell,0xf0ee6b27b759c9893ce4f094b49ad28fd15a23e4,0x5e0634a0e0e464e8fc01f48732145e25e284ff44089c23be853b7055bea01511
215,0.01,0.00001300002,0x4f467e8687fe16f6034e379be5aa4cec2248f443,2017-10-29T18:05:02.000Z,0.001300002,0x4f467e8687fe16f6034e379be5aa4cec2248f443,sell,0xf0ee6b27b759c9893ce4f094b49ad28fd15a23e4,0x07777be6bfd48ebaa7a2e94c8ec2386da79b0a4b892762b300ea48e749acfa46
216,672.91838844,0.874793904972,0x3dd434a613e6d7014ed25f1fd40e90f984a3291a,2017-10-29T16:49:02.000Z,0.0013,0xa2b16e3b6b64771396c925e61fefd851e757e38e,sell,0xf0ee6b27b759c9893ce4f094b49ad28fd15a23e4,0x1e3876b177097b5701b4327c9ede0ffd0685cc5bc24887753c448305898d4f2b
217,0.00430656,0.0000055986571968,0x2e26035b04213530deeea6a3874d0f4143bce939,2017-10-29T16:38:41.000Z,0.00130003,0xfc73413d8dcc28d271cde376835edf6690fa91a8,sell,0xf0ee6b27b759c9893ce4f094b49ad28fd15a23e4,0x821c84fe932ac6b383cfc65ff85a88b653e89c27c97c02350ed9c8257a87c8e2
218,43.19911492,0.0561601453694476,0x2e26035b04213530deeea6a3874d0f4143bce939,2017-10-29T16:38:08.000Z,0.00130003,0xfc73413d8dcc28d271cde376835edf6690fa91a8,sell,0xf0ee6b27b759c9893ce4f094b49ad28fd15a23e4,0x608e68fa3a1643a63753003f6dbaa16d8cf54dfa90f5fcd8c710ded0912652e4
219,6.99094062,0.0090953535654324,0x679a5d286ef5f9c921ac41bf1abd83c64dff94b3,2017-10-29T16:37:37.000Z,0.00130102,0xfc73413d8dcc28d271cde376835edf6690fa91a8,sell,0xf0ee6b27b759c9893ce4f094b49ad28fd15a23e4,0x634d0978c99ac18efade20eec14e6450adb2d6b8c6dd34518775c967de314d14
220,300,0.3900303,0xf91de74033fde729d98b98546fb3692a8596d3c9,2017-10-29T16:37:32.000Z,0.001300101,0xfc73413d8dcc28d271cde376835edf6690fa91a8,sell,0xf0ee6b27b759c9893ce4f094b49ad28fd15a23e4,0x71d26da4e0b50256e398e5f9377d87b9834a06a1307f9b0a6382594cdca7708e
221,500,0.65000005,0x487b8d3847d8718267a07c8c7e8ed354983bf34c,2017-10-29T16:36:09.000Z,0.0013000001,0x87b2a9187c741a6d20bf2ed138ff28222a747b02,sell,0xf0ee6b27b759c9893ce4f094b49ad28fd15a23e4,0x6cee14b61f39f2177c372c4d18f0d4698ee6a0ba33b2f4b74f77ee0ecb0927c2
222,700,0.9100707,0xf91de74033fde729d98b98546fb3692a8596d3c9,2017-10-29T15:15:34.000Z,0.001300101,0xfd26f25d6588b752a90e600aff038a654d64a42c,sell,0xf0ee6b27b759c9893ce4f094b49ad28fd15a23e4,0x2a1c4b52004347c18c58fbe1291aa5c555e0b9f6bac5ef5a2c6064b4744564d5
223,7.788,0.010202287788,0x442edd20fdaf8d00adb4a94665a1b2edfad915ef,2017-10-29T15:12:33.000Z,0.001310001,0xfd26f25d6588b752a90e600aff038a654d64a42c,sell,0xf0ee6b27b759c9893ce4f094b49ad28fd15a23e4,0x30eb41ee26a69bf0acc8545364d8bec6dd428d8578715b440a87735052d4a0f3
224,344.724,0.4482101448,0x0c9719fa4cdbcd3bd74f3bcb46b4be1910b498d7,2017-10-29T15:12:33.000Z,0.0013002,0xfd26f25d6588b752a90e600aff038a654d64a42c,sell,0xf0ee6b27b759c9893ce4f094b49ad28fd15a23e4,0x154efd3539730771adf13a28c45e4fe1b096d0c1a20a2c3a02540efb6556967b
225,110,0.14355,0xf767e1d8c7bad96423598b5de429044d5f5a578b,2017-10-29T14:33:09.000Z,0.001305,0xfd26f25d6588b752a90e600aff038a654d64a42c,sell,0xf0ee6b27b759c9893ce4f094b49ad28fd15a23e4,0xd4952d5bad5167ff2228aff0a6dda8b083accc8008a658d91d0e29b3437c407a
226,15.21165891,0.01992728838375891,0x442edd20fdaf8d00adb4a94665a1b2edfad915ef,2017-10-29T14:32:33.000Z,0.001310001,0xfd26f25d6588b752a90e600aff038a654d64a42c,sell,0xf0ee6b27b759c9893ce4f094b49ad28fd15a23e4,0x49571e7d02e79d6bd17a25dff49b15da3d45779d138cbf68805d8742b5995d3c
227,927.819,1.22472108,0x5ac724bf88976a1986fe42771eb27cc67f854690,2017-10-29T14:30:39.000Z,0.00132,0xfd26f25d6588b752a90e600aff038a654d64a42c,sell,0xf0ee6b27b759c9893ce4f094b49ad28fd15a23e4,0x107c2d718efdccdf23f74220a78e27cbb8950c95ad03469d43737c02eda2781c
228,259.003,0.34447399,0xc66bc5f26b7308d8746926c0b2b839bc120621c3,2017-10-29T14:30:39.000Z,0.00133,0xfd26f25d6588b752a90e600aff038a654d64a42c,sell,0xf0ee6b27b759c9893ce4f094b49ad28fd15a23e4,0x999200398127d1b1e0dceb32ded0b08659c0ce1a71904136248826d119d5734d
229,0.99650016,0.0013253452128,0xc66bc5f26b7308d8746926c0b2b839bc120621c3,2017-10-29T14:26:50.000Z,0.00133,0x145c0c81448f6d980c4f8f226fcb7616879a7ea4,sell,0xf0ee6b27b759c9893ce4f094b49ad28fd15a23e4,0xc18a81459f78399db1610d0aeb28782650af3456217e8f9e79d7c081e3b307b0
230,708.4836233,1.0060467450902204,0x291d9f2b9d876363f76690e1fbd2168c70d70c51,2017-10-29T14:13:32.000Z,0.0014200000000059569,0xfd26f25d6588b752a90e600aff038a654d64a42c,buy,0xf0ee6b27b759c9893ce4f094b49ad28fd15a23e4,0x75dca7b20bd1232e82587c9dbd509ed43f0a787791670f9313e5d5f8b29603d1
231,2.29078014,0.00323,0xc66bc5f26b7308d8746926c0b2b839bc120621c3,2017-10-29T13:45:22.000Z,0.0014100000011349845,0x2fffdbb338fa605b8d4d2152d5627121154367ea,buy,0xf0ee6b27b759c9893ce4f094b49ad28fd15a23e4,0x01669eaad74c5f6ec3d90e13cceef9d04cbfa615265b37d1a061379a23c8f84f
232,100,0.132,0x5ac724bf88976a1986fe42771eb27cc67f854690,2017-10-29T13:34:30.000Z,0.00132,0xfd26f25d6588b752a90e600aff038a654d64a42c,sell,0xf0ee6b27b759c9893ce4f094b49ad28fd15a23e4,0x9ff35e0632fffb54c0e3b7773a2dc6b6249ee4883c1255b586c659ee3ece2646
233,336.18055984,0.4437583389888,0x5ac724bf88976a1986fe42771eb27cc67f854690,2017-10-29T13:20:59.000Z,0.00132,0x03965cb44b832327543d719078a9e28a30cbfb5e,sell,0xf0ee6b27b759c9893ce4f094b49ad28fd15a23e4,0x202cc4e9bbb57a85e5685e2bd155eb1a54eafcea0c6b1c9d9a9147a9864df229
234,718.04261291,0.9334561148256129,0xd2c0c1146009a1a2021b46c074bed3939dee3d87,2017-10-29T13:19:19.000Z,0.001300001,0x03965cb44b832327543d719078a9e28a30cbfb5e,sell,0xf0ee6b27b759c9893ce4f094b49ad28fd15a23e4,0xfbdc9fdb82b46e9e7f0ad1d59292aeeb8f4eac91b3eee8d6dd37d4f1e70415f3
235,26,0.0351,0x5d2ba7d1f80e353b48ec8a214a21d1e3d6951a3a,2017-10-29T11:49:49.000Z,0.00135,0xfd26f25d6588b752a90e600aff038a654d64a42c,sell,0xf0ee6b27b759c9893ce4f094b49ad28fd15a23e4,0x8e122c1db5389d428f25dd06063fc43f3b1f1527c4585311f9f049527706f950
236,1640,2.337,0x3814a2f48bc96d73ef786b7b443e075c70617c76,2017-10-29T11:34:47.000Z,0.001425,0xbca32d1e5c27c003cd739fe756d0fda31604431b,buy,0xf0ee6b27b759c9893ce4f094b49ad28fd15a23e4,0xdd8464b0c3e2d6f2486d926960b114c48a9ab6f30bc29691fc0818d4ed8f0504
237,0.02981486,0.000040250061,0x3814a2f48bc96d73ef786b7b443e075c70617c76,2017-10-29T09:48:24.000Z,0.00135,0x5aeda141ceb7323825fb57f8c0fae9a0a97a1674,sell,0xf0ee6b27b759c9893ce4f094b49ad28fd15a23e4,0x0483758301a0f362513f24cde2a562a657f04b9670c2f1e6bbeb28295fe653dd
238,839.153,1.24194644,0xd8f8f42799817f335abdad9e584c4f52e94d4391,2017-10-29T06:08:59.000Z,0.00148,0xfd26f25d6588b752a90e600aff038a654d64a42c,sell,0xf0ee6b27b759c9893ce4f094b49ad28fd15a23e4,0x5af5ecbd15599d8c74d057d99b1a736634d9b42e1bcf03766b222f4d3cd376e6
239,136.8,0.19152,0x273a5d3e6721b9f5c1a6474f560c1334c63dda01,2017-10-29T06:06:22.000Z,0.0014,0xba5940750e625fc862fa99c88943ea1c6183cf2a,buy,0xf0ee6b27b759c9893ce4f094b49ad28fd15a23e4,0x754066f0b5660b8646c99b5f538334b9cbddc8354416d1e29811cf3906a37356
240,249.25,0.36889,0xd8f8f42799817f335abdad9e584c4f52e94d4391,2017-10-29T06:06:22.000Z,0.00148,0x273a5d3e6721b9f5c1a6474f560c1334c63dda01,sell,0xf0ee6b27b759c9893ce4f094b49ad28fd15a23e4,0xe178d1fa1a7a162b4e40f7fdb4a8738e4adabc2fead243fec623ac947892c606
241,136.3896,0.201856608,0xd8f8f42799817f335abdad9e584c4f52e94d4391,2017-10-29T06:06:22.000Z,0.00148,0x273a5d3e6721b9f5c1a6474f560c1334c63dda01,sell,0xf0ee6b27b759c9893ce4f094b49ad28fd15a23e4,0x754066f0b5660b8646c99b5f538334b9cbddc8354416d1e29811cf3906a37356
242,1930.99999999,2.7516749999857506,0xd2ea382e498316d91b9de8557670149b479721a0,2017-10-29T06:06:22.000Z,0.0014250000000000003,0x48737bd0d7f24f3bb7c778e4e3074634765034a6,buy,0xf0ee6b27b759c9893ce4f094b49ad28fd15a23e4,0x1c0b3339b889cf7eaa1d50d2f79943ef78671a6f19ccba0f23f607e3f66e0199
243,1925.20699999,2.8493063599852,0xd8f8f42799817f335abdad9e584c4f52e94d4391,2017-10-29T06:06:22.000Z,0.00148,0xd2ea382e498316d91b9de8557670149b479721a0,sell,0xf0ee6b27b759c9893ce4f094b49ad28fd15a23e4,0x1c0b3339b889cf7eaa1d50d2f79943ef78671a6f19ccba0f23f607e3f66e0199
244,250,0.34875,0x273a5d3e6721b9f5c1a6474f560c1334c63dda01,2017-10-29T06:06:22.000Z,0.001395,0xe14c89d953f1b4fb09866db9cf6e76193d1a7501,buy,0xf0ee6b27b759c9893ce4f094b49ad28fd15a23e4,0xe178d1fa1a7a162b4e40f7fdb4a8738e4adabc2fead243fec623ac947892c606
245,4.67,0.0069116,0xd8f8f42799817f335abdad9e584c4f52e94d4391,2017-10-29T06:02:38.000Z,0.00148,0xfd26f25d6588b752a90e600aff038a654d64a42c,sell,0xf0ee6b27b759c9893ce4f094b49ad28fd15a23e4,0xf34b19b4b36314b463febdcf4c4a3cc4139f3044e82b538885714e2156d9c632
246,281.95738709,0.3665448851743871,0xd2c0c1146009a1a2021b46c074bed3939dee3d87,2017-10-29T05:34:48.000Z,0.001300001,0xc2a014d77abd9a31d7e812d36620ee08ce89b1eb,sell,0xf0ee6b27b759c9893ce4f094b49ad28fd15a23e4,0x9856121085f46b64c543b3bbc6e406f884dc4f9db4bfdaaca4d1c5f935b62c6c
247,400,0.52008,0xdd8c5bfe09d6f2a8b9054ffd83da98f52f26c15c,2017-10-29T05:32:42.000Z,0.0013002,0xc2a014d77abd9a31d7e812d36620ee08ce89b1eb,sell,0xf0ee6b27b759c9893ce4f094b49ad28fd15a23e4,0x43d9f12fccad5887fff60dd984ae916083a6ca3a7d00903be6721269a2a0e832
248,234.515,0.304916403,0x0c9719fa4cdbcd3bd74f3bcb46b4be1910b498d7,2017-10-29T05:29:47.000Z,0.0013002,0xc2a014d77abd9a31d7e812d36620ee08ce89b1eb,sell,0xf0ee6b27b759c9893ce4f094b49ad28fd15a23e4,0x106cb0929c0f38acc5d51d3db2a0f215a9afad5af60828dcaddae8dd744cb80a
249,189.76080722,0.246727001547444,0x0c9719fa4cdbcd3bd74f3bcb46b4be1910b498d7,2017-10-29T02:25:12.000Z,0.0013002,0xfd26f25d6588b752a90e600aff038a654d64a42c,sell,0xf0ee6b27b759c9893ce4f094b49ad28fd15a23e4,0xc8fa9cc1f47e3a8a7b2288cd8dbcbd95fb0c5d8caa95dffd6e7d394f7a28d401
250,1504,1.970241504,0x56059c8353d9149fd858dea3f92953d1a9bb1b80,2017-10-29T02:22:35.000Z,0.001310001,0xfd26f25d6588b752a90e600aff038a654d64a42c,sell,0xf0ee6b27b759c9893ce4f094b49ad28fd15a23e4,0x466eebe6a187ec73fce5a4d050498f9dac0aa01434e2883ae8f59d12a0efac14
251,5400,7.101,0x06e5d89c0f275194bcf2dc3848c1031762e48a0b,2017-10-29T02:21:48.000Z,0.001315,0xfd26f25d6588b752a90e600aff038a654d64a42c,sell,0xf0ee6b27b759c9893ce4f094b49ad28fd15a23e4,0xdb1f878e330fad4350f84e49fd8efdea830b7789a87f1672766db2ef0be74e74
252,2000,2.63,0x06e5d89c0f275194bcf2dc3848c1031762e48a0b,2017-10-29T02:20:41.000Z,0.001315,0xfd26f25d6588b752a90e600aff038a654d64a42c,sell,0xf0ee6b27b759c9893ce4f094b49ad28fd15a23e4,0x3c584ce2b9e3c8aee57ab60b2670fc183e0bcdc0f7a46de6b2ced27b4ec2b014
253,200,0.2700002,0x5f0ab7f2422038ad38a818a9f7a4ea4f832e1dbe,2017-10-29T02:17:16.000Z,0.001350001,0xfd26f25d6588b752a90e600aff038a654d64a42c,sell,0xf0ee6b27b759c9893ce4f094b49ad28fd15a23e4,0x0f87bea87de4da1c2131416a4d65e691e1af3fd14fb91a38ff1eab4bd9337756
254,100,0.135,0x1319072e7048de2910ff4fe540c83177d0f4ef85,2017-10-29T02:17:16.000Z,0.00135,0xfd26f25d6588b752a90e600aff038a654d64a42c,sell,0xf0ee6b27b759c9893ce4f094b49ad28fd15a23e4,0x2e8ebb050ee0fb3eec18dc3a803c13b5d92ef7a8e26f7b754bfc582ecdf970a2
255,83.76367614,0.11483999998794,0x1df122223b8835ad5ddd5e358e41eece2959e7cb,2017-10-29T02:16:18.000Z,0.001371,0xfd26f25d6588b752a90e600aff038a654d64a42c,sell,0xf0ee6b27b759c9893ce4f094b49ad28fd15a23e4,0x0d8b49288867ecc6a7ede5130bfc7381330f562efc6d970ad2d82835b1f12232
256,730,1.0001,0xef6274bb851c1f56f699d4a4b167a4764599095d,2017-10-29T02:15:55.000Z,0.00137,0xfd26f25d6588b752a90e600aff038a654d64a42c,sell,0xf0ee6b27b759c9893ce4f094b49ad28fd15a23e4,0x04aed6c4f4d2cb3dee74313cf6d55e205b38d68631c6a3bfb95c76a16bd91441
257,1195.693,1.639295103,0xa309340e09922b251dd6693c9cdd22929186b096,2017-10-29T02:15:00.000Z,0.001371,0xfd26f25d6588b752a90e600aff038a654d64a42c,sell,0xf0ee6b27b759c9893ce4f094b49ad28fd15a23e4,0xba475b7518d425db25c1d2789ccb1ae980990a4b8b3d4d1c3081375c22f5aa64
258,1796.15353721,2.5325585259439163,0x877f11895defdaa53b5b56f8f298cc6062438c8e,2017-10-29T00:52:44.000Z,0.0014099900000073425,0x8c16c8fe98a50b515cf8268090bcb8886b241908,buy,0xf0ee6b27b759c9893ce4f094b49ad28fd15a23e4,0x200546c1d5f22cab5955734205b4efff0689d1f37e0eafe5d88353c3e9c9579e
259,3.84646278,0.005423474056083821,0x877f11895defdaa53b5b56f8f298cc6062438c8e,2017-10-29T00:47:09.000Z,0.0014099900002370023,0x8c16c8fe98a50b515cf8268090bcb8886b241908,buy,0xf0ee6b27b759c9893ce4f094b49ad28fd15a23e4,0x0eace146afadf806f6b13c46ac47c19d5c1d2c77f49d6b5ddbda34cf5645bd8e
260,2804.30664938,3.84470441629998,0xa309340e09922b251dd6693c9cdd22929186b096,2017-10-29T00:28:55.000Z,0.001371,0xfd0fe438cf033aab2a6998a95f2614d231ab8e04,sell,0xf0ee6b27b759c9893ce4f094b49ad28fd15a23e4,0x8531ad1b277a92ad2b2d0e3c5989a532168f84c2dfbb90e0a00128041ddc054b
261,6933.56667331,9.499693566235377,0x5f0e787054e5e2d7d8fbeeec53828fcba9598240,2017-10-29T00:21:30.000Z,0.001370102,0x98b8f889dbe2b5c4c5879f65e13b24012f2afdce,sell,0xf0ee6b27b759c9893ce4f094b49ad28fd15a23e4,0x2988af7db9abf9412b41fda79891cfdff21c73e8591d8c6035d4de56f1299f1a
262,300.06280859,0.4117164797291476,0xfadf2dfe5087306c5b5fe7272ee3d1a5a1417287,2017-10-28T23:40:56.000Z,0.001372101,0xfd0fe438cf033aab2a6998a95f2614d231ab8e04,sell,0xf0ee6b27b759c9893ce4f094b49ad28fd15a23e4,0x3891486fb5e1d0a6dfb5a19826dffe2d27ed1d06bb7b01b6e8636c77db236064
263,500,0.6865,0xb9e02382363e9536733d3a5338eaa4593320df04,2017-10-28T23:40:15.000Z,0.001373,0xfd0fe438cf033aab2a6998a95f2614d231ab8e04,sell,0xf0ee6b27b759c9893ce4f094b49ad28fd15a23e4,0x944882b143c3dbecf6345fea313ad425d6f328048fb217e49105bc71b5e05abe
264,169,0.23322,0xd3a5e587ff77541e849f85f6dc00abf4080b989a,2017-10-28T23:40:15.000Z,0.00138,0xfd0fe438cf033aab2a6998a95f2614d231ab8e04,sell,0xf0ee6b27b759c9893ce4f094b49ad28fd15a23e4,0x4b7bb69781b859cf4aad5cc1567fa48619e1b4dc104f2af0705be837a9af0993
265,57.82075565,0.07922027513682064,0x4f467e8687fe16f6034e379be5aa4cec2248f443,2017-10-28T21:05:36.000Z,0.001370101,0x9fddebd6b7c822f6594d3a9b46a47fcb6841e2ce,sell,0xf0ee6b27b759c9893ce4f094b49ad28fd15a23e4,0x66960d42a685322ab555894e41bde00a728557405374d1a530d3adbc014634ed
266,0.35460992,0.0005,0x34f9560c63078eb61872a4dc2ccd20e21c34feaf,2017-10-28T20:31:18.000Z,0.001410000036096001,0x2fffdbb338fa605b8d4d2152d5627121154367ea,buy,0xf0ee6b27b759c9893ce4f094b49ad28fd15a23e4,0x30f08e3ee69e546442a0f15b02631c142d24841bc0df0137f922d92966a5f830
267,0.35460992,0.0005,0xe444a40689f51f63bcd29910622035707d533d29,2017-10-28T20:22:45.000Z,0.001410000036096001,0x2fffdbb338fa605b8d4d2152d5627121154367ea,buy,0xf0ee6b27b759c9893ce4f094b49ad28fd15a23e4,0x14b8b5373ac214e068bae2aec01529c0a993cd39b48a1f6d70458bd1f1bb10d8
268,450,0.63,0x103658087450389e8edec7117e8ec2ecedb699b0,2017-10-28T20:11:40.000Z,0.0014,0xd20e2e0a0c6f63ad4f9b0f3b1c217ba37ef1b5e1,sell,0xf0ee6b27b759c9893ce4f094b49ad28fd15a23e4,0xdc7d8ab464d04a1668b8f4831ac2564e2607cc57c82460b393566ac2a716d574
269,793.922067,1.089341262052767,0xfadf2dfe5087306c5b5fe7272ee3d1a5a1417287,2017-10-28T19:57:20.000Z,0.001372101,0x273a5d3e6721b9f5c1a6474f560c1334c63dda01,sell,0xf0ee6b27b759c9893ce4f094b49ad28fd15a23e4,0xd8d33f0c4d46555ef8820857131a52454b7428e4360cb8d73f35c3b1c29d2e9e
270,796.311,1.0352043,0x273a5d3e6721b9f5c1a6474f560c1334c63dda01,2017-10-28T19:57:20.000Z,0.0013,0xad8ee158866fe3075825b475c46ac865b288c79f,buy,0xf0ee6b27b759c9893ce4f094b49ad28fd15a23e4,0xd8d33f0c4d46555ef8820857131a52454b7428e4360cb8d73f35c3b1c29d2e9e
271,99.49028312,0.1402812991992,0x0c214a7f6afa9b8cd7cec06caa91868f6a16ebbd,2017-10-28T19:44:51.000Z,0.00141,0x273a5d3e6721b9f5c1a6474f560c1334c63dda01,sell,0xf0ee6b27b759c9893ce4f094b49ad28fd15a23e4,0x603d166f8dc02c213fd12487c0100125f1d29ef1524c460a2ede7d58398c8c23
272,99.78965208,0.1387076163912,0x273a5d3e6721b9f5c1a6474f560c1334c63dda01,2017-10-28T19:44:51.000Z,0.00139,0xad8ee158866fe3075825b475c46ac865b288c79f,buy,0xf0ee6b27b759c9893ce4f094b49ad28fd15a23e4,0x603d166f8dc02c213fd12487c0100125f1d29ef1524c460a2ede7d58398c8c23
273,0.21034792,0.0002965905672,0x0c214a7f6afa9b8cd7cec06caa91868f6a16ebbd,2017-10-28T18:42:22.000Z,0.00141,0x2d6aa4304966cbd3fb30d8497e35a5e1ea4ef72f,sell,0xf0ee6b27b759c9893ce4f094b49ad28fd15a23e4,0xf89e393b78d56adb7b8d9b6bd544844d59f2be089efcb92b401bdad718bdd828
274,303.80818838,0.4168251382655484,0xfadf2dfe5087306c5b5fe7272ee3d1a5a1417287,2017-10-28T16:46:34.000Z,0.001372001,0x1ed014aec47fae44c9e55bac7662c0b78ae61798,sell,0xf0ee6b27b759c9893ce4f094b49ad28fd15a23e4,0x6d2a535a19df4d86e6fbcea4b64a78472ae904cf0f63681aaa128ebdef7238ba
275,0.23170553,0.00031766851333553,0xfadf2dfe5087306c5b5fe7272ee3d1a5a1417287,2017-10-28T15:07:20.000Z,0.001371001,0xe1089b57bf22df59f18fc13765ceeb5f80bf5181,sell,0xf0ee6b27b759c9893ce4f094b49ad28fd15a23e4,0x3f1321dfc04989a1e0db2c81799d5668656b6efb0d2a719a9e2baa114f8a7574
276,2324.238062,3.186532707240062,0xfadf2dfe5087306c5b5fe7272ee3d1a5a1417287,2017-10-28T15:06:14.000Z,0.001371001,0xe1089b57bf22df59f18fc13765ceeb5f80bf5181,sell,0xf0ee6b27b759c9893ce4f094b49ad28fd15a23e4,0xc30398a37a1d8480d0a64f449069bf2f63c9d9552f6573f0ec70f1e51d826936
277,30,0.0414,0xb2a58e12d6b5fa9dbaf4fc5ae6c3435ab6e01354,2017-10-28T15:05:33.000Z,0.00138,0xe1089b57bf22df59f18fc13765ceeb5f80bf5181,sell,0xf0ee6b27b759c9893ce4f094b49ad28fd15a23e4,0x9b9fd9b7b3f877baa59aadb139bdd81019067e1ca030d3b292acebadd98f6c33
278,724.6,0.999948,0x0c9719fa4cdbcd3bd74f3bcb46b4be1910b498d7,2017-10-28T15:03:25.000Z,0.00138,0xe1089b57bf22df59f18fc13765ceeb5f80bf5181,sell,0xf0ee6b27b759c9893ce4f094b49ad28fd15a23e4,0xe4a19b11c5aceb76c01c59cd5630d37556bea0c18a775359bc111ab484e0d206
279,361,0.499985,0x07af7e740936a86cd6a1037dfa013f7df9858e4a,2017-10-28T15:01:43.000Z,0.001385,0xe1089b57bf22df59f18fc13765ceeb5f80bf5181,sell,0xf0ee6b27b759c9893ce4f094b49ad28fd15a23e4,0xff1517a66238ff75ca90568ad45e606601501a4eafee03534f557af6785c759d
280,5230,7.24355,0x06e5d89c0f275194bcf2dc3848c1031762e48a0b,2017-10-28T15:01:24.000Z,0.001385,0xe1089b57bf22df59f18fc13765ceeb5f80bf5181,sell,0xf0ee6b27b759c9893ce4f094b49ad28fd15a23e4,0xe908b6114e5187ce819058b1d61fdde2b07c84f4efbcb1001f0191e1e618fcb7
281,1300,1.82,0x3e2c88a2339c0154744c6bee2176e19cbe474703,2017-10-28T15:01:08.000Z,0.0014,0xe1089b57bf22df59f18fc13765ceeb5f80bf5181,sell,0xf0ee6b27b759c9893ce4f094b49ad28fd15a23e4,0xf54af7180e7e5f8ac38f8c214e51e8d1d421badb19ddd2499f33ea72d7f6ab3f
282,887.44,1.2512904,0xfd26f25d6588b752a90e600aff038a654d64a42c,2017-10-28T12:50:36.000Z,0.00141,0x9352b7829b1cf9ec67ac7dd74ccfefdbfe14af56,buy,0xf0ee6b27b759c9893ce4f094b49ad28fd15a23e4,0xf5009040e16e6900e26426e123c32a8fa3ddfb30a2d02e98dd78db5b56cb64ea
283,100,0.1409,0x9fbbb37464f08f89bf261d1bf9a9b0694acf3369,2017-10-28T12:48:18.000Z,0.001409,0xfd26f25d6588b752a90e600aff038a654d64a42c,buy,0xf0ee6b27b759c9893ce4f094b49ad28fd15a23e4,0x5e6917454c9b323627d4e4fccbb2afd562296cd1d53b5d8ac581fe28752b1632
284,286.2,0.4006802862,0xc0663f6730271424a51b9f5870aedecb0a57788c,2017-10-28T12:02:55.000Z,0.001400001,0xfd26f25d6588b752a90e600aff038a654d64a42c,sell,0xf0ee6b27b759c9893ce4f094b49ad28fd15a23e4,0x9ef0facb45430a08b969c23fcfdf6d3008a48df4accb9a908bbf039b5506c1e2
285,46.8157903,0.06554210642,0xe64a8bc0caea2908afec497613efffe365535ef2,2017-10-28T12:02:55.000Z,0.0014,0xfd26f25d6588b752a90e600aff038a654d64a42c,sell,0xf0ee6b27b759c9893ce4f094b49ad28fd15a23e4,0x323d9e615711a93024165bdd7bed57a4bc1be592635fe9a200e9d9b923eb03f3
286,1000,1.47,0xb018b36936814639d6cad03146d8b5e48a20e71d,2017-10-28T11:21:59.000Z,0.00147,0xfd26f25d6588b752a90e600aff038a654d64a42c,buy,0xf0ee6b27b759c9893ce4f094b49ad28fd15a23e4,0xcc0636ab91e5c1df3fe128986529596ad23bb00da096e1cfce8c4e34e1420a5a
287,1,0.0014899999,0x46eb10fba3445da29ba2e767ba34685c7642c153,2017-10-28T09:56:59.000Z,0.0014899999,0x003593f9d633e8a246d71abc608c7a187e16e934,buy,0xf0ee6b27b759c9893ce4f094b49ad28fd15a23e4,0x4a11497541aa15e65395ead00c521e9bf3a5c97bba816e06e269d21edd5db922
288,283.29677998,0.396615491972,0xeaadb8e3430499393cd5049ae01efe8ac7bc93f6,2017-10-28T05:56:08.000Z,0.0014,0xea50c3e3af66ca485899dcdb5c6a6f57946e1da1,sell,0xf0ee6b27b759c9893ce4f094b49ad28fd15a23e4,0x86a004d4bd5c640346464a39d01b218dc1c3f06c94f76dfd3fbe56460c94e9f5
289,275,0.39875,0xfd6762464ed9b4b6ddff12006c0c310cef9c82e8,2017-10-28T05:53:39.000Z,0.00145,0xea50c3e3af66ca485899dcdb5c6a6f57946e1da1,sell,0xf0ee6b27b759c9893ce4f094b49ad28fd15a23e4,0x81e1c26914ab0b8d4bad4ee731d21681e514b1a7729cdf7c311a2a5561258b2d
290,1900,2.907,0x70196fc249465a2c7b31d753cbe61e5a25cf5bca,2017-10-28T02:58:56.000Z,0.00153,0xfd26f25d6588b752a90e600aff038a654d64a42c,buy,0xf0ee6b27b759c9893ce4f094b49ad28fd15a23e4,0x40df218d02ae6067e855b3cbdf689ee2250b0ba948660c7d0a228313482a8531
291,339.70984555,0.5163589652432568,0x70196fc249465a2c7b31d753cbe61e5a25cf5bca,2017-10-28T02:53:51.000Z,0.0015200000000213617,0x0c9719fa4cdbcd3bd74f3bcb46b4be1910b498d7,buy,0xf0ee6b27b759c9893ce4f094b49ad28fd15a23e4,0x893f08d3f5a44ec5329e2e83af7e0d12742fa0aa1ab38efa57c2823273f4c596
292,806.7,1.20198291933,0x70196fc249465a2c7b31d753cbe61e5a25cf5bca,2017-10-28T02:47:04.000Z,0.0014899999,0xafd57d4a6164a85c3dcd0331d35f728d271a691d,buy,0xf0ee6b27b759c9893ce4f094b49ad28fd15a23e4,0x5e5af006733999532dc63480775782dbe6f2cb41b6cb99a8509e0c5f51d83acc
293,28.91037782,0.040474528948,0xe64a8bc0caea2908afec497613efffe365535ef2,2017-10-28T01:31:32.000Z,0.0014,0x354f80b320314d056ed037151c17536be72977f5,sell,0xf0ee6b27b759c9893ce4f094b49ad28fd15a23e4,0xaf6baa7c76006d15a4187fc2686bd088f7d49306a057d9144c21e2251c5f4f90
294,6.90930498,0.01029486442029708,0x1dee2db59bcc33a11764b668292d3b2f40f8990c,2017-10-28T01:30:53.000Z,0.0014900000000140504,0xfd26f25d6588b752a90e600aff038a654d64a42c,buy,0xf0ee6b27b759c9893ce4f094b49ad28fd15a23e4,0xfea20bca6ba835159480fa58a4a0b9ab57301189a7f9b7014611e58c391f38ad
295,2492.27383188,3.489183364632,0xe64a8bc0caea2908afec497613efffe365535ef2,2017-10-28T00:44:04.000Z,0.0014,0x1f7609f39f64108b7fd0acfdb120416cbe1a6b4e,sell,0xf0ee6b27b759c9893ce4f094b49ad28fd15a23e4,0xa4b9ed3784a519393efeaf292e96798416cc11d85584081108db08d6e0303612
296,249.9,0.3748497501,0x6e562ae36a18f65897dddc9fc92b0b358776d171,2017-10-28T00:34:26.000Z,0.001499999,0xafd57d4a6164a85c3dcd0331d35f728d271a691d,buy,0xf0ee6b27b759c9893ce4f094b49ad28fd15a23e4,0x8b365f26dec4a066996603633d6374ed2dd99cd0f925d1cae2df022cdcd0fc22
297,427.20566244,0.6157144330482744,0x6e562ae36a18f65897dddc9fc92b0b358776d171,2017-10-28T00:12:20.000Z,0.00144126,0x9352b7829b1cf9ec67ac7dd74ccfefdbfe14af56,sell,0xf0ee6b27b759c9893ce4f094b49ad28fd15a23e4,0x17ce9d4dccde7b79c8431ef519781040ba954edf23568097541e47fb56435c99
298,427.20566244,0.6157144330482744,0x6e562ae36a18f65897dddc9fc92b0b358776d171,2017-10-28T00:12:11.000Z,0.00144126,0x9352b7829b1cf9ec67ac7dd74ccfefdbfe14af56,sell,0xf0ee6b27b759c9893ce4f094b49ad28fd15a23e4,0x17ce9d4dccde7b79c8431ef519781040ba954edf23568097541e47fb56435c99
299,25,0.03825,0x0a5d0c6910d52715abaec240d167add3c2dce207,2017-10-27T22:23:51.000Z,0.00153,0x2327a6444cd8db310df525872f79dd6f032dffa0,buy,0xf0ee6b27b759c9893ce4f094b49ad28fd15a23e4,0xbf3a80edbd1f929a031a474b1815df6e932c457e52ef74a9be82758156c2ae24
300,38.29015444,0.05820103475674326,0xa53194e5e67e9eade3cfc81a6b5e426a46c58dfe,2017-10-27T22:09:33.000Z,0.001520000000207449,0x0c9719fa4cdbcd3bd74f3bcb46b4be1910b498d7,buy,0xf0ee6b27b759c9893ce4f094b49ad28fd15a23e4,0xd854068c425bc14bc6ba3635a483cebee6261b9034f1a1930c3d12acdeeddbeb
301,280,0.4256,0xe5ee749936c6e08a8d6a1883c808a7848d8f678e,2017-10-27T21:20:40.000Z,0.00152,0x0c9719fa4cdbcd3bd74f3bcb46b4be1910b498d7,buy,0xf0ee6b27b759c9893ce4f094b49ad28fd15a23e4,0x25a385b7c4797181a162f09cc75a520afda0f2e73024aab71a95b0f88948f56d
302,250,0.384955,0xe0116a17df8ad675b1e6a14dd0420168db76ca8a,2017-10-27T21:03:30.000Z,0.00153982,0xd20e2e0a0c6f63ad4f9b0f3b1c217ba37ef1b5e1,buy,0xf0ee6b27b759c9893ce4f094b49ad28fd15a23e4,0x610e7b21f336161553a82779d7b56efffbba84b304e242a35c4b349fa0c01b05
303,5000,7,0xfa45c6991a2c3d74ada3a279e21135133ce3da8a,2017-10-27T19:11:33.000Z,0.0014,0x26b1fb844799fb53b505be2ba7df057c5c899014,sell,0xf0ee6b27b759c9893ce4f094b49ad28fd15a23e4,0x0455f37f45e4223e832d4bba11d6c7fd1a7fa0824851101daf99dfef9c708755
304,709,0.999690709,0x0c9719fa4cdbcd3bd74f3bcb46b4be1910b498d7,2017-10-27T19:11:25.000Z,0.001410001,0x26b1fb844799fb53b505be2ba7df057c5c899014,sell,0xf0ee6b27b759c9893ce4f094b49ad28fd15a23e4,0xb2af20260d5d7206f3e8d3b9bd7f5a3ade6bb141a5ed64a62f1da9367db8b60d
305,483.309,0.681472456326,0x56059c8353d9149fd858dea3f92953d1a9bb1b80,2017-10-27T19:11:25.000Z,0.001410014,0x26b1fb844799fb53b505be2ba7df057c5c899014,sell,0xf0ee6b27b759c9893ce4f094b49ad28fd15a23e4,0x463c5f87dfaea4f6334fa44aed5e7528a2e42ebcd30efbd9d9fe7ecd15c531d0
306,29.72551543,0.04191333346248516,0x4be7bced82b314ad60dc69274a75757e7d5d93a3,2017-10-27T19:11:25.000Z,0.001410012,0x26b1fb844799fb53b505be2ba7df057c5c899014,sell,0xf0ee6b27b759c9893ce4f094b49ad28fd15a23e4,0x0c34bb58071c903c6e98f93f053db05a71a38001ded97273955672d459b2f134
307,99.69095804,0.14056564650981257,0x56059c8353d9149fd858dea3f92953d1a9bb1b80,2017-10-27T18:57:10.000Z,0.001410014,0xc0998c780e0e3c13791c5a32721380d4b8e4c105,sell,0xf0ee6b27b759c9893ce4f094b49ad28fd15a23e4,0x38c3c38325842ffb592047431180079569875e183df757c6ddd4dc93823dbbc5
308,112.81186733,0.17372914757350508,0xc66bc5f26b7308d8746926c0b2b839bc120621c3,2017-10-27T18:54:35.000Z,0.0015399900000352656,0xd20e2e0a0c6f63ad4f9b0f3b1c217ba37ef1b5e1,buy,0xf0ee6b27b759c9893ce4f094b49ad28fd15a23e4,0xe8d65d4264bbdba91ad04662b2e3a8faef293b8330e430ea0d4682f079eb3bfc
309,32.730513,0.05073229515,0xc66bc5f26b7308d8746926c0b2b839bc120621c3,2017-10-27T18:53:19.000Z,0.00155,0x273a5d3e6721b9f5c1a6474f560c1334c63dda01,sell,0xf0ee6b27b759c9893ce4f094b49ad28fd15a23e4,0x6b5128a98c398f7af701873df4096e42ac1632a2fc79ab3c57c7c030f44fa101
310,32.829,0.0492435,0x273a5d3e6721b9f5c1a6474f560c1334c63dda01,2017-10-27T18:53:19.000Z,0.0015,0x3bff545dceb70fdd033314ab844a6793dedf821c,buy,0xf0ee6b27b759c9893ce4f094b49ad28fd15a23e4,0x6b5128a98c398f7af701873df4096e42ac1632a2fc79ab3c57c7c030f44fa101
311,50,0.07050075,0xd06b1f3682f1ff098c59b3f0a7c3058f0c1e6621,2017-10-27T18:26:37.000Z,0.001410015,0x26b1fb844799fb53b505be2ba7df057c5c899014,sell,0xf0ee6b27b759c9893ce4f094b49ad28fd15a23e4,0xc7d48e86dda8b8187444772bb528baa40eb55803da2240ee69ff61605b144728
312,1400,1.97414,0x35aa8680b1ca1cc4256e618475f84f71ad161b52,2017-10-27T18:25:45.000Z,0.0014101,0x26b1fb844799fb53b505be2ba7df057c5c899014,sell,0xf0ee6b27b759c9893ce4f094b49ad28fd15a23e4,0x47be470157fcecf84bc6a3bb7a939faaeac31c7d7fcf516a2851c37782a05f42
313,5781.356,8.152295876956,0x5f0e787054e5e2d7d8fbeeec53828fcba9598240,2017-10-27T18:25:30.000Z,0.001410101,0x26b1fb844799fb53b505be2ba7df057c5c899014,sell,0xf0ee6b27b759c9893ce4f094b49ad28fd15a23e4,0xbcdfaa928e12613aa9c805357ef53609100e0e344cf42d523121c37ab05e7ef3
314,62.22597758,0.08774522434142348,0x6965a6bb1da52e8678f1cc789492c9203226bf30,2017-10-27T18:25:24.000Z,0.001410106,0x26b1fb844799fb53b505be2ba7df057c5c899014,sell,0xf0ee6b27b759c9893ce4f094b49ad28fd15a23e4,0xee132428dd3ae3ad524b15a7b6611266ad1dd2b70f9f1e608cf48f207ac6a82c
315,1414.271,1.994267779913,0xfa45c6991a2c3d74ada3a279e21135133ce3da8a,2017-10-27T18:25:24.000Z,0.001410103,0x26b1fb844799fb53b505be2ba7df057c5c899014,sell,0xf0ee6b27b759c9893ce4f094b49ad28fd15a23e4,0x72208b7fb269ace98240a35cd37c8279a347f0003598c653bd402cdbea67ac50
316,2124,2.995056648,0x10ef809ea228778121f8ec67cfc2bbf0b78933a4,2017-10-27T18:25:24.000Z,0.001410102,0x26b1fb844799fb53b505be2ba7df057c5c899014,sell,0xf0ee6b27b759c9893ce4f094b49ad28fd15a23e4,0xcd8b31713d06dcd61d8c31830038f26c3a5aa19f91495dd77e84c5df0abddbf7
317,337.94275404,0.47653510512832825,0x6965a6bb1da52e8678f1cc789492c9203226bf30,2017-10-27T17:58:07.000Z,0.001410106,0x30617e149f48246ffc02c9fa2efb03a53df4ef05,sell,0xf0ee6b27b759c9893ce4f094b49ad28fd15a23e4,0x6164147d27c56cda8c6025ce6eea830f4dd0146e73d9c4f9725fc179fa6848b4
318,35,0.0525,0x55ebcb84dca2e53a3df1442f51b0e762ee5c1b9e,2017-10-27T16:55:54.000Z,0.0015,0x3bff545dceb70fdd033314ab844a6793dedf821c,buy,0xf0ee6b27b759c9893ce4f094b49ad28fd15a23e4,0x1aa0dfa3b95fc0436120ef0f9c4c889d0286e16e13b2af6804c64b51a471ce6f
319,0.42051874,0.00059297389579274,0x5f0e787054e5e2d7d8fbeeec53828fcba9598240,2017-10-27T14:48:05.000Z,0.001410101,0x39fd60c5d585644e2d6084b0d659adbe86d450ed,sell,0xf0ee6b27b759c9893ce4f094b49ad28fd15a23e4,0x53557360a8668324fde88a12360ad6a7bf30c1a1770660f9fe5862db304da2c6
320,4218.22340743,5.94812104504045,0x5f0e787054e5e2d7d8fbeeec53828fcba9598240,2017-10-27T14:47:44.000Z,0.001410101,0x39fd60c5d585644e2d6084b0d659adbe86d450ed,sell,0xf0ee6b27b759c9893ce4f094b49ad28fd15a23e4,0xbc1899e887720e3d8f9057d9a1bd2d2cb173922492202a19a568123ad1c6c0b4
321,666.7,0.9433805,0x0c9719fa4cdbcd3bd74f3bcb46b4be1910b498d7,2017-10-27T14:46:20.000Z,0.001415,0x39fd60c5d585644e2d6084b0d659adbe86d450ed,sell,0xf0ee6b27b759c9893ce4f094b49ad28fd15a23e4,0x7dd89fa856081b4fc896b1acaa7bf32f0aa327cbc01a839503c5a8c4019ce7b6
322,40,0.0566,0x0c9719fa4cdbcd3bd74f3bcb46b4be1910b498d7,2017-10-27T14:09:11.000Z,0.001415,0xfc73413d8dcc28d271cde376835edf6690fa91a8,sell,0xf0ee6b27b759c9893ce4f094b49ad28fd15a23e4,0x507764be582646de3fd79b208b27229d05d2946e47cddb933fb01bcb4f4a70f7
323,100,0.154,0xfc73413d8dcc28d271cde376835edf6690fa91a8,2017-10-27T14:02:58.000Z,0.00154,0xbca32d1e5c27c003cd739fe756d0fda31604431b,buy,0xf0ee6b27b759c9893ce4f094b49ad28fd15a23e4,0x428d4c2dd9a52223f9802057fde3f46cf0dcc6a6f252a65f79798c871d134a57
324,586.63315644,0.833019082157248,0xc0663f6730271424a51b9f5870aedecb0a57788c,2017-10-27T13:07:44.000Z,0.0014200000000212194,0xfd26f25d6588b752a90e600aff038a654d64a42c,buy,0xf0ee6b27b759c9893ce4f094b49ad28fd15a23e4,0xd38d6d6375168c7b5c34931351b98e2b746b4955baf2501ac324f246f2991375
325,2000,2.820028,0x56059c8353d9149fd858dea3f92953d1a9bb1b80,2017-10-27T12:03:43.000Z,0.001410014,0xfd26f25d6588b752a90e600aff038a654d64a42c,sell,0xf0ee6b27b759c9893ce4f094b49ad28fd15a23e4,0xbd6d3cda303cd34ac8b62b1b9f4b29d27f375bcfeaaf59441090a3bc197a1930
326,100,0.1415,0x9f1dd61498233ceb52f977246e0ab20453d6a5a6,2017-10-27T12:03:30.000Z,0.001415,0xfd26f25d6588b752a90e600aff038a654d64a42c,sell,0xf0ee6b27b759c9893ce4f094b49ad28fd15a23e4,0x37a67cf35f3365832a51a92c2f25c067aec6cbbba755df9de51b2224d2d3e44a
327,178.7,0.2676926,0xd2ea382e498316d91b9de8557670149b479721a0,2017-10-27T10:51:40.000Z,0.001498,0x2d1204d83b9182c5755ad06c1c24767786527928,buy,0xf0ee6b27b759c9893ce4f094b49ad28fd15a23e4,0xb61264a8a77dbdbda820978900f23bee79320d515bd9919300a75d82bef038a2
328,178.1639,0.270810909639,0x4f467e8687fe16f6034e379be5aa4cec2248f443,2017-10-27T10:51:40.000Z,0.00152001,0xd2ea382e498316d91b9de8557670149b479721a0,sell,0xf0ee6b27b759c9893ce4f094b49ad28fd15a23e4,0xb61264a8a77dbdbda820978900f23bee79320d515bd9919300a75d82bef038a2
329,117,0.168598638,0x4be7bced82b314ad60dc69274a75757e7d5d93a3,2017-10-27T10:32:48.000Z,0.001441014,0xfd26f25d6588b752a90e600aff038a654d64a42c,sell,0xf0ee6b27b759c9893ce4f094b49ad28fd15a23e4,0xb8e9cce570108fdb4fb51fcfac13638b0f49def99e08309b353256a9d649d6d5
330,2977.17769106,4.290348249855054,0x65a83820d3a8cd3c72e1b7f8b9e95c1571f0b062,2017-10-27T10:30:54.000Z,0.001441079,0xfd26f25d6588b752a90e600aff038a654d64a42c,sell,0xf0ee6b27b759c9893ce4f094b49ad28fd15a23e4,0xcbe556aef81261d0ffd55516b46060f79a9e7124df947026d1eff77bb02096a3
331,29,0.058377,0x354f80b320314d056ed037151c17536be72977f5,2017-10-27T09:59:19.000Z,0.002013,0xa53194e5e67e9eade3cfc81a6b5e426a46c58dfe,buy,0xf0ee6b27b759c9893ce4f094b49ad28fd15a23e4,0x05244fc88ad237784bfc58fd14a98897c9fab38e83393f2faf1cf7cdf329aff9
332,73.77130894,0.10631028411594626,0x65a83820d3a8cd3c72e1b7f8b9e95c1571f0b062,2017-10-27T09:31:22.000Z,0.001441079,0x4260431112a41add1e6d646ae47877996067d45b,sell,0xf0ee6b27b759c9893ce4f094b49ad28fd15a23e4,0x940047a1ecfba64c1c8824f58a5cce23b1c0469e17aabcffdc5ae2dbd07f58b7
333,249.051,0.358902166029,0x65a83820d3a8cd3c72e1b7f8b9e95c1571f0b062,2017-10-27T09:21:12.000Z,0.001441079,0x42e355e391a8c8379eb882661fe78dcd8dc271e2,sell,0xf0ee6b27b759c9893ce4f094b49ad28fd15a23e4,0x45cc82772216bffb85f73d2fc5127984675cf3d6c111f229419951df7bb13a7c
334,15.54,0.022533,0xfd26f25d6588b752a90e600aff038a654d64a42c,2017-10-27T09:09:33.000Z,0.00145,0x1d3aae726b1967c2695f6340570ecfc574ea2cf9,buy,0xf0ee6b27b759c9893ce4f094b49ad28fd15a23e4,0x85802c00460a8a49883b423434b176c172635133cfe72291034b7ec1c4a6865a
335,1000,1.44101,0xfadf2dfe5087306c5b5fe7272ee3d1a5a1417287,2017-10-27T08:17:27.000Z,0.00144101,0xfd26f25d6588b752a90e600aff038a654d64a42c,sell,0xf0ee6b27b759c9893ce4f094b49ad28fd15a23e4,0x757678692eb3eeaa110f21b5755e475b1bdbd9495d75558c01f4d7da0ec8b2ae
336,100,0.145,0x9f1dd61498233ceb52f977246e0ab20453d6a5a6,2017-10-27T07:34:14.000Z,0.00145,0xfd26f25d6588b752a90e600aff038a654d64a42c,sell,0xf0ee6b27b759c9893ce4f094b49ad28fd15a23e4,0xad3932cd3775419a3e7d0fbd952c6d1161134d6427cb3016af327631d7f5dc47
337,80,0.1264,0x1b1c185352e45359838a080260e1a08b98e1e8b7,2017-10-27T07:09:18.000Z,0.00158,0xfd26f25d6588b752a90e600aff038a654d64a42c,buy,0xf0ee6b27b759c9893ce4f094b49ad28fd15a23e4,0xf01888eec305006b70b121bd8f3b7b3cb9a3eb12d7ff12c7611c89cc50ffa1f2
338,2990.7287409,4.216927524669,0xfa45c6991a2c3d74ada3a279e21135133ce3da8a,2017-10-27T06:52:42.000Z,0.00141,0x608cb60905efc0b59ebad8a9c650a410fead95a0,sell,0xf0ee6b27b759c9893ce4f094b49ad28fd15a23e4,0xca64148e4d935664c0651c5ffa30cb65c0baa793a2a7242b34e135a264c51be7
339,595,0.83895,0xfa45c6991a2c3d74ada3a279e21135133ce3da8a,2017-10-27T05:46:00.000Z,0.00141,0xc39e87aed3703cba1d8f0130c3cb9e20f177b4aa,sell,0xf0ee6b27b759c9893ce4f094b49ad28fd15a23e4,0x843eea3efc91ee15f8acda8cc4af766d753a3f3a072dede5620fc432094d1a01
340,400,0.5796,0xb9a0afa567cb029f6d2d0290e6723998b61d1910,2017-10-27T05:43:15.000Z,0.001449,0xc39e87aed3703cba1d8f0130c3cb9e20f177b4aa,sell,0xf0ee6b27b759c9893ce4f094b49ad28fd15a23e4,0xe8f00017bc3815b66f865390a31cbcbb3c08aaa5b9264ba77d0a28f078a6009d
341,1500,2.16,0x3446996f0cea53400ec42e057cada68b00c964f4,2017-10-27T05:43:15.000Z,0.00144,0xc39e87aed3703cba1d8f0130c3cb9e20f177b4aa,sell,0xf0ee6b27b759c9893ce4f094b49ad28fd15a23e4,0x04c521eb785649623088e5c57f8ba7192056d5176b055a9f819674b7ebfd7c93
342,53,0.07844053,0x378c2d3403f712d35202245b0c3e7ec4956ee297,2017-10-27T05:36:17.000Z,0.00148001,0xc39e87aed3703cba1d8f0130c3cb9e20f177b4aa,sell,0xf0ee6b27b759c9893ce4f094b49ad28fd15a23e4,0xfa57b8ca8c8ebd282aaf6626a4d164b4dd66baf2f8f2085809a6ad586f043e60
343,15.792,0.0233737392,0xb2a58e12d6b5fa9dbaf4fc5ae6c3435ab6e01354,2017-10-27T05:36:12.000Z,0.0014801,0xc39e87aed3703cba1d8f0130c3cb9e20f177b4aa,sell,0xf0ee6b27b759c9893ce4f094b49ad28fd15a23e4,0x2f607f14b2c57c516febb00825648efdf7c0dbeeebffe0e42cbc925f3067ac52
344,5000,7.400005,0xbd8f695e5214f3eda8fa07182fc2456ee3e525c4,2017-10-27T05:35:50.000Z,0.001480001,0xfa45c6991a2c3d74ada3a279e21135133ce3da8a,sell,0xf0ee6b27b759c9893ce4f094b49ad28fd15a23e4,0x92b138f51a649845682b2a20e9b95412a6bbaa628c1eb1c13026592ac751f406
345,377,0.559468377,0x0168459886bd2aa322c18ed0b209887095afcacb,2017-10-27T05:30:09.000Z,0.001484001,0xc39e87aed3703cba1d8f0130c3cb9e20f177b4aa,sell,0xf0ee6b27b759c9893ce4f094b49ad28fd15a23e4,0x3c21c5d977c68ad492240a059270d7856e311f42025bf1fc7ac0ee91d119702e
346,45,0.066870495,0xcb5af8f7e1c95aeb566cf675456f7be8965bd292,2017-10-27T05:30:09.000Z,0.001486011,0xc39e87aed3703cba1d8f0130c3cb9e20f177b4aa,sell,0xf0ee6b27b759c9893ce4f094b49ad28fd15a23e4,0x34f6d0935308d4b849b6dc9a229b5b7db2aadc0eed249fbb51d51a86c64b4111
347,2500,3.7075025,0x5f0e787054e5e2d7d8fbeeec53828fcba9598240,2017-10-27T05:28:38.000Z,0.001483001,0xc39e87aed3703cba1d8f0130c3cb9e20f177b4aa,sell,0xf0ee6b27b759c9893ce4f094b49ad28fd15a23e4,0x9a2c8ae92a04c4563beae176ae23c28ca86a1dc637e4c49dd40d51bcebf8c064
348,3364.692,4.99996595892,0x5cb0893ab4182a2ca69788a695504e4ff0dd221a,2017-10-27T05:26:57.000Z,0.00148601,0xc39e87aed3703cba1d8f0130c3cb9e20f177b4aa,sell,0xf0ee6b27b759c9893ce4f094b49ad28fd15a23e4,0xc0f01180341f1b31c023b90e19e244a33a011bcd082dadb9e3a166444b1e5390
349,5100,7.5888,0x4445292834c734ded62ac0681d3de0ba39ed77a2,2017-10-27T05:24:46.000Z,0.001488,0xc39e87aed3703cba1d8f0130c3cb9e20f177b4aa,sell,0xf0ee6b27b759c9893ce4f094b49ad28fd15a23e4,0x6b12095be0dd9195719b33d8819c2a2afe2f089eb7da9aefad23a447de707f24
350,1.54244582,0.00462579503539029,0x458d5c77d4bdf5da87bd9091c3763628c8eeb1ad,2017-10-27T04:45:49.000Z,0.002999000013751076,0x1abd1ea2747e39709e533dfcdffd9e422e13e56d,buy,0xf0ee6b27b759c9893ce4f094b49ad28fd15a23e4,0x9a744768b54020a7fadda5e1939e8d5ad3f31e4b7bd4f6faef4aacf61c275a3a
351,45,0.134955,0x458d5c77d4bdf5da87bd9091c3763628c8eeb1ad,2017-10-27T04:43:01.000Z,0.002999,0x1abd1ea2747e39709e533dfcdffd9e422e13e56d,buy,0xf0ee6b27b759c9893ce4f094b49ad28fd15a23e4,0xd39e3bd8b4d0351f81d4810b2e4136764551538e1d85ec744eba1c6470bf46fa
352,1000,1.483001,0x5f0e787054e5e2d7d8fbeeec53828fcba9598240,2017-10-27T04:36:56.000Z,0.001483001,0xfd26f25d6588b752a90e600aff038a654d64a42c,sell,0xf0ee6b27b759c9893ce4f094b49ad28fd15a23e4,0xee018b4a73b9e6612a8ac31526944147a0a9759401404f5c8418acbef9958777
353,532.19086478,0.8089301144656,0x70520ef38b284e57c2e25dc998c1d177a3b2c187,2017-10-27T03:30:11.000Z,0.00152,0xfd26f25d6588b752a90e600aff038a654d64a42c,sell,0xf0ee6b27b759c9893ce4f094b49ad28fd15a23e4,0x6cea51e8523798779abafae2c0bb5dc611472a1a3153a3cd0cda753ab91862fb
354,658,1.00016658,0x4f467e8687fe16f6034e379be5aa4cec2248f443,2017-10-27T03:28:59.000Z,0.00152001,0xfd26f25d6588b752a90e600aff038a654d64a42c,sell,0xf0ee6b27b759c9893ce4f094b49ad28fd15a23e4,0x6207cad4a8fc9cb783a8aac252af2b294c35cb072243307f86cdb117cbe13afb
355,200,0.3064,0x8b0f808456713a2433fe280f06641a266043c7f3,2017-10-27T03:19:32.000Z,0.001532,0xfd26f25d6588b752a90e600aff038a654d64a42c,sell,0xf0ee6b27b759c9893ce4f094b49ad28fd15a23e4,0x52b22cd873ae1ee94d971b95eeb270f8360f3c9dd02a68a42734264d92ae67a8
356,193.789,0.296690959,0xb3c74e8478cb91b17d0f78e3d0e3ea574c9fe2f8,2017-10-27T03:19:32.000Z,0.001531,0xfd26f25d6588b752a90e600aff038a654d64a42c,sell,0xf0ee6b27b759c9893ce4f094b49ad28fd15a23e4,0xb048ede07893dcdfd385e43fd6f0ab8844e11a407152a7e54a97e7d5fb483987
357,115.776,0.1794528,0x8b0f808456713a2433fe280f06641a266043c7f3,2017-10-27T03:05:09.000Z,0.00155,0xfd26f25d6588b752a90e600aff038a654d64a42c,sell,0xf0ee6b27b759c9893ce4f094b49ad28fd15a23e4,0xac9c1698bd76067a0e0f92b3e30830db0ad72db2952711878a3767eacfcc1e12
358,500,0.795,0x508e4a96dab9bd044d0bb654d623c4ef663dfc35,2017-10-27T02:39:21.000Z,0.00159,0xfd26f25d6588b752a90e600aff038a654d64a42c,buy,0xf0ee6b27b759c9893ce4f094b49ad28fd15a23e4,0xf5f723e6c0eaa2b571cd12a45eb068fa70332f02902a300e94505bd61946c9a7
359,4.22396441,0.0065471448355,0x8b0f808456713a2433fe280f06641a266043c7f3,2017-10-27T02:33:41.000Z,0.00155,0xe651d0107cc442943df1ca3a6d0d601816f19262,sell,0xf0ee6b27b759c9893ce4f094b49ad28fd15a23e4,0xa1fa6c938fb701c08d47a89a7bc38a488def96d726c43cb21619286bc784a2df
360,2000,3.18,0x508e4a96dab9bd044d0bb654d623c4ef663dfc35,2017-10-27T02:31:40.000Z,0.00159,0xfd26f25d6588b752a90e600aff038a654d64a42c,buy,0xf0ee6b27b759c9893ce4f094b49ad28fd15a23e4,0x482f854d20f6ab7810cd24db5f6d80d5c7b6303691acb3656003a5c8202ffe2f
361,0.01937725,0.000030809829421146,0xc66bc5f26b7308d8746926c0b2b839bc120621c3,2017-10-27T02:20:00.000Z,0.001590000099144409,0xfd26f25d6588b752a90e600aff038a654d64a42c,buy,0xf0ee6b27b759c9893ce4f094b49ad28fd15a23e4,0x6b6ec8868c2cbff4d89b4fe8697102d59a36e2f7bd46d228af2562b35e9bb656
362,194.37320687,0.3090533989235106,0xc66bc5f26b7308d8746926c0b2b839bc120621c3,2017-10-27T02:19:37.000Z,0.0015900000000010834,0xfd26f25d6588b752a90e600aff038a654d64a42c,buy,0xf0ee6b27b759c9893ce4f094b49ad28fd15a23e4,0x8c41e542704c673e9a9d0412168ba77fe81fd7705e06f26264d0708e52bdbc50
363,99.42907749,0.158082290301351,0x3bfd98bf67d401f09dd1c4b211709051fb08f2f0,2017-10-26T23:24:22.000Z,0.0015899,0xda896bd9e964386f7343414a646c8ef75d5ae009,buy,0xf0ee6b27b759c9893ce4f094b49ad28fd15a23e4,0x1bccfe7627999b4aa708a3413a1d51a122ed1148a7f6a2777dd1b934aeab2d44
364,5,0.00795,0x94b0bf6dd676f7b4884557735945b927535fd822,2017-10-26T23:14:37.000Z,0.00159,0x2d1204d83b9182c5755ad06c1c24767786527928,buy,0xf0ee6b27b759c9893ce4f094b49ad28fd15a23e4,0xbafd832e650397ee97cb0bf124ee4437b3877390215c53d92992511947367529
365,456.21051958,0.69845830547698,0xb3c74e8478cb91b17d0f78e3d0e3ea574c9fe2f8,2017-10-26T22:04:25.000Z,0.001531,0x787e6870754cc306c1758db62dc6cd334ba76345,sell,0xf0ee6b27b759c9893ce4f094b49ad28fd15a23e4,0x679e87494f79127ededc74b3c20c5709de0e1ddba6c4b5548afb966bcb66eba2
366,100,0.153,0xf4fd890e3ed61a67a6ad80d2c56bbee6eba18f96,2017-10-26T21:56:52.000Z,0.00153,0x787e6870754cc306c1758db62dc6cd334ba76345,sell,0xf0ee6b27b759c9893ce4f094b49ad28fd15a23e4,0x54444e36059ef4edf01b8932d20def3ad4518cfae40a73293303d8c2d23e1c9c
367,60,0.09539394,0x368eee0a0283996d01dd0c659044997be1542d9e,2017-10-26T21:27:09.000Z,0.001589899,0x787e6870754cc306c1758db62dc6cd334ba76345,buy,0xf0ee6b27b759c9893ce4f094b49ad28fd15a23e4,0xb609f213b33963b77eea427fcae34f1d09deeeb1176da361abe88561d5da04a6
368,1.99381916,0.0030306051232,0x70520ef38b284e57c2e25dc998c1d177a3b2c187,2017-10-26T20:24:11.000Z,0.00152,0xb4c432a9559a4f1464d2bff9fcbbdc14f1c39dec,sell,0xf0ee6b27b759c9893ce4f094b49ad28fd15a23e4,0xccae9ec0added8c5def1e89769e4b5496b40049baf4328315e7c6a74cae2d035
369,2300,3.726,0x61ec24b6beeb589866a29484e1dc29fd146d5be0,2017-10-26T20:17:50.000Z,0.00162,0x4f9eab0394e41fc5d43f3bf99e92148399da77a3,buy,0xf0ee6b27b759c9893ce4f094b49ad28fd15a23e4,0xc9675436c8a4985361a81814f21fea38652a426ce08b18bc16c63e26466e3c09
370,3000,4.7988,0x61ec24b6beeb589866a29484e1dc29fd146d5be0,2017-10-26T20:14:19.000Z,0.0015996,0x0960da039bb8151cacfef620476e8baf34bd9565,buy,0xf0ee6b27b759c9893ce4f094b49ad28fd15a23e4,0x28ce8be29e8f5f5c9deb395f9bb8c5413b9bf09018eff4c86ceccb89c7b86338
371,1000,1.589,0x61ec24b6beeb589866a29484e1dc29fd146d5be0,2017-10-26T20:11:30.000Z,0.001589,0xed05637cafbf838059080a3ad9bb059140995554,buy,0xf0ee6b27b759c9893ce4f094b49ad28fd15a23e4,0x87d2cf073f2b0a5790bfa1f6958eccbc99022fa87b5c421d72b82d363dd3e800
372,4000,6.3556,0x61ec24b6beeb589866a29484e1dc29fd146d5be0,2017-10-26T20:10:30.000Z,0.0015889,0xda896bd9e964386f7343414a646c8ef75d5ae009,buy,0xf0ee6b27b759c9893ce4f094b49ad28fd15a23e4,0x5ad85ea9cd6f8b9526457155bfde307df44597a133bd3a3dcb2e8cf3d5709bc8
373,690,1.06943031,0xd44f18cb0488fbc96823f69788944e3b64559b89,2017-10-26T19:12:30.000Z,0.001549899,0xed05637cafbf838059080a3ad9bb059140995554,buy,0xf0ee6b27b759c9893ce4f094b49ad28fd15a23e4,0x22de6043a73896fb99f7ca51ad5bc06729ee3888e7d372fa665b8157421423f3
374,150,0.23248485,0x1017e8dd8b0d149ba08377548cd282c807f0fcd2,2017-10-26T19:05:53.000Z,0.001549899,0xed05637cafbf838059080a3ad9bb059140995554,buy,0xf0ee6b27b759c9893ce4f094b49ad28fd15a23e4,0x1e2d4ff8cd7f623cd00f5d00feeac1c1eb14233b9ac2366280ecfaecf960c7cd
375,1000,1.549899,0xd44f18cb0488fbc96823f69788944e3b64559b89,2017-10-26T19:01:33.000Z,0.001549899,0xed05637cafbf838059080a3ad9bb059140995554,buy,0xf0ee6b27b759c9893ce4f094b49ad28fd15a23e4,0xe912e9ab04e51f2595992372204699ea806fc05ab5ce29090d941c799bf73d6a
376,645.31671626,0.9937877430450572,0xd44f18cb0488fbc96823f69788944e3b64559b89,2017-10-26T18:58:15.000Z,0.001540000000007217,0x945df54583eb102061f57d3b4f3e499d7acc49b7,buy,0xf0ee6b27b759c9893ce4f094b49ad28fd15a23e4,0xa835f9ae79663a68731f3fa92806230fc60baf021ead6e265770abc6bd8cff4a
377,15.49197487,0.0235478018024,0x70520ef38b284e57c2e25dc998c1d177a3b2c187,2017-10-26T18:48:56.000Z,0.00152,0x740d4b3119b956c1d19608da39730499dbce4c01,sell,0xf0ee6b27b759c9893ce4f094b49ad28fd15a23e4,0x97c336b7712e46d08e1cf00c9a6a3e5573cce48aefcdd89c10ac7b84a273cab9
378,400,0.616,0x6d4e2aaee184d0f13498fe6203a043606e208163,2017-10-26T18:45:34.000Z,0.00154,0x945df54583eb102061f57d3b4f3e499d7acc49b7,buy,0xf0ee6b27b759c9893ce4f094b49ad28fd15a23e4,0xc29824928c8765a2a83b419c210e5a2b014545f31e65189a685162d787621d26
379,115.69290715,0.17816707701276346,0x6d4e2aaee184d0f13498fe6203a043606e208163,2017-10-26T18:43:10.000Z,0.0015400000000152427,0x945df54583eb102061f57d3b4f3e499d7acc49b7,buy,0xf0ee6b27b759c9893ce4f094b49ad28fd15a23e4,0x37c692b11cb77ce81b086973ee08872148148a0a3dfae1cbf292a31b48b3194a
380,97.85612627,0.1487413119304,0x70520ef38b284e57c2e25dc998c1d177a3b2c187,2017-10-26T18:43:10.000Z,0.00152,0xd35cc4db1066b87373c5b83f2a033b4aabb8a1f2,sell,0xf0ee6b27b759c9893ce4f094b49ad28fd15a23e4,0x45bddb24db747774f1c8a519f2ac7a9b01d98c6a53b7756d862df370d66432b0
381,338.99037658,0.5220451799421792,0x30617e149f48246ffc02c9fa2efb03a53df4ef05,2017-10-26T18:35:46.000Z,0.0015400000000264883,0x945df54583eb102061f57d3b4f3e499d7acc49b7,buy,0xf0ee6b27b759c9893ce4f094b49ad28fd15a23e4,0x892abafd3bc70434a653ba370c4647e5f496e0c9ef0d27d252c233e3d814d406
382,490.28013159,0.72757571527956,0xe01e8be16ec73ed2c2ad65773f2f697efac724e2,2017-10-26T17:19:02.000Z,0.001484,0x33547540b00df37cb5321b22e9bd722f1c313766,sell,0xf0ee6b27b759c9893ce4f094b49ad28fd15a23e4,0xfa1b81e7d203c9c3114212931f126aab5e54fa84f6977119dfb36318e2a13c19
