,amount,amountBase,buyer,date,price,seller,side,tokenAddr,txHash
0,0.001,0.000244999999,0x6cdea8e07bf82d7a07dbf36642d6e5be8623845c,2017-10-30T13:39:34.000Z,0.244999999,0xbeb1fd865feea5006c74bcb615ebb00f1a05d469,buy,0xe0b7927c4af23765cb51314a0e0521a9645f0e2a,0x47193f2f6083715fae0062310f81c44c0c324f830a73ca59aa8661ace76a9e2b
1,0.53,0.10070000053,0xbeb1fd865feea5006c74bcb615ebb00f1a05d469,2017-10-29T18:10:11.000Z,0.190000001,0xa5684e7c4c9880ccd020c31e45b2c4e202d901c0,sell,0xe0b7927c4af23765cb51314a0e0521a9645f0e2a,0x69690f630eed9dc1053b8ce974477cf963513a6b49c5caa38ca0adbc6173d0b0
2,10,1.90000001,0xbeb1fd865feea5006c74bcb615ebb00f1a05d469,2017-10-29T17:12:24.000Z,0.190000001,0xa5684e7c4c9880ccd020c31e45b2c4e202d901c0,sell,0xe0b7927c4af23765cb51314a0e0521a9645f0e2a,0xf9f86daa88e94af272388296fab8b7d8e508dc47e02860096017108237977ef6
3,0.025,0.0055,0x92d3ed39d77c4a667d2a193dd9b946ac8fedf94f,2017-10-29T17:10:07.000Z,0.22,0xa5684e7c4c9880ccd020c31e45b2c4e202d901c0,sell,0xe0b7927c4af23765cb51314a0e0521a9645f0e2a,0xedce5a332159e8420392051a63be7afbd7f3eb692811380d357619f6d605348b
4,1.73478965,0.312296832793,0x6bad391397f5f6047d3b6752576ee1a4ae3d2927,2017-10-29T00:24:13.000Z,0.18002,0xf6fb7a4de4bf4bc746783abc63000b0148dac855,sell,0xe0b7927c4af23765cb51314a0e0521a9645f0e2a,0x18a38e5ea8fef09e6b809fc05e18933edf27485cb7f3374da4920aec5b6606ad
5,0.3,0.0734997,0xb89cba04266d1ef91c42cbe7d90ef60e79ca9ffc,2017-10-28T22:03:17.000Z,0.244999,0xbeb1fd865feea5006c74bcb615ebb00f1a05d469,buy,0xe0b7927c4af23765cb51314a0e0521a9645f0e2a,0x664f3164c7ccd90b4cb5878c39aba444d0dd5b36b9cf8d3f171ebd8b981f9f7f
6,0.5,0.11249945,0x3ac636ac5c3a2576156ac5f10066ca68abe0ad54,2017-10-25T21:08:14.000Z,0.2249989,0xbeb1fd865feea5006c74bcb615ebb00f1a05d469,buy,0xe0b7927c4af23765cb51314a0e0521a9645f0e2a,0x7869949ee6f236224fca336da441ebb9421b0d0b66f19c10a9951c696ae7fc25
7,1.705037936,0.29858302083062094,0xbeb1fd865feea5006c74bcb615ebb00f1a05d469,2017-10-25T03:01:39.000Z,0.17511811,0xad440e6b26dd3a044a97294bf87c017d7fb81c67,sell,0xe0b7927c4af23765cb51314a0e0521a9645f0e2a,0x826f5f1bdaa6541924a6136462421357446ebe5cdbee71bfca8054f79dc28a27
8,0.1,0.0201,0xe3d0a0d0fcdab0f65f97c5e29b3d413e827ca3ce,2017-10-25T02:59:46.000Z,0.201,0xad440e6b26dd3a044a97294bf87c017d7fb81c67,sell,0xe0b7927c4af23765cb51314a0e0521a9645f0e2a,0x29ef696f985d502945ad2a96b90fea75e4e8af7a08c0258fb4289ae33d23c05a
9,0.087,0.0153120087,0xbeb1fd865feea5006c74bcb615ebb00f1a05d469,2017-10-24T21:36:42.000Z,0.1760001,0xe5c5f7b4e7d4a86da73bb6a3e7fde89a9e8f1041,sell,0xe0b7927c4af23765cb51314a0e0521a9645f0e2a,0x7a22d886c9c0cc1a14c39bde4eaadc469f127898a5370aac477cd3720eb0c89f
10,0.9,0.1764,0xd98a3954353055ab642c9159c7f3b25dac2dc29b,2017-10-24T21:35:28.000Z,0.196,0xe5c5f7b4e7d4a86da73bb6a3e7fde89a9e8f1041,sell,0xe0b7927c4af23765cb51314a0e0521a9645f0e2a,0xbd8e96408bac898bf9ffc1770b43ebc26e3260c845c52348db6fe86f97b89853
11,2.1,0.5228979,0x5a7f52c42526ddb16755d0681ddc80be166c2ff6,2017-10-24T04:31:29.000Z,0.248999,0xbeb1fd865feea5006c74bcb615ebb00f1a05d469,buy,0xe0b7927c4af23765cb51314a0e0521a9645f0e2a,0xc5ede638a39ab5b3988aba32cf29a3a4b0cc053f87b46bac71f4275399070520
12,18.281427315,3.564878326425,0xbeb1fd865feea5006c74bcb615ebb00f1a05d469,2017-10-24T02:22:16.000Z,0.195,0x097501c95264ad3204159efaefdc5820783dbeae,sell,0xe0b7927c4af23765cb51314a0e0521a9645f0e2a,0xa369f45d622826bcdcd2c4df0ebf10d9441287884b7b53a23db8e789e68b786c
13,1,0.249,0xa75fcdf436c9713b3757819f1fb235918749c3ba,2017-10-23T02:46:57.000Z,0.249,0x077904eb39fdfee17679356987beb89c7b26e5b8,buy,0xe0b7927c4af23765cb51314a0e0521a9645f0e2a,0xd628614b8598b86c52b5bdd3a9e7018820056074aad091792479a6d5f0087f6d
14,1.53,0.381158037,0x1da251119e3a70bcb4aed858bd2acccff2155077,2017-10-20T21:24:29.000Z,0.2491229,0xbeb1fd865feea5006c74bcb615ebb00f1a05d469,sell,0xe0b7927c4af23765cb51314a0e0521a9645f0e2a,0x6653cb7da5b17fa09180bdfcaa38292e9fbb213f21df29226e30fccbf958780b
15,0.056,0.01663194456,0x5d5065b42bdee0274e394ba9042c21e1818c69cf,2017-10-20T14:11:09.000Z,0.29699901,0xbeb1fd865feea5006c74bcb615ebb00f1a05d469,sell,0xe0b7927c4af23765cb51314a0e0521a9645f0e2a,0xa420469388cea7b495fab0f4803b243a6f07bcde66c91925982d5603cf4122f3
16,23.5,4.935,0x077904eb39fdfee17679356987beb89c7b26e5b8,2017-10-20T07:27:49.000Z,0.21,0x783256fd11de02c0ed45886aba66f1f42d30796d,sell,0xe0b7927c4af23765cb51314a0e0521a9645f0e2a,0xc3c5c71b7549334ae286d362149ae7960580c7b64ad184369ec8c06ebec93a1c
17,0.01,0.003298175,0x636d925f140f761f7a0e600db2177dd068ddada1,2017-10-18T15:04:52.000Z,0.3298175,0xbeb1fd865feea5006c74bcb615ebb00f1a05d469,buy,0xe0b7927c4af23765cb51314a0e0521a9645f0e2a,0x38fc6ee326043f7772abcf0cb74e7f6f8ecc980b4eedd9979457571dee7648c1
18,0.0125,2.5,0x198670956ac3dd32273ca3e54a2b890d01e00c89,2017-10-17T16:59:45.000Z,200,0x9b113df7b32e93193e6e2d8ec491bcc30da0c04c,buy,0xe0b7927c4af23765cb51314a0e0521a9645f0e2a,0xb6caf7f96bc44d52b43d2b121e3cb770956c569f73365d63517d4885f8580f1c
19,0.02,0.042,0x198670956ac3dd32273ca3e54a2b890d01e00c89,2017-10-17T16:59:21.000Z,2.1,0x0f7ce02f8af040579eb7a93549bdcc965fa8eb7b,buy,0xe0b7927c4af23765cb51314a0e0521a9645f0e2a,0x35db59e232b4bae4df2774f2a2fec54d468571dd918ca95e5982074fa975a129
20,1.264,0.239893296,0xf142f26d1cac4ba8a6e6d7974d243eda2fe5f4f9,2017-10-16T18:44:00.000Z,0.189789,0xf1c3157357e7848fc7eb5a1dad49704ce8ad8a15,buy,0xe0b7927c4af23765cb51314a0e0521a9645f0e2a,0x258fe244e8d8074a1e3fb01f49f4a2058f1cd044f803cf2a0f8fc1fe7ff7b955
21,19.918,4.9795,0x198670956ac3dd32273ca3e54a2b890d01e00c89,2017-10-16T17:54:51.000Z,0.25,0x077904eb39fdfee17679356987beb89c7b26e5b8,buy,0xe0b7927c4af23765cb51314a0e0521a9645f0e2a,0xa8ef883dd26d7e8e494827975886c10cd1aa8ff623830d8b59711b4160bcdae7
22,0.081746586,0.0163493172,0x077904eb39fdfee17679356987beb89c7b26e5b8,2017-10-16T16:54:31.000Z,0.2,0xac1ef807ee69a3ad43e6ec322eb8c21a0ae453ef,sell,0xe0b7927c4af23765cb51314a0e0521a9645f0e2a,0x4d8381a47ef47a47980fdc2c8844c2aec065d7a03a6e291d2a80b56bfc78ce42
23,0.014764295,0.003469609325,0xce7f06ba27b3e525ccdfc559cea9e523e5f91eae,2017-10-16T16:53:15.000Z,0.235,0xac1ef807ee69a3ad43e6ec322eb8c21a0ae453ef,sell,0xe0b7927c4af23765cb51314a0e0521a9645f0e2a,0x02b56e3e2cc12cbf3aa4e650d6cd0060991ad495dac2cf1b8c2ae65c511e43df
24,0.097,0.018409533,0xac1ef807ee69a3ad43e6ec322eb8c21a0ae453ef,2017-10-16T16:51:16.000Z,0.189789,0xf1c3157357e7848fc7eb5a1dad49704ce8ad8a15,buy,0xe0b7927c4af23765cb51314a0e0521a9645f0e2a,0x53482b27be049e5cb6a0b09a478389158ce0c70ba2e16194a8cddd199f090b1c
25,0.005255709,0.001733333123901333,0xb8382f6298f01b4eebfda0e2bb2dde60250af575,2017-10-16T14:52:39.000Z,0.32980005626288156,0xa5684e7c4c9880ccd020c31e45b2c4e202d901c0,buy,0xe0b7927c4af23765cb51314a0e0521a9645f0e2a,0xc6e3bb31287136612f4f58bc8430ee17a998d007d271a6b0a12d80af1c08cf95
26,0.99691319,0.23626842603,0xb8382f6298f01b4eebfda0e2bb2dde60250af575,2017-10-16T10:10:00.000Z,0.237,0xff684104992bd26b6326bca4620d733526c0ddb1,sell,0xe0b7927c4af23765cb51314a0e0521a9645f0e2a,0xbc29a9e32fdbc44f8f33b92cfb5c2f730509eff543ceec3601b85333cc235c71
27,19.918253414,3.9836506828,0x077904eb39fdfee17679356987beb89c7b26e5b8,2017-10-16T09:31:10.000Z,0.2,0x3df86cefaecfaa31be2f74f8f832cb4ef62b79f8,sell,0xe0b7927c4af23765cb51314a0e0521a9645f0e2a,0x740aec94b1a2157f4699460f7385cdca912982f55e2641957a0b867759d22390
28,5.522879074,0.966509360829074,0xbeb1fd865feea5006c74bcb615ebb00f1a05d469,2017-10-14T06:53:56.000Z,0.175001,0x1f88941a3cf72eb1dd07929c29effb09104cf4ab,sell,0xe0b7927c4af23765cb51314a0e0521a9645f0e2a,0x0ac4dea59b16662a273ef53c0e2e2de5cf0fd9791ecb1be49d6fdb544891a200
29,16.112650783,3.38365666443,0xf9ddfbd0a3b0b7656c943c1d04e222f01a4a1c9e,2017-10-13T13:13:18.000Z,0.21,0xbeb1fd865feea5006c74bcb615ebb00f1a05d469,sell,0xe0b7927c4af23765cb51314a0e0521a9645f0e2a,0x2c1e57735aca19c3812129c55cf0689aa802c4e2eeea976cada6aac7f99ead05
30,29.887349217,6.27634333557,0xf9ddfbd0a3b0b7656c943c1d04e222f01a4a1c9e,2017-10-13T13:09:01.000Z,0.21,0x669f0ab96fd3beb68bc836bb874894bbb516331a,sell,0xe0b7927c4af23765cb51314a0e0521a9645f0e2a,0x69989950e0e6f6763bbe084503bd44fb825e7a228ea53ecf902a851bc2b0ca22
31,0.997392204,0.262314149652,0xd98a3954353055ab642c9159c7f3b25dac2dc29b,2017-10-12T22:49:31.000Z,0.263,0x097501c95264ad3204159efaefdc5820783dbeae,sell,0xe0b7927c4af23765cb51314a0e0521a9645f0e2a,0x3afab5428c77711d020fa046d9f4673aa989a672553689bcc260a2847bf07c91
32,4.841182271,1.137677833685,0xce7f06ba27b3e525ccdfc559cea9e523e5f91eae,2017-10-10T22:03:59.000Z,0.235,0x097501c95264ad3204159efaefdc5820783dbeae,sell,0xe0b7927c4af23765cb51314a0e0521a9645f0e2a,0xbe8999e5245692cf73ddeebd46b3ad55b0c38c943692378b7722702b38328aba
33,29.712,7.0833408,0x1cb09395d6be2b02d363eacd818d2a74e92a1e0d,2017-10-08T17:10:39.000Z,0.2384,0xbeb1fd865feea5006c74bcb615ebb00f1a05d469,buy,0xe0b7927c4af23765cb51314a0e0521a9645f0e2a,0x07579030fae89c0f5170599dbfb414b4d54f2d69692ada1c47d1827f4788f507
34,0.011757243,0.00305688318,0x09d6629443be428bf2f23d6028f42566b7ed8883,2017-10-08T11:46:28.000Z,0.26,0x57b070709b9baffa065ec5a284ebf26b98398dcc,sell,0xe0b7927c4af23765cb51314a0e0521a9645f0e2a,0x1700135ce0bf8c9c7b00770b478478735f97609cca92b49b785784548ca8fa93
35,4.567,1.49998548,0xb4f6ae2cca59f0ea3fb2559e32c61df753bb542a,2017-10-08T06:17:26.000Z,0.32844,0xd9037537a3e3aa5289871b0154027e3f051c49bf,buy,0xe0b7927c4af23765cb51314a0e0521a9645f0e2a,0xddd02979da710a82c89abe8c49465ad76a71ed1cf681b9a71711db656fb70cf7
36,9.98,2.9939002,0xb4f6ae2cca59f0ea3fb2559e32c61df753bb542a,2017-10-08T05:44:13.000Z,0.29999,0x02b322ecfd80aa1de6536be93a496820a84711ed,buy,0xe0b7927c4af23765cb51314a0e0521a9645f0e2a,0x194653ba60ad1f911616405cd04c8c91cc441a9540dc5398bd6b8429bdcaa13a
37,5.144053434,1.20885255699,0xce7f06ba27b3e525ccdfc559cea9e523e5f91eae,2017-10-07T14:29:39.000Z,0.235,0x6079ca4a2d8a1b5d2a31b482ee9e5eb6ccfec368,sell,0xe0b7927c4af23765cb51314a0e0521a9645f0e2a,0x3c55bf2e8bae472580a5b5ae2367ef5aee8611b71d611c4bc99600d368116b43
38,4.906763888,1.226690972,0x1cb09395d6be2b02d363eacd818d2a74e92a1e0d,2017-10-07T03:57:41.000Z,0.25,0xff684104992bd26b6326bca4620d733526c0ddb1,buy,0xe0b7927c4af23765cb51314a0e0521a9645f0e2a,0x2265cf91648c92ea1ff85905f9e681fc5f86f1317e1f79c47dce79ac462ae4e7
39,0.014,0.0028,0x19b78488b79c6a45d4e060f05a2b35c4873f25c5,2017-10-06T22:32:22.000Z,0.2,0x19b78488b79c6a45d4e060f05a2b35c4873f25c5,sell,0xe0b7927c4af23765cb51314a0e0521a9645f0e2a,0xea357ff7ab7b66ef58fa337fc00bc46fa162c6c658caf95dad60f1b950631729
40,0.015,0.00375,0x19b78488b79c6a45d4e060f05a2b35c4873f25c5,2017-10-06T09:05:23.000Z,0.25,0xff684104992bd26b6326bca4620d733526c0ddb1,buy,0xe0b7927c4af23765cb51314a0e0521a9645f0e2a,0x3efd5f067b991e0764319d8e4d9fbe10a1327fb49bbd48291027c47ae3a72878
41,0.046,0.01127,0x09d6629443be428bf2f23d6028f42566b7ed8883,2017-10-05T08:36:56.000Z,0.245,0xff684104992bd26b6326bca4620d733526c0ddb1,sell,0xe0b7927c4af23765cb51314a0e0521a9645f0e2a,0x2f273fc52f65a6043fae8993eb87204f0a35ff2ab9aed317d957d19ca087d5da
42,2.203555995,0.539871218775,0x09d6629443be428bf2f23d6028f42566b7ed8883,2017-10-05T08:26:15.000Z,0.245,0x097501c95264ad3204159efaefdc5820783dbeae,sell,0xe0b7927c4af23765cb51314a0e0521a9645f0e2a,0xd9c626bc358f5bc1663b91d7d826b96dca4916b6fe044812dc9b34561a44e86d
43,1.001894128,0.24045459072,0x09d6629443be428bf2f23d6028f42566b7ed8883,2017-10-04T02:45:55.000Z,0.24,0xd4a99a3e6a1a495ab95ea1a72a45f670ddbc0d96,sell,0xe0b7927c4af23765cb51314a0e0521a9645f0e2a,0xf9a0002449bd73eb735b26949065f6cd5f60afd0a22653e40e8da989ed44706b
44,5,1.25,0x09d6629443be428bf2f23d6028f42566b7ed8883,2017-10-04T00:47:40.000Z,0.25,0xf142f26d1cac4ba8a6e6d7974d243eda2fe5f4f9,sell,0xe0b7927c4af23765cb51314a0e0521a9645f0e2a,0x0a6a3480914fad980f5293cb6332ec73e6567d41d641faca932e96787ffce8cb
45,0.454,0.11577,0x09d6629443be428bf2f23d6028f42566b7ed8883,2017-10-04T00:47:40.000Z,0.255,0xf142f26d1cac4ba8a6e6d7974d243eda2fe5f4f9,sell,0xe0b7927c4af23765cb51314a0e0521a9645f0e2a,0xcbd3eedfac8bf5bce1931fc09aa8260252e6c428c451b659fef41a9f3d37ec94
46,4.545907686,1.15920645993,0x09d6629443be428bf2f23d6028f42566b7ed8883,2017-10-03T22:50:07.000Z,0.255,0x9778550d76b07ac9f5e57392f68ecdf6efc1774e,sell,0xe0b7927c4af23765cb51314a0e0521a9645f0e2a,0xa0dd8204af2c176e7c54e57acb7d1c0d77287aaf16cb79fd507946ba0c118250
47,3.870185458,1.00624821908,0x09d6629443be428bf2f23d6028f42566b7ed8883,2017-10-03T08:11:47.000Z,0.26,0x097501c95264ad3204159efaefdc5820783dbeae,sell,0xe0b7927c4af23765cb51314a0e0521a9645f0e2a,0x71e719951e175533cc05e197f092413bf48d080dcb3562e78b6ee369b41e11ab
48,1.118057299,0.29069489774,0x09d6629443be428bf2f23d6028f42566b7ed8883,2017-10-01T17:32:16.000Z,0.26,0x3dee4a4e076e8d82859d241db0baf46f112cfa23,sell,0xe0b7927c4af23765cb51314a0e0521a9645f0e2a,0x0fc06f32b1fe42abe88444a5b6cbc752f0df5eb7e8c099fa02c2fcdd4d17712c
49,1.121523277,0.2590719891393277,0x3dee4a4e076e8d82859d241db0baf46f112cfa23,2017-09-30T18:27:43.000Z,0.2310001,0xa458aeff6a7638e18d82a9e621a1ce26ab0bb271,sell,0xe0b7927c4af23765cb51314a0e0521a9645f0e2a,0x313c8d0d2d978dc5b238c9b228a4cfdbe6ce2316155a1bf8196015371c646ac7
50,0.02,0.005799998,0xa0be78d2bac6a692adba423c7af50ec86a18bddf,2017-09-28T05:24:50.000Z,0.2899999,0x02b322ecfd80aa1de6536be93a496820a84711ed,buy,0xe0b7927c4af23765cb51314a0e0521a9645f0e2a,0x78d2f27fb00259eed631ac47fa5d0903400b04d1f91fbb9cb05d82433e179acd
51,7.038860901,1.61893800723,0x058e0a14eaa228604f44de2b4be71f5d36e4a926,2017-09-28T04:49:34.000Z,0.23,0x1ed014aec47fae44c9e55bac7662c0b78ae61798,sell,0xe0b7927c4af23765cb51314a0e0521a9645f0e2a,0x3739c1ce40a80d300b995ce3bd083e4e1fdafd92a92947c99388125a9ea4418a
52,0.028999999,0.00840999971,0xe92072db1f4de50c6cd438785dab81b8044ec8cd,2017-09-27T03:35:01.000Z,0.29,0x2bc2ca2a7b3e6edef35223a211ac3b0b9b8d4346,buy,0xe0b7927c4af23765cb51314a0e0521a9645f0e2a,0x39bd70451f3c813ac63058379134de79ccbb26ad1801e9443e402f23d7527ddf
53,2,0.58,0xd4a99a3e6a1a495ab95ea1a72a45f670ddbc0d96,2017-09-26T04:01:08.000Z,0.29,0x2bc2ca2a7b3e6edef35223a211ac3b0b9b8d4346,buy,0xe0b7927c4af23765cb51314a0e0521a9645f0e2a,0x2512e0c50f2efabe3eb10fdf43197a9608cc7e4ffaa1826865bc4047f1281cda
54,24.563,5.059978,0xbeb1fd865feea5006c74bcb615ebb00f1a05d469,2017-09-24T22:42:26.000Z,0.206,0x50e8b81039d8f71a8a0c9534e3e3f6e604978241,buy,0xe0b7927c4af23765cb51314a0e0521a9645f0e2a,0x74bbecd9d6c9b70bfefbe2e90ab7d9f12d53671643d2deb42b0a9d36f5efefac
55,0.003,0.00087,0x19b78488b79c6a45d4e060f05a2b35c4873f25c5,2017-09-21T22:52:01.000Z,0.29,0x2bc2ca2a7b3e6edef35223a211ac3b0b9b8d4346,buy,0xe0b7927c4af23765cb51314a0e0521a9645f0e2a,0xfeac7f55067180ae4ee9b73758be8b5de03356c5863d18dead370a4e3eb5259f
56,0.319011065,0.008613298755,0xf1d4a60ceb2ca6b6bee4f1e29350460e15b8c4c5,2017-09-21T00:13:40.000Z,0.027,0xcbe2dd256fd1c8d3ea867ab096a89c086c8d5979,sell,0xe0b7927c4af23765cb51314a0e0521a9645f0e2a,0x4c9a2d51b29eff1bc31d453554aca557745cb31795f49d84f7d0827b8c13d846
57,0.01,0.0029,0x2d7ad46c8c2128b37f7bbf1d70f81db34d1176ba,2017-09-18T05:29:56.000Z,0.29,0x2bc2ca2a7b3e6edef35223a211ac3b0b9b8d4346,buy,0xe0b7927c4af23765cb51314a0e0521a9645f0e2a,0x6eeaa7074921eb99c79fcb77e63058649b04650c8a4b488c28e87e3c8d6a3733
58,0.210926047,0.062223183865,0xc396c2cddaf1e8bbaa914a7aacbe5dd8aa327b15,2017-09-17T20:38:16.000Z,0.295,0x2bc2ca2a7b3e6edef35223a211ac3b0b9b8d4346,sell,0xe0b7927c4af23765cb51314a0e0521a9645f0e2a,0x5adec9d7dcf3ba7c367c02367f65dae79d0587ce9f591b7698a0c66b7dee0ca8
59,2.045,0.603275,0x364cca007288658e9047d35bbc2f6473b04b2325,2017-09-14T10:14:51.000Z,0.295,0x669f0ab96fd3beb68bc836bb874894bbb516331a,sell,0xe0b7927c4af23765cb51314a0e0521a9645f0e2a,0x19a5c0a4d2b59b29d6b084c6b5bf29115297c1322c09aa5ed864cf1f1578a63f
60,15,4.35,0x7aa6e2506316f6d613277d4f2f4e4e1dc55e528e,2017-09-14T10:07:32.000Z,0.29,0x2bc2ca2a7b3e6edef35223a211ac3b0b9b8d4346,buy,0xe0b7927c4af23765cb51314a0e0521a9645f0e2a,0xf31180ec575101223dfd18dd6f059b9491e70a688913e7b76ef69cc30e2eb196
61,14.955,4.411725,0x364cca007288658e9047d35bbc2f6473b04b2325,2017-09-14T10:07:32.000Z,0.295,0x7aa6e2506316f6d613277d4f2f4e4e1dc55e528e,sell,0xe0b7927c4af23765cb51314a0e0521a9645f0e2a,0xf31180ec575101223dfd18dd6f059b9491e70a688913e7b76ef69cc30e2eb196
62,7.286203269,2.04013691532,0x364cca007288658e9047d35bbc2f6473b04b2325,2017-09-14T10:03:03.000Z,0.28,0x534cacb922c009e510fb25e0d89d307d15a8392f,sell,0xe0b7927c4af23765cb51314a0e0521a9645f0e2a,0xf018d47432d7fc86e231976a1e57ac42a35259911e3b9fe48649e2658187b143
63,6.650129447,1.86203624516,0x364cca007288658e9047d35bbc2f6473b04b2325,2017-09-14T08:43:04.000Z,0.28,0x669f0ab96fd3beb68bc836bb874894bbb516331a,sell,0xe0b7927c4af23765cb51314a0e0521a9645f0e2a,0x973d8174f95b56b6927f4263e5bbe09fb0f16cc4e8181470977172ac136e36ac
64,0.004550893,0.00118323218,0x8a782641bdc1d1eb8fe27fa2ad313ad84ec9c001,2017-09-13T19:13:41.000Z,0.26,0x84e51df55365f6a10b1b5dc157af61b2a3a9ccd3,sell,0xe0b7927c4af23765cb51314a0e0521a9645f0e2a,0xedd2788980bc643be9f578ce26f6304ba1ec65145951d3483e130b2b7ee02339
65,0.145,0.029000145,0x8909e1a4f31fc2214ea6c4a917268b833b00c000,2017-09-13T19:05:18.000Z,0.200001,0x84e51df55365f6a10b1b5dc157af61b2a3a9ccd3,sell,0xe0b7927c4af23765cb51314a0e0521a9645f0e2a,0x73cfc9e0524eaa98532f68b00379c72033e5eaa3bb6f14605fc03afc7918e258
66,1.830324444,0.47588435544,0x8a782641bdc1d1eb8fe27fa2ad313ad84ec9c001,2017-09-13T01:48:33.000Z,0.26,0x097501c95264ad3204159efaefdc5820783dbeae,sell,0xe0b7927c4af23765cb51314a0e0521a9645f0e2a,0x1685d8398d7968663786f581742312936ffa36e32c5d42d055b8863b2a7ff1d8
67,1.739,0.46953,0xa99a6543b2ca43c44cdadf903665a440adfe1372,2017-09-13T01:47:09.000Z,0.27,0x097501c95264ad3204159efaefdc5820783dbeae,sell,0xe0b7927c4af23765cb51314a0e0521a9645f0e2a,0x234496b762568565508a0415f1e7b48672739fa4b0d2b9fd11eeebf0a8500e00
68,4.98633698,1.3961743544,0x84bc5b3ec46de4635046247fcea11de39e7b26ab,2017-09-12T23:01:31.000Z,0.28,0xf142f26d1cac4ba8a6e6d7974d243eda2fe5f4f9,sell,0xe0b7927c4af23765cb51314a0e0521a9645f0e2a,0x9cacd2714324b9efc0f0a1bcf3c60aba8c3abdb77678637d42e6ad33b9cad486
69,17.946237449,5.02494648572,0x84bc5b3ec46de4635046247fcea11de39e7b26ab,2017-09-12T22:52:51.000Z,0.28,0xf142f26d1cac4ba8a6e6d7974d243eda2fe5f4f9,sell,0xe0b7927c4af23765cb51314a0e0521a9645f0e2a,0x75830d90b9b905a0a5cf5deb842899067f894b2bc15a15a42ddafd3b75bdb298
70,18.707846814,5.23819710792,0x84bc5b3ec46de4635046247fcea11de39e7b26ab,2017-09-12T22:41:12.000Z,0.28,0xf142f26d1cac4ba8a6e6d7974d243eda2fe5f4f9,sell,0xe0b7927c4af23765cb51314a0e0521a9645f0e2a,0xfcb2620dcc9d43f176c34bb3bfb8d0b1a8c68c0fc58fbd8ec5894473554cf18a
71,18.411382272,4.97107321344,0xa99a6543b2ca43c44cdadf903665a440adfe1372,2017-09-12T20:53:31.000Z,0.27,0xf142f26d1cac4ba8a6e6d7974d243eda2fe5f4f9,sell,0xe0b7927c4af23765cb51314a0e0521a9645f0e2a,0xc6bcbf5f6871f8172fd8d661a119e140fcf0b845e21c1702d33d574c21e1fbc6
72,9.67,2.8043,0xa99a6543b2ca43c44cdadf903665a440adfe1372,2017-09-12T20:49:12.000Z,0.29,0x2bc2ca2a7b3e6edef35223a211ac3b0b9b8d4346,buy,0xe0b7927c4af23765cb51314a0e0521a9645f0e2a,0x1aa7f83dd16c1e0f20d4d35535c6ad88bdd340b805c88c45ec96ea7f9aa1c30e
73,18.559270309,5.01100298343,0xa99a6543b2ca43c44cdadf903665a440adfe1372,2017-09-12T20:46:40.000Z,0.27,0xf142f26d1cac4ba8a6e6d7974d243eda2fe5f4f9,sell,0xe0b7927c4af23765cb51314a0e0521a9645f0e2a,0x91595e5c43f1d3221a6e64c5e7868634d3eb0178075e69754a86e423f27a7fce
74,18.594955301,5.150802618377,0x968137fc9bae453a096fe45c93906bc4161b8cc0,2017-09-12T20:39:29.000Z,0.277,0xf142f26d1cac4ba8a6e6d7974d243eda2fe5f4f9,sell,0xe0b7927c4af23765cb51314a0e0521a9645f0e2a,0x70b744cf2adac902b21cf492e856edfe2ae17a9c09a12499545978727ecf58c7
75,18.600624775,5.152373062675,0x968137fc9bae453a096fe45c93906bc4161b8cc0,2017-09-12T20:29:51.000Z,0.277,0xf142f26d1cac4ba8a6e6d7974d243eda2fe5f4f9,sell,0xe0b7927c4af23765cb51314a0e0521a9645f0e2a,0xe53f8f98fcc65a515be3221566e9a66f501eec452c9b8b0cf0a261e96230b782
76,1.674967123,0.463965893071,0x968137fc9bae453a096fe45c93906bc4161b8cc0,2017-09-12T20:22:42.000Z,0.277,0xf6fb7a4de4bf4bc746783abc63000b0148dac855,sell,0xe0b7927c4af23765cb51314a0e0521a9645f0e2a,0xf4832d53bc2e4863b09b98110a5041b2e75ae97678416164102fa512700efbcf
77,1.595213466,0.441874130082,0x968137fc9bae453a096fe45c93906bc4161b8cc0,2017-09-12T20:11:55.000Z,0.277,0xf6fb7a4de4bf4bc746783abc63000b0148dac855,sell,0xe0b7927c4af23765cb51314a0e0521a9645f0e2a,0x2da9b01d7dec11d225e610d205e766c0915ded195e569a805f0f8240c9bede31
78,0.2,0.058,0x35ca1f6ccca60fff19178af476ce18caa3a4a169,2017-09-12T05:17:51.000Z,0.29,0x2bc2ca2a7b3e6edef35223a211ac3b0b9b8d4346,buy,0xe0b7927c4af23765cb51314a0e0521a9645f0e2a,0x6d01efbea534cde37b00cbe0908cca720bd98616f29fbaa81fd0dc51d09c1d37
79,0.12,0.0348,0x9b113df7b32e93193e6e2d8ec491bcc30da0c04c,2017-09-12T01:20:28.000Z,0.29,0x2bc2ca2a7b3e6edef35223a211ac3b0b9b8d4346,buy,0xe0b7927c4af23765cb51314a0e0521a9645f0e2a,0x5def8deac0bb7173b5d6ef97175fc609e8d6c2ad8f3554039332c2c8ca84cce9
80,0.03,0.0098946,0x9b113df7b32e93193e6e2d8ec491bcc30da0c04c,2017-09-12T01:15:39.000Z,0.32982,0x2d6210b77b7e08a1d3658e6e9c4cfeeb1a6ee5bb,buy,0xe0b7927c4af23765cb51314a0e0521a9645f0e2a,0xa5d4267cbd2b48ae0b77e1ed676e6ddd474d83e740884a47920eab5f6168b5a0
81,0.01,0.0029,0xfc4d4dd4057d7e5c84ae3f09f32a8fd58171a6ec,2017-09-12T00:08:37.000Z,0.29,0x2bc2ca2a7b3e6edef35223a211ac3b0b9b8d4346,buy,0xe0b7927c4af23765cb51314a0e0521a9645f0e2a,0x18c4b2afc6a3a6b82c04525371929fb718a44edb9a48038ee23bf4d646abe688
82,0.091,0.03001362,0x3bd189a9b1c11684b08f6464866dfa431362a06e,2017-09-11T21:01:39.000Z,0.32982,0x2d6210b77b7e08a1d3658e6e9c4cfeeb1a6ee5bb,buy,0xe0b7927c4af23765cb51314a0e0521a9645f0e2a,0xf43a2a6bb8f50056f164e4f8f4c4d95d600fc581444c46a1526b34ae095fa50c
83,3.559472664,0.989533400592,0xf9a6f029d0aa262ededc665c957daebd9b07c641,2017-09-11T20:28:58.000Z,0.278,0xf732b16f5aee6cd2db5b30a7a3860764a48b19ff,sell,0xe0b7927c4af23765cb51314a0e0521a9645f0e2a,0xab5fa01c0814d1a1550606647461abc72a6fb5dd9c18b99defd7f16c79744566
84,0.226540583,0.07471761508506,0x2a9f4b1510ca802bf99aa3bad2a8065313471640,2017-09-11T19:35:20.000Z,0.32982,0x2d6210b77b7e08a1d3658e6e9c4cfeeb1a6ee5bb,buy,0xe0b7927c4af23765cb51314a0e0521a9645f0e2a,0x1de9bebd95cd3b549462ed62edfe20aea43618c4e89d9a70a70b70dbbaa45fc6
85,0.225860961,0.078825475389,0x922d0349b7f9eda7bf66ce273ab99f82d74df327,2017-09-11T19:35:20.000Z,0.349,0x2a9f4b1510ca802bf99aa3bad2a8065313471640,sell,0xe0b7927c4af23765cb51314a0e0521a9645f0e2a,0x1de9bebd95cd3b549462ed62edfe20aea43618c4e89d9a70a70b70dbbaa45fc6
86,0.035891999,0.012526307651,0x922d0349b7f9eda7bf66ce273ab99f82d74df327,2017-09-11T19:25:21.000Z,0.349,0x9ff9c2611dccea9402fc0e297118fefa38af5cd4,sell,0xe0b7927c4af23765cb51314a0e0521a9645f0e2a,0x644cbd393e70a459950b53fe3d68c65fdc30d5e1cedffbde254785cf69a6570c
87,0.035999999,0.011873519999999999,0x9ff9c2611dccea9402fc0e297118fefa38af5cd4,2017-09-11T19:25:21.000Z,0.32982000916166687,0x2d6210b77b7e08a1d3658e6e9c4cfeeb1a6ee5bb,buy,0xe0b7927c4af23765cb51314a0e0521a9645f0e2a,0x644cbd393e70a459950b53fe3d68c65fdc30d5e1cedffbde254785cf69a6570c
88,1.468685689,0.512571305461,0x922d0349b7f9eda7bf66ce273ab99f82d74df327,2017-09-11T19:21:21.000Z,0.349,0xb6dba64619f3a70bdd4ffde2e1f5281a0009f041,sell,0xe0b7927c4af23765cb51314a0e0521a9645f0e2a,0xe7aa1402c2e7c95b115cae35343ae4877a826cf723bf6782266281f84e7df26d
89,1.473238615,0.4859035599993,0xb6dba64619f3a70bdd4ffde2e1f5281a0009f041,2017-09-11T19:21:21.000Z,0.32982,0x2d6210b77b7e08a1d3658e6e9c4cfeeb1a6ee5bb,buy,0xe0b7927c4af23765cb51314a0e0521a9645f0e2a,0xe7aa1402c2e7c95b115cae35343ae4877a826cf723bf6782266281f84e7df26d
90,12,3.95784,0x2a9f4b1510ca802bf99aa3bad2a8065313471640,2017-09-11T19:19:49.000Z,0.32982,0x2d6210b77b7e08a1d3658e6e9c4cfeeb1a6ee5bb,buy,0xe0b7927c4af23765cb51314a0e0521a9645f0e2a,0x262a94dc3b8a32518f99ae98a97d6d81b48e085e2bf388a1d9eab5e16de987e1
91,11.964,4.175436,0x922d0349b7f9eda7bf66ce273ab99f82d74df327,2017-09-11T19:19:49.000Z,0.349,0x2a9f4b1510ca802bf99aa3bad2a8065313471640,sell,0xe0b7927c4af23765cb51314a0e0521a9645f0e2a,0x262a94dc3b8a32518f99ae98a97d6d81b48e085e2bf388a1d9eab5e16de987e1
92,0.638,0.2097744,0x922d0349b7f9eda7bf66ce273ab99f82d74df327,2017-09-11T19:08:09.000Z,0.3288,0x9a7b483489ecc9c2902bcf02d3d77cdc7618867e,buy,0xe0b7927c4af23765cb51314a0e0521a9645f0e2a,0x0b1bbf786970258f50eadee242e502c87b09a06abc5c2dac2042c16797562ea0
93,12.867111442,3.577056980876,0xf9a6f029d0aa262ededc665c957daebd9b07c641,2017-09-11T18:21:51.000Z,0.278,0xf142f26d1cac4ba8a6e6d7974d243eda2fe5f4f9,sell,0xe0b7927c4af23765cb51314a0e0521a9645f0e2a,0x1fd4e697dc805c95682bbf3022ff98db83f86ea8f046b13bec50c4231a88ba26
94,24.379272725,6.77743781755,0xf9a6f029d0aa262ededc665c957daebd9b07c641,2017-09-11T18:10:31.000Z,0.278,0xf142f26d1cac4ba8a6e6d7974d243eda2fe5f4f9,sell,0xe0b7927c4af23765cb51314a0e0521a9645f0e2a,0xeb4ea8362528ad70305ae28c517343cbedbe17f37f99e8c9372bd979c2b44993
95,8.484697437,2.358745887486,0xf9a6f029d0aa262ededc665c957daebd9b07c641,2017-09-11T17:46:34.000Z,0.278,0xf142f26d1cac4ba8a6e6d7974d243eda2fe5f4f9,sell,0xe0b7927c4af23765cb51314a0e0521a9645f0e2a,0x49c50d97ba42acacc3ed8c878aa2e9046f996687a9c25e2755596aa2e3de3c11
96,0.003662228,0.001018099384,0xf9a6f029d0aa262ededc665c957daebd9b07c641,2017-09-11T17:46:15.000Z,0.278,0x9af723cdc53e63f40881631bd588df2833893246,sell,0xe0b7927c4af23765cb51314a0e0521a9645f0e2a,0x881fdc2020b2b8315799179b1e171cbf2fac07d1667afc2a6a3e67faa0ecd61f
97,36.735801202,10.212552734156,0xf9a6f029d0aa262ededc665c957daebd9b07c641,2017-09-11T17:45:29.000Z,0.278,0x9af723cdc53e63f40881631bd588df2833893246,sell,0xe0b7927c4af23765cb51314a0e0521a9645f0e2a,0xe7534f227bdea7b221402ddaf088f3d1814b54083f8caf1ba1b254388f96ba36
98,36.821852258,10.236474927724,0xf9a6f029d0aa262ededc665c957daebd9b07c641,2017-09-11T17:37:05.000Z,0.278,0x9af723cdc53e63f40881631bd588df2833893246,sell,0xe0b7927c4af23765cb51314a0e0521a9645f0e2a,0xe86e9e1d7b3a43a97ad21517de5c8b35278624073156a8f747cccbd5d12afde6
99,4.571827336,1.270967999408,0xf9a6f029d0aa262ededc665c957daebd9b07c641,2017-09-11T15:43:50.000Z,0.278,0x010f7ec243bb5e7ed2b54cce49ca147e540e56fc,sell,0xe0b7927c4af23765cb51314a0e0521a9645f0e2a,0x23169be5874a2b5d1f1261f117cb63f7e989a4a1fbfc8e345725fca560fec5b1
100,0.000000231,0.000000063987,0x4f3f3c2f56fa83644d725bcc18ff8663a54c11e1,2017-09-11T15:36:46.000Z,0.277,0x010f7ec243bb5e7ed2b54cce49ca147e540e56fc,sell,0xe0b7927c4af23765cb51314a0e0521a9645f0e2a,0x76c78b58afac0d290c44eaf2eff5fd42f828d20cb4767abf0cbac687f025b004
101,0.002312143,0.000642775754,0xf9a6f029d0aa262ededc665c957daebd9b07c641,2017-09-11T15:32:47.000Z,0.278,0x010f7ec243bb5e7ed2b54cce49ca147e540e56fc,sell,0xe0b7927c4af23765cb51314a0e0521a9645f0e2a,0x8605070a540b9790c6431b9f89bb07a7df71cc5069ec70b70cd7be9aca4ed405
102,23.193101754,6.447682287612,0xf9a6f029d0aa262ededc665c957daebd9b07c641,2017-09-11T13:04:39.000Z,0.278,0x010f7ec243bb5e7ed2b54cce49ca147e540e56fc,sell,0xe0b7927c4af23765cb51314a0e0521a9645f0e2a,0xc6c25aca354c0368e76a20cad73034b4510af497a56f24c0b2670b30896204e7
103,0.003687778,0.001025202284,0xf9a6f029d0aa262ededc665c957daebd9b07c641,2017-09-11T12:59:54.000Z,0.278,0x010f7ec243bb5e7ed2b54cce49ca147e540e56fc,sell,0xe0b7927c4af23765cb51314a0e0521a9645f0e2a,0xc739c1cc0e30becade55c6e8abd0c33977e1c6ad8abe185c8ab8ac577112fdb6
104,18.747760368,5.211877382304,0xf9a6f029d0aa262ededc665c957daebd9b07c641,2017-09-11T12:49:39.000Z,0.278,0xe0ea29487ed661e3c6dc3c78fe7f464053c3f2e1,sell,0xe0b7927c4af23765cb51314a0e0521a9645f0e2a,0xa6db7d82de04e549766ebe52ec82a2f9b0ec530690fea82cfeee2365064d9d7b
105,12.370785587,3.439078393186,0xf9a6f029d0aa262ededc665c957daebd9b07c641,2017-09-11T12:30:28.000Z,0.278,0x097501c95264ad3204159efaefdc5820783dbeae,sell,0xe0b7927c4af23765cb51314a0e0521a9645f0e2a,0x34122be4249bfec9f8d33c776b0880f681b62bd2f3b2f191f7611f2be06fc37b
106,36.992095973,10.283802680494,0xf9a6f029d0aa262ededc665c957daebd9b07c641,2017-09-11T12:21:53.000Z,0.278,0x010f7ec243bb5e7ed2b54cce49ca147e540e56fc,sell,0xe0b7927c4af23765cb51314a0e0521a9645f0e2a,0x29538a39e0602bd3ca6ed252c3b5903d48e9ef4b450e5058cb09666547b3e814
107,68.78424487,19.12202007386,0xf9a6f029d0aa262ededc665c957daebd9b07c641,2017-09-11T12:12:40.000Z,0.278,0xe0ea29487ed661e3c6dc3c78fe7f464053c3f2e1,sell,0xe0b7927c4af23765cb51314a0e0521a9645f0e2a,0xe8878ae406134eabe75bbbb539d1b98fc4a30546cb019fe7442fb2bdf485dac4
108,1.58626926,0.44098285428,0xf9a6f029d0aa262ededc665c957daebd9b07c641,2017-09-11T12:11:46.000Z,0.278,0xf6fb7a4de4bf4bc746783abc63000b0148dac855,sell,0xe0b7927c4af23765cb51314a0e0521a9645f0e2a,0xb1dd4a25dde9b076182fc8b03c7858a6afc02053a4eae7bb2eda93a99f5512f5
109,74.760284984,20.783359225552,0xf9a6f029d0aa262ededc665c957daebd9b07c641,2017-09-11T12:06:09.000Z,0.278,0xe0ea29487ed661e3c6dc3c78fe7f464053c3f2e1,sell,0xe0b7927c4af23765cb51314a0e0521a9645f0e2a,0x70554d066ec8b201c9772a56d3d0adc8008a29ca4b531a88c0f582ca1063bb61
110,12.0606189,3.3528520542,0xf9a6f029d0aa262ededc665c957daebd9b07c641,2017-09-11T12:02:56.000Z,0.278,0x097501c95264ad3204159efaefdc5820783dbeae,sell,0xe0b7927c4af23765cb51314a0e0521a9645f0e2a,0xd1de8ec72b59ee8a7dd83719ca22869fb640ec3326f9304b34367a93c6faa0d4
111,20.418671883,5.655972111591,0x4f3f3c2f56fa83644d725bcc18ff8663a54c11e1,2017-09-11T11:56:16.000Z,0.277,0xe0ea29487ed661e3c6dc3c78fe7f464053c3f2e1,sell,0xe0b7927c4af23765cb51314a0e0521a9645f0e2a,0x1837b7494a31fc9fd125f379aaec2c3ecf5fc99be351c78deefba850f0f73251
112,99.697656395,27.616250821415,0x4f3f3c2f56fa83644d725bcc18ff8663a54c11e1,2017-09-11T11:49:53.000Z,0.277,0xe0ea29487ed661e3c6dc3c78fe7f464053c3f2e1,sell,0xe0b7927c4af23765cb51314a0e0521a9645f0e2a,0xb6ec0e7235528aed8f95568e5048e1306e0a0f3f98876c2507d36c168779fb07
113,37.714696532,10.446970939364,0x4f3f3c2f56fa83644d725bcc18ff8663a54c11e1,2017-09-11T11:47:21.000Z,0.277,0x010f7ec243bb5e7ed2b54cce49ca147e540e56fc,sell,0xe0b7927c4af23765cb51314a0e0521a9645f0e2a,0xc9efe15333a1b1a9b94da3d67382271866a98707873fbe5c10b6ae5fdb60e292
114,11.563289346,3.203031148842,0x4f3f3c2f56fa83644d725bcc18ff8663a54c11e1,2017-09-11T11:28:51.000Z,0.277,0x097501c95264ad3204159efaefdc5820783dbeae,sell,0xe0b7927c4af23765cb51314a0e0521a9645f0e2a,0xbd504a3dd08aeb4a632b3694e368afe80dc37580d1e77a5ec4fdc0bf55f4be06
115,11.563289346,3.203031148842,0x4f3f3c2f56fa83644d725bcc18ff8663a54c11e1,2017-09-11T11:28:30.000Z,0.277,0x097501c95264ad3204159efaefdc5820783dbeae,sell,0xe0b7927c4af23765cb51314a0e0521a9645f0e2a,0xbd504a3dd08aeb4a632b3694e368afe80dc37580d1e77a5ec4fdc0bf55f4be06
116,27.448472622,7.603226916294,0x4f3f3c2f56fa83644d725bcc18ff8663a54c11e1,2017-09-11T11:28:09.000Z,0.277,0x669f0ab96fd3beb68bc836bb874894bbb516331a,sell,0xe0b7927c4af23765cb51314a0e0521a9645f0e2a,0xb02c92fa3f0b231d64576740af3489d3061a652a5041f981a8187a584515d74b
117,37.957206159,10.514146106043,0x4f3f3c2f56fa83644d725bcc18ff8663a54c11e1,2017-09-11T11:19:19.000Z,0.277,0x010f7ec243bb5e7ed2b54cce49ca147e540e56fc,sell,0xe0b7927c4af23765cb51314a0e0521a9645f0e2a,0x54fa6ae241354e2d95533d03748a1cbcc35663ec8d2e82c0e1c149c6ee84f6b2
118,25.628861939,7.099194757103,0x4f3f3c2f56fa83644d725bcc18ff8663a54c11e1,2017-09-11T11:06:19.000Z,0.277,0x669f0ab96fd3beb68bc836bb874894bbb516331a,sell,0xe0b7927c4af23765cb51314a0e0521a9645f0e2a,0x239944d9805d11cbfd55fc8ebc2768e0eae8d32e55bd29e96ab437cd78ecc81e
119,14.152,3.920104,0x4f3f3c2f56fa83644d725bcc18ff8663a54c11e1,2017-09-11T10:43:28.000Z,0.277,0xf6fb7a4de4bf4bc746783abc63000b0148dac855,sell,0xe0b7927c4af23765cb51314a0e0521a9645f0e2a,0x33ed559b0b91e48c7d1c5b89b17c3069ccad77577758dfa147c443321f385037
120,28.734974852,7.959588034004,0x4f3f3c2f56fa83644d725bcc18ff8663a54c11e1,2017-09-11T10:35:08.000Z,0.277,0x010f7ec243bb5e7ed2b54cce49ca147e540e56fc,sell,0xe0b7927c4af23765cb51314a0e0521a9645f0e2a,0x624cb8129cb1c4c547303ada62486f59912a3655479fdd6f319730f2c2613697
121,11.355416792,3.145450451384,0x4f3f3c2f56fa83644d725bcc18ff8663a54c11e1,2017-09-11T10:32:02.000Z,0.277,0x097501c95264ad3204159efaefdc5820783dbeae,sell,0xe0b7927c4af23765cb51314a0e0521a9645f0e2a,0xcb5a19fa866f3ae5234bb7d670730d23268a2e5687fbe14efa6cffbbf12a5254
122,14.152,3.920104,0x4f3f3c2f56fa83644d725bcc18ff8663a54c11e1,2017-09-11T10:30:02.000Z,0.277,0xf6fb7a4de4bf4bc746783abc63000b0148dac855,sell,0xe0b7927c4af23765cb51314a0e0521a9645f0e2a,0x0658a7799092319bbb07758ae373910ddad5e6a58cae62d1419b1789277ce28a
123,10.532743345,2.917569906565,0x4f3f3c2f56fa83644d725bcc18ff8663a54c11e1,2017-09-11T10:28:28.000Z,0.277,0x010f7ec243bb5e7ed2b54cce49ca147e540e56fc,sell,0xe0b7927c4af23765cb51314a0e0521a9645f0e2a,0xd1f5d72095605de53cae3c8b5520d77148eca247ddfc1910659758893970566a
124,0.986940484,0.273382514068,0x4f3f3c2f56fa83644d725bcc18ff8663a54c11e1,2017-09-11T10:20:10.000Z,0.277,0xf6fb7a4de4bf4bc746783abc63000b0148dac855,sell,0xe0b7927c4af23765cb51314a0e0521a9645f0e2a,0xbcdbc1aa062b3f906accd004ca1e8d2db0967acb46df82f7b24aa2c9c83ccb83
125,10.784247077,2.987236440329,0x4f3f3c2f56fa83644d725bcc18ff8663a54c11e1,2017-09-11T10:05:08.000Z,0.277,0x097501c95264ad3204159efaefdc5820783dbeae,sell,0xe0b7927c4af23765cb51314a0e0521a9645f0e2a,0x93b4691bcae42a1e838c37d467b3b9cacfe06354d2a34b1986ca12e17e8e0d09
126,15.614594756,4.325242747412,0x4f3f3c2f56fa83644d725bcc18ff8663a54c11e1,2017-09-11T10:04:41.000Z,0.277,0x010f7ec243bb5e7ed2b54cce49ca147e540e56fc,sell,0xe0b7927c4af23765cb51314a0e0521a9645f0e2a,0x9b43e5c840d7ceb1ffb499e45fe86e161a7a8285252dad1dfc4a9c6ea555d027
127,167.191284222,46.311985729494,0x4f3f3c2f56fa83644d725bcc18ff8663a54c11e1,2017-09-11T09:48:44.000Z,0.277,0xe0ea29487ed661e3c6dc3c78fe7f464053c3f2e1,sell,0xe0b7927c4af23765cb51314a0e0521a9645f0e2a,0x4949271aaf02df3021226d8cefa39c0754f4d26f2c6cf578dd73c1b00100e77e
128,2.277,0.630729,0x4f3f3c2f56fa83644d725bcc18ff8663a54c11e1,2017-09-11T09:40:17.000Z,0.277,0xf0ee970a9ad9723fe6985b721b4733a525412316,sell,0xe0b7927c4af23765cb51314a0e0521a9645f0e2a,0x4933109e1117ddba65a0bb725b4d2d7feddf7df7ff58d5bcb7765aabb3261f51
129,10.226116142,2.832634171334,0x4f3f3c2f56fa83644d725bcc18ff8663a54c11e1,2017-09-11T09:38:40.000Z,0.277,0x097501c95264ad3204159efaefdc5820783dbeae,sell,0xe0b7927c4af23765cb51314a0e0521a9645f0e2a,0xc3184747b509fa9670db045963e323a08702307963802973664129361446bd47
130,6.496717382,1.799590714814,0x4f3f3c2f56fa83644d725bcc18ff8663a54c11e1,2017-09-11T09:36:04.000Z,0.277,0x669f0ab96fd3beb68bc836bb874894bbb516331a,sell,0xe0b7927c4af23765cb51314a0e0521a9645f0e2a,0x0359fea71f416eaa31fcee6bab9976bec9afa41579bd8f6cc89273a22124a57c
131,25.772026973,7.138851471521,0x4f3f3c2f56fa83644d725bcc18ff8663a54c11e1,2017-09-11T09:27:10.000Z,0.277,0xe0ea29487ed661e3c6dc3c78fe7f464053c3f2e1,sell,0xe0b7927c4af23765cb51314a0e0521a9645f0e2a,0x3c7f4b9002ab7ad783cb14083a966976bce530a9fe59c46287d4da2b2a519ed1
132,9.202562057,2.549109689789,0x4f3f3c2f56fa83644d725bcc18ff8663a54c11e1,2017-09-11T09:18:52.000Z,0.277,0xe0ea29487ed661e3c6dc3c78fe7f464053c3f2e1,sell,0xe0b7927c4af23765cb51314a0e0521a9645f0e2a,0xfd801ee450793058387ff741fde7ff3fdc7cde3e32cd2dc115d159fc92172732
133,31.398641993,8.697423832061,0x4f3f3c2f56fa83644d725bcc18ff8663a54c11e1,2017-09-11T09:17:02.000Z,0.277,0x669f0ab96fd3beb68bc836bb874894bbb516331a,sell,0xe0b7927c4af23765cb51314a0e0521a9645f0e2a,0x3127ac4e50331c23fb350d44b9a1596deb6be1f5faf74eccac553a4bffd05757
134,4.97,1.37669,0x4f3f3c2f56fa83644d725bcc18ff8663a54c11e1,2017-09-11T09:06:36.000Z,0.277,0xe0ea29487ed661e3c6dc3c78fe7f464053c3f2e1,sell,0xe0b7927c4af23765cb51314a0e0521a9645f0e2a,0xbd2930d57dd8efef0e815a51f72dd3471d89d34203b5d743bec500880bddf79f
135,9.569111661,2.650643930097,0x4f3f3c2f56fa83644d725bcc18ff8663a54c11e1,2017-09-11T09:06:36.000Z,0.277,0x097501c95264ad3204159efaefdc5820783dbeae,sell,0xe0b7927c4af23765cb51314a0e0521a9645f0e2a,0x771455c60b4ad0341fb1fbb88082d2d4463b09506a4195821bff5611aa3599d9
136,19.777830513,5.478459052101,0x4f3f3c2f56fa83644d725bcc18ff8663a54c11e1,2017-09-11T09:00:33.000Z,0.277,0x669f0ab96fd3beb68bc836bb874894bbb516331a,sell,0xe0b7927c4af23765cb51314a0e0521a9645f0e2a,0x6710967b45c965f1730ca7917497aa891acdfb0a581618329878ecfd57c91e6c
137,5.070285852,1.404469181004,0x4f3f3c2f56fa83644d725bcc18ff8663a54c11e1,2017-09-11T08:43:05.000Z,0.277,0xf732b16f5aee6cd2db5b30a7a3860764a48b19ff,sell,0xe0b7927c4af23765cb51314a0e0521a9645f0e2a,0xd69148ca9a444aa3fe1a6cce69d776feac54d52f1cf0790c9aff2d986f01cdc2
138,0.003987638,0.001104575726,0x4f3f3c2f56fa83644d725bcc18ff8663a54c11e1,2017-09-11T08:36:43.000Z,0.277,0x0ce4b16411b408bc9f06d456175db3cc79b25299,sell,0xe0b7927c4af23765cb51314a0e0521a9645f0e2a,0xf06f66307b2c06ee5a09358a57a1512583463013161ee9ab1697ef21511e34d3
139,0.004,0.0013152,0x0ce4b16411b408bc9f06d456175db3cc79b25299,2017-09-11T08:34:54.000Z,0.3288,0x9a7b483489ecc9c2902bcf02d3d77cdc7618867e,buy,0xe0b7927c4af23765cb51314a0e0521a9645f0e2a,0x40a98fbb84662c1ca900d007e93e3c7866a2ee3d72e649dabfaf256831ff7dd1
140,9.530763029,2.640021359033,0x4f3f3c2f56fa83644d725bcc18ff8663a54c11e1,2017-09-11T08:06:57.000Z,0.277,0x8be9b4fc633014f520db96c4b75de38954ce6802,sell,0xe0b7927c4af23765cb51314a0e0521a9645f0e2a,0x1c37505f2900f10350564f92ddf29af275253c9773658ce091fb5641f65bad69
141,5.023184159,1.391422012043,0xf9a6f029d0aa262ededc665c957daebd9b07c641,2017-09-11T08:03:19.000Z,0.277,0xf732b16f5aee6cd2db5b30a7a3860764a48b19ff,sell,0xe0b7927c4af23765cb51314a0e0521a9645f0e2a,0x448aa1eb2d7d6d8564f7925b4484bc9719c0a2f0a2d67c1eea813481da77c288
142,13.083938528,3.624250972256,0x4f3f3c2f56fa83644d725bcc18ff8663a54c11e1,2017-09-11T07:57:19.000Z,0.277,0x8be9b4fc633014f520db96c4b75de38954ce6802,sell,0xe0b7927c4af23765cb51314a0e0521a9645f0e2a,0x1c8a6475e615ef1473647adf7c36f3915a957eb700ab9650fb61b726d4573ac8
143,4.987365955,1.381500369535,0x4f3f3c2f56fa83644d725bcc18ff8663a54c11e1,2017-09-11T07:49:09.000Z,0.277,0x8be9b4fc633014f520db96c4b75de38954ce6802,sell,0xe0b7927c4af23765cb51314a0e0521a9645f0e2a,0x3acb0ca24b38b3519fcb837cd212616584d75f4f420a1fd06043a18cd2f4518b
144,36.124548239,10.006499862203,0xf9a6f029d0aa262ededc665c957daebd9b07c641,2017-09-11T02:55:30.000Z,0.277,0xf142f26d1cac4ba8a6e6d7974d243eda2fe5f4f9,sell,0xe0b7927c4af23765cb51314a0e0521a9645f0e2a,0x07fa4fcfe169888c9418e750fd66c31f86615f91d8690f482be12fcf35357cc8
145,18.943170677,5.247258277529,0xf9a6f029d0aa262ededc665c957daebd9b07c641,2017-09-11T02:42:48.000Z,0.277,0xf142f26d1cac4ba8a6e6d7974d243eda2fe5f4f9,sell,0xe0b7927c4af23765cb51314a0e0521a9645f0e2a,0x8356583a0ec1e18bf8c99e4edd1fda4d967b7000be61096c0cb4bbe67037ec6c
146,8.689372445,2.406956167265,0xf9a6f029d0aa262ededc665c957daebd9b07c641,2017-09-11T02:41:48.000Z,0.277,0x097501c95264ad3204159efaefdc5820783dbeae,sell,0xe0b7927c4af23765cb51314a0e0521a9645f0e2a,0x34b7d14832f5b3b4066ee4f659a2bb3c79f635b3f26ef5883a2c8de12edb339e
147,18.945058873,5.247781307821,0xf9a6f029d0aa262ededc665c957daebd9b07c641,2017-09-11T02:40:42.000Z,0.277,0xf142f26d1cac4ba8a6e6d7974d243eda2fe5f4f9,sell,0xe0b7927c4af23765cb51314a0e0521a9645f0e2a,0x653ffc353a2d6e6adc0f3145daec371abc6d2019d525573b87cc0d2434496ec9
148,37.885545845,10.494296199065,0xf9a6f029d0aa262ededc665c957daebd9b07c641,2017-09-11T02:27:48.000Z,0.277,0xf142f26d1cac4ba8a6e6d7974d243eda2fe5f4f9,sell,0xe0b7927c4af23765cb51314a0e0521a9645f0e2a,0x810ce5c8ab974cf36777e6f5b9d152e7303df3b959b64562f624d281d34996ab
149,29.910368427,8.285172054279,0xf9a6f029d0aa262ededc665c957daebd9b07c641,2017-09-11T02:23:00.000Z,0.277,0xf142f26d1cac4ba8a6e6d7974d243eda2fe5f4f9,sell,0xe0b7927c4af23765cb51314a0e0521a9645f0e2a,0xe541ad2ae8ec41c006b06ef40b3cb6ec873589599ebff47ade0dc71177be732b
150,30.905687921,8.560875554117,0xf9a6f029d0aa262ededc665c957daebd9b07c641,2017-09-11T01:58:52.000Z,0.277,0xf142f26d1cac4ba8a6e6d7974d243eda2fe5f4f9,sell,0xe0b7927c4af23765cb51314a0e0521a9645f0e2a,0x115dc17584caf21e9ba339d627f5b1c9ba23da86be8b7a30cedbca2edeb383cb
151,14.955532345,4.142682459565,0xf9a6f029d0aa262ededc665c957daebd9b07c641,2017-09-11T01:33:08.000Z,0.277,0xf142f26d1cac4ba8a6e6d7974d243eda2fe5f4f9,sell,0xe0b7927c4af23765cb51314a0e0521a9645f0e2a,0x5eb7e149b4fd7569b87e5c43436b2b4e6b7439e9eda00486e9e6018989415a3b
152,18.944959352,5.247753740504,0xf9a6f029d0aa262ededc665c957daebd9b07c641,2017-09-11T01:15:44.000Z,0.277,0xf142f26d1cac4ba8a6e6d7974d243eda2fe5f4f9,sell,0xe0b7927c4af23765cb51314a0e0521a9645f0e2a,0xf8e7b341c8bd5ba388e744db026f7f00409ff2a97831806ccf98da8768444e70
153,36.887244905,10.217766838685,0xf9a6f029d0aa262ededc665c957daebd9b07c641,2017-09-11T01:05:43.000Z,0.277,0xf142f26d1cac4ba8a6e6d7974d243eda2fe5f4f9,sell,0xe0b7927c4af23765cb51314a0e0521a9645f0e2a,0xbd4b9494e929370b8548385a8b6dd90effe353c9b67ef02610d07eeab70e377d
154,15.953634303,4.419156701931,0xf9a6f029d0aa262ededc665c957daebd9b07c641,2017-09-11T00:53:41.000Z,0.277,0xf142f26d1cac4ba8a6e6d7974d243eda2fe5f4f9,sell,0xe0b7927c4af23765cb51314a0e0521a9645f0e2a,0x8b0e5fea453a1282a35f89d8e5ef321c70d4e117f49341dd122842c25ccaea6b
155,30.90568797,8.56087556769,0xf9a6f029d0aa262ededc665c957daebd9b07c641,2017-09-11T00:42:40.000Z,0.277,0xf142f26d1cac4ba8a6e6d7974d243eda2fe5f4f9,sell,0xe0b7927c4af23765cb51314a0e0521a9645f0e2a,0x8c71fc8a3d5cb09175e580ab0475caed10e228ae803de5bfcdb828516e32e037
156,14.956015287,4.142816234499,0xf9a6f029d0aa262ededc665c957daebd9b07c641,2017-09-11T00:32:39.000Z,0.277,0xf142f26d1cac4ba8a6e6d7974d243eda2fe5f4f9,sell,0xe0b7927c4af23765cb51314a0e0521a9645f0e2a,0x7f7ff01fc50e282c3d1641abfd5e99bd59a639ba2302d1194c2089da82365ad5
157,23.789336966,6.589646339582,0xf9a6f029d0aa262ededc665c957daebd9b07c641,2017-09-11T00:27:15.000Z,0.277,0xf142f26d1cac4ba8a6e6d7974d243eda2fe5f4f9,sell,0xe0b7927c4af23765cb51314a0e0521a9645f0e2a,0xba5413a4d00fb7e0561dbb6c2667ec29d22d37b0d769b29e55295c23076382e6
158,43.160202167,11.955376000259,0xf9a6f029d0aa262ededc665c957daebd9b07c641,2017-09-11T00:16:26.000Z,0.277,0xf142f26d1cac4ba8a6e6d7974d243eda2fe5f4f9,sell,0xe0b7927c4af23765cb51314a0e0521a9645f0e2a,0xe177062b84bd428fd8db8170baf7f9b22275e26fb3c73de1a5888730bf5b7a48
159,14.956625488,4.142985260176,0xf9a6f029d0aa262ededc665c957daebd9b07c641,2017-09-11T00:12:34.000Z,0.277,0xf142f26d1cac4ba8a6e6d7974d243eda2fe5f4f9,sell,0xe0b7927c4af23765cb51314a0e0521a9645f0e2a,0x8649dcfb87632e88e49a97e9d43216197e488b1ce3eb2a257482eea63c2deb44
160,29.910269044,8.285144525188,0xf9a6f029d0aa262ededc665c957daebd9b07c641,2017-09-11T00:05:05.000Z,0.277,0xf142f26d1cac4ba8a6e6d7974d243eda2fe5f4f9,sell,0xe0b7927c4af23765cb51314a0e0521a9645f0e2a,0x693e6fc44594e8c9e7d7e4be9ba1daac67e179da483052ad504eda0bfde381ed
161,3.722286534,1.031073369918,0xf9a6f029d0aa262ededc665c957daebd9b07c641,2017-09-11T00:01:58.000Z,0.277,0x097501c95264ad3204159efaefdc5820783dbeae,sell,0xe0b7927c4af23765cb51314a0e0521a9645f0e2a,0x0235970976e37980e7229cecbe913bf564c0d12860505c67a8bf987c005d6437
162,29.908778301,8.284731589377,0xf9a6f029d0aa262ededc665c957daebd9b07c641,2017-09-10T23:54:32.000Z,0.277,0xf142f26d1cac4ba8a6e6d7974d243eda2fe5f4f9,sell,0xe0b7927c4af23765cb51314a0e0521a9645f0e2a,0x468d90553948ee3ee91d36eef8406f0d1f1e7280df6c49042f1fe3fbe0b6e2cb
163,14.955134818,4.142572344586,0xf9a6f029d0aa262ededc665c957daebd9b07c641,2017-09-10T23:46:54.000Z,0.277,0xf142f26d1cac4ba8a6e6d7974d243eda2fe5f4f9,sell,0xe0b7927c4af23765cb51314a0e0521a9645f0e2a,0xa0b24b5eab1564b332664bfc568ab75989aa8b6d0fdc01c44f5112666bc1ed42
164,14.957351442,4.143186349434,0xf9a6f029d0aa262ededc665c957daebd9b07c641,2017-09-10T23:45:14.000Z,0.277,0xf142f26d1cac4ba8a6e6d7974d243eda2fe5f4f9,sell,0xe0b7927c4af23765cb51314a0e0521a9645f0e2a,0x2d96e221b52a8d1a424dd6ee2395ea9ef38639e75479beb546fed9ad72916de4
165,37.192304587,10.302268370599,0xf9a6f029d0aa262ededc665c957daebd9b07c641,2017-09-10T23:38:28.000Z,0.277,0xf142f26d1cac4ba8a6e6d7974d243eda2fe5f4f9,sell,0xe0b7927c4af23765cb51314a0e0521a9645f0e2a,0x8f5c3147d6c50481b09d1f824a102e80d86b37520d6380ae594fa50972641874
166,4.440884064,1.230124885728,0xf9a6f029d0aa262ededc665c957daebd9b07c641,2017-09-10T23:28:13.000Z,0.277,0xff684104992bd26b6326bca4620d733526c0ddb1,sell,0xe0b7927c4af23765cb51314a0e0521a9645f0e2a,0x08c252c0627f57c265a3cec75ccb14b75c161e8e509c62a613313056e8bdad34
167,11.061659863,3.09726476164,0xf9a6f029d0aa262ededc665c957daebd9b07c641,2017-09-10T23:25:53.000Z,0.28,0xf142f26d1cac4ba8a6e6d7974d243eda2fe5f4f9,sell,0xe0b7927c4af23765cb51314a0e0521a9645f0e2a,0x7ad84f73efa2a6ab1c1d52efabe0fabe9e65d3f3f9761350b07337d1d899ede8
168,8.938340137,2.50273523836,0xf9a6f029d0aa262ededc665c957daebd9b07c641,2017-09-10T22:51:44.000Z,0.28,0xff684104992bd26b6326bca4620d733526c0ddb1,sell,0xe0b7927c4af23765cb51314a0e0521a9645f0e2a,0xfa3a4ee5cdc94ac16cf571cb52cb823b1df12bc04230a7247646886fb63945a6
169,0.18886879,0.0528832612,0xf9a6f029d0aa262ededc665c957daebd9b07c641,2017-09-10T17:47:01.000Z,0.28,0xf142f26d1cac4ba8a6e6d7974d243eda2fe5f4f9,sell,0xe0b7927c4af23765cb51314a0e0521a9645f0e2a,0x14de0dc22a623ed09813794b07f02d3309bff6dd7ebbf6ea17e91a82ae797473
170,14.94466752,4.1845069056,0xf9a6f029d0aa262ededc665c957daebd9b07c641,2017-09-10T17:20:08.000Z,0.28,0x669f0ab96fd3beb68bc836bb874894bbb516331a,sell,0xe0b7927c4af23765cb51314a0e0521a9645f0e2a,0x48aad5b76fda4f6e283942800b554ba53f22bdd35bbd650147c2bf0dabee51f2
171,9.959888728,2.78876884384,0xf9a6f029d0aa262ededc665c957daebd9b07c641,2017-09-10T17:11:34.000Z,0.28,0x669f0ab96fd3beb68bc836bb874894bbb516331a,sell,0xe0b7927c4af23765cb51314a0e0521a9645f0e2a,0xe43ca63402b5b23d5129f973f7f41c11837c881c361226bca7b565af4ac744fe
172,7.64383606,2.1402740968,0xf9a6f029d0aa262ededc665c957daebd9b07c641,2017-09-10T17:03:34.000Z,0.28,0x669f0ab96fd3beb68bc836bb874894bbb516331a,sell,0xe0b7927c4af23765cb51314a0e0521a9645f0e2a,0x51218d9ced6deecedb95ba53330bb66d92e03d2824580b89f5bebbefadfee428
173,16.947462865,4.7452896022,0xf9a6f029d0aa262ededc665c957daebd9b07c641,2017-09-10T16:41:39.000Z,0.28,0x19fff3b449a3a58a48c7f1d838761f5721401d26,sell,0xe0b7927c4af23765cb51314a0e0521a9645f0e2a,0x121b9fd1c98771360fcf964989deb24017f2c3c033b66fe6d21d345626c555a0
174,8.25621165,2.311739262,0xf9a6f029d0aa262ededc665c957daebd9b07c641,2017-09-10T16:35:51.000Z,0.28,0x097501c95264ad3204159efaefdc5820783dbeae,sell,0xe0b7927c4af23765cb51314a0e0521a9645f0e2a,0x4a888110c0ca5a9eb7a2e46138ebd54f497f913d2b2f0edcd5e49d7c153da7b1
175,8.059064387,2.25653802836,0xf9a6f029d0aa262ededc665c957daebd9b07c641,2017-09-10T15:59:41.000Z,0.28,0x097501c95264ad3204159efaefdc5820783dbeae,sell,0xe0b7927c4af23765cb51314a0e0521a9645f0e2a,0xbd0ddb93a534a3d1842a12321d5a85bf5cdd4c72bf91f891ddb427f750ce8009
176,1.317,0.3951,0xf9a6f029d0aa262ededc665c957daebd9b07c641,2017-09-10T14:25:03.000Z,0.3,0xff684104992bd26b6326bca4620d733526c0ddb1,sell,0xe0b7927c4af23765cb51314a0e0521a9645f0e2a,0xdd87f26243b2678187234b976be04c0ab1f71d3a12dc7732ac3cea9c6d236a8c
177,3.660111434,1.0980334302,0xf9a6f029d0aa262ededc665c957daebd9b07c641,2017-09-10T13:56:38.000Z,0.3,0xff684104992bd26b6326bca4620d733526c0ddb1,sell,0xe0b7927c4af23765cb51314a0e0521a9645f0e2a,0x092cd36c43cd753ef1aaaa96f27adfb947e2788d5552f5bbfcb731fec82c6502
178,0.474855286,0.1424565858,0xf9a6f029d0aa262ededc665c957daebd9b07c641,2017-09-10T12:38:40.000Z,0.3,0x097501c95264ad3204159efaefdc5820783dbeae,sell,0xe0b7927c4af23765cb51314a0e0521a9645f0e2a,0x66677feade538e51c4415b595e9a8c8615bfc5246289b29829228c6b02f50eb8
179,6.783,2.0349,0xf9a6f029d0aa262ededc665c957daebd9b07c641,2017-09-10T12:36:45.000Z,0.3,0x097501c95264ad3204159efaefdc5820783dbeae,sell,0xe0b7927c4af23765cb51314a0e0521a9645f0e2a,0x953fe99752e4ba34a5c12248a4b81635279171f5ed471d3ef915ff12b5c01f33
180,6.763364927,2.0290094781,0xf9a6f029d0aa262ededc665c957daebd9b07c641,2017-09-10T12:02:44.000Z,0.3,0x097501c95264ad3204159efaefdc5820783dbeae,sell,0xe0b7927c4af23765cb51314a0e0521a9645f0e2a,0xc3f1bd0d8a582cd36fbad7aa05176d50b6b3d5ea3eb547ef8fd12864357ca130
181,0.01,0.003288,0x0024a5046fd95c5eee6db19a69ef7ed3bacd50f1,2017-09-10T11:41:12.000Z,0.3288,0x9a7b483489ecc9c2902bcf02d3d77cdc7618867e,buy,0xe0b7927c4af23765cb51314a0e0521a9645f0e2a,0x6acf1a051c24720a2b26f49b844e350cfd7ad503ca163e3e370d183f3adde490
182,45.319510058,13.5958530174,0xf9a6f029d0aa262ededc665c957daebd9b07c641,2017-09-10T11:15:14.000Z,0.3,0x669f0ab96fd3beb68bc836bb874894bbb516331a,sell,0xe0b7927c4af23765cb51314a0e0521a9645f0e2a,0x0033a9e01dc4d421befc10c2031663ccdd4a4a3504eba3bade1fd428a52aeaec
183,0.005389597,0.0016168791,0xf9a6f029d0aa262ededc665c957daebd9b07c641,2017-09-10T11:13:32.000Z,0.3,0x669f0ab96fd3beb68bc836bb874894bbb516331a,sell,0xe0b7927c4af23765cb51314a0e0521a9645f0e2a,0x61266a788b01f4c832f30a56ce71b73c137185f05a03f35b563fdffd1888b8da
184,6.426079154,1.9278237462,0xf9a6f029d0aa262ededc665c957daebd9b07c641,2017-09-10T11:12:03.000Z,0.3,0x097501c95264ad3204159efaefdc5820783dbeae,sell,0xe0b7927c4af23765cb51314a0e0521a9645f0e2a,0x2eff7b69cab09109a28db0e5eb5f56abb27778b2c1f4a688f7db6cd3b4553b36
185,54.06304335,16.218913005,0xf9a6f029d0aa262ededc665c957daebd9b07c641,2017-09-10T10:51:19.000Z,0.3,0x669f0ab96fd3beb68bc836bb874894bbb516331a,sell,0xe0b7927c4af23765cb51314a0e0521a9645f0e2a,0x2cb61215b8ce439a4936b837a5fc597cf0639672cafe8882bdcf6e3eccbe133a
186,18.733638762,5.6200916286,0xf9a6f029d0aa262ededc665c957daebd9b07c641,2017-09-10T10:44:23.000Z,0.3,0x669f0ab96fd3beb68bc836bb874894bbb516331a,sell,0xe0b7927c4af23765cb51314a0e0521a9645f0e2a,0xaa058d00003d4b5edf2960013690854e47539aa19c2098a22fe4dba486b5d571
187,21.192911291,6.3578733873,0xf9a6f029d0aa262ededc665c957daebd9b07c641,2017-09-10T10:37:54.000Z,0.3,0x669f0ab96fd3beb68bc836bb874894bbb516331a,sell,0xe0b7927c4af23765cb51314a0e0521a9645f0e2a,0x17c3f96be277936633de8d76bccfecbe764ae14b24ec3355b6c84aaa28dd0e8a
188,18.270460555,5.4811381665,0xf9a6f029d0aa262ededc665c957daebd9b07c641,2017-09-10T10:13:21.000Z,0.3,0x669f0ab96fd3beb68bc836bb874894bbb516331a,sell,0xe0b7927c4af23765cb51314a0e0521a9645f0e2a,0xaf1f211b7193de7a84a217539e10f89e49e5cd41dcb0e56924932ae360d4244c
189,10.989819998,3.2969459994,0xf9a6f029d0aa262ededc665c957daebd9b07c641,2017-09-10T10:06:06.000Z,0.3,0x669f0ab96fd3beb68bc836bb874894bbb516331a,sell,0xe0b7927c4af23765cb51314a0e0521a9645f0e2a,0x4fd6e31a2f8b333fcc297e7a27c8818a460f603cae141c985ebf3be088865b25
190,0.4985,0.08973,0xf142f26d1cac4ba8a6e6d7974d243eda2fe5f4f9,2017-09-10T06:04:56.000Z,0.18,0x6d3d0dfa885186833d6cf04f7890aab7d3b43cd1,sell,0xe0b7927c4af23765cb51314a0e0521a9645f0e2a,0x21f6b1bab1aef9d0bccf7c2ce9cd1e6c704c7c47eece06a23316e1e4b6d25c3e
191,1.088625261,0.18506629437,0x50914aaa4aa1ff260dc1860952abc8a3c790a829,2017-09-05T19:24:53.000Z,0.17,0x7cbc4e0d168744912c5afc081499145bbdc51e69,sell,0xe0b7927c4af23765cb51314a0e0521a9645f0e2a,0x499bb2f85ab92745e10c4890d5a32370e7fa3550f8314f3b465ddc2a1db376b7
192,0.723781269,0.24536185024266977,0xabb3613d01388a8d3c79b86fde98a50ae685b1c4,2017-08-25T10:53:27.000Z,0.33900000007138864,0x2d6210b77b7e08a1d3658e6e9c4cfeeb1a6ee5bb,buy,0xe0b7927c4af23765cb51314a0e0521a9645f0e2a,0x5aea87f104fd2383f3590be31aa66e9f8cf65b0968437bd9603eb2bda300dcd2
193,0.65,0.22035,0x7791f89e603835a6d67939712cfad31db6a1b94c,2017-08-25T09:18:45.000Z,0.339,0x2d6210b77b7e08a1d3658e6e9c4cfeeb1a6ee5bb,buy,0xe0b7927c4af23765cb51314a0e0521a9645f0e2a,0x374005c658fc49bfeb6d60ff1d8d9326d4c8f4d6c6d429ae8a00e22d87f48a79
194,0.24,0.0768,0xd4a99a3e6a1a495ab95ea1a72a45f670ddbc0d96,2017-08-25T05:39:01.000Z,0.32,0xab6c79a9d40bda2e8925207e1d38f432847354e5,buy,0xe0b7927c4af23765cb51314a0e0521a9645f0e2a,0xc2f1f44255d2b4aa7a28013773407e0aec1781d22958bfbfb481832c294db321
195,0.5,0.1695,0x6d3d0dfa885186833d6cf04f7890aab7d3b43cd1,2017-08-24T19:30:48.000Z,0.339,0x2d6210b77b7e08a1d3658e6e9c4cfeeb1a6ee5bb,buy,0xe0b7927c4af23765cb51314a0e0521a9645f0e2a,0x0572eb2ac5d49678930ee725433f777ac0f62d823e968be70cf63a6afb5cc40c
196,0.24,0.06,0xd122d84d5bc9da9a307050019358f6cc4cc6d8fb,2017-08-19T04:59:37.000Z,0.25,0xc03e6fda02e1ab2093d8732b4d085c3b059f2ebb,buy,0xe0b7927c4af23765cb51314a0e0521a9645f0e2a,0xff9526a85e440ba05d6c1a13c7aeaf8b5320d4880b120d38af7d35c1676a352e
197,0.890851879,0.0097102854811,0xf732b16f5aee6cd2db5b30a7a3860764a48b19ff,2017-08-18T03:04:03.000Z,0.0109,0x90edcaf8dffdd2f51272dcc96be687ba3ba045a5,sell,0xe0b7927c4af23765cb51314a0e0521a9645f0e2a,0x74c44a7d01478743b7f82d70803ae09d632d998975d19e7dd9992401edb694e1
198,0.75487181,0.2634502619159012,0x82b62b4d83ed8df8d4482d03396e9d3e420492e9,2017-08-17T12:32:25.000Z,0.3490000002992577,0x2d6210b77b7e08a1d3658e6e9c4cfeeb1a6ee5bb,buy,0xe0b7927c4af23765cb51314a0e0521a9645f0e2a,0x54ddc215e7c04beee65e116c27b8336176235d9e052995135822a44e53dd9886
199,3.426958284,1.161738858276,0xa99a6543b2ca43c44cdadf903665a440adfe1372,2017-08-16T20:04:09.000Z,0.339,0xf732b16f5aee6cd2db5b30a7a3860764a48b19ff,sell,0xe0b7927c4af23765cb51314a0e0521a9645f0e2a,0xb009236144459c6cf108792562c097bf35e4b4a76c8ed5cce8f5dbc9d1e6703e
200,10.249281947,3.474506580033,0xa99a6543b2ca43c44cdadf903665a440adfe1372,2017-08-16T19:48:34.000Z,0.339,0xf142f26d1cac4ba8a6e6d7974d243eda2fe5f4f9,sell,0xe0b7927c4af23765cb51314a0e0521a9645f0e2a,0x77872e31a4d88c250836c60a0166da533d8d2e25e1b3381a40d4c24d934fcf89
201,20.547206254,6.965502920106,0xa99a6543b2ca43c44cdadf903665a440adfe1372,2017-08-16T19:31:42.000Z,0.339,0xf142f26d1cac4ba8a6e6d7974d243eda2fe5f4f9,sell,0xe0b7927c4af23765cb51314a0e0521a9645f0e2a,0x32cfac767d52f222365861f4496c302f6a1c351b15d1d84d7077380d860e98a2
202,3.45103415,1.16990057685,0xa99a6543b2ca43c44cdadf903665a440adfe1372,2017-08-16T19:29:23.000Z,0.339,0xf142f26d1cac4ba8a6e6d7974d243eda2fe5f4f9,sell,0xe0b7927c4af23765cb51314a0e0521a9645f0e2a,0xd36c6c5e58d642d0b0640f6dc10bce8cd3787ae2f3b52ca83b789e8cfe6f9d92
203,3.876771617,1.314225578163,0xa99a6543b2ca43c44cdadf903665a440adfe1372,2017-08-16T19:22:56.000Z,0.339,0xf732b16f5aee6cd2db5b30a7a3860764a48b19ff,sell,0xe0b7927c4af23765cb51314a0e0521a9645f0e2a,0xc3b487e4e6ec74779c829d985ad15f940fa03030e9e074795e96a7526298a8fb
204,10.482651287,3.553618786293,0xa99a6543b2ca43c44cdadf903665a440adfe1372,2017-08-16T18:59:12.000Z,0.339,0xf142f26d1cac4ba8a6e6d7974d243eda2fe5f4f9,sell,0xe0b7927c4af23765cb51314a0e0521a9645f0e2a,0x8453704130647c415535037cac10e15b1c72e161c02897d1156ce550d65350e3
