,amount,amountBase,buyer,date,price,seller,side,tokenAddr,txHash
0,6.3802213139268265,0.004153524713388495,0x429c7cf947d18c6e14660975ba5272621a618b36,2017-11-02T11:23:45.000Z,0.0006510000999999999,0x5df5aa89101b99bb6072a6c22d21f771481a49c7,sell,0x5f6e7fb7fe92ea7822472bb0e8f1be60d6a4ea50,0xd4d1e176a745cbe6ad0b176dfb72e254235bc6ea9935b49a612d407f8dca75d5
1,7.5,0.0375,0xe6a4efa1caf974d59c48f2f5573cdad60398fa60,2017-11-02T07:49:08.000Z,0.005,0xfe100b41e2463194787391e411948096b08ed3b2,buy,0x5f6e7fb7fe92ea7822472bb0e8f1be60d6a4ea50,0xb47852977c0dab2c89cc82cb3689b3bfe489bc2bb6bf070421af20a9a785c6d5
2,1,0.004,0xe6a4efa1caf974d59c48f2f5573cdad60398fa60,2017-11-02T07:21:44.000Z,0.004,0xaf6255aa8d66d48468b97142054c09e2c30beeb1,buy,0x5f6e7fb7fe92ea7822472bb0e8f1be60d6a4ea50,0x26f37a747c3f4011023776d22089eccefa56329413371f9cdccfa77a2e8da16a
3,14.3,0.0715,0xe6a4efa1caf974d59c48f2f5573cdad60398fa60,2017-11-01T16:19:56.000Z,0.005,0xfe100b41e2463194787391e411948096b08ed3b2,buy,0x5f6e7fb7fe92ea7822472bb0e8f1be60d6a4ea50,0xbb3d741584e79bce44ca3f3fb778f4ae43bd213ce3918fea82d455d3fb84604e
4,10,0.05,0xe6a4efa1caf974d59c48f2f5573cdad60398fa60,2017-11-01T16:19:21.000Z,0.005,0x7bd316b2fde7018a3420710d54c80ab4ca7d237a,buy,0x5f6e7fb7fe92ea7822472bb0e8f1be60d6a4ea50,0x31107025ce227038edf4771dbe19e0eea6ea7ae4ca89e77d51630d3a77a6675b
5,1,0.0065,0xe1fa699860444be91d366c21de8fef56e3dec77a,2017-11-01T01:56:12.000Z,0.0065,0xfe100b41e2463194787391e411948096b08ed3b2,buy,0x5f6e7fb7fe92ea7822472bb0e8f1be60d6a4ea50,0x3cd12da4adbad4cd891016c532e3722825cfd41c146b462f83183ad3ecc5e9ae
6,0.05630630630630631,0.0005,0xf9695cd65d6dfdf257fab76a3eb0cb8f001971cc,2017-10-31T03:48:40.000Z,0.00888,0x937a6389f58b8fcf44a96fe95402baa91b9b7d89,buy,0x5f6e7fb7fe92ea7822472bb0e8f1be60d6a4ea50,0xb18e38286d1725fa80790094b7861ba5e8e77fecbf51659f59d0761d18ba1b94
7,7.79,0.043624,0xe6a4efa1caf974d59c48f2f5573cdad60398fa60,2017-10-30T13:03:24.000Z,0.0056,0xfe100b41e2463194787391e411948096b08ed3b2,buy,0x5f6e7fb7fe92ea7822472bb0e8f1be60d6a4ea50,0x73274084957f294240ccb8273918ed3e340b9c272f2d88cfcfea9ed266709356
8,0.01,0.000056,0x6cdea8e07bf82d7a07dbf36642d6e5be8623845c,2017-10-30T12:37:11.000Z,0.0056,0xfe100b41e2463194787391e411948096b08ed3b2,buy,0x5f6e7fb7fe92ea7822472bb0e8f1be60d6a4ea50,0xdd5cf93ab8a331cd45ca6148acab0dde4fa846b17a37b3a2b414f0f8d6395a03
9,18,0.10008,0xe6a4efa1caf974d59c48f2f5573cdad60398fa60,2017-10-29T16:21:34.000Z,0.00556,0xec2502fb3e05e03f0c05a737a9de7567ec08f853,buy,0x5f6e7fb7fe92ea7822472bb0e8f1be60d6a4ea50,0x0931ee95475a3ec47e9ed1cc3d3e9b3fd08281cdf7bc1f64561dba30c814d753
10,4.4,0.01936,0xe6a4efa1caf974d59c48f2f5573cdad60398fa60,2017-10-29T16:20:09.000Z,0.0044,0xfe100b41e2463194787391e411948096b08ed3b2,buy,0x5f6e7fb7fe92ea7822472bb0e8f1be60d6a4ea50,0x6498317a4606e86830e93e48248ee51790649227026e4c75195e53ca680c07a6
11,9,0.045,0xe6a4efa1caf974d59c48f2f5573cdad60398fa60,2017-10-29T08:03:36.000Z,0.005,0x937a6389f58b8fcf44a96fe95402baa91b9b7d89,buy,0x5f6e7fb7fe92ea7822472bb0e8f1be60d6a4ea50,0x03b2235306e4584d09bf287a8074d4cc54d2e96f5822a1f4f1502c46be07f06c
12,0.05,0.0005,0xe444a40689f51f63bcd29910622035707d533d29,2017-10-28T21:25:47.000Z,0.01,0x62730e07dcba8ca181a9000a43377ee57b249df2,buy,0x5f6e7fb7fe92ea7822472bb0e8f1be60d6a4ea50,0xc8eba7b925a90fc0248d02a2d73b5bb437fe6a8deeb8efb41099acef1fb894ae
13,0.05,0.0005,0x16e5d97bbc92417e051e3b2cabfbf8ceea2acb9c,2017-10-28T20:42:10.000Z,0.01,0x62730e07dcba8ca181a9000a43377ee57b249df2,buy,0x5f6e7fb7fe92ea7822472bb0e8f1be60d6a4ea50,0x88d26a8527dcd4348b32c8dc3af7c10fcb3cb34e0232d5b573e47960f90afc92
14,0.05,0.0005,0x379374d13077e8867ef31803c37baf9785a17c00,2017-10-28T20:42:10.000Z,0.01,0x62730e07dcba8ca181a9000a43377ee57b249df2,buy,0x5f6e7fb7fe92ea7822472bb0e8f1be60d6a4ea50,0xceca25a7d274e3ab014c605a90e8d1c46775494086acf4c1bea0f8791782124d
15,0.05,0.0005,0x42c24a83bded723edfdf5883bc7efb30bc1a1bf3,2017-10-28T20:39:29.000Z,0.01,0x62730e07dcba8ca181a9000a43377ee57b249df2,buy,0x5f6e7fb7fe92ea7822472bb0e8f1be60d6a4ea50,0xc59a17b0661921871c58ce208c742fd68b937563cfe12d75a042cad2ee40eba9
16,3.7,0.02775,0xe6a4efa1caf974d59c48f2f5573cdad60398fa60,2017-10-28T18:52:51.000Z,0.0075,0xfe100b41e2463194787391e411948096b08ed3b2,buy,0x5f6e7fb7fe92ea7822472bb0e8f1be60d6a4ea50,0x726f665c3931c5f73b59976816d02b107156ef77b4e6f6af18a7c4c78f000b62
17,0.05,0.0005,0xcd912af5286dc0b0a23edb30209734ecb60838b3,2017-10-28T16:26:36.000Z,0.01,0x62730e07dcba8ca181a9000a43377ee57b249df2,buy,0x5f6e7fb7fe92ea7822472bb0e8f1be60d6a4ea50,0x3831f74c3f1dc95ea8c41c87bbc50531854b8e95df38d3f404036f8d8fc4c933
18,1,0.005,0x1bf546e7e42ebc76c270f84dc9f5f3e2e8e7276d,2017-10-28T15:54:01.000Z,0.005,0xfe100b41e2463194787391e411948096b08ed3b2,buy,0x5f6e7fb7fe92ea7822472bb0e8f1be60d6a4ea50,0x85eeb1466b50333dfc3c7bb0f3fe0f9638f4026a1b41385190a448227eb3a618
19,7,0.035,0x3aff675b2d9b90a5b5c3b7c56d99ed56631fdccf,2017-10-28T08:00:52.000Z,0.005,0xfe100b41e2463194787391e411948096b08ed3b2,buy,0x5f6e7fb7fe92ea7822472bb0e8f1be60d6a4ea50,0xc969310b7981d784ec204adc657941c5480dc9886a6ab379800073c89af11b54
20,1,0.005,0xe6a4efa1caf974d59c48f2f5573cdad60398fa60,2017-10-27T09:51:46.000Z,0.005,0xfe100b41e2463194787391e411948096b08ed3b2,buy,0x5f6e7fb7fe92ea7822472bb0e8f1be60d6a4ea50,0xf89c42ae36a888a7f8e60a4dfc46d3369722052ed5d1b43cd1a6492518867f4c
21,2,0.008,0xe6a4efa1caf974d59c48f2f5573cdad60398fa60,2017-10-27T09:44:20.000Z,0.004,0xfe100b41e2463194787391e411948096b08ed3b2,buy,0x5f6e7fb7fe92ea7822472bb0e8f1be60d6a4ea50,0x6dc14b836f5f302d5cc5122696e3f8bc661f1e30cb66897cfb8e424abe963877
22,1.867,0.00621711,0xe6a4efa1caf974d59c48f2f5573cdad60398fa60,2017-10-27T09:18:18.000Z,0.00333,0xfe100b41e2463194787391e411948096b08ed3b2,buy,0x5f6e7fb7fe92ea7822472bb0e8f1be60d6a4ea50,0x53c3d877379ed6852bfb7414ccb2850ef8f3b9317a4ab9f2274eb9c9d9547e4e
23,7,0.02331,0xe6a4efa1caf974d59c48f2f5573cdad60398fa60,2017-10-27T06:58:32.000Z,0.00333,0xfe100b41e2463194787391e411948096b08ed3b2,buy,0x5f6e7fb7fe92ea7822472bb0e8f1be60d6a4ea50,0x71e34149b1676435f743ab4ad456e4114850af4b52cf306f73fb8ab88202c27b
24,2,0.001,0x93165a5fc7d4b9ea1f07473e3007744e4301a494,2017-10-27T05:03:19.000Z,0.0005,0xaa27a27f8be6c501badd027a32f52624b3c985b4,sell,0x5f6e7fb7fe92ea7822472bb0e8f1be60d6a4ea50,0xb2e39b222d858e1af441a4cd2dfb17cfc8057752aa41d3f5086af2b5cacb5b53
25,1,0.01,0xa8d39347f3cadda48a2bafb0805f262f1764fd5c,2017-10-26T23:59:43.000Z,0.01,0xfe100b41e2463194787391e411948096b08ed3b2,buy,0x5f6e7fb7fe92ea7822472bb0e8f1be60d6a4ea50,0x053d9abc8a194eecff61d6fef8b2b5f19d50a8c46ddaf093e3c2d2e5a4054024
26,0.000013210098188866,0.000000198151472833,0xe6a4efa1caf974d59c48f2f5573cdad60398fa60,2017-10-26T11:17:06.000Z,0.015000000000000758,0xfe100b41e2463194787391e411948096b08ed3b2,buy,0x5f6e7fb7fe92ea7822472bb0e8f1be60d6a4ea50,0x8ef66603d120be4dac3efbce6ccc4bf83edb98a33fbf91cc40f0d8125c05f543
27,0.13251049493165815,0.001987657423974872,0xe6a4efa1caf974d59c48f2f5573cdad60398fa60,2017-10-26T11:12:38.000Z,0.015,0xfe100b41e2463194787391e411948096b08ed3b2,buy,0x5f6e7fb7fe92ea7822472bb0e8f1be60d6a4ea50,0xb576a867f7cd58ff44bd19fccb2afe6c441429d6cc13a898105268cfc378c07c
28,1,0.005,0x1ccc92f604e6122a9fc9966cb06aa2677b4140cd,2017-10-26T09:56:39.000Z,0.005,0xfe100b41e2463194787391e411948096b08ed3b2,buy,0x5f6e7fb7fe92ea7822472bb0e8f1be60d6a4ea50,0x053ae816348b9203e1962db1d01e057d637fe6423e7c5f75680aad8521b0d175
29,1,0.1,0x3ac636ac5c3a2576156ac5f10066ca68abe0ad54,2017-10-26T01:20:00.000Z,0.1,0x0f99ba129aab6e0f82e4a8865598af115bfbb4c4,buy,0x5f6e7fb7fe92ea7822472bb0e8f1be60d6a4ea50,0x5ebc25b50a1a554a6e0340c44c9903362d836a94056c5e305c5bd5eea2b534d3
30,0.15,0.0135,0xe5664785d93c52fc3a23ed1eebfa2487fe2de3b8,2017-10-25T15:30:51.000Z,0.09,0xaf6255aa8d66d48468b97142054c09e2c30beeb1,buy,0x5f6e7fb7fe92ea7822472bb0e8f1be60d6a4ea50,0xf2c62ce36d22620b7d4b3e53071b4bf1ab2c1b269b14c0ab0b48dc9972504f5b
31,4.9845479015053336,0.0014953643704516,0x8ed6b77b287c05d6063d5cd5794908e7215d3be8,2017-10-25T14:58:45.000Z,0.0003,0xe6a4efa1caf974d59c48f2f5573cdad60398fa60,sell,0x5f6e7fb7fe92ea7822472bb0e8f1be60d6a4ea50,0xfb24f794b1f64d795634395893ccc76908fcba1df2176d0d785df97fa1dc1e4c
32,10,0.0333,0x59aa653cef9f9daeb81e2342a477562a9d154657,2017-10-25T14:47:24.000Z,0.00333,0xfe100b41e2463194787391e411948096b08ed3b2,buy,0x5f6e7fb7fe92ea7822472bb0e8f1be60d6a4ea50,0x489a4ccd8fa803180c007120e9190f7002c89d723e262202f751cc1aadb9410d
33,10,0.0333,0x0f99ba129aab6e0f82e4a8865598af115bfbb4c4,2017-10-25T13:58:33.000Z,0.00333,0xfe100b41e2463194787391e411948096b08ed3b2,buy,0x5f6e7fb7fe92ea7822472bb0e8f1be60d6a4ea50,0x510877c1c1de08f8c580c72a75bd9983dfe9de62f52bdcc4928f2a67125bdb4d
34,0.004,0.0016756,0x12c3fd99ab45bd806128e96062dc5a6c273d8af6,2017-10-23T07:01:23.000Z,0.4189,0x12c3fd99ab45bd806128e96062dc5a6c273d8af6,buy,0x5f6e7fb7fe92ea7822472bb0e8f1be60d6a4ea50,0x765559c1de0a5f74141fbae7bbaae6aa88ab0e9307fb7900e6377a88d4dfd22e
35,0.001,0.00000000023,0x12c3fd99ab45bd806128e96062dc5a6c273d8af6,2017-10-23T07:00:15.000Z,0.00000023,0x12c3fd99ab45bd806128e96062dc5a6c273d8af6,sell,0x5f6e7fb7fe92ea7822472bb0e8f1be60d6a4ea50,0x927908f4f661380085f3aa88bb7b292d93c81c09620cf9a1412ff49c60bd77d8
36,0.012,0.0050268,0x12c3fd99ab45bd806128e96062dc5a6c273d8af6,2017-10-23T06:59:00.000Z,0.4189,0x12c3fd99ab45bd806128e96062dc5a6c273d8af6,buy,0x5f6e7fb7fe92ea7822472bb0e8f1be60d6a4ea50,0x39ecd5a0371c67e8c3ebff3974d49d58051a41df0705fb3695a6608042a82381
37,0.034,0.0142426,0x12c3fd99ab45bd806128e96062dc5a6c273d8af6,2017-10-23T06:57:06.000Z,0.4189,0x12c3fd99ab45bd806128e96062dc5a6c273d8af6,buy,0x5f6e7fb7fe92ea7822472bb0e8f1be60d6a4ea50,0xa8da0f1f895c7621f5d788a686cf173973ab9a6fb683c9f8d3acd8aa8795ea87
38,0.002,0.0008999998,0x12c3fd99ab45bd806128e96062dc5a6c273d8af6,2017-10-23T06:45:58.000Z,0.4499999,0x12c3fd99ab45bd806128e96062dc5a6c273d8af6,buy,0x5f6e7fb7fe92ea7822472bb0e8f1be60d6a4ea50,0x0da4890cac4e330e575e47771ee5ef3422223e8e59a0b77ac741dafcbf461615
39,0.01,0.0048,0x12c3fd99ab45bd806128e96062dc5a6c273d8af6,2017-10-23T06:41:39.000Z,0.48,0x12c3fd99ab45bd806128e96062dc5a6c273d8af6,buy,0x5f6e7fb7fe92ea7822472bb0e8f1be60d6a4ea50,0x677d6f919be65358225b5a0e34c541c5624684bdfeba2e64850a332e0c1ebffd
40,0.05,0.024,0x12c3fd99ab45bd806128e96062dc5a6c273d8af6,2017-10-23T06:37:53.000Z,0.48,0x12c3fd99ab45bd806128e96062dc5a6c273d8af6,buy,0x5f6e7fb7fe92ea7822472bb0e8f1be60d6a4ea50,0xefb1367212a8168894d5261e64e4adf04ed675756d09d1be4e55c86128902c78
41,0.002,0.00096,0x12c3fd99ab45bd806128e96062dc5a6c273d8af6,2017-10-23T06:37:06.000Z,0.48,0x12c3fd99ab45bd806128e96062dc5a6c273d8af6,buy,0x5f6e7fb7fe92ea7822472bb0e8f1be60d6a4ea50,0x050b5263e39f9e9a1802612cad959837e00798437f4b9b0778bd1ef962900c40
42,0.0000001,0.000000048,0x12c3fd99ab45bd806128e96062dc5a6c273d8af6,2017-10-23T06:35:32.000Z,0.48,0x12c3fd99ab45bd806128e96062dc5a6c273d8af6,buy,0x5f6e7fb7fe92ea7822472bb0e8f1be60d6a4ea50,0xe5dddf3b5eb170d5cdf9466ce088242412a0426eb333a9f394beafecd6ecf85d
