,amount,amountBase,buyer,date,price,seller,side,tokenAddr,txHash
0,81.052,0.05511536,0x1548c43c81e0ccb5a01b33f19708097cce3e82c6,2017-11-02T13:19:00.000Z,0.00068,0xcd03e8b9dcbfb3100de5b01d5bf6fd499a12bac4,buy,0xea610b1153477720748dc13ed378003941d84fab,0xf5ae636c1a20baa45f0718327b82a2029c2f4a8ad77d69ff7b62cd3029d27d14
1,81.052,0.05511536,0x1548c43c81e0ccb5a01b33f19708097cce3e82c6,2017-11-02T13:18:15.000Z,0.00068,0xcd03e8b9dcbfb3100de5b01d5bf6fd499a12bac4,buy,0xea610b1153477720748dc13ed378003941d84fab,0xf5ae636c1a20baa45f0718327b82a2029c2f4a8ad77d69ff7b62cd3029d27d14
2,433,0.29444,0xa9eb194adff1094aa4cd6d812211d6e79a5bf6b8,2017-11-02T09:36:11.000Z,0.00068,0x16d69a835c012584783921b2e4c622f157ce97bf,sell,0xea610b1153477720748dc13ed378003941d84fab,0x764eca68b0d55089024e244dc37b5356344dd0128ca6ed8b02f6214af964b512
3,617.8009838797361,0.4509959538341751,0xca8fb605770b7cb6bd60ce3b4932720b87f6a8f5,2017-11-02T06:41:55.000Z,0.000730002,0xfbf7dc0756a9768d0c71aea5f8421f3b1eaee7d1,sell,0xea610b1153477720748dc13ed378003941d84fab,0xa0d7239571cea03d32b7f6cd940fa2b31af4d6790eab19ce77ae9f78bf0e272c
4,0.6849296303297799,0.0005,0x3075f7f189912f4f425dd7021b9c396434197477,2017-11-02T06:40:55.000Z,0.000730002,0xae11081597121016b114450ec197f1927e36dfa9,buy,0xea610b1153477720748dc13ed378003941d84fab,0x20ac7f7a98d07e07e887238c0cab815d2fc270b5248911b7e813032dddc68947
5,878.218522580002,0.6411012779204466,0xca8fb605770b7cb6bd60ce3b4932720b87f6a8f5,2017-11-02T06:39:04.000Z,0.000730002,0xfbf7dc0756a9768d0c71aea5f8421f3b1eaee7d1,sell,0xea610b1153477720748dc13ed378003941d84fab,0xe2f01ad35e2957083a7f6fa7dbe4ce09f49db8836c60fd6b8274eb9f474b1ff3
6,0.6849296303297799,0.0005,0x4fda9e6bcd83af6c5cc771b5d20accc2b7720074,2017-11-02T06:30:53.000Z,0.000730002,0xae11081597121016b114450ec197f1927e36dfa9,buy,0xea610b1153477720748dc13ed378003941d84fab,0x00c5b61f90c072dc4eb5efcb60e6b45150741db36e2c2454d1b9c9b899bda08d
7,154.93789609105403,0.11310497402226162,0xca8fb605770b7cb6bd60ce3b4932720b87f6a8f5,2017-11-02T02:20:33.000Z,0.000730002,0x499956a22681fdf6f721942b6a89d5af0e59baa2,sell,0xea610b1153477720748dc13ed378003941d84fab,0xf1240077e2c26232434d432730f3a3c94b9a2fb4f72484c7006453d94eabf9dd
8,221.781477419998,0.1619009220795534,0xca8fb605770b7cb6bd60ce3b4932720b87f6a8f5,2017-11-01T21:32:29.000Z,0.000730002,0xfead0d408ff878d61b9d4f7a2526925ebe436a4c,sell,0xea610b1153477720748dc13ed378003941d84fab,0x3abbfa610bf54b5f6163028a2ea2caa205024651de7f30802f10ac33fca51abf
9,155.4182035689363,0.11345559944173063,0x499956a22681fdf6f721942b6a89d5af0e59baa2,2017-11-01T18:32:19.000Z,0.000730002,0x39c122da4cca59f5a1caf9aafb8ab780656e6b50,sell,0xea610b1153477720748dc13ed378003941d84fab,0x1831a961346fb15b3c67216355eeed795664b51851fed7a2c851e3128bc8749a
10,267.64537672160475,0.20126932329464678,0x53a692e6256e8d39c5da83ffd248ff22d4927896,2017-11-01T15:56:07.000Z,0.000752,0x7e5da760c82bf59c9d27d425a6407928ee54a656,sell,0xea610b1153477720748dc13ed378003941d84fab,0xc7cae0773a88c7dd8347d2ad44dc9a4beb525317b3c1417f8d336b5093004f91
11,1500,1.1295,0xfbf7dc0756a9768d0c71aea5f8421f3b1eaee7d1,2017-11-01T15:55:15.000Z,0.000753,0x7e5da760c82bf59c9d27d425a6407928ee54a656,sell,0xea610b1153477720748dc13ed378003941d84fab,0x8e5b4a64bd3336bb74a8cf6db5129cb8a26faac08a5bf92c9b7947dcb6a98b46
12,675,0.509625,0x1804111464a198d8b0450bdbf7cb9fd65a903baf,2017-11-01T15:52:59.000Z,0.000755,0x7e5da760c82bf59c9d27d425a6407928ee54a656,sell,0xea610b1153477720748dc13ed378003941d84fab,0x885971aff5a34840642b675bfe1eef24384eef1bdc5f763f85df83edfc74373b
13,1400,1.008,0xf28ed9fc6709eaa29bda58c00e4fcb969e9d826e,2017-11-01T13:15:31.000Z,0.00072,0xca8fb605770b7cb6bd60ce3b4932720b87f6a8f5,buy,0xea610b1153477720748dc13ed378003941d84fab,0x38c93c6ad03cf63433b2c7e0bc54c26b244746df7a7a5cc9c5fe1bb33a78db6c
14,700,0.504,0x3c0e781116e7ebcfcee0955f314bdac09bf1813d,2017-11-01T12:26:59.000Z,0.00072,0x39c122da4cca59f5a1caf9aafb8ab780656e6b50,sell,0xea610b1153477720748dc13ed378003941d84fab,0xe83825e121f04145b71c61ea338992aea17e1481ea14a10b6e625de1944c71d7
15,500,0.449445,0xe121cb63c3f6e80eb2600532d43ebbad54ddb61a,2017-11-01T10:08:13.000Z,0.00089889,0xa86dc55cb1394b1f9f3545484868a094f05d769d,buy,0xea610b1153477720748dc13ed378003941d84fab,0xeb849ccc6a1acc52eaff27d8197e992365467a56981473724a0ece74468b38b3
16,104.73069919685565,0.08378455935748452,0x9392ed3a839f9e13f0e46678725afbe9473b62e4,2017-11-01T01:26:47.000Z,0.0008,0x5bb2a478386b25b9f8a7b1e97110d0f3989ecc30,sell,0xea610b1153477720748dc13ed378003941d84fab,0x6021aacd6dd5e573d3e70eca9fbfab209a9b229cdae99369d590bd9ca6903273
17,99.69394050724485,0.07975515240579588,0x9392ed3a839f9e13f0e46678725afbe9473b62e4,2017-10-31T20:11:54.000Z,0.0008,0x16170418303acc27d272ef6f15ceebbd3ba6c069,sell,0xea610b1153477720748dc13ed378003941d84fab,0x1984c2a7049273817a14ca6fb80c02af11bd04e7c7ad47e83b4b6f4d7ba50706
18,200,0.18,0x846007118f4183b04fb53a3cffa9d42a66e3b669,2017-10-31T13:16:02.000Z,0.0009,0xcd03e8b9dcbfb3100de5b01d5bf6fd499a12bac4,buy,0xea610b1153477720748dc13ed378003941d84fab,0xd6cd845dd9f5456e76acd0b06c3b21415d7b5d877f09d54619c25a4bc57f7ecb
19,149.212,0.12832232,0xe2a633a0c178802e7a46cffb4d06d56abdf95726,2017-10-31T12:48:23.000Z,0.00086,0xcd03e8b9dcbfb3100de5b01d5bf6fd499a12bac4,sell,0xea610b1153477720748dc13ed378003941d84fab,0x01b60a7a708063f5ffac191915ea82af65f14483299cf803952e0ea913952508
20,0.014,0.00001204,0xe2a633a0c178802e7a46cffb4d06d56abdf95726,2017-10-31T09:50:39.000Z,0.00086,0x009a12d4290630bc01fd82516ac57c1dc6a9bcfb,sell,0xea610b1153477720748dc13ed378003941d84fab,0xbf69b2248767709be97920238fd2731cfe80fc33abdeef2c1754b7d4fd92703a
21,0.7738944174862333,0.00066554919903816,0xe2a633a0c178802e7a46cffb4d06d56abdf95726,2017-10-31T09:14:56.000Z,0.0008599999999999991,0x7e5da760c82bf59c9d27d425a6407928ee54a656,sell,0xea610b1153477720748dc13ed378003941d84fab,0x1c605688f29c22d86065fc9ab8fbf2c042b98a7cb6ce4a0734aed7444dc2d1f8
22,7762.934901804407,5.239981058717975,0xe8f0cc52b0d087e4eaabe1de8c0bc01f83918ea9,2017-10-31T09:12:16.000Z,0.000675,0x7e5da760c82bf59c9d27d425a6407928ee54a656,sell,0xea610b1153477720748dc13ed378003941d84fab,0x75294ddcfe96a1b8374be636e075cb72fb3602e118800ed07ffe62e21af111ba
23,36.431686554290394,0.033517151629947166,0x846007118f4183b04fb53a3cffa9d42a66e3b669,2017-10-31T05:25:18.000Z,0.00092,0xc47f9610187c848d50a7f9137ef8d2481773effb,buy,0xea610b1153477720748dc13ed378003941d84fab,0xb311ca62c46ed4c9d63bb6752a2be48836e542375382a33e70b5b5eaa3ffd268
24,48.918,0.04500456,0x846007118f4183b04fb53a3cffa9d42a66e3b669,2017-10-31T05:25:18.000Z,0.00092,0xecbf0c4a509a8ffb98a81f8a4903e0a3fa4cc049,buy,0xea610b1153477720748dc13ed378003941d84fab,0x328f87493fb7a11724db031b7e232148068fa999111e0310988fcc4a9a0ef67e
25,8.468313445709605,0.007790848370052836,0xabfdf25184755ab83e57ca4fd058041e2d5d1672,2017-10-31T04:25:08.000Z,0.00092,0xc47f9610187c848d50a7f9137ef8d2481773effb,buy,0xea610b1153477720748dc13ed378003941d84fab,0x03bb7fbb4373438138742b33e9b7f21e0917ed18bb16b21af102900d1bc45fd4
26,500,0.465,0xabfdf25184755ab83e57ca4fd058041e2d5d1672,2017-10-31T04:22:41.000Z,0.00093,0xc0e8d32a3e569cb3911857729b3e3c33a408b7de,buy,0xea610b1153477720748dc13ed378003941d84fab,0x4efcbd899bd7ea0fafbe6f47477bdf27d08b0f81d40f4303c4609cdc4aad6392
27,1000,0.93,0xabfdf25184755ab83e57ca4fd058041e2d5d1672,2017-10-31T04:20:42.000Z,0.00093,0xe85fd2aff6bd741e0e1aa82c5ed54cc57101589a,buy,0xea610b1153477720748dc13ed378003941d84fab,0xa408ade0b5c3d19017b15fe0a6fd11b0d56a3f84a2cf1ba6975dc86f756b247f
28,0.5418527027612,0.00043348216220896,0x9392ed3a839f9e13f0e46678725afbe9473b62e4,2017-10-31T03:42:14.000Z,0.0008,0xe444a40689f51f63bcd29910622035707d533d29,sell,0xea610b1153477720748dc13ed378003941d84fab,0x2e622eb3e9e5ac30e7d4ffb874a25d732e87ee427f0c26c7d899dc6034db5d39
29,0.03350759313830452,0.000026806074510643,0x9392ed3a839f9e13f0e46678725afbe9473b62e4,2017-10-30T23:44:17.000Z,0.0007999999999999816,0xc310112f6cab9dfc87ab87b91ddca667ca78bbe4,sell,0xea610b1153477720748dc13ed378003941d84fab,0xd022a66c7e0725e65e71b3aee99112547115919c750cd1f0baf26de7f1cef842
30,931.0882948420675,0.8798784386257538,0xabbb9f579d421a72301abffbfa85b7caa998f7bd,2017-10-30T23:42:26.000Z,0.000945,0x44525d0e03fedd63445fa53c9aed398ce9df5f06,buy,0xea610b1153477720748dc13ed378003941d84fab,0x1e3e523a7686800c542377973abff5a26e1622c74495ef300a1c4a6ae8b5aa3c
31,205,0.1886,0x289c7209887dcc05a91655f1d6a466ae8bd41de3,2017-10-30T23:34:10.000Z,0.00092,0xa410b730d89ec3ab3c11fbc4fea4a8385ca694f3,sell,0xea610b1153477720748dc13ed378003941d84fab,0x87b1a0085431f866b4de4efbcd3c9efc5171c1927419d80d344a580fd148e421
32,64.77883670282633,0.06121600068417088,0xabbb9f579d421a72301abffbfa85b7caa998f7bd,2017-10-30T23:23:14.000Z,0.000945,0x44525d0e03fedd63445fa53c9aed398ce9df5f06,buy,0xea610b1153477720748dc13ed378003941d84fab,0xd727cd0625bd387c2d5566ef4a8623246a7eb5fb2fe2c6e4da9245e1ba7fbdec
33,47.78812056251992,0.04348718971189313,0x5e87b43f8077f53fe5fb998a97ffacd299267323,2017-10-30T20:13:16.000Z,0.00091,0xcd03e8b9dcbfb3100de5b01d5bf6fd499a12bac4,buy,0xea610b1153477720748dc13ed378003941d84fab,0x8d69e8e755c613301d83305d7a0eb0066583834f9111abbc66ad47775963d025
34,140,0.126,0x5e87b43f8077f53fe5fb998a97ffacd299267323,2017-10-30T20:10:56.000Z,0.0009,0xf28ed9fc6709eaa29bda58c00e4fcb969e9d826e,buy,0xea610b1153477720748dc13ed378003941d84fab,0xe1334827a301f517c7486828e03ad8a6feb2dcff46daa34499fa138982dee072
35,300,0.2745,0x73f55f675b1b035b59fed3f1bde3e42411d9e49c,2017-10-30T19:30:37.000Z,0.000915,0x128bab5f74529c899fa4d0c0c8182f250933a462,buy,0xea610b1153477720748dc13ed378003941d84fab,0xd9184f91cee27c5c25b0fbcdbab5f0da72b07a2ae0357245c20b494d28de8d4d
36,120,0.1092,0x89ba1932f4cdfddb5d336185ce8888b888b0378c,2017-10-30T18:59:42.000Z,0.00091,0xcd03e8b9dcbfb3100de5b01d5bf6fd499a12bac4,buy,0xea610b1153477720748dc13ed378003941d84fab,0x1558c0ad94a22df13c0df1af39eaa82d702ec9a135bc059993ecfe6c422684f9
37,500,0.4444995,0x9b4b2059fae15b2b973837927cb95e92d54c9309,2017-10-30T17:58:11.000Z,0.000888999,0xa86dc55cb1394b1f9f3545484868a094f05d769d,buy,0xea610b1153477720748dc13ed378003941d84fab,0x9d9ca85e919031647317086eb66fe0e412f265c8cf30949631d7d9526188207a
38,929,0.8154554833,0xabbb9f579d421a72301abffbfa85b7caa998f7bd,2017-10-30T17:44:48.000Z,0.0008777777,0x1804111464a198d8b0450bdbf7cb9fd65a903baf,buy,0xea610b1153477720748dc13ed378003941d84fab,0x35275bdefb94c642a3f8f1c4d00b676ffbe6a8c4bbd01cce377f248a8ead7388
39,1500,1.332,0xabbb9f579d421a72301abffbfa85b7caa998f7bd,2017-10-30T17:42:26.000Z,0.000888,0xfbf7dc0756a9768d0c71aea5f8421f3b1eaee7d1,buy,0xea610b1153477720748dc13ed378003941d84fab,0xdea794f6c85692fed24915f5dc12d35ea65f921d3141d99878b7564b54af5843
40,140.5182939497854,0.09836280576484978,0xf28ed9fc6709eaa29bda58c00e4fcb969e9d826e,2017-10-30T17:05:25.000Z,0.0007,0xaa9b76fe4428ed447b2ae6dcdade4e487ec42261,sell,0xea610b1153477720748dc13ed378003941d84fab,0xb722eac9d4335fbbc6e7a268e4ba06b53acff0a0c0dd5aa7e4965cae8936c076
41,65.53050781552369,0.04718196562717706,0x5f430139c270465529c9c369b7b84fbbc25f1900,2017-10-30T17:01:37.000Z,0.0007199999999999999,0xaa9b76fe4428ed447b2ae6dcdade4e487ec42261,sell,0xea610b1153477720748dc13ed378003941d84fab,0x04764126471901bf943a302dcef815239648be3a83acfbc6fb2e8ef2e4134d1f
42,73,0.05402,0xcd03e8b9dcbfb3100de5b01d5bf6fd499a12bac4,2017-10-30T17:01:29.000Z,0.00074,0xaa9b76fe4428ed447b2ae6dcdade4e487ec42261,sell,0xea610b1153477720748dc13ed378003941d84fab,0x444474af34e7143fff52935da3a18df20a77b3262b566e3ce094407adf31a54a
43,350,0.2905,0xca4248f9b0412e3bad0402505d0120f3420c54f8,2017-10-30T08:54:53.000Z,0.00083,0x2f09c25884b78b62491e635daad372d987c5343b,buy,0xea610b1153477720748dc13ed378003941d84fab,0xd593cd6666c25ec705e47bd8854d567220612d990226a92e7e297c51182e58b6
44,1282.6265845860964,0.865772944595615,0xe8f0cc52b0d087e4eaabe1de8c0bc01f83918ea9,2017-10-30T05:22:37.000Z,0.000675,0x097501c95264ad3204159efaefdc5820783dbeae,sell,0xea610b1153477720748dc13ed378003941d84fab,0xce2243a4a90655dcac76f49fdfd95842a11c056bb9cb96a014fe51d3d07afde5
45,428,0.300028,0xf082e67d73561f40c30a9cd41a1b24999ef57362,2017-10-30T05:19:24.000Z,0.000701,0x097501c95264ad3204159efaefdc5820783dbeae,sell,0xea610b1153477720748dc13ed378003941d84fab,0x4be393cf32d1ef12901e8b2ac859e3763b96778d56e3b46e35a19dc3b6ce19d7
46,1622,1.15973,0x77483497fe1972cb07792ade636984a81826efd8,2017-10-30T05:16:56.000Z,0.000715,0x097501c95264ad3204159efaefdc5820783dbeae,sell,0xea610b1153477720748dc13ed378003941d84fab,0xb68e859c5728dd11871081f9931627e34e994bd42eeefe974e6094b096a77436
47,134.4694921844763,0.09681803437282294,0x5f430139c270465529c9c369b7b84fbbc25f1900,2017-10-30T03:35:48.000Z,0.0007199999999999999,0x9e92f848f811707bd7089406892b3f631a132ae9,sell,0xea610b1153477720748dc13ed378003941d84fab,0x03f4986865b8178d74b6ac4fff5e113a75d0fa18c3db4fcd4da2f9c5cd3bb505
48,336,0.245616,0x1548c43c81e0ccb5a01b33f19708097cce3e82c6,2017-10-30T03:04:56.000Z,0.000731,0xa410b730d89ec3ab3c11fbc4fea4a8385ca694f3,sell,0xea610b1153477720748dc13ed378003941d84fab,0x132960ee4e4cb957fbe90dcc87037a847d68501989ebd515fdd143552094080e
49,139.787,0.10204590787,0x5bb2a478386b25b9f8a7b1e97110d0f3989ecc30,2017-10-30T03:04:56.000Z,0.00073001,0xa410b730d89ec3ab3c11fbc4fea4a8385ca694f3,sell,0xea610b1153477720748dc13ed378003941d84fab,0x870aba1a844740e37cda6fb4d91b38ecefce1e8a6fb0eabe872a46fcba0a3454
50,500,0.365,0xb88f78a18601dce45130d0cbe230d387a1779792,2017-10-30T03:04:56.000Z,0.00073,0xa410b730d89ec3ab3c11fbc4fea4a8385ca694f3,sell,0xea610b1153477720748dc13ed378003941d84fab,0x123d4b7427beeb80e18e071625b98df1940ec807ee79262331981cbb17afd1da
51,0.21261995344244378,0.000155214692212518,0x5bb2a478386b25b9f8a7b1e97110d0f3989ecc30,2017-10-30T02:36:07.000Z,0.0007300099999999982,0x4a8a287739ac4844e1260504ab4a479591726f1b,sell,0xea610b1153477720748dc13ed378003941d84fab,0x98731c9ea47383f9a1e5cd2ce8d2f85e8c3013aa364db028c7360e0a7fa56e6f
52,1500,1.1025,0xfbf7dc0756a9768d0c71aea5f8421f3b1eaee7d1,2017-10-30T01:51:04.000Z,0.000735,0xa410b730d89ec3ab3c11fbc4fea4a8385ca694f3,sell,0xea610b1153477720748dc13ed378003941d84fab,0x833fe54e9224fd621aabd5484f6814bb56ca30ba60fa70480b1442eec45d2741
53,2924.514599145862,2.1378201719756253,0xbcc1c1f54c50e021e7d8edd1d29048d980990ce2,2017-10-30T01:47:25.000Z,0.000731,0xa410b730d89ec3ab3c11fbc4fea4a8385ca694f3,sell,0xea610b1153477720748dc13ed378003941d84fab,0xd84d0b41bd9f5278dae8b5726f015f31a2c045b5c69c0634f5865da5f2debfde
54,227,0.16798,0xcd03e8b9dcbfb3100de5b01d5bf6fd499a12bac4,2017-10-29T22:03:26.000Z,0.00074,0xf84bfa23c2ab766c47056011b26e2d12ade5c754,sell,0xea610b1153477720748dc13ed378003941d84fab,0x0981c2594c08143743480b5c574db1d4b941a8b4336e7c54fc35600c6ab68183
55,2075.485400854138,1.5171798280243747,0xbcc1c1f54c50e021e7d8edd1d29048d980990ce2,2017-10-29T21:01:15.000Z,0.000731,0xc1aac4101f510c66e44f0f0aee922051efc3ae53,sell,0xea610b1153477720748dc13ed378003941d84fab,0xe9f35fc42d20bf9e225f53f2f4fcf980ce59a1aba1939b814dde15b30a771274
56,1550,1.24,0x3e6609832404887bb447f960e60ee5b000456505,2017-10-29T18:34:20.000Z,0.0008,0x4cd6aaf29c19187f8c7ed5c95313010c81f59298,sell,0xea610b1153477720748dc13ed378003941d84fab,0xed71df60eb9c4adb2da200e03c3b6a6456154a70d27a543d824c5447f537c9e5
57,800,0.648,0xcd03e8b9dcbfb3100de5b01d5bf6fd499a12bac4,2017-10-29T18:34:03.000Z,0.00081,0x4cd6aaf29c19187f8c7ed5c95313010c81f59298,sell,0xea610b1153477720748dc13ed378003941d84fab,0x51dab985b736a6eadc17efd336993da78e91129cee6bde643b3e845c09766441
58,70,0.07,0x3655f0eb5edc49d7be2b3338a3fd641dbdc53798,2017-10-29T15:04:06.000Z,0.001,0xcbb38f20996b387ec562ffc46448d5e7c3d86020,buy,0xea610b1153477720748dc13ed378003941d84fab,0xa3a9649bdbaf092b071d04c9e68ea6ebca9ec67530e196c94199cd61777e2a97
59,504.83231980859335,0.5048323198085933,0x876d72dd96df5837e7672565ac17e7bf65cd627e,2017-10-29T13:21:55.000Z,0.001,0xcbb38f20996b387ec562ffc46448d5e7c3d86020,buy,0xea610b1153477720748dc13ed378003941d84fab,0x6499f8dc14450398d963ff6d6f8544e49164b3c179a5b854871abd51e064124d
60,990,0.9009,0x876d72dd96df5837e7672565ac17e7bf65cd627e,2017-10-29T13:20:06.000Z,0.00091,0xcd03e8b9dcbfb3100de5b01d5bf6fd499a12bac4,buy,0xea610b1153477720748dc13ed378003941d84fab,0xce38bec20854d8d77abee32f7954d2cf00e977e24694e65e5782c3a16ac996aa
61,8.65,0.0068335,0xca0372418745d5499eb5bdc99fda28153cffd205,2017-10-29T04:17:52.000Z,0.00079,0x97c5c53f8acac416f87a884f6f923ae063ebaacd,sell,0xea610b1153477720748dc13ed378003941d84fab,0x947b097b4f48c9a1c2d67a9ba70fb86950c91661a1d95c5efd2bc6de75e12086
62,100,0.08,0x37a714705378b50a324152efe9bb2152abb342b5,2017-10-29T04:02:54.000Z,0.0008,0x97c5c53f8acac416f87a884f6f923ae063ebaacd,sell,0xea610b1153477720748dc13ed378003941d84fab,0xf565c72e93680bb42e24d6190a78b8eee5a1ecc359652b172e258e35bc3f5944
63,89.75152725141224,0.0718012218011298,0xcd03e8b9dcbfb3100de5b01d5bf6fd499a12bac4,2017-10-29T02:58:31.000Z,0.0008,0x97c5c53f8acac416f87a884f6f923ae063ebaacd,sell,0xea610b1153477720748dc13ed378003941d84fab,0xf348b73c3c3803e87c1a9d9aeed2f8fd5526171722f670bb3117f356d3769e76
64,105.43133815040397,0.08434507052032317,0xcd03e8b9dcbfb3100de5b01d5bf6fd499a12bac4,2017-10-28T22:56:29.000Z,0.0008,0x9928735e58646b828be5a0ce02e939cd752adc8f,sell,0xea610b1153477720748dc13ed378003941d84fab,0x64164a7b7c710b6251e16c761760cd24b7bd385dcf31ba995bc9a61b468342d8
65,0.5434782608695652,0.0005,0x34f9560c63078eb61872a4dc2ccd20e21c34feaf,2017-10-28T20:03:58.000Z,0.00092,0xecbf0c4a509a8ffb98a81f8a4903e0a3fa4cc049,buy,0xea610b1153477720748dc13ed378003941d84fab,0xff3cf3749fc65cd366eaaa9e5a22d58223da9c64134608238e234b8ad315d78a
66,0.5434782608695652,0.0005,0xe444a40689f51f63bcd29910622035707d533d29,2017-10-28T20:03:50.000Z,0.00092,0xecbf0c4a509a8ffb98a81f8a4903e0a3fa4cc049,buy,0xea610b1153477720748dc13ed378003941d84fab,0xac00eef4b2316ac6cfc366888c24632333f9c1550ff13c5182fb34107cd45d7f
67,144.81713459818377,0.11585370767854702,0xcd03e8b9dcbfb3100de5b01d5bf6fd499a12bac4,2017-10-28T16:34:02.000Z,0.0008,0x009a12d4290630bc01fd82516ac57c1dc6a9bcfb,sell,0xea610b1153477720748dc13ed378003941d84fab,0xc45fb1e11ef4e50d0cb90c66547155d3a3177fe309c850ee2df2edaf59133b78
68,145.26606771543814,0.1016862474008067,0x009a12d4290630bc01fd82516ac57c1dc6a9bcfb,2017-10-28T16:12:40.000Z,0.0007,0x59605fe7a05bd9a24e4b1fa78cd7fe0fe14afb2f,sell,0xea610b1153477720748dc13ed378003941d84fab,0x700bcee6a47d660f3ddeec5e7eb5faf112b2b8bce0b8a2031c8f0cf4460fc228
69,150,0.1215,0x5f430139c270465529c9c369b7b84fbbc25f1900,2017-10-28T16:10:02.000Z,0.00081,0x59605fe7a05bd9a24e4b1fa78cd7fe0fe14afb2f,sell,0xea610b1153477720748dc13ed378003941d84fab,0xe55d55118950eae22a3ebc342afeb3058a988d7d225b11c9e30fff708cc73d3d
70,650,0.533,0xcd03e8b9dcbfb3100de5b01d5bf6fd499a12bac4,2017-10-28T16:08:37.000Z,0.00082,0x59605fe7a05bd9a24e4b1fa78cd7fe0fe14afb2f,sell,0xea610b1153477720748dc13ed378003941d84fab,0xb663f8e4c723a3e63ed6e9be51a40d637b5d40a0a02ca64301c96fcbde0aa1e4
71,250,0.2275,0x5f430139c270465529c9c369b7b84fbbc25f1900,2017-10-28T15:31:41.000Z,0.00091,0x59605fe7a05bd9a24e4b1fa78cd7fe0fe14afb2f,buy,0xea610b1153477720748dc13ed378003941d84fab,0x1a30d65f39f7ae1af88710429ac8625064b31fc925f7b69c68d17179dee5cc94
72,29.91722817303837,0.02363461025670031,0xca0372418745d5499eb5bdc99fda28153cffd205,2017-10-28T14:09:53.000Z,0.00079,0x16170418303acc27d272ef6f15ceebbd3ba6c069,sell,0xea610b1153477720748dc13ed378003941d84fab,0xbf785e1e4298152a7e00e061d50ed63d65056edfaa778ea0ee85d95a242067af
73,99.71580374788907,0.07877548496083236,0xca0372418745d5499eb5bdc99fda28153cffd205,2017-10-28T14:04:20.000Z,0.00079,0x16170418303acc27d272ef6f15ceebbd3ba6c069,sell,0xea610b1153477720748dc13ed378003941d84fab,0x70859c25453ee0b9fdc13e46ddbc3151b2115daeaf33c45c59c0cc9f159bfee8
74,0.17013424867624616,0.00011058726163956,0xcbb38f20996b387ec562ffc46448d5e7c3d86020,2017-10-28T07:48:54.000Z,0.00065,0x20752121331799b4463f360ead2d1974b660e8c2,sell,0xea610b1153477720748dc13ed378003941d84fab,0x1456dcc8498ea5defba7377d155c9956785999152e530765e0aa78e431496d47
75,1706.6166484714252,1.1093008215064264,0xcbb38f20996b387ec562ffc46448d5e7c3d86020,2017-10-28T07:47:43.000Z,0.00065,0x20752121331799b4463f360ead2d1974b660e8c2,sell,0xea610b1153477720748dc13ed378003941d84fab,0x19509c56e1d9989a488ab032285c2506dfdb935ca73c3e77cca582cd7320534e
76,56.211,0.04440669,0xca0372418745d5499eb5bdc99fda28153cffd205,2017-10-28T07:46:38.000Z,0.00079,0x20752121331799b4463f360ead2d1974b660e8c2,sell,0xea610b1153477720748dc13ed378003941d84fab,0x5b7cb4574b934aaf331777232a79e5295215eb557853a35f32ad5c47fcd67622
77,1000,0.86,0xa9eb194adff1094aa4cd6d812211d6e79a5bf6b8,2017-10-28T07:45:29.000Z,0.00086,0x20752121331799b4463f360ead2d1974b660e8c2,sell,0xea610b1153477720748dc13ed378003941d84fab,0xd1edcac3fd7b5fbae21e6061ca46865a915d1f9d1cc518865feac76ec7254e3c
78,0.23319005060313022,0.000200543443518692,0x1d5321e125f6c7079a716705541c7b371ca79e69,2017-10-28T07:25:53.000Z,0.00086,0x20752121331799b4463f360ead2d1974b660e8c2,buy,0xea610b1153477720748dc13ed378003941d84fab,0x0317a57a28b5dc03c50edffce2814753a803bdf7157ee95bc91ccc0645bd8ff6
79,0.2324925728844768,0.000216218092782563,0x995cb17d48effe27b4245f6a6412d87ea0492320,2017-10-28T07:25:53.000Z,0.0009299999999999982,0x1d5321e125f6c7079a716705541c7b371ca79e69,sell,0xea610b1153477720748dc13ed378003941d84fab,0x0317a57a28b5dc03c50edffce2814753a803bdf7157ee95bc91ccc0645bd8ff6
80,50.75,0.043645,0x1d5321e125f6c7079a716705541c7b371ca79e69,2017-10-28T07:16:31.000Z,0.00086,0x20752121331799b4463f360ead2d1974b660e8c2,buy,0xea610b1153477720748dc13ed378003941d84fab,0x8ab3d0be8968bf11389be8b1073d549ec19929f6778f4314f88cf0c4ebbda011
81,50.59820538384845,0.04452642073778664,0xca0372418745d5499eb5bdc99fda28153cffd205,2017-10-28T07:16:31.000Z,0.00088,0x1d5321e125f6c7079a716705541c7b371ca79e69,sell,0xea610b1153477720748dc13ed378003941d84fab,0x8ab3d0be8968bf11389be8b1073d549ec19929f6778f4314f88cf0c4ebbda011
82,77.73001686771019,0.06684781450623077,0x273a5d3e6721b9f5c1a6474f560c1334c63dda01,2017-10-28T07:15:28.000Z,0.00086,0x20752121331799b4463f360ead2d1974b660e8c2,buy,0xea610b1153477720748dc13ed378003941d84fab,0xa586ef0fe8c28dd5376c5458a36bc18288220d27f719814ed818452ea0f3614c
83,77.49682681710706,0.07207204893990957,0x995cb17d48effe27b4245f6a6412d87ea0492320,2017-10-28T07:15:28.000Z,0.0009299999999999999,0x273a5d3e6721b9f5c1a6474f560c1334c63dda01,sell,0xea610b1153477720748dc13ed378003941d84fab,0xa586ef0fe8c28dd5376c5458a36bc18288220d27f719814ed818452ea0f3614c
84,125,0.02475,0x273a5d3e6721b9f5c1a6474f560c1334c63dda01,2017-10-28T07:02:24.000Z,0.000198,0x1fb9f5abd2c8c8e7e34f1738682d76d8704d1f8b,buy,0xea610b1153477720748dc13ed378003941d84fab,0xbcbccb0b5cf14c5998944f122767956afffdc9a6b155725ecda992de765d3687
85,124.625,0.10967,0xca0372418745d5499eb5bdc99fda28153cffd205,2017-10-28T07:02:24.000Z,0.00088,0x273a5d3e6721b9f5c1a6474f560c1334c63dda01,sell,0xea610b1153477720748dc13ed378003941d84fab,0xbcbccb0b5cf14c5998944f122767956afffdc9a6b155725ecda992de765d3687
86,125,0.017875,0x273a5d3e6721b9f5c1a6474f560c1334c63dda01,2017-10-28T07:01:46.000Z,0.000143,0x1fb9f5abd2c8c8e7e34f1738682d76d8704d1f8b,buy,0xea610b1153477720748dc13ed378003941d84fab,0xa17fd6b102bef5fe6dd3aafceeaaed5375851513bb7c75ab1ce9954762770348
87,124.625,0.10967,0xca0372418745d5499eb5bdc99fda28153cffd205,2017-10-28T07:01:46.000Z,0.00088,0x273a5d3e6721b9f5c1a6474f560c1334c63dda01,sell,0xea610b1153477720748dc13ed378003941d84fab,0xa17fd6b102bef5fe6dd3aafceeaaed5375851513bb7c75ab1ce9954762770348
88,3.4861928023129294,0.003311883162197283,0x1d5321e125f6c7079a716705541c7b371ca79e69,2017-10-28T05:14:40.000Z,0.00095,0x7f427765bb3d5a97ff1cea9ac99c0879497a6163,buy,0xea610b1153477720748dc13ed378003941d84fab,0xbe9c42c6c11e68c0eb789f67189eea327c412760abcc3bd10697f5dd7485f8fc
89,3.4757655057955428,0.003354113713092698,0xd48e0e23c5f11810ac2a70b465b1a53906a05335,2017-10-28T05:14:40.000Z,0.0009649999999999997,0x1d5321e125f6c7079a716705541c7b371ca79e69,sell,0xea610b1153477720748dc13ed378003941d84fab,0xbe9c42c6c11e68c0eb789f67189eea327c412760abcc3bd10697f5dd7485f8fc
90,57.2699831322898,0.05326108431302951,0x995cb17d48effe27b4245f6a6412d87ea0492320,2017-10-28T02:52:23.000Z,0.0009299999999999999,0x097501c95264ad3204159efaefdc5820783dbeae,sell,0xea610b1153477720748dc13ed378003941d84fab,0xa30eed93cec6694d2df967eb39207694e9c73e5466898f3f21d9e6a4793fe4f3
91,800,0.736,0xa9eb194adff1094aa4cd6d812211d6e79a5bf6b8,2017-10-28T02:50:39.000Z,0.00092,0x097501c95264ad3204159efaefdc5820783dbeae,sell,0xea610b1153477720748dc13ed378003941d84fab,0x27b7283d7e437e027f6a19f22d4d84d469dc7e96cdb208a50abc3e79c1a432a1
92,496.5138071976871,0.47913582394576804,0xd48e0e23c5f11810ac2a70b465b1a53906a05335,2017-10-27T21:18:23.000Z,0.000965,0x4cd6aaf29c19187f8c7ed5c95313010c81f59298,sell,0xea610b1153477720748dc13ed378003941d84fab,0x1a91d85b60b271da24456c4a6b7e7a24dfd4f92c79fed9177a47561b3b932e17
93,300,0.291,0xd48e0e23c5f11810ac2a70b465b1a53906a05335,2017-10-27T21:17:07.000Z,0.00097,0x4cd6aaf29c19187f8c7ed5c95313010c81f59298,sell,0xea610b1153477720748dc13ed378003941d84fab,0x5dc3a06a26ded527908d6a50ecbb4bdf479a3e7aa0a0f407dff65fa4e83bd3c7
94,250,0.2475,0xd48e0e23c5f11810ac2a70b465b1a53906a05335,2017-10-27T21:16:07.000Z,0.00099,0x4cd6aaf29c19187f8c7ed5c95313010c81f59298,sell,0xea610b1153477720748dc13ed378003941d84fab,0x1084ce22d16ca838a4c132ef4b0fba74c43e51cecd9e793af14088661f568204
95,100,0.10001,0xd48e0e23c5f11810ac2a70b465b1a53906a05335,2017-10-27T21:15:56.000Z,0.0010001,0x4cd6aaf29c19187f8c7ed5c95313010c81f59298,sell,0xea610b1153477720748dc13ed378003941d84fab,0xdb7ae3879edb4df33bf7abdd998ed689d91a4d3aeb7e9a2e34d4fc07dbc570a2
96,71.88360747464398,0.07475895177362975,0x602053cdad316bf80958bd9bb7edc506f58bc845,2017-10-27T20:06:11.000Z,0.00104,0x59605fe7a05bd9a24e4b1fa78cd7fe0fe14afb2f,buy,0xea610b1153477720748dc13ed378003941d84fab,0xef47978bf411bf11386aa25c9c3124fdccb4e163b4a1f6f0b7681685115825da
97,221.90769787977848,0.22434868255645607,0x57e2cd54f829a084aa4020fa365b6d5d1692f261,2017-10-27T17:09:06.000Z,0.001011,0x273a5d3e6721b9f5c1a6474f560c1334c63dda01,sell,0xea610b1153477720748dc13ed378003941d84fab,0x8bd87891cc9a688284a00a78f8f51b32059555dd88a531e1481e7492a16759f0
98,222.5754241522352,0.22034966991071284,0x273a5d3e6721b9f5c1a6474f560c1334c63dda01,2017-10-27T17:09:06.000Z,0.00099,0x667bc54712cb7f92958c3a21dccb7ef60fc8c482,buy,0xea610b1153477720748dc13ed378003941d84fab,0x8bd87891cc9a688284a00a78f8f51b32059555dd88a531e1481e7492a16759f0
99,0.001829599430525087,0.000001851960794764,0x1804111464a198d8b0450bdbf7cb9fd65a903baf,2017-10-27T16:37:18.000Z,0.0010122219999994728,0x59b5a04c039e46a46d435f1282193416d78b8f98,sell,0xea610b1153477720748dc13ed378003941d84fab,0xe7888d4f0c934efe7fb81fba965be8bfc85545b422c198ac41d80f7cff06886d
100,18.352711887597142,0.01855459171836071,0x57e2cd54f829a084aa4020fa365b6d5d1692f261,2017-10-27T16:35:49.000Z,0.001011,0x59b5a04c039e46a46d435f1282193416d78b8f98,sell,0xea610b1153477720748dc13ed378003941d84fab,0x59b65318fc85767c44b6819e2a3c2a659dd61c0ce66b7cb4bfc95d8f85eaf9df
101,18.409605294448696,0.01933008555917113,0x59b5a04c039e46a46d435f1282193416d78b8f98,2017-10-27T16:32:35.000Z,0.00105,0x14f68baefe2667e28cefd00772cd39ab269d623e,buy,0xea610b1153477720748dc13ed378003941d84fab,0xfe5d53e06848c748ee524710eae0683a407c1b862abf1bfc5842d11472b7d8dd
102,300,0.3045,0x128bab5f74529c899fa4d0c0c8182f250933a462,2017-10-27T14:16:36.000Z,0.001015,0x667bc54712cb7f92958c3a21dccb7ef60fc8c482,buy,0xea610b1153477720748dc13ed378003941d84fab,0xe77793717ba5d4b331baf2bbd6aff73dd26858a9432497881e8da49c2759ea11
103,227.42268885445952,0.23879382329718252,0x411510a1960bd858f9623b40fe14993bdc1c0659,2017-10-27T12:13:44.000Z,0.00105,0x14f68baefe2667e28cefd00772cd39ab269d623e,buy,0xea610b1153477720748dc13ed378003941d84fab,0xa6c658799aee184de5371d06672955dfecd97de26d014d21d0380c1e2d75cbfa
104,1276.9918990835245,1.3408414940377007,0x411510a1960bd858f9623b40fe14993bdc1c0659,2017-10-27T11:51:13.000Z,0.00105,0x14f68baefe2667e28cefd00772cd39ab269d623e,buy,0xea610b1153477720748dc13ed378003941d84fab,0x1690434f200d57dcd61e5a368514cf7cd713acf2fe0458591891c7b842f50da1
105,826.6885345478943,0.836195452695195,0x667bc54712cb7f92958c3a21dccb7ef60fc8c482,2017-10-27T11:16:39.000Z,0.0010115,0x9a265f1d59e020341ca2b6f4eb20aeec46054414,sell,0xea610b1153477720748dc13ed378003941d84fab,0xdf5661d17bd95ed4c377b73979fdb23b163d52afe71c4efa35a9e54913ad5710
106,298,0.301642156,0x1804111464a198d8b0450bdbf7cb9fd65a903baf,2017-10-27T09:55:18.000Z,0.001012222,0x5e87b43f8077f53fe5fb998a97ffacd299267323,sell,0xea610b1153477720748dc13ed378003941d84fab,0x5a3d355e9668b8e24ebc11076492707c1c8573c8ecb47030dd9e0065e77508d6
107,3806.6414116239657,3.8485144671518294,0x57e2cd54f829a084aa4020fa365b6d5d1692f261,2017-10-27T08:28:49.000Z,0.001011,0x442b2621147b084195a43e7e988ce9aa64c1e057,sell,0xea610b1153477720748dc13ed378003941d84fab,0x866f84b0a6ca50d5d05eab2bedf72f98dae21f575aaa1ad7b03f54c18bdef160
108,2.4304523362019506,0.002457187311900171,0x57e2cd54f829a084aa4020fa365b6d5d1692f261,2017-10-27T01:53:58.000Z,0.0010109999999999997,0x4fa852e7892f601011499bd9edb3b159722c3154,sell,0xea610b1153477720748dc13ed378003941d84fab,0x2dfc0118f90b06a44e704ed4f3a55730b59f6d050efb4363c8236f5360de0b60
109,299.105,0.30568531,0xca0372418745d5499eb5bdc99fda28153cffd205,2017-10-26T22:25:33.000Z,0.001022,0xc30ff49429b3077fc2b9a910b072f2300dc41b9a,buy,0xea610b1153477720748dc13ed378003941d84fab,0x71346fab7c53d2ea6ad6613aba9ffe85ef3587346e0cca68f22c16cddd7c2f07
110,299.99183140270634,0.31909831114474474,0xfbedfbeb6e526a85381f37d2f3b0db6982430ed9,2017-10-26T22:24:29.000Z,0.00106369,0x273a5d3e6721b9f5c1a6474f560c1334c63dda01,sell,0xea610b1153477720748dc13ed378003941d84fab,0x48c6daaea7f8971e2a60afaba0fd04be84b8e3ea763a24d7b1e7a13dea2565b2
111,300.894514947549,0.3075141942763951,0x273a5d3e6721b9f5c1a6474f560c1334c63dda01,2017-10-26T22:24:29.000Z,0.001022,0xc30ff49429b3077fc2b9a910b072f2300dc41b9a,buy,0xea610b1153477720748dc13ed378003941d84fab,0x48c6daaea7f8971e2a60afaba0fd04be84b8e3ea763a24d7b1e7a13dea2565b2
112,30,0.0309,0x273a5d3e6721b9f5c1a6474f560c1334c63dda01,2017-10-26T22:20:19.000Z,0.00103,0x338e25a8fa1b3f55cdb3877e9d0fed1f00fa8033,buy,0xea610b1153477720748dc13ed378003941d84fab,0xdf63458e746cab177dd7724fbe96b114727311227c9cf594b612fb9122c9c740
113,29.91,0.0318149679,0xfbedfbeb6e526a85381f37d2f3b0db6982430ed9,2017-10-26T22:20:19.000Z,0.00106369,0x273a5d3e6721b9f5c1a6474f560c1334c63dda01,sell,0xea610b1153477720748dc13ed378003941d84fab,0xdf63458e746cab177dd7724fbe96b114727311227c9cf594b612fb9122c9c740
114,76.99548505245099,0.0818993274954416,0xfbedfbeb6e526a85381f37d2f3b0db6982430ed9,2017-10-26T22:19:58.000Z,0.00106369,0x273a5d3e6721b9f5c1a6474f560c1334c63dda01,sell,0xea610b1153477720748dc13ed378003941d84fab,0x85f3f1822dca5185f8b31fe6fd9e9346416d6a053dda34e348be338709f78984
115,1096.7,1.166548823,0xfbedfbeb6e526a85381f37d2f3b0db6982430ed9,2017-10-26T22:19:58.000Z,0.00106369,0x273a5d3e6721b9f5c1a6474f560c1334c63dda01,sell,0xea610b1153477720748dc13ed378003941d84fab,0xb580a409794cbb9a9bb4a299c7cddc836a3bd6e5549215429f3acc382875a540
116,1500,1.5375,0x273a5d3e6721b9f5c1a6474f560c1334c63dda01,2017-10-26T22:19:58.000Z,0.001025,0xfbf7dc0756a9768d0c71aea5f8421f3b1eaee7d1,buy,0xea610b1153477720748dc13ed378003941d84fab,0x7581cf4d4215548b816220aa59e543c1a2b166e2e4f93540c7e5e2acf93a09c8
117,1495.5,1.590748395,0xfbedfbeb6e526a85381f37d2f3b0db6982430ed9,2017-10-26T22:19:58.000Z,0.00106369,0x273a5d3e6721b9f5c1a6474f560c1334c63dda01,sell,0xea610b1153477720748dc13ed378003941d84fab,0x7581cf4d4215548b816220aa59e543c1a2b166e2e4f93540c7e5e2acf93a09c8
118,1100,1.1253,0x273a5d3e6721b9f5c1a6474f560c1334c63dda01,2017-10-26T22:19:58.000Z,0.001023,0xc30ff49429b3077fc2b9a910b072f2300dc41b9a,buy,0xea610b1153477720748dc13ed378003941d84fab,0xb580a409794cbb9a9bb4a299c7cddc836a3bd6e5549215429f3acc382875a540
119,77.2271665521073,0.07900331415563923,0x273a5d3e6721b9f5c1a6474f560c1334c63dda01,2017-10-26T22:19:58.000Z,0.001022999,0x951571ecb267b433469ef2c50f4c7b74b1d631f7,buy,0xea610b1153477720748dc13ed378003941d84fab,0x85f3f1822dca5185f8b31fe6fd9e9346416d6a053dda34e348be338709f78984
120,500,0.5115,0xca0372418745d5499eb5bdc99fda28153cffd205,2017-10-26T21:54:52.000Z,0.001023,0xc30ff49429b3077fc2b9a910b072f2300dc41b9a,buy,0xea610b1153477720748dc13ed378003941d84fab,0xbd07606555bc6360c6360e42f30018a40aa75d810f9b10cd0697d35cc0869914
121,313.7728334478927,0.3209892948443608,0x4cd6aaf29c19187f8c7ed5c95313010c81f59298,2017-10-26T21:39:42.000Z,0.001022999,0x951571ecb267b433469ef2c50f4c7b74b1d631f7,buy,0xea610b1153477720748dc13ed378003941d84fab,0x431dd1ea62da6bfe0f752600d5b95e3053a8f3e4731a65c61ec151da9918ab01
122,1.9938191606021334,0.001878177649287209,0x4fa852e7892f601011499bd9edb3b159722c3154,2017-10-26T21:04:33.000Z,0.0009419999999999997,0xb4c432a9559a4f1464d2bff9fcbbdc14f1c39dec,sell,0xea610b1153477720748dc13ed378003941d84fab,0xfa0745db8d70f1a781dbb433150e33035bb4d035af3ea899202996e18a8a249f
123,340,0.34781966,0x3655f0eb5edc49d7be2b3338a3fd641dbdc53798,2017-10-26T21:04:33.000Z,0.001022999,0x951571ecb267b433469ef2c50f4c7b74b1d631f7,buy,0xea610b1153477720748dc13ed378003941d84fab,0x4d9561c11cf3500c2f34e873d6700c5c33de88d97cfd4d4e7eed8b900632e14c
124,1270,1.29920873,0x59605fe7a05bd9a24e4b1fa78cd7fe0fe14afb2f,2017-10-26T21:00:46.000Z,0.001022999,0x951571ecb267b433469ef2c50f4c7b74b1d631f7,buy,0xea610b1153477720748dc13ed378003941d84fab,0x8842136805e3df585ed21883a31dfb6b09af439e4071be9f8c79430814012b13
125,0.294025483651463,0.000276972005599678,0x4fa852e7892f601011499bd9edb3b159722c3154,2017-10-26T20:21:13.000Z,0.0009419999999999994,0x820784e688eec968382b88481de74e3a27281cf5,sell,0xea610b1153477720748dc13ed378003941d84fab,0x87bad6b03292bc531317db87b0509b15d8de038981d7242a76e60fcc607a2d50
126,2949.3696265078256,2.772407448917356,0x57e2cd54f829a084aa4020fa365b6d5d1692f261,2017-10-26T20:20:44.000Z,0.00094,0x820784e688eec968382b88481de74e3a27281cf5,sell,0xea610b1153477720748dc13ed378003941d84fab,0x5c93a3c26425afbfeb819d7c9f6de70167012d59f8e9afd399b3f43871ff3151
127,431,0.405571,0x1804111464a198d8b0450bdbf7cb9fd65a903baf,2017-10-26T20:17:20.000Z,0.000941,0x820784e688eec968382b88481de74e3a27281cf5,sell,0xea610b1153477720748dc13ed378003941d84fab,0x378a14e8fa947ec622084dd43c85f74864b7f207d38d0c37afac3a7dacb2f16f
128,1000,1.02455555555,0x44525d0e03fedd63445fa53c9aed398ce9df5f06,2017-10-26T19:35:39.000Z,0.00102455555555,0x1804111464a198d8b0450bdbf7cb9fd65a903baf,buy,0xea610b1153477720748dc13ed378003941d84fab,0x08727d5a62f8c5ff85e44b5941b7f8b53711e606fb2db7b6486ace953c3f675c
129,268.80751855449404,0.25267906744122437,0x57e2cd54f829a084aa4020fa365b6d5d1692f261,2017-10-26T18:22:48.000Z,0.00094,0x35622db1b45d8e42cbce42acb0629f10d0648bfc,sell,0xea610b1153477720748dc13ed378003941d84fab,0x613f4f3d19f24eb99eb6421725a41a05f7ea201135990689f7f5289604aa4e17
130,0.011973321186008669,0.000011254921914848,0x57e2cd54f829a084aa4020fa365b6d5d1692f261,2017-10-26T17:26:10.000Z,0.0009399999999999876,0xa5c6d44f3ecdfaf9a024cf9bb61672615da833b8,sell,0xea610b1153477720748dc13ed378003941d84fab,0xacf5838f89afc99f9d87cd26205372e2a64c77919fab811f99429c04a196b3a8
131,120.10438481685296,0.11169707787967324,0x35622db1b45d8e42cbce42acb0629f10d0648bfc,2017-10-26T17:25:58.000Z,0.0009299999999999999,0xa5c6d44f3ecdfaf9a024cf9bb61672615da833b8,sell,0xea610b1153477720748dc13ed378003941d84fab,0x2336494f111f68f88e10e019a141041a3603f45ab204ea8fe695a1947f1ce50c
132,1200,1.1172,0x1804111464a198d8b0450bdbf7cb9fd65a903baf,2017-10-26T17:16:53.000Z,0.000931,0xa5c6d44f3ecdfaf9a024cf9bb61672615da833b8,sell,0xea610b1153477720748dc13ed378003941d84fab,0xeab7603a619220997db5abba835dcbdd0b18e12565fd8e44cd543346702d0ead
133,3300,3.0954,0x5b0a80abcef0181ba1881aeb6cf0641ab1905d8e,2017-10-26T17:16:53.000Z,0.000938,0xa5c6d44f3ecdfaf9a024cf9bb61672615da833b8,sell,0xea610b1153477720748dc13ed378003941d84fab,0xd7128461730f70e257d31e72de88ce70d758f6111a3368f4f86af335223aca4a
134,149.53643704516,0.1390688864519988,0x35622db1b45d8e42cbce42acb0629f10d0648bfc,2017-10-26T16:14:26.000Z,0.0009299999999999999,0xb4644415a639bf48418f50717ea59e7299682173,sell,0xea610b1153477720748dc13ed378003941d84fab,0x40de86ba40b67beb1c0661fe77f9cecfd62a54339a33b9e97e4d13c5889827df
135,103.67859635131093,0.0948659156614495,0x7f427765bb3d5a97ff1cea9ac99c0879497a6163,2017-10-26T15:13:46.000Z,0.000915,0xfb7cb1ae4ff72de5e8cbb25539cf251cd97135e7,sell,0xea610b1153477720748dc13ed378003941d84fab,0xd268d2aa37dbc7e41568be655c459af2e9cdbadec37588eafd946a606bf5d363
136,2,0.00183,0x7f427765bb3d5a97ff1cea9ac99c0879497a6163,2017-10-26T15:07:00.000Z,0.000915,0x7f427765bb3d5a97ff1cea9ac99c0879497a6163,sell,0xea610b1153477720748dc13ed378003941d84fab,0x2d0046b5679215611c72aa9a221e6ace009e5830a1ac1148ea43498d86098749
137,1667.1981959070101,1.5254863492549142,0x7f427765bb3d5a97ff1cea9ac99c0879497a6163,2017-10-26T14:47:25.000Z,0.000915,0x5276064fb6e5c1bb2d7dff3e31e378c5f1b2a355,sell,0xea610b1153477720748dc13ed378003941d84fab,0x52b32baad6cda522043bf8e2ef21e4f6093e1e32ec61a3370944175ecf028360
138,1086,0.9940701,0xc7f9b62f888f3e3dc764dcc12e2c47d67f8a9b10,2017-10-26T14:45:38.000Z,0.00091535,0x5276064fb6e5c1bb2d7dff3e31e378c5f1b2a355,sell,0xea610b1153477720748dc13ed378003941d84fab,0x9e7a62ca9e9cbbafc429bfffeb5c7e06e369b7a59e66acbc91bff42b33a402d8
139,798.4076923703401,0.7305430385188613,0x7f427765bb3d5a97ff1cea9ac99c0879497a6163,2017-10-26T14:19:01.000Z,0.000915,0x092410f6c66c761144069911a36a5a14c998cb35,sell,0xea610b1153477720748dc13ed378003941d84fab,0x2563aec029656e14ad0bc70cb63cc9fb581c454eb151ae0b91e61cced340c6d3
140,1500,1.3815,0xfbf7dc0756a9768d0c71aea5f8421f3b1eaee7d1,2017-10-26T11:24:27.000Z,0.000921,0xa5c6d44f3ecdfaf9a024cf9bb61672615da833b8,sell,0xea610b1153477720748dc13ed378003941d84fab,0xa73af2791db45f4ad468201892de0e6358c55553b4f60c78dea82238afc16c77
141,2000,1.84202,0x951571ecb267b433469ef2c50f4c7b74b1d631f7,2017-10-26T11:24:04.000Z,0.00092101,0xa5c6d44f3ecdfaf9a024cf9bb61672615da833b8,sell,0xea610b1153477720748dc13ed378003941d84fab,0x62733435e20f5cd9cb7d1edafb818ec67e0c8dee29604fd2ad029efe99102b6c
142,360,0.3384,0x206f7c0f3a851c96654dce50f62004a53f442ecf,2017-10-26T11:24:04.000Z,0.00094,0xa5c6d44f3ecdfaf9a024cf9bb61672615da833b8,sell,0xea610b1153477720748dc13ed378003941d84fab,0x6af9eb73df11f9549b730710b0d6c7fee742329ba7b09178f0959a3d9fb8ec7a
143,1000,1.09,0xca4248f9b0412e3bad0402505d0120f3420c54f8,2017-10-26T11:09:27.000Z,0.00109,0x1804111464a198d8b0450bdbf7cb9fd65a903baf,buy,0xea610b1153477720748dc13ed378003941d84fab,0xb2a46569883c6181a33fe69962b6b9a3606a218696294bfaeee9a3305c26cd38
144,2132.7907529811537,1.9195116776830383,0x57e2cd54f829a084aa4020fa365b6d5d1692f261,2017-10-26T04:53:49.000Z,0.0009,0x4a8a287739ac4844e1260504ab4a479591726f1b,sell,0xea610b1153477720748dc13ed378003941d84fab,0x58f5f8f2d56ab25bb451a090ff19e939f05da61fbd1617d419dce928e8426702
145,300,0.270531,0xc30ff49429b3077fc2b9a910b072f2300dc41b9a,2017-10-26T04:43:07.000Z,0.00090177,0x4a8a287739ac4844e1260504ab4a479591726f1b,sell,0xea610b1153477720748dc13ed378003941d84fab,0xf4712ad0f12a37b0b96667905ebb1d18cfe3596003d94e1e1aff85be5eeea563
146,1000,0.9018,0xc30ff49429b3077fc2b9a910b072f2300dc41b9a,2017-10-26T04:42:47.000Z,0.0009018,0x4a8a287739ac4844e1260504ab4a479591726f1b,sell,0xea610b1153477720748dc13ed378003941d84fab,0x2180376b592705c5cace1a2e8d0daffc5154e9de78f02c474546ddb935b3cd6c
147,300,0.270534,0xc30ff49429b3077fc2b9a910b072f2300dc41b9a,2017-10-26T04:42:47.000Z,0.00090178,0x4a8a287739ac4844e1260504ab4a479591726f1b,sell,0xea610b1153477720748dc13ed378003941d84fab,0xb859ee218db7aa97bbdce97160efe1bd626dbde9e75c681ff31e9ac0c36b33bf
148,1384.9067889542418,1.2464161100588176,0x57e2cd54f829a084aa4020fa365b6d5d1692f261,2017-10-26T02:55:00.000Z,0.0009,0xe7d7a3a1eeb42f000c52ab3c9d85341064c43889,sell,0xea610b1153477720748dc13ed378003941d84fab,0x732a82bc24faad579cf2c543b8690a6a27d1a33a3cc2f0946003c699ace47076
149,1000,0.95,0x109b91033eddfec5797a27114319d95c4c95c0d9,2017-10-26T02:54:44.000Z,0.00095,0xe7d7a3a1eeb42f000c52ab3c9d85341064c43889,sell,0xea610b1153477720748dc13ed378003941d84fab,0x5eb9d34e7f74a59976a106133b4a99cc078acbcb98cf1ab6d18dae106c6533d9
150,2000,1.80002,0xa5c6d44f3ecdfaf9a024cf9bb61672615da833b8,2017-10-26T02:54:44.000Z,0.00090001,0xe7d7a3a1eeb42f000c52ab3c9d85341064c43889,sell,0xea610b1153477720748dc13ed378003941d84fab,0xb90db332f3bc066cccfa8b92f02ae94a83ad1bde3279bf08841566f9889f4035
151,300,0.270531,0xc30ff49429b3077fc2b9a910b072f2300dc41b9a,2017-10-26T02:54:44.000Z,0.00090177,0xe7d7a3a1eeb42f000c52ab3c9d85341064c43889,sell,0xea610b1153477720748dc13ed378003941d84fab,0x4d94a694e244db1a52fd44d474177aa2bc4e1b2547a372e1145d79998a822109
152,300,0.270534,0xc30ff49429b3077fc2b9a910b072f2300dc41b9a,2017-10-26T02:54:44.000Z,0.00090178,0xe7d7a3a1eeb42f000c52ab3c9d85341064c43889,sell,0xea610b1153477720748dc13ed378003941d84fab,0xc9c89b4420435cf918aea62ccf7585b9dededd758b25ffd4877831a90dd453d6
153,1300,1.56,0x91f0f512dfead200e2b5ec5000d772cccc36ee2f,2017-10-26T02:03:25.000Z,0.0012,0x64d9398c4592a94bb8450752e3aec2aacf3943d7,buy,0xea610b1153477720748dc13ed378003941d84fab,0x96a79bfe7208f780f360bd313d93c0d8453596efd4be2f36c98a36181f386474
154,270.298585727285,0.3227365113583783,0x91f0f512dfead200e2b5ec5000d772cccc36ee2f,2017-10-26T02:02:40.000Z,0.001194,0x4cd6aaf29c19187f8c7ed5c95313010c81f59298,buy,0xea610b1153477720748dc13ed378003941d84fab,0x7876a7eb814a800a3bbc938f6ca3c5ea6ff101ca18eb21d5b253b89a0c2d3a2a
155,1500,1.7925,0x91f0f512dfead200e2b5ec5000d772cccc36ee2f,2017-10-26T02:02:40.000Z,0.001195,0xfbf7dc0756a9768d0c71aea5f8421f3b1eaee7d1,buy,0xea610b1153477720748dc13ed378003941d84fab,0xa9461f0c9e2125d2c81ad689d5b1fbe25d1980b72004a7b78688a82719959a87
156,680,0.781932,0x91f0f512dfead200e2b5ec5000d772cccc36ee2f,2017-10-26T02:02:26.000Z,0.0011499,0x951571ecb267b433469ef2c50f4c7b74b1d631f7,buy,0xea610b1153477720748dc13ed378003941d84fab,0xb69bf59ae95574c3c198a7a92c5083eff058dddcd839c1787e7b182fbd07ce6c
157,95,0.1092405,0x94ae35eccb921899916b6dd57beefe58e14bd02c,2017-10-26T01:55:50.000Z,0.0011499,0x951571ecb267b433469ef2c50f4c7b74b1d631f7,buy,0xea610b1153477720748dc13ed378003941d84fab,0x3d399c490de87d9232bc1d56726ada86a2a38f2c341a2a52ceb3f8e0a897b479
158,5,0.0057495,0x94ae35eccb921899916b6dd57beefe58e14bd02c,2017-10-26T01:35:49.000Z,0.0011499,0x951571ecb267b433469ef2c50f4c7b74b1d631f7,buy,0xea610b1153477720748dc13ed378003941d84fab,0x7f0f22418d46473c0061138bc94142a7c851466652fcbe565d2cf93a45657ed0
159,317.19322557073076,0.28547707494591334,0xa5c6d44f3ecdfaf9a024cf9bb61672615da833b8,2017-10-26T00:07:08.000Z,0.00090001,0xe1d09d4871ae9a6166e6274e694d3caef5671319,sell,0xea610b1153477720748dc13ed378003941d84fab,0xc8e4ede33f7095b10eb10fc7b55f75adeaa5ffffd6bb0e135b49beb50559aaca
160,138.91840151587132,0.12502795054829935,0xa5c6d44f3ecdfaf9a024cf9bb61672615da833b8,2017-10-25T23:40:44.000Z,0.00090001,0x1ed014aec47fae44c9e55bac7662c0b78ae61798,sell,0xea610b1153477720748dc13ed378003941d84fab,0xcb473c8cc729bbeba0dafbbf8f6ed3e6b5e469416cc1ed2eca6d8d634f52ef09
161,200.67690160502443,0.18061121821353804,0xa5c6d44f3ecdfaf9a024cf9bb61672615da833b8,2017-10-25T23:17:34.000Z,0.00090001,0x7322f723ab0b701ad0b4f328e4f9690fe8a4b18e,sell,0xea610b1153477720748dc13ed378003941d84fab,0x62939e5e0cc85833a9f8010cb081ee7c45c2439ff4c083e6163c73ad33b3fb9a
162,5.38331173362576,0.00484503439338052,0xa5c6d44f3ecdfaf9a024cf9bb61672615da833b8,2017-10-25T22:27:24.000Z,0.0009000099999999999,0xaba13099d371a483dbf6cfd5ca654c7a3547cc74,sell,0xea610b1153477720748dc13ed378003941d84fab,0xa34a172e0ba49620be08d5c47fe8e0f1eefa3141aa3c834b0dfa0e6b508bd7ea
163,143.15781916060214,0.12884346882273354,0xa5c6d44f3ecdfaf9a024cf9bb61672615da833b8,2017-10-25T22:16:59.000Z,0.00090001,0x49ab4c577dbe72f58e9357948a6858a65d208aaa,sell,0xea610b1153477720748dc13ed378003941d84fab,0xd6423448d1622d75b261047797dff2b49d835aa5af387d69be6b28e80792ea99
164,800.8026759490933,0.9754176994397931,0x092410f6c66c761144069911a36a5a14c998cb35,2017-10-25T19:56:05.000Z,0.00121805,0x092410f6c66c761144069911a36a5a14c998cb35,sell,0xea610b1153477720748dc13ed378003941d84fab,0x950ba3c90b2c9360dfe0ed796f34c766f3e6ca085098f759bf909f5553c4e8d6
165,249.22739507526668,0.22430714784169076,0xa5c6d44f3ecdfaf9a024cf9bb61672615da833b8,2017-10-25T18:13:46.000Z,0.00090001,0xa99feb7b084eded2de4b51b37a31c1d8564c66a4,sell,0xea610b1153477720748dc13ed378003941d84fab,0x5d67a804e26075cdb1a7a8323fbe4e55f04b7941ecf165d1695e2db1559c8bdc
166,40.860332712014134,0.04984547901505333,0x92eda84cfaae09602bff2ff43a001f59a5ca237c,2017-10-25T17:29:33.000Z,0.001219899,0x951571ecb267b433469ef2c50f4c7b74b1d631f7,buy,0xea610b1153477720748dc13ed378003941d84fab,0xf5e5a4aee3153cd72b6f5e72868a26ef13ec83d206bb7f4f0a84a271c45aeb60
167,75,0.092849925,0x0e41aed51f2e4eb82d742948b376b8f1a8ce8bda,2017-10-25T15:30:43.000Z,0.001237999,0x951571ecb267b433469ef2c50f4c7b74b1d631f7,buy,0xea610b1153477720748dc13ed378003941d84fab,0x5846a19fdca659766dbcacf7b8732b29d86b46f69345d7f288bb7190437b1e7d
168,797.5276642408534,0.7576520785564749,0x951571ecb267b433469ef2c50f4c7b74b1d631f7,2017-10-25T13:54:43.000Z,0.000950001,0x82e096b1751dfa153ae43b4a0270ec70b36aa340,sell,0xea610b1153477720748dc13ed378003941d84fab,0x5c203edcd1a832f02bc8a9078db00cf61a2486b6edc312ca70623a239f86f921
169,99.69095803010667,0.09470650981955936,0x951571ecb267b433469ef2c50f4c7b74b1d631f7,2017-10-25T13:37:59.000Z,0.000950001,0x23653fe88920240ec7339e4ddbd89dc0d9e9c9ac,sell,0xea610b1153477720748dc13ed378003941d84fab,0x9b7d867aa7bc7d97a278c5ff24ef92bddeb27a2624fbc0118335f97aa2ab9ec5
170,100,0.0916,0x23653fe88920240ec7339e4ddbd89dc0d9e9c9ac,2017-10-25T11:52:28.000Z,0.000916,0x54b59cbea68b581f1fa6ae1c3d5ea0643e8e2378,sell,0xea610b1153477720748dc13ed378003941d84fab,0x92ff6bc1ce293cc3c6032190ea2c6ea2ad89177d97e4bdefee3d49c7643805c3
171,70,0.07000147,0xbb0ee23832b845c3839cb392454153d217884083,2017-10-25T11:43:06.000Z,0.001000021,0x54b59cbea68b581f1fa6ae1c3d5ea0643e8e2378,sell,0xea610b1153477720748dc13ed378003941d84fab,0xc48006d860c8032a548858ea691dd24a3610e9924ffad1b060b8cacd674a8537
172,121.30995007251386,0.13344094507976526,0xf1791651f3a2a0a94f068ae122675aab7e434866,2017-10-25T11:42:07.000Z,0.0011,0x54b59cbea68b581f1fa6ae1c3d5ea0643e8e2378,sell,0xea610b1153477720748dc13ed378003941d84fab,0xfc9343ea8a78f9bc765406d0a4bbb39a74edede176e2e1a24c2d4302fd100f0d
173,1.146857670133668,0.001284480590549707,0x32b8e9db7aa208845b90e14111021e8e513d09ad,2017-10-25T11:40:10.000Z,0.001119999999999999,0x54b59cbea68b581f1fa6ae1c3d5ea0643e8e2378,sell,0xea610b1153477720748dc13ed378003941d84fab,0xa59393fd3b5d44ffe5065184a7721e3ad3754e8871fbd071e0d268e604b7f4d4
174,206,0.2266,0xf1791651f3a2a0a94f068ae122675aab7e434866,2017-10-25T11:38:08.000Z,0.0011,0x5e87b43f8077f53fe5fb998a97ffacd299267323,sell,0xea610b1153477720748dc13ed378003941d84fab,0x6d9d29d53700e4209d108ffc680a620c596cfe7d47eba4881855af0067842b57
175,6.896816366502756,0.007965822903310682,0x1e11fc7edf261e933af8c1455d929cf75c40df77,2017-10-25T11:33:02.000Z,0.0011549999999999998,0x54b59cbea68b581f1fa6ae1c3d5ea0643e8e2378,sell,0xea610b1153477720748dc13ed378003941d84fab,0x3262062446335bb366e46269fe21e938c03ad3fb66cfe68f325198cff6cd24f0
176,172.69004992748614,0.18995905492023477,0xf1791651f3a2a0a94f068ae122675aab7e434866,2017-10-25T11:12:10.000Z,0.0011,0x9a265f1d59e020341ca2b6f4eb20aeec46054414,sell,0xea610b1153477720748dc13ed378003941d84fab,0xe2dfc68455f6d3f4f50bdb4a630fbbcf783b5ba50ef9f21f1ac2b3c9c6ce273e
177,585,0.6435,0x57e2cd54f829a084aa4020fa365b6d5d1692f261,2017-10-25T11:10:01.000Z,0.0011,0x9a265f1d59e020341ca2b6f4eb20aeec46054414,sell,0xea610b1153477720748dc13ed378003941d84fab,0x7fdc494c51477415d3af2a50d99e67fb937ef980144801ac131abd19ee3d97d1
178,100,0.126,0x80009cd3ac6446bfb1a7eeb876a2dbb5283c92a4,2017-10-25T07:55:28.000Z,0.00126,0x4cd6aaf29c19187f8c7ed5c95313010c81f59298,buy,0xea610b1153477720748dc13ed378003941d84fab,0x82463b9d9a517ad677715e30bc085c6dc4d6aa0fd675f5ce56c89b1aeecf4e67
179,50,0.063,0x7f122c79a883dc8a19784b0ac2f13d56134f39ed,2017-10-25T07:41:10.000Z,0.00126,0x4cd6aaf29c19187f8c7ed5c95313010c81f59298,buy,0xea610b1153477720748dc13ed378003941d84fab,0xd9a3e0fde9311957f55ae8e05380b3d665594976424466ab0a887056e68ac8fa
180,1300,1.495,0x085920ba57a4517a4e037e72ad8dceac7947cd49,2017-10-25T06:36:21.000Z,0.00115,0x4cd6aaf29c19187f8c7ed5c95313010c81f59298,sell,0xea610b1153477720748dc13ed378003941d84fab,0xbf63310cf8765a1cab0e262477fe9233c9e238fc828f4f7a45f94bfaf414e0f9
181,302.2578338054401,0.34880554021147786,0x57e2cd54f829a084aa4020fa365b6d5d1692f261,2017-10-25T06:35:22.000Z,0.001154,0x4cd6aaf29c19187f8c7ed5c95313010c81f59298,sell,0xea610b1153477720748dc13ed378003941d84fab,0xd22a0384806fbbc5df58ecce11456a713b794cfcbb0b6b9c4e93829dea11649c
182,867.860070849939,1.0015105217608296,0x57e2cd54f829a084aa4020fa365b6d5d1692f261,2017-10-25T06:25:44.000Z,0.001154,0x02f3f615dad26e296bec71632d7d3fdb702dae7c,sell,0xea610b1153477720748dc13ed378003941d84fab,0x2150a36f4afed43c5c2cb22b38119c305cd35b28a9acb9d093848c3f0bfe2cbb
183,0.49194521209154424,0.000568196719965733,0x1e11fc7edf261e933af8c1455d929cf75c40df77,2017-10-25T06:19:09.000Z,0.001154999999999999,0xa73d427ed88458a34832c19bd026f01ccc98a2e3,sell,0xea610b1153477720748dc13ed378003941d84fab,0xf7af1eca816bf3231bae5878352ea4af7f619f492165cb844c10f7a2dc4a54bc
184,150,0.1734,0xb4644415a639bf48418f50717ea59e7299682173,2017-10-25T05:22:59.000Z,0.001156,0x02f3f615dad26e296bec71632d7d3fdb702dae7c,sell,0xea610b1153477720748dc13ed378003941d84fab,0x17cce98f0a65784256f4c5b3432e97c56dc309042b4f28065956e7eaf3e21f4a
185,2288.1022414216327,2.6404699866005643,0x57e2cd54f829a084aa4020fa365b6d5d1692f261,2017-10-25T05:07:03.000Z,0.001154,0x4cd6aaf29c19187f8c7ed5c95313010c81f59298,sell,0xea610b1153477720748dc13ed378003941d84fab,0xf451fcffc051a5678b9d67c892f2a162b69ab99bd91c433fdb78ca33dd061934
186,1500,1.74,0xfbf7dc0756a9768d0c71aea5f8421f3b1eaee7d1,2017-10-25T05:05:36.000Z,0.00116,0x4cd6aaf29c19187f8c7ed5c95313010c81f59298,sell,0xea610b1153477720748dc13ed378003941d84fab,0x4007393ae524b7ab31118515c3be94e8c1b929272e68fe6d15ca7737001a2f80
187,4934.70242249028,5.694646595553783,0x57e2cd54f829a084aa4020fa365b6d5d1692f261,2017-10-25T04:44:40.000Z,0.001154,0xa73d427ed88458a34832c19bd026f01ccc98a2e3,sell,0xea610b1153477720748dc13ed378003941d84fab,0x1ec91cbdd2eba189929e703009718ca32e64ab78afc0eaba498417929bfebeac
188,505,0.58277,0x57e2cd54f829a084aa4020fa365b6d5d1692f261,2017-10-25T04:34:23.000Z,0.001154,0x00af9e1ce84465990b9109d682608613350ee9da,sell,0xea610b1153477720748dc13ed378003941d84fab,0x497033741ffa95fb9c4a876e5a7be1923ee184a7f02de15ed491d8d2b05c32b5
189,64.4,0.09005696,0x265ca90bd2ceb257be4370d0cbd6bf8e0a6688e1,2017-10-25T02:31:52.000Z,0.0013984,0xe40130cc06f367ef94dbcd905feb9299b1eb9ad5,buy,0xea610b1153477720748dc13ed378003941d84fab,0xcf69a742006d30d73a0c46114b20d56fa825b4d80d78af69cfe5ab72337a7c7a
190,1960,2.7048,0x265ca90bd2ceb257be4370d0cbd6bf8e0a6688e1,2017-10-25T02:31:23.000Z,0.00138,0xfbf7dc0756a9768d0c71aea5f8421f3b1eaee7d1,buy,0xea610b1153477720748dc13ed378003941d84fab,0x2a02737cbf75d69e4a13872fa942804dca71ed4ef520293205901113c9c60a61
191,1000.986,1.39137054,0x265ca90bd2ceb257be4370d0cbd6bf8e0a6688e1,2017-10-25T02:31:23.000Z,0.00139,0xcbb13315d603cb0a311fd252e7ab0bfba96dfb22,buy,0xea610b1153477720748dc13ed378003941d84fab,0xa21749f612927c5082ce1efa8f06458181dd812c1b709c5dd458bfe0dad2e1e3
192,190.11970039891273,0.2193981342603453,0x57e2cd54f829a084aa4020fa365b6d5d1692f261,2017-10-25T00:19:41.000Z,0.001154,0x4cd6aaf29c19187f8c7ed5c95313010c81f59298,sell,0xea610b1153477720748dc13ed378003941d84fab,0xf017e7ab17cc68208d5620f57c823065d504e5a90f07b1372f51bff7c034a5cd
193,77,0.088935,0x1e11fc7edf261e933af8c1455d929cf75c40df77,2017-10-25T00:17:21.000Z,0.001155,0x4cd6aaf29c19187f8c7ed5c95313010c81f59298,sell,0xea610b1153477720748dc13ed378003941d84fab,0x020d673547ffff4bc5ee6428b91a0b73d9b0989c59e19e1e9cf776fbc598e5a0
194,73,0.084388,0x1e11fc7edf261e933af8c1455d929cf75c40df77,2017-10-25T00:16:23.000Z,0.001156,0x4cd6aaf29c19187f8c7ed5c95313010c81f59298,sell,0xea610b1153477720748dc13ed378003941d84fab,0x5d24b7c48428691e9a54f27a33e198be6bf57da93e7d4e1394b62bb449cf4ecc
195,498.45479015053337,0.5752168278337155,0x57e2cd54f829a084aa4020fa365b6d5d1692f261,2017-10-24T23:23:54.000Z,0.001154,0x4681c544eb6175e3e2de3c0fd42e93a0c9279d9d,sell,0xea610b1153477720748dc13ed378003941d84fab,0x2fcc33b04cd1d66abd875b9797925d0836b729e3bd26c59c6366532205321da3
196,15.502940883261887,0.017890393779284218,0x57e2cd54f829a084aa4020fa365b6d5d1692f261,2017-10-24T20:37:20.000Z,0.0011539999999999999,0x345b646bd9ca255b9ab7278e6db106822fc2b86d,sell,0xea610b1153477720748dc13ed378003941d84fab,0xe1545013fa4bcf0af528810c1af61fd9f3952128244e3bf4c221638c347c4561
197,398,0.459292,0x57e2cd54f829a084aa4020fa365b6d5d1692f261,2017-10-24T20:35:31.000Z,0.001154,0x345b646bd9ca255b9ab7278e6db106822fc2b86d,sell,0xea610b1153477720748dc13ed378003941d84fab,0x9d32bf6557dd5f39ab5548f237a1a1b4e30b48e4f7498c1f40ceb03fc90a6133
198,85,0.098175,0x821d0a4d591ece6b8069abed384a8df8697d27c3,2017-10-24T20:35:00.000Z,0.001155,0x345b646bd9ca255b9ab7278e6db106822fc2b86d,sell,0xea610b1153477720748dc13ed378003941d84fab,0x6833d8c06f04a1e60aeb9a1f3bb1c5e7a4f2205271dc5ae2eb5bc6916b567000
199,100,0.121,0xb4644415a639bf48418f50717ea59e7299682173,2017-10-24T20:22:31.000Z,0.00121,0x4cd6aaf29c19187f8c7ed5c95313010c81f59298,sell,0xea610b1153477720748dc13ed378003941d84fab,0xa54f7040cc22a4013cd3e78d5f06ccd267e941ec9a9e241cd2aab820cc2a7822
200,2000,2.4,0xf89824bbb5d448ce8636941dadc3910e475ff435,2017-10-24T20:22:05.000Z,0.0012,0x4cd6aaf29c19187f8c7ed5c95313010c81f59298,sell,0xea610b1153477720748dc13ed378003941d84fab,0xbee99807d077d37a06934c4da92ea5216c2d7a094e56607a635aec4053d5b935
201,196.32806824289847,0.2200837645002892,0x1e11fc7edf261e933af8c1455d929cf75c40df77,2017-10-24T14:22:03.000Z,0.001121,0x9778550d76b07ac9f5e57392f68ecdf6efc1774e,sell,0xea610b1153477720748dc13ed378003941d84fab,0xe4a983be1a4ee60ce0cedf234860bbb36f4a6e66c41308507f15ece3e0f5f722
202,196.32806824289847,0.2200837645002892,0x1e11fc7edf261e933af8c1455d929cf75c40df77,2017-10-24T14:21:46.000Z,0.001121,0x9778550d76b07ac9f5e57392f68ecdf6efc1774e,sell,0xea610b1153477720748dc13ed378003941d84fab,0xe4a983be1a4ee60ce0cedf234860bbb36f4a6e66c41308507f15ece3e0f5f722
203,397.2485685270128,0.45683585380606473,0xfbf7dc0756a9768d0c71aea5f8421f3b1eaee7d1,2017-10-24T14:21:06.000Z,0.00115,0x9778550d76b07ac9f5e57392f68ecdf6efc1774e,sell,0xea610b1153477720748dc13ed378003941d84fab,0x615cd306e25e5e1955895c8fc748e3436f374e9b34fd509c6caed5db7201904f
204,2865.189,3.20901168,0x265ca90bd2ceb257be4370d0cbd6bf8e0a6688e1,2017-10-24T14:20:37.000Z,0.00112,0x9778550d76b07ac9f5e57392f68ecdf6efc1774e,sell,0xea610b1153477720748dc13ed378003941d84fab,0xc637c8b1177b72ef188d4ace0fa8bb954c83706f3a3d31c355c3b37380901927
205,602.7514314729872,0.6931641461939353,0xfbf7dc0756a9768d0c71aea5f8421f3b1eaee7d1,2017-10-24T11:48:15.000Z,0.00115,0xf58a285597f57466b0ca7f314b38beb02c6b5a8e,sell,0xea610b1153477720748dc13ed378003941d84fab,0xaf9e6425ac5faeb3fa190da13d06fe227b114be9bdc04c4fdf55e28611c64f2a
206,540,0.9396,0x87ee1f310f75ca0c17a70648b0ea7cebe1620ff6,2017-10-24T10:43:45.000Z,0.00174,0xfbf7dc0756a9768d0c71aea5f8421f3b1eaee7d1,buy,0xea610b1153477720748dc13ed378003941d84fab,0xc4833ffe001364afc1dedf1878dea066a1b15ba6613990b724e158d63b4673e6
207,30,0.051,0x87ee1f310f75ca0c17a70648b0ea7cebe1620ff6,2017-10-24T10:40:06.000Z,0.0017,0x65570b90b7887a0ceb57f7604da311e84663a290,buy,0xea610b1153477720748dc13ed378003941d84fab,0xee116f15a638fe1e492f4b56cac6327f62e6405d1ec118b60dc36c5a887feb6b
208,415.6648704531196,0.4655446549074939,0x265ca90bd2ceb257be4370d0cbd6bf8e0a6688e1,2017-10-24T10:39:08.000Z,0.00112,0x9778550d76b07ac9f5e57392f68ecdf6efc1774e,sell,0xea610b1153477720748dc13ed378003941d84fab,0x29f6f826fff7295ee7870eb33c0426146e55c685e168b79d55dbec9efbd4a40c
209,1500,1.695,0xfbf7dc0756a9768d0c71aea5f8421f3b1eaee7d1,2017-10-24T10:38:28.000Z,0.00113,0x9778550d76b07ac9f5e57392f68ecdf6efc1774e,sell,0xea610b1153477720748dc13ed378003941d84fab,0x1d46898080e9e4896fb7eaad7cc879666b271e02aaccbb4316001d37154d7a72
210,215.20058940647036,0.2528606925526027,0x1fb9f5abd2c8c8e7e34f1738682d76d8704d1f8b,2017-10-24T10:38:28.000Z,0.001175,0x9778550d76b07ac9f5e57392f68ecdf6efc1774e,sell,0xea610b1153477720748dc13ed378003941d84fab,0x53c053dc8da47a06cfb84735fd85370be87d7f54e4f9db65b0eea629b0fa1fa4
211,2,0.0028,0x80009cd3ac6446bfb1a7eeb876a2dbb5283c92a4,2017-10-24T10:27:34.000Z,0.0014,0x19d92dbbe4de7bfcdf8de7c1c0d33f82ebb9e02c,buy,0xea610b1153477720748dc13ed378003941d84fab,0x011153c0796710795bd0fe35bcd2e1cfa1a0a3b0d6a3ae1b67729ebd3be2362a
212,34.79941059352965,0.040889307447397334,0x1fb9f5abd2c8c8e7e34f1738682d76d8704d1f8b,2017-10-24T08:37:42.000Z,0.001175,0xeba60241cda053b619a1ddc1d373212e4d84aa28,sell,0xea610b1153477720748dc13ed378003941d84fab,0x538e68f30147c9a5e99f30da16fdbc416835b8fee53561825a2aaa15dcf282ce
213,0.9970089730807578,0.001894317048853439,0xca8fb605770b7cb6bd60ce3b4932720b87f6a8f5,2017-10-24T06:43:44.000Z,0.0018999999999999993,0x1d5321e125f6c7079a716705541c7b371ca79e69,sell,0xea610b1153477720748dc13ed378003941d84fab,0x277124fdc983075dab153273e9756b7ec9ab2812c4b821668595c00713544d5b
214,1,0.001454455,0x1d5321e125f6c7079a716705541c7b371ca79e69,2017-10-24T06:43:44.000Z,0.001454455,0x00af9e1ce84465990b9109d682608613350ee9da,buy,0xea610b1153477720748dc13ed378003941d84fab,0x277124fdc983075dab153273e9756b7ec9ab2812c4b821668595c00713544d5b
215,1471.2463014935531,1.6477958576727794,0x265ca90bd2ceb257be4370d0cbd6bf8e0a6688e1,2017-10-24T06:06:00.000Z,0.00112,0x4cd6aaf29c19187f8c7ed5c95313010c81f59298,sell,0xea610b1153477720748dc13ed378003941d84fab,0xd70cf3102d4b42bbfadc7d5eecaf3797c09d6c05ec1319de301e3150d41cc682
216,1370.4455818305012,1.5348990516501613,0x265ca90bd2ceb257be4370d0cbd6bf8e0a6688e1,2017-10-24T05:27:58.000Z,0.00112,0x4cd6aaf29c19187f8c7ed5c95313010c81f59298,sell,0xea610b1153477720748dc13ed378003941d84fab,0xbc477dd2e06be854e3f139f91523490b683380bd63c465623232502aa0c44d06
217,2536.2272621401657,2.8405745335969854,0x265ca90bd2ceb257be4370d0cbd6bf8e0a6688e1,2017-10-24T05:07:55.000Z,0.00112,0x9778550d76b07ac9f5e57392f68ecdf6efc1774e,sell,0xea610b1153477720748dc13ed378003941d84fab,0x4df7f21f6df135bbfd907f67a885e479ed7b4667c4759d216decffb815037dd5
218,1341.2269417574644,1.5021741747683601,0x265ca90bd2ceb257be4370d0cbd6bf8e0a6688e1,2017-10-24T04:57:19.000Z,0.00112,0x4cd6aaf29c19187f8c7ed5c95313010c81f59298,sell,0xea610b1153477720748dc13ed378003941d84fab,0x6f95c8ba6787055a3b6f64349e5db1ba765395ca45a3fc6387405ca14c6d8fff
219,1420,1.9738,0x265ca90bd2ceb257be4370d0cbd6bf8e0a6688e1,2017-10-24T04:19:59.000Z,0.00139,0xfbf7dc0756a9768d0c71aea5f8421f3b1eaee7d1,buy,0xea610b1153477720748dc13ed378003941d84fab,0xeafa30d155b2d231c5e9d91c4a27292976591d5911431a24286d1f0ad88c484f
220,5,0.005,0xeba60241cda053b619a1ddc1d373212e4d84aa28,2017-10-24T02:02:54.000Z,0.001,0x090f2609d2a71e5648fd029bc2b99e5238273751,buy,0xea610b1153477720748dc13ed378003941d84fab,0xde55553b63a290b46eeb3883674db19a2c7e62ad823301edd9788ee8300835cf
221,270.88652988236464,0.43341844781178346,0x3e6415833dfe5a4884f6f6904f76f15d62295854,2017-10-24T01:35:36.000Z,0.0016,0xe85fd2aff6bd741e0e1aa82c5ed54cc57101589a,buy,0xea610b1153477720748dc13ed378003941d84fab,0x5dff9051a98a55565325d73ae6669e8623aedd515dd2fac96f3550a194f5e975
222,1594,2.1519,0x3e6415833dfe5a4884f6f6904f76f15d62295854,2017-10-24T01:31:50.000Z,0.00135,0x68d1b49e3f85c7c8b8f8872a79ac8d4c96b32c41,buy,0xea610b1153477720748dc13ed378003941d84fab,0x4135020f38eaf6ea4f1fd6cedc37a2094ab17667219f1b6318c3f5c5bb4c1903
223,29.907287409032,0.029907287409032,0xeba60241cda053b619a1ddc1d373212e4d84aa28,2017-10-23T18:14:34.000Z,0.001,0x98d7d86a36abf430d6311d8685e9760a85b222dd,sell,0xea610b1153477720748dc13ed378003941d84fab,0xfa34c62adf59bcbc106a7df84514fa3e71724cd6a9adc90fee7d09849ad1e9a8
224,80,0.1072,0x2537c2cd9fe2d6650a5982a62b8e7d8b60dfea62,2017-10-23T16:49:08.000Z,0.00134,0xfbf7dc0756a9768d0c71aea5f8421f3b1eaee7d1,buy,0xea610b1153477720748dc13ed378003941d84fab,0x59f1a7e95de53f5e995e4bcb5cd1895845cbfc69682ead13b5513d79ba0abbf8
225,1594.297,1.7537267,0x68d1b49e3f85c7c8b8f8872a79ac8d4c96b32c41,2017-10-23T14:44:41.000Z,0.0011,0xcbb38f20996b387ec562ffc46448d5e7c3d86020,buy,0xea610b1153477720748dc13ed378003941d84fab,0x75d34c22425e8529c10e775a5d14965428c556ff7e7bbb111a8bf113380360e4
226,301,0.30401,0x2e1bfb63fb937b0d8b5d48983c640677c5cd7eac,2017-10-23T05:40:42.000Z,0.00101,0xcbb38f20996b387ec562ffc46448d5e7c3d86020,sell,0xea610b1153477720748dc13ed378003941d84fab,0xe8d6f8c4730afbc5f33cf593002750e852a978d24d0608d2882fdf3409b1569c
227,1500,1.56,0xfbf7dc0756a9768d0c71aea5f8421f3b1eaee7d1,2017-10-23T05:40:42.000Z,0.00104,0xcbb38f20996b387ec562ffc46448d5e7c3d86020,sell,0xea610b1153477720748dc13ed378003941d84fab,0xd9269e28ae0434893b7ad113b3d672f510792b69ce1660cd252582f93f581bda
228,99.003,0.10197309,0xc36a96314ff0256bd1c9665c191c65b9efd583bf,2017-10-23T05:40:42.000Z,0.00103,0xcbb38f20996b387ec562ffc46448d5e7c3d86020,sell,0xea610b1153477720748dc13ed378003941d84fab,0xac750305b251d3056da38980b48d7a72ea06ba0054fd8830bcc6fb7e34fd889c
229,0.9969095803010667,0.001026816867710098,0xc36a96314ff0256bd1c9665c191c65b9efd583bf,2017-10-23T03:38:37.000Z,0.0010299999999999992,0x7d053385a05276eedcaf706325ae34ae544741a6,sell,0xea610b1153477720748dc13ed378003941d84fab,0x51199bc9b84d67505b126ab9664e191aa1c3212f30a48ce402fdcd308b028539
230,120.711,0.14364609,0xa75fcdf436c9713b3757819f1fb235918749c3ba,2017-10-23T02:40:41.000Z,0.00119,0xcbb38f20996b387ec562ffc46448d5e7c3d86020,buy,0xea610b1153477720748dc13ed378003941d84fab,0xfbc76e4668a2632303319e69a4cb1499d6abd519771afbac671a506ab62c4023
231,1,0.0018,0x4a57d0208164a1c1c63c75395dc444428a07b50a,2017-10-22T22:46:27.000Z,0.0018,0xad27dd6ba4c56ac93d3c02a767b69beb98190255,buy,0xea610b1153477720748dc13ed378003941d84fab,0x5918e839870642ec1e727881b743046fba5379a6dc939d3bcdb7a64016116867
232,3620.153439404841,3.3486419314494777,0xcbb38f20996b387ec562ffc46448d5e7c3d86020,2017-10-22T22:23:41.000Z,0.000925,0x755dfe72cff68f68627b7a6ce5ef96ece2bfcfdc,sell,0xea610b1153477720748dc13ed378003941d84fab,0xe014c04d4a2097841736ad8c76dc93cd38e9deef26626eb5a670abd23814f95f
233,371.6245103143219,0.40135447113946765,0x5276064fb6e5c1bb2d7dff3e31e378c5f1b2a355,2017-10-22T20:41:22.000Z,0.00108,0x755dfe72cff68f68627b7a6ce5ef96ece2bfcfdc,buy,0xea610b1153477720748dc13ed378003941d84fab,0x11b54b87f839edd3da74c6b61e56b529fe3b2a2ffb8c2dacd5a8f01339198be0
234,90,0.09711,0x5276064fb6e5c1bb2d7dff3e31e378c5f1b2a355,2017-10-22T20:39:02.000Z,0.001079,0xcee85c08a169ef92a2be4ad0805ecdbfaadbb0ee,buy,0xea610b1153477720748dc13ed378003941d84fab,0x922d8ba5832f39bdf0e21e9eb24f7452ac2f1130f7083bbd17b12500f35ca8b3
235,200,0.206,0xc36a96314ff0256bd1c9665c191c65b9efd583bf,2017-10-22T20:24:39.000Z,0.00103,0x7322f723ab0b701ad0b4f328e4f9690fe8a4b18e,sell,0xea610b1153477720748dc13ed378003941d84fab,0x63d596cb7484d31c17d933e9f156aeac5f3ce7c3a04e541a4bbf4a72f2c94870
236,2566.965,3.05468835,0x7b7c8575b792193a7c09e87d2a2deb85f64a1c86,2017-10-22T18:34:05.000Z,0.00119,0x0598feb21381f01cc88657b0b0ecf2fe4135adec,buy,0xea610b1153477720748dc13ed378003941d84fab,0x05bfe7a6741cfee9b35a78e35256543548fb0bb60b65c23927c6182d54a8f28b
237,84.0346105525326,0.10000118655751379,0x0598feb21381f01cc88657b0b0ecf2fe4135adec,2017-10-22T18:29:46.000Z,0.00119,0x0598feb21381f01cc88657b0b0ecf2fe4135adec,buy,0xea610b1153477720748dc13ed378003941d84fab,0x2fa78dd80cd62eae011a9a611ce32cd3c28d70e9fa28f9ed569fd12a0b60e589
238,3661.9996604388166,4.064819623087086,0x7b7c8575b792193a7c09e87d2a2deb85f64a1c86,2017-10-22T18:28:18.000Z,0.00111,0xcbb38f20996b387ec562ffc46448d5e7c3d86020,buy,0xea610b1153477720748dc13ed378003941d84fab,0x7dd545cb6e3c7586ddae6a7a96c79ae32bb607189a91d090764ed5581531394d
239,53.844,0.059712996,0xc36a96314ff0256bd1c9665c191c65b9efd583bf,2017-10-22T18:26:57.000Z,0.001109,0x4cd6aaf29c19187f8c7ed5c95313010c81f59298,buy,0xea610b1153477720748dc13ed378003941d84fab,0x1599410be7213d4c390bb0fa31cf7ac4986708b7c1bf2b1bb0112c42e668318b
240,1000.923,1.11102453,0xc36a96314ff0256bd1c9665c191c65b9efd583bf,2017-10-22T18:23:04.000Z,0.00111,0xcbb38f20996b387ec562ffc46448d5e7c3d86020,buy,0xea610b1153477720748dc13ed378003941d84fab,0x1b38365378cff7800ad1d4041d954f7b3757edaae9626d514bccc962753885ea
241,0.09783941997222882,0.000108601756169174,0x7b7c8575b792193a7c09e87d2a2deb85f64a1c86,2017-10-22T18:19:58.000Z,0.00111,0xcbb38f20996b387ec562ffc46448d5e7c3d86020,buy,0xea610b1153477720748dc13ed378003941d84fab,0xfd18e45852258539d45c9eed8cf447db22a3f3c51302daa09d1f77f0f061f9a1
242,1077.9795001412115,1.1965572451567446,0x837cf9698008d8a19bb9ac6fa15318a748fd0d15,2017-10-22T18:07:36.000Z,0.00111,0xcbb38f20996b387ec562ffc46448d5e7c3d86020,buy,0xea610b1153477720748dc13ed378003941d84fab,0xffc0d48ddb782f2e0edd4e22f58edb6c783335694971131bad92d358c76ce900
243,1,0.00115,0xe1fa699860444be91d366c21de8fef56e3dec77a,2017-10-22T17:49:33.000Z,0.00115,0xcbb38f20996b387ec562ffc46448d5e7c3d86020,buy,0xea610b1153477720748dc13ed378003941d84fab,0xc2c259a6d50e67f54b65bd4172b18d2207da5c2f06baa84f8a35d5ae5b7b360e
244,53.844151026912556,0.05222882649610518,0x4cd6aaf29c19187f8c7ed5c95313010c81f59298,2017-10-22T16:23:06.000Z,0.0009699999999999999,0x63f04f9d637532286e7615bc1e79694015048b76,sell,0xea610b1153477720748dc13ed378003941d84fab,0xc71fd5ce684076f02c68566933b3d73dc588b8802729e8b152846ca4a7318c73
245,189.8917439770273,0.2164765881338111,0x1ae4f68e747288db0141d22cd303ede9c2c678b3,2017-10-22T15:38:42.000Z,0.00114,0xcbb38f20996b387ec562ffc46448d5e7c3d86020,buy,0xea610b1153477720748dc13ed378003941d84fab,0x4c6481c398e822a57704ae0ffc03f9acc4216fe837b5f2e8e33a884181bc9f18
246,200,0.228,0x1ae4f68e747288db0141d22cd303ede9c2c678b3,2017-10-22T15:37:42.000Z,0.00114,0xcbb38f20996b387ec562ffc46448d5e7c3d86020,buy,0xea610b1153477720748dc13ed378003941d84fab,0x06fe95ee94a8bd1605e2d40fa697c680826ae6bf7881ba9de4970e240e45ef08
247,312.14582905560684,0.35584624512339175,0x1548c43c81e0ccb5a01b33f19708097cce3e82c6,2017-10-22T15:12:40.000Z,0.00114,0xcbb38f20996b387ec562ffc46448d5e7c3d86020,buy,0xea610b1153477720748dc13ed378003941d84fab,0xb1a5ff45bfadbbf317be8118b7e902f8d6788071effe38c82cc9074967a89e3c
248,54,0.06156,0x63f04f9d637532286e7615bc1e79694015048b76,2017-10-22T15:11:08.000Z,0.00114,0xcbb38f20996b387ec562ffc46448d5e7c3d86020,buy,0xea610b1153477720748dc13ed378003941d84fab,0x002cf86c86e062140ed6808053a1313f9951d0930a454617020cde22a7c7a76d
249,22,0.02508,0x1548c43c81e0ccb5a01b33f19708097cce3e82c6,2017-10-22T14:39:22.000Z,0.00114,0xcbb38f20996b387ec562ffc46448d5e7c3d86020,buy,0xea610b1153477720748dc13ed378003941d84fab,0x9097454c9c5cd79b11712eb238e29a3d61804db5b5af1d5f8ac1f3cac2bcf724
250,500,0.505,0x4cd6aaf29c19187f8c7ed5c95313010c81f59298,2017-10-22T13:21:28.000Z,0.00101,0xca4248f9b0412e3bad0402505d0120f3420c54f8,buy,0xea610b1153477720748dc13ed378003941d84fab,0x74e4b1a348b25c10ae4dd971a1306a431ab86612181834d6af6ee0f4f2062069
251,2,0.00228,0x4fa852e7892f601011499bd9edb3b159722c3154,2017-10-22T13:17:19.000Z,0.00114,0xcbb38f20996b387ec562ffc46448d5e7c3d86020,buy,0xea610b1153477720748dc13ed378003941d84fab,0x043ed84719cee15aab9880267ef2f38ebd297ed1d7219610311113b851e92660
252,998.1501420941905,1.1478726634083192,0x4fa852e7892f601011499bd9edb3b159722c3154,2017-10-22T13:09:21.000Z,0.00115,0xcbb38f20996b387ec562ffc46448d5e7c3d86020,buy,0xea610b1153477720748dc13ed378003941d84fab,0x1a525f99dd9deadddbb69a2a554573827ab35f9ac9685f02a3dd94c6219b6bc5
253,1021,1.16394,0x02f3f615dad26e296bec71632d7d3fdb702dae7c,2017-10-22T13:06:32.000Z,0.00114,0xcbb38f20996b387ec562ffc46448d5e7c3d86020,buy,0xea610b1153477720748dc13ed378003941d84fab,0xbddb8c74b922209b5f2de069156194dd199f3b8c4d3d2cb71cd3ff503f9deae5
254,198.9624269673659,0.22681716674279714,0x1548c43c81e0ccb5a01b33f19708097cce3e82c6,2017-10-22T12:54:30.000Z,0.00114,0xcbb38f20996b387ec562ffc46448d5e7c3d86020,buy,0xea610b1153477720748dc13ed378003941d84fab,0xba9ab063dbbe76293eab402b4bb8b97482582e659fee09584781fd7766f3cc0b
255,8066.683,9.107285107,0x8ef42653cd5420da899975c6145d331d7ae622f6,2017-10-22T12:51:48.000Z,0.001129,0x016ab691721a99da1c1489ca0ac8b549eb0f7713,buy,0xea610b1153477720748dc13ed378003941d84fab,0xde5f8e7e5a8271c7d649265f5870e1e09277fb9d9bd58fdcc5d7454eab4e1182
256,1550,1.74995,0x35622db1b45d8e42cbce42acb0629f10d0648bfc,2017-10-22T12:51:11.000Z,0.001129,0x016ab691721a99da1c1489ca0ac8b549eb0f7713,buy,0xea610b1153477720748dc13ed378003941d84fab,0x57b69950e6fd5e740dc64932f24e78b3d5c9f77eb4a5469fc4547f3fa4a4a75d
257,2000,2.24,0x35622db1b45d8e42cbce42acb0629f10d0648bfc,2017-10-22T12:49:15.000Z,0.00112,0xcbb38f20996b387ec562ffc46448d5e7c3d86020,buy,0xea610b1153477720748dc13ed378003941d84fab,0xd4254d2074ae68d3568a6ad320cc89ba7f816693b90eca48aef32a72658204be
258,1801,1.9811,0x7f427765bb3d5a97ff1cea9ac99c0879497a6163,2017-10-22T12:13:16.000Z,0.0011,0xcbb38f20996b387ec562ffc46448d5e7c3d86020,buy,0xea610b1153477720748dc13ed378003941d84fab,0xf70ef3deb976c6ec4a9038ac37fa5e43b766b677b70e7d8fd01ce47cc37b5dbd
259,720,0.792,0xf58a285597f57466b0ca7f314b38beb02c6b5a8e,2017-10-22T11:51:52.000Z,0.0011,0xcbb38f20996b387ec562ffc46448d5e7c3d86020,buy,0xea610b1153477720748dc13ed378003941d84fab,0x2662d0153415bb6df6cde4e8a13a2fa80818ab843b2e55143433639a15e31a13
260,57.766,0.0634848282234,0xf58a285597f57466b0ca7f314b38beb02c6b5a8e,2017-10-22T11:49:31.000Z,0.0010989999,0x0aa9e5d62f8a852a6baac786c43f2ea64a4ebc8d,buy,0xea610b1153477720748dc13ed378003941d84fab,0x051d6eb4f91bfbe4eb697a1bec1e4fdb57e5658b92e61dfdd21e2fea9f9cedbb
261,384.85,0.42295015,0xf58a285597f57466b0ca7f314b38beb02c6b5a8e,2017-10-22T11:48:43.000Z,0.001099,0x1099b992dffe76b4bdface01f3516aaca6309544,buy,0xea610b1153477720748dc13ed378003941d84fab,0x94a65cd1b8a0d1b5dfc604f1f4569fd411139a3b0e13ea40d2ae14a1c4c0d846
262,0.000001357337587954,0.000000001357337587,0xeba60241cda053b619a1ddc1d373212e4d84aa28,2017-10-22T11:42:56.000Z,0.0009999999992971534,0xd17c01a0bd430fc9b7fcc17e57505b4c014e891e,sell,0xea610b1153477720748dc13ed378003941d84fab,0x554ce83aeee9c9e918cf41b9b501433490b0ac0f6446659bf36bccea023211af
263,10,0.010989999,0x98d7d86a36abf430d6311d8685e9760a85b222dd,2017-10-22T11:39:06.000Z,0.0010989999,0x0aa9e5d62f8a852a6baac786c43f2ea64a4ebc8d,buy,0xea610b1153477720748dc13ed378003941d84fab,0x7118d7e8b7c1558e78dc5a232d9c3913066b1cf1d8fa6ab2888ead9f0cb49156
264,184.71302590476134,0.2029995969980301,0x1548c43c81e0ccb5a01b33f19708097cce3e82c6,2017-10-22T11:31:08.000Z,0.0010989999,0x0aa9e5d62f8a852a6baac786c43f2ea64a4ebc8d,buy,0xea610b1153477720748dc13ed378003941d84fab,0xb971153189270b2ceda064e971df68c98464f2aa926d26c37be8d48cb1bfae88
265,61,0.062769,0x1548c43c81e0ccb5a01b33f19708097cce3e82c6,2017-10-22T11:28:45.000Z,0.001029,0x0ae2d2b3a41f08ea2674178a6ea95a916aef0e6b,buy,0xea610b1153477720748dc13ed378003941d84fab,0x1a8ee221458a5102739c4f055585982da4a5ce68e6ddd87c6c90bdd2d4549cb2
266,20,0.02058,0x98d7d86a36abf430d6311d8685e9760a85b222dd,2017-10-22T07:32:15.000Z,0.001029,0x0ae2d2b3a41f08ea2674178a6ea95a916aef0e6b,buy,0xea610b1153477720748dc13ed378003941d84fab,0x6bee0b89fc4ce44df77d30f12947988b83abc24806a50065ecf2a9db15a37857
267,968.3985620671826,0.9867981347464592,0x7f427765bb3d5a97ff1cea9ac99c0879497a6163,2017-10-22T06:21:49.000Z,0.001019,0xbcc1c1f54c50e021e7d8edd1d29048d980990ce2,buy,0xea610b1153477720748dc13ed378003941d84fab,0xf720bbd0fe496b5aa7cdad36131a1ed307bb8b14b5801bf37581835e2b32428f
268,13261.708,13.261708,0xcbb38f20996b387ec562ffc46448d5e7c3d86020,2017-10-22T06:10:52.000Z,0.001,0xb9a394dd26ab7f468f1226d8186416013aad3a69,buy,0xea610b1153477720748dc13ed378003941d84fab,0xf2f6e9053ad79de2fbcf25296a4698d8ba93a5c495ec0f19048c0ae5cc37ee18
269,503.8922793443112,0.5038922793443112,0xdffd0725b9c6108b67bb14aa9aa5ccf21f52bc28,2017-10-22T06:05:54.000Z,0.001,0xb9a394dd26ab7f468f1226d8186416013aad3a69,buy,0xea610b1153477720748dc13ed378003941d84fab,0xdf12a209187f2a329d2594d42a02a52d404449fe40c0510bbd244cb7d569d256
270,1240,1.24,0xf58a285597f57466b0ca7f314b38beb02c6b5a8e,2017-10-22T06:01:26.000Z,0.001,0xb9a394dd26ab7f468f1226d8186416013aad3a69,buy,0xea610b1153477720748dc13ed378003941d84fab,0x68da6f0a4390d4504f90bfa2b6773b460b46c471c00a020bff7f9d1ddf0f0b7e
271,10000,10,0x7f427765bb3d5a97ff1cea9ac99c0879497a6163,2017-10-22T05:53:08.000Z,0.001,0xb9a394dd26ab7f468f1226d8186416013aad3a69,buy,0xea610b1153477720748dc13ed378003941d84fab,0x095650d60072ae4423a01b069dd8ec42e99b9f5e926420f5a4c04769c5bf4ffb
272,1994.3996235521092,1.994399623552109,0x4cd6aaf29c19187f8c7ed5c95313010c81f59298,2017-10-22T05:37:16.000Z,0.001,0xb9a394dd26ab7f468f1226d8186416013aad3a69,buy,0xea610b1153477720748dc13ed378003941d84fab,0xb3c36b5c58ae1dfaf0d10c829feafd34371d3fe9a653bf7fdd594706375263a0
273,2000,2,0x9778550d76b07ac9f5e57392f68ecdf6efc1774e,2017-10-22T05:11:52.000Z,0.001,0xb9a394dd26ab7f468f1226d8186416013aad3a69,buy,0xea610b1153477720748dc13ed378003941d84fab,0xcd59387af8ffbec852fe9b170f14cde96f4220dd4b42fd0149a694c05eb6668a
274,1076.1095666528004,1.0223040883201602,0x9778550d76b07ac9f5e57392f68ecdf6efc1774e,2017-10-22T05:11:35.000Z,0.00095,0x69f15a89732a07be5e59bb6687969c88afda7b93,buy,0xea610b1153477720748dc13ed378003941d84fab,0x7ac79740700db534ab49d8cf70473466247814fad8f10dfa8780aa5027d09b07
275,865.9198433761101,0.8226238512073046,0x4cd6aaf29c19187f8c7ed5c95313010c81f59298,2017-10-22T05:09:59.000Z,0.00095,0x69f15a89732a07be5e59bb6687969c88afda7b93,buy,0xea610b1153477720748dc13ed378003941d84fab,0x8be29e3bbebb9f0d512b9224535a417873b68713a1d27622d9ae889d82bfb7fe
276,454,0.4313,0xf58a285597f57466b0ca7f314b38beb02c6b5a8e,2017-10-22T04:59:49.000Z,0.00095,0x69f15a89732a07be5e59bb6687969c88afda7b93,buy,0xea610b1153477720748dc13ed378003941d84fab,0xc835cef8dd8f8c31a3a9607853962a060ff2e974b449c3c3be73f131eb38a2b6
277,1831.4225899710896,1.7398514604725352,0x4cd6aaf29c19187f8c7ed5c95313010c81f59298,2017-10-22T04:49:11.000Z,0.00095,0x69f15a89732a07be5e59bb6687969c88afda7b93,buy,0xea610b1153477720748dc13ed378003941d84fab,0x1d9061b57af03c27240007d6ebdaddedf18323581c70f38c17d76ef88498e922
278,700,0.665,0xf58a285597f57466b0ca7f314b38beb02c6b5a8e,2017-10-22T04:48:50.000Z,0.00095,0x69f15a89732a07be5e59bb6687969c88afda7b93,buy,0xea610b1153477720748dc13ed378003941d84fab,0x2b918dc99635c0f8ab16cb402f2656b52784c7aab9b64a0a327732c718b714f3
279,440,0.418,0xf58a285597f57466b0ca7f314b38beb02c6b5a8e,2017-10-22T02:59:48.000Z,0.00095,0x69f15a89732a07be5e59bb6687969c88afda7b93,buy,0xea610b1153477720748dc13ed378003941d84fab,0x1c76f8e7ed49322bbcdbbeb2a3e85966d64eae998ed61fc6f49ef2a453b733b7
280,890,0.8455,0x9778550d76b07ac9f5e57392f68ecdf6efc1774e,2017-10-21T23:44:10.000Z,0.00095,0x69f15a89732a07be5e59bb6687969c88afda7b93,buy,0xea610b1153477720748dc13ed378003941d84fab,0x8b2b2019e9c4a0aa3e0b025786f1c7703528a06165d45d106f1d03b376170783
281,2000,1.9,0xbcc1c1f54c50e021e7d8edd1d29048d980990ce2,2017-10-21T23:14:35.000Z,0.00095,0x69f15a89732a07be5e59bb6687969c88afda7b93,buy,0xea610b1153477720748dc13ed378003941d84fab,0x5627ddc0209cef5301b442e0fa6693f00bf38d75d81023914d3e7c8f4f2adc88
282,831.6014379328174,0.8474018652535409,0x4cd6aaf29c19187f8c7ed5c95313010c81f59298,2017-10-21T20:56:21.000Z,0.001019,0xbcc1c1f54c50e021e7d8edd1d29048d980990ce2,buy,0xea610b1153477720748dc13ed378003941d84fab,0x786dff0b44e1db3228b9f30aaac1c45f78fc2db1d0abcde4e9e7a67c8d45d838
283,200,0.2038,0xed14c7d6ba3de845bbcdf9c6051dda1acbd5769f,2017-10-21T19:45:53.000Z,0.001019,0xbcc1c1f54c50e021e7d8edd1d29048d980990ce2,buy,0xea610b1153477720748dc13ed378003941d84fab,0x8ed76cd01c282f7f8ad6778c19127c348caea528b16c039d0b92c8d3a8e64fae
284,0.25839546493697274,0.000214468235897687,0xed14c7d6ba3de845bbcdf9c6051dda1acbd5769f,2017-10-21T18:02:27.000Z,0.0008299999999999986,0xbc1845a864aa2a7ba7513bc6837ff7d66ec191c4,sell,0xea610b1153477720748dc13ed378003941d84fab,0xd2e3fa7bebc5125f4eb03ac1e6cb5dcb1c5ed6b9bdb63ef5f67a64e9ab7e392f
285,1000,1.029999,0xb679f03cc85b95ccfe5a6eee617b201ae1a28f04,2017-10-21T18:00:37.000Z,0.001029999,0xa1c6847bf55971f4eec6b9aaf92a8bca4a73d539,buy,0xea610b1153477720748dc13ed378003941d84fab,0x32fed4503f929e8a0b7a9622c89382d365625d8c2194fff5f785c0b8cbd96dd5
286,2591.9649087827734,2.0735719270262187,0x009a12d4290630bc01fd82516ac57c1dc6a9bcfb,2017-10-21T17:40:42.000Z,0.0008,0xbc1845a864aa2a7ba7513bc6837ff7d66ec191c4,sell,0xea610b1153477720748dc13ed378003941d84fab,0x42d2de68a04a2d3677874a1f284f3fac15dd9490a26462c2dfa19a85981f498f
287,2885.893586919419,2.7124513823455616,0x7f427765bb3d5a97ff1cea9ac99c0879497a6163,2017-10-21T16:27:37.000Z,0.0009399,0xa1c6847bf55971f4eec6b9aaf92a8bca4a73d539,buy,0xea610b1153477720748dc13ed378003941d84fab,0x9a5cc0165f8b49d6dcc2d5504e3c7d7e00847a1cb2e4907314fa16b63f6ec676
288,364.10641308058143,0.3422236176544385,0x338b884fd546eaa8b08f47a19a40400889c330e0,2017-10-21T15:47:32.000Z,0.0009399,0xa1c6847bf55971f4eec6b9aaf92a8bca4a73d539,buy,0xea610b1153477720748dc13ed378003941d84fab,0x956bac91addfe0acde4df67c6ee275e461b9cbdb4acc9d69b11e039c8a9d1d3f
289,160,0.15008,0x338b884fd546eaa8b08f47a19a40400889c330e0,2017-10-21T15:46:45.000Z,0.000938,0xfbf7dc0756a9768d0c71aea5f8421f3b1eaee7d1,buy,0xea610b1153477720748dc13ed378003941d84fab,0x32af0479bb8dca2713de29cf377188b842e59a6b7620b253ca939edc14076d8b
290,38,0.035644,0x1548c43c81e0ccb5a01b33f19708097cce3e82c6,2017-10-21T14:52:09.000Z,0.000938,0xfbf7dc0756a9768d0c71aea5f8421f3b1eaee7d1,buy,0xea610b1153477720748dc13ed378003941d84fab,0x8b75bb405ede1c194dab1efb617f7e40f284ef897713d49d34a67243b260fd46
291,400,0.3,0x562f77ec44e27c26014b9f1448bd53eb9a99a1f3,2017-10-21T10:57:48.000Z,0.00075,0xf619bc623c1d8e1be1e2d4edc4cb3d6fcd15608f,sell,0xea610b1153477720748dc13ed378003941d84fab,0x458d34ea21b9349dc2f9563911a9dd979557579d495a80564cb27a1cd7f83ebd
292,300,0.255,0x562f77ec44e27c26014b9f1448bd53eb9a99a1f3,2017-10-21T10:56:11.000Z,0.00085,0xf619bc623c1d8e1be1e2d4edc4cb3d6fcd15608f,sell,0xea610b1153477720748dc13ed378003941d84fab,0xd3329fb08d9427a1cbfd3c5d7b63d4bee046d83b7fce1a0bd9119efe17b8ceec
293,300,0.255,0x562f77ec44e27c26014b9f1448bd53eb9a99a1f3,2017-10-21T10:54:26.000Z,0.00085,0xf619bc623c1d8e1be1e2d4edc4cb3d6fcd15608f,sell,0xea610b1153477720748dc13ed378003941d84fab,0xea35ffb632289e8767fd9a792fe8ccc25a1943f395e30efbad97066abc31b0f9
294,300,0.27,0x37a714705378b50a324152efe9bb2152abb342b5,2017-10-21T09:03:33.000Z,0.0009,0xf619bc623c1d8e1be1e2d4edc4cb3d6fcd15608f,sell,0xea610b1153477720748dc13ed378003941d84fab,0x060c2059d64b1e9a7e157a2828249d0259b6a578ad0bb85d0750526547c5c405
295,2,0.00204,0xb4c432a9559a4f1464d2bff9fcbbdc14f1c39dec,2017-10-21T08:26:00.000Z,0.00102,0xfbf7dc0756a9768d0c71aea5f8421f3b1eaee7d1,buy,0xea610b1153477720748dc13ed378003941d84fab,0xef7d8162650f86e4939da518d71166da136d4bc993b7e265c64a71856e62605c
296,359.94999999,0.366969024989805,0x22a49133c5f451485909756bc6c6c76e9cd3465d,2017-10-21T05:07:30.000Z,0.0010195,0xc4e3f8a6e90277b1935905e359f2d9db70f7a5c6,buy,0xea610b1153477720748dc13ed378003941d84fab,0x17cf38a0ceb08c5d7796e424b35e5e6f113e83f383023c65f140a61601118c55
297,400,0.364,0xf1791651f3a2a0a94f068ae122675aab7e434866,2017-10-21T04:56:50.000Z,0.00091,0x0ae2d2b3a41f08ea2674178a6ea95a916aef0e6b,sell,0xea610b1153477720748dc13ed378003941d84fab,0xc2c6efec5290925f17a7a4ecd957e3de4d38321c2a9a4b68e82580702011b7e8
298,30,0.030735,0x840bb9fc0217f8e4b57200af6a8a794b71f00e20,2017-10-21T02:19:06.000Z,0.0010245,0xc4e3f8a6e90277b1935905e359f2d9db70f7a5c6,buy,0xea610b1153477720748dc13ed378003941d84fab,0x5c4297dde1dfb43fc3f7956bcd699d70df7c6658c055ee634ff58961bfac06dc
299,812.6472058397143,0.8939037999516273,0x1e17147d15f4af58bb5ccfaa3eb8314c3fcf5b16,2017-10-21T00:06:00.000Z,0.00109999,0xe85fd2aff6bd741e0e1aa82c5ed54cc57101589a,buy,0xea610b1153477720748dc13ed378003941d84fab,0x5a5260c3fa9283c0debd4fc724b51884fcab2052de9531654d164fb8635e4a03
300,1000,1.0999,0x1e17147d15f4af58bb5ccfaa3eb8314c3fcf5b16,2017-10-21T00:03:56.000Z,0.0010999,0x1804111464a198d8b0450bdbf7cb9fd65a903baf,buy,0xea610b1153477720748dc13ed378003941d84fab,0xdb344727e8e082adc99dbc81c6f79f7161f34ad74515a035f6b67d8c8b62b7a3
301,6432.719,7.0759909,0x1e17147d15f4af58bb5ccfaa3eb8314c3fcf5b16,2017-10-21T00:03:56.000Z,0.0011,0x485fd36a3dd6648b8b8af61f3e9eb76d898242d5,buy,0xea610b1153477720748dc13ed378003941d84fab,0xcf5b01826ac5441f94a19f4f281cc6c1080d10b0fe32d05c33b51335fc91626c
302,900.2968741601286,0.9002158474414541,0x1e17147d15f4af58bb5ccfaa3eb8314c3fcf5b16,2017-10-20T23:59:34.000Z,0.00099991,0x1804111464a198d8b0450bdbf7cb9fd65a903baf,buy,0xea610b1153477720748dc13ed378003941d84fab,0xaeea0735561879e0a8bf6b4b816f445d9aca6f594a2965de299623b7e41af068
303,99.70312583987146,0.09969415255854587,0x1e17147d15f4af58bb5ccfaa3eb8314c3fcf5b16,2017-10-20T23:58:35.000Z,0.00099991,0x1804111464a198d8b0450bdbf7cb9fd65a903baf,buy,0xea610b1153477720748dc13ed378003941d84fab,0x91d6d9830a2e48ce2d923d63bf88bb67af40586e0ca7687c6d7ea0382796640b
304,577.1788110358268,0.5771788110358268,0x1da251119e3a70bcb4aed858bd2acccff2155077,2017-10-20T23:50:06.000Z,0.001,0x4cd6aaf29c19187f8c7ed5c95313010c81f59298,sell,0xea610b1153477720748dc13ed378003941d84fab,0x5e067cae16bc4d31a9582b6619a8ef283f3dfcb5e25bf42738d00a173457634d
305,50,0.05,0x63ccf7ab70892e93d1a420c28cf8c75cf3fbb754,2017-10-20T21:50:27.000Z,0.001,0x1099b992dffe76b4bdface01f3516aaca6309544,sell,0xea610b1153477720748dc13ed378003941d84fab,0x7971e69a86b7e7bae9544a0cc1ff27f79b2a498a71a3d11a7dd92c7c776729dd
306,600,0.6,0x738d697abdb8d45184709ecf309b255c33188636,2017-10-20T21:06:15.000Z,0.001,0xf619bc623c1d8e1be1e2d4edc4cb3d6fcd15608f,sell,0xea610b1153477720748dc13ed378003941d84fab,0x8b6c67bb9cafc861f88b0e5b079786be61d24d554d225c9a472a497aff4fd88b
307,1.2734119846875338,0.001400753183156287,0xfcf5025c00a9f275824ed16ec0103ee4c01b2c69,2017-10-20T20:10:11.000Z,0.0010999999999999998,0x86f07ee309655dbb0c169668f4e27848c0deda77,sell,0xea610b1153477720748dc13ed378003941d84fab,0xe8415718a3f65e74f033ee17b2ecae0deadfe6dc9cd073e732fcb7ba84d8e86d
308,1.277243715835039,0.00131556102731009,0x86f07ee309655dbb0c169668f4e27848c0deda77,2017-10-20T20:10:11.000Z,0.00103,0x82eaa8802ed058bf2f07e6d4842c63ce435da2ce,buy,0xea610b1153477720748dc13ed378003941d84fab,0xe8415718a3f65e74f033ee17b2ecae0deadfe6dc9cd073e732fcb7ba84d8e86d
309,423.19724957782404,0.4655169745356065,0xfcf5025c00a9f275824ed16ec0103ee4c01b2c69,2017-10-20T20:09:16.000Z,0.0011,0x273a5d3e6721b9f5c1a6474f560c1334c63dda01,sell,0xea610b1153477720748dc13ed378003941d84fab,0x4256a809027ec8277aeda1c275f4ed8ff549019be0f2061a65e748efa48095ee
310,424.47066156251157,0.43720478140938696,0x273a5d3e6721b9f5c1a6474f560c1334c63dda01,2017-10-20T20:09:16.000Z,0.00103,0x82eaa8802ed058bf2f07e6d4842c63ce435da2ce,buy,0xea610b1153477720748dc13ed378003941d84fab,0x4256a809027ec8277aeda1c275f4ed8ff549019be0f2061a65e748efa48095ee
311,1394.6765028411924,1.5341441531253115,0xfcf5025c00a9f275824ed16ec0103ee4c01b2c69,2017-10-20T19:50:45.000Z,0.0011,0xab0afc6f0c1d3b2e0f3650ee9b92e1c6f0098bc1,sell,0xea610b1153477720748dc13ed378003941d84fab,0x765b0d6858f5bf4530383a55b5e9cb3b7e6746dbee143b5fd61e37620db8b18b
312,120.2534891202888,0.13227883803231769,0xfcf5025c00a9f275824ed16ec0103ee4c01b2c69,2017-10-20T19:39:21.000Z,0.0011,0x109b91033eddfec5797a27114319d95c4c95c0d9,sell,0xea610b1153477720748dc13ed378003941d84fab,0x9b4722a7502573e098fcb805f1792449d4a76e3390633dc9dd9732fe30f0c9e6
313,358.887448908384,0.3947761937992224,0xfcf5025c00a9f275824ed16ec0103ee4c01b2c69,2017-10-20T18:45:10.000Z,0.0011,0xa255e5d8b33f307b99afc59ae57665f4524272a6,sell,0xea610b1153477720748dc13ed378003941d84fab,0x47600a8461aab8aee6d7d162336795415094d8ae4f11e6d405191e7433589788
314,1001.3810971887978,1.1015192069076776,0xfcf5025c00a9f275824ed16ec0103ee4c01b2c69,2017-10-20T18:18:01.000Z,0.0011,0x1ed014aec47fae44c9e55bac7662c0b78ae61798,sell,0xea610b1153477720748dc13ed378003941d84fab,0x296d964c877ea0699f664d216adac96f6af195de88d7ab054362fbb19944c8a4
315,60.3308003788256,0.06636388041670815,0xfcf5025c00a9f275824ed16ec0103ee4c01b2c69,2017-10-20T17:47:32.000Z,0.0011,0x4cd6aaf29c19187f8c7ed5c95313010c81f59298,sell,0xea610b1153477720748dc13ed378003941d84fab,0x5d234f8eeb5a401ec65154a07d71caeaf30ded9fe0db10a9d92b6614dea6b9a4
316,415,0.4482,0x00f6dc16d719751fdbb44910d98c793fc45a736a,2017-10-20T17:45:07.000Z,0.00108,0x4cd6aaf29c19187f8c7ed5c95313010c81f59298,sell,0xea610b1153477720748dc13ed378003941d84fab,0xaf906d88729d8f7791f70fa864164f6a115e0d2392cb0c87d5042b9a4b989f14
317,50,0.055,0x63ccf7ab70892e93d1a420c28cf8c75cf3fbb754,2017-10-20T17:43:57.000Z,0.0011,0x4cd6aaf29c19187f8c7ed5c95313010c81f59298,sell,0xea610b1153477720748dc13ed378003941d84fab,0x5a9df1327b3c7519b3877aadb272a179c4649493c14b9ef7e74e1470dcbb1498
318,15,0.0165,0xc43a93ffea018705d20ad5b02d6b21d4edf97c34,2017-10-20T17:43:57.000Z,0.0011,0x4cd6aaf29c19187f8c7ed5c95313010c81f59298,sell,0xea610b1153477720748dc13ed378003941d84fab,0x5e6a66b52a81a612876a6474eb4cdff245c5c8267dd1ac1c726fbd74d2c7cda2
319,100,0.11,0xf1791651f3a2a0a94f068ae122675aab7e434866,2017-10-20T16:37:40.000Z,0.0011,0x69f15a89732a07be5e59bb6687969c88afda7b93,sell,0xea610b1153477720748dc13ed378003941d84fab,0x1d0ebc16540dc621fdcc835f279ff9b82003821c942c78e4d05bd9519a2ee93f
320,341.224,0.3753464,0xa5c6d44f3ecdfaf9a024cf9bb61672615da833b8,2017-10-20T16:37:33.000Z,0.0011,0x69f15a89732a07be5e59bb6687969c88afda7b93,sell,0xea610b1153477720748dc13ed378003941d84fab,0xf4bb63dbb2ecc51682d7d2899c7ab740f44dd969eb655267533ed27d13cdad87
321,1000,1.14299,0x64d9398c4592a94bb8450752e3aec2aacf3943d7,2017-10-20T16:15:49.000Z,0.00114299,0x951571ecb267b433469ef2c50f4c7b74b1d631f7,buy,0xea610b1153477720748dc13ed378003941d84fab,0x488f50b6a054d0a1eb99a98b0c94be47d9c8a5b611dc385bf5f5735919a8023b
322,59.066892632838204,0.06497358189612203,0xa5c6d44f3ecdfaf9a024cf9bb61672615da833b8,2017-10-20T15:58:01.000Z,0.0011,0xd03bb9ff52f863b3a41bed1939ecac61f6333bad,sell,0xea610b1153477720748dc13ed378003941d84fab,0xa141a1b334eeaceb66f872b0c15e987f75eaacee710865fd02a70fc532a3d739
323,300,0.3429,0x64d9398c4592a94bb8450752e3aec2aacf3943d7,2017-10-20T15:04:55.000Z,0.001143,0xfbf7dc0756a9768d0c71aea5f8421f3b1eaee7d1,buy,0xea610b1153477720748dc13ed378003941d84fab,0x7de97e0cfcf73d180b25a2fb49f701ccb5ab6ebf00486a9efa3c228ced6cd910
324,2990.7287409032,3.2898016149935203,0xa5c6d44f3ecdfaf9a024cf9bb61672615da833b8,2017-10-20T13:07:21.000Z,0.0011,0xdd1668cc34c2559877a1957a434fbc9440e9d666,sell,0xea610b1153477720748dc13ed378003941d84fab,0x6c4eeeb4383f35149aed5a8aceb33af143323e2c8738d3a0ab7fab61b2ff1d76
325,667.9940176679489,0.7347934194347439,0xa5c6d44f3ecdfaf9a024cf9bb61672615da833b8,2017-10-20T12:44:15.000Z,0.0011,0x64d9398c4592a94bb8450752e3aec2aacf3943d7,sell,0xea610b1153477720748dc13ed378003941d84fab,0x30de4fef14c86fe7fef1a634502d285f05c1448be48efe927f47df0ab290ae2a
326,1420,1.562,0x016ab691721a99da1c1489ca0ac8b549eb0f7713,2017-10-20T11:21:42.000Z,0.0011,0xcbb13315d603cb0a311fd252e7ab0bfba96dfb22,buy,0xea610b1153477720748dc13ed378003941d84fab,0x88e4b4cccb57f26c72c29c404481e108637945059a5368247dea47ee000bbd21
327,647.9912271956933,0.7127903499152627,0xa5c6d44f3ecdfaf9a024cf9bb61672615da833b8,2017-10-20T10:56:29.000Z,0.0011,0x64d9398c4592a94bb8450752e3aec2aacf3943d7,sell,0xea610b1153477720748dc13ed378003941d84fab,0xb0779c61852eccc0de70cbcc29392ab6a916682f2e30c827af1fcb4f259fac80
328,1607,1.78377,0x016ab691721a99da1c1489ca0ac8b549eb0f7713,2017-10-20T10:17:45.000Z,0.00111,0x3156edcc20e8853159a0283df8bbc6e67b41a06f,buy,0xea610b1153477720748dc13ed378003941d84fab,0xe3c0a0064fc64027bf6aae985c1686018354e2d95220f8eca7f1096ab9143e4c
329,244.617,0.271548108615,0x7a6871cf8df75a1d01ae449efcc5eb3557fe3b74,2017-10-20T09:31:54.000Z,0.001110095,0xa410b730d89ec3ab3c11fbc4fea4a8385ca694f3,sell,0xea610b1153477720748dc13ed378003941d84fab,0x6c7dc2094d7fd4fd8fd248d84e0d65787db581e9e938477d555054033663c914
330,877.3653264949437,0.9739588621154046,0x7a6871cf8df75a1d01ae449efcc5eb3557fe3b74,2017-10-20T09:06:22.000Z,0.001110095,0x837cf9698008d8a19bb9ac6fa15318a748fd0d15,sell,0xea610b1153477720748dc13ed378003941d84fab,0x111c8367f93ce5ff7082bfaf156c50ef0c6f9a135f65ea33923714174db3cc81
331,180.31545758441766,0.2001672878871741,0x7a6871cf8df75a1d01ae449efcc5eb3557fe3b74,2017-10-20T09:05:13.000Z,0.001110095,0xd7c69c726f07321d083179b452685dad7f598f07,sell,0xea610b1153477720748dc13ed378003941d84fab,0xac5d24d60534f37dc70f8a8748caec75b6c2d643e77440b007ca711b8f86c8fe
332,697.8367062107467,0.7746650383810189,0x7a6871cf8df75a1d01ae449efcc5eb3557fe3b74,2017-10-20T08:36:40.000Z,0.001110095,0x0efb3d997ed3f128273a0fd711e6067657bbdcd3,sell,0xea610b1153477720748dc13ed378003941d84fab,0x78ca1e51c50a2aefc7cf5ddf55bdb597711aabfbfb9c167506a139688ce3a70c
333,33.865182167171994,0.037593569397866795,0x7a6871cf8df75a1d01ae449efcc5eb3557fe3b74,2017-10-20T06:47:49.000Z,0.001110095,0x4260431112a41add1e6d646ae47877996067d45b,sell,0xea610b1153477720748dc13ed378003941d84fab,0x553760a722f2e12ee5df7afdf513a960f37a57af4a84c44a4d62c26a40876e33
334,1500,1.6651425,0x7a6871cf8df75a1d01ae449efcc5eb3557fe3b74,2017-10-20T06:27:20.000Z,0.001110095,0xe0b378bc7fa8db7717e24ee6c5b9c1e2c6825dc9,sell,0xea610b1153477720748dc13ed378003941d84fab,0xe19f14be391b81769be909812a4d02823a10a3313f946f35c1498a1738840beb
335,1600,1.92,0x3e6415833dfe5a4884f6f6904f76f15d62295854,2017-10-20T06:26:39.000Z,0.0012,0x3156edcc20e8853159a0283df8bbc6e67b41a06f,buy,0xea610b1153477720748dc13ed378003941d84fab,0x09b6da25c247f07d30d8b79387f20703d363bfb616e6df36389c5e6946107672
336,500,0.55,0x3e6415833dfe5a4884f6f6904f76f15d62295854,2017-10-20T06:24:44.000Z,0.0011,0x82eaa8802ed058bf2f07e6d4842c63ce435da2ce,buy,0xea610b1153477720748dc13ed378003941d84fab,0x2e7f660f60c40ac8a63812b347cab2383217acdfeec374146fff5b686074dae6
337,350,0.418075,0x2f09c25884b78b62491e635daad372d987c5343b,2017-10-20T06:01:49.000Z,0.0011945,0xc4e3f8a6e90277b1935905e359f2d9db70f7a5c6,sell,0xea610b1153477720748dc13ed378003941d84fab,0x18aef9a5cda9cdd968624ede66d2028addf07d9f7c587c2b16fd24fd334d43b9
338,500,0.56,0xfbf7dc0756a9768d0c71aea5f8421f3b1eaee7d1,2017-10-20T04:36:18.000Z,0.00112,0xc4e3f8a6e90277b1935905e359f2d9db70f7a5c6,sell,0xea610b1153477720748dc13ed378003941d84fab,0x5c82dc479e4928ba099832d3dbb4540aca586982d27a542279405b12348aa8b2
339,272.51594890518555,0.3270191386862226,0xf5490f4e055aacad9f0d51a16838788078686082,2017-10-20T04:23:54.000Z,0.0012,0x3156edcc20e8853159a0283df8bbc6e67b41a06f,buy,0xea610b1153477720748dc13ed378003941d84fab,0xa137abb7c442f6d100db3ff41b89fd78d782f3dcd1be578d54031223d8bec59e
340,299.07287409032,0.33197122221114544,0x016ab691721a99da1c1489ca0ac8b549eb0f7713,2017-10-20T03:23:50.000Z,0.00111000111,0xefd3d7d2b2a76aca331b2e7fe882458d26618d68,sell,0xea610b1153477720748dc13ed378003941d84fab,0xfe325f08a653f88c02f8ae129ab99152418945f8c0aba2e941bcc44b45e3193c
341,3290.5061450675075,3.652465473486754,0x016ab691721a99da1c1489ca0ac8b549eb0f7713,2017-10-20T02:05:56.000Z,0.00111000111,0x69d9481f5c18fa8b47c4a010027b99abbc1e78e6,sell,0xea610b1153477720748dc13ed378003941d84fab,0xad1100016679dd3bec7285c8e334496d5ec4f1879db1b16d3135fdfd3862cb7c
342,1000,1.110002,0x951571ecb267b433469ef2c50f4c7b74b1d631f7,2017-10-20T01:35:46.000Z,0.001110002,0x69d9481f5c18fa8b47c4a010027b99abbc1e78e6,sell,0xea610b1153477720748dc13ed378003941d84fab,0x7c643def4e1342664d2cb834de5709db10890a25b84fa00812f13849ce969c4e
343,1000,1.12,0x1804111464a198d8b0450bdbf7cb9fd65a903baf,2017-10-20T01:34:46.000Z,0.00112,0x69d9481f5c18fa8b47c4a010027b99abbc1e78e6,sell,0xea610b1153477720748dc13ed378003941d84fab,0x2030ce1638ddf47b2f0b2049c9e37c1816ef6361748bb1ececa28049913687a0
344,1000,1.111,0x3c0e781116e7ebcfcee0955f314bdac09bf1813d,2017-10-20T01:34:04.000Z,0.001111,0x69d9481f5c18fa8b47c4a010027b99abbc1e78e6,sell,0xea610b1153477720748dc13ed378003941d84fab,0x3f1cd88b0975a05923ea3485e69f53629858b4777b557a8c9ed8d802a1c78d21
345,100,0.1120001,0xadf72f2f846ec84191d72fc2d359babb5102305c,2017-10-20T01:33:48.000Z,0.001120001,0x69d9481f5c18fa8b47c4a010027b99abbc1e78e6,sell,0xea610b1153477720748dc13ed378003941d84fab,0xb74b8514da4a54d4f44a8241e19c125590a5a6d1c8eb6a07e7e2d15f93d5bac8
346,90.03090419698934,0.10083470273153225,0xadf72f2f846ec84191d72fc2d359babb5102305c,2017-10-20T01:33:41.000Z,0.001120001,0x69d9481f5c18fa8b47c4a010027b99abbc1e78e6,sell,0xea610b1153477720748dc13ed378003941d84fab,0x1f6bbf9b2552055a7275e3f94e84b800e2ee3096d5991ee9ab0c4a66aca22e80
347,9.969095803010667,0.011165397268467749,0xadf72f2f846ec84191d72fc2d359babb5102305c,2017-10-20T00:46:41.000Z,0.0011200009999999998,0x97c5c53f8acac416f87a884f6f923ae063ebaacd,sell,0xea610b1153477720748dc13ed378003941d84fab,0x87cd830551aee6d8ce0cbceb5d4bf37b7a8935c46ad6eafd9b29ab8db1665749
348,474.4866,0.564639054,0xc1aac4101f510c66e44f0f0aee922051efc3ae53,2017-10-19T23:25:51.000Z,0.00119,0xe5faa4e2b6f9ef99417f41388029054de05483c9,buy,0xea610b1153477720748dc13ed378003941d84fab,0xe6dff22581755dcca09de3b9ba045e773f4da1a36ec26e703d3ce713435823f7
349,676.004,0.7788242084,0x90ca1894fbfa69eff6e2a89a53d87f66ccf97174,2017-10-19T23:23:04.000Z,0.0011521,0xe5faa4e2b6f9ef99417f41388029054de05483c9,sell,0xea610b1153477720748dc13ed378003941d84fab,0xeae397bb462d5e56289763e99c6614928434ff730d1e99e93ef29e19495274ed
350,1554.481,1.791107206782,0x016ab691721a99da1c1489ca0ac8b549eb0f7713,2017-10-19T23:22:39.000Z,0.001152222,0xe5faa4e2b6f9ef99417f41388029054de05483c9,sell,0xea610b1153477720748dc13ed378003941d84fab,0x8ee0f2a8df8fb20d81215bf5419b31f562da33d95615ea4bc8244ed89124d67e
351,1000,1.56,0xc1aac4101f510c66e44f0f0aee922051efc3ae53,2017-10-19T23:01:30.000Z,0.00156,0xc1aac4101f510c66e44f0f0aee922051efc3ae53,sell,0xea610b1153477720748dc13ed378003941d84fab,0x4714a1c606ae973185fa69aeeae6c521f95991b4090e9c5472f26b6fe0276b5e
352,0.9999999999999996,0.11999999999999995,0xc1aac4101f510c66e44f0f0aee922051efc3ae53,2017-10-19T22:59:49.000Z,0.12,0xd445f61ebca3d6b4c57eef1f39fdab6595ef8972,sell,0xea610b1153477720748dc13ed378003941d84fab,0x4bab50dfc0e6dd03449f3674a15f5690ff1c1a329dbe156966cee30f23b5cab5
353,1.0030090270812433,0.001203610832497492,0xd445f61ebca3d6b4c57eef1f39fdab6595ef8972,2017-10-19T22:59:49.000Z,0.0012,0x3156edcc20e8853159a0283df8bbc6e67b41a06f,buy,0xea610b1153477720748dc13ed378003941d84fab,0x4bab50dfc0e6dd03449f3674a15f5690ff1c1a329dbe156966cee30f23b5cab5
354,15,0.18,0xc1aac4101f510c66e44f0f0aee922051efc3ae53,2017-10-19T22:59:01.000Z,0.012,0xd815bbdb973fcfae73f27ddc9a135e377028c1c5,sell,0xea610b1153477720748dc13ed378003941d84fab,0xab7b55a8de8b5977ff606fa31885f28840af44178d34ff2368401d2ea055938a
355,15.045,0.018054,0xd815bbdb973fcfae73f27ddc9a135e377028c1c5,2017-10-19T22:59:01.000Z,0.0012,0x3156edcc20e8853159a0283df8bbc6e67b41a06f,buy,0xea610b1153477720748dc13ed378003941d84fab,0xab7b55a8de8b5977ff606fa31885f28840af44178d34ff2368401d2ea055938a
356,0.9999999999999996,0.011999999999999995,0xc1aac4101f510c66e44f0f0aee922051efc3ae53,2017-10-19T22:57:47.000Z,0.012,0xd445f61ebca3d6b4c57eef1f39fdab6595ef8972,sell,0xea610b1153477720748dc13ed378003941d84fab,0x59821c274056994b03f5c9fe2f17c9fd457f4783d0391315e9fd9fcd29b2fb64
357,1.0030090270812433,0.001203610832497492,0xd445f61ebca3d6b4c57eef1f39fdab6595ef8972,2017-10-19T22:57:47.000Z,0.0012,0x3156edcc20e8853159a0283df8bbc6e67b41a06f,buy,0xea610b1153477720748dc13ed378003941d84fab,0x59821c274056994b03f5c9fe2f17c9fd457f4783d0391315e9fd9fcd29b2fb64
358,177,0.20709,0xcff6d02aec40b0a094fb1df73c84f89fa3d53081,2017-10-19T22:54:53.000Z,0.00117,0xfead0d408ff878d61b9d4f7a2526925ebe436a4c,sell,0xea610b1153477720748dc13ed378003941d84fab,0x35a0d5bf4be82e09a950072f8af69c76b94543b245f1e5e222e61d917cbd6c58
359,999.9677005668829,1.1999612406802596,0xc1aac4101f510c66e44f0f0aee922051efc3ae53,2017-10-19T22:42:35.000Z,0.0012,0x3156edcc20e8853159a0283df8bbc6e67b41a06f,sell,0xea610b1153477720748dc13ed378003941d84fab,0x033a16c0daeff8984b3b5b47c8f2dc4e2bfedc7ef87713b66cffdfc34d42f5eb
360,0.03229943311712159,0.000038759319740545,0xc1aac4101f510c66e44f0f0aee922051efc3ae53,2017-10-19T22:37:01.000Z,0.0011999999999999717,0xfead0d408ff878d61b9d4f7a2526925ebe436a4c,sell,0xea610b1153477720748dc13ed378003941d84fab,0xeb0ce06055ca1b9fd847e48803ba6d3b5f80dd78d35c18b1b9004bbce3eaab35
361,593.4328055967856,0.7595928042982744,0xc1aac4101f510c66e44f0f0aee922051efc3ae53,2017-10-19T22:29:05.000Z,0.001279998,0x1804111464a198d8b0450bdbf7cb9fd65a903baf,buy,0xea610b1153477720748dc13ed378003941d84fab,0x0c484efcaff8ce410ba95249ccc6d11e057dbaa5414154ca5ecd715f27639572
362,1445.5188914365467,1.6655586681288008,0x016ab691721a99da1c1489ca0ac8b549eb0f7713,2017-10-19T21:09:35.000Z,0.001152222,0x30a7a63344525f50969d7d90fa2b794065f0d04b,sell,0xea610b1153477720748dc13ed378003941d84fab,0x25e1b02b05cb727de936ef96e43c639bfcaed5acc57b889e5ce4f82c25e3a1cc
363,323.99561359784667,0.3732753464260792,0x90ca1894fbfa69eff6e2a89a53d87f66ccf97174,2017-10-19T20:02:21.000Z,0.0011521,0xfead0d408ff878d61b9d4f7a2526925ebe436a4c,sell,0xea610b1153477720748dc13ed378003941d84fab,0xc13b04ab1b45945252e3dd97b40842df8e13b410a445d422ebf8e8ffcb97ea18
364,743.9947753489836,0.8183942528838819,0xa5c6d44f3ecdfaf9a024cf9bb61672615da833b8,2017-10-19T18:02:44.000Z,0.0011,0xceceaa548a1d18e3360379b4c1f94e0202299029,sell,0xea610b1153477720748dc13ed378003941d84fab,0xa999dbfd16a6822489fb2c6ecec5c95c57fecf8cab4b1e6d8a6500878d539b5c
365,0.035518276967281784,0.000051679092987395,0x29a612f3637c9e576b4763533a2fcbe009a125cc,2017-10-19T17:30:05.000Z,0.0014550000000000001,0x4260431112a41add1e6d646ae47877996067d45b,buy,0xea610b1153477720748dc13ed378003941d84fab,0xaa3e8905278e16f04e970e1294487690f1fc630aa01e392f6b57b38ec0d6b42f
366,398.7638321204267,0.5183929817565547,0x29a612f3637c9e576b4763533a2fcbe009a125cc,2017-10-19T17:09:44.000Z,0.0013,0xcbb13315d603cb0a311fd252e7ab0bfba96dfb22,buy,0xea610b1153477720748dc13ed378003941d84fab,0xae87a52e0467419ccde57d0b38abe99e3036b3e353b4bc783884a4077079f11b
367,0.000437069573786657,0.000000468206410223,0x02f3f615dad26e296bec71632d7d3fdb702dae7c,2017-10-19T14:54:17.000Z,0.0010712399999995002,0xd6bc5140a70906cd32c0131c255d36fadeac65c0,sell,0xea610b1153477720748dc13ed378003941d84fab,0xca9cfff85ecc3384d96141506a6c24ecae6fa45ee63d03bc70163300e145a3b9
368,237.2083447021636,0.30671038969989756,0xfe9811239b185475385fc04821e145699f7c7661,2017-10-19T14:48:44.000Z,0.001293,0x1804111464a198d8b0450bdbf7cb9fd65a903baf,buy,0xea610b1153477720748dc13ed378003941d84fab,0x5234b46a1df089de1dfdef19fcc7d4a9ec14ca2c8a65bf243fe57046967d215a
369,105.67241551191307,0.11320041272056625,0x109b91033eddfec5797a27114319d95c4c95c0d9,2017-10-19T14:20:27.000Z,0.001071239,0x3e43b4e95d6e2c8bff378b6726ec513edaf42549,sell,0xea610b1153477720748dc13ed378003941d84fab,0xba998e311fa8c14a2112e4af4bb313cf69018bccead0b3bbcfebab6452e827a2
370,1.2609231182252258,0.001630373591865217,0x667988c22bee4b8bbf70da579ef3b5b0d4082269,2017-10-19T13:55:10.000Z,0.001293,0x1804111464a198d8b0450bdbf7cb9fd65a903baf,buy,0xea610b1153477720748dc13ed378003941d84fab,0x1f371cd56dc17d42e8398b1673463e6de28f9fc7643a32f79e42c8012639be59
371,14.953643704516,0.016018926328382015,0x109b91033eddfec5797a27114319d95c4c95c0d9,2017-10-19T12:41:43.000Z,0.0010712389999999999,0xdc95e2a469799781f98a47a684cf2a8d7a9377bb,sell,0xea610b1153477720748dc13ed378003941d84fab,0x82ca1f5a94463bcf992ba22825d78b809964d1cf8bdc832b139e7e459225af9b
372,0.000000000000000757,0.000000000000000001,0x86f07ee309655dbb0c169668f4e27848c0deda77,2017-10-19T12:33:28.000Z,0.001321003963011889,0xd36d9073858e6943354990045ae66f6a41e29561,buy,0xea610b1153477720748dc13ed378003941d84fab,0x861c24eccd367fa943f5a90388adc18dc90848b5156a3dad68febe9514b994f6
373,540.7502107887875,0.9192753583409388,0x6b748128ecccddc9e797890f7dcc1f6c9bee8eac,2017-10-19T12:33:28.000Z,0.0017,0xd445f61ebca3d6b4c57eef1f39fdab6595ef8972,sell,0xea610b1153477720748dc13ed378003941d84fab,0xf65ed220e2175608cb329cb4b2239875b43064b2b364cb6475cadc015478bc64
374,542.3773428172392,0.7159380925187557,0xd445f61ebca3d6b4c57eef1f39fdab6595ef8972,2017-10-19T12:33:28.000Z,0.00132,0xd36d9073858e6943354990045ae66f6a41e29561,buy,0xea610b1153477720748dc13ed378003941d84fab,0xf65ed220e2175608cb329cb4b2239875b43064b2b364cb6475cadc015478bc64
375,0.000000000000000754,0.000000000000000001,0x6b748128ecccddc9e797890f7dcc1f6c9bee8eac,2017-10-19T12:33:28.000Z,0.001326259946949602,0x86f07ee309655dbb0c169668f4e27848c0deda77,sell,0xea610b1153477720748dc13ed378003941d84fab,0x861c24eccd367fa943f5a90388adc18dc90848b5156a3dad68febe9514b994f6
376,1,0.00132,0x7a87d26d49f3ca3eb7a110e4a4ea0774d531801d,2017-10-19T12:15:55.000Z,0.00132,0xd36d9073858e6943354990045ae66f6a41e29561,buy,0xea610b1153477720748dc13ed378003941d84fab,0xef5f355355ed677661604138836763f520321b16c7239a749b740b229561c93a
377,364.28271634802655,0.48449601274287535,0x485fd36a3dd6648b8b8af61f3e9eb76d898242d5,2017-10-19T11:19:06.000Z,0.00133,0xd7c69c726f07321d083179b452685dad7f598f07,sell,0xea610b1153477720748dc13ed378003941d84fab,0x4ac660691559860c42a1ecfd683f1faf3973aeef832b9c0cc272519c09dc234d
