,amount,amountBase,buyer,date,price,seller,side,tokenAddr,txHash
0,5712.30356336,0.0016565680333744,0xbbdaa3048455072413e45aed13d83e7f55aad734,2017-11-02T13:57:04.000Z,0.00000029,0x2a02904c2d7510a28d184387aab187478182a60b,sell,0x7e9d62e1ff4e34096f91ee0153222ab81f7184f0,0x0c91220b896bb1321bc5eaa8614a8b5ffadcd8cae986c9504892336bf2d01caa
1,10065.94750205,0.00296945451310475,0xf6549288d08ae87ed860a339d2298fdc6c685848,2017-11-02T13:55:19.000Z,0.000000295,0x2a02904c2d7510a28d184387aab187478182a60b,sell,0x7e9d62e1ff4e34096f91ee0153222ab81f7184f0,0x860aa92f7bc8c5bc28441d91c318ddfa081659f403db9ce1894184560165e150
2,13619.3747468,0.004358199918976,0x8747b8a010033060529d60909ab7a00b8d2a1dea,2017-11-02T13:54:51.000Z,0.00000032,0x2a02904c2d7510a28d184387aab187478182a60b,sell,0x7e9d62e1ff4e34096f91ee0153222ab81f7184f0,0x45f53a0fefcc7b07ce23e434dd075776630bed060a8a291e5785589978312d90
3,12248.02691655,0.003919368613296,0x8747b8a010033060529d60909ab7a00b8d2a1dea,2017-11-02T10:51:27.000Z,0.00000032,0x2676b313e5d4daf6fd5525b0391a44266c834b99,sell,0x7e9d62e1ff4e34096f91ee0153222ab81f7184f0,0x962ec3ddfc8a1e4797457e7d09150497333453c990d554fdde0610c612c7c4c9
4,1063.82978723,0.0005,0x4fda9e6bcd83af6c5cc771b5d20accc2b7720074,2017-11-02T10:28:21.000Z,0.00000047000000000178,0x9b85ee94c25294d5e2bf9c9b9b5fa5b58602fad3,buy,0x7e9d62e1ff4e34096f91ee0153222ab81f7184f0,0xd2cb0490c4df8117f5348216fc2071fcbcd7ea24264bb10d945176b3c6bb3640
5,1063.82978723,0.0005,0x3075f7f189912f4f425dd7021b9c396434197477,2017-11-02T10:13:08.000Z,0.00000047000000000178,0x9b85ee94c25294d5e2bf9c9b9b5fa5b58602fad3,buy,0x7e9d62e1ff4e34096f91ee0153222ab81f7184f0,0xd230ca828549cd76f5cb04542c68a7e2a9dce3063b16f173d9c08f0743e8b9cd
6,9798.42153324,0.0031354948906368,0x8747b8a010033060529d60909ab7a00b8d2a1dea,2017-11-02T06:35:23.000Z,0.00000032,0x7e84a6e7a515f835d3b218a66298c45d623615f8,sell,0x7e9d62e1ff4e34096f91ee0153222ab81f7184f0,0x55691698dddbfa6dd23d2c19ea3985acfd91c610cfab7ae3701ab36257454a7e
7,4000,0.002,0x08633ba8540a230b5be19211578e8d08f4fb1323,2017-11-02T02:28:26.000Z,0.0000005,0x4705fbcf9bb6c840175500a617c21f031ded8478,buy,0x7e9d62e1ff4e34096f91ee0153222ab81f7184f0,0x4be6dafd4dae1b2f91937ff47afe0e0feb579b206363a1d8ffbdd3393d0aabec
8,9828,0.004914,0x08633ba8540a230b5be19211578e8d08f4fb1323,2017-11-02T02:08:37.000Z,0.0000005,0x12d39c52df46bdbaa47813f46e8d47bb717d8726,buy,0x7e9d62e1ff4e34096f91ee0153222ab81f7184f0,0x933ccc6201002467c218b6462e8abe831821cb07d6999a95aa274faea37f9aa3
9,4129,0.002060371,0x08633ba8540a230b5be19211578e8d08f4fb1323,2017-11-02T01:34:02.000Z,0.000000499,0x6c4abceb16c95785c332e79213e5f143ba4e33a3,buy,0x7e9d62e1ff4e34096f91ee0153222ab81f7184f0,0x2ef7e6a17fd3d7fa4390299353fd05d6e5dfc6518baf068c57438ad6544cad0b
10,35871,0.017863758,0x565082e07c6b7799872dcbc27b36be7762bd5a39,2017-11-01T23:44:18.000Z,0.000000498,0x6c4abceb16c95785c332e79213e5f143ba4e33a3,buy,0x7e9d62e1ff4e34096f91ee0153222ab81f7184f0,0x62e6280f500481417092fc2e99c03b23a4cd0fda5a5b611e4d09befc8b332096
11,16160,0.00806384,0x565082e07c6b7799872dcbc27b36be7762bd5a39,2017-11-01T23:41:54.000Z,0.000000499,0xb38bc467ab6d5ff0dd261828682eaa169feacb80,buy,0x7e9d62e1ff4e34096f91ee0153222ab81f7184f0,0xa9b175cfbb1dece55575c2437577220163916f140349a0a61786aeed7452cd9f
12,16160,0.00806384,0x565082e07c6b7799872dcbc27b36be7762bd5a39,2017-11-01T23:41:40.000Z,0.000000499,0xb38bc467ab6d5ff0dd261828682eaa169feacb80,buy,0x7e9d62e1ff4e34096f91ee0153222ab81f7184f0,0xa9b175cfbb1dece55575c2437577220163916f140349a0a61786aeed7452cd9f
13,9798.42153324,0.0031354948906368,0x8747b8a010033060529d60909ab7a00b8d2a1dea,2017-11-01T23:39:01.000Z,0.00000032,0x75d40940afa3abd01887fe9c7f9763b95a647e77,sell,0x7e9d62e1ff4e34096f91ee0153222ab81f7184f0,0x6d253a407dc6c7d21fa3ca4b20c1f9909908d8901f52d968281c1c2c02ab31cf
14,20000,0.009,0x565082e07c6b7799872dcbc27b36be7762bd5a39,2017-11-01T23:39:01.000Z,0.00000045,0x318f44d7edb0c1ce9606674adc9bd7eb7402cf71,buy,0x7e9d62e1ff4e34096f91ee0153222ab81f7184f0,0xde54e2292cfc2f6fb696902a58205052a034ff332a9c3285729be1b7d1dcfe12
15,8109.26455487,0.0025949646575584,0x8747b8a010033060529d60909ab7a00b8d2a1dea,2017-11-01T21:13:52.000Z,0.00000032,0x400acc76811731b8e8550ce928164f573adc25e6,sell,0x7e9d62e1ff4e34096f91ee0153222ab81f7184f0,0x8438528ee31134d86cd8d922082b125b33609ba629768385cd862adabdeb47f6
16,4139.175,0.0020695875,0x8747b8a010033060529d60909ab7a00b8d2a1dea,2017-11-01T21:10:15.000Z,0.0000005,0x400acc76811731b8e8550ce928164f573adc25e6,sell,0x7e9d62e1ff4e34096f91ee0153222ab81f7184f0,0x3de924d4c8068ba82935795e152c6192ccb2c41880a53b8065d04008a40bde02
17,7816.76801914,0.00390838400957,0x8747b8a010033060529d60909ab7a00b8d2a1dea,2017-11-01T21:01:41.000Z,0.0000005,0xc847559681f261b9c1481df5ff4f4ae014317da0,sell,0x7e9d62e1ff4e34096f91ee0153222ab81f7184f0,0x6fe7dd4016eb6e1aec08c0776640a181804bdc38c773de5b982e0eaf68ece5e9
18,12248.02691655,0.006124013458275,0x8747b8a010033060529d60909ab7a00b8d2a1dea,2017-11-01T20:16:22.000Z,0.0000005,0xf0d8444b98fd316d6fa97ef6d9501f457e72656f,sell,0x7e9d62e1ff4e34096f91ee0153222ab81f7184f0,0x6a125d4d3e7ad9b654415eea5bc7433ab4c36ac41857b2a50af4778267fcb369
19,12988,0.006494,0x8747b8a010033060529d60909ab7a00b8d2a1dea,2017-11-01T17:48:08.000Z,0.0000005,0xf0df63b19345f48ac3f1d9131ab6bf95f3bdfd0d,sell,0x7e9d62e1ff4e34096f91ee0153222ab81f7184f0,0x208ae58c6102618f6cae1cca9e0e066d7fa485428fd6789480a35efb15d825be
20,19596.84278735,0.009798421393675,0x8747b8a010033060529d60909ab7a00b8d2a1dea,2017-11-01T17:33:02.000Z,0.0000005,0x4f89bd3b192768eb63d5965e2799a0728913ade5,sell,0x7e9d62e1ff4e34096f91ee0153222ab81f7184f0,0xe6c33ddefe34b4a075cac4dfc71f84a06551b3e11db70ee2aefcb231c7afc7b2
21,13286.81088625,0.006643405443125,0x8747b8a010033060529d60909ab7a00b8d2a1dea,2017-11-01T16:40:27.000Z,0.0000005,0x4f43b77f599b6c892f596f6d87f0a2acc51591e7,sell,0x7e9d62e1ff4e34096f91ee0153222ab81f7184f0,0x1f5668c8cbef3256b0ecf53c7890d0fd4f4bea13d728c5afa1035b1a2713a82b
22,29924.37616244,0.01496218808122,0x8747b8a010033060529d60909ab7a00b8d2a1dea,2017-11-01T15:52:31.000Z,0.0000005,0x87b53f4d4cb88a808504f2d4c13b93bfaf7510b6,sell,0x7e9d62e1ff4e34096f91ee0153222ab81f7184f0,0x149982a0000663b01fe02eb2624db3b243d61b3da668f9bdfd4517543fd98bf5
23,249.22739508,0.00007277439936336,0xbbe8a1421d8583194bd959a640cb82225650c748,2017-11-01T12:50:33.000Z,0.000000292,0xb7a64f932b1a85543adf6f1fb3c50581ef77aa35,sell,0x7e9d62e1ff4e34096f91ee0153222ab81f7184f0,0x4b13012de990ad36506962903e8bf99fa7a43e19aba4efec2ac3c75a0cae9fbe
24,7029.191,0.002052523772,0xbbe8a1421d8583194bd959a640cb82225650c748,2017-11-01T10:27:17.000Z,0.000000292,0x7f91ef30100398243ff2d8eb8e5512c688bb8b61,sell,0x7e9d62e1ff4e34096f91ee0153222ab81f7184f0,0x915c40a5a2bc67e5e5602692a23e9501a8d73a5ff501abdba316220256b50227
25,22219.56455672,0.00648811285056224,0xbbe8a1421d8583194bd959a640cb82225650c748,2017-11-01T09:01:16.000Z,0.000000292,0xdb3a3dff3180a9f045208b966b8e3d0070ae2372,sell,0x7e9d62e1ff4e34096f91ee0153222ab81f7184f0,0x995e62732dfbeff34dc708216ff1a3ade25e99fc772c3270b6b14fecf4a8a195
26,9798.42153324,0.00286113908770608,0xbbe8a1421d8583194bd959a640cb82225650c748,2017-11-01T07:09:27.000Z,0.000000292,0x87352af26805176272dd48a865e0dcd31151aa22,sell,0x7e9d62e1ff4e34096f91ee0153222ab81f7184f0,0xac11bc4de7ec236e19a79a4a7ff9b2c51a0a5d3feabb8ab3e874be8cd578caa7
27,7836.3151764,0.002507620856449494,0x4ecd49da857f153fa6d71ecdc6dc3ce2ebf92d80,2017-11-01T05:48:41.000Z,0.00000032000000000019,0xc85073bb45458a69e1af1184d3691f6b15bc6cc2,buy,0x7e9d62e1ff4e34096f91ee0153222ab81f7184f0,0xf365d25e4a85f5af483e032de87701c6f7023d838e3dcb0e4dc4a95f67d6ab54
28,24284.33586255,0.0070910260718646,0xbbe8a1421d8583194bd959a640cb82225650c748,2017-11-01T01:31:29.000Z,0.000000292,0xc05eb25915a202c6ac9f3d9c11ab4044b6c25326,sell,0x7e9d62e1ff4e34096f91ee0153222ab81f7184f0,0x4a5bc951d31f2ca39038b25951c02eaa05d47e1388efb57ff02783c93d6991da
29,449762.73551988,0.13133071877180497,0xbbe8a1421d8583194bd959a640cb82225650c748,2017-10-31T23:33:39.000Z,0.000000292,0x17b3340d5058df4b73d7073b20f787945d597af9,sell,0x7e9d62e1ff4e34096f91ee0153222ab81f7184f0,0x3199f5ebc4f1ee1f0a7e44bcf12e785c8f511f6aa228c416d40b5cb294388b48
30,34294.4751271,0.009945397786859,0xf6549288d08ae87ed860a339d2298fdc6c685848,2017-10-31T19:27:41.000Z,0.00000029,0x17b034c65a12f4b6d764d5724d0cfb5f7ba8d004,sell,0x7e9d62e1ff4e34096f91ee0153222ab81f7184f0,0x8c4d37dca587367ff7c3815fc059e1b7277b196cefdb6966098a53749daab345
31,17751.973,0.00568063136,0x87b53f4d4cb88a808504f2d4c13b93bfaf7510b6,2017-10-31T16:38:23.000Z,0.00000032,0xe6c4c5f33c898fd1457bba8db0856ee23d5d27db,sell,0x7e9d62e1ff4e34096f91ee0153222ab81f7184f0,0xf2794574a90f500e592563a05635b37a777071af6b1dc07b84b0a0a9397365f8
32,12248.02691655,0.003919368613296,0x87b53f4d4cb88a808504f2d4c13b93bfaf7510b6,2017-10-31T16:31:53.000Z,0.00000032,0xe6c4c5f33c898fd1457bba8db0856ee23d5d27db,sell,0x7e9d62e1ff4e34096f91ee0153222ab81f7184f0,0x67a0ab55710b7677ddc2e7d5c666474d9b7cde7afcb507a5637a66bec683cce5
33,33198.76399928,0.00932885268379768,0x31b469dca15b93f9cbc5466fc3380f2d98f7d94e,2017-10-31T10:23:25.000Z,0.000000281,0xeb5debbec29a92b20e07e5d4b20e0906db9fe005,sell,0x7e9d62e1ff4e34096f91ee0153222ab81f7184f0,0x6b0f5e8b3a5a52263d1ed78d3da1eb1a5be25a8741cad882b230dce84fd74273
34,9798.42153324,0.0025475895986424,0xf6549288d08ae87ed860a339d2298fdc6c685848,2017-10-31T08:03:39.000Z,0.00000026,0x07a1410f73dbfa19f0220712bab8e8ebc764b341,sell,0x7e9d62e1ff4e34096f91ee0153222ab81f7184f0,0xca2fef3ba4d5babb6305cd474071b5f89543ba1557b286525766ebf98554709a
35,14697.63229987,0.0041153370439636,0x2e76f28d753b219b02037e5f40a5719ec7e4d493,2017-10-31T06:20:49.000Z,0.00000028,0xffd84530db27cc11d3ebf2b4854e3b2b53609a7e,sell,0x7e9d62e1ff4e34096f91ee0153222ab81f7184f0,0x8ce3aabe244d72cc602d2c7547112671a22a88bec450968c5de2680be5923b2c
36,4984.54953643,0.0013956738702004,0x4ecd49da857f153fa6d71ecdc6dc3ce2ebf92d80,2017-10-31T02:52:14.000Z,0.00000028,0x8a3e74db1c322b31f2680665c5978b26635c97b0,sell,0x7e9d62e1ff4e34096f91ee0153222ab81f7184f0,0x0ce508f2fb4b02571e67fdf984d39ac2c66f15cc02aba4c4fac95837b4446041
37,0.99272256,0.0000002779623168,0x4ecd49da857f153fa6d71ecdc6dc3ce2ebf92d80,2017-10-31T02:16:30.000Z,0.00000028,0x309da4ad891e21b1527af45a802fcaf97bd1e380,sell,0x7e9d62e1ff4e34096f91ee0153222ab81f7184f0,0x29d7857b5332fd601318e7bb12d7b8c2d1d2db3f3099c7fa62d58e251e1ec1bb
38,9798.42153324,0.0025475895986424,0xf6549288d08ae87ed860a339d2298fdc6c685848,2017-10-30T21:54:44.000Z,0.00000026,0x250a457b0649b5da6312f65b7c68bfde9bb8c9a1,sell,0x7e9d62e1ff4e34096f91ee0153222ab81f7184f0,0x3719587c6cd83f12100c0887430b89f7564fcf5612c79adc6311fe776333a263
39,9831.981,0.003431361369,0x4ecd49da857f153fa6d71ecdc6dc3ce2ebf92d80,2017-10-30T21:00:06.000Z,0.000000349,0x24bf5f007e4b06f5777c460fb02d3521c1b521a8,buy,0x7e9d62e1ff4e34096f91ee0153222ab81f7184f0,0x9105a0c507f68da7bbccdff95c03451638946bfdb5eff72f82ce2253834b5dc6
40,9798.42153324,0.003429447536634,0xe606c87aef519892a27d6a6276209f3c091d7415,2017-10-30T14:34:46.000Z,0.00000035,0xb66b371ce93cbc0a646f42ba64b759958436fb6f,sell,0x7e9d62e1ff4e34096f91ee0153222ab81f7184f0,0x1965849b3e68ea0f8fd56acf8061b9e1a73d55256711530993a2ecb1a0dca8d8
41,34400.788,0.01100825216,0x273a5d3e6721b9f5c1a6474f560c1334c63dda01,2017-10-30T11:53:06.000Z,0.00000032,0x08f5360f7c0ac45a354b8442972a25ee605c44ea,buy,0x7e9d62e1ff4e34096f91ee0153222ab81f7184f0,0x88f19f15e67a5f8bb10e875049a41077e156ac36e97c2bdd1046aa8deaf5a4db
42,34297.585636,0.0120041549726,0xe606c87aef519892a27d6a6276209f3c091d7415,2017-10-30T11:53:06.000Z,0.00000035,0x273a5d3e6721b9f5c1a6474f560c1334c63dda01,sell,0x7e9d62e1ff4e34096f91ee0153222ab81f7184f0,0x88f19f15e67a5f8bb10e875049a41077e156ac36e97c2bdd1046aa8deaf5a4db
43,9969.09580301,0.0034891835310535,0xe606c87aef519892a27d6a6276209f3c091d7415,2017-10-30T06:47:08.000Z,0.00000035,0x7966013818efab253503d5ba080eb91bce478d0f,sell,0x7e9d62e1ff4e34096f91ee0153222ab81f7184f0,0x61aaa4a07c804f6f2ab8ccce8bcafa508211c72b1e3f9bed69c3a5a94623d4d1
44,48992.29590853,0.0171473035679855,0xe606c87aef519892a27d6a6276209f3c091d7415,2017-10-30T06:25:15.000Z,0.00000035,0x6efb71d2cb77af80cbe17ea2c6914771576a9e28,sell,0x7e9d62e1ff4e34096f91ee0153222ab81f7184f0,0xe5a4a9a76820f43ad1b6f1101bede4c89512a2026c25595360e6d8377c761d0b
45,129175.539,0.125946150525,0xefa7abbd5fe2aef47b325619b0824d41835f5d6c,2017-10-30T03:14:49.000Z,0.000000975,0x75d636a7d03760f4ab77d139ec79599475686775,buy,0x7e9d62e1ff4e34096f91ee0153222ab81f7184f0,0xf988456fc177aefbac16649ebb9b1cabe7b7dc2b4497e3531516ea42d334671e
46,165068,0.1485612,0xefa7abbd5fe2aef47b325619b0824d41835f5d6c,2017-10-30T03:13:14.000Z,0.0000009,0x30cc7963fc6d28b659060f6df9087fe5b3a12007,buy,0x7e9d62e1ff4e34096f91ee0153222ab81f7184f0,0x2d7efb02c7487d53f5b7bee4ca475c32df030612b1db2618e899b1719ce4a760
47,207455,0.124265545,0xefa7abbd5fe2aef47b325619b0824d41835f5d6c,2017-10-30T03:12:26.000Z,0.000000599,0xf6549288d08ae87ed860a339d2298fdc6c685848,buy,0x7e9d62e1ff4e34096f91ee0153222ab81f7184f0,0x31b40f1dbfc4b621b14dac7e4aa8c6ffdab2169969610c54966cab2ad0013772
48,1.95362804,0.000000683769814,0xe606c87aef519892a27d6a6276209f3c091d7415,2017-10-30T02:39:17.000Z,0.00000035,0x2aeb0e6162b5aefce178c4121ff88868fd2bd5b1,sell,0x7e9d62e1ff4e34096f91ee0153222ab81f7184f0,0x4d99dd3d2b2919b1975e51776552e2e6f30154bccfff498f34e5f2842097f59a
49,19596.84278735,0.0068588949755725,0xe606c87aef519892a27d6a6276209f3c091d7415,2017-10-30T02:38:21.000Z,0.00000035,0x2aeb0e6162b5aefce178c4121ff88868fd2bd5b1,sell,0x7e9d62e1ff4e34096f91ee0153222ab81f7184f0,0x67055be43689b0491d2b6d7aa92aea7d0051d1573bddf37fcba9d9d1cccd9d6c
50,9797.62735519,0.0034291695743165,0xe606c87aef519892a27d6a6276209f3c091d7415,2017-10-29T22:06:14.000Z,0.00000035,0x31820066e49384d3036f7924543930c24489e133,sell,0x7e9d62e1ff4e34096f91ee0153222ab81f7184f0,0xd17b8e35493366543c4e3962250f09fd850dad86a962fa1f65f507891b59fe75
51,0.9368217,0.0000002107848825,0xe606c87aef519892a27d6a6276209f3c091d7415,2017-10-29T21:40:05.000Z,0.000000225,0x9ba5d789197d78073e1933bd905d1ea43ea4d3df,sell,0x7e9d62e1ff4e34096f91ee0153222ab81f7184f0,0xc7473f119298ee0d9bb74b49d0a09ec7b7067e831d0832c09de8233e1e0fbdfd
52,9397.2584189,0.0021143831442525,0xe606c87aef519892a27d6a6276209f3c091d7415,2017-10-29T21:34:05.000Z,0.000000225,0x9ba5d789197d78073e1933bd905d1ea43ea4d3df,sell,0x7e9d62e1ff4e34096f91ee0153222ab81f7184f0,0xe58b020235964d49f739135648c57336ccc90777c774e3b756502beec8dd61ad
53,19596.94363673,0.0068589302728555,0xe606c87aef519892a27d6a6276209f3c091d7415,2017-10-29T21:28:14.000Z,0.00000035,0xf82c7c1503a06fcf927ee401a7b868bf067715f8,sell,0x7e9d62e1ff4e34096f91ee0153222ab81f7184f0,0xf8a27dc390e19aa1ea7394adc21be159594380f77f489f39eee0376d62f25b83
54,0.00000048,0.000000000000289781,0x07f0206706cc8348148f2f72e1508a773f35f96c,2017-10-29T20:28:45.000Z,0.00000060371041666666,0xf6081ac9c1bec3513d4545c17034b1353230f8b0,buy,0x7e9d62e1ff4e34096f91ee0153222ab81f7184f0,0x04eb6c369f7c7dd6ed74a12d3029ca7715ad753fb67010641612d2628f66b138
55,9969.19987863,0.0034892199575205,0xe606c87aef519892a27d6a6276209f3c091d7415,2017-10-29T20:14:35.000Z,0.00000035,0xb12221dad518129c645b7b184a93c8e1aea0d10c,sell,0x7e9d62e1ff4e34096f91ee0153222ab81f7184f0,0xb17fc3bb68c33b9b90d1496a380230217a507d5807474153f49404ad09b8efcb
56,9798.42153324,0.003429447536634,0xe606c87aef519892a27d6a6276209f3c091d7415,2017-10-29T19:59:09.000Z,0.00000035,0x66740db3ee28781d53a7cab15c1435cc1c29de13,sell,0x7e9d62e1ff4e34096f91ee0153222ab81f7184f0,0xba31881543bcf7d194dca667b597ad1644cd6611e27a0f71565973ab143c42e8
57,1629.6668286,0.00057038339001,0xe606c87aef519892a27d6a6276209f3c091d7415,2017-10-29T19:25:05.000Z,0.00000035,0xe651d0107cc442943df1ca3a6d0d601816f19262,sell,0x7e9d62e1ff4e34096f91ee0153222ab81f7184f0,0x8ba5d39dd7f8ca04734bb5f17fdcf8673f434ba5d6159de2376ac8bfc2d8f97a
58,427.76193799,0.0001497166782965,0xe606c87aef519892a27d6a6276209f3c091d7415,2017-10-29T18:19:43.000Z,0.00000035,0x659f7952cf483abcb29111f0e79730328a3ca612,sell,0x7e9d62e1ff4e34096f91ee0153222ab81f7184f0,0x94fdb0674307a1745d4780e727af9fe0a716478663e97a890ee70e4a175457ec
59,10000,0.00351,0x035392de57aa4fe343d86494103dbe1b068a56c6,2017-10-29T16:51:22.000Z,0.000000351,0x0f823a5ff52a4822634f0c3ccd723f4f294f1804,sell,0x7e9d62e1ff4e34096f91ee0153222ab81f7184f0,0x5e46e88176702ab6b4d66e155ee43fc67451d895ce6afd87e564600a8924d339
60,37971.20127604,0.0140493444721348,0x3dfcdbf350d74844fb18366a4d051a3ea85ce98b,2017-10-29T15:06:53.000Z,0.00000037,0x64045e225fb20c26f3d0052ef82b40b723e5da05,sell,0x7e9d62e1ff4e34096f91ee0153222ab81f7184f0,0x85ba3575c69bfb67d7cb99ce7bc21d7a85fc66ee8e4c7896c4d987060924a7b4
61,10000,0.00352,0x035392de57aa4fe343d86494103dbe1b068a56c6,2017-10-29T15:06:14.000Z,0.000000352,0x64045e225fb20c26f3d0052ef82b40b723e5da05,sell,0x7e9d62e1ff4e34096f91ee0153222ab81f7184f0,0xee1709ceabfc32619e7756c9923289138b6f724640f8e184ee226edeffe96ada
62,30000,0.017999997,0x265ca90bd2ceb257be4370d0cbd6bf8e0a6688e1,2017-10-29T14:42:00.000Z,0.0000005999999,0x6c4abceb16c95785c332e79213e5f143ba4e33a3,buy,0x7e9d62e1ff4e34096f91ee0153222ab81f7184f0,0x5c7b3bc6b2b2c15445d8ae3e2ef193f153a042fb5215f40f96aadc10461c29d1
63,12285.9958,0.004422958488,0x4ecd49da857f153fa6d71ecdc6dc3ce2ebf92d80,2017-10-29T02:09:50.000Z,0.00000036,0xa5a00faae95dc1d32960b419d23cdc403c3090c9,buy,0x7e9d62e1ff4e34096f91ee0153222ab81f7184f0,0xe8584d8190f67cbd7f1af51f38193179824b444075f2f9c0200530a9083f92a1
64,9998.203,0.00479913744,0x4ecd49da857f153fa6d71ecdc6dc3ce2ebf92d80,2017-10-29T02:06:03.000Z,0.00000048,0xe8ac4ae3f46a25889af3618cbe911700fb2086df,buy,0x7e9d62e1ff4e34096f91ee0153222ab81f7184f0,0x78df086f08c66ff260298879e8ce25c269769e5e4e8b8954793416158baa1ee5
65,6416.749,0.00307997535251,0x4ecd49da857f153fa6d71ecdc6dc3ce2ebf92d80,2017-10-29T02:05:26.000Z,0.00000047999,0x6c4abceb16c95785c332e79213e5f143ba4e33a3,buy,0x7e9d62e1ff4e34096f91ee0153222ab81f7184f0,0x82ccb8651f962eee2cbb044a4be91b6123da2225c35c23e55c6967973cd214a4
66,90000,0.0432,0x4ecd49da857f153fa6d71ecdc6dc3ce2ebf92d80,2017-10-29T02:05:02.000Z,0.00000048,0x07a22088bf4f619c98225d633d6adf06f9df4d66,buy,0x7e9d62e1ff4e34096f91ee0153222ab81f7184f0,0xc62c52eee270de9ba703a4652bd90d5e59023d509a83dc703f8b87fc556e9379
67,19657.586,0.00943564128,0x4ecd49da857f153fa6d71ecdc6dc3ce2ebf92d80,2017-10-29T02:03:56.000Z,0.00000048,0xde0b52b339079efc4648c61433fe6d4e2e5c7f28,buy,0x7e9d62e1ff4e34096f91ee0153222ab81f7184f0,0x1157ecf6b63907740a59e1bde44938cac12299dc96c656fd44bf3e8356171246
68,0.97681404,0.0000003516530544,0x4ecd49da857f153fa6d71ecdc6dc3ce2ebf92d80,2017-10-29T00:42:51.000Z,0.00000036,0x95f3a5f945e749c6aaa54e0ce48c4df8b5ac0451,sell,0x7e9d62e1ff4e34096f91ee0153222ab81f7184f0,0xb1ed61798fd08a9fe2916221e12328cf24d7171d0df928d968ba63851b05385e
69,1041.6883685,0.0005,0x34f9560c63078eb61872a4dc2ccd20e21c34feaf,2017-10-28T20:31:18.000Z,0.00000047999000000353,0x6c4abceb16c95785c332e79213e5f143ba4e33a3,buy,0x7e9d62e1ff4e34096f91ee0153222ab81f7184f0,0xc0fd2b1ecbaf16f4405007cd1b61e21e38f6518fae7b2a96592532f3a0bb12cc
70,1041.6883685,0.0005,0xe444a40689f51f63bcd29910622035707d533d29,2017-10-28T20:22:06.000Z,0.00000047999000000353,0x6c4abceb16c95785c332e79213e5f143ba4e33a3,buy,0x7e9d62e1ff4e34096f91ee0153222ab81f7184f0,0x7352db9e12eec0a343db0d2b12ae84ee864878511401ab99a8ffdb50b57e5a0c
71,55733.462,0.02675206176,0xe606c87aef519892a27d6a6276209f3c091d7415,2017-10-28T20:13:17.000Z,0.00000048,0x6c4abceb16c95785c332e79213e5f143ba4e33a3,sell,0x7e9d62e1ff4e34096f91ee0153222ab81f7184f0,0x423d3dbc59d057a2e7fda97f8afb60c0d36700030680d5ada35b7c57b25d709e
72,2.43900681,0.0000011707232688,0xe606c87aef519892a27d6a6276209f3c091d7415,2017-10-28T17:53:01.000Z,0.00000048,0x0cca7e7317e21ff3a9d2845bde7de97382cc8248,sell,0x7e9d62e1ff4e34096f91ee0153222ab81f7184f0,0xd37b074e43994795e158a354a038c34c3ea74d444e415d18b2067b7261bf1968
73,24465.67736018,0.0117435251328864,0xe606c87aef519892a27d6a6276209f3c091d7415,2017-10-28T17:52:04.000Z,0.00000048,0x0cca7e7317e21ff3a9d2845bde7de97382cc8248,sell,0x7e9d62e1ff4e34096f91ee0153222ab81f7184f0,0xa18b742dddbfcbd6269ff29c5230dc271caece4504245c40f5b9afa9f36548e1
74,9798.42153324,0.0047032423359552,0xe606c87aef519892a27d6a6276209f3c091d7415,2017-10-28T17:23:11.000Z,0.00000048,0x1fc73344279f4d402bb6eb3f41fd212013b7810c,sell,0x7e9d62e1ff4e34096f91ee0153222ab81f7184f0,0x3bdb4006da85e4525eba1d52ec5ab3112f9bbe5dbd8994a62ca91c7b8f474b45
75,16160.42986602,0.00334520898226614,0xb38bc467ab6d5ff0dd261828682eaa169feacb80,2017-10-28T09:47:27.000Z,0.000000207,0x8747499a65278b91f61492ac8207408490858859,sell,0x7e9d62e1ff4e34096f91ee0153222ab81f7184f0,0x15a393189ed37ccf0cafe54c99cae06a472fed2ca7ad8c6137530286fb7fefa5
76,117000,0.023517,0x07a22088bf4f619c98225d633d6adf06f9df4d66,2017-10-28T08:16:37.000Z,0.000000201,0xe8ac4ae3f46a25889af3618cbe911700fb2086df,sell,0x7e9d62e1ff4e34096f91ee0153222ab81f7184f0,0x5471bb05621799f746ed1db0d37529f04267263b422af52c437c3a25b54f06cd
77,100000,0.0204,0x6c4abceb16c95785c332e79213e5f143ba4e33a3,2017-10-28T08:14:51.000Z,0.000000204,0xe8ac4ae3f46a25889af3618cbe911700fb2086df,sell,0x7e9d62e1ff4e34096f91ee0153222ab81f7184f0,0x81f7d4425dec81af8441a970895677d9c31cbe4eea60640b5f583b2b3233d41e
78,182770.41172365,0.02430846475924545,0x74bfb2e0ad8358ac78f440dd34db13665206c96f,2017-10-28T03:42:23.000Z,0.000000133,0x1044c555140b87a8f9b1a0ee5e0e52f172000c6b,sell,0x7e9d62e1ff4e34096f91ee0153222ab81f7184f0,0x6503736d113d3833bab768bf57c344d5be8f88fb9c7ed1c59d6b993fa3847f5f
79,8575.1675296,0.001757909343568,0xb320ffa395e8429be67732b4ff0c80bc86e9e70d,2017-10-28T03:34:57.000Z,0.000000205,0x7b878c0b68f5903eb3802d84adf39684be3f97a5,sell,0x7e9d62e1ff4e34096f91ee0153222ab81f7184f0,0x52b52981e1263672777aee6f790faeca60e4b5a773b728b4e468476c96b2e85a
80,9798.42153324,0.0020086764143142,0xb320ffa395e8429be67732b4ff0c80bc86e9e70d,2017-10-28T02:53:51.000Z,0.000000205,0x95f3a5f945e749c6aaa54e0ce48c4df8b5ac0451,sell,0x7e9d62e1ff4e34096f91ee0153222ab81f7184f0,0xb884dab316cb7d7673213ad432e5518cd6a212c9e87eb82852dd93cd908dc6af
81,14697.63229987,0.00301301462147335,0xb320ffa395e8429be67732b4ff0c80bc86e9e70d,2017-10-28T01:18:02.000Z,0.000000205,0x08f0134f79330418e135356e552b94e7547a4eca,sell,0x7e9d62e1ff4e34096f91ee0153222ab81f7184f0,0xe85cc57802490074280caf5e4aca2ab6773dfa518474dad8d2b3c1f6926aa56c
82,129.38029001,0.00002652295945205,0xb320ffa395e8429be67732b4ff0c80bc86e9e70d,2017-10-28T01:01:49.000Z,0.000000205,0xd8b50d899ca5ae70e95210520301b6a9ac0cd9e8,sell,0x7e9d62e1ff4e34096f91ee0153222ab81f7184f0,0x2ef8e509614057660b0bf59344b92d8de925684c518940f2ccd0c872ad25b952
83,9798.42153324,0.0020086764143142,0xb320ffa395e8429be67732b4ff0c80bc86e9e70d,2017-10-27T23:19:31.000Z,0.000000205,0xb67461b03049e47676f76de2a20529c26a3d7189,sell,0x7e9d62e1ff4e34096f91ee0153222ab81f7184f0,0xc4248685842ccb5250987db302dd880e35156fc6bd1480e8ebc59ef45298cc7f
84,9798.42153324,0.002939526459972,0xb320ffa395e8429be67732b4ff0c80bc86e9e70d,2017-10-27T23:12:48.000Z,0.0000003,0x8628a8ca362c3c4d32ea634a6a799926ac409ca2,sell,0x7e9d62e1ff4e34096f91ee0153222ab81f7184f0,0x1fbda8e0db1a5437c40540065e75e2f398d6cb89713103a71dc26cd56637dd30
85,0.97681404,0.000000293044212,0xb320ffa395e8429be67732b4ff0c80bc86e9e70d,2017-10-27T23:06:57.000Z,0.0000003,0xfafcfd51acaae0054bc7cd7bbb153a0a1cc226eb,sell,0x7e9d62e1ff4e34096f91ee0153222ab81f7184f0,0x9886b9b0f66c3593aa3b4560fadb0fd0993e17e765947c5c2169602a0dcb4e4f
86,9798.42153324,0.002939526459972,0xb320ffa395e8429be67732b4ff0c80bc86e9e70d,2017-10-27T23:04:20.000Z,0.0000003,0xfafcfd51acaae0054bc7cd7bbb153a0a1cc226eb,sell,0x7e9d62e1ff4e34096f91ee0153222ab81f7184f0,0xaabad0383cdc8dbb1e0da885d4e1973e4d63be823793a15edfaab62007de3284
87,0.97681404,0.000000293044212,0xb320ffa395e8429be67732b4ff0c80bc86e9e70d,2017-10-27T23:00:55.000Z,0.0000003,0x1f59c2b92161711616b4418153923f14d55d2d4c,sell,0x7e9d62e1ff4e34096f91ee0153222ab81f7184f0,0x4312689ca6c6addff9265170193f5237bdb75f02880b26ea649130955c5785b6
88,9798.42153324,0.002939526459972,0xb320ffa395e8429be67732b4ff0c80bc86e9e70d,2017-10-27T22:59:54.000Z,0.0000003,0x1f59c2b92161711616b4418153923f14d55d2d4c,sell,0x7e9d62e1ff4e34096f91ee0153222ab81f7184f0,0x02df8ada7b7dfaedf88760bad751a91118e8f9a235ed1a7b73804165ef8035e0
89,1.95362804,0.000000586088412,0xb320ffa395e8429be67732b4ff0c80bc86e9e70d,2017-10-27T17:52:59.000Z,0.0000003,0x05076a8e1dfb79704b07cb855800865943425dae,sell,0x7e9d62e1ff4e34096f91ee0153222ab81f7184f0,0x475624d61fbdd693a1d2e8de72f6975bc17bc9cd378c6f559d5c13253a2a578d
90,13606.76176067,0.00576926698652408,0x183e70600937bf8eb26111c20e48c5eeada8396e,2017-10-27T16:06:11.000Z,0.000000424,0x80831b5a5f13ae1d25c354bcab92856262451793,sell,0x7e9d62e1ff4e34096f91ee0153222ab81f7184f0,0x62d6e0d961e40bb9d050aefd9376dd7abbd824d52e8b55c47a89f66310e7354c
91,7841,0.005676884,0xc847559681f261b9c1481df5ff4f4ae014317da0,2017-10-27T15:41:03.000Z,0.000000724,0x183e70600937bf8eb26111c20e48c5eeada8396e,buy,0x7e9d62e1ff4e34096f91ee0153222ab81f7184f0,0x4f7dfc4d26dfa0f3b253d3acb90adb24f49622cacf79b9fe53e507023a29e9f9
92,5201.578,0.0023407101,0xb320ffa395e8429be67732b4ff0c80bc86e9e70d,2017-10-27T15:40:00.000Z,0.00000045,0x80831b5a5f13ae1d25c354bcab92856262451793,sell,0x7e9d62e1ff4e34096f91ee0153222ab81f7184f0,0xb475a56c1abccd0857943025aea3a273055eff1e17d807fed194865e46b1abf2
93,9798.42153324,0.004409289689958,0xb320ffa395e8429be67732b4ff0c80bc86e9e70d,2017-10-27T15:24:06.000Z,0.00000045,0x63c646a7c355b5318eb1ae9fb93d91a5c660fbf4,sell,0x7e9d62e1ff4e34096f91ee0153222ab81f7184f0,0x1b059c5b91738a2a4b227a72ff12dbeae206e91f0ed2506e1d550ea2128cae37
94,244158,0.9278004,0xd6b341ed32c8f650ff83d98acf07493b39296b0a,2017-10-27T14:00:35.000Z,0.0000038,0x1fab550d74813ccb753921a1599d1ccf6bac2925,buy,0x7e9d62e1ff4e34096f91ee0153222ab81f7184f0,0xab42d3c4277be8f79774362d9a805ad55a37d4837133809017caa3bb9d49775f
95,9450.70282125,0.0019090419698925,0x196c5153efb1b4808320d49f01ff5a045e8b8be5,2017-10-27T11:25:47.000Z,0.000000202,0x85e1682ecb99423e268a8b47515f7eebace15421,sell,0x7e9d62e1ff4e34096f91ee0153222ab81f7184f0,0xbb4cd93078a0771cd759b40165bd011e93d1c76fb29317cb3fefef2d3e2dc358
96,1.45532193,0.00000029251970793,0x035392de57aa4fe343d86494103dbe1b068a56c6,2017-10-27T10:17:42.000Z,0.000000201,0x5ef715015478bc6502d931eecb6f653b89bd5729,sell,0x7e9d62e1ff4e34096f91ee0153222ab81f7184f0,0x22ecdf7242e18b51637e0aee0bb1e1dff6d36007996baefa4ac7a26c0c180972
97,14598.33414315,0.0061021036718367,0xe8ac4ae3f46a25889af3618cbe911700fb2086df,2017-10-27T10:11:58.000Z,0.000000418,0x5ef715015478bc6502d931eecb6f653b89bd5729,sell,0x7e9d62e1ff4e34096f91ee0153222ab81f7184f0,0x10d871ab1ab9d4d5dc60ab8e897f94904420bc26ce6ff0518c3256a10a76a221
98,4999.007,0.002114579961,0x035392de57aa4fe343d86494103dbe1b068a56c6,2017-10-27T10:10:16.000Z,0.000000423,0x5ef715015478bc6502d931eecb6f653b89bd5729,sell,0x7e9d62e1ff4e34096f91ee0153222ab81f7184f0,0x444d11e39cbaf02d5c609bc9fea35b3358cbfde45a6a9388be59a1d7f2383410
99,39876.38321204,0.01690758648190496,0x11f5503defcce34fbbc25d3219f791b3a76a894f,2017-10-27T09:46:12.000Z,0.000000424,0x58f84754ac5f1681db2d680d4ba6e3aa42f41ddf,sell,0x7e9d62e1ff4e34096f91ee0153222ab81f7184f0,0xbf61eb235c96d6e1ee2a5feb2e1a42956ddb08f7866361685d4f19d1040490d0
100,9798.42153324,0.00415453073009376,0x11f5503defcce34fbbc25d3219f791b3a76a894f,2017-10-27T09:44:43.000Z,0.000000424,0x8c705cba596b55a3335863228a6eb7ced84b7ee2,sell,0x7e9d62e1ff4e34096f91ee0153222ab81f7184f0,0xe4ab10879b53537723ca45901cb8dd71de6a306feb1b119f4bd00956f7be6958
101,7841.99420197,0.00332500554163528,0x183e70600937bf8eb26111c20e48c5eeada8396e,2017-10-27T07:45:05.000Z,0.000000424,0xc0c65f55d22722a5cb3e35f3882a066896f42b71,sell,0x7e9d62e1ff4e34096f91ee0153222ab81f7184f0,0x38c3bb1a523e6c103a4569cbd5551ee25f3d7c245b91dcf30a248c99e6cd2f78
102,4406.472,0.0026438832,0xde0b52b339079efc4648c61433fe6d4e2e5c7f28,2017-10-27T07:43:53.000Z,0.0000006,0xc0c65f55d22722a5cb3e35f3882a066896f42b71,sell,0x7e9d62e1ff4e34096f91ee0153222ab81f7184f0,0x017c83f6b26dabe683b948eb8e7d85583a7cd6ec622e76d6c420413815f4e0f4
103,5422.31762436,0.003253390574616,0xde0b52b339079efc4648c61433fe6d4e2e5c7f28,2017-10-27T07:15:20.000Z,0.0000006,0xf42b7ec907677a79468e3b8f910cc8ac9ba044f3,sell,0x7e9d62e1ff4e34096f91ee0153222ab81f7184f0,0xb958a481328d705bc73aea325834ee3fb10073607f7800058758d7850c7f88f9
104,6825.397,0.0047777779,0x3f5d468222a692f4e5d3c0c7e17b0759a298ba9e,2017-10-27T07:14:27.000Z,0.0000007,0xf42b7ec907677a79468e3b8f910cc8ac9ba044f3,sell,0x7e9d62e1ff4e34096f91ee0153222ab81f7184f0,0x6c385948414e1c2f45ec576eae30e937a7f0f817615152ae1c02d03f551d5e7a
105,6825.397,0.0047777779,0xb320ffa395e8429be67732b4ff0c80bc86e9e70d,2017-10-27T06:54:48.000Z,0.0000007,0x9d79b4dee7f1e0a0eeaab19a74365230f6158d84,buy,0x7e9d62e1ff4e34096f91ee0153222ab81f7184f0,0x127d469f1c86350bd6c4b75b6552006ae71bfdd6f6184e01c1fa1baa4142f563
106,12248.02691655,0.0079612174957575,0xb320ffa395e8429be67732b4ff0c80bc86e9e70d,2017-10-27T04:53:22.000Z,0.00000065,0x341df6176a20dbda4cb0dd0225ea72053caad611,sell,0x7e9d62e1ff4e34096f91ee0153222ab81f7184f0,0x4daed575f0471e9e628461ed89d71d966c686377707585d466c63c230e07c903
107,9825,0.0068775,0xb320ffa395e8429be67732b4ff0c80bc86e9e70d,2017-10-27T04:50:57.000Z,0.0000007,0xf12d6a95981ec2324631dcd80cdfc9eafcd9661f,buy,0x7e9d62e1ff4e34096f91ee0153222ab81f7184f0,0x79efb6cad4176a6c43b58db98416253b276b19aebccbfc9745697dac7957e14e
108,29814.57481806,0.019379473631739,0xe3d0a0d0fcdab0f65f97c5e29b3d413e827ca3ce,2017-10-27T04:21:04.000Z,0.00000065,0xf015a6bf5ecb0ed05a1a827b091fcba8ac4dd774,sell,0x7e9d62e1ff4e34096f91ee0153222ab81f7184f0,0x9ef5dc32770863f61efe74779de4b4f5a340dbaace817870c8e7b47e570f5996
109,31000,0.020429,0xdb5936126a51b5bb370ceec5f2d45e72a2e57789,2017-10-27T04:20:40.000Z,0.000000659,0xf015a6bf5ecb0ed05a1a827b091fcba8ac4dd774,sell,0x7e9d62e1ff4e34096f91ee0153222ab81f7184f0,0xfc514bf4c53222bb86414c2f446e61d23687a754e9259df846808633e0338f5e
110,2807.79664,0.00186999256224,0xef190ee6a30ea651f98da8d74d600d584c88215d,2017-10-27T03:36:13.000Z,0.000000666,0x5043bf2276abcc19da847fddce7c6645cc41a997,buy,0x7e9d62e1ff4e34096f91ee0153222ab81f7184f0,0x8aa680dd418be44e84e90a076a61c3d933c60510ec6ed0a88c59a4b1cf4d0bca
111,20592.96779982,0.012355780679892,0x65e4bcff51eba7a03f6e2c9ab28d517d7fd4f383,2017-10-27T02:41:41.000Z,0.0000006,0xd2739cc647e29a81d1cd185f87796598734d412f,sell,0x7e9d62e1ff4e34096f91ee0153222ab81f7184f0,0x6171e33db214097b2636ffc07475eaa7fde2c636426acd4d0e83f4323bed68bb
112,19597.8196014,0.01175869176084,0x65e4bcff51eba7a03f6e2c9ab28d517d7fd4f383,2017-10-27T02:28:03.000Z,0.0000006,0x3b985dcb066a8e69eb25c2e1ade62579266f6717,sell,0x7e9d62e1ff4e34096f91ee0153222ab81f7184f0,0x0a5a41898bc0420d12216ab28eb29ec62f888593455b4023fbd9b7ab59867573
113,254036.99306687,0.10517131512968418,0x2e76f28d753b219b02037e5f40a5719ec7e4d493,2017-10-26T19:10:29.000Z,0.000000414,0x1be52a01d15c1b0ceca5f0b9947d195310f60385,sell,0x7e9d62e1ff4e34096f91ee0153222ab81f7184f0,0x44781cd75f1f8c41eced1635f07ecdc200b95fa797438de88be588cbdc319062
114,48556.82178926,0.0203938651514892,0xed8033057dff5527cd88d602923b65956ae0c1f0,2017-10-26T19:09:32.000Z,0.00000042,0x1be52a01d15c1b0ceca5f0b9947d195310f60385,sell,0x7e9d62e1ff4e34096f91ee0153222ab81f7184f0,0x4da3c127cc764fd15efb331f63b71ae72e6fe1681ec46450e962436875738607
115,0.99272256,0.00000041992164288,0x035392de57aa4fe343d86494103dbe1b068a56c6,2017-10-26T18:38:19.000Z,0.000000423,0xf6081ac9c1bec3513d4545c17034b1353230f8b0,sell,0x7e9d62e1ff4e34096f91ee0153222ab81f7184f0,0x6f36a1c46555da3ec7762cf400a0977aa1a566fca04b51c0b04038cbdb675a5b
116,9798.42153324,0.00412513546549404,0x035392de57aa4fe343d86494103dbe1b068a56c6,2017-10-26T18:05:46.000Z,0.000000421,0x0f4680cd7c4f5bb8406d8725c7ee723ac5aae80f,sell,0x7e9d62e1ff4e34096f91ee0153222ab81f7184f0,0x59909c61eee6406f7f355f0df5deaa0332343e7f1efe269f5b9d1473386d0ab2
117,1214.75581395,0.0005223449999985,0x23ef8a056966a81c52b4c351be91a5bdde1d10be,2017-10-26T17:52:44.000Z,0.00000043,0x8747499a65278b91f61492ac8207408490858859,sell,0x7e9d62e1ff4e34096f91ee0153222ab81f7184f0,0x823f6ae59836d0818502c6244aa67d8581232bc739eabc086db9f9f4054dd8be
118,1907.17371272,0.001144304227632,0x035392de57aa4fe343d86494103dbe1b068a56c6,2017-10-26T17:51:41.000Z,0.0000006,0x2245875552c1cbe8d1edae6bc73f87000fddc777,buy,0x7e9d62e1ff4e34096f91ee0153222ab81f7184f0,0x87e9ccb54c0442287112b356bba2391c191a012aa1651f20b456b49dc3c10a43
119,2222,0.001130998,0x23ef8a056966a81c52b4c351be91a5bdde1d10be,2017-10-26T17:05:51.000Z,0.000000509,0x8747499a65278b91f61492ac8207408490858859,sell,0x7e9d62e1ff4e34096f91ee0153222ab81f7184f0,0x51fb214c127847fa131e54cbabdefc9fc6364dff8cffb2b13fad276b7220207a
120,47721.698,0.02672415088,0xe8ac4ae3f46a25889af3618cbe911700fb2086df,2017-10-26T16:18:48.000Z,0.00000056,0xea3f533360920fb2497a6485913ba83d60cd07f3,sell,0x7e9d62e1ff4e34096f91ee0153222ab81f7184f0,0x8acf1008edebf6c188eabb085d38c9404a0952a1edcc525bb9143b8d87f3e431
121,132278.30198385,0.074075849110956,0xe8ac4ae3f46a25889af3618cbe911700fb2086df,2017-10-26T16:08:55.000Z,0.00000056,0x3755b825d5dc70f115d1ccc9f8c6a94d34068d8a,sell,0x7e9d62e1ff4e34096f91ee0153222ab81f7184f0,0x41021d8e26971038f531df5db66ffcfc82ba643f04b3d71dbe7b59d69d0cbeba
122,2500,0.0015475,0xe8ac4ae3f46a25889af3618cbe911700fb2086df,2017-10-26T15:53:47.000Z,0.000000619,0x97b4aba8fd5b8fb22030e4525c3c33da4f4af317,buy,0x7e9d62e1ff4e34096f91ee0153222ab81f7184f0,0xe0e100452b4e18bd7dde54482e448a0b0cc9b4b1c8c17ed7f5fc03ec9e6a85fb
123,2550.869,0.00158153878,0xe8ac4ae3f46a25889af3618cbe911700fb2086df,2017-10-26T15:53:47.000Z,0.00000062,0x2245875552c1cbe8d1edae6bc73f87000fddc777,buy,0x7e9d62e1ff4e34096f91ee0153222ab81f7184f0,0xdfd192255b45b63d77872ee60ec1c6eb33401f1d86c3b216dae94e5a83d19e64
124,25000,0.013,0xe8ac4ae3f46a25889af3618cbe911700fb2086df,2017-10-26T15:48:51.000Z,0.00000052,0x07a22088bf4f619c98225d633d6adf06f9df4d66,buy,0x7e9d62e1ff4e34096f91ee0153222ab81f7184f0,0xe264ec92bd6a0471441fe3823eb45140c9635d277c2d3546c17b4357c5f98575
125,1092.82654701,0.000556248712432789,0x7d764fb24e2aed6d02ac0edec5f7dbb1e73af018,2017-10-26T13:05:46.000Z,0.00000050900000000429,0x2245875552c1cbe8d1edae6bc73f87000fddc777,buy,0x7e9d62e1ff4e34096f91ee0153222ab81f7184f0,0x99c42cdfc280e701445d7be71bee17cca7f180e24168ceb840bdc14bd8e5987e
126,12248.02691655,0.005144171304951,0xed8033057dff5527cd88d602923b65956ae0c1f0,2017-10-26T10:31:43.000Z,0.00000042,0xb848241eff8da572471aabc54845192ff9350ce0,sell,0x7e9d62e1ff4e34096f91ee0153222ab81f7184f0,0x65c0a3dac966ae0aeb4a29aa71152b8daf6bc06d48ffbeb779cd0b4a97b93fc4
127,12248.02691655,0.005144171304951,0xed8033057dff5527cd88d602923b65956ae0c1f0,2017-10-26T09:54:26.000Z,0.00000042,0x68d5bbfe9d77b3411c81f40f8098d60e92e2ddba,sell,0x7e9d62e1ff4e34096f91ee0153222ab81f7184f0,0x51b7c8aaf3742223355199338a5039d29d8ab9a2d54136ba7eb537b77b1eab6d
128,12248.02691655,0.005144171304951,0xed8033057dff5527cd88d602923b65956ae0c1f0,2017-10-26T08:46:57.000Z,0.00000042,0xa32fb47c8043c3e43fa0782164b254b314ca309f,sell,0x7e9d62e1ff4e34096f91ee0153222ab81f7184f0,0xc3b9f7aab24e33d696afd1a23f12d8cafb5c7e743a2c5a9e7338bb4bc5c03293
129,20656.806,0.00867585852,0xd2739cc647e29a81d1cd185f87796598734d412f,2017-10-26T08:33:46.000Z,0.00000042,0x702768ea4e0811a02e38c16b2ff9d418336d5ce2,buy,0x7e9d62e1ff4e34096f91ee0153222ab81f7184f0,0x50920460f61cdeee65b9e892ea2b60f7f555200c3604237c864c45a1f4a27483
130,1.46522104,0.0000006153928368,0xed8033057dff5527cd88d602923b65956ae0c1f0,2017-10-26T08:16:47.000Z,0.00000042,0x67184334d94448a27eb5db91cac5ae291172acb9,sell,0x7e9d62e1ff4e34096f91ee0153222ab81f7184f0,0xe51081365bfd4bbe4674b980c393c88935fb41f00bf000f0c7ade16f96708255
131,14697.63224005,0.006173005540821,0xed8033057dff5527cd88d602923b65956ae0c1f0,2017-10-26T08:14:29.000Z,0.00000042,0x67184334d94448a27eb5db91cac5ae291172acb9,sell,0x7e9d62e1ff4e34096f91ee0153222ab81f7184f0,0xf318e9730f2a2f5443d22356bcf0c8f447517ee239c92a980c686cecf606f233
132,8328.797,0.004622482335,0x1044c555140b87a8f9b1a0ee5e0e52f172000c6b,2017-10-26T04:49:38.000Z,0.000000555,0xc12787b02b996c0c23de426b60c4dd59548a5f86,buy,0x7e9d62e1ff4e34096f91ee0153222ab81f7184f0,0xe686880a1f76b09f1b56b16b471eda6f698d08055374d8d885535b70446bd3a5
133,3000,0.001503,0x1044c555140b87a8f9b1a0ee5e0e52f172000c6b,2017-10-26T04:49:23.000Z,0.000000501,0x2245875552c1cbe8d1edae6bc73f87000fddc777,buy,0x7e9d62e1ff4e34096f91ee0153222ab81f7184f0,0xf0ac4fd8c2066bb7b1e89002afe5ebb0f1f0b2a6ffd0b35078e0a2faa1120159
134,3000,0.001506,0x1044c555140b87a8f9b1a0ee5e0e52f172000c6b,2017-10-26T04:49:23.000Z,0.000000502,0x2245875552c1cbe8d1edae6bc73f87000fddc777,buy,0x7e9d62e1ff4e34096f91ee0153222ab81f7184f0,0xb4a4ae0393bb587c11f2ae5a98e92b6102d9d994ff0863031bfa9162bc848ded
135,22114.792,0.011057396,0x1044c555140b87a8f9b1a0ee5e0e52f172000c6b,2017-10-26T04:46:07.000Z,0.0000005,0xa79b9f9583182ff07b57ac094af8c071c6be5d52,buy,0x7e9d62e1ff4e34096f91ee0153222ab81f7184f0,0x937f9272197905dd2da1e4aad6609e8e7c2027ada0d791c8be13ac9f3d5381b5
136,20000,0.0114,0x1044c555140b87a8f9b1a0ee5e0e52f172000c6b,2017-10-26T04:45:52.000Z,0.00000057,0x9c27830cec092480cc454a82bcf97a976a859b4b,buy,0x7e9d62e1ff4e34096f91ee0153222ab81f7184f0,0x8775d3f0f07822b3df99f6aa71d0493afafa36003c63a4d92155d3db46f92cc3
137,126894,0.1015152,0x1044c555140b87a8f9b1a0ee5e0e52f172000c6b,2017-10-26T04:45:41.000Z,0.0000008,0xbbe8a1421d8583194bd959a640cb82225650c748,buy,0x7e9d62e1ff4e34096f91ee0153222ab81f7184f0,0x713861812975e1beeb34b53d1b6057c358411eaa3834327760dc56204fd301ed
138,19298.421,0.0096492105,0x02f3f615dad26e296bec71632d7d3fdb702dae7c,2017-10-26T04:39:33.000Z,0.0000005,0x13512137d004d3e8d919ced5f5f7119934917c11,buy,0x7e9d62e1ff4e34096f91ee0153222ab81f7184f0,0xcee1681173ce9356379cabc60e9e0738e57e4b7297d47a530f8fc04f99738493
139,3000,0.0015,0xe8ac4ae3f46a25889af3618cbe911700fb2086df,2017-10-26T03:43:29.000Z,0.0000005,0x2245875552c1cbe8d1edae6bc73f87000fddc777,buy,0x7e9d62e1ff4e34096f91ee0153222ab81f7184f0,0x2d755af7aa1b85df51591784eda645f6d644db400fac9078579b7b0754b6e538
140,177916.4169627,0.0736573966225578,0x2e76f28d753b219b02037e5f40a5719ec7e4d493,2017-10-26T03:38:49.000Z,0.000000414,0x76a7fd7b41f27f0393df8d23487cef5fdb578705,sell,0x7e9d62e1ff4e34096f91ee0153222ab81f7184f0,0xa33055260036a427739a07434c3c8fa7bd5b1e9cbccda0f8eb051cfe89365035
141,66139.3450304,0.0273816888425856,0x2e76f28d753b219b02037e5f40a5719ec7e4d493,2017-10-26T02:10:40.000Z,0.000000414,0x34c8ae5dc0f6417d6fe3d16f6885dc5b5f6c552a,sell,0x7e9d62e1ff4e34096f91ee0153222ab81f7184f0,0xb73325c899ad3a3f9e481bd831fd5d94afdaa4afd03351a1063ea038f534b514
142,20602.193,0.008549910095,0x07a22088bf4f619c98225d633d6adf06f9df4d66,2017-10-26T01:13:03.000Z,0.000000415,0x76a7fd7b41f27f0393df8d23487cef5fdb578705,sell,0x7e9d62e1ff4e34096f91ee0153222ab81f7184f0,0x571cc77da29f813e3a9147f1c02adb341a8859b7450a469b1c670508e0910149
143,50149.55184139,0.02131355953259075,0x8397b719f59d95d250cdabef8daaaba2865558a1,2017-10-26T01:13:03.000Z,0.000000425,0x76a7fd7b41f27f0393df8d23487cef5fdb578705,sell,0x7e9d62e1ff4e34096f91ee0153222ab81f7184f0,0x87879b042f6b69487ceaf2b72fa79e2f0f0e83e54e23db288758f12cd2c9bb9b
144,4.96914356,0.000002111886013,0x8397b719f59d95d250cdabef8daaaba2865558a1,2017-10-26T01:08:07.000Z,0.000000425,0xce9f96c00a744d18e1960975146f8ac185168a40,sell,0x7e9d62e1ff4e34096f91ee0153222ab81f7184f0,0x3136253ebcd084d0ca50cc2dbb04c919e2c7924d9afe3dd2216a5d0ce3bb08a5
145,49845.47901505,0.02118432858139625,0x8397b719f59d95d250cdabef8daaaba2865558a1,2017-10-26T01:07:05.000Z,0.000000425,0xce9f96c00a744d18e1960975146f8ac185168a40,sell,0x7e9d62e1ff4e34096f91ee0153222ab81f7184f0,0x9c64a8d022b256aa10304bba4e497ad4d1f50a3027327c363ce3d09d5bbd5706
146,29487.36976217,0.0126795689977331,0xf015a6bf5ecb0ed05a1a827b091fcba8ac4dd774,2017-10-26T01:04:35.000Z,0.00000043,0x22eb520ce1f1eaffade7c4ff769fff8599c1b24a,buy,0x7e9d62e1ff4e34096f91ee0153222ab81f7184f0,0x5379270d3d46055bbc273edbb809416463db9eda52640eff5bffeee7d105f2a4
147,38959,0.01714196,0xf015a6bf5ecb0ed05a1a827b091fcba8ac4dd774,2017-10-26T01:04:24.000Z,0.00000044,0xd805bf8c4e73698ab28c3b4bda386406f9632ace,buy,0x7e9d62e1ff4e34096f91ee0153222ab81f7184f0,0x58abbf94115ff254d63396bd8d2195a868cd3a8e9a575435467d26ddb738e20e
148,12248.02691655,0.0050951791972848,0x8397b719f59d95d250cdabef8daaaba2865558a1,2017-10-25T21:11:48.000Z,0.000000416,0x38f5ecbd20276178d8cf7453aab347260c9cdea7,sell,0x7e9d62e1ff4e34096f91ee0153222ab81f7184f0,0xc0e4f62c4bba7ca02b84ccbecdbe8b1c7022923ff95ba0a2c80e6939142af943
149,9798.42153324,0.00407614335782784,0x8397b719f59d95d250cdabef8daaaba2865558a1,2017-10-25T19:16:03.000Z,0.000000416,0x4be5bd40d06c8a34c72ce12b66cc480b28bb7ce0,sell,0x7e9d62e1ff4e34096f91ee0153222ab81f7184f0,0xd0d060a4ddbb328c80d1aec62cd7fe5f4ac1e9f889fdc1a0113cf729cc11658a
150,9798.42153324,0.00407614335782784,0x8397b719f59d95d250cdabef8daaaba2865558a1,2017-10-25T17:22:03.000Z,0.000000416,0xaa1b73b911a31de396f9ecacb1bd64336222d807,sell,0x7e9d62e1ff4e34096f91ee0153222ab81f7184f0,0x761132d785c1b0be5233320f6e5c8ba5731d20a93105b4e7a99ef1928a619746
151,29486,0.012118746,0x1d5321e125f6c7079a716705541c7b371ca79e69,2017-10-25T14:39:15.000Z,0.000000411,0x5634fc9a8194fa713558d8962ff7c3d2be45bb2a,buy,0x7e9d62e1ff4e34096f91ee0153222ab81f7184f0,0xe69f3f3b184531724bfd416322f13bad8c3cd66c9b60eaa506d0470e4bb16db4
152,29397.80658025,0.01220008973080375,0x07a22088bf4f619c98225d633d6adf06f9df4d66,2017-10-25T14:39:15.000Z,0.000000415,0x1d5321e125f6c7079a716705541c7b371ca79e69,sell,0x7e9d62e1ff4e34096f91ee0153222ab81f7184f0,0xe69f3f3b184531724bfd416322f13bad8c3cd66c9b60eaa506d0470e4bb16db4
153,6646.15292592,0.0027581534642568,0xcd46f0b64e76335597d7ff5bf35d17cf493abed3,2017-10-25T13:59:39.000Z,0.000000415,0xc831351db606827e2ba4f88ab98f3483faa17fb8,sell,0x7e9d62e1ff4e34096f91ee0153222ab81f7184f0,0xbd4818ebd568fe358bb8739bdbee521df52f49e9110fe62854232af610ee6698
154,7415.40957652,0.00306997956467928,0x2e76f28d753b219b02037e5f40a5719ec7e4d493,2017-10-25T09:35:53.000Z,0.000000414,0x2e4599eb573339b09974ce5f141925593d537626,sell,0x7e9d62e1ff4e34096f91ee0153222ab81f7184f0,0x5163f4627da8b5f2e3aeea89113b4a51641294c47db34146794f494da8b2160f
155,9828,0.004068792,0x02f3f615dad26e296bec71632d7d3fdb702dae7c,2017-10-25T07:50:07.000Z,0.000000414,0xd1df0dc1c41bd6443a35d49616fd70b7bd026029,buy,0x7e9d62e1ff4e34096f91ee0153222ab81f7184f0,0xcd59eb06746f91f647b876c915518d1dfb6c7be7aee59207b8ad7d4478cc7400
156,29395.26459974,0.01216963954429236,0x2e76f28d753b219b02037e5f40a5719ec7e4d493,2017-10-25T07:25:42.000Z,0.000000414,0xe32c340433a440a800277ca53627d99b4414345c,sell,0x7e9d62e1ff4e34096f91ee0153222ab81f7184f0,0x7aabcbe80b557f90611e69496d2f936481865df103514ac9026516da7eb26c71
157,9247.33326687,0.00382839597248418,0x2e76f28d753b219b02037e5f40a5719ec7e4d493,2017-10-25T06:58:32.000Z,0.000000414,0xe390ba2177daca1fc1772a3788504b915e67a458,sell,0x7e9d62e1ff4e34096f91ee0153222ab81f7184f0,0xf1e8ebdc492a7c1a490822fcddebc0f6de6ccd55dbea89c2fb8935b3c8525d55
158,3000,0.001245,0x71fb5e6aa8abe2b32ae22bdf1ed4dcf0425a62aa,2017-10-25T06:57:15.000Z,0.000000415,0xe390ba2177daca1fc1772a3788504b915e67a458,sell,0x7e9d62e1ff4e34096f91ee0153222ab81f7184f0,0x97cdbe2b06b2a3ea5f38db96078d946cae155baf248ab3fe3162256af7c6cdae
159,29395.26459974,0.01211084901509288,0x38c3e2e35655479467eb1d6986cc587ec8d3620b,2017-10-25T01:14:40.000Z,0.000000412,0x2f5ef20e13dabb4a1e9555b46ff2aaabda770dd0,sell,0x7e9d62e1ff4e34096f91ee0153222ab81f7184f0,0x2193f967efd20959bd3039841f5a20f740bc5cc1c2fc0bc311869beb0f2fcd43
160,19657.593,0.008098928316,0x02f3f615dad26e296bec71632d7d3fdb702dae7c,2017-10-24T23:10:11.000Z,0.000000412,0xd4a2deacd186d082c3746ab06b082e4651a5f343,buy,0x7e9d62e1ff4e34096f91ee0153222ab81f7184f0,0x6fc9c6e9069ce38a8ea2dd58a3d27f238f551ffe2b02307265231938f4517daa
161,34294.4751271,0.014060734802111,0xbbe8a1421d8583194bd959a640cb82225650c748,2017-10-24T19:20:44.000Z,0.00000041,0x1a44ab4a8c070e29e294fb466f4066b35702db6b,sell,0x7e9d62e1ff4e34096f91ee0153222ab81f7184f0,0xfbb79781c5581d706dc86666dc47a688799c7e75060e56f3c979db0c1f61c557
162,29395.26459974,0.0120520584858934,0xbbe8a1421d8583194bd959a640cb82225650c748,2017-10-24T19:07:53.000Z,0.00000041,0x30ba5d3d3df3f6f661b82a19c9551e993713dbee,sell,0x7e9d62e1ff4e34096f91ee0153222ab81f7184f0,0x94d5e5767eb33c7815dbf07c68461bdc5ba5e1c4f9640112f862802deaf8926f
163,6.30031029,0.0000025831272189,0xbbe8a1421d8583194bd959a640cb82225650c748,2017-10-24T18:19:51.000Z,0.00000041,0x91644e088a67e799fad3fa67e6d12613fb3960b6,sell,0x7e9d62e1ff4e34096f91ee0153222ab81f7184f0,0x5a77e45b22ad628c915b6440a376251ba9c8901111a1a7061a78c0b8e9329277
164,63198.41257729,0.0259113491566889,0xbbe8a1421d8583194bd959a640cb82225650c748,2017-10-24T18:18:56.000Z,0.00000041,0x91644e088a67e799fad3fa67e6d12613fb3960b6,sell,0x7e9d62e1ff4e34096f91ee0153222ab81f7184f0,0x69b20991f72bc6b03849109fc92f54593fadf3a66605fa5ae775714f3580596b
165,600000,0.33,0xefd0199657b444856e3259ed8e3c39ee43cf51dc,2017-10-24T18:17:51.000Z,0.00000055,0x91644e088a67e799fad3fa67e6d12613fb3960b6,sell,0x7e9d62e1ff4e34096f91ee0153222ab81f7184f0,0x0b0c2dd081275ab8cae9bf8f6fbf21faca076ae12ba0b1c39f690927107d777b
166,50000,0.0255,0x8747b8a010033060529d60909ab7a00b8d2a1dea,2017-10-24T18:17:51.000Z,0.00000051,0x91644e088a67e799fad3fa67e6d12613fb3960b6,sell,0x7e9d62e1ff4e34096f91ee0153222ab81f7184f0,0xfc622d477c77aee6746e0396780e35593543e044ca0093310471d5ebcabdd50e
167,100000,0.03001,0x272da413b84dcb2d5ad945a3d46806e22c75e04e,2017-10-24T18:17:51.000Z,0.0000003001,0x91644e088a67e799fad3fa67e6d12613fb3960b6,sell,0x7e9d62e1ff4e34096f91ee0153222ab81f7184f0,0xf7553366405dfa571808a7d1f44ce6e079c69945566bc2f86aa505e2bf6c9d3d
168,100000,0.05,0x8747b8a010033060529d60909ab7a00b8d2a1dea,2017-10-24T18:17:51.000Z,0.0000005,0x91644e088a67e799fad3fa67e6d12613fb3960b6,sell,0x7e9d62e1ff4e34096f91ee0153222ab81f7184f0,0xc4f239de402a0aee4b6258d0fac2501f2f5fa4e8c8f272e63d82a9e1a8989c76
169,65000,0.035945,0xf00ed4bec09ad685ec7eebb07573130475b917cf,2017-10-24T18:17:51.000Z,0.000000553,0x91644e088a67e799fad3fa67e6d12613fb3960b6,sell,0x7e9d62e1ff4e34096f91ee0153222ab81f7184f0,0x62438054ab1c11e535b8a2c84761552b3588167ec6176a1f0a1221ffda9de9c4
170,46010.317,0.025535725935,0x6d9b558ec05461415310f9f8a2ea758fd512c570,2017-10-24T18:17:10.000Z,0.000000555,0x91644e088a67e799fad3fa67e6d12613fb3960b6,sell,0x7e9d62e1ff4e34096f91ee0153222ab81f7184f0,0x8ef0a5cc38b43d81b2d3cad4ca2398da7d185f957e71a5960f9cd9385d2ea6e5
171,9496.223,0.005289396211,0x13512137d004d3e8d919ced5f5f7119934917c11,2017-10-24T18:17:10.000Z,0.000000557,0x91644e088a67e799fad3fa67e6d12613fb3960b6,sell,0x7e9d62e1ff4e34096f91ee0153222ab81f7184f0,0x865ac10d326c9c6b7462f2702204ef7e9b9e32d8ebc1e2f41bbf8df2d77435b6
172,20379.457,0.011330978092,0xf6549288d08ae87ed860a339d2298fdc6c685848,2017-10-24T18:17:10.000Z,0.000000556,0x91644e088a67e799fad3fa67e6d12613fb3960b6,sell,0x7e9d62e1ff4e34096f91ee0153222ab81f7184f0,0x81062bb18f52c01d83002adb5890461fd935b8b84433d1c1a3e945cd7297a07d
173,3.7765491,0.0000021035378487,0x13512137d004d3e8d919ced5f5f7119934917c11,2017-10-24T17:18:31.000Z,0.000000557,0xacdba881c4c9c0d14971d0ace35c7a7b97596976,sell,0x7e9d62e1ff4e34096f91ee0153222ab81f7184f0,0xb8a8275dea5cd1bcbef91bf08fa8f6bd8e1228960f7a89b251a77cb122bba862
174,12285.995,0.0061429975,0x1d5321e125f6c7079a716705541c7b371ca79e69,2017-10-24T17:17:12.000Z,0.0000005,0x25fe7d00c554af4012b7a7b6d0fe5cda8120928e,buy,0x7e9d62e1ff4e34096f91ee0153222ab81f7184f0,0x7cb40ddf547e503836fdeea9c83d3565d10ef286bbc4c81c69e0e48da0e230f6
175,12249.24725822,0.0067983322283121,0x6d9b558ec05461415310f9f8a2ea758fd512c570,2017-10-24T17:17:12.000Z,0.000000555,0x1d5321e125f6c7079a716705541c7b371ca79e69,sell,0x7e9d62e1ff4e34096f91ee0153222ab81f7184f0,0x7cb40ddf547e503836fdeea9c83d3565d10ef286bbc4c81c69e0e48da0e230f6
176,37882.56405144,0.0210248230485492,0x6d9b558ec05461415310f9f8a2ea758fd512c570,2017-10-24T17:17:07.000Z,0.000000555,0xacdba881c4c9c0d14971d0ace35c7a7b97596976,sell,0x7e9d62e1ff4e34096f91ee0153222ab81f7184f0,0xf6552e4972033f5ddd9899b632caec1591f95f11998e3925882cada9394fac7a
177,7000,0.00392,0x10b6659072b7eea0e12d2949d562008934444555,2017-10-24T16:40:24.000Z,0.00000056,0x5043bf2276abcc19da847fddce7c6645cc41a997,sell,0x7e9d62e1ff4e34096f91ee0153222ab81f7184f0,0x78af57a02df1adda78fd9058a7779bdfae96aace5ad27cd052cae5d0e371e962
178,9798.516,0.005447974896,0xf6549288d08ae87ed860a339d2298fdc6c685848,2017-10-24T15:08:26.000Z,0.000000556,0xd2ea382e498316d91b9de8557670149b479721a0,sell,0x7e9d62e1ff4e34096f91ee0153222ab81f7184f0,0x2a30fdc594c46d757d30ec7ab3267e5adaf3534a08a8fba5d2b1ae9cef3b8e27
179,9828,0.004914,0xd2ea382e498316d91b9de8557670149b479721a0,2017-10-24T15:08:26.000Z,0.0000005,0x819a2a69007ec459a524cdb3e219c826429c40c2,buy,0x7e9d62e1ff4e34096f91ee0153222ab81f7184f0,0x2a30fdc594c46d757d30ec7ab3267e5adaf3534a08a8fba5d2b1ae9cef3b8e27
180,12248.02691655,0.0068099029656018,0xf6549288d08ae87ed860a339d2298fdc6c685848,2017-10-24T15:05:40.000Z,0.000000556,0xcb9e58ec85d56aa39a6246bc1e94236299c65133,sell,0x7e9d62e1ff4e34096f91ee0153222ab81f7184f0,0xcfcd6ae3300ea47f56f220cb5d522ef00f334a0ab0f2eded73ff15da64f374ae
181,6757.87148199,0.00375061867250445,0x6d9b558ec05461415310f9f8a2ea758fd512c570,2017-10-24T14:01:05.000Z,0.000000555,0xba95b4a5b130c4c1d27dc9e8adcf7f087cdb4c52,sell,0x7e9d62e1ff4e34096f91ee0153222ab81f7184f0,0xa88179c180bc96fffdee2c3690aa7b03da0ae201465f011561f211a0a54de766
182,17100,0.0094905,0x6d9b558ec05461415310f9f8a2ea758fd512c570,2017-10-24T12:58:04.000Z,0.000000555,0xf67d05715a07721b1873b1642dbfc9f3acfe2a16,sell,0x7e9d62e1ff4e34096f91ee0153222ab81f7184f0,0x10123d1bf034412efd805bbaa18be1fec788c7ef88c37d61302df9ed388134f9
183,9798.42153324,0.00542832552941496,0x13512137d004d3e8d919ced5f5f7119934917c11,2017-10-24T12:25:00.000Z,0.000000554,0xdbefe3e53e1cef1e1e1642f7fc7c45e957fff86c,sell,0x7e9d62e1ff4e34096f91ee0153222ab81f7184f0,0xbe1090ae5adb9045f8a2257ac9479cedc7a9e54d9c45f610011f121793dcd8dd
184,12248.02691655,0.00677315888485215,0x6d9b558ec05461415310f9f8a2ea758fd512c570,2017-10-24T08:25:36.000Z,0.000000553,0xd14cc8e4ae00443cc17311993cb9027048a53fc8,sell,0x7e9d62e1ff4e34096f91ee0153222ab81f7184f0,0x1a43c04cbb98cf3ee35edb5a040af7ca982c7a6fb49b72d9c5996e4822809c60
185,10000,0.0063,0x7dac9edc0046ee01af8ea4a6d60823655b2ae2e6,2017-10-24T08:10:36.000Z,0.00000063,0x2245875552c1cbe8d1edae6bc73f87000fddc777,buy,0x7e9d62e1ff4e34096f91ee0153222ab81f7184f0,0x77863961a46a1a083301821d7b0e51dd60c23058d70ad2c2a35d3594bdb63235
186,28483.441,0.0170900646,0x7dac9edc0046ee01af8ea4a6d60823655b2ae2e6,2017-10-24T08:09:09.000Z,0.0000006,0x7a9ba5e9221b8e1753a941f1fdd2fae3e9af1b1c,buy,0x7e9d62e1ff4e34096f91ee0153222ab81f7184f0,0xdd04e1f54af5fbea7eb85983b39c8662f6ccb80e5ef789e60c486fed1ccad45b
187,3815.17296381,0.00210979064898693,0x6d9b558ec05461415310f9f8a2ea758fd512c570,2017-10-24T07:35:20.000Z,0.000000553,0x68ca7fc4bfc3bb2a9cf6f45736dcadc2c427c5a0,sell,0x7e9d62e1ff4e34096f91ee0153222ab81f7184f0,0xd3290731ef7af6804c76fdc28a73ba35c7acc6a8add32f54815b76f8a8ae1ac0
188,1602.52065999,0.001041638428999896,0x1bec77791f53d5c6d59b5dd721d171aeeb49d7e5,2017-10-24T06:59:45.000Z,0.00000065000000000399,0x2245875552c1cbe8d1edae6bc73f87000fddc777,buy,0x7e9d62e1ff4e34096f91ee0153222ab81f7184f0,0xeecf1511feffbdd5b7472582a8ccc2529ba96ad0487ea429e8feaba6e51284d9
189,1000,0.0006,0x45ceb5b8b2c466628f3319496c9f19e6503efe50,2017-10-24T06:07:35.000Z,0.0000006,0x7a9ba5e9221b8e1753a941f1fdd2fae3e9af1b1c,buy,0x7e9d62e1ff4e34096f91ee0153222ab81f7184f0,0xc9f216d6ad25432d18a58bd3e5505626fcb42f9af2cfb36e57ef2c1bda2011fb
190,9798.42153324,0.00541852710788172,0x6d9b558ec05461415310f9f8a2ea758fd512c570,2017-10-24T03:23:49.000Z,0.000000553,0x8556873e6e70cdbc930dba41e85d6d0a5d31b228,sell,0x7e9d62e1ff4e34096f91ee0153222ab81f7184f0,0x81cd0c35b2d8203a99b19fef51e3b13f9873bc01946bf2834a3b8912ef439173
191,29395.26459974,0.01625558132365622,0x6d9b558ec05461415310f9f8a2ea758fd512c570,2017-10-24T03:02:21.000Z,0.000000553,0x2ae6686306e3e932f23a734cc26e7adb60f407f4,sell,0x7e9d62e1ff4e34096f91ee0153222ab81f7184f0,0xe1244ccfec97b1fef2cd3d2f85324b7133d8262ed4b54ba5906b91c00f2bb3bc
192,71038.55611604,0.03928432153217012,0x6d9b558ec05461415310f9f8a2ea758fd512c570,2017-10-24T03:00:32.000Z,0.000000553,0x1752d38b28f8242d084079e0e620318da9d76448,sell,0x7e9d62e1ff4e34096f91ee0153222ab81f7184f0,0x2c2d8f89932e6d0f631691089a84f13cbeb8c3d2f5b0538469937c43e23c2929
193,12248.02691655,0.0067609108579356,0xf6549288d08ae87ed860a339d2298fdc6c685848,2017-10-24T02:00:25.000Z,0.000000552,0x80ab0037f24658fc24c40202585ab8ff4f51c02c,sell,0x7e9d62e1ff4e34096f91ee0153222ab81f7184f0,0x8ccbcf96abd6a4aba5a6ec612eb0d903adc15ac06ced855c86d347e2ed9549f0
194,14697.63229987,0.00809839539722837,0x6d9b558ec05461415310f9f8a2ea758fd512c570,2017-10-24T01:05:25.000Z,0.000000551,0xc525b3af764879c01e082f65f8af3d38aee84430,sell,0x7e9d62e1ff4e34096f91ee0153222ab81f7184f0,0xe70d7875f33c138927526243725075b811baf3cccaf84ce2afd247efcbb5498c
195,4798.91998803,0.0026394059934165,0xf6549288d08ae87ed860a339d2298fdc6c685848,2017-10-23T20:42:35.000Z,0.00000055,0xbc87b5961826fe16362c20178ef68971f24ca3eb,sell,0x7e9d62e1ff4e34096f91ee0153222ab81f7184f0,0x185c789a2fa0f4bdf559c5494ccc7285b034f97ebe648327cf52f788f175f379
196,0.00000028,0.00000000000024823,0xc64ab69a0edb426b9865027dd0a4be70d2b0a7f2,2017-10-23T15:51:28.000Z,0.00000088653571428571,0x2245875552c1cbe8d1edae6bc73f87000fddc777,buy,0x7e9d62e1ff4e34096f91ee0153222ab81f7184f0,0x2dcc861f3d7436111a0e49833cb5368d5ab7720e7fdcc9f5952d5dbfee4c8cc0
197,3333,0.00286638,0x54b59cbea68b581f1fa6ae1c3d5ea0643e8e2378,2017-10-23T15:17:55.000Z,0.00000086,0x2245875552c1cbe8d1edae6bc73f87000fddc777,buy,0x7e9d62e1ff4e34096f91ee0153222ab81f7184f0,0x6f609b6f99997bd6b6dca4be5c139aa49b02b5134d33de007ae268fc02e549ea
198,46542.50224304,0.01894279841291728,0x6d9b558ec05461415310f9f8a2ea758fd512c570,2017-10-23T15:05:14.000Z,0.000000407,0x3c7d2e080905c2232e39285e5ffcab0f7ea473c4,sell,0x7e9d62e1ff4e34096f91ee0153222ab81f7184f0,0x964fe39176619212e57c4eee26ee52844c7c269ea9a158e74d35129e47b2ee63
199,1001.001001,0.001,0x4a57d0208164a1c1c63c75395dc444428a07b50a,2017-10-23T05:57:39.000Z,0.00000099900000000099,0x75d636a7d03760f4ab77d139ec79599475686775,buy,0x7e9d62e1ff4e34096f91ee0153222ab81f7184f0,0xde1a68a03e1a5304715e11ada314ffaf6096e979bb1fb34da9efaf850410f988
200,19.9381916,0.00000797527664,0xf00ed4bec09ad685ec7eebb07573130475b917cf,2017-10-23T03:50:23.000Z,0.0000004,0x7d053385a05276eedcaf706325ae34ae544741a6,sell,0x7e9d62e1ff4e34096f91ee0153222ab81f7184f0,0x13586b20554056751adf3ad61304ed9c02915fc7f3eac3378dc0c80a67904bb3
201,34294.47532648,0.013717790130592,0xf00ed4bec09ad685ec7eebb07573130475b917cf,2017-10-23T03:26:15.000Z,0.0000004,0xb679f745ce13422bfdab708175e4bb582026c604,sell,0x7e9d62e1ff4e34096f91ee0153222ab81f7184f0,0x805a007d4333c09f53cf1adb892db9a6afeb2b149fa979bf0f2e317935b77bc5
202,4984.5479015,0.0015601634931695,0x6d9b558ec05461415310f9f8a2ea758fd512c570,2017-10-22T23:47:10.000Z,0.000000313,0xb1941d18efbfe0797bb02dba63fb32e1a0246bb7,sell,0x7e9d62e1ff4e34096f91ee0153222ab81f7184f0,0x5e698da6696c1cfddc34d9a4a646457bc91b895d18d91bb27ac31f93d3bc6415
203,93200,0.08388,0xb38bc467ab6d5ff0dd261828682eaa169feacb80,2017-10-22T21:00:24.000Z,0.0000009,0xec3aa922a523b20be9c83a8ea4a4571f366b5130,buy,0x7e9d62e1ff4e34096f91ee0153222ab81f7184f0,0x95ed90c5b7a53b3dbe1e8e231677482294054c060fd73a1889d7db4fbaec7056
204,8000,0.008704,0xf23aef11371f7bdc43a3350d57e2fe4e60722f20,2017-10-22T11:39:06.000Z,0.000001088,0xc4240904cb9f6a3831e816d1288cf0256b3f7ec0,buy,0x7e9d62e1ff4e34096f91ee0153222ab81f7184f0,0xc080b3d232bca65ed185f512535559876a8d7c02fa2d080049b8660e4d96dabf
205,12248.02691655,0.0036989041287981,0x30cc7963fc6d28b659060f6df9087fe5b3a12007,2017-10-22T09:45:01.000Z,0.000000302,0x5ddc8440fe1dd3e0c595f08fe7ceafbc8340e979,sell,0x7e9d62e1ff4e34096f91ee0153222ab81f7184f0,0xdd5d8e8455187b794c9155b4453e2311af4c1216e3420abdd582a014003a056e
206,40436.00549496,0.01221167365947792,0x30cc7963fc6d28b659060f6df9087fe5b3a12007,2017-10-22T09:42:02.000Z,0.000000302,0x423b2a3ffb546d0cbaf25af92b3684a753dede35,sell,0x7e9d62e1ff4e34096f91ee0153222ab81f7184f0,0xac3c9601e929b284c253ac8da01087bcf5b3c8d5bee7bff7a897a66ac8ebf618
207,12247.03419399,0.00369860432658498,0x30cc7963fc6d28b659060f6df9087fe5b3a12007,2017-10-22T08:24:38.000Z,0.000000302,0xee1ce6defaa99045120270bd46594c85f08a0005,sell,0x7e9d62e1ff4e34096f91ee0153222ab81f7184f0,0x032d85ff2931124b20b9c445ce33fedb89bd7d6da4939d05abdec5225c5476bc
208,3657.256,0.002205325368,0x6e78780e4ece2f05fc7bfc08b8dcd1825946e5e9,2017-10-22T07:11:52.000Z,0.000000603,0x423b2a3ffb546d0cbaf25af92b3684a753dede35,sell,0x7e9d62e1ff4e34096f91ee0153222ab81f7184f0,0x17d4dd389ba72984f2b1b62af330c21099fd9eebd5722ee9e200af357cedf524
209,9798.42153324,0.00590844818454372,0x6e78780e4ece2f05fc7bfc08b8dcd1825946e5e9,2017-10-22T06:01:28.000Z,0.000000603,0xc9de79b87b81ad5276498d92510dd8e5e407fad6,sell,0x7e9d62e1ff4e34096f91ee0153222ab81f7184f0,0xa55488ddc1b45421c8c52310f26a144e691395c16815f00544d1f5affe52f4d3
210,99.69095803,0.00006011364769209,0x6e78780e4ece2f05fc7bfc08b8dcd1825946e5e9,2017-10-22T05:38:05.000Z,0.000000603,0x6862c44d3ded119b601b5108fdf35af81cfbce07,sell,0x7e9d62e1ff4e34096f91ee0153222ab81f7184f0,0x16010fe6f1ac048b03e035d6b394ebb12b1f9f23223265895404e17c7a251130
211,12248.02691655,0.00738556023067965,0x6e78780e4ece2f05fc7bfc08b8dcd1825946e5e9,2017-10-22T05:15:11.000Z,0.000000603,0xc681105b03b8c067ba13c442ad43d331216a9edd,sell,0x7e9d62e1ff4e34096f91ee0153222ab81f7184f0,0x3ca64764c07e2c5101779799e0ec17bb444c106ed63ee914f044dd0904879387
212,19657.593,0.0117945558,0xf82c7c1503a06fcf927ee401a7b868bf067715f8,2017-10-22T02:05:09.000Z,0.0000006,0xcd260ce95cc49f74e8b4f3670e415200e9c0893c,buy,0x7e9d62e1ff4e34096f91ee0153222ab81f7184f0,0x7343532378e4e64a00729454ba0d6520b412526129328ea4db8b79752e5db3bd
213,9499.16617346,0.00572799720259638,0x6e78780e4ece2f05fc7bfc08b8dcd1825946e5e9,2017-10-22T01:06:30.000Z,0.000000603,0x3318a522d8f4bf552f7e57961356e4639d77db96,sell,0x7e9d62e1ff4e34096f91ee0153222ab81f7184f0,0x829c542aaf0895847b5687bba622a71ab23a24cc2c9a40249f9194e03b8c2db7
214,40200.784,0.024241072752,0x3aa939efb288273ca7273c019935f040a870c8a2,2017-10-22T01:04:49.000Z,0.000000603,0x3318a522d8f4bf552f7e57961356e4639d77db96,sell,0x7e9d62e1ff4e34096f91ee0153222ab81f7184f0,0x77c84f787b0a632d3b06d22eac3fffb752a0e5e44e84b7d0f91c522c21c51576
215,50000,0.03015,0x7bd02d3903fa837426cd80f163efb5207f2b4195,2017-10-22T01:01:42.000Z,0.000000603,0x3318a522d8f4bf552f7e57961356e4639d77db96,sell,0x7e9d62e1ff4e34096f91ee0153222ab81f7184f0,0x0e61db6eed57123db5fad3f9499bf159d0118a277ffd9cca4da0bead71deea7f
216,9799.21571129,0.00590892707390787,0x3aa939efb288273ca7273c019935f040a870c8a2,2017-10-21T23:39:43.000Z,0.000000603,0x3c138bbdb924ff17535a9bec15546498ebb8a2b3,sell,0x7e9d62e1ff4e34096f91ee0153222ab81f7184f0,0x46044876484e8e19dc2e20c70a2be8852070db9231200988b7c351399221dd23
217,14697.43794237,0.00886255507924911,0x6e78780e4ece2f05fc7bfc08b8dcd1825946e5e9,2017-10-21T23:20:46.000Z,0.000000603,0x162ea9c58164e2193d98cc97e8de3d962cab4044,sell,0x7e9d62e1ff4e34096f91ee0153222ab81f7184f0,0x0effac655a457cece409fd935ad9e39f79109b22301872826d0abdb212cf3339
218,10000,0.012,0x3a66f837079571a2c13d74b586bd6e5595032447,2017-10-21T22:04:55.000Z,0.0000012,0x9b2ea1b2bbf2061c3b3f6b5b87213d502bce0d32,buy,0x7e9d62e1ff4e34096f91ee0153222ab81f7184f0,0x6a51b6fc0a4ae984b54b6c358e117b6401b27e7eb99d83894d86bdaec01613f6
219,11751.973,0.00987165732,0x02f3f615dad26e296bec71632d7d3fdb702dae7c,2017-10-21T21:46:12.000Z,0.00000084,0x95e52a150e4a6f18323fb0d52066d130d1b79e22,sell,0x7e9d62e1ff4e34096f91ee0153222ab81f7184f0,0xbf20124cd5f5287e9615bffef7d685485fed52cfd33f58be89039e9148913a2f
220,43348.70668339,0.039013836015051,0x75d636a7d03760f4ab77d139ec79599475686775,2017-10-21T20:33:48.000Z,0.0000009,0x653ec427aac069d11f52b60aedc826548873bf22,sell,0x7e9d62e1ff4e34096f91ee0153222ab81f7184f0,0xae9e2da27eb98590d512b2c7e4a0d515a9bf43182eeccdb8aee3c56cb0a6fb8e
221,216827.83371548,0.195145050343932,0x75d636a7d03760f4ab77d139ec79599475686775,2017-10-21T20:19:01.000Z,0.0000009,0x9812322b50966b80a544fff56e668a161b6435e5,sell,0x7e9d62e1ff4e34096f91ee0153222ab81f7184f0,0x827565bc3c1f9276d20232a72d15bf2ab9f31c1bb3257a5b9159f03fd1f70d7d
222,12248.02691655,0.010288342609902,0x02f3f615dad26e296bec71632d7d3fdb702dae7c,2017-10-21T18:42:53.000Z,0.00000084,0x765f5d2c05ce18f3b77c91f796a1b42e5679935a,sell,0x7e9d62e1ff4e34096f91ee0153222ab81f7184f0,0xe6bdeb4b7ea3b0ff11d2316173fb21b0e17142f234cd825e8e0f5bba8f43bbd2
223,10000,0.015,0xc6f781aba6232641260eb66ea49889728d244234,2017-10-21T15:44:38.000Z,0.0000015,0xccef1314ac229a0a3680dc4f02ca7ba8838140bc,buy,0x7e9d62e1ff4e34096f91ee0153222ab81f7184f0,0xb895dd6f2735d5902d1e40d7997ace63085e97323b4f4bfaef50eadc93298533
224,10000,0.015,0xc6f781aba6232641260eb66ea49889728d244234,2017-10-21T15:44:29.000Z,0.0000015,0x02f3f615dad26e296bec71632d7d3fdb702dae7c,buy,0x7e9d62e1ff4e34096f91ee0153222ab81f7184f0,0x430a3c75d4f7627c20f182db09bb5b6eb0a98002636aebd0d68831a5c87c7faf
225,9798.42153324,0.0081326898725892,0x8d6e0a79003a9d49e68a6b82bbd497189f019905,2017-10-21T11:58:05.000Z,0.00000083,0xc19132836876335e165d005c94561bc31a2b845d,sell,0x7e9d62e1ff4e34096f91ee0153222ab81f7184f0,0x75ffe255d273d490505584c81fe0f76a44dbbafdf0761121d7d232943dcd443f
226,10000,0.01595,0xda4721223169f2ec9d96e5e576a4125db2f1ce6f,2017-10-21T10:14:37.000Z,0.000001595,0xccef1314ac229a0a3680dc4f02ca7ba8838140bc,sell,0x7e9d62e1ff4e34096f91ee0153222ab81f7184f0,0x75ab88fe1b8b2a984f7045ac97a9fbc051dfc2f957b56f1e2334efa8b7b003e0
227,14697.63229987,0.0121990348088921,0x8d6e0a79003a9d49e68a6b82bbd497189f019905,2017-10-21T09:05:16.000Z,0.00000083,0xd2dda1755ea253e13382632dfc5a9b46de2319fa,sell,0x7e9d62e1ff4e34096f91ee0153222ab81f7184f0,0x376406531222cddc55f53bfc797e4da9216ab6ef0905b8abd433226b8132f9a8
228,16201.181,0.01344698023,0x384a7e0626804b4a02c0da2c965c06750eefc19c,2017-10-21T02:10:32.000Z,0.00000083,0x2a3b255b35c5cc4cdceb6f7481c0e86e8c160390,buy,0x7e9d62e1ff4e34096f91ee0153222ab81f7184f0,0x9a8979b7156ced8785dea2a9e6e0877ed2dbd9017b1088922d6a1b10c1e07801
229,14000,0.0231,0xc201ce2d9f6e9a5053e0e5f45a01e4a3ed0e280b,2017-10-21T00:55:18.000Z,0.00000165,0x3c6438ddd1bca543953327b2cc6391df60a63982,buy,0x7e9d62e1ff4e34096f91ee0153222ab81f7184f0,0x4be2ce8d3167ef5cd11f58810b51eb0c187208c613c9607d85b3ca5d4f8023f4
230,1.19158632,0.0000009890166456,0x8d6e0a79003a9d49e68a6b82bbd497189f019905,2017-10-20T23:17:57.000Z,0.00000083,0x832a9a5668e0f07d19b3e26ead361d6ec6b26135,sell,0x7e9d62e1ff4e34096f91ee0153222ab81f7184f0,0xbab276af1bbc4cacefea5b877e37c5a08ab5b38ebcdb635b778935b5a3a094f5
231,11952.80231283,0.0099208259196489,0x8d6e0a79003a9d49e68a6b82bbd497189f019905,2017-10-20T23:14:46.000Z,0.00000083,0x832a9a5668e0f07d19b3e26ead361d6ec6b26135,sell,0x7e9d62e1ff4e34096f91ee0153222ab81f7184f0,0xf588d5770859c46de40a507145e8d2dd21228b342cab49863ef7d5e950a47d05
232,1,0.00000028,0x30cc7963fc6d28b659060f6df9087fe5b3a12007,2017-10-20T23:09:34.000Z,0.00000028,0x832a9a5668e0f07d19b3e26ead361d6ec6b26135,sell,0x7e9d62e1ff4e34096f91ee0153222ab81f7184f0,0x31554e8a0d8c8959efbc6d6be9afc3bd8af4eb32cfde5bc42fdf8ca7a75cceaf
233,11990.859,0.010659873651,0x832a9a5668e0f07d19b3e26ead361d6ec6b26135,2017-10-20T23:05:26.000Z,0.000000889,0x6291820dca6ff60a27ac7cd93d159f556bf5fe16,buy,0x7e9d62e1ff4e34096f91ee0153222ab81f7184f0,0x3bc656da4b2cb81f79d4f3c06614674119947485f0ed7102e5423aa9a0ff2318
234,1085.5,0.0024955645,0x304c929780c19ae230022779a75b451f63d4705f,2017-10-20T22:36:34.000Z,0.000002299,0xe395388f933c2883d658273c6a1de677329bd083,buy,0x7e9d62e1ff4e34096f91ee0153222ab81f7184f0,0x5b22965af1ca9fddf1be96e03e32153ca24db3675a463819d6d90f7116f0108c
235,14700,0.008085,0x02f3f615dad26e296bec71632d7d3fdb702dae7c,2017-10-20T22:31:26.000Z,0.00000055,0xddd1c742553c931a69e1aee3026ddd505f91b888,buy,0x7e9d62e1ff4e34096f91ee0153222ab81f7184f0,0xd27397b6bd5d5ca69d3de780c8921a62cf9ad0d71d7f1d9a6980cdb7417b22c1
236,13747,0.0123723,0x4ecd49da857f153fa6d71ecdc6dc3ce2ebf92d80,2017-10-20T21:46:35.000Z,0.0000009,0xf1519e67e534120f0dd216dd7a1bb8d01d38bae5,buy,0x7e9d62e1ff4e34096f91ee0153222ab81f7184f0,0x316eab7fc998462c0da83217a2a93ce4059997d3b461c7434a848d9910bc5eff
237,12285.995,0.0110573955,0x4ecd49da857f153fa6d71ecdc6dc3ce2ebf92d80,2017-10-20T21:44:36.000Z,0.0000009,0x95e27da67ce117a2b95d1dd628e7c26864904fbf,buy,0x7e9d62e1ff4e34096f91ee0153222ab81f7184f0,0xf797a978ca911b1e9a4a7e05babdc0ee0e389229b93ab344b3356fee3fcd501a
238,14743,0.012723209,0x4ecd49da857f153fa6d71ecdc6dc3ce2ebf92d80,2017-10-20T21:43:55.000Z,0.000000863,0x8c954326a26aa64c6d500ffb0c9beb97b30ee91a,buy,0x7e9d62e1ff4e34096f91ee0153222ab81f7184f0,0x16825e5b86198c6703fccdf9683e6c91d1980c4fb7ec636986abd62942a8cb06
239,0.97681404,0.000000586088424,0xaa9b76fe4428ed447b2ae6dcdade4e487ec42261,2017-10-20T21:36:25.000Z,0.0000006,0x847667124a9001300d2adee4e7d03403a2fa3fc7,sell,0x7e9d62e1ff4e34096f91ee0153222ab81f7184f0,0x5761d63bd1edf1570aba9cfba68f6fc32d9cfee4137f6d341c5e398f302cd0aa
240,9798.42153324,0.005879052919944,0xaa9b76fe4428ed447b2ae6dcdade4e487ec42261,2017-10-20T21:34:56.000Z,0.0000006,0x847667124a9001300d2adee4e7d03403a2fa3fc7,sell,0x7e9d62e1ff4e34096f91ee0153222ab81f7184f0,0xcd714ab7aca5ee9978af98a56f20b83b6a13d2b34b1f455a5a664fd42805be7d
241,2.2,0.00000132,0xaa9b76fe4428ed447b2ae6dcdade4e487ec42261,2017-10-20T16:40:39.000Z,0.0000006,0xf9df3a2dc28ce72b19a1e79cb35f6e2ad1502992,sell,0x7e9d62e1ff4e34096f91ee0153222ab81f7184f0,0xfe35e7d4b691a133ecaf5b7606f2047044c88ac126675330d241dad788d9117b
242,1700,0.00153,0xd4504ceded844c0bbdf74de176edbe357995be7d,2017-10-20T12:25:06.000Z,0.0000009,0xf1519e67e534120f0dd216dd7a1bb8d01d38bae5,buy,0x7e9d62e1ff4e34096f91ee0153222ab81f7184f0,0xbaee0f396c2f7064652f8e52e568c1110cb6878608632407c099e49113e8a8c2
243,12248.02691655,0.00900229978366425,0x384a7e0626804b4a02c0da2c965c06750eefc19c,2017-10-20T11:52:58.000Z,0.000000735,0x9bbe55039412eae2aa640b26ac51c9e643daa02a,sell,0x7e9d62e1ff4e34096f91ee0153222ab81f7184f0,0xa6e413101d3143d98a5fd90ccff5ab2feb2b0cc185dcdf8ec6e18a8aa09684ee
244,0.00000004,0.0000000000000294,0x384a7e0626804b4a02c0da2c965c06750eefc19c,2017-10-20T11:39:27.000Z,0.000000735,0x8dfd4f3a3b243a67bb8d2ff154ef85ccdc312568,sell,0x7e9d62e1ff4e34096f91ee0153222ab81f7184f0,0xf29f0c88a2e9990922624169d4d377171f7a94d915b47a8a48859ca45d9af255
245,0.00044077,0.00000000032396595,0x384a7e0626804b4a02c0da2c965c06750eefc19c,2017-10-20T11:38:01.000Z,0.000000735,0x8dfd4f3a3b243a67bb8d2ff154ef85ccdc312568,sell,0x7e9d62e1ff4e34096f91ee0153222ab81f7184f0,0x2b8874b3d2be24c2323bb4d8380aed0ee387f311689e703e9355f722bf53919b
246,0.00000006,0.0000000000000441,0x384a7e0626804b4a02c0da2c965c06750eefc19c,2017-10-20T11:36:13.000Z,0.000000735,0x8dfd4f3a3b243a67bb8d2ff154ef85ccdc312568,sell,0x7e9d62e1ff4e34096f91ee0153222ab81f7184f0,0x29bf951fbe1b87981cd428a9a2a99f116524e67ba798401587a3b0a26eaed33f
247,0.00063422,0.0000000004661517,0x384a7e0626804b4a02c0da2c965c06750eefc19c,2017-10-20T11:33:21.000Z,0.000000735,0x8dfd4f3a3b243a67bb8d2ff154ef85ccdc312568,sell,0x7e9d62e1ff4e34096f91ee0153222ab81f7184f0,0xdb26a327e4425d89461b0dead883e37ce69362df9be760a6d9888eff600d177e
248,17945.26149072,0.0131897671956792,0x384a7e0626804b4a02c0da2c965c06750eefc19c,2017-10-20T11:31:53.000Z,0.000000735,0xd960ae5f5294d1c06af036e78bcd9dca1e7840b8,sell,0x7e9d62e1ff4e34096f91ee0153222ab81f7184f0,0x5ea0a1be85f5d6e2e066564f25524831c3db11695e57dc8082020648352c3073
249,6.36182807,0.00000467594363145,0x384a7e0626804b4a02c0da2c965c06750eefc19c,2017-10-20T11:31:53.000Z,0.000000735,0x8dfd4f3a3b243a67bb8d2ff154ef85ccdc312568,sell,0x7e9d62e1ff4e34096f91ee0153222ab81f7184f0,0x7517848c46788d2c667316aee1e482291eb7c89ef29917317132335345bf7508
250,63815.49732536,0.0469043905341396,0x384a7e0626804b4a02c0da2c965c06750eefc19c,2017-10-20T11:30:28.000Z,0.000000735,0x8dfd4f3a3b243a67bb8d2ff154ef85ccdc312568,sell,0x7e9d62e1ff4e34096f91ee0153222ab81f7184f0,0x598623e21d125d207ccf62f0460fd8e61dbb37c9b443a8f6e06473d8a0aba255
251,69783.67062107,0.05129099790648645,0x384a7e0626804b4a02c0da2c965c06750eefc19c,2017-10-20T11:25:46.000Z,0.000000735,0x8dfd4f3a3b243a67bb8d2ff154ef85ccdc312568,sell,0x7e9d62e1ff4e34096f91ee0153222ab81f7184f0,0xc5b08deb86caa9baeae375c0fb4870485d551264d98442311116d634b148c559
252,1383.24954516,0.0014109145360632,0x384a7e0626804b4a02c0da2c965c06750eefc19c,2017-10-20T11:07:14.000Z,0.00000102,0x2e4599eb573339b09974ce5f141925593d537626,sell,0x7e9d62e1ff4e34096f91ee0153222ab81f7184f0,0xa163f1c84a9e3a78db2fa439a6dfc7c219756a67422d7d98ed3b7c9ed28ba40c
253,1000,0.001021,0x78b0e4933f5b7d90102367e28efcde256998411e,2017-10-20T11:07:10.000Z,0.000001021,0x2e4599eb573339b09974ce5f141925593d537626,sell,0x7e9d62e1ff4e34096f91ee0153222ab81f7184f0,0x8d895314bdd8bc6343acf61633b551d55f09c9faac1fe9d812e119fc0ac05dc4
254,70000,0.05145,0x384a7e0626804b4a02c0da2c965c06750eefc19c,2017-10-20T10:54:10.000Z,0.000000735,0xec3aa922a523b20be9c83a8ea4a4571f366b5130,sell,0x7e9d62e1ff4e34096f91ee0153222ab81f7184f0,0x7e1c361e0995058d5a22d79414c6ed2acea92ebd2141b0c1b6c5f4e926bb2736
255,30000,0.0276,0x8747b8a010033060529d60909ab7a00b8d2a1dea,2017-10-20T10:53:38.000Z,0.00000092,0xec3aa922a523b20be9c83a8ea4a4571f366b5130,sell,0x7e9d62e1ff4e34096f91ee0153222ab81f7184f0,0xaa362af254ad7633f3ee2ad58301cbe8bab9dc3d96ebfe41c92e90af7b4aa76b
256,6800,0.00612,0x93f02fdc6ab4f63ce8dec24820dc003d29fa4a00,2017-10-20T10:49:39.000Z,0.0000009,0xf1519e67e534120f0dd216dd7a1bb8d01d38bae5,buy,0x7e9d62e1ff4e34096f91ee0153222ab81f7184f0,0xa04e7765d97ee02f98807204b5b2c709a0125bec5f12bdf0e101451282087138
257,19596.84278735,0.01859740380519515,0x982b8b9cddc1f6be911e512c6f923334ecd8a44d,2017-10-20T10:02:26.000Z,0.000000949,0x4ae6eedd92f46f5d78554f47d51eefed97aaee12,sell,0x7e9d62e1ff4e34096f91ee0153222ab81f7184f0,0x25011a60b4c0374b74f9a31d8837cd87d506743e6777e00f1596641070e3ede3
258,9798.42153324,0.00929870203504476,0x982b8b9cddc1f6be911e512c6f923334ecd8a44d,2017-10-20T09:42:11.000Z,0.000000949,0x6d330800687ee1b85d4af30bff6bc41638f21524,sell,0x7e9d62e1ff4e34096f91ee0153222ab81f7184f0,0xa243601a7e3bb3aa41a3bf309cc5cb9cad4e75f0bcc7cfa8ee914c97b22622af
259,22393.765,0.0228416403,0x384a7e0626804b4a02c0da2c965c06750eefc19c,2017-10-20T06:16:22.000Z,0.00000102,0x3421c555a64032f3bb56c0f1236138dc88ae4c7f,sell,0x7e9d62e1ff4e34096f91ee0153222ab81f7184f0,0x17120f3148d3404a18618abfb363376b075b41a10096c1546167628d5f00099b
260,2000,0.00204,0x384a7e0626804b4a02c0da2c965c06750eefc19c,2017-10-20T05:51:51.000Z,0.00000102,0x45bb90d2188da25d0def69d0314ef8d44b6e9fbf,sell,0x7e9d62e1ff4e34096f91ee0153222ab81f7184f0,0x89c0d9c648cf6b7c9492f400845fc350d0225bd6ab07377d3435b186d658dae5
261,254626.14266749,0.2597186655208398,0x384a7e0626804b4a02c0da2c965c06750eefc19c,2017-10-20T05:51:33.000Z,0.00000102,0xd433ff14078a9185ce9d096147fa4fecd00d7148,sell,0x7e9d62e1ff4e34096f91ee0153222ab81f7184f0,0x3e30fe80a03206b359b2b3205e8de3e93fd91f7ff9a9b9e5c955df67691c87aa
262,19596.84278735,0.019988779643097,0x384a7e0626804b4a02c0da2c965c06750eefc19c,2017-10-20T02:44:25.000Z,0.00000102,0xb3d5297200ee7ed1ebea73c8cfca596488bd9e16,sell,0x7e9d62e1ff4e34096f91ee0153222ab81f7184f0,0x6c3d49b0350b84b44604079f32b7725660bd70c45b15705807b29e875f65ea14
263,9798.42153324,0.00929870203504476,0x982b8b9cddc1f6be911e512c6f923334ecd8a44d,2017-10-20T01:01:16.000Z,0.000000949,0xfde75c58872c37f951166828a8617e558ae4897b,sell,0x7e9d62e1ff4e34096f91ee0153222ab81f7184f0,0xd55b4f84f7aaf727bb01663aabb7ab1ad58f59fa46c05a4e6f5b2cbdee09b678
264,4531.595806,0.004300484419894,0x982b8b9cddc1f6be911e512c6f923334ecd8a44d,2017-10-20T00:34:27.000Z,0.000000949,0x322e9a3f36df7c31549dc1a131e4ab9e36bdfb1f,sell,0x7e9d62e1ff4e34096f91ee0153222ab81f7184f0,0x16cda493bd121b3f47520c2be4a1f8b688f6d51e6ef92c25fe3db25e8081931a
265,15066.749,0.01431341155,0x30cc7963fc6d28b659060f6df9087fe5b3a12007,2017-10-20T00:32:05.000Z,0.00000095,0x322e9a3f36df7c31549dc1a131e4ab9e36bdfb1f,sell,0x7e9d62e1ff4e34096f91ee0153222ab81f7184f0,0xc098f28c43f27359f2d69cdc979b12b031c5748c0e1798cd0b5d0a3c7619e5dd
266,9798.42153324,0.00929870203504476,0x982b8b9cddc1f6be911e512c6f923334ecd8a44d,2017-10-20T00:27:15.000Z,0.000000949,0x4bf2e5651990653e31bf27ef0b2e258e23c91e35,sell,0x7e9d62e1ff4e34096f91ee0153222ab81f7184f0,0x1a52b95cd3eb881fbd1aee574eac3a2fffab4de906d1d7f40bc82428a25b9da7
267,19596.84278735,0.0186170006479825,0x30cc7963fc6d28b659060f6df9087fe5b3a12007,2017-10-20T00:22:42.000Z,0.00000095,0x1b085633332cf6eff35cdbef44b3dc09a7ffcb3d,sell,0x7e9d62e1ff4e34096f91ee0153222ab81f7184f0,0x7ed4996254e4f72cae4fb71f7e87bfc46c34ecab7a0547c5573baa13d2ccdff6
268,9798.42153324,0.009308500456578,0x30cc7963fc6d28b659060f6df9087fe5b3a12007,2017-10-20T00:14:34.000Z,0.00000095,0xd59b22fb8f9ecac7a565411127bdc16523ff2ee3,sell,0x7e9d62e1ff4e34096f91ee0153222ab81f7184f0,0xa80652743b250c396cdcaa51aa2a3c0e34662c33ae1c1177c313598f6f23b908
269,26945.65921642,0.025598376255599,0x30cc7963fc6d28b659060f6df9087fe5b3a12007,2017-10-20T00:01:18.000Z,0.00000095,0x9828d6fc60844280fae980147a0ef555373a1d70,sell,0x7e9d62e1ff4e34096f91ee0153222ab81f7184f0,0x9e31afd443c83f82b075aa8881d3f209494a749188fdb30fd4524eae9b1a9e6b
270,6012.3616788,0.010702003788264,0x40f6629f7acd76158995e0c2ca3a91f024be13ce,2017-10-19T22:59:01.000Z,0.00000178,0xccef1314ac229a0a3680dc4f02ca7ba8838140bc,sell,0x7e9d62e1ff4e34096f91ee0153222ab81f7184f0,0xa809a93852d9cd66040899dd6651653d4b9a9b6da45844c3cd7a5926b24d7627
271,3987.6383212,0.007097996211736,0x40f6629f7acd76158995e0c2ca3a91f024be13ce,2017-10-19T22:53:24.000Z,0.00000178,0xa50624a4184e72460f66c1b69409d78d69496fd4,sell,0x7e9d62e1ff4e34096f91ee0153222ab81f7184f0,0x9d38c614878e9e987fffea66b4eeb7cca18de9b84a670c63819be4ea472dcce5
272,0.46855692,0.000000445129074,0x30cc7963fc6d28b659060f6df9087fe5b3a12007,2017-10-19T22:42:35.000Z,0.00000095,0x7db6fb790c518d1c99d3cd360b259ca71540b68e,sell,0x7e9d62e1ff4e34096f91ee0153222ab81f7184f0,0xdf1a036c27c7da72b85724510d1d9adc6a7bdc2c88393cc29ad43dcdb4e9c3ae
273,4700.0944305,0.004465089708975,0x30cc7963fc6d28b659060f6df9087fe5b3a12007,2017-10-19T22:41:12.000Z,0.00000095,0x7db6fb790c518d1c99d3cd360b259ca71540b68e,sell,0x7e9d62e1ff4e34096f91ee0153222ab81f7184f0,0x299900ba05297adbd5b625aeb03f176f5cbe147e3bcaf726979eb231e30b5b72
274,10000,0.0178,0x40f6629f7acd76158995e0c2ca3a91f024be13ce,2017-10-19T22:39:04.000Z,0.00000178,0x7db6fb790c518d1c99d3cd360b259ca71540b68e,sell,0x7e9d62e1ff4e34096f91ee0153222ab81f7184f0,0x00465ef0bab7180b98b202efe42b94b436550537c7b0a15ae15990c10aa46362
275,14697.63229987,0.0139627506848765,0x30cc7963fc6d28b659060f6df9087fe5b3a12007,2017-10-19T22:11:31.000Z,0.00000095,0x7db6fb790c518d1c99d3cd360b259ca71540b68e,sell,0x7e9d62e1ff4e34096f91ee0153222ab81f7184f0,0xe5862e01c29acbfb1f6113d6f9d04fdb73fb69258fc64f6e66d75803fc0c85cb
276,9194.13194696,0.008734425349612,0x30cc7963fc6d28b659060f6df9087fe5b3a12007,2017-10-19T22:02:56.000Z,0.00000095,0xc3fdc98b7095d09d5f9e46953f657666fbbf22ff,sell,0x7e9d62e1ff4e34096f91ee0153222ab81f7184f0,0x259127a474a9f4c4016a30d99d43e3cc4b6eb638392743ff47a6068cb6d43612
277,10403.748,0.01107999162,0x02f3f615dad26e296bec71632d7d3fdb702dae7c,2017-10-19T22:00:43.000Z,0.000001065,0xc3fdc98b7095d09d5f9e46953f657666fbbf22ff,sell,0x7e9d62e1ff4e34096f91ee0153222ab81f7184f0,0xffa8374e8fa9e1f49f6dfa06b09ce7a1bcbc07559b07bd9dc84b258f3f665948
278,19596.25161997,0.02087000797526805,0x02f3f615dad26e296bec71632d7d3fdb702dae7c,2017-10-19T21:59:49.000Z,0.000001065,0x05e8a338e30eb4d908b35c6cac0b932cd796364f,sell,0x7e9d62e1ff4e34096f91ee0153222ab81f7184f0,0x5cae4bb973d85ab56fdaf737dc6f0a3e6e682cc38c6a03ae67e135868230475a
279,2983.198,0.00316218988,0x536f64d331cffbd4d7b17f10e84c0724a85bc514,2017-10-19T20:41:43.000Z,0.00000106,0x02f3f615dad26e296bec71632d7d3fdb702dae7c,sell,0x7e9d62e1ff4e34096f91ee0153222ab81f7184f0,0x219ba6b2fe3b2b022a17069ed869eac51cf27ecb54818cf1e9664f1c07924f70
280,10000,0.0122,0x8e00cf7f0b3f4c0ef4382e9a9ab111d0f756c409,2017-10-19T19:48:45.000Z,0.00000122,0x02f3f615dad26e296bec71632d7d3fdb702dae7c,sell,0x7e9d62e1ff4e34096f91ee0153222ab81f7184f0,0x6cc6390b126fc4df7bb1214169059f641a51a18c9f37f029273af6ea829d5dce
281,50000,0.07,0x3c6438ddd1bca543953327b2cc6391df60a63982,2017-10-19T19:48:05.000Z,0.0000014,0x02f3f615dad26e296bec71632d7d3fdb702dae7c,sell,0x7e9d62e1ff4e34096f91ee0153222ab81f7184f0,0x9e1a0dddfab0d8c8704e88979fc3719a034c2d9915020c5fea1b02b44976f130
282,216732.683,0.33160100499,0x95a601a68cafb4ae04d7fbf3ea053397cf7fb68c,2017-10-19T19:40:36.000Z,0.00000153,0x02f3f615dad26e296bec71632d7d3fdb702dae7c,sell,0x7e9d62e1ff4e34096f91ee0153222ab81f7184f0,0x868edeab94779f46728a135911b326ce21a5dc85fcb0b1a756c425f85e3db081
283,1662.04600914,0.004986138027443407,0x31136006c0e3cec4075ba45caf8b203c9bfaddd2,2017-10-19T19:31:57.000Z,0.00000300000000001408,0x3e7d005ed164cc1b2066279cf625a0960281dfb2,buy,0x7e9d62e1ff4e34096f91ee0153222ab81f7184f0,0x98c320c6c534bce17ebeca1a211f66facc62bf082d867aab622141db5831ab48
284,29395.26459974,0.0449747548376022,0x95a601a68cafb4ae04d7fbf3ea053397cf7fb68c,2017-10-19T19:29:31.000Z,0.00000153,0xc436223eaa54f3c1fbd956eefabae0da048f138b,sell,0x7e9d62e1ff4e34096f91ee0153222ab81f7184f0,0x8b4635ed1fa347103e5f625956f1c1a1a564fbd8fc90eccee2497668ffa48231
285,478.2084904,0.000731658990312,0x95a601a68cafb4ae04d7fbf3ea053397cf7fb68c,2017-10-19T19:17:37.000Z,0.00000153,0x288af8ce25b9e728aeddb87142e335de175a6ab3,sell,0x7e9d62e1ff4e34096f91ee0153222ab81f7184f0,0x4e39bb6040e428c95f6608b5d153cd35f855d66e8b1db318c7a54f017de47935
286,11786.051,0.01838623956,0x02f3f615dad26e296bec71632d7d3fdb702dae7c,2017-10-19T19:15:09.000Z,0.00000156,0x288af8ce25b9e728aeddb87142e335de175a6ab3,sell,0x7e9d62e1ff4e34096f91ee0153222ab81f7184f0,0x3dd1bf801da20741d6e3628f0dd61547f169dfc2a46f31e63851ec749b3e43ac
287,161000.89721862,0.2463313727444886,0x95a601a68cafb4ae04d7fbf3ea053397cf7fb68c,2017-10-19T19:11:44.000Z,0.00000153,0x288af8ce25b9e728aeddb87142e335de175a6ab3,sell,0x7e9d62e1ff4e34096f91ee0153222ab81f7184f0,0xeae3f1f26e725417576cb5c844ad9add361071bb3854c7c0b9c6b09f0a9ed315
288,1000,0.00156,0x02f3f615dad26e296bec71632d7d3fdb702dae7c,2017-10-19T17:39:40.000Z,0.00000156,0xd4504ceded844c0bbdf74de176edbe357995be7d,sell,0x7e9d62e1ff4e34096f91ee0153222ab81f7184f0,0xaa698655cabda4687440cd23ca3f6a1bc223afae78a2b8659d869c945ba1b6ad
289,14651.58010168,0.0228564649586208,0x02f3f615dad26e296bec71632d7d3fdb702dae7c,2017-10-19T17:24:06.000Z,0.00000156,0x3d31ce7e389adc9fbc69bfea67df617c1d900d29,sell,0x7e9d62e1ff4e34096f91ee0153222ab81f7184f0,0x23fc2f082c77d5c96f7150f3e35faedc9ed9d7da6d517c511b7d416ae0b13fa4
290,1.31207376,0.0000020468350656,0x02f3f615dad26e296bec71632d7d3fdb702dae7c,2017-10-19T16:35:14.000Z,0.00000156,0xab84e55942fd1bb60409f1d2623387decaac8fcf,sell,0x7e9d62e1ff4e34096f91ee0153222ab81f7184f0,0x89c1754bf049fa18988d391a9b52e1af22d004f33fa483aad7790dc0685007fa
291,2249.02382613,0.0035084771687628,0x02f3f615dad26e296bec71632d7d3fdb702dae7c,2017-10-19T16:28:53.000Z,0.00000156,0x1a996d4696d0a84392b601ac7a876e8b2fec7d19,sell,0x7e9d62e1ff4e34096f91ee0153222ab81f7184f0,0x6a986b7ebae74503cb41f6589dfb2d3e50f2f42ebfe957f44293a9702c84c17f
292,45802.4440634,0.070077739417002,0x95a601a68cafb4ae04d7fbf3ea053397cf7fb68c,2017-10-19T16:19:42.000Z,0.00000153,0x67c8d4cfa960edeef6bcae17582f95ed56cdc1f2,sell,0x7e9d62e1ff4e34096f91ee0153222ab81f7184f0,0x457e1b8c6f0f372fc9f9e484647975d35f9b2501786a488f395ed1a1c0f6c268
293,312.03269863,0.0004867710098628,0x02f3f615dad26e296bec71632d7d3fdb702dae7c,2017-10-19T16:14:48.000Z,0.00000156,0xeb89bd1689d51bdb2f16818e03f1e9944904b407,sell,0x7e9d62e1ff4e34096f91ee0153222ab81f7184f0,0x4fcda68d8debe92f393145d9427414e3370a9bd19c399efdef218b38d594d795
294,14697.63229987,0.0224873774188011,0x95a601a68cafb4ae04d7fbf3ea053397cf7fb68c,2017-10-19T15:35:39.000Z,0.00000153,0x874ed4b1ea1f3e1878f9d9b99afe44de18e91d32,sell,0x7e9d62e1ff4e34096f91ee0153222ab81f7184f0,0xb836fb2ea4959776466d36ec5a8669915863625c042c42d3599f11819ea30309
295,14697,0.0323334,0x3d31ce7e389adc9fbc69bfea67df617c1d900d29,2017-10-19T15:22:29.000Z,0.0000022,0x536f64d331cffbd4d7b17f10e84c0724a85bc514,buy,0x7e9d62e1ff4e34096f91ee0153222ab81f7184f0,0x652d32b6f3520bef3709975df0bd0de37195591d16eb06bfb08ba7782ced90f7
296,48,0.00007344,0x95a601a68cafb4ae04d7fbf3ea053397cf7fb68c,2017-10-19T14:58:44.000Z,0.00000153,0x7bc25194bef0180f5e67f1e40aaf6699eab808ec,sell,0x7e9d62e1ff4e34096f91ee0153222ab81f7184f0,0xbbb3bf43f85bdc111ee0ad65bdcfd46543af185d55c10dfac9a70a5be5478944
297,12285,0.0307125,0x7dac9edc0046ee01af8ea4a6d60823655b2ae2e6,2017-10-19T14:44:51.000Z,0.0000025,0xe770d23fa76fb4ac046fdd55223c5808c5532cfa,buy,0x7e9d62e1ff4e34096f91ee0153222ab81f7184f0,0x0b6e399dd7be1569995a86265f8b3f7684b2b76b30be9606aed869efb50107d1
298,82398.564,0.1565572716,0xb0aeca7f4ce4c7495e051a2ec206d62e13a9a479,2017-10-19T14:27:02.000Z,0.0000019,0x02f3f615dad26e296bec71632d7d3fdb702dae7c,sell,0x7e9d62e1ff4e34096f91ee0153222ab81f7184f0,0x103cdfbd9617a8e5c1803d67dde37b6cd1f35831f2fe453fe0b483b8853eb3b1
299,31844.86990329,0.0487226509520337,0x95a601a68cafb4ae04d7fbf3ea053397cf7fb68c,2017-10-19T14:24:17.000Z,0.00000153,0x550a687034a671587cee298c217d9bb406be0899,sell,0x7e9d62e1ff4e34096f91ee0153222ab81f7184f0,0x5182af52c92aec2409df55f308ed424f1037edc8f762caf80ac143c6a16bdf6d
300,17601.43554979,0.033442727544601,0xb0aeca7f4ce4c7495e051a2ec206d62e13a9a479,2017-10-19T14:09:21.000Z,0.0000019,0x362ca6a6ac1f24dd40bfab8f794b6e4a6f65ce67,sell,0x7e9d62e1ff4e34096f91ee0153222ab81f7184f0,0xe840a3f927f630f712909c67b3256ab3dbec3062da5f9615d8d3e98a291cfb72
301,5981.4574818,0.008493669624156,0x02f3f615dad26e296bec71632d7d3fdb702dae7c,2017-10-19T12:55:21.000Z,0.00000142,0x7a01b2a7e3fd833dd3fc301bd7ace0991293ee89,sell,0x7e9d62e1ff4e34096f91ee0153222ab81f7184f0,0xf0caa58a6f46edd93e4a041738d1848f4d21c1e21bca23866a9f44b17a662106
302,12248.02691655,0.017392198221501,0x02f3f615dad26e296bec71632d7d3fdb702dae7c,2017-10-19T12:15:38.000Z,0.00000142,0x02f314b0932bd9d1ce2fe16b9e7e07c827fa1148,sell,0x7e9d62e1ff4e34096f91ee0153222ab81f7184f0,0x9fcdb9444edae6036d5b80a4a957958560b8884e390628ceccfb0d16fa199665
303,30000,0.045,0xed8033057dff5527cd88d602923b65956ae0c1f0,2017-10-19T12:10:17.000Z,0.0000015,0xd59287c566816360f12d6ad9a6bba0ac8a1ad72b,sell,0x7e9d62e1ff4e34096f91ee0153222ab81f7184f0,0x89a893cc9249f4f707eaf40ceac0c099cabe288a303ecb74f10c2d986a6beb1b
304,60750,0.10333575,0xcae4d86a856933f651804bdcbfc243f601fd7bb2,2017-10-19T12:01:48.000Z,0.000001701,0xd59287c566816360f12d6ad9a6bba0ac8a1ad72b,sell,0x7e9d62e1ff4e34096f91ee0153222ab81f7184f0,0xe5096b27b8761cf1cdd074a0719d515434ae9b39ced6683a3d90f3983e40874f
305,59459.28893091,0.107026720075638,0xec3aa922a523b20be9c83a8ea4a4571f366b5130,2017-10-19T12:01:48.000Z,0.0000018,0xd59287c566816360f12d6ad9a6bba0ac8a1ad72b,sell,0x7e9d62e1ff4e34096f91ee0153222ab81f7184f0,0xb401a2fb4fd5403631ed3d47442d48054cec067aee31decf35e41a6081755dcf
306,9798.42153324,0.017637158759832,0xec3aa922a523b20be9c83a8ea4a4571f366b5130,2017-10-19T11:50:56.000Z,0.0000018,0x25a96cc231a14639106ca46aa62a535ce5af37a1,sell,0x7e9d62e1ff4e34096f91ee0153222ab81f7184f0,0x2de93a6482d63c8ad297424ca7959f74f8b9c7275a6ebcf2b007915698177161
307,742.28953585,0.00133612116453,0xec3aa922a523b20be9c83a8ea4a4571f366b5130,2017-10-19T10:51:40.000Z,0.0000018,0x2f44f41d28eb82547e07abb16096aca2c3c40f84,sell,0x7e9d62e1ff4e34096f91ee0153222ab81f7184f0,0xd4a660da63df2036ce6d804459095d73cd125c3fac7f004a5df432bbfffb14d3
308,27769.151,0.074393555529,0xf6a0a2ffc9f0ac9879c4cd6fe5337e69a0f052e3,2017-10-19T10:29:42.000Z,0.000002679,0x13cefa8b8be1ec7407f95f2ba5fabd9a04507536,sell,0x7e9d62e1ff4e34096f91ee0153222ab81f7184f0,0x456739fa8b10982597dfe43a265f9a9d4eb7c75f2c8c375f9566b7a82a683b4a
309,68453.978,0.183388207062,0xf6a0a2ffc9f0ac9879c4cd6fe5337e69a0f052e3,2017-10-19T10:28:51.000Z,0.000002679,0x13cefa8b8be1ec7407f95f2ba5fabd9a04507536,sell,0x7e9d62e1ff4e34096f91ee0153222ab81f7184f0,0xa4a0afd56befe428c94707de02d05d7d102ac2422ee7b90d0ac963f8546e15d8
310,12249.02185143,0.03281512953998097,0xf6a0a2ffc9f0ac9879c4cd6fe5337e69a0f052e3,2017-10-19T10:23:19.000Z,0.000002679,0xd6818884c14cf6cb08c2e8705c52305ff7c547b0,sell,0x7e9d62e1ff4e34096f91ee0153222ab81f7184f0,0x41836edd7a17c48ac6e8fc5eca9074305550f001859911f20f6b8ad2428ec1c7
311,297,0.000795663,0xf6a0a2ffc9f0ac9879c4cd6fe5337e69a0f052e3,2017-10-19T09:45:41.000Z,0.000002679,0x8c39f14e98b795933240bcbb2b896970ba6d6389,sell,0x7e9d62e1ff4e34096f91ee0153222ab81f7184f0,0xd005e4d80d3ae4dda8ae6031333c60bfb4e344374614a63301d0cb254de7f785
312,19000,0.050901,0xf6a0a2ffc9f0ac9879c4cd6fe5337e69a0f052e3,2017-10-19T09:41:20.000Z,0.000002679,0xaa04a7ad89f3cbc6034db1e9856473091ae1761b,sell,0x7e9d62e1ff4e34096f91ee0153222ab81f7184f0,0x67fbf53b86bfa208517cd72fc24e65f41423d366fc4d8870cc358c0650e5636b
313,4000,0.0068,0xb0aeca7f4ce4c7495e051a2ec206d62e13a9a479,2017-10-19T09:03:52.000Z,0.0000017,0xd4504ceded844c0bbdf74de176edbe357995be7d,sell,0x7e9d62e1ff4e34096f91ee0153222ab81f7184f0,0x0bddb2c5344ca43462e483914471988ec154eccfd91b16b8de22380cb2183652
314,167089,0.2840513,0xd59287c566816360f12d6ad9a6bba0ac8a1ad72b,2017-10-19T07:03:11.000Z,0.0000017,0x56b54f9c232257775346fec1f9ef31402acf35d9,buy,0x7e9d62e1ff4e34096f91ee0153222ab81f7184f0,0xf7ba60664e245b1570a8fba34dfec8038d22a78b363ac6d7cb908ea49ce8a5e8
315,12330,0.019728,0xf48fb69a6e554ec8e1636d4e55b0d5143a6714fd,2017-10-19T06:49:35.000Z,0.0000016,0xe12fc82ec6cf7bd05a80a8ed23abf1fc894023c1,sell,0x7e9d62e1ff4e34096f91ee0153222ab81f7184f0,0x23bc0c30f7f386c5a04c27c2bcfd578be702fc09985d241d5eee0d14149b101b
316,9997.893,0.037942003935,0xf6a0a2ffc9f0ac9879c4cd6fe5337e69a0f052e3,2017-10-19T06:46:14.000Z,0.000003795,0xf48fb69a6e554ec8e1636d4e55b0d5143a6714fd,sell,0x7e9d62e1ff4e34096f91ee0153222ab81f7184f0,0x2aaff15d9c7371acd206ab0a6a6ee1d71548b69357f6a1d3be2b158e264737cd
317,10000,0.03795,0xf6a0a2ffc9f0ac9879c4cd6fe5337e69a0f052e3,2017-10-19T06:10:13.000Z,0.000003795,0xc86707f8abdb18f3ba46c662e21220f6a9395052,sell,0x7e9d62e1ff4e34096f91ee0153222ab81f7184f0,0x8194d3d27271d84bb1cea55dcdd95c63e24cb6f03e5b118a3fc05bbe3ffa6145
318,10000,0.03795,0xf6a0a2ffc9f0ac9879c4cd6fe5337e69a0f052e3,2017-10-19T06:10:13.000Z,0.000003795,0xc86707f8abdb18f3ba46c662e21220f6a9395052,sell,0x7e9d62e1ff4e34096f91ee0153222ab81f7184f0,0xb16cb0dcb19c8985477d3073c8a62561440b79890b1944d394b023699933e81f
319,10000,0.03795,0xf6a0a2ffc9f0ac9879c4cd6fe5337e69a0f052e3,2017-10-19T06:10:13.000Z,0.000003795,0xc86707f8abdb18f3ba46c662e21220f6a9395052,sell,0x7e9d62e1ff4e34096f91ee0153222ab81f7184f0,0xd84e7f1993a6730ec9724c3b1dcf89dfcf72297003dc3648354556d6a895c4e3
320,2.10692491,0.00000799578003345,0xf6a0a2ffc9f0ac9879c4cd6fe5337e69a0f052e3,2017-10-19T06:01:06.000Z,0.000003795,0xf01a8001bb63886e8806642c8e3cfc587f534cfe,sell,0x7e9d62e1ff4e34096f91ee0153222ab81f7184f0,0xf73e6b02d8d7d4d67e3ea7e4a0b2b36e541699065fd7831e946e028e9460110f
321,14697.63229987,0.0207236615428167,0x536f64d331cffbd4d7b17f10e84c0724a85bc514,2017-10-19T05:22:30.000Z,0.00000141,0xd34583ba107d205af3037a02f391f6503dcdebc5,sell,0x7e9d62e1ff4e34096f91ee0153222ab81f7184f0,0xeeec5388e505c47b35985c6ba66cf989158e3c7c62f2e343f6a64b8fcf75c8d7
322,12248.02691655,0.01714723768317,0xb0aeca7f4ce4c7495e051a2ec206d62e13a9a479,2017-10-19T01:52:30.000Z,0.0000014,0x6a9ca35b0bdf52edaff38247b159ca337bf92e7b,sell,0x7e9d62e1ff4e34096f91ee0153222ab81f7184f0,0x75bc51cf9cc190c6baffee35379d1c8e1a4f898092347e31917e9c757bfdf0a4
323,80000,0.312,0xb0aeca7f4ce4c7495e051a2ec206d62e13a9a479,2017-10-19T01:20:27.000Z,0.0000039,0x02f3f615dad26e296bec71632d7d3fdb702dae7c,buy,0x7e9d62e1ff4e34096f91ee0153222ab81f7184f0,0x30660688a0dae1f495d164d39977745fb77d3146cf2210a49b1fb064d8efc173
324,30000,0.132,0x1be52a01d15c1b0ceca5f0b9947d195310f60385,2017-10-19T01:10:01.000Z,0.0000044,0xec3aa922a523b20be9c83a8ea4a4571f366b5130,buy,0x7e9d62e1ff4e34096f91ee0153222ab81f7184f0,0x7541d72c701534e7f1375bbde09ed7fde40a26d327bf62e8ae22c4cfec32f6df
325,5000,0.015,0x1be52a01d15c1b0ceca5f0b9947d195310f60385,2017-10-19T01:07:05.000Z,0.000003,0x4ecd49da857f153fa6d71ecdc6dc3ce2ebf92d80,buy,0x7e9d62e1ff4e34096f91ee0153222ab81f7184f0,0x866456fecb44623a4fa3ad84787b347fd4621c731001c949ef95c16eb37a66a4
326,12247.03419399,0.0150638520586077,0x02f3f615dad26e296bec71632d7d3fdb702dae7c,2017-10-19T01:06:15.000Z,0.00000123,0x80c7e313f312908c9d07e375df9b1a6964b02554,sell,0x7e9d62e1ff4e34096f91ee0153222ab81f7184f0,0x6c71c46e99e7b7aeab54e7ceddf8a4f2a116b29a5db5c6ecbf71401ad860cc68
327,136500,0.4776135,0x1be52a01d15c1b0ceca5f0b9947d195310f60385,2017-10-19T01:04:32.000Z,0.000003499,0x30cc7963fc6d28b659060f6df9087fe5b3a12007,buy,0x7e9d62e1ff4e34096f91ee0153222ab81f7184f0,0x45bf1543e658fe3328069c6765d0cafefc86256655bc605c226d7fbd4fe5054c
328,100000,0.35,0x1be52a01d15c1b0ceca5f0b9947d195310f60385,2017-10-19T01:02:41.000Z,0.0000035,0xe1d5a7b6d824c49a71041d3a9a5f659dce33d856,buy,0x7e9d62e1ff4e34096f91ee0153222ab81f7184f0,0x045029627235fbd7c25c9a75fa77fa355426e9896bee45b82c96b199aab64502
329,5000,0.0075,0x4ecd49da857f153fa6d71ecdc6dc3ce2ebf92d80,2017-10-18T22:30:32.000Z,0.0000015,0xd92ce5941305b7cf1e5cc5713b93db2b651a4fdf,buy,0x7e9d62e1ff4e34096f91ee0153222ab81f7184f0,0x0068df930689f7f8e1f6aa387a963fe07cf00f26f1b3c1a992a3cb9f7680de2b
330,5000,0.0075,0xe2a35809d8e3c0e998f2554888801e14d41b3b02,2017-10-18T22:24:44.000Z,0.0000015,0xd92ce5941305b7cf1e5cc5713b93db2b651a4fdf,buy,0x7e9d62e1ff4e34096f91ee0153222ab81f7184f0,0x2e3557817d27e4629c93325d142620a601121251f02aa3b6b13e4da148c107a5
331,80000,0.0856,0x02f3f615dad26e296bec71632d7d3fdb702dae7c,2017-10-18T22:10:09.000Z,0.00000107,0x05528ad35deea50d4b309409a04534ab8daa0e08,sell,0x7e9d62e1ff4e34096f91ee0153222ab81f7184f0,0xb5295a975be0f16ffebf34d5c982d76508d3c9f2007bea1f2c377bb69ebcca75
332,9828,0.014732172,0x1be52a01d15c1b0ceca5f0b9947d195310f60385,2017-10-18T22:09:22.000Z,0.000001499,0xc89e05f02816d3eb66807faeb6603a3ac885559f,buy,0x7e9d62e1ff4e34096f91ee0153222ab81f7184f0,0x0f26ac3c9b6ae75d6a0f9257303f6a7b8b1a39bfc3a80684806b5822b0cfcdb7
333,6200,0.0093,0x1be52a01d15c1b0ceca5f0b9947d195310f60385,2017-10-18T22:09:22.000Z,0.0000015,0xe7b030eb34f58caeae75cca398f9a01f22502ae1,buy,0x7e9d62e1ff4e34096f91ee0153222ab81f7184f0,0xc91f5f71e1bd34b0261199e7332ee601065c610918861fc2b70573b869f1d1f5
334,9999,0.0149985,0x1be52a01d15c1b0ceca5f0b9947d195310f60385,2017-10-18T22:09:22.000Z,0.0000015,0x55258a9bdcc09005a68042c62c991e14b4fe6378,buy,0x7e9d62e1ff4e34096f91ee0153222ab81f7184f0,0x76c3aff9794c20e3a4cfc2bb58719c6722c6eac8fd12d9757daee1da2509eec0
335,6000,0.008994,0x1be52a01d15c1b0ceca5f0b9947d195310f60385,2017-10-18T22:08:20.000Z,0.000001499,0x73f645c0bde3605544b157f62e5960ddc8ea8a84,buy,0x7e9d62e1ff4e34096f91ee0153222ab81f7184f0,0x22bd4308668e8f9ab89ce7a429605e13681dada9023bbf6b8336378df4f545f7
336,3827,0.005736673,0x68ca7fc4bfc3bb2a9cf6f45736dcadc2c427c5a0,2017-10-18T20:33:19.000Z,0.000001499,0x73f645c0bde3605544b157f62e5960ddc8ea8a84,buy,0x7e9d62e1ff4e34096f91ee0153222ab81f7184f0,0x51ced955523ecc18f1d4d4ea2a9c3fd17cac676809dda49a7a40f1fee572231f
337,19596.25161997,0.01851845778087165,0x02f3f615dad26e296bec71632d7d3fdb702dae7c,2017-10-18T20:33:19.000Z,0.000000945,0x6eedc6b624e80f141edd2fdf6869eebd649e7c17,sell,0x7e9d62e1ff4e34096f91ee0153222ab81f7184f0,0x9348e1f3b07d77a0268fa626f95cd69a759cb893f230f3f48ffdcf6dceb1978a
338,24496.05383311,0.02314877087228895,0x02f3f615dad26e296bec71632d7d3fdb702dae7c,2017-10-18T19:59:24.000Z,0.000000945,0x5d3ba5db35f772a39b31495eef872a573dfe5a65,sell,0x7e9d62e1ff4e34096f91ee0153222ab81f7184f0,0x29595c29881abd579125b957a62b346327de1d55dfc0677bf5003a7017e6d77f
339,1.22101755,0.00000115386158475,0x02f3f615dad26e296bec71632d7d3fdb702dae7c,2017-10-18T19:19:19.000Z,0.000000945,0x24f9beb2b443c7fb8a3cf3b1105cd8b54c33740e,sell,0x7e9d62e1ff4e34096f91ee0153222ab81f7184f0,0x9ade47842924a00207cc3a9371807a8566142a44b75d162a33f2faf32320ca12
340,12248.02691655,0.01157438543613975,0x02f3f615dad26e296bec71632d7d3fdb702dae7c,2017-10-18T19:17:48.000Z,0.000000945,0x24f9beb2b443c7fb8a3cf3b1105cd8b54c33740e,sell,0x7e9d62e1ff4e34096f91ee0153222ab81f7184f0,0x0297c0f323fe2035f9aac26da5d60017a2d9b3c9cb631f7c74c897b7574125ef
341,1011.61995942,0.0009559808616519,0x02f3f615dad26e296bec71632d7d3fdb702dae7c,2017-10-18T18:16:52.000Z,0.000000945,0xf82c7c1503a06fcf927ee401a7b868bf067715f8,sell,0x7e9d62e1ff4e34096f91ee0153222ab81f7184f0,0xaaa095d5aa9e32e67e6b037197a88214b546d0c0b994f113b7d9ab921d3cb4b6
342,9798.42153324,0.0092595083489118,0x02f3f615dad26e296bec71632d7d3fdb702dae7c,2017-10-18T18:12:54.000Z,0.000000945,0x41dd1108ed6afaaf807b638dc888c3397358467a,sell,0x7e9d62e1ff4e34096f91ee0153222ab81f7184f0,0x6a6eb93eb00fc567599f2acd9f277a0dd41c81439f2a61723e7483ff4c20a46d
343,12248.02691655,0.01157438543613975,0x02f3f615dad26e296bec71632d7d3fdb702dae7c,2017-10-18T17:54:15.000Z,0.000000945,0x20424bf9be9de9af3cde0c35165edc19857abd85,sell,0x7e9d62e1ff4e34096f91ee0153222ab81f7184f0,0x6b96b9f3f87acd278c25c30ef9748a9d25d1a7c331ef815ce4e039770f4e9dbf
344,12248.02691655,0.0113906650323915,0x02f3f615dad26e296bec71632d7d3fdb702dae7c,2017-10-18T17:34:46.000Z,0.00000093,0x1abf493f86c4be0530955ef551f8c64e7df4bd27,sell,0x7e9d62e1ff4e34096f91ee0153222ab81f7184f0,0x769de57265c664faf1ec3177db7d3f9c03ebffe4d55924a6596fb5ceda28cf2b
345,1,0.0000015,0x3ac636ac5c3a2576156ac5f10066ca68abe0ad54,2017-10-18T17:07:33.000Z,0.0000015,0x55258a9bdcc09005a68042c62c991e14b4fe6378,buy,0x7e9d62e1ff4e34096f91ee0153222ab81f7184f0,0x65f132b838cbdf10f9c8b3e2a2ea67c32a9cc68cc9265c20a8accee063db2cc0
346,7000,0.002485,0xcdb00838bc5c1f3b939840cfcbbf03b7fba0dadb,2017-10-18T16:00:13.000Z,0.000000355,0xaa5537cbb29d8b0f64e201ebcc943aa3ddc3de20,sell,0x7e9d62e1ff4e34096f91ee0153222ab81f7184f0,0xdaf9a8eeb3fafa0d96d3eeda26262b67bcefa79610016e6ea2796059fb216fb2
347,13879.397,0.01607150896218,0x02f3f615dad26e296bec71632d7d3fdb702dae7c,2017-10-18T15:31:15.000Z,0.00000115794,0x2937b86c1c2d81d2dc732c73e46a0e644329a784,buy,0x7e9d62e1ff4e34096f91ee0153222ab81f7184f0,0xb52e6a56f78b259241ff43ed27294bfb04fe8ae55e4f1711b2f6bcae7006564e
348,19657,0.0176913,0x02f3f615dad26e296bec71632d7d3fdb702dae7c,2017-10-18T15:29:54.000Z,0.0000009,0x38e86bc048ca4512a3ba8d548b420907e77e86e4,buy,0x7e9d62e1ff4e34096f91ee0153222ab81f7184f0,0x0de63e615d6b0422c7a36028970d0e400e6e3f74ca540f9dae49429ec65907f7
349,431.80130231,0.0005,0x379374d13077e8867ef31803c37baf9785a17c00,2017-10-18T15:13:37.000Z,0.00000115794000000731,0x2937b86c1c2d81d2dc732c73e46a0e644329a784,buy,0x7e9d62e1ff4e34096f91ee0153222ab81f7184f0,0x2dfef8d1c82d43818a963afa7698b74f480f231ba03dbcca81400c660bf4448f
350,431.80130231,0.0005,0xf9695cd65d6dfdf257fab76a3eb0cb8f001971cc,2017-10-18T15:11:56.000Z,0.00000115794000000731,0x2937b86c1c2d81d2dc732c73e46a0e644329a784,buy,0x7e9d62e1ff4e34096f91ee0153222ab81f7184f0,0x74d1eb4f6de9d3c9270ab8ac8cb32d93149864beee3a1969028d43c83e9a0929
351,9906.73111484,0.0092132599368012,0x02f3f615dad26e296bec71632d7d3fdb702dae7c,2017-10-18T14:35:46.000Z,0.00000093,0xf9a2499f5b479866ca4ee197d2dbdcc27d061251,sell,0x7e9d62e1ff4e34096f91ee0153222ab81f7184f0,0x2c1f1e0b3482532e73d7ae59062cabf847188b4b293656de9ccf88597f2b3711
352,1341.8400572,0.001221074452052,0x362ca6a6ac1f24dd40bfab8f794b6e4a6f65ce67,2017-10-18T13:14:30.000Z,0.00000091,0xba95b4a5b130c4c1d27dc9e8adcf7f087cdb4c52,sell,0x7e9d62e1ff4e34096f91ee0153222ab81f7184f0,0xabaa56fa54ca238e5c7cbb1b9b2a7a39dca4153ba62ee7b5bdf4ea5e5c4bebaf
353,26945.65921642,0.024251093294778,0xf6a0a2ffc9f0ac9879c4cd6fe5337e69a0f052e3,2017-10-18T13:10:59.000Z,0.0000009,0x379c59ff0c9220af5cdd6141e175ef661ee2b7f7,sell,0x7e9d62e1ff4e34096f91ee0153222ab81f7184f0,0x62937fea12784f1de9ce7f5cf6982caf8eab8a3a5226c2541ee2db4a2602f75f
354,14697.63229987,0.013227869069883,0xf6a0a2ffc9f0ac9879c4cd6fe5337e69a0f052e3,2017-10-18T12:39:43.000Z,0.0000009,0xbc2426cb53ac54dc8acca380066caa4bee383916,sell,0x7e9d62e1ff4e34096f91ee0153222ab81f7184f0,0x1fca8184ad2ef98a9a52824516ca7f5c7ec3c77066f4625996fd2178165e2484
355,9798.42153324,0.008818579379916,0xf6a0a2ffc9f0ac9879c4cd6fe5337e69a0f052e3,2017-10-18T12:18:46.000Z,0.0000009,0x54bb39ea76b4c2859e7778e4d20f851f5529e6dc,sell,0x7e9d62e1ff4e34096f91ee0153222ab81f7184f0,0xca6039f722f886043c0b80a6d5143d4b3cbd8aedeb07ab13480604de9780ece3
356,9798.42153324,0.008818579379916,0xf6a0a2ffc9f0ac9879c4cd6fe5337e69a0f052e3,2017-10-18T12:08:15.000Z,0.0000009,0x2c206f225d949bc8bb406fff8a5941006333f2df,sell,0x7e9d62e1ff4e34096f91ee0153222ab81f7184f0,0x8716e5aa95b1cbdd741b68b629b1a6c3836dc2eb668bc41ee2581f58cac5fed9
357,6664.3407822,0.006064550111802,0x362ca6a6ac1f24dd40bfab8f794b6e4a6f65ce67,2017-10-18T12:00:41.000Z,0.00000091,0x27833b344300d5bb4ac6fd0f10d0abbffaa2b5a7,sell,0x7e9d62e1ff4e34096f91ee0153222ab81f7184f0,0xa5b29431325b848a78eaa2e3be9186cd6aaca01738d96f7f4bb70052bd192a23
358,12248.02691655,0.011023224224895,0xf6a0a2ffc9f0ac9879c4cd6fe5337e69a0f052e3,2017-10-18T11:54:37.000Z,0.0000009,0x6ea37f91122c4cfef42456d1f09d595658306ea3,sell,0x7e9d62e1ff4e34096f91ee0153222ab81f7184f0,0xf3528c62f6115fcbea4b4194c99528d4467a3b77aaac2f63773c951b12d4c130
359,31000,0.0279,0xf6a0a2ffc9f0ac9879c4cd6fe5337e69a0f052e3,2017-10-18T11:52:38.000Z,0.0000009,0xaa04a7ad89f3cbc6034db1e9856473091ae1761b,sell,0x7e9d62e1ff4e34096f91ee0153222ab81f7184f0,0x0e6a0485a55ead98da5782b2988342240dccc97dd904e042ecc389356176c2c4
360,31000,0.0279,0xf6a0a2ffc9f0ac9879c4cd6fe5337e69a0f052e3,2017-10-18T11:52:32.000Z,0.0000009,0xaa04a7ad89f3cbc6034db1e9856473091ae1761b,sell,0x7e9d62e1ff4e34096f91ee0153222ab81f7184f0,0x0e6a0485a55ead98da5782b2988342240dccc97dd904e042ecc389356176c2c4
361,9798.42153324,0.008818579379916,0xf6a0a2ffc9f0ac9879c4cd6fe5337e69a0f052e3,2017-10-18T10:03:20.000Z,0.0000009,0x19f5a947e4c40ab0ea250bd7e06cf7c850ee1418,sell,0x7e9d62e1ff4e34096f91ee0153222ab81f7184f0,0xfcef08efcd94b83b8c560d203d734b8045df232b4e2e2805e8500b851d6a2716
362,20852.814,0.0187675326,0xf6a0a2ffc9f0ac9879c4cd6fe5337e69a0f052e3,2017-10-18T09:49:30.000Z,0.0000009,0xf9a2499f5b479866ca4ee197d2dbdcc27d061251,sell,0x7e9d62e1ff4e34096f91ee0153222ab81f7184f0,0x7ee4856a011bdb6a6e9abcb44998ded655f04dc406a9227f45246a5a9040a5d4
363,1993.8191606,0.001814375436146,0x362ca6a6ac1f24dd40bfab8f794b6e4a6f65ce67,2017-10-18T09:07:16.000Z,0.00000091,0x975ea36be13fd6a5d46395e93b0f17ab0c8e3469,sell,0x7e9d62e1ff4e34096f91ee0153222ab81f7184f0,0x01d770420274b5c2815cd81740edacd8a2449e8ec91b2fbcc132457808703194
364,7656,0.0068904,0x362ca6a6ac1f24dd40bfab8f794b6e4a6f65ce67,2017-10-18T09:02:15.000Z,0.0000009,0x8dc030c3078ab6af850d069d2a0e5ad473327202,buy,0x7e9d62e1ff4e34096f91ee0153222ab81f7184f0,0x8caca287d8e5a53a3fadf9e1e77f6e13f1c49db7ab87a1b0553b6ba71f7e05ea
365,7000,0.0063,0xd4504ceded844c0bbdf74de176edbe357995be7d,2017-10-18T08:51:05.000Z,0.0000009,0x8dc030c3078ab6af850d069d2a0e5ad473327202,buy,0x7e9d62e1ff4e34096f91ee0153222ab81f7184f0,0xcbbc4803f5b06d0930e81693c1299aaa415d90ce204b12a7040f66d72cfd7e6d
366,14697.43794237,0.013227694148133,0xf6a0a2ffc9f0ac9879c4cd6fe5337e69a0f052e3,2017-10-18T08:14:30.000Z,0.0000009,0x8d9c6fabbe86b246e247146684bf53678699b375,sell,0x7e9d62e1ff4e34096f91ee0153222ab81f7184f0,0x25ee43e3a11cb97e5fd7f1625fb96cc64f295312aa8fbab7da439ecdb3fb8ae9
367,12248.02691655,0.011023224224895,0xf6a0a2ffc9f0ac9879c4cd6fe5337e69a0f052e3,2017-10-18T08:07:00.000Z,0.0000009,0x9cf26ec2ec5cf492891449f685a69d018f10e736,sell,0x7e9d62e1ff4e34096f91ee0153222ab81f7184f0,0x7074a0ec7312884a29630f63b740297dbd16c0fa688ac9ccd27a23c15d9629be
368,5000,0.0045,0xdbbae39c54992479faac890e81eb4d8579b951d6,2017-10-18T07:59:34.000Z,0.0000009,0x8dc030c3078ab6af850d069d2a0e5ad473327202,buy,0x7e9d62e1ff4e34096f91ee0153222ab81f7184f0,0xb9ce71294b0baf8d10a6ca3173e97f615abee847ab05ed5d9d7777d2e49359ac
369,14201.26030798,0.012781134277182,0xf6a0a2ffc9f0ac9879c4cd6fe5337e69a0f052e3,2017-10-18T07:54:58.000Z,0.0000009,0x8a7c121ed5fe912c6ddddb1cad998c3a5d19e511,sell,0x7e9d62e1ff4e34096f91ee0153222ab81f7184f0,0xc977c907893518ae975ebb6e2d2494dc367f7eb6766a4ca74b7bc5bcfce0880b
370,14244.16,0.0123924192,0x8a7c121ed5fe912c6ddddb1cad998c3a5d19e511,2017-10-18T07:54:22.000Z,0.00000087,0xaa10dc038b30b1ddb5309b9c9162323a80355cfc,buy,0x7e9d62e1ff4e34096f91ee0153222ab81f7184f0,0xc53dbc89712113bc22474f352ceddedb28c931a51dd64bfcb30d2d803cc9a7ba
371,11242.14933705,0.010117934403345,0xf6a0a2ffc9f0ac9879c4cd6fe5337e69a0f052e3,2017-10-18T07:53:19.000Z,0.0000009,0x8a7c121ed5fe912c6ddddb1cad998c3a5d19e511,sell,0x7e9d62e1ff4e34096f91ee0153222ab81f7184f0,0x0d9c0f39808f91bdb9e22ec70d144c8912b8f7d2c097779765696a597a9470ae
372,1000,0.00425,0xdbbae39c54992479faac890e81eb4d8579b951d6,2017-10-18T07:52:04.000Z,0.00000425,0x8a7c121ed5fe912c6ddddb1cad998c3a5d19e511,sell,0x7e9d62e1ff4e34096f91ee0153222ab81f7184f0,0x12d802b4892a2bda612703822f7587c19cf3ca6c20b7c01d19a209f09de11848
