,amount,amountBase,buyer,date,price,seller,side,tokenAddr,txHash
0,71.53075822,0.0005,0x3075f7f189912f4f425dd7021b9c396434197477,2017-11-02T07:54:21.000Z,0.00000699000000058995,0xea77e83c306f3e3f4654e2b2e272306efc94c9bd,buy,0x2405cc17ba128bfa7117815e04a4da228013f5bc,0x35a43674122911c6eb3674c485d2b8f0ab2968c3666e86ffdd768a239724ed6f
1,71.53075822,0.0005,0x4fda9e6bcd83af6c5cc771b5d20accc2b7720074,2017-11-02T07:52:47.000Z,0.00000699000000058995,0xea77e83c306f3e3f4654e2b2e272306efc94c9bd,buy,0x2405cc17ba128bfa7117815e04a4da228013f5bc,0xf4d0f4cfdff3944c00beeaaaaab8b14f09bca288a294b3a15648df51348dbe69
2,500,0.00389,0xb85d14ab22a69276e57f24130ce4215e5ffe7dc0,2017-11-01T12:04:27.000Z,0.00000778,0xdbbae39c54992479faac890e81eb4d8579b951d6,buy,0x2405cc17ba128bfa7117815e04a4da228013f5bc,0xbb7edd619db45c05532d41ae9d84d649cbc9f25b45a8e92359c8bb97c8a3cc68
3,37347.826,0.0858999998,0xea77e83c306f3e3f4654e2b2e272306efc94c9bd,2017-10-31T16:32:35.000Z,0.0000023,0xde98c41d155eb6efc94d1e9e6de9f2f3644f24af,buy,0x2405cc17ba128bfa7117815e04a4da228013f5bc,0xd2143074167ea0c4cdc830673ac5b8cab46ec18fcfd1b1dd30537392713bdfae
4,2000,0.0046,0x78b0e4933f5b7d90102367e28efcde256998411e,2017-10-31T11:22:57.000Z,0.0000023,0xde98c41d155eb6efc94d1e9e6de9f2f3644f24af,buy,0x2405cc17ba128bfa7117815e04a4da228013f5bc,0x925c88caf42237dbe46c2a08d217d5d5fa699463a86508276270d6cc26458bef
5,217.39130434,0.0005,0x34f9560c63078eb61872a4dc2ccd20e21c34feaf,2017-10-31T03:59:48.000Z,0.0000023000000000828,0xde98c41d155eb6efc94d1e9e6de9f2f3644f24af,buy,0x2405cc17ba128bfa7117815e04a4da228013f5bc,0x9f2319ca7c85f0413b9e01dd0606f4fe0346418517176d80a9e0a362bb4bf344
6,217.39130434,0.0005,0x42c24a83bded723edfdf5883bc7efb30bc1a1bf3,2017-10-31T03:55:36.000Z,0.0000023000000000828,0xde98c41d155eb6efc94d1e9e6de9f2f3644f24af,buy,0x2405cc17ba128bfa7117815e04a4da228013f5bc,0x0e34e4d1809e914c5045057222929f31517fb924a4047360819590da676f83dd
7,217.39130434,0.0005,0xf9695cd65d6dfdf257fab76a3eb0cb8f001971cc,2017-10-31T03:55:36.000Z,0.0000023000000000828,0xde98c41d155eb6efc94d1e9e6de9f2f3644f24af,buy,0x2405cc17ba128bfa7117815e04a4da228013f5bc,0x64987b245ded0aaade5e639c0b78293d854774f256fda476b33ed9bb1de5d767
8,5000,0.0115,0xde98c41d155eb6efc94d1e9e6de9f2f3644f24af,2017-10-30T15:03:57.000Z,0.0000023,0xde98c41d155eb6efc94d1e9e6de9f2f3644f24af,buy,0x2405cc17ba128bfa7117815e04a4da228013f5bc,0xabeb3a7769c1f5dfb83e9bfb325af0f8231b4e34a500a0ba00f0198aabab62b5
9,5000,0.0115,0x6061ec9dc92e50e73e9034d42e84b4d8b788f643,2017-10-30T09:52:24.000Z,0.0000023,0xde98c41d155eb6efc94d1e9e6de9f2f3644f24af,buy,0x2405cc17ba128bfa7117815e04a4da228013f5bc,0x56d9004077682667985a61bc43735690b679d9c66b62bff9c1bd7ab5ed413d0a
10,10000,0.012,0xea77e83c306f3e3f4654e2b2e272306efc94c9bd,2017-10-30T08:11:07.000Z,0.0000012,0xde98c41d155eb6efc94d1e9e6de9f2f3644f24af,sell,0x2405cc17ba128bfa7117815e04a4da228013f5bc,0xe8a379c40ddea2b5a51769c6040973fd92893d62a7e548f449b0b61046bd3097
11,62.5,0.0005,0xf9695cd65d6dfdf257fab76a3eb0cb8f001971cc,2017-10-30T02:07:50.000Z,0.000008,0x51d48ab1a6371b5b5636a18e77eef3b2f8a0a8e5,buy,0x2405cc17ba128bfa7117815e04a4da228013f5bc,0x4eb08d7003a740987fba5b43ff93fab6f59a51a66f4729be908b08336aa15524
12,3976.301,0.0166666656415,0x5d5065b42bdee0274e394ba9042c21e1818c69cf,2017-10-29T08:23:08.000Z,0.0000041915,0x6b5ce5a580ac7febf891438c24603914ebfb7726,sell,0x2405cc17ba128bfa7117815e04a4da228013f5bc,0x1c60c57f91f735bbd427c5073cbd77ab05b4689860d2209870a6fb1099947019
13,52.63157894,0.0005,0x16e5d97bbc92417e051e3b2cabfbf8ceea2acb9c,2017-10-28T20:45:39.000Z,0.00000950000000133,0xdbbae39c54992479faac890e81eb4d8579b951d6,buy,0x2405cc17ba128bfa7117815e04a4da228013f5bc,0xf6b6228c0eaa8b3f0c8f45f5092a648c08b6536bfecb28e40296b249265ae425
14,52.63157894,0.0005,0x379374d13077e8867ef31803c37baf9785a17c00,2017-10-28T20:44:13.000Z,0.00000950000000133,0xdbbae39c54992479faac890e81eb4d8579b951d6,buy,0x2405cc17ba128bfa7117815e04a4da228013f5bc,0xf7e15d41ebca512101ba653cedf6d5b0c9a5c458859f77be5dcc579b2fd2bb27
15,52.63157894,0.0005,0x42c24a83bded723edfdf5883bc7efb30bc1a1bf3,2017-10-28T20:43:25.000Z,0.00000950000000133,0xdbbae39c54992479faac890e81eb4d8579b951d6,buy,0x2405cc17ba128bfa7117815e04a4da228013f5bc,0xe44c02369eb9e7e55f96582d944fd7fa318200e9437b105bd81867eebd0ad11e
16,600,0.0057,0xa263c9281592a2865617be8f73ffd50a66f1ec0d,2017-10-28T20:24:38.000Z,0.0000095,0xa263c9281592a2865617be8f73ffd50a66f1ec0d,buy,0x2405cc17ba128bfa7117815e04a4da228013f5bc,0x05cff982adf512b0e5821124fd88e1e5be4c2f3fd4c4310256415fa4a37f35bd
17,52.63157894,0.0005,0x34f9560c63078eb61872a4dc2ccd20e21c34feaf,2017-10-28T20:11:40.000Z,0.00000950000000133,0xdbbae39c54992479faac890e81eb4d8579b951d6,buy,0x2405cc17ba128bfa7117815e04a4da228013f5bc,0xbcdfdb70475a8636fa4932a84071b795bc349cde0aa7e907915a5d83e0d78f80
18,52.63157894,0.0005,0xe444a40689f51f63bcd29910622035707d533d29,2017-10-28T20:10:11.000Z,0.00000950000000133,0xdbbae39c54992479faac890e81eb4d8579b951d6,buy,0x2405cc17ba128bfa7117815e04a4da228013f5bc,0x9f3e446970f5c25a292e17c59621abb21f4b9c51da16c3478e04613621c0fab1
19,195,0.001014,0xa477d0fff224019b20d8433fc1ecab631bbe3f93,2017-10-28T18:06:13.000Z,0.0000052,0xde98c41d155eb6efc94d1e9e6de9f2f3644f24af,sell,0x2405cc17ba128bfa7117815e04a4da228013f5bc,0x8c110f6b0f318f1fb135f7b2efe24e52e7cd6f31074342de1db17bb4aa965c41
20,52.63157894,0.0005,0xcd912af5286dc0b0a23edb30209734ecb60838b3,2017-10-28T16:35:16.000Z,0.00000950000000133,0xdbbae39c54992479faac890e81eb4d8579b951d6,buy,0x2405cc17ba128bfa7117815e04a4da228013f5bc,0x85786f95eea191cd83dc445c90632daaa3e6281bfd0e3d4f6038e254076580bd
21,200,0.00105,0xde98c41d155eb6efc94d1e9e6de9f2f3644f24af,2017-10-28T16:00:12.000Z,0.00000525,0xa477d0fff224019b20d8433fc1ecab631bbe3f93,sell,0x2405cc17ba128bfa7117815e04a4da228013f5bc,0xa95637c8842926d365b71dccf0a00421fded4a0ebb08e80af92834689dfb8d1e
22,160,0.00104,0xa477d0fff224019b20d8433fc1ecab631bbe3f93,2017-10-28T15:54:13.000Z,0.0000065,0xde98c41d155eb6efc94d1e9e6de9f2f3644f24af,sell,0x2405cc17ba128bfa7117815e04a4da228013f5bc,0xdc6d98fce97ca93565cf94af0e12076bc955759c005cada1498fa36955276b32
23,170,0.00102,0xde98c41d155eb6efc94d1e9e6de9f2f3644f24af,2017-10-28T15:50:32.000Z,0.000006,0xa477d0fff224019b20d8433fc1ecab631bbe3f93,sell,0x2405cc17ba128bfa7117815e04a4da228013f5bc,0x016d3d4c8d84c9498b7829a3e6c0fafacdd56a683cfee0277f6b961c7c90f214
24,200,0.001,0xa477d0fff224019b20d8433fc1ecab631bbe3f93,2017-10-28T15:43:47.000Z,0.000005,0xde98c41d155eb6efc94d1e9e6de9f2f3644f24af,sell,0x2405cc17ba128bfa7117815e04a4da228013f5bc,0x13c89cc466f2dde4a0ce61f6f575f61d4c028062cb642ac029b7a0c60b52e1ce
25,49546.40614096,0.208094905792032,0x3c6438ddd1bca543953327b2cc6391df60a63982,2017-10-28T04:41:36.000Z,0.0000042,0x4261669657bc830d5f8020e1d16d7384c10eef3f,sell,0x2405cc17ba128bfa7117815e04a4da228013f5bc,0xe912b36145797303b8ddf77c0144c92c1bef4fea28fde0cd218093e7601be93e
26,1000,0.0042,0xdbbae39c54992479faac890e81eb4d8579b951d6,2017-10-28T01:31:32.000Z,0.0000042,0x0a72ebae0321b78bf42b5846c57f90d714a5cb31,sell,0x2405cc17ba128bfa7117815e04a4da228013f5bc,0x33e1e627b8f6aaffe57eed5abdabdfa1acbbe0d806c949f8c4bc6667ccdc7f76
27,0.99382871,0.00000993828711296,0x4903a05bccd33b50a08b3b2aaa87eff8ad2c7f60,2017-10-28T01:13:55.000Z,0.00001000000001304047,0x6b5ce5a580ac7febf891438c24603914ebfb7726,buy,0x2405cc17ba128bfa7117815e04a4da228013f5bc,0xef342be60cdc69b6e15c9d6dab1059f62c20eba946588e0d12ebd9996a15be6d
28,1,0.00001,0x4a57d0208164a1c1c63c75395dc444428a07b50a,2017-10-27T16:42:14.000Z,0.00001,0x6b5ce5a580ac7febf891438c24603914ebfb7726,buy,0x2405cc17ba128bfa7117815e04a4da228013f5bc,0x093947902746d63d10a7313c36fc39c6e2d47b8bf3b0b1402a79ec7c7cf6ab7a
29,300,0.0015,0xde98c41d155eb6efc94d1e9e6de9f2f3644f24af,2017-10-27T13:23:16.000Z,0.000005,0xa477d0fff224019b20d8433fc1ecab631bbe3f93,sell,0x2405cc17ba128bfa7117815e04a4da228013f5bc,0x1533d18e5319b96ed397ea72dfc43415ec57464e1b2f5c7ad783709b1708b650
30,50,0.0011725,0xa477d0fff224019b20d8433fc1ecab631bbe3f93,2017-10-27T11:44:50.000Z,0.00002345,0xde98c41d155eb6efc94d1e9e6de9f2f3644f24af,buy,0x2405cc17ba128bfa7117815e04a4da228013f5bc,0x4799414ce015cf4915112040f078eb361c5852ad6524ea3dfa7b1833855df6b5
31,10000,0.02345,0x273a5d3e6721b9f5c1a6474f560c1334c63dda01,2017-10-27T11:22:11.000Z,0.000002345,0xa477d0fff224019b20d8433fc1ecab631bbe3f93,buy,0x2405cc17ba128bfa7117815e04a4da228013f5bc,0x2ab83dd54af77499fc84562ca1f083bee2688c4faaa6c2eee9307bb6fc373028
32,9970,0.040877,0xd3691a7cb45af2d9a3b24dcab73fac64d900da7b,2017-10-27T11:22:11.000Z,0.0000041,0x273a5d3e6721b9f5c1a6474f560c1334c63dda01,sell,0x2405cc17ba128bfa7117815e04a4da228013f5bc,0x2ab83dd54af77499fc84562ca1f083bee2688c4faaa6c2eee9307bb6fc373028
33,1100,0.00869,0xde98c41d155eb6efc94d1e9e6de9f2f3644f24af,2017-10-27T11:18:22.000Z,0.0000079,0xa477d0fff224019b20d8433fc1ecab631bbe3f93,sell,0x2405cc17ba128bfa7117815e04a4da228013f5bc,0x52235bb124afe5a58159bd213176e4f573ae41fb5329674e2ace4f6de817d6e1
34,262.30320443,0.006269046585919648,0xa477d0fff224019b20d8433fc1ecab631bbe3f93,2017-10-27T10:59:05.000Z,0.00002390000000016259,0xde98c41d155eb6efc94d1e9e6de9f2f3644f24af,buy,0x2405cc17ba128bfa7117815e04a4da228013f5bc,0x178d39a026c8e8b8002d2a0d18b603a4317985ef03c2e9b4a128d69b34fb83cf
35,39000,0.195,0x3c6438ddd1bca543953327b2cc6391df60a63982,2017-10-27T10:28:02.000Z,0.000005,0xa263c9281592a2865617be8f73ffd50a66f1ec0d,sell,0x2405cc17ba128bfa7117815e04a4da228013f5bc,0x9b3b5810c5615ca13269130c97e7be776f4444f493df49149d1cedce177e9068
36,100,0.0008,0xde98c41d155eb6efc94d1e9e6de9f2f3644f24af,2017-10-27T10:24:12.000Z,0.000008,0xa477d0fff224019b20d8433fc1ecab631bbe3f93,sell,0x2405cc17ba128bfa7117815e04a4da228013f5bc,0x4907b6405fdf80399c2de76d1eae80a1d8de24597fb617f5c4f8fd096915bc73
37,4,0.0000956,0xde98c41d155eb6efc94d1e9e6de9f2f3644f24af,2017-10-27T10:18:28.000Z,0.0000239,0xa477d0fff224019b20d8433fc1ecab631bbe3f93,buy,0x2405cc17ba128bfa7117815e04a4da228013f5bc,0xadec2927364ef6f4849d68aab90dbf09eb00f4027b2336b575cff1c931073eaa
38,25,0.0005975,0xa477d0fff224019b20d8433fc1ecab631bbe3f93,2017-10-27T09:54:09.000Z,0.0000239,0xde98c41d155eb6efc94d1e9e6de9f2f3644f24af,buy,0x2405cc17ba128bfa7117815e04a4da228013f5bc,0x89b192452ca15ba8d71644d2513c1f0d7e05fc7e2d572625f72b92d88373fce4
39,100,0.00239,0xa477d0fff224019b20d8433fc1ecab631bbe3f93,2017-10-27T08:53:48.000Z,0.0000239,0xde98c41d155eb6efc94d1e9e6de9f2f3644f24af,buy,0x2405cc17ba128bfa7117815e04a4da228013f5bc,0x8ca9818d7935a08319860c74aee2cd9bc4d6b70c631f77ab95a4d1d273bf5f5d
40,350,0.008365,0xde98c41d155eb6efc94d1e9e6de9f2f3644f24af,2017-10-27T07:49:48.000Z,0.0000239,0xa477d0fff224019b20d8433fc1ecab631bbe3f93,buy,0x2405cc17ba128bfa7117815e04a4da228013f5bc,0xb34c69ce7265217cefa6b4bfd85c6d080bbf71e46d66c38c44c3aa8b1006050a
41,1,0.0000239,0xde98c41d155eb6efc94d1e9e6de9f2f3644f24af,2017-10-27T07:48:28.000Z,0.0000239,0xa477d0fff224019b20d8433fc1ecab631bbe3f93,buy,0x2405cc17ba128bfa7117815e04a4da228013f5bc,0x6400c55350a6a383516cfe016434afcba6d15b11eb1d8074ba3584694c90385a
42,185.41018242,0.004431303359982577,0xa477d0fff224019b20d8433fc1ecab631bbe3f93,2017-10-27T07:45:05.000Z,0.00002390000000077976,0xde98c41d155eb6efc94d1e9e6de9f2f3644f24af,buy,0x2405cc17ba128bfa7117815e04a4da228013f5bc,0x3b1c463dacdba7708abc393157e1985d75bacb8ebab6b4add9b28ad6494c0d6f
43,10,0.000239,0xde98c41d155eb6efc94d1e9e6de9f2f3644f24af,2017-10-27T07:17:24.000Z,0.0000239,0xa477d0fff224019b20d8433fc1ecab631bbe3f93,buy,0x2405cc17ba128bfa7117815e04a4da228013f5bc,0x06e0ceaf3daa2e9aef3ace5ed6d5bce68edcced2450eff53e3db9ea00e284c6f
44,1,0.0000298,0x6cdea8e07bf82d7a07dbf36642d6e5be8623845c,2017-10-26T12:29:05.000Z,0.0000298,0x0a72ebae0321b78bf42b5846c57f90d714a5cb31,buy,0x2405cc17ba128bfa7117815e04a4da228013f5bc,0x04b1bc3289d75e34376cf19e82cba6a88a48e204934bb22318807810ed0835fc
45,18000,0.7128,0x0a72ebae0321b78bf42b5846c57f90d714a5cb31,2017-10-26T12:07:12.000Z,0.0000396,0x0a72ebae0321b78bf42b5846c57f90d714a5cb31,buy,0x2405cc17ba128bfa7117815e04a4da228013f5bc,0xffcd75ca814f3520356d111ffae36ce90534d4730704424a5d4936c7584e891d
46,1000,0.004,0x51d48ab1a6371b5b5636a18e77eef3b2f8a0a8e5,2017-10-26T07:08:28.000Z,0.000004,0x0a72ebae0321b78bf42b5846c57f90d714a5cb31,sell,0x2405cc17ba128bfa7117815e04a4da228013f5bc,0x0d6b6d54523d512257f73b1b1358c43c9b812c96e09dc0acbe7b292a4063b1e3
47,100000,0.5,0x6b5ce5a580ac7febf891438c24603914ebfb7726,2017-10-26T07:08:17.000Z,0.000005,0x0a72ebae0321b78bf42b5846c57f90d714a5cb31,sell,0x2405cc17ba128bfa7117815e04a4da228013f5bc,0x985b64c75b9e8cf78fe5eae76166c09c6a38fbca8670f1bb049420e274ed579c
48,1,0.00003998,0x3ac636ac5c3a2576156ac5f10066ca68abe0ad54,2017-10-25T22:39:33.000Z,0.00003998,0x0a72ebae0321b78bf42b5846c57f90d714a5cb31,buy,0x2405cc17ba128bfa7117815e04a4da228013f5bc,0x612b0489bc2860887e80fb84ba5fcc8a603521bd7ed24b857980330dd6468e28
49,40000,1.588,0x0a72ebae0321b78bf42b5846c57f90d714a5cb31,2017-10-25T21:36:17.000Z,0.0000397,0x0a72ebae0321b78bf42b5846c57f90d714a5cb31,buy,0x2405cc17ba128bfa7117815e04a4da228013f5bc,0x27fd8254a6ea6b00e46446d7d5923687f2a341d6da501f82b9862a91eb93e582
50,50000,1.985,0x0a72ebae0321b78bf42b5846c57f90d714a5cb31,2017-10-25T21:34:01.000Z,0.0000397,0x0a72ebae0321b78bf42b5846c57f90d714a5cb31,buy,0x2405cc17ba128bfa7117815e04a4da228013f5bc,0x02b384119360bae5a5208369e96ede83bcdc956a3beb6296c507b4d7665c06ab
51,18932,0.75709068,0x0a72ebae0321b78bf42b5846c57f90d714a5cb31,2017-10-25T21:24:42.000Z,0.00003999,0x0a72ebae0321b78bf42b5846c57f90d714a5cb31,buy,0x2405cc17ba128bfa7117815e04a4da228013f5bc,0x5d9e8b86bda94f0b389c303db24bf7988c6e2355aa8de61d2ff275fba0cdab80
52,14000,0.53186,0x0a72ebae0321b78bf42b5846c57f90d714a5cb31,2017-10-25T20:49:07.000Z,0.00003799,0x0a72ebae0321b78bf42b5846c57f90d714a5cb31,buy,0x2405cc17ba128bfa7117815e04a4da228013f5bc,0xa930095938c1587f22f9d2db7a2673705155fa91eef495a8db535d2e1c6ce837
53,23000,0.89677,0x0a72ebae0321b78bf42b5846c57f90d714a5cb31,2017-10-25T20:44:50.000Z,0.00003899,0x0a72ebae0321b78bf42b5846c57f90d714a5cb31,buy,0x2405cc17ba128bfa7117815e04a4da228013f5bc,0x01be8b0dc7dd158f59ba99f9089f4ee286f56046722c6ea9d804629e90f4ef31
54,11000,0.43989,0x3c6438ddd1bca543953327b2cc6391df60a63982,2017-10-25T20:40:51.000Z,0.00003999,0x0a72ebae0321b78bf42b5846c57f90d714a5cb31,buy,0x2405cc17ba128bfa7117815e04a4da228013f5bc,0x23d06a2dec08fb0d8ffb122c3199d3e410d3b593e22ce70d5441f2974f45aafc
55,7932,0.31720068,0x0a72ebae0321b78bf42b5846c57f90d714a5cb31,2017-10-25T20:34:42.000Z,0.00003999,0x0a72ebae0321b78bf42b5846c57f90d714a5cb31,buy,0x2405cc17ba128bfa7117815e04a4da228013f5bc,0x4546d53c765033d51c3b66baea014947035c49c20d363fd05384d03c4d09c032
56,10000,0.4200004405032,0x0a72ebae0321b78bf42b5846c57f90d714a5cb31,2017-10-25T19:50:05.000Z,0.00004200004405032,0x0a72ebae0321b78bf42b5846c57f90d714a5cb31,buy,0x2405cc17ba128bfa7117815e04a4da228013f5bc,0x08a39a705c81d034aae22a948710321718454b3af071c2687a375530799025e7
57,2000,0.084008810064,0x0a72ebae0321b78bf42b5846c57f90d714a5cb31,2017-10-25T19:47:40.000Z,0.000042004405032,0x0a72ebae0321b78bf42b5846c57f90d714a5cb31,buy,0x2405cc17ba128bfa7117815e04a4da228013f5bc,0x105e68cb7f42b939b59bb7d31558580d61219c4eb63e9a6fa0efeda86408fa19
58,1000,0.04479,0xa263c9281592a2865617be8f73ffd50a66f1ec0d,2017-10-25T17:02:39.000Z,0.00004479,0x116742c872f990da1b9be41ad0cf155863bf01df,buy,0x2405cc17ba128bfa7117815e04a4da228013f5bc,0xdd9780974219210545c00db2e681b28f851cb19b3baf6b908236b666fadfbec6
59,55000,0.8415,0x0a72ebae0321b78bf42b5846c57f90d714a5cb31,2017-10-25T16:59:13.000Z,0.0000153,0xa263c9281592a2865617be8f73ffd50a66f1ec0d,sell,0x2405cc17ba128bfa7117815e04a4da228013f5bc,0xc827bbbe667de4c5491bba070cba03fcf42a62eb71f34b5f6bada0d9940bca40
60,79838,1.21593274,0x0a72ebae0321b78bf42b5846c57f90d714a5cb31,2017-10-25T16:59:05.000Z,0.00001523,0xa263c9281592a2865617be8f73ffd50a66f1ec0d,sell,0x2405cc17ba128bfa7117815e04a4da228013f5bc,0x1417034aca5c6c193cb104b5f4d985d6656bb781ab07ffa94a5253999ef067bd
61,10000,0.151,0x6b5ce5a580ac7febf891438c24603914ebfb7726,2017-10-25T08:30:10.000Z,0.0000151,0xa263c9281592a2865617be8f73ffd50a66f1ec0d,sell,0x2405cc17ba128bfa7117815e04a4da228013f5bc,0xe622ab5a72c4e915684dc3ea9e85fdd8b70535d8893bc4bc6e77b8858ef73584
62,16760.87161697,0.259810270934652,0xe5113b174ce44a53f320d7988212cea10ffaa8f7,2017-10-25T07:48:29.000Z,0.000015501,0x2fbe4316089163612aee5f3a6376308f2582e5ec,sell,0x2405cc17ba128bfa7117815e04a4da228013f5bc,0x01e1df417b3eaee91d9fcd59c95499c5bc5359d2571be0396ff4a030a1c78c6c
63,10000,0.152,0x6b5ce5a580ac7febf891438c24603914ebfb7726,2017-10-25T07:46:22.000Z,0.0000152,0xa263c9281592a2865617be8f73ffd50a66f1ec0d,sell,0x2405cc17ba128bfa7117815e04a4da228013f5bc,0x6f70be1d3ee02adaab546a427578cfe9bec2a53e8438abbe43147c8d21d8fa08
64,15000,0.22875,0x6b5ce5a580ac7febf891438c24603914ebfb7726,2017-10-25T07:44:53.000Z,0.00001525,0x2fbe4316089163612aee5f3a6376308f2582e5ec,sell,0x2405cc17ba128bfa7117815e04a4da228013f5bc,0x5dabf538bc7d0081ba489ae1cf9e44d75a96aec1779f48e99dca6299831af807
65,20000,0.3056,0x6b5ce5a580ac7febf891438c24603914ebfb7726,2017-10-25T04:32:12.000Z,0.00001528,0xd18a7ead69b9fe434cf377a24e1c99f56fe36b84,sell,0x2405cc17ba128bfa7117815e04a4da228013f5bc,0x385a59f0702d9efeca37d61fb59c6fd136c4a403b9b7519a9b4f8ad215027fd5
66,20000,0.306,0x6b5ce5a580ac7febf891438c24603914ebfb7726,2017-10-25T04:31:56.000Z,0.0000153,0xd18a7ead69b9fe434cf377a24e1c99f56fe36b84,sell,0x2405cc17ba128bfa7117815e04a4da228013f5bc,0x5af4a607f2acb68a49fe3fbe3dd4544de4625a1345874fbb16094d77585f684d
67,10000,0.155,0x120523daa602ef7d8b93d5ac161192b232468d79,2017-10-25T04:31:42.000Z,0.0000155,0xd18a7ead69b9fe434cf377a24e1c99f56fe36b84,sell,0x2405cc17ba128bfa7117815e04a4da228013f5bc,0x32764a287cb0f1e0c2a002f1f168ae272d8fa451db0b84a394310307e2a74add
68,100000,1.56,0xd18a7ead69b9fe434cf377a24e1c99f56fe36b84,2017-10-25T03:05:54.000Z,0.0000156,0x4261669657bc830d5f8020e1d16d7384c10eef3f,sell,0x2405cc17ba128bfa7117815e04a4da228013f5bc,0x9f6e0a8d567b58cbbe38cb781f0f23324c807a5985f411223c31c8201d73e2ae
69,200,0.0031002,0xe5113b174ce44a53f320d7988212cea10ffaa8f7,2017-10-25T02:41:49.000Z,0.000015501,0xa263c9281592a2865617be8f73ffd50a66f1ec0d,sell,0x2405cc17ba128bfa7117815e04a4da228013f5bc,0x00733395a6b70401e78a47d4522584454f1f426d6a706ec676465216840a612b
70,1,0.0000448,0x0249924245a19aa2d7f5ddb0739a7132b7d094ab,2017-10-24T23:49:09.000Z,0.0000448,0xa263c9281592a2865617be8f73ffd50a66f1ec0d,buy,0x2405cc17ba128bfa7117815e04a4da228013f5bc,0xf5e73da9749dc7dea5baf7fe42fc1305b87d47df44f01a8a06e7f36a7f00adb6
71,30,0.002999997,0xa263c9281592a2865617be8f73ffd50a66f1ec0d,2017-10-24T10:29:11.000Z,0.0000999999,0xa477d0fff224019b20d8433fc1ecab631bbe3f93,buy,0x2405cc17ba128bfa7117815e04a4da228013f5bc,0x0ca31437414d1fd731767398327cf2609add3ae929ce350b672837aa78748477
72,1,0.00002248,0xe1fa699860444be91d366c21de8fef56e3dec77a,2017-10-24T10:17:30.000Z,0.00002248,0xa263c9281592a2865617be8f73ffd50a66f1ec0d,buy,0x2405cc17ba128bfa7117815e04a4da228013f5bc,0x85fea57f45a7e313f53420892a104656489a42a73218e849d57eaa557adacd36
73,290,0.00536181,0xa263c9281592a2865617be8f73ffd50a66f1ec0d,2017-10-24T09:26:12.000Z,0.000018489,0xc072b52ac4bb63b0062787710fbb802e76ae9da6,sell,0x2405cc17ba128bfa7117815e04a4da228013f5bc,0x0d8a0aef01b929c2a6b03ff847aea7e38cf823a9a0331c9ceb8ccf54da6200e7
74,300,0.03,0xc072b52ac4bb63b0062787710fbb802e76ae9da6,2017-10-24T06:31:49.000Z,0.0001,0x80bcca66f237e64a65e28e4eff02e1729ce7a22a,buy,0x2405cc17ba128bfa7117815e04a4da228013f5bc,0xb6c38f58d6393822529a344344ef8b329e7811709bb0db14e3b1b2fc3e76136d
75,25584.65279164,0.46052375024952,0x80bcca66f237e64a65e28e4eff02e1729ce7a22a,2017-10-24T05:55:05.000Z,0.000018,0x0ced2a35f791ba7f3b6de844cd7a5b0c377c1e75,sell,0x2405cc17ba128bfa7117815e04a4da228013f5bc,0xb83b4d2c8b88184afef3309d08de86c47346484f83d6f46bb668a5c3f4ed1de5
76,100000,1.9,0x80bcca66f237e64a65e28e4eff02e1729ce7a22a,2017-10-24T05:52:50.000Z,0.000019,0x0ced2a35f791ba7f3b6de844cd7a5b0c377c1e75,sell,0x2405cc17ba128bfa7117815e04a4da228013f5bc,0xb2fa390f2a503c5258f3aac5726d2b2cf69028a7795ceab2ce4d4ea0745abd36
77,60000,1.1514,0x80bcca66f237e64a65e28e4eff02e1729ce7a22a,2017-10-24T05:44:55.000Z,0.00001919,0xa263c9281592a2865617be8f73ffd50a66f1ec0d,buy,0x2405cc17ba128bfa7117815e04a4da228013f5bc,0x6f2fa85c4d1746b014490cde25a9c09b72acb72d6a61e35f4d7f8aa0c129c477
78,5000,2.500495,0x116742c872f990da1b9be41ad0cf155863bf01df,2017-10-24T02:33:32.000Z,0.000500099,0x116742c872f990da1b9be41ad0cf155863bf01df,buy,0x2405cc17ba128bfa7117815e04a4da228013f5bc,0x88c52f148995d44c74544d51e7459202eab69e64109f0e0933f610cd58e29ec1
79,3768,1.884373032,0x116742c872f990da1b9be41ad0cf155863bf01df,2017-10-24T02:32:32.000Z,0.000500099,0x116742c872f990da1b9be41ad0cf155863bf01df,buy,0x2405cc17ba128bfa7117815e04a4da228013f5bc,0x1ce55116abc4b5fdd8622600377a7540f22cff326d452ca69f34b3ccf1f08ae2
80,1232,0.616121968,0x116742c872f990da1b9be41ad0cf155863bf01df,2017-10-24T02:30:56.000Z,0.000500099,0x116742c872f990da1b9be41ad0cf155863bf01df,buy,0x2405cc17ba128bfa7117815e04a4da228013f5bc,0x77a5c4b905a28b353259bf3b6498edbdadeae03535e8f0303f5aad63c19616ad
81,5219,2.6095,0x116742c872f990da1b9be41ad0cf155863bf01df,2017-10-24T02:28:37.000Z,0.0005,0x116742c872f990da1b9be41ad0cf155863bf01df,buy,0x2405cc17ba128bfa7117815e04a4da228013f5bc,0xa36b56e46462c036da6bc00ee41e9c7d753633334e568790f4cca69fb14ed551
82,4560,2.28,0x116742c872f990da1b9be41ad0cf155863bf01df,2017-10-24T02:25:36.000Z,0.0005,0x116742c872f990da1b9be41ad0cf155863bf01df,buy,0x2405cc17ba128bfa7117815e04a4da228013f5bc,0xcc36c507f441e234724390fbe13ad855e8422ffcbbf487d68360a039921c72fc
83,3200,1.6,0x116742c872f990da1b9be41ad0cf155863bf01df,2017-10-24T02:24:52.000Z,0.0005,0x116742c872f990da1b9be41ad0cf155863bf01df,buy,0x2405cc17ba128bfa7117815e04a4da228013f5bc,0x62977c2e66b3172d461ba50a79de4f1f7459cbb3d59b6e712878b62e29d2826d
84,2532,1.266,0x116742c872f990da1b9be41ad0cf155863bf01df,2017-10-24T02:24:17.000Z,0.0005,0x116742c872f990da1b9be41ad0cf155863bf01df,buy,0x2405cc17ba128bfa7117815e04a4da228013f5bc,0xad2560101e1ad4dbe0c0c15d2b0af5bfa6451c5feaa61c4c84509c4a9655ad36
85,1299,0.6495,0x116742c872f990da1b9be41ad0cf155863bf01df,2017-10-24T01:45:44.000Z,0.0005,0x116742c872f990da1b9be41ad0cf155863bf01df,buy,0x2405cc17ba128bfa7117815e04a4da228013f5bc,0x36a0153fddd1dc05e7d068eb29fd96b1e1b9aa1b1357eb1b02197e6e1a3aabe0
86,336,0.168,0x116742c872f990da1b9be41ad0cf155863bf01df,2017-10-24T01:45:44.000Z,0.0005,0x116742c872f990da1b9be41ad0cf155863bf01df,buy,0x2405cc17ba128bfa7117815e04a4da228013f5bc,0xa1ff64c46d5a8cef97b6788a1f48fb9b9d08f4671e55c08b422d2ccc73706617
87,278,0.139,0x116742c872f990da1b9be41ad0cf155863bf01df,2017-10-24T01:45:44.000Z,0.0005,0x116742c872f990da1b9be41ad0cf155863bf01df,buy,0x2405cc17ba128bfa7117815e04a4da228013f5bc,0x72ded37e8de7815cc76af5f10b34e58ba3838c952bde16129787784ce82cb254
88,125,0.0625,0x116742c872f990da1b9be41ad0cf155863bf01df,2017-10-24T01:43:32.000Z,0.0005,0x116742c872f990da1b9be41ad0cf155863bf01df,buy,0x2405cc17ba128bfa7117815e04a4da228013f5bc,0x39d95eb13ff18d4cc77c2e15e179174cdc1cb275dcb7aa47c6d5742de09e5848
89,244,0.122,0x116742c872f990da1b9be41ad0cf155863bf01df,2017-10-24T01:43:07.000Z,0.0005,0x116742c872f990da1b9be41ad0cf155863bf01df,buy,0x2405cc17ba128bfa7117815e04a4da228013f5bc,0xa84fe3c0be07f8f265d5cbd4274f4cb40daa6064083618326a06468c5d4da44a
90,451,0.2255,0x116742c872f990da1b9be41ad0cf155863bf01df,2017-10-24T01:41:43.000Z,0.0005,0x116742c872f990da1b9be41ad0cf155863bf01df,buy,0x2405cc17ba128bfa7117815e04a4da228013f5bc,0x241615eec4878fdfae08cf8a8b01425faf724f7eacd2514187c369973eabb380
91,356,0.178,0x116742c872f990da1b9be41ad0cf155863bf01df,2017-10-24T01:41:32.000Z,0.0005,0x116742c872f990da1b9be41ad0cf155863bf01df,buy,0x2405cc17ba128bfa7117815e04a4da228013f5bc,0x2487bf9e9e0673c69ac69cea0c663fb854e7ab9a192397c2ab294943fa98ef54
92,447.23,0.223615,0x116742c872f990da1b9be41ad0cf155863bf01df,2017-10-24T01:40:29.000Z,0.0005,0x116742c872f990da1b9be41ad0cf155863bf01df,buy,0x2405cc17ba128bfa7117815e04a4da228013f5bc,0x75cd700f609d0b4950f0d8fa2ec85bd40da03c2d8956dd37e76b116a59a88020
93,140,0.0019599986,0x116742c872f990da1b9be41ad0cf155863bf01df,2017-10-24T01:39:47.000Z,0.00001399999,0x0ced2a35f791ba7f3b6de844cd7a5b0c377c1e75,buy,0x2405cc17ba128bfa7117815e04a4da228013f5bc,0x381a5075b1292ac062af7d8a3ab08c749d4789691ef7be887ba0dd3d96145f58
94,140,0.0019599986,0x116742c872f990da1b9be41ad0cf155863bf01df,2017-10-24T01:39:39.000Z,0.00001399999,0x0ced2a35f791ba7f3b6de844cd7a5b0c377c1e75,buy,0x2405cc17ba128bfa7117815e04a4da228013f5bc,0x381a5075b1292ac062af7d8a3ab08c749d4789691ef7be887ba0dd3d96145f58
95,791.234,0.007990672166,0x116742c872f990da1b9be41ad0cf155863bf01df,2017-10-23T12:42:27.000Z,0.000010099,0xa263c9281592a2865617be8f73ffd50a66f1ec0d,sell,0x2405cc17ba128bfa7117815e04a4da228013f5bc,0x155ccf2af794613e42959c9e62fddb31440e9051a39f9beed7fa25ad9d4937a8
96,89,0.00124599911,0xa263c9281592a2865617be8f73ffd50a66f1ec0d,2017-10-23T12:05:41.000Z,0.00001399999,0x0ced2a35f791ba7f3b6de844cd7a5b0c377c1e75,buy,0x2405cc17ba128bfa7117815e04a4da228013f5bc,0xc4e40ca7e3f1fe3cf73e769418aeb112fe8527f8cddeed89175dd474c051ec3c
97,100,0.001259,0xa477d0fff224019b20d8433fc1ecab631bbe3f93,2017-10-23T12:04:43.000Z,0.00001259,0xa263c9281592a2865617be8f73ffd50a66f1ec0d,buy,0x2405cc17ba128bfa7117815e04a4da228013f5bc,0x654e4c3adc65c0d981aecb66706c0d7ac87c577e4907cb022b5794eee2106e13
98,256,0.002585344,0x116742c872f990da1b9be41ad0cf155863bf01df,2017-10-23T10:16:41.000Z,0.000010099,0xa263c9281592a2865617be8f73ffd50a66f1ec0d,sell,0x2405cc17ba128bfa7117815e04a4da228013f5bc,0x6d26af7674b775c2f45fa9045301f68300f0bced3e449b60869d67a72e9d0f4d
99,5011,0.050606089,0x116742c872f990da1b9be41ad0cf155863bf01df,2017-10-23T09:12:14.000Z,0.000010099,0x0ced2a35f791ba7f3b6de844cd7a5b0c377c1e75,sell,0x2405cc17ba128bfa7117815e04a4da228013f5bc,0x51bb0de8adcd884124f1277269cceb22b24ed8928ec18d81aaf4209c201dcb4a
100,5746,0.058028854,0x116742c872f990da1b9be41ad0cf155863bf01df,2017-10-23T09:10:57.000Z,0.000010099,0xa477d0fff224019b20d8433fc1ecab631bbe3f93,sell,0x2405cc17ba128bfa7117815e04a4da228013f5bc,0xcc6ca8f58cf8b847e65c3bf7bcdbe0934e8ddfa7bb403bcce73d16d934bcd0de
101,4689,0.047354211,0x116742c872f990da1b9be41ad0cf155863bf01df,2017-10-23T09:10:02.000Z,0.000010099,0xa263c9281592a2865617be8f73ffd50a66f1ec0d,sell,0x2405cc17ba128bfa7117815e04a4da228013f5bc,0xba1ea4a5690004604828035f3b6f3505207ca963618e21d3c97a359224b3bd5c
102,522,0.005271678,0x116742c872f990da1b9be41ad0cf155863bf01df,2017-10-23T09:09:31.000Z,0.000010099,0x0ced2a35f791ba7f3b6de844cd7a5b0c377c1e75,sell,0x2405cc17ba128bfa7117815e04a4da228013f5bc,0x19c6e268e10c2ce53a4532ceeea1bf6daa298db5bd3ca5129f7c4a9dfc0cecba
103,513,0.005180787,0x116742c872f990da1b9be41ad0cf155863bf01df,2017-10-23T09:07:48.000Z,0.000010099,0xa263c9281592a2865617be8f73ffd50a66f1ec0d,sell,0x2405cc17ba128bfa7117815e04a4da228013f5bc,0x989f6c2bf0c95635d387575b1568859d3b735680270290180a81a78549454d8c
104,519,0.005241381,0x116742c872f990da1b9be41ad0cf155863bf01df,2017-10-23T07:50:04.000Z,0.000010099,0xa263c9281592a2865617be8f73ffd50a66f1ec0d,sell,0x2405cc17ba128bfa7117815e04a4da228013f5bc,0x517776abe8c11876cd8ef33d3e03009046c99d0958d8339e35a1c3d46c8c0640
105,1000,0.008888,0x116742c872f990da1b9be41ad0cf155863bf01df,2017-10-23T05:03:22.000Z,0.000008888,0xa263c9281592a2865617be8f73ffd50a66f1ec0d,sell,0x2405cc17ba128bfa7117815e04a4da228013f5bc,0x89a77d72e4aa6bbd4613d518a3e9db4061adbf69106f0a4a8f4aa8af2b4c7588
