,amount,amountBase,buyer,date,price,seller,side,tokenAddr,txHash
0,0.00642857,0.0005,0x34f9560c63078eb61872a4dc2ccd20e21c34feaf,2017-11-02T16:11:08.000Z,0.07777779506173224,0x570f2a60cc5d452e539c76e1eb623f5f27f5ff96,buy,0x6531f133e6deebe7f2dce5a0441aa7ef330b4e53,0x3a6c9f8c7fc246fad72f8119949f1e8b982066b99f7b6276002a1d1eab5f3fac
1,0.00642857,0.0005,0x3075f7f189912f4f425dd7021b9c396434197477,2017-11-02T15:38:21.000Z,0.07777779506173224,0x570f2a60cc5d452e539c76e1eb623f5f27f5ff96,buy,0x6531f133e6deebe7f2dce5a0441aa7ef330b4e53,0x91b0a653ac2b1b3e52708fa913935e7b25d529422c96853b395db03923f93e7d
2,0.995,0.07562,0xd6ad47611a81d12f64d9f5d5f3016932d9ec6764,2017-11-01T19:00:02.000Z,0.076,0x6bad391397f5f6047d3b6752576ee1a4ae3d2927,buy,0x6531f133e6deebe7f2dce5a0441aa7ef330b4e53,0x9f9b2663dbf245d7027f9a573289323099c573bd8083d18250d31d2727b472d7
3,0.1,0.007777777,0xd6ad47611a81d12f64d9f5d5f3016932d9ec6764,2017-11-01T18:58:41.000Z,0.07777777,0x570f2a60cc5d452e539c76e1eb623f5f27f5ff96,buy,0x6531f133e6deebe7f2dce5a0441aa7ef330b4e53,0xdcdb5e68ba5e7fa1b6db5c0cb540202fe1924d852b6a40eaaee3d070d63d8830
4,0.8,0.05999940795992,0xd6ad47611a81d12f64d9f5d5f3016932d9ec6764,2017-11-01T18:55:17.000Z,0.0749992599499,0xb7ddaba243659e42d2813fcb9f30aca983478b5c,buy,0x6531f133e6deebe7f2dce5a0441aa7ef330b4e53,0x460bad683b8655ed4b85c80a540222b0b6b2323b70a2624659c97e587a671019
5,0.9969394,0.05396044165834,0x6bad391397f5f6047d3b6752576ee1a4ae3d2927,2017-11-01T02:05:51.000Z,0.0541261,0x993297f85da44df0256721eb98f191f37be2847c,sell,0x6531f133e6deebe7f2dce5a0441aa7ef330b4e53,0x366692ccc3cacf2dc4da92246044f1a2776e24d1a086650fa914d5db93cd6514
6,0.00003739,0.000003776802578413,0xaaae9672b33333264366d382a790b1608ce30b82,2017-10-30T22:14:25.000Z,0.10101103445875903,0xbf8c73ca501be9f3667c37eb261192a30949e07a,buy,0x6531f133e6deebe7f2dce5a0441aa7ef330b4e53,0x53455a0aae6205bd19092c1f3592b98912d0392c88a21527b315bf1d682c86ed
7,0.1,0.007777777,0x570f2a60cc5d452e539c76e1eb623f5f27f5ff96,2017-10-30T13:53:59.000Z,0.07777777,0x31820066e49384d3036f7924543930c24489e133,sell,0x6531f133e6deebe7f2dce5a0441aa7ef330b4e53,0xfcc37ad7f1cb852d30b5655eb60a029da21706b4f1f91dbd4714c3edf973232d
8,0.1,0.006666666,0x570f2a60cc5d452e539c76e1eb623f5f27f5ff96,2017-10-30T13:53:59.000Z,0.06666666,0x31820066e49384d3036f7924543930c24489e133,sell,0x6531f133e6deebe7f2dce5a0441aa7ef330b4e53,0xd7e720b4d7622d501cf091bd54dc4fafd52c364c2ad488eadea50bb5db5614c1
9,0.1,0.005555555,0x570f2a60cc5d452e539c76e1eb623f5f27f5ff96,2017-10-30T13:53:59.000Z,0.05555555,0x31820066e49384d3036f7924543930c24489e133,sell,0x6531f133e6deebe7f2dce5a0441aa7ef330b4e53,0x7642ecea27a7db732d57e5bf7941713a2c4135f8d5d6e8bc006d10af8c26c898
10,5.8,0.3035140058,0xe1e1d0d73eeb29d0632bc4c7871bfc74dbed0741,2017-10-30T13:51:11.000Z,0.052330001,0x31820066e49384d3036f7924543930c24489e133,sell,0x6531f133e6deebe7f2dce5a0441aa7ef330b4e53,0xb95764f72b309621b9d004a5a23068e5bee2aebf9b831221fbe1e7d0d4afb776
11,0.005,0.000388888855,0xf36990a2cb4d609e0a7d4f3bf884c0342d81fd3d,2017-10-30T03:05:56.000Z,0.077777771,0x16e5d97bbc92417e051e3b2cabfbf8ceea2acb9c,sell,0x6531f133e6deebe7f2dce5a0441aa7ef330b4e53,0x33b89748cdc46a30ecd7213d85b6037e1cc21a00fe976dfa9eff7e5734ca64f2
12,0.008,0.000622222168,0xf36990a2cb4d609e0a7d4f3bf884c0342d81fd3d,2017-10-30T03:02:39.000Z,0.077777771,0x379374d13077e8867ef31803c37baf9785a17c00,sell,0x6531f133e6deebe7f2dce5a0441aa7ef330b4e53,0x57a51852e5b0bd6b5deb8b52d37572c3d31cdf532f371efa60ef830135ac55c1
13,10,0.5079,0x6bad391397f5f6047d3b6752576ee1a4ae3d2927,2017-10-27T18:42:52.000Z,0.05079,0xbf8c73ca501be9f3667c37eb261192a30949e07a,sell,0x6531f133e6deebe7f2dce5a0441aa7ef330b4e53,0x283c7738e01ec6e60193366bee87936de5c2ac4415c358a048aeb2d220600f50
14,0.9,0.081,0xaaae9672b33333264366d382a790b1608ce30b82,2017-10-26T20:25:10.000Z,0.09,0xbf8c73ca501be9f3667c37eb261192a30949e07a,buy,0x6531f133e6deebe7f2dce5a0441aa7ef330b4e53,0xbbf560a762334fcd73480d5b2e9719abf5cd88cce1358be0db57c988baa5d6f9
15,39.14656031,1.969925378607758,0x3dee4a4e076e8d82859d241db0baf46f112cfa23,2017-10-25T02:55:00.000Z,0.0503218,0xad440e6b26dd3a044a97294bf87c017d7fb81c67,sell,0x6531f133e6deebe7f2dce5a0441aa7ef330b4e53,0x00bc6cc8a2a2efaded5aabed476ff6638d3d7bf45de84d61253c10796ab7edb4
16,0.1,0.019,0xaaae9672b33333264366d382a790b1608ce30b82,2017-10-24T17:21:40.000Z,0.19,0xbf8c73ca501be9f3667c37eb261192a30949e07a,buy,0x6531f133e6deebe7f2dce5a0441aa7ef330b4e53,0x9a31459c5a52b6f579506ee500a85e50c0c035be4efff9545dde942af2b8642e
17,32.874,1.654252554,0x6bad391397f5f6047d3b6752576ee1a4ae3d2927,2017-10-24T13:10:08.000Z,0.050321,0xbf8c73ca501be9f3667c37eb261192a30949e07a,sell,0x6531f133e6deebe7f2dce5a0441aa7ef330b4e53,0xd203c850af812b110e281f61b007d2a0cc27152899e1b3cdeabb1a440a5b0dda
18,10,0.50321,0x6bad391397f5f6047d3b6752576ee1a4ae3d2927,2017-10-24T12:55:24.000Z,0.050321,0xbf8c73ca501be9f3667c37eb261192a30949e07a,sell,0x6531f133e6deebe7f2dce5a0441aa7ef330b4e53,0x80f03c9568271bf89772d2c108d5e168d43270d9219bc7a7d9b6346a13aa713d
19,10,0.50321,0x6bad391397f5f6047d3b6752576ee1a4ae3d2927,2017-10-24T12:49:10.000Z,0.050321,0xbf8c73ca501be9f3667c37eb261192a30949e07a,sell,0x6531f133e6deebe7f2dce5a0441aa7ef330b4e53,0x59bf0f3a54c007d41a0bef3fc600b40ec7423ba0df752bc8d1b58a20cedccb57
20,0.37329953,0.0187783960961999,0x6bad391397f5f6047d3b6752576ee1a4ae3d2927,2017-10-23T22:49:41.000Z,0.05030383,0xaaae9672b33333264366d382a790b1608ce30b82,sell,0x6531f133e6deebe7f2dce5a0441aa7ef330b4e53,0xfb9d8b69beec8b82777c3ecdaeab85e986a3e0b298d9e7eff5585548c3769320
21,0.1,0.005555555,0x570f2a60cc5d452e539c76e1eb623f5f27f5ff96,2017-10-23T22:36:00.000Z,0.05555555,0xaaae9672b33333264366d382a790b1608ce30b82,sell,0x6531f133e6deebe7f2dce5a0441aa7ef330b4e53,0xd5673e1b0c289a5bfd4cefd9a29f935d6fb1a6a2064210f972c9ade118ae1d17
22,0.1,0.006666666,0x570f2a60cc5d452e539c76e1eb623f5f27f5ff96,2017-10-23T22:22:49.000Z,0.06666666,0xaaae9672b33333264366d382a790b1608ce30b82,sell,0x6531f133e6deebe7f2dce5a0441aa7ef330b4e53,0xc9ec21667bcd409a6b97860ba7d86de92b4bcba6fff850e111daad278b7e7793
23,9.62017744,0.4839317705115952,0x6bad391397f5f6047d3b6752576ee1a4ae3d2927,2017-10-23T21:12:28.000Z,0.05030383,0x4741a0d68b10370234a30491bfbe800f946894c8,sell,0x6531f133e6deebe7f2dce5a0441aa7ef330b4e53,0xc96d6e541366ea75e274245493bb10f97cc4db332004cfa7b22ad0f2fe0f1b40
24,0.1,0.0067,0x273a5d3e6721b9f5c1a6474f560c1334c63dda01,2017-10-23T20:51:26.000Z,0.067,0x4741a0d68b10370234a30491bfbe800f946894c8,buy,0x6531f133e6deebe7f2dce5a0441aa7ef330b4e53,0x2a8b9313a1ee6a82482951dfee7d85eaa11f1a4f25e1a485eed7ac11b06ff074
25,0.0997,0.007754443669,0x570f2a60cc5d452e539c76e1eb623f5f27f5ff96,2017-10-23T20:51:26.000Z,0.07777777,0x273a5d3e6721b9f5c1a6474f560c1334c63dda01,sell,0x6531f133e6deebe7f2dce5a0441aa7ef330b4e53,0x2a8b9313a1ee6a82482951dfee7d85eaa11f1a4f25e1a485eed7ac11b06ff074
26,0.1,0.0196,0xf422a10219a1c919bc3cd0471a4d46bb48e8a453,2017-10-23T00:39:46.000Z,0.196,0xccd41fd2dc66d60460351afad6297ea3d00b7fb9,buy,0x6531f133e6deebe7f2dce5a0441aa7ef330b4e53,0x0d22d3d1ed2020d641eb42b6bd7fddb269c200537c5714e5412a3f6aca4b6124
27,0.09948535,0.017686283854052437,0xaaae9672b33333264366d382a790b1608ce30b82,2017-10-22T19:11:36.000Z,0.177777771843316,0x570f2a60cc5d452e539c76e1eb623f5f27f5ff96,buy,0x6531f133e6deebe7f2dce5a0441aa7ef330b4e53,0xc902940e3ca7535fe1458aa47e95b93da5f90467012e8c6613097a2e54e43d64
28,0.1,0.012222222,0xaaae9672b33333264366d382a790b1608ce30b82,2017-10-22T19:07:19.000Z,0.12222222,0x570f2a60cc5d452e539c76e1eb623f5f27f5ff96,buy,0x6531f133e6deebe7f2dce5a0441aa7ef330b4e53,0x52abaf70660fdd3135261e39359a7ffd9b4d5ead9391ff2c111f889485baf19c
29,0.19357142,0.015055554,0xaaae9672b33333264366d382a790b1608ce30b82,2017-10-20T21:10:26.000Z,0.07777777318573166,0x570f2a60cc5d452e539c76e1eb623f5f27f5ff96,buy,0x6531f133e6deebe7f2dce5a0441aa7ef330b4e53,0x7e6d13dcc477acf9b545a28dc2f2c04e29a1ddf92f15401303e9ec272c7b9f68
30,0.1,0.006666666,0xaaae9672b33333264366d382a790b1608ce30b82,2017-10-20T21:08:54.000Z,0.06666666,0x570f2a60cc5d452e539c76e1eb623f5f27f5ff96,buy,0x6531f133e6deebe7f2dce5a0441aa7ef330b4e53,0xd53906e3b827139b50a3c4cef19055bd7a0218a7b4a87c27592123daaa89b9b6
31,0.08199999,0.004555555,0xaaae9672b33333264366d382a790b1608ce30b82,2017-10-20T20:52:50.000Z,0.05555555555555555,0x570f2a60cc5d452e539c76e1eb623f5f27f5ff96,buy,0x6531f133e6deebe7f2dce5a0441aa7ef330b4e53,0x32a1f319d01c746b884db1c08e641b4a45223c8a64a2dbbe725ac5cd07eeea67
32,4.30075864,0.16343742983728,0x3dee4a4e076e8d82859d241db0baf46f112cfa23,2017-10-20T08:49:09.000Z,0.038002,0xa39708cbf95731feaeb7f927bc1ef98b7f690870,sell,0x6531f133e6deebe7f2dce5a0441aa7ef330b4e53,0x0dce59b21824f0f43ebe856721c7dde441a8199b05f3cd64ef3a99cf5e72792f
33,0.303,0.0166649983335,0x5d5065b42bdee0274e394ba9042c21e1818c69cf,2017-10-20T08:27:29.000Z,0.0549999945,0xa39708cbf95731feaeb7f927bc1ef98b7f690870,sell,0x6531f133e6deebe7f2dce5a0441aa7ef330b4e53,0xb5a213a280c201cca6023b3e11c13221ffb4809be19ba5717c5556d04a327645
34,39.264,2.181333350784,0xad440e6b26dd3a044a97294bf87c017d7fb81c67,2017-10-20T01:44:18.000Z,0.055555556,0x25139e09ccbb2de58c4817467f7f8ad2b3fd23f3,buy,0x6531f133e6deebe7f2dce5a0441aa7ef330b4e53,0x6952791cd198f5eb7fae75063317728e52d9dec338d6094f4df2dd7c5fbc43a7
35,0.009,0.0005,0xf9695cd65d6dfdf257fab76a3eb0cb8f001971cc,2017-10-18T15:37:18.000Z,0.05555555555555555,0x570f2a60cc5d452e539c76e1eb623f5f27f5ff96,buy,0x6531f133e6deebe7f2dce5a0441aa7ef330b4e53,0xffbcdad42e672a5147a99bd9b134f1ca83d2f424144126328f59e3af7aa49073
36,0.009,0.0005,0x379374d13077e8867ef31803c37baf9785a17c00,2017-10-18T15:35:47.000Z,0.05555555555555555,0x570f2a60cc5d452e539c76e1eb623f5f27f5ff96,buy,0x6531f133e6deebe7f2dce5a0441aa7ef330b4e53,0x0cc6d274531c595e2402c8c6a93235601f593baad61be6338c2a1ab8b163dee8
37,0.00657894,0.0005,0x16e5d97bbc92417e051e3b2cabfbf8ceea2acb9c,2017-10-17T18:33:18.000Z,0.07600008512009533,0xe1e1d0d73eeb29d0632bc4c7871bfc74dbed0741,buy,0x6531f133e6deebe7f2dce5a0441aa7ef330b4e53,0xd87b624a382a8af2fe8ba02458296df7405d1b51a884458c1c7289e257886276
38,0.00657894,0.0005,0x42c24a83bded723edfdf5883bc7efb30bc1a1bf3,2017-10-17T16:33:34.000Z,0.07600008512009533,0xe1e1d0d73eeb29d0632bc4c7871bfc74dbed0741,buy,0x6531f133e6deebe7f2dce5a0441aa7ef330b4e53,0xd03cd0560bb98f8ef32d87ef8f5c2527d006d38570ccf88cb7e5f45054133fd7
39,0.00642857,0.0005,0xcd912af5286dc0b0a23edb30209734ecb60838b3,2017-10-17T06:12:16.000Z,0.07777779506173224,0x570f2a60cc5d452e539c76e1eb623f5f27f5ff96,buy,0x6531f133e6deebe7f2dce5a0441aa7ef330b4e53,0xe1e0d6b135a53e2035d3c7252c28fe0f90802375a7e505e753110966285d5e6d
40,44.86093111,1.34596251609333,0xe1e1d0d73eeb29d0632bc4c7871bfc74dbed0741,2017-10-14T12:21:06.000Z,0.030003,0x1451dbe4304a60b5b25b4d98b355effd440417af,sell,0x6531f133e6deebe7f2dce5a0441aa7ef330b4e53,0xa46bdfa0b7e65b919792c3e0bb5bd8bdf232dee18aa259b223fcd39dc494dd39
41,0.01,0.00197,0xa0be78d2bac6a692adba423c7af50ec86a18bddf,2017-09-28T14:56:31.000Z,0.197,0x52e31fff9e03d28a696d589bf625d53952d3a77b,buy,0x6531f133e6deebe7f2dce5a0441aa7ef330b4e53,0xceebec6312625df1a5f32ef9ae5b1689451b1507c6d7b9c53c56c33f47791286
42,0.00555555,0.0005,0x8612d2a48328bbf318b856ed0daaa4a7034383d0,2017-09-25T10:39:36.000Z,0.09000009000009,0x3454e031fe29a8706e39882870a3787a2439ca99,buy,0x6531f133e6deebe7f2dce5a0441aa7ef330b4e53,0x794425caf08a8dd5be79594482caddad2db9f0b5d8caae5c586e4f22d53720b3
43,0.00555555,0.0005,0x7ed2114439b24152cf18c02c10cae681a7ca2adc,2017-09-25T10:37:02.000Z,0.09000009000009,0x3454e031fe29a8706e39882870a3787a2439ca99,buy,0x6531f133e6deebe7f2dce5a0441aa7ef330b4e53,0xc9ee2d399be139560dd4ecc241f67d2139bfe592510f46d8c80a8a48f5db3602
44,0.00555555,0.0005,0x160506e5a5ce5dadd43623689f53d5aa1f288f0f,2017-09-25T10:09:26.000Z,0.09000009000009,0x3454e031fe29a8706e39882870a3787a2439ca99,buy,0x6531f133e6deebe7f2dce5a0441aa7ef330b4e53,0x596750de5b6d40e45fcae57edc5e52edb1972aeeb5e58a5dd4049ae2d1468b45
45,0.00555555,0.0005,0x7ed2114439b24152cf18c02c10cae681a7ca2adc,2017-09-25T09:17:36.000Z,0.09000009000009,0x3454e031fe29a8706e39882870a3787a2439ca99,buy,0x6531f133e6deebe7f2dce5a0441aa7ef330b4e53,0x144033c0122d077dc1ef6edb3da863f9de60968185336308f304eef1e90fb160
46,0.00555555,0.0005,0x03dd03643b71b06642179afb38211c0f45699bc5,2017-09-25T07:38:21.000Z,0.09000009000009,0x3454e031fe29a8706e39882870a3787a2439ca99,buy,0x6531f133e6deebe7f2dce5a0441aa7ef330b4e53,0x1b2fcb0630342b52bfdab7173e78dde69530c7cef96fb80082975155c9048bc8
47,0.00555555,0.0005,0x10c12555236fa11fc988be565ab70c82a4660ecf,2017-09-25T05:51:00.000Z,0.09000009000009,0x3454e031fe29a8706e39882870a3787a2439ca99,buy,0x6531f133e6deebe7f2dce5a0441aa7ef330b4e53,0x54b8fc7c51651972d350165bebf91284df846138f632fd53f4f618aecf847f0f
48,0.00555555,0.0005,0x23ee598e50ff1b1bde1022bf3c8a41d4c23321a0,2017-09-25T05:14:41.000Z,0.09000009000009,0x3454e031fe29a8706e39882870a3787a2439ca99,buy,0x6531f133e6deebe7f2dce5a0441aa7ef330b4e53,0xd7d6b9e97d4945d386ca263c8ffa939101f85568a5f5a1aff3c715f4219aae14
49,0.00555555,0.0005,0x8f28b1970e72adb11173044ebc762800e3128238,2017-09-25T05:09:32.000Z,0.09000009000009,0x3454e031fe29a8706e39882870a3787a2439ca99,buy,0x6531f133e6deebe7f2dce5a0441aa7ef330b4e53,0x4d07777611e9b221b22ebb19ca0e9ffc3b84753ded52c0edec2c6d664a58441d
50,0.00555555,0.0005,0xc22f5ab4f1591613a92b4d172cc7f4e4a5af58cd,2017-09-24T00:03:44.000Z,0.09000009000009,0x3454e031fe29a8706e39882870a3787a2439ca99,buy,0x6531f133e6deebe7f2dce5a0441aa7ef330b4e53,0x17e80b7aeb99e95daf88a46068a3a6907e8967512bb07921c593be9d09e13267
51,0.00555555,0.0005,0x452b06f1c61cff4c9bebaa405319a7c3b12553a2,2017-09-23T23:57:20.000Z,0.09000009000009,0x3454e031fe29a8706e39882870a3787a2439ca99,buy,0x6531f133e6deebe7f2dce5a0441aa7ef330b4e53,0xd4a729f792d8efc798f3ca0b888ef37e66ff25b6e63c1bb7880985fabc2c5b9a
52,0.00555555,0.0005,0x2ba19ec4bcd5ae8de66b110bde5ebf41092bd02f,2017-09-23T23:47:03.000Z,0.09000009000009,0x3454e031fe29a8706e39882870a3787a2439ca99,buy,0x6531f133e6deebe7f2dce5a0441aa7ef330b4e53,0x6311d16dd6c29579613ad3d7809360f3c54b0af1dee1e616aca499cff0077360
53,1.686,0.106218,0x014b317376c3d7789ee4df3f70bacf3cff7e1462,2017-09-23T21:10:05.000Z,0.063,0x5495b81b3654bae90ccc264b39ab0e51b395d58e,buy,0x6531f133e6deebe7f2dce5a0441aa7ef330b4e53,0xc512b05bf05fbddafffd25224ad663fcaed9171d715ec01658f12d381cf9528e
54,0.0079365,0.0005,0x18a902dc44442205b4ba2b1dc038e67506d22c55,2017-09-23T16:37:28.000Z,0.063000063000063,0x5495b81b3654bae90ccc264b39ab0e51b395d58e,buy,0x6531f133e6deebe7f2dce5a0441aa7ef330b4e53,0x6728dba124a0e94f6e0f3ea736d2e0e84aca77cf413fe23cb8d704e032b93ec9
55,0.0079365,0.0005,0xd868b838b5de79f1e540b5d83c9e9a3d0b3810cd,2017-09-23T16:31:50.000Z,0.063000063000063,0x5495b81b3654bae90ccc264b39ab0e51b395d58e,buy,0x6531f133e6deebe7f2dce5a0441aa7ef330b4e53,0xaa300c56c680a5c385d675d7fedee9e073b9fceb7d67df5bdf8f5308cd80d4b7
56,0.1,0.006,0x636d925f140f761f7a0e600db2177dd068ddada1,2017-09-23T10:26:49.000Z,0.06,0x570f2a60cc5d452e539c76e1eb623f5f27f5ff96,buy,0x6531f133e6deebe7f2dce5a0441aa7ef330b4e53,0x9f3d8a5829168e68e657f564ab494db83e9cb5d68f2969ab32619b066a7282be
57,0.15,0.02955,0x0c3d0fc12a1ab89e3b00180bf9988762a44d69d4,2017-09-23T06:26:43.000Z,0.197,0x52e31fff9e03d28a696d589bf625d53952d3a77b,buy,0x6531f133e6deebe7f2dce5a0441aa7ef330b4e53,0x7b2f8e3d0cee9580365f3fcbd5451084469c62d27e08594746d427e02278e3f6
58,24.9227395,1.00937094975,0x6bad391397f5f6047d3b6752576ee1a4ae3d2927,2017-09-22T23:32:46.000Z,0.0405,0x6079ca4a2d8a1b5d2a31b482ee9e5eb6ccfec368,sell,0x6531f133e6deebe7f2dce5a0441aa7ef330b4e53,0x3e3bc3d1cbeb4c8cd7d2bc58909190458681483ead13e4b3546ea5c1ec8c82ef
59,109.25,5.4625,0x669f0ab96fd3beb68bc836bb874894bbb516331a,2017-09-22T10:59:55.000Z,0.05,0x5c029c3bd7369d67645957bca367b988b4339688,buy,0x6531f133e6deebe7f2dce5a0441aa7ef330b4e53,0x6103256437de0d1fe4d36d80bc74a9bca203279cf93f36f054cf66818feb7cb2
60,60,1.80006,0x3dee4a4e076e8d82859d241db0baf46f112cfa23,2017-09-22T10:52:35.000Z,0.030001,0x5c029c3bd7369d67645957bca367b988b4339688,sell,0x6531f133e6deebe7f2dce5a0441aa7ef330b4e53,0x7bcc80a0caecf95b9e812f0aa59a786a1040107d7e4b0b813357dad7c572c58c
61,30,0.9,0x50914aaa4aa1ff260dc1860952abc8a3c790a829,2017-09-22T10:52:35.000Z,0.03,0x5c029c3bd7369d67645957bca367b988b4339688,sell,0x6531f133e6deebe7f2dce5a0441aa7ef330b4e53,0x97e74ac8a2f39e169bf0f119278ed260de0ea864e47e11b6fc865028cd175e62
62,0.1,0.0006,0xccd41fd2dc66d60460351afad6297ea3d00b7fb9,2017-09-12T02:23:18.000Z,0.006,0x570f2a60cc5d452e539c76e1eb623f5f27f5ff96,sell,0x6531f133e6deebe7f2dce5a0441aa7ef330b4e53,0x22cbba241549ce5bc28d722b7e3b2e72c322e46920e8a7d289c6753e1276bb64
63,0.005,0.000985,0x0024a5046fd95c5eee6db19a69ef7ed3bacd50f1,2017-09-11T19:35:20.000Z,0.197,0x52e31fff9e03d28a696d589bf625d53952d3a77b,buy,0x6531f133e6deebe7f2dce5a0441aa7ef330b4e53,0x686b6ba36b09ee633f99da53b5a94c86ddba5ff836b8389fd108fc81c398814c
64,1.20392282,0.0421372987,0x5495b81b3654bae90ccc264b39ab0e51b395d58e,2017-09-11T12:33:52.000Z,0.035,0xd9cf1ba084521683550bf6b7c98c763219c5fe8e,sell,0x6531f133e6deebe7f2dce5a0441aa7ef330b4e53,0x6ef9f9796cedfbc399270251005d0ef11fbc6a02dc4953ad05a48eac6824c714
65,0.498,0.01743,0x5495b81b3654bae90ccc264b39ab0e51b395d58e,2017-09-10T06:09:07.000Z,0.035,0x6d3d0dfa885186833d6cf04f7890aab7d3b43cd1,sell,0x6531f133e6deebe7f2dce5a0441aa7ef330b4e53,0xdd63ba8ac469121d813fe14336fb8b607c45a6d71a8f415cf2431c3b0917b488
66,7.851,0.580974,0x534cacb922c009e510fb25e0d89d307d15a8392f,2017-09-02T00:42:18.000Z,0.074,0xaceed2d1813af4aba50afb62011150de84212fee,buy,0x6531f133e6deebe7f2dce5a0441aa7ef330b4e53,0x197eea4a08eaa5c3ba3145be9de88fad61395c16dca5f652003103e226e02b0d
67,0.1,0.04,0x7ff6b4dee6d6d4f29053365d3f338eed4996ecb7,2017-08-17T10:09:29.000Z,0.4,0xa3d559a26e0252266d4d43231d7c29707c76d8b0,buy,0x6531f133e6deebe7f2dce5a0441aa7ef330b4e53,0xc3a26816cf5acb2e02299eaf6cc5d6bf853e7872d378687f4d372ebeeb49de9b
