,amount,amountBase,buyer,date,price,seller,side,tokenAddr,txHash
0,729.92700729927,0.0005,0x4fda9e6bcd83af6c5cc771b5d20accc2b7720074,2017-11-02T10:29:27.000Z,0.000000685,0x0a23e3542ea05bcf2dea1ae66eef33543c71b891,buy,0x1f103fd7c4fa908c25387da70ed287b632bd22a2,0xba2ee3d5ac63b36ee12032903b75d81cfc514c57000ab6f537b82d7a79981588
1,729.92700729927,0.0005,0x3075f7f189912f4f425dd7021b9c396434197477,2017-11-02T10:13:08.000Z,0.000000685,0x0a23e3542ea05bcf2dea1ae66eef33543c71b891,buy,0x1f103fd7c4fa908c25387da70ed287b632bd22a2,0x4ad58998e8aa95b38ace02d467cfea206d8cf4c16ec91a357b156b24bc2198d3
2,92713.24450497981,0.030873510420158276,0xea77e83c306f3e3f4654e2b2e272306efc94c9bd,2017-11-02T08:58:56.000Z,0.00000033299999999999,0x11a985d42d6fa4cac941943a63f362c3497fa0fe,sell,0x1f103fd7c4fa908c25387da70ed287b632bd22a2,0x75f9724fb599dac348a157634c3b84ca7e59734f0b56c7002ec5346892567425
3,29912.271956933506,0.009960786561658858,0xea77e83c306f3e3f4654e2b2e272306efc94c9bd,2017-11-02T07:40:34.000Z,0.00000033299999999999,0x2c5ef147c8e6aa13eda11e3a45138c6d568a8b5c,sell,0x1f103fd7c4fa908c25387da70ed287b632bd22a2,0xe8038e260904e2a99c875653492fc813b1eda8c8d9cdf649a12c8173c1bfc002
4,44863.9218422889,0.014939685973482206,0xea77e83c306f3e3f4654e2b2e272306efc94c9bd,2017-11-02T06:36:21.000Z,0.00000033299999999999,0x36791a6a2709455ff6ecd9c7699d490bf815fbce,sell,0x1f103fd7c4fa908c25387da70ed287b632bd22a2,0x6aa35d2b6cd8ef37ad4daf8da6e8643cc80f3652082c7b7e9e9b2f369cdccc58
5,1600.3832489829026,0.000532927621911306,0xea77e83c306f3e3f4654e2b2e272306efc94c9bd,2017-11-02T06:11:39.000Z,0.00000033299999999999,0xd42f262d24e0e06b44188d0a15e5d58393836e16,sell,0x1f103fd7c4fa908c25387da70ed287b632bd22a2,0x1ae2ce670fd9869ae7cd1a6b560d25cb50ef0b2cf97033007eda10f50712f010
6,195899.71089622172,0.06562640315023427,0xbbe8a1421d8583194bd959a640cb82225650c748,2017-11-02T01:24:50.000Z,0.00000033499999999999,0x11a985d42d6fa4cac941943a63f362c3497fa0fe,sell,0x1f103fd7c4fa908c25387da70ed287b632bd22a2,0x363e02c90b6e28f5160a24a42b9fd71f1d1db5b1eac6c55d063ab91b4eaa0b51
7,29912.271956933506,0.010020611105572725,0xbbe8a1421d8583194bd959a640cb82225650c748,2017-11-01T16:53:42.000Z,0.00000033499999999999,0x1a4a0d14fa2619b203800e2b1ff414cd112b053f,sell,0x1f103fd7c4fa908c25387da70ed287b632bd22a2,0xf41f4ab0dcb194e0f11b8aefd1ece3bff4842555a682518ec50b14eac53dd38f
8,29911.275047353203,0.010020277140863324,0xbbe8a1421d8583194bd959a640cb82225650c748,2017-11-01T16:40:27.000Z,0.00000033499999999999,0xbcd62ef0022278b314942eb3ca3c54ebc86d1208,sell,0x1f103fd7c4fa908c25387da70ed287b632bd22a2,0x7705e67fd6460af911c6b0d58eea0b3d5ac05372ce9b7e63e887d50026ce4183
9,29908.284318612303,0.010019275246735121,0xbbe8a1421d8583194bd959a640cb82225650c748,2017-11-01T14:00:27.000Z,0.00000033499999999999,0xbf53116c26cc19abdfc9341384427b6d8d3c3147,sell,0x1f103fd7c4fa908c25387da70ed287b632bd22a2,0xceb2da083edd2610736713cdea1a0b82a6208bcfe712cd1cc1a5026541af747a
10,29911.275047353203,0.010020277140863324,0xbbe8a1421d8583194bd959a640cb82225650c748,2017-11-01T14:00:27.000Z,0.00000033499999999999,0xb78fd930fc0e2cd77f1eb0bda934711781ff87b1,sell,0x1f103fd7c4fa908c25387da70ed287b632bd22a2,0x33b188bf523b5dd390c76408d15e43759a27072506c96663f7d8f2e22f331075
11,29910.278137772904,0.010019943176153921,0xbbe8a1421d8583194bd959a640cb82225650c748,2017-11-01T13:58:24.000Z,0.00000033499999999999,0xff75aa669bc67d679641394d08f8657c093e6ede,sell,0x1f103fd7c4fa908c25387da70ed287b632bd22a2,0xf1368c912d9f62a81bc1c5a228b76721a6be04099d818802bc134aa7d87a3e39
12,29911.275047353203,0.010020277140863324,0xbbe8a1421d8583194bd959a640cb82225650c748,2017-11-01T13:57:31.000Z,0.00000033499999999999,0xe8acd6d10187e47c80c8d3dd77b90ca7effe0347,sell,0x1f103fd7c4fa908c25387da70ed287b632bd22a2,0xf5c45e408f0b4e6d02a57eff24a9983c382f92979aeda4d5b18608ac006af21f
13,29911.275047353203,0.010020277140863324,0xbbe8a1421d8583194bd959a640cb82225650c748,2017-11-01T13:57:31.000Z,0.00000033499999999999,0xd3afb102a4446d4335767b8710b7b953c7b45c4c,sell,0x1f103fd7c4fa908c25387da70ed287b632bd22a2,0x6525c75b5f1f6865427a972d3ab376f76d886670cbdf571cea9e17c8c648133e
14,29911.275047353203,0.010020277140863324,0xbbe8a1421d8583194bd959a640cb82225650c748,2017-11-01T13:56:38.000Z,0.00000033499999999999,0x72bf7c78e068b8e0dac9056334209df41313f255,sell,0x1f103fd7c4fa908c25387da70ed287b632bd22a2,0x8563a3a36a54c0ba8bdfac70d3baf0f8e61b8b0ee060c78a360e75222ed4e844
15,29912.271956933506,0.010020611105572725,0xbbe8a1421d8583194bd959a640cb82225650c748,2017-11-01T13:55:53.000Z,0.00000033499999999999,0xabadeed5878362d58e2f40625346649e70499e88,sell,0x1f103fd7c4fa908c25387da70ed287b632bd22a2,0x8c4252cd04a6bfb455c427b3f6822f1940f88075979a291e33e6ba96b956cf59
16,14953.643704516,0.00500947064101286,0xbbe8a1421d8583194bd959a640cb82225650c748,2017-11-01T13:27:35.000Z,0.00000033499999999999,0x7522b31cd0cba4e8f64dbebef846456f0aaff9f3,sell,0x1f103fd7c4fa908c25387da70ed287b632bd22a2,0x70e6eca635df440cab1a470ab21a3c8eefa3c7040793dd61afb3c6c1e2e7cbc6
17,19947.163792244042,0.006682299870401754,0xbbe8a1421d8583194bd959a640cb82225650c748,2017-11-01T13:16:10.000Z,0.00000033499999999999,0xcaf9e3848c0404b21e3f42cc59f9aa86dee0822a,sell,0x1f103fd7c4fa908c25387da70ed287b632bd22a2,0xbf8c15469cd29c82173e8bbbf7c295f09c7b4d672a4afca8430dad5fd66211fd
18,11752.327567487304,0.005218033439964363,0x0a23e3542ea05bcf2dea1ae66eef33543c71b891,2017-11-01T08:59:50.000Z,0.00000044399999999999,0xdb3a3dff3180a9f045208b966b8e3d0070ae2372,sell,0x1f103fd7c4fa908c25387da70ed287b632bd22a2,0x0572f01617bb82c2de1f8730552cc9f13427f544e7fde362f3ee5e886f690a71
19,29908.284318612303,0.013279278237463861,0x0a23e3542ea05bcf2dea1ae66eef33543c71b891,2017-11-01T07:07:23.000Z,0.00000044399999999999,0xf85c9972b6e2e133460ef6a41bfe80c3289b9b57,sell,0x1f103fd7c4fa908c25387da70ed287b632bd22a2,0x1576f2e523cc61fcaed811b48698bfa897f7a0f31002db737ae4cc1b79e3b379
20,29907.287409032,0.009959126707207656,0xea77e83c306f3e3f4654e2b2e272306efc94c9bd,2017-10-31T21:45:06.000Z,0.00000033299999999999,0x3cc1b64568938efc6dba6737e0ebee1b0e4c890b,sell,0x1f103fd7c4fa908c25387da70ed287b632bd22a2,0xc319823d94f81a921ca6a88b280a15943d241fc65dfd1e3a32bc43a2717e69e9
21,2.684331349210628,0.000001191843119049,0x0a23e3542ea05bcf2dea1ae66eef33543c71b891,2017-10-31T17:47:21.000Z,0.0000004439999999998,0xdbf1e775c06010785fcf4224ddeefcc64af1e2b4,sell,0x1f103fd7c4fa908c25387da70ed287b632bd22a2,0x298cf43b12798e2bda91449b0a6ce17dad0b48a86343bc285919fe5b24d7de68
22,26926.527763931812,0.011955378327185724,0x0a23e3542ea05bcf2dea1ae66eef33543c71b891,2017-10-31T17:45:42.000Z,0.00000044399999999999,0xdbf1e775c06010785fcf4224ddeefcc64af1e2b4,sell,0x1f103fd7c4fa908c25387da70ed287b632bd22a2,0x5b2adcfb25e6f0cdd3f1b05381baabdd542b9f614c44c8f95091fba713f988f8
23,0.09967022527981162,0.000000044253580024,0x0a23e3542ea05bcf2dea1ae66eef33543c71b891,2017-10-31T16:00:04.000Z,0.00000044399999999762,0xff3f8d703bbfca2bd2be9eb2ba182f071b84f975,sell,0x1f103fd7c4fa908c25387da70ed287b632bd22a2,0xb6e067e8a16618b0817a466da219311c642619d85469c859b04eb03ff2c23cdc
24,999.7920297817902,0.000443907661223114,0x0a23e3542ea05bcf2dea1ae66eef33543c71b891,2017-10-31T15:56:26.000Z,0.00000044399999999999,0xff3f8d703bbfca2bd2be9eb2ba182f071b84f975,sell,0x1f103fd7c4fa908c25387da70ed287b632bd22a2,0x9e0cbea3e252b2562678b7b19f11bcdcb5cd03aa7da5af898fa465edfd0b54e7
25,29908.284318612303,0.013279278237463861,0x0a23e3542ea05bcf2dea1ae66eef33543c71b891,2017-10-31T15:44:28.000Z,0.00000044399999999999,0xff70eeda6fb9380d30b9a202c7a4970a2d966d37,sell,0x1f103fd7c4fa908c25387da70ed287b632bd22a2,0xa01335fb24d4aea9db71e1cd76da2268567065470f2f8f705e1a5eddeb9a66ff
26,12000,0.01632,0xdbf1e775c06010785fcf4224ddeefcc64af1e2b4,2017-10-31T13:08:24.000Z,0.00000136,0xcb6e4ab37a2829438a7653ede8bafcf73b7aacf0,buy,0x1f103fd7c4fa908c25387da70ed287b632bd22a2,0x2165f51c8b0dd7b61871982dce3cd6c7bba2f888c0e846af11c19a1943d76299
27,1002.8910377828731,0.000333962715581696,0xea77e83c306f3e3f4654e2b2e272306efc94c9bd,2017-10-31T10:55:41.000Z,0.00000033299999999999,0x4986ac8522e8831e71439c529e514022596c301b,sell,0x1f103fd7c4fa908c25387da70ed287b632bd22a2,0x75adafdbabfef360ebd608f008a79e19a6ed9024ea6f2f38b2026bba819f16b8
28,1508,0.002183584,0xab45233b06b1d1f452901661f6a931c9da663cc0,2017-10-31T09:09:08.000Z,0.000001448,0x0cccfb3476efda0a3ab319e97a7767409eee39e3,buy,0x1f103fd7c4fa908c25387da70ed287b632bd22a2,0xdd7cf439f4e9d565748b6dd1a02809c25a51bf0ab7ce88dfad7e5e923da35a5b
29,104679.49356993321,0.03276468148738909,0xcd78d7d6131b92d5ab0ad89921a0f066b2a2d724,2017-10-31T06:25:26.000Z,0.00000031299999999999,0xffd84530db27cc11d3ebf2b4854e3b2b53609a7e,sell,0x1f103fd7c4fa908c25387da70ed287b632bd22a2,0x76f8a0ec4d6b96302ad40e05d986481cbca5795b476a7f6a9e45068b02e20f86
30,1132.9647421372247,0.000354617964288951,0x971f30c325d9924ad472adf0bf98702502baad93,2017-10-31T04:14:12.000Z,0.00000031299999999999,0xe444a40689f51f63bcd29910622035707d533d29,sell,0x1f103fd7c4fa908c25387da70ed287b632bd22a2,0x928a94bec91852ad5e16acfe26a23de40a017138e7ef69bb1f4812b5638aa7a5
31,1002.8910377828731,0.000312902003788256,0xff3f8d703bbfca2bd2be9eb2ba182f071b84f975,2017-10-30T22:06:11.000Z,0.00000031199999999999,0x8a75ff000589d114288fa6b7ca9fe51b9fb69283,sell,0x1f103fd7c4fa908c25387da70ed287b632bd22a2,0x8a03ed3c01b5a109935e4cbf806546784933f593bb2fadebfad5a3271430a5fb
32,22002,0.055005,0xefa7abbd5fe2aef47b325619b0824d41835f5d6c,2017-10-30T03:22:40.000Z,0.0000025,0x5da8edec8e3385e5808599463abfbc7efd1d8a3e,buy,0x1f103fd7c4fa908c25387da70ed287b632bd22a2,0x1e4df945d44267021d56483ec7938cfda091bdbc00967f0a53f815a9da8283a2
33,7000,0.007,0xefa7abbd5fe2aef47b325619b0824d41835f5d6c,2017-10-30T03:22:40.000Z,0.000001,0xd5793048df04f90d2224706faaa76e05e2c635e6,buy,0x1f103fd7c4fa908c25387da70ed287b632bd22a2,0x73cc6e9661104a567157f79fd20f68d427c53a018693a2af0dff9457c6f0eafa
34,1005.9999999998422,0.001810799999999716,0xefa7abbd5fe2aef47b325619b0824d41835f5d6c,2017-10-30T03:22:40.000Z,0.0000018,0xfa410cbf8064c8343497883ae3bcc86977307bb3,buy,0x1f103fd7c4fa908c25387da70ed287b632bd22a2,0xd9bf8992c457724cd0c5c33761b99ad93c0241811605a8279778646b3d5e5c89
35,3012,0.003012,0xefa7abbd5fe2aef47b325619b0824d41835f5d6c,2017-10-30T03:22:23.000Z,0.000001,0xfeb04b6ffb388131d00dea87b6c39b10e27ba2ed,buy,0x1f103fd7c4fa908c25387da70ed287b632bd22a2,0xa17d33ebed87fc1fc3a37141c242d4f087b484818560f8139e1b4bf196e175f0
36,1006,0.001004994,0xefa7abbd5fe2aef47b325619b0824d41835f5d6c,2017-10-30T03:21:59.000Z,0.000000999,0x068d1a6030bb3e8cf185b0433dd3c48c6d3157b8,buy,0x1f103fd7c4fa908c25387da70ed287b632bd22a2,0x46c4957e4831d6bcedc5cf3721db5164e5a99f195d0fcb511430a5e14189e621
37,30004,0.060008,0xefa7abbd5fe2aef47b325619b0824d41835f5d6c,2017-10-30T03:20:17.000Z,0.000002,0xba6f091dc0d6eca7113988772e9844433710d00c,buy,0x1f103fd7c4fa908c25387da70ed287b632bd22a2,0x711dc62e6b88fa625ade1551fd6f67fd049499b7fa9e7bac8739517b3ee7452d
38,45011,0.07741892,0xefa7abbd5fe2aef47b325619b0824d41835f5d6c,2017-10-30T03:20:17.000Z,0.00000172,0x9f9b064e5a940ba416bdad88a88306b1cf0bf5d3,buy,0x1f103fd7c4fa908c25387da70ed287b632bd22a2,0xfe1402447e33d36e6cdaaf69546155b2d764feb1ccf20e5bf9d18e6843872f9c
39,18732.542,0.0206057962,0xefa7abbd5fe2aef47b325619b0824d41835f5d6c,2017-10-30T03:20:03.000Z,0.0000011,0x971f30c325d9924ad472adf0bf98702502baad93,buy,0x1f103fd7c4fa908c25387da70ed287b632bd22a2,0xfc71a2d59cb6f02119c26bbd8c32e8ec18defd45482ea927926f20ab740ad840
40,30002,0.030002,0xefa7abbd5fe2aef47b325619b0824d41835f5d6c,2017-10-30T03:20:03.000Z,0.000001,0x6eedcaf4a1054aa21052176d386e3a9055566088,buy,0x1f103fd7c4fa908c25387da70ed287b632bd22a2,0xa5c0d960b4ce403ebff44b3da83f507038f0b035ebb5c7e3a51fded9cd26e9bb
41,23000,0.0138,0xefa7abbd5fe2aef47b325619b0824d41835f5d6c,2017-10-30T03:19:17.000Z,0.0000006,0xb417fc8781bfd509b91c6360493535512b133481,buy,0x1f103fd7c4fa908c25387da70ed287b632bd22a2,0xaaf557c6443245483e1c56c7fbb9a3dad68d1b50ab06cc9a0b8e1a661babe79b
42,27728.272727272728,0.01220044,0xefa7abbd5fe2aef47b325619b0824d41835f5d6c,2017-10-30T03:19:08.000Z,0.00000044,0xd675f874fd34ea7d35f712fa8cf6ff8ec6d95446,buy,0x1f103fd7c4fa908c25387da70ed287b632bd22a2,0x010715a383db55bc6ac432cc88578959d6ad6d94489b08b4e6841653466759cf
43,31008,0.0093024,0xefa7abbd5fe2aef47b325619b0824d41835f5d6c,2017-10-30T03:18:58.000Z,0.0000003,0x4b0b415ea01924be143a22e60829195f984e1966,buy,0x1f103fd7c4fa908c25387da70ed287b632bd22a2,0x4a2785f6a3a91a22f0f76edcc573d2256943f58999c348440d805dcf73d7d8d9
44,47000,0.013865,0xefa7abbd5fe2aef47b325619b0824d41835f5d6c,2017-10-30T03:18:58.000Z,0.000000295,0xcddb14d18ef1369cf43b9fcffcd4c44e2e0d000a,buy,0x1f103fd7c4fa908c25387da70ed287b632bd22a2,0x5536a9ee10d2600318a31313db902ebfdbf5949a221d02afaaf454ca5757917f
45,75000,0.032925,0xefa7abbd5fe2aef47b325619b0824d41835f5d6c,2017-10-30T03:18:58.000Z,0.000000439,0xd92ce5941305b7cf1e5cc5713b93db2b651a4fdf,buy,0x1f103fd7c4fa908c25387da70ed287b632bd22a2,0x5dd23336aa115673a7a8b459095c35e80574a919ef1ac4973781ff404ba4fb51
46,10002,0.00420084,0xefa7abbd5fe2aef47b325619b0824d41835f5d6c,2017-10-30T03:18:58.000Z,0.00000042,0x39c1c69b5f878cb1e4bfd79013d5b978c6d0d6f5,buy,0x1f103fd7c4fa908c25387da70ed287b632bd22a2,0x0673df226c3acc475ddb7b93deaff110d299086285c1eb6b806d33a09f165d84
47,10000,0.0044,0xefa7abbd5fe2aef47b325619b0824d41835f5d6c,2017-10-30T03:18:58.000Z,0.00000044,0x39c1c69b5f878cb1e4bfd79013d5b978c6d0d6f5,buy,0x1f103fd7c4fa908c25387da70ed287b632bd22a2,0x27d13f115868372a5f5b1d77c8f9da1f3c42555ea004d47b32bfb9e93ff78bb2
48,10000,0.004,0xefa7abbd5fe2aef47b325619b0824d41835f5d6c,2017-10-30T03:18:58.000Z,0.0000004,0x39c1c69b5f878cb1e4bfd79013d5b978c6d0d6f5,buy,0x1f103fd7c4fa908c25387da70ed287b632bd22a2,0xe2620e0d16c361df5b0df1f02d839b337931afd26bd22f5b2ba09fad51faff08
49,45867.80978965208,0.004678516598544512,0xd347f7b5fab42a04177be02c1f669aab83fae992,2017-10-30T01:56:15.000Z,0.00000010199999999999,0x8ba1cda1da80cead8aab5f2680708dfc477e4ccb,sell,0x1f103fd7c4fa908c25387da70ed287b632bd22a2,0xda5e8bd2e401e504bb27a14740cd8e21b9150ce22d27db62c4781dc667d36766
50,15269.028081525677,0.001557440864315619,0xd347f7b5fab42a04177be02c1f669aab83fae992,2017-10-29T23:59:07.000Z,0.00000010199999999999,0x0001e8621906f36e6a045d526969be6475ad0924,sell,0x1f103fd7c4fa908c25387da70ed287b632bd22a2,0x5a333bb10c0f554fa845199204a16c6482517b3e3a850aa82894c720ce02f705
51,14640.715784069385,0.001610478736247632,0x3cc20253b2f7ceeec87ed6db1facdd622f975d3c,2017-10-29T23:58:07.000Z,0.00000010999999999999,0x0001e8621906f36e6a045d526969be6475ad0924,sell,0x1f103fd7c4fa908c25387da70ed287b632bd22a2,0x4b374ccde31463e783ea5d77ee995f54bec5c0fb2e7c06e7603aa5ffedcd2c38
52,29912.271956933506,0.003051051739607217,0xd347f7b5fab42a04177be02c1f669aab83fae992,2017-10-29T15:10:03.000Z,0.00000010199999999999,0xe1d1340d90e97a96199942ab5fe5b87670989631,sell,0x1f103fd7c4fa908c25387da70ed287b632bd22a2,0xfd5f9ec9026f041e1f9664ee5b7b17220a349244ee09ddf08148cf37899ab1c3
53,14956.634433256904,0.001525576712192204,0xd347f7b5fab42a04177be02c1f669aab83fae992,2017-10-29T15:03:51.000Z,0.00000010199999999999,0x64045e225fb20c26f3d0052ef82b40b723e5da05,sell,0x1f103fd7c4fa908c25387da70ed287b632bd22a2,0x8a739894107528d43d66c0a224c2eb166cd2e524b650af29a0f1b88358557cc4
54,1000,0.0002,0xfeb04b6ffb388131d00dea87b6c39b10e27ba2ed,2017-10-29T08:11:44.000Z,0.0000002,0x5634fc9a8194fa713558d8962ff7c3d2be45bb2a,sell,0x1f103fd7c4fa908c25387da70ed287b632bd22a2,0x0cc805efff86894b398e800f6ce47c2fbe4545cd137439f0181e95513a9b28e4
55,45369.469125937496,0.008937785417809686,0xe606c87aef519892a27d6a6276209f3c091d7415,2017-10-29T04:18:43.000Z,0.00000019699999999999,0x6ea314700745ea32544837a3819d4fc09174979c,sell,0x1f103fd7c4fa908c25387da70ed287b632bd22a2,0x89a3d5ae53bf0d431fca96373c610d688e5ca0e9d24d249ece517a7a8f97b05a
56,24653.672,0.01084761568,0xab45233b06b1d1f452901661f6a931c9da663cc0,2017-10-29T02:14:44.000Z,0.00000044,0x5c11ca8348a2a8670eff2251b00e2c239a940f35,buy,0x1f103fd7c4fa908c25387da70ed287b632bd22a2,0xf7b8cd84d2ae84c66f833af70304ae14aed8be866065c2a889e1721620f2d5ee
57,29908.284318612303,0.005891932010766623,0xe606c87aef519892a27d6a6276209f3c091d7415,2017-10-28T23:34:29.000Z,0.00000019699999999999,0x3c4bf1a3309cb0f90670d9eec18bab665ec12902,sell,0x1f103fd7c4fa908c25387da70ed287b632bd22a2,0xea595fe0cc104e9ee1f794fbb80aac1e9631ad29877170186f2c844a7a9e1348
58,1136.3636363636363,0.0005,0x34f9560c63078eb61872a4dc2ccd20e21c34feaf,2017-10-28T20:31:18.000Z,0.00000044,0xd675f874fd34ea7d35f712fa8cf6ff8ec6d95446,buy,0x1f103fd7c4fa908c25387da70ed287b632bd22a2,0x707abea6d67d528484c90f7580d90c1e0418011118b6a2b43beadeb2caa6251b
59,1136.3636363636363,0.0005,0xe444a40689f51f63bcd29910622035707d533d29,2017-10-28T20:22:06.000Z,0.00000044,0xd675f874fd34ea7d35f712fa8cf6ff8ec6d95446,buy,0x1f103fd7c4fa908c25387da70ed287b632bd22a2,0xaf7014ef5cc6e7bcd882bf044d54736ead936c5a466281103c9e1e781206c83b
60,29907.287409032,0.005891735619579304,0xe606c87aef519892a27d6a6276209f3c091d7415,2017-10-28T19:36:38.000Z,0.00000019699999999999,0x7ba567a5ebe5af6be6b96187ee4358e189f97a07,sell,0x1f103fd7c4fa908c25387da70ed287b632bd22a2,0x864ca33b984f468dd5f93e5768b31635db310f4a307ebe96c1a91870b2bdf0a3
61,4305.605946565646,0.000848204371473432,0xe606c87aef519892a27d6a6276209f3c091d7415,2017-10-28T18:27:40.000Z,0.00000019699999999999,0xba4177fde40679239c854fc088ed33ccb1a7aac2,sell,0x1f103fd7c4fa908c25387da70ed287b632bd22a2,0x473f42d22bd0e41fb389e1007b1da51ee42153ec29ea601ae8dd0da095436d14
62,25607.225,0.00808164021,0x11a985d42d6fa4cac941943a63f362c3497fa0fe,2017-10-28T18:23:33.000Z,0.0000003156,0xba4177fde40679239c854fc088ed33ccb1a7aac2,sell,0x1f103fd7c4fa908c25387da70ed287b632bd22a2,0x25f2e8562022a86a460f3ca8829041801c95da6e99421b2bd054ee8a496a26d0
63,29910.278137772904,0.009439683780281129,0x11a985d42d6fa4cac941943a63f362c3497fa0fe,2017-10-28T16:24:57.000Z,0.00000031559999999999,0x68b4683475747e28a83596e94b58187d452099cf,sell,0x1f103fd7c4fa908c25387da70ed287b632bd22a2,0x60301529d6bc8b615b4851f12de32ae029850592a1012072f3b0c1954b080143
64,1002.8910377828731,0.000316512411524274,0x11a985d42d6fa4cac941943a63f362c3497fa0fe,2017-10-28T14:36:47.000Z,0.00000031559999999999,0xf6081ac9c1bec3513d4545c17034b1353230f8b0,sell,0x1f103fd7c4fa908c25387da70ed287b632bd22a2,0x97083b98fcc2eed6542a8775258bc4d0b8c0eb47559d10474795d4bfa4a6ae1c
65,49848.46974379424,0.015732177051141463,0x11a985d42d6fa4cac941943a63f362c3497fa0fe,2017-10-28T14:27:35.000Z,0.00000031559999999999,0x23e1103cbe4800db1d5a33f5eec14b673b8bb64a,sell,0x1f103fd7c4fa908c25387da70ed287b632bd22a2,0xaeb648dc181097c661c74c66f604009829d63e0bc8817a3444c2da0deb3aaa44
66,281349.66399999,0.08879395395839684,0x11a985d42d6fa4cac941943a63f362c3497fa0fe,2017-10-28T12:38:57.000Z,0.0000003156,0x8dc030c3078ab6af850d069d2a0e5ad473327202,sell,0x1f103fd7c4fa908c25387da70ed287b632bd22a2,0xb99d0f0fc62f242dcc6515fd06da7d01ca3609824c79ab1d0f68f6a4c246ae8b
67,2994.716379224404,0.000945132489283222,0x11a985d42d6fa4cac941943a63f362c3497fa0fe,2017-10-28T12:26:35.000Z,0.00000031559999999999,0x0c1b090484e81f14d5751d850cb7955ec2c07df1,sell,0x1f103fd7c4fa908c25387da70ed287b632bd22a2,0x449cfc291695f48888f825517f60f7b92a2761b387ebcd364aaf888639a22998
68,21941.979862426477,0.006924888844581796,0x11a985d42d6fa4cac941943a63f362c3497fa0fe,2017-10-28T10:09:33.000Z,0.00000031559999999999,0xf67d05715a07721b1873b1642dbfc9f3acfe2a16,sell,0x1f103fd7c4fa908c25387da70ed287b632bd22a2,0xdd9df832bcad0ca714079046962f5761f9511d30d0ffc380fb754259f42c2651
69,29912.271956933506,0.009440313029608214,0x11a985d42d6fa4cac941943a63f362c3497fa0fe,2017-10-28T08:00:52.000Z,0.00000031559999999999,0x477f82d980886f99af92077bd7e7b9fef216343b,sell,0x1f103fd7c4fa908c25387da70ed287b632bd22a2,0x73f92a7e978378edbdd931c315b4f54278bfd1ba9c0781d24035d5492f70bb03
70,13922.78374821886,0.004394030550937872,0x11a985d42d6fa4cac941943a63f362c3497fa0fe,2017-10-28T06:21:26.000Z,0.00000031559999999999,0x8cf1285ff80c652f610c098fe68b0082355f7b79,sell,0x1f103fd7c4fa908c25387da70ed287b632bd22a2,0x28197fdb26941587286507107948dab812a3f74114b8b74dd212c1b7529f4b97
71,96746.73512112451,0.017414412321802412,0x76be6d6ad321c7391f5736db90f4f76b8de74022,2017-10-28T00:05:34.000Z,0.00000017999999999999,0x65026441b2a3f9799cf13f18700db1540411e2a5,sell,0x1f103fd7c4fa908c25387da70ed287b632bd22a2,0x95626475844978c01df9cd04d6d935f92833ad162832b3fe5a49f52bd6dc10d8
72,14727.865002203665,0.002209179750330549,0xd5793048df04f90d2224706faaa76e05e2c635e6,2017-10-27T19:10:28.000Z,0.00000014999999999999,0x8747499a65278b91f61492ac8207408490858859,sell,0x1f103fd7c4fa908c25387da70ed287b632bd22a2,0xa116541a1a0cfedab1dfb4c00ecccb29277718f2fb7ae2e0155a90af1432df5b
73,29908.284318612303,0.009439054530954042,0x11a985d42d6fa4cac941943a63f362c3497fa0fe,2017-10-27T18:02:43.000Z,0.00000031559999999999,0x80697ef2e768337000ae7c2dc05b4bc3c5b18b2a,sell,0x1f103fd7c4fa908c25387da70ed287b632bd22a2,0xe32c37c40ebb2d0ac328155f6ca0e4e12900713081adeedd1597d782accd62f0
74,12590.562850418413,0.003973581635592051,0x11a985d42d6fa4cac941943a63f362c3497fa0fe,2017-10-27T17:08:57.000Z,0.00000031559999999999,0x6da92fd1f6ef15a33f585329e7f721f26d623ada,sell,0x1f103fd7c4fa908c25387da70ed287b632bd22a2,0x08178d88fc34f85c2f2803d7d7873be524f1bf18e1de9d388d42ac640d432304
75,1005.8725239167612,0.000317453368548129,0x11a985d42d6fa4cac941943a63f362c3497fa0fe,2017-10-27T16:35:50.000Z,0.00000031559999999999,0x2f44f41d28eb82547e07abb16096aca2c3c40f84,sell,0x1f103fd7c4fa908c25387da70ed287b632bd22a2,0x526bc9989bc48bd49029c2dfec4fde7151790f7ba6272da82f48e104106f4331
76,1,0.0000003156,0x11a985d42d6fa4cac941943a63f362c3497fa0fe,2017-10-27T15:56:17.000Z,0.0000003156,0xd59287c566816360f12d6ad9a6bba0ac8a1ad72b,sell,0x1f103fd7c4fa908c25387da70ed287b632bd22a2,0x49e8bcf261f6b2810accb62cef6660c079fc84413e414863ccf800dfac5ea140
77,1,0.0000003156,0x11a985d42d6fa4cac941943a63f362c3497fa0fe,2017-10-27T15:56:17.000Z,0.0000003156,0xd59287c566816360f12d6ad9a6bba0ac8a1ad72b,sell,0x1f103fd7c4fa908c25387da70ed287b632bd22a2,0xfbe13003fccea6f1971c8ad64339bb76ccd87b21135ceae60327d8d534d8d541
78,1,0.0000003156,0x11a985d42d6fa4cac941943a63f362c3497fa0fe,2017-10-27T15:56:17.000Z,0.0000003156,0xd59287c566816360f12d6ad9a6bba0ac8a1ad72b,sell,0x1f103fd7c4fa908c25387da70ed287b632bd22a2,0x9f73dac676204956e80f18063decffe022b42197ffe56800d0744fc3fef4ea92
79,1,0.0000003156,0x11a985d42d6fa4cac941943a63f362c3497fa0fe,2017-10-27T15:56:17.000Z,0.0000003156,0xd59287c566816360f12d6ad9a6bba0ac8a1ad72b,sell,0x1f103fd7c4fa908c25387da70ed287b632bd22a2,0x3378dad830baf1eeac01c7cb7dc5d8fc17d88732aa712393da018df87a866294
80,1,0.0000003156,0x11a985d42d6fa4cac941943a63f362c3497fa0fe,2017-10-27T15:56:17.000Z,0.0000003156,0xd59287c566816360f12d6ad9a6bba0ac8a1ad72b,sell,0x1f103fd7c4fa908c25387da70ed287b632bd22a2,0xfaf0d93e3f9cd721873167800c153eaa5ae37d556e627565fb7b6ff04d13387a
81,0.000000000157777777,0.000000000000000284,0xe176d8d8c7f8fcbc310dc300c1ee4c318c92ef06,2017-10-27T12:30:48.000Z,0.00000180000000887323,0xfa410cbf8064c8343497883ae3bcc86977307bb3,buy,0x1f103fd7c4fa908c25387da70ed287b632bd22a2,0xdc67e796c5cee7b07e82a81043156aa465accab71c1845bddfe0784421845f59
82,0.000000243505811965,0.000000000002849018,0xe176d8d8c7f8fcbc310dc300c1ee4c318c92ef06,2017-10-27T12:27:33.000Z,0.00001170000000003901,0xa726a5844815986650b4d5b7d6c97c54f749f32b,buy,0x1f103fd7c4fa908c25387da70ed287b632bd22a2,0x4a8d8b403706ecebc34b0834a3078f36239a79496a5d9d994934e2b58be2e008
83,11141.523629574149,0.003509579943315856,0xc12787b02b996c0c23de426b60c4dd59548a5f86,2017-10-27T08:52:55.000Z,0.00000031499999999999,0xc5cddb471e18bb107d01108b0bc0ce0a322251ee,sell,0x1f103fd7c4fa908c25387da70ed287b632bd22a2,0x4f9a69ecfc065539cd54ee614874f25bdfb66079d385133dbb3cc3f1b1741878
84,10698.333760891497,0.003744416816312023,0xbb97eaca0841cceb6fdfd892684c64936a06fb59,2017-10-27T08:48:18.000Z,0.00000034999999999999,0xc5cddb471e18bb107d01108b0bc0ce0a322251ee,sell,0x1f103fd7c4fa908c25387da70ed287b632bd22a2,0x22861f51429b665beed3d2ff8180372fa922a93c14839b452f2168e60031f350
85,8071.295,0.00283375096155,0x3421c555a64032f3bb56c0f1236138dc88ae4c7f,2017-10-27T08:48:00.000Z,0.00000035109,0xc5cddb471e18bb107d01108b0bc0ce0a322251ee,sell,0x1f103fd7c4fa908c25387da70ed287b632bd22a2,0x5fe2dfd4b60cd490a96b7b24e6255535832009ba79bc9f0fdb50d4897add44e0
86,15950.553284817068,0.005024424284717376,0xc12787b02b996c0c23de426b60c4dd59548a5f86,2017-10-27T07:57:22.000Z,0.00000031499999999999,0x6a1afc7af4278351bca6125e03cc9e1a3f41e80a,sell,0x1f103fd7c4fa908c25387da70ed287b632bd22a2,0x7a3e2e6e9817a192ce85071f0fd9b6cbd233addbd1ee5a5911b203972bc8b463
87,5213.837104974579,0.001830056823846077,0xff3f8d703bbfca2bd2be9eb2ba182f071b84f975,2017-10-26T16:50:45.000Z,0.00000035099999999999,0x8747499a65278b91f61492ac8207408490858859,sell,0x1f103fd7c4fa908c25387da70ed287b632bd22a2,0x516f2e1cac09ee148e1920d40444e468df2cbcd2373cd50a720ff964f643d81c
88,14954.6406140963,0.005249078855547801,0xff3f8d703bbfca2bd2be9eb2ba182f071b84f975,2017-10-26T13:59:13.000Z,0.00000035099999999999,0x101abec95a64c1cda04eaa1034247f2a5c1cac90,sell,0x1f103fd7c4fa908c25387da70ed287b632bd22a2,0x7e66a19eecc0a9e23c6138a5449479ed8e5ae4a470091e26d62bc1e80c694d51
89,15000,0.004965,0x107d35bdbb393d33d6d9ce4127883b057b8e6187,2017-10-26T11:04:08.000Z,0.000000331,0x24c4e918a0cff62faff4a39e75968d4a58bab227,sell,0x1f103fd7c4fa908c25387da70ed287b632bd22a2,0x89f95e1098152cfb193c1a9535dcb1204ff2cfef1aefed04360a36243bdced33
90,29910.278137772904,0.009900302063602831,0x107d35bdbb393d33d6d9ce4127883b057b8e6187,2017-10-26T10:52:11.000Z,0.00000033099999999999,0x543254568f0e3482fcdaf785d3cb8ada6d6457ad,sell,0x1f103fd7c4fa908c25387da70ed287b632bd22a2,0x2a7ad4a8d0fc1cf1ce0502f37c700931e134a8fd45d283dfa3bfead66b3a2bc4
91,7000,0.0035,0x162ea9c58164e2193d98cc97e8de3d962cab4044,2017-10-26T06:25:16.000Z,0.0000005,0x3ea8a88dc7c5930c6ee57228a7bfe43a4f876fd3,buy,0x1f103fd7c4fa908c25387da70ed287b632bd22a2,0x8444c84b33671378f97f934ac9623e30a2e03a3020f7fc34da9a7ae013efe628
92,29907.287409032,0.00927125909679992,0xbbe8a1421d8583194bd959a640cb82225650c748,2017-10-26T00:23:28.000Z,0.00000030999999999999,0xf4435e360080be78cae44f2e4b2d528f4b177abe,sell,0x1f103fd7c4fa908c25387da70ed287b632bd22a2,0x1bc26d268df7a341e830054fe9a7510d1886698219b02b9ce5b005f58225671e
93,60814.47512710597,0.01824434253813179,0xff3f8d703bbfca2bd2be9eb2ba182f071b84f975,2017-10-25T21:15:50.000Z,0.00000029999999999999,0x9e00365664411b507aff985ed8e5372353a2106f,sell,0x1f103fd7c4fa908c25387da70ed287b632bd22a2,0xade90105576aa8b7d030e048f6cc517573329d0416023cbe9da1ed6988f46587
94,29908.284318612303,0.00897248529558369,0xff3f8d703bbfca2bd2be9eb2ba182f071b84f975,2017-10-25T19:42:19.000Z,0.00000029999999999999,0x9b86511feabff8664f87caceb31e30ef7ced0397,sell,0x1f103fd7c4fa908c25387da70ed287b632bd22a2,0xdc5e890a045e71478e6f05e99af33e0879dcefb8e54be10863dfa65338f96cf5
95,35242.74748280331,0.010572824244840993,0xff3f8d703bbfca2bd2be9eb2ba182f071b84f975,2017-10-25T19:31:57.000Z,0.00000029999999999999,0x4be5bd40d06c8a34c72ce12b66cc480b28bb7ce0,sell,0x1f103fd7c4fa908c25387da70ed287b632bd22a2,0x3e3ab0fabc6f58fd040e6366a99fc0388f29f0ed7c668d1923671a46a25a8e6b
96,4450,0.001335,0xff3f8d703bbfca2bd2be9eb2ba182f071b84f975,2017-10-25T19:04:19.000Z,0.0000003,0x65026441b2a3f9799cf13f18700db1540411e2a5,sell,0x1f103fd7c4fa908c25387da70ed287b632bd22a2,0xf2b42405377f0a86c1979b42bf1a9555c7eae7e4f0925eef98d2eb278ca3600c
97,11111,0.011111,0x0fe6090affd0b5ba58586ab18fe575a51911d098,2017-10-25T15:42:28.000Z,0.000001,0x6da92fd1f6ef15a33f585329e7f721f26d623ada,sell,0x1f103fd7c4fa908c25387da70ed287b632bd22a2,0x0dbf8e8fae7f99efa4ccfebecbb622587967ef81220a860b91ccfc9befe0bfad
98,11111,0.011111,0x0fe6090affd0b5ba58586ab18fe575a51911d098,2017-10-25T15:42:28.000Z,0.000001,0x6da92fd1f6ef15a33f585329e7f721f26d623ada,sell,0x1f103fd7c4fa908c25387da70ed287b632bd22a2,0x6076f2043cf89950978345114802a56e2aa0f8ebfc72e01ca0d80ee398caf824
99,1002,0.001002,0x7c17326ef8d803b1191a27ba830f5b2d8cdca869,2017-10-25T15:09:33.000Z,0.000001,0x37b4d54cc98f34d10de4596546cd4f3fa3000a4e,sell,0x1f103fd7c4fa908c25387da70ed287b632bd22a2,0x5a5ec5bb64a6764bf7d5c6821a35cf9bdbbd42976956d94e206ca49ece6e76e3
100,29911.275047353203,0.029911275047353206,0x7c17326ef8d803b1191a27ba830f5b2d8cdca869,2017-10-25T14:54:47.000Z,0.00000099999999999999,0xf14d862b94b3fcf9c4e6054ce093d21a45695f69,sell,0x1f103fd7c4fa908c25387da70ed287b632bd22a2,0xe99aa38c6a4e4ed80c58f9242471025a0b079bca6e8174fa98edec3e338bb9c7
101,30912.172265975478,0.030912172265975476,0x7c17326ef8d803b1191a27ba830f5b2d8cdca869,2017-10-25T14:34:54.000Z,0.00000099999999999999,0x5d0dd36d2085cfed183301f473efbdf802f40b13,sell,0x1f103fd7c4fa908c25387da70ed287b632bd22a2,0x86040916277772de61988026bd7df6d96a5e79ad0779fcf7a950171fed292b8b
102,49852.435816032405,0.04985243581603241,0x7c17326ef8d803b1191a27ba830f5b2d8cdca869,2017-10-25T13:59:50.000Z,0.00000099999999999999,0xc831351db606827e2ba4f88ab98f3483faa17fb8,sell,0x1f103fd7c4fa908c25387da70ed287b632bd22a2,0x90e643600ccbd978fc9bc53f66f9f426f5a4074bc1b9af74fad4bd9f3c47d969
103,26.996987773751624,0.000026996987773751,0x7c17326ef8d803b1191a27ba830f5b2d8cdca869,2017-10-25T12:57:50.000Z,0.00000099999999999997,0xff3f8d703bbfca2bd2be9eb2ba182f071b84f975,sell,0x1f103fd7c4fa908c25387da70ed287b632bd22a2,0xea5ef5e29454abcdc0a0da6f7225556d4b1f9058fa8534c919cea597a9884e1f
104,270806.78435850254,0.27080678435850253,0x7c17326ef8d803b1191a27ba830f5b2d8cdca869,2017-10-25T12:56:36.000Z,0.00000099999999999999,0xff3f8d703bbfca2bd2be9eb2ba182f071b84f975,sell,0x1f103fd7c4fa908c25387da70ed287b632bd22a2,0x0adb68d2831b9633713b026f97b689a86200ac291a56ea8bd9fc6f8be8d2fb77
105,29907.287409032,0.029907287409032,0x7c17326ef8d803b1191a27ba830f5b2d8cdca869,2017-10-25T12:48:25.000Z,0.00000099999999999999,0x557237308a9b335d738a4d805db3c11e74bcca1e,sell,0x1f103fd7c4fa908c25387da70ed287b632bd22a2,0x293aef5f920f2bffa51c16d6a6a5df00b359ad3324a5c8a0f944ee3b65c6b38f
106,30910.178446814873,0.030910178446814873,0x7c17326ef8d803b1191a27ba830f5b2d8cdca869,2017-10-25T12:38:20.000Z,0.00000099999999999999,0x30ba5d3d3df3f6f661b82a19c9551e993713dbee,sell,0x1f103fd7c4fa908c25387da70ed287b632bd22a2,0x2e06482d0c9c575b89a2df7c66da982d9c6e8c540bba352d3a6efd8cbb2a73f1
107,29911.275047353203,0.014955637523676601,0x7c17326ef8d803b1191a27ba830f5b2d8cdca869,2017-10-25T12:26:44.000Z,0.00000049999999999999,0x5f196a1f193758d8a19cfabe7f038ac4d27a6e36,sell,0x1f103fd7c4fa908c25387da70ed287b632bd22a2,0x39a171e6b9a8c06e27a8c77913644ed36ffeadd72e5e8f552b20846d4d87fa0f
108,29912.991,0.029912991,0x7c17326ef8d803b1191a27ba830f5b2d8cdca869,2017-10-25T11:58:09.000Z,0.000001,0x273a5d3e6721b9f5c1a6474f560c1334c63dda01,sell,0x1f103fd7c4fa908c25387da70ed287b632bd22a2,0x23db24f3349b80fbf9d31686b22afbe858db5e844d5407b0f7f33f4125750bce
109,30000,0.0195,0x273a5d3e6721b9f5c1a6474f560c1334c63dda01,2017-10-25T11:58:09.000Z,0.00000065,0x66b62a4ae4bd39f016f466191c64f8e8ff6baedf,buy,0x1f103fd7c4fa908c25387da70ed287b632bd22a2,0x0b8e207ea41133294381883bf6a64dd8498d3dcc692b37b47304224b6f495f77
110,30003,0.01950195,0x273a5d3e6721b9f5c1a6474f560c1334c63dda01,2017-10-25T11:58:09.000Z,0.00000065,0xf9b3b98a7f5862c5cc16bb4a811d50a170ecd191,buy,0x1f103fd7c4fa908c25387da70ed287b632bd22a2,0x23db24f3349b80fbf9d31686b22afbe858db5e844d5407b0f7f33f4125750bce
111,29910,0.02991,0x7c17326ef8d803b1191a27ba830f5b2d8cdca869,2017-10-25T11:58:09.000Z,0.000001,0x273a5d3e6721b9f5c1a6474f560c1334c63dda01,sell,0x1f103fd7c4fa908c25387da70ed287b632bd22a2,0x0b8e207ea41133294381883bf6a64dd8498d3dcc692b37b47304224b6f495f77
112,30005,0.020373395,0x273a5d3e6721b9f5c1a6474f560c1334c63dda01,2017-10-25T11:58:09.000Z,0.000000679,0xa59ec9d10e2ac2dea0b1c31407d0b3eb6daa5d27,buy,0x1f103fd7c4fa908c25387da70ed287b632bd22a2,0xc47c24ea9d8fe337122831a06339ed89f9fb0875282d0682588139d39af76d2f
113,30000,0.0204,0x273a5d3e6721b9f5c1a6474f560c1334c63dda01,2017-10-25T11:58:09.000Z,0.00000068,0x265889a757b7227cc81d649b3d1471d48bc2f0dd,buy,0x1f103fd7c4fa908c25387da70ed287b632bd22a2,0xda47772ce8ed1efbd2f4e438e0e7b29138ade4a829f8edd59b57fcc8f5ca2c69
114,29914.985,0.029914985,0x7c17326ef8d803b1191a27ba830f5b2d8cdca869,2017-10-25T11:58:09.000Z,0.000001,0x273a5d3e6721b9f5c1a6474f560c1334c63dda01,sell,0x1f103fd7c4fa908c25387da70ed287b632bd22a2,0xc47c24ea9d8fe337122831a06339ed89f9fb0875282d0682588139d39af76d2f
115,29910,0.02991,0x7c17326ef8d803b1191a27ba830f5b2d8cdca869,2017-10-25T11:58:09.000Z,0.000001,0x273a5d3e6721b9f5c1a6474f560c1334c63dda01,sell,0x1f103fd7c4fa908c25387da70ed287b632bd22a2,0xda47772ce8ed1efbd2f4e438e0e7b29138ade4a829f8edd59b57fcc8f5ca2c69
116,30914.976,0.030914976,0x7c17326ef8d803b1191a27ba830f5b2d8cdca869,2017-10-25T11:57:34.000Z,0.000001,0x273a5d3e6721b9f5c1a6474f560c1334c63dda01,sell,0x1f103fd7c4fa908c25387da70ed287b632bd22a2,0xc6fc23f20748e18c4f932d76397da95762fe062a895afb97c9251c324e3e2aa1
117,121304.046838,0.121304046838,0x7c17326ef8d803b1191a27ba830f5b2d8cdca869,2017-10-25T11:57:34.000Z,0.000001,0x273a5d3e6721b9f5c1a6474f560c1334c63dda01,sell,0x1f103fd7c4fa908c25387da70ed287b632bd22a2,0x33290774616abc6525d4822c573f5cf3455fa63a5a986afe96de00370d4a5d28
118,121669.054,0.081031589964,0x273a5d3e6721b9f5c1a6474f560c1334c63dda01,2017-10-25T11:57:34.000Z,0.000000666,0x107d35bdbb393d33d6d9ce4127883b057b8e6187,buy,0x1f103fd7c4fa908c25387da70ed287b632bd22a2,0x33290774616abc6525d4822c573f5cf3455fa63a5a986afe96de00370d4a5d28
119,31008,0.0201552,0x273a5d3e6721b9f5c1a6474f560c1334c63dda01,2017-10-25T11:57:34.000Z,0.00000065,0x78a7f4859f41fcf7b7babdfe07033fb6a311afc1,buy,0x1f103fd7c4fa908c25387da70ed287b632bd22a2,0xc6fc23f20748e18c4f932d76397da95762fe062a895afb97c9251c324e3e2aa1
120,381280,0.343152,0x273a5d3e6721b9f5c1a6474f560c1334c63dda01,2017-10-25T11:57:34.000Z,0.0000009,0xbbe8a1421d8583194bd959a640cb82225650c748,buy,0x1f103fd7c4fa908c25387da70ed287b632bd22a2,0xd80aff8154b925929e18c1918a419f4d3be6f69731fd2336e54717736910a6a0
121,380136.16,0.38013616,0x7c17326ef8d803b1191a27ba830f5b2d8cdca869,2017-10-25T11:57:34.000Z,0.000001,0x273a5d3e6721b9f5c1a6474f560c1334c63dda01,sell,0x1f103fd7c4fa908c25387da70ed287b632bd22a2,0xd80aff8154b925929e18c1918a419f4d3be6f69731fd2336e54717736910a6a0
122,12947.042,0.012947042,0x7c17326ef8d803b1191a27ba830f5b2d8cdca869,2017-10-25T11:57:28.000Z,0.000001,0x273a5d3e6721b9f5c1a6474f560c1334c63dda01,sell,0x1f103fd7c4fa908c25387da70ed287b632bd22a2,0x34ae25da8945b62fc594fcda6c650b55557afbb4eec268a9c3983655cf21b428
123,12986,0.0071423,0x273a5d3e6721b9f5c1a6474f560c1334c63dda01,2017-10-25T11:57:28.000Z,0.00000055,0xbb97eaca0841cceb6fdfd892684c64936a06fb59,buy,0x1f103fd7c4fa908c25387da70ed287b632bd22a2,0x34ae25da8945b62fc594fcda6c650b55557afbb4eec268a9c3983655cf21b428
124,100000,0.05,0x273a5d3e6721b9f5c1a6474f560c1334c63dda01,2017-10-25T11:57:28.000Z,0.0000005,0x66a4e99923ff534c41936d0b28a13980b0a942f0,buy,0x1f103fd7c4fa908c25387da70ed287b632bd22a2,0xf8a473b53e8e3ddf6bcd7d8aa78917608fae3259a02c089f3809f42a1aace2d7
125,6979,0.006979,0x7c17326ef8d803b1191a27ba830f5b2d8cdca869,2017-10-25T11:57:28.000Z,0.000001,0x273a5d3e6721b9f5c1a6474f560c1334c63dda01,sell,0x1f103fd7c4fa908c25387da70ed287b632bd22a2,0xdf5c075257f32d75753eab0e5aab935920171acc3c5056da7ff37c6f4f4b71d0
126,99700,0.0997,0x7c17326ef8d803b1191a27ba830f5b2d8cdca869,2017-10-25T11:57:28.000Z,0.000001,0x273a5d3e6721b9f5c1a6474f560c1334c63dda01,sell,0x1f103fd7c4fa908c25387da70ed287b632bd22a2,0xf8a473b53e8e3ddf6bcd7d8aa78917608fae3259a02c089f3809f42a1aace2d7
127,29913.988,0.029913988,0x7c17326ef8d803b1191a27ba830f5b2d8cdca869,2017-10-25T11:57:28.000Z,0.000001,0x273a5d3e6721b9f5c1a6474f560c1334c63dda01,sell,0x1f103fd7c4fa908c25387da70ed287b632bd22a2,0xc614956d65ff363c48bd944646b4346fc98a932a5b7a4bc1ce1c5beaee4fcf73
128,7000,0.00385,0x273a5d3e6721b9f5c1a6474f560c1334c63dda01,2017-10-25T11:57:28.000Z,0.00000055,0xb417fc8781bfd509b91c6360493535512b133481,buy,0x1f103fd7c4fa908c25387da70ed287b632bd22a2,0xdf5c075257f32d75753eab0e5aab935920171acc3c5056da7ff37c6f4f4b71d0
129,30004,0.0165022,0x273a5d3e6721b9f5c1a6474f560c1334c63dda01,2017-10-25T11:57:28.000Z,0.00000055,0x9182481129089f9cd11eb8eb0d1c6ea9ae23ed1a,buy,0x1f103fd7c4fa908c25387da70ed287b632bd22a2,0xc614956d65ff363c48bd944646b4346fc98a932a5b7a4bc1ce1c5beaee4fcf73
130,4993.520087728043,0.001048639218422889,0xc12787b02b996c0c23de426b60c4dd59548a5f86,2017-10-25T06:20:55.000Z,0.00000020999999999999,0x38b121b63cb3904306954faebeb451fa9d40ba7a,sell,0x1f103fd7c4fa908c25387da70ed287b632bd22a2,0x4c058b82290b3ec56e385509371962c5cb5a55781f812efaa301186520949013
131,1002.8910377828731,0.000210607117934403,0xc12787b02b996c0c23de426b60c4dd59548a5f86,2017-10-25T00:00:32.000Z,0.00000020999999999999,0xa8759794f4228712d36297f9ca59368d587657d5,sell,0x1f103fd7c4fa908c25387da70ed287b632bd22a2,0x76a6ed1673e367e828a5c0747e31acf43e1f64a7461a31dc93f2b2bb41aebb1f
132,1002.8910377828731,0.000200578207556574,0xbb97eaca0841cceb6fdfd892684c64936a06fb59,2017-10-24T16:57:26.000Z,0.00000019999999999999,0x80ab0037f24658fc24c40202585ab8ff4f51c02c,sell,0x1f103fd7c4fa908c25387da70ed287b632bd22a2,0x9d451be7e19f560f6ec87a3d137f8059f0fccf0a714ce960ca4f4fb034747e0f
133,1002.8910377828731,0.000200578207556574,0xbb97eaca0841cceb6fdfd892684c64936a06fb59,2017-10-24T16:12:19.000Z,0.00000019999999999999,0x34d4ecd77d6378ebdda1c62a38881e4587109181,sell,0x1f103fd7c4fa908c25387da70ed287b632bd22a2,0xf7c1b5dca7d74f55f7eda331680a744ec0e74041d83d5ee3887679006746e17d
134,0.1002757593433102,0.000000020055151868,0xbb97eaca0841cceb6fdfd892684c64936a06fb59,2017-10-24T12:08:08.000Z,0.00000019999999999339,0xd474af8d5da4b92b51f674b937387a587a39a1a5,sell,0x1f103fd7c4fa908c25387da70ed287b632bd22a2,0x755fd71f18c467db96e445fefab29f68d069bba1ba1476dacb18646eb3e5d706
135,1005.8661419727446,0.000201173228394548,0xbb97eaca0841cceb6fdfd892684c64936a06fb59,2017-10-24T12:07:23.000Z,0.00000019999999999999,0xd474af8d5da4b92b51f674b937387a587a39a1a5,sell,0x1f103fd7c4fa908c25387da70ed287b632bd22a2,0xacf1b8f2e433e35769d6b08006941e3e30c4922c8340842635d13a8f42a91439
136,9975.077260492473,0.001995015452098494,0xbb97eaca0841cceb6fdfd892684c64936a06fb59,2017-10-24T11:59:38.000Z,0.00000019999999999999,0xf42fd7d53c62311b2e9d00f148f395b593336ec7,sell,0x1f103fd7c4fa908c25387da70ed287b632bd22a2,0x8a916cf84383c1ba7075db446c512aac23d9c03aa7190d7199217dc94a72644a
137,4954.994,0.0034684958,0x71d048fae16f84025216428c9e87af836129d3fb,2017-10-24T01:53:15.000Z,0.0000007,0xb417fc8781bfd509b91c6360493535512b133481,buy,0x1f103fd7c4fa908c25387da70ed287b632bd22a2,0x49d7a9e08aed32a395e1762041361dd4617bfd0776a4364428d2e6a3d9208436
138,10450,0.0011495,0x3cc20253b2f7ceeec87ed6db1facdd622f975d3c,2017-10-23T16:09:05.000Z,0.00000011,0xed0a1219e59f242213aeeedf6f00733afa3ca1da,sell,0x1f103fd7c4fa908c25387da70ed287b632bd22a2,0xa5d5323de39915e1ee4c1ab7607500ed251bb273c82c0adda5e7ddac1e3644e1
139,9999,0.00779922,0x54b59cbea68b581f1fa6ae1c3d5ea0643e8e2378,2017-10-23T15:19:26.000Z,0.00000078,0x7d4a6412bbcae3ac6fe12aa88e76f3d632d9a084,buy,0x1f103fd7c4fa908c25387da70ed287b632bd22a2,0xdab71d8652b94b008dad53de9469cb17543624147f6a57bd06a9dc3e7e98f35f
140,0.000997,0.000997997,0xd7745c786c9c4964d35f79ad773b52469aa8072c,2017-10-23T14:06:05.000Z,1.001,0x273a5d3e6721b9f5c1a6474f560c1334c63dda01,sell,0x1f103fd7c4fa908c25387da70ed287b632bd22a2,0x4a832a749ba0d790a5c5dafe9483be185b91f99be098fc99d9296cba920823a0
141,0.001,0.00000000078,0x273a5d3e6721b9f5c1a6474f560c1334c63dda01,2017-10-23T14:06:05.000Z,0.00000078,0x7d4a6412bbcae3ac6fe12aa88e76f3d632d9a084,buy,0x1f103fd7c4fa908c25387da70ed287b632bd22a2,0x4a832a749ba0d790a5c5dafe9483be185b91f99be098fc99d9296cba920823a0
142,29909.2812281926,0.003290020935101186,0x3cc20253b2f7ceeec87ed6db1facdd622f975d3c,2017-10-23T13:18:10.000Z,0.00000010999999999999,0xe453543002d74f0fd4a6100f2f96d72feec80669,sell,0x1f103fd7c4fa908c25387da70ed287b632bd22a2,0xdfd26a4dbe395d60cc2c9b280096c4a974f992da982965ef9abe79e1e7ac364e
143,0.001,0.00000000078,0x273a5d3e6721b9f5c1a6474f560c1334c63dda01,2017-10-23T13:03:05.000Z,0.00000078,0x7d4a6412bbcae3ac6fe12aa88e76f3d632d9a084,buy,0x1f103fd7c4fa908c25387da70ed287b632bd22a2,0x4dfa48ccb654fe21f43d02b69ca4a8a0b4efe19fb6aa0845f28e2ed876d72075
144,0.000997,0.0009970997,0xd7745c786c9c4964d35f79ad773b52469aa8072c,2017-10-23T13:03:05.000Z,1.0001,0x273a5d3e6721b9f5c1a6474f560c1334c63dda01,sell,0x1f103fd7c4fa908c25387da70ed287b632bd22a2,0x4dfa48ccb654fe21f43d02b69ca4a8a0b4efe19fb6aa0845f28e2ed876d72075
145,0.001,0.0010001,0xd7745c786c9c4964d35f79ad773b52469aa8072c,2017-10-23T12:17:35.000Z,1.0001,0xb4c432a9559a4f1464d2bff9fcbbdc14f1c39dec,sell,0x1f103fd7c4fa908c25387da70ed287b632bd22a2,0x44fd1e2256f32ac41e433cdfad2fa75956a05fd40912aaa2069ad40e38abb757
146,0.001,0.0010001,0xd7745c786c9c4964d35f79ad773b52469aa8072c,2017-10-23T11:47:39.000Z,1.0001,0xb4c432a9559a4f1464d2bff9fcbbdc14f1c39dec,sell,0x1f103fd7c4fa908c25387da70ed287b632bd22a2,0x1607b07c2867deb97d1384402983b59197e1526a712ba773b3ea973197ce898c
147,0.0005,0.0010005,0x6efdcca75dfd06ebb86be422e1d7146c480bbe63,2017-10-23T11:31:02.000Z,2.001,0xb4c432a9559a4f1464d2bff9fcbbdc14f1c39dec,sell,0x1f103fd7c4fa908c25387da70ed287b632bd22a2,0x085ff48d10c19eb42dac0d8bca3d949c5552fc68960975578da118e6fd700c61
148,0.0005,0.0010005,0x6efdcca75dfd06ebb86be422e1d7146c480bbe63,2017-10-23T11:15:17.000Z,2.001,0xb4c432a9559a4f1464d2bff9fcbbdc14f1c39dec,sell,0x1f103fd7c4fa908c25387da70ed287b632bd22a2,0x9a30691393ff65d5d980f3e4fc7e87d3469124173168a6ef3cbe5d88cf7aae19
149,0.0005,0.0010005,0x6efdcca75dfd06ebb86be422e1d7146c480bbe63,2017-10-23T11:00:50.000Z,2.001,0xb4c432a9559a4f1464d2bff9fcbbdc14f1c39dec,sell,0x1f103fd7c4fa908c25387da70ed287b632bd22a2,0x3fdf3b53f14ad0dcdbd24b13d8fe3d6caa2a0b0a58906f9c6e6e6a4fe84cb9bb
150,0.002987738012162296,0.000000000328651181,0x3cc20253b2f7ceeec87ed6db1facdd622f975d3c,2017-10-23T10:54:40.000Z,0.00000010999999988692,0x6efdcca75dfd06ebb86be422e1d7146c480bbe63,sell,0x1f103fd7c4fa908c25387da70ed287b632bd22a2,0x5c8d3f6f3f03dff2e40c640549576918b7bbc6f40ade45f48435a343b2d05f2a
151,0.001,0.001005,0x6efdcca75dfd06ebb86be422e1d7146c480bbe63,2017-10-23T10:30:18.000Z,1.005,0xb4c432a9559a4f1464d2bff9fcbbdc14f1c39dec,sell,0x1f103fd7c4fa908c25387da70ed287b632bd22a2,0xdb90f4e4dd182387d1a318b2fb8c541040a728a89f119bfdd8c9b4c88e31e211
152,0.000997,0.000998994,0x6efdcca75dfd06ebb86be422e1d7146c480bbe63,2017-10-23T10:15:12.000Z,1.002,0x273a5d3e6721b9f5c1a6474f560c1334c63dda01,sell,0x1f103fd7c4fa908c25387da70ed287b632bd22a2,0xa4b8dc83c326aaa9d3cbcbfe041b572e7c3bc9381c720d66a8ff39d11431e449
153,0.001,0.000000000799,0x273a5d3e6721b9f5c1a6474f560c1334c63dda01,2017-10-23T10:15:12.000Z,0.000000799,0x971f30c325d9924ad472adf0bf98702502baad93,buy,0x1f103fd7c4fa908c25387da70ed287b632bd22a2,0xa4b8dc83c326aaa9d3cbcbfe041b572e7c3bc9381c720d66a8ff39d11431e449
154,0.001,0.001003,0x6efdcca75dfd06ebb86be422e1d7146c480bbe63,2017-10-23T10:00:48.000Z,1.003,0xb4c432a9559a4f1464d2bff9fcbbdc14f1c39dec,sell,0x1f103fd7c4fa908c25387da70ed287b632bd22a2,0x316e5500d31b277b0cc0b195031d511adb4b479d7a2b6de7a4be3dc908efe181
155,2,0.000001598,0xb4c432a9559a4f1464d2bff9fcbbdc14f1c39dec,2017-10-23T09:52:11.000Z,0.000000799,0x971f30c325d9924ad472adf0bf98702502baad93,buy,0x1f103fd7c4fa908c25387da70ed287b632bd22a2,0x3c22aea6911099659f50e37b6536ca883d5602bac5cc028866af7eb994f26f1e
156,33000,0.018249,0x3aa939efb288273ca7273c019935f040a870c8a2,2017-10-23T06:53:22.000Z,0.000000553,0x4f43b77f599b6c892f596f6d87f0a2acc51591e7,sell,0x1f103fd7c4fa908c25387da70ed287b632bd22a2,0x39e187ae9b9c3ac5334df4cec1ac113d8e9b3c320474d18e3f3d8493ef1f6491
157,75078.257,0.041518276121,0x7bd02d3903fa837426cd80f163efb5207f2b4195,2017-10-23T06:51:58.000Z,0.000000553,0x4f43b77f599b6c892f596f6d87f0a2acc51591e7,sell,0x1f103fd7c4fa908c25387da70ed287b632bd22a2,0x578c796ac5a66e7c2fcbe5fb764f582b434ac686b9dfc0371957018875a4c87f
158,67000,0.037051,0x3aa939efb288273ca7273c019935f040a870c8a2,2017-10-23T00:58:23.000Z,0.000000553,0x8b182a4526944fa498970732a69a95d281c3c8a9,sell,0x1f103fd7c4fa908c25387da70ed287b632bd22a2,0x37749ef1196793a2557ce8a37edaaae55078a343a375f659a403a23c4fb812e4
159,9969.095803010667,0.005512909979064898,0x7bd02d3903fa837426cd80f163efb5207f2b4195,2017-10-22T19:01:02.000Z,0.00000055299999999999,0xfd5332418a6d54c31d749657189cabcefa93c372,sell,0x1f103fd7c4fa908c25387da70ed287b632bd22a2,0x7a8c81a3220e92756b0f45d53de3b34b2e54f73fdec2310f7f62e0a776287a93
160,31007,0.017146871,0x76be6d6ad321c7391f5736db90f4f76b8de74022,2017-10-22T18:54:49.000Z,0.000000553,0x0f4bddccfc4834685642b812b0fffd5ec2139fee,buy,0x1f103fd7c4fa908c25387da70ed287b632bd22a2,0xd254e943f7aebb3dfd7a712e1ef6dcade91ef624e2516de443e972f2774530a1
161,104683.48120825441,0.05757591466453993,0xbbe8a1421d8583194bd959a640cb82225650c748,2017-10-22T14:59:13.000Z,0.00000054999999999999,0xa77400c0d86ac8e0605735bed1596f53269134cc,sell,0x1f103fd7c4fa908c25387da70ed287b632bd22a2,0x107a5e41b8a2f338610cd5ccd92136cad8716bf03859c15625ddf36c4af11de6
162,264680.49047951354,0.14557426976373242,0xbbe8a1421d8583194bd959a640cb82225650c748,2017-10-22T12:52:20.000Z,0.00000054999999999999,0xa6767cfa5cfd5af286d297554c46677b53e6d8db,sell,0x1f103fd7c4fa908c25387da70ed287b632bd22a2,0xdb6600f2c22a0c591a5b151d2b4334cfda48d8c1fa71836a09881c99d7470759
163,2268.348120825441,0.002268348120825441,0x1020ed6ffa65ba324c91c7bb2ef0aea9478702e8,2017-10-22T12:35:06.000Z,0.000001,0x971f30c325d9924ad472adf0bf98702502baad93,buy,0x1f103fd7c4fa908c25387da70ed287b632bd22a2,0xf0dcd4bb059c04ae695c2b4570a3837a10b4cf89a36242e80dfd7c3ee3ebf16b
164,13019.056,0.006548585168,0x971f30c325d9924ad472adf0bf98702502baad93,2017-10-22T01:16:39.000Z,0.000000503,0x307e1218e7b34a16afa587e405c953299b25894e,sell,0x1f103fd7c4fa908c25387da70ed287b632bd22a2,0xed479957c30b29b4b9f3c21051dea16ad2e4cab02f0efe55f66cb803c367747f
165,14952.6467949357,0.008268813677599442,0x7bd02d3903fa837426cd80f163efb5207f2b4195,2017-10-22T00:28:59.000Z,0.00000055299999999999,0xd2b04839bb1005731a0250888c45dfac7429150b,sell,0x1f103fd7c4fa908c25387da70ed287b632bd22a2,0xfb276c8734bf84f5c99984be42cf151e029f8bbebbb8f29a4a5f78942faefc70
166,10912.172265975476,0.006001694746286511,0xbbe8a1421d8583194bd959a640cb82225650c748,2017-10-21T19:31:32.000Z,0.00000054999999999999,0xaa7b595e396bbf5de39bb1aaaac4e37038371099,sell,0x1f103fd7c4fa908c25387da70ed287b632bd22a2,0xe9218ef7d1fe45b69ce12dfef519e403ebf42141bd78f1cf3910131d944282af
167,20000,0.0112,0xd347f7b5fab42a04177be02c1f669aab83fae992,2017-10-21T19:28:23.000Z,0.00000056,0xaa7b595e396bbf5de39bb1aaaac4e37038371099,sell,0x1f103fd7c4fa908c25387da70ed287b632bd22a2,0xad094aa4bba9b624ed7133f64bf7387232411d0bae663736a802078ef85d4daf
168,0.8989180693672763,0.000000494404938152,0xbbe8a1421d8583194bd959a640cb82225650c748,2017-10-21T15:11:21.000Z,0.00000054999999999999,0x1548c43c81e0ccb5a01b33f19708097cce3e82c6,sell,0x1f103fd7c4fa908c25387da70ed287b632bd22a2,0xa8f2c88c1496ae91e34b6af01c1eeb86f34e0b625a54ddeea06b6ed18f72ab34
169,999.8866971949819,0.00080090924445318,0x11a985d42d6fa4cac941943a63f362c3497fa0fe,2017-10-21T14:52:09.000Z,0.00000080099999999999,0xc9dbba1f6e01411c068fd86f8a6af4e39b7a1ac5,sell,0x1f103fd7c4fa908c25387da70ed287b632bd22a2,0x38f01b276b850cc00bebdb90d0c32f93a7fc11ca5d94ee3c0d5520fafdcbfcef
170,10123.496,0.0055679228,0x3421c555a64032f3bb56c0f1236138dc88ae4c7f,2017-10-21T13:54:54.000Z,0.00000055,0x2b47fca8ae934ad8e7b687258ad0ca95f062c20c,sell,0x1f103fd7c4fa908c25387da70ed287b632bd22a2,0x63979bf85ccfa84385562d6a383c887e31818248133c2a369421f93e462ce039
171,9876.503861030804,0.005432077123566942,0x3421c555a64032f3bb56c0f1236138dc88ae4c7f,2017-10-21T12:40:56.000Z,0.00000054999999999999,0x8a6b2eb536f349e9ae09fcb92444226704937050,sell,0x1f103fd7c4fa908c25387da70ed287b632bd22a2,0x78ab8eeb3f70df6a753ce79bd09f43cb12624807787543ce5f9ace791b3d5678
172,9014.665969641643,0.018029331939283286,0x9a8249c97a61591d42ef64b7909d4207799ff5f9,2017-10-21T11:30:24.000Z,0.000002,0x11a985d42d6fa4cac941943a63f362c3497fa0fe,buy,0x1f103fd7c4fa908c25387da70ed287b632bd22a2,0x27794eedeca05ba22d2ee797b2ea79944810973a5afa3336a22ad72e51d00d59
173,105113,0.1997147,0x9a8249c97a61591d42ef64b7909d4207799ff5f9,2017-10-21T11:29:12.000Z,0.0000019,0x1548c43c81e0ccb5a01b33f19708097cce3e82c6,buy,0x1f103fd7c4fa908c25387da70ed287b632bd22a2,0x2c38ac825568624d257fed6c3c2cb81171ce2ab2761233098b41fabfa286b23f
174,30000,0.0567,0x9a8249c97a61591d42ef64b7909d4207799ff5f9,2017-10-21T11:28:47.000Z,0.00000189,0x11a985d42d6fa4cac941943a63f362c3497fa0fe,buy,0x1f103fd7c4fa908c25387da70ed287b632bd22a2,0x05e61227eab1d0c9254c6e71c505004f688127c68824db78c9b511409d3ce3b5
175,83000,0.066566,0x4f43b77f599b6c892f596f6d87f0a2acc51591e7,2017-10-21T10:58:15.000Z,0.000000802,0x1548c43c81e0ccb5a01b33f19708097cce3e82c6,sell,0x1f103fd7c4fa908c25387da70ed287b632bd22a2,0xc0331656d069e35e5e3139afce5dcd0ab70a9ec8d3fd89f8f0c8bf6c046ab520
176,43000,0.034486,0x4f43b77f599b6c892f596f6d87f0a2acc51591e7,2017-10-21T10:57:48.000Z,0.000000802,0x1548c43c81e0ccb5a01b33f19708097cce3e82c6,sell,0x1f103fd7c4fa908c25387da70ed287b632bd22a2,0x7387b6fe1b786d4e7f2d1af7c2e10b45a2ff6ed11eb3c0dbd542113504dc852c
177,108646.19678995115,0.08702560362875088,0x11a985d42d6fa4cac941943a63f362c3497fa0fe,2017-10-21T10:49:50.000Z,0.00000080099999999999,0x67f190c96f055634ab5cbc8589217c443a512757,sell,0x1f103fd7c4fa908c25387da70ed287b632bd22a2,0x270ac5b644042a4e6c9471a4211baea5710bcfa8878076c7475908558fc07cfd
178,11000,0.008822,0x3cc20253b2f7ceeec87ed6db1facdd622f975d3c,2017-10-21T10:48:07.000Z,0.000000802,0x67f190c96f055634ab5cbc8589217c443a512757,sell,0x1f103fd7c4fa908c25387da70ed287b632bd22a2,0xe73477f6efe06148464fb5a31c8ad59355ae2d6b90414984a0c958ac6184e13c
179,1000,0.0023,0xff3f8d703bbfca2bd2be9eb2ba182f071b84f975,2017-10-21T10:40:09.000Z,0.0000023,0xff3f8d703bbfca2bd2be9eb2ba182f071b84f975,buy,0x1f103fd7c4fa908c25387da70ed287b632bd22a2,0x8f1cce98f2a795877b2a61e29833533d53be1614b35072a8517627db9878a7a4
180,1758.6778588209927,0.004044959075288283,0xff3f8d703bbfca2bd2be9eb2ba182f071b84f975,2017-10-21T10:37:13.000Z,0.0000023,0xff3f8d703bbfca2bd2be9eb2ba182f071b84f975,buy,0x1f103fd7c4fa908c25387da70ed287b632bd22a2,0xb0e66353ecca81af08b15c8ca735025a67296175a2d2370962af1f4d3d052f4b
181,29908.284318612303,0.015372858139766722,0x11a985d42d6fa4cac941943a63f362c3497fa0fe,2017-10-21T10:00:51.000Z,0.00000051399999999999,0xf46a5376918822f2c34963bc774f95e2428e2633,sell,0x1f103fd7c4fa908c25387da70ed287b632bd22a2,0xb0a03eee46fefd940892c7734d4ccad13b158496ba6375177c8bbd568eb83b33
182,1006,0.000507024,0x107d35bdbb393d33d6d9ce4127883b057b8e6187,2017-10-21T09:25:15.000Z,0.000000504,0x7fd93c9d8f5bc495c75b79bd35af5615e2eefcad,buy,0x1f103fd7c4fa908c25387da70ed287b632bd22a2,0x66b7a824522724e206fef557e5d62506ec71c0932f881070e3d2675f0a4925eb
183,4959,0.002489418,0x8dc030c3078ab6af850d069d2a0e5ad473327202,2017-10-21T08:00:13.000Z,0.000000502,0x5fa995b0ff5689a252158688449ecf8d3f62bbad,buy,0x1f103fd7c4fa908c25387da70ed287b632bd22a2,0xb9eba92a9d7755f590597051805b8bfee44e26f6043436fd925f8cf17294c2ca
184,10000,0.02025,0x8dc030c3078ab6af850d069d2a0e5ad473327202,2017-10-21T06:32:01.000Z,0.000002025,0xef6438ef3a89b86c8d299c3952b2564887c03cc4,buy,0x1f103fd7c4fa908c25387da70ed287b632bd22a2,0xa7e86a5fa33fbe30a2a8225488c174e814417d7385e586da8953c938513ddae5
185,10000,0.01325,0x8dc030c3078ab6af850d069d2a0e5ad473327202,2017-10-21T06:30:52.000Z,0.000001325,0xef6438ef3a89b86c8d299c3952b2564887c03cc4,buy,0x1f103fd7c4fa908c25387da70ed287b632bd22a2,0xdcfa797d9687ff4637a9c88e7847bf778bb522c8bf67fef546d13a48ae3e9b2b
186,10000,0.01225,0x8dc030c3078ab6af850d069d2a0e5ad473327202,2017-10-21T06:30:40.000Z,0.000001225,0xef6438ef3a89b86c8d299c3952b2564887c03cc4,buy,0x1f103fd7c4fa908c25387da70ed287b632bd22a2,0xdb2d794ca54eef8e2c7cca42addae1250971e4f44ed1ed9fabb02a8e8e47cbb0
187,20006,0.02090627,0x8dc030c3078ab6af850d069d2a0e5ad473327202,2017-10-21T06:30:17.000Z,0.000001045,0xcd371e6ee9dbc386f85b8eab0c9711368d404618,buy,0x1f103fd7c4fa908c25387da70ed287b632bd22a2,0x8d02898eb69322b143d3b8d5b57e206d8d1e079dbf99781206933de85ea66431
188,29911.275047353203,0.014955637523676601,0xa1dc29270c60dd37d64643d20151b7ee1806b776,2017-10-21T05:38:42.000Z,0.00000049999999999999,0x1020f6f06fec0a709d49907f71a9dc6184134502,sell,0x1f103fd7c4fa908c25387da70ed287b632bd22a2,0x1a46032cac09165edfffc483e2ca128af98f9293f9fa4657bf5b74eac11257e4
189,0.09997916835638253,0.000000050289521683,0x971f30c325d9924ad472adf0bf98702502baad93,2017-10-21T04:01:50.000Z,0.00000050299999999739,0xd6280857acb99416072235f8ab9b5bedf8c78f70,sell,0x1f103fd7c4fa908c25387da70ed287b632bd22a2,0xd94b24181088095bbc61d5c89a8d5a22d62b2340b331370cc697112375889945
190,6980.84395551614,0.003511364509624618,0x971f30c325d9924ad472adf0bf98702502baad93,2017-10-21T01:37:39.000Z,0.00000050299999999999,0x4b2e87745c3a11e50d5bb4d83a763f95069852a5,sell,0x1f103fd7c4fa908c25387da70ed287b632bd22a2,0x895d6fb4410a3488e968b0b79c53b7c116e670449c26744ad205d1f94682e62c
191,14909.418326863326,0.007484528000085389,0x82dd77297b971c06619f21d4f5f5099091e6e717,2017-10-20T23:14:16.000Z,0.00000050199999999999,0xf82c7c1503a06fcf927ee401a7b868bf067715f8,sell,0x1f103fd7c4fa908c25387da70ed287b632bd22a2,0x710309c9b5fbd77e0b5d89a95f574044701af68aa98176fdcd056d76648a2eb0
192,1006,0.001054288,0x304c929780c19ae230022779a75b451f63d4705f,2017-10-20T22:37:17.000Z,0.000001048,0x11a985d42d6fa4cac941943a63f362c3497fa0fe,buy,0x1f103fd7c4fa908c25387da70ed287b632bd22a2,0x3253e351ce6fa80b9524bdb95b9f8919479cafeabc676d5d08f02573d25d38e0
193,1002.891332577117,0.000503451448953712,0x82dd77297b971c06619f21d4f5f5099091e6e717,2017-10-20T21:41:37.000Z,0.00000050199999999999,0x1ad5b64b9992b88b8c9467ebfaa218cbfa54f709,sell,0x1f103fd7c4fa908c25387da70ed287b632bd22a2,0xedc0dab631d99615a46e5339803184f74d5fb1fa4e35bae4c4feb765f60a3a7d
194,30004,0.030004,0xd8d06134e33e921cd7a7487a3e38cdbe82564f9c,2017-10-20T21:04:12.000Z,0.000001,0x4f43b77f599b6c892f596f6d87f0a2acc51591e7,buy,0x1f103fd7c4fa908c25387da70ed287b632bd22a2,0x6bb13622ec689731a6d9ee2267659b1406d7706985b005211be4770db46512db
195,30002,0.030002,0xd8d06134e33e921cd7a7487a3e38cdbe82564f9c,2017-10-20T21:03:04.000Z,0.000001,0x7d7d0321cc811ade3bf91d23749c096fd1c26d8c,buy,0x1f103fd7c4fa908c25387da70ed287b632bd22a2,0x0fc36bd8309d297e93e2b9d44f234649322eb72136bab91485e8a94cf87bb858
196,7000,0.00665,0xd8d06134e33e921cd7a7487a3e38cdbe82564f9c,2017-10-20T21:02:54.000Z,0.00000095,0xca86185132ed4552e79e4c49f2e6fa8f8c6c3e3a,buy,0x1f103fd7c4fa908c25387da70ed287b632bd22a2,0xf311aafd19fd8cf5cac49679c5c6593b3abeb17f010924c1bd98d9f578781cd2
197,32014,0.03025323,0xd8d06134e33e921cd7a7487a3e38cdbe82564f9c,2017-10-20T21:02:54.000Z,0.000000945,0x057c1f3e61b09ff651cdda8340a2bcde6dc69c9c,buy,0x1f103fd7c4fa908c25387da70ed287b632bd22a2,0x02713df00edd894728fd082c34c3bb899301aa3b5111925d7ac34de8989f04f2
198,30003,0.02610261,0xa1dc29270c60dd37d64643d20151b7ee1806b776,2017-10-20T19:08:15.000Z,0.00000087,0xbb9c7ac3b0a60bac6233291bdca6d2d91aaf0931,buy,0x1f103fd7c4fa908c25387da70ed287b632bd22a2,0xa27e5d8121c7c5ee4470b19e92185862d05e3be72b0d070c5d234e869e731e2a
199,1006,0.00552294,0xd42f262d24e0e06b44188d0a15e5d58393836e16,2017-10-20T10:46:25.000Z,0.00000549,0xebbf80d5ba79f41802f27ba582c157a231948971,buy,0x1f103fd7c4fa908c25387da70ed287b632bd22a2,0xbe72734a96fae7ddb96d53cf1b92e0e1813eb2b7e3dfeb22fe12b110b419b25d
200,1002.8910377828731,0.000351011863224005,0xd59287c566816360f12d6ad9a6bba0ac8a1ad72b,2017-10-20T09:52:00.000Z,0.00000034999999999999,0x47e9cfa8c920dd158260ceeedf0176cf01d225e1,sell,0x1f103fd7c4fa908c25387da70ed287b632bd22a2,0x277ed9671ff52727eafcd7f71b926ee3ed47eb2fac487d26c3bbf0a892442e82
201,10000,0.02025,0x460f40acf99d56b6868ff29ffd27ebba7e4c88e1,2017-10-20T09:11:31.000Z,0.000002025,0xef6438ef3a89b86c8d299c3952b2564887c03cc4,buy,0x1f103fd7c4fa908c25387da70ed287b632bd22a2,0xa34becf0f56eccbd6b574e0b5ed4c6452184f75c220a70f3a2977d6ba87ecb43
202,30001,0.031441048,0x460f40acf99d56b6868ff29ffd27ebba7e4c88e1,2017-10-20T08:17:22.000Z,0.000001048,0xdcde00e24e44d0291c656d7ad16465289365ca03,buy,0x1f103fd7c4fa908c25387da70ed287b632bd22a2,0x176fc42ad678a0251cd3e308bce6ea7f7b9ff171558b3e2366dc2204f35368dc
203,1002.9863459562864,0.000346030289354918,0xc9dbba1f6e01411c068fd86f8a6af4e39b7a1ac5,2017-10-20T05:41:11.000Z,0.00000034499999999999,0x6e4e0ca28f79ff4448a3e9fbf815583c1354e216,sell,0x1f103fd7c4fa908c25387da70ed287b632bd22a2,0x9b590f3fb2b83873127eb724b063443e5c704203452083970f40540ada36694a
204,868.1587080051839,0.000260447612401555,0xef6438ef3a89b86c8d299c3952b2564887c03cc4,2017-10-20T03:33:35.000Z,0.00000029999999999999,0x458c46570b39e85f860b19c526c8c98650b73026,sell,0x1f103fd7c4fa908c25387da70ed287b632bd22a2,0xfdcff40258eba9915357c064d47c6e78dc5594fca8fe6fd551d72e4188214149
205,599.3444370547495,0.0029907287409032,0xd42f262d24e0e06b44188d0a15e5d58393836e16,2017-10-20T01:14:31.000Z,0.00000499,0x0b2de009825eac9a347868b44349aa32e91ef81f,buy,0x1f103fd7c4fa908c25387da70ed287b632bd22a2,0xb91e86a5fd939825115f80d08923afaec976cfaecbae85bf94e1207b0dbbb03e
206,14955.637523676602,0.005099872395573721,0xf82c7c1503a06fcf927ee401a7b868bf067715f8,2017-10-19T19:22:03.000Z,0.00000034099999999999,0x5ac67a1ff15c974d597c5eb7ddaf617143b27b21,sell,0x1f103fd7c4fa908c25387da70ed287b632bd22a2,0xef4cfa0eea553b159498cd8ef2bd84e1ded1a573fccd2ef003d7f3d497e7fac2
207,4007,0.0012021,0xd59287c566816360f12d6ad9a6bba0ac8a1ad72b,2017-10-19T13:43:22.000Z,0.0000003,0x8b5347e12ece13475157b712ed601a7ec5962bb9,buy,0x1f103fd7c4fa908c25387da70ed287b632bd22a2,0xbe55da78d4069b476d85af0c6737f024111e063c98807e85ece50c841d1b2a50
208,1000,0.001,0xd59287c566816360f12d6ad9a6bba0ac8a1ad72b,2017-10-19T13:22:34.000Z,0.000001,0x8b5347e12ece13475157b712ed601a7ec5962bb9,sell,0x1f103fd7c4fa908c25387da70ed287b632bd22a2,0xcdc503e8a21aa73c9ef7c02e8e42e9ec14b97d181f0aafec37bbafd966c4cb66
209,326384.664,0.342377512536,0x8dc030c3078ab6af850d069d2a0e5ad473327202,2017-10-19T13:10:10.000Z,0.000001049,0xd59287c566816360f12d6ad9a6bba0ac8a1ad72b,buy,0x1f103fd7c4fa908c25387da70ed287b632bd22a2,0x85b7ec4c60c66b6951ca3e7fa9ed40c6632256f60c57566961613f00c8be3f7f
210,3682.3331642207404,0.003671286164728078,0x3421c555a64032f3bb56c0f1236138dc88ae4c7f,2017-10-19T12:41:47.000Z,0.000000997,0xd59287c566816360f12d6ad9a6bba0ac8a1ad72b,buy,0x1f103fd7c4fa908c25387da70ed287b632bd22a2,0xb9ca76f9fe114e57b5d73456b4a5ce97f843434a88d35e68fcb8dd287e60e4c0
211,20006,0.019965988,0xd59287c566816360f12d6ad9a6bba0ac8a1ad72b,2017-10-19T12:31:39.000Z,0.000000998,0x0fb16ded863bb8b319e92421ead6f30f49f8a9fc,buy,0x1f103fd7c4fa908c25387da70ed287b632bd22a2,0x0e130f9fd16071d80826dc82518819b6b66baa3f777a891a4642d47d9529698c
212,15000,0.014955,0xd59287c566816360f12d6ad9a6bba0ac8a1ad72b,2017-10-19T12:30:46.000Z,0.000000997,0xd6c32837d5f2cb08eab435f68205e687cb236c22,buy,0x1f103fd7c4fa908c25387da70ed287b632bd22a2,0x3efd52e945cca7b9ce557214e4e9a45321acb3f497aa9a8968b37cf1beb9557d
213,10000,0.01125,0xd59287c566816360f12d6ad9a6bba0ac8a1ad72b,2017-10-19T12:09:20.000Z,0.000001125,0xef6438ef3a89b86c8d299c3952b2564887c03cc4,buy,0x1f103fd7c4fa908c25387da70ed287b632bd22a2,0x3bd455f345ef5fa49b50e0b8d9c4ea7a762c96abe38d10f39db3b8c370864af9
214,10000,0.01025,0xd59287c566816360f12d6ad9a6bba0ac8a1ad72b,2017-10-19T12:09:05.000Z,0.000001025,0xef6438ef3a89b86c8d299c3952b2564887c03cc4,buy,0x1f103fd7c4fa908c25387da70ed287b632bd22a2,0xbbd9754e5a5ac0093701888332fad145718a429a6bca7bf7fe625b02ea61b5bf
215,32013,0.032013,0xd59287c566816360f12d6ad9a6bba0ac8a1ad72b,2017-10-19T12:09:00.000Z,0.000001,0x82dd77297b971c06619f21d4f5f5099091e6e717,buy,0x1f103fd7c4fa908c25387da70ed287b632bd22a2,0x23b32da8b694c98be9a289bfaba0a39a7f664cce53a175160f5a1ab45793666d
216,10000,0.00925,0xd59287c566816360f12d6ad9a6bba0ac8a1ad72b,2017-10-19T12:07:16.000Z,0.000000925,0xef6438ef3a89b86c8d299c3952b2564887c03cc4,buy,0x1f103fd7c4fa908c25387da70ed287b632bd22a2,0x065689c8521db87afef0fc2c462febe332877d1b17f1d016d5523869fc465f61
217,20002,0.015961596,0xd59287c566816360f12d6ad9a6bba0ac8a1ad72b,2017-10-19T12:06:32.000Z,0.000000798,0x000aa9e742bf2dcb4398d1d9fa20629166ba5919,buy,0x1f103fd7c4fa908c25387da70ed287b632bd22a2,0x74e5aedb19eba1e244959d14264fe6f3ba922bec577e57978c27a0255ee539ce
218,15002,0.008056074,0xd59287c566816360f12d6ad9a6bba0ac8a1ad72b,2017-10-19T12:05:57.000Z,0.000000537,0xe856796af9bbdd34bce43324c850d4fc4d7323b1,buy,0x1f103fd7c4fa908c25387da70ed287b632bd22a2,0xc15ec8067c9b61ff73c41a1977f40a9489f9e3204b878e31334c2bf3b5ce7814
219,8006,0.00420315,0xd59287c566816360f12d6ad9a6bba0ac8a1ad72b,2017-10-19T12:05:26.000Z,0.000000525,0x22eb520ce1f1eaffade7c4ff769fff8599c1b24a,buy,0x1f103fd7c4fa908c25387da70ed287b632bd22a2,0x462f77aff8dcbfe26759861e40c1f3fa4a7c1c83e9045a4aee9260d036164259
220,75011,0.04125605,0xd59287c566816360f12d6ad9a6bba0ac8a1ad72b,2017-10-19T12:05:20.000Z,0.00000055,0x8dc030c3078ab6af850d069d2a0e5ad473327202,buy,0x1f103fd7c4fa908c25387da70ed287b632bd22a2,0x7ea2f58178c4d614b297bf23a52af18bde4978d860c45a59651ffc17fd82f0cf
221,8010,0.00419724,0xd59287c566816360f12d6ad9a6bba0ac8a1ad72b,2017-10-19T12:04:49.000Z,0.000000524,0x4cd1ace2d57ac322437f4c853bdc492ab023de72,buy,0x1f103fd7c4fa908c25387da70ed287b632bd22a2,0x14913a9b5161e3f204be9a200c955767daeaeb7832508308bb62c5670aa434b6
222,20000,0.01044,0xd59287c566816360f12d6ad9a6bba0ac8a1ad72b,2017-10-19T12:03:56.000Z,0.000000522,0xecfae215774fdb494d826b0a7419b9b50ac9c029,buy,0x1f103fd7c4fa908c25387da70ed287b632bd22a2,0x00aa0a3a712f345324c3f482dbadc000077b7f5c5c53b26063ad3bb24c4a2bf3
223,7000.997,0.00364051844,0xd59287c566816360f12d6ad9a6bba0ac8a1ad72b,2017-10-19T12:03:14.000Z,0.00000052,0x954dc267d92b32568c23dc3404d780f7921df69d,buy,0x1f103fd7c4fa908c25387da70ed287b632bd22a2,0xabff8b9633c576d1d6ddde96dc97fcde328187eef2a91a208126901b57b0bf03
224,40016,0.0160064,0xd59287c566816360f12d6ad9a6bba0ac8a1ad72b,2017-10-19T12:03:14.000Z,0.0000004,0xffe9735ecee5a3b9d043c09d4d2c5ee1df08473b,buy,0x1f103fd7c4fa908c25387da70ed287b632bd22a2,0xf8b427900b73f77f0fc3b13ca9bf99589fcc261257a483c1b4d57050d0e1e440
225,40000,0.0156,0xd59287c566816360f12d6ad9a6bba0ac8a1ad72b,2017-10-19T12:03:14.000Z,0.00000039,0xbede750d17ab647cab6b45b8765347dff3fbb89a,buy,0x1f103fd7c4fa908c25387da70ed287b632bd22a2,0x9041d5fae92bcafd32c7854e55d86deb11524d2d0169aa6a98008bbf6647721e
226,14901,0.00581139,0x3cc20253b2f7ceeec87ed6db1facdd622f975d3c,2017-10-19T06:26:35.000Z,0.00000039,0xbede750d17ab647cab6b45b8765347dff3fbb89a,buy,0x1f103fd7c4fa908c25387da70ed287b632bd22a2,0x97685ed6e0dd6935d53c39aa56d73178427b54cb303725509f1f39b45711f34a
227,119657.05415991803,0.01567507409494926,0x107d35bdbb393d33d6d9ce4127883b057b8e6187,2017-10-19T04:52:33.000Z,0.00000013099999999999,0x5f0b8ab22e02183c7be679d6e826a7e1c084c7e5,sell,0x1f103fd7c4fa908c25387da70ed287b632bd22a2,0x45c87cf3143b660423979a6216416a4b3f98a3bd06836f70087696ceca76af1d
228,40000,0.0056,0xbede750d17ab647cab6b45b8765347dff3fbb89a,2017-10-19T04:41:29.000Z,0.00000014,0xf33e20d1ee740d17e78d413a8633fd7c0dfb9991,sell,0x1f103fd7c4fa908c25387da70ed287b632bd22a2,0x19a18d62045fed26d2568814a70d01b81fd3d57e72d2839b54cbe9e0a8687e80
229,1002.8910377828731,0.000125361379722859,0xbbe8a1421d8583194bd959a640cb82225650c748,2017-10-19T01:07:45.000Z,0.00000012499999999999,0x97c5c53f8acac416f87a884f6f923ae063ebaacd,sell,0x1f103fd7c4fa908c25387da70ed287b632bd22a2,0x1404462be94588ef1104b1c9e7ae2571c06d90d932867b33d5796a5e1f9ab27e
230,21012,0.011283444,0x9a8249c97a61591d42ef64b7909d4207799ff5f9,2017-10-18T19:02:37.000Z,0.000000537,0xad2433afdab262f5aa4e98946c430d1e9b179b8b,buy,0x1f103fd7c4fa908c25387da70ed287b632bd22a2,0x6c91f81a8cfc033d83ef5145660a563ede0839c5e0b39d2f30b7b65db832924c
231,20000,0.0106,0x9a8249c97a61591d42ef64b7909d4207799ff5f9,2017-10-18T19:01:42.000Z,0.00000053,0xd347f7b5fab42a04177be02c1f669aab83fae992,buy,0x1f103fd7c4fa908c25387da70ed287b632bd22a2,0xf425968d6df25dc67cda18daa9f989709d27e03a1635f654bf80fca2851262bb
232,20000,0.0106,0x9a8249c97a61591d42ef64b7909d4207799ff5f9,2017-10-18T19:01:28.000Z,0.00000053,0xffe9735ecee5a3b9d043c09d4d2c5ee1df08473b,buy,0x1f103fd7c4fa908c25387da70ed287b632bd22a2,0x40f8f6764fa975ee171fac53736b490882041fb75f8c846a82c8eb976e605788
233,30004,0.015812108,0x9a8249c97a61591d42ef64b7909d4207799ff5f9,2017-10-18T19:00:01.000Z,0.000000527,0xf0000dc5869e3fa70d6b92c621ef58da71de92f9,buy,0x1f103fd7c4fa908c25387da70ed287b632bd22a2,0xb1b1025ef53ff4c76e53023cd492775a0ceb2deca8b7ed7410bdd38cb789b9f2
234,1,0.000000528,0x3ac636ac5c3a2576156ac5f10066ca68abe0ad54,2017-10-18T18:54:10.000Z,0.000000528,0xd2b04839bb1005731a0250888c45dfac7429150b,buy,0x1f103fd7c4fa908c25387da70ed287b632bd22a2,0xf2e4f6e11b4f10ee635dfa14af3f5d7e8837c48329549c2d707cc4cf561f6d8e
235,120004,0.060962032,0x9a8249c97a61591d42ef64b7909d4207799ff5f9,2017-10-18T18:53:59.000Z,0.000000508,0x107d35bdbb393d33d6d9ce4127883b057b8e6187,buy,0x1f103fd7c4fa908c25387da70ed287b632bd22a2,0xdf01e9e18838f00b0ead5f9c7992fb7869927868fa105a6c7c0c2abe6a279e33
236,205320,0.10409724,0x9a8249c97a61591d42ef64b7909d4207799ff5f9,2017-10-18T18:51:43.000Z,0.000000507,0x1749bb6e4080ebd7317ce5d8f9fb63fbfe58d27c,buy,0x1f103fd7c4fa908c25387da70ed287b632bd22a2,0x503b23e088b75595bf8fa60dae777a1bbab7ff9d10258b9b6d1fbe61a6f21337
237,34917.034,0.018366359884,0x9a8249c97a61591d42ef64b7909d4207799ff5f9,2017-10-18T18:47:01.000Z,0.000000526,0xf82c7c1503a06fcf927ee401a7b868bf067715f8,buy,0x1f103fd7c4fa908c25387da70ed287b632bd22a2,0x1e0981ca3f34dd2ec16e97b576268bba4def3a29cec98c4d73fed219ceee7302
238,19000,0.00969,0x9a8249c97a61591d42ef64b7909d4207799ff5f9,2017-10-18T18:46:34.000Z,0.00000051,0xd347f7b5fab42a04177be02c1f669aab83fae992,buy,0x1f103fd7c4fa908c25387da70ed287b632bd22a2,0x5ad5b29069c2ed102ddacc6daaadb888202776110436f1980c878dc8ab5307e1
239,37105.588,0.018552794,0x9a8249c97a61591d42ef64b7909d4207799ff5f9,2017-10-18T18:46:13.000Z,0.0000005,0x107d35bdbb393d33d6d9ce4127883b057b8e6187,buy,0x1f103fd7c4fa908c25387da70ed287b632bd22a2,0x131f2962f79f32a49fd96881b181a8218ff5a42cf9abe8b1ee5b59fdff54fdb0
240,30004,0.015002,0x9a8249c97a61591d42ef64b7909d4207799ff5f9,2017-10-18T18:45:40.000Z,0.0000005,0x0a7c759c68df05d622d8969a564b002787d9a778,buy,0x1f103fd7c4fa908c25387da70ed287b632bd22a2,0x47e2fb866e3d4c41533537b9124e7efd8f798f12cd1c4a4a467308adabd39981
241,46001,0.022908498,0x9a8249c97a61591d42ef64b7909d4207799ff5f9,2017-10-18T18:44:53.000Z,0.000000498,0xbc2426cb53ac54dc8acca380066caa4bee383916,buy,0x1f103fd7c4fa908c25387da70ed287b632bd22a2,0x8e66acd800b6ad4f6770ba099e45603dd9dc52a2fc834f83014ee2bf74b9fbb5
242,59822.282,0.029731674154,0x9a8249c97a61591d42ef64b7909d4207799ff5f9,2017-10-18T18:44:23.000Z,0.000000497,0xd59287c566816360f12d6ad9a6bba0ac8a1ad72b,buy,0x1f103fd7c4fa908c25387da70ed287b632bd22a2,0x15feb4d4388608f11e324c76587ac339356d0c86b400ebb25f747d565eeb8e7a
243,210185.333,0.083863947867,0x9a8249c97a61591d42ef64b7909d4207799ff5f9,2017-10-18T18:39:46.000Z,0.000000399,0xd59287c566816360f12d6ad9a6bba0ac8a1ad72b,buy,0x1f103fd7c4fa908c25387da70ed287b632bd22a2,0x80f6938d84c55e5da6917423c8396edf9312224f412f2505f44c54c796a36a23
244,29911.275047353203,0.003768820655966503,0xd59287c566816360f12d6ad9a6bba0ac8a1ad72b,2017-10-18T17:56:29.000Z,0.00000012599999999999,0x41dd1108ed6afaaf807b638dc888c3397358467a,sell,0x1f103fd7c4fa908c25387da70ed287b632bd22a2,0xaf2b0f129639c54f4bc14e82f52e809effc5f546aba19d17f220131d9d7822b1
245,64120.667,0.025584146133,0xc2e8affba10b3d203e168b45142a0444bf3a5a26,2017-10-18T16:59:18.000Z,0.000000399,0xd59287c566816360f12d6ad9a6bba0ac8a1ad72b,buy,0x1f103fd7c4fa908c25387da70ed287b632bd22a2,0x106472fd7fb3b060eea843a4b9c75713f468c3518380fed70cf7446c767b169c
246,35879.333,0.0107637999,0xc2e8affba10b3d203e168b45142a0444bf3a5a26,2017-10-18T16:57:53.000Z,0.0000003,0xc12787b02b996c0c23de426b60c4dd59548a5f86,buy,0x1f103fd7c4fa908c25387da70ed287b632bd22a2,0xd1285235770ff84abc5a396bf8528f82ea8d23f147d035cdd08641d1c4e55749
247,1666.6666666666667,0.0005,0x16e5d97bbc92417e051e3b2cabfbf8ceea2acb9c,2017-10-18T15:43:17.000Z,0.0000003,0xc12787b02b996c0c23de426b60c4dd59548a5f86,buy,0x1f103fd7c4fa908c25387da70ed287b632bd22a2,0xf2f3ef1b1a0d69e3c51b14e94a84707229ddb729e280b37a88caf8eebed7cfec
248,29910.278137772904,0.003768695045359385,0xd59287c566816360f12d6ad9a6bba0ac8a1ad72b,2017-10-18T15:19:02.000Z,0.00000012599999999999,0x5f0b8ab22e02183c7be679d6e826a7e1c084c7e5,sell,0x1f103fd7c4fa908c25387da70ed287b632bd22a2,0xc89146863b486a94f07be88716fda31dde098d0d91708362d9d1219dd2013b75
249,1250,0.0005,0x379374d13077e8867ef31803c37baf9785a17c00,2017-10-18T15:13:37.000Z,0.0000004,0xc12787b02b996c0c23de426b60c4dd59548a5f86,buy,0x1f103fd7c4fa908c25387da70ed287b632bd22a2,0x47b9316fb92bc78f6520ce0516c93f2276a75a82470c9ea769008f9306f30063
250,1250,0.0005,0xf9695cd65d6dfdf257fab76a3eb0cb8f001971cc,2017-10-18T15:11:56.000Z,0.0000004,0xc12787b02b996c0c23de426b60c4dd59548a5f86,buy,0x1f103fd7c4fa908c25387da70ed287b632bd22a2,0x64f61448d61e29f6e3df4b03497530c63fd81022528b6d2f25931e32714bf4e2
251,1250,0.0005,0x42c24a83bded723edfdf5883bc7efb30bc1a1bf3,2017-10-18T15:11:35.000Z,0.0000004,0xc12787b02b996c0c23de426b60c4dd59548a5f86,buy,0x1f103fd7c4fa908c25387da70ed287b632bd22a2,0x22a922eed34b37210c57c19e959f26c5be34326a8bdb544c55612f1462a878a6
252,1250,0.0005,0xcd912af5286dc0b0a23edb30209734ecb60838b3,2017-10-18T15:07:18.000Z,0.0000004,0xc12787b02b996c0c23de426b60c4dd59548a5f86,buy,0x1f103fd7c4fa908c25387da70ed287b632bd22a2,0x6f8f417caa44490fcbe5ac75221176341ed39a97650af2575a4751c0ff515de9
253,1002.8913350298973,0.000122352742873647,0x971f30c325d9924ad472adf0bf98702502baad93,2017-10-18T13:15:59.000Z,0.00000012199999999999,0xba95b4a5b130c4c1d27dc9e8adcf7f087cdb4c52,sell,0x1f103fd7c4fa908c25387da70ed287b632bd22a2,0x19413f9a47d259056238794ecfd9cac825b3234cf1b84627a8ed25cdd6cef190
254,62894.41167207432,0.031447205836037155,0x162ea9c58164e2193d98cc97e8de3d962cab4044,2017-10-18T12:16:56.000Z,0.0000005,0x107d35bdbb393d33d6d9ce4127883b057b8e6187,buy,0x1f103fd7c4fa908c25387da70ed287b632bd22a2,0xe282a93362ee1963591d7ec228dbc8044785430a43cffca8b168c754474c0177
255,90002.991,0.044911492509,0x162ea9c58164e2193d98cc97e8de3d962cab4044,2017-10-18T12:12:52.000Z,0.000000499,0xfee168e60f615e49d21c67c76cbf301e8e3dcd36,buy,0x1f103fd7c4fa908c25387da70ed287b632bd22a2,0x83787797de38c00a854194ba9fa060ce4f1c8f95bbb2a397bfdfba7eeecdb486
256,26845.64374363995,0.013369130584332697,0x162ea9c58164e2193d98cc97e8de3d962cab4044,2017-10-18T12:10:59.000Z,0.000000498,0x9cf26ec2ec5cf492891449f685a69d018f10e736,buy,0x1f103fd7c4fa908c25387da70ed287b632bd22a2,0x10d9ebc2198d942c6ddff5376859df1d20b4081c0b32f31d6fa763e7564105c5
257,3155.356256360048,0.001571367415667304,0x162ea9c58164e2193d98cc97e8de3d962cab4044,2017-10-18T12:06:20.000Z,0.000000498,0x9cf26ec2ec5cf492891449f685a69d018f10e736,buy,0x1f103fd7c4fa908c25387da70ed287b632bd22a2,0x830cb4c9bf2e33f10c05c1693684e5dffb2b20674f65e4dc75727d1d2e0e64ce
258,4862.197,0.002416511909,0x162ea9c58164e2193d98cc97e8de3d962cab4044,2017-10-18T09:49:47.000Z,0.000000497,0x971f30c325d9924ad472adf0bf98702502baad93,buy,0x1f103fd7c4fa908c25387da70ed287b632bd22a2,0xd51e752cbe5a47270eada9d7c0d483e6695fb9da0aa9c4df197ab28abc5c5d0e
259,1.999655354722334,0.000000993828711297,0x162ea9c58164e2193d98cc97e8de3d962cab4044,2017-10-18T09:47:10.000Z,0.000000497,0x971f30c325d9924ad472adf0bf98702502baad93,buy,0x1f103fd7c4fa908c25387da70ed287b632bd22a2,0x1ad7e3e1af2630aa518d305aefb59b8b966d04dc2243a2cc1e66d8217f7d89b3
260,20058.542863200535,0.009969095803010666,0x162ea9c58164e2193d98cc97e8de3d962cab4044,2017-10-18T09:43:40.000Z,0.000000497,0x971f30c325d9924ad472adf0bf98702502baad93,buy,0x1f103fd7c4fa908c25387da70ed287b632bd22a2,0x4b8db30a0c7eadb01a123711fce544db9960c941b1d6ae4754a487b0a4d06b02
261,29908.284318612303,0.003618902402552088,0xd59287c566816360f12d6ad9a6bba0ac8a1ad72b,2017-10-18T09:13:15.000Z,0.00000012099999999999,0xb2ed6a4ba50b0998b102bba24963c2e6cfc9c043,sell,0x1f103fd7c4fa908c25387da70ed287b632bd22a2,0xd4d7a141d0956fe0972cd11b6070676641b00349dee3e4b2b86e15366ea22785
262,6978.367062107467,0.000837404047452896,0xd347f7b5fab42a04177be02c1f669aab83fae992,2017-10-18T04:38:58.000Z,0.00000011999999999999,0x883ed31dbe3fec6ea36ff99af57f440a888dc2cd,sell,0x1f103fd7c4fa908c25387da70ed287b632bd22a2,0x04fa3e533e9b7b77b5968011c090729ee5b8f70d381235faaf90c99aa52f5fec
263,398778.7467035915,0.04785344960443098,0x66a4e99923ff534c41936d0b28a13980b0a942f0,2017-10-17T19:09:02.000Z,0.00000011999999999999,0x9b07f5475186e22025d856dd5a27e58e28f8d6af,sell,0x1f103fd7c4fa908c25387da70ed287b632bd22a2,0x83b73c18e4469c75338847fa24dcc8565835921c1f9e5b4edbf84671703806dd
264,29909.2812281926,0.003888206559665038,0xc12787b02b996c0c23de426b60c4dd59548a5f86,2017-10-17T18:15:49.000Z,0.00000012999999999999,0x790711a93f4d37fbad248a87cf8938e7f76f1d64,sell,0x1f103fd7c4fa908c25387da70ed287b632bd22a2,0xdf4f6dee362f3ed19179d32707321a20d66df7aaa07bbef32c2d4ab1be4f37b0
265,9911.275047353205,0.001288465756155916,0xc12787b02b996c0c23de426b60c4dd59548a5f86,2017-10-17T17:57:23.000Z,0.00000012999999999999,0xd1be7b2a693cc11badc87c084a8adfb73d518211,sell,0x1f103fd7c4fa908c25387da70ed287b632bd22a2,0x228bbf8a8ed3886beab4546f12d8d0f4c3309d1ea1fed1f6964cb01710e943cd
266,20000,0.0027,0xffe9735ecee5a3b9d043c09d4d2c5ee1df08473b,2017-10-17T17:56:00.000Z,0.000000135,0xd1be7b2a693cc11badc87c084a8adfb73d518211,sell,0x1f103fd7c4fa908c25387da70ed287b632bd22a2,0x6a76afbcf34cb0496fa8458901cf04e91918c377d28010b2d54a8302299b7ae6
267,10000,0.00548,0xf82c7c1503a06fcf927ee401a7b868bf067715f8,2017-10-17T17:25:10.000Z,0.000000548,0xecfae215774fdb494d826b0a7419b9b50ac9c029,buy,0x1f103fd7c4fa908c25387da70ed287b632bd22a2,0x69d529adeb6ca4c30d42cdb7a90e14d7aaa4fe86dc076b74dfbcc267e26c5907
268,20002,0.0110011,0x3cc20253b2f7ceeec87ed6db1facdd622f975d3c,2017-10-17T14:19:40.000Z,0.00000055,0x2f6cb1bde566a0536cec0099be0d824197c72c9b,buy,0x1f103fd7c4fa908c25387da70ed287b632bd22a2,0x592806e6593949922c3749453c418190cdd8dfe10bb57e45c299aa6cfac16506
269,10942.973999224674,0.00131315687990696,0x66a4e99923ff534c41936d0b28a13980b0a942f0,2017-10-17T13:37:48.000Z,0.00000011999999999999,0x7b20e3a8b28f47df746c4c797fe9ed71f7510464,sell,0x1f103fd7c4fa908c25387da70ed287b632bd22a2,0x55575fe42694e631f5eac42f2e996ec28fd56edf0cfa180750e0ac736190d378
270,10000,0.00221,0x8b182a4526944fa498970732a69a95d281c3c8a9,2017-10-17T13:34:43.000Z,0.000000221,0x7b20e3a8b28f47df746c4c797fe9ed71f7510464,sell,0x1f103fd7c4fa908c25387da70ed287b632bd22a2,0x2ffb085b2c08a54318fbf1972c52b2b9cc00123b7f2f5c5f41ac26bbc2a5a3a2
271,8972.1862227096,0.001991825341441531,0x971f30c325d9924ad472adf0bf98702502baad93,2017-10-17T13:26:16.000Z,0.00000022199999999999,0x7b20e3a8b28f47df746c4c797fe9ed71f7510464,sell,0x1f103fd7c4fa908c25387da70ed287b632bd22a2,0x8675a973730d521b9e5a14f92a1dbad127df4f5655bcb8466966f1b518011ff0
272,15950.553284817068,0.003541022829229388,0x971f30c325d9924ad472adf0bf98702502baad93,2017-10-17T11:56:01.000Z,0.00000022199999999999,0x0f060e902d8116cb8aa39896ef22b909ca349f89,sell,0x1f103fd7c4fa908c25387da70ed287b632bd22a2,0x0815f004fb61c62186b7c547eaf69a877b982a9a31c5c8acaa87af21108c1c38
273,10000,0.00825,0x58afcc51434a3015e6499f843d15ac1860d2516e,2017-10-17T08:02:01.000Z,0.000000825,0xef6438ef3a89b86c8d299c3952b2564887c03cc4,buy,0x1f103fd7c4fa908c25387da70ed287b632bd22a2,0x9eba83df260fb8592f64c54f7866b22c1edafb7abb187168a862ae290782b5a6
274,2000,0.00146,0x58afcc51434a3015e6499f843d15ac1860d2516e,2017-10-17T08:01:49.000Z,0.00000073,0xffe9735ecee5a3b9d043c09d4d2c5ee1df08473b,buy,0x1f103fd7c4fa908c25387da70ed287b632bd22a2,0x32d6ec9e7db35748674bd9884e78ef731c6e58bf3d89a17837072d34e0ddc4b7
275,10000,0.00725,0x58afcc51434a3015e6499f843d15ac1860d2516e,2017-10-17T08:01:49.000Z,0.000000725,0xef6438ef3a89b86c8d299c3952b2564887c03cc4,buy,0x1f103fd7c4fa908c25387da70ed287b632bd22a2,0x871ce7e5706174e2e715c7c148055cf656a4eec2a5b25e520767f6ed6bda4eb8
276,10000,0.00625,0x58afcc51434a3015e6499f843d15ac1860d2516e,2017-10-17T08:01:18.000Z,0.000000625,0xef6438ef3a89b86c8d299c3952b2564887c03cc4,buy,0x1f103fd7c4fa908c25387da70ed287b632bd22a2,0x7168d760ac22b3c9dd535863859d2742a3969f04b1107d7999a0757aecab58b0
277,16000,0.010224,0x58afcc51434a3015e6499f843d15ac1860d2516e,2017-10-17T08:01:18.000Z,0.000000639,0x971f30c325d9924ad472adf0bf98702502baad93,buy,0x1f103fd7c4fa908c25387da70ed287b632bd22a2,0x954db21e268d93aa2f494b1a5898cd677d78cc476166a8df481902c94b9827f4
278,20000,0.0119,0x58afcc51434a3015e6499f843d15ac1860d2516e,2017-10-17T08:01:01.000Z,0.000000595,0xc47c60e55d039e9af975ce01e528896c9ef42c4f,buy,0x1f103fd7c4fa908c25387da70ed287b632bd22a2,0xf675e679d0ddd11aaaae15af0266dac6e10f5e8c021ffe09482dea89014c4b62
279,5901,0.00300951,0x58afcc51434a3015e6499f843d15ac1860d2516e,2017-10-17T08:01:01.000Z,0.00000051,0xf4b6e090b49b4edf517fce9e5b99d07281b0da48,buy,0x1f103fd7c4fa908c25387da70ed287b632bd22a2,0x8069c5bcb570ec5a45bad9147e0676aef0fd756cb515fcf62b72ad3ec05c91f5
280,7000,0.0035,0x58afcc51434a3015e6499f843d15ac1860d2516e,2017-10-17T08:00:46.000Z,0.0000005,0x86106e420fd2ab33748f0add547748f4a37ad453,buy,0x1f103fd7c4fa908c25387da70ed287b632bd22a2,0xcff80c0f63db1c478f518b3a91b0530bd6c4868ed3859de5b32cf97e08b0b6c3
281,20000,0.009,0x58afcc51434a3015e6499f843d15ac1860d2516e,2017-10-17T08:00:40.000Z,0.00000045,0xffe9735ecee5a3b9d043c09d4d2c5ee1df08473b,buy,0x1f103fd7c4fa908c25387da70ed287b632bd22a2,0x96c6ba519e7fef9535bcaac7b21d6befd9f1d0318058cc9cdc13431c6add279e
282,15002,0.006735898,0x58afcc51434a3015e6499f843d15ac1860d2516e,2017-10-17T08:00:21.000Z,0.000000449,0xaf7cec4e09b063530c5769370119ce82c18ef518,buy,0x1f103fd7c4fa908c25387da70ed287b632bd22a2,0x53c125f8bac3ee84ced1ef99ca9227241e17c6e0ef6b60e389273b176f997183
283,29907.287409032,0.006190808493669624,0x78b0e4933f5b7d90102367e28efcde256998411e,2017-10-17T07:40:40.000Z,0.00000020699999999999,0xc31e6dc679b23e89b1ba562717b54d4b5c5c8fec,sell,0x1f103fd7c4fa908c25387da70ed287b632bd22a2,0xdf46e14e0b2059136c73556df28df4b9ef6f07ca71ffaac84f7673eca5e9833d
284,10000,0.00221,0x8b182a4526944fa498970732a69a95d281c3c8a9,2017-10-17T07:05:04.000Z,0.000000221,0x0f59208676de5d71a0c0ce9efe70faf69d3adbea,sell,0x1f103fd7c4fa908c25387da70ed287b632bd22a2,0x0ebeec559972704a4a397bc668f3011ba2ae7d59ac921c9db03ae1c60b8675e8
285,9780.75,0.00218110725,0x8b182a4526944fa498970732a69a95d281c3c8a9,2017-10-17T07:04:57.000Z,0.000000223,0x0f59208676de5d71a0c0ce9efe70faf69d3adbea,sell,0x1f103fd7c4fa908c25387da70ed287b632bd22a2,0x5081049b9d17242673a213f3992a3c40c8f30a8adc70733179ce81ded2dff226
286,15010,0.004503,0x008cd39b569505e006ec93689add83999e96ab12,2017-10-17T06:13:32.000Z,0.0000003,0x65bd663927e87fac03c0c501ff7cc81f6f092ff8,buy,0x1f103fd7c4fa908c25387da70ed287b632bd22a2,0xed767b49e37bffbf6ba79f0cdf0ff2f3a4fb76f61da209cb09fcba19e422af8b
287,5219.25,0.00116389275,0x8b182a4526944fa498970732a69a95d281c3c8a9,2017-10-17T05:39:49.000Z,0.000000223,0x51ca9a4707043be59e56c1db14d58dcbd955569e,sell,0x1f103fd7c4fa908c25387da70ed287b632bd22a2,0x59502bfed9c56fe211fac013b135167ccbf9b9cf3a90a6bb789d023a443360bc
288,20000,0.00444,0x8b182a4526944fa498970732a69a95d281c3c8a9,2017-10-17T05:18:47.000Z,0.000000222,0x458c46570b39e85f860b19c526c8c98650b73026,sell,0x1f103fd7c4fa908c25387da70ed287b632bd22a2,0xbc69dd810889d606652d4d4f85023ff12206ffb1db8bebbd630ddba628f2d61a
289,10050,0.0022512,0x8b182a4526944fa498970732a69a95d281c3c8a9,2017-10-17T05:18:47.000Z,0.000000224,0x458c46570b39e85f860b19c526c8c98650b73026,sell,0x1f103fd7c4fa908c25387da70ed287b632bd22a2,0x8a19e1ef5a1e4efbb801357732fff223ba0f345ed7d88f952709a22383bdce87
290,5773.408969394876,0.001732022690818462,0xef6438ef3a89b86c8d299c3952b2564887c03cc4,2017-10-17T04:11:17.000Z,0.00000029999999999999,0x51ca9a4707043be59e56c1db14d58dcbd955569e,sell,0x1f103fd7c4fa908c25387da70ed287b632bd22a2,0x2e53a2dcb772303efc27b4c4d12851f1d19468ea7fe432d3a89affc6887d9acf
291,3997.6074170072775,0.001199282225102183,0xef6438ef3a89b86c8d299c3952b2564887c03cc4,2017-10-16T21:44:53.000Z,0.00000029999999999999,0x6bb665019956b9b728419f193aa22920daea3325,sell,0x1f103fd7c4fa908c25387da70ed287b632bd22a2,0x66fa923b721ce42e686be3c278eabfb2b274779e76a5e7aa2c59d0922a374ad6
292,29913.988,0.0089741964,0xef6438ef3a89b86c8d299c3952b2564887c03cc4,2017-10-16T21:42:40.000Z,0.0000003,0x7aa6e2506316f6d613277d4f2f4e4e1dc55e528e,sell,0x1f103fd7c4fa908c25387da70ed287b632bd22a2,0x37c1fcbbf21d6a416b0978b8568273e3ecefb1730e761089492f18fdf55eb25d
293,30004,0.005520736,0x7aa6e2506316f6d613277d4f2f4e4e1dc55e528e,2017-10-16T21:42:40.000Z,0.000000184,0x9dc4bb5e07fb3e4e60913858406fa296f52fa84a,buy,0x1f103fd7c4fa908c25387da70ed287b632bd22a2,0x37c1fcbbf21d6a416b0978b8568273e3ecefb1730e761089492f18fdf55eb25d
294,20000,0.00604,0x035392de57aa4fe343d86494103dbe1b068a56c6,2017-10-16T21:29:56.000Z,0.000000302,0xf4b6e090b49b4edf517fce9e5b99d07281b0da48,sell,0x1f103fd7c4fa908c25387da70ed287b632bd22a2,0xf1797beb9736d23dba4a8af32d02ea5a339e8f46d91d968d815dbdc32a82b2b5
295,15000,0.004545,0x035392de57aa4fe343d86494103dbe1b068a56c6,2017-10-16T21:29:27.000Z,0.000000303,0xf4b6e090b49b4edf517fce9e5b99d07281b0da48,sell,0x1f103fd7c4fa908c25387da70ed287b632bd22a2,0x905c95e3f5a1a17ef7b2382251afe92b39674ee98cb3593b4dfc25b9c143960f
296,28911.374738311235,0.00867341242149337,0xef6438ef3a89b86c8d299c3952b2564887c03cc4,2017-10-16T20:23:08.000Z,0.00000029999999999999,0xf504735d5b911a41e5d793e7f985e8675fa12723,sell,0x1f103fd7c4fa908c25387da70ed287b632bd22a2,0x903fecad96cc719f4d45e6b30bc524c0fa04b4e4a4329b40643f5019c434562d
297,31412.62087528661,0.009423786262585982,0xef6438ef3a89b86c8d299c3952b2564887c03cc4,2017-10-16T18:36:19.000Z,0.00000029999999999999,0x0e14740926471137b571c090d625dd7123a307d7,sell,0x1f103fd7c4fa908c25387da70ed287b632bd22a2,0x9003ce93175698cd5405a164b980c08b9cacf81c4ebafdfecb55cbd5e784d1e7
298,30959.659,0.00959749429,0xacba24578577004624344761f641a710800ee012,2017-10-16T12:15:47.000Z,0.00000031,0x8a6b2eb536f349e9ae09fcb92444226704937050,sell,0x1f103fd7c4fa908c25387da70ed287b632bd22a2,0x7cd50ce86254accd4c289cc8c3af2a14d5895337a2bd1c5bdeea436af7045b8e
299,5331.333793363393,0.001711358147669649,0x971f30c325d9924ad472adf0bf98702502baad93,2017-10-16T09:19:31.000Z,0.00000032099999999999,0x5c11ca8348a2a8670eff2251b00e2c239a940f35,sell,0x1f103fd7c4fa908c25387da70ed287b632bd22a2,0x78446dee0374809fa213ce1eae160bc7b401e614c1eaaba0a3e7dec6321f78ff
300,28404.05878171586,0.008805258222331917,0xacba24578577004624344761f641a710800ee012,2017-10-16T07:45:27.000Z,0.00000030999999999999,0x1343ebb4d2abd16db3fc0d8eb7461532346d17c9,sell,0x1f103fd7c4fa908c25387da70ed287b632bd22a2,0x0ef24cc1770ae4caf2ac632dc01abf22c879cc5c871ab4f69b16201b2138b690
301,10668.666206636608,0.00342464185233035,0x971f30c325d9924ad472adf0bf98702502baad93,2017-10-16T07:30:12.000Z,0.00000032099999999999,0xb578813e07cebfe28bd17609ecd8bef5c0d9a5ad,sell,0x1f103fd7c4fa908c25387da70ed287b632bd22a2,0xe8620698e5ab96e31821cf9d80733778b3adec48a5d6da7c2168a7411a0ecc60
302,39180.7187718074,0.012968817913468248,0xfeb04b6ffb388131d00dea87b6c39b10e27ba2ed,2017-10-16T07:24:58.000Z,0.00000033099999999999,0xb578813e07cebfe28bd17609ecd8bef5c0d9a5ad,sell,0x1f103fd7c4fa908c25387da70ed287b632bd22a2,0xf54c9769bab41e7136a1e705729d7c7d0ce45dfd76b25714036f126caa18d4f9
303,29909.2812281926,0.00989997208653175,0xfeb04b6ffb388131d00dea87b6c39b10e27ba2ed,2017-10-16T01:28:57.000Z,0.00000033099999999999,0x8cfde7deea6969af4d5b8c5dcc99952d86c5092c,sell,0x1f103fd7c4fa908c25387da70ed287b632bd22a2,0x6d2422f3ff057ca023e8733159a24007bc1e649440ee54be305c1f98d21f281a
304,29910,0.00990021,0xfeb04b6ffb388131d00dea87b6c39b10e27ba2ed,2017-10-15T21:45:50.000Z,0.000000331,0x6cbe9e69b54fb87cbfdc8cca2cd6e90515d1a36c,sell,0x1f103fd7c4fa908c25387da70ed287b632bd22a2,0x4ed1cb297248bb01e805adabac7684d83e064da17a87c5feecb4e0357c8cd250
305,48758.84757252517,0.016090419698933305,0xd59287c566816360f12d6ad9a6bba0ac8a1ad72b,2017-10-15T18:22:17.000Z,0.00000032999999999999,0x0243f67e0ad5fd0f6f90dd98135c884f67aecfb7,sell,0x1f103fd7c4fa908c25387da70ed287b632bd22a2,0x91416f818fa5b48917db2b0a4e5be19ba74e0ad80b98a05c7395a52980d8edaa
306,18900,0.015876,0x0243f67e0ad5fd0f6f90dd98135c884f67aecfb7,2017-10-15T10:01:44.000Z,0.00000084,0x30cc7963fc6d28b659060f6df9087fe5b3a12007,buy,0x1f103fd7c4fa908c25387da70ed287b632bd22a2,0x2c06422fb8b8b2e7872f738eb5a27af05171a4dd0e77b9527927b9e05185aaab
307,6987.339248330177,0.002305821951948958,0x1548c43c81e0ccb5a01b33f19708097cce3e82c6,2017-10-15T06:56:05.000Z,0.00000032999999999999,0xf4d399f49ffb8acd922960c3c7b2a7b3460a01f8,sell,0x1f103fd7c4fa908c25387da70ed287b632bd22a2,0x0c66b4d1e53d45d336ff213c5327a9c58d3d78ad4f21390618fc1955690750f0
308,29910.278137772904,0.009870391785465059,0x1548c43c81e0ccb5a01b33f19708097cce3e82c6,2017-10-15T06:02:48.000Z,0.00000032999999999999,0x1c0ea315c9258a43491227c7fb67138a4aa34395,sell,0x1f103fd7c4fa908c25387da70ed287b632bd22a2,0x064026ad7e49ec5dcc4cf6469562760cde76daf51c895f377d15a374e05fe1d3
309,29908.284318612303,0.00986973382514206,0x1548c43c81e0ccb5a01b33f19708097cce3e82c6,2017-10-15T05:57:37.000Z,0.00000032999999999999,0xc7e98a1f2f749b9737878748ddf971ea3234077d,sell,0x1f103fd7c4fa908c25387da70ed287b632bd22a2,0x0bae976f7273d280dc938a3c86f7eafe8af534a1b934c1d8444c833a58d34512
310,20004,0.00660132,0x0b375a2b77e80122332df874fc61636dd5ec8bdf,2017-10-15T04:29:35.000Z,0.00000033,0xb1c5e82fd62b1abab1dec53c53f1cc58a8011baf,buy,0x1f103fd7c4fa908c25387da70ed287b632bd22a2,0xd63faacd951f3006907ea48e357b23c96dcc3cf1f2aafd90d7b3ee03c2a0f204
311,15008,0.00495264,0xeb5099a3c5f94a03fda7291695fd8e907f06a576,2017-10-15T04:10:04.000Z,0.00000033,0x02919eca2d40cee769646c57bd443c2ab59a43ec,buy,0x1f103fd7c4fa908c25387da70ed287b632bd22a2,0xcb748031423c172a3c061ed044083002acb51a43c48ee98bc5cd664a548b5554
312,104682,0.03454506,0x1548c43c81e0ccb5a01b33f19708097cce3e82c6,2017-10-15T02:43:06.000Z,0.00000033,0xc8cd137d8ad0646de03b86316bcf5ecca9e9b401,sell,0x1f103fd7c4fa908c25387da70ed287b632bd22a2,0xd9e9bc8df79b7922ed511a55e0894141a11d2ae1a1088911d4ac848b2b791c73
313,30000,0.0099,0x1548c43c81e0ccb5a01b33f19708097cce3e82c6,2017-10-14T23:57:49.000Z,0.00000033,0xa20dbb3671015c10daca87ad4c7b0ba776cf5bc9,buy,0x1f103fd7c4fa908c25387da70ed287b632bd22a2,0x6da07a97fe7ea78043656254077b1b821902862876f1e45678f07888ba7cac62
314,30004,0.009871316,0x1548c43c81e0ccb5a01b33f19708097cce3e82c6,2017-10-14T23:57:37.000Z,0.000000329,0x883066273c2573ecf60d1610ca1bfeb5e092118c,buy,0x1f103fd7c4fa908c25387da70ed287b632bd22a2,0xd9b74e98bff02e5f42ee95031d92b970f651727d31fb245df9f53ceb397be6c8
315,29907.287409032,0.00986940484498056,0xd59287c566816360f12d6ad9a6bba0ac8a1ad72b,2017-10-14T22:45:31.000Z,0.00000032999999999999,0x975ea36be13fd6a5d46395e93b0f17ab0c8e3469,sell,0x1f103fd7c4fa908c25387da70ed287b632bd22a2,0xcec4453c70a2438396f37c74df7e35ccf074e3123c2ebad6da36bb962ba5909e
316,28145.128006427996,0.009287892242121239,0xd59287c566816360f12d6ad9a6bba0ac8a1ad72b,2017-10-14T22:42:39.000Z,0.00000032999999999999,0x2adef0a727f1a443d61886981c89136ca866ab33,sell,0x1f103fd7c4fa908c25387da70ed287b632bd22a2,0xe7be8e2446511fac9a9282e71d3c48fc3c6c13b858816e6fb0385d215e11a0a6
317,4804.618682085535,0.001585524165088226,0xd59287c566816360f12d6ad9a6bba0ac8a1ad72b,2017-10-14T19:43:28.000Z,0.00000032999999999999,0xba2236d9a90dd62e9f08a64d4928bb4791c6834a,sell,0x1f103fd7c4fa908c25387da70ed287b632bd22a2,0xb832a9d61e5fa115ce8f85bdc3e48b7ff0ae9eb0712acfc63c4a76dfafb38998
318,1002.8910377828731,0.000330954042468348,0xd59287c566816360f12d6ad9a6bba0ac8a1ad72b,2017-10-14T19:20:24.000Z,0.00000032999999999999,0xd6280857acb99416072235f8ab9b5bedf8c78f70,sell,0x1f103fd7c4fa908c25387da70ed287b632bd22a2,0xaa1d87c394a287b2fc2286e762e386b8bfd317ae4b5ffae996a14fa39405159a
319,55889.40573561189,0.01844350389275192,0xd59287c566816360f12d6ad9a6bba0ac8a1ad72b,2017-10-14T19:19:06.000Z,0.00000032999999999999,0xd8b50d899ca5ae70e95210520301b6a9ac0cd9e8,sell,0x1f103fd7c4fa908c25387da70ed287b632bd22a2,0x2cd1782c919a1251c85971457e705b4f54ac02be8a159c2412b96c4b43edc94b
320,20942.07955338451,0.006910886252616887,0xd59287c566816360f12d6ad9a6bba0ac8a1ad72b,2017-10-14T19:01:44.000Z,0.00000032999999999999,0x3379a0bd54f99041f5e4e4bd884b13bf47d3b73f,sell,0x1f103fd7c4fa908c25387da70ed287b632bd22a2,0xfac739ee995a9bfd250b202417442070537a19985930107759483afec69b14a0
321,19950.154520984946,0.006583550991925032,0xd59287c566816360f12d6ad9a6bba0ac8a1ad72b,2017-10-14T17:50:56.000Z,0.00000032999999999999,0x14d6d0f3d430455b5c1f169e28548bbc61d79cda,sell,0x1f103fd7c4fa908c25387da70ed287b632bd22a2,0xaf3a148fdcbcbe18f370dfacf48f42aee41cf736d5b38e86e8a424834971376f
322,30002.8517658442,0.009840935379196896,0xd59287c566816360f12d6ad9a6bba0ac8a1ad72b,2017-10-14T15:59:30.000Z,0.000000328,0x7fd93c9d8f5bc495c75b79bd35af5615e2eefcad,buy,0x1f103fd7c4fa908c25387da70ed287b632bd22a2,0xb08b70b5753f030f1a4ba35d6f670c8ca03b91ef35cf7624ebb19ddd37b7f89e
323,1.1482341558018292,0.000000376620803103,0x29969d3635c94035bc15e58c57695f649e4318da,2017-10-14T13:25:41.000Z,0.000000328,0x7fd93c9d8f5bc495c75b79bd35af5615e2eefcad,buy,0x1f103fd7c4fa908c25387da70ed287b632bd22a2,0xebdec97fc872a98f9948bbcff306be7b0d458273b69fd1516bf96b33ab4485e7
324,30002,0.029971998,0x9a8249c97a61591d42ef64b7909d4207799ff5f9,2017-10-14T12:12:02.000Z,0.000000999,0xd3585b5c1711c80ce70ed9c541c8bb0c88dbeb75,buy,0x1f103fd7c4fa908c25387da70ed287b632bd22a2,0xaa28314ece76af595257da15bc7b71dcfe7c727ab186309c02e6f2b2468b830d
325,15000,0.015,0x9a8249c97a61591d42ef64b7909d4207799ff5f9,2017-10-14T12:12:02.000Z,0.000001,0xc7ab123bb406ffe32647161b8703d44ddfd69616,buy,0x1f103fd7c4fa908c25387da70ed287b632bd22a2,0xdadea0d9f87cd5f9c0b44dee58cda79f392656b49eeee9a9ff467ae86a0e44be
326,20000,0.0158,0x9a8249c97a61591d42ef64b7909d4207799ff5f9,2017-10-14T12:08:51.000Z,0.00000079,0xc12787b02b996c0c23de426b60c4dd59548a5f86,buy,0x1f103fd7c4fa908c25387da70ed287b632bd22a2,0x10c53166f2cd247318387a7d852b33e532bbfa78bc2c8e0f818124f515950a95
327,100000,0.078,0x9a8249c97a61591d42ef64b7909d4207799ff5f9,2017-10-14T12:03:51.000Z,0.00000078,0xd59287c566816360f12d6ad9a6bba0ac8a1ad72b,buy,0x1f103fd7c4fa908c25387da70ed287b632bd22a2,0x0e2f126208b706147d6423f2ad73ba026f0a0efad29451c075097ad568d0c0db
328,30000,0.0225,0x9a8249c97a61591d42ef64b7909d4207799ff5f9,2017-10-14T12:03:41.000Z,0.00000075,0x0f1daa0497adb49831c7622265f82898dd8c58bc,buy,0x1f103fd7c4fa908c25387da70ed287b632bd22a2,0x8e70ff67653e8ba05fc23f4ea4ee819e3c283bdfb614d0224bc42bd7c5d24ffd
329,4994.516997308344,0.001648190609111753,0xd59287c566816360f12d6ad9a6bba0ac8a1ad72b,2017-10-14T08:12:59.000Z,0.00000032999999999999,0xedf96d80281019a6735968316c57bcc3a271abc5,sell,0x1f103fd7c4fa908c25387da70ed287b632bd22a2,0x3bb295ade6ca31cce646d173da4f1cfc213ee9b13b661fdafc9277f842a70797
330,4675.205,0.00415158204,0x643ee6450f26b8cac5e87d1b8e3368711365e6e3,2017-10-13T21:01:51.000Z,0.000000888,0x243d25fa46782c9bcd20f306894f6774e095cfc5,buy,0x1f103fd7c4fa908c25387da70ed287b632bd22a2,0xfe58ac9abdf6dda6a361604f16ee1ca98c8c17e8ba899a9bc5c42f21e1e0ddf0
331,943807.529973145,0.30201840959140636,0xa7622a77bf13ba8dc6c37d1edd278346a7e0c174,2017-10-13T20:46:57.000Z,0.00000031999999999999,0x446fef8609141351e014da217572a5f069fa4242,sell,0x1f103fd7c4fa908c25387da70ed287b632bd22a2,0x511f643c4fe5c35391175205a90389099ce9509cd10a830023a0d761641d262d
332,29687.5,0.0095,0xa7622a77bf13ba8dc6c37d1edd278346a7e0c174,2017-10-13T20:36:29.000Z,0.00000032,0xdbbcaa27058937fc736f4ee65a89d8a7e43fb195,sell,0x1f103fd7c4fa908c25387da70ed287b632bd22a2,0x40d227922e618da1180a298ed4ffc6e5f206f0986c231aa2f3577e7c34d65221
333,100000,0.0322,0xacba24578577004624344761f641a710800ee012,2017-10-13T20:26:54.000Z,0.000000322,0x446fef8609141351e014da217572a5f069fa4242,sell,0x1f103fd7c4fa908c25387da70ed287b632bd22a2,0x792f54a891590f970508c5296dc3b4d2fbc25682705180031cbcf7866bc44d95
334,60090,0.0228342,0xfee168e60f615e49d21c67c76cbf301e8e3dcd36,2017-10-13T20:24:46.000Z,0.00000038,0x446fef8609141351e014da217572a5f069fa4242,sell,0x1f103fd7c4fa908c25387da70ed287b632bd22a2,0x55cde295f4334f4011590e3e221c26123d6e32496d59dd827c76ed0ed4b77225
335,99997.04291893898,0.0389988467383862,0xd59287c566816360f12d6ad9a6bba0ac8a1ad72b,2017-10-13T20:23:56.000Z,0.00000038999999999999,0x446fef8609141351e014da217572a5f069fa4242,sell,0x1f103fd7c4fa908c25387da70ed287b632bd22a2,0x04443b75441b6ff390db82731ee27629bc1e51375e80c31c3e71346e9d8f3d68
336,2.9570810610208365,0.000001153261613798,0xd59287c566816360f12d6ad9a6bba0ac8a1ad72b,2017-10-13T20:05:20.000Z,0.00000038999999999995,0x1ad5b64b9992b88b8c9467ebfaa218cbfa54f709,sell,0x1f103fd7c4fa908c25387da70ed287b632bd22a2,0x9488e104d50d199a0ed5c22903d348326648c76c8fa5d9322c3332ba8a1fe9bd
337,31362.310936890673,0.05174781304586961,0x9a8249c97a61591d42ef64b7909d4207799ff5f9,2017-10-13T17:47:24.000Z,0.00000165,0x2adef0a727f1a443d61886981c89136ca866ab33,buy,0x1f103fd7c4fa908c25387da70ed287b632bd22a2,0x3058388f479124313134a862e74d47b22216ccd73fda89f77c9c9312f4d1219d
338,100000,0.17,0x9a8249c97a61591d42ef64b7909d4207799ff5f9,2017-10-13T17:42:06.000Z,0.0000017,0xff3f8d703bbfca2bd2be9eb2ba182f071b84f975,buy,0x1f103fd7c4fa908c25387da70ed287b632bd22a2,0xc0ba54b578fe3cd17e90c7661dc622d827f73875128cbd4957f855ac1324fce4
339,30000,0.036,0x9a8249c97a61591d42ef64b7909d4207799ff5f9,2017-10-13T17:41:15.000Z,0.0000012,0x25fe7d00c554af4012b7a7b6d0fe5cda8120928e,buy,0x1f103fd7c4fa908c25387da70ed287b632bd22a2,0xba8e39768165d8621d900de2884fa474d3f48284ecb7dc0f301d3a3d8c431a89
340,60000,0.05994,0x9a8249c97a61591d42ef64b7909d4207799ff5f9,2017-10-13T17:34:04.000Z,0.000000999,0xfb633d8c398071ec139b4bb66694f68c8bec3b50,buy,0x1f103fd7c4fa908c25387da70ed287b632bd22a2,0xe75641665bef92c47309cdabb9ce68894c6841aefdc37efba519c41e0c1e6597
341,83438,0.066666962,0x9a8249c97a61591d42ef64b7909d4207799ff5f9,2017-10-13T17:31:16.000Z,0.000000799,0xd59287c566816360f12d6ad9a6bba0ac8a1ad72b,buy,0x1f103fd7c4fa908c25387da70ed287b632bd22a2,0x9736f0cbd74fda88d17c3efeee03aef45e0a02dc867ca11ad6b7b7399e0c7c67
342,29907.287,0.029159604825,0x9a8249c97a61591d42ef64b7909d4207799ff5f9,2017-10-13T17:26:52.000Z,0.000000975,0xca56c93ccee9298ece5ff09bc2e9370c869262a5,buy,0x1f103fd7c4fa908c25387da70ed287b632bd22a2,0x55f696612b5263ee8e6cef3fc3987eb1917a3efa3dc4c172fd9b17ca35fc2169
343,30001,0.02850095,0x9a8249c97a61591d42ef64b7909d4207799ff5f9,2017-10-13T17:24:59.000Z,0.00000095,0xe15e47535a8bc8a18d41a4d52b78371054a9ac88,buy,0x1f103fd7c4fa908c25387da70ed287b632bd22a2,0x280ad47fe6fa12dafc01107621f00e1e296bec0723a9e5bd7de420171f9a6e87
344,50000,0.0445,0x9a8249c97a61591d42ef64b7909d4207799ff5f9,2017-10-13T17:21:36.000Z,0.00000089,0xd347f7b5fab42a04177be02c1f669aab83fae992,buy,0x1f103fd7c4fa908c25387da70ed287b632bd22a2,0x8409fd3e557d4cc9556b9c4a59f35687b43f96091fb9ce322543d01c19150ce9
345,15000,0.011985,0x9a8249c97a61591d42ef64b7909d4207799ff5f9,2017-10-13T17:19:55.000Z,0.000000799,0x971f30c325d9924ad472adf0bf98702502baad93,buy,0x1f103fd7c4fa908c25387da70ed287b632bd22a2,0x4312cdd68cbf82f71f53afffecde9676d2bdf7c8636a4a4e3bee06f3304ccada
346,29910,0.0113658,0xfee168e60f615e49d21c67c76cbf301e8e3dcd36,2017-10-13T16:16:12.000Z,0.00000038,0x28b280100e4fad98f4b84d697725ab21ea336532,sell,0x1f103fd7c4fa908c25387da70ed287b632bd22a2,0xdb8c729c799fc3bebfead773c61ea848af5bb3b8f754c4899254acd5413675a7
347,15000,0.00534,0x971f30c325d9924ad472adf0bf98702502baad93,2017-10-13T12:19:21.000Z,0.000000356,0x5fa995b0ff5689a252158688449ecf8d3f62bbad,sell,0x1f103fd7c4fa908c25387da70ed287b632bd22a2,0xe5db93f8f64926859d56a1b2c02fea701b008816d956ad71d8e4aa0fc51267c4
348,9969.593711195026,0.003569114548607819,0xd59287c566816360f12d6ad9a6bba0ac8a1ad72b,2017-10-13T10:47:48.000Z,0.00000035799999999999,0xa192020a40449f2d1510f4a18344403796457567,sell,0x1f103fd7c4fa908c25387da70ed287b632bd22a2,0x1c4f3b775ab3656e22daa22ab53cb18bf5168db79ebc050265db812af9bcdcaf
349,15248.445552786363,0.005443695062344731,0xd92ce5941305b7cf1e5cc5713b93db2b651a4fdf,2017-10-13T08:56:59.000Z,0.00000035699999999999,0x38cde1ef8b525264ac033d40ca97343eccdf3a70,sell,0x1f103fd7c4fa908c25387da70ed287b632bd22a2,0x04a4c669f951837745d5e2e815a64839e5dd59ce9303d17f46515ab331412913
350,15000,0.005355,0xd59287c566816360f12d6ad9a6bba0ac8a1ad72b,2017-10-13T08:35:21.000Z,0.000000357,0x02919eca2d40cee769646c57bd443c2ab59a43ec,buy,0x1f103fd7c4fa908c25387da70ed287b632bd22a2,0xdb66305940dcf31066cb72a0d6f15a4ea1c07e3b297baf79a7242c9fd6df65fc
351,15000,0.005325,0xc12787b02b996c0c23de426b60c4dd59548a5f86,2017-10-13T08:24:04.000Z,0.000000355,0x62ba18f3f4598abbdfae326900b7805663df2fdb,sell,0x1f103fd7c4fa908c25387da70ed287b632bd22a2,0x8648e18005f0126a75ce96f0276aa7cff3d54d3012a018be774edad7b0892d76
352,15000,0.005355,0xd59287c566816360f12d6ad9a6bba0ac8a1ad72b,2017-10-13T06:28:15.000Z,0.000000357,0x02919eca2d40cee769646c57bd443c2ab59a43ec,buy,0x1f103fd7c4fa908c25387da70ed287b632bd22a2,0x88f1b1a82c0406584426df0d404bddc4954fc5453eec5d97e9e4b8bb28b293a9
353,10010,0.00355355,0xd59287c566816360f12d6ad9a6bba0ac8a1ad72b,2017-10-13T06:26:38.000Z,0.000000355,0xc358e2f95fc4e2d731e849fff14a42f34760c1ae,buy,0x1f103fd7c4fa908c25387da70ed287b632bd22a2,0x44eb4fbd16eba9cc5630441b5e70cf79493bcca951ab412bb15904e1ef20fba2
354,29843.270128601336,0.010654047435910675,0xd92ce5941305b7cf1e5cc5713b93db2b651a4fdf,2017-10-13T06:01:51.000Z,0.00000035699999999999,0xd474af8d5da4b92b51f674b937387a587a39a1a5,sell,0x1f103fd7c4fa908c25387da70ed287b632bd22a2,0xcde34ed2c918da872a0ef015c65032b8f2bde54a4466e8bd3b647d66addc1bf0
355,29908.284318612303,0.010677257501744591,0xd92ce5941305b7cf1e5cc5713b93db2b651a4fdf,2017-10-13T05:05:23.000Z,0.00000035699999999999,0x19032f3f478d94585a3ef787e6c8b5734e3e6e50,sell,0x1f103fd7c4fa908c25387da70ed287b632bd22a2,0x29a93b96787da1679acb6bb7e857bb679bb035bdd4b48509ae63ab9212f0beee
356,15000,0.00534,0x2adef0a727f1a443d61886981c89136ca866ab33,2017-10-13T04:14:53.000Z,0.000000356,0x02919eca2d40cee769646c57bd443c2ab59a43ec,buy,0x1f103fd7c4fa908c25387da70ed287b632bd22a2,0x756c1a88dd3e32b8b3f10766024d18b825c0163eab3e7e4a5476fce53ed3c6b2
357,30001,0.010650355,0x2adef0a727f1a443d61886981c89136ca866ab33,2017-10-13T04:06:05.000Z,0.000000355,0x2fa866b68b6526e263b6d6428feb65587f598ab2,buy,0x1f103fd7c4fa908c25387da70ed287b632bd22a2,0x49d99c1f73cba645b29e0b42d16694b8186ae278164229ab890bbb4db61b2cee
358,11324.79489646979,0.010056417868065173,0x9a8249c97a61591d42ef64b7909d4207799ff5f9,2017-10-13T02:16:15.000Z,0.000000888,0x243d25fa46782c9bcd20f306894f6774e095cfc5,buy,0x1f103fd7c4fa908c25387da70ed287b632bd22a2,0x8e3de02a76fb0e319f3eaf47f25a30d1a050c8808684d3c78626d98681a509f9
359,50000,0.08,0x9a8249c97a61591d42ef64b7909d4207799ff5f9,2017-10-13T02:13:05.000Z,0.0000016,0xff3f8d703bbfca2bd2be9eb2ba182f071b84f975,buy,0x1f103fd7c4fa908c25387da70ed287b632bd22a2,0xb47e78a35847441f2034d854d91190e65b867999e88e14ff7208a81e9e00fd7b
360,100000,0.18,0x9a8249c97a61591d42ef64b7909d4207799ff5f9,2017-10-13T02:10:44.000Z,0.0000018,0xff3f8d703bbfca2bd2be9eb2ba182f071b84f975,buy,0x1f103fd7c4fa908c25387da70ed287b632bd22a2,0x0434db5187b6689c849285c259e2c096c0eb9102f5b0df00cd81243a7d743907
361,100000,0.149,0x9a8249c97a61591d42ef64b7909d4207799ff5f9,2017-10-13T02:06:56.000Z,0.00000149,0xaf779d1eddb59f1035480dd377d8187c865c20da,buy,0x1f103fd7c4fa908c25387da70ed287b632bd22a2,0xcb948033a72b01ee7286cec2c14c26b3ad1d11c06400b92a5b517478e7649a0e
362,50000,0.06945,0x9a8249c97a61591d42ef64b7909d4207799ff5f9,2017-10-13T01:58:35.000Z,0.000001389,0x2adef0a727f1a443d61886981c89136ca866ab33,buy,0x1f103fd7c4fa908c25387da70ed287b632bd22a2,0x2cf2c8fb6ff1172d29045aa01cdf09ed066104307f514c981156951e31c96c5f
363,70000,0.05985,0x9a8249c97a61591d42ef64b7909d4207799ff5f9,2017-10-13T01:55:19.000Z,0.000000855,0xd347f7b5fab42a04177be02c1f669aab83fae992,buy,0x1f103fd7c4fa908c25387da70ed287b632bd22a2,0xef0cd473bca7764c381b2958e736cbe27f91110dff08389103cfc97dc4d2ae15
364,7975.276642408534,0.007082045658458777,0x3cc20253b2f7ceeec87ed6db1facdd622f975d3c,2017-10-12T23:23:18.000Z,0.00000088799999999999,0xb2d9fd26e4c30c072bde300d37c6f9505138c9d1,sell,0x1f103fd7c4fa908c25387da70ed287b632bd22a2,0xb940f8ffbabd84edfc4ef94319bc2b2e762c36ea1f7d323986780c07348862f4
365,4000,0.003552,0x78b0e4933f5b7d90102367e28efcde256998411e,2017-10-12T22:50:49.000Z,0.000000888,0x243d25fa46782c9bcd20f306894f6774e095cfc5,buy,0x1f103fd7c4fa908c25387da70ed287b632bd22a2,0x54d5c20b4dade32038f5f1402e2fbe7cba6adec15b587718b8e01cbaed4cca71
366,3000,0.0027,0x035392de57aa4fe343d86494103dbe1b068a56c6,2017-10-12T22:04:56.000Z,0.0000009,0xcfad4842b68ae4e71283ab7cb914c658a8d7b01b,buy,0x1f103fd7c4fa908c25387da70ed287b632bd22a2,0xbce215af11cfb022b586868d076dcf29e2a1b82a4cfb76f05d7bd82c8e9b0b1b
367,19943.17615392284,0.005982952846176851,0xef6438ef3a89b86c8d299c3952b2564887c03cc4,2017-10-12T21:55:46.000Z,0.00000029999999999999,0xe772c1608c019641cf10504352a931eb7927a01d,sell,0x1f103fd7c4fa908c25387da70ed287b632bd22a2,0x24ef0ca3292562576781be665829e3cd682449c5550e498b9c023c8b9fbeb913
