,amount,amountBase,buyer,date,price,seller,side,tokenAddr,txHash
0,335.66828906339714,0.004229420442198803,0xdd55aed1e7c65ea79b650269ce4d3a0ef5449b8e,2017-11-02T13:00:03.000Z,0.00001259999999999999,0xbf8418ea81566519e9ec9f441991bab6e33ecc32,sell,0x9dfe4643c04078a46803edcc30a3291b76d4c20c,0xe39ee3a1de12ec96ebeb6668517f2a6ffb75ae6b1cec6431b32f9798dad08f3c
1,2990.7287409032,0.03768318213538032,0xdd55aed1e7c65ea79b650269ce4d3a0ef5449b8e,2017-11-02T12:30:57.000Z,0.00001259999999999999,0x25f1a5d4e4ac5a3f7e51b5bdd046c6eb0fe910fa,sell,0x9dfe4643c04078a46803edcc30a3291b76d4c20c,0x0b7f501b97e508207699eb71a077d7af77c0bb29989cd8092032eae5d5a6ddde
2,996.9095803010667,0.01256106071179344,0xdd55aed1e7c65ea79b650269ce4d3a0ef5449b8e,2017-11-02T11:20:46.000Z,0.00001259999999999999,0x8698327a7e55446f7558f03faaff08ab6bb45a76,sell,0x9dfe4643c04078a46803edcc30a3291b76d4c20c,0x9307c98b0b56038c802bf49eef071152df6d4f07516cda5e83c6fda8c10030ff
3,31.645569620253166,0.0005,0x4fda9e6bcd83af6c5cc771b5d20accc2b7720074,2017-11-02T11:15:14.000Z,0.0000158,0xbf8418ea81566519e9ec9f441991bab6e33ecc32,buy,0x9dfe4643c04078a46803edcc30a3291b76d4c20c,0x7fff0ea9a7cdace36a8ce6f7374eb036c8f26ce20b9549f8008fc0372d5e0d29
4,31.645569620253166,0.0005,0x3075f7f189912f4f425dd7021b9c396434197477,2017-11-02T11:05:15.000Z,0.0000158,0xbf8418ea81566519e9ec9f441991bab6e33ecc32,buy,0x9dfe4643c04078a46803edcc30a3291b76d4c20c,0x2b64dc66815bf0ee522bf0e82853e63c61fc02cbf31560279cc5a6cc6651220b
5,2990.7287409032,0.03768318213538032,0xdd55aed1e7c65ea79b650269ce4d3a0ef5449b8e,2017-11-02T10:52:25.000Z,0.00001259999999999999,0x15c7cfa2750a64731128dac2a378ca897c64eefe,sell,0x9dfe4643c04078a46803edcc30a3291b76d4c20c,0xf222711cb138b60fba4970673245bb75b1a308a9616e8af31a0f03f06707cd01
6,3000,0.045,0xdd55aed1e7c65ea79b650269ce4d3a0ef5449b8e,2017-11-02T10:16:46.000Z,0.000015,0xe408f784458ea8becf9f12872ea78f10e06cfba8,buy,0x9dfe4643c04078a46803edcc30a3291b76d4c20c,0x24e44da657947ac63d8cb93bce4d338f70aa619fffebb74a649ea61e586f69c7
7,3000,0.04467,0xdd55aed1e7c65ea79b650269ce4d3a0ef5449b8e,2017-11-02T10:16:06.000Z,0.00001489,0x005c1ed2e9512a07bc83e0122c86d599f2384b8d,buy,0x9dfe4643c04078a46803edcc30a3291b76d4c20c,0xd22c501e044bff24748ef76a3654702314f509c9879673dd746cfb1646ecd9e3
8,3000,0.0405,0xdd55aed1e7c65ea79b650269ce4d3a0ef5449b8e,2017-11-02T10:14:49.000Z,0.0000135,0xc69e3cd404c4eee62a9ba237a6ce76a49980bf9a,buy,0x9dfe4643c04078a46803edcc30a3291b76d4c20c,0x5217997f46cfd989c05bdae7843f21fd52f042c887f257f1b7d93098e6438000
9,996.9095803010667,0.0119629149636128,0x716fea16c86f9f2a757ac8c34696957757206b74,2017-11-02T09:59:01.000Z,0.00001199999999999999,0x3ff21a09320652f7a03e093e48c48f8bf171d696,sell,0x9dfe4643c04078a46803edcc30a3291b76d4c20c,0x2c6fde2acfd5033bdf34daed61643c4ded188a5d588e9ec6b9d16d5b8141311b
10,2990.7287409032,0.0328980161499352,0xdd55aed1e7c65ea79b650269ce4d3a0ef5449b8e,2017-11-02T06:14:31.000Z,0.00001099999999999999,0xde5d9fa7544c33985bfd421d36ae179f3f127aac,sell,0x9dfe4643c04078a46803edcc30a3291b76d4c20c,0x29bd87829b4deef1c8f8eb0e3dc7afd7710ebfdd62c522f1360942355f55e3ca
11,91.01784468148739,0.001001196291496361,0xdd55aed1e7c65ea79b650269ce4d3a0ef5449b8e,2017-11-02T04:54:57.000Z,0.00001099999999999999,0xf40d8157231e27345def479254f47afe0c9584ba,sell,0x9dfe4643c04078a46803edcc30a3291b76d4c20c,0x86ad3f07cf60a8dd6d310c390ef0111f7f08bbd4fb3f6da9efb1fa1d32b9e490
12,2900,0.0348,0xa73aaca7ce9d14c3c72b4b2e6c5e433eba620f9d,2017-11-02T04:52:43.000Z,0.000012,0xf40d8157231e27345def479254f47afe0c9584ba,sell,0x9dfe4643c04078a46803edcc30a3291b76d4c20c,0x51c1b796d1d6c43aa912bae54927e61613c4d33b817e688da8687d5176657c2e
13,2990.7287409032,0.03110357890539328,0xdd55aed1e7c65ea79b650269ce4d3a0ef5449b8e,2017-11-01T22:37:44.000Z,0.00001039999999999999,0x3439ea50ed00e9ba69d195eb0b5b403b3ba5fba2,sell,0x9dfe4643c04078a46803edcc30a3291b76d4c20c,0xaa8d2fd733941f5925c6391f395cec9d24dc3f7a6597b0b1e9bb25c1dec67a5b
14,3000,0.0402,0xdd55aed1e7c65ea79b650269ce4d3a0ef5449b8e,2017-11-01T22:00:31.000Z,0.0000134,0x51bff6f116cd1d9bffb0248a669bbd86635d92f8,buy,0x9dfe4643c04078a46803edcc30a3291b76d4c20c,0xa98b622991819500f10b607a104ef9a70b61b74b189bcb3dd845a65773c33a5c
15,2990.7287409032,0.04007576512810288,0xdd55aed1e7c65ea79b650269ce4d3a0ef5449b8e,2017-11-01T21:45:51.000Z,0.00001339999999999999,0x760de42737a127d5f2d8dba00399db569fb60cd9,sell,0x9dfe4643c04078a46803edcc30a3291b76d4c20c,0x1a3321ef00322b82f81cb0b452c2e22b3376fd87dee2ad3ae69277a8d4ba57e3
16,2990.7287409032,0.04007576512810288,0xdd55aed1e7c65ea79b650269ce4d3a0ef5449b8e,2017-11-01T20:54:21.000Z,0.00001339999999999999,0x2c5ef147c8e6aa13eda11e3a45138c6d568a8b5c,sell,0x9dfe4643c04078a46803edcc30a3291b76d4c20c,0xc11fd9bb87174b9e453562bbaebea390caa3794a08687a48a4d867df289286e2
17,0.281714772387345,0.00000377497794999,0xdd55aed1e7c65ea79b650269ce4d3a0ef5449b8e,2017-11-01T19:29:55.000Z,0.00001339999999999849,0x65e44324f5a4edb9fa333b1e0185975641cd5029,sell,0x9dfe4643c04078a46803edcc30a3291b76d4c20c,0xa5590eabc00936f25a6f1d99a4dd6d53b8301ac010177be7c5911465211fe3ac
18,1993.8191606021335,0.025959525471039777,0xdd55aed1e7c65ea79b650269ce4d3a0ef5449b8e,2017-11-01T16:10:05.000Z,0.00001301999999999999,0x34c8ae5dc0f6417d6fe3d16f6885dc5b5f6c552a,sell,0x9dfe4643c04078a46803edcc30a3291b76d4c20c,0xc37a8f5a587f002ce0444e10d3fd1a507a857cf1bcd934a2421b10091cb111c7
19,4000,0.0752,0xdd55aed1e7c65ea79b650269ce4d3a0ef5449b8e,2017-11-01T16:08:02.000Z,0.0000188,0x4c8e19f625b3aceb53c3015f68606629be0fde60,buy,0x9dfe4643c04078a46803edcc30a3291b76d4c20c,0x478d4ea60e801c5ad987a7a81c9c66200dbece089105aa30ecdc0fab61c5593a
20,10000,0.19,0xdd55aed1e7c65ea79b650269ce4d3a0ef5449b8e,2017-11-01T16:08:02.000Z,0.000019,0x11a985d42d6fa4cac941943a63f362c3497fa0fe,buy,0x9dfe4643c04078a46803edcc30a3291b76d4c20c,0xbff38a8e317fd75d076406d05ab989eb61b21399723aa3f078e867c55acb7cb7
21,6500,0.1105,0xdd55aed1e7c65ea79b650269ce4d3a0ef5449b8e,2017-11-01T16:08:02.000Z,0.000017,0x9e8696a3bafbcf1eb4329e11eb423c8f33977be4,buy,0x9dfe4643c04078a46803edcc30a3291b76d4c20c,0x6ec33cbe78e0d76a01db0e00a2f3e8c969b6afb756567435a3d0995bafdbb144
22,500,0.0085,0x38f5ecbd20276178d8cf7453aab347260c9cdea7,2017-11-01T15:53:45.000Z,0.000017,0x9e8696a3bafbcf1eb4329e11eb423c8f33977be4,buy,0x9dfe4643c04078a46803edcc30a3291b76d4c20c,0x74472bd7d7fd198f18752fd579b718ee02394708560cb7a7ab48874c4ddca857
23,5000,0.0775,0xdd55aed1e7c65ea79b650269ce4d3a0ef5449b8e,2017-11-01T15:52:31.000Z,0.0000155,0x543a235a9515b2b10489bccd1a0287f34df5848c,buy,0x9dfe4643c04078a46803edcc30a3291b76d4c20c,0xfb01644f8c91c4bd452b879df19a6157fee5e2c81bcaeaae45f8c5bc0fc182af
24,12800,0.19968,0xdd55aed1e7c65ea79b650269ce4d3a0ef5449b8e,2017-11-01T15:52:11.000Z,0.0000156,0x5a688b5ec3dedb3f2798fbe8ec258c1e7a7f18ab,buy,0x9dfe4643c04078a46803edcc30a3291b76d4c20c,0x5d86c237d189dce391c56ae7d4be24d4728bf2d43e6c9776ae48b3e7b53f539b
25,8000,0.116,0xdd55aed1e7c65ea79b650269ce4d3a0ef5449b8e,2017-11-01T15:52:02.000Z,0.0000145,0x0e6c84212cdaaaf11932361f00ad8fa83b51db17,buy,0x9dfe4643c04078a46803edcc30a3291b76d4c20c,0x38021a3c4f6d11ba97e1c0c83d29740ea1ebad9f2adb7d850e477640045a6350
26,4000,0.058,0xdd55aed1e7c65ea79b650269ce4d3a0ef5449b8e,2017-11-01T15:51:44.000Z,0.0000145,0xc8e649f99b8fa38874b4b0f8e989d0dca433da61,buy,0x9dfe4643c04078a46803edcc30a3291b76d4c20c,0x4c3b81ac93d0849ffcef2e6993fdb29aa94d49b0b6dd06d4a256370aa3fe7b2b
27,4000,0.058,0xdd55aed1e7c65ea79b650269ce4d3a0ef5449b8e,2017-11-01T15:51:44.000Z,0.0000145,0x27e51eb723462bcba87fe0958808b9c43e2f255d,buy,0x9dfe4643c04078a46803edcc30a3291b76d4c20c,0x3de0cad751d0c432302f29ff1734ee729201726bf13b3af3f8280036f4592571
28,10000,0.144,0xdd55aed1e7c65ea79b650269ce4d3a0ef5449b8e,2017-11-01T15:51:16.000Z,0.0000144,0x11a985d42d6fa4cac941943a63f362c3497fa0fe,buy,0x9dfe4643c04078a46803edcc30a3291b76d4c20c,0x0a6c14d22f2506268316b5e9539f2f4f436df27260576b9ac927332de4e345f6
29,400,0.00564,0xdd55aed1e7c65ea79b650269ce4d3a0ef5449b8e,2017-11-01T15:51:11.000Z,0.0000141,0x7adc947493b5933e209385a9aff9e4082decf10d,buy,0x9dfe4643c04078a46803edcc30a3291b76d4c20c,0xa32783456dd0652d2fa49c169407687a62f6de2e8a27706cf4f1bdd2838e45b3
30,2369,0.0326922,0x38f5ecbd20276178d8cf7453aab347260c9cdea7,2017-11-01T15:47:17.000Z,0.0000138,0x95e52a150e4a6f18323fb0d52066d130d1b79e22,buy,0x9dfe4643c04078a46803edcc30a3291b76d4c20c,0x6c7333666d688c4f3c0b90e914ee1a92df21b36ac69a21ec18070385ea2a71fd
31,1000,0.012005,0x86d4b794a7ffa3a3ea81421107cf26b7ad1b3d44,2017-11-01T11:34:11.000Z,0.000012005,0x95e52a150e4a6f18323fb0d52066d130d1b79e22,sell,0x9dfe4643c04078a46803edcc30a3291b76d4c20c,0xb19e1d9a247c80cd438ba8aa2197e3577f5d53d58899623dae40a74154f33b09
32,625.9595254710398,0.007549071877180739,0x543a235a9515b2b10489bccd1a0287f34df5848c,2017-11-01T11:31:36.000Z,0.00001205999999999999,0x95e52a150e4a6f18323fb0d52066d130d1b79e22,sell,0x9dfe4643c04078a46803edcc30a3291b76d4c20c,0x72745053a82521be98c48d6f60380cfd353dcd9899cbd395ac0f22fd653e2650
33,10000,0.144,0xdd55aed1e7c65ea79b650269ce4d3a0ef5449b8e,2017-11-01T11:19:51.000Z,0.0000144,0x11a985d42d6fa4cac941943a63f362c3497fa0fe,buy,0x9dfe4643c04078a46803edcc30a3291b76d4c20c,0x53a4535568a746588c0978c8abfa6973da4a2acad3ef6e911103737847e6c069
34,513.9068886451998,0.00668592862127405,0x9bd942cc8407b0bc1b24ea2ce63be6e9ba1cc59e,2017-11-01T07:27:45.000Z,0.00001300999999999999,0x543a235a9515b2b10489bccd1a0287f34df5848c,sell,0x9dfe4643c04078a46803edcc30a3291b76d4c20c,0x7912c3b038eedab1c13e99524508ab53ca4903d753c20ece0846f17f1f1ddb72
35,498.45479015053337,0.006484896819858438,0x9bd942cc8407b0bc1b24ea2ce63be6e9ba1cc59e,2017-11-01T04:37:14.000Z,0.00001300999999999999,0x9f0bb02e7003767f7fe66ec6497a72e5f155c01d,sell,0x9dfe4643c04078a46803edcc30a3291b76d4c20c,0xc28f18b83bc5053440b3a44793f33407105d10b4af2dfb869a58760ef7d0d594
36,3987.638321204267,0.05187917455886751,0x9bd942cc8407b0bc1b24ea2ce63be6e9ba1cc59e,2017-11-01T04:17:44.000Z,0.00001300999999999999,0x11fb6aef2b0e35edd2d5d6169dccad5f50261b08,sell,0x9dfe4643c04078a46803edcc30a3291b76d4c20c,0xf5e4b387b001ccd8c758e6f227184896a00ecb48558224522f3a57543958b658
37,1000,0.01206,0x543a235a9515b2b10489bccd1a0287f34df5848c,2017-11-01T03:20:17.000Z,0.00001206,0x71eb35669b2406481563838863f29be7ecca8c6c,sell,0x9dfe4643c04078a46803edcc30a3291b76d4c20c,0xc0629f834b3c482e64c3430c69697d4e5e3fbad539773e240b1ef6dfa6e710de
38,4386.402153324693,0.0529000099690958,0x543a235a9515b2b10489bccd1a0287f34df5848c,2017-10-31T23:37:22.000Z,0.00001205999999999999,0x1932a822f0e7a33b4387926704a301759d0a4a58,sell,0x9dfe4643c04078a46803edcc30a3291b76d4c20c,0x7cc51cf352110c06a29694a78114dac7703cf9d2e80bb49398bc5d1efdafd02b
39,862.825,0.01207955,0xb9e813007801fd095f6076a762c204e4887885d5,2017-10-31T23:01:35.000Z,0.000014,0x543a235a9515b2b10489bccd1a0287f34df5848c,sell,0x9dfe4643c04078a46803edcc30a3291b76d4c20c,0xcbdf23fe586336ec1e8acddbc3635480b8f9287c72c8b0e920f650d682101235
40,149.53643704516,0.00209351011863224,0xb9e813007801fd095f6076a762c204e4887885d5,2017-10-31T21:28:35.000Z,0.00001399999999999999,0x89be660c4f9ef474a6b3cf1a9e5b12cb7bbe64d5,sell,0x9dfe4643c04078a46803edcc30a3291b76d4c20c,0x4e7ba8c108845fa1f775771352509da44ca5ee2f20be68fb1e7e4c1996d6d5b7
41,3987.638321204267,0.055826936496859735,0xb9e813007801fd095f6076a762c204e4887885d5,2017-10-31T20:55:25.000Z,0.00001399999999999999,0x60c72c0f4defd64c1071e744496e88095a9e4134,sell,0x9dfe4643c04078a46803edcc30a3291b76d4c20c,0x3d2716db7604c32a16ce93be7593928e0c63bcb941ef1158e1f8fe7cadbb59ed
42,749.472,0.01156435296,0xb9e813007801fd095f6076a762c204e4887885d5,2017-10-31T20:40:37.000Z,0.00001543,0x11a985d42d6fa4cac941943a63f362c3497fa0fe,sell,0x9dfe4643c04078a46803edcc30a3291b76d4c20c,0xc76c6857fd45614438e7094264a2110c90ac8833d488e6ee746b2f029f3c8223
43,516.0932931295963,0.009749002307218075,0x446e5f754e799afa64461ea279efbf1b0ec54b78,2017-10-31T18:20:27.000Z,0.00001889,0x1cbfd8e553833b8827d3812ac20128cea0eb7919,buy,0x9dfe4643c04078a46803edcc30a3291b76d4c20c,0x3fbd89d5bc097d4147e6a240910eaf4b39e8ed7ffe694d1fca6cce5e20e2a9e2
44,4950,0.09305505,0x446e5f754e799afa64461ea279efbf1b0ec54b78,2017-10-31T18:18:32.000Z,0.000018799,0x543a235a9515b2b10489bccd1a0287f34df5848c,buy,0x9dfe4643c04078a46803edcc30a3291b76d4c20c,0x700f0e2f72d23a71def6e1b14c6d0100429ab04faec2d50e93c46be6872e2f86
45,4247.748630336041,0.06554276136608511,0x68b4683475747e28a83596e94b58187d452099cf,2017-10-31T18:02:58.000Z,0.00001543,0x903edf55f84874a6a498c46476dbdc2279e5cc70,buy,0x9dfe4643c04078a46803edcc30a3291b76d4c20c,0x432d3ebd1f0b809b63cea8ad1367e2751e50dd446d70c1455f130db31787ec08
46,398.7638321204267,0.006152925929618183,0xb9e813007801fd095f6076a762c204e4887885d5,2017-10-31T17:33:56.000Z,0.00001542999999999999,0xb1dc1e7675ded0f5185f2e005287ca8d6cb03906,sell,0x9dfe4643c04078a46803edcc30a3291b76d4c20c,0x97a91bbde44d1a15eeb49094c84df8984b84fa1951d7a464963d23c90a993735
47,2.2513696639589114,0.000034738633914886,0x16bc787f5d5c0776e1ef78d5baed3b52b70d0251,2017-10-31T16:44:24.000Z,0.00001543,0x903edf55f84874a6a498c46476dbdc2279e5cc70,buy,0x9dfe4643c04078a46803edcc30a3291b76d4c20c,0x9e8e73de6fc148363540f380721af160a82a380061753bff88a0643609112782
48,398.7638321204267,0.006152925929618183,0xb9e813007801fd095f6076a762c204e4887885d5,2017-10-31T16:36:43.000Z,0.00001542999999999999,0x144c9ee17575b90cae75eeb51c1d6c1449e9970b,sell,0x9dfe4643c04078a46803edcc30a3291b76d4c20c,0x0aead9b48a213bca8f0a3d5cc44c181efb39d1413ffe8f4d6ed401cdf89a7fdf
49,4000,0.06172,0xb9e813007801fd095f6076a762c204e4887885d5,2017-10-31T14:37:48.000Z,0.00001543,0xf999ad14c7b51ab8d5f4113a686dea8cb8a0169a,sell,0x9dfe4643c04078a46803edcc30a3291b76d4c20c,0x88524945d6203e2c5c139f3274809a0b864eac44d072c7a904c2e271bb0e9944
50,50,0.00093995,0x0b773d7819259d78757b26dc4148812d35676d8f,2017-10-31T14:19:19.000Z,0.000018799,0x543a235a9515b2b10489bccd1a0287f34df5848c,buy,0x9dfe4643c04078a46803edcc30a3291b76d4c20c,0x7846d53b61fd35aa90246a262e3ef19564b91ca5b3e03caf8b5a25486a9dd7bf
51,3986.6414116239657,0.051826338351111556,0xb9e813007801fd095f6076a762c204e4887885d5,2017-10-31T12:52:33.000Z,0.00001299999999999999,0x309bd98f55de942e10a1d9071709f26696b4a248,sell,0x9dfe4643c04078a46803edcc30a3291b76d4c20c,0x3f0c4058a403732668260c7b649eb6285f8f7da0649adde3f8db47a07f4b5ed5
52,8772.804306649386,0.11404645598644203,0xb9e813007801fd095f6076a762c204e4887885d5,2017-10-31T12:07:57.000Z,0.00001299999999999999,0x02919eca2d40cee769646c57bd443c2ab59a43ec,sell,0x9dfe4643c04078a46803edcc30a3291b76d4c20c,0x541c361865be54c5728bd770a82aa9186555829c4f3db6e12bf7caf6ffb1effc
53,399.1613636049451,0.005189097726864286,0xb9e813007801fd095f6076a762c204e4887885d5,2017-10-31T07:12:22.000Z,0.00001299999999999999,0x658acdd5063fa27fe816f3923c7426a29cb2421b,sell,0x9dfe4643c04078a46803edcc30a3291b76d4c20c,0x871db933474bbf94999de0e999535405b586c68606c3f6f77d23c4ac027338eb
54,3987.638321204267,0.05183929817565547,0xb9e813007801fd095f6076a762c204e4887885d5,2017-10-31T06:34:39.000Z,0.00001299999999999999,0xffd84530db27cc11d3ebf2b4854e3b2b53609a7e,sell,0x9dfe4643c04078a46803edcc30a3291b76d4c20c,0xb7f260265e8e237b0f8be05d0af3311770676aa0492ce8beeb07b10eac646314
55,3987.638321204267,0.048090918153723454,0x543a235a9515b2b10489bccd1a0287f34df5848c,2017-10-31T03:49:40.000Z,0.00001205999999999999,0x51feb09f82313a99cb0d90be3702df6d7a3e1caa,sell,0x9dfe4643c04078a46803edcc30a3291b76d4c20c,0x7cacaf2bf31cf6ea786d8e8c201599e1e6a6cc0ad141cf4103f6188ec451faef
56,1000,0.0097,0xdd55aed1e7c65ea79b650269ce4d3a0ef5449b8e,2017-10-30T17:47:14.000Z,0.0000097,0x71eb35669b2406481563838863f29be7ecca8c6c,sell,0x9dfe4643c04078a46803edcc30a3291b76d4c20c,0x197db0be522b059d122f09939f769bb6d9aa43d484f3027ed40c868ca75d81eb
57,5000,0.0945,0xb9e813007801fd095f6076a762c204e4887885d5,2017-10-30T16:53:59.000Z,0.0000189,0x543a235a9515b2b10489bccd1a0287f34df5848c,buy,0x9dfe4643c04078a46803edcc30a3291b76d4c20c,0x642ecc513aa20531d99f6c27ec3d992850e3287618a5cfdbf502f50efe21c4f5
58,800,0.01559992,0xb9e813007801fd095f6076a762c204e4887885d5,2017-10-30T16:53:59.000Z,0.0000194999,0xbb99248a99566f835526be70cfbd07476a0b1b29,buy,0x9dfe4643c04078a46803edcc30a3291b76d4c20c,0x68c114957d184ffef3908bc3479e08c858529697b042c4fe8e3bebd832e1bfc4
59,400,0.0068,0xb9e813007801fd095f6076a762c204e4887885d5,2017-10-30T16:51:23.000Z,0.000017,0xbabcb47487e92ac2effb6d36b554af31e1658b42,buy,0x9dfe4643c04078a46803edcc30a3291b76d4c20c,0xa11b9213a470c68a10de026de36e436408eeee053d6e5a972f0108ab68ffd492
60,390,0.00663,0xb9e813007801fd095f6076a762c204e4887885d5,2017-10-30T16:51:00.000Z,0.000017,0x136a799ed2718612be19f7143ef8c66c918086c4,buy,0x9dfe4643c04078a46803edcc30a3291b76d4c20c,0x120616f6bcd55f8ab6ed51bda67a05df2a9660a60c3c55096db072cc6402e394
61,4000,0.0679996,0xb9e813007801fd095f6076a762c204e4887885d5,2017-10-30T16:49:07.000Z,0.0000169999,0xc5169add2643e122a76a1b80ed29f8d0eb2c0284,buy,0x9dfe4643c04078a46803edcc30a3291b76d4c20c,0xb5ed72c2a24d422ce7093b6c77b8720f5aa07346077941c037f90700714b639a
62,4000,0.06796,0xb9e813007801fd095f6076a762c204e4887885d5,2017-10-30T16:49:07.000Z,0.00001699,0x86d4b794a7ffa3a3ea81421107cf26b7ad1b3d44,buy,0x9dfe4643c04078a46803edcc30a3291b76d4c20c,0x67084fadce1779a52ab7f52f3807fdf8815ff5987e025e5d4ef1461b0588bd4c
63,5000,0.0825,0xb9e813007801fd095f6076a762c204e4887885d5,2017-10-30T16:48:34.000Z,0.0000165,0x543a235a9515b2b10489bccd1a0287f34df5848c,buy,0x9dfe4643c04078a46803edcc30a3291b76d4c20c,0xe280bb04abecae2ba3267c492cea5c141cc25d47d94c911bc593cff9c9322781
64,4000,0.065996,0xb9e813007801fd095f6076a762c204e4887885d5,2017-10-30T16:47:11.000Z,0.000016499,0x32f33fb3ef5f4f11d9304bfcf472285c600cfa87,buy,0x9dfe4643c04078a46803edcc30a3291b76d4c20c,0x535fb4e5ef011d8dcbc56e74d22f11df01d2b56f2f0a5ae11ecbb4bb80afd166
65,4000,0.062,0xb9e813007801fd095f6076a762c204e4887885d5,2017-10-30T16:42:42.000Z,0.0000155,0x8559d6fa6c3fddc0e5eedd0468aa1e1a14ed0bf7,buy,0x9dfe4643c04078a46803edcc30a3291b76d4c20c,0xe83062e15369fca8f768778233cb3b095ce2f3bec57e74c3169c4d660bf887bd
66,5000,0.079995,0xb9e813007801fd095f6076a762c204e4887885d5,2017-10-30T16:42:42.000Z,0.000015999,0x1fb9f5abd2c8c8e7e34f1738682d76d8704d1f8b,buy,0x9dfe4643c04078a46803edcc30a3291b76d4c20c,0x0c30b7bc1e0342b84f7f9633fd79f8d9a679441c8cff0b2052246981730e53ab
67,4000,0.06,0xb9e813007801fd095f6076a762c204e4887885d5,2017-10-30T16:42:12.000Z,0.000015,0xc7d938690ad2e75f8fbe3e6fe20bcac7e1e5d55a,buy,0x9dfe4643c04078a46803edcc30a3291b76d4c20c,0xdc69ce0010d1a803d0af1f58c6f93f58f4b3e843b00db7cb80e9769c0045a8c4
68,5000,0.065,0xb9e813007801fd095f6076a762c204e4887885d5,2017-10-30T16:38:39.000Z,0.000013,0x543a235a9515b2b10489bccd1a0287f34df5848c,buy,0x9dfe4643c04078a46803edcc30a3291b76d4c20c,0x80fe47974950c00049cbe6c8eb08dd07954c6f280cf0240bbf4b7f7026edac56
69,3999,0.0499875,0xb9e813007801fd095f6076a762c204e4887885d5,2017-10-30T16:38:22.000Z,0.0000125,0x0b7d16e5d41a8361ab37e36974e738cb2ea9cb9c,buy,0x9dfe4643c04078a46803edcc30a3291b76d4c20c,0x0f004b26d3a35a474a6f6ace3f9e250be679330148defdddc9e7d30c663e6ebb
70,4000,0.049,0xb9e813007801fd095f6076a762c204e4887885d5,2017-10-30T16:36:27.000Z,0.00001225,0x139ba3625c6c93e4abe573bc81afeebd10cf3314,buy,0x9dfe4643c04078a46803edcc30a3291b76d4c20c,0xb1b0ac6a962902613dda50f568f5bb98b738f2adfdb49db574f810105084b04b
71,1,0.0000125,0x6cdea8e07bf82d7a07dbf36642d6e5be8623845c,2017-10-30T13:09:46.000Z,0.0000125,0x0b7d16e5d41a8361ab37e36974e738cb2ea9cb9c,buy,0x9dfe4643c04078a46803edcc30a3291b76d4c20c,0xb9bc3a80f30fea0de4285c8d2b1f6bea57d9881b23ae4095fa3cd074c0b721f3
72,3987.638321204267,0.030864320606121026,0x34cb52c6d97521e9b51b05c2860c8a448ffcef5c,2017-10-30T12:24:01.000Z,0.00000773999999999999,0xb4066e3f167a4e5b7b97cca2b163ee396cfd0a1d,sell,0x9dfe4643c04078a46803edcc30a3291b76d4c20c,0xeb39b83a56b61859ded3c12713fcb561843b81db3f518a19db07c4446d37536c
73,1000,0.00774,0x34cb52c6d97521e9b51b05c2860c8a448ffcef5c,2017-10-30T11:16:50.000Z,0.00000774,0x71eb35669b2406481563838863f29be7ecca8c6c,sell,0x9dfe4643c04078a46803edcc30a3291b76d4c20c,0xc225b72c97280a9b577fd1fe78337fa2ef6aebdae3fff22f70c0263233bd7943
74,4326.150293873659,0.031001193005898642,0x543a235a9515b2b10489bccd1a0287f34df5848c,2017-10-30T04:48:51.000Z,0.00000716599999999999,0xcbaae569d9ecbd35ff827e314dc79973f0b35b4d,sell,0x9dfe4643c04078a46803edcc30a3291b76d4c20c,0x46cd59b895f748ef86f864d07595c370245a3fc6109dda29b7381c08ccb817bd
75,1993.8191606021335,0.014286711195294587,0xdd55aed1e7c65ea79b650269ce4d3a0ef5449b8e,2017-10-30T00:51:58.000Z,0.00000716549999999999,0x5634fc9a8194fa713558d8962ff7c3d2be45bb2a,sell,0x9dfe4643c04078a46803edcc30a3291b76d4c20c,0x7044a394462937a89973bf4c53795c665adbd1dc8d068e556a8e9210035c2cc3
76,13860.078956727897,0.09931439576443374,0xdd55aed1e7c65ea79b650269ce4d3a0ef5449b8e,2017-10-29T23:33:23.000Z,0.00000716549999999999,0x29cf8e81d57b51be6be273a53739debe0ae10f84,sell,0x9dfe4643c04078a46803edcc30a3291b76d4c20c,0x52393b84f10cfd1561eec6a168a5503a83b661585390c06213378f56140123d8
77,3975.7372321464554,0.028488145136945427,0xdd55aed1e7c65ea79b650269ce4d3a0ef5449b8e,2017-10-29T23:28:17.000Z,0.00000716549999999999,0xc6fc6835ce16679c89567c0b33604d1e9a71bf99,sell,0x9dfe4643c04078a46803edcc30a3291b76d4c20c,0x47a7a3f4ed64eb49045ea2b496d124bd00eb8c30c3583ae2c5a41a87824d475c
78,19989,0.1532256795,0xdd55aed1e7c65ea79b650269ce4d3a0ef5449b8e,2017-10-29T23:27:34.000Z,0.0000076655,0x29cf8e81d57b51be6be273a53739debe0ae10f84,sell,0x9dfe4643c04078a46803edcc30a3291b76d4c20c,0x58958079ad8cc5d36a2b31d6ab2fb8160632bad062ed0b4869f9ee25f0428a10
79,19989,0.17243610795,0xdd55aed1e7c65ea79b650269ce4d3a0ef5449b8e,2017-10-29T23:27:04.000Z,0.00000862655,0x29cf8e81d57b51be6be273a53739debe0ae10f84,sell,0x9dfe4643c04078a46803edcc30a3291b76d4c20c,0xb062e075c669d4b5a715180032b76fb63989eec93abcc951c8563b243b9d14c4
80,3000,0.03,0xf1695582c702dd963a9abb90f1591d5bdfc22476,2017-10-29T22:00:53.000Z,0.00001,0x543a235a9515b2b10489bccd1a0287f34df5848c,sell,0x9dfe4643c04078a46803edcc30a3291b76d4c20c,0xe59480d9ec79ef7ff565355b7929e76cb3b9a29cbbc9fabb09c69c5716fd8920
81,5000,0.035,0x543a235a9515b2b10489bccd1a0287f34df5848c,2017-10-29T14:40:01.000Z,0.000007,0x543a235a9515b2b10489bccd1a0287f34df5848c,sell,0x9dfe4643c04078a46803edcc30a3291b76d4c20c,0xd0667c098d326e25fe7b744b80784ff23d27d2e9a586465370a8e5df247d2bc2
82,4000,0.028,0x543a235a9515b2b10489bccd1a0287f34df5848c,2017-10-29T14:37:49.000Z,0.000007,0x543a235a9515b2b10489bccd1a0287f34df5848c,sell,0x9dfe4643c04078a46803edcc30a3291b76d4c20c,0xd2c69b57245f68d2d78b0997d8080dab4f3c13ab7049bbf5d219daf87ac5421a
83,3865.8942231013307,0.06576272662917673,0xdd55aed1e7c65ea79b650269ce4d3a0ef5449b8e,2017-10-29T11:27:05.000Z,0.00001701099999999999,0x6f49c48d1fce8f5fc780f4b9ab2e45f09fbbcbc4,sell,0x9dfe4643c04078a46803edcc30a3291b76d4c20c,0x548abe43a70e143d285f0a938666019a6f57a4adfba4511cdc92a4ff0392fd07
84,121.75623609875879,0.002095546579495737,0xdd55aed1e7c65ea79b650269ce4d3a0ef5449b8e,2017-10-29T11:25:31.000Z,0.00001721099999999999,0x6f49c48d1fce8f5fc780f4b9ab2e45f09fbbcbc4,sell,0x9dfe4643c04078a46803edcc30a3291b76d4c20c,0x1ef82985c5083771b83637c41a1bee6dacecc2c0fce65e99bfdcef3120c25708
85,250,0.00487475,0x035392de57aa4fe343d86494103dbe1b068a56c6,2017-10-29T11:00:43.000Z,0.000019499,0xfd5cfc9e50fc34cb8aa78d4e1ccbb3e1734cbbba,buy,0x9dfe4643c04078a46803edcc30a3291b76d4c20c,0x358ce170a8a85409d37cb5b916e63657bf3fa05006a01eeaa37e95f527fcaa28
86,400,0.0068,0x543a235a9515b2b10489bccd1a0287f34df5848c,2017-10-29T08:09:17.000Z,0.000017,0x51bff6f116cd1d9bffb0248a669bbd86635d92f8,buy,0x9dfe4643c04078a46803edcc30a3291b76d4c20c,0xc93b115aa1a42a196c0beda1a489095acc0943adbe4ed382aa5707f887d9c6dd
87,2071.236,0.035650114032,0x1a98b91d4bf41cb018af83349fb9b0409c4cad72,2017-10-29T06:44:06.000Z,0.000017212,0x5351ed65ea96588e2c55caf4abfd10fe3548540e,sell,0x9dfe4643c04078a46803edcc30a3291b76d4c20c,0xcb244c51eef139a3f9ade9b02f578e487fe939090d2f44a04f1ce25a4e426bf2
88,398.7638321204267,0.006863523078456783,0x1a98b91d4bf41cb018af83349fb9b0409c4cad72,2017-10-29T06:32:12.000Z,0.00001721199999999999,0xafdf5a79bf5d870820e3a254bff52cbbd6b771f4,sell,0x9dfe4643c04078a46803edcc30a3291b76d4c20c,0x7bddb5055bb5d98ad943f6f87e00693ee33deffb60c0b82309180b3108237319
89,1000,0.0195,0x543a235a9515b2b10489bccd1a0287f34df5848c,2017-10-29T01:15:06.000Z,0.0000195,0x543a235a9515b2b10489bccd1a0287f34df5848c,buy,0x9dfe4643c04078a46803edcc30a3291b76d4c20c,0x98198930c75fdd22f039e8e5c51f9761b7653020fcfff08feaaeabc78869c6bc
90,149.53643704516,0.002543764330575216,0xdd55aed1e7c65ea79b650269ce4d3a0ef5449b8e,2017-10-29T01:12:28.000Z,0.00001701099999999999,0x775dba5b860b8ad8cdb23437fcc45cba2d5701d4,sell,0x9dfe4643c04078a46803edcc30a3291b76d4c20c,0xe8800240167108f286e1bef5f9f68d24aa2bfa8edb266bc0a8428f19a5ef08a4
91,3987.638321204267,0.06863124314624663,0xdd55aed1e7c65ea79b650269ce4d3a0ef5449b8e,2017-10-28T22:50:46.000Z,0.00001721099999999999,0xcb5bef1b11ab64eba437a6c232571c26154176b3,sell,0x9dfe4643c04078a46803edcc30a3291b76d4c20c,0x6a5416d402f0594b4ee3e4365acaacc611046d70856aafe0a623f1d49fb3af9d
92,3987.638321204267,0.06863124314624663,0xdd55aed1e7c65ea79b650269ce4d3a0ef5449b8e,2017-10-28T22:32:37.000Z,0.00001721099999999999,0x2e436011f114c0bef3b953055fb6c98884cb33cb,sell,0x9dfe4643c04078a46803edcc30a3291b76d4c20c,0x194eabd9223a6c3f5a0b91afd98c2db5a7dd30bc81458db39c501fe04f2fdd85
93,149.53643704516,0.002573671617984248,0xdd55aed1e7c65ea79b650269ce4d3a0ef5449b8e,2017-10-28T22:00:24.000Z,0.00001721099999999999,0x7d9277950b3d011c19ceb62634392f8855974118,sell,0x9dfe4643c04078a46803edcc30a3291b76d4c20c,0x5f15103425bc7e514b1fe19760649939b900c5f0449b6202bb97c8babeba7e84
94,25,0.0005,0x34f9560c63078eb61872a4dc2ccd20e21c34feaf,2017-10-28T20:36:16.000Z,0.00002,0xc71bd46c34ba72a6a669dc7f1b799554d7f06cae,buy,0x9dfe4643c04078a46803edcc30a3291b76d4c20c,0x11b7f0992720eb0f6154e130eeb3189a527089eb950ced183e1358d169b86490
95,25,0.0005,0xe444a40689f51f63bcd29910622035707d533d29,2017-10-28T20:33:53.000Z,0.00002,0xc71bd46c34ba72a6a669dc7f1b799554d7f06cae,buy,0x9dfe4643c04078a46803edcc30a3291b76d4c20c,0x4638b32567da75cfd831c578b4e47ee84e43f49a98392e0bfbe696726aa6c0da
96,3418,0.058827198,0xdd55aed1e7c65ea79b650269ce4d3a0ef5449b8e,2017-10-28T18:04:32.000Z,0.000017211,0xdd55aed1e7c65ea79b650269ce4d3a0ef5449b8e,sell,0x9dfe4643c04078a46803edcc30a3291b76d4c20c,0x1f9d073510c5f1efb38634c028530599b0be374a988b4c63bc3fa3ad9e33069b
97,1337,0.023011107,0xdd55aed1e7c65ea79b650269ce4d3a0ef5449b8e,2017-10-28T18:04:11.000Z,0.000017211,0xdd55aed1e7c65ea79b650269ce4d3a0ef5449b8e,sell,0x9dfe4643c04078a46803edcc30a3291b76d4c20c,0x1751023a682194581e0ca66348da87dd583cf8e5b598c06d0b36cfcbefa02947
98,400,0.00836,0xab45233b06b1d1f452901661f6a931c9da663cc0,2017-10-28T15:00:18.000Z,0.0000209,0x2cbc78b7db97576674cc4e442d3f4d792b43a3a9,buy,0x9dfe4643c04078a46803edcc30a3291b76d4c20c,0x88c9fd6f39eb9714a42310c20982b15a8887ef8abce0b1c84d413f0f2b8831d8
99,1710.385921706738,0.029437452098494667,0xdd55aed1e7c65ea79b650269ce4d3a0ef5449b8e,2017-10-28T14:08:56.000Z,0.000017211,0xae810cf45c532c6c2fc8aac0db1d82f1c261d1b4,buy,0x9dfe4643c04078a46803edcc30a3291b76d4c20c,0xadf4ac38bf3e659ab1134c6dc02914e6838146e5da32f8bf41abb8f2144bdedb
100,289.614078293262,0.004984547901505333,0xae810cf45c532c6c2fc8aac0db1d82f1c261d1b4,2017-10-28T13:19:35.000Z,0.000017211,0xae810cf45c532c6c2fc8aac0db1d82f1c261d1b4,buy,0x9dfe4643c04078a46803edcc30a3291b76d4c20c,0x4278aa8b93d5e61e6df47bea5e4453492127c5d58b9176869841afb849f4323a
101,3987.638321204267,0.06863124314624663,0xdd55aed1e7c65ea79b650269ce4d3a0ef5449b8e,2017-10-28T12:24:18.000Z,0.00001721099999999999,0xc563305b275f66eb2e836bec2187b6859329a972,sell,0x9dfe4643c04078a46803edcc30a3291b76d4c20c,0x722b85f05a5a89f75ce825f48c681c28498c53702d6ee265dacde9c716ef9d24
102,3009.7923632432808,0.051801536363780105,0xdd55aed1e7c65ea79b650269ce4d3a0ef5449b8e,2017-10-28T11:02:48.000Z,0.00001721099999999999,0xcb6473204671311ee3f4caf23cfc71b1b38f43c8,sell,0x9dfe4643c04078a46803edcc30a3291b76d4c20c,0xd4c769e3982da7dea1047695bc98c61c9cfc8af7b0cd59e66e960ea9595d2918
103,1227.195693350613,0.021230485494965607,0x543a235a9515b2b10489bccd1a0287f34df5848c,2017-10-28T11:01:39.000Z,0.00001729999999999999,0xcb6473204671311ee3f4caf23cfc71b1b38f43c8,sell,0x9dfe4643c04078a46803edcc30a3291b76d4c20c,0xfe6e030624fc3f856131dee89f8edde7d82d35dfa7ef33399ea747f05a36ee7e
104,398.7638321204267,0.006898614295683381,0x543a235a9515b2b10489bccd1a0287f34df5848c,2017-10-28T10:30:15.000Z,0.00001729999999999999,0x9664ed0820a10e95851480b9821532994b7bd9d1,sell,0x9dfe4643c04078a46803edcc30a3291b76d4c20c,0x7b2f9f46239650455d38f8bb2afcb49d244657c5e5ac60e91580e6a6b084abda
105,7975.276642408534,0.13797228591366764,0x543a235a9515b2b10489bccd1a0287f34df5848c,2017-10-28T03:48:05.000Z,0.00001729999999999999,0xef81c273a627ffb79a7fc06d601c01d5b27c65f6,sell,0x9dfe4643c04078a46803edcc30a3291b76d4c20c,0x3bee0e586da0a9d34d18323e965b41748e6eb43244ffac723698dd49f80d3af8
106,398.7638321204267,0.006898614295683381,0x543a235a9515b2b10489bccd1a0287f34df5848c,2017-10-28T03:46:33.000Z,0.00001729999999999999,0x7b878c0b68f5903eb3802d84adf39684be3f97a5,sell,0x9dfe4643c04078a46803edcc30a3291b76d4c20c,0xb084c2e84e685c005f9500dab77c9b30eee50d728460b173e2c8a26f9bc7dddb
107,2000,0.044,0xab45233b06b1d1f452901661f6a931c9da663cc0,2017-10-28T03:23:56.000Z,0.000022,0x3c138bbdb924ff17535a9bec15546498ebb8a2b3,buy,0x9dfe4643c04078a46803edcc30a3291b76d4c20c,0x0b71a913ebecd549fbdd7243a3ad6b454679fc28294912399e8037cb7ec635ac
108,800,0.0175992,0xab45233b06b1d1f452901661f6a931c9da663cc0,2017-10-28T03:23:13.000Z,0.000021999,0xc9e9358b4fd98cdc2cc82867fdfca90e43c1fb22,buy,0x9dfe4643c04078a46803edcc30a3291b76d4c20c,0xdef451730ded4e197701e412dc9cb1a33c8bdf948cdff042f96a6f6c4ee28d68
109,400,0.00916,0xab45233b06b1d1f452901661f6a931c9da663cc0,2017-10-28T03:23:13.000Z,0.0000229,0x2a0197507398019c56307b2833ca8889954e2d04,buy,0x9dfe4643c04078a46803edcc30a3291b76d4c20c,0x453ddd8d73bd7d39eff62b68c58dae9ac2f1fd8d10b2138b7d09424558b0e02a
110,4000,0.08,0xab45233b06b1d1f452901661f6a931c9da663cc0,2017-10-28T03:21:04.000Z,0.00002,0x0fe150aa9c34651d56e20bf5e01527a3a1c8ea8c,buy,0x9dfe4643c04078a46803edcc30a3291b76d4c20c,0xa5fb765eecf16bc496f57e16686e30f2ef395705d68623a47d05720e7768f372
111,400,0.008,0xab45233b06b1d1f452901661f6a931c9da663cc0,2017-10-28T03:18:54.000Z,0.00002,0xb9b65361c4da42b14b935bc778f141afa5d71558,buy,0x9dfe4643c04078a46803edcc30a3291b76d4c20c,0x2de018a9f920163666bb2d02add84f07b83ebe001ad001d1d5ca14a968a740ef
112,5000,0.1075,0xdd55aed1e7c65ea79b650269ce4d3a0ef5449b8e,2017-10-28T01:21:05.000Z,0.0000215,0x543a235a9515b2b10489bccd1a0287f34df5848c,buy,0x9dfe4643c04078a46803edcc30a3291b76d4c20c,0x2ddda707b3a7ba05c0fc1f3890bb08b6b14a693f5215124118088eab09150844
113,3987.638321204267,0.06780978965207855,0xdd55aed1e7c65ea79b650269ce4d3a0ef5449b8e,2017-10-28T00:34:14.000Z,0.00001700499999999999,0x450916e2a2ca28ccfda13ce61758874222875d56,sell,0x9dfe4643c04078a46803edcc30a3291b76d4c20c,0x64aefbc1f7f46c6b8bdfbfc731a22d3c641434ea17d841705bcf2d76f252bd9b
114,1203.966968638522,0.02046743846685487,0x76be6d6ad321c7391f5736db90f4f76b8de74022,2017-10-27T21:26:25.000Z,0.00001699999999999999,0x5351ed65ea96588e2c55caf4abfd10fe3548540e,sell,0x9dfe4643c04078a46803edcc30a3291b76d4c20c,0xc1f536c0f362dc675d58e4af6364e73172fbd90a117c48c9752dff1da6eee41b
115,2000,0.043,0x9e8696a3bafbcf1eb4329e11eb423c8f33977be4,2017-10-27T21:10:57.000Z,0.0000215,0x3c138bbdb924ff17535a9bec15546498ebb8a2b3,buy,0x9dfe4643c04078a46803edcc30a3291b76d4c20c,0xadbef3b5d0862c0b12f8699bcef26f4a0471b06db22e6253835c3d1fb6867e0a
116,2000,0.042,0x76be6d6ad321c7391f5736db90f4f76b8de74022,2017-10-27T21:10:14.000Z,0.000021,0xdeba453d3e2d7f0a3f6d40c3d6c24b9e2de2be4e,buy,0x9dfe4643c04078a46803edcc30a3291b76d4c20c,0x832ce7a4758f959b6bcfba99eed5b2be84598c1fb09c701c24dcb69ad16a5ad1
117,4000,0.083996,0x76be6d6ad321c7391f5736db90f4f76b8de74022,2017-10-27T21:09:52.000Z,0.000020999,0x97bb447b8b9c6e8fc625d50e4ad6780dbe54dea9,buy,0x9dfe4643c04078a46803edcc30a3291b76d4c20c,0xf71ae43dcaa2a25e1100e8052dca8d433ace9198161aa4a331d7444bcb381532
118,3987.638321204267,0.06778985146047253,0x76be6d6ad321c7391f5736db90f4f76b8de74022,2017-10-27T20:52:14.000Z,0.00001699999999999999,0x2328ed22d540735e724571865d413464fc87b91a,sell,0x9dfe4643c04078a46803edcc30a3291b76d4c20c,0x0bc4a32578455ccd1975b2f9e695cb17f98eba9950bd615f925f25fa17c33a3a
119,4000,0.08,0xdd55aed1e7c65ea79b650269ce4d3a0ef5449b8e,2017-10-27T20:30:05.000Z,0.00002,0x199761231788efbdb11ed815b1d84a31295f8e2a,buy,0x9dfe4643c04078a46803edcc30a3291b76d4c20c,0xfd17a5188191e2da381073383a5d7858bd043c13ffc8a3391958c77d003e67ca
120,0.3947101572112296,0.00000671007267259,0x76be6d6ad321c7391f5736db90f4f76b8de74022,2017-10-27T19:58:18.000Z,0.00001699999999999771,0x65026441b2a3f9799cf13f18700db1540411e2a5,sell,0x9dfe4643c04078a46803edcc30a3291b76d4c20c,0x0fd27ae19fbc200986cc67a3c31f11d42fce7de80f40dab06a79c39370fea61e
121,15950.553284817068,0.25536835808992125,0xdd55aed1e7c65ea79b650269ce4d3a0ef5449b8e,2017-10-27T19:16:26.000Z,0.00001600999999999999,0xe29490737a9d025b71e88acb841a1e5d9c334c37,sell,0x9dfe4643c04078a46803edcc30a3291b76d4c20c,0x801690764f712ed16e5fb4889f9aa2b0bcb6b867e5427b6255df17cdac7583fd
122,4999,0.08003399,0xdd55aed1e7c65ea79b650269ce4d3a0ef5449b8e,2017-10-27T19:14:21.000Z,0.00001601,0xdd55aed1e7c65ea79b650269ce4d3a0ef5449b8e,sell,0x9dfe4643c04078a46803edcc30a3291b76d4c20c,0xdab269ebd86af699549b029983cdf7fac2e528603cad852807b4b48d0e2ccc1c
123,500,0.01125,0x02f516ad79119c74cf1f47ab610023337b3bd8d3,2017-10-27T18:51:35.000Z,0.0000225,0x543a235a9515b2b10489bccd1a0287f34df5848c,buy,0x9dfe4643c04078a46803edcc30a3291b76d4c20c,0x602cea3fdec0a390a628b7a12f9f357415e567f0bbae69968207af81af4afbaf
124,6000,0.119994,0x76be6d6ad321c7391f5736db90f4f76b8de74022,2017-10-27T18:47:05.000Z,0.000019999,0x02f516ad79119c74cf1f47ab610023337b3bd8d3,buy,0x9dfe4643c04078a46803edcc30a3291b76d4c20c,0xcb5be0fa7f789fdd1a9b4061c420d8e2356ba4ba3251d2e44008f37e2a8e4182
125,6000,0.119994,0xdd55aed1e7c65ea79b650269ce4d3a0ef5449b8e,2017-10-27T16:28:43.000Z,0.000019999,0x02f516ad79119c74cf1f47ab610023337b3bd8d3,buy,0x9dfe4643c04078a46803edcc30a3291b76d4c20c,0x6f1fea8771a73572215cea0c571726161a5a138ff49ef29f914fd66572aab3cd
126,679.344,0.01089667776,0xdd55aed1e7c65ea79b650269ce4d3a0ef5449b8e,2017-10-27T16:22:16.000Z,0.00001604,0x5351ed65ea96588e2c55caf4abfd10fe3548540e,sell,0x9dfe4643c04078a46803edcc30a3291b76d4c20c,0x26133bde3dbd493fdec5bebbdf8dcc3c850a11a034ff36fe6ceb5540db78ba12
127,9319.655913249655,0.14948728084852447,0xdd55aed1e7c65ea79b650269ce4d3a0ef5449b8e,2017-10-27T13:27:15.000Z,0.00001603999999999999,0x98d7d86a36abf430d6311d8685e9760a85b222dd,sell,0x9dfe4643c04078a46803edcc30a3291b76d4c20c,0x0c3839372bd8f2eda967624322cf7c157485c7900c6912c115fd46154c63c937
128,3521.60083468899,0.05740209360543053,0x543a235a9515b2b10489bccd1a0287f34df5848c,2017-10-27T12:41:53.000Z,0.00001629999999999999,0x06c6fea19f72ffeccb0326805b723ae3cae131ca,sell,0x9dfe4643c04078a46803edcc30a3291b76d4c20c,0xf6b9f5c7570dacf3d49c05304be0523b18de0344d823a9fe2bc540e865e1e851
129,250,0.004875,0x9d3aeaca91a54a6b4588d2821ea105521ab0a4d3,2017-10-27T11:31:19.000Z,0.0000195,0x76a7fd7b41f27f0393df8d23487cef5fdb578705,buy,0x9dfe4643c04078a46803edcc30a3291b76d4c20c,0xd2ace6c5c6e21115c205324c5b60972b836aa548ba48eca0f010bc927b9da07e
130,1994,0.03988,0x9d3aeaca91a54a6b4588d2821ea105521ab0a4d3,2017-10-27T11:31:00.000Z,0.00002,0xbbae907b91187d18a51062e221f6eab9d701f623,buy,0x9dfe4643c04078a46803edcc30a3291b76d4c20c,0x3ecce1b8eb236d0308e29c94f0475ddff8bc6a4918176aaf78221ae2c4a29dde
131,2000,0.034,0xdd55aed1e7c65ea79b650269ce4d3a0ef5449b8e,2017-10-27T11:29:17.000Z,0.000017,0x40f4c4793bd90b158d0f493594cf4828550f15f6,buy,0x9dfe4643c04078a46803edcc30a3291b76d4c20c,0x49bdbf08aa09aaf96dbbef2b08794a34a51d35e8dc799a072632419c8b7352cc
132,5000,0.095,0xdd55aed1e7c65ea79b650269ce4d3a0ef5449b8e,2017-10-27T11:29:17.000Z,0.000019,0x543a235a9515b2b10489bccd1a0287f34df5848c,buy,0x9dfe4643c04078a46803edcc30a3291b76d4c20c,0x1e88a4cf113139c2ef9d16e17cf096dad4c5baf9ffb4713e9346b0f3c8e26de8
133,10000,0.15,0xdd55aed1e7c65ea79b650269ce4d3a0ef5449b8e,2017-10-27T11:24:29.000Z,0.000015,0x5351ed65ea96588e2c55caf4abfd10fe3548540e,sell,0x9dfe4643c04078a46803edcc30a3291b76d4c20c,0x71f897c56561028c4345b21bb62b68b6e0feb62df56abcdcd5c4903388a4012e
134,398.7638321204267,0.005901704715382314,0x27c2feced841a7c1af611a4672a87665cab60408,2017-10-27T11:02:49.000Z,0.00001479999999999999,0xd460056fd946b6a3f0240e15e7732016fbe1eb36,sell,0x9dfe4643c04078a46803edcc30a3291b76d4c20c,0x2df790e455418758132359b3444852b837a49dfc08c55c499cfaf84e25588d8b
135,4400,0.0704,0xdd55aed1e7c65ea79b650269ce4d3a0ef5449b8e,2017-10-27T10:29:04.000Z,0.000016,0x7a3891586659754fa936cdf4736dff52247a39fb,buy,0x9dfe4643c04078a46803edcc30a3291b76d4c20c,0x26b491b4d8fdbfb4d8179e7cf54225bbe5c665b5ac6c87b9061587ac7ba0ed92
136,4000,0.06,0xdd55aed1e7c65ea79b650269ce4d3a0ef5449b8e,2017-10-27T10:28:53.000Z,0.000015,0xad2433afdab262f5aa4e98946c430d1e9b179b8b,buy,0x9dfe4643c04078a46803edcc30a3291b76d4c20c,0x24091cfdcd65a99d112f61eb3c37d1bea97c16ac4f175a1413cfa08f00d67e9a
137,3999.999995001,0.063999999920016,0xdd55aed1e7c65ea79b650269ce4d3a0ef5449b8e,2017-10-27T10:28:53.000Z,0.000016,0x25c84b45af48852e5eb94d9709a7f660ea97bae7,buy,0x9dfe4643c04078a46803edcc30a3291b76d4c20c,0x9fe18afd704d57996453dc14b765ce1a4ed4be6c44a560f4a9689ea0d925914a
138,4000,0.0584,0xdd55aed1e7c65ea79b650269ce4d3a0ef5449b8e,2017-10-27T10:28:35.000Z,0.0000146,0x8ee6fcad578d51d3f5115dffbd0a367489254a24,buy,0x9dfe4643c04078a46803edcc30a3291b76d4c20c,0x902edb64cb40f882e8161a3f56f7023976aaa4fb102b766f73b6a7660d5fa50c
139,10000,0.155,0x29cf8e81d57b51be6be273a53739debe0ae10f84,2017-10-27T10:07:44.000Z,0.0000155,0x543a235a9515b2b10489bccd1a0287f34df5848c,buy,0x9dfe4643c04078a46803edcc30a3291b76d4c20c,0x15366dd4a80607d22f5b2e8592e99c06b37ba7bd5989f32e012a23aa662fadb1
140,46841.271,0.562095252,0xdd55aed1e7c65ea79b650269ce4d3a0ef5449b8e,2017-10-27T07:38:30.000Z,0.000012,0x06c6fea19f72ffeccb0326805b723ae3cae131ca,sell,0x9dfe4643c04078a46803edcc30a3291b76d4c20c,0x0a65280067248606b89979460d19e09b38a1743ac316025eade71760ba4c6b3f
141,9457.361678795733,0.11821702098494667,0xdd55aed1e7c65ea79b650269ce4d3a0ef5449b8e,2017-10-27T07:38:02.000Z,0.00001249999999999999,0x06c6fea19f72ffeccb0326805b723ae3cae131ca,sell,0x9dfe4643c04078a46803edcc30a3291b76d4c20c,0xd861369e14764eeb5d8be3c552896379e8fc22d9a3d3edfa90e499aa1aceb42d
142,3987.638321204267,0.04985345429169574,0x543a235a9515b2b10489bccd1a0287f34df5848c,2017-10-27T06:56:30.000Z,0.00001250199999999999,0x81955fbe886b258fcc69eb2899ce5e3fc0b32792,sell,0x9dfe4643c04078a46803edcc30a3291b76d4c20c,0xc06c33d0b198870834751cdb0c0a94d104e06ded5c8694c9323d55b4552793d0
143,0.000004999,0.000000000079984,0x273a5d3e6721b9f5c1a6474f560c1334c63dda01,2017-10-27T06:03:48.000Z,0.000016,0x25c84b45af48852e5eb94d9709a7f660ea97bae7,buy,0x9dfe4643c04078a46803edcc30a3291b76d4c20c,0x0cf66a8755eb5033f6916b28041f40c44cdf9e891140111d73505f72a11b5f8b
144,0.000004984003,0.039872024,0xd560701a00bb7e83c184f19824d1acaf60484106,2017-10-27T06:03:48.000Z,8000,0x273a5d3e6721b9f5c1a6474f560c1334c63dda01,sell,0x9dfe4643c04078a46803edcc30a3291b76d4c20c,0x0cf66a8755eb5033f6916b28041f40c44cdf9e891140111d73505f72a11b5f8b
145,15613.597846675306,0.202976772006779,0xb85a618a3632762bdacf25bafce2d88778811587,2017-10-27T04:58:38.000Z,0.00001299999999999999,0x98d7d86a36abf430d6311d8685e9760a85b222dd,sell,0x9dfe4643c04078a46803edcc30a3291b76d4c20c,0x8910ce920fdd1fb84e1b01fbb653f24fe5b7b8c58f556c9787c46c5d09f8dfdc
146,4386.402153324693,0.057023227993221015,0xb85a618a3632762bdacf25bafce2d88778811587,2017-10-27T04:31:55.000Z,0.00001299999999999999,0x5740241812f338b0650d59ff2c40c2f82792cba0,sell,0x9dfe4643c04078a46803edcc30a3291b76d4c20c,0xd6ca51b6366493ae98c351d42ddd04e89954b4d2171fae0f430d9c990a701212
147,12000,0.156,0x3c1e45cf0b3191a371abc73095e8fee8a29b0539,2017-10-27T01:51:09.000Z,0.000013,0x5351ed65ea96588e2c55caf4abfd10fe3548540e,sell,0x9dfe4643c04078a46803edcc30a3291b76d4c20c,0xc8c1d05a38e106a99ee83681c959948e1c56ccbe97ce991583e1f48101b65223
148,7000,0.091007,0x543a235a9515b2b10489bccd1a0287f34df5848c,2017-10-27T01:08:16.000Z,0.000013001,0x5351ed65ea96588e2c55caf4abfd10fe3548540e,sell,0x9dfe4643c04078a46803edcc30a3291b76d4c20c,0x9e7f44863d57478c21a2fb9afe5461dda4b27e67785b2e897f59e4c5558fac51
149,1000,0.0125,0x543a235a9515b2b10489bccd1a0287f34df5848c,2017-10-27T00:14:55.000Z,0.0000125,0x7a160e5ee86c2f91391a4fe4360b65bf39d2fc71,buy,0x9dfe4643c04078a46803edcc30a3291b76d4c20c,0x3c532edca7ecabf878814e39820672859de128f7ce63319e132a40a5bbf51b3e
150,3987.638321204267,0.04984547901505333,0xdd55aed1e7c65ea79b650269ce4d3a0ef5449b8e,2017-10-26T23:39:24.000Z,0.00001249999999999999,0x2f5ef20e13dabb4a1e9555b46ff2aaabda770dd0,sell,0x9dfe4643c04078a46803edcc30a3291b76d4c20c,0x76d9ddfacb46880dfec3d1d8101ae141ae89e525bb109cc1a2069c1477b38077
151,1000,0.01215,0x543a235a9515b2b10489bccd1a0287f34df5848c,2017-10-26T22:47:43.000Z,0.00001215,0x543a235a9515b2b10489bccd1a0287f34df5848c,sell,0x9dfe4643c04078a46803edcc30a3291b76d4c20c,0x92ee106e2e25b66e67164c7a933147936fab1bbf39586bf9ae1bcb5d3b0d1415
152,4000,0.07,0x29cf8e81d57b51be6be273a53739debe0ae10f84,2017-10-26T22:28:45.000Z,0.0000175,0xc12787b02b996c0c23de426b60c4dd59548a5f86,buy,0x9dfe4643c04078a46803edcc30a3291b76d4c20c,0x31e176a1b6d4c61e0f4fd91ec02e44ec554f09ff71d62970c98ebd29c26869ce
153,2990.729,0.035888748,0xdd55aed1e7c65ea79b650269ce4d3a0ef5449b8e,2017-10-26T20:55:23.000Z,0.000012,0xdd55aed1e7c65ea79b650269ce4d3a0ef5449b8e,sell,0x9dfe4643c04078a46803edcc30a3291b76d4c20c,0x0d3bf30343935d4a373082472ddb8780cdce151036c4908ae1c8a5f8b9e5e4c8
154,250,0.003,0x76a7fd7b41f27f0393df8d23487cef5fdb578705,2017-10-26T20:47:35.000Z,0.000012,0x789c9f02de174d9215277f23a64bf31ddc398ea7,buy,0x9dfe4643c04078a46803edcc30a3291b76d4c20c,0x2749a355333c90747cf4cf42898de17fb0bcbf49529e84d9bcafee4b3bcb61ad
155,1000,0.011,0x543a235a9515b2b10489bccd1a0287f34df5848c,2017-10-26T19:07:36.000Z,0.000011,0x543a235a9515b2b10489bccd1a0287f34df5848c,sell,0x9dfe4643c04078a46803edcc30a3291b76d4c20c,0x89ec7ec44095fb375fa98277c6da1816764adf2e36571f2901fe06467862915e
156,10000,0.175,0x76a7fd7b41f27f0393df8d23487cef5fdb578705,2017-10-26T18:51:43.000Z,0.0000175,0x543a235a9515b2b10489bccd1a0287f34df5848c,sell,0x9dfe4643c04078a46803edcc30a3291b76d4c20c,0x57c9dc1602abbef7db6372bf001a1b066adf06eb0040aaa2837f39bd54fd62e3
157,10800,0.1404,0x88802ae26da3c0ddb9786c01bad04529ffc4a4c0,2017-10-26T16:28:58.000Z,0.000013,0x5351ed65ea96588e2c55caf4abfd10fe3548540e,sell,0x9dfe4643c04078a46803edcc30a3291b76d4c20c,0x99936fda651fada5fbdaaf6a49e99b35a460ab5e179e64b3f2deae11df0aa359
158,398,0.00424268,0xdd55aed1e7c65ea79b650269ce4d3a0ef5449b8e,2017-10-26T16:21:29.000Z,0.00001066,0xc8cd137d8ad0646de03b86316bcf5ecca9e9b401,sell,0x9dfe4643c04078a46803edcc30a3291b76d4c20c,0xf7fac937c992e4cba466d6a36748b4b95a9d64d7b9aa5d422920aaec38be2a86
159,4400,0.066,0x98d7d86a36abf430d6311d8685e9760a85b222dd,2017-10-26T16:14:06.000Z,0.000015,0xfbc52d77d786b3b9c40ebdeacd7139dcb77f655f,buy,0x9dfe4643c04078a46803edcc30a3291b76d4c20c,0xc21ea028a9f5d423a6308e8ffc7f2fbcc067d12586c57b8dc180d15084a2c490
160,4000,0.056,0x98d7d86a36abf430d6311d8685e9760a85b222dd,2017-10-26T16:12:52.000Z,0.000014,0xa893e2816e3ddcc270dfef6d0aa771053e16a567,buy,0x9dfe4643c04078a46803edcc30a3291b76d4c20c,0x2dbefc75f15cbe504e9b6bbce84ac24cdb33bc3f405f82e20f32ddd7548d9743
161,2990.7287409032,0.03188116837802811,0xdd55aed1e7c65ea79b650269ce4d3a0ef5449b8e,2017-10-26T15:44:05.000Z,0.00001065999999999999,0xc5def87ee02256acde42bc53f8833de47711c346,sell,0x9dfe4643c04078a46803edcc30a3291b76d4c20c,0x57805b7330c6a01d3f26adc2fd9f643f7bf3525ab2752820d68365bfa15e0948
162,4386.402153324693,0.04675904695444123,0xdd55aed1e7c65ea79b650269ce4d3a0ef5449b8e,2017-10-26T15:14:26.000Z,0.00001065999999999999,0xbfabba641941642a046d060de0afcb7c6ca05c46,sell,0x9dfe4643c04078a46803edcc30a3291b76d4c20c,0xff4e6b6cea17bd0bf4995c11ed055eb1d7292f63fdd4a5b9d9f51100af4b5cab
163,2020.766,0.0199045451,0xab45233b06b1d1f452901661f6a931c9da663cc0,2017-10-26T07:43:22.000Z,0.00000985,0x98d7d86a36abf430d6311d8685e9760a85b222dd,buy,0x9dfe4643c04078a46803edcc30a3291b76d4c20c,0x4f6a671b3d5ed8b1cdc0e3432ff8f8f8fb392a6f4612dda7149bdacbcba35ef4
164,2020.766,0.0199045451,0xab45233b06b1d1f452901661f6a931c9da663cc0,2017-10-26T07:42:55.000Z,0.00000985,0x98d7d86a36abf430d6311d8685e9760a85b222dd,buy,0x9dfe4643c04078a46803edcc30a3291b76d4c20c,0x4f6a671b3d5ed8b1cdc0e3432ff8f8f8fb392a6f4612dda7149bdacbcba35ef4
165,979.2337290864646,0.009645452231501676,0x077664018c741c2df811ecd2f0ed6668c89bbb49,2017-10-26T07:31:34.000Z,0.00000985,0x98d7d86a36abf430d6311d8685e9760a85b222dd,buy,0x9dfe4643c04078a46803edcc30a3291b76d4c20c,0x6b54c722b9464755d1b6141558f41de3cb203d100ba4de75c66503294cae7c71
166,400,0.004,0xab45233b06b1d1f452901661f6a931c9da663cc0,2017-10-26T06:35:45.000Z,0.00001,0x775dba5b860b8ad8cdb23437fcc45cba2d5701d4,buy,0x9dfe4643c04078a46803edcc30a3291b76d4c20c,0xaa14115efb21b7c83da31d4a3d9fbb02949ceb19ad8ecb04477be8fe3907ea32
167,653.992,0.006441167208,0xab45233b06b1d1f452901661f6a931c9da663cc0,2017-10-26T06:35:05.000Z,0.000009849,0x389b675cdd46602197f71d0ac0b422e850f9cecd,buy,0x9dfe4643c04078a46803edcc30a3291b76d4c20c,0x53201f9add8a104def1842f0c5f990faa7ab4e7a3e316c881c8ce7d7750568a6
168,1000,0.011,0xab45233b06b1d1f452901661f6a931c9da663cc0,2017-10-26T06:32:45.000Z,0.000011,0x79b60c4d6b8d3e17e7d9f1f29b9475d97e4549f5,buy,0x9dfe4643c04078a46803edcc30a3291b76d4c20c,0x9a4b418ff73ccc7505ebd659bac61279177b1bcf153a131376864dc86adc7e71
169,1000,0.00985,0xdbaf12d05b2bd9e5ecfbde9383a0a9ced64a26c2,2017-10-26T06:18:07.000Z,0.00000985,0x98d7d86a36abf430d6311d8685e9760a85b222dd,buy,0x9dfe4643c04078a46803edcc30a3291b76d4c20c,0x69d1e8f1b0cb42e07a37a6383301ecf1507ed2d28012c68f2320b8b28b760fee
170,400,0.00236,0x543a235a9515b2b10489bccd1a0287f34df5848c,2017-10-26T03:42:09.000Z,0.0000059,0xc8d62644dacf4e4653037d1be93c9dfa6ddf5c11,buy,0x9dfe4643c04078a46803edcc30a3291b76d4c20c,0x3eaa44aa6ab81678a6320d86fa909674178b61fc5fb14d295f46a65e9d3424f1
171,3987.638321204267,0.023527066095105173,0x543a235a9515b2b10489bccd1a0287f34df5848c,2017-10-26T03:20:32.000Z,0.00000589999999999999,0x4273fb9cf64812dd4ac833d8a7279a4c05152341,sell,0x9dfe4643c04078a46803edcc30a3291b76d4c20c,0x1a5fc624cde751d4d680853d25cd83d141691af7549bfc48d72354d58111d70b
172,398.7638321204267,0.002352706609510517,0x543a235a9515b2b10489bccd1a0287f34df5848c,2017-10-26T01:57:50.000Z,0.00000589999999999999,0x9bfc3d49e4df2bceefe32c2e6ed93870205cc307,sell,0x9dfe4643c04078a46803edcc30a3291b76d4c20c,0x1f215326c599b1f9423ccb651c1e201d13fd7c3dac0c00a76af30cc158e4880a
173,4000,0.02922,0x4d140c10845cb9a7dc740e966d54ce54436f8584,2017-10-26T01:28:17.000Z,0.000007305,0x5351ed65ea96588e2c55caf4abfd10fe3548540e,sell,0x9dfe4643c04078a46803edcc30a3291b76d4c20c,0xcfb5bc30a2ba806931c324d346dbc95ed073f5fdf442d51edb74736200595662
174,3987.638321204267,0.03190110656963414,0xcf1b128aa69c1c59b88d9c76d3a8d2aab942b2a1,2017-10-26T01:23:41.000Z,0.00000799999999999999,0x689107323fdd0062473b8ccb5cb0fc86705814a1,sell,0x9dfe4643c04078a46803edcc30a3291b76d4c20c,0x7183f79896cec4208bd3638b08657d0da4a6ddf447f9f018f1314234e0b43f77
175,398.7638321204267,0.002352706609510517,0x543a235a9515b2b10489bccd1a0287f34df5848c,2017-10-26T00:38:35.000Z,0.00000589999999999999,0xf4435e360080be78cae44f2e4b2d528f4b177abe,sell,0x9dfe4643c04078a46803edcc30a3291b76d4c20c,0x097f36a77a3407d71f46440611524a5806a45f1cb6a42a5ac2cec29b329bd6c3
176,2000,0.0113,0x543a235a9515b2b10489bccd1a0287f34df5848c,2017-10-25T23:56:57.000Z,0.00000565,0x7a160e5ee86c2f91391a4fe4360b65bf39d2fc71,sell,0x9dfe4643c04078a46803edcc30a3291b76d4c20c,0x185961f48713773294ae1fbb64ede4dc60c2f52a31ed06da84f1710d5176bc06
177,1000,0.009,0x543a235a9515b2b10489bccd1a0287f34df5848c,2017-10-25T23:46:50.000Z,0.000009,0x79b60c4d6b8d3e17e7d9f1f29b9475d97e4549f5,buy,0x9dfe4643c04078a46803edcc30a3291b76d4c20c,0x2dd37b2ebd776d2653135778e3e05512e1416422d0ab8edf8f21bed3bf3e1bec
178,4750,0.042275,0xdd55aed1e7c65ea79b650269ce4d3a0ef5449b8e,2017-10-25T23:15:23.000Z,0.0000089,0x86d4b794a7ffa3a3ea81421107cf26b7ad1b3d44,buy,0x9dfe4643c04078a46803edcc30a3291b76d4c20c,0xbada409a5bdbc8e6afe69abf63586b1909af89fdd4985da9becb3840664ac82d
179,4000,0.035,0xdd55aed1e7c65ea79b650269ce4d3a0ef5449b8e,2017-10-25T23:15:23.000Z,0.00000875,0x104b8743d50f914ec83648eea2b6b87339fac8a2,buy,0x9dfe4643c04078a46803edcc30a3291b76d4c20c,0x19196367b638e504afa64113454b721d2946bbe6d6f4233246c753c39dd877ca
180,4000,0.031996,0xdd55aed1e7c65ea79b650269ce4d3a0ef5449b8e,2017-10-25T23:14:58.000Z,0.000007999,0x2f6cb1bde566a0536cec0099be0d824197c72c9b,buy,0x9dfe4643c04078a46803edcc30a3291b76d4c20c,0x71f2e1077f4f904fb49c0dd86a9989bd5e149d8cfacd168c649224859711eb1d
181,1160.784,0.00870588,0xdd55aed1e7c65ea79b650269ce4d3a0ef5449b8e,2017-10-25T23:14:58.000Z,0.0000075,0xde77cfaba804ff7c5f94a554d92217dba91a4464,buy,0x9dfe4643c04078a46803edcc30a3291b76d4c20c,0x0bb0b53dd5499a94932afa9f8b517914588adab8a88a9174ea86a4c7a583a4a7
182,4000,0.034396,0xdd55aed1e7c65ea79b650269ce4d3a0ef5449b8e,2017-10-25T23:14:58.000Z,0.000008599,0x057c1f3e61b09ff651cdda8340a2bcde6dc69c9c,buy,0x9dfe4643c04078a46803edcc30a3291b76d4c20c,0x810c06a95ed2dde2ef4e52602437260f211f026c5cd600d8cc1d292f95ae0e97
183,4000,0.03,0xdd55aed1e7c65ea79b650269ce4d3a0ef5449b8e,2017-10-25T22:35:51.000Z,0.0000075,0x36c8f7c03efa71767b30c25cd0441f8b300d5950,buy,0x9dfe4643c04078a46803edcc30a3291b76d4c20c,0xc1383dbbdae5a8faad797a70ce9011feac2518d3e059ffdbf2d1fc580681ed6a
184,5000,0.03725,0xdd55aed1e7c65ea79b650269ce4d3a0ef5449b8e,2017-10-25T22:35:27.000Z,0.00000745,0xb3c05ff1cac9f6de9085dd5a964de704ed0e667c,buy,0x9dfe4643c04078a46803edcc30a3291b76d4c20c,0x27968526696ea50797ebca0506d1a8ac213c7add8911bc2365571ffb7a371153
185,4000,0.0296,0xdd55aed1e7c65ea79b650269ce4d3a0ef5449b8e,2017-10-25T22:35:08.000Z,0.0000074,0x543a235a9515b2b10489bccd1a0287f34df5848c,buy,0x9dfe4643c04078a46803edcc30a3291b76d4c20c,0xb5283e9afa5a1fe3f7198a489cc985b2609208b6414619ec0644bdcdd6ed32d1
186,4000,0.0292,0xdd55aed1e7c65ea79b650269ce4d3a0ef5449b8e,2017-10-25T22:34:51.000Z,0.0000073,0xd9f016e453de48d877e3f199e8fa4aadca2e979c,buy,0x9dfe4643c04078a46803edcc30a3291b76d4c20c,0x2552450e6e280a188f9b818da2876c00a1774fc1f8dc6743d44b83c76032229a
187,4000,0.0284,0xdd55aed1e7c65ea79b650269ce4d3a0ef5449b8e,2017-10-25T22:34:37.000Z,0.0000071,0x6d50eea626caecc03f6a587e55d4d9236c2d0e89,buy,0x9dfe4643c04078a46803edcc30a3291b76d4c20c,0x61d0f6d28e38b0249a7db8c2a98cce0946a7f69e25dd28be6328d93ef571acb9
188,2000,0.0142,0x9e8696a3bafbcf1eb4329e11eb423c8f33977be4,2017-10-25T22:20:45.000Z,0.0000071,0x5634fc9a8194fa713558d8962ff7c3d2be45bb2a,buy,0x9dfe4643c04078a46803edcc30a3291b76d4c20c,0xc4a61192fd21a5fc7000d64c79f4c226e5f2ad7bc198baabbebb70fff9745bc4
189,3000,0.021,0x9e8696a3bafbcf1eb4329e11eb423c8f33977be4,2017-10-25T22:18:54.000Z,0.000007,0xd9ff8572b2e986d9f7ef7e8d305b391f1117e64c,buy,0x9dfe4643c04078a46803edcc30a3291b76d4c20c,0x63932cf9329e19bba14ad0af1826c58f8e7d6cbb57ebdcd4a3f9bac8fb51794f
190,4002,0.028009998,0x76be6d6ad321c7391f5736db90f4f76b8de74022,2017-10-25T20:47:39.000Z,0.000006999,0x65026441b2a3f9799cf13f18700db1540411e2a5,buy,0x9dfe4643c04078a46803edcc30a3291b76d4c20c,0x3c0e2eb3dfb1b5a58b16dafa15828e45a228c4d9919c4e3d3085db1f6ad66868
191,2297.44515618371,0.00689233546855113,0xdd55aed1e7c65ea79b650269ce4d3a0ef5449b8e,2017-10-25T16:21:43.000Z,0.00000299999999999999,0x423b2a3ffb546d0cbaf25af92b3684a753dede35,sell,0x9dfe4643c04078a46803edcc30a3291b76d4c20c,0x8e541cd8e89d2355902a57fc4b5ac997423ee9add0d7ab3d406af6ca0a34e394
192,1690.3616787957333,0.005409157372146346,0xdd55aed1e7c65ea79b650269ce4d3a0ef5449b8e,2017-10-25T16:13:43.000Z,0.00000319999999999999,0x423b2a3ffb546d0cbaf25af92b3684a753dede35,sell,0x9dfe4643c04078a46803edcc30a3291b76d4c20c,0xae21028d5961dac6e09c3fbc070399d2b42bf8b91e824f50971ed08d6c451301
193,3987.638321204267,0.012760442627853653,0xdd55aed1e7c65ea79b650269ce4d3a0ef5449b8e,2017-10-25T16:09:09.000Z,0.00000319999999999999,0xd7dd052ff73d9177f884592814f844a7788787d1,sell,0x9dfe4643c04078a46803edcc30a3291b76d4c20c,0x77c4939d411835960280304adbc226fcce13a72db19e9d45eb695ec23e358213
194,1000,0.0074,0x543a235a9515b2b10489bccd1a0287f34df5848c,2017-10-25T15:25:37.000Z,0.0000074,0x543a235a9515b2b10489bccd1a0287f34df5848c,buy,0x9dfe4643c04078a46803edcc30a3291b76d4c20c,0x310d3a0e3b4d320d2e083e0090202b2daf34f19ccd212f83c2c95e54e088f17e
195,8000,0.0592,0x76be6d6ad321c7391f5736db90f4f76b8de74022,2017-10-25T14:34:48.000Z,0.0000074,0x38223b8ebc6d6f404f887df06c334c4702a55711,buy,0x9dfe4643c04078a46803edcc30a3291b76d4c20c,0x88db70a46576804f1108bfcb4505b6baf2646989bbadf81acd0d734601d0403e
196,5000,0.03675,0x76be6d6ad321c7391f5736db90f4f76b8de74022,2017-10-25T14:33:52.000Z,0.00000735,0xb3c05ff1cac9f6de9085dd5a964de704ed0e667c,buy,0x9dfe4643c04078a46803edcc30a3291b76d4c20c,0x4774e52b7c1dd400a2a1a7df2d1d691b7b3c86bb3a44dbce8411917dbac31ec0
197,207.985,0.00117511525,0x76be6d6ad321c7391f5736db90f4f76b8de74022,2017-10-25T07:52:20.000Z,0.00000565,0x543a235a9515b2b10489bccd1a0287f34df5848c,sell,0x9dfe4643c04078a46803edcc30a3291b76d4c20c,0x100ed593290a70b498b0b0576dc996aae805d06cf637db1c70f4645a3beaad19
198,3987.638321204267,0.02272953843086432,0xc6fc6835ce16679c89567c0b33604d1e9a71bf99,2017-10-25T07:41:10.000Z,0.00000569999999999999,0x5d3c2a23df34c670ea959025f18016b2566f9639,sell,0x9dfe4643c04078a46803edcc30a3291b76d4c20c,0x8da542451f9140fdb8d462c66f99dc5ef84cb96d293aa01793d8c4fe257577c8
199,1000,0.008,0x543a235a9515b2b10489bccd1a0287f34df5848c,2017-10-25T06:49:44.000Z,0.000008,0x543a235a9515b2b10489bccd1a0287f34df5848c,buy,0x9dfe4643c04078a46803edcc30a3291b76d4c20c,0xb2b8a8074a0eeabc2b7cadd3caa038704561553fc5d6d69711fef1e2f77ff61b
200,0.000009790214584787,0.000000000084176265,0xc6fc6835ce16679c89567c0b33604d1e9a71bf99,2017-10-25T06:00:45.000Z,0.00000859800000000014,0x65026441b2a3f9799cf13f18700db1540411e2a5,buy,0x9dfe4643c04078a46803edcc30a3291b76d4c20c,0xe4d63feece5f5f2e727d0586cd0894ca0820f94169bdc92b8ebcfd0538d83aec
201,9792.014937530868,0.055324884397049405,0x76be6d6ad321c7391f5736db90f4f76b8de74022,2017-10-25T05:11:09.000Z,0.00000564999999999999,0x29cf8e81d57b51be6be273a53739debe0ae10f84,sell,0x9dfe4643c04078a46803edcc30a3291b76d4c20c,0xb10dd7983dc42bde707c33f7861d7c93199404f8152e6f0d739248f889c6a2a7
202,29999.99989721984,0.15602999946544038,0x06c6fea19f72ffeccb0326805b723ae3cae131ca,2017-10-25T05:07:49.000Z,0.00000520099999999999,0x29cf8e81d57b51be6be273a53739debe0ae10f84,sell,0x9dfe4643c04078a46803edcc30a3291b76d4c20c,0xf62097ea165cc33e7f7dfa1f80598fbb373e7799e8ad77faa2f90a8a8320d78a
203,19109.96890944473,0.1102645206074961,0x0a72ebae0321b78bf42b5846c57f90d714a5cb31,2017-10-25T05:07:49.000Z,0.00000576999999999999,0x29cf8e81d57b51be6be273a53739debe0ae10f84,sell,0x9dfe4643c04078a46803edcc30a3291b76d4c20c,0xdfe308ef6c7cd0ab9259644085c14cd5918033746b319d8c82d699eef0b47add
204,29999.99989721984,0.15002999948599643,0x06c6fea19f72ffeccb0326805b723ae3cae131ca,2017-10-25T05:07:27.000Z,0.00000500099999999999,0x29cf8e81d57b51be6be273a53739debe0ae10f84,sell,0x9dfe4643c04078a46803edcc30a3291b76d4c20c,0xf88bfb1b00663c648119e50c086b418950b351374561a33c605889359bf7051e
205,4445,0.0256921,0xb3c05ff1cac9f6de9085dd5a964de704ed0e667c,2017-10-25T05:05:36.000Z,0.00000578,0x29cf8e81d57b51be6be273a53739debe0ae10f84,sell,0x9dfe4643c04078a46803edcc30a3291b76d4c20c,0x5519fca77d5fde4ed52136b7f97831cbd4d24297da3f6295ae1fa261172473c6
206,5555,0.0321079,0xb3c05ff1cac9f6de9085dd5a964de704ed0e667c,2017-10-25T05:05:36.000Z,0.00000578,0x29cf8e81d57b51be6be273a53739debe0ae10f84,sell,0x9dfe4643c04078a46803edcc30a3291b76d4c20c,0xc8beff878d9203aa63d05105ced26ee5f1fdf3c13593d8931486a445124f9f2b
207,7777,0.044966614,0xdd55aed1e7c65ea79b650269ce4d3a0ef5449b8e,2017-10-25T05:05:36.000Z,0.000005782,0x29cf8e81d57b51be6be273a53739debe0ae10f84,sell,0x9dfe4643c04078a46803edcc30a3291b76d4c20c,0xc372b5ab0321019dd635ac3c44603a3a054466883a69dfdfbacc516d287a52b0
208,0.000102780159018126,0.000000000593041517,0x0a72ebae0321b78bf42b5846c57f90d714a5cb31,2017-10-25T05:04:42.000Z,0.00000576999999479873,0x29cf8e81d57b51be6be273a53739debe0ae10f84,sell,0x9dfe4643c04078a46803edcc30a3291b76d4c20c,0xa4c5e042a33119e9ace6dd262b86dff8bcead0d2c8e5fbbff92b6ac260335d62
209,0.000102780159018126,0.000000000514003575,0x06c6fea19f72ffeccb0326805b723ae3cae131ca,2017-10-25T05:03:59.000Z,0.00000500099999757104,0x29cf8e81d57b51be6be273a53739debe0ae10f84,sell,0x9dfe4643c04078a46803edcc30a3291b76d4c20c,0x60f352d568fa80a6eaf48aa8698b688c53f64ef435a02eba435ce76485d38c07
210,0.000102780159018126,0.000000000534559607,0x06c6fea19f72ffeccb0326805b723ae3cae131ca,2017-10-25T05:03:59.000Z,0.00000520099999948167,0x29cf8e81d57b51be6be273a53739debe0ae10f84,sell,0x9dfe4643c04078a46803edcc30a3291b76d4c20c,0x3bb8098ccbee4ec4d68419d1d4058fde8034996b620932dd6b3f6f2bbf08631b
211,1.0309877751108192,0.000005948799462389,0x0a72ebae0321b78bf42b5846c57f90d714a5cb31,2017-10-25T04:56:24.000Z,0.00000576999999999958,0x29cf8e81d57b51be6be273a53739debe0ae10f84,sell,0x9dfe4643c04078a46803edcc30a3291b76d4c20c,0x0d4267971da5117525b683e943112ac5773c0faef72d52087705e7fd062228bc
212,3336,0.019288752,0xdd55aed1e7c65ea79b650269ce4d3a0ef5449b8e,2017-10-25T02:14:07.000Z,0.000005782,0x389b675cdd46602197f71d0ac0b422e850f9cecd,sell,0x9dfe4643c04078a46803edcc30a3291b76d4c20c,0x340a4be2b6fe07627b024ab169c39ccfecc2e65c600b37338309fecf8c22b5a4
213,8006,0.072045994,0xdd55aed1e7c65ea79b650269ce4d3a0ef5449b8e,2017-10-24T20:57:39.000Z,0.000008999,0x65026441b2a3f9799cf13f18700db1540411e2a5,buy,0x9dfe4643c04078a46803edcc30a3291b76d4c20c,0x0f5267bfeb199309007f0b7b84e9329d90a099507a0705f742b62a384a8e1a8b
214,8404.999699977281,0.047908498289870496,0x543a235a9515b2b10489bccd1a0287f34df5848c,2017-10-24T18:59:46.000Z,0.00000569999999999999,0xa9fb0d773afe38beb5300658c99ffd6dac4fe10e,sell,0x9dfe4643c04078a46803edcc30a3291b76d4c20c,0x4e9c024eac454e9d6823fddcfd5943c95b5eea6f843a40d5d35102c232fb1898
215,4754.680758676759,0.027339414362391366,0x86d4b794a7ffa3a3ea81421107cf26b7ad1b3d44,2017-10-24T18:58:23.000Z,0.00000574999999999999,0xa9fb0d773afe38beb5300658c99ffd6dac4fe10e,sell,0x9dfe4643c04078a46803edcc30a3291b76d4c20c,0x8fe60fb46ad526af02235251beb36bb9947917fd3449c875a9c85cdcf8346b34
216,7970,0.044632,0x543a235a9515b2b10489bccd1a0287f34df5848c,2017-10-24T15:08:47.000Z,0.0000056,0x223fd352fe860bb7872fdc58e055923214a95001,sell,0x9dfe4643c04078a46803edcc30a3291b76d4c20c,0x1a6d82eb74d9736151dfc368c71a50206c9b2527a3cf8b963daacf3de3a4a553
217,400,0.0036,0x98d7d86a36abf430d6311d8685e9760a85b222dd,2017-10-24T13:59:27.000Z,0.000009,0x34d4ecd77d6378ebdda1c62a38881e4587109181,buy,0x9dfe4643c04078a46803edcc30a3291b76d4c20c,0x47f2b5a3e6ae1ca4e097c4ec02a15cb5b733c55eb1e43bcb97ddc4dc9fc39c53
218,2000,0.010404,0x543a235a9515b2b10489bccd1a0287f34df5848c,2017-10-24T12:04:33.000Z,0.000005202,0x543a235a9515b2b10489bccd1a0287f34df5848c,sell,0x9dfe4643c04078a46803edcc30a3291b76d4c20c,0x62fcd656755ff6beb62c71abc8fe61d0c5c531d6c1190337201397135626ea3d
219,1824.723,0.0180647577,0x1c566c0e2306b486673d1bda54c79617d65f6602,2017-10-24T11:13:05.000Z,0.0000099,0xde77cfaba804ff7c5f94a554d92217dba91a4464,sell,0x9dfe4643c04078a46803edcc30a3291b76d4c20c,0x81bfcf89cdc38028b99e9da223e6393f1fe861a48d1405d9b94a32f8b1a83e16
220,1006,0.0099594,0xc5def87ee02256acde42bc53f8833de47711c346,2017-10-24T11:11:33.000Z,0.0000099,0xde77cfaba804ff7c5f94a554d92217dba91a4464,sell,0x9dfe4643c04078a46803edcc30a3291b76d4c20c,0x4f970ff90f56cfcb6f3a6de1aab7c063d6a55a4cfeeaf04d4e7ac97695ef8c69
221,2024.7233575914665,0.020044761240155518,0x1c566c0e2306b486673d1bda54c79617d65f6602,2017-10-24T11:08:58.000Z,0.00000989999999999999,0x5351ed65ea96588e2c55caf4abfd10fe3548540e,sell,0x9dfe4643c04078a46803edcc30a3291b76d4c20c,0x633e00505ab0c66dbd5c178e0962e601151b5b98daf4842c8db497efd2a7c71c
222,3987.638321204267,0.03947761937992224,0x1c566c0e2306b486673d1bda54c79617d65f6602,2017-10-24T11:08:58.000Z,0.00000989999999999999,0x826886b490aa06b93900534851530c1f4a9f0a54,sell,0x9dfe4643c04078a46803edcc30a3291b76d4c20c,0x37a94b4280fc8bd807777d63877e540e7e736da3377a4296b114396065fcb2be
223,3987.638321204267,0.03947761937992224,0x1c566c0e2306b486673d1bda54c79617d65f6602,2017-10-24T11:08:15.000Z,0.00000989999999999999,0x1343ebb4d2abd16db3fc0d8eb7461532346d17c9,sell,0x9dfe4643c04078a46803edcc30a3291b76d4c20c,0x5eb1aa0630312c5f21805f14d9d2916ae67d217dbf997608296d5db6aea0f758
224,658.161627863372,0.006515800115847382,0x1c566c0e2306b486673d1bda54c79617d65f6602,2017-10-24T11:06:02.000Z,0.00000989999999999999,0x5351ed65ea96588e2c55caf4abfd10fe3548540e,sell,0x9dfe4643c04078a46803edcc30a3291b76d4c20c,0x1a5e90418ea52d888ee30250a1846dabfd34ba88d666f421704a95ee2ff292bd
225,3987.638321204267,0.03947761937992224,0x1c566c0e2306b486673d1bda54c79617d65f6602,2017-10-24T08:48:48.000Z,0.00000989999999999999,0x680ea6597186219e9abfa407e1293d0635966847,sell,0x9dfe4643c04078a46803edcc30a3291b76d4c20c,0xac89c6febb80bcb9060747b14a46aa5d76201aa3545be8e231ec5e0d5e7f1e27
226,3987.638321204267,0.03947761937992224,0x1c566c0e2306b486673d1bda54c79617d65f6602,2017-10-24T06:08:53.000Z,0.00000989999999999999,0x8ee6fcad578d51d3f5115dffbd0a367489254a24,sell,0x9dfe4643c04078a46803edcc30a3291b76d4c20c,0xaabe0bfc8e9ac51cb29db719fc1e3b8c6b3b4f208b471e86eaad4cf64dfa736e
227,1994,0.0197406,0xc5def87ee02256acde42bc53f8833de47711c346,2017-10-24T05:29:45.000Z,0.0000099,0x273a5d3e6721b9f5c1a6474f560c1334c63dda01,sell,0x9dfe4643c04078a46803edcc30a3291b76d4c20c,0x1675a65fdc2e1ca01805c94d474fa64e1bc51b2ce72329afcb468c4c5c7dac23
228,2000,0.018,0x273a5d3e6721b9f5c1a6474f560c1334c63dda01,2017-10-24T05:29:45.000Z,0.000009,0x18a8769df875e830bef960e1b82729b5180461ce,buy,0x9dfe4643c04078a46803edcc30a3291b76d4c20c,0x1675a65fdc2e1ca01805c94d474fa64e1bc51b2ce72329afcb468c4c5c7dac23
229,10341.838372136628,0.10238419988415262,0x1c566c0e2306b486673d1bda54c79617d65f6602,2017-10-24T04:06:31.000Z,0.00000989999999999999,0x29cf8e81d57b51be6be273a53739debe0ae10f84,sell,0x9dfe4643c04078a46803edcc30a3291b76d4c20c,0xa3f518c2c877b474d8f2503ea75ef931bfcd94bcbf4f6f2b90b44726489fa36a
230,12588.337,0.1246245363,0x1c566c0e2306b486673d1bda54c79617d65f6602,2017-10-24T04:06:18.000Z,0.0000099,0x29cf8e81d57b51be6be273a53739debe0ae10f84,sell,0x9dfe4643c04078a46803edcc30a3291b76d4c20c,0x6269106b248ee5d5e3e5689daabd9e3d948a3b04b406c33fa9eee75f91ace8d7
231,0.8209025155305364,0.000008126934903752,0x1c566c0e2306b486673d1bda54c79617d65f6602,2017-10-24T04:04:02.000Z,0.00000989999999999962,0x29cf8e81d57b51be6be273a53739debe0ae10f84,sell,0x9dfe4643c04078a46803edcc30a3291b76d4c20c,0xc6cb4ddab46958d0607cf211c4e10bc2bcb625dc8b639582b6c1ccaef6510a11
232,8234.47313328681,0.08152128401953943,0x1c566c0e2306b486673d1bda54c79617d65f6602,2017-10-24T03:54:35.000Z,0.00000989999999999999,0x29cf8e81d57b51be6be273a53739debe0ae10f84,sell,0x9dfe4643c04078a46803edcc30a3291b76d4c20c,0x6554183a817377b825f764f02279e0c96e5cee06d6b61349861bbbcaf93c14f2
233,398.7638321204267,0.003947761937992224,0x1c566c0e2306b486673d1bda54c79617d65f6602,2017-10-24T03:27:05.000Z,0.00000989999999999999,0x8224edaaf0d3e4608ca97c1382d54abac6d07cdd,sell,0x9dfe4643c04078a46803edcc30a3291b76d4c20c,0x4e720da97c2964b8ce3c60d5f6db195f81fdd3b819a8121dfb573afa65a7c091
234,3987.638321204267,0.03947761937992224,0x1c566c0e2306b486673d1bda54c79617d65f6602,2017-10-24T02:35:11.000Z,0.00000989999999999999,0x6915a8561913b1bb98080a1eab63a11bd4fa488d,sell,0x9dfe4643c04078a46803edcc30a3291b76d4c20c,0x0e66a28b1b158673dd90e0ca71461ed69d0c9a1ccc5054e414052237d27f1d77
235,5981.4574818064,0.059216429069883364,0x1c566c0e2306b486673d1bda54c79617d65f6602,2017-10-24T02:32:35.000Z,0.00000989999999999999,0xd560701a00bb7e83c184f19824d1acaf60484106,sell,0x9dfe4643c04078a46803edcc30a3291b76d4c20c,0x56751b8bc26ed3f884d331332229b01278370cc1981052c7bbffe551da4619a8
236,3987.638321204267,0.03947761937992224,0x1c566c0e2306b486673d1bda54c79617d65f6602,2017-10-24T02:14:20.000Z,0.00000989999999999999,0x9b66640f042286b55de8e7099a2d21d163668528,sell,0x9dfe4643c04078a46803edcc30a3291b76d4c20c,0x7bd12351a3c890d09a173788734a4e47cc9ca37f1b3b10b5885ac36361a7606c
237,3987.638321204267,0.03947761937992224,0x1c566c0e2306b486673d1bda54c79617d65f6602,2017-10-24T02:11:27.000Z,0.00000989999999999999,0x8d74093eed5ccced5415f20bf78a3d6f7675ca0b,sell,0x9dfe4643c04078a46803edcc30a3291b76d4c20c,0xf31619868532168b5bdcf5df3d05f7ffcd1ba5b334531663a904dbb69da7bccb
238,1000,0.01,0xbbaf081c4cae9b5a4ae03cb847bc94b24f17344f,2017-10-23T22:42:25.000Z,0.00001,0x00fc49b468aacee64403018c9b6e8cf8723e7618,buy,0x9dfe4643c04078a46803edcc30a3291b76d4c20c,0xaa94113f20e78824eb65cfb7b85d43f7ea35189123c821071d6ede6539e8fc60
239,0.3975314845184196,0.000003935561696732,0x1c566c0e2306b486673d1bda54c79617d65f6602,2017-10-23T18:17:02.000Z,0.0000098999999999991,0x952c73db8f515b7d84a7d4f8c7bf1a2880be7f25,sell,0x9dfe4643c04078a46803edcc30a3291b76d4c20c,0x08e6dcfb6057159cf9fc1c68d69f815b4de8efbeca796e03396a9825173bb913
240,6000,0.06,0x98d7d86a36abf430d6311d8685e9760a85b222dd,2017-10-23T18:16:34.000Z,0.00001,0x00fc49b468aacee64403018c9b6e8cf8723e7618,buy,0x9dfe4643c04078a46803edcc30a3291b76d4c20c,0xaa7e2cffaecc9c472bef9be8a1d1da42036582b1c7af27cc5743eb4c6a14b096
241,4000,0.04,0x98d7d86a36abf430d6311d8685e9760a85b222dd,2017-10-23T18:12:28.000Z,0.00001,0xba95b4a5b130c4c1d27dc9e8adcf7f087cdb4c52,buy,0x9dfe4643c04078a46803edcc30a3291b76d4c20c,0x1b5d1a508ea72760bc31b6540d03245572dfb7532cf5e97021baa6b1e07a14fe
242,3987.638321204267,0.03947761937992224,0x1c566c0e2306b486673d1bda54c79617d65f6602,2017-10-23T18:01:05.000Z,0.00000989999999999999,0x952c73db8f515b7d84a7d4f8c7bf1a2880be7f25,sell,0x9dfe4643c04078a46803edcc30a3291b76d4c20c,0xaacb54e95b7daf30dff9cd012fc8981cc1ca50977d0d6386993cc9038234b6b2
243,0.6161738010039836,0.000006100120629939,0x1c566c0e2306b486673d1bda54c79617d65f6602,2017-10-23T16:09:59.000Z,0.00000989999999999928,0xb3c05ff1cac9f6de9085dd5a964de704ed0e667c,sell,0x9dfe4643c04078a46803edcc30a3291b76d4c20c,0xd0189cf5ede3bf699101a2d7f4d6d9c08490f007c3654e20bb41fb7951a98295
244,6180.839397870959,0.061190310038922495,0x1c566c0e2306b486673d1bda54c79617d65f6602,2017-10-23T16:08:29.000Z,0.00000989999999999999,0xb3c05ff1cac9f6de9085dd5a964de704ed0e667c,sell,0x9dfe4643c04078a46803edcc30a3291b76d4c20c,0x938d8f1bacaf0c7c4491948314bdc523bda955ce511a26223ffa6a2721c91c92
245,7806.051,0.0772799049,0x76be6d6ad321c7391f5736db90f4f76b8de74022,2017-10-23T15:34:46.000Z,0.0000099,0xfcfa2535487c9feafd690d53e9e6a9a6fea71a46,buy,0x9dfe4643c04078a46803edcc30a3291b76d4c20c,0x535f0d49ca23bdee811155db533e73bcf5b37dd73c18c772454bddac0aa8a5df
246,463.7410864611249,0.004591036755965136,0x1c566c0e2306b486673d1bda54c79617d65f6602,2017-10-23T15:24:44.000Z,0.00000989999999999999,0x06c6fea19f72ffeccb0326805b723ae3cae131ca,sell,0x9dfe4643c04078a46803edcc30a3291b76d4c20c,0xbc779ab26abdf02d9f19fb916ee87d14a95f347e3f7cae791301a10b9fffd216
247,10000,0.099,0x1c566c0e2306b486673d1bda54c79617d65f6602,2017-10-23T15:22:19.000Z,0.0000099,0x06c6fea19f72ffeccb0326805b723ae3cae131ca,sell,0x9dfe4643c04078a46803edcc30a3291b76d4c20c,0xfdb2921a71d0f7e1e62225a08a184c762b6781d9b74a3dee724df42263fcbf25
248,1000,0.0053,0x543a235a9515b2b10489bccd1a0287f34df5848c,2017-10-23T15:18:03.000Z,0.0000053,0x543a235a9515b2b10489bccd1a0287f34df5848c,sell,0x9dfe4643c04078a46803edcc30a3291b76d4c20c,0xd4337d1b5e762eb3864adab73095731a0b1f529b22509a79ae6bc6d2dbb6ce51
249,3000,0.0159,0x543a235a9515b2b10489bccd1a0287f34df5848c,2017-10-23T15:18:03.000Z,0.0000053,0x543a235a9515b2b10489bccd1a0287f34df5848c,sell,0x9dfe4643c04078a46803edcc30a3291b76d4c20c,0xe424985bbb589aba37b5c0afc3b4ec76009bc7275d187c6f0f6455c4b11f4140
250,2000,0.0106,0x543a235a9515b2b10489bccd1a0287f34df5848c,2017-10-23T15:17:55.000Z,0.0000053,0x543a235a9515b2b10489bccd1a0287f34df5848c,sell,0x9dfe4643c04078a46803edcc30a3291b76d4c20c,0x076cee262e1d917ec86937ca4b5cba3263d7c63015886012f618e88780076158
251,16012.361678795733,0.15852238062007776,0x1c566c0e2306b486673d1bda54c79617d65f6602,2017-10-23T15:14:24.000Z,0.00000989999999999999,0x543a235a9515b2b10489bccd1a0287f34df5848c,sell,0x9dfe4643c04078a46803edcc30a3291b76d4c20c,0x9f6fa6fb56d9f73ee9628018f6863162aeadde35133cde7e05896fd98595e0d8
252,3987.638321204267,0.03947761937992224,0x1c566c0e2306b486673d1bda54c79617d65f6602,2017-10-23T15:13:09.000Z,0.00000989999999999999,0x4a3ce6a2444ee642b143ae129851b6e0579ae4f0,sell,0x9dfe4643c04078a46803edcc30a3291b76d4c20c,0xb07f8b66a241160d96ae68cee7cdf4a03b5665f46d61476e3e33576f981c6f8d
253,2000,0.0106,0x543a235a9515b2b10489bccd1a0287f34df5848c,2017-10-23T15:12:44.000Z,0.0000053,0x543a235a9515b2b10489bccd1a0287f34df5848c,sell,0x9dfe4643c04078a46803edcc30a3291b76d4c20c,0x794fabeb735160af05179d881bee07510c8e470d44e15664bb8a0140493b81f9
254,1000,0.0053,0x543a235a9515b2b10489bccd1a0287f34df5848c,2017-10-23T15:12:04.000Z,0.0000053,0x543a235a9515b2b10489bccd1a0287f34df5848c,sell,0x9dfe4643c04078a46803edcc30a3291b76d4c20c,0x530f707084f0b9f009dda4a76e1d36bc10f43d333f4eafd8bcc473f18b843feb
255,2000,0.0106,0x543a235a9515b2b10489bccd1a0287f34df5848c,2017-10-23T15:12:04.000Z,0.0000053,0x543a235a9515b2b10489bccd1a0287f34df5848c,sell,0x9dfe4643c04078a46803edcc30a3291b76d4c20c,0xc5057a8f9adf242b3e6e24622abb579d1df30659c456180871dd55bd042b82cf
256,2000,0.0106,0x543a235a9515b2b10489bccd1a0287f34df5848c,2017-10-23T15:10:31.000Z,0.0000053,0x543a235a9515b2b10489bccd1a0287f34df5848c,sell,0x9dfe4643c04078a46803edcc30a3291b76d4c20c,0xdd7c7c1bbc31fab9af454e4a58eb4f4f4bc68d28ef09ba06ad7feaacd3b51db7
257,7806,0.0772794,0x1c566c0e2306b486673d1bda54c79617d65f6602,2017-10-23T15:09:27.000Z,0.0000099,0x543a235a9515b2b10489bccd1a0287f34df5848c,sell,0x9dfe4643c04078a46803edcc30a3291b76d4c20c,0x4c91b929e2954f64cfeac560e50e6adda9415f1304cbedfc09c22e9218371673
258,5000,0.0265,0x543a235a9515b2b10489bccd1a0287f34df5848c,2017-10-23T15:08:03.000Z,0.0000053,0x543a235a9515b2b10489bccd1a0287f34df5848c,sell,0x9dfe4643c04078a46803edcc30a3291b76d4c20c,0x427eea7911e1758b8eacae2e44024f71973e685fc5f08713b87db94630b772b8
259,2000,0.012,0x543a235a9515b2b10489bccd1a0287f34df5848c,2017-10-23T15:05:54.000Z,0.000006,0x543a235a9515b2b10489bccd1a0287f34df5848c,sell,0x9dfe4643c04078a46803edcc30a3291b76d4c20c,0xf077a8b34a384d52b615af8683036b3bd8f40a002abf8f09b92b1de27d003d18
260,2000,0.011,0x543a235a9515b2b10489bccd1a0287f34df5848c,2017-10-23T15:03:48.000Z,0.0000055,0x543a235a9515b2b10489bccd1a0287f34df5848c,sell,0x9dfe4643c04078a46803edcc30a3291b76d4c20c,0x45b6372c942a062493132b9a25283cb5a4918039060fc901e1886ea85bc3b405
261,7806.051,0.0772799049,0x1c566c0e2306b486673d1bda54c79617d65f6602,2017-10-23T15:02:57.000Z,0.0000099,0x543a235a9515b2b10489bccd1a0287f34df5848c,sell,0x9dfe4643c04078a46803edcc30a3291b76d4c20c,0xb45d306bb52a1b06eaf9cf5d459c909bc60709db07fe62528955c18e35fd60e7
262,7806,0.0772794,0x1c566c0e2306b486673d1bda54c79617d65f6602,2017-10-23T14:57:58.000Z,0.0000099,0x543a235a9515b2b10489bccd1a0287f34df5848c,sell,0x9dfe4643c04078a46803edcc30a3291b76d4c20c,0x56645cebe00f8b7176d0e6d28c411ee0c850ffa4311a5e0e40d062d9c76d98a0
263,6200,0.06169,0x1c566c0e2306b486673d1bda54c79617d65f6602,2017-10-23T14:57:58.000Z,0.00000995,0x543a235a9515b2b10489bccd1a0287f34df5848c,sell,0x9dfe4643c04078a46803edcc30a3291b76d4c20c,0x1caf607d235852e64e3d297ba17358ceac0612c8fe9dbe272b4d96982c6eb6d6
264,2000,0.011,0x543a235a9515b2b10489bccd1a0287f34df5848c,2017-10-23T14:51:43.000Z,0.0000055,0x543a235a9515b2b10489bccd1a0287f34df5848c,sell,0x9dfe4643c04078a46803edcc30a3291b76d4c20c,0xad1cdae5f42ebfd26a238e5e46d53befba3014c542787059d9ce08b56225d870
265,10000,0.055,0x543a235a9515b2b10489bccd1a0287f34df5848c,2017-10-23T14:48:25.000Z,0.0000055,0x543a235a9515b2b10489bccd1a0287f34df5848c,sell,0x9dfe4643c04078a46803edcc30a3291b76d4c20c,0xa4b2b93bbfbcb3c78c55e690e0d7fe41324a5376fa370253ad0cf491ccd1e9a5
266,5000,0.0275,0x543a235a9515b2b10489bccd1a0287f34df5848c,2017-10-23T14:46:22.000Z,0.0000055,0x543a235a9515b2b10489bccd1a0287f34df5848c,sell,0x9dfe4643c04078a46803edcc30a3291b76d4c20c,0x108d82f9f18905839f75f4022e30510c9f409505cda11ba0d7e0b6b86d22d4dd
267,1,0.000005001,0x06c6fea19f72ffeccb0326805b723ae3cae131ca,2017-10-23T14:44:29.000Z,0.000005001,0x543a235a9515b2b10489bccd1a0287f34df5848c,sell,0x9dfe4643c04078a46803edcc30a3291b76d4c20c,0xb2e2d490b92f2dc5200363d146a3f3be26b039f42824a076aa31074c7cf201a9
268,8000,0.08,0x1c566c0e2306b486673d1bda54c79617d65f6602,2017-10-23T14:42:26.000Z,0.00001,0x06c6fea19f72ffeccb0326805b723ae3cae131ca,sell,0x9dfe4643c04078a46803edcc30a3291b76d4c20c,0x2b9740b28d1f36e7b596c2a71ad259211992c3b7b0d17e546517bf1619d65925
269,3818,0.0377982,0x1c566c0e2306b486673d1bda54c79617d65f6602,2017-10-23T14:41:38.000Z,0.0000099,0x543a235a9515b2b10489bccd1a0287f34df5848c,sell,0x9dfe4643c04078a46803edcc30a3291b76d4c20c,0x1a068bd7bbb6331f70cc724e382cc7632d4d2797672a54d7d2e1400912843d43
270,10,0.00001001,0xf36990a2cb4d609e0a7d4f3bf884c0342d81fd3d,2017-10-23T14:40:40.000Z,0.000001001,0x543a235a9515b2b10489bccd1a0287f34df5848c,sell,0x9dfe4643c04078a46803edcc30a3291b76d4c20c,0x4fda741470dc59021b938bac3e208cbdeb5e8ce684527ede703843b8b6c07e9d
271,4000,0.03,0x273a5d3e6721b9f5c1a6474f560c1334c63dda01,2017-10-23T14:40:23.000Z,0.0000075,0x4befefcaec71e5603f7a2dd59c3827dafa328e1d,buy,0x9dfe4643c04078a46803edcc30a3291b76d4c20c,0xf3158464c557b55048412995cc4ec95d5be5f4cfde29802820f2b1837d8fcba2
272,3988,0.0394812,0x1c566c0e2306b486673d1bda54c79617d65f6602,2017-10-23T14:40:23.000Z,0.0000099,0x273a5d3e6721b9f5c1a6474f560c1334c63dda01,sell,0x9dfe4643c04078a46803edcc30a3291b76d4c20c,0xf3158464c557b55048412995cc4ec95d5be5f4cfde29802820f2b1837d8fcba2
273,4000,0.03,0x1c566c0e2306b486673d1bda54c79617d65f6602,2017-10-23T14:38:34.000Z,0.0000075,0x06c6fea19f72ffeccb0326805b723ae3cae131ca,sell,0x9dfe4643c04078a46803edcc30a3291b76d4c20c,0x9ab0b49fa6685ac5f5ea9fd1035d592fe1b09fce4c88ca2c1740676b8460ba59
274,6000,0.03,0xd560701a00bb7e83c184f19824d1acaf60484106,2017-10-23T14:38:26.000Z,0.000005,0x543a235a9515b2b10489bccd1a0287f34df5848c,sell,0x9dfe4643c04078a46803edcc30a3291b76d4c20c,0xc0e5bb76c4c7015ce5e01deb5c9da02f10caafe5e034e57f23b54beae39941b1
275,6200,0.03131,0xb3c05ff1cac9f6de9085dd5a964de704ed0e667c,2017-10-23T14:38:26.000Z,0.00000505,0x543a235a9515b2b10489bccd1a0287f34df5848c,sell,0x9dfe4643c04078a46803edcc30a3291b76d4c20c,0xab56738c48c220ff6e073d5619264e579871f45d7aa2e3571b8345f5d79ee506
276,4236.865716279533,0.030929119728840593,0x06c6fea19f72ffeccb0326805b723ae3cae131ca,2017-10-23T14:20:24.000Z,0.00000729999999999999,0x30bcf30b470ad7a130efbdb2e329e264ee21aceb,sell,0x9dfe4643c04078a46803edcc30a3291b76d4c20c,0x1afaaa5d12b0751c8724472cef4333b35d7d00f4071ec3aad39a7a61c58edabe
277,0.000043593323992649,0.000000000318231265,0x06c6fea19f72ffeccb0326805b723ae3cae131ca,2017-10-23T14:18:32.000Z,0.00000729999999664311,0xb3c05ff1cac9f6de9085dd5a964de704ed0e667c,sell,0x9dfe4643c04078a46803edcc30a3291b76d4c20c,0xf79fd6855c8400916c23127de640a1b2e7b96cd8b5d44276d45a11607e2b19ec
278,0.43728463297026154,0.000003192177820682,0x06c6fea19f72ffeccb0326805b723ae3cae131ca,2017-10-23T14:17:53.000Z,0.00000729999999999792,0xb3c05ff1cac9f6de9085dd5a964de704ed0e667c,sell,0x9dfe4643c04078a46803edcc30a3291b76d4c20c,0xdc7f17588e61c1aa42850053e95b736fc3d24490ab0f8b89ea172bec416cdfbc
279,4386.402153324693,0.03202073571927026,0x06c6fea19f72ffeccb0326805b723ae3cae131ca,2017-10-23T14:16:15.000Z,0.00000729999999999999,0xb3c05ff1cac9f6de9085dd5a964de704ed0e667c,sell,0x9dfe4643c04078a46803edcc30a3291b76d4c20c,0x6a4d3d1892595341ca42d9999a0735122285680bf70785331602dd50537aa9bb
280,398.7638321204267,0.002910975974479114,0x06c6fea19f72ffeccb0326805b723ae3cae131ca,2017-10-23T13:42:11.000Z,0.00000729999999999999,0xaa3ca460356d7052322e40db74cca067eff12abc,sell,0x9dfe4643c04078a46803edcc30a3291b76d4c20c,0x86d5a96a8056be959db78372965eb8f909a9c9b2fea716421efb15c12c164f35
281,3985,0.028692,0x06c6fea19f72ffeccb0326805b723ae3cae131ca,2017-10-23T12:52:55.000Z,0.0000072,0xa4a0c6245517244a9ae6073d7f983af8db52e808,sell,0x9dfe4643c04078a46803edcc30a3291b76d4c20c,0x58ff9e5fef3d49d7da494e71b86f4bed6edcfdd71884ebbe97aa5048dfe51a9d
282,398.7638321204267,0.002910975974479114,0x06c6fea19f72ffeccb0326805b723ae3cae131ca,2017-10-23T12:29:13.000Z,0.00000729999999999999,0xcdd33f58cf447f861af8b55e79b20df38ff855fa,sell,0x9dfe4643c04078a46803edcc30a3291b76d4c20c,0x6c7792abf6727d91e7502d77a07ac943670cac19fde71db94e34fc4ee57cb094
283,2933.036465955538,0.021411166201475425,0x06c6fea19f72ffeccb0326805b723ae3cae131ca,2017-10-23T08:55:02.000Z,0.00000729999999999999,0x4d6f70396dd953ca4d5370c3a6dba60c2b827848,sell,0x9dfe4643c04078a46803edcc30a3291b76d4c20c,0x31e3f4d42a0010dd9e1ff0df89cac5ce92a150473f08862dffc83cd979efedc7
284,1054.707,0.00775209645,0xd31fef7b65f64c15000ca8d24a7832846d6d65df,2017-10-23T08:54:00.000Z,0.00000735,0x4d6f70396dd953ca4d5370c3a6dba60c2b827848,sell,0x9dfe4643c04078a46803edcc30a3291b76d4c20c,0xb0b48f28a09b8a41ed67bd3de9f27ee448bf6a1a8adb52d9b03d684441965ca3
285,3987.638321204267,0.02930914166085136,0xd31fef7b65f64c15000ca8d24a7832846d6d65df,2017-10-23T08:53:22.000Z,0.00000734999999999999,0x29f0be59b3217f84a96d74d4fd1bf49db5a9c6de,sell,0x9dfe4643c04078a46803edcc30a3291b76d4c20c,0x5f109cd587f881d2c01b30bfbe6cb91500ebe6a367ac78697f1bbf2387c9c7ba
286,168.8584548501778,0.001241109643148806,0xd31fef7b65f64c15000ca8d24a7832846d6d65df,2017-10-23T08:52:36.000Z,0.00000734999999999999,0x86bd457a6647ee7702e55155d9153046655ec595,sell,0x9dfe4643c04078a46803edcc30a3291b76d4c20c,0xb9198dcfebb30ad0d14edc2def3abcf4bfbf64b14c0edae87dc2ad2cc58ae237
287,3819.1606021333864,0.03055328481706709,0x61a8039a2a68e6bc9a4eef5d1705a0561915a4b3,2017-10-23T08:50:55.000Z,0.00000799999999999999,0x86bd457a6647ee7702e55155d9153046655ec595,sell,0x9dfe4643c04078a46803edcc30a3291b76d4c20c,0x1ae971d9e4ce9bdfc4f5aa0969a861a49e377277ea38c5d2150cd06f00accdad
288,3987.638321204267,0.03190110656963414,0x61a8039a2a68e6bc9a4eef5d1705a0561915a4b3,2017-10-23T08:07:02.000Z,0.00000799999999999999,0xa87a6017687f5d7607a4dde37624fa8eec9b0d45,sell,0x9dfe4643c04078a46803edcc30a3291b76d4c20c,0x4c0ff2d005ea120a8f80439246f8c23a7b9a4476b9b7a4b52ce35bfc8472a52f
289,2193.2010766623466,0.017545608613298774,0x61a8039a2a68e6bc9a4eef5d1705a0561915a4b3,2017-10-23T07:55:49.000Z,0.00000799999999999999,0x8e235b510d92214195275d8eb3151ab0e43d7969,sell,0x9dfe4643c04078a46803edcc30a3291b76d4c20c,0x71291c5d01489f400ce077d314c27b2fec598db9d486aa1772519e98b8f13306
290,400,0.00294,0x543a235a9515b2b10489bccd1a0287f34df5848c,2017-10-23T05:16:33.000Z,0.00000735,0x7fd93c9d8f5bc495c75b79bd35af5615e2eefcad,buy,0x9dfe4643c04078a46803edcc30a3291b76d4c20c,0x13f6f6b0d90dc14b5c310f71d6c46076300c750b6e30301a18d0c17c0b51628c
291,1,0.000011498,0x3ac636ac5c3a2576156ac5f10066ca68abe0ad54,2017-10-23T03:54:30.000Z,0.000011498,0x65026441b2a3f9799cf13f18700db1540411e2a5,buy,0x9dfe4643c04078a46803edcc30a3291b76d4c20c,0x442637090c0353f655fb9b243dacec94a0601db47a96075892a2f061c979c074
292,3987.638321204267,0.02930914166085136,0xd31fef7b65f64c15000ca8d24a7832846d6d65df,2017-10-23T01:59:53.000Z,0.00000734999999999999,0xbcc78b4cbf66a1ce31fbe0e967e578ebcb09c04c,sell,0x9dfe4643c04078a46803edcc30a3291b76d4c20c,0x02c926eca967b9880bcd85d3e37efec16e942bb1b9513eb3d3152a35e1bae5bd
293,3987.638321204267,0.02930914166085136,0xd31fef7b65f64c15000ca8d24a7832846d6d65df,2017-10-23T00:29:21.000Z,0.00000734999999999999,0x720aecabc6c14afa3e9842e10c23cc858c9b3170,sell,0x9dfe4643c04078a46803edcc30a3291b76d4c20c,0xdfac9a9b856cfab1ff247a9e6ab83e951b78aa49dce5adcff9e3d15a7e1e5ed0
294,2825.8808818174575,0.02077022448135831,0xd31fef7b65f64c15000ca8d24a7832846d6d65df,2017-10-23T00:03:07.000Z,0.00000734999999999999,0x65e44324f5a4edb9fa333b1e0185975641cd5029,sell,0x9dfe4643c04078a46803edcc30a3291b76d4c20c,0x808dd503c7affbf8180140d73d41bdb7b0816b6b92238debbf9b94a7980caa5b
295,1411.12551091616,0.010376005881766523,0xb2ca6967588b5dc4a44a8c288cce7ee2d5a50b88,2017-10-23T00:02:18.000Z,0.00000735299999999999,0x65e44324f5a4edb9fa333b1e0185975641cd5029,sell,0x9dfe4643c04078a46803edcc30a3291b76d4c20c,0x9018c4db2ea5d010490066b3e879fc2c5a485f053a588317ff46aad621faa4e3
296,3987.638321204267,0.02930914166085136,0xd31fef7b65f64c15000ca8d24a7832846d6d65df,2017-10-22T21:01:28.000Z,0.00000734999999999999,0x18f02ccfb1d6ebee436b0881403d4d4eed2651ce,sell,0x9dfe4643c04078a46803edcc30a3291b76d4c20c,0x5092f69699f5f79665b810360675c595975be1bdc107fd2b874f274050e9a394
297,5000,0.04,0x40f4c4793bd90b158d0f493594cf4828550f15f6,2017-10-22T20:55:55.000Z,0.000008,0x7a9abb5b252b8e4cc483ad95cf84fa9c5983dbbb,sell,0x9dfe4643c04078a46803edcc30a3291b76d4c20c,0x134f7716f444441b14a583ab0f05574558f1e5a2a5e1b42c2038b1c31cf27371
298,3987.6383212042665,0.045857840693849065,0x2440cb52f4cbb73952be1eeb3fa3488cb2ca3e9f,2017-10-22T17:32:00.000Z,0.0000115,0x7fb30face695357c2b487c52516b00bae7c7be73,buy,0x9dfe4643c04078a46803edcc30a3291b76d4c20c,0x3f50f05a5f5bff897eff6a8516c6030a45455daa4ca95a22204c851b2b924821
299,3588.87448908384,0.026388994118233478,0xb2ca6967588b5dc4a44a8c288cce7ee2d5a50b88,2017-10-22T17:21:38.000Z,0.00000735299999999999,0x04afa82cdb324b7879f268d818651d25fbae4662,sell,0x9dfe4643c04078a46803edcc30a3291b76d4c20c,0x6178d9e6c81f10c80b8eb39ee88a31231e65879a60ea508673478171c7ec5793
300,2000,0.025,0x29cf8e81d57b51be6be273a53739debe0ae10f84,2017-10-22T15:34:23.000Z,0.0000125,0x18a8769df875e830bef960e1b82729b5180461ce,buy,0x9dfe4643c04078a46803edcc30a3291b76d4c20c,0x0acf25da98c2caf535f45d50dac36be4b18a9333d57b617b83933dffaf208a8d
301,6260,0.0744627,0x29cf8e81d57b51be6be273a53739debe0ae10f84,2017-10-22T15:32:40.000Z,0.000011895,0x65026441b2a3f9799cf13f18700db1540411e2a5,buy,0x9dfe4643c04078a46803edcc30a3291b76d4c20c,0x346ed37ea0c9cd0e4b08521ef2b0e94ec5a7218722fdcebe731972a3dd6a2160
302,4000,0.032,0x6c27e779bc2f1bdb3c1e09d7b66eb8dcb661eaf5,2017-10-22T15:29:27.000Z,0.000008,0xc6934e0cc0e6c97f7fadb37a6428c84cf8dfa3bd,buy,0x9dfe4643c04078a46803edcc30a3291b76d4c20c,0xdb02cca9b36cb1a3be1a63242b49f55d6b4d3e04e8eea8724a617a704f5bd2e9
303,1790.909355802242,0.013073638297356365,0x06c6fea19f72ffeccb0326805b723ae3cae131ca,2017-10-22T14:34:56.000Z,0.00000729999999999999,0x609d59802e42227942ceca5b421d0d3141cd0969,sell,0x9dfe4643c04078a46803edcc30a3291b76d4c20c,0x4f2344ea7bb9db963abcb894df2999565b5f4baff16790f5851ed6d3f89e4f41
304,1020,0.00765102,0x1fb9f5abd2c8c8e7e34f1738682d76d8704d1f8b,2017-10-22T14:33:00.000Z,0.000007501,0x609d59802e42227942ceca5b421d0d3141cd0969,sell,0x9dfe4643c04078a46803edcc30a3291b76d4c20c,0xd61358933c05444128823127c45f754a1d00d308d0fdc67ed6dca51b1017e88d
305,549.531,0.004396248,0x98d7d86a36abf430d6311d8685e9760a85b222dd,2017-10-22T14:30:47.000Z,0.000008,0x609d59802e42227942ceca5b421d0d3141cd0969,sell,0x9dfe4643c04078a46803edcc30a3291b76d4c20c,0xcf58f48335bec759e150b3b74aaca01d25e30ac7e365109923c21d929f063758
306,1026.2205704833211,0.008211817005007536,0xe5113b174ce44a53f320d7988212cea10ffaa8f7,2017-10-22T14:28:57.000Z,0.00000800199999999999,0x609d59802e42227942ceca5b421d0d3141cd0969,sell,0x9dfe4643c04078a46803edcc30a3291b76d4c20c,0xa9441f60a132a3dc812b1b6ceb4bf893fb31473adb777b0036ed1da3a4f68338
307,1994.0179263443927,0.01595613144660783,0xe5113b174ce44a53f320d7988212cea10ffaa8f7,2017-10-22T12:53:55.000Z,0.00000800199999999999,0x45f625d1b4eaed944ab2af1d95d5ff1601a8199f,sell,0x9dfe4643c04078a46803edcc30a3291b76d4c20c,0xe7e75dadb9a16eab3f2e55310367850fa12eb27a6899491e8a55ff9f08f427bd
308,4236.865716279533,0.03389916259595255,0x7a9abb5b252b8e4cc483ad95cf84fa9c5983dbbb,2017-10-22T11:53:52.000Z,0.00000800099999999999,0xc6fc6835ce16679c89567c0b33604d1e9a71bf99,sell,0x9dfe4643c04078a46803edcc30a3291b76d4c20c,0xb9feff3bf692682c0f9e71afda1bdfa6e654df2a786a0eb38f8295db7114c24b
309,3987.638321204267,0.03190908184627654,0xe5113b174ce44a53f320d7988212cea10ffaa8f7,2017-10-22T11:35:26.000Z,0.00000800199999999999,0x437401805369026e52313fce03b4f5a3a517fb20,sell,0x9dfe4643c04078a46803edcc30a3291b76d4c20c,0x7d7e13a20acc9f0e0d979703dc9a831914e3fb5a943e2e12cf9ea55a14c28f56
310,0.3975314845184196,0.000003181046939116,0xe5113b174ce44a53f320d7988212cea10ffaa8f7,2017-10-22T11:32:27.000Z,0.00000800199999999901,0x5265c56f6cf39ffd7518a7ccc78b605cc1bc9fac,sell,0x9dfe4643c04078a46803edcc30a3291b76d4c20c,0x09f76ecb24bac5eea1cfee25b6df0086f99791b64e13b9254e3fa6c592e7b0ae
311,2991.7256504835013,0.023939788655168975,0xe5113b174ce44a53f320d7988212cea10ffaa8f7,2017-10-22T11:10:15.000Z,0.00000800199999999999,0x3421c555a64032f3bb56c0f1236138dc88ae4c7f,sell,0x9dfe4643c04078a46803edcc30a3291b76d4c20c,0x2692869875472b180b8deea96e501bd6455e3296d59eb04990abc4d41ce0f27d
312,15613.597846675306,0.12503369155617586,0x543a235a9515b2b10489bccd1a0287f34df5848c,2017-10-22T10:42:15.000Z,0.00000800799999999999,0xcbaae569d9ecbd35ff827e314dc79973f0b35b4d,sell,0x9dfe4643c04078a46803edcc30a3291b76d4c20c,0x919e895cf1e03f674be2e0649d1cee939fa94d65ed04db966f5b892f91163ce5
313,398.7638321204267,0.003193300767620376,0x543a235a9515b2b10489bccd1a0287f34df5848c,2017-10-22T09:58:10.000Z,0.00000800799999999999,0x5ddc8440fe1dd3e0c595f08fe7ceafbc8340e979,sell,0x9dfe4643c04078a46803edcc30a3291b76d4c20c,0xcdc87591e77d1e27dad0e1aaf2ebdb24eb8b0c573cb6018a4bab1e58ce7170b3
314,3987.638321204267,0.031933007676203766,0x543a235a9515b2b10489bccd1a0287f34df5848c,2017-10-22T08:40:36.000Z,0.00000800799999999999,0x67263aa047969a32ed0a3e5c636320cd8fdf9037,sell,0x9dfe4643c04078a46803edcc30a3291b76d4c20c,0x3de9712fd0e89d8d5339a1f16e8469324076bf767f2c340bfe82fdb5b3abced6
315,398.7638321204267,0.003190110656963413,0x98d7d86a36abf430d6311d8685e9760a85b222dd,2017-10-22T06:22:10.000Z,0.00000799999999999999,0x26a1f0c24da296a29e142a62c30432a9392b4bc2,sell,0x9dfe4643c04078a46803edcc30a3291b76d4c20c,0x21b1b682f2ca7a93c9c42153d24392344ea9a9958662b368bd1c947191e52459
316,3987.638321204267,0.03190110656963414,0x98d7d86a36abf430d6311d8685e9760a85b222dd,2017-10-22T06:00:17.000Z,0.00000799999999999999,0x20685e2b7c391f412c0887b0ef4fa388633129e1,sell,0x9dfe4643c04078a46803edcc30a3291b76d4c20c,0x596734c5bc8d6e4e04c2353d885b285413d71599a73abde51e7eb9dec081364a
317,3980,0.02985398,0x1fb9f5abd2c8c8e7e34f1738682d76d8704d1f8b,2017-10-22T04:40:10.000Z,0.000007501,0x5459cc90a4e8656d1fd883486ce572f57ba248c7,sell,0x9dfe4643c04078a46803edcc30a3291b76d4c20c,0xd5bd9059c51a4db85affdc1639a21eb1b925312d2009e3f2c441b818000fe9d3
318,400,0.00302,0x4d140c10845cb9a7dc740e966d54ce54436f8584,2017-10-22T04:34:21.000Z,0.00000755,0x51bff6f116cd1d9bffb0248a669bbd86635d92f8,buy,0x9dfe4643c04078a46803edcc30a3291b76d4c20c,0x34bc64a27d5976c672433f12bd89ae45886946d2097ed59e46af6614376a98e0
319,1012.3616787957333,0.007643330674907785,0x4d140c10845cb9a7dc740e966d54ce54436f8584,2017-10-22T04:25:16.000Z,0.00000754999999999999,0x543a235a9515b2b10489bccd1a0287f34df5848c,sell,0x9dfe4643c04078a46803edcc30a3291b76d4c20c,0xcaf758658896284b734ade9ecf86bbcb1f18c83545e7a348ea24a058c1ce1c23
320,250,0.0015,0x543a235a9515b2b10489bccd1a0287f34df5848c,2017-10-22T02:59:48.000Z,0.000006,0xd77c12c5e957f309939e0d33e3f88feb84e051e8,buy,0x9dfe4643c04078a46803edcc30a3291b76d4c20c,0xb156623c12158d24a3f2e8d458237091aec27013bef040ac660c16d9f9d4da02
321,3987.638321204267,0.030106669325092213,0x4d140c10845cb9a7dc740e966d54ce54436f8584,2017-10-22T02:39:35.000Z,0.00000754999999999999,0xfabe887fa0471e8f89ba33347ecc1a679d2bc074,sell,0x9dfe4643c04078a46803edcc30a3291b76d4c20c,0xed32a34fb25e3c670838250fa0cf82fafc0f318000e94b0369198ce66b34103a
322,38.78975950349108,0.0005,0x379374d13077e8867ef31803c37baf9785a17c00,2017-10-22T00:05:45.000Z,0.00001289,0xfcfa2535487c9feafd690d53e9e6a9a6fea71a46,buy,0x9dfe4643c04078a46803edcc30a3291b76d4c20c,0xe09dd6063a7f5e2456544e5e9e965798286bb261af3ccabd1929b1c0560ead23
323,38.78975950349108,0.0005,0x42c24a83bded723edfdf5883bc7efb30bc1a1bf3,2017-10-22T00:04:14.000Z,0.00001289,0xfcfa2535487c9feafd690d53e9e6a9a6fea71a46,buy,0x9dfe4643c04078a46803edcc30a3291b76d4c20c,0x5dff643edfa04d03efff4665770d3e8e7055a0cd7b37e7ee288969613fc9f3ea
324,38.78975950349108,0.0005,0xcd912af5286dc0b0a23edb30209734ecb60838b3,2017-10-22T00:04:14.000Z,0.00001289,0xfcfa2535487c9feafd690d53e9e6a9a6fea71a46,buy,0x9dfe4643c04078a46803edcc30a3291b76d4c20c,0x2eb76339c50f4a96f79e30391e4bcb429e3f9555dba4f8bd524c078cc979e9a4
325,38.78975950349108,0.0005,0xf9695cd65d6dfdf257fab76a3eb0cb8f001971cc,2017-10-21T23:59:03.000Z,0.00001289,0xfcfa2535487c9feafd690d53e9e6a9a6fea71a46,buy,0x9dfe4643c04078a46803edcc30a3291b76d4c20c,0x8b0a92d87d7e23df27f25f8f5c56c050dac960f8790535de14cb8cee88877c50
326,38.78975950349108,0.0005,0x16e5d97bbc92417e051e3b2cabfbf8ceea2acb9c,2017-10-21T23:56:57.000Z,0.00001289,0xfcfa2535487c9feafd690d53e9e6a9a6fea71a46,buy,0x9dfe4643c04078a46803edcc30a3291b76d4c20c,0xaf8321e3b4c48e1692b2f01f85a427fe5945e635d274265bed3abe951a20f60d
327,398.7638321204267,0.002791346824842986,0x98d7d86a36abf430d6311d8685e9760a85b222dd,2017-10-21T22:41:15.000Z,0.00000699999999999999,0x64a585c9ff7ecf480cc7eeb01cf6cc94e1b8424a,sell,0x9dfe4643c04078a46803edcc30a3291b76d4c20c,0x7bd4b7aab2cef735f9128ed6b3da75aa49d715cb08cb5817e2ce733365bc8470
328,498.45479015053337,0.003489183531053733,0x98d7d86a36abf430d6311d8685e9760a85b222dd,2017-10-21T22:33:23.000Z,0.00000699999999999999,0x7f0233aa75a7082d2e7f8e6f00481a7665317ef0,sell,0x9dfe4643c04078a46803edcc30a3291b76d4c20c,0xf41412ca4b1d01fe1542813fa3df972cd2518d0d55810a2c32756f318ec4b418
329,3987.638321204267,0.027933406440035887,0x4d140c10845cb9a7dc740e966d54ce54436f8584,2017-10-21T21:39:35.000Z,0.00000700499999999999,0x166df8d2a9fc43d1636a9aa9af268c1a89ef46f1,sell,0x9dfe4643c04078a46803edcc30a3291b76d4c20c,0x7dfab8b31ef1bb993af679f3d56d6dde6a8dbae1687b66fb90d10e5e7318ba7f
330,713.1657852939886,0.007931188014832977,0x5d5065b42bdee0274e394ba9042c21e1818c69cf,2017-10-21T18:15:44.000Z,0.00001112109999999999,0x65026441b2a3f9799cf13f18700db1540411e2a5,sell,0x9dfe4643c04078a46803edcc30a3291b76d4c20c,0xb02f0b997d91704d3074c09934725eb3d019e088e2b68a7f2758fe53bfd5a65c
331,1012.2619878377031,0.01114500448609311,0x0cb88a60f558c10dd233652b931587d189183c77,2017-10-21T18:15:44.000Z,0.00001100999999999999,0x65026441b2a3f9799cf13f18700db1540411e2a5,sell,0x9dfe4643c04078a46803edcc30a3291b76d4c20c,0xa9681193e54d5b8618e045a31c42cad31e07ac66f3b709c6a3bbf72b5076635b
332,785.4855787060113,0.008735463669347422,0x5d5065b42bdee0274e394ba9042c21e1818c69cf,2017-10-21T17:53:29.000Z,0.00001112109999999999,0x8c954326a26aa64c6d500ffb0c9beb97b30ee91a,sell,0x9dfe4643c04078a46803edcc30a3291b76d4c20c,0x879b2b3fcf108b3f093231fc0de04aa8f6c1c559bb8218f618f6221d4a58851a
333,3202.472,0.03593173584,0x11a985d42d6fa4cac941943a63f362c3497fa0fe,2017-10-21T17:51:28.000Z,0.00001122,0x8c954326a26aa64c6d500ffb0c9beb97b30ee91a,sell,0x9dfe4643c04078a46803edcc30a3291b76d4c20c,0x27cb946fd5e732dd7521273c106e2c9d0637adeef0fdabac5e0aa85f8285a5b4
334,398.7638321204267,0.004474130196391187,0x11a985d42d6fa4cac941943a63f362c3497fa0fe,2017-10-21T16:18:47.000Z,0.00001121999999999999,0x36e837cd996264529659238989c6347eff3c78c7,sell,0x9dfe4643c04078a46803edcc30a3291b76d4c20c,0xcb296d6e543fe2ad6444ac112055a40aa49afd07fd19f8deae5c0f594d0bbaef
335,2000,0.02244,0x11a985d42d6fa4cac941943a63f362c3497fa0fe,2017-10-21T15:58:39.000Z,0.00001122,0xbbae907b91187d18a51062e221f6eab9d701f623,sell,0x9dfe4643c04078a46803edcc30a3291b76d4c20c,0x49a9b25cb62ebe678634cede4967a0f6d3e6f68d8391a6c6a827beb612eb5a07
336,400,0.00552,0x1fb9f5abd2c8c8e7e34f1738682d76d8704d1f8b,2017-10-21T15:50:20.000Z,0.0000138,0xedf96d80281019a6735968316c57bcc3a271abc5,buy,0x9dfe4643c04078a46803edcc30a3291b76d4c20c,0x2de3a3ca05b0eaef7eda2ff6414ac462279cfbff42b1bb9ecab336d516e1437f
337,398.7638321204267,0.004474130196391187,0x11a985d42d6fa4cac941943a63f362c3497fa0fe,2017-10-21T15:50:20.000Z,0.00001121999999999999,0x951ca4ad614cb08fb435311a39bd85e11b3794fe,sell,0x9dfe4643c04078a46803edcc30a3291b76d4c20c,0xeefa0d43c18b23bcbc1f0c1e9c2f9ad9ad164612c67515e9329c90cb1d81b0dc
338,5000,0.0695,0x1fb9f5abd2c8c8e7e34f1738682d76d8704d1f8b,2017-10-21T15:49:06.000Z,0.0000139,0x11a985d42d6fa4cac941943a63f362c3497fa0fe,buy,0x9dfe4643c04078a46803edcc30a3291b76d4c20c,0x22cafc5f2a666f564b58e1c68b65bcab7d0024ffcbdce86b9d2aef7cb141bde7
339,3987.638321204267,0.043864021533246936,0x0cb88a60f558c10dd233652b931587d189183c77,2017-10-21T15:18:56.000Z,0.00001099999999999999,0x6821b62f2a11b20fa3697d056844c83658184a8b,sell,0x9dfe4643c04078a46803edcc30a3291b76d4c20c,0x43ed0569fb65b57bfe20f2d51b3766ea5959b2c64a32d199e1588af5d34c524c
340,3987.638321204267,0.04825042368657163,0x98d7d86a36abf430d6311d8685e9760a85b222dd,2017-10-21T14:46:33.000Z,0.00001209999999999999,0xc08f2af4aa52013b51771803d89d2f6531342fec,sell,0x9dfe4643c04078a46803edcc30a3291b76d4c20c,0xfd22fa88aac6d7c8acc1f3484b2ad44eb8c0c446e55fe5367283cd9d6f323da2
341,4000,0.048,0x0cb88a60f558c10dd233652b931587d189183c77,2017-10-21T14:31:40.000Z,0.000012,0x98d7d86a36abf430d6311d8685e9760a85b222dd,sell,0x9dfe4643c04078a46803edcc30a3291b76d4c20c,0xf1f1fe8828825d91d992d23b9e291f805a40cd30f2b44149f30f6ca64446a1ee
342,1112.3517096999303,0.012558450802512212,0x11a985d42d6fa4cac941943a63f362c3497fa0fe,2017-10-21T13:33:27.000Z,0.00001128999999999999,0x3cc20253b2f7ceeec87ed6db1facdd622f975d3c,sell,0x9dfe4643c04078a46803edcc30a3291b76d4c20c,0x1fa938683992660735692c9a5b5cae410d71c104ba3c4f7d46adb26efed989f1
343,2987.738012162297,0.032894995513906886,0x0cb88a60f558c10dd233652b931587d189183c77,2017-10-21T12:58:08.000Z,0.00001100999999999999,0x1490f0244299d7659d72e4e0d869b4db34cdb0fe,sell,0x9dfe4643c04078a46803edcc30a3291b76d4c20c,0x70dba92109df9cbbaa905c564ab3345a3109e654f9c5c1336b75a457f9851217
344,1000,0.013,0x0cb88a60f558c10dd233652b931587d189183c77,2017-10-21T12:48:52.000Z,0.000013,0x1490f0244299d7659d72e4e0d869b4db34cdb0fe,sell,0x9dfe4643c04078a46803edcc30a3291b76d4c20c,0x32eb3b796185db31450b47b53b2892fb3097f0ee29260a104b4ab388de6e1c18
345,4000,0.028,0x543a235a9515b2b10489bccd1a0287f34df5848c,2017-10-21T12:36:40.000Z,0.000007,0x2a0197507398019c56307b2833ca8889954e2d04,buy,0x9dfe4643c04078a46803edcc30a3291b76d4c20c,0xf348050976630b94e2c2108502586102bf8b131cfd376866527b9b077a99e97a
346,3987.638321204267,0.05148041072674708,0x543a235a9515b2b10489bccd1a0287f34df5848c,2017-10-21T12:16:55.000Z,0.00001290999999999999,0x0e1f2339386173311b757641e3d6133c87c71324,sell,0x9dfe4643c04078a46803edcc30a3291b76d4c20c,0xe87417eb4a6058d580e28779c0d4c39c5d39f1b2fe7314f155d73bbf41ed8e76
347,3887.6482903000697,0.043891549197487785,0x11a985d42d6fa4cac941943a63f362c3497fa0fe,2017-10-21T12:14:06.000Z,0.00001128999999999999,0x2e1b98f7135e8bbea88cb6132fc1ceac9e4a2041,sell,0x9dfe4643c04078a46803edcc30a3291b76d4c20c,0x27e47e4cb5de31160106d1538bd3411ce3b3e00a0eb29d52117df9d8bb9e342f
348,100,0.0012911,0xf36990a2cb4d609e0a7d4f3bf884c0342d81fd3d,2017-10-21T12:11:41.000Z,0.000012911,0x2e1b98f7135e8bbea88cb6132fc1ceac9e4a2041,sell,0x9dfe4643c04078a46803edcc30a3291b76d4c20c,0x3f6722bbcb0868a380a8b25b2cc54d8563b9c967bb0f205367627571de052d84
349,3987.638321204267,0.05148041072674708,0x543a235a9515b2b10489bccd1a0287f34df5848c,2017-10-21T11:31:55.000Z,0.00001290999999999999,0xd7a4fc2eda6a6db74cdca7278329986de8bae727,sell,0x9dfe4643c04078a46803edcc30a3291b76d4c20c,0x2ea96c7f43ccc6d9849a6f80b742eab5deb0602def4a5a1247dbece843c06df6
350,3987.638321204267,0.04498056026318413,0x543a235a9515b2b10489bccd1a0287f34df5848c,2017-10-21T10:07:54.000Z,0.00001127999999999999,0x5265c56f6cf39ffd7518a7ccc78b605cc1bc9fac,sell,0x9dfe4643c04078a46803edcc30a3291b76d4c20c,0x053b1dd9df108684cf0301c46f6b03899beb5430032028207371ae349dc9c66c
351,3987.638321204267,0.04470142558069983,0x11a985d42d6fa4cac941943a63f362c3497fa0fe,2017-10-21T09:24:22.000Z,0.00001120999999999999,0x20424bf9be9de9af3cde0c35165edc19857abd85,sell,0x9dfe4643c04078a46803edcc30a3291b76d4c20c,0xffb6eda3fec91def736ed03be1487910126ab66c3a1c2c4f2ea33a475a3f5d09
352,3987.638321204267,0.04470142558069983,0x11a985d42d6fa4cac941943a63f362c3497fa0fe,2017-10-21T09:00:50.000Z,0.00001120999999999999,0x567a965250a94a9cd93e76bd4e985fdda7e06efb,sell,0x9dfe4643c04078a46803edcc30a3291b76d4c20c,0x2a6786c791be52ab8ae04b1bf54230009dd8d83b9134454e6a90a052bc647a3d
353,1951.1908260582175,0.01366028697323358,0x543a235a9515b2b10489bccd1a0287f34df5848c,2017-10-21T07:12:52.000Z,0.00000700099999999999,0x98d7d86a36abf430d6311d8685e9760a85b222dd,sell,0x9dfe4643c04078a46803edcc30a3291b76d4c20c,0x3f2f7dc0ad75ddb4823868a77b468c48981cd5dfc40472936bd82f182afb6f66
354,2024.325826106948,0.022287827345437498,0x1fb9f5abd2c8c8e7e34f1738682d76d8704d1f8b,2017-10-21T06:57:54.000Z,0.00001100999999999999,0x98d7d86a36abf430d6311d8685e9760a85b222dd,sell,0x9dfe4643c04078a46803edcc30a3291b76d4c20c,0x825f0a1fdf0937eac259b8da85a5d4d05036b217fbd90e64db09a2b0dd053333
355,0.3975314845184196,0.000004376821644547,0x1fb9f5abd2c8c8e7e34f1738682d76d8704d1f8b,2017-10-21T06:57:33.000Z,0.00001100999999999798,0xc5109372d36dbdad773c8a6c182b76a48ba01e14,sell,0x9dfe4643c04078a46803edcc30a3291b76d4c20c,0xd6b058d19a155cefc977bf0f4c6b39d9d068f31351ac98eaae06c83826112f21
356,3987.638321204267,0.043903897916458975,0x1fb9f5abd2c8c8e7e34f1738682d76d8704d1f8b,2017-10-21T06:55:21.000Z,0.00001100999999999999,0xc5109372d36dbdad773c8a6c182b76a48ba01e14,sell,0x9dfe4643c04078a46803edcc30a3291b76d4c20c,0x8731e9fca44b187e310508f386b464dd554b7e41419fdd3c1a80b9644f47ce63
357,3987.638321204267,0.043903897916458975,0x1fb9f5abd2c8c8e7e34f1738682d76d8704d1f8b,2017-10-21T06:51:24.000Z,0.00001100999999999999,0x632c219677b3e781143a9ddcc1849d0c06b65854,sell,0x9dfe4643c04078a46803edcc30a3291b76d4c20c,0x8d039123fa9af563f1f1572c1ddb75e6d253ab8248e669cb95fcf84c76a43362
358,1993.8191606021335,0.012311833316718174,0x4d140c10845cb9a7dc740e966d54ce54436f8584,2017-10-21T04:57:25.000Z,0.00000617499999999999,0x45f625d1b4eaed944ab2af1d95d5ff1601a8199f,sell,0x9dfe4643c04078a46803edcc30a3291b76d4c20c,0x982fad76c558e846d86e2a4fdbbb968bc4955e12f71b3dbc979501bbcbc9f136
359,3987.638321204267,0.0239258299272256,0x98d7d86a36abf430d6311d8685e9760a85b222dd,2017-10-21T01:21:43.000Z,0.00000599999999999999,0x658acdd5063fa27fe816f3923c7426a29cb2421b,sell,0x9dfe4643c04078a46803edcc30a3291b76d4c20c,0x9cfa74716f44fcb5143d024cbf6cd0f0076f5129b0b065aa3edca05ddeafc39a
360,4000,0.14,0x7326c026a9525ff33f53230b82253b85f837414c,2017-10-20T16:27:31.000Z,0.000035,0x6bb665019956b9b728419f193aa22920daea3325,buy,0x9dfe4643c04078a46803edcc30a3291b76d4c20c,0x93a003385a514c5b3ac04bd014d4ecd9a554abf5528925ce417eac33128e9afd
361,3987.638321204267,0.01595055328481707,0x543a235a9515b2b10489bccd1a0287f34df5848c,2017-10-20T16:15:03.000Z,0.00000399999999999999,0xedf96d80281019a6735968316c57bcc3a271abc5,sell,0x9dfe4643c04078a46803edcc30a3291b76d4c20c,0xd28d634dd033708ef53b055da9416c3feecf1710186f7983bb4214c4f9b0118a
