,amount,amountBase,buyer,date,price,seller,side,tokenAddr,txHash
0,157.9563353603828,0.020534323596849764,0xcd2356d69f7de4c1f84f33d9effde212e2b2c9ac,2017-11-02T14:19:50.000Z,0.00013,0xc7d41358895e40b89a9239c45c7e9ae422f3101a,sell,0x7654915a1b82d6d2d0afc37c52af556ea8983c7e,0x5af5f629085a637cabb9d01da14cc86c037844890a5fb09d17cec5d083005616
1,3.5714285714285716,0.0005,0x4fda9e6bcd83af6c5cc771b5d20accc2b7720074,2017-11-02T11:59:26.000Z,0.00014,0x6b01bb8b9f5d00a0f0fe8532d2beda1d5d1a42ce,buy,0x7654915a1b82d6d2d0afc37c52af556ea8983c7e,0xed810911f34050a7d58c931feabc7f1c5b1aac52650e117f3922a0b1d7a19488
2,3.5714285714285716,0.0005,0x3075f7f189912f4f425dd7021b9c396434197477,2017-11-02T11:47:14.000Z,0.00014,0x6b01bb8b9f5d00a0f0fe8532d2beda1d5d1a42ce,buy,0x7654915a1b82d6d2d0afc37c52af556ea8983c7e,0x3e2946c79e807ccf83acbc4b77b37ac2dda453eba281233c3b4ae85f0e8c9fe7
3,402.94220523891914,0.05641190873344868,0x77f23349cd32ddeb4aaeaf4d351f7234ab5de6ac,2017-11-02T08:44:37.000Z,0.00014,0x6b01bb8b9f5d00a0f0fe8532d2beda1d5d1a42ce,buy,0x7654915a1b82d6d2d0afc37c52af556ea8983c7e,0x0a3b5dfbc6a9776a4f6ce8672e8ece6160fcaa4009e7262eb5094cc60f01e0d5
4,80.5,0.009345084,0xb4cb3491cfa6efa84bdaed36af02489737bbb4c9,2017-11-01T23:25:07.000Z,0.000116088,0x175375ec16f68e3b324896fb0e97878a7a16f221,sell,0x7654915a1b82d6d2d0afc37c52af556ea8983c7e,0xeb6255fdc08938f5c0632f0f0bc252a4d7839bd0e4baa28a09d1aa2cf067dafa
5,20,0.0026,0xea2996b9e0375f0251563bf581ac75a93380494b,2017-11-01T23:22:59.000Z,0.00013,0x175375ec16f68e3b324896fb0e97878a7a16f221,sell,0x7654915a1b82d6d2d0afc37c52af556ea8983c7e,0xa8bcbcf57ea638243105e62f72b0759dd7a54607ea111b88c1b8b10c6185b4ce
6,385,0.05005385,0xdcdbb380953c9cfa4f51a8d9f80d88b9a362e707,2017-11-01T23:21:29.000Z,0.00013001,0x175375ec16f68e3b324896fb0e97878a7a16f221,sell,0x7654915a1b82d6d2d0afc37c52af556ea8983c7e,0x9b651e15c9662141f9160c94da176731c26780aac7374f13125e3f7d424c79c6
7,600,0.0834,0x38801db28afe5f1f0d42063b928010f859ca0222,2017-11-01T23:07:12.000Z,0.000139,0x0ae2d2b3a41f08ea2674178a6ea95a916aef0e6b,buy,0x7654915a1b82d6d2d0afc37c52af556ea8983c7e,0x10ba0cc64f930e102f1679cf7443482e36c2079c33fe6b5f263b15f109bab8bc
8,0.17464701276910713,0.000024450581787675,0xde62454e1f6f7ef04a70a79edd44936aaa5259ae,2017-11-01T16:19:56.000Z,0.00014,0x6b01bb8b9f5d00a0f0fe8532d2beda1d5d1a42ce,buy,0x7654915a1b82d6d2d0afc37c52af556ea8983c7e,0x0ba1affe1a9a394ee5463e9ad889328c2aaf79e77ae875149119dbc068f8d7d3
9,1751.884185086865,0.2452637859121611,0xde62454e1f6f7ef04a70a79edd44936aaa5259ae,2017-11-01T16:19:07.000Z,0.00014,0x6b01bb8b9f5d00a0f0fe8532d2beda1d5d1a42ce,buy,0x7654915a1b82d6d2d0afc37c52af556ea8983c7e,0x05057ab81b975411738ac5c6e4a468ea1011a1bb86e32a9deb5bea06fdf70fab
10,13879.154,1.80429002,0x4ddb43d2fd9120f7b1a261a130e0d72c4ec51e1a,2017-11-01T12:40:46.000Z,0.00013,0x6b01bb8b9f5d00a0f0fe8532d2beda1d5d1a42ce,buy,0x7654915a1b82d6d2d0afc37c52af556ea8983c7e,0xa085d3c7034a6dd34c3b107e9aefeeaf3e91af9adeb5030dbfc58eb0579e8f46
11,20000,2.6,0x4ddb43d2fd9120f7b1a261a130e0d72c4ec51e1a,2017-11-01T11:43:54.000Z,0.00013,0x6b01bb8b9f5d00a0f0fe8532d2beda1d5d1a42ce,buy,0x7654915a1b82d6d2d0afc37c52af556ea8983c7e,0x83470ba09ad1a0889985bb1818eb5751bf927aa20738589fb066e7db18a6e04d
12,5000,0.65,0x4ddb43d2fd9120f7b1a261a130e0d72c4ec51e1a,2017-11-01T11:15:08.000Z,0.00013,0x6b01bb8b9f5d00a0f0fe8532d2beda1d5d1a42ce,buy,0x7654915a1b82d6d2d0afc37c52af556ea8983c7e,0x2a870ff6c2ca612762dc41f7789567cbbb596ccc4a5fc1b8be9d1edeb961034b
13,4000,0.52,0x4ddb43d2fd9120f7b1a261a130e0d72c4ec51e1a,2017-11-01T11:02:09.000Z,0.00013,0x6b01bb8b9f5d00a0f0fe8532d2beda1d5d1a42ce,buy,0x7654915a1b82d6d2d0afc37c52af556ea8983c7e,0x75a1c5fc008b742ff1999bca23b9b7d8ca6db19e1330a9cd2de6777e835214a3
14,9000,1.17,0x4ddb43d2fd9120f7b1a261a130e0d72c4ec51e1a,2017-11-01T09:49:09.000Z,0.00013,0x6b01bb8b9f5d00a0f0fe8532d2beda1d5d1a42ce,buy,0x7654915a1b82d6d2d0afc37c52af556ea8983c7e,0xb55e808b17786910f2894f117dd991b834e4e3bbac28bd12c9710bf2aa02278c
15,1450,0.1885,0x3176eac899ddbe245d9f78b032c967c16762d452,2017-11-01T09:41:32.000Z,0.00013,0x6b01bb8b9f5d00a0f0fe8532d2beda1d5d1a42ce,buy,0x7654915a1b82d6d2d0afc37c52af556ea8983c7e,0x524607ca6669a9a5946e351fb93e553fade92bd070fb60083593fee19f3dee1b
16,33000,4.29,0x4ddb43d2fd9120f7b1a261a130e0d72c4ec51e1a,2017-11-01T09:39:50.000Z,0.00013,0x6b01bb8b9f5d00a0f0fe8532d2beda1d5d1a42ce,buy,0x7654915a1b82d6d2d0afc37c52af556ea8983c7e,0xd8297c5c2e257f5f3e8891fda15a2d973d1e2b9c1849a3f2699f9b0c7901f30f
17,20000,2.6,0x4ddb43d2fd9120f7b1a261a130e0d72c4ec51e1a,2017-11-01T09:25:09.000Z,0.00013,0x6b01bb8b9f5d00a0f0fe8532d2beda1d5d1a42ce,buy,0x7654915a1b82d6d2d0afc37c52af556ea8983c7e,0x56cc39a25b59763794632f523adfa7a244dbe06386e1300d927b3ee9bdad2f36
18,12003,1.5543885,0x4ddb43d2fd9120f7b1a261a130e0d72c4ec51e1a,2017-11-01T09:08:58.000Z,0.0001295,0xfbf7dc0756a9768d0c71aea5f8421f3b1eaee7d1,buy,0x7654915a1b82d6d2d0afc37c52af556ea8983c7e,0x743b67f0f5724bcf07bc771ed55cc000e51e5ae34e0a7b30eeb311cd9af56ad1
19,60000,6.903,0x009a12d4290630bc01fd82516ac57c1dc6a9bcfb,2017-11-01T02:13:39.000Z,0.00011505,0x6b01bb8b9f5d00a0f0fe8532d2beda1d5d1a42ce,sell,0x7654915a1b82d6d2d0afc37c52af556ea8983c7e,0x176bdc74c427b7abffaa012e93f83bbc90da1a4dd266cb388a05c7b53fd97777
20,47431.56,5.73921876,0x24100a84409223847578d623d700b6b6db41d6a7,2017-11-01T02:12:41.000Z,0.000121,0x6b01bb8b9f5d00a0f0fe8532d2beda1d5d1a42ce,sell,0x7654915a1b82d6d2d0afc37c52af556ea8983c7e,0x87a127c961d73fc9cd59d926907eed3fe2aedbb4993c300e1a2858a649ca1214
21,2568.439908736169,0.31078122895707644,0x24100a84409223847578d623d700b6b6db41d6a7,2017-11-01T01:03:56.000Z,0.00012099999999999999,0xc521820ab6e3b58241dc964c8fbd4f1ef2e2e045,sell,0x7654915a1b82d6d2d0afc37c52af556ea8983c7e,0xaaa30a9f92ada8aed049df54a3d6ebd226cfd9800e386feac5f43e97a2aefe72
22,600,0.07314,0x0ae2d2b3a41f08ea2674178a6ea95a916aef0e6b,2017-11-01T01:00:46.000Z,0.0001219,0xc521820ab6e3b58241dc964c8fbd4f1ef2e2e045,sell,0x7654915a1b82d6d2d0afc37c52af556ea8983c7e,0x7cca200f9aef199500756c24e4a500ad8f75bcb3e5bb03e779997f31a3dfcee2
23,9024.723357591467,1.1008357551590071,0xb4cb3491cfa6efa84bdaed36af02489737bbb4c9,2017-11-01T00:58:36.000Z,0.00012198,0xc521820ab6e3b58241dc964c8fbd4f1ef2e2e045,sell,0x7654915a1b82d6d2d0afc37c52af556ea8983c7e,0x6a59bd760c3f03d886c48ac6fcc2b2733b95785ba3ef3dea839e596bc09283dc
24,7975.276642408534,0.972824244840993,0xb4cb3491cfa6efa84bdaed36af02489737bbb4c9,2017-11-01T00:43:44.000Z,0.00012198,0x2aa1b518c31764bd14121d08235817589a44306e,sell,0x7654915a1b82d6d2d0afc37c52af556ea8983c7e,0x161a99138ea1d7a8ab4479855775072cd7d7b0c91066398b09ee5cd708fb2978
25,5000,0.675,0x9cd36f61b1240eaab57c480799cffdd87b727fad,2017-10-31T22:33:54.000Z,0.000135,0x99590cdc1e8d54b281b96416c359b9b2eedc4314,sell,0x7654915a1b82d6d2d0afc37c52af556ea8983c7e,0x19f2c93fd924a9594e524ea92e35aa931585b5f89749379f162292ce068c9150
26,5000,0.89,0xda09cb5c09310242846bfe7f32a90f292af86ddf,2017-10-31T15:23:25.000Z,0.000178,0xfbf7dc0756a9768d0c71aea5f8421f3b1eaee7d1,buy,0x7654915a1b82d6d2d0afc37c52af556ea8983c7e,0xf127e16c8aa7bc2b1bc3e7b06c90bcbdc2092f739e18062f3ce4245cbe8d1173
27,3000,0.534,0xe121cb63c3f6e80eb2600532d43ebbad54ddb61a,2017-10-31T10:31:06.000Z,0.000178,0xfbf7dc0756a9768d0c71aea5f8421f3b1eaee7d1,buy,0x7654915a1b82d6d2d0afc37c52af556ea8983c7e,0x3028f4dfbadf3b3f3f80f1b4942e94ca2ecc5b2f0e6bd93ea3c791e0e528d309
28,4250.06245932032,0.4343563833425367,0x200166c39876bcac54d913a1167da8a0f47c3a04,2017-10-30T23:56:25.000Z,0.00010219999999999999,0x04f612e8c2c78b786e0d5e1c2c911a08c76bf40a,sell,0x7654915a1b82d6d2d0afc37c52af556ea8983c7e,0xefef2c66b0b48e18ac7cf52c0978fe33f3d135d11f5dfae33f576713f84b6b4a
29,261.97989199191494,0.050881734622669726,0x8fc4efa6fe70c78e6119fe852680d33b834f3737,2017-10-30T23:24:14.000Z,0.00019422,0x200166c39876bcac54d913a1167da8a0f47c3a04,buy,0x7654915a1b82d6d2d0afc37c52af556ea8983c7e,0xc5f0dd5a3f52fc4ac55d22e7b901ad16becdbde2ba87fe11ad6d7f16d72dcfc6
30,200,0.038844,0x8fc4efa6fe70c78e6119fe852680d33b834f3737,2017-10-30T23:23:14.000Z,0.00019422,0x200166c39876bcac54d913a1167da8a0f47c3a04,buy,0x7654915a1b82d6d2d0afc37c52af556ea8983c7e,0x6c4922b1c89552df285d580dcee19cbdbbf270acb43fec6848b26410b7dda50f
31,281.846,0.03663998,0xcd16b2cad1ebd15c369d76f5aa7d9fdc5c5de206,2017-10-30T17:04:32.000Z,0.00013,0x6b01bb8b9f5d00a0f0fe8532d2beda1d5d1a42ce,buy,0x7654915a1b82d6d2d0afc37c52af556ea8983c7e,0xd435f1395288cec441612e21800ecf43a2366ee4887ed0920f6260615d3888ac
32,3429.3689562356694,0.34293689562356694,0x009a12d4290630bc01fd82516ac57c1dc6a9bcfb,2017-10-30T15:30:43.000Z,0.00009999999999999999,0x06e6553bf498ebcf27a670ab4fa39c5c3beaca56,sell,0x7654915a1b82d6d2d0afc37c52af556ea8983c7e,0x6b95419f0d9c352de213a78738eb797bf69794228a752d77dcbbcaa3b93c21bb
33,500,0.065,0x5964e8d03d3be814385203522a8255c2a32553bc,2017-10-30T10:27:25.000Z,0.00013,0x6b01bb8b9f5d00a0f0fe8532d2beda1d5d1a42ce,buy,0x7654915a1b82d6d2d0afc37c52af556ea8983c7e,0x8991a2dd43f5bd89a2a84b3a942d5db8f86c227d2456aef1307dedcdfec37314
34,4000,0.52,0x51fc108d6e6bdbd2df2b86197e0e145bb129b61e,2017-10-30T08:43:59.000Z,0.00013,0x6b01bb8b9f5d00a0f0fe8532d2beda1d5d1a42ce,buy,0x7654915a1b82d6d2d0afc37c52af556ea8983c7e,0xe40183ba0a6732b73e680a1e2d2eb3a723736737c2cc78da3282da9ab73a947a
35,4000,0.50804,0x3fd78b4d276b66280aa2ac6cb4e24063724c36b6,2017-10-30T07:37:11.000Z,0.00012701,0x6b01bb8b9f5d00a0f0fe8532d2beda1d5d1a42ce,sell,0x7654915a1b82d6d2d0afc37c52af556ea8983c7e,0x2167d6093cafbd424d9c8ccb54fa2209b972d624d30b83d92ac0c449b1bb2adc
36,899.006,0.113353868528,0x200166c39876bcac54d913a1167da8a0f47c3a04,2017-10-30T07:37:11.000Z,0.000126088,0x6b01bb8b9f5d00a0f0fe8532d2beda1d5d1a42ce,sell,0x7654915a1b82d6d2d0afc37c52af556ea8983c7e,0xeddd8c7d4e5d423ff8596447313dee578b45a543e957b970a013d594db679ec5
37,10000,1.11111,0xf28ed72c7340438dc609c9b1d609966f9b9b20e8,2017-10-30T07:35:37.000Z,0.000111111,0x6b01bb8b9f5d00a0f0fe8532d2beda1d5d1a42ce,sell,0x7654915a1b82d6d2d0afc37c52af556ea8983c7e,0x238eae1407505f5e954780882b3a084116444cdaf2f0702d65d6f89f8a7a82b1
38,15000,1.66833,0x3dee4a4e076e8d82859d241db0baf46f112cfa23,2017-10-30T07:35:37.000Z,0.000111222,0x6b01bb8b9f5d00a0f0fe8532d2beda1d5d1a42ce,sell,0x7654915a1b82d6d2d0afc37c52af556ea8983c7e,0xfff500f25a5a26e16979100a7b5fef437145821c600f3bd71aeb3723e83c0f6c
39,800,0.1008008,0xf187eb34073c29ed27a39fb07f3cdd5ad75c99be,2017-10-30T07:35:35.000Z,0.000126001,0x6b01bb8b9f5d00a0f0fe8532d2beda1d5d1a42ce,sell,0x7654915a1b82d6d2d0afc37c52af556ea8983c7e,0xb98281c66ff59bbc7fc151f1693f6f2fa796bfd753a2748b8f52e02ab2dceccb
40,10000,1.29001,0x3dee4a4e076e8d82859d241db0baf46f112cfa23,2017-10-30T07:35:03.000Z,0.000129001,0x6b01bb8b9f5d00a0f0fe8532d2beda1d5d1a42ce,sell,0x7654915a1b82d6d2d0afc37c52af556ea8983c7e,0x4324a65026f7997014b52cfb25cdbaad9fbbcb20f4f0591520cd30185e405534
41,80000,10.16,0xa3ba6027195a994882ba3233d5bbda39c9281df6,2017-10-30T07:35:03.000Z,0.000127,0x6b01bb8b9f5d00a0f0fe8532d2beda1d5d1a42ce,sell,0x7654915a1b82d6d2d0afc37c52af556ea8983c7e,0xf7db7edce2ebc061258b6e89e88d8bce61cb33426bee2986c5ddb092bd6043f4
42,7094.938,0.929443972938,0xc521820ab6e3b58241dc964c8fbd4f1ef2e2e045,2017-10-30T07:34:20.000Z,0.000131001,0x6b01bb8b9f5d00a0f0fe8532d2beda1d5d1a42ce,sell,0x7654915a1b82d6d2d0afc37c52af556ea8983c7e,0xf8c718c62a49e7e31ae8dff8c8f532da44d867b7d59b2a0d3feaa406f0d7f45d
43,8800,1.128952,0x200166c39876bcac54d913a1167da8a0f47c3a04,2017-10-30T07:34:20.000Z,0.00012829,0x6b01bb8b9f5d00a0f0fe8532d2beda1d5d1a42ce,sell,0x7654915a1b82d6d2d0afc37c52af556ea8983c7e,0x46a4902ed8ceabe2ea2e6aa1808355af2e50a2be79b83bcc37b74384c7325518
44,10000,1.31,0xfbf7dc0756a9768d0c71aea5f8421f3b1eaee7d1,2017-10-30T07:34:20.000Z,0.000131,0x6b01bb8b9f5d00a0f0fe8532d2beda1d5d1a42ce,sell,0x7654915a1b82d6d2d0afc37c52af556ea8983c7e,0x14019235f3476c120fbc2485e0ec435be599dee7b04790f5c2303101dee913f4
45,100000,13,0x009a12d4290630bc01fd82516ac57c1dc6a9bcfb,2017-10-30T07:32:51.000Z,0.00013,0x6b01bb8b9f5d00a0f0fe8532d2beda1d5d1a42ce,sell,0x7654915a1b82d6d2d0afc37c52af556ea8983c7e,0x013c89864d8ee28616cfe07e88f6d4b412b2582b999ee297913974352f8684c7
46,10000,1.32,0xfbf7dc0756a9768d0c71aea5f8421f3b1eaee7d1,2017-10-30T07:31:30.000Z,0.000132,0x6b01bb8b9f5d00a0f0fe8532d2beda1d5d1a42ce,sell,0x7654915a1b82d6d2d0afc37c52af556ea8983c7e,0x2b9a74544fcaf7513bb270e1dd38c105977ad2e83c3bf086ad64d7ff06c14357
47,5135.061600117492,0.6726982046769916,0xc521820ab6e3b58241dc964c8fbd4f1ef2e2e045,2017-10-30T06:33:01.000Z,0.000131001,0xe63faeefe2bbc40fc4d44e163561c871bdb16954,sell,0x7654915a1b82d6d2d0afc37c52af556ea8983c7e,0x43d6a78f416213bfe9adca267a2baeb5acba009d85d62b1b6c165011d146bfc7
48,3.1156530408773,0.000401919242273171,0xfbf7dc0756a9768d0c71aea5f8421f3b1eaee7d1,2017-10-30T02:32:32.000Z,0.00012899999999999977,0x16e5d97bbc92417e051e3b2cabfbf8ceea2acb9c,sell,0x7654915a1b82d6d2d0afc37c52af556ea8983c7e,0x96aac4f69d76781f299c4cb4d82bb9253630d8fcaf7e0e8a680f3292e2a21dde
49,1500,0.253485,0xe121cb63c3f6e80eb2600532d43ebbad54ddb61a,2017-10-29T22:08:22.000Z,0.00016899,0x99590cdc1e8d54b281b96416c359b9b2eedc4314,sell,0x7654915a1b82d6d2d0afc37c52af556ea8983c7e,0x8e914a307e2289af17f3cca25dc0a63468c0dbedf5963183088de6d658950333
50,4050,0.62775,0x82eaa8802ed058bf2f07e6d4842c63ce435da2ce,2017-10-29T19:36:58.000Z,0.000155,0xc4642518b7babaed00d138634c2e9cc3e982e5e5,sell,0x7654915a1b82d6d2d0afc37c52af556ea8983c7e,0x6d0267f44270a7d3447abe3088b61f5d7d270169ce58e35d4e29a4acfef74d9d
51,29.238985524318338,0.00491214956808548,0x90ca1894fbfa69eff6e2a89a53d87f66ccf97174,2017-10-29T19:36:58.000Z,0.00016799999999999996,0xc4642518b7babaed00d138634c2e9cc3e982e5e5,sell,0x7654915a1b82d6d2d0afc37c52af556ea8983c7e,0x51668a681855f7444ac7f20abd6bdb9643462d2458cfd7ee92ff96122bce4be7
52,0.9648089129262043,0.000162087897371602,0x90ca1894fbfa69eff6e2a89a53d87f66ccf97174,2017-10-29T19:34:24.000Z,0.00016799999999999967,0xc4642518b7babaed00d138634c2e9cc3e982e5e5,sell,0x7654915a1b82d6d2d0afc37c52af556ea8983c7e,0x6f4b6067029532ae2bc8a51b8b7ebc5b1404b02bc0d4ef49c89f24a5e2cf562b
53,4100,0.692859,0xcb92f70517bdf70332a8341af6134d366a8111e7,2017-10-29T18:53:05.000Z,0.00016899,0xb8dd9811d6cf2e6bb69d4db7e6134cbeda4c79a1,buy,0x7654915a1b82d6d2d0afc37c52af556ea8983c7e,0x1b200aa4b0b9f0ef92a8d0c38efc6369b70f9dfd62d25842e8d1b3098c355ee3
54,317.48,0.05365062772,0xcb92f70517bdf70332a8341af6134d366a8111e7,2017-10-29T18:49:47.000Z,0.000168989,0xdcbaa5ed3469ca061e1d58e85c6387fee1fd2730,buy,0x7654915a1b82d6d2d0afc37c52af556ea8983c7e,0xff8bb10bc55a1029e27b1860ad14eb19c6185254ed2eabc247b90c18f35160d0
55,9677.998205562755,1.625903698534543,0x90ca1894fbfa69eff6e2a89a53d87f66ccf97174,2017-10-29T17:49:29.000Z,0.000168,0xc4642518b7babaed00d138634c2e9cc3e982e5e5,sell,0x7654915a1b82d6d2d0afc37c52af556ea8983c7e,0x2857d1ff33287ae03eee74d1b713bf430947a1095b8c73912c8152cdf2c49887
56,291.798,0.049022064,0x90ca1894fbfa69eff6e2a89a53d87f66ccf97174,2017-10-29T17:25:00.000Z,0.000168,0x99590cdc1e8d54b281b96416c359b9b2eedc4314,sell,0x7654915a1b82d6d2d0afc37c52af556ea8983c7e,0xdc5db664bacfe0e36cc170c745551d593f084a256962818b641733e50cb0c06f
57,111111,19.99998,0xa3ba6027195a994882ba3233d5bbda39c9281df6,2017-10-29T15:52:02.000Z,0.00018,0x6b01bb8b9f5d00a0f0fe8532d2beda1d5d1a42ce,buy,0x7654915a1b82d6d2d0afc37c52af556ea8983c7e,0x4e9d395c5d8b33f499604959016f73b2fc5dd22d2dd1ae94dc711f64153a22da
58,107511,18.27687,0xa3ba6027195a994882ba3233d5bbda39c9281df6,2017-10-29T15:51:07.000Z,0.00017,0x6b01bb8b9f5d00a0f0fe8532d2beda1d5d1a42ce,buy,0x7654915a1b82d6d2d0afc37c52af556ea8983c7e,0xea020e791e8d3a0c0829d439f441b0fdae0d7e13935b8ed4ab03291bdf644e40
59,2000,0.3376,0xe121cb63c3f6e80eb2600532d43ebbad54ddb61a,2017-10-29T07:24:16.000Z,0.0001688,0x90dbf4151dbc935816a3e9c451118843fbbba891,sell,0x7654915a1b82d6d2d0afc37c52af556ea8983c7e,0x9e60ea65066c4eef9f81d29f2c9ccdddceb1784a2a2d7bfed22e5acf3c67a7c3
60,113.822,0.0162879282,0x4ddb43d2fd9120f7b1a261a130e0d72c4ec51e1a,2017-10-28T20:51:26.000Z,0.0001431,0xe6aa33b127ef8fe01a31ba076ed52483dc6e2fec,sell,0x7654915a1b82d6d2d0afc37c52af556ea8983c7e,0x824d1376d91ba625d13447ab8aa9813beadf4715a4f681a35694c1cec646db65
61,2.958754955914551,0.0005,0xe444a40689f51f63bcd29910622035707d533d29,2017-10-28T20:39:29.000Z,0.00016899,0xb8dd9811d6cf2e6bb69d4db7e6134cbeda4c79a1,buy,0x7654915a1b82d6d2d0afc37c52af556ea8983c7e,0x0163a0a113a1927aec6f4959c777a64ff6209dc2ad326ad2f3fa9e67dd8af9c2
62,2.958754955914551,0.0005,0x34f9560c63078eb61872a4dc2ccd20e21c34feaf,2017-10-28T20:38:16.000Z,0.00016899,0xb8dd9811d6cf2e6bb69d4db7e6134cbeda4c79a1,buy,0x7654915a1b82d6d2d0afc37c52af556ea8983c7e,0xa7db4292fde092314b71da9ef643efc670682e21d31d2d554ed545243faea2cf
63,2554.3020420391067,0.3218446115989695,0x9bea93d689584611060da426c35cfc1690b0251a,2017-10-28T17:11:43.000Z,0.000126001,0x1ed014aec47fae44c9e55bac7662c0b78ae61798,sell,0x7654915a1b82d6d2d0afc37c52af556ea8983c7e,0x9bfb99889b4e6e778b21763a98d4bc90c5176f7263fefb640ba549ef817a57bb
64,20,0.0033798,0xe673b1ea0c5d49462ce27cff1d58177af5de7dfa,2017-10-28T12:48:21.000Z,0.00016899,0xb8dd9811d6cf2e6bb69d4db7e6134cbeda4c79a1,buy,0x7654915a1b82d6d2d0afc37c52af556ea8983c7e,0x8536a4b431a061c5e7acc0898a82e1582c36c121dea13da7b4b82df701cbed4f
65,30,0.0299997,0x38801db28afe5f1f0d42063b928010f859ca0222,2017-10-28T11:27:16.000Z,0.00099999,0xf36990a2cb4d609e0a7d4f3bf884c0342d81fd3d,buy,0x7654915a1b82d6d2d0afc37c52af556ea8983c7e,0x6ddeda0fce51371f0679a615f47b4a4f195eb53f53c62df44e1a966619c90297
66,20,0.01776,0x38801db28afe5f1f0d42063b928010f859ca0222,2017-10-28T11:27:01.000Z,0.000888,0x0773dd752384d3d8714ceb1c28a199591c63cddc,buy,0x7654915a1b82d6d2d0afc37c52af556ea8983c7e,0x13742e82e3ae41a8540c57791912f23a8f79468b2a9205b9a126348eb548b081
67,922.3669667,0.156802384339,0x38801db28afe5f1f0d42063b928010f859ca0222,2017-10-28T11:19:51.000Z,0.00017,0x2ebb2f906eb5fb04e3dc2987d1fb9f00b676965b,buy,0x7654915a1b82d6d2d0afc37c52af556ea8983c7e,0x57e74706b9d1e74895f0e70079a3575943fff76b8501a318c1bf1412e19ceaa8
68,362.67956016,0.0616555252272,0x38801db28afe5f1f0d42063b928010f859ca0222,2017-10-28T11:18:28.000Z,0.00017,0x105b56ba2872f70e14c079a666fc494f03437900,buy,0x7654915a1b82d6d2d0afc37c52af556ea8983c7e,0x98801296204cf1c4a0c2360c1ad8b0a2aa5817275466394917546469fb29774b
69,870,0.146595,0x38801db28afe5f1f0d42063b928010f859ca0222,2017-10-28T11:17:39.000Z,0.0001685,0x99590cdc1e8d54b281b96416c359b9b2eedc4314,buy,0x7654915a1b82d6d2d0afc37c52af556ea8983c7e,0xe58be6b143c0f61a9d2bdfb6a8daa7b1a52311969158f6047685c4f3facbba4e
70,630,0.106155,0x80f3c0ababdb3e1100cb79539c41c86578437f7d,2017-10-27T21:11:49.000Z,0.0001685,0x99590cdc1e8d54b281b96416c359b9b2eedc4314,buy,0x7654915a1b82d6d2d0afc37c52af556ea8983c7e,0x7de189ef0c058228bdf3d9e2317fa5d415ce8a6001a9b629abc4adcbd5c105e8
71,709,0.112731,0x80f3c0ababdb3e1100cb79539c41c86578437f7d,2017-10-27T21:10:14.000Z,0.000159,0x2756ccfe1f1ec0a7a7be8f8e2593165eb2b33fc3,buy,0x7654915a1b82d6d2d0afc37c52af556ea8983c7e,0xf6577fbe6dcb6aab1fb71c3d10f65e0409ad961ea776bd262568e50e7ebd4a21
72,9384.702452184869,1.3429509209076549,0x4ddb43d2fd9120f7b1a261a130e0d72c4ec51e1a,2017-10-27T19:02:02.000Z,0.00014309999999999998,0x3dee4a4e076e8d82859d241db0baf46f112cfa23,sell,0x7654915a1b82d6d2d0afc37c52af556ea8983c7e,0xdec6f586abaebfdfea216567bf26b92923726382a68fe28146572495959ee2e4
73,41,0.006519,0x77c0016fea4b7c41cb7867518f23a5cde66f8cd4,2017-10-27T16:15:27.000Z,0.000159,0x2756ccfe1f1ec0a7a7be8f8e2593165eb2b33fc3,buy,0x7654915a1b82d6d2d0afc37c52af556ea8983c7e,0xd6d03e16fba21c05d8702a80c0105915a21c41a0b2663a7678d57be31bd07fb5
74,361.911,0.0517894641,0x4ddb43d2fd9120f7b1a261a130e0d72c4ec51e1a,2017-10-27T12:11:05.000Z,0.0001431,0x273a5d3e6721b9f5c1a6474f560c1334c63dda01,sell,0x7654915a1b82d6d2d0afc37c52af556ea8983c7e,0xa2e4b1fca439e15cd76a53d2e7a1c476d7c54b45a23cde50c2fd072ac21dc791
75,363,0.05082,0x273a5d3e6721b9f5c1a6474f560c1334c63dda01,2017-10-27T12:11:05.000Z,0.00014,0xb98772904df47732cf1161ea9ebb8fe162a5f7ea,buy,0x7654915a1b82d6d2d0afc37c52af556ea8983c7e,0xa2e4b1fca439e15cd76a53d2e7a1c476d7c54b45a23cde50c2fd072ac21dc791
76,394,0.066586,0x9a63a5c363275ec2c2f80af302c60a7809a1e1e2,2017-10-27T09:34:56.000Z,0.000169,0xfbf7dc0756a9768d0c71aea5f8421f3b1eaee7d1,buy,0x7654915a1b82d6d2d0afc37c52af556ea8983c7e,0x063d866c43543e5fd866c5e222249982b28f8c512c428c4d55fda92750d6af80
77,5000,0.75,0xd48e0e23c5f11810ac2a70b465b1a53906a05335,2017-10-27T03:40:43.000Z,0.00015,0xab1c3fe36b581c61887229b60b65007a9b71d18b,sell,0x7654915a1b82d6d2d0afc37c52af556ea8983c7e,0x194194d9a59e5bf3d0d833e6f7ec7c7c04d0e4f6ef494841d1bd06415b36b507
78,3000,0.51,0xcb92f70517bdf70332a8341af6134d366a8111e7,2017-10-26T20:26:10.000Z,0.00017,0x6b01bb8b9f5d00a0f0fe8532d2beda1d5d1a42ce,buy,0x7654915a1b82d6d2d0afc37c52af556ea8983c7e,0x87ab90c018462c0722a88ad0006359c3fded1bf79351b57c96cd9f75b15b539a
79,4139.564129885621,0.5923716269866324,0x4ddb43d2fd9120f7b1a261a130e0d72c4ec51e1a,2017-10-26T16:53:30.000Z,0.00014309999999999998,0x09d868da6f4a4f4d6d6314dd6d3e372fb50a8df7,sell,0x7654915a1b82d6d2d0afc37c52af556ea8983c7e,0x387d6797fa1e528847d2b87665180cff5db14f78cee77aa632f35dfae649bc25
80,243.01,0.04106869,0xe6aa33b127ef8fe01a31ba076ed52483dc6e2fec,2017-10-26T11:37:44.000Z,0.000169,0xfbf7dc0756a9768d0c71aea5f8421f3b1eaee7d1,buy,0x7654915a1b82d6d2d0afc37c52af556ea8983c7e,0xb3b68614e4021e61ee02ae9072016c97a70375911bd3b145be0413cd38a9fcef
81,600,0.102,0xf3a0c02e119890464f7dc107383beb8643cbd0f1,2017-10-26T08:59:57.000Z,0.00017,0x6b01bb8b9f5d00a0f0fe8532d2beda1d5d1a42ce,buy,0x7654915a1b82d6d2d0afc37c52af556ea8983c7e,0x915e0e2b135eb8276e7b28d5dd0e89135b7bb1cb2f2e11c3359a4a24e72b8c73
82,4989.769,0.79836304,0xf3a0c02e119890464f7dc107383beb8643cbd0f1,2017-10-26T08:58:41.000Z,0.00016,0x6b01bb8b9f5d00a0f0fe8532d2beda1d5d1a42ce,buy,0x7654915a1b82d6d2d0afc37c52af556ea8983c7e,0x05d07d5c9bc0e828a12b2ddefa74811b200e97ee1cc8b951e4b5d73e6f95244d
83,93000,14.88,0xf3a0c02e119890464f7dc107383beb8643cbd0f1,2017-10-26T07:45:37.000Z,0.00016,0x6b01bb8b9f5d00a0f0fe8532d2beda1d5d1a42ce,buy,0x7654915a1b82d6d2d0afc37c52af556ea8983c7e,0xbd3ecc453f93762f58e344369c73dfc58e519bcbcbed6f76635a2cfdf04eb950
84,100,0.0131,0xe29b44fee0eaafd6fe2a0a5335ecf9a28cbba386,2017-10-26T04:20:00.000Z,0.000131,0x09d868da6f4a4f4d6d6314dd6d3e372fb50a8df7,sell,0x7654915a1b82d6d2d0afc37c52af556ea8983c7e,0xe70f6a4ca58562cf0cd3a1c16f6e674ed0b2eead164a43129491dc2db22d523f
85,3470,0.45457,0x172c2b92b753f439714d3f74153de507270ef894,2017-10-26T04:17:54.000Z,0.000131,0x09d868da6f4a4f4d6d6314dd6d3e372fb50a8df7,sell,0x7654915a1b82d6d2d0afc37c52af556ea8983c7e,0xc08313e961d4824e7a833fc56613c5148d61b9de8ace682da750af6b5b449e07
86,100,0.0159,0xf0d7fdfdce2d33bdc9945e3dbf79f68618b3eaa7,2017-10-26T03:15:49.000Z,0.000159,0xfbf7dc0756a9768d0c71aea5f8421f3b1eaee7d1,buy,0x7654915a1b82d6d2d0afc37c52af556ea8983c7e,0xd653ae91ce09dcc4e0688fc07eba27fd2db8627e7c5531dcca16194c30e6c042
87,0.40735320838480094,0.00005947356842418,0xe29b44fee0eaafd6fe2a0a5335ecf9a28cbba386,2017-10-25T10:32:08.000Z,0.0001459999999999977,0xb19e9ea7e2a86d5f17c4e254b678d9391505ef62,sell,0x7654915a1b82d6d2d0afc37c52af556ea8983c7e,0x09137ffe27b684b0419c30790dc54adb2f218255ecd0498c0b5fc35c6e77bcb3
88,4086.160033307938,0.5393731243966479,0xb3c74e8478cb91b17d0f78e3d0e3ea574c9fe2f8,2017-10-25T10:28:26.000Z,0.00013199999999999998,0xb19e9ea7e2a86d5f17c4e254b678d9391505ef62,sell,0x7654915a1b82d6d2d0afc37c52af556ea8983c7e,0x526796160a0e2ccd30cd19a0941988db263d2fcefb4e109b0d06b581bdcde273
89,4086.160033307938,0.5393731243966479,0xb3c74e8478cb91b17d0f78e3d0e3ea574c9fe2f8,2017-10-25T10:27:58.000Z,0.00013199999999999998,0xb19e9ea7e2a86d5f17c4e254b678d9391505ef62,sell,0x7654915a1b82d6d2d0afc37c52af556ea8983c7e,0x526796160a0e2ccd30cd19a0941988db263d2fcefb4e109b0d06b581bdcde273
90,0.9939280941671785,0.000144340225691146,0xb8dd9811d6cf2e6bb69d4db7e6134cbeda4c79a1,2017-10-24T22:53:38.000Z,0.000145222,0xe5e0cb9240cda562105f27470ab638a7c048a8dc,sell,0x7654915a1b82d6d2d0afc37c52af556ea8983c7e,0x0095e0ab19af510fe22b4b9457f58b701c0ec22809bc0c2759f63d2608f49606
91,9970.092712590967,1.4478768039078855,0xb8dd9811d6cf2e6bb69d4db7e6134cbeda4c79a1,2017-10-24T22:52:39.000Z,0.000145222,0xe5e0cb9240cda562105f27470ab638a7c048a8dc,sell,0x7654915a1b82d6d2d0afc37c52af556ea8983c7e,0xe550cf454f86ff84432dbd5629c092363a14f38881ad49142ffdb79d35569d1e
92,1195.9256305453096,0.17520310487488786,0x172c2b92b753f439714d3f74153de507270ef894,2017-10-24T12:59:07.000Z,0.00014649999999999998,0xc3b268ac9988d58fc184326c06a02f15912a4880,sell,0x7654915a1b82d6d2d0afc37c52af556ea8983c7e,0x3b0952d867498195c3df24a155c3e87c957c74172b2f064d60537d8d9c6ef6e4
93,2000,0.293002,0x5dd2fe22e5c5f78a58cc72604f5a9e1688f4b948,2017-10-24T12:58:04.000Z,0.000146501,0xc3b268ac9988d58fc184326c06a02f15912a4880,sell,0x7654915a1b82d6d2d0afc37c52af556ea8983c7e,0xf0db1b5d87a2785bd26856f5dd72a02c1ddc136999244ab70a656cd9bea14da7
94,1789,0.26210639,0x172c2b92b753f439714d3f74153de507270ef894,2017-10-24T12:58:04.000Z,0.00014651,0xc3b268ac9988d58fc184326c06a02f15912a4880,sell,0x7654915a1b82d6d2d0afc37c52af556ea8983c7e,0x3ce8e1555d9ef1603fa8ccd1ac944efa3874040fc26dc33a3b468b6847fb3a18
95,4670.297866428284,0.6782299967584482,0xb8dd9811d6cf2e6bb69d4db7e6134cbeda4c79a1,2017-10-24T05:48:18.000Z,0.000145222,0x3dee4a4e076e8d82859d241db0baf46f112cfa23,sell,0x7654915a1b82d6d2d0afc37c52af556ea8983c7e,0x8391600b27483d5f1c87e0cc6b6c6ff49418b0240efb998c1162deedcc29b2eb
96,921,0.13447521,0xeef7b31d8e94d105e7bfc9b41d3f84c3c9f92016,2017-10-24T05:47:47.000Z,0.00014601,0x3dee4a4e076e8d82859d241db0baf46f112cfa23,sell,0x7654915a1b82d6d2d0afc37c52af556ea8983c7e,0xdcb07515170f131989e6783c19e15d7dff33c562a7bd86293bb4c08dadc25e13
97,8100,1.296,0x0a7a79954c9cccb1c38d115d23a32331bf61f60d,2017-10-24T05:19:41.000Z,0.00016,0x6b01bb8b9f5d00a0f0fe8532d2beda1d5d1a42ce,buy,0x7654915a1b82d6d2d0afc37c52af556ea8983c7e,0x8c923398aeafd5c3e92c4204053e3808750ed785712e011260f41f14d4937d13
98,374,0.046002,0x273a5d3e6721b9f5c1a6474f560c1334c63dda01,2017-10-24T03:19:36.000Z,0.000123,0xfbf7dc0756a9768d0c71aea5f8421f3b1eaee7d1,buy,0x7654915a1b82d6d2d0afc37c52af556ea8983c7e,0x2d2a86b24e34970732531abb96ade8f6be1fccccdee95101424855af5a126d25
99,372.878,0.054150088916,0xb8dd9811d6cf2e6bb69d4db7e6134cbeda4c79a1,2017-10-24T03:19:36.000Z,0.000145222,0x273a5d3e6721b9f5c1a6474f560c1334c63dda01,sell,0x7654915a1b82d6d2d0afc37c52af556ea8983c7e,0x2d2a86b24e34970732531abb96ade8f6be1fccccdee95101424855af5a126d25
100,1110.9879373940782,0.16220423885953544,0xfbf7dc0756a9768d0c71aea5f8421f3b1eaee7d1,2017-10-24T02:13:55.000Z,0.000146,0xfebed3f7333f028aaf315e7aa6bddf28da95f853,sell,0x7654915a1b82d6d2d0afc37c52af556ea8983c7e,0x70500a26ebd945b9ec135c22528c0b09069cb381c1b9003e318ee10b9100856c
101,18,0.002613996,0xb8dd9811d6cf2e6bb69d4db7e6134cbeda4c79a1,2017-10-23T23:46:43.000Z,0.000145222,0xf6a7222207c2e93d2013c76310316b5204fe89f5,sell,0x7654915a1b82d6d2d0afc37c52af556ea8983c7e,0x5c4bda113caa21a2d1425d76d5a8e39aefe41fbf0e78bbc8451fc3c18534b937
102,11332.977638436008,1.645797678608954,0xb8dd9811d6cf2e6bb69d4db7e6134cbeda4c79a1,2017-10-23T19:35:51.000Z,0.000145222,0xac7feb9cb64dc73c76913945383cf8570d6ae335,sell,0x7654915a1b82d6d2d0afc37c52af556ea8983c7e,0x71a9bc0c3802d9e336791fc14307d4b5fb30f9502724dde92ceae0b7c1746b23
103,630,0.09324,0xc9a07de10d3422f3ca8ecfdaaab08e6edbbe570e,2017-10-23T19:34:58.000Z,0.000148,0xac7feb9cb64dc73c76913945383cf8570d6ae335,sell,0x7654915a1b82d6d2d0afc37c52af556ea8983c7e,0x7d9092d515940cc8bf834c9fd212785c422856876a78f42fc9f34e71d70d5d24
104,4997.076394297188,0.79953222308755,0x81584a1d46cd5d8b7955ceab5e4d7cc9e3394905,2017-10-23T15:40:38.000Z,0.00016,0x6b01bb8b9f5d00a0f0fe8532d2beda1d5d1a42ce,buy,0x7654915a1b82d6d2d0afc37c52af556ea8983c7e,0x271b9edc674faab2ed39be380c81843476989a0c9c888c06af168de6966dd48e
105,4.154425726362187,0.00066470811621795,0xf6a7222207c2e93d2013c76310316b5204fe89f5,2017-10-23T14:47:40.000Z,0.00016,0x6b01bb8b9f5d00a0f0fe8532d2beda1d5d1a42ce,buy,0x7654915a1b82d6d2d0afc37c52af556ea8983c7e,0x98e14ef643be111253eebf5b538a51def60484068a570f140f0c50d4b166e621
106,20,0.0032,0xf6a7222207c2e93d2013c76310316b5204fe89f5,2017-10-23T14:46:28.000Z,0.00016,0x6b01bb8b9f5d00a0f0fe8532d2beda1d5d1a42ce,buy,0x7654915a1b82d6d2d0afc37c52af556ea8983c7e,0x90164a18b8e4de4ac5c9a8e25fa421b3c7ef555e420fc5bf52b58a6f58895d83
107,2663,0.39945,0x9778550d76b07ac9f5e57392f68ecdf6efc1774e,2017-10-23T08:45:57.000Z,0.00015,0x9822ae46c51bda1cb7957b3ad2bf26a5a4742851,buy,0x7654915a1b82d6d2d0afc37c52af556ea8983c7e,0x7aa034e1baa942a3d64babfb4f8e3e2671274fdd5aaf4019111753e92d2e6af5
108,4340,0.64232,0x9778550d76b07ac9f5e57392f68ecdf6efc1774e,2017-10-23T08:28:29.000Z,0.000148,0xfbf7dc0756a9768d0c71aea5f8421f3b1eaee7d1,buy,0x7654915a1b82d6d2d0afc37c52af556ea8983c7e,0xa7a1054db18762d13e192b17aaf14f8347a88b1dadf1f46de8cdebed89b7a608
109,17000,2.533,0x9778550d76b07ac9f5e57392f68ecdf6efc1774e,2017-10-23T08:28:03.000Z,0.000149,0x8e465006a05f51471c5bdeb0c8fb6bb7181f06dd,buy,0x7654915a1b82d6d2d0afc37c52af556ea8983c7e,0xcc0903f6711f77d14442d6a9158be6d5037c1848b61738e363acd18e4ad74809
110,97239.387,14.58590805,0x9778550d76b07ac9f5e57392f68ecdf6efc1774e,2017-10-23T08:27:42.000Z,0.00015,0x6b01bb8b9f5d00a0f0fe8532d2beda1d5d1a42ce,buy,0x7654915a1b82d6d2d0afc37c52af556ea8983c7e,0xcfc27bf7b0ce9c504e2424654281cd43b88e27a2f4833e6597758f5545a3584a
111,250,0.037375,0x9530b0ab27f57f2d2d5e23aea464a10c65b67235,2017-10-23T05:25:46.000Z,0.0001495,0xfbf7dc0756a9768d0c71aea5f8421f3b1eaee7d1,buy,0x7654915a1b82d6d2d0afc37c52af556ea8983c7e,0xc66bb075ea9cddc004634c682b37a514d867f123c9a5ddb631024f152d9b3256
112,1000,0.15,0xa8c051c6d78bd4a739038a7036425728c4073659,2017-10-23T02:04:58.000Z,0.00015,0x9822ae46c51bda1cb7957b3ad2bf26a5a4742851,buy,0x7654915a1b82d6d2d0afc37c52af556ea8983c7e,0x435bcb4db4562c4012bdffd2b3221d47efc41e5940d5274a204e5be3fc164dbf
113,37,0.00555,0x3cc43057f0e74a56ea8a42b7a297a2b3f7ea1c2a,2017-10-23T01:37:12.000Z,0.00015,0x9822ae46c51bda1cb7957b3ad2bf26a5a4742851,buy,0x7654915a1b82d6d2d0afc37c52af556ea8983c7e,0x1f246bb57d0e29937d6beca7f3d79e929165909d782fb84308e8984218747856
114,800,0.12,0x3cc43057f0e74a56ea8a42b7a297a2b3f7ea1c2a,2017-10-23T01:34:32.000Z,0.00015,0x9822ae46c51bda1cb7957b3ad2bf26a5a4742851,buy,0x7654915a1b82d6d2d0afc37c52af556ea8983c7e,0x7180600a4ebcd04dd15dc2e2393ae9cd915b29b9e941c2cef48cc0dcb37c5a11
115,4500,0.675,0x9822ae46c51bda1cb7957b3ad2bf26a5a4742851,2017-10-23T00:51:28.000Z,0.00015,0x6b01bb8b9f5d00a0f0fe8532d2beda1d5d1a42ce,buy,0x7654915a1b82d6d2d0afc37c52af556ea8983c7e,0x27bd66a2521a62a639cf77ee50e9c7ecbf00bb08c53e7df6ae6525d7ba0d793c
116,9371.612640871004,1.4057418961306507,0x9a265f1d59e020341ca2b6f4eb20aeec46054414,2017-10-22T23:46:05.000Z,0.00015,0x6b01bb8b9f5d00a0f0fe8532d2beda1d5d1a42ce,buy,0x7654915a1b82d6d2d0afc37c52af556ea8983c7e,0x36ba05630aecc070bf0998e632d3b525f13c02016981375f032293d9de639b12
117,2316.9185855644328,0.34753778783466494,0x40173225bc3156ba5691585695979868d6ef459a,2017-10-22T22:57:12.000Z,0.00015,0x9285a6b79a604ac02a58b7cc182fae1bd3f81b6d,sell,0x7654915a1b82d6d2d0afc37c52af556ea8983c7e,0x098c2d24d9425be8093b711091956f67d4ea72a6e81201585998074c2963fe0f
118,2203.09,0.3194260191,0x111452aa919ca445726fab2ab7402866fbc7a8d1,2017-10-22T22:37:34.000Z,0.00014499,0x9285a6b79a604ac02a58b7cc182fae1bd3f81b6d,sell,0x7654915a1b82d6d2d0afc37c52af556ea8983c7e,0x5de1dbeba462fee43a64435469167062b8866323d367763ead55be0fda4e61e0
119,996.9095803010667,0.14454192004785166,0x111452aa919ca445726fab2ab7402866fbc7a8d1,2017-10-22T21:56:39.000Z,0.00014498999999999998,0x57880990f47c42301420b6a82903328ab2099666,sell,0x7654915a1b82d6d2d0afc37c52af556ea8983c7e,0x8bbfe470aa0087cbc9fc3f87d8f0c43dd19eb94994c3979d3d98067b0d7b8e63
120,1100,0.1628,0xff64f34e8511693e3dffa0e1fe037a6a65f3937b,2017-10-22T20:13:43.000Z,0.000148,0xea1fedb5b860d8297efd50a311a178d5ffdd7667,buy,0x7654915a1b82d6d2d0afc37c52af556ea8983c7e,0xdd58b6a543cd477204ae7c81775bdd1818511df4ef36dd12b3d626c6e3d1ecbd
121,2000,0.294,0x06e6553bf498ebcf27a670ab4fa39c5c3beaca56,2017-10-22T20:00:48.000Z,0.000147,0xea1fedb5b860d8297efd50a311a178d5ffdd7667,buy,0x7654915a1b82d6d2d0afc37c52af556ea8983c7e,0x0651292a704dfffcec9f99d089b8fe09a035b5c7d73a61a2804a50b5c2b60565
122,1440,0.21024,0x06e6553bf498ebcf27a670ab4fa39c5c3beaca56,2017-10-22T20:00:17.000Z,0.000146,0xea1fedb5b860d8297efd50a311a178d5ffdd7667,buy,0x7654915a1b82d6d2d0afc37c52af556ea8983c7e,0x4e230d9cc7780d2b9e688b6f5168bd3127a96982a80001d59e72c230bdb10e6a
123,420,0.06132,0xc9a07de10d3422f3ca8ecfdaaab08e6edbbe570e,2017-10-22T19:49:26.000Z,0.000146,0xea1fedb5b860d8297efd50a311a178d5ffdd7667,buy,0x7654915a1b82d6d2d0afc37c52af556ea8983c7e,0x20a57174d00fa32146a52438893696ac7772e5138c3748e66f5410fd65938122
124,1500,0.2175,0xb4af0f3caf35703a52b44ad40c043494adc7531c,2017-10-22T18:22:41.000Z,0.000145,0xfbf7dc0756a9768d0c71aea5f8421f3b1eaee7d1,buy,0x7654915a1b82d6d2d0afc37c52af556ea8983c7e,0x70a0e9b0e3c041a38f09eb2196eea2cc2b8b391274c5003fdae9133c9229d7e5
125,500,0.072495,0xb4af0f3caf35703a52b44ad40c043494adc7531c,2017-10-22T18:21:13.000Z,0.00014499,0xdead3646bb46d5639c2225f9007dec8eabecf510,buy,0x7654915a1b82d6d2d0afc37c52af556ea8983c7e,0xa14052b2c674008d2f01bd81c6784a25708eaa2e7cf70198fef3d0cc5bd2dfae
126,990,0.1435401,0xb4af0f3caf35703a52b44ad40c043494adc7531c,2017-10-22T18:14:16.000Z,0.00014499,0xdead3646bb46d5639c2225f9007dec8eabecf510,buy,0x7654915a1b82d6d2d0afc37c52af556ea8983c7e,0xaa4fbebf4a42b56e2d5de04e0d5ebe8624646520b0ee92dd93f2a83f2bb5aac7
127,10,0.0014499,0xb4af0f3caf35703a52b44ad40c043494adc7531c,2017-10-22T17:52:47.000Z,0.00014499,0xdead3646bb46d5639c2225f9007dec8eabecf510,buy,0x7654915a1b82d6d2d0afc37c52af556ea8983c7e,0xb63cb367c3c9814e7e4b2712bb993462dd8f9dabddf55a0e07157219efea8639
128,0.661508682470246,0.000080042550578899,0xc370be1c1ce33e0f69ce376640fac9a5dc2bbb10,2017-10-22T15:24:18.000Z,0.00012099999999999885,0x137ba4651c45ddb41a37e8f268b7850093225004,sell,0x7654915a1b82d6d2d0afc37c52af556ea8983c7e,0x544086c1d8cc3b46f15066d6832cfb3a50cdbc097d1fdab8fa53b7af268485a7
129,6635.593593859037,0.796337587199023,0x3dee4a4e076e8d82859d241db0baf46f112cfa23,2017-10-22T15:22:00.000Z,0.00012000999999999998,0x137ba4651c45ddb41a37e8f268b7850093225004,sell,0x7654915a1b82d6d2d0afc37c52af556ea8983c7e,0xbda6e1c5817c5bb369aba710b40ef3167d1b2f674d845428415de2c45b1a11f9
130,3910,0.56695,0xe5e0cb9240cda562105f27470ab638a7c048a8dc,2017-10-22T13:22:29.000Z,0.000145,0xfbf7dc0756a9768d0c71aea5f8421f3b1eaee7d1,buy,0x7654915a1b82d6d2d0afc37c52af556ea8983c7e,0xf8a80abbc40000645d419483ca35f4b32e1392cc7bf6e16445ab557369db3c5e
131,2710,0.39024,0xe5e0cb9240cda562105f27470ab638a7c048a8dc,2017-10-22T12:25:33.000Z,0.000144,0xc370be1c1ce33e0f69ce376640fac9a5dc2bbb10,buy,0x7654915a1b82d6d2d0afc37c52af556ea8983c7e,0xeb3bcb7e371038665adf35e1f037339b550f2fb0de1144e5c6aa1e520a5d91d4
132,2710,0.33062,0xc370be1c1ce33e0f69ce376640fac9a5dc2bbb10,2017-10-22T11:09:31.000Z,0.000122,0x4d517d272ce8d879d8891518e70153b49d2cdb96,sell,0x7654915a1b82d6d2d0afc37c52af556ea8983c7e,0x31863e540179abf9a2b4ce0a11a50bfd396803fade570a51351d3a928064f4ad
133,10000,1.22,0xfbf7dc0756a9768d0c71aea5f8421f3b1eaee7d1,2017-10-22T11:09:31.000Z,0.000122,0x4d517d272ce8d879d8891518e70153b49d2cdb96,sell,0x7654915a1b82d6d2d0afc37c52af556ea8983c7e,0x5aa068b8840291404cf01bf2b9084e21553d5a5de4786b4b8128a603477cecb2
134,22000,2.31968,0x200166c39876bcac54d913a1167da8a0f47c3a04,2017-10-22T11:09:31.000Z,0.00010544,0x4d517d272ce8d879d8891518e70153b49d2cdb96,sell,0x7654915a1b82d6d2d0afc37c52af556ea8983c7e,0xf83d0036959f5b5ac0000e39d838d11052cc5fd677451c0620e5cdf330623730
135,35,0.005075,0xcd2356d69f7de4c1f84f33d9effde212e2b2c9ac,2017-10-22T00:45:59.000Z,0.000145,0xea1fedb5b860d8297efd50a311a178d5ffdd7667,buy,0x7654915a1b82d6d2d0afc37c52af556ea8983c7e,0xc9f26b1971d7eb76e37022ecfc4c4406807103302678c89be1237c2a9157f471
136,0.12124710277811797,0.000013473099307807,0xf4004f2e476b86a38208f0ed6ef339e09908dac2,2017-10-21T23:41:44.000Z,0.00011112099999999796,0xb3c74e8478cb91b17d0f78e3d0e3ea574c9fe2f8,sell,0x7654915a1b82d6d2d0afc37c52af556ea8983c7e,0xcfe22d373f3cbcc69cfdbd4822ab8d276bb897df36a315e60863913b452bdcb3
137,1216.2296879673013,0.1351486591566145,0xf4004f2e476b86a38208f0ed6ef339e09908dac2,2017-10-21T23:40:11.000Z,0.000111121,0xb3c74e8478cb91b17d0f78e3d0e3ea574c9fe2f8,sell,0x7654915a1b82d6d2d0afc37c52af556ea8983c7e,0x7356c09b6d89c444110cf104d90f4782e5276036196ee637e58c460189b6db8d
138,140,0.02044,0x94e42e5cd1257250f1af2548cb251ec13c3caf75,2017-10-21T21:24:59.000Z,0.000146,0xea1fedb5b860d8297efd50a311a178d5ffdd7667,buy,0x7654915a1b82d6d2d0afc37c52af556ea8983c7e,0x133e4db01c4e5f2ef46170b5f876775ca76276a6a29c1c56226543684d7543e3
139,1719.9422253281798,0.19111998007846734,0x3dee4a4e076e8d82859d241db0baf46f112cfa23,2017-10-21T20:33:27.000Z,0.00011111999999999999,0xbfb746c768dd10c826848b75143f5b833642dce9,sell,0x7654915a1b82d6d2d0afc37c52af556ea8983c7e,0x1effc804d2d94ea6df394a441fba1a4fdcc2eee11248cac69d3ef5cb147306dd
140,6190.462266972386,0.6878841671059714,0x3dee4a4e076e8d82859d241db0baf46f112cfa23,2017-10-21T20:25:26.000Z,0.00011111999999999999,0xbfb746c768dd10c826848b75143f5b833642dce9,sell,0x7654915a1b82d6d2d0afc37c52af556ea8983c7e,0x0b771875ab898a35bbb36ad4a3ff73551fa2966497ab9d2794072004cb6cf29d
141,3099.1,0.3749911,0x0d710c8aab9ee65daf642433a662ccb72d3fbec4,2017-10-21T20:23:27.000Z,0.000121,0xbfb746c768dd10c826848b75143f5b833642dce9,sell,0x7654915a1b82d6d2d0afc37c52af556ea8983c7e,0xff3d6829a08c91686a4337098cb14abdf23ca3082736e90e86d7eca99034774c
142,4000,0.484004,0xf4004f2e476b86a38208f0ed6ef339e09908dac2,2017-10-21T20:17:16.000Z,0.000121001,0xbfb746c768dd10c826848b75143f5b833642dce9,sell,0x7654915a1b82d6d2d0afc37c52af556ea8983c7e,0x2a61ce5f30ef1fa9fc7418a85e2560cb83b587a07c4c733b64aeb869435d1051
143,1650,0.199815,0x9bea93d689584611060da426c35cfc1690b0251a,2017-10-21T20:15:45.000Z,0.0001211,0xbfb746c768dd10c826848b75143f5b833642dce9,sell,0x7654915a1b82d6d2d0afc37c52af556ea8983c7e,0x255fb15f938a9c8bfb8b9f0d38890cdc805d1fd35804d9cd91134faffaff3373
144,5000,0.607505,0x3dee4a4e076e8d82859d241db0baf46f112cfa23,2017-10-21T20:14:49.000Z,0.000121501,0xbfb746c768dd10c826848b75143f5b833642dce9,sell,0x7654915a1b82d6d2d0afc37c52af556ea8983c7e,0x506a209a1482946744deb6c76694b770a9cc6ad904d0aa73926bf6865eaeb790
145,100,0.0145,0x4d1ce1ae755f87119bf3a5302f695a7afe3d9cd9,2017-10-21T17:40:29.000Z,0.000145,0xea1fedb5b860d8297efd50a311a178d5ffdd7667,buy,0x7654915a1b82d6d2d0afc37c52af556ea8983c7e,0x088887ffb870c7f3e91702241bc359784af0091c0c38dfcb40b7d2db90363767
146,1865,0.270425,0x4d1ce1ae755f87119bf3a5302f695a7afe3d9cd9,2017-10-21T17:28:05.000Z,0.000145,0xea1fedb5b860d8297efd50a311a178d5ffdd7667,buy,0x7654915a1b82d6d2d0afc37c52af556ea8983c7e,0xf409d363297bd5517e376ab81bfcfabbec404888a43378babb97afabf2cc8f36
147,285,0.04104,0x4d1ce1ae755f87119bf3a5302f695a7afe3d9cd9,2017-10-21T17:25:57.000Z,0.000144,0xc370be1c1ce33e0f69ce376640fac9a5dc2bbb10,buy,0x7654915a1b82d6d2d0afc37c52af556ea8983c7e,0x40b14979c0e10bfcf60deda8ac27f7b7d8e266895fc7a6da7047b9c8479ca0ba
148,40509.767,5.67136738,0xf2b8e45c275486b7ab352368296c72d2712e66c7,2017-10-21T03:01:17.000Z,0.00014,0x6b01bb8b9f5d00a0f0fe8532d2beda1d5d1a42ce,buy,0x7654915a1b82d6d2d0afc37c52af556ea8983c7e,0x887fdb8bbf12864f57c12d54c6f47478804df02df998db4f430f74f7614e335b
149,1594,0.221566,0xf2b8e45c275486b7ab352368296c72d2712e66c7,2017-10-21T03:00:49.000Z,0.000139,0xfbf7dc0756a9768d0c71aea5f8421f3b1eaee7d1,buy,0x7654915a1b82d6d2d0afc37c52af556ea8983c7e,0x1964a896c2eea3f19e2f289b06de0a5d75dc77696624e38072d77997956f42df
150,600,0.0834,0xa8c051c6d78bd4a739038a7036425728c4073659,2017-10-21T01:58:14.000Z,0.000139,0xfbf7dc0756a9768d0c71aea5f8421f3b1eaee7d1,buy,0x7654915a1b82d6d2d0afc37c52af556ea8983c7e,0x5ec3ac9be22584746400e24bfbe784c678b44924f4384af37d031b07d2b9a006
151,1220,0.1708,0xb3c74e8478cb91b17d0f78e3d0e3ea574c9fe2f8,2017-10-21T00:01:34.000Z,0.00014,0x6b01bb8b9f5d00a0f0fe8532d2beda1d5d1a42ce,buy,0x7654915a1b82d6d2d0afc37c52af556ea8983c7e,0xc1739ad01323f24d7e3fbcb4671eb417b1b48bf619f0ffcd224225042fd2708b
152,440,0.0616,0x1206a864a76ffd4a29b017466002bad855bd9e68,2017-10-20T18:19:12.000Z,0.00014,0x6b01bb8b9f5d00a0f0fe8532d2beda1d5d1a42ce,buy,0x7654915a1b82d6d2d0afc37c52af556ea8983c7e,0xe3726bc5a5dddd97bf69d7c129276ff5b92ec2fde5dfc043a57f8d4312084db6
153,340,0.0476,0xda335761adceaa57fe02367340c2e33ba185175e,2017-10-20T17:55:01.000Z,0.00014,0x6b01bb8b9f5d00a0f0fe8532d2beda1d5d1a42ce,buy,0x7654915a1b82d6d2d0afc37c52af556ea8983c7e,0xef55b279644f3beeacffd789a0b0ffdfe78d67f1e06a19e4b5370d5b5981e139
154,350,0.049,0xe38309f8e34d9b74068494bce7ab6857a69d5bc4,2017-10-20T17:55:01.000Z,0.00014,0x6b01bb8b9f5d00a0f0fe8532d2beda1d5d1a42ce,buy,0x7654915a1b82d6d2d0afc37c52af556ea8983c7e,0x208852317134a3cb77275da1c21a6b4dfb1d94c38b275566bf210c7b1f1b1a16
155,2193.2010766623466,0.22370650981955936,0xfbf7dc0756a9768d0c71aea5f8421f3b1eaee7d1,2017-10-20T16:10:46.000Z,0.00010199999999999999,0xe27f4c474d7c027dfa91c129563d85d5d5fd785d,sell,0x7654915a1b82d6d2d0afc37c52af556ea8983c7e,0x48f60ee3004df18cb365f2cb0a7ae6c3d2cf585eb5e599e92665b5b6943e0ca8
156,18386.926580892272,2.574169721324918,0xb85cdf11e41e3ae58f5060aa1b2636638d5325ac,2017-10-20T16:05:36.000Z,0.00014,0x6b01bb8b9f5d00a0f0fe8532d2beda1d5d1a42ce,buy,0x7654915a1b82d6d2d0afc37c52af556ea8983c7e,0x1c4c54cb41e4f837eced63b62469b16bc90267081d9b2228fd91b7ec258fff84
157,2050,0.287,0xa8c051c6d78bd4a739038a7036425728c4073659,2017-10-20T11:26:30.000Z,0.00014,0x6b01bb8b9f5d00a0f0fe8532d2beda1d5d1a42ce,buy,0x7654915a1b82d6d2d0afc37c52af556ea8983c7e,0x04b37d290efeb077df4005640b8ca632375c8084e543e1c3e9029b0366ed5e2f
158,250,0.03425,0xa8c051c6d78bd4a739038a7036425728c4073659,2017-10-20T11:25:13.000Z,0.000137,0xdcdbb380953c9cfa4f51a8d9f80d88b9a362e707,buy,0x7654915a1b82d6d2d0afc37c52af556ea8983c7e,0xfd589c2c4942c0314f316e303d46be1a9acf305f83d3b1f14a34c5f650c8e3cc
159,100,0.0136,0xa8c051c6d78bd4a739038a7036425728c4073659,2017-10-20T11:24:17.000Z,0.000136,0xdcdbb380953c9cfa4f51a8d9f80d88b9a362e707,buy,0x7654915a1b82d6d2d0afc37c52af556ea8983c7e,0x1ee3fec0fd335de39e8970dd1ebf3cf77df8f82bef3ca967cad1cb927cd7788c
160,500,0.07,0xf5050930cf7925b8c1835f5dc9afff1b1752c6eb,2017-10-19T20:55:49.000Z,0.00014,0x6b01bb8b9f5d00a0f0fe8532d2beda1d5d1a42ce,buy,0x7654915a1b82d6d2d0afc37c52af556ea8983c7e,0x5e3396afab1fa2a4cca192ca6984bed8ffcf9273a1435161f4aa7d329c0d2c84
161,6291.482504236866,0.6291482504236866,0xb8dd9811d6cf2e6bb69d4db7e6134cbeda4c79a1,2017-10-19T20:29:04.000Z,0.0001,0x0f1b76410215ed963ea2c3d3eaddd4a56350b422,buy,0x7654915a1b82d6d2d0afc37c52af556ea8983c7e,0x6e6b20ebbff97fffadb5e6fb8277bfbf9ed581949b8d0d70c0d0efb6aba904e8
162,50000,3.7222,0xb8dd9811d6cf2e6bb69d4db7e6134cbeda4c79a1,2017-10-19T20:27:40.000Z,0.000074444,0x0f1b76410215ed963ea2c3d3eaddd4a56350b422,sell,0x7654915a1b82d6d2d0afc37c52af556ea8983c7e,0x5cece6f9f02eacddb6e88ee3ef4a8da85000f1baed1ff2d9b80af9aae93bf160
163,543.3157212640814,0.021189313129299173,0xa3d7dedda551204ccb03bd79aa87824cc453b8de,2017-10-19T19:57:54.000Z,0.00003899999999999999,0xad33f43cb3ddc2dbd5a5eb09b12423066041a219,sell,0x7654915a1b82d6d2d0afc37c52af556ea8983c7e,0x2986e6de58eb362861604240aa17e14b0bf62aad8f0c03a6aa9e4d5eb4c9b164
164,56441.48250423687,1.1288296500847372,0x0f1b76410215ed963ea2c3d3eaddd4a56350b422,2017-10-19T19:50:26.000Z,0.00001999999999999999,0xf1083c2984e351c02e94ba4f19ae82c05db06f3c,sell,0x7654915a1b82d6d2d0afc37c52af556ea8983c7e,0xc9876715e5ad8dfa44c70eda7255915b9edca3bcb10222928edc5fa207c9c8b2
165,463.562954839996,0.01854761738610308,0xb902ba6e3272e66c74035d7e30f4fa9279bd56f9,2017-10-19T19:49:22.000Z,0.00004001099999999999,0xf1083c2984e351c02e94ba4f19ae82c05db06f3c,sell,0x7654915a1b82d6d2d0afc37c52af556ea8983c7e,0x0910eefeff54956ff5ca5804a001fc2de7b723bae79fb77263c13993b1963f39
166,150000,6.0018,0xb902ba6e3272e66c74035d7e30f4fa9279bd56f9,2017-10-19T19:49:22.000Z,0.000040012,0xf1083c2984e351c02e94ba4f19ae82c05db06f3c,sell,0x7654915a1b82d6d2d0afc37c52af556ea8983c7e,0xebfa5e97eaa1cee7f17b63fcbb9d07bd3340924b4a4f89878fa225dd14761ff1
167,5000,0.35,0xbbab400ed56179fc0a099f844fb9764d6593e630,2017-10-19T19:48:45.000Z,0.00007,0xf1083c2984e351c02e94ba4f19ae82c05db06f3c,sell,0x7654915a1b82d6d2d0afc37c52af556ea8983c7e,0x15b2dfe775f1c578cbf0809c8896ccf09c3e15759b0669ccca0b243c7ceee6e9
168,5000,0.5,0x66b3a13cfa1b654f4ea90640071771c6c904b837,2017-10-19T19:48:45.000Z,0.0001,0xf1083c2984e351c02e94ba4f19ae82c05db06f3c,sell,0x7654915a1b82d6d2d0afc37c52af556ea8983c7e,0x8bcf660574fdf618dfc0deb446905f66e7e4381026c9697b9f166d4bf8d52416
169,3416.3,0.4065397,0x9285a6b79a604ac02a58b7cc182fae1bd3f81b6d,2017-10-19T19:48:38.000Z,0.000119,0xf1083c2984e351c02e94ba4f19ae82c05db06f3c,sell,0x7654915a1b82d6d2d0afc37c52af556ea8983c7e,0x42f75697f214126e2a2d463143e2ac4f36125fc70c03f53464162997d51ab235
170,1000,0.121,0x8909e1a4f31fc2214ea6c4a917268b833b00c000,2017-10-19T19:48:38.000Z,0.000121,0xf1083c2984e351c02e94ba4f19ae82c05db06f3c,sell,0x7654915a1b82d6d2d0afc37c52af556ea8983c7e,0x4caee78ff156e03e00124b9c98c96e6b734921293a6d93476540409748e65abb
171,8000,0.952008,0x3dee4a4e076e8d82859d241db0baf46f112cfa23,2017-10-19T19:48:38.000Z,0.000119001,0xf1083c2984e351c02e94ba4f19ae82c05db06f3c,sell,0x7654915a1b82d6d2d0afc37c52af556ea8983c7e,0x10e70a210d0ef37812209ce4bb55773ff64946b0591eae86d5d5e9460fa4dda3
172,36317.088177006226,5.084392344780872,0x2249189fb2eea9d8449196c09cc171a8cf3bac88,2017-10-19T16:08:41.000Z,0.00014,0x6b01bb8b9f5d00a0f0fe8532d2beda1d5d1a42ce,buy,0x7654915a1b82d6d2d0afc37c52af556ea8983c7e,0x71b6ba9a979351a32bb79275a6a0c15ba20a81080907e23f1387c917e2de6fad
173,149536.43704516,5.983102382613897,0xb902ba6e3272e66c74035d7e30f4fa9279bd56f9,2017-10-19T15:23:30.000Z,0.00004001099999999999,0xf1083c2984e351c02e94ba4f19ae82c05db06f3c,sell,0x7654915a1b82d6d2d0afc37c52af556ea8983c7e,0x104a08cf97989dd3270a16a79fea21bccb0411b055379da394cb854faa1163d8
174,10997.217835157691,1.5396104969220767,0x2249189fb2eea9d8449196c09cc171a8cf3bac88,2017-10-19T15:11:29.000Z,0.00014,0x6b01bb8b9f5d00a0f0fe8532d2beda1d5d1a42ce,buy,0x7654915a1b82d6d2d0afc37c52af556ea8983c7e,0xe62f1f180764284991013a6f1870b14435d3654de7ddb90a6399db5bea97cad2
175,14907.425,2.0706413325,0x2249189fb2eea9d8449196c09cc171a8cf3bac88,2017-10-19T15:07:04.000Z,0.0001389,0xf0a1432fd7408bf1deec32def106eb7e5b7d1e86,buy,0x7654915a1b82d6d2d0afc37c52af556ea8983c7e,0xe1140c62a6325b4f9e34db4cd5173e077f94f4467e56f2f4368cc2b396f4520c
176,9206,1.275031,0x2249189fb2eea9d8449196c09cc171a8cf3bac88,2017-10-19T15:05:36.000Z,0.0001385,0xfbf7dc0756a9768d0c71aea5f8421f3b1eaee7d1,buy,0x7654915a1b82d6d2d0afc37c52af556ea8983c7e,0x7c7867484cd9d28953059c6187989266fcd7326ae4171d2ee3fc34bb530b230c
177,1,0.0001385,0x6cdea8e07bf82d7a07dbf36642d6e5be8623845c,2017-10-19T14:29:37.000Z,0.0001385,0xfbf7dc0756a9768d0c71aea5f8421f3b1eaee7d1,buy,0x7654915a1b82d6d2d0afc37c52af556ea8983c7e,0x607ab2d5da20be6543c104f5c73b4439aef983ab5fc2f55a77b4ee3bf29db4ec
178,285,0.0394725,0xc370be1c1ce33e0f69ce376640fac9a5dc2bbb10,2017-10-19T13:25:28.000Z,0.0001385,0xfbf7dc0756a9768d0c71aea5f8421f3b1eaee7d1,buy,0x7654915a1b82d6d2d0afc37c52af556ea8983c7e,0xef4caf44d198e270cd58a971a4b5b108c8ec3840069c366cd989c1530f60b612
179,0.000106789769179856,0.000000014843777916,0xf0a1432fd7408bf1deec32def106eb7e5b7d1e86,2017-10-19T12:51:47.000Z,0.00013900000000000015,0xfbf7dc0756a9768d0c71aea5f8421f3b1eaee7d1,buy,0x7654915a1b82d6d2d0afc37c52af556ea8983c7e,0xf656eb33a83de5e4af40cb32fdeecbf230044b7f5d4f8831e5803083b296ddaf
180,814,0.113146,0xa8c051c6d78bd4a739038a7036425728c4073659,2017-10-19T11:42:48.000Z,0.000139,0xfbf7dc0756a9768d0c71aea5f8421f3b1eaee7d1,buy,0x7654915a1b82d6d2d0afc37c52af556ea8983c7e,0x10960f199e96bd7c58865a263cd45e23159a325116eea8fcdf851157a4116f9f
181,8000,0.96008,0x3dee4a4e076e8d82859d241db0baf46f112cfa23,2017-10-19T09:12:42.000Z,0.00012001,0x6b01bb8b9f5d00a0f0fe8532d2beda1d5d1a42ce,sell,0x7654915a1b82d6d2d0afc37c52af556ea8983c7e,0xab813f2d699d9d50b96fb285f0873f72de8af48a8472abcb6730757b49c16e47
182,50000,6,0x175fba24c47703c62dd2d96dcf8fbe785c262e3b,2017-10-19T09:12:18.000Z,0.00012,0x6b01bb8b9f5d00a0f0fe8532d2beda1d5d1a42ce,sell,0x7654915a1b82d6d2d0afc37c52af556ea8983c7e,0x2e76bff7373b09cc1dd7738283a78a759f111b7c19133081c321b7c23e86f876
183,2866.32,0.3726216,0x3fd78b4d276b66280aa2ac6cb4e24063724c36b6,2017-10-19T09:12:18.000Z,0.00013,0x6b01bb8b9f5d00a0f0fe8532d2beda1d5d1a42ce,sell,0x7654915a1b82d6d2d0afc37c52af556ea8983c7e,0x9839bce2e4cf4d2f230bf4e619ac46a6f74a47d01fa491997e2a717a2f1cd977
184,65,0.009035,0xa41ceb74324fd3369f7dc24c05aa2e895096c293,2017-10-19T08:48:03.000Z,0.000139,0x6b01bb8b9f5d00a0f0fe8532d2beda1d5d1a42ce,sell,0x7654915a1b82d6d2d0afc37c52af556ea8983c7e,0x2b9486147590e2cdbce5757c0a8196fedc38593cfe91ebb54daa57180bc5c6db
185,740,0.1006474,0x7a2180e4f4558d57275d5cec73bc6a29d68b5a39,2017-10-19T08:48:03.000Z,0.00013601,0x6b01bb8b9f5d00a0f0fe8532d2beda1d5d1a42ce,sell,0x7654915a1b82d6d2d0afc37c52af556ea8983c7e,0x248e4cf18490b2b14b5be82cad5fc8ccafb31e19f3ea2cdcdf00832cc841326e
186,1667.1677613151712,0.22848534168824422,0xd0d089fe18092dcb94a1a06b2496a5b9a611d3a5,2017-10-19T08:48:03.000Z,0.00013705,0x6b01bb8b9f5d00a0f0fe8532d2beda1d5d1a42ce,sell,0x7654915a1b82d6d2d0afc37c52af556ea8983c7e,0x26375f6d0422cef3617b6a6e660133b94fe764818dc725a4aeb6766590493934
187,7636.018,1.06904252,0xfbf7dc0756a9768d0c71aea5f8421f3b1eaee7d1,2017-10-19T08:45:58.000Z,0.00014,0x6b01bb8b9f5d00a0f0fe8532d2beda1d5d1a42ce,sell,0x7654915a1b82d6d2d0afc37c52af556ea8983c7e,0x0d6c4677c891507b49e295b81184b6acaa2f34e9e045e4d49795544faf12d6fd
188,2363.9816568637225,0.33095743196092114,0xfbf7dc0756a9768d0c71aea5f8421f3b1eaee7d1,2017-10-19T08:25:12.000Z,0.00014,0xd641a322ee618745bd37689299ab0c0670813f05,sell,0x7654915a1b82d6d2d0afc37c52af556ea8983c7e,0xacdd661104136fe880f92571755f2f7966ffcba31675ac42f221027983d04379
189,186.73684210526315,0.03548,0xa8c051c6d78bd4a739038a7036425728c4073659,2017-10-19T04:20:37.000Z,0.00019,0xc370be1c1ce33e0f69ce376640fac9a5dc2bbb10,buy,0x7654915a1b82d6d2d0afc37c52af556ea8983c7e,0x434f4ba04834bd6b463fec4c157ef3326ed4414d56345ba6a2a51d2dab4de9ee
190,144.1122520187419,0.019750584139168578,0xd0d089fe18092dcb94a1a06b2496a5b9a611d3a5,2017-10-18T22:42:47.000Z,0.00013705,0xedae02adfb1425f4d0788b9751f55e2ffafb97df,sell,0x7654915a1b82d6d2d0afc37c52af556ea8983c7e,0xede9c0b4bb7ddb6bf315b631c3f845559c2bfdb6603b4ea689e6a39d000c07be
191,51,0.005100051,0xf36990a2cb4d609e0a7d4f3bf884c0342d81fd3d,2017-10-18T21:06:21.000Z,0.000100001,0xedae02adfb1425f4d0788b9751f55e2ffafb97df,sell,0x7654915a1b82d6d2d0afc37c52af556ea8983c7e,0x89ae7c3c6a13b91842a15e7a3d4ecb18960dc50e4b04575ca88bdd07219f9e64
192,1,0.0002,0x3ac636ac5c3a2576156ac5f10066ca68abe0ad54,2017-10-18T16:50:07.000Z,0.0002,0x105b56ba2872f70e14c079a666fc494f03437900,buy,0x7654915a1b82d6d2d0afc37c52af556ea8983c7e,0x022e8810c563ddefba3ab98a461d28dd0aee8c27b8f089ba8ee2731e91b54383
193,2.6315789473684212,0.0005,0xf9695cd65d6dfdf257fab76a3eb0cb8f001971cc,2017-10-18T15:17:18.000Z,0.00019,0xc370be1c1ce33e0f69ce376640fac9a5dc2bbb10,buy,0x7654915a1b82d6d2d0afc37c52af556ea8983c7e,0x94e30237831fe54318dbb17c2f098fc7ed587b8a2d14cd1dd6eb2687401295d9
194,2.6315789473684212,0.0005,0x379374d13077e8867ef31803c37baf9785a17c00,2017-10-18T15:17:16.000Z,0.00019,0xc370be1c1ce33e0f69ce376640fac9a5dc2bbb10,buy,0x7654915a1b82d6d2d0afc37c52af556ea8983c7e,0x5c51293934fd34e71673b89749d8dd063fc2aca3f15d1178bd0008db9ed0abf7
195,306.89851460472534,0.04173819798624265,0xfbf7dc0756a9768d0c71aea5f8421f3b1eaee7d1,2017-10-18T14:32:03.000Z,0.000136,0xc419aaf9bccf716857f590dc029b7bbef339194a,sell,0x7654915a1b82d6d2d0afc37c52af556ea8983c7e,0x865e98093f22998ded99dbd6ff1eecbc03d02fd82b4cab06685d0f0e7d6cf8a3
196,1405.35,0.24593625,0x209be9264f9888b5e2506add070ffbd4557c1bfd,2017-10-18T07:41:08.000Z,0.000175,0x6de8449c0f9e484baa9022469362fbfcfc6f30b3,buy,0x7654915a1b82d6d2d0afc37c52af556ea8983c7e,0x1df3083d399b10a5da00f8fe0cbea586c74a883364c057f1beab348dac0e07d7
197,544.0517523197808,0.09248879789436273,0x209be9264f9888b5e2506add070ffbd4557c1bfd,2017-10-18T07:33:40.000Z,0.00017,0x105b56ba2872f70e14c079a666fc494f03437900,buy,0x7654915a1b82d6d2d0afc37c52af556ea8983c7e,0xece463ac512fd8710c922116c778c127a2c4e7f50dc56e3ca87168d08636e33b
198,0.41758792021924707,0.000070989946437272,0x209be9264f9888b5e2506add070ffbd4557c1bfd,2017-10-18T07:31:33.000Z,0.00017,0x105b56ba2872f70e14c079a666fc494f03437900,buy,0x7654915a1b82d6d2d0afc37c52af556ea8983c7e,0xbb78aa8df9f6049323c40b7e4bfd7247b99618be2c21f9868aafa201f607a32e
199,490.9888515601635,0.06382855070282126,0x3fd78b4d276b66280aa2ac6cb4e24063724c36b6,2017-10-18T01:22:57.000Z,0.00013,0x3b7bbdfaa282b9ffad49bf635468751c15f29586,sell,0x7654915a1b82d6d2d0afc37c52af556ea8983c7e,0x778287dc6a26d417c3762d426d9a46deb2905a826e3bd7fbd028fa1e9f478cf3
200,18253.983,2.55555762,0x2249189fb2eea9d8449196c09cc171a8cf3bac88,2017-10-17T20:23:46.000Z,0.00014,0x6b01bb8b9f5d00a0f0fe8532d2beda1d5d1a42ce,buy,0x7654915a1b82d6d2d0afc37c52af556ea8983c7e,0x877ba6535b0dcdba91d2c4dbe98b1496b66666e890eac93246e0971e7a258c30
201,99.69095803010667,0.012959824543913867,0x3fd78b4d276b66280aa2ac6cb4e24063724c36b6,2017-10-17T20:21:24.000Z,0.00013,0x9d384fe998564e20926deb1f9bcafcc071cdd4e9,sell,0x7654915a1b82d6d2d0afc37c52af556ea8983c7e,0x93e2a8e075c09718e24702203643a10ec7b28fe6c427b4cbf3589e8f25c9e3d8
202,3.125,0.0005,0x16e5d97bbc92417e051e3b2cabfbf8ceea2acb9c,2017-10-17T17:50:21.000Z,0.00016,0x6b01bb8b9f5d00a0f0fe8532d2beda1d5d1a42ce,buy,0x7654915a1b82d6d2d0afc37c52af556ea8983c7e,0x8e741dfc36f4b72a94f458df72c2843aace42ed91af238de71ae8f4aeca75b34
203,543,0.07059,0x3fd78b4d276b66280aa2ac6cb4e24063724c36b6,2017-10-17T16:26:45.000Z,0.00013,0x9109026a60a2f7011510b1e331d19d1c3135b76d,sell,0x7654915a1b82d6d2d0afc37c52af556ea8983c7e,0xdfdd99bcd5b957f62ec35415cfda66784ba9442ad4028887715c7fd018e7de4f
204,1899.9049011595525,0.30398478418552843,0x6ae7fe0f65729ab17d26c82a4304508f9f268cc0,2017-10-17T08:45:19.000Z,0.00016,0x6b01bb8b9f5d00a0f0fe8532d2beda1d5d1a42ce,buy,0x7654915a1b82d6d2d0afc37c52af556ea8983c7e,0xa6fb7e198fbc14858d6c954ad1ce7c5f1a57935239a5d9ee47836e107ec2824e
205,2500,0.4,0x840bb9fc0217f8e4b57200af6a8a794b71f00e20,2017-10-17T07:47:30.000Z,0.00016,0x6b01bb8b9f5d00a0f0fe8532d2beda1d5d1a42ce,buy,0x7654915a1b82d6d2d0afc37c52af556ea8983c7e,0x00cdd166e33a48f30e2a6ad1cda2db2c0e3c9866e5f561904b18784ebe0ab76a
206,299.0728820956103,0.040374839082907385,0x46dc6b56513ae75026900e7fd27aaf835cd0163a,2017-10-17T06:43:03.000Z,0.000135,0x1d2cadab05cb50a822c672498c5e59ba82dab549,sell,0x7654915a1b82d6d2d0afc37c52af556ea8983c7e,0x272ee38ddb11f356cfbfe33e72cb85230bf874707a7c5ec04de8301d8966407f
207,3.125,0.0005,0xcd912af5286dc0b0a23edb30209734ecb60838b3,2017-10-17T05:29:19.000Z,0.00016,0x6b01bb8b9f5d00a0f0fe8532d2beda1d5d1a42ce,buy,0x7654915a1b82d6d2d0afc37c52af556ea8983c7e,0x5a1c9cd99853cd3255a226f07c913bfe1ba11d4bc795a05a4921f6edb0d09ba6
208,2930.416873021425,0.3956062778578924,0x46dc6b56513ae75026900e7fd27aaf835cd0163a,2017-10-17T05:28:33.000Z,0.000135,0x034f9cdf0bb6520f9e91fd941c2ee55e106eea67,sell,0x7654915a1b82d6d2d0afc37c52af556ea8983c7e,0x84a48a544faa29db2638ce350b6973de787dcc4317dc93b244e07d1fd0d04f09
209,2000,0.2782,0x18e776883c86b5822e6bd6484419f03c100ff83b,2017-10-17T05:28:01.000Z,0.0001391,0x034f9cdf0bb6520f9e91fd941c2ee55e106eea67,sell,0x7654915a1b82d6d2d0afc37c52af556ea8983c7e,0xfe720963234b1dc1bfd2ad8fec145f073d1f8da5c8973e04e4b72630a2365265
210,3500,0.4732,0x3ae106e9f283215b2fbb7b4f5124cd7e20d88a13,2017-10-17T05:28:01.000Z,0.0001352,0x034f9cdf0bb6520f9e91fd941c2ee55e106eea67,sell,0x7654915a1b82d6d2d0afc37c52af556ea8983c7e,0x0f6c8271f7fab268d49d29f8194faefe094c55fa0f0716f8e28e0bfe090ffb07
211,3710.762,0.515795918,0x3fd78b4d276b66280aa2ac6cb4e24063724c36b6,2017-10-16T23:07:18.000Z,0.000139,0x3bf6e8e9759fe42f1f1a43a2d30fad255dec01fe,sell,0x7654915a1b82d6d2d0afc37c52af556ea8983c7e,0x865bec84f73787f6abfabade6f2360cb2e5c52b49e5bcc849a94d47d590db9e1
212,45.47701075734143,0.006321304495270459,0x3fd78b4d276b66280aa2ac6cb4e24063724c36b6,2017-10-16T22:40:50.000Z,0.000139,0xd7d50f11a76ba86b038706e61ef6eff1921f3ed9,sell,0x7654915a1b82d6d2d0afc37c52af556ea8983c7e,0x06d60f83950544435ea75242853032af725eefd5807f130fba5f50fa44c634b6
213,4939.581,0.74093715,0x6ae7fe0f65729ab17d26c82a4304508f9f268cc0,2017-10-16T22:40:08.000Z,0.00015,0xd7d50f11a76ba86b038706e61ef6eff1921f3ed9,sell,0x7654915a1b82d6d2d0afc37c52af556ea8983c7e,0xb57bd368f08e20a6c5eb167bcbe0c4c00b83fb4c4e62598ae9b12dd8c7ac711c
214,60.418702023726446,0.009062805303558966,0x6ae7fe0f65729ab17d26c82a4304508f9f268cc0,2017-10-16T17:22:51.000Z,0.00015,0x154a2928d8186c2dae1052faf2e02890b4f55358,sell,0x7654915a1b82d6d2d0afc37c52af556ea8983c7e,0xd9c711426d3b06062b3ef5a12374cad241401257dcc2614ef1d71a5b25b2b2ca
215,1559.8539460855168,0.2339780919128275,0x6ae7fe0f65729ab17d26c82a4304508f9f268cc0,2017-10-16T16:15:34.000Z,0.00015,0x3dee4a4e076e8d82859d241db0baf46f112cfa23,sell,0x7654915a1b82d6d2d0afc37c52af556ea8983c7e,0x49da24f7fd03c6e28a50afa0ebfe22aee425cc0886193626fb15fa66f8f2ce34
216,60.606,0.00999999,0x154a2928d8186c2dae1052faf2e02890b4f55358,2017-10-16T16:12:22.000Z,0.000165,0x3dee4a4e076e8d82859d241db0baf46f112cfa23,buy,0x7654915a1b82d6d2d0afc37c52af556ea8983c7e,0xdd554e6cffe11f8cce2231353f2e70dbd44368f555516e6df6ddc63bb44e343c
217,0.008853085654471139,0.8853085654471139,0x72eb259aa67f094b5429d0980b65471816c82598,2017-10-16T14:57:40.000Z,100,0x584e9c20775461884c00bba8e16ccf215e1a5efb,buy,0x7654915a1b82d6d2d0afc37c52af556ea8983c7e,0xf9d62b8ea7ac018f4059663d480a46bb6928490168faa8f7b5fb25591d4f163c
218,243.76096736118035,0.03388277446320407,0x3fd78b4d276b66280aa2ac6cb4e24063724c36b6,2017-10-16T12:49:07.000Z,0.000139,0xb5b23ff755c1c62b637114e932ff914a159eeafb,sell,0x7654915a1b82d6d2d0afc37c52af556ea8983c7e,0x17e4987098fb65fc534e373cf8b9bcb1cd30cb2b1c8634ba471daa7ff9239ce3
219,264.98379080279307,0.03577307674216786,0xd0d089fe18092dcb94a1a06b2496a5b9a611d3a5,2017-10-16T10:06:28.000Z,0.000135001,0xaacb1d6bc66184dd9ed0482c20219bc67e45d457,sell,0x7654915a1b82d6d2d0afc37c52af556ea8983c7e,0xcb1604cb2836779ee7fbc40949fa1d64589f1ff89e56ea50012d6c3c99c88f89
220,652.4055428172665,0.09003196490878278,0xf082e67d73561f40c30a9cd41a1b24999ef57362,2017-10-16T09:45:58.000Z,0.000138,0xaacb1d6bc66184dd9ed0482c20219bc67e45d457,sell,0x7654915a1b82d6d2d0afc37c52af556ea8983c7e,0x59ef9082add0275dd762f0fa3e837e05e816de766d211fff498a7185af4db5c8
221,697.8367062107467,0.09630146545708304,0xf082e67d73561f40c30a9cd41a1b24999ef57362,2017-10-16T02:39:07.000Z,0.000138,0x641cb1df2da593b9c0685bcb235c91a8cf07f3ef,sell,0x7654915a1b82d6d2d0afc37c52af556ea8983c7e,0x24213915dbeb60475481830992ef3c7be0c0d504d00f71d9fb13713ba17fd357
222,5000,0.845,0x8914077d965fb07df742b0a085fb0e09a74249ca,2017-10-15T18:40:25.000Z,0.000169,0x6de8449c0f9e484baa9022469362fbfcfc6f30b3,buy,0x7654915a1b82d6d2d0afc37c52af556ea8983c7e,0xf548a9133527feadca5d745c1f6680dc84a03cf08a6027065c6fd5644e2206ea
223,714,0.1071,0x8914077d965fb07df742b0a085fb0e09a74249ca,2017-10-15T18:32:04.000Z,0.00015,0x6dbac74f06921dc4c88ecb11dabdd4950d5b6b31,buy,0x7654915a1b82d6d2d0afc37c52af556ea8983c7e,0xbf217663b98062965ae4696f42b127aed69f51a57e3a4f9425f8cfa54b1c980f
224,395.8637,0.0589836913,0x8914077d965fb07df742b0a085fb0e09a74249ca,2017-10-15T18:30:48.000Z,0.000149,0xe1e1d0d73eeb29d0632bc4c7871bfc74dbed0741,buy,0x7654915a1b82d6d2d0afc37c52af556ea8983c7e,0x3a32167e9200c6b772e3ebad0ff93894e1bbcfd7120d66f1f51af862769ba076
225,459.75775097198687,0.06344656963413418,0xf082e67d73561f40c30a9cd41a1b24999ef57362,2017-10-15T18:11:15.000Z,0.000138,0x6b8db9d872f808cd0bff94b33009c8fdf302d0ec,sell,0x7654915a1b82d6d2d0afc37c52af556ea8983c7e,0x938a88bf8214a7ee712bff199fb43d8ae50cfc965d8ef9fa3753f84b5e7ece46
226,199.46142235711702,0.02593018436784757,0x3dee4a4e076e8d82859d241db0baf46f112cfa23,2017-10-15T14:07:47.000Z,0.00013000099999999998,0x42da161a723c565342d0fc6b1dae17bc2b1b6fee,sell,0x7654915a1b82d6d2d0afc37c52af556ea8983c7e,0x0950716c7243964ba4d431ce547466f110253dd214071dc2c08a50ebede4b766
227,229.28920346924534,0.029807825740205362,0x3dee4a4e076e8d82859d241db0baf46f112cfa23,2017-10-15T08:08:57.000Z,0.00013000099999999998,0xa1888d9f5f0763b6d5fd247565d38b631c68c7e8,sell,0x7654915a1b82d6d2d0afc37c52af556ea8983c7e,0xa1431ad6fc820273a50e46788bedbf933e1f677ce6173a7d6dccad05da033ba4
228,787.8887274762004,0.102427110349361,0xd0d089fe18092dcb94a1a06b2496a5b9a611d3a5,2017-10-15T06:13:47.000Z,0.000130002,0xb41a84ae7ae518633f1eea1d4f4d13c4cf8dd6a7,sell,0x7654915a1b82d6d2d0afc37c52af556ea8983c7e,0x012db284c96c6d2e2363ba63c44d4a19f2514c261be7f52dfba7309199788a54
229,49,0.004900049,0xf36990a2cb4d609e0a7d4f3bf884c0342d81fd3d,2017-10-15T04:10:04.000Z,0.000100001,0x190da76f28f98515127233652af70575ce2c9b1c,sell,0x7654915a1b82d6d2d0afc37c52af556ea8983c7e,0xb980c921481ace75605eb88bb147e69aa198f04c67d507b64db2c21b16ebe0e8
230,50,0.007,0x571a197a990a77738f7225849109d2556906e349,2017-10-15T03:08:34.000Z,0.00014,0x190da76f28f98515127233652af70575ce2c9b1c,sell,0x7654915a1b82d6d2d0afc37c52af556ea8983c7e,0x76ba9d33544df9b430fab27843e9b5ad1b35718b795099660da361910a1fd7b9
231,379.32704160621125,0.049313274062890676,0xd0d089fe18092dcb94a1a06b2496a5b9a611d3a5,2017-10-15T02:21:44.000Z,0.000130002,0xb792af1087c983073125d1e66fe2847fe5f9ffd1,sell,0x7654915a1b82d6d2d0afc37c52af556ea8983c7e,0x55ec2650934757162425239571c6a28d35d454f430d7f12e8daf8af04a6c3b66
232,1700,0.238,0xc231eaa82eeb80183636303951280f01a26ae74a,2017-10-15T02:16:38.000Z,0.00014,0xb792af1087c983073125d1e66fe2847fe5f9ffd1,sell,0x7654915a1b82d6d2d0afc37c52af556ea8983c7e,0x43f0b4ba838089a8c978d8df09859d9ebc75f7732c17a77428efd31dbb441b41
233,2001.545,0.2802163,0x41d496d95ba5ac3906c74d031f57ab4a9cda23f1,2017-10-14T19:26:28.000Z,0.00014,0xb792af1087c983073125d1e66fe2847fe5f9ffd1,sell,0x7654915a1b82d6d2d0afc37c52af556ea8983c7e,0xb19bf29bc4f6f6d35c159bb4aa57420bde3c9edfb744ca5ee48b8f1436f83993
234,498.45479015053337,0.06978367062107467,0x41d496d95ba5ac3906c74d031f57ab4a9cda23f1,2017-10-14T12:14:23.000Z,0.00014,0x80d6e7d7c215332ebba23d7a3b8362cf9bc1306a,sell,0x7654915a1b82d6d2d0afc37c52af556ea8983c7e,0x9a6b15e3f6e9708831f490b33f02ea5d42ee8a6bf102c85eb62f95c7de35ced0
235,1000,0.169,0xddd169102ae26ac5965c20c74f9beae7cc8b3be5,2017-10-14T10:59:07.000Z,0.000169,0xe5e0cb9240cda562105f27470ab638a7c048a8dc,sell,0x7654915a1b82d6d2d0afc37c52af556ea8983c7e,0x85c186b5c2aae979df6645cae83d8dff7efe323a4e67689f56674e40dfa7427c
236,1196,0.155481196,0x3dee4a4e076e8d82859d241db0baf46f112cfa23,2017-10-14T05:00:30.000Z,0.000130001,0x190da76f28f98515127233652af70575ce2c9b1c,sell,0x7654915a1b82d6d2d0afc37c52af556ea8983c7e,0x4ccdc66542563a072856417dc8d3fb532fd009555892a8dc27b3bf1a2a15a71c
237,243.755,0.03022610751,0xed35a97f2d8ecdcd865560dff4c97cc47d6f98fc,2017-10-14T04:44:18.000Z,0.000124002,0x190da76f28f98515127233652af70575ce2c9b1c,sell,0x7654915a1b82d6d2d0afc37c52af556ea8983c7e,0xc745c81528b410f075f202b0a4c4ed69d4e692aad722230961ff3d6294942940
238,500,0.0655,0xe29b44fee0eaafd6fe2a0a5335ecf9a28cbba386,2017-10-14T04:42:45.000Z,0.000131,0x190da76f28f98515127233652af70575ce2c9b1c,sell,0x7654915a1b82d6d2d0afc37c52af556ea8983c7e,0xbe0bc96d005f9e89a8dc4802f79ed09faa790ea6dd550ea5c125f6f6da7aef21
239,1490.0745464949032,0.18476924376536802,0xff499bba606e85b67b66e29b7405c9771aa3f8d7,2017-10-14T04:42:38.000Z,0.00012399999999999998,0x190da76f28f98515127233652af70575ce2c9b1c,sell,0x7654915a1b82d6d2d0afc37c52af556ea8983c7e,0xbd02d3d9ab3496704519f73649750211425b1bf36aec8503667b18b6a87ccae6
240,591.716,0.100000004,0x87eb8e079ded802c2ee2b34af5641884ae5aec05,2017-10-14T03:18:09.000Z,0.000169,0x6de8449c0f9e484baa9022469362fbfcfc6f30b3,buy,0x7654915a1b82d6d2d0afc37c52af556ea8983c7e,0x057d47f5a1fada05f12466c471222672b5d89585e1903f5fb95d26eb9d81f5e5
241,1000,0.169,0xe58ea8a73b6d7386fbb397d155b3e979d3c65187,2017-10-13T20:58:57.000Z,0.000169,0x6de8449c0f9e484baa9022469362fbfcfc6f30b3,buy,0x7654915a1b82d6d2d0afc37c52af556ea8983c7e,0x6f7a15dfefd89d73df72b9540e727e226c0faaac2110c55d71bf18a7b609d9c6
242,2130.178,0.360000082,0xae75612388179ba8593dfcfb660564c39c29715d,2017-10-13T12:03:02.000Z,0.000169,0x6de8449c0f9e484baa9022469362fbfcfc6f30b3,buy,0x7654915a1b82d6d2d0afc37c52af556ea8983c7e,0x25434a2a509905a553de918c3af31183e44e0808db70d08e148244fb978587bb
243,395.86376133984646,0.0490875022699023,0xe1e1d0d73eeb29d0632bc4c7871bfc74dbed0741,2017-10-13T11:23:28.000Z,0.000124001,0xc51a7c35f6b204b88cd5f66b23259b2c385b036b,sell,0x7654915a1b82d6d2d0afc37c52af556ea8983c7e,0xdf55c55bd9cc0ab69b660e57b115fe3424e8796691f70e55211782f829a1f2bb
244,1200.687,0.148887589374,0x3dee4a4e076e8d82859d241db0baf46f112cfa23,2017-10-13T11:12:35.000Z,0.000124002,0xc51a7c35f6b204b88cd5f66b23259b2c385b036b,sell,0x7654915a1b82d6d2d0afc37c52af556ea8983c7e,0x412dc49ca07cd9ba29526e4095b9b901a8263959af30de0e3913360d0a980213
245,8000,0.988,0x3dee4a4e076e8d82859d241db0baf46f112cfa23,2017-10-13T09:46:54.000Z,0.0001235,0x00ffde76efa9b8a8688a96112ebd0223b7fe7bd1,sell,0x7654915a1b82d6d2d0afc37c52af556ea8983c7e,0x334cbf4f28ed58041fa201112fc81011fe31e1275c4d42bbf6381c8e07491526
246,13957.130088300992,2.3587549849228675,0xfe423f6b9b3aa093cc08831d9b106027f97e132e,2017-10-13T05:42:02.000Z,0.000169,0x6de8449c0f9e484baa9022469362fbfcfc6f30b3,buy,0x7654915a1b82d6d2d0afc37c52af556ea8983c7e,0xef62090947ff8f2353ff85b8ba8f53c814ba19ed3afabf2f0f2d9a99fbe85f4a
247,13915.258698036088,2.4351702721563155,0x02302de0d5ce0613a403311ad572c775a9199909,2017-10-13T05:42:02.000Z,0.000175,0xfe423f6b9b3aa093cc08831d9b106027f97e132e,sell,0x7654915a1b82d6d2d0afc37c52af556ea8983c7e,0xef62090947ff8f2353ff85b8ba8f53c814ba19ed3afabf2f0f2d9a99fbe85f4a
248,84.74130196391188,0.014829727843684576,0x02302de0d5ce0613a403311ad572c775a9199909,2017-10-13T04:59:10.000Z,0.000175,0xc8d8059a6672518ddbcc6b69d4854d2d6c55314e,sell,0x7654915a1b82d6d2d0afc37c52af556ea8983c7e,0x41068d1144743c1ba514b99f434da54bebc6ee654e9f3505ce566c594066cb5e
249,58110.389716293714,10.1693182003514,0x2249189fb2eea9d8449196c09cc171a8cf3bac88,2017-10-13T04:58:14.000Z,0.000175,0x6b01bb8b9f5d00a0f0fe8532d2beda1d5d1a42ce,buy,0x7654915a1b82d6d2d0afc37c52af556ea8983c7e,0x40c671c8a29f90e55f995f04dc9a84970b130645c7f2fe0a1bf150f14cc4db51
250,140,0.0245,0x94ae35eccb921899916b6dd57beefe58e14bd02c,2017-10-13T00:05:05.000Z,0.000175,0x6b01bb8b9f5d00a0f0fe8532d2beda1d5d1a42ce,buy,0x7654915a1b82d6d2d0afc37c52af556ea8983c7e,0x3ec641bda6116da556c28ab0f0a809449918707cabd2cce969d3a322d8305848
251,1860,0.3094296,0x0a09504b72e78c18c4668faaf277d6f62f85b13b,2017-10-12T23:56:50.000Z,0.00016636,0x6b01bb8b9f5d00a0f0fe8532d2beda1d5d1a42ce,sell,0x7654915a1b82d6d2d0afc37c52af556ea8983c7e,0x2425560c6d5829f24e626528914d9af4b85f878cc25109a2126277002418ac45
252,3000,0.48,0xcd7ac50e622d55ad66d37cd9b444f400aaa75669,2017-10-12T23:56:21.000Z,0.00016,0x6b01bb8b9f5d00a0f0fe8532d2beda1d5d1a42ce,sell,0x7654915a1b82d6d2d0afc37c52af556ea8983c7e,0xeb8ebf199a853e84cf260d9c6e7dd5a1c1532f60cecf3b8e6c9f7414fe99e6bd
253,1150.7241671298382,0.2013767292477217,0x9a63a5c363275ec2c2f80af302c60a7809a1e1e2,2017-10-12T21:29:16.000Z,0.000175,0x6b01bb8b9f5d00a0f0fe8532d2beda1d5d1a42ce,buy,0x7654915a1b82d6d2d0afc37c52af556ea8983c7e,0xaba518a19e51878cad567ee2ab62a3406d67a48676d3edea0f0e2751dbfb9987
254,1000,0.175,0x3fd78b4d276b66280aa2ac6cb4e24063724c36b6,2017-10-12T20:09:04.000Z,0.000175,0x6b01bb8b9f5d00a0f0fe8532d2beda1d5d1a42ce,buy,0x7654915a1b82d6d2d0afc37c52af556ea8983c7e,0xc79b8154d56a6614433b69f48ea189d24ccc9eb3fdba303fe35e9eed747f1b7a
255,5717.748043920988,1.0006059076861729,0x66b3a13cfa1b654f4ea90640071771c6c904b837,2017-10-12T17:10:59.000Z,0.000175,0x6b01bb8b9f5d00a0f0fe8532d2beda1d5d1a42ce,buy,0x7654915a1b82d6d2d0afc37c52af556ea8983c7e,0xd2e481f16f8547dd963288340e18e9faee2e6659035b40a697fe7f62b820e33a
256,23428.571,4.099999925,0x73850df49cef8599fce66903d0fad7bfa8ec6307,2017-10-12T17:10:34.000Z,0.000175,0x6b01bb8b9f5d00a0f0fe8532d2beda1d5d1a42ce,buy,0x7654915a1b82d6d2d0afc37c52af556ea8983c7e,0xb1605676eb7132b2eefdb6afb0c413d331aed03adff559b762ea7a8a6b5943c7
257,996.9393951624056,0.17546133354858337,0xe29b44fee0eaafd6fe2a0a5335ecf9a28cbba386,2017-10-12T17:05:54.000Z,0.000176,0x5b1809d0c696b315574ddb640eef453a1331ff5b,sell,0x7654915a1b82d6d2d0afc37c52af556ea8983c7e,0x97fcdffcc6ddb2302981fe26928f49a1b932247702faaaee2d595cba6bc8dbf5
258,3940.5620202380387,0.6895983535416568,0x9a63a5c363275ec2c2f80af302c60a7809a1e1e2,2017-10-12T14:11:35.000Z,0.000175,0x6b01bb8b9f5d00a0f0fe8532d2beda1d5d1a42ce,buy,0x7654915a1b82d6d2d0afc37c52af556ea8983c7e,0x79dcaac7884a46299f11a7d39d716f0da1bb1beebe7879337b3980c4664f7a1a
259,585,0.102375,0x4bf37db6c16f5663e00936986b5b4d5278f84000,2017-10-12T13:11:35.000Z,0.000175,0x6b01bb8b9f5d00a0f0fe8532d2beda1d5d1a42ce,buy,0x7654915a1b82d6d2d0afc37c52af556ea8983c7e,0xbf16cae18f0a6abdc268de369210c622e5f03a5a42f0784a72f358e75caa7dbd
260,250,0.04375,0x9289d2a547961cf4731f8693c513013c51627e45,2017-10-12T09:50:24.000Z,0.000175,0x6b01bb8b9f5d00a0f0fe8532d2beda1d5d1a42ce,buy,0x7654915a1b82d6d2d0afc37c52af556ea8983c7e,0x0e968aa987e4b7e91a8077a9cdf53b9229237126d868f8c04b56afc835cf4914
261,1000,0.175,0xe29b44fee0eaafd6fe2a0a5335ecf9a28cbba386,2017-10-12T09:49:31.000Z,0.000175,0xd0d089fe18092dcb94a1a06b2496a5b9a611d3a5,sell,0x7654915a1b82d6d2d0afc37c52af556ea8983c7e,0xa9df18a5c6c238cb2abaf876390b8c269fa36ee6267ba50216d4574087280d90
262,191.99532087783078,0.033599181153620386,0xc370be1c1ce33e0f69ce376640fac9a5dc2bbb10,2017-10-12T09:12:15.000Z,0.000175,0x6b01bb8b9f5d00a0f0fe8532d2beda1d5d1a42ce,buy,0x7654915a1b82d6d2d0afc37c52af556ea8983c7e,0x3cd3c33b5dc26f0017a5faf1b292f940a04de7f8742c4f4006f1aeec2d9c71b5
263,200,0.035,0x8909e1a4f31fc2214ea6c4a917268b833b00c000,2017-10-12T09:00:02.000Z,0.000175,0x6b01bb8b9f5d00a0f0fe8532d2beda1d5d1a42ce,buy,0x7654915a1b82d6d2d0afc37c52af556ea8983c7e,0xd939f489a361ef6e36a48328b83982c914a17feba13eb89af86420acfebe25c8
264,1000,0.189,0xd6322a849f3e690693f115c380ab40d02172944a,2017-10-12T03:12:25.000Z,0.000189,0x9ec8ff7f76666522476ab75958c95af49904cf88,buy,0x7654915a1b82d6d2d0afc37c52af556ea8983c7e,0x86ce626edb93c4d5aeac92260b56c9309be6fb823cbc2b6fbcffd96d3d2230c5
265,50.00005,0.00945000945,0x1d2cadab05cb50a822c672498c5e59ba82dab549,2017-10-12T02:34:47.000Z,0.000189,0x9ec8ff7f76666522476ab75958c95af49904cf88,buy,0x7654915a1b82d6d2d0afc37c52af556ea8983c7e,0x998979330357640e444f1ca99c70831213b96f320eae9aa34bfab683422249aa
266,2263.577,0.33951391423,0x2249189fb2eea9d8449196c09cc171a8cf3bac88,2017-10-12T01:07:01.000Z,0.00014999,0x2475fe4d7a9d7d2e7908baf6697b801596bf5148,buy,0x7654915a1b82d6d2d0afc37c52af556ea8983c7e,0x0510eb91b2746b94c821c9a0933579e28dba04f29c59ec487f7673b24bc40b6f
267,14904.337,2.23565055,0x2249189fb2eea9d8449196c09cc171a8cf3bac88,2017-10-12T01:04:46.000Z,0.00015,0x6b01bb8b9f5d00a0f0fe8532d2beda1d5d1a42ce,buy,0x7654915a1b82d6d2d0afc37c52af556ea8983c7e,0xf88928bc03ee47d87b7246e3f4d35492e8f7a297d20bf2e3b43bdc18c6d53cea
268,65469.62634530138,9.820443951795207,0x2249189fb2eea9d8449196c09cc171a8cf3bac88,2017-10-12T00:26:56.000Z,0.00015,0x6b01bb8b9f5d00a0f0fe8532d2beda1d5d1a42ce,buy,0x7654915a1b82d6d2d0afc37c52af556ea8983c7e,0x98c6ea0e208b9750d297fc465c68c6429c6e9525479851846da5dc68f079240f
269,6586.7727570122415,0.9880159135518363,0x9a265f1d59e020341ca2b6f4eb20aeec46054414,2017-10-12T00:22:29.000Z,0.00015,0x6b01bb8b9f5d00a0f0fe8532d2beda1d5d1a42ce,buy,0x7654915a1b82d6d2d0afc37c52af556ea8983c7e,0xde2685a6f5f8eb7f672ef8b84d1c73e05eee0e2026d46a428e027f33151daf98
270,21000,3.15,0x4db03b355300c93219bee3f05a5fefa43d65b042,2017-10-12T00:07:05.000Z,0.00015,0x6b01bb8b9f5d00a0f0fe8532d2beda1d5d1a42ce,buy,0x7654915a1b82d6d2d0afc37c52af556ea8983c7e,0x9f0561b6a29af55b8d57f20cdc9e769f500017890662f046039cae70aaba4181
271,59155.2030515129,8.873280457726935,0x2249189fb2eea9d8449196c09cc171a8cf3bac88,2017-10-12T00:03:40.000Z,0.00015,0x6b01bb8b9f5d00a0f0fe8532d2beda1d5d1a42ce,buy,0x7654915a1b82d6d2d0afc37c52af556ea8983c7e,0x488d35c4e6613cd7af2a6f5f1a612e1ab0bd0ad3a487010f9fe36a50a4f9f7d4
272,5250.858923127584,0.7876288384691376,0x9a265f1d59e020341ca2b6f4eb20aeec46054414,2017-10-11T23:51:24.000Z,0.00015,0x6b01bb8b9f5d00a0f0fe8532d2beda1d5d1a42ce,buy,0x7654915a1b82d6d2d0afc37c52af556ea8983c7e,0x5e6bfdcb4ac503c812d309147b455fb5a734fc8fd7b86b91bbf130304da67828
273,52508.47639257888,7.876271458886832,0x2249189fb2eea9d8449196c09cc171a8cf3bac88,2017-10-11T23:29:24.000Z,0.00015,0x6b01bb8b9f5d00a0f0fe8532d2beda1d5d1a42ce,buy,0x7654915a1b82d6d2d0afc37c52af556ea8983c7e,0x9e23ce8b80db930cae9684d1322532b71531d89459c7a306f6fa54759a8715da
274,4699.1912261242705,0.7048786839186406,0x9a265f1d59e020341ca2b6f4eb20aeec46054414,2017-10-11T23:14:39.000Z,0.00015,0x6b01bb8b9f5d00a0f0fe8532d2beda1d5d1a42ce,buy,0x7654915a1b82d6d2d0afc37c52af556ea8983c7e,0x6c9a1b2abbac125854a072b914a3290e9c15b3f8e76bcb5820669e2e97f5ce7b
275,45860.02729205094,6.879004093807641,0x2249189fb2eea9d8449196c09cc171a8cf3bac88,2017-10-11T22:53:44.000Z,0.00015,0x6b01bb8b9f5d00a0f0fe8532d2beda1d5d1a42ce,buy,0x7654915a1b82d6d2d0afc37c52af556ea8983c7e,0xc7db54161000e209e0cf86b6e2c42d6d72a5ce07ecf7a718627a1e0a96f0ef73
276,4253.855919225153,0.6380783878837729,0x9a265f1d59e020341ca2b6f4eb20aeec46054414,2017-10-11T22:51:27.000Z,0.00015,0x6b01bb8b9f5d00a0f0fe8532d2beda1d5d1a42ce,buy,0x7654915a1b82d6d2d0afc37c52af556ea8983c7e,0xcfb9ad2b2fb7f7cf7ffac93279055e1f1b686531190f9c2a1f391026b70b039d
277,1700.113,0.25499994887,0x7397c65675f34d600fc2760c427775abdc6bded1,2017-10-11T22:50:05.000Z,0.00014999,0x2475fe4d7a9d7d2e7908baf6697b801596bf5148,buy,0x7654915a1b82d6d2d0afc37c52af556ea8983c7e,0x670467f4d4c0bd10aa4922c221b4d28d0cc9bcd11a9de186617389eccfaeb538
278,3762.3099015027938,0.5643088621264041,0x9a265f1d59e020341ca2b6f4eb20aeec46054414,2017-10-11T22:11:21.000Z,0.00014999,0x2475fe4d7a9d7d2e7908baf6697b801596bf5148,buy,0x7654915a1b82d6d2d0afc37c52af556ea8983c7e,0x5cb53df71ff4df259537d324c6d501b397cac9f3a240dadceea1b4c2748225e9
279,21933.766562967212,3.290064984445082,0x2249189fb2eea9d8449196c09cc171a8cf3bac88,2017-10-11T21:21:02.000Z,0.00015,0x6b01bb8b9f5d00a0f0fe8532d2beda1d5d1a42ce,buy,0x7654915a1b82d6d2d0afc37c52af556ea8983c7e,0x4a1095608edb9c710324baeb79871aaf0c6149490ee465e84ab265ef351f0408
280,21933.766562967212,3.290064984445082,0x2249189fb2eea9d8449196c09cc171a8cf3bac88,2017-10-11T21:19:19.000Z,0.00015,0x6b01bb8b9f5d00a0f0fe8532d2beda1d5d1a42ce,buy,0x7654915a1b82d6d2d0afc37c52af556ea8983c7e,0x4a1095608edb9c710324baeb79871aaf0c6149490ee465e84ab265ef351f0408
281,14089.655401588408,2.1134483102382613,0x1c90421773db63923e2049a569761d0fd7f286a5,2017-10-11T21:05:35.000Z,0.00015,0x6b01bb8b9f5d00a0f0fe8532d2beda1d5d1a42ce,buy,0x7654915a1b82d6d2d0afc37c52af556ea8983c7e,0xda9b26096041c21bb0217e3892efc5bb15344506382bf50e890454dd77080ad9
282,17612.39312411348,2.6418589686170226,0x2249189fb2eea9d8449196c09cc171a8cf3bac88,2017-10-11T20:59:03.000Z,0.00015,0x6b01bb8b9f5d00a0f0fe8532d2beda1d5d1a42ce,buy,0x7654915a1b82d6d2d0afc37c52af556ea8983c7e,0x6a65d2c226b9db7f772a5678c83bb86b51e9ec18e7fc2a15a20b91d848a4cc27
283,8.835942515165053,0.001325391377274758,0x1c90421773db63923e2049a569761d0fd7f286a5,2017-10-11T20:47:10.000Z,0.00015,0x6b01bb8b9f5d00a0f0fe8532d2beda1d5d1a42ce,buy,0x7654915a1b82d6d2d0afc37c52af556ea8983c7e,0xae364d8728b42840054ff31b9ccdfc279def3ab1cf2fb8122a0ea0487d1eff6d
284,1500,0.2415,0x46dca6a781653c3e83cbfefb0bef4fc569d61535,2017-10-11T19:56:02.000Z,0.000161,0x6b01bb8b9f5d00a0f0fe8532d2beda1d5d1a42ce,sell,0x7654915a1b82d6d2d0afc37c52af556ea8983c7e,0x02f9f31491b6aa898fa5b1f15cc4a0b7d74cec739123da86435cfa804347bd29
285,200,0.03458,0xe27f4c474d7c027dfa91c129563d85d5d5fd785d,2017-10-11T19:55:34.000Z,0.0001729,0x6b01bb8b9f5d00a0f0fe8532d2beda1d5d1a42ce,sell,0x7654915a1b82d6d2d0afc37c52af556ea8983c7e,0x394ba5f17a6a9ba200081de49905f776309083ef80f7722f89b9246586939a87
286,2000,0.3458,0xe27f4c474d7c027dfa91c129563d85d5d5fd785d,2017-10-11T19:53:54.000Z,0.0001729,0x6b01bb8b9f5d00a0f0fe8532d2beda1d5d1a42ce,sell,0x7654915a1b82d6d2d0afc37c52af556ea8983c7e,0x85be9dcd21917b4f2e11059cbca29faf4a17702bad898b01c449f7ff58225145
287,150,0.025935,0xd0d089fe18092dcb94a1a06b2496a5b9a611d3a5,2017-10-11T17:17:31.000Z,0.0001729,0x971f30c325d9924ad472adf0bf98702502baad93,buy,0x7654915a1b82d6d2d0afc37c52af556ea8983c7e,0xdb47c7a8245446012eb1748b92706100646d01341a223bc383fa16b57e45b716
288,384.931,0.06656996714,0xd0d089fe18092dcb94a1a06b2496a5b9a611d3a5,2017-10-11T17:16:12.000Z,0.00017294,0x951571ecb267b433469ef2c50f4c7b74b1d631f7,buy,0x7654915a1b82d6d2d0afc37c52af556ea8983c7e,0x608c8967ea4281d34460a7fa021ae29737cb0a8decd1c175ade6b51d0d7588ab
289,665.053,0.116384275,0x8af43b4af53ede78e4186de00cdb68776527ea69,2017-10-11T17:15:36.000Z,0.000175,0xd0d089fe18092dcb94a1a06b2496a5b9a611d3a5,sell,0x7654915a1b82d6d2d0afc37c52af556ea8983c7e,0x8354f71da01042c91b56315951065fdd8e0150042aeafdc25d3487cf12ebcb69
290,984.9467091441036,0.17236567410021814,0x8af43b4af53ede78e4186de00cdb68776527ea69,2017-10-11T17:05:09.000Z,0.000175,0xd0d089fe18092dcb94a1a06b2496a5b9a611d3a5,sell,0x7654915a1b82d6d2d0afc37c52af556ea8983c7e,0x798ebd685fbe28f6237c9c3407dc2f6dc3ef208a3c9649d34a1aa7aa61768e65
291,2064.903,0.35712497385,0xd0d089fe18092dcb94a1a06b2496a5b9a611d3a5,2017-10-11T17:04:22.000Z,0.00017295,0xab1c3fe36b581c61887229b60b65007a9b71d18b,buy,0x7654915a1b82d6d2d0afc37c52af556ea8983c7e,0xd4f2602a0bc1f33b047e8625f03fdbecce6489d53d84ef64a2d9afb729fb81df
292,250,0.043235,0x9289d2a547961cf4731f8693c513013c51627e45,2017-10-11T10:45:51.000Z,0.00017294,0x951571ecb267b433469ef2c50f4c7b74b1d631f7,buy,0x7654915a1b82d6d2d0afc37c52af556ea8983c7e,0x6b0aeb19149b445ab5747c2f1a3cd97f103ec71580592ed6e52a0fc2b3e424d8
293,2365.244666763213,0.40904541267003003,0xe5e0cb9240cda562105f27470ab638a7c048a8dc,2017-10-11T09:44:00.000Z,0.00017294,0x951571ecb267b433469ef2c50f4c7b74b1d631f7,buy,0x7654915a1b82d6d2d0afc37c52af556ea8983c7e,0x69c2463bea01f29589fd96e825c547af8f2dc71049305375950f993d9566f5ac
294,2000,0.3459,0x18e776883c86b5822e6bd6484419f03c100ff83b,2017-10-11T07:50:15.000Z,0.00017295,0xd0d089fe18092dcb94a1a06b2496a5b9a611d3a5,sell,0x7654915a1b82d6d2d0afc37c52af556ea8983c7e,0x78ab9d596cde7eb916b76fb0ac72409fa8baee0989b44a1e74958d174154ae03
295,2000,0.3459,0x18e776883c86b5822e6bd6484419f03c100ff83b,2017-10-11T07:49:00.000Z,0.00017295,0xd0d089fe18092dcb94a1a06b2496a5b9a611d3a5,sell,0x7654915a1b82d6d2d0afc37c52af556ea8983c7e,0x18091acd94932a0b500af9090fac88ba1aa16b96a783d36eaa58e552f13be51d
296,5435.097,0.94000002615,0x6d008ff3111a579c78bd82a084cddea109d6f5e0,2017-10-11T03:41:17.000Z,0.00017295,0xab1c3fe36b581c61887229b60b65007a9b71d18b,buy,0x7654915a1b82d6d2d0afc37c52af556ea8983c7e,0x60b500d53db08fe2eca05963ffff688bdee839755139f5d40942b38013186c4c
297,3,0.000519,0xbf52f67f8524587d6a7ab1f1f8d092c635b9587f,2017-10-10T22:25:15.000Z,0.000173,0xf2a8c6ec5b1b7ec1361dee7dbda95c7b2ff95acb,buy,0x7654915a1b82d6d2d0afc37c52af556ea8983c7e,0xbfb718a58cb7dffbcd6b07022ff6c08e1636ff9d45ac7f858b9f7d15d0baee2a
298,300,0.045,0xdcdbb380953c9cfa4f51a8d9f80d88b9a362e707,2017-10-10T21:29:41.000Z,0.00015,0x6b01bb8b9f5d00a0f0fe8532d2beda1d5d1a42ce,sell,0x7654915a1b82d6d2d0afc37c52af556ea8983c7e,0x23c09fca47cbde08e221d7c6e1b1eb89fb4d08894d24480d0de31000ce09ca7e
299,3333,0.50011665,0x46dca6a781653c3e83cbfefb0bef4fc569d61535,2017-10-10T21:28:53.000Z,0.00015005,0x6b01bb8b9f5d00a0f0fe8532d2beda1d5d1a42ce,sell,0x7654915a1b82d6d2d0afc37c52af556ea8983c7e,0x429ca6a8ec0b58c18c96d357d3584a3bd131167700fdd45379a91b707bbffbc6
300,5000,0.750255,0xd0d089fe18092dcb94a1a06b2496a5b9a611d3a5,2017-10-10T21:28:00.000Z,0.000150051,0x6b01bb8b9f5d00a0f0fe8532d2beda1d5d1a42ce,sell,0x7654915a1b82d6d2d0afc37c52af556ea8983c7e,0x1add1930ee3bc74c7845501390233ad70a42221c2a966d3a53cdf8b773aecd88
301,4000,0.60024,0x3dee4a4e076e8d82859d241db0baf46f112cfa23,2017-10-10T21:02:06.000Z,0.00015006,0x9a63a5c363275ec2c2f80af302c60a7809a1e1e2,sell,0x7654915a1b82d6d2d0afc37c52af556ea8983c7e,0x770b520cb998061d4f516c0c17f1cd526cae757a5e7dbaeafb75ffa0d9f4276e
302,316.12,0.047418,0x6d008ff3111a579c78bd82a084cddea109d6f5e0,2017-10-10T17:37:52.000Z,0.00015,0xd1d5836aaa97b09f414a5b8726dd7e8af477f21d,buy,0x7654915a1b82d6d2d0afc37c52af556ea8983c7e,0x40e1e507ace0122ca03b7b58ed90555c95097c9c52fe10c83ba4568945c56a9d
303,106.667,0.01600005,0xdcdbb380953c9cfa4f51a8d9f80d88b9a362e707,2017-10-10T17:28:42.000Z,0.00015,0xd1d5836aaa97b09f414a5b8726dd7e8af477f21d,buy,0x7654915a1b82d6d2d0afc37c52af556ea8983c7e,0x58524ebd813a950eb8554f1d874c2fd135de78fe89c6e93a26b9968150515b8f
304,197,0.02955985,0xdcdbb380953c9cfa4f51a8d9f80d88b9a362e707,2017-10-10T17:22:12.000Z,0.00015005,0xf2a8c6ec5b1b7ec1361dee7dbda95c7b2ff95acb,buy,0x7654915a1b82d6d2d0afc37c52af556ea8983c7e,0x51628e6a1ad2451d20fd0a444b534a9f5a9d99ab98a7b752ca85cfcdc852356c
305,629.8044216006517,0.11021577378011406,0x9a63a5c363275ec2c2f80af302c60a7809a1e1e2,2017-10-10T09:00:32.000Z,0.000175,0x6b01bb8b9f5d00a0f0fe8532d2beda1d5d1a42ce,buy,0x7654915a1b82d6d2d0afc37c52af556ea8983c7e,0x294d41db685c6d4d6cf163e6d8b3ec85d469800368db591e8cf34f8b2b4980f2
306,543.8331173362576,0.081580405931612,0x3dee4a4e076e8d82859d241db0baf46f112cfa23,2017-10-10T08:09:16.000Z,0.00015000999999999998,0x6c045098b411eae976a0c460cb67c9057a365920,sell,0x7654915a1b82d6d2d0afc37c52af556ea8983c7e,0x5178960567948a7e925f9bc95576bbfb694366c66ba5762baecec669beb325ac
307,1,0.000175,0xdd3b7b82caa14a588410caa5e37bc9c9c02f27ce,2017-10-10T07:34:24.000Z,0.000175,0x6b01bb8b9f5d00a0f0fe8532d2beda1d5d1a42ce,buy,0x7654915a1b82d6d2d0afc37c52af556ea8983c7e,0x05f1a568db7965fdb6c05a3721267fcc6ccdb2c719ad64eb1b670b0ebd5ec5c8
308,12833.259769755226,2.2458204597071645,0x2249189fb2eea9d8449196c09cc171a8cf3bac88,2017-10-10T04:07:00.000Z,0.000175,0x6b01bb8b9f5d00a0f0fe8532d2beda1d5d1a42ce,buy,0x7654915a1b82d6d2d0afc37c52af556ea8983c7e,0x6c6b17db515f0926ffc4eed58ff2b05b1bf4b5600ea6d06bedadc937adcd57b5
309,3598.5195880293622,0.5757631340846979,0xe1e1d0d73eeb29d0632bc4c7871bfc74dbed0741,2017-10-10T03:11:57.000Z,0.00016,0x6b01bb8b9f5d00a0f0fe8532d2beda1d5d1a42ce,buy,0x7654915a1b82d6d2d0afc37c52af556ea8983c7e,0xeadd748016675d217c106cbea504da26ffdbaafd840539d8d3566e0fa23bb4cc
310,87229.58827634333,13.956734124214934,0x0ee1413b0fe144f279b2bb46d025d326b0f2bbcc,2017-10-10T02:31:40.000Z,0.00016,0x6b01bb8b9f5d00a0f0fe8532d2beda1d5d1a42ce,buy,0x7654915a1b82d6d2d0afc37c52af556ea8983c7e,0xd6d0e9ffaed7256e032509d1889167d1fcd4e8fdec09973a35ea13d62d4aae36
311,600,0.0966,0x946151fa04270a2d81ff3abc7f0648f1767a0fce,2017-10-10T00:26:55.000Z,0.000161,0x6b01bb8b9f5d00a0f0fe8532d2beda1d5d1a42ce,sell,0x7654915a1b82d6d2d0afc37c52af556ea8983c7e,0x735d20dbf6bcbebfe064c367afc3407dbd9be342ddac60dfb33e45521223f388
312,7.425,0.001113920775,0xf0a1432fd7408bf1deec32def106eb7e5b7d1e86,2017-10-10T00:26:55.000Z,0.000150023,0x6b01bb8b9f5d00a0f0fe8532d2beda1d5d1a42ce,sell,0x7654915a1b82d6d2d0afc37c52af556ea8983c7e,0x215ecb4f33cf625101ba74cfbad89d60239b6fab6cbf3648d30fd6e8c34183d4
313,12500,2,0xfc14a10ae3d3b30e852fa2ccdda00075acb14e93,2017-10-09T23:42:51.000Z,0.00016,0x6b01bb8b9f5d00a0f0fe8532d2beda1d5d1a42ce,buy,0x7654915a1b82d6d2d0afc37c52af556ea8983c7e,0xc248dd3be306a15425d92549618a11e3851ba26a08907955ade8d36ee6e22818
314,3638.7249372444257,0.5821959899591082,0x9a265f1d59e020341ca2b6f4eb20aeec46054414,2017-10-09T23:34:16.000Z,0.00016,0x6b01bb8b9f5d00a0f0fe8532d2beda1d5d1a42ce,buy,0x7654915a1b82d6d2d0afc37c52af556ea8983c7e,0x06da61497d203944a7004b5b5441f0c1906d38478700f5c039a3a6ff0cd3ac7f
315,1000,0.16,0x96e1e7ba823796772bbda5c2abe81c8556b5e937,2017-10-09T23:03:25.000Z,0.00016,0x6b01bb8b9f5d00a0f0fe8532d2beda1d5d1a42ce,buy,0x7654915a1b82d6d2d0afc37c52af556ea8983c7e,0x95d1a2f289d4c0f6c5a02eda14c1457ba5106a63fafa853253d4013750be482a
316,1100,0.176,0xacf84ef0630f01208960764afa1317eb2187bd18,2017-10-09T22:45:46.000Z,0.00016,0x6b01bb8b9f5d00a0f0fe8532d2beda1d5d1a42ce,buy,0x7654915a1b82d6d2d0afc37c52af556ea8983c7e,0xfb983777fbf4276d9bd97701427e74ed85db4822e89dafe10c1f77a36393f707
317,49.845498833219295,0.007975279813315087,0x9a265f1d59e020341ca2b6f4eb20aeec46054414,2017-10-09T22:40:03.000Z,0.00016,0x6b01bb8b9f5d00a0f0fe8532d2beda1d5d1a42ce,buy,0x7654915a1b82d6d2d0afc37c52af556ea8983c7e,0xd30827db4ea9cdfcfb3a23da2d67313d0db0731cd35d2bd72d0d7cc1a2bde4d2
318,0.19879602268238125,0.000031807363629181,0x9a265f1d59e020341ca2b6f4eb20aeec46054414,2017-10-09T22:32:25.000Z,0.00016,0x6b01bb8b9f5d00a0f0fe8532d2beda1d5d1a42ce,buy,0x7654915a1b82d6d2d0afc37c52af556ea8983c7e,0x8245c4ccdb7f0a66f0866594bbe924da764bda6fc10dfecd4ef9f51d334ba1cf
319,1994.122903526975,0.319059664564316,0x9a265f1d59e020341ca2b6f4eb20aeec46054414,2017-10-09T22:30:34.000Z,0.00016,0x6b01bb8b9f5d00a0f0fe8532d2beda1d5d1a42ce,buy,0x7654915a1b82d6d2d0afc37c52af556ea8983c7e,0xc01cb65b327ce92f8d76f2aaaec561ce7fbfde3bb582290c7767a35a0128997d
320,132.954,0.021271177506,0xdcdbb380953c9cfa4f51a8d9f80d88b9a362e707,2017-10-09T19:50:05.000Z,0.000159989,0x951571ecb267b433469ef2c50f4c7b74b1d631f7,buy,0x7654915a1b82d6d2d0afc37c52af556ea8983c7e,0x1967819f6f6fa88906994143f15ab26b7fa1a0c4adadd641d6736cc993929d39
321,2426.247,0.38819952,0xd0d089fe18092dcb94a1a06b2496a5b9a611d3a5,2017-10-09T19:32:14.000Z,0.00016,0x53f54b24a2c088b695abf94a85e89a2c0318aded,buy,0x7654915a1b82d6d2d0afc37c52af556ea8983c7e,0x64cfd92e8a850a99d90219807862d48f96b8c7afd4c284825e786a785e6107d9
322,9845.56004394245,1.575289607030792,0xd0d089fe18092dcb94a1a06b2496a5b9a611d3a5,2017-10-09T19:31:54.000Z,0.00016,0x6b01bb8b9f5d00a0f0fe8532d2beda1d5d1a42ce,buy,0x7654915a1b82d6d2d0afc37c52af556ea8983c7e,0x25c0d4377c8aa4d4f2bf33886fc17aa79f6410dec287b8b222fe406b484a63b8
323,3047.0547641015633,0.48749524465384503,0x9a265f1d59e020341ca2b6f4eb20aeec46054414,2017-10-09T19:17:36.000Z,0.000159989,0x951571ecb267b433469ef2c50f4c7b74b1d631f7,buy,0x7654915a1b82d6d2d0afc37c52af556ea8983c7e,0xe29e6facd1bdc53ccccdefe1b1ffdc8a979ee41bb1311d0a3be8a2030bd02849
324,0.0000000000000125,0.000000000000000002,0x1c90421773db63923e2049a569761d0fd7f286a5,2017-10-09T18:40:11.000Z,0.00016,0x951571ecb267b433469ef2c50f4c7b74b1d631f7,buy,0x7654915a1b82d6d2d0afc37c52af556ea8983c7e,0xd5ad1d2320a6e140411d55e768ac01a580d63a261e322e8f49f5363b993c206a
325,0.000000000144922463,0.000000000000023186,0x1c90421773db63923e2049a569761d0fd7f286a5,2017-10-09T18:35:13.000Z,0.0001599890004629579,0x951571ecb267b433469ef2c50f4c7b74b1d631f7,buy,0x7654915a1b82d6d2d0afc37c52af556ea8983c7e,0x229df51fc465ef9d84439ce41830dc041275c32f0703952dd93de0df1098b56b
326,1490.990857647115,0.23854213632410426,0x9a63a5c363275ec2c2f80af302c60a7809a1e1e2,2017-10-09T16:40:35.000Z,0.000159989,0x951571ecb267b433469ef2c50f4c7b74b1d631f7,buy,0x7654915a1b82d6d2d0afc37c52af556ea8983c7e,0xcd6b0ba4a8d3113d8f3d2e7ce56c1701f47c5fd11fa28a6458bc10d60b7be456
327,13846.162877638648,2.215386060422184,0x46dc6b56513ae75026900e7fd27aaf835cd0163a,2017-10-09T14:56:46.000Z,0.00016,0x6b01bb8b9f5d00a0f0fe8532d2beda1d5d1a42ce,buy,0x7654915a1b82d6d2d0afc37c52af556ea8983c7e,0xefb29990cb7676363120a793f51f8896a762ab11ff6e040728f9cdbabc59c7a3
328,44107.368,7.05717888,0x46dc6b56513ae75026900e7fd27aaf835cd0163a,2017-10-09T14:55:04.000Z,0.00016,0x6b01bb8b9f5d00a0f0fe8532d2beda1d5d1a42ce,buy,0x7654915a1b82d6d2d0afc37c52af556ea8983c7e,0x158bc62da374f6c386e05f29220fe766c6aec7d4a2ba83b715d2986cc0ccb341
329,37760.8655932781,6.041738494924495,0x46dc6b56513ae75026900e7fd27aaf835cd0163a,2017-10-09T14:13:49.000Z,0.00016,0x6b01bb8b9f5d00a0f0fe8532d2beda1d5d1a42ce,buy,0x7654915a1b82d6d2d0afc37c52af556ea8983c7e,0xc9e716997ab26e4fea36ab53bcbc1c77e168bca02691483e893bffb8969eec6d
330,29242.766172565178,4.678842587610428,0x46dc6b56513ae75026900e7fd27aaf835cd0163a,2017-10-09T12:20:19.000Z,0.00016,0x6b01bb8b9f5d00a0f0fe8532d2beda1d5d1a42ce,buy,0x7654915a1b82d6d2d0afc37c52af556ea8983c7e,0x477c2032fad7d5ef3c9246bcf02336dc79cda54e7de39164ff6298ba5cb61818
331,21653.00678143076,3.2479510172146138,0x46dc6b56513ae75026900e7fd27aaf835cd0163a,2017-10-09T12:19:04.000Z,0.00015,0x6b01bb8b9f5d00a0f0fe8532d2beda1d5d1a42ce,buy,0x7654915a1b82d6d2d0afc37c52af556ea8983c7e,0x1224ef245c85f783b517f80b873c372d907322ecce3d6f0845db59f35e6cd67b
332,20000,3,0x3dee4a4e076e8d82859d241db0baf46f112cfa23,2017-10-09T12:14:22.000Z,0.00015,0x6b01bb8b9f5d00a0f0fe8532d2beda1d5d1a42ce,buy,0x7654915a1b82d6d2d0afc37c52af556ea8983c7e,0x999b28a4d7c473b88baebbf4270a8c25a2a2fd7257c507e883062fe4783fdc3f
333,69457.99321856925,10.418698982785386,0x46dc6b56513ae75026900e7fd27aaf835cd0163a,2017-10-09T12:09:18.000Z,0.00015,0x6b01bb8b9f5d00a0f0fe8532d2beda1d5d1a42ce,buy,0x7654915a1b82d6d2d0afc37c52af556ea8983c7e,0xe89968d2f40f12ec68ae1de25f7e0dcd8fa9c487712b595dbdef7502f24e93b1
334,62309.35200130367,9.969496320208588,0x46dc6b56513ae75026900e7fd27aaf835cd0163a,2017-10-09T11:57:49.000Z,0.00016,0x6b01bb8b9f5d00a0f0fe8532d2beda1d5d1a42ce,buy,0x7654915a1b82d6d2d0afc37c52af556ea8983c7e,0xd7c40cc1b3d0b978cd02110afe025ec2a464bc3aa56a93480ab07514ec946c6a
335,25109.925077115233,4.017588012338437,0x46dc6b56513ae75026900e7fd27aaf835cd0163a,2017-10-09T11:32:39.000Z,0.00016,0x6b01bb8b9f5d00a0f0fe8532d2beda1d5d1a42ce,buy,0x7654915a1b82d6d2d0afc37c52af556ea8983c7e,0x87300481f86455ef9b12d429aa1cda215d9ac0be100d0cb3489cc0421a935640
336,50,0.0075005,0x971f30c325d9924ad472adf0bf98702502baad93,2017-10-09T11:27:10.000Z,0.00015001,0x6b01bb8b9f5d00a0f0fe8532d2beda1d5d1a42ce,sell,0x7654915a1b82d6d2d0afc37c52af556ea8983c7e,0x272f1f22169c9e35c9989bcd4821358e468bcde73e1584e2b6d5e50c0b93a01f
337,6311.438543515103,0.9467157815272654,0xe1e1d0d73eeb29d0632bc4c7871bfc74dbed0741,2017-10-09T11:27:10.000Z,0.00015,0x6b01bb8b9f5d00a0f0fe8532d2beda1d5d1a42ce,sell,0x7654915a1b82d6d2d0afc37c52af556ea8983c7e,0xda788b8bb8efd81c9876cad8a5e3bb6e783b983c574a5e1024077159c9a8f206
338,15000,2.250315,0x706c75c418a3b1c2d0a2263a4dbd8f976b554271,2017-10-09T11:27:10.000Z,0.000150021,0x6b01bb8b9f5d00a0f0fe8532d2beda1d5d1a42ce,sell,0x7654915a1b82d6d2d0afc37c52af556ea8983c7e,0xa8932b8c58d43d21575c31f291c2c0b3662b0b89ccac581e8708ecb9e302cc2b
339,5000,0.75015,0x3dee4a4e076e8d82859d241db0baf46f112cfa23,2017-10-09T11:27:10.000Z,0.00015003,0x6b01bb8b9f5d00a0f0fe8532d2beda1d5d1a42ce,sell,0x7654915a1b82d6d2d0afc37c52af556ea8983c7e,0x86b936984e03b7223cf3bfc6a9c08f53bba669f66a840009708a17cfe03b69cf
340,50,0.0075011,0x971f30c325d9924ad472adf0bf98702502baad93,2017-10-09T11:27:10.000Z,0.000150022,0x6b01bb8b9f5d00a0f0fe8532d2beda1d5d1a42ce,sell,0x7654915a1b82d6d2d0afc37c52af556ea8983c7e,0x8d68fbc80f1bb75deac464ae0809a571837bce95578649c95a88cfc04b2acbc6
341,50,0.00775055,0x971f30c325d9924ad472adf0bf98702502baad93,2017-10-09T11:27:10.000Z,0.000155011,0x6b01bb8b9f5d00a0f0fe8532d2beda1d5d1a42ce,sell,0x7654915a1b82d6d2d0afc37c52af556ea8983c7e,0xd0634fe7333f6339d21aba05a68f441e460f463b7e38548349832cdaa491de00
342,14900,2.2353427,0xf0a1432fd7408bf1deec32def106eb7e5b7d1e86,2017-10-09T11:27:10.000Z,0.000150023,0x6b01bb8b9f5d00a0f0fe8532d2beda1d5d1a42ce,sell,0x7654915a1b82d6d2d0afc37c52af556ea8983c7e,0xc65f8afc4dfe465b169a5eb7d300731f460f0f41f73a8946aebb891ec9fb2af9
343,1076.1745136896795,0.16681781136703722,0x951571ecb267b433469ef2c50f4c7b74b1d631f7,2017-10-09T11:27:10.000Z,0.00015501,0x6b01bb8b9f5d00a0f0fe8532d2beda1d5d1a42ce,sell,0x7654915a1b82d6d2d0afc37c52af556ea8983c7e,0x356e6b246fe86f0214bfb8617c394f61e1269afd367777f80423d862c2e1f5fc
344,150.309,0.02404944,0x1d2cadab05cb50a822c672498c5e59ba82dab549,2017-10-09T11:26:27.000Z,0.00016,0x6b01bb8b9f5d00a0f0fe8532d2beda1d5d1a42ce,sell,0x7654915a1b82d6d2d0afc37c52af556ea8983c7e,0xda1f76be8f073f028eeb348514e02d6746a826e64647fde1614190910376a45f
345,99.69095803010667,0.01595055328481707,0x1d2cadab05cb50a822c672498c5e59ba82dab549,2017-10-09T03:39:06.000Z,0.00015999999999999999,0xc583c70fc11471af566ea79d9c73086370c4226a,sell,0x7654915a1b82d6d2d0afc37c52af556ea8983c7e,0x6743d062e99b9a0ee2d1a3bcc98f42433368e32c5813ceb77982bda75431c9e7
346,541.4076421293988,0.08662522274070382,0x1931653087bb9f41ef66d73544926165f00843ca,2017-10-09T00:43:03.000Z,0.00015999999999999999,0x04f612e8c2c78b786e0d5e1c2c911a08c76bf40a,sell,0x7654915a1b82d6d2d0afc37c52af556ea8983c7e,0x16baec44695e8bb162c6679a251cba77edd66d44946764d1285e0ab09a536b66
347,5518.5923578706015,0.8829747772592962,0x1931653087bb9f41ef66d73544926165f00843ca,2017-10-08T23:33:29.000Z,0.00015999999999999999,0x3468aa722016a44e0b139eb2c7623b41dab2d935,sell,0x7654915a1b82d6d2d0afc37c52af556ea8983c7e,0x12eb0e003f53459d8b3dc2c48307e8be8686ef7fe78a4f9972f822737b601840
348,2750,0.44,0x86c2180d285581c40623240e48743cd09e4a7a2f,2017-10-08T20:39:36.000Z,0.00016,0x04f612e8c2c78b786e0d5e1c2c911a08c76bf40a,sell,0x7654915a1b82d6d2d0afc37c52af556ea8983c7e,0xae02156a69d5b6e5ffe8413f20a2068323940f7a7850710ef4d7ff484088f44b
349,2350,0.3760235,0x951571ecb267b433469ef2c50f4c7b74b1d631f7,2017-10-08T20:38:55.000Z,0.00016001,0x04f612e8c2c78b786e0d5e1c2c911a08c76bf40a,sell,0x7654915a1b82d6d2d0afc37c52af556ea8983c7e,0x40bc5ccae67f52f00420f1242ff7902ce822f5ddf9763c626ad0adda10974508
350,1502.494,0.3004988,0x8f4c6d1fe3ecd92427494c235f63d0cdb7ee759a,2017-10-08T20:37:48.000Z,0.0002,0x04f612e8c2c78b786e0d5e1c2c911a08c76bf40a,sell,0x7654915a1b82d6d2d0afc37c52af556ea8983c7e,0xe6cd8ff8ff964cd7de4260ab537de5c45c470185991dceab4827d9c85214405b
351,997.5057322300868,0.19950114644601735,0x8f4c6d1fe3ecd92427494c235f63d0cdb7ee759a,2017-10-08T19:37:17.000Z,0.00019999999999999998,0x65f2dddf638c7a7118b22d610c9aeba141f2467f,sell,0x7654915a1b82d6d2d0afc37c52af556ea8983c7e,0xcd06083bac6982cab69b07dfbb8c640afdaf2bddb4aaf6151d97df379f2f9eb4
352,1000.598,0.18511063,0x65f2dddf638c7a7118b22d610c9aeba141f2467f,2017-10-08T19:37:17.000Z,0.000185,0xa537d985a15358e5095fa653a184454c2f142544,buy,0x7654915a1b82d6d2d0afc37c52af556ea8983c7e,0xcd06083bac6982cab69b07dfbb8c640afdaf2bddb4aaf6151d97df379f2f9eb4
353,85.004,0.01699994996,0xc8d8059a6672518ddbcc6b69d4854d2d6c55314e,2017-10-08T18:27:50.000Z,0.00019999,0xe1e1d0d73eeb29d0632bc4c7871bfc74dbed0741,buy,0x7654915a1b82d6d2d0afc37c52af556ea8983c7e,0xee544786ecdd0277dbe9d345bacfa47dcb637bcb97107c7a26f7ab2b1456f0f9
354,1875,0.37498125,0x6104b510a98b22c7ee721e383a6b3081d5f44d79,2017-10-08T16:31:19.000Z,0.00019999,0xe5e0cb9240cda562105f27470ab638a7c048a8dc,sell,0x7654915a1b82d6d2d0afc37c52af556ea8983c7e,0x32d10adf39724e404873e52b01bd33183cb166fcf0f6bf6756a267ca90c66f08
355,5084.493084189649,1.016847771907088,0x83bde925178960305a73304f22edb3596e60765f,2017-10-08T15:58:42.000Z,0.00019999,0xe1e1d0d73eeb29d0632bc4c7871bfc74dbed0741,buy,0x7654915a1b82d6d2d0afc37c52af556ea8983c7e,0xa645f10ca4134c2b0192deb58a2a6607f7c3a0ca88de74f2e9801dd340241cdd
356,1804.7910458046942,0.37882564051440537,0xca75639e91dfdfee77c43d52dfc217a499ce1855,2017-10-08T11:44:01.000Z,0.0002099,0x951571ecb267b433469ef2c50f4c7b74b1d631f7,buy,0x7654915a1b82d6d2d0afc37c52af556ea8983c7e,0x9a25635584f2b36e9ce800a6d2c4960c164549e09c6e23397dbfc7d13f77b06f
357,8.516098640068972,0.001277499956996746,0x3dee4a4e076e8d82859d241db0baf46f112cfa23,2017-10-08T07:37:49.000Z,0.00015000999999999995,0x4613873d0b60158b42cfe8b3cbaf0aea226c3af8,sell,0x7654915a1b82d6d2d0afc37c52af556ea8983c7e,0xa2260d562db71e3a5d71e9f7de9de0c50c861dfa692e0b0c0afd1ee4c894a0e0
358,8633.2728511614,1.29499092767421,0xe1e1d0d73eeb29d0632bc4c7871bfc74dbed0741,2017-10-08T05:00:19.000Z,0.00015,0x6c3b9ca1061016b84f09dbe62405d5f28045f874,sell,0x7654915a1b82d6d2d0afc37c52af556ea8983c7e,0xef3d7a5b8d22cb5e9e4ff14b335785e4f505fd7e8d394fb7150e392c204fded9
359,1321.001,0.19816336001,0x951571ecb267b433469ef2c50f4c7b74b1d631f7,2017-10-08T04:57:20.000Z,0.00015001,0x6c3b9ca1061016b84f09dbe62405d5f28045f874,sell,0x7654915a1b82d6d2d0afc37c52af556ea8983c7e,0x197406eebb637d97428e1ae0fa7b139ff137e7ca1d6c49e940f3762c33d50768
360,5000,0.7501,0x3dee4a4e076e8d82859d241db0baf46f112cfa23,2017-10-08T04:56:17.000Z,0.00015002,0x6c3b9ca1061016b84f09dbe62405d5f28045f874,sell,0x7654915a1b82d6d2d0afc37c52af556ea8983c7e,0x0640fe95b3ffabbea450f8841115a77be70fed5cb7cab91b25bac746c1282a64
361,1010,0.2121,0x93e4a72b4d252bded284f91a36ac6251eae12f5b,2017-10-08T02:21:30.000Z,0.00021,0x6b01bb8b9f5d00a0f0fe8532d2beda1d5d1a42ce,buy,0x7654915a1b82d6d2d0afc37c52af556ea8983c7e,0x06b3b66d9873664483074b147a6b67cb3801a616e28b82b09e605794ea388c27
362,1728.7914726049248,0.25933600880546476,0x951571ecb267b433469ef2c50f4c7b74b1d631f7,2017-10-07T23:29:59.000Z,0.00015000999999999998,0x83407b6b3c210e925336baef9678ce463cdbefb0,sell,0x7654915a1b82d6d2d0afc37c52af556ea8983c7e,0xc9d1a881fdd8fbd419bd6d55a1b3b52e093cbb263ad5c7e541193727a40a0b35
363,1147.9047,0.298432263906,0x9e37f42fd1e0254bd4723a8cf05cd17653a6c45d,2017-10-07T22:14:38.000Z,0.00025998,0x951571ecb267b433469ef2c50f4c7b74b1d631f7,buy,0x7654915a1b82d6d2d0afc37c52af556ea8983c7e,0x2af95fb8f2fa82d8e6a62d1997ae56f44b1c164f6e33b159111dbf1f20348597
364,975,0.24375,0x9e37f42fd1e0254bd4723a8cf05cd17653a6c45d,2017-10-07T22:11:10.000Z,0.00025,0x433e7eceaca9ee3748db9114aeda98d53c1d3f36,buy,0x7654915a1b82d6d2d0afc37c52af556ea8983c7e,0x1bb4727057cc3c915e8644858a7b9d150a69a54f2841994d81889acec0fd685e
365,500,0.105,0x52ea16651dd4bb703fd285894f56d0dc487de5db,2017-10-07T21:53:39.000Z,0.00021,0x6b01bb8b9f5d00a0f0fe8532d2beda1d5d1a42ce,buy,0x7654915a1b82d6d2d0afc37c52af556ea8983c7e,0x9dfd79a9de67527e4eb71ca7de3a8f31e6596cfd3368b2d4319fc7f185b04eee
366,0.027761974296786934,0.000004997432993164,0x3dee4a4e076e8d82859d241db0baf46f112cfa23,2017-10-07T21:09:23.000Z,0.0001800099999999778,0x34b9fd661e5bfe77731157fd1ab04b4271ea2b41,sell,0x7654915a1b82d6d2d0afc37c52af556ea8983c7e,0x1a28e42bfb33ecd329f6d10f2bdadb9cc8cedc61ff711abdf9514aab8d65e7c1
367,278.4803641710697,0.05012925035443426,0x3dee4a4e076e8d82859d241db0baf46f112cfa23,2017-10-07T21:07:16.000Z,0.00018000999999999998,0x34b9fd661e5bfe77731157fd1ab04b4271ea2b41,sell,0x7654915a1b82d6d2d0afc37c52af556ea8983c7e,0xd94c15943ae34b609d05dafb49b0d0e27c98196a0901976917de1e14c3bddf0e
368,3000,0.63,0xeae46ec3c5f204697789b090d03d2d2c72791af6,2017-10-07T18:46:45.000Z,0.00021,0x6b01bb8b9f5d00a0f0fe8532d2beda1d5d1a42ce,buy,0x7654915a1b82d6d2d0afc37c52af556ea8983c7e,0x751fec405356d315ce0b822b2596fe2b4182879af144e33aa92b40b593166683
369,15055.288605323498,2.2582932907985245,0xe1e1d0d73eeb29d0632bc4c7871bfc74dbed0741,2017-10-07T18:46:22.000Z,0.00015,0x755dfe72cff68f68627b7a6ce5ef96ece2bfcfdc,sell,0x7654915a1b82d6d2d0afc37c52af556ea8983c7e,0xabe3bf68c7485089123ad2ca4b9dd82f4ea5f28dc439957244d5153ca7d34b35
370,37.25,0.0078225,0xe6aa33b127ef8fe01a31ba076ed52483dc6e2fec,2017-10-07T18:34:38.000Z,0.00021,0x6b01bb8b9f5d00a0f0fe8532d2beda1d5d1a42ce,buy,0x7654915a1b82d6d2d0afc37c52af556ea8983c7e,0x0412a353d021715ee486f625f710c956b93957be81018c5fcd78708603708127
371,25,0.00625,0x797b3387f696974bae3eaa464cd958a8037e7cdc,2017-10-07T16:41:52.000Z,0.00025,0x433e7eceaca9ee3748db9114aeda98d53c1d3f36,buy,0x7654915a1b82d6d2d0afc37c52af556ea8983c7e,0x1fd793c4372b2752d51aa260919d952dd529029b66872f8eef3b8b62d5836ab4
372,1000,0.21,0x9adf7a0b7920ff0e4ae4756738cf9d80471c8283,2017-10-07T16:41:52.000Z,0.00021,0x6b01bb8b9f5d00a0f0fe8532d2beda1d5d1a42ce,buy,0x7654915a1b82d6d2d0afc37c52af556ea8983c7e,0x247b7428970c0d2475310403cde3f9be473f1b7467c012c06b71d038c5a8061b
373,1000,0.21,0x740554c1997063f139ebb9e8e523535986abb73a,2017-10-07T14:59:33.000Z,0.00021,0x6b01bb8b9f5d00a0f0fe8532d2beda1d5d1a42ce,buy,0x7654915a1b82d6d2d0afc37c52af556ea8983c7e,0x4863eb0bf3ffd573f082b47a132513b7db9ce720155c5acbde01921e887b1ce0
374,3334.8413102911372,0.7003166751611388,0x54199d975ce6bb628feeb063288db41763ed967b,2017-10-07T14:54:07.000Z,0.00021,0x6b01bb8b9f5d00a0f0fe8532d2beda1d5d1a42ce,buy,0x7654915a1b82d6d2d0afc37c52af556ea8983c7e,0x728e7531b5afe3fb7168fd566dfd292f0287317ad471ab8c66f33440df0cdd67
375,9000,1.89,0xe1e1d0d73eeb29d0632bc4c7871bfc74dbed0741,2017-10-07T14:15:19.000Z,0.00021,0x6b01bb8b9f5d00a0f0fe8532d2beda1d5d1a42ce,buy,0x7654915a1b82d6d2d0afc37c52af556ea8983c7e,0xd1f9bf286800f22ea2c049923314a63af789a9dd5e12aad7f8acde410ec0bc40
376,2300,0.483,0x46dca6a781653c3e83cbfefb0bef4fc569d61535,2017-10-07T13:42:32.000Z,0.00021,0x6b01bb8b9f5d00a0f0fe8532d2beda1d5d1a42ce,buy,0x7654915a1b82d6d2d0afc37c52af556ea8983c7e,0x7eae3b9c3ccc7e85c7938fc8740c857ead284f38a14086be00e8df89ebb47d60
377,5,0.00105,0xeeb12121316645ac76b40ac9d130de4b2f655f6e,2017-10-07T13:09:55.000Z,0.00021,0x6b01bb8b9f5d00a0f0fe8532d2beda1d5d1a42ce,buy,0x7654915a1b82d6d2d0afc37c52af556ea8983c7e,0x905043071a01bf6c47045746ce6e613955e8eb5449b4f3b3dab6f6b15faf9bae
378,1000,0.21,0x74a2323d544d2c374a1365215c52c84ef4c78d83,2017-10-07T09:27:33.000Z,0.00021,0x6b01bb8b9f5d00a0f0fe8532d2beda1d5d1a42ce,sell,0x7654915a1b82d6d2d0afc37c52af556ea8983c7e,0xe9ae551ac372d14fa574fe8525f45480f56bf72dc0618a895d7757d762d8f81a
379,1079.546,0.23750012,0x39a8589cbdaa64af83d3b06f2e80bbe2acfae657,2017-10-07T09:10:37.000Z,0.00022,0x6b01bb8b9f5d00a0f0fe8532d2beda1d5d1a42ce,sell,0x7654915a1b82d6d2d0afc37c52af556ea8983c7e,0x9ccb3fa7b7a85de9f6f3607f902f4c3d1fb2845d80f00c12b80e906656ccc674
