,amount,amountBase,buyer,date,price,seller,side,tokenAddr,txHash
0,18.92632838201575,0.13248429867411027,0x29b8eca0a380c562a00b7e5d1fbc624e5be736a5,2017-11-02T11:00:57.000Z,0.007,0xd9f7127353985633b3419835a9d5b73508006938,sell,0xac709fcb44a43c35f0da4e3163b117a17f3770f5,0xb9ef75c88b2e66a9f33e6b6b1ece9aae86ab6c3535ab43ff18913509765f5567
1,0.07142857143877551,0.0005,0x3075f7f189912f4f425dd7021b9c396434197477,2017-11-02T06:52:39.000Z,0.006999999999,0x429c7cf947d18c6e14660975ba5272621a618b36,buy,0xac709fcb44a43c35f0da4e3163b117a17f3770f5,0x74c20ab6363bd2dc4411d5d1c3e83bd83b7432e41dd0a25e326e1002a6c4510b
2,0.07142857143877551,0.0005,0x4fda9e6bcd83af6c5cc771b5d20accc2b7720074,2017-11-02T06:48:29.000Z,0.006999999999,0x429c7cf947d18c6e14660975ba5272621a618b36,buy,0xac709fcb44a43c35f0da4e3163b117a17f3770f5,0xf5a9841014a4c8b86a3fa9d7f09b08bbc0db7ad4e26dba27edb3a32af86d80b6
3,5,0.07,0x7e3bf25c9c17ca5a9238c8beee218019fc62b93b,2017-11-02T00:47:46.000Z,0.014,0x244beb883da53d9f6169762af296e944aba5bb84,buy,0xac709fcb44a43c35f0da4e3163b117a17f3770f5,0x3632c9aca986da662e9cf6f613f639d3c28c1a9867ae05b1439f30c676133b0c
4,0.01,0.000098888879999,0x6cdea8e07bf82d7a07dbf36642d6e5be8623845c,2017-10-29T12:38:10.000Z,0.0098888879999,0x429c7cf947d18c6e14660975ba5272621a618b36,buy,0xac709fcb44a43c35f0da4e3163b117a17f3770f5,0xafb7028171ec1fe26d3cbc1407cd91e1921c4855043f028d47b11eec9a8ee682
5,0.05056180229769009,0.0005,0x34f9560c63078eb61872a4dc2ccd20e21c34feaf,2017-10-28T20:06:17.000Z,0.009888888,0xfc495c0f3ef141cbb3355d86bd662be19ab3cf9a,buy,0xac709fcb44a43c35f0da4e3163b117a17f3770f5,0x71c396ad9639e0179d247660a18fbea52aec3c6b30a8b8df412fb251e6897b7c
6,0.05056180229769009,0.0005,0xe444a40689f51f63bcd29910622035707d533d29,2017-10-28T20:06:17.000Z,0.009888888,0xfc495c0f3ef141cbb3355d86bd662be19ab3cf9a,buy,0xac709fcb44a43c35f0da4e3163b117a17f3770f5,0xc14eb7e8d6eac0270eda2988a2eca168c71ec4a5ec14fbec12f6130ba967d906
7,1.40451751866149,0.013889116436081385,0x54b71cd634bc01416c37095b872910afd6e390e2,2017-10-28T12:52:39.000Z,0.009888888,0xfc495c0f3ef141cbb3355d86bd662be19ab3cf9a,buy,0xac709fcb44a43c35f0da4e3163b117a17f3770f5,0x82d2c18fc285a504f2b89a997b3bd2525a56d58cc2d87b068c977fed620f1384
8,110.10312475769558,0.9909281228192602,0x1fbfe07eb7907cb0064b567e7cf4198f388739a7,2017-10-27T06:44:14.000Z,0.009,0x8e638f4a968a50b59dfb5c722546281051298cde,buy,0xac709fcb44a43c35f0da4e3163b117a17f3770f5,0x71fc1091bb4784e740f2f474a945c2bba1ab5c3745b853a4302a274c38faac1d
9,5,0.015,0xc99260596e849e3c7d04d0afdf33db03ce4f4f1a,2017-10-27T03:33:15.000Z,0.003,0xd9f7127353985633b3419835a9d5b73508006938,sell,0xac709fcb44a43c35f0da4e3163b117a17f3770f5,0xfcd6db38cfdf40c04f75eeea96c8263261b3405e80402b9e3c6266603375147c
10,296.4429785557522,0.7411074463893804,0x8e638f4a968a50b59dfb5c722546281051298cde,2017-10-22T10:16:10.000Z,0.0025,0x4d517d272ce8d879d8891518e70153b49d2cdb96,sell,0xac709fcb44a43c35f0da4e3163b117a17f3770f5,0x0c0a7e55d3582af68d3563a415904a97deda0380375e32555732719684ee52c3
11,1,0.01349,0x3ac636ac5c3a2576156ac5f10066ca68abe0ad54,2017-10-18T18:15:09.000Z,0.01349,0xd9f7127353985633b3419835a9d5b73508006938,buy,0xac709fcb44a43c35f0da4e3163b117a17f3770f5,0x6477090257d0eae8258df3e900f2439da37eebc72618d293a0a551ac47177ab5
12,0.0423728813559322,0.0005,0x379374d13077e8867ef31803c37baf9785a17c00,2017-10-18T15:01:32.000Z,0.0118,0xd731d4da75f0c41c1e1e55250c012d75fe46eb32,buy,0xac709fcb44a43c35f0da4e3163b117a17f3770f5,0xeb7d5844735be01790bb8bdbc661d2231bac1bcc7fd3c6da98955f357342620a
13,0.0423728813559322,0.0005,0xf9695cd65d6dfdf257fab76a3eb0cb8f001971cc,2017-10-18T14:59:26.000Z,0.0118,0xd731d4da75f0c41c1e1e55250c012d75fe46eb32,buy,0xac709fcb44a43c35f0da4e3163b117a17f3770f5,0x413e35f52bca3eb5050ec76390dc910aaa05367dd77d2d49d21febcfa99f6f98
14,0.2,0.00236,0x636d925f140f761f7a0e600db2177dd068ddada1,2017-10-18T14:54:32.000Z,0.0118,0xd731d4da75f0c41c1e1e55250c012d75fe46eb32,buy,0xac709fcb44a43c35f0da4e3163b117a17f3770f5,0x62309f7aff44d50d5ebcc12bb06e137371d4657ac35032481c9ead11aafe13de
15,4,0.0472,0x2f3cf16db02326fcbfb9abdc3add26f2f547284a,2017-10-18T00:46:51.000Z,0.0118,0xfc495c0f3ef141cbb3355d86bd662be19ab3cf9a,buy,0xac709fcb44a43c35f0da4e3163b117a17f3770f5,0x9581aef1e3487b8a44c96629fdd57de69df31acc8e159b1a8680da4e56e036e0
16,0.0423728813559322,0.0005,0x16e5d97bbc92417e051e3b2cabfbf8ceea2acb9c,2017-10-17T17:08:45.000Z,0.0118,0xfc495c0f3ef141cbb3355d86bd662be19ab3cf9a,buy,0xac709fcb44a43c35f0da4e3163b117a17f3770f5,0xbb1aa378fcd8f50f830cc7becda73c047802a1f1c61a087a9e92f278d45c0e70
17,0.0390625,0.0005,0xcd912af5286dc0b0a23edb30209734ecb60838b3,2017-10-17T04:49:08.000Z,0.0128,0xd731d4da75f0c41c1e1e55250c012d75fe46eb32,buy,0xac709fcb44a43c35f0da4e3163b117a17f3770f5,0x02f016d1802fc4c325c22b8f59894c6e8d816a48a1278a84b49eb100afd24a83
18,7.9752766424085335,0.02153324693450304,0x8e638f4a968a50b59dfb5c722546281051298cde,2017-10-12T22:28:17.000Z,0.0026999999999999997,0x8341bad5dc501e5c249dadc7ec86feca9adf0c3a,sell,0xac709fcb44a43c35f0da4e3163b117a17f3770f5,0x46ad5e0fafccedddf0f5367823db618be871ef364da7a2933437f25824b7edc4
19,1.0887608107420081,0.010887618995028187,0x0087fe4192a688b484bc7638bda9de1c4bd1f483,2017-10-12T08:45:33.000Z,0.010000009999999998,0x8e638f4a968a50b59dfb5c722546281051298cde,sell,0xac709fcb44a43c35f0da4e3163b117a17f3770f5,0x001520053dec3b1073498f044b279a68cd91b5769a67235f3f16050f994b1af0
20,55.82693649685974,0.5582699232379623,0x0087fe4192a688b484bc7638bda9de1c4bd1f483,2017-10-11T17:45:30.000Z,0.01000001,0x5be955ac285f5938aac1d0b04f0cda43e27a7330,sell,0xac709fcb44a43c35f0da4e3163b117a17f3770f5,0x23776f53a8d5a27112265527bc87232197cda2f9ff6595f6bc46869977416592
21,50,0.5000005,0x0087fe4192a688b484bc7638bda9de1c4bd1f483,2017-10-11T02:49:16.000Z,0.01000001,0x8e638f4a968a50b59dfb5c722546281051298cde,sell,0xac709fcb44a43c35f0da4e3163b117a17f3770f5,0x4da758d924931fffd87bf6bda911b641e430e42321b1d9b03f4083f9e49fbf3b
22,1.65,0.016665016664999997,0x5d5065b42bdee0274e394ba9042c21e1818c69cf,2017-10-11T01:54:44.000Z,0.0101000101,0x8e638f4a968a50b59dfb5c722546281051298cde,sell,0xac709fcb44a43c35f0da4e3163b117a17f3770f5,0x81367cd883d9b51009d68e203698b344d674da06b0d5d3e2019934f7c0f6872a
23,16.43854052437444,0.13972759445718275,0x0087fe4192a688b484bc7638bda9de1c4bd1f483,2017-10-08T21:46:14.000Z,0.0085,0x856e12058d2b54a8e3357d1f83ae568da44537af,sell,0xac709fcb44a43c35f0da4e3163b117a17f3770f5,0x948540cf2f2c4da70f8b34c1516bd39c522c84ee9cbd551006771d5d7932c508
24,3.5,0.0297500105,0xd731d4da75f0c41c1e1e55250c012d75fe46eb32,2017-10-08T21:43:19.000Z,0.008500003,0x856e12058d2b54a8e3357d1f83ae568da44537af,sell,0xac709fcb44a43c35f0da4e3163b117a17f3770f5,0x819df214549f01ef6f055213cde4c3f1df7593018ff1be3c8e55070f3161a08b
25,1.7575079709648014,0.02372635585051685,0x7add1decc8a22741d9b83e5e8711fafc59956c23,2017-10-08T03:53:18.000Z,0.013499999,0xd731d4da75f0c41c1e1e55250c012d75fe46eb32,buy,0xac709fcb44a43c35f0da4e3163b117a17f3770f5,0x8bc141e285650c2fb19e3cc239114ed793287102f99a7c4beae4604023768970
26,0.002492029035198595,0.000033642389483152,0x7dce1490b2422e40440c7cc6bba4b64ee50ad693,2017-10-07T21:29:33.000Z,0.013499999,0xd731d4da75f0c41c1e1e55250c012d75fe46eb32,buy,0xac709fcb44a43c35f0da4e3163b117a17f3770f5,0x86333a7c690ff59e27d461db17a0de527290b07b95156891e683bd415e4d0aa9
27,0.1,0.001475,0x58319288a01eff24620ee5237315f9e1e9dc0e36,2017-10-07T20:37:05.000Z,0.01475,0xca0edd78e25ebca0e5e0194d74b2ee8c937b3dec,buy,0xac709fcb44a43c35f0da4e3163b117a17f3770f5,0x34cce15be393173cfd57af2cfd6ec4c1203938fcfcc14af1170e3202d7d04723
28,20,0.14,0x856e12058d2b54a8e3357d1f83ae568da44537af,2017-10-05T23:39:00.000Z,0.007,0xf50f93575ff75e3a0e0af407a65257005de2e3ef,sell,0xac709fcb44a43c35f0da4e3163b117a17f3770f5,0x95d1436ebc15b5e827c2af271f92f147eeaff8cbe99dd5a315c4ee97d34a9365
29,0.006979997997,0.097719971958,0xd731d4da75f0c41c1e1e55250c012d75fe46eb32,2017-10-05T20:44:26.000Z,14,0x5ae933bfbbaa04c3e05ae56295138174ada9799c,sell,0xac709fcb44a43c35f0da4e3163b117a17f3770f5,0xdc916299636ad60166c70f980e0684889614cfb0cd96445bbab14d84ad25f687
30,0.8,0.0108799992,0x82af6f6edd116fbf357aa5bb7668f58f969f723c,2017-10-05T20:44:26.000Z,0.013599999,0xf50f93575ff75e3a0e0af407a65257005de2e3ef,buy,0xac709fcb44a43c35f0da4e3163b117a17f3770f5,0x00aa401ec770b18bf17ad9b4d86b8a7429587bb16803151a966736459ddf8d29
31,0.074,0.001006399926,0xcdd53f530ab4fb824fc9f2a321f3c001b4a710cc,2017-10-05T20:44:26.000Z,0.013599999,0xf50f93575ff75e3a0e0af407a65257005de2e3ef,buy,0xac709fcb44a43c35f0da4e3163b117a17f3770f5,0x2702217f10af58afc3e2d51aedbf63d22db711a284f4743c01065eeb9f072aaf
32,0.000020940182452568,0.000293162554335952,0xd731d4da75f0c41c1e1e55250c012d75fe46eb32,2017-10-05T20:44:26.000Z,14,0x483b43ad3ffac4d887daed5c1fa9dae7bce3bf73,sell,0xac709fcb44a43c35f0da4e3163b117a17f3770f5,0x148cbb2ad043d0b42b00d519cb05fb5c9b21501931b6e18a92633ebdaf156bde
33,0.000021003002999926,0.000000285640819796,0x483b43ad3ffac4d887daed5c1fa9dae7bce3bf73,2017-10-05T20:44:26.000Z,0.013599999000000447,0xf50f93575ff75e3a0e0af407a65257005de2e3ef,buy,0xac709fcb44a43c35f0da4e3163b117a17f3770f5,0x148cbb2ad043d0b42b00d519cb05fb5c9b21501931b6e18a92633ebdaf156bde
34,0.007001001,0.000095213606598999,0x5ae933bfbbaa04c3e05ae56295138174ada9799c,2017-10-05T20:44:26.000Z,0.013599999,0xf50f93575ff75e3a0e0af407a65257005de2e3ef,buy,0xac709fcb44a43c35f0da4e3163b117a17f3770f5,0xdc916299636ad60166c70f980e0684889614cfb0cd96445bbab14d84ad25f687
35,3.2462183411547225,0.04512243494205064,0x01691ef6f3fe1b1e0727927512884859d42db2cf,2017-10-04T21:15:40.000Z,0.0139,0xd731d4da75f0c41c1e1e55250c012d75fe46eb32,buy,0xac709fcb44a43c35f0da4e3163b117a17f3770f5,0x06d3862ae3f24100f3c0f673920808e67d15fe6c08a6c4e5c5127cd039f680cd
36,0.03571428571428571,0.0005,0x3bfdec5343e950ce45522eef9948c977631b4000,2017-10-03T18:58:00.000Z,0.014,0x8e638f4a968a50b59dfb5c722546281051298cde,buy,0xac709fcb44a43c35f0da4e3163b117a17f3770f5,0xb95d7e3eb20a6ddfad9a3935225a407ffee1f64db3f20d1df4890fb7cdc27ef6
37,0.03571428571428571,0.0005,0x350f6f675b20d606bb7f6c412ef4775c9bc57168,2017-10-03T18:56:26.000Z,0.014,0x8e638f4a968a50b59dfb5c722546281051298cde,buy,0xac709fcb44a43c35f0da4e3163b117a17f3770f5,0x96d2b7f012473b72222ea5a25f94419584b0fb3ae5906c55e166f86d0183932b
38,5,0.05011,0xd731d4da75f0c41c1e1e55250c012d75fe46eb32,2017-10-03T11:29:56.000Z,0.010022,0x8e638f4a968a50b59dfb5c722546281051298cde,sell,0xac709fcb44a43c35f0da4e3163b117a17f3770f5,0x88fb9284c3858d03ec579d350fbcdb9d4bde7a1be0160ba4b16d61eb698f8a95
39,12.745762711864407,0.188,0x9e6b9d167ce0388754cbc5ba76f620fbfbd1d6ec,2017-10-03T11:29:14.000Z,0.01475,0x8e638f4a968a50b59dfb5c722546281051298cde,sell,0xac709fcb44a43c35f0da4e3163b117a17f3770f5,0x43a0a7ecdc41f94165cdd7e1ec0da0e2af95e35a0cdfc33c3420e5d0fbdec044
40,20,0.295,0x9e6b9d167ce0388754cbc5ba76f620fbfbd1d6ec,2017-10-03T11:19:53.000Z,0.01475,0x8e638f4a968a50b59dfb5c722546281051298cde,sell,0xac709fcb44a43c35f0da4e3163b117a17f3770f5,0x60761f85325a9108fd4509d2663325c5c34a2e0b0460df9bd6ec69b525dfb272
41,1,0.01475,0x12c644e1a576a018062148e032e318bfef37eac6,2017-10-03T05:16:07.000Z,0.01475,0xca0edd78e25ebca0e5e0194d74b2ee8c937b3dec,buy,0xac709fcb44a43c35f0da4e3163b117a17f3770f5,0x1608116d24050d3088711fd0688d15cf9497bf7b2ec22e117fc021042252bfb6
42,3.4,0.05015,0x7dce1490b2422e40440c7cc6bba4b64ee50ad693,2017-10-02T22:37:58.000Z,0.01475,0xca0edd78e25ebca0e5e0194d74b2ee8c937b3dec,buy,0xac709fcb44a43c35f0da4e3163b117a17f3770f5,0xf8ad6af79e6efdb9d6ef06284608c81ecd666195a4d952ce39c01d7a730a8cd4
43,5.003,0.050085038003,0x0c5719fba3a34b524ae668cb51c5e2ce0e1ead14,2017-10-02T10:41:05.000Z,0.010011001,0x8e638f4a968a50b59dfb5c722546281051298cde,sell,0xac709fcb44a43c35f0da4e3163b117a17f3770f5,0x173936283000f2071097d9673895e1cd19e5df654cab583ffba10ceeb262bee1
44,0.6,0.00885,0x7dce1490b2422e40440c7cc6bba4b64ee50ad693,2017-10-02T06:46:52.000Z,0.01475,0xca0edd78e25ebca0e5e0194d74b2ee8c937b3dec,buy,0xac709fcb44a43c35f0da4e3163b117a17f3770f5,0x61329c2114d3d80e072a9ef67d50ea7560867d7e70d616b5aaad6579edbe59b9
45,0.9969095803010667,0.009980062805303558,0x0c5719fba3a34b524ae668cb51c5e2ce0e1ead14,2017-10-01T20:37:23.000Z,0.010011000999999999,0x7d053385a05276eedcaf706325ae34ae544741a6,sell,0xac709fcb44a43c35f0da4e3163b117a17f3770f5,0x311542b824978b162d68643355137007f1d605c8e48f7c4c6edc47705dd2fe84
46,1,0.01475,0x7d053385a05276eedcaf706325ae34ae544741a6,2017-10-01T20:28:19.000Z,0.01475,0xca0edd78e25ebca0e5e0194d74b2ee8c937b3dec,buy,0xac709fcb44a43c35f0da4e3163b117a17f3770f5,0xd38dd293d7143eb4d18268cce41544b433b56ca75926b656518bb9536192ba80
47,1,0.01,0x58319288a01eff24620ee5237315f9e1e9dc0e36,2017-10-01T13:03:49.000Z,0.01,0x71fd2dd47ed3350e4d8d1ee16a26db2434ca8608,buy,0xac709fcb44a43c35f0da4e3163b117a17f3770f5,0x74cc7e8968ecb6bfefa10e1dcc86f89125712c55b601b3812385667c2ace83b2
48,1,0.01,0xc99b81ce91b6ba250438e36b7b363407665ae9ba,2017-09-30T23:15:51.000Z,0.01,0x71fd2dd47ed3350e4d8d1ee16a26db2434ca8608,buy,0xac709fcb44a43c35f0da4e3163b117a17f3770f5,0x0dcd52f8699c4cfc29e963cb8e6e886d498ef653e400a509b70bfbda6e40a964
49,0.4473133297773626,0.00178925331910945,0x7dce1490b2422e40440c7cc6bba4b64ee50ad693,2017-09-30T11:16:54.000Z,0.003999999999999999,0x5495b81b3654bae90ccc264b39ab0e51b395d58e,sell,0xac709fcb44a43c35f0da4e3163b117a17f3770f5,0x6efaea37968edcd0a4f1c02b4757c37835a8efb810dc485d3e34cc59af5c0f3a
50,22.6987226111,0.31324237203318,0xb4b4e9242bda0f5f4065f039744f9543f6cf71d7,2017-09-30T00:26:31.000Z,0.0138,0x5495b81b3654bae90ccc264b39ab0e51b395d58e,buy,0xac709fcb44a43c35f0da4e3163b117a17f3770f5,0xbf2f0a7dca25bcf5293e5b52fedcc13e704a4171a7313acf6cde78d33a69cacf
51,9.9,0.12375,0xb4b4e9242bda0f5f4065f039744f9543f6cf71d7,2017-09-29T20:04:56.000Z,0.0125,0x8e638f4a968a50b59dfb5c722546281051298cde,buy,0xac709fcb44a43c35f0da4e3163b117a17f3770f5,0x2df27b6da684b44f1a8056cf4bef3a9bd690455ed62b02124c9671f6b1bdb009
52,0.7,0.007,0x12c644e1a576a018062148e032e318bfef37eac6,2017-09-29T05:03:24.000Z,0.01,0x71fd2dd47ed3350e4d8d1ee16a26db2434ca8608,buy,0xac709fcb44a43c35f0da4e3163b117a17f3770f5,0x780648254aaa94af3a22f93c644d44a131ccbe241678a0d6d599ddcfd1f720bb
53,2.7872188259023236,0.009755265890658133,0x71fd2dd47ed3350e4d8d1ee16a26db2434ca8608,2017-09-28T07:17:01.000Z,0.0035,0x56fd388ad87ffa562168146fb8b55a997351ce39,sell,0xac709fcb44a43c35f0da4e3163b117a17f3770f5,0x760dba4aca146fcd78dd4d5cd1d1facf1735dc3891dd3ce5e3f78a741826d850
54,0.1,0.00119,0xa0be78d2bac6a692adba423c7af50ec86a18bddf,2017-09-28T04:45:51.000Z,0.0119,0xb8186b97012530dceadc931136bf6cc7e4237f10,buy,0xac709fcb44a43c35f0da4e3163b117a17f3770f5,0x1ad1d40b10199eb61f33f5dd333b7553e5a6c608b40ab2caaa69cab48a836e4f
55,0.1,0.00125,0x0024a5046fd95c5eee6db19a69ef7ed3bacd50f1,2017-09-27T11:59:24.000Z,0.0125,0x8e638f4a968a50b59dfb5c722546281051298cde,buy,0xac709fcb44a43c35f0da4e3163b117a17f3770f5,0xe336caa5af2ec902eac20920a61d063c79a4ebd549283d935bd41241655efa43
56,0.001299999,0.000016899987,0xe92072db1f4de50c6cd438785dab81b8044ec8cd,2017-09-27T04:02:56.000Z,0.013,0x5495b81b3654bae90ccc264b39ab0e51b395d58e,buy,0xac709fcb44a43c35f0da4e3163b117a17f3770f5,0x543d30d8acc311323c5ca190a561ed0b7eec5ae5e4000c7a50938f72840d3c82
57,0.45,0.00153,0x5495b81b3654bae90ccc264b39ab0e51b395d58e,2017-09-27T02:33:54.000Z,0.0034,0x14d6a9617a144ac2ee29a309862a3d88ba2820d6,buy,0xac709fcb44a43c35f0da4e3163b117a17f3770f5,0x28125a3704af13ccf571d4ec6f93483a455d166cafae5b602075d4abbf333d51
58,9.276,0.0306108,0x8e638f4a968a50b59dfb5c722546281051298cde,2017-09-26T12:44:37.000Z,0.0033,0x14d6a9617a144ac2ee29a309862a3d88ba2820d6,buy,0xac709fcb44a43c35f0da4e3163b117a17f3770f5,0x53e430aabdb866ab85923ddb62ba0b71968ebe12b47b5903741a733354a61664
59,0.036231884057971016,0.0005,0x999dbc9673afdd6b6c140c261297f89de35ff1b3,2017-09-22T05:09:45.000Z,0.0138,0x14d6a9617a144ac2ee29a309862a3d88ba2820d6,buy,0xac709fcb44a43c35f0da4e3163b117a17f3770f5,0xb12238b7c53630c15bcd1862da42eebec6e2fbcb9ace3c8e745cce979b5b8f0e
60,0.036231884057971016,0.0005,0x8612d2a48328bbf318b856ed0daaa4a7034383d0,2017-09-22T04:58:52.000Z,0.0138,0x14d6a9617a144ac2ee29a309862a3d88ba2820d6,buy,0xac709fcb44a43c35f0da4e3163b117a17f3770f5,0x14013c74924476544531f5eef3347820bec1b4d60c538f19d8f37621288af477
61,0.036231884057971016,0.0005,0x10c12555236fa11fc988be565ab70c82a4660ecf,2017-09-22T04:54:30.000Z,0.0138,0x14d6a9617a144ac2ee29a309862a3d88ba2820d6,buy,0xac709fcb44a43c35f0da4e3163b117a17f3770f5,0xa868acc460cbbee9a8470df712708b62568d024fc9612a3de643f493a521a6ce
62,0.036231884057971016,0.0005,0x8f28b1970e72adb11173044ebc762800e3128238,2017-09-22T04:37:27.000Z,0.0138,0x14d6a9617a144ac2ee29a309862a3d88ba2820d6,buy,0xac709fcb44a43c35f0da4e3163b117a17f3770f5,0x5bc0cc20b211ef5365eeb8720221801e248c61978665d6ac1d71fd7830540d60
63,0.036231884057971016,0.0005,0x7ed2114439b24152cf18c02c10cae681a7ca2adc,2017-09-22T04:34:25.000Z,0.0138,0x14d6a9617a144ac2ee29a309862a3d88ba2820d6,buy,0xac709fcb44a43c35f0da4e3163b117a17f3770f5,0x6126ba24a020009157d3d88a2c6b2d00f60d2ae256ce43b90327470ff4e9abf9
64,0.036231884057971016,0.0005,0x03dd03643b71b06642179afb38211c0f45699bc5,2017-09-22T04:18:10.000Z,0.0138,0x14d6a9617a144ac2ee29a309862a3d88ba2820d6,buy,0xac709fcb44a43c35f0da4e3163b117a17f3770f5,0x9267cb5d7d8b9e19f88a2fb9d3b3c1bb30196ee0d3415416ac72901922e84f82
65,2.8067567048973006,0.03873324252758275,0xb8186b97012530dceadc931136bf6cc7e4237f10,2017-09-22T03:53:39.000Z,0.0138,0x5c868bfa7dda94e95a06780b163579eb712bf37c,buy,0xac709fcb44a43c35f0da4e3163b117a17f3770f5,0x6f736232ef9634f1f2aa632afcfa2261756460eed170ada9866abf5ec03195f7
66,3,0.0414,0xb8186b97012530dceadc931136bf6cc7e4237f10,2017-09-22T03:53:39.000Z,0.0138,0x14d6a9617a144ac2ee29a309862a3d88ba2820d6,buy,0xac709fcb44a43c35f0da4e3163b117a17f3770f5,0x1ed63903777b5dc47f5638fd0cc151e138016a95f7fd903452f46001fceaafd4
67,0.072,0.0009936,0x19b78488b79c6a45d4e060f05a2b35c4873f25c5,2017-09-21T21:55:13.000Z,0.0138,0x5c868bfa7dda94e95a06780b163579eb712bf37c,buy,0xac709fcb44a43c35f0da4e3163b117a17f3770f5,0x4263139e5073acc96d6071ad3e552f0e2c0d26b5dfece09ba52c842d04fd699e
68,0.036231884057971016,0.0005,0x1f8ac99600c61189d92c85cc760735b9e0067a60,2017-09-20T17:48:29.000Z,0.0138,0x5c868bfa7dda94e95a06780b163579eb712bf37c,buy,0xac709fcb44a43c35f0da4e3163b117a17f3770f5,0xdc0e51d61f5949f3551fe6a88529449488ce9b23adf00393f01d4ab79569546f
69,0.036231884057971016,0.0005,0x42c24a83bded723edfdf5883bc7efb30bc1a1bf3,2017-09-20T09:51:23.000Z,0.0138,0x5c868bfa7dda94e95a06780b163579eb712bf37c,buy,0xac709fcb44a43c35f0da4e3163b117a17f3770f5,0x86c3257fe73d164ec965115ce8dfd503b0de50ef42419a22f65a82c1cd66ad02
70,0.036231884057971016,0.0005,0x0f657c396dfcd6c59bb82b89fc3adbe5f90ce153,2017-09-20T09:24:58.000Z,0.0138,0x5c868bfa7dda94e95a06780b163579eb712bf37c,buy,0xac709fcb44a43c35f0da4e3163b117a17f3770f5,0x04abfd2d79d67744bec2c4a49b532754499f851a030a03bd545bf918402f52e0
71,1.399,0.0180471,0xf669cc2cb12a2586de967728421ec442b6a7a061,2017-09-19T23:44:13.000Z,0.0129,0xc9087108b890f9aee9c5b878c6f062a2b0c730f3,buy,0xac709fcb44a43c35f0da4e3163b117a17f3770f5,0xdf0145290e37626a6681756d2addb04ae4be257ebc40b9da54e2172922c321dc
72,1,0.0129,0xf669cc2cb12a2586de967728421ec442b6a7a061,2017-09-19T22:36:36.000Z,0.0129,0xc9087108b890f9aee9c5b878c6f062a2b0c730f3,buy,0xac709fcb44a43c35f0da4e3163b117a17f3770f5,0xdf6aa04b95345998eb68b45bf67dac66c64dbd21821415fcc69799368e45e177
73,0.002547642928786304,0.000035157472417251,0xbb37ead38937b16b014227825a39c29a94b84848,2017-09-19T13:13:46.000Z,0.013800000000000002,0x5c868bfa7dda94e95a06780b163579eb712bf37c,buy,0xac709fcb44a43c35f0da4e3163b117a17f3770f5,0x6a0f9c1d9d91309ae269bce9441436a0f84ea8a28109334a6e20a67bdfb7664a
74,0.002539999999999945,0.002539999999999945,0x956dc60c714883c17a7d0828d2178d51c5e377e1,2017-09-19T13:13:46.000Z,1,0xbb37ead38937b16b014227825a39c29a94b84848,sell,0xac709fcb44a43c35f0da4e3163b117a17f3770f5,0x6a0f9c1d9d91309ae269bce9441436a0f84ea8a28109334a6e20a67bdfb7664a
75,2.9906718273352606,0.007566399723158209,0x5c868bfa7dda94e95a06780b163579eb712bf37c,2017-09-19T12:58:19.000Z,0.0025299999999999997,0x21b736784625040f56a80fa455a3f3c5abc6b0f0,sell,0xac709fcb44a43c35f0da4e3163b117a17f3770f5,0x3cc06f2a0e52092a1661a4497ed79c110151b30fce9e7c460dfd9701e467bfac
76,3.009,0.0418251,0x73b7424a32b34806f9ba10129843ce9cc3069397,2017-09-19T10:12:22.000Z,0.0139,0xc9087108b890f9aee9c5b878c6f062a2b0c730f3,buy,0xac709fcb44a43c35f0da4e3163b117a17f3770f5,0x0c4e7f36ce4f5c8f8f6a2b95fa2f7b23d918baafe0fad9bf90bbf41e64f97752
77,2.99994291,0.04759409426715,0x21b736784625040f56a80fa455a3f3c5abc6b0f0,2017-09-19T10:12:22.000Z,0.015865,0x73b7424a32b34806f9ba10129843ce9cc3069397,sell,0xac709fcb44a43c35f0da4e3163b117a17f3770f5,0x0c4e7f36ce4f5c8f8f6a2b95fa2f7b23d918baafe0fad9bf90bbf41e64f97752
78,22.698634233874987,0.05701896919549397,0x5495b81b3654bae90ccc264b39ab0e51b395d58e,2017-09-19T07:35:57.000Z,0.002512,0xbc1845a864aa2a7ba7513bc6837ff7d66ec191c4,sell,0xac709fcb44a43c35f0da4e3163b117a17f3770f5,0x1fe3fa845fd4724308e68d7f0c328b1cbfd03dd1c3be7a97f698e03a09e366e0
79,76,0.38861156,0xf50f93575ff75e3a0e0af407a65257005de2e3ef,2017-09-19T07:28:55.000Z,0.00511331,0xbc1845a864aa2a7ba7513bc6837ff7d66ec191c4,sell,0xac709fcb44a43c35f0da4e3163b117a17f3770f5,0xbe9d6450ae853b394231e61a448efa4cb267630fb9e9db9454ce34a6c7dbf3b7
80,1,0.02,0xca0edd78e25ebca0e5e0194d74b2ee8c937b3dec,2017-09-19T07:28:51.000Z,0.02,0xbc1845a864aa2a7ba7513bc6837ff7d66ec191c4,sell,0xac709fcb44a43c35f0da4e3163b117a17f3770f5,0x8c26a8cc9a7111bcf5e077ce47679ebe36ac2efb505046a9c14c27cc8e56426c
81,25.134814504942618,0.39876383212091465,0xfc495c0f3ef141cbb3355d86bd662be19ab3cf9a,2017-09-16T19:39:52.000Z,0.015865,0xca0edd78e25ebca0e5e0194d74b2ee8c937b3dec,buy,0xac709fcb44a43c35f0da4e3163b117a17f3770f5,0x7a6ecc0e8bc2329a506b51e124c356e6d18c15c1970df3a03bfe17fa1518eafc
82,0.000000308517607689,0.000000004894631846,0xfc495c0f3ef141cbb3355d86bd662be19ab3cf9a,2017-09-16T18:44:03.000Z,0.015865000000045426,0xca0edd78e25ebca0e5e0194d74b2ee8c937b3dec,buy,0xac709fcb44a43c35f0da4e3163b117a17f3770f5,0xcead51af06aa2e2915cf233d2d9fd86edbd90e405e9d79960df93d0be0868ee3
83,0.003094740122348944,0.000049098052041066,0xfc495c0f3ef141cbb3355d86bd662be19ab3cf9a,2017-09-16T18:42:15.000Z,0.015865,0xca0edd78e25ebca0e5e0194d74b2ee8c937b3dec,buy,0xac709fcb44a43c35f0da4e3163b117a17f3770f5,0xae32c1390caaf34e1f24681b8567155700a508ec6a8ea8cfd21c64ab180576dd
84,0.7619691059625987,0.0119629149636128,0x12c644e1a576a018062148e032e318bfef37eac6,2017-09-15T21:30:52.000Z,0.0157,0xc9087108b890f9aee9c5b878c6f062a2b0c730f3,buy,0xac709fcb44a43c35f0da4e3163b117a17f3770f5,0xed71b8febb7caf7ae8aada9abbdaf0d04fe8d38bd9c949289f2bce0f7039005e
85,6.17000876327443,0.03146704469269959,0xc9087108b890f9aee9c5b878c6f062a2b0c730f3,2017-09-15T05:57:54.000Z,0.0050999999999999995,0x2d42b7be072d69379af9cc671b085a2cf9549a08,sell,0xac709fcb44a43c35f0da4e3163b117a17f3770f5,0x3c3fbca1b50c7dc38e94e7bc33e028e05c10629cfbe1d355bde27c42946fe441
86,0.03125,0.0005,0x4c2fb430e95954bcfa54ce4741a9fc2ff6e415ad,2017-09-13T20:30:00.000Z,0.016,0x14d6a9617a144ac2ee29a309862a3d88ba2820d6,buy,0xac709fcb44a43c35f0da4e3163b117a17f3770f5,0x75252544a78d2ae8e367aa7699a8da813681d80c39b1848a7eab71f726c53224
87,2.795859204262621,0.04473374447234273,0x56fd388ad87ffa562168146fb8b55a997351ce39,2017-09-13T10:18:37.000Z,0.015999999,0xa10cefa3d041e48d2889f34c0341560929b43e39,buy,0xac709fcb44a43c35f0da4e3163b117a17f3770f5,0x0b5150f0f1c43965811bd2aa314efc2bf451f92d8cc1d978619c3edfa8157dba
88,2.2673900461820944,0.036278238471523463,0xb8186b97012530dceadc931136bf6cc7e4237f10,2017-09-12T19:00:00.000Z,0.015999999,0xa10cefa3d041e48d2889f34c0341560929b43e39,buy,0xac709fcb44a43c35f0da4e3163b117a17f3770f5,0xedb6ac46baebefe93ebaaf76f5d61a350ccc9c095bd769d7b31d5749a03ea1c3
89,1,0.015999999,0x880cfded2ebfe2fc965976cc1699385ca61035ba,2017-09-12T00:48:04.000Z,0.015999999,0xa10cefa3d041e48d2889f34c0341560929b43e39,buy,0xac709fcb44a43c35f0da4e3163b117a17f3770f5,0x7aa7d3f3920b6b4848e6fa26757ce063d43e11bbd6b89d62f06234cde4a19ba3
90,31.366610397439636,0.07879295668497877,0x36b9ff102d7b7e0cea576cd42d407c7db7ea890a,2017-09-10T19:38:47.000Z,0.002512001,0x338ed9b17eb1fd700f7970de4a9fd3a8dd3bdf3f,sell,0xac709fcb44a43c35f0da4e3163b117a17f3770f5,0x8f95ded702d4d1ce5a7ac781527f6464066610f7839f40fb46e33521f5b59972
91,2.0939818877476637,0.010260511249963552,0x338ed9b17eb1fd700f7970de4a9fd3a8dd3bdf3f,2017-09-10T15:05:04.000Z,0.0049,0x6e0869df372a0dbd16746735b24deffc2de3cf9b,sell,0xac709fcb44a43c35f0da4e3163b117a17f3770f5,0x897d4c525394fe01daf8e0e667c455f05f98bd1b4748e4f0da7e0cda44cdab39
92,4.9850448654037,0.02442671984047813,0x338ed9b17eb1fd700f7970de4a9fd3a8dd3bdf3f,2017-09-10T06:04:00.000Z,0.0049,0x6d3d0dfa885186833d6cf04f7890aab7d3b43cd1,sell,0xac709fcb44a43c35f0da4e3163b117a17f3770f5,0x099ce749cacaa96a3154e94cc8c2d4330f22e1b3938093c33bc279e155ab9d96
93,0.0012,0.00000588,0x338ed9b17eb1fd700f7970de4a9fd3a8dd3bdf3f,2017-09-09T15:25:25.000Z,0.0049,0x5495b81b3654bae90ccc264b39ab0e51b395d58e,sell,0xac709fcb44a43c35f0da4e3163b117a17f3770f5,0xa13a98349c76b8fe977d9103e88ea2ea00addf63ef86039ec00378fd11d476c4
94,12.919773246848637,0.06330688890955832,0x338ed9b17eb1fd700f7970de4a9fd3a8dd3bdf3f,2017-09-09T14:21:30.000Z,0.0049,0x5495b81b3654bae90ccc264b39ab0e51b395d58e,sell,0xac709fcb44a43c35f0da4e3163b117a17f3770f5,0xa1549d32f5512214b73e9409815bbc2bcdd1194ef2738350ecd6b6c825415be9
95,11.260093709500548,0.06226831821353803,0x338ed9b17eb1fd700f7970de4a9fd3a8dd3bdf3f,2017-09-06T16:54:52.000Z,0.00553,0x85e40d0a9bce02be40187d3e9379507ceade5e97,sell,0xac709fcb44a43c35f0da4e3163b117a17f3770f5,0xfecc33adc5c7287bb1275a9dd8187187cb106dc778456b988a049d40d67e2ecf
96,12.959824543913866,0.032529159605223804,0x5495b81b3654bae90ccc264b39ab0e51b395d58e,2017-09-05T04:49:38.000Z,0.00251,0x6b7efbb5de0aba4a02a9a6733887063fd95e1693,sell,0xac709fcb44a43c35f0da4e3163b117a17f3770f5,0xff3b5a37ec430f52c32f706cf086cfd41f8a316b93b58666ac25ce2dac21013e
97,13,0.1638,0x6b7efbb5de0aba4a02a9a6733887063fd95e1693,2017-09-04T22:51:49.000Z,0.0126,0x338ed9b17eb1fd700f7970de4a9fd3a8dd3bdf3f,buy,0xac709fcb44a43c35f0da4e3163b117a17f3770f5,0x512756cecc1eaf346eec0224be3f8d80ec0ea7a36b49dedfb5c346458205e89b
98,15,0.189,0x48eaedfa6ab55f414a433f0778f55ed9b827e822,2017-09-03T20:18:05.000Z,0.0126,0x338ed9b17eb1fd700f7970de4a9fd3a8dd3bdf3f,buy,0xac709fcb44a43c35f0da4e3163b117a17f3770f5,0xbd5d1b5ef4290eef0ef5b50a5f9a68fa5d378549810ee332426ced44423d9310
99,0.01,0.000158,0xcc8f72d19e9af2a071421c076e4ae1ecf893d0fe,2017-09-03T10:23:31.000Z,0.0158,0x338ed9b17eb1fd700f7970de4a9fd3a8dd3bdf3f,buy,0xac709fcb44a43c35f0da4e3163b117a17f3770f5,0x14c143bc219d6fa265d956f03a6a81856f408f36ff700836dfcab5aebc71382c
100,1.110274444649488,0.018941282025720266,0x86f728da4c7237fa2946c246320a32281e17406e,2017-09-02T12:43:07.000Z,0.01706,0x338ed9b17eb1fd700f7970de4a9fd3a8dd3bdf3f,buy,0xac709fcb44a43c35f0da4e3163b117a17f3770f5,0xdb216325acec802abd1d91a39ccb0f40ed32af7f7d2f658e2b4c41e936ee4dcb
101,99.69095803010667,0.21932010766623466,0x8e638f4a968a50b59dfb5c722546281051298cde,2017-09-01T18:39:05.000Z,0.0022,0x755dfe72cff68f68627b7a6ce5ef96ece2bfcfdc,sell,0xac709fcb44a43c35f0da4e3163b117a17f3770f5,0x95db44acc2850cb5627e338a5a031b82d6a7f2d59aa05c35918ed016dcc5e378
102,4.225934170479286,0.008874461758006501,0xff3f57a24a85a2b23bde12ca8120334201e9c414,2017-09-01T03:28:56.000Z,0.0021,0x8cfd64adc97c3f68450f7433f5a988b363acf280,sell,0xac709fcb44a43c35f0da4e3163b117a17f3770f5,0xb850826041cca6fbdec8d46247f2e30a57ebc13bbedf5e0d4658bb64e6c00ce6
103,1,0.0024,0xcac77ff548777bd92f78045a9a3e4d8a752216b5,2017-09-01T03:19:48.000Z,0.0024,0x8cfd64adc97c3f68450f7433f5a988b363acf280,sell,0xac709fcb44a43c35f0da4e3163b117a17f3770f5,0x956c103f0067178759b44ce701a5c47010b6a3f67fb01d6a5b7dee359367090d
104,0.00292304900566394,0.000017538294033983,0x338ed9b17eb1fd700f7970de4a9fd3a8dd3bdf3f,2017-08-28T09:51:11.000Z,0.005999999999999781,0x1c1993d63769aba4fc979fdd586868bb0522b452,sell,0xac709fcb44a43c35f0da4e3163b117a17f3770f5,0x014f071b782345abac8ef7f561a9ae3b2c89d8386091e2a7d8df9a23f0e4149f
105,29.321104575814974,0.17592662745488985,0x338ed9b17eb1fd700f7970de4a9fd3a8dd3bdf3f,2017-08-28T09:47:35.000Z,0.006,0x1c1993d63769aba4fc979fdd586868bb0522b452,sell,0xac709fcb44a43c35f0da4e3163b117a17f3770f5,0xdc219bf824440b8a612421928c5de95287ffa06f859b301c02884477fbdd8213
106,0.1,0.00162,0x4ad203260fa6ed31844ae921d6d0b43092d8918e,2017-08-28T02:11:33.000Z,0.0162,0x85e40d0a9bce02be40187d3e9379507ceade5e97,buy,0xac709fcb44a43c35f0da4e3163b117a17f3770f5,0x10208f140eeaf8bd5387819f21a3d75d5d9da6fc7460e851c0485c3af18ae558
107,29.412,0.500004,0x1c1993d63769aba4fc979fdd586868bb0522b452,2017-08-27T14:11:41.000Z,0.017,0xd8eeda4ee2657bb267bc35c1d60babdc5aedd269,buy,0xac709fcb44a43c35f0da4e3163b117a17f3770f5,0x4686f4067017651394407be1299ae050dceca3096fa1e7037b3d9ae936f7f9bf
108,0.00000008465391189,0.000000000000000846,0xc6e8cfaabf567e3302f959b974dbcc33fefbee64,2017-08-27T02:58:26.000Z,0.00000000999363149454,0x776b9dabd226c70c03f2e38b6acaf658da1fc504,sell,0xac709fcb44a43c35f0da4e3163b117a17f3770f5,0x351d1cc932d9a18856a655054f32733171bc94730266cba20e9350da9bcc4d34
109,5.2420345664077725,0.08649357034572824,0x8cfd64adc97c3f68450f7433f5a988b363acf280,2017-08-26T22:16:33.000Z,0.0165,0x2d42b7be072d69379af9cc671b085a2cf9549a08,buy,0xac709fcb44a43c35f0da4e3163b117a17f3770f5,0x778ffd00b09e3ac689ffd6c7b4eefb0d1fee4db42f7bdbcee3054e60a2746e0b
110,0.000849163390157193,0.00000178324311933,0x1c494641ff76d81ab43ac68d8404bacdbf45561a,2017-08-26T16:00:20.000Z,0.002099999999999876,0x776b9dabd226c70c03f2e38b6acaf658da1fc504,sell,0xac709fcb44a43c35f0da4e3163b117a17f3770f5,0x7e7ae4739954b787fb0f0ce918881acb0ac1c5a1c23c46ca7786367f00a0fff6
111,8.956235669424784,0.018808094905792043,0xff3f57a24a85a2b23bde12ca8120334201e9c414,2017-08-26T14:59:42.000Z,0.0021,0xa7a54711652a137de3b789aec45203366fde78af,sell,0xac709fcb44a43c35f0da4e3163b117a17f3770f5,0xf00d7056f765643cf56a3a7d635ba6e9d25b6b321a8b36f6900ddfcb9dd4b166
112,0.000248415271810536,0.000000002235737446,0x48eaedfa6ab55f414a433f0778f55ed9b827e822,2017-08-26T10:52:10.000Z,0.00000899999999881318,0xa7a54711652a137de3b789aec45203366fde78af,sell,0xac709fcb44a43c35f0da4e3163b117a17f3770f5,0x082afa634ebee66605a7ddb4821b1d8da34f8c67eada39a72373c48ae9120151
113,0.001173902643617333,0.000019369393619686,0xa7a54711652a137de3b789aec45203366fde78af,2017-08-26T10:43:17.000Z,0.016500000000000004,0x2d42b7be072d69379af9cc671b085a2cf9549a08,buy,0xac709fcb44a43c35f0da4e3163b117a17f3770f5,0x6af2dfffcbb9142e9592bd9ba910992058d618a28bed52b11586a037d5bda835
114,8.933075282715535,0.1942943873990629,0xa7a54711652a137de3b789aec45203366fde78af,2017-08-26T10:34:00.000Z,0.02175,0xce7f06ba27b3e525ccdfc559cea9e523e5f91eae,buy,0xac709fcb44a43c35f0da4e3163b117a17f3770f5,0x34389eb1440da1505c64eba884c3f7dea82eab5fab901933b520618c322c9973
115,0.05,0.0011,0xa7a54711652a137de3b789aec45203366fde78af,2017-08-26T10:28:35.000Z,0.022,0x776b9dabd226c70c03f2e38b6acaf658da1fc504,buy,0xac709fcb44a43c35f0da4e3163b117a17f3770f5,0x144a39ae9a3c2ee28b5d0ad2bf1a51b041c8b83356241944506f2de9cc1d9b7c
116,0.000094693372798181,0.00000156244065117,0x153d2f201d68cfe5f82cd4af104d77791c7acee2,2017-08-26T09:40:32.000Z,0.016500000000000143,0x2d42b7be072d69379af9cc671b085a2cf9549a08,buy,0xac709fcb44a43c35f0da4e3163b117a17f3770f5,0xe5c86968c2c6e3a91b0c75dc9682b79efaa531427afcb164a90691d74c44c844
117,0.9498692225385894,0.015672842171886726,0x153d2f201d68cfe5f82cd4af104d77791c7acee2,2017-08-26T09:35:22.000Z,0.0165,0x2d42b7be072d69379af9cc671b085a2cf9549a08,buy,0xac709fcb44a43c35f0da4e3163b117a17f3770f5,0xadec276b1198f4866709575b24cc94cb9dc00a594c607fa6fd8302c27d4f3bf2
118,12.975167575302846,0.015699952766116444,0x14d6a9617a144ac2ee29a309862a3d88ba2820d6,2017-08-26T09:30:36.000Z,0.00121,0x153d2f201d68cfe5f82cd4af104d77791c7acee2,sell,0xac709fcb44a43c35f0da4e3163b117a17f3770f5,0x496845a62c0f94c6564f16cdd3e7ce27346ce590f2748d7efaa8c53e3be637a6
119,13.015282729169696,0.21475216503129999,0x153d2f201d68cfe5f82cd4af104d77791c7acee2,2017-08-26T09:23:02.000Z,0.0165,0x2d42b7be072d69379af9cc671b085a2cf9549a08,buy,0xac709fcb44a43c35f0da4e3163b117a17f3770f5,0x872272f4770ecf5ac81350ffa2e519ce97e66c6e402f5d3515e2a8a7ae6a31b5
120,1.078656165885754,0.001293308742897019,0xa10cefa3d041e48d2889f34c0341560929b43e39,2017-08-26T09:17:43.000Z,0.0011989999999999998,0x153d2f201d68cfe5f82cd4af104d77791c7acee2,sell,0xac709fcb44a43c35f0da4e3163b117a17f3770f5,0x4cd51965d1c968ce76811608b6445fe57739c893f45a6e340a0d5124cb332d94
121,1.082,0.023804,0x153d2f201d68cfe5f82cd4af104d77791c7acee2,2017-08-26T09:00:53.000Z,0.022,0x776b9dabd226c70c03f2e38b6acaf658da1fc504,buy,0xac709fcb44a43c35f0da4e3163b117a17f3770f5,0x5cd052d8d62c15246812c3d2d914fdafed7f32a10b81c9bb36d5e5b45fd8cca4
122,3,0.0495,0xff64f34e8511693e3dffa0e1fe037a6a65f3937b,2017-08-25T22:15:21.000Z,0.0165,0x2d42b7be072d69379af9cc671b085a2cf9549a08,buy,0xac709fcb44a43c35f0da4e3163b117a17f3770f5,0x8e8f2ddb50359a6445f81d199e446a475affd5c2685d87f361f527e124f25d49
123,1.1328517957966666,0.024922739507526666,0x776b9dabd226c70c03f2e38b6acaf658da1fc504,2017-08-25T16:41:30.000Z,0.022,0xad5021d1ffeb0449d24b14c41aeb7419cf332b33,buy,0xac709fcb44a43c35f0da4e3163b117a17f3770f5,0x9c56f46625cbe0fa5847a1a36357e9c60cdfc761be877174a84d6280065ee96f
124,2,0.033,0xf04af313eac8bb867d141ff37ab01f36c24ca495,2017-08-25T15:15:56.000Z,0.0165,0x2d42b7be072d69379af9cc671b085a2cf9549a08,buy,0xac709fcb44a43c35f0da4e3163b117a17f3770f5,0x690576bd21e641f93eec4eba920ce50b1dc854922c078aa16309b3ef17893790
125,4.984593084558961,0.005976527108386194,0xa10cefa3d041e48d2889f34c0341560929b43e39,2017-08-25T13:14:40.000Z,0.001199,0xf04af313eac8bb867d141ff37ab01f36c24ca495,sell,0xac709fcb44a43c35f0da4e3163b117a17f3770f5,0x0d9dd7f9932d513ad451638213b5ddf8a89b74ddd83b2150099710067cf013c5
126,1,0.01799,0xbb325a2ee38566c7a03010b2c4929fd99861bf36,2017-08-25T12:05:23.000Z,0.01799,0xc1474abe48b4622084a6765f16c84be5695d4768,buy,0xac709fcb44a43c35f0da4e3163b117a17f3770f5,0x3d522d047aeeff8395652f64d1777959cb5deeb57ccb4d437a008ab706de127f
127,4.546768789059767,0.05001582071029415,0xf04af313eac8bb867d141ff37ab01f36c24ca495,2017-08-25T10:26:19.000Z,0.0110003,0x2d42b7be072d69379af9cc671b085a2cf9549a08,sell,0xac709fcb44a43c35f0da4e3163b117a17f3770f5,0x333b6a881af66c37084b634b19f650b1c21728abb6de9bb9c412362327bf300e
128,0.45323121094023344,0.004985679289705849,0xf04af313eac8bb867d141ff37ab01f36c24ca495,2017-08-25T09:44:21.000Z,0.0110003,0xf04af313eac8bb867d141ff37ab01f36c24ca495,sell,0xac709fcb44a43c35f0da4e3163b117a17f3770f5,0x7519e31ac205b846df262e8ccff34b56c99aa92bc9d22f9c0776327fa02bd446
129,0.4545907686172864,0.000800079752766424,0xf04af313eac8bb867d141ff37ab01f36c24ca495,2017-08-25T09:35:30.000Z,0.0017599999999999998,0xf04af313eac8bb867d141ff37ab01f36c24ca495,sell,0xac709fcb44a43c35f0da4e3163b117a17f3770f5,0x28a553d9fa737024f24c43c96eb162b63f972592eb75a6b37386c1de4a3ede42
130,0.556,0.01000244,0xf04af313eac8bb867d141ff37ab01f36c24ca495,2017-08-25T09:05:55.000Z,0.01799,0xc1474abe48b4622084a6765f16c84be5695d4768,buy,0xac709fcb44a43c35f0da4e3163b117a17f3770f5,0xa6d39f86c0575911949986d96d60a1daab454d064eaa32000727f167ea43f925
131,0.000000000141693482,0.000000000000028338,0x1eb76e5071a1005d0dda3058bcbf4acb300ae6ed,2017-08-25T08:20:06.000Z,0.0001999950851655971,0x1eb76e5071a1005d0dda3058bcbf4acb300ae6ed,sell,0xac709fcb44a43c35f0da4e3163b117a17f3770f5,0x1396a3bda364007731a0b7bf35202f0fa70fed5fd13822561ab2ae0f9d5a3c34
132,0.000000000142118519,0.000000000000028423,0x1eb76e5071a1005d0dda3058bcbf4acb300ae6ed,2017-08-25T08:16:38.000Z,0.00019999504779528415,0x1eb76e5071a1005d0dda3058bcbf4acb300ae6ed,sell,0xac709fcb44a43c35f0da4e3163b117a17f3770f5,0x2b5a65f99dab39d21c13bad3adc2368fffdfa46080d714ad8b9f9a6fce0bf88f
133,0.000001425590862722,0.000000000000014255,0xc6e8cfaabf567e3302f959b974dbcc33fefbee64,2017-08-25T06:20:09.000Z,0.00000000999936263114,0x1eb76e5071a1005d0dda3058bcbf4acb300ae6ed,sell,0xac709fcb44a43c35f0da4e3163b117a17f3770f5,0x57af0e7716ca9461c3537667d59a6c96ed667386862325fd1604fefa9b23b6a8
134,0.014300101943967719,0.000000028600203887,0x8b182a4526944fa498970732a69a95d281c3c8a9,2017-08-25T06:14:54.000Z,0.00000199999999993459,0x1eb76e5071a1005d0dda3058bcbf4acb300ae6ed,sell,0xac709fcb44a43c35f0da4e3163b117a17f3770f5,0x215a7a9bb5cac600890fb300e69a6543ce9684d2680b1cf34170a3e4ef83aabb
135,143.4443225999402,0.1434443225999402,0xd8eeda4ee2657bb267bc35c1d60babdc5aedd269,2017-08-25T06:10:25.000Z,0.001,0x1eb76e5071a1005d0dda3058bcbf4acb300ae6ed,sell,0xac709fcb44a43c35f0da4e3163b117a17f3770f5,0xfb018461cc131092d0b1847a831c8081a38d27d198050f53eaa8926933320955
136,143.889,2.590002,0x1eb76e5071a1005d0dda3058bcbf4acb300ae6ed,2017-08-25T05:30:28.000Z,0.018,0xd8eeda4ee2657bb267bc35c1d60babdc5aedd269,buy,0xac709fcb44a43c35f0da4e3163b117a17f3770f5,0x03d20e1bf4c359c84443823b6092d1820b4d4e0d677b64fd968cb756978797e2
137,1.01,0.00176547899,0x2d42b7be072d69379af9cc671b085a2cf9549a08,2017-08-25T01:14:56.000Z,0.001747999,0xa10cefa3d041e48d2889f34c0341560929b43e39,buy,0xac709fcb44a43c35f0da4e3163b117a17f3770f5,0x28d9a40d9d1d3f01b586eec369b54115dba768fa3cd5e61cb381138d0ca5da45
138,13.99,0.02445450601,0x2d42b7be072d69379af9cc671b085a2cf9549a08,2017-08-25T00:52:11.000Z,0.001747999,0xa10cefa3d041e48d2889f34c0341560929b43e39,buy,0xac709fcb44a43c35f0da4e3163b117a17f3770f5,0x147567b14e4fa24cece317526b153c6b86e42d87640e71fa5c962c92a5f63a7b
139,5,0.008739995,0x6d3d0dfa885186833d6cf04f7890aab7d3b43cd1,2017-08-24T18:59:49.000Z,0.001747999,0xa10cefa3d041e48d2889f34c0341560929b43e39,buy,0xac709fcb44a43c35f0da4e3163b117a17f3770f5,0x17925c3cc8efadfa6e70ae50fd382f8533ea3c7e820252d604597e6cca3d5f37
140,2,0.0399998,0xff64f34e8511693e3dffa0e1fe037a6a65f3937b,2017-08-21T12:48:54.000Z,0.0199999,0xc1474abe48b4622084a6765f16c84be5695d4768,buy,0xac709fcb44a43c35f0da4e3163b117a17f3770f5,0xbe171de02faaaf7e332a5603eff7a2d22889ca12c2a55298d4af604fb40c1fa6
141,1,0.019,0xff64f34e8511693e3dffa0e1fe037a6a65f3937b,2017-08-20T20:17:05.000Z,0.019,0x85e40d0a9bce02be40187d3e9379507ceade5e97,buy,0xac709fcb44a43c35f0da4e3163b117a17f3770f5,0x2f89385890a9d03e832288c8b42f242fc59c8e99493fd6a3d6d0908a4f211e64
142,2.105,0.039995,0x6e0869df372a0dbd16746735b24deffc2de3cf9b,2017-08-20T12:42:54.000Z,0.019,0x85e40d0a9bce02be40187d3e9379507ceade5e97,buy,0xac709fcb44a43c35f0da4e3163b117a17f3770f5,0xe5e2350f5efe3d08fb0d625d6cd11c580a37e2487a2c4d5fe3b4c2a31eae7bb2
143,4.5,0.09783,0x85e40d0a9bce02be40187d3e9379507ceade5e97,2017-08-17T16:38:13.000Z,0.02174,0xc1474abe48b4622084a6765f16c84be5695d4768,buy,0xac709fcb44a43c35f0da4e3163b117a17f3770f5,0xce113f384a22f6de460bc7e93f3ab8e14116e4300682bdf8b1fdb517a1369437
144,10,0.2174,0x85e40d0a9bce02be40187d3e9379507ceade5e97,2017-08-17T16:32:13.000Z,0.02174,0xc1474abe48b4622084a6765f16c84be5695d4768,buy,0xac709fcb44a43c35f0da4e3163b117a17f3770f5,0xf77fb86027feb1dc3ab682959d1f84b4ef1d6b4245812cf4e54954000408402a
