,amount,amountBase,buyer,date,price,seller,side,tokenAddr,txHash
0,1.5060240963855422,0.0005,0x4fda9e6bcd83af6c5cc771b5d20accc2b7720074,2017-11-02T13:50:35.000Z,0.000332,0xd41905214a51393886233296a362da0afa646022,buy,0x089a6d83282fb8988a656189f1e7a73fa6c1cac2,0x0eb235e2c40bad849083b7d296af29a845e326b7d8883d32391083d521c9397c
1,1.5060240963855422,0.0005,0x3075f7f189912f4f425dd7021b9c396434197477,2017-11-02T13:37:48.000Z,0.000332,0xd41905214a51393886233296a362da0afa646022,buy,0x089a6d83282fb8988a656189f1e7a73fa6c1cac2,0xd4aba321724eed7a744ca63330fc0056cedee893677034965e12f71db08355f5
2,6003.492522913652,1.9912384,0x4791b29abf973c112c7c9af32c22df499de9b190,2017-10-30T04:41:12.000Z,0.00033168,0x739fc8613e0177a800fdb72f4322487e1a23a064,buy,0x089a6d83282fb8988a656189f1e7a73fa6c1cac2,0xc33bf4111b17dd50c5d656116ad05cbd959f6538cbd248cdb87d76991cda0d5c
3,1.5074770863482876,0.0005,0xf9695cd65d6dfdf257fab76a3eb0cb8f001971cc,2017-10-30T03:28:27.000Z,0.00033168,0x739fc8613e0177a800fdb72f4322487e1a23a064,buy,0x089a6d83282fb8988a656189f1e7a73fa6c1cac2,0x93a8710049df2fa3814d43d6286836737a1f7435df56e6eb4082bb6a94ce4158
4,1.4285714285714286,0.0005,0x16e5d97bbc92417e051e3b2cabfbf8ceea2acb9c,2017-10-28T21:26:28.000Z,0.00035,0xa3438804f8ee626bdfc14b2727e9eb5fea04640a,buy,0x089a6d83282fb8988a656189f1e7a73fa6c1cac2,0xcd859317b65dc267400c805b02bc61dec5cfaf23060fed70954c1312b61dd4c4
5,1.4285714285714286,0.0005,0x42c24a83bded723edfdf5883bc7efb30bc1a1bf3,2017-10-28T21:25:47.000Z,0.00035,0xa3438804f8ee626bdfc14b2727e9eb5fea04640a,buy,0x089a6d83282fb8988a656189f1e7a73fa6c1cac2,0x0688dbc35ded2e48fa6870a0a40619d43d59fd169f9abee2485aa66f476a6f3a
6,1.4285714285714286,0.0005,0x379374d13077e8867ef31803c37baf9785a17c00,2017-10-28T21:24:04.000Z,0.00035,0xa3438804f8ee626bdfc14b2727e9eb5fea04640a,buy,0x089a6d83282fb8988a656189f1e7a73fa6c1cac2,0x23cee909a6ee654549bbb64dcbf2b1a7d62b7b1e4d47917ab02a4f23c29d94ba
7,1.4285714285714286,0.0005,0x34f9560c63078eb61872a4dc2ccd20e21c34feaf,2017-10-28T20:51:39.000Z,0.00035,0xa3438804f8ee626bdfc14b2727e9eb5fea04640a,buy,0x089a6d83282fb8988a656189f1e7a73fa6c1cac2,0xfd15c19e8dfaa1cb9be74dde315f71cf360111fa964e3bc07c2ad1070d01973a
8,1.4285714285714286,0.0005,0xe444a40689f51f63bcd29910622035707d533d29,2017-10-28T20:51:05.000Z,0.00035,0xa3438804f8ee626bdfc14b2727e9eb5fea04640a,buy,0x089a6d83282fb8988a656189f1e7a73fa6c1cac2,0x6691556d82abcd2eff69fc9c14f28cbc4eec2f496a86e5afde5df828813f0465
9,82,0.02788,0xadc2b6934278e379c0bcabfccca5d042b02578b4,2017-10-26T02:46:50.000Z,0.00034,0xd41905214a51393886233296a362da0afa646022,buy,0x089a6d83282fb8988a656189f1e7a73fa6c1cac2,0x78d329f7ff78ee010122547a1d081bad864f60b871354decd513cd4eeff2af4a
10,346,0.1038,0x076d87bd55c01f4a54fecaaaddda528809d0216d,2017-10-25T16:56:02.000Z,0.0003,0x04d5a4748ab863f26cfdd5d45a230c6e7da8818f,sell,0x089a6d83282fb8988a656189f1e7a73fa6c1cac2,0xc79e2fc6660111f24953d3a65c196f656631ff1cde5c07bfce6913f860f01a72
11,90,0.026991,0x076d87bd55c01f4a54fecaaaddda528809d0216d,2017-10-25T16:28:40.000Z,0.0002999,0xfa410cbf8064c8343497883ae3bcc86977307bb3,buy,0x089a6d83282fb8988a656189f1e7a73fa6c1cac2,0x9d063f29cf0131eb2ac6c52f257a60df4e82f633b77e73ad88ed16bfd003c047
12,1294.5,0.38835,0x076d87bd55c01f4a54fecaaaddda528809d0216d,2017-10-25T16:28:23.000Z,0.0003,0xc13d3aa23ee83e45a87be9005210abe1f1a7a559,buy,0x089a6d83282fb8988a656189f1e7a73fa6c1cac2,0xb3e99504c7fc0a2116b43516890e05b8be305eed5c34946be0e3521bef9cc558
13,20,0.006,0xc13d3aa23ee83e45a87be9005210abe1f1a7a559,2017-10-22T11:12:25.000Z,0.0003,0x422d4d1f8a9373dc8b75f3e1aeab786083f38a51,buy,0x089a6d83282fb8988a656189f1e7a73fa6c1cac2,0x2776c71a1d8c4fa386937332c4efd303f35448ee48a01d86a77685e4ee798cc0
14,24.922739507526668,0.001074170072774399,0x04d5a4748ab863f26cfdd5d45a230c6e7da8818f,2017-10-22T01:30:34.000Z,0.00004309999999999998,0x9e744dc0ffe41c66ac40ab8e6e4996cf8f25d233,sell,0x089a6d83282fb8988a656189f1e7a73fa6c1cac2,0x0777f5b29673247aca328051d9876dcabc1ab8f4ebe3d6e7936d322aaa1b553e
15,322.9987040175456,0.013921244143156215,0x04d5a4748ab863f26cfdd5d45a230c6e7da8818f,2017-10-21T09:33:54.000Z,0.00004309999999999999,0x6bea560dba5ff41882c90eb7cde5afb489fe270b,sell,0x089a6d83282fb8988a656189f1e7a73fa6c1cac2,0x810a47a75f3a9ea4f7ab74b89a99b74ca943789155b57bd06c6acc0b7bce0691
16,0.5,0.00019995,0x6cdea8e07bf82d7a07dbf36642d6e5be8623845c,2017-10-20T03:37:26.000Z,0.0003999,0xc13d3aa23ee83e45a87be9005210abe1f1a7a559,buy,0x089a6d83282fb8988a656189f1e7a73fa6c1cac2,0x48578359759d14afb239639f604adcf5d6f0a952f4c595aefd82b6320b89f0ad
17,70,0.027993,0x4255f9b80b303be1915d552078a0aae9ba4876dc,2017-10-19T19:15:53.000Z,0.0003999,0x7963bb5c1b6cdbda1f6d40a7750f9f02c2e0207f,sell,0x089a6d83282fb8988a656189f1e7a73fa6c1cac2,0x4dcb953203d794dc0e46cd718a52a879da95a2b0da9eeb8751b04ef851162e0a
18,1,0.00065,0x3ac636ac5c3a2576156ac5f10066ca68abe0ad54,2017-10-18T20:43:40.000Z,0.00065,0x89d5d673b99e89ce7f8a6f9dec80812db80e9944,buy,0x089a6d83282fb8988a656189f1e7a73fa6c1cac2,0xacdffba2d8b2db0a718292a191bdba38ba91235fc537e2e3589542dc9f46779d
19,1.1363636363636365,0.0005,0xcd912af5286dc0b0a23edb30209734ecb60838b3,2017-10-17T05:49:16.000Z,0.00044,0xb14cc4a1ba423738b1cc3ddf4e6868355f1744e4,buy,0x089a6d83282fb8988a656189f1e7a73fa6c1cac2,0x332d6288f3aedac9efa328b3fc03b03daad499c247b2da00ce16e191444f36b7
20,1.1363636363636365,0.0005,0xcd912af5286dc0b0a23edb30209734ecb60838b3,2017-10-17T05:48:03.000Z,0.00044,0xb14cc4a1ba423738b1cc3ddf4e6868355f1744e4,buy,0x089a6d83282fb8988a656189f1e7a73fa6c1cac2,0x332d6288f3aedac9efa328b3fc03b03daad499c247b2da00ce16e191444f36b7
21,20,0.008,0x15ffc6eeaab4f8bc454b67ec6060c68a9b83b43a,2017-10-15T22:02:00.000Z,0.0004,0x6fb7a4918bd87386c7164cdd278dfae23ecf4b05,buy,0x089a6d83282fb8988a656189f1e7a73fa6c1cac2,0x8e59d17d020387671397c6f437cb35c2b5f07418ff2d09165738fc5ee385574b
22,28.910377828730933,0.000693849067889542,0x3ee0c766d2f02ddf091413781b83d82ebb126dd5,2017-10-15T18:18:47.000Z,0.00002399999999999998,0xe5b96bbbdb17c687a8529461b1e7397d3c271249,sell,0x089a6d83282fb8988a656189f1e7a73fa6c1cac2,0xdca2dd436509455f2b6ca2c045d306d597e7a2b6af9af5587f6512240b1b4ad3
23,383.0286939342442,0.09001174307454739,0xe1226c4d0a752a3ef42ee783aa1b4ac1abe47a8e,2017-10-14T21:54:07.000Z,0.000235,0x6fb7a4918bd87386c7164cdd278dfae23ecf4b05,sell,0x089a6d83282fb8988a656189f1e7a73fa6c1cac2,0xa620fd329129ce6e69ff8551a505dd8b4a673b29a43a05d0647db5629c29b6ef
24,238.26138969195495,0.05599142657760941,0xe1226c4d0a752a3ef42ee783aa1b4ac1abe47a8e,2017-10-14T12:53:36.000Z,0.000235,0x809c51e868c3977139e13cb99333eaa0e7915bdb,sell,0x089a6d83282fb8988a656189f1e7a73fa6c1cac2,0xcedee26a9fd76255c6920cd6df3ad6b08b210e38c0d1099bc363c399fe42e8a6
25,1940.2604037503556,0.87311718168766,0xbb7790688c31a995a1679c5ea69637cb9259b564,2017-10-12T17:10:53.000Z,0.00045,0x57e9d807c28e50432f39220ebcc01bc1ae07d7e1,sell,0x089a6d83282fb8988a656189f1e7a73fa6c1cac2,0x84209b8d334bfbb4216ad3f8e2e4d5c4ac842fd1d6d8bd31e5437a648ffcc507
26,249.22739507526668,0.11215232778387,0xbb7790688c31a995a1679c5ea69637cb9259b564,2017-10-12T16:18:16.000Z,0.00045,0x1899a21760650d300930da2bf4df4f17089d3a1d,sell,0x089a6d83282fb8988a656189f1e7a73fa6c1cac2,0x915b96795a00f53c276675af0af4b43a2bbd61e4c1f087e964e9df9fa5563fe3
27,498,0.2241,0xbb7790688c31a995a1679c5ea69637cb9259b564,2017-10-11T21:23:12.000Z,0.00045,0x327cb0abd917ab3e274cd16b56a1fdb940c9d65c,sell,0x089a6d83282fb8988a656189f1e7a73fa6c1cac2,0xf78437ecb338cf3717011c3029821b8b13cce5e87c854364cf6c77fe702d6e8c
28,163,0.0652,0x7aa6e2506316f6d613277d4f2f4e4e1dc55e528e,2017-10-10T13:36:37.000Z,0.0004,0x4c1ac9fa9aa8efb7f975d7e0610004c456df352f,buy,0x089a6d83282fb8988a656189f1e7a73fa6c1cac2,0x53def3645306f06637b69456834831729c9531e374ec6268edb18a34bf3147db
29,162.511,0.07312995,0xbb7790688c31a995a1679c5ea69637cb9259b564,2017-10-10T13:36:37.000Z,0.00045,0x7aa6e2506316f6d613277d4f2f4e4e1dc55e528e,sell,0x089a6d83282fb8988a656189f1e7a73fa6c1cac2,0x53def3645306f06637b69456834831729c9531e374ec6268edb18a34bf3147db
30,1.9360424590845233,0.007744169836338093,0xab13b657aff57ceee2955d2128c34b37932f6f3a,2017-10-10T12:45:04.000Z,0.004,0x89d5d673b99e89ce7f8a6f9dec80812db80e9944,buy,0x089a6d83282fb8988a656189f1e7a73fa6c1cac2,0xc4008d7ae17b618e023f366c2eb135c6176ebae37fdd6e325750aa8cc20c50b3
31,81,0.3158919,0xbb7790688c31a995a1679c5ea69637cb9259b564,2017-10-10T11:41:11.000Z,0.0038999,0xc4240904cb9f6a3831e816d1288cf0256b3f7ec0,buy,0x089a6d83282fb8988a656189f1e7a73fa6c1cac2,0xfdb383551e1a6e7d558ae22b1dc4e05b2eaf853272b68e2d62fafcd93ab5c283
32,1,0.0049146,0x0249924245a19aa2d7f5ddb0739a7132b7d094ab,2017-10-10T05:03:23.000Z,0.0049146,0xd09e4c2ab4c42ca5afd1756ad5899634421abf07,buy,0x089a6d83282fb8988a656189f1e7a73fa6c1cac2,0xf0fbf0b2500dc3d53797df4da89230d2bd2e4db2c7029e53e8c25e5ec726d2a7
33,20,0.08,0x422d4d1f8a9373dc8b75f3e1aeab786083f38a51,2017-10-09T22:22:33.000Z,0.004,0x89d5d673b99e89ce7f8a6f9dec80812db80e9944,buy,0x089a6d83282fb8988a656189f1e7a73fa6c1cac2,0x87879722af5d8e6df9a2be50c5643fa759256adf82702c525fce59ebfb9fbfaa
34,9.969095803010667,0.0044860931113548,0x3ee0c766d2f02ddf091413781b83d82ebb126dd5,2017-10-09T22:21:47.000Z,0.00045,0x422d4d1f8a9373dc8b75f3e1aeab786083f38a51,sell,0x089a6d83282fb8988a656189f1e7a73fa6c1cac2,0xd86f9c3067be8a0e8eb12b25f16cae34b9ff053bd558b47bbf0bbb3230cca48c
35,10,0.04,0x0220a73d5113ed7a85a6b610056573b3fd4968be,2017-10-09T21:37:22.000Z,0.004,0x89d5d673b99e89ce7f8a6f9dec80812db80e9944,buy,0x089a6d83282fb8988a656189f1e7a73fa6c1cac2,0xe7b1442d7b5b231a79bf1132fb831d5dff9432e0448354bed2a014cace785342
36,1942.6877077361314,0.8742094684812591,0x4454847b528907f6819a6696491370060a37e5d0,2017-10-09T21:22:18.000Z,0.00045,0x7b509944a5895869de772b09d62e38ddb4c5203c,buy,0x089a6d83282fb8988a656189f1e7a73fa6c1cac2,0x71751e96cb620705f887dde03cee2d2e589c2f99273f4c088b2147e475392112
37,398.7638321204267,0.17944372445419202,0x3ee0c766d2f02ddf091413781b83d82ebb126dd5,2017-10-09T20:55:24.000Z,0.00045,0xb29892483f26453c0cfdd8ba6b1cd968af40ed4c,sell,0x089a6d83282fb8988a656189f1e7a73fa6c1cac2,0xb9f2740bf6eb1f09a407854fac1266a068aabe77b9a3855e9b695237eb0e8890
38,643.4559141820693,0.28955516138193116,0xabb9032ce21a8e0259132f5d3e985a0e3573e7d1,2017-10-09T20:51:54.000Z,0.00045,0x7b509944a5895869de772b09d62e38ddb4c5203c,buy,0x089a6d83282fb8988a656189f1e7a73fa6c1cac2,0x6e378c1de7e2c1ad982a5f85fe83bd8b826700e4e3d75733ce79977826f799cc
39,95.26024878432415,0.04286711195294587,0xfcb18d872f0a9e0158ca978f24c2aaaaa3b3d1cc,2017-10-09T20:47:57.000Z,0.00045,0x7b509944a5895869de772b09d62e38ddb4c5203c,buy,0x089a6d83282fb8988a656189f1e7a73fa6c1cac2,0x7adeb29bd977a150aca0fe54103edebba9b5bacd976517d40881fd637148001a
40,11500,5.175,0x690debf8c164fb184ce63da13e6f50ffa171c5d6,2017-10-09T20:38:11.000Z,0.00045,0x7b509944a5895869de772b09d62e38ddb4c5203c,buy,0x089a6d83282fb8988a656189f1e7a73fa6c1cac2,0x7c50ea8f770237ceb9ef7ec57b1ca92cf21d481d11bb7e1ab0e5625f0eb7b8bc
41,6600,2.97,0x690debf8c164fb184ce63da13e6f50ffa171c5d6,2017-10-09T20:20:08.000Z,0.00045,0x7b509944a5895869de772b09d62e38ddb4c5203c,buy,0x089a6d83282fb8988a656189f1e7a73fa6c1cac2,0x6e6868a5b03f37532733deaf24f92fa29a7a43b31777bb1af244671c826ad35a
42,6666.667,3.00000015,0x0220a73d5113ed7a85a6b610056573b3fd4968be,2017-10-09T20:17:32.000Z,0.00045,0x7b509944a5895869de772b09d62e38ddb4c5203c,buy,0x089a6d83282fb8988a656189f1e7a73fa6c1cac2,0xa3603cb3deaae720c5ade8bac4251a41463567910577a9b8f511e73a0c7af33b
43,5993.212414847307,2.696945586681288,0x690debf8c164fb184ce63da13e6f50ffa171c5d6,2017-10-09T20:16:08.000Z,0.00045,0x7b509944a5895869de772b09d62e38ddb4c5203c,buy,0x089a6d83282fb8988a656189f1e7a73fa6c1cac2,0x08a4ce6d65febae68054663ab6208570c1b40266c8dd4dd178dc26f03486952d
44,400,0.1998,0xb29892483f26453c0cfdd8ba6b1cd968af40ed4c,2017-10-09T20:14:49.000Z,0.0004995,0x04d5a4748ab863f26cfdd5d45a230c6e7da8818f,buy,0x089a6d83282fb8988a656189f1e7a73fa6c1cac2,0xbbc906a48922db5b050798b41d2914590ea4ec6d9eea7d4521ec3ec5c625362f
45,7532.507237554768,3.3896282568996456,0x57e9d807c28e50432f39220ebcc01bc1ae07d7e1,2017-10-09T20:07:44.000Z,0.00045,0x7b509944a5895869de772b09d62e38ddb4c5203c,buy,0x089a6d83282fb8988a656189f1e7a73fa6c1cac2,0x4ba474aeb98e517f112395416752c81cda6c8ec54f2f4960c7b428ab991515f1
46,4500,2.025,0x690debf8c164fb184ce63da13e6f50ffa171c5d6,2017-10-09T19:59:10.000Z,0.00045,0x7b509944a5895869de772b09d62e38ddb4c5203c,buy,0x089a6d83282fb8988a656189f1e7a73fa6c1cac2,0x5976a810bedee8e40494565b0c6a6d1dc0c6c0ebd6f097141a0ce29bfd0debbb
47,400,0.1798,0x690debf8c164fb184ce63da13e6f50ffa171c5d6,2017-10-09T19:59:10.000Z,0.0004495,0x04d5a4748ab863f26cfdd5d45a230c6e7da8818f,buy,0x089a6d83282fb8988a656189f1e7a73fa6c1cac2,0xdf512f68ae968a8f0590a93bbf99d4eacb4f4a7804aa1ed29050c0c413252155
48,295,0.132455,0x690debf8c164fb184ce63da13e6f50ffa171c5d6,2017-10-09T19:57:46.000Z,0.000449,0x087bb798614391b9229276e82cb335cb9ec381fb,buy,0x089a6d83282fb8988a656189f1e7a73fa6c1cac2,0x83ff8440bae299eae0386c84431939b9b9a7f97ddb9c9d0ec59cdc0c17a31e8a
49,1500,0.6735,0x690debf8c164fb184ce63da13e6f50ffa171c5d6,2017-10-09T19:48:27.000Z,0.000449,0x087bb798614391b9229276e82cb335cb9ec381fb,buy,0x089a6d83282fb8988a656189f1e7a73fa6c1cac2,0xf52fb0b46f1d0e5ff4965d1ff995d9030b8f986b69b85e2ffe20ce62fea02338
50,283,0.122539,0x690debf8c164fb184ce63da13e6f50ffa171c5d6,2017-10-09T19:31:31.000Z,0.000433,0xeecc29f66931bb3815bb67856a80df995f94d087,buy,0x089a6d83282fb8988a656189f1e7a73fa6c1cac2,0xb0200d49183281c2974413b9412304f5c52ec27c7145545637acc3b7f1391a33
51,370,0.1591,0xabb9032ce21a8e0259132f5d3e985a0e3573e7d1,2017-10-09T14:08:35.000Z,0.00043,0x48a2622590ffcba44f98f228da094dda64ddec21,buy,0x089a6d83282fb8988a656189f1e7a73fa6c1cac2,0x6e9cd65bc1f5db3cfe0d10c4ecb8be41784cd312a9e58173fccded83175a041f
52,62.30684876881667,0.003115342438440833,0x5d5065b42bdee0274e394ba9042c21e1818c69cf,2017-10-08T11:44:22.000Z,0.00004999999999999999,0x57b070709b9baffa065ec5a284ebf26b98398dcc,sell,0x089a6d83282fb8988a656189f1e7a73fa6c1cac2,0xf4c3fc3b79ae4ab03d86f5e3f4d478cf735d3b27a7cb9ab7dbd1c4181355dfef
53,498.45479015053337,0.134582793340644,0xa9c1a214dfdfee7565fb0cb7912af9ea2b04b4ab,2017-10-07T18:46:24.000Z,0.00027,0xc6916b4e64a5039463999407421d6041b928fc41,sell,0x089a6d83282fb8988a656189f1e7a73fa6c1cac2,0x0e14ad09468f5a42a33750358b90a540c38e582c8c9362d82630a2e91d84a01c
54,111,0.049839,0x8eff6fd15b86cb9267ffd7ff34b4919313a8e9d5,2017-10-07T04:41:04.000Z,0.000449,0x087bb798614391b9229276e82cb335cb9ec381fb,buy,0x089a6d83282fb8988a656189f1e7a73fa6c1cac2,0xb43dc85509e71aa158df699995b398be26b77dde1bad1c53e6c8300dd1254a1d
55,265,0.1189585,0x8eff6fd15b86cb9267ffd7ff34b4919313a8e9d5,2017-10-07T04:32:11.000Z,0.0004489,0x04d5a4748ab863f26cfdd5d45a230c6e7da8818f,buy,0x089a6d83282fb8988a656189f1e7a73fa6c1cac2,0x7876d40373c1410cf3b8de9506a8d16251bf637dfa6c78243f40a0a1d6b8abde
56,736.716,0.322681608,0x8eff6fd15b86cb9267ffd7ff34b4919313a8e9d5,2017-10-07T04:25:24.000Z,0.000438,0x74bfb2e0ad8358ac78f440dd34db13665206c96f,buy,0x089a6d83282fb8988a656189f1e7a73fa6c1cac2,0x5b74f3fc76c578411654cb249db25f3eefb9a37baa0c8780dd614f36f590ab6d
57,424.6834812082544,0.008493669624165088,0x57c91f0cb10402fc022f4fb706d3006e9be0cbe5,2017-10-03T09:59:39.000Z,0.00001999999999999999,0x3fd73eb6623963968c2e82ce3657286715b2ef36,sell,0x089a6d83282fb8988a656189f1e7a73fa6c1cac2,0xbcaff1139f9906cd7dbf1293ad75122b6559a130b3f599e93e38a30e3454c3a8
58,1373.6461002472133,0.6181407451112461,0x57e9d807c28e50432f39220ebcc01bc1ae07d7e1,2017-10-03T01:52:37.000Z,0.00045,0x7b509944a5895869de772b09d62e38ddb4c5203c,buy,0x089a6d83282fb8988a656189f1e7a73fa6c1cac2,0x7b7f6f3c58ad5ba0016f440ead128a13b6e76bab26a82482855055533901742b
59,1266.2538020197537,0.5698142109088892,0x57e9d807c28e50432f39220ebcc01bc1ae07d7e1,2017-10-02T22:37:12.000Z,0.00045,0x7b509944a5895869de772b09d62e38ddb4c5203c,buy,0x089a6d83282fb8988a656189f1e7a73fa6c1cac2,0x5abfe9fb4883527ba90ad2a0094036ac9fad79ff66a8ddae2fee17528ca046f2
60,1107.754726815265,0.4984896270668693,0x57e9d807c28e50432f39220ebcc01bc1ae07d7e1,2017-10-02T21:14:55.000Z,0.00045,0x7b509944a5895869de772b09d62e38ddb4c5203c,buy,0x089a6d83282fb8988a656189f1e7a73fa6c1cac2,0x9eb3840a0b3915852c7a9e96335dfb0a88dd8d1acb3b71e0c815f83d9cce1e42
61,776.5535728131681,0.34944910776592564,0x57e9d807c28e50432f39220ebcc01bc1ae07d7e1,2017-10-02T20:21:32.000Z,0.00045,0x7b509944a5895869de772b09d62e38ddb4c5203c,buy,0x089a6d83282fb8988a656189f1e7a73fa6c1cac2,0xde51240d48701d5097e055d5b9bdc371d42c55edd96407c9f0c64993c8e19533
62,223,0.0892,0x57e9d807c28e50432f39220ebcc01bc1ae07d7e1,2017-10-02T20:18:43.000Z,0.0004,0x89d5d673b99e89ce7f8a6f9dec80812db80e9944,buy,0x089a6d83282fb8988a656189f1e7a73fa6c1cac2,0xb4eeae685c46cf77b4e5a094f6ca03e63f16186900b10c05141eadbf726d0cc9
63,10,0.0015,0x422d4d1f8a9373dc8b75f3e1aeab786083f38a51,2017-09-28T19:11:40.000Z,0.00015,0x0d6baf35b4982a7cb84ffe8eb786607d1abef2e1,buy,0x089a6d83282fb8988a656189f1e7a73fa6c1cac2,0x8372fa9b37132e94851ffa1b0cce02f4eb03c685b0ae0827d53229fa823224dd
64,7,0.00105,0xa0be78d2bac6a692adba423c7af50ec86a18bddf,2017-09-28T13:36:23.000Z,0.00015,0x0d6baf35b4982a7cb84ffe8eb786607d1abef2e1,buy,0x089a6d83282fb8988a656189f1e7a73fa6c1cac2,0x82b657c452d168f60b8b7a7dfecd1e1117e1163aad808becf22c2496d5f26798
65,686.8707008274349,0.000755626457980261,0x74bfb2e0ad8358ac78f440dd34db13665206c96f,2017-09-25T22:37:23.000Z,0.00000110009999999999,0xe4dcb24dc1b05722530f033ad812e851b62cc0aa,sell,0x089a6d83282fb8988a656189f1e7a73fa6c1cac2,0x403f3a0e81d34aa31150dc355be4769a2989aebd604b6a44d0a49b701428c2e0
66,49.8454562578169,0.000099740757971891,0x74bfb2e0ad8358ac78f440dd34db13665206c96f,2017-09-18T20:47:56.000Z,0.00000200099999999998,0xadc2b6934278e379c0bcabfccca5d042b02578b4,sell,0x089a6d83282fb8988a656189f1e7a73fa6c1cac2,0xfb4f70add3d9fb9102f8574265321a0a6842238aa36dc0246da48e5e2d6bcd01
67,0.006,0.000000012,0x0024a5046fd95c5eee6db19a69ef7ed3bacd50f1,2017-09-18T03:20:55.000Z,0.000002,0xadc2b6934278e379c0bcabfccca5d042b02578b4,sell,0x089a6d83282fb8988a656189f1e7a73fa6c1cac2,0x1c523846c8d3c96ea4fb8c79b4957c97f213c6aa708c36406fb11b61f15e72fa
68,0.001275,0.00000057375,0xadc2b6934278e379c0bcabfccca5d042b02578b4,2017-09-17T11:52:22.000Z,0.00045,0x7b509944a5895869de772b09d62e38ddb4c5203c,buy,0x089a6d83282fb8988a656189f1e7a73fa6c1cac2,0x9f1dcebf3d60165f544dd821a910c03309b19fb5f54e017d08a60478d9092df1
69,48.47672216129997,0.004847672216129997,0xa81a24a9950ecdce9a0ca2172a65a1e6ebbda51d,2017-09-16T02:59:13.000Z,0.00009999999999999999,0xadc2b6934278e379c0bcabfccca5d042b02578b4,sell,0x089a6d83282fb8988a656189f1e7a73fa6c1cac2,0x837679a796e848b716895fc24ede5442a973012aedd8c79da01cea39def9780b
70,130.952,0.05499984,0x54b59cbea68b581f1fa6ae1c3d5ea0643e8e2378,2017-09-13T20:29:43.000Z,0.00042,0xa81a24a9950ecdce9a0ca2172a65a1e6ebbda51d,buy,0x089a6d83282fb8988a656189f1e7a73fa6c1cac2,0xee09403f45fbeb225cae4aea8f467dcbc34f0207384b62f30a914a32ca6b05c8
71,2,0.0009,0x0024a5046fd95c5eee6db19a69ef7ed3bacd50f1,2017-09-11T19:51:27.000Z,0.00045,0x7b509944a5895869de772b09d62e38ddb4c5203c,buy,0x089a6d83282fb8988a656189f1e7a73fa6c1cac2,0x05d1c2af52cfb89308d371afd53ceff317016f50cce0adbf9dc499e005e63e6a
