,amount,amountBase,buyer,date,price,seller,side,tokenAddr,txHash
0,2523.7484780507207,0.5047496956101442,0x15636434fa8779ca1895fd3e3bba90139d36a735,2017-11-02T16:00:21.000Z,0.00019999999999999998,0xeba9184e53134a3031839c34e53889a4b26e0ec3,sell,0x9b6443b0fb9c241a7fdac375595cea13e6b7807a,0xfb5e6806ef0b736774e97073f8c2caeb494ebcda29f37d78830bafd765442219
1,500,0.11075,0x5a4c698bbf79ad5f272927e08d1f3747eb63f182,2017-11-02T15:27:25.000Z,0.0002215,0xeba9184e53134a3031839c34e53889a4b26e0ec3,sell,0x9b6443b0fb9c241a7fdac375595cea13e6b7807a,0x31cfd2a643ea79d7091f3d5cc01fc22d41d690c8afda5dcb79703db089c24f69
2,1500,0.3333,0x957de35805a9b7810000546a2f14035685969ea0,2017-11-02T15:14:04.000Z,0.0002222,0xeba9184e53134a3031839c34e53889a4b26e0ec3,sell,0x9b6443b0fb9c241a7fdac375595cea13e6b7807a,0xeb84178b810a4c61c7b7dc07d86771d1eb1aa1546101ffec75351fe46d3392ee
3,1.7241973861167625,0.0005,0x4fda9e6bcd83af6c5cc771b5d20accc2b7720074,2017-11-02T14:24:20.000Z,0.00028999,0x15636434fa8779ca1895fd3e3bba90139d36a735,buy,0x9b6443b0fb9c241a7fdac375595cea13e6b7807a,0x236f6ebee6ac8186ba255ac5c7d0f5eba68885bce03584823a0834841c84ef6e
4,1.7241973861167625,0.0005,0x3075f7f189912f4f425dd7021b9c396434197477,2017-11-02T14:20:28.000Z,0.00028999,0x15636434fa8779ca1895fd3e3bba90139d36a735,buy,0x9b6443b0fb9c241a7fdac375595cea13e6b7807a,0x558046493c73178b8dd6734899d50feb45b61f98b0d2278f93dc13ab584592e3
5,403.84644202970793,0.08965391013059515,0x15636434fa8779ca1895fd3e3bba90139d36a735,2017-11-02T13:49:35.000Z,0.000222,0x2a02904c2d7510a28d184387aab187478182a60b,sell,0x9b6443b0fb9c241a7fdac375595cea13e6b7807a,0x674ddba4b30fdc0375564f4d5fe8c26435547bbbfb7e92d3a2206009696cf33f
6,13.292,0.0029907,0xfa7a70854ec6ad8b232d6755a7736fad35e25d5f,2017-11-02T13:47:00.000Z,0.000225,0x2a02904c2d7510a28d184387aab187478182a60b,sell,0x9b6443b0fb9c241a7fdac375595cea13e6b7807a,0xc3b3fb98e5198fe283e4a266958a44968021688aee91404d72dd3456606d2a15
7,29.586,0.0066568618344,0x5d2affe86b5c7aa569073bdcf5b91a89394b9e8a,2017-11-02T13:46:05.000Z,0.0002250004,0x2a02904c2d7510a28d184387aab187478182a60b,sell,0x9b6443b0fb9c241a7fdac375595cea13e6b7807a,0xd7f680591ec7811cbb128f62d1907ecfd1ea27c13b99e3d72a9747a2d988794a
8,221.41361778486691,0.04981815256704217,0x5d2affe86b5c7aa569073bdcf5b91a89394b9e8a,2017-11-02T13:24:14.000Z,0.0002250004,0xbb3d24900039279dda91d1713a2f30277ade8f97,sell,0x9b6443b0fb9c241a7fdac375595cea13e6b7807a,0x7d6c24c9c3f3ac2f4968af0332e516d194f9f4dfcfe3d5259a5eee07fe054e6f
9,3992.445,0.88632279,0x15636434fa8779ca1895fd3e3bba90139d36a735,2017-11-02T12:20:06.000Z,0.000222,0xd84d8f26ab42d71d6be29a889dfea458a420a82e,buy,0x9b6443b0fb9c241a7fdac375595cea13e6b7807a,0xbd7fd1da34e37a2e14fb250e35e99e0c3ef22f3b79b91bd13e11af8e5dbf397d
10,4430.707876370888,0.9969092721834496,0xfa7a70854ec6ad8b232d6755a7736fad35e25d5f,2017-11-02T11:57:53.000Z,0.000225,0x1d5321e125f6c7079a716705541c7b371ca79e69,sell,0x9b6443b0fb9c241a7fdac375595cea13e6b7807a,0x9066e623afed780e1dc9f3e9b1360c2e4d088f24ea4bb5dd546de47b450b2efe
11,4444,0.986568,0x1d5321e125f6c7079a716705541c7b371ca79e69,2017-11-02T11:57:53.000Z,0.000222,0xd84d8f26ab42d71d6be29a889dfea458a420a82e,buy,0x9b6443b0fb9c241a7fdac375595cea13e6b7807a,0x9066e623afed780e1dc9f3e9b1360c2e4d088f24ea4bb5dd546de47b450b2efe
12,327,0.08175,0x143ecfee04a13884e5310fe20c61abb954fc5e09,2017-11-02T08:48:24.000Z,0.00025,0x4c1ac9fa9aa8efb7f975d7e0610004c456df352f,buy,0x9b6443b0fb9c241a7fdac375595cea13e6b7807a,0x9267eff0837751ad0236e02bbd4ab827b8e5646e959061aca08982faf81137f8
13,4,0.0010035816,0x15636434fa8779ca1895fd3e3bba90139d36a735,2017-11-02T03:52:55.000Z,0.0002508954,0x5d2affe86b5c7aa569073bdcf5b91a89394b9e8a,sell,0x9b6443b0fb9c241a7fdac375595cea13e6b7807a,0xef810dae3ca91bfa72396b9c9e0e6ca3387068973533302a11d236b223c3d0e7
14,4,0.001080075,0x15636434fa8779ca1895fd3e3bba90139d36a735,2017-11-02T03:51:59.000Z,0.00027001875,0x5d2affe86b5c7aa569073bdcf5b91a89394b9e8a,sell,0x9b6443b0fb9c241a7fdac375595cea13e6b7807a,0x5390963c92de5b2f0f04d6623528e97e7707511f2f3cfbec18f134ccb31635cd
15,7000,1.918,0x267975f50cbb31d33bdd60523a5d379dcb40502d,2017-11-02T03:29:11.000Z,0.000274,0x15636434fa8779ca1895fd3e3bba90139d36a735,sell,0x9b6443b0fb9c241a7fdac375595cea13e6b7807a,0x0b5ded157a902841719393b6510a12b1ff480eee696355364b9c2737f111f1cb
16,81.93799222410527,0.018436048250423685,0x5d2affe86b5c7aa569073bdcf5b91a89394b9e8a,2017-11-02T00:36:58.000Z,0.000225,0xf4aec84e2cc5877e0604e8b5d3e4473f793984de,sell,0x9b6443b0fb9c241a7fdac375595cea13e6b7807a,0xce9696a927571735c13afafb05d2b7518c13b7b674c44bc079621a39bb69f96f
17,178.265,0.062214663265,0x94be42307be6dcf5246b9f423cba80659702036e,2017-11-01T22:36:17.000Z,0.000349001,0xfa410cbf8064c8343497883ae3bcc86977307bb3,buy,0x9b6443b0fb9c241a7fdac375595cea13e6b7807a,0xa53a93dfb380988715196ff823bc3b2f9a2f4b2a9cc71b4fd9aa119907a212f5
18,37.86,0.030288,0x94be42307be6dcf5246b9f423cba80659702036e,2017-11-01T22:23:03.000Z,0.0008,0xeb8198223a7096f4a0756c51fe2e6e293808054f,buy,0x9b6443b0fb9c241a7fdac375595cea13e6b7807a,0x13813e9394971371fe48d0c0035b0aa72a48393fc8852396fdc2d5a1fb0c1a6d
19,134.582793340644,0.04239344531950952,0x3bf5f7b29b1ff9f6a30479ed3851248ae9a45afe,2017-11-01T22:10:23.000Z,0.000314999,0x39ea9758821ebae00b03c5a95e2b49084310d9fa,sell,0x9b6443b0fb9c241a7fdac375595cea13e6b7807a,0xecc4d00c690b75e0b1b432e87b2d8910b4e3e5f5df9c9b22a2cf0a7d77d46d37
20,0.05,0.00001574995,0x15636434fa8779ca1895fd3e3bba90139d36a735,2017-11-01T21:13:52.000Z,0.000314999,0x15636434fa8779ca1895fd3e3bba90139d36a735,buy,0x9b6443b0fb9c241a7fdac375595cea13e6b7807a,0x1d586f5fddfe87db11f03091f5a49c44b3f08da207369e655de04e8fa8f75309
21,440,0.13859956,0x3bf5f7b29b1ff9f6a30479ed3851248ae9a45afe,2017-11-01T21:11:53.000Z,0.000314999,0x15636434fa8779ca1895fd3e3bba90139d36a735,sell,0x9b6443b0fb9c241a7fdac375595cea13e6b7807a,0x37cd4ed2ae3c9c1160634bc98c6c56fbd3460b01d38533d58b2fe57e26b481e0
22,462.56604525969493,0.10407736018343136,0x5d2affe86b5c7aa569073bdcf5b91a89394b9e8a,2017-11-01T20:43:19.000Z,0.000225,0xb9549897417c115c1727a3b20b8353df25967fdd,sell,0x9b6443b0fb9c241a7fdac375595cea13e6b7807a,0x3fe51a73416a06680226612e021b0387bf0e6f393e75ee1a3dd8cbac7cf3daef
23,0.05,0.00001574995,0x15636434fa8779ca1895fd3e3bba90139d36a735,2017-11-01T20:21:00.000Z,0.000314999,0x15636434fa8779ca1895fd3e3bba90139d36a735,buy,0x9b6443b0fb9c241a7fdac375595cea13e6b7807a,0x235b0169040d8645274a83c2e79068b64d66be35966b9fc2845cd9bac7acd420
24,103.508,0.022927022,0x5d2affe86b5c7aa569073bdcf5b91a89394b9e8a,2017-11-01T18:44:23.000Z,0.0002215,0xcf45bf426dd8a84aec6767f0103784d99adbf215,buy,0x9b6443b0fb9c241a7fdac375595cea13e6b7807a,0xe6a05cdb7a34f30baa764424e47c649cf9a5a061db241d531a181b030b40c12b
25,37.75966927609755,0.008363766744655606,0x5d2affe86b5c7aa569073bdcf5b91a89394b9e8a,2017-11-01T18:33:24.000Z,0.0002215,0xcf45bf426dd8a84aec6767f0103784d99adbf215,buy,0x9b6443b0fb9c241a7fdac375595cea13e6b7807a,0xae10c8e17df2a7266f75bb906445051c34183006ebbc40652e984509b871e362
26,12119.79400713483,2.690594269583932,0x15636434fa8779ca1895fd3e3bba90139d36a735,2017-11-01T16:43:58.000Z,0.000222,0x3f1816c0b1e3e199933b31d89daf986317b9ecb1,sell,0x9b6443b0fb9c241a7fdac375595cea13e6b7807a,0x4a59522e4d54032743b1390fa213a952ae1af6d0ae28441b9a42e6e8d9620420
27,6000,1.38,0x0644c1a6d61e0994c73c86febdf64ec8432b1013,2017-11-01T16:40:27.000Z,0.00023,0x3f1816c0b1e3e199933b31d89daf986317b9ecb1,sell,0x9b6443b0fb9c241a7fdac375595cea13e6b7807a,0x6d426efa7f7c7a08f33f55015d219ae1360021dd6cd7cba5bec83d70958956e0
28,223.84192202173264,0.049692906688824645,0x15636434fa8779ca1895fd3e3bba90139d36a735,2017-11-01T16:13:44.000Z,0.000222,0x43808d5a5cc952c530ff9d0499fa0bfd8ff553bf,sell,0x9b6443b0fb9c241a7fdac375595cea13e6b7807a,0xe2211af87191d0cb889aaaca09199ae934656c0eb2876aae33717507e18777a3
29,1000,0.222,0x15636434fa8779ca1895fd3e3bba90139d36a735,2017-11-01T15:39:56.000Z,0.000222,0x018e1ad8eabe1d6c7d1dc712cf72925abfaa9700,sell,0x9b6443b0fb9c241a7fdac375595cea13e6b7807a,0xdc33c5078339264d34bf6c47da426907fe50800670648cb43a169506aea6f35d
30,558.1726647393082,0.12341197617386103,0x957de35805a9b7810000546a2f14035685969ea0,2017-11-01T13:50:53.000Z,0.00022109999999999998,0x9db1ee70e0af0baca42d8b3361b032cbe10c4ba8,sell,0x9b6443b0fb9c241a7fdac375595cea13e6b7807a,0x127362f799d7265b29832659fbe089c982ab30e9526556e2a1ebb75ed733b293
31,80,0.01768,0x5a4c698bbf79ad5f272927e08d1f3747eb63f182,2017-11-01T09:49:50.000Z,0.000221,0x12be693054c534b2a03f65294a644111cbd02069,buy,0x9b6443b0fb9c241a7fdac375595cea13e6b7807a,0x1d1e90d3e814ca4c1e7e9b59ae39d00828d5d1f975661cff21110daa6b30172d
32,16.9,0.0037349,0x5aeda141ceb7323825fb57f8c0fae9a0a97a1674,2017-11-01T06:42:04.000Z,0.000221,0x12be693054c534b2a03f65294a644111cbd02069,buy,0x9b6443b0fb9c241a7fdac375595cea13e6b7807a,0xd758979eafa618824ef90aa6f5f05f35f25e743a526ff085c99f325c335deb23
33,186.68718731931014,0.04125786839756754,0x143ecfee04a13884e5310fe20c61abb954fc5e09,2017-11-01T02:44:17.000Z,0.00022099999999999998,0x3603576f910ac545006eadbfee5798202ed07a45,sell,0x9b6443b0fb9c241a7fdac375595cea13e6b7807a,0xd74a367573fa36bc40f9b034065cc837936d4fb94091c7323a95b7c815f7cb1d
34,1282.4957810786561,0.29497402964809094,0x15636434fa8779ca1895fd3e3bba90139d36a735,2017-10-31T23:48:22.000Z,0.00022999999999999998,0x5c5d3c5d01150ff8b6c620aaae03abda0958760f,sell,0x9b6443b0fb9c241a7fdac375595cea13e6b7807a,0xc0a39858d098a4359921b71ebca6d4d58dcf47124d5859b62eb4136c582f49cc
35,1246.8573342637824,0.28677718688066994,0x15636434fa8779ca1895fd3e3bba90139d36a735,2017-10-31T23:44:45.000Z,0.00022999999999999998,0x012b004a612ef8ae447ba014522fa1dd24c4fa58,sell,0x9b6443b0fb9c241a7fdac375595cea13e6b7807a,0x0d3ce3282d2a44b6470f5a045d27de1858dc675b22ec2cf0d0e4f7bb4769e8c9
36,1229.1173113348618,0.2826969816070182,0x15636434fa8779ca1895fd3e3bba90139d36a735,2017-10-31T23:44:45.000Z,0.00022999999999999998,0x887cb9f8b715b11be275c40093646003138341eb,sell,0x9b6443b0fb9c241a7fdac375595cea13e6b7807a,0x43b55f16270e4daf8b063f0d8c592996a9f6d796a50fedc10b90fda9b01eab81
37,707.9363146246635,0.16282535236367263,0x15636434fa8779ca1895fd3e3bba90139d36a735,2017-10-31T23:06:47.000Z,0.00022999999999999998,0x285f04a5e54a01af34b2fc042b03b26ef94bf5e9,sell,0x9b6443b0fb9c241a7fdac375595cea13e6b7807a,0x1fb5e23b5b7173c5443b243f115bf4e3910bc15b3565a0b964997022cf377481
38,48,0.01128,0xb03cbb3c956376d5f00b3b9d0dfac14547f5d0d3,2017-10-31T23:04:33.000Z,0.000235,0x285f04a5e54a01af34b2fc042b03b26ef94bf5e9,sell,0x9b6443b0fb9c241a7fdac375595cea13e6b7807a,0x4be393c1fa8968448bc3628788d1f1a749f32abc0d35ef101109f6b62ff34657
39,190,0.04446,0x86a3733c65f40fc1dd257abd7bcb058dbdd173e3,2017-10-31T23:04:33.000Z,0.000234,0x285f04a5e54a01af34b2fc042b03b26ef94bf5e9,sell,0x9b6443b0fb9c241a7fdac375595cea13e6b7807a,0xeddeb5e5bfa0e6ef92c87c43cf69b573bad62077005d28dd42dcf6812310cc82
40,373.4738562551282,0.08589898693867949,0x15636434fa8779ca1895fd3e3bba90139d36a735,2017-10-31T19:31:39.000Z,0.00022999999999999998,0x0af69da5a1557bd16f14e51e21749166eb5dd58a,sell,0x9b6443b0fb9c241a7fdac375595cea13e6b7807a,0x1cc659bc0e0f2271688b1ec6ff7ce788752d90673bb3fcc6316d60c4096c70a1
41,997.9000951911104,0.2295170218939554,0x15636434fa8779ca1895fd3e3bba90139d36a735,2017-10-31T19:03:17.000Z,0.00022999999999999998,0x0af69da5a1557bd16f14e51e21749166eb5dd58a,sell,0x9b6443b0fb9c241a7fdac375595cea13e6b7807a,0xcb3f6abf95567e7e7170f5e2f3005c21020a00d07bf8b84d379188d37c9f913e
42,14.183692553085436,0.00326224928720965,0x15636434fa8779ca1895fd3e3bba90139d36a735,2017-10-31T16:59:42.000Z,0.00022999999999999998,0x2a9f767441ac2de0934f49994fa5a080466e8644,sell,0x9b6443b0fb9c241a7fdac375595cea13e6b7807a,0x61479660689fda893692d37c6ce2e8252568b336a180c7e774157bfbf9fb7823
43,1368.446,0.3421115,0x15636434fa8779ca1895fd3e3bba90139d36a735,2017-10-31T16:57:30.000Z,0.00025,0x2a9f767441ac2de0934f49994fa5a080466e8644,sell,0x9b6443b0fb9c241a7fdac375595cea13e6b7807a,0x448a9b1171a8ff543884fb8803f5bed7f38429870bf31be112ef9075c384ecfe
44,1570.9370950054831,0.39273427375137077,0x15636434fa8779ca1895fd3e3bba90139d36a735,2017-10-31T16:52:38.000Z,0.00025,0x5925904609ac21e0f5a9f1338f5367bb149940fc,sell,0x9b6443b0fb9c241a7fdac375595cea13e6b7807a,0xe999fb30a8c68feb075c78020dce50a98c02a4f904869dea655b965c87662e48
45,3060.6166493869005,0.7651541623467252,0x15636434fa8779ca1895fd3e3bba90139d36a735,2017-10-31T16:45:31.000Z,0.00025,0x63246af264b125af886ac915da576b3a466db3a4,sell,0x9b6443b0fb9c241a7fdac375595cea13e6b7807a,0xf9137f67cae5157ffe11f78493268744334294b48786d222d01ec4916d42a77f
46,6.836,0.001709,0x5d2affe86b5c7aa569073bdcf5b91a89394b9e8a,2017-10-31T16:40:48.000Z,0.00025,0x85cd36ab363e041fe4e12baa39bc004b352e27a2,buy,0x9b6443b0fb9c241a7fdac375595cea13e6b7807a,0x7b064eaad95160f1563420a1181e951bd62155a9c0f5f87debbf58d36af0a6b0
47,201.05246902512232,0.05026311725628058,0xeba9184e53134a3031839c34e53889a4b26e0ec3,2017-10-31T16:37:40.000Z,0.00025,0x85cd36ab363e041fe4e12baa39bc004b352e27a2,buy,0x9b6443b0fb9c241a7fdac375595cea13e6b7807a,0x662c64cc99dd36c3b61bbe5a64a8960e81c8aa51bfefb41d217652f48eb698b8
48,200,0.05,0x5d2affe86b5c7aa569073bdcf5b91a89394b9e8a,2017-10-31T16:37:40.000Z,0.00025,0x85cd36ab363e041fe4e12baa39bc004b352e27a2,buy,0x9b6443b0fb9c241a7fdac375595cea13e6b7807a,0x1d77a0744056533cbb6dcc8fb0315cae4627fa9ca7fff5edeb515c35f320f880
49,36.1407570631864,0.009233963429644125,0x5aeda141ceb7323825fb57f8c0fae9a0a97a1674,2017-10-31T16:37:02.000Z,0.0002555,0x1d5321e125f6c7079a716705541c7b371ca79e69,sell,0x9b6443b0fb9c241a7fdac375595cea13e6b7807a,0x5de80363a01303836e96e9fe808cd946911a1ed09b5e3e06a95e2adf6a55f7c0
50,36.24917933437596,0.00906229483359399,0x1d5321e125f6c7079a716705541c7b371ca79e69,2017-10-31T16:37:02.000Z,0.00025,0x85cd36ab363e041fe4e12baa39bc004b352e27a2,buy,0x9b6443b0fb9c241a7fdac375595cea13e6b7807a,0x5de80363a01303836e96e9fe808cd946911a1ed09b5e3e06a95e2adf6a55f7c0
51,0.08995330316910807,0.000017990660633821,0xeba9184e53134a3031839c34e53889a4b26e0ec3,2017-10-31T15:31:10.000Z,0.00019999999999999315,0x591b7a2e24d5d1100148e280d43c7aa34a9c48e1,sell,0x9b6443b0fb9c241a7fdac375595cea13e6b7807a,0xb5aa7296c2a68c38d6d1663a2aa9f0968e003b8057a92d7239165ed74e488829
52,902.3215840893231,0.18055454897627354,0x957de35805a9b7810000546a2f14035685969ea0,2017-10-31T15:30:11.000Z,0.00020009999999999998,0x591b7a2e24d5d1100148e280d43c7aa34a9c48e1,sell,0x9b6443b0fb9c241a7fdac375595cea13e6b7807a,0xf4c6449057e214116f4abb5bdd157cec96da9ff8ce5fc6fda7c812dd55149b7a
53,1000,0.21,0xeba9184e53134a3031839c34e53889a4b26e0ec3,2017-10-31T15:27:14.000Z,0.00021,0x591b7a2e24d5d1100148e280d43c7aa34a9c48e1,sell,0x9b6443b0fb9c241a7fdac375595cea13e6b7807a,0x8a68dc4079dea58e17601501614e39b5e56d5673d2bb7b0112bc3b6767fc6834
54,970,0.2522,0x0503a72631ac1dedc46a99f19e504da53bef89e9,2017-10-31T15:22:59.000Z,0.00026,0x591b7a2e24d5d1100148e280d43c7aa34a9c48e1,sell,0x9b6443b0fb9c241a7fdac375595cea13e6b7807a,0x2a986f21e1ea58b39f3604a55fe3d2014cf3226f71d40e618848fee9bb4892cb
55,492.073,0.135320075,0x5d2affe86b5c7aa569073bdcf5b91a89394b9e8a,2017-10-31T15:22:22.000Z,0.000275,0x591b7a2e24d5d1100148e280d43c7aa34a9c48e1,sell,0x9b6443b0fb9c241a7fdac375595cea13e6b7807a,0xd91222620952c38d9a7840ac1d0a2c8b6c3851312e4cce474d12b531b5ea3adf
56,1400,0.47446,0x6bc2a1c542ee442f0e8b936b1c8baa59351dda62,2017-10-31T13:45:48.000Z,0.0003389,0x3f1816c0b1e3e199933b31d89daf986317b9ecb1,buy,0x9b6443b0fb9c241a7fdac375595cea13e6b7807a,0x6c9fa9629b7894ee6d4e7b6f7c5d53a0f5a5e48a3f584630a83205b33de81b90
57,325.92662745488985,0.0896298225500947,0x5d2affe86b5c7aa569073bdcf5b91a89394b9e8a,2017-10-31T13:34:02.000Z,0.000275,0x3d544ec1813f8d2b0d836fc96621f26841fe4305,sell,0x9b6443b0fb9c241a7fdac375595cea13e6b7807a,0x77c46214b70fe2b2fa9721155d5b1cec9db66d6c17cd0b2ef8b643e449afcfd6
58,3,0.001017,0x0b773d7819259d78757b26dc4148812d35676d8f,2017-10-31T13:26:37.000Z,0.000339,0xb03cbb3c956376d5f00b3b9d0dfac14547f5d0d3,buy,0x9b6443b0fb9c241a7fdac375595cea13e6b7807a,0x6f6b2ccac8c8ab34226cde00b1267a75f0c7040addd2cec4ff30bb22d1ae9420
59,272,0.0748,0x5d2affe86b5c7aa569073bdcf5b91a89394b9e8a,2017-10-31T07:22:27.000Z,0.000275,0x20a3eb708c6613e7e8edef518627a21ac7a7fa86,sell,0x9b6443b0fb9c241a7fdac375595cea13e6b7807a,0x7dd33807935f595933b1262ee3459723ccc1b2dd1e7abb2e32d58b86916256ea
60,5237.634631443053,1.7802720112274937,0xa84df3098ad8cfa5621618a71c6f25ed719b67aa,2017-10-31T07:13:28.000Z,0.0003399,0x3f1816c0b1e3e199933b31d89daf986317b9ecb1,buy,0x9b6443b0fb9c241a7fdac375595cea13e6b7807a,0x1018d270e8c7d0b4d7d2fc2d455d49d13c1609b6441c134407d1c0214dce5fd4
61,189,0.064071,0xa84df3098ad8cfa5621618a71c6f25ed719b67aa,2017-10-31T07:13:15.000Z,0.000339,0xfd3ca205b3242113036923ce50f23555c3b5de81,buy,0x9b6443b0fb9c241a7fdac375595cea13e6b7807a,0xbf2111da18d8863b14a90a35b2538bc3e2b2083988fd9e4028251aa5bd25254b
62,82.09244816070182,0.021344036521782475,0x15636434fa8779ca1895fd3e3bba90139d36a735,2017-10-31T04:42:32.000Z,0.00026,0x806cb904ae97eea50dfd6e4f5919f31c421fc833,sell,0x9b6443b0fb9c241a7fdac375595cea13e6b7807a,0x1b71ceefc90a3866f4eceab3edadf2c11f76a4eaded325f42871308a2a9977fd
63,2970.9104325424105,0.7724367124610266,0x15636434fa8779ca1895fd3e3bba90139d36a735,2017-10-31T03:05:13.000Z,0.00026,0x28845e6e3c5a350cfadf14bf263e00fd5ec42a61,sell,0x9b6443b0fb9c241a7fdac375595cea13e6b7807a,0xa3eff388a2e2660a45ac09c29092a8a06e0e6d2436ea3c6ed593626567c8666c
64,91.5063303758349,0.023791645897717078,0x15636434fa8779ca1895fd3e3bba90139d36a735,2017-10-31T02:50:12.000Z,0.00026,0xcc98ebdda7f32497839f74f3bcd42bfc391c52ab,sell,0x9b6443b0fb9c241a7fdac375595cea13e6b7807a,0x47b4d049128e2677b03cb62d486342bb74a165d45ee02cd8a43a21aef3b0b92d
65,50,0.013,0x8095018876cf8b005220798088b38a5d50c52946,2017-10-31T01:19:31.000Z,0.00026,0x28845e6e3c5a350cfadf14bf263e00fd5ec42a61,sell,0x9b6443b0fb9c241a7fdac375595cea13e6b7807a,0x50897d2c45bb2d0d05d7207fd95a268bd2d6dbe4e14fda15129ab0685b30eb8d
66,789.3737329179544,0.20523717055866814,0xeba9184e53134a3031839c34e53889a4b26e0ec3,2017-10-31T01:19:08.000Z,0.00026,0x28845e6e3c5a350cfadf14bf263e00fd5ec42a61,sell,0x9b6443b0fb9c241a7fdac375595cea13e6b7807a,0x73e435be492d62e4a7d2e2c8ac8babf4960cb32cd3e79f8b782177fc0c6356be
67,570,0.15447,0x29b8eca0a380c562a00b7e5d1fbc624e5be736a5,2017-10-31T00:55:51.000Z,0.000271,0x28845e6e3c5a350cfadf14bf263e00fd5ec42a61,sell,0x9b6443b0fb9c241a7fdac375595cea13e6b7807a,0xb1b63be2f3ba2afa25658dbb205f2c06b1650806b35a270e2504eb519fbda649
68,500,0.136,0x947d19efbca9b0f8801352c8b0f52263656aa9b2,2017-10-31T00:54:36.000Z,0.000272,0x28845e6e3c5a350cfadf14bf263e00fd5ec42a61,sell,0x9b6443b0fb9c241a7fdac375595cea13e6b7807a,0x0eddcc3d64bead7db9be0252a9096f75f36bf9b523042aaed3fb03211080f611
69,10000,2.8,0x15636434fa8779ca1895fd3e3bba90139d36a735,2017-10-31T00:54:14.000Z,0.00028,0x28845e6e3c5a350cfadf14bf263e00fd5ec42a61,sell,0x9b6443b0fb9c241a7fdac375595cea13e6b7807a,0x8aba2df65a826210842b77f37ece936ecf3bc409da8d973a5be7cf603e1f9223
70,3000,0.816003,0xf567d5dc358662ada2855f3326b1b9be957849aa,2017-10-31T00:54:14.000Z,0.000272001,0x28845e6e3c5a350cfadf14bf263e00fd5ec42a61,sell,0x9b6443b0fb9c241a7fdac375595cea13e6b7807a,0x08d567e8a8fc46b0ef944c038a72e8c7a846878a138a9055ae694c028fa2d6d5
71,220,0.066,0x17c342d93ae3f44cdb81336b986f12046f912511,2017-10-30T19:00:40.000Z,0.0003,0x71ee38a5a63bd5520f33eda8c5d1c97ce5f887ef,buy,0x9b6443b0fb9c241a7fdac375595cea13e6b7807a,0xcfdcc14e29e3c918c9164fa03f6740056d1ca3103fcce6f98d460cdf9bd5d441
72,5000,1.350125,0x15636434fa8779ca1895fd3e3bba90139d36a735,2017-10-30T14:39:51.000Z,0.000270025,0x28845e6e3c5a350cfadf14bf263e00fd5ec42a61,sell,0x9b6443b0fb9c241a7fdac375595cea13e6b7807a,0xea43fef0c724c86212cf969c093b90d031df91a0ef4fe169055ee16f80703339
73,1,0.000349,0x6cdea8e07bf82d7a07dbf36642d6e5be8623845c,2017-10-30T14:31:43.000Z,0.000349,0xb03cbb3c956376d5f00b3b9d0dfac14547f5d0d3,buy,0x9b6443b0fb9c241a7fdac375595cea13e6b7807a,0x0730fbb3116a90e7e33e421e1df4f0577c742deb5325407e7eefdd3e99fb16d6
74,211,0.07174,0x5e1e1b8f0e75f9608f8f82a40fceac31589558bf,2017-10-30T14:09:06.000Z,0.00034,0x4d57cb55d3c0982a5cbfaabd78cba44396c0a498,buy,0x9b6443b0fb9c241a7fdac375595cea13e6b7807a,0x4c8cb1627c7fa4ba137907581c8dac2634fb21f67ab20b79e96ddf9fc54adfa0
75,210.52626708204565,0.05473682944133187,0xeba9184e53134a3031839c34e53889a4b26e0ec3,2017-10-30T10:09:42.000Z,0.00026,0xc83f3a18574537d5ce4def4dcef818115636f3b8,sell,0x9b6443b0fb9c241a7fdac375595cea13e6b7807a,0xdf52db4e2a3350af0b4eba90c42b7fafb0c0b6df4dd3eac9ea58500ec48219a7
76,809,0.238655,0x86a3733c65f40fc1dd257abd7bcb058dbdd173e3,2017-10-30T09:34:48.000Z,0.000295,0x28845e6e3c5a350cfadf14bf263e00fd5ec42a61,sell,0x9b6443b0fb9c241a7fdac375595cea13e6b7807a,0x31431212eab0db8c30bb4fa93e700c864fcc9236bddf68f4d37fdd9922bba03c
77,2807.097,0.8452169067,0xdfc8cec5f26d82f7c88e6ec9ee55898bda63e54a,2017-10-30T08:06:27.000Z,0.0003011,0x28845e6e3c5a350cfadf14bf263e00fd5ec42a61,sell,0x9b6443b0fb9c241a7fdac375595cea13e6b7807a,0x7024b630ec464176debd2e0a95df31c1322b798443dfcd22988fdd901db6848e
78,419.2,0.1261792,0xeba9184e53134a3031839c34e53889a4b26e0ec3,2017-10-30T08:06:27.000Z,0.000301,0x28845e6e3c5a350cfadf14bf263e00fd5ec42a61,sell,0x9b6443b0fb9c241a7fdac375595cea13e6b7807a,0xeddb82a41551ecfe2bc04ca706c6d02bf5b82be35f8a95a185d749ed606e1e27
79,223.51719659056923,0.06730102789342039,0xdfc8cec5f26d82f7c88e6ec9ee55898bda63e54a,2017-10-30T07:55:01.000Z,0.0003011,0x4c8b89be299d28341efa2cd5b70ca6db9bc991e0,sell,0x9b6443b0fb9c241a7fdac375595cea13e6b7807a,0xe74d7bb359a53d3428b257165ad93b993996a9622188c171036d5d42f0920b1d
80,0.6947154780755445,0.000209178830448546,0xdfc8cec5f26d82f7c88e6ec9ee55898bda63e54a,2017-10-30T07:14:33.000Z,0.00030109999999999935,0x0799376cd3d071127ea4cef6babc670047b276d3,sell,0x9b6443b0fb9c241a7fdac375595cea13e6b7807a,0xae8077283e94add5e442e51e2f47d928264892eba5844865ced8aeb397deada8
81,6968.690960575787,2.0982728482293695,0xdfc8cec5f26d82f7c88e6ec9ee55898bda63e54a,2017-10-30T07:08:36.000Z,0.0003011,0x0799376cd3d071127ea4cef6babc670047b276d3,sell,0x9b6443b0fb9c241a7fdac375595cea13e6b7807a,0x7463c1cb43381188ecdb523a3c4334066305e80367ddc7a0f107e9cdfb0e80fe
82,3000,0.903327,0xf567d5dc358662ada2855f3326b1b9be957849aa,2017-10-30T07:06:39.000Z,0.000301109,0x0799376cd3d071127ea4cef6babc670047b276d3,sell,0x9b6443b0fb9c241a7fdac375595cea13e6b7807a,0x45d1081367e0c58c06c5e3709f138aa009943deb36ad0f528f9c3fc75e81b16a
83,1000,0.301107,0x15636434fa8779ca1895fd3e3bba90139d36a735,2017-10-30T07:06:39.000Z,0.000301107,0x0799376cd3d071127ea4cef6babc670047b276d3,sell,0x9b6443b0fb9c241a7fdac375595cea13e6b7807a,0xdd49cf07d2ebb1d335a424ef04858a0a010f9c9fb1e7d2100973829c18ba6be9
84,4161.72473571927,1.253128611722958,0x15636434fa8779ca1895fd3e3bba90139d36a735,2017-10-30T07:06:39.000Z,0.00030110799999999996,0x0799376cd3d071127ea4cef6babc670047b276d3,sell,0x9b6443b0fb9c241a7fdac375595cea13e6b7807a,0x3f6052c1ca0a34379b9e7349f776de3b5159f7cf1903e4d62f22dfb8a26c7588
85,317.0172465357392,0.09545642906988336,0x15636434fa8779ca1895fd3e3bba90139d36a735,2017-10-30T06:23:03.000Z,0.00030110799999999996,0xcd07679a857c49b6cc0b1181a57a2f480a8ddf50,sell,0x9b6443b0fb9c241a7fdac375595cea13e6b7807a,0x531fa93c64710588575e61f3539d0d73c3b08fe2639450d647cf5a41301576ce
86,240.2103479214435,0.07232925744193001,0x15636434fa8779ca1895fd3e3bba90139d36a735,2017-10-30T05:30:57.000Z,0.00030110799999999996,0x7432d6b345466f791704755475d6a7382b133e41,sell,0x9b6443b0fb9c241a7fdac375595cea13e6b7807a,0xffb86d23172d5543c02966aafee685334804027acf43319ae71fcc6d1a0aee11
87,100.54132190210348,0.030273796355298574,0x15636434fa8779ca1895fd3e3bba90139d36a735,2017-10-30T04:52:01.000Z,0.00030110799999999996,0x267975f50cbb31d33bdd60523a5d379dcb40502d,sell,0x9b6443b0fb9c241a7fdac375595cea13e6b7807a,0xbcd9dd18bcc49441710099dec142a8c48010cb49740dbb7b37191e8a6214c188
88,186.68718731931014,0.056213005599342836,0x15636434fa8779ca1895fd3e3bba90139d36a735,2017-10-30T04:44:01.000Z,0.00030110799999999996,0x6bdba5d6fef0781a8a65018d4e6c65928eba63f3,sell,0x9b6443b0fb9c241a7fdac375595cea13e6b7807a,0xc24c1baaa18c7335eca794731c83bd71b13fd4ac94b821a848b21abb8b3c7e60
89,1993.8191606021335,0.6003548998105872,0x15636434fa8779ca1895fd3e3bba90139d36a735,2017-10-30T00:05:57.000Z,0.00030110799999999996,0x3ee8b60658dbc2522d2be78a4c0205e2322be2b0,sell,0x9b6443b0fb9c241a7fdac375595cea13e6b7807a,0x27a466aa67484254304f43079e647b473b011adf1ab48c3612d0eeb6dd3d42e3
90,141.787,0.042819674,0x17c342d93ae3f44cdb81336b986f12046f912511,2017-10-29T23:52:52.000Z,0.000302,0xe4dcb24dc1b05722530f033ad812e851b62cc0aa,buy,0x9b6443b0fb9c241a7fdac375595cea13e6b7807a,0xf77a4cf5f721ae4b99d70af0c8e70a5ab1cd8adf66877934dd8acf6dcedf9641
91,1000,0.301108,0x15636434fa8779ca1895fd3e3bba90139d36a735,2017-10-29T23:43:51.000Z,0.000301108,0x74c54b23792cf0d6b78fd1f4bf1beb60ab192846,sell,0x9b6443b0fb9c241a7fdac375595cea13e6b7807a,0x6c05217cb31de7c46f80ba3927b2c9813c8117dae513ef028d8037e87b1760c4
92,65.59671857445483,0.01981020900948536,0x957de35805a9b7810000546a2f14035685969ea0,2017-10-29T23:43:19.000Z,0.00030199999999999997,0x74c54b23792cf0d6b78fd1f4bf1beb60ab192846,sell,0x9b6443b0fb9c241a7fdac375595cea13e6b7807a,0x6a8d9097c2a60d3e07297e84f90ae7ff787619519ffa2b41691953eba5ce965a
93,749.06,0.22546706,0x15636434fa8779ca1895fd3e3bba90139d36a735,2017-10-29T23:25:06.000Z,0.000301,0xa8d14836d7a9e5b7ffa375bce60bf6c9c358e316,buy,0x9b6443b0fb9c241a7fdac375595cea13e6b7807a,0xb5b8d5b1176e8db57f8e76c7adcd17b6090a129af2cf8248bee5055df9a380ed
94,159.0539328082943,0.048034287708104875,0x957de35805a9b7810000546a2f14035685969ea0,2017-10-29T23:07:53.000Z,0.00030199999999999997,0x4c57754ab203bc1e15af3235bfbada7d099e814b,sell,0x9b6443b0fb9c241a7fdac375595cea13e6b7807a,0x0337f77767614ed871ee06082217a2abcc98f5c9311d5d8e9a210cc60caa9899
95,618.1178620285144,0.19223465509086798,0xb03cbb3c956376d5f00b3b9d0dfac14547f5d0d3,2017-10-29T20:42:24.000Z,0.00031099999999999997,0x0af69da5a1557bd16f14e51e21749166eb5dd58a,sell,0x9b6443b0fb9c241a7fdac375595cea13e6b7807a,0xbc8c5e2e0bd4ebec5b6627f821b33f1b3a8742659c6f52c1d9e3cb31955e39c0
96,163.5569733825142,0.0507026617485794,0x143ecfee04a13884e5310fe20c61abb954fc5e09,2017-10-29T20:41:13.000Z,0.00031,0x0af69da5a1557bd16f14e51e21749166eb5dd58a,sell,0x9b6443b0fb9c241a7fdac375595cea13e6b7807a,0xfd02aa619dd2cfeb1836ebbbd0ef4a54898329098c7c9eb729a1b23d58f7bc34
97,186.7170346459928,0.05806899777490376,0xb03cbb3c956376d5f00b3b9d0dfac14547f5d0d3,2017-10-29T19:57:47.000Z,0.00031099999999999997,0x0af69da5a1557bd16f14e51e21749166eb5dd58a,sell,0x9b6443b0fb9c241a7fdac375595cea13e6b7807a,0xe31152938a12bf4d4667d15830cda6596a91c65d120c893e1c0be30c84733d31
98,0.10472782221489615,0.000032570352708832,0xb03cbb3c956376d5f00b3b9d0dfac14547f5d0d3,2017-10-29T16:49:43.000Z,0.00031099999999999325,0xf81b3beedd011a715cacb3724873ddcc3053f6ef,sell,0x9b6443b0fb9c241a7fdac375595cea13e6b7807a,0xf7069573882e2b783bc1d23df24dcb5f8e0ad84184ac8b681f6087223fecc8c8
99,1050.5247846376233,0.32671320802230086,0xb03cbb3c956376d5f00b3b9d0dfac14547f5d0d3,2017-10-29T16:46:31.000Z,0.00031099999999999997,0xf81b3beedd011a715cacb3724873ddcc3053f6ef,sell,0x9b6443b0fb9c241a7fdac375595cea13e6b7807a,0x89e09860d319e15a65c5434e3fc06dc2990164f7e5e58c94ca90d8c5885e67ea
100,299.3985339537741,0.09311294405962374,0xb03cbb3c956376d5f00b3b9d0dfac14547f5d0d3,2017-10-29T16:33:22.000Z,0.00031099999999999997,0x0af69da5a1557bd16f14e51e21749166eb5dd58a,sell,0x9b6443b0fb9c241a7fdac375595cea13e6b7807a,0x3e72882958aedb702e3e089e813a805417d0ab4972925be4078d14dd44840e2d
101,6000,1.806642,0x15636434fa8779ca1895fd3e3bba90139d36a735,2017-10-29T15:29:38.000Z,0.000301107,0x0b70497633a9d7f73615c9b5021f4acc2f82a754,sell,0x9b6443b0fb9c241a7fdac375595cea13e6b7807a,0x795a6f0e60bbad9571cbd7877b63ce092a58cdfe2425228b19ed5cc1cd0ee259
102,690.8856903080095,0.20864747847301887,0x957de35805a9b7810000546a2f14035685969ea0,2017-10-29T15:17:21.000Z,0.00030199999999999997,0x0af69da5a1557bd16f14e51e21749166eb5dd58a,sell,0x9b6443b0fb9c241a7fdac375595cea13e6b7807a,0x350318cfe15d04e2d69b8cf874c1d0d78e667456843d6ed61ca67962d38fdb4f
103,420.46365830924134,0.12698002480939088,0x957de35805a9b7810000546a2f14035685969ea0,2017-10-29T14:47:15.000Z,0.00030199999999999997,0xec1ae7a44a78cdb611e6b56a28da1cc11a0521d4,sell,0x9b6443b0fb9c241a7fdac375595cea13e6b7807a,0xef07e229c0ffc0aec2c24a620c3a85b397d6ec9a962983d803c015fc6d1a8109
104,846.4430266174858,0.2623973382514206,0x143ecfee04a13884e5310fe20c61abb954fc5e09,2017-10-29T13:13:30.000Z,0.00031,0x86d621be15b493d340fcfe022cf994a8b03406b5,sell,0x9b6443b0fb9c241a7fdac375595cea13e6b7807a,0x78eb582fcdbda8bef82d65c1d0f29b1ab016f1f7d09c332a69ce32e3fc27d8c2
105,1952,0.685152,0x5e1e1b8f0e75f9608f8f82a40fceac31589558bf,2017-10-29T11:49:30.000Z,0.000351,0xb03cbb3c956376d5f00b3b9d0dfac14547f5d0d3,buy,0x9b6443b0fb9c241a7fdac375595cea13e6b7807a,0x1956a2514daf982e96b46cbc98da3a2e7df857c6c76d9e80a50b45860575eb26
106,80.7496760043864,0.024305652477320305,0xeba9184e53134a3031839c34e53889a4b26e0ec3,2017-10-29T10:37:45.000Z,0.000301,0xa3406b9ef2aab95b0f2431982fefdc0de4662313,sell,0x9b6443b0fb9c241a7fdac375595cea13e6b7807a,0xad807154ca0ad0edb366b7686efbf1617742f2efef6ae66105f06089099bb7ff
107,1000,0.340001,0x2e26035b04213530deeea6a3874d0f4143bce939,2017-10-29T10:24:27.000Z,0.000340001,0x0b70497633a9d7f73615c9b5021f4acc2f82a754,sell,0x9b6443b0fb9c241a7fdac375595cea13e6b7807a,0xfb73086bb394ad7825b9b13f424f06448d3ff5b2d0c7316e85b2994e515f16a7
108,2000,0.704,0x17c342d93ae3f44cdb81336b986f12046f912511,2017-10-29T10:21:58.000Z,0.000352,0x0b70497633a9d7f73615c9b5021f4acc2f82a754,sell,0x9b6443b0fb9c241a7fdac375595cea13e6b7807a,0xa81c57869c9b85c28f0095c7e32d1a7f4c8841203348a2cd1c4d1ffa15c92ec3
109,438.791,0.154474177595,0x2e26035b04213530deeea6a3874d0f4143bce939,2017-10-29T10:20:52.000Z,0.000352045,0x0b70497633a9d7f73615c9b5021f4acc2f82a754,sell,0x9b6443b0fb9c241a7fdac375595cea13e6b7807a,0xe9719dda1d36d3b1d283b3ee5a841b1d9379aaefbfa124c93ad30f2f70de6167
110,100.853,0.0403311147,0x267975f50cbb31d33bdd60523a5d379dcb40502d,2017-10-29T07:50:11.000Z,0.0003999,0x5aeda141ceb7323825fb57f8c0fae9a0a97a1674,buy,0x9b6443b0fb9c241a7fdac375595cea13e6b7807a,0x91db80161a11c33f0110499d5bedaad3d4735bc533d2cd7f531acd31d6d1b681
111,139.86993669624164,0.04924051186422839,0x2e26035b04213530deeea6a3874d0f4143bce939,2017-10-29T06:25:13.000Z,0.000352045,0x8d8eebf1c1572530b5eeb14c8de3bab1c2e0c313,sell,0x9b6443b0fb9c241a7fdac375595cea13e6b7807a,0x75f0944e43fa1ee4de10404dfa8c974f98d0fac807847d39849b22ba291ea3f9
112,99,0.034852455,0x2e26035b04213530deeea6a3874d0f4143bce939,2017-10-29T05:49:46.000Z,0.000352045,0x5aeda141ceb7323825fb57f8c0fae9a0a97a1674,sell,0x9b6443b0fb9c241a7fdac375595cea13e6b7807a,0x315454dd4be1e7f9d176918acf967de7658a5f6de3a5eb51b6792532268c46d0
113,159,0.055975155,0x0503a72631ac1dedc46a99f19e504da53bef89e9,2017-10-29T04:51:05.000Z,0.000352045,0x0a992b523ca1f1a19e6849aadc240ddd6d0c95f7,buy,0x9b6443b0fb9c241a7fdac375595cea13e6b7807a,0x9dc4cda20f2dd9165778280351c08cb8804fd2cc68aa671a5f4d6bd68f87fef3
114,1240.6856870302063,0.436777192690549,0x2e26035b04213530deeea6a3874d0f4143bce939,2017-10-29T03:17:18.000Z,0.000352045,0x1b8f0cb0970cbb165d58adaae7682929d5cb68d1,sell,0x9b6443b0fb9c241a7fdac375595cea13e6b7807a,0x7a5781e2688b221b10a767ffe294628843b155c7c97f1f18c7db52bbeb1f2089
115,500,0.1760225,0x0503a72631ac1dedc46a99f19e504da53bef89e9,2017-10-29T03:07:01.000Z,0.000352045,0x58dd18e801d3f4b7fcc36639913e68fc777f860a,buy,0x9b6443b0fb9c241a7fdac375595cea13e6b7807a,0x7a68ba83560b0696c54bb76a8477564528591b6fc63dc7345b1663c53e977ed2
116,3,0.001056138,0xf36990a2cb4d609e0a7d4f3bf884c0342d81fd3d,2017-10-29T02:59:19.000Z,0.000352046,0x1b8f0cb0970cbb165d58adaae7682929d5cb68d1,sell,0x9b6443b0fb9c241a7fdac375595cea13e6b7807a,0xc85cd27174c479a3fbc706bfb2ebc2ce3d36752066214a403dcd21a8092b54ff
117,8200,2.706,0x8e04310d147fc3fc89189750c6bcd141ac2de23c,2017-10-29T01:48:01.000Z,0.00033,0xd99a8e9431692d31587ce51775d3b965c8216f56,sell,0x9b6443b0fb9c241a7fdac375595cea13e6b7807a,0x9edf9b95169e7da1a4c2fba8c9636b85f1407cfc62fd0df1c490e67301abf4a6
118,16500,4.95,0x40f68488158d80ddd6ab3fe64487d017d90feb5e,2017-10-29T01:46:51.000Z,0.0003,0xd99a8e9431692d31587ce51775d3b965c8216f56,sell,0x9b6443b0fb9c241a7fdac375595cea13e6b7807a,0x50130ca6e8cd535ee939bcb4a7b9725a59153856848fe212514f3ae4c1ad28a4
119,7100,2.4282,0x0503a72631ac1dedc46a99f19e504da53bef89e9,2017-10-29T01:45:43.000Z,0.000342,0xd99a8e9431692d31587ce51775d3b965c8216f56,sell,0x9b6443b0fb9c241a7fdac375595cea13e6b7807a,0xdc74cb1c18e0d48580c28de50ee039d06b0bc1be278d98fb1d35cdc289f4b776
120,3000,1.056135,0x15636434fa8779ca1895fd3e3bba90139d36a735,2017-10-29T01:45:18.000Z,0.000352045,0xd99a8e9431692d31587ce51775d3b965c8216f56,sell,0x9b6443b0fb9c241a7fdac375595cea13e6b7807a,0xf47c8d028d2b1349a606cd7ff2c8050a392f24cb684e647f1f89722a932b3cf0
121,1.2348728081007656,0.0005,0x34f9560c63078eb61872a4dc2ccd20e21c34feaf,2017-10-28T20:56:44.000Z,0.0004049,0xb03cbb3c956376d5f00b3b9d0dfac14547f5d0d3,buy,0x9b6443b0fb9c241a7fdac375595cea13e6b7807a,0xdc64216f58a34f7c8f059030425074bce635397fc913c5e05e4b28a962f0cae5
122,1.2348728081007656,0.0005,0xe444a40689f51f63bcd29910622035707d533d29,2017-10-28T20:56:37.000Z,0.0004049,0xb03cbb3c956376d5f00b3b9d0dfac14547f5d0d3,buy,0x9b6443b0fb9c241a7fdac375595cea13e6b7807a,0x8bc00e5e87580c5ebcec1d6304ae7e7b378696afc91d11b0ad3b8194fb9636f6
123,0.008,0.00000281636,0x2e26035b04213530deeea6a3874d0f4143bce939,2017-10-28T20:27:53.000Z,0.000352045,0xf7e8ff20b3dfb3ff2d039afa93592c012a3728e9,sell,0x9b6443b0fb9c241a7fdac375595cea13e6b7807a,0xef2247a13e95b39154f441805ed945de6de1d1dae2e4694b9c50957ad911c327
124,81.64509649863925,0.028742747996863452,0x2e26035b04213530deeea6a3874d0f4143bce939,2017-10-28T20:25:45.000Z,0.000352045,0xf7e8ff20b3dfb3ff2d039afa93592c012a3728e9,sell,0x9b6443b0fb9c241a7fdac375595cea13e6b7807a,0xc5ff3ce1c66a1300b079607aa82dc07c450b3b1b574d44c967dcc999109d6222
125,105.05256361138083,0.03865934340898815,0xab4b4a1198bbe8f23b2980156a44d68c5ec1c3d8,2017-10-28T20:24:38.000Z,0.000368,0xf7e8ff20b3dfb3ff2d039afa93592c012a3728e9,sell,0x9b6443b0fb9c241a7fdac375595cea13e6b7807a,0x5683bcd43af1c843af7ff4c1034f0b0d104e9537c45d0af32c27690c0b964975
126,458.0879274249826,0.16949253314724355,0x0503a72631ac1dedc46a99f19e504da53bef89e9,2017-10-28T18:13:10.000Z,0.00037,0xc3810547971da024517516051bb2d32fe3f2b225,sell,0x9b6443b0fb9c241a7fdac375595cea13e6b7807a,0x647c9c03081c9952364f4e4a70980a793c120b8ad8fc8fcc7bf10c6857f8c8fe
127,894.9474363886192,0.32934065659101186,0xab4b4a1198bbe8f23b2980156a44d68c5ec1c3d8,2017-10-28T16:58:13.000Z,0.000368,0x1ed014aec47fae44c9e55bac7662c0b78ae61798,sell,0x9b6443b0fb9c241a7fdac375595cea13e6b7807a,0x2d7697b50a3190bf99cded2ff09955d316f0cc9aee1b7b53ec54785502b8107b
128,2085.2885232442413,0.7715567536003692,0x0503a72631ac1dedc46a99f19e504da53bef89e9,2017-10-28T16:41:34.000Z,0.00037,0xfd166f50e22a400ff1ad61c3c2168f3553c34789,sell,0x9b6443b0fb9c241a7fdac375595cea13e6b7807a,0xd2a96705e0c57453df4e80cb6d822cab799c64b1756a09d54f2699828815b9fc
129,202.2487209650085,0.0748322290057741,0x2e26035b04213530deeea6a3874d0f4143bce939,2017-10-28T16:35:16.000Z,0.000370001,0xfd166f50e22a400ff1ad61c3c2168f3553c34789,sell,0x9b6443b0fb9c241a7fdac375595cea13e6b7807a,0xe26018a2c2c982c410bfdb20f67bfb023e2d64d1baa9424c595bbdb5cdac539d
130,454,0.17252,0xaee0f37bec39db24c7655213c58786de7f62d67e,2017-10-28T16:34:42.000Z,0.00038,0xfd166f50e22a400ff1ad61c3c2168f3553c34789,sell,0x9b6443b0fb9c241a7fdac375595cea13e6b7807a,0xaca6bbb2ff0960e60425354a06aa92dffa5880cd98f18837ef9098f540b0654f
131,1779.334029616354,0.658353590958051,0x0503a72631ac1dedc46a99f19e504da53bef89e9,2017-10-28T14:12:07.000Z,0.00037,0x565c6212018fb1fccc3d592257221d07f86c2b5b,sell,0x9b6443b0fb9c241a7fdac375595cea13e6b7807a,0x0010155bc609bf9fd461472bf4d3fcedbb2e85a4551d14072d2cad273e5e8bb4
132,1155.196,0.42742252,0x0503a72631ac1dedc46a99f19e504da53bef89e9,2017-10-28T12:57:50.000Z,0.00037,0x17147e40bb7873932b4581aedc833e14aaa1a7b9,buy,0x9b6443b0fb9c241a7fdac375595cea13e6b7807a,0x8e96355533e6c715cb1007eac18e10e71304afced7e14ecce1c543e7f11e7e53
133,1154.925,0.42732225,0x0503a72631ac1dedc46a99f19e504da53bef89e9,2017-10-28T12:56:59.000Z,0.00037,0x1841d3aec62abbb943e021218286ff954be60a01,buy,0x9b6443b0fb9c241a7fdac375595cea13e6b7807a,0x807c78259d37f20347716c315610bdf3617c8500fb615a1a952e1a1ba6e3fd30
134,1694.667,0.62702679,0x0503a72631ac1dedc46a99f19e504da53bef89e9,2017-10-28T12:54:16.000Z,0.00037,0x16473e99b03b755852bac0bcfefc5691f0ed877f,buy,0x9b6443b0fb9c241a7fdac375595cea13e6b7807a,0x6b83156b427d271495bac7a5b46213abefd0ea1637694a8e260f86df63802833
135,1296.071,0.47954627,0x0503a72631ac1dedc46a99f19e504da53bef89e9,2017-10-28T12:54:07.000Z,0.00037,0x3e513043d31b9d0e4a53730eb848a2c5a8a58f17,buy,0x9b6443b0fb9c241a7fdac375595cea13e6b7807a,0xc03279e9657c6ff2ad68536f738fe396586ddf5d379712115a06ceff47060dcf
136,1581.023,0.58497851,0x0503a72631ac1dedc46a99f19e504da53bef89e9,2017-10-28T12:54:07.000Z,0.00037,0x2064369b3a224e59d948dde3f4f8d551347084da,buy,0x9b6443b0fb9c241a7fdac375595cea13e6b7807a,0x84506847c582c266b7d28626499a6004e1d597cbfdcf1a226519e51f1e739590
137,1169.859,0.43284783,0x0503a72631ac1dedc46a99f19e504da53bef89e9,2017-10-28T12:53:20.000Z,0.00037,0x58dd18e801d3f4b7fcc36639913e68fc777f860a,buy,0x9b6443b0fb9c241a7fdac375595cea13e6b7807a,0x102761bd732d0fa946bf4e03cd4acb19a5789c83f210be7f968aff83c5cbb701
138,1150.872,0.42582264,0x0503a72631ac1dedc46a99f19e504da53bef89e9,2017-10-28T12:53:20.000Z,0.00037,0xc89740b09ff72c7ef01d2292b559e1c6bef34274,buy,0x9b6443b0fb9c241a7fdac375595cea13e6b7807a,0x9e308cf295025e0a4c4bfac5ad6079edaa39f0b7ca2232c1bf2ad378a0e7b29b
139,1069.721,0.39579677,0x0503a72631ac1dedc46a99f19e504da53bef89e9,2017-10-28T12:52:48.000Z,0.00037,0xef6015ae9eb64da4b50b96291dc6e01043ddb78a,buy,0x9b6443b0fb9c241a7fdac375595cea13e6b7807a,0x1c0ddf053f386314ac16f72bd401d150898596a06d7c9556d8a19b7b5edc88b7
140,1050.583,0.38871571,0x0503a72631ac1dedc46a99f19e504da53bef89e9,2017-10-28T12:51:48.000Z,0.00037,0x46989ecf5477d970969665b8f6512a2308047e60,buy,0x9b6443b0fb9c241a7fdac375595cea13e6b7807a,0x2bd6c5586656528eae61d07ce07c797e1a15cafe1c2800ffbeb47e20fc18644b
141,1034.025,0.38258925,0x0503a72631ac1dedc46a99f19e504da53bef89e9,2017-10-28T12:51:48.000Z,0.00037,0x1397729ace9c1007850700334cd1e1c7bec69320,buy,0x9b6443b0fb9c241a7fdac375595cea13e6b7807a,0x6e6fd138e5c7f34a547c418ceca45315c575f214eecc6cb44d96c8a795cc84f8
142,635.619,0.23517903,0x0503a72631ac1dedc46a99f19e504da53bef89e9,2017-10-28T12:51:23.000Z,0.00037,0xdf233f0f18f6ab1a5cc48b655e01f8094d182a39,buy,0x9b6443b0fb9c241a7fdac375595cea13e6b7807a,0xd3a612773168d9aee6c87ad7a40177c59d4651af5ef0c59a6fe0fb87da0a4c18
143,797.7512790349915,0.2951687709942259,0x2e26035b04213530deeea6a3874d0f4143bce939,2017-10-28T12:04:12.000Z,0.000370001,0x8e5ce2384a6b904e2a6d211f0791eeb52418460f,sell,0x9b6443b0fb9c241a7fdac375595cea13e6b7807a,0xad88718a8f62d6b408b9d89b883b431b019132b90a29adee07ee96daf476235a
144,4,0.001552,0x8095018876cf8b005220798088b38a5d50c52946,2017-10-28T12:02:55.000Z,0.000388,0x8e5ce2384a6b904e2a6d211f0791eeb52418460f,sell,0x9b6443b0fb9c241a7fdac375595cea13e6b7807a,0xa252bf917c4318a473a022b1f9d62afea5af9159d54f0e315985627ddc6eec88
145,66.564,0.025826832,0xab4b4a1198bbe8f23b2980156a44d68c5ec1c3d8,2017-10-28T11:56:41.000Z,0.000388,0x8e5ce2384a6b904e2a6d211f0791eeb52418460f,sell,0x9b6443b0fb9c241a7fdac375595cea13e6b7807a,0x48c2d16e220a457b82644b5469a9a2b3068f0facb2b32e608ec0ecb0bf94f005
146,9.97,0.00436686,0x8095018876cf8b005220798088b38a5d50c52946,2017-10-28T11:51:14.000Z,0.000438,0x273a5d3e6721b9f5c1a6474f560c1334c63dda01,sell,0x9b6443b0fb9c241a7fdac375595cea13e6b7807a,0xd12d29ba3054abdabc6bcde30ec2ffec1f12ee6f159b660263cb588b3df69e80
147,10,0.003,0x273a5d3e6721b9f5c1a6474f560c1334c63dda01,2017-10-28T11:51:14.000Z,0.0003,0x8e5ce2384a6b904e2a6d211f0791eeb52418460f,buy,0x9b6443b0fb9c241a7fdac375595cea13e6b7807a,0xd12d29ba3054abdabc6bcde30ec2ffec1f12ee6f159b660263cb588b3df69e80
148,1549.7236959935608,0.6028425177414951,0x6edf8ba1f1968e3b15adc214afbab0df3ecef432,2017-10-28T07:59:01.000Z,0.00038899999999999997,0x846fe155673f9fd3131be9b757d1ed9bd3d4853d,sell,0x9b6443b0fb9c241a7fdac375595cea13e6b7807a,0x3e534fdf3479fd0213fd3c74f70a5664236ba4bca70819313ff05d3e0aa2dbc5
149,1439.5483999601236,0.5599843275844881,0x6edf8ba1f1968e3b15adc214afbab0df3ecef432,2017-10-28T07:42:24.000Z,0.00038899999999999997,0x0d30b84334a2e9020609da1ec507be00a9152b6e,sell,0x9b6443b0fb9c241a7fdac375595cea13e6b7807a,0x2ad6e311aae4880efeff59beca4acff4a867fdb19454c57c0bc5849d2624b767
150,378.0000549995016,0.1470420213948061,0x6edf8ba1f1968e3b15adc214afbab0df3ecef432,2017-10-28T07:06:56.000Z,0.00038899999999999997,0x5f19b49693f2c537226c1c75ae0f2881795e43cd,sell,0x9b6443b0fb9c241a7fdac375595cea13e6b7807a,0x6675874154daed08e517711dd0471f36c1c3b40ed148ee5b46a0008e8b578e1c
151,220.260231,0.085681229859,0x6edf8ba1f1968e3b15adc214afbab0df3ecef432,2017-10-28T05:46:19.000Z,0.000389,0x273a5d3e6721b9f5c1a6474f560c1334c63dda01,sell,0x9b6443b0fb9c241a7fdac375595cea13e6b7807a,0xa1ffe7de3d65e0c29f3e1a76d80eae34abba10a6581512bf11e68d9f9e230afa
152,220.923,0.082846125,0x273a5d3e6721b9f5c1a6474f560c1334c63dda01,2017-10-28T05:46:19.000Z,0.000375,0xccff6c181538f5887179424399671584b4f6237a,buy,0x9b6443b0fb9c241a7fdac375595cea13e6b7807a,0xa1ffe7de3d65e0c29f3e1a76d80eae34abba10a6581512bf11e68d9f9e230afa
153,163.6068574796848,0.06364306755959738,0x6edf8ba1f1968e3b15adc214afbab0df3ecef432,2017-10-28T05:24:37.000Z,0.00038899999999999997,0x07ee453b212e515f2b908a6d9a1f3b4bc71bd9fe,sell,0x9b6443b0fb9c241a7fdac375595cea13e6b7807a,0xffefed196f90b420acd53d6a6914c7f69b11dbe9b8fd7fc77b6d3796e263c087
154,221.032,0.085539384,0x6edf8ba1f1968e3b15adc214afbab0df3ecef432,2017-10-28T05:16:29.000Z,0.000387,0x4c9897de9d867e0339eed3621c689060aca68987,buy,0x9b6443b0fb9c241a7fdac375595cea13e6b7807a,0x58328420129fa7952f9fb2c4d5f14ff908cccd556fa2a74fa77aef85bc737ac3
155,142.64995811982854,0.055490833708613296,0x6edf8ba1f1968e3b15adc214afbab0df3ecef432,2017-10-28T04:47:49.000Z,0.00038899999999999997,0x9bade2672149119afd0b0f35e2fef89946ddde0f,sell,0x9b6443b0fb9c241a7fdac375595cea13e6b7807a,0x490b0295e90c02a89c58137605dad4bd477f92ddc56e8f49f442604de578291a
156,251.275,0.10051,0xab4b4a1198bbe8f23b2980156a44d68c5ec1c3d8,2017-10-28T04:46:11.000Z,0.0004,0x9bade2672149119afd0b0f35e2fef89946ddde0f,sell,0x9b6443b0fb9c241a7fdac375595cea13e6b7807a,0xadb5cc4cbafa3c2e27772cdb9408c5864f47b2295897b4022537bc85290a3797
157,3,0.001411644,0x15636434fa8779ca1895fd3e3bba90139d36a735,2017-10-28T04:33:05.000Z,0.000470548,0xfd166f50e22a400ff1ad61c3c2168f3553c34789,sell,0x9b6443b0fb9c241a7fdac375595cea13e6b7807a,0x6e5b73679cd4a6db14ef1412077010ccc76a7c088be346e80e0e737a3ed13d72
158,511.36582053464844,0.2301146192405918,0xfd166f50e22a400ff1ad61c3c2168f3553c34789,2017-10-28T04:31:17.000Z,0.00045,0x07ee453b212e515f2b908a6d9a1f3b4bc71bd9fe,sell,0x9b6443b0fb9c241a7fdac375595cea13e6b7807a,0x45d46f693ac70d139ac56e39837bab7467d72f647708595f438f15a445c5381b
159,488.63417946535156,0.2198853807594082,0xfd166f50e22a400ff1ad61c3c2168f3553c34789,2017-10-28T03:03:16.000Z,0.00045,0x273a5d3e6721b9f5c1a6474f560c1334c63dda01,sell,0x9b6443b0fb9c241a7fdac375595cea13e6b7807a,0x4b7497cb9ca3bbfe5d1aca2a8f37b193f2d55c7437e8c81f37d4c21820b98d6d
160,490.10449294418413,0.21564548679094805,0x273a5d3e6721b9f5c1a6474f560c1334c63dda01,2017-10-28T03:03:16.000Z,0.000439999,0x15636434fa8779ca1895fd3e3bba90139d36a735,buy,0x9b6443b0fb9c241a7fdac375595cea13e6b7807a,0x4b7497cb9ca3bbfe5d1aca2a8f37b193f2d55c7437e8c81f37d4c21820b98d6d
161,11239.66,4.9454504,0x5dff601adc573b779e029124296a767c2ec869f7,2017-10-28T02:48:21.000Z,0.00044,0x40f68488158d80ddd6ab3fe64487d017d90feb5e,buy,0x9b6443b0fb9c241a7fdac375595cea13e6b7807a,0x93b6e352d352cce25a70d32352bdc31e44dcd378879dcf5c74e36914292be381
162,10,0.0040912,0x5dff601adc573b779e029124296a767c2ec869f7,2017-10-28T02:30:52.000Z,0.00040912,0x15636434fa8779ca1895fd3e3bba90139d36a735,buy,0x9b6443b0fb9c241a7fdac375595cea13e6b7807a,0x0350368ccbfecee6aa099485a8a7cddbc56c28e7e20541e016c7ace4b5ace7b7
163,320.6266072375636,0.1282506428950254,0xab4b4a1198bbe8f23b2980156a44d68c5ec1c3d8,2017-10-28T02:02:42.000Z,0.00039999999999999996,0x3229b2aa8a1b07d3812f954db8eaf700ff788842,sell,0x9b6443b0fb9c241a7fdac375595cea13e6b7807a,0x0ba756602572d69068c9696e9862668d68639660f837b0a0887ec741e67420a1
164,0.05,0.000017,0x0503a72631ac1dedc46a99f19e504da53bef89e9,2017-10-27T23:44:46.000Z,0.00034,0x15636434fa8779ca1895fd3e3bba90139d36a735,sell,0x9b6443b0fb9c241a7fdac375595cea13e6b7807a,0xc708b8826a3913b80dbb75ca8b28ed27fcd365350c229960b6567d1094d97dfb
165,933.4359365965507,0.36217314339946166,0xab4b4a1198bbe8f23b2980156a44d68c5ec1c3d8,2017-10-27T23:42:21.000Z,0.000388,0xd5840247f1e80d7d5d262e4687db4fa683b9eed7,sell,0x9b6443b0fb9c241a7fdac375595cea13e6b7807a,0x6826adba86cdd9a0b7655bf827d144c5be2f64337ec2672bb6b42cdf6b67f148
166,269.86442029707905,0.10794576811883162,0xab4b4a1198bbe8f23b2980156a44d68c5ec1c3d8,2017-10-27T23:29:14.000Z,0.00039999999999999996,0x9e1477cd68e8e375705ccb3dcf5764fe901de3ef,sell,0x9b6443b0fb9c241a7fdac375595cea13e6b7807a,0x7c0278ba4202ac4b53a5da5bb1bed67d685ca12b9f67db152b3aa4560a332876
167,1760,0.70488,0xb03cbb3c956376d5f00b3b9d0dfac14547f5d0d3,2017-10-27T23:27:47.000Z,0.0004005,0x9e1477cd68e8e375705ccb3dcf5764fe901de3ef,sell,0x9b6443b0fb9c241a7fdac375595cea13e6b7807a,0x07a66694522c43cc85120aa66cc53d1097a8828c7b1c0efb1bc6f7a5e64154a7
168,1509.8955070558159,0.664352513209052,0x2fc2b5a8f531f06470ee717cfcdcab22d57e3d49,2017-10-27T22:57:18.000Z,0.000439999,0x15636434fa8779ca1895fd3e3bba90139d36a735,buy,0x9b6443b0fb9c241a7fdac375595cea13e6b7807a,0xc57f2d435b22dd588a578bca85ec917927ef3ff3230c9b1b186ad425737193aa
169,2000,0.879998,0x2fc2b5a8f531f06470ee717cfcdcab22d57e3d49,2017-10-27T22:52:59.000Z,0.000439999,0x15636434fa8779ca1895fd3e3bba90139d36a735,buy,0x9b6443b0fb9c241a7fdac375595cea13e6b7807a,0x4d5edd7822705770e11cb5de8a427dea7e2e94e5001508189705aca5c0e2bb24
170,999.1138581508435,0.44960123616787956,0x2fc2b5a8f531f06470ee717cfcdcab22d57e3d49,2017-10-27T22:50:15.000Z,0.00045,0xfd166f50e22a400ff1ad61c3c2168f3553c34789,buy,0x9b6443b0fb9c241a7fdac375595cea13e6b7807a,0x1e9d00ae632f4960a91c4d09027bb803350cc282157bd38240792d287ea40ac2
171,158.2334762237065,0.0632933904894826,0xab4b4a1198bbe8f23b2980156a44d68c5ec1c3d8,2017-10-27T22:49:56.000Z,0.00039999999999999996,0x89d1d2cafbd15a2592e274d2f6b35b23e803f676,sell,0x9b6443b0fb9c241a7fdac375595cea13e6b7807a,0xf747efb949b6da97e60485547e38a63ea7eb7a85a9ca833a8315615fe992220e
172,0.8861418491565022,0.000398763832120426,0x2fc2b5a8f531f06470ee717cfcdcab22d57e3d49,2017-10-27T22:47:56.000Z,0.00045,0xfd166f50e22a400ff1ad61c3c2168f3553c34789,buy,0x9b6443b0fb9c241a7fdac375595cea13e6b7807a,0x553af50e6bdb6bf49f6a239d39eaa56848ff34fee3d3c6e7c4034996c4f24eba
173,2797.694,1.230982562306,0xab4b4a1198bbe8f23b2980156a44d68c5ec1c3d8,2017-10-27T22:30:38.000Z,0.000439999,0x15636434fa8779ca1895fd3e3bba90139d36a735,buy,0x9b6443b0fb9c241a7fdac375595cea13e6b7807a,0x63cd14c157c0630c55c4707a3258bb0ec378995d3b169589acfe6cf20f232b13
174,4002.305553513334,1.7610104412403134,0xe286f1d469e0cdd250294a27bd000065c8094578,2017-10-27T21:01:57.000Z,0.000439999,0x15636434fa8779ca1895fd3e3bba90139d36a735,buy,0x9b6443b0fb9c241a7fdac375595cea13e6b7807a,0x3259110bb697bfe0890c6ffd4fd05789366cc07979fa5d0d00838a41acb64a6e
175,200,0.0839998,0xe286f1d469e0cdd250294a27bd000065c8094578,2017-10-27T21:00:57.000Z,0.000419999,0x3506a4ac2db486437dda98a171a18fb36c924caa,buy,0x9b6443b0fb9c241a7fdac375595cea13e6b7807a,0x1ea6f48c264ef62fedc846ffc0fa31312bee721c794562be946b631fcd7f794e
176,1579,0.64739,0xe286f1d469e0cdd250294a27bd000065c8094578,2017-10-27T20:59:52.000Z,0.00041,0xb03cbb3c956376d5f00b3b9d0dfac14547f5d0d3,buy,0x9b6443b0fb9c241a7fdac375595cea13e6b7807a,0x69f7be099cece92616f5c7d989a15571ec268fbb489bd3e97f5dc407ce7d1b99
177,10000,3.9,0x0503a72631ac1dedc46a99f19e504da53bef89e9,2017-10-27T18:50:02.000Z,0.00039,0x15636434fa8779ca1895fd3e3bba90139d36a735,sell,0x9b6443b0fb9c241a7fdac375595cea13e6b7807a,0xf3b86397fd9a563abc03491bf07405ae3550efdf0fa6cfd8f4220ba7d856c4a8
178,194.80410726747084,0.06448015950553285,0xb03cbb3c956376d5f00b3b9d0dfac14547f5d0d3,2017-10-27T17:55:47.000Z,0.00033099999999999997,0x096267c09714c42bd30554a12976ea4fa2b78d9c,sell,0x9b6443b0fb9c241a7fdac375595cea13e6b7807a,0x649a1c6add009fe011994d1cedf31797177f7078d2f19443476b35b3f9994267
179,1563.5220815472037,0.5159966843963713,0x15636434fa8779ca1895fd3e3bba90139d36a735,2017-10-27T17:42:20.000Z,0.00033002199999999997,0x7b49450b352a6e98d90a019788d41d2b18e88540,sell,0x9b6443b0fb9c241a7fdac375595cea13e6b7807a,0x6d1567bf3d742cac4f356581edb2d5738cc92aac09369f802ed753dd2a164ef1
180,1578.7893340644005,0.5225792695753165,0xb03cbb3c956376d5f00b3b9d0dfac14547f5d0d3,2017-10-27T17:25:59.000Z,0.00033099999999999997,0x099e6cf8bcd7ac45e33b2668cfb4b3241d9ac4b6,sell,0x9b6443b0fb9c241a7fdac375595cea13e6b7807a,0x2d95caf8d69dfba91fa9eb3c168b477ab688d9affae0bbf2ae6b1587f842bf11
181,0.05,0.000034,0x15636434fa8779ca1895fd3e3bba90139d36a735,2017-10-27T16:13:04.000Z,0.00068,0xfd166f50e22a400ff1ad61c3c2168f3553c34789,buy,0x9b6443b0fb9c241a7fdac375595cea13e6b7807a,0xf1c285b043d6963c7e99abc5a6c03e133a1048827a82ccc5228daf4b0f5b5a31
182,0.05,0.000025,0x15636434fa8779ca1895fd3e3bba90139d36a735,2017-10-27T16:12:28.000Z,0.0005,0x0b70497633a9d7f73615c9b5021f4acc2f82a754,buy,0x9b6443b0fb9c241a7fdac375595cea13e6b7807a,0x99b9d29e4186a1c91386ce0340bcc5fc6baa6f36b68f8b701fe07e074fa39b45
183,8189.3,3.685185,0x39fd60c5d585644e2d6084b0d659adbe86d450ed,2017-10-27T15:48:30.000Z,0.00045,0x8e04310d147fc3fc89189750c6bcd141ac2de23c,buy,0x9b6443b0fb9c241a7fdac375595cea13e6b7807a,0x7c83a538768d9a8746049f90706625d1e3e5c5e3e8b306d086cb537a5451f23a
184,479,0.193995,0x39fd60c5d585644e2d6084b0d659adbe86d450ed,2017-10-27T15:40:00.000Z,0.000405,0xc370be1c1ce33e0f69ce376640fac9a5dc2bbb10,buy,0x9b6443b0fb9c241a7fdac375595cea13e6b7807a,0x91fe1802bf445f4ab11ec23beace42939afd69cf1216b050bcc54089aae315d1
185,186.95470768,0.0757166566104,0x39fd60c5d585644e2d6084b0d659adbe86d450ed,2017-10-27T15:34:43.000Z,0.000405,0xf3b9700203e14d79392bea3ff187367099c3fca9,buy,0x9b6443b0fb9c241a7fdac375595cea13e6b7807a,0xd3d729d2cf0fb259e782914d037c94c694a661d02690d0fab6861806d563c8af
186,2805.146,1.27634143,0x39fd60c5d585644e2d6084b0d659adbe86d450ed,2017-10-27T15:20:55.000Z,0.000455,0x99bc37ffa8c3b9e6f4792abf009cc294b34947bc,buy,0x9b6443b0fb9c241a7fdac375595cea13e6b7807a,0xace8267d3c4d1c7cc425c84d20af8138209c9e685f866f6fadc84593dd820ede
187,4367.56,1.8343752,0x39fd60c5d585644e2d6084b0d659adbe86d450ed,2017-10-27T15:04:54.000Z,0.00042,0x98dc93ff4c5d69b1cdd9ee03b4a07c5ca75b56fe,buy,0x9b6443b0fb9c241a7fdac375595cea13e6b7807a,0x44683e1e9d7836611931b9382672112fff2c1babae58b5fdf91606bf13e812dd
188,1237.75,0.50128875,0x39fd60c5d585644e2d6084b0d659adbe86d450ed,2017-10-27T15:03:16.000Z,0.000405,0x834c6a2bb7ff4b457498b45af98409e710abbadb,buy,0x9b6443b0fb9c241a7fdac375595cea13e6b7807a,0x15198775685936041e864422f3e23e270f4e046e5511822407133cc36ead8d8a
189,305.084,0.122643768,0x39fd60c5d585644e2d6084b0d659adbe86d450ed,2017-10-27T15:01:58.000Z,0.000402,0x4f2fa71daa2c0508a283eff2bff10acd959c1472,buy,0x9b6443b0fb9c241a7fdac375595cea13e6b7807a,0x59e7931958227d1bc3f7c9563c232b649959945929420f23fd1fde8c03edeb82
190,50.06579603229987,0.015520396770012958,0xaee0f37bec39db24c7655213c58786de7f62d67e,2017-10-27T14:10:43.000Z,0.00031,0x2c7fee4b264223b95a121fae408d0fbd04df38a3,sell,0x9b6443b0fb9c241a7fdac375595cea13e6b7807a,0x04b7766fc8252acb861a2c06320fe7a4fe052d067ea4342a2f3943ab5ab7fbf4
191,30.057820755657463,0.009317924434253813,0xaee0f37bec39db24c7655213c58786de7f62d67e,2017-10-27T14:02:28.000Z,0.00031,0x40a1dfc5a0983a59ca4c971feede1b37ed085be3,sell,0x9b6443b0fb9c241a7fdac375595cea13e6b7807a,0xfbbc66b6a6440a3b3393b6e52d86cba1808c8e6106eed1b53e0c94b3ea452758
192,1331.915625830108,0.5354300815837034,0xe286f1d469e0cdd250294a27bd000065c8094578,2017-10-27T14:01:07.000Z,0.000402,0x4f2fa71daa2c0508a283eff2bff10acd959c1472,buy,0x9b6443b0fb9c241a7fdac375595cea13e6b7807a,0x970be7b0ad3e8d34109c7cecbcc0a664f7f585c71fc62df073c0c568e1578f4f
193,1637,0.646615,0xe286f1d469e0cdd250294a27bd000065c8094578,2017-10-27T14:00:35.000Z,0.000395,0xb03cbb3c956376d5f00b3b9d0dfac14547f5d0d3,buy,0x9b6443b0fb9c241a7fdac375595cea13e6b7807a,0x4efbf897a28aae1e6005192144ca7e3a9966b9bc1f8a57b4cb6e6857a89cdf52
194,331.0248230485495,0.10179013308742897,0x17c342d93ae3f44cdb81336b986f12046f912511,2017-10-27T12:26:40.000Z,0.0003075,0x809c51e868c3977139e13cb99333eaa0e7915bdb,sell,0x9b6443b0fb9c241a7fdac375595cea13e6b7807a,0xd637f32963294ef6aa920b588e971cc85ed1d40e5c19fec9a5cc4625ec8f8c88
195,408.77,0.125696775,0x17c342d93ae3f44cdb81336b986f12046f912511,2017-10-27T12:16:11.000Z,0.0003075,0x273a5d3e6721b9f5c1a6474f560c1334c63dda01,sell,0x9b6443b0fb9c241a7fdac375595cea13e6b7807a,0xc780a5d3a566697353d0b0dd3e0bd8e2a49d3c91a839c54dc32b3bee372164d5
196,410,0.123,0x273a5d3e6721b9f5c1a6474f560c1334c63dda01,2017-10-27T12:16:11.000Z,0.0003,0xb98772904df47732cf1161ea9ebb8fe162a5f7ea,buy,0x9b6443b0fb9c241a7fdac375595cea13e6b7807a,0xc780a5d3a566697353d0b0dd3e0bd8e2a49d3c91a839c54dc32b3bee372164d5
197,10,0.003,0x17c342d93ae3f44cdb81336b986f12046f912511,2017-10-27T11:31:24.000Z,0.0003,0x8e5ce2384a6b904e2a6d211f0791eeb52418460f,buy,0x9b6443b0fb9c241a7fdac375595cea13e6b7807a,0x2ae93860e56f046408c678f4dc3de35b069d6be1357e6f0810bfad57705af913
198,374.532,0.145864483656,0x045b4f21a31953f9a51f54124cf1d791dd030dc9,2017-10-27T11:02:49.000Z,0.000389458,0xed0dea451afeaac5e2808fc9c15d609782d93b99,buy,0x9b6443b0fb9c241a7fdac375595cea13e6b7807a,0x88a4682fde892db5fc7c46d66f1443ba3925c727a3ede39af229e57c291afb31
199,20.859856454989533,0.006414405859909281,0x17c342d93ae3f44cdb81336b986f12046f912511,2017-10-27T10:51:21.000Z,0.0003075,0x2b74be5ea5026333f11fe80436222bc8a16a3e67,sell,0x9b6443b0fb9c241a7fdac375595cea13e6b7807a,0xcd9d9e60077854754e4f246fb0d29292b14bd6e3e618994199fdb1656562ac53
200,1982.71695545808,0.6096854638033596,0x17c342d93ae3f44cdb81336b986f12046f912511,2017-10-27T09:32:32.000Z,0.0003075,0xaaf6c51b14a8983084884bb89d4bd6e1659085ba,sell,0x9b6443b0fb9c241a7fdac375595cea13e6b7807a,0xbd48e10ce664feb73b44b7bee204634b8faf474e4b47bc7b7346cd360be48983
201,35.8887448908384,0.01098195593659655,0x15636434fa8779ca1895fd3e3bba90139d36a735,2017-10-27T08:53:48.000Z,0.00030599999999999996,0x354f80b320314d056ed037151c17536be72977f5,sell,0x9b6443b0fb9c241a7fdac375595cea13e6b7807a,0x48d913e91c28e5de38dfbad36c0b1b3d6be8fc01d9c88c8b94f0794f2136033c
202,2,0.00246913578,0x354f80b320314d056ed037151c17536be72977f5,2017-10-27T08:32:20.000Z,0.00123456789,0x096ffa3324c9572de91b1bf31cd68d5d20c7df76,buy,0x9b6443b0fb9c241a7fdac375595cea13e6b7807a,0xb0f571869bc4d35933314b96886f0d063c599d8bb380ba88549f0f837ae84df7
203,213.57990230286114,0.06556903000697836,0x957de35805a9b7810000546a2f14035685969ea0,2017-10-27T08:11:07.000Z,0.000307,0x1e0db5ed0b0387dea2bfec689aff7962b4a1a518,sell,0x9b6443b0fb9c241a7fdac375595cea13e6b7807a,0x29ac0401610e05cbe99b35788bc5019d68da040fde5928ca5490ba022e32915e
204,327.4598743893929,0.10053018143754361,0x957de35805a9b7810000546a2f14035685969ea0,2017-10-27T07:42:09.000Z,0.000307,0xc6fc6835ce16679c89567c0b33604d1e9a71bf99,sell,0x9b6443b0fb9c241a7fdac375595cea13e6b7807a,0xef5cd7ff517eb81f6a0b46b35d8bdd113880ce81a48bd8ac4e8f72113bb77c41
205,1123.0132788312233,0.34476507660118555,0x957de35805a9b7810000546a2f14035685969ea0,2017-10-27T06:14:05.000Z,0.000307,0x8cb649f655e89c270c9129f800449ec5267bad6e,sell,0x9b6443b0fb9c241a7fdac375595cea13e6b7807a,0x11093b2328aefa22ff6089d06166511fa987a06a6b99e332d16b0a4a33d9cc78
206,0.05,0.00001175,0x5aeda141ceb7323825fb57f8c0fae9a0a97a1674,2017-10-27T02:55:55.000Z,0.000235,0x15636434fa8779ca1895fd3e3bba90139d36a735,sell,0x9b6443b0fb9c241a7fdac375595cea13e6b7807a,0xc2c3f773ab0fa21ef933320929b7cf86303eee4ba2f8bd9edf78649ed5f39e99
207,0.9206605356727476,0.000386677424982554,0x74c54b23792cf0d6b78fd1f4bf1beb60ab192846,2017-10-27T01:35:28.000Z,0.00042,0xc370be1c1ce33e0f69ce376640fac9a5dc2bbb10,buy,0x9b6443b0fb9c241a7fdac375595cea13e6b7807a,0x7ca2dce4c2742c677cc5a13f3cde8b3cd97a02f6317b8b91dd99521c59be3ba4
208,50000,15,0x444c7daa5ac6e4e298d12d0542496962edb5da44,2017-10-26T23:27:10.000Z,0.0003,0x4d9b522ca3c84ecf09f5c6cd2c7db3aedeae806e,sell,0x9b6443b0fb9c241a7fdac375595cea13e6b7807a,0x03ccf5b4f9d73512bf0d401e794b7fd6a448286aa1735436808ccd0ea0f6add2
209,2354.904520396219,0.7111811651596582,0x15636434fa8779ca1895fd3e3bba90139d36a735,2017-10-26T22:30:31.000Z,0.00030199999999999997,0x3603ed773d870f267fd39d7b77b87715f5ed4b44,sell,0x9b6443b0fb9c241a7fdac375595cea13e6b7807a,0x90897c7e771384c5c627f048cd641d181f70dce6c5ae46c6d7035ea8df671400
210,0.05,0.0000125,0xaee0f37bec39db24c7655213c58786de7f62d67e,2017-10-26T20:13:01.000Z,0.00025,0x15636434fa8779ca1895fd3e3bba90139d36a735,sell,0x9b6443b0fb9c241a7fdac375595cea13e6b7807a,0x2b360a9ed3513dce5da291904f618c64488206be4dcc29929cbb910789d2fbb1
211,0.029384794201838,0.000029384794201838,0xfd166f50e22a400ff1ad61c3c2168f3553c34789,2017-10-26T20:11:30.000Z,0.001,0x88e6436f37cb5479b3af0d92ca1351841cdb0c48,buy,0x9b6443b0fb9c241a7fdac375595cea13e6b7807a,0xa5b0e5bc67149154e74e9ab0cb75c83a9a2725df12e0546341a296c17ee775eb
212,0.05,0.0000135,0xaee0f37bec39db24c7655213c58786de7f62d67e,2017-10-26T19:24:20.000Z,0.00027,0x15636434fa8779ca1895fd3e3bba90139d36a735,sell,0x9b6443b0fb9c241a7fdac375595cea13e6b7807a,0x6f43dc76c99ef7f9fa6ad9d3f059fd76f453884a357059f31863090a658fc8d3
213,186.7724796436003,0.05640528885236729,0x15636434fa8779ca1895fd3e3bba90139d36a735,2017-10-26T18:38:53.000Z,0.00030199999999999997,0x0af69da5a1557bd16f14e51e21749166eb5dd58a,sell,0x9b6443b0fb9c241a7fdac375595cea13e6b7807a,0xbcc9c137efb153d989aba8d0d2ec7b100ab9b485b167f37d7bf80e0192bc7089
214,1105.6740756436234,0.5406746229897318,0xa84df3098ad8cfa5621618a71c6f25ed719b67aa,2017-10-26T17:55:30.000Z,0.000489,0x485e2eab26dc045f37854ffdcead2da1445a5614,buy,0x9b6443b0fb9c241a7fdac375595cea13e6b7807a,0xc73b3520bc192147b237ad3012b37bebb552b3a3dde8e588179cebf3f1ebbd01
215,439.457,0.197316193,0xa84df3098ad8cfa5621618a71c6f25ed719b67aa,2017-10-26T17:54:19.000Z,0.000449,0x931455ae7daed2a745b4b83522eafe7713ea452c,buy,0x9b6443b0fb9c241a7fdac375595cea13e6b7807a,0xd2ed3ad10c59bfe275683e60e1742d13f75b194e6a2669bdc6d3be9250c8cd9f
216,600,0.2688,0xa84df3098ad8cfa5621618a71c6f25ed719b67aa,2017-10-26T17:51:41.000Z,0.000448,0xfd3ca205b3242113036923ce50f23555c3b5de81,buy,0x9b6443b0fb9c241a7fdac375595cea13e6b7807a,0xe76ee737843d66fcf5335cbe376245f857955c8f737177bf75c4ba7117fb36e6
217,55,0.02142019,0xa84df3098ad8cfa5621618a71c6f25ed719b67aa,2017-10-26T17:48:24.000Z,0.000389458,0x15636434fa8779ca1895fd3e3bba90139d36a735,buy,0x9b6443b0fb9c241a7fdac375595cea13e6b7807a,0xc065820dc33d14fb23f7e3b2b7258b0cb97deff71df831d075482838357825ea
218,56.347,0.01859451,0xa84df3098ad8cfa5621618a71c6f25ed719b67aa,2017-10-26T17:47:46.000Z,0.00033,0x6ac6eebda32e60d0dd15dc24d55ff9128a75a34c,buy,0x9b6443b0fb9c241a7fdac375595cea13e6b7807a,0xe8b370e1a3b1878f307089f23b0c16f5b782800dcbcbd69358df306fe9bd08dd
219,839.1187319310138,0.25341385704316616,0x15636434fa8779ca1895fd3e3bba90139d36a735,2017-10-26T16:56:58.000Z,0.00030199999999999997,0xa3438804f8ee626bdfc14b2727e9eb5fea04640a,sell,0x9b6443b0fb9c241a7fdac375595cea13e6b7807a,0xcd8ecd01e8c59170e3ffa90bb1ad11bc7cdcd0e2112797500199cbedca8e7ed9
220,100.43265875785066,0.0303306629448709,0x15636434fa8779ca1895fd3e3bba90139d36a735,2017-10-26T15:37:08.000Z,0.00030199999999999997,0x6bea560dba5ff41882c90eb7cde5afb489fe270b,sell,0x9b6443b0fb9c241a7fdac375595cea13e6b7807a,0x0b97c3a5d792f7fe572aab048be519bae339b6864fc5bd88ea8a6ea574183f42
221,100.43265875785066,0.0303306629448709,0x15636434fa8779ca1895fd3e3bba90139d36a735,2017-10-26T15:37:06.000Z,0.00030199999999999997,0x6bea560dba5ff41882c90eb7cde5afb489fe270b,sell,0x9b6443b0fb9c241a7fdac375595cea13e6b7807a,0x0b97c3a5d792f7fe572aab048be519bae339b6864fc5bd88ea8a6ea574183f42
222,381.4152537134882,0.11518740662147343,0x15636434fa8779ca1895fd3e3bba90139d36a735,2017-10-26T14:51:03.000Z,0.00030199999999999997,0xea1fedb5b860d8297efd50a311a178d5ffdd7667,sell,0x9b6443b0fb9c241a7fdac375595cea13e6b7807a,0x0551e6e54ddf00038dc0535368f18a632f4ab1751f65d5e8ee3a369cd1a72965
223,316.453,0.096518165,0xc370be1c1ce33e0f69ce376640fac9a5dc2bbb10,2017-10-26T14:49:06.000Z,0.000305,0xea1fedb5b860d8297efd50a311a178d5ffdd7667,sell,0x9b6443b0fb9c241a7fdac375595cea13e6b7807a,0x21e8e3e0d59d4b5466cca8c65b3bf63d2950120f671d17ca153688a97fc5da2e
224,163.54675092214137,0.049881759031253116,0xc370be1c1ce33e0f69ce376640fac9a5dc2bbb10,2017-10-26T14:47:25.000Z,0.000305,0x92c7a1c38a2fc7f5e7a9486dcfb814656b835453,sell,0x9b6443b0fb9c241a7fdac375595cea13e6b7807a,0x5c9dabba90ea795724895eff2f8b39c9c498daf7f87e3c9cc8cfd1fc059cbd4e
225,19.643667318771463,0.006482410215194583,0xd40cd8ad0879201b4c42b9726078f7d1f58a6bf6,2017-10-26T14:36:42.000Z,0.00033,0x6ac6eebda32e60d0dd15dc24d55ff9128a75a34c,buy,0x9b6443b0fb9c241a7fdac375595cea13e6b7807a,0xbdd79e6ccd7b700307f6970bccc923250264cb2251a776babf9d7eb516be03ed
226,186.68718731931014,0.056379530570431664,0x15636434fa8779ca1895fd3e3bba90139d36a735,2017-10-26T13:59:13.000Z,0.00030199999999999997,0xcc20809d35d8465efcde023cb95fc092eec0e135,sell,0x9b6443b0fb9c241a7fdac375595cea13e6b7807a,0xe18b6efbb9abcc3530f655875b084cf8301b10f9d8a1086cba25c09d9b1d5fbb
227,0.05,0.000012775,0x5aeda141ceb7323825fb57f8c0fae9a0a97a1674,2017-10-26T13:11:26.000Z,0.0002555,0x15636434fa8779ca1895fd3e3bba90139d36a735,sell,0x9b6443b0fb9c241a7fdac375595cea13e6b7807a,0x10b9e5d300370b5d1cfc97334a81ee873829527ec5d79e7a5c021cc97d42229f
228,0.05,0.000012775,0x5aeda141ceb7323825fb57f8c0fae9a0a97a1674,2017-10-26T13:10:41.000Z,0.0002555,0x15636434fa8779ca1895fd3e3bba90139d36a735,sell,0x9b6443b0fb9c241a7fdac375595cea13e6b7807a,0x6d41349a83f35c6da7bcf67a8123cf2e22230a2824247367411295dac6d4a63e
229,329.4393498355099,0.099490683650324,0x15636434fa8779ca1895fd3e3bba90139d36a735,2017-10-26T11:15:00.000Z,0.00030199999999999997,0x4d518fed90f4e190c2c12c6c729fdcbee7e5347c,sell,0x9b6443b0fb9c241a7fdac375595cea13e6b7807a,0xa1470ecd56cb3f965305f48c35b8b6230e8ed7617e080a9ec170ea4a212568f7
230,97.47438199581298,0.02943726336273552,0x15636434fa8779ca1895fd3e3bba90139d36a735,2017-10-26T08:51:54.000Z,0.00030199999999999997,0x3b985dcb066a8e69eb25c2e1ade62579266f6717,sell,0x9b6443b0fb9c241a7fdac375595cea13e6b7807a,0xa2a3737384fa8655fa85174ef18f11b2e6a7cdac08196deedbb73cb6cf524702
231,1157.7057056624465,0.34962712311005884,0x15636434fa8779ca1895fd3e3bba90139d36a735,2017-10-26T08:48:47.000Z,0.00030199999999999997,0xaac27baada6d41249761e1a5ddf643bb81047e95,sell,0x9b6443b0fb9c241a7fdac375595cea13e6b7807a,0xd7e709e9da2d4cb10a73e611e2ca22099a2e81492a0c0dc720f2b90808900d90
232,195.82,0.058746,0x067be47f0d4b8380ff41321e0911a66b2b1f893e,2017-10-26T06:13:02.000Z,0.0003,0xb253db52d71b3d38fa9da7686b759bc618160784,buy,0x9b6443b0fb9c241a7fdac375595cea13e6b7807a,0xed57f63c8ad75b6d57ebfcefdde4e75a305cdbdc1d2fceeeb79e91cd74dfd6ac
233,195.82,0.05913764,0x15636434fa8779ca1895fd3e3bba90139d36a735,2017-10-26T06:11:58.000Z,0.000302,0x067be47f0d4b8380ff41321e0911a66b2b1f893e,sell,0x9b6443b0fb9c241a7fdac375595cea13e6b7807a,0xe41233b514d8875a2d34957ca7ffa08ff89f0d2cabd7d948891c802e576f5294
234,67.3310786262586,0.020333985745130095,0x15636434fa8779ca1895fd3e3bba90139d36a735,2017-10-26T04:54:56.000Z,0.00030199999999999997,0x90aad56da23a48591d79a9873b3bd4d9e2dde91f,sell,0x9b6443b0fb9c241a7fdac375595cea13e6b7807a,0x1f452b3e663ef427c7acaedb5ec8dbe9d285f2fb86d7a3361472879b5574a6ab
235,223.86386147941383,0.06760688616678297,0x15636434fa8779ca1895fd3e3bba90139d36a735,2017-10-26T02:38:23.000Z,0.00030199999999999997,0xe0de6d826ece1fc290204985484b6d1f435873e7,sell,0x9b6443b0fb9c241a7fdac375595cea13e6b7807a,0x19cc76132335413588910411235949996895b23cbd12e1c9632bc984482304f6
236,860.0656236047537,0.25888061277065444,0xdee24ceb41b6cad2228764a6c53898bda76f53a9,2017-10-26T01:53:18.000Z,0.000301001,0x7d98fa238c3bbf0f2bcd1bce19efa028474b4e07,sell,0x9b6443b0fb9c241a7fdac375595cea13e6b7807a,0xb02a722cbc319543a5cef674ce748d395e7cff91f0175b9dab3abe090dcc6c5c
237,1000,0.31,0xeba9184e53134a3031839c34e53889a4b26e0ec3,2017-10-26T01:52:01.000Z,0.00031,0x7d98fa238c3bbf0f2bcd1bce19efa028474b4e07,sell,0x9b6443b0fb9c241a7fdac375595cea13e6b7807a,0x8118cfa7e0ac3549cc6de9e92b7add80b46d531e87ab3116c3de0c4cb76dcc33
238,750,0.23625,0x7ee6aca306d9f09abd8475df8775926931d5d971,2017-10-26T01:51:57.000Z,0.000315,0x7d98fa238c3bbf0f2bcd1bce19efa028474b4e07,sell,0x9b6443b0fb9c241a7fdac375595cea13e6b7807a,0x1fb06653015ee1406c7c6e9cfc0a6346c45cb13712435d46e4c06e2357879e36
239,3542.146579284219,1.1086918793159606,0x15636434fa8779ca1895fd3e3bba90139d36a735,2017-10-26T01:51:57.000Z,0.00031299999999999996,0x7d98fa238c3bbf0f2bcd1bce19efa028474b4e07,sell,0x9b6443b0fb9c241a7fdac375595cea13e6b7807a,0x10936b177140982d2a1fee222e9a87cfa9875d855160e7427b16900936b0c094
240,671.4761901305951,0.2101720475108763,0x15636434fa8779ca1895fd3e3bba90139d36a735,2017-10-26T00:24:05.000Z,0.00031299999999999996,0xfebed3f7333f028aaf315e7aa6bddf28da95f853,sell,0x9b6443b0fb9c241a7fdac375595cea13e6b7807a,0x2f78910276ac59e1dccc7f85596cb998922b2f7772df91b6560090e48e43151f
241,0.05,0.00001280005,0x2e26035b04213530deeea6a3874d0f4143bce939,2017-10-25T23:51:42.000Z,0.000256001,0x15636434fa8779ca1895fd3e3bba90139d36a735,sell,0x9b6443b0fb9c241a7fdac375595cea13e6b7807a,0xd18507720a46077123db8c92a8d0da4c49ef1d0fba6fc8b2bba81b5b45327017
242,786.3772305851859,0.2461360731731632,0x15636434fa8779ca1895fd3e3bba90139d36a735,2017-10-25T23:33:55.000Z,0.00031299999999999996,0xbe3ad56c09b8fa187b5b74c0ac0275b53ad535de,sell,0x9b6443b0fb9c241a7fdac375595cea13e6b7807a,0x6fcb3f119821d35c8e401878204bbe26accbcb21d5af420ee2e9927af5a8dde9
243,2292.8920346924533,0.7176752068587379,0x15636434fa8779ca1895fd3e3bba90139d36a735,2017-10-25T23:20:43.000Z,0.00031299999999999996,0xe163a2de09db61748235272dabde724d44fa48f5,sell,0x9b6443b0fb9c241a7fdac375595cea13e6b7807a,0x157c1c8072f7ad3ea976c57f3e83a9ba7e24dc3aa2a039622e728f7a87fabcf8
244,846.8039078855547,0.26504962316817865,0x15636434fa8779ca1895fd3e3bba90139d36a735,2017-10-25T22:59:22.000Z,0.00031299999999999996,0xd3ffbc7dea9a49ceeb69f7a8de636ba2ebdd4ea8,sell,0x9b6443b0fb9c241a7fdac375595cea13e6b7807a,0xc36bf17c406421c2a20f03e7cd55f342e1bd136da4e6a217847f2d9ad50126b3
245,774.6403490778587,0.24246242926136977,0x15636434fa8779ca1895fd3e3bba90139d36a735,2017-10-25T22:53:56.000Z,0.00031299999999999996,0x5c868bfa7dda94e95a06780b163579eb712bf37c,sell,0x9b6443b0fb9c241a7fdac375595cea13e6b7807a,0x1f8f55726476b038c73b7c46c32cf59d9a7123c090f78dba2a9050ea24f0d853
246,0.05,0.000013,0xeba9184e53134a3031839c34e53889a4b26e0ec3,2017-10-25T21:54:36.000Z,0.00026,0x15636434fa8779ca1895fd3e3bba90139d36a735,sell,0x9b6443b0fb9c241a7fdac375595cea13e6b7807a,0x6975a72717d8a95384605f359f3869b353efb8c5af0af7d7c801090b54ff0932
247,0.05,0.000013,0xeba9184e53134a3031839c34e53889a4b26e0ec3,2017-10-25T21:17:38.000Z,0.00026,0x15636434fa8779ca1895fd3e3bba90139d36a735,sell,0x9b6443b0fb9c241a7fdac375595cea13e6b7807a,0x684393c63204c3e6c9a974701b1ba5dfce5211c93352fd928f8ea523bb984dbb
248,0.05,0.00001505,0xeba9184e53134a3031839c34e53889a4b26e0ec3,2017-10-25T21:16:53.000Z,0.000301,0x15636434fa8779ca1895fd3e3bba90139d36a735,sell,0x9b6443b0fb9c241a7fdac375595cea13e6b7807a,0x4ee8cdf4e3a304fa01db9e93b74bd739cbc83e186e75cf44f6672ef700e1789a
249,143,0.04719,0xb20586e432ffb2c85f661c77977ffd19b50dc6c8,2017-10-25T20:17:53.000Z,0.00033,0x6ac6eebda32e60d0dd15dc24d55ff9128a75a34c,buy,0x9b6443b0fb9c241a7fdac375595cea13e6b7807a,0xc5725cf5f488f703c32f5eaff3aece788a3ab1c870c68d7ae3c9845a6b3e8abd
250,70,0.0265608,0xb20586e432ffb2c85f661c77977ffd19b50dc6c8,2017-10-25T20:00:09.000Z,0.00037944,0x15636434fa8779ca1895fd3e3bba90139d36a735,buy,0x9b6443b0fb9c241a7fdac375595cea13e6b7807a,0x6478cfc003d2210378c4ff138e6f51b7d1ca0233925a3e2f7094e4cfd55406ab
251,0.05,0.00001280005,0x2e26035b04213530deeea6a3874d0f4143bce939,2017-10-25T19:13:21.000Z,0.000256001,0x15636434fa8779ca1895fd3e3bba90139d36a735,sell,0x9b6443b0fb9c241a7fdac375595cea13e6b7807a,0x954558cad6b42906604fefe6d9a47c798b470baab439a0858b5a1bb3eaae83f7
252,0.05,0.00001280005,0x2e26035b04213530deeea6a3874d0f4143bce939,2017-10-25T18:46:00.000Z,0.000256001,0x15636434fa8779ca1895fd3e3bba90139d36a735,sell,0x9b6443b0fb9c241a7fdac375595cea13e6b7807a,0x3e3c980c48738f8635fd88e71d3b06ced824751f3099786e4698f38f9fb75d5d
253,0.05,0.00001505,0xf567d5dc358662ada2855f3326b1b9be957849aa,2017-10-25T18:45:54.000Z,0.000301,0x15636434fa8779ca1895fd3e3bba90139d36a735,sell,0x9b6443b0fb9c241a7fdac375595cea13e6b7807a,0x1e4dc731a2eaa5645dc0d16431fd66c1da4e7471f6cc4eb1389333d6e693da31
254,2806.984,0.844904990984,0x15636434fa8779ca1895fd3e3bba90139d36a735,2017-10-25T18:40:43.000Z,0.000301001,0x789c9f02de174d9215277f23a64bf31ddc398ea7,buy,0x9b6443b0fb9c241a7fdac375595cea13e6b7807a,0x9999cb135f0be3a70320aa4f8865bdd46f0c1f3fc524138e7dda788719ca92b1
255,32.18799728840594,0.009688619371807476,0xdee24ceb41b6cad2228764a6c53898bda76f53a9,2017-10-25T18:07:00.000Z,0.00030100099999999996,0x1c2e0c717c3c4a270d1fe4379a4a2440c39f3d33,sell,0x9b6443b0fb9c241a7fdac375595cea13e6b7807a,0x7d73d81b5fe9245c9e0b094d9c462448d449c206a268d472a63658e2458fa82a
256,2182.952,0.72037416,0x15636434fa8779ca1895fd3e3bba90139d36a735,2017-10-25T18:04:23.000Z,0.00033,0x1c2e0c717c3c4a270d1fe4379a4a2440c39f3d33,sell,0x9b6443b0fb9c241a7fdac375595cea13e6b7807a,0x7d91edfa869864486e540119208a88e442e747fb0114271e82901196fb382814
257,0.05,0.00001280005,0x2e26035b04213530deeea6a3874d0f4143bce939,2017-10-25T16:52:49.000Z,0.000256001,0x15636434fa8779ca1895fd3e3bba90139d36a735,sell,0x9b6443b0fb9c241a7fdac375595cea13e6b7807a,0xf7da344c0cc4a78ab8f65b628c7f86e25128a05e4ef49dba1c308a28616f1828
258,385.21682783371546,0.1271215531851261,0x15636434fa8779ca1895fd3e3bba90139d36a735,2017-10-25T15:09:33.000Z,0.00033,0x6fe7366b25ffb92f643174a6d5729bbaabb9c284,sell,0x9b6443b0fb9c241a7fdac375595cea13e6b7807a,0x792ec794ff739584fa56527e9499522e2eba574854188076b9cb590cda79ea1b
259,51.362308134782175,0.01694956168447812,0x15636434fa8779ca1895fd3e3bba90139d36a735,2017-10-25T14:58:49.000Z,0.00033,0xa3410448185301ce9cbd4761cea2d9296adc8812,sell,0x9b6443b0fb9c241a7fdac375595cea13e6b7807a,0x739cc9287aef087560a7604967e2c8626d0aeb89f16a1157a167216f542d736f
260,1951.7974279732828,0.6440931512311834,0x15636434fa8779ca1895fd3e3bba90139d36a735,2017-10-25T14:28:43.000Z,0.00033,0xe92958863d8a954041cc261b1a2ce13f647ecac6,sell,0x9b6443b0fb9c241a7fdac375595cea13e6b7807a,0x8130ebd02cfbc57ce8d257cd89148a7663fbf85cbff6949fbedd275c7c25dbb7
261,0.005,0.000001505005,0xdee24ceb41b6cad2228764a6c53898bda76f53a9,2017-10-25T13:51:56.000Z,0.000301001,0x15636434fa8779ca1895fd3e3bba90139d36a735,sell,0x9b6443b0fb9c241a7fdac375595cea13e6b7807a,0xa07051b8f4877b89e31e4b15a9661eece3a4269d7b1c322e9dcf7c04b6b4f9e9
262,428.6711195294587,0.14146146944472135,0x15636434fa8779ca1895fd3e3bba90139d36a735,2017-10-25T13:46:17.000Z,0.00033,0xc370be1c1ce33e0f69ce376640fac9a5dc2bbb10,sell,0x9b6443b0fb9c241a7fdac375595cea13e6b7807a,0xa466d67ac3325bc673cfd4fcf71b79c70e8f97a76b95b59618e98c82e2bcd04d
263,0.005,0.000001505005,0xdee24ceb41b6cad2228764a6c53898bda76f53a9,2017-10-25T13:26:37.000Z,0.000301001,0x15636434fa8779ca1895fd3e3bba90139d36a735,sell,0x9b6443b0fb9c241a7fdac375595cea13e6b7807a,0x08d95d90ca97c46671e734229b88cc1ee04598fcdb2273fcc5cab16aac18a8c8
264,0.005,0.000001505,0xf567d5dc358662ada2855f3326b1b9be957849aa,2017-10-25T12:46:29.000Z,0.000301,0x15636434fa8779ca1895fd3e3bba90139d36a735,sell,0x9b6443b0fb9c241a7fdac375595cea13e6b7807a,0x8d72670f049fee3978543b69898ec015dcefc53f084dfec5d3827953e54aa512
265,0.005,0.0000015,0x444c7daa5ac6e4e298d12d0542496962edb5da44,2017-10-25T12:45:25.000Z,0.0003,0x15636434fa8779ca1895fd3e3bba90139d36a735,sell,0x9b6443b0fb9c241a7fdac375595cea13e6b7807a,0xc615e37cc4baec60364a4d4d371e004d674eef4a2068ef94edae1d0f7682b203
266,0.05,0.00001505005,0xdee24ceb41b6cad2228764a6c53898bda76f53a9,2017-10-25T12:38:14.000Z,0.000301001,0x15636434fa8779ca1895fd3e3bba90139d36a735,sell,0x9b6443b0fb9c241a7fdac375595cea13e6b7807a,0xe6e4d5f84672e2c6d9a38fcf6dedc8936332fbaab11eb4c7904a329cba7137fb
267,5000,1.99961,0xdee24ceb41b6cad2228764a6c53898bda76f53a9,2017-10-25T12:34:21.000Z,0.000399922,0x15636434fa8779ca1895fd3e3bba90139d36a735,buy,0x9b6443b0fb9c241a7fdac375595cea13e6b7807a,0x2e783c6bbc371544336e31045b33b35f603ad985db384062fa32d8ac3c21ca33
268,2764.88,0.9400592,0xdee24ceb41b6cad2228764a6c53898bda76f53a9,2017-10-25T12:20:44.000Z,0.00034,0x6214ff0afd2a91a7ef0889406acb48b84f1f0159,buy,0x9b6443b0fb9c241a7fdac375595cea13e6b7807a,0x97cd44fbbc67288b49d5d0537ef99c85f3dba230f41f85088f965351967f3b13
269,1658.97,0.5474601,0xdee24ceb41b6cad2228764a6c53898bda76f53a9,2017-10-25T12:17:06.000Z,0.00033,0x17c342d93ae3f44cdb81336b986f12046f912511,buy,0x9b6443b0fb9c241a7fdac375595cea13e6b7807a,0x0d0e89753e810b90bfa6a3fb90d8263b361d8968304a543004a2e3695211cce1
270,1013.1718161059916,0.33231934251094913,0xdee24ceb41b6cad2228764a6c53898bda76f53a9,2017-10-25T12:09:59.000Z,0.000327999,0x1ec0899822c626fe701f8e72f28692a073ec5a3f,buy,0x9b6443b0fb9c241a7fdac375595cea13e6b7807a,0x70f49996cfedac6d0dc38428108d7f880d8abd2094634ffcbabbb3c137d432d5
271,2699,0.885272,0xdee24ceb41b6cad2228764a6c53898bda76f53a9,2017-10-25T12:09:59.000Z,0.000328,0xeba9184e53134a3031839c34e53889a4b26e0ec3,buy,0x9b6443b0fb9c241a7fdac375595cea13e6b7807a,0xc1545ac67871e8c0541f063302037eb72865261fdef9f2e34b04b2c3b23ec9fd
272,184.38905071279035,0.0555011042645499,0xf567d5dc358662ada2855f3326b1b9be957849aa,2017-10-25T11:39:34.000Z,0.000301,0x5facaadd40ae912dccf963096bcb530c413839ee,sell,0x9b6443b0fb9c241a7fdac375595cea13e6b7807a,0x63ff77cf9523c2b35b96797bbc6987468ef85cd4183d3207bf5115f7f4eaf08d
273,764.5271838940083,0.25076415179005085,0xcec4fb67dd596538ee915551986021adf1244cbf,2017-10-25T10:38:51.000Z,0.000327999,0x1ec0899822c626fe701f8e72f28692a073ec5a3f,buy,0x9b6443b0fb9c241a7fdac375595cea13e6b7807a,0x2e6f95393d00c1953e53937545989f76239d37dbf948c46914566ad4e59b0e0f
274,58.71797427973283,0.01767411025819958,0xf567d5dc358662ada2855f3326b1b9be957849aa,2017-10-25T10:35:53.000Z,0.000301,0x4ec4d861d921e536e560d785c6467077ae6f80b1,sell,0x9b6443b0fb9c241a7fdac375595cea13e6b7807a,0x8c55dc4514e396f7ecd95819734656ec42bf758c1c795c92744e348d86124e32
275,28.09,0.0084331798,0xcec4fb67dd596538ee915551986021adf1244cbf,2017-10-25T10:35:50.000Z,0.00030022,0x79f28d8358c064456a2f627c51dec35aac1ae477,buy,0x9b6443b0fb9c241a7fdac375595cea13e6b7807a,0xd47cfd5df62abbb310183520c70fe7ff47f12cd95b1b06154aad69637ed745cf
276,29.3470242249028,0.008833454291695743,0xf567d5dc358662ada2855f3326b1b9be957849aa,2017-10-25T10:23:54.000Z,0.000301,0xe7d2ac0d53175a43869a366d76a52e81e1a4068c,sell,0x9b6443b0fb9c241a7fdac375595cea13e6b7807a,0xb1a7cddbd53be78e51025ae96ce584a5571db3f0f3a21387908c7b5967af13f5
277,1,0.000328,0x7ed4e0425989ab2046b9e7423a921c339be4235a,2017-10-25T07:31:35.000Z,0.000328,0xeba9184e53134a3031839c34e53889a4b26e0ec3,buy,0x9b6443b0fb9c241a7fdac375595cea13e6b7807a,0xfc8cca63464bdd53fa38f9d757d0572ed223f216483fdf22bfbca38aef2d0bc8
278,300,0.0984,0x7ed4e0425989ab2046b9e7423a921c339be4235a,2017-10-25T07:30:41.000Z,0.000328,0xeba9184e53134a3031839c34e53889a4b26e0ec3,buy,0x9b6443b0fb9c241a7fdac375595cea13e6b7807a,0x719db3053aef8303b2363d0c301c74e4e5cb891939aa20ca51d3481e9f4562ff
279,119,0.039032,0x7ed4e0425989ab2046b9e7423a921c339be4235a,2017-10-25T07:25:11.000Z,0.000328,0x310d200340c51fd5a603f6688c73d53152f0a5d5,buy,0x9b6443b0fb9c241a7fdac375595cea13e6b7807a,0x2bf982437362941d1b3479e9026b6a8a4093572511e219aadcd2623e09a08380
280,50,0.0155,0x7ed4e0425989ab2046b9e7423a921c339be4235a,2017-10-25T07:24:50.000Z,0.00031,0x488f18d46f9105ff554ab4a66874f3989a1a8783,buy,0x9b6443b0fb9c241a7fdac375595cea13e6b7807a,0xfde0f87a8b6a53b6e030bdfd5307c743d5e86be6f6020af4caab617f11a86a82
281,354.766,0.106437604852,0x7ed4e0425989ab2046b9e7423a921c339be4235a,2017-10-25T07:21:10.000Z,0.000300022,0x4f3f04b0e31572fa7d328b0a17737fc4d7f5662b,buy,0x9b6443b0fb9c241a7fdac375595cea13e6b7807a,0xab337783af0fa34b72e72c561b4a07576b12be8639d8d2ad755fcf49909d2336
282,450,0.1350099,0x7ed4e0425989ab2046b9e7423a921c339be4235a,2017-10-25T07:21:10.000Z,0.000300022,0x38c325a36e2b37de5430213493ccac195b23a82e,buy,0x9b6443b0fb9c241a7fdac375595cea13e6b7807a,0x5715c88f5baa689f1f5a7ddb7d76ab4ca7dd51927c7d784d9f5e1fa75987192b
283,225.64,0.06769696408,0x7ed4e0425989ab2046b9e7423a921c339be4235a,2017-10-25T07:20:25.000Z,0.000300022,0xed0dea451afeaac5e2808fc9c15d609782d93b99,buy,0x9b6443b0fb9c241a7fdac375595cea13e6b7807a,0x9551e20fd22f48fda6822388b46cde5498bfb2472087d1ba4d3b99e1b12593fd
284,200,0.0600044,0x7ed4e0425989ab2046b9e7423a921c339be4235a,2017-10-25T07:18:34.000Z,0.000300022,0x38c325a36e2b37de5430213493ccac195b23a82e,buy,0x9b6443b0fb9c241a7fdac375595cea13e6b7807a,0x3ce03c4d759691d92a2773409d8075e209ced17f865bcf84132af80742f81da9
285,1305.9515501943974,0.39178546505831924,0x444c7daa5ac6e4e298d12d0542496962edb5da44,2017-10-25T07:11:08.000Z,0.0003,0x715f5e7e99cdc54ea0f0341471dec018e0d0201b,sell,0x9b6443b0fb9c241a7fdac375595cea13e6b7807a,0xcc40fb240d6b18364fdcc24c795239fb193b66a10901512ec2ef71ec248cbbff
286,0.015017052596102323,0.00000450511577883,0x444c7daa5ac6e4e298d12d0542496962edb5da44,2017-10-25T06:58:56.000Z,0.00029999999999995357,0x22e2a2bf31257f767870ff5effea52cd77ab7fc4,sell,0x9b6443b0fb9c241a7fdac375595cea13e6b7807a,0x0cc6891f25c38caa6550c2c3e3f6519667c206936f55e034990f4c05b4913127
287,2613.620622470342,0.7840861867411025,0x444c7daa5ac6e4e298d12d0542496962edb5da44,2017-10-25T06:53:08.000Z,0.0003,0x5e69542e60a2138dab38ae91f23104f51e66bbe9,sell,0x9b6443b0fb9c241a7fdac375595cea13e6b7807a,0x3126006f2734639f008439f4eadc0ea8e2a1c06671a8a7024adc170444d75a89
288,18.163126073395045,0.005449337410792128,0xfa7a70854ec6ad8b232d6755a7736fad35e25d5f,2017-10-25T05:10:00.000Z,0.000300022,0x4f3f04b0e31572fa7d328b0a17737fc4d7f5662b,sell,0x9b6443b0fb9c241a7fdac375595cea13e6b7807a,0xd9149fe6dfd7be6e6e661046aec66cc38f7bbaf150958e4fc99460dba2e5e993
289,150.63605459150241,0.04519413037065173,0xfa7a70854ec6ad8b232d6755a7736fad35e25d5f,2017-10-25T01:44:00.000Z,0.000300022,0x22e2a2bf31257f767870ff5effea52cd77ab7fc4,sell,0x9b6443b0fb9c241a7fdac375595cea13e6b7807a,0x8b95fd0b9ff39a2c9c455e1ceaa6d9770215dc3f6a6c3d0b0042b6623a83b4a1
290,3300,0.99165,0x7ee6aca306d9f09abd8475df8775926931d5d971,2017-10-24T23:08:23.000Z,0.0003005,0xeba9184e53134a3031839c34e53889a4b26e0ec3,sell,0x9b6443b0fb9c241a7fdac375595cea13e6b7807a,0x26cf723145cc78596008be8635592f4637157ca79f8f2fb6de822a242786a420
291,0.04768278461582175,0.000014305884406008,0xfa7a70854ec6ad8b232d6755a7736fad35e25d5f,2017-10-24T21:01:03.000Z,0.0003000219999999985,0xbbab400ed56179fc0a099f844fb9764d6593e630,sell,0x9b6443b0fb9c241a7fdac375595cea13e6b7807a,0x01645ccc68f70853d887fb36b2f4dc3c6acdcd3dbc0a2b5c0f01f80ea23ea47f
292,478.30601248130796,0.14350232647666697,0xfa7a70854ec6ad8b232d6755a7736fad35e25d5f,2017-10-24T20:55:09.000Z,0.000300022,0xbbab400ed56179fc0a099f844fb9764d6593e630,sell,0x9b6443b0fb9c241a7fdac375595cea13e6b7807a,0xdb7aa76ceee21be4dfdffff491867911d1b1e2dd11f74c3c066e1ac40b61a674
293,1485.96176863,0.445788530589,0x17c342d93ae3f44cdb81336b986f12046f912511,2017-10-24T20:10:06.000Z,0.0003,0x22eb520ce1f1eaffade7c4ff769fff8599c1b24a,buy,0x9b6443b0fb9c241a7fdac375595cea13e6b7807a,0xc3668da51cb702d9129594b370087828e467cad6913148c2fba5e341dbf0268a
294,1866.8716977370152,0.5600615093211045,0x444c7daa5ac6e4e298d12d0542496962edb5da44,2017-10-24T19:54:30.000Z,0.0003,0x0074ca1979889653aaefd4b112b93b029e682288,sell,0x9b6443b0fb9c241a7fdac375595cea13e6b7807a,0xde04df4cbd5a5f365382654277f7e3e4d1fe849a2f705a9a669c41d00236d8b4
295,1497.6273551988834,0.44928820655966506,0x444c7daa5ac6e4e298d12d0542496962edb5da44,2017-10-24T19:13:31.000Z,0.0003,0x62891ad67b4b588041da1d4dc8f1760ac805569b,sell,0x9b6443b0fb9c241a7fdac375595cea13e6b7807a,0xbefbb12931e10a8ec69ab0405b15c5d010de4bdafacbc6dac4b051ec1e95add1
296,100,0.031,0x5aeda141ceb7323825fb57f8c0fae9a0a97a1674,2017-10-24T18:20:52.000Z,0.00031,0x22e2a2bf31257f767870ff5effea52cd77ab7fc4,buy,0x9b6443b0fb9c241a7fdac375595cea13e6b7807a,0xd29c26438694fc4fc6a94ffbcefddd5531af270adc001ff71169d65ed56e5e03
297,1003.1943061048681,0.3009803621061948,0xfa7a70854ec6ad8b232d6755a7736fad35e25d5f,2017-10-24T18:02:43.000Z,0.000300022,0xa3d7dedda551204ccb03bd79aa87824cc453b8de,sell,0x9b6443b0fb9c241a7fdac375595cea13e6b7807a,0xd5ffe61b6d03b29745b9ede4aa48b66725417495d615eb86a0a159794a349a00
298,64.85870503439338,0.01945903840182877,0xfa7a70854ec6ad8b232d6755a7736fad35e25d5f,2017-10-24T17:51:36.000Z,0.000300022,0xa5db44e5002d9558a04337f50f9212d5ce715a8a,sell,0x9b6443b0fb9c241a7fdac375595cea13e6b7807a,0x9c699a61b0b15a824273326f598b41ec420b50ddb968877b427229829ab26cc7
299,1182.0845379324096,0.35465136723955737,0xfa7a70854ec6ad8b232d6755a7736fad35e25d5f,2017-10-24T17:46:54.000Z,0.000300022,0xa3d7dedda551204ccb03bd79aa87824cc453b8de,sell,0x9b6443b0fb9c241a7fdac375595cea13e6b7807a,0xd68d697355ca8e639209fbb0398681ca52e03afe4e5a9b99c29b6697e53dc5b7
300,995.634270760642,0.2987121851821493,0xfa7a70854ec6ad8b232d6755a7736fad35e25d5f,2017-10-24T17:08:41.000Z,0.000300022,0xeb273e5238a7eebba5cb721cf911f6d54434d127,sell,0x9b6443b0fb9c241a7fdac375595cea13e6b7807a,0x6609283e06f3cde30c5f2161f760e14cd076acad547fa521dd3b39179e30239e
301,426.421,0.127935681262,0xfa7a70854ec6ad8b232d6755a7736fad35e25d5f,2017-10-24T17:01:22.000Z,0.000300022,0xeb273e5238a7eebba5cb721cf911f6d54434d127,sell,0x9b6443b0fb9c241a7fdac375595cea13e6b7807a,0xe47ced999678f852605fe610e530eb2067aabd5b5ba1b93a92fbab67c7aef9c4
302,497.96064403926397,0.15436779965217182,0x143ecfee04a13884e5310fe20c61abb954fc5e09,2017-10-24T16:35:21.000Z,0.00031,0x22e2a2bf31257f767870ff5effea52cd77ab7fc4,buy,0x9b6443b0fb9c241a7fdac375595cea13e6b7807a,0xc01ce29a26800f1904965d1b3ee9049d6425b68648ab810ff0b370bd6951b558
303,82.12008049047951,0.024637830788914645,0xfa7a70854ec6ad8b232d6755a7736fad35e25d5f,2017-10-24T16:28:52.000Z,0.000300022,0x51ca9a4707043be59e56c1db14d58dcbd955569e,sell,0x9b6443b0fb9c241a7fdac375595cea13e6b7807a,0xe5dd0d23eddc108609c3303907d7c2ee0f416d30055037b8d4c5ad5d26ba3c67
304,31.077659256305452,0.009323981485395275,0xfa7a70854ec6ad8b232d6755a7736fad35e25d5f,2017-10-24T16:03:52.000Z,0.000300022,0x0a074bde66e3f051033577794a655b17b84b0e51,sell,0x9b6443b0fb9c241a7fdac375595cea13e6b7807a,0x2ab2893ed3858eb45203facae3549bc930a3a3bd10ac438b13f63ffdeb206bac
305,31.077659256305452,0.009323981485395275,0xfa7a70854ec6ad8b232d6755a7736fad35e25d5f,2017-10-24T16:03:05.000Z,0.000300022,0x0a074bde66e3f051033577794a655b17b84b0e51,sell,0x9b6443b0fb9c241a7fdac375595cea13e6b7807a,0x2ab2893ed3858eb45203facae3549bc930a3a3bd10ac438b13f63ffdeb206bac
306,3364.149137673213,1.0093187525829928,0xfa7a70854ec6ad8b232d6755a7736fad35e25d5f,2017-10-24T15:03:27.000Z,0.000300022,0x9f37a171c7980f5882dcb9924e223a41b87d9f03,sell,0x9b6443b0fb9c241a7fdac375595cea13e6b7807a,0xc0327e266098ca6c7b4ff9755c285590819cb6a937763eab740123e1ad1c3e6f
307,212.77539627155818,0.06383729994018543,0xfa7a70854ec6ad8b232d6755a7736fad35e25d5f,2017-10-24T14:51:19.000Z,0.000300022,0x1521e5141545090bc80fafa7c2a5f4b75221c845,sell,0x9b6443b0fb9c241a7fdac375595cea13e6b7807a,0xcc36be73ba1eca0aca95621c23a2f74ea6a0a458d6042e371a06cc4b12b55959
308,139.56734124214933,0.04187327285415213,0xfa7a70854ec6ad8b232d6755a7736fad35e25d5f,2017-10-24T14:43:24.000Z,0.000300022,0x07ee453b212e515f2b908a6d9a1f3b4bc71bd9fe,sell,0x9b6443b0fb9c241a7fdac375595cea13e6b7807a,0xeec7d8e8cb74ccee3fa43279c853b1b8d0a3e08399abdfdc165232741c6e09ee
309,180.9646893031602,0.05429338801411273,0xfa7a70854ec6ad8b232d6755a7736fad35e25d5f,2017-10-24T13:25:12.000Z,0.000300022,0x369b5283d4c934867280778f8c211610f554fbbe,sell,0x9b6443b0fb9c241a7fdac375595cea13e6b7807a,0x85021c0a74a91c99cc43c5ce5f72842667676604241f7eb137ffbf018d111295
310,855.5673049546406,0.2566701914863922,0x444c7daa5ac6e4e298d12d0542496962edb5da44,2017-10-24T13:12:29.000Z,0.0003,0x0af69da5a1557bd16f14e51e21749166eb5dd58a,sell,0x9b6443b0fb9c241a7fdac375595cea13e6b7807a,0x146e8729bb4f3d2bf66d96cf14655429678d649d4ceb37a299b7856e839e0c1a
311,2974.8699032997706,0.8924609709899313,0x444c7daa5ac6e4e298d12d0542496962edb5da44,2017-10-24T13:08:57.000Z,0.0003,0x1b077e15c7e17980dd8b2e90f0e3e6247d4b11a9,sell,0x9b6443b0fb9c241a7fdac375595cea13e6b7807a,0xf7eb12e4c7ae3b885a788eba531b0ead0d5fceeaa6b6cd8865ac8119a6485a87
312,411.2969793639717,0.12339814234273751,0x15636434fa8779ca1895fd3e3bba90139d36a735,2017-10-24T13:06:50.000Z,0.000300022,0xaadb2c462a98fb6c4ddc055fa4a0bae6832076e1,sell,0x9b6443b0fb9c241a7fdac375595cea13e6b7807a,0x11a75fc10fa1005769f7c4d1aa9efdb280641f71009ab8355bc87f85610f1683
313,139.89991416608513,0.04197305204793719,0x15636434fa8779ca1895fd3e3bba90139d36a735,2017-10-24T12:40:34.000Z,0.000300022,0x0d6baf35b4982a7cb84ffe8eb786607d1abef2e1,sell,0x9b6443b0fb9c241a7fdac375595cea13e6b7807a,0xe63aa80ebdad4602eb3e37269a06c01e2825998c31d6acb8fbf353a952dd2354
314,28.91475028411923,0.008819953023415742,0x15636434fa8779ca1895fd3e3bba90139d36a735,2017-10-24T12:28:33.000Z,0.00030503299999999996,0xd562f90fb7bcd0cfc18411eefc125c70447f6210,sell,0x9b6443b0fb9c241a7fdac375595cea13e6b7807a,0xef128db52cc1e265b762daf502555fb8af085db9519090a877be4857914c6b35
315,1633,0.499698,0x5d2affe86b5c7aa569073bdcf5b91a89394b9e8a,2017-10-24T11:53:15.000Z,0.000306,0xb253db52d71b3d38fa9da7686b759bc618160784,sell,0x9b6443b0fb9c241a7fdac375595cea13e6b7807a,0xb75ee91b57636fc270619789732f86d009cfb1842ab28e4241d8f3d9d0291f50
316,184.05941581098594,0.056144195783072476,0x15636434fa8779ca1895fd3e3bba90139d36a735,2017-10-24T10:24:06.000Z,0.00030503299999999996,0x4880c72ef18d60ba3adb68f990e908caff9784ee,sell,0x9b6443b0fb9c241a7fdac375595cea13e6b7807a,0x5d24ebd28ab123c972a8907b5e4efbde17caabd1565e5db3ca3a4d444ddbdc72
317,184.05941581098594,0.056144195783072476,0x15636434fa8779ca1895fd3e3bba90139d36a735,2017-10-24T10:23:29.000Z,0.00030503299999999996,0x4880c72ef18d60ba3adb68f990e908caff9784ee,sell,0x9b6443b0fb9c241a7fdac375595cea13e6b7807a,0x5d24ebd28ab123c972a8907b5e4efbde17caabd1565e5db3ca3a4d444ddbdc72
318,220.59415810985945,0.06728849783072476,0x15636434fa8779ca1895fd3e3bba90139d36a735,2017-10-24T10:20:01.000Z,0.00030503299999999996,0xc85d3baba724711ce7b43e746acf9c6bf38e6ec5,sell,0x9b6443b0fb9c241a7fdac375595cea13e6b7807a,0x9b9949fed3f0c0a46f03d8888c5380050406e3abbcfdf8b018d0d1b23b5a2caa
319,2500,0.825,0x7ee6aca306d9f09abd8475df8775926931d5d971,2017-10-24T10:19:28.000Z,0.00033,0x17c342d93ae3f44cdb81336b986f12046f912511,buy,0x9b6443b0fb9c241a7fdac375595cea13e6b7807a,0xf800a67c7dc2dd1b087ea3e4ff10f872921f9edd6892fbd8267461a165bdf9d1
320,3557.256,1.173617014032,0x7ee6aca306d9f09abd8475df8775926931d5d971,2017-10-24T10:17:59.000Z,0.000329922,0x15636434fa8779ca1895fd3e3bba90139d36a735,buy,0x9b6443b0fb9c241a7fdac375595cea13e6b7807a,0x1d4283d6c7b5acf9197c1a1cea27eedda7981ffb332f92cbb6c36bb033357a5c
321,220.97176112,0.072655515056256,0xbbab400ed56179fc0a099f844fb9764d6593e630,2017-10-24T09:42:51.000Z,0.0003288,0x5a29aec11f14a739f8ab58edf5269ca12fb90080,buy,0x9b6443b0fb9c241a7fdac375595cea13e6b7807a,0x61749e4f51389ef91e55d76f14f0f27b896e7c886940a704cbe048436e1174f0
322,258.817,0.081527355,0xbbab400ed56179fc0a099f844fb9764d6593e630,2017-10-24T09:39:40.000Z,0.000315,0xed0dea451afeaac5e2808fc9c15d609782d93b99,buy,0x9b6443b0fb9c241a7fdac375595cea13e6b7807a,0xb8f2ef3bb6e971c703963cc889f2202ef2bda2b8fa699b4acb0b597f951a33c0
323,584.7440180839397,0.1783662220681984,0x15636434fa8779ca1895fd3e3bba90139d36a735,2017-10-24T09:18:53.000Z,0.00030503299999999996,0x21e70fee23868b5c84e3cfa093990ccc1eb5d02f,sell,0x9b6443b0fb9c241a7fdac375595cea13e6b7807a,0xc0f94a618a1af1c58f2f46818e7d6769b2631617ba2bdc4645a070446fde990f
324,42.86711195294587,0.01286013358588376,0x444c7daa5ac6e4e298d12d0542496962edb5da44,2017-10-24T09:10:37.000Z,0.0003,0xea725351314704e9c636b4cb32b36a7d560f6e1c,sell,0x9b6443b0fb9c241a7fdac375595cea13e6b7807a,0x3ded6ac6784678a4439f615790f675bbbd131623155a3350f924aa11d3aba43d
325,900,0.27,0x15636434fa8779ca1895fd3e3bba90139d36a735,2017-10-24T09:06:50.000Z,0.0003,0x38c325a36e2b37de5430213493ccac195b23a82e,buy,0x9b6443b0fb9c241a7fdac375595cea13e6b7807a,0x29047163cd8d7fe83781b47bae9370e6bf554501d6d645f7e3f7198e2ddb2af3
326,2657.256074618934,0.6882293233263039,0x273a5d3e6721b9f5c1a6474f560c1334c63dda01,2017-10-24T09:05:44.000Z,0.000259,0xb05683289e23fe34dceab87484eb2ddfa49fd55f,buy,0x9b6443b0fb9c241a7fdac375595cea13e6b7807a,0xd80a18c3bf101a55aafd2c1ceb8502fe7c0b0427a1955f3720f1ab9da831626b
327,2649.2843063950772,0.7947852919185232,0x444c7daa5ac6e4e298d12d0542496962edb5da44,2017-10-24T09:05:44.000Z,0.0003,0x273a5d3e6721b9f5c1a6474f560c1334c63dda01,sell,0x9b6443b0fb9c241a7fdac375595cea13e6b7807a,0xd80a18c3bf101a55aafd2c1ceb8502fe7c0b0427a1955f3720f1ab9da831626b
328,65.97148838600339,0.01715258698036088,0x444c7daa5ac6e4e298d12d0542496962edb5da44,2017-10-24T08:52:47.000Z,0.00026,0xa78e268adcf9c7ea5341c8a60d2edee3c9a05ca9,sell,0x9b6443b0fb9c241a7fdac375595cea13e6b7807a,0x2b3f3da305007755f5aa0605847b0f384896b12f891a68818a20c0ad4fb0efa5
329,116.011925381066,0.030047088673696095,0x5d2affe86b5c7aa569073bdcf5b91a89394b9e8a,2017-10-24T08:43:46.000Z,0.000259,0xb05683289e23fe34dceab87484eb2ddfa49fd55f,buy,0x9b6443b0fb9c241a7fdac375595cea13e6b7807a,0xd5440fef3e8170e55aa98e08af9879c404c0b3fd15e76a259469769414d161a7
330,155.92422417505733,0.040540298285514906,0x444c7daa5ac6e4e298d12d0542496962edb5da44,2017-10-24T08:07:32.000Z,0.00026,0xb95390d77f2af27deb09abf9ad6a0c36ec1333d2,sell,0x9b6443b0fb9c241a7fdac375595cea13e6b7807a,0x1e4c9311d358095f314b142be7201167ba15db3d21e17f01513626c631ffec71
331,330.3190110656963,0.08588294287708105,0x444c7daa5ac6e4e298d12d0542496962edb5da44,2017-10-24T07:56:16.000Z,0.00026,0x1e99737d62e293d6043f2407a24652d39b1ec372,sell,0x9b6443b0fb9c241a7fdac375595cea13e6b7807a,0x00b05070438616f7d6948c83b399f6f2ea03c98c1f8b21103fadd0e2ae1dcf5d
332,6685.7731033795235,1.7383010068786762,0x444c7daa5ac6e4e298d12d0542496962edb5da44,2017-10-24T07:31:26.000Z,0.00026,0x961fff8b602a4c6c58fbd54ff22bbee206805e8d,sell,0x9b6443b0fb9c241a7fdac375595cea13e6b7807a,0x6214090ad1b49f2a6cd7653ddd955d2224007fe6aa7f65c9d72e2296c2459adc
333,58.52243924833018,0.015215834204565844,0x444c7daa5ac6e4e298d12d0542496962edb5da44,2017-10-24T07:21:28.000Z,0.00026,0x34fe12dd2117f3a3d0fbb774460f72d91509214b,sell,0x9b6443b0fb9c241a7fdac375595cea13e6b7807a,0x0682f31457b8e2e57504044f5121e4dc41f5bf21764d871a969378f31c53a283
334,146.18682085534843,0.043856046256604525,0x444c7daa5ac6e4e298d12d0542496962edb5da44,2017-10-24T07:13:12.000Z,0.0003,0xe5639f6b824a77e904f4acf5d140b5a3a4a349b9,sell,0x9b6443b0fb9c241a7fdac375595cea13e6b7807a,0x1f471c312b38a15f595cf25ee34c86df0a33be6874da78b19758f3e8474ced16
335,58.70800518392982,0.017612401555178944,0x444c7daa5ac6e4e298d12d0542496962edb5da44,2017-10-24T06:43:44.000Z,0.0003,0x3c6f1d6667a0c80a7726b548d15a4af91a77a4b5,sell,0x9b6443b0fb9c241a7fdac375595cea13e6b7807a,0x248635daa17dd556411b93bcfbfbffe4b3a1a079e3a2c4b9f31934fb68e4918b
336,1908.500884597747,0.5725502653793241,0x444c7daa5ac6e4e298d12d0542496962edb5da44,2017-10-24T05:56:13.000Z,0.0003,0xe942f56971fb81557da48a5fcc63d403788d4f8e,sell,0x9b6443b0fb9c241a7fdac375595cea13e6b7807a,0x15ddf50e7d893e0ffe9ed8545697b04ae1beaee6ecbc8daa18c6dd3c6d3734ee
337,100,0.03,0x693de8556b4118333a571c4263c9b28698125f54,2017-10-24T05:51:30.000Z,0.0003,0x38c325a36e2b37de5430213493ccac195b23a82e,buy,0x9b6443b0fb9c241a7fdac375595cea13e6b7807a,0xaa39dee00ffcb0010d83733ff091a85082ee06bda6aab5095c33fbe36c479f38
338,163.55168854000001,0.05233652397763115,0x693de8556b4118333a571c4263c9b28698125f54,2017-10-24T05:45:07.000Z,0.0003199999,0xd2ea382e498316d91b9de8557670149b479721a0,sell,0x9b6443b0fb9c241a7fdac375595cea13e6b7807a,0x9f7d08ee0c6d172402cd88a5648e615f9e3fbd7b921aceb5047c6dfeb9bf788e
339,164.04382000000004,0.05167380330000001,0xd2ea382e498316d91b9de8557670149b479721a0,2017-10-24T05:45:07.000Z,0.000315,0xed0dea451afeaac5e2808fc9c15d609782d93b99,buy,0x9b6443b0fb9c241a7fdac375595cea13e6b7807a,0x9f7d08ee0c6d172402cd88a5648e615f9e3fbd7b921aceb5047c6dfeb9bf788e
340,305.02218,0.097607067097782,0x693de8556b4118333a571c4263c9b28698125f54,2017-10-24T05:43:13.000Z,0.0003199999,0xd2ea382e498316d91b9de8557670149b479721a0,sell,0x9b6443b0fb9c241a7fdac375595cea13e6b7807a,0xb3fd79309585faac52cdd9f470c4419399d1e5b0be644b6099eaedab00799ffb
341,305.94,0.0948414,0xd2ea382e498316d91b9de8557670149b479721a0,2017-10-24T05:43:13.000Z,0.00031,0x5694875d2262ec87e1c65cc371a312e9eaf0967f,buy,0x9b6443b0fb9c241a7fdac375595cea13e6b7807a,0xb3fd79309585faac52cdd9f470c4419399d1e5b0be644b6099eaedab00799ffb
342,49.791645897717075,0.014937493769315123,0x444c7daa5ac6e4e298d12d0542496962edb5da44,2017-10-24T05:13:18.000Z,0.0003,0x3c35b66dbaf1bc716f41759c7513a7af2f727ce0,sell,0x9b6443b0fb9c241a7fdac375595cea13e6b7807a,0xf4bae95678c87bee81bfb3d12cbba4910fdcd61ec76af6b88b300f95d437b2f0
343,103.77529658060014,0.03113258897418004,0x444c7daa5ac6e4e298d12d0542496962edb5da44,2017-10-24T05:10:11.000Z,0.0003,0x2d923a09bf3110b21381a528552700531de83f63,sell,0x9b6443b0fb9c241a7fdac375595cea13e6b7807a,0xe80ec398d2a97bdfb7b558dd7c242dca4d55f1840a33d3b3681e4f9b0feb3eb1
344,3024.408194468416,0.9073224583405248,0x444c7daa5ac6e4e298d12d0542496962edb5da44,2017-10-24T05:06:17.000Z,0.0003,0x562cc8156d7ab3f85aeae3b0096b0bf86d18e71f,sell,0x9b6443b0fb9c241a7fdac375595cea13e6b7807a,0xdf51061ad505582a3ad32ddfcfc094c78d2ac32928d1d253ffc638a773fe988d
345,148.72894028511615,0.04461868208553484,0x444c7daa5ac6e4e298d12d0542496962edb5da44,2017-10-24T05:06:17.000Z,0.0003,0xbc4a9e6a990a646b4cccb2b4b07cd1f3232ee9be,sell,0x9b6443b0fb9c241a7fdac375595cea13e6b7807a,0x66211de117f8c3334348d40ce5d591ef41c1a3c05887bacfffd591b47ad5da56
346,243.31281268068986,0.07542697193101386,0xc370be1c1ce33e0f69ce376640fac9a5dc2bbb10,2017-10-24T05:03:14.000Z,0.00031,0x562cc8156d7ab3f85aeae3b0096b0bf86d18e71f,sell,0x9b6443b0fb9c241a7fdac375595cea13e6b7807a,0x4be9b7a61a107d789d7f8dbec0b9443ba150a77fe8b5dc2198accd4cc7c475be
347,4573.632389821908,1.3720897169465724,0x444c7daa5ac6e4e298d12d0542496962edb5da44,2017-10-24T05:03:14.000Z,0.0003,0xe9fc4848676d74e9d098cca3dd63c5bfc26a5ba6,sell,0x9b6443b0fb9c241a7fdac375595cea13e6b7807a,0x8ed7a088649730ac3879cb900d1098bb7d8509ce78258ab198bd621d35deb911
348,46,0.01426,0x5d2affe86b5c7aa569073bdcf5b91a89394b9e8a,2017-10-24T04:40:13.000Z,0.00031,0x5694875d2262ec87e1c65cc371a312e9eaf0967f,buy,0x9b6443b0fb9c241a7fdac375595cea13e6b7807a,0x1256c7a5b8465f20ef1689243eef3eb30ca8f8e3e7e121694ccd70e7f36e3e6e
349,186.68718731931014,0.05787302806898614,0xc370be1c1ce33e0f69ce376640fac9a5dc2bbb10,2017-10-24T04:08:32.000Z,0.00031,0xfe9076ebf11efc63cfaba1f815a5f80116d7d2f2,sell,0x9b6443b0fb9c241a7fdac375595cea13e6b7807a,0x9ed5bb7682555b1a925d147aa37c92223a6a0a7c340cf5daffec3bb6117893fa
350,100,0.031,0x5aeda141ceb7323825fb57f8c0fae9a0a97a1674,2017-10-24T03:48:44.000Z,0.00031,0x5694875d2262ec87e1c65cc371a312e9eaf0967f,buy,0x9b6443b0fb9c241a7fdac375595cea13e6b7807a,0x7259a4c7e07037d834a1f77210d6bd2a824fe03ab76cd333c5c924eb83ea414c
351,106.77100986940485,0.032031302960821455,0x444c7daa5ac6e4e298d12d0542496962edb5da44,2017-10-24T02:57:15.000Z,0.0003,0x7f40bc91ee6e0abbdc8904d326bbcc18d958d1fe,sell,0x9b6443b0fb9c241a7fdac375595cea13e6b7807a,0xb42fe28d817d38f2321781741ffd9c1e07f166558f4458c40bdd262e6abac721
352,288.27861322899014,0.08648358396869704,0x444c7daa5ac6e4e298d12d0542496962edb5da44,2017-10-24T02:18:55.000Z,0.0003,0x01c68de2a7a84bf0a58797c53aa91f08cf2a6cbf,sell,0x9b6443b0fb9c241a7fdac375595cea13e6b7807a,0xff24fe26df41014ff5aeb1f99be6e0a830735c0b7f67df5cb32ffdeea212aa38
353,183.43136277539628,0.05502940883261888,0x444c7daa5ac6e4e298d12d0542496962edb5da44,2017-10-24T01:07:20.000Z,0.0003,0xea407239885a632fc8f5fdc9f4ad1b044e13814c,sell,0x9b6443b0fb9c241a7fdac375595cea13e6b7807a,0x94286789338e981aecaae3965ea51f0eeada979d63fc3c4965fa9893b3206048
354,481.7705114146147,0.1445311534243844,0x15636434fa8779ca1895fd3e3bba90139d36a735,2017-10-23T22:03:25.000Z,0.0003,0x846fe155673f9fd3131be9b757d1ed9bd3d4853d,sell,0x9b6443b0fb9c241a7fdac375595cea13e6b7807a,0x1fd1b7f8d5f04125727dcd25a28a6fd10b83e0230e23188df8362fc5ed94ac1a
355,83.43435350413718,0.025030306051241152,0x15636434fa8779ca1895fd3e3bba90139d36a735,2017-10-23T21:56:20.000Z,0.0003,0xb9b03611fc1efadd1f1a83d84cdd8cca5d93f0cb,sell,0x9b6443b0fb9c241a7fdac375595cea13e6b7807a,0xf34e6986f841814e206f02821ec8bc1a6cc4346b6f7728e5d715e118046f9094
356,0.000000001113397269,0.000000000000443131,0xa6748e0c53ad9a88a5951a3bdab59784f7e54c63,2017-10-23T21:55:18.000Z,0.0003979990003011225,0x3506a4ac2db486437dda98a171a18fb36c924caa,buy,0x9b6443b0fb9c241a7fdac375595cea13e6b7807a,0x6503742aa5ce4d0ffbd2a22225a584aa804edbb147979e870537b85c84ef25c7
357,3476.3320057820756,1.0428996017346226,0x15636434fa8779ca1895fd3e3bba90139d36a735,2017-10-23T21:52:28.000Z,0.0003,0x4af2ee315fe136fb087afc66ccc337a82891bfdd,sell,0x9b6443b0fb9c241a7fdac375595cea13e6b7807a,0x46362ea177c1dc3d3734811ebd73c354be99e43068a13d800e84774046c67a58
358,56.96927059116738,0.017090781177350214,0x15636434fa8779ca1895fd3e3bba90139d36a735,2017-10-23T21:48:22.000Z,0.0003,0x0fe8c0f024b8df422f830c34e3c406cc05735f77,sell,0x9b6443b0fb9c241a7fdac375595cea13e6b7807a,0x73d148bc846ceb8934c4c43e10b74da093c5c74ab0cde7af4f24209c21d36e93
359,0.00000968416756427,0.000000004445032912,0xa6748e0c53ad9a88a5951a3bdab59784f7e54c63,2017-10-23T21:43:49.000Z,0.0004590000000000072,0x488f18d46f9105ff554ab4a66874f3989a1a8783,buy,0x9b6443b0fb9c241a7fdac375595cea13e6b7807a,0xcb3c0fe3504f99c5b17bfeebc1baa40eba057c545b273ab91ea0843deee96a61
360,3999.977714614913,1.2199932029575484,0x17c342d93ae3f44cdb81336b986f12046f912511,2017-10-23T21:34:39.000Z,0.000305,0x15636434fa8779ca1895fd3e3bba90139d36a735,sell,0x9b6443b0fb9c241a7fdac375595cea13e6b7807a,0x3a4d8134f77a6ec11c1e7b970f56ed2e1a173eb7aa2080ebcf224d87dff4430b
361,0.11203074664081568,0.000044588125132298,0xa6748e0c53ad9a88a5951a3bdab59784f7e54c63,2017-10-23T21:32:45.000Z,0.000397999,0x3506a4ac2db486437dda98a171a18fb36c924caa,buy,0x9b6443b0fb9c241a7fdac375595cea13e6b7807a,0x0563eb995e5bc76d42f718fa5a9441714595acbeb35ea99614ef0113ba195443
362,4291.315403558967,1.33030777510328,0x15636434fa8779ca1895fd3e3bba90139d36a735,2017-10-23T21:30:29.000Z,0.00031,0xe9fc4848676d74e9d098cca3dd63c5bfc26a5ba6,sell,0x9b6443b0fb9c241a7fdac375595cea13e6b7807a,0x7bb40cfc849f969fc65040e26afa8dcfecc805db4a8bb7cee39159b2552c18f5
363,50.47452896022331,0.015647103977669226,0x15636434fa8779ca1895fd3e3bba90139d36a735,2017-10-23T21:28:51.000Z,0.00031,0xfa6c47a59abd678153eb3e30611ccb0c384aa854,sell,0x9b6443b0fb9c241a7fdac375595cea13e6b7807a,0xd5e170d139c3ffcad08d662e7d431a87ba2d9164abeff439c89a0add16d9c474
364,844.2100674808095,0.26170512091905096,0x15636434fa8779ca1895fd3e3bba90139d36a735,2017-10-23T21:10:10.000Z,0.00031,0x19cd3473bafd2a3cade12262a73be21e02a50490,sell,0x9b6443b0fb9c241a7fdac375595cea13e6b7807a,0xb105da94b8de1c9cbce8e4cd47113218b4613f143a8632f987c7f94809351421
365,836,0.25916,0x15636434fa8779ca1895fd3e3bba90139d36a735,2017-10-23T20:49:39.000Z,0.00031,0x999fa542e5c36af835ee15ab7a2d538112dca496,sell,0x9b6443b0fb9c241a7fdac375595cea13e6b7807a,0xe3ab752159356422ab15d86f87d42db9e5d544d23d819a92197649ad43c2853d
366,746,0.23872,0x15636434fa8779ca1895fd3e3bba90139d36a735,2017-10-23T20:29:50.000Z,0.00032,0x999fa542e5c36af835ee15ab7a2d538112dca496,sell,0x9b6443b0fb9c241a7fdac375595cea13e6b7807a,0xc37721fc9d26238f5fe12bd52b7e483f6bada348bfc84b275f5b84f5ce552339
367,746.6852756454989,0.23893928820655966,0x15636434fa8779ca1895fd3e3bba90139d36a735,2017-10-23T19:41:49.000Z,0.00031999999999999997,0x3b041627814ba14f6d5eaa29249d28df1d463fc8,sell,0x9b6443b0fb9c241a7fdac375595cea13e6b7807a,0xa2ff62a0f2a3fa67d936d93b76b3279be7a7f727f1f06bc8d3a7ac8963a90ab2
368,193,0.06176,0x15636434fa8779ca1895fd3e3bba90139d36a735,2017-10-23T18:50:46.000Z,0.00032,0x63838cd7ec8654b14aa21b560e695fbdbfa972eb,buy,0x9b6443b0fb9c241a7fdac375595cea13e6b7807a,0x98f0bd73c8143cbd1da34bd9f55aaa5bab711d2ec4ae5ab806ad595b33c5518a
369,30,0.0096,0x5d2affe86b5c7aa569073bdcf5b91a89394b9e8a,2017-10-23T18:42:05.000Z,0.00032,0x63838cd7ec8654b14aa21b560e695fbdbfa972eb,buy,0x9b6443b0fb9c241a7fdac375595cea13e6b7807a,0x8197c72e4c8ffac809dd0cd499a2d30a948c4262636032ba14fda38b4c126731
370,67.0596216129997,0.021459078916159904,0x15636434fa8779ca1895fd3e3bba90139d36a735,2017-10-23T18:23:24.000Z,0.00031999999999999997,0xa3d1ed43ba62d61a8687130770dda943dc7b59bd,sell,0x9b6443b0fb9c241a7fdac375595cea13e6b7807a,0xd3dfd166e5314bf16a228b81998c460d28baadbb469540c76de5b01f902c81ae
