,amount,amountBase,buyer,date,price,seller,side,tokenAddr,txHash
0,10,0.00100001,0x0b2de009825eac9a347868b44349aa32e91ef81f,2017-10-31T15:53:22.000Z,0.000100001,0xe89a2a7a15cbaae3c58a03d79485373e216226d6,sell,0xeb9c0138d8ac10dd659640a4cc3d135c58b17b1b,0x23019b09cf41b4861ee840bff2eda5ae752f19c74dbf774f8f72b1cc87a6036b
1,3,0.00135,0x0b773d7819259d78757b26dc4148812d35676d8f,2017-10-31T14:27:42.000Z,0.00045,0x9d413c9f3650b2d7a264373bc89c457a05dedcae,buy,0xeb9c0138d8ac10dd659640a4cc3d135c58b17b1b,0xf7a9a5f22ba5ea954935543ad092d510a135da676c40d0ee9a9f3e0ccc6a5e01
2,100,0.1,0x9d413c9f3650b2d7a264373bc89c457a05dedcae,2017-10-27T12:29:09.000Z,0.001,0xe89a2a7a15cbaae3c58a03d79485373e216226d6,buy,0xeb9c0138d8ac10dd659640a4cc3d135c58b17b1b,0xceba65ba8ab56c76c2d0549c806ea7883ce03df34d6cc03ca20abcaa9bacd562
3,100,0.05,0x9d413c9f3650b2d7a264373bc89c457a05dedcae,2017-10-27T08:13:06.000Z,0.0005,0xe89a2a7a15cbaae3c58a03d79485373e216226d6,sell,0xeb9c0138d8ac10dd659640a4cc3d135c58b17b1b,0x16f5acedae4b1ad8936436460f5f2fb564cf23106d178577b0b4b583ae5d7064
4,8,0.01528,0x87ec77d3e9f63b770955f58b59f7dfe1061748b6,2017-10-26T17:10:26.000Z,0.00191,0x693b502b4274745ecfd87d80be89343a04ba73c5,buy,0xeb9c0138d8ac10dd659640a4cc3d135c58b17b1b,0xcf9b6bc27064bb1c7084c87567930350a908ce2676cbbbfc34172431d324bc3d
5,4500,4.95,0xe89a2a7a15cbaae3c58a03d79485373e216226d6,2017-10-25T10:14:31.000Z,0.0011,0xe89a2a7a15cbaae3c58a03d79485373e216226d6,buy,0xeb9c0138d8ac10dd659640a4cc3d135c58b17b1b,0x349bf5eb76c8fcc841cb634ed2e6974de1cd5f9a076d959afd8056ea9127bed2
6,1,0.001000001,0x0b2de009825eac9a347868b44349aa32e91ef81f,2017-10-25T10:05:59.000Z,0.001000001,0xe89a2a7a15cbaae3c58a03d79485373e216226d6,sell,0xeb9c0138d8ac10dd659640a4cc3d135c58b17b1b,0x7e4a62fc61a32a34c28e3c6bb4c34697b6a87611052ce244885adc52fb81f7d8
7,479.01,0.9053289,0x4599cadb14d62955d84a64c001949bbc168bef75,2017-10-24T15:38:27.000Z,0.00189,0x87ec77d3e9f63b770955f58b59f7dfe1061748b6,buy,0xeb9c0138d8ac10dd659640a4cc3d135c58b17b1b,0xea192f4c48a8cb89d14f58a5dc5945e1762d64ccbecaf41253946e259c1709db
8,5.53,0.0079632,0x693b502b4274745ecfd87d80be89343a04ba73c5,2017-10-24T06:57:09.000Z,0.00144,0xd2ea382e498316d91b9de8557670149b479721a0,sell,0xeb9c0138d8ac10dd659640a4cc3d135c58b17b1b,0x6ffd614d67abc79a0b0d3d5314cc06eb50192a7ed99739e1e4f9a4631a1bb11b
9,5.32,0.005852,0x273a5d3e6721b9f5c1a6474f560c1334c63dda01,2017-10-24T06:57:09.000Z,0.0011,0xe89a2a7a15cbaae3c58a03d79485373e216226d6,buy,0xeb9c0138d8ac10dd659640a4cc3d135c58b17b1b,0x41b7bfc5dfbae2bdb6dfe0513c812ab901096d88e8c3f5d71287ade9d3935c46
10,5.55,0.006105,0xd2ea382e498316d91b9de8557670149b479721a0,2017-10-24T06:57:09.000Z,0.0011,0xe89a2a7a15cbaae3c58a03d79485373e216226d6,buy,0xeb9c0138d8ac10dd659640a4cc3d135c58b17b1b,0x6ffd614d67abc79a0b0d3d5314cc06eb50192a7ed99739e1e4f9a4631a1bb11b
11,5.3,0.006837,0x6604b6339ecfa57387694eaec53593f2c6f48913,2017-10-24T06:57:09.000Z,0.00129,0x273a5d3e6721b9f5c1a6474f560c1334c63dda01,sell,0xeb9c0138d8ac10dd659640a4cc3d135c58b17b1b,0x41b7bfc5dfbae2bdb6dfe0513c812ab901096d88e8c3f5d71287ade9d3935c46
12,10,0.0161,0x87ec77d3e9f63b770955f58b59f7dfe1061748b6,2017-10-24T05:14:45.000Z,0.00161,0xe89a2a7a15cbaae3c58a03d79485373e216226d6,sell,0xeb9c0138d8ac10dd659640a4cc3d135c58b17b1b,0xbcc8a910530d2b9d52b9033e656336b1382f114366f651a6bce4cc1cc7083ce9
13,0.99,0.0018711,0x6604b6339ecfa57387694eaec53593f2c6f48913,2017-10-24T05:13:18.000Z,0.00189,0x87ec77d3e9f63b770955f58b59f7dfe1061748b6,buy,0xeb9c0138d8ac10dd659640a4cc3d135c58b17b1b,0x6ba374df653833b64be5f45056f0bbd9c1cc9dc19ef7ddc8f9e677292caab98d
14,2,0.00382,0x87ec77d3e9f63b770955f58b59f7dfe1061748b6,2017-10-24T05:09:33.000Z,0.00191,0x693b502b4274745ecfd87d80be89343a04ba73c5,buy,0xeb9c0138d8ac10dd659640a4cc3d135c58b17b1b,0x776f4d0a223ef7fd580b31ec904b211cd1f5dbcf4456ccfa48ae8b1870319644
15,200000,22,0xe89a2a7a15cbaae3c58a03d79485373e216226d6,2017-10-24T04:50:48.000Z,0.00011,0x693b502b4274745ecfd87d80be89343a04ba73c5,sell,0xeb9c0138d8ac10dd659640a4cc3d135c58b17b1b,0xbdd21c0a64eb840efb95bee039c19de862c9921944f9ea3d0dd3e352ee228a65
16,0.51,0.001,0x4a57d0208164a1c1c63c75395dc444428a07b50a,2017-10-23T04:57:09.000Z,0.00196078431372549,0x693b502b4274745ecfd87d80be89343a04ba73c5,buy,0xeb9c0138d8ac10dd659640a4cc3d135c58b17b1b,0x92454beb83924774aa457da8a85240fc74c2c4396d05ec42e527f5a001dbfa3a
17,0.99,0.0017424,0x87ec77d3e9f63b770955f58b59f7dfe1061748b6,2017-10-23T03:48:42.000Z,0.00176,0x7d053385a05276eedcaf706325ae34ae544741a6,sell,0xeb9c0138d8ac10dd659640a4cc3d135c58b17b1b,0x8db046b6b6b4ed94cc0e609fa93dff7854a8ca013146b0fc3bcc124326f3241c
18,0.5,0.001,0x4a57d0208164a1c1c63c75395dc444428a07b50a,2017-10-23T03:22:50.000Z,0.002,0x693b502b4274745ecfd87d80be89343a04ba73c5,buy,0xeb9c0138d8ac10dd659640a4cc3d135c58b17b1b,0x0959a509adeb94e32a6b87061d83c80581e90a2589b632fe3136eab097bd02b1
19,600,1.164,0x693b502b4274745ecfd87d80be89343a04ba73c5,2017-10-23T03:21:17.000Z,0.00194,0x87ec77d3e9f63b770955f58b59f7dfe1061748b6,buy,0xeb9c0138d8ac10dd659640a4cc3d135c58b17b1b,0x936ad19b8f9ebe1e62db0b56cb4e6ac6eed6774d098df31399fb77cf5a2690f7
20,0.48,0.001,0x4a57d0208164a1c1c63c75395dc444428a07b50a,2017-10-22T21:36:14.000Z,0.0020833333333333333,0x87ec77d3e9f63b770955f58b59f7dfe1061748b6,buy,0xeb9c0138d8ac10dd659640a4cc3d135c58b17b1b,0x3e6ab02746e3841aa7057633ad2146a2aed1a59307391a77fb76e4357d478a46
21,0,0,0x4a57d0208164a1c1c63c75395dc444428a07b50a,2017-10-22T20:29:47.000Z,NaN,0x693b502b4274745ecfd87d80be89343a04ba73c5,buy,0xeb9c0138d8ac10dd659640a4cc3d135c58b17b1b,0x8b99e2bf6412425c8b54691167d49fe21dd9810d21975b69ddc814ead1745561
22,750,1.4325,0x6604b6339ecfa57387694eaec53593f2c6f48913,2017-10-21T10:33:05.000Z,0.00191,0x693b502b4274745ecfd87d80be89343a04ba73c5,buy,0xeb9c0138d8ac10dd659640a4cc3d135c58b17b1b,0x08356447b5bffdfc9868d1f619d1af619b7d99e12b4ecab294e07acf91ed3ef7
23,640,1.1904,0x693b502b4274745ecfd87d80be89343a04ba73c5,2017-10-20T02:21:21.000Z,0.00186,0x6604b6339ecfa57387694eaec53593f2c6f48913,buy,0xeb9c0138d8ac10dd659640a4cc3d135c58b17b1b,0x0293dad375dfe04ed96e9741a55bbff84c56f617507915822e4f36d3b54f92cf
24,1,0.00189,0x3ac636ac5c3a2576156ac5f10066ca68abe0ad54,2017-10-19T08:29:30.000Z,0.00189,0x693b502b4274745ecfd87d80be89343a04ba73c5,buy,0xeb9c0138d8ac10dd659640a4cc3d135c58b17b1b,0xfeb5ce2a7329ebe54ffdb37ccf2d804d3cf066fd4a6b3d2c5c3df48c0b621710
25,350,0.651,0x693b502b4274745ecfd87d80be89343a04ba73c5,2017-10-19T07:37:41.000Z,0.00186,0x6604b6339ecfa57387694eaec53593f2c6f48913,buy,0xeb9c0138d8ac10dd659640a4cc3d135c58b17b1b,0xb8a36574a15df515dd6f89cf335efd011f09e55e80fda310a6dd917ce897c653
26,240,0.4464,0x693b502b4274745ecfd87d80be89343a04ba73c5,2017-10-18T16:05:31.000Z,0.00186,0x6604b6339ecfa57387694eaec53593f2c6f48913,buy,0xeb9c0138d8ac10dd659640a4cc3d135c58b17b1b,0x5d10329264e08f25de0325436885a8513c3f5499ba2a3a9d11880198e700845b
27,0.26,0.0005,0x379374d13077e8867ef31803c37baf9785a17c00,2017-10-18T15:12:12.000Z,0.001923076923076923,0x6604b6339ecfa57387694eaec53593f2c6f48913,buy,0xeb9c0138d8ac10dd659640a4cc3d135c58b17b1b,0x3ce794d5a48758e8a272663f8e86e4f1093ffe27dbe028f73124aecaa4016ace
28,0.26,0.0005,0xf9695cd65d6dfdf257fab76a3eb0cb8f001971cc,2017-10-18T15:11:35.000Z,0.001923076923076923,0x6604b6339ecfa57387694eaec53593f2c6f48913,buy,0xeb9c0138d8ac10dd659640a4cc3d135c58b17b1b,0x886e44bacf667589c2cad3106451c549e1b24c888a1ad0f1ea43883e7430cf60
29,1500,2.79,0x693b502b4274745ecfd87d80be89343a04ba73c5,2017-10-18T10:19:16.000Z,0.00186,0x6604b6339ecfa57387694eaec53593f2c6f48913,buy,0xeb9c0138d8ac10dd659640a4cc3d135c58b17b1b,0x53852a809aa5f8afd4d33050ece22e95a513d738b9383f735b0463a4c9100892
30,0.26,0.0005,0x16e5d97bbc92417e051e3b2cabfbf8ceea2acb9c,2017-10-17T17:30:29.000Z,0.001923076923076923,0x6604b6339ecfa57387694eaec53593f2c6f48913,buy,0xeb9c0138d8ac10dd659640a4cc3d135c58b17b1b,0xa60d3c7d09d7c6f7754877599d89b9754dd038acbec659d3d4c297ace26bd0bc
31,0.26,0.0005,0x42c24a83bded723edfdf5883bc7efb30bc1a1bf3,2017-10-17T15:13:41.000Z,0.001923076923076923,0x6604b6339ecfa57387694eaec53593f2c6f48913,buy,0xeb9c0138d8ac10dd659640a4cc3d135c58b17b1b,0x0a88fb190ab82a3f84540e89a20352b19e1e44ab0827cfa1ea1d23c14a3f7cc9
32,1344.08,2.49999996,0x693b502b4274745ecfd87d80be89343a04ba73c5,2017-10-17T08:19:46.000Z,0.0018600083030771977,0x6604b6339ecfa57387694eaec53593f2c6f48913,buy,0xeb9c0138d8ac10dd659640a4cc3d135c58b17b1b,0x53fdd3d534477b691320544e6b4c8596bc6815b3fbc0390ad10885d81406af40
33,0.26,0.0005,0xcd912af5286dc0b0a23edb30209734ecb60838b3,2017-10-17T05:09:51.000Z,0.001923076923076923,0x6604b6339ecfa57387694eaec53593f2c6f48913,buy,0xeb9c0138d8ac10dd659640a4cc3d135c58b17b1b,0x17e329fb2035fef087550590f50adad25a1e20b98f23d4449ae9e7e6904c2af9
34,9.05,0.01666467,0x5d5065b42bdee0274e394ba9042c21e1818c69cf,2017-10-16T04:59:20.000Z,0.0018414,0x6604b6339ecfa57387694eaec53593f2c6f48913,sell,0xeb9c0138d8ac10dd659640a4cc3d135c58b17b1b,0xea80ac5cf09568bb0f3cb443db0d62d0254fa7c5ce37c667c7e330fc0f219c7e
35,4232.8,7.99999956,0x6604b6339ecfa57387694eaec53593f2c6f48913,2017-10-16T01:32:53.000Z,0.001890001786051786,0x693b502b4274745ecfd87d80be89343a04ba73c5,buy,0xeb9c0138d8ac10dd659640a4cc3d135c58b17b1b,0x67420709bf68d1fc000c52ecf71a883709fa6295829016100ce677c67d2c05f8
36,3763.44,7.00000026,0x693b502b4274745ecfd87d80be89343a04ba73c5,2017-10-15T15:48:03.000Z,0.0018600004942286843,0x6604b6339ecfa57387694eaec53593f2c6f48913,buy,0xeb9c0138d8ac10dd659640a4cc3d135c58b17b1b,0xd767a21fca82e4de37f8648348ee76ab94e6b4b6a476fcbe1b3b2e6b7338bc09
37,3763.44,7.00000026,0x693b502b4274745ecfd87d80be89343a04ba73c5,2017-10-15T15:47:49.000Z,0.0018600004942286843,0x6604b6339ecfa57387694eaec53593f2c6f48913,buy,0xeb9c0138d8ac10dd659640a4cc3d135c58b17b1b,0xd767a21fca82e4de37f8648348ee76ab94e6b4b6a476fcbe1b3b2e6b7338bc09
38,3439.15,6.49999917,0x6604b6339ecfa57387694eaec53593f2c6f48913,2017-10-15T12:00:26.000Z,0.001890001648663187,0x693b502b4274745ecfd87d80be89343a04ba73c5,buy,0xeb9c0138d8ac10dd659640a4cc3d135c58b17b1b,0x6e68cf4212b2cc4f1d4e7f0db9307c86226eede3b6a95ac4137f012021930659
39,4247.31,7.90000032,0x693b502b4274745ecfd87d80be89343a04ba73c5,2017-10-15T05:41:03.000Z,0.0018600008758484783,0x6604b6339ecfa57387694eaec53593f2c6f48913,buy,0xeb9c0138d8ac10dd659640a4cc3d135c58b17b1b,0x76e29d1fe413c4963c0211e50c407420549e75e8826dc43031811ebc732f5dfd
40,4232.8,7.99999956,0x6604b6339ecfa57387694eaec53593f2c6f48913,2017-10-15T04:42:45.000Z,0.001890001786051786,0x693b502b4274745ecfd87d80be89343a04ba73c5,buy,0xeb9c0138d8ac10dd659640a4cc3d135c58b17b1b,0x56a2ab5b411716f604da3c88ef354f48a262fe21676ac983aea059a0954a3b5d
41,3333.33,6.19999938,0x693b502b4274745ecfd87d80be89343a04ba73c5,2017-10-14T03:48:01.000Z,0.001860001674001674,0x6604b6339ecfa57387694eaec53593f2c6f48913,buy,0xeb9c0138d8ac10dd659640a4cc3d135c58b17b1b,0x468941cd7e8f91dd4eac48e4e2be53a2d9f9afdea8155cfa8b23ee035b89f59e
42,3244.68,6.10000028,0x6604b6339ecfa57387694eaec53593f2c6f48913,2017-10-14T03:33:43.000Z,0.001880000579409988,0x693b502b4274745ecfd87d80be89343a04ba73c5,buy,0xeb9c0138d8ac10dd659640a4cc3d135c58b17b1b,0x241efe345c2bbfaddf077185e71c4bd41e2d8d4ab429295a25acb1340c4550ad
43,3172.04,5.89999998,0x693b502b4274745ecfd87d80be89343a04ba73c5,2017-10-13T18:24:22.000Z,0.0018600017591203137,0x6604b6339ecfa57387694eaec53593f2c6f48913,buy,0xeb9c0138d8ac10dd659640a4cc3d135c58b17b1b,0x4f463bf2d094160692261e95d903f6722d775e1e9efaa79340506a9106fb2487
44,3174.6,5.99999967,0x6604b6339ecfa57387694eaec53593f2c6f48913,2017-10-13T17:16:53.000Z,0.001890001786051786,0x693b502b4274745ecfd87d80be89343a04ba73c5,buy,0xeb9c0138d8ac10dd659640a4cc3d135c58b17b1b,0xf1c589930008ff9ee380238d5067a0de8f20663371c35511d6751959fa686bab
45,2750,5.115,0x87ec77d3e9f63b770955f58b59f7dfe1061748b6,2017-10-13T12:28:30.000Z,0.00186,0x6604b6339ecfa57387694eaec53593f2c6f48913,buy,0xeb9c0138d8ac10dd659640a4cc3d135c58b17b1b,0xfa3b60dff6ba23cf0841dff85d76718e2a32de5f388363b09915089bf4e6c818
46,3000,5.535,0x6604b6339ecfa57387694eaec53593f2c6f48913,2017-10-13T12:07:36.000Z,0.001845,0x87ec77d3e9f63b770955f58b59f7dfe1061748b6,buy,0xeb9c0138d8ac10dd659640a4cc3d135c58b17b1b,0x261ecb899e0e98f68b43ce0728edb26667a0fe88d3d97d6c5d51e4e144e3e5b8
47,3387.09,6.30000042,0x693b502b4274745ecfd87d80be89343a04ba73c5,2017-10-13T06:14:22.000Z,0.001860003844007688,0x6604b6339ecfa57387694eaec53593f2c6f48913,buy,0xeb9c0138d8ac10dd659640a4cc3d135c58b17b1b,0x9d8eb4b45b5829df08fbc6157401fe9341382d8e372918a98d5121ebde8cca10
48,84,0.1554,0x87ec77d3e9f63b770955f58b59f7dfe1061748b6,2017-10-13T06:14:22.000Z,0.00185,0x6604b6339ecfa57387694eaec53593f2c6f48913,sell,0xeb9c0138d8ac10dd659640a4cc3d135c58b17b1b,0xa08cc47ca63a123caf2411d5e7a2917401a835e15ad5258ae1a3a5ae3fbdfe52
49,2096.77,3.89999964,0x87ec77d3e9f63b770955f58b59f7dfe1061748b6,2017-10-13T05:23:36.000Z,0.001860003548314789,0x6604b6339ecfa57387694eaec53593f2c6f48913,buy,0xeb9c0138d8ac10dd659640a4cc3d135c58b17b1b,0x1005d9f9a099e7e4f0e7e096ae6d25cffd4e611ffea3d168f25c7f217e3f71b1
50,806.45,1.50000072,0x693b502b4274745ecfd87d80be89343a04ba73c5,2017-10-13T05:23:36.000Z,0.0018600046128092256,0x6604b6339ecfa57387694eaec53593f2c6f48913,buy,0xeb9c0138d8ac10dd659640a4cc3d135c58b17b1b,0xf626e44848677750d8e1ca081e9305bad284aa10f70a058f4222e1da19aab587
51,1984.94,3.71184902,0x6604b6339ecfa57387694eaec53593f2c6f48913,2017-10-13T05:08:00.000Z,0.0018700056525638054,0x87ec77d3e9f63b770955f58b59f7dfe1061748b6,buy,0xeb9c0138d8ac10dd659640a4cc3d135c58b17b1b,0x02c1b6f6fa5078448249eb32eede0cd3bf97da4245b1fc25b50999220d7a94ce
52,2419.35,4.5000003,0x87ec77d3e9f63b770955f58b59f7dfe1061748b6,2017-10-12T18:51:55.000Z,0.001860003844007688,0x6604b6339ecfa57387694eaec53593f2c6f48913,buy,0xeb9c0138d8ac10dd659640a4cc3d135c58b17b1b,0x1d2384f3644d98d09af81cb8883ee7b5b5e9df666b0afd8386fba78d08b5c763
53,1016.04,1.90000041,0x6604b6339ecfa57387694eaec53593f2c6f48913,2017-10-12T12:42:43.000Z,0.0018700055214361639,0x87ec77d3e9f63b770955f58b59f7dfe1061748b6,buy,0xeb9c0138d8ac10dd659640a4cc3d135c58b17b1b,0x09a129212c528b6758fab9ec262ad4b280373cd3776a31a1b54d85daaee45088
54,1925,3.59975,0x6604b6339ecfa57387694eaec53593f2c6f48913,2017-10-12T06:09:55.000Z,0.00187,0x87ec77d3e9f63b770955f58b59f7dfe1061748b6,buy,0xeb9c0138d8ac10dd659640a4cc3d135c58b17b1b,0x9e87b60d34a6a4ae2e9914bcfb9612d2441e7032072aca3176b2c7280a769124
55,2688.17,4.99999992,0x87ec77d3e9f63b770955f58b59f7dfe1061748b6,2017-10-12T06:03:28.000Z,0.0018600013838410516,0x6604b6339ecfa57387694eaec53593f2c6f48913,buy,0xeb9c0138d8ac10dd659640a4cc3d135c58b17b1b,0x7bc932d67f52d2a31dcb2765cf7f2797dc5332423f8850d31438bafe19ba01ab
56,50,0.0925,0x87ec77d3e9f63b770955f58b59f7dfe1061748b6,2017-10-12T05:17:16.000Z,0.00185,0x693b502b4274745ecfd87d80be89343a04ba73c5,sell,0xeb9c0138d8ac10dd659640a4cc3d135c58b17b1b,0xfdcd4739eef531bc55a4daea19859a1593d710ee9274cce2ab6b568e3ba7eb65
57,3315.5,6.19999996,0x6604b6339ecfa57387694eaec53593f2c6f48913,2017-10-12T05:11:56.000Z,0.0018700045121399487,0x87ec77d3e9f63b770955f58b59f7dfe1061748b6,buy,0xeb9c0138d8ac10dd659640a4cc3d135c58b17b1b,0x7a09a5f78cf9b8ce7d97e4eb7ed2e31d3756ad86714328f868411a3125b4c1a6
58,2600,4.836,0x693b502b4274745ecfd87d80be89343a04ba73c5,2017-10-12T04:56:52.000Z,0.00186,0x6604b6339ecfa57387694eaec53593f2c6f48913,buy,0xeb9c0138d8ac10dd659640a4cc3d135c58b17b1b,0x0dc8a6f5682a5edf27f7fcea265371fe2bae4c10f3d26477a81a352f9a48e828
59,3989.36,7.50000056,0x6604b6339ecfa57387694eaec53593f2c6f48913,2017-10-12T04:48:04.000Z,0.0018800009425070689,0x693b502b4274745ecfd87d80be89343a04ba73c5,buy,0xeb9c0138d8ac10dd659640a4cc3d135c58b17b1b,0x814b5e7fdab84888510f1886b0eb1bf79c44758621e86dc24d93cfc6b47a1c50
60,7258.06,13.5000009,0x6604b6339ecfa57387694eaec53593f2c6f48913,2017-10-12T03:47:29.000Z,0.0018600012813341307,0x6604b6339ecfa57387694eaec53593f2c6f48913,buy,0xeb9c0138d8ac10dd659640a4cc3d135c58b17b1b,0x54bb24aa988715c4c4d18102724beee30731d73b661451184dbf6129e0044af6
61,7000,13.02,0x87ec77d3e9f63b770955f58b59f7dfe1061748b6,2017-10-11T18:03:27.000Z,0.00186,0x6604b6339ecfa57387694eaec53593f2c6f48913,buy,0xeb9c0138d8ac10dd659640a4cc3d135c58b17b1b,0x730c54020d83c4e2e64f036d5d492a3d7ef72b8e7b2169145f2a90e0a1b6e978
62,6951.87,13.00000064,0x6604b6339ecfa57387694eaec53593f2c6f48913,2017-10-11T04:49:56.000Z,0.0018700005379847437,0x87ec77d3e9f63b770955f58b59f7dfe1061748b6,buy,0xeb9c0138d8ac10dd659640a4cc3d135c58b17b1b,0x05db1aab3b456d7349d5d7029d2c398df558e1079c63f21d614b7a1fadc874d6
63,7365.59,13.69999926,0x87ec77d3e9f63b770955f58b59f7dfe1061748b6,2017-10-11T03:42:16.000Z,0.0018600002525255954,0x6604b6339ecfa57387694eaec53593f2c6f48913,buy,0xeb9c0138d8ac10dd659640a4cc3d135c58b17b1b,0x997deb146fa67b6ef75d9bc534f70980d30e1808038214d6cc79b98456d71601
64,7486.63,13.99999997,0x693b502b4274745ecfd87d80be89343a04ba73c5,2017-10-11T03:28:17.000Z,0.0018700002497786053,0x87ec77d3e9f63b770955f58b59f7dfe1061748b6,buy,0xeb9c0138d8ac10dd659640a4cc3d135c58b17b1b,0xcb44b1adb2c8cf0d60883aa5711e011779dae5eae4e4a9944e618bd71907aba8
65,6010.63,11.29999944,0x6604b6339ecfa57387694eaec53593f2c6f48913,2017-10-11T03:08:19.000Z,0.001880002502233543,0x693b502b4274745ecfd87d80be89343a04ba73c5,buy,0xeb9c0138d8ac10dd659640a4cc3d135c58b17b1b,0x4d8fa1d6eda3df72b614c2e30498bda4eac84b26ccb772d044393c160dd11f8e
66,0.51,0.00100035,0xe985ac05f01f7fa12e3322003e88bde06e6fe042,2017-10-10T22:43:21.000Z,0.001961470588235294,0x6604b6339ecfa57387694eaec53593f2c6f48913,buy,0xeb9c0138d8ac10dd659640a4cc3d135c58b17b1b,0xf51dddf71345aeb30e33f49338868006f4a20605e4e81ac33ac4e113a9776934
67,268.81,0.49999962,0xf01a8001bb63886e8806642c8e3cfc587f534cfe,2017-10-10T22:14:40.000Z,0.0018600484356980768,0x6604b6339ecfa57387694eaec53593f2c6f48913,buy,0xeb9c0138d8ac10dd659640a4cc3d135c58b17b1b,0xe364970fd9f5417c33866d61a3941bb6f1fc374a4140302bafaa8fdd43851277
68,2,0.00372,0xbf52f67f8524587d6a7ab1f1f8d092c635b9587f,2017-10-10T21:22:58.000Z,0.00186,0x6604b6339ecfa57387694eaec53593f2c6f48913,buy,0xeb9c0138d8ac10dd659640a4cc3d135c58b17b1b,0x6f6255f16050950c8b8ae37fb06276fa30e605bbefc746a6b970065e8a11af70
69,281.74,0.52122455,0x693b502b4274745ecfd87d80be89343a04ba73c5,2017-10-10T21:03:50.000Z,0.0018500196990132746,0xb9a3bf4d845e6242991dedb88da7f3ed92de2500,buy,0xeb9c0138d8ac10dd659640a4cc3d135c58b17b1b,0xc2de0946bfb26b12d5c50182b67c7a571265bce16147da8c3a794f5a1c243500
70,17.89,0.03310945,0xff64f34e8511693e3dffa0e1fe037a6a65f3937b,2017-10-10T17:11:57.000Z,0.0018507238680827277,0xb9a3bf4d845e6242991dedb88da7f3ed92de2500,buy,0xeb9c0138d8ac10dd659640a4cc3d135c58b17b1b,0x3ffcd56e59aaae2045074023611864735771cdbded31726637e612a934e3ef20
71,5800,10.788,0x87ec77d3e9f63b770955f58b59f7dfe1061748b6,2017-10-10T11:01:25.000Z,0.00186,0x6604b6339ecfa57387694eaec53593f2c6f48913,buy,0xeb9c0138d8ac10dd659640a4cc3d135c58b17b1b,0xf6b0085453bc739ac7a0df3f6059caa6f5069408d621f61d83e8482b7b76e972
72,1517.96,2.76269994,0x87ec77d3e9f63b770955f58b59f7dfe1061748b6,2017-10-10T10:51:47.000Z,0.0018200083928430263,0x693b502b4274745ecfd87d80be89343a04ba73c5,buy,0xeb9c0138d8ac10dd659640a4cc3d135c58b17b1b,0x5b584497998ce360de03434bee95a4dc3e0569d8233a7076332516ba7dda7fbd
73,7353.07,13.4561181,0x693b502b4274745ecfd87d80be89343a04ba73c5,2017-10-10T10:42:42.000Z,0.00183,0x87ec77d3e9f63b770955f58b59f7dfe1061748b6,buy,0xeb9c0138d8ac10dd659640a4cc3d135c58b17b1b,0x4dbbbf185e93dbcedd1c826b1570149b90fcc4ee0a864b0494ad5326193c98e4
74,4285,7.7987,0x87ec77d3e9f63b770955f58b59f7dfe1061748b6,2017-10-10T10:28:39.000Z,0.00182,0x693b502b4274745ecfd87d80be89343a04ba73c5,buy,0xeb9c0138d8ac10dd659640a4cc3d135c58b17b1b,0x9f35049a3cb33ea1537ea4c3f89337009a08b2e5134da9fefe25a609e78c74c1
75,3515,6.3973,0x6604b6339ecfa57387694eaec53593f2c6f48913,2017-10-10T10:28:39.000Z,0.00182,0x693b502b4274745ecfd87d80be89343a04ba73c5,buy,0xeb9c0138d8ac10dd659640a4cc3d135c58b17b1b,0x52de17f808a02b1895bbd5693cdcfece1a76672744a76ce5f3663cca974c3ade
76,4346.92,7.954881305243205,0x693b502b4274745ecfd87d80be89343a04ba73c5,2017-10-10T09:52:38.000Z,0.0018300040730547618,0x87ec77d3e9f63b770955f58b59f7dfe1061748b6,buy,0xeb9c0138d8ac10dd659640a4cc3d135c58b17b1b,0xa54398849e686dea553a3c95869866d2a0a4ac8c3f16a630fb9221c6fa8e4c57
77,4015,7.3073,0x87ec77d3e9f63b770955f58b59f7dfe1061748b6,2017-10-10T09:38:33.000Z,0.00182,0x693b502b4274745ecfd87d80be89343a04ba73c5,buy,0xeb9c0138d8ac10dd659640a4cc3d135c58b17b1b,0x623e0685836d1b088815e07a586c43dbab5518a63f5bd70ce6b1fc4200f49def
78,3999,7.11822,0x693b502b4274745ecfd87d80be89343a04ba73c5,2017-10-10T09:02:40.000Z,0.00178,0x87ec77d3e9f63b770955f58b59f7dfe1061748b6,buy,0xeb9c0138d8ac10dd659640a4cc3d135c58b17b1b,0xfdf11191a447a493d250d60f6989952ccbed3c1fa709a415517bf28f80c5b832
79,100,0.178,0xf01a8001bb63886e8806642c8e3cfc587f534cfe,2017-10-10T08:03:40.000Z,0.00178,0x87ec77d3e9f63b770955f58b59f7dfe1061748b6,buy,0xeb9c0138d8ac10dd659640a4cc3d135c58b17b1b,0xd0e5e51de5e8d466b97ff9095f326738e3d2f4bb6433ddcaa509ffd1374b023f
80,1,0.00178,0xdd3b7b82caa14a588410caa5e37bc9c9c02f27ce,2017-10-10T07:56:22.000Z,0.00178,0x87ec77d3e9f63b770955f58b59f7dfe1061748b6,buy,0xeb9c0138d8ac10dd659640a4cc3d135c58b17b1b,0x7773742770b04f597ca5610438a7983e348975e50243e7c6a1cc7c3f0a32a4a9
81,467.03,0.85000006,0x6604b6339ecfa57387694eaec53593f2c6f48913,2017-10-10T07:21:17.000Z,0.001820011690897801,0x693b502b4274745ecfd87d80be89343a04ba73c5,buy,0xeb9c0138d8ac10dd659640a4cc3d135c58b17b1b,0x854ae3101d525b7deb9ddd94c808f486657b070225518a931ba1b912ff376bca
82,2490.35,4.308307018243445,0x6604b6339ecfa57387694eaec53593f2c6f48913,2017-10-10T04:37:32.000Z,0.0017300006096506294,0x693b502b4274745ecfd87d80be89343a04ba73c5,buy,0xeb9c0138d8ac10dd659640a4cc3d135c58b17b1b,0x4ddffd6fa857f46f6cd9ee2b1fcad6feea679c1f4a15ed18a20384ccfec8ad6f
83,1510,2.6123,0x87ec77d3e9f63b770955f58b59f7dfe1061748b6,2017-10-10T04:07:51.000Z,0.00173,0x693b502b4274745ecfd87d80be89343a04ba73c5,buy,0xeb9c0138d8ac10dd659640a4cc3d135c58b17b1b,0xfabfa37be5b952ac0c58d29374735ff0b998db56af277aa81389c29bc3f8829c
84,1500,2.67,0x693b502b4274745ecfd87d80be89343a04ba73c5,2017-10-10T03:43:27.000Z,0.00178,0x87ec77d3e9f63b770955f58b59f7dfe1061748b6,buy,0xeb9c0138d8ac10dd659640a4cc3d135c58b17b1b,0xc1e89217f00291bb8bd477045f62b688d7dfc7ba30499142e42c379e822fb282
85,2135.11,3.7791447,0x693b502b4274745ecfd87d80be89343a04ba73c5,2017-10-10T03:33:48.000Z,0.00177,0x6604b6339ecfa57387694eaec53593f2c6f48913,buy,0xeb9c0138d8ac10dd659640a4cc3d135c58b17b1b,0xa8a2aa39fccc898a279443fdd85d4e88788967050956507a95045eed8cb61dbc
86,3690,6.3837,0x6604b6339ecfa57387694eaec53593f2c6f48913,2017-10-10T03:30:25.000Z,0.00173,0x693b502b4274745ecfd87d80be89343a04ba73c5,buy,0xeb9c0138d8ac10dd659640a4cc3d135c58b17b1b,0x1a3057b0e5edef8d5d32ec4e6f51cdd043b2ea9c80bfeac71812356f22d367cb
87,3690,6.3837,0x6604b6339ecfa57387694eaec53593f2c6f48913,2017-10-10T03:28:16.000Z,0.00173,0x693b502b4274745ecfd87d80be89343a04ba73c5,buy,0xeb9c0138d8ac10dd659640a4cc3d135c58b17b1b,0x1a3057b0e5edef8d5d32ec4e6f51cdd043b2ea9c80bfeac71812356f22d367cb
88,4360,7.7172,0x693b502b4274745ecfd87d80be89343a04ba73c5,2017-10-10T01:56:29.000Z,0.00177,0x6604b6339ecfa57387694eaec53593f2c6f48913,buy,0xeb9c0138d8ac10dd659640a4cc3d135c58b17b1b,0x2ec220f67139facee769801ea548f9c2f6e25fb1a97eabf9a20c67ae455798cb
89,4530,7.8369,0x6604b6339ecfa57387694eaec53593f2c6f48913,2017-10-10T01:52:52.000Z,0.00173,0x693b502b4274745ecfd87d80be89343a04ba73c5,buy,0xeb9c0138d8ac10dd659640a4cc3d135c58b17b1b,0x709ad968d51438151cb462e45fce92dd8f6f494aaac1fe5c629a841c96ea05a7
90,4380,7.7526,0x693b502b4274745ecfd87d80be89343a04ba73c5,2017-10-09T13:58:27.000Z,0.00177,0x6604b6339ecfa57387694eaec53593f2c6f48913,buy,0xeb9c0138d8ac10dd659640a4cc3d135c58b17b1b,0x4422ccbfd3fddc48f0fd8dacdae6ac8ba2dbcde4b48bd51116613838494442fc
91,4495,7.77635,0x6604b6339ecfa57387694eaec53593f2c6f48913,2017-10-09T07:16:51.000Z,0.00173,0x693b502b4274745ecfd87d80be89343a04ba73c5,buy,0xeb9c0138d8ac10dd659640a4cc3d135c58b17b1b,0x7447e3b98cba4aec112663929bcbcc072a565c44d1cc68018b1de4ccb831c445
92,4418,7.81986,0x693b502b4274745ecfd87d80be89343a04ba73c5,2017-10-09T05:11:45.000Z,0.00177,0x6604b6339ecfa57387694eaec53593f2c6f48913,buy,0xeb9c0138d8ac10dd659640a4cc3d135c58b17b1b,0xdbdd388c510c4a3142b221a3804b9355eece48db9782e44ac782798397243102
93,4550,7.8715,0x6604b6339ecfa57387694eaec53593f2c6f48913,2017-10-09T02:25:13.000Z,0.00173,0x693b502b4274745ecfd87d80be89343a04ba73c5,buy,0xeb9c0138d8ac10dd659640a4cc3d135c58b17b1b,0xab28e3b2d1572a22043c3523bd5cf296402dcee5ec395a07b5cc4bb1e2a4adec
94,4407.53,7.80133146013988,0x693b502b4274745ecfd87d80be89343a04ba73c5,2017-10-09T02:00:47.000Z,0.0017700007623634734,0x6604b6339ecfa57387694eaec53593f2c6f48913,buy,0xeb9c0138d8ac10dd659640a4cc3d135c58b17b1b,0x2c0e07e9434ad01ba5c253197c666db6c43e481df18b2a05e1547af7254fc90b
95,55,0.09295,0x87ec77d3e9f63b770955f58b59f7dfe1061748b6,2017-10-09T01:59:01.000Z,0.00169,0x121df585a4c8d817b80076c350934fb282f85c40,sell,0xeb9c0138d8ac10dd659640a4cc3d135c58b17b1b,0x6c56fb7ddce3f6327c95b0014896fd31181d093011c26c6b8ad212ffdd2a57df
96,4435,7.67255,0x6604b6339ecfa57387694eaec53593f2c6f48913,2017-10-08T19:31:21.000Z,0.00173,0x693b502b4274745ecfd87d80be89343a04ba73c5,buy,0xeb9c0138d8ac10dd659640a4cc3d135c58b17b1b,0x3bd9963f2ee182d21355661071054f9670ab92692f0991be83bfaf3c127c99ce
97,4416,7.81632,0x693b502b4274745ecfd87d80be89343a04ba73c5,2017-10-08T19:16:05.000Z,0.00177,0x6604b6339ecfa57387694eaec53593f2c6f48913,buy,0xeb9c0138d8ac10dd659640a4cc3d135c58b17b1b,0x4812ff349853ee6d2f26e075d84800dcff3550ade4874900ba7f7b941d1b1ecd
98,299.64,0.5183929817565547,0xb9a3bf4d845e6242991dedb88da7f3ed92de2500,2017-10-08T18:20:46.000Z,0.001730052669058052,0x693b502b4274745ecfd87d80be89343a04ba73c5,buy,0xeb9c0138d8ac10dd659640a4cc3d135c58b17b1b,0xfd7dc99bcb9afe89b25d4df37d5c23f424e8e681c7c693772f0c71efc33dc36c
99,4320,7.4736,0x6604b6339ecfa57387694eaec53593f2c6f48913,2017-10-08T17:46:41.000Z,0.00173,0x693b502b4274745ecfd87d80be89343a04ba73c5,buy,0xeb9c0138d8ac10dd659640a4cc3d135c58b17b1b,0x36852c25007358f28c48d38c3068c10f52cacd4750fa6c81889cf07c416fddae
100,4189.63,7.415659097591568,0x693b502b4274745ecfd87d80be89343a04ba73c5,2017-10-08T17:34:04.000Z,0.0017700033410090077,0x6604b6339ecfa57387694eaec53593f2c6f48913,buy,0xeb9c0138d8ac10dd659640a4cc3d135c58b17b1b,0xbafb65afb7e48734bf4d23ef75042381f97382d00f4a5d97f511e5b7dbdee92d
101,10,0.0162,0x87ec77d3e9f63b770955f58b59f7dfe1061748b6,2017-10-08T14:50:21.000Z,0.00162,0x693b502b4274745ecfd87d80be89343a04ba73c5,sell,0xeb9c0138d8ac10dd659640a4cc3d135c58b17b1b,0x43fbc1a14f6de774f665df3412c66838e9eddbac7d927909b496fd8a252221a0
102,4290,7.4217,0x6604b6339ecfa57387694eaec53593f2c6f48913,2017-10-08T14:44:15.000Z,0.00173,0x693b502b4274745ecfd87d80be89343a04ba73c5,buy,0xeb9c0138d8ac10dd659640a4cc3d135c58b17b1b,0x817168501410747b31ddff57d274f7613418e8d20539f5d2a979b541f7c135ff
103,4223.95,7.476407941026715,0x693b502b4274745ecfd87d80be89343a04ba73c5,2017-10-08T12:14:08.000Z,0.0017700038923345958,0x6604b6339ecfa57387694eaec53593f2c6f48913,buy,0xeb9c0138d8ac10dd659640a4cc3d135c58b17b1b,0x63fac616b6b94b51b4c7e84e6a577ffbe44e14002da689b09d04db847ded0a67
104,4290,7.4217,0x6604b6339ecfa57387694eaec53593f2c6f48913,2017-10-08T09:56:10.000Z,0.00173,0x693b502b4274745ecfd87d80be89343a04ba73c5,buy,0xeb9c0138d8ac10dd659640a4cc3d135c58b17b1b,0x6ba0e4bf68f4c5e643b9d4a618d4c10abfcb59e77f718d783f0198a07f14ee71
105,4216,7.46232,0x693b502b4274745ecfd87d80be89343a04ba73c5,2017-10-08T08:58:04.000Z,0.00177,0x6604b6339ecfa57387694eaec53593f2c6f48913,buy,0xeb9c0138d8ac10dd659640a4cc3d135c58b17b1b,0xa11cc02c5a3a88391d8097c796c553fbde8471fe474ca897c15457a058795e67
106,4371,7.56183,0x6604b6339ecfa57387694eaec53593f2c6f48913,2017-10-08T07:24:49.000Z,0.00173,0x693b502b4274745ecfd87d80be89343a04ba73c5,buy,0xeb9c0138d8ac10dd659640a4cc3d135c58b17b1b,0x871f867b30aec4b817536c822a8edf7e8bdca0f237a7eba0649b023a45ddd480
107,4303.76,7.617656438983152,0x693b502b4274745ecfd87d80be89343a04ba73c5,2017-10-08T06:12:15.000Z,0.0017700002878838859,0x6604b6339ecfa57387694eaec53593f2c6f48913,buy,0xeb9c0138d8ac10dd659640a4cc3d135c58b17b1b,0x6a0c87362a87adb7e4be95070c5b7dc06bf666653a50b845bdd138643f0fecc7
108,2900,5.017,0x6604b6339ecfa57387694eaec53593f2c6f48913,2017-10-08T05:33:58.000Z,0.00173,0x693b502b4274745ecfd87d80be89343a04ba73c5,buy,0xeb9c0138d8ac10dd659640a4cc3d135c58b17b1b,0x7810de499b23e5e4e07fee0a9f0dc6617b1b3be54c11480b28adcdbfeaf05691
109,29,0.05017,0xb8186b97012530dceadc931136bf6cc7e4237f10,2017-10-08T04:48:42.000Z,0.00173,0x693b502b4274745ecfd87d80be89343a04ba73c5,buy,0xeb9c0138d8ac10dd659640a4cc3d135c58b17b1b,0xc909685316cb48ef63b30a5514ab6d68aa12b6092f952dd5c695b884282d4f2c
110,1480,2.5604,0x87ec77d3e9f63b770955f58b59f7dfe1061748b6,2017-10-08T03:13:09.000Z,0.00173,0x693b502b4274745ecfd87d80be89343a04ba73c5,buy,0xeb9c0138d8ac10dd659640a4cc3d135c58b17b1b,0x3dbcbdf5d975b61c6b4d22c95ee651b7b4bc82d9ee70acc546e80172f06635e5
111,2250,3.9825,0x693b502b4274745ecfd87d80be89343a04ba73c5,2017-10-08T02:53:49.000Z,0.00177,0x6604b6339ecfa57387694eaec53593f2c6f48913,buy,0xeb9c0138d8ac10dd659640a4cc3d135c58b17b1b,0x23e7cab3674262263492c4888f25516264c9e89288c13017552099bc54164607
112,1,0.0017,0x7d053385a05276eedcaf706325ae34ae544741a6,2017-10-07T19:29:56.000Z,0.0017,0x87ec77d3e9f63b770955f58b59f7dfe1061748b6,buy,0xeb9c0138d8ac10dd659640a4cc3d135c58b17b1b,0xffabb56b70d3c495bf031d78a16627f1d245ba77b7688c6b1b28b5e91d0da026
113,1599.99,2.6495994484011565,0x693b502b4274745ecfd87d80be89343a04ba73c5,2017-10-07T17:23:48.000Z,0.001656010005313256,0x87ec77d3e9f63b770955f58b59f7dfe1061748b6,buy,0xeb9c0138d8ac10dd659640a4cc3d135c58b17b1b,0x5ecf995c160f8351c6a95a3accea8a2c465a292916e17c3e23fe5a1302255693
114,3810,6.5913,0x87ec77d3e9f63b770955f58b59f7dfe1061748b6,2017-10-07T17:10:18.000Z,0.00173,0x693b502b4274745ecfd87d80be89343a04ba73c5,buy,0xeb9c0138d8ac10dd659640a4cc3d135c58b17b1b,0x79e5dc95bcfbd72f9351e2ce56958cd54f01ca9f3fe542f0e0ae0b96386fe1b0
115,2209.65,3.659193648,0x6604b6339ecfa57387694eaec53593f2c6f48913,2017-10-07T16:58:15.000Z,0.0016560059955196525,0x87ec77d3e9f63b770955f58b59f7dfe1061748b6,buy,0xeb9c0138d8ac10dd659640a4cc3d135c58b17b1b,0xcf514bf346a78bcf003cdbf6027e76d2ae3ab708f2bea5fb3d35fe4b786c2fb6
116,1800,2.979,0x6604b6339ecfa57387694eaec53593f2c6f48913,2017-10-07T15:57:23.000Z,0.001655,0x87ec77d3e9f63b770955f58b59f7dfe1061748b6,buy,0xeb9c0138d8ac10dd659640a4cc3d135c58b17b1b,0x8426d0c1dff8d78079b7419c99852006162bb4a4d624c4479209fc8954ddc70e
117,55,0.0924,0x87ec77d3e9f63b770955f58b59f7dfe1061748b6,2017-10-07T15:00:26.000Z,0.00168,0x6604b6339ecfa57387694eaec53593f2c6f48913,buy,0xeb9c0138d8ac10dd659640a4cc3d135c58b17b1b,0x4c3ee2a599bce9dabc490f0150339e4ce0adc33facfc065b28f36bd17a479629
118,21.5,0.035045,0x87ec77d3e9f63b770955f58b59f7dfe1061748b6,2017-10-07T13:10:12.000Z,0.00163,0x693b502b4274745ecfd87d80be89343a04ba73c5,buy,0xeb9c0138d8ac10dd659640a4cc3d135c58b17b1b,0xb40cdb63fc7be04e779bb9771d3a1a360f273e21f9c361de51270f069ecfe1e4
119,4320,7.6464,0x693b502b4274745ecfd87d80be89343a04ba73c5,2017-10-07T10:22:16.000Z,0.00177,0x6604b6339ecfa57387694eaec53593f2c6f48913,buy,0xeb9c0138d8ac10dd659640a4cc3d135c58b17b1b,0xed0be9ec51030dd1d4e80ea3508580cb6cae73c5c178940669bd921c93434ca6
120,3,0.00489,0xc73604d0514ac01e63513d07601e7e98f2f117b4,2017-10-07T10:18:21.000Z,0.00163,0x693b502b4274745ecfd87d80be89343a04ba73c5,buy,0xeb9c0138d8ac10dd659640a4cc3d135c58b17b1b,0x08771ea18a4bbc607af3dabb566d1bb7efdb6bea7171fcd74f8f104705b46f65
121,4410,7.6293,0x6604b6339ecfa57387694eaec53593f2c6f48913,2017-10-07T09:55:55.000Z,0.00173,0x693b502b4274745ecfd87d80be89343a04ba73c5,buy,0xeb9c0138d8ac10dd659640a4cc3d135c58b17b1b,0xff025ef9faaeb08cdfecec48adb9d3d140bf803e3c87a1003b5b9393ff302f74
122,5,0.00815,0xeeb12121316645ac76b40ac9d130de4b2f655f6e,2017-10-07T09:14:21.000Z,0.00163,0x693b502b4274745ecfd87d80be89343a04ba73c5,buy,0xeb9c0138d8ac10dd659640a4cc3d135c58b17b1b,0xebb5565ded9beecf8f0be0005c2f28f038372052756cde7f4d6c3a6840c2e6a9
123,4380,7.7526,0x693b502b4274745ecfd87d80be89343a04ba73c5,2017-10-07T08:51:05.000Z,0.00177,0x6604b6339ecfa57387694eaec53593f2c6f48913,buy,0xeb9c0138d8ac10dd659640a4cc3d135c58b17b1b,0xf27dcad0408fe4e5cde024e6136890cf21e9411d190916677815e445c91bf5c2
124,4400,7.612,0x87ec77d3e9f63b770955f58b59f7dfe1061748b6,2017-10-07T06:23:34.000Z,0.00173,0x693b502b4274745ecfd87d80be89343a04ba73c5,buy,0xeb9c0138d8ac10dd659640a4cc3d135c58b17b1b,0x14e745d7756ac4bf9e825460aa8578c68b84d95bafb7bdf71aa250473e45011a
125,4330,7.7074,0x693b502b4274745ecfd87d80be89343a04ba73c5,2017-10-07T05:50:57.000Z,0.00178,0x87ec77d3e9f63b770955f58b59f7dfe1061748b6,buy,0xeb9c0138d8ac10dd659640a4cc3d135c58b17b1b,0x276bd6208a5757425ed0ee8c34b6a3b5a659633fc1afdd0d8dafb7aa1e0c2463
126,4580,7.9234,0x87ec77d3e9f63b770955f58b59f7dfe1061748b6,2017-10-07T04:26:57.000Z,0.00173,0x693b502b4274745ecfd87d80be89343a04ba73c5,buy,0xeb9c0138d8ac10dd659640a4cc3d135c58b17b1b,0xdf7d4dd6721ea9bbb439d7d8345007eef8c12797bdee184dbf8841c8d88e168d
127,4800,7.9488,0x693b502b4274745ecfd87d80be89343a04ba73c5,2017-10-07T03:12:59.000Z,0.001656,0x87ec77d3e9f63b770955f58b59f7dfe1061748b6,buy,0xeb9c0138d8ac10dd659640a4cc3d135c58b17b1b,0xf9d5b6004ed145a85276bab5c15af505cc237b01cc6a99d63855ee4b5eb52907
128,4620,7.9926,0x87ec77d3e9f63b770955f58b59f7dfe1061748b6,2017-10-07T02:21:06.000Z,0.00173,0x693b502b4274745ecfd87d80be89343a04ba73c5,buy,0xeb9c0138d8ac10dd659640a4cc3d135c58b17b1b,0x9fdc27ec3a06877517b25571a1a21e3c700b344b2fa7f0b52e7f1f4291f5bdbe
129,4800,7.9488,0x693b502b4274745ecfd87d80be89343a04ba73c5,2017-10-07T02:16:06.000Z,0.001656,0x87ec77d3e9f63b770955f58b59f7dfe1061748b6,buy,0xeb9c0138d8ac10dd659640a4cc3d135c58b17b1b,0xf5b0000fc588d4213e4f5af4beeccb96a065d1d60492dca6603c18e1c194ce86
130,4550,7.8715,0x87ec77d3e9f63b770955f58b59f7dfe1061748b6,2017-10-06T13:45:52.000Z,0.00173,0x693b502b4274745ecfd87d80be89343a04ba73c5,buy,0xeb9c0138d8ac10dd659640a4cc3d135c58b17b1b,0x62169a1da21cf92f37930a60f070c0c64e7bffbc9151056d982352ec9bb9c5cc
131,4400,7.2864,0x693b502b4274745ecfd87d80be89343a04ba73c5,2017-10-06T13:00:51.000Z,0.001656,0x87ec77d3e9f63b770955f58b59f7dfe1061748b6,buy,0xeb9c0138d8ac10dd659640a4cc3d135c58b17b1b,0xb44027110b2b5dfb004a7e1cb3055ee49920933536bea476f584645f51730db9
132,0.5,0.000815,0x6cdea8e07bf82d7a07dbf36642d6e5be8623845c,2017-10-06T12:58:47.000Z,0.00163,0x693b502b4274745ecfd87d80be89343a04ba73c5,buy,0xeb9c0138d8ac10dd659640a4cc3d135c58b17b1b,0xea96e8e805db87f835fd36695fb4005018e1f14255d9bdf32b5395f4987bcc18
133,4195,7.42515,0x87ec77d3e9f63b770955f58b59f7dfe1061748b6,2017-10-06T10:51:41.000Z,0.00177,0x693b502b4274745ecfd87d80be89343a04ba73c5,buy,0xeb9c0138d8ac10dd659640a4cc3d135c58b17b1b,0x21d73a99d4bb08ba9f01717281d76269a8fcab82f8399c64380e084a09dd9dea
134,4940.34,8.181206903598843,0x693b502b4274745ecfd87d80be89343a04ba73c5,2017-10-06T10:30:00.000Z,0.0016560007820512037,0x87ec77d3e9f63b770955f58b59f7dfe1061748b6,buy,0xeb9c0138d8ac10dd659640a4cc3d135c58b17b1b,0x7525ae7f64606e0eb221ba67effd8e872752fcb9f7e1e7485e608416f0093132
135,4590,7.6653,0x87ec77d3e9f63b770955f58b59f7dfe1061748b6,2017-10-06T10:06:50.000Z,0.00167,0x693b502b4274745ecfd87d80be89343a04ba73c5,buy,0xeb9c0138d8ac10dd659640a4cc3d135c58b17b1b,0xfd9224796a58be72ce175ebc1252656799ddf912d7b4d19e6d1c6d75e1101bdb
136,315,0.5103,0x87ec77d3e9f63b770955f58b59f7dfe1061748b6,2017-10-06T09:05:23.000Z,0.00162,0x693b502b4274745ecfd87d80be89343a04ba73c5,sell,0xeb9c0138d8ac10dd659640a4cc3d135c58b17b1b,0xc0f8057cbbe1cd3b73545084c5d365f5d3a56ba780214fc638adbb9370a9cfdc
137,311,0.514705,0x693b502b4274745ecfd87d80be89343a04ba73c5,2017-10-06T04:21:50.000Z,0.001655,0x87ec77d3e9f63b770955f58b59f7dfe1061748b6,buy,0xeb9c0138d8ac10dd659640a4cc3d135c58b17b1b,0x29d77af47a19a58a040a6f4e22754cb15e6959173749c55f858c67a564b1d448
138,305,0.53985,0x87ec77d3e9f63b770955f58b59f7dfe1061748b6,2017-10-06T03:39:00.000Z,0.00177,0x693b502b4274745ecfd87d80be89343a04ba73c5,buy,0xeb9c0138d8ac10dd659640a4cc3d135c58b17b1b,0x1953e2a51774ed84459b232713a2145d37a9f4b158d6e95ce44d76fb56e58582
139,300,0.534,0x693b502b4274745ecfd87d80be89343a04ba73c5,2017-10-05T23:45:28.000Z,0.00178,0x87ec77d3e9f63b770955f58b59f7dfe1061748b6,buy,0xeb9c0138d8ac10dd659640a4cc3d135c58b17b1b,0xcbcd768278132ebb735a554354b9f1275759b57be763c32d20bdf08479d22252
140,310,0.5177,0x87ec77d3e9f63b770955f58b59f7dfe1061748b6,2017-10-05T15:45:00.000Z,0.00167,0x693b502b4274745ecfd87d80be89343a04ba73c5,buy,0xeb9c0138d8ac10dd659640a4cc3d135c58b17b1b,0x00a61ff5b538670ef56e177824735088be53d9780c39861a5e9ee13e88386ba1
141,290,0.48024,0x87ec77d3e9f63b770955f58b59f7dfe1061748b6,2017-10-05T14:47:02.000Z,0.001656,0x87ec77d3e9f63b770955f58b59f7dfe1061748b6,buy,0xeb9c0138d8ac10dd659640a4cc3d135c58b17b1b,0xb20529780c0b5fcb7b21af47f4378384037a6de07a5c04b60610c84697e96e10
142,320,0.5296,0x87ec77d3e9f63b770955f58b59f7dfe1061748b6,2017-10-05T11:17:41.000Z,0.001655,0x87ec77d3e9f63b770955f58b59f7dfe1061748b6,buy,0xeb9c0138d8ac10dd659640a4cc3d135c58b17b1b,0xf663b5537f99d497a3ca53280fa31f03d6cb3788053f0294d0753e6e37e55164
143,5,0.0081,0x87ec77d3e9f63b770955f58b59f7dfe1061748b6,2017-10-05T11:15:52.000Z,0.00162,0x693b502b4274745ecfd87d80be89343a04ba73c5,sell,0xeb9c0138d8ac10dd659640a4cc3d135c58b17b1b,0x472f4a6035c8b12172767a25667442aab1a3f9c4e098d6de64db09caf9fd5980
144,319,0.528264,0x87ec77d3e9f63b770955f58b59f7dfe1061748b6,2017-10-05T08:09:08.000Z,0.001656,0x87ec77d3e9f63b770955f58b59f7dfe1061748b6,buy,0xeb9c0138d8ac10dd659640a4cc3d135c58b17b1b,0x0248a11f45b26dcb5add6db9606a260d651d267be13b8fb206ea05e8f4f6c082
145,330,0.54648,0x693b502b4274745ecfd87d80be89343a04ba73c5,2017-10-05T05:08:05.000Z,0.001656,0x87ec77d3e9f63b770955f58b59f7dfe1061748b6,buy,0xeb9c0138d8ac10dd659640a4cc3d135c58b17b1b,0x242912834d5435112f63c36ef4a036da52e86144d26290af9dad20153df324cf
146,313,0.51958,0x87ec77d3e9f63b770955f58b59f7dfe1061748b6,2017-10-05T04:37:04.000Z,0.00166,0x693b502b4274745ecfd87d80be89343a04ba73c5,buy,0xeb9c0138d8ac10dd659640a4cc3d135c58b17b1b,0x4e70770b3b04b3cd0b9177878e68bdadfddc98ab51c595bd2d5a23659717229a
147,314,0.51967,0x87ec77d3e9f63b770955f58b59f7dfe1061748b6,2017-10-05T03:23:33.000Z,0.001655,0x87ec77d3e9f63b770955f58b59f7dfe1061748b6,buy,0xeb9c0138d8ac10dd659640a4cc3d135c58b17b1b,0x35f63d5e71024cfbdba26278cc93c953ef9e85ce30cd69269664df8b04427d50
148,305,0.504775,0x87ec77d3e9f63b770955f58b59f7dfe1061748b6,2017-10-05T02:10:51.000Z,0.001655,0x87ec77d3e9f63b770955f58b59f7dfe1061748b6,buy,0xeb9c0138d8ac10dd659640a4cc3d135c58b17b1b,0x1336369a017799e194eb15873add2c4427eeb933677060c21855ab4d81410783
149,1,0.001656,0x0249924245a19aa2d7f5ddb0739a7132b7d094ab,2017-10-04T19:41:14.000Z,0.001656,0x87ec77d3e9f63b770955f58b59f7dfe1061748b6,buy,0xeb9c0138d8ac10dd659640a4cc3d135c58b17b1b,0x71b724980f802d9efa317c5c733cb460579a6393a26f42c1655932b2b267f335
150,315,0.521325,0x693b502b4274745ecfd87d80be89343a04ba73c5,2017-10-04T17:24:23.000Z,0.001655,0x87ec77d3e9f63b770955f58b59f7dfe1061748b6,buy,0xeb9c0138d8ac10dd659640a4cc3d135c58b17b1b,0xd622cf5bd13eb0293d0c749b6176cd627de913fb3106e3559429be74d2cdcb99
151,327,0.54282,0x87ec77d3e9f63b770955f58b59f7dfe1061748b6,2017-10-04T15:06:44.000Z,0.00166,0x693b502b4274745ecfd87d80be89343a04ba73c5,buy,0xeb9c0138d8ac10dd659640a4cc3d135c58b17b1b,0xc48849f8264181f75d0b502e04e952f99edf3f29b23fc6863ddd606ce5cbdc60
152,325,0.537875,0x693b502b4274745ecfd87d80be89343a04ba73c5,2017-10-04T14:50:42.000Z,0.001655,0x87ec77d3e9f63b770955f58b59f7dfe1061748b6,buy,0xeb9c0138d8ac10dd659640a4cc3d135c58b17b1b,0x25a87081b2c84930121c3509244e58a7fbda6d04c50c8c4fc9da5eb8ca78e2ae
153,340,0.561,0x87ec77d3e9f63b770955f58b59f7dfe1061748b6,2017-10-04T14:14:32.000Z,0.00165,0x693b502b4274745ecfd87d80be89343a04ba73c5,buy,0xeb9c0138d8ac10dd659640a4cc3d135c58b17b1b,0xf8dc8b66de5694245ea7cbbcc1086049540176ecb89e048819c4978c10315461
154,320,0.544,0x693b502b4274745ecfd87d80be89343a04ba73c5,2017-10-04T13:57:02.000Z,0.0017,0x87ec77d3e9f63b770955f58b59f7dfe1061748b6,buy,0xeb9c0138d8ac10dd659640a4cc3d135c58b17b1b,0xc6babec8ad22d1ac30945140afc805dd104e725031e28b723166d6bca41b3454
155,330,0.5445,0x693b502b4274745ecfd87d80be89343a04ba73c5,2017-10-04T13:13:50.000Z,0.00165,0x693b502b4274745ecfd87d80be89343a04ba73c5,buy,0xeb9c0138d8ac10dd659640a4cc3d135c58b17b1b,0x3cb712e11f9cb2a69a7ae1cfd412171fb51eb37a4db11000e456fcbc87e4ef2e
156,310,0.5053,0x87ec77d3e9f63b770955f58b59f7dfe1061748b6,2017-10-04T12:11:53.000Z,0.00163,0x693b502b4274745ecfd87d80be89343a04ba73c5,buy,0xeb9c0138d8ac10dd659640a4cc3d135c58b17b1b,0x38acc6581fd63737f0349321fe54c92195e76ce4b6cba58a462d50ff9a601b2a
157,300,0.51,0x693b502b4274745ecfd87d80be89343a04ba73c5,2017-10-04T11:59:34.000Z,0.0017,0x87ec77d3e9f63b770955f58b59f7dfe1061748b6,buy,0xeb9c0138d8ac10dd659640a4cc3d135c58b17b1b,0xc52446633a7c2e6ed093085e79a0c72d30e72337297add63c5da1b8555741dd7
158,25,0.04125,0x6604b6339ecfa57387694eaec53593f2c6f48913,2017-10-04T11:57:42.000Z,0.00165,0x693b502b4274745ecfd87d80be89343a04ba73c5,buy,0xeb9c0138d8ac10dd659640a4cc3d135c58b17b1b,0x321918fdf5b40a3645ea03fdacdc8885b637fc4931244b049faf8e47ab2fbea4
159,30,0.0489,0x6604b6339ecfa57387694eaec53593f2c6f48913,2017-10-04T10:50:00.000Z,0.00163,0x693b502b4274745ecfd87d80be89343a04ba73c5,buy,0xeb9c0138d8ac10dd659640a4cc3d135c58b17b1b,0xcecaaec8e8a588010ce990dedf4f60a8231c756125b9af63c323aa1522381e4c
160,100,0.164,0x87ec77d3e9f63b770955f58b59f7dfe1061748b6,2017-10-04T10:41:18.000Z,0.00164,0x693b502b4274745ecfd87d80be89343a04ba73c5,buy,0xeb9c0138d8ac10dd659640a4cc3d135c58b17b1b,0x46a85031ba6990d7d6630789098bc79122ce71a24eb99a80d0779c2c5783fe77
161,30,0.0489,0x693b502b4274745ecfd87d80be89343a04ba73c5,2017-10-04T09:09:28.000Z,0.00163,0x693b502b4274745ecfd87d80be89343a04ba73c5,buy,0xeb9c0138d8ac10dd659640a4cc3d135c58b17b1b,0xde0100fac78f7690cf88658630b44d6e71051a7bfb14ff6cc33c1e145a948211
162,10,0.0163,0x8b7af9f8388782b82e9cddb6a0d88028b129da40,2017-10-03T17:58:13.000Z,0.00163,0x87ec77d3e9f63b770955f58b59f7dfe1061748b6,buy,0xeb9c0138d8ac10dd659640a4cc3d135c58b17b1b,0x9bec27f3b945dae7beeab5db106dd6c73bbf359a1f4af662c9f7e2c5ce6035bb
163,5,0.0084,0x0024a5046fd95c5eee6db19a69ef7ed3bacd50f1,2017-10-03T11:24:50.000Z,0.00168,0x693b502b4274745ecfd87d80be89343a04ba73c5,buy,0xeb9c0138d8ac10dd659640a4cc3d135c58b17b1b,0x2156d86911be25dc19a0359dd825e7abc89b7477fc71c27022dd74352c08087b
164,50,0.0825,0x693b502b4274745ecfd87d80be89343a04ba73c5,2017-10-03T05:54:16.000Z,0.00165,0x6604b6339ecfa57387694eaec53593f2c6f48913,buy,0xeb9c0138d8ac10dd659640a4cc3d135c58b17b1b,0x313b76bd4d815486237f5faf4c4bae149e7ef2be3f440c34c7a5d88483ba00dc
165,90,0.1476,0x693b502b4274745ecfd87d80be89343a04ba73c5,2017-10-03T03:25:11.000Z,0.00164,0x87ec77d3e9f63b770955f58b59f7dfe1061748b6,buy,0xeb9c0138d8ac10dd659640a4cc3d135c58b17b1b,0xa215792444c73bba07b77394eb6e1bd63a88feb8e50bb25ff9acd9cc0848bfb6
166,50,0.083,0x87ec77d3e9f63b770955f58b59f7dfe1061748b6,2017-10-02T15:44:08.000Z,0.00166,0x693b502b4274745ecfd87d80be89343a04ba73c5,sell,0xeb9c0138d8ac10dd659640a4cc3d135c58b17b1b,0x79aaf7756ae6228a8641eed965e8054d3215c5a89f11132617ab7b608426c93a
167,50,0.0825,0x6604b6339ecfa57387694eaec53593f2c6f48913,2017-10-02T15:34:25.000Z,0.00165,0x693b502b4274745ecfd87d80be89343a04ba73c5,sell,0xeb9c0138d8ac10dd659640a4cc3d135c58b17b1b,0xb79888de02827988e8666283510acd8f29288d528ad0975803b71a5eaad3128c
