,amount,amountBase,buyer,date,price,seller,side,tokenAddr,txHash
0,4.9845479,0.00348918353,0x0c0905c462a672facdefd03bfabd5aa57b4eeafb,2017-10-29T05:58:08.000Z,0.0007,0x3d544ec1813f8d2b0d836fc96621f26841fe4305,sell,0x7f1e2c7d6a69bf34824d72c53b4550e895c0d8c2,0x9ab982ed7daaf5342ffead614bf03e6d40d283f80adeedfca90b9ac56a841200
1,19.9381916,0.014156315417916,0x3dee4a4e076e8d82859d241db0baf46f112cfa23,2017-10-27T09:00:13.000Z,0.00071001,0xf043ad8f43927607c3434f518379ce6b8f638d42,sell,0x7f1e2c7d6a69bf34824d72c53b4550e895c0d8c2,0x504fde5dbbc495a49a35c6e399d6c45da05c5340559693dbbd0c6e43ba519d2c
2,338.9492573,0.23729837503573,0x3dee4a4e076e8d82859d241db0baf46f112cfa23,2017-10-25T06:50:18.000Z,0.0007001,0x6f35506efd83c0ddeba5f1f22e7f2e9505fa9155,sell,0x7f1e2c7d6a69bf34824d72c53b4550e895c0d8c2,0x65d522641af55a78392f08a44cedbc60feada64b164677ece131003a319602fb
3,0.125,0.0005,0x16e5d97bbc92417e051e3b2cabfbf8ceea2acb9c,2017-10-22T10:27:49.000Z,0.004,0x251402227bce7264aa6c3813ecd6f1e89946e232,buy,0x7f1e2c7d6a69bf34824d72c53b4550e895c0d8c2,0x5b084757346043517a9c39dad55965db7a480894a91b31ff7d5cf6d7dc575055
4,0.125,0.0005,0x379374d13077e8867ef31803c37baf9785a17c00,2017-10-22T10:23:58.000Z,0.004,0x251402227bce7264aa6c3813ecd6f1e89946e232,buy,0x7f1e2c7d6a69bf34824d72c53b4550e895c0d8c2,0xed841980a453905c2b604b587ce940f0f2f9877ca62b155c3f5a4be4b798b3e7
5,0.125,0.0005,0xcd912af5286dc0b0a23edb30209734ecb60838b3,2017-10-22T10:19:27.000Z,0.004,0x251402227bce7264aa6c3813ecd6f1e89946e232,buy,0x7f1e2c7d6a69bf34824d72c53b4550e895c0d8c2,0xa9d8fdac0c6932101db7a2ee291d25637dd2dd067a815e4feb2e3c8ce9cb2980
6,0.125,0.0005,0xf9695cd65d6dfdf257fab76a3eb0cb8f001971cc,2017-10-22T10:09:32.000Z,0.004,0x251402227bce7264aa6c3813ecd6f1e89946e232,buy,0x7f1e2c7d6a69bf34824d72c53b4550e895c0d8c2,0x186e22bad8c193c34de5ed3f91e23cea8714af5d7d8794ab61189261a189081a
7,0.125,0.0005,0x42c24a83bded723edfdf5883bc7efb30bc1a1bf3,2017-10-22T09:32:14.000Z,0.004,0x251402227bce7264aa6c3813ecd6f1e89946e232,buy,0x7f1e2c7d6a69bf34824d72c53b4550e895c0d8c2,0x2d1eeda5d7f542b43cc19a850d0993ebea6ceaf75ece88471c72502e915063fe
8,13.95673412,0.009771109557412,0x3dee4a4e076e8d82859d241db0baf46f112cfa23,2017-10-22T02:44:09.000Z,0.0007001,0x78406b13debcaa5aa79849c9fde70fdbf3ea00a8,sell,0x7f1e2c7d6a69bf34824d72c53b4550e895c0d8c2,0xbabcc1098001e98efb185f885fc526995dd4f6a78a5705446116b6233d6b83d7
9,14,0.0595,0x78406b13debcaa5aa79849c9fde70fdbf3ea00a8,2017-10-22T02:42:57.000Z,0.00425,0xca0edd78e25ebca0e5e0194d74b2ee8c937b3dec,buy,0x7f1e2c7d6a69bf34824d72c53b4550e895c0d8c2,0x0a92a6676ce6a4eb129de708110ffe7c1894ceeae49e9452e5d672e02184cebc
10,5,0.0122,0xedf5de3807d23e5d85b0caa1e10d52b85c2a6965,2017-10-21T15:10:01.000Z,0.00244,0x54804cbd6db2362656f743e4c4306dd4f98e6580,buy,0x7f1e2c7d6a69bf34824d72c53b4550e895c0d8c2,0xdd0026de0e9b61aa6cd9bd7516cc88607fae3736ae8307bccb94101b41aac0af
11,0.11311871,0.000277140863323696,0x54804cbd6db2362656f743e4c4306dd4f98e6580,2017-10-20T09:35:00.000Z,0.002450000210607918,0x4ef1be87d95abfc25b1d4d5b8c20af7225ce3b48,buy,0x7f1e2c7d6a69bf34824d72c53b4550e895c0d8c2,0xfeb9823e91dd18dfc65b261c962adc0f047ac801a68c41589265235a321dfbf4
12,3,0.009,0x96373170538a83c7674ef92f41d195203a8abe09,2017-10-19T23:43:50.000Z,0.003,0x4ef1be87d95abfc25b1d4d5b8c20af7225ce3b48,buy,0x7f1e2c7d6a69bf34824d72c53b4550e895c0d8c2,0x7e8f13d886aef3d1d82f31ab5a6107b63b10462093f2c6c4f503c4fb5416bcdb
13,0.1,0.0003,0x6cdea8e07bf82d7a07dbf36642d6e5be8623845c,2017-10-19T15:34:19.000Z,0.003,0x4ef1be87d95abfc25b1d4d5b8c20af7225ce3b48,buy,0x7f1e2c7d6a69bf34824d72c53b4550e895c0d8c2,0x6c77129ba74420ac08d55b6d69dbf6c822a64b2c94273fb276c59bb686cca603
14,703,1.51145,0x0c0905c462a672facdefd03bfabd5aa57b4eeafb,2017-10-19T03:18:18.000Z,0.00215,0x54804cbd6db2362656f743e4c4306dd4f98e6580,buy,0x7f1e2c7d6a69bf34824d72c53b4550e895c0d8c2,0x1bc5f2e6f491dac3e8d583c422533885fcbc76fac25a8daace2cedc1b93f43f9
15,1388.8,2.98592,0x0c0905c462a672facdefd03bfabd5aa57b4eeafb,2017-10-19T03:17:57.000Z,0.00215,0x6c89306549ae4c8823f539c2535fdf76590d0f88,buy,0x7f1e2c7d6a69bf34824d72c53b4550e895c0d8c2,0xf83a5727aa4c6219b1c4fef4c0a63fe0e487d49c78d90463ec7156b1133804c1
16,1,0.003,0x3ac636ac5c3a2576156ac5f10066ca68abe0ad54,2017-10-19T02:02:15.000Z,0.003,0x4ef1be87d95abfc25b1d4d5b8c20af7225ce3b48,buy,0x7f1e2c7d6a69bf34824d72c53b4550e895c0d8c2,0x89f834fc1c2a40a881203c12308b4205213a56699eeb8deae158ab9d3c7641d3
17,572.83647933,0.515552831397,0x0c0905c462a672facdefd03bfabd5aa57b4eeafb,2017-10-14T18:35:38.000Z,0.0009,0x1fdf047bf7a114b37e7936d01e9cad754ad18803,sell,0x7f1e2c7d6a69bf34824d72c53b4550e895c0d8c2,0x26ab7a1ece170fb2b7794c987a581c736ecc55ba00f9b2c7e3d76550fccce43b
18,17.88156714,0.016093410426,0x0c0905c462a672facdefd03bfabd5aa57b4eeafb,2017-10-14T13:25:41.000Z,0.0009,0xb1dc1e7675ded0f5185f2e005287ca8d6cb03906,sell,0x7f1e2c7d6a69bf34824d72c53b4550e895c0d8c2,0x0b08510325bffbf6dbe363c36ae2daaa2282403c6c89106d4b9240fdc8a83f0e
19,21,0.01911,0x0c0905c462a672facdefd03bfabd5aa57b4eeafb,2017-10-14T13:22:53.000Z,0.00091,0xb1dc1e7675ded0f5185f2e005287ca8d6cb03906,sell,0x7f1e2c7d6a69bf34824d72c53b4550e895c0d8c2,0xb53b30a479d88dfb29a5bc8747e46519609e6f68ffdc5862337017ece44e742d
20,7251.057,6.59846187,0x0c0905c462a672facdefd03bfabd5aa57b4eeafb,2017-10-14T08:12:59.000Z,0.00091,0xe9bb8ae35a8f2045ed7975136016f5d82f3f90ff,sell,0x7f1e2c7d6a69bf34824d72c53b4550e895c0d8c2,0x822f29ee8c618ee71af6a8568eb7dad3e355f8f8eae16b10fd88357b120c7be8
21,99,0.09009,0x0c0905c462a672facdefd03bfabd5aa57b4eeafb,2017-10-14T02:27:56.000Z,0.00091,0xad33f43cb3ddc2dbd5a5eb09b12423066041a219,sell,0x7f1e2c7d6a69bf34824d72c53b4550e895c0d8c2,0xa529d1f825dc7ff7a1625ef3f621b050b29984e4c07828da5c6f7ae1fc0ae01f
22,614.7662247,0.559437264477,0x0c0905c462a672facdefd03bfabd5aa57b4eeafb,2017-10-13T17:04:14.000Z,0.00091,0x879df0511528cff77db51e0013482ef79d666061,sell,0x7f1e2c7d6a69bf34824d72c53b4550e895c0d8c2,0xf8ea406145a76d86af0622d852e39cf9ab59fe04e4a357400d092d0b4287de5d
23,1918.17651261,1.7455406264751,0x0c0905c462a672facdefd03bfabd5aa57b4eeafb,2017-10-12T21:11:24.000Z,0.00091,0x4fec49c61159cbcba64cb7984431f5ae659ad237,sell,0x7f1e2c7d6a69bf34824d72c53b4550e895c0d8c2,0x95594f65f427c6881a26236615fdd138f066227a0071eef5e8a436bb4643b407
24,96,0.08736,0x0c0905c462a672facdefd03bfabd5aa57b4eeafb,2017-10-12T08:45:33.000Z,0.00091,0xad33f43cb3ddc2dbd5a5eb09b12423066041a219,sell,0x7f1e2c7d6a69bf34824d72c53b4550e895c0d8c2,0x243efc3358ed239256b6dfcbbbc2f1a93df10f403c8b73dbe3da782112df3dfd
25,1000,0.90009,0x0c0905c462a672facdefd03bfabd5aa57b4eeafb,2017-10-11T14:08:31.000Z,0.00090009,0xcfbcd44e01a23a59a0ad24037d2e6c1b9738adce,sell,0x7f1e2c7d6a69bf34824d72c53b4550e895c0d8c2,0xa9ee198d6aea1ca8d5b247f80b1f8844b47b5e0de02a8d908a49589337c9c1c4
26,3.708,0.003708,0xd9aa50de5ef7ed58683d002ef3e0cc5aad354d54,2017-10-11T10:55:57.000Z,0.001,0xad33f43cb3ddc2dbd5a5eb09b12423066041a219,sell,0x7f1e2c7d6a69bf34824d72c53b4550e895c0d8c2,0xa477247cddc3eca6f20fbbf7ee25d0529e56ceeab294bbe364ec29ea5df15b3a
27,249,0.3237,0x0c0905c462a672facdefd03bfabd5aa57b4eeafb,2017-10-10T22:43:21.000Z,0.0013,0xd41905214a51393886233296a362da0afa646022,buy,0x7f1e2c7d6a69bf34824d72c53b4550e895c0d8c2,0x145327c5c28584e751250300f994a99e854f5b7b7ff8e8d3cd00acea300f2468
28,1,0.0013,0x0249924245a19aa2d7f5ddb0739a7132b7d094ab,2017-10-10T05:13:52.000Z,0.0013,0xd41905214a51393886233296a362da0afa646022,buy,0x7f1e2c7d6a69bf34824d72c53b4550e895c0d8c2,0x8d836ed86d020d600810ee73b3326a16b97cb829abf2ca538f2a4b759de2ad87
29,1999.91987754,1.99991987754,0x0c0905c462a672facdefd03bfabd5aa57b4eeafb,2017-10-09T22:50:47.000Z,0.001,0x4fec49c61159cbcba64cb7984431f5ae659ad237,sell,0x7f1e2c7d6a69bf34824d72c53b4550e895c0d8c2,0x989baac2b34c7dea2886aa1050b1fc48a93a4c9d87fd5dbcee12f8272fb92f9f
30,1196.29163343,1.19629163343,0xd9aa50de5ef7ed58683d002ef3e0cc5aad354d54,2017-10-08T06:07:40.000Z,0.001,0x4fec49c61159cbcba64cb7984431f5ae659ad237,sell,0x7f1e2c7d6a69bf34824d72c53b4550e895c0d8c2,0x0f63ade594ccb46e2bcd3ada42820480dc63b94b35830120ee8ddcdccd44ac06
31,16.50165017,0.0166666666717,0x5d5065b42bdee0274e394ba9042c21e1818c69cf,2017-10-07T16:56:30.000Z,0.00101,0x4fec49c61159cbcba64cb7984431f5ae659ad237,sell,0x7f1e2c7d6a69bf34824d72c53b4550e895c0d8c2,0x12b347e475751a89e551e780996db07e6cde479d88dc3efd30f8ab89ca1fbf10
32,568.63081494,0.5743171230894,0x1fdf047bf7a114b37e7936d01e9cad754ad18803,2017-10-07T16:45:44.000Z,0.00101,0x4fec49c61159cbcba64cb7984431f5ae659ad237,sell,0x7f1e2c7d6a69bf34824d72c53b4550e895c0d8c2,0x73a01dfc909c3e101403e08eb30bc4d678ced25ba18b365986ff5d73f3a0be3f
33,2000,2,0xd9aa50de5ef7ed58683d002ef3e0cc5aad354d54,2017-10-07T16:44:56.000Z,0.001,0x4fec49c61159cbcba64cb7984431f5ae659ad237,sell,0x7f1e2c7d6a69bf34824d72c53b4550e895c0d8c2,0xd4202c209b4b94f437f1308d4e3ae46a233f83c1498a76e375fef159a9e5776f
34,500,0.55,0xd9aa50de5ef7ed58683d002ef3e0cc5aad354d54,2017-10-07T16:41:52.000Z,0.0011,0x4fec49c61159cbcba64cb7984431f5ae659ad237,sell,0x7f1e2c7d6a69bf34824d72c53b4550e895c0d8c2,0x37fe15b6f9a5d9ac9471640693a795e8fd4e24bf6dbc5f60fa97081cbea3eb95
35,5.98145748,0.0060412720548,0x1fdf047bf7a114b37e7936d01e9cad754ad18803,2017-10-06T07:52:38.000Z,0.00101,0x3dee4a4e076e8d82859d241db0baf46f112cfa23,sell,0x7f1e2c7d6a69bf34824d72c53b4550e895c0d8c2,0x534ef46f8e3001f314280889f578021c849fb311fe813c8ac3241a43f28556d0
36,200,0.4,0xd9aa50de5ef7ed58683d002ef3e0cc5aad354d54,2017-10-05T16:40:08.000Z,0.002,0x879df0511528cff77db51e0013482ef79d666061,buy,0x7f1e2c7d6a69bf34824d72c53b4550e895c0d8c2,0xa74862a7637ce730020fcf4d8d97795a249633eba96dd08411b7b223b43acdd6
37,3,0.006,0xe62b49dd208f7c0f0be52be7667c8a92d5ce7cc2,2017-10-04T19:44:36.000Z,0.002,0x879df0511528cff77db51e0013482ef79d666061,buy,0x7f1e2c7d6a69bf34824d72c53b4550e895c0d8c2,0xb1c2d457953eb3f83b9bf561cbdf763d6b083ebc955ec1c02c601b9783da81bb
38,502,0.50702,0xefa7abbd5fe2aef47b325619b0824d41835f5d6c,2017-10-04T14:51:16.000Z,0.00101,0x4ef1be87d95abfc25b1d4d5b8c20af7225ce3b48,sell,0x7f1e2c7d6a69bf34824d72c53b4550e895c0d8c2,0x488b9652bdff48793843a93380bfd6245a27ee673cf09e27ecfe60d90089915c
39,407.57252517,0.4116482504217,0xefa7abbd5fe2aef47b325619b0824d41835f5d6c,2017-10-04T10:16:39.000Z,0.00101,0xd441d0fb857aa5cf5bc1f556fd922cafeff55ab0,sell,0x7f1e2c7d6a69bf34824d72c53b4550e895c0d8c2,0xede4d946ba8e5bb29a2f7514f6d0b5375bb8d1c2d4dd01072647498e388e7d90
40,6,0.00606006,0x3dee4a4e076e8d82859d241db0baf46f112cfa23,2017-10-03T02:27:55.000Z,0.00101001,0x7614265a0b4c62bd84db6ad9a4451d33c4bda8dc,sell,0x7f1e2c7d6a69bf34824d72c53b4550e895c0d8c2,0xcb85893bbcbc3226c955310aef18d74855d879191d6ce1f2c0ed29f1e5ef44c6
41,54.583,0.0654996,0xed8cfaf1a0b94d5f46b118c8de46f462a303325e,2017-10-02T08:20:21.000Z,0.0012,0x7614265a0b4c62bd84db6ad9a4451d33c4bda8dc,sell,0x7f1e2c7d6a69bf34824d72c53b4550e895c0d8c2,0x4e26dba6cecd48209b9916d3f51e64e426c8527264a9ec16445ad80887df93ba
42,170.0927126,0.2551390689,0xed8cfaf1a0b94d5f46b118c8de46f462a303325e,2017-10-02T07:16:49.000Z,0.0015,0x7614265a0b4c62bd84db6ad9a4451d33c4bda8dc,sell,0x7f1e2c7d6a69bf34824d72c53b4550e895c0d8c2,0x9e24d89d6346a109dbf8423ad1150954ad75590461cb9cf1cc67034866cb7d68
43,29.9072874,0.0448609311,0xed8cfaf1a0b94d5f46b118c8de46f462a303325e,2017-10-02T03:16:03.000Z,0.0015,0xb463fb331f904c0e1fb8b5b9b2de0125d622c4b1,sell,0x7f1e2c7d6a69bf34824d72c53b4550e895c0d8c2,0x246a7a894ffb0e2b7ad5d5a6061ae180eff0247bbafd8d97c72aaf014f09c833
44,1,0.00205,0xa0be78d2bac6a692adba423c7af50ec86a18bddf,2017-09-28T04:59:12.000Z,0.00205,0xd441d0fb857aa5cf5bc1f556fd922cafeff55ab0,buy,0x7f1e2c7d6a69bf34824d72c53b4550e895c0d8c2,0x5255be140eabfe433f0e71b90779e34b264264cbc856f74477f7400f6fd6c9ac
45,2049.18,4.84426152,0xd9aa50de5ef7ed58683d002ef3e0cc5aad354d54,2017-09-25T01:18:36.000Z,0.002364,0xd863012d69c7eaa647a48f4fdd4992a3b50a8412,buy,0x7f1e2c7d6a69bf34824d72c53b4550e895c0d8c2,0x38812478d7821f8ccfa6480aa4e86a363b8317d71eeeaf5572660f989f82cc0a
46,240,0.57,0x2d7ad46c8c2128b37f7bbf1d70f81db34d1176ba,2017-09-24T05:20:24.000Z,0.002375,0xca0edd78e25ebca0e5e0194d74b2ee8c937b3dec,buy,0x7f1e2c7d6a69bf34824d72c53b4550e895c0d8c2,0x469ccb7f1854285774c7820b48181cdd5a3dfdb84419ae289e0fc9b3f2919c77
47,20,0.0431,0x2d7ad46c8c2128b37f7bbf1d70f81db34d1176ba,2017-09-24T05:17:51.000Z,0.002155,0xca0edd78e25ebca0e5e0194d74b2ee8c937b3dec,buy,0x7f1e2c7d6a69bf34824d72c53b4550e895c0d8c2,0x07167e57fcbd0020e8655ac170ed38596951b6e6cd47217a47a276b9733c1e25
48,40,0.083,0x2d7ad46c8c2128b37f7bbf1d70f81db34d1176ba,2017-09-24T04:54:30.000Z,0.002075,0xca0edd78e25ebca0e5e0194d74b2ee8c937b3dec,buy,0x7f1e2c7d6a69bf34824d72c53b4550e895c0d8c2,0x50692d9d56bc32ccc120674cfd2fe5791fa30063278f6b175ceb060ee406673a
49,500,1.0775,0x2d7ad46c8c2128b37f7bbf1d70f81db34d1176ba,2017-09-24T04:53:38.000Z,0.002155,0xca0edd78e25ebca0e5e0194d74b2ee8c937b3dec,buy,0x7f1e2c7d6a69bf34824d72c53b4550e895c0d8c2,0x3f9775fb396d0b23dbbb732925c1b368f001390cfff4010126d0abc381e7e142
50,360,0.747,0x2d7ad46c8c2128b37f7bbf1d70f81db34d1176ba,2017-09-24T04:21:58.000Z,0.002075,0xca0edd78e25ebca0e5e0194d74b2ee8c937b3dec,buy,0x7f1e2c7d6a69bf34824d72c53b4550e895c0d8c2,0xcc1bb9bb87423874ffccdef6f0b14bc822214d53c1c1418568d57f250706f96f
51,122.61876392,0.147142516704,0x2d7ad46c8c2128b37f7bbf1d70f81db34d1176ba,2017-09-24T03:59:10.000Z,0.0012,0x5694875d2262ec87e1c65cc371a312e9eaf0967f,buy,0x7f1e2c7d6a69bf34824d72c53b4550e895c0d8c2,0xee99bca9505c4d2aaf76321ef7a65913edf0b90ae0f813a4371163940b2c8ac0
52,24,0.0264,0x2d7ad46c8c2128b37f7bbf1d70f81db34d1176ba,2017-09-24T03:59:05.000Z,0.0011,0xad33f43cb3ddc2dbd5a5eb09b12423066041a219,buy,0x7f1e2c7d6a69bf34824d72c53b4550e895c0d8c2,0x059774e7b51b2acdcdef138cbe70505bc9335b4474667f454392e27747e46a71
53,104.8,0.104798952,0x2d7ad46c8c2128b37f7bbf1d70f81db34d1176ba,2017-09-24T03:56:54.000Z,0.00099999,0xee004e564e2d0f6ead3613df41b7f69bb76a73e0,buy,0x7f1e2c7d6a69bf34824d72c53b4550e895c0d8c2,0xb1da0f504ac3fed717d866a520796ca6aa9c0bc04d0455e54fd2672c94377537
54,0.08441925,0.000059093475,0x104e2686d458df20b395997eb2910f8eb5e8ec01,2017-09-23T23:24:23.000Z,0.0007,0x778c879a6d29ce7579280e3a8caa4ffa8f973920,sell,0x7f1e2c7d6a69bf34824d72c53b4550e895c0d8c2,0x9519d8aff3a1d4627ba2d9aa524a5f6351ca329e08271a90e73f34cd0a76424a
55,846.80935834,0.592766550838,0xefa7abbd5fe2aef47b325619b0824d41835f5d6c,2017-09-23T23:22:59.000Z,0.0007,0x778c879a6d29ce7579280e3a8caa4ffa8f973920,sell,0x7f1e2c7d6a69bf34824d72c53b4550e895c0d8c2,0xd6a468dd1ae71fc3974fd4503d67f8114cc96b99a14fb29df7304d43d50984c3
56,110,0.0781,0x6d008ff3111a579c78bd82a084cddea109d6f5e0,2017-09-23T23:22:17.000Z,0.00071,0x778c879a6d29ce7579280e3a8caa4ffa8f973920,sell,0x7f1e2c7d6a69bf34824d72c53b4550e895c0d8c2,0xafa90f9493cceb6554634e497453127564191c3963736d27c6557647472fff7f
57,87.9997542,0.061599827942416495,0x6d008ff3111a579c78bd82a084cddea109d6f5e0,2017-09-23T20:00:52.000Z,0.0007000000000274602,0x5694875d2262ec87e1c65cc371a312e9eaf0967f,buy,0x7f1e2c7d6a69bf34824d72c53b4550e895c0d8c2,0x8349bac51c8853f92a42966d7110334548aa8235cf95e89e05aaa473f72316d9
58,55,0.0385,0x6d008ff3111a579c78bd82a084cddea109d6f5e0,2017-09-23T19:25:59.000Z,0.0007,0x5694875d2262ec87e1c65cc371a312e9eaf0967f,buy,0x7f1e2c7d6a69bf34824d72c53b4550e895c0d8c2,0x170a951ea53a34491728f16e28ade3f4288fabb3b05e6b1f5a77ba9235bede91
59,272.973,0.1910811,0x104e2686d458df20b395997eb2910f8eb5e8ec01,2017-09-23T19:10:01.000Z,0.0007,0x5694875d2262ec87e1c65cc371a312e9eaf0967f,buy,0x7f1e2c7d6a69bf34824d72c53b4550e895c0d8c2,0x0c06b106bf4789c110d0cc55b72d69e7c875460d3a63603974c7fe7077b36af9
60,55,0.0385,0x6d008ff3111a579c78bd82a084cddea109d6f5e0,2017-09-23T18:50:07.000Z,0.0007,0x5694875d2262ec87e1c65cc371a312e9eaf0967f,buy,0x7f1e2c7d6a69bf34824d72c53b4550e895c0d8c2,0x9f5a3a27b3321795b0a4c191f53e5ea543bb783257ef5cfab4bcc7c0eb515306
61,233.56167309,0.16349317116937492,0x9fc58f11d900845670db30a44ef4cb4c2f31a334,2017-09-23T18:47:49.000Z,0.0007000000000272945,0x5694875d2262ec87e1c65cc371a312e9eaf0967f,buy,0x7f1e2c7d6a69bf34824d72c53b4550e895c0d8c2,0xd9f8b64a4c06937cf12d06d8fd4be3a67cebe3d8648d3a8ddb2ad98fb8b8ab73
62,100,0.07,0x6babd05e78a7eca0d99540611d73812062751464,2017-09-23T18:07:36.000Z,0.0007,0x5694875d2262ec87e1c65cc371a312e9eaf0967f,buy,0x7f1e2c7d6a69bf34824d72c53b4550e895c0d8c2,0x1e7265f2a8cca1243abf440f6e230c7c47a20bd3081b237ef3f0da4c44c05223
63,70,0.049,0x98d7d86a36abf430d6311d8685e9760a85b222dd,2017-09-23T17:41:40.000Z,0.0007,0x5694875d2262ec87e1c65cc371a312e9eaf0967f,buy,0x7f1e2c7d6a69bf34824d72c53b4550e895c0d8c2,0x152c038bfed0a861d9341eb32053f2fc822a0f8327533ef161e82aab686ba9d5
64,142.41657269,0.09969160088820857,0xec1ae7a44a78cdb611e6b56a28da1cc11a0521d4,2017-09-23T17:09:53.000Z,0.0007000000000365727,0x5694875d2262ec87e1c65cc371a312e9eaf0967f,buy,0x7f1e2c7d6a69bf34824d72c53b4550e895c0d8c2,0x91b41de1784b15a979d90b75b6fb5632999c8541a5a8bba95f41f334d25ebf3b
65,1,0.00099999,0x636d925f140f761f7a0e600db2177dd068ddada1,2017-09-23T10:36:28.000Z,0.00099999,0xee004e564e2d0f6ead3613df41b7f69bb76a73e0,buy,0x7f1e2c7d6a69bf34824d72c53b4550e895c0d8c2,0x578df941740b87d500e31bc658dd597434490427ef4bd504f245893f4adc1dcb
66,0.55199041,0.000386393287,0xefa7abbd5fe2aef47b325619b0824d41835f5d6c,2017-09-23T10:13:41.000Z,0.0007,0x3315c397a515fbfdf05a7b64aa749042d88cdf62,sell,0x7f1e2c7d6a69bf34824d72c53b4550e895c0d8c2,0x8379a353e3e114a40734be4bfbb472d40477afb95f684e8cb8bd139f371e8ea8
67,5537.01578963,3.322209473778,0xd9aa50de5ef7ed58683d002ef3e0cc5aad354d54,2017-09-23T10:10:49.000Z,0.0006,0x3315c397a515fbfdf05a7b64aa749042d88cdf62,sell,0x7f1e2c7d6a69bf34824d72c53b4550e895c0d8c2,0x2640bd77b9ab17b3cec8491c7c1348f7376cec62b16bb5042413109cf41a3dcb
68,282.49725849,0.197748080943,0xefa7abbd5fe2aef47b325619b0824d41835f5d6c,2017-09-23T05:04:49.000Z,0.0007,0x7614265a0b4c62bd84db6ad9a4451d33c4bda8dc,sell,0x7f1e2c7d6a69bf34824d72c53b4550e895c0d8c2,0xfc0232e95c8bf843d2f509a8db3edcc16248b2941306dbd5d23aa0d225def376
69,0.04525628,0.000031679396,0xd9aa50de5ef7ed58683d002ef3e0cc5aad354d54,2017-09-22T02:30:34.000Z,0.0007,0x21e70fee23868b5c84e3cfa093990ccc1eb5d02f,sell,0x7f1e2c7d6a69bf34824d72c53b4550e895c0d8c2,0x05c8fe988b5538295fc6cfade13e5b1c6bf2a3b8e5ccd53cd975b448d2fc23bc
70,453.96570631,0.317775994417,0xd9aa50de5ef7ed58683d002ef3e0cc5aad354d54,2017-09-22T02:23:24.000Z,0.0007,0x21e70fee23868b5c84e3cfa093990ccc1eb5d02f,sell,0x7f1e2c7d6a69bf34824d72c53b4550e895c0d8c2,0x117c5ed5688497485e8ace5da86546a7e8bbd6a29b56d9d8c014f11db8de699d
71,0.714,0.0009996,0x19b78488b79c6a45d4e060f05a2b35c4873f25c5,2017-09-21T22:33:12.000Z,0.0014,0xee004e564e2d0f6ead3613df41b7f69bb76a73e0,buy,0x7f1e2c7d6a69bf34824d72c53b4550e895c0d8c2,0xb4052cb2cb65de034e9b73d164937c6f223912c67ff6f47c25379c7253877a0f
72,106.5148041,0.0745604693848041,0xee004e564e2d0f6ead3613df41b7f69bb76a73e0,2017-09-21T13:07:56.000Z,0.000700001,0xeddf1956593ec725a0964401d291f4250463abaf,sell,0x7f1e2c7d6a69bf34824d72c53b4550e895c0d8c2,0xf54c2968ae1af92d4ae5f75588c84e1b7c2b52081e2193c2ba44bd6b110b6510
73,999.85816586,0.699900716102,0xd9aa50de5ef7ed58683d002ef3e0cc5aad354d54,2017-09-21T07:34:53.000Z,0.0007,0xc85d3baba724711ce7b43e746acf9c6bf38e6ec5,sell,0x7f1e2c7d6a69bf34824d72c53b4550e895c0d8c2,0xec325b47bf4d6ccc3f3d9c3e3ed829f26b72f878c41ceffad651fcd07977fec6
74,294.7842562,0.20634897934,0xd9aa50de5ef7ed58683d002ef3e0cc5aad354d54,2017-09-21T07:31:52.000Z,0.0007,0x670563c34b7889e9a6aa2f4fdb7d95a2f0ddeef6,sell,0x7f1e2c7d6a69bf34824d72c53b4550e895c0d8c2,0x983342eefd0865d31b8706812f70607a421b3a8864b54b1ca06e3798d6d52ccc
75,637.02522181,0.445917655267,0xd9aa50de5ef7ed58683d002ef3e0cc5aad354d54,2017-09-20T07:51:29.000Z,0.0007,0x008cd39b569505e006ec93689add83999e96ab12,sell,0x7f1e2c7d6a69bf34824d72c53b4550e895c0d8c2,0x41f57496e7290754a27be938dc5fdecc5b7e16a7c6a0b2696b4d684c92f97cf9
76,1386.94698593,0.970862890151,0xd9aa50de5ef7ed58683d002ef3e0cc5aad354d54,2017-09-20T07:36:01.000Z,0.0007,0x2a24dbbfab89afd43521e9cb29a3eb252b9a0598,sell,0x7f1e2c7d6a69bf34824d72c53b4550e895c0d8c2,0x9c73bfa2b99c296371c8c0e1c7ea19cc1f168d84a158fd3eb9b30c0ff7be7c07
77,200,0.14,0x8d8b6a822bcb86fb97a70b8ad9eeca25342f145d,2017-09-19T15:31:25.000Z,0.0007,0x2a24dbbfab89afd43521e9cb29a3eb252b9a0598,sell,0x7f1e2c7d6a69bf34824d72c53b4550e895c0d8c2,0xd8056aad1b4578e08cd72b1d6c109e08b0f5d136d1de19a2d936b07c641e92c6
78,200,0.2,0xd9aa50de5ef7ed58683d002ef3e0cc5aad354d54,2017-09-19T13:59:39.000Z,0.001,0xad33f43cb3ddc2dbd5a5eb09b12423066041a219,buy,0x7f1e2c7d6a69bf34824d72c53b4550e895c0d8c2,0xf2f0c334c15972f948c3f3bbd70228c7fc1b9b06142ee2dae267e09e496e32e5
79,200,0.2,0x8d8b6a822bcb86fb97a70b8ad9eeca25342f145d,2017-09-19T09:47:26.000Z,0.001,0xdf78cf07ef59411f3e747c54ecd0fe5aa66f54fe,sell,0x7f1e2c7d6a69bf34824d72c53b4550e895c0d8c2,0xcca92dd6e3cf3cb5ce082407f63b421ad1c19f5c620a36a75a3a14e25d18fce2
80,0.93545648,0.000561273888,0x8d8b6a822bcb86fb97a70b8ad9eeca25342f145d,2017-09-19T02:56:29.000Z,0.0006,0xee004e564e2d0f6ead3613df41b7f69bb76a73e0,sell,0x7f1e2c7d6a69bf34824d72c53b4550e895c0d8c2,0x8d9bcfe573816821ec3be7dd270ed8c6f7da2043533730130886b8c078ea0197
81,639,1.143171,0xd9aa50de5ef7ed58683d002ef3e0cc5aad354d54,2017-09-19T01:57:27.000Z,0.001789,0x81a3939e697711ca6f1469ea47acf257cc2a1263,buy,0x7f1e2c7d6a69bf34824d72c53b4550e895c0d8c2,0xbb0aea0b7673598f555ce27deea547995cce2ef68abcc248d749e5dd54fa4bc0
82,553.222,0.6085442,0xd9aa50de5ef7ed58683d002ef3e0cc5aad354d54,2017-09-19T01:48:09.000Z,0.0011,0x1fdf047bf7a114b37e7936d01e9cad754ad18803,buy,0x7f1e2c7d6a69bf34824d72c53b4550e895c0d8c2,0x76dd3d2bdea789404cb887a777582735643043aa62a2fe7e032815e6f4c82de7
83,993,0.88377,0xd9aa50de5ef7ed58683d002ef3e0cc5aad354d54,2017-09-19T01:46:00.000Z,0.00089,0xee004e564e2d0f6ead3613df41b7f69bb76a73e0,buy,0x7f1e2c7d6a69bf34824d72c53b4550e895c0d8c2,0x9449982e7d599fa755f1bca838739baba12a9e230c7bf8e89819d3943558e0cc
84,302.64,0.27207336,0xd9aa50de5ef7ed58683d002ef3e0cc5aad354d54,2017-09-19T01:46:00.000Z,0.000899,0xc9087108b890f9aee9c5b878c6f062a2b0c730f3,buy,0x7f1e2c7d6a69bf34824d72c53b4550e895c0d8c2,0xdb7cbe82860cb0f2ca9c39e18a7388e75eb1da9e366c229e9e2de72e333f3449
85,285.21583092,0.14260791546,0xd9aa50de5ef7ed58683d002ef3e0cc5aad354d54,2017-09-18T07:11:52.000Z,0.0005,0x2a24dbbfab89afd43521e9cb29a3eb252b9a0598,sell,0x7f1e2c7d6a69bf34824d72c53b4550e895c0d8c2,0x17d29a09c4dfea6a2098eb2edd6ffc0fe213aed498b0eb5fcdfdc04745f973e1
86,300,0.1503,0x1fdf047bf7a114b37e7936d01e9cad754ad18803,2017-09-18T07:06:34.000Z,0.000501,0x2a24dbbfab89afd43521e9cb29a3eb252b9a0598,sell,0x7f1e2c7d6a69bf34824d72c53b4550e895c0d8c2,0xa0202abd8bff17a3d76a50b448f82fca421ef224f014a61afe428bb2028c20df
87,1000,0.6,0xd9aa50de5ef7ed58683d002ef3e0cc5aad354d54,2017-09-18T07:06:29.000Z,0.0006,0x2a24dbbfab89afd43521e9cb29a3eb252b9a0598,sell,0x7f1e2c7d6a69bf34824d72c53b4550e895c0d8c2,0xd1345303c036c1ae586569dc5304a9bc70fc3c2334e73021c2efd974f54ebafc
88,993.9383564,0.447282199763564,0xee004e564e2d0f6ead3613df41b7f69bb76a73e0,2017-09-16T21:24:40.000Z,0.00045001,0xe758d55a00cbb7be65eab2e3cd39e72d1262f3be,sell,0x7f1e2c7d6a69bf34824d72c53b4550e895c0d8c2,0xb4e09005d0c95bfe721497ac0810dc1afebc8ae34e08ef38e791fa772ba91878
89,199.99988626,0.09999994313,0xd9aa50de5ef7ed58683d002ef3e0cc5aad354d54,2017-09-16T21:09:41.000Z,0.0005,0xe758d55a00cbb7be65eab2e3cd39e72d1262f3be,sell,0x7f1e2c7d6a69bf34824d72c53b4550e895c0d8c2,0x7fb77220d6dbb7f7ec662fb6dcd2ba7b719bc205deb62a872b91d0c795b40486
90,500,0.25,0xd9aa50de5ef7ed58683d002ef3e0cc5aad354d54,2017-09-16T20:57:29.000Z,0.0005,0xe758d55a00cbb7be65eab2e3cd39e72d1262f3be,sell,0x7f1e2c7d6a69bf34824d72c53b4550e895c0d8c2,0x9b16f098f555ffd51ecca341edb8777b800d1f3d69a6d49d5109d7aae25566bc
91,99.68911374,0.04984455687,0xd9aa50de5ef7ed58683d002ef3e0cc5aad354d54,2017-09-16T20:04:14.000Z,0.0005,0x087c172696900e8bff0189f2979ed230d586ea45,sell,0x7f1e2c7d6a69bf34824d72c53b4550e895c0d8c2,0x4ec3e2a5e47d492c1ed1e39ab15794946a225a368dcb03f2879adf05640711a7
92,1,0.00239,0x778c879a6d29ce7579280e3a8caa4ffa8f973920,2017-09-16T19:05:28.000Z,0.00239,0x1fdf047bf7a114b37e7936d01e9cad754ad18803,buy,0x7f1e2c7d6a69bf34824d72c53b4550e895c0d8c2,0xcd0e0ffed5d1339efbed293ff829811a0302077a257fa1ca7f4d0eb38202a877
93,0.6,0.001425,0x778c879a6d29ce7579280e3a8caa4ffa8f973920,2017-09-16T19:04:26.000Z,0.002375,0xca0edd78e25ebca0e5e0194d74b2ee8c937b3dec,buy,0x7f1e2c7d6a69bf34824d72c53b4550e895c0d8c2,0xdf020a3b019b7242382aef011420dcb31c4d95520224df7e0aceed191d8c2945
94,0.5,0.0011,0x778c879a6d29ce7579280e3a8caa4ffa8f973920,2017-09-16T19:03:15.000Z,0.0022,0xc9087108b890f9aee9c5b878c6f062a2b0c730f3,buy,0x7f1e2c7d6a69bf34824d72c53b4550e895c0d8c2,0x34ef4a9440e41332fddaf50dd0f81913b714866d462b453b08ef301c2f273bf0
95,0.2,0.00044,0x778c879a6d29ce7579280e3a8caa4ffa8f973920,2017-09-16T19:02:58.000Z,0.0022,0xc9087108b890f9aee9c5b878c6f062a2b0c730f3,buy,0x7f1e2c7d6a69bf34824d72c53b4550e895c0d8c2,0x1ed3965ae7524bb9e5f49bf1f20889ff794330aa532f12346181704ec15661c3
96,0.34023726,0.0001565091396,0xc9087108b890f9aee9c5b878c6f062a2b0c730f3,2017-09-16T01:02:41.000Z,0.00046,0x75401845de6828260e35a9bd8a20af7275a7ecd3,sell,0x7f1e2c7d6a69bf34824d72c53b4550e895c0d8c2,0x0b5ac8add608055887284e5e82facdaab607a9ef7bd3c4a4b376b5d9ae2ba391
97,103,0.04738,0xc9087108b890f9aee9c5b878c6f062a2b0c730f3,2017-09-16T00:58:34.000Z,0.00046,0x75401845de6828260e35a9bd8a20af7275a7ecd3,sell,0x7f1e2c7d6a69bf34824d72c53b4550e895c0d8c2,0x228c5976589d20990f80e83b937c859109f72711f3ae405247a2027462695aa8
98,200,0.1,0xd9aa50de5ef7ed58683d002ef3e0cc5aad354d54,2017-09-16T00:47:43.000Z,0.0005,0x75401845de6828260e35a9bd8a20af7275a7ecd3,sell,0x7f1e2c7d6a69bf34824d72c53b4550e895c0d8c2,0xf5b03f2fa84ecbabf4f2e3bff1d66d5d37281aa9e05dbebc5c0974bd7eaea60b
99,200,0.101,0xc9087108b890f9aee9c5b878c6f062a2b0c730f3,2017-09-16T00:44:36.000Z,0.000505,0x75401845de6828260e35a9bd8a20af7275a7ecd3,sell,0x7f1e2c7d6a69bf34824d72c53b4550e895c0d8c2,0x4f7cbac0287f056647023a50a369a29503e4e7dc5dc954677626b1fd2a6123b3
100,59.236,0.074045,0x778c879a6d29ce7579280e3a8caa4ffa8f973920,2017-09-16T00:32:12.000Z,0.00125,0x75401845de6828260e35a9bd8a20af7275a7ecd3,sell,0x7f1e2c7d6a69bf34824d72c53b4550e895c0d8c2,0x56067046b7b19849573b0017abff27488679f4771aac0ea2d83c332f456a3186
101,59.236,0.074045,0x778c879a6d29ce7579280e3a8caa4ffa8f973920,2017-09-16T00:31:36.000Z,0.00125,0x75401845de6828260e35a9bd8a20af7275a7ecd3,sell,0x7f1e2c7d6a69bf34824d72c53b4550e895c0d8c2,0x56067046b7b19849573b0017abff27488679f4771aac0ea2d83c332f456a3186
102,300,0.3075,0x778c879a6d29ce7579280e3a8caa4ffa8f973920,2017-09-16T00:30:00.000Z,0.001025,0x75401845de6828260e35a9bd8a20af7275a7ecd3,sell,0x7f1e2c7d6a69bf34824d72c53b4550e895c0d8c2,0x29ac741211f502d9fabe58721b21f1318b5395e2d3e55a3d3ebb8796897b387e
103,512,0.512,0x778c879a6d29ce7579280e3a8caa4ffa8f973920,2017-09-16T00:30:00.000Z,0.001,0x75401845de6828260e35a9bd8a20af7275a7ecd3,sell,0x7f1e2c7d6a69bf34824d72c53b4550e895c0d8c2,0xf7f375f0803435774c47f29011dee461b188c9e9e899c395ff097b7a78da023a
104,100,0.1,0xd9aa50de5ef7ed58683d002ef3e0cc5aad354d54,2017-09-15T20:07:18.000Z,0.001,0x75401845de6828260e35a9bd8a20af7275a7ecd3,sell,0x7f1e2c7d6a69bf34824d72c53b4550e895c0d8c2,0xb3bd30e7854abd2f3d6e3b76077978d8d9c5a782f854cd88490eb6c282c66f90
105,1.37090471,0.00140517732775,0xca0edd78e25ebca0e5e0194d74b2ee8c937b3dec,2017-09-15T15:41:03.000Z,0.001025,0x3315c397a515fbfdf05a7b64aa749042d88cdf62,sell,0x7f1e2c7d6a69bf34824d72c53b4550e895c0d8c2,0x09b2ad283a707d96b1d7f0927d81f64e642b058c483b83ff0e4b37d61093a691
106,98.22846736,0.10068417904496062,0x778c879a6d29ce7579280e3a8caa4ffa8f973920,2017-09-15T15:26:03.000Z,0.0010250000000097794,0xdf78cf07ef59411f3e747c54ecd0fe5aa66f54fe,buy,0x7f1e2c7d6a69bf34824d72c53b4550e895c0d8c2,0xbfdaa556d28a640399f39b5d840b282d7cb65188a030725bff43075dbfd7b4f5
107,250,0.25625,0xca0edd78e25ebca0e5e0194d74b2ee8c937b3dec,2017-09-15T11:33:45.000Z,0.001025,0x670563c34b7889e9a6aa2f4fdb7d95a2f0ddeef6,sell,0x7f1e2c7d6a69bf34824d72c53b4550e895c0d8c2,0xbf6cf985d359f76272f60d0db47e6adc7371d6bc2a684e57b149c87f794836c4
108,204.28471737,0.20939183530425,0xca0edd78e25ebca0e5e0194d74b2ee8c937b3dec,2017-09-15T09:58:08.000Z,0.001025,0xf75e1b6f5cfa94d6645bd9bd9649e977fa333968,sell,0x7f1e2c7d6a69bf34824d72c53b4550e895c0d8c2,0x55d8b4c1c91e83b4822c9411204fc390705f21e35ac152eb6dfca2890ca98599
109,313.84208952,0.321688141758,0xca0edd78e25ebca0e5e0194d74b2ee8c937b3dec,2017-09-15T05:00:19.000Z,0.001025,0xe758d55a00cbb7be65eab2e3cd39e72d1262f3be,sell,0x7f1e2c7d6a69bf34824d72c53b4550e895c0d8c2,0x63118310e81ef904efc930482abdef2be05b322802a550c0c0daffd0f9ad5ddf
110,251.68543415,0.25797757000375,0xca0edd78e25ebca0e5e0194d74b2ee8c937b3dec,2017-09-15T04:55:13.000Z,0.001025,0x974180e3ad9cb4b8817c7396cf555388ae44c948,sell,0x7f1e2c7d6a69bf34824d72c53b4550e895c0d8c2,0x16f0839d6fbf6770233be08ee017c0d31c15957acc8455883d39f84cf2b5b6cd
111,91.88383182,0.0941809276155,0xca0edd78e25ebca0e5e0194d74b2ee8c937b3dec,2017-09-15T04:51:07.000Z,0.001025,0x7a77b3ff81abdce01392bb6888bc4ae7b9d24aad,sell,0x7f1e2c7d6a69bf34824d72c53b4550e895c0d8c2,0xfcd63472d8770dba82339efe33e912e1eb23d6540cc96ef5f52f3985fdda746e
112,1,0.001025,0xd6f29f2fb0a1dc783aeab42ce7ce9276f8e14a54,2017-09-15T01:55:04.000Z,0.001025,0xdf78cf07ef59411f3e747c54ecd0fe5aa66f54fe,buy,0x7f1e2c7d6a69bf34824d72c53b4550e895c0d8c2,0x90e042f68ec9f3a93f73118c28c991932a8f0184b229557ac7cdbd0e90939a84
113,886.93302243,0.90910634799075,0xca0edd78e25ebca0e5e0194d74b2ee8c937b3dec,2017-09-15T01:29:42.000Z,0.001025,0x81c701fb2103dcbde6ffd7755397da9561ebfa8e,sell,0x7f1e2c7d6a69bf34824d72c53b4550e895c0d8c2,0x7d6b9abef1dd640445f5b110a2006a36d11c61f27cd9424fdd5e786731a56498
114,264.18103877,0.26418103877,0xd9aa50de5ef7ed58683d002ef3e0cc5aad354d54,2017-09-14T13:44:07.000Z,0.001,0xbb3d24900039279dda91d1713a2f30277ade8f97,sell,0x7f1e2c7d6a69bf34824d72c53b4550e895c0d8c2,0x0f89532fdcf991affc8e4f1f310537ad8d979e63d409f9e673b04d3b8c1f3650
115,1190.76363273,1.19076363273,0xd9aa50de5ef7ed58683d002ef3e0cc5aad354d54,2017-09-14T11:35:02.000Z,0.001,0x4ef1be87d95abfc25b1d4d5b8c20af7225ce3b48,sell,0x7f1e2c7d6a69bf34824d72c53b4550e895c0d8c2,0x038b14f8861cf2573a0e0e3b45646d134a3877c6ddea3e7c559c0b88a7cc2c5d
116,544.75924633,0.54475924633,0xd9aa50de5ef7ed58683d002ef3e0cc5aad354d54,2017-09-14T08:53:50.000Z,0.001,0x136d44a5049cddbec4d0b6923c4fe81f9c144e4d,sell,0x7f1e2c7d6a69bf34824d72c53b4550e895c0d8c2,0x0b43121336347939da2260b7632556a1c59882f4d5cf94083c7611000b39b851
117,1000,1.1,0xd9aa50de5ef7ed58683d002ef3e0cc5aad354d54,2017-09-14T08:41:07.000Z,0.0011,0x7a77b3ff81abdce01392bb6888bc4ae7b9d24aad,sell,0x7f1e2c7d6a69bf34824d72c53b4550e895c0d8c2,0x21cf2ed6fc9eea86a87dd9aaa202df5bdb2e84cfb425944d295de544d1e6366c
118,300,0.36,0xd9aa50de5ef7ed58683d002ef3e0cc5aad354d54,2017-09-14T07:07:00.000Z,0.0012,0x54804cbd6db2362656f743e4c4306dd4f98e6580,sell,0x7f1e2c7d6a69bf34824d72c53b4550e895c0d8c2,0xd63a65aba1f4f61ceb0dfef93c7385898439d6cfbabbd1a348214a41630f19f2
119,0.00001592,0.000000042521288737,0xc3a0dba2ac58de472a068174610bf320499f291f,2017-09-14T05:44:54.000Z,0.0026709352221733667,0xc85d3baba724711ce7b43e746acf9c6bf38e6ec5,buy,0x7f1e2c7d6a69bf34824d72c53b4550e895c0d8c2,0x6ab73f55cff2b4ad2a709e2b0d3283dbf31403979a0800461ae4c57a44f1263b
120,200,0.5,0xd9aa50de5ef7ed58683d002ef3e0cc5aad354d54,2017-09-14T05:19:31.000Z,0.0025,0xbb3d24900039279dda91d1713a2f30277ade8f97,buy,0x7f1e2c7d6a69bf34824d72c53b4550e895c0d8c2,0x568c3962522bd65788fe5b1d1fe7f74a392aae5c51fa936575c8fac9fe586588
121,200,0.4,0x8d8b6a822bcb86fb97a70b8ad9eeca25342f145d,2017-09-14T04:04:33.000Z,0.002,0xbb3d24900039279dda91d1713a2f30277ade8f97,buy,0x7f1e2c7d6a69bf34824d72c53b4550e895c0d8c2,0x37d81bde261f33ec9634c168e42b2159758b43a13ffa2a3ec299790528bc4303
122,2681.818,5.363636,0xd9aa50de5ef7ed58683d002ef3e0cc5aad354d54,2017-09-14T03:20:30.000Z,0.002,0x01c68de2a7a84bf0a58797c53aa91f08cf2a6cbf,buy,0x7f1e2c7d6a69bf34824d72c53b4550e895c0d8c2,0xaa685e155f7f571e9dda01aad09498cad8093cbf6cc3aeaefb881fd593e2ae8b
123,500,1,0xd9aa50de5ef7ed58683d002ef3e0cc5aad354d54,2017-09-14T02:53:27.000Z,0.002,0x01c68de2a7a84bf0a58797c53aa91f08cf2a6cbf,buy,0x7f1e2c7d6a69bf34824d72c53b4550e895c0d8c2,0x814f91ce330b5c3d26c2b396029e35e29bce3a03da27462da20d111da0642323
124,120,0.12,0x8d8b6a822bcb86fb97a70b8ad9eeca25342f145d,2017-09-14T01:28:34.000Z,0.001,0x4ef1be87d95abfc25b1d4d5b8c20af7225ce3b48,sell,0x7f1e2c7d6a69bf34824d72c53b4550e895c0d8c2,0xfc23c903815a308624011173d9b980b8340a04f1974092dfd5397722a15b44a9
125,680,0.68,0x8d8b6a822bcb86fb97a70b8ad9eeca25342f145d,2017-09-13T22:30:37.000Z,0.001,0xb11aad3222782c216a1b5aa1b12951581f485562,sell,0x7f1e2c7d6a69bf34824d72c53b4550e895c0d8c2,0x22433eb1cde66945cb4eb9bc76810b2609e85ab5cb170e567848ef407e3152b0
126,200,0.8,0x8d8b6a822bcb86fb97a70b8ad9eeca25342f145d,2017-09-13T08:54:29.000Z,0.004,0x8d8b6a822bcb86fb97a70b8ad9eeca25342f145d,buy,0x7f1e2c7d6a69bf34824d72c53b4550e895c0d8c2,0x52bc72b78f833e0a273c151bf60ca8e9a6130ebf8602b5999ccd9a78014866ba
127,149.7,0.62874,0x8d8b6a822bcb86fb97a70b8ad9eeca25342f145d,2017-09-12T00:17:46.000Z,0.0042,0x7614265a0b4c62bd84db6ad9a4451d33c4bda8dc,buy,0x7f1e2c7d6a69bf34824d72c53b4550e895c0d8c2,0x87019892b225983bb2369c909409ce35c74c564259aaa484f60bea837d28bf00
128,16.2,0.05022,0x48ae7ea7038973e4dd8316cb37ffd01a8b3b9828,2017-09-12T00:17:10.000Z,0.0031,0x8d8b6a822bcb86fb97a70b8ad9eeca25342f145d,sell,0x7f1e2c7d6a69bf34824d72c53b4550e895c0d8c2,0xcc08356834631b6450a80c9135fd450f36521f2be11acca7232941f28088aff1
129,1,0.0044,0x0024a5046fd95c5eee6db19a69ef7ed3bacd50f1,2017-09-11T10:49:42.000Z,0.0044,0x8d8b6a822bcb86fb97a70b8ad9eeca25342f145d,buy,0x7f1e2c7d6a69bf34824d72c53b4550e895c0d8c2,0x849208f9f5a4d353c726f1b3ef1a325d9b151301c32f966d8fb06353ac239c66
130,100,0.35,0x8d8b6a822bcb86fb97a70b8ad9eeca25342f145d,2017-09-11T08:49:02.000Z,0.0035,0x7614265a0b4c62bd84db6ad9a4451d33c4bda8dc,sell,0x7f1e2c7d6a69bf34824d72c53b4550e895c0d8c2,0x12adcc33bde287bd12b15f10788892b954f74bb1d2ca937e05c29452dabf1fcb
131,100,0.44,0x8d8b6a822bcb86fb97a70b8ad9eeca25342f145d,2017-09-11T08:00:49.000Z,0.0044,0x8d8b6a822bcb86fb97a70b8ad9eeca25342f145d,buy,0x7f1e2c7d6a69bf34824d72c53b4550e895c0d8c2,0xc32cb5d7727e139641fb4da99d839f610ce60a2c7d651da825d63fdc68e80770
132,0.227,0.0009988,0xf81ab81ca1a6a19cc7b69b2c7876ff6543060598,2017-09-11T07:14:49.000Z,0.0044,0x8d8b6a822bcb86fb97a70b8ad9eeca25342f145d,buy,0x7f1e2c7d6a69bf34824d72c53b4550e895c0d8c2,0x19f9472793e0c9e4f1e1759b8d1a586a3e3b17031de2e911eadec69f3ada741c
133,38.636,0.1699984,0xeddf1956593ec725a0964401d291f4250463abaf,2017-09-10T21:44:51.000Z,0.0044,0x8d8b6a822bcb86fb97a70b8ad9eeca25342f145d,buy,0x7f1e2c7d6a69bf34824d72c53b4550e895c0d8c2,0x844e9971ef08781433884f42ed08241daa2b3fa3d0f97b277e6a145604484377
134,49,0.2156,0x8d8b6a822bcb86fb97a70b8ad9eeca25342f145d,2017-09-10T07:34:06.000Z,0.0044,0x8d8b6a822bcb86fb97a70b8ad9eeca25342f145d,buy,0x7f1e2c7d6a69bf34824d72c53b4550e895c0d8c2,0xdfb5ea41e6453b5a4f3ff2c298146df9455af8667ce137742a1477cef423a2a4
135,2.098,0.006294,0x8d8b6a822bcb86fb97a70b8ad9eeca25342f145d,2017-09-10T06:04:56.000Z,0.003,0x6d3d0dfa885186833d6cf04f7890aab7d3b43cd1,sell,0x7f1e2c7d6a69bf34824d72c53b4550e895c0d8c2,0x1d70c8c2b1772c1b9161bd64dd0d6ab5751c812b785ba8987754077f4846c3d5
136,0.11363636,0.0005,0x64b604630e055318093215b7ed41697ca4fb5de6,2017-09-10T05:09:45.000Z,0.004400000140800005,0x8d8b6a822bcb86fb97a70b8ad9eeca25342f145d,buy,0x7f1e2c7d6a69bf34824d72c53b4550e895c0d8c2,0x29dc619ae5dfb80d3ea417b541cb5d1bb4543d0e435110f81274e588db9a7429
137,30,0.132,0x8d8b6a822bcb86fb97a70b8ad9eeca25342f145d,2017-09-09T21:27:45.000Z,0.0044,0x8d8b6a822bcb86fb97a70b8ad9eeca25342f145d,buy,0x7f1e2c7d6a69bf34824d72c53b4550e895c0d8c2,0xe0e150d7d66cf2051489bb2a377dcdb36bd31751fa327cbc4f854ab00cf586e1
138,250,1,0x8d8b6a822bcb86fb97a70b8ad9eeca25342f145d,2017-09-09T20:29:07.000Z,0.004,0x7614265a0b4c62bd84db6ad9a4451d33c4bda8dc,buy,0x7f1e2c7d6a69bf34824d72c53b4550e895c0d8c2,0x7084f2991791ccb776a56fe3d1fd29a1ce2cd0e80601f6f41687538149da0842
139,0.01,0.000048,0xcc8f72d19e9af2a071421c076e4ae1ecf893d0fe,2017-09-09T16:23:01.000Z,0.0048,0x8d8b6a822bcb86fb97a70b8ad9eeca25342f145d,buy,0x7f1e2c7d6a69bf34824d72c53b4550e895c0d8c2,0x940f6f9978e39cf416b52dc61615affbc5aaf76744cfbf2b503807374ed55b23
140,362.48629249,0.72497258498,0x8d8b6a822bcb86fb97a70b8ad9eeca25342f145d,2017-09-09T10:06:53.000Z,0.002,0xa3c73eef7a0f77a4248d6057f5f30043b20f4730,sell,0x7f1e2c7d6a69bf34824d72c53b4550e895c0d8c2,0xfc5ea7c27c28cb401018c9daceb391b4e0600f47bcb2618d56188dc10cb88014
141,1000,3,0x8d8b6a822bcb86fb97a70b8ad9eeca25342f145d,2017-09-09T09:11:01.000Z,0.003,0xa3c73eef7a0f77a4248d6057f5f30043b20f4730,sell,0x7f1e2c7d6a69bf34824d72c53b4550e895c0d8c2,0x15017365ec5155edceb2f3448417fc07c80f91a39d2e677ab5dc037b99bd5181
142,60,0.288,0x8d8b6a822bcb86fb97a70b8ad9eeca25342f145d,2017-09-09T05:04:40.000Z,0.0048,0x8d8b6a822bcb86fb97a70b8ad9eeca25342f145d,buy,0x7f1e2c7d6a69bf34824d72c53b4550e895c0d8c2,0xed5b4bc1200a610902ac8887e06fbb9268d6ef87294722b56d0dc06078870e02
143,90,0.315,0x1fdf047bf7a114b37e7936d01e9cad754ad18803,2017-09-09T04:42:03.000Z,0.0035,0x8d8b6a822bcb86fb97a70b8ad9eeca25342f145d,sell,0x7f1e2c7d6a69bf34824d72c53b4550e895c0d8c2,0x4cc9e019803647eb2007fae145d53adb470aa0a3c7dcceb2c666165307fca29e
144,500,2,0x8d8b6a822bcb86fb97a70b8ad9eeca25342f145d,2017-09-09T04:29:30.000Z,0.004,0x8d8b6a822bcb86fb97a70b8ad9eeca25342f145d,sell,0x7f1e2c7d6a69bf34824d72c53b4550e895c0d8c2,0xefb6926c08ff74e8277d53f68760fd5d4f7b4eba4279100368c0524c41af983a
145,550,2.629,0x8d8b6a822bcb86fb97a70b8ad9eeca25342f145d,2017-09-09T04:22:48.000Z,0.00478,0x3e1258e17c922e6df153475034fe7667ae623cd5,buy,0x7f1e2c7d6a69bf34824d72c53b4550e895c0d8c2,0x9c0e2b87903d8fe2d0dc2109d65cd57ec3117c3b2135778abcb99697bfce550f
146,50,0.239,0x8d8b6a822bcb86fb97a70b8ad9eeca25342f145d,2017-09-09T02:01:45.000Z,0.00478,0x3e1258e17c922e6df153475034fe7667ae623cd5,buy,0x7f1e2c7d6a69bf34824d72c53b4550e895c0d8c2,0xfa0bfee2394039c90e032899561619a3ae8a44a434d9a9ae5f77e67f55a69812
147,2.105,0.00999875,0x6d3d0dfa885186833d6cf04f7890aab7d3b43cd1,2017-09-08T23:17:15.000Z,0.00475,0x3e1258e17c922e6df153475034fe7667ae623cd5,buy,0x7f1e2c7d6a69bf34824d72c53b4550e895c0d8c2,0x5e846d31409b760d174533029a5f083928a85143706f99bf630b00a9edb6eeaa
148,500,2.4,0x8d8b6a822bcb86fb97a70b8ad9eeca25342f145d,2017-09-08T19:45:37.000Z,0.0048,0x8d8b6a822bcb86fb97a70b8ad9eeca25342f145d,buy,0x7f1e2c7d6a69bf34824d72c53b4550e895c0d8c2,0xc4275c44924b5425c1e0b0def343d1c9fffd57ca4ef9b7c6011282e584d8d647
149,100,0.48,0x8d8b6a822bcb86fb97a70b8ad9eeca25342f145d,2017-09-08T18:31:20.000Z,0.0048,0x8d8b6a822bcb86fb97a70b8ad9eeca25342f145d,buy,0x7f1e2c7d6a69bf34824d72c53b4550e895c0d8c2,0x01130795d38c2513eed666757f1b6ff1a049fddc974717959fb07dd0d28e96b6
150,300,1.485,0x8d8b6a822bcb86fb97a70b8ad9eeca25342f145d,2017-09-08T17:11:07.000Z,0.00495,0xca0edd78e25ebca0e5e0194d74b2ee8c937b3dec,buy,0x7f1e2c7d6a69bf34824d72c53b4550e895c0d8c2,0xf4409c7bcd149c639894d8a99758be9231637c1e738e49e007001674da8af7bf
151,200,1,0x8d8b6a822bcb86fb97a70b8ad9eeca25342f145d,2017-09-08T15:53:01.000Z,0.005,0x3e1258e17c922e6df153475034fe7667ae623cd5,buy,0x7f1e2c7d6a69bf34824d72c53b4550e895c0d8c2,0xa17d60d360b50efb97017cae16a7e7a6cd0bc307619baef9c80214b3a9f815f6
152,200,1,0x8d8b6a822bcb86fb97a70b8ad9eeca25342f145d,2017-09-08T11:03:48.000Z,0.005,0x8d8b6a822bcb86fb97a70b8ad9eeca25342f145d,buy,0x7f1e2c7d6a69bf34824d72c53b4550e895c0d8c2,0xe176427c871de9ca68bbeac206adffd5d2f15fbea27550147c8cd8c8faf65bc5
153,100,0.5,0x8d8b6a822bcb86fb97a70b8ad9eeca25342f145d,2017-09-08T09:53:40.000Z,0.005,0x8d8b6a822bcb86fb97a70b8ad9eeca25342f145d,buy,0x7f1e2c7d6a69bf34824d72c53b4550e895c0d8c2,0xb55755db5252ee01e2a81413c258334251f418df2b193f351be7eab8371356c2
154,155,0.93,0x8d8b6a822bcb86fb97a70b8ad9eeca25342f145d,2017-09-08T01:38:02.000Z,0.006,0x8d8b6a822bcb86fb97a70b8ad9eeca25342f145d,buy,0x7f1e2c7d6a69bf34824d72c53b4550e895c0d8c2,0xe45a38ae3f86ae5dc0e63fe5b6001e5c75b81fef4b7e1d4e41b39463a7c6c19f
155,100,0.5,0x8d8b6a822bcb86fb97a70b8ad9eeca25342f145d,2017-09-08T01:32:03.000Z,0.005,0xa3c73eef7a0f77a4248d6057f5f30043b20f4730,sell,0x7f1e2c7d6a69bf34824d72c53b4550e895c0d8c2,0x9f608f0ee287eca4cedb1a71cbf10aa1e0562a0164a4cb1170f4e54031063132
156,30,0.135,0x8d8b6a822bcb86fb97a70b8ad9eeca25342f145d,2017-09-08T01:29:55.000Z,0.0045,0xa3c73eef7a0f77a4248d6057f5f30043b20f4730,sell,0x7f1e2c7d6a69bf34824d72c53b4550e895c0d8c2,0x5ac172ec3f2ffc384600dc114e920b8ed0f345758f9dc442405713b20b2d206d
157,1000,4,0x8d8b6a822bcb86fb97a70b8ad9eeca25342f145d,2017-09-08T01:28:55.000Z,0.004,0xa3c73eef7a0f77a4248d6057f5f30043b20f4730,sell,0x7f1e2c7d6a69bf34824d72c53b4550e895c0d8c2,0x311afd0d352d073a24dc588bfd8432f0b1da5650488d0c685ee5f07958572019
158,120,0.72,0x8d8b6a822bcb86fb97a70b8ad9eeca25342f145d,2017-09-08T00:49:55.000Z,0.006,0x8d8b6a822bcb86fb97a70b8ad9eeca25342f145d,buy,0x7f1e2c7d6a69bf34824d72c53b4550e895c0d8c2,0x34c044285ef5fb09ac2179c1949690c9616827d76fb9363c3adafe6a3cb77516
159,25,0.15,0x8d8b6a822bcb86fb97a70b8ad9eeca25342f145d,2017-09-08T00:41:30.000Z,0.006,0x8d8b6a822bcb86fb97a70b8ad9eeca25342f145d,buy,0x7f1e2c7d6a69bf34824d72c53b4550e895c0d8c2,0x99c79e16109d3a0b5b58fb8195e73a2050b483847907da275efbe60f582f2040
160,10,0.06,0x8d8b6a822bcb86fb97a70b8ad9eeca25342f145d,2017-09-08T00:30:25.000Z,0.006,0x3e1258e17c922e6df153475034fe7667ae623cd5,sell,0x7f1e2c7d6a69bf34824d72c53b4550e895c0d8c2,0xa5c436e71425dabb6c1eb877124cbbc47eea6a371718288aae406c75f7a72fc4
161,10.05,0.0503505,0x48ae7ea7038973e4dd8316cb37ffd01a8b3b9828,2017-09-08T00:25:14.000Z,0.00501,0x3e1258e17c922e6df153475034fe7667ae623cd5,sell,0x7f1e2c7d6a69bf34824d72c53b4550e895c0d8c2,0xc673829c40f3024dfbf2e47b52d52498ba7e241f9a6d2b9ccdd5e2c08b3d7dbf
162,20,0.11,0x8d8b6a822bcb86fb97a70b8ad9eeca25342f145d,2017-09-08T00:23:08.000Z,0.0055,0x3e1258e17c922e6df153475034fe7667ae623cd5,sell,0x7f1e2c7d6a69bf34824d72c53b4550e895c0d8c2,0x39aeea31554e73feb035347e6e59f44ef61d103a25639bb9cadeac89c5dab9e5
163,10,0.07,0x8d8b6a822bcb86fb97a70b8ad9eeca25342f145d,2017-09-08T00:21:44.000Z,0.007,0x3e1258e17c922e6df153475034fe7667ae623cd5,sell,0x7f1e2c7d6a69bf34824d72c53b4550e895c0d8c2,0x34b4011261e05f5932db5cf721eb2a989c6696d6a3c61857ab19313641b42183
164,4.545,0.049995,0x48ae7ea7038973e4dd8316cb37ffd01a8b3b9828,2017-09-07T23:32:12.000Z,0.011,0x3e1258e17c922e6df153475034fe7667ae623cd5,buy,0x7f1e2c7d6a69bf34824d72c53b4550e895c0d8c2,0xaaf05363996cd77aa8973bdaa3dbfb29323c97e847708c962d3c3c01c4a74421
165,4.15,0.0498,0x48ae7ea7038973e4dd8316cb37ffd01a8b3b9828,2017-09-07T23:32:12.000Z,0.012,0x3e1258e17c922e6df153475034fe7667ae623cd5,sell,0x7f1e2c7d6a69bf34824d72c53b4550e895c0d8c2,0xdf82d3b938d2eaf6dc82f380d688a0b0c58021b722124c0385dbc72a62c6bd46
