,amount,amountBase,buyer,date,price,seller,side,tokenAddr,txHash
0,5,0.10675,0xa5d9c73009da1399c0a29b16d981c98b0f05e889,2017-11-02T14:29:43.000Z,0.02135,0x14f100cdd464d61a6feeb66d6c1d18fdfd91214b,buy,0xb63b606ac810a52cca15e44bb630fd42d8d1d83d,0xcad788712f765ef9248e1e4e5e48e65ae4bc2ac032e79a17d219cf0b245d36f9
1,35.976,0.752366088,0xe103ce33b3e32194d075cb23e56c94c14f12704c,2017-11-02T14:24:58.000Z,0.020913,0x200c227e4227c4d24bbea017e4939e7c0053bccc,buy,0xb63b606ac810a52cca15e44bb630fd42d8d1d83d,0x95b6e87e76a2769154ad65c771be9e6730a5fb15fdd3e71892232956b9a45039
2,9,0.188217,0xe103ce33b3e32194d075cb23e56c94c14f12704c,2017-11-02T14:24:18.000Z,0.020913,0x200c227e4227c4d24bbea017e4939e7c0053bccc,buy,0xb63b606ac810a52cca15e44bb630fd42d8d1d83d,0xb02cfb3ade9ad0ce885cd65fbf3c9cbcd4a1fb1e3abe89bf57433d499394fbbe
3,5,0.104565,0x692306857d17a8f31bb5feb17cfe765773487e66,2017-11-02T13:41:21.000Z,0.020913,0x200c227e4227c4d24bbea017e4939e7c0053bccc,buy,0xb63b606ac810a52cca15e44bb630fd42d8d1d83d,0x569addb8ac4a9caf40a69d438c7187a9f299b08282c504f2b4f89218fd4723f8
4,0.02390857,0.0005,0x4fda9e6bcd83af6c5cc771b5d20accc2b7720074,2017-11-02T12:49:34.000Z,0.020913003161627818,0x200c227e4227c4d24bbea017e4939e7c0053bccc,buy,0xb63b606ac810a52cca15e44bb630fd42d8d1d83d,0xde7057e134f1da6d88274e5453a9638f63f81d58b624f826e551b3b88e5647bf
5,0.02347417,0.0005,0x3075f7f189912f4f425dd7021b9c396434197477,2017-11-02T12:28:30.000Z,0.02130000762540273,0x14f100cdd464d61a6feeb66d6c1d18fdfd91214b,buy,0xb63b606ac810a52cca15e44bb630fd42d8d1d83d,0xd4bcae7057ca98f7cbbfca50ebbd7cbc33521ed58eed45e098f4f1bbafb43152
6,9.99,0.1998,0xa5d9c73009da1399c0a29b16d981c98b0f05e889,2017-11-02T12:25:55.000Z,0.02,0x14f100cdd464d61a6feeb66d6c1d18fdfd91214b,buy,0xb63b606ac810a52cca15e44bb630fd42d8d1d83d,0xb4a3efbb7bef7a5e7f3f88eb191803f1afa09b1ee45428038941c94261ad52d9
7,0.098,0.002058,0x00ef4ba003042f37647d14575e5a86f264c69f47,2017-11-02T11:17:11.000Z,0.021,0xa5d9c73009da1399c0a29b16d981c98b0f05e889,sell,0xb63b606ac810a52cca15e44bb630fd42d8d1d83d,0x062bb2bb6f455fdee1d3bca4a683f71b0483dde9533f301c873464e4c71514e1
8,24.92829325,0.5359583050574083,0x994c5857751ecafecbff55b97fadda1c5b37136d,2017-11-02T10:36:51.000Z,0.02150000000731732,0x0a7914e4aa693e40dd5e55c78f72568be0c52884,buy,0xb63b606ac810a52cca15e44bb630fd42d8d1d83d,0xfc644c3f4fcf32c3d62581460c2f7b13697aeff36c691fe1c3aaf26d9bd455e7
9,0.01,0.0002,0x94b0bf6dd676f7b4884557735945b927535fd822,2017-11-02T10:34:14.000Z,0.02,0x14f100cdd464d61a6feeb66d6c1d18fdfd91214b,buy,0xb63b606ac810a52cca15e44bb630fd42d8d1d83d,0xdc0d8c2f0de167decf920e57768f9fc938d5fbe27cf45c51ee1af363f5eb3117
10,50,0.85905,0x0a7914e4aa693e40dd5e55c78f72568be0c52884,2017-11-02T10:28:21.000Z,0.017181,0x8dcee46691008231078757ac146db15273e414ad,sell,0xb63b606ac810a52cca15e44bb630fd42d8d1d83d,0xd1460659e1ee002c05c2114826fa288771824988b27d516cefef21abd274d5e2
11,100,1.718,0xac2225cef436ac7f4fad11b0a4cacbfa5e0726f5,2017-11-02T10:23:32.000Z,0.01718,0x8dcee46691008231078757ac146db15273e414ad,sell,0xb63b606ac810a52cca15e44bb630fd42d8d1d83d,0x216d8894f51ea09b5d33d8e89ffcd66fba53289e108436b488829f13731f03e3
12,49.75,0.854799525,0x0a7914e4aa693e40dd5e55c78f72568be0c52884,2017-11-02T10:17:53.000Z,0.0171819,0x935173f080cbd985b843079d4fccc360c04cc839,sell,0xb63b606ac810a52cca15e44bb630fd42d8d1d83d,0xd97d98bb0e7b244a85f10a458f6ad968231b783ee140ecf8bebd871574fbb4c5
13,80.31999999,1.6063919679999996,0x422d7c1f2f04e7582163d1381a436516f4de3c2a,2017-11-02T10:13:05.000Z,0.019999900002490023,0x8dcee46691008231078757ac146db15273e414ad,buy,0xb63b606ac810a52cca15e44bb630fd42d8d1d83d,0xb095df37b7a028a38469dd40b87bb62acc205f69451bf0f9cff07c9ed23e751e
14,80,1.76,0xa2be2b882f63db2ec91a5df48707eef90c4ec571,2017-11-02T10:13:05.000Z,0.022,0x422d7c1f2f04e7582163d1381a436516f4de3c2a,sell,0xb63b606ac810a52cca15e44bb630fd42d8d1d83d,0xb095df37b7a028a38469dd40b87bb62acc205f69451bf0f9cff07c9ed23e751e
15,0.1,0.0021111111,0x570f2a60cc5d452e539c76e1eb623f5f27f5ff96,2017-11-02T10:11:41.000Z,0.021111111,0xa5d9c73009da1399c0a29b16d981c98b0f05e889,sell,0xb63b606ac810a52cca15e44bb630fd42d8d1d83d,0xe5a82ed88080d22bf2456eecfc12e4c83a5e50070170c82af0928729bef6c039
16,10,0.199999,0xa5d9c73009da1399c0a29b16d981c98b0f05e889,2017-11-02T10:10:08.000Z,0.0199999,0x8dcee46691008231078757ac146db15273e414ad,buy,0xb63b606ac810a52cca15e44bb630fd42d8d1d83d,0x139f72cc955e573fb695fcc496777c7bbb55c857469a7e7ef66909c500660ae1
17,41.6650042,0.75413657602,0x75ce1a99c16789d8f1156f762fbf36b837580d1f,2017-11-02T08:13:23.000Z,0.0181,0x935173f080cbd985b843079d4fccc360c04cc839,sell,0xb63b606ac810a52cca15e44bb630fd42d8d1d83d,0xe40b6d0033713560122d3ae1f9dd17277db5b33add9b44fd0a0b46ddf8ef697a
18,0.00080997,0.000014660457,0x75ce1a99c16789d8f1156f762fbf36b837580d1f,2017-11-02T07:58:19.000Z,0.0181,0x009a12d4290630bc01fd82516ac57c1dc6a9bcfb,sell,0xb63b606ac810a52cca15e44bb630fd42d8d1d83d,0x74d347d67c9c8e2ca912c71be6dc2151aa9d884ef78e4010a35f8a5142e3c4c9
19,8.12481394,0.147059132314,0x75ce1a99c16789d8f1156f762fbf36b837580d1f,2017-11-02T07:57:29.000Z,0.0181,0x009a12d4290630bc01fd82516ac57c1dc6a9bcfb,sell,0xb63b606ac810a52cca15e44bb630fd42d8d1d83d,0x782fd672c4bcbfc32ce6e9fbc71e6de0fe9c8ec10dcd0c63dc1223be0a8e62ec
20,80,1.448008,0x3dee4a4e076e8d82859d241db0baf46f112cfa23,2017-11-02T07:55:38.000Z,0.0181001,0x009a12d4290630bc01fd82516ac57c1dc6a9bcfb,sell,0xb63b606ac810a52cca15e44bb630fd42d8d1d83d,0xa8b8b8c6df5d5a892f8947d044f7650f0f5a13ac60e2356b2a74ba299dc06bd4
21,0.00881074,0.0001656859657,0x009a12d4290630bc01fd82516ac57c1dc6a9bcfb,2017-11-02T07:44:49.000Z,0.018805,0x402a308b2494cff493a142fae98889ba6466bfa4,sell,0xb63b606ac810a52cca15e44bb630fd42d8d1d83d,0xd894bc0082d62bd9b9b30db7b4dd7bf90382de8afb81e4ad67a8acfdcd4832ca
22,88.38043332,1.6619940485826,0x009a12d4290630bc01fd82516ac57c1dc6a9bcfb,2017-11-02T07:44:26.000Z,0.018805,0x402a308b2494cff493a142fae98889ba6466bfa4,sell,0xb63b606ac810a52cca15e44bb630fd42d8d1d83d,0x565eea32f787b1749a5c11a98791064cc157326a4c3460a3b1a930800013d206
23,39,0.741,0x37c4048c39d6e6718e478b83a75e92d05575ca2c,2017-11-02T07:43:09.000Z,0.019,0x402a308b2494cff493a142fae98889ba6466bfa4,sell,0xb63b606ac810a52cca15e44bb630fd42d8d1d83d,0x5ec809acf29c1a7b729e82c1e6957f2c6f825b3db756cf48be9a471b5f116755
24,100,1.95,0x8dcee46691008231078757ac146db15273e414ad,2017-11-02T07:40:48.000Z,0.0195,0x402a308b2494cff493a142fae98889ba6466bfa4,sell,0xb63b606ac810a52cca15e44bb630fd42d8d1d83d,0x7d91a31b81da7569e9ba7baf24e0db8ce173a7fdf92215524275f10ccd13b077
25,36.37154899,0.712882360204,0xfbf7dc0756a9768d0c71aea5f8421f3b1eaee7d1,2017-11-02T07:40:11.000Z,0.0196,0x402a308b2494cff493a142fae98889ba6466bfa4,sell,0xb63b606ac810a52cca15e44bb630fd42d8d1d83d,0x217c1d0c9c5248962c466346e5752b9791bec90e63f2bad7a843c85805127b72
26,63.62845101,1.247117639796,0xfbf7dc0756a9768d0c71aea5f8421f3b1eaee7d1,2017-11-02T07:29:14.000Z,0.0196,0x935173f080cbd985b843079d4fccc360c04cc839,sell,0xb63b606ac810a52cca15e44bb630fd42d8d1d83d,0xee4c5a40ca970e86970881ecaed3065eb1e4dd87991100bf7ea666957ea07c98
27,30,1.05,0x4a0424a7714ff91b10c5f22e3c316e030a65ee42,2017-11-02T06:48:43.000Z,0.035,0x5c4fa72c0199ca949e1abb046710ea46902f2ee3,buy,0xb63b606ac810a52cca15e44bb630fd42d8d1d83d,0x7c614daf6987da089264ce34013a2ebe8da36082ea9943d7aa99165eb6b95d9b
28,29,0.87,0x5c4fa72c0199ca949e1abb046710ea46902f2ee3,2017-11-02T06:46:31.000Z,0.03,0x4a0424a7714ff91b10c5f22e3c316e030a65ee42,buy,0xb63b606ac810a52cca15e44bb630fd42d8d1d83d,0xd9b69bfe7c3540496f0b524a0ad7b1409e3d7a684eb767a82ab739ee950fcb49
29,10,0.51,0x4a0424a7714ff91b10c5f22e3c316e030a65ee42,2017-11-02T06:43:43.000Z,0.051,0x5c4fa72c0199ca949e1abb046710ea46902f2ee3,buy,0xb63b606ac810a52cca15e44bb630fd42d8d1d83d,0x0108c418eb2b39617b57cf99f090a5088a86a42882dce8c9d54573f19f4a62c7
30,5,0.1195,0xe2a633a0c178802e7a46cffb4d06d56abdf95726,2017-11-02T03:19:26.000Z,0.0239,0x8dcee46691008231078757ac146db15273e414ad,buy,0xb63b606ac810a52cca15e44bb630fd42d8d1d83d,0x5cef26468b8ba68b1932e0167a29be500fab5777855219fc600af6b6109ba69e
31,41.631795,0.9949999005,0x55ba4f1fcfa9a53c4d559124d201a58609c413b3,2017-11-02T02:48:49.000Z,0.0239,0x935173f080cbd985b843079d4fccc360c04cc839,sell,0xb63b606ac810a52cca15e44bb630fd42d8d1d83d,0x5d75e475b1e7ffdf2a41eba1e7793a3c44bfddd1162d7658a476236cecfa297c
32,0.2,0.0199999998,0x94be42307be6dcf5246b9f423cba80659702036e,2017-11-01T23:57:25.000Z,0.099999999,0xf36990a2cb4d609e0a7d4f3bf884c0342d81fd3d,buy,0xb63b606ac810a52cca15e44bb630fd42d8d1d83d,0xfd08fb98eadcedfef179bbd5fd8433cfa02d4631d0532d030b221b651a25d733
33,5,0.19,0xb3ddf3a756d4861533a749e67a42765ffcb9c981,2017-11-01T23:25:32.000Z,0.038,0x14f100cdd464d61a6feeb66d6c1d18fdfd91214b,buy,0xb63b606ac810a52cca15e44bb630fd42d8d1d83d,0x4483e8c098a432124178916c260c0f2fb23f9dc3d75fef06144b7d8e6c12e5eb
34,29.87738012,0.5763779847275474,0x935173f080cbd985b843079d4fccc360c04cc839,2017-11-01T22:37:06.000Z,0.019291450000387365,0x23fdda1dc0b7c4200c0c4b5a8969cc9d9892af6a,sell,0xb63b606ac810a52cca15e44bb630fd42d8d1d83d,0x5e1005ed3c6b3ba8880b1cbcd106faf08c4d303c0f00f40c6f5b67a59c7f2503
35,10,0.2,0xe340b36885bd6e0b365dfb40d761d6e13894ea81,2017-11-01T22:35:47.000Z,0.02,0x23fdda1dc0b7c4200c0c4b5a8969cc9d9892af6a,sell,0xb63b606ac810a52cca15e44bb630fd42d8d1d83d,0x3123861d94224ac7879e8eea171fa082b1f98ef733d005f905f3e6cf7cf23262
36,83.63,1.83986,0xc8ca3176cd2d59f9202260f5e16fa53e27b6f6b8,2017-11-01T21:51:01.000Z,0.022,0x402a308b2494cff493a142fae98889ba6466bfa4,sell,0xb63b606ac810a52cca15e44bb630fd42d8d1d83d,0xa9e03040278093d748e642c49013ebbfb9d7e32c6bbc62b592bb5b7d26416b04
37,4.96979392,0.10933546624,0xc8ca3176cd2d59f9202260f5e16fa53e27b6f6b8,2017-11-01T21:49:35.000Z,0.022,0xbabfddc41cf17038132e6dbb6401f65337cc0849,sell,0xb63b606ac810a52cca15e44bb630fd42d8d1d83d,0x95466e9bb038598423ed7da16c78fa832d8e1051702c8d23b994dd3c401bfdac
38,10,0.24,0xe8ac4ae3f46a25889af3618cbe911700fb2086df,2017-11-01T21:37:21.000Z,0.024,0x402a308b2494cff493a142fae98889ba6466bfa4,buy,0xb63b606ac810a52cca15e44bb630fd42d8d1d83d,0x63b8389f0234f7ce7ae40f3a84f53f6bd4f8b68700d00d25023c10751f495a67
39,29.7,0.7425,0x3c53a3d8c2e6202b1e097217d55516dee02172f6,2017-11-01T20:21:03.000Z,0.025,0x37c4048c39d6e6718e478b83a75e92d05575ca2c,buy,0xb63b606ac810a52cca15e44bb630fd42d8d1d83d,0x803b81ecf8e34d8ec26e0b1170041e5d5cd691feaa7d48468337b8aaa6c6ad01
40,9.828,0.334152,0x3c53a3d8c2e6202b1e097217d55516dee02172f6,2017-11-01T20:16:22.000Z,0.034,0xe4344b1ce3d141f113d7f04e8df4f2946dfce4af,buy,0xb63b606ac810a52cca15e44bb630fd42d8d1d83d,0x1616b1f997fdffbd09e0d50cddd21771f3f30e90fc16aab5ac35c41d1abce21a
41,4.98520029,0.090232125249,0xbabfddc41cf17038132e6dbb6401f65337cc0849,2017-11-01T20:07:11.000Z,0.0181,0x994c5857751ecafecbff55b97fadda1c5b37136d,sell,0xb63b606ac810a52cca15e44bb630fd42d8d1d83d,0xfe2260fb0c850946dbc7f12ccabf4ccfb3c63f1c7d496175f8fa11f00a7d812f
42,22.31396906,0.5699433977687128,0x07a2b0a6dda237e9689fb9ee5ad82564848219d5,2017-11-01T19:58:03.000Z,0.025542000001711612,0x200c227e4227c4d24bbea017e4939e7c0053bccc,buy,0xb63b606ac810a52cca15e44bb630fd42d8d1d83d,0xaca4b4aefafabd29cca6ecdd8e5d42b210fb5f3fc3e4962bf4e866ba7ca658fc
43,64.76799999,1.5365702810320645,0x07a2b0a6dda237e9689fb9ee5ad82564848219d5,2017-11-01T19:48:33.000Z,0.023724220004775608,0x935173f080cbd985b843079d4fccc360c04cc839,buy,0xb63b606ac810a52cca15e44bb630fd42d8d1d83d,0xbc951175b63885b78764e5409e61e91cdb9f8b7b0bfcb71db09f4f3bd1a468d7
44,15.404,0.354292,0x07a2b0a6dda237e9689fb9ee5ad82564848219d5,2017-11-01T19:46:26.000Z,0.023,0xb79ae9c590c31c10730895fd6efd17a31413073a,buy,0xb63b606ac810a52cca15e44bb630fd42d8d1d83d,0x37171c4d13c06a51c5ad3d8fade172d92b327f06e7ceec87d5d0da3c0921a647
45,6.5440591,0.129245167225,0x3dee4a4e076e8d82859d241db0baf46f112cfa23,2017-11-01T19:37:58.000Z,0.01975,0x994c5857751ecafecbff55b97fadda1c5b37136d,sell,0xb63b606ac810a52cca15e44bb630fd42d8d1d83d,0xb3a2d973641fff045d5382f911f6f31e7d0f161b040ec85236ed9231b871c0eb
46,0.01291978,0.0002713168011758,0xd35cc4db1066b87373c5b83f2a033b4aabb8a1f2,2017-11-01T18:32:19.000Z,0.02100011,0x5a92048f775ab3fe9e8da6e6a30f6adb75af544c,sell,0xb63b606ac810a52cca15e44bb630fd42d8d1d83d,0x322eae833ea5203acb2821a1132b402f780ef6654dd9554f88f7e431452d49b6
47,129.59824543,2.72156315403,0xfb3c71bdf0af0efa63a57fd6030c57f3cbc846e1,2017-11-01T18:31:00.000Z,0.021,0x5a92048f775ab3fe9e8da6e6a30f6adb75af544c,sell,0xb63b606ac810a52cca15e44bb630fd42d8d1d83d,0xa0901e2f86385699460161bb48ce0c94fa8efcb7a79c1022522b193ac80b1d07
48,19.78648784,0.4155184211536624,0xd35cc4db1066b87373c5b83f2a033b4aabb8a1f2,2017-11-01T18:28:59.000Z,0.02100011,0xb0577d3fcfe67b18fe99fe133fdf9bb427ecd56f,sell,0xb63b606ac810a52cca15e44bb630fd42d8d1d83d,0x12133fbf83ef5ed771a032d1a501d94ef3bb0948bd439d337ea9d39732fa1f6b
49,0.03217404,0.000789872682,0x85340638f7fd12497c9e4f816dc3ef2557d2fc1c,2017-11-01T17:39:25.000Z,0.02455,0xb0577d3fcfe67b18fe99fe133fdf9bb427ecd56f,buy,0xb63b606ac810a52cca15e44bb630fd42d8d1d83d,0xa472dd37e96e603f3cdabf0c1f00dc5d2095d14561c70f581a4327d78c1c8ec5
50,2.57673127,0.05411135667,0xfb3c71bdf0af0efa63a57fd6030c57f3cbc846e1,2017-11-01T17:38:12.000Z,0.021,0x5d787c33a3c7293e563d0586d06e84e83ea69e05,sell,0xb63b606ac810a52cca15e44bb630fd42d8d1d83d,0x38b84d8698cdb09153a9c8e427816fad12a644ce9003ee95c6b4b97923a0dd35
51,1,0.02123,0x200c227e4227c4d24bbea017e4939e7c0053bccc,2017-11-01T17:31:54.000Z,0.02123,0x5d787c33a3c7293e563d0586d06e84e83ea69e05,sell,0xb63b606ac810a52cca15e44bb630fd42d8d1d83d,0xc474f809fd9f468d89bb8037bdd09e2600e7171cb4c1be7d2ba777037f888892
52,0.00026774,0.000006838776139483,0x85340638f7fd12497c9e4f816dc3ef2557d2fc1c,2017-11-01T17:29:19.000Z,0.025542601551815192,0x200c227e4227c4d24bbea017e4939e7c0053bccc,buy,0xb63b606ac810a52cca15e44bb630fd42d8d1d83d,0x58be541cf000b32f5374d0978f2cafb6a7a49cf9c868a607712a8f7a80c0b5a2
53,2.68576319,0.06859976345514764,0x85340638f7fd12497c9e4f816dc3ef2557d2fc1c,2017-11-01T17:25:55.000Z,0.025542000020913103,0x200c227e4227c4d24bbea017e4939e7c0053bccc,buy,0xb63b606ac810a52cca15e44bb630fd42d8d1d83d,0x33561c89fdca4743891b40ea747b0a055f62031bb4aa848a3466ffc6dc218d10
54,1,0.02212,0x200c227e4227c4d24bbea017e4939e7c0053bccc,2017-11-01T17:24:24.000Z,0.02212,0x5d787c33a3c7293e563d0586d06e84e83ea69e05,sell,0xb63b606ac810a52cca15e44bb630fd42d8d1d83d,0xdf72d0d8c5d9a3dbbf6093cd622271141a8800fef9e70eaac19ac975022fddfc
55,0.1,0.002222222,0x570f2a60cc5d452e539c76e1eb623f5f27f5ff96,2017-11-01T17:21:49.000Z,0.02222222,0x5d787c33a3c7293e563d0586d06e84e83ea69e05,sell,0xb63b606ac810a52cca15e44bb630fd42d8d1d83d,0xfd672298fce43d078cb476e8c726c0144436cc3aadffd7b1640d16a16d821e0a
56,0.1,0.002222222,0x570f2a60cc5d452e539c76e1eb623f5f27f5ff96,2017-11-01T17:21:15.000Z,0.02222222,0x5d787c33a3c7293e563d0586d06e84e83ea69e05,sell,0xb63b606ac810a52cca15e44bb630fd42d8d1d83d,0xfd672298fce43d078cb476e8c726c0144436cc3aadffd7b1640d16a16d821e0a
57,1,0.02345,0x200c227e4227c4d24bbea017e4939e7c0053bccc,2017-11-01T17:18:54.000Z,0.02345,0x5d787c33a3c7293e563d0586d06e84e83ea69e05,sell,0xb63b606ac810a52cca15e44bb630fd42d8d1d83d,0xa8d26be065e42f3ddf4939c36242fd51ec30f798d54a8ea14f29a8fce3d411fb
58,1,0.02397,0x200c227e4227c4d24bbea017e4939e7c0053bccc,2017-11-01T17:16:59.000Z,0.02397,0x5d787c33a3c7293e563d0586d06e84e83ea69e05,sell,0xb63b606ac810a52cca15e44bb630fd42d8d1d83d,0x9ceff2fe9884c5976c7c02e672709fa146d1abd6117062fdbe94aff4f4c2b13d
59,25,0.63855,0xa8ebce443fddd76cc1ab018d96b4f5e3b629f1e6,2017-11-01T15:56:19.000Z,0.025542,0x200c227e4227c4d24bbea017e4939e7c0053bccc,buy,0xb63b606ac810a52cca15e44bb630fd42d8d1d83d,0x937ab72a7667a70183851ff5105beec09657c95127abac388370af4ab837faa5
60,81.249,1.6399972528446367,0x935173f080cbd985b843079d4fccc360c04cc839,2017-11-01T15:42:36.000Z,0.020184830002149403,0x200c227e4227c4d24bbea017e4939e7c0053bccc,sell,0xb63b606ac810a52cca15e44bb630fd42d8d1d83d,0x45debe488d69ad164559a593e5d567651ceaf2a955cebd8ec809e0d3e699ee99
61,81.5498043,1.64,0x935173f080cbd985b843079d4fccc360c04cc839,2017-11-01T15:26:49.000Z,0.02011041000131499,0x200c227e4227c4d24bbea017e4939e7c0053bccc,sell,0xb63b606ac810a52cca15e44bb630fd42d8d1d83d,0x5e384e9cbfbab3d79a0064b12ab47e0d1b3bf8650d021e8e80fdaefd00fe3754
62,30,0.6,0x37c4048c39d6e6718e478b83a75e92d05575ca2c,2017-11-01T15:26:34.000Z,0.02,0x200c227e4227c4d24bbea017e4939e7c0053bccc,sell,0xb63b606ac810a52cca15e44bb630fd42d8d1d83d,0xbbb72688314f30c1cc5f58f91339c5ae169016edb2e18d9d04c7b4e991300a33
63,0.09,0.00208449,0x4a0424a7714ff91b10c5f22e3c316e030a65ee42,2017-11-01T14:42:30.000Z,0.023161,0xb79ae9c590c31c10730895fd6efd17a31413073a,sell,0xb63b606ac810a52cca15e44bb630fd42d8d1d83d,0xb54d7ca5fad50e2e932b8161a468fc7bb1078088265c8fd034cb5481a322da39
64,0.1,0.002333333,0x570f2a60cc5d452e539c76e1eb623f5f27f5ff96,2017-11-01T14:41:02.000Z,0.02333333,0xb79ae9c590c31c10730895fd6efd17a31413073a,sell,0xb63b606ac810a52cca15e44bb630fd42d8d1d83d,0x94b7791e4203f078f2a0f6fae7385c9b19d0c010a6c413969a5baa296cfe5696
65,0.1,0.002444444,0x570f2a60cc5d452e539c76e1eb623f5f27f5ff96,2017-11-01T14:40:53.000Z,0.02444444,0xb79ae9c590c31c10730895fd6efd17a31413073a,sell,0xb63b606ac810a52cca15e44bb630fd42d8d1d83d,0xdad585decd4db74fa3d34655ca532a32f14db4955e8103695bb222cf66ee72a1
66,0.1,0.002666666,0x570f2a60cc5d452e539c76e1eb623f5f27f5ff96,2017-11-01T14:40:16.000Z,0.02666666,0xb79ae9c590c31c10730895fd6efd17a31413073a,sell,0xb63b606ac810a52cca15e44bb630fd42d8d1d83d,0x4a2d75147febf2b0279aabdd0742420fadf9c6c5a76fb41456a6b9f6f9a8bbf9
67,13.45678248,0.27086726837149777,0x935173f080cbd985b843079d4fccc360c04cc839,2017-11-01T13:53:22.000Z,0.020128680000146497,0x994c5857751ecafecbff55b97fadda1c5b37136d,sell,0xb63b606ac810a52cca15e44bb630fd42d8d1d83d,0xbec84c76b4560c4892b41b651f3abd62eeff4cffd51042104b3b340edbb276c4
68,0.141,0.0040326,0xe84120613f1ef5b77042ca57712931a6a0229367,2017-11-01T13:17:59.000Z,0.0286,0x402a308b2494cff493a142fae98889ba6466bfa4,buy,0xb63b606ac810a52cca15e44bb630fd42d8d1d83d,0xdb2f7c9f4b23ce15f07fedfc1705b8950f314552582f0281949d149563115df8
69,7.56792305,0.151358461,0x3dee4a4e076e8d82859d241db0baf46f112cfa23,2017-11-01T10:22:51.000Z,0.02,0x009a12d4290630bc01fd82516ac57c1dc6a9bcfb,sell,0xb63b606ac810a52cca15e44bb630fd42d8d1d83d,0x4e1b20c1f4267da64035381c9e74df2a43d13e4c27de8e65ec20124772dab7e9
70,63,1.6821,0x6a2a357d4cd4536a02a82530167d0de02e1d003b,2017-11-01T10:08:59.000Z,0.0267,0x739c5f6d73d483705a08f9a52c7cd61c7933573e,sell,0xb63b606ac810a52cca15e44bb630fd42d8d1d83d,0x5e73ea7d4e85ca7f54d5af69027ded83be7aa5fd31ed75c050124297898698f9
71,2.07973754,0.0415947508,0x3dee4a4e076e8d82859d241db0baf46f112cfa23,2017-11-01T09:52:35.000Z,0.02,0xb830c3fd6bf97fcb7c3e086b3ea72458350ea20f,sell,0xb63b606ac810a52cca15e44bb630fd42d8d1d83d,0xc0eacd9f7694cf92c55ea03803c09abe00d7650664413c26a0af91ebc99c392e
72,45.77,1.00694,0x402a308b2494cff493a142fae98889ba6466bfa4,2017-11-01T09:46:50.000Z,0.022,0x935173f080cbd985b843079d4fccc360c04cc839,sell,0xb63b606ac810a52cca15e44bb630fd42d8d1d83d,0x35097f2348cda68f1d075bd4c72a6f41e5008b0db5d0c5dca8667619467d456b
73,12.05004132,0.26605298283821144,0x935173f080cbd985b843079d4fccc360c04cc839,2017-11-01T06:29:12.000Z,0.022079010002781587,0x7e3d133519d9f83319315e058d622802f044b4e3,sell,0xb63b606ac810a52cca15e44bb630fd42d8d1d83d,0x6bfae470655811c5ee46032706af587b2a4647c1010a10069dc46b4e5ea1f5aa
74,44.94085422,1.3302492851475192,0x33d85aac755ee5fc2a6027a3200004d755ae3418,2017-11-01T06:21:08.000Z,0.02960000000524065,0x402a308b2494cff493a142fae98889ba6466bfa4,buy,0xb63b606ac810a52cca15e44bb630fd42d8d1d83d,0x38c8be370ddbe979765083ea56d5b032ddc29dc34c4feedaf00a05dfa9148da4
75,2.10652912,0.0561600663392,0x873869bc3f197e7daeb1ce3021cd9aa71a87d933,2017-11-01T03:50:24.000Z,0.02666,0x009a12d4290630bc01fd82516ac57c1dc6a9bcfb,sell,0xb63b606ac810a52cca15e44bb630fd42d8d1d83d,0xb1c5ccca266d71a6503d1a52c46fce02bb9a87b9d51195f660744a077aafaff8
76,20.04999999,0.6088304805862019,0x75c4ee57efc9aa3d939fd41f7c3ad59c649ec9f7,2017-11-01T03:28:59.000Z,0.030365610019444288,0x935173f080cbd985b843079d4fccc360c04cc839,buy,0xb63b606ac810a52cca15e44bb630fd42d8d1d83d,0xd71334eef20866359df3bd3ff789e22af23eb2f02fc201c93493bd156193b8d8
77,0.133,0.003857,0x92d3ed39d77c4a667d2a193dd9b946ac8fedf94f,2017-11-01T02:35:50.000Z,0.029,0x5bc1779ca6f329e52873fa63688c69cebdd171fa,sell,0xb63b606ac810a52cca15e44bb630fd42d8d1d83d,0x234d8d84910ac7843d58d4e405d3a3fe5d0347d324d1ec5b8989e14ee5851c01
78,0.1,0.002777777,0x570f2a60cc5d452e539c76e1eb623f5f27f5ff96,2017-11-01T02:35:50.000Z,0.02777777,0x5bc1779ca6f329e52873fa63688c69cebdd171fa,sell,0xb63b606ac810a52cca15e44bb630fd42d8d1d83d,0xc6003190341224fc5a2cc33381b44520556d46521b701e1f6043782515480928
79,1.5,0.04335,0xe103ce33b3e32194d075cb23e56c94c14f12704c,2017-11-01T01:28:16.000Z,0.0289,0xb79ae9c590c31c10730895fd6efd17a31413073a,buy,0xb63b606ac810a52cca15e44bb630fd42d8d1d83d,0xd7e640500a1872da5d6735520c745b6df7032b721814fef230f5f9685a66b4a8
80,192.14647695,4.41936896985,0x3dee4a4e076e8d82859d241db0baf46f112cfa23,2017-10-31T23:58:37.000Z,0.023,0x9778550d76b07ac9f5e57392f68ecdf6efc1774e,sell,0xb63b606ac810a52cca15e44bb630fd42d8d1d83d,0xea641449fd49f9c2a44b3d6fda584c56f463cdcc2d9649a4e9350645ccc6b644
81,17.91,0.41481351,0x4a0424a7714ff91b10c5f22e3c316e030a65ee42,2017-10-31T23:49:38.000Z,0.023161,0x935173f080cbd985b843079d4fccc360c04cc839,sell,0xb63b606ac810a52cca15e44bb630fd42d8d1d83d,0xa66ac7dbac6e58e367320fe83fcc5cceb2951ef8ba22abea6e3ced066cb82d7b
82,99,2.63934,0x873869bc3f197e7daeb1ce3021cd9aa71a87d933,2017-10-31T23:34:20.000Z,0.02666,0x23c09abbc301e4bd6396548f5f6005ab345afb7e,sell,0xb63b606ac810a52cca15e44bb630fd42d8d1d83d,0x24a1aa51b79736aaf15fb7fb221462f518e6248b949ece12b783f4c904459d97
83,59.7,1.4394864,0x3dee4a4e076e8d82859d241db0baf46f112cfa23,2017-10-31T23:33:39.000Z,0.024112,0x935173f080cbd985b843079d4fccc360c04cc839,sell,0xb63b606ac810a52cca15e44bb630fd42d8d1d83d,0xe1f76977dd3c2e4f654e015cd6522e9e3bcc39bbce7eb085135007c0cabb7835
84,99.45164409,2.6513808314394,0x873869bc3f197e7daeb1ce3021cd9aa71a87d933,2017-10-31T23:32:22.000Z,0.02666,0x23c09abbc301e4bd6396548f5f6005ab345afb7e,sell,0xb63b606ac810a52cca15e44bb630fd42d8d1d83d,0xfbdffb1f698d833e1ccab186d7ef33415d6204ce393facc1f9a5512a4108ce48
85,99.44182679,2.6511191022214,0x873869bc3f197e7daeb1ce3021cd9aa71a87d933,2017-10-31T23:26:16.000Z,0.02666,0x23c09abbc301e4bd6396548f5f6005ab345afb7e,sell,0xb63b606ac810a52cca15e44bb630fd42d8d1d83d,0xf3777b5ad10c7a94cd22f27e4538c50eacc43febbca657365ebc19555a063950
86,4.98504482,0.119890327921,0x009a12d4290630bc01fd82516ac57c1dc6a9bcfb,2017-10-31T19:09:08.000Z,0.02405,0x994c5857751ecafecbff55b97fadda1c5b37136d,sell,0xb63b606ac810a52cca15e44bb630fd42d8d1d83d,0xd20a2d79096bb9f95d5009c78fb13027f0883501c3950ebbc33003746527cf98
87,5,0.255,0x4a0424a7714ff91b10c5f22e3c316e030a65ee42,2017-10-31T19:05:42.000Z,0.051,0x5c4fa72c0199ca949e1abb046710ea46902f2ee3,buy,0xb63b606ac810a52cca15e44bb630fd42d8d1d83d,0xd904b15ea8080a11e5376cf39a93f2529b30823ac5858438628c1fd36f4c34d5
88,4.9845479,0.1196291496,0x3dee4a4e076e8d82859d241db0baf46f112cfa23,2017-10-31T18:50:41.000Z,0.024,0x994c5857751ecafecbff55b97fadda1c5b37136d,sell,0xb63b606ac810a52cca15e44bb630fd42d8d1d83d,0x14cbde3feaf1a22da6282583782cad73733cee0a5ddd2f17348fef7f23268f0a
89,4.7191875,0.108777271875,0x009a12d4290630bc01fd82516ac57c1dc6a9bcfb,2017-10-31T18:24:25.000Z,0.02305,0xc41b0555b794fa76211f92071a6a685b31e15135,sell,0xb63b606ac810a52cca15e44bb630fd42d8d1d83d,0xafd4a5d4917930ce9b7ab9f611d4760635155f85fea32f26dafd77fbde7e7023
90,1,0.028,0x5c4fa72c0199ca949e1abb046710ea46902f2ee3,2017-10-31T18:22:57.000Z,0.028,0xc41b0555b794fa76211f92071a6a685b31e15135,sell,0xb63b606ac810a52cca15e44bb630fd42d8d1d83d,0xc655a9a61de80bb5fc691a1bd4e5da205defb78fa7ace3d0423556e57c37c748
91,15,0.36,0x5c4fa72c0199ca949e1abb046710ea46902f2ee3,2017-10-31T18:21:31.000Z,0.024,0xc41b0555b794fa76211f92071a6a685b31e15135,sell,0xb63b606ac810a52cca15e44bb630fd42d8d1d83d,0xd229cfc5eecc1a117e49a844b85ae2af80f0373ab643f40b756af06bdab5630d
92,60,1.53,0x3dee4a4e076e8d82859d241db0baf46f112cfa23,2017-10-31T18:20:27.000Z,0.0255,0xc41b0555b794fa76211f92071a6a685b31e15135,sell,0xb63b606ac810a52cca15e44bb630fd42d8d1d83d,0xf275d494a9a73bf008299004c61a72cd4690b135351463e16eea08c4c539a825
93,1.9,0.05699999981,0xa5d9c73009da1399c0a29b16d981c98b0f05e889,2017-10-31T18:07:20.000Z,0.0299999999,0xe103ce33b3e32194d075cb23e56c94c14f12704c,buy,0xb63b606ac810a52cca15e44bb630fd42d8d1d83d,0xe295b71958fa974ca4b3158860d353a5c74f56f54411fa463b6984028fddaf52
94,20.34956966,0.56978795048,0xe103ce33b3e32194d075cb23e56c94c14f12704c,2017-10-31T18:05:19.000Z,0.028,0xb830c3fd6bf97fcb7c3e086b3ea72458350ea20f,sell,0xb63b606ac810a52cca15e44bb630fd42d8d1d83d,0x8c73a4b6c6cb28e5145e6c7a82b131c1b3009e8bea96b9c2de378c5700d86cac
95,28.733,0.8619899971267,0xc41b0555b794fa76211f92071a6a685b31e15135,2017-10-31T17:27:05.000Z,0.0299999999,0xe103ce33b3e32194d075cb23e56c94c14f12704c,buy,0xb63b606ac810a52cca15e44bb630fd42d8d1d83d,0x768e8897b27ea3b561d7d67c08ee6d1937ec7accc7c8682b892f45538b639ece
96,52.22881699,1.64,0xc41b0555b794fa76211f92071a6a685b31e15135,2017-10-31T17:27:05.000Z,0.0314002900030074,0x935173f080cbd985b843079d4fccc360c04cc839,buy,0xb63b606ac810a52cca15e44bb630fd42d8d1d83d,0xe162f70401ddbdafda775bf286bf783c3f41be3f78b198559bebdbe53d6bef60
97,28.73335522,0.80453394616,0xe103ce33b3e32194d075cb23e56c94c14f12704c,2017-10-31T17:03:16.000Z,0.028,0x4121bd8ab6219b43af31686347a8fad622dba135,sell,0xb63b606ac810a52cca15e44bb630fd42d8d1d83d,0x8c91815bbac8c056cfb80a5ea6c46c9607d2a88c768094de5ddb2cc642b5b4ed
98,2.78707133,0.09603715196913033,0x994c5857751ecafecbff55b97fadda1c5b37136d,2017-10-31T16:40:11.000Z,0.03445808901099432,0xb830c3fd6bf97fcb7c3e086b3ea72458350ea20f,buy,0xb63b606ac810a52cca15e44bb630fd42d8d1d83d,0xc040f4c20afc14582f3098c39ce779b1592fe06256ef9b570465bcd94e91d7fe
99,0.05,0.0016325,0xb957741009d126a6534757b01b36dceee1f22531,2017-10-31T16:38:51.000Z,0.03265,0xb79ae9c590c31c10730895fd6efd17a31413073a,sell,0xb63b606ac810a52cca15e44bb630fd42d8d1d83d,0x33aad1b543415cbc2e9b58492ff47ac375ddc0a88fbed164f5f003a8a2fb9a27
100,0.08747339,0.00279914848,0x994c5857751ecafecbff55b97fadda1c5b37136d,2017-10-31T16:38:33.000Z,0.032,0xe103ce33b3e32194d075cb23e56c94c14f12704c,buy,0xb63b606ac810a52cca15e44bb630fd42d8d1d83d,0x64d6e045f1884b6a58e06b0f657d3f6f9c5d6eca049421b6337ffc592238ffd4
101,9.94999999,0.3248674996735,0xb957741009d126a6534757b01b36dceee1f22531,2017-10-31T16:34:08.000Z,0.03265,0x935173f080cbd985b843079d4fccc360c04cc839,sell,0xb63b606ac810a52cca15e44bb630fd42d8d1d83d,0x3d022003d329d3baca3d358f227b6b1ba67bf0769bcdbaca1171f0e29b310228
102,0.82960174,0.026547255946297206,0x994c5857751ecafecbff55b97fadda1c5b37136d,2017-10-31T16:16:58.000Z,0.03200000032099403,0xe103ce33b3e32194d075cb23e56c94c14f12704c,buy,0xb63b606ac810a52cca15e44bb630fd42d8d1d83d,0xe43289f5d4206119f47ae2bef089a9638da2a0ff0cd177c14940f938674f68d9
103,0.91707512,0.02567810336,0xe103ce33b3e32194d075cb23e56c94c14f12704c,2017-10-31T16:04:13.000Z,0.028,0x6c723da0e2243be0d60a23801c00039b98ce35d6,sell,0xb63b606ac810a52cca15e44bb630fd42d8d1d83d,0xf9e123d2a79e45a09c5112ef4baf7b7a835312d30e3c68fcd41bc81a48f850c6
104,0.627,0.0196251,0xfcda9bd5e4d57626f941161742497d8c96372a77,2017-10-31T16:02:43.000Z,0.0313,0x6c723da0e2243be0d60a23801c00039b98ce35d6,sell,0xb63b606ac810a52cca15e44bb630fd42d8d1d83d,0xeb1a10678b8812eea808318fbe11a6ba96015aa1ff15488a1b8f6fb3d0bf702e
105,19.80394702,0.63372630464,0x3c5f2f0279524aa556af6c003d6a481bdf7d7bed,2017-10-31T15:27:00.000Z,0.032,0x935173f080cbd985b843079d4fccc360c04cc839,sell,0xb63b606ac810a52cca15e44bb630fd42d8d1d83d,0xc3574bf935dfe3a274acb5389ff07f3515dd506c1a11623e9527602b84008553
106,50,1.60005,0x3dee4a4e076e8d82859d241db0baf46f112cfa23,2017-10-31T14:56:49.000Z,0.032001,0x3df86cefaecfaa31be2f74f8f832cb4ef62b79f8,sell,0xb63b606ac810a52cca15e44bb630fd42d8d1d83d,0x4c71c477f568a255eb725074d9f8396662166fc633973dd58b9382501ed2b6b5
107,145.156,4.9570774,0x009a12d4290630bc01fd82516ac57c1dc6a9bcfb,2017-10-31T14:55:56.000Z,0.03415,0xb830c3fd6bf97fcb7c3e086b3ea72458350ea20f,sell,0xb63b606ac810a52cca15e44bb630fd42d8d1d83d,0x3cbbe543fd60ef47fc7567067a89121b28bb5db179fa9be15213cafdc6c638f8
108,23.27483309,0.81461915815,0x3c5f2f0279524aa556af6c003d6a481bdf7d7bed,2017-10-31T14:55:56.000Z,0.035,0xb830c3fd6bf97fcb7c3e086b3ea72458350ea20f,sell,0xb63b606ac810a52cca15e44bb630fd42d8d1d83d,0xe4bd1a69b6c02f87c1658ea07c8f0fa00b1bc40442abf47d0fda1bbb2ede1375
109,99.64111255,3.4027439935825,0x009a12d4290630bc01fd82516ac57c1dc6a9bcfb,2017-10-31T14:54:20.000Z,0.03415,0x6c723da0e2243be0d60a23801c00039b98ce35d6,sell,0xb63b606ac810a52cca15e44bb630fd42d8d1d83d,0x701accc7deca3e7c7fb7bb9d59c6844b3d2d8f908e372298e48669afa36c7547
110,55.20257105,1.8851678013575,0x009a12d4290630bc01fd82516ac57c1dc6a9bcfb,2017-10-31T14:51:44.000Z,0.03415,0x935173f080cbd985b843079d4fccc360c04cc839,sell,0xb63b606ac810a52cca15e44bb630fd42d8d1d83d,0x71c33baa584e26db50c2065ebd5c557f43db4872663fdd593db88226d4e84036
111,8.73699324,0.3320057432281111,0xaa0ebc52aa88935610928a5e91af9cbefbf30111,2017-10-31T14:46:02.000Z,0.03800000001237395,0x7e3d133519d9f83319315e058d622802f044b4e3,buy,0xb63b606ac810a52cca15e44bb630fd42d8d1d83d,0x728be9cd723612bc14c0d36f47bc79329c801484e4d23141b4036125cd0c5b42
112,29.17561031,1.1086731919000705,0xf670f88302153719199d1ae2c0949fb89c886d11,2017-10-31T14:38:41.000Z,0.03800000000411544,0x7e3d133519d9f83319315e058d622802f044b4e3,buy,0xb63b606ac810a52cca15e44bb630fd42d8d1d83d,0x3185df146ff914158973e35a7f9f6adb16b4056e71b9de1b1e95a14695f1c995
113,27.04832296,1.0007879496076182,0xf670f88302153719199d1ae2c0949fb89c886d11,2017-10-31T14:27:05.000Z,0.03700000000323932,0x086aa4b5717ac85edffb76fc22130e52dbe9544b,buy,0xb63b606ac810a52cca15e44bb630fd42d8d1d83d,0xed23081626c0853d2f66b092ce5b65c2fc2163c8d836ba123e09268c7d25baae
114,3.944,0.1526328,0xf670f88302153719199d1ae2c0949fb89c886d11,2017-10-31T14:26:00.000Z,0.0387,0x01ac7aef192ee2637afa390c4fbcfc92a00604a6,buy,0xb63b606ac810a52cca15e44bb630fd42d8d1d83d,0x654a47603acd6a5a47c2f3d7b02f5b325b24dfdfb33a3f1ebca8a5d876e1a1cf
115,8.4575,0.30447,0xf670f88302153719199d1ae2c0949fb89c886d11,2017-10-31T14:15:18.000Z,0.036,0x935173f080cbd985b843079d4fccc360c04cc839,sell,0xb63b606ac810a52cca15e44bb630fd42d8d1d83d,0x5b6823f63156cb493412d7a916cc75bb68ad05b546f8bf05f20831ad97cced15
116,1,0.0387,0xe2a633a0c178802e7a46cffb4d06d56abdf95726,2017-10-31T14:04:51.000Z,0.0387,0x01ac7aef192ee2637afa390c4fbcfc92a00604a6,buy,0xb63b606ac810a52cca15e44bb630fd42d8d1d83d,0x25b6cfaa73c5cdb2b177241289734e79b58682abc743b3ea83b2a8b70d2c689c
117,56.72516691,1.98538084185,0x3c5f2f0279524aa556af6c003d6a481bdf7d7bed,2017-10-31T13:57:30.000Z,0.035,0x935173f080cbd985b843079d4fccc360c04cc839,sell,0xb63b606ac810a52cca15e44bb630fd42d8d1d83d,0x51257b8be528e21c44027ea3a2ef049bad0f0076f0ee727dd95b88b2db68b647
118,0.1,0.00387,0xc73604d0514ac01e63513d07601e7e98f2f117b4,2017-10-31T13:50:53.000Z,0.0387,0x01ac7aef192ee2637afa390c4fbcfc92a00604a6,buy,0xb63b606ac810a52cca15e44bb630fd42d8d1d83d,0x4e06df203ba2cd5fe4cec568a5f39cd193c6edff0518f8d2046f670820b7ab9a
119,5.83614716,0.2276096810426977,0xf670f88302153719199d1ae2c0949fb89c886d11,2017-10-31T13:46:41.000Z,0.03899999002812974,0x4121bd8ab6219b43af31686347a8fad622dba135,buy,0xb63b606ac810a52cca15e44bb630fd42d8d1d83d,0x79e166e949aa6ec57d0793f12a77716e6cea3a1a9f1eb0e4be08c86fa3adb47c
120,76.587,2.98689146826,0xf670f88302153719199d1ae2c0949fb89c886d11,2017-10-31T13:45:13.000Z,0.03899998,0x8dcee46691008231078757ac146db15273e414ad,buy,0xb63b606ac810a52cca15e44bb630fd42d8d1d83d,0x0378ed4e83a83809da9aad7e6ac46f0cb1b5a334a046fbf165d177fa0357e150
121,1.9,0.07315,0xf60e69ed3b8cbd43330e31893e28925c8880b2bf,2017-10-31T13:37:15.000Z,0.0385,0x01ac7aef192ee2637afa390c4fbcfc92a00604a6,sell,0xb63b606ac810a52cca15e44bb630fd42d8d1d83d,0xb5bb99aa06caa0b4bc6c081f7e9e4bea8c8d9ebffa48ab617a5931df4de73f55
122,5,0.19999995,0xe2a633a0c178802e7a46cffb4d06d56abdf95726,2017-10-31T13:31:16.000Z,0.03999999,0x8dcee46691008231078757ac146db15273e414ad,buy,0xb63b606ac810a52cca15e44bb630fd42d8d1d83d,0x28c2d115dc8880e51a7c715fd3e0e5409aa9285676e29fe53351999ec9d1ea76
123,6.965,0.2681525,0xe2a633a0c178802e7a46cffb4d06d56abdf95726,2017-10-31T13:26:37.000Z,0.0385,0x935173f080cbd985b843079d4fccc360c04cc839,sell,0xb63b606ac810a52cca15e44bb630fd42d8d1d83d,0xd87bd17748e6e44981a934695ba06eb710f9a89f7c9f361fbcf75aaa11bd1db2
124,40,1.984,0x23fdda1dc0b7c4200c0c4b5a8969cc9d9892af6a,2017-10-31T12:51:57.000Z,0.0496,0x4121bd8ab6219b43af31686347a8fad622dba135,buy,0xb63b606ac810a52cca15e44bb630fd42d8d1d83d,0xc86c279cc02224fec4c2837b4a9ba579eb5a8d524a8898dba21a17de65159b89
125,0.03451931,0.001725965530080755,0xbdd9d71fbdecdd2cf2d1214331a49ecce3bc6066,2017-10-31T12:22:00.000Z,0.0500000008714182,0x038b23e1d4d404d716d643ecebcbb738d81f6957,buy,0xb63b606ac810a52cca15e44bb630fd42d8d1d83d,0xdc15a188a0b16206490940e88b9df804ac6e6aed99be165acdf6cdd010910392
126,1,0.049,0xa5d9c73009da1399c0a29b16d981c98b0f05e889,2017-10-31T12:15:21.000Z,0.049,0xa5d9c73009da1399c0a29b16d981c98b0f05e889,buy,0xb63b606ac810a52cca15e44bb630fd42d8d1d83d,0x8dfd04d1a602235a456a2453e3d66623a735ae2e9d3ba04e1e6a99cc35d01836
127,1,0.049,0xa5d9c73009da1399c0a29b16d981c98b0f05e889,2017-10-31T12:14:31.000Z,0.049,0xa5d9c73009da1399c0a29b16d981c98b0f05e889,buy,0xb63b606ac810a52cca15e44bb630fd42d8d1d83d,0x8dfd04d1a602235a456a2453e3d66623a735ae2e9d3ba04e1e6a99cc35d01836
128,9.93918851,0.31805403232,0x3c5f2f0279524aa556af6c003d6a481bdf7d7bed,2017-10-31T12:12:24.000Z,0.032,0x6e7c330847477bb8be07a74c44225b928fbea925,sell,0xb63b606ac810a52cca15e44bb630fd42d8d1d83d,0x94b82fd767a3407163b32bc8ec8d368f6297bae6c4bd3ba388e08261a15cfdc6
129,10,0.321,0x90fc1f495111329a1669716a149b7da88bdcb234,2017-10-31T12:11:30.000Z,0.0321,0x6e7c330847477bb8be07a74c44225b928fbea925,sell,0xb63b606ac810a52cca15e44bb630fd42d8d1d83d,0x07ff025021933b473ca4a70f9c37ba802a509cc5f0f4a9c647d009b0df3f093f
130,15,0.75,0x46371f0751e243fef7b626031cffb8489d47e6c0,2017-10-31T11:42:45.000Z,0.05,0x8efdb5ee103c2295dab1410b4e3d1ed7a91584d4,buy,0xb63b606ac810a52cca15e44bb630fd42d8d1d83d,0xdf269050e47a993e3d00301f44d61f8e09e35daaee122c9c0ef7c5fe5c1087ec
131,5,0.275,0x46371f0751e243fef7b626031cffb8489d47e6c0,2017-10-31T11:42:45.000Z,0.055,0x8241c1446ef511f78387edccc6ece5e2d8553cdc,buy,0xb63b606ac810a52cca15e44bb630fd42d8d1d83d,0x357696edd47652d291b6eb6a5cf76cefb5ba84c3f1e36d60c9add979c66ccfa6
132,10,0.5,0x5494390104e519387cdb2cc2e9a137d032a68d12,2017-10-31T11:41:53.000Z,0.05,0x8efdb5ee103c2295dab1410b4e3d1ed7a91584d4,buy,0xb63b606ac810a52cca15e44bb630fd42d8d1d83d,0x49c9ec7772b64cce228732b8cad9caec4848aa4ae78543fceb9585f5c0d6a72f
133,38.86699999,1.6399992839481348,0x8241c1446ef511f78387edccc6ece5e2d8553cdc,2017-10-31T11:18:11.000Z,0.04219516001672592,0x935173f080cbd985b843079d4fccc360c04cc839,buy,0xb63b606ac810a52cca15e44bb630fd42d8d1d83d,0xd4a285eff1461ff1b7b62b690f48b632c4dbd4d5088a76ce9821254d30ca3138
134,23.444,0.93776,0x8241c1446ef511f78387edccc6ece5e2d8553cdc,2017-10-31T11:16:48.000Z,0.04,0x8efdb5ee103c2295dab1410b4e3d1ed7a91584d4,buy,0xb63b606ac810a52cca15e44bb630fd42d8d1d83d,0x3cf80a4429ceba6e0945a94afb7ed8e4040f3b410ed1a32d287732dffd2e779b
135,63.52150288,2.6043816183457285,0x8241c1446ef511f78387edccc6ece5e2d8553cdc,2017-10-31T11:16:43.000Z,0.04100000000418329,0xc11f32a3d45a3dc54b34234dd2b9f46292e69c02,buy,0xb63b606ac810a52cca15e44bb630fd42d8d1d83d,0x7b972658e4beed4736e98e34668dabf787d88832b76c8bfcf167f279216be4bc
136,0.00015506,0.000006202728790707,0xf9d3508c05eeb71712ddb9cb4a87b145d1469012,2017-10-31T11:15:35.000Z,0.04000212040956404,0x8efdb5ee103c2295dab1410b4e3d1ed7a91584d4,buy,0xb63b606ac810a52cca15e44bb630fd42d8d1d83d,0xcfe9629897b85619294e1ea5ffd1a5274d883f10fd01fbe6f0fbd469bae23d24
137,0.946,0.03757985946,0xa5d9c73009da1399c0a29b16d981c98b0f05e889,2017-10-31T11:15:10.000Z,0.03972501,0x2b21d88e6a57eefd32bd5a4f6687acc1b306e9ee,buy,0xb63b606ac810a52cca15e44bb630fd42d8d1d83d,0x3e77a3982c9948b3a41781a115a709fa7c83393558dcb7a61c8739d924e66986
138,1.55548931,0.0622195724995857,0xf9d3508c05eeb71712ddb9cb4a87b145d1469012,2017-10-31T11:14:49.000Z,0.0400000000640221,0x8efdb5ee103c2295dab1410b4e3d1ed7a91584d4,buy,0xb63b606ac810a52cca15e44bb630fd42d8d1d83d,0x9863a9a065fd17357e3afba347ea61266fbe94c2df79e26fb544ec331cb6518d
139,3.1735787,0.126070445593287,0xa5d9c73009da1399c0a29b16d981c98b0f05e889,2017-10-31T11:14:07.000Z,0.03972501,0xa53194e5e67e9eade3cfc81a6b5e426a46c58dfe,buy,0xb63b606ac810a52cca15e44bb630fd42d8d1d83d,0x7771f1d01c00fc6518ac85cc84f179a3815be0a01cb4f89ec626573c45fe4409
140,12,0.47670012,0xf7ad633dafe13782e5edaeb45c3a14899acc0b4e,2017-10-31T11:14:07.000Z,0.03972501,0x2b21d88e6a57eefd32bd5a4f6687acc1b306e9ee,buy,0xb63b606ac810a52cca15e44bb630fd42d8d1d83d,0xcf8a4c6c825dbd20f391561a829d93587a3ccda8a8ecb5559e6aa50eb5c20421
141,10,0.4,0xf9d3508c05eeb71712ddb9cb4a87b145d1469012,2017-10-31T11:12:12.000Z,0.04,0x0a0bc1a04d648ebc413ee99d4b1fe855ffb7eeb4,buy,0xb63b606ac810a52cca15e44bb630fd42d8d1d83d,0x5a8383a4889aa608751e27f9424458d36ac5407c549f937a387f5bf1b0d6fd9d
142,6.98689956,0.2775546548899956,0xf9d3508c05eeb71712ddb9cb4a87b145d1469012,2017-10-31T11:11:39.000Z,0.03972501,0xa53194e5e67e9eade3cfc81a6b5e426a46c58dfe,buy,0xb63b606ac810a52cca15e44bb630fd42d8d1d83d,0xaa0b182b65d332fd99a2fcb317109048a27034edbf5a5aac0b68c1deaa35a96e
143,0.1,0.003111111,0x4a51a658c342e64acfde23b4a61226f6df238aab,2017-10-31T11:02:06.000Z,0.03111111,0x570f2a60cc5d452e539c76e1eb623f5f27f5ff96,buy,0xb63b606ac810a52cca15e44bb630fd42d8d1d83d,0x89893f879dc9ec4452a733ded43676acb1ceb572f564348a0d967c596843a344
144,0.065,0.002275,0x4a51a658c342e64acfde23b4a61226f6df238aab,2017-10-31T11:02:06.000Z,0.035,0x97bb447b8b9c6e8fc625d50e4ad6780dbe54dea9,buy,0xb63b606ac810a52cca15e44bb630fd42d8d1d83d,0x60fcff15def8ecbee8dd87eef47b915447724a5563afed6b1aae7198d56d03b9
145,0.08499999,0.002833333,0x4a51a658c342e64acfde23b4a61226f6df238aab,2017-10-31T11:02:06.000Z,0.03333333333333333,0x570f2a60cc5d452e539c76e1eb623f5f27f5ff96,buy,0xb63b606ac810a52cca15e44bb630fd42d8d1d83d,0xf3da019a488575edae3c3b64e155c03fbf0b739b310ac98d5261f7b7d9ba6cd6
146,2.5,0.099312525,0x2d992d9ba0600bae888051ce3828ad974bcf2c74,2017-10-31T11:01:51.000Z,0.03972501,0xa53194e5e67e9eade3cfc81a6b5e426a46c58dfe,buy,0xb63b606ac810a52cca15e44bb630fd42d8d1d83d,0x7781c4608b9edf10dee355dd8bf395a3d698831fe47233120869dd3ca8f37ef3
147,42.83699999,1.6399982672380984,0x739c5f6d73d483705a08f9a52c7cd61c7933573e,2017-10-31T10:59:07.000Z,0.03828462001589618,0x935173f080cbd985b843079d4fccc360c04cc839,buy,0xb63b606ac810a52cca15e44bb630fd42d8d1d83d,0xea9ddae2d9e2e97a020e8343edef27138d261e63f020d2a0262007bd22a271ee
148,26.872,0.927084,0x739c5f6d73d483705a08f9a52c7cd61c7933573e,2017-10-31T10:58:43.000Z,0.0345,0x693de8556b4118333a571c4263c9b28698125f54,buy,0xb63b606ac810a52cca15e44bb630fd42d8d1d83d,0x51af9082916e1769c37b1e672f43b38724188eaa057f9d831c78ace649904834
149,66.76217284,2.3032949630107393,0x935173f080cbd985b843079d4fccc360c04cc839,2017-10-31T10:58:00.000Z,0.034500000000460426,0x693de8556b4118333a571c4263c9b28698125f54,buy,0xb63b606ac810a52cca15e44bb630fd42d8d1d83d,0x3523f465f78c468df12a4421ff8de9a4dc55901df88f1022c6ce5b780524242c
150,6.37719154,0.22001310838307767,0xff4482de17e729e19d75d70fc005f2e4ba75905f,2017-10-31T10:55:54.000Z,0.034500000039684814,0x693de8556b4118333a571c4263c9b28698125f54,buy,0xb63b606ac810a52cca15e44bb630fd42d8d1d83d,0x865c51ab04f33abfa5f09620a48297aa29a83c0466119437b7bfd627d9751c2a
151,36.47849711,1.4956183816542714,0xc064f5d9bd6a88b74d8c12dae735c80b15f95549,2017-10-31T10:55:41.000Z,0.04100000000395498,0xc11f32a3d45a3dc54b34234dd2b9f46292e69c02,buy,0xb63b606ac810a52cca15e44bb630fd42d8d1d83d,0x67abbd25dfad7a119a632193b558911446de8d2844c0081b91889ae96395d3db
152,34.7,1.09305,0x739c5f6d73d483705a08f9a52c7cd61c7933573e,2017-10-31T10:51:52.000Z,0.0315,0xcf29cb3c3d129b7e39e6b087d06288c64a28fe1b,buy,0xb63b606ac810a52cca15e44bb630fd42d8d1d83d,0xdb6f539f82b430a8ac5ca4be50694961d660d578f07cc52102b3eff9e26ecd50
153,100,3.3,0x739c5f6d73d483705a08f9a52c7cd61c7933573e,2017-10-31T10:51:52.000Z,0.033,0xdc1721a3049db324ef17d48e24fa84c9aeae10ef,buy,0xb63b606ac810a52cca15e44bb630fd42d8d1d83d,0x2c7fd732dda1356b7fbd458cb4f6eb506651ae1aa022217ded7eca9c22bfaae7
154,284,9.46004,0x739c5f6d73d483705a08f9a52c7cd61c7933573e,2017-10-31T10:51:52.000Z,0.03331,0x693de8556b4118333a571c4263c9b28698125f54,buy,0xb63b606ac810a52cca15e44bb630fd42d8d1d83d,0x33abecbd47519f74146feaeee4dc4835e2ca628d176f57f33e871bece62d7693
155,52.19598701,1.64,0x739c5f6d73d483705a08f9a52c7cd61c7933573e,2017-10-31T10:51:52.000Z,0.03142004000586864,0x935173f080cbd985b843079d4fccc360c04cc839,buy,0xb63b606ac810a52cca15e44bb630fd42d8d1d83d,0xd9d3e17e95d5ab66d35940998a51b964036bf11e2d52ab76da704f4aae0f92a1
156,0.016,0.000464,0x92d3ed39d77c4a667d2a193dd9b946ac8fedf94f,2017-10-31T05:01:57.000Z,0.029,0xe444a40689f51f63bcd29910622035707d533d29,sell,0xb63b606ac810a52cca15e44bb630fd42d8d1d83d,0xdca910a9b93b39595bf96f54bd2914687c18765129a70ee4605f5264c69f8a9f
157,20,0.6195,0x166188b6c29109e258fcd2e9da6aba12a6fb6ce2,2017-10-31T03:46:36.000Z,0.030975,0xf34d9150d7647e0ce3c3af41a7a4ac643519e43f,buy,0xb63b606ac810a52cca15e44bb630fd42d8d1d83d,0x7fadc7063567d1abb1abfb622447329078453d6751d6a973f0a3f323f905648c
158,25,0.75,0x166188b6c29109e258fcd2e9da6aba12a6fb6ce2,2017-10-31T03:46:17.000Z,0.03,0x8efdb5ee103c2295dab1410b4e3d1ed7a91584d4,buy,0xb63b606ac810a52cca15e44bb630fd42d8d1d83d,0x4c40dcb9c0265c39d8382873e6f8f365e2aa0cadc8497d7181554dd50addc96b
159,16.6019604,0.4976898794511319,0x166188b6c29109e258fcd2e9da6aba12a6fb6ce2,2017-10-31T03:45:39.000Z,0.029977777772023352,0xe103ce33b3e32194d075cb23e56c94c14f12704c,buy,0xb63b606ac810a52cca15e44bb630fd42d8d1d83d,0xe95dc5d9c9f8c12f35fa60437bd5f6023520b939e85dfc058e85aed1235041c4
160,24.45,0.7335,0x166188b6c29109e258fcd2e9da6aba12a6fb6ce2,2017-10-31T03:42:53.000Z,0.03,0x28ef6c0161667aac9268f93250a7798591c428ff,buy,0xb63b606ac810a52cca15e44bb630fd42d8d1d83d,0x339838f3553ad540ffe3905773bc7b0557ccf6d2b730c1748e69cf0b066a4a41
161,33.28803959,0.997901453494168,0xb083bed670816496ff233bc14fd97b44b00bbdce,2017-10-31T03:17:58.000Z,0.02997777777799645,0xe103ce33b3e32194d075cb23e56c94c14f12704c,buy,0xb63b606ac810a52cca15e44bb630fd42d8d1d83d,0xed8c413a4cab09dd430fc5ae55e2470ec29442d2a17056130165fa96fb209c22
162,7.613,0.22839,0x3e27dac849132cf52c05dc1e3f4158b48517765d,2017-10-31T01:31:12.000Z,0.03,0xcf29cb3c3d129b7e39e6b087d06288c64a28fe1b,sell,0xb63b606ac810a52cca15e44bb630fd42d8d1d83d,0xfa1897e2c593f677378b1ce94d6e84839f4bab172d87b96991f1344351f8e801
163,0.1,0.002997777777,0x0c4085d8e714ca77ac5f46cd2b80a92d238a7cd3,2017-10-31T01:01:15.000Z,0.02997777777,0xe103ce33b3e32194d075cb23e56c94c14f12704c,buy,0xb63b606ac810a52cca15e44bb630fd42d8d1d83d,0x514d4f4db916c5c5178c7db0b795ef197c89084312928295a2ce042d9db0fcc6
164,22.99999999,0.6880190100221563,0xb35bbacff00dc7e9d4e293ae342034e5c4ab8196,2017-10-30T17:47:14.000Z,0.029913870013969345,0x935173f080cbd985b843079d4fccc360c04cc839,buy,0xb63b606ac810a52cca15e44bb630fd42d8d1d83d,0x0dfa180cd200842436236ba5d4575db0d6f195ca5ce534876c8ccc830483a754
165,0.99690958,0.0299072874,0x3e27dac849132cf52c05dc1e3f4158b48517765d,2017-10-30T15:50:51.000Z,0.03,0x994c5857751ecafecbff55b97fadda1c5b37136d,sell,0xb63b606ac810a52cca15e44bb630fd42d8d1d83d,0x76dd7c2acff66356acb1ad3d4d6ae0a59e8a92cca3f0e8e83f6c3667445fcb90
166,0.01888275,0.00054759975,0x92d3ed39d77c4a667d2a193dd9b946ac8fedf94f,2017-10-30T14:43:15.000Z,0.029,0x7e878414637ddaa9e954fc5a73dd2fed5990ba42,sell,0xb63b606ac810a52cca15e44bb630fd42d8d1d83d,0xf791c9529ae394c5e8877b89d161c91a5b20b57fad48f2717131c3705b028151
167,189.41282025,5.285091217025625,0xeb73d8f2590f7929d82cc2f832f2c94ce4789fba,2017-10-30T14:41:33.000Z,0.0279025,0x7e878414637ddaa9e954fc5a73dd2fed5990ba42,sell,0xb63b606ac810a52cca15e44bb630fd42d8d1d83d,0x3b1a09232fcf3be4b2e3d6f0db43e57d29f52e6e2506e7e5bcc9a9bd4d80e8b5
168,0.01,0.0002997777777,0x6cdea8e07bf82d7a07dbf36642d6e5be8623845c,2017-10-30T13:13:09.000Z,0.02997777777,0xe103ce33b3e32194d075cb23e56c94c14f12704c,buy,0xb63b606ac810a52cca15e44bb630fd42d8d1d83d,0x88c7b82c20bc5f5f8621f78d393572cde397ef0d889d4c6ad82ecda8655f1d5a
169,1.7,0.051,0x58ec8ee89d3eeb2814d216c20a023f3d88c91d19,2017-10-30T07:15:56.000Z,0.03,0x3fa2ad7a98965a6763be05a8a358cd39ee39c5b2,sell,0xb63b606ac810a52cca15e44bb630fd42d8d1d83d,0x93cab5f4df94637f5b4635c4d3860558c52fdcb1fb10d12fba1b1e127fe04ba1
170,0.55,0.0165,0x8f40579ae7390c5f6d821d8a69c9666c2a9cf163,2017-10-30T03:47:53.000Z,0.03,0x28ef6c0161667aac9268f93250a7798591c428ff,buy,0xb63b606ac810a52cca15e44bb630fd42d8d1d83d,0xaaa5423ed22679ee4c642eb2208a31530d3e2522835fd543d781d0d2dc3cd901
171,0.014,0.000406,0x92d3ed39d77c4a667d2a193dd9b946ac8fedf94f,2017-10-30T02:45:54.000Z,0.029,0x16e5d97bbc92417e051e3b2cabfbf8ceea2acb9c,sell,0xb63b606ac810a52cca15e44bb630fd42d8d1d83d,0x63cb37a2344149cd7abefa3e9c1d12ede99ef3a7b5abb07701d843ebd82f311c
172,0.018,0.000522,0x92d3ed39d77c4a667d2a193dd9b946ac8fedf94f,2017-10-30T02:43:50.000Z,0.029,0x379374d13077e8867ef31803c37baf9785a17c00,sell,0xb63b606ac810a52cca15e44bb630fd42d8d1d83d,0xcb8690e82babc07991c57d1dfe6c9136df6cc67eb9bab773ed8c3c6f2ca5d31f
173,6.76827723,0.188834934717,0xb79ae9c590c31c10730895fd6efd17a31413073a,2017-10-29T20:59:11.000Z,0.0279,0xced732ca92cb4f040239c4e8c85f14acbb5db000,sell,0xb63b606ac810a52cca15e44bb630fd42d8d1d83d,0x92624aeb105424b2ac1777e8742a3a3143b30659518ebd9179c3057c0f2b8877
174,3.39386732,0.10520988711344104,0x994c5857751ecafecbff55b97fadda1c5b37136d,2017-10-29T16:43:31.000Z,0.03100000005699723,0xcf29cb3c3d129b7e39e6b087d06288c64a28fe1b,buy,0xb63b606ac810a52cca15e44bb630fd42d8d1d83d,0x57c43fe929f6b4edc3cd99ca8ec897c6ec2aa9a89b642b7e655c5b467fc9e0da
175,1.98209586,0.06144497192704586,0x994c5857751ecafecbff55b97fadda1c5b37136d,2017-10-29T16:04:43.000Z,0.031000000134729033,0xcf29cb3c3d129b7e39e6b087d06288c64a28fe1b,buy,0xb63b606ac810a52cca15e44bb630fd42d8d1d83d,0xa4ed4e5a96e69350cb2f11a6e2c25a3569f0fac0dc84244b920482451d733db2
176,10.57721064,0.294046455792,0xb79ae9c590c31c10730895fd6efd17a31413073a,2017-10-29T14:42:19.000Z,0.0278,0xff96cb16399110f0b6bafb399dd8f39bb651ce14,sell,0xb63b606ac810a52cca15e44bb630fd42d8d1d83d,0x6b6b3b639a52de35db7215d484af7ca6f05f660ab97cb4935d61bed8fd467476
177,0.0010487,0.000032509810601454,0x1c9e97a757f4176bc4269b51f6ed630617e522b7,2017-10-29T12:21:13.000Z,0.031000105465294175,0xcf29cb3c3d129b7e39e6b087d06288c64a28fe1b,buy,0xb63b606ac810a52cca15e44bb630fd42d8d1d83d,0xc1ae4f3fc369ed5e383769bb405eedce8b179aedbe6199f0cce89307c0e61e5e
178,10.51954548,0.32610591014318024,0x1c9e97a757f4176bc4269b51f6ed630617e522b7,2017-10-29T12:20:06.000Z,0.031000000025018213,0xcf29cb3c3d129b7e39e6b087d06288c64a28fe1b,buy,0xb63b606ac810a52cca15e44bb630fd42d8d1d83d,0x315b3d2011ace960bf5666c040014f3afbca1be39d542d85e1e3995dffa30fd8
179,33,1.023,0xdf665411ec76ca7222c63515b2f96f78e1b6b56d,2017-10-29T12:18:17.000Z,0.031,0xcf29cb3c3d129b7e39e6b087d06288c64a28fe1b,buy,0xb63b606ac810a52cca15e44bb630fd42d8d1d83d,0x6de52de1e6f35ffe6c91852b9063c3b018add27d9b9c83c32609aa1f85e0625c
180,0.1,0.002999999,0xdf665411ec76ca7222c63515b2f96f78e1b6b56d,2017-10-29T12:16:58.000Z,0.02999999,0x570f2a60cc5d452e539c76e1eb623f5f27f5ff96,buy,0xb63b606ac810a52cca15e44bb630fd42d8d1d83d,0x253fa37fc467e133fe44ba74ae89a41d9fb537aa77d45ec37743b5fd5067bb56
181,0.065,0.0018777772,0x97bb447b8b9c6e8fc625d50e4ad6780dbe54dea9,2017-10-29T11:49:49.000Z,0.02888888,0x570f2a60cc5d452e539c76e1eb623f5f27f5ff96,buy,0xb63b606ac810a52cca15e44bb630fd42d8d1d83d,0xb417cded17f2379907a28d83ea06d3efcdcf96f3e6b4c9c4ba7705b3d4a76f55
182,20,0.6,0x038b23e1d4d404d716d643ecebcbb738d81f6957,2017-10-29T09:40:05.000Z,0.03,0xcf29cb3c3d129b7e39e6b087d06288c64a28fe1b,buy,0xb63b606ac810a52cca15e44bb630fd42d8d1d83d,0x274bc5707b33cb91ec9fb298912588681c625fad96c89d940460840463908982
183,18.604,0.534865,0x038b23e1d4d404d716d643ecebcbb738d81f6957,2017-10-29T09:39:45.000Z,0.02875,0xeb73d8f2590f7929d82cc2f832f2c94ce4789fba,buy,0xb63b606ac810a52cca15e44bb630fd42d8d1d83d,0x0bb9f24772e726531c65419fb5d5310c69d119cf8ed9746bdf3b7398dc41f418
184,6.39578863,0.18387892333765327,0x05de76c83f99903d1cd35283fc17935ad8bcdd60,2017-10-29T03:30:19.000Z,0.028750000035203362,0xeb73d8f2590f7929d82cc2f832f2c94ce4789fba,buy,0xb63b606ac810a52cca15e44bb630fd42d8d1d83d,0x5580bdf0f91d0c72afa6c557117fc93f23961fc0ea85756a0e0405af4bc6772c
185,25.04204966,0.656101701092,0xeb73d8f2590f7929d82cc2f832f2c94ce4789fba,2017-10-29T03:07:01.000Z,0.0262,0x0f910b6dba591458fc743eebd5aaff79f1ddd0ae,sell,0xb63b606ac810a52cca15e44bb630fd42d8d1d83d,0xbf541bce9a4fb9641bd74428f948d594154550f5c3027181eaa47716bcbc1cfa
186,2.54833347,0.066746205079587,0x0ce4b16411b408bc9f06d456175db3cc79b25299,2017-10-29T00:24:13.000Z,0.0261921,0xf6fb7a4de4bf4bc746783abc63000b0148dac855,sell,0xb63b606ac810a52cca15e44bb630fd42d8d1d83d,0xd6641974e047710911f35f8c576d2dbe3c5020cf3fca3bbf69bd441255e99b5f
187,0.01730769,0.0005,0xe444a40689f51f63bcd29910622035707d533d29,2017-10-28T20:45:28.000Z,0.028888892740741256,0x570f2a60cc5d452e539c76e1eb623f5f27f5ff96,buy,0xb63b606ac810a52cca15e44bb630fd42d8d1d83d,0xb75ff4e82a9ff3341dc454f63d629436f6622d0d4303eeb5410a749ef9ff27c7
188,0.01730769,0.0005,0x34f9560c63078eb61872a4dc2ccd20e21c34feaf,2017-10-28T20:45:17.000Z,0.028888892740741256,0x570f2a60cc5d452e539c76e1eb623f5f27f5ff96,buy,0xb63b606ac810a52cca15e44bb630fd42d8d1d83d,0x167641b84a30a41984c0b5a721d4ec03d3ecefc1efa53b3b9a889227c83b9559
189,52.31781477,1.365494965497,0x009a12d4290630bc01fd82516ac57c1dc6a9bcfb,2017-10-28T17:16:12.000Z,0.0261,0x317e98510fdb4a82b70c70851b89e855db5bce01,sell,0xb63b606ac810a52cca15e44bb630fd42d8d1d83d,0xbbea29dac1de3bb1a564559c206c1d6b0df163b349b8df12f9b75d2644e6c662
190,4.98486771,0.130105047231,0x009a12d4290630bc01fd82516ac57c1dc6a9bcfb,2017-10-28T17:00:32.000Z,0.0261,0x994c5857751ecafecbff55b97fadda1c5b37136d,sell,0xb63b606ac810a52cca15e44bb630fd42d8d1d83d,0x42c19caa7c310d8ca6f21db6e6f585b04cc98fb5e8e88cca557252aa4a26d298
191,16.93841372,0.442092598092,0x009a12d4290630bc01fd82516ac57c1dc6a9bcfb,2017-10-28T16:55:14.000Z,0.0261,0x1ed014aec47fae44c9e55bac7662c0b78ae61798,sell,0xb63b606ac810a52cca15e44bb630fd42d8d1d83d,0x19d51871056a58e6c2ae799800a1f45cceb87cf28471991f1b42541bbb5a75ab
192,4.33552494,0.11705917356195793,0x1c9e97a757f4176bc4269b51f6ed630617e522b7,2017-10-28T09:08:29.000Z,0.027000000041969067,0x390107eb1f95edbac995de7565a5f90e13bc7575,buy,0xb63b606ac810a52cca15e44bb630fd42d8d1d83d,0xb7a7f14ae301a6c9c47b14376af4d43349176c4bb7b777cb8d4b5d18ab8e7f21
193,827.54959396,22.343839036965885,0xc2832a0e76fa707f40c172d7d31144a19b10f583,2017-10-28T08:57:57.000Z,0.02700000000005545,0x0f910b6dba591458fc743eebd5aaff79f1ddd0ae,buy,0xb63b606ac810a52cca15e44bb630fd42d8d1d83d,0x89318e6532c99079328cf958ec15af8c969ae1604796ecb1d9cb86fb324dd4b4
194,0.00004266,0.000001151847476393,0xc2832a0e76fa707f40c172d7d31144a19b10f583,2017-10-28T08:54:05.000Z,0.02700064407859822,0x0f910b6dba591458fc743eebd5aaff79f1ddd0ae,buy,0xb63b606ac810a52cca15e44bb630fd42d8d1d83d,0x99290e1b3704903a6dd357eaa3f565581dbcfaceff75f9757a289dd9e56726d8
195,0.42793266,0.011554182035689363,0xc2832a0e76fa707f40c172d7d31144a19b10f583,2017-10-28T08:52:31.000Z,0.02700000050402641,0x390107eb1f95edbac995de7565a5f90e13bc7575,buy,0xb63b606ac810a52cca15e44bb630fd42d8d1d83d,0x6a82ce100cc6774fdf5c2ee354c629b5afaaca5a49e89da5418bb39866a4e5b7
196,102.54368816,2.7686795805696343,0xff4482de17e729e19d75d70fc005f2e4ba75905f,2017-10-28T08:52:31.000Z,0.02700000000243442,0x0f910b6dba591458fc743eebd5aaff79f1ddd0ae,buy,0xb63b606ac810a52cca15e44bb630fd42d8d1d83d,0x9297f86a78d09266f1fd3591bd3ce7966b77106d00dbe0b87d894add925fc22a
197,59.5926752,1.6090022306170042,0x935173f080cbd985b843079d4fccc360c04cc839,2017-10-28T08:46:53.000Z,0.02700000000364146,0x0f910b6dba591458fc743eebd5aaff79f1ddd0ae,buy,0xb63b606ac810a52cca15e44bb630fd42d8d1d83d,0x04e32c6a4d316518758cdad999ab0620d6efe8f48d2785e31d3755fb5e1aabac
198,5.84654238,0.1578566444023527,0x5f0b4a13988e310aa5c8a891ac46a4e5e7dd283e,2017-10-28T08:28:48.000Z,0.027000000024348186,0x390107eb1f95edbac995de7565a5f90e13bc7575,buy,0xb63b606ac810a52cca15e44bb630fd42d8d1d83d,0x865656579088259a58581139a19acf14a87216c817fe9ea920a357371b7d0f67
199,0.1,0.002444444,0x570f2a60cc5d452e539c76e1eb623f5f27f5ff96,2017-10-28T00:09:13.000Z,0.02444444,0x00cfb7519d9a9a14aaf53a03bd743daeec13ee92,sell,0xb63b606ac810a52cca15e44bb630fd42d8d1d83d,0xc0d616d12a123d7b18966675d15257396fa65f27ce6f1411c42a3e595e616bff
200,0.1,0.002666666,0x570f2a60cc5d452e539c76e1eb623f5f27f5ff96,2017-10-28T00:07:19.000Z,0.02666666,0x00cfb7519d9a9a14aaf53a03bd743daeec13ee92,sell,0xb63b606ac810a52cca15e44bb630fd42d8d1d83d,0x2fb38fca4200eda475d6df66ecdee2599b2c1256dbd74355e614b193599a54ed
201,0.1,0.002777777,0x570f2a60cc5d452e539c76e1eb623f5f27f5ff96,2017-10-28T00:05:10.000Z,0.02777777,0x00cfb7519d9a9a14aaf53a03bd743daeec13ee92,sell,0xb63b606ac810a52cca15e44bb630fd42d8d1d83d,0x927b0e99677569de3d910843f6dd216b878e2f75306e99c698b3efcd77f4a771
202,99.69095803,2.3935799023003,0x009a12d4290630bc01fd82516ac57c1dc6a9bcfb,2017-10-27T20:16:03.000Z,0.02401,0xcff17df85be21ea407588e9731ded9035ad0062a,sell,0xb63b606ac810a52cca15e44bb630fd42d8d1d83d,0xd9517806301b3888a2fb140d775b3658afa50719554bc1336a4f7c70e7855758
203,57.49959271,1.38,0x935173f080cbd985b843079d4fccc360c04cc839,2017-10-27T15:42:40.000Z,0.024000170000508515,0xda747bf9a8615f0285ed39aef94770c4df30f22d,sell,0xb63b606ac810a52cca15e44bb630fd42d8d1d83d,0xf35c1e8354bc5c517439f74f2fe41bbb6b78b33a293084e1dd6133c82ecb43c6
204,39.91,0.9579593309,0x3dee4a4e076e8d82859d241db0baf46f112cfa23,2017-10-27T15:30:33.000Z,0.02400299,0xd72d8f6e3d20b52993f892d8c443b05b45e654b6,sell,0xb63b606ac810a52cca15e44bb630fd42d8d1d83d,0x54727dcd5e496bef7db0fecf8a41ee8590a9058ddc33729d3f188139bf4fb60f
205,30.71963017,0.9969598251392183,0xf73db7ad7f972188f6b27b63f9c97f535e9bf074,2017-10-27T13:45:37.000Z,0.03245351000718829,0x935173f080cbd985b843079d4fccc360c04cc839,buy,0xb63b606ac810a52cca15e44bb630fd42d8d1d83d,0x58312557ab5dcba1bfbba98f2a6543361ee6dc0ca7e3c6e5b16a88507e062a7c
206,15.7501866,0.5040059714986906,0xf73db7ad7f972188f6b27b63f9c97f535e9bf074,2017-10-27T13:37:17.000Z,0.03200000001896426,0x17c342d93ae3f44cdb81336b986f12046f912511,buy,0xb63b606ac810a52cca15e44bb630fd42d8d1d83d,0x8820a3f4a97445c45764a2afcab5bf3d29ca0df5051088f2bb143129fd880405
207,4.99999999,0.16444515000576118,0x411a3290ddf58b5fc10d664c6f51a24b12d18240,2017-10-27T11:04:02.000Z,0.0328890300669303,0x935173f080cbd985b843079d4fccc360c04cc839,buy,0xb63b606ac810a52cca15e44bb630fd42d8d1d83d,0x2575afe6a29ffb76254bc3ea1da0791cdba9b976418bfd784f606a3a5f803fea
208,11.59772816,0.285084915673776,0x3dee4a4e076e8d82859d241db0baf46f112cfa23,2017-10-27T07:38:02.000Z,0.0245811,0xa9d28feb8344a9f3ce80ac2e676f85a0f97af091,sell,0xb63b606ac810a52cca15e44bb630fd42d8d1d83d,0x008fab6492a2fc8078ff1f8532db146bd7a33e5c49fc71abcf879f1cf4e2ec9d
209,3.20790489,0.07624137730761563,0x935173f080cbd985b843079d4fccc360c04cc839,2017-10-26T21:06:16.000Z,0.023766720000110608,0x994c5857751ecafecbff55b97fadda1c5b37136d,sell,0xb63b606ac810a52cca15e44bb630fd42d8d1d83d,0x1c7207e893b09398005e12d720d809029b0617a15de83314e886e94632460db3
210,0.2,0.00542,0xe41b5e6d7328eb3a519efe0ed8d63c8d1e63acf5,2017-10-26T21:04:33.000Z,0.0271,0x994c5857751ecafecbff55b97fadda1c5b37136d,sell,0xb63b606ac810a52cca15e44bb630fd42d8d1d83d,0x9528ad7cc5dbd74dee0e5528514bd261eb3afb9f23125d85236fb9f0f63d23e4
211,0.25,0.006775,0xe41b5e6d7328eb3a519efe0ed8d63c8d1e63acf5,2017-10-26T20:53:44.000Z,0.0271,0x994c5857751ecafecbff55b97fadda1c5b37136d,sell,0xb63b606ac810a52cca15e44bb630fd42d8d1d83d,0x4598f48361fb0d291f408695c457b27da2115f4cc28308378efc7cd6c35a78c4
212,49.75,1.348225,0xe41b5e6d7328eb3a519efe0ed8d63c8d1e63acf5,2017-10-26T20:07:08.000Z,0.0271,0x935173f080cbd985b843079d4fccc360c04cc839,sell,0xb63b606ac810a52cca15e44bb630fd42d8d1d83d,0xb8cd1cc156b0058758248fa6bc6a6b66b4e055ff459c82620aa6710f3bc8fc61
213,39.8,1.07858,0xe41b5e6d7328eb3a519efe0ed8d63c8d1e63acf5,2017-10-26T19:37:19.000Z,0.0271,0x935173f080cbd985b843079d4fccc360c04cc839,sell,0xb63b606ac810a52cca15e44bb630fd42d8d1d83d,0x6edcfa5ab80d13b8f411ba9490fbe92484aad970bd169ababeb3c1f75ab44ca3
214,7.44619837,0.20104735599,0x0bab6a91ed47367a8b44e325f45e246aa47195a1,2017-10-26T11:44:58.000Z,0.027,0x6bad391397f5f6047d3b6752576ee1a4ae3d2927,sell,0xb63b606ac810a52cca15e44bb630fd42d8d1d83d,0x90965c5ce45711701920c316fdc0386ab7280ad58ceb0c83a3fd33f8a7259fb8
215,13.275,0.3650625,0x3fa2ad7a98965a6763be05a8a358cd39ee39c5b2,2017-10-26T11:41:31.000Z,0.0275,0x6bad391397f5f6047d3b6752576ee1a4ae3d2927,sell,0xb63b606ac810a52cca15e44bb630fd42d8d1d83d,0xa1a80fd48e99a55e6187f79a177cb7747ffceb2a0ee9c3529b13d59b99b62482
216,5.41820356,0.14629149612,0x0bab6a91ed47367a8b44e325f45e246aa47195a1,2017-10-26T10:41:36.000Z,0.027,0xe2eabfc1e89a462bbd2ba188cd8a9591a9a0d04e,sell,0xb63b606ac810a52cca15e44bb630fd42d8d1d83d,0x478079ffba6ab917ded585650a3917957f61e75181cede80756aedbd9a181633
217,5,0.1355,0x692306857d17a8f31bb5feb17cfe765773487e66,2017-10-26T10:40:33.000Z,0.0271,0xe2eabfc1e89a462bbd2ba188cd8a9591a9a0d04e,sell,0xb63b606ac810a52cca15e44bb630fd42d8d1d83d,0x8357d2aec1833c4db4e57ae895e4b4fdacdbdb8dbde7146356382c885cb8e0a7
218,12.94609065,0.3560174929356916,0x2b21d88e6a57eefd32bd5a4f6687acc1b306e9ee,2017-10-25T23:22:53.000Z,0.027500000004688024,0x17c342d93ae3f44cdb81336b986f12046f912511,buy,0xb63b606ac810a52cca15e44bb630fd42d8d1d83d,0xffea0214909bcfbb00073adb30de7d02abb1bf4b5ac93ce1cf34bf13c6f489cb
219,0.1,0.003111111,0xebf57c507ca9bca89aa26aab5d58b05115336df2,2017-10-25T19:55:45.000Z,0.03111111,0x570f2a60cc5d452e539c76e1eb623f5f27f5ff96,buy,0xb63b606ac810a52cca15e44bb630fd42d8d1d83d,0xce1c69fdd4e4a7b18a63a142197f0f50b288af7f5d547d21486d58f3e7077879
220,0.1,0.002999999,0xebf57c507ca9bca89aa26aab5d58b05115336df2,2017-10-25T19:54:28.000Z,0.02999999,0x570f2a60cc5d452e539c76e1eb623f5f27f5ff96,buy,0xb63b606ac810a52cca15e44bb630fd42d8d1d83d,0x57409a68514e7f096b341252b6da8050af8f4d3b39d45a63b33b80bc3f1e4b56
221,2,0.05498,0xebf57c507ca9bca89aa26aab5d58b05115336df2,2017-10-25T19:53:38.000Z,0.02749,0xfbf7dc0756a9768d0c71aea5f8421f3b1eaee7d1,buy,0xb63b606ac810a52cca15e44bb630fd42d8d1d83d,0x3c73c137972e1d9c9c814931f5853da72a819499f95710b1a5d953300f843060
222,36.8,1.00832,0x541e350501dd562d2e6d61ef0b60050eb11c09e7,2017-10-25T12:47:14.000Z,0.0274,0xfbf7dc0756a9768d0c71aea5f8421f3b1eaee7d1,buy,0xb63b606ac810a52cca15e44bb630fd42d8d1d83d,0x094e3552acd510c0d86a3084abb9cd74202db2a16964e6c303dfdb7271c91b27
223,9.06764389,0.23389008111305054,0x935173f080cbd985b843079d4fccc360c04cc839,2017-10-25T10:55:37.000Z,0.0257939200028565,0x882febcf8fcb8b9559cea501f02880b6c27cd970,sell,0xb63b606ac810a52cca15e44bb630fd42d8d1d83d,0xe67ef284d94007d3446306c24ff9594c73ec706126a993e85519151249c30e16
224,36.16,0.9999802112,0xf5ac223e5cabbf8b4ebf1738b88bc1b6c931fba8,2017-10-25T05:45:54.000Z,0.02765432,0xe4344b1ce3d141f113d7f04e8df4f2946dfce4af,buy,0xb63b606ac810a52cca15e44bb630fd42d8d1d83d,0x2287a70c3bc220ba8b9860b8e4a750c83a6a8e304c2c3beb17f1d9f0ff6c60a8
225,3.938,0.102388,0x16f18a1128ceb213e151e3c127ccbf95f1dec0a1,2017-10-25T02:53:50.000Z,0.026,0xe4344b1ce3d141f113d7f04e8df4f2946dfce4af,sell,0xb63b606ac810a52cca15e44bb630fd42d8d1d83d,0x9df7431e6d559496be36285abbef556da9a49707017a3d8aa1e3da4878c34b22
226,0.9,0.02484,0xe1fa699860444be91d366c21de8fef56e3dec77a,2017-10-25T02:25:36.000Z,0.0276,0xfbf7dc0756a9768d0c71aea5f8421f3b1eaee7d1,buy,0xb63b606ac810a52cca15e44bb630fd42d8d1d83d,0xa99d45b69aec35b0a8405a197388dc8ddb1600fd5fb5e493922ec72c2b541a75
227,50,1.3705,0x818d160511a47a51f09fb2bbbaa85b3f00ad44b5,2017-10-24T19:46:41.000Z,0.02741,0xb79ae9c590c31c10730895fd6efd17a31413073a,buy,0xb63b606ac810a52cca15e44bb630fd42d8d1d83d,0x9f7367bf1d460e6296000bf8cc6e7de5886be007b84b4874289e769ac1a54c9c
228,1.95909012,0.04995679806,0xd2ea382e498316d91b9de8557670149b479721a0,2017-10-24T15:23:59.000Z,0.0255,0xac4714299a63913752aeb8b36f83ef058fec490b,buy,0xb63b606ac810a52cca15e44bb630fd42d8d1d83d,0x50ca620a15ec4558b6afb94ae4c0e181699a7621dc3370405c4801f56ed77b8a
229,1.95321284,0.05078353384,0x16f18a1128ceb213e151e3c127ccbf95f1dec0a1,2017-10-24T15:23:59.000Z,0.026,0xd2ea382e498316d91b9de8557670149b479721a0,sell,0xb63b606ac810a52cca15e44bb630fd42d8d1d83d,0x50ca620a15ec4558b6afb94ae4c0e181699a7621dc3370405c4801f56ed77b8a
230,0.09970089,0.0027694683912153,0x570f2a60cc5d452e539c76e1eb623f5f27f5ff96,2017-10-24T15:21:14.000Z,0.02777777,0x1d5321e125f6c7079a716705541c7b371ca79e69,sell,0xb63b606ac810a52cca15e44bb630fd42d8d1d83d,0x3edf15da80bacfbe613418d846e56fd49fb88036a76559c49aa8f6c4e7d027fa
231,0.1,0.0026,0x1d5321e125f6c7079a716705541c7b371ca79e69,2017-10-24T15:21:14.000Z,0.026,0xac4714299a63913752aeb8b36f83ef058fec490b,buy,0xb63b606ac810a52cca15e44bb630fd42d8d1d83d,0x3edf15da80bacfbe613418d846e56fd49fb88036a76559c49aa8f6c4e7d027fa
232,0.1,0.00279,0xe1fa699860444be91d366c21de8fef56e3dec77a,2017-10-24T11:06:02.000Z,0.0279,0xfbf7dc0756a9768d0c71aea5f8421f3b1eaee7d1,buy,0xb63b606ac810a52cca15e44bb630fd42d8d1d83d,0x5f2a552b951bb3c83628dab6f8db4cd2c82067231feca1e45c4f39059723cd97
233,25.12,0.655632,0xb79ae9c590c31c10730895fd6efd17a31413073a,2017-10-24T04:28:15.000Z,0.0261,0x0f910b6dba591458fc743eebd5aaff79f1ddd0ae,sell,0xb63b606ac810a52cca15e44bb630fd42d8d1d83d,0x79dc7e6e819ea8b08de71e44a0b903becfaf4114c8870b8d8c25f7fa462db1d6
234,39.8,1.05868,0xfbf7dc0756a9768d0c71aea5f8421f3b1eaee7d1,2017-10-24T01:53:24.000Z,0.0266,0x935173f080cbd985b843079d4fccc360c04cc839,sell,0xb63b606ac810a52cca15e44bb630fd42d8d1d83d,0x71e79f01d157b5d453b59f7d081950c32d84068d68209e3afacfdca38aa24355
235,14.7044163,0.38966703195,0x8dcee46691008231078757ac146db15273e414ad,2017-10-23T21:15:28.000Z,0.0265,0x4741a0d68b10370234a30491bfbe800f946894c8,sell,0xb63b606ac810a52cca15e44bb630fd42d8d1d83d,0xd73def84b1d473025d5afacf11a1e20153dbf45557060dbf9483c09c3cfaf878
236,49,1.304224180140243,0x935173f080cbd985b843079d4fccc360c04cc839,2017-10-23T21:01:53.000Z,0.026616820002862102,0xe4344b1ce3d141f113d7f04e8df4f2946dfce4af,sell,0xb63b606ac810a52cca15e44bb630fd42d8d1d83d,0x33a40348e3677ee57ca3e8b9a10bceb6690cea3ef70d65d0f1f33e82deb4f2d1
237,14,0.434,0x84e53c7f9f690240ebc1900125dabcf06027d816,2017-10-23T14:23:50.000Z,0.031,0x12b023510137e1a2cbc6954e1cfc7c7a86865b0f,buy,0xb63b606ac810a52cca15e44bb630fd42d8d1d83d,0x960cca0e24c6b8a90e74045ca796dbdddf79c5cde0e2001ccc0babc9620b4e04
238,36,1.062,0x84e53c7f9f690240ebc1900125dabcf06027d816,2017-10-23T13:25:03.000Z,0.0295,0x8dcee46691008231078757ac146db15273e414ad,buy,0xb63b606ac810a52cca15e44bb630fd42d8d1d83d,0x7c46d404f82b6f51d091bb41a487851709a3aef9c76f1a8104f5c4c1f306b6b6
239,2.6,0.0728,0x621fab0e57c8671fbda84ae1885369c80a2aff93,2017-10-23T05:07:57.000Z,0.028,0x9530b0ab27f57f2d2d5e23aea464a10c65b67235,buy,0xb63b606ac810a52cca15e44bb630fd42d8d1d83d,0x3701c7735641c83e07c9a1f19562480c44e9edf831d590d751dbec40ef65427f
240,0.68032185,0.016368924693081998,0x935173f080cbd985b843079d4fccc360c04cc839,2017-10-22T20:30:25.000Z,0.024060560002713418,0x3b69d726ae3ebea2761de911ce87140f7b798499,sell,0xb63b606ac810a52cca15e44bb630fd42d8d1d83d,0xa5ac455384c27cffd6b07f99178bcde5f52215ac23ff42324972d5911019e7b5
241,14.9536437,0.3538036585516048,0x935173f080cbd985b843079d4fccc360c04cc839,2017-10-22T13:52:30.000Z,0.023660030000019646,0x1e9c628c714f4f927e5faaf2810300e7283af3eb,sell,0xb63b606ac810a52cca15e44bb630fd42d8d1d83d,0x84a422adfe2514e6cb72f2accba80654c12a05823c123542d023972ddce8ca61
242,100,2.101,0x3dee4a4e076e8d82859d241db0baf46f112cfa23,2017-10-22T11:06:41.000Z,0.02101,0x4d517d272ce8d879d8891518e70153b49d2cdb96,sell,0xb63b606ac810a52cca15e44bb630fd42d8d1d83d,0x077aeabf5cfcd9e13554049c802eedaf26b96118f3d5d14846f6d11950688f9c
243,53.623,1.394198,0x6bad391397f5f6047d3b6752576ee1a4ae3d2927,2017-10-22T00:13:34.000Z,0.026,0x25139e09ccbb2de58c4817467f7f8ad2b3fd23f3,buy,0xb63b606ac810a52cca15e44bb630fd42d8d1d83d,0x8415a76f4188604e3afef73210c0fe2d7c45f0c69040300c522083cd807e8833
244,5,0.12925,0xf142f26d1cac4ba8a6e6d7974d243eda2fe5f4f9,2017-10-21T21:56:08.000Z,0.02585,0x493a2afd4d49a26fe1d9e2009af23308676a0657,buy,0xb63b606ac810a52cca15e44bb630fd42d8d1d83d,0xf77455138051f803c4e43e8747db85488411ef83f1c804ac98f9570392939284
245,50.718,1.31232825,0xf142f26d1cac4ba8a6e6d7974d243eda2fe5f4f9,2017-10-21T21:56:08.000Z,0.025875,0xc018f8f7bc0a71fe6ea204764d6ecbffed7c265d,buy,0xb63b606ac810a52cca15e44bb630fd42d8d1d83d,0xd2476cb86347923255cf6cc85f4e6bb6c24eee09f30a65f0b2dc7105fda618c8
246,0.15,0.00388125,0x2c9ef0b9dfb2a5cb63408c5ff73f9ada6d73074e,2017-10-21T20:25:00.000Z,0.025875,0xc018f8f7bc0a71fe6ea204764d6ecbffed7c265d,buy,0xb63b606ac810a52cca15e44bb630fd42d8d1d83d,0x0ed01aeecfee75e24c1e02780297dc438ecf8e450810699f6afb2469585cc177
247,32,0.828,0xcff17df85be21ea407588e9731ded9035ad0062a,2017-10-21T19:35:14.000Z,0.025875,0xc018f8f7bc0a71fe6ea204764d6ecbffed7c265d,buy,0xb63b606ac810a52cca15e44bb630fd42d8d1d83d,0x49a4eafbe44c3071acf97e0f1506ee307601d4c8b488a87e4e6550a4c7ba0c79
248,1.9938629,0.04453512112069,0x3dee4a4e076e8d82859d241db0baf46f112cfa23,2017-10-21T16:06:17.000Z,0.0223361,0x994c5857751ecafecbff55b97fadda1c5b37136d,sell,0xb63b606ac810a52cca15e44bb630fd42d8d1d83d,0xf299da5d0d41a9fee9ffd33931a5f770fddaaa9393da19d56cd6478098c7cfb4
249,15.44999999,0.38624999975,0xc11f32a3d45a3dc54b34234dd2b9f46292e69c02,2017-10-21T12:38:15.000Z,0.025,0xc018f8f7bc0a71fe6ea204764d6ecbffed7c265d,sell,0xb63b606ac810a52cca15e44bb630fd42d8d1d83d,0x6c7762865fd03bbdfb8e661a8130f600404f84743175b4fee25e4411bc355f63
250,1,0.025875,0x8abf98207ad56cb4ec656502ce429fb0deabe671,2017-10-21T08:56:26.000Z,0.025875,0xc018f8f7bc0a71fe6ea204764d6ecbffed7c265d,buy,0xb63b606ac810a52cca15e44bb630fd42d8d1d83d,0x20dd503d825234e8681e664f25c379a64f961e0c63b0c29daa6279838d3e77d6
251,9.23292134,0.24928702975360795,0x18faf82ae2537fc46adfad9f0eb4b6df8a3e7966,2017-10-21T00:49:33.000Z,0.02699980001709924,0xc018f8f7bc0a71fe6ea204764d6ecbffed7c265d,buy,0xb63b606ac810a52cca15e44bb630fd42d8d1d83d,0x2eb9a1a59838e1931ee1eb4e411a7016797364865e297adc39a862f61e3f5cd7
252,14.1,0.3807,0x1da251119e3a70bcb4aed858bd2acccff2155077,2017-10-20T21:38:31.000Z,0.027,0xced732ca92cb4f040239c4e8c85f14acbb5db000,sell,0xb63b606ac810a52cca15e44bb630fd42d8d1d83d,0xee81c13e54f59e5a2e3f4a4aad52d84329dc93c5615086601ef10f6ba4edd8ea
253,36.04930393,0.9969190227209568,0x55ba4f1fcfa9a53c4d559124d201a58609c413b3,2017-10-20T20:07:41.000Z,0.02765432100039322,0xb3bf8d2abc4087fb10f1e789bc1c44c4a707b685,buy,0xb63b606ac810a52cca15e44bb630fd42d8d1d83d,0xf7b6e1b26c8f6dfe8d99c7116dd529755ef17b2c97a5a16f87e5cf868c46a575
254,12.95982454,0.27215631534,0x3dee4a4e076e8d82859d241db0baf46f112cfa23,2017-10-20T17:25:17.000Z,0.021,0x86140bfdee016d0490090f7362b76b7bf06b3a91,sell,0xb63b606ac810a52cca15e44bb630fd42d8d1d83d,0xf3bb7f82f8e93a1b17224cdc1e4ce0c5051450c50684e679a73e795396c90eba
255,0.86731133,0.019472787250027,0x3dee4a4e076e8d82859d241db0baf46f112cfa23,2017-10-20T14:59:03.000Z,0.0224519,0x94c677110b22a5263413b6ddffacd2d06f2a6100,sell,0xb63b606ac810a52cca15e44bb630fd42d8d1d83d,0x60bb593e4adcb1d1f10df85b93c2af3374c4ebcdc4c8d59e0561cff8c964e6a9
256,0.0336791,0.000750804471648095,0x935173f080cbd985b843079d4fccc360c04cc839,2017-10-20T05:01:47.000Z,0.02229289000145773,0x01669fe4d8196c981ecbffe5631b1874c818245e,sell,0xb63b606ac810a52cca15e44bb630fd42d8d1d83d,0x727cdd91d6cb2bd9e536cd175a3e03820ebe61df54eb674e72c4f53ecc4c8e6d
257,8,0.23936,0xa53194e5e67e9eade3cfc81a6b5e426a46c58dfe,2017-10-20T03:41:44.000Z,0.02992,0xc018f8f7bc0a71fe6ea204764d6ecbffed7c265d,buy,0xb63b606ac810a52cca15e44bb630fd42d8d1d83d,0xd82ddd99ec8d503d1f23c9e1526e5a9e46e5052446b9e32843a6ffda81c3aeb6
258,4.7,0.104444434,0x4b52a29b68a08dc8fd61bda5f3eb022c25a35797,2017-10-20T02:40:34.000Z,0.02222222,0xa21b427941fa57e4ca8572eef5f511f57985a90a,sell,0xb63b606ac810a52cca15e44bb630fd42d8d1d83d,0x66680b15ad62a71bf274eb36ac5cdc33779e617d7f6ead25763cc084923a3278
259,75,1.66875,0xc018f8f7bc0a71fe6ea204764d6ecbffed7c265d,2017-10-20T02:32:20.000Z,0.02225,0xa21b427941fa57e4ca8572eef5f511f57985a90a,sell,0xb63b606ac810a52cca15e44bb630fd42d8d1d83d,0xc9ec2b76fd2568714b44de472fdaf71ca7e9cf968949543ac19567b539ad4a07
260,56.49343115,1.6948029347483573,0x24da242084efee88da129879798a915d03e514fd,2017-10-20T00:16:37.000Z,0.030000000004396215,0xc018f8f7bc0a71fe6ea204764d6ecbffed7c265d,buy,0xb63b606ac810a52cca15e44bb630fd42d8d1d83d,0xa870281b38c6699cecca9adafb2b579a0634ca9bb784ee609c585ffd5f9b264a
261,0.2,0.006,0x1352fd7ae127f80f4142b2230dd4c3bb3a5b406c,2017-10-19T19:49:47.000Z,0.03,0xc018f8f7bc0a71fe6ea204764d6ecbffed7c265d,buy,0xb63b606ac810a52cca15e44bb630fd42d8d1d83d,0x37987e247edaf798bae02916b47ddf6af17822bdda70473d6b93ac20f0283b9e
262,0.1,0.002999999,0xebf57c507ca9bca89aa26aab5d58b05115336df2,2017-10-19T17:16:52.000Z,0.02999999,0x570f2a60cc5d452e539c76e1eb623f5f27f5ff96,buy,0xb63b606ac810a52cca15e44bb630fd42d8d1d83d,0xc69490259e07bb4a53546a7dca528c38234b2a1020356d5b0e7ec21bc32599b2
263,13.11339726,0.2892815435556,0x6bad391397f5f6047d3b6752576ee1a4ae3d2927,2017-10-19T14:06:17.000Z,0.02206,0xb6a8c5331b234818bdfd542e7974372d2dd293f2,sell,0xb63b606ac810a52cca15e44bb630fd42d8d1d83d,0x85fcb997901f7898ef53bb64180cc410a77bf3a509ab601c5b7009b81ee39703
264,1,0.0328,0x3ac636ac5c3a2576156ac5f10066ca68abe0ad54,2017-10-19T04:20:45.000Z,0.0328,0xc018f8f7bc0a71fe6ea204764d6ecbffed7c265d,buy,0xb63b606ac810a52cca15e44bb630fd42d8d1d83d,0xb12986be60d70aab098b9541021d153d75cabe83845a42a958e2d74be3f22998
265,0.49845479,0.012020287106329,0x3dee4a4e076e8d82859d241db0baf46f112cfa23,2017-10-18T22:27:15.000Z,0.0241151,0xbf52f67f8524587d6a7ab1f1f8d092c635b9587f,sell,0xb63b606ac810a52cca15e44bb630fd42d8d1d83d,0x9e2ee6a4783cfd84955745acd9c51fd648181a0dcb324bd5930def70feedf12b
266,0.1,0.002888888,0xebf57c507ca9bca89aa26aab5d58b05115336df2,2017-10-18T22:17:32.000Z,0.02888888,0x570f2a60cc5d452e539c76e1eb623f5f27f5ff96,buy,0xb63b606ac810a52cca15e44bb630fd42d8d1d83d,0x0b937c0392a7d2030cfc9ebcd42e5918c595cf99fffb3e48618653169a1dfbd9
267,0.1,0.002777777,0xebf57c507ca9bca89aa26aab5d58b05115336df2,2017-10-18T22:16:45.000Z,0.02777777,0x570f2a60cc5d452e539c76e1eb623f5f27f5ff96,buy,0xb63b606ac810a52cca15e44bb630fd42d8d1d83d,0xb17fcb5d7ea372aea088408391f435f3bb8c8793dd60e16779406eca2ab1e717
268,0.06086955,0.001555555,0xebf57c507ca9bca89aa26aab5d58b05115336df2,2017-10-18T22:16:25.000Z,0.025555552817459633,0x570f2a60cc5d452e539c76e1eb623f5f27f5ff96,buy,0xb63b606ac810a52cca15e44bb630fd42d8d1d83d,0xc75651e33fb985b1c33015f34759f23b9d92ed38f4c04b68ffd452ae94448eda
269,0.01956522,0.0005,0x379374d13077e8867ef31803c37baf9785a17c00,2017-10-18T15:19:15.000Z,0.025555552148148603,0x570f2a60cc5d452e539c76e1eb623f5f27f5ff96,buy,0xb63b606ac810a52cca15e44bb630fd42d8d1d83d,0xd11488f852977ffb25db38585d1d4ea8171b743d062f7d9af141f4b636d7906c
270,0.01956522,0.0005,0xf9695cd65d6dfdf257fab76a3eb0cb8f001971cc,2017-10-18T15:19:13.000Z,0.025555552148148603,0x570f2a60cc5d452e539c76e1eb623f5f27f5ff96,buy,0xb63b606ac810a52cca15e44bb630fd42d8d1d83d,0x6a2aec3e1c4b498cbd5e1cbbcffcc7786dd413c5fb5500a48ac105f25d0b842b
271,99.2909979,2.3944024143585,0xc018f8f7bc0a71fe6ea204764d6ecbffed7c265d,2017-10-18T13:51:23.000Z,0.024115,0x366793b71fdf50d6214bf6f21059522777752093,sell,0xb63b606ac810a52cca15e44bb630fd42d8d1d83d,0x46a166eb944b8891bf1fc577fd003a0baa2d57fb91b1410f447fb07b84891f7c
272,0.1,0.002555555,0x570f2a60cc5d452e539c76e1eb623f5f27f5ff96,2017-10-18T13:50:17.000Z,0.02555555,0x366793b71fdf50d6214bf6f21059522777752093,sell,0xb63b606ac810a52cca15e44bb630fd42d8d1d83d,0x4be9a69e85db465919ac0d46b191262d0539d4d09517941dbf8221ff8eef416f
273,0.3,0.0072537,0x3dee4a4e076e8d82859d241db0baf46f112cfa23,2017-10-18T13:50:03.000Z,0.024179,0x366793b71fdf50d6214bf6f21059522777752093,sell,0xb63b606ac810a52cca15e44bb630fd42d8d1d83d,0x1f27d1e6e122b76eccbbebde46c078715211f485e92e2b81c8b47468fb915156
274,59.7,1.4434863,0x3dee4a4e076e8d82859d241db0baf46f112cfa23,2017-10-18T13:21:24.000Z,0.024179,0x935173f080cbd985b843079d4fccc360c04cc839,sell,0xb63b606ac810a52cca15e44bb630fd42d8d1d83d,0xb694c5ae8e0525844ec0bfa81d57850ca5761b0d05de26103639a948890194b4
275,12.3,0.40836,0xaebb0974e8c14e9170bfe1bfd522a2743ac45315,2017-10-18T10:09:01.000Z,0.0332,0x12b023510137e1a2cbc6954e1cfc7c7a86865b0f,buy,0xb63b606ac810a52cca15e44bb630fd42d8d1d83d,0xf5a9a27e66e19ed060f695a0505303e3793b538beb85aa9d21d6fde398e34ada
276,77.7796,2.58228272,0xaebb0974e8c14e9170bfe1bfd522a2743ac45315,2017-10-18T09:18:52.000Z,0.0332,0x12b023510137e1a2cbc6954e1cfc7c7a86865b0f,buy,0xb63b606ac810a52cca15e44bb630fd42d8d1d83d,0xfcf6beebab322b02b97f30b23663582fbd0a58458ed230d488b99e6f9e13f2d2
277,43.40956052,1.38910593664,0x873869bc3f197e7daeb1ce3021cd9aa71a87d933,2017-10-18T04:27:07.000Z,0.032,0x935173f080cbd985b843079d4fccc360c04cc839,sell,0xb63b606ac810a52cca15e44bb630fd42d8d1d83d,0x2baa33f7c188e2c4127fbe436425828197ded89ae1a6a3423a8596995b24446f
278,50,1.6,0x873869bc3f197e7daeb1ce3021cd9aa71a87d933,2017-10-18T04:20:15.000Z,0.032,0x28ef6c0161667aac9268f93250a7798591c428ff,buy,0xb63b606ac810a52cca15e44bb630fd42d8d1d83d,0xc49e8b2a0d7882d189770642bb77c98eaaaaabc99471bb5add0a570f788f1e6c
279,79.984,2.559488,0xa21b427941fa57e4ca8572eef5f511f57985a90a,2017-10-18T04:12:35.000Z,0.032,0xe4344b1ce3d141f113d7f04e8df4f2946dfce4af,buy,0xb63b606ac810a52cca15e44bb630fd42d8d1d83d,0x7527ffe0a0dd91f179d61e7daee8fd4e6a1c7cce99255569fb6c1f3238190a7f
280,20,0.64,0x634a3e40f8ce8f23294210fd79255e75284366b0,2017-10-17T18:49:42.000Z,0.032,0xe4344b1ce3d141f113d7f04e8df4f2946dfce4af,buy,0xb63b606ac810a52cca15e44bb630fd42d8d1d83d,0x640f3b8567e17a1251976ea85341f7360876d042f82a2c00c51ef9e9e767a70f
281,0.015625,0.0005,0x16e5d97bbc92417e051e3b2cabfbf8ceea2acb9c,2017-10-17T17:58:13.000Z,0.032,0xe4344b1ce3d141f113d7f04e8df4f2946dfce4af,buy,0xb63b606ac810a52cca15e44bb630fd42d8d1d83d,0x0f0f4b265623122da01c0e9a48caa7d735b414f6e2d9f5050a48aba33be4a2ef
282,9.02299999,0.2999839815761121,0xf73db7ad7f972188f6b27b63f9c97f535e9bf074,2017-10-17T14:23:31.000Z,0.03324659003752388,0x935173f080cbd985b843079d4fccc360c04cc839,buy,0xb63b606ac810a52cca15e44bb630fd42d8d1d83d,0x2eaa2a0664ad1b7068414b27b7b870ffaee2af0a3857764a720fc0d7f0f538e0
283,13.1540488,0.49845479015053334,0xb6a8c5331b234818bdfd542e7974372d2dd293f2,2017-10-17T12:35:02.000Z,0.03789364002895697,0x935173f080cbd985b843079d4fccc360c04cc839,buy,0xb63b606ac810a52cca15e44bb630fd42d8d1d83d,0x90b72da2eae3c62b3e32612d8eac774473627f6077922781e707dfaa6e5d2c60
284,0.015,0.0005,0xcd912af5286dc0b0a23edb30209734ecb60838b3,2017-10-17T05:37:19.000Z,0.03333333333333333,0x570f2a60cc5d452e539c76e1eb623f5f27f5ff96,buy,0xb63b606ac810a52cca15e44bb630fd42d8d1d83d,0x20e5338552b81455c14e3bb29516d18b778984d1f7915c4816219030048cf710
285,163.10231068,9.769828409931202,0xcc82543d86cb887530ba0a1ff1b2157bcf8b7cfa,2017-10-16T21:24:40.000Z,0.05990000000122133,0xe8f7355a17fc67219fd6d15fc9ffd5662977957b,buy,0xb63b606ac810a52cca15e44bb630fd42d8d1d83d,0x411017277deda1cd1445ec126e4c2ce6554add298896736607bd4e47dd042c53
286,7.692,0.30556477692,0xcc82543d86cb887530ba0a1ff1b2157bcf8b7cfa,2017-10-16T21:23:29.000Z,0.03972501,0xa53194e5e67e9eade3cfc81a6b5e426a46c58dfe,buy,0xb63b606ac810a52cca15e44bb630fd42d8d1d83d,0x8a7b5285c411ddb35884b9401672879751bf2a1079cdf7ceace58f4b761c642c
287,62.96551724,1.826,0xcc82543d86cb887530ba0a1ff1b2157bcf8b7cfa,2017-10-16T21:21:58.000Z,0.029000000000635268,0xbbe8a1421d8583194bd959a640cb82225650c748,buy,0xb63b606ac810a52cca15e44bb630fd42d8d1d83d,0x6989d3a51fa3ce280277a64b546b1b7be44594fd44651d6026a69b0b996cf4ce
288,45.6,1.261599696,0xa021d614767da70616989e1b683ad20871476cfb,2017-10-16T21:15:53.000Z,0.02766666,0x28ef6c0161667aac9268f93250a7798591c428ff,buy,0xb63b606ac810a52cca15e44bb630fd42d8d1d83d,0x4fd78483907ca406a781c2dccba2615161152a5f5b0f08bbd63204a7151c7aa1
289,4.4,0.121733304,0x8d5ebdf9d7107bd8c63e490fe616d4b89184807c,2017-10-16T21:14:36.000Z,0.02766666,0x28ef6c0161667aac9268f93250a7798591c428ff,buy,0xb63b606ac810a52cca15e44bb630fd42d8d1d83d,0x7977e0b555deef512f173c74b25ff87ef2531b708d952a12fc4b2a9f3bca2165
290,115,3.105,0xa021d614767da70616989e1b683ad20871476cfb,2017-10-16T21:08:17.000Z,0.027,0x292090e095b55c7dbbbd63ad33109e51c66f4951,buy,0xb63b606ac810a52cca15e44bb630fd42d8d1d83d,0x56372b124bcccf7b5e6f34d05b59c364f1f65b4c71b2916cca5c774b08ff8af7
291,29.94,0.68862,0xa021d614767da70616989e1b683ad20871476cfb,2017-10-16T19:35:57.000Z,0.023,0xd72d8f6e3d20b52993f892d8c443b05b45e654b6,sell,0xb63b606ac810a52cca15e44bb630fd42d8d1d83d,0x1224892f215533d744c582264fe3cc9a8c46357de98bba02cdd87db9c065c349
292,0.07307515,0.00168072845,0xa021d614767da70616989e1b683ad20871476cfb,2017-10-16T19:29:26.000Z,0.023,0xe1b70fc15811f1d1e8993ecc765aded8531024ff,sell,0xb63b606ac810a52cca15e44bb630fd42d8d1d83d,0xd248427cbab59184c6a8896561a4b4f5dfa476276801fc98b86c9d007d219e6a
293,3.81094781,0.0800299041760051,0x935173f080cbd985b843079d4fccc360c04cc839,2017-10-16T18:56:13.000Z,0.021000000043560056,0xa2be2b882f63db2ec91a5df48707eef90c4ec571,buy,0xb63b606ac810a52cca15e44bb630fd42d8d1d83d,0x5a18ddb5daa67219f63207c39c61c1fd273bc8074cb7e44f0fb988f7abe7b541
294,1.37543614,0.03025959508,0x636a7a6fc4a244955764a75764cc91cd01ac59a1,2017-10-16T17:35:26.000Z,0.022,0xac1ef807ee69a3ad43e6ec322eb8c21a0ae453ef,sell,0xb63b606ac810a52cca15e44bb630fd42d8d1d83d,0x281179e832e4912c4e87d95cd55ea0ca2815bc46039d7c87d5fff1e8ad919f58
295,0.1,0.002222222,0x570f2a60cc5d452e539c76e1eb623f5f27f5ff96,2017-10-16T17:34:09.000Z,0.02222222,0xac1ef807ee69a3ad43e6ec322eb8c21a0ae453ef,sell,0xb63b606ac810a52cca15e44bb630fd42d8d1d83d,0xddcade899a7ad8303e39968be345efe47e4967b8b0155c0f8eee2597497f76ea
296,1.48,0.03108,0xac1ef807ee69a3ad43e6ec322eb8c21a0ae453ef,2017-10-16T17:33:24.000Z,0.021,0xa2be2b882f63db2ec91a5df48707eef90c4ec571,buy,0xb63b606ac810a52cca15e44bb630fd42d8d1d83d,0x92b620fb9871563a2f63ef821911b9f337c8f5d3b4433aa872f2f419f9eaaece
297,1,0.021,0xe90379a8a74f550d491e991e1dacc1a98dd467a6,2017-10-16T17:27:13.000Z,0.021,0xa2be2b882f63db2ec91a5df48707eef90c4ec571,buy,0xb63b606ac810a52cca15e44bb630fd42d8d1d83d,0xcb5e1fd3a2f298686590f1b253b39e49332e515c927bcec2070cd5a8d711c5dc
298,0.1,0.002444444,0x570f2a60cc5d452e539c76e1eb623f5f27f5ff96,2017-10-16T13:24:32.000Z,0.02444444,0xe1b70fc15811f1d1e8993ecc765aded8531024ff,sell,0xb63b606ac810a52cca15e44bb630fd42d8d1d83d,0x978fd417bff71bec73742eec01dcd53443442b0b3950617c40dcc978e3ae7375
299,0.1,0.0024444444,0x570f2a60cc5d452e539c76e1eb623f5f27f5ff96,2017-10-16T13:23:30.000Z,0.024444444,0xe1b70fc15811f1d1e8993ecc765aded8531024ff,sell,0xb63b606ac810a52cca15e44bb630fd42d8d1d83d,0x0b40309913aa4575156b43eaed8f50ea844cd526ffa0accfd2c542af68226210
300,0.1,0.0021,0x7aa6e2506316f6d613277d4f2f4e4e1dc55e528e,2017-10-16T13:22:17.000Z,0.021,0xa2be2b882f63db2ec91a5df48707eef90c4ec571,buy,0xb63b606ac810a52cca15e44bb630fd42d8d1d83d,0x85fc796c01c953420c4714c5f20220a37b3fd99eb6a328f2e9713aac05577a93
301,0.0997,0.002658666002,0x570f2a60cc5d452e539c76e1eb623f5f27f5ff96,2017-10-16T13:22:17.000Z,0.02666666,0x7aa6e2506316f6d613277d4f2f4e4e1dc55e528e,sell,0xb63b606ac810a52cca15e44bb630fd42d8d1d83d,0x85fc796c01c953420c4714c5f20220a37b3fd99eb6a328f2e9713aac05577a93
302,0.27390169,0.00575193550150241,0xe1b70fc15811f1d1e8993ecc765aded8531024ff,2017-10-16T13:20:31.000Z,0.021000000041994666,0xa2be2b882f63db2ec91a5df48707eef90c4ec571,buy,0xb63b606ac810a52cca15e44bb630fd42d8d1d83d,0x9eb58d5052dccf0e8f8e1ee5f804873df903fdb86e3d300a74489f5cd5ec5843
303,0.01724137,0.0005,0x350f6f675b20d606bb7f6c412ef4775c9bc57168,2017-10-15T20:46:31.000Z,0.029000015660008458,0xbbe8a1421d8583194bd959a640cb82225650c748,buy,0xb63b606ac810a52cca15e44bb630fd42d8d1d83d,0x789f96413b8776f7f2664521f4b4b969c5013b522a4cbde586db995c4c434f98
304,0.01724137,0.0005,0x3bfdec5343e950ce45522eef9948c977631b4000,2017-10-15T20:46:31.000Z,0.029000015660008458,0xbbe8a1421d8583194bd959a640cb82225650c748,buy,0xb63b606ac810a52cca15e44bb630fd42d8d1d83d,0xdee33a2bc8ee7707ab6527406fc6cd2db324c92ba1aa5ba4caa05c8d09288789
305,26.12004516,0.7836013549556375,0x4736a9debef913e5101716c6e46727ddda7e16e6,2017-10-15T01:05:17.000Z,0.03000000000595855,0xa2be2b882f63db2ec91a5df48707eef90c4ec571,buy,0xb63b606ac810a52cca15e44bb630fd42d8d1d83d,0x9c67558aad61d6caffc33523702de9c471e2e7e52e4c3ded01fcc2b03e8cd69b
306,0.1,0.002975,0x570f2a60cc5d452e539c76e1eb623f5f27f5ff96,2017-10-14T23:32:54.000Z,0.02975,0x82af6f6edd116fbf357aa5bb7668f58f969f723c,buy,0xb63b606ac810a52cca15e44bb630fd42d8d1d83d,0xc3afee7d14816ed637c5ab8a5dc45fcefab95d36beb38513ea0a6533d084b341
307,10,0.221,0xd98a3954353055ab642c9159c7f3b25dac2dc29b,2017-10-14T21:00:34.000Z,0.0221,0xbccc01c09fcd8294d1c79b6801d5fcb174944505,sell,0xb63b606ac810a52cca15e44bb630fd42d8d1d83d,0xda1f5a4c3fbc926a3307eeaa2c9bf84cb814fdcedb6ce4be33cc91cbc843a2fb
308,0.56588291,0.016666666406775,0x5d5065b42bdee0274e394ba9042c21e1818c69cf,2017-10-14T12:57:04.000Z,0.0294525,0x82af6f6edd116fbf357aa5bb7668f58f969f723c,sell,0xb63b606ac810a52cca15e44bb630fd42d8d1d83d,0x672f35e69d62cd9378443f384371506ce9f432ae25868ff9b2b095254915582a
309,19.93908607,0.43865989354,0x57e2cd54f829a084aa4020fa365b6d5d1692f261,2017-10-14T01:47:27.000Z,0.022,0xd5bd9dac73c07e9b37a2a76bb0dc139f1e1bb7f1,sell,0xb63b606ac810a52cca15e44bb630fd42d8d1d83d,0x167ef5dad99fcf5f9cdcd1012af9ddbc7ef3ecd344b2a927eeccdb851d74fa03
310,9.09575359,0.27287260792308843,0x882febcf8fcb8b9559cea501f02880b6c27cd970,2017-10-14T01:27:33.000Z,0.030000000024526657,0xa2be2b882f63db2ec91a5df48707eef90c4ec571,buy,0xb63b606ac810a52cca15e44bb630fd42d8d1d83d,0x74c84ffb475023adbd3777d670d52f51d2c403cbef202d1c06ee66b6712d0c50
311,0.2,0.007945002,0xdd3b7b82caa14a588410caa5e37bc9c9c02f27ce,2017-10-13T11:01:34.000Z,0.03972501,0xa53194e5e67e9eade3cfc81a6b5e426a46c58dfe,buy,0xb63b606ac810a52cca15e44bb630fd42d8d1d83d,0xe11daf5d01fcf6c9d095f03f8673a60078aa361f412eca6c1d2f8c69489c2e6e
312,6.47986113,0.25264978566444024,0x1f3009ce1e56064ae6d7820e4f9f635b779f38ab,2017-10-13T10:53:41.000Z,0.03899000003175072,0xced732ca92cb4f040239c4e8c85f14acbb5db000,buy,0xb63b606ac810a52cca15e44bb630fd42d8d1d83d,0x3a1e2243a5f09444b59bb748ede99199b3ed59c078f8d5b223a820a828b66e56
313,1.14046455,0.02759924211,0x57e2cd54f829a084aa4020fa365b6d5d1692f261,2017-10-13T09:46:54.000Z,0.0242,0xc770cf32ac774ab29bd3dc429bc3579ee8c3852c,sell,0xb63b606ac810a52cca15e44bb630fd42d8d1d83d,0x5b1d2c105f65bd7ce3923959f5e878484967086ffb2e35d074b7054eb883045d
314,8.03317648,0.190386282576,0x57e2cd54f829a084aa4020fa365b6d5d1692f261,2017-10-13T09:42:01.000Z,0.0237,0x935173f080cbd985b843079d4fccc360c04cc839,sell,0xb63b606ac810a52cca15e44bb630fd42d8d1d83d,0x61e35f61f396694e021486af514b2053b4800a1554b14633b60f50618dc63530
315,10,0.242,0xd98a3954353055ab642c9159c7f3b25dac2dc29b,2017-10-13T09:34:41.000Z,0.0242,0xc770cf32ac774ab29bd3dc429bc3579ee8c3852c,sell,0xb63b606ac810a52cca15e44bb630fd42d8d1d83d,0x5b918d6da32f2f81ca3387f440ba4574a79c6be25c5fb9249ff3f27befab101f
316,1,0.03,0xebf57c507ca9bca89aa26aab5d58b05115336df2,2017-10-13T09:22:29.000Z,0.03,0xc770cf32ac774ab29bd3dc429bc3579ee8c3852c,sell,0xb63b606ac810a52cca15e44bb630fd42d8d1d83d,0xabd8ddbe79fda4c2ec9631384655f83d8a211461521b0b259351a058480175ea
317,49.59625161,1.175431163157,0x57e2cd54f829a084aa4020fa365b6d5d1692f261,2017-10-13T08:15:57.000Z,0.0237,0x3dee4a4e076e8d82859d241db0baf46f112cfa23,sell,0xb63b606ac810a52cca15e44bb630fd42d8d1d83d,0x3b0503e4a2ae47b73cd701bdf101f4053b443cd4eb63bdb80632d5b184ca4265
318,181.31025732,4.297053098484,0x57e2cd54f829a084aa4020fa365b6d5d1692f261,2017-10-13T08:09:07.000Z,0.0237,0x9778550d76b07ac9f5e57392f68ecdf6efc1774e,sell,0xb63b606ac810a52cca15e44bb630fd42d8d1d83d,0x00ef79c23e94353987de37fb377b436ca37a74e553ee273dd681d50fbd9f3baa
319,223.19111426,5.289629407962,0x57e2cd54f829a084aa4020fa365b6d5d1692f261,2017-10-13T07:45:01.000Z,0.0237,0x9778550d76b07ac9f5e57392f68ecdf6efc1774e,sell,0xb63b606ac810a52cca15e44bb630fd42d8d1d83d,0xfdde99aa5da89505d5b28b4b9e10817b4b52123e2d7aeda5fedb8772ddbdffba
320,250.06710075,5.926590287775,0x57e2cd54f829a084aa4020fa365b6d5d1692f261,2017-10-13T07:37:06.000Z,0.0237,0x9778550d76b07ac9f5e57392f68ecdf6efc1774e,sell,0xb63b606ac810a52cca15e44bb630fd42d8d1d83d,0x16fd4ef93cd01039e7b9cdc30b24591653bafc84317371b20aea0971f97d0487
321,423.08761863,10.027176561531,0x57e2cd54f829a084aa4020fa365b6d5d1692f261,2017-10-13T07:29:29.000Z,0.0237,0x9778550d76b07ac9f5e57392f68ecdf6efc1774e,sell,0xb63b606ac810a52cca15e44bb630fd42d8d1d83d,0xa7174d2babfff87523d9435e938347dacdc14f6aa74e7e392bf12a4efecec763
322,201.185,5.834365,0x9778550d76b07ac9f5e57392f68ecdf6efc1774e,2017-10-13T07:28:24.000Z,0.029,0xe89a2a7a15cbaae3c58a03d79485373e216226d6,buy,0xb63b606ac810a52cca15e44bb630fd42d8d1d83d,0x15d65f1750d630184ab2d08be686c6f52af0368f38a6aaca8c8a54e0cbc92794
323,141.9023798,3.36308640126,0x57e2cd54f829a084aa4020fa365b6d5d1692f261,2017-10-13T07:23:42.000Z,0.0237,0x9778550d76b07ac9f5e57392f68ecdf6efc1774e,sell,0xb63b606ac810a52cca15e44bb630fd42d8d1d83d,0x0c29b39be72891ea73b2c099ffd34f3360ef797a74ddcd7c6ad75b106bf6033c
324,322.77173342,7.649690082054,0x57e2cd54f829a084aa4020fa365b6d5d1692f261,2017-10-13T07:18:10.000Z,0.0237,0x9778550d76b07ac9f5e57392f68ecdf6efc1774e,sell,0xb63b606ac810a52cca15e44bb630fd42d8d1d83d,0xa67f4aa1b45afcab749bceee04e5380270ea7d9a268b8eab8104b50ef32eb53e
325,223.2579005,5.4028411921,0x57e2cd54f829a084aa4020fa365b6d5d1692f261,2017-10-13T07:02:55.000Z,0.0242,0x9778550d76b07ac9f5e57392f68ecdf6efc1774e,sell,0xb63b606ac810a52cca15e44bb630fd42d8d1d83d,0xe290b63c90aba99a50100c27912a42ff26de2faf9e4d0fa828f90cebf524d6bc
326,54.57028842,1.320600979764,0x57e2cd54f829a084aa4020fa365b6d5d1692f261,2017-10-13T05:52:49.000Z,0.0242,0x935173f080cbd985b843079d4fccc360c04cc839,sell,0xb63b606ac810a52cca15e44bb630fd42d8d1d83d,0xe26a2845a72b387bfe84ef4514ca42d8a76709746fce7c2240351527a51244e8
327,54.56966506,1.320585894452,0x57e2cd54f829a084aa4020fa365b6d5d1692f261,2017-10-13T05:08:50.000Z,0.0242,0x935173f080cbd985b843079d4fccc360c04cc839,sell,0xb63b606ac810a52cca15e44bb630fd42d8d1d83d,0x7a2fd58bc1d01e7985b95c6c38f4e9a99f63b7a2392ef7a2eadaebf879b0cb61
328,0.87,0.02523,0x94c677110b22a5263413b6ddffacd2d06f2a6100,2017-10-13T04:59:54.000Z,0.029,0xe89a2a7a15cbaae3c58a03d79485373e216226d6,buy,0xb63b606ac810a52cca15e44bb630fd42d8d1d83d,0xc4e60abd7b2720f203796078a5b57c4b3efc1688da25ca101e35f1f56d80f072
329,54.60976923,1.31063446152,0x388863f84f3265769e730d0cf251ee5ff06ee111,2017-10-13T02:52:37.000Z,0.024,0x935173f080cbd985b843079d4fccc360c04cc839,sell,0xb63b606ac810a52cca15e44bb630fd42d8d1d83d,0x0ef813e7093ef2ac8c252d382dcf5889d77664544773b095bcd31da55e225efc
330,49.75,1.175095,0x3dee4a4e076e8d82859d241db0baf46f112cfa23,2017-10-13T02:21:46.000Z,0.02362,0x935173f080cbd985b843079d4fccc360c04cc839,sell,0xb63b606ac810a52cca15e44bb630fd42d8d1d83d,0x2c4c8ac4e60e113784e65727e714fa25046e3e9d12c84da6815cbfabb833904b
331,68.76160039,1.994086273933193,0x55ba4f1fcfa9a53c4d559124d201a58609c413b3,2017-10-12T23:01:52.000Z,0.028999998002129008,0x0b1f768fb64521f5f3527e020cb9837198819b85,buy,0xb63b606ac810a52cca15e44bb630fd42d8d1d83d,0x59e358ef4d7e5b3cc0b8313a2d3e6c1796780630a9ee1b4b7de7f930ef361c8b
332,0.997,0.034895,0xebf57c507ca9bca89aa26aab5d58b05115336df2,2017-10-12T20:28:08.000Z,0.035,0xd2ea382e498316d91b9de8557670149b479721a0,sell,0xb63b606ac810a52cca15e44bb630fd42d8d1d83d,0x4a297421b961e24eed8a561eb22d64d1a2612a69eae3eabcc2114591cdf0967e
333,1,0.028999998,0xd2ea382e498316d91b9de8557670149b479721a0,2017-10-12T20:28:08.000Z,0.028999998,0x0b1f768fb64521f5f3527e020cb9837198819b85,buy,0xb63b606ac810a52cca15e44bb630fd42d8d1d83d,0x4a297421b961e24eed8a561eb22d64d1a2612a69eae3eabcc2114591cdf0967e
334,0.997,0.034895,0xebf57c507ca9bca89aa26aab5d58b05115336df2,2017-10-12T20:14:38.000Z,0.035,0xd2ea382e498316d91b9de8557670149b479721a0,sell,0xb63b606ac810a52cca15e44bb630fd42d8d1d83d,0xbb5c0698ae2c7c90c9f5d9629992cb988b93f9d7a0a09da681797095621f0b55
335,1,0.029,0xd2ea382e498316d91b9de8557670149b479721a0,2017-10-12T20:14:38.000Z,0.029,0xe89a2a7a15cbaae3c58a03d79485373e216226d6,buy,0xb63b606ac810a52cca15e44bb630fd42d8d1d83d,0xbb5c0698ae2c7c90c9f5d9629992cb988b93f9d7a0a09da681797095621f0b55
336,1.75652174,0.05833760002888,0xebf57c507ca9bca89aa26aab5d58b05115336df2,2017-10-12T19:08:50.000Z,0.033212,0xa53194e5e67e9eade3cfc81a6b5e426a46c58dfe,buy,0xb63b606ac810a52cca15e44bb630fd42d8d1d83d,0xde48c6ce9fbc8aef3d8d6d40b943b0c49971deb0a2425836f5d0b064ee31f27f
337,0.09279396,0.003093131843541239,0xebf57c507ca9bca89aa26aab5d58b05115336df2,2017-10-12T14:30:11.000Z,0.03333333164724556,0x570f2a60cc5d452e539c76e1eb623f5f27f5ff96,buy,0xb63b606ac810a52cca15e44bb630fd42d8d1d83d,0x8d29bb1d1382525ae4d45a536bed508fed140effb4c10b88989854df7228013e
338,0.1,0.002999999,0xebf57c507ca9bca89aa26aab5d58b05115336df2,2017-10-12T14:18:47.000Z,0.02999999,0x570f2a60cc5d452e539c76e1eb623f5f27f5ff96,buy,0xb63b606ac810a52cca15e44bb630fd42d8d1d83d,0xe40ab2e8e6d1ee78c84632c25dad31948f2e38b078873777d7cb8531e8f6a3eb
339,0.1,0.002888888,0xebf57c507ca9bca89aa26aab5d58b05115336df2,2017-10-12T14:18:16.000Z,0.02888888,0x570f2a60cc5d452e539c76e1eb623f5f27f5ff96,buy,0xb63b606ac810a52cca15e44bb630fd42d8d1d83d,0x1d8af313318b00d80939eaaa2d44a91c2e1f49d2adcf6df961b01efd8f5ca7e7
340,120,2.9112768,0x0b1f768fb64521f5f3527e020cb9837198819b85,2017-10-12T11:36:10.000Z,0.02426064,0x23cccfe7076a07b995c091f9205f57c433e66d04,sell,0xb63b606ac810a52cca15e44bb630fd42d8d1d83d,0xd2b82aae634f40ea23f50cce463fb4cd42bc3317b15bf9ed6667c198907396bf
341,120,2.9112768,0x0b1f768fb64521f5f3527e020cb9837198819b85,2017-10-12T11:33:40.000Z,0.02426064,0x23cccfe7076a07b995c091f9205f57c433e66d04,sell,0xb63b606ac810a52cca15e44bb630fd42d8d1d83d,0x06fa2cfd90ddd7ccc8b54f1424c4c5d2d37c9c0b7638d47b0ee9efc094c2a111
342,0.502,0.011824861,0xd35cc4db1066b87373c5b83f2a033b4aabb8a1f2,2017-10-12T00:48:31.000Z,0.0235555,0xb06cc5dbf22168fac6af61a528bbc327dbef078b,sell,0xb63b606ac810a52cca15e44bb630fd42d8d1d83d,0xf2d667d800502c0a7ed871d6a3f745c5b42d4022b340b60cd5784b93c62aa572
343,2.1269293,0.06168094990588118,0xcecda63b7a91bc694d813bde85c1f76227f53425,2017-10-11T21:38:05.000Z,0.029000000096797377,0xe89a2a7a15cbaae3c58a03d79485373e216226d6,buy,0xb63b606ac810a52cca15e44bb630fd42d8d1d83d,0x296bd35bac966cd65dbfc9a3a02d86f40d586199be4337b2be27918a321dcad9
344,0.1,0.002555555,0x570f2a60cc5d452e539c76e1eb623f5f27f5ff96,2017-10-11T08:32:36.000Z,0.02555555,0xb06cc5dbf22168fac6af61a528bbc327dbef078b,sell,0xb63b606ac810a52cca15e44bb630fd42d8d1d83d,0x4cacf3c31a196ec883048491ff62178ef12f8e99c923bcc35f4890f5db9d41dc
345,0.5,0.0145,0xbf52f67f8524587d6a7ab1f1f8d092c635b9587f,2017-10-10T22:21:16.000Z,0.029,0xe89a2a7a15cbaae3c58a03d79485373e216226d6,buy,0xb63b606ac810a52cca15e44bb630fd42d8d1d83d,0xa5510634bf016aebbb5d8b13d3b85f51896273596dad1e85b26673912b96bfe9
346,5.32549097,0.13313727425,0xc9c42e8aea59491d33e8c78ffd4731bc0f2d5d86,2017-10-10T05:28:17.000Z,0.025,0x4aaec9735b4c4a41322d9b3f24f4f0165a50e38c,sell,0xb63b606ac810a52cca15e44bb630fd42d8d1d83d,0xbeca5db3859ff158e62b7befeb57c9e2e55f50a342fb7cd56b0696a5bcd5d34f
347,1,0.029,0x1806b48b945bd26f56dea9e154053fec07ca909c,2017-10-10T00:46:14.000Z,0.029,0xe89a2a7a15cbaae3c58a03d79485373e216226d6,buy,0xb63b606ac810a52cca15e44bb630fd42d8d1d83d,0x2db9d3b15e297801dc0578af34c355d80b434c465afff9e82e0ca9d2975cd974
348,10.60404388,0.3075172725891838,0x994c5857751ecafecbff55b97fadda1c5b37136d,2017-10-09T17:23:39.000Z,0.02900000000652429,0xe89a2a7a15cbaae3c58a03d79485373e216226d6,buy,0xb63b606ac810a52cca15e44bb630fd42d8d1d83d,0x7cfe9effe65b2e5e4403b6323697f55104f57fa7227f66a67b0a219c2b82ad7c
349,0.1,0.002777777,0x936efab40ca56398c9109497309c2fd391450bd8,2017-10-09T10:30:29.000Z,0.02777777,0x570f2a60cc5d452e539c76e1eb623f5f27f5ff96,buy,0xb63b606ac810a52cca15e44bb630fd42d8d1d83d,0x87ea584102471ecf20f1a5442326fa49b0375f9a889d878920ec8e1a5da33288
350,77.21381499,2.8183042473844506,0x936c5acf1944201bd8f1882af8fd160479c8ca74,2017-10-09T10:08:01.000Z,0.03650000000323065,0x292090e095b55c7dbbbd63ad33109e51c66f4951,buy,0xb63b606ac810a52cca15e44bb630fd42d8d1d83d,0x9aba39fac198dd065361aae848dd15d1519f194a5281009dca1e1df2cdcad260
351,15,0.49818,0x936c5acf1944201bd8f1882af8fd160479c8ca74,2017-10-09T10:06:15.000Z,0.033212,0xa53194e5e67e9eade3cfc81a6b5e426a46c58dfe,buy,0xb63b606ac810a52cca15e44bb630fd42d8d1d83d,0xf2a06a61b20ed8638da56b9e8519ea9c7f5cce08d51476f843f739a3b31136c9
352,30.22499999,0.9999936265087771,0x936c5acf1944201bd8f1882af8fd160479c8ca74,2017-10-09T10:05:28.000Z,0.033084983518267226,0x935173f080cbd985b843079d4fccc360c04cc839,buy,0xb63b606ac810a52cca15e44bb630fd42d8d1d83d,0x958fa41edbf84b9ce42d39dd10c0c0fe9dfc9c9511d3ce616d4c9242356d8148
353,40.2,1.1457,0x936c5acf1944201bd8f1882af8fd160479c8ca74,2017-10-09T09:33:37.000Z,0.0285,0x23c09abbc301e4bd6396548f5f6005ab345afb7e,buy,0xb63b606ac810a52cca15e44bb630fd42d8d1d83d,0x0ca7d2e44be8b9a466c761df8b76daf34e7523c8da52cc74dda1e27889d220f2
354,6.65516483,0.15306879118082478,0x935173f080cbd985b843079d4fccc360c04cc839,2017-10-09T08:50:16.000Z,0.02300000001364726,0x01669fe4d8196c981ecbffe5631b1874c818245e,buy,0xb63b606ac810a52cca15e44bb630fd42d8d1d83d,0xef38190548d9e1a024b47f086f525f1551b96ee6a0ea6c387a8679a532877d8f
355,0.1,0.0023,0x00fa15cc5ea762a2a53d364a46fb583ec50db671,2017-10-08T22:53:27.000Z,0.023,0x01669fe4d8196c981ecbffe5631b1874c818245e,buy,0xb63b606ac810a52cca15e44bb630fd42d8d1d83d,0x8f25b00f6c218de080858ba14ef5e7e7670e15537d176f17d30c280ac410e0e3
356,0.1,0.00285,0x00fa15cc5ea762a2a53d364a46fb583ec50db671,2017-10-08T22:24:21.000Z,0.0285,0x23c09abbc301e4bd6396548f5f6005ab345afb7e,buy,0xb63b606ac810a52cca15e44bb630fd42d8d1d83d,0xff453d7a8ec10f9ea1ca851d37a9e04a5d5c9e5f8238684eaa067c302063e078
357,2.23410223,0.0513843513805011,0x03e7d38a76d478c6a9edc2386fcd7e2983309b6c,2017-10-08T20:27:47.000Z,0.023000000040508933,0x01669fe4d8196c981ecbffe5631b1874c818245e,buy,0xb63b606ac810a52cca15e44bb630fd42d8d1d83d,0x14cbc68c7d4d7bde34d0957693cfdaaf8e1e04be7234eb1731698590beeea897
358,1,0.0285,0x6a3c493c33c12d98ef8f9ac3e45f0d52903451c4,2017-10-08T14:51:20.000Z,0.0285,0x23c09abbc301e4bd6396548f5f6005ab345afb7e,buy,0xb63b606ac810a52cca15e44bb630fd42d8d1d83d,0x26a0cde53ec904558f44e6a5ab7172e7ce9d92df219b27e0a57e60e9fd6d62e6
359,84.01128989,1.9322596675332429,0x935173f080cbd985b843079d4fccc360c04cc839,2017-10-08T11:41:37.000Z,0.02300000000075279,0x01669fe4d8196c981ecbffe5631b1874c818245e,buy,0xb63b606ac810a52cca15e44bb630fd42d8d1d83d,0xef340b4c4fa04da1cd1be9f5f8cf6a14b0c04014bc8dee6ecd4243dabbc8d726
360,2.15352742,0.04953113066,0xabfe744984c759d9b711f9bae32d323b37eec27a,2017-10-08T07:48:42.000Z,0.023,0x431d2b37edf5b42e61ebabe144f4cf2c731a3e39,sell,0xb63b606ac810a52cca15e44bb630fd42d8d1d83d,0x0ed769fbecc5550c569e96f6f55a39cd38de47a37685906adeb8814635dfd4f4
361,33.11303681,0.76159984663,0xabfe744984c759d9b711f9bae32d323b37eec27a,2017-10-08T02:17:25.000Z,0.023,0x6368308f5f050ac1d62a358ae9ccc5c605fc4ce4,sell,0xb63b606ac810a52cca15e44bb630fd42d8d1d83d,0xfd048b3b5b73a01f123ac4572ce56bad89ed97a4bd2cf4144ff2e482d1796ac0
362,99.67101983,2.29243345609,0xabfe744984c759d9b711f9bae32d323b37eec27a,2017-10-07T22:13:11.000Z,0.023,0x9120e4b85ec8d6fd059d189ce71b3d42a833b229,sell,0xb63b606ac810a52cca15e44bb630fd42d8d1d83d,0x4ad79b2a45a8a3dbebc69cac61923cb911fae989860d2d9c939072b9a5a3220f
363,0.00634063,0.00014583449,0xabfe744984c759d9b711f9bae32d323b37eec27a,2017-10-07T21:44:08.000Z,0.023,0x8b7aa600bd48f6b5fbf6cfa108f375a286cb40a4,sell,0xb63b606ac810a52cca15e44bb630fd42d8d1d83d,0x567a2e72344963f26698c9cc03473748a764196273699d5515b5b0b905c93476
364,63.60283122,1.46286511806,0xabfe744984c759d9b711f9bae32d323b37eec27a,2017-10-07T21:40:12.000Z,0.023,0x8b7aa600bd48f6b5fbf6cfa108f375a286cb40a4,sell,0xb63b606ac810a52cca15e44bb630fd42d8d1d83d,0x7dcb8259b4be60b6c506c27cfef2cf912d7f6500e38681f77aa1a80924e70127
365,15.41472957,0.35453878011,0xabfe744984c759d9b711f9bae32d323b37eec27a,2017-10-07T21:00:58.000Z,0.023,0x0d2aa85c1e4e29758c0a6f010069fc699a69a7d2,sell,0xb63b606ac810a52cca15e44bb630fd42d8d1d83d,0x52f07ab056c379b5ab7dbdebececdd045da3e1beaf4b7cb30cfceb1a2e4cf0d4
366,10,0.23,0xff4482de17e729e19d75d70fc005f2e4ba75905f,2017-10-07T18:29:44.000Z,0.023,0xad8e360975430ebab7f4cba2163e3aecce5afdcb,buy,0xb63b606ac810a52cca15e44bb630fd42d8d1d83d,0x48a73593a01480549441c719c6e7d74b140bc9d3f56bbf431bd81f312e7593bd
367,2.99104379,0.06879400717,0xabfe744984c759d9b711f9bae32d323b37eec27a,2017-10-07T18:05:31.000Z,0.023,0x1dc57f958fb682edf1291b68b041fb61f77ee05a,sell,0xb63b606ac810a52cca15e44bb630fd42d8d1d83d,0x574d1a255cec8e42ead9d7c6cc7c4ba7b2bbf2c443b3d7ffe5cd3b9c6a300d01
368,1,0.0248,0xeeb12121316645ac76b40ac9d130de4b2f655f6e,2017-10-07T13:56:08.000Z,0.0248,0x431d2b37edf5b42e61ebabe144f4cf2c731a3e39,buy,0xb63b606ac810a52cca15e44bb630fd42d8d1d83d,0x3bf47b0c9822288988e9f401693c2153c75fb9b98a37d1dd2b68b098a2d3dea8
369,30.7915462,0.7082055626,0xabfe744984c759d9b711f9bae32d323b37eec27a,2017-10-07T08:06:43.000Z,0.023,0x0f5ef870283ca2d11b0a8c52cab654585b9b60d7,sell,0xb63b606ac810a52cca15e44bb630fd42d8d1d83d,0xdd082a3311539caef793ccf2d150d457cdd937b60b68f6818f02479714dedadd
370,3.16020336,0.07060210326576,0x431d2b37edf5b42e61ebabe144f4cf2c731a3e39,2017-10-07T00:23:15.000Z,0.022341,0x1dc57f958fb682edf1291b68b041fb61f77ee05a,sell,0xb63b606ac810a52cca15e44bb630fd42d8d1d83d,0x0f08d9b924fd55b2c483de687421b8ebc562d9c034e35df37593087fedc3ebbc
371,29.877,0.6871680123,0x233dbe7b7bd0a822d89e50775fc32ed8cf095333,2017-10-06T21:45:48.000Z,0.0229999,0xbcce870909b3dbbe28f744f69b080dbdeeb7748a,buy,0xb63b606ac810a52cca15e44bb630fd42d8d1d83d,0x2db0ff65c5979aa2f9211cc691ec71ed15f995eff19d0ad9a9ba772fd807b4cd
372,59.911724,1.364190075303448,0x0b1f768fb64521f5f3527e020cb9837198819b85,2017-10-06T21:08:01.000Z,0.022770002,0xd2ea382e498316d91b9de8557670149b479721a0,sell,0xb63b606ac810a52cca15e44bb630fd42d8d1d83d,0x5a92f6ab4a45f17d7ae0df7c6b9e98cc0fd903e45b77000a1f3c4b21a0bc87d8
373,60.092,1.35207,0xd2ea382e498316d91b9de8557670149b479721a0,2017-10-06T21:08:01.000Z,0.0225,0xd0688e7a444d19ef2a94f14dfaf104a86b8acf5c,buy,0xb63b606ac810a52cca15e44bb630fd42d8d1d83d,0x5a92f6ab4a45f17d7ae0df7c6b9e98cc0fd903e45b77000a1f3c4b21a0bc87d8
374,50,1.15,0x233dbe7b7bd0a822d89e50775fc32ed8cf095333,2017-10-06T17:12:42.000Z,0.023,0xd0688e7a444d19ef2a94f14dfaf104a86b8acf5c,buy,0xb63b606ac810a52cca15e44bb630fd42d8d1d83d,0xfd3dcb8cbc878b9d3c23a241244dff4e4af631e8427bbda24303b954002f0f11
375,66.6,1.627999704,0x1f22b9a1346ff129c014e4601e06155f5a47ec88,2017-10-06T09:45:02.000Z,0.02444444,0xd35cc4db1066b87373c5b83f2a033b4aabb8a1f2,buy,0xb63b606ac810a52cca15e44bb630fd42d8d1d83d,0x53f35fe2c235cf9caf6c936414eab41ac8a6b4171dab3d7d20439c4d966d43ab
376,50,1.221665,0x1f22b9a1346ff129c014e4601e06155f5a47ec88,2017-10-06T08:54:48.000Z,0.0244333,0x44e1e30222f6d7cabd17b6a057cb379002bad43b,buy,0xb63b606ac810a52cca15e44bb630fd42d8d1d83d,0xd238a7bbed80d7b46f198690e39707d8f65c98b2c8e351811826dff17f576521
377,45.70267958,1.046083514206507,0xd35cc4db1066b87373c5b83f2a033b4aabb8a1f2,2017-10-06T00:49:17.000Z,0.022888888,0xc9c42e8aea59491d33e8c78ffd4731bc0f2d5d86,sell,0xb63b606ac810a52cca15e44bb630fd42d8d1d83d,0x2ed6cfa52746a60432b3d4dcf784945c78a08cd51396f600894f7281e71a370e
378,0.1,0.002333333,0x570f2a60cc5d452e539c76e1eb623f5f27f5ff96,2017-10-06T00:48:28.000Z,0.02333333,0xc9c42e8aea59491d33e8c78ffd4731bc0f2d5d86,sell,0xb63b606ac810a52cca15e44bb630fd42d8d1d83d,0x105262007e46a1d1ca885f7dc4bb3931b7bab9243fdfc7b64fb9835d724e02b7
379,0.1,0.0025555555,0x570f2a60cc5d452e539c76e1eb623f5f27f5ff96,2017-10-06T00:18:21.000Z,0.025555555,0xc9c42e8aea59491d33e8c78ffd4731bc0f2d5d86,sell,0xb63b606ac810a52cca15e44bb630fd42d8d1d83d,0xece39877e3c7ae591ed7ddfd5cb3e069f6528fbf57bf46f3c8b70114107ce7b7
380,0.12370962,0.002969030911644288,0x936c5acf1944201bd8f1882af8fd160479c8ca74,2017-10-05T23:40:46.000Z,0.024000000255794886,0x80e8c108a9a057efb7d38f0a362a8da47cdfaf27,buy,0xb63b606ac810a52cca15e44bb630fd42d8d1d83d,0x93394bd069f2c9bb99e0aea9452afc55b8b0e1413f24abf98e5ac9bef038546f
381,29.17151435,0.6677035247475428,0xd35cc4db1066b87373c5b83f2a033b4aabb8a1f2,2017-10-05T21:42:49.000Z,0.022888888,0xbfb50b318ebd18975bd60b8d21488a8595debe74,sell,0xb63b606ac810a52cca15e44bb630fd42d8d1d83d,0xcf387ca78407a22eee1926bd065591b01b181d7a4e32fbd12258c88f290be89e
382,11.68547786,0.32719338008,0x936c5acf1944201bd8f1882af8fd160479c8ca74,2017-10-05T16:39:49.000Z,0.028,0x669f0ab96fd3beb68bc836bb874894bbb516331a,sell,0xb63b606ac810a52cca15e44bb630fd42d8d1d83d,0xc75081ddf579d87d62727fee820d9af36c8e25f9e9698d77daadbec8281b7b53
383,6.76484079,0.18941554212,0x936c5acf1944201bd8f1882af8fd160479c8ca74,2017-10-05T16:33:48.000Z,0.028,0x935173f080cbd985b843079d4fccc360c04cc839,sell,0xb63b606ac810a52cca15e44bb630fd42d8d1d83d,0x8aa6ac37d6642285f1ad613b91e19e5655be38ff02549affcb06e003660ec473
