,amount,amountBase,buyer,date,price,seller,side,tokenAddr,txHash
0,530,0.02915,0xff64f34e8511693e3dffa0e1fe037a6a65f3937b,2017-11-02T13:15:20.000Z,0.000055,0x98e0aea0f0997ac5d37f36423973ab887378bc07,buy,0xab16e0d25c06cb376259cc18c1de4aca57605589,0xa4ea94bc6e37e3b824c2a0011b2670c924fe4e2e7d7f327292ff6beb023f1846
1,9.009,0.0005,0x4fda9e6bcd83af6c5cc771b5d20accc2b7720074,2017-11-02T11:05:15.000Z,0.0000555000555000555,0x3936968cf999728de3dbf7afecb7ee3d9c02b381,buy,0xab16e0d25c06cb376259cc18c1de4aca57605589,0x1f2b217d33dab4d4e33c1f0d60d370fe2b15ae92931dfedd0b5acb9a7857a411
2,9.009,0.0005,0x3075f7f189912f4f425dd7021b9c396434197477,2017-11-02T10:53:45.000Z,0.0000555000555000555,0x3936968cf999728de3dbf7afecb7ee3d9c02b381,buy,0xab16e0d25c06cb376259cc18c1de4aca57605589,0x4dd5d4a79a5d427567e4c52c96bb99bcca2efeed7b38d04c637e97b436ed89c2
3,33033.4439,1.5525718662147345,0xc587f51cf78211dc71cd5039835baa608d064831,2017-11-02T03:37:47.000Z,0.00004700000008823586,0xd846c3da7a0144e9f043b9d88a27c65dd505be5f,buy,0xab16e0d25c06cb376259cc18c1de4aca57605589,0x8af5e464366ad3694cff02b3c5a3d8c905cb066473a391fc9d8de1546db03f0a
4,16666.667,0.800000016,0xc587f51cf78211dc71cd5039835baa608d064831,2017-11-02T03:37:47.000Z,0.000048,0x6bfdd97ec360394e49a2ca9b197b9d40314f5911,buy,0xab16e0d25c06cb376259cc18c1de4aca57605589,0x39b75ae87a016404ebf967ca3bf3e7d4f6e530df4f24c2bd70ddff5c8c2f10b2
5,5332.805,0.24530903,0xc587f51cf78211dc71cd5039835baa608d064831,2017-11-02T03:37:25.000Z,0.000046,0x254fb89e4cab71708eaab16e067ca8156a38e18a,buy,0xab16e0d25c06cb376259cc18c1de4aca57605589,0x4cef6ab79718a4bb8a229cd3129dbabdb9d3d1f8367f9d29c25ee5429eee9955
6,40966.556,1.9254281337852654,0xc587f51cf78211dc71cd5039835baa608d064831,2017-11-02T03:17:25.000Z,0.0000470000000435786,0xd846c3da7a0144e9f043b9d88a27c65dd505be5f,buy,0xab16e0d25c06cb376259cc18c1de4aca57605589,0x1bac7c22d69bc4ba4ed8df10bf04fb989fd11fd8a5fb8f97a8aa1d3c3313982d
7,2167.1947,0.09969095803010666,0x224839fe1fdb9b81473d3ca6c5f63be8bd709789,2017-11-02T01:24:55.000Z,0.00004600000084445881,0x254fb89e4cab71708eaab16e067ca8156a38e18a,buy,0xab16e0d25c06cb376259cc18c1de4aca57605589,0x0a7fd8293a63cc3b55c34885436d1685f7d1a1dec568f6080ec7f78d2b07ebae
8,1000,0.047,0xb0b7e00edeb5aed457e2c9806329a1df79bf93c4,2017-11-02T00:25:54.000Z,0.000047,0xd846c3da7a0144e9f043b9d88a27c65dd505be5f,buy,0xab16e0d25c06cb376259cc18c1de4aca57605589,0x045f0eacd9f14c325df54b8496ecdc0aec3e95479b918b54daafeb29e4d8f239
9,897.012,0.03773729484,0x3389dbe000ae3f2a50be8d5639d53ee18a298dfd,2017-11-01T13:52:14.000Z,0.00004207,0x98e0aea0f0997ac5d37f36423973ab887378bc07,sell,0xab16e0d25c06cb376259cc18c1de4aca57605589,0x0a0d3ff10fd814bdba0620016ae1a6e20a6d3584e2fef8a22d0ca308d8394ebe
10,99,0.00416493,0x3389dbe000ae3f2a50be8d5639d53ee18a298dfd,2017-11-01T12:13:45.000Z,0.00004207,0x98e0aea0f0997ac5d37f36423973ab887378bc07,sell,0xab16e0d25c06cb376259cc18c1de4aca57605589,0xc92942348c42ecc88093f637aee2730ed89a1cf6c1ed28b2d139408399391d20
11,4984.9506,0.209716871742,0x3389dbe000ae3f2a50be8d5639d53ee18a298dfd,2017-11-01T08:26:33.000Z,0.00004207,0xce1c28560f17c2aa0b0a539019bbb4492f117e40,sell,0xab16e0d25c06cb376259cc18c1de4aca57605589,0x316f9be4ed841db2c286269074dd1e7a616d6c72eba4b9825094ccb612c9c507
12,2891,0.12162437,0x3389dbe000ae3f2a50be8d5639d53ee18a298dfd,2017-11-01T01:16:50.000Z,0.00004207,0x98ea13055623e07714acd3bababb633d2243d494,sell,0xab16e0d25c06cb376259cc18c1de4aca57605589,0xe3a9c6b6f080bd2fc0265e8040c8b726d23616674258d0873170285d70247e70
13,9433.2569,0.396857117783,0x3389dbe000ae3f2a50be8d5639d53ee18a298dfd,2017-10-31T20:40:37.000Z,0.00004207,0x007ed64ac2fe49e1bcb932151e72de0ca813ecf8,sell,0xab16e0d25c06cb376259cc18c1de4aca57605589,0x0dd2f9c8d24d229bfbc0856095784d3d9c3aed54a8f56169de78634c76900690
14,7500,0.31575,0x254fb89e4cab71708eaab16e067ca8156a38e18a,2017-10-31T20:38:05.000Z,0.0000421,0x007ed64ac2fe49e1bcb932151e72de0ca813ecf8,sell,0xab16e0d25c06cb376259cc18c1de4aca57605589,0xa34b77a684308f5feba50d259af6d30d18e38ead76d1eb760bb0621a52f06bbe
15,5000,0.211,0xd98a3954353055ab642c9159c7f3b25dac2dc29b,2017-10-31T20:34:24.000Z,0.0000422,0x007ed64ac2fe49e1bcb932151e72de0ca813ecf8,sell,0xab16e0d25c06cb376259cc18c1de4aca57605589,0xa9c80ef4b2ab5628bac7eee0b6d668a79a8ae6a19c4d7e5e64df2e0fb71736ca
16,2669.9249,0.15218572425481008,0x7edd35af53dafeb84fa6c5dac13d4946e9a921e4,2017-10-31T15:43:25.000Z,0.00005700000185578631,0x232022732eb313a206db0b37903109872a2a1f5e,buy,0xab16e0d25c06cb376259cc18c1de4aca57605589,0x7714a72f4bb0edcf01551128e9ead0f4ccfdf2a878ef7002bcb5dc4eddb4860a
17,5000,0.285,0x7edd35af53dafeb84fa6c5dac13d4946e9a921e4,2017-10-31T15:40:26.000Z,0.000057,0xa0b9667f429b73f67335f254439fca848b506f47,buy,0xab16e0d25c06cb376259cc18c1de4aca57605589,0xa1de85a2e1702164fe7f040410cf102b21918c2a97f01df36b514ea8f98c206f
18,5.9814,0.0029907287409032,0x3ce3b548f926b09ebc699e23c71a992a65d1d341,2017-10-31T15:33:43.000Z,0.0005000048050461765,0x0b2de009825eac9a347868b44349aa32e91ef81f,buy,0xab16e0d25c06cb376259cc18c1de4aca57605589,0x994dfa1fbb2042569225a1cc016533548b8ec0ea3a01786cea7a363041642665
19,100,0.0057,0xa58250eeb1004760fb538216cabba2382733c067,2017-10-31T14:33:12.000Z,0.000057,0x232022732eb313a206db0b37903109872a2a1f5e,buy,0xab16e0d25c06cb376259cc18c1de4aca57605589,0xdf018c22f7c36bbf2f5f7d2ae9bffb1c58409fa5bf6c283476a36f075750df00
20,0,0,0x3389dbe000ae3f2a50be8d5639d53ee18a298dfd,2017-10-31T07:38:39.000Z,NaN,0xe444a40689f51f63bcd29910622035707d533d29,sell,0xab16e0d25c06cb376259cc18c1de4aca57605589,0x4e3fbb0093c2993fff41cbbc8d03834c74c3bbe63b625034d32a085993374c44
21,50,0.00249995,0x8e638f4a968a50b59dfb5c722546281051298cde,2017-10-31T07:17:53.000Z,0.000049999,0xaa5a8763179d7e24b0230e981cf7cd5d9fa7cff8,buy,0xab16e0d25c06cb376259cc18c1de4aca57605589,0x6b9eb89bfc447f61e11f1b74bdcf42d6e23dc0e54ba00541dfa3aead3aedda0d
22,195.897,0.009598561206,0x8e638f4a968a50b59dfb5c722546281051298cde,2017-10-31T07:16:52.000Z,0.000048998,0xb006be4508a9e4564ccd832f32fc236f09b8163b,buy,0xab16e0d25c06cb376259cc18c1de4aca57605589,0xf58a6bb741d25e84a505dfeb3612f7919c399f71dcb9f4b173a5d4a4846d90fa
23,295.897,0.014498657103,0x8e638f4a968a50b59dfb5c722546281051298cde,2017-10-31T07:16:52.000Z,0.000048999,0xb006be4508a9e4564ccd832f32fc236f09b8163b,buy,0xab16e0d25c06cb376259cc18c1de4aca57605589,0x0cfec835d1c8053266152fa58b2f86cc09995e45d5942229da15e4249f569942
24,2270,0.11123,0x8e638f4a968a50b59dfb5c722546281051298cde,2017-10-31T07:16:52.000Z,0.000049,0x29a9a0d0bc443bc67d2c4911a0b5503265039b2d,buy,0xab16e0d25c06cb376259cc18c1de4aca57605589,0x872769ad95d30e5f9908b2cc1a4510375ead29ee84f3b7b6a5e973e50ccd0f2c
25,1184.515,0.04983254605,0x8e638f4a968a50b59dfb5c722546281051298cde,2017-10-31T06:38:19.000Z,0.00004207,0xab754d9fac392e9ea6518955f5981a065acca9c0,buy,0xab16e0d25c06cb376259cc18c1de4aca57605589,0x36e29efadc70b195bfcc4e5871ceab02ccb2cac8f16294b2f3b2fccbbad8375e
26,11.8849,0.0005,0x42c24a83bded723edfdf5883bc7efb30bc1a1bf3,2017-10-31T05:06:20.000Z,0.00004207018990483723,0xab754d9fac392e9ea6518955f5981a065acca9c0,buy,0xab16e0d25c06cb376259cc18c1de4aca57605589,0x60222f0e492830d4de6e303a55451263d6c69bc59f25828df16e35e0d4507f2b
27,0,0,0x3389dbe000ae3f2a50be8d5639d53ee18a298dfd,2017-10-31T04:30:23.000Z,NaN,0xe444a40689f51f63bcd29910622035707d533d29,sell,0xab16e0d25c06cb376259cc18c1de4aca57605589,0x9f7fa74322d4b11d0544b8708921d41d4838ca06628e8f287e566931604bc0b8
28,10000,0.45,0x3389dbe000ae3f2a50be8d5639d53ee18a298dfd,2017-10-30T23:26:55.000Z,0.000045,0x6686861fc55504b1b41850247ba35ca5a109a31c,buy,0xab16e0d25c06cb376259cc18c1de4aca57605589,0x4c4ce749233f8da0c689ab9191e5d89e06bc5d31792d3a7c427a80c695d533ec
29,630,0.03087,0xff64f34e8511693e3dffa0e1fe037a6a65f3937b,2017-10-30T23:11:00.000Z,0.000049,0x29a9a0d0bc443bc67d2c4911a0b5503265039b2d,buy,0xab16e0d25c06cb376259cc18c1de4aca57605589,0xa23eac6e0ba8cb02a2f7bed17a48bc3af745a4166426d7fc7f2a29f8d16531f4
30,1795.7345,0.07901232124857258,0x3389dbe000ae3f2a50be8d5639d53ee18a298dfd,2017-10-30T23:01:39.000Z,0.00004400000180904948,0x7275684df25a79b56047239b09d7e111fd3a4320,buy,0xab16e0d25c06cb376259cc18c1de4aca57605589,0x722f67259e0f7eb0815a0bef008419bc17b8a4e9486c97bb99fb09ed276eae6a
31,800,0.0352,0xba936b1ef9fb2e407842f8839c9e31fc6fe303a4,2017-10-30T19:47:08.000Z,0.000044,0x7275684df25a79b56047239b09d7e111fd3a4320,buy,0xab16e0d25c06cb376259cc18c1de4aca57605589,0x8f83a2d193a3a15aad69f5774afe10c675a04ccf68b6302c241cde796634ab00
32,3350,0.14405,0x8e638f4a968a50b59dfb5c722546281051298cde,2017-10-30T16:17:11.000Z,0.000043,0x254fb89e4cab71708eaab16e067ca8156a38e18a,buy,0xab16e0d25c06cb376259cc18c1de4aca57605589,0x3dfaee7d9069f624bf039cabb375725a53779fa20c876fbcde761c58c718c311
33,15350,0.4912,0x937a00b56f3fe79909306d72292b965a00fe3406,2017-10-30T15:40:04.000Z,0.000032,0xab1c3fe36b581c61887229b60b65007a9b71d18b,sell,0xab16e0d25c06cb376259cc18c1de4aca57605589,0xfff9637734cf7107fd0ba6b1a9f0c22b521041cc1982eddb3c44c6a628be0e93
34,1000,0.042999,0x8e638f4a968a50b59dfb5c722546281051298cde,2017-10-30T14:36:12.000Z,0.000042999,0xacadb04c26e202f4ccad5851233f274239f3ce43,buy,0xab16e0d25c06cb376259cc18c1de4aca57605589,0x01cec490bc81801df5b31f2b7fa318f335dbf628cb609c347a57fc222af691f2
35,50,0.00215,0xba936b1ef9fb2e407842f8839c9e31fc6fe303a4,2017-10-30T07:51:58.000Z,0.000043,0x254fb89e4cab71708eaab16e067ca8156a38e18a,buy,0xab16e0d25c06cb376259cc18c1de4aca57605589,0x7dc31033b05f582ebda4f155a91a4929f8f58776bee2d78794af7eb873fd3de7
36,176.7654,0.00777767875142743,0x6a1afc7af4278351bca6125e03cc9e1a3f41e80a,2017-10-30T01:19:26.000Z,0.00004400000651387335,0x7275684df25a79b56047239b09d7e111fd3a4320,buy,0xab16e0d25c06cb376259cc18c1de4aca57605589,0x244585086628382d243b4bccf5ccb0f97cbe145e78cbf4d539765d6fd6bdb775
37,5000,0.21,0x8ef72fa52208630fd4ff6fb2f7b426fabb6230a8,2017-10-30T00:03:07.000Z,0.000042,0x582033a111659f5d733f855b8377c42984ec2beb,buy,0xab16e0d25c06cb376259cc18c1de4aca57605589,0xa323f5aacd3a2a1c22c0440ceac6fc46a83fa9c5796350f70fb22a0a686e2dc7
38,50,0.00199995,0x8ef72fa52208630fd4ff6fb2f7b426fabb6230a8,2017-10-30T00:01:45.000Z,0.000039999,0xaa5a8763179d7e24b0230e981cf7cd5d9fa7cff8,buy,0xab16e0d25c06cb376259cc18c1de4aca57605589,0x1e0bbf166e2b8177b7d46f208887ef65e0091bc0def6db3f4eaf01265d22d01b
39,5000,0.2,0x8ef72fa52208630fd4ff6fb2f7b426fabb6230a8,2017-10-30T00:01:45.000Z,0.00004,0x582033a111659f5d733f855b8377c42984ec2beb,buy,0xab16e0d25c06cb376259cc18c1de4aca57605589,0x0fcad01607cc452a71447ea8e8c88d7c4b276a70901285685354880622195e99
40,5000,0.19,0x8ef72fa52208630fd4ff6fb2f7b426fabb6230a8,2017-10-30T00:00:24.000Z,0.000038,0x582033a111659f5d733f855b8377c42984ec2beb,buy,0xab16e0d25c06cb376259cc18c1de4aca57605589,0xcfcb19f6ddb6c115fdc3d6d38d5fbe0a205a60e6c819a19b772e43464c502534
41,50,0.001899995,0x8ef72fa52208630fd4ff6fb2f7b426fabb6230a8,2017-10-29T23:59:52.000Z,0.0000379999,0xaa5a8763179d7e24b0230e981cf7cd5d9fa7cff8,buy,0xab16e0d25c06cb376259cc18c1de4aca57605589,0xaf478efc31d7a9371fac7c9ff9f9146be9869dadb0563a9e2f250c013766fb2f
42,4000,0.16,0x8ef72fa52208630fd4ff6fb2f7b426fabb6230a8,2017-10-29T18:30:14.000Z,0.00004,0x582033a111659f5d733f855b8377c42984ec2beb,buy,0xab16e0d25c06cb376259cc18c1de4aca57605589,0xe6d222a507660c6f5a4656df63f6575613fe18543758a4e3cd068e39e8be2b00
43,1000,0.04,0xbaee98dcc2b13f925f51251a83e7ad0b7f3c9ad5,2017-10-29T14:01:08.000Z,0.00004,0x582033a111659f5d733f855b8377c42984ec2beb,buy,0xab16e0d25c06cb376259cc18c1de4aca57605589,0xfcd0d88d39c0c9f14cd4437c9829fde2b87fe84ec8bf59e507a77edac485462a
44,3000,0.1203,0xd98a3954353055ab642c9159c7f3b25dac2dc29b,2017-10-29T08:35:38.000Z,0.0000401,0x582033a111659f5d733f855b8377c42984ec2beb,sell,0xab16e0d25c06cb376259cc18c1de4aca57605589,0x3f79ee3cc215afd0ab1c1cacda548b05bc62ff85a1822facb747e9222b33ff25
45,259.1964,0.0080353475964,0xaa5a8763179d7e24b0230e981cf7cd5d9fa7cff8,2017-10-29T06:28:50.000Z,0.000031001,0x09e9b8dc8e5b595bc22633fa07516729b0f8f78f,sell,0xab16e0d25c06cb376259cc18c1de4aca57605589,0x86111a9705bc6a3614f26f71de3ffa0a4ef5368decc19901f4d0b4c3e9eae946
46,1600,0.0876432,0x3cbd8963b69d69beeb44031e19133d095466b4c1,2017-10-29T05:36:18.000Z,0.000054777,0x254fb89e4cab71708eaab16e067ca8156a38e18a,buy,0xab16e0d25c06cb376259cc18c1de4aca57605589,0xa14801373216c78a02f43d3417b6c97af4ac83f91bfdfd96087714491a63f35e
47,90.0202,0.004951115538243155,0xd8b62af73cc6b9bd99b650ed9a06ea5a1991039b,2017-10-28T20:43:45.000Z,0.00005500005041360889,0x582033a111659f5d733f855b8377c42984ec2beb,buy,0xab16e0d25c06cb376259cc18c1de4aca57605589,0xce661031163ba165e741b8367c27b82b1895b41a2f1d0a7c59b726104ee148c2
48,9.0909,0.0005,0x34f9560c63078eb61872a4dc2ccd20e21c34feaf,2017-10-28T20:34:40.000Z,0.000055000055000055,0x582033a111659f5d733f855b8377c42984ec2beb,buy,0xab16e0d25c06cb376259cc18c1de4aca57605589,0x3c7ccef381e2bd7b13c080b43c155a50e104bdcaf7c21b3b5ca69a4332fcc9b0
49,9.0909,0.0005,0xe444a40689f51f63bcd29910622035707d533d29,2017-10-28T20:31:40.000Z,0.000055000055000055,0x582033a111659f5d733f855b8377c42984ec2beb,buy,0xab16e0d25c06cb376259cc18c1de4aca57605589,0xc7adc41f0f0a264cf0a54eedda91b4e4fa59a930b9ee3c6a4414d04b0c93d10e
50,5000,0.2,0x254fb89e4cab71708eaab16e067ca8156a38e18a,2017-10-28T18:04:03.000Z,0.00004,0x582033a111659f5d733f855b8377c42984ec2beb,sell,0xab16e0d25c06cb376259cc18c1de4aca57605589,0x522685151bd09106615ccbac0b8e108e145bbe9c68a408dbcc19e561f64012d1
51,4384.9596,0.175880729556,0x232022732eb313a206db0b37903109872a2a1f5e,2017-10-28T18:03:38.000Z,0.00004011,0x582033a111659f5d733f855b8377c42984ec2beb,sell,0xab16e0d25c06cb376259cc18c1de4aca57605589,0xf3b5c03c3801546026dab652bed0108ce0b5cf0fc515b0afaa2fd68b32c66603
52,993.8281,0.039862445091,0x232022732eb313a206db0b37903109872a2a1f5e,2017-10-28T17:58:43.000Z,0.00004011,0xe3a576e1e3f0d8519b617c01191712d8658ec96a,sell,0xab16e0d25c06cb376259cc18c1de4aca57605589,0x8f3da8a0204e27aea5321872551d8148b0b8c58c47047597eaeac8c98b664e72
53,4621.2123,0.185356825353,0x232022732eb313a206db0b37903109872a2a1f5e,2017-10-28T17:20:30.000Z,0.00004011,0x1ed014aec47fae44c9e55bac7662c0b78ae61798,sell,0xab16e0d25c06cb376259cc18c1de4aca57605589,0x29d4104ed9677b34859df10685c339ee2d9dd4cf9b6ce2ba420e7de09653b464
54,2772.5034,0.1112078838774,0x7275684df25a79b56047239b09d7e111fd3a4320,2017-10-28T13:54:06.000Z,0.000040111,0xd2a43fc7134b54054792597a9cfa69f7804c1687,sell,0xab16e0d25c06cb376259cc18c1de4aca57605589,0x849456307dea66a989f091c7b1d043aa570c20910e8478b2edb5feea5135f210
55,1000,0.040112,0xacadb04c26e202f4ccad5851233f274239f3ce43,2017-10-28T13:49:52.000Z,0.000040112,0xd2a43fc7134b54054792597a9cfa69f7804c1687,sell,0xab16e0d25c06cb376259cc18c1de4aca57605589,0xee10dd2f55a4f32090214f4ff36db6c1e9eb7f23c281233c05abf48c26e8929c
56,1196.4,0.077766,0xab754d9fac392e9ea6518955f5981a065acca9c0,2017-10-28T13:32:33.000Z,0.000065,0xd2ea382e498316d91b9de8557670149b479721a0,sell,0xab16e0d25c06cb376259cc18c1de4aca57605589,0xfb6b0fbe0bd7aa057f94090022e2910354cef8df7365399b21ee2821f5e69595
57,1200,0.075852,0xd2ea382e498316d91b9de8557670149b479721a0,2017-10-28T13:32:33.000Z,0.00006321,0x3936968cf999728de3dbf7afecb7ee3d9c02b381,buy,0xab16e0d25c06cb376259cc18c1de4aca57605589,0xfb6b0fbe0bd7aa057f94090022e2910354cef8df7365399b21ee2821f5e69595
58,1500,0.0974835,0x67e00761992c4ef271bddc20a447c4e08c33cad4,2017-10-28T12:16:08.000Z,0.000064989,0x38d6a550ebe865aca6938faaba0b34fcabb0d011,buy,0xab16e0d25c06cb376259cc18c1de4aca57605589,0x51c9b71280abd75fe155849664aafe7c11cea0ada7553bc780e22bc76cfc35ce
59,2991,0.11964,0x582033a111659f5d733f855b8377c42984ec2beb,2017-10-28T10:04:38.000Z,0.00004,0xc3e64b3b0970f218aeb4094f4ebb79c5f071948e,buy,0xab16e0d25c06cb376259cc18c1de4aca57605589,0x26b69b2bc719ab5d30ae30b7ef67346fad762f335c8a99959109246291a3c87d
60,85000,5.95,0x8ef72fa52208630fd4ff6fb2f7b426fabb6230a8,2017-10-28T08:00:12.000Z,0.00007,0x582033a111659f5d733f855b8377c42984ec2beb,buy,0xab16e0d25c06cb376259cc18c1de4aca57605589,0xa739382c705be356e3c8cd75676b3042199641e00f08f04ef4354b24576f4914
61,1456,0.1092,0x8ef72fa52208630fd4ff6fb2f7b426fabb6230a8,2017-10-28T07:57:06.000Z,0.000075,0xb236b907580361fd4f87b759de68ca5c206644af,buy,0xab16e0d25c06cb376259cc18c1de4aca57605589,0x3c729c616aaca275ab5059b5cfddde58ec325fab80959233bb379bc420800bf5
62,4000,0.28,0x8ef72fa52208630fd4ff6fb2f7b426fabb6230a8,2017-10-28T07:55:51.000Z,0.00007,0x38d6a550ebe865aca6938faaba0b34fcabb0d011,buy,0xab16e0d25c06cb376259cc18c1de4aca57605589,0x679b3b6db5c6bf0eadc705e0d8d2b3f0e47d4e8311a54eb0caeaf1b489614f24
63,5000,0.325,0x8ef72fa52208630fd4ff6fb2f7b426fabb6230a8,2017-10-28T07:54:28.000Z,0.000065,0x6686861fc55504b1b41850247ba35ca5a109a31c,buy,0xab16e0d25c06cb376259cc18c1de4aca57605589,0xd704de1b0344677cc9cc19ba31ed51b0d779d61e322186d18ea9ce90069088b0
64,5227.924,0.31367544,0x8ef72fa52208630fd4ff6fb2f7b426fabb6230a8,2017-10-28T07:53:18.000Z,0.00006,0x38d6a550ebe865aca6938faaba0b34fcabb0d011,buy,0xab16e0d25c06cb376259cc18c1de4aca57605589,0x3b40b18be19d2304db4352f28951845b04f164252a90cf1dac89cc6685f0c2d1
65,50000,3,0x8ef72fa52208630fd4ff6fb2f7b426fabb6230a8,2017-10-28T07:53:18.000Z,0.00006,0x3b8fb15a0ce87cb8cb4d88e700f82a76905284b8,buy,0xab16e0d25c06cb376259cc18c1de4aca57605589,0x0b94adaed232c2e2b90966342d87a053ab89b999b00a935f378f49f303a663a1
66,1638.5598,0.08192799,0xd8b62af73cc6b9bd99b650ed9a06ea5a1991039b,2017-10-28T06:21:26.000Z,0.00005,0x582033a111659f5d733f855b8377c42984ec2beb,sell,0xab16e0d25c06cb376259cc18c1de4aca57605589,0x6e47a970a66f64d5ec7823a1e6960557a31c9479047f59224954090554271a6c
67,1495.5,0.074775,0xd8b62af73cc6b9bd99b650ed9a06ea5a1991039b,2017-10-28T06:14:36.000Z,0.00005,0x218356b4362ad3b37acab77042b898e408057394,sell,0xab16e0d25c06cb376259cc18c1de4aca57605589,0x7ec3287aa909b50df8824bb5a00b30f5108f9fc739995e668028a510dce9dfce
68,83.0757,0.004984547901505333,0x3fad0637bad34a44182416d98467d0ffc6d8e685,2017-10-28T05:22:05.000Z,0.0000600000710376841,0x38d6a550ebe865aca6938faaba0b34fcabb0d011,buy,0xab16e0d25c06cb376259cc18c1de4aca57605589,0xd27237260e9ada496d28118d8d1663a32f37dd830ef7809b42fa0e7b3e585a36
69,6765.9402,0.33829701,0xd8b62af73cc6b9bd99b650ed9a06ea5a1991039b,2017-10-28T01:49:31.000Z,0.00005,0xbcce870909b3dbbe28f744f69b080dbdeeb7748a,sell,0xab16e0d25c06cb376259cc18c1de4aca57605589,0x6cc6e6e00d568b693a42d10402b6f1f2fe367a6c47836e9194fcb363d8d6509c
70,6765.9402,0.33829701,0xd8b62af73cc6b9bd99b650ed9a06ea5a1991039b,2017-10-28T01:49:21.000Z,0.00005,0xbcce870909b3dbbe28f744f69b080dbdeeb7748a,sell,0xab16e0d25c06cb376259cc18c1de4aca57605589,0x6cc6e6e00d568b693a42d10402b6f1f2fe367a6c47836e9194fcb363d8d6509c
71,21000,1.05,0xd8b62af73cc6b9bd99b650ed9a06ea5a1991039b,2017-10-28T01:18:26.000Z,0.00005,0x1f6a434fa26e656e50f466155191ee267f5fb9df,buy,0xab16e0d25c06cb376259cc18c1de4aca57605589,0xb61b105f9706b621895430edf0f9f17aae3f00a3da0c6ed23dbd99ef8f1dd431
72,496.9143,0.01242290719143,0xbcce870909b3dbbe28f744f69b080dbdeeb7748a,2017-10-28T00:04:13.000Z,0.0000250001,0x276a997c3f8206b04738d3fc213345e377820eac,sell,0xab16e0d25c06cb376259cc18c1de4aca57605589,0xf6f8efc0a26147b958f403ee8a565134cccf3bca5e6a343c16f3e2f5d599a0a3
73,20,0.001,0x86dd805eb129bfb268f21455451cd3c4daa1c5f9,2017-10-27T22:02:12.000Z,0.00005,0x6686861fc55504b1b41850247ba35ca5a109a31c,sell,0xab16e0d25c06cb376259cc18c1de4aca57605589,0x054a243f50be48eaad203338288305a2494e20c33746034de6f5a72b39d4649e
74,500,0.025,0x22df95d8535db3fe9993a4b7c1923ef861c2cbbe,2017-10-27T19:51:52.000Z,0.00005,0x1f6a434fa26e656e50f466155191ee267f5fb9df,buy,0xab16e0d25c06cb376259cc18c1de4aca57605589,0xfaf91c9a5277a74f631f4d6ec7b7b1b9ae598cb22f5fb289d82b3c5018b5364b
75,4999.9,0.1699966,0x582033a111659f5d733f855b8377c42984ec2beb,2017-10-27T18:13:24.000Z,0.000034,0x254fb89e4cab71708eaab16e067ca8156a38e18a,buy,0xab16e0d25c06cb376259cc18c1de4aca57605589,0x9f0cd0289ed24c129400c21a2682182d1f1000830c90f33585332eec3320e977
76,18103.09,0.61550504189691,0x582033a111659f5d733f855b8377c42984ec2beb,2017-10-27T18:12:25.000Z,0.000033999999,0xbcce870909b3dbbe28f744f69b080dbdeeb7748a,buy,0xab16e0d25c06cb376259cc18c1de4aca57605589,0x49d833cc38d0cf395c588fea953ae3654de50f0f54f4cd3ba44d33bdac134c6b
77,900,0.0305999991,0x5461072d71e0495032624748000f24f80b791474,2017-10-27T18:10:06.000Z,0.000033999999,0xbcce870909b3dbbe28f744f69b080dbdeeb7748a,buy,0xab16e0d25c06cb376259cc18c1de4aca57605589,0x973d754205b78bc4875b347c3770eede7c99b7900403914cbc607738d0b01c64
78,7,0.0021,0x1395c45e341bc4a6580cc03d414e52bf3f09fb97,2017-10-27T17:17:06.000Z,0.0003,0x5d49115235b4ca312269c4e6dc32e5a488494649,buy,0xab16e0d25c06cb376259cc18c1de4aca57605589,0x0fde48eabcc408e6684af5ba72f9af19e01a4972f320eabb40fab06a2546023d
79,1000,0.086,0x1395c45e341bc4a6580cc03d414e52bf3f09fb97,2017-10-27T17:15:46.000Z,0.000086,0x218356b4362ad3b37acab77042b898e408057394,buy,0xab16e0d25c06cb376259cc18c1de4aca57605589,0xe0e05cbbced596feeb0c75ae39314ce57f881333f199bdda9cf06ca9a3d1dea8
80,5172.6859,0.15518057804624477,0x22bbc3c4e46bf7104381db03bd93c6981faa96b5,2017-10-27T16:44:26.000Z,0.00003000000020226335,0x582033a111659f5d733f855b8377c42984ec2beb,buy,0xab16e0d25c06cb376259cc18c1de4aca57605589,0xaffb69dd56a41ed2121d217a43ed6eaf361bdfc2e5bb75f57675c6af55b40ddf
81,500,0.015,0x22bbc3c4e46bf7104381db03bd93c6981faa96b5,2017-10-27T16:42:53.000Z,0.00003,0x582033a111659f5d733f855b8377c42984ec2beb,buy,0xab16e0d25c06cb376259cc18c1de4aca57605589,0x5f1912a05469c7f3f76aa3ef638237b2a10e8094c2c1ece57a43cec8bb6de400
82,100,0.003,0x6df1048c43cb45b2f24cbeda145101b2525a39ef,2017-10-27T15:56:56.000Z,0.00003,0x582033a111659f5d733f855b8377c42984ec2beb,buy,0xab16e0d25c06cb376259cc18c1de4aca57605589,0x98c9f0c0ca7c3936f32fcd63bccfc29ab2deaf8ea3eba51db2abe1e2eef2d2ee
83,1329.2127,0.03987638321204267,0x8676e20d27ca303d7f832ba24be717457ff43021,2017-10-27T11:28:47.000Z,0.00003000000166417509,0x582033a111659f5d733f855b8377c42984ec2beb,buy,0xab16e0d25c06cb376259cc18c1de4aca57605589,0x842e2871fb20a77ae27e384b48d8e6d00b4ad83731b4cf4ff35f507d8af1ca49
84,996.9096,0.03389492573023627,0x7d52fb5c9fb82001469745c6e1e6cbec6a5d47ea,2017-10-27T04:02:54.000Z,0.00003399999932816001,0xbcce870909b3dbbe28f744f69b080dbdeeb7748a,buy,0xab16e0d25c06cb376259cc18c1de4aca57605589,0x0e3a269445079a04afd3c87b63547a66c49fe7700e6e35b349f3a61351e1a002
85,11226.218,0.291881668,0x22ab5225fad65a6ec466cc28581a7bbefc886bba,2017-10-26T20:44:11.000Z,0.000026,0x582033a111659f5d733f855b8377c42984ec2beb,sell,0xab16e0d25c06cb376259cc18c1de4aca57605589,0xf4c2c35c9791c2f6c0e97401cc9b81911628c7909e1f23dd1157b1e5aca361bd
86,8773.7817,0.2281183242,0x22ab5225fad65a6ec466cc28581a7bbefc886bba,2017-10-26T20:07:33.000Z,0.000026,0x72ea6a364ecc5ca87f5a6c47bafb672b767dd55c,sell,0xab16e0d25c06cb376259cc18c1de4aca57605589,0x3db6322a9e27f31c5597f572c9b7909e450e9232f845e6f870922495dfc397f3
87,1000,0.028,0xd822346c13e251c80ac5cc5aeb1626f02ba6b64c,2017-10-26T19:56:08.000Z,0.000028,0x72ea6a364ecc5ca87f5a6c47bafb672b767dd55c,sell,0xab16e0d25c06cb376259cc18c1de4aca57605589,0xef4f2a4e02aec3e6ef19f06c66be1cccd718dd51153b457666f661e212fbf0d3
88,11750,0.32901175,0xeee25e3f76a267334641ced7314fd8ddb61f934e,2017-10-26T19:51:08.000Z,0.000028001,0x72ea6a364ecc5ca87f5a6c47bafb672b767dd55c,sell,0xab16e0d25c06cb376259cc18c1de4aca57605589,0x7aebb010dbc44a90aa3138b74144eb7ed89ac105328e4b1866dc2880b50898ac
89,3400,0.0969,0xaae942b3057a4d356f56aa20b5389bdc4037a81c,2017-10-26T19:51:00.000Z,0.0000285,0x72ea6a364ecc5ca87f5a6c47bafb672b767dd55c,sell,0xab16e0d25c06cb376259cc18c1de4aca57605589,0x2677297cb458409e49f39f48b844f1f4cbbfda0e8ddd4034391d59dd8514d41c
90,1028.2493,0.032903979122203,0x80f97b4803f267490a619e25ab1d2548f1bb1212,2017-10-26T19:14:01.000Z,0.00003200000148038321,0x582033a111659f5d733f855b8377c42984ec2beb,buy,0xab16e0d25c06cb376259cc18c1de4aca57605589,0x563df6439d4288fce46eb04e8fdf8aaa383e8f8f2eb05ded0ede645bc60b7c1d
91,75000,1.950075,0xd846c3da7a0144e9f043b9d88a27c65dd505be5f,2017-10-26T17:43:25.000Z,0.000026001,0x582033a111659f5d733f855b8377c42984ec2beb,sell,0xab16e0d25c06cb376259cc18c1de4aca57605589,0x01f686f7308f7ac5ab549563dc9261446f5bb421a41505a09df8e0aea50e83e6
92,5000,0.1275,0x2badd9e217f7677a765cadd949dcf0cf9a6c6e90,2017-10-26T13:45:32.000Z,0.0000255,0x582033a111659f5d733f855b8377c42984ec2beb,sell,0xab16e0d25c06cb376259cc18c1de4aca57605589,0x19a163412d89e79ba5ee69eb96b9cf5e65fe4309e7c74342f3c1ec8382270f93
93,70000,3.36,0x3b8fb15a0ce87cb8cb4d88e700f82a76905284b8,2017-10-26T08:11:13.000Z,0.000048,0x582033a111659f5d733f855b8377c42984ec2beb,buy,0xab16e0d25c06cb376259cc18c1de4aca57605589,0xa5d9359ede0808b851cccb2f483f378a4533838b0a540e1da8311a28b5d10ecb
94,98952.93,3.9581172,0x3b8fb15a0ce87cb8cb4d88e700f82a76905284b8,2017-10-26T08:08:39.000Z,0.00004,0x582033a111659f5d733f855b8377c42984ec2beb,buy,0xab16e0d25c06cb376259cc18c1de4aca57605589,0x06a82fcd0b7a7e2c4669b358b28a03a68fe7607300e19e36966955a82794ff46
95,8668.793,0.26006379,0x3b8fb15a0ce87cb8cb4d88e700f82a76905284b8,2017-10-26T08:08:12.000Z,0.00003,0x582033a111659f5d733f855b8377c42984ec2beb,buy,0xab16e0d25c06cb376259cc18c1de4aca57605589,0xa3f4d50355458656da903544bf5b96a1556e8e50eed23c59a0c865b2f79a7233
96,10000,0.35,0x3b8fb15a0ce87cb8cb4d88e700f82a76905284b8,2017-10-26T08:08:12.000Z,0.000035,0x582033a111659f5d733f855b8377c42984ec2beb,buy,0xab16e0d25c06cb376259cc18c1de4aca57605589,0x28a9f2c2cd63ef044e309a56598f47ea2b24009d270c60338f15d4f4a92ba847
97,10000,0.23001,0x5603e9614eb82f61407aced212b7515686351133,2017-10-26T04:41:17.000Z,0.000023001,0x582033a111659f5d733f855b8377c42984ec2beb,sell,0xab16e0d25c06cb376259cc18c1de4aca57605589,0xe749e64dff40ef119cf510a0b7430559dc3fdf55e37552ee908d57e57e89d95c
98,25000,0.5750275,0xbcce870909b3dbbe28f744f69b080dbdeeb7748a,2017-10-26T04:39:48.000Z,0.0000230011,0x582033a111659f5d733f855b8377c42984ec2beb,sell,0xab16e0d25c06cb376259cc18c1de4aca57605589,0x4006defdd47ab5c046e7460b415e928dba2d8f1304fc737193831895352c37af
99,6969.69,0.16031680938,0xbe131dc80f5727744487e10355f667f5849757f4,2017-10-26T04:38:47.000Z,0.000023002,0x582033a111659f5d733f855b8377c42984ec2beb,sell,0xab16e0d25c06cb376259cc18c1de4aca57605589,0xaff13bbe503e6b379f3aef5fbe1ef65263e66df223a0af7048a6d60e1d079c71
100,5000,0.1305,0xd98a3954353055ab642c9159c7f3b25dac2dc29b,2017-10-26T04:37:35.000Z,0.0000261,0x582033a111659f5d733f855b8377c42984ec2beb,sell,0xab16e0d25c06cb376259cc18c1de4aca57605589,0x80d7b43a4638435bbba6223b5d9d220f6974fb344ffa6cf36d1bdf72401da9b3
101,6969.69,0.18261284769,0xbe131dc80f5727744487e10355f667f5849757f4,2017-10-26T04:36:11.000Z,0.000026201,0x582033a111659f5d733f855b8377c42984ec2beb,sell,0xab16e0d25c06cb376259cc18c1de4aca57605589,0x4fab918f2c6314db65b2a19624799351fe0414695143d190d772d7d5f139099e
102,3308.3156,0.0926328368,0xa0b9667f429b73f67335f254439fca848b506f47,2017-10-26T04:35:29.000Z,0.000028,0x582033a111659f5d733f855b8377c42984ec2beb,sell,0xab16e0d25c06cb376259cc18c1de4aca57605589,0x0c69c1ae6361ba5175adfb0d8c01cd71bed0a44655f1d5cb3ea79b8c19f8ca0a
103,0.0995,0.000003981277817452,0x45354ad5a317ac545e5213dd9a97c3491447a8a0,2017-10-26T04:29:56.000Z,0.00004001284238645226,0x254fb89e4cab71708eaab16e067ca8156a38e18a,buy,0xab16e0d25c06cb376259cc18c1de4aca57605589,0xfb455d8f6be742496e5a1bb0bdf775cce10be3b22a7973b69d739ded7954d771
104,1331.2065,0.03993619778686073,0x45354ad5a317ac545e5213dd9a97c3491447a8a0,2017-10-26T04:28:19.000Z,0.00003000000209348491,0x582033a111659f5d733f855b8377c42984ec2beb,buy,0xab16e0d25c06cb376259cc18c1de4aca57605589,0x345e07071a1606eb2d07307ccc569b21ad752242fb0ba987b1f6732c50ceb49e
105,10000,0.2888,0x3936968cf999728de3dbf7afecb7ee3d9c02b381,2017-10-26T03:34:45.000Z,0.00002888,0x582033a111659f5d733f855b8377c42984ec2beb,sell,0xab16e0d25c06cb376259cc18c1de4aca57605589,0x281eeccb8da9a37eb4bda7994b8b7f5916c3f581f112f2cba03c15d5e8141f80
106,10000,0.29,0x527eee074b45bdc782075223df9d29aff1a64597,2017-10-26T03:34:17.000Z,0.000029,0x582033a111659f5d733f855b8377c42984ec2beb,sell,0xab16e0d25c06cb376259cc18c1de4aca57605589,0x23004dc0fe8d066446d8ed28a4fd51d49e86cfd13b05a35153a7ecb373794ead
107,495.393,0.013871004,0xa0b9667f429b73f67335f254439fca848b506f47,2017-10-26T00:29:37.000Z,0.000028,0xf5d162ae2e34be14b474e0d29cd1079fa13c9893,sell,0xab16e0d25c06cb376259cc18c1de4aca57605589,0x1e248fc5593bf2515ffe6fdf4bf39d526cbbccb10d85eb45fa31a3c5ac1db9af
108,1196.2914,0.0334961592,0xa0b9667f429b73f67335f254439fca848b506f47,2017-10-26T00:05:45.000Z,0.000028,0xf5d162ae2e34be14b474e0d29cd1079fa13c9893,sell,0xab16e0d25c06cb376259cc18c1de4aca57605589,0xab7bc0f89cce67edd26b6103136418b662cc78e24b96d47e27dd92d30a5ec98b
109,5000,0.131,0x254fb89e4cab71708eaab16e067ca8156a38e18a,2017-10-25T23:33:55.000Z,0.0000262,0x8c4b254c507fa9bb16495902385e3ce79b0e6668,sell,0xab16e0d25c06cb376259cc18c1de4aca57605589,0xc83f0465b12ba011eab1f958b4f795031a47c377d383c1079df8e8b3d44db5fd
110,9998.609,0.349951315,0xde01f50933aa2a6b1cb1f5f5207473603f7a2bb7,2017-10-25T22:02:51.000Z,0.000035,0x582033a111659f5d733f855b8377c42984ec2beb,buy,0xab16e0d25c06cb376259cc18c1de4aca57605589,0x861faad3d70ee2a32e7207a0acc60994f7e2ec6db374f64257fb1b704c0ade2b
111,1.3907,0.000048676308299973,0xde01f50933aa2a6b1cb1f5f5207473603f7a2bb7,2017-10-25T21:55:53.000Z,0.00003500130028041489,0x582033a111659f5d733f855b8377c42984ec2beb,buy,0xab16e0d25c06cb376259cc18c1de4aca57605589,0x25d7ad69cc4db6945ea82b4f784bf1e7c1c2cd6a2f894bbc5fa80eb870b69337
112,1037.0699,0.04148279978938051,0x226a352dfc6c86f60cd2dd705c861f4e00533627,2017-10-25T12:18:19.000Z,0.0000400000036539297,0x582033a111659f5d733f855b8377c42984ec2beb,buy,0xab16e0d25c06cb376259cc18c1de4aca57605589,0xa75df9f7c93c4002c99d19c24cef0963699a461d5abaf334f9433d297fb749e6
113,10,0.0004,0xbd3bdf8989493c14e532cd7d418697a5af2e73ec,2017-10-25T11:59:08.000Z,0.00004,0x582033a111659f5d733f855b8377c42984ec2beb,buy,0xab16e0d25c06cb376259cc18c1de4aca57605589,0xdca4c00881587bf4160e0fd1d42fb9ad0fa8cc630d7a54f671e363d61f954671
114,6166.1059,0.1603187534,0x2badd9e217f7677a765cadd949dcf0cf9a6c6e90,2017-10-25T11:20:52.000Z,0.000026,0x79281c48941aaab69f16e7b01bc8d62bda23e4d2,sell,0xab16e0d25c06cb376259cc18c1de4aca57605589,0xf546da87b88598b032f8ef15c99d4a16fbf98d35bc64327ead5e16d34ebd2105
115,2500,0.0875,0x218356b4362ad3b37acab77042b898e408057394,2017-10-25T10:49:47.000Z,0.000035,0x79281c48941aaab69f16e7b01bc8d62bda23e4d2,sell,0xab16e0d25c06cb376259cc18c1de4aca57605589,0x85111b338ff88b71f197bd9b4698231eced6e3d00ce3bde5fb8b83cd818cf898
116,5000,0.155,0x5495b81b3654bae90ccc264b39ab0e51b395d58e,2017-10-25T10:49:47.000Z,0.000031,0x79281c48941aaab69f16e7b01bc8d62bda23e4d2,sell,0xab16e0d25c06cb376259cc18c1de4aca57605589,0xce67e6e3ceb6987db77e9d434b277919da6694706a30d62d769938fcd27f7b7d
117,9300,0.3348,0xeee25e3f76a267334641ced7314fd8ddb61f934e,2017-10-25T10:49:31.000Z,0.000036,0x79281c48941aaab69f16e7b01bc8d62bda23e4d2,sell,0xab16e0d25c06cb376259cc18c1de4aca57605589,0x0ecb4c99c796c2e3e08aa3143585fd421daef9f47aecb504c2416f02155c2988
118,10000,0.3666,0x3936968cf999728de3dbf7afecb7ee3d9c02b381,2017-10-25T10:44:56.000Z,0.00003666,0x79281c48941aaab69f16e7b01bc8d62bda23e4d2,sell,0xab16e0d25c06cb376259cc18c1de4aca57605589,0xc9b060e466b60f099c083b28f5dee3881bb488b1ad02280b5b952154691bc291
119,2169.69,0.09112914969,0xbe131dc80f5727744487e10355f667f5849757f4,2017-10-25T08:33:57.000Z,0.000042001,0x582033a111659f5d733f855b8377c42984ec2beb,sell,0xab16e0d25c06cb376259cc18c1de4aca57605589,0x3ea661b850c5d297f4eefd44973a4bd457261a87aff9ed73882c8911eeb5b1c0
120,2900,0.1218145,0xb006be4508a9e4564ccd832f32fc236f09b8163b,2017-10-25T08:31:11.000Z,0.000042005,0x582033a111659f5d733f855b8377c42984ec2beb,sell,0xab16e0d25c06cb376259cc18c1de4aca57605589,0x862e7a870bc4ed197cfb5255095d956e70e0d9d151252299bb7babeb30261b79
121,8000,0.3360008,0xeee25e3f76a267334641ced7314fd8ddb61f934e,2017-10-25T07:33:30.000Z,0.0000420001,0x582033a111659f5d733f855b8377c42984ec2beb,sell,0xab16e0d25c06cb376259cc18c1de4aca57605589,0xb599a4cb4e8c6587de8328529186353a66a6626b7fe3edbe8ebcca42c33b0d94
122,10000,0.444,0x3936968cf999728de3dbf7afecb7ee3d9c02b381,2017-10-25T07:32:36.000Z,0.0000444,0x582033a111659f5d733f855b8377c42984ec2beb,sell,0xab16e0d25c06cb376259cc18c1de4aca57605589,0x7d97f3e245eb34515f8b194077dceaba8f66993c3466129c643302c94d46d64a
123,119,0.008925,0x22bbc3c4e46bf7104381db03bd93c6981faa96b5,2017-10-25T03:54:36.000Z,0.000075,0x22bbc3c4e46bf7104381db03bd93c6981faa96b5,buy,0xab16e0d25c06cb376259cc18c1de4aca57605589,0xb6233af8597fc8162063dd355c2c367da25be8dfc0285a8f27d85b8b7d7d67a4
124,1,0.000499999,0x22bbc3c4e46bf7104381db03bd93c6981faa96b5,2017-10-25T03:36:17.000Z,0.000499999,0x0b2de009825eac9a347868b44349aa32e91ef81f,buy,0xab16e0d25c06cb376259cc18c1de4aca57605589,0x1fef25dd4f4f26197c7e836cd01975f05cb2d9958f2ee3f06f49ea8288fb1ae8
125,1,0.00049999,0x22bbc3c4e46bf7104381db03bd93c6981faa96b5,2017-10-25T03:35:41.000Z,0.00049999,0x22bbc3c4e46bf7104381db03bd93c6981faa96b5,buy,0xab16e0d25c06cb376259cc18c1de4aca57605589,0x572ba49bb172d0d95282dae5eadb08776135a0de3740b41f4a58855a9df4c515
126,1,0.0007,0x22bbc3c4e46bf7104381db03bd93c6981faa96b5,2017-10-25T03:35:24.000Z,0.0007,0x22bbc3c4e46bf7104381db03bd93c6981faa96b5,buy,0xab16e0d25c06cb376259cc18c1de4aca57605589,0xdc23d1ac6852cfc3c88558a9bec56ac52f8f4b6cf93c2b51442e5415d9edcad9
127,4800,0.2016048,0xbe131dc80f5727744487e10355f667f5849757f4,2017-10-25T00:45:34.000Z,0.000042001,0x6686861fc55504b1b41850247ba35ca5a109a31c,sell,0xab16e0d25c06cb376259cc18c1de4aca57605589,0xba2d3de4a05924e399ad9fd576545f38443b888d9ffa552d8e722f5f197f0d21
128,5000,0.244,0x9d0893cea04b693bf0aaa54386805a13fc7477a3,2017-10-24T23:42:15.000Z,0.0000488,0x22bbc3c4e46bf7104381db03bd93c6981faa96b5,buy,0xab16e0d25c06cb376259cc18c1de4aca57605589,0xa663c0a1dc59a6b8e0b6c074f2893d24d4b06511c886d90e1216128f443d089f
129,1000,0.044,0xd98a3954353055ab642c9159c7f3b25dac2dc29b,2017-10-24T19:53:14.000Z,0.000044,0x22bbc3c4e46bf7104381db03bd93c6981faa96b5,sell,0xab16e0d25c06cb376259cc18c1de4aca57605589,0x3ad0a62289a6ab57f6524387a039ccf39b58b96091b2e17518aeb81c958a449b
130,69.69,0.0034845,0xb96b0bb44c9f63cfe20a75ec9d4ae6d550ac9c4b,2017-10-24T16:43:28.000Z,0.00005,0x582033a111659f5d733f855b8377c42984ec2beb,buy,0xab16e0d25c06cb376259cc18c1de4aca57605589,0x50d161850ec423d7d8763fbbb4febd248fc5b37568b5014550853f51d99678b3
131,1000,0.05,0x226a352dfc6c86f60cd2dd705c861f4e00533627,2017-10-24T16:31:56.000Z,0.00005,0x582033a111659f5d733f855b8377c42984ec2beb,buy,0xab16e0d25c06cb376259cc18c1de4aca57605589,0x165ca22008681d94c1d554e12985a019116d51464c8447ccb21770332be12bb4
132,11.9636,0.000598182519842958,0xb96b0bb44c9f63cfe20a75ec9d4ae6d550ac9c4b,2017-10-24T16:26:53.000Z,0.00005000021062581146,0x582033a111659f5d733f855b8377c42984ec2beb,buy,0xab16e0d25c06cb376259cc18c1de4aca57605589,0xc19039c9363c49dd14c74ada87c513340cd7119306cd3a2b9fbfe682f9aa7481
133,7.3771,0.000368856544711394,0xb96b0bb44c9f63cfe20a75ec9d4ae6d550ac9c4b,2017-10-24T16:20:31.000Z,0.0000500002093927687,0x582033a111659f5d733f855b8377c42984ec2beb,buy,0xab16e0d25c06cb376259cc18c1de4aca57605589,0x919d0e0a0e1ea397f48df8774014c5f64fe2c2828ebd27df11f4cd26027df211
134,37.6289,0.002031584651631382,0x89c7a3b8e71369bd816ac69b1ab8f9ca959005b0,2017-10-24T13:04:36.000Z,0.00005399000905238744,0xd98a3954353055ab642c9159c7f3b25dac2dc29b,buy,0xab16e0d25c06cb376259cc18c1de4aca57605589,0x1e893e7bd735a8ffdd005cdbf8e0225c0cc55f5c69ebe0d71c2edfc21730d2b2
135,1846.4707,0.09969095803010666,0x8e638f4a968a50b59dfb5c722546281051298cde,2017-10-24T09:02:26.000Z,0.0000539900026738072,0xd98a3954353055ab642c9159c7f3b25dac2dc29b,buy,0xab16e0d25c06cb376259cc18c1de4aca57605589,0xd75ae0ec64b3f8f761285a8c083865e89596ada7c6f5c5b40c4c9755e6258516
136,5,0.00026995,0xc41a9f776a6924e731bdeba89a04842630185662,2017-10-24T07:24:21.000Z,0.00005399,0xd98a3954353055ab642c9159c7f3b25dac2dc29b,buy,0xab16e0d25c06cb376259cc18c1de4aca57605589,0xbc0a62bcb7a0d771544f4159bf9aa5023563451b76c5dedd40b941be2d2295cb
137,1107.8824,0.0598145748182883,0x80f97b4803f267490a619e25ab1d2548f1bb1212,2017-10-23T21:41:10.000Z,0.00005399000364866189,0xd98a3954353055ab642c9159c7f3b25dac2dc29b,buy,0xab16e0d25c06cb376259cc18c1de4aca57605589,0x5ae5ca0fdbf88f5cadafe4ad420d1b10a7dd78464a456b9c242155d26f1b9642
138,1082.0382,0.0476096808,0xd98a3954353055ab642c9159c7f3b25dac2dc29b,2017-10-23T12:28:13.000Z,0.000044,0xc188fd604504297331d2aa2985d3075c15917e91,sell,0xab16e0d25c06cb376259cc18c1de4aca57605589,0x26d79b09bf5ac97ae324c3d2a39d6e184f6eb31de41cf3a27cc8703d14e7e63d
139,10000,0.43001,0x5603e9614eb82f61407aced212b7515686351133,2017-10-23T04:55:52.000Z,0.000043001,0xd2a43fc7134b54054792597a9cfa69f7804c1687,sell,0xab16e0d25c06cb376259cc18c1de4aca57605589,0x0ed9477da4f10fd4584ed280cfc44d817d7cc4cc5dae68c6fe87dd15e6b7a3b6
140,499.7937,0.024989685,0xaa569b62d106d4d59773c55e230d0373cd82f6a5,2017-10-23T04:55:52.000Z,0.00005,0xd2a43fc7134b54054792597a9cfa69f7804c1687,sell,0xab16e0d25c06cb376259cc18c1de4aca57605589,0x6b63805009078a31ccc8cad67ab208540853837f965c8f545ac37c53cfda9ee4
141,64.4156,0.003221424156,0x83e8d2ce4b78b655c2e2d0cc5ebc8e584361c8e0,2017-10-23T04:55:52.000Z,0.00005001,0xd2a43fc7134b54054792597a9cfa69f7804c1687,sell,0xab16e0d25c06cb376259cc18c1de4aca57605589,0x1af5ca5e9f9bfc0e63d4bb9645cd5f5941df7ab1a4916b975da3520c6dd0ba15
142,0.2063,0.000010315,0xaa569b62d106d4d59773c55e230d0373cd82f6a5,2017-10-22T20:16:42.000Z,0.00005,0x872689ab5bef4eda905ac763cf8ed5707c01d36a,sell,0xab16e0d25c06cb376259cc18c1de4aca57605589,0x337ceb927027af047ad0d044b6536c9544e82e082732c67bd9f020ef67959250
143,1,0.0000548,0xe1fa699860444be91d366c21de8fef56e3dec77a,2017-10-22T18:34:29.000Z,0.0000548,0x232022732eb313a206db0b37903109872a2a1f5e,buy,0xab16e0d25c06cb376259cc18c1de4aca57605589,0x52d4983f214f8ea1b6d7473cedb5f2abd1f71bcb43671eadef49e9bd47fadfcc
144,6000,0.30012,0xeee25e3f76a267334641ced7314fd8ddb61f934e,2017-10-22T17:51:26.000Z,0.00005002,0x232022732eb313a206db0b37903109872a2a1f5e,sell,0xab16e0d25c06cb376259cc18c1de4aca57605589,0x7e9eb8c63295c325f700f0645d782fcc8969b9db847793c444aa056a5522f373
145,900,0.0495,0x83443bc737af694cd26fd961bc13d5982292edac,2017-10-22T13:39:37.000Z,0.000055,0x582033a111659f5d733f855b8377c42984ec2beb,buy,0xab16e0d25c06cb376259cc18c1de4aca57605589,0xbbdfc234d80ee32b160ebe955322da1c6a497ba2f2c5fe5e008bba3508d99e1d
146,3020.614,0.16613377,0x527eee074b45bdc782075223df9d29aff1a64597,2017-10-22T13:34:16.000Z,0.000055,0x582033a111659f5d733f855b8377c42984ec2beb,buy,0xab16e0d25c06cb376259cc18c1de4aca57605589,0xed7a963a72ebf113925f884da1b85f56b15230acb271086187d153b21e574338
147,100,0.0055,0x83443bc737af694cd26fd961bc13d5982292edac,2017-10-22T12:10:28.000Z,0.000055,0x582033a111659f5d733f855b8377c42984ec2beb,buy,0xab16e0d25c06cb376259cc18c1de4aca57605589,0x7ec9f4d144f0e8ecc628f8ae2b5eba30fef2addb58ba936f3c9ab91f970fb5d8
148,1529.3857,0.076545754285,0x527eee074b45bdc782075223df9d29aff1a64597,2017-10-22T02:01:25.000Z,0.00005005,0x123dcfb34e553d12cee1e54602abb2c309fb581d,sell,0xab16e0d25c06cb376259cc18c1de4aca57605589,0x0cc6f513922ccefedabfd5b74e28ba235de5872bec0763cc795812edfb9fd6e9
149,128.927,0.007734332921555136,0x04c20835c23e2eacac5f22f9e4dae0a35ccf2d5d,2017-10-21T23:55:33.000Z,0.00005999001699841876,0x232022732eb313a206db0b37903109872a2a1f5e,buy,0xab16e0d25c06cb376259cc18c1de4aca57605589,0x760fbb2e835606e82a13cb51779256b657776e05350a61c637cc9f49e3417f9e
150,44.811,0.00224144622,0x04c20835c23e2eacac5f22f9e4dae0a35ccf2d5d,2017-10-21T23:52:54.000Z,0.00005002,0xe992f3c9f51655a6ccdc4ac4880c44d52d3c3bc4,buy,0xab16e0d25c06cb376259cc18c1de4aca57605589,0x61bffeac8df50eea6c64925543e4d64d604e4a26a2ac11d49de4ce2a634032bf
151,450,0.022509,0x527eee074b45bdc782075223df9d29aff1a64597,2017-10-21T23:42:08.000Z,0.00005002,0xe992f3c9f51655a6ccdc4ac4880c44d52d3c3bc4,buy,0xab16e0d25c06cb376259cc18c1de4aca57605589,0x38aa744f92106c637d8b1d7309c581923ea246ed2fb4f4c45325b77f59f22316
152,2,0.00011998,0x502ee13a3067ab81bf5af368694e4b0b7a3aad3f,2017-10-21T18:37:23.000Z,0.00005999,0x232022732eb313a206db0b37903109872a2a1f5e,buy,0xab16e0d25c06cb376259cc18c1de4aca57605589,0x4806376c8ef7a3672eaebc9d7eb69e1346e0822c2d179f3f1308ec26fe13a299
153,1000.471,0.064585405405,0xa58250eeb1004760fb538216cabba2382733c067,2017-10-21T12:00:11.000Z,0.000064555,0x98ea13055623e07714acd3bababb633d2243d494,buy,0xab16e0d25c06cb376259cc18c1de4aca57605589,0xc530da38b5d669b9704a9a9fdd45369f539125b39f18cf56d419d03e529c07aa
154,13.0175,0.000645668,0x32949467fdfdf5907ede0da062d9ba6b22a998e8,2017-10-21T07:13:50.000Z,0.0000496,0x572ae2d502bbf9df067dc79c3a682411c36162f7,sell,0xab16e0d25c06cb376259cc18c1de4aca57605589,0x2eec32bf05eeac6f18ef663b8d630782a81e410e016e87faf7d1e3cb82443a29
155,1,0.000151,0x22bbc3c4e46bf7104381db03bd93c6981faa96b5,2017-10-21T07:05:45.000Z,0.000151,0x19f8f85aa3d04df8df8f622f1d3fd722f7f17410,buy,0xab16e0d25c06cb376259cc18c1de4aca57605589,0x8ededa5c4f21c83e39bc56630083a7810cebf8fe353ee0738a07ff2bc2fb6148
156,1333,0.06665,0xb236b907580361fd4f87b759de68ca5c206644af,2017-10-21T07:04:24.000Z,0.00005,0x22bbc3c4e46bf7104381db03bd93c6981faa96b5,sell,0xab16e0d25c06cb376259cc18c1de4aca57605589,0x8791fe3562e37f2a4c558a245746430caa369c3328a253d0a27acfc3ebeb4a3e
157,2000,0.100002,0x5603e9614eb82f61407aced212b7515686351133,2017-10-21T07:01:36.000Z,0.000050001,0x22bbc3c4e46bf7104381db03bd93c6981faa96b5,sell,0xab16e0d25c06cb376259cc18c1de4aca57605589,0xb2c36542b38a08652e43aa8e03a2ccb375b28113cc6cf58192e0c0286514d542
158,0.9969,0.0000488490969,0xeee25e3f76a267334641ced7314fd8ddb61f934e,2017-10-20T21:47:34.000Z,0.000049001,0xa2de2eea94869c0377a4465396a0d022975dd993,sell,0xab16e0d25c06cb376259cc18c1de4aca57605589,0x88478dcf0d4f1d864ec50aefe8ed60f5a3bee9a7ee66a2385e1ff54aa35455d5
159,11976.1788,0.5628804036,0x582033a111659f5d733f855b8377c42984ec2beb,2017-10-20T18:32:40.000Z,0.000047,0x6a1afc7af4278351bca6125e03cc9e1a3f41e80a,sell,0xab16e0d25c06cb376259cc18c1de4aca57605589,0x197bd4308c3b1cc200eafd9b08e37745595d71f86d3e17200e2006975e9f7775
160,448.153,0.021959945153,0x582033a111659f5d733f855b8377c42984ec2beb,2017-10-20T15:09:26.000Z,0.000049001,0xe0e79c26fc292710f19bdea8eb5a9ed09b08b84a,buy,0xab16e0d25c06cb376259cc18c1de4aca57605589,0x02bacfa33c3986abe7bc0615d0b597ab18ed673b0286cbea509f90f3a79cbb08
161,100,0.0064999,0x13fa426b90fb5c204b4855545f7e07d1519e234d,2017-10-20T13:39:46.000Z,0.000064999,0x29a9a0d0bc443bc67d2c4911a0b5503265039b2d,buy,0xab16e0d25c06cb376259cc18c1de4aca57605589,0x47d9f80b913ca3866cf795144fffd886fa0400d900c85b97679b4472e80fdc9e
162,10542.6589,0.6852728285,0x11014c8cf037aa84dbd48bd7429177e7bef422d9,2017-10-20T12:09:39.000Z,0.000065,0x6a1afc7af4278351bca6125e03cc9e1a3f41e80a,sell,0xab16e0d25c06cb376259cc18c1de4aca57605589,0x54b8262f1e4df013bf912392392b8ddaf333fdd4cb4577721215279570852545
163,1614.9935,0.1049745775,0x11014c8cf037aa84dbd48bd7429177e7bef422d9,2017-10-20T11:23:50.000Z,0.000065,0x50747434f2b3986b0cc1ddcf2fe501348abd0eb2,sell,0xab16e0d25c06cb376259cc18c1de4aca57605589,0x44653554582f5e40b5c7fc9438aa0f85725fee237f77cc295e66f2b83b2cba4c
164,4002.3476,0.260152594,0x11014c8cf037aa84dbd48bd7429177e7bef422d9,2017-10-20T10:19:52.000Z,0.000065,0x1fdf047bf7a114b37e7936d01e9cad754ad18803,sell,0xab16e0d25c06cb376259cc18c1de4aca57605589,0x8b719f325b8bb4442ae52a3ccb8025f6722587c6b6486a42a195600b54f9a735
165,1,0.0001499,0x22bbc3c4e46bf7104381db03bd93c6981faa96b5,2017-10-20T06:45:26.000Z,0.0001499,0x3c6e761fbbcdb9fa09179fe9eb07fc42138917b0,buy,0xab16e0d25c06cb376259cc18c1de4aca57605589,0x204d28732cdfaf62e1784d254e176d8a11dc0d3751d8010f5ab0e0b61bbe4336
166,490,0.03415251,0x5461072d71e0495032624748000f24f80b791474,2017-10-19T23:02:46.000Z,0.000069699,0x38d6a550ebe865aca6938faaba0b34fcabb0d011,buy,0xab16e0d25c06cb376259cc18c1de4aca57605589,0x0bbb3197e9c49bb9b70ef97182788a106d1c90743197e469e1d99feac88abd82
167,1,0.000069699,0xe68841c73f7a882e5878300d7d28ad9ee98697ec,2017-10-19T21:02:30.000Z,0.000069699,0x38d6a550ebe865aca6938faaba0b34fcabb0d011,buy,0xab16e0d25c06cb376259cc18c1de4aca57605589,0x490b834542b037cb6413fb6bb2df8163ac989b7b9d6c895e72a42bd986e69ac4
168,1802,0.1255994,0xde410153e11a1abadd5c3c28c59563fc803e973f,2017-10-19T18:57:09.000Z,0.0000697,0x1fdf047bf7a114b37e7936d01e9cad754ad18803,buy,0xab16e0d25c06cb376259cc18c1de4aca57605589,0xbb1021429727222cd12ff81c04d6f28ecb88ab92060aaa27b28316e9b977b703
169,4859.12,0.33867094576,0xde410153e11a1abadd5c3c28c59563fc803e973f,2017-10-19T18:54:50.000Z,0.000069698,0x38d6a550ebe865aca6938faaba0b34fcabb0d011,buy,0xab16e0d25c06cb376259cc18c1de4aca57605589,0x9c430584ff8045fe1713567acac36383a8365a0b176674605c63768821df6001
170,99,0.006633,0xde410153e11a1abadd5c3c28c59563fc803e973f,2017-10-19T18:52:47.000Z,0.000067,0x83e8d2ce4b78b655c2e2d0cc5ebc8e584361c8e0,buy,0xab16e0d25c06cb376259cc18c1de4aca57605589,0xe5b8957f5cdd365e3c7d8c9cbc330f9e714ec071078660df92e49d6765f6955f
171,2500,0.16725,0xde410153e11a1abadd5c3c28c59563fc803e973f,2017-10-19T18:52:17.000Z,0.0000669,0xd98a3954353055ab642c9159c7f3b25dac2dc29b,buy,0xab16e0d25c06cb376259cc18c1de4aca57605589,0xa48f396ff56793e075c3cc58bed52198b91e3d6bce9ff61958bcdb8dc8cc9543
172,840,0.05208,0xde410153e11a1abadd5c3c28c59563fc803e973f,2017-10-19T18:21:22.000Z,0.000062,0x72663add7a697fc914dac1c7b98321f6949b4463,buy,0xab16e0d25c06cb376259cc18c1de4aca57605589,0xc248f7418b0737770059c72904a22fddef73af5a64217f93a385b229d70aa9e0
173,139.8796,0.009749333067490778,0xfecdbaa3caf5cb3b33ad136e97f18d62d5773b9c,2017-10-18T21:29:35.000Z,0.00006969803364815725,0x38d6a550ebe865aca6938faaba0b34fcabb0d011,buy,0xab16e0d25c06cb376259cc18c1de4aca57605589,0x446d9e5ef8d3876cd5a1a9481eb6050a92bd8af4d97dfb2f289b7e34858a066b
174,1769.9425,0.08336429175,0xd98a3954353055ab642c9159c7f3b25dac2dc29b,2017-10-18T21:26:38.000Z,0.0000471,0x3ddcd68862a6bfa94130706a975f4baba061e547,sell,0xab16e0d25c06cb376259cc18c1de4aca57605589,0xd983505bb660dd20cba0758b9c9f7312aaafcaf6e0649ea828f7e8b386a7f349
175,35.0299,0.00234,0xd512a6c7dc7e7bf94e03260340885d0e253e7df7,2017-10-18T20:03:23.000Z,0.00006680007650607052,0x83e8d2ce4b78b655c2e2d0cc5ebc8e584361c8e0,buy,0xab16e0d25c06cb376259cc18c1de4aca57605589,0xfd377c1947df263e906d2a91888c26e9c88a5d9553038022e2286150200005f1
176,1,0.000067,0x3ac636ac5c3a2576156ac5f10066ca68abe0ad54,2017-10-18T17:43:05.000Z,0.000067,0x83e8d2ce4b78b655c2e2d0cc5ebc8e584361c8e0,buy,0xab16e0d25c06cb376259cc18c1de4aca57605589,0x8024d037d5af0c8c6d3d7d4af2ae2e972440759bd0530d27a9ac1cea9c2b9fa0
177,50,0.00334,0x0dcea2fa107a4d6952a5c245e31f58a5c351020e,2017-10-18T17:14:35.000Z,0.0000668,0x83e8d2ce4b78b655c2e2d0cc5ebc8e584361c8e0,buy,0xab16e0d25c06cb376259cc18c1de4aca57605589,0xd6c67a804af971894bf46042cb67eefc541b2c44c5506f3856718b616e0bd601
178,7.485,0.0005,0xf9695cd65d6dfdf257fab76a3eb0cb8f001971cc,2017-10-18T15:15:51.000Z,0.0000668002672010688,0x83e8d2ce4b78b655c2e2d0cc5ebc8e584361c8e0,buy,0xab16e0d25c06cb376259cc18c1de4aca57605589,0xafcaf063a174ab7109fcf2d0a1419573ca1dfbda023d6b1a44ed4d601ba33c33
179,7.485,0.0005,0x379374d13077e8867ef31803c37baf9785a17c00,2017-10-18T15:14:18.000Z,0.0000668002672010688,0x83e8d2ce4b78b655c2e2d0cc5ebc8e584361c8e0,buy,0xab16e0d25c06cb376259cc18c1de4aca57605589,0x0f7038589b4f41c1849c2311308dde118cd328ab394321ff7a9c80fccf11d486
180,8211,0.5723067,0x22df95d8535db3fe9993a4b7c1923ef861c2cbbe,2017-10-18T11:44:15.000Z,0.0000697,0xa58250eeb1004760fb538216cabba2382733c067,buy,0xab16e0d25c06cb376259cc18c1de4aca57605589,0x2e7416dedfdbd6b4b255709ae443f742fd955205d1e115a40483435d282708d4
181,17014,1.1858758,0xa58250eeb1004760fb538216cabba2382733c067,2017-10-18T11:42:55.000Z,0.0000697,0x22df95d8535db3fe9993a4b7c1923ef861c2cbbe,buy,0xab16e0d25c06cb376259cc18c1de4aca57605589,0x10d6686f349e4d8e5d6718e7b9d733bbb3df2c4b7ddcbf7c335f91505908a7a1
182,4348.2377,0.3030678194523,0x8ef72fa52208630fd4ff6fb2f7b426fabb6230a8,2017-10-18T04:42:26.000Z,0.000069699,0xed7f4d43a68a1353004159aa48fcf79e23b5b75f,buy,0xab16e0d25c06cb376259cc18c1de4aca57605589,0x0cd80ecd634247b2e45149531a282c59739c5bf6e43e861ef9a0a58607ee3569
183,5000,0.34849,0x8ef72fa52208630fd4ff6fb2f7b426fabb6230a8,2017-10-18T04:35:53.000Z,0.000069698,0x38d6a550ebe865aca6938faaba0b34fcabb0d011,buy,0xab16e0d25c06cb376259cc18c1de4aca57605589,0xa8b9c21e694b97a63d97bdd0011ee2864587b4c412f7725205af780ad404560e
184,120,0.00768,0x8ef72fa52208630fd4ff6fb2f7b426fabb6230a8,2017-10-18T04:35:40.000Z,0.000064,0x83e8d2ce4b78b655c2e2d0cc5ebc8e584361c8e0,buy,0xab16e0d25c06cb376259cc18c1de4aca57605589,0xc050c7411e84de3803ff82e40f7f4d45a65d54bf1c93ef449d71a6628f25c2b3
185,20,0.001,0x83e8d2ce4b78b655c2e2d0cc5ebc8e584361c8e0,2017-10-18T04:24:31.000Z,0.00005,0x189c12d547f12514bab296ccae012b0b01c6cd6d,buy,0xab16e0d25c06cb376259cc18c1de4aca57605589,0x0412326a27747231bfb8e563eab751a7540a2ac015162571aa6eaec0a0caf941
186,3416.4091,0.1605712277,0xa0b9667f429b73f67335f254439fca848b506f47,2017-10-18T04:10:11.000Z,0.000047,0x9f217485f080c97c525dba322d98257c408df8c4,sell,0xab16e0d25c06cb376259cc18c1de4aca57605589,0x40dcbf21def12ebe9caa630543178511eaa1434719ae4d7347faeec9687ef056
187,300,0.015,0x83e8d2ce4b78b655c2e2d0cc5ebc8e584361c8e0,2017-10-18T03:00:01.000Z,0.00005,0x38cd9d81128b7d43f85836a1a92377a78c86403c,sell,0xab16e0d25c06cb376259cc18c1de4aca57605589,0xc02c551a896c3ba777c5facfd14e66171a378ac1199cd8756a3989c1c3860eaa
188,1000,0.088,0xefba0ffeba68ed1d9c9922e9d33c9ee88d52ce7b,2017-10-17T23:36:30.000Z,0.000088,0xb236b907580361fd4f87b759de68ca5c206644af,buy,0xab16e0d25c06cb376259cc18c1de4aca57605589,0xf402524680764631f051be619ccd0113bd400cdcaa373c02f6cc5ed30745abab
189,1000,0.088,0xefba0ffeba68ed1d9c9922e9d33c9ee88d52ce7b,2017-10-17T23:34:13.000Z,0.000088,0xb236b907580361fd4f87b759de68ca5c206644af,buy,0xab16e0d25c06cb376259cc18c1de4aca57605589,0xde86e6a4a3de26240ca77452ca9aad3b4cd0e13e724400092ffedaa522f2c8f9
190,1602.564,0.0999999936,0xa58250eeb1004760fb538216cabba2382733c067,2017-10-17T21:54:34.000Z,0.0000624,0x38d6a550ebe865aca6938faaba0b34fcabb0d011,buy,0xab16e0d25c06cb376259cc18c1de4aca57605589,0xd6ec5d6a78917d38ee35954f5b3d68f5b88beff710a5887b021b19bc8beb5ec0
191,4348.2371,0.0917521510471,0xed7f4d43a68a1353004159aa48fcf79e23b5b75f,2017-10-17T20:47:43.000Z,0.000021101,0x226a352dfc6c86f60cd2dd705c861f4e00533627,sell,0xab16e0d25c06cb376259cc18c1de4aca57605589,0xef23475ff5968d2d80b1be155f4462694310464014884796f4f9a289a143ecd9
192,1.2461,0.000996909580301066,0x6284c3366eb0336824bcf32bf4d62fd12dc34d8d,2017-10-17T18:30:40.000Z,0.0008000237383043624,0x30ae5aff85728ec1078586ffc3f8a01abe5527be,buy,0xab16e0d25c06cb376259cc18c1de4aca57605589,0x9c796f0e72b6bd4acc25562226ab1029772e4b8b7dc148a87600532650ec36fc
193,8.0128,0.0005,0x16e5d97bbc92417e051e3b2cabfbf8ceea2acb9c,2017-10-17T17:43:42.000Z,0.00006240015974440894,0x38d6a550ebe865aca6938faaba0b34fcabb0d011,buy,0xab16e0d25c06cb376259cc18c1de4aca57605589,0x94067f94613eba670c571343b9f23d7bb708393e440b4363f4792a66f9594587
194,1598.4078,0.09974065243893306,0x38cd9d81128b7d43f85836a1a92377a78c86403c,2017-10-17T17:16:12.000Z,0.0000624000035778936,0x38d6a550ebe865aca6938faaba0b34fcabb0d011,buy,0xab16e0d25c06cb376259cc18c1de4aca57605589,0x0feffc2031a8c8a5e136c95eb4cd780675cf453a2eea3c37aff62a4b044d473c
195,7738.628,0.5401562344,0x22df95d8535db3fe9993a4b7c1923ef861c2cbbe,2017-10-17T16:51:14.000Z,0.0000698,0xa58250eeb1004760fb538216cabba2382733c067,buy,0xab16e0d25c06cb376259cc18c1de4aca57605589,0x43891e242e1d8733cdb0743095c5264f11c2d80e250799aecb39d880b0cfe583
196,4899.713,0.3419999674,0x22df95d8535db3fe9993a4b7c1923ef861c2cbbe,2017-10-17T16:49:13.000Z,0.0000698,0xa58250eeb1004760fb538216cabba2382733c067,buy,0xab16e0d25c06cb376259cc18c1de4aca57605589,0xc45115dd59a031c8ef31b044acf42cda582ec40ff6514640182883729da03d75
197,5730.659,0.3999999982,0x22df95d8535db3fe9993a4b7c1923ef861c2cbbe,2017-10-17T16:48:28.000Z,0.0000698,0xa58250eeb1004760fb538216cabba2382733c067,buy,0xab16e0d25c06cb376259cc18c1de4aca57605589,0x6d202458e11268436fa34aa50897bf4e91f120d3550748a9d0903b60f3c19147
198,10000,0.699,0xa58250eeb1004760fb538216cabba2382733c067,2017-10-17T16:08:00.000Z,0.0000699,0x22df95d8535db3fe9993a4b7c1923ef861c2cbbe,buy,0xab16e0d25c06cb376259cc18c1de4aca57605589,0x212e9f79e069a139a60e0a04880a57278e6dc102d57d61ced85369b425c22b93
199,30,0.001872,0x8f014ad29b433ad1e1a7215138708befad1ee531,2017-10-17T10:40:50.000Z,0.0000624,0x38d6a550ebe865aca6938faaba0b34fcabb0d011,buy,0xab16e0d25c06cb376259cc18c1de4aca57605589,0x9603b06a019beccd54348df99f6e713adbadc59de7a2f76bf3068a82351c4dd1
200,480.769,0.0299999856,0xff64f34e8511693e3dffa0e1fe037a6a65f3937b,2017-10-17T09:07:41.000Z,0.0000624,0x38d6a550ebe865aca6938faaba0b34fcabb0d011,buy,0xab16e0d25c06cb376259cc18c1de4aca57605589,0xf490afdd1090a6f88c1e952e2788a1e39fd2ab52de24c18f0e81fb129c4506a8
201,8.0128,0.0005,0xcd912af5286dc0b0a23edb30209734ecb60838b3,2017-10-17T05:19:09.000Z,0.00006240015974440894,0x38d6a550ebe865aca6938faaba0b34fcabb0d011,buy,0xab16e0d25c06cb376259cc18c1de4aca57605589,0x160e82bbdaa0e6ee04be033dc0a3fd2870a8cdc67b47948880d2d51232fcb0ea
202,1469.8025,0.09171568138769813,0x22ab5225fad65a6ec466cc28581a7bbefc886bba,2017-10-17T05:12:13.000Z,0.00006240000366559325,0x38d6a550ebe865aca6938faaba0b34fcabb0d011,buy,0xab16e0d25c06cb376259cc18c1de4aca57605589,0xdb7f0e044db2bc6f5cde7dad037ba95d421918bf6295e76ff6f3193f86d120a3
203,1337,0.08022,0x466698583df3156b696311a7c5d5e1a9f5be9b36,2017-10-17T01:44:29.000Z,0.00006,0x22bbc3c4e46bf7104381db03bd93c6981faa96b5,sell,0xab16e0d25c06cb376259cc18c1de4aca57605589,0x8c08e70f1380e87eec50c63b9a634c68b6a6f7687e890d9ebbf651684b2c9ce9
204,1,0.0000624,0xfccc604316be071ede8daef816f9b289559816fd,2017-10-16T22:29:11.000Z,0.0000624,0x38d6a550ebe865aca6938faaba0b34fcabb0d011,buy,0xab16e0d25c06cb376259cc18c1de4aca57605589,0x6d7f6021082c90f189a8185b81d93e6f8bf0751e0b460683bcc8441479e0c890
205,1999.9999,0.12379999716085596,0x8cc7656a3c697884abb7e2dea4303cd1d7761b76,2017-10-16T21:59:19.000Z,0.00006190000167542807,0x926c8228534d8e8a5b164131baf909789fef53be,buy,0xab16e0d25c06cb376259cc18c1de4aca57605589,0xd1198f1b49da8d9bcebd40f3e8c3740ca6a931b48bcecebe60cd16b173ace9cb
206,3000,0.1872,0x8cc7656a3c697884abb7e2dea4303cd1d7761b76,2017-10-16T21:59:19.000Z,0.0000624,0x424b399260cd2479d8abc6c336af5be537322672,buy,0xab16e0d25c06cb376259cc18c1de4aca57605589,0xdbf3f5c03fd055f28b5cb4efefb51172c3a48a2d3b8129a140fd7f287b49ef20
207,12042,0.7514208,0x22df95d8535db3fe9993a4b7c1923ef861c2cbbe,2017-10-16T10:22:59.000Z,0.0000624,0xa58250eeb1004760fb538216cabba2382733c067,buy,0xab16e0d25c06cb376259cc18c1de4aca57605589,0x19f200fa56bb3fccceff9d846a0926b9d454ff29cee982f069520f98e4f9ecac
208,12042,0.7514208,0x22df95d8535db3fe9993a4b7c1923ef861c2cbbe,2017-10-16T10:20:27.000Z,0.0000624,0xa58250eeb1004760fb538216cabba2382733c067,buy,0xab16e0d25c06cb376259cc18c1de4aca57605589,0x19f200fa56bb3fccceff9d846a0926b9d454ff29cee982f069520f98e4f9ecac
209,278.1361,0.017244442229089822,0xace63eb7d628b0434dc2f960b2c03c2e9162cd05,2017-10-16T10:12:15.000Z,0.00006200001448603694,0xe03025d59810d073241826f77afb04301fa45012,buy,0xab16e0d25c06cb376259cc18c1de4aca57605589,0x60528a158af20fbaed6621ba1d14f82b38edaf0e87508b62bbb34b990f75c55d
210,1,0.0007,0xace63eb7d628b0434dc2f960b2c03c2e9162cd05,2017-10-16T10:10:51.000Z,0.0007,0x5edbc94db5fbd4fc082244c150ee07d9847f6b71,buy,0xab16e0d25c06cb376259cc18c1de4aca57605589,0xf099ac93fb03f13f9ffc9eb5b9935674d6d12061682d19ed15e7ed2e37c1e7bc
211,99.6909,0.003987636,0x771e93c209d846b2d6c5e309910cc98bebd804ff,2017-10-16T05:03:03.000Z,0.00004,0xf751033d4e6864a88be93e36258246f26aef577c,sell,0xab16e0d25c06cb376259cc18c1de4aca57605589,0x66a9fc39ac2ac1600634c6539e9fdd964d861e3331e374ec6ff6a612220730d5
212,600,0.04002,0x22df95d8535db3fe9993a4b7c1923ef861c2cbbe,2017-10-15T21:30:32.000Z,0.0000667,0x32949467fdfdf5907ede0da062d9ba6b22a998e8,buy,0xab16e0d25c06cb376259cc18c1de4aca57605589,0x29d436511c142f8d28e131d98e5ff03479860ed94f222391401798202dbfc17a
213,600,0.0252,0xaa569b62d106d4d59773c55e230d0373cd82f6a5,2017-10-15T17:41:49.000Z,0.000042,0x424b399260cd2479d8abc6c336af5be537322672,sell,0xab16e0d25c06cb376259cc18c1de4aca57605589,0x2a5144f9cfbf6464d60e109df475dae455a5eb29f9afa0df491f537813b44f72
214,4034.9199,0.2017500299199,0x582033a111659f5d733f855b8377c42984ec2beb,2017-10-15T15:35:13.000Z,0.000050001,0xf66771f68dc0d93568f720e9a76fad7d7d9f55bf,buy,0xab16e0d25c06cb376259cc18c1de4aca57605589,0x18d816428f2716c56b05311732f5496d46dd9c07f6213c40e9417904a2970744
215,17050,0.8525,0x582033a111659f5d733f855b8377c42984ec2beb,2017-10-15T15:25:24.000Z,0.00005,0xa0b9667f429b73f67335f254439fca848b506f47,buy,0xab16e0d25c06cb376259cc18c1de4aca57605589,0x931e20f428e9d06d7b019d81ce7dc4a2cf2993fb39b683d912dbe03930a84283
216,2000,0.1,0x22df95d8535db3fe9993a4b7c1923ef861c2cbbe,2017-10-15T15:22:04.000Z,0.00005,0xa0b9667f429b73f67335f254439fca848b506f47,buy,0xab16e0d25c06cb376259cc18c1de4aca57605589,0x5e03b0ab7fe886eb8091b8b3cb027cea7f02fa1dbab4b33574e08a0eb5a0a093
217,4884.8569,0.17536636271,0x582033a111659f5d733f855b8377c42984ec2beb,2017-10-15T03:39:38.000Z,0.0000359,0x0542cf32b47c573859408a69c574757eb81d0287,sell,0xab16e0d25c06cb376259cc18c1de4aca57605589,0xacc97ade0320d5cb9c7df1b8850d284e9c0b099f1ae5ce8cbece1df63d03b592
218,20000,1,0x19f8f85aa3d04df8df8f622f1d3fd722f7f17410,2017-10-15T01:07:53.000Z,0.00005,0xa0b9667f429b73f67335f254439fca848b506f47,buy,0xab16e0d25c06cb376259cc18c1de4aca57605589,0x5b16808b54eff8dc421c12df5f358177a4e09e5dffad408c0e58675829132cf7
219,5000,0.175,0x5495b81b3654bae90ccc264b39ab0e51b395d58e,2017-10-14T19:07:33.000Z,0.000035,0xf24b6c92da64aa9d4d2b3272f64bc227c5a5bb99,sell,0xab16e0d25c06cb376259cc18c1de4aca57605589,0x7cc8ec3f1a765bf3d7fd6860f9d791275268d5d18f9dc20c14f48f41532d6701
220,3900,0.173316,0xefcbaca331bd254a00a339c8d5824942263c07be,2017-10-14T16:17:44.000Z,0.00004444,0xf24b6c92da64aa9d4d2b3272f64bc227c5a5bb99,sell,0xab16e0d25c06cb376259cc18c1de4aca57605589,0xad3982c21ac039cebc6014552500649da7ba48194add2e3ad1323aafe2eb04b1
221,30000,1.5,0xa58250eeb1004760fb538216cabba2382733c067,2017-10-14T14:57:35.000Z,0.00005,0x22df95d8535db3fe9993a4b7c1923ef861c2cbbe,buy,0xab16e0d25c06cb376259cc18c1de4aca57605589,0x8785c55db38b0770e7249df46862808eb67d2f25225fb53a6391c90144802001
222,5837.9025,0.2253430365,0x582033a111659f5d733f855b8377c42984ec2beb,2017-10-14T14:25:58.000Z,0.0000386,0xb82610fb60758d8458c371be54f633ef7714fe21,sell,0xab16e0d25c06cb376259cc18c1de4aca57605589,0x38279ac41009cb5bc9a6877093637c808001beb16a1c17fa8d7a5c88cf49fb56
223,20950,1.0475,0x51545fb33724f6698df856599ae10877083f69cb,2017-10-13T15:05:30.000Z,0.00005,0xa0b9667f429b73f67335f254439fca848b506f47,buy,0xab16e0d25c06cb376259cc18c1de4aca57605589,0x964a7c59db528f684b69a06992bf6840de2185547f01ee6621148cb7f13a8ef6
224,2027.848,0.1013924,0x8e638f4a968a50b59dfb5c722546281051298cde,2017-10-13T11:45:57.000Z,0.00005,0xa0b9667f429b73f67335f254439fca848b506f47,buy,0xab16e0d25c06cb376259cc18c1de4aca57605589,0x8fe88c04cf1c55b176884c97a185409cf385af5a89de05b878706adb22301f4a
225,200,0.01,0x38cd9d81128b7d43f85836a1a92377a78c86403c,2017-10-12T20:52:33.000Z,0.00005,0x582033a111659f5d733f855b8377c42984ec2beb,buy,0xab16e0d25c06cb376259cc18c1de4aca57605589,0x0d3f6082b5f886b032588d4ef1a04b92ba66573b1dac50af79d14f94a3dfb807
226,1651.0184,0.08255092214136178,0x2f29e1ba9405cd2764e33a71bb7aca6702389f04,2017-10-12T20:37:32.000Z,0.00005000000129699449,0x582033a111659f5d733f855b8377c42984ec2beb,buy,0xab16e0d25c06cb376259cc18c1de4aca57605589,0xb699d3e21cd45160913223bd1b744c9f404fd347ec63d2890854a26dfcbf0bb1
227,2000,0.1,0x2f29e1ba9405cd2764e33a71bb7aca6702389f04,2017-10-12T20:12:43.000Z,0.00005,0x582033a111659f5d733f855b8377c42984ec2beb,buy,0xab16e0d25c06cb376259cc18c1de4aca57605589,0x6a4defe08add565dcfbd9db8ec383ee14ffc4c9d0235e9e62f1e4b01eb23a50a
228,28.5,0.0014250285,0xd2ea382e498316d91b9de8557670149b479721a0,2017-10-12T19:54:38.000Z,0.000050001,0xf66771f68dc0d93568f720e9a76fad7d7d9f55bf,buy,0xab16e0d25c06cb376259cc18c1de4aca57605589,0x9392cd259f3342517faa227b0987d427778a748c7467e9f67a66561986b3f84e
229,28.4145,0.015627975,0xcc7c335f3365ae3f7e4e8c9535dc92780a4add9d,2017-10-12T19:54:38.000Z,0.00055,0xd2ea382e498316d91b9de8557670149b479721a0,sell,0xab16e0d25c06cb376259cc18c1de4aca57605589,0x9392cd259f3342517faa227b0987d427778a748c7467e9f67a66561986b3f84e
230,9499.9999,0.5225,0xd2ea382e498316d91b9de8557670149b479721a0,2017-10-12T19:53:24.000Z,0.00005500000057894736,0x582033a111659f5d733f855b8377c42984ec2beb,buy,0xab16e0d25c06cb376259cc18c1de4aca57605589,0x29e5766fb2bc70e3bd65a7ccfdec8c434e35f0298710ffcfae0e33de55680b95
231,9471.5,5.209325,0xcc7c335f3365ae3f7e4e8c9535dc92780a4add9d,2017-10-12T19:53:24.000Z,0.00055,0xd2ea382e498316d91b9de8557670149b479721a0,sell,0xab16e0d25c06cb376259cc18c1de4aca57605589,0x29e5766fb2bc70e3bd65a7ccfdec8c434e35f0298710ffcfae0e33de55680b95
232,14.9351,0.0007467699351,0xd2ea382e498316d91b9de8557670149b479721a0,2017-10-12T19:51:34.000Z,0.000050001,0xf66771f68dc0d93568f720e9a76fad7d7d9f55bf,buy,0xab16e0d25c06cb376259cc18c1de4aca57605589,0x8e6c9313e91232b401222615324d3fd20953e25428c977c58a9fe4e0b949df86
233,14.8902,0.007445248902,0xcc7c335f3365ae3f7e4e8c9535dc92780a4add9d,2017-10-12T19:51:34.000Z,0.00050001,0xd2ea382e498316d91b9de8557670149b479721a0,sell,0xab16e0d25c06cb376259cc18c1de4aca57605589,0x8e6c9313e91232b401222615324d3fd20953e25428c977c58a9fe4e0b949df86
234,4978.355,0.273809525,0xd2ea382e498316d91b9de8557670149b479721a0,2017-10-12T19:50:51.000Z,0.000055,0x582033a111659f5d733f855b8377c42984ec2beb,buy,0xab16e0d25c06cb376259cc18c1de4aca57605589,0xef67ce9c892de2d3782deb5b2a6af4e1e61a324dfa78949bfb6090d32d7483f6
235,4963.4199,2.481759584199,0xcc7c335f3365ae3f7e4e8c9535dc92780a4add9d,2017-10-12T19:50:51.000Z,0.00050001,0xd2ea382e498316d91b9de8557670149b479721a0,sell,0xab16e0d25c06cb376259cc18c1de4aca57605589,0xef67ce9c892de2d3782deb5b2a6af4e1e61a324dfa78949bfb6090d32d7483f6
236,1000,0.05,0x8717d4c20c0fff899b4fb2a8fcba7459f6e89257,2017-10-12T19:43:22.000Z,0.00005,0x582033a111659f5d733f855b8377c42984ec2beb,sell,0xab16e0d25c06cb376259cc18c1de4aca57605589,0xc461e7961064f0737a556381558fe75f4dbfd20b04e606ad393d54e5839c676a
237,666.666,0.033999966,0x5461072d71e0495032624748000f24f80b791474,2017-10-12T19:13:20.000Z,0.000051,0x32949467fdfdf5907ede0da062d9ba6b22a998e8,buy,0xab16e0d25c06cb376259cc18c1de4aca57605589,0x31aa0d42f398cf0dac25e1e8c92846886ee8930ec0f34d32aef828a291f186d4
238,2003.0905,0.1021576155,0xd98a3954353055ab642c9159c7f3b25dac2dc29b,2017-10-12T17:36:08.000Z,0.000051,0x582033a111659f5d733f855b8377c42984ec2beb,sell,0xab16e0d25c06cb376259cc18c1de4aca57605589,0xac1955f5b5547a89dd537a93b0efe1151400cf1861dd7ea1b59a42d8d40228fd
239,5000,0.275,0x5495b81b3654bae90ccc264b39ab0e51b395d58e,2017-10-12T16:28:26.000Z,0.000055,0x582033a111659f5d733f855b8377c42984ec2beb,buy,0xab16e0d25c06cb376259cc18c1de4aca57605589,0xb67d8517767a46bd995984f4ca0a8ae41f0a014a310df0cdb24b802d4984f2e4
240,31627.848,1.518136704,0xa0b9667f429b73f67335f254439fca848b506f47,2017-10-12T16:28:01.000Z,0.000048,0x582033a111659f5d733f855b8377c42984ec2beb,sell,0xab16e0d25c06cb376259cc18c1de4aca57605589,0x74440b8d8e7b756a208222511109ae5c2593dc82c2a84d6d8c686350ea37dcd8
241,23400,1.1232234,0x191ed9fa8669e55291f93a2ea3dd2ea2a259cece,2017-10-12T16:14:29.000Z,0.000048001,0x582033a111659f5d733f855b8377c42984ec2beb,sell,0xab16e0d25c06cb376259cc18c1de4aca57605589,0x6d490593dd7a456bc14f60bff76ac6775ae7f1bcaa0d536971c2e7beeb75af82
242,20400,0.9996,0xa0b9667f429b73f67335f254439fca848b506f47,2017-10-12T15:41:02.000Z,0.000049,0x582033a111659f5d733f855b8377c42984ec2beb,sell,0xab16e0d25c06cb376259cc18c1de4aca57605589,0xb3c2b6bc47d3c7914f87c6c19508fa22c4c18cfd3895bae5daa06b7fdf0f9919
243,1400,0.0798,0x32949467fdfdf5907ede0da062d9ba6b22a998e8,2017-10-12T15:14:42.000Z,0.000057,0x582033a111659f5d733f855b8377c42984ec2beb,sell,0xab16e0d25c06cb376259cc18c1de4aca57605589,0xc4665d02b367c70f28a999c4e9d3341b44f05fc2a3825b8ce28bbe1b9b0e8fbd
244,10000,0.5,0xa0b9667f429b73f67335f254439fca848b506f47,2017-10-12T15:09:24.000Z,0.00005,0x582033a111659f5d733f855b8377c42984ec2beb,sell,0xab16e0d25c06cb376259cc18c1de4aca57605589,0x9c49fbf4acd13b7dc8db7e550eb28426faaecc496fc890a4b05a3c7074e9deb0
245,30000,1.92,0xa58250eeb1004760fb538216cabba2382733c067,2017-10-12T13:44:00.000Z,0.000064,0x22df95d8535db3fe9993a4b7c1923ef861c2cbbe,buy,0xab16e0d25c06cb376259cc18c1de4aca57605589,0x4a17d07e4a2c9acd7efdc2e6633686e1a9c16a8c38c815c768e55b6c2572115d
246,996.9095,0.0508423845,0xd98a3954353055ab642c9159c7f3b25dac2dc29b,2017-10-12T12:47:12.000Z,0.000051,0xfcc4514f41b0394efe6021d5516bf74c6f554d1a,sell,0xab16e0d25c06cb376259cc18c1de4aca57605589,0x0a118bc097645cfcf8333cdd0b407df33435408aca3ddcb6800b1e575081b82f
247,833.333,0.04999998,0xaa569b62d106d4d59773c55e230d0373cd82f6a5,2017-10-12T01:58:35.000Z,0.00006,0x582033a111659f5d733f855b8377c42984ec2beb,buy,0xab16e0d25c06cb376259cc18c1de4aca57605589,0x81701a35eed7a2356791a2b94ced0c4019d3967030f95ebdc89c1fab2bc84462
248,19.9381,0.0011763479,0x32949467fdfdf5907ede0da062d9ba6b22a998e8,2017-10-11T22:57:18.000Z,0.000059,0xaa5db19072e0216867c86b5f414739e74623ff73,sell,0xab16e0d25c06cb376259cc18c1de4aca57605589,0x172dcf67af594399db2b85c80e0ebe30c9f79e5d7ad2a14bed86ce066134ca77
249,3000,0.18,0x8e638f4a968a50b59dfb5c722546281051298cde,2017-10-11T13:14:52.000Z,0.00006,0x582033a111659f5d733f855b8377c42984ec2beb,buy,0xab16e0d25c06cb376259cc18c1de4aca57605589,0x9ab22a182e7ebaf501cf2f0a8a7a9a041584f4b2cf32ab7ca4a66e29a18701c0
250,13351,0.654199,0x453e8af62bfe737a0e05125020da45f17156a1f9,2017-10-11T08:07:16.000Z,0.000049,0x582033a111659f5d733f855b8377c42984ec2beb,sell,0xab16e0d25c06cb376259cc18c1de4aca57605589,0x06677fc697af87bb24e5e3c2fae2d67679c0c24147679e88f362477f78c4b961
251,632.919,0.049999968081,0x22df95d8535db3fe9993a4b7c1923ef861c2cbbe,2017-10-11T07:02:34.000Z,0.000078999,0x232022732eb313a206db0b37903109872a2a1f5e,buy,0xab16e0d25c06cb376259cc18c1de4aca57605589,0xb55d20bb160ad2cc13c4462fe0d073da016321489dd87faf1bfef7c32b7ebe91
252,3000,0.1500003,0x22f8dd784f1ae5fce8b00b159a033815c3b6714e,2017-10-11T06:00:18.000Z,0.0000500001,0x582033a111659f5d733f855b8377c42984ec2beb,sell,0xab16e0d25c06cb376259cc18c1de4aca57605589,0x75e17ef37fd095f6e665c97161081007849d9952399e1c8657f8a876bb511bf0
253,1000,0.061,0xd98a3954353055ab642c9159c7f3b25dac2dc29b,2017-10-11T05:58:17.000Z,0.000061,0x582033a111659f5d733f855b8377c42984ec2beb,sell,0xab16e0d25c06cb376259cc18c1de4aca57605589,0xecc067257662b31a4082ea77b772a3f39c486ec88c4c8999058cedfbe4c096fa
254,1000,0.06100001,0x22f8dd784f1ae5fce8b00b159a033815c3b6714e,2017-10-11T05:55:59.000Z,0.00006100001,0x582033a111659f5d733f855b8377c42984ec2beb,sell,0xab16e0d25c06cb376259cc18c1de4aca57605589,0x804f23bd52a7dba926404081201a3858b5cfc84da3803282fcee10ffe0a6bc51
255,1200,0.072,0x771e93c209d846b2d6c5e309910cc98bebd804ff,2017-10-11T05:54:24.000Z,0.00006,0x582033a111659f5d733f855b8377c42984ec2beb,sell,0xab16e0d25c06cb376259cc18c1de4aca57605589,0xcb95656104fa3812e5f78372d237926fd5980a409507014f6f3570bb814ab733
256,1000,0.06100001,0x22f8dd784f1ae5fce8b00b159a033815c3b6714e,2017-10-11T05:53:27.000Z,0.00006100001,0x582033a111659f5d733f855b8377c42984ec2beb,sell,0xab16e0d25c06cb376259cc18c1de4aca57605589,0x5446157d60ca2b6a3ca6cf261f62a4d54a83a6d664ae99029041cab57560cf9a
257,20000,1,0x232022732eb313a206db0b37903109872a2a1f5e,2017-10-11T05:34:22.000Z,0.00005,0x582033a111659f5d733f855b8377c42984ec2beb,sell,0xab16e0d25c06cb376259cc18c1de4aca57605589,0x2aa3d2fd387614ae418552e5f782faf8b017cf39a1b13a1ef5246da7c1d9a878
258,20000,1.02,0x955ef8c03031b667c16c9c76408cf8f40f8ec2b4,2017-10-11T05:32:09.000Z,0.000051,0x582033a111659f5d733f855b8377c42984ec2beb,sell,0xab16e0d25c06cb376259cc18c1de4aca57605589,0xd1f8c9b40a70ad8085edbc3d0b85fff524d7040f371fdd531ddbaeae04f716ab
259,2000,0.106000002,0x22f8dd784f1ae5fce8b00b159a033815c3b6714e,2017-10-11T05:21:25.000Z,0.000053000001,0x582033a111659f5d733f855b8377c42984ec2beb,sell,0xab16e0d25c06cb376259cc18c1de4aca57605589,0x6e527b07ff84726b74f5fb31e3f2541f3b16abed44cee1c5921714b587aff93c
260,43000,2.451,0xa0b9667f429b73f67335f254439fca848b506f47,2017-10-11T05:13:26.000Z,0.000057,0x582033a111659f5d733f855b8377c42984ec2beb,sell,0xab16e0d25c06cb376259cc18c1de4aca57605589,0x98c0963c352f4b354e2b870dafa09e89c11aa57cdcef9c30d79470caec1e38dd
261,11000,0.66,0x937a00b56f3fe79909306d72292b965a00fe3406,2017-10-11T05:12:43.000Z,0.00006,0x582033a111659f5d733f855b8377c42984ec2beb,sell,0xab16e0d25c06cb376259cc18c1de4aca57605589,0x2184e258a24f8a0b1c6a4f4214844b8c461dca77f047ef569112f428e8c91244
262,11000,0.66,0x937a00b56f3fe79909306d72292b965a00fe3406,2017-10-11T05:10:05.000Z,0.00006,0x582033a111659f5d733f855b8377c42984ec2beb,sell,0xab16e0d25c06cb376259cc18c1de4aca57605589,0x2184e258a24f8a0b1c6a4f4214844b8c461dca77f047ef569112f428e8c91244
263,16000,0.96,0x0d911b01b902d0051a6db658254ec490681a89ab,2017-10-11T05:08:00.000Z,0.00006,0x582033a111659f5d733f855b8377c42984ec2beb,sell,0xab16e0d25c06cb376259cc18c1de4aca57605589,0x1a7335f69c8593cde086e07db0db9e30b9124c2d4e761869c582b7b1a865e010
264,8454.3116,0.507258696,0x232022732eb313a206db0b37903109872a2a1f5e,2017-10-11T05:02:37.000Z,0.00006,0x582033a111659f5d733f855b8377c42984ec2beb,sell,0xab16e0d25c06cb376259cc18c1de4aca57605589,0xcbe4a0a2e1d368fb98809f3f9fde6e2f643d3cd77393256582ea49eb9dcb1664
265,5816.754,0.3495869154,0x1fdf047bf7a114b37e7936d01e9cad754ad18803,2017-10-11T04:59:40.000Z,0.0000601,0x582033a111659f5d733f855b8377c42984ec2beb,sell,0xab16e0d25c06cb376259cc18c1de4aca57605589,0x66037889494d55804cb7cd77611e3a89ff608c9a69bba59cf204fa99f96ba30c
266,2000,0.124,0x5495b81b3654bae90ccc264b39ab0e51b395d58e,2017-10-11T04:57:54.000Z,0.000062,0x582033a111659f5d733f855b8377c42984ec2beb,sell,0xab16e0d25c06cb376259cc18c1de4aca57605589,0x1bb5cef620f734065a723a740d7c4ae0be52874f6493722ae1d3680cc6f355ec
267,666,0.04439556,0x871472f682a72be20590691f049cbfee4c6248c3,2017-10-11T04:56:19.000Z,0.00006666,0x582033a111659f5d733f855b8377c42984ec2beb,sell,0xab16e0d25c06cb376259cc18c1de4aca57605589,0x13f80ec226bf8b5d108b2a47d1e8847a02875cfaa371a704bde19e2901f5f843
268,427.4468,0.02992127753239813,0x9352b7829b1cf9ec67ac7dd74ccfefdbfe14af56,2017-10-10T16:20:33.000Z,0.00007000000358500315,0x582033a111659f5d733f855b8377c42984ec2beb,buy,0xab16e0d25c06cb376259cc18c1de4aca57605589,0x703473bd10993cbe4b49b2d3a2cd70db187153c1fde353ac8f3d998d4872fdc4
269,100.285,0.007521375,0x8e638f4a968a50b59dfb5c722546281051298cde,2017-10-10T11:00:20.000Z,0.000075,0xc52cf9f83f262f36a26bdafc84dc86ab893d56ea,buy,0xab16e0d25c06cb376259cc18c1de4aca57605589,0xba015b4ee43ba4687e0a627c1a9da1920bbfbc747599d2eed553c69d7121135b
270,25000,1.75,0x22df95d8535db3fe9993a4b7c1923ef861c2cbbe,2017-10-10T05:09:17.000Z,0.00007,0x582033a111659f5d733f855b8377c42984ec2beb,sell,0xab16e0d25c06cb376259cc18c1de4aca57605589,0xb6be25b473d682b14c5a091f949e91db460b33f722e32c826103506a56002638
271,10000,0.89876,0x22df95d8535db3fe9993a4b7c1923ef861c2cbbe,2017-10-10T03:40:57.000Z,0.000089876,0x232022732eb313a206db0b37903109872a2a1f5e,buy,0xab16e0d25c06cb376259cc18c1de4aca57605589,0xa45c32bfd5c22fc14740520b5e64b90dd9bebbb9f185e9c15e2428a958a7673b
272,2000,0.169992,0x8ef72fa52208630fd4ff6fb2f7b426fabb6230a8,2017-10-10T03:32:37.000Z,0.000084996,0x22f8dd784f1ae5fce8b00b159a033815c3b6714e,buy,0xab16e0d25c06cb376259cc18c1de4aca57605589,0xa17facc2a1d520802ec636bcae360f32fc7ad9dfeecaf12fa7b08bd2fcefcab4
273,1000,0.079998,0x8ef72fa52208630fd4ff6fb2f7b426fabb6230a8,2017-10-10T03:27:12.000Z,0.000079998,0x22f8dd784f1ae5fce8b00b159a033815c3b6714e,buy,0xab16e0d25c06cb376259cc18c1de4aca57605589,0x2fed00d8c526214abef17743bbed4c9e02ede60629ae26cb47300eb0f5c339f2
274,1000,0.079998,0x8ef72fa52208630fd4ff6fb2f7b426fabb6230a8,2017-10-10T03:18:43.000Z,0.000079998,0x22f8dd784f1ae5fce8b00b159a033815c3b6714e,buy,0xab16e0d25c06cb376259cc18c1de4aca57605589,0xce3b2f9ade8e2364aeff73a11f95265e0e979f5a78599934bfad10db0304d7b0
275,7260,0.59532,0x22df95d8535db3fe9993a4b7c1923ef861c2cbbe,2017-10-10T02:33:32.000Z,0.000082,0xa0b9667f429b73f67335f254439fca848b506f47,buy,0xab16e0d25c06cb376259cc18c1de4aca57605589,0x9ff07180b601409d3170ef994ebc9756dd86078570c334b72ec1ca4782c4406f
276,5000,0.405,0x22df95d8535db3fe9993a4b7c1923ef861c2cbbe,2017-10-10T02:18:33.000Z,0.000081,0x232022732eb313a206db0b37903109872a2a1f5e,buy,0xab16e0d25c06cb376259cc18c1de4aca57605589,0x80ca5be85f2cc4c0cf105b5aedccbccfbbdcd343ac6e891be910daef55fe78d0
277,433.6025,0.0346877663975,0x22df95d8535db3fe9993a4b7c1923ef861c2cbbe,2017-10-10T02:07:51.000Z,0.000079999,0x254fb89e4cab71708eaab16e067ca8156a38e18a,buy,0xab16e0d25c06cb376259cc18c1de4aca57605589,0xabedda7fe4ed63926b8a0240edcd2b23bb11117fec43d7bbbafdb225219a72da
278,22045,1.7393505,0x22df95d8535db3fe9993a4b7c1923ef861c2cbbe,2017-10-10T01:59:04.000Z,0.0000789,0xa0b9667f429b73f67335f254439fca848b506f47,buy,0xab16e0d25c06cb376259cc18c1de4aca57605589,0x25337d0b4f627c2176559fc06bf0070b4dea9d75d09a1be1a8634b012547f7a4
279,1659,0.11613,0x8ef72fa52208630fd4ff6fb2f7b426fabb6230a8,2017-10-10T01:52:52.000Z,0.00007,0x0c25f3578b1d5b70822a4428cad0601e2640fa1c,buy,0xab16e0d25c06cb376259cc18c1de4aca57605589,0xcf24f5fa5a1314c1969ab194f34c47b1bdcd6a6c07ad8bba486986b758d45e1c
280,4773.422,0.33413954,0x22df95d8535db3fe9993a4b7c1923ef861c2cbbe,2017-10-10T01:46:42.000Z,0.00007,0x1fdf047bf7a114b37e7936d01e9cad754ad18803,buy,0xab16e0d25c06cb376259cc18c1de4aca57605589,0xd206b0679c04193d5dd268838b660c1b57c6a9376983dd817f5ba1d1b7f7f875
281,3228.571,0.22599997,0xcea4b7dbf7bf05e8f8af1fcc2bc489b8f5f1d4b6,2017-10-09T23:24:13.000Z,0.00007,0x1fdf047bf7a114b37e7936d01e9cad754ad18803,buy,0xab16e0d25c06cb376259cc18c1de4aca57605589,0x897a1199685e680e50bdef288832bd376a62b3e1e571b9e5fd3b3e621dc139c4
282,20,0.0014,0x89fcd3122c8e76d8286d0c41f7df410e1dbe7ee3,2017-10-09T21:37:22.000Z,0.00007,0x0c25f3578b1d5b70822a4428cad0601e2640fa1c,buy,0xab16e0d25c06cb376259cc18c1de4aca57605589,0xbeee7524019116382d4e03aa23012d5bb5dd2eb079269bebad88f38be253c54b
283,20,0.0014,0x89fcd3122c8e76d8286d0c41f7df410e1dbe7ee3,2017-10-09T21:33:45.000Z,0.00007,0x0c25f3578b1d5b70822a4428cad0601e2640fa1c,buy,0xab16e0d25c06cb376259cc18c1de4aca57605589,0xcdff2d02439765eee46bca75f002bff9633a8be7b5873fb5dd702cf8a84b8ff2
284,1000,0.07,0xc3b6b2adfc0cc7dc86934c470ae7df1647bfa5a1,2017-10-09T20:55:24.000Z,0.00007,0x0c25f3578b1d5b70822a4428cad0601e2640fa1c,buy,0xab16e0d25c06cb376259cc18c1de4aca57605589,0xe361d47c8bca9cd1a9c93237e69064486710a34a254703abc9545375f3fa1a47
285,125.6106,0.007536636,0x232022732eb313a206db0b37903109872a2a1f5e,2017-10-09T20:21:08.000Z,0.00006,0x8746f30b3bc330660dc7ebe8b2812ff27768a1ea,sell,0xab16e0d25c06cb376259cc18c1de4aca57605589,0xd2137b1665ee553cc32c83ed7ffb5d884f040003c781794848c4f91a0661dc19
286,897.2186,0.053833116,0x232022732eb313a206db0b37903109872a2a1f5e,2017-10-09T18:00:11.000Z,0.00006,0x4dcbcadba859a8056ad3966ac45b9fe7283bd1aa,sell,0xab16e0d25c06cb376259cc18c1de4aca57605589,0x9921a3154ad9d733d1d26b946135f0f7e29cfa6206d6fca954e45272eac96e69
287,10522.8592,0.631371552,0x232022732eb313a206db0b37903109872a2a1f5e,2017-10-09T03:49:46.000Z,0.00006,0x2eca2978a668c8e320fba27ed28dc6ea0a24a17e,sell,0xab16e0d25c06cb376259cc18c1de4aca57605589,0xae8b672dda839786eb9723d3173ef24dd0ff85464476c350f5515a3241d8f2a4
288,3000,0.183,0x29a9a0d0bc443bc67d2c4911a0b5503265039b2d,2017-10-09T03:32:51.000Z,0.000061,0x2eca2978a668c8e320fba27ed28dc6ea0a24a17e,sell,0xab16e0d25c06cb376259cc18c1de4aca57605589,0x627ad9104ab26ec38980e8b603302a54531c62a25554890589b7b77980636cfc
289,250,0.0175,0xe25120dfd8a545d3c2af7c3feb5f3f94416ccf25,2017-10-09T03:32:00.000Z,0.00007,0x2eca2978a668c8e320fba27ed28dc6ea0a24a17e,sell,0xab16e0d25c06cb376259cc18c1de4aca57605589,0x3301be7de9b2769f442d16c099dcbe9108db1cf55a0f250ed3c83386fba1695f
290,1,0.00007,0x602dac96d8d0530148bf159acc7927f7ef09f31b,2017-10-09T01:22:27.000Z,0.00007,0x0c25f3578b1d5b70822a4428cad0601e2640fa1c,buy,0xab16e0d25c06cb376259cc18c1de4aca57605589,0x618fa82a51ff18f1d04e29862104ab4e0e6cb6e93eb67c37e1574ef891d3d691
291,9999.999,0.698869930113,0x232022732eb313a206db0b37903109872a2a1f5e,2017-10-08T22:47:21.000Z,0.000069887,0xed7f4d43a68a1353004159aa48fcf79e23b5b75f,buy,0xab16e0d25c06cb376259cc18c1de4aca57605589,0xd51845a3c6da5a7c37e54d76783d2f96ff3a307eae2840c0f9b534179810d816
292,3000,0.209664,0x232022732eb313a206db0b37903109872a2a1f5e,2017-10-08T22:10:39.000Z,0.000069888,0x254fb89e4cab71708eaab16e067ca8156a38e18a,buy,0xab16e0d25c06cb376259cc18c1de4aca57605589,0x2b98ea4ce5568a9a1ec3be88f3f83003bbcd8dbe6fdfd9b4a98cd72e825b4f25
293,2857.143,0.20000001,0x424b399260cd2479d8abc6c336af5be537322672,2017-10-08T18:47:24.000Z,0.00007,0x582033a111659f5d733f855b8377c42984ec2beb,buy,0xab16e0d25c06cb376259cc18c1de4aca57605589,0x62993a9d516adf2c7e85cb91b1c9568d4cbc4ab37e958a8e03e871193b8b9058
294,9.969,0.000568233,0xa0b9667f429b73f67335f254439fca848b506f47,2017-10-08T17:38:34.000Z,0.000057,0xd14a86c1d73c2b583b540838ad2c541182138484,sell,0xab16e0d25c06cb376259cc18c1de4aca57605589,0x1cf5977f9f2f46cb26c91b4fd4fc5be237caf807f138202a68c28f79dc71a3aa
295,4486.0931,0.2557073067,0xa0b9667f429b73f67335f254439fca848b506f47,2017-10-08T11:07:29.000Z,0.000057,0x741059494bc05df794d274493d7eee276aa86f8e,sell,0xab16e0d25c06cb376259cc18c1de4aca57605589,0xd45867b76fa6fba1adde482956aa1c95c5cee39cd61af0dac00135a90e9e433e
296,4800,0.288,0x6686861fc55504b1b41850247ba35ca5a109a31c,2017-10-08T05:16:35.000Z,0.00006,0x2eca2978a668c8e320fba27ed28dc6ea0a24a17e,sell,0xab16e0d25c06cb376259cc18c1de4aca57605589,0xab6392d6e8582ff0aaa756ad4eb026632c8724b60d9c8810d9c755eefff3701c
297,5000,0.3,0xa0b9667f429b73f67335f254439fca848b506f47,2017-10-08T05:16:32.000Z,0.00006,0x2eca2978a668c8e320fba27ed28dc6ea0a24a17e,sell,0xab16e0d25c06cb376259cc18c1de4aca57605589,0x0e83b1e3faf58f59520af7c78c84a4f701e1e624d96f9d102f2eaf1298923964
298,7920.099,0.483126039,0xeb772f9b86bbbe88136ebc190170fc09b220b31a,2017-10-08T05:01:00.000Z,0.000061,0x2eca2978a668c8e320fba27ed28dc6ea0a24a17e,sell,0xab16e0d25c06cb376259cc18c1de4aca57605589,0xb45880d11b91959bcdfb9d38ddd55d977a417245392beb03ec6652b5cbd19579
299,4730.5777,0.2932958174,0xa0b9667f429b73f67335f254439fca848b506f47,2017-10-08T05:00:19.000Z,0.000062,0x2eca2978a668c8e320fba27ed28dc6ea0a24a17e,sell,0xab16e0d25c06cb376259cc18c1de4aca57605589,0x740ae0fb95ce3da270e188efcee0162c7794ace0140effc279e628e72ed2b38c
300,9985.046,0.619082837046,0xed7f4d43a68a1353004159aa48fcf79e23b5b75f,2017-10-08T04:57:25.000Z,0.000062001,0x2eca2978a668c8e320fba27ed28dc6ea0a24a17e,sell,0xab16e0d25c06cb376259cc18c1de4aca57605589,0xd5837fe33fd1a153fafc60ac085a5e051b894ece7d625c6c2c1e893a67aeedc3
301,900,0.0719982,0x4dcbcadba859a8056ad3966ac45b9fe7283bd1aa,2017-10-08T04:15:30.000Z,0.000079998,0x22f8dd784f1ae5fce8b00b159a033815c3b6714e,buy,0xab16e0d25c06cb376259cc18c1de4aca57605589,0xdf5bd3e4edba4134d3fb9dfa3fc31e560bae3ffdeddf9a46e20e5c856ad0494d
302,100,0.0079998,0x38cd9d81128b7d43f85836a1a92377a78c86403c,2017-10-08T03:38:40.000Z,0.000079998,0x22f8dd784f1ae5fce8b00b159a033815c3b6714e,buy,0xab16e0d25c06cb376259cc18c1de4aca57605589,0x9d9b895c05a259cb5c11950b28f411645b17514b40475812260f0128633b4df3
303,14.9536,0.0009271381536,0xed7f4d43a68a1353004159aa48fcf79e23b5b75f,2017-10-08T02:50:48.000Z,0.000062001,0x345370a7da927762afc8662828f50f336be83fe0,sell,0xab16e0d25c06cb376259cc18c1de4aca57605589,0xe5154ad24eca4c5784900f9ddd6517b6b923eda384b1c61acac9b418b27a9868
304,26,0.002079974,0x3812e56d5f8ebfc5723ae7da4b908dee073762f7,2017-10-07T18:25:47.000Z,0.000079999,0x254fb89e4cab71708eaab16e067ca8156a38e18a,buy,0xab16e0d25c06cb376259cc18c1de4aca57605589,0x6d745f2f19a3f8ac129ead05528dc5ea33fa45eb9b4de832ccf86981c3354c9e
305,249,0.015438,0xa0b9667f429b73f67335f254439fca848b506f47,2017-10-07T16:45:44.000Z,0.000062,0x2f7401e2e8a12cfc4f5e39b7ef92aa8fd1a65ec4,sell,0xab16e0d25c06cb376259cc18c1de4aca57605589,0x3d5973249d8c897d76aea056f8d87b7a2dd1bc96a938dc14955beff7050f2a95
306,20.4223,0.0012661826,0xa0b9667f429b73f67335f254439fca848b506f47,2017-10-07T16:44:56.000Z,0.000062,0x625994ddb61d4629acba5d6fef615e9df01e8c8c,sell,0xab16e0d25c06cb376259cc18c1de4aca57605589,0xbdad3afd706e51a38134f68ed67452d883eabf6a43eaa2efd380bdfe691a4471
307,498.4548,0.029907288,0x276a997c3f8206b04738d3fc213345e377820eac,2017-10-07T16:44:53.000Z,0.00006,0x5fa995b0ff5689a252158688449ecf8d3f62bbad,sell,0xab16e0d25c06cb376259cc18c1de4aca57605589,0x62de8ed2de59258d652c8fceac6f2224181becee76ffa2595fa4046b48543735
308,10000,0.66,0x3c6e761fbbcdb9fa09179fe9eb07fc42138917b0,2017-10-07T12:42:13.000Z,0.000066,0x582033a111659f5d733f855b8377c42984ec2beb,buy,0xab16e0d25c06cb376259cc18c1de4aca57605589,0x8676eb4bd4e39101ed58267483d7dabe503860311572c9566f933fd5d9326aa9
309,30,0.00239997,0x4b362b5f9be565c7469b0aa877987747a9a3f413,2017-10-07T07:42:42.000Z,0.000079999,0x254fb89e4cab71708eaab16e067ca8156a38e18a,buy,0xab16e0d25c06cb376259cc18c1de4aca57605589,0x477dbe58648da98945db128482e742e67dece8b035d6f18fed12a96de313b268
310,14079.9009,0.8588739549,0xeb772f9b86bbbe88136ebc190170fc09b220b31a,2017-10-07T06:33:53.000Z,0.000061,0x30ae5aff85728ec1078586ffc3f8a01abe5527be,sell,0xab16e0d25c06cb376259cc18c1de4aca57605589,0x52e1877072d676f906e478d8be416df4a3cba511963573e129d7ae491bf92269
311,65000,3.9,0x582033a111659f5d733f855b8377c42984ec2beb,2017-10-07T03:37:27.000Z,0.00006,0x30ae5aff85728ec1078586ffc3f8a01abe5527be,sell,0xab16e0d25c06cb376259cc18c1de4aca57605589,0xbb186dff6479abb9a823d6a09dd10afe14b0ec11008dc5009d3c2ba0e614a75a
312,50000,3,0x582033a111659f5d733f855b8377c42984ec2beb,2017-10-07T03:36:31.000Z,0.00006,0xa58250eeb1004760fb538216cabba2382733c067,sell,0xab16e0d25c06cb376259cc18c1de4aca57605589,0xddb7979b8858bddf0c2db4674c0abd30d865b8a502b2cc05a294a812ec47afe1
313,3000,0.195,0xeb772f9b86bbbe88136ebc190170fc09b220b31a,2017-10-07T02:42:46.000Z,0.000065,0x3ddcd68862a6bfa94130706a975f4baba061e547,sell,0xab16e0d25c06cb376259cc18c1de4aca57605589,0x5ffabeaf4feace81551b2556c457f4d999fb5be0eb3b38ff535914533490c4c4
314,277.773,0.016666657773,0x5d5065b42bdee0274e394ba9042c21e1818c69cf,2017-10-07T00:26:13.000Z,0.000060001,0x2eca2978a668c8e320fba27ed28dc6ea0a24a17e,sell,0xab16e0d25c06cb376259cc18c1de4aca57605589,0x91d9c8a427e12d061d8a810bde5fd035b5e4e645deb100d71f0b295b557978af
315,9997.2917,0.599837502,0x47c47deb4a537a272edaf8ff77aac82a04392677,2017-10-06T23:28:53.000Z,0.00006,0x2eca2978a668c8e320fba27ed28dc6ea0a24a17e,sell,0xab16e0d25c06cb376259cc18c1de4aca57605589,0xf26de99987f10e6105833681ffa09e77de56ca8f868fd3cf6dac196bfbef36d4
316,20000,1.16,0x0d911b01b902d0051a6db658254ec490681a89ab,2017-10-06T23:28:53.000Z,0.000058,0x2eca2978a668c8e320fba27ed28dc6ea0a24a17e,sell,0xab16e0d25c06cb376259cc18c1de4aca57605589,0xa091704925dec44c92634d3a7d3781d0218983d5f47d14445dd998db61776834
317,2500,0.1500025,0x22f8dd784f1ae5fce8b00b159a033815c3b6714e,2017-10-06T23:28:16.000Z,0.000060001,0x2eca2978a668c8e320fba27ed28dc6ea0a24a17e,sell,0xab16e0d25c06cb376259cc18c1de4aca57605589,0x5d6e12631425130390c9e15761f032e27265060b9ba2f4f15f50d3f64ff0f15c
318,20000,1.22,0x0845ad270268891eb78c056035d6ecd6b06c2ed4,2017-10-06T23:25:23.000Z,0.000061,0x2eca2978a668c8e320fba27ed28dc6ea0a24a17e,sell,0xab16e0d25c06cb376259cc18c1de4aca57605589,0x1ecdce757595fdd987c6fff7c231e0d5322f8ad83f095469f25fc10d1afb8fec
319,6969.69,0.4259177559,0xbe131dc80f5727744487e10355f667f5849757f4,2017-10-06T23:24:51.000Z,0.00006111,0x2eca2978a668c8e320fba27ed28dc6ea0a24a17e,sell,0xab16e0d25c06cb376259cc18c1de4aca57605589,0x02e4940b0e220774c22a1b34b029e89bec07fb08a95e73a75a15ae7d4ce4afd5
320,6969.69,0.43282471869,0xbe131dc80f5727744487e10355f667f5849757f4,2017-10-06T23:22:51.000Z,0.000062101,0x2eca2978a668c8e320fba27ed28dc6ea0a24a17e,sell,0xab16e0d25c06cb376259cc18c1de4aca57605589,0x5083f9b0b1a8e7b332119c88f4144255642b3b82a0ea19ffec6a174e01f92e6f
321,7560,0.470232,0xa0b9667f429b73f67335f254439fca848b506f47,2017-10-06T23:18:06.000Z,0.0000622,0x2eca2978a668c8e320fba27ed28dc6ea0a24a17e,sell,0xab16e0d25c06cb376259cc18c1de4aca57605589,0x91bc7164534e53686c2ac86c9eb8ea980d1716f4e03d3798271fc49af812d2dd
322,2000,0.124402,0x22f8dd784f1ae5fce8b00b159a033815c3b6714e,2017-10-06T23:13:43.000Z,0.000062201,0x2eca2978a668c8e320fba27ed28dc6ea0a24a17e,sell,0xab16e0d25c06cb376259cc18c1de4aca57605589,0xf4632482aa6b17881b5e24b0a44c9d2ddab2fcec4491f2ba6f8b074d1e6f3102
323,5000,0.42499995,0x988fb9855b864bec57e9ae9720889cfbad6e567d,2017-10-06T22:47:47.000Z,0.00008499999,0xbcce870909b3dbbe28f744f69b080dbdeeb7748a,buy,0xab16e0d25c06cb376259cc18c1de4aca57605589,0x77fcc4ede7836707d001177b81acc935be9fbc43164e3fcfd52125fe904e82e8
324,3489.1835,0.2167166763685,0x254fb89e4cab71708eaab16e067ca8156a38e18a,2017-10-06T20:27:23.000Z,0.000062111,0x2126d0d26f8121d5335745d8e1ef75787871b52b,sell,0xab16e0d25c06cb376259cc18c1de4aca57605589,0xedf61511e4033de6b4fff7bec4ab58405ef6c4f0a8ea62c326fda14ac83c7438
325,1319.8896,0.085792824,0x72ea6a364ecc5ca87f5a6c47bafb672b767dd55c,2017-10-06T19:56:43.000Z,0.000065,0x3ddcd68862a6bfa94130706a975f4baba061e547,sell,0xab16e0d25c06cb376259cc18c1de4aca57605589,0x6e899ff3e51811fd95a889676fa83a5e1d2123c5bcc56f2c33a15d253f3a8066
326,132.463,0.009139947,0x672ecc24c68d4efb455c3524bfd0885aab32f912,2017-10-06T19:56:09.000Z,0.000069,0x3ddcd68862a6bfa94130706a975f4baba061e547,sell,0xab16e0d25c06cb376259cc18c1de4aca57605589,0x685ee01ea8b3e388cfd9a2848d70a152be27c7e5ca029c6ee98f0f51ead11407
327,10000,0.9,0xa8e1e177bb69e62eee8ae0c9897c01b4728b55f1,2017-10-06T19:23:55.000Z,0.00009,0x582033a111659f5d733f855b8377c42984ec2beb,buy,0xab16e0d25c06cb376259cc18c1de4aca57605589,0x383761622f8fe5c9e89f3824725bb143de9d529f6f952a4e2a20c70ea50a9fd3
328,2500,0.1875,0xe25120dfd8a545d3c2af7c3feb5f3f94416ccf25,2017-10-06T18:05:18.000Z,0.000075,0x582033a111659f5d733f855b8377c42984ec2beb,sell,0xab16e0d25c06cb376259cc18c1de4aca57605589,0x877ad77338e08b2850a9f9bdcd30d23fac1201b2c7135376ca0f4cbd6dc4ddc6
329,44298.969,4.296999993,0xa58250eeb1004760fb538216cabba2382733c067,2017-10-06T15:13:25.000Z,0.000097,0x30ae5aff85728ec1078586ffc3f8a01abe5527be,buy,0xab16e0d25c06cb376259cc18c1de4aca57605589,0x4b326266d9ac265562676e94ce232bbeb483ac1f1f1b6937f4a307987106c8d0
330,25,0.00225,0xe38e6e78e90839a488bdcd15f07ec01629e1a3ed,2017-10-06T15:10:29.000Z,0.00009,0x2eca2978a668c8e320fba27ed28dc6ea0a24a17e,sell,0xab16e0d25c06cb376259cc18c1de4aca57605589,0x89dbd8802385aad0f135d6a1a2ce25409bc97deaa051c6d544fd84ef7e2f2dfe
331,6701.031,0.650000007,0xa58250eeb1004760fb538216cabba2382733c067,2017-10-06T15:07:40.000Z,0.000097,0x30ae5aff85728ec1078586ffc3f8a01abe5527be,buy,0xab16e0d25c06cb376259cc18c1de4aca57605589,0x8b1ca9cc7baae09d46d479b7b595656521bf0aad13e5c06ac303b9b15ea2f2aa
332,7055.8629,0.4797986772,0x1fdf047bf7a114b37e7936d01e9cad754ad18803,2017-10-06T14:38:32.000Z,0.000068,0x9b41d37f85c9d3388640590cd2873521418917c3,sell,0xab16e0d25c06cb376259cc18c1de4aca57605589,0xd111b9ebe26f7cea843a5c646c683f9b7e3dfc5e26843b1fe2519cf95db37349
333,1400,0.098,0x672ecc24c68d4efb455c3524bfd0885aab32f912,2017-10-06T14:37:47.000Z,0.00007,0x9b41d37f85c9d3388640590cd2873521418917c3,sell,0xab16e0d25c06cb376259cc18c1de4aca57605589,0x2534121986415a20aa85b9475c31ad0bc5fc5e816647d6d18b8b27a55332887b
334,960,0.0672192,0x22f8dd784f1ae5fce8b00b159a033815c3b6714e,2017-10-06T14:32:43.000Z,0.00007002,0x9b41d37f85c9d3388640590cd2873521418917c3,sell,0xab16e0d25c06cb376259cc18c1de4aca57605589,0xcb83aab72c3c76ab97ac90875cf9671f9f47463cee6f6a66748d3179d192c678
335,540,0.0378108,0x22f8dd784f1ae5fce8b00b159a033815c3b6714e,2017-10-06T14:26:00.000Z,0.00007002,0x9b41d37f85c9d3388640590cd2873521418917c3,sell,0xab16e0d25c06cb376259cc18c1de4aca57605589,0x1b4ddea2d918f238d51f2054e6b73deb961308bf286d76c17e3fe2c8bc7491c7
336,500,0.0365,0xf187eb34073c29ed27a39fb07f3cdd5ad75c99be,2017-10-06T14:23:22.000Z,0.000073,0x9b41d37f85c9d3388640590cd2873521418917c3,sell,0xab16e0d25c06cb376259cc18c1de4aca57605589,0x37cd052d4bf2d0064eb256fc69a3382fc2aa85050d779bfb7b27a0763e065fec
337,260,0.01924,0xe38e6e78e90839a488bdcd15f07ec01629e1a3ed,2017-10-06T14:22:43.000Z,0.000074,0x9b41d37f85c9d3388640590cd2873521418917c3,sell,0xab16e0d25c06cb376259cc18c1de4aca57605589,0x16c2dcfd5742ccec96ccf8db38ab2cd8fcc1fd92a79ad74cf353dbedb7c644ce
338,5000,0.350002,0xbcce870909b3dbbe28f744f69b080dbdeeb7748a,2017-10-06T06:09:43.000Z,0.0000700004,0x22bbc3c4e46bf7104381db03bd93c6981faa96b5,sell,0xab16e0d25c06cb376259cc18c1de4aca57605589,0xb69374175bf11cee615c7196f3f909223c1997eb9cc0e926bf04d6f269ac6cf4
339,50431,5.04259569,0x30ae5aff85728ec1078586ffc3f8a01abe5527be,2017-10-06T00:03:00.000Z,0.00009999,0xa58250eeb1004760fb538216cabba2382733c067,buy,0xab16e0d25c06cb376259cc18c1de4aca57605589,0x40b51a73be93319749d34c9f8ca65fda2b38a0394142623da1dd9b9c3bcb0a36
340,2300,0.1954977,0x7e23bbc5cc5395354c911fc45a948e05d4d30b67,2017-10-05T20:31:02.000Z,0.000084999,0x2eca2978a668c8e320fba27ed28dc6ea0a24a17e,sell,0xab16e0d25c06cb376259cc18c1de4aca57605589,0x5ab1f288c312ece42a7bb602fd7adcca4e9e417dbc5660d64e2c1f8177328313
341,6240,0.53039376,0x582033a111659f5d733f855b8377c42984ec2beb,2017-10-05T19:51:24.000Z,0.000084999,0x2475fe4d7a9d7d2e7908baf6697b801596bf5148,buy,0xab16e0d25c06cb376259cc18c1de4aca57605589,0x4a8a574173e70731e42d4a8830fca1b8e7f16dff9105072d92d27a9c31d67c63
342,500.666,0.036548618,0xe25120dfd8a545d3c2af7c3feb5f3f94416ccf25,2017-10-05T19:38:58.000Z,0.000073,0xf2b72b74904f666a2e1a4fbde0612c9d0cdc96f6,sell,0xab16e0d25c06cb376259cc18c1de4aca57605589,0x4ab60cd49535a17750a2ee99ec7fc9bfa131c4e3993e632fe91c6c860612c4bd
343,10,0.00084999,0xd8a62ad8a7efa8a3267932d2e478c026566fbe34,2017-10-05T12:25:35.000Z,0.000084999,0x2475fe4d7a9d7d2e7908baf6697b801596bf5148,buy,0xab16e0d25c06cb376259cc18c1de4aca57605589,0x9a2ef22eac6375251a560a36f00958215a7603c1f9a8eab20e778811cf044bea
344,944.1371,0.0642013228,0x1fdf047bf7a114b37e7936d01e9cad754ad18803,2017-10-05T12:06:20.000Z,0.000068,0xf531eb95b14fcc3a18ff44b6575b425cb40bf0da,sell,0xab16e0d25c06cb376259cc18c1de4aca57605589,0xb4e145865344bb8daf4d192d34732cbd605afed8f4e9ccd3fced33d81637fd54
345,1000,0.085,0x5081b2fe63a829308cb7e3ad5f79d6bd3a1024db,2017-10-05T05:44:06.000Z,0.000085,0x582033a111659f5d733f855b8377c42984ec2beb,buy,0xab16e0d25c06cb376259cc18c1de4aca57605589,0x5bbbc48711cb94a8f84b3af769e243f779f90ce0b63da342df20eb8bfa8a19ec
346,715.839,0.061562154,0x82c0f3e48870b352e30ad11f2ac56e98b0f610db,2017-10-05T04:09:55.000Z,0.000086,0x8b2497abed24e582b786d9658a3d69e96d9ca4e8,buy,0xab16e0d25c06cb376259cc18c1de4aca57605589,0xab3af2242403fdb2d07ba5fb6f4dc980b9fcb21e988e3ddeee6456dfab0cdb08
347,4000,0.359996,0xfff6e65de5beabd1e0d58effc362728186dac2a2,2017-10-05T02:50:03.000Z,0.000089999,0xbcce870909b3dbbe28f744f69b080dbdeeb7748a,buy,0xab16e0d25c06cb376259cc18c1de4aca57605589,0x3d01c48997b1d1f891647c03bf7f4cb74c73bf652fa5433012a9c08a5b99d00e
348,100,0.0086,0xd1aad7186a15f0619dde55d74bdde39df404ce9e,2017-10-05T02:27:00.000Z,0.000086,0x8b2497abed24e582b786d9658a3d69e96d9ca4e8,buy,0xab16e0d25c06cb376259cc18c1de4aca57605589,0x960c796e9de20d9c8b5f53a942001488a2a4688686a1674ea9c36734b1cee494
349,500,0.0400005,0xf36990a2cb4d609e0a7d4f3bf884c0342d81fd3d,2017-10-05T01:26:20.000Z,0.000080001,0x3ddcd68862a6bfa94130706a975f4baba061e547,sell,0xab16e0d25c06cb376259cc18c1de4aca57605589,0xcb5d290fc3aa3981e18f8ce855b2e308e41d4e49ec59e947bc602b13fed6ba2b
350,4600,0.322,0x37f3fd11697bdf58a0a7be6b7e35b51edd07afac,2017-10-04T23:48:39.000Z,0.00007,0x8b2497abed24e582b786d9658a3d69e96d9ca4e8,sell,0xab16e0d25c06cb376259cc18c1de4aca57605589,0x3a3f71d0cb2ac062804a9b284affbef2f63d968c8e0346f3d5aeb34ca194adef
351,185.376,0.014830265376,0xf36990a2cb4d609e0a7d4f3bf884c0342d81fd3d,2017-10-04T23:38:35.000Z,0.000080001,0x3ddcd68862a6bfa94130706a975f4baba061e547,sell,0xab16e0d25c06cb376259cc18c1de4aca57605589,0x67e3fa9810e297b2c86804a86aed14efdc6abd3af74308ce83f360fa293630f7
352,2544.361,0.21881505386616948,0xcff611526f330a84b0d76aa2471bfe3debae8523,2017-10-04T23:24:20.000Z,0.00008600000309160904,0x8b2497abed24e582b786d9658a3d69e96d9ca4e8,buy,0xab16e0d25c06cb376259cc18c1de4aca57605589,0x5f8fefb21e020c7f22793b6b38e0b905d4f0449bd40ea1a4320014cc6499f738
353,2000,0.172,0x218356b4362ad3b37acab77042b898e408057394,2017-10-04T23:23:06.000Z,0.000086,0x8b2497abed24e582b786d9658a3d69e96d9ca4e8,buy,0xab16e0d25c06cb376259cc18c1de4aca57605589,0x9cbaad21578b5d9721c2fa3498af52f8e97a34b1b0668950006f60909d2cdc67
354,9000,0.765,0xcff611526f330a84b0d76aa2471bfe3debae8523,2017-10-04T23:19:00.000Z,0.000085,0x582033a111659f5d733f855b8377c42984ec2beb,buy,0xab16e0d25c06cb376259cc18c1de4aca57605589,0xdf84f4ade239a7a641c0ba61c252c15187be18a4c64e361d6acb9b0707cabdc3
355,81.6476,0.006940049318888736,0xcff611526f330a84b0d76aa2471bfe3debae8523,2017-10-04T23:17:32.000Z,0.00008500004064894419,0x3812e56d5f8ebfc5723ae7da4b908dee073762f7,buy,0xab16e0d25c06cb376259cc18c1de4aca57605589,0xf21cff7a89daadad9fcd9023a2049c7f3ab913c3a67a5636bfab42a9ea8d109e
356,0.1052,0.000008944458401664,0xae13c40a59d82d08380679d1fc54af910bb7fab6,2017-10-04T22:52:46.000Z,0.00008502336883711026,0x3812e56d5f8ebfc5723ae7da4b908dee073762f7,buy,0xab16e0d25c06cb376259cc18c1de4aca57605589,0x582aeea2114226a79561f805baee63b9611782c8f77f4291413e2bfa8dcd4d71
357,1000,0.085,0x70f6e508d68e2163e746a383de8266d19c9df08d,2017-10-04T21:40:32.000Z,0.000085,0x582033a111659f5d733f855b8377c42984ec2beb,buy,0xab16e0d25c06cb376259cc18c1de4aca57605589,0xce05453a9d997c2c931e47cfb9018f2bf7cab4d53a2566b6c5b7735e8f8ede3d
358,314.6237,0.0251702106237,0xf36990a2cb4d609e0a7d4f3bf884c0342d81fd3d,2017-10-04T21:33:55.000Z,0.000080001,0xd40181a2e364ea6d9519e61e5fadd6d0915a69f2,sell,0xab16e0d25c06cb376259cc18c1de4aca57605589,0x50bf3d30debef0501d0d2df374d4d63c38d081586bf1b33c7b3c5827ccc163e0
359,105.5551,0.0089721862227096,0xd1ccfbf0a0dc2a9ed8a496b07e81dd8ecd7cb00e,2017-10-04T20:00:29.000Z,0.00008500002579420226,0x3812e56d5f8ebfc5723ae7da4b908dee073762f7,buy,0xab16e0d25c06cb376259cc18c1de4aca57605589,0xd1d2fee8335223cee35101396296b2a708ff792f71a5b416db54e3bb650af10d
360,315.5991,0.025247928,0xd40181a2e364ea6d9519e61e5fadd6d0915a69f2,2017-10-04T19:43:00.000Z,0.00008,0xe1244410d56fa32f6f1cf43dbe13c351c4c7157f,sell,0xab16e0d25c06cb376259cc18c1de4aca57605589,0x907f62808d706b0d1524a457ab7c2e7af30aa589d8127bc242d793e245a63c16
361,6250,0.50000625,0x2475fe4d7a9d7d2e7908baf6697b801596bf5148,2017-10-04T17:51:07.000Z,0.000080001,0x582033a111659f5d733f855b8377c42984ec2beb,sell,0xab16e0d25c06cb376259cc18c1de4aca57605589,0x090777081b4c31e2c66fcf6709106e1d149be33fb7ee4f3608174b4d614b3522
362,3,0.0003,0xbf52f67f8524587d6a7ab1f1f8d092c635b9587f,2017-10-04T17:21:40.000Z,0.0001,0x2eca2978a668c8e320fba27ed28dc6ea0a24a17e,buy,0xab16e0d25c06cb376259cc18c1de4aca57605589,0x749f0b6325342ae7b38e58f80847e6228e97f9a4a226dd325650951957d1e353
363,300,0.0285,0x5461072d71e0495032624748000f24f80b791474,2017-10-04T15:27:39.000Z,0.000095,0xc52cf9f83f262f36a26bdafc84dc86ab893d56ea,buy,0xab16e0d25c06cb376259cc18c1de4aca57605589,0xf08cb0efde4665494d53ad57f44fc3563f4b035138f0129b46108b42b54addcf
364,30000,3,0xcc361549ab4871f61e6ea35e8234d39b2341a554,2017-10-04T14:10:34.000Z,0.0001,0x582033a111659f5d733f855b8377c42984ec2beb,sell,0xab16e0d25c06cb376259cc18c1de4aca57605589,0x6bae23a37f7d91030fb91c78f3bdc8d9cf8fbb7739603674a31cbd874f55e558
365,1921.4592,0.19214592746664655,0x9cac7dc8f34eb3affa3cbec3ebffb174dc7a8c60,2017-10-04T13:13:12.000Z,0.0001000000038859251,0x72ea6a364ecc5ca87f5a6c47bafb672b767dd55c,buy,0xab16e0d25c06cb376259cc18c1de4aca57605589,0xefff9af8a4cc54ce113a7ffdfbc83f5fda74bd7758d0c2060fb2f4f7cd091954
366,8000,0.56,0x37f3fd11697bdf58a0a7be6b7e35b51edd07afac,2017-10-04T12:08:29.000Z,0.00007,0x72ea6a364ecc5ca87f5a6c47bafb672b767dd55c,sell,0xab16e0d25c06cb376259cc18c1de4aca57605589,0x633739dcc1d1af23fff2c0b7507b5c6d1af7918b5471bb0098d55a4f4608f75c
367,33065.6209,3.3065620980959025,0x79281c48941aaab69f16e7b01bc8d62bda23e4d2,2017-10-04T11:36:28.000Z,0.00010000000024484351,0x582033a111659f5d733f855b8377c42984ec2beb,buy,0xab16e0d25c06cb376259cc18c1de4aca57605589,0x3b0f0063c4517535f233cd07cc544c1c5de1b63e28c88f311d6d9d8c775ec2d2
368,29821.7917,2.3857135142083,0x582033a111659f5d733f855b8377c42984ec2beb,2017-10-04T11:19:18.000Z,0.000079999,0xed7f4d43a68a1353004159aa48fcf79e23b5b75f,buy,0xab16e0d25c06cb376259cc18c1de4aca57605589,0xc36884348667d3057d5227da632d77afb8447486934a48b31684031f263fcfab
369,5061.808,0.40494464,0x6686861fc55504b1b41850247ba35ca5a109a31c,2017-10-04T10:57:03.000Z,0.00008,0x6a1afc7af4278351bca6125e03cc9e1a3f41e80a,sell,0xab16e0d25c06cb376259cc18c1de4aca57605589,0x0022ccb8d57395413c380c71fbfd37769fb9e9ad6154350b2a28b0ef1cd59180
370,19938.1919,1.595055352,0x6686861fc55504b1b41850247ba35ca5a109a31c,2017-10-04T10:49:14.000Z,0.00008,0x1fdf047bf7a114b37e7936d01e9cad754ad18803,sell,0xab16e0d25c06cb376259cc18c1de4aca57605589,0x6625790bf6d2f9acecdb3414f21f9855b565452bc3f25fe81d58d5acc6aad9e1
371,10000,0.8,0x7ef9e1398d99285802243cfebf186a2aa20a8f54,2017-10-04T10:32:48.000Z,0.00008,0x582033a111659f5d733f855b8377c42984ec2beb,buy,0xab16e0d25c06cb376259cc18c1de4aca57605589,0x94a3606b85706bcd6671b0d0c353d869cd8f36f2dbe708893165bee3ab8660e4
372,2500.031,0.199999979969,0x856e12058d2b54a8e3357d1f83ae568da44537af,2017-10-04T08:32:10.000Z,0.000079999,0xed7f4d43a68a1353004159aa48fcf79e23b5b75f,buy,0xab16e0d25c06cb376259cc18c1de4aca57605589,0xc358c5088254a201c910ba53ab8784a57524fe98026d318a065fa2ca1ee288b0
373,1100,0.077,0xb906437ff4db69e328b7890cb07643eaa9b07560,2017-10-04T07:10:29.000Z,0.00007,0x582033a111659f5d733f855b8377c42984ec2beb,buy,0xab16e0d25c06cb376259cc18c1de4aca57605589,0xbb47a7400da8d39d40aec1bcadb62387c4b4ea64ed341cfaab2cf8cdf3f8227d
374,3606.498,0.219999984498,0xbe131dc80f5727744487e10355f667f5849757f4,2017-10-04T06:13:37.000Z,0.000061001,0x2eca2978a668c8e320fba27ed28dc6ea0a24a17e,sell,0xab16e0d25c06cb376259cc18c1de4aca57605589,0xfaaf679e419e035f50e4980a4fb005f4c20887c5ac4001b51613cd1975ef2233
375,3606.498,0.219999984498,0xbe131dc80f5727744487e10355f667f5849757f4,2017-10-04T06:13:08.000Z,0.000061001,0x2eca2978a668c8e320fba27ed28dc6ea0a24a17e,sell,0xab16e0d25c06cb376259cc18c1de4aca57605589,0xfaaf679e419e035f50e4980a4fb005f4c20887c5ac4001b51613cd1975ef2233
376,4900,0.4361,0x0542cf32b47c573859408a69c574757eb81d0287,2017-10-04T05:58:15.000Z,0.000089,0x582033a111659f5d733f855b8377c42984ec2beb,sell,0xab16e0d25c06cb376259cc18c1de4aca57605589,0xc5c4d24c135e061d0ac7ce1c9ed5390b6cddd2dfed180fdb1fcd92eae9504af8
377,2500,0.174975,0x932311360320e605960bc05a5be5faa5010d32c0,2017-10-04T05:57:48.000Z,0.00006999,0x582033a111659f5d733f855b8377c42984ec2beb,sell,0xab16e0d25c06cb376259cc18c1de4aca57605589,0x83bd027d927dc570e595f61597318ca913f9a8a9b31dbae68f86095ad97a7e6b
378,1000,0.060001,0x5603e9614eb82f61407aced212b7515686351133,2017-10-04T05:48:25.000Z,0.000060001,0xbe131dc80f5727744487e10355f667f5849757f4,sell,0xab16e0d25c06cb376259cc18c1de4aca57605589,0xfbf64eb9535ae8d02eb685af9392ec74d29249fb44c6ff966ebae6f30c81227a
379,2000,0.12,0x0d71d3730e48861db9609f83606e5bd1f3e96a03,2017-10-04T05:46:02.000Z,0.00006,0xbe131dc80f5727744487e10355f667f5849757f4,sell,0xab16e0d25c06cb376259cc18c1de4aca57605589,0x3942592cd367c362499ef13ef6c98fdc5cd316f49572825377cd4d7f739a7ceb
380,20000,1.222,0x1fdf047bf7a114b37e7936d01e9cad754ad18803,2017-10-04T05:43:08.000Z,0.0000611,0xbe131dc80f5727744487e10355f667f5849757f4,sell,0xab16e0d25c06cb376259cc18c1de4aca57605589,0x042942aabb9df696994e4f05f4cef3a2ef38230057b5d1bd6b2779cc861b62ce
381,40,0.01,0x327dd73df7bc3a26c2fa2e758580935527e3cc02,2017-10-04T05:29:51.000Z,0.00025,0x7d053385a05276eedcaf706325ae34ae544741a6,sell,0xab16e0d25c06cb376259cc18c1de4aca57605589,0x12a1263c1dec26a7ce359c914c0e653f12e2033c600e628e8ebfccfbfa205cb2
382,50,0.015,0x1b47b954482ecfe38ce0245fd2b475af02fc72e2,2017-10-04T05:29:51.000Z,0.0003,0x7d053385a05276eedcaf706325ae34ae544741a6,sell,0xab16e0d25c06cb376259cc18c1de4aca57605589,0x01ea1a32cfb8d30b351d98316678ecde467487a4247aa43e1f9e3e2154bd3e90
383,40,0.01,0x327dd73df7bc3a26c2fa2e758580935527e3cc02,2017-10-04T05:29:15.000Z,0.00025,0x7d053385a05276eedcaf706325ae34ae544741a6,sell,0xab16e0d25c06cb376259cc18c1de4aca57605589,0xf63eead24e80122d098ddefc91ebd25f89fea1ccbe7408fd73a471b34a3f81fb
384,80,0.016,0x09e396aca9535fffc68c72f880ab36e252b73a43,2017-10-04T05:24:19.000Z,0.0002,0x582033a111659f5d733f855b8377c42984ec2beb,buy,0xab16e0d25c06cb376259cc18c1de4aca57605589,0x15a52b421d065d8957bf34a1f93009093c9cb30d5ddce5bd96d644c9c8adcdb6
385,29.91,0.008973,0x1b47b954482ecfe38ce0245fd2b475af02fc72e2,2017-10-04T05:23:47.000Z,0.0003,0x7aa6e2506316f6d613277d4f2f4e4e1dc55e528e,sell,0xab16e0d25c06cb376259cc18c1de4aca57605589,0x7fd3564b3d6a2c2000c6fac81fb07ec817c0860c7f55aa95c2bc028d0ffa98b2
386,30,0.006,0x7aa6e2506316f6d613277d4f2f4e4e1dc55e528e,2017-10-04T05:23:47.000Z,0.0002,0x582033a111659f5d733f855b8377c42984ec2beb,buy,0xab16e0d25c06cb376259cc18c1de4aca57605589,0x7fd3564b3d6a2c2000c6fac81fb07ec817c0860c7f55aa95c2bc028d0ffa98b2
387,100,0.025,0x7d053385a05276eedcaf706325ae34ae544741a6,2017-10-04T05:23:10.000Z,0.00025,0xa58250eeb1004760fb538216cabba2382733c067,buy,0xab16e0d25c06cb376259cc18c1de4aca57605589,0x169793e6fb3079763c3fb4256d5cbed3662b337a59f6b67b8ae839e6b1bd459f
