,amount,amountBase,buyer,date,price,seller,side,tokenAddr,txHash
0,3.5971223,0.0005,0x4fda9e6bcd83af6c5cc771b5d20accc2b7720074,2017-11-02T08:59:40.000Z,0.0001390000000834,0x5cc2072740d99c150b6815eccc05c8b6bcd466b7,buy,0x94d6b4fb35fb08cb34aa716ab40049ec88002079,0x6797df2585fc9e67a4910f92994a16c86edf25a647f4bfe0cb0e5c65851ee97c
1,3.5971223,0.0005,0x3075f7f189912f4f425dd7021b9c396434197477,2017-11-02T08:57:59.000Z,0.0001390000000834,0x5cc2072740d99c150b6815eccc05c8b6bcd466b7,buy,0x94d6b4fb35fb08cb34aa716ab40049ec88002079,0xc45d92a84995826172f6bbeafe66cefd251ad10591ccdfdd3b9655a901acfb2a
2,0.09928349,0.000007247694869283,0x24418ab1b19550b380652432eac1ab37bf3d0fa9,2017-11-02T03:33:06.000Z,0.00007300000099999506,0x00505d0a66a0646c85095bbfd75f57c4e1c431ba,sell,0x94d6b4fb35fb08cb34aa716ab40049ec88002079,0x06691323241ba78f47b11f5ca0096f5acf09a1f87dbc69fa609047c0bc9ed5e6
3,995.91267072,0.07270162595847267,0x24418ab1b19550b380652432eac1ab37bf3d0fa9,2017-11-02T03:29:11.000Z,0.000073000001,0x00505d0a66a0646c85095bbfd75f57c4e1c431ba,sell,0x94d6b4fb35fb08cb34aa716ab40049ec88002079,0xc828b7851bcd4b6fa77e61af612c47ad90ff87ba7851a4dc78fe845ba10df81a
4,40,0.00556,0x573ec53b8fcb60e6f20eec96c8045933dd169a4c,2017-11-02T02:36:37.000Z,0.000139,0x5cc2072740d99c150b6815eccc05c8b6bcd466b7,buy,0x94d6b4fb35fb08cb34aa716ab40049ec88002079,0xd052d596cc7d7a417a6afb6685625e4408b98a84059e9fc5ca1af9f77f2d81a8
5,35.60362875,0.002599064934353628,0x24418ab1b19550b380652432eac1ab37bf3d0fa9,2017-11-02T01:07:37.000Z,0.00007300000099999997,0xc4a69c40c37a26cc54dc3fcd22eaa24e5a84dd52,sell,0x94d6b4fb35fb08cb34aa716ab40049ec88002079,0xb82b1cec57a3708c2b01e8919d7f335ef0dea23df3f64647a404f31b2f87d0fe
6,10,0.001,0xa27db55c35a60581da04eccad92c94cebf586673,2017-11-01T20:02:29.000Z,0.0001,0xc8408f08d3730ea853c24e8187952fb70ddd3a51,sell,0x94d6b4fb35fb08cb34aa716ab40049ec88002079,0x71c9f90116ba4afe5e95aff115dac012a62f0f00a950751ec750b5a22107bc95
7,897.21862227,0.06549696032292862,0x24418ab1b19550b380652432eac1ab37bf3d0fa9,2017-11-01T19:55:52.000Z,0.000073000001,0xd088c4afd3ad37d59b97430a55e89a36a401dca2,sell,0x94d6b4fb35fb08cb34aa716ab40049ec88002079,0x8245767560ca79d549ccaffc6eab6bccec3848960d6bc086fca43a3a1765eb0b
8,100,0.01564,0xf3a70875ba069db85b3c002de0e70ce2aefc1534,2017-11-01T16:50:46.000Z,0.0001564,0x006bbe82b523a92d806978e7369b771e26541c00,buy,0x94d6b4fb35fb08cb34aa716ab40049ec88002079,0xc89255b2cd76f2d2a4f73728f7d05a4eb2e39c74b613513e3f794c1357dadda1
9,200,0.03598,0x63751d31d770254507d30a32a8e892db7afec346,2017-11-01T16:15:37.000Z,0.0001799,0x4f077c18dcaf3559566d4eac0f85b44d22f880bc,buy,0x94d6b4fb35fb08cb34aa716ab40049ec88002079,0x63f7954652eb6e677547cf6f111b55cebc88b7e8bd2d64995531a856faba5f1c
10,85,0.008507225,0xeb01b2b3055babdfedb759cff2794782d418d6ad,2017-11-01T15:20:38.000Z,0.000100085,0x3ee0c766d2f02ddf091413781b83d82ebb126dd5,sell,0x94d6b4fb35fb08cb34aa716ab40049ec88002079,0x3adb40d13bfaf2d8e6a84c8fb5bb1b7291f3ae97d530ac2765992391cd4f036a
11,99,0.0178101,0x3ee0c766d2f02ddf091413781b83d82ebb126dd5,2017-11-01T15:04:20.000Z,0.0001799,0x4f077c18dcaf3559566d4eac0f85b44d22f880bc,buy,0x94d6b4fb35fb08cb34aa716ab40049ec88002079,0x6078e44c6627fa2ae40ac88002e51811b264baba6e33ac126ac335c89781f3a2
12,2232,0.3906,0x3ee0c766d2f02ddf091413781b83d82ebb126dd5,2017-11-01T15:03:24.000Z,0.000175,0x13c3fd153e23ded7477e0817ad4d5754e2d67649,buy,0x94d6b4fb35fb08cb34aa716ab40049ec88002079,0xae8f97b5f22d23d840d73db59fdd0ff466aeb1ac2ec0e73c159cecfbc5cae31f
13,232.42625062,0.01673469004464,0x13c3fd153e23ded7477e0817ad4d5754e2d67649,2017-11-01T13:45:58.000Z,0.000072,0xffd63c626e28bb1fa3ca6159760fc0c4902c1bbb,sell,0x94d6b4fb35fb08cb34aa716ab40049ec88002079,0x364937561fcb29195266630b58653ccb039d1bd8daabb8c14cf996936f1f4043
14,259.076,0.02331684,0xaa85b24ac88a0a235f1977821194adce1cda9144,2017-11-01T13:43:59.000Z,0.00009,0xffd63c626e28bb1fa3ca6159760fc0c4902c1bbb,sell,0x94d6b4fb35fb08cb34aa716ab40049ec88002079,0x4413d1fd347d59441c7066b632bbe22767ada8bae67af919f76d91105c03a6bb
15,300,0.057,0x63a947a440ade3d4e015790fa2413e9bb8acbbe4,2017-11-01T11:06:16.000Z,0.00019,0x68bd54f977d53885e21a7c5b02128c816c2b7a48,buy,0x94d6b4fb35fb08cb34aa716ab40049ec88002079,0x2df5df6c0862908f577de476ca90e4068952803e5778d27955f883a215f6576f
16,498.48944102,0.0448640496918,0xaa85b24ac88a0a235f1977821194adce1cda9144,2017-11-01T11:02:59.000Z,0.00009,0x75f157da5b8fe9cc61c40e8f9ba22d99cebc55d2,sell,0x94d6b4fb35fb08cb34aa716ab40049ec88002079,0x2ab216516bbfe6d3670e180cdbb409ee40030028dda774faa6c623f9422e09cf
17,500,0.095,0x75f157da5b8fe9cc61c40e8f9ba22d99cebc55d2,2017-11-01T11:02:09.000Z,0.00019,0xaeb4d487f4066b41af8f99f30ec3ad40cd47a5b1,buy,0x94d6b4fb35fb08cb34aa716ab40049ec88002079,0xc79dbf6451fe8cdb89b5b5266ee85efb0359fb6735fba26941339725611a9e4d
18,242.43411429,0.0218190702861,0xaa85b24ac88a0a235f1977821194adce1cda9144,2017-11-01T06:59:17.000Z,0.00009,0x751d17fe61fcfb799c4c6a22adc91777fdf2a770,sell,0x94d6b4fb35fb08cb34aa716ab40049ec88002079,0xa1119cbd6e75447b235dff273010be24ecd39fbbf95f11b2fe5c99df8ce6f172
19,751.55966097,0.0752236064664873,0x13c3fd153e23ded7477e0817ad4d5754e2d67649,2017-11-01T06:57:11.000Z,0.00010009,0x751d17fe61fcfb799c4c6a22adc91777fdf2a770,sell,0x94d6b4fb35fb08cb34aa716ab40049ec88002079,0xa7f466c9861a0ad3b688f36323c962432be60847955c585df253a81d4ffb0fc3
20,957.03319708,0.0957894526957372,0x13c3fd153e23ded7477e0817ad4d5754e2d67649,2017-11-01T06:31:21.000Z,0.00010009,0x212a1e3a7ecb79fe7ce0ab0380ce4246abc51437,sell,0x94d6b4fb35fb08cb34aa716ab40049ec88002079,0xd3c4ec622e03e735b72e065d880c8b8e46a75620d3a3f72db8c7216abbfeee7b
21,50,0.0097,0x6a18f466f99a17c0036a3de189dfbe6e7e611fb2,2017-11-01T02:30:48.000Z,0.000194,0x906e9be77e1a56d25f7149ffdbbaac3b606a0090,buy,0x94d6b4fb35fb08cb34aa716ab40049ec88002079,0x51aa728d0f10c4158b112ba3a0bc4242f98cad30943731e7c976403ae783df41
22,291.40714195,0.0291669408377755,0x13c3fd153e23ded7477e0817ad4d5754e2d67649,2017-11-01T01:47:30.000Z,0.00010009,0xaa85b24ac88a0a235f1977821194adce1cda9144,sell,0x94d6b4fb35fb08cb34aa716ab40049ec88002079,0x294c970be8d5880ec513ced6d793bd3ba21c0c15de2e65b4f52c9863606798f5
23,10,0.00195,0x80eeeda2e9c5466f29615fe95e70426b19c5e9d0,2017-11-01T01:02:05.000Z,0.000195,0xbbe8a1421d8583194bd959a640cb82225650c748,buy,0x94d6b4fb35fb08cb34aa716ab40049ec88002079,0x2279e1a90cb4ded8dd670a2e0e9d165d6d5a21f25c94aa07b3bb5e69aef83c26
24,50,0.00975,0x0c7b4aad51f3911073c0ce821dc496537cbec6d6,2017-11-01T00:15:25.000Z,0.000195,0xbbe8a1421d8583194bd959a640cb82225650c748,buy,0x94d6b4fb35fb08cb34aa716ab40049ec88002079,0x16e6c2e9cb07f9066191abb40f15b3762d1ff9b08c6ef62b9a63e790366d3ab9
25,617.95232678,0.061801473996500475,0x24418ab1b19550b380652432eac1ab37bf3d0fa9,2017-10-31T22:01:08.000Z,0.0001000101,0x787b4b7ffef8eddad54f311039acf4c36fec9593,sell,0x94d6b4fb35fb08cb34aa716ab40049ec88002079,0x0940c7492812ab448865b82cd54ffb460627a6abbe0192df188558793332f7e9
26,375.007,0.037532200588,0x056056ce86b7d8108f7c1febac70d637d60ea042,2017-10-31T21:59:09.000Z,0.000100084,0x787b4b7ffef8eddad54f311039acf4c36fec9593,sell,0x94d6b4fb35fb08cb34aa716ab40049ec88002079,0xb0e582c62d81dd35ee32ecbf7cad5e11d27f95645b68efdfe9ff54401e9983c1
27,324.99252317,0.03252655168894628,0x056056ce86b7d8108f7c1febac70d637d60ea042,2017-10-31T20:42:13.000Z,0.000100084,0xc8d8059a6672518ddbcc6b69d4854d2d6c55314e,sell,0x94d6b4fb35fb08cb34aa716ab40049ec88002079,0x35164befda3d2d3dabb693d6864ca2ea9d7a9fa64ab9a7c8e7617cce20d1a30e
28,10,0.00195,0x4a5400fb0e3b62317d3d58b647b0c0b902ba8573,2017-10-31T19:27:41.000Z,0.000195,0xbbe8a1421d8583194bd959a640cb82225650c748,buy,0x94d6b4fb35fb08cb34aa716ab40049ec88002079,0x4365de433fe439c5c16b9935809ccf6733a2e17a885ee60ea0ae48f0ff53fcd6
29,660,0.066066,0xe586e8534d235dad3d46685daf7c1815f0962944,2017-10-31T17:10:23.000Z,0.0001001,0x32b5f3b15b6b4e465aa619eb4bf94dd5846938d3,sell,0x94d6b4fb35fb08cb34aa716ab40049ec88002079,0x24229d9a47decb86f717a0d1a2240e2ea90fbe4c5687f1c9823801004b9a7671
30,1993,0.1993,0x742097391f52639b70b68909d58c7a77e37ffd4f,2017-10-31T14:11:36.000Z,0.0001,0xa805db026319dfe8052bf1dc6fdac396be3f05fe,buy,0x94d6b4fb35fb08cb34aa716ab40049ec88002079,0x3fd3549ba77396ea81d1acb895761bf3bfe03369f1d0d9f6cbb7331b03e4d1cf
31,1325.26242348,0.13253962749847714,0x24418ab1b19550b380652432eac1ab37bf3d0fa9,2017-10-31T12:59:50.000Z,0.0001000101,0xf694ef95683407a0d71b02de80c44d3ac54919a7,sell,0x94d6b4fb35fb08cb34aa716ab40049ec88002079,0x8679bc6c9ba64f4a82040fd4907b82769770b4cce5ab6717a3221c8fe4a8e821
32,44,0.00440374,0xe5149ff249b80dc9fdc566ca2d17068d8cddf5b4,2017-10-31T12:56:23.000Z,0.000100085,0xf694ef95683407a0d71b02de80c44d3ac54919a7,sell,0x94d6b4fb35fb08cb34aa716ab40049ec88002079,0x171e5e3acf60bd2a392c865817c54eab7283f1b98c6d1f7727f8204446e297c0
33,25.421,0.0025446421,0xe586e8534d235dad3d46685daf7c1815f0962944,2017-10-31T12:55:38.000Z,0.0001001,0xf694ef95683407a0d71b02de80c44d3ac54919a7,sell,0x94d6b4fb35fb08cb34aa716ab40049ec88002079,0x0a1d234787baaadff9ac73fcdf6f6ed356c1875a73bf752570590ed878a6edaa
34,1894.12820257,0.189602233077257,0xe586e8534d235dad3d46685daf7c1815f0962944,2017-10-31T12:18:23.000Z,0.0001001,0x0bccd6bb1a3a1550574be1fea5074f0e64a4d6da,sell,0x94d6b4fb35fb08cb34aa716ab40049ec88002079,0x76d3f31973545df436597e05bda3463bdfeba31c7c7ad363076554378c7e24f9
35,91.71568138,0.009180739706138,0xe586e8534d235dad3d46685daf7c1815f0962944,2017-10-31T08:50:56.000Z,0.0001001,0x602f59437a73f31a87b28e393532c62cbb4715e4,sell,0x94d6b4fb35fb08cb34aa716ab40049ec88002079,0x7eeb05b3042890180da4c8750340c26b62c81a6b16c87b2fcaf6cc8b4bbda377
36,2988.73492174,0.299172365666174,0xe586e8534d235dad3d46685daf7c1815f0962944,2017-10-31T07:02:19.000Z,0.0001001,0xd8f2a55ea9f4583604dbb94c6a35c4641f5e5c10,sell,0x94d6b4fb35fb08cb34aa716ab40049ec88002079,0x70ef9fbba6c7f5cd5087bdd9c52be8a32932b821867bb4f81fa9efaa39bf40a7
37,4.99,0.0004993992,0xe586e8534d235dad3d46685daf7c1815f0962944,2017-10-31T04:03:20.000Z,0.00010008,0xe444a40689f51f63bcd29910622035707d533d29,sell,0x94d6b4fb35fb08cb34aa716ab40049ec88002079,0xa8b615dcf6a8450af03e796135a2d4fd7c531989b4c15f2e35b067692d84ff3d
38,994.91576114,0.0995711693748912,0xe586e8534d235dad3d46685daf7c1815f0962944,2017-10-30T23:35:47.000Z,0.00010008,0xa87c15534aa4316b7753194f7b3391ae7b98dec9,sell,0x94d6b4fb35fb08cb34aa716ab40049ec88002079,0xcf2ab3d710bf8cf536a63fab5923c36c087a2c1271cc1d7f52e50ed04b69adc3
39,990.92812281,0.0991720865308248,0xe586e8534d235dad3d46685daf7c1815f0962944,2017-10-30T23:30:29.000Z,0.00010008,0x68e256ddffde7cb6b0eaa70b1edc674bb2dc0a30,sell,0x94d6b4fb35fb08cb34aa716ab40049ec88002079,0x5a32b9fee9e5f32fc2d1fc8c2cd0511e59a3266129f1851e5384941f932727e5
40,98.78349304,0.0098862519834432,0xe586e8534d235dad3d46685daf7c1815f0962944,2017-10-30T22:05:39.000Z,0.00010008,0x0fde350772d5d4418486797185e092124a4bdbff,sell,0x94d6b4fb35fb08cb34aa716ab40049ec88002079,0x195ff1e5cecbf37c372d2dc83982218fec796c1324f54c5dedcc819b09b6e6b5
41,897.21862227,0.0897936397167816,0xe586e8534d235dad3d46685daf7c1815f0962944,2017-10-30T21:58:05.000Z,0.00010008,0x0fde350772d5d4418486797185e092124a4bdbff,sell,0x94d6b4fb35fb08cb34aa716ab40049ec88002079,0x45d65f2cd181c2680e6fe7a00f1e7c1de4ba56897305079d6a58ba7d782c28eb
42,488.53538578,0.0488584239318578,0xe586e8534d235dad3d46685daf7c1815f0962944,2017-10-30T18:30:38.000Z,0.00010001,0xc13d7b999a51acd58e2185d848820bfcae2bbcc8,sell,0x94d6b4fb35fb08cb34aa716ab40049ec88002079,0xc02c0a9f25a694f9d4dda0cf36f674f3e91c880d2cc1fe66f4108ab4b425bf53
43,986.94048449,0.0987039178538449,0xe586e8534d235dad3d46685daf7c1815f0962944,2017-10-30T18:24:32.000Z,0.00010001,0x1dec45ebab9c42f08540117d8dc1a29591a73278,sell,0x94d6b4fb35fb08cb34aa716ab40049ec88002079,0x8b0ff8a12c51a84475fd0349251df3e7feebcc59eab8d0ed9440c095dc1ee4d6
44,498.45479015,0.0498504635629015,0xe586e8534d235dad3d46685daf7c1815f0962944,2017-10-30T18:17:39.000Z,0.00010001,0xc13d7b999a51acd58e2185d848820bfcae2bbcc8,sell,0x94d6b4fb35fb08cb34aa716ab40049ec88002079,0xc645a48433551156eeef2060bb167fd90153e212b1da2b75cef2d7413efaba13
45,800,0.0800032,0x056056ce86b7d8108f7c1febac70d637d60ea042,2017-10-30T18:09:00.000Z,0.000100004,0x69d5c3e6b88b999cab0bd5186c34b5f8c73d2fcb,sell,0x94d6b4fb35fb08cb34aa716ab40049ec88002079,0x1dccd797770a223c1190cd944e529b313f433c4cedcf99781e38cc854912a945
46,400,0.040002,0x5cc2072740d99c150b6815eccc05c8b6bcd466b7,2017-10-30T17:59:16.000Z,0.000100005,0x69d5c3e6b88b999cab0bd5186c34b5f8c73d2fcb,sell,0x94d6b4fb35fb08cb34aa716ab40049ec88002079,0x0e97314a96978a296a6ce04c8ffab05c6b83cb8693b86cfde39de48a57405b1f
47,207.68949589,0.04984547901505333,0x69d5c3e6b88b999cab0bd5186c34b5f8c73d2fcb,2017-10-30T17:52:20.000Z,0.0002400000000069976,0xaa85b24ac88a0a235f1977821194adce1cda9144,buy,0x94d6b4fb35fb08cb34aa716ab40049ec88002079,0x143b5b297caa5227c433e49869b37cf8e760e4d0a630e57fb1cf9e1792f92b3a
48,0.00000004,0.0000000000039996,0x2048fe4b04d4f56284195aa67da70ed1fc345023,2017-10-30T17:34:56.000Z,0.00009999,0x08f07a8767d4034fc83903cbfdfaedc67a2812b3,sell,0x94d6b4fb35fb08cb34aa716ab40049ec88002079,0xcc344fecfb66e68e01eb5ace383b4c83a284e7edf9260aaffae33c3fe9a4c813
49,0.00040748,0.000000040748,0x24418ab1b19550b380652432eac1ab37bf3d0fa9,2017-10-30T17:34:43.000Z,0.0001,0x08f07a8767d4034fc83903cbfdfaedc67a2812b3,sell,0x94d6b4fb35fb08cb34aa716ab40049ec88002079,0x564b3998ec8a27955ca01913a0bb4c4f598e484441e05edfb9a24626cc459b79
50,498,0.0118524,0xc9d56287b414e1aa0963016aa721b527f095fd9c,2017-10-30T16:08:03.000Z,0.0000238,0xf68362dbc57b30c49bff0b4c0af688962eb0186d,buy,0x94d6b4fb35fb08cb34aa716ab40049ec88002079,0x96840ab9e82c93e27ce227dbd7ed2a023b75b33129f25a3acb835ddd5e98447f
51,496.51046859,0.0496560119636859,0xe586e8534d235dad3d46685daf7c1815f0962944,2017-10-30T16:08:03.000Z,0.00010001,0xc9d56287b414e1aa0963016aa721b527f095fd9c,sell,0x94d6b4fb35fb08cb34aa716ab40049ec88002079,0x96840ab9e82c93e27ce227dbd7ed2a023b75b33129f25a3acb835ddd5e98447f
52,5,0.0015,0x195695bcb7aa0e6075017cc19935d06f306d9993,2017-10-30T14:14:49.000Z,0.0003,0xe5712d1dff0f400f3e9f13c15d74326396fc635b,buy,0x94d6b4fb35fb08cb34aa716ab40049ec88002079,0x77abc1334dcb92e0ad57d220821887a4b006546b612761763a909351f1a52c2b
53,0.00016794,0.000000040306711044,0xe5149ff249b80dc9fdc566ca2d17068d8cddf5b4,2017-10-30T14:09:06.000Z,0.00024000661571989997,0xaeb4d487f4066b41af8f99f30ec3ad40cd47a5b1,buy,0x94d6b4fb35fb08cb34aa716ab40049ec88002079,0x89ad1d5d7e011681cbfe16286ca98de47e65dd75e05e9697898c0550da43d220
54,1.68465257,0.000404316618482703,0xe5149ff249b80dc9fdc566ca2d17068d8cddf5b4,2017-10-30T14:07:33.000Z,0.00024000000099884275,0xaeb4d487f4066b41af8f99f30ec3ad40cd47a5b1,buy,0x94d6b4fb35fb08cb34aa716ab40049ec88002079,0xbb37e85850cc2b3f1e8b1247079bff911df77247b9322bc64fd821701311b166
55,44,0.01056,0xe5149ff249b80dc9fdc566ca2d17068d8cddf5b4,2017-10-30T13:59:00.000Z,0.00024,0xaeb4d487f4066b41af8f99f30ec3ad40cd47a5b1,buy,0x94d6b4fb35fb08cb34aa716ab40049ec88002079,0x3cc1f4195b5f6fe8cc56aa3739955a2c6a54587e76b7984df43a325aca0984f4
56,30,0.00732,0xc50bb88d917ea90d788adee6bccb375985381b50,2017-10-30T03:52:37.000Z,0.000244,0x583b640795999aa2bb22c1a62a91336ff9d325bb,buy,0x94d6b4fb35fb08cb34aa716ab40049ec88002079,0x04135243aaa5ae4fac0f5a7ff3092180958b87202bd973e88c85b69ad2df00c9
57,10,0.0025,0xcbea0fcd5027a3bfdb4c8bc81c96b170fe5ed4d2,2017-10-29T17:58:36.000Z,0.00025,0x15d8f5eaa3600df506601421e637b0252d9e2aea,buy,0x94d6b4fb35fb08cb34aa716ab40049ec88002079,0x7ea3cab9419a208ae0c668634edaa58ef63d56a5b532a9d5509c189b943c04cc
58,17,0.00425,0xd64f9a51bae07df65a546408507e5163c7a1648e,2017-10-29T17:51:01.000Z,0.00025,0x15d8f5eaa3600df506601421e637b0252d9e2aea,buy,0x94d6b4fb35fb08cb34aa716ab40049ec88002079,0x228dd06dc1e2453f673278ecf15cb9652004090d878017957621a3871640875b
59,5,0.0013,0x0b773d7819259d78757b26dc4148812d35676d8f,2017-10-29T15:48:21.000Z,0.00026,0xffd63c626e28bb1fa3ca6159760fc0c4902c1bbb,buy,0x94d6b4fb35fb08cb34aa716ab40049ec88002079,0xfd14ee88b55074c77d8bc78267237f52f9f0e02ad2b77319c9feae8496269c8c
60,1400,0.378,0xf694ef95683407a0d71b02de80c44d3ac54919a7,2017-10-29T12:58:42.000Z,0.00027,0x15d8f5eaa3600df506601421e637b0252d9e2aea,buy,0x94d6b4fb35fb08cb34aa716ab40049ec88002079,0x0a1cb8b4271ebf536821acf0ddcf46ceca40327e938d90cef3d6176dd6339f57
61,998,0.34431,0x2048fe4b04d4f56284195aa67da70ed1fc345023,2017-10-29T08:59:59.000Z,0.000345,0xb69a08908cfcb4d8524808fe5877da2d1b831864,buy,0x94d6b4fb35fb08cb34aa716ab40049ec88002079,0x26d69f2a252816f8597c136801a71640d2e5b280a3e6bb272d0b3879d725360c
62,5000,1.695,0x2048fe4b04d4f56284195aa67da70ed1fc345023,2017-10-29T08:56:12.000Z,0.000339,0x24418ab1b19550b380652432eac1ab37bf3d0fa9,buy,0x94d6b4fb35fb08cb34aa716ab40049ec88002079,0xd8d5d2c50a7cc3b7dceb835ef52471aa5d8d930b23ddb8f9dcbcf21a4b968b97
63,990,0.33363,0x2048fe4b04d4f56284195aa67da70ed1fc345023,2017-10-29T08:55:55.000Z,0.000337,0x743aed525119b2e9adde2f13b1777532ca8922e7,buy,0x94d6b4fb35fb08cb34aa716ab40049ec88002079,0x70f5bba5844d24e1dfe5dc99758e14035a0bed74ca8a23ee6d49c7090a627184
64,1096.3,0.3288878074,0x2048fe4b04d4f56284195aa67da70ed1fc345023,2017-10-29T08:55:55.000Z,0.000299998,0x221add9677315fd8a709636b12a3902b77549c81,buy,0x94d6b4fb35fb08cb34aa716ab40049ec88002079,0x727751ed43bf69f8a4d879cde252c9b8d2f6e078dfa5d2bdd8de1f14c45cc3e1
65,50,0.01665,0x2048fe4b04d4f56284195aa67da70ed1fc345023,2017-10-29T08:55:55.000Z,0.000333,0x971f30c325d9924ad472adf0bf98702502baad93,buy,0x94d6b4fb35fb08cb34aa716ab40049ec88002079,0x7df20d170b370a5cd799e4ec4861891b879d57b26615ccf62f0ef42df36ec1b6
66,500,0.1665,0x2048fe4b04d4f56284195aa67da70ed1fc345023,2017-10-29T08:55:55.000Z,0.000333,0xaa85b24ac88a0a235f1977821194adce1cda9144,buy,0x94d6b4fb35fb08cb34aa716ab40049ec88002079,0x2d1469c3601bc2e69144e22658a08da14ce7a87eecb128119ad117430ba2ab2a
67,1000,0.25,0x2048fe4b04d4f56284195aa67da70ed1fc345023,2017-10-29T08:49:10.000Z,0.00025,0xaa85b24ac88a0a235f1977821194adce1cda9144,buy,0x94d6b4fb35fb08cb34aa716ab40049ec88002079,0x974792fc48b12c96a8dcecc7d1d3ff701a0eb52b55bb566ee0205445030d6b6d
68,1000,0.24,0x2048fe4b04d4f56284195aa67da70ed1fc345023,2017-10-29T08:47:56.000Z,0.00024,0x0bccd6bb1a3a1550574be1fea5074f0e64a4d6da,buy,0x94d6b4fb35fb08cb34aa716ab40049ec88002079,0xe682a0ffc74550c0ab2c60d4703e4a428f13d76eddd37488603146b672554b83
69,3000,0.7197,0x2048fe4b04d4f56284195aa67da70ed1fc345023,2017-10-29T08:46:06.000Z,0.0002399,0x24418ab1b19550b380652432eac1ab37bf3d0fa9,buy,0x94d6b4fb35fb08cb34aa716ab40049ec88002079,0x785053c1f867b93e63bb95795e3c026df706de87dbf5058051eb53fbdc524329
70,4000,0.796,0x2048fe4b04d4f56284195aa67da70ed1fc345023,2017-10-29T08:44:57.000Z,0.000199,0x24418ab1b19550b380652432eac1ab37bf3d0fa9,buy,0x94d6b4fb35fb08cb34aa716ab40049ec88002079,0x3ee2fd2f47b50d52716c398150a3c1346fac9ea7f3c227319ddb4133e6e8d394
71,999,0.1537461,0x2048fe4b04d4f56284195aa67da70ed1fc345023,2017-10-29T08:41:29.000Z,0.0001539,0x52f57dd9e4fa28b17d480f370db7b962677594f2,buy,0x94d6b4fb35fb08cb34aa716ab40049ec88002079,0x29d19aaf616cee4a917d51492148e539d9fd83e203ff155245e32ce2eb1849e6
72,1000,0.1488,0x2048fe4b04d4f56284195aa67da70ed1fc345023,2017-10-29T08:41:29.000Z,0.0001488,0x24418ab1b19550b380652432eac1ab37bf3d0fa9,buy,0x94d6b4fb35fb08cb34aa716ab40049ec88002079,0x21a628cf89f0d2aa99fa590c224d37be773e0adb7998eb158d29653f20a68fe2
73,997,0.0997,0x2048fe4b04d4f56284195aa67da70ed1fc345023,2017-10-29T08:39:48.000Z,0.0001,0xa09871b14a951590f5b8fec5b99489c8bb9bf6f4,buy,0x94d6b4fb35fb08cb34aa716ab40049ec88002079,0xdd4331b53e0f81749564de76280cf3738cdf94d7ae53fb2800e18b1f8d6a2ce7
74,495,0.0495,0x2048fe4b04d4f56284195aa67da70ed1fc345023,2017-10-29T08:38:09.000Z,0.0001,0x4e62d92cbc923f02bfaff6cee0104cf9e87b08a9,buy,0x94d6b4fb35fb08cb34aa716ab40049ec88002079,0x380a3bad69974c39ff9908de3a17719ad61324e3b90709159cf0bf6ef5eeeea1
75,999,0.099899001,0x2048fe4b04d4f56284195aa67da70ed1fc345023,2017-10-29T08:35:34.000Z,0.000099999,0xba28c1b409664c0893a090d637a027e4162a41bc,buy,0x94d6b4fb35fb08cb34aa716ab40049ec88002079,0x640c3932f16a90540931414bb79452461b8263b102e0ac7d68daa16f0236829d
76,2850,0.284715,0x2048fe4b04d4f56284195aa67da70ed1fc345023,2017-10-29T08:34:36.000Z,0.0000999,0x24418ab1b19550b380652432eac1ab37bf3d0fa9,buy,0x94d6b4fb35fb08cb34aa716ab40049ec88002079,0xa36ecc9493d219e5a87bc55b32422faa9b60e8d3aab7fef86ee86bdfe95a5a5c
77,1654.3714485,0.11746699198366545,0x24418ab1b19550b380652432eac1ab37bf3d0fa9,2017-10-29T07:55:03.000Z,0.000071004001,0xa42e7220258adede7e13a5043c4d0141f13e990b,sell,0x94d6b4fb35fb08cb34aa716ab40049ec88002079,0x778d47825acbcfa19941252848e0cc617d2d049e425cbbbe748f5aab4d6190ca
78,3500,0.248514,0x056056ce86b7d8108f7c1febac70d637d60ea042,2017-10-29T07:52:04.000Z,0.000071004,0xa42e7220258adede7e13a5043c4d0141f13e990b,sell,0x94d6b4fb35fb08cb34aa716ab40049ec88002079,0x5c663e89b683604a2671ad114de0ff29474c3c6cd7786c1de7758e3f2e595e8b
79,150,0.014985,0x6e10b475fd4e648c5efbaa51287fe523338059d6,2017-10-29T05:09:48.000Z,0.0000999,0x24418ab1b19550b380652432eac1ab37bf3d0fa9,buy,0x94d6b4fb35fb08cb34aa716ab40049ec88002079,0x72e5426dab90711dae43cda99dd7220e9d7405d19e0a65c568ba9b37703ab76a
80,78.98898788,0.00789021,0x6e10b475fd4e648c5efbaa51287fe523338059d6,2017-10-29T05:08:45.000Z,0.00009989000000844167,0xf964233c8256d6ace30529d459dc31cc42987e20,buy,0x94d6b4fb35fb08cb34aa716ab40049ec88002079,0x38f0f07a12069e451409ac683ad15e6f5c4736649e088435b567d81016a06a29
81,5.00550605,0.0005,0x34f9560c63078eb61872a4dc2ccd20e21c34feaf,2017-10-28T20:17:38.000Z,0.00009989000013295359,0xf964233c8256d6ace30529d459dc31cc42987e20,buy,0x94d6b4fb35fb08cb34aa716ab40049ec88002079,0x34442ecb6a56dcfbd25dd477adad111ff58184bd57a38aea6dd47baceaa5015c
82,5.00550605,0.0005,0xe444a40689f51f63bcd29910622035707d533d29,2017-10-28T20:14:57.000Z,0.00009989000013295359,0xf964233c8256d6ace30529d459dc31cc42987e20,buy,0x94d6b4fb35fb08cb34aa716ab40049ec88002079,0x56971d493f71bae0885f5863613ef4287c01e0bfa04bb5a729f24b7406ea1a88
83,500,0.035500005,0x24418ab1b19550b380652432eac1ab37bf3d0fa9,2017-10-28T20:01:58.000Z,0.00007100001,0xe8a8f31ddacd92b63a31e20263e0d9d4449ae8cf,sell,0x94d6b4fb35fb08cb34aa716ab40049ec88002079,0x00ee3cbf0f439c1d7837d54b564480770e3b9ffa7dbfb48c7fedbdae95370868
84,420.244,0.030257568,0x34b62809df67ca50355e34c62035f0f349e001c7,2017-10-28T19:59:24.000Z,0.000072,0xe8a8f31ddacd92b63a31e20263e0d9d4449ae8cf,sell,0x94d6b4fb35fb08cb34aa716ab40049ec88002079,0xa510588168de842f8b06cc4220ae23f94ff720c62c3d65d233d0c1466719187a
85,986.94048449,0.07007278426819484,0x24418ab1b19550b380652432eac1ab37bf3d0fa9,2017-10-28T17:37:08.000Z,0.00007100000999999999,0x42a5c88b821e0a005b28a3b1e9b7d5daa5315533,sell,0x94d6b4fb35fb08cb34aa716ab40049ec88002079,0x057218201b2f91f75bef8a207032829683c5f9226a39ecaffcd90fbd55868824
86,49.8474637,0.0035890173864,0x34b62809df67ca50355e34c62035f0f349e001c7,2017-10-28T17:14:10.000Z,0.000072,0xaec851e352ca47534ff2b0867614320a32259302,sell,0x94d6b4fb35fb08cb34aa716ab40049ec88002079,0x35ec92dd1a2be5f57e3175b932f0bc1da99b3c4743fb9448e04643999e5f1ff5
87,4.08732927,0.000290200419043292,0x24418ab1b19550b380652432eac1ab37bf3d0fa9,2017-10-28T16:48:30.000Z,0.00007100000999999982,0x08f07a8767d4034fc83903cbfdfaedc67a2812b3,sell,0x94d6b4fb35fb08cb34aa716ab40049ec88002079,0x77965d62e4c7c0312bc7532ce9a8a20d42dfa0cd2ecaa50df40d761b2602a97d
88,10,0.0009989,0x08dc4e5f2bb82623a8e7b5f00c00c87d5ba21bce,2017-10-28T16:43:46.000Z,0.00009989,0xf964233c8256d6ace30529d459dc31cc42987e20,buy,0x94d6b4fb35fb08cb34aa716ab40049ec88002079,0xa84b1b268a4d872e51c27bf7d6f8d992f4181c0d32c265af7e26d00de60ac389
89,1,0.00009989,0x08dc4e5f2bb82623a8e7b5f00c00c87d5ba21bce,2017-10-28T16:42:57.000Z,0.00009989,0xf964233c8256d6ace30529d459dc31cc42987e20,buy,0x94d6b4fb35fb08cb34aa716ab40049ec88002079,0x81bbd71b5e010e69fb08e5d04a56b587814c1512920512932f6ab63246512387
90,19.90828431,0.00143339647032,0x34b62809df67ca50355e34c62035f0f349e001c7,2017-10-28T15:28:50.000Z,0.000072,0xaec851e352ca47534ff2b0867614320a32259302,sell,0x94d6b4fb35fb08cb34aa716ab40049ec88002079,0xb6eeee25fbba776520d843d5353c76b96ed76f69b37a2414d0e134db93912fa3
91,10,0.00072,0x34b62809df67ca50355e34c62035f0f349e001c7,2017-10-28T15:26:07.000Z,0.000072,0xaec851e352ca47534ff2b0867614320a32259302,sell,0x94d6b4fb35fb08cb34aa716ab40049ec88002079,0x2df4bd7e0cd03c8230aa8a3f10f0bb760fc0fcf9e1b821cabae6bc64d5b8f78d
92,96.164,0.009423975836,0x34b62809df67ca50355e34c62035f0f349e001c7,2017-10-28T07:38:16.000Z,0.000097999,0xeb01b2b3055babdfedb759cff2794782d418d6ad,buy,0x94d6b4fb35fb08cb34aa716ab40049ec88002079,0xb18d8ae5ec38f933230f3103b5fc12c7af7f06e823ede41c37aab155101ef7b5
93,385,0.03773,0x34b62809df67ca50355e34c62035f0f349e001c7,2017-10-28T07:37:13.000Z,0.000098,0x08f07a8767d4034fc83903cbfdfaedc67a2812b3,buy,0x94d6b4fb35fb08cb34aa716ab40049ec88002079,0xa17738686ec7d57f85a18bdcd274ddae874ca9a02fc98213f0e1f74b346b5c2f
94,87,0.007134,0x34b62809df67ca50355e34c62035f0f349e001c7,2017-10-28T07:35:43.000Z,0.000082,0xb93a5f4474449ae39d00c9be3146c4e2c1dd308b,buy,0x94d6b4fb35fb08cb34aa716ab40049ec88002079,0x5edf4d40149c7446cc18f075871b57988f779d9d3de1cc7abbb49d84bbc4f0a1
95,995.91267072,0.07070980958024671,0x24418ab1b19550b380652432eac1ab37bf3d0fa9,2017-10-28T05:46:34.000Z,0.00007100000999999999,0x486ac172e03b10da4d9eae422525d034009cd4f3,sell,0x94d6b4fb35fb08cb34aa716ab40049ec88002079,0xb2e9774bf2be556105133093dfa84071cbb518838e097acce23bf54037109938
96,89.81130681,0.006376611764640681,0x24418ab1b19550b380652432eac1ab37bf3d0fa9,2017-10-28T02:19:08.000Z,0.0000710001,0x493166bc8c38a3556d3e2b41915742dfadc610c4,sell,0x94d6b4fb35fb08cb34aa716ab40049ec88002079,0xc45eb3d192c0cf82ed6783d939e11f238c1e65f1601fec65e16e4f3b3948eca6
97,897.21862227,0.06370261190303222,0x24418ab1b19550b380652432eac1ab37bf3d0fa9,2017-10-28T02:17:46.000Z,0.0000710001,0x493166bc8c38a3556d3e2b41915742dfadc610c4,sell,0x94d6b4fb35fb08cb34aa716ab40049ec88002079,0xd5294a5fa0629c2ed50fd95e7f56a3a6d68fc6d4b8a9407401e8b75533a5a0e0
98,991.92503239,0.07042677649219324,0x24418ab1b19550b380652432eac1ab37bf3d0fa9,2017-10-28T00:03:14.000Z,0.0000710001,0x00aa0d2c3b05ff3ca279f638bd9216faf1ec2502,sell,0x94d6b4fb35fb08cb34aa716ab40049ec88002079,0x6676d1440a9549ed8af3422ff5381906783979d75312291d68c2e8f51b9fe8d9
99,995.91267072,0.07070989921238707,0x24418ab1b19550b380652432eac1ab37bf3d0fa9,2017-10-27T15:37:58.000Z,0.0000710001,0xed5cd45739afe80569eaf58b4c2913a7da7da8f5,sell,0x94d6b4fb35fb08cb34aa716ab40049ec88002079,0x4e1c197ed46a0ac0ee6862e22af7aa641168fe8d15b1826a46fb5370057373a8
100,976.97138869,0.06936506629412886,0x24418ab1b19550b380652432eac1ab37bf3d0fa9,2017-10-27T14:04:22.000Z,0.0000710001,0xade2a5ee7ad1c2ae29f21e929411309649c16f1a,sell,0x94d6b4fb35fb08cb34aa716ab40049ec88002079,0xcd6d1e534649d78daad7fecf69dbab25a761e0e4609cccfc49abc5a37dea9c1e
101,1,0.000082,0x4a57d0208164a1c1c63c75395dc444428a07b50a,2017-10-27T13:51:57.000Z,0.000082,0xb93a5f4474449ae39d00c9be3146c4e2c1dd308b,buy,0x94d6b4fb35fb08cb34aa716ab40049ec88002079,0x0a2762b99fb45f533f8b909b71163d5d9509febca8e9021dbbc648db1f814b97
102,1,0.000082,0x0044a537a1d5b55c82e487f7d120872699274c97,2017-10-27T13:39:42.000Z,0.000082,0xb93a5f4474449ae39d00c9be3146c4e2c1dd308b,buy,0x94d6b4fb35fb08cb34aa716ab40049ec88002079,0x8350e37beddc804293cc09bf424ee39f07e3066b5a064d479e4d2dff15737260
103,19.43973682,0.001594060363213682,0x24418ab1b19550b380652432eac1ab37bf3d0fa9,2017-10-27T13:29:43.000Z,0.0000820001,0x0fe45a53cb63bb6caa806e635b2374cf4d769f24,sell,0x94d6b4fb35fb08cb34aa716ab40049ec88002079,0xed42466360a4e52aa9347dd5d9880daa0774cc290c13a135e6ee9479d8eaff19
104,49.264,0.004039697264,0xeb01b2b3055babdfedb759cff2794782d418d6ad,2017-10-27T13:29:07.000Z,0.000082001,0x0fe45a53cb63bb6caa806e635b2374cf4d769f24,sell,0x94d6b4fb35fb08cb34aa716ab40049ec88002079,0x91f1c206586f167858ea7c53390665e35746270a0d39c9847643bbc626cde1c5
105,347.5828701,0.02467841853538701,0x24418ab1b19550b380652432eac1ab37bf3d0fa9,2017-10-27T11:11:06.000Z,0.0000710001,0x75f157da5b8fe9cc61c40e8f9ba22d99cebc55d2,sell,0x94d6b4fb35fb08cb34aa716ab40049ec88002079,0x6716a615e1132830ae4aef80e8aa4580fc4d69c37572dd02a218398c115a1a33
106,599.541,0.049162362,0x9f7a7ac52a3e1b2d4acdcda0da13bb0b111e2ddd,2017-10-27T11:06:55.000Z,0.000082,0x75f157da5b8fe9cc61c40e8f9ba22d99cebc55d2,sell,0x94d6b4fb35fb08cb34aa716ab40049ec88002079,0x95c6d844f767114d638582fe2e620c8f7f3f1985eea51c83d63e488ec4e9e6c5
107,48.9,0.0040098489,0xeb01b2b3055babdfedb759cff2794782d418d6ad,2017-10-27T10:55:59.000Z,0.000082001,0xc159f556b731a4e17e69ab326d7181899e5e20a7,sell,0x94d6b4fb35fb08cb34aa716ab40049ec88002079,0x288cc2853ec20c46a15d85ba5a10b62fddaebf346d6b4b082529137afcd40890
108,1992.82225102,0.16341142458364,0x9f7a7ac52a3e1b2d4acdcda0da13bb0b111e2ddd,2017-10-27T02:06:49.000Z,0.000082,0x000438f1de357e597b457decc8bf91964451518b,sell,0x94d6b4fb35fb08cb34aa716ab40049ec88002079,0x24c0f276ff2cb28f50a6b84ea95e9ca0ea14d833f382cb7380c0c0fa630ec74e
109,995.91267072,0.08166483899904,0x9f7a7ac52a3e1b2d4acdcda0da13bb0b111e2ddd,2017-10-26T22:34:50.000Z,0.000082,0xad7f84324d7e4e042ac6bce6f29c2f9b4f536cc6,sell,0x94d6b4fb35fb08cb34aa716ab40049ec88002079,0x53c379e9e2346b1748bfe1030c2f69032023ae270db8f1af1d180233251d30fa
110,1996,0.163672,0xe586e8534d235dad3d46685daf7c1815f0962944,2017-10-26T20:52:04.000Z,0.000082,0xdbe4ec102eb8713ef652a471cd0ca0927d2f971f,buy,0x94d6b4fb35fb08cb34aa716ab40049ec88002079,0x7fb8f1ee1a225027377a69fa914879d9308fdbd8564a97c8356c323704575738
111,497.60771026,0.04080383224132,0x9f7a7ac52a3e1b2d4acdcda0da13bb0b111e2ddd,2017-10-26T18:22:25.000Z,0.000082,0x5933ec2852dc662a5df3ba42744a8472e17c7866,sell,0x94d6b4fb35fb08cb34aa716ab40049ec88002079,0xd5dfa0defedda531dcd8863904116c31f2204d2b87c7d344459e2835623df876
112,897.72006778,0.07361304555796,0x9f7a7ac52a3e1b2d4acdcda0da13bb0b111e2ddd,2017-10-26T15:45:51.000Z,0.000082,0xb479d52256490a1449a6fb3e144b6f71fc658cce,sell,0x94d6b4fb35fb08cb34aa716ab40049ec88002079,0x1a9ab5f7cd86c2ac8ca2bc439b4b2b9025d64c818ece8da64a07781e541eaf37
113,99,0.008118,0x9f7a7ac52a3e1b2d4acdcda0da13bb0b111e2ddd,2017-10-26T15:42:16.000Z,0.000082,0xb479d52256490a1449a6fb3e144b6f71fc658cce,sell,0x94d6b4fb35fb08cb34aa716ab40049ec88002079,0xcc68e29fe2b2d6b55945d5ff0c2f49ee7afc6ce8d2d84e3ff8bf5c8cd2ebab9d
114,3985.64450204,0.3268232477317302,0x24418ab1b19550b380652432eac1ab37bf3d0fa9,2017-10-26T12:34:45.000Z,0.0000820001,0x4cb45d7ea684090098acea4fe4c3aef24e622320,sell,0x94d6b4fb35fb08cb34aa716ab40049ec88002079,0x07a198945e786abfd1e49f60a4908bbaa860742b948b125a6c85f1ba1226b351
115,5,0.0005,0xfa7424ee742e9bec6b8100fc9ca0295696a97248,2017-10-26T08:58:29.000Z,0.0001,0x4e62d92cbc923f02bfaff6cee0104cf9e87b08a9,buy,0x94d6b4fb35fb08cb34aa716ab40049ec88002079,0x4cbfc503165c0c1a398173189798ae899fd867778ee8af4ec25bddc37f24da7e
116,994.91576114,0.08158319190505611,0x24418ab1b19550b380652432eac1ab37bf3d0fa9,2017-10-26T07:54:27.000Z,0.0000820001,0x496c36e316bb4c703295a78ed1b64625240d4617,sell,0x94d6b4fb35fb08cb34aa716ab40049ec88002079,0x85643bb6b0014d0f321d6b196ddfd14093ba8d49fe9e9d828be6200a413c8766
117,986.94048449,0.08092911972818,0x9f7a7ac52a3e1b2d4acdcda0da13bb0b111e2ddd,2017-10-26T04:42:47.000Z,0.000082,0xe783cba3173b478004300f164b33e51aeba7790f,sell,0x94d6b4fb35fb08cb34aa716ab40049ec88002079,0xe35df8c44e79a6be2c5e5867b0d58d783a0887bb6e2e3603bb468a11568e04ba
118,499.15029417,0.0449235264753,0x5933ec2852dc662a5df3ba42744a8472e17c7866,2017-10-25T21:45:46.000Z,0.00009,0xb92a2ee85aa4726378adad1e0f8f1b899eb2c1f0,sell,0x94d6b4fb35fb08cb34aa716ab40049ec88002079,0x0b8d3081d166b165d7f072cef841bef819b723b7c57ee09c23bc507f64fd1cbd
119,997,0.1693903,0xfa7424ee742e9bec6b8100fc9ca0295696a97248,2017-10-25T13:53:07.000Z,0.0001699,0x24418ab1b19550b380652432eac1ab37bf3d0fa9,buy,0x94d6b4fb35fb08cb34aa716ab40049ec88002079,0x9bbfe6839178d65aebb9fc5f2e9475798369fd567ac6f5a10a026f91bcf68e30
120,76.83288313,0.0130615901321,0xb34f8e5c10cb528e2c3a42f0e7fb95d4a8fe1f8f,2017-10-25T12:58:52.000Z,0.00017,0x24418ab1b19550b380652432eac1ab37bf3d0fa9,sell,0x94d6b4fb35fb08cb34aa716ab40049ec88002079,0x1fbde421f56c8dbd528b3070dde1e5803f880c68c0d96efc7987bf4bfbce6c6d
121,98.71393098,0.0167813682666,0xb34f8e5c10cb528e2c3a42f0e7fb95d4a8fe1f8f,2017-10-25T12:56:18.000Z,0.00017,0x72e0d413183eff243b71085ffb3cce17a1c9fbcc,sell,0x94d6b4fb35fb08cb34aa716ab40049ec88002079,0xe8086059d667e9b0d01a2aad55efa3b2cf48a341b373e34b645c43f6ae6c7e63
122,349.736,0.0699472,0xb34f8e5c10cb528e2c3a42f0e7fb95d4a8fe1f8f,2017-10-25T12:29:31.000Z,0.0002,0x379b8889187b631e5abe905d9ff9a6dc365be7de,buy,0x94d6b4fb35fb08cb34aa716ab40049ec88002079,0x58ec79095251a9a7512df253d00760b1e87c27f9dd8eed367b90b7f291d74009
123,0.00000247,0.000000000495451278,0xb34f8e5c10cb528e2c3a42f0e7fb95d4a8fe1f8f,2017-10-25T12:18:19.000Z,0.00020058756194331982,0x379b8889187b631e5abe905d9ff9a6dc365be7de,buy,0x94d6b4fb35fb08cb34aa716ab40049ec88002079,0xaadc827c4c3b3ef8f8e6f68d227b30aca45fd35e953bdfbe170bbad05853966a
124,0.02259032,0.000004969871763143,0xb34f8e5c10cb528e2c3a42f0e7fb95d4a8fe1f8f,2017-10-25T12:17:06.000Z,0.0002200000603419075,0xeae46ec3c5f204697789b090d03d2d2c72791af6,buy,0x94d6b4fb35fb08cb34aa716ab40049ec88002079,0x4e868735bf26c8590e898466fdae81ea560a86e3a269f1a800cb7bc7e2e6f1a9
125,249.26391828,0.04985278365608136,0xb34f8e5c10cb528e2c3a42f0e7fb95d4a8fe1f8f,2017-10-25T12:14:18.000Z,0.0002000000000003264,0x379b8889187b631e5abe905d9ff9a6dc365be7de,buy,0x94d6b4fb35fb08cb34aa716ab40049ec88002079,0xc2fd2b381a47a37a0a4354c59b9b9e368d27140fe76914fd65e46b64b285caed
126,742.94686471,0.05274922739441,0x9285a6b79a604ac02a58b7cc182fae1bd3f81b6d,2017-10-24T22:00:53.000Z,0.000071,0xe2ede0c2140f5895c66e8c97479df8df2ab0d509,sell,0x94d6b4fb35fb08cb34aa716ab40049ec88002079,0x6a3fde359b0863a1d643c76dd67e3177eaac4ec7750e2e7e426fceb113d67428
127,250,0.0222,0x3150faf97bab22a72e6272d6a214b03cd3c334a5,2017-10-24T21:56:55.000Z,0.0000888,0xe2ede0c2140f5895c66e8c97479df8df2ab0d509,sell,0x94d6b4fb35fb08cb34aa716ab40049ec88002079,0xd7cd0abdd361d76e04da59390b0b2863c04777d6c0e1d1e4a7634ed685c95adc
128,50,0.01135,0x0d479199250a62931f4ccb5dec399235da1b6834,2017-10-24T19:09:39.000Z,0.000227,0x583b640795999aa2bb22c1a62a91336ff9d325bb,buy,0x94d6b4fb35fb08cb34aa716ab40049ec88002079,0x3df99c4f478ae697a6c9c8f2b53874b9e20a723bb2842f558abc64209edaa241
129,3008.19834824,0.211476343881272,0x59a78028b4b0303e07a42614f06a9db211768a0a,2017-10-24T12:46:26.000Z,0.0000703,0x8b3d10d73b0d1cf9d16d05265599d64e33f11b45,sell,0x94d6b4fb35fb08cb34aa716ab40049ec88002079,0xb98f643ada46dd2e0fca5d12d1282b40b6db5c80f4f6a8ad6cccefcebe563f42
130,35,0.0062999965,0x72e8c84ff9a91d71b0396f8c8541593c03eafe9c,2017-10-24T12:05:09.000Z,0.0001799999,0xeb01b2b3055babdfedb759cff2794782d418d6ad,buy,0x94d6b4fb35fb08cb34aa716ab40049ec88002079,0xbef71c5dc540138ee18f5c6a4bdc0dc3a18c9a1a4c88e80d72576dd20bd0c727
131,163.35882052,0.014506263262176,0x72e8c84ff9a91d71b0396f8c8541593c03eafe9c,2017-10-24T12:02:23.000Z,0.0000888,0x0f708bb6340efe1ae0a69cea648a31ed46e64f15,buy,0x94d6b4fb35fb08cb34aa716ab40049ec88002079,0x816c2319763ad3507324718f24b4c9ebc0f9494acd9e16ff680e87d81ed47804
132,986.94048449,0.069677998204994,0x9f7a7ac52a3e1b2d4acdcda0da13bb0b111e2ddd,2017-10-24T11:50:37.000Z,0.0000706,0xd5cfe47743f3ec0818e41ae87356022ecf1fb81a,sell,0x94d6b4fb35fb08cb34aa716ab40049ec88002079,0x9f645bfba6f44417da77c90e946da8957fcb2860f3524e7f5288a7ac32684cb2
133,94.71634841,0.006686974197746,0x9f7a7ac52a3e1b2d4acdcda0da13bb0b111e2ddd,2017-10-24T08:48:26.000Z,0.0000706,0xa45efeea7341f815160473a6ec611ec0725ee373,sell,0x94d6b4fb35fb08cb34aa716ab40049ec88002079,0x484160b746b698565e76af807d231fb2777ce40c418c887ff312bad1c9ad6a4a
134,1979,0.3958,0xa42e7220258adede7e13a5043c4d0141f13e990b,2017-10-24T08:31:43.000Z,0.0002,0x29269c5f91f7399cb3b89d90c08f934afebb460f,buy,0x94d6b4fb35fb08cb34aa716ab40049ec88002079,0xe61da1e3e5074a0a70266b910ebf119aca8eb6dda2f558c8bf50e67527b477f0
135,996,0.0884448,0xa42e7220258adede7e13a5043c4d0141f13e990b,2017-10-24T08:29:54.000Z,0.0000888,0x0549bbc301ef3e6cc8a78fecbd79881e8f4aa7f0,buy,0x94d6b4fb35fb08cb34aa716ab40049ec88002079,0xc6b96eb5819ba42aa498df10d068aa5eae88f21118e7e39f9f62fb7e82660dc8
136,2200,0.3938,0xa42e7220258adede7e13a5043c4d0141f13e990b,2017-10-24T08:27:29.000Z,0.000179,0x24418ab1b19550b380652432eac1ab37bf3d0fa9,buy,0x94d6b4fb35fb08cb34aa716ab40049ec88002079,0x51f1a15557e0698d5c98bfff7bb7ed1814caea1e440b6de89f0c7c79c9825305
137,986.94048449,0.069677998204994,0x9f7a7ac52a3e1b2d4acdcda0da13bb0b111e2ddd,2017-10-24T06:14:30.000Z,0.0000706,0x2c0b20c8dbb8610d1bf7d0b094dd094701bfaccb,sell,0x94d6b4fb35fb08cb34aa716ab40049ec88002079,0x1afd76669d80be258469d56d60f28bab85482df1340fdad50831aa3bd220712a
138,27.16096166,0.002411893395740992,0x8b3d10d73b0d1cf9d16d05265599d64e33f11b45,2017-10-24T03:05:34.000Z,0.00008880000001225994,0x0f708bb6340efe1ae0a69cea648a31ed46e64f15,buy,0x94d6b4fb35fb08cb34aa716ab40049ec88002079,0x1b93f1c3646e91d967be5ca52fda25ca645f2894f824c9cd1a323bd026103c0c
139,1708.03794401,0.120075067463903,0x59a78028b4b0303e07a42614f06a9db211768a0a,2017-10-23T22:43:58.000Z,0.0000703,0xe41ce247756d757e3060ec361c201be019bd54f6,sell,0x94d6b4fb35fb08cb34aa716ab40049ec88002079,0x2f8a6e57ac032cbeacc8637df8a0d3bdf66308ca6a1f9f649c7e744d6ab7c343
140,198.41472692,0.013948555302476,0x59a78028b4b0303e07a42614f06a9db211768a0a,2017-10-23T21:19:37.000Z,0.0000703,0x591b7a2e24d5d1100148e280d43c7aa34a9c48e1,sell,0x94d6b4fb35fb08cb34aa716ab40049ec88002079,0xb8fb36c5f5ea46871a5500f8617aee05651a94777cc9e071cc47f87bde9be115
141,298.12565594,0.020958233612582,0x59a78028b4b0303e07a42614f06a9db211768a0a,2017-10-23T21:12:28.000Z,0.0000703,0x591b7a2e24d5d1100148e280d43c7aa34a9c48e1,sell,0x94d6b4fb35fb08cb34aa716ab40049ec88002079,0xa8236bc672d8ae1c56cbf4da3abd398d8fcdd1782b1d16d757139297db748fdf
142,498.45479015,0.035041371747545,0x59a78028b4b0303e07a42614f06a9db211768a0a,2017-10-23T20:56:09.000Z,0.0000703,0x591b7a2e24d5d1100148e280d43c7aa34a9c48e1,sell,0x94d6b4fb35fb08cb34aa716ab40049ec88002079,0xc5b6dd4eeceb5c18c295137656e509e36c504832cc1c2dd1f99558416ce6ce2f
143,10971.98656473,0.771330655500519,0x59a78028b4b0303e07a42614f06a9db211768a0a,2017-10-23T20:33:05.000Z,0.0000703,0xd35cc4db1066b87373c5b83f2a033b4aabb8a1f2,sell,0x94d6b4fb35fb08cb34aa716ab40049ec88002079,0xd83013d94bd97f9d301a318b60da670e2069743fd45dfd7dbc302bdb4fcb9051
144,120.354582,0.0084609271146,0x59a78028b4b0303e07a42614f06a9db211768a0a,2017-10-23T20:13:19.000Z,0.0000703,0x0c1b090484e81f14d5751d850cb7955ec2c07df1,sell,0x94d6b4fb35fb08cb34aa716ab40049ec88002079,0x9427d5e8975455596d8b5952659d5f49c29fe2a6602572f932d3f39a0cfe0906
145,597.08895097,0.0419813241427007,0x583b640795999aa2bb22c1a62a91336ff9d325bb,2017-10-23T20:06:04.000Z,0.00007031,0x0f708bb6340efe1ae0a69cea648a31ed46e64f15,sell,0x94d6b4fb35fb08cb34aa716ab40049ec88002079,0xbbf463ffb425f18c584f3037fe34189f8ec6d3be11527df5cd7038cacd9feab0
146,200,0.01408,0x5104efc872d45dba3a97bf02aebe240dfc283321,2017-10-23T20:05:14.000Z,0.0000704,0x0f708bb6340efe1ae0a69cea648a31ed46e64f15,sell,0x94d6b4fb35fb08cb34aa716ab40049ec88002079,0x86d0dfa2d6cb7112a043371f8136c64bae5fbde977e0ed66b9f29557ad299ae7
147,998,0.070303112,0x583b640795999aa2bb22c1a62a91336ff9d325bb,2017-10-23T14:14:34.000Z,0.000070444,0x8347c79266a0b57f082cd10fc13899d8f9907032,buy,0x94d6b4fb35fb08cb34aa716ab40049ec88002079,0x408620b2256bb17f393d602e3118622b9215b55814f0a23ddd83afa72b15b27a
148,4602.303,0.324204632532,0xd35cc4db1066b87373c5b83f2a033b4aabb8a1f2,2017-10-23T13:59:35.000Z,0.000070444,0xe41ce247756d757e3060ec361c201be019bd54f6,sell,0x94d6b4fb35fb08cb34aa716ab40049ec88002079,0x72edcdb4fefac7e173fb4bcfe8a1500ddf894100ec31c3a2427fb6ea516a4857
149,397.69672309,0.02801534796135196,0xd35cc4db1066b87373c5b83f2a033b4aabb8a1f2,2017-10-23T11:52:33.000Z,0.000070444,0x60c4a0ee5d86f672ad45f487648b2b6c9c3dc44c,sell,0x94d6b4fb35fb08cb34aa716ab40049ec88002079,0xa112528d4f26ad32a63fcf9cfa9aef0b8659f7688a3fb4ef94bed79b27520ef9
150,409.98910706,0.0288263341173886,0x583b640795999aa2bb22c1a62a91336ff9d325bb,2017-10-23T09:43:26.000Z,0.00007031,0xb19b3e0c063cc59dbc132f664ecb35077748dceb,sell,0x94d6b4fb35fb08cb34aa716ab40049ec88002079,0x42f244810c5805acd1d63f47208c90e64c1ce8d0e13a64dca71af5d35f0bdc0f
151,537.10298076,0.0378979863224256,0x583b640795999aa2bb22c1a62a91336ff9d325bb,2017-10-23T09:41:19.000Z,0.00007056,0xb19b3e0c063cc59dbc132f664ecb35077748dceb,sell,0x94d6b4fb35fb08cb34aa716ab40049ec88002079,0x5e11e99b8578c4abff47ce65e0e39520bea2ab0f6ffecf9ab1ff5cff3a40c8f3
152,48.879,0.0034489071279,0x24418ab1b19550b380652432eac1ab37bf3d0fa9,2017-10-23T09:41:19.000Z,0.0000705601,0xb19b3e0c063cc59dbc132f664ecb35077748dceb,sell,0x94d6b4fb35fb08cb34aa716ab40049ec88002079,0x98dd12c12bf3a1de60b15badda526b3bfda7a15535c1de0b890cf7918b4ae1d7
153,199.44154578,0.014072615414391377,0x24418ab1b19550b380652432eac1ab37bf3d0fa9,2017-10-23T04:51:23.000Z,0.0000705601,0x72e0d413183eff243b71085ffb3cce17a1c9fbcc,sell,0x94d6b4fb35fb08cb34aa716ab40049ec88002079,0x7872be549453bd920dff00625ae99b13c0403d47b9d0b5b512511cffe6016fa0
154,994.91576114,0.07020135559761452,0x24418ab1b19550b380652432eac1ab37bf3d0fa9,2017-10-23T02:58:56.000Z,0.0000705601,0x44f49f442ff9829cd276bdb282cceb953bf38c7a,sell,0x94d6b4fb35fb08cb34aa716ab40049ec88002079,0x828f73cdf0df8d8d4c5635a9f59e3d24ce4192dd61a659c7b22038d8f9f1679d
155,1962.89701924,0.1385020136775744,0x583b640795999aa2bb22c1a62a91336ff9d325bb,2017-10-22T22:53:38.000Z,0.00007056,0xf81ab81ca1a6a19cc7b69b2c7876ff6543060598,sell,0x94d6b4fb35fb08cb34aa716ab40049ec88002079,0x43fe8a33a0d0950c779b1eb2a338be48bc486aa83ca5ad47adef7c63a02a12a0
156,5006,0.354865328,0xd35cc4db1066b87373c5b83f2a033b4aabb8a1f2,2017-10-22T22:52:46.000Z,0.000070888,0xf81ab81ca1a6a19cc7b69b2c7876ff6543060598,sell,0x94d6b4fb35fb08cb34aa716ab40049ec88002079,0x6dbe543ff1e2a62b60a6f80b14c086eb96c1eefae2dfacb97bfdaf23a81f3e8a
157,3994,0.395406,0xf81ab81ca1a6a19cc7b69b2c7876ff6543060598,2017-10-22T22:22:56.000Z,0.000099,0xd35cc4db1066b87373c5b83f2a033b4aabb8a1f2,buy,0x94d6b4fb35fb08cb34aa716ab40049ec88002079,0x2837d9b4b9b7c0570229a21837b719c6c5ea8800f800c0436129e83f98547b04
158,3000,0.285,0xf81ab81ca1a6a19cc7b69b2c7876ff6543060598,2017-10-22T22:22:20.000Z,0.000095,0xbbe8a1421d8583194bd959a640cb82225650c748,buy,0x94d6b4fb35fb08cb34aa716ab40049ec88002079,0x8970bd813c4c9c814a92270e03a2b5bf87a4a4754d88b33970ed332339eb923b
159,995.91267072,0.07027169763727027,0x24418ab1b19550b380652432eac1ab37bf3d0fa9,2017-10-22T22:11:30.000Z,0.0000705601,0x581100d834da91debebdfaf5df4edc660bd7af9c,sell,0x94d6b4fb35fb08cb34aa716ab40049ec88002079,0xc252eb4e9726d6b159a8b4ef9c513dc1c8feb151ccb571a4b77de60b9272162c
160,1,0.0000948,0xe1fa699860444be91d366c21de8fef56e3dec77a,2017-10-22T18:35:26.000Z,0.0000948,0xb93a5f4474449ae39d00c9be3146c4e2c1dd308b,buy,0x94d6b4fb35fb08cb34aa716ab40049ec88002079,0xe8c382b3eb6007a67c7b61c65cc9fb8f1c62bc2441dbed839c54c52887865091
161,995,0.0702072995,0x24418ab1b19550b380652432eac1ab37bf3d0fa9,2017-10-22T15:50:10.000Z,0.0000705601,0x15618b604bb1adfe5c450b84ecff2ef01bf4e615,sell,0x94d6b4fb35fb08cb34aa716ab40049ec88002079,0xb9b527f3bb6a090c7c04f316a9f77c2df5fce4dac7ea9c253d123ee6fd75a9b6
162,770.93510118,0.05439725783277092,0x24418ab1b19550b380652432eac1ab37bf3d0fa9,2017-10-22T15:14:47.000Z,0.0000705601,0x0e1bc9a1692a9831b83ff06f58600e3aeab9b899,sell,0x94d6b4fb35fb08cb34aa716ab40049ec88002079,0x58f609126ec502144fb0e501b744abdfaacab44177cc77e8be999f7ba12ec700
163,225,0.015975,0xe3d0a0d0fcdab0f65f97c5e29b3d413e827ca3ce,2017-10-22T15:11:08.000Z,0.000071,0x0e1bc9a1692a9831b83ff06f58600e3aeab9b899,sell,0x94d6b4fb35fb08cb34aa716ab40049ec88002079,0x6ce34af4d9ad96b26a18a63274c4927f48df4482f44d669f758819a2429e1efa
164,994.91576114,0.07020135559761452,0x24418ab1b19550b380652432eac1ab37bf3d0fa9,2017-10-22T13:48:18.000Z,0.0000705601,0xa517b2a4dccb6a15093084848309e0826eec1ab9,sell,0x94d6b4fb35fb08cb34aa716ab40049ec88002079,0x5667930af1f93da0f1aedc64025c24a9cc9f0caf9fb7ea85ac77bcec6d76edca
165,1,0.000099,0x97079c598f01269a9128cad8e2d1eb0a00b07cd3,2017-10-22T10:26:48.000Z,0.000099,0xd35cc4db1066b87373c5b83f2a033b4aabb8a1f2,buy,0x94d6b4fb35fb08cb34aa716ab40049ec88002079,0x8860bd45f184bb04511c1994888332cc7a35bc13aa5568a3d02dccf52a02c141
166,992.92194197,0.0698123417399107,0x583b640795999aa2bb22c1a62a91336ff9d325bb,2017-10-22T08:58:56.000Z,0.00007031,0x0e33a29dd142c3f2c07e2f5d7694f1a2dbda0db2,sell,0x94d6b4fb35fb08cb34aa716ab40049ec88002079,0x2bcda58c5b427c11d145af875676129c501e019955e619aaeeb08ad6f4e3f023
167,1284.36771163,0.10018196587485163,0x583b640795999aa2bb22c1a62a91336ff9d325bb,2017-10-22T04:25:08.000Z,0.000078001,0xe41ce247756d757e3060ec361c201be019bd54f6,sell,0x94d6b4fb35fb08cb34aa716ab40049ec88002079,0x49b2d8abdec6c39355d39abefd31b4142539b2febe84071dbd2afee1d76a8c1f
168,14.46176325,0.001129463709825,0x5104efc872d45dba3a97bf02aebe240dfc283321,2017-10-22T04:24:08.000Z,0.0000781,0xe41ce247756d757e3060ec361c201be019bd54f6,sell,0x94d6b4fb35fb08cb34aa716ab40049ec88002079,0x21846bedc130a180ab7abef614b63a23afd8d589f63db3d2e53f94b72be56f76
169,715.63228837,0.05582003412514837,0x583b640795999aa2bb22c1a62a91336ff9d325bb,2017-10-22T04:05:25.000Z,0.000078001,0xa10c5e6fae99844e9b5be17179c32654b8578281,sell,0x94d6b4fb35fb08cb34aa716ab40049ec88002079,0xc4686b5f05b2d09c2a12ca2a002d012585325c1216243c6208f12e1a71c2c6cf
170,221.48479714,0.01729530483906832,0xd35cc4db1066b87373c5b83f2a033b4aabb8a1f2,2017-10-22T04:02:58.000Z,0.000078088,0xa10c5e6fae99844e9b5be17179c32654b8578281,sell,0x94d6b4fb35fb08cb34aa716ab40049ec88002079,0xc0f52a2b5205d5bffc2c8e2b2d3129d2281f19535b43e8ce0cf999bc7af086f8
171,100,0.011,0xc99e7826b55c3bef1cbce70e0281e776c7a4b01b,2017-10-22T02:34:11.000Z,0.00011,0xe41ce247756d757e3060ec361c201be019bd54f6,buy,0x94d6b4fb35fb08cb34aa716ab40049ec88002079,0x102f7b75e3fba6d3a36268d1be7c49cef350cfafc36c25df4e35ae5d89c7617d
172,0.00034529,0.000000026967149,0x5104efc872d45dba3a97bf02aebe240dfc283321,2017-10-22T02:29:49.000Z,0.0000781,0x3f25972cb4f544cc2f5ba9f62fee16cde02fc1fc,sell,0x94d6b4fb35fb08cb34aa716ab40049ec88002079,0x8be3280fd18471db27a9419d799a102867588aa8f4b743128eab7b12256068ef
173,3.46362773,0.000270509325713,0x5104efc872d45dba3a97bf02aebe240dfc283321,2017-10-22T02:25:02.000Z,0.0000781,0x3f25972cb4f544cc2f5ba9f62fee16cde02fc1fc,sell,0x94d6b4fb35fb08cb34aa716ab40049ec88002079,0xd474123d8963a56ced7a3435c8e6d60e10cb99b1c983004dc0b61708db254c18
174,5,0.000555,0xedf5de3807d23e5d85b0caa1e10d52b85c2a6965,2017-10-21T23:23:42.000Z,0.000111,0xd35cc4db1066b87373c5b83f2a033b4aabb8a1f2,buy,0x94d6b4fb35fb08cb34aa716ab40049ec88002079,0x64d93d6a18949636126ff5311aa062ad360ae3f9ad1a9e1ee1619559f0bfb2be
175,992.92194197,0.07744791147366,0xe41ce247756d757e3060ec361c201be019bd54f6,2017-10-21T17:16:28.000Z,0.000078,0x32633a0ab702a216f03555376436b9e9b753ddd9,sell,0x94d6b4fb35fb08cb34aa716ab40049ec88002079,0x64ab810ebaabae8ab02fd1071c0b42d7a9bc239d762a241760a38899bfc833f4
176,992.92194197,0.07744791147366,0xe41ce247756d757e3060ec361c201be019bd54f6,2017-10-21T16:12:36.000Z,0.000078,0xf2181396f9fd91421d9bd5e0e6dbecadc3458393,sell,0x94d6b4fb35fb08cb34aa716ab40049ec88002079,0xa81a1a280184ead855c11ae367871feb99cc34f419a9353a90ac7610c5c39eef
177,2781.37772903,0.21719222410449465,0xd35cc4db1066b87373c5b83f2a033b4aabb8a1f2,2017-10-21T14:54:39.000Z,0.000078088,0x5c2b2c58d9c62e61bdddd709c21477a2daf297ca,sell,0x94d6b4fb35fb08cb34aa716ab40049ec88002079,0x6b6bb59a49baef27dac0ae9d313d137ab581d20182d2c6a2cabe2f2b5e1873db
178,3000,0.237,0xbbe8a1421d8583194bd959a640cb82225650c748,2017-10-21T14:49:46.000Z,0.000079,0x5c2b2c58d9c62e61bdddd709c21477a2daf297ca,sell,0x94d6b4fb35fb08cb34aa716ab40049ec88002079,0x61cf51243c6b8aa74e99435717f94deff4bca4874d9e7dbabfca6feb0b0ba606
179,897.21862227,0.07006200777581977,0xd35cc4db1066b87373c5b83f2a033b4aabb8a1f2,2017-10-21T14:34:59.000Z,0.000078088,0xc07cb95f618236b968b7518507162c95912ca7e6,sell,0x94d6b4fb35fb08cb34aa716ab40049ec88002079,0x12921a02706d46fcc3facb4c474e75b91f9bbb223e1c0d93f04626d6f9f66ddb
180,993.91885156,0.07761313528061728,0xd35cc4db1066b87373c5b83f2a033b4aabb8a1f2,2017-10-21T14:16:16.000Z,0.000078088,0x5c71f7ca58238adbffcb03ce76fb2f8640a015c5,sell,0x94d6b4fb35fb08cb34aa716ab40049ec88002079,0xd5358a208d533eb016c3410a2f10b6f18afd5580f295d845d06661d2d2ec52fa
181,0.00024717,0.000000032130603878,0x5104efc872d45dba3a97bf02aebe240dfc283321,2017-10-21T11:44:36.000Z,0.00012999394699194885,0x60c4a0ee5d86f672ad45f487648b2b6c9c3dc44c,buy,0x94d6b4fb35fb08cb34aa716ab40049ec88002079,0xcc0d1d0dc6f9a587822e44f9e29ab29e012ce0927a2a7f1668a6f0cad0581448
182,106,0.008277328,0xd35cc4db1066b87373c5b83f2a033b4aabb8a1f2,2017-10-21T11:44:36.000Z,0.000078088,0x422d4d1f8a9373dc8b75f3e1aeab786083f38a51,sell,0x94d6b4fb35fb08cb34aa716ab40049ec88002079,0x2cf4f4fbdd05c87b99ee410d8f6cf84a904cd0b4bccea3e2f6f9d3b1fffc1156
183,192.382,0.0150250342,0x5104efc872d45dba3a97bf02aebe240dfc283321,2017-10-21T11:44:05.000Z,0.0000781,0x422d4d1f8a9373dc8b75f3e1aeab786083f38a51,sell,0x94d6b4fb35fb08cb34aa716ab40049ec88002079,0xc9d25831d712a26e5296739b1405051863ad3c0029bfb5a139f3bb9f41312ead
184,0.00390078,0.00000030426084,0xe41ce247756d757e3060ec361c201be019bd54f6,2017-10-21T06:38:04.000Z,0.000078,0xf4a4799eff1bcacbf732540010c1f2bdbf627463,sell,0x94d6b4fb35fb08cb34aa716ab40049ec88002079,0x60bdfce3fdf1632f6c55244e924a8575850b8d164b5543b18497f9e5db900561
185,39.12870102,0.00305203867956,0xe41ce247756d757e3060ec361c201be019bd54f6,2017-10-21T06:37:03.000Z,0.000078,0xf4a4799eff1bcacbf732540010c1f2bdbf627463,sell,0x94d6b4fb35fb08cb34aa716ab40049ec88002079,0x5b355e27750a5eb8759330795899c05ebf8b60c624b3d93a5aa3407c5fcff2a3
186,250,0.019025,0x906e9be77e1a56d25f7149ffdbbaac3b606a0090,2017-10-21T06:19:14.000Z,0.0000761,0xf4a4799eff1bcacbf732540010c1f2bdbf627463,sell,0x94d6b4fb35fb08cb34aa716ab40049ec88002079,0xe760f03e5029a17efe1c6fdf0175624701744299e3d694e5e14954ce3266916f
187,498.45479015,0.03738410926125,0xe41ce247756d757e3060ec361c201be019bd54f6,2017-10-20T21:34:38.000Z,0.000075,0x5ceca7db267169ca6821edadc0bab80b346ce6c0,sell,0x94d6b4fb35fb08cb34aa716ab40049ec88002079,0x7534078f0ada4b609fa9aa9691dcb83f14a23deea48bd04a14b8aa16e2e94982
188,994.91576114,0.0746186820855,0xe41ce247756d757e3060ec361c201be019bd54f6,2017-10-20T21:20:31.000Z,0.000075,0xa54ffa43d11698bc300d924781518b71dd10f0a8,sell,0x94d6b4fb35fb08cb34aa716ab40049ec88002079,0xb161185be55c43f48646fc696a8db93b55e25fea1ea46de0d6acda856e8b4612
189,224.99953145,0.01687496485875,0xe41ce247756d757e3060ec361c201be019bd54f6,2017-10-20T19:33:07.000Z,0.000075,0xbf86b814f4080df86d784662ab0d8ae3e8938be8,sell,0x94d6b4fb35fb08cb34aa716ab40049ec88002079,0x8edd9e0c2a67fd67c2e99d36739b05e11a4e63102615535331cf0e4769c093fa
190,500,0.04,0xf4fd890e3ed61a67a6ad80d2c56bbee6eba18f96,2017-10-20T19:30:50.000Z,0.00008,0xbf86b814f4080df86d784662ab0d8ae3e8938be8,sell,0x94d6b4fb35fb08cb34aa716ab40049ec88002079,0x99aee0724a284ff9a8f3714750cf48191713b550c2aef20351f029b668afb624
191,35.99,0.003958953985,0x24418ab1b19550b380652432eac1ab37bf3d0fa9,2017-10-20T19:29:43.000Z,0.0001100015,0xbf86b814f4080df86d784662ab0d8ae3e8938be8,sell,0x94d6b4fb35fb08cb34aa716ab40049ec88002079,0x7e47eedb0817a3b6d878c690266dd013a454b57c236e5d16dfa86bfdd9fec796
192,35,0.00385042,0xeb01b2b3055babdfedb759cff2794782d418d6ad,2017-10-20T16:30:24.000Z,0.000110012,0xc8f222e1bd2c1a9f7ab6b8278148bc8760546501,sell,0x94d6b4fb35fb08cb34aa716ab40049ec88002079,0x4ff099a7d75dec89402c561cc36529900aca71b251e0c1e1f116b00a20589afe
193,200.844,0.0220950291996,0xe41ce247756d757e3060ec361c201be019bd54f6,2017-10-20T16:30:11.000Z,0.0001100109,0xc8f222e1bd2c1a9f7ab6b8278148bc8760546501,sell,0x94d6b4fb35fb08cb34aa716ab40049ec88002079,0x0614d90fd0faa0e1ea1df1447b24dd4716510fee28450d50e3b780a6c4e68a0b
194,750,0.07515,0x906e9be77e1a56d25f7149ffdbbaac3b606a0090,2017-10-20T16:28:14.000Z,0.0001002,0xc8f222e1bd2c1a9f7ab6b8278148bc8760546501,sell,0x94d6b4fb35fb08cb34aa716ab40049ec88002079,0x4eddfcdc44bda70dcf29db6e99cb2a92ba2486f892107d2ead20c118a7cafea7
195,994.99542976,0.1094594571778519,0x24418ab1b19550b380652432eac1ab37bf3d0fa9,2017-10-20T16:01:54.000Z,0.00011001000999999999,0x87a8f137b97c570a90629c1d0e1721e674f69def,sell,0x94d6b4fb35fb08cb34aa716ab40049ec88002079,0xf25c69b3a39fb351ad97aa7e2d3322e572a1f68f65180ea9b7fca6f228d51cad
196,799.15591543,0.08791586149677819,0xe41ce247756d757e3060ec361c201be019bd54f6,2017-10-20T15:40:06.000Z,0.0001100109,0x87a8f137b97c570a90629c1d0e1721e674f69def,sell,0x94d6b4fb35fb08cb34aa716ab40049ec88002079,0x94bba91f826273f8f08040ff16c7d197f78202aa7cb22a572b0f896e4a2f796e
197,398.7837087,0.0474552613353,0x60c4a0ee5d86f672ad45f487648b2b6c9c3dc44c,2017-10-20T14:38:49.000Z,0.000119,0xe39d61b353d12ea42452ac06e5aa7a39703cfe05,sell,0x94d6b4fb35fb08cb34aa716ab40049ec88002079,0xc3d9ed1b96471d501a28adf9e3eaf09074d8373d19f0d2b6a8da8e2eaa0c5159
198,398.7837087,0.0474552613353,0x60c4a0ee5d86f672ad45f487648b2b6c9c3dc44c,2017-10-20T14:38:37.000Z,0.000119,0xe39d61b353d12ea42452ac06e5aa7a39703cfe05,sell,0x94d6b4fb35fb08cb34aa716ab40049ec88002079,0xc3d9ed1b96471d501a28adf9e3eaf09074d8373d19f0d2b6a8da8e2eaa0c5159
199,0.59814574,0.000065802018838857,0x24418ab1b19550b380652432eac1ab37bf3d0fa9,2017-10-20T13:23:35.000Z,0.00011001000999999934,0xc4ad0b9174dbe86cbfb53a218074607cc261df6d,sell,0x94d6b4fb35fb08cb34aa716ab40049ec88002079,0x7bafd1d5fde074d7cf1ed5719e288d0944490f86f6ccfda9281b9c942f876015
200,10,0.0011,0xc37f102fa1cbcf95b37517b0fdb9f06844ab8d52,2017-10-20T11:49:49.000Z,0.00011,0x3422571794cd29a927580ed36b18b32ed11838a3,buy,0x94d6b4fb35fb08cb34aa716ab40049ec88002079,0x92f4329f64452f2e89a61049e72ebade91327d592b73d67007d3b49cdc2bb293
201,235,0.026085,0x5104efc872d45dba3a97bf02aebe240dfc283321,2017-10-20T09:37:26.000Z,0.000111,0xbf86b814f4080df86d784662ab0d8ae3e8938be8,sell,0x94d6b4fb35fb08cb34aa716ab40049ec88002079,0xc13c4c2d47a25e65f694daf51393fc83a1ae644ca1ef7f337dd6002822425056
202,995.91268068,0.10956036396073361,0x24418ab1b19550b380652432eac1ab37bf3d0fa9,2017-10-20T09:26:03.000Z,0.00011001000999999999,0xc23c54d0a7c2480249ed618ff067ac1aa9f0a7ca,sell,0x94d6b4fb35fb08cb34aa716ab40049ec88002079,0x6d8b6d681bea17ca302ee36c33505d0c8bcefd5191e91c6a6510c9301efb66da
203,165,0.018315,0x5104efc872d45dba3a97bf02aebe240dfc283321,2017-10-20T04:26:17.000Z,0.000111,0xa5f3d9c8f3d785a52a68c1ddee5ee47043431c29,sell,0x94d6b4fb35fb08cb34aa716ab40049ec88002079,0x0be33d958a5746d74d3ae54fedb68aa1aed00540b852aac8b69bf15ab790f6a1
204,300,0.036,0xad30fec292ca1f69d2501a3c80113feb5f347085,2017-10-20T04:26:17.000Z,0.00012,0xa5f3d9c8f3d785a52a68c1ddee5ee47043431c29,sell,0x94d6b4fb35fb08cb34aa716ab40049ec88002079,0xbd275878767b8a06449dd1f0b475c9767ae7f0eb1deb78c497525f4c9e57783b
205,400,0.04800004,0x24418ab1b19550b380652432eac1ab37bf3d0fa9,2017-10-20T04:26:17.000Z,0.0001200001,0xa5f3d9c8f3d785a52a68c1ddee5ee47043431c29,sell,0x94d6b4fb35fb08cb34aa716ab40049ec88002079,0x00a6de726a7e7a26598f2eb766e2b6fdd2a90d9c4a9792e128e1bfdd676c6f23
206,598.14574818,0.07177754959617481,0x24418ab1b19550b380652432eac1ab37bf3d0fa9,2017-10-20T04:13:56.000Z,0.0001200001,0x72e0d413183eff243b71085ffb3cce17a1c9fbcc,sell,0x94d6b4fb35fb08cb34aa716ab40049ec88002079,0xf9aaf5411a53cf32020ccad2099d303154fbb5e071effebbe8d88633bdce7bcd
207,995.91267072,0.1195095204864,0xad30fec292ca1f69d2501a3c80113feb5f347085,2017-10-20T00:31:29.000Z,0.00012,0x2a9c0f75d9cd08c1af69358c293b8611ff0b4996,sell,0x94d6b4fb35fb08cb34aa716ab40049ec88002079,0x5e03e4837aa9141bc3a97efdc54c3945433104328c3ce2dc90525989589b31c4
208,1,0.00018,0x6cdea8e07bf82d7a07dbf36642d6e5be8623845c,2017-10-19T22:47:39.000Z,0.00018,0xa54ffa43d11698bc300d924781518b71dd10f0a8,buy,0x94d6b4fb35fb08cb34aa716ab40049ec88002079,0xa746d984a2829f10bdb279f11c1d77398e65d8fdf01f1010e7ab3243143ec33d
209,199.38191606,0.0269165586681,0x9e73a00d5fc22c56a92ae0055286497a27ae144e,2017-10-19T21:38:59.000Z,0.000135,0xe39d61b353d12ea42452ac06e5aa7a39703cfe05,sell,0x94d6b4fb35fb08cb34aa716ab40049ec88002079,0x439e6e3e71a6285196c22c9d1186b2506f8c85ebfcc66e7245506a874424b61b
210,1000,0.198,0x9e73a00d5fc22c56a92ae0055286497a27ae144e,2017-10-19T21:17:09.000Z,0.000198,0x24418ab1b19550b380652432eac1ab37bf3d0fa9,buy,0x94d6b4fb35fb08cb34aa716ab40049ec88002079,0x59a030b682410515e2e94b52b02b290c0b8c4d36109d83afdb2c9c8b6d9184cc
211,899,0.177103,0x9e73a00d5fc22c56a92ae0055286497a27ae144e,2017-10-19T21:11:57.000Z,0.000197,0xf964233c8256d6ace30529d459dc31cc42987e20,buy,0x94d6b4fb35fb08cb34aa716ab40049ec88002079,0x51a4d4a1a0432039f2166e3f56fb7d9bfe56d33d730a8120d2ecd20b850019bf
212,900,0.1764,0x9e73a00d5fc22c56a92ae0055286497a27ae144e,2017-10-19T21:01:46.000Z,0.000196,0xbb36f40b0101f6dc486c50babde5d20c7952a877,buy,0x94d6b4fb35fb08cb34aa716ab40049ec88002079,0x47ba935b17c38788b1d2b0fd8d74c6f2ff3418040125ac52fff53b7eaf650a74
213,995.91267072,0.1195095204864,0xad30fec292ca1f69d2501a3c80113feb5f347085,2017-10-19T20:20:33.000Z,0.00012,0x96823a3b6bb81542ef87c4b9da35693f9ff22c53,sell,0x94d6b4fb35fb08cb34aa716ab40049ec88002079,0xa3033a33594762331c388102bc0a5ac6875e7fe7c54b1664804770176d5e4757
214,593.95573721,0.0712746884652,0xad30fec292ca1f69d2501a3c80113feb5f347085,2017-10-19T16:54:03.000Z,0.00012,0x33c7f9f85b207f8831296752664130dad3b74544,sell,0x94d6b4fb35fb08cb34aa716ab40049ec88002079,0x9e9ae87a43b43978f0e986668b959018d79f2f11bbaf537f24fc2509b1cecfbb
215,401,0.0495061367,0x60c4a0ee5d86f672ad45f487648b2b6c9c3dc44c,2017-10-19T16:52:36.000Z,0.0001234567,0x33c7f9f85b207f8831296752664130dad3b74544,sell,0x94d6b4fb35fb08cb34aa716ab40049ec88002079,0xa2d12a2fedc796cfd84fb05ddcb899e9702fcf2243e615835fa040e54828c9e9
216,0.36981146,0.0000443773752,0xad30fec292ca1f69d2501a3c80113feb5f347085,2017-10-19T15:38:24.000Z,0.00012,0xd3f9973b1987cf85f9e0bff8899b129a51c4ae88,sell,0x94d6b4fb35fb08cb34aa716ab40049ec88002079,0x1f7d7be97a16f9556fcd365f0c51b74f6814d5dd5f8ba9ae99d7509fdb0a3c1d
217,7,0.00084,0xad30fec292ca1f69d2501a3c80113feb5f347085,2017-10-19T15:37:31.000Z,0.00012,0xd3f9973b1987cf85f9e0bff8899b129a51c4ae88,sell,0x94d6b4fb35fb08cb34aa716ab40049ec88002079,0x7b412650d0d8b6d403e8c149761d9673ab930958246473d0a35322934cabb709
218,98.7338016,0.011848056192,0xad30fec292ca1f69d2501a3c80113feb5f347085,2017-10-19T15:37:31.000Z,0.00012,0xc721978e48b06c80b8f5750d89f30bd75128b735,sell,0x94d6b4fb35fb08cb34aa716ab40049ec88002079,0x03791d0565058bad02def89cd22baead1618ea8532401b898d7bd5f42a5c8be0
219,0.02265473,0.000004462983134314,0xd3f9973b1987cf85f9e0bff8899b129a51c4ae88,2017-10-19T15:14:05.000Z,0.00019700005845640182,0x0c1b090484e81f14d5751d850cb7955ec2c07df1,buy,0x94d6b4fb35fb08cb34aa716ab40049ec88002079,0x90391f1ee9c95347bc3f49fdce9a889a2f9866d6bd8d047fbbfb2e7a218e7306
220,227.24966406,0.04476818382030705,0xd3f9973b1987cf85f9e0bff8899b129a51c4ae88,2017-10-19T15:13:04.000Z,0.00019700000000214321,0x0c1b090484e81f14d5751d850cb7955ec2c07df1,buy,0x94d6b4fb35fb08cb34aa716ab40049ec88002079,0xdb0fcb27e6a999b19e9509b27d6a7eba5d36f52b348bac70fb5907abd30f78b6
221,2229.69722015,0.44370974680985,0xd3f9973b1987cf85f9e0bff8899b129a51c4ae88,2017-10-19T15:11:02.000Z,0.000199,0xad30fec292ca1f69d2501a3c80113feb5f347085,sell,0x94d6b4fb35fb08cb34aa716ab40049ec88002079,0x2e7a75818f60143d642080daf7c5a45b9ecd4a52197e4f3f632b1da00b54ef63
222,693.912,0.138088488,0xd3f9973b1987cf85f9e0bff8899b129a51c4ae88,2017-10-19T15:10:29.000Z,0.000199,0x7aa6e2506316f6d613277d4f2f4e4e1dc55e528e,sell,0x94d6b4fb35fb08cb34aa716ab40049ec88002079,0xda4f02e609b8b8420de949c24bf09b03cc23e308e4c975b6177d80d899bbb50b
223,696,0.13572,0x7aa6e2506316f6d613277d4f2f4e4e1dc55e528e,2017-10-19T15:10:29.000Z,0.000195,0xbe84115990e0be631cae78691a57f87bfb707028,buy,0x94d6b4fb35fb08cb34aa716ab40049ec88002079,0xda4f02e609b8b8420de949c24bf09b03cc23e308e4c975b6177d80d899bbb50b
224,1196.39077985,0.23808176519015,0xd3f9973b1987cf85f9e0bff8899b129a51c4ae88,2017-10-19T15:10:04.000Z,0.000199,0xd3f9973b1987cf85f9e0bff8899b129a51c4ae88,sell,0x94d6b4fb35fb08cb34aa716ab40049ec88002079,0x746993d2db8648bb7e7be65970c2b6bbed4a0983629b96c79368335fd510ae95
225,1000,0.193,0xd3f9973b1987cf85f9e0bff8899b129a51c4ae88,2017-10-19T15:09:39.000Z,0.000193,0x24418ab1b19550b380652432eac1ab37bf3d0fa9,buy,0x94d6b4fb35fb08cb34aa716ab40049ec88002079,0xf61ae9cad2c3afeb3b30dbeefae7b8b7d487272c0bbabd388b1a5bf659a2547d
226,200,0.0386,0xd3f9973b1987cf85f9e0bff8899b129a51c4ae88,2017-10-19T15:02:17.000Z,0.000193,0xbe84115990e0be631cae78691a57f87bfb707028,buy,0x94d6b4fb35fb08cb34aa716ab40049ec88002079,0xf2f920d270757b86f29e1bac05bec17b56156491f87c564e9657653ec5b72362
227,598.14574818,0.067859635131021,0x60c4a0ee5d86f672ad45f487648b2b6c9c3dc44c,2017-10-19T14:57:44.000Z,0.00011345,0x59ccf011f621a7005fc665b96a749bed17e60eb9,sell,0x94d6b4fb35fb08cb34aa716ab40049ec88002079,0x3547fd08ddb89ce1565eb362629cad22e1461103095a49ebdb99ed861441e55a
228,1.095,0.0001204516425,0x24418ab1b19550b380652432eac1ab37bf3d0fa9,2017-10-19T13:02:12.000Z,0.0001100015,0x4bb71d7114c86405686da40508b8cdd73a0b1c44,sell,0x94d6b4fb35fb08cb34aa716ab40049ec88002079,0xe99d445fbf017c359545deacff5c05cf751d1d7760e866861d277bb383ce4e56
229,995.91267072,0.10955188764820609,0x24418ab1b19550b380652432eac1ab37bf3d0fa9,2017-10-19T12:59:06.000Z,0.0001100015,0x4bb71d7114c86405686da40508b8cdd73a0b1c44,sell,0x94d6b4fb35fb08cb34aa716ab40049ec88002079,0x1741f3294692d035103f92aec489ec3ee4ae814ba5045035bd6855981ce4d81f
230,967.00229289,0.10637170272133933,0x24418ab1b19550b380652432eac1ab37bf3d0fa9,2017-10-19T12:32:29.000Z,0.0001100015,0x5ef6d2e282fbf88bd20178f2a75d9c3a19496f2c,sell,0x94d6b4fb35fb08cb34aa716ab40049ec88002079,0xecc1cb1c1b7c7f8343e157512ae63c7670dd54b2b4b3af99840e2eaf96bc523e
231,100,0.011,0x5104efc872d45dba3a97bf02aebe240dfc283321,2017-10-19T12:30:46.000Z,0.00011,0xbe84115990e0be631cae78691a57f87bfb707028,buy,0x94d6b4fb35fb08cb34aa716ab40049ec88002079,0x3965f12d5252b687675c2bd21a853bd3e261b1c2b743902a3dbd6ef9ca13016d
232,995.91267072,0.10955138970182984,0xe41ce247756d757e3060ec361c201be019bd54f6,2017-10-19T11:06:26.000Z,0.00011000100001,0xc30ff49429b3077fc2b9a910b072f2300dc41b9a,sell,0x94d6b4fb35fb08cb34aa716ab40049ec88002079,0xeada17d008734cf02b8e4479bb4f8facd6b38d5411c5cb4a191f54b529e37a9c
233,996.9095793,0.1096610506425484,0xe41ce247756d757e3060ec361c201be019bd54f6,2017-10-19T09:32:01.000Z,0.00011000100001,0xcc1b3cd47a84537ae51dbe35bae74803231b4b47,sell,0x94d6b4fb35fb08cb34aa716ab40049ec88002079,0xd11148cc5668aeb67a411d6c74dc08b98b01968d539b55bf696764a13ca6098c
234,80.13247149,0.015866229356993975,0x43cd4331a75308f4c0f1bc898da15c62b2383477,2017-10-19T07:28:24.000Z,0.00019800000002463387,0x906e9be77e1a56d25f7149ffdbbaac3b606a0090,buy,0x94d6b4fb35fb08cb34aa716ab40049ec88002079,0xbb000109e5f25ba540e8261df5cc233b58e404857db913b593bbfcc54c955977
235,992.92194197,0.0994908778775882,0x24418ab1b19550b380652432eac1ab37bf3d0fa9,2017-10-19T06:01:15.000Z,0.0001002001,0xe16df02476f4ac96ccb5a272bac2390777033823,sell,0x94d6b4fb35fb08cb34aa716ab40049ec88002079,0x4b36bd515f831eb010b38a896f181c4832cfcb02d2926440eacb33c044bcf005
236,996.90957033,0.09989043863802304,0x24418ab1b19550b380652432eac1ab37bf3d0fa9,2017-10-19T05:49:16.000Z,0.0001002001,0xbdf6e91249c335ddf3f656c465326a69c13e1eb0,sell,0x94d6b4fb35fb08cb34aa716ab40049ec88002079,0x94968d7fb6e78fa783d55aacb1de183f19e436bf7585563215125a3d3ff6bfa0
237,997,0.0997,0xe41ce247756d757e3060ec361c201be019bd54f6,2017-10-19T03:51:37.000Z,0.0001,0x1796c3f4e9e877a79df5923bf8be9ab925f7ded4,buy,0x94d6b4fb35fb08cb34aa716ab40049ec88002079,0xacdc35bd6982873fca1770b0a7b16811cee83095404d09c4042f8e4df11a73c0
238,988.93430365,0.098992323795365,0x43cd4331a75308f4c0f1bc898da15c62b2383477,2017-10-19T02:35:45.000Z,0.0001001,0x1be37c86ed926e265efa1ff3f17bd9263f2254a5,sell,0x94d6b4fb35fb08cb34aa716ab40049ec88002079,0x60594b88f8e6c2fae08149daf36348ee9afff454ee5b3c8c9f83e4b72b931fd9
239,480,0.07008,0x43cd4331a75308f4c0f1bc898da15c62b2383477,2017-10-19T02:26:18.000Z,0.000146,0x7bc819ae43d74a1adc80456bc7b0e232b07e78ba,buy,0x94d6b4fb35fb08cb34aa716ab40049ec88002079,0xa482b7379f3c3cd02571ebcccbe226a8ef37f5eb060ad8ae2f66cc5d3a350029
240,900,0.117,0x43cd4331a75308f4c0f1bc898da15c62b2383477,2017-10-19T02:24:17.000Z,0.00013,0xb93a5f4474449ae39d00c9be3146c4e2c1dd308b,buy,0x94d6b4fb35fb08cb34aa716ab40049ec88002079,0x4dd8835c662a30fd9721e73c2a49eca7bcc63fac42cf3ab77fc5981fd31bcc97
241,2263.67,0.29427483633,0x43cd4331a75308f4c0f1bc898da15c62b2383477,2017-10-19T02:23:14.000Z,0.000129999,0xc0b2cc48ee4aa3a77f4da72cf0d5df640b76f7ae,buy,0x94d6b4fb35fb08cb34aa716ab40049ec88002079,0xc45e9155faf2c06464e9f93ef300b84fc6fd6d2405a3724551b6a0a90f0825be
242,800,0.1119992,0x5104efc872d45dba3a97bf02aebe240dfc283321,2017-10-19T01:37:11.000Z,0.000139999,0xc0b2cc48ee4aa3a77f4da72cf0d5df640b76f7ae,buy,0x94d6b4fb35fb08cb34aa716ab40049ec88002079,0x5ecb18dd8148191ea4d6a58df3db0302f2d71a83f08e963a9cfd5883f8e9871c
243,500,0.07,0x5104efc872d45dba3a97bf02aebe240dfc283321,2017-10-19T01:02:07.000Z,0.00014,0x7bc819ae43d74a1adc80456bc7b0e232b07e78ba,buy,0x94d6b4fb35fb08cb34aa716ab40049ec88002079,0xdd97945e8d085a7525fb00d73c246db9df199c0b2da78b7284868445779addd6
244,175,0.027625325,0x5ceca7db267169ca6821edadc0bab80b346ce6c0,2017-10-18T21:54:49.000Z,0.000157859,0xc0b2cc48ee4aa3a77f4da72cf0d5df640b76f7ae,buy,0x94d6b4fb35fb08cb34aa716ab40049ec88002079,0x8a486c50c62db4842abf8683cf3dc11b16a9a14d1efadd74b73a3eaa67bd1249
245,0.00000099,0.000000000099,0x5104efc872d45dba3a97bf02aebe240dfc283321,2017-10-18T20:30:35.000Z,0.0001,0x573ec53b8fcb60e6f20eec96c8045933dd169a4c,sell,0x94d6b4fb35fb08cb34aa716ab40049ec88002079,0x21978cf1f611e8abfae4ce5f927f37debb2dcdef8eec98ce874b1e2900436e42
246,196.755,0.028922788245,0x5104efc872d45dba3a97bf02aebe240dfc283321,2017-10-18T18:13:47.000Z,0.000146999,0x60c4a0ee5d86f672ad45f487648b2b6c9c3dc44c,buy,0x94d6b4fb35fb08cb34aa716ab40049ec88002079,0x6424207f9deecc2d194d2537a0cfdf6f96092bd8ac2b059ab5979d3f8cd3c5f2
247,1,0.000157859,0x3ac636ac5c3a2576156ac5f10066ca68abe0ad54,2017-10-18T17:52:31.000Z,0.000157859,0xc0b2cc48ee4aa3a77f4da72cf0d5df640b76f7ae,buy,0x94d6b4fb35fb08cb34aa716ab40049ec88002079,0x7555d86c1876f576e813326fe42bb831701dee97898847953bae69be1ee9c0b1
248,0.13588875,0.000019975511166109,0x87a8f137b97c570a90629c1d0e1721e674f69def,2017-10-18T17:34:22.000Z,0.00014699900592292592,0x60c4a0ee5d86f672ad45f487648b2b6c9c3dc44c,buy,0x94d6b4fb35fb08cb34aa716ab40049ec88002079,0xa75e54189e8a47fe74882e83dc5a6444d060e31228a40883ec666dafaea48410
249,801.49741002,0.2003743525072276,0x87a8f137b97c570a90629c1d0e1721e674f69def,2017-10-18T17:27:08.000Z,0.0002500000000027793,0x60c4a0ee5d86f672ad45f487648b2b6c9c3dc44c,buy,0x94d6b4fb35fb08cb34aa716ab40049ec88002079,0x6565898a88866914df972be0085d5d4e9d0fdf5ed7ffcc2fae288b5bb8663905
250,3.16475726,0.0005,0x379374d13077e8867ef31803c37baf9785a17c00,2017-10-18T15:07:11.000Z,0.00015799000015565175,0xc0b2cc48ee4aa3a77f4da72cf0d5df640b76f7ae,buy,0x94d6b4fb35fb08cb34aa716ab40049ec88002079,0xefb78d608f30bad66bd1e65bb91e8482e52413b8c66d002b80acea82211062d3
251,3.16475726,0.0005,0xf9695cd65d6dfdf257fab76a3eb0cb8f001971cc,2017-10-18T15:05:45.000Z,0.00015799000015565175,0xc0b2cc48ee4aa3a77f4da72cf0d5df640b76f7ae,buy,0x94d6b4fb35fb08cb34aa716ab40049ec88002079,0xa38f37c8a080e6512a5554b30bb30bb79bd65766898d1d0c998b9d8c9bced040
252,650,0.1026935,0x87801fd159c21fd6680e4b17d99d4e29cf9efdfc,2017-10-18T14:44:31.000Z,0.00015799,0xc0b2cc48ee4aa3a77f4da72cf0d5df640b76f7ae,buy,0x94d6b4fb35fb08cb34aa716ab40049ec88002079,0xeef0b8658c02bd3ad34f32d8085c32a39b6a2f6e286c3c4496b1d2b13dc2b57e
253,6000.813,0.94806844587,0x87801fd159c21fd6680e4b17d99d4e29cf9efdfc,2017-10-18T14:23:36.000Z,0.00015799,0xc0b2cc48ee4aa3a77f4da72cf0d5df640b76f7ae,buy,0x94d6b4fb35fb08cb34aa716ab40049ec88002079,0xcee2e4975118f560b781ed29ae0e8be663ae317c3f1c0fd6390dd933b37b62bf
254,179,0.01969,0x87801fd159c21fd6680e4b17d99d4e29cf9efdfc,2017-10-18T14:21:17.000Z,0.00011,0x9c22df529608db2a630697f4660ada2d03c8b41f,buy,0x94d6b4fb35fb08cb34aa716ab40049ec88002079,0xfb1ecf212570301dd9fddc8991273c507759791863108cf472b28ccffe34a9b0
255,995.91267072,0.0946117037184,0xe586e8534d235dad3d46685daf7c1815f0962944,2017-10-18T11:32:08.000Z,0.000095,0xe677e2d5b13f03642f45df4e84720bd6a2a63073,sell,0x94d6b4fb35fb08cb34aa716ab40049ec88002079,0x09fc075be2805a2a0084c3516292db35f479a1d02ccc4cb6009d90610e1cdf3d
256,820,0.0902,0x5104efc872d45dba3a97bf02aebe240dfc283321,2017-10-18T11:06:32.000Z,0.00011,0x9c22df529608db2a630697f4660ada2d03c8b41f,buy,0x94d6b4fb35fb08cb34aa716ab40049ec88002079,0xd31f1be5e3bd53227568e57b569e47d232048c44573f3dcd77aec2aebda4ac3a
257,194.39736815,0.01846774997425,0xe586e8534d235dad3d46685daf7c1815f0962944,2017-10-18T10:51:01.000Z,0.000095,0x66a9baff2fad04af0f2c8da990569162e03cc63a,sell,0x94d6b4fb35fb08cb34aa716ab40049ec88002079,0x3819589389285a2d6a22f00d44190d0eb3ce0e7bc69f251b0875b75ec0ac7572
258,697.83670621,0.06629448708995,0xe586e8534d235dad3d46685daf7c1815f0962944,2017-10-18T09:38:55.000Z,0.000095,0x43208c384233cdc41247e140262559928905f45e,sell,0x94d6b4fb35fb08cb34aa716ab40049ec88002079,0xa97d391b221bff2e18ca3c6c98f6ed0b34a35f43c502061cbd2a70505a52f96b
259,100,0.0157,0x9fb0296d64b4fc3e54e5b80521d880d178f107ca,2017-10-18T09:16:43.000Z,0.000157,0xc0b2cc48ee4aa3a77f4da72cf0d5df640b76f7ae,sell,0x94d6b4fb35fb08cb34aa716ab40049ec88002079,0xd95acc5d6f8f1cc2641c336f146ba6588310d94589d5c2b90947f2a6a081874c
260,994.91576114,0.0945169973083,0xe586e8534d235dad3d46685daf7c1815f0962944,2017-10-18T09:06:55.000Z,0.000095,0x3162f2032ddce11a87098cc13fcc6117ebe92f95,sell,0x94d6b4fb35fb08cb34aa716ab40049ec88002079,0x870ecd06b060238397618a214c108901b77b1ed5f322d1aac24cef7ac5cac71d
261,0.00008844,0.000000013973231682,0x93f1c5a41785d8af088a4fdae3ead09cc9225e51,2017-10-18T08:38:13.000Z,0.00015799673995929442,0xc0b2cc48ee4aa3a77f4da72cf0d5df640b76f7ae,buy,0x94d6b4fb35fb08cb34aa716ab40049ec88002079,0x3aa0a1bb7040fbb8315ad89f308b47dcca761f783f88fa541efb6b432b688747
262,0.88717948,0.000140165486990329,0x93f1c5a41785d8af088a4fdae3ead09cc9225e51,2017-10-18T08:37:57.000Z,0.0001579900010653188,0xc0b2cc48ee4aa3a77f4da72cf0d5df640b76f7ae,buy,0x94d6b4fb35fb08cb34aa716ab40049ec88002079,0xc77241c3d70a3ba54beab18e5829297d8f08fec5815738c4560bf6c69de2a6d9
263,100,0.0198,0x93f1c5a41785d8af088a4fdae3ead09cc9225e51,2017-10-18T08:24:11.000Z,0.000198,0x906e9be77e1a56d25f7149ffdbbaac3b606a0090,buy,0x94d6b4fb35fb08cb34aa716ab40049ec88002079,0x48853488c76219d19916c7f72ef6d1412cfd42a7880dbd4c25693796898f2bde
264,994.91576114,0.092626657362134,0x43cd4331a75308f4c0f1bc898da15c62b2383477,2017-10-18T02:24:19.000Z,0.0000931,0xadddafd3f57fcd7f3d32e4e3e54628ae1c026d50,sell,0x94d6b4fb35fb08cb34aa716ab40049ec88002079,0x0291a26f13367afff7c5a7a28f83b25e164b6b6845367e0a302868b909dfa577
265,97.69713886,0.009095603627866,0x43cd4331a75308f4c0f1bc898da15c62b2383477,2017-10-18T02:19:20.000Z,0.0000931,0x1b5ffbf8985a3476bb5f5a6045b77f7ec2242fe9,sell,0x94d6b4fb35fb08cb34aa716ab40049ec88002079,0x78a6395fa3106a472c58ead55a0b04b556aa607d8a4179c131b0dd414e3ca23d
266,897.21862227,0.08344133187111,0xad30fec292ca1f69d2501a3c80113feb5f347085,2017-10-18T00:44:33.000Z,0.000093,0x4c96abeb9d04a9674702aaba560b9b2b99eb6bdd,sell,0x94d6b4fb35fb08cb34aa716ab40049ec88002079,0x160fbd60cc45ffb458aeb8d57cca27ce8f9870e23eab92f997be5a37dd9015b6
267,498.50448157,0.04636091678601,0xad30fec292ca1f69d2501a3c80113feb5f347085,2017-10-18T00:26:52.000Z,0.000093,0x12ecdad9268108d4cdb6c21da81e447ab12ad84d,sell,0x94d6b4fb35fb08cb34aa716ab40049ec88002079,0x9d8ae0353107b9ac9ee1782beb6f6e13b82b36e0db7f61417545c8efb947ac27
268,498.45479015,0.04635629548395,0xad30fec292ca1f69d2501a3c80113feb5f347085,2017-10-18T00:17:55.000Z,0.000093,0x12ecdad9268108d4cdb6c21da81e447ab12ad84d,sell,0x94d6b4fb35fb08cb34aa716ab40049ec88002079,0x10a25ffb49682b766156366548623f855cd17568ec08ff9ccb4e1df33c4ad982
269,0.00993832,0.00000092426376,0xad30fec292ca1f69d2501a3c80113feb5f347085,2017-10-18T00:00:42.000Z,0.000093,0x573ec53b8fcb60e6f20eec96c8045933dd169a4c,sell,0x94d6b4fb35fb08cb34aa716ab40049ec88002079,0xe2c6391e2e9d3846536fb7a8ca4fac87bb3f306b4faf8b7c1003e4092cb67529
270,24.92273951,0.00231781477443,0xad30fec292ca1f69d2501a3c80113feb5f347085,2017-10-17T22:23:22.000Z,0.000093,0xa87a6017687f5d7607a4dde37624fa8eec9b0d45,sell,0x94d6b4fb35fb08cb34aa716ab40049ec88002079,0xc6fbd548dd89e6d45fe7d4d59564957fa2fe28bf0f9b4dc8bf22d413c8bf591d
271,2082,0.4164,0x5104efc872d45dba3a97bf02aebe240dfc283321,2017-10-17T21:49:26.000Z,0.0002,0xc297ce89eb439223c078dc3f8f89d886de014e52,buy,0x94d6b4fb35fb08cb34aa716ab40049ec88002079,0xacb03dab4fbf49f6c798e7e375a73f326854ac78e0e03a8ff5fd29504f0c6d6a
272,398.76383212,0.03708503638716,0xad30fec292ca1f69d2501a3c80113feb5f347085,2017-10-17T21:36:42.000Z,0.000093,0xc721978e48b06c80b8f5750d89f30bd75128b735,sell,0x94d6b4fb35fb08cb34aa716ab40049ec88002079,0xb1aeec2cffb1cb67f89809a4259351804394536630c41afa4d41cdb28fdb5e11
273,55,0.0099,0x61c4c43c581c78b2701a693cd6b91aac6d237dc7,2017-10-17T21:27:32.000Z,0.00018,0x66a9baff2fad04af0f2c8da990569162e03cc63a,buy,0x94d6b4fb35fb08cb34aa716ab40049ec88002079,0x19bff50452bc9e6f93bc776e156b213c3159c7db2ba0e9290b7e702ce8ae0881
274,9.9690958,0.0009271259094,0xad30fec292ca1f69d2501a3c80113feb5f347085,2017-10-17T21:09:16.000Z,0.000093,0xaec851e352ca47534ff2b0867614320a32259302,sell,0x94d6b4fb35fb08cb34aa716ab40049ec88002079,0x1cafa28b85bf43cdb461559528902a33fb5de570fc1ef673f5fbe4ac26c23402
275,380.97697138,0.0350955986035256,0x43cd4331a75308f4c0f1bc898da15c62b2383477,2017-10-17T17:25:26.000Z,0.00009212,0xddbb1ece3954141400360005acc4c4edf05f635a,sell,0x94d6b4fb35fb08cb34aa716ab40049ec88002079,0xd004bc3e82c83ed7ad5fb4d631ccd7f22ecc307ddd13e7910c3b41e707201580
276,614,0.058050016,0x60c4a0ee5d86f672ad45f487648b2b6c9c3dc44c,2017-10-17T17:23:38.000Z,0.000094544,0xddbb1ece3954141400360005acc4c4edf05f635a,sell,0x94d6b4fb35fb08cb34aa716ab40049ec88002079,0x8367efa811b4182e9ebe0c6b0abfebb7b00495f364f2aa660350eac1de2e78ab
277,2.5,0.0005,0x16e5d97bbc92417e051e3b2cabfbf8ceea2acb9c,2017-10-17T17:23:20.000Z,0.0002,0x602f59437a73f31a87b28e393532c62cbb4715e4,buy,0x94d6b4fb35fb08cb34aa716ab40049ec88002079,0x433660f440ad3822123d165832076f0685fad1d6aa3ee4fe66ae4c53afd4503f
278,500,0.1295,0x5104efc872d45dba3a97bf02aebe240dfc283321,2017-10-17T15:59:53.000Z,0.000259,0x583b640795999aa2bb22c1a62a91336ff9d325bb,buy,0x94d6b4fb35fb08cb34aa716ab40049ec88002079,0xa86f706dee3a2d26915a00a329f8e8949d2363615924be11bc54d5684908f6f8
279,2.5,0.0005,0x42c24a83bded723edfdf5883bc7efb30bc1a1bf3,2017-10-17T15:04:40.000Z,0.0002,0x602f59437a73f31a87b28e393532c62cbb4715e4,buy,0x94d6b4fb35fb08cb34aa716ab40049ec88002079,0x1b93c21112122f707e8bc8dc5b6f2bf7106b224799a612ee08dceb65890637b6
280,488.53538578,0.04500441712697796,0x24418ab1b19550b380652432eac1ab37bf3d0fa9,2017-10-17T14:58:08.000Z,0.0000921211,0x50240902b1bd6d93746f19a68d0b3af50f887b93,sell,0x94d6b4fb35fb08cb34aa716ab40049ec88002079,0x5cd14ec1cc80c3a531a38e0c7ae80b9c15de9873a4f5ffb7a19d9c15400cac05
281,498.45479015,0.045918203568887164,0x24418ab1b19550b380652432eac1ab37bf3d0fa9,2017-10-17T14:48:32.000Z,0.0000921211,0x50240902b1bd6d93746f19a68d0b3af50f887b93,sell,0x94d6b4fb35fb08cb34aa716ab40049ec88002079,0xc853d6bc762e16e6101755d4a00ba1ba710a4bf2a03022ef81297564c66acef4
282,968.99611205,0.08914861130471205,0x43cd4331a75308f4c0f1bc898da15c62b2383477,2017-10-17T06:31:53.000Z,0.000092001,0x00a0e722f279445108b60a836b10fc34bf2aa9a7,sell,0x94d6b4fb35fb08cb34aa716ab40049ec88002079,0xd5814c62b8bbfb02711a7c06c3a1218b5f0572dad48cb8935614465484c6b252
283,451.46253998,0.1173215702652678,0x5933ec2852dc662a5df3ba42744a8472e17c7866,2017-10-17T05:55:11.000Z,0.0002598700000014734,0x8b3d10d73b0d1cf9d16d05265599d64e33f11b45,buy,0x94d6b4fb35fb08cb34aa716ab40049ec88002079,0xc305955833aa197efb192cdcf3719f8031fe38f126bcad5ee1b749cb68fef495
284,600,0.15588,0x5933ec2852dc662a5df3ba42744a8472e17c7866,2017-10-17T05:53:01.000Z,0.0002598,0x742097391f52639b70b68909d58c7a77e37ffd4f,buy,0x94d6b4fb35fb08cb34aa716ab40049ec88002079,0x70a093253ea4316bf3a6ff8dbff40b91d0e14aea515751c792b9644905a83dbe
285,999,0.259539201,0x5933ec2852dc662a5df3ba42744a8472e17c7866,2017-10-17T05:52:08.000Z,0.000259799,0xfd59cc9a0166c02d6d070cd464d42c863a22a251,buy,0x94d6b4fb35fb08cb34aa716ab40049ec88002079,0x640df3b92de55dc5deff6a71f53da4839749db345b613e42341e4957e742b815
286,998,0.2495,0x5933ec2852dc662a5df3ba42744a8472e17c7866,2017-10-17T05:52:08.000Z,0.00025,0xc7efa02ac0b40b43fae40465c3d44b307f723a1b,buy,0x94d6b4fb35fb08cb34aa716ab40049ec88002079,0x8197b7ccb37cfd6cd376355bc261b8fdfe3818c3e0042fd6d2ee865655724aa3
287,996.222,0.17931996,0x5933ec2852dc662a5df3ba42744a8472e17c7866,2017-10-17T05:51:07.000Z,0.00018,0x086aa4b5717ac85edffb76fc22130e52dbe9544b,buy,0x94d6b4fb35fb08cb34aa716ab40049ec88002079,0xbcef22b68c944ca17fc95f7bb97a366f15364f8950981c4806b437f9092e848d
288,2.77777777,0.0005,0xcd912af5286dc0b0a23edb30209734ecb60838b3,2017-10-17T05:02:30.000Z,0.000180000000504,0x086aa4b5717ac85edffb76fc22130e52dbe9544b,buy,0x94d6b4fb35fb08cb34aa716ab40049ec88002079,0x8ada4c2ba2f8f42b08ca6c9f49bfe7a4fdb8c48b6f1fcfe0539ff5fb64c9746c
289,550,0.142945,0x5104efc872d45dba3a97bf02aebe240dfc283321,2017-10-17T01:22:05.000Z,0.0002599,0x0c1b090484e81f14d5751d850cb7955ec2c07df1,buy,0x94d6b4fb35fb08cb34aa716ab40049ec88002079,0xb1443abc46545efe59bf493a6b72ea39d943afc62aa4831db1cdcd4b9143f048
290,995,0.2486505,0x195695bcb7aa0e6075017cc19935d06f306d9993,2017-10-17T00:15:48.000Z,0.0002499,0xb75d3ea10ab3e39aaf17385c470e781452ec11c6,buy,0x94d6b4fb35fb08cb34aa716ab40049ec88002079,0x23ff37ea3fbe86b07fd0b5eed535e0c9e7ec7ebcb800c2fee9becd5fa42ad28d
291,100,0.02599,0xb85d14ab22a69276e57f24130ce4215e5ffe7dc0,2017-10-16T21:35:37.000Z,0.0002599,0x0c1b090484e81f14d5751d850cb7955ec2c07df1,buy,0x94d6b4fb35fb08cb34aa716ab40049ec88002079,0x5e0952bcc150726abb9a3e30409b9ab7c07c01c82cc3183d1dc03ee3d47f0395
292,1000,0.18,0x5104efc872d45dba3a97bf02aebe240dfc283321,2017-10-16T20:26:52.000Z,0.00018,0x086aa4b5717ac85edffb76fc22130e52dbe9544b,buy,0x94d6b4fb35fb08cb34aa716ab40049ec88002079,0xc839a5c776149c8684db7880b4650e9be34dfd4fe44486cb86b4481e3f07639a
293,944.92074568,0.08598778785688,0x5104efc872d45dba3a97bf02aebe240dfc283321,2017-10-16T18:59:48.000Z,0.000091,0x26d5566873b7698519a875b6b3768a24db83a48f,sell,0x94d6b4fb35fb08cb34aa716ab40049ec88002079,0xda399c999a189a146e3b0eff1cc9be3cd30da78abaf1c23daecba3c60b508f79
294,588.8,0.1630976,0x5104efc872d45dba3a97bf02aebe240dfc283321,2017-10-16T18:18:35.000Z,0.000277,0x0b78f40529badd274ed9e54a529afa9d2ef96ff8,buy,0x94d6b4fb35fb08cb34aa716ab40049ec88002079,0x0ac88391c2c7cc0f280bfab729c2dd1b128f6c12859f3007b13658572a94419e
295,300,0.075,0x5104efc872d45dba3a97bf02aebe240dfc283321,2017-10-16T18:18:35.000Z,0.00025,0xe39d61b353d12ea42452ac06e5aa7a39703cfe05,buy,0x94d6b4fb35fb08cb34aa716ab40049ec88002079,0x93b0053e43b1bbf0b91ae39c3f87ae647ec62cd933207b56c9c6ac7e07c7e894
296,97.99982854,0.00980017885365708,0xad30fec292ca1f69d2501a3c80113feb5f347085,2017-10-16T17:59:04.000Z,0.000100002,0x51ca9a4707043be59e56c1db14d58dcbd955569e,buy,0x94d6b4fb35fb08cb34aa716ab40049ec88002079,0xfd64c1fddb42481919b4761d3e1a5df63a26c06351d6e9a64c3aacdce4252b72
297,995.91267072,0.07668527564544,0x43cd4331a75308f4c0f1bc898da15c62b2383477,2017-10-16T17:14:49.000Z,0.000077,0xe582b6853467c9de346244000f4855c8455f49d2,sell,0x94d6b4fb35fb08cb34aa716ab40049ec88002079,0x52444a90266f57da98fe4ce91b6b1a426573e8e35232d3158f35289c26c7134d
298,0.00017146,0.000000017146844781,0xad30fec292ca1f69d2501a3c80113feb5f347085,2017-10-16T16:59:57.000Z,0.00010000492698588592,0x51ca9a4707043be59e56c1db14d58dcbd955569e,buy,0x94d6b4fb35fb08cb34aa716ab40049ec88002079,0xcb6062b41610f71c77d5138317ed3b0203273f55b8a42a58057f02a135d6aa46
299,512.776,0.0512776,0xad30fec292ca1f69d2501a3c80113feb5f347085,2017-10-16T16:26:56.000Z,0.0001,0x60c4a0ee5d86f672ad45f487648b2b6c9c3dc44c,sell,0x94d6b4fb35fb08cb34aa716ab40049ec88002079,0x2df6310055264a892a87399ad50ea4e98b93563b2b19955999f89e1207af6ea9
300,97.78658346,0.009778658346,0xad30fec292ca1f69d2501a3c80113feb5f347085,2017-10-16T15:33:50.000Z,0.0001,0xd1aad7186a15f0619dde55d74bdde39df404ce9e,sell,0x94d6b4fb35fb08cb34aa716ab40049ec88002079,0xd35a3e8297f1f4adb74bc536395dab46b9dae1bc27d53aa32deaa286d39675a0
301,897.21862227,0.089721862227,0xad30fec292ca1f69d2501a3c80113feb5f347085,2017-10-16T15:30:46.000Z,0.0001,0xc2522dbe6aab1df0d319e0079b4ca9c918f90a99,sell,0x94d6b4fb35fb08cb34aa716ab40049ec88002079,0x9d4d87cbb60d16ab26ad22c74f2aedc591f661a9955d96267d4f4bb5a57f51f0
302,897.21862227,0.089721862227,0xad30fec292ca1f69d2501a3c80113feb5f347085,2017-10-16T15:29:22.000Z,0.0001,0xd1aad7186a15f0619dde55d74bdde39df404ce9e,sell,0x94d6b4fb35fb08cb34aa716ab40049ec88002079,0x561f1dbebfd8adaf99b3e7edd29cc34c1e36cb254b7958fce63c18994235bc83
303,900,0.0900018,0x660460f8ed4c7962e133a8d0870c17c564577dfb,2017-10-16T14:38:44.000Z,0.000100002,0x51ca9a4707043be59e56c1db14d58dcbd955569e,buy,0x94d6b4fb35fb08cb34aa716ab40049ec88002079,0x5afff9db4f83f30e2218ce8402f4663ffc7640a062f3036e23a0eda5afa2e56d
304,995.91267072,0.09959325889734144,0x8b3d10d73b0d1cf9d16d05265599d64e33f11b45,2017-10-16T13:25:37.000Z,0.000100002,0xa1ff9c3273f89ae97ef4343b36eca9c64f0012b6,sell,0x94d6b4fb35fb08cb34aa716ab40049ec88002079,0xefb3de538bf3b841b6ee222ce63b6cc011891ea062115eedb4ddd1b43996b797
305,995.91267072,0.09959325889734144,0x8b3d10d73b0d1cf9d16d05265599d64e33f11b45,2017-10-16T13:10:49.000Z,0.000100002,0xc4ad0b9174dbe86cbfb53a218074607cc261df6d,sell,0x94d6b4fb35fb08cb34aa716ab40049ec88002079,0x947954610f4a92d041752bd83e9f996c8d0eebf0e7d3859ed11e02f1bfb24f99
306,50,0.005,0xad30fec292ca1f69d2501a3c80113feb5f347085,2017-10-16T12:13:32.000Z,0.0001,0x26d5566873b7698519a875b6b3768a24db83a48f,sell,0x94d6b4fb35fb08cb34aa716ab40049ec88002079,0x51a022364d02603de5f159d3f6445ff292a8584fdc7ce451a779c4608ded758b
307,1998,0.55944,0x8b3d10d73b0d1cf9d16d05265599d64e33f11b45,2017-10-16T11:43:45.000Z,0.00028,0xad23b157e82040664ba0f62cc04863586eb74563,buy,0x94d6b4fb35fb08cb34aa716ab40049ec88002079,0x208eeaa1508f8d94caa783662b25015b3dc7bf9b4b12f6350d3983f28387d8e8
308,497,0.0502467,0x24418ab1b19550b380652432eac1ab37bf3d0fa9,2017-10-16T08:38:46.000Z,0.0001011,0x723fab9afab8fe66ea697d3e59446f2aea55539e,sell,0x94d6b4fb35fb08cb34aa716ab40049ec88002079,0x82143a8f05e4ea89b93786102dc006f50af27536704ff381b9f3da1d92271824
309,480,0.048576,0x9c6ac2e75787db8dcdb1039dd8a277553bae5db2,2017-10-16T08:31:44.000Z,0.0001012,0x723fab9afab8fe66ea697d3e59446f2aea55539e,sell,0x94d6b4fb35fb08cb34aa716ab40049ec88002079,0x1d0fec2ce8845b38077d152328b080754d4fb22b93fdd56f4b583649663d11f1
310,1000,0.101201,0x583b640795999aa2bb22c1a62a91336ff9d325bb,2017-10-16T08:01:18.000Z,0.000101201,0x24418ab1b19550b380652432eac1ab37bf3d0fa9,buy,0x94d6b4fb35fb08cb34aa716ab40049ec88002079,0xb55652557630b3dcc92b4ac88514ff3d84ed0554ff533b560090f149c6e5dde0
311,99,0.0100089,0x24418ab1b19550b380652432eac1ab37bf3d0fa9,2017-10-16T07:14:40.000Z,0.0001011,0x60c4a0ee5d86f672ad45f487648b2b6c9c3dc44c,sell,0x94d6b4fb35fb08cb34aa716ab40049ec88002079,0x0ad0c2e34d986056040712cf6027b87dec06de237606b486e7b313c7615ad241
312,995,0.100495,0x583b640795999aa2bb22c1a62a91336ff9d325bb,2017-10-16T06:33:57.000Z,0.000101,0x3c7bc94eb9add5b66e5fd843be72f4a6baff7130,sell,0x94d6b4fb35fb08cb34aa716ab40049ec88002079,0xbda5289c4835022dd77203678a2af805c279f7161c2bd0dba0871fb6e3db3206
313,784.385,0.0618722888,0x87b9b73864e5cd394643c269623af89bea7869d7,2017-10-16T05:45:50.000Z,0.00007888,0x638843769a89f012c866ed93adb6c42c285cd515,buy,0x94d6b4fb35fb08cb34aa716ab40049ec88002079,0x1025345baaf80ee397f52b49e1ceb79fa99b3558a995f0fd4937f913e4fba094
314,1894,0.60608,0x87b9b73864e5cd394643c269623af89bea7869d7,2017-10-16T05:42:21.000Z,0.00032,0x03779efad7c84eacaea6f3bb20c2f3d94033a2bd,buy,0x94d6b4fb35fb08cb34aa716ab40049ec88002079,0x6cd03d7bc1b8ded3313090dbde08c812ef1f18122b33cde9966ea27ad35fdb49
315,130,0.00988,0x5104efc872d45dba3a97bf02aebe240dfc283321,2017-10-16T05:37:17.000Z,0.000076,0x638843769a89f012c866ed93adb6c42c285cd515,sell,0x94d6b4fb35fb08cb34aa716ab40049ec88002079,0x601631879ac2e2c95c293c72e2b0b0874dad72fb717f173b9dfbf32ae630058d
316,75,0.0225,0xad30fec292ca1f69d2501a3c80113feb5f347085,2017-10-16T05:33:45.000Z,0.0003,0x638843769a89f012c866ed93adb6c42c285cd515,sell,0x94d6b4fb35fb08cb34aa716ab40049ec88002079,0xb71fd5e820d89258f4e4775954f09a3d2b670f1bdc662821523214c49c495176
317,1125.749,0.31520972,0x1b02cdfd83fa1e5fd0f3931ceb74594a128b0eb6,2017-10-16T05:32:02.000Z,0.00028,0x583b640795999aa2bb22c1a62a91336ff9d325bb,sell,0x94d6b4fb35fb08cb34aa716ab40049ec88002079,0xd57fafb74238bca8b5a4a50f8e16f54192467eafa0b8c5904de51ec10b01ff3a
318,993.91885156,0.2782972784368,0x1b02cdfd83fa1e5fd0f3931ceb74594a128b0eb6,2017-10-16T05:26:58.000Z,0.00028,0x5918c0ba4c600b617fe376d1408c9a5132707ba1,sell,0x94d6b4fb35fb08cb34aa716ab40049ec88002079,0x19d6e344ad68008e6eba303767419341ce485bebc183ac54baea12cd8086b46c
319,897,0.22425,0x1d5321e125f6c7079a716705541c7b371ca79e69,2017-10-16T05:05:10.000Z,0.00025,0x6f8d0c0a2b28df39cf2a4727d3ecfb60e9ddad27,buy,0x94d6b4fb35fb08cb34aa716ab40049ec88002079,0x314f1fcd55d4a067ed38a09c394e64df06c3dea7ca381594118cedc726999567
320,894.31704885,0.250408773678,0x1b02cdfd83fa1e5fd0f3931ceb74594a128b0eb6,2017-10-16T05:05:10.000Z,0.00028,0x1d5321e125f6c7079a716705541c7b371ca79e69,sell,0x94d6b4fb35fb08cb34aa716ab40049ec88002079,0x314f1fcd55d4a067ed38a09c394e64df06c3dea7ca381594118cedc726999567
321,995.01495513,0.2786041874364,0x1b02cdfd83fa1e5fd0f3931ceb74594a128b0eb6,2017-10-16T04:59:20.000Z,0.00028,0x1d5321e125f6c7079a716705541c7b371ca79e69,sell,0x94d6b4fb35fb08cb34aa716ab40049ec88002079,0x755cf67244955add008073f47cc1ae6c26c812b4de5c7a5a0460d5b4552ac5d7
322,998,0.19461,0x1d5321e125f6c7079a716705541c7b371ca79e69,2017-10-16T04:59:20.000Z,0.000195,0xbc7cbebf6260af55d3b9f51fdedd461166bcd83d,buy,0x94d6b4fb35fb08cb34aa716ab40049ec88002079,0x755cf67244955add008073f47cc1ae6c26c812b4de5c7a5a0460d5b4552ac5d7
323,2991,0.83748,0x1b02cdfd83fa1e5fd0f3931ceb74594a128b0eb6,2017-10-16T04:56:58.000Z,0.00028,0xfe423f6b9b3aa093cc08831d9b106027f97e132e,sell,0x94d6b4fb35fb08cb34aa716ab40049ec88002079,0x07b99015d2883339e0f576b9c18851f75493f8ebebbdc2518ce855122b026541
324,3000,0.6,0xfe423f6b9b3aa093cc08831d9b106027f97e132e,2017-10-16T04:56:58.000Z,0.0002,0x6f8d0c0a2b28df39cf2a4727d3ecfb60e9ddad27,buy,0x94d6b4fb35fb08cb34aa716ab40049ec88002079,0x07b99015d2883339e0f576b9c18851f75493f8ebebbdc2518ce855122b026541
325,1000,0.076,0xe205750b41e84437d3f2e9f58acf11977f037df8,2017-10-16T03:05:50.000Z,0.000076,0x6f8d0c0a2b28df39cf2a4727d3ecfb60e9ddad27,sell,0x94d6b4fb35fb08cb34aa716ab40049ec88002079,0x2b5b0710db96d56bbad014522a6f8eb1071845368c1ef1478568a63169d33156
326,994.91576114,0.0746286312431114,0x24418ab1b19550b380652432eac1ab37bf3d0fa9,2017-10-15T16:21:40.000Z,0.00007501,0xf7a84ecc4c2a6ae1921ddedddbe86d16016f23b1,sell,0x94d6b4fb35fb08cb34aa716ab40049ec88002079,0x5410a85324889a950a047241ae7a0c17f263190e550918c2a6be8ec69bcac3da
327,19.9381916,0.001495563751916,0x24418ab1b19550b380652432eac1ab37bf3d0fa9,2017-10-15T14:46:34.000Z,0.00007501,0xf781b774a458d2bf6fb053d8715029067e718a62,sell,0x94d6b4fb35fb08cb34aa716ab40049ec88002079,0x28afa4b127a597416f012208ce59e551ead7f4a798e2ac1899e0ef7a0fd5e287
328,32,0.0048,0xe205750b41e84437d3f2e9f58acf11977f037df8,2017-10-15T14:30:35.000Z,0.00015,0x24418ab1b19550b380652432eac1ab37bf3d0fa9,sell,0x94d6b4fb35fb08cb34aa716ab40049ec88002079,0x43b1ba311ebf47c49645ac6cfd224a4357c5b71c55dcaa43e528373fd35c9664
329,100,0.015,0x24418ab1b19550b380652432eac1ab37bf3d0fa9,2017-10-15T14:13:49.000Z,0.00015,0x08f07a8767d4034fc83903cbfdfaedc67a2812b3,buy,0x94d6b4fb35fb08cb34aa716ab40049ec88002079,0x84774865ce1f9a69f8711ded1ee496f7ee5c6766c48054cc49cd3402cba4305a
330,100,0.015,0x24418ab1b19550b380652432eac1ab37bf3d0fa9,2017-10-15T14:13:15.000Z,0.00015,0x08f07a8767d4034fc83903cbfdfaedc67a2812b3,buy,0x94d6b4fb35fb08cb34aa716ab40049ec88002079,0xa0efe300fd3f7c0ff0047e94b8fd18210686f919f0710aa1783c716060c99135
331,97,0.01455,0x602f59437a73f31a87b28e393532c62cbb4715e4,2017-10-15T08:54:52.000Z,0.00015,0x5e08c6532eae2d249fb2f94faba1eb4ef0c10c8c,sell,0x94d6b4fb35fb08cb34aa716ab40049ec88002079,0x45eb12771708fce5e4a9c6a9b63d3b53322e9dcef02621aa476fce5b4f283db5
332,1333,0.19995,0xc297ce89eb439223c078dc3f8f89d886de014e52,2017-10-15T08:07:58.000Z,0.00015,0x5e08c6532eae2d249fb2f94faba1eb4ef0c10c8c,sell,0x94d6b4fb35fb08cb34aa716ab40049ec88002079,0x59261c9fa386f37d7ec8a4a707276d308fe6b788a78be09bc24dc8da250fba32
333,542.881,0.081975031,0xbbe8a1421d8583194bd959a640cb82225650c748,2017-10-15T08:04:36.000Z,0.000151,0x5e08c6532eae2d249fb2f94faba1eb4ef0c10c8c,sell,0x94d6b4fb35fb08cb34aa716ab40049ec88002079,0xa12d5a99a40d035af15e9fa8621f3699b8e93eb169ec4899adbbb2533d65731a
334,965.098,0.146694896,0x7911b1e11453219e48ade054e4e5e30c4dea7bac,2017-10-15T08:02:53.000Z,0.000152,0x5e08c6532eae2d249fb2f94faba1eb4ef0c10c8c,sell,0x94d6b4fb35fb08cb34aa716ab40049ec88002079,0x787bf87c448d0273ae2e141ba650c3e6cdbae5e78cbe71a7324c1f628407c81b
335,1096.265,0.15566963,0x221add9677315fd8a709636b12a3902b77549c81,2017-10-15T08:01:41.000Z,0.000142,0x5e08c6532eae2d249fb2f94faba1eb4ef0c10c8c,sell,0x94d6b4fb35fb08cb34aa716ab40049ec88002079,0x21cfc0620b49622462927fb1bb3ffe03befe6e4010606b827893f49ae6bfe5b1
336,1079,0.152258769,0xa2c07f21330ea28073d6217d42ba52f4ffdb76c2,2017-10-15T08:00:49.000Z,0.000141111,0x5e08c6532eae2d249fb2f94faba1eb4ef0c10c8c,sell,0x94d6b4fb35fb08cb34aa716ab40049ec88002079,0xe165306cc2471b0f09f3ac51e08d07651a14af7448e18d303dbaab4734ca4a75
337,1000,0.14,0xaa85b24ac88a0a235f1977821194adce1cda9144,2017-10-15T07:59:52.000Z,0.00014,0x5e08c6532eae2d249fb2f94faba1eb4ef0c10c8c,sell,0x94d6b4fb35fb08cb34aa716ab40049ec88002079,0x77f073831ab2260de376a06edbda7090fcc668fcadfb9ff69fda3baaa7d52ad9
338,1000,0.366,0x660460f8ed4c7962e133a8d0870c17c564577dfb,2017-10-15T03:43:32.000Z,0.000366,0x0bf2deb58b6775b53d2a0bd75e28deb0246efabc,buy,0x94d6b4fb35fb08cb34aa716ab40049ec88002079,0xa6306904ffa8dac1755c98d064e6b3352c281ea90a2b02657cc989a08545b322
339,34.90158163,0.00530504040776,0x7911b1e11453219e48ade054e4e5e30c4dea7bac,2017-10-15T03:32:42.000Z,0.000152,0xe9ab3923480003bc0aea91b8af5418ae00210d1b,sell,0x94d6b4fb35fb08cb34aa716ab40049ec88002079,0x36c754de6f1392dbdd6e3f07dd718488f96db789b5887780cc3cbe6123c14961
340,998,0.3481024,0x7911b1e11453219e48ade054e4e5e30c4dea7bac,2017-10-15T03:21:08.000Z,0.0003488,0x660460f8ed4c7962e133a8d0870c17c564577dfb,buy,0x94d6b4fb35fb08cb34aa716ab40049ec88002079,0x68b98871dee983fe707e785fec074f7bd70b837860ab7cadd1fb147a201c2d9d
341,97.76531726,0.01476256290626,0xbbe8a1421d8583194bd959a640cb82225650c748,2017-10-15T03:20:37.000Z,0.000151,0xe9ab3923480003bc0aea91b8af5418ae00210d1b,sell,0x94d6b4fb35fb08cb34aa716ab40049ec88002079,0xd3d56ccff2323e0daaa3951d6f1d31d019537aff6e1548d92b2ecdccd4d06556
342,683.89746348,0.10326851698548,0xbbe8a1421d8583194bd959a640cb82225650c748,2017-10-15T02:43:06.000Z,0.000151,0xe9ab3923480003bc0aea91b8af5418ae00210d1b,sell,0x94d6b4fb35fb08cb34aa716ab40049ec88002079,0x2b4fa466f571c78ee5be38416f0fbb10f2bede2218f93b07b4b43741b3f5dc19
343,175.45608613,0.02649386900563,0xbbe8a1421d8583194bd959a640cb82225650c748,2017-10-15T02:32:23.000Z,0.000151,0xe9ab3923480003bc0aea91b8af5418ae00210d1b,sell,0x94d6b4fb35fb08cb34aa716ab40049ec88002079,0xf9cd5c2e614af4105ef1d1588c2ccada53603bbb65355502d3e7d32172fc06d8
344,175.45608613,0.02649386900563,0xbbe8a1421d8583194bd959a640cb82225650c748,2017-10-15T02:31:57.000Z,0.000151,0xe9ab3923480003bc0aea91b8af5418ae00210d1b,sell,0x94d6b4fb35fb08cb34aa716ab40049ec88002079,0xf9cd5c2e614af4105ef1d1588c2ccada53603bbb65355502d3e7d32172fc06d8
345,250,0.1,0x4454847b528907f6819a6696491370060a37e5d0,2017-10-14T20:55:56.000Z,0.0004,0xc297ce89eb439223c078dc3f8f89d886de014e52,buy,0x94d6b4fb35fb08cb34aa716ab40049ec88002079,0x8bb033023c3cef36a69873c84444183e3379cc477eeaf8a5369d9cf8ed05b9a3
346,100,0.015,0x34b62809df67ca50355e34c62035f0f349e001c7,2017-10-14T18:35:38.000Z,0.00015,0x08f07a8767d4034fc83903cbfdfaedc67a2812b3,buy,0x94d6b4fb35fb08cb34aa716ab40049ec88002079,0xc1e91fb7b5d5db7c6a2b4c9cfe65712ae91a048540552602bb019906c989b6a0
347,121,0.017074431,0xa2c07f21330ea28073d6217d42ba52f4ffdb76c2,2017-10-14T18:20:28.000Z,0.000141111,0xb92a2ee85aa4726378adad1e0f8f1b899eb2c1f0,sell,0x94d6b4fb35fb08cb34aa716ab40049ec88002079,0xf5f1f180778166928be3a1cc89b48f61a20455002f8fd0a9e0b420766ed8822f
348,135.781,0.02036715,0xc297ce89eb439223c078dc3f8f89d886de014e52,2017-10-14T18:15:46.000Z,0.00015,0xb92a2ee85aa4726378adad1e0f8f1b899eb2c1f0,sell,0x94d6b4fb35fb08cb34aa716ab40049ec88002079,0xad8d871cc7af6d9e8b5f61f4fe47938561c7de0726180ce3beb02f072f69dd00
349,190.0309042,0.0286946665342,0x5e08c6532eae2d249fb2f94faba1eb4ef0c10c8c,2017-10-14T18:15:23.000Z,0.000151,0xb92a2ee85aa4726378adad1e0f8f1b899eb2c1f0,sell,0x94d6b4fb35fb08cb34aa716ab40049ec88002079,0x11c50ed61a4d35e41b1f5310f261dfd1ec31bde13e5ddb6d07149827ebc11adf
350,897.21862227,0.1345827933405,0xc297ce89eb439223c078dc3f8f89d886de014e52,2017-10-14T17:59:49.000Z,0.00015,0x44e7b0debea53d7da0c0adf07002ea80674e751e,sell,0x94d6b4fb35fb08cb34aa716ab40049ec88002079,0x2cadc80ac0cd0d42ec3103e4ecf2be9e9424c406bed8c8bbdac3772d46b4f8ea
351,9.9690958,0.0015053334658,0x5e08c6532eae2d249fb2f94faba1eb4ef0c10c8c,2017-10-14T17:35:46.000Z,0.000151,0xa35a176b2ad53082a08f8b22250c00a1408479d8,sell,0x94d6b4fb35fb08cb34aa716ab40049ec88002079,0x4362e997bf6bdf1c1ef34c832cde91f00a3e7930986406489bdff854ea754155
352,300,0.045,0xc297ce89eb439223c078dc3f8f89d886de014e52,2017-10-14T17:16:24.000Z,0.00015,0x08f07a8767d4034fc83903cbfdfaedc67a2812b3,sell,0x94d6b4fb35fb08cb34aa716ab40049ec88002079,0x9bb3e1824a49211d8c1f390554d9f89cd0bba2bb514f2cc76fe64f3d0449f5f8
353,50,0.01000005,0x971f30c325d9924ad472adf0bf98702502baad93,2017-10-14T17:00:05.000Z,0.000200001,0xb92a2ee85aa4726378adad1e0f8f1b899eb2c1f0,sell,0x94d6b4fb35fb08cb34aa716ab40049ec88002079,0xe485704d278fefcaf197a08b7116df5e402161608e6dc23a995869b4953ca03d
354,123,0.08364,0xb4ece4ea5e7e47b0bf6025c36a8d19fa1cf2e314,2017-10-14T14:42:22.000Z,0.00068,0x0dbb0cff7c9515fc56d352ee37aeeefdf43b25fe,buy,0x94d6b4fb35fb08cb34aa716ab40049ec88002079,0x72afe5c78ac8f15a6035b54c24ce7c1d1d36aaad0399ae7457de3b863e0294c4
355,500,0.19,0xb4ece4ea5e7e47b0bf6025c36a8d19fa1cf2e314,2017-10-14T14:20:49.000Z,0.00038,0x62759fbe35a4ea9c7ff723e63ec9172a5bd033ca,buy,0x94d6b4fb35fb08cb34aa716ab40049ec88002079,0x6da86871cb2911b5dd9af432e604f3f458c0bed806e89f249acdae9266b92bd3
356,0.00000004,0.0000000000062022,0xb4ece4ea5e7e47b0bf6025c36a8d19fa1cf2e314,2017-10-14T12:18:51.000Z,0.000155055,0x5f5f91bf5befea75db3bc5948e19c523993e0a87,sell,0x94d6b4fb35fb08cb34aa716ab40049ec88002079,0x0aff639d03153cb35dbd86a34da5f26f10fd02aa8c7564a5e3d8e46e20c5fe32
357,400,0.1556,0xb4ece4ea5e7e47b0bf6025c36a8d19fa1cf2e314,2017-10-14T12:17:49.000Z,0.000389,0x221add9677315fd8a709636b12a3902b77549c81,buy,0x94d6b4fb35fb08cb34aa716ab40049ec88002079,0x79672f5960c448971dfbfcf062e1e88c40c19343d33bd7abcbb536f385957d4f
358,500,0.155,0xb4ece4ea5e7e47b0bf6025c36a8d19fa1cf2e314,2017-10-14T12:05:01.000Z,0.00031,0x0dbb0cff7c9515fc56d352ee37aeeefdf43b25fe,buy,0x94d6b4fb35fb08cb34aa716ab40049ec88002079,0xa47a69451586102d9e6c17dc682482fa45babcfa59fa89e268253d5f667d4a60
359,500,0.185,0x1ae87388094c19a797b483bc893790ea785b36b1,2017-10-14T11:59:16.000Z,0.00037,0xeae46ec3c5f204697789b090d03d2d2c72791af6,buy,0x94d6b4fb35fb08cb34aa716ab40049ec88002079,0x6a093e01f5004c83f6bc9c304db6eca84d1d94e7b2b768223a9950c08c151ca3
360,500,0.185,0x1ae87388094c19a797b483bc893790ea785b36b1,2017-10-14T11:58:22.000Z,0.00037,0xeae46ec3c5f204697789b090d03d2d2c72791af6,buy,0x94d6b4fb35fb08cb34aa716ab40049ec88002079,0x6a093e01f5004c83f6bc9c304db6eca84d1d94e7b2b768223a9950c08c151ca3
361,998,0.31936,0xb4ece4ea5e7e47b0bf6025c36a8d19fa1cf2e314,2017-10-14T11:57:37.000Z,0.00032,0x2945a876efe2802e94b4f6d08155c2a14aa69acd,buy,0x94d6b4fb35fb08cb34aa716ab40049ec88002079,0x49fb60a8b3d2d0789478fc54b3357e9bc3fa055536d9b8a28300252737a30c01
362,996,0.31872,0x1ae87388094c19a797b483bc893790ea785b36b1,2017-10-14T11:54:57.000Z,0.00032,0xfcdfef7a8f4d37da8616416b865dda7afaba0509,buy,0x94d6b4fb35fb08cb34aa716ab40049ec88002079,0x3518c73a5d67ebfb00cd894427c14ef8aeb2a3829e0dee0b1e7e748dbdf1dccd
363,400,0.12,0x1ae87388094c19a797b483bc893790ea785b36b1,2017-10-14T11:49:36.000Z,0.0003,0xc297ce89eb439223c078dc3f8f89d886de014e52,buy,0x94d6b4fb35fb08cb34aa716ab40049ec88002079,0xa3b5e907cfca866c38ad43de65fca5b160d7d8ea1e0041c1e3b15e3234343fe0
364,300,0.09,0xeee50ee3c5687c512dd91037362422795eefb724,2017-10-14T11:34:00.000Z,0.0003,0xc297ce89eb439223c078dc3f8f89d886de014e52,buy,0x94d6b4fb35fb08cb34aa716ab40049ec88002079,0x54ed56501e4d21203e30116295bf3f8e0faed1a1f8e737554f21a8eb8e1d5bcc
365,485,0.14065,0xeee50ee3c5687c512dd91037362422795eefb724,2017-10-14T11:33:24.000Z,0.00029,0xeae46ec3c5f204697789b090d03d2d2c72791af6,buy,0x94d6b4fb35fb08cb34aa716ab40049ec88002079,0x83452bdc782f0260ece83db214d25bec8c85cfd4f04d22c03bd7b3073e53b560
366,150,0.042,0xeee50ee3c5687c512dd91037362422795eefb724,2017-10-14T11:21:53.000Z,0.00028,0xb7cb67aa5ceec046a36b596a6c0961019254e1a6,buy,0x94d6b4fb35fb08cb34aa716ab40049ec88002079,0xba3b05fdea9055af43d8ea819a99ad55c51091e956d752d350dab723ec862a63
367,586.77,0.117354,0xeee50ee3c5687c512dd91037362422795eefb724,2017-10-14T11:20:47.000Z,0.0002,0x03db99e798374f26428032c1a1a7a0c6ad56be75,buy,0x94d6b4fb35fb08cb34aa716ab40049ec88002079,0xb94768cf49f5261405f446fcb1a0f2442354dad2083bc96c45ef90ae5709654f
368,289,0.043639,0xb4ece4ea5e7e47b0bf6025c36a8d19fa1cf2e314,2017-10-14T10:40:29.000Z,0.000151,0xcd143c89e46c9402d7d4eaf97d16eacb4db7c174,buy,0x94d6b4fb35fb08cb34aa716ab40049ec88002079,0xd280d88fb964543c037d906491daee5fd5c927426bdaa3527f258134c8d1380c
369,200,0.0302,0x5e08c6532eae2d249fb2f94faba1eb4ef0c10c8c,2017-10-14T10:18:27.000Z,0.000151,0xcd143c89e46c9402d7d4eaf97d16eacb4db7c174,buy,0x94d6b4fb35fb08cb34aa716ab40049ec88002079,0x3fd48e6aeca031221adf57448c4981aa35617ee877ed1ad6105ffe9ae833b1ce
370,100,0.015,0x379b8889187b631e5abe905d9ff9a6dc365be7de,2017-10-14T10:17:40.000Z,0.00015,0x03db99e798374f26428032c1a1a7a0c6ad56be75,sell,0x94d6b4fb35fb08cb34aa716ab40049ec88002079,0xd70d1cb89461e38619aa3e99f795c2229c56c39a6acffbbc818a2c8b7178f9ca
371,310,0.04650031,0xe7ff8f1084f8f220bf952e8310b40ff7f35227b4,2017-10-14T10:14:02.000Z,0.000150001,0x03db99e798374f26428032c1a1a7a0c6ad56be75,sell,0x94d6b4fb35fb08cb34aa716ab40049ec88002079,0x9b20ff5b7f163320612affb10b4005e6188cbb3091232b8712004055ae12e1f4
372,2000,0.44,0x379b8889187b631e5abe905d9ff9a6dc365be7de,2017-10-14T09:30:31.000Z,0.00022,0xb7cb67aa5ceec046a36b596a6c0961019254e1a6,sell,0x94d6b4fb35fb08cb34aa716ab40049ec88002079,0x74f4d4a91587353f0f8460e540d5707b768917b1d432d7f86afab4040f1ef540
373,15,0.00435,0x129a6133a68dfff11a9f3f583fd139b14d5dc021,2017-10-14T08:45:05.000Z,0.00029,0xeae46ec3c5f204697789b090d03d2d2c72791af6,buy,0x94d6b4fb35fb08cb34aa716ab40049ec88002079,0xdab6288ce12dfbb71775df4041e92f2264f9d6f30a1f3be848ffd1de23679139
374,1800,0.2539998,0xb4ece4ea5e7e47b0bf6025c36a8d19fa1cf2e314,2017-10-14T08:10:27.000Z,0.000141111,0xb7cb67aa5ceec046a36b596a6c0961019254e1a6,sell,0x94d6b4fb35fb08cb34aa716ab40049ec88002079,0xd66b07558b90f7f3f210cbcdd033014448c217d095923a0dc22b9778129dd723
375,400,0.0564444,0xb4ece4ea5e7e47b0bf6025c36a8d19fa1cf2e314,2017-10-14T06:11:55.000Z,0.000141111,0x0b78f40529badd274ed9e54a529afa9d2ef96ff8,sell,0x94d6b4fb35fb08cb34aa716ab40049ec88002079,0x883b15f3d781b9ba3b35126a9bcbed188b639b9d2fd0a422e6fe281579ba7f6d
376,291.99481607,0.0405901993818907,0x583b640795999aa2bb22c1a62a91336ff9d325bb,2017-10-13T21:58:57.000Z,0.00013901,0x30301f2f9a823dea29ff882903a28769dfbc07c8,sell,0x94d6b4fb35fb08cb34aa716ab40049ec88002079,0x74c44f71ea897b56b61fa128aec022883002bcd4ffb661ba925c4a5acf795b30
377,1990.10065556,0.26866557860125556,0x583b640795999aa2bb22c1a62a91336ff9d325bb,2017-10-13T21:58:57.000Z,0.000135001,0x3d3657363f6141e5294fe183a43e2f983ec73ee9,sell,0x94d6b4fb35fb08cb34aa716ab40049ec88002079,0x67909c7d895636c70e37d86e8dece326f66b25b273c95ce48c209238f0d5d4b5
378,1244.6,0.1717548,0x5e08c6532eae2d249fb2f94faba1eb4ef0c10c8c,2017-10-13T21:50:04.000Z,0.000138,0x3d3657363f6141e5294fe183a43e2f983ec73ee9,sell,0x94d6b4fb35fb08cb34aa716ab40049ec88002079,0xd246a22f00884e8ed6d05f887cd2abc48535e70130a2bbc25fe873cf37be9098
379,700,0.1001,0xc297ce89eb439223c078dc3f8f89d886de014e52,2017-10-13T21:37:31.000Z,0.000143,0x30301f2f9a823dea29ff882903a28769dfbc07c8,sell,0x94d6b4fb35fb08cb34aa716ab40049ec88002079,0x66f94146677039e23e1b06ec32e42c2a8fc33264a9abc54625a98d67c8a551f2
380,999.99999999,0.33333299999666666,0xaa85b24ac88a0a235f1977821194adce1cda9144,2017-10-13T16:51:24.000Z,0.000333333,0x9b2c4a09ee37105d7ee139b83ca281ab20f6ca78,buy,0x94d6b4fb35fb08cb34aa716ab40049ec88002079,0xc5e1de1c4f0aff574359ceabe69ea47f12d8dac999908ead7f112c464569da15
381,2000,0.2762,0x742097391f52639b70b68909d58c7a77e37ffd4f,2017-10-13T16:51:24.000Z,0.0001381,0x3d3657363f6141e5294fe183a43e2f983ec73ee9,sell,0x94d6b4fb35fb08cb34aa716ab40049ec88002079,0x58bd8ea5737f28272b7c1e23140cfca1ac4b63db139ddd28e85b450dba23a65e
