,amount,amountBase,buyer,date,price,seller,side,tokenAddr,txHash
0,400,0.0644,0x5f1f3dea3e3ef108dbf27a21b887a9ae3281e5fb,2017-11-02T16:38:59.000Z,0.000161,0x655d6b456d859fdae6f0ccb8dd3179ca1a8a0490,sell,0xb3203db25a01fa7950a860b42b899ad7da52ddd6,0x2174303a6632d3f06517d277b8763e888a7dff7ceb23c0bb9daa2a819494a685
1,278.008,0.051709488,0x5f1f3dea3e3ef108dbf27a21b887a9ae3281e5fb,2017-11-02T16:32:35.000Z,0.000186,0x655d6b456d859fdae6f0ccb8dd3179ca1a8a0490,sell,0xb3203db25a01fa7950a860b42b899ad7da52ddd6,0x7c9c543d8acb60398c0dad1c382441f6369f51f28c34606c210c286120a822e4
2,348.031,0.086311688,0xf71326a435fd4f8dba89a630d10776f2e96e1a35,2017-11-02T16:08:53.000Z,0.000248,0xd18a7ead69b9fe434cf377a24e1c99f56fe36b84,buy,0xb3203db25a01fa7950a860b42b899ad7da52ddd6,0x1d2c2d3ee2a2e20e6101b1e67906e02ee97853b535d9b1418ff58c1ad3a8b6ff
3,50,0.0093,0x5f1f3dea3e3ef108dbf27a21b887a9ae3281e5fb,2017-11-02T14:51:39.000Z,0.000186,0x9acd4f83063e0d80176199b5c55c3708f1c365d0,sell,0xb3203db25a01fa7950a860b42b899ad7da52ddd6,0xad69d452b2ab0dfd8162b6017b92e5e4fb2ad98feb295b7576e5033beb381303
4,0.00211648,0.000000526792822024,0x12f853e5a582f237a80cefd013d41cf2fbb0299b,2017-11-02T14:37:12.000Z,0.0002489004488698216,0x97ccc19febdde497629a07b4f82ea9fde58ec3e7,buy,0xb3203db25a01fa7950a860b42b899ad7da52ddd6,0x5c1c36f44983ff58bc9743df97794f791290e91e6c800e4350ae9d592849dd93
5,200,0.049776,0x692306857d17a8f31bb5feb17cfe765773487e66,2017-11-02T14:03:15.000Z,0.00024888,0x97ccc19febdde497629a07b4f82ea9fde58ec3e7,buy,0xb3203db25a01fa7950a860b42b899ad7da52ddd6,0xee702cf4a84d712f81b4d5afdbeada17c5993cf94fcec383ef975100a8612d7b
6,1445.15289677,0.31777611562393837,0x5068b86fdea5d9247a4c3ec204fc8d2cfa39f577,2017-11-02T13:57:23.000Z,0.0002198910000001981,0x2e8a560f92c26560e5471e60904761e5bd041dfe,buy,0xb3203db25a01fa7950a860b42b899ad7da52ddd6,0x8ea1455fd0595f2631ff72e289a29735b4b65ae4ae4470f9ad5b6f7767d2127c
7,1297.60651029,0.27107,0x5068b86fdea5d9247a4c3ec204fc8d2cfa39f577,2017-11-02T13:53:19.000Z,0.0002089000000003229,0xd18a7ead69b9fe434cf377a24e1c99f56fe36b84,buy,0xb3203db25a01fa7950a860b42b899ad7da52ddd6,0x871e48fe3f305ea2f21bfb3484c1a97900fa704a44dc980ecc49d5e43d80f6a2
8,500,0.1045,0x479eeb05a4a79a7ba4642baa96de49a58496f46f,2017-11-02T13:51:47.000Z,0.000209,0x5f1f3dea3e3ef108dbf27a21b887a9ae3281e5fb,buy,0xb3203db25a01fa7950a860b42b899ad7da52ddd6,0x73b52c8017651de3afdb559fd102908aa6d9254381a992e0d7d19bb0222b64ac
9,2.3934897,0.0005,0x3075f7f189912f4f425dd7021b9c396434197477,2017-11-02T13:49:29.000Z,0.000208900000697726,0xd18a7ead69b9fe434cf377a24e1c99f56fe36b84,buy,0xb3203db25a01fa7950a860b42b899ad7da52ddd6,0x2e2136e35298d47b8c9472162a86450bec41c545655373a8612102fe6b68569f
10,200,0.04178,0x692306857d17a8f31bb5feb17cfe765773487e66,2017-11-02T13:44:19.000Z,0.0002089,0xd18a7ead69b9fe434cf377a24e1c99f56fe36b84,buy,0xb3203db25a01fa7950a860b42b899ad7da52ddd6,0xc4e810df9fb4e89decc0180c927ed7db0181a2967371c3b6091a3b7092f912df
11,1998.45594934,0.42966802910975976,0x479eeb05a4a79a7ba4642baa96de49a58496f46f,2017-11-02T13:23:01.000Z,0.00021500000000083052,0x49dc235474e153367b593cab41b56dff301fbea0,buy,0xb3203db25a01fa7950a860b42b899ad7da52ddd6,0x56fe21f4cd9fa24f3f77ea2e58769447ffd7a0720e932122cbaf6aecd8516b5e
12,3520,0.7039648,0xac5ae0a0617b5c2f124f4faf7ac6726685f0c21d,2017-11-02T12:20:17.000Z,0.00019999,0xf710badf51a93a61e40f3446e62ab06375edbde2,buy,0xb3203db25a01fa7950a860b42b899ad7da52ddd6,0x82182e5f8d87a931376b5be1f8ac4b3252718a2f3818123db5dd1391d1bd2393
13,18,0.036,0x51126cc9bc3c50b123312762d486d569c5c338e5,2017-11-02T12:05:19.000Z,0.002,0xfa941aaf0a6429accc8c91ce492d3082b7290fca,buy,0xb3203db25a01fa7950a860b42b899ad7da52ddd6,0x212b974a34f4b2fe1d134a65cfcf720240a3744f99b8c4832f286b52b73e1538
14,5.036,0.00110746676,0x51126cc9bc3c50b123312762d486d569c5c338e5,2017-11-02T12:01:14.000Z,0.00021991,0xc4ecebfd3cbd3cfca787ab7d68db25b8079ae858,buy,0xb3203db25a01fa7950a860b42b899ad7da52ddd6,0xa7e0009141aac714d67c15e26144b7ecfc0e1b86dfe7836764bd06d483271f15
15,50,0.0105,0x51126cc9bc3c50b123312762d486d569c5c338e5,2017-11-02T11:57:16.000Z,0.00021,0x6c47a45bc7af8d70bd1dfc67f33bca0c74fe6277,buy,0xb3203db25a01fa7950a860b42b899ad7da52ddd6,0x45b5cdf1ff1de42937313e43c90bd7dbd023b42843d47291c718638cb4134ccd
16,1191,0.261890181,0x51126cc9bc3c50b123312762d486d569c5c338e5,2017-11-02T11:52:57.000Z,0.000219891,0x49dc235474e153367b593cab41b56dff301fbea0,buy,0xb3203db25a01fa7950a860b42b899ad7da52ddd6,0xd3937a70fac96cf10b8fd73b317f796974b9fdfe9849cd6cfc4fafca436a7869
17,20,0.0036,0xc6ac7b60aaf35fd2eea8139c420acf157acbbc99,2017-11-02T10:13:52.000Z,0.00018,0xf71326a435fd4f8dba89a630d10776f2e96e1a35,sell,0xb3203db25a01fa7950a860b42b899ad7da52ddd6,0xa1cefb39931ceb1af1776861e86619997ad43ae9173e1931f675b1ee486a7c04
18,1416.658,0.25499844,0x9e5e4bae63e24b90e1b1740e888e73e225d34a6e,2017-11-02T09:19:33.000Z,0.00018,0x13c3fd153e23ded7477e0817ad4d5754e2d67649,sell,0xb3203db25a01fa7950a860b42b899ad7da52ddd6,0x94799414c867b432a66b8b2e579b57081235ddad2afff47b493da9dbc98ee096
19,2000,0.36002,0x49dc235474e153367b593cab41b56dff301fbea0,2017-11-02T09:18:18.000Z,0.00018001,0x13c3fd153e23ded7477e0817ad4d5754e2d67649,sell,0xb3203db25a01fa7950a860b42b899ad7da52ddd6,0x3b16b1352fa3ad72c03e363303975363a43e2578eae6d9538ed756283295c6c3
20,800,0.1440088,0xec670ebbd986f392d85b38f586c7dfa4df3a4b88,2017-11-02T09:17:47.000Z,0.000180011,0x13c3fd153e23ded7477e0817ad4d5754e2d67649,sell,0xb3203db25a01fa7950a860b42b899ad7da52ddd6,0x765f57096f937a5f0abaafbf7a363b28a3ae198e3f8824e068a81ed84a7e4ed0
21,77.957,0.014500002,0x5f1f3dea3e3ef108dbf27a21b887a9ae3281e5fb,2017-11-02T09:16:55.000Z,0.000186,0x13c3fd153e23ded7477e0817ad4d5754e2d67649,sell,0xb3203db25a01fa7950a860b42b899ad7da52ddd6,0x2a9da74cf09fe351e76760e2edbffcf91f6ff3da4add30cccb5c6ab65700f33d
22,0.00043031,0.000000094621844189,0x6201618a3924f80502fdf5528ed3662fd5e92ce8,2017-11-02T08:44:19.000Z,0.0002198922734516976,0x2e8a560f92c26560e5471e60904761e5bd041dfe,buy,0xb3203db25a01fa7950a860b42b899ad7da52ddd6,0xc756dedc6527af615f9ed7bd2524937f4235e24bf901eefeee7119f207541016
23,4.3164646,0.00094915171904857,0x6201618a3924f80502fdf5528ed3662fd5e92ce8,2017-11-02T08:41:10.000Z,0.00021989100039151717,0x2e8a560f92c26560e5471e60904761e5bd041dfe,buy,0xb3203db25a01fa7950a860b42b899ad7da52ddd6,0x7f1dea4035ea5348d48507f9f109ec9afe0600c9a79862548344d25d5f27b576
24,8.6312083,0.001897925026168876,0x6201618a3924f80502fdf5528ed3662fd5e92ce8,2017-11-02T08:37:49.000Z,0.00021989100021706996,0x2e8a560f92c26560e5471e60904761e5bd041dfe,buy,0xb3203db25a01fa7950a860b42b899ad7da52ddd6,0x504001ab9df7d2938805bd5e9d7e948280cbee20ef3b75ff6be14ef23778420c
25,300,0.0659673,0xf71326a435fd4f8dba89a630d10776f2e96e1a35,2017-11-02T08:16:27.000Z,0.000219891,0x2e8a560f92c26560e5471e60904761e5bd041dfe,buy,0xb3203db25a01fa7950a860b42b899ad7da52ddd6,0xd74c574a8b7249a81a0f84256dcd032742454fe3a442b02a04262344e3cfb253
26,96.57884211,0.0183499800009,0x5f1f3dea3e3ef108dbf27a21b887a9ae3281e5fb,2017-11-02T08:14:17.000Z,0.00019,0xf71326a435fd4f8dba89a630d10776f2e96e1a35,sell,0xb3203db25a01fa7950a860b42b899ad7da52ddd6,0x54fd2191aa1b27faa9548f86d0f2764e9b98a0d07f7253267b65ce1ba6fa3b26
27,150,0.03285,0xf71326a435fd4f8dba89a630d10776f2e96e1a35,2017-11-02T08:10:46.000Z,0.000219,0x5f1f3dea3e3ef108dbf27a21b887a9ae3281e5fb,buy,0xb3203db25a01fa7950a860b42b899ad7da52ddd6,0xe364cfc8f198af14dd116e5092a9e55df6021b505f4fbc4b7e5a92f538145b84
28,311.36615789,0.0591595699991,0x5f1f3dea3e3ef108dbf27a21b887a9ae3281e5fb,2017-11-02T08:10:34.000Z,0.00019,0xf71326a435fd4f8dba89a630d10776f2e96e1a35,sell,0xb3203db25a01fa7950a860b42b899ad7da52ddd6,0x626b8d61a8fcb626ae7771f66ebb6e3427cc9d68740c6db661f9e192b36e2745
29,92.055,0.01749045,0x5f1f3dea3e3ef108dbf27a21b887a9ae3281e5fb,2017-11-02T08:09:37.000Z,0.00019,0xf71326a435fd4f8dba89a630d10776f2e96e1a35,sell,0xb3203db25a01fa7950a860b42b899ad7da52ddd6,0xc7ffc392c2f06ed2062cfe87091c0f4cc559bfe06b81567a37d9a48a45bb7b66
30,350,0.07665,0xf71326a435fd4f8dba89a630d10776f2e96e1a35,2017-11-02T08:09:37.000Z,0.000219,0x5f1f3dea3e3ef108dbf27a21b887a9ae3281e5fb,buy,0xb3203db25a01fa7950a860b42b899ad7da52ddd6,0xf4662f9f3ada913bdc4ea968944704d11d0ac21ee0a0a5b4193d74749b31324a
31,94.035,0.01749051,0x5f1f3dea3e3ef108dbf27a21b887a9ae3281e5fb,2017-11-02T08:09:37.000Z,0.000186,0xf71326a435fd4f8dba89a630d10776f2e96e1a35,sell,0xb3203db25a01fa7950a860b42b899ad7da52ddd6,0xfc9b990e5ff31a89dfa6d46625e94dd5239c6ca1e99de7425a8bdde257ea3d52
32,500,0.0925,0x5f1f3dea3e3ef108dbf27a21b887a9ae3281e5fb,2017-11-02T08:06:45.000Z,0.000185,0xf71326a435fd4f8dba89a630d10776f2e96e1a35,sell,0xb3203db25a01fa7950a860b42b899ad7da52ddd6,0x608dbca5c917b31d4679a6c508ecc234d339dafe3887f2732139091b565837c5
33,2800,0.504,0x9e5e4bae63e24b90e1b1740e888e73e225d34a6e,2017-11-02T06:39:28.000Z,0.00018,0x13c3fd153e23ded7477e0817ad4d5754e2d67649,sell,0xb3203db25a01fa7950a860b42b899ad7da52ddd6,0xb47e587a4c31b59a345bf960dacc9a81188c2c97961597d73ce61afefb3cb3e0
34,200,0.038,0x1ce0d35a1982a1ebba5b41e23859bbf70eb6b410,2017-11-02T06:39:04.000Z,0.00019,0x13c3fd153e23ded7477e0817ad4d5754e2d67649,sell,0xb3203db25a01fa7950a860b42b899ad7da52ddd6,0xda1442036c63fdb5d3b67066e457888a68020be422eb5b37b6446104e5212b71
35,0.00184729,0.0000003325122,0x9e5e4bae63e24b90e1b1740e888e73e225d34a6e,2017-11-02T06:26:44.000Z,0.00018,0xe6dce38a61edba2cd7dc0be24aa42f1c1bd3de0c,sell,0xb3203db25a01fa7950a860b42b899ad7da52ddd6,0x8a36f5412777878709b20160bb36f848f9f157a6953ca5f5a54cc4bdedc38890
36,32.68436628,0.004902654942,0x2de3159d8d07e69bbdc4b682c00f7586cd0b1ed1,2017-11-02T06:25:34.000Z,0.00015,0x77bf52eb84e20d0170aabb351216e9923ec47ed9,sell,0xb3203db25a01fa7950a860b42b899ad7da52ddd6,0x0997e6adb4d4d948244aa97e8e9e376653903c1827e8df4dde92b9a5a74aaf56
37,5,0.001099455,0xa008647b74037c0030da42c43021a22994c795d9,2017-11-02T06:24:32.000Z,0.000219891,0xf71326a435fd4f8dba89a630d10776f2e96e1a35,sell,0xb3203db25a01fa7950a860b42b899ad7da52ddd6,0xfbe73b4f0935a8587ee946726bd704ba850992b7c0c74ee7ac557724415b0dae
38,250,0.05497275,0xf71326a435fd4f8dba89a630d10776f2e96e1a35,2017-11-02T06:21:22.000Z,0.000219891,0x2e8a560f92c26560e5471e60904761e5bd041dfe,buy,0xb3203db25a01fa7950a860b42b899ad7da52ddd6,0x0d07124211bdfd48f42b96171d98199d7a2671c6fecedc08ca0d12bf7717d9be
39,200,0.0438,0xf71326a435fd4f8dba89a630d10776f2e96e1a35,2017-11-02T06:19:32.000Z,0.000219,0x5f1f3dea3e3ef108dbf27a21b887a9ae3281e5fb,buy,0xb3203db25a01fa7950a860b42b899ad7da52ddd6,0xe9783eecf1f1268c9f2d1037ef2e18716381dd3eb505cdaa7198df6cd28cb084
40,250,0.054749975,0xf71326a435fd4f8dba89a630d10776f2e96e1a35,2017-11-02T06:19:32.000Z,0.0002189999,0x36ac32b737afb8c3f35056fd8ea1e68cff54208f,buy,0xb3203db25a01fa7950a860b42b899ad7da52ddd6,0x47cc61bed3fafbbd59ecb63876062926acd2fd7dd2d370d9edb7508555c3eac8
41,100,0.0209,0xf71326a435fd4f8dba89a630d10776f2e96e1a35,2017-11-02T06:19:16.000Z,0.000209,0x0818471d216c65c8098bcea12d0e86b2d4495059,buy,0xb3203db25a01fa7950a860b42b899ad7da52ddd6,0x5fe99d3e6512463e3965671cb508426f31cb5ba9fe7cab73969c755eed6dcfcc
42,1000,0.18,0x9e5e4bae63e24b90e1b1740e888e73e225d34a6e,2017-11-02T06:18:35.000Z,0.00018,0xf71326a435fd4f8dba89a630d10776f2e96e1a35,sell,0xb3203db25a01fa7950a860b42b899ad7da52ddd6,0x579d8e6bc3cca137c2e12b2546012e20bc8fe2a18a7745b93983450980fbd860
43,122.09081199,0.01593297305550699,0xec670ebbd986f392d85b38f586c7dfa4df3a4b88,2017-11-02T06:03:18.000Z,0.000130501,0xc9b8bcc68cdf4e5f5393b6d4673e20f9b5848d50,sell,0xb3203db25a01fa7950a860b42b899ad7da52ddd6,0xfa3a3106e31beed8d9650f4ac747590532283aa23cb786052ca051f0ef479535
44,150,0.032849985,0xf71326a435fd4f8dba89a630d10776f2e96e1a35,2017-11-02T05:59:22.000Z,0.0002189999,0x36ac32b737afb8c3f35056fd8ea1e68cff54208f,buy,0xb3203db25a01fa7950a860b42b899ad7da52ddd6,0xd52560ab8fe6804f3ce7ae90a82dbe2a6e02e33efb6d433dcb1ca29fcc7e5af0
45,100,0.02189999,0xd9443383a97df9c5a3b3d4d6ce80fa93cd9e536b,2017-11-02T05:58:17.000Z,0.0002189999,0x36ac32b737afb8c3f35056fd8ea1e68cff54208f,buy,0xb3203db25a01fa7950a860b42b899ad7da52ddd6,0xdba2e118146a764cd4298b2720251f56f90d9a72f2960d8c501559f4f808a704
46,300,0.0657,0xf71326a435fd4f8dba89a630d10776f2e96e1a35,2017-11-02T05:43:14.000Z,0.000219,0x5f1f3dea3e3ef108dbf27a21b887a9ae3281e5fb,buy,0xb3203db25a01fa7950a860b42b899ad7da52ddd6,0x2c58ed5f1a9cc8388fe32762b579bce586abd07d9cf93a46838924e9b4295a63
47,10.31592831,0.00287814399849,0x173ab2a6fae8d62f0bc11554dc2b27b26cdc2310,2017-11-02T02:25:36.000Z,0.000279,0x0c8a9ea8a3844253eceb6a0301d7901119a6da8d,sell,0xb3203db25a01fa7950a860b42b899ad7da52ddd6,0xe4237ea1f8f7ba7f96a2a7c13220ae7b6eec3de210c8542b147002d69691ca9c
48,10.3468761,0.00227527805439,0x0c8a9ea8a3844253eceb6a0301d7901119a6da8d,2017-11-02T02:25:36.000Z,0.0002199,0x49dc235474e153367b593cab41b56dff301fbea0,buy,0xb3203db25a01fa7950a860b42b899ad7da52ddd6,0xe4237ea1f8f7ba7f96a2a7c13220ae7b6eec3de210c8542b147002d69691ca9c
49,112,0.0246288,0xf44072eda87ede9613b6ae1b812de8a60ade27a2,2017-11-02T02:23:03.000Z,0.0002199,0x49dc235474e153367b593cab41b56dff301fbea0,buy,0xb3203db25a01fa7950a860b42b899ad7da52ddd6,0x494d9daf7edde2a990c131b9824e4084015254ca4ea4a00e6144b80ed7ef0788
50,111.664,0.031154256,0x173ab2a6fae8d62f0bc11554dc2b27b26cdc2310,2017-11-02T02:23:03.000Z,0.000279,0xf44072eda87ede9613b6ae1b812de8a60ade27a2,sell,0xb3203db25a01fa7950a860b42b899ad7da52ddd6,0x494d9daf7edde2a990c131b9824e4084015254ca4ea4a00e6144b80ed7ef0788
51,33.23333333,0.009969999999,0x49dc235474e153367b593cab41b56dff301fbea0,2017-11-02T02:18:12.000Z,0.0003,0xf44072eda87ede9613b6ae1b812de8a60ade27a2,sell,0xb3203db25a01fa7950a860b42b899ad7da52ddd6,0x6ad59ff70b663df69789ece33638409f6444092bd310800d8ef0a7c5c3fe2507
52,33.33333333,0.007329999999267,0xf44072eda87ede9613b6ae1b812de8a60ade27a2,2017-11-02T02:18:12.000Z,0.0002199,0x49dc235474e153367b593cab41b56dff301fbea0,buy,0xb3203db25a01fa7950a860b42b899ad7da52ddd6,0x6ad59ff70b663df69789ece33638409f6444092bd310800d8ef0a7c5c3fe2507
53,498.45479015,0.069783670621,0xf710badf51a93a61e40f3446e62ab06375edbde2,2017-11-01T22:11:55.000Z,0.00014,0xfe20cc7140a5f8c7ea4bc72975696715c291ad62,sell,0xb3203db25a01fa7950a860b42b899ad7da52ddd6,0xa2f09383b666a32fe7b2f241be8a7cfbd628735ec1aa5acadd0740399c702294
54,1,0.000383999,0x692306857d17a8f31bb5feb17cfe765773487e66,2017-11-01T20:54:20.000Z,0.000383999,0x692306857d17a8f31bb5feb17cfe765773487e66,buy,0xb3203db25a01fa7950a860b42b899ad7da52ddd6,0xe75041430013f41c2a89fd9fdd3b9cdb6f6084a88c46229f78261f7803ab4c18
55,50,0.01399885,0x692306857d17a8f31bb5feb17cfe765773487e66,2017-11-01T20:08:09.000Z,0.000279977,0x9733ae7ececa99c8b1db998a7e8e37bcb3f68ae2,buy,0xb3203db25a01fa7950a860b42b899ad7da52ddd6,0x1ace0ce87857c75b2ddb50fff9bf31e9e1c02d304e019de73cfa95f315016645
56,200,0.08,0x90fc4827f7c6b657383fafb59b99831360f46f56,2017-11-01T20:06:56.000Z,0.0004,0xf71326a435fd4f8dba89a630d10776f2e96e1a35,buy,0xb3203db25a01fa7950a860b42b899ad7da52ddd6,0x85755f2a313657c4ecec7c5fc621a3dc7bba2574bd1ec8758127ed10022f6d68
57,150,0.0164994,0xfa941aaf0a6429accc8c91ce492d3082b7290fca,2017-11-01T20:02:33.000Z,0.000109996,0x5f1483efda72fb1081902dd395f08f386ef01445,buy,0xb3203db25a01fa7950a860b42b899ad7da52ddd6,0x3bd24efa905ba4a41710c7219fd9e874f7beb5517a8a2a42ad7959290f608537
58,5.71364647,0.001171868890997,0xd18a7ead69b9fe434cf377a24e1c99f56fe36b84,2017-11-01T19:56:44.000Z,0.0002051,0x692306857d17a8f31bb5feb17cfe765773487e66,sell,0xb3203db25a01fa7950a860b42b899ad7da52ddd6,0xeba2c8a735b56b9602c7205ec30508c2fc8f9a577a6448599814443f8b30e907
59,17.11565915,0.0018826882751817,0x692306857d17a8f31bb5feb17cfe765773487e66,2017-11-01T19:53:43.000Z,0.000109998,0x5f1483efda72fb1081902dd395f08f386ef01445,buy,0xb3203db25a01fa7950a860b42b899ad7da52ddd6,0x754df6a80b65527925f250831468fa50c66d5358f47171a7c1d6cc427e52de3a
60,32.88434085,0.0036172117248183,0x273a5d3e6721b9f5c1a6474f560c1334c63dda01,2017-11-01T19:52:36.000Z,0.000109998,0x5f1483efda72fb1081902dd395f08f386ef01445,buy,0xb3203db25a01fa7950a860b42b899ad7da52ddd6,0x90b3acd7afe58cf4344c9ad9ad0ca73cc5db2bce49c0a65786c4d1cdebb633ad
61,32.78568782,0.0044260678557,0x77bf52eb84e20d0170aabb351216e9923ec47ed9,2017-11-01T19:52:36.000Z,0.000135,0x273a5d3e6721b9f5c1a6474f560c1334c63dda01,sell,0xb3203db25a01fa7950a860b42b899ad7da52ddd6,0x90b3acd7afe58cf4344c9ad9ad0ca73cc5db2bce49c0a65786c4d1cdebb633ad
62,49.85,0.00692919985,0x9c4c77c7e8fe30e6ffc538e7771b2bf508b903a9,2017-11-01T19:52:36.000Z,0.000139001,0xf44072eda87ede9613b6ae1b812de8a60ade27a2,sell,0xb3203db25a01fa7950a860b42b899ad7da52ddd6,0xd98bb80ab761ef5af901abe84d471e77ca60560a18ec415d50278a70102d5299
63,50,0.0054999,0xf44072eda87ede9613b6ae1b812de8a60ade27a2,2017-11-01T19:52:36.000Z,0.000109998,0x5f1483efda72fb1081902dd395f08f386ef01445,buy,0xb3203db25a01fa7950a860b42b899ad7da52ddd6,0xd98bb80ab761ef5af901abe84d471e77ca60560a18ec415d50278a70102d5299
64,200,0.016002,0xb49b884b29e25ba3ab4d772c1b9322886a7696d7,2017-11-01T19:45:32.000Z,0.00008001,0xdb1dc0ae2eab3fececcda0f7c538602ffc479f19,sell,0xb3203db25a01fa7950a860b42b899ad7da52ddd6,0xbbc2482a76118086ae89353db8ffab2727abd543470f2a4f1e80d63e407ec6c3
65,100,0.02,0xfa941aaf0a6429accc8c91ce492d3082b7290fca,2017-11-01T19:45:15.000Z,0.0002,0xdb1dc0ae2eab3fececcda0f7c538602ffc479f19,sell,0xb3203db25a01fa7950a860b42b899ad7da52ddd6,0xd163dee04fd3383194b3e0172855c69e0d93ac292411238250f8cd602cda886d
66,450,0.05985,0x7a265a5e173340f45f48abe9c0236635e393a0e8,2017-11-01T19:44:14.000Z,0.000133,0xdb1dc0ae2eab3fececcda0f7c538602ffc479f19,sell,0xb3203db25a01fa7950a860b42b899ad7da52ddd6,0xa174ee18acefad62c30a30caab8be6ba64b80030908681a313d688e4ae1bfd15
67,136.85995085,0.027850999997975,0xb766b6e0e52a97e11899c0423f4dda3ed5faa713,2017-11-01T19:43:36.000Z,0.0002035,0xdb1dc0ae2eab3fececcda0f7c538602ffc479f19,sell,0xb3203db25a01fa7950a860b42b899ad7da52ddd6,0xa0a78b1e86ad713862fae1ccf05d6b4163bc53cd7d778037bf3bca6af890dac1
68,100,0.0279999,0xfa941aaf0a6429accc8c91ce492d3082b7290fca,2017-11-01T19:43:26.000Z,0.000279999,0x36ac32b737afb8c3f35056fd8ea1e68cff54208f,buy,0xb3203db25a01fa7950a860b42b899ad7da52ddd6,0x45f8a4fcf8e9e4917b90a8ddb11d1110f28426144e5dde5fccc125659583e58c
69,250,0.0512975,0x5f1483efda72fb1081902dd395f08f386ef01445,2017-11-01T19:41:55.000Z,0.00020519,0xdb1dc0ae2eab3fececcda0f7c538602ffc479f19,sell,0xb3203db25a01fa7950a860b42b899ad7da52ddd6,0xad3f5ab5c98f7a76a3607fe0ddbcbab4c02857deaf8ad037dccb943e3887e915
70,1000,0.1,0x054ab0955dae69923920a1923ed4c6cebb61a063,2017-11-01T19:41:31.000Z,0.0001,0xdb1dc0ae2eab3fececcda0f7c538602ffc479f19,sell,0xb3203db25a01fa7950a860b42b899ad7da52ddd6,0x2b5c1a25f8969358c98c31bdc05932070059816cc061aa21b224354f1aa5a921
71,700,0.14,0x7dcbaccee928a1d85ce217aa8399b3af421dc8dd,2017-11-01T19:39:41.000Z,0.0002,0xdb1dc0ae2eab3fececcda0f7c538602ffc479f19,sell,0xb3203db25a01fa7950a860b42b899ad7da52ddd6,0x5869575c53e5bebcf92744605e7e67aea01852f78f60ae15af279889c18e097a
72,313.00559401,0.06419807334263902,0x7ef08a950fe33e19ca0b443198d68b866679b1dd,2017-11-01T19:39:36.000Z,0.000205102,0xdb1dc0ae2eab3fececcda0f7c538602ffc479f19,sell,0xb3203db25a01fa7950a860b42b899ad7da52ddd6,0x0c9650b239fa78d1a75ea42c5ddcf4b6d29defc76610f5263e45ebabf88891e1
73,50,0.0105,0xb766b6e0e52a97e11899c0423f4dda3ed5faa713,2017-11-01T19:39:24.000Z,0.00021,0xdb1dc0ae2eab3fececcda0f7c538602ffc479f19,sell,0xb3203db25a01fa7950a860b42b899ad7da52ddd6,0x6a2704b3d03352dbd945270ee9b6125525505b8d0c90c555c82f09631cca82be
74,362,0.0496302,0xc4ecebfd3cbd3cfca787ab7d68db25b8079ae858,2017-11-01T19:38:37.000Z,0.0001371,0xdb1dc0ae2eab3fececcda0f7c538602ffc479f19,sell,0xb3203db25a01fa7950a860b42b899ad7da52ddd6,0x81d5d2c5a9a3bb2195c89697098819ace76079fe5023ea1f6d2d94364bb94a2d
75,853.50478968,0.1169386912340568,0x655d6b456d859fdae6f0ccb8dd3179ca1a8a0490,2017-11-01T19:38:30.000Z,0.00013701,0xdb1dc0ae2eab3fececcda0f7c538602ffc479f19,sell,0xb3203db25a01fa7950a860b42b899ad7da52ddd6,0x356b0e78a7b70b5a6130dd8017ccda4f6594bf51db2e55d0c75063d0a0342fe8
76,10000,1.35,0x13c3fd153e23ded7477e0817ad4d5754e2d67649,2017-11-01T19:38:30.000Z,0.000135,0xdb1dc0ae2eab3fececcda0f7c538602ffc479f19,sell,0xb3203db25a01fa7950a860b42b899ad7da52ddd6,0x6856dd139b98d304ea3af0ca802e231390a4a97fcf74136224d2c7d4883ea5c0
77,0.00000013,0.000000000038089589,0xfa941aaf0a6429accc8c91ce492d3082b7290fca,2017-11-01T19:24:49.000Z,0.00029299683846153844,0xd18a7ead69b9fe434cf377a24e1c99f56fe36b84,buy,0xb3203db25a01fa7950a860b42b899ad7da52ddd6,0x07646e622a25c38cd2feb88d2ba34840ed70ed4614c951e325c2f35318319b84
78,0.00095519,0.000000382076658225,0xfa941aaf0a6429accc8c91ce492d3082b7290fca,2017-11-01T19:24:09.000Z,0.0004000006891037385,0xf71326a435fd4f8dba89a630d10776f2e96e1a35,buy,0xb3203db25a01fa7950a860b42b899ad7da52ddd6,0xb15d6b3041433b1fe8092d145a3dd5c9723212b8cc52654c1b27a08c8676208f
79,1000,0.17,0xb766b6e0e52a97e11899c0423f4dda3ed5faa713,2017-11-01T19:22:17.000Z,0.00017,0xdb1dc0ae2eab3fececcda0f7c538602ffc479f19,sell,0xb3203db25a01fa7950a860b42b899ad7da52ddd6,0x353df256fa1fe46ec9047b7726ac59bbac61dc34e422712d82d740f80aadb55b
80,1000,0.16,0xb766b6e0e52a97e11899c0423f4dda3ed5faa713,2017-11-01T19:22:17.000Z,0.00016,0xdb1dc0ae2eab3fececcda0f7c538602ffc479f19,sell,0xb3203db25a01fa7950a860b42b899ad7da52ddd6,0x3331f49b1889d23adb216d222f41410ee152cc57f68a4cede01cccb81624b5b9
81,9.7646139,0.003832610958648868,0xfa941aaf0a6429accc8c91ce492d3082b7290fca,2017-11-01T19:22:07.000Z,0.00039250000029687483,0x692306857d17a8f31bb5feb17cfe765773487e66,buy,0xb3203db25a01fa7950a860b42b899ad7da52ddd6,0xdc023ded0e02485c1e6904066ea04013f2404c1a926f54eab6c2cb66dfac2f22
82,1000,0.176,0x5f1f3dea3e3ef108dbf27a21b887a9ae3281e5fb,2017-11-01T19:22:07.000Z,0.000176,0xdb1dc0ae2eab3fececcda0f7c538602ffc479f19,sell,0xb3203db25a01fa7950a860b42b899ad7da52ddd6,0x08a812a1ba4493cec2f896c9b1a18a1c235e14cba707e1a079cc55116ed85ed8
83,0.00186845,0.0000003832228319,0x7ef08a950fe33e19ca0b443198d68b866679b1dd,2017-11-01T19:19:38.000Z,0.000205102,0xfa941aaf0a6429accc8c91ce492d3082b7290fca,sell,0xb3203db25a01fa7950a860b42b899ad7da52ddd6,0x0d5af5a83a2216fec2b59e81fe242f1c7a8bcd16f554e3ed73bc001164230729
84,18.74242489,0.00384410882978878,0x7ef08a950fe33e19ca0b443198d68b866679b1dd,2017-11-01T19:13:25.000Z,0.000205102,0xfa941aaf0a6429accc8c91ce492d3082b7290fca,sell,0xb3203db25a01fa7950a860b42b899ad7da52ddd6,0x127a4b52b84f7495938b7fe23e6843141fef28e6fe40c35a342b8e6565187faa
85,1220.015,0.2592531875,0xf710badf51a93a61e40f3446e62ab06375edbde2,2017-11-01T19:12:21.000Z,0.0002125,0xc143803bfdc30ce4ff6aa5e2072669c104960938,sell,0xb3203db25a01fa7950a860b42b899ad7da52ddd6,0xbd07b283e24264cc5bd623b6bcc0fb042d562909571e1d60f331c2a8cb33d33b
86,4.9845479,0.00105921642875,0xf710badf51a93a61e40f3446e62ab06375edbde2,2017-11-01T19:08:13.000Z,0.0002125,0xc143803bfdc30ce4ff6aa5e2072669c104960938,sell,0xb3203db25a01fa7950a860b42b899ad7da52ddd6,0xf6fb075977b0aecf1b473ddf4a4c8688352c19268c1dff5c2c249238e41782b8
87,310,0.1115969,0xb004df0d7d4c258cc36c38dda1dd5d0c791ba989,2017-11-01T19:00:51.000Z,0.00035999,0x7ef08a950fe33e19ca0b443198d68b866679b1dd,buy,0xb3203db25a01fa7950a860b42b899ad7da52ddd6,0xc2fce9163278fab1d7a425a12beb491dbf7d5f29b43b59f05ef8ed8bed502370
88,421.5,0.1175985,0xb004df0d7d4c258cc36c38dda1dd5d0c791ba989,2017-11-01T18:55:17.000Z,0.000279,0xa9fae38528f6c4fe9003fee55d0a95ebf081dd00,buy,0xb3203db25a01fa7950a860b42b899ad7da52ddd6,0x5c699e12c6ffe25af673dce444f294cfe61384f308e124f66d981448be0d7b3d
89,250,0.071875,0xb004df0d7d4c258cc36c38dda1dd5d0c791ba989,2017-11-01T18:42:32.000Z,0.0002875,0xf710badf51a93a61e40f3446e62ab06375edbde2,buy,0xb3203db25a01fa7950a860b42b899ad7da52ddd6,0xcf418a495fc2ed118e95f4d18b0de458a39aa5a1fd911ff8d7a34aff5f9d0903
90,13.76109061,0.005284258797727046,0x12f853e5a582f237a80cefd013d41cf2fbb0299b,2017-11-01T17:40:22.000Z,0.00038400000025339893,0x8ae2b34e5f22a783a7ee0f5970a16eeb37c18a74,buy,0xb3203db25a01fa7950a860b42b899ad7da52ddd6,0xe3499efe2e0a87fa11c5a25017e9a81bcb520540c56958d96b3f36273c7b1064
91,815,0.183375,0xf710badf51a93a61e40f3446e62ab06375edbde2,2017-11-01T17:24:02.000Z,0.000225,0xd18a7ead69b9fe434cf377a24e1c99f56fe36b84,sell,0xb3203db25a01fa7950a860b42b899ad7da52ddd6,0xda22f37108ece7eb66f99bae5f0d4967b928aa434c4ac19f9021a525d1cbed3b
92,1994.28635353,0.409028131109003,0xd18a7ead69b9fe434cf377a24e1c99f56fe36b84,2017-11-01T16:58:52.000Z,0.0002051,0xdb1dc0ae2eab3fececcda0f7c538602ffc479f19,sell,0xb3203db25a01fa7950a860b42b899ad7da52ddd6,0xf9c22f1363c6d567b26fc0c137297f5faec1590edec7544414c217dbf29fe2e9
93,2000,0.412,0x655d6b456d859fdae6f0ccb8dd3179ca1a8a0490,2017-11-01T16:53:42.000Z,0.000206,0xdb1dc0ae2eab3fececcda0f7c538602ffc479f19,sell,0xb3203db25a01fa7950a860b42b899ad7da52ddd6,0x1e11e6a35c47582ba4ab32d12c936d729a18ce82c56f2bb0dc79707dc75191ac
94,99.2,0.0203461184,0x7ef08a950fe33e19ca0b443198d68b866679b1dd,2017-11-01T16:25:43.000Z,0.000205102,0x04111aa8d920685305fdf701824869c75a8c6589,sell,0xb3203db25a01fa7950a860b42b899ad7da52ddd6,0xb364546b009af01690ce04d1263d3b6162037540738b6d2ae7aea7f6d66e9004
95,68.05011265,0.0139572142047403,0x7ef08a950fe33e19ca0b443198d68b866679b1dd,2017-11-01T16:13:50.000Z,0.000205102,0xa9690e157cbfe043003f2f540304e2bb9e619320,sell,0xb3203db25a01fa7950a860b42b899ad7da52ddd6,0x68a8ae20978f8d07d59537e8a3d78fafe0bdbb5d24d2c9526ef9786f30f8e569
96,25.89824223,0.007743574428025887,0x692306857d17a8f31bb5feb17cfe765773487e66,2017-11-01T16:10:32.000Z,0.0002990000000484931,0xd18a7ead69b9fe434cf377a24e1c99f56fe36b84,buy,0xb3203db25a01fa7950a860b42b899ad7da52ddd6,0xf72370ed045311cb1df89c15acf2fda3613c74fe479a9800260b6bea67da4578
97,31.644,0.0094932,0xf710badf51a93a61e40f3446e62ab06375edbde2,2017-11-01T16:09:32.000Z,0.0003,0xa9690e157cbfe043003f2f540304e2bb9e619320,sell,0xb3203db25a01fa7950a860b42b899ad7da52ddd6,0xc24fb8957b83763a88a10a0446d3d1eb61fadd53044f5b0d922431e6a7db1f97
98,568,0.19312,0x12f853e5a582f237a80cefd013d41cf2fbb0299b,2017-11-01T15:40:44.000Z,0.00034,0xf710badf51a93a61e40f3446e62ab06375edbde2,buy,0xb3203db25a01fa7950a860b42b899ad7da52ddd6,0x2d327fb937cbc10b0d92b3024a9a29a507738f43906a21ef15e843df03ff963a
99,296.76139189,0.08873165617768725,0xf71326a435fd4f8dba89a630d10776f2e96e1a35,2017-11-01T15:18:03.000Z,0.00029900000000868457,0xd18a7ead69b9fe434cf377a24e1c99f56fe36b84,buy,0xb3203db25a01fa7950a860b42b899ad7da52ddd6,0xe06641a7ea38c15708317c4ecae5ea21aae5bcb8a3b9be79147e0efe222954ff
100,4686.41224507,0.9841465714647,0x82a2f985b345eeaccf12bc81230a8673ecac0165,2017-11-01T14:51:01.000Z,0.00021,0xdb1dc0ae2eab3fececcda0f7c538602ffc479f19,sell,0xb3203db25a01fa7950a860b42b899ad7da52ddd6,0xe2da87a9da7096af91805f716a3d1763d6af646329927e032f80cdc4a93e9105
101,6550,1.7685,0x2de3159d8d07e69bbdc4b682c00f7586cd0b1ed1,2017-11-01T14:35:29.000Z,0.00027,0xdb1dc0ae2eab3fececcda0f7c538602ffc479f19,sell,0xb3203db25a01fa7950a860b42b899ad7da52ddd6,0x6d09d453195688050b65ff1ce04156eabcf005eea96b34a143f5e91ab0602742
102,2000,0.4102,0xd18a7ead69b9fe434cf377a24e1c99f56fe36b84,2017-11-01T14:30:39.000Z,0.0002051,0xdb1dc0ae2eab3fececcda0f7c538602ffc479f19,sell,0xb3203db25a01fa7950a860b42b899ad7da52ddd6,0xed77d112ced403e33cf82857cea8465c317d16d1755fd99d563ca3e95ff3d4f9
103,330,0.099,0x8fd2811da805956a7b14e8e091dc156f4be248e5,2017-11-01T14:22:48.000Z,0.0003,0x13c3fd153e23ded7477e0817ad4d5754e2d67649,sell,0xb3203db25a01fa7950a860b42b899ad7da52ddd6,0x55a8133a60519c5ae085683ae8dcd09865785bba68c0467013aa38f9de24cbf9
104,90,0.0323991,0xd9443383a97df9c5a3b3d4d6ce80fa93cd9e536b,2017-11-01T14:20:59.000Z,0.00035999,0x7ef08a950fe33e19ca0b443198d68b866679b1dd,buy,0xb3203db25a01fa7950a860b42b899ad7da52ddd6,0xa96f696da9509d3c7affe2a786877ec0e7f1afd2c0912673b6f2fff4f1e087fd
105,500,0.115012,0x36ac32b737afb8c3f35056fd8ea1e68cff54208f,2017-11-01T14:20:18.000Z,0.000230024,0xdb1dc0ae2eab3fececcda0f7c538602ffc479f19,sell,0xb3203db25a01fa7950a860b42b899ad7da52ddd6,0xa0e88932e7ff60713be3c0db7f4eff091bcc68136ea704d7fe1f9facf10ce5c2
106,599.8256928,0.17994770784,0xf710badf51a93a61e40f3446e62ab06375edbde2,2017-11-01T14:19:59.000Z,0.0003,0xdb1dc0ae2eab3fececcda0f7c538602ffc479f19,sell,0xb3203db25a01fa7950a860b42b899ad7da52ddd6,0x7a51629e635e3e28a197605acb371ce71218ebffa44d69dd42641600374644d8
107,500,0.1375,0xf710badf51a93a61e40f3446e62ab06375edbde2,2017-11-01T14:18:19.000Z,0.000275,0xdb1dc0ae2eab3fececcda0f7c538602ffc479f19,sell,0xb3203db25a01fa7950a860b42b899ad7da52ddd6,0x6ebde6a576596f47d5eec8de358f817d3f32c68f74fb008659ef46ffb7071e93
108,2000,0.406,0xd18a7ead69b9fe434cf377a24e1c99f56fe36b84,2017-11-01T14:18:08.000Z,0.000203,0xdb1dc0ae2eab3fececcda0f7c538602ffc479f19,sell,0xb3203db25a01fa7950a860b42b899ad7da52ddd6,0x2f452479dc9a25c378967b6890161c69a8c4d7afd5f71e48ef53f9cbd54bf681
109,100,0.035999,0xd9443383a97df9c5a3b3d4d6ce80fa93cd9e536b,2017-11-01T14:15:25.000Z,0.00035999,0x7ef08a950fe33e19ca0b443198d68b866679b1dd,buy,0xb3203db25a01fa7950a860b42b899ad7da52ddd6,0xb20437fb63941cf6c631bf4e55ad1f454be9af536c43b60a5958b3ad3997a935
110,534.5949525,0.16037848575047797,0x7ef08a950fe33e19ca0b443198d68b866679b1dd,2017-11-01T14:12:21.000Z,0.00030000000000089406,0xba2d954fb99ddaedd244c783cfd89b43a9e5bd67,buy,0xb3203db25a01fa7950a860b42b899ad7da52ddd6,0x02d2df2eddfc7cbd1c77f5218e792e1a9a463a7d24823f7ed7a757fc84afeca6
111,164.42576039,0.04932772811767036,0x7ef08a950fe33e19ca0b443198d68b866679b1dd,2017-11-01T14:11:18.000Z,0.00030000000000407695,0xba2d954fb99ddaedd244c783cfd89b43a9e5bd67,buy,0xb3203db25a01fa7950a860b42b899ad7da52ddd6,0xfaf4a894b330613a39ae1ef2d059b2599349aad0ce0304df7b4b629f74edafee
112,650,0.195,0xf710badf51a93a61e40f3446e62ab06375edbde2,2017-11-01T14:10:53.000Z,0.0003,0x7ef08a950fe33e19ca0b443198d68b866679b1dd,sell,0xb3203db25a01fa7950a860b42b899ad7da52ddd6,0xd224a7c558662ba4845e80286470b1dbde47f34ae3138b7f9a4530ca76fe4ad1
113,100,0.03,0xb5fcc87ad0248d20028ad06f0278481988436fe3,2017-11-01T14:08:50.000Z,0.0003,0xba2d954fb99ddaedd244c783cfd89b43a9e5bd67,buy,0xb3203db25a01fa7950a860b42b899ad7da52ddd6,0xd26aaa74e9c38838b92c5176b344eef1f6b81f304208f384005cfbf7e83558b9
114,100,0.03,0xd9443383a97df9c5a3b3d4d6ce80fa93cd9e536b,2017-11-01T14:07:57.000Z,0.0003,0xba2d954fb99ddaedd244c783cfd89b43a9e5bd67,buy,0xb3203db25a01fa7950a860b42b899ad7da52ddd6,0xdf9d969bd1b43d90185d1cb4645721cc9fe468610fc7c2108717ee67d16a6ec3
115,840,0.23100000000084,0xd7ed1d93e06bb505404c03f987a2267d9791fad4,2017-11-01T13:55:05.000Z,0.000275000000001,0xdb1dc0ae2eab3fececcda0f7c538602ffc479f19,sell,0xb3203db25a01fa7950a860b42b899ad7da52ddd6,0xd21b75ba34b33fb6b39dd76163a9febba187c22a967847420a98eb5a8dc3da3c
116,0.00009762,0.000000029286144465,0xd9443383a97df9c5a3b3d4d6ce80fa93cd9e536b,2017-11-01T13:54:43.000Z,0.0003000014798709281,0xba2d954fb99ddaedd244c783cfd89b43a9e5bd67,buy,0xb3203db25a01fa7950a860b42b899ad7da52ddd6,0xfd3b58e2cdfc790e2f164e944791099adf59b08dd3a37730bb90a9ebb6ee33e5
117,73.893,0.0221679,0x692306857d17a8f31bb5feb17cfe765773487e66,2017-11-01T13:53:49.000Z,0.0003,0xba2d954fb99ddaedd244c783cfd89b43a9e5bd67,buy,0xb3203db25a01fa7950a860b42b899ad7da52ddd6,0x26f02d3f4bc3b9050ff0e2983c07045c6ce7bec864500a69ad787c694881d323
118,26.10695842,0.00783208752766424,0x692306857d17a8f31bb5feb17cfe765773487e66,2017-11-01T13:51:23.000Z,0.000300000000063747,0xba2d954fb99ddaedd244c783cfd89b43a9e5bd67,buy,0xb3203db25a01fa7950a860b42b899ad7da52ddd6,0x0e8d147263c2d6bb93e481828744f2ff009b91f1e25777bcb8420fa19fe66249
119,100,0.0300012,0x36ac32b737afb8c3f35056fd8ea1e68cff54208f,2017-11-01T13:51:23.000Z,0.000300012,0x692306857d17a8f31bb5feb17cfe765773487e66,sell,0xb3203db25a01fa7950a860b42b899ad7da52ddd6,0xc83382d12c7fe4580eb7948b5fd3d2e6b7cefaa479c8120955a0f1ccd34e77d7
120,0.97923105,0.000293769315123118,0xd9443383a97df9c5a3b3d4d6ce80fa93cd9e536b,2017-11-01T13:48:10.000Z,0.00030000000012572926,0xba2d954fb99ddaedd244c783cfd89b43a9e5bd67,buy,0xb3203db25a01fa7950a860b42b899ad7da52ddd6,0xbe3fa985b18736fa4ca0167ffe7f95fd7d37d3233054fc48985e7f7707f936b7
121,400,0.120008,0x7ef08a950fe33e19ca0b443198d68b866679b1dd,2017-11-01T13:48:10.000Z,0.00030002,0xdb1dc0ae2eab3fececcda0f7c538602ffc479f19,sell,0xb3203db25a01fa7950a860b42b899ad7da52ddd6,0x4008d2f84103e3c36168be873ce5ef779d4be8cace6b66c586be8d800339cb2d
122,1313.86069212,0.394158207636,0x49dc235474e153367b593cab41b56dff301fbea0,2017-11-01T13:47:10.000Z,0.0003,0xdb1dc0ae2eab3fececcda0f7c538602ffc479f19,sell,0xb3203db25a01fa7950a860b42b899ad7da52ddd6,0x29cde68461b9696c2161b3915bb5ea8d424e98bbcca0367c5c54fe04d5ce4f17
123,1360,0.4284,0x82a2f985b345eeaccf12bc81230a8673ecac0165,2017-11-01T13:38:17.000Z,0.000315,0xb4ef62a512cf6ce2a548e5b4b88cfa8cd93e8aa3,buy,0xb3203db25a01fa7950a860b42b899ad7da52ddd6,0x12ba4a65bd6d1899867921cf6fbe16935d1a1cf521e18065419f3d9c406ac06b
124,433.93396372,0.13018062304996372,0x7ef08a950fe33e19ca0b443198d68b866679b1dd,2017-11-01T13:28:31.000Z,0.000300001,0xdb1dc0ae2eab3fececcda0f7c538602ffc479f19,sell,0xb3203db25a01fa7950a860b42b899ad7da52ddd6,0x7749758a6d67cb87c0f504c14f51f5f01320137353bdd919652b3f3f8d46f5f4
125,921,0.299325,0x2de3159d8d07e69bbdc4b682c00f7586cd0b1ed1,2017-11-01T13:20:51.000Z,0.000325,0x13c3fd153e23ded7477e0817ad4d5754e2d67649,sell,0xb3203db25a01fa7950a860b42b899ad7da52ddd6,0x7e07ea27196b1f76d9e01059fcfccd15cdc0327c320115608aa5ac6da9a63461
126,654.228,0.20935296,0x7ef08a950fe33e19ca0b443198d68b866679b1dd,2017-11-01T12:50:33.000Z,0.00032,0xba2d954fb99ddaedd244c783cfd89b43a9e5bd67,buy,0xb3203db25a01fa7950a860b42b899ad7da52ddd6,0xc7666cf2fe854af7b8e544f857e8a6f6131e7bdde89884023c1e1faca30c3a2e
127,300,0.0930003,0x7ef08a950fe33e19ca0b443198d68b866679b1dd,2017-11-01T12:50:00.000Z,0.000310001,0x13c3fd153e23ded7477e0817ad4d5754e2d67649,sell,0xb3203db25a01fa7950a860b42b899ad7da52ddd6,0xbe2307c80e1a0b8deae74fee0f77433a2c57bcc55f3ec2a07f85ea313a2cd361
128,200.01995454,0.06200638592735454,0x7ef08a950fe33e19ca0b443198d68b866679b1dd,2017-11-01T12:49:44.000Z,0.000310001,0x13c3fd153e23ded7477e0817ad4d5754e2d67649,sell,0xb3203db25a01fa7950a860b42b899ad7da52ddd6,0x19fa6981f23f53fb288ea4f6d710b9ce2b7057858fbd433d67ba322da0f2c5b8
129,100.15450359,0.03104799626740359,0x7ef08a950fe33e19ca0b443198d68b866679b1dd,2017-11-01T12:37:48.000Z,0.000310001,0x04111aa8d920685305fdf701824869c75a8c6589,sell,0xb3203db25a01fa7950a860b42b899ad7da52ddd6,0x9d259d2c191f9909ec59bfaf24f9581e1e1ad849253af57dc2bf22afda13715d
130,2500,0.58,0x7ef08a950fe33e19ca0b443198d68b866679b1dd,2017-11-01T12:34:49.000Z,0.000232,0xdb1dc0ae2eab3fececcda0f7c538602ffc479f19,sell,0xb3203db25a01fa7950a860b42b899ad7da52ddd6,0xa8e9556cc2288c7ddfab923949f48957a340a9aaadad79611fba9a9f14651f8a
131,200,0.072,0xb5fcc87ad0248d20028ad06f0278481988436fe3,2017-11-01T12:02:49.000Z,0.00036,0xba2d954fb99ddaedd244c783cfd89b43a9e5bd67,buy,0xb3203db25a01fa7950a860b42b899ad7da52ddd6,0x73fb7893e427d765c95162b6bd4f041f97c23c35c08f943f2240d20beb1c8f64
132,199.82554187,0.06194611780524187,0x7ef08a950fe33e19ca0b443198d68b866679b1dd,2017-11-01T12:01:26.000Z,0.000310001,0x04111aa8d920685305fdf701824869c75a8c6589,sell,0xb3203db25a01fa7950a860b42b899ad7da52ddd6,0x2c4ffc5188e043639ad11f2dc8a26cbb2fa9eedd5b6b919511bb08102d81681a
133,49.98965424,0.0154967928144,0x692306857d17a8f31bb5feb17cfe765773487e66,2017-11-01T11:43:21.000Z,0.00031,0xf71326a435fd4f8dba89a630d10776f2e96e1a35,sell,0xb3203db25a01fa7950a860b42b899ad7da52ddd6,0xfa1f35601024c8b66d2d3fc3dfe24df474b92ca3f98d3a3530c286d10d583bf1
134,0.01034576,0.0000032071856,0x692306857d17a8f31bb5feb17cfe765773487e66,2017-11-01T11:18:32.000Z,0.00031,0x04111aa8d920685305fdf701824869c75a8c6589,sell,0xb3203db25a01fa7950a860b42b899ad7da52ddd6,0xff6284388a29124548832a2e14d489ea38847d432802bb58a70cc5347e906e89
135,27.1712485,0.010539727295384308,0x8e40fdcb44ccba2b997df1c6cec2cb49fa119557,2017-11-01T11:08:42.000Z,0.0003879000000822306,0x7ef08a950fe33e19ca0b443198d68b866679b1dd,buy,0xb3203db25a01fa7950a860b42b899ad7da52ddd6,0xe8704c4eacef1fa920ddcfdfe66c5873d879db541f3930faba46c7fbc31735da
136,150,0.05924985,0x8e40fdcb44ccba2b997df1c6cec2cb49fa119557,2017-11-01T10:48:53.000Z,0.000394999,0x692306857d17a8f31bb5feb17cfe765773487e66,buy,0xb3203db25a01fa7950a860b42b899ad7da52ddd6,0x2610a51649a97f072b83e173190b5ab639494aee7e0ec04f9046f4e8c0e0c34b
137,57.3989239,0.021237601844282722,0xf71326a435fd4f8dba89a630d10776f2e96e1a35,2017-11-01T10:15:34.000Z,0.0003700000000223475,0x8ae2b34e5f22a783a7ee0f5970a16eeb37c18a74,buy,0xb3203db25a01fa7950a860b42b899ad7da52ddd6,0x5fa3c70e0acf5e6a909712166d15619313d1a1956fe6c4d787e446aaee66851e
138,1000,0.3879,0xf71326a435fd4f8dba89a630d10776f2e96e1a35,2017-11-01T10:15:34.000Z,0.0003879,0x7ef08a950fe33e19ca0b443198d68b866679b1dd,buy,0xb3203db25a01fa7950a860b42b899ad7da52ddd6,0x1d9efe11e03a14fdd8e691e7227e53006eb602f2fa77269c28b9703df4240a31
139,566.06603628,0.16982037695003627,0x7ef08a950fe33e19ca0b443198d68b866679b1dd,2017-11-01T10:06:12.000Z,0.000300001,0x49fafdb349fa7301d8be1ab2e55d895c91a515b1,sell,0xb3203db25a01fa7950a860b42b899ad7da52ddd6,0xd1245512db9116fc53172d84226e01c0304ce76f167bbc83dcf173063cbe0531
140,42.053,0.01303643,0x6572add9cc26b5ed05dad2a47417ad5dabb50103,2017-11-01T10:03:33.000Z,0.00031,0x49fafdb349fa7301d8be1ab2e55d895c91a515b1,sell,0xb3203db25a01fa7950a860b42b899ad7da52ddd6,0x60902af9b003f0de7d8f391208a6e54069036aaf7dbf3d507a4a3ee72ba1b639
141,199.99982399,0.059999947197,0x0cd2795a623adeb9370e2895e8d7526a6e4c556d,2017-11-01T09:38:53.000Z,0.0003,0x7bc745440e4af88ce87d1f8d10036ac5ba81525e,buy,0xb3203db25a01fa7950a860b42b899ad7da52ddd6,0x4fe16fac3ce9b2fa1fff474d956cd630d3b4913a826479e1af51f7b81ba62b25
142,199.40161913,0.0618145019303,0x6572add9cc26b5ed05dad2a47417ad5dabb50103,2017-11-01T09:38:53.000Z,0.00031,0x0cd2795a623adeb9370e2895e8d7526a6e4c556d,sell,0xb3203db25a01fa7950a860b42b899ad7da52ddd6,0x4fe16fac3ce9b2fa1fff474d956cd630d3b4913a826479e1af51f7b81ba62b25
143,257.54504,0.0798389624,0x6572add9cc26b5ed05dad2a47417ad5dabb50103,2017-11-01T09:38:04.000Z,0.00031,0x273a5d3e6721b9f5c1a6474f560c1334c63dda01,sell,0xb3203db25a01fa7950a860b42b899ad7da52ddd6,0xd8f07cbb011f9887c457919b82dc1db0d031c7f5cacc43dc9271c1f3c6c4a0ab
144,258.32,0.077496,0x273a5d3e6721b9f5c1a6474f560c1334c63dda01,2017-11-01T09:38:04.000Z,0.0003,0x7bc745440e4af88ce87d1f8d10036ac5ba81525e,buy,0xb3203db25a01fa7950a860b42b899ad7da52ddd6,0xd8f07cbb011f9887c457919b82dc1db0d031c7f5cacc43dc9271c1f3c6c4a0ab
145,138.60107609,0.05128239815571728,0xe2b81f3aecdf9c34f72ff97517516d3d185d5ebe,2017-11-01T08:12:24.000Z,0.0003700000000174405,0x8ae2b34e5f22a783a7ee0f5970a16eeb37c18a74,buy,0xb3203db25a01fa7950a860b42b899ad7da52ddd6,0xb1e4df85daf636e7e0b5a4b577d12f83b4cd9a8ea059859d2949f526ce6197ac
146,1490.51284096,0.5768284694546905,0xe2b81f3aecdf9c34f72ff97517516d3d185d5ebe,2017-11-01T08:10:17.000Z,0.00038700000000212707,0x7ef08a950fe33e19ca0b443198d68b866679b1dd,buy,0xb3203db25a01fa7950a860b42b899ad7da52ddd6,0x41e99c37a190b55e512c697151e68ec51af087519fd6bb3607fe2ff22dc2fd97
147,8.48715903,0.00328453054530954,0xe2b81f3aecdf9c34f72ff97517516d3d185d5ebe,2017-11-01T08:08:41.000Z,0.00038700000008242335,0x7ef08a950fe33e19ca0b443198d68b866679b1dd,buy,0xb3203db25a01fa7950a860b42b899ad7da52ddd6,0x758fd3c048a02bb9afee1f508454b89900ebad42cd85a511b608c9fab62c17d2
148,999.9998984,0.29999996952,0x7ef08a950fe33e19ca0b443198d68b866679b1dd,2017-11-01T07:59:22.000Z,0.0003,0x7bf4c3d358bc93073d6559a2d76a7154df1529f7,buy,0xb3203db25a01fa7950a860b42b899ad7da52ddd6,0xf4dad9c3065a9073f30302f3184e83d7fe736677b1aa0e2d64d576f3decfa6c9
149,1000,0.3,0x7ef08a950fe33e19ca0b443198d68b866679b1dd,2017-11-01T07:58:50.000Z,0.0003,0x7bf4c3d358bc93073d6559a2d76a7154df1529f7,buy,0xb3203db25a01fa7950a860b42b899ad7da52ddd6,0x13e567089aafccf34afd42d592c89e8399d55d938dbe83661edf4d6083e74e2b
150,2942.418,0.8827254,0x7ef08a950fe33e19ca0b443198d68b866679b1dd,2017-11-01T07:56:46.000Z,0.0003,0x7bf4c3d358bc93073d6559a2d76a7154df1529f7,buy,0xb3203db25a01fa7950a860b42b899ad7da52ddd6,0x41ac2871a2a24f2704ee52385259be8ce6ed93e31ae1cd126b39b242894ff38c
151,9.9690958,0.0029908384000538,0x7ef08a950fe33e19ca0b443198d68b866679b1dd,2017-11-01T07:19:39.000Z,0.000300011,0x8db02ffe88c100c22e511eba27b556f794aa8365,sell,0xb3203db25a01fa7950a860b42b899ad7da52ddd6,0x18772a01dcdbd3dc4e1dc2c24476166deade34f6f32532cadbd81ae352aec45d
152,361.58,0.108474,0x7ef08a950fe33e19ca0b443198d68b866679b1dd,2017-11-01T07:18:32.000Z,0.0003,0xba2d954fb99ddaedd244c783cfd89b43a9e5bd67,buy,0xb3203db25a01fa7950a860b42b899ad7da52ddd6,0x593e0ab7f6e112255ab0891b563aa88b15316e4ece27e7561115006f7ae60b27
153,362.57202671,0.04967635595156381,0x1f94b7603de363a5565667b31cdbae92f956282f,2017-11-01T06:45:51.000Z,0.000137011,0xc4ecebfd3cbd3cfca787ab7d68db25b8079ae858,sell,0xb3203db25a01fa7950a860b42b899ad7da52ddd6,0x30c6d1ffdd014aefad69839be7d598211abef63fdf36053610c6da78aec29a17
154,9.99479202,0.002998437606852115,0xb004df0d7d4c258cc36c38dda1dd5d0c791ba989,2017-11-01T04:51:43.000Z,0.0003000000000852559,0xedf4d30c749aa9e0f9621b4799705b974d52e5a6,buy,0xb3203db25a01fa7950a860b42b899ad7da52ddd6,0x4e28481170102b9d10ad77d9bfdc219f41ab55ba632a49eacc56df066cd724b1
155,0.00520797,0.000001562393147885,0x39460921600bb60cdc9cf24a74724baba7f0383e,2017-11-01T04:15:06.000Z,0.0003000004124226906,0xedf4d30c749aa9e0f9621b4799705b974d52e5a6,buy,0xb3203db25a01fa7950a860b42b899ad7da52ddd6,0x0e51247b72e7202a5c59f6edba44da3a65ca8e91bed0b4cd55a7e27ecf555181
156,18.53009232,0.005559027696,0xf710badf51a93a61e40f3446e62ab06375edbde2,2017-11-01T03:45:48.000Z,0.0003,0xe6dce38a61edba2cd7dc0be24aa42f1c1bd3de0c,sell,0xb3203db25a01fa7950a860b42b899ad7da52ddd6,0xbae3b5ac9e9c15cfa85cecc0365a69015981642f4bafd890c02a4a4d7eb97820
157,1,0.000387,0xe1fa699860444be91d366c21de8fef56e3dec77a,2017-11-01T01:47:01.000Z,0.000387,0x7ef08a950fe33e19ca0b443198d68b866679b1dd,buy,0xb3203db25a01fa7950a860b42b899ad7da52ddd6,0xb4d8b9cc6ea73bd37ba869e4a32412c429af2eb02acb677c60b9b3172115633c
158,70.05064615,0.02276645999875,0x66b1032cdb272365be2541ea4309e573381268df,2017-11-01T00:06:47.000Z,0.000325,0x7ef08a950fe33e19ca0b443198d68b866679b1dd,sell,0xb3203db25a01fa7950a860b42b899ad7da52ddd6,0x82c5cc6cf081c7f91cdeb051947b4a9d13c5c1008299d9c5c22911d0d7374c8e
159,413,0.150745,0x66b1032cdb272365be2541ea4309e573381268df,2017-11-01T00:02:58.000Z,0.000365,0x13c3fd153e23ded7477e0817ad4d5754e2d67649,sell,0xb3203db25a01fa7950a860b42b899ad7da52ddd6,0x3c2e2fc2f2806ba4c4e46b0deefea4c848bdcbc73d0f0eb89e9fe3cf961223e8
160,187,0.068255,0x66b1032cdb272365be2541ea4309e573381268df,2017-11-01T00:01:24.000Z,0.000365,0xd0f84fb4ef075ea05df805b0d9d6fa720bfebf5e,sell,0xb3203db25a01fa7950a860b42b899ad7da52ddd6,0x0efd9e78a3e533ec1af63638114a247a9ff1023d6aed5dce48894a585888828f
161,1000,0.3889,0x479eeb05a4a79a7ba4642baa96de49a58496f46f,2017-10-31T23:47:39.000Z,0.0003889,0x7ef08a950fe33e19ca0b443198d68b866679b1dd,buy,0xb3203db25a01fa7950a860b42b899ad7da52ddd6,0x8a62fc1ba3457bd8979a34d99e831e9b9b10268acca48d5d142bee7e71038ba5
162,500,0.17995,0xb004df0d7d4c258cc36c38dda1dd5d0c791ba989,2017-10-31T23:46:08.000Z,0.0003599,0x7ef08a950fe33e19ca0b443198d68b866679b1dd,buy,0xb3203db25a01fa7950a860b42b899ad7da52ddd6,0x166357944c936f818084c46f6386a300e96d48151c0b5b66afa8077ed335d9ab
163,0.26916558,0.00003552985656,0x8f39ed51a45811dd6b7517b420613c1a0818ec67,2017-10-31T23:35:59.000Z,0.000132,0xb5fcc87ad0248d20028ad06f0278481988436fe3,sell,0xb3203db25a01fa7950a860b42b899ad7da52ddd6,0x79ff350102f635f3a5d9fab510993045043ef72ae20c4cb5eb204ce31e169fff
164,500,0.17995,0xf71326a435fd4f8dba89a630d10776f2e96e1a35,2017-10-31T23:31:05.000Z,0.0003599,0x7ef08a950fe33e19ca0b443198d68b866679b1dd,buy,0xb3203db25a01fa7950a860b42b899ad7da52ddd6,0xf82adcfe8b2df4b0f7eef09a9b45eff66447bdfdc0fff09832ba099bcda4da92
165,600,0.195,0x32d92c67a297fd5b7a819139c3908465c0a41193,2017-10-31T23:13:16.000Z,0.000325,0xf710badf51a93a61e40f3446e62ab06375edbde2,buy,0xb3203db25a01fa7950a860b42b899ad7da52ddd6,0x402d0b24aec602764c5cf75f41e83d9233db658089f31b5aa13023fa4c3325da
166,600,0.195,0x32d92c67a297fd5b7a819139c3908465c0a41193,2017-10-31T23:13:16.000Z,0.000325,0xf710badf51a93a61e40f3446e62ab06375edbde2,buy,0xb3203db25a01fa7950a860b42b899ad7da52ddd6,0x0dcf9746ae3c9e331f46a5689e10615a65541073c1159b23a445c9b95b738f88
167,300,0.0975,0x32d92c67a297fd5b7a819139c3908465c0a41193,2017-10-31T23:13:16.000Z,0.000325,0xf710badf51a93a61e40f3446e62ab06375edbde2,buy,0xb3203db25a01fa7950a860b42b899ad7da52ddd6,0xb3ec44cf604acd407ad526539ead27a4ca025db41e022f8ad379bde156b33b5e
168,300,0.0975,0x32d92c67a297fd5b7a819139c3908465c0a41193,2017-10-31T23:12:19.000Z,0.000325,0xf710badf51a93a61e40f3446e62ab06375edbde2,buy,0xb3203db25a01fa7950a860b42b899ad7da52ddd6,0x13c0ade880a26b671ba49d8dfd27b1faf725bdcd1241a95f62d1a5f54e6b4450
169,600,0.192,0x32d92c67a297fd5b7a819139c3908465c0a41193,2017-10-31T23:12:08.000Z,0.00032,0xf710badf51a93a61e40f3446e62ab06375edbde2,buy,0xb3203db25a01fa7950a860b42b899ad7da52ddd6,0x8e299cd19f21655db2b2131c5acd69b3a9eed5c0fc910ff99d07357488de086f
170,114.363,0.030306195,0xf71326a435fd4f8dba89a630d10776f2e96e1a35,2017-10-31T21:37:38.000Z,0.000265,0x74d8c17cbfd07dc7aa162dd82b4684d0d3ea73ee,buy,0xb3203db25a01fa7950a860b42b899ad7da52ddd6,0x1894b92f4831f374381b5c37203eed531715e9758ca9e1d0fd226addbfafbe92
171,150,0.0375,0x692306857d17a8f31bb5feb17cfe765773487e66,2017-10-31T21:33:34.000Z,0.00025,0x74d8c17cbfd07dc7aa162dd82b4684d0d3ea73ee,sell,0xb3203db25a01fa7950a860b42b899ad7da52ddd6,0xc26e05bda799fa99871352585e841c977a482ab210491956a31cf7b8c6ed8120
172,150,0.039,0x692306857d17a8f31bb5feb17cfe765773487e66,2017-10-31T21:33:01.000Z,0.00026,0x74d8c17cbfd07dc7aa162dd82b4684d0d3ea73ee,sell,0xb3203db25a01fa7950a860b42b899ad7da52ddd6,0x8f8b9c8417617aa391cc7b8b8eccd216672af17f509513e1c0708b8677fa91de
173,500,0.13025,0x7ef08a950fe33e19ca0b443198d68b866679b1dd,2017-10-31T21:32:20.000Z,0.0002605,0x74d8c17cbfd07dc7aa162dd82b4684d0d3ea73ee,sell,0xb3203db25a01fa7950a860b42b899ad7da52ddd6,0x4ee2dc3cb51e77fb04752ba139e8a4cc2e2acba51ee062ee05cc002609fce4ec
174,100,0.03889,0x692306857d17a8f31bb5feb17cfe765773487e66,2017-10-31T21:21:21.000Z,0.0003889,0x97ccc19febdde497629a07b4f82ea9fde58ec3e7,buy,0xb3203db25a01fa7950a860b42b899ad7da52ddd6,0xdf496bf7d725b225dd88188d3b85b687cb6195f901716abd29111f71f8beabd0
175,400,0.156,0x39460921600bb60cdc9cf24a74724baba7f0383e,2017-10-31T21:08:28.000Z,0.00039,0x7ef08a950fe33e19ca0b443198d68b866679b1dd,buy,0xb3203db25a01fa7950a860b42b899ad7da52ddd6,0x8d27a94d870dbbef016662af173a093ec24a315127bb00b8cfc7cc76d1d30bbf
176,600,0.234,0xb417f251892a438e1a2368abfedc4fcc8ec90055,2017-10-31T20:59:06.000Z,0.00039,0x7ef08a950fe33e19ca0b443198d68b866679b1dd,buy,0xb3203db25a01fa7950a860b42b899ad7da52ddd6,0xd40413ef76c2ed56113b6bad81ffa34a0dafbed1489c2187d60b3ae192396f1e
177,100,0.0392599,0xc9851cc81a6bf64f495c244b11d0eb78d245d293,2017-10-31T20:33:34.000Z,0.000392599,0x692306857d17a8f31bb5feb17cfe765773487e66,buy,0xb3203db25a01fa7950a860b42b899ad7da52ddd6,0x56a1e9b2c94595d676a355b48392619bacc9724e52d6c241eb585aab4190e10d
178,100,0.0389999,0xb004df0d7d4c258cc36c38dda1dd5d0c791ba989,2017-10-31T20:01:02.000Z,0.000389999,0x692306857d17a8f31bb5feb17cfe765773487e66,buy,0xb3203db25a01fa7950a860b42b899ad7da52ddd6,0x7f1797d5787d3f2566b3c5711472191ec802adf530a126221b170fe428c639cc
179,100,0.03895,0xb004df0d7d4c258cc36c38dda1dd5d0c791ba989,2017-10-31T19:54:53.000Z,0.0003895,0x692306857d17a8f31bb5feb17cfe765773487e66,buy,0xb3203db25a01fa7950a860b42b899ad7da52ddd6,0xb44dd3f36297d81f1f511736e369c5cf29419349fa0dd54f00f43f23252a854b
180,200,0.08,0xb004df0d7d4c258cc36c38dda1dd5d0c791ba989,2017-10-31T19:36:18.000Z,0.0004,0x0818471d216c65c8098bcea12d0e86b2d4495059,buy,0xb3203db25a01fa7950a860b42b899ad7da52ddd6,0xb8b0f8b15263eec6de0cfc763de1401a06a4424a53d38142e9eb2dc279061857
181,100,0.038,0xb004df0d7d4c258cc36c38dda1dd5d0c791ba989,2017-10-31T19:34:51.000Z,0.00038,0x0818471d216c65c8098bcea12d0e86b2d4495059,buy,0xb3203db25a01fa7950a860b42b899ad7da52ddd6,0x7fd54cedd0e9fd528819cde88580c3f0e943df7e773dae88b875d7af31ec761c
182,0.26916558,0.00005490977832,0xb5fcc87ad0248d20028ad06f0278481988436fe3,2017-10-31T19:12:48.000Z,0.000204,0x8cbde194eba889f0db13833f7334c859c2cd6f08,sell,0xb3203db25a01fa7950a860b42b899ad7da52ddd6,0x698c282b68ed1fb96e32f573610aa652a5b246cf7893a20f4b7a58583a4fcbf6
183,189.99995994,0.07599789397644066,0xb004df0d7d4c258cc36c38dda1dd5d0c791ba989,2017-10-31T19:10:23.000Z,0.000399989,0xec670ebbd986f392d85b38f586c7dfa4df3a4b88,buy,0xb3203db25a01fa7950a860b42b899ad7da52ddd6,0xad0e6a1e6c05d4dd4c5de624e3ada1c2e2314a07a0a7953b16f5aebf460686ca
184,1344,0.4704,0x32d92c67a297fd5b7a819139c3908465c0a41193,2017-10-31T19:07:17.000Z,0.00035,0x8cbde194eba889f0db13833f7334c859c2cd6f08,buy,0xb3203db25a01fa7950a860b42b899ad7da52ddd6,0x957920f5165c74272085c82e8fc525dadd6712a63f2822b6356df78f68bcfa7a
185,1000,0.35,0x32d92c67a297fd5b7a819139c3908465c0a41193,2017-10-31T19:07:05.000Z,0.00035,0x046722a30ab190f986a1ee53318e4f86a0805859,buy,0xb3203db25a01fa7950a860b42b899ad7da52ddd6,0xbe30b2194081c312af5d8901039156d2e4bf51564e2508b7b946847a597738f5
186,220.042,0.076574616,0x32d92c67a297fd5b7a819139c3908465c0a41193,2017-10-31T19:05:42.000Z,0.000348,0x7ef08a950fe33e19ca0b443198d68b866679b1dd,buy,0xb3203db25a01fa7950a860b42b899ad7da52ddd6,0x3e1a8f045918523655064f6b723ef5f81e334bb50ef009bca4236caf1f1390b6
187,200,0.0692,0xb004df0d7d4c258cc36c38dda1dd5d0c791ba989,2017-10-31T19:03:54.000Z,0.000346,0xb766b6e0e52a97e11899c0423f4dda3ed5faa713,buy,0xb3203db25a01fa7950a860b42b899ad7da52ddd6,0x417ee594c12a60b36ebaf4e952b9f034f153c20db517c22abbb8a26c1f4c4717
188,150,0.051,0xb004df0d7d4c258cc36c38dda1dd5d0c791ba989,2017-10-31T18:57:18.000Z,0.00034,0x8ae2b34e5f22a783a7ee0f5970a16eeb37c18a74,buy,0xb3203db25a01fa7950a860b42b899ad7da52ddd6,0x76d08902335d9aec816b65467c063c95d499ba9db3ddd337d444c16f4d0faedf
189,400,0.1359996,0xb004df0d7d4c258cc36c38dda1dd5d0c791ba989,2017-10-31T18:54:43.000Z,0.000339999,0xb5fcc87ad0248d20028ad06f0278481988436fe3,buy,0xb3203db25a01fa7950a860b42b899ad7da52ddd6,0xb70a594734a4b4de8a4a2e05c5ef13967d804adb2811afbe88c540bc12f1fb10
190,200,0.04002,0xb766b6e0e52a97e11899c0423f4dda3ed5faa713,2017-10-31T18:52:30.000Z,0.0002001,0x8cbde194eba889f0db13833f7334c859c2cd6f08,sell,0xb3203db25a01fa7950a860b42b899ad7da52ddd6,0x5fa4fe0a2d5738a45fc6eabdbc5d3ef3d62d25c36e3be03c0b62a8b1bebdc75e
191,10,0.00201,0xb766b6e0e52a97e11899c0423f4dda3ed5faa713,2017-10-31T18:49:35.000Z,0.000201,0x8cbde194eba889f0db13833f7334c859c2cd6f08,sell,0xb3203db25a01fa7950a860b42b899ad7da52ddd6,0xcf67f18534e9802b89795c2255a03f86329170eabbc3814a98e96777dbda237f
192,100,0.019,0xb766b6e0e52a97e11899c0423f4dda3ed5faa713,2017-10-31T18:42:09.000Z,0.00019,0x8cbde194eba889f0db13833f7334c859c2cd6f08,sell,0xb3203db25a01fa7950a860b42b899ad7da52ddd6,0x705622a03ad51280ae70e4cd546af19034006a4ab5af55e59f0e93979c539031
193,100,0.02,0xb766b6e0e52a97e11899c0423f4dda3ed5faa713,2017-10-31T18:37:15.000Z,0.0002,0x8cbde194eba889f0db13833f7334c859c2cd6f08,sell,0xb3203db25a01fa7950a860b42b899ad7da52ddd6,0xa9bddd6bacbd0c1f986ef2bbada0b35166d3ced5a0f6db4ae5e124ef45c6ee15
194,10,0.002,0x82a2f985b345eeaccf12bc81230a8673ecac0165,2017-10-31T18:33:44.000Z,0.0002,0x0818471d216c65c8098bcea12d0e86b2d4495059,buy,0xb3203db25a01fa7950a860b42b899ad7da52ddd6,0xdedcee4392d2bd570a0f0cf378b2a01cb5ba15f7d16c5a17c47ea29b1ca33de3
195,1470,0.4779411,0x7dcbaccee928a1d85ce217aa8399b3af421dc8dd,2017-10-31T18:31:00.000Z,0.00032513,0x82a2f985b345eeaccf12bc81230a8673ecac0165,sell,0xb3203db25a01fa7950a860b42b899ad7da52ddd6,0x679fc7cfebfaf168964d316aea25d06319c0b81747bd3b998d4db9847b7421a7
196,1000,0.32513,0x7dcbaccee928a1d85ce217aa8399b3af421dc8dd,2017-10-31T18:29:11.000Z,0.00032513,0x82a2f985b345eeaccf12bc81230a8673ecac0165,sell,0xb3203db25a01fa7950a860b42b899ad7da52ddd6,0xadfda46930473a927644dbe0dbc94b4a3b3c6729f0339ec00a86910a95663e9b
197,99.999,0.0299997,0x32d92c67a297fd5b7a819139c3908465c0a41193,2017-10-31T18:15:47.000Z,0.0003,0xf71326a435fd4f8dba89a630d10776f2e96e1a35,buy,0xb3203db25a01fa7950a860b42b899ad7da52ddd6,0x3a9016e47d81c9d70db0a6e2830f8bae295122d9c4abbbcbb1bc4e6ec1f00005
198,150,0.046278285,0x32d92c67a297fd5b7a819139c3908465c0a41193,2017-10-31T18:15:47.000Z,0.0003085219,0x5f1483efda72fb1081902dd395f08f386ef01445,buy,0xb3203db25a01fa7950a860b42b899ad7da52ddd6,0xca8dbaa6a5f82c927d4586aa0a79e0e301646c9f2d676a4b4e78bfd4bae47f11
199,1500,0.27,0x82a2f985b345eeaccf12bc81230a8673ecac0165,2017-10-31T18:02:26.000Z,0.00018,0x8cbde194eba889f0db13833f7334c859c2cd6f08,sell,0xb3203db25a01fa7950a860b42b899ad7da52ddd6,0x5ca5ec52894722bf09695999fb629b84b6743ab4d98cf63568f1b90130cec9ed
200,743.08961486,0.22292688445817888,0x2ddd0808be289cb902711c7ac4148560297e6ca3,2017-10-31T18:00:19.000Z,0.0003000000000002407,0xd7ed1d93e06bb505404c03f987a2267d9791fad4,buy,0xb3203db25a01fa7950a860b42b899ad7da52ddd6,0xbc972341d3257f7c435b2086918f8b2b4e5a7931712bc1a3a7e76bb4f0197fe6
201,0.001,0.0000003,0xdcce32ecd82fb651983b10ba53bf3141a330c953,2017-10-31T17:59:16.000Z,0.0003,0xf71326a435fd4f8dba89a630d10776f2e96e1a35,buy,0xb3203db25a01fa7950a860b42b899ad7da52ddd6,0x76fba38e5cd92b1338c67bd4c25a16110eb2fa1535686d36e2816c9d32a091a4
202,28.37038513,0.008511115541820356,0xf4fc6ec07d34a5b5be6958577ba954ca8eff41ac,2017-10-31T17:53:39.000Z,0.000300000000099412,0xd7ed1d93e06bb505404c03f987a2267d9791fad4,buy,0xb3203db25a01fa7950a860b42b899ad7da52ddd6,0xcea2d78505f5d2b0e0896064d0994ffe964b8d8cb594166c62ddaf4b7b902287
203,1400,0.476,0xf4fc6ec07d34a5b5be6958577ba954ca8eff41ac,2017-10-31T17:52:33.000Z,0.00034,0x02c6d6c7f8e3f7ebcf98765eea3e7636d63ad096,buy,0xb3203db25a01fa7950a860b42b899ad7da52ddd6,0xde00272b64a08e64f9fa57cd8ef1d231667c6b327d3be048bd472f546041c1db
204,1800,0.504,0x32d92c67a297fd5b7a819139c3908465c0a41193,2017-10-31T17:47:21.000Z,0.00028,0x13c3fd153e23ded7477e0817ad4d5754e2d67649,buy,0xb3203db25a01fa7950a860b42b899ad7da52ddd6,0x7921ea3e1436c7ee7127243c2b112d4a45f794c5153176be6289201983a29847
205,299.561,0.08387708,0x32d92c67a297fd5b7a819139c3908465c0a41193,2017-10-31T17:47:21.000Z,0.00028,0xe6dce38a61edba2cd7dc0be24aa42f1c1bd3de0c,buy,0xb3203db25a01fa7950a860b42b899ad7da52ddd6,0xf6c463adb3846ca03eef87c4864d4b29323b858aef3788c7bdf450527ceb2ca5
206,1100,0.297,0x32d92c67a297fd5b7a819139c3908465c0a41193,2017-10-31T17:47:21.000Z,0.00027,0x82a2f985b345eeaccf12bc81230a8673ecac0165,buy,0xb3203db25a01fa7950a860b42b899ad7da52ddd6,0x69b759eee73641c70790f4689203e20a12770739bc7eb73947abbd2fb51e0131
207,400.74588301,0.10419392958331777,0x32d92c67a297fd5b7a819139c3908465c0a41193,2017-10-31T17:47:21.000Z,0.0002600000000017911,0x7ef08a950fe33e19ca0b443198d68b866679b1dd,buy,0xb3203db25a01fa7950a860b42b899ad7da52ddd6,0x109828c18ea7161bfc53c8c6649b5b3783d80602900aa0ad194c3f2927e2ebc0
208,339.25411698,0.08820607041668223,0xb417f251892a438e1a2368abfedc4fcc8ec90055,2017-10-31T17:15:10.000Z,0.0002600000000055481,0x7ef08a950fe33e19ca0b443198d68b866679b1dd,buy,0xb3203db25a01fa7950a860b42b899ad7da52ddd6,0x0892e5fbdd84578f91c89a8353cf154b46d2013528e05ba293db3666300c471c
209,715,0.1859,0x32d92c67a297fd5b7a819139c3908465c0a41193,2017-10-31T17:14:15.000Z,0.00026,0x7ef08a950fe33e19ca0b443198d68b866679b1dd,buy,0xb3203db25a01fa7950a860b42b899ad7da52ddd6,0x0b54b2f8d880fad9ad0501fe88f87dca500cf63f3be14e17a2fa04fa66b17ba3
210,6600,1.65,0x32d92c67a297fd5b7a819139c3908465c0a41193,2017-10-31T17:12:36.000Z,0.00025,0x49dc235474e153367b593cab41b56dff301fbea0,buy,0xb3203db25a01fa7950a860b42b899ad7da52ddd6,0xf5a8b3c92ef782029639596a0690a1cdff6555b2d70ab5bd73088511ab26d42d
211,7.601,0.0015202,0xb417f251892a438e1a2368abfedc4fcc8ec90055,2017-10-31T17:10:23.000Z,0.0002,0x25e13a2f29d3a02b4180476729cbed5f72bd447f,buy,0xb3203db25a01fa7950a860b42b899ad7da52ddd6,0x7149a95e3ef2714e676e01994009e2d5c0563a71ba61b076defffaa1abdbe8fc
212,629.20591786,0.15730085026057622,0x32d92c67a297fd5b7a819139c3908465c0a41193,2017-10-31T17:10:23.000Z,0.00024999900000237455,0x1f94b7603de363a5565667b31cdbae92f956282f,buy,0xb3203db25a01fa7950a860b42b899ad7da52ddd6,0xdd1c6a58cdf508dda5f35b97a2f8f4611c1eadef7ec8eadbcfe738b0e2b3866c
213,19,0.038,0x90fc4827f7c6b657383fafb59b99831360f46f56,2017-10-31T17:01:43.000Z,0.002,0x2741a420978da4a7d116c4688f33afba4dbf6095,buy,0xb3203db25a01fa7950a860b42b899ad7da52ddd6,0x6dc3505f296ed05196b02edca3b14af9b62aa0f6a8b5e04613ac7c00907ce100
214,170.79408213,0.042698349739423776,0xb417f251892a438e1a2368abfedc4fcc8ec90055,2017-10-31T16:52:38.000Z,0.0002499990000058896,0x1f94b7603de363a5565667b31cdbae92f956282f,buy,0xb3203db25a01fa7950a860b42b899ad7da52ddd6,0x0fd76b25b41259f9c63babec6696e39e8bcf71316bed19cadb7ab14cc28bd4b8
215,2000,0.5,0xc9851cc81a6bf64f495c244b11d0eb78d245d293,2017-10-31T16:39:25.000Z,0.00025,0x7ef08a950fe33e19ca0b443198d68b866679b1dd,buy,0xb3203db25a01fa7950a860b42b899ad7da52ddd6,0x720f38b069067f29fc95149263b2113ce615a664e54edbd1424318d065cfd63e
216,18.58727724,0.00258365012363724,0xe6dce38a61edba2cd7dc0be24aa42f1c1bd3de0c,2017-10-31T16:33:09.000Z,0.000139001,0xb7a1d512d11ec3208f2d72ab4ba351020da67a0b,sell,0xb3203db25a01fa7950a860b42b899ad7da52ddd6,0x9deb2189c86e2bf338fba5c2769ea54cbfddcaeb0d9f25341b532a6f2b07c145
217,2193,0.32895,0x82a2f985b345eeaccf12bc81230a8673ecac0165,2017-10-31T16:32:30.000Z,0.00015,0xb7a1d512d11ec3208f2d72ab4ba351020da67a0b,sell,0xb3203db25a01fa7950a860b42b899ad7da52ddd6,0x5d297cd58792e76b2e4c52f4fb4d15159a8abcac389a250186a44a1e1736201a
218,200,0.0499998,0x67d2bf1c8ce48498cf5233673f4aefed251414c2,2017-10-31T16:23:07.000Z,0.000249999,0x1f94b7603de363a5565667b31cdbae92f956282f,buy,0xb3203db25a01fa7950a860b42b899ad7da52ddd6,0x3ff46dde75f2691ae1ec927c464c65b527c5a52f22ec5bfdf763ba82da90e3c3
219,4.44874163,0.001112185409231382,0x0c180fe7606f28832f216e0751099b6d7e56470e,2017-10-31T15:06:12.000Z,0.0002500000003891847,0xe6dce38a61edba2cd7dc0be24aa42f1c1bd3de0c,buy,0xb3203db25a01fa7950a860b42b899ad7da52ddd6,0x3878eb3f420d03453267a74bc23de294f212c1fc48d6c28f3299d4b4cd5297eb
220,195.99,0.0489975,0x0c180fe7606f28832f216e0751099b6d7e56470e,2017-10-31T14:59:40.000Z,0.00025,0xe6dce38a61edba2cd7dc0be24aa42f1c1bd3de0c,buy,0xb3203db25a01fa7950a860b42b899ad7da52ddd6,0xa94430033cf2cb936ed6eac78e368642c32e5b79f458e870d6e0d0daa8ea7808
221,500,0.125,0x0c180fe7606f28832f216e0751099b6d7e56470e,2017-10-31T14:50:35.000Z,0.00025,0xe6dce38a61edba2cd7dc0be24aa42f1c1bd3de0c,buy,0xb3203db25a01fa7950a860b42b899ad7da52ddd6,0x2885484d2aeb98d5d0340521610ff6c11a3168e3c2878b9516e5f8f4a931e771
222,400,0.1,0x0c180fe7606f28832f216e0751099b6d7e56470e,2017-10-31T14:49:34.000Z,0.00025,0x7ef08a950fe33e19ca0b443198d68b866679b1dd,buy,0xb3203db25a01fa7950a860b42b899ad7da52ddd6,0x856138a39d9a116768939605cf7892f5fc739465d25cb43c605fb85831352b27
223,495.5,0.123875,0x0c180fe7606f28832f216e0751099b6d7e56470e,2017-10-31T14:49:34.000Z,0.00025,0xe6dce38a61edba2cd7dc0be24aa42f1c1bd3de0c,buy,0xb3203db25a01fa7950a860b42b899ad7da52ddd6,0x33b26d1da809691797e4c3cfcdc8f07c339516c13dbcae63735bf0a2ba564a5e
224,101,0.02121,0xa8c051c6d78bd4a739038a7036425728c4073659,2017-10-31T13:43:19.000Z,0.00021,0xb5fcc87ad0248d20028ad06f0278481988436fe3,buy,0xb3203db25a01fa7950a860b42b899ad7da52ddd6,0x6a2ba4debb263c9fa654c5484c61e060f8d01fb346e29f52ab43f186f8f03f12
225,400,0.0544,0x7ef08a950fe33e19ca0b443198d68b866679b1dd,2017-10-31T11:52:01.000Z,0.000136,0xe6dce38a61edba2cd7dc0be24aa42f1c1bd3de0c,sell,0xb3203db25a01fa7950a860b42b899ad7da52ddd6,0x62f4ef8e44d6c9764834fe8cbed7b100c60445b520fa45f54a7da4dea12250e8
226,1000,0.135001,0x1f94b7603de363a5565667b31cdbae92f956282f,2017-10-31T11:52:01.000Z,0.000135001,0xe6dce38a61edba2cd7dc0be24aa42f1c1bd3de0c,sell,0xb3203db25a01fa7950a860b42b899ad7da52ddd6,0xf0a18b6de932d482f66804d62102a6a8bbdb65900182d20271e895233e45534c
227,100,0.0137,0xb5fcc87ad0248d20028ad06f0278481988436fe3,2017-10-31T11:51:43.000Z,0.000137,0xe6dce38a61edba2cd7dc0be24aa42f1c1bd3de0c,sell,0xb3203db25a01fa7950a860b42b899ad7da52ddd6,0x8e04e7c4b090d16d586e43b61ff7c8b33039ab641800c0e99c42dd7da3cea281
228,45,0.0117,0xf71326a435fd4f8dba89a630d10776f2e96e1a35,2017-10-31T09:31:59.000Z,0.00026,0x7ef08a950fe33e19ca0b443198d68b866679b1dd,buy,0xb3203db25a01fa7950a860b42b899ad7da52ddd6,0xdba1621e783cf4eb37be2aa5bac3e018843d911ef767ac5fd33aac9889c723d8
229,1.75438596,0.0005,0x42c24a83bded723edfdf5883bc7efb30bc1a1bf3,2017-10-31T06:29:05.000Z,0.000285000000798,0x13c3fd153e23ded7477e0817ad4d5754e2d67649,buy,0xb3203db25a01fa7950a860b42b899ad7da52ddd6,0x0e1295f32e6c6d833c5dbe8eea3c22e3ef0f8ea2d5615afbbbf628b1873faca8
230,1.75438596,0.0005,0x34f9560c63078eb61872a4dc2ccd20e21c34feaf,2017-10-31T06:20:49.000Z,0.000285000000798,0x13c3fd153e23ded7477e0817ad4d5754e2d67649,buy,0xb3203db25a01fa7950a860b42b899ad7da52ddd6,0x78b85c8260fd238961fb75219cf2cce8965527f7431a5003290159bd1fc15157
231,1.75438596,0.0005,0xf9695cd65d6dfdf257fab76a3eb0cb8f001971cc,2017-10-31T06:08:35.000Z,0.000285000000798,0x13c3fd153e23ded7477e0817ad4d5754e2d67649,buy,0xb3203db25a01fa7950a860b42b899ad7da52ddd6,0x7f360b0f99815c8126b2d2b21ff00c1c58a571ae69007d21c859ac4798ae6142
232,50,0.00665,0xf710badf51a93a61e40f3446e62ab06375edbde2,2017-10-31T05:39:54.000Z,0.000133,0x0bc88f021b84d7a84526cb51126bca4f00eba2a2,sell,0xb3203db25a01fa7950a860b42b899ad7da52ddd6,0x184e0794b8fea14665e847d03de345189a4a79336b04446f0616a707a155b58b
233,530,0.06996106,0x180482fa9e1cb4f505270ee0e399744c6b6e727e,2017-10-31T05:39:54.000Z,0.000132002,0x0bc88f021b84d7a84526cb51126bca4f00eba2a2,sell,0xb3203db25a01fa7950a860b42b899ad7da52ddd6,0x1ec6894d2eedb673ae31af47ca41d592a2619456a8983fd279f62b60840ed1e0
234,1500,0.1995015,0xe6dce38a61edba2cd7dc0be24aa42f1c1bd3de0c,2017-10-31T05:34:25.000Z,0.000133001,0x0bc88f021b84d7a84526cb51126bca4f00eba2a2,sell,0xb3203db25a01fa7950a860b42b899ad7da52ddd6,0x3d7bff17f93c486e40496b267fc88c3c7cc25c4d79810d616d769540d77219f1
235,258.163,0.079772367,0x0c026c877a77a6f067919801ccfcc3dd3d6b5f72,2017-10-30T21:37:06.000Z,0.000309,0x7ef08a950fe33e19ca0b443198d68b866679b1dd,buy,0xb3203db25a01fa7950a860b42b899ad7da52ddd6,0x6578b47ac5288c5ae5c8c98cfa0709e3defba2b974ad92df357aef84e0952619
236,4733.32688548,0.6248038822102455,0x7ef08a950fe33e19ca0b443198d68b866679b1dd,2017-10-30T21:21:24.000Z,0.000132001,0xdb1dc0ae2eab3fececcda0f7c538602ffc479f19,sell,0xb3203db25a01fa7950a860b42b899ad7da52ddd6,0xcea515764c66f4c9b6d2924fe8e5b98a00c557ddae426ef925108243ce610e99
237,1.98820515,0.00026244506800515,0x7ef08a950fe33e19ca0b443198d68b866679b1dd,2017-10-30T21:17:46.000Z,0.000132001,0xdb1dc0ae2eab3fececcda0f7c538602ffc479f19,sell,0xb3203db25a01fa7950a860b42b899ad7da52ddd6,0x613d83969da2caf71a60078eceb6b8d86499650601a2352b89a2b898b375c4fb
238,19943.68589353,2.63256653794596,0x8f39ed51a45811dd6b7517b420613c1a0818ec67,2017-10-30T21:11:35.000Z,0.000132,0xdb1dc0ae2eab3fececcda0f7c538602ffc479f19,sell,0xb3203db25a01fa7950a860b42b899ad7da52ddd6,0xe82e703a9eb57cb81b874a7ccc66c5bd685cadf735b659c527eb46af195180f6
239,600,0.07806,0x7ef08a950fe33e19ca0b443198d68b866679b1dd,2017-10-30T20:16:23.000Z,0.0001301,0xdb1dc0ae2eab3fececcda0f7c538602ffc479f19,sell,0xb3203db25a01fa7950a860b42b899ad7da52ddd6,0xd514438b21a79fb3abbd01a7385796fd0fdd56e5a683580172001bbf2370bf66
240,1,0.002,0x2741a420978da4a7d116c4688f33afba4dbf6095,2017-10-30T20:15:36.000Z,0.002,0x2741a420978da4a7d116c4688f33afba4dbf6095,buy,0xb3203db25a01fa7950a860b42b899ad7da52ddd6,0x120134833c82fdf0d175cc152f4bcd27831980856770db340ba489e8e99cb395
241,5000,0.645005,0x49dc235474e153367b593cab41b56dff301fbea0,2017-10-30T19:14:54.000Z,0.000129001,0xdb1dc0ae2eab3fececcda0f7c538602ffc479f19,sell,0xb3203db25a01fa7950a860b42b899ad7da52ddd6,0x2417e59c1782db8f8e818629701515b33307ce8e80b9443999d2abfba671e590
242,99.69095803,0.012969793639703,0x49dc235474e153367b593cab41b56dff301fbea0,2017-10-30T19:12:23.000Z,0.0001301,0x5b5c2fb533bd6f6443fdb1f40192c81f185c6504,sell,0xb3203db25a01fa7950a860b42b899ad7da52ddd6,0x4698b08847ab394f38504bf2a67d8357c897731b54b679df37ea8eab088556d7
243,150,0.01425,0x5f1483efda72fb1081902dd395f08f386ef01445,2017-10-30T18:40:48.000Z,0.000095,0xdb1dc0ae2eab3fececcda0f7c538602ffc479f19,sell,0xb3203db25a01fa7950a860b42b899ad7da52ddd6,0x85975d46f0abbf18253cf325bfd87a0cf84b32f277cbe672da1cdc3b08178a21
244,500,0.0635,0x7ef08a950fe33e19ca0b443198d68b866679b1dd,2017-10-30T18:39:07.000Z,0.000127,0xdb1dc0ae2eab3fececcda0f7c538602ffc479f19,sell,0xb3203db25a01fa7950a860b42b899ad7da52ddd6,0x6d25fd1e84ece9334150a788c1d4400cdf2ae88fb3ff8863e164b645d5761ec6
245,325.16199781,0.05072527165836,0x7ef08a950fe33e19ca0b443198d68b866679b1dd,2017-10-30T18:37:13.000Z,0.000156,0xdb1dc0ae2eab3fececcda0f7c538602ffc479f19,sell,0xb3203db25a01fa7950a860b42b899ad7da52ddd6,0xcfb83f1c03c65a32d8468255a4b8e2c45c1414a176fa78c76c7f162b8c0f79f1
246,1000,0.157,0x17ebec93476fb514820bc465bd7689b08f755716,2017-10-30T18:34:11.000Z,0.000157,0xdb1dc0ae2eab3fececcda0f7c538602ffc479f19,sell,0xb3203db25a01fa7950a860b42b899ad7da52ddd6,0x85d690a67c056b6a8491e36b6b125061e90045bd4ad2e0c71e1e7a6c5535e906
247,569,0.19345431,0x0c026c877a77a6f067919801ccfcc3dd3d6b5f72,2017-10-30T18:00:17.000Z,0.00033999,0x49dc235474e153367b593cab41b56dff301fbea0,buy,0xb3203db25a01fa7950a860b42b899ad7da52ddd6,0xc6e2f755bfcfd11ee0cb042791d4f8c18567c3ee1cd4c221d08b97e70134f9e6
248,250,0.08,0xf71326a435fd4f8dba89a630d10776f2e96e1a35,2017-10-30T17:35:31.000Z,0.00032,0xd18a7ead69b9fe434cf377a24e1c99f56fe36b84,buy,0xb3203db25a01fa7950a860b42b899ad7da52ddd6,0xe8c34fcc690e698700e1eb593f9dd23d8368fa40cb4a0e706d1ca8d3d6d3b32c
249,100,0.032,0xf71326a435fd4f8dba89a630d10776f2e96e1a35,2017-10-30T17:32:41.000Z,0.00032,0xd18a7ead69b9fe434cf377a24e1c99f56fe36b84,buy,0xb3203db25a01fa7950a860b42b899ad7da52ddd6,0xac030a3de65f6f9521d4879af7ae186300aacdb608da71772ace0286cae602ac
250,3988.03590223,0.50648055958321,0x13c3fd153e23ded7477e0817ad4d5754e2d67649,2017-10-30T17:16:46.000Z,0.000127,0xdb1dc0ae2eab3fececcda0f7c538602ffc479f19,sell,0xb3203db25a01fa7950a860b42b899ad7da52ddd6,0xcae0820a5073501357b78d7649eb459619107c44e7c891ca2a593f79ff3c2ed9
251,3988.13525728,0.5184615715816573,0xd18a7ead69b9fe434cf377a24e1c99f56fe36b84,2017-10-30T16:53:59.000Z,0.000130001,0xdb1dc0ae2eab3fececcda0f7c538602ffc479f19,sell,0xb3203db25a01fa7950a860b42b899ad7da52ddd6,0x4b2a66b8bf91bafe153fdd63cddc4e030481e6c5a644cc2c16e808b3a93a473b
252,3,0.001044,0x0b773d7819259d78757b26dc4148812d35676d8f,2017-10-30T16:27:10.000Z,0.000348,0x7ef08a950fe33e19ca0b443198d68b866679b1dd,buy,0xb3203db25a01fa7950a860b42b899ad7da52ddd6,0xe69286e1b3478ff0e082192d3f0f5e04b32525323ecab94162f00344081613ea
253,176.724,0.061499952,0x0c180fe7606f28832f216e0751099b6d7e56470e,2017-10-30T15:05:12.000Z,0.000348,0x7ef08a950fe33e19ca0b443198d68b866679b1dd,buy,0xb3203db25a01fa7950a860b42b899ad7da52ddd6,0x027d27f7dcf10cd87019415350a10ca4eababc930e21f4f4e9de2e858bd027fd
254,374.83800219,0.05847472834164,0x7ef08a950fe33e19ca0b443198d68b866679b1dd,2017-10-30T14:08:49.000Z,0.000156,0xbf2b87b86fa09ca32fa741cd091b65a6d70e9e2d,sell,0xb3203db25a01fa7950a860b42b899ad7da52ddd6,0xadd9984cf8b2baa2bac2ab25c0820cd4296d19b96cda23620bb5ee55ddde789a
255,100,0.0348,0x5b5c2fb533bd6f6443fdb1f40192c81f185c6504,2017-10-30T13:45:57.000Z,0.000348,0x7ef08a950fe33e19ca0b443198d68b866679b1dd,buy,0xb3203db25a01fa7950a860b42b899ad7da52ddd6,0x9839173c471f567fbf667fce1c04f1a2ad00dc700499a0b818a339f0803b2e28
256,0.234,0.000081432,0x180482fa9e1cb4f505270ee0e399744c6b6e727e,2017-10-30T13:13:09.000Z,0.000348,0x7ef08a950fe33e19ca0b443198d68b866679b1dd,buy,0xb3203db25a01fa7950a860b42b899ad7da52ddd6,0x23a34321d0ab792e8987a93c9f868c4f269244980aa0447a5f2d3c854ba53b06
257,4984.76571459,1.02686173720554,0x180482fa9e1cb4f505270ee0e399744c6b6e727e,2017-10-30T13:01:18.000Z,0.000206,0xdb1dc0ae2eab3fececcda0f7c538602ffc479f19,sell,0xb3203db25a01fa7950a860b42b899ad7da52ddd6,0x26a69641bb1989f054c6fe4e319d510be4b0e682af5bb4223935552e99b6484b
258,2184.88295994,0.24471126127919987,0xec670ebbd986f392d85b38f586c7dfa4df3a4b88,2017-10-30T12:58:37.000Z,0.000112002,0xdb1dc0ae2eab3fececcda0f7c538602ffc479f19,sell,0xb3203db25a01fa7950a860b42b899ad7da52ddd6,0x85e9ec6d67f4b2d05c7dde4daac1da16489273ae5ac75ac1d428f482b17b52f2
259,700,0.1155,0x7ef08a950fe33e19ca0b443198d68b866679b1dd,2017-10-30T12:57:33.000Z,0.000165,0xdb1dc0ae2eab3fececcda0f7c538602ffc479f19,sell,0xb3203db25a01fa7950a860b42b899ad7da52ddd6,0x0b4ed331cd23b0ca2ad2c34b905bb7177ce5e15c72b1b5c87c66a02b04541627
260,1500,0.24,0xe6dce38a61edba2cd7dc0be24aa42f1c1bd3de0c,2017-10-30T12:57:33.000Z,0.00016,0xdb1dc0ae2eab3fececcda0f7c538602ffc479f19,sell,0xb3203db25a01fa7950a860b42b899ad7da52ddd6,0xcbf4ca0ff54d8c4c910b4dd4a748a249e35db03c8e6688ee8afb1eb54dc7d2cd
261,600,0.108,0x7ef08a950fe33e19ca0b443198d68b866679b1dd,2017-10-30T12:56:35.000Z,0.00018,0xdb1dc0ae2eab3fececcda0f7c538602ffc479f19,sell,0xb3203db25a01fa7950a860b42b899ad7da52ddd6,0x72a77f5292c618f51c83e8264c0c5205ff78c4ef845f6a4a9b4a804c7ea46352
262,560.97109201,0.11275518949401,0x7ef08a950fe33e19ca0b443198d68b866679b1dd,2017-10-30T12:49:17.000Z,0.000201,0xdb1dc0ae2eab3fececcda0f7c538602ffc479f19,sell,0xb3203db25a01fa7950a860b42b899ad7da52ddd6,0x845d3d91a9a0dcdc4ff8dae0c73dab8dd2fa4280b28a8a2af4e7c6f2789a7c07
263,436.096,0.095941556096,0x180482fa9e1cb4f505270ee0e399744c6b6e727e,2017-10-30T12:47:55.000Z,0.000220001,0xdb1dc0ae2eab3fececcda0f7c538602ffc479f19,sell,0xb3203db25a01fa7950a860b42b899ad7da52ddd6,0x6ee4722a6cb8e296a42311f6638b1205aaf7a4a4f6f62cd03ff13709043a2843
264,1143.90389791,0.2516600014440979,0x180482fa9e1cb4f505270ee0e399744c6b6e727e,2017-10-30T12:46:15.000Z,0.000220001,0xdb1dc0ae2eab3fececcda0f7c538602ffc479f19,sell,0xb3203db25a01fa7950a860b42b899ad7da52ddd6,0x915d6ac4ceb36c6585d185eb8c42d9ec803a5ddd96fa6f26fe79594f3330c405
265,850,0.1955,0x0c180fe7606f28832f216e0751099b6d7e56470e,2017-10-30T12:45:49.000Z,0.00023,0xdb1dc0ae2eab3fececcda0f7c538602ffc479f19,sell,0xb3203db25a01fa7950a860b42b899ad7da52ddd6,0xe180e04040a17ae57c145f8b3616074a6d28c8f22b21aa3b8b62e97d72b59453
266,103.7782873,0.02075565746,0x0c180fe7606f28832f216e0751099b6d7e56470e,2017-10-30T10:14:07.000Z,0.0002,0x04111aa8d920685305fdf701824869c75a8c6589,sell,0xb3203db25a01fa7950a860b42b899ad7da52ddd6,0x7997b40f23f7c5b8cd17a2a63c5788a3cbd304d4c303994333bd597b11f1daee
267,100,0.018,0x7ef08a950fe33e19ca0b443198d68b866679b1dd,2017-10-30T10:12:06.000Z,0.00018,0x04111aa8d920685305fdf701824869c75a8c6589,sell,0xb3203db25a01fa7950a860b42b899ad7da52ddd6,0x8bad2a5efd54b7d7890fc55955db591e45fb1c5d1cb15e06206e3d1c517db389
268,200,0.0362,0x7ef08a950fe33e19ca0b443198d68b866679b1dd,2017-10-30T10:07:32.000Z,0.000181,0x04111aa8d920685305fdf701824869c75a8c6589,sell,0xb3203db25a01fa7950a860b42b899ad7da52ddd6,0x69a5514a09a549fb81457fdb8bb4ff2f2d87bb373ae96aea35dc792ec4164257
269,250,0.0875,0x17ebec93476fb514820bc465bd7689b08f755716,2017-10-30T09:47:08.000Z,0.00035,0x3b4b6652987941926fa1b2f577079382d08ed6e7,buy,0xb3203db25a01fa7950a860b42b899ad7da52ddd6,0x2cc06cb6658a43b0f4dfeed8a200567f9c6da79ad3a0448ea1c788602ffeee34
270,250,0.0875,0x17ebec93476fb514820bc465bd7689b08f755716,2017-10-30T09:47:08.000Z,0.00035,0x3b4b6652987941926fa1b2f577079382d08ed6e7,buy,0xb3203db25a01fa7950a860b42b899ad7da52ddd6,0xa5442b43e39c7f0780240c0d3387533ade776af9ad36451fa8d81b62458ccccc
271,225,0.07875,0x17ebec93476fb514820bc465bd7689b08f755716,2017-10-30T09:47:08.000Z,0.00035,0x3b4b6652987941926fa1b2f577079382d08ed6e7,buy,0xb3203db25a01fa7950a860b42b899ad7da52ddd6,0xe3ce338c82ed128b04c55c9fc61003804148b8bf59156bc8cb940d29a10b4adf
272,348,0.11832,0x17ebec93476fb514820bc465bd7689b08f755716,2017-10-30T09:47:08.000Z,0.00034,0x7fe6111c24fddca1e4428f214d313cf6ed51b50d,buy,0xb3203db25a01fa7950a860b42b899ad7da52ddd6,0x7f86be8c917694a4d9bdeca3c93c2ddfca79ee88b1fec4a580596187a8d373ec
273,950,0.323,0x48915e56e5924f93fed43ba1e8ec9465e689427d,2017-10-30T08:59:36.000Z,0.00034,0x7ef08a950fe33e19ca0b443198d68b866679b1dd,sell,0xb3203db25a01fa7950a860b42b899ad7da52ddd6,0x562f37bf3ab6af7665ecbef7876b117c5dc3fe5a68d08ec45b605d3fb966dc60
274,200,0.068,0x1dc1bae5532be5325536307d63515ca180a899ed,2017-10-30T08:36:29.000Z,0.00034,0x7ef08a950fe33e19ca0b443198d68b866679b1dd,buy,0xb3203db25a01fa7950a860b42b899ad7da52ddd6,0x1def3ebd2f155af29f79c1bac773fff9b4175e31a7cb30c8427477dc98a28553
275,70,0.0238,0x0c180fe7606f28832f216e0751099b6d7e56470e,2017-10-30T08:29:45.000Z,0.00034,0x7ef08a950fe33e19ca0b443198d68b866679b1dd,buy,0xb3203db25a01fa7950a860b42b899ad7da52ddd6,0x501b7acf7c3bb865cec55c3a3513f5cd07f5b9ab948cbb347ff28b52572145d5
276,130,0.0442,0x0c180fe7606f28832f216e0751099b6d7e56470e,2017-10-30T08:19:25.000Z,0.00034,0x7ef08a950fe33e19ca0b443198d68b866679b1dd,buy,0xb3203db25a01fa7950a860b42b899ad7da52ddd6,0x5a8b6e27b9a3bbea711e5af1c37c092ff05e6d2c56e3f56dbb4dc74b97272dab
277,430,0.1462,0x0c180fe7606f28832f216e0751099b6d7e56470e,2017-10-30T06:21:51.000Z,0.00034,0x7ef08a950fe33e19ca0b443198d68b866679b1dd,buy,0xb3203db25a01fa7950a860b42b899ad7da52ddd6,0x270fe39c8967eab3fe2da12211dee816019791f2d1175bdd3339bf99e31ae9ab
278,500,0.17,0x0c180fe7606f28832f216e0751099b6d7e56470e,2017-10-30T05:39:20.000Z,0.00034,0x7ef08a950fe33e19ca0b443198d68b866679b1dd,buy,0xb3203db25a01fa7950a860b42b899ad7da52ddd6,0x14a916b57a16623ff0866d5ca85aef14552010c4ac5abdbc239bf0539f759ff6
279,246,0.08118,0x0c180fe7606f28832f216e0751099b6d7e56470e,2017-10-30T05:33:33.000Z,0.00033,0x6572add9cc26b5ed05dad2a47417ad5dabb50103,buy,0xb3203db25a01fa7950a860b42b899ad7da52ddd6,0xf44e75737d2e614fb7708ac05eec05b716e8f6c9ccebbbe588bd6758831e08cc
280,200,0.0758,0xf71326a435fd4f8dba89a630d10776f2e96e1a35,2017-10-29T17:51:01.000Z,0.000379,0x6572add9cc26b5ed05dad2a47417ad5dabb50103,buy,0xb3203db25a01fa7950a860b42b899ad7da52ddd6,0xd1e60aa08a8d11441f124ce775ffb6d1e5e8a8639a3e936d97fc3f4aaad09c8a
281,349.18160661,0.13617733476223706,0x0c026c877a77a6f067919801ccfcc3dd3d6b5f72,2017-10-29T16:13:48.000Z,0.0003899900000011546,0x1f94b7603de363a5565667b31cdbae92f956282f,buy,0xb3203db25a01fa7950a860b42b899ad7da52ddd6,0xfa5fda9f2ef303dd6ff07c6578b2bbec956ef238f203fdd6c48ceebbbb2bc5f5
282,150.81839338,0.05881766523776293,0x0c026c877a77a6f067919801ccfcc3dd3d6b5f72,2017-10-29T16:09:23.000Z,0.00038999000002318507,0x1f94b7603de363a5565667b31cdbae92f956282f,buy,0xb3203db25a01fa7950a860b42b899ad7da52ddd6,0x42904815a65f2a77d756a91b5a32bcb791ad8a2ecebfc456a7d5f219bab7f495
283,1000,0.07,0x1f94b7603de363a5565667b31cdbae92f956282f,2017-10-29T11:20:45.000Z,0.00007,0xdb1dc0ae2eab3fececcda0f7c538602ffc479f19,sell,0xb3203db25a01fa7950a860b42b899ad7da52ddd6,0xf38a71585134ccee085d16670390da2aa09587e328866b3778c4615ec051eef0
284,499.36592407,0.0399492739256,0xa848cffc0109c15a6ab77862f3f12cb1a4c3b4d5,2017-10-29T10:38:38.000Z,0.00008,0xdb1dc0ae2eab3fececcda0f7c538602ffc479f19,sell,0xb3203db25a01fa7950a860b42b899ad7da52ddd6,0x66f15247a8d57cf30931d9ef02f1d53f3132ff3fa21168aa773a4091c2e9e53d
285,140,0.0489986,0xf71326a435fd4f8dba89a630d10776f2e96e1a35,2017-10-29T10:37:32.000Z,0.00034999,0x1f94b7603de363a5565667b31cdbae92f956282f,buy,0xb3203db25a01fa7950a860b42b899ad7da52ddd6,0x5ee1801c70d221a6da343c92c0a23fec9430ecf15ab5bf4502b95b692465dcc6
286,500,0.04,0xa848cffc0109c15a6ab77862f3f12cb1a4c3b4d5,2017-10-29T10:36:10.000Z,0.00008,0xdb1dc0ae2eab3fececcda0f7c538602ffc479f19,sell,0xb3203db25a01fa7950a860b42b899ad7da52ddd6,0x0a3586cc013378f3bfbe7ab8e69cc0cf856fac28b35326e2d408606833a6ad09
287,1000,0.092,0x17ebec93476fb514820bc465bd7689b08f755716,2017-10-29T10:36:10.000Z,0.000092,0xdb1dc0ae2eab3fececcda0f7c538602ffc479f19,sell,0xb3203db25a01fa7950a860b42b899ad7da52ddd6,0x257b4d897afa56f8023a74b2275110d31f897de3a07548ea89f4941154379c81
288,1000,0.092,0x17ebec93476fb514820bc465bd7689b08f755716,2017-10-29T10:35:56.000Z,0.000092,0xdb1dc0ae2eab3fececcda0f7c538602ffc479f19,sell,0xb3203db25a01fa7950a860b42b899ad7da52ddd6,0xbe07f4522fa47b04434511abcdaa1e8080cba15783e7ba1625e121083ae0907f
289,1000,0.092,0x17ebec93476fb514820bc465bd7689b08f755716,2017-10-29T10:35:51.000Z,0.000092,0xdb1dc0ae2eab3fececcda0f7c538602ffc479f19,sell,0xb3203db25a01fa7950a860b42b899ad7da52ddd6,0x820a122bf521d894f5814a2f4fe18ab7d171aad17b887d96b31712df8377988e
290,2069.5842887,0.19060871298927,0x49dc235474e153367b593cab41b56dff301fbea0,2017-10-29T10:22:51.000Z,0.0000921,0xdb1dc0ae2eab3fececcda0f7c538602ffc479f19,sell,0xb3203db25a01fa7950a860b42b899ad7da52ddd6,0x5ad273dd9289b736b31da7c47c97f1d46802266c1d6f09da130a85d90a72e81a
291,8000,0.64,0xec670ebbd986f392d85b38f586c7dfa4df3a4b88,2017-10-29T10:21:58.000Z,0.00008,0xdb1dc0ae2eab3fececcda0f7c538602ffc479f19,sell,0xb3203db25a01fa7950a860b42b899ad7da52ddd6,0x2e15ebf76feb2931893eff2bc7e7b038159ed76ca2147ba7062eb55117cc055c
292,128.9489767,0.045130852357691154,0x38f04a19252fd212c1086d7524b6e4d2bb2c531f,2017-10-29T05:33:39.000Z,0.00034999000001906304,0x1f94b7603de363a5565667b31cdbae92f956282f,buy,0xb3203db25a01fa7950a860b42b899ad7da52ddd6,0xf775ed500f4c029c30e710a6a8f8eb39f42bef56442eeba44bd52e53d6c2376f
293,996.95985039,0.34893594763881663,0x1f7e011b59f8bf61f737d0b6aa1f308f0214d608,2017-10-28T23:53:11.000Z,0.00035000000000232366,0xec670ebbd986f392d85b38f586c7dfa4df3a4b88,buy,0xb3203db25a01fa7950a860b42b899ad7da52ddd6,0xf2e23b0576a17501a381d64cf3019da6db03415014729e975e4a01cf410f115e
294,710,0.0497,0xc6ac7b60aaf35fd2eea8139c420acf157acbbc99,2017-10-28T16:28:12.000Z,0.00007,0xdb1dc0ae2eab3fececcda0f7c538602ffc479f19,sell,0xb3203db25a01fa7950a860b42b899ad7da52ddd6,0x15fddffb80a9ebd9b296fd85f1d6532a45f8315b36448d3f6fa770fed8c23842
295,1000,0.071,0x17ebec93476fb514820bc465bd7689b08f755716,2017-10-28T16:27:39.000Z,0.000071,0xdb1dc0ae2eab3fececcda0f7c538602ffc479f19,sell,0xb3203db25a01fa7950a860b42b899ad7da52ddd6,0x516eebef4605700c7fea0547cc406c94099492a3efb89da25989009e1b3062f1
296,1000,0.071,0x17ebec93476fb514820bc465bd7689b08f755716,2017-10-28T16:26:29.000Z,0.000071,0xdb1dc0ae2eab3fececcda0f7c538602ffc479f19,sell,0xb3203db25a01fa7950a860b42b899ad7da52ddd6,0x98f6719aa9b7587b59244477df291d103c78161c6cd557a2aa9617928cdbf8bd
297,1000,0.071,0x17ebec93476fb514820bc465bd7689b08f755716,2017-10-28T16:26:05.000Z,0.000071,0xdb1dc0ae2eab3fececcda0f7c538602ffc479f19,sell,0xb3203db25a01fa7950a860b42b899ad7da52ddd6,0x4f94503fb4967a7caa0876c13f2d9f3ae147ae86e77ee34144687b89740e04c3
298,420,0.02835,0xec670ebbd986f392d85b38f586c7dfa4df3a4b88,2017-10-28T10:03:15.000Z,0.0000675,0x7e497a3f67695cf4240031a880ec2db872609e93,sell,0xb3203db25a01fa7950a860b42b899ad7da52ddd6,0xf16a5d15ed040a0e8f977805f2b68fd02d2fb805f172b771632abd367b66fa1a
299,1000,0.0672,0x1f94b7603de363a5565667b31cdbae92f956282f,2017-10-28T09:22:29.000Z,0.0000672,0x7e497a3f67695cf4240031a880ec2db872609e93,sell,0xb3203db25a01fa7950a860b42b899ad7da52ddd6,0xaf0c7ae77f230927042f77a094bca3fddb771f8aa1e4e1a902299531151dcdd0
300,250,0.08825,0xf71326a435fd4f8dba89a630d10776f2e96e1a35,2017-10-28T05:57:57.000Z,0.000353,0x1f94b7603de363a5565667b31cdbae92f956282f,buy,0xb3203db25a01fa7950a860b42b899ad7da52ddd6,0xa654d1011bc8b720f79e229562d78205f5da0c0fb9abcc5bcafae1b91397adb1
301,2492.32364222,0.2118475095887,0xec670ebbd986f392d85b38f586c7dfa4df3a4b88,2017-10-28T03:12:01.000Z,0.000085,0xdb1dc0ae2eab3fececcda0f7c538602ffc479f19,sell,0xb3203db25a01fa7950a860b42b899ad7da52ddd6,0xc2bec94af0a9273ee674de0576603689ddf4d8513943b6121ea59d5e75fd5a63
302,498.45517089,0.040673941944624,0xec670ebbd986f392d85b38f586c7dfa4df3a4b88,2017-10-28T02:32:31.000Z,0.0000816,0xdb1dc0ae2eab3fececcda0f7c538602ffc479f19,sell,0xb3203db25a01fa7950a860b42b899ad7da52ddd6,0xec40427ed862e9b6943b1a957f25d598c8af03878c3cda1df96a909528f90465
303,504.25932848,0.17649076496956148,0x1f7e011b59f8bf61f737d0b6aa1f308f0214d608,2017-10-28T02:14:01.000Z,0.0003500000000030966,0x7a9ee3c3996909fcf628adea9c67266d693060c2,buy,0xb3203db25a01fa7950a860b42b899ad7da52ddd6,0x641629e970f49985b3235059c13f90d7f263f75e4262a0f31130c456894fb6f8
304,1993.8191606,0.169474628651,0xec670ebbd986f392d85b38f586c7dfa4df3a4b88,2017-10-28T00:49:32.000Z,0.000085,0xdb1dc0ae2eab3fececcda0f7c538602ffc479f19,sell,0xb3203db25a01fa7950a860b42b899ad7da52ddd6,0x882684101ea37ebb38d553f7381b9bff1da26ec680482d14489e5df7ae1172d6
305,498.45479015,0.04236865716275,0xec670ebbd986f392d85b38f586c7dfa4df3a4b88,2017-10-27T23:55:07.000Z,0.000085,0xdb1dc0ae2eab3fececcda0f7c538602ffc479f19,sell,0xb3203db25a01fa7950a860b42b899ad7da52ddd6,0x76ce8b93a19b17ba5b4c0767c1fda56d628a6f7d27a206aaa99e74fbe64dccde
306,996.90972584,0.0897218753256,0xec670ebbd986f392d85b38f586c7dfa4df3a4b88,2017-10-27T23:26:19.000Z,0.00009,0xdb1dc0ae2eab3fececcda0f7c538602ffc479f19,sell,0xb3203db25a01fa7950a860b42b899ad7da52ddd6,0x6411930c8ada4c4b39564f8ca2ea6317d68227522c870ce02e09ada2c3ec6cc8
307,160,0.00992,0x7ef08a950fe33e19ca0b443198d68b866679b1dd,2017-10-27T22:25:22.000Z,0.000062,0xdb1dc0ae2eab3fececcda0f7c538602ffc479f19,sell,0xb3203db25a01fa7950a860b42b899ad7da52ddd6,0x8bc84e56e7b476249b4f2abdfc8a69cef5703ce7f6de6ebb6fdbf51af4451ece
308,674,0.06403,0x38f04a19252fd212c1086d7524b6e4d2bb2c531f,2017-10-27T22:25:10.000Z,0.000095,0xdb1dc0ae2eab3fececcda0f7c538602ffc479f19,sell,0xb3203db25a01fa7950a860b42b899ad7da52ddd6,0x29b028564b8ef66b7e27e71b3b1183e265f4d487b461244fd21733b360038d25
309,220.618,0.021400607854,0x6572add9cc26b5ed05dad2a47417ad5dabb50103,2017-10-27T22:24:55.000Z,0.000097003,0xdb1dc0ae2eab3fececcda0f7c538602ffc479f19,sell,0xb3203db25a01fa7950a860b42b899ad7da52ddd6,0x8a5af825ff5b05337ee0055ae0d7f866b369f22a67a916a45a2535c9a972d0cf
310,590,0.05723236,0xd7ed1d93e06bb505404c03f987a2267d9791fad4,2017-10-27T22:24:55.000Z,0.000097004,0xdb1dc0ae2eab3fececcda0f7c538602ffc479f19,sell,0xb3203db25a01fa7950a860b42b899ad7da52ddd6,0xf1fcf9a7a58d82f9380245605b86a095c701d1ec29cff2d32e1359b07c488104
311,1000,0.097005,0xec670ebbd986f392d85b38f586c7dfa4df3a4b88,2017-10-27T22:23:51.000Z,0.000097005,0xdb1dc0ae2eab3fececcda0f7c538602ffc479f19,sell,0xb3203db25a01fa7950a860b42b899ad7da52ddd6,0xf6208e530f2b13cf9675cc9ac268c3469453de2e661a9ad9144b1a928800bef0
312,247.777,0.08672195,0xf71326a435fd4f8dba89a630d10776f2e96e1a35,2017-10-27T21:48:21.000Z,0.00035,0x7ef08a950fe33e19ca0b443198d68b866679b1dd,buy,0xb3203db25a01fa7950a860b42b899ad7da52ddd6,0x5af4d52655fc85f9b2a330c6a42bb1f5882abd0ce721148757872aa2ea48c0a9
313,200,0.069998,0xf71326a435fd4f8dba89a630d10776f2e96e1a35,2017-10-27T21:37:22.000Z,0.00034999,0xec670ebbd986f392d85b38f586c7dfa4df3a4b88,buy,0xb3203db25a01fa7950a860b42b899ad7da52ddd6,0x87789fd3d09bb7c3b66c9014b4d666972b7f4c529eab1c402897e4fcc058f909
314,100,0.034998,0xf71326a435fd4f8dba89a630d10776f2e96e1a35,2017-10-27T21:37:22.000Z,0.00034998,0xec670ebbd986f392d85b38f586c7dfa4df3a4b88,buy,0xb3203db25a01fa7950a860b42b899ad7da52ddd6,0xc867ffc401a7d4b27c1f634d453008cc195c98c98552bca0df64f53a8f0eaec8
315,412.0199382,0.12360598146,0xf71326a435fd4f8dba89a630d10776f2e96e1a35,2017-10-27T21:34:53.000Z,0.0003,0x7e497a3f67695cf4240031a880ec2db872609e93,buy,0xb3203db25a01fa7950a860b42b899ad7da52ddd6,0xa46262842ad9f1a54ac8b0a78f6924cf59731bdfae025206dd32c31c87f4e974
316,48,0.014399952,0xf71326a435fd4f8dba89a630d10776f2e96e1a35,2017-10-27T21:34:33.000Z,0.000299999,0x55a810d1d3c1e95cb7b322787eb094770c427ef2,buy,0xb3203db25a01fa7950a860b42b899ad7da52ddd6,0x96301ff9fa3aa49b5bd51fc9361786cf4b8eabdfd810251d55ff04d552cb5c73
317,50,0.01499995,0xf71326a435fd4f8dba89a630d10776f2e96e1a35,2017-10-27T21:32:46.000Z,0.000299999,0x55a810d1d3c1e95cb7b322787eb094770c427ef2,buy,0xb3203db25a01fa7950a860b42b899ad7da52ddd6,0x4592da006fa3b80999726bf0d4aecf49a078de7be3ea615bcf57f2b8bc6f0886
318,1000,0.097005,0xec670ebbd986f392d85b38f586c7dfa4df3a4b88,2017-10-27T19:41:56.000Z,0.000097005,0x7e497a3f67695cf4240031a880ec2db872609e93,sell,0xb3203db25a01fa7950a860b42b899ad7da52ddd6,0x25e82a3a6d3823aa2412e06977983689cb7b68599a8276baf5e47e72fc9d46ca
319,85,0.0255,0x7a362811d8119c712ae80aaf9a0bc223fb30f647,2017-10-27T19:27:16.000Z,0.0003,0x7e497a3f67695cf4240031a880ec2db872609e93,buy,0xb3203db25a01fa7950a860b42b899ad7da52ddd6,0x031c99132c4f4d3fda7086d991d87dc0f532b2a3fbfd905560b5bf01ddce38b2
320,20.917,0.00732095,0x692306857d17a8f31bb5feb17cfe765773487e66,2017-10-27T13:54:30.000Z,0.00035,0x7ef08a950fe33e19ca0b443198d68b866679b1dd,buy,0xb3203db25a01fa7950a860b42b899ad7da52ddd6,0x3379276c1512dd37c35e65d1eb05351643483fb1dcaebb190e59054768fcc987
321,20.917,0.00732095,0x692306857d17a8f31bb5feb17cfe765773487e66,2017-10-27T13:53:27.000Z,0.00035,0x7ef08a950fe33e19ca0b443198d68b866679b1dd,buy,0xb3203db25a01fa7950a860b42b899ad7da52ddd6,0x3379276c1512dd37c35e65d1eb05351643483fb1dcaebb190e59054768fcc987
322,199.38191705,0.01934064409960115,0x6572add9cc26b5ed05dad2a47417ad5dabb50103,2017-10-27T13:34:17.000Z,0.000097003,0x7e497a3f67695cf4240031a880ec2db872609e93,sell,0xb3203db25a01fa7950a860b42b899ad7da52ddd6,0x782a1bb89eb605bb1f20862f2109bf19a8fd75705cf1ad1fc700288c945b36ce
323,98.8554511,0.03954218044063403,0x41768df33a36959770f3664987c6e8be52db6bf2,2017-10-27T08:36:36.000Z,0.0004000000000064137,0x6572add9cc26b5ed05dad2a47417ad5dabb50103,buy,0xb3203db25a01fa7950a860b42b899ad7da52ddd6,0xbfc1cbe6bf8bc86c2091ac22fc81fcee609f9885710154540ad4005f76ebc2c4
324,300,0.1124994,0xc6ac7b60aaf35fd2eea8139c420acf157acbbc99,2017-10-27T06:40:42.000Z,0.000374998,0xec670ebbd986f392d85b38f586c7dfa4df3a4b88,buy,0xb3203db25a01fa7950a860b42b899ad7da52ddd6,0x61d8c5f5f48ce20d720d6250077ad03eeb513962ce0eb9c2092bfb479feec69d
325,996.90980699,0.090220337532595,0xec670ebbd986f392d85b38f586c7dfa4df3a4b88,2017-10-27T02:05:57.000Z,0.0000905,0xdb1dc0ae2eab3fececcda0f7c538602ffc479f19,sell,0xb3203db25a01fa7950a860b42b899ad7da52ddd6,0xa65dc0bec2c4cce4b8b88d51001668f5c9fcdb658b5358c967b7e7a81f636b8b
326,2492.27395075,0.2243046555675,0x7a362811d8119c712ae80aaf9a0bc223fb30f647,2017-10-26T22:22:55.000Z,0.00009,0xdb1dc0ae2eab3fececcda0f7c538602ffc479f19,sell,0xb3203db25a01fa7950a860b42b899ad7da52ddd6,0xffb067a9914c4cb192b41aa78a50c4e457f81f7e7006ff069f8a5cd3f0af2655
327,199.08329877,0.059724989631,0x692306857d17a8f31bb5feb17cfe765773487e66,2017-10-26T21:51:42.000Z,0.0003,0xdb1dc0ae2eab3fececcda0f7c538602ffc479f19,sell,0xb3203db25a01fa7950a860b42b899ad7da52ddd6,0x79c33f99287ef5e50c4171c557eb6d4604de4344ffa37706d12dadafa20377fb
328,100,0.032,0x692306857d17a8f31bb5feb17cfe765773487e66,2017-10-26T21:50:02.000Z,0.00032,0xdb1dc0ae2eab3fececcda0f7c538602ffc479f19,sell,0xb3203db25a01fa7950a860b42b899ad7da52ddd6,0x2884bc66f88d18fffecf2cada5d58533b49ceb7ceb0b087cd847cdf28f0897bd
329,89.65860893,0.03403431829374715,0xa848cffc0109c15a6ab77862f3f12cb1a4c3b4d5,2017-10-26T21:26:31.000Z,0.00037959900002819673,0x7a9ee3c3996909fcf628adea9c67266d693060c2,buy,0xb3203db25a01fa7950a860b42b899ad7da52ddd6,0xf728a4065360e16e643285ea1571ddca1b7a41b9bf43e64011590b723a1c1dad
330,93.249,0.028907096751,0xa848cffc0109c15a6ab77862f3f12cb1a4c3b4d5,2017-10-26T21:17:38.000Z,0.000309999,0xec670ebbd986f392d85b38f586c7dfa4df3a4b88,buy,0xb3203db25a01fa7950a860b42b899ad7da52ddd6,0x66d2544df505e5f4c4e691f5f0306b16a6c9ae5baecaeafc788e00b845dbaaf6
331,102.10082679,0.0367562976444,0xa848cffc0109c15a6ab77862f3f12cb1a4c3b4d5,2017-10-26T21:17:22.000Z,0.00036,0x692306857d17a8f31bb5feb17cfe765773487e66,buy,0xb3203db25a01fa7950a860b42b899ad7da52ddd6,0x6effdeaec5e64dcb9e46d7acab4ce1ec22be31f3b4a0e3609c14c9e509fc648f
332,6.75031351,0.002092590439657451,0xa848cffc0109c15a6ab77862f3f12cb1a4c3b4d5,2017-10-26T21:10:45.000Z,0.0003099990002771665,0xec670ebbd986f392d85b38f586c7dfa4df3a4b88,buy,0xb3203db25a01fa7950a860b42b899ad7da52ddd6,0xaa984967ec0355677120df9f3d76d007466d88eb4ec316c8bbd63abfc0ee11fa
333,2000,0.16,0xec670ebbd986f392d85b38f586c7dfa4df3a4b88,2017-10-26T16:42:07.000Z,0.00008,0xdb1dc0ae2eab3fececcda0f7c538602ffc479f19,sell,0xb3203db25a01fa7950a860b42b899ad7da52ddd6,0x76ee9547f1e73c0f1e3dbb24c5880e8425ce9f2595bc51e9005cf6594f23d0f6
334,2000,0.16,0xec670ebbd986f392d85b38f586c7dfa4df3a4b88,2017-10-26T16:41:44.000Z,0.00008,0xdb1dc0ae2eab3fececcda0f7c538602ffc479f19,sell,0xb3203db25a01fa7950a860b42b899ad7da52ddd6,0x109c9514ca5aafec35a1189a7ac564687aa6f320f9eec4d598c2b555b0a43827
335,271.498,0.0271498,0xec670ebbd986f392d85b38f586c7dfa4df3a4b88,2017-10-26T15:07:24.000Z,0.0001,0xdb1dc0ae2eab3fececcda0f7c538602ffc479f19,sell,0xb3203db25a01fa7950a860b42b899ad7da52ddd6,0x437bd82eb3894c7c12fc7f5f7ece6a1b1fb9440b090de5811ac7fa0669c1b5be
336,869.683,0.07827147,0x7ef08a950fe33e19ca0b443198d68b866679b1dd,2017-10-26T15:06:23.000Z,0.00009,0xdb1dc0ae2eab3fececcda0f7c538602ffc479f19,sell,0xb3203db25a01fa7950a860b42b899ad7da52ddd6,0x317c3725b44c431b2aaf878465fab7388a34df2f82d498cd40e8bad8f138f70a
337,250,0.02,0xec670ebbd986f392d85b38f586c7dfa4df3a4b88,2017-10-26T15:06:03.000Z,0.00008,0xdb1dc0ae2eab3fececcda0f7c538602ffc479f19,sell,0xb3203db25a01fa7950a860b42b899ad7da52ddd6,0xdae8ff98c2c009b467cfb89f99b07f925875885bb37b56b6f337dbcb8fe9eed2
338,250,0.025125,0xec670ebbd986f392d85b38f586c7dfa4df3a4b88,2017-10-26T15:05:55.000Z,0.0001005,0xdb1dc0ae2eab3fececcda0f7c538602ffc479f19,sell,0xb3203db25a01fa7950a860b42b899ad7da52ddd6,0x96ea0f7fb9f79ba865fabaef2844419d52a0b00582ddfb90c9b3a0286b424ebf
339,996.9095803,0.09969095803,0xec670ebbd986f392d85b38f586c7dfa4df3a4b88,2017-10-26T14:20:14.000Z,0.0001,0xdb1dc0ae2eab3fececcda0f7c538602ffc479f19,sell,0xb3203db25a01fa7950a860b42b899ad7da52ddd6,0x116a2874ac4eac05a595e02b934dd93dee4723815aa0e9009f8f4f81a6cfea72
340,200,0.0184,0x7ef08a950fe33e19ca0b443198d68b866679b1dd,2017-10-26T14:08:03.000Z,0.000092,0xdb1dc0ae2eab3fececcda0f7c538602ffc479f19,sell,0xb3203db25a01fa7950a860b42b899ad7da52ddd6,0x741451c315faa5ca14ac34282e429b9e8a2632e1ca9541dfd2c1f40f9a6947b6
341,200,0.02,0x7ef08a950fe33e19ca0b443198d68b866679b1dd,2017-10-26T12:46:13.000Z,0.0001,0xdb1dc0ae2eab3fececcda0f7c538602ffc479f19,sell,0xb3203db25a01fa7950a860b42b899ad7da52ddd6,0xfc42aabda3ac77654fc90991fa36479fb58849c336c324f81c9e9caabe3edc3d
342,100,0.01,0xec670ebbd986f392d85b38f586c7dfa4df3a4b88,2017-10-26T12:17:10.000Z,0.0001,0xdb1dc0ae2eab3fececcda0f7c538602ffc479f19,sell,0xb3203db25a01fa7950a860b42b899ad7da52ddd6,0xca944b427e6a8d56f4f5826db371614b028e6f06e144aee92103dac534d40efe
343,200,0.0247002,0xec670ebbd986f392d85b38f586c7dfa4df3a4b88,2017-10-26T12:16:39.000Z,0.000123501,0xdb1dc0ae2eab3fececcda0f7c538602ffc479f19,sell,0xb3203db25a01fa7950a860b42b899ad7da52ddd6,0xe0d1ca22bcdeb719ab0c3265c2c6db988b6f66fe92f9a4b8561d58f618600a47
344,150,0.01935,0x7ef08a950fe33e19ca0b443198d68b866679b1dd,2017-10-26T12:15:35.000Z,0.000129,0xdb1dc0ae2eab3fececcda0f7c538602ffc479f19,sell,0xb3203db25a01fa7950a860b42b899ad7da52ddd6,0x63ae05fd2857b8a1d299329976a49b1e91d05b3443655b19a352a1cf34e637af
345,150,0.0195,0x7ef08a950fe33e19ca0b443198d68b866679b1dd,2017-10-26T12:14:47.000Z,0.00013,0xdb1dc0ae2eab3fececcda0f7c538602ffc479f19,sell,0xb3203db25a01fa7950a860b42b899ad7da52ddd6,0x56aead04fc950c44e09f6ef1bcda5b24b4d04b080f948720850aaa9a381b2e13
346,1000,0.123334,0xec670ebbd986f392d85b38f586c7dfa4df3a4b88,2017-10-26T12:13:40.000Z,0.000123334,0xdb1dc0ae2eab3fececcda0f7c538602ffc479f19,sell,0xb3203db25a01fa7950a860b42b899ad7da52ddd6,0x318ae71dbd1906c42f4abe15190260a56a13f6f86abc8a6bc6381fcfcdcb30a7
347,400,0.0512,0x7ef08a950fe33e19ca0b443198d68b866679b1dd,2017-10-26T12:12:19.000Z,0.000128,0xdb1dc0ae2eab3fececcda0f7c538602ffc479f19,sell,0xb3203db25a01fa7950a860b42b899ad7da52ddd6,0x25db6d1848accbfb50ff877cf28392121437c0de22454b984b38468b48415b96
348,405,0.0500175,0x7ef08a950fe33e19ca0b443198d68b866679b1dd,2017-10-26T12:11:21.000Z,0.0001235,0xdb1dc0ae2eab3fececcda0f7c538602ffc479f19,sell,0xb3203db25a01fa7950a860b42b899ad7da52ddd6,0xb3e63f9737fdc7b8d84faf9c5c2cfde24eec5b444cfacb1845c4ff9f90760cce
349,1,0.00036,0x1f94b7603de363a5565667b31cdbae92f956282f,2017-10-26T09:38:37.000Z,0.00036,0x692306857d17a8f31bb5feb17cfe765773487e66,buy,0xb3203db25a01fa7950a860b42b899ad7da52ddd6,0x1e0dfad15cae7538657e9691d612b8267a8462fca2e371232a71abd2307e1950
350,127.19188957,0.0228945401226,0x692306857d17a8f31bb5feb17cfe765773487e66,2017-10-26T07:30:34.000Z,0.00018,0x7ef08a950fe33e19ca0b443198d68b866679b1dd,sell,0xb3203db25a01fa7950a860b42b899ad7da52ddd6,0x71fcadea094b7b8e0ac065841e6315592d5f3dc34552819319fa5a42641f6ea6
351,1,0.0003784,0x3ac636ac5c3a2576156ac5f10066ca68abe0ad54,2017-10-26T07:25:45.000Z,0.0003784,0x1f94b7603de363a5565667b31cdbae92f956282f,buy,0xb3203db25a01fa7950a860b42b899ad7da52ddd6,0x7cdbe2e510623763761249de53e958e8b958a7d0b9712e8f731198bb175944b6
352,200,0.04,0x692306857d17a8f31bb5feb17cfe765773487e66,2017-10-26T07:24:28.000Z,0.0002,0x7ef08a950fe33e19ca0b443198d68b866679b1dd,sell,0xb3203db25a01fa7950a860b42b899ad7da52ddd6,0x2f6dd149784a89cf0bc63a4beef37c251d53d0de288cb818ac366b42b7c45bd0
353,997.79933492,0.37886340967123683,0x1f7e011b59f8bf61f737d0b6aa1f308f0214d608,2017-10-25T22:47:45.000Z,0.00037969900000145093,0x7a9ee3c3996909fcf628adea9c67266d693060c2,buy,0xb3203db25a01fa7950a860b42b899ad7da52ddd6,0x28dc4946ca117d399b6c140fd50e44b06964d34ba03b7e22c0cd68ee38081834
354,76.89912725,0.027683685813528064,0xc9851cc81a6bf64f495c244b11d0eb78d245d293,2017-10-25T22:11:06.000Z,0.0003600000000458791,0x692306857d17a8f31bb5feb17cfe765773487e66,buy,0xb3203db25a01fa7950a860b42b899ad7da52ddd6,0x1937b62641a3fa1423aab77b80d2eda29f7364623f5994ef54d27bba9f59924c
355,222.80811043,0.0401054598774,0x692306857d17a8f31bb5feb17cfe765773487e66,2017-10-25T21:21:49.000Z,0.00018,0xbec7857bc8f3bbebf0f6198b7947b2734f7676f5,sell,0xb3203db25a01fa7950a860b42b899ad7da52ddd6,0x596c87ac6ee0cfd48fa96eada181d131c4fb45512458048de74f5c7ab947bc92
356,200,0.04,0x692306857d17a8f31bb5feb17cfe765773487e66,2017-10-25T21:14:38.000Z,0.0002,0xbec7857bc8f3bbebf0f6198b7947b2734f7676f5,sell,0xb3203db25a01fa7950a860b42b899ad7da52ddd6,0xf9d3397e103076b2d67c5e63123e6b70cd9411d15f52d1b7422a0bd11f2236a4
357,200,0.040002,0x7ef08a950fe33e19ca0b443198d68b866679b1dd,2017-10-25T21:14:38.000Z,0.00020001,0xbec7857bc8f3bbebf0f6198b7947b2734f7676f5,sell,0xb3203db25a01fa7950a860b42b899ad7da52ddd6,0x1879e426357eaf95f3cadafe503b6cb33f5a94bcf924d25e8e5c2599b905f09d
358,200,0.05,0x692306857d17a8f31bb5feb17cfe765773487e66,2017-10-25T21:14:38.000Z,0.00025,0xbec7857bc8f3bbebf0f6198b7947b2734f7676f5,sell,0xb3203db25a01fa7950a860b42b899ad7da52ddd6,0x279f0a5fdbe1860c913d3ba6b37f3bf16052759b9f030b9904aa8935aed588f3
359,200,0.0361,0x7ef08a950fe33e19ca0b443198d68b866679b1dd,2017-10-25T21:14:38.000Z,0.0001805,0xbec7857bc8f3bbebf0f6198b7947b2734f7676f5,sell,0xb3203db25a01fa7950a860b42b899ad7da52ddd6,0x891e17fc54191393b3d6d91d847ba1f262fb5291d5feefc98d0bbbb4a301a742
360,200,0.054,0x692306857d17a8f31bb5feb17cfe765773487e66,2017-10-25T21:01:24.000Z,0.00027,0x7ef08a950fe33e19ca0b443198d68b866679b1dd,sell,0xb3203db25a01fa7950a860b42b899ad7da52ddd6,0xaf648777d07d5ff127bc19b079d3a35b706e8f8c48b0e5283c21f0e76f877ed8
361,100,0.03797,0xc9851cc81a6bf64f495c244b11d0eb78d245d293,2017-10-25T19:37:32.000Z,0.0003797,0x7ef08a950fe33e19ca0b443198d68b866679b1dd,buy,0xb3203db25a01fa7950a860b42b899ad7da52ddd6,0xe3f314d9322b96b9183510086d938cf91df73671363a0465e87f1aedb0151675
362,100,0.03795,0xc9851cc81a6bf64f495c244b11d0eb78d245d293,2017-10-25T19:35:55.000Z,0.0003795,0x7ef08a950fe33e19ca0b443198d68b866679b1dd,buy,0xb3203db25a01fa7950a860b42b899ad7da52ddd6,0x3d9ac22c68970279bcb74ae6a3965d78002ddfff795758c0a41fc89770910abb
363,250,0.09,0xc9851cc81a6bf64f495c244b11d0eb78d245d293,2017-10-25T19:34:44.000Z,0.00036,0x7ef08a950fe33e19ca0b443198d68b866679b1dd,buy,0xb3203db25a01fa7950a860b42b899ad7da52ddd6,0xf7cf91992c165e3f3ad1d8dde63dc12496698c3085402138e9909c23e1825bea
364,200,0.024666666,0x6afc2d3e5bda7402f3e6279692709be8f100006d,2017-10-25T18:25:51.000Z,0.00012333333,0xd579567db3df631348180456dc1a40eb7ec63a9e,sell,0xb3203db25a01fa7950a860b42b899ad7da52ddd6,0xaa6f7f00587bdd808595b7b20e464c00dff160f171bc939bf88b937bd340160d
365,200,0.024666666,0x6afc2d3e5bda7402f3e6279692709be8f100006d,2017-10-25T18:24:32.000Z,0.00012333333,0xd579567db3df631348180456dc1a40eb7ec63a9e,sell,0xb3203db25a01fa7950a860b42b899ad7da52ddd6,0xddb9374de012a0733a952b7b70eac7d2795643d8c2a84b48b635140479962ab8
366,648.64514246,0.08000000000016164,0xec670ebbd986f392d85b38f586c7dfa4df3a4b88,2017-10-25T18:21:32.000Z,0.000123334,0xd579567db3df631348180456dc1a40eb7ec63a9e,sell,0xb3203db25a01fa7950a860b42b899ad7da52ddd6,0x46ee6bc20303ce351c7a178a4b07c231532ff97a25ffde4a877de2cdc46e5991
367,125,0.0155,0x6572add9cc26b5ed05dad2a47417ad5dabb50103,2017-10-25T18:20:04.000Z,0.000124,0xd579567db3df631348180456dc1a40eb7ec63a9e,sell,0xb3203db25a01fa7950a860b42b899ad7da52ddd6,0x358b252668454a9b62eb3e2d864a0ff3c2a6b4d982ccf8693419f87902431f25
368,100,0.014501,0x7ef08a950fe33e19ca0b443198d68b866679b1dd,2017-10-25T18:20:01.000Z,0.00014501,0xd579567db3df631348180456dc1a40eb7ec63a9e,sell,0xb3203db25a01fa7950a860b42b899ad7da52ddd6,0xdff2f56f041b56513fb7b8bb8a7a9f0231d255247e960388eb5e8bf7f0cbc4a4
369,500,0.07,0xec670ebbd986f392d85b38f586c7dfa4df3a4b88,2017-10-25T18:18:28.000Z,0.00014,0xd579567db3df631348180456dc1a40eb7ec63a9e,sell,0xb3203db25a01fa7950a860b42b899ad7da52ddd6,0xed475dabd55cc32deba850b5e1a04c54439eeaf9ec6166842d233723982bc803
370,930,0.13485093,0xd7ed1d93e06bb505404c03f987a2267d9791fad4,2017-10-25T18:16:33.000Z,0.000145001,0xd579567db3df631348180456dc1a40eb7ec63a9e,sell,0xb3203db25a01fa7950a860b42b899ad7da52ddd6,0xea241c544cb5bc78fd8ff3ec26a607c5dea84e4a91369ca540b00df881dc10fb
371,300,0.0555,0x1f94b7603de363a5565667b31cdbae92f956282f,2017-10-25T18:15:16.000Z,0.000185,0xd579567db3df631348180456dc1a40eb7ec63a9e,sell,0xb3203db25a01fa7950a860b42b899ad7da52ddd6,0x928cb7c1dd8f3cfb99e8b7b2df46786aae432f9b5152659876e32ea12c5ba037
372,200,0.0759398,0x41768df33a36959770f3664987c6e8be52db6bf2,2017-10-25T14:30:03.000Z,0.000379699,0x7a9ee3c3996909fcf628adea9c67266d693060c2,buy,0xb3203db25a01fa7950a860b42b899ad7da52ddd6,0xc4ec1af60507c2673fa71e81003333142c5965440f8aa422e3dd9903c20933c9
373,200,0.0759398,0x41768df33a36959770f3664987c6e8be52db6bf2,2017-10-25T13:56:00.000Z,0.000379699,0x7a9ee3c3996909fcf628adea9c67266d693060c2,buy,0xb3203db25a01fa7950a860b42b899ad7da52ddd6,0x9023d92d89d5540630fb1e714ea33a94bf57faceecaf0f834bc98949e27df09d
374,19.536,0.00722832,0xc9851cc81a6bf64f495c244b11d0eb78d245d293,2017-10-25T12:16:08.000Z,0.00037,0x6572add9cc26b5ed05dad2a47417ad5dabb50103,buy,0xb3203db25a01fa7950a860b42b899ad7da52ddd6,0xf2f091ec640234568e4e6c3fd6a8b65508819b3af2aa193e23808a5db1e48cce
375,251.46047253,0.04727482029611253,0xd7ed1d93e06bb505404c03f987a2267d9791fad4,2017-10-25T10:22:23.000Z,0.000188001,0x13418bfb6e4ee77e2337dbfa7a9f5c26e5a292c5,sell,0xb3203db25a01fa7950a860b42b899ad7da52ddd6,0xbe307dd973e86f3629af729b141ecb796272d20371dc051b87777269e1860d24
376,200,0.037601,0x7ef08a950fe33e19ca0b443198d68b866679b1dd,2017-10-25T10:21:10.000Z,0.000188005,0x13418bfb6e4ee77e2337dbfa7a9f5c26e5a292c5,sell,0xb3203db25a01fa7950a860b42b899ad7da52ddd6,0xdc8648e57ac07731eab88335bf96395bcb5cbb2e37c9fb82ed71e307a8f1fe91
377,300,0.0567,0x692306857d17a8f31bb5feb17cfe765773487e66,2017-10-25T10:19:48.000Z,0.000189,0x13418bfb6e4ee77e2337dbfa7a9f5c26e5a292c5,sell,0xb3203db25a01fa7950a860b42b899ad7da52ddd6,0x5dc454fa11ffe4ee6fedf9c6664b6bae40cd800531631c1a6f9b3e38640db91c
378,250,0.0475,0x7ef08a950fe33e19ca0b443198d68b866679b1dd,2017-10-25T10:19:04.000Z,0.00019,0x13418bfb6e4ee77e2337dbfa7a9f5c26e5a292c5,sell,0xb3203db25a01fa7950a860b42b899ad7da52ddd6,0xd05c62a1d42c98907acc7136f65514ad0621e1ec546c5a8f541d242620fa0523
379,997.27141207,0.3788624121767549,0x1f7e011b59f8bf61f737d0b6aa1f308f0214d608,2017-10-25T09:15:54.000Z,0.0003798990000027816,0x7a9ee3c3996909fcf628adea9c67266d693060c2,buy,0xb3203db25a01fa7950a860b42b899ad7da52ddd6,0xdce6f958c2355c35ce005ccb2ab455dc0d40e305eed6e3a587a66949f9db012e
380,970.67767291,0.368856545028437,0x1f7e011b59f8bf61f737d0b6aa1f308f0214d608,2017-10-25T08:33:02.000Z,0.0003799990000003193,0x7a9ee3c3996909fcf628adea9c67266d693060c2,buy,0xb3203db25a01fa7950a860b42b899ad7da52ddd6,0x0e085328d33375f2c55e5d8257b6964b63913fa807dba59a52e3b5d1cfa410e0
381,0.00837128,0.000003180251876147,0x1f7e011b59f8bf61f737d0b6aa1f308f0214d608,2017-10-25T07:53:15.000Z,0.0003799003110811011,0x7ef08a950fe33e19ca0b443198d68b866679b1dd,buy,0xb3203db25a01fa7950a860b42b899ad7da52ddd6,0x95ec27da8093f6000d97f510ba89bd71a6a80d4ace29c1a704eabe48914034ee
382,83.95028044,0.03190110656963414,0x1f7e011b59f8bf61f737d0b6aa1f308f0214d608,2017-10-25T07:37:24.000Z,0.00038000000002899495,0x9ada414e29a66a689bd65f9b945fbd2d19150b61,buy,0xb3203db25a01fa7950a860b42b899ad7da52ddd6,0x36d7410054dd44404647ca8241b695906a2ded0fce00e5243b38ffbfc1d0e177
383,1000,0.4,0x1f7e011b59f8bf61f737d0b6aa1f308f0214d608,2017-10-25T05:56:07.000Z,0.0004,0x3b4b6652987941926fa1b2f577079382d08ed6e7,buy,0xb3203db25a01fa7950a860b42b899ad7da52ddd6,0x9c44797157b3a08cb63d81877394f128eb6aa62adecb81b01094ed73344a7ab4
384,1000,0.4,0x1f7e011b59f8bf61f737d0b6aa1f308f0214d608,2017-10-25T05:54:58.000Z,0.0004,0x3b4b6652987941926fa1b2f577079382d08ed6e7,buy,0xb3203db25a01fa7950a860b42b899ad7da52ddd6,0xdcf1f9f5e941a4a62809db53f0e27f5f55ed5b06415dbb5f8ba7954995520382
385,1000,0.4,0x1f7e011b59f8bf61f737d0b6aa1f308f0214d608,2017-10-25T05:54:58.000Z,0.0004,0x3b4b6652987941926fa1b2f577079382d08ed6e7,buy,0xb3203db25a01fa7950a860b42b899ad7da52ddd6,0xafabe4c27a23f02d86d8355acc9da98fdacfac0ed53154a857c8bf95ac589c6e
