,amount,amountBase,buyer,date,price,seller,side,tokenAddr,txHash
0,200,0.00398,0x0c3bcb5f24ecbd92b54f278f8b0bb777c2030875,2017-11-02T14:24:29.000Z,0.0000199,0xf60b7a42f39161c8852731d2c75039c8ad439c20,buy,0xa9aad2dc3a8315caeee5f458b1d8edc31d8467bd,0x18bcecf9f8ad8e8807c7ae11514fd598746aab6a041456726c007cca5cf21f43
1,498.45479015053337,0.0044860931113548,0xb3ce1a52cea50f6904247299ea0929c0bfb5aaf9,2017-11-02T14:00:24.000Z,0.00000899999999999999,0x120934780ca7a9e7052d57863686a3f397146d72,sell,0xa9aad2dc3a8315caeee5f458b1d8edc31d8467bd,0x2ae63b7bede9eee31dbe0019dccd204e4d375f255192a599033ab43256323069
2,409.58,0.0061437,0x42bc05153c285f20c2f1f04b281028e971437ff9,2017-11-02T13:37:48.000Z,0.000015,0x1fabd314bb4f78f3d8860371e9042540dc1bf3c1,sell,0xa9aad2dc3a8315caeee5f458b1d8edc31d8467bd,0x83ee640c822f812a100311fa226153d4fd8098d426914ce1f776e436cdb49173
3,498.45479015053337,0.007476821852258,0x42bc05153c285f20c2f1f04b281028e971437ff9,2017-11-02T13:31:23.000Z,0.00001499999999999999,0xa5842ec685bdef95bd05a53a833091f6677f8753,sell,0xa9aad2dc3a8315caeee5f458b1d8edc31d8467bd,0x5ac74e463e19ed87c0319cd2c595fdfd287040d071049d861186d9fcda3cfb0a
4,498.45479015053337,0.007476821852258,0x42bc05153c285f20c2f1f04b281028e971437ff9,2017-11-02T13:02:02.000Z,0.00001499999999999999,0x2b66aff7b01000df6d988ed9c920fd8db97345cc,sell,0xa9aad2dc3a8315caeee5f458b1d8edc31d8467bd,0x3fb0334e8f2148013c92dfd01c40e5a8b00f62c84bae44d92861aabc2c3587d5
5,498.45479015053337,0.007476821852258,0x42bc05153c285f20c2f1f04b281028e971437ff9,2017-11-02T12:28:06.000Z,0.00001499999999999999,0x1b3529cec0bd2760d2ef184b15f1b2a16e79c77e,sell,0xa9aad2dc3a8315caeee5f458b1d8edc31d8467bd,0x9a4c123203df5d8dccdbf5470dc2ec286cb10e187326bc92c7d903e7028acc39
6,1096.6005383311733,0.0164490080749676,0x42bc05153c285f20c2f1f04b281028e971437ff9,2017-11-02T12:18:18.000Z,0.00001499999999999999,0x3dfcdbf350d74844fb18366a4d051a3ea85ce98b,sell,0xa9aad2dc3a8315caeee5f458b1d8edc31d8467bd,0xb834df0c5bfac5c0abea5324c292eefc21cb4a403b0b86859fc59c352665b90c
7,1000,0.012,0xed8033057dff5527cd88d602923b65956ae0c1f0,2017-11-02T12:14:39.000Z,0.000012,0x1fabd314bb4f78f3d8860371e9042540dc1bf3c1,sell,0xa9aad2dc3a8315caeee5f458b1d8edc31d8467bd,0x53c84941b5f487c64eff151c89659117955857cff42c9799879cae818f76dda1
8,498.45479015053337,0.007476821852258,0x42bc05153c285f20c2f1f04b281028e971437ff9,2017-11-02T11:58:56.000Z,0.00001499999999999999,0x3ea19c19e3d98af9de024a2a52fb50bcdf2f93ef,sell,0xa9aad2dc3a8315caeee5f458b1d8edc31d8467bd,0x6c8f7c1e5aa93dc98ab51aa2a6d0b4a56e16a725181d545b6366aa34f7ec5c61
9,150,0.00225075,0xcc1566bfa9adc2b8f64ddff7db8017c945f77830,2017-11-02T10:44:29.000Z,0.000015005,0x1fabd314bb4f78f3d8860371e9042540dc1bf3c1,sell,0xa9aad2dc3a8315caeee5f458b1d8edc31d8467bd,0x34cce8d62fb48866aa26b0f37c0fffa02f22b38dbc36b70d1857b773adf907f3
10,135.07,0.002215148,0x3103fd6169573c495b79066d7c7d1994351694bb,2017-11-02T09:38:53.000Z,0.0000164,0x1fabd314bb4f78f3d8860371e9042540dc1bf3c1,sell,0xa9aad2dc3a8315caeee5f458b1d8edc31d8467bd,0x38de6e5af21f9ff73b426949e167b9b1a11bb2865e4d5c442fd4adf9d6bef174
11,63.459,0.001142325459,0xd347f7b5fab42a04177be02c1f669aab83fae992,2017-11-02T09:38:53.000Z,0.000018001,0x1fabd314bb4f78f3d8860371e9042540dc1bf3c1,sell,0xa9aad2dc3a8315caeee5f458b1d8edc31d8467bd,0xcdabbf710258d8db74572dc3de404c74a7a499d5a8ce65a25a7f77d0c16dc29a
12,2270.299,0.040867652299,0xd347f7b5fab42a04177be02c1f669aab83fae992,2017-11-02T09:37:30.000Z,0.000018001,0x7322f723ab0b701ad0b4f328e4f9690fe8a4b18e,sell,0xa9aad2dc3a8315caeee5f458b1d8edc31d8467bd,0x2dbbf475b6b43b5f9e0f5c989add88b98f66abb993ab5f54703af8ce17691b8f
13,2000,0.04,0x1fabd314bb4f78f3d8860371e9042540dc1bf3c1,2017-11-02T09:36:11.000Z,0.00002,0xae810cf45c532c6c2fc8aac0db1d82f1c261d1b4,buy,0xa9aad2dc3a8315caeee5f458b1d8edc31d8467bd,0xeaac0f1aa774124e34056c0601f3ecad3666665695dace8acd72610fa9fb45df
14,21.367521367521366,0.0005,0x3075f7f189912f4f425dd7021b9c396434197477,2017-11-02T08:03:29.000Z,0.0000234,0xd421c753e7299f1f104c61dfea79fd1df958bbd5,buy,0xa9aad2dc3a8315caeee5f458b1d8edc31d8467bd,0xcf24d4c9d9821ef305e71540ac771cecaef3722e6b4ced1b9f0f14e6095f9059
15,21.367521367521366,0.0005,0x4fda9e6bcd83af6c5cc771b5d20accc2b7720074,2017-11-02T08:01:42.000Z,0.0000234,0xd421c753e7299f1f104c61dfea79fd1df958bbd5,buy,0xa9aad2dc3a8315caeee5f458b1d8edc31d8467bd,0x21d7a429b6962ffb17f545c6e67a33ebb409991f3d6fc2968b49ef8570bed6cd
16,498.45479015053337,0.00897268467749975,0xd347f7b5fab42a04177be02c1f669aab83fae992,2017-11-02T07:32:39.000Z,0.00001800099999999999,0xa98f44ab59f590e85aa7618b778eea20b43c1221,sell,0xa9aad2dc3a8315caeee5f458b1d8edc31d8467bd,0xeff100e7a7ca8254b6007baeac9ebe8edb0e4a184c36700fe1c6bf0c47050546
17,184.63271328622002,0.004432477547862283,0x2ec6faa139ed11c115143e5de40ec739b8ed57dd,2017-11-02T07:16:31.000Z,0.00002400699999999999,0x0c3bcb5f24ecbd92b54f278f8b0bb777c2030875,sell,0xa9aad2dc3a8315caeee5f458b1d8edc31d8467bd,0x857c9a5bcb3a95cd7397efee27c24be96aceccfa1ba9ee12b9d4ae5d34503ff7
18,489.00213152746863,0.011740452175842995,0x2ec6faa139ed11c115143e5de40ec739b8ed57dd,2017-11-02T07:14:44.000Z,0.00002400899999999999,0x1d5321e125f6c7079a716705541c7b371ca79e69,sell,0xa9aad2dc3a8315caeee5f458b1d8edc31d8467bd,0x60ee9ce2e05a8cd00799a63c082d914458c1a8f18c623e594b67deb3da2f4add
19,490.469137922051,0.011476977827375993,0x1d5321e125f6c7079a716705541c7b371ca79e69,2017-11-02T07:14:44.000Z,0.0000234,0xd421c753e7299f1f104c61dfea79fd1df958bbd5,buy,0xa9aad2dc3a8315caeee5f458b1d8edc31d8467bd,0x60ee9ce2e05a8cd00799a63c082d914458c1a8f18c623e594b67deb3da2f4add
20,997.0089730807578,0.02393519441674975,0x2ec6faa139ed11c115143e5de40ec739b8ed57dd,2017-11-02T07:13:45.000Z,0.00002400699999999999,0x1d5321e125f6c7079a716705541c7b371ca79e69,sell,0xa9aad2dc3a8315caeee5f458b1d8edc31d8467bd,0x817b786534dfa64e7eaa0c67738a8d79b87a69c3ecb120a8925dccb475a1717e
21,1000,0.022,0x1d5321e125f6c7079a716705541c7b371ca79e69,2017-11-02T07:13:45.000Z,0.000022,0x13512137d004d3e8d919ced5f5f7119934917c11,buy,0xa9aad2dc3a8315caeee5f458b1d8edc31d8467bd,0x817b786534dfa64e7eaa0c67738a8d79b87a69c3ecb120a8925dccb475a1717e
22,2500,0.054975,0x1d5321e125f6c7079a716705541c7b371ca79e69,2017-11-02T07:13:17.000Z,0.00002199,0xd92ce5941305b7cf1e5cc5713b93db2b651a4fdf,buy,0xa9aad2dc3a8315caeee5f458b1d8edc31d8467bd,0xe7ff5e8efe2731fbaaba92f10293807d562fe4611a5458849c4a2b8d60448b47
23,2492.522432701894,0.059837986041874375,0x2ec6faa139ed11c115143e5de40ec739b8ed57dd,2017-11-02T07:13:17.000Z,0.00002400699999999999,0x1d5321e125f6c7079a716705541c7b371ca79e69,sell,0xa9aad2dc3a8315caeee5f458b1d8edc31d8467bd,0xe7ff5e8efe2731fbaaba92f10293807d562fe4611a5458849c4a2b8d60448b47
24,202,0.003636606,0xd7260b408d5fe7fe483e52184aaae1e075715bca,2017-11-02T06:59:57.000Z,0.000018003,0x7b64991d8f2ba2e3fcb3dc6f07759813d476389e,sell,0xa9aad2dc3a8315caeee5f458b1d8edc31d8467bd,0x1940b419672670900e614492d4f76e019df58b1e69533ebc0bb686505e295a5a
25,32384.60772974265,0.5829229391353676,0xe7b030eb34f58caeae75cca398f9a01f22502ae1,2017-11-02T06:27:19.000Z,0.00001799999999999999,0x2a67d20fcb7d6cab098c1df4e4c9dcd3785ef7c4,sell,0xa9aad2dc3a8315caeee5f458b1d8edc31d8467bd,0x5c199e63efed39de1cf53c75e0d925f0e9800b909008b43072c95f5e6ff95a09
26,5000,0.09002,0x4ba054cf489d9de38525a2f1b76244fd3de4692e,2017-11-02T06:24:38.000Z,0.000018004,0x2a67d20fcb7d6cab098c1df4e4c9dcd3785ef7c4,sell,0xa9aad2dc3a8315caeee5f458b1d8edc31d8467bd,0x360c7767786d70983e8a1503f83a10f7ff7455a2977efade20050ff92cdc5523
27,498.45479015053337,0.00897268467749975,0xd347f7b5fab42a04177be02c1f669aab83fae992,2017-11-02T04:53:00.000Z,0.00001800099999999999,0xf570c2fa6ece74641a51b23f514c56ebd4e031e8,sell,0xa9aad2dc3a8315caeee5f458b1d8edc31d8467bd,0xef780ebc7e91238feed3419b1972ffbf3c7eb8c0905bafa9d049e048879507d8
28,15563.312768473517,0.2801396298325233,0xe7b030eb34f58caeae75cca398f9a01f22502ae1,2017-11-02T04:04:16.000Z,0.00001799999999999999,0xa4a427e29022187fc470d001423cbbf9084b4a3f,sell,0xa9aad2dc3a8315caeee5f458b1d8edc31d8467bd,0x4200973402162bad705786589e3116e3c32953ec10291eed00fb090fbafd8ad4
29,4438.086102030506,0.07988998792265113,0xd347f7b5fab42a04177be02c1f669aab83fae992,2017-11-02T03:51:59.000Z,0.00001800099999999999,0xa53167b3162ecda5c3c01fe0d87dd3e6c169312d,sell,0xa9aad2dc3a8315caeee5f458b1d8edc31d8467bd,0xb5d8f9350443ac36fcf936505fd1d829f6e9ea6cc6fc09d32d164547d30e0c08
30,40000,0.72,0xe7b030eb34f58caeae75cca398f9a01f22502ae1,2017-11-02T03:47:07.000Z,0.000018,0xe026a60bed392313e0dd24310db38be527fee96f,sell,0xa9aad2dc3a8315caeee5f458b1d8edc31d8467bd,0x3940326ec455739e4207788680f75d956b48b31ffc94ee514f5a1f6409c27154
31,1413.7799276883018,0.02544945247831712,0xd347f7b5fab42a04177be02c1f669aab83fae992,2017-11-02T02:55:25.000Z,0.00001800099999999999,0x966cc337eecb155c916e5514554d723c83abfea5,sell,0xa9aad2dc3a8315caeee5f458b1d8edc31d8467bd,0x2d969ec4e5c17d55172d7e953b6dd68dc3aae5dbf0a1b474401c4214343d60f2
32,498,0.008965494,0xd7260b408d5fe7fe483e52184aaae1e075715bca,2017-11-02T01:55:13.000Z,0.000018003,0x5634fc9a8194fa713558d8962ff7c3d2be45bb2a,sell,0xa9aad2dc3a8315caeee5f458b1d8edc31d8467bd,0x6e9fa684e05adf3b62599bffa20b9942f9fffd7de759824d65739b822be2e2af
33,0.04306434558935574,0.000001076177996278,0x08633ba8540a230b5be19211578e8d08f4fb1323,2017-11-02T00:27:29.000Z,0.00002499,0x1bc17feec575562e9666445da7b08343295219d3,buy,0xa9aad2dc3a8315caeee5f458b1d8edc31d8467bd,0x40e627860a40c920364e6317eb392d7782f1e3441e5200b867a51de9a849d22f
34,431.9784506065965,0.010795141480658845,0x08633ba8540a230b5be19211578e8d08f4fb1323,2017-11-02T00:20:04.000Z,0.00002499,0x1bc17feec575562e9666445da7b08343295219d3,buy,0xa9aad2dc3a8315caeee5f458b1d8edc31d8467bd,0x2e51fb65faac00630d341b5127d7e510389b306f821754ab1af4c8de93b0671f
35,817.4658558468747,0.01471520287109959,0xd347f7b5fab42a04177be02c1f669aab83fae992,2017-11-02T00:06:52.000Z,0.00001800099999999999,0xae44252a7394d9d1027385c402b1dfe9636452ed,sell,0xa9aad2dc3a8315caeee5f458b1d8edc31d8467bd,0xd47830a5c9e3abdcb2fbe88806bfb1e7c9a375657920b9e29e01e8e933e09f59
36,320,0.0079968,0xae44252a7394d9d1027385c402b1dfe9636452ed,2017-11-01T23:53:28.000Z,0.00002499,0x1bc17feec575562e9666445da7b08343295219d3,buy,0xa9aad2dc3a8315caeee5f458b1d8edc31d8467bd,0xc45bdc9191a754bb5e75601b0cb2f81748cf9ab0ea0ea5be4f6b9d790c65adbd
37,500,0.011495,0xae44252a7394d9d1027385c402b1dfe9636452ed,2017-11-01T23:50:22.000Z,0.00002299,0x964770094c66e72826a8ba1ab458714a0e3c2409,buy,0xa9aad2dc3a8315caeee5f458b1d8edc31d8467bd,0x6c59736e764895a1ebe55b08dd9c314f936917a730ca41cfb2e5a3ee2a6122ca
38,9969.095803010667,0.17944372445419202,0xe7b030eb34f58caeae75cca398f9a01f22502ae1,2017-11-01T23:36:58.000Z,0.00001799999999999999,0x06cb5d56d9630c3e210e3111b8b0bda41a9fad31,sell,0xa9aad2dc3a8315caeee5f458b1d8edc31d8467bd,0xeef8a5af3f94d3df910675bab83fafd91854007513aaa5d9cd9a9329c9184838
39,996.9095803010667,0.0179443724454192,0xe7b030eb34f58caeae75cca398f9a01f22502ae1,2017-11-01T22:51:57.000Z,0.00001799999999999999,0xa839c6c2143fac413b4aa0134b200b84dfa1bb08,sell,0xa9aad2dc3a8315caeee5f458b1d8edc31d8467bd,0x485713804dfa83779ff0c35db04c138ad6133b745ca9d03849c025988c06c504
40,5999,0.15591401,0xf6549288d08ae87ed860a339d2298fdc6c685848,2017-11-01T22:42:20.000Z,0.00002599,0x02f3f615dad26e296bec71632d7d3fdb702dae7c,buy,0xa9aad2dc3a8315caeee5f458b1d8edc31d8467bd,0xb8e259521f86444594dec6a7a43c43af934fb45922a91e1e4e841e717576c6c8
41,1000,0.02499,0x7ae95541c6ec1862e3cd5bfcf12e50b120755c99,2017-11-01T22:23:52.000Z,0.00002499,0xd550905ec6362fd4ddcfb65fac68038bb0f5e089,sell,0xa9aad2dc3a8315caeee5f458b1d8edc31d8467bd,0x8a7379a4c78a1ac4b77f9a50e41422aedd44630a7a4c27d53dff490b65a591fb
42,608.7586908298046,0.01095765643493648,0xe7b030eb34f58caeae75cca398f9a01f22502ae1,2017-11-01T21:58:13.000Z,0.00001799999999999999,0xfbac48777902584e3a2a797500743a22c41cbd15,sell,0xa9aad2dc3a8315caeee5f458b1d8edc31d8467bd,0x49590a44792f1761b6d2f826c64c742aff7f53dd3e9ff1459c5877b3d57e9297
43,1.644483635676401,0.000029600705442175,0xe7b030eb34f58caeae75cca398f9a01f22502ae1,2017-11-01T21:28:51.000Z,0.00001799999999999986,0x1d79e25e8910c710f33ca0efe1de8971d4b51552,sell,0xa9aad2dc3a8315caeee5f458b1d8edc31d8467bd,0x295d6e0398a966381d3bcb9a492d9395fc391dace9a5e658343ddacf9bd1c5a7
44,16495.815349469976,0.2969246762904596,0xe7b030eb34f58caeae75cca398f9a01f22502ae1,2017-11-01T21:27:55.000Z,0.00001799999999999999,0x1d79e25e8910c710f33ca0efe1de8971d4b51552,sell,0xa9aad2dc3a8315caeee5f458b1d8edc31d8467bd,0x33bf89781e863f4fd91719e041cac17ae3b12e9788b002823e0c8d52b82918ab
45,2000,0.037,0xe78629c3b71522a1b16d6f93af947e0361f0c013,2017-11-01T21:26:10.000Z,0.0000185,0x1d79e25e8910c710f33ca0efe1de8971d4b51552,sell,0xa9aad2dc3a8315caeee5f458b1d8edc31d8467bd,0xbb1ccc22aa18222210b404710d1737d6e2ee2a9238013d45398952395fc3a3e3
46,1997.546,0.03995092,0x862d06e10f2054114f7efae588cc936df5987817,2017-11-01T21:25:06.000Z,0.00002,0x1d79e25e8910c710f33ca0efe1de8971d4b51552,sell,0xa9aad2dc3a8315caeee5f458b1d8edc31d8467bd,0xe36a5a3ad8518e7dd8248266548d8ee2708bb26821475801ae8a194140d9c234
47,199,0.00398,0x241872b90fdd3dcfdf73b2d2cf7511d4883ae741,2017-11-01T21:24:23.000Z,0.00002,0x1d79e25e8910c710f33ca0efe1de8971d4b51552,sell,0xa9aad2dc3a8315caeee5f458b1d8edc31d8467bd,0xdf441ecee4d8c283ff5be7a41520942ca1cd59704387bfb2d76036b7b9a4d316
48,2550,0.05100255,0x99f39ae0af0d01614b73737d7a9aa4e2bf0d1221,2017-11-01T21:24:23.000Z,0.000020001,0x1d79e25e8910c710f33ca0efe1de8971d4b51552,sell,0xa9aad2dc3a8315caeee5f458b1d8edc31d8467bd,0xabcec60d2b01d53fb484b32888a4f98082b6ad743d3760c40f70702dcd52d5f2
49,0.000000000003058823,0.000000000000000078,0x7ae95541c6ec1862e3cd5bfcf12e50b120755c99,2017-11-01T19:55:20.000Z,0.0000255000044134623,0x99f39ae0af0d01614b73737d7a9aa4e2bf0d1221,buy,0xa9aad2dc3a8315caeee5f458b1d8edc31d8467bd,0xea8a7fb3f3379c40801ff365d5a48e33df6a5074f715fd549ef7b1d265c31fac
50,2.4539625267520817,0.000049079250535041,0x862d06e10f2054114f7efae588cc936df5987817,2017-11-01T18:31:00.000Z,0.00001999999999999974,0xa2b97cca37b913e409b6dba636b0ad5e311c309e,sell,0xa9aad2dc3a8315caeee5f458b1d8edc31d8467bd,0xbf47bdf471a94e1f3b96b3882d70f8f855b3ef623e4ccb490bb67242e8144373
51,47.094,0.001224444,0x02f3f615dad26e296bec71632d7d3fdb702dae7c,2017-11-01T18:30:47.000Z,0.000026,0x600ad96f349986170b734e6057a8c94e79f45186,buy,0xa9aad2dc3a8315caeee5f458b1d8edc31d8467bd,0xd1fe31832428ef1d04091236fa6ddd274170e8ba150c09f9f29a7da67b7aeffa
52,24615.698105850133,0.4430825659053024,0xe7b030eb34f58caeae75cca398f9a01f22502ae1,2017-11-01T18:24:00.000Z,0.00001799999999999999,0xa2b97cca37b913e409b6dba636b0ad5e311c309e,sell,0xa9aad2dc3a8315caeee5f458b1d8edc31d8467bd,0x404bae690a6d3d07e8ae89a924845b56d6cfaa890dc4a5865a20cd00cbeaa512
53,18000,0.324017999999982,0x6c4abceb16c95785c332e79213e5f143ba4e33a3,2017-11-01T18:22:04.000Z,0.000018000999999999,0xa2b97cca37b913e409b6dba636b0ad5e311c309e,sell,0xa9aad2dc3a8315caeee5f458b1d8edc31d8467bd,0x7ee2e5f14930c4c832a399cc842e63f7acca964b2a5776a2a2e124015f474310
54,7129.237,0.171151592659,0x2ec6faa139ed11c115143e5de40ec739b8ed57dd,2017-11-01T18:18:32.000Z,0.000024007,0xa2b97cca37b913e409b6dba636b0ad5e311c309e,sell,0xa9aad2dc3a8315caeee5f458b1d8edc31d8467bd,0x25c6f0291c442cfe07d690078b0436f3b8900bdf300ffd6ce64f0041d33010ee
55,996.9095803010667,0.02393280829428771,0x2ec6faa139ed11c115143e5de40ec739b8ed57dd,2017-11-01T18:12:23.000Z,0.00002400699999999999,0x1322bcb439f944d244af6ad9cda05a9dbb64c7ea,sell,0xa9aad2dc3a8315caeee5f458b1d8edc31d8467bd,0x1dfbee96a9aef82155005c33b3200b85e9612caedda96f6e6444a8d01e4acfaa
56,1182.93835080107,0.02840116686438289,0x2ec6faa139ed11c115143e5de40ec739b8ed57dd,2017-11-01T18:07:17.000Z,0.00002400899999999999,0x2daf797758a4372812bc67d6d166b3a387dcfd78,sell,0xa9aad2dc3a8315caeee5f458b1d8edc31d8467bd,0x656633e980d06f017b9606d43f15ac6cda9d1e2ef5c2445e919535e584b480d1
57,0.000000000017095588,0.000000000000000465,0xd29c5103380d4c1403e94ad8cf51ed41089fdf2e,2017-11-01T17:59:02.000Z,0.00002720000037436559,0x3c4e6a67e36bb05c4487d2c9e5defa771650d402,buy,0xa9aad2dc3a8315caeee5f458b1d8edc31d8467bd,0xbd759b629e7c048bb3b33ac14a50cf6bfcfb5aafa7b72651f2bc612cc3f4dee7
58,0.00000017160555147,0.000000000004667671,0xd29c5103380d4c1403e94ad8cf51ed41089fdf2e,2017-11-01T17:56:22.000Z,0.00002720000000009323,0x3c4e6a67e36bb05c4487d2c9e5defa771650d402,buy,0xa9aad2dc3a8315caeee5f458b1d8edc31d8467bd,0x5ffbaab4a501ae73606d7cbd457b138eab474852068439dce4ed2ad901506928
59,0.001721375040183823,0.000000046821401093,0xd29c5103380d4c1403e94ad8cf51ed41089fdf2e,2017-11-01T17:54:16.000Z,0.0000272,0x3c4e6a67e36bb05c4487d2c9e5defa771650d402,buy,0xa9aad2dc3a8315caeee5f458b1d8edc31d8467bd,0x6a4c8a17ba481a7373535cfe699d0651762d6fe5e10b2e601d07e25e8dbd0463
60,17.267113028100884,0.000469665474364344,0xd29c5103380d4c1403e94ad8cf51ed41089fdf2e,2017-11-01T17:52:56.000Z,0.0000272,0x3c4e6a67e36bb05c4487d2c9e5defa771650d402,buy,0xa9aad2dc3a8315caeee5f458b1d8edc31d8467bd,0xf7197835ef8bd44243e755ea4f97312b1a6a71fb18175835b13caf92b52c1595
61,8130,0.22348557,0xd29c5103380d4c1403e94ad8cf51ed41089fdf2e,2017-11-01T17:18:10.000Z,0.000027489,0x2ec6faa139ed11c115143e5de40ec739b8ed57dd,buy,0xa9aad2dc3a8315caeee5f458b1d8edc31d8467bd,0xa5cca60cd929397e2d647d09b2baf3a83f072bc178fd5f31f7c408677c9340ea
62,2000,0.0548,0xd29c5103380d4c1403e94ad8cf51ed41089fdf2e,2017-11-01T17:11:09.000Z,0.0000274,0xc8f0f7ee5ab3ef98804438550111bc2c115c96dc,buy,0xa9aad2dc3a8315caeee5f458b1d8edc31d8467bd,0x220bf0bc41f50ee9d1bed30ea06ed51e51a800c7b57e4b44badaee58c6515788
63,1000,0.0272,0xd29c5103380d4c1403e94ad8cf51ed41089fdf2e,2017-11-01T17:09:33.000Z,0.0000272,0x13512137d004d3e8d919ced5f5f7119934917c11,buy,0xa9aad2dc3a8315caeee5f458b1d8edc31d8467bd,0x4d750c0aa924d53cd1545f5b02a5d9cfb9d38b494010887aa0a41979ee4027f3
64,1362,0.0352758,0xd29c5103380d4c1403e94ad8cf51ed41089fdf2e,2017-11-01T17:02:32.000Z,0.0000259,0x13512137d004d3e8d919ced5f5f7119934917c11,buy,0xa9aad2dc3a8315caeee5f458b1d8edc31d8467bd,0x9ddcdb1f783f6a73dae26f48c346e7b9b7a9e3d7f989b47e5d04df6f19256154
65,500,0.0135,0xd29c5103380d4c1403e94ad8cf51ed41089fdf2e,2017-11-01T17:02:02.000Z,0.000027,0xd7260b408d5fe7fe483e52184aaae1e075715bca,buy,0xa9aad2dc3a8315caeee5f458b1d8edc31d8467bd,0x3e9e9dfb5e617093f50adaaec11e21242f1c13ef286ae6136f61735ba4f0c1b7
66,10800,0.27972,0xd29c5103380d4c1403e94ad8cf51ed41089fdf2e,2017-11-01T17:00:46.000Z,0.0000259,0xb0aeca7f4ce4c7495e051a2ec206d62e13a9a479,buy,0xa9aad2dc3a8315caeee5f458b1d8edc31d8467bd,0x8548fbcd8099c74a0839f9b83549bb7fa2c9eb96a4695c6318708332b8087eb8
67,10000,0.235,0xd29c5103380d4c1403e94ad8cf51ed41089fdf2e,2017-11-01T16:56:52.000Z,0.0000235,0x568cbdd99da79418f81fb5304661c18b84e7b609,buy,0xa9aad2dc3a8315caeee5f458b1d8edc31d8467bd,0x33aa50655af4453532d20ac8b947964f4a1fd5b123995426bdb7de1338509e44
68,1564,0.036754,0xd29c5103380d4c1403e94ad8cf51ed41089fdf2e,2017-11-01T16:55:36.000Z,0.0000235,0xe78629c3b71522a1b16d6f93af947e0361f0c013,buy,0xa9aad2dc3a8315caeee5f458b1d8edc31d8467bd,0xb87b02da28c56ccaa01f906c29a623c42307b3f6ccbab179f248836255d67a04
69,1564,0.036754,0xd29c5103380d4c1403e94ad8cf51ed41089fdf2e,2017-11-01T16:55:25.000Z,0.0000235,0xe78629c3b71522a1b16d6f93af947e0361f0c013,buy,0xa9aad2dc3a8315caeee5f458b1d8edc31d8467bd,0xb87b02da28c56ccaa01f906c29a623c42307b3f6ccbab179f248836255d67a04
70,4000.1926128873342,0.08080389078032416,0xd29c5103380d4c1403e94ad8cf51ed41089fdf2e,2017-11-01T16:54:53.000Z,0.0000202,0xcb30211cfc3fe326ed5a1aec66ede79fc2227a61,buy,0xa9aad2dc3a8315caeee5f458b1d8edc31d8467bd,0x0f3275a4a39330393fe3dd577f774a958b8e9c78346cece290f5c8b896e10ba0
71,500,0.01,0xd29c5103380d4c1403e94ad8cf51ed41089fdf2e,2017-11-01T16:53:42.000Z,0.00002,0x37d8c9641b04821de706ebc37242bf81d107f9e0,buy,0xa9aad2dc3a8315caeee5f458b1d8edc31d8467bd,0x64019e5a8052beadae3a0c94585002c38b22d0a4b19a784c4c3d8c87f133508c
72,22094.233567170028,0.3976962042090605,0xe7b030eb34f58caeae75cca398f9a01f22502ae1,2017-11-01T16:49:13.000Z,0.00001799999999999999,0x1fabd314bb4f78f3d8860371e9042540dc1bf3c1,sell,0xa9aad2dc3a8315caeee5f458b1d8edc31d8467bd,0x5228b9da6d8d0ad92c3bd493a1d1ead2b2502208bc21f0e1cb86c1e4a2da2aa8
73,34456.254,0.620212572,0xe7b030eb34f58caeae75cca398f9a01f22502ae1,2017-11-01T16:31:14.000Z,0.000018,0xa2b97cca37b913e409b6dba636b0ad5e311c309e,sell,0xa9aad2dc3a8315caeee5f458b1d8edc31d8467bd,0x0483811e51246beddf8ec359b7e89de021edf422ee5763668c423629851debf0
74,2492.2739507526667,0.044873392483301765,0x1fabd314bb4f78f3d8860371e9042540dc1bf3c1,2017-11-01T16:29:46.000Z,0.00001800499999999999,0xb9be8af3e2fd3b30c8361a27154a925dee072370,sell,0xa9aad2dc3a8315caeee5f458b1d8edc31d8467bd,0xdf2aa363162d54cc99d3dda0187b278aa3b542d88327e18be9812610d44b59db
75,11835.996682803085,0.2390871329926223,0xc9d56287b414e1aa0963016aa721b527f095fd9c,2017-11-01T16:10:46.000Z,0.0000202,0xcb30211cfc3fe326ed5a1aec66ede79fc2227a61,buy,0xa9aad2dc3a8315caeee5f458b1d8edc31d8467bd,0x19c954a325f442d2e4c2c7338cfd7639ce84b5827add38afb5fe4a78c61a26df
76,11800.594898108759,0.28328508112399886,0xb99f72a8b0d3a5025ab8b2ca534973497af42899,2017-11-01T16:10:46.000Z,0.00002400599999999999,0xc9d56287b414e1aa0963016aa721b527f095fd9c,sell,0xa9aad2dc3a8315caeee5f458b1d8edc31d8467bd,0x19c954a325f442d2e4c2c7338cfd7639ce84b5827add38afb5fe4a78c61a26df
77,872.177704309581,0.017617989627053535,0x6d2f27149fbf6c559008e95ede61ff20f3e4b847,2017-11-01T16:05:41.000Z,0.0000202,0xcb30211cfc3fe326ed5a1aec66ede79fc2227a61,buy,0xa9aad2dc3a8315caeee5f458b1d8edc31d8467bd,0x5f17f77dddd94ff39336012a17cd4e448e61477a1ef56c877cd483259ede9c80
78,869.5611711966523,0.02087468547574683,0xb99f72a8b0d3a5025ab8b2ca534973497af42899,2017-11-01T16:05:41.000Z,0.00002400599999999999,0x6d2f27149fbf6c559008e95ede61ff20f3e4b847,sell,0xa9aad2dc3a8315caeee5f458b1d8edc31d8467bd,0x5f17f77dddd94ff39336012a17cd4e448e61477a1ef56c877cd483259ede9c80
79,4221.4589092584665,0.0760073676611987,0x1fabd314bb4f78f3d8860371e9042540dc1bf3c1,2017-11-01T15:29:39.000Z,0.00001800499999999999,0x68ca7fc4bfc3bb2a9cf6f45736dcadc2c427c5a0,sell,0xa9aad2dc3a8315caeee5f458b1d8edc31d8467bd,0xaac756ddb15030e3c4865ebb28abd13e34d8b43d71160dc8459fb0ae94014723
80,3633.735420197388,0.06542540624065397,0x1fabd314bb4f78f3d8860371e9042540dc1bf3c1,2017-11-01T15:16:10.000Z,0.00001800499999999999,0xc215d77a657db36a06c64ef60d795b5af969ba09,sell,0xa9aad2dc3a8315caeee5f458b1d8edc31d8467bd,0x7398ca807da70679d0eb2c50ca1535cde89acecffd279896774b5f4464976ffc
81,5765.808722501907,0.12684779189504194,0xc9d56287b414e1aa0963016aa721b527f095fd9c,2017-11-01T15:04:27.000Z,0.000022,0x68ca7fc4bfc3bb2a9cf6f45736dcadc2c427c5a0,buy,0xa9aad2dc3a8315caeee5f458b1d8edc31d8467bd,0x730b3b601b016619ee70485a2e800611b5dac78112b85f587f57844cfa364189
82,5748.563033401702,0.13800000417984126,0xb99f72a8b0d3a5025ab8b2ca534973497af42899,2017-11-01T15:04:27.000Z,0.00002400599999999999,0xc9d56287b414e1aa0963016aa721b527f095fd9c,sell,0xa9aad2dc3a8315caeee5f458b1d8edc31d8467bd,0x730b3b601b016619ee70485a2e800611b5dac78112b85f587f57844cfa364189
83,11722.012,0.281398620072,0xb99f72a8b0d3a5025ab8b2ca534973497af42899,2017-11-01T14:31:26.000Z,0.000024006,0xcb30211cfc3fe326ed5a1aec66ede79fc2227a61,sell,0xa9aad2dc3a8315caeee5f458b1d8edc31d8467bd,0x544cdcd68e82dbf3942b799746c87ba7a43fa877528cb8df96f1f99a2c30662c
84,7359.169514421758,0.17666422336320872,0xb99f72a8b0d3a5025ab8b2ca534973497af42899,2017-11-01T14:28:40.000Z,0.00002400599999999999,0x6e20fc98c86d303fa8d3dc182fa739cde1046faf,sell,0xa9aad2dc3a8315caeee5f458b1d8edc31d8467bd,0x351d8713745ea0eb98582417e0a5bc852cdab65069d436a2e3e3aa7345bf1e83
85,11809.293106649387,0.21262632238522222,0x1fabd314bb4f78f3d8860371e9042540dc1bf3c1,2017-11-01T14:25:15.000Z,0.00001800499999999999,0xe1e1d0d73eeb29d0632bc4c7871bfc74dbed0741,sell,0xa9aad2dc3a8315caeee5f458b1d8edc31d8467bd,0x212c75831fb458e757ce32c24766db28b1c893ee778f253a8bb69daad6be5cb0
86,20000,0.3602,0x3e7d005ed164cc1b2066279cf625a0960281dfb2,2017-11-01T14:21:45.000Z,0.00001801,0xe1e1d0d73eeb29d0632bc4c7871bfc74dbed0741,sell,0xa9aad2dc3a8315caeee5f458b1d8edc31d8467bd,0x982e6e4e11c5e789a0eb5f7aae6df525b21fdc4e35442e84257d6806666b7d6b
87,2564,0.049998,0xe78629c3b71522a1b16d6f93af947e0361f0c013,2017-11-01T14:20:59.000Z,0.0000195,0xe1e1d0d73eeb29d0632bc4c7871bfc74dbed0741,sell,0xa9aad2dc3a8315caeee5f458b1d8edc31d8467bd,0x74dd9a2c0d8e5370d4c99cfaf8dc9ce3ed3327d9d3c253a3f989bcf4c7197872
88,9000,0.18,0x32517d16dbde11ccd2dfac565e8515618663cea6,2017-11-01T14:19:59.000Z,0.00002,0xe1e1d0d73eeb29d0632bc4c7871bfc74dbed0741,sell,0xa9aad2dc3a8315caeee5f458b1d8edc31d8467bd,0xa403ca3f70c4981a25a4266219d9b682c433236a6a420a962d2fcaf4580ccd55
89,5151.604,0.10359875644,0x3ffc937781f3d1b565d5ea019a54c4691260cba1,2017-11-01T14:19:34.000Z,0.00002011,0xe1e1d0d73eeb29d0632bc4c7871bfc74dbed0741,sell,0xa9aad2dc3a8315caeee5f458b1d8edc31d8467bd,0x13cabf3801b3d883a168b01e3e0d2c89aefd0c9659730f919244334cb28ddd9f
90,850.902,0.0171882204,0xd421c753e7299f1f104c61dfea79fd1df958bbd5,2017-11-01T14:15:01.000Z,0.0000202,0xcb30211cfc3fe326ed5a1aec66ede79fc2227a61,sell,0xa9aad2dc3a8315caeee5f458b1d8edc31d8467bd,0x9449c63461792db26e8285441f0d578e391151ab40b725c91d07d179b88c10d5
91,20000,0.404,0x173426a9cc835cbb83b72180985cec8952a2a8cb,2017-11-01T14:12:29.000Z,0.0000202,0xcb30211cfc3fe326ed5a1aec66ede79fc2227a61,sell,0xa9aad2dc3a8315caeee5f458b1d8edc31d8467bd,0xe5c333fafa83c15bb1b9713792ae142ca9c8d2d989300904d0e0a9451eba78f5
92,2449.406898872817,0.0494780193572309,0xd421c753e7299f1f104c61dfea79fd1df958bbd5,2017-11-01T13:11:56.000Z,0.00002019999999999999,0x78103ea94af54c68f5478ca0fd1f5d0953ea70b6,sell,0xa9aad2dc3a8315caeee5f458b1d8edc31d8467bd,0x2596b87a8c682bd62b39620afd6461ec44c58dee66a18c48141e4a8387fbb408
93,9969.095803010667,0.19948160701824344,0x9c91f5e860d49a15a94a36de2b18cafaa5232d3f,2017-11-01T13:05:16.000Z,0.00002000999999999999,0x65b5ad128a7bf7ee32320d1453a4888c798c162a,sell,0xa9aad2dc3a8315caeee5f458b1d8edc31d8467bd,0x435d0da7c319917a54618b029dd2bfad3b0af9fc06c9fadfb6cb270b67ef4b5d
94,5383.31173362576,0.10874289701924035,0x6e20fc98c86d303fa8d3dc182fa739cde1046faf,2017-11-01T12:36:21.000Z,0.00002019999999999999,0x13a63cdeee9c4db98c5255bb482d767d207a16bd,sell,0xa9aad2dc3a8315caeee5f458b1d8edc31d8467bd,0x8a341fffddf6467d04d8fe3d0470440e3ee06de18e1c92a3447755a0bb940f2a
95,1500,0.0303,0x6e20fc98c86d303fa8d3dc182fa739cde1046faf,2017-11-01T12:34:39.000Z,0.0000202,0x2b47fca8ae934ad8e7b687258ad0ca95f062c20c,sell,0xa9aad2dc3a8315caeee5f458b1d8edc31d8467bd,0xf37c7815cd117c58c84f558651a0c2350c712f7458fec03908e99f1e96dc5820
96,498.45479015053337,0.010068786761040774,0x6e20fc98c86d303fa8d3dc182fa739cde1046faf,2017-11-01T11:59:50.000Z,0.00002019999999999999,0xb017853e62caa85483017df1c1463cdcb7df9d85,sell,0xa9aad2dc3a8315caeee5f458b1d8edc31d8467bd,0xc891ec715b5c916829b263ce037c2fdfd21952d96cb4bffa2829ff49f5c3be6a
97,101.545,0.00234061225,0x33b8cbd0105275ba1e7d180a6f2b8347b9b519a5,2017-11-01T11:43:21.000Z,0.00002305,0xa2b97cca37b913e409b6dba636b0ad5e311c309e,sell,0xa9aad2dc3a8315caeee5f458b1d8edc31d8467bd,0xf279bed6677454a9fbacac5f3ade856ed6b540f7bd9496dd8835f0882243ece4
98,10000,0.215,0x68ca7fc4bfc3bb2a9cf6f45736dcadc2c427c5a0,2017-11-01T11:42:56.000Z,0.0000215,0xa2b97cca37b913e409b6dba636b0ad5e311c309e,sell,0xa9aad2dc3a8315caeee5f458b1d8edc31d8467bd,0xa9debc254f6fcb32d93ed1e44dbabae97d3277083c2947f84c226f3eaba05378
99,1000,0.0231,0xf0d8444b98fd316d6fa97ef6d9501f457e72656f,2017-11-01T11:34:11.000Z,0.0000231,0x59970e2c4374b59be9d2c4f2678ad2bda5cf9030,sell,0xa9aad2dc3a8315caeee5f458b1d8edc31d8467bd,0xa074cbdfd3f3292db0d2d0f4b50cb60f18284f64e28000084c4520c9e4aba25e
100,10000,0.21502541,0x93018adddc7ac587d1a1291970f315d53943afd4,2017-11-01T10:48:39.000Z,0.000021502541,0xa2b97cca37b913e409b6dba636b0ad5e311c309e,sell,0xa9aad2dc3a8315caeee5f458b1d8edc31d8467bd,0x684a040ff4b3db46738fad555ac0465333acb5e9c30f86ba996e7b52fdfe09ee
101,500,0.0135,0xe23a37f85a2333f4af7069e75ab125cb02902646,2017-11-01T10:30:20.000Z,0.000027,0x8397b719f59d95d250cdabef8daaaba2865558a1,buy,0xa9aad2dc3a8315caeee5f458b1d8edc31d8467bd,0x860b5b6cc0ae67808ec7365018159ad4b45fdf79b8e78523ba48d873694fc40f
102,2000,0.054,0xe23a37f85a2333f4af7069e75ab125cb02902646,2017-11-01T10:29:03.000Z,0.000027,0x8397b719f59d95d250cdabef8daaaba2865558a1,buy,0xa9aad2dc3a8315caeee5f458b1d8edc31d8467bd,0xd6b59f4e9474f49d081e55bdea90841991deb80b980eb5b971401d235117916d
103,1000,0.027,0xe23a37f85a2333f4af7069e75ab125cb02902646,2017-11-01T10:27:13.000Z,0.000027,0x0acf4053dfcf1b47770509a7d4d6db5eaae1846f,buy,0xa9aad2dc3a8315caeee5f458b1d8edc31d8467bd,0x53f052d4810b46deda8c2cabf91daf94911ab8abea8ac64913e82137341a2009
104,5200,0.11986,0x0b80b52ebfab8cf6c885987aeacac8ad2a85dc8f,2017-11-01T10:16:52.000Z,0.00002305,0xc63b7600218fac76dc58599dbbfa04abc0a59e6a,sell,0xa9aad2dc3a8315caeee5f458b1d8edc31d8467bd,0xde5883d5819c72fd59375165380bd5b6c2c6e32102641ef4e7dbc99783c1bb66
105,1519.965,0.03647916,0x8a424781254908e4bc40db921f969218eef3c81a,2017-11-01T10:06:32.000Z,0.000024,0x4964b54222af6df83c859144994df1d6230d3a81,sell,0xa9aad2dc3a8315caeee5f458b1d8edc31d8467bd,0x76d4499e27e7631f0d99da2adb20fb95eb678378a7f416724f76281ff61349d1
106,1144.9457211263457,0.02748900181852243,0x2ec6faa139ed11c115143e5de40ec739b8ed57dd,2017-11-01T10:02:11.000Z,0.00002400899999999999,0x4964b54222af6df83c859144994df1d6230d3a81,sell,0xa9aad2dc3a8315caeee5f458b1d8edc31d8467bd,0x1db75c6cfa9e484d5ee2c4025440f4c0d2e73a477a0d5634254ef6ea5f56320b
107,1000,0.027489,0x4964b54222af6df83c859144994df1d6230d3a81,2017-11-01T10:00:40.000Z,0.000027489,0x2ec6faa139ed11c115143e5de40ec739b8ed57dd,buy,0xa9aad2dc3a8315caeee5f458b1d8edc31d8467bd,0x1dcee6740aecfbe8a777e13c2ddd1b1eeb53590718ec12e6c963c7f7270b9767
108,1000,0.027,0x4964b54222af6df83c859144994df1d6230d3a81,2017-11-01T09:57:36.000Z,0.000027,0x0acf4053dfcf1b47770509a7d4d6db5eaae1846f,buy,0xa9aad2dc3a8315caeee5f458b1d8edc31d8467bd,0x24b98b6cd3a8e5973299e70dbad12a325414a9e15c683d8c709d5521bf48a41f
109,600,0.015,0x4964b54222af6df83c859144994df1d6230d3a81,2017-11-01T09:56:14.000Z,0.000025,0x16d2d762f71ce31f95cf56fc87e5305643bdcfe0,buy,0xa9aad2dc3a8315caeee5f458b1d8edc31d8467bd,0x98177c11cd9eb2049eae4eadd6931609a48bbbebe41f66fcfc59c75d4d8522df
110,43261.7207831793,1.0384976074002192,0xab8d202eb5b5ec264ab8fdc207015240a3e977ea,2017-11-01T09:54:43.000Z,0.00002400499999999999,0x4964b54222af6df83c859144994df1d6230d3a81,sell,0xa9aad2dc3a8315caeee5f458b1d8edc31d8467bd,0x6a88623700b12b35477021b3f7c4b3a167e5622283bfe1242cf4dfba1b6ba6ce
111,15950.553284817068,0.3828930316020337,0xab8d202eb5b5ec264ab8fdc207015240a3e977ea,2017-11-01T09:32:21.000Z,0.00002400499999999999,0x1073268959e7d0b56509454f02885b6bd63cfa45,sell,0xa9aad2dc3a8315caeee5f458b1d8edc31d8467bd,0x582c5ba8b6ef9ddb81dd220bc2944e52b707b74637e4556d661e90c32aef28ab
112,498.45479015053337,0.011965407237563551,0xab8d202eb5b5ec264ab8fdc207015240a3e977ea,2017-11-01T09:21:49.000Z,0.00002400499999999999,0x307e1218e7b34a16afa587e405c953299b25894e,sell,0xa9aad2dc3a8315caeee5f458b1d8edc31d8467bd,0x88e925527652c1872da21ca2436b35e531bf74ed8aebe9c81dddf0fe000e8815
113,49845.886375096015,1.1965505024341798,0xab8d202eb5b5ec264ab8fdc207015240a3e977ea,2017-11-01T09:20:31.000Z,0.00002400499999999999,0xb94fe30bb4fc91dd94ba3fdbb21022dd7ce4c27a,sell,0xa9aad2dc3a8315caeee5f458b1d8edc31d8467bd,0xd50d402bda858c82af281dab365a1437dd5a7c3608f639f6fa416a9477e0681b
114,3489.1835310537335,0.08375785066294487,0xab8d202eb5b5ec264ab8fdc207015240a3e977ea,2017-11-01T09:19:23.000Z,0.00002400499999999999,0xe32c340433a440a800277ca53627d99b4414345c,sell,0xa9aad2dc3a8315caeee5f458b1d8edc31d8467bd,0xda4a6183833e34c194fe8b6242fe986cea47b05c322eee334d3e886cb2930126
115,23602.291320905195,0.5665730031583291,0xab8d202eb5b5ec264ab8fdc207015240a3e977ea,2017-11-01T09:12:02.000Z,0.00002400499999999999,0x3929481ab0845149e909e8a6a2fe8763769954cd,sell,0xa9aad2dc3a8315caeee5f458b1d8edc31d8467bd,0x2bea00a3160e2b0d3d3f8609e409a1a814874ccf6402517802aa4ea4523c04c2
116,13783.192,0.330920656728,0x2ec6faa139ed11c115143e5de40ec739b8ed57dd,2017-11-01T09:09:54.000Z,0.000024009,0x3929481ab0845149e909e8a6a2fe8763769954cd,sell,0xa9aad2dc3a8315caeee5f458b1d8edc31d8467bd,0x96b52d702d901279a6b5ab623c30f7ee1d6cea0d1d84038d41b5646eb5cb8885
117,498.45479015053337,0.011967401056724156,0x2ec6faa139ed11c115143e5de40ec739b8ed57dd,2017-11-01T09:07:57.000Z,0.00002400899999999999,0xcaf9e3848c0404b21e3f42cc59f9aa86dee0822a,sell,0xa9aad2dc3a8315caeee5f458b1d8edc31d8467bd,0x9327001e6b6fe020b367443da7cc954a5463cdd2e85955a9d7c0fb82462e691f
118,16000,0.384128,0x1073268959e7d0b56509454f02885b6bd63cfa45,2017-11-01T08:37:09.000Z,0.000024008,0x2daf797758a4372812bc67d6d166b3a387dcfd78,sell,0xa9aad2dc3a8315caeee5f458b1d8edc31d8467bd,0xd2d29932a2bd3cecbfbed52026d2834ee587fdf6ab2c27d25208d834d0f86d78
119,2900,0.0696203,0x2ec6faa139ed11c115143e5de40ec739b8ed57dd,2017-11-01T08:37:09.000Z,0.000024007,0x2daf797758a4372812bc67d6d166b3a387dcfd78,sell,0xa9aad2dc3a8315caeee5f458b1d8edc31d8467bd,0xdd171a30475825948d8ccc2a79e209fa15d2e3e7839f2508359e07a866b417fa
120,11065.344432259993,0.2656457237852657,0x2ec6faa139ed11c115143e5de40ec739b8ed57dd,2017-11-01T08:21:44.000Z,0.00002400699999999999,0x4a1ee0184f90b3673d76c12c89ff125449f4af63,sell,0xa9aad2dc3a8315caeee5f458b1d8edc31d8467bd,0xfb5cd67d5b139c0efa18b4f338aebe50420aefade084bd08bd3785fad9ad4b73
121,1993.8191606021335,0.04786561658857542,0x2ec6faa139ed11c115143e5de40ec739b8ed57dd,2017-11-01T08:17:56.000Z,0.00002400699999999999,0x36fef8678944d9fea67ea28f23fef98098de0995,sell,0xa9aad2dc3a8315caeee5f458b1d8edc31d8467bd,0xcfa39feb66321f140a83225cdc9ee0a67d3a15f9836ea035dd6f354d6b59ca1a
122,2295.8428870501443,0.05511630018941282,0x2ec6faa139ed11c115143e5de40ec739b8ed57dd,2017-11-01T07:17:43.000Z,0.00002400699999999999,0x1c39c4a38ced25b4cf306d0ebfbd1fdd7d33d917,sell,0xa9aad2dc3a8315caeee5f458b1d8edc31d8467bd,0x0e67eeb179314d3f099ce06921f424dc2e4434bea0e887259d2f2f00481dea48
123,5680,0.163584,0xdbcebf70574ef676e8f9b012636e9b1ded54c3d9,2017-11-01T06:28:14.000Z,0.0000288,0x1c39c4a38ced25b4cf306d0ebfbd1fdd7d33d917,sell,0xa9aad2dc3a8315caeee5f458b1d8edc31d8467bd,0xcc08f4eb3df92e806468455831323474708ed056a4d5d57d8d72c738ca2ef59c
124,1230,0.0355347,0x4964b54222af6df83c859144994df1d6230d3a81,2017-11-01T04:33:17.000Z,0.00002889,0xd92ce5941305b7cf1e5cc5713b93db2b651a4fdf,buy,0xa9aad2dc3a8315caeee5f458b1d8edc31d8467bd,0x74cc4fabd7f2b68ee602b47abf658ca119ad651e09a0a5409bb335fd634a6bf6
125,15000,0.36009,0xb99f72a8b0d3a5025ab8b2ca534973497af42899,2017-11-01T04:31:09.000Z,0.000024006,0x4964b54222af6df83c859144994df1d6230d3a81,sell,0xa9aad2dc3a8315caeee5f458b1d8edc31d8467bd,0xf1216101f7bf35758d756dc837e7014785086d912b6acd4f0f47ee7d517f4d87
126,1500,0.043335,0x4964b54222af6df83c859144994df1d6230d3a81,2017-11-01T04:30:01.000Z,0.00002889,0xd92ce5941305b7cf1e5cc5713b93db2b651a4fdf,buy,0xa9aad2dc3a8315caeee5f458b1d8edc31d8467bd,0x5e1733b29cacc2a8f7b41abffe2543fa1c6c544de6a871e186482e54f08a0867
127,2000,0.05,0x536f64d331cffbd4d7b17f10e84c0724a85bc514,2017-11-01T04:27:37.000Z,0.000025,0x4964b54222af6df83c859144994df1d6230d3a81,sell,0xa9aad2dc3a8315caeee5f458b1d8edc31d8467bd,0xdff02621dbc6508fe9efb891aaf7666df0b56cb89a4c7e163e5b26db6e1aac9c
128,1000,0.02889,0x4964b54222af6df83c859144994df1d6230d3a81,2017-11-01T04:18:08.000Z,0.00002889,0xd92ce5941305b7cf1e5cc5713b93db2b651a4fdf,buy,0xa9aad2dc3a8315caeee5f458b1d8edc31d8467bd,0x81a1374cdb02b63c8aa0144513ea3f026be90bc9cf90bc81ce0f58aea5226e96
129,0.0993828711296049,0.000002385785204337,0xb99f72a8b0d3a5025ab8b2ca534973497af42899,2017-11-01T04:17:23.000Z,0.00002400599999999703,0x7d878c82755b4831bb18b5df0b8fdf1e82cd61a2,sell,0xa9aad2dc3a8315caeee5f458b1d8edc31d8467bd,0xbb05a0ab10e22d8226edbd577d0197086cbb44265a4acb804847d7703628f47c
130,3500,0.084021,0xb99f72a8b0d3a5025ab8b2ca534973497af42899,2017-11-01T04:16:13.000Z,0.000024006,0x4964b54222af6df83c859144994df1d6230d3a81,sell,0xa9aad2dc3a8315caeee5f458b1d8edc31d8467bd,0xd03d770164d0fab610bf21c0ffdcca5e5b05130376697d8aae09524440397232
131,996.9095803010667,0.023930814475127106,0xab8d202eb5b5ec264ab8fdc207015240a3e977ea,2017-11-01T04:15:39.000Z,0.00002400499999999999,0x7d878c82755b4831bb18b5df0b8fdf1e82cd61a2,sell,0xa9aad2dc3a8315caeee5f458b1d8edc31d8467bd,0xd86e8e8c227e59d002786c38e9ef4eacd895be0dc489f135f5917c9257103fbc
132,2000,0.04801,0xf00dd34fa52d31aa537658baf071cbaeac59a66d,2017-11-01T04:08:29.000Z,0.000024005,0x199919ed3157ed218505664406512a3a65ffd57c,buy,0xa9aad2dc3a8315caeee5f458b1d8edc31d8467bd,0x8d7198beaf1d426418f52a717fdae969e455a85e9c7a1f1d54ae1f7b0bd35494
133,2550,0.06121275,0xab8d202eb5b5ec264ab8fdc207015240a3e977ea,2017-11-01T04:06:50.000Z,0.000024005,0x4964b54222af6df83c859144994df1d6230d3a81,sell,0xa9aad2dc3a8315caeee5f458b1d8edc31d8467bd,0x096b47cd0a73d227b78ac3a78c3dd9998abef6bc8fb63844b5e5acea111a8c57
134,54839.87552604851,1.3164312120027946,0xb99f72a8b0d3a5025ab8b2ca534973497af42899,2017-11-01T04:04:13.000Z,0.000024005,0xadc45ad9e5d19bb7536b468a3fce8a8d275649ed,buy,0xa9aad2dc3a8315caeee5f458b1d8edc31d8467bd,0x1089632c49f6858050241c96dade886980f79447c36c5d472db70b3ad13c0564
135,3000,0.072015,0xab8d202eb5b5ec264ab8fdc207015240a3e977ea,2017-11-01T04:02:10.000Z,0.000024005,0x4964b54222af6df83c859144994df1d6230d3a81,sell,0xa9aad2dc3a8315caeee5f458b1d8edc31d8467bd,0xb6cb98614c0e47e9ec49cfe5140cfae01775a30a01089d36b9ab6a2db41d61b9
136,0.12447395148569049,0.000002987997205414,0xa8b3ac3cece7b756c515924c35e9876ce9b8b7c1,2017-11-01T04:02:10.000Z,0.000024005,0xadc45ad9e5d19bb7536b468a3fce8a8d275649ed,buy,0xa9aad2dc3a8315caeee5f458b1d8edc31d8467bd,0x8a907c88f6f02f080f904c089fe751f522480f9a73f95e3243d05eb05bc33d6a
137,1000,0.024005,0x4964b54222af6df83c859144994df1d6230d3a81,2017-11-01T04:00:36.000Z,0.000024005,0xadc45ad9e5d19bb7536b468a3fce8a8d275649ed,buy,0xa9aad2dc3a8315caeee5f458b1d8edc31d8467bd,0x3a12f16b1bb8cbe5bda9116440d4f31d3baab93959196e57ae8c8a5b6f12509f
138,2500,0.06,0xeaf84e4ebec2913682758adaf35c602608e631e8,2017-11-01T03:57:48.000Z,0.000024,0x12be693054c534b2a03f65294a644111cbd02069,buy,0xa9aad2dc3a8315caeee5f458b1d8edc31d8467bd,0x1e1d6252ee369056ab0ce9be540b1c599bce99b7eaa74f50b67cc48144937ee2
139,3500,0.0840175,0xab8d202eb5b5ec264ab8fdc207015240a3e977ea,2017-11-01T03:55:23.000Z,0.000024005,0x4964b54222af6df83c859144994df1d6230d3a81,sell,0xa9aad2dc3a8315caeee5f458b1d8edc31d8467bd,0xbbc6a994aef8fe4ff1df50f430358da0f73716da9e21a83a84e859b9a1c76f55
140,5000,0.120025,0xab8d202eb5b5ec264ab8fdc207015240a3e977ea,2017-11-01T03:52:59.000Z,0.000024005,0x4964b54222af6df83c859144994df1d6230d3a81,sell,0xa9aad2dc3a8315caeee5f458b1d8edc31d8467bd,0x298961aa4e158d9a0027027968ef9a700a1bcadfbf770a3333339d577ded385f
141,498.45479015053337,0.011965407237563551,0xab8d202eb5b5ec264ab8fdc207015240a3e977ea,2017-11-01T03:10:21.000Z,0.00002400499999999999,0xa7ef40afda6e29b81faa91a6608dc597e292604b,sell,0xa9aad2dc3a8315caeee5f458b1d8edc31d8467bd,0x4e2b8b4f8b4842c995c44030a4f3a19243352887974b06a90315d748af17f7ca
142,1000,0.024005,0xab8d202eb5b5ec264ab8fdc207015240a3e977ea,2017-11-01T03:02:57.000Z,0.000024005,0x4964b54222af6df83c859144994df1d6230d3a81,sell,0xa9aad2dc3a8315caeee5f458b1d8edc31d8467bd,0x93b63616207ab9f3f939d651a8da8704f4a57f964fb203fd876dffd91e463cc3
143,498.45479015053337,0.011965407237563551,0xab8d202eb5b5ec264ab8fdc207015240a3e977ea,2017-11-01T02:42:17.000Z,0.00002400499999999999,0xee0717bfab61e234c62e10cc7a13a7c060e251df,sell,0xa9aad2dc3a8315caeee5f458b1d8edc31d8467bd,0xbc840d7433564ebcef4fffbc880b366cb808021fc9dce77b5e9222166e644a1e
144,498.45479015053337,0.011965407237563551,0xab8d202eb5b5ec264ab8fdc207015240a3e977ea,2017-11-01T02:37:30.000Z,0.00002400499999999999,0x223fd352fe860bb7872fdc58e055923214a95001,sell,0xa9aad2dc3a8315caeee5f458b1d8edc31d8467bd,0x0e5b467c8f6c43af299e36d0d457dd8fc15dfec4cbb74de6f07ccca332d8fab9
145,5.288042173678476,0.000111048885647248,0x1d5321e125f6c7079a716705541c7b371ca79e69,2017-11-01T02:23:34.000Z,0.000021,0x958e29d7a438391b2d1c4fad8101f7c80a9dc795,buy,0xa9aad2dc3a8315caeee5f458b1d8edc31d8467bd,0xa162293f670d0baeba0ddae73400afb2d01bf37d0ecfc14cad00c15f4867a85e
146,5.272225497186915,0.000126559773059971,0xab8d202eb5b5ec264ab8fdc207015240a3e977ea,2017-11-01T02:23:34.000Z,0.00002400499999999982,0x1d5321e125f6c7079a716705541c7b371ca79e69,sell,0xa9aad2dc3a8315caeee5f458b1d8edc31d8467bd,0xa162293f670d0baeba0ddae73400afb2d01bf37d0ecfc14cad00c15f4867a85e
147,5000,0.120025,0xab8d202eb5b5ec264ab8fdc207015240a3e977ea,2017-11-01T02:13:39.000Z,0.000024005,0x4964b54222af6df83c859144994df1d6230d3a81,sell,0xa9aad2dc3a8315caeee5f458b1d8edc31d8467bd,0xe91ba50625c0f6c26f0e9769d3ec399c215b5c7f25660dfa89ff087980784c4f
148,100,0.00375,0xa03e82a075befbcf06c030df040a6096b742a496,2017-11-01T01:56:12.000Z,0.0000375,0xe5a4e8bcf5e36deffc52fc42b5ae949012fc40ec,buy,0xa9aad2dc3a8315caeee5f458b1d8edc31d8467bd,0x38b356fea760f4cd85fc6de02387fc7cfc5d3cf52854bdc6bdeb4c0ab33e03dd
149,2500,0.0600125,0xab8d202eb5b5ec264ab8fdc207015240a3e977ea,2017-11-01T01:52:16.000Z,0.000024005,0xa03e82a075befbcf06c030df040a6096b742a496,sell,0xa9aad2dc3a8315caeee5f458b1d8edc31d8467bd,0x005d17d38c5edd9f223c9e4449df877e6aa5edd204cd4f931a0bd74bfb6c3ec8
150,160,0.0038408,0x9b9660c6f10fb4129fd4ff89816ead514a79276d,2017-11-01T01:43:35.000Z,0.000024005,0xadc45ad9e5d19bb7536b468a3fce8a8d275649ed,buy,0xa9aad2dc3a8315caeee5f458b1d8edc31d8467bd,0xf58aefa06d685f11b27373440977d23af5605fe9730b0afd7fff5a05ad8c664b
151,3350,0.0804335,0xa3b1d7c165be6ac5a2ebe0fa69cd2f222f801d0d,2017-11-01T01:25:13.000Z,0.00002401,0x588530a1f24c8abdd9d2caa0ce355798c6488a46,sell,0xa9aad2dc3a8315caeee5f458b1d8edc31d8467bd,0x7fa7e3f36ac4e88a6937f44d55c2fe759fc48d5ef124cc3043e2f033b90a8feb
152,30000,0.72015,0xab8d202eb5b5ec264ab8fdc207015240a3e977ea,2017-11-01T01:02:30.000Z,0.000024005,0x2daf797758a4372812bc67d6d166b3a387dcfd78,sell,0xa9aad2dc3a8315caeee5f458b1d8edc31d8467bd,0x2e621a8c98dc952c6aa4bafcd26f217c22b3f174d549440ade0dad09bb677551
153,996.9095803010667,0.023930814475127106,0xab8d202eb5b5ec264ab8fdc207015240a3e977ea,2017-11-01T00:58:52.000Z,0.00002400499999999999,0x34d5577ac12fcd4fa87f87812058021b8bc1f80d,sell,0xa9aad2dc3a8315caeee5f458b1d8edc31d8467bd,0xd7a1348e32a08c5b76916449d3e7dfdf33f8fa9fdf7e5c65d17819962572605d
154,5000,0.120025,0xab8d202eb5b5ec264ab8fdc207015240a3e977ea,2017-11-01T00:51:38.000Z,0.000024005,0x0b90273e5dd88f63e7adff866739a5423c8dc6a2,sell,0xa9aad2dc3a8315caeee5f458b1d8edc31d8467bd,0xd8436f410d6b61abec1e373c0157fd27d55a33089e55b7492b8ed07ccc4aaed2
155,1000,0.028999,0x0b90273e5dd88f63e7adff866739a5423c8dc6a2,2017-11-01T00:50:25.000Z,0.000028999,0xbdad31246370125d74f16b5ca5ee71ef03891203,buy,0xa9aad2dc3a8315caeee5f458b1d8edc31d8467bd,0xc7517c304fd2f388456f5285352f79070c982b4183fb84342431067092ffb40b
156,10000,0.24005,0xab8d202eb5b5ec264ab8fdc207015240a3e977ea,2017-11-01T00:40:23.000Z,0.000024005,0x0b90273e5dd88f63e7adff866739a5423c8dc6a2,sell,0xa9aad2dc3a8315caeee5f458b1d8edc31d8467bd,0xbd63682bdf51760f358af177310f38306abdeb904a3a34db75d7d383929a518c
157,4.370720479419299,0.00010491914510846,0xab8d202eb5b5ec264ab8fdc207015240a3e977ea,2017-10-31T23:51:00.000Z,0.00002400499999999993,0x5bc1779ca6f329e52873fa63688c69cebdd171fa,sell,0xa9aad2dc3a8315caeee5f458b1d8edc31d8467bd,0x4eb9cfc3b1922d7eabe67a896f3970f491393040b348eeae956ea0d2fdec674e
158,43842.69712905499,1.0524439445829652,0xab8d202eb5b5ec264ab8fdc207015240a3e977ea,2017-10-31T23:49:38.000Z,0.00002400499999999999,0x5bc1779ca6f329e52873fa63688c69cebdd171fa,sell,0xa9aad2dc3a8315caeee5f458b1d8edc31d8467bd,0x080b74e98e9f365e41ee82ab6756429237529b2a44fb75c80f95ea12c46da00c
159,29094.805974299412,0.6984499122190316,0xb94fe30bb4fc91dd94ba3fdbb21022dd7ce4c27a,2017-10-31T23:47:27.000Z,0.00002400599999999999,0x5bc1779ca6f329e52873fa63688c69cebdd171fa,sell,0xa9aad2dc3a8315caeee5f458b1d8edc31d8467bd,0x368c80b8822b0a6b1f999949b37a65e22c8a28028fb1e4f526c94ecb650a66ca
160,10966.005510098954,0.2632499282754355,0xb94fe30bb4fc91dd94ba3fdbb21022dd7ce4c27a,2017-10-31T23:35:23.000Z,0.00002400599999999999,0x9232c4c1eb3007a443cea63b96fef41a9dad09bf,sell,0xa9aad2dc3a8315caeee5f458b1d8edc31d8467bd,0x8f65c17ea64c49afca7ffbc6eab37121570b79aafde0d68b3a5e84b474e9cacb
161,9939.188515601634,0.23860015950553284,0xb94fe30bb4fc91dd94ba3fdbb21022dd7ce4c27a,2017-10-31T23:27:16.000Z,0.00002400599999999999,0x173426a9cc835cbb83b72180985cec8952a2a8cb,sell,0xa9aad2dc3a8315caeee5f458b1d8edc31d8467bd,0x7cb895f45d282a1894f2c7dc321fca5a34498e6bc1a4fa68a5eae3f6d570859c
162,10000,0.25,0xffc899710264a9190523383555b4b798991823a3,2017-10-31T23:15:15.000Z,0.000025,0x173426a9cc835cbb83b72180985cec8952a2a8cb,sell,0xa9aad2dc3a8315caeee5f458b1d8edc31d8467bd,0x7fe29512cae222d415f2234309c0a357910fbbf66f68bbe1b4092c0cbc047e4e
163,27761.17992254119,0.6664071240406012,0xab8d202eb5b5ec264ab8fdc207015240a3e977ea,2017-10-31T22:39:19.000Z,0.00002400499999999999,0xab45233b06b1d1f452901661f6a931c9da663cc0,sell,0xa9aad2dc3a8315caeee5f458b1d8edc31d8467bd,0xc98f5fcf8146baaddd2685380d77a9b58d9e94d49bb054ef1e537819ee256109
164,3987.638321204267,0.09572325790050842,0xab8d202eb5b5ec264ab8fdc207015240a3e977ea,2017-10-31T22:28:02.000Z,0.00002400499999999999,0x8b728e8d8d704c7811865091c55a1b3dc34f7f1b,sell,0xa9aad2dc3a8315caeee5f458b1d8edc31d8467bd,0x34b1363f78cfe6378b637c477961775b85d2f6d38644a96acfea3cc658c11e7b
165,0.002647464585051546,0.000000077041219425,0xc0b6465284fc7376fa1b461d921bd57f8abca9bf,2017-10-31T22:21:56.000Z,0.0000291,0x02f3f615dad26e296bec71632d7d3fdb702dae7c,buy,0xa9aad2dc3a8315caeee5f458b1d8edc31d8467bd,0xa52abc26d04bf8eee244f90e0960c38bccb27f3d57f32ce4bf1e2c23f911eedd
166,1826.729555983989,0.053706660825731854,0xd411292505d8f74681bf435fa3a359d1088873ec,2017-10-31T22:06:01.000Z,0.0000294004444444444,0x6f386979f14b4d841cb77bfddd3afba6f0c6b6a1,buy,0xa9aad2dc3a8315caeee5f458b1d8edc31d8467bd,0x4305ba3519b6ca8a711090d70696d85e20afb8bcb817d34bec83d33fc20350f7
167,1811.663,0.0527193933,0xd411292505d8f74681bf435fa3a359d1088873ec,2017-10-31T22:04:35.000Z,0.0000291,0x02f3f615dad26e296bec71632d7d3fdb702dae7c,buy,0xa9aad2dc3a8315caeee5f458b1d8edc31d8467bd,0x731359c2c40a39cfc8805492dc35bcc5e4abd8b6cbd63315e0aa2cdd5cd214ca
168,0.6210838641016018,0.00001826014164186,0xd411292505d8f74681bf435fa3a359d1088873ec,2017-10-31T22:03:40.000Z,0.0000294004444444444,0x6f386979f14b4d841cb77bfddd3afba6f0c6b6a1,buy,0xa9aad2dc3a8315caeee5f458b1d8edc31d8467bd,0xfff44c02815eeabfbee82340d0c07737528f1910b5da6ad7cf50ff65dbdc43c1
169,0.6274962763525773,0.00001826014164186,0xd411292505d8f74681bf435fa3a359d1088873ec,2017-10-31T22:03:35.000Z,0.0000291,0x02f3f615dad26e296bec71632d7d3fdb702dae7c,buy,0xa9aad2dc3a8315caeee5f458b1d8edc31d8467bd,0x9dd5bd0482d530e4e35825f8d42096d7ea6c1e1ef505f5930fc26d77f3aef5ee
170,6294.41514809246,0.18316748080949058,0xd411292505d8f74681bf435fa3a359d1088873ec,2017-10-31T21:59:53.000Z,0.0000291,0x02f3f615dad26e296bec71632d7d3fdb702dae7c,buy,0xa9aad2dc3a8315caeee5f458b1d8edc31d8467bd,0xc72aeb09b6c228a031428ab9007dc14d57f71eee825e57398a56706aac460a18
171,6515.276568606085,0.15639921402938906,0xab8d202eb5b5ec264ab8fdc207015240a3e977ea,2017-10-31T21:55:42.000Z,0.00002400499999999999,0x61aaa3153e5fb36dc7474357b27d74acfe25792b,sell,0xa9aad2dc3a8315caeee5f458b1d8edc31d8467bd,0x874a3324f8a85bb71ef2ea0b1e94a8319020d578137b5b0e026122a1890b58e9
172,1893.2939259687637,0.05509485324569102,0x61aaa3153e5fb36dc7474357b27d74acfe25792b,2017-10-31T21:55:09.000Z,0.0000291,0x02f3f615dad26e296bec71632d7d3fdb702dae7c,buy,0xa9aad2dc3a8315caeee5f458b1d8edc31d8467bd,0x6d17a32d0e40f85c82c48a00642472af90557848d3e9e568b00774af661bf983
173,4642.18,0.13462322,0x61aaa3153e5fb36dc7474357b27d74acfe25792b,2017-10-31T21:53:06.000Z,0.000029,0xb0aeca7f4ce4c7495e051a2ec206d62e13a9a479,buy,0xa9aad2dc3a8315caeee5f458b1d8edc31d8467bd,0xd398607339c415fb399fb44716f4672bfd5fed46d7db53a124efd84c7c80923b
174,8062.297087657374,0.23380661554206383,0xcbcb68d816547e8d663375492ab868d84a9dd34f,2017-10-31T21:49:36.000Z,0.000029,0xb0aeca7f4ce4c7495e051a2ec206d62e13a9a479,buy,0xa9aad2dc3a8315caeee5f458b1d8edc31d8467bd,0x20e6d473becd886d07e482a55045fc73aa8d12437e627ed22de157c2c2080fa4
175,2295.52243657741,0.0665701506607449,0x1979713820190f1617e54a78ff393e819eebb0cf,2017-10-31T21:34:09.000Z,0.000029,0xb0aeca7f4ce4c7495e051a2ec206d62e13a9a479,buy,0xa9aad2dc3a8315caeee5f458b1d8edc31d8467bd,0x06d77c53f51b43c23c4d7ac9dd8180c02ae530fe1af89ab799597ed424c74133
176,19200,0.4608,0xab8d202eb5b5ec264ab8fdc207015240a3e977ea,2017-10-31T20:50:05.000Z,0.000024,0x9c405f8bf3739df0d47d490fb05f645c966b9d76,buy,0xa9aad2dc3a8315caeee5f458b1d8edc31d8467bd,0xfbd996aa513a9a2b2fd3efdda422c43e0cb114dc283a20321f59f64d0989fca4
177,498.45479015053337,0.011713687568537533,0x99f39ae0af0d01614b73737d7a9aa4e2bf0d1221,2017-10-31T20:13:50.000Z,0.00002349999999999999,0x7f91caa1aa11a8263e5f88ca234db3477e28702d,sell,0xa9aad2dc3a8315caeee5f458b1d8edc31d8467bd,0xe18a3932c0ca5db96dd9a776181684ae178ba75ad821d8314d14411af79a0f72
178,40347.481046725916,1.1862338749875387,0x1a428f75a5893b54d1ce806b5661f5d8f41a12c6,2017-10-31T20:06:22.000Z,0.0000294004444444444,0x6f386979f14b4d841cb77bfddd3afba6f0c6b6a1,buy,0xa9aad2dc3a8315caeee5f458b1d8edc31d8467bd,0x41695140bd2864bf0fd914c36ae5fcd3b31dd1644c0a68cb85597a1272ad796f
179,498.45479015053337,0.011713687568537533,0x99f39ae0af0d01614b73737d7a9aa4e2bf0d1221,2017-10-31T19:39:02.000Z,0.00002349999999999999,0x158a31c84665af5d4131d0c9a8164326968504fc,sell,0xa9aad2dc3a8315caeee5f458b1d8edc31d8467bd,0xbde6fd2c35cc709ab878217263177212460ca0bb915e4fe5f37d1a2bc1ef7c84
180,500,0.0147,0xd411292505d8f74681bf435fa3a359d1088873ec,2017-10-31T19:34:51.000Z,0.0000294,0xac31da2f6263f45c0cd490c25ec22a27aa259c13,buy,0xa9aad2dc3a8315caeee5f458b1d8edc31d8467bd,0x1fac234da42aab0095f62c656782e88fa5e1f5eeaa63d31e5739f70f3a6cdc47
181,2000,0.059,0xd411292505d8f74681bf435fa3a359d1088873ec,2017-10-31T19:34:24.000Z,0.0000295,0x590fa45656b8ca8d9b371c4f848ee2cb34031b3b,buy,0xa9aad2dc3a8315caeee5f458b1d8edc31d8467bd,0xbb8635d62c499ccad4cf416394795519082cc6d637d6e151b5101e5af67dd535
182,500,0.014,0xd411292505d8f74681bf435fa3a359d1088873ec,2017-10-31T19:33:48.000Z,0.000028,0x515a9b82340f46dad01eea64da25bc8dba594ddd,buy,0xa9aad2dc3a8315caeee5f458b1d8edc31d8467bd,0xf5c4beb50565af71fb33d946475cf37d69b734f5e2d9130452be018541e9de17
183,14834.803,0.4124141166457777,0xca588e4f929c225c366ec716aa10e280d29750fd,2017-10-31T19:24:58.000Z,0.00002780044444444444,0x6f386979f14b4d841cb77bfddd3afba6f0c6b6a1,buy,0xa9aad2dc3a8315caeee5f458b1d8edc31d8467bd,0xe673efc4615b477b26e9b8d70c62ca9b0b504151fdda62fffd8f76bea29227da
184,1.1959961282383538,0.000033249223918861,0x6850d67adc2885205ba1fd9223ce70653b763720,2017-10-31T19:23:22.000Z,0.00002780044444444444,0x6f386979f14b4d841cb77bfddd3afba6f0c6b6a1,buy,0xa9aad2dc3a8315caeee5f458b1d8edc31d8467bd,0x1f6231c0a137d4d71d5fd8af6f00015e25f2bad4d198440e9e933781d432976f
185,11997.037162358998,0.3335229651300967,0x6850d67adc2885205ba1fd9223ce70653b763720,2017-10-31T19:22:59.000Z,0.00002780044444444444,0x6f386979f14b4d841cb77bfddd3afba6f0c6b6a1,buy,0xa9aad2dc3a8315caeee5f458b1d8edc31d8467bd,0x3592ff1279f906de5cb039f73de90702bc6cd70dd768f2b8ce2c5bd62f9cd297
186,498.45479015053337,0.011489382912969793,0x33b8cbd0105275ba1e7d180a6f2b8347b9b519a5,2017-10-31T19:21:52.000Z,0.00002304999999999999,0x0c5754c81159b5e707d16b4d6b7030f0406875e6,sell,0xa9aad2dc3a8315caeee5f458b1d8edc31d8467bd,0x515a1a647f08145c16e0a645e8b46e4a390733b1ab23c9897c9126a92d96621a
187,996.9095803010667,0.023427375137075067,0x99f39ae0af0d01614b73737d7a9aa4e2bf0d1221,2017-10-31T19:17:23.000Z,0.00002349999999999999,0x309da4ad891e21b1527af45a802fcaf97bd1e380,sell,0xa9aad2dc3a8315caeee5f458b1d8edc31d8467bd,0x61591c13947526099955885f2316bada7741265caa57c9600bc365365278f2a3
188,6465.758932237563,0.17975097198684079,0x7b8528c2165316276d34aa3c28d3f099a85923f1,2017-10-31T19:09:08.000Z,0.00002780044444444444,0x6f386979f14b4d841cb77bfddd3afba6f0c6b6a1,buy,0xa9aad2dc3a8315caeee5f458b1d8edc31d8467bd,0xf8db794471a3f4c77ff1890cf5b9bed532023c14e0c2fbaf29c261d638df6017
189,6701.204465083918,0.18629646244242848,0xe224101400ebb9deb2d02ea214ef6a48b9a5956c,2017-10-31T19:05:09.000Z,0.00002780044444444444,0x6f386979f14b4d841cb77bfddd3afba6f0c6b6a1,buy,0xa9aad2dc3a8315caeee5f458b1d8edc31d8467bd,0xdd72744381cf9bbc286837b65eb424bb7ddbead0e41b77175f027b6ef94800fb
190,7148.38,0.197295288,0xe224101400ebb9deb2d02ea214ef6a48b9a5956c,2017-10-31T19:03:17.000Z,0.0000276,0x60f89eb04f825151845470b9083f96be86b1d5d4,buy,0xa9aad2dc3a8315caeee5f458b1d8edc31d8467bd,0x47ddb26bd72678555d0cf94c9adfccce6196fe2d1ac5b61856e9fe45294808e8
191,996.9095803010667,0.022978765825939586,0xab8d202eb5b5ec264ab8fdc207015240a3e977ea,2017-10-31T18:17:49.000Z,0.00002304999999999999,0x92f012808e3ac2161e8e863e4e55201044e64e85,sell,0xa9aad2dc3a8315caeee5f458b1d8edc31d8467bd,0xaf6a9b2475ccbef3e4ba62ae5efe3cf2873d4e13d96aa6c297bed384eee738f2
192,10.29519646766231,0.000237304278579616,0xab8d202eb5b5ec264ab8fdc207015240a3e977ea,2017-10-31T18:10:15.000Z,0.00002304999999999997,0x1bf546e7e42ebc76c270f84dc9f5f3e2e8e7276d,sell,0xa9aad2dc3a8315caeee5f458b1d8edc31d8467bd,0xbc4956b2ef8aa9d7041995c1b725f6b515ac2b00fda457153bbe44a2da9773cd
193,3271.1157671206315,0.07539921843213056,0xab8d202eb5b5ec264ab8fdc207015240a3e977ea,2017-10-31T18:07:42.000Z,0.00002304999999999999,0x1bf546e7e42ebc76c270f84dc9f5f3e2e8e7276d,sell,0xa9aad2dc3a8315caeee5f458b1d8edc31d8467bd,0xc1b5ec2fc5184d81689142560a7c6bf7f6402cbbaf310bce0902145100aaf753
194,113.60976155995269,0.003169712347522679,0x94ce74512de2c134fc9af267577a70f028fe13f4,2017-10-31T17:49:16.000Z,0.00002789999999999999,0x60f89eb04f825151845470b9083f96be86b1d5d4,sell,0xa9aad2dc3a8315caeee5f458b1d8edc31d8467bd,0xaccc7ea8cdc582f6606a6a08c601442d2c2cde584e850151e1c75a26700c7e4d
195,3400,0.09486,0x94ce74512de2c134fc9af267577a70f028fe13f4,2017-10-31T17:48:28.000Z,0.0000279,0x60f89eb04f825151845470b9083f96be86b1d5d4,sell,0xa9aad2dc3a8315caeee5f458b1d8edc31d8467bd,0xc7e426b0663a3dc32d154b85a2bf742d4da90f2ba0725d8c6c4445c4efb92e55
196,498.45479015053337,0.01151430565247732,0x94ce74512de2c134fc9af267577a70f028fe13f4,2017-10-31T17:30:06.000Z,0.00002309999999999999,0x4a8fc60c79e304388912be40c8ec078fa21aa348,sell,0xa9aad2dc3a8315caeee5f458b1d8edc31d8467bd,0x1ed429b6c5b3312b25376c393f6f38457f68e4417bcfadd8b487e229a3486d94
197,1296.5839833450611,0.03552640114365467,0x6a5b7daa90eccbd8fe6a8f23ea41feb8a47832ac,2017-10-31T16:49:10.000Z,0.00002739999999999999,0x60f89eb04f825151845470b9083f96be86b1d5d4,sell,0xa9aad2dc3a8315caeee5f458b1d8edc31d8467bd,0x90ba8e737f41421d755cdb3a62f56b37a689f86a9bccc39a62b5d8cc9b264e29
198,59643.04370347074,1.3747721573650007,0xab8d202eb5b5ec264ab8fdc207015240a3e977ea,2017-10-31T16:48:42.000Z,0.00002304999999999999,0x1fabd314bb4f78f3d8860371e9042540dc1bf3c1,sell,0xa9aad2dc3a8315caeee5f458b1d8edc31d8467bd,0x3f860ec2e0fef994af9398dd2d787f4fce272b40713850983519b04a461edd09
199,200,0.00461,0x9b12d296a33f888e4f636107fbea1468167ff43c,2017-10-31T16:38:04.000Z,0.00002305,0xdc446d9fde07f1f477943afc96aa882a83b30861,buy,0xa9aad2dc3a8315caeee5f458b1d8edc31d8467bd,0x07559a0a8db1064c038603f6466bd7d2dbcb2a8eb0c720c644a9a2a0be2c415e
200,194.33772647537174,0.004469767708933549,0x8a424781254908e4bc40db921f969218eef3c81a,2017-10-31T16:18:50.000Z,0.00002299999999999999,0xfe04a678a433716e65e3f31fe6f03da75145805c,sell,0xa9aad2dc3a8315caeee5f458b1d8edc31d8467bd,0xc4a528f2e284b3254ceea6f98f9d1a579911407f11be5ca59b09d30a6f26f0d1
201,69753.76312446469,1.607824240018911,0xab8d202eb5b5ec264ab8fdc207015240a3e977ea,2017-10-31T16:16:58.000Z,0.00002304999999999999,0x70c73235f7ed65b82be80cdbf4a3c64219786589,sell,0xa9aad2dc3a8315caeee5f458b1d8edc31d8467bd,0xc21ad98a9b53f8846e67d25d1f85ee3de8076f40d34d936972102bf4aba32347
202,3987.638321204267,0.09191506330375834,0xab8d202eb5b5ec264ab8fdc207015240a3e977ea,2017-10-31T16:08:05.000Z,0.00002304999999999999,0xb1cd4caee91590056c4bcb8fa67fa6914df4101b,sell,0xa9aad2dc3a8315caeee5f458b1d8edc31d8467bd,0xfc6ecb50fdec5e3ba3dbcf9e02c371b87c7e682e43315378d47f6cbf962138be
203,2600,0.07254,0x8a424781254908e4bc40db921f969218eef3c81a,2017-10-31T15:58:26.000Z,0.0000279,0x0b90273e5dd88f63e7adff866739a5423c8dc6a2,sell,0xa9aad2dc3a8315caeee5f458b1d8edc31d8467bd,0x412ec64aa8b94a45e8c2b2a0d717dec3a72c4738264d7fa64b4d9411f2151caa
204,10000,0.294,0x8a424781254908e4bc40db921f969218eef3c81a,2017-10-31T15:49:18.000Z,0.0000294,0x70c73235f7ed65b82be80cdbf4a3c64219786589,sell,0xa9aad2dc3a8315caeee5f458b1d8edc31d8467bd,0xcdc6182de692867d05599f22a6cf1d17bdc4071ba7b8a5d043ed788761e9a4d6
205,1000,0.0295,0x90078c6830cedf8b145c637647bd338ad12910c1,2017-10-31T15:30:24.000Z,0.0000295,0x60f89eb04f825151845470b9083f96be86b1d5d4,buy,0xa9aad2dc3a8315caeee5f458b1d8edc31d8467bd,0x297cf458cff5c527e62a516500437b9fea86c1f60cebd8f74670ecb6bbe66a2f
206,0.000000000166203389,0.000000000000004903,0x3e67bac4f3433b14cd777bef03996bcb5bd7248f,2017-10-31T15:27:25.000Z,0.00002950000014740974,0x60f89eb04f825151845470b9083f96be86b1d5d4,buy,0xa9aad2dc3a8315caeee5f458b1d8edc31d8467bd,0xa9d112e9d57bea33295a56f31d43a92ed9c8c615843336b338d7276051ac4dfd
207,0.000001667159220338,0.000000000049181197,0x3e67bac4f3433b14cd777bef03996bcb5bd7248f,2017-10-31T15:25:43.000Z,0.00002950000000001739,0x60f89eb04f825151845470b9083f96be86b1d5d4,buy,0xa9aad2dc3a8315caeee5f458b1d8edc31d8467bd,0xae7dfa236c94007378395a93c9aecbb55d3d142ca97ca38ac341535f32527497
208,0.016723273636847457,0.000000493336572287,0x3e67bac4f3433b14cd777bef03996bcb5bd7248f,2017-10-31T15:24:29.000Z,0.0000295,0x60f89eb04f825151845470b9083f96be86b1d5d4,buy,0xa9aad2dc3a8315caeee5f458b1d8edc31d8467bd,0x492948d99463ac4f5a0e5ec9720487e49f07c5b1767e8dc6939fdc32b6f8fc0c
209,0.000695485509694915,0.000000020516822536,0x6949505e1030bf23fa9d105b57dc3934b398ffe6,2017-10-31T15:09:04.000Z,0.00002950000000000001,0x60f89eb04f825151845470b9083f96be86b1d5d4,buy,0xa9aad2dc3a8315caeee5f458b1d8edc31d8467bd,0x0dd7cd4aef1b9c948aae6e95a04643359ed2e45a2f1cf5a831f263ff8329526d
210,6.9764151475614575,0.000205804246853063,0x6949505e1030bf23fa9d105b57dc3934b398ffe6,2017-10-31T15:07:31.000Z,0.0000295,0x60f89eb04f825151845470b9083f96be86b1d5d4,buy,0xa9aad2dc3a8315caeee5f458b1d8edc31d8467bd,0x55deccc84cb7b906680ba949d41fc49f18dbf1ae518a2ecac9ffc119434e9801
211,1803.2518612808979,0.0447927762342175,0x4964b54222af6df83c859144994df1d6230d3a81,2017-10-31T14:51:44.000Z,0.00002484,0x60f89eb04f825151845470b9083f96be86b1d5d4,buy,0xa9aad2dc3a8315caeee5f458b1d8edc31d8467bd,0xcfe94a34821d98d43c0e93933edd6c0aaaf722bf7f28345a32588318691d8bfb
212,15000,0.36,0x8a424781254908e4bc40db921f969218eef3c81a,2017-10-31T14:50:10.000Z,0.000024,0x4964b54222af6df83c859144994df1d6230d3a81,sell,0xa9aad2dc3a8315caeee5f458b1d8edc31d8467bd,0x60fbad08c43ea727e0c0a7de50ee20a3c501bb47d430fda0c17c688b15ac48ec
213,3000,0.069,0x1fabd314bb4f78f3d8860371e9042540dc1bf3c1,2017-10-31T14:46:04.000Z,0.000023,0x4964b54222af6df83c859144994df1d6230d3a81,sell,0xa9aad2dc3a8315caeee5f458b1d8edc31d8467bd,0x25494748d504a9b6c8f80b7c2c24625c025a9f4967f498ab9cb762314806ce1a
214,6000,0.138,0x1fabd314bb4f78f3d8860371e9042540dc1bf3c1,2017-10-31T14:44:18.000Z,0.000023,0x4964b54222af6df83c859144994df1d6230d3a81,sell,0xa9aad2dc3a8315caeee5f458b1d8edc31d8467bd,0x76b148e4812ad5da973dc62e0d831cd373445dccafc4b59cf1e6b1a01d13028a
215,825.241634024365,0.018980557582560394,0x1fabd314bb4f78f3d8860371e9042540dc1bf3c1,2017-10-31T14:40:29.000Z,0.00002299999999999999,0x3e7d005ed164cc1b2066279cf625a0960281dfb2,sell,0xa9aad2dc3a8315caeee5f458b1d8edc31d8467bd,0x06a062974cccefa04824800fd9f1f833856d78c1f75bb3e53524a8cf914f2409
216,2968.578,0.068280262578,0x7a9ba5e9221b8e1753a941f1fdd2fae3e9af1b1c,2017-10-31T14:37:30.000Z,0.000023001,0x3e7d005ed164cc1b2066279cf625a0960281dfb2,sell,0xa9aad2dc3a8315caeee5f458b1d8edc31d8467bd,0xc72f38278372181728232b44743ddbc485f8ba299d506d88be8514fee8f92a80
217,196.74813871910226,0.0048872237657825,0x9373cf51068cb0f770b3eb1edd2afe886f56f43c,2017-10-31T14:31:48.000Z,0.00002484,0x60f89eb04f825151845470b9083f96be86b1d5d4,buy,0xa9aad2dc3a8315caeee5f458b1d8edc31d8467bd,0x5cca780275209765def52825c44be75dde9827ff571f72dd2215b5babd8f8cfa
218,3000,0.07452,0x9373cf51068cb0f770b3eb1edd2afe886f56f43c,2017-10-31T14:31:10.000Z,0.00002484,0x60f89eb04f825151845470b9083f96be86b1d5d4,buy,0xa9aad2dc3a8315caeee5f458b1d8edc31d8467bd,0x032b3c30cf95a36f1425c0eb268111ef17a8474c2ce29eb97fb0cde46768cb1c
219,5000,0.1225,0x9373cf51068cb0f770b3eb1edd2afe886f56f43c,2017-10-31T14:28:16.000Z,0.0000245,0x60f89eb04f825151845470b9083f96be86b1d5d4,buy,0xa9aad2dc3a8315caeee5f458b1d8edc31d8467bd,0xe6cfbfb9dba9a1a99b4ca6a1e578742f117452ff46b79f6399861e71e388fbec
220,274.5466289467502,0.00782457892498238,0x8a424781254908e4bc40db921f969218eef3c81a,2017-10-31T14:24:35.000Z,0.00002849999999999999,0x3e7d005ed164cc1b2066279cf625a0960281dfb2,sell,0xa9aad2dc3a8315caeee5f458b1d8edc31d8467bd,0xca05e3631ad3cda9de7beb38ed33bb374071a9efd5ece8bc7d8f567a568dbec2
221,25000,0.745,0x2a67d20fcb7d6cab098c1df4e4c9dcd3785ef7c4,2017-10-31T14:16:40.000Z,0.0000298,0x9c405f8bf3739df0d47d490fb05f645c966b9d76,buy,0xa9aad2dc3a8315caeee5f458b1d8edc31d8467bd,0xc6aaf1be32cc0c5b4784217eed9ae6bb1ff621ba0fe11190f201fba4ead15ff1
222,20000,0.598,0x8a424781254908e4bc40db921f969218eef3c81a,2017-10-31T14:08:09.000Z,0.0000299,0x4964b54222af6df83c859144994df1d6230d3a81,sell,0xa9aad2dc3a8315caeee5f458b1d8edc31d8467bd,0x22b82f42dc3c770d96f0215b35443518ebd1179c3f996c44e178c67faf289b4f
223,15000,0.4425,0x8a424781254908e4bc40db921f969218eef3c81a,2017-10-31T14:00:50.000Z,0.0000295,0x3e7d005ed164cc1b2066279cf625a0960281dfb2,sell,0xa9aad2dc3a8315caeee5f458b1d8edc31d8467bd,0x723fc16e3018997bb5d35ae421f041c105c6b37423fa26836d6d24b47c9ef1a3
224,12835.838598281724,0.3837915740886235,0x8a424781254908e4bc40db921f969218eef3c81a,2017-10-31T14:00:50.000Z,0.00002989999999999999,0x3e7d005ed164cc1b2066279cf625a0960281dfb2,sell,0xa9aad2dc3a8315caeee5f458b1d8edc31d8467bd,0xb22ef1f3893c46742e5f882833a82ba8122ee04e6af7817b22759cba84abf076
225,2164.161401718276,0.06470842591137646,0x8a424781254908e4bc40db921f969218eef3c81a,2017-10-31T13:53:11.000Z,0.00002989999999999999,0x6e20fc98c86d303fa8d3dc182fa739cde1046faf,sell,0xa9aad2dc3a8315caeee5f458b1d8edc31d8467bd,0xd4a11580e63264c791c34e54f13d3c9e4bdae1240cf22acb4a19d05b29bcd3db
226,5000,0.1435,0x8a424781254908e4bc40db921f969218eef3c81a,2017-10-31T13:37:06.000Z,0.0000287,0x1d79e25e8910c710f33ca0efe1de8971d4b51552,sell,0xa9aad2dc3a8315caeee5f458b1d8edc31d8467bd,0xa6a9ef694e4c620c7f29c7998be80324306fbdb76125bebdbc777eae5f09bb63
227,138.8394801893565,0.004151300457661759,0xf4bc657ce588a33fd55b9e466c0aba207f34adf6,2017-10-31T13:34:46.000Z,0.0000299,0xfc835676fb58013bfcc26f2b4161557f0f8efb32,buy,0xa9aad2dc3a8315caeee5f458b1d8edc31d8467bd,0xeee5d9d6d4fe7603a8588380c22e4b40a864660709a84b9fdc756e9fe9890104
228,4000,0.1196,0xf4bc657ce588a33fd55b9e466c0aba207f34adf6,2017-10-31T13:34:02.000Z,0.0000299,0xa53167b3162ecda5c3c01fe0d87dd3e6c169312d,buy,0xa9aad2dc3a8315caeee5f458b1d8edc31d8467bd,0x22d835e59befe36c0c935d42e2257f5e5841ae2a07e6da0289520dba1d05a669
229,27600,0.8252124,0x57c87481c86d2255d4b17d60015ff867ce54b14e,2017-10-31T13:31:16.000Z,0.000029899,0x2ec6faa139ed11c115143e5de40ec739b8ed57dd,buy,0xa9aad2dc3a8315caeee5f458b1d8edc31d8467bd,0x50816a85b0d84dbd790de9858d4c0f36d8a6ccd9b0f03856a701f58be5467f4c
230,1042.479,0.030231891,0x57c87481c86d2255d4b17d60015ff867ce54b14e,2017-10-31T13:30:52.000Z,0.000029,0x7a9ba5e9221b8e1753a941f1fdd2fae3e9af1b1c,buy,0xa9aad2dc3a8315caeee5f458b1d8edc31d8467bd,0x5c67f88541a8678c315621253990d4ef51cdd08e80599f0382e47d5848dc341e
231,13000,0.3731,0x57c87481c86d2255d4b17d60015ff867ce54b14e,2017-10-31T13:30:42.000Z,0.0000287,0x3c4e6a67e36bb05c4487d2c9e5defa771650d402,buy,0xa9aad2dc3a8315caeee5f458b1d8edc31d8467bd,0x296c1870aca1e7010bb57504c56f493f3c436fd80c38f8118cdf8cda81d67f8a
232,500,0.014325,0x57c87481c86d2255d4b17d60015ff867ce54b14e,2017-10-31T13:30:42.000Z,0.00002865,0x213f01a98c07c24782aeedf701261abb110a1045,buy,0xa9aad2dc3a8315caeee5f458b1d8edc31d8467bd,0x41fd925c4b6707b711dd9a63027c035b6aa1946c644b17b3824f089a13183af5
233,498.45479015053337,0.0142059615192902,0x8a424781254908e4bc40db921f969218eef3c81a,2017-10-31T13:07:42.000Z,0.00002849999999999999,0xa893e2816e3ddcc270dfef6d0aa771053e16a567,sell,0xa9aad2dc3a8315caeee5f458b1d8edc31d8467bd,0x163642f635a5d52849ba34c1df347141b32658e0328057cf74e4a14ad62da3c4
234,498.45479015053337,0.0142059615192902,0x8a424781254908e4bc40db921f969218eef3c81a,2017-10-31T13:04:53.000Z,0.00002849999999999999,0xecbe5abc245a651b5cd2badf0ce5f0abba727251,sell,0xa9aad2dc3a8315caeee5f458b1d8edc31d8467bd,0xa5d9ff61e8258ed1e98bf9690f6f3c8b71db855d7fb5fcf67c7012b97549337b
235,187,0.0053295,0x8a424781254908e4bc40db921f969218eef3c81a,2017-10-31T13:04:03.000Z,0.0000285,0xdbbae39c54992479faac890e81eb4d8579b951d6,sell,0xa9aad2dc3a8315caeee5f458b1d8edc31d8467bd,0x45dd7bb318ff459f823d2623970ff4b205d1e90949c8d04a042b9f37311f7607
236,3541.543790752183,0.10093399803643721,0x8a424781254908e4bc40db921f969218eef3c81a,2017-10-31T13:02:29.000Z,0.00002849999999999999,0x68ca7fc4bfc3bb2a9cf6f45736dcadc2c427c5a0,sell,0xa9aad2dc3a8315caeee5f458b1d8edc31d8467bd,0xbbdb3028b2a2882199d2981571b05646f45f22e3ffcc912ecd0fde415a4773d1
237,5000,0.1425,0x8a424781254908e4bc40db921f969218eef3c81a,2017-10-31T13:00:34.000Z,0.0000285,0x68ca7fc4bfc3bb2a9cf6f45736dcadc2c427c5a0,sell,0xa9aad2dc3a8315caeee5f458b1d8edc31d8467bd,0x3c54234e758923879a45ccfdbae69ffe1c7fc5b32fc42afb7ab2f57223bf04c7
238,499,0.0124251,0x3ffc937781f3d1b565d5ea019a54c4691260cba1,2017-10-31T12:50:09.000Z,0.0000249,0x6b3036ff827f5ae8743bedae0afbe6921f640ced,buy,0xa9aad2dc3a8315caeee5f458b1d8edc31d8467bd,0x247207934694c8a7db6ff955a11a39b709f63cb133a4063b3c3572389016ef2f
239,6976.408,0.17329397472,0x3ffc937781f3d1b565d5ea019a54c4691260cba1,2017-10-31T12:48:46.000Z,0.00002484,0x080b35710dc43bf16c8cbcd01731a4d5981aa1a2,buy,0xa9aad2dc3a8315caeee5f458b1d8edc31d8467bd,0x65d4869e3dc9bdf4d888e78e5a3558a7a3d5e70329fdfc3509dd0772bffc3f98
240,3.2901296111665004,0.000097424027916251,0x781f987944ad20899598746a4e315d713364bc46,2017-10-31T12:24:13.000Z,0.00002961099999999992,0x1d5321e125f6c7079a716705541c7b371ca79e69,sell,0xa9aad2dc3a8315caeee5f458b1d8edc31d8467bd,0xbde16ba093bf23d1c9b1d0cf107f0d497eaf7b3ea7b20b8268b053ca5da4b154
241,3.3,0.000081972,0x1d5321e125f6c7079a716705541c7b371ca79e69,2017-10-31T12:24:13.000Z,0.00002484,0x080b35710dc43bf16c8cbcd01731a4d5981aa1a2,buy,0xa9aad2dc3a8315caeee5f458b1d8edc31d8467bd,0xbde16ba093bf23d1c9b1d0cf107f0d497eaf7b3ea7b20b8268b053ca5da4b154
242,500,0.01242,0x3ecb654d4423f46a8801e0b2f0a81e021faf6b3e,2017-10-31T12:21:06.000Z,0.00002484,0x080b35710dc43bf16c8cbcd01731a4d5981aa1a2,buy,0xa9aad2dc3a8315caeee5f458b1d8edc31d8467bd,0xaafa748ca8502a4c0f43aedcd03389e94351983c8840e87dfb9e763c011a0ec7
243,500,0.01235,0x3ecb654d4423f46a8801e0b2f0a81e021faf6b3e,2017-10-31T12:19:49.000Z,0.0000247,0x7a7ff7c18165aaa487ed9baa531eb9108b83abb1,buy,0xa9aad2dc3a8315caeee5f458b1d8edc31d8467bd,0xaf1412cadd6b416dc96e5095c17d7ce8a9cdebc69a4e91d7ff4bf79210677485
244,996.9095803010667,0.02003788256405144,0x6e20fc98c86d303fa8d3dc182fa739cde1046faf,2017-10-31T12:02:03.000Z,0.00002009999999999999,0x8dc030c3078ab6af850d069d2a0e5ad473327202,sell,0xa9aad2dc3a8315caeee5f458b1d8edc31d8467bd,0x804a9d79455ae5ce225726cfcefa9bdd85ef5f1ab2007efd3f09db79c638788d
245,3837.400884449739,0.08787648025389902,0x3ffc937781f3d1b565d5ea019a54c4691260cba1,2017-10-31T11:56:29.000Z,0.0000229,0xe00349367b5a927b656f2919bc50b70511dfd103,buy,0xa9aad2dc3a8315caeee5f458b1d8edc31d8467bd,0x60a3ef4096a42f22e53311b3b1753237793d26f319c2dbde2526a7803bdcf001
246,4700,0.1034,0x3ffc937781f3d1b565d5ea019a54c4691260cba1,2017-10-31T11:55:15.000Z,0.000022,0xe97307d2eb5cf05b9bbf7ada2665e6ffdd0951d7,buy,0xa9aad2dc3a8315caeee5f458b1d8edc31d8467bd,0x6339c67796d3eb2780367c7036cf03d63dd2b0295af6955ec5256478e4cffdbc
247,40000,0.99596,0x1fabd314bb4f78f3d8860371e9042540dc1bf3c1,2017-10-31T11:46:16.000Z,0.000024899,0xa1dc29270c60dd37d64643d20151b7ee1806b776,buy,0xa9aad2dc3a8315caeee5f458b1d8edc31d8467bd,0x99a91981a8557a5fe633856d01c98d732627292ee7598d1b7a6b55aabc1c1ad7
248,10000,0.244,0x1fabd314bb4f78f3d8860371e9042540dc1bf3c1,2017-10-31T11:46:10.000Z,0.0000244,0x5bc1779ca6f329e52873fa63688c69cebdd171fa,buy,0xa9aad2dc3a8315caeee5f458b1d8edc31d8467bd,0x0ec85d25c9a119d2326dc853b3284ec1e196271cd1c1f4879e513fff8f5f5b95
249,30000,0.681,0x3e7d005ed164cc1b2066279cf625a0960281dfb2,2017-10-31T11:07:45.000Z,0.0000227,0x65b5ad128a7bf7ee32320d1453a4888c798c162a,buy,0xa9aad2dc3a8315caeee5f458b1d8edc31d8467bd,0x6d99fd090bbc178c8ab0b3d7c74ae9a107f2fef0da9492e5f206b5aebbd2bc55
250,2000,0.042,0x3e7d005ed164cc1b2066279cf625a0960281dfb2,2017-10-31T11:07:36.000Z,0.000021,0x19f5a947e4c40ab0ea250bd7e06cf7c850ee1418,buy,0xa9aad2dc3a8315caeee5f458b1d8edc31d8467bd,0x16af0bb655d4af69271f459045d5f1343b8dfb120f3d26113b168a535a38c581
251,65000,1.47875,0xa7622a77bf13ba8dc6c37d1edd278346a7e0c174,2017-10-31T11:07:13.000Z,0.00002275,0x6f386979f14b4d841cb77bfddd3afba6f0c6b6a1,buy,0xa9aad2dc3a8315caeee5f458b1d8edc31d8467bd,0x2d54942b9c3385aeab8368ef24c9193f97a38615ceebcc45bcf29bc808f84ee9
252,753.952,0.016209968,0x5595b49f56c0c527ffe4aacfbe0a0ef1e3c2d2bf,2017-10-31T11:05:55.000Z,0.0000215,0x68ca7fc4bfc3bb2a9cf6f45736dcadc2c427c5a0,sell,0xa9aad2dc3a8315caeee5f458b1d8edc31d8467bd,0xccca4a48a101e90f48868bc4fc9e721c2deddb72cc018c545f57c9f1ca4fcfdc
253,1173.9607217625362,0.019382091516299473,0x6e20fc98c86d303fa8d3dc182fa739cde1046faf,2017-10-31T11:01:51.000Z,0.00001650999999999999,0xd8b50d899ca5ae70e95210520301b6a9ac0cd9e8,sell,0xa9aad2dc3a8315caeee5f458b1d8edc31d8467bd,0xa431d0dc8615f144b09c3ca857d312ad7d0d69ca0cdbed3a8960a5d21fb2e5bb
254,1840,0.030544,0x9b75f8781545e6286b60d601fd2ad5833dc86c58,2017-10-31T10:56:15.000Z,0.0000166,0xa273ed9670fcbc3c1b9fe5b483f193501512f062,buy,0xa9aad2dc3a8315caeee5f458b1d8edc31d8467bd,0xdc3f5ce073aabb3815d2fb4115f04468c9ff0e483278405c5a9a288729873b18
255,8000,0.1672,0x6794783cedb33c2f23db82a3173552104a1435b3,2017-10-31T10:41:13.000Z,0.0000209,0x6e20fc98c86d303fa8d3dc182fa739cde1046faf,buy,0xa9aad2dc3a8315caeee5f458b1d8edc31d8467bd,0x528ce5dba813db4c37c8db62b55cdd712604dd969e93e48e314c239accaf06e3
256,45763.134,0.7596680244,0x6f386979f14b4d841cb77bfddd3afba6f0c6b6a1,2017-10-31T10:39:23.000Z,0.0000166,0x6794783cedb33c2f23db82a3173552104a1435b3,sell,0xa9aad2dc3a8315caeee5f458b1d8edc31d8467bd,0x0182f6d1a10eb1bc498e3e01ebecf749028f3410aceda7d8174c0a3438ca884f
257,8000,0.1336,0x6e20fc98c86d303fa8d3dc182fa739cde1046faf,2017-10-31T10:36:09.000Z,0.0000167,0x6794783cedb33c2f23db82a3173552104a1435b3,sell,0xa9aad2dc3a8315caeee5f458b1d8edc31d8467bd,0x18054a4ea9f7dc7588cd357ab49ae13a0a8b0c75075c5908234af45a5d712c69
258,1246.1369753763333,0.020685873791247134,0x6f386979f14b4d841cb77bfddd3afba6f0c6b6a1,2017-10-31T09:54:09.000Z,0.00001659999999999999,0x297a579da3eb123fd74109be43293454e0f88a1d,sell,0xa9aad2dc3a8315caeee5f458b1d8edc31d8467bd,0xcf38c7be3a0956ef0f1129c9be00d51042c7b39c2250a19ed9e14f704a255118
259,2990.7287409032,0.04964609709899312,0x6f386979f14b4d841cb77bfddd3afba6f0c6b6a1,2017-10-31T09:53:21.000Z,0.00001659999999999999,0x90cb967082af265d2a216911948a23822dcd4604,sell,0xa9aad2dc3a8315caeee5f458b1d8edc31d8467bd,0x27e6f9a15508a00833754f44adf4c83041cacbe1a27cc551cfb3025bf9314e3f
260,10000,0.22,0x073b01a362fe342d75d829f96ad179ae0de9b6c9,2017-10-31T09:27:45.000Z,0.000022,0x6f386979f14b4d841cb77bfddd3afba6f0c6b6a1,sell,0xa9aad2dc3a8315caeee5f458b1d8edc31d8467bd,0xebcbf360156311338867e59df1d1c5755edc52d973aa85ce05e559df823463ff
261,5000,0.11375,0x9f4864255b14e1515f0af13e395adbcd0f421b20,2017-10-31T09:13:08.000Z,0.00002275,0x6f386979f14b4d841cb77bfddd3afba6f0c6b6a1,buy,0xa9aad2dc3a8315caeee5f458b1d8edc31d8467bd,0xe38e9ac94db591357165240654f131c874cbcc27f08efe40f12e85a534a09c23
262,5000,0.11375,0x9f4864255b14e1515f0af13e395adbcd0f421b20,2017-10-31T09:00:36.000Z,0.00002275,0x6f386979f14b4d841cb77bfddd3afba6f0c6b6a1,buy,0xa9aad2dc3a8315caeee5f458b1d8edc31d8467bd,0x1b2b277141a1f051412e318cd52531ab638d9f4f4516dcac67f384576fa13a95
263,498.45479015053337,0.009969095803010666,0xfb5dcc4090c0f42cf142bcff9ec2bd8b6c303d7b,2017-10-31T08:44:09.000Z,0.00001999999999999999,0x10cf8dc2dc3d3fdb5f03c3df8ed26ef6294c5444,sell,0xa9aad2dc3a8315caeee5f458b1d8edc31d8467bd,0x4c89e817cb0df001dcc00788ab7dc67b2628be749283cf317a82d0535b22af3a
264,163.621,0.003763283,0xab45233b06b1d1f452901661f6a931c9da663cc0,2017-10-31T08:15:33.000Z,0.000023,0x13c3fd153e23ded7477e0817ad4d5754e2d67649,buy,0xa9aad2dc3a8315caeee5f458b1d8edc31d8467bd,0x3a7dde49bf4fbeafa31fe0c451d3dc7e08dfa57a368deb026bc65a033d902514
265,100,0.0021222,0xab45233b06b1d1f452901661f6a931c9da663cc0,2017-10-31T08:14:59.000Z,0.000021222,0xdec08a327f3d1eb3d7b38c035813e13cffeabe29,buy,0xa9aad2dc3a8315caeee5f458b1d8edc31d8467bd,0x78c333d786f87639c36dafd167fa37de0c3c3a893a032bb439ce3fc9392056ba
266,5000,0.1145,0x6ea6f512533c3e2c31840912c9a6c415b0bf1379,2017-10-31T07:59:59.000Z,0.0000229,0xe00349367b5a927b656f2919bc50b70511dfd103,buy,0xa9aad2dc3a8315caeee5f458b1d8edc31d8467bd,0xa3de51a62a4f8389001d5f821bf22cacf96a2a34935eaa53c352e30a39269353
267,323.00499958387996,0.006460099991677599,0x7a9ba5e9221b8e1753a941f1fdd2fae3e9af1b1c,2017-10-31T07:55:22.000Z,0.00002,0x68ca7fc4bfc3bb2a9cf6f45736dcadc2c427c5a0,sell,0xa9aad2dc3a8315caeee5f458b1d8edc31d8467bd,0xbad56a2da7637aed5d545e2368bdd6eff59f8f5ca8e58f575c9115c82c68a42f
268,100,0.001999,0xdec08a327f3d1eb3d7b38c035813e13cffeabe29,2017-10-31T07:55:22.000Z,0.00001999,0x68ca7fc4bfc3bb2a9cf6f45736dcadc2c427c5a0,sell,0xa9aad2dc3a8315caeee5f458b1d8edc31d8467bd,0x31df3f7b6ab8715aa72f2bcf4149b5b1ab0baf94a5f1a36a967ccc006f38751b
269,126.99500041612005,0.002539900008322401,0x7a9ba5e9221b8e1753a941f1fdd2fae3e9af1b1c,2017-10-31T07:49:03.000Z,0.00002,0x6794783cedb33c2f23db82a3173552104a1435b3,sell,0xa9aad2dc3a8315caeee5f458b1d8edc31d8467bd,0x3ab05b172c271ee18dc942ac2e6d4cd41b3c4c25f5d3dbf8020836f1185300af
270,1000,0.0229,0x6794783cedb33c2f23db82a3173552104a1435b3,2017-10-31T07:42:06.000Z,0.0000229,0xe00349367b5a927b656f2919bc50b70511dfd103,buy,0xa9aad2dc3a8315caeee5f458b1d8edc31d8467bd,0xb09d4b1f26af5002dae7b885dcafa721394ea4c923ceab5094705f02af808c17
271,45000,1.0215,0xfb5dcc4090c0f42cf142bcff9ec2bd8b6c303d7b,2017-10-31T07:38:48.000Z,0.0000227,0x6794783cedb33c2f23db82a3173552104a1435b3,sell,0xa9aad2dc3a8315caeee5f458b1d8edc31d8467bd,0x35a968717c95420cc52f0e8d2ab2f66da7084016edfee1f18d62ae657a4b5d24
272,160,0.003664,0x9b75f8781545e6286b60d601fd2ad5833dc86c58,2017-10-31T07:33:55.000Z,0.0000229,0xe00349367b5a927b656f2919bc50b70511dfd103,buy,0xa9aad2dc3a8315caeee5f458b1d8edc31d8467bd,0x5b8d9df4ab8e059eca61010a3ef641b1847efac3065ec24b7465311946b2b41d
273,168.32,0.0033697664,0xd960ae5f5294d1c06af036e78bcd9dca1e7840b8,2017-10-31T07:29:59.000Z,0.00002002,0x6794783cedb33c2f23db82a3173552104a1435b3,sell,0xa9aad2dc3a8315caeee5f458b1d8edc31d8467bd,0xa9a4b29f6b3c8d0629979b929270cb1e287bf134f1cac127dd1515335822dee6
274,39.333,0.001144629633,0x13512137d004d3e8d919ced5f5f7119934917c11,2017-10-31T07:24:46.000Z,0.000029101,0x1d76c2a0f74838c67a87c58c0298bd0391ae4973,sell,0xa9aad2dc3a8315caeee5f458b1d8edc31d8467bd,0x8b1a5f5413e0486acd622657d230fcebe5cb0c0ee2a8dc83d6a775a1f3b68611
275,498.5044865403789,0.014506979062811565,0x13512137d004d3e8d919ced5f5f7119934917c11,2017-10-31T07:20:36.000Z,0.00002910099999999999,0x1d5321e125f6c7079a716705541c7b371ca79e69,sell,0xa9aad2dc3a8315caeee5f458b1d8edc31d8467bd,0x61875b26a00eeb9dde21a5c2f650ce943a1d9aa1d15528df58a1264431161074
276,500,0.0101,0x1d5321e125f6c7079a716705541c7b371ca79e69,2017-10-31T07:20:36.000Z,0.0000202,0xed0dea451afeaac5e2808fc9c15d609782d93b99,buy,0xa9aad2dc3a8315caeee5f458b1d8edc31d8467bd,0x61875b26a00eeb9dde21a5c2f650ce943a1d9aa1d15528df58a1264431161074
277,27600,0.551724,0x2ec6faa139ed11c115143e5de40ec739b8ed57dd,2017-10-31T07:08:28.000Z,0.00001999,0xbb6be7c4b5efca6bbb0e238f1708dbce6dced620,sell,0xa9aad2dc3a8315caeee5f458b1d8edc31d8467bd,0xe38ed81a2e967669bdf7b2fe6f1f42ce7421b87030c80e6ce607f6c8aaf31f7d
278,2.5991155502609606,0.000059519746100976,0x1d5321e125f6c7079a716705541c7b371ca79e69,2017-10-31T07:01:14.000Z,0.0000229,0xe00349367b5a927b656f2919bc50b70511dfd103,buy,0xa9aad2dc3a8315caeee5f458b1d8edc31d8467bd,0xce673fa3871a87ba6236c57930ced0f3e474ee8603a5512ec638bebe51f8e01d
279,2.591341525683909,0.000075148904244833,0x13512137d004d3e8d919ced5f5f7119934917c11,2017-10-31T07:01:14.000Z,0.00002899999999999986,0x1d5321e125f6c7079a716705541c7b371ca79e69,sell,0xa9aad2dc3a8315caeee5f458b1d8edc31d8467bd,0xce673fa3871a87ba6236c57930ced0f3e474ee8603a5512ec638bebe51f8e01d
280,75000,1.5150000075,0x6f386979f14b4d841cb77bfddd3afba6f0c6b6a1,2017-10-31T06:52:54.000Z,0.0000202000001,0x13c3fd153e23ded7477e0817ad4d5754e2d67649,sell,0xa9aad2dc3a8315caeee5f458b1d8edc31d8467bd,0xb571b0cc3646cad92437c294bf119ce370304c632c4ba3cda795b4837f3937da
281,99.69095803010667,0.002013757352208154,0xd421c753e7299f1f104c61dfea79fd1df958bbd5,2017-10-31T05:36:44.000Z,0.00002019999999999999,0x0e2412a03ac1695d5d18df3d95c941490be63e24,sell,0xa9aad2dc3a8315caeee5f458b1d8edc31d8467bd,0x67b810ea8140754339af4930424d60e94c750864bc752fdba2dafd4962c37401
282,9836.378874,0.226236714102,0xd815bbdb973fcfae73f27ddc9a135e377028c1c5,2017-10-31T04:58:47.000Z,0.000023,0x13c3fd153e23ded7477e0817ad4d5754e2d67649,buy,0xa9aad2dc3a8315caeee5f458b1d8edc31d8467bd,0x95744e50a4d4304633fbf765e2f52f8501f81984ec62811060f31635d5b7f5ff
283,9806.958,0.3059770896,0xbb6be7c4b5efca6bbb0e238f1708dbce6dced620,2017-10-31T04:58:47.000Z,0.0000312,0xd815bbdb973fcfae73f27ddc9a135e377028c1c5,sell,0xa9aad2dc3a8315caeee5f458b1d8edc31d8467bd,0x95744e50a4d4304633fbf765e2f52f8501f81984ec62811060f31635d5b7f5ff
284,31018.5425181936,0.6234727046156914,0xf98eb0b6c8ca59825b67b74d9b5b5be927027bc3,2017-10-31T04:49:41.000Z,0.00002009999999999999,0x13c3fd153e23ded7477e0817ad4d5754e2d67649,sell,0xa9aad2dc3a8315caeee5f458b1d8edc31d8467bd,0xd8e1ee6bcd1361e969cdf48d827d7d0d47b8b86bf16c0f881147372a15b0642a
285,250,0.0050325,0xcc1566bfa9adc2b8f64ddff7db8017c945f77830,2017-10-31T04:48:55.000Z,0.00002013,0x13c3fd153e23ded7477e0817ad4d5754e2d67649,sell,0xa9aad2dc3a8315caeee5f458b1d8edc31d8467bd,0x23997ec93b04094bdfbde6bba488ca0bda0da8c697bee2c3eca6e734b03fd02d
286,5981.4574818064,0.12022729538430864,0xf98eb0b6c8ca59825b67b74d9b5b5be927027bc3,2017-10-31T04:23:25.000Z,0.00002009999999999999,0x2dd2fa545e53712d50fa4ae81743cce8bf560ab9,sell,0xa9aad2dc3a8315caeee5f458b1d8edc31d8467bd,0xc654867524497450343babf27926e30245e297ff57cbb544ad9c1768c1cf883a
287,6921.185912403942,0.17199146992323797,0x6b2dbccc0b56038541873a2c8ef6d27386b17ad7,2017-10-31T04:17:44.000Z,0.00002485,0x080b35710dc43bf16c8cbcd01731a4d5981aa1a2,buy,0xa9aad2dc3a8315caeee5f458b1d8edc31d8467bd,0xc680d246ebe8461c6dc0fa49f0a22abec6a083fd15cba97b6877ed3bbfe427c8
288,1700,0.0408,0x6b2dbccc0b56038541873a2c8ef6d27386b17ad7,2017-10-31T04:16:39.000Z,0.000024,0xd0c1a4a9a84d4cb0d76b248c48015d5edd615125,buy,0xa9aad2dc3a8315caeee5f458b1d8edc31d8467bd,0xb3f460cd201d739d614e78413b178485c5c2091a8987ea7a0979986a274f16eb
289,99.7008973080757,0.002003988035892321,0xf98eb0b6c8ca59825b67b74d9b5b5be927027bc3,2017-10-31T03:56:57.000Z,0.00002009999999999999,0xe444a40689f51f63bcd29910622035707d533d29,sell,0xa9aad2dc3a8315caeee5f458b1d8edc31d8467bd,0x633d683e3bd7167e424e7a4b9f6afef95040243ec3b66abef6d98e0890a12526
290,9986.535,0.23967684,0x6b2dbccc0b56038541873a2c8ef6d27386b17ad7,2017-10-31T03:53:35.000Z,0.000024,0x485d715fb51c67579ca3dcc0fcf7edd165b2d659,buy,0xa9aad2dc3a8315caeee5f458b1d8edc31d8467bd,0x40cb0f518e001955aeffc48b6cc3e4c08f1dda7152d9767ca47ff9179834c96f
291,2.7459552615991427,0.000057665060493582,0x1d5321e125f6c7079a716705541c7b371ca79e69,2017-10-31T03:27:54.000Z,0.000021,0x958e29d7a438391b2d1c4fad8101f7c80a9dc795,buy,0xa9aad2dc3a8315caeee5f458b1d8edc31d8467bd,0x99010cfbb4ad211965a91986c95f9ddf204596c24f1df01c1c502b76d04fbdd0
292,2.7377420354926647,0.000079671030974872,0x13512137d004d3e8d919ced5f5f7119934917c11,2017-10-31T03:27:54.000Z,0.00002910099999999998,0x1d5321e125f6c7079a716705541c7b371ca79e69,sell,0xa9aad2dc3a8315caeee5f458b1d8edc31d8467bd,0x99010cfbb4ad211965a91986c95f9ddf204596c24f1df01c1c502b76d04fbdd0
293,2.7377420354926647,0.000079671030974872,0x13512137d004d3e8d919ced5f5f7119934917c11,2017-10-31T03:27:37.000Z,0.00002910099999999998,0x1d5321e125f6c7079a716705541c7b371ca79e69,sell,0xa9aad2dc3a8315caeee5f458b1d8edc31d8467bd,0x99010cfbb4ad211965a91986c95f9ddf204596c24f1df01c1c502b76d04fbdd0
294,2.7459552615991427,0.000057665060493582,0x1d5321e125f6c7079a716705541c7b371ca79e69,2017-10-31T03:27:37.000Z,0.000021,0x958e29d7a438391b2d1c4fad8101f7c80a9dc795,buy,0xa9aad2dc3a8315caeee5f458b1d8edc31d8467bd,0x99010cfbb4ad211965a91986c95f9ddf204596c24f1df01c1c502b76d04fbdd0
295,2000,0.048,0x67d2bf1c8ce48498cf5233673f4aefed251414c2,2017-10-31T03:22:20.000Z,0.000024,0xd0c1a4a9a84d4cb0d76b248c48015d5edd615125,buy,0xa9aad2dc3a8315caeee5f458b1d8edc31d8467bd,0xc9aba2a7d667c844e1e96d15fe3891b0ff4c815a52aa69bb0b0a447d83abe72d
296,1000,0.024,0xc8f0f7ee5ab3ef98804438550111bc2c115c96dc,2017-10-31T03:17:58.000Z,0.000024,0xd0c1a4a9a84d4cb0d76b248c48015d5edd615125,buy,0xa9aad2dc3a8315caeee5f458b1d8edc31d8467bd,0xcc54b22d9c7c479e70b65ac7885c31c1c363ef26236d33334d4f9e225bd35f63
297,11000,0.2475,0x858959428cfcebf8a6702ba256679a54325dbd36,2017-10-31T02:34:56.000Z,0.0000225,0x13c3fd153e23ded7477e0817ad4d5754e2d67649,sell,0xa9aad2dc3a8315caeee5f458b1d8edc31d8467bd,0x262db2965722f07a8ad91a76393e5a837a145715b22092121f694f5b74cdfbc5
298,9986.535,0.229690305,0x273a5d3e6721b9f5c1a6474f560c1334c63dda01,2017-10-31T02:24:11.000Z,0.000023,0x1a7c4a6bff607d5e07045c69120ea6169da4810b,buy,0xa9aad2dc3a8315caeee5f458b1d8edc31d8467bd,0xef7afd8a3e2a329be581e9d7314e6317c3adb9068d3fb8cf262ecbddab368eab
299,9956.575395,0.23895780948,0x9c405f8bf3739df0d47d490fb05f645c966b9d76,2017-10-31T02:24:11.000Z,0.000024,0x273a5d3e6721b9f5c1a6474f560c1334c63dda01,sell,0xa9aad2dc3a8315caeee5f458b1d8edc31d8467bd,0xef7afd8a3e2a329be581e9d7314e6317c3adb9068d3fb8cf262ecbddab368eab
300,9003,0.207069,0x9c405f8bf3739df0d47d490fb05f645c966b9d76,2017-10-31T02:22:54.000Z,0.00002299999999999999,0x1d79e25e8910c710f33ca0efe1de8971d4b51552,sell,0xa9aad2dc3a8315caeee5f458b1d8edc31d8467bd,0xa080083628cda246cd959eef8188a5e39ed88ad03535e8bd13e81d6ed2d9849a
301,997,0.022930999999999997,0x9c405f8bf3739df0d47d490fb05f645c966b9d76,2017-10-31T02:22:18.000Z,0.00002299999999999999,0xd53955fa72ae2844f9add18bb455898af8e470f1,sell,0xa9aad2dc3a8315caeee5f458b1d8edc31d8467bd,0x28f20dc7ed43582e38830a0d347f20d48a6f0cc1a28ec6ada2f347db386f05e3
302,1000,0.020999999999999998,0xd53955fa72ae2844f9add18bb455898af8e470f1,2017-10-31T02:22:18.000Z,0.000021,0x90aad56da23a48591d79a9873b3bd4d9e2dde91f,buy,0xa9aad2dc3a8315caeee5f458b1d8edc31d8467bd,0x28f20dc7ed43582e38830a0d347f20d48a6f0cc1a28ec6ada2f347db386f05e3
303,1310,0.02751,0x1d073dc486c8f7e8be2386a1e346ca160e84083a,2017-10-31T02:08:21.000Z,0.000021,0xadae7914a367f0190e98749baf4672b0a85dc98b,buy,0xa9aad2dc3a8315caeee5f458b1d8edc31d8467bd,0x2f82118997c019db08b63732d15ef42fba892477626bfd1a4a4031b345217aa2
304,5078.737890000881,0.10665349569001849,0x1d073dc486c8f7e8be2386a1e346ca160e84083a,2017-10-31T02:07:47.000Z,0.000021,0xe896783ea1ab389218fdc46223f3b6d3dc4b3612,buy,0xa9aad2dc3a8315caeee5f458b1d8edc31d8467bd,0x54081852717b20c0d41fe2a2cfea1106b584b107b5bbc153b9922923cb68db44
305,20859.877,0.438057417,0xefa7abbd5fe2aef47b325619b0824d41835f5d6c,2017-10-31T01:50:36.000Z,0.000021,0xe896783ea1ab389218fdc46223f3b6d3dc4b3612,buy,0xa9aad2dc3a8315caeee5f458b1d8edc31d8467bd,0xbf7b731de09b9ff613676d22b7c8dc3ed6814d6955690b4a7c7a8b4cb9e7028a
306,921.2617724137931,0.019346497220689655,0x1d5321e125f6c7079a716705541c7b371ca79e69,2017-10-31T01:50:27.000Z,0.000021,0xe896783ea1ab389218fdc46223f3b6d3dc4b3612,buy,0xa9aad2dc3a8315caeee5f458b1d8edc31d8467bd,0xdc157cce68666681be6fa4fec7a6078a89143b53d9cbd055fd82c2bf209993b6
307,918.5062536528346,0.026636681355932203,0x13512137d004d3e8d919ced5f5f7119934917c11,2017-10-31T01:50:27.000Z,0.00002899999999999999,0x1d5321e125f6c7079a716705541c7b371ca79e69,sell,0xa9aad2dc3a8315caeee5f458b1d8edc31d8467bd,0xdc157cce68666681be6fa4fec7a6078a89143b53d9cbd055fd82c2bf209993b6
308,20000,0.42,0x4c268c2ebce81608918bcbc1f89df282b45ef0e7,2017-10-31T01:24:11.000Z,0.000021,0xe896783ea1ab389218fdc46223f3b6d3dc4b3612,buy,0xa9aad2dc3a8315caeee5f458b1d8edc31d8467bd,0xae80e220469f6ce3a4b1dc57460d65a2c1db6a36285553c89c02dc6e81b219f1
309,20000,0.4,0xd1274f0c243b261a11ef0ad2dccc90e5465c2f4f,2017-10-31T01:13:47.000Z,0.00002,0xe896783ea1ab389218fdc46223f3b6d3dc4b3612,sell,0xa9aad2dc3a8315caeee5f458b1d8edc31d8467bd,0x0a4c084c122e229159ab1f97f5a173b966c32de59b1d8314e2c8cb429f6aa8e0
310,1504,0.0302304,0xccae1684735aeaa40d40218158ff09016f3012ac,2017-10-31T01:11:04.000Z,0.0000201,0xce94b53893f7f88e8f9858c0d21944b9f9b0cf79,sell,0xa9aad2dc3a8315caeee5f458b1d8edc31d8467bd,0xb219044cc380b4660390de4c27f1907f23101b6602830df6e3d73547dc138782
311,5000,0.105,0x8a424781254908e4bc40db921f969218eef3c81a,2017-10-31T01:10:55.000Z,0.000021,0xce94b53893f7f88e8f9858c0d21944b9f9b0cf79,sell,0xa9aad2dc3a8315caeee5f458b1d8edc31d8467bd,0x23704c1a318443247c55e074dbb01de0c7504d6334882ad8c9d82bf64807e8dc
312,14000,0.294,0x5f5e0de2c7c588d192b2b7b349344c266cbe06b6,2017-10-31T01:09:50.000Z,0.000021,0xe896783ea1ab389218fdc46223f3b6d3dc4b3612,sell,0xa9aad2dc3a8315caeee5f458b1d8edc31d8467bd,0x7c785b933d89ac028f1fdbdf3f906fa545db6a187ce95cf4a11480a6ebebde17
313,0.29910269192422734,0.000017946161515453,0xa75a0e4da88f97fff03745c9c69bbb9ca5329cc1,2017-10-31T00:45:21.000Z,0.00005999999999999786,0x1d5321e125f6c7079a716705541c7b371ca79e69,sell,0xa9aad2dc3a8315caeee5f458b1d8edc31d8467bd,0x4afab48ad10a4bb05b4b9b6c806417e702547a0f1280b48b81468f345d42bac8
314,0.3,0.0000063,0x1d5321e125f6c7079a716705541c7b371ca79e69,2017-10-31T00:45:21.000Z,0.000021,0x958e29d7a438391b2d1c4fad8101f7c80a9dc795,buy,0xa9aad2dc3a8315caeee5f458b1d8edc31d8467bd,0x4afab48ad10a4bb05b4b9b6c806417e702547a0f1280b48b81468f345d42bac8
315,891.4038555376104,0.0259407436,0x13512137d004d3e8d919ced5f5f7119934917c11,2017-10-31T00:37:27.000Z,0.00002910099999999999,0x273a5d3e6721b9f5c1a6474f560c1334c63dda01,sell,0xa9aad2dc3a8315caeee5f458b1d8edc31d8467bd,0xafdc52d6cde50c57adaca3c55ca0862273532fb0d46b156195be2629ea4fbcf1
316,894.086113879248,0.01877580839146421,0x273a5d3e6721b9f5c1a6474f560c1334c63dda01,2017-10-31T00:37:27.000Z,0.000021,0xe896783ea1ab389218fdc46223f3b6d3dc4b3612,buy,0xa9aad2dc3a8315caeee5f458b1d8edc31d8467bd,0xafdc52d6cde50c57adaca3c55ca0862273532fb0d46b156195be2629ea4fbcf1
317,5478.927993939553,0.08875863350182076,0x13c3fd153e23ded7477e0817ad4d5754e2d67649,2017-10-31T00:30:26.000Z,0.00001619999999999999,0x680e73d42ecf002c9d3dc79405e8ac9168a28b8d,sell,0xa9aad2dc3a8315caeee5f458b1d8edc31d8467bd,0x319cd3a99ea19a44a5b1eaaa79db214b7a122f3a94568ab8c9c954e15fe808e6
318,5000,0.101,0xcf65ae295dccc5ad75e244d30cd20a9f3db4fe50,2017-10-31T00:14:02.000Z,0.0000202,0x2daf797758a4372812bc67d6d166b3a387dcfd78,sell,0xa9aad2dc3a8315caeee5f458b1d8edc31d8467bd,0x933be1e6f170e5bd476229a00142d49e993450b1d725be1cc5955fa7c42c25b5
319,10000,0.17,0x1a7c4a6bff607d5e07045c69120ea6169da4810b,2017-10-31T00:13:39.000Z,0.000017,0x2daf797758a4372812bc67d6d166b3a387dcfd78,sell,0xa9aad2dc3a8315caeee5f458b1d8edc31d8467bd,0x1a1ee2c559099055402b0694f8b2a9998cd352a42cd905113bf9cbb95d3339c3
320,1000,0.02,0xc6660a835c352bf39d6b5b170c65d8e3f03a6b6a,2017-10-31T00:13:12.000Z,0.00002,0x2daf797758a4372812bc67d6d166b3a387dcfd78,sell,0xa9aad2dc3a8315caeee5f458b1d8edc31d8467bd,0x4ca6765307a059637f15f834f41fff64f7bf8e52f6fe050974185cebd3a260e3
321,4613.597,0.09227194,0x13c3fd153e23ded7477e0817ad4d5754e2d67649,2017-10-31T00:13:12.000Z,0.00002,0x2daf797758a4372812bc67d6d166b3a387dcfd78,sell,0xa9aad2dc3a8315caeee5f458b1d8edc31d8467bd,0x2de732b3ee1406a00545b4626bd2da1a7a54587c5edba15dcb2a74d61e29975b
322,3000,0.0603,0xccae1684735aeaa40d40218158ff09016f3012ac,2017-10-31T00:13:12.000Z,0.0000201,0x2daf797758a4372812bc67d6d166b3a387dcfd78,sell,0xa9aad2dc3a8315caeee5f458b1d8edc31d8467bd,0x3f7ad45791fe8b7b3f0261e12c48fcd365dbf014fb288330b2f417c3cc95bccd
323,2000,0.04,0xb21f3d57da11cfc2a8a98e5448b16cc1e5301bbe,2017-10-31T00:13:12.000Z,0.00002,0x2daf797758a4372812bc67d6d166b3a387dcfd78,sell,0xa9aad2dc3a8315caeee5f458b1d8edc31d8467bd,0x8759711d51ef734962c184b89ad58f022b8b045d81039b0fc8ca93192a4cbc00
324,83339.97435277671,1.3501075845149828,0x13c3fd153e23ded7477e0817ad4d5754e2d67649,2017-10-30T23:51:12.000Z,0.00001619999999999999,0x958e29d7a438391b2d1c4fad8101f7c80a9dc795,sell,0xa9aad2dc3a8315caeee5f458b1d8edc31d8467bd,0xcd16c14001d24b08747ffb454eb6f5442ce1e3dd26ed121631f192e3b45b188e
325,6750,0.135,0x0bc5fe60720eb917ad78987ab1ba01c68b59db3a,2017-10-30T23:44:17.000Z,0.00002,0x958e29d7a438391b2d1c4fad8101f7c80a9dc795,sell,0xa9aad2dc3a8315caeee5f458b1d8edc31d8467bd,0x8a639cc9d3738b34b1da36058f5fc5815e5602c671864b559cc5f99ced9b1e61
326,1427.2666651193229,0.02997259996750578,0xa8b3ac3cece7b756c515924c35e9876ce9b8b7c1,2017-10-30T23:41:02.000Z,0.000021,0x958e29d7a438391b2d1c4fad8101f7c80a9dc795,buy,0xa9aad2dc3a8315caeee5f458b1d8edc31d8467bd,0x4c4453715c7dfea0343289ae9a22aad5cda0a4dd0229577b903cf252eb5deccc
327,1310,0.02648951,0xadae7914a367f0190e98749baf4672b0a85dc98b,2017-10-30T23:38:06.000Z,0.000020221,0x958e29d7a438391b2d1c4fad8101f7c80a9dc795,sell,0xa9aad2dc3a8315caeee5f458b1d8edc31d8467bd,0x4a0a7c553269dd09ec5c0cc1adb6832e9f4010d537a59b51ae04489a0525f8be
328,20000,0.4,0x173426a9cc835cbb83b72180985cec8952a2a8cb,2017-10-30T23:36:28.000Z,0.00002,0x958e29d7a438391b2d1c4fad8101f7c80a9dc795,sell,0xa9aad2dc3a8315caeee5f458b1d8edc31d8467bd,0x3253742ddc86cc9c0a9ea8bd8dff8dc786b930de2ba51c272fdd545a65298f9f
329,9737.5,0.19475,0x68ca7fc4bfc3bb2a9cf6f45736dcadc2c427c5a0,2017-10-30T23:36:28.000Z,0.00002,0x958e29d7a438391b2d1c4fad8101f7c80a9dc795,sell,0xa9aad2dc3a8315caeee5f458b1d8edc31d8467bd,0x2f28d02f4a951250b7ec6b3366bb4a10a881b52381ecf027a2ed52245c8eab1e
330,32501.545,0.6571812399,0x70c73235f7ed65b82be80cdbf4a3c64219786589,2017-10-30T23:29:06.000Z,0.00002022,0xa8b3ac3cece7b756c515924c35e9876ce9b8b7c1,sell,0xa9aad2dc3a8315caeee5f458b1d8edc31d8467bd,0xdad5ceac0d22fc245914c0ebdc51bd97c9f83610fd83a8140ab85df053f96171
331,1.4910403386052793,0.000044731210158158,0x9f14a821f23039266839233cd27d09e1eba9b83c,2017-10-30T23:17:32.000Z,0.00002999999999999974,0x1d5321e125f6c7079a716705541c7b371ca79e69,sell,0xa9aad2dc3a8315caeee5f458b1d8edc31d8467bd,0x9b441a5dc981f800500c8ccc3accd7741e4a9338d8e2d653f927aa1357bc1ea4
332,1.4955134596210953,0.000031405782652043,0x1d5321e125f6c7079a716705541c7b371ca79e69,2017-10-30T23:17:32.000Z,0.000021,0x958e29d7a438391b2d1c4fad8101f7c80a9dc795,buy,0xa9aad2dc3a8315caeee5f458b1d8edc31d8467bd,0x9b441a5dc981f800500c8ccc3accd7741e4a9338d8e2d653f927aa1357bc1ea4
333,7000,0.14154,0x70c73235f7ed65b82be80cdbf4a3c64219786589,2017-10-30T23:14:33.000Z,0.00002022,0x60f89eb04f825151845470b9083f96be86b1d5d4,sell,0xa9aad2dc3a8315caeee5f458b1d8edc31d8467bd,0x96eceba3daffa20546eddba881e4dadcb0a3ce7196f86036044f5f9f52f8cadd
334,498.45479015053337,0.010078755856843783,0x70c73235f7ed65b82be80cdbf4a3c64219786589,2017-10-30T23:13:35.000Z,0.00002021999999999999,0x6d008ff3111a579c78bd82a084cddea109d6f5e0,sell,0xa9aad2dc3a8315caeee5f458b1d8edc31d8467bd,0x80b11e4651f191b9f51efc31528964f869577e634ce004ae191c0d3e4ab84ebc
335,40000,0.8084,0xa1dc29270c60dd37d64643d20151b7ee1806b776,2017-10-30T23:08:13.000Z,0.00002021,0x958e29d7a438391b2d1c4fad8101f7c80a9dc795,sell,0xa9aad2dc3a8315caeee5f458b1d8edc31d8467bd,0xec89bfce4d11c0d12158581b1f0706f7e8b800dae0cfbc5d348b1c86be5c9def
336,5000,0.105,0x485d715fb51c67579ca3dcc0fcf7edd165b2d659,2017-10-30T23:07:35.000Z,0.000021,0x958e29d7a438391b2d1c4fad8101f7c80a9dc795,buy,0xa9aad2dc3a8315caeee5f458b1d8edc31d8467bd,0x2d58a034f7d265c63c1481bb9d30f2aedbfcafd30249114a755ed5b77a76692c
337,3200,0.0672,0x273a5d3e6721b9f5c1a6474f560c1334c63dda01,2017-10-30T23:07:27.000Z,0.000021,0x958e29d7a438391b2d1c4fad8101f7c80a9dc795,buy,0xa9aad2dc3a8315caeee5f458b1d8edc31d8467bd,0x49950aa4b76476db920f257605fef55c55667ebc88818d7c98a43f72bf308478
338,3190.4,0.0685936,0xde7f40e40c094fb06b1791f3028ed1f045e84ceb,2017-10-30T23:07:27.000Z,0.0000215,0x273a5d3e6721b9f5c1a6474f560c1334c63dda01,sell,0xa9aad2dc3a8315caeee5f458b1d8edc31d8467bd,0x49950aa4b76476db920f257605fef55c55667ebc88818d7c98a43f72bf308478
339,4501.545209849467,0.0945324494068388,0x1d5321e125f6c7079a716705541c7b371ca79e69,2017-10-30T23:07:05.000Z,0.000021,0x958e29d7a438391b2d1c4fad8101f7c80a9dc795,buy,0xa9aad2dc3a8315caeee5f458b1d8edc31d8467bd,0x5e84504aa0ea636d4fecfb01ed6602e4f30e36e376ebd7e41d2f271d9d47adaf
340,1995.994,0.04335298968,0x8747b8a010033060529d60909ab7a00b8d2a1dea,2017-10-30T23:07:05.000Z,0.00002172,0x273a5d3e6721b9f5c1a6474f560c1334c63dda01,sell,0xa9aad2dc3a8315caeee5f458b1d8edc31d8467bd,0x785a5c9028958cdc3aefdfd005b4e53376c6c2d646065ab38fa4304224a70d01
341,4488.080966948621,0.09739135698278507,0x485d715fb51c67579ca3dcc0fcf7edd165b2d659,2017-10-30T23:07:05.000Z,0.00002169999999999999,0x1d5321e125f6c7079a716705541c7b371ca79e69,sell,0xa9aad2dc3a8315caeee5f458b1d8edc31d8467bd,0x5e84504aa0ea636d4fecfb01ed6602e4f30e36e376ebd7e41d2f271d9d47adaf
342,2002,0.042042,0x273a5d3e6721b9f5c1a6474f560c1334c63dda01,2017-10-30T23:07:05.000Z,0.000021,0x958e29d7a438391b2d1c4fad8101f7c80a9dc795,buy,0xa9aad2dc3a8315caeee5f458b1d8edc31d8467bd,0x785a5c9028958cdc3aefdfd005b4e53376c6c2d646065ab38fa4304224a70d01
343,498.45479015053337,0.010816468946266573,0x485d715fb51c67579ca3dcc0fcf7edd165b2d659,2017-10-30T23:00:32.000Z,0.00002169999999999999,0x3775d983f6890e6a09655ba0a7e45e393124aca1,sell,0xa9aad2dc3a8315caeee5f458b1d8edc31d8467bd,0x4a1de09c0bb9578884f3e77b7fce1247aa77c626df0be7050060821d62d693af
344,21999.362,0.54998405,0xb99f72a8b0d3a5025ab8b2ca534973497af42899,2017-10-30T22:33:30.000Z,0.000025,0x4ef101828052e3b1340145926be230bda53e112b,buy,0xa9aad2dc3a8315caeee5f458b1d8edc31d8467bd,0xe093819b88bd07e8d302bc2c3dd9d64590ae9596703339739b4f48f15cfc1e7f
345,34990,0.86960647,0xb99f72a8b0d3a5025ab8b2ca534973497af42899,2017-10-30T22:33:30.000Z,0.000024853,0xa1dc29270c60dd37d64643d20151b7ee1806b776,buy,0xa9aad2dc3a8315caeee5f458b1d8edc31d8467bd,0x64c12e2eda58913fef0937a94b1085483a3f168250d25bbfe5258e2810d946b7
346,500,0.011945,0xde7f40e40c094fb06b1791f3028ed1f045e84ceb,2017-10-30T22:22:53.000Z,0.00002389,0x7eba78f19bc4477eafdc29f46f6975490e54531d,buy,0xa9aad2dc3a8315caeee5f458b1d8edc31d8467bd,0x733ada761e8449e39810328f209657284f5b91446bfec21a7e70e3224a1c389d
347,7496,0.18629801304,0x1879851f0f89b14df436abf42814575060faefa1,2017-10-30T22:19:51.000Z,0.00002485299,0x60f89eb04f825151845470b9083f96be86b1d5d4,buy,0xa9aad2dc3a8315caeee5f458b1d8edc31d8467bd,0x87f580579bd2f5607c572f404bd3f077f943930184ea44e7f584e450c4ce2e35
348,5100,0.11679,0x1879851f0f89b14df436abf42814575060faefa1,2017-10-30T22:14:29.000Z,0.0000229,0x77255e8c4a9f7fafd6f837487dec5b94bc86c3ab,buy,0xa9aad2dc3a8315caeee5f458b1d8edc31d8467bd,0xa86b45175eeee69e6bc012a9146da37703b73615b9e49eafcb528d7500dbce04
349,3389.492573023627,0.06778985146047253,0x13c3fd153e23ded7477e0817ad4d5754e2d67649,2017-10-30T22:14:25.000Z,0.00001999999999999999,0x6dab1a65d3132354a613368f81104c2a658f3a9a,sell,0xa9aad2dc3a8315caeee5f458b1d8edc31d8467bd,0x77492b834d07460c188e48bc4d5e54d265d2fd200b61fb8826ed326905db512d
350,996.9095803010667,0.01993819160602133,0x13c3fd153e23ded7477e0817ad4d5754e2d67649,2017-10-30T22:04:56.000Z,0.00001999999999999999,0x926b42e1974beccca427dda11c0b3374df84f0dc,sell,0xa9aad2dc3a8315caeee5f458b1d8edc31d8467bd,0x2641a6b42c403dafc839488cf1e66f6384b607c361f4e20a3c6187164caf3a1b
351,30033.995,0.6006799,0x13c3fd153e23ded7477e0817ad4d5754e2d67649,2017-10-30T22:04:13.000Z,0.00002,0x02f3f615dad26e296bec71632d7d3fdb702dae7c,sell,0xa9aad2dc3a8315caeee5f458b1d8edc31d8467bd,0xcfdd1211389eedb202586557ff26f1ce9a6d14423b5257434191a0fe1c121177
352,6043.885779346121,0.12087771558692242,0x1d79e25e8910c710f33ca0efe1de8971d4b51552,2017-10-30T21:42:32.000Z,0.00002,0x68015ed84b7396967ff9b73dee09223a71c25a3a,buy,0xa9aad2dc3a8315caeee5f458b1d8edc31d8467bd,0x119592692ed7d53b02dc25c7b92c93d4b6ce17ea9699bcecad83acde3c35a78b
353,5786.114220653879,0.11572228441307758,0x1d79e25e8910c710f33ca0efe1de8971d4b51552,2017-10-30T21:37:06.000Z,0.00002,0x68015ed84b7396967ff9b73dee09223a71c25a3a,buy,0xa9aad2dc3a8315caeee5f458b1d8edc31d8467bd,0x6f1f2d806129e8d8265de11f61f0236b8b4a3a85298b26ccbb7947004d9dfd6a
354,24871.267,0.49742534,0x51e6f478a3ef169e7e65f2105784b9aa21021009,2017-10-30T21:29:55.000Z,0.00002,0x2daf797758a4372812bc67d6d166b3a387dcfd78,sell,0xa9aad2dc3a8315caeee5f458b1d8edc31d8467bd,0x5d8c2328c36c7cdad32fdd27e9d1fac9030ca60fdff18dab4a871ed9b904bebf
355,10966.005383311734,0.21932010766623466,0x13c3fd153e23ded7477e0817ad4d5754e2d67649,2017-10-30T21:28:20.000Z,0.00001999999999999999,0xb39077f818a336baedd15ad07a6218c3b81aafeb,sell,0xa9aad2dc3a8315caeee5f458b1d8edc31d8467bd,0xe439d744b1534010f38f52f02128f8dedc533717a9618d262ec56363fad18a3c
356,26955.049271374097,0.539100985427482,0x51e6f478a3ef169e7e65f2105784b9aa21021009,2017-10-30T21:27:24.000Z,0.00001999999999999999,0x1fabd314bb4f78f3d8860371e9042540dc1bf3c1,sell,0xa9aad2dc3a8315caeee5f458b1d8edc31d8467bd,0x80b770f052685aadead04b1ff452b5235dcefd1bf5c60092557d8b60999a02a9
357,498.45479015053337,0.009969095803010666,0x51e6f478a3ef169e7e65f2105784b9aa21021009,2017-10-30T21:24:13.000Z,0.00001999999999999999,0x37ab13ca64323485a6394f3b0166397ce4b945f3,sell,0xa9aad2dc3a8315caeee5f458b1d8edc31d8467bd,0x8883e797193b53eabb743b1b6135795d9b969e034624b21c465c58516aeb3d23
358,498.45479015053337,0.009969095803010666,0x51e6f478a3ef169e7e65f2105784b9aa21021009,2017-10-30T21:22:24.000Z,0.00001999999999999999,0x9b06ec3ff3f504f636a13ae244fab26b90e7e54e,sell,0xa9aad2dc3a8315caeee5f458b1d8edc31d8467bd,0xfac006b6b42b1183694baa51f31d8960e1b7ac4f22fcc8904faf1e244a911d5b
359,0.9715219661835669,0.000019430439323671,0x51e6f478a3ef169e7e65f2105784b9aa21021009,2017-10-30T21:22:14.000Z,0.00001999999999999965,0xe3f43091daf1fb0b21240e689e590cdc2f8f5a71,sell,0xa9aad2dc3a8315caeee5f458b1d8edc31d8467bd,0x11262a957f268aa5afad4edb0f49071164809ab657986faa613dd49fa2b7e3d4
360,9745.33684278736,0.1949067368557472,0x51e6f478a3ef169e7e65f2105784b9aa21021009,2017-10-30T21:21:32.000Z,0.00001999999999999999,0xe3f43091daf1fb0b21240e689e590cdc2f8f5a71,sell,0xa9aad2dc3a8315caeee5f458b1d8edc31d8467bd,0x67d1dc228b6aa9a094c1b07da7bf2d0068aa3a867b0ea8b50a05c6d4ebb554f1
361,831.68,0.0166502336,0xd960ae5f5294d1c06af036e78bcd9dca1e7840b8,2017-10-30T21:20:20.000Z,0.00002002,0xe3f43091daf1fb0b21240e689e590cdc2f8f5a71,sell,0xa9aad2dc3a8315caeee5f458b1d8edc31d8467bd,0xb4339a2b557ae2cae1687f11d8e0b8d90be58ec35bbfa362bf6588f5e7cb1d4c
362,5100,0.107559,0x77255e8c4a9f7fafd6f837487dec5b94bc86c3ab,2017-10-30T21:19:17.000Z,0.00002109,0xe3f43091daf1fb0b21240e689e590cdc2f8f5a71,sell,0xa9aad2dc3a8315caeee5f458b1d8edc31d8467bd,0x3a1dd9fcb87b5f61347d8170fa3f2420319e60f9115324f78b071c870013e24e
363,3150,0.0661815,0xd3b26a33ff72667e631e5289f3a668655bea7413,2017-10-30T21:19:17.000Z,0.00002101,0xe3f43091daf1fb0b21240e689e590cdc2f8f5a71,sell,0xa9aad2dc3a8315caeee5f458b1d8edc31d8467bd,0x1a35860e3c97747ef274277e255f39fe891fc2714a1276128bb07812deb4dd17
364,112.191,0.0024121065,0xfbac48777902584e3a2a797500743a22c41cbd15,2017-10-30T21:19:09.000Z,0.0000215,0xe3f43091daf1fb0b21240e689e590cdc2f8f5a71,sell,0xa9aad2dc3a8315caeee5f458b1d8edc31d8467bd,0x67a6f06caf9f2da39a19649c624857069188bc12b24833689e2a30a8f22051a2
365,1000,0.021661,0xbdad31246370125d74f16b5ca5ee71ef03891203,2017-10-30T21:19:09.000Z,0.000021661,0xe3f43091daf1fb0b21240e689e590cdc2f8f5a71,sell,0xa9aad2dc3a8315caeee5f458b1d8edc31d8467bd,0xbb6a89c7887d9ed307757b1039cafa0ffe08d1db210f4f50ffd6eeda8b341cf9
366,22430.465556774,0.44860931113548,0x51e6f478a3ef169e7e65f2105784b9aa21021009,2017-10-30T21:15:26.000Z,0.00001999999999999999,0x35feeeffa9fac8036853ceafa5673fe2dbca2071,sell,0xa9aad2dc3a8315caeee5f458b1d8edc31d8467bd,0xa48e73bc2966ba9c48adc8e8f0228744a8acaa73176fe58d626442fc042a2df0
367,200,0.0048,0x47152e2280b04b54d56a4219b52a6230e4bf64c7,2017-10-30T20:53:26.000Z,0.000024,0xdbbae39c54992479faac890e81eb4d8579b951d6,sell,0xa9aad2dc3a8315caeee5f458b1d8edc31d8467bd,0x0d769dbd0467a2c4ac5664db32c482867a2f816d084d5fdf94aacea62711709a
368,10000,0.26,0x69ab907a9f183901c0839e4ea1e10f321f7ea2b6,2017-10-30T20:38:52.000Z,0.000026,0x60f89eb04f825151845470b9083f96be86b1d5d4,sell,0xa9aad2dc3a8315caeee5f458b1d8edc31d8467bd,0x2d6b37859c21eb222be12acf4bcc2de754904c7940fc19aa64987323659955ff
369,563.6426738295338,0.01521835219339741,0x92f5f608873d2aa74ddbdcee98d2bc7e38ba44e5,2017-10-30T20:32:47.000Z,0.00002699999999999999,0x60f89eb04f825151845470b9083f96be86b1d5d4,sell,0xa9aad2dc3a8315caeee5f458b1d8edc31d8467bd,0x6f686b5a73b6f5e778b0b457f8e72adb9b108d64a5128fe2568eea9801061bcd
