,amount,amountBase,buyer,date,price,seller,side,tokenAddr,txHash
0,19000,0.684,0xbb562760c611509d366138a34910303a2b87166c,2017-11-02T14:56:34.000Z,0.000036,0x62739ec09cdd8fae2f7b976f8c11dbe338df8750,sell,0x58ca3065c0f24c7c96aee8d6056b5b5decf9c2f8,0x2123bfabeb7ec74de94beeeef09b6248d20f1ad490c1d7564962e8b19f11d35b
1,10000,0.35,0x688cb7e759df27aea3779946361860357ded57b8,2017-11-02T14:55:26.000Z,0.000035,0x62739ec09cdd8fae2f7b976f8c11dbe338df8750,sell,0x58ca3065c0f24c7c96aee8d6056b5b5decf9c2f8,0xfc37ee3a8d5d0fb1fd2e591660c14d0bb696083e193093f8e43304a4e01485b1
2,20000,0.75,0xbb562760c611509d366138a34910303a2b87166c,2017-11-02T14:54:15.000Z,0.0000375,0x62739ec09cdd8fae2f7b976f8c11dbe338df8750,sell,0x58ca3065c0f24c7c96aee8d6056b5b5decf9c2f8,0xd67d9e105cdd3c6169c525279104687265b06e94bbf76ad0bd413e1fa7290d98
3,4.0032346135,0.0005,0x4fda9e6bcd83af6c5cc771b5d20accc2b7720074,2017-11-02T11:39:25.000Z,0.00012489900000211415,0xba28c1b409664c0893a090d637a027e4162a41bc,buy,0x58ca3065c0f24c7c96aee8d6056b5b5decf9c2f8,0x6bc8bf346eefd4d573a4949093b8f785a3122a611622ae324f7244ff92c09086
4,4.0032346135,0.0005,0x3075f7f189912f4f425dd7021b9c396434197477,2017-11-02T11:26:01.000Z,0.00012489900000211415,0xba28c1b409664c0893a090d637a027e4162a41bc,buy,0x58ca3065c0f24c7c96aee8d6056b5b5decf9c2f8,0xe93d925bb99242d1869c7dd5fa053b84fadc65b2cf5b6575ead1bc5224935d2f
5,137.434,0.013605966,0xbb562760c611509d366138a34910303a2b87166c,2017-11-01T21:25:06.000Z,0.000099,0x2ebb2f906eb5fb04e3dc2987d1fb9f00b676965b,buy,0x58ca3065c0f24c7c96aee8d6056b5b5decf9c2f8,0x53708c7763a5a730126d53ed81d42332031838986c7a0525351b4b5f9dcd3d38
6,254.66,0.02495668,0xbb562760c611509d366138a34910303a2b87166c,2017-11-01T21:23:39.000Z,0.000098,0x22eb520ce1f1eaffade7c4ff769fff8599c1b24a,buy,0x58ca3065c0f24c7c96aee8d6056b5b5decf9c2f8,0xeae9d2b6cdde8f4a6811e56c2200fc6cf7973b6eb99d995ac08fdbbc6d48996e
7,1300,0.12675,0xbb562760c611509d366138a34910303a2b87166c,2017-11-01T21:20:09.000Z,0.0000975,0x5d26ca4ee3be471a4c5eeccb3bac220603387c77,buy,0x58ca3065c0f24c7c96aee8d6056b5b5decf9c2f8,0xb622c2c399e8725bf5eff41c107fe63b55a4a43fc7852743013dc3d6d6a2cf56
8,500,0.0475,0xbb562760c611509d366138a34910303a2b87166c,2017-11-01T21:19:54.000Z,0.000095,0x56a2e0229a6d0fe6222a851329f63103ff4d8e92,buy,0x58ca3065c0f24c7c96aee8d6056b5b5decf9c2f8,0x82b5513e4baf04ea0652de6e2e000d5525c8813ceaa1bd52b93932ac438d1d6a
9,1692.0060790301,0.050777102431693304,0xbb562760c611509d366138a34910303a2b87166c,2017-11-01T05:52:44.000Z,0.00003001,0xf36dbca7cb5b4b272839ab84daec8976ce6291ef,sell,0x58ca3065c0f24c7c96aee8d6056b5b5decf9c2f8,0x1e6256b5e86bce811ef4d833b0dc9acbde06ac27ab79e3a98c3b2c2c097b5820
10,2000,0.196,0xbb562760c611509d366138a34910303a2b87166c,2017-10-31T22:16:53.000Z,0.000098,0x5d26ca4ee3be471a4c5eeccb3bac220603387c77,buy,0x58ca3065c0f24c7c96aee8d6056b5b5decf9c2f8,0x08dccc839cdaf8ef3738d728f4b5d5e98ea9b4acd4159c877cdafe38ec290914
11,2000,0.0742,0x5d26ca4ee3be471a4c5eeccb3bac220603387c77,2017-10-31T19:07:17.000Z,0.0000371,0x62739ec09cdd8fae2f7b976f8c11dbe338df8750,sell,0x58ca3065c0f24c7c96aee8d6056b5b5decf9c2f8,0xb95ed6c807bafa3b5faa8ba27692bfa03d145b75d5071245e2249a6cbfee9c26
12,40000,1.00032,0x57ffb8f0e6e37e90c3d3f36bcfb2247f73ed1296,2017-10-31T18:59:08.000Z,0.000025008,0x62739ec09cdd8fae2f7b976f8c11dbe338df8750,sell,0x58ca3065c0f24c7c96aee8d6056b5b5decf9c2f8,0xc69e8a128e4f88c953bb4036cfb756046af533762e677f752420ca6b3db52458
13,4000,0.148,0x688cb7e759df27aea3779946361860357ded57b8,2017-10-31T18:59:08.000Z,0.000037,0x62739ec09cdd8fae2f7b976f8c11dbe338df8750,sell,0x58ca3065c0f24c7c96aee8d6056b5b5decf9c2f8,0xd77331a997b3b58af347deca2f4cae4e72e353e64e5ae1d060ae4819d1b5fa58
14,50000,1.015,0xe41ce247756d757e3060ec361c201be019bd54f6,2017-10-31T18:58:24.000Z,0.0000203,0x62739ec09cdd8fae2f7b976f8c11dbe338df8750,sell,0x58ca3065c0f24c7c96aee8d6056b5b5decf9c2f8,0x3e22033f4efdb19a09110338cfd3fb6c5aaf728b23b0c20ec72c5889455152dc
15,500,0.01875,0x56a2e0229a6d0fe6222a851329f63103ff4d8e92,2017-10-31T18:04:25.000Z,0.0000375,0x88fc264eb806b323b8f93146ac5e5b0c35c4d153,sell,0x58ca3065c0f24c7c96aee8d6056b5b5decf9c2f8,0x881db7fc262ca0f0509d72a57df35f334a0da8617f1d3f34ab2899c67c3fa74b
16,6834,0.252858,0x29b8eca0a380c562a00b7e5d1fbc624e5be736a5,2017-10-30T20:54:53.000Z,0.000037,0xbfa4c83c2a5d386b81c12534b5f15f3e8e540f24,sell,0x58ca3065c0f24c7c96aee8d6056b5b5decf9c2f8,0x057435812f6b32eaa372d17f647b35d9e6f7ffab702f5168d0c7ea6b40ec38ac
17,94.0384807097,0.0034794237862589,0x090ffc278ed53b451417a14ad4eed47408de3c18,2017-10-30T16:53:59.000Z,0.000037,0xa2fe177cf2a5e31472980730e0f58b02e69ac394,sell,0x58ca3065c0f24c7c96aee8d6056b5b5decf9c2f8,0x5eaecacadfe4d58804bc43deecec7cef1d37e2babd493d98acacf7b9f98eaedc
18,94.0384807097,0.0034794237862589,0x090ffc278ed53b451417a14ad4eed47408de3c18,2017-10-30T16:44:09.000Z,0.000037,0x4cfbefd1a23d05a25039b36ddd6ad358e0bbfb99,sell,0x58ca3065c0f24c7c96aee8d6056b5b5decf9c2f8,0x1cb8f59a5d8232ebbc5a5018ef108a52d56484c62c4493be308f7996c2386f76
19,10000,0.375,0x88650fdbfbb5c7933eb52008c4387050b963747d,2017-10-30T16:02:51.000Z,0.0000375,0xbfa4c83c2a5d386b81c12534b5f15f3e8e540f24,sell,0x58ca3065c0f24c7c96aee8d6056b5b5decf9c2f8,0x09499922edd3eb0b157f399171f52f63c7277cebe8aa944d591b1c1b429e082c
20,108.4306877171,0.00392519089535902,0x8909e1a4f31fc2214ea6c4a917268b833b00c000,2017-10-29T16:00:53.000Z,0.0000362,0xc5dbe468f0a5464c724af4b2a53d43f124693eb9,sell,0x58ca3065c0f24c7c96aee8d6056b5b5decf9c2f8,0xe94b354cec22caf4270ddc0bc25a68ab1c84bef0dc14a91f796f778780733726
21,99.6909580301,0.003599840494466911,0x88650fdbfbb5c7933eb52008c4387050b963747d,2017-10-29T07:40:11.000Z,0.00003611,0xf015a6bf5ecb0ed05a1a827b091fcba8ac4dd774,sell,0x58ca3065c0f24c7c96aee8d6056b5b5decf9c2f8,0x5968ab0465170c12c6d36501902b9eef198dd6a0e8c3a6bea73189b4af3ec93c
22,94.0384807097,0.00339478915362017,0x8909e1a4f31fc2214ea6c4a917268b833b00c000,2017-10-29T03:32:09.000Z,0.0000361,0x1b8f0cb0970cbb165d58adaae7682929d5cb68d1,sell,0x58ca3065c0f24c7c96aee8d6056b5b5decf9c2f8,0xbd3e2c8de223de8e0535eea90d80d58867e2a1c7a38e876aa2cad3fec1c3c7b9
23,25,0.024999975,0x098305aa1235f4952e402ef5ead62fba51d63e66,2017-10-28T21:43:07.000Z,0.000999999,0xf36990a2cb4d609e0a7d4f3bf884c0342d81fd3d,buy,0x58ca3065c0f24c7c96aee8d6056b5b5decf9c2f8,0xb743264b9bbfdf27949e5e1779826f383aeee57f90b1222d2186b74f09630f8f
24,13,0.002145,0x098305aa1235f4952e402ef5ead62fba51d63e66,2017-10-28T21:41:36.000Z,0.000165,0xd1e38bcb8eed91dd4fdb1540d1beada9c03c0e1e,buy,0x58ca3065c0f24c7c96aee8d6056b5b5decf9c2f8,0x4a43d061d30d3961bb7229e743995508f77358da99673f75325f09d0f72f3632
25,30,0.01499997,0x098305aa1235f4952e402ef5ead62fba51d63e66,2017-10-28T21:38:34.000Z,0.000499999,0xf36990a2cb4d609e0a7d4f3bf884c0342d81fd3d,buy,0x58ca3065c0f24c7c96aee8d6056b5b5decf9c2f8,0xc12cb26d4ba6d19b6248361a9a8591e1189ce63e38c561c9a99a1ba395e0964f
26,70,0.014,0x098305aa1235f4952e402ef5ead62fba51d63e66,2017-10-28T21:36:16.000Z,0.0002,0x971f30c325d9924ad472adf0bf98702502baad93,buy,0x58ca3065c0f24c7c96aee8d6056b5b5decf9c2f8,0x3ff97d25315702f7a8ac9c027afb2af3c6a74eb4bb8006769f9ebe028bcae486
27,47.164,0.006508632,0x098305aa1235f4952e402ef5ead62fba51d63e66,2017-10-28T21:34:38.000Z,0.000138,0xfa410cbf8064c8343497883ae3bcc86977307bb3,buy,0x58ca3065c0f24c7c96aee8d6056b5b5decf9c2f8,0x9df3616296c7fa262e63b15240b3d9fd80e28d6a39e88e15ec53f641088db404
28,9472.5165425101,0.9358846344,0x098305aa1235f4952e402ef5ead62fba51d63e66,2017-10-28T21:26:21.000Z,0.00009880000000000022,0xd35cc4db1066b87373c5b83f2a033b4aabb8a1f2,buy,0x58ca3065c0f24c7c96aee8d6056b5b5decf9c2f8,0x9461e5d401bdd41763863859b41cdc62f06bac309d15a812de715cf93b4ee05e
29,5.0607287449,0.0005,0x34f9560c63078eb61872a4dc2ccd20e21c34feaf,2017-10-28T20:36:57.000Z,0.00009880000000076668,0xd35cc4db1066b87373c5b83f2a033b4aabb8a1f2,buy,0x58ca3065c0f24c7c96aee8d6056b5b5decf9c2f8,0x998a10dd68fd1f6b9fae08a018e42a2e66aea193256c738dc7354b08e6915247
30,5.0607287449,0.0005,0xe444a40689f51f63bcd29910622035707d533d29,2017-10-28T20:36:16.000Z,0.00009880000000076668,0xd35cc4db1066b87373c5b83f2a033b4aabb8a1f2,buy,0x58ca3065c0f24c7c96aee8d6056b5b5decf9c2f8,0xeefab963ba9bf0ad10b9c1061e5721bac33361d83bdc19193ad89840a5ac05be
31,298.9,0.0684481,0x098305aa1235f4952e402ef5ead62fba51d63e66,2017-10-28T09:28:11.000Z,0.000229,0x557ce84e01d0735837cc76c3e10cd394e1e1e62e,buy,0x58ca3065c0f24c7c96aee8d6056b5b5decf9c2f8,0x0383657f1ce0471612169d27c47a58a12d10dec60d956a3374273d950490b456
32,695,0.1251,0x098305aa1235f4952e402ef5ead62fba51d63e66,2017-10-28T09:21:51.000Z,0.00018,0xaf859c7dc477ae70ff8c1ee8a25d65d800a90d90,buy,0x58ca3065c0f24c7c96aee8d6056b5b5decf9c2f8,0x26e5f0e4d595eaa502d14b163512015622b47b7287968e7fcdd6a88f0055ee73
33,3500,0.664965,0x098305aa1235f4952e402ef5ead62fba51d63e66,2017-10-28T08:52:31.000Z,0.00018999,0x88650fdbfbb5c7933eb52008c4387050b963747d,buy,0x58ca3065c0f24c7c96aee8d6056b5b5decf9c2f8,0xf0bfd7d1ca1b67772575e44ae6b6e652b3d5d23b048696bfe30097781b4f8e63
34,25,0.00225,0x077664018c741c2df811ecd2f0ed6668c89bbb49,2017-10-27T17:54:47.000Z,0.00009,0x64dcca9d2091012bd3e1e5235d703f72f4d65746,buy,0x58ca3065c0f24c7c96aee8d6056b5b5decf9c2f8,0xdff563ed7bb57c91a778d469a6c2b6fc3f5fc2f07cc4e8cea48d20faf8b74652
35,20,0.0018,0x1d5321e125f6c7079a716705541c7b371ca79e69,2017-10-27T11:01:05.000Z,0.00009,0x64dcca9d2091012bd3e1e5235d703f72f4d65746,buy,0x58ca3065c0f24c7c96aee8d6056b5b5decf9c2f8,0x755cb6120e31e0ef9535799f24410403312d05126ae798b3ea3ea2a536cd0f76
36,19.9401794616,0.00199401794616,0x371b948ef307fb2e55c6e44ca31041e628f56bf4,2017-10-27T11:01:05.000Z,0.0001,0x1d5321e125f6c7079a716705541c7b371ca79e69,sell,0x58ca3065c0f24c7c96aee8d6056b5b5decf9c2f8,0x755cb6120e31e0ef9535799f24410403312d05126ae798b3ea3ea2a536cd0f76
37,20,0.002,0x371b948ef307fb2e55c6e44ca31041e628f56bf4,2017-10-26T13:13:35.000Z,0.0001,0x88fc264eb806b323b8f93146ac5e5b0c35c4d153,sell,0x58ca3065c0f24c7c96aee8d6056b5b5decf9c2f8,0x243505f4d01039f2a780de22a31b12c318bb339f849ce3408499b071dd5a8456
38,10864.952751488,0.445463062811008,0x008194b0262752f8bb377119fc7dfeab039ff420,2017-10-26T03:15:49.000Z,0.000041,0x57ffb8f0e6e37e90c3d3f36bcfb2247f73ed1296,sell,0x58ca3065c0f24c7c96aee8d6056b5b5decf9c2f8,0xd1fd4bfddfe9976b53f6d027c4623670843d1e4784a24af9172276e2682d34b3
39,10904.309,0.43617236,0xa14f6bbc42fe27cea9b0ceac068f25acfbe59523,2017-10-25T19:56:05.000Z,0.00004,0x57ffb8f0e6e37e90c3d3f36bcfb2247f73ed1296,sell,0x58ca3065c0f24c7c96aee8d6056b5b5decf9c2f8,0xf29cb1f990ef1e18b52c903606968b54b18c134f1451404a5a4b95231e496fb5
40,6567.578,0.26421366294,0x0a72ebae0321b78bf42b5846c57f90d714a5cb31,2017-10-25T19:53:50.000Z,0.00004023,0x57ffb8f0e6e37e90c3d3f36bcfb2247f73ed1296,sell,0x58ca3065c0f24c7c96aee8d6056b5b5decf9c2f8,0x1b8ae5f7f5b1e80cc25d94075be014d3b512ce7e677c78367b1f24054d5d3d8f
41,7438,0.29923074,0x0a72ebae0321b78bf42b5846c57f90d714a5cb31,2017-10-25T18:45:38.000Z,0.00004023,0xbfa4c83c2a5d386b81c12534b5f15f3e8e540f24,sell,0x58ca3065c0f24c7c96aee8d6056b5b5decf9c2f8,0xee5784a201913dcf4ac93a75d584f173e309734851e09d3c590336a870e0dfbe
42,1582,0.06364386,0x0a72ebae0321b78bf42b5846c57f90d714a5cb31,2017-10-25T18:44:52.000Z,0.00004023,0xbfa4c83c2a5d386b81c12534b5f15f3e8e540f24,sell,0x58ca3065c0f24c7c96aee8d6056b5b5decf9c2f8,0x029a78fe499146bcd099e1638d0b3f79e3ff62c7c31fea4cb92d4603e10a0bb2
43,24999.181,0.99996724,0xa14f6bbc42fe27cea9b0ceac068f25acfbe59523,2017-10-25T18:44:35.000Z,0.00004,0xbfa4c83c2a5d386b81c12534b5f15f3e8e540f24,sell,0x58ca3065c0f24c7c96aee8d6056b5b5decf9c2f8,0xbb7bbd1daef0472b1198dca804705029ec3c2179ab6729501d2aff8b636d2635
44,0.8188609672,0.000032942776710456,0x0a72ebae0321b78bf42b5846c57f90d714a5cb31,2017-10-25T18:43:18.000Z,0.00004023,0xbfa4c83c2a5d386b81c12534b5f15f3e8e540f24,sell,0x58ca3065c0f24c7c96aee8d6056b5b5decf9c2f8,0x213a4b71b6a643dd01f8291b0cbd68eee446f3abd3fdf8acd33956c2cd02ed47
45,0.8188609672,0.000032754438688,0xa14f6bbc42fe27cea9b0ceac068f25acfbe59523,2017-10-25T18:42:54.000Z,0.00004,0xbfa4c83c2a5d386b81c12534b5f15f3e8e540f24,sell,0x58ca3065c0f24c7c96aee8d6056b5b5decf9c2f8,0x1ab7e41ad30f87ce4f35ba95ad07bd9a477083a5e784f03fb30cd31fd0b7d690
46,100,0.0124,0xf015a6bf5ecb0ed05a1a827b091fcba8ac4dd774,2017-10-25T17:25:28.000Z,0.000124,0xd1e38bcb8eed91dd4fdb1540d1beada9c03c0e1e,buy,0x58ca3065c0f24c7c96aee8d6056b5b5decf9c2f8,0x2446864acc4dac19dd779f4bae58aff3b3e8e7a9004889a365b3ea91a0c3eb45
47,8213.9943607139,0.3304489931315202,0x0a72ebae0321b78bf42b5846c57f90d714a5cb31,2017-10-25T16:40:02.000Z,0.00004023,0xbfa4c83c2a5d386b81c12534b5f15f3e8e540f24,sell,0x58ca3065c0f24c7c96aee8d6056b5b5decf9c2f8,0x9151fea1149f6eda65ea3a4b75b733c74ac1dc282b288cd72ed668c301106796
48,121.6086801772,0.004892317203528756,0x0a72ebae0321b78bf42b5846c57f90d714a5cb31,2017-10-25T12:30:05.000Z,0.00004023,0x64dcca9d2091012bd3e1e5235d703f72f4d65746,sell,0x58ca3065c0f24c7c96aee8d6056b5b5decf9c2f8,0x05b1435f449f4bd2641ebccb6b219fd863cc16ffc47a9caca4a76180386416b2
49,9916.690580483,0.39666762321932,0xa14f6bbc42fe27cea9b0ceac068f25acfbe59523,2017-10-24T17:45:39.000Z,0.00004,0xb455f47fcd6cdce7bdfb72ad8eb4306db67a1fe6,sell,0x58ca3065c0f24c7c96aee8d6056b5b5decf9c2f8,0x3e5b64c86167b0134352fc68581e8160ab7190b7bdd46f5c7f3b7494986aefbf
50,4179,0.16716,0xa14f6bbc42fe27cea9b0ceac068f25acfbe59523,2017-10-24T17:14:12.000Z,0.00004,0xbfa4c83c2a5d386b81c12534b5f15f3e8e540f24,sell,0x58ca3065c0f24c7c96aee8d6056b5b5decf9c2f8,0xbba224df34de5609fbf9960a070ed0ac1734d26f242be7e2585c27ad47ef7503
51,9947.4323212825,0.39793708258058513,0xb455f47fcd6cdce7bdfb72ad8eb4306db67a1fe6,2017-10-24T17:05:37.000Z,0.000040004,0xbfa4c83c2a5d386b81c12534b5f15f3e8e540f24,sell,0x58ca3065c0f24c7c96aee8d6056b5b5decf9c2f8,0xe068b9699832b1e0140bfff55f8f97c76f1f6f4a04522eed337b397dc367ffda
52,145.5487987239,0.002912431462465239,0x88650fdbfbb5c7933eb52008c4387050b963747d,2017-10-23T17:00:30.000Z,0.00002001,0x8ebe636f1760d89092ba2558c7122765e75e64a2,sell,0x58ca3065c0f24c7c96aee8d6056b5b5decf9c2f8,0xe7d3ddabc510eb54a942826373c96ebabc2eb3d90c95bc5dc7d72eed7f37dfa8
53,4000,0.2,0xc9f3edb64b7cbd5691aa709a3fc4717cf67d63bf,2017-10-23T16:38:32.000Z,0.00005,0xbfa4c83c2a5d386b81c12534b5f15f3e8e540f24,sell,0x58ca3065c0f24c7c96aee8d6056b5b5decf9c2f8,0x540c91d0277f02b9827d6c120eb1df57b5deb29afd8289e50b56eb04e68549f7
54,7000,0.314993,0xd35cc4db1066b87373c5b83f2a033b4aabb8a1f2,2017-10-23T16:38:32.000Z,0.000044999,0xbfa4c83c2a5d386b81c12534b5f15f3e8e540f24,sell,0x58ca3065c0f24c7c96aee8d6056b5b5decf9c2f8,0xe947f0c27113784b522aa2a4c501a66aba750b09eb562d90d508002cb13f60b0
55,27.9134682484,0.001116566643404248,0x64dcca9d2091012bd3e1e5235d703f72f4d65746,2017-10-22T13:10:11.000Z,0.00004000099999999998,0x4ffab1f5f6f706556b35dc50502c349899818a84,sell,0x58ca3065c0f24c7c96aee8d6056b5b5decf9c2f8,0x3ce70b41bdcf74745b5699fb49210f690a902e67a4146fc37351cab351d01326
56,94.0384807097,0.003761633266868709,0x64dcca9d2091012bd3e1e5235d703f72f4d65746,2017-10-22T11:55:15.000Z,0.00004000099999999999,0xc6fc6835ce16679c89567c0b33604d1e9a71bf99,sell,0x58ca3065c0f24c7c96aee8d6056b5b5decf9c2f8,0xf0523746269ed27e35c89468d1d409cae0ada3e9cd9364a6fa7064bbeb9a4e2d
57,0.0001,0.0000000013035,0x64dcca9d2091012bd3e1e5235d703f72f4d65746,2017-10-22T10:48:39.000Z,0.000013035,0x64dcca9d2091012bd3e1e5235d703f72f4d65746,sell,0x58ca3065c0f24c7c96aee8d6056b5b5decf9c2f8,0xc3559f1450cfc42c1878b2a33f2fe8627e09e751d63b7791e66680d67aea0236
58,0.002,0.00000002607,0x64dcca9d2091012bd3e1e5235d703f72f4d65746,2017-10-22T10:48:39.000Z,0.000013035,0x64dcca9d2091012bd3e1e5235d703f72f4d65746,sell,0x58ca3065c0f24c7c96aee8d6056b5b5decf9c2f8,0x67382abdde4bdf1983cac997c831b6bd2a97fe23c3a141a3b50e4aaae9429aef
59,0.004,0.00000005214,0x64dcca9d2091012bd3e1e5235d703f72f4d65746,2017-10-22T10:47:57.000Z,0.000013035,0x64dcca9d2091012bd3e1e5235d703f72f4d65746,sell,0x58ca3065c0f24c7c96aee8d6056b5b5decf9c2f8,0x1b52174c771a2a745eb36e7884aa2b8ee49667d47edf7b69a4fb5193a1412cb9
60,0.002,0.00000004,0x64dcca9d2091012bd3e1e5235d703f72f4d65746,2017-10-22T10:47:57.000Z,0.00002,0x64dcca9d2091012bd3e1e5235d703f72f4d65746,sell,0x58ca3065c0f24c7c96aee8d6056b5b5decf9c2f8,0xae2ce266911c8f31d8860442902625ddfd25a10deecf1a55a74d7f65e305e6e0
61,0.03,0.00000039105,0x64dcca9d2091012bd3e1e5235d703f72f4d65746,2017-10-22T10:47:57.000Z,0.000013035,0x64dcca9d2091012bd3e1e5235d703f72f4d65746,sell,0x58ca3065c0f24c7c96aee8d6056b5b5decf9c2f8,0xb8b337b35122bfa4ea572892354599bed1215a41a40679994d5987ef9cac1037
62,0.025,0.000000325875,0x64dcca9d2091012bd3e1e5235d703f72f4d65746,2017-10-22T08:35:14.000Z,0.000013035,0x64dcca9d2091012bd3e1e5235d703f72f4d65746,sell,0x58ca3065c0f24c7c96aee8d6056b5b5decf9c2f8,0x9e96bbec30ca47d58a3c7c7eda7917dbceaecda4c538ca318e27e7062c57d583
63,0.01,0.00000013035,0x64dcca9d2091012bd3e1e5235d703f72f4d65746,2017-10-22T08:35:14.000Z,0.000013035,0x64dcca9d2091012bd3e1e5235d703f72f4d65746,sell,0x58ca3065c0f24c7c96aee8d6056b5b5decf9c2f8,0x7db399af5f7c5ea6d720a01c1fe148e38aeebfda863131cdc4d72a27d71dbdf1
64,0.01,0.0000002,0x64dcca9d2091012bd3e1e5235d703f72f4d65746,2017-10-22T08:33:27.000Z,0.00002,0x64dcca9d2091012bd3e1e5235d703f72f4d65746,sell,0x58ca3065c0f24c7c96aee8d6056b5b5decf9c2f8,0xd347715ad47754053120d2945d580b87003f9d1d549d50bc86e06c0e6200a2e1
65,0.02,0.0000004,0x64dcca9d2091012bd3e1e5235d703f72f4d65746,2017-10-22T08:33:27.000Z,0.00002,0x64dcca9d2091012bd3e1e5235d703f72f4d65746,sell,0x58ca3065c0f24c7c96aee8d6056b5b5decf9c2f8,0x28c8b48bbafe67b2ef90121e6b91ad5c1cfec21fa8c6c6d62012974bcd8ffd82
66,0.01,0.00000040201,0x64dcca9d2091012bd3e1e5235d703f72f4d65746,2017-10-22T08:33:27.000Z,0.000040201,0x64dcca9d2091012bd3e1e5235d703f72f4d65746,sell,0x58ca3065c0f24c7c96aee8d6056b5b5decf9c2f8,0xc4b30a8583f2fede0f67afd7666e22b868b4cb11b05e8611d5c64d8ddcb12c31
67,0.01,0.00000013035,0x64dcca9d2091012bd3e1e5235d703f72f4d65746,2017-10-22T08:29:56.000Z,0.000013035,0x64dcca9d2091012bd3e1e5235d703f72f4d65746,sell,0x58ca3065c0f24c7c96aee8d6056b5b5decf9c2f8,0x6a240c41e333bb7bd473e4e350c9d90a2226d05ff30edfcf87751b849518335b
68,0.001,0.000000013035,0x64dcca9d2091012bd3e1e5235d703f72f4d65746,2017-10-22T08:29:28.000Z,0.000013035,0x64dcca9d2091012bd3e1e5235d703f72f4d65746,sell,0x58ca3065c0f24c7c96aee8d6056b5b5decf9c2f8,0xe6142e7751b2541ec71e8e349012644c30c724564cc0821a1d972bfeb8f814bd
69,0.001,0.000000013035,0x64dcca9d2091012bd3e1e5235d703f72f4d65746,2017-10-22T08:29:28.000Z,0.000013035,0x64dcca9d2091012bd3e1e5235d703f72f4d65746,sell,0x58ca3065c0f24c7c96aee8d6056b5b5decf9c2f8,0x3bbaca267e86ebcc1651144130e21f5cc684abb15c2517788555c66285805e92
70,0.001,0.000000013035,0x64dcca9d2091012bd3e1e5235d703f72f4d65746,2017-10-22T08:29:28.000Z,0.000013035,0x64dcca9d2091012bd3e1e5235d703f72f4d65746,sell,0x58ca3065c0f24c7c96aee8d6056b5b5decf9c2f8,0x944da4a8c3cce1426408cdb023e6e4a98210be3a6cf27a69612d469c94ca74f4
71,0.001,0.000000013035,0x64dcca9d2091012bd3e1e5235d703f72f4d65746,2017-10-22T08:28:13.000Z,0.000013035,0x64dcca9d2091012bd3e1e5235d703f72f4d65746,sell,0x58ca3065c0f24c7c96aee8d6056b5b5decf9c2f8,0x84bf7705c329ed0b41be13cadb0ac7a931cf9a3202d3dd4b1c9f7be902ea8d41
72,0.001,0.00000002,0x64dcca9d2091012bd3e1e5235d703f72f4d65746,2017-10-22T08:28:13.000Z,0.00002,0x64dcca9d2091012bd3e1e5235d703f72f4d65746,sell,0x58ca3065c0f24c7c96aee8d6056b5b5decf9c2f8,0x8a6725ae9c5d69ee9d1311b9a9ceed05726ce3d56798a9f40e653b730e568ba5
73,3325.7375625575,0.33257375625575,0x8909e1a4f31fc2214ea6c4a917268b833b00c000,2017-10-22T06:51:26.000Z,0.0001,0xaa85b24ac88a0a235f1977821194adce1cda9144,sell,0x58ca3065c0f24c7c96aee8d6056b5b5decf9c2f8,0x94d46bd50edf4d6532520634da47fb8cb990c9e5668628a825038f49ded38b81
74,3.4722222222,0.0005,0x42c24a83bded723edfdf5883bc7efb30bc1a1bf3,2017-10-22T00:14:17.000Z,0.0001440000000009216,0xd35cc4db1066b87373c5b83f2a033b4aabb8a1f2,buy,0x58ca3065c0f24c7c96aee8d6056b5b5decf9c2f8,0x52aa2a1c9fb336417a74c809540af898ca506e1c57e98deecf78ccf775c82e4c
75,3.4722222222,0.0005,0x379374d13077e8867ef31803c37baf9785a17c00,2017-10-22T00:08:57.000Z,0.0001440000000009216,0xd35cc4db1066b87373c5b83f2a033b4aabb8a1f2,buy,0x58ca3065c0f24c7c96aee8d6056b5b5decf9c2f8,0xa767d70bda3a536081fec176a9d46fb79cd69c36404636cc0caecc4ed7f560c5
76,3.4722222222,0.0005,0x16e5d97bbc92417e051e3b2cabfbf8ceea2acb9c,2017-10-22T00:06:30.000Z,0.0001440000000009216,0xd35cc4db1066b87373c5b83f2a033b4aabb8a1f2,buy,0x58ca3065c0f24c7c96aee8d6056b5b5decf9c2f8,0xd5bade72ff3ba317ad79bb5b66adf3c66b6eaf0eac6cc554023e81dc9ecd0683
77,3.4722222222,0.0005,0xcd912af5286dc0b0a23edb30209734ecb60838b3,2017-10-22T00:05:58.000Z,0.0001440000000009216,0xd35cc4db1066b87373c5b83f2a033b4aabb8a1f2,buy,0x58ca3065c0f24c7c96aee8d6056b5b5decf9c2f8,0xf9da78281a6408814d537c43a418bd4fa34a9ca335770c32da155822bbb0eb69
78,3.4722222222,0.0005,0xf9695cd65d6dfdf257fab76a3eb0cb8f001971cc,2017-10-22T00:04:14.000Z,0.0001440000000009216,0xd35cc4db1066b87373c5b83f2a033b4aabb8a1f2,buy,0x58ca3065c0f24c7c96aee8d6056b5b5decf9c2f8,0x2af468119495eba9c3e798a75b53b6df15915b7cdf5bafe6cb6fa8e245837d3e
79,1658.9757238271,0.215666844097523,0xd35cc4db1066b87373c5b83f2a033b4aabb8a1f2,2017-10-21T10:33:05.000Z,0.00013,0xaa85b24ac88a0a235f1977821194adce1cda9144,sell,0x58ca3065c0f24c7c96aee8d6056b5b5decf9c2f8,0x17ec833c54d6527f45ac6120abde45542ae9d123e3a028a9d051985bcf2c2534
80,341.0242761729,0.044333155902477,0xd35cc4db1066b87373c5b83f2a033b4aabb8a1f2,2017-10-21T09:45:44.000Z,0.00013,0x64dcca9d2091012bd3e1e5235d703f72f4d65746,sell,0x58ca3065c0f24c7c96aee8d6056b5b5decf9c2f8,0x87e1f1d46986e001f15a5ff4e01ed917b345e1fc8973e24356d81cd0c9b83731
81,1400,0.4186,0xc9f3edb64b7cbd5691aa709a3fc4717cf67d63bf,2017-10-21T00:16:05.000Z,0.000299,0x0a72ebae0321b78bf42b5846c57f90d714a5cb31,buy,0x58ca3065c0f24c7c96aee8d6056b5b5decf9c2f8,0x09c183c3d8b317773daa253e82694e5a1a5ecac989f46370ade6fd403aa90e1e
82,1000,0.010001,0xf36990a2cb4d609e0a7d4f3bf884c0342d81fd3d,2017-10-20T22:43:43.000Z,0.000010001,0x64dcca9d2091012bd3e1e5235d703f72f4d65746,sell,0x58ca3065c0f24c7c96aee8d6056b5b5decf9c2f8,0x61329dfbbc0392b6e90a02955f3f48bab46ca8318af514ab80779bdaf750edb8
83,766.7859635132,0.03833929817566,0x57ffb8f0e6e37e90c3d3f36bcfb2247f73ed1296,2017-10-20T22:15:26.000Z,0.00005,0x64dcca9d2091012bd3e1e5235d703f72f4d65746,sell,0x58ca3065c0f24c7c96aee8d6056b5b5decf9c2f8,0x3f5e542f767d111949694988324812788a76cf11542463db3bd631d400aa0776
84,100,0.0100001,0xf36990a2cb4d609e0a7d4f3bf884c0342d81fd3d,2017-10-20T21:54:14.000Z,0.000100001,0x64dcca9d2091012bd3e1e5235d703f72f4d65746,sell,0x58ca3065c0f24c7c96aee8d6056b5b5decf9c2f8,0x1a0436c14ed0e8c0bc233742700078994bf52b11b0a18e055ca122b20c6777ec
85,70,0.0098,0x971f30c325d9924ad472adf0bf98702502baad93,2017-10-20T21:54:14.000Z,0.00014,0x64dcca9d2091012bd3e1e5235d703f72f4d65746,sell,0x58ca3065c0f24c7c96aee8d6056b5b5decf9c2f8,0x38c6651f3f2b2ccc3e62d160c17069cb138745fc7c91ea4eb042c5857d49f18e
86,104,0.016640104,0xd1e38bcb8eed91dd4fdb1540d1beada9c03c0e1e,2017-10-20T21:52:07.000Z,0.000160001,0x64dcca9d2091012bd3e1e5235d703f72f4d65746,sell,0x58ca3065c0f24c7c96aee8d6056b5b5decf9c2f8,0x712a99e6602d5ed697de9589fd24a3f9d8ceed4ed3a46cdc58595cdfdefffff0
87,6000,0.33336,0x88650fdbfbb5c7933eb52008c4387050b963747d,2017-10-20T21:51:41.000Z,0.00005556,0x64dcca9d2091012bd3e1e5235d703f72f4d65746,sell,0x58ca3065c0f24c7c96aee8d6056b5b5decf9c2f8,0x7cae1a3801e9c013cd2359cbc1fb1609bbcdf187d208f8362505a0d1cc39f0f8
88,2500,0.25,0xaa85b24ac88a0a235f1977821194adce1cda9144,2017-10-20T21:50:46.000Z,0.0001,0x64dcca9d2091012bd3e1e5235d703f72f4d65746,sell,0x58ca3065c0f24c7c96aee8d6056b5b5decf9c2f8,0x1740ce7988500b1f5898112058e08269ce63415e78d8e26c75e810f720f26a01
89,500,0.089,0x57ffb8f0e6e37e90c3d3f36bcfb2247f73ed1296,2017-10-20T21:49:03.000Z,0.000178,0x64dcca9d2091012bd3e1e5235d703f72f4d65746,sell,0x58ca3065c0f24c7c96aee8d6056b5b5decf9c2f8,0xd01498e70ecf72525b15dd053648ae3fe41cd0998d15ac9dfca084b806f5a232
90,2812.839,0.374107587,0x57ffb8f0e6e37e90c3d3f36bcfb2247f73ed1296,2017-10-20T21:48:24.000Z,0.000133,0x64dcca9d2091012bd3e1e5235d703f72f4d65746,sell,0x58ca3065c0f24c7c96aee8d6056b5b5decf9c2f8,0xda1a21d5bf6d09856606e6f7883f6a5049706dfc85964dd1a2e56fcc450c1593
91,2500,0.35,0xaa85b24ac88a0a235f1977821194adce1cda9144,2017-10-20T21:47:50.000Z,0.00014,0x64dcca9d2091012bd3e1e5235d703f72f4d65746,sell,0x58ca3065c0f24c7c96aee8d6056b5b5decf9c2f8,0x418f69e7c4c07e0ece57e1bba00f0a38f74416b48703d7c3616b1e30940cd31b
92,725,0.126875,0xaf859c7dc477ae70ff8c1ee8a25d65d800a90d90,2017-10-20T21:47:50.000Z,0.000175,0x64dcca9d2091012bd3e1e5235d703f72f4d65746,sell,0x58ca3065c0f24c7c96aee8d6056b5b5decf9c2f8,0xa9525079e0a5f5d5c215c651c9bfcedaa13921ea58a436eac6b5055fe6939855
93,2500,0.3525025,0x88650fdbfbb5c7933eb52008c4387050b963747d,2017-10-20T21:47:50.000Z,0.000141001,0x64dcca9d2091012bd3e1e5235d703f72f4d65746,sell,0x58ca3065c0f24c7c96aee8d6056b5b5decf9c2f8,0x605c47c0103463b54995aa33efcd58da198057d76919e2037d8cc41a3ccbc949
94,4857.9845663344,0.680117839286816,0xe41ce247756d757e3060ec361c201be019bd54f6,2017-10-20T21:47:50.000Z,0.00014,0x64dcca9d2091012bd3e1e5235d703f72f4d65746,sell,0x58ca3065c0f24c7c96aee8d6056b5b5decf9c2f8,0x3afe927b2cfbf20a527c8cf0c1624e930ca1fc2c6adb53a9dc92151e2d7e74eb
95,1000,0.2989,0xbfa4c83c2a5d386b81c12534b5f15f3e8e540f24,2017-10-20T21:45:14.000Z,0.0002989,0x0a72ebae0321b78bf42b5846c57f90d714a5cb31,buy,0x58ca3065c0f24c7c96aee8d6056b5b5decf9c2f8,0xae24690fa7e45d716c03fe3f10bb1aa40233a4a4d0e82fa684a776fa53de6c12
96,54851.754398097,3.048495954183037,0x64dcca9d2091012bd3e1e5235d703f72f4d65746,2017-10-20T21:44:36.000Z,0.000055577,0xbfa4c83c2a5d386b81c12534b5f15f3e8e540f24,sell,0x58ca3065c0f24c7c96aee8d6056b5b5decf9c2f8,0xeb44ac44f76b7cdf18481ba4fa088a8076baceefa7d306cb74f3e8ab6e16fe18
97,31.579,0.0088073831,0xbfa4c83c2a5d386b81c12534b5f15f3e8e540f24,2017-10-20T21:42:03.000Z,0.0002789,0xd1e38bcb8eed91dd4fdb1540d1beada9c03c0e1e,buy,0x58ca3065c0f24c7c96aee8d6056b5b5decf9c2f8,0xa6a1ac44b68e95deca9768a2803f46da74fa0d422b03a7550717e4bbf009ea5b
98,0.2276956868,0.000012654643185283,0x64dcca9d2091012bd3e1e5235d703f72f4d65746,2017-10-20T21:38:31.000Z,0.00005557699999999736,0xbfa4c83c2a5d386b81c12534b5f15f3e8e540f24,sell,0x58ca3065c0f24c7c96aee8d6056b5b5decf9c2f8,0xdd14b405c47ce023fb02b2e21e31a3114d6a4af7e0a4b88a9a70e48ad0f99c37
99,28.4209449487,0.007926601546202772,0x62739ec09cdd8fae2f7b976f8c11dbe338df8750,2017-10-20T21:36:13.000Z,0.0002789000000003639,0xd1e38bcb8eed91dd4fdb1540d1beada9c03c0e1e,buy,0x58ca3065c0f24c7c96aee8d6056b5b5decf9c2f8,0xbcf967d81c0c72098c17e1903e4d8a5445fe14970750376c7e18340f4d00ee1c
100,2284.0154336656,0.319762160713184,0xe41ce247756d757e3060ec361c201be019bd54f6,2017-10-20T21:33:25.000Z,0.00014,0xbfa4c83c2a5d386b81c12534b5f15f3e8e540f24,sell,0x58ca3065c0f24c7c96aee8d6056b5b5decf9c2f8,0x6959cbb9e24891bde0df474d17260f9967c8f36ff00690673a4692f3494413e7
101,27.877,0.005101491,0x57ffb8f0e6e37e90c3d3f36bcfb2247f73ed1296,2017-10-20T15:09:47.000Z,0.000183,0x88fc264eb806b323b8f93146ac5e5b0c35c4d153,sell,0x58ca3065c0f24c7c96aee8d6056b5b5decf9c2f8,0x3005dca10b5a829ab3d5cba0b0f42c2d3779c6edf939378273a9e04fc2eae698
102,69,0.017250069,0xd1e38bcb8eed91dd4fdb1540d1beada9c03c0e1e,2017-10-20T11:22:02.000Z,0.000250001,0x4880c72ef18d60ba3adb68f990e908caff9784ee,sell,0x58ca3065c0f24c7c96aee8d6056b5b5decf9c2f8,0x2966205e81c8eec9d5bd6b49b462d600846f503aebaa1d33e024bfe785f2b406
103,5811.9136637943,1.452978415948575,0x00f8bdeb6eb59e1f532a3b9e7b6c5a9a25841081,2017-10-20T08:29:32.000Z,0.00025,0xbfa4c83c2a5d386b81c12534b5f15f3e8e540f24,sell,0x58ca3065c0f24c7c96aee8d6056b5b5decf9c2f8,0x1df4f0601e218fdb1023c4d982effccc7d6e92b59fb834084732d71aa6f9215e
104,0.0093747863,0.000002343696575,0x00f8bdeb6eb59e1f532a3b9e7b6c5a9a25841081,2017-10-20T05:55:34.000Z,0.00025,0x9bade2672149119afd0b0f35e2fef89946ddde0f,sell,0x58ca3065c0f24c7c96aee8d6056b5b5decf9c2f8,0x96fcf53b22f223c1d842ae1d7975f31fa30458372f195f1c441927923873ec60
105,94.0384807097,0.023509620177425,0x00f8bdeb6eb59e1f532a3b9e7b6c5a9a25841081,2017-10-20T05:53:56.000Z,0.00025,0x9bade2672149119afd0b0f35e2fef89946ddde0f,sell,0x58ca3065c0f24c7c96aee8d6056b5b5decf9c2f8,0x5804ed135c31dc710d6645e38324115a84503ef2bea76298836e92d2eb208307
106,94.0384807097,0.023509620177425,0x00f8bdeb6eb59e1f532a3b9e7b6c5a9a25841081,2017-10-20T04:18:11.000Z,0.00025,0x5f19b49693f2c537226c1c75ae0f2881795e43cd,sell,0x58ca3065c0f24c7c96aee8d6056b5b5decf9c2f8,0x9ade5c5a5aa0b11855febd1cb5291abe3928dc381cb0569c209a45f186f01b5b
107,472.123,0.086398509,0x57ffb8f0e6e37e90c3d3f36bcfb2247f73ed1296,2017-10-20T03:39:42.000Z,0.000183,0x88fc264eb806b323b8f93146ac5e5b0c35c4d153,sell,0x58ca3065c0f24c7c96aee8d6056b5b5decf9c2f8,0x1c6888b330e451a763d5a8b80a0eb57cb86a39d01856b6e6acf1c33bac738def
108,0.0046908715,0.000000797448201908,0xd6bc5140a70906cd32c0131c255d36fadeac65c0,2017-10-20T00:47:39.000Z,0.00017000000999984756,0x0c9fb84d41652e9eabb5ca8544b6dc8f371b3884,sell,0x58ca3065c0f24c7c96aee8d6056b5b5decf9c2f8,0x855e6dd3dd7ad55b18d089aa31b48a6ca4a195e65231cff47415678fe12ad447
109,47.0541321902,0.007999202942875322,0xd6bc5140a70906cd32c0131c255d36fadeac65c0,2017-10-20T00:40:39.000Z,0.00017000000999999997,0x0c9fb84d41652e9eabb5ca8544b6dc8f371b3884,sell,0x58ca3065c0f24c7c96aee8d6056b5b5decf9c2f8,0x2c341b6546e92be06e8c3f5f46534b540db85be94144e6a97473adfa5655a651
110,243.037,0.086278621074,0xd6bc5140a70906cd32c0131c255d36fadeac65c0,2017-10-19T23:32:58.000Z,0.000355002,0x789c9f02de174d9215277f23a64bf31ddc398ea7,buy,0x58ca3065c0f24c7c96aee8d6056b5b5decf9c2f8,0x26bc1e4ef460c28c994b29bf2a2a2c073d7e648a48f128ee744e4c15dafc8354
111,1465.696,0.56183059072,0x8909e1a4f31fc2214ea6c4a917268b833b00c000,2017-10-19T19:09:42.000Z,0.00038332,0x88650fdbfbb5c7933eb52008c4387050b963747d,buy,0x58ca3065c0f24c7c96aee8d6056b5b5decf9c2f8,0xf8a66b8a53cb0e62c3eeca957c3b25ac68c7a707937989257f8a9d9b6e149573
112,0.1,0.0000479895,0x6cdea8e07bf82d7a07dbf36642d6e5be8623845c,2017-10-19T14:12:29.000Z,0.000479895,0x557ce84e01d0735837cc76c3e10cd394e1e1e62e,buy,0x58ca3065c0f24c7c96aee8d6056b5b5decf9c2f8,0xf06c7367c431452994f7c4d551f30982a7b7190ad626a5b40650d7564e70722b
113,0.0034194127,0.00000165636009678,0xbfa4c83c2a5d386b81c12534b5f15f3e8e540f24,2017-10-19T06:53:16.000Z,0.00048439900126123997,0x88650fdbfbb5c7933eb52008c4387050b963747d,buy,0x58ca3065c0f24c7c96aee8d6056b5b5decf9c2f8,0xa9e7867e094f4f5c7d346d3849b9aab687a2177a5fe2b9d8990c875570b4dc6f
114,34.3001288829,0.016614948130794536,0xbfa4c83c2a5d386b81c12534b5f15f3e8e540f24,2017-10-19T06:52:00.000Z,0.0004843990000013603,0x88650fdbfbb5c7933eb52008c4387050b963747d,buy,0x58ca3065c0f24c7c96aee8d6056b5b5decf9c2f8,0x9b8343ad6ef69ccc06221f6febe2aaa03a308182212aa3154fbc4466764154c0
115,34.754,0.01666645447,0x5d5065b42bdee0274e394ba9042c21e1818c69cf,2017-10-19T06:51:06.000Z,0.000479555,0xbfa4c83c2a5d386b81c12534b5f15f3e8e540f24,sell,0x58ca3065c0f24c7c96aee8d6056b5b5decf9c2f8,0x6015a7b03f40e07295093837e7f4c4119a070f369158c0e23e8442fa73f27b78
116,4500,0.63,0xe41ce247756d757e3060ec361c201be019bd54f6,2017-10-19T05:13:59.000Z,0.00014,0xd35cc4db1066b87373c5b83f2a033b4aabb8a1f2,buy,0x58ca3065c0f24c7c96aee8d6056b5b5decf9c2f8,0x836525196647b02974ef76cda3554a62e9ad9143cc4efcde017cfb3faa2ac808
117,5,0.02444,0x62739ec09cdd8fae2f7b976f8c11dbe338df8750,2017-10-18T21:22:25.000Z,0.004888,0x57ffb8f0e6e37e90c3d3f36bcfb2247f73ed1296,buy,0x58ca3065c0f24c7c96aee8d6056b5b5decf9c2f8,0xc05b9ca580fb91cfe943b372bf8a82c024798d29ee4cb22c6140a781a728ae6b
118,20,0.0396,0x62739ec09cdd8fae2f7b976f8c11dbe338df8750,2017-10-18T21:22:25.000Z,0.00198,0xeceaa86faf63aa1a7314988de6c42a0dd12c8e70,buy,0x58ca3065c0f24c7c96aee8d6056b5b5decf9c2f8,0x3c32167b6088ca5caed70263feb1b87ffdbfb84191a5e1af9682a8dd2c13d657
119,25,0.0495,0x62739ec09cdd8fae2f7b976f8c11dbe338df8750,2017-10-18T21:21:00.000Z,0.00198,0xeceaa86faf63aa1a7314988de6c42a0dd12c8e70,buy,0x58ca3065c0f24c7c96aee8d6056b5b5decf9c2f8,0x9f0a3f652301376b019d5094f64302aa137c5feaac995f2f9c00acdbb3785d40
120,100,0.049972,0x62739ec09cdd8fae2f7b976f8c11dbe338df8750,2017-10-18T21:20:20.000Z,0.00049972,0x0a72ebae0321b78bf42b5846c57f90d714a5cb31,buy,0x58ca3065c0f24c7c96aee8d6056b5b5decf9c2f8,0xff5dc34d733413ecfcde320059c9236acabde4be78fc6a10900342f1bb9c60d2
121,66,0.0495,0x62739ec09cdd8fae2f7b976f8c11dbe338df8750,2017-10-18T21:10:26.000Z,0.00075,0xfa4e7035b34294407e5df1603215983d65e5a773,buy,0x58ca3065c0f24c7c96aee8d6056b5b5decf9c2f8,0x8c7ac6c97ad899e86662fe2c04cdb23c3f9c9609a61de28872ad7dc442177711
122,200,0.4,0x62739ec09cdd8fae2f7b976f8c11dbe338df8750,2017-10-18T21:10:26.000Z,0.002,0x57ffb8f0e6e37e90c3d3f36bcfb2247f73ed1296,buy,0x58ca3065c0f24c7c96aee8d6056b5b5decf9c2f8,0x01c66480dc11c44997dd8fccb9227b68754e2dc8043eaee4731fc7323d9d5bfe
123,10.2816508822,0.010281650882268966,0x62739ec09cdd8fae2f7b976f8c11dbe338df8750,2017-10-18T21:10:26.000Z,0.0010000000000067078,0xa45efeea7341f815160473a6ec611ec0725ee373,buy,0x58ca3065c0f24c7c96aee8d6056b5b5decf9c2f8,0xd22c8b34a5cf84839ea15ba37e4cce0469662dd6b343aa1019543fe6f13b697d
124,3000,0.33606,0x57ffb8f0e6e37e90c3d3f36bcfb2247f73ed1296,2017-10-18T21:09:40.000Z,0.00011202,0x62739ec09cdd8fae2f7b976f8c11dbe338df8750,sell,0x58ca3065c0f24c7c96aee8d6056b5b5decf9c2f8,0x413c447cb5d32eb007f3db9f1266817a4d630f20afcb6b987ab942b3f87293ed
125,177,0.137666529,0x62739ec09cdd8fae2f7b976f8c11dbe338df8750,2017-10-18T21:07:33.000Z,0.000777777,0x39cac9765fe2e4be47eb2e0e28002711362a60d4,buy,0x58ca3065c0f24c7c96aee8d6056b5b5decf9c2f8,0x773b5470d18962987e4014cea5a4cd17fefa32075c103f955bad8ac6e484cb02
126,1032,0.13790616,0x0a72ebae0321b78bf42b5846c57f90d714a5cb31,2017-10-18T21:04:21.000Z,0.00013363,0x62739ec09cdd8fae2f7b976f8c11dbe338df8750,sell,0x58ca3065c0f24c7c96aee8d6056b5b5decf9c2f8,0xf19bea125833d9fd75f2dd326d2e30b21e2a3ed65d4cf72855be6f4745118302
127,2000,0.266066,0xd35cc4db1066b87373c5b83f2a033b4aabb8a1f2,2017-10-18T21:04:21.000Z,0.000133033,0x62739ec09cdd8fae2f7b976f8c11dbe338df8750,sell,0x58ca3065c0f24c7c96aee8d6056b5b5decf9c2f8,0x039f7f1782eb752e68faaedfac6e1cee3ddd5a057b27255c1745b8312fc1e4ce
128,1,0.000499799,0x3ac636ac5c3a2576156ac5f10066ca68abe0ad54,2017-10-18T21:00:30.000Z,0.000499799,0x557ce84e01d0735837cc76c3e10cd394e1e1e62e,buy,0x58ca3065c0f24c7c96aee8d6056b5b5decf9c2f8,0xfd527554d551ebc672d453bb1b49610ce64ca0f801c35124648c15b15d28296b
129,187.1608227827,0.0248923894300991,0x57ffb8f0e6e37e90c3d3f36bcfb2247f73ed1296,2017-10-18T19:29:26.000Z,0.000133,0x64dcca9d2091012bd3e1e5235d703f72f4d65746,sell,0x58ca3065c0f24c7c96aee8d6056b5b5decf9c2f8,0xcc4b71de27a3755a24bb929ca4231f68bed3845416f11b0837ecd8116c94c8fc
130,300,0.0390003,0x557ce84e01d0735837cc76c3e10cd394e1e1e62e,2017-10-18T19:28:15.000Z,0.000130001,0x64dcca9d2091012bd3e1e5235d703f72f4d65746,sell,0x58ca3065c0f24c7c96aee8d6056b5b5decf9c2f8,0xc6c636c78c5875e4e440a827432d4ffdca0a6655f1558c04f700fba68f273379
131,3000,0.399003,0x88650fdbfbb5c7933eb52008c4387050b963747d,2017-10-18T19:26:11.000Z,0.000133001,0x64dcca9d2091012bd3e1e5235d703f72f4d65746,sell,0x58ca3065c0f24c7c96aee8d6056b5b5decf9c2f8,0x409b58fa5131c4640447377ecf55a865afaed54950d238af83b6ba8f39ec18d9
132,1,0.000499999,0x0249924245a19aa2d7f5ddb0739a7132b7d094ab,2017-10-18T19:25:46.000Z,0.000499999,0x57ffb8f0e6e37e90c3d3f36bcfb2247f73ed1296,buy,0x58ca3065c0f24c7c96aee8d6056b5b5decf9c2f8,0x60b81038afc8039b71fc1092c36fded194d6e4a1ff7747188a92c8b4f168536b
133,1300,0.156,0x5d26ca4ee3be471a4c5eeccb3bac220603387c77,2017-10-18T19:15:56.000Z,0.00012,0x64dcca9d2091012bd3e1e5235d703f72f4d65746,sell,0x58ca3065c0f24c7c96aee8d6056b5b5decf9c2f8,0x0edd67def06c99896d05bff6ba64651957dfe3b320626ed8b72141a5857f8ff1
134,3000,0.363666,0xd35cc4db1066b87373c5b83f2a033b4aabb8a1f2,2017-10-18T19:15:01.000Z,0.000121222,0x64dcca9d2091012bd3e1e5235d703f72f4d65746,sell,0x58ca3065c0f24c7c96aee8d6056b5b5decf9c2f8,0xb5d5f60e60cf966bb757079f18b2b1656d02f1aa506015103b42096acabdf290
135,1984,0.26274112,0x0a72ebae0321b78bf42b5846c57f90d714a5cb31,2017-10-18T18:51:43.000Z,0.00013243,0x64dcca9d2091012bd3e1e5235d703f72f4d65746,sell,0x58ca3065c0f24c7c96aee8d6056b5b5decf9c2f8,0xece41f6b887c6f4d001926e7ca9bf8a5d609a5026e97585b34e567b971b053fa
136,3000,0.39,0x57ffb8f0e6e37e90c3d3f36bcfb2247f73ed1296,2017-10-18T18:51:43.000Z,0.00013,0x64dcca9d2091012bd3e1e5235d703f72f4d65746,sell,0x58ca3065c0f24c7c96aee8d6056b5b5decf9c2f8,0xd625711e2a806694f5a5b46712fd8f50f4e65d07e1e0959fc8b39430f4fe8230
137,28.33,0.277634,0x62739ec09cdd8fae2f7b976f8c11dbe338df8750,2017-10-18T17:51:54.000Z,0.0098,0xa6152ec2fae5658ebf1be400c13a706598190693,buy,0x58ca3065c0f24c7c96aee8d6056b5b5decf9c2f8,0xb2e1e8b9058802ac788d010bd58e4e23b17d8d7b8bb2b11d932757cd09efb9d3
138,2650,0.3975,0x65de4e98f9c630277b0edce6c3a8e7f6b7661190,2017-10-18T17:14:35.000Z,0.00015,0x64dcca9d2091012bd3e1e5235d703f72f4d65746,sell,0x58ca3065c0f24c7c96aee8d6056b5b5decf9c2f8,0x65dc580a69d354f21819ba3119e312726c972f439eb977fd77e0e3da45938f8f
139,200,0.4,0x62739ec09cdd8fae2f7b976f8c11dbe338df8750,2017-10-18T17:12:54.000Z,0.002,0x57ffb8f0e6e37e90c3d3f36bcfb2247f73ed1296,buy,0x58ca3065c0f24c7c96aee8d6056b5b5decf9c2f8,0xfa75e191de8366bedcbf048ab6ba3519a480c78c96dd80b05cd4ea33a67fcbaf
140,75,0.010500075,0xf36990a2cb4d609e0a7d4f3bf884c0342d81fd3d,2017-10-18T17:09:54.000Z,0.000140001,0x64dcca9d2091012bd3e1e5235d703f72f4d65746,sell,0x58ca3065c0f24c7c96aee8d6056b5b5decf9c2f8,0x7086f9e74e1483a2c064de077724075292bc51fcfb2b8601d1134dc7bc2509ed
141,2222,0.312191,0x0a72ebae0321b78bf42b5846c57f90d714a5cb31,2017-10-18T16:50:52.000Z,0.0001405,0x64dcca9d2091012bd3e1e5235d703f72f4d65746,sell,0x58ca3065c0f24c7c96aee8d6056b5b5decf9c2f8,0xd9bf9be40cd1579b01698a1446d62e35b36d0222fa0cfe79f9b40e150adfbbbd
142,2222,0.312191,0x0a72ebae0321b78bf42b5846c57f90d714a5cb31,2017-10-18T16:49:54.000Z,0.0001405,0x64dcca9d2091012bd3e1e5235d703f72f4d65746,sell,0x58ca3065c0f24c7c96aee8d6056b5b5decf9c2f8,0xdfcd092a49904ba3d3626d1596f57297da24de582416ba1ec35f3079c0f2e672
143,106,0.265,0x62739ec09cdd8fae2f7b976f8c11dbe338df8750,2017-10-18T16:13:43.000Z,0.0025,0xbb3d24900039279dda91d1713a2f30277ade8f97,buy,0x58ca3065c0f24c7c96aee8d6056b5b5decf9c2f8,0xfb2b54a69f182bf512dcf70e93e5072479e0deb08f6fe4d42488572018c67af5
144,200,0.4,0x62739ec09cdd8fae2f7b976f8c11dbe338df8750,2017-10-18T16:10:32.000Z,0.002,0xeceaa86faf63aa1a7314988de6c42a0dd12c8e70,buy,0x58ca3065c0f24c7c96aee8d6056b5b5decf9c2f8,0x8151d60ac87bed2d96200e6afcc7c75f4c574c2952bd30c6fcc9885c5ece33af
145,18,0.36,0x62739ec09cdd8fae2f7b976f8c11dbe338df8750,2017-10-18T16:10:32.000Z,0.02,0x88650fdbfbb5c7933eb52008c4387050b963747d,buy,0x58ca3065c0f24c7c96aee8d6056b5b5decf9c2f8,0xbc50938979f06e20fe09d9f82b693fc99bef09fc4e40f430f6ba1a78853ca81c
146,20000,2.24044,0x64dcca9d2091012bd3e1e5235d703f72f4d65746,2017-10-18T16:10:01.000Z,0.000112022,0x62739ec09cdd8fae2f7b976f8c11dbe338df8750,sell,0x58ca3065c0f24c7c96aee8d6056b5b5decf9c2f8,0xcdfc3507e8094c3da0b5b5ae12e467b136feffe30bb5ef5d2c1ef71316629599
147,286.6,0.472887134,0x62739ec09cdd8fae2f7b976f8c11dbe338df8750,2017-10-18T16:05:31.000Z,0.00164999,0xa3d7dedda551204ccb03bd79aa87824cc453b8de,buy,0x58ca3065c0f24c7c96aee8d6056b5b5decf9c2f8,0x4b56dcbc4acee30cb269eaa9c2659429422d0bfdb965e9954197c9dd918f0096
148,3000,0.465,0x00f8bdeb6eb59e1f532a3b9e7b6c5a9a25841081,2017-10-18T16:03:02.000Z,0.000155,0x62739ec09cdd8fae2f7b976f8c11dbe338df8750,sell,0x58ca3065c0f24c7c96aee8d6056b5b5decf9c2f8,0xe5aca4c787db394fffde424d80ba6fd8a79cb5d9810fd8ce372b8bcf4be8a2d0
149,2894,0.497768,0x0a72ebae0321b78bf42b5846c57f90d714a5cb31,2017-10-18T16:02:14.000Z,0.000172,0x62739ec09cdd8fae2f7b976f8c11dbe338df8750,sell,0x58ca3065c0f24c7c96aee8d6056b5b5decf9c2f8,0x357a017284414c9543c50bedf9bac8135479d83ee62ad11eaa59e8ccd27b3eb8
150,3000,0.51,0x00f8bdeb6eb59e1f532a3b9e7b6c5a9a25841081,2017-10-18T16:02:14.000Z,0.00017,0x62739ec09cdd8fae2f7b976f8c11dbe338df8750,sell,0x58ca3065c0f24c7c96aee8d6056b5b5decf9c2f8,0x333be64235a5d4b30404c9d68d4d37c63ac065c5576a7301c783f3b114355044
151,0.7716049382,0.0005,0x16e5d97bbc92417e051e3b2cabfbf8ceea2acb9c,2017-10-18T15:46:52.000Z,0.0006480000000601344,0x0ae2d2b3a41f08ea2674178a6ea95a916aef0e6b,buy,0x58ca3065c0f24c7c96aee8d6056b5b5decf9c2f8,0xc5fd54e06b3e882b1adc9b0721465f2d01ebd63b509e5085eb509716db96b8ec
152,0.7716049382,0.0005,0xf9695cd65d6dfdf257fab76a3eb0cb8f001971cc,2017-10-18T15:17:02.000Z,0.0006480000000601344,0x0ae2d2b3a41f08ea2674178a6ea95a916aef0e6b,buy,0x58ca3065c0f24c7c96aee8d6056b5b5decf9c2f8,0x9d0ff4b2bc9b8447b4e7684beb6cd3f2b3bc9a7d7569e87e145185aa89b0d4d7
153,0.7716049382,0.0005,0x379374d13077e8867ef31803c37baf9785a17c00,2017-10-18T15:14:48.000Z,0.0006480000000601344,0x0ae2d2b3a41f08ea2674178a6ea95a916aef0e6b,buy,0x58ca3065c0f24c7c96aee8d6056b5b5decf9c2f8,0x2350bc9343d6c1062b7e8894c0bf6b57dd65d9b37ba22542b38b4953b06a6dc2
154,0.7716049382,0.0005,0x42c24a83bded723edfdf5883bc7efb30bc1a1bf3,2017-10-18T15:12:58.000Z,0.0006480000000601344,0x0ae2d2b3a41f08ea2674178a6ea95a916aef0e6b,buy,0x58ca3065c0f24c7c96aee8d6056b5b5decf9c2f8,0xbf8bb7622ea4e3e24c6773e6efebd563c83886c5dc4c09fe97db390d8c5c70bc
155,0.7716049382,0.0005,0xcd912af5286dc0b0a23edb30209734ecb60838b3,2017-10-18T15:11:35.000Z,0.0006480000000601344,0x0ae2d2b3a41f08ea2674178a6ea95a916aef0e6b,buy,0x58ca3065c0f24c7c96aee8d6056b5b5decf9c2f8,0x4e8ec39a161523b4d2b1f35be2a79e866b8ff8df27e54220a788cef9742ca1f9
156,182.4385511,0.11858323382955233,0x6a7f74bb33f1e74c9bbb5eca58eb26d192e018b9,2017-10-18T14:32:24.000Z,0.0006499900000003471,0xba28c1b409664c0893a090d637a027e4162a41bc,buy,0x58ca3065c0f24c7c96aee8d6056b5b5decf9c2f8,0xb1dd95771bdcfb0994d8103dc7b7bc7802354aadb7bf3414a1bcfe061bf542ac
157,0.2133332836,0.000034133325376,0x00f8bdeb6eb59e1f532a3b9e7b6c5a9a25841081,2017-10-18T14:23:51.000Z,0.00016,0x64dcca9d2091012bd3e1e5235d703f72f4d65746,sell,0x58ca3065c0f24c7c96aee8d6056b5b5decf9c2f8,0xdda10ec1642b379b362b8bdc2bbe1af672dd7a6062a794a5e6ae2ebba1b59f24
158,2139.9461668826,0.342391386701216,0x00f8bdeb6eb59e1f532a3b9e7b6c5a9a25841081,2017-10-18T14:22:09.000Z,0.00016,0x64dcca9d2091012bd3e1e5235d703f72f4d65746,sell,0x58ca3065c0f24c7c96aee8d6056b5b5decf9c2f8,0x26fc646530c0f32527636779aec80f0d3f8dc1037b0f9bb22e8d4a2a9134251c
159,1000,0.157,0x0ae2d2b3a41f08ea2674178a6ea95a916aef0e6b,2017-10-18T14:21:17.000Z,0.000157,0x64dcca9d2091012bd3e1e5235d703f72f4d65746,sell,0x58ca3065c0f24c7c96aee8d6056b5b5decf9c2f8,0x02ab080d63425f74082f20bed37eb192db59cc4e6aa701f5d86ffd170ef8d171
160,3140,0.48984,0x0a72ebae0321b78bf42b5846c57f90d714a5cb31,2017-10-18T14:21:17.000Z,0.000156,0x64dcca9d2091012bd3e1e5235d703f72f4d65746,sell,0x58ca3065c0f24c7c96aee8d6056b5b5decf9c2f8,0xfe1337a0e7ec92a63e4b6176c9264f77d2f3d5792e55c70fce9ff5d0bbbbe646
161,1,0.000777777,0x57ffb8f0e6e37e90c3d3f36bcfb2247f73ed1296,2017-10-18T14:10:41.000Z,0.000777777,0x64dcca9d2091012bd3e1e5235d703f72f4d65746,buy,0x58ca3065c0f24c7c96aee8d6056b5b5decf9c2f8,0x9fb6ae6013a3e707ab33d5b700a039678e5277f9cb2658894c121182c4408636
162,17.7183491177,0.017718349117731035,0x62739ec09cdd8fae2f7b976f8c11dbe338df8750,2017-10-18T13:45:37.000Z,0.0010000000000017514,0xa45efeea7341f815160473a6ec611ec0725ee373,buy,0x58ca3065c0f24c7c96aee8d6056b5b5decf9c2f8,0xd612da5e7232091812b65b3ed1751d28bd9423bb9645cf230588567f46a28ba5
163,3,0.00233031,0x68bbd7afd66f2a2c36a817bef85f07e5f63d60f4,2017-10-18T08:07:41.000Z,0.00077677,0xba28c1b409664c0893a090d637a027e4162a41bc,buy,0x58ca3065c0f24c7c96aee8d6056b5b5decf9c2f8,0x68c53e788d118ccd1d1d36685f9cdea2704c91f71ea69f2f33e943dedbbe8dd9
164,108.7668228491,0.015227355198874,0xc5dbe468f0a5464c724af4b2a53d43f124693eb9,2017-10-18T04:32:17.000Z,0.00014,0xc675b35b86a37e2b2cc90c73d0a17ff6cc31ba7f,sell,0x58ca3065c0f24c7c96aee8d6056b5b5decf9c2f8,0x3f86fa0cf580e23b76cb9610b97b13267886ca45384b6a4b1c5976f3cf95332e
165,3.7088529063,0.03705144053434752,0x62739ec09cdd8fae2f7b976f8c11dbe338df8750,2017-10-17T21:48:14.000Z,0.009990000000110688,0x88650fdbfbb5c7933eb52008c4387050b963747d,buy,0x58ca3065c0f24c7c96aee8d6056b5b5decf9c2f8,0x49b82d6970a8e7fa4d758119c02c89868f951c788ba0be0583a8be7d8a9b6eaf
166,100,0.0948,0x62739ec09cdd8fae2f7b976f8c11dbe338df8750,2017-10-17T21:46:11.000Z,0.000948,0x57ffb8f0e6e37e90c3d3f36bcfb2247f73ed1296,buy,0x58ca3065c0f24c7c96aee8d6056b5b5decf9c2f8,0x8a8907cdf90078e44f5c994b5c2cece5b7096ebe2d0cb3bd8465329ee0fd3ba7
167,20.2911470936,0.20270855946565247,0x62739ec09cdd8fae2f7b976f8c11dbe338df8750,2017-10-17T17:58:47.000Z,0.009990000000029002,0x88650fdbfbb5c7933eb52008c4387050b963747d,buy,0x58ca3065c0f24c7c96aee8d6056b5b5decf9c2f8,0x3239f28def6f2e62f445a8698d7289f1efb146b33d311edf1d95944126e50693
168,1452.4068285714,0.203336955999996,0x0667589f6ec70a6573b5854b20868d2c8e9c8d7e,2017-10-17T17:57:20.000Z,0.00014,0x62739ec09cdd8fae2f7b976f8c11dbe338df8750,sell,0x58ca3065c0f24c7c96aee8d6056b5b5decf9c2f8,0xd30e7569069c05c6451c1bc48126eb8938d1e2112d87f8d77ea3406de7bbd608
169,300,0.0459,0x57ffb8f0e6e37e90c3d3f36bcfb2247f73ed1296,2017-10-17T17:49:03.000Z,0.000153,0x62739ec09cdd8fae2f7b976f8c11dbe338df8750,sell,0x58ca3065c0f24c7c96aee8d6056b5b5decf9c2f8,0xde991135276b1fba4d12da09c1606ed958e6b35711fa40bd9af86acc0ad8f603
170,6300,0.8820567,0x64dcca9d2091012bd3e1e5235d703f72f4d65746,2017-10-17T17:45:55.000Z,0.000140009,0x62739ec09cdd8fae2f7b976f8c11dbe338df8750,sell,0x58ca3065c0f24c7c96aee8d6056b5b5decf9c2f8,0x8361016ba49772510b25839f2beaa9a2471a2f4fc5c84d7c495ef0ae485a6afb
171,6000,0.894,0x0667589f6ec70a6573b5854b20868d2c8e9c8d7e,2017-10-17T17:43:33.000Z,0.000149,0x62739ec09cdd8fae2f7b976f8c11dbe338df8750,sell,0x58ca3065c0f24c7c96aee8d6056b5b5decf9c2f8,0x9df5f3ed3f4582c6c00a6f9fd9deb084052efd37870db340094b40010829e927
172,199.9172565048,0.025989243345624,0x57ffb8f0e6e37e90c3d3f36bcfb2247f73ed1296,2017-10-17T13:20:08.000Z,0.00013,0x08289cf66354969aae72a0f9429da54cb4c23b84,sell,0x58ca3065c0f24c7c96aee8d6056b5b5decf9c2f8,0xd4ccc54a4cbce0468aa2e6e509b86c159741a7edb92a03fc83b0c1334578ff5b
173,94.0384807097,0.012225002492261,0x57ffb8f0e6e37e90c3d3f36bcfb2247f73ed1296,2017-10-17T08:20:29.000Z,0.00013,0x5facaadd40ae912dccf963096bcb530c413839ee,sell,0x58ca3065c0f24c7c96aee8d6056b5b5decf9c2f8,0x88c4d5ed7b901e40a9c834481ac31feb2452ce48ec800e12c7f01f43339ac28b
174,17.7487021248,0.008874351062445225,0x68bbd7afd66f2a2c36a817bef85f07e5f63d60f4,2017-10-17T08:09:43.000Z,0.0005000000000025481,0x09d66da70dfc85d23235d15e08a7fa684140a4a0,buy,0x58ca3065c0f24c7c96aee8d6056b5b5decf9c2f8,0xc01aa7fb0ec3628533253eedb46f2680d2e94346aec341f5f9c7503f6477b24f
175,677.2512978751,0.33862564893755476,0xf36dbca7cb5b4b272839ab84daec8976ce6291ef,2017-10-17T07:37:15.000Z,0.0005000000000000071,0x09d66da70dfc85d23235d15e08a7fa684140a4a0,buy,0x58ca3065c0f24c7c96aee8d6056b5b5decf9c2f8,0xae3ff6a9ed2825f90e84cfc7324893128813732acc286fab0cf78f745cb14315
176,1020,0.459,0xf36dbca7cb5b4b272839ab84daec8976ce6291ef,2017-10-17T07:35:52.000Z,0.00045,0x207a34260cf4afbe6df2b51d5e61ce7d6db45641,buy,0x58ca3065c0f24c7c96aee8d6056b5b5decf9c2f8,0x7203c93e31c2b9cf776719a9f015be037eae190b7321687f54b5b60f1da0155a
177,123.1183331671,0.016005383311723,0x57ffb8f0e6e37e90c3d3f36bcfb2247f73ed1296,2017-10-15T05:33:50.000Z,0.00013,0xc6f004e13340ae659f5a731ab0f3d37ad0d35147,sell,0x58ca3065c0f24c7c96aee8d6056b5b5decf9c2f8,0x2aac8475ebf70c2ab4419b48b827d6a335a501b1660f1769f1ea60665e3b0533
178,500,0.0655,0x090ffc278ed53b451417a14ad4eed47408de3c18,2017-10-15T05:32:28.000Z,0.000131,0xc6f004e13340ae659f5a731ab0f3d37ad0d35147,sell,0x58ca3065c0f24c7c96aee8d6056b5b5decf9c2f8,0x70a881748d70cf96487ac50bc0ee58a88d431e8ea5e358f0591c7fb985e1c324
179,230,0.06923,0x090ffc278ed53b451417a14ad4eed47408de3c18,2017-10-14T13:50:10.000Z,0.000301,0x3079faafb17b0365c4a2628847b631a2770932b6,sell,0x58ca3065c0f24c7c96aee8d6056b5b5decf9c2f8,0x65d123ba6268fc65fc4ec700a01b0360d2d1f6cae08ec08ab2f444459a34d711
180,471.104,0.2119968,0x00f8bdeb6eb59e1f532a3b9e7b6c5a9a25841081,2017-10-13T17:10:19.000Z,0.00045,0x4d7f64a5d77e33bdc2a1c96b0795d5c511d258c7,buy,0x58ca3065c0f24c7c96aee8d6056b5b5decf9c2f8,0x077d65f68522cf09e5feaf719473a3c979d18705542e9ec916fd254a9caa0d5b
181,213.8371049745,0.0855348419898,0x00f8bdeb6eb59e1f532a3b9e7b6c5a9a25841081,2017-10-12T06:09:55.000Z,0.0004,0xef81c273a627ffb79a7fc06d601c01d5b27c65f6,sell,0x58ca3065c0f24c7c96aee8d6056b5b5decf9c2f8,0x9d5bf4e04d9d788473454f8c3b4006861112f309e51481e15c0507b125c0fa47
182,94.0384807097,0.03761539228388,0x00f8bdeb6eb59e1f532a3b9e7b6c5a9a25841081,2017-10-11T14:08:45.000Z,0.0004,0x8c7385066cd3512865dd58d1d9d3ca8378d83c09,sell,0x58ca3065c0f24c7c96aee8d6056b5b5decf9c2f8,0xb7bd67790ba621629ea965271cf0735d1c41e3e8d29659b44046b57fbeca19d6
183,100,0.033,0x57ffb8f0e6e37e90c3d3f36bcfb2247f73ed1296,2017-10-10T19:25:14.000Z,0.00033,0x0284b62aa64c2e81de52be16bd7c883925d86fd5,sell,0x58ca3065c0f24c7c96aee8d6056b5b5decf9c2f8,0xdd371c86a5962ae4859b3d33a5e9d85a5a77d1d74e4c7f016a8510a215ee7c99
184,94.0384807097,0.02821154421291,0x00f8bdeb6eb59e1f532a3b9e7b6c5a9a25841081,2017-10-07T12:57:07.000Z,0.0003,0x901e1778dc90d3b42174380c2d016abb96b90cd9,sell,0x58ca3065c0f24c7c96aee8d6056b5b5decf9c2f8,0x67c23b70925917ae1ead6e7de48dd87876377db1c91a3fdbfc3d086533f76742
185,80,0.024,0x00f8bdeb6eb59e1f532a3b9e7b6c5a9a25841081,2017-10-07T12:53:42.000Z,0.0003,0xcd07679a857c49b6cc0b1181a57a2f480a8ddf50,sell,0x58ca3065c0f24c7c96aee8d6056b5b5decf9c2f8,0x0ab6b6f53acc3e27dd96d0bbd050e82be3daf06e16cab21430bddd78e255a972
186,219.0579204466,0.01095289602233,0x57ffb8f0e6e37e90c3d3f36bcfb2247f73ed1296,2017-10-05T07:44:18.000Z,0.00005,0x21e70fee23868b5c84e3cfa093990ccc1eb5d02f,sell,0x58ca3065c0f24c7c96aee8d6056b5b5decf9c2f8,0xd9c34c3e7ef4fc3f45d0f8c979f477c540a17aa69e359214261d7442951abd89
187,14.1561160402,0.00070780580201,0x57ffb8f0e6e37e90c3d3f36bcfb2247f73ed1296,2017-10-05T07:14:59.000Z,0.00005,0xa78e268adcf9c7ea5341c8a60d2edee3c9a05ca9,sell,0x58ca3065c0f24c7c96aee8d6056b5b5decf9c2f8,0xcb4e94b34c269fad5646c0801077fc73782cf05d63592e7f08cc13adcb5b050b
188,214.707,0.21255993,0xd0538854b939414c61ef5362761729f649537687,2017-10-03T08:03:33.000Z,0.00099,0xcdd33f58cf447f861af8b55e79b20df38ff855fa,buy,0x58ca3065c0f24c7c96aee8d6056b5b5decf9c2f8,0x48dfc8668787b9be48dc5ad56ad18dff411bd5cdc2808a858b10d2e250296c2e
189,400,0.2,0x00f8bdeb6eb59e1f532a3b9e7b6c5a9a25841081,2017-10-01T22:43:55.000Z,0.0005,0x88fc264eb806b323b8f93146ac5e5b0c35c4d153,sell,0x58ca3065c0f24c7c96aee8d6056b5b5decf9c2f8,0x4e26f823a5b3bf894ef7be59d470173586a2214c4e97fd107c5f7ebb9e709129
190,453,0.452547,0x00f8bdeb6eb59e1f532a3b9e7b6c5a9a25841081,2017-10-01T15:26:58.000Z,0.000999,0x207a34260cf4afbe6df2b51d5e61ce7d6db45641,buy,0x58ca3065c0f24c7c96aee8d6056b5b5decf9c2f8,0x55edc668dea0c5d89fa2f95784861ed45251fb88a953d359609c9fb9b135ebd5
191,146,0.1387,0x00f8bdeb6eb59e1f532a3b9e7b6c5a9a25841081,2017-10-01T15:18:51.000Z,0.00095,0x207a34260cf4afbe6df2b51d5e61ce7d6db45641,buy,0x58ca3065c0f24c7c96aee8d6056b5b5decf9c2f8,0x5ee8879e8dc684a88e2bdd19c8365ef9c685b14c8c2a2c0585c9f7d1e8fbdf63
192,776.923,0.3884615,0x00f8bdeb6eb59e1f532a3b9e7b6c5a9a25841081,2017-09-30T10:25:47.000Z,0.0005,0xe0ac51a7b3bb12d7ce9004a6639a8c391ec3b6a1,buy,0x58ca3065c0f24c7c96aee8d6056b5b5decf9c2f8,0x5a57245f9af9d2818bd297004a685b7472c5a3d725f91e13814cbd7b59d8a733
193,2300,1.15,0x00f8bdeb6eb59e1f532a3b9e7b6c5a9a25841081,2017-09-29T22:15:15.000Z,0.0005,0xe0ac51a7b3bb12d7ce9004a6639a8c391ec3b6a1,buy,0x58ca3065c0f24c7c96aee8d6056b5b5decf9c2f8,0xab2dedd43d2e6a09358d9d5b6aa3f41d413a7b2fdea6771468d061ec16c52aa0
194,1,0.00095,0xcc076a3dfe85c239e8b28ed75cce9959f8b3b360,2017-09-29T06:47:14.000Z,0.00095,0x207a34260cf4afbe6df2b51d5e61ce7d6db45641,buy,0x58ca3065c0f24c7c96aee8d6056b5b5decf9c2f8,0x461e7c4da360af68ddb54552e3728ac7375939cd4f71963ffef06d08bcd336b3
195,100,0.05,0x57ffb8f0e6e37e90c3d3f36bcfb2247f73ed1296,2017-09-29T00:22:34.000Z,0.0005,0x88fc264eb806b323b8f93146ac5e5b0c35c4d153,sell,0x58ca3065c0f24c7c96aee8d6056b5b5decf9c2f8,0x44f6f49e6b5e40abcb100fc95c970629783504167f26074bbc7249a949145924
196,0.0000013697,0.000000001369782552,0x343347dcafc272a5ff207fd0455f0ee8982f3986,2017-09-28T02:07:04.000Z,0.0010000602701321457,0xcc076a3dfe85c239e8b28ed75cce9959f8b3b360,buy,0x58ca3065c0f24c7c96aee8d6056b5b5decf9c2f8,0x1ccb3a4c1d79fc7680a5131fd6b9bd2cf632edee75ef88a07320d59718cf9a3a
197,0.0137402887,0.00001374028877255,0x343347dcafc272a5ff207fd0455f0ee8982f3986,2017-09-28T02:05:34.000Z,0.0010000000052800928,0xcc076a3dfe85c239e8b28ed75cce9959f8b3b360,buy,0x58ca3065c0f24c7c96aee8d6056b5b5decf9c2f8,0xa2f990398f48b1a60baea025363269cbdbaf772dad90c521be39a49bf683bec2
198,300,0.2697,0x00f8bdeb6eb59e1f532a3b9e7b6c5a9a25841081,2017-09-27T22:45:56.000Z,0.000899,0x88fc264eb806b323b8f93146ac5e5b0c35c4d153,sell,0x58ca3065c0f24c7c96aee8d6056b5b5decf9c2f8,0xce462880007878ed004c89a94cf545b0a94a9cd0ff4c9d1915d384df796be834
199,800,0.8,0x00f8bdeb6eb59e1f532a3b9e7b6c5a9a25841081,2017-09-27T13:02:17.000Z,0.001,0x88fc264eb806b323b8f93146ac5e5b0c35c4d153,sell,0x58ca3065c0f24c7c96aee8d6056b5b5decf9c2f8,0xb8354018a41692461b7e8c6cfd51f702b3a118a8fbcd49746e30c6fcb6a27fe1
200,500,0.6945,0x00f8bdeb6eb59e1f532a3b9e7b6c5a9a25841081,2017-09-27T04:58:54.000Z,0.001389,0xd09e4c2ab4c42ca5afd1756ad5899634421abf07,buy,0x58ca3065c0f24c7c96aee8d6056b5b5decf9c2f8,0x0f010ecf5f1728efc5836ec40525034ea6081a2a34c5a25cb09bbac7fae29517
201,16.967,0.0220571,0x00f8bdeb6eb59e1f532a3b9e7b6c5a9a25841081,2017-09-27T02:53:40.000Z,0.0013,0x4dca30bcc9c9db4408141cd67b1515e689f546d8,buy,0x58ca3065c0f24c7c96aee8d6056b5b5decf9c2f8,0xb4bbc966c41757daa1c48ab3e4b55a7a3ee0c88372cb5e5af75d348a723dd5e9
202,47.2,0.06608,0x00f8bdeb6eb59e1f532a3b9e7b6c5a9a25841081,2017-09-26T04:21:25.000Z,0.0014,0x4b2e87745c3a11e50d5bb4d83a763f95069852a5,buy,0x58ca3065c0f24c7c96aee8d6056b5b5decf9c2f8,0x82607a3bd0dfec36be7cba1a8d9e2cb9226f7ced7981c9c59a6eb64a25b5fa84
203,18,0.018,0x00f8bdeb6eb59e1f532a3b9e7b6c5a9a25841081,2017-09-26T04:16:18.000Z,0.001,0x3c6f1d6667a0c80a7726b548d15a4af91a77a4b5,buy,0x58ca3065c0f24c7c96aee8d6056b5b5decf9c2f8,0xdb2b62010430965f50a296eb5da200c4b62805d484315a78d74167d8bfeb76e8
204,75.5175433749,0.03775877168745,0x57ffb8f0e6e37e90c3d3f36bcfb2247f73ed1296,2017-09-24T13:08:35.000Z,0.0005,0x3c6f1d6667a0c80a7726b548d15a4af91a77a4b5,sell,0x58ca3065c0f24c7c96aee8d6056b5b5decf9c2f8,0xc45dae09676966d5cdc9a0df964c7f123b076cf1e9fa815ba44c75051fb38796
205,94.0384807097,0.04701924035485,0x57ffb8f0e6e37e90c3d3f36bcfb2247f73ed1296,2017-09-24T03:25:39.000Z,0.0005,0xa1052732e8e20f22b5063002a81c059833fe04e3,sell,0x58ca3065c0f24c7c96aee8d6056b5b5decf9c2f8,0x2f19c364352c2ebd82084ad194a1eae3538cc74f308f1d529bd636695de14126
206,62.3068487688,0.0311534243844,0x57ffb8f0e6e37e90c3d3f36bcfb2247f73ed1296,2017-09-22T21:30:34.000Z,0.0005,0x464f59b80bed2ce00ff8315b3c12243328dbe2a7,sell,0x58ca3065c0f24c7c96aee8d6056b5b5decf9c2f8,0xf5671cb01674c017b9fd107d193274cccff3362e3c3c4c907b652fe14e74f576
207,400,0.62,0x57ffb8f0e6e37e90c3d3f36bcfb2247f73ed1296,2017-09-22T17:18:38.000Z,0.00155,0x207a34260cf4afbe6df2b51d5e61ce7d6db45641,buy,0x58ca3065c0f24c7c96aee8d6056b5b5decf9c2f8,0xcecb11517ebdc35260bfd8769ec125822b8ed2c2282bb29a4348adfb4beea624
208,66,0.1048608,0x57ffb8f0e6e37e90c3d3f36bcfb2247f73ed1296,2017-09-22T01:36:03.000Z,0.0015888,0x0284b62aa64c2e81de52be16bd7c883925d86fd5,buy,0x58ca3065c0f24c7c96aee8d6056b5b5decf9c2f8,0xa8b37a349f81a1ad67671dfa13da33be624f19e11fddbc5f269fd701cc0bf9a8
209,280,0.52892,0x57ffb8f0e6e37e90c3d3f36bcfb2247f73ed1296,2017-09-21T16:01:49.000Z,0.001889,0xa3d7dedda551204ccb03bd79aa87824cc453b8de,buy,0x58ca3065c0f24c7c96aee8d6056b5b5decf9c2f8,0x4df1f259d19cb2659335a3fd0a3c50e1e244b70f58d2e75c905013b53e9181f6
210,500,0.8725,0x57ffb8f0e6e37e90c3d3f36bcfb2247f73ed1296,2017-09-21T15:53:27.000Z,0.001745,0xd09e4c2ab4c42ca5afd1756ad5899634421abf07,buy,0x58ca3065c0f24c7c96aee8d6056b5b5decf9c2f8,0x987dd4fed92f9cc5052fd9825b9080c7fe448f163e715d1b9a57bc47467fc05e
211,250,0.425,0x57ffb8f0e6e37e90c3d3f36bcfb2247f73ed1296,2017-09-21T15:49:17.000Z,0.0017,0x207a34260cf4afbe6df2b51d5e61ce7d6db45641,buy,0x58ca3065c0f24c7c96aee8d6056b5b5decf9c2f8,0xb281e6434652589c45469998f8e546504e2c3cbfc5751fcf305479acb3c91c3a
212,22.013,0.0110065,0x247577237ad139f2a41490674ebf1f331928b1c7,2017-09-18T04:02:26.000Z,0.0005,0xcd07679a857c49b6cc0b1181a57a2f480a8ddf50,sell,0x58ca3065c0f24c7c96aee8d6056b5b5decf9c2f8,0x445d127f870077496d4cc3f3bd9537647fd02fdf686a9eb083c2cd292225af93
213,15.9866394178,0.0079933197089,0x247577237ad139f2a41490674ebf1f331928b1c7,2017-09-16T12:48:13.000Z,0.0005,0xabfd9e1dad068bd4de5758f0d7393b4f60612f5e,sell,0x58ca3065c0f24c7c96aee8d6056b5b5decf9c2f8,0xd079be877fdb07ae4be8ef65959df53dc5488d49e7a6028733b6d3a5e69e695b
214,202,0.101,0x247577237ad139f2a41490674ebf1f331928b1c7,2017-09-16T04:09:03.000Z,0.0005,0x00ada5bf8ef794fdd916bdc06e032ac1613dffa3,sell,0x58ca3065c0f24c7c96aee8d6056b5b5decf9c2f8,0x0770fb267b33bb21f652ace8145014762ebdb0c8a4338dd94463fb12a281df8e
215,9.934,0.04967,0x62739ec09cdd8fae2f7b976f8c11dbe338df8750,2017-09-13T06:35:49.000Z,0.005,0xabfd9e1dad068bd4de5758f0d7393b4f60612f5e,sell,0x58ca3065c0f24c7c96aee8d6056b5b5decf9c2f8,0xc8fe065a04a510f8a97b9dce0eb9ba9401b2bf0fc4ccd91d54a76437e4f4d2df
216,10,0.11,0x62739ec09cdd8fae2f7b976f8c11dbe338df8750,2017-09-13T06:01:11.000Z,0.011,0x00ada5bf8ef794fdd916bdc06e032ac1613dffa3,buy,0x58ca3065c0f24c7c96aee8d6056b5b5decf9c2f8,0x0c672fda752a8865fb062db62ffbbe8ddc98e2bc6f9d875d502b036b5055d3c6
