,amount,amountBase,buyer,date,price,seller,side,tokenAddr,txHash
0,0.8389261744966443,0.0005,0x4fda9e6bcd83af6c5cc771b5d20accc2b7720074,2017-11-02T14:32:34.000Z,0.000596,0xb76c22caf4449ca354da2b77779e0d85fabbd31c,buy,0xf05a9382a4c3f29e2784502754293d88b835109c,0xb3e533a6cc273b6fb2f60b80deabccdf9b9876b3d9625c81de5af62b84b854a6
1,0.8389261744966443,0.0005,0x3075f7f189912f4f425dd7021b9c396434197477,2017-11-02T14:23:04.000Z,0.000596,0xb76c22caf4449ca354da2b77779e0d85fabbd31c,buy,0xf05a9382a4c3f29e2784502754293d88b835109c,0x6c1a24fa0db624141ca8dcaa6be132d723d400797af5020bd726d7502c51a020
2,10321.371219220417,4.644617048649187,0xee85bdcaf863141247c146d75eeab4b50532b0ba,2017-11-02T13:04:45.000Z,0.00045,0x88b164e589331db3aaec043c6d8da00e36853b34,sell,0xf05a9382a4c3f29e2784502754293d88b835109c,0xa0ad08452ceb3f6f3eaa6f28800672f8ebe5f06d6b3486535eb5cf35aba84024
3,2000,0.904,0xfbf7dc0756a9768d0c71aea5f8421f3b1eaee7d1,2017-11-02T05:40:14.000Z,0.000452,0xd64f7804d1f351bbec2d560ca745d51f91e2a23f,sell,0xf05a9382a4c3f29e2784502754293d88b835109c,0x7c370810d4b67a22b4bf5ed9a58d3e06036ad6ee63fde5a61130daf3caf00c4a
4,353.42338749875387,0.15904052437443925,0xee85bdcaf863141247c146d75eeab4b50532b0ba,2017-11-02T05:30:38.000Z,0.00045,0xfbf7dc0756a9768d0c71aea5f8421f3b1eaee7d1,sell,0xf05a9382a4c3f29e2784502754293d88b835109c,0x95fbd702e1c811e3ad1b001f23f49f90aaa3d6a74bbeda032b9b9e40d4f1d6e6
5,354.519,0.142871157,0xfbf7dc0756a9768d0c71aea5f8421f3b1eaee7d1,2017-11-02T00:40:40.000Z,0.000403,0xc6a23e09e71db012b90c65b948830525128a12d2,buy,0xf05a9382a4c3f29e2784502754293d88b835109c,0xe1df5953acc9459de3f9a1147bef21b945e887a46d1542edfc551021e09ca97b
6,324.1290211491147,0.1306239955230932,0x3336c63be5a4e3573eb75b92e29a2ee7bafa0e4b,2017-11-01T22:34:47.000Z,0.000403,0xc6a23e09e71db012b90c65b948830525128a12d2,buy,0xf05a9382a4c3f29e2784502754293d88b835109c,0x8ac565e3749020f50742595e801ee319215085a15d82b6dad928631e959fff54
7,1300,0.65,0xf18eb6a4d8c8024b3fec51dea418af67499bf2f2,2017-10-31T13:51:00.000Z,0.0005,0xc28af06cba537386409efd768149c6cccfc3609e,buy,0xf05a9382a4c3f29e2784502754293d88b835109c,0xfa387a5f9259b56edb84605d86c7e8e535bb94fbfbc4e5bc5ac85a86dc421ab7
8,1000,0.49999999,0xf18eb6a4d8c8024b3fec51dea418af67499bf2f2,2017-10-31T13:51:00.000Z,0.00049999999,0x254fb89e4cab71708eaab16e067ca8156a38e18a,buy,0xf05a9382a4c3f29e2784502754293d88b835109c,0xbfffb2776e355db50a87305945544f851cbcb6e5b18aaad8681c182528417e2c
9,1000,0.6,0xf18eb6a4d8c8024b3fec51dea418af67499bf2f2,2017-10-31T03:06:23.000Z,0.0006,0x254fb89e4cab71708eaab16e067ca8156a38e18a,buy,0xf05a9382a4c3f29e2784502754293d88b835109c,0x6014b97aaf0cef964f48d06923da5e0c4ee23580edb617b9583241e241460eb6
10,2000,1.198,0xf18eb6a4d8c8024b3fec51dea418af67499bf2f2,2017-10-31T03:05:25.000Z,0.000599,0xfbf7dc0756a9768d0c71aea5f8421f3b1eaee7d1,buy,0xf05a9382a4c3f29e2784502754293d88b835109c,0x6a4086b6093b7dc4edca2f08b8715cf6e73a5335eb03cb9380c18629f74379ac
11,62,0.025234,0xf187eb34073c29ed27a39fb07f3cdd5ad75c99be,2017-10-31T02:22:25.000Z,0.000407,0xdcdc05c3aa3dc541115b0c4e5be4ba443a991452,sell,0xf05a9382a4c3f29e2784502754293d88b835109c,0x3f47d37656906a3e5fa4c8e18ac53d9a7f33f1af65814a54b9df9ad35698ba76
12,450,0.1845,0x7b521dd7d98bbd54d369770583b3c7478e9ae534,2017-10-31T02:22:25.000Z,0.00041,0xdcdc05c3aa3dc541115b0c4e5be4ba443a991452,sell,0xf05a9382a4c3f29e2784502754293d88b835109c,0xfa541bdc9b47d1ce1bd3b7403b27ec6a75217b5b02809563cd5b0ac3e066eda1
13,6,0.002460006,0xf187eb34073c29ed27a39fb07f3cdd5ad75c99be,2017-10-31T02:22:18.000Z,0.000410001,0xdcdc05c3aa3dc541115b0c4e5be4ba443a991452,sell,0xf05a9382a4c3f29e2784502754293d88b835109c,0x0d745b1735118d64a90d9f237f325e02fc4617d4f8ecdfba433c6aa2cda87fa1
14,225.61721297231247,0.11280635031402651,0xb72c63deadd58c97a7c2f2d00704b0c74352f05e,2017-10-31T00:26:48.000Z,0.00049999,0x951571ecb267b433469ef2c50f4c7b74b1d631f7,buy,0xf05a9382a4c3f29e2784502754293d88b835109c,0x3c6fb3f1d5ae231c336c08152c7677a97012c2245f94bee7705133c6be957bfd
15,4760,2.38,0x4c62c824e4b77138ede01437e808c57743d63e59,2017-10-30T20:43:51.000Z,0.0005,0x951571ecb267b433469ef2c50f4c7b74b1d631f7,sell,0xf05a9382a4c3f29e2784502754293d88b835109c,0x79d2b4fb53659be975ebc14b24221a26ec3d22c6634b162d0e844cfb56b71411
16,1000,0.49999,0x4c62c824e4b77138ede01437e808c57743d63e59,2017-10-30T19:34:19.000Z,0.00049999,0x951571ecb267b433469ef2c50f4c7b74b1d631f7,buy,0xf05a9382a4c3f29e2784502754293d88b835109c,0x73dd188c60ad486eae40a4c0369f65acb74fb4507ac4db67f67c17c6df9d3d45
17,41.66189290810428,0.06978367062107467,0xb813b10f53ac0c8012e12d5e4761ae7626c5303e,2017-10-30T18:00:56.000Z,0.001675,0xcb7396a515940f7b8197203fbe0babbfaab05f1d,buy,0xf05a9382a4c3f29e2784502754293d88b835109c,0xfcdb4b802072a110ac0d2b0cde092a8b9a62c8adf1db410c5a189674debec4f2
18,6000,2.46,0x951571ecb267b433469ef2c50f4c7b74b1d631f7,2017-10-29T23:57:39.000Z,0.00041,0xdcdc05c3aa3dc541115b0c4e5be4ba443a991452,sell,0xf05a9382a4c3f29e2784502754293d88b835109c,0x7c82d36f0814ecfd7fdad1a2497bc24289c8fcbad3d7c99d922a8645f6a0acbd
19,400,0.179676,0x656546de162b91ef4cdc2c7c925be94f6c31f290,2017-10-29T23:57:39.000Z,0.00044919,0xdcdc05c3aa3dc541115b0c4e5be4ba443a991452,sell,0xf05a9382a4c3f29e2784502754293d88b835109c,0xe5d6d5b7f592cd142e67538bf78c179d1fbe73e15b3010e0daacc20312b1607e
20,1000,0.45,0x3c57707290869e5c73c3282e28d2f1a19dd5c65c,2017-10-29T23:50:04.000Z,0.00045,0xdcdc05c3aa3dc541115b0c4e5be4ba443a991452,sell,0xf05a9382a4c3f29e2784502754293d88b835109c,0x4325b88341ac43f54b93355adb1ee964eb12ff39684d194f21b4597553f30c09
21,1000,0.4888,0x3936968cf999728de3dbf7afecb7ee3d9c02b381,2017-10-29T23:47:10.000Z,0.0004888,0xdcdc05c3aa3dc541115b0c4e5be4ba443a991452,sell,0xf05a9382a4c3f29e2784502754293d88b835109c,0xa3708e1a385451e569d125ac714ad89ce1c4c49bfdcbdf993ff1decaf9513e06
22,2696.025,1.294092,0xa77f964e028b944a59622a3610e6f51bf322ddd1,2017-10-29T23:47:10.000Z,0.00048,0xdcdc05c3aa3dc541115b0c4e5be4ba443a991452,sell,0xf05a9382a4c3f29e2784502754293d88b835109c,0x3589c597c1492eb1f2c4910693d6ac5bf37d36c86b982b4d1397d1c58c3d3f99
23,821.224,0.40239976,0x8909e1a4f31fc2214ea6c4a917268b833b00c000,2017-10-29T23:47:10.000Z,0.00049,0xdcdc05c3aa3dc541115b0c4e5be4ba443a991452,sell,0xf05a9382a4c3f29e2784502754293d88b835109c,0x5b61765a44f5d80316b108baf2e789b832f0defbba8dc96b424009d7e92a70f1
24,2000,0.99,0xfbf7dc0756a9768d0c71aea5f8421f3b1eaee7d1,2017-10-29T23:46:27.000Z,0.000495,0xdcdc05c3aa3dc541115b0c4e5be4ba443a991452,sell,0xf05a9382a4c3f29e2784502754293d88b835109c,0x4928078b10bd8098d40f774647053a8e4b8bd1d4b9c6617f481387d69947403e
25,105.781,0.05500612,0x6a8221d88dda88301e6e907f4e641e0b2b00c405,2017-10-29T23:46:24.000Z,0.00052,0xdcdc05c3aa3dc541115b0c4e5be4ba443a991452,sell,0xf05a9382a4c3f29e2784502754293d88b835109c,0x9309f03f5c060d4538c55517317b38386b120b6c8e0a89e4ac31712bf4942ec4
26,897.21862227096,0.4665536835808992,0x6a8221d88dda88301e6e907f4e641e0b2b00c405,2017-10-29T19:07:45.000Z,0.00052,0x4d8063b39be029c9cd2f9d1e2e19d04ca2ce4a27,sell,0xf05a9382a4c3f29e2784502754293d88b835109c,0x2b09ebc87c97644f400a24e2e7448807537dea71b25e4d8e8e5318cc1d93d044
27,1000,0.6588,0x88b164e589331db3aaec043c6d8da00e36853b34,2017-10-28T21:25:16.000Z,0.0006588,0x254fb89e4cab71708eaab16e067ca8156a38e18a,buy,0xf05a9382a4c3f29e2784502754293d88b835109c,0xb22f41af2b7f35c4e1e01f34184b02b9a83109244d109e7ed2d7423373be6d65
28,1069.429,0.70452913091,0x88b164e589331db3aaec043c6d8da00e36853b34,2017-10-28T21:13:11.000Z,0.00065879,0x951571ecb267b433469ef2c50f4c7b74b1d631f7,buy,0xf05a9382a4c3f29e2784502754293d88b835109c,0xd9cbc0a142eb97f0fe33faead3d83092e22dd45e54462b826289071ce06c9121
29,3285.458475928293,2.1644271893568,0x88b164e589331db3aaec043c6d8da00e36853b34,2017-10-28T21:07:50.000Z,0.00065879,0x951571ecb267b433469ef2c50f4c7b74b1d631f7,buy,0xf05a9382a4c3f29e2784502754293d88b835109c,0xba851b6133e668d44e5fafb03081ed7a9ddc2da9b2051d5ea77f951e22d71f78
30,2000,1.316,0x88b164e589331db3aaec043c6d8da00e36853b34,2017-10-28T21:06:12.000Z,0.000658,0xfbf7dc0756a9768d0c71aea5f8421f3b1eaee7d1,buy,0xf05a9382a4c3f29e2784502754293d88b835109c,0xfeaa223176eb6be3a4f06da5bb4958e1db8099068ed2e7dce35552125a2e6cb9
31,2998.48,1.97299684152,0x88b164e589331db3aaec043c6d8da00e36853b34,2017-10-28T21:05:36.000Z,0.000657999,0x951571ecb267b433469ef2c50f4c7b74b1d631f7,buy,0xf05a9382a4c3f29e2784502754293d88b835109c,0x79981226293444d44c379360d5d5141f5ff6bf38e2108f4ceb97a73d594f401d
32,0.7598795742850672,0.0005,0x34f9560c63078eb61872a4dc2ccd20e21c34feaf,2017-10-28T20:56:44.000Z,0.000657999,0x951571ecb267b433469ef2c50f4c7b74b1d631f7,buy,0xf05a9382a4c3f29e2784502754293d88b835109c,0xfbd9c3e9896347d0d55e2a012d355b0c0592dc455a6145ce7c997ede5a6ddead
33,0.7598795742850672,0.0005,0xe444a40689f51f63bcd29910622035707d533d29,2017-10-28T20:56:44.000Z,0.000657999,0x951571ecb267b433469ef2c50f4c7b74b1d631f7,buy,0xf05a9382a4c3f29e2784502754293d88b835109c,0xdbb4e5dba7e8ccefd5c2e60a8503b092344f9bcad7d9d3b31fdb164f305e823b
34,500,0.24995,0x3936968cf999728de3dbf7afecb7ee3d9c02b381,2017-10-28T17:14:48.000Z,0.0004999,0x1ed014aec47fae44c9e55bac7662c0b78ae61798,sell,0xf05a9382a4c3f29e2784502754293d88b835109c,0x4ea77db2e47b5871c53e5997e07d948399b75cbf277b41d5b8c42f88b918355f
35,498.5044865403789,0.3320039880358923,0x3936968cf999728de3dbf7afecb7ee3d9c02b381,2017-10-28T13:55:08.000Z,0.000666,0x1d5321e125f6c7079a716705541c7b371ca79e69,sell,0xf05a9382a4c3f29e2784502754293d88b835109c,0x4fab9124ba4729bec34386f5498b12e084ecf3938cf19eb1412bed0d9bfc9b5a
36,500,0.32945,0x1d5321e125f6c7079a716705541c7b371ca79e69,2017-10-28T13:55:08.000Z,0.0006589,0x254fb89e4cab71708eaab16e067ca8156a38e18a,buy,0xf05a9382a4c3f29e2784502754293d88b835109c,0x4fab9124ba4729bec34386f5498b12e084ecf3938cf19eb1412bed0d9bfc9b5a
37,29.907287409032,0.014385405243744391,0x7b521dd7d98bbd54d369770583b3c7478e9ae534,2017-10-28T07:32:06.000Z,0.000481,0x946151fa04270a2d81ff3abc7f0648f1767a0fce,sell,0xf05a9382a4c3f29e2784502754293d88b835109c,0x0f4b78445df7e5207a15de06893293e7487547dd32a48d3dee5097cb1a2bc806
38,1884.159106769016,0.9043963712491278,0xa77f964e028b944a59622a3610e6f51bf322ddd1,2017-10-28T04:31:17.000Z,0.00048,0xce451d2007eafdb0e7cd45579a766cab7a09f747,sell,0xf05a9382a4c3f29e2784502754293d88b835109c,0x6ac2dc78b2a4c1c946ee1b61fd3dff0f77add2c4ebe1236708851356c128c1a3
39,10,0.0047925,0xc5ff06991dbaf57bef6dd7a75056e62b7a2383fb,2017-10-27T21:09:57.000Z,0.00047925,0xc63a3fcfa013bfe4bae4e35b3d41d06c89f4b249,buy,0xf05a9382a4c3f29e2784502754293d88b835109c,0x146e2678697fc6c5e10b4fe71a96787afec0ad90371c935744ad1982ca3b3b09
40,9.970089730807578,0.004785643070787637,0xa77f964e028b944a59622a3610e6f51bf322ddd1,2017-10-27T21:09:57.000Z,0.00048,0xc5ff06991dbaf57bef6dd7a75056e62b7a2383fb,sell,0xf05a9382a4c3f29e2784502754293d88b835109c,0x146e2678697fc6c5e10b4fe71a96787afec0ad90371c935744ad1982ca3b3b09
41,49.845479015053336,0.0239258299272256,0xa77f964e028b944a59622a3610e6f51bf322ddd1,2017-10-27T16:00:31.000Z,0.00047999999999999996,0x3ffaf6d7382bb0bec6aaf56225ae8d0acf85a6e8,sell,0xf05a9382a4c3f29e2784502754293d88b835109c,0x41c8cb0cab09ac8a2ac2bfade87b7c7d68c26fbe936161d14bb321ef06df4e4b
42,1875,1.2,0x4c62c824e4b77138ede01437e808c57743d63e59,2017-10-27T13:18:53.000Z,0.00064,0xed05637cafbf838059080a3ad9bb059140995554,sell,0xf05a9382a4c3f29e2784502754293d88b835109c,0xa0ff43eda924b16fd1f2e19e02ac42e0665f1875fa12dfb9bc4d501c65886b3f
43,299.07287409032,0.14286711195294588,0x254fb89e4cab71708eaab16e067ca8156a38e18a,2017-10-26T18:21:07.000Z,0.0004777,0x3a9fab0b54ce487752953efa87cc0984e829ed90,sell,0xf05a9382a4c3f29e2784502754293d88b835109c,0xe1074dbf8d994ddaa2ff93cb9e23fb776ac41c811a81002d1781fdbd4146b019
44,1408.5833914863922,0.633863934752268,0x951571ecb267b433469ef2c50f4c7b74b1d631f7,2017-10-26T18:15:19.000Z,0.000450001,0xe6e739ded595ef8af2f30b085ee31af73a935ad5,sell,0xf05a9382a4c3f29e2784502754293d88b835109c,0x2661e67a9ea17269192afd75e498ef051174c270b0ed1fb2c51b0dde0f0f7163
45,2100,1.155,0x254fb89e4cab71708eaab16e067ca8156a38e18a,2017-10-26T18:14:26.000Z,0.00055,0xe6e739ded595ef8af2f30b085ee31af73a935ad5,sell,0xf05a9382a4c3f29e2784502754293d88b835109c,0xef7bfa93a70eb67e625634c143ea301df7a0be9a9c87abe119117dd9a15f9cfa
46,3250,1.885,0xd0a5d32b9702d7131d3436228fe99de322c38446,2017-10-26T18:14:09.000Z,0.00058,0xe6e739ded595ef8af2f30b085ee31af73a935ad5,sell,0xf05a9382a4c3f29e2784502754293d88b835109c,0x87e9e4b8126c581d373701f8fdf5452e7eb0eae1abf82e42774aea4e30310ba5
47,2000,1.16002,0x254fb89e4cab71708eaab16e067ca8156a38e18a,2017-10-26T18:13:51.000Z,0.00058001,0xe6e739ded595ef8af2f30b085ee31af73a935ad5,sell,0xf05a9382a4c3f29e2784502754293d88b835109c,0xfc30ab3a5ade4d25a7f3ca96df7c135d7817529da36ca41fc04225a45dea09b3
48,3000,1.746003,0x951571ecb267b433469ef2c50f4c7b74b1d631f7,2017-10-26T18:13:45.000Z,0.000582001,0xe6e739ded595ef8af2f30b085ee31af73a935ad5,sell,0xf05a9382a4c3f29e2784502754293d88b835109c,0xa787a68b774daac1b3c5403d6b5f0ad5935508c56418f89d93cad03bfcd754ef
49,2000,1.166,0xfbf7dc0756a9768d0c71aea5f8421f3b1eaee7d1,2017-10-26T18:13:45.000Z,0.000583,0xe6e739ded595ef8af2f30b085ee31af73a935ad5,sell,0xf05a9382a4c3f29e2784502754293d88b835109c,0x7e1bc63880675f3250130d30c534dd14a29db659b6cd7b48f9973ea26d9e2129
50,1890.312,1.3230293688,0xd0a5d32b9702d7131d3436228fe99de322c38446,2017-10-26T03:59:18.000Z,0.0006999,0x6dfca959b12f86c9d35c1acaf686bfd0828e7a0e,sell,0xf05a9382a4c3f29e2784502754293d88b835109c,0xd9331dd9dd7ad19c23ea01aae76fe9b0a3ea46eb8de2d89cb22f0874ffe910fc
51,1896,1.30824,0x6dfca959b12f86c9d35c1acaf686bfd0828e7a0e,2017-10-26T03:59:18.000Z,0.00069,0x254fb89e4cab71708eaab16e067ca8156a38e18a,buy,0xf05a9382a4c3f29e2784502754293d88b835109c,0x2007fe9b3a530e18bc6087597ca59f2fd85b9fefd5a3bfca841a325236fba621
52,2500,1.375,0x5ac47c5c7939d67ddfb84f047992a464ed2886a7,2017-10-25T11:34:01.000Z,0.00055,0x95427ebaff30685d546abb749b8db70196bf7d5c,sell,0xf05a9382a4c3f29e2784502754293d88b835109c,0xcbf847c4e8492dccc9c4263777cb5821370c427f7c7db0141b3c55abc5a84f11
53,190.3423832647363,0.13704651595061013,0xc63a3fcfa013bfe4bae4e35b3d41d06c89f4b249,2017-10-25T09:38:56.000Z,0.00072,0xc89e05f02816d3eb66807faeb6603a3ac885559f,buy,0xf05a9382a4c3f29e2784502754293d88b835109c,0x65a26897065eddf01aa329d2ac65f50551d9942f779b5cb1afda8c276baca25e
54,324.6360986140697,0.17855017887383692,0x951571ecb267b433469ef2c50f4c7b74b1d631f7,2017-10-25T03:32:06.000Z,0.0005500009999999999,0xd5a33f6bd008bd6337686b5f63b503ac221a4a2c,sell,0xf05a9382a4c3f29e2784502754293d88b835109c,0xe72a049020087bb15584ed77789724ff9429062330ef079090b8bfb1a874827c
55,1100,0.6061,0x68c0596c63c6d57860be1ed38f7facadfbddef35,2017-10-25T03:29:36.000Z,0.000551,0xd5a33f6bd008bd6337686b5f63b503ac221a4a2c,sell,0xf05a9382a4c3f29e2784502754293d88b835109c,0x80b7379efab0236a2aa88fdc1a31036557e8eecb40b7622cf066820d3aef9062
56,103,0.059740103,0x87983902d569e393bc1eca07b076df9dbcfb5ec7,2017-10-25T03:28:07.000Z,0.000580001,0xd5a33f6bd008bd6337686b5f63b503ac221a4a2c,sell,0xf05a9382a4c3f29e2784502754293d88b835109c,0xfed513d0a09b96fcca264c60bb61429fd74a7c30a61ae0c9f097ec336cbb1e83
57,500,0.305,0xe5ad28858161fe7dc6900a69e0cf9f5c5de17ae5,2017-10-25T03:26:19.000Z,0.00061,0xd5a33f6bd008bd6337686b5f63b503ac221a4a2c,sell,0xf05a9382a4c3f29e2784502754293d88b835109c,0xe56bc76b85e097906286f2d325fb42308600a89563eaa9a4a8fd0dd70edfbb51
58,317,0.20605,0xae4f1f3f0eb0916c8580458d69fc712133ada64c,2017-10-25T03:25:41.000Z,0.00065,0xd5a33f6bd008bd6337686b5f63b503ac221a4a2c,sell,0xf05a9382a4c3f29e2784502754293d88b835109c,0xb592e6627d63f121cab560f7263aa185a7c661a1a8a4133af2d72c8f1a351573
59,199.38191606021334,0.119629149636128,0xae4f1f3f0eb0916c8580458d69fc712133ada64c,2017-10-25T00:20:18.000Z,0.0006,0xc1d0a826eeb8dcb18498db458a53f8b92a407afa,sell,0xf05a9382a4c3f29e2784502754293d88b835109c,0x4e5edb311c93039e9bc765f6fa8a463020bc263ec284ea7535be8fe65704f756
60,0.023235914035843883,0.000012779775955628,0x951571ecb267b433469ef2c50f4c7b74b1d631f7,2017-10-24T14:19:11.000Z,0.0005500009999999926,0xe4db6861121ae289c8187347c8fc5860eb4b533b,sell,0xf05a9382a4c3f29e2784502754293d88b835109c,0xe361febb983c831771137c7b4fb41131b487a83e3770fd2dfe6ac3614f83652d
61,233.07945369355,0.1281939326109062,0x951571ecb267b433469ef2c50f4c7b74b1d631f7,2017-10-24T14:18:33.000Z,0.0005500009999999999,0xe4db6861121ae289c8187347c8fc5860eb4b533b,sell,0xf05a9382a4c3f29e2784502754293d88b835109c,0xd738e1bda45328578f10c293400126cd95d44720103d27b19223c9272a2cd457
62,66,0.0429,0x24a457ccf77e5b568aad6b8fbfa093ec7200713b,2017-10-24T14:16:55.000Z,0.00065,0xe4db6861121ae289c8187347c8fc5860eb4b533b,sell,0xf05a9382a4c3f29e2784502754293d88b835109c,0xf469d66bd80375916ceaffe6af187fc6c6a08907b88c6605bf1b722781965eb7
63,1350,0.9913401,0x624091038337315d1984c3e2f01e3297818adf8f,2017-10-24T02:07:20.000Z,0.000734326,0x85cf746d3b613ea225a5721807d2b4e94138557d,sell,0xf05a9382a4c3f29e2784502754293d88b835109c,0x369d7a6fe9b8d4f96c5e0361c1c5237a693b6b7c0d6d79c1ad9c46ac2054d54f
64,1300,0.9617374,0xc2149d2abf2702a2bb5b5e94a7bf514773c536e4,2017-10-23T16:59:27.000Z,0.000739798,0x951571ecb267b433469ef2c50f4c7b74b1d631f7,buy,0xf05a9382a4c3f29e2784502754293d88b835109c,0xe8e9670311213b4d149e2d650595134721b3c7515754458e42379e54b751a0a3
65,3688.565447113947,1.7041209251320906,0x951571ecb267b433469ef2c50f4c7b74b1d631f7,2017-10-23T12:17:59.000Z,0.00046200099999999997,0x79dfda26ff037844daabe6dc3cdd39123a3bb8df,sell,0xf05a9382a4c3f29e2784502754293d88b835109c,0xfb7b4a2034809763532b1ec5fa1089a7ec85c46e88815feaf3c97e1a10d89531
66,0.5,0.00036995,0xd8b927ea401e15866f6269907364022dccffa9ed,2017-10-23T11:46:09.000Z,0.0007399,0x383932e5467528999954bf192452e390e1c84795,buy,0xf05a9382a4c3f29e2784502754293d88b835109c,0x295a15fd079ebcbabbb96f12b038f49dea8f0f511d3da92e5dd32f833381633f
67,0.9969095803010667,0.00044860931113548,0x8d71cd37bc1c715f6d4e9b5d68aa17a8b42cac87,2017-10-23T04:01:20.000Z,0.00045,0x7d053385a05276eedcaf706325ae34ae544741a6,sell,0xf05a9382a4c3f29e2784502754293d88b835109c,0xd45ceeb4adabe3d532d82544a4299e3e6ae91da9b150ec5e1e78abd41fb51e64
68,1.3333333333333333,0.001,0x4a57d0208164a1c1c63c75395dc444428a07b50a,2017-10-22T21:36:14.000Z,0.00075,0xed05637cafbf838059080a3ad9bb059140995554,buy,0xf05a9382a4c3f29e2784502754293d88b835109c,0x66348a7a2ebf84b325863fec102b825d2d9fdbcadce2604a12afc00254418be5
69,1.010317522210904,0.000454642884994906,0x8d71cd37bc1c715f6d4e9b5d68aa17a8b42cac87,2017-10-22T20:32:51.000Z,0.00044999999999999923,0xabb3613d01388a8d3c79b86fde98a50ae685b1c4,sell,0xf05a9382a4c3f29e2784502754293d88b835109c,0xef4b1dc382f09756c7e42216f9f244a500d2f1b58db36c5e4ae899cbfad41674
70,496,0.36703504,0x656546de162b91ef4cdc2c7c925be94f6c31f290,2017-10-22T17:54:27.000Z,0.00073999,0x8d71cd37bc1c715f6d4e9b5d68aa17a8b42cac87,buy,0xf05a9382a4c3f29e2784502754293d88b835109c,0xe3be3894b5d5311474d7c0dd90404383ccdd248fa364a99098281c3e9d159ec2
71,1330,0.9975,0x593d21f44826f79a1885ec8c9f85c10ac2de32c4,2017-10-21T19:27:16.000Z,0.00075,0xed05637cafbf838059080a3ad9bb059140995554,buy,0xf05a9382a4c3f29e2784502754293d88b835109c,0xd45903049e75d63782dd13f47c63b3f20ed1bdcc8369de95f65cdaec1122ec14
72,3,0.00224937,0x1352fd7ae127f80f4142b2230dd4c3bb3a5b406c,2017-10-21T13:14:56.000Z,0.00074979,0x8d71cd37bc1c715f6d4e9b5d68aa17a8b42cac87,buy,0xf05a9382a4c3f29e2784502754293d88b835109c,0xfd5e1f0124dd18798d01d7fa4d8ee75ce3035210047e4d3443a004f39f20ba98
73,11.9629149636128,0.00657960322998704,0x5ac47c5c7939d67ddfb84f047992a464ed2886a7,2017-10-21T10:01:54.000Z,0.00055,0xf2a15edf811f7ea1e6f13e9d76f821b38fb0cb0f,sell,0xf05a9382a4c3f29e2784502754293d88b835109c,0x463e0ba0f774f0aeb3a7baaf956da2f40a173e3744829f83053d68a38429cc39
74,213.06411745941577,0.10440141755511373,0xd7f7f6409bb576c38d8bbfef95d4359f788a7c08,2017-10-20T04:11:07.000Z,0.00049,0x06ba595d448d5cf67beb703465953eaf43732fa8,sell,0xf05a9382a4c3f29e2784502754293d88b835109c,0x5811d894d1ec0c4eba3becf56179aacb544505b9f5c21a3089937b5604199d85
75,400,0.2204,0x8909e1a4f31fc2214ea6c4a917268b833b00c000,2017-10-20T03:16:55.000Z,0.000551,0x06ba595d448d5cf67beb703465953eaf43732fa8,sell,0xf05a9382a4c3f29e2784502754293d88b835109c,0xf2b370071f764e8b7ff517846b36857b7a904cc7d09d60ea91ba6298657d500c
76,180,0.09918,0x8909e1a4f31fc2214ea6c4a917268b833b00c000,2017-10-20T02:47:20.000Z,0.000551,0x06ba595d448d5cf67beb703465953eaf43732fa8,buy,0xf05a9382a4c3f29e2784502754293d88b835109c,0x8f7c05f82cae9ee5c0cfc27f6d38c11712df1fbc7f9d0e49baa87297f3bd5a6d
77,180,0.09918,0xe41b5e6d7328eb3a519efe0ed8d63c8d1e63acf5,2017-10-20T02:45:26.000Z,0.000551,0x06ba595d448d5cf67beb703465953eaf43732fa8,sell,0xf05a9382a4c3f29e2784502754293d88b835109c,0x285ff12a902835ded80e0b26ebe43826b1c40c231d1f310158a2e49025e486c4
78,0.1,0.00007498,0x6cdea8e07bf82d7a07dbf36642d6e5be8623845c,2017-10-19T23:51:08.000Z,0.0007498,0x08b87a84a85186b2110d44144d32cd7ca4b08e6d,buy,0xf05a9382a4c3f29e2784502754293d88b835109c,0x97658e3fb0d1e8e83ddab5d2595f978a2473804bd512b073a4911bc152a1522e
79,1000,0.55,0x5ac47c5c7939d67ddfb84f047992a464ed2886a7,2017-10-19T17:03:08.000Z,0.00055,0x06ba595d448d5cf67beb703465953eaf43732fa8,sell,0xf05a9382a4c3f29e2784502754293d88b835109c,0x813e7a31b024cd01f8d0c5f6a1c4727a614655fb85392370d0df51485e26b4f0
80,391.586083142259,0.21537234572824246,0x5ac47c5c7939d67ddfb84f047992a464ed2886a7,2017-10-19T15:31:44.000Z,0.00055,0x48e07dd261e54ce5c6a88c89036dafa8c1f03d15,sell,0xf05a9382a4c3f29e2784502754293d88b835109c,0x74a3aa343ac9fefe27ea2c86b18eb29ea367a9e086926683fb867cd2024cbbae
81,340.494,0.18931806894,0x8d71cd37bc1c715f6d4e9b5d68aa17a8b42cac87,2017-10-19T13:50:32.000Z,0.00055601,0x06ba595d448d5cf67beb703465953eaf43732fa8,sell,0xf05a9382a4c3f29e2784502754293d88b835109c,0x0de5b084d09667acc81a6843615f51ba4bb5a61277e0e2c5c1e5988541bce93c
82,995.9126707207656,0.5537423836108065,0x85cf746d3b613ea225a5721807d2b4e94138557d,2017-10-19T06:02:21.000Z,0.000556015,0x557af32a6d8617bc40ed7d5eff870b0796ae94a0,sell,0xf05a9382a4c3f29e2784502754293d88b835109c,0x486c66fbce67176fd3644320a513ecf31956f828efdccb48fef567e53a409cbe
83,159.50553284817067,0.08868667131891138,0x8d71cd37bc1c715f6d4e9b5d68aa17a8b42cac87,2017-10-19T03:55:31.000Z,0.00055601,0x1780340a5340b3530af097b9cbff2c35d4a68c95,sell,0xf05a9382a4c3f29e2784502754293d88b835109c,0x0ae7a91c7475108ea24ee133e18ffe0bebe084ef1879da407f80508b1332d618
84,265,0.199001485,0x52c469c3be55ca0f4f3512a54075fa18cb805340,2017-10-18T20:15:26.000Z,0.000750949,0xc89e05f02816d3eb66807faeb6603a3ac885559f,buy,0xf05a9382a4c3f29e2784502754293d88b835109c,0x6de2bc98de2e8ebcbac1a75db7264158de1009a5537944a42fa560adf98a9999
85,20,0.01501898,0x0c592468326030edf2750b22c53c519db2920fa1,2017-10-18T18:01:17.000Z,0.000750949,0xc89e05f02816d3eb66807faeb6603a3ac885559f,buy,0xf05a9382a4c3f29e2784502754293d88b835109c,0x3c8625caabd769a4b51f760c41cdc61d152664bad9aec8d491d3c47595bb509c
86,1,0.000750952,0x3ac636ac5c3a2576156ac5f10066ca68abe0ad54,2017-10-18T16:26:21.000Z,0.000750952,0x557af32a6d8617bc40ed7d5eff870b0796ae94a0,buy,0xf05a9382a4c3f29e2784502754293d88b835109c,0x0a8550fe011895926a34b48f163adad06d905ae1e11f73bf2fd57c2918bf5c8a
87,0.6658224038585739,0.0005,0xf9695cd65d6dfdf257fab76a3eb0cb8f001971cc,2017-10-18T15:31:27.000Z,0.000750951,0x8d71cd37bc1c715f6d4e9b5d68aa17a8b42cac87,buy,0xf05a9382a4c3f29e2784502754293d88b835109c,0x85b54e45a5638e6e0d855e3ddcb2a842f95cb0b3a073de8178329ee6389e9fb1
88,0.6658224038585739,0.0005,0x379374d13077e8867ef31803c37baf9785a17c00,2017-10-18T15:28:45.000Z,0.000750951,0x8d71cd37bc1c715f6d4e9b5d68aa17a8b42cac87,buy,0xf05a9382a4c3f29e2784502754293d88b835109c,0x75f32b671e211ea74dd23eb2bc0c75aef1eae60d7b33df0044441b54a668328c
89,140.37241202230007,0.07720482661226503,0x5ac47c5c7939d67ddfb84f047992a464ed2886a7,2017-10-17T21:00:51.000Z,0.00055,0xc5a6494fe7fe7bc36a9b547e179894b2c0439b82,sell,0xf05a9382a4c3f29e2784502754293d88b835109c,0x058fc5222f689f140c4b2e782032a60fde43a153fcbb06fb10c02efa4058ea12
90,1340.6405119645372,0.7507586867001408,0x8909e1a4f31fc2214ea6c4a917268b833b00c000,2017-10-17T20:59:43.000Z,0.00056,0xc5a6494fe7fe7bc36a9b547e179894b2c0439b82,sell,0xf05a9382a4c3f29e2784502754293d88b835109c,0x307edcb1a4f82745b135b849fd039c90b239c9a36eb24bf0f7717b08fb669361
91,300,0.165003,0x8909e1a4f31fc2214ea6c4a917268b833b00c000,2017-10-17T20:59:12.000Z,0.00055001,0xc5a6494fe7fe7bc36a9b547e179894b2c0439b82,sell,0xf05a9382a4c3f29e2784502754293d88b835109c,0x7de13cc02fb80490e0191ce7f9555cdf18b0ae8a424ae78982a482fee7c8b8f5
92,300,0.165003,0x8909e1a4f31fc2214ea6c4a917268b833b00c000,2017-10-17T20:57:55.000Z,0.00055001,0xc5a6494fe7fe7bc36a9b547e179894b2c0439b82,sell,0xf05a9382a4c3f29e2784502754293d88b835109c,0x12dbb22997219f54915a70e8461874f79922ebe13191009eebf64309ff94f315
93,0.6658215172208077,0.0005,0x16e5d97bbc92417e051e3b2cabfbf8ceea2acb9c,2017-10-17T18:16:09.000Z,0.000750952,0x7b721865b203df37ee769ef1668c52cb65cc3c38,buy,0xf05a9382a4c3f29e2784502754293d88b835109c,0x0bc82cab806c73d04cac2d2868d1a8dc034eb25d8190875dc909dad2134fb64e
94,0.7936507936507936,0.0005,0xcd912af5286dc0b0a23edb30209734ecb60838b3,2017-10-17T05:57:48.000Z,0.00063,0x612a7f2862678dcaccb7e9334874882fe7bf0686,buy,0xf05a9382a4c3f29e2784502754293d88b835109c,0xe90c02f87eec4a71c71daf282415c08bce67ddcffaed00fe99645cb07c6dcb16
95,299.07286393556143,0.16449007516455877,0x5ac47c5c7939d67ddfb84f047992a464ed2886a7,2017-10-17T05:12:05.000Z,0.00055,0x0d103ad510878adc8c4f90a4c8b1a7e7673f5929,sell,0xf05a9382a4c3f29e2784502754293d88b835109c,0x48562882c1c6424586a88b5d3867fa3f9ce93d7f1d3d77444b3620eac12fd502
96,953.0864320606121,0.5241975376333367,0x5ac47c5c7939d67ddfb84f047992a464ed2886a7,2017-10-17T04:54:01.000Z,0.00055,0xdf3ac56dfdd88f987ef49d9d1c6cf264ff3eba0c,sell,0xf05a9382a4c3f29e2784502754293d88b835109c,0x35e95c1b947cf4c5330f220e2d1779809e56ac09c9b35fec9c78a217f337f181
97,205.68598043435026,0.11312728923889265,0x5ac47c5c7939d67ddfb84f047992a464ed2886a7,2017-10-16T20:20:19.000Z,0.00055,0x56e026625dc88369d0d7ca6d6f8dd7ca0c9bcf56,sell,0xf05a9382a4c3f29e2784502754293d88b835109c,0x3d4b4d45ff8dc39e48380cb3142d5e95c2da8d1cbe201148187c9f18ac32ea38
98,440.8846591639896,0.2777573352733135,0x06ba595d448d5cf67beb703465953eaf43732fa8,2017-10-16T18:21:13.000Z,0.00063,0x612a7f2862678dcaccb7e9334874882fe7bf0686,buy,0xf05a9382a4c3f29e2784502754293d88b835109c,0xd90b8e9974c1db06b9adaaf24667eb7c5632fae8622007cf36d755d7cc752de4
99,1879.0954390595502,1.1838301266075166,0x06ba595d448d5cf67beb703465953eaf43732fa8,2017-10-16T17:32:02.000Z,0.00063,0x612a7f2862678dcaccb7e9334874882fe7bf0686,buy,0xf05a9382a4c3f29e2784502754293d88b835109c,0xb3e3ecc890a673bcb4bbfade8936f76dc49dcef7edae31c6c3debbaf2dc856d8
100,2257.024031218936,1.241363217170415,0x5434d585c0b49961694f2e35003b161d65407c30,2017-10-16T16:40:50.000Z,0.00055,0xf6dd631279377205818c3a6725eeefb9d0f6b9f3,sell,0xf05a9382a4c3f29e2784502754293d88b835109c,0xbd2f28d5671c075c4e7eb34dffb04308a6a3caab6c8484dfc4597d713e8249f6
101,16.69193314502333,0.009848240555563765,0x002848284eb655a5a99250ffbb09605b8e624261,2017-10-16T16:32:38.000Z,0.0005899999999999999,0xf6dd631279377205818c3a6725eeefb9d0f6b9f3,sell,0xf05a9382a4c3f29e2784502754293d88b835109c,0x3790ff3a3ff30d5befef8df34470259713063c8bc72433bf73cca2098042d687
102,2,0.00126,0xbf52f67f8524587d6a7ab1f1f8d092c635b9587f,2017-10-16T11:44:42.000Z,0.00063,0x612a7f2862678dcaccb7e9334874882fe7bf0686,buy,0xf05a9382a4c3f29e2784502754293d88b835109c,0xf871f0903c384466f04fcd1715e475405a0893fed8aa3cb49707d16803bc4d70
103,40,0.02364,0x383932e5467528999954bf192452e390e1c84795,2017-10-16T10:43:32.000Z,0.000591,0xdf3ac56dfdd88f987ef49d9d1c6cf264ff3eba0c,sell,0xf05a9382a4c3f29e2784502754293d88b835109c,0x6318815706329368c281440b7c1577fcde3fe028a71e1a0b99de73bc3d22e9e4
104,16666,9.866272,0x20022227b9eb067456270f513fb0eb547689a10f,2017-10-16T06:06:09.000Z,0.000592,0xf6dd631279377205818c3a6725eeefb9d0f6b9f3,sell,0xf05a9382a4c3f29e2784502754293d88b835109c,0xa31f29e3fe975db78cf9aefeeaff2301f2dd0f9f4c45ba902e5eab8ee12ba983
105,1000,0.5999,0x3ae106e9f283215b2fbb7b4f5124cd7e20d88a13,2017-10-16T05:59:57.000Z,0.0005999,0xf6dd631279377205818c3a6725eeefb9d0f6b9f3,sell,0xf05a9382a4c3f29e2784502754293d88b835109c,0xa08711dd8dc121af071026d1813e17e08d950df41b29a0d4d2fff359c8828fa6
106,86,0.05074,0x002848284eb655a5a99250ffbb09605b8e624261,2017-10-14T10:35:06.000Z,0.00059,0x4e562f38878b500ac0e40cceacf07b8d39f4f937,sell,0xf05a9382a4c3f29e2784502754293d88b835109c,0xf5ca999fc8db2e8b19f3e3dbeda2fa6e946f4f5bb2694312dcd1bbd2190088e2
107,1417.784,0.82231472,0x1707706dc1d824328724b78b40d9a2ddfe8a7721,2017-10-14T09:54:03.000Z,0.00058,0x4e562f38878b500ac0e40cceacf07b8d39f4f937,sell,0xf05a9382a4c3f29e2784502754293d88b835109c,0xbf65e27bd921b90981e816fb31fa046873f99dfa298e81b2e26b575ef1f157fe
108,90.808,0.0544938808,0xb76c22caf4449ca354da2b77779e0d85fabbd31c,2017-10-14T09:49:57.000Z,0.0006001,0x4e562f38878b500ac0e40cceacf07b8d39f4f937,sell,0xf05a9382a4c3f29e2784502754293d88b835109c,0x52d2be206cc3c16b14fc43c4c1bd698203401b0e8fde7630ce578ff8cad12782
109,0.0894445840166444,0.00005277230456982,0x002848284eb655a5a99250ffbb09605b8e624261,2017-10-14T04:16:15.000Z,0.0005899999999999978,0x6469025bd3e7babdb55e0ebf58a5b857a7c444d7,sell,0xf05a9382a4c3f29e2784502754293d88b835109c,0xc7f1f3adcec8f47508aba6a243d2fda25ac7d9c9be6bab4a6d68b700b06c47d3
110,897.21862227096,0.5293589871398664,0x002848284eb655a5a99250ffbb09605b8e624261,2017-10-14T04:13:14.000Z,0.00059,0x6469025bd3e7babdb55e0ebf58a5b857a7c444d7,sell,0xf05a9382a4c3f29e2784502754293d88b835109c,0xad2334d396a455a7d1819a660150fc3ad29582c466dcffca31d8d765cefc36b1
111,582.2157152826238,0.33768511486392183,0x1707706dc1d824328724b78b40d9a2ddfe8a7721,2017-10-13T14:25:23.000Z,0.00058,0x8a34ffc8770f65a21548976421e6caa1ce26ff2b,sell,0xf05a9382a4c3f29e2784502754293d88b835109c,0x9e5e29cc4bcd408ecaf7231b77bcf09229726c4f3e8ced0045ce830a9c623a7a
112,1000,0.5,0x4240efa64bfa0e555982b26bf7a387a235821c75,2017-10-13T12:57:45.000Z,0.0005,0x8a34ffc8770f65a21548976421e6caa1ce26ff2b,sell,0xf05a9382a4c3f29e2784502754293d88b835109c,0xe58963f8c51a91f6bebd015a9865f9426ae03546bd91f7ce0d73c1bf63e6ee19
113,1000,0.500001,0x8d71cd37bc1c715f6d4e9b5d68aa17a8b42cac87,2017-10-13T12:47:40.000Z,0.000500001,0x8a34ffc8770f65a21548976421e6caa1ce26ff2b,sell,0xf05a9382a4c3f29e2784502754293d88b835109c,0xe86dc2907387a848db8ff62413435ccbe61bc261e673efd32d50ef0b1be6f8d5
114,2202.472,1.4316068,0xed05637cafbf838059080a3ad9bb059140995554,2017-10-13T12:46:29.000Z,0.00065,0x8a34ffc8770f65a21548976421e6caa1ce26ff2b,sell,0xf05a9382a4c3f29e2784502754293d88b835109c,0xcc25dd19d2e0bf9a8d18c19dbaa400edc8a759a46bddb5e994282468cb0bd98b
115,300,0.19533,0x383932e5467528999954bf192452e390e1c84795,2017-10-13T12:45:29.000Z,0.0006511,0x8a34ffc8770f65a21548976421e6caa1ce26ff2b,sell,0xf05a9382a4c3f29e2784502754293d88b835109c,0xb96b4f02a57dbbff9ce811669f3e1a15f12f20e1a2bf2587dec09cae5e9e4b0f
116,870.7075263865116,0.6094952684705581,0x086c11c7ec343fb54a6fb3ae80c4491ae10deb1c,2017-10-13T10:33:22.000Z,0.0007,0x17edd7a0609f208aa5f22507fa717afd9095ab67,sell,0xf05a9382a4c3f29e2784502754293d88b835109c,0xded36638dd58f43ef1ed046824c5aeab54bd3ffac3bc0b00ff06504939718075
117,0.8777523114857204,0.000659191985925776,0x0584e184eb509fa6417371c8a171206658792da0,2017-10-13T01:50:58.000Z,0.000751,0xc6a23e09e71db012b90c65b948830525128a12d2,buy,0xf05a9382a4c3f29e2784502754293d88b835109c,0xe339d96f2d5ef90c4b235dd54a78b5af797a98a4426531f16b8138d1924576b6
118,10.417,0.01000032,0xae9e119bbc4c1c81f6711d88b3fd9e6d16ddd503,2017-10-13T01:03:51.000Z,0.00096,0xed05637cafbf838059080a3ad9bb059140995554,buy,0xf05a9382a4c3f29e2784502754293d88b835109c,0x776c1fac0131c4f585322916d90a1b3001d89862a03e3eb847531746c873ee5c
119,1700.2924736134883,1.1902047315294417,0x086c11c7ec343fb54a6fb3ae80c4491ae10deb1c,2017-10-12T22:35:07.000Z,0.0007,0xfa4e68227b19e6150dc1cf2095658efc86951753,sell,0xf05a9382a4c3f29e2784502754293d88b835109c,0xb14fa779a5611b5d0e7597968bbcb583fc65a65f1d287008fceaab74422471c7
120,17.95774647887324,0.01275,0x4c1d622605e8e4ea966fadd095416e80c603d3c9,2017-10-12T22:32:33.000Z,0.0007099999999999999,0xfa4e68227b19e6150dc1cf2095658efc86951753,sell,0xf05a9382a4c3f29e2784502754293d88b835109c,0x800a8485d97e85268ee969f95150345a5e5e97ca50f46d9fcc2348f2803356b4
121,475,0.33725,0x4c1d622605e8e4ea966fadd095416e80c603d3c9,2017-10-12T22:28:00.000Z,0.00071,0xfa4e68227b19e6150dc1cf2095658efc86951753,sell,0xf05a9382a4c3f29e2784502754293d88b835109c,0x94755f5fab4cbed7d85093aecb21b8ffb265598b3badc0963b9c913c0a7ad9af
122,284,0.213270368,0x0584e184eb509fa6417371c8a171206658792da0,2017-10-12T22:23:00.000Z,0.000750952,0x7b721865b203df37ee769ef1668c52cb65cc3c38,sell,0xf05a9382a4c3f29e2784502754293d88b835109c,0x7cdfaeefb3415b5d78eaaed646ca7a0ab0d436fb7dfe8f3738636e14f1e47fa8
123,1000,0.75095,0x254fb89e4cab71708eaab16e067ca8156a38e18a,2017-10-12T21:11:24.000Z,0.00075095,0x7b721865b203df37ee769ef1668c52cb65cc3c38,sell,0xf05a9382a4c3f29e2784502754293d88b835109c,0x8cd97ae2082df56a38ad65ad57d5feffbd0ff63be3ab6fc1fe1ee26a4e091518
124,1320.4737749726846,0.991675805004486,0xeda454b054e02c569ba347389f3d2f362f24cbd9,2017-10-12T20:58:18.000Z,0.000751,0xc6a23e09e71db012b90c65b948830525128a12d2,buy,0xf05a9382a4c3f29e2784502754293d88b835109c,0x4429159bb77f5a73c0ab3d658987ba6ae80559be46fe2ad171f6343d46a1bfd0
125,320,0.24034848,0x0584e184eb509fa6417371c8a171206658792da0,2017-10-12T20:14:08.000Z,0.000751089,0x17edd7a0609f208aa5f22507fa717afd9095ab67,sell,0xf05a9382a4c3f29e2784502754293d88b835109c,0xf4bf108106b11efe21dcf6ab60dab07eba836bfedc20cbda451ac353b77aeb95
126,398,0.299296,0x1707706dc1d824328724b78b40d9a2ddfe8a7721,2017-10-12T19:51:08.000Z,0.000752,0x7b721865b203df37ee769ef1668c52cb65cc3c38,sell,0xf05a9382a4c3f29e2784502754293d88b835109c,0xcd6ebb71fb6f6bca70c7e9d04a4565decd0e8bec929393bc59cf1e537e93618e
127,1504.5135406218656,1.421765295887663,0xfe423f6b9b3aa093cc08831d9b106027f97e132e,2017-10-12T18:21:06.000Z,0.000945,0xb76c22caf4449ca354da2b77779e0d85fabbd31c,buy,0xf05a9382a4c3f29e2784502754293d88b835109c,0x33fffddfc0f7b5619ab76f5086aacf72e28143c9815bcdcd542efef07692adc0
128,1500,1.5,0x6aaccd5a292d3ae4b254bd7d4cd95c17b42a8be1,2017-10-12T18:21:06.000Z,0.001,0xfe423f6b9b3aa093cc08831d9b106027f97e132e,sell,0xf05a9382a4c3f29e2784502754293d88b835109c,0x33fffddfc0f7b5619ab76f5086aacf72e28143c9815bcdcd542efef07692adc0
129,395,0.3002,0x52c469c3be55ca0f4f3512a54075fa18cb805340,2017-10-12T16:32:18.000Z,0.00076,0x17edd7a0609f208aa5f22507fa717afd9095ab67,sell,0xf05a9382a4c3f29e2784502754293d88b835109c,0xa6d92a7280d6bdb09df9e6d9cfd45de5610f031204afd468202424c0dc81ce89
130,1632.9820457242547,1.6329820457242548,0x95d526888cf442a2b196056e4af27486f1522678,2017-10-12T08:52:27.000Z,0.001,0xfa97ee9c0f130234793e5158b1b14fc19d0b083e,buy,0xf05a9382a4c3f29e2784502754293d88b835109c,0x374beefb244b54a8023b7dfa5370e132f99b5e149c0d144335303b5b9b166290
131,2230.614,2.20830786,0x95d526888cf442a2b196056e4af27486f1522678,2017-10-12T08:32:20.000Z,0.00099,0xed05637cafbf838059080a3ad9bb059140995554,buy,0xf05a9382a4c3f29e2784502754293d88b835109c,0x30d51bdb0b9f2cd275438baf69dcfa7fba21cf0ae272bf180ee87f85a0a2da07
132,285.262,0.282124118,0x95d526888cf442a2b196056e4af27486f1522678,2017-10-12T08:28:40.000Z,0.000989,0x97f3a9c1a1d818b9cc4194e3205925b8cc23bf56,buy,0xf05a9382a4c3f29e2784502754293d88b835109c,0x9f686efecebe420ac1f5646208e8b536b3a3691f5b83ec85b6cb8b57052afde7
133,3000,2.9097,0x95d526888cf442a2b196056e4af27486f1522678,2017-10-12T08:28:32.000Z,0.0009699,0xed05637cafbf838059080a3ad9bb059140995554,buy,0xf05a9382a4c3f29e2784502754293d88b835109c,0xe20febdd2f3e30e01ebded9721cac15f4909c9316eff28edfbb829a37ffd4b7c
134,3000,2.4,0x95d526888cf442a2b196056e4af27486f1522678,2017-10-12T08:27:32.000Z,0.0008,0xed05637cafbf838059080a3ad9bb059140995554,buy,0xf05a9382a4c3f29e2784502754293d88b835109c,0xf9c54492e633bcb271fb5093bbeee5bb6c17d5724a80808c262de1be0d0e7e62
135,388,0.288672,0x95d526888cf442a2b196056e4af27486f1522678,2017-10-12T08:25:30.000Z,0.000744,0x738191015fd26ca58a2aa7f59ef53bd9c859ff68,buy,0xf05a9382a4c3f29e2784502754293d88b835109c,0x4a0391d7da5828cd279c06de70c4a3e426174d8fba72ad7a24c8c5d252a7635b
136,200,0.14844,0x95d526888cf442a2b196056e4af27486f1522678,2017-10-12T08:24:45.000Z,0.0007422,0x383932e5467528999954bf192452e390e1c84795,buy,0xf05a9382a4c3f29e2784502754293d88b835109c,0x6e574d940f16c81313a596f9e92797bbf3dc1c77d1fa1b27d44ab628d830263e
137,910,0.63709191,0x0584e184eb509fa6417371c8a171206658792da0,2017-10-11T23:55:04.000Z,0.000700101,0xc5a6494fe7fe7bc36a9b547e179894b2c0439b82,sell,0xf05a9382a4c3f29e2784502754293d88b835109c,0x138b57e2d7f0bccbd3c52505c8c23e4985320144bd22be982dcc2d86ad786c98
138,105,0.073510605,0x0584e184eb509fa6417371c8a171206658792da0,2017-10-11T22:03:14.000Z,0.000700101,0xdb325ae0e5801ffc5b93f4123a2081aa06c2d4b3,buy,0xf05a9382a4c3f29e2784502754293d88b835109c,0xd3701c63f586f54e0928ab3fdefcc98aafb4e9485614529c0199f712906ddba5
139,49.845479015053336,0.03489686970391785,0x0584e184eb509fa6417371c8a171206658792da0,2017-10-11T18:05:29.000Z,0.000700101,0x422d4d1f8a9373dc8b75f3e1aeab786083f38a51,sell,0xf05a9382a4c3f29e2784502754293d88b835109c,0x3906d0c016f1695fe216cb0c22d39de08368cc38e1546b098827177c983349d8
140,12,0.008928,0xf187eb34073c29ed27a39fb07f3cdd5ad75c99be,2017-10-10T02:42:00.000Z,0.000744,0x738191015fd26ca58a2aa7f59ef53bd9c859ff68,buy,0xf05a9382a4c3f29e2784502754293d88b835109c,0x4314fb30a98a89db895863d9a4295f45dd3af80fe6d0656ebce4cc4c894f932a
141,3401.333,2.55099975,0xc9f0996b769c27b50c43b39187967319c2f29b45,2017-10-09T15:04:24.000Z,0.00075,0xad7f84324d7e4e042ac6bce6f29c2f9b4f536cc6,buy,0xf05a9382a4c3f29e2784502754293d88b835109c,0x79aeb60a26f00580c06057821a2a45419d0ba66b42a0e90c15b93fe3a5e5bf07
142,800,0.6,0x669699b3ccc213c327a0e9cf1de218df75e9a535,2017-10-09T13:34:17.000Z,0.00075,0xad7f84324d7e4e042ac6bce6f29c2f9b4f536cc6,buy,0xf05a9382a4c3f29e2784502754293d88b835109c,0x793affe218c8bc5e3ec224677f0fa914c2fcb0c75e2799291f027d5f360ec386
143,9794.107463562344,7.345580597671758,0xd8b927ea401e15866f6269907364022dccffa9ed,2017-10-09T09:51:57.000Z,0.00075,0xad7f84324d7e4e042ac6bce6f29c2f9b4f536cc6,buy,0xf05a9382a4c3f29e2784502754293d88b835109c,0x5da8a5bf0ed95eacd1aa03f78bdd6f5f62521458dab0ed19646bd31e6a9d3e0f
144,1193,0.88282,0xd8b927ea401e15866f6269907364022dccffa9ed,2017-10-09T09:48:46.000Z,0.00074,0xf14e2952a6a71c342cba3d7aa4ed932151964945,buy,0xf05a9382a4c3f29e2784502754293d88b835109c,0xaf6ccf26f4d5e6c3623cd517655c47d469d1ab022793cefd327925d03e812640
145,79.75276642408534,0.055826936496859735,0xc9f0996b769c27b50c43b39187967319c2f29b45,2017-10-09T07:29:22.000Z,0.0007,0x57b070709b9baffa065ec5a284ebf26b98398dcc,sell,0xf05a9382a4c3f29e2784502754293d88b835109c,0x2a4e24fba7117434ce04fec2cd9261082877a5d31d534ab2dedde0d60fca15b6
146,1894.4368820257203,1.3261058174180043,0xc9f0996b769c27b50c43b39187967319c2f29b45,2017-10-09T01:30:18.000Z,0.0007,0x54b74d3b74463e66fd8b806da1e68b7d021902df,sell,0xf05a9382a4c3f29e2784502754293d88b835109c,0xc1c6dabe4058382106873507a1f09f4e1fb6dbc8bf1c711e5209a837e076c4bc
147,348.91835310537334,0.24424284717376135,0xc9f0996b769c27b50c43b39187967319c2f29b45,2017-10-08T12:54:47.000Z,0.0007,0xe4f6ba0c933075f37ef4a3ec6ea715f39be9ea6e,sell,0xf05a9382a4c3f29e2784502754293d88b835109c,0x7b78189e8f978222fbee22beb9d3d6edcf077dac5381c105e15710402319197e
148,796,0.5572,0xc9f0996b769c27b50c43b39187967319c2f29b45,2017-10-08T09:31:22.000Z,0.0007,0x917b4b0e86fc7766695095dd1a5292b3be8b2d14,sell,0xf05a9382a4c3f29e2784502754293d88b835109c,0x1da458a9d8ab1d2a8e02861ac278e67a1687a6ef5bf8beb91724d4757dc5259c
149,500,0.350513,0xb657afdd8e04b61a00ab51cd887a15fc576b26da,2017-10-08T09:20:17.000Z,0.000701026,0x917b4b0e86fc7766695095dd1a5292b3be8b2d14,sell,0xf05a9382a4c3f29e2784502754293d88b835109c,0x40e14cd21d3c37581ad182698d4b23d075ac6d2e49993cf198e95d83d6dde4fb
150,1000,0.76,0xc9f0996b769c27b50c43b39187967319c2f29b45,2017-10-08T08:30:53.000Z,0.00076,0x7bae79fb521ce567aa02f067954f1a95f81acf94,buy,0xf05a9382a4c3f29e2784502754293d88b835109c,0xefded63b9a2093aa28ba0c2c54f5412a96ab4f6e4892c73213b8fce6707f6aa3
151,10,0.008376,0xd8b927ea401e15866f6269907364022dccffa9ed,2017-10-08T08:21:02.000Z,0.0008376,0xdb325ae0e5801ffc5b93f4123a2081aa06c2d4b3,buy,0xf05a9382a4c3f29e2784502754293d88b835109c,0xe743836f6b49fc2372a9b3a421914ef7cb7cb703bc7c87d6b5a099a020f57568
152,105.932,0.099999808,0x87eb8e079ded802c2ee2b34af5641884ae5aec05,2017-10-08T02:57:13.000Z,0.000944,0x383932e5467528999954bf192452e390e1c84795,buy,0xf05a9382a4c3f29e2784502754293d88b835109c,0x1739b3cfd1e545df3c1751bcd86bd30bf0668cf2265a2105bc72f4e5d25a0bf2
153,329.1303592870748,0.3057621037776925,0xea09f5ddf7e0fb8ad9e3b0d525a36c3e86de21a0,2017-10-08T02:11:28.000Z,0.000929,0x5483e0717fbf5867ff12a5720448cd843f0e71f0,buy,0xf05a9382a4c3f29e2784502754293d88b835109c,0x7ad0e27fe5fef03e19012b0d1e7faf3e0a902a702ccdef2e7ff7598c13f91fd1
154,797.5276642408534,0.5183929817565547,0xed05637cafbf838059080a3ad9bb059140995554,2017-10-07T18:46:22.000Z,0.00065,0x6891d2ca95be4a5827b17dac4b55f252a7132ded,sell,0xf05a9382a4c3f29e2784502754293d88b835109c,0xd951445e01d59134d17f8843a7efdb062a4bc8e85391ae71e80bd586c21d85a3
155,1,0.00095,0x7d053385a05276eedcaf706325ae34ae544741a6,2017-10-07T17:23:48.000Z,0.00095,0xad7f84324d7e4e042ac6bce6f29c2f9b4f536cc6,buy,0xf05a9382a4c3f29e2784502754293d88b835109c,0x6e415146d18dada1952956e69cc4637213f6cabbc6456636ce59e9d4502b5109
156,1.011,0.000999879,0xe985ac05f01f7fa12e3322003e88bde06e6fe042,2017-10-07T13:56:08.000Z,0.000989,0x97f3a9c1a1d818b9cc4194e3205925b8cc23bf56,buy,0xf05a9382a4c3f29e2784502754293d88b835109c,0x49ae7dcd5138630b1e0e754233d4361366f4008edb5023e6a169b6cbc212d9d7
157,103.093,0.10000021,0xa62630e2cc8e53453302404eb80f03b45328e660,2017-10-07T13:10:12.000Z,0.00097,0x254fb89e4cab71708eaab16e067ca8156a38e18a,buy,0xf05a9382a4c3f29e2784502754293d88b835109c,0x72d9712617d8bcf145321bd527f8d25f0cb4c94f99d2626672af4e823a99b7ed
158,5,0.004925,0xeeb12121316645ac76b40ac9d130de4b2f655f6e,2017-10-07T12:59:57.000Z,0.000985,0xb76c22caf4449ca354da2b77779e0d85fabbd31c,buy,0xf05a9382a4c3f29e2784502754293d88b835109c,0x753cb63970237bd9fd68413cc3b032daa53110d76ec66d6fb05d1ae73ec7494e
159,215.86437045160005,0.13815319708902402,0xd8b927ea401e15866f6269907364022dccffa9ed,2017-10-07T11:50:14.000Z,0.0006399999999999999,0xafff5c7a5933e5216141e09710be9cc159cb6388,sell,0xf05a9382a4c3f29e2784502754293d88b835109c,0x5d92042c58c5300bcc9da7024c882a74cbf3e80252df3e9c04a7f6f45ed0f4b4
160,3000,1.95,0xd8b927ea401e15866f6269907364022dccffa9ed,2017-10-07T11:20:38.000Z,0.00065,0xafff5c7a5933e5216141e09710be9cc159cb6388,sell,0xf05a9382a4c3f29e2784502754293d88b835109c,0xf73cc2d459a615bb9bc84d88a0d2acb2856698330e86dbdcb4b464b05328d0d1
161,152,0.10032,0x617e72ff1760aec6ac3917dceb24e9c1044bd8b6,2017-10-07T11:20:11.000Z,0.00066,0xafff5c7a5933e5216141e09710be9cc159cb6388,sell,0xf05a9382a4c3f29e2784502754293d88b835109c,0x387fdb3b39f1e3331f0f05a9a59831cdc1a1cfedb1af99fcbf1034ebe6cd46e9
162,620.15,0.434105,0xc9f0996b769c27b50c43b39187967319c2f29b45,2017-10-07T11:19:28.000Z,0.0007,0xafff5c7a5933e5216141e09710be9cc159cb6388,sell,0xf05a9382a4c3f29e2784502754293d88b835109c,0x1394729be0b7cf96b0065d9a942b40c13a57abbc71a593992fe511f7a18c7bdf
163,29.85,0.020895,0xc9f0996b769c27b50c43b39187967319c2f29b45,2017-10-07T09:42:50.000Z,0.0007,0xf5fb2cb1dfb14c0924b8a7a83e34ca457638a11b,sell,0xf05a9382a4c3f29e2784502754293d88b835109c,0x6b8889a8c499e80592d18e8b6695b253a47cdc68c76fa109c2ed3c6c7e6a9bea
164,115,0.1081,0xdb325ae0e5801ffc5b93f4123a2081aa06c2d4b3,2017-10-07T08:20:59.000Z,0.00094,0x54b74d3b74463e66fd8b806da1e68b7d021902df,sell,0xf05a9382a4c3f29e2784502754293d88b835109c,0x8c973118adc23e592da7cde8de324cc52e144a554e1d2eb00d838581d9f1c642
165,134.4950652975775,0.10759605223806201,0xa60b9cb732e1377c50bdfe5a92e80cbac2a0bca7,2017-10-07T07:50:35.000Z,0.0008,0xabb3613d01388a8d3c79b86fde98a50ae685b1c4,sell,0xf05a9382a4c3f29e2784502754293d88b835109c,0xeb8e950ffa69216f6a9eec2467028ad8ab6cb031db111e02aab31688cc8b9943
166,1310.5274671435643,1.296111665004985,0x60573d1a8861d311916467ccb4c5b6f8c618d745,2017-10-07T04:24:45.000Z,0.000989,0x97f3a9c1a1d818b9cc4194e3205925b8cc23bf56,buy,0xf05a9382a4c3f29e2784502754293d88b835109c,0xf050bd5413d14ff0c99dcf2f9ebb6be353ef1a4787a3a8dd157e2588ba51e9c0
167,161.81707897960322,0.09725206446674155,0xa15913ea3d1e2ca9bb664df9a3811910b2e95386,2017-10-07T01:40:25.000Z,0.000601,0xa99feb7b084eded2de4b51b37a31c1d8564c66a4,sell,0xf05a9382a4c3f29e2784502754293d88b835109c,0x3a8439d08e3fe9cf76ac654f237a4c0404427941cab4063f511ee339efd800ff
168,5000,3.005,0xa15913ea3d1e2ca9bb664df9a3811910b2e95386,2017-10-07T01:38:03.000Z,0.000601,0xa99feb7b084eded2de4b51b37a31c1d8564c66a4,sell,0xf05a9382a4c3f29e2784502754293d88b835109c,0x1fe7ad31b94c5e56a9802ead562d64a1dca5d10c2fa24a49bb5af59821b4c155
169,900.12,0.5409811212,0x254fb89e4cab71708eaab16e067ca8156a38e18a,2017-10-07T01:36:00.000Z,0.00060101,0xa99feb7b084eded2de4b51b37a31c1d8564c66a4,sell,0xf05a9382a4c3f29e2784502754293d88b835109c,0x5379e4f6bd768305f700a298a31bd522f315bb8970cf3703904f178b9ce0d3c6
170,99.87978548525292,0.06002874987449185,0x254fb89e4cab71708eaab16e067ca8156a38e18a,2017-10-07T01:26:46.000Z,0.00060101,0xb20b2c3dca2d4745fad838074b9a777f76abf87e,sell,0xf05a9382a4c3f29e2784502754293d88b835109c,0x0376af83b3390cffcae723c53e247161667c69adfa0084efda6fd9e11c6d6245
171,440.553,0.435266364,0xd64f9a51bae07df65a546408507e5163c7a1648e,2017-10-07T00:56:06.000Z,0.000988,0x5e86daee51aeb577d96705f2282883c9478b9220,buy,0xf05a9382a4c3f29e2784502754293d88b835109c,0x5b1b49729b3e0ced7f4518b2ca2ecdb3c1eb1c5f1995b5cf7f5a823c80fb1c40
172,300,0.24,0x65d2ab349dcde00c46b082dbdb413e8ebdda4e60,2017-10-07T00:47:59.000Z,0.0008,0xa99feb7b084eded2de4b51b37a31c1d8564c66a4,sell,0xf05a9382a4c3f29e2784502754293d88b835109c,0xea13b3cf6c920c6bb75379492502c0f2b80b9b137703aea792244512dfae0b98
173,18.51851852,0.016666666668,0x5d5065b42bdee0274e394ba9042c21e1818c69cf,2017-10-07T00:45:32.000Z,0.0009,0xa99feb7b084eded2de4b51b37a31c1d8564c66a4,sell,0xf05a9382a4c3f29e2784502754293d88b835109c,0xdf73db46a1cdd11b3c59204fda7cdfe8676f0ff32d2936f40f087c6298614a59
174,336,0.30912,0x52c469c3be55ca0f4f3512a54075fa18cb805340,2017-10-07T00:42:52.000Z,0.00092,0xa99feb7b084eded2de4b51b37a31c1d8564c66a4,sell,0xf05a9382a4c3f29e2784502754293d88b835109c,0x61553ecd197220222086b9f0450c5a4d4454b7c394a94ed87978d3638610b9a3
175,50.618,0.03340788,0x3a0f00e4174ac54e0343067320709cb95ee020d7,2017-10-07T00:39:11.000Z,0.00066,0xa99feb7b084eded2de4b51b37a31c1d8564c66a4,sell,0xf05a9382a4c3f29e2784502754293d88b835109c,0x8e9b7c3f985f03bb3902ef0f433fa85df74c6979d35358c0a9eac12c608a8214
176,60,0.048,0xa60b9cb732e1377c50bdfe5a92e80cbac2a0bca7,2017-10-07T00:38:16.000Z,0.0008,0xa99feb7b084eded2de4b51b37a31c1d8564c66a4,sell,0xf05a9382a4c3f29e2784502754293d88b835109c,0x72b92dbec0934515dbdfc7f0eb9187d6bd7a6f0b762cc225b62999ffa60629ee
177,200,0.172,0xa60b9cb732e1377c50bdfe5a92e80cbac2a0bca7,2017-10-07T00:37:52.000Z,0.00086,0xa99feb7b084eded2de4b51b37a31c1d8564c66a4,sell,0xf05a9382a4c3f29e2784502754293d88b835109c,0x93f73fc5516f62422353acb55e7f865b6b8be6421aa7a0a27101c691ac6850bb
178,300,0.264,0xcc3a52a58bdf1916ca06a3e33095f485867edb88,2017-10-07T00:37:13.000Z,0.00088,0xa99feb7b084eded2de4b51b37a31c1d8564c66a4,sell,0xf05a9382a4c3f29e2784502754293d88b835109c,0x848c0157f2790c903aeead38b3cc02d298f96a8e0710ceaf70638fec31d92e30
179,2200,1.584,0xb76c22caf4449ca354da2b77779e0d85fabbd31c,2017-10-07T00:31:57.000Z,0.00072,0xa99feb7b084eded2de4b51b37a31c1d8564c66a4,sell,0xf05a9382a4c3f29e2784502754293d88b835109c,0x7794e24eb80f2ea0841850c819c7425c5b1938417adbd20b1a39b333a0093fcc
180,93,0.08835,0xf14e2952a6a71c342cba3d7aa4ed932151964945,2017-10-07T00:26:13.000Z,0.00095,0xa99feb7b084eded2de4b51b37a31c1d8564c66a4,sell,0xf05a9382a4c3f29e2784502754293d88b835109c,0x6d22dca69a789230f4de022317467a11632cf6072f3d870932c3661206012b6c
181,100,0.0945,0xb8186b97012530dceadc931136bf6cc7e4237f10,2017-10-07T00:24:46.000Z,0.000945,0xa99feb7b084eded2de4b51b37a31c1d8564c66a4,sell,0xf05a9382a4c3f29e2784502754293d88b835109c,0x9989779406f6af5640923f25847f0ac60972ff01fb4064f2907a13ac3ec758f5
182,50,0.046,0x422d4d1f8a9373dc8b75f3e1aeab786083f38a51,2017-10-07T00:24:46.000Z,0.00092,0xa99feb7b084eded2de4b51b37a31c1d8564c66a4,sell,0xf05a9382a4c3f29e2784502754293d88b835109c,0x4e137e6d4cef46051b52632f0a224446b5d78480c2bd0c7c93c191d791e599fd
183,200,0.18,0xa60b9cb732e1377c50bdfe5a92e80cbac2a0bca7,2017-10-07T00:24:46.000Z,0.0009,0xa99feb7b084eded2de4b51b37a31c1d8564c66a4,sell,0xf05a9382a4c3f29e2784502754293d88b835109c,0x7ce9a66a30980bcd4f0d25d1ec6455eb150042aec846fc33b00045560b5fc0ce
184,68.55883542395094,0.06773612939886352,0xf130b0f50f6db508c1aa4460fb3824f3135cae22,2017-10-06T23:33:59.000Z,0.000988,0x5e86daee51aeb577d96705f2282883c9478b9220,buy,0xf05a9382a4c3f29e2784502754293d88b835109c,0x61a2bc6350ca74952b00cbdb4682402163c4e96d2a8673b848a37efa3a4cba2b
185,1210.8877217095119,1.1963570690489977,0x4d63f7bc86b6c300953c7784a526a837200f06cb,2017-10-06T23:08:22.000Z,0.000988,0x5e86daee51aeb577d96705f2282883c9478b9220,buy,0xf05a9382a4c3f29e2784502754293d88b835109c,0xe5649c83320b518c21e1b3b086091f89119798e06ab2feee40677175fbeda647
186,230,0.22724,0xb8186b97012530dceadc931136bf6cc7e4237f10,2017-10-06T22:58:57.000Z,0.000988,0x5e86daee51aeb577d96705f2282883c9478b9220,buy,0xf05a9382a4c3f29e2784502754293d88b835109c,0x7e3d6813f8306681cbc9b8754ac962e67c5891ed046037f90178d68e2f6437cb
187,360.971,0.357000319,0xb8186b97012530dceadc931136bf6cc7e4237f10,2017-10-06T21:31:16.000Z,0.000989,0x97f3a9c1a1d818b9cc4194e3205925b8cc23bf56,buy,0xf05a9382a4c3f29e2784502754293d88b835109c,0xdae40deb920d5f652f3a770ed6f55e2a79abf97891e463e51a9f2dceb62c05f0
188,403.1992955306699,0.3987641032798325,0x52c469c3be55ca0f4f3512a54075fa18cb805340,2017-10-06T21:30:47.000Z,0.000989,0x97f3a9c1a1d818b9cc4194e3205925b8cc23bf56,buy,0xf05a9382a4c3f29e2784502754293d88b835109c,0xabb353197ec85e8013a3dad3b22d0840ad3c1724fd5b9642f87c660b55f9a61a
189,180,0.1773,0x422d4d1f8a9373dc8b75f3e1aeab786083f38a51,2017-10-06T21:23:36.000Z,0.000985,0x3a0f00e4174ac54e0343067320709cb95ee020d7,buy,0xf05a9382a4c3f29e2784502754293d88b835109c,0x7f70f84b8d0b9cc94740aa4ec2df557e5309ce5f0cb103119e19982cbe9e5e61
190,20,0.0197,0x422d4d1f8a9373dc8b75f3e1aeab786083f38a51,2017-10-06T21:19:12.000Z,0.000985,0x3a0f00e4174ac54e0343067320709cb95ee020d7,buy,0xf05a9382a4c3f29e2784502754293d88b835109c,0x241635bc1b6376f8e3d92317575ecc299ed08fcda04efe285b08011e70e2c78d
191,137.152,0.135643328,0x52c469c3be55ca0f4f3512a54075fa18cb805340,2017-10-06T20:54:51.000Z,0.000989,0xb76c22caf4449ca354da2b77779e0d85fabbd31c,sell,0xf05a9382a4c3f29e2784502754293d88b835109c,0xca0fdb139449ee090a09556cb8911b8d2496940bfcb1273606162b441f459f72
192,1100,1.089,0xf14e2952a6a71c342cba3d7aa4ed932151964945,2017-10-06T20:52:14.000Z,0.00099,0xb76c22caf4449ca354da2b77779e0d85fabbd31c,sell,0xf05a9382a4c3f29e2784502754293d88b835109c,0x361c17057af68466280d727e87e8d48420facb2263d4d696a7d7d5ec4b4ce9db
193,2769.385645710466,2.7416917892533617,0xa644c78bb802d1c182a7eaa1f98fec65efe40055,2017-10-06T20:27:00.000Z,0.00099,0xed05637cafbf838059080a3ad9bb059140995554,buy,0xf05a9382a4c3f29e2784502754293d88b835109c,0x8c3da747acbf90aa06d6d458001a55bfa6a1f5f603861fdc50d343b738a513d5
194,20,0.015,0x52c469c3be55ca0f4f3512a54075fa18cb805340,2017-10-06T18:55:16.000Z,0.00075,0xf5fb2cb1dfb14c0924b8a7a83e34ca457638a11b,sell,0xf05a9382a4c3f29e2784502754293d88b835109c,0xb98cae8f44db6f924846120d8c29d6ce6e9a40570554c4578031c11bbf0c3882
195,2639.029,2.609999681,0xe6092b71c9241070b84691d6a397f1da807b12dc,2017-10-06T17:41:04.000Z,0.000989,0x97f3a9c1a1d818b9cc4194e3205925b8cc23bf56,buy,0xf05a9382a4c3f29e2784502754293d88b835109c,0x422a7453aea4af6f57834779eb5f97478bf1062aeb5a691f10a979390da751c8
196,999.99,0.9799902,0xe6092b71c9241070b84691d6a397f1da807b12dc,2017-10-06T17:34:10.000Z,0.00098,0x0845ad270268891eb78c056035d6ecd6b06c2ed4,buy,0xf05a9382a4c3f29e2784502754293d88b835109c,0xba0c433e6705e62a9eee96af907efb2672c8d417ccad64b6f746306cb2002ca1
197,3800,3.686,0xe6092b71c9241070b84691d6a397f1da807b12dc,2017-10-06T17:23:50.000Z,0.00097,0x5e86daee51aeb577d96705f2282883c9478b9220,buy,0xf05a9382a4c3f29e2784502754293d88b835109c,0x8c7adb5fa95a088e2e2b744407b731971780546467bb925f8e3a77df13ef9977
198,200,0.19332,0xe6092b71c9241070b84691d6a397f1da807b12dc,2017-10-06T17:18:35.000Z,0.0009666,0x383932e5467528999954bf192452e390e1c84795,buy,0xf05a9382a4c3f29e2784502754293d88b835109c,0x8b48cc98c7e17a4626357e2e09614bc9ad77f4bb910c3e581119b50b2dd571b7
199,48.025,0.03842,0x694b0f986cd11b4922551623ab41560a9807d29a,2017-10-06T08:33:07.000Z,0.0008,0x1a6b3ff9c17ba22980281cf2a5fa829b994bbd20,buy,0xf05a9382a4c3f29e2784502754293d88b835109c,0x416afcf337e1d9760dc6c66028dfc7db3820eb1dec5ee05416a142c382d673c0
200,300,0.2529,0x694b0f986cd11b4922551623ab41560a9807d29a,2017-10-06T07:32:47.000Z,0.000843,0xe41b5e6d7328eb3a519efe0ed8d63c8d1e63acf5,buy,0xf05a9382a4c3f29e2784502754293d88b835109c,0x0a433e0b603edf94d970576ef567e53619dc60fb9320b786e3bd0256564efc07
201,1,0.0008,0xd8a62ad8a7efa8a3267932d2e478c026566fbe34,2017-10-05T18:23:18.000Z,0.0008,0x1a6b3ff9c17ba22980281cf2a5fa829b994bbd20,buy,0xf05a9382a4c3f29e2784502754293d88b835109c,0x9ce46e6a375f0562e5cd41a5aa73454d76396eb314ce437bd7a17342c969d89f
202,50,0.0422,0xa60b9cb732e1377c50bdfe5a92e80cbac2a0bca7,2017-10-05T16:44:32.000Z,0.000844,0x5e86daee51aeb577d96705f2282883c9478b9220,buy,0xf05a9382a4c3f29e2784502754293d88b835109c,0x1af2afde2d79016557345a0933f831e1cc9c1e7dca41cd8e3ae1b9f7a99b3b64
203,49.02593781344032,0.028435043931795388,0x1a6b3ff9c17ba22980281cf2a5fa829b994bbd20,2017-10-05T15:54:12.000Z,0.00058,0x1e27ba028eff3cb0e653558677024749bd051f18,buy,0xf05a9382a4c3f29e2784502754293d88b835109c,0x780126954ffc3e3553c7e219790837fbd670f724d1b316317df575feda2e8e8e
204,100,0.069,0xa60b9cb732e1377c50bdfe5a92e80cbac2a0bca7,2017-10-05T15:35:13.000Z,0.00069,0xdd5ed75a9175b77685cfd27124f86b3a6c053660,sell,0xf05a9382a4c3f29e2784502754293d88b835109c,0x0cbe2c8f29ca1b56e9681355bd015a62afd8dc8a187d465e53c0c14fbc74601d
205,100.31,0.0581798,0xdd5ed75a9175b77685cfd27124f86b3a6c053660,2017-10-05T15:35:13.000Z,0.00058,0x1e27ba028eff3cb0e653558677024749bd051f18,buy,0xf05a9382a4c3f29e2784502754293d88b835109c,0x0cbe2c8f29ca1b56e9681355bd015a62afd8dc8a187d465e53c0c14fbc74601d
206,100.31,0.0581798,0xdd5ed75a9175b77685cfd27124f86b3a6c053660,2017-10-05T15:28:35.000Z,0.00058,0x1e27ba028eff3cb0e653558677024749bd051f18,buy,0xf05a9382a4c3f29e2784502754293d88b835109c,0x9dcf8ea361f839636f41d5ee850b08cbdec8466710c36020b61b90fff09f4db1
207,100,0.08,0xa60b9cb732e1377c50bdfe5a92e80cbac2a0bca7,2017-10-05T15:28:35.000Z,0.0008,0xdd5ed75a9175b77685cfd27124f86b3a6c053660,sell,0xf05a9382a4c3f29e2784502754293d88b835109c,0x9dcf8ea361f839636f41d5ee850b08cbdec8466710c36020b61b90fff09f4db1
208,450,0.315,0xa60b9cb732e1377c50bdfe5a92e80cbac2a0bca7,2017-10-05T15:27:20.000Z,0.0007,0xfe423f6b9b3aa093cc08831d9b106027f97e132e,sell,0xf05a9382a4c3f29e2784502754293d88b835109c,0xd1d8f1d16bc33b70bfa49bf9e444de6ea49855306958f2eaa1bc196d1c2d0651
209,451.3540621865597,0.26178535606820463,0xfe423f6b9b3aa093cc08831d9b106027f97e132e,2017-10-05T15:27:20.000Z,0.00058,0x1e27ba028eff3cb0e653558677024749bd051f18,buy,0xf05a9382a4c3f29e2784502754293d88b835109c,0xd1d8f1d16bc33b70bfa49bf9e444de6ea49855306958f2eaa1bc196d1c2d0651
210,828.402,0.69999969,0x34dd058ffdc87b28d1402053db3c8b6272c16615,2017-10-05T10:00:21.000Z,0.000845,0x6ecd401e0f4576cd5834972b96acca8cadd4566e,buy,0xf05a9382a4c3f29e2784502754293d88b835109c,0x1c1f646e17702ead625defac01eb8b05ca3a31601a44e3ec532ed0d400323b25
211,2000,1.68,0x34dd058ffdc87b28d1402053db3c8b6272c16615,2017-10-05T09:44:40.000Z,0.00084,0x5e86daee51aeb577d96705f2282883c9478b9220,buy,0xf05a9382a4c3f29e2784502754293d88b835109c,0xc8f0454750f690410569c688e457430ca40f4e7f251c4c5cd2f25e93df4546fc
212,4142.012,3.50000014,0xa62630e2cc8e53453302404eb80f03b45328e660,2017-10-05T09:15:39.000Z,0.000845,0x6ecd401e0f4576cd5834972b96acca8cadd4566e,buy,0xf05a9382a4c3f29e2784502754293d88b835109c,0xa48318f752e578bf558c532aacc09a67c8552d41689b655329376c96eadfa224
213,200,0.16888,0xa62630e2cc8e53453302404eb80f03b45328e660,2017-10-05T09:02:57.000Z,0.0008444,0x383932e5467528999954bf192452e390e1c84795,buy,0xf05a9382a4c3f29e2784502754293d88b835109c,0x5a7182c9fde1f7284c8389edb3dffa3985ef2acdb25736e6ffb51cb47576c886
214,125,0.1025,0xa62630e2cc8e53453302404eb80f03b45328e660,2017-10-05T08:45:11.000Z,0.00082,0x440fbd6cbef1651ac34825e165d431b54532396b,buy,0xf05a9382a4c3f29e2784502754293d88b835109c,0xb8913f53fd8b6748488c98ae18a15471c6e581c40f4fd9dc6d9c9642468a2b27
215,1000,0.819,0xa62630e2cc8e53453302404eb80f03b45328e660,2017-10-05T08:36:56.000Z,0.000819,0x8d71cd37bc1c715f6d4e9b5d68aa17a8b42cac87,buy,0xf05a9382a4c3f29e2784502754293d88b835109c,0x2fe4050887c944b3b57b6e39c5f733e73ed3de0a01a413086f3bbf6808d653bf
216,3471.7859627811445,2.777428770224916,0xa62630e2cc8e53453302404eb80f03b45328e660,2017-10-05T08:31:47.000Z,0.0008,0x0012249737e07bf5df7a317244a269c235247310,buy,0xf05a9382a4c3f29e2784502754293d88b835109c,0xf75b409a69d40f50ff6b2ebade16fd8868540d137e95c5531afaf67d8e52baaf
217,199.38191606021334,0.1315920645997408,0x3a0f00e4174ac54e0343067320709cb95ee020d7,2017-10-05T08:31:35.000Z,0.00066,0x1899a21760650d300930da2bf4df4f17089d3a1d,sell,0xf05a9382a4c3f29e2784502754293d88b835109c,0xc717201699801c040d5cc7cfbe5663582a5bbb200ef089e05bf6d455878ae1c9
218,2315.0730372188555,1.8520584297750844,0xc9f0996b769c27b50c43b39187967319c2f29b45,2017-10-05T08:21:29.000Z,0.0008,0x0012249737e07bf5df7a317244a269c235247310,buy,0xf05a9382a4c3f29e2784502754293d88b835109c,0x6fb445cc95fdeb3fa7ea81a389e7574f201dcc513f68bbe7b3cbf03bfde7dd43
219,2812.5,2.25,0x34dd058ffdc87b28d1402053db3c8b6272c16615,2017-10-05T08:12:04.000Z,0.0008,0x0012249737e07bf5df7a317244a269c235247310,buy,0xf05a9382a4c3f29e2784502754293d88b835109c,0x61d058db24559f1da7698161272ffd5294c67a490c7fa850360d6d259daaa9f9
220,2100,1.6695,0x34dd058ffdc87b28d1402053db3c8b6272c16615,2017-10-05T06:15:30.000Z,0.000795,0x14dd3d5e930230e37aa4af6df2c0444e5496c5a1,buy,0xf05a9382a4c3f29e2784502754293d88b835109c,0xeb149d0f87b70b92f655257d8ea43ecf30e5946c7ff332f86febdfd72a867e92
221,1125,0.9,0x85cf746d3b613ea225a5721807d2b4e94138557d,2017-10-05T04:20:22.000Z,0.0008,0x0012249737e07bf5df7a317244a269c235247310,buy,0xf05a9382a4c3f29e2784502754293d88b835109c,0x2ba76ceaa1ba2586d2ba80a6ea9d55ee92b3cd341e179f070b6220af550c12a5
222,90,0.072,0x34dd058ffdc87b28d1402053db3c8b6272c16615,2017-10-05T04:07:55.000Z,0.0008,0x0012249737e07bf5df7a317244a269c235247310,buy,0xf05a9382a4c3f29e2784502754293d88b835109c,0x9360c56c63441c399a0d90e545c26787e6e75387aa2d6724762040515cd855e0
223,8.712,0.0069696,0x34dd058ffdc87b28d1402053db3c8b6272c16615,2017-10-04T20:35:01.000Z,0.0008,0x37f368b91a7d9629e2165fbccd6f2aaea4de04e5,buy,0xf05a9382a4c3f29e2784502754293d88b835109c,0x905b4be2843208a3b0eb3aebc952221c39d420d2a89a54f2939e4c8994a006fb
224,996.9095803010667,0.5502641810387798,0xa15913ea3d1e2ca9bb664df9a3811910b2e95386,2017-10-04T19:51:46.000Z,0.00055197,0xe7b1eff86fc73198cae23d417244acf655961777,sell,0xf05a9382a4c3f29e2784502754293d88b835109c,0x75a305755dbe93caecbab4344817af4cdd68cc99da8ca84de9adf834d9fbcaa6
225,2161.8379462570792,1.8159438748559467,0xc9f0996b769c27b50c43b39187967319c2f29b45,2017-10-04T13:45:40.000Z,0.00084,0x5776300ed4582980d081d693487d8e91c8eb5f75,buy,0xf05a9382a4c3f29e2784502754293d88b835109c,0x0065d0bc6218f29d89fb89aec0f2574bf5b8e16486c3f0d6026f462db64daba7
226,220,0.18326,0xc9f0996b769c27b50c43b39187967319c2f29b45,2017-10-04T10:04:58.000Z,0.000833,0x3a0f00e4174ac54e0343067320709cb95ee020d7,buy,0xf05a9382a4c3f29e2784502754293d88b835109c,0xdfa7ab9a97ff09d107a736294a2f3daeb2ba69b1ad99b344e91507bbec3066c5
227,4509.829053742921,3.7882564051440535,0xa62630e2cc8e53453302404eb80f03b45328e660,2017-10-04T10:04:58.000Z,0.00084,0x5776300ed4582980d081d693487d8e91c8eb5f75,buy,0xf05a9382a4c3f29e2784502754293d88b835109c,0xf8065c37e1818d8a805c07a36970b72d297b786b30c24054c148126cddc26b4d
228,8333.333,6.99999972,0xc9f0996b769c27b50c43b39187967319c2f29b45,2017-10-04T07:51:18.000Z,0.00084,0x5776300ed4582980d081d693487d8e91c8eb5f75,buy,0xf05a9382a4c3f29e2784502754293d88b835109c,0xabdc5c13fc6d7365b3e301b5551f7117a2cf99cef398657f424798c7cabc2cf5
229,1000,0.50101,0x8d71cd37bc1c715f6d4e9b5d68aa17a8b42cac87,2017-10-04T06:53:57.000Z,0.00050101,0x37f368b91a7d9629e2165fbccd6f2aaea4de04e5,sell,0xf05a9382a4c3f29e2784502754293d88b835109c,0xd84509736226a8001361bc145d9d368b14e0b3c79b0aca660e80c758311990b2
230,250,0.1825,0x3a0f00e4174ac54e0343067320709cb95ee020d7,2017-10-04T06:13:37.000Z,0.00073,0x37f368b91a7d9629e2165fbccd6f2aaea4de04e5,sell,0xf05a9382a4c3f29e2784502754293d88b835109c,0xd99cb3b4c1e258853fdc19322baf20f6f4deff052642ebb9eb13fd97d79638b2
231,250,0.1825,0x3a0f00e4174ac54e0343067320709cb95ee020d7,2017-10-04T06:13:08.000Z,0.00073,0x37f368b91a7d9629e2165fbccd6f2aaea4de04e5,sell,0xf05a9382a4c3f29e2784502754293d88b835109c,0xd99cb3b4c1e258853fdc19322baf20f6f4deff052642ebb9eb13fd97d79638b2
232,111,0.081040989,0x28fc50a4088f19e18ec8272f5a3fcd035bc2cbe5,2017-10-04T06:06:09.000Z,0.000730099,0x37f368b91a7d9629e2165fbccd6f2aaea4de04e5,sell,0xf05a9382a4c3f29e2784502754293d88b835109c,0x363661e95a8228d4f4abcffa439a51717106fd0432f4f98cf327e65afff64948
233,58.98873256219329,0.04984547901505333,0xc9f0996b769c27b50c43b39187967319c2f29b45,2017-10-03T18:06:38.000Z,0.000845,0x6ecd401e0f4576cd5834972b96acca8cadd4566e,buy,0xf05a9382a4c3f29e2784502754293d88b835109c,0x3204b287409fc4cfc953a7cd607117974cdf8b8020f144f09a20de62308455a5
234,1942.3218819806216,1.359625317386435,0xd8b927ea401e15866f6269907364022dccffa9ed,2017-10-03T16:25:26.000Z,0.0007,0x74f355aeddfe000c50701d15594e37af63fddaa4,sell,0xf05a9382a4c3f29e2784502754293d88b835109c,0xaf99653ac3a8f671de8ecf8f124e1bd88aef52b767862c7b6c632be4b29c1312
235,2500,1.625,0xd8b927ea401e15866f6269907364022dccffa9ed,2017-10-03T16:14:50.000Z,0.00065,0x74f355aeddfe000c50701d15594e37af63fddaa4,sell,0xf05a9382a4c3f29e2784502754293d88b835109c,0xa464ad6a298d49650fff404e13545b0a88206c1114a0a7c01a6b3df6d8255de5
236,5,0.005,0x74f355aeddfe000c50701d15594e37af63fddaa4,2017-10-01T14:30:02.000Z,0.001,0xed05637cafbf838059080a3ad9bb059140995554,buy,0xf05a9382a4c3f29e2784502754293d88b835109c,0x73099143b673abdd1b82327cf19dfebbeadca9f55e083885935cf53d2888e0a4
237,0.9530455587678197,0.000801511314923736,0x3b43f3faa395529bf91f9bce478dc20ab40021c6,2017-10-01T11:16:07.000Z,0.0008409999999999995,0xcc465cd08adfb3424ce968b08950388004f8999f,sell,0xf05a9382a4c3f29e2784502754293d88b835109c,0xe24c1ee57717a0be22e144560df760540c076f020101eedc75784c371bd7235d
238,41.47617252826399,0.03488146109627001,0xcc465cd08adfb3424ce968b08950388004f8999f,2017-10-01T11:14:26.000Z,0.000841,0xa37e69f01a3f50f7767585562cd29dc0277f3612,sell,0xf05a9382a4c3f29e2784502754293d88b835109c,0x0c475b3525be51a3efcc9f5a238f0209a5735419d7db62d4415f1176ef3cf1fd
239,1.149,0.00099963,0xcdd53f530ab4fb824fc9f2a321f3c001b4a710cc,2017-10-01T11:04:09.000Z,0.00087,0x74f355aeddfe000c50701d15594e37af63fddaa4,buy,0xf05a9382a4c3f29e2784502754293d88b835109c,0x243115f783b4f650e50435ea365e819c4f5a155d17af08ae1f8f69dac54d155c
240,0.000412011,0.10300275,0x8441f5b518112aa95ed4f7dc8f78e80a1926bbcf,2017-10-01T09:50:31.000Z,250,0x0249924245a19aa2d7f5ddb0739a7132b7d094ab,sell,0xf05a9382a4c3f29e2784502754293d88b835109c,0x06a92272709d4ebf519d885ff0e44f9c4a6db06a76d2a5432ad7fd6490b45d97
241,4451.992079814761,1.8253167527240521,0x74f355aeddfe000c50701d15594e37af63fddaa4,2017-10-01T03:55:03.000Z,0.00041,0x4c12baff62b2badde2547fc20bb65e798b36e151,sell,0xf05a9382a4c3f29e2784502754293d88b835109c,0x0c49b3c06aade0d5715eb8d028a6ec76f76ca21fe07253385214af4945417679
242,2000,0.82002,0x8d71cd37bc1c715f6d4e9b5d68aa17a8b42cac87,2017-10-01T03:53:35.000Z,0.00041001,0x4c12baff62b2badde2547fc20bb65e798b36e151,sell,0xf05a9382a4c3f29e2784502754293d88b835109c,0x05eda1bb75c21616596fa1bcb420ed2c500af79a72fbf9377b4cc335f063b217
243,320.93884436135056,0.2699095681078958,0xe903561b701bdfe97bc572c9cdc4a705ce4803a0,2017-10-01T03:51:36.000Z,0.000841,0x5776300ed4582980d081d693487d8e91c8eb5f75,sell,0xf05a9382a4c3f29e2784502754293d88b835109c,0xa9c4f9f90b68265008bd6851dd7f6af6fe427f1fac3b010e36aa76268553476c
244,731.5729226918335,0.6072055258342218,0xed05637cafbf838059080a3ad9bb059140995554,2017-10-01T03:51:36.000Z,0.00083,0x5776300ed4582980d081d693487d8e91c8eb5f75,sell,0xf05a9382a4c3f29e2784502754293d88b835109c,0x705997ee3f1d5be29007e926afff940e00dc08216143498738bfb9f634e96078
245,3658.523,2.999999835569,0x7976e652f7472830b2b2ab23980506e4512fae4f,2017-10-01T03:51:36.000Z,0.000820003,0x5776300ed4582980d081d693487d8e91c8eb5f75,sell,0xf05a9382a4c3f29e2784502754293d88b835109c,0xae91e23083487d104aeac79d1d2f90746e3bd7bc6393faaebce863deb083886a
246,202.472,0.170076682472,0x0845ad270268891eb78c056035d6ecd6b06c2ed4,2017-10-01T03:51:36.000Z,0.000840001,0x5776300ed4582980d081d693487d8e91c8eb5f75,sell,0xf05a9382a4c3f29e2784502754293d88b835109c,0xbaaa8f9f7d4171b2ef11ab9d4da83e7a96f10fcfb9472a8c67b641e8cda989cd
247,2297.9669016050243,1.9302921973482206,0xd8b927ea401e15866f6269907364022dccffa9ed,2017-10-01T03:47:11.000Z,0.00084,0x4c12baff62b2badde2547fc20bb65e798b36e151,sell,0xf05a9382a4c3f29e2784502754293d88b835109c,0xf97aebe8373f3c33a383bfe93a0ea8339f0d0e92717727f4001bcb1f32afde23
248,1219.715,1.030659175,0x3b43f3faa395529bf91f9bce478dc20ab40021c6,2017-10-01T03:45:07.000Z,0.000845,0x4c12baff62b2badde2547fc20bb65e798b36e151,sell,0xf05a9382a4c3f29e2784502754293d88b835109c,0xc560be7ab4bc29308cca1aab48ae58817790631ec6f0d9ef472a2e6ec2789f00
249,0.05515749347693072,0.000046387452014098,0x3b43f3faa395529bf91f9bce478dc20ab40021c6,2017-10-01T01:23:15.000Z,0.0008409999999999867,0x28fc50a4088f19e18ec8272f5a3fcd035bc2cbe5,sell,0xf05a9382a4c3f29e2784502754293d88b835109c,0x6e0c816238b17a73e28ca552833954c7bb592b4f7c6a897e624bf2b46605bea7
250,553.284817067092,0.46752567042169274,0x3b43f3faa395529bf91f9bce478dc20ab40021c6,2017-10-01T01:18:47.000Z,0.0008449999999999999,0x28fc50a4088f19e18ec8272f5a3fcd035bc2cbe5,sell,0xf05a9382a4c3f29e2784502754293d88b835109c,0x472d7a1b47e0ebab1b4b249db5032d0b44976c32f3f75ca7ee00d786ea8e3cc6
251,797.5276642408534,0.669924035489981,0x0845ad270268891eb78c056035d6ecd6b06c2ed4,2017-09-30T23:53:07.000Z,0.0008400009999999999,0x3a4de9b79e23953a83df287a8345abd1082d3c3b,sell,0xf05a9382a4c3f29e2784502754293d88b835109c,0xa20ed35bc977fd70dd10aada3f3c89debac265fb01eee5aff3dd979587a5299a
252,7717.2575489165465,6.405323765600733,0xed05637cafbf838059080a3ad9bb059140995554,2017-09-30T22:11:38.000Z,0.00083,0x7193e6c845afc37e65f5cf34f85e3bd0722c7441,sell,0xf05a9382a4c3f29e2784502754293d88b835109c,0x39b0977f13a8ab325245a2a2be6decf7e2c7aabcd1c73acdabb03eb8e8b11dc5
253,581.2705066505126,0.4888484960930812,0xe903561b701bdfe97bc572c9cdc4a705ce4803a0,2017-09-30T16:02:46.000Z,0.000841,0x1fdf047bf7a114b37e7936d01e9cad754ad18803,sell,0xf05a9382a4c3f29e2784502754293d88b835109c,0x7dd1e73c36530ee346583ecaf08bffae4f43d35214fffdc65890a764f7d7b530
254,2299.91,1.90892759991,0x8441f5b518112aa95ed4f7dc8f78e80a1926bbcf,2017-09-30T11:21:20.000Z,0.000830001,0x5776300ed4582980d081d693487d8e91c8eb5f75,sell,0xf05a9382a4c3f29e2784502754293d88b835109c,0x106881359aa48e119767c9913f5f4bf8a69d69bb16c7310773838ed84ea36b3b
255,99.79064898813678,0.08392393579902303,0xe903561b701bdfe97bc572c9cdc4a705ce4803a0,2017-09-30T10:56:36.000Z,0.000841,0x9323c72576fc5621d5553c644e53bd55cefbddd5,sell,0xf05a9382a4c3f29e2784502754293d88b835109c,0x5f3627cee7ef073c6771f7178ac2b9f4e5bd16333c0e25a25ec59d1234c8d276
256,220.044,0.2199999912,0xec1d6fb577e8558b30e0d8d46285299c22964c0b,2017-09-30T10:36:10.000Z,0.0009998,0xcc465cd08adfb3424ce968b08950388004f8999f,buy,0xf05a9382a4c3f29e2784502754293d88b835109c,0x2899e377ba6a8b1c426f79cadbe8fd37e74c184f60225b087ea66997a36f8aa7
257,5982.094906788954,5.0249597217027215,0xd8b927ea401e15866f6269907364022dccffa9ed,2017-09-30T10:18:01.000Z,0.00084,0xa6611484565198f05b2819b689f685f08abc063c,sell,0xf05a9382a4c3f29e2784502754293d88b835109c,0x9cb69c708c9a7a2c792703ef5baa67bdec9a20bd69f8c12668a45e0ed0b4e74c
258,19.938191606021334,0.01674808094905792,0xd8b927ea401e15866f6269907364022dccffa9ed,2017-09-30T06:03:48.000Z,0.0008399999999999999,0x9c1b289210263135a61022624bd0d525d5befa12,sell,0xf05a9382a4c3f29e2784502754293d88b835109c,0x4d9b1eaa3611a6d71fc454c72b74f5b873af44a312e74fdbcde449a0da718877
259,201.87099990030904,0.1699753819160602,0xe903561b701bdfe97bc572c9cdc4a705ce4803a0,2017-09-30T03:39:18.000Z,0.000842,0x89a359b8847852c2b6acad36d328a8e237daacc4,sell,0xf05a9382a4c3f29e2784502754293d88b835109c,0x57854dd3a5f6e46a41a9f9b0cf36a5411f227c4a7f42866506c0e36b609c805c
260,926.129000099691,0.7798006180839397,0xe903561b701bdfe97bc572c9cdc4a705ce4803a0,2017-09-30T01:56:41.000Z,0.000842,0xaa10dc038b30b1ddb5309b9c9162323a80355cfc,sell,0xf05a9382a4c3f29e2784502754293d88b835109c,0xf6283e360b8eda0863735c7ba061bb5205e860917fcfff810eac05ad8a47dc2c
261,929,0.78036,0xaa10dc038b30b1ddb5309b9c9162323a80355cfc,2017-09-30T01:26:38.000Z,0.00084,0x3a719853630f73b7d3527c36d515dd38245468c7,buy,0xf05a9382a4c3f29e2784502754293d88b835109c,0xc15986b98e9bdf18990adcb636b4fe238f9421c44602e4cc5062c9a76766c824
262,70,0.0588,0x52af1081f2236bfd6172a50f46c82b3a76a474e4,2017-09-29T21:01:41.000Z,0.00084,0x3a719853630f73b7d3527c36d515dd38245468c7,buy,0xf05a9382a4c3f29e2784502754293d88b835109c,0xcbf02b3ff78f7f5d11139e7d599f46ca5ef00f4ef3c09b2e129c56a67eba2ec3
263,0.09,0.00007470009,0x8441f5b518112aa95ed4f7dc8f78e80a1926bbcf,2017-09-29T13:23:35.000Z,0.000830001,0xb1656957d5d960a422ec4a0bda200af508a94be3,sell,0xf05a9382a4c3f29e2784502754293d88b835109c,0xd9a3a2650b9f4f91f74d603e02281899d54e163b0aa20bb3586b57bc1aeb388d
264,980.1914823343976,0.81355893033755,0xed05637cafbf838059080a3ad9bb059140995554,2017-09-29T05:15:27.000Z,0.00083,0xb1656957d5d960a422ec4a0bda200af508a94be3,sell,0xf05a9382a4c3f29e2784502754293d88b835109c,0xcbdc9e2a29e0dcff3196b4ddbc787750b9f3058fff2e81810a4f7ef3f56fc6b0
265,100,0.08199,0xe1226c4d0a752a3ef42ee783aa1b4ac1abe47a8e,2017-09-29T02:25:15.000Z,0.0008199,0xe5bdd68e601ca23633db26bc5def40fa757fa5eb,sell,0xf05a9382a4c3f29e2784502754293d88b835109c,0xdc70ede31f24a8b214e0e2d93c72a208b6c685cafc43acc40218181ea4e6f8cd
266,225,0.184500675,0x54569df145730b9ca1a1596ee345cdc3efee0579,2017-09-29T02:16:08.000Z,0.000820003,0xe5bdd68e601ca23633db26bc5def40fa757fa5eb,sell,0xf05a9382a4c3f29e2784502754293d88b835109c,0x7318ecc956416e3de580bc9c30f5aeaf0e5a50ca0c0a611327f382c6ba2691ea
267,400,0.32,0x15f3719e4d502c8720e6e6ac3d01ccc888ee6f1e,2017-09-29T02:08:16.000Z,0.0008,0xe5bdd68e601ca23633db26bc5def40fa757fa5eb,sell,0xf05a9382a4c3f29e2784502754293d88b835109c,0x938fbbd49943f7c4e920f3908efe9fb5232fbc76d7700b344de32c42de8a3afd
268,555,0.45510111,0x28fc50a4088f19e18ec8272f5a3fcd035bc2cbe5,2017-09-29T02:00:24.000Z,0.000820002,0xe5bdd68e601ca23633db26bc5def40fa757fa5eb,sell,0xf05a9382a4c3f29e2784502754293d88b835109c,0x9ba095c7f09439f8678118d08d42386d49d90b494020fdc654540fc7e68f6cca
269,1000,0.820001,0x8d71cd37bc1c715f6d4e9b5d68aa17a8b42cac87,2017-09-29T01:40:14.000Z,0.000820001,0xe5bdd68e601ca23633db26bc5def40fa757fa5eb,sell,0xf05a9382a4c3f29e2784502754293d88b835109c,0xc63eda16e5efc927b3a8f9b96d49558c7ecba875b12b0477de37325a140cd0fa
270,570.9780460572226,0.47391177822749475,0xed05637cafbf838059080a3ad9bb059140995554,2017-09-29T01:35:31.000Z,0.00083,0x01e5d52447d74fa40a21666f0240937b8e2265d1,sell,0xf05a9382a4c3f29e2784502754293d88b835109c,0x283945357011a67f3fcd08481be360a7ab4e676db5689b553427ee734eea6a3e
271,1000,0.83001,0x8d71cd37bc1c715f6d4e9b5d68aa17a8b42cac87,2017-09-29T01:35:31.000Z,0.00083001,0xe5bdd68e601ca23633db26bc5def40fa757fa5eb,sell,0xf05a9382a4c3f29e2784502754293d88b835109c,0xddf8c8fbb0ac0f91e61d182ff812efc086cff5be2ee3d419375bbcec8901fc94
272,425.974,0.387636765974,0x7f025c1088990a27c74b7c3d99f76924fece2fb9,2017-09-29T01:30:50.000Z,0.000910001,0x01e5d52447d74fa40a21666f0240937b8e2265d1,sell,0xf05a9382a4c3f29e2784502754293d88b835109c,0xcf5998f4abe7dd56510db5111b215612239a2491afbc1e3fa5c0b63feccfa67f
273,758,0.621562274,0xbc1b783423b47a062f4c18d3fe2cc8ac48d9ad1d,2017-09-29T01:08:11.000Z,0.000820003,0xe5bdd68e601ca23633db26bc5def40fa757fa5eb,sell,0xf05a9382a4c3f29e2784502754293d88b835109c,0x16284b0adb2fda2ca8ac8b4c6f991f328bee813280a69c2faa563dd0186bdfff
274,1000,0.9,0xe41b5e6d7328eb3a519efe0ed8d63c8d1e63acf5,2017-09-29T00:28:56.000Z,0.0009,0xe5bdd68e601ca23633db26bc5def40fa757fa5eb,sell,0xf05a9382a4c3f29e2784502754293d88b835109c,0xdd637bffb634bc4fa6c489c05c34cc2abd437fd4f1f3645a9b5959ba0be92ff8
275,2100,1.911,0xe903561b701bdfe97bc572c9cdc4a705ce4803a0,2017-09-29T00:08:09.000Z,0.00091,0x5776300ed4582980d081d693487d8e91c8eb5f75,sell,0xf05a9382a4c3f29e2784502754293d88b835109c,0xe463ae0a644b3cf815c7874278910ebaac6be85beb458f02f43ae04bfd09e6d0
276,282.0257202671718,0.2566436874688466,0x7f025c1088990a27c74b7c3d99f76924fece2fb9,2017-09-28T22:55:25.000Z,0.000910001,0x4c12baff62b2badde2547fc20bb65e798b36e151,sell,0xf05a9382a4c3f29e2784502754293d88b835109c,0x363a4c8c072319232cb108279d3999e33ae8cc7f944eb33ae44c56fedb84676d
277,5700,4.845,0xd8b927ea401e15866f6269907364022dccffa9ed,2017-09-28T22:31:19.000Z,0.00085,0x4c12baff62b2badde2547fc20bb65e798b36e151,sell,0xf05a9382a4c3f29e2784502754293d88b835109c,0x589a1ba95451c94578d4929b83b8d53da0e16bfc88cab4a7deef59746536735d
278,65.62954839996013,0.055128820655966505,0xe903561b701bdfe97bc572c9cdc4a705ce4803a0,2017-09-28T18:28:20.000Z,0.0008399999999999999,0xed9dea892f5c8b5e9a75fb49ed6d5625a2fdbaf5,sell,0xf05a9382a4c3f29e2784502754293d88b835109c,0xb37914f0a26556d3d18f1079dacf1e1fddaa1d579f264940832e3d2ec2b13099
279,0.999999999999999,0.001049999999999999,0x0249924245a19aa2d7f5ddb0739a7132b7d094ab,2017-09-28T17:15:06.000Z,0.00105,0x440fbd6cbef1651ac34825e165d431b54532396b,buy,0xf05a9382a4c3f29e2784502754293d88b835109c,0x57c61eae0c0030df326bcecdc866eb0de60a81060be9947002483ccb22a2f42c
280,1,0.00109,0xa0be78d2bac6a692adba423c7af50ec86a18bddf,2017-09-28T13:57:00.000Z,0.00109,0xf6dd631279377205818c3a6725eeefb9d0f6b9f3,buy,0xf05a9382a4c3f29e2784502754293d88b835109c,0xbe2f63fe5770616f468ec961e47cb1c07d20681e353cfd784ac6d32b4b7a096b
281,221,0.18343,0x3a0f00e4174ac54e0343067320709cb95ee020d7,2017-09-28T04:59:36.000Z,0.00083,0x1ed014aec47fae44c9e55bac7662c0b78ae61798,sell,0xf05a9382a4c3f29e2784502754293d88b835109c,0x82ed4afa400357700727b1b1920a7b37319e30efca54cc824d42177291064670
282,300,0.2493,0x383932e5467528999954bf192452e390e1c84795,2017-09-28T04:59:36.000Z,0.000831,0x1ed014aec47fae44c9e55bac7662c0b78ae61798,sell,0xf05a9382a4c3f29e2784502754293d88b835109c,0xc8f666abf3886b62d08315138f271f1b8e6903940f8c8881ae24d1fe9fb42827
283,917.4889241051764,1.0092378165156939,0x5f1fc0fd2c1e58575f97195d5a6e24ddf8ed24af,2017-09-28T03:45:46.000Z,0.0011,0x1fdf047bf7a114b37e7936d01e9cad754ad18803,buy,0xf05a9382a4c3f29e2784502754293d88b835109c,0x3aac04238667b605e14d75e855f187f6ecd96ce5500640a9801a2d31dedbe444
284,917.4889241051764,1.0092378165156939,0x5f1fc0fd2c1e58575f97195d5a6e24ddf8ed24af,2017-09-28T03:44:32.000Z,0.0011,0x1fdf047bf7a114b37e7936d01e9cad754ad18803,buy,0xf05a9382a4c3f29e2784502754293d88b835109c,0x3aac04238667b605e14d75e855f187f6ecd96ce5500640a9801a2d31dedbe444
285,1945,2.1006,0x5f1fc0fd2c1e58575f97195d5a6e24ddf8ed24af,2017-09-28T03:34:08.000Z,0.00108,0xf6dd631279377205818c3a6725eeefb9d0f6b9f3,buy,0xf05a9382a4c3f29e2784502754293d88b835109c,0x45bb917682d168df34da33d49d4184900ba5b0b54bdd748913831cedd677464a
286,381,0.411099,0x5f1fc0fd2c1e58575f97195d5a6e24ddf8ed24af,2017-09-28T03:32:56.000Z,0.001079,0x66e5bc2e099bc75c0005f48b7ef55bd6729210b8,buy,0xf05a9382a4c3f29e2784502754293d88b835109c,0xd5817ce9c667ef380cde0c80963389e0a620da13c356ea050e1c4a6cb0f92a30
287,200,0.1948,0x1d352c25a0ca5c919c93bd845299b97b77d8d48f,2017-09-28T01:35:36.000Z,0.000974,0xf60b7a42f39161c8852731d2c75039c8ad439c20,buy,0xf05a9382a4c3f29e2784502754293d88b835109c,0xd528acd174e792c69c0cf3e9bb89df203596b0a0c3f9e2657fe26263b753dfcd
288,9.201308257116745,0.010848342435140643,0x5e9e2dff998f60225d3fac930ca9e1aef7713eb8,2017-09-27T23:44:06.000Z,0.001179,0x8d71cd37bc1c715f6d4e9b5d68aa17a8b42cac87,buy,0xf05a9382a4c3f29e2784502754293d88b835109c,0xeb401408b71b0c910803036d82b598682b22ecd2a88ac177bda414eb34a239fe
289,299.07287409032,0.24524035489981058,0x8441f5b518112aa95ed4f7dc8f78e80a1926bbcf,2017-09-27T17:50:21.000Z,0.000820002,0x9c86f859c25febb8792cf5972ff1bfa59b4e2edb,sell,0xf05a9382a4c3f29e2784502754293d88b835109c,0x0d455505ba791be1e75ed4af5b79db3aa5c757c2a2891481511c5c61757ee417
290,190,0.15580038,0x8441f5b518112aa95ed4f7dc8f78e80a1926bbcf,2017-09-27T08:35:43.000Z,0.000820002,0xce19b98797de4bde0f8cb19ce5826110c53a07c0,sell,0xf05a9382a4c3f29e2784502754293d88b835109c,0x7a12792c38bb2e183acf255a667f296bce846170f6c8ed81400f23e3d0c83c02
291,43,0.03526,0xcc465cd08adfb3424ce968b08950388004f8999f,2017-09-27T07:26:28.000Z,0.00082,0xa6611484565198f05b2819b689f685f08abc063c,sell,0xf05a9382a4c3f29e2784502754293d88b835109c,0xacc73322cd983c45a51384d0fc1dec4006bf5705e987308354ab84afe00f4a6d
292,1250,1.025,0xcc465cd08adfb3424ce968b08950388004f8999f,2017-09-27T01:32:05.000Z,0.00082,0xa6611484565198f05b2819b689f685f08abc063c,sell,0xf05a9382a4c3f29e2784502754293d88b835109c,0x2300531062d2ddd9daba625f84fb20066439b720449775c998ab418831522ebe
293,1200,1.08,0x8441f5b518112aa95ed4f7dc8f78e80a1926bbcf,2017-09-27T01:31:22.000Z,0.0009,0xa6611484565198f05b2819b689f685f08abc063c,sell,0xf05a9382a4c3f29e2784502754293d88b835109c,0xd9cc1a76857dee82cd56a5772435952f2c40d3bdb9d9586c1eeddd482ba97cd2
294,1000,1.1,0xb1656957d5d960a422ec4a0bda200af508a94be3,2017-09-27T00:45:46.000Z,0.0011,0x3a719853630f73b7d3527c36d515dd38245468c7,buy,0xf05a9382a4c3f29e2784502754293d88b835109c,0xd9990da8832a7c7b33b2e6f1b3a34ca059a7227a467358f004d7fc67aa7a8887
295,1000,1.1,0xb1656957d5d960a422ec4a0bda200af508a94be3,2017-09-27T00:44:50.000Z,0.0011,0x3a719853630f73b7d3527c36d515dd38245468c7,buy,0xf05a9382a4c3f29e2784502754293d88b835109c,0xd9990da8832a7c7b33b2e6f1b3a34ca059a7227a467358f004d7fc67aa7a8887
296,1,0.0011,0x8441f5b518112aa95ed4f7dc8f78e80a1926bbcf,2017-09-26T22:23:40.000Z,0.0011,0x3a719853630f73b7d3527c36d515dd38245468c7,buy,0xf05a9382a4c3f29e2784502754293d88b835109c,0xf1c99906f8658833884b0d6da3b9cee0f5f8dd061769f6dfc7a9b4b2cd7f6b2a
297,518.306,0.4664754,0xe1226c4d0a752a3ef42ee783aa1b4ac1abe47a8e,2017-09-26T20:04:52.000Z,0.0009,0xb3210974f3eee273443b184fb0bf9da9bdcca851,buy,0xf05a9382a4c3f29e2784502754293d88b835109c,0xea62232c6349bc5c69790dbd58afbe7cccf61c0ec1bcf1490f09880d57d035c0
298,250,0.225,0xd5e0062264408d167cd087ec77e1c008a747a7e5,2017-09-26T09:32:21.000Z,0.0009,0xb3210974f3eee273443b184fb0bf9da9bdcca851,buy,0xf05a9382a4c3f29e2784502754293d88b835109c,0xf0cc15c6de424f54fcd41987ca09a2d607ed672b75f5a76adff243fe12008a1d
299,81.69389156970641,0.07352450241273577,0xb263e795ed9fcb0053d986482c5c89e2b6c14fe3,2017-09-26T01:55:23.000Z,0.0009,0xb3210974f3eee273443b184fb0bf9da9bdcca851,buy,0xf05a9382a4c3f29e2784502754293d88b835109c,0xd82423037ca56de9f2385bd1d81251e2314439466383b85e591f177a11eab7d7
300,1200,0.972,0xa15913ea3d1e2ca9bb664df9a3811910b2e95386,2017-09-25T22:40:54.000Z,0.00081,0xa15913ea3d1e2ca9bb664df9a3811910b2e95386,sell,0xf05a9382a4c3f29e2784502754293d88b835109c,0xc04d48c7b7cd8a3de92822384fa8a00f4a1316c534c97372208fcffd0b1613da
301,2000,1.62,0xa15913ea3d1e2ca9bb664df9a3811910b2e95386,2017-09-25T22:37:23.000Z,0.00081,0x70c4ebe752ed72867fea4086d8510778c77e5b87,sell,0xf05a9382a4c3f29e2784502754293d88b835109c,0x1499ed7eff4f4d3b5483a06ad934b4e30b02cdb0130106960419d6bc5192b8ef
302,850,0.6885,0xa15913ea3d1e2ca9bb664df9a3811910b2e95386,2017-09-25T22:16:44.000Z,0.00081,0x70c4ebe752ed72867fea4086d8510778c77e5b87,sell,0xf05a9382a4c3f29e2784502754293d88b835109c,0x36e60c4791b61594e1379662e92847b727435ae6176d79f03f51e9270b3f3c23
303,300,0.243,0xa15913ea3d1e2ca9bb664df9a3811910b2e95386,2017-09-25T22:12:18.000Z,0.00081,0x70c4ebe752ed72867fea4086d8510778c77e5b87,sell,0xf05a9382a4c3f29e2784502754293d88b835109c,0x85529d1679c49343e658f636ce0f163088a5903b9665a0eb0bf2e47c0b986910
304,0.297529480226714,0.000892588440680142,0xe3dd8d66ad207529cfdd0343e93f2d09f662d15f,2017-09-25T15:34:46.000Z,0.003,0xd5a33f6bd008bd6337686b5f63b503ac221a4a2c,buy,0xf05a9382a4c3f29e2784502754293d88b835109c,0xa079a208b41e8d4c99e4ecb0f50543db567fe3ebc65ab05d0f5f4f8f6b31706f
305,1328.972,1.4618692,0x32490c2f07209c833f96e84fea355655b4546978,2017-09-25T07:58:04.000Z,0.0011,0xa84e137377bc8205c0e975bc0595b0dfb61270e5,buy,0xf05a9382a4c3f29e2784502754293d88b835109c,0xc67641143e40e6b370896a641ab4ecc6f5a39e66b8f6c422993a984c0c46db8d
306,0.42408821034775235,0.0005,0xe37bd4d49c619e748d4efe74525489d26b6aff43,2017-09-25T05:14:41.000Z,0.001179,0x8d71cd37bc1c715f6d4e9b5d68aa17a8b42cac87,buy,0xf05a9382a4c3f29e2784502754293d88b835109c,0x44556a530e99a47958df45efbd64abd52bacbf4cdea2c59eb402f80c5bad53e1
307,0.560117400607,0.0004480939204856,0xb3210974f3eee273443b184fb0bf9da9bdcca851,2017-09-25T01:26:10.000Z,0.0008,0x1f8ac99600c61189d92c85cc760735b9e0067a60,sell,0xf05a9382a4c3f29e2784502754293d88b835109c,0x8e01039d85cba45da2e60c5de3061ec589709de801bbb83b7e94a38a0fda09d7
308,0.45454545454545453,0.0005,0x23ee598e50ff1b1bde1022bf3c8a41d4c23321a0,2017-09-25T00:56:25.000Z,0.0011,0xb3210974f3eee273443b184fb0bf9da9bdcca851,buy,0xf05a9382a4c3f29e2784502754293d88b835109c,0x21a690980a3b6200e85d104bfa534ce82775f4f9bf11f4dd73d0a6ebad05fd2e
309,0.42408821034775235,0.0005,0xe5a759eb3e214ff0a2bbbea31acc41c9bf27b239,2017-09-25T00:33:33.000Z,0.001179,0x8d71cd37bc1c715f6d4e9b5d68aa17a8b42cac87,buy,0xf05a9382a4c3f29e2784502754293d88b835109c,0xd9a40c552457b9949f6c18010cc4245f800096c6a59f49853f4200a3da24fb1f
310,988.974,1.166000346,0xf603b731c162b4a9a3ee71dc945b51eb8ebe8467,2017-09-25T00:32:32.000Z,0.001179,0x8d71cd37bc1c715f6d4e9b5d68aa17a8b42cac87,buy,0xf05a9382a4c3f29e2784502754293d88b835109c,0x9eac3bb4b033c8c95e49db27d1255a03d177493979a80ee8f79f5171b5f357dc
311,128.86620274310957,0.1520621192368693,0xf603b731c162b4a9a3ee71dc945b51eb8ebe8467,2017-09-25T00:26:12.000Z,0.00118,0xc095d97edde7202c99516ede469b9b23ec2e6092,buy,0xf05a9382a4c3f29e2784502754293d88b835109c,0x99640312be2a372e3d4fa17048d52f0ca54217bdd39f3e0b8a835f9b5af06bac
312,0.42408821034775235,0.0005,0x160506e5a5ce5dadd43623689f53d5aa1f288f0f,2017-09-25T00:13:51.000Z,0.001179,0x8d71cd37bc1c715f6d4e9b5d68aa17a8b42cac87,buy,0xf05a9382a4c3f29e2784502754293d88b835109c,0x5ee877ffa053541d7df6ca2b2004a1cdc03132b2c2ef6e40b81895c3d595e790
313,120,0.096,0xb3210974f3eee273443b184fb0bf9da9bdcca851,2017-09-24T23:47:57.000Z,0.0008,0xa15913ea3d1e2ca9bb664df9a3811910b2e95386,sell,0xf05a9382a4c3f29e2784502754293d88b835109c,0x7d2afa1d6f6adea62949b5f2195447f823ea528722070cf6ae8ed111447feb37
314,753,0.53463,0xa15913ea3d1e2ca9bb664df9a3811910b2e95386,2017-09-24T23:03:48.000Z,0.00071,0x70c4ebe752ed72867fea4086d8510778c77e5b87,sell,0xf05a9382a4c3f29e2784502754293d88b835109c,0x6a96ac62e523b19c43262668158029b6e780902c9b5f5da805753d79aecfb533
315,50,0.04,0xb3210974f3eee273443b184fb0bf9da9bdcca851,2017-09-24T22:56:15.000Z,0.0008,0x70c4ebe752ed72867fea4086d8510778c77e5b87,sell,0xf05a9382a4c3f29e2784502754293d88b835109c,0x15f0562b9b3cfc4e1be4f845665b260895240988c0a4273b5a7d6eaa44b7d3b6
316,800,0.48,0xa15913ea3d1e2ca9bb664df9a3811910b2e95386,2017-09-24T22:56:15.000Z,0.0006,0x70c4ebe752ed72867fea4086d8510778c77e5b87,sell,0xf05a9382a4c3f29e2784502754293d88b835109c,0xfcbcd6b41f60ab1470f3d56154e5ac7d07fb4595457e6fa1c27b5c80a57ba08f
317,4,0.00472,0x1e27ba028eff3cb0e653558677024749bd051f18,2017-09-24T22:43:45.000Z,0.00118,0xc095d97edde7202c99516ede469b9b23ec2e6092,buy,0xf05a9382a4c3f29e2784502754293d88b835109c,0x8fb131702e5a9e3e6a0a8357f3f7d98987afef27d40db807134fe1327de7d67e
318,697.5393682563887,0.8300718482251025,0x1e27ba028eff3cb0e653558677024749bd051f18,2017-09-24T22:39:31.000Z,0.00119,0x66e5bc2e099bc75c0005f48b7ef55bd6729210b8,buy,0xf05a9382a4c3f29e2784502754293d88b835109c,0x2f336dbf4a89b21a0d8d4e3c05fe3fbd91a463da824dacb7f684ff7c5a7e5170
319,5.264,0.0044744,0xb3210974f3eee273443b184fb0bf9da9bdcca851,2017-09-24T22:38:09.000Z,0.00085,0xf6dd631279377205818c3a6725eeefb9d0f6b9f3,sell,0xf05a9382a4c3f29e2784502754293d88b835109c,0x7a429bcb4b7850596ed69ef4ce287c12b07624c336869b1b49fb671b4a84aeb7
320,450,0.315,0xaf34a43c3b6e950f5e62660aaa637a220e36e460,2017-09-24T22:36:45.000Z,0.0007,0xf6dd631279377205818c3a6725eeefb9d0f6b9f3,sell,0xf05a9382a4c3f29e2784502754293d88b835109c,0xd1b9192a81ecb380a6e2a13043a5d99ac08d8ea98cfbb56bfb5c854a9fce75b6
321,1500,1.05,0x939248c057992a444c842909c3459689a80bc6dd,2017-09-24T22:36:08.000Z,0.0007,0xf6dd631279377205818c3a6725eeefb9d0f6b9f3,sell,0xf05a9382a4c3f29e2784502754293d88b835109c,0x6040dea7f75bd4014468281179f19fe4e2d5fdc891e753a8dae915bc529e9cff
322,6250,5,0x2b86d072ec9f6d16c1ab0088f0048ce4b71835a3,2017-09-24T22:35:05.000Z,0.0008,0xf6dd631279377205818c3a6725eeefb9d0f6b9f3,sell,0xf05a9382a4c3f29e2784502754293d88b835109c,0x3954b0de3fc779c0689731496a147d783c1f075d90ebe5bb929a845563b287ac
323,200,0.163,0xaf34a43c3b6e950f5e62660aaa637a220e36e460,2017-09-24T22:34:20.000Z,0.000815,0xf6dd631279377205818c3a6725eeefb9d0f6b9f3,sell,0xf05a9382a4c3f29e2784502754293d88b835109c,0x771c3740c096e8204143a1c88a836e270353dbb8302aceea5402d1e169d2a8c9
324,175,0.14875,0xb3210974f3eee273443b184fb0bf9da9bdcca851,2017-09-24T22:32:12.000Z,0.00085,0xf6dd631279377205818c3a6725eeefb9d0f6b9f3,sell,0xf05a9382a4c3f29e2784502754293d88b835109c,0x43d2881ee52126839044de287a70f43440123ced01b7bf5b5b17e338a790e504
325,5461.201,4.4339490919,0xa15913ea3d1e2ca9bb664df9a3811910b2e95386,2017-09-24T21:51:31.000Z,0.0008119,0xf6dd631279377205818c3a6725eeefb9d0f6b9f3,sell,0xf05a9382a4c3f29e2784502754293d88b835109c,0x5f13f1fae3d77567850d1657445f90dc4b116e45a2d12b886facbce50b1eadfc
326,195,0.16575,0xb3210974f3eee273443b184fb0bf9da9bdcca851,2017-09-24T21:51:19.000Z,0.00085,0xf6dd631279377205818c3a6725eeefb9d0f6b9f3,sell,0xf05a9382a4c3f29e2784502754293d88b835109c,0xe55313e44ce436c023250571fa2c11ee960c9fe922c490c9f5b01368ff97bd88
327,1300,1.05547,0xa15913ea3d1e2ca9bb664df9a3811910b2e95386,2017-09-24T21:48:12.000Z,0.0008119,0xa15913ea3d1e2ca9bb664df9a3811910b2e95386,sell,0xf05a9382a4c3f29e2784502754293d88b835109c,0x44b43f244f78adc369ecb4ee8835e2f178c5ba4e4818c18a4cfc2eb21fe3f057
328,305.085,0.3600003,0xb3210974f3eee273443b184fb0bf9da9bdcca851,2017-09-24T21:33:36.000Z,0.00118,0xc095d97edde7202c99516ede469b9b23ec2e6092,buy,0xf05a9382a4c3f29e2784502754293d88b835109c,0xc29a20251635914933a841b743544f1ce920aa283efd1d634b0d9d44c7b6017a
329,1000,0.8001,0x8d71cd37bc1c715f6d4e9b5d68aa17a8b42cac87,2017-09-24T21:31:36.000Z,0.0008001,0xbf92fbbdbdd87f06d8c55bfaae78b74ed4fe9e68,sell,0xf05a9382a4c3f29e2784502754293d88b835109c,0xe5d0b5c8681cfe83ad589b8c0b376d540a94337487f0d47e7815f542142d2224
330,3900,3.159,0xe81f422097c613c3b7fe574dd107ddbd6496e5cd,2017-09-24T21:15:51.000Z,0.00081,0xbf92fbbdbdd87f06d8c55bfaae78b74ed4fe9e68,sell,0xf05a9382a4c3f29e2784502754293d88b835109c,0x468e0eda7baf9de355bf5f31027aa83d6de5fe1bed12c5e043601e35da231898
331,200,0.18002,0x0a34abcb69b77e984b9f007149bf59188d2d2bbe,2017-09-24T21:01:47.000Z,0.0009001,0xa15913ea3d1e2ca9bb664df9a3811910b2e95386,sell,0xf05a9382a4c3f29e2784502754293d88b835109c,0x8eb29abdbee2cd7a64f012fa1361d900035fd7bf1fdf74c767b285299c9f7b20
332,1.8785531775189215,0.001878555056072098,0x7f025c1088990a27c74b7c3d99f76924fece2fb9,2017-09-24T20:44:03.000Z,0.0010000009999999995,0xbf92fbbdbdd87f06d8c55bfaae78b74ed4fe9e68,sell,0xf05a9382a4c3f29e2784502754293d88b835109c,0x3c67e8c133fa6d749000e85c5a75b526b9cbc9365208630ae53125a36de26298
333,0.04879725689041949,0.000057580763130695,0xc095d97edde7202c99516ede469b9b23ec2e6092,2017-09-24T19:02:50.000Z,0.00118,0xc095d97edde7202c99516ede469b9b23ec2e6092,buy,0xf05a9382a4c3f29e2784502754293d88b835109c,0x7e3b05e0a502c418bec71f4d42e0426dbf454f82e46d264c01098b15f126bf41
334,1356.3835064530579,1.30214173003,0x5d7d45f2ddc0e3548555631fb5a1401ed1dbf0b5,2017-09-24T18:11:52.000Z,0.00096001,0xa84e137377bc8205c0e975bc0595b0dfb61270e5,sell,0xf05a9382a4c3f29e2784502754293d88b835109c,0x965b9ebefcd00a755146179ee282a1defc6e7eacbb221158a908fead845d62e4
335,1595,1.595001595,0x7f025c1088990a27c74b7c3d99f76924fece2fb9,2017-09-24T16:13:55.000Z,0.001000001,0xf6dd631279377205818c3a6725eeefb9d0f6b9f3,sell,0xf05a9382a4c3f29e2784502754293d88b835109c,0xc0c29ec4b14402622d5aa193422c3fccefbe9da9b9709f8a8b87621d1be933e5
336,13,0.01365,0xaf34a43c3b6e950f5e62660aaa637a220e36e460,2017-09-24T16:11:57.000Z,0.00105,0xf6dd631279377205818c3a6725eeefb9d0f6b9f3,sell,0xf05a9382a4c3f29e2784502754293d88b835109c,0x544a10ad5c0539a99512addaf9a4a9d5afbf117b0210e73858db5e51b9819094
337,437,0.45885,0xaf34a43c3b6e950f5e62660aaa637a220e36e460,2017-09-24T15:01:53.000Z,0.00105,0xa6611484565198f05b2819b689f685f08abc063c,sell,0xf05a9382a4c3f29e2784502754293d88b835109c,0x671428da90ca3001fe66c27e7fc7df0b0fc174d6f9dcb84fc4660470feafa84e
338,3550,3.763,0xa15913ea3d1e2ca9bb664df9a3811910b2e95386,2017-09-24T14:57:06.000Z,0.00106,0xa6611484565198f05b2819b689f685f08abc063c,sell,0xf05a9382a4c3f29e2784502754293d88b835109c,0x63fa4c9826f47de844f3fd723bf5b5950aad481eec5000922b524f354f51f44b
339,450,0.477,0xa15913ea3d1e2ca9bb664df9a3811910b2e95386,2017-09-24T14:47:03.000Z,0.00106,0x70c4ebe752ed72867fea4086d8510778c77e5b87,sell,0xf05a9382a4c3f29e2784502754293d88b835109c,0xfbd4b5ee618e6bc636add0a101d066c049058dde10232a14d01fb013d7c3cd0f
340,1,0.00119,0xc12ca201a331ffd2b2681be817292c3e0171c16b,2017-09-24T12:30:30.000Z,0.00119,0x66e5bc2e099bc75c0005f48b7ef55bd6729210b8,buy,0xf05a9382a4c3f29e2784502754293d88b835109c,0x363eba343560f11b4b025357dbaa810508b295b61b0e79f42f62cfedf94140d4
341,0.4166666666666667,0.0005,0x3bfdec5343e950ce45522eef9948c977631b4000,2017-09-24T10:18:33.000Z,0.0012,0xa84e137377bc8205c0e975bc0595b0dfb61270e5,buy,0xf05a9382a4c3f29e2784502754293d88b835109c,0x9c43e300f2ae24fa319c9a59443aa72b663355d7ec2e057d5539645d67efb987
342,0.4166666666666667,0.0005,0xc22f5ab4f1591613a92b4d172cc7f4e4a5af58cd,2017-09-23T23:29:51.000Z,0.0012,0xa84e137377bc8205c0e975bc0595b0dfb61270e5,buy,0xf05a9382a4c3f29e2784502754293d88b835109c,0x7aa0dc06d0b4aa85c35c84c6049bdb2998a1b33afd41403a4ad817df975c8dd2
343,0.4166666666666667,0.0005,0x452b06f1c61cff4c9bebaa405319a7c3b12553a2,2017-09-23T23:28:20.000Z,0.0012,0xa84e137377bc8205c0e975bc0595b0dfb61270e5,buy,0xf05a9382a4c3f29e2784502754293d88b835109c,0x2d6dc9ad701fb1deeadc6c90acc2593ddc4682d2d1f04f0d070bccc8e4a8a3c3
344,560,0.56,0xa15913ea3d1e2ca9bb664df9a3811910b2e95386,2017-09-23T20:54:36.000Z,0.001,0x70c4ebe752ed72867fea4086d8510778c77e5b87,sell,0xf05a9382a4c3f29e2784502754293d88b835109c,0x7cadce44b98eaeb0b1433eec831fd71a6b2e5a2bff05fba133143e0e12d1397e
345,0.4166666666666667,0.0005,0x2ba19ec4bcd5ae8de66b110bde5ebf41092bd02f,2017-09-23T19:20:23.000Z,0.0012,0xa84e137377bc8205c0e975bc0595b0dfb61270e5,buy,0xf05a9382a4c3f29e2784502754293d88b835109c,0xf66eee0d4096ee3df2cf2812276bb4d1ad79febb2e795cebefefdc657299294f
346,0.4166666666666667,0.0005,0x18a902dc44442205b4ba2b1dc038e67506d22c55,2017-09-23T19:13:31.000Z,0.0012,0xa84e137377bc8205c0e975bc0595b0dfb61270e5,buy,0xf05a9382a4c3f29e2784502754293d88b835109c,0x494e43fb7ae3073cdf20c5645fe3cca88d2d8ab5f50e8d0707ec1bee26a08c56
347,0.4166666666666667,0.0005,0xd868b838b5de79f1e540b5d83c9e9a3d0b3810cd,2017-09-23T18:56:20.000Z,0.0012,0xa84e137377bc8205c0e975bc0595b0dfb61270e5,buy,0xf05a9382a4c3f29e2784502754293d88b835109c,0x8f8f7580ae47bc70bae3521406cfe968343a691fc5bb4f2036357fcef2303663
348,65.833,0.0789996,0xed9dea892f5c8b5e9a75fb49ed6d5625a2fdbaf5,2017-09-23T17:24:20.000Z,0.0012,0xa84e137377bc8205c0e975bc0595b0dfb61270e5,buy,0xf05a9382a4c3f29e2784502754293d88b835109c,0xbdb14a7b992020c50f8d8a5a035d429ab6072adf3a3a75805bbb6cf9da47fb4d
349,1500,1.5,0xa15913ea3d1e2ca9bb664df9a3811910b2e95386,2017-09-23T17:10:12.000Z,0.001,0x70c4ebe752ed72867fea4086d8510778c77e5b87,sell,0xf05a9382a4c3f29e2784502754293d88b835109c,0x25711a0e32a5fec843057d61be658b89e363022c94a244c0f8b09493a5285e8a
350,1,0.0012,0x18bc639218a3abdf0772a49c3c4ea2ee9148ddc4,2017-09-23T16:13:11.000Z,0.0012,0xa84e137377bc8205c0e975bc0595b0dfb61270e5,buy,0xf05a9382a4c3f29e2784502754293d88b835109c,0x0cdbd07fe12f24bc167dfc828a4d031f3e6a854fcf1ddc2ebbdd3b0338d9d738
351,100,0.11,0x0a34abcb69b77e984b9f007149bf59188d2d2bbe,2017-09-23T15:29:47.000Z,0.0011,0xa15913ea3d1e2ca9bb664df9a3811910b2e95386,buy,0xf05a9382a4c3f29e2784502754293d88b835109c,0x13dbe1ec8ec49d561a2c5c300adb5113f5d36921b08d7b5740cd20dcc126b214
352,500,0.45,0xa15913ea3d1e2ca9bb664df9a3811910b2e95386,2017-09-23T14:59:33.000Z,0.0009,0x70c4ebe752ed72867fea4086d8510778c77e5b87,sell,0xf05a9382a4c3f29e2784502754293d88b835109c,0x835ed41d5177f929756b2d7cd7abb9238f57536de33e5ffda284afddf9d3a2ea
353,1788,1.6092,0xa15913ea3d1e2ca9bb664df9a3811910b2e95386,2017-09-23T14:39:08.000Z,0.0009,0x70c4ebe752ed72867fea4086d8510778c77e5b87,sell,0xf05a9382a4c3f29e2784502754293d88b835109c,0x71e76fb39cf2c3d022d0c1f35dbeac953e77fe49bd6356969ced1be13fc4a2f5
354,3396.446,3.0568014,0xa15913ea3d1e2ca9bb664df9a3811910b2e95386,2017-09-23T14:37:01.000Z,0.0009,0xa15913ea3d1e2ca9bb664df9a3811910b2e95386,sell,0xf05a9382a4c3f29e2784502754293d88b835109c,0x8dad1a2229fb8fe5e43289d4991eee31efdb74a430e9577d603a398a99e11ddb
355,1200,1.08,0xa15913ea3d1e2ca9bb664df9a3811910b2e95386,2017-09-23T14:22:31.000Z,0.0009,0x70c4ebe752ed72867fea4086d8510778c77e5b87,sell,0xf05a9382a4c3f29e2784502754293d88b835109c,0xa59b68fc588dace8922ae5298bdc1e69520bd3ab51d8f690c1c7d122b1dc86d5
356,221,0.20111,0x3a0f00e4174ac54e0343067320709cb95ee020d7,2017-09-23T14:13:09.000Z,0.00091,0xa15913ea3d1e2ca9bb664df9a3811910b2e95386,sell,0xf05a9382a4c3f29e2784502754293d88b835109c,0x6c08f697e68c6ab4327567cdee5ccc614addb6d83aa18be8baecd6c3795a2f6a
357,0.5539000283784,0.00049851002554056,0xa15913ea3d1e2ca9bb664df9a3811910b2e95386,2017-09-23T14:07:17.000Z,0.0009,0x0f657c396dfcd6c59bb82b89fc3adbe5f90ce153,sell,0xf05a9382a4c3f29e2784502754293d88b835109c,0x3a9c1932bd2a70b70cba0c6efbbb30282dd2b7e09ca102a32964d9be4054c923
358,206.32360697369674,0.2475883283684361,0x56e026625dc88369d0d7ca6d6f8dd7ca0c9bcf56,2017-09-23T13:56:29.000Z,0.0012,0xa84e137377bc8205c0e975bc0595b0dfb61270e5,buy,0xf05a9382a4c3f29e2784502754293d88b835109c,0x99d7d511d8b754060a1ac1c99c0e2716122ce6283c77fd46df2ac9b2c85cd0b5
359,1689,1.5201,0xa15913ea3d1e2ca9bb664df9a3811910b2e95386,2017-09-23T13:50:28.000Z,0.0009,0x70c4ebe752ed72867fea4086d8510778c77e5b87,sell,0xf05a9382a4c3f29e2784502754293d88b835109c,0xad3bb6f746c4d6fcbbd7de73f867ab558a1cf2285a4cbb29a441143946ca3a47
360,564,0.5076,0xa15913ea3d1e2ca9bb664df9a3811910b2e95386,2017-09-23T13:50:06.000Z,0.0009,0x70c4ebe752ed72867fea4086d8510778c77e5b87,sell,0xf05a9382a4c3f29e2784502754293d88b835109c,0x060f97f0a39e10033ad722d82eb2fc0375cb449af3286ee915cf23906c62dfd3
361,1150,1.035,0xa15913ea3d1e2ca9bb664df9a3811910b2e95386,2017-09-23T13:49:27.000Z,0.0009,0x70c4ebe752ed72867fea4086d8510778c77e5b87,sell,0xf05a9382a4c3f29e2784502754293d88b835109c,0x179448312969b1c35acbc7498321faf39268358a337e4b3d78a758d5d1147e9c
362,2000,1.8,0xa15913ea3d1e2ca9bb664df9a3811910b2e95386,2017-09-23T13:36:17.000Z,0.0009,0xa15913ea3d1e2ca9bb664df9a3811910b2e95386,sell,0xf05a9382a4c3f29e2784502754293d88b835109c,0x20cd932cce632ab4964b8b7a5d8bf8d629bdab2b3009b1bfb985a87fc56310f1
363,202.91854591861343,0.2435022551023361,0x534cacb922c009e510fb25e0d89d307d15a8392f,2017-09-23T13:36:02.000Z,0.0012,0xa84e137377bc8205c0e975bc0595b0dfb61270e5,buy,0xf05a9382a4c3f29e2784502754293d88b835109c,0x9a9b8697a66f2d106c9cdce30905ffca0a6a2a17676c0de00e7ea5490f45a8d8
364,150,0.165,0x534cacb922c009e510fb25e0d89d307d15a8392f,2017-09-23T13:34:43.000Z,0.0011,0xa15913ea3d1e2ca9bb664df9a3811910b2e95386,buy,0xf05a9382a4c3f29e2784502754293d88b835109c,0x4bfd239fabc67f33245982431474e14571197a7ba9309d1c6b7b215032aedfc7
365,3,0.003,0x58624a6a627ae8409e00d785ea5166eb4985e959,2017-09-23T13:34:43.000Z,0.001,0xa15913ea3d1e2ca9bb664df9a3811910b2e95386,sell,0xf05a9382a4c3f29e2784502754293d88b835109c,0x9b77127d805fd822b921e0a9fcce9ef7b0516cb70d7911c87e5c596055ae4b5a
366,155.685,0.155685,0x4cd4d9485c27f23932b625e87e23afa0ebed958a,2017-09-23T13:34:38.000Z,0.001,0xa15913ea3d1e2ca9bb664df9a3811910b2e95386,sell,0xf05a9382a4c3f29e2784502754293d88b835109c,0xdaad1e5816bcda3c4af6976b6954c240a8a109967b8e55e9bd9e693e803668e2
367,100,0.1,0x534cacb922c009e510fb25e0d89d307d15a8392f,2017-09-23T13:32:04.000Z,0.001,0xa15913ea3d1e2ca9bb664df9a3811910b2e95386,buy,0xf05a9382a4c3f29e2784502754293d88b835109c,0x2fecc856ae902f6aca00bf777c87a89125e53e284f991984d9c6e2eb3d8fe521
368,44.31498953244941,0.0443149895324494,0x4cd4d9485c27f23932b625e87e23afa0ebed958a,2017-09-23T13:11:59.000Z,0.001,0xbfa180d02d79eef1a54fb09bbf039d72792018b5,sell,0xf05a9382a4c3f29e2784502754293d88b835109c,0x73c2a7f03aefebaae1598bdcad982996214456af96b8fdaa685ea21b085152fd
369,3890.878,3.890878,0xa15913ea3d1e2ca9bb664df9a3811910b2e95386,2017-09-23T13:02:37.000Z,0.001,0xbfa180d02d79eef1a54fb09bbf039d72792018b5,sell,0xf05a9382a4c3f29e2784502754293d88b835109c,0x0fd3c6811d92759c58854b5b87ee7209d2d62f8f69b1e99310c15991e6645773
370,3509.1217226597546,3.5091217226597546,0xa15913ea3d1e2ca9bb664df9a3811910b2e95386,2017-09-23T12:48:21.000Z,0.001,0x4612c71e845f63f436efbb929052201f77fa4884,sell,0xf05a9382a4c3f29e2784502754293d88b835109c,0xa1a09c8686c96c44323a11b04ab0e26d6ae5942c6a5f82adf9650d756e3c7798
371,999,0.999999,0x385681429b036d05ef1fbb92b5290542a0c5ec50,2017-09-23T12:38:54.000Z,0.001001,0xbfa180d02d79eef1a54fb09bbf039d72792018b5,sell,0xf05a9382a4c3f29e2784502754293d88b835109c,0x3894215d3c1956fd5fdca2b57eb65d6825bd400e58e3778220e9ad2b05af51fa
372,1,0.0013,0x636d925f140f761f7a0e600db2177dd068ddada1,2017-09-23T10:47:55.000Z,0.0013,0xbfa180d02d79eef1a54fb09bbf039d72792018b5,buy,0xf05a9382a4c3f29e2784502754293d88b835109c,0x2a9c68ac142bb99355219da8bb4d2c314b5a2b60b5dd4a322349f2f744020a3d
373,600,0.6,0xa15913ea3d1e2ca9bb664df9a3811910b2e95386,2017-09-23T10:16:21.000Z,0.001,0xa15913ea3d1e2ca9bb664df9a3811910b2e95386,sell,0xf05a9382a4c3f29e2784502754293d88b835109c,0xf10512dc04364d6360678a74dd518c3bdae32b00491fc8df0e062569d9bbfe7e
374,500,0.55,0xa15913ea3d1e2ca9bb664df9a3811910b2e95386,2017-09-23T10:06:07.000Z,0.0011,0xa15913ea3d1e2ca9bb664df9a3811910b2e95386,sell,0xf05a9382a4c3f29e2784502754293d88b835109c,0x2f4bc4b2657cd8d9f7f6fd7c5bb92ca79072c51db64f624654596292654341c7
375,116,0.1392,0x385681429b036d05ef1fbb92b5290542a0c5ec50,2017-09-22T23:24:07.000Z,0.0012,0x4ad7fb39e7a57d997698ee5822019dfbe136c193,sell,0xf05a9382a4c3f29e2784502754293d88b835109c,0xcf1224de5e3ece75d6fc48422ecdba0a0af5ac282e626c367185659d5bb37ee5
376,388,0.4656,0x385681429b036d05ef1fbb92b5290542a0c5ec50,2017-09-22T23:24:07.000Z,0.0012,0x4ad7fb39e7a57d997698ee5822019dfbe136c193,sell,0xf05a9382a4c3f29e2784502754293d88b835109c,0x785c64269f42c83965f2d7980481256c9ab68c2855ffbb4d6555c1598a05a8a2
377,100,0.1398,0x2b6e3c3a9ab951e9cde2be8c5ff1753fda609d00,2017-09-22T15:58:56.000Z,0.001398,0x385681429b036d05ef1fbb92b5290542a0c5ec50,sell,0xf05a9382a4c3f29e2784502754293d88b835109c,0x26bfec77b01a276a24b82e7718f850e149fc73bae61fa77b98ec75610f7d5eef
378,333.0511793275379,0.46587235599965726,0xc8a974a97f6a7f57b6ce09aed5905d5547039f11,2017-09-22T14:10:26.000Z,0.0013988011,0x385681429b036d05ef1fbb92b5290542a0c5ec50,buy,0xf05a9382a4c3f29e2784502754293d88b835109c,0xc4a41424879be29337d0c940583ec6727ed17775b4dd76bd0c69fb650d360a90
379,412.5661678314319,0.5775926349640047,0xc095d97edde7202c99516ede469b9b23ec2e6092,2017-09-22T09:51:13.000Z,0.0014,0xfa97ee9c0f130234793e5158b1b14fc19d0b083e,buy,0xf05a9382a4c3f29e2784502754293d88b835109c,0x19e7b7ab3d4621381c9ea7a036d1d0658f1507afaf1c0e6fedd4706ae6886fc1
380,0.35161744022503516,0.0005,0x999dbc9673afdd6b6c140c261297f89de35ff1b3,2017-09-22T06:30:04.000Z,0.001422,0xf0163f66ec80dda288e753e0a62c8eb71cd38684,buy,0xf05a9382a4c3f29e2784502754293d88b835109c,0x00ded25cd18de3ec93695d49f1172ba1dc5ea47d7e75a6f5710b164dcf8f4dc8
381,35.2714699300366,0.04352499389366516,0xf60b7a42f39161c8852731d2c75039c8ad439c20,2017-09-22T06:10:35.000Z,0.001234,0xf6dd631279377205818c3a6725eeefb9d0f6b9f3,sell,0xf05a9382a4c3f29e2784502754293d88b835109c,0xba7bf5c07b03aa2bcc580a5a025b47d3ec3524d8cf510d44d7a628983ef8e888
382,1500,1.83,0x1fdf047bf7a114b37e7936d01e9cad754ad18803,2017-09-22T06:10:35.000Z,0.00122,0xf6dd631279377205818c3a6725eeefb9d0f6b9f3,sell,0xf05a9382a4c3f29e2784502754293d88b835109c,0xa9800c231424aa78f7e83b374aa927032a2f03922ecf87d8f81f0101a8e12575
383,620.502,0.765701329506,0x7f025c1088990a27c74b7c3d99f76924fece2fb9,2017-09-22T06:08:18.000Z,0.001234003,0xf6dd631279377205818c3a6725eeefb9d0f6b9f3,sell,0xf05a9382a4c3f29e2784502754293d88b835109c,0x1fa2278ff65020dbaf89a2e39db4bc073e4cc25e443822cbb7e9a5280950aa9c
384,50,0.0711,0x3ffaf6d7382bb0bec6aaf56225ae8d0acf85a6e8,2017-09-22T05:43:29.000Z,0.001422,0xf0163f66ec80dda288e753e0a62c8eb71cd38684,buy,0xf05a9382a4c3f29e2784502754293d88b835109c,0xa763273fb57963074de2df827631ae420ad8cd848e7d01eee85a397735d781a6
