,amount,amountBase,buyer,date,price,seller,side,tokenAddr,txHash
0,30.48780487,0.0005,0x3075f7f189912f4f425dd7021b9c396434197477,2017-11-02T13:54:01.000Z,0.0000164000000043296,0xd2c42e3b82d20c6d2cd1f2267c888df230113ab8,buy,0x0e0989b1f9b8a38983c2ba8053269ca62ec9b195,0x8f79bdf87063490a05408e2fccb53e3c58ee5ac08a73e057f06cd935823fd980
1,2773.40245239,0.03910774798115139,0x02fa28346e75d3863a72776ef440343dfd1ea304,2017-11-02T13:35:53.000Z,0.000014101,0xf9c66dd0545054ecfe325362292a17f6bb6dcca0,sell,0x0e0989b1f9b8a38983c2ba8053269ca62ec9b195,0x46616b9a59c6230a34abb6b933125a2123dcd314307b1854549f1e20f723834b
2,100000,1.4201,0x02fa28346e75d3863a72776ef440343dfd1ea304,2017-11-02T13:33:46.000Z,0.000014201,0xf9c66dd0545054ecfe325362292a17f6bb6dcca0,sell,0x0e0989b1f9b8a38983c2ba8053269ca62ec9b195,0xdf94901ef054214e51ca7554ca1f14cec85d99a136c74427958179be8d15ab23
3,10000,0.165,0xf05b0c73dc3c7e4ec5033a2e5673d5ef69c1e738,2017-11-02T06:52:46.000Z,0.0000165,0x611a416c156e6465bba1562166f83f54d66c6a0d,buy,0x0e0989b1f9b8a38983c2ba8053269ca62ec9b195,0x16cc6335f4b37c60546b542e0308a5ecbd48567f8b15e94fab534b18df395666
4,105.00780912,0.001732628850563253,0xf05b0c73dc3c7e4ec5033a2e5673d5ef69c1e738,2017-11-02T06:44:53.000Z,0.00001650000000079282,0x611a416c156e6465bba1562166f83f54d66c6a0d,buy,0x0e0989b1f9b8a38983c2ba8053269ca62ec9b195,0x12b3482817ca0233cee9e3ad47ba01ddc9d560bb51901a66a82998b6fe6fd7bb
5,3.72961124,0.0000522518534724,0x4ff2428c439e3623c9924ae520f16e459d1e6d99,2017-11-02T06:42:26.000Z,0.00001401,0x117ac0195f2d28ba9d046e251dbf4101f9ada4e4,sell,0x0e0989b1f9b8a38983c2ba8053269ca62ec9b195,0xe8f4b65de5082f0db703333b7ca3ed3e40ffb05788d6ee79a6898516f1b07fdc
6,37411.73032883,0.5241383419069083,0x4ff2428c439e3623c9924ae520f16e459d1e6d99,2017-11-02T06:41:49.000Z,0.00001401,0x117ac0195f2d28ba9d046e251dbf4101f9ada4e4,sell,0x0e0989b1f9b8a38983c2ba8053269ca62ec9b195,0x45dfa5a719a051004cf3a14336997d4e2e6e2c4a5f4cfbd15622d571b224308a
7,1081.19871102,0.016866699891912,0xbcb614675176a6732901e9f3f4b29cd3ec534ed3,2017-11-02T06:40:55.000Z,0.0000156,0x117ac0195f2d28ba9d046e251dbf4101f9ada4e4,sell,0x0e0989b1f9b8a38983c2ba8053269ca62ec9b195,0xf8520d3d40ec7d570d7aeec9caf3a650855eea8c1f8b39fbdb1f5aadcecf3bd6
8,15259,0.2137801159,0x6bd09ad951b1084c91aba206a03b36e9e6c7a9ac,2017-11-02T06:40:55.000Z,0.0000140101,0x117ac0195f2d28ba9d046e251dbf4101f9ada4e4,sell,0x0e0989b1f9b8a38983c2ba8053269ca62ec9b195,0x799aaf73ec81b5775f1394b4bd208839fff2fc42a1d506aae57e75feb9dc453d
9,90958.90339946,1.2743342366264345,0x4ff2428c439e3623c9924ae520f16e459d1e6d99,2017-11-02T05:29:24.000Z,0.00001401,0x805c5971a2d2aa84b663218014717c5db800276d,sell,0x0e0989b1f9b8a38983c2ba8053269ca62ec9b195,0xddc5473b559196a03199e6d7135be9c8b9cae3142031410c2b929e14d9c37b09
10,52600,0.8207704,0x27ae807f933e8a1544efa3132e9a082d60961d78,2017-11-02T05:08:39.000Z,0.000015604,0x611a416c156e6465bba1562166f83f54d66c6a0d,sell,0x0e0989b1f9b8a38983c2ba8053269ca62ec9b195,0xae3b18969368e48f87ac66796d264b96ac3f39436cc6f6b432d3c7c357a256f2
11,82668.36676601,1.289874526650054,0x64d3de76a264c667565324570af6df67d1b0d32a,2017-11-02T05:06:06.000Z,0.000015603,0x611a416c156e6465bba1562166f83f54d66c6a0d,sell,0x0e0989b1f9b8a38983c2ba8053269ca62ec9b195,0x698a20f2568adb7408d148576887c26d69da85a089e8e8492699d8e86627121c
12,33217.02721563,0.5183184926726905,0x905e0578d5316b3597d3210b913e6f6309168272,2017-11-02T05:03:41.000Z,0.000015604,0xf9ab010f81e02aca06536b9ef2272115fed05946,sell,0x0e0989b1f9b8a38983c2ba8053269ca62ec9b195,0xd1d0698f139ab4b1457e9ea03f4f423c77d4a910fc6b0fee24881f1d7c814d93
13,60000,0.9366,0x4ff2428c439e3623c9924ae520f16e459d1e6d99,2017-11-02T05:01:11.000Z,0.00001561,0xf9ab010f81e02aca06536b9ef2272115fed05946,sell,0x0e0989b1f9b8a38983c2ba8053269ca62ec9b195,0x0f986a08333b9361a6e5cd9068745ae0e400ae6e5f47d87cbb0efb57f7b162cf
14,3.9754142,0.0000620323631768,0x905e0578d5316b3597d3210b913e6f6309168272,2017-11-02T03:51:09.000Z,0.000015604,0x9f18b49bb00c24769aaec553641bcad225298662,sell,0x0e0989b1f9b8a38983c2ba8053269ca62ec9b195,0x1b0a11aa2db97a558a49bd64db42c465af16d05bd7693085a2afc8f7e10012e1
15,39877.37987707,0.6222466356018003,0x905e0578d5316b3597d3210b913e6f6309168272,2017-11-02T03:48:40.000Z,0.000015604,0x9f18b49bb00c24769aaec553641bcad225298662,sell,0x0e0989b1f9b8a38983c2ba8053269ca62ec9b195,0x6a95a445381b8808f2dde1fb80a46a0c0ac57d17b5d0a5b2c6218771e974da3f
16,49256.63595181,0.8275114839904112,0xf81ab81ca1a6a19cc7b69b2c7876ff6543060598,2017-11-01T21:35:12.000Z,0.00001680000000000006,0x2921b9fc4b286d6fe9b1027ba9a45fb324376e3d,buy,0x0e0989b1f9b8a38983c2ba8053269ca62ec9b195,0x3eb748bd95b27c318e84fb2018db12d274cce986ab32f7566db570fe41cbff6e
17,45696.18498896,0.7676959078145713,0xf81ab81ca1a6a19cc7b69b2c7876ff6543060598,2017-11-01T21:25:06.000Z,0.00001680000000000094,0x2921b9fc4b286d6fe9b1027ba9a45fb324376e3d,buy,0x0e0989b1f9b8a38983c2ba8053269ca62ec9b195,0x7d572033c3c8c35ceb103371af368cae84eae26277b95ed226e75949709f5be5
18,45098.29095028,0.757651287964774,0xf81ab81ca1a6a19cc7b69b2c7876ff6543060598,2017-11-01T21:18:15.000Z,0.00001680000000000155,0x2921b9fc4b286d6fe9b1027ba9a45fb324376e3d,buy,0x0e0989b1f9b8a38983c2ba8053269ca62ec9b195,0xf61b398b788b11f527936418f2d03c148f3a58f3bc35c2fa96316aee8b1852ac
19,4.14134811,0.00006957464833079,0xf81ab81ca1a6a19cc7b69b2c7876ff6543060598,2017-11-01T21:10:35.000Z,0.00001680000001999107,0x2921b9fc4b286d6fe9b1027ba9a45fb324376e3d,buy,0x0e0989b1f9b8a38983c2ba8053269ca62ec9b195,0x3c078afa3226d93e51cb7e43a47d2b5120fbfc9f5c8d248373ad69820646aa73
20,41541.86294084,0.6979032974061478,0xf81ab81ca1a6a19cc7b69b2c7876ff6543060598,2017-11-01T21:09:37.000Z,0.00001680000000000086,0x2921b9fc4b286d6fe9b1027ba9a45fb324376e3d,buy,0x0e0989b1f9b8a38983c2ba8053269ca62ec9b195,0x1ddf15b628c362f105050f0dc2ef5d46c15b06745305b8edafc60062f1d6a7dc
21,39762.85975763,0.6679762810684342,0xf81ab81ca1a6a19cc7b69b2c7876ff6543060598,2017-11-01T21:02:57.000Z,0.00001679900000000019,0x00db95a9f5552d0111f0094510850d3dc7c15526,buy,0x0e0989b1f9b8a38983c2ba8053269ca62ec9b195,0x4b8193e883601a6924068a4dbbe81c62946b55b79b9fd9191c3e30d3a94569b1
22,27980.67842046,0.4700753974638636,0xf81ab81ca1a6a19cc7b69b2c7876ff6543060598,2017-11-01T20:50:30.000Z,0.00001680000000000484,0x2921b9fc4b286d6fe9b1027ba9a45fb324376e3d,buy,0x0e0989b1f9b8a38983c2ba8053269ca62ec9b195,0x35897a37921b5fc3abedea2a61169f58b348a100f1e080688897e23d442ef664
23,73065.152,1.2201880384,0xf732b16f5aee6cd2db5b30a7a3860764a48b19ff,2017-11-01T19:48:33.000Z,0.0000167,0xe28e920659ac540f9902414e0e0ff23a86712ed7,buy,0x0e0989b1f9b8a38983c2ba8053269ca62ec9b195,0x9dbd249b9e8a12fb0cd33e32586a18681154d42d78d478b8557008bec678115a
24,21934.84790514,0.36631196001588645,0xf81ab81ca1a6a19cc7b69b2c7876ff6543060598,2017-11-01T19:46:51.000Z,0.0000167000000000022,0xe28e920659ac540f9902414e0e0ff23a86712ed7,buy,0x0e0989b1f9b8a38983c2ba8053269ca62ec9b195,0x6b94bc8ed2e4c2d59723ea64902b7ab2c87ab825f7be3354a3d258b6f337cf19
25,18068.56983443,0.3017071722383352,0xf81ab81ca1a6a19cc7b69b2c7876ff6543060598,2017-11-01T19:46:14.000Z,0.00001669790000000035,0xecba73e96217cdb23afff854446dda91a103e7fd,buy,0x0e0989b1f9b8a38983c2ba8053269ca62ec9b195,0x6e67fa282c66c3d2c699fe4a55033822789c2fe73366ed8c71ea802e83117b17
26,80000,1.33584,0x669f0ab96fd3beb68bc836bb874894bbb516331a,2017-11-01T19:43:54.000Z,0.000016698,0xbcce870909b3dbbe28f744f69b080dbdeeb7748a,buy,0x0e0989b1f9b8a38983c2ba8053269ca62ec9b195,0xc887a3dae98ecb3fe0cffa25dba1b6490e8c9c6590ab79a2a0b93b68be1aed11
27,35825.37144544,0.5982084698588976,0xf81ab81ca1a6a19cc7b69b2c7876ff6543060598,2017-11-01T18:45:04.000Z,0.00001669790000000237,0xecba73e96217cdb23afff854446dda91a103e7fd,buy,0x0e0989b1f9b8a38983c2ba8053269ca62ec9b195,0xb491a78d1ae535410b3757544a407a7e7ce27ad9ac89ebf874390e6803b398df
28,37679.05872012,0.6291611546027671,0xf81ab81ca1a6a19cc7b69b2c7876ff6543060598,2017-11-01T18:37:06.000Z,0.000016697900000002,0xecba73e96217cdb23afff854446dda91a103e7fd,buy,0x0e0989b1f9b8a38983c2ba8053269ca62ec9b195,0x6d51ab4cef80f73a9b64a08940f595bd40a33e2f2fefbd074292c45ffac1feb3
29,4.90010434,0.00007646122812136,0xecba73e96217cdb23afff854446dda91a103e7fd,2017-11-01T18:27:46.000Z,0.000015604,0x0c6ead592dd190072e898e807f2fc68e98bcd8be,sell,0x0e0989b1f9b8a38983c2ba8053269ca62ec9b195,0xd7d4866159dc4c5a7a6f76ec0db39eab48c9a05c5f905ea1daf08159fc24e7ea
30,49152.94652277,0.7669825775413031,0xecba73e96217cdb23afff854446dda91a103e7fd,2017-11-01T18:26:56.000Z,0.000015604,0x0c6ead592dd190072e898e807f2fc68e98bcd8be,sell,0x0e0989b1f9b8a38983c2ba8053269ca62ec9b195,0xe493e23c174c256337b5a5157824c6230ba5baa4c97928c5f6f717648e574d57
31,20632.781,0.322057078629,0xa9e60f3c758cc407d90438d2bc49314db4b01f1e,2017-11-01T18:26:36.000Z,0.000015609,0x0c6ead592dd190072e898e807f2fc68e98bcd8be,sell,0x0e0989b1f9b8a38983c2ba8053269ca62ec9b195,0x512b35f02619baa345e55fd7299a6a9bff0e0dba71c9d8d881e1803e0c1e9399
32,12746.54652551,0.1989735912632111,0x28b4de80dac424e8d408cb4a8e99c0f43913ab14,2017-11-01T17:35:37.000Z,0.00001561,0x00db95a9f5552d0111f0094510850d3dc7c15526,sell,0x0e0989b1f9b8a38983c2ba8053269ca62ec9b195,0x70eb2832d18a74c7e81ce42b21eb503056628b7b4c06421cff91837160594bfa
33,1.45347449,0.0000226887367889,0x28b4de80dac424e8d408cb4a8e99c0f43913ab14,2017-11-01T17:28:39.000Z,0.00001561,0xd5c2125ed1a5343eb195e28048bf1db66f31dffe,sell,0x0e0989b1f9b8a38983c2ba8053269ca62ec9b195,0x87f8215b3f99c0ef5b8b17677fd1fc3fb84691f22a881932e25cd780b8b6d676
34,897.21862227,0.01400468547501243,0xa9e60f3c758cc407d90438d2bc49314db4b01f1e,2017-11-01T17:18:10.000Z,0.000015609,0x3ab9e5252a79123adcb3ee2f35ad64c3ea8c5bf3,sell,0x0e0989b1f9b8a38983c2ba8053269ca62ec9b195,0x79664ae7263d77af689d633a709945d7bf40136a3a0e83db1d508c3fd174730d
35,41670.82045658,0.6502314824044744,0xecba73e96217cdb23afff854446dda91a103e7fd,2017-11-01T13:52:45.000Z,0.000015604,0x4b7c1695c547062a0a52173053ed29a330c3a547,sell,0x0e0989b1f9b8a38983c2ba8053269ca62ec9b195,0x5dfac976d98f393b5aba6db59939adba33b60335798efee73330380737006b12
36,50000,0.78,0x5e0af47b2a7152fe966afccf7fd9ffd8c8bb629f,2017-11-01T10:13:45.000Z,0.0000156,0x00db95a9f5552d0111f0094510850d3dc7c15526,sell,0x0e0989b1f9b8a38983c2ba8053269ca62ec9b195,0xa88835a832ef8818ad6287345d36780d4e98fdfd22a46554074156986313a75e
37,100000,1.5601,0x25cb0ecbc7f8b7844531df9d137dcb594080a311,2017-11-01T10:13:27.000Z,0.000015601,0x00db95a9f5552d0111f0094510850d3dc7c15526,sell,0x0e0989b1f9b8a38983c2ba8053269ca62ec9b195,0x3fe47e10000ef863a8ab1eed546a435736cb54fdc3022f39b38f157054298908
38,62347.08533249,0.9728015724428415,0x64d3de76a264c667565324570af6df67d1b0d32a,2017-11-01T10:10:29.000Z,0.000015603,0xabbfc58e0958b6240e82afb0ac814c2eaf065d85,sell,0x0e0989b1f9b8a38983c2ba8053269ca62ec9b195,0xf5b6bfbc8cd07143c2fe76aae3d3c1cfdc771b98d0d5c4c9338994b26529dc9b
39,4984.5479015,0.0777739009071045,0x64d3de76a264c667565324570af6df67d1b0d32a,2017-11-01T09:55:23.000Z,0.000015603,0x68ca7fc4bfc3bb2a9cf6f45736dcadc2c427c5a0,sell,0x0e0989b1f9b8a38983c2ba8053269ca62ec9b195,0xeffd8dbe0c932c45d00ff0edb9f68f384ea24f62bf1e1ca11c974fb96988b6a6
40,258888.333,4.4010757721667,0x64d3de76a264c667565324570af6df67d1b0d32a,2017-11-01T09:34:39.000Z,0.0000169999,0xecba73e96217cdb23afff854446dda91a103e7fd,buy,0x0e0989b1f9b8a38983c2ba8053269ca62ec9b195,0x009bd9c9f86cabf41c613e6f97ef285f078a2ca62b7a47ac80ccdd70736337fb
41,70370.65613268,1.1962941171900352,0x117ac0195f2d28ba9d046e251dbf4101f9ada4e4,2017-11-01T09:27:44.000Z,0.00001699990000000125,0xecba73e96217cdb23afff854446dda91a103e7fd,buy,0x0e0989b1f9b8a38983c2ba8053269ca62ec9b195,0xb5f9d9fb5f6a1bb6614acdb5eba8230ba683fd4b4a7bf1a5fc2b506f868e99fe
42,90433.41182631,1.35650117739465,0x02fa28346e75d3863a72776ef440343dfd1ea304,2017-11-01T07:01:32.000Z,0.000015,0x8dd35adc59370a1125d3b4e1faee6f2c756c1b50,sell,0x0e0989b1f9b8a38983c2ba8053269ca62ec9b195,0x299a8ccee0edc0e0ed18925678b20398e44097ef4ac97b88c05c3d563723c8ef
43,300000,4.5003,0x54409c45877a9877a724bdfc941dd5a16ac0f0c8,2017-11-01T06:59:17.000Z,0.000015001,0x8dd35adc59370a1125d3b4e1faee6f2c756c1b50,sell,0x0e0989b1f9b8a38983c2ba8053269ca62ec9b195,0x4ffe9a3ea88be0e779b925d5a61e8d8cade41f9f10ffcd1677e7a6e6325b440f
44,50000,0.75055,0x25cb0ecbc7f8b7844531df9d137dcb594080a311,2017-11-01T06:59:07.000Z,0.000015011,0x8dd35adc59370a1125d3b4e1faee6f2c756c1b50,sell,0x0e0989b1f9b8a38983c2ba8053269ca62ec9b195,0xe5f8fb8d972a0b088ef707ad7b7f159d8c6b01a4f5905f7b7ea5fb9c75d8de5c
45,50000,0.7515,0x60143b6b44b8a04723fa4848f5b68310044fb176,2017-11-01T06:57:53.000Z,0.00001503,0x8dd35adc59370a1125d3b4e1faee6f2c756c1b50,sell,0x0e0989b1f9b8a38983c2ba8053269ca62ec9b195,0xfbd75d48d53470418118150f88594eacaf5a0a2062b961ed99a4c851441c9bb2
46,50000,0.77505,0x02fa28346e75d3863a72776ef440343dfd1ea304,2017-11-01T06:48:13.000Z,0.000015501,0x8dd35adc59370a1125d3b4e1faee6f2c756c1b50,sell,0x0e0989b1f9b8a38983c2ba8053269ca62ec9b195,0xa4d8893b2b6262be6bdc4517ac43d8aa7e48cecffe276cc132285182b7f03164
47,180000,2.790918,0xecba73e96217cdb23afff854446dda91a103e7fd,2017-11-01T06:37:53.000Z,0.0000155051,0x8dd35adc59370a1125d3b4e1faee6f2c756c1b50,sell,0x0e0989b1f9b8a38983c2ba8053269ca62ec9b195,0x7fbbd3ab52535184b5ed9faf6f5cfa317af8a584ee52db7045f8ede170d792f4
48,179000,2.792579,0xdc7c6c82c9fdf4f2be3ae232d202533c0389465e,2017-11-01T06:36:53.000Z,0.000015601,0x8dd35adc59370a1125d3b4e1faee6f2c756c1b50,sell,0x0e0989b1f9b8a38983c2ba8053269ca62ec9b195,0xa72277d13e67294012795883530e6270f7df942dd81f3070b2f09bd32a8fae3f
49,100000,1.60051,0xbcce870909b3dbbe28f744f69b080dbdeeb7748a,2017-11-01T06:27:55.000Z,0.0000160051,0x8dd35adc59370a1125d3b4e1faee6f2c756c1b50,sell,0x0e0989b1f9b8a38983c2ba8053269ca62ec9b195,0xdbd3b5679ee5e5fc26f824f63d32bb326e06117bfc83e4ce77bf8a0eab1903d9
50,150000,2.40105,0xecba73e96217cdb23afff854446dda91a103e7fd,2017-11-01T06:25:24.000Z,0.000016007,0x8dd35adc59370a1125d3b4e1faee6f2c756c1b50,sell,0x0e0989b1f9b8a38983c2ba8053269ca62ec9b195,0xe398bb77731806686ecb223676be5e38ce246109321ebd2cc0478db7a87d0eb6
51,160143.61688842,2.72244148710314,0x06958e21a8825d358cc6e84cde56cd8dcd8c4fd3,2017-11-01T06:22:11.000Z,0.000017,0x8dd35adc59370a1125d3b4e1faee6f2c756c1b50,sell,0x0e0989b1f9b8a38983c2ba8053269ca62ec9b195,0x92c1226651ced76aab5f7952fe94ae2a2284fbb68cf755230141ea24515ae052
52,90000,1.44072,0x3dee4a4e076e8d82859d241db0baf46f112cfa23,2017-11-01T06:22:11.000Z,0.000016008,0x8dd35adc59370a1125d3b4e1faee6f2c756c1b50,sell,0x0e0989b1f9b8a38983c2ba8053269ca62ec9b195,0xf7925cbb3c2ae60808162fe4457fad49ab065ae902a690fb341d8ef16f56a3ad
53,29801.39309691,0.5363952743514511,0x57e2cd54f829a084aa4020fa365b6d5d1692f261,2017-11-01T04:12:51.000Z,0.00001799900000000563,0x00db95a9f5552d0111f0094510850d3dc7c15526,buy,0x0e0989b1f9b8a38983c2ba8053269ca62ec9b195,0xb5f3b917967087d7552a59a679e43d1bba1f3eb1581de41112912d3a179e7cef
54,300000,5.3991,0x57e2cd54f829a084aa4020fa365b6d5d1692f261,2017-11-01T04:12:07.000Z,0.000017997,0x54409c45877a9877a724bdfc941dd5a16ac0f0c8,buy,0x0e0989b1f9b8a38983c2ba8053269ca62ec9b195,0x7c418075762734166864e6489c00804ec87e7d041711887b332d7b4ff6306828
55,39876.38311158,0.67789851289686,0x06958e21a8825d358cc6e84cde56cd8dcd8c4fd3,2017-11-01T02:49:31.000Z,0.000017,0xecba73e96217cdb23afff854446dda91a103e7fd,sell,0x0e0989b1f9b8a38983c2ba8053269ca62ec9b195,0x8c863b7403c3587d5d6c7dcca376782246cce151cb4b98d45f0de8de48360348
56,0.00008863,0.000000001382628,0xbcb614675176a6732901e9f3f4b29cd3ec534ed3,2017-10-31T22:55:54.000Z,0.0000156,0x85340638f7fd12497c9e4f816dc3ef2557d2fc1c,sell,0x0e0989b1f9b8a38983c2ba8053269ca62ec9b195,0x9da893bfa6fe2cc63fcb8ef9d6b4a923b3b243f727e7bc78f35eaf6649a528e0
57,0.88903522,0.000013868949432,0xbcb614675176a6732901e9f3f4b29cd3ec534ed3,2017-10-31T22:54:10.000Z,0.0000156,0x85340638f7fd12497c9e4f816dc3ef2557d2fc1c,sell,0x0e0989b1f9b8a38983c2ba8053269ca62ec9b195,0xbad9519733f8bd62f159ae9682ff9858213f8c6963d1a2aced3e12287daec009
58,8917.91216513,0.139119429776028,0xbcb614675176a6732901e9f3f4b29cd3ec534ed3,2017-10-31T22:53:32.000Z,0.0000156,0x85340638f7fd12497c9e4f816dc3ef2557d2fc1c,sell,0x0e0989b1f9b8a38983c2ba8053269ca62ec9b195,0xdc217f46795bbf0e4bc089daa99053ab0380e88774362aa619648001faefb3c5
59,50000,0.84435,0x31d807e1ed35f84248341461c6a2c44db722877b,2017-10-31T19:44:34.000Z,0.000016887,0xecba73e96217cdb23afff854446dda91a103e7fd,buy,0x0e0989b1f9b8a38983c2ba8053269ca62ec9b195,0xec73313358d2118d7b1afd8bcb6d4b7a67dbac7698387e36aa8d8908931b000a
60,50000,0.84435,0x6bad391397f5f6047d3b6752576ee1a4ae3d2927,2017-10-31T19:32:44.000Z,0.000016887,0xecba73e96217cdb23afff854446dda91a103e7fd,buy,0x0e0989b1f9b8a38983c2ba8053269ca62ec9b195,0xda5dac671028c13536b38e337311df085d0e8b4c80fbf081cfcbdefda5aee22e
61,50000,0.83885,0x6bad391397f5f6047d3b6752576ee1a4ae3d2927,2017-10-31T19:30:21.000Z,0.000016777,0x00db95a9f5552d0111f0094510850d3dc7c15526,buy,0x0e0989b1f9b8a38983c2ba8053269ca62ec9b195,0x7a6a922d789b275502c82f721fc36e52d2cef5443401feff5cf853d686a727ba
62,80913.00979787,1.357396652369067,0xcb1ab94d76842a8c63ba853fe87665454f4f49b1,2017-10-31T15:25:35.000Z,0.000016776,0xbcce870909b3dbbe28f744f69b080dbdeeb7748a,buy,0x0e0989b1f9b8a38983c2ba8053269ca62ec9b195,0x7afeafbdf2d5650024448eda103820f42e68fe986e51be30f1a5ef7e86a53abc
63,56593,0.949347575,0xcb1ab94d76842a8c63ba853fe87665454f4f49b1,2017-10-31T15:25:25.000Z,0.000016775,0xb7da6d59b9f5dd45b54ef33334f3ebd01bcde993,buy,0x0e0989b1f9b8a38983c2ba8053269ca62ec9b195,0xffd6535c0af486a40008beddf6177e1c114052376bd3cb39131e5aef11fc1b70
64,10500,0.15855,0x02fa28346e75d3863a72776ef440343dfd1ea304,2017-10-31T14:14:35.000Z,0.0000151,0xee238163d3b595a294e40017320b56643fe99b49,sell,0x0e0989b1f9b8a38983c2ba8053269ca62ec9b195,0xad576f81f96aa9dc9d4655fe77497b437804bc02a4b4545cb9a88ea003bfa6e0
65,6900,0.10488,0x9ba6f2851c8afe6be654fbd4c3dc7e9e64cffe53,2017-10-31T14:14:35.000Z,0.0000152,0xee238163d3b595a294e40017320b56643fe99b49,sell,0x0e0989b1f9b8a38983c2ba8053269ca62ec9b195,0x77550bbfcc0d8dac97be8f333f342f901d12538a431a2b6bc6aa92eee709e06e
66,6118.62310702,0.0917793466053,0x02fa28346e75d3863a72776ef440343dfd1ea304,2017-10-31T11:18:36.000Z,0.000015,0x7e4be1ff83f89846fe1b3c3d2521ef74b4d4b626,sell,0x0e0989b1f9b8a38983c2ba8053269ca62ec9b195,0x7a9c8805428c664f8d5bc4e705615aab40e9a64d6ca94bbe4881c5410e67bd91
67,4000,0.06556,0x9ba6f2851c8afe6be654fbd4c3dc7e9e64cffe53,2017-10-31T08:30:42.000Z,0.00001639,0x1a3d06df3d3dc35e4fc154a10a108f8379721fae,buy,0x0e0989b1f9b8a38983c2ba8053269ca62ec9b195,0x725d3e1c09c9862962f23b314fb68e5a1405eb5ca6d1a52cb641173ee59c9902
68,5156.26,0.084562664,0x9ba6f2851c8afe6be654fbd4c3dc7e9e64cffe53,2017-10-31T08:30:42.000Z,0.0000164,0xbcb614675176a6732901e9f3f4b29cd3ec534ed3,buy,0x0e0989b1f9b8a38983c2ba8053269ca62ec9b195,0x0718f01c98af05fc6cf9ec8a25640097b1370e00b0f82a031b4b3187c3287d64
69,104,0.0017056,0x8e667cf4bd58798ce31134f89880f63ef6f35d03,2017-10-31T06:04:46.000Z,0.0000164,0xbcb614675176a6732901e9f3f4b29cd3ec534ed3,buy,0x0e0989b1f9b8a38983c2ba8053269ca62ec9b195,0x2899408a436c07d54b57ed19d84ae59c153ba38fbfde1b6cc5479ca66fe6a524
70,30010,0.460692513,0x02fa28346e75d3863a72776ef440343dfd1ea304,2017-10-31T05:21:33.000Z,0.0000153513,0xee238163d3b595a294e40017320b56643fe99b49,sell,0x0e0989b1f9b8a38983c2ba8053269ca62ec9b195,0xf9b981ccd4b05d9cda27799c2ddb8aa2d301e571c089df236be84e8ce022b243
71,27.709,0.0004322604,0xb4cfcb2b61bae99448176e1253a2916923cda0dc,2017-10-31T05:15:50.000Z,0.0000156,0xe444a40689f51f63bcd29910622035707d533d29,sell,0x0e0989b1f9b8a38983c2ba8053269ca62ec9b195,0x09a752e2dc392a2178c40f4ab4465ff3f598d832148c22a316c6fcd7c524b979
72,77044.946,1.194196663,0x2eb2ed7b58dbea2b3b5d23b0c62e2a17aabb0f09,2017-10-31T04:57:10.000Z,0.0000155,0xee238163d3b595a294e40017320b56643fe99b49,sell,0x0e0989b1f9b8a38983c2ba8053269ca62ec9b195,0x623f78e97c1fbf4d32d505e51866ce837ba2b500d69fe64b41c140514d3c28aa
73,2999.05356944,0.04648533032632,0x2eb2ed7b58dbea2b3b5d23b0c62e2a17aabb0f09,2017-10-31T04:04:08.000Z,0.0000155,0xa81d30697eaf18bc2d0b6a87ec5aa22e0506be42,sell,0x0e0989b1f9b8a38983c2ba8053269ca62ec9b195,0xd38f575443d385a568a164906ccce4a23ef424ae5f516fc606cb6e242a57f071
74,87500,1.39895,0x02fa28346e75d3863a72776ef440343dfd1ea304,2017-10-31T01:25:27.000Z,0.000015988,0x64340e540165af3f1a86ccf8548286e804400233,buy,0x0e0989b1f9b8a38983c2ba8053269ca62ec9b195,0x33a0f9a936aa9f1d629fdfc0e9ffedcde7fe6f56c8b9362298247bdfc057e09d
75,0.0001,0.0000000015987,0x0c4085d8e714ca77ac5f46cd2b80a92d238a7cd3,2017-10-31T00:48:47.000Z,0.000015987,0xbcce870909b3dbbe28f744f69b080dbdeeb7748a,buy,0x0e0989b1f9b8a38983c2ba8053269ca62ec9b195,0x49b63b1fc68937217e96d9a8a709e2adf7bccdad0df0ebf560c295a03e97a9e6
76,0.0001,0.0000000015993,0x0c4085d8e714ca77ac5f46cd2b80a92d238a7cd3,2017-10-30T21:27:24.000Z,0.000015993,0xecba73e96217cdb23afff854446dda91a103e7fd,buy,0x0e0989b1f9b8a38983c2ba8053269ca62ec9b195,0xf9d13be7b8f04ad8ccd8e6698c7301d209fdf7aa007274a8b9ce494e88d0bddc
77,60000,0.9,0x7d98c9872ac583e5031af8e41d335c0d31232673,2017-10-30T17:53:29.000Z,0.000015,0x2608df4a0b61e8e21e0bb0f84bb339e65d26a767,sell,0x0e0989b1f9b8a38983c2ba8053269ca62ec9b195,0x666985a78c9982708cb53f66b4b05ad9110a46da4f8ac5b88e85d0848de5bea9
78,142406.6436224,2.136099654336,0xfc64aa8b9de7e6bbcdc414e9ad39b6a63e498e18,2017-10-30T17:53:12.000Z,0.000015,0x2608df4a0b61e8e21e0bb0f84bb339e65d26a767,sell,0x0e0989b1f9b8a38983c2ba8053269ca62ec9b195,0x1a92e1e1f6b2d6fcc492bc83507bd80edf87b8470f94b9018157197d5324d4d0
79,237813.84,3.5672076,0x5926fe867e951386ef17474e8eb713f17095b663,2017-10-30T17:52:58.000Z,0.000015,0x2608df4a0b61e8e21e0bb0f84bb339e65d26a767,sell,0x0e0989b1f9b8a38983c2ba8053269ca62ec9b195,0x8e65b2651f6eff674bc4e15022b98c8de4b3a688c6e936eb79921c9f8ffc9201
80,13666.83281827,0.20500385895733184,0xdac073bf7ab0ff2d1df7383be6ae36b9185af59a,2017-10-30T17:52:22.000Z,0.0000150001,0x2608df4a0b61e8e21e0bb0f84bb339e65d26a767,sell,0x0e0989b1f9b8a38983c2ba8053269ca62ec9b195,0x89c122d271937b688b7cde24cd55bee25adc9c08ac5f87428d36287499bccd65
81,128220.43664068,1.9234347700468406,0xa54b88fcb5dc39e97d12e79aafaa28702204344f,2017-10-30T17:52:20.000Z,0.000015001,0x2608df4a0b61e8e21e0bb0f84bb339e65d26a767,sell,0x0e0989b1f9b8a38983c2ba8053269ca62ec9b195,0xfb177302f5e44c19af3bdb50eb7077e2f458a839fb39c46ef009b06a635463a2
82,98520,1.4906076,0x02fa28346e75d3863a72776ef440343dfd1ea304,2017-10-30T17:51:02.000Z,0.00001513,0x2608df4a0b61e8e21e0bb0f84bb339e65d26a767,sell,0x0e0989b1f9b8a38983c2ba8053269ca62ec9b195,0x4e22187cf0bf81c0755ba464ffa27687e0b510b8bc337db009ac27d80c12cdbc
83,2191.78351195,0.03331730116515195,0x72f90eb02e45aec19fa7d8e012ddc17c632ccf15,2017-10-30T17:50:53.000Z,0.000015201,0x2608df4a0b61e8e21e0bb0f84bb339e65d26a767,sell,0x0e0989b1f9b8a38983c2ba8053269ca62ec9b195,0xca35446545bf6a88b3ea4a4ad25da23abaf896a29ea38e562a8bf68bbcb654f6
84,2818.182,0.042698275482,0x4b645da3d68ae9ca15e2b9be85bfb4b2c10fa5ab,2017-10-30T17:50:53.000Z,0.000015151,0x2608df4a0b61e8e21e0bb0f84bb339e65d26a767,sell,0x0e0989b1f9b8a38983c2ba8053269ca62ec9b195,0xa21dff444fe369473aae7016dc917450e9d04873bac07b2ca1510b7953869140
85,4638,0.070506876,0xf7a6fc442e0c42d5433fcfe8bf1a44311ba2de2f,2017-10-30T17:49:56.000Z,0.000015202,0x2608df4a0b61e8e21e0bb0f84bb339e65d26a767,sell,0x0e0989b1f9b8a38983c2ba8053269ca62ec9b195,0x73d3900ce4b1af834bef1be15776e7525d60c3a361af13c538952a0c6143d646
86,30010,0.460692513,0x02fa28346e75d3863a72776ef440343dfd1ea304,2017-10-30T17:49:46.000Z,0.0000153513,0x2608df4a0b61e8e21e0bb0f84bb339e65d26a767,sell,0x0e0989b1f9b8a38983c2ba8053269ca62ec9b195,0xc42471afa63724e7982135bfebededfede8a27c7fa162fbe6f79956ef5d21128
87,9999.891,0.1549983105,0xb4cfcb2b61bae99448176e1253a2916923cda0dc,2017-10-30T17:49:39.000Z,0.0000155,0x2608df4a0b61e8e21e0bb0f84bb339e65d26a767,sell,0x0e0989b1f9b8a38983c2ba8053269ca62ec9b195,0xfd5d44e1ea29ae84bbdbec9fd0dd3250ce7c02a13afc09a86cc9e8397792583e
88,64826,1.00998908,0xf5f903e901326545190bfc7998ab685e346a71e5,2017-10-30T17:31:25.000Z,0.00001558,0x00db95a9f5552d0111f0094510850d3dc7c15526,sell,0x0e0989b1f9b8a38983c2ba8053269ca62ec9b195,0xa979a55835406e5d18d3b965447411fe7f6369de333ba4e1e2ffbdd9329f9da0
89,19086.98231277,0.32213100049266225,0x7c4583c32d751e7bb8104e124812b490ac1a2f1e,2017-10-30T15:15:52.000Z,0.00001687700000000224,0xbcce870909b3dbbe28f744f69b080dbdeeb7748a,buy,0x0e0989b1f9b8a38983c2ba8053269ca62ec9b195,0xdb8c7968812257f041dc1036b96056a39ae615d232d16368f03cd29a46747848
90,0.10850064,0.00000168175992,0xb4cfcb2b61bae99448176e1253a2916923cda0dc,2017-10-30T15:01:35.000Z,0.0000155,0x0ea89ae2a63568d1353017f6fc7ebf522842a5f0,sell,0x0e0989b1f9b8a38983c2ba8053269ca62ec9b195,0x82c6d6234b5dd9ed0289a7f2019c608684362366d632fb2cf4742a73210e3752
91,57593.3563776,0.863900345664,0xfc64aa8b9de7e6bbcdc414e9ad39b6a63e498e18,2017-10-30T12:59:48.000Z,0.000015,0x10715dc6c13341654005b2170df3efda997a7ca3,sell,0x0e0989b1f9b8a38983c2ba8053269ca62ec9b195,0xc90f84f00503870432d4e04eae311adb604a08b105b7743a94146d58ea8cec31
92,30000,0.456,0xc6939e988f4481b549ea7059cfcc42aab1f45bdb,2017-10-30T12:55:59.000Z,0.0000152,0x10715dc6c13341654005b2170df3efda997a7ca3,sell,0x0e0989b1f9b8a38983c2ba8053269ca62ec9b195,0xf1d5ec9fdc2da020696722726f2e8fbf97918a2af0e89077a2b38c8d05f78edd
93,48000,0.729696,0xa92f77d8af864d634a953a9b4e066122e4482ba9,2017-10-30T12:55:42.000Z,0.000015202,0x10715dc6c13341654005b2170df3efda997a7ca3,sell,0x0e0989b1f9b8a38983c2ba8053269ca62ec9b195,0xcfdfeedc0f3fccece408dd6bc9e92a8f4e8f59dd18de84df8b286aefabc6ffaf
94,48000,0.729696,0xa92f77d8af864d634a953a9b4e066122e4482ba9,2017-10-30T12:55:23.000Z,0.000015202,0x10715dc6c13341654005b2170df3efda997a7ca3,sell,0x0e0989b1f9b8a38983c2ba8053269ca62ec9b195,0xcfdfeedc0f3fccece408dd6bc9e92a8f4e8f59dd18de84df8b286aefabc6ffaf
95,8.21648805,0.00012489883484805,0x72f90eb02e45aec19fa7d8e012ddc17c632ccf15,2017-10-30T05:07:59.000Z,0.000015201,0xd0d7c568d5bb8ef7bba5d74cb66e8208b1687e0f,sell,0x0e0989b1f9b8a38983c2ba8053269ca62ec9b195,0x502a923ca4f5f6db7ac014b0d8d498d55960a716e7101acde8cabe97c47e9e22
96,82419.59161513,1.247173260320147,0x64340e540165af3f1a86ccf8548286e804400233,2017-10-30T05:06:09.000Z,0.000015132,0xd0d7c568d5bb8ef7bba5d74cb66e8208b1687e0f,sell,0x0e0989b1f9b8a38983c2ba8053269ca62ec9b195,0xcc59eabd540534f4ddcbd151a950c096d337f92d9e7ce788332cdb2267c6e971
97,0.00000077,0.000000000013114451,0xf7a6fc442e0c42d5433fcfe8bf1a44311ba2de2f,2017-10-30T02:54:29.000Z,0.00001703175454545454,0xecba73e96217cdb23afff854446dda91a103e7fd,buy,0x0e0989b1f9b8a38983c2ba8053269ca62ec9b195,0xd6a14c7b4703d6f885a68cc3818e8da7b24a5282817c89b135aaf721154382d4
98,24.081,0.000364851231,0x4b645da3d68ae9ca15e2b9be85bfb4b2c10fa5ab,2017-10-30T02:52:08.000Z,0.000015151,0x379374d13077e8867ef31803c37baf9785a17c00,sell,0x0e0989b1f9b8a38983c2ba8053269ca62ec9b195,0xff1cc185baa83e46b413feb5de15894a33176624112017dd9193e5bb05c69f18
99,23.737,0.000359639287,0x4b645da3d68ae9ca15e2b9be85bfb4b2c10fa5ab,2017-10-30T02:51:44.000Z,0.000015151,0x16e5d97bbc92417e051e3b2cabfbf8ceea2acb9c,sell,0x0e0989b1f9b8a38983c2ba8053269ca62ec9b195,0xcec1c90f4f28b72e02aabb41ee0af5d2a1a12091b9ac0214f8f3fad283f3f437
100,0.00778936,0.000000131551054172,0xf7a6fc442e0c42d5433fcfe8bf1a44311ba2de2f,2017-10-30T02:51:14.000Z,0.00001688855749021742,0xbcce870909b3dbbe28f744f69b080dbdeeb7748a,buy,0x0e0989b1f9b8a38983c2ba8053269ca62ec9b195,0x08310e5a66640251bf55c559689ce2437c6a34211043d0b688144b1fc436fa5e
101,750,0.012675,0xb72c63deadd58c97a7c2f2d00704b0c74352f05e,2017-10-30T01:57:28.000Z,0.0000169,0xc43b0c4013131b17eccdcef96e6c873a21c3d087,buy,0x0e0989b1f9b8a38983c2ba8053269ca62ec9b195,0x809a4cfc15b40f02297305e82c913e2b852fdf03275670eb71b6be42eae66ec2
102,18333.16718173,0.27499934104266816,0xdac073bf7ab0ff2d1df7383be6ae36b9185af59a,2017-10-29T22:14:08.000Z,0.0000150001,0xb00548770ea87482f024cd4292a975fea72e8f01,sell,0x0e0989b1f9b8a38983c2ba8053269ca62ec9b195,0x617e19df5e0b3d2eedc2662d41a5c1a2caa332fa6d9032fcbdc5ab5759de9e9c
103,95175.32769994,1.4276299154991,0x5926fe867e951386ef17474e8eb713f17095b663,2017-10-29T20:46:57.000Z,0.000015,0x7366c9cb1d3c0010197295be0356ec78f589bc8b,sell,0x0e0989b1f9b8a38983c2ba8053269ca62ec9b195,0x7d5feb399ec715ed917e5a03566356471f8825138b86a08747897e7e3260ca58
104,50000,0.7565,0x3dee4a4e076e8d82859d241db0baf46f112cfa23,2017-10-29T20:44:56.000Z,0.00001513,0x7366c9cb1d3c0010197295be0356ec78f589bc8b,sell,0x0e0989b1f9b8a38983c2ba8053269ca62ec9b195,0x290de109eee0a16120a4a94b0abb1f67da20d40f941d1d46680b1cfb9fd825e3
105,50000,0.756455,0xbcce870909b3dbbe28f744f69b080dbdeeb7748a,2017-10-29T20:44:56.000Z,0.0000151291,0x7366c9cb1d3c0010197295be0356ec78f589bc8b,sell,0x0e0989b1f9b8a38983c2ba8053269ca62ec9b195,0x94d79e5a576d19161850a9261ff5037ee209e565759994eb9a415dc798bbcd70
106,25.42664902,0.00038460349307652,0x64340e540165af3f1a86ccf8548286e804400233,2017-10-29T18:17:07.000Z,0.000015126,0xe4bac8191754b79f955d06eca8d95faec6b57e24,sell,0x0e0989b1f9b8a38983c2ba8053269ca62ec9b195,0xc874938cb24a0ee68951273549adf711514aecfac357be6b911932b2e019b02b
107,255054.71627255,3.857957638338591,0x64340e540165af3f1a86ccf8548286e804400233,2017-10-29T18:14:56.000Z,0.000015126,0xe4bac8191754b79f955d06eca8d95faec6b57e24,sell,0x0e0989b1f9b8a38983c2ba8053269ca62ec9b195,0x5f7ce8a4831ee7880c244db9de63f4862ced091e1690684818a551deeb361b29
108,1500,0.0231,0xbf5575539772089b672bad685645b4a1e5c39a43,2017-10-29T18:14:14.000Z,0.0000154,0xe4bac8191754b79f955d06eca8d95faec6b57e24,sell,0x0e0989b1f9b8a38983c2ba8053269ca62ec9b195,0x1113b4d0b679cccdc5b44de1bc4d571292a437e3783900eccaf29d64315a5558
109,136000,2.0672,0x72f90eb02e45aec19fa7d8e012ddc17c632ccf15,2017-10-29T18:14:14.000Z,0.0000152,0xe4bac8191754b79f955d06eca8d95faec6b57e24,sell,0x0e0989b1f9b8a38983c2ba8053269ca62ec9b195,0xf8bb9553bed06e3c53ecde9d1f9a9617b4d5ba914c1cdb04eab2646a17af3d3e
110,4373.805,0.06722538285,0x29b8eca0a380c562a00b7e5d1fbc624e5be736a5,2017-10-29T18:10:55.000Z,0.00001537,0xe4bac8191754b79f955d06eca8d95faec6b57e24,sell,0x0e0989b1f9b8a38983c2ba8053269ca62ec9b195,0x3f9cb002fc75c7c0fe4cb7e71ed5dfdf087d6d1f0b2f0fa667b68aa92399f223
111,28318.564,0.42860146614,0xe84d0e36f458c914604fa5df1b98f9b3ef3fd3c2,2017-10-29T18:07:02.000Z,0.000015135,0xe4bac8191754b79f955d06eca8d95faec6b57e24,sell,0x0e0989b1f9b8a38983c2ba8053269ca62ec9b195,0xc5b353a5e6ca15445b95ece783d18ff4f5ea4eeb2e5368a9e0d4a664f78b2325
112,36000,0.55368,0x72f90eb02e45aec19fa7d8e012ddc17c632ccf15,2017-10-29T18:06:39.000Z,0.00001538,0xe4bac8191754b79f955d06eca8d95faec6b57e24,sell,0x0e0989b1f9b8a38983c2ba8053269ca62ec9b195,0xea35de01a37da5abf5497ddd9854f551a42fbce695ed0364c4011ce42a7f6961
113,8556,0.1386072,0x77c0016fea4b7c41cb7867518f23a5cde66f8cd4,2017-10-29T18:06:33.000Z,0.0000162,0xe4bac8191754b79f955d06eca8d95faec6b57e24,sell,0x0e0989b1f9b8a38983c2ba8053269ca62ec9b195,0xc1ecd307a6765ecf612d184c5c7622e4dad15fc0c8244af5e07b8dd65b582dee
114,1444,0.024548,0x77c0016fea4b7c41cb7867518f23a5cde66f8cd4,2017-10-29T17:16:33.000Z,0.000017,0xbaab267210220428bd147691ae1403b559bf00d3,buy,0x0e0989b1f9b8a38983c2ba8053269ca62ec9b195,0x64cf2845f41a58c5017308765be148051d914e768f7835a2bb759feff11e8d9e
115,5626.19456312,0.0864746104351544,0x29b8eca0a380c562a00b7e5d1fbc624e5be736a5,2017-10-29T16:00:53.000Z,0.00001537,0x7530f85827154ce178ff6c0710af07520663f9d5,sell,0x0e0989b1f9b8a38983c2ba8053269ca62ec9b195,0x25f22088860acc148676cac6ba46e821fd687fe3bcd0c4f68672a58bb0c5c86f
116,1681.43554979,0.026062251021745,0xe84d0e36f458c914604fa5df1b98f9b3ef3fd3c2,2017-10-29T15:39:50.000Z,0.0000155,0xf42211cd13cc0f615b87333f87488a4ada5f01e0,sell,0x0e0989b1f9b8a38983c2ba8053269ca62ec9b195,0x4b1f8434050977b84a28c580d5efe6748d82486013c2eae309eea7017742a69e
117,300,0.0048,0x92d3ed39d77c4a667d2a193dd9b946ac8fedf94f,2017-10-29T15:38:31.000Z,0.000016,0xf42211cd13cc0f615b87333f87488a4ada5f01e0,sell,0x0e0989b1f9b8a38983c2ba8053269ca62ec9b195,0x69357470a31bd72134a591c80d46bcb8c2e2752101a4e03afd6fb254275f2726
118,8555.45541326,0.14544274202544158,0xdf936e92f73b6e6334b417e87a87350d4a4b7a8c,2017-10-29T13:57:25.000Z,0.00001700000000000252,0xbaab267210220428bd147691ae1403b559bf00d3,buy,0x0e0989b1f9b8a38983c2ba8053269ca62ec9b195,0x6c2b5160f47ca847e42193d7543552cdcd54d8940306b151c360c274bf993268
119,44424.12375947,0.6716927512431864,0x739c5f6d73d483705a08f9a52c7cd61c7933573e,2017-10-29T10:16:06.000Z,0.00001512,0x3f99945c9b107d2278ea6a7f6692180b2b548fe3,sell,0x0e0989b1f9b8a38983c2ba8053269ca62ec9b195,0x1818f86871aa0dee99b8d36f6db8836f0cae41f1a6618061cf184fc146e9e7e2
120,90000,1.40139,0x85ee2d2dbccc4f6b88093fba70e9b6ffe513a188,2017-10-29T10:14:40.000Z,0.000015571,0x3f99945c9b107d2278ea6a7f6692180b2b548fe3,sell,0x0e0989b1f9b8a38983c2ba8053269ca62ec9b195,0xefba20272d87a16147b38b261ce1e9b24311fb465464033af2f0eddbb58272ae
121,5000,0.0775,0x68ca7fc4bfc3bb2a9cf6f45736dcadc2c427c5a0,2017-10-29T10:14:40.000Z,0.0000155,0x3f99945c9b107d2278ea6a7f6692180b2b548fe3,sell,0x0e0989b1f9b8a38983c2ba8053269ca62ec9b195,0x4afe7915d30723b834b449f7268c9299c2ef925bf3e95e87627e625dc56c8e8f
122,56483.31689256,0.8800157255177741,0x6bd09ad951b1084c91aba206a03b36e9e6c7a9ac,2017-10-29T10:14:28.000Z,0.0000155801,0x3f99945c9b107d2278ea6a7f6692180b2b548fe3,sell,0x0e0989b1f9b8a38983c2ba8053269ca62ec9b195,0x4db3951418580035134d5730e771edced4f46db9ebd9604ecc43a57a6bcd1f9a
123,32000,0.5120032,0xdac073bf7ab0ff2d1df7383be6ae36b9185af59a,2017-10-29T09:52:29.000Z,0.0000160001,0x3f99945c9b107d2278ea6a7f6692180b2b548fe3,sell,0x0e0989b1f9b8a38983c2ba8053269ca62ec9b195,0xbcadbeb66f06e5703a25d627dee3945486b88eb47f1d3988b38e1a9c880bbf04
124,60000,0.96,0xacdc8f0ea42beeaa954b0dd1fdc49c01886a5f84,2017-10-29T09:52:29.000Z,0.000016,0x3f99945c9b107d2278ea6a7f6692180b2b548fe3,sell,0x0e0989b1f9b8a38983c2ba8053269ca62ec9b195,0xb9fd1ebf3cc05559ebdd2a3ddc9ddb12ddf588558496461e273231b33d12e6c7
125,3.43238469,0.000053476896708669,0x6bd09ad951b1084c91aba206a03b36e9e6c7a9ac,2017-10-29T09:23:54.000Z,0.0000155801,0xe740c4a8e353a09843c66af6788574931ff352af,sell,0x0e0989b1f9b8a38983c2ba8053269ca62ec9b195,0xb2d2156b451b318007f6e5f5d130f6675c57fa4a6bac80dfaa035362d1762f68
126,34430.25072275,0.5364267492855173,0x6bd09ad951b1084c91aba206a03b36e9e6c7a9ac,2017-10-29T09:22:45.000Z,0.0000155801,0xe740c4a8e353a09843c66af6788574931ff352af,sell,0x0e0989b1f9b8a38983c2ba8053269ca62ec9b195,0x872d3e1c5fc1096d3d087fccad61c21d52d2889b610ac6c1eb26686d8f73f3e2
127,70000,1.09067,0x3dee4a4e076e8d82859d241db0baf46f112cfa23,2017-10-29T09:20:52.000Z,0.000015581,0xe740c4a8e353a09843c66af6788574931ff352af,sell,0x0e0989b1f9b8a38983c2ba8053269ca62ec9b195,0x70eee7a610ab81bcf0ef5b62c209fc4b62a107125ea3cdfea9fd2784dabb0bdb
128,42766.01984412,0.688532919490332,0xe28e920659ac540f9902414e0e0ff23a86712ed7,2017-10-29T09:02:51.000Z,0.0000161,0x3f99945c9b107d2278ea6a7f6692180b2b548fe3,sell,0x0e0989b1f9b8a38983c2ba8053269ca62ec9b195,0x3e30bc0aa8c8d750b6ba979cfaa6e1cd913fb0864d9a538038b10b3ba2f16064
129,60000,0.972,0xbee43e315be90b034c378894b16ec3eceb6818d0,2017-10-29T09:02:51.000Z,0.0000162,0x3f99945c9b107d2278ea6a7f6692180b2b548fe3,sell,0x0e0989b1f9b8a38983c2ba8053269ca62ec9b195,0xf2f85a165aa941861ce58001b9bb37dfb149f233404ccbbc278d29906084a4f5
130,5000,0.0808,0x91bf3a2f3e98e51925711a15d578bb107513da4c,2017-10-29T09:02:51.000Z,0.00001616,0x3f99945c9b107d2278ea6a7f6692180b2b548fe3,sell,0x0e0989b1f9b8a38983c2ba8053269ca62ec9b195,0x305752d36678933688e920b2559aa347d103b7faaefd384742f06f68965a13d6
131,140000,2.24014,0xecba73e96217cdb23afff854446dda91a103e7fd,2017-10-29T09:02:51.000Z,0.000016001,0x3f99945c9b107d2278ea6a7f6692180b2b548fe3,sell,0x0e0989b1f9b8a38983c2ba8053269ca62ec9b195,0xe6178341b97ef6fb5c80e057d14b6bff4e1e8b878158670cd23f4af66d858fa1
132,50000,0.808005,0xbcce870909b3dbbe28f744f69b080dbdeeb7748a,2017-10-29T09:02:51.000Z,0.0000161601,0x3f99945c9b107d2278ea6a7f6692180b2b548fe3,sell,0x0e0989b1f9b8a38983c2ba8053269ca62ec9b195,0x6745fed152e79d917ad8dc9c0c32f914cfafe88f5dbda1125893e1014fde6689
133,5258.46575515,0.084661298657915,0xbcb614675176a6732901e9f3f4b29cd3ec534ed3,2017-10-29T09:02:51.000Z,0.0000161,0x3f99945c9b107d2278ea6a7f6692180b2b548fe3,sell,0x0e0989b1f9b8a38983c2ba8053269ca62ec9b195,0x93568910e0fa4d3879da24473a61a3e09b747b8cb2812770e7b3bdf90d8f9ef7
134,233537.04964603,3.73659279433648,0xa309340e09922b251dd6693c9cdd22929186b096,2017-10-29T09:02:51.000Z,0.000016,0x3f99945c9b107d2278ea6a7f6692180b2b548fe3,sell,0x0e0989b1f9b8a38983c2ba8053269ca62ec9b195,0x18cfc0275073ee7a7e0471d3a4fa84eefcf1b121e20da0d15ab5db0d35e78a7e
135,60000,0.972,0xbee43e315be90b034c378894b16ec3eceb6818d0,2017-10-29T09:02:40.000Z,0.0000162,0x3f99945c9b107d2278ea6a7f6692180b2b548fe3,sell,0x0e0989b1f9b8a38983c2ba8053269ca62ec9b195,0xf2f85a165aa941861ce58001b9bb37dfb149f233404ccbbc278d29906084a4f5
136,140000,2.24014,0xecba73e96217cdb23afff854446dda91a103e7fd,2017-10-29T09:02:40.000Z,0.000016001,0x3f99945c9b107d2278ea6a7f6692180b2b548fe3,sell,0x0e0989b1f9b8a38983c2ba8053269ca62ec9b195,0xe6178341b97ef6fb5c80e057d14b6bff4e1e8b878158670cd23f4af66d858fa1
137,5258.46575515,0.084661298657915,0xbcb614675176a6732901e9f3f4b29cd3ec534ed3,2017-10-29T09:02:40.000Z,0.0000161,0x3f99945c9b107d2278ea6a7f6692180b2b548fe3,sell,0x0e0989b1f9b8a38983c2ba8053269ca62ec9b195,0x93568910e0fa4d3879da24473a61a3e09b747b8cb2812770e7b3bdf90d8f9ef7
138,50000,0.808005,0xbcce870909b3dbbe28f744f69b080dbdeeb7748a,2017-10-29T09:02:40.000Z,0.0000161601,0x3f99945c9b107d2278ea6a7f6692180b2b548fe3,sell,0x0e0989b1f9b8a38983c2ba8053269ca62ec9b195,0x6745fed152e79d917ad8dc9c0c32f914cfafe88f5dbda1125893e1014fde6689
139,42766.01984412,0.688532919490332,0xe28e920659ac540f9902414e0e0ff23a86712ed7,2017-10-29T09:02:40.000Z,0.0000161,0x3f99945c9b107d2278ea6a7f6692180b2b548fe3,sell,0x0e0989b1f9b8a38983c2ba8053269ca62ec9b195,0x3e30bc0aa8c8d750b6ba979cfaa6e1cd913fb0864d9a538038b10b3ba2f16064
140,233537.04964603,3.73659279433648,0xa309340e09922b251dd6693c9cdd22929186b096,2017-10-29T09:02:40.000Z,0.000016,0x3f99945c9b107d2278ea6a7f6692180b2b548fe3,sell,0x0e0989b1f9b8a38983c2ba8053269ca62ec9b195,0x18cfc0275073ee7a7e0471d3a4fa84eefcf1b121e20da0d15ab5db0d35e78a7e
141,5000,0.0808,0x91bf3a2f3e98e51925711a15d578bb107513da4c,2017-10-29T09:02:40.000Z,0.00001616,0x3f99945c9b107d2278ea6a7f6692180b2b548fe3,sell,0x0e0989b1f9b8a38983c2ba8053269ca62ec9b195,0x305752d36678933688e920b2559aa347d103b7faaefd384742f06f68965a13d6
142,1032.261,0.0228129681,0x30d5e67f7f2cd3dd957b035ffd5c10c6305ba19f,2017-10-29T02:43:43.000Z,0.0000221,0xce0cf9d8bca578297c67cb7f387c24dac4dfebc2,buy,0x0e0989b1f9b8a38983c2ba8053269ca62ec9b195,0x33805ec5da286fce1e490647adc6c08fa9e9fbf037767b4aae9bce8429a4cb19
143,0.00000044,0.000000000009907709,0x30d5e67f7f2cd3dd957b035ffd5c10c6305ba19f,2017-10-29T02:42:24.000Z,0.00002251752045454545,0xce0cf9d8bca578297c67cb7f387c24dac4dfebc2,buy,0x0e0989b1f9b8a38983c2ba8053269ca62ec9b195,0x5b6f6d093fa2e4a94213627f41fe2260dce19bd6264a48d375d1d201712da581
144,0.00449702,0.000000099384223851,0x30d5e67f7f2cd3dd957b035ffd5c10c6305ba19f,2017-10-29T02:40:59.000Z,0.00002210001820116432,0xce0cf9d8bca578297c67cb7f387c24dac4dfebc2,buy,0x0e0989b1f9b8a38983c2ba8053269ca62ec9b195,0xbd575cb456a37e0148985119008539304a3f9ad0a2dcfe3ed46a6c2b73e5b348
145,45.10964477,0.000996923149437298,0x30d5e67f7f2cd3dd957b035ffd5c10c6305ba19f,2017-10-29T02:38:13.000Z,0.00002210000000044997,0xce0cf9d8bca578297c67cb7f387c24dac4dfebc2,buy,0x0e0989b1f9b8a38983c2ba8053269ca62ec9b195,0xffe0e0431d02cd16a5c22a343b34c8b22c0526fd523cac92c7749421f508480a
146,100000,1.81,0x45c635e987e6077116d127e35e7b4b0cd9b27031,2017-10-29T02:25:45.000Z,0.0000181,0xb3bf8d2abc4087fb10f1e789bc1c44c4a707b685,sell,0x0e0989b1f9b8a38983c2ba8053269ca62ec9b195,0x7f875e5d21b28e87983425555099437e9f13db46cc72cbf53462f957e2a32893
147,27.79321845,0.0005,0x34f9560c63078eb61872a4dc2ccd20e21c34feaf,2017-10-28T20:52:37.000Z,0.00001799000000304031,0xc43b0c4013131b17eccdcef96e6c873a21c3d087,buy,0x0e0989b1f9b8a38983c2ba8053269ca62ec9b195,0x801e17f4729511adf19a7d09e0dbd107c405c22daf700401fa810ca8b319c04a
148,27.79321845,0.0005,0xe444a40689f51f63bcd29910622035707d533d29,2017-10-28T20:51:35.000Z,0.00001799000000304031,0xc43b0c4013131b17eccdcef96e6c873a21c3d087,buy,0x0e0989b1f9b8a38983c2ba8053269ca62ec9b195,0x72241241bcaf52243f8773e380a1f5663d55df6b9616f8ff9da272ea64579f70
149,14233.98015588,0.229167080509668,0xe28e920659ac540f9902414e0e0ff23a86712ed7,2017-10-28T17:16:53.000Z,0.0000161,0x1ed014aec47fae44c9e55bac7662c0b78ae61798,sell,0x0e0989b1f9b8a38983c2ba8053269ca62ec9b195,0xd5049683ac559018ab20d189018bd9c2055dea5c6852a81fdc00b49455c024ed
150,5000,0.08995,0x71e0c2439feba60ac3dedbeaf1042c6712fe6764,2017-10-28T16:17:47.000Z,0.00001799,0xc43b0c4013131b17eccdcef96e6c873a21c3d087,buy,0x0e0989b1f9b8a38983c2ba8053269ca62ec9b195,0xf68ce6a8adfbf7ac8550d9f5d157575382d2d682fc91cd1ed6de299f7821554b
151,15900,0.2862,0x90e43a004de13c41f3eb59ab416d16aeb4c86433,2017-10-28T14:15:00.000Z,0.000018,0x37d63be7b21af535bedd407c0f3477694e39e283,buy,0x0e0989b1f9b8a38983c2ba8053269ca62ec9b195,0x60eaa7254237b4d22e55695c06b5063cad0d3d41e9d614ed66cd11ff76db5ae9
152,766.57787558,0.01379763518256442,0x90e43a004de13c41f3eb59ab416d16aeb4c86433,2017-10-28T13:34:29.000Z,0.000017999,0xacadb04c26e202f4ccad5851233f274239f3ce43,buy,0x0e0989b1f9b8a38983c2ba8053269ca62ec9b195,0xc78a359435ff44148a29a7568b99806efcee790f16f9e3b302088db98f3d26b5
153,100,0.0017999,0xf00118adac77d70abb28b6b27cb8f18a6d62750c,2017-10-28T12:27:34.000Z,0.000017999,0xacadb04c26e202f4ccad5851233f274239f3ce43,buy,0x0e0989b1f9b8a38983c2ba8053269ca62ec9b195,0x11efd7388ebd9a4c1c932b5751179da733d96f57ac9b9b7550ead4491ab06136
154,3150,0.05701185,0x4b098cf1624c09f41f3ba7a433fe0b669e4f188c,2017-10-28T05:33:25.000Z,0.000018099,0xacadb04c26e202f4ccad5851233f274239f3ce43,buy,0x0e0989b1f9b8a38983c2ba8053269ca62ec9b195,0x1686a983a08e73036a3619b5dcf84a60a2cd7208ab40f439039ddb6e5014fd30
155,56692.41050981,1.026132630227561,0x45c635e987e6077116d127e35e7b4b0cd9b27031,2017-10-28T03:47:40.000Z,0.0000181,0xe28e920659ac540f9902414e0e0ff23a86712ed7,sell,0x0e0989b1f9b8a38983c2ba8053269ca62ec9b195,0x14f69a9116ff6ff6655b6bd1a22a6a1e4cc2ba2da74b6c60cd28c99735a17a29
156,17944.37244541,0.324793141261921,0x45c635e987e6077116d127e35e7b4b0cd9b27031,2017-10-28T03:46:04.000Z,0.0000181,0xbcb614675176a6732901e9f3f4b29cd3ec534ed3,sell,0x0e0989b1f9b8a38983c2ba8053269ca62ec9b195,0xe7c6fa5fe0b1ed69dbaca226fcf5b6624de0cc3015159fe1486218875dbc97c9
157,25439.30669592,0.4449309301809712,0xc9d56287b414e1aa0963016aa721b527f095fd9c,2017-10-28T03:37:12.000Z,0.0000174899,0xecba73e96217cdb23afff854446dda91a103e7fd,buy,0x0e0989b1f9b8a38983c2ba8053269ca62ec9b195,0xbc774618d04b78a2527e3127747860c76167cc6e88fb93e631e5712133e5374b
158,25363.21704478,0.459074228510518,0x45c635e987e6077116d127e35e7b4b0cd9b27031,2017-10-28T03:37:12.000Z,0.0000181,0xc9d56287b414e1aa0963016aa721b527f095fd9c,sell,0x0e0989b1f9b8a38983c2ba8053269ca62ec9b195,0xbc774618d04b78a2527e3127747860c76167cc6e88fb93e631e5712133e5374b
159,7000,0.1224293,0xa7fd6bf6c5d09ff38fdd1a6643ea1baf3b254650,2017-10-28T02:55:38.000Z,0.0000174899,0xecba73e96217cdb23afff854446dda91a103e7fd,buy,0x0e0989b1f9b8a38983c2ba8053269ca62ec9b195,0x16d506b8fe76a342962bd82a175908fde24d91e5a43ccda4cd5b6fc8b326ef8f
160,6384.4808235,0.11166393115506129,0x9de0b7d6cdda7da38b0a4e08cd4d9fdfe73b1922,2017-10-28T00:38:42.000Z,0.00001748990000002014,0xecba73e96217cdb23afff854446dda91a103e7fd,buy,0x0e0989b1f9b8a38983c2ba8053269ca62ec9b195,0x8cf0623bc566586bf022bfa06006046a53cdb555a3e9e8d7a705c6952ef2a498
161,30000,0.524697,0xc3e53f02fecdb6d1efedaa4e5bb504b74edbdc2b,2017-10-27T23:49:49.000Z,0.0000174899,0xecba73e96217cdb23afff854446dda91a103e7fd,buy,0x0e0989b1f9b8a38983c2ba8053269ca62ec9b195,0x7badd4b7886d7ea55f6ab80a560a936bd3118b594bbe7e2e51753649600e3522
162,68823.22651942,1.0399877759349556,0xecba73e96217cdb23afff854446dda91a103e7fd,2017-10-27T21:44:29.000Z,0.000015111,0x8b961450d9a80f90670658e5032a0d5f237526c9,sell,0x0e0989b1f9b8a38983c2ba8053269ca62ec9b195,0xd8c5cf85021004154632dc88de26ff8ae5d257801b71edd2db45eb625d4400ee
163,187348,3.259667852,0x739c5f6d73d483705a08f9a52c7cd61c7933573e,2017-10-27T21:06:52.000Z,0.000017399,0xecba73e96217cdb23afff854446dda91a103e7fd,buy,0x0e0989b1f9b8a38983c2ba8053269ca62ec9b195,0xd8d0b4dc117f5b7385ce804cba280b90532f0be859621eef9ceaa6a95a9367da
164,287004,4.9938696,0x739c5f6d73d483705a08f9a52c7cd61c7933573e,2017-10-27T21:06:52.000Z,0.0000174,0x64340e540165af3f1a86ccf8548286e804400233,buy,0x0e0989b1f9b8a38983c2ba8053269ca62ec9b195,0x792fc1844d93cff3b7f9cef761b733158832fb3b13c11f6a9c52a979437ba31e
165,36500,0.608309,0x739c5f6d73d483705a08f9a52c7cd61c7933573e,2017-10-27T21:02:36.000Z,0.000016666,0xd35cc4db1066b87373c5b83f2a033b4aabb8a1f2,buy,0x0e0989b1f9b8a38983c2ba8053269ca62ec9b195,0x952fd34f4a892bb54c7624068f2478baf2620c0c524ded59c007bdf9ee122fe9
166,10093.742,0.161489778258,0x739c5f6d73d483705a08f9a52c7cd61c7933573e,2017-10-27T21:02:36.000Z,0.000015999,0x3bd8409554f827996ebd12c71b1800ef4729569f,buy,0x0e0989b1f9b8a38983c2ba8053269ca62ec9b195,0x927da98cfbe6daf2a1f4b517c58d619410912cce5fc36ae0d00d48ec4ee6c052
167,121817.22481552,2.0300840515506406,0xf732b16f5aee6cd2db5b30a7a3860764a48b19ff,2017-10-27T20:59:52.000Z,0.000016665,0xbcce870909b3dbbe28f744f69b080dbdeeb7748a,buy,0x0e0989b1f9b8a38983c2ba8053269ca62ec9b195,0x4d31abec889b2e19ad4ededd325c88c8af832930cf1d34ff41f8de70c0e41c78
168,3500,0.058331,0x8304b167afb8fd06085ab04fed4f87f18bd9390e,2017-10-27T19:01:38.000Z,0.000016666,0xd35cc4db1066b87373c5b83f2a033b4aabb8a1f2,buy,0x0e0989b1f9b8a38983c2ba8053269ca62ec9b195,0xe1b5339114ec1e1c8528a61fcf3040e2c9b9c6d518213eede41d300819c8673f
169,48600,0.8099676,0x4cc6e4b4f2197bdb6d3fb513882c49cc559e5d50,2017-10-27T17:55:47.000Z,0.000016666,0xd35cc4db1066b87373c5b83f2a033b4aabb8a1f2,buy,0x0e0989b1f9b8a38983c2ba8053269ca62ec9b195,0x2f99a2f9fd2ce57c7ecc2ab26a1b640e2d5994df058ed15c90d28af527527b5e
170,99,0.001485,0x45bf821edd049a39549c2637eab76832d8cb4f96,2017-10-27T16:13:04.000Z,0.000015,0x3df86cefaecfaa31be2f74f8f832cb4ef62b79f8,sell,0x0e0989b1f9b8a38983c2ba8053269ca62ec9b195,0xc3400a84e66334eed7afad57680ac8f9cf876c04bc9437b9a91e174a6245aa33
171,997584.52679247,14.96386766033973,0xb3bf8d2abc4087fb10f1e789bc1c44c4a707b685,2017-10-27T16:07:39.000Z,0.0000150001,0x3df86cefaecfaa31be2f74f8f832cb4ef62b79f8,sell,0x0e0989b1f9b8a38983c2ba8053269ca62ec9b195,0x4569465a3da0aa3fc9a420d5d070e97ed73c94b1891f6e48f515f1467267367a
172,10.83221112,0.0001624831668,0x5926fe867e951386ef17474e8eb713f17095b663,2017-10-27T15:39:35.000Z,0.000015,0xf18521dc5c211dc0ed6c85b034d4f46d456950bb,sell,0x0e0989b1f9b8a38983c2ba8053269ca62ec9b195,0x58205611cdcf0a89d246a6d7f57cac5ab1f0ddcc691f5d97cf4894d2989e03a4
173,108657.90974446,1.6298686461669,0x0f1b76410215ed963ea2c3d3eaddd4a56350b422,2017-10-27T15:37:09.000Z,0.000015,0xf18521dc5c211dc0ed6c85b034d4f46d456950bb,sell,0x0e0989b1f9b8a38983c2ba8053269ca62ec9b195,0x940dc5497e9e80ccad2a5a2bfca497bb57d6875b7d2540afeaa3b2938d0e56fc
174,63129.285,0.947128662855,0x74859894c486c1a47463058e9dfe04271b689f32,2017-10-27T15:34:04.000Z,0.000015003,0xf18521dc5c211dc0ed6c85b034d4f46d456950bb,sell,0x0e0989b1f9b8a38983c2ba8053269ca62ec9b195,0xda235d912f3d6371f3bc80f4ed0d00b234b00af6fc41b821b0515fe2f2ea89da
175,5000,0.075055,0xadfac97883d508f98bf12e07a22a5348598a5a16,2017-10-27T15:33:13.000Z,0.000015011,0xf18521dc5c211dc0ed6c85b034d4f46d456950bb,sell,0x0e0989b1f9b8a38983c2ba8053269ca62ec9b195,0xb59fe23d9c834eb16d705b7cfe65497b7d4cb8b2aec57ce1425bd48215d9a526
176,103.147,0.0015987785,0x4b645da3d68ae9ca15e2b9be85bfb4b2c10fa5ab,2017-10-27T15:32:23.000Z,0.0000155,0xf18521dc5c211dc0ed6c85b034d4f46d456950bb,sell,0x0e0989b1f9b8a38983c2ba8053269ca62ec9b195,0xcf27a66f786c6131aa29758d87f9424de3173b5d9af722a63a52e45b1c6ee98c
177,292.061,0.004575427626,0x2c4ddfa7370a1c4d88be027788cd5084be2e9932,2017-10-27T15:31:31.000Z,0.000015666,0xf18521dc5c211dc0ed6c85b034d4f46d456950bb,sell,0x0e0989b1f9b8a38983c2ba8053269ca62ec9b195,0x24754728c55d1af38b89006902a4b0c8cb70d0d1e3e934a33fafbd77d2b82506
178,187348.561,2.810603112122,0xecba73e96217cdb23afff854446dda91a103e7fd,2017-10-27T15:29:28.000Z,0.000015002,0xf18521dc5c211dc0ed6c85b034d4f46d456950bb,sell,0x0e0989b1f9b8a38983c2ba8053269ca62ec9b195,0x5a3a1f4f88d8623836bd9834e33e52001048c55d87505b14967144d2c5fe64db
179,300000,4.5003,0x54409c45877a9877a724bdfc941dd5a16ac0f0c8,2017-10-27T15:28:53.000Z,0.000015001,0xf18521dc5c211dc0ed6c85b034d4f46d456950bb,sell,0x0e0989b1f9b8a38983c2ba8053269ca62ec9b195,0x377400415c60aff8d0621cdaa6d476d8cb33b673950d90ee2d4e16bf12bec503
180,1577.45883304,0.02445061191212,0x4b645da3d68ae9ca15e2b9be85bfb4b2c10fa5ab,2017-10-27T15:26:53.000Z,0.0000155,0xf18521dc5c211dc0ed6c85b034d4f46d456950bb,sell,0x0e0989b1f9b8a38983c2ba8053269ca62ec9b195,0x144e03eebb58259bc2fff3c27934700572507f6c469af39cf25c96b8ef1ca639
181,4521.54116696,0.07008388808788,0x4b645da3d68ae9ca15e2b9be85bfb4b2c10fa5ab,2017-10-27T15:25:58.000Z,0.0000155,0x39b421eaf279c35f69afb85c8762d1d7a3511c98,sell,0x0e0989b1f9b8a38983c2ba8053269ca62ec9b195,0xf64414b70753d9a53481bc8c20b81a3a22f83d871d6e2b934095129f9f7e2b2b
182,7531.79099083,0.116742760357865,0xd71c95a78f001a35c0e20f809bce56fd936c843e,2017-10-27T15:25:58.000Z,0.0000155,0xf18521dc5c211dc0ed6c85b034d4f46d456950bb,sell,0x0e0989b1f9b8a38983c2ba8053269ca62ec9b195,0x1f3a775fbd2c1e1bd3e6eb59e9515149a28a9ddc9a94bd1156e15e05eb80250e
183,20000,0.302,0xe57f8364c4a07e8b586882c2337afc2c981b969e,2017-10-27T15:25:04.000Z,0.0000151,0xf18521dc5c211dc0ed6c85b034d4f46d456950bb,sell,0x0e0989b1f9b8a38983c2ba8053269ca62ec9b195,0x5d3fd9c4eeb23a1dcc07485a36d98e977d1018236a9ddff2811c184961446f17
184,30388.25520816,0.47101795572648,0xd71c95a78f001a35c0e20f809bce56fd936c843e,2017-10-27T15:24:06.000Z,0.0000155,0x3df86cefaecfaa31be2f74f8f832cb4ef62b79f8,sell,0x0e0989b1f9b8a38983c2ba8053269ca62ec9b195,0x891125019d8713f83edb3d38f0862c56c05f6cfe25a5431407fcce8cae4027de
185,15678,0.24551748,0x2c4ddfa7370a1c4d88be027788cd5084be2e9932,2017-10-27T15:23:08.000Z,0.00001566,0x3df86cefaecfaa31be2f74f8f832cb4ef62b79f8,sell,0x0e0989b1f9b8a38983c2ba8053269ca62ec9b195,0xbfce81fed762feb12103d92672cdde36d8bc57174dbc8ea6d54c2344dd5b4379
186,60000,0.93,0x7d98c9872ac583e5031af8e41d335c0d31232673,2017-10-27T15:21:45.000Z,0.0000155,0x3df86cefaecfaa31be2f74f8f832cb4ef62b79f8,sell,0x0e0989b1f9b8a38983c2ba8053269ca62ec9b195,0xcf2ccef66a67459f3680aa5a782fa623d98dcae0a51d35f7f9009b7ad9605d43
187,506256.34,7.84697327,0xb3bf8d2abc4087fb10f1e789bc1c44c4a707b685,2017-10-27T15:20:55.000Z,0.0000155,0x3df86cefaecfaa31be2f74f8f832cb4ef62b79f8,sell,0x0e0989b1f9b8a38983c2ba8053269ca62ec9b195,0x060ed55ad2f867c223162ebba6446533bd475f5c6d1245548469658c4cb5f2e3
188,105900,1.6584999,0x0e1a2266d167413b2328616617edaeac9cb520a8,2017-10-27T15:20:11.000Z,0.000015661,0x39b421eaf279c35f69afb85c8762d1d7a3511c98,sell,0x0e0989b1f9b8a38983c2ba8053269ca62ec9b195,0x3ee29d7b274f4832a53e77e77262c1ba18f0b77ce352bd8e60151d1afcb7a8bb
189,2000,0.0314,0x6a22e10ad9e6195b8b7718b63b6e0f1eea3ae2a6,2017-10-27T15:16:51.000Z,0.0000157,0xf18521dc5c211dc0ed6c85b034d4f46d456950bb,sell,0x0e0989b1f9b8a38983c2ba8053269ca62ec9b195,0x6fbfaf1a4e3bc256bd9a4b66da392f79b363b0cbd0a7fafdc1e290ab455a0c55
190,86018.19299086,1.33328199135833,0x4b645da3d68ae9ca15e2b9be85bfb4b2c10fa5ab,2017-10-27T14:25:29.000Z,0.0000155,0x3df86cefaecfaa31be2f74f8f832cb4ef62b79f8,sell,0x0e0989b1f9b8a38983c2ba8053269ca62ec9b195,0x22faae2bd7df31e838601da5cac4aea6175a530797258ceaeaf56d162678b353
191,38435,0.59597311,0x0e1a2266d167413b2328616617edaeac9cb520a8,2017-10-27T14:22:33.000Z,0.000015506,0x3df86cefaecfaa31be2f74f8f832cb4ef62b79f8,sell,0x0e0989b1f9b8a38983c2ba8053269ca62ec9b195,0x1b89ff70dd3edfd83013e7f5af9b7f5e9d9530c0af58753e4847f7041cfe411e
192,85000,1.317585,0xced732ca92cb4f040239c4e8c85f14acbb5db000,2017-10-27T14:20:37.000Z,0.000015501,0x3df86cefaecfaa31be2f74f8f832cb4ef62b79f8,sell,0x0e0989b1f9b8a38983c2ba8053269ca62ec9b195,0x9b5e68d44ef7582d7503f0fbc21d2e0988f7abb01cbf8d5ddc558027b8fa59ab
193,34996.82,0.5461253761,0xcadeeb6dc272d6c677840c244b33b4198e36fa70,2017-10-27T14:20:03.000Z,0.000015605,0x3df86cefaecfaa31be2f74f8f832cb4ef62b79f8,sell,0x0e0989b1f9b8a38983c2ba8053269ca62ec9b195,0x991c1dec9bab9935a916e571375478e8d5823a8a97a10fcd5b6d67f0877b4fe3
194,30568.53753365,0.47891727753969454,0x37d63be7b21af535bedd407c0f3477694e39e283,2017-10-27T14:19:44.000Z,0.000015667,0x3df86cefaecfaa31be2f74f8f832cb4ef62b79f8,sell,0x0e0989b1f9b8a38983c2ba8053269ca62ec9b195,0xe860e63f58b90ea241066c3cdee973559c1d6911e31e19a3a55f8d9c08c03b5a
195,80000,1.25328,0x85ee2d2dbccc4f6b88093fba70e9b6ffe513a188,2017-10-27T14:19:44.000Z,0.000015666,0x3df86cefaecfaa31be2f74f8f832cb4ef62b79f8,sell,0x0e0989b1f9b8a38983c2ba8053269ca62ec9b195,0x31f2d0dc8d23b2c9317ba121d32cc8058963ef83125ede59be3aa809a3759a01
196,282079.95380101,4.372239283915655,0xd71c95a78f001a35c0e20f809bce56fd936c843e,2017-10-27T14:15:55.000Z,0.0000155,0x3df86cefaecfaa31be2f74f8f832cb4ef62b79f8,sell,0x0e0989b1f9b8a38983c2ba8053269ca62ec9b195,0xc442cb5254daf1c051c9d9c97fed850483ec099d22651147bd2a617283e3180b
197,150000,2.3505,0x9f32f405deecb8ef891ef3abef7ae83095b80cfc,2017-10-27T14:14:38.000Z,0.00001567,0x3df86cefaecfaa31be2f74f8f832cb4ef62b79f8,sell,0x0e0989b1f9b8a38983c2ba8053269ca62ec9b195,0x9241066aac1c5ddf4f65e5bafdd3318389b4bf02de8b0a31b97f12375a4032a9
198,1431.46246635,0.02242672246030545,0x37d63be7b21af535bedd407c0f3477694e39e283,2017-10-27T11:09:36.000Z,0.000015667,0x75f157da5b8fe9cc61c40e8f9ba22d99cebc55d2,sell,0x0e0989b1f9b8a38983c2ba8053269ca62ec9b195,0xae11a763cfdda52cdf3bb9306f858b1bfb8d4723621823473885dd7ac309b658
199,1102,0.01927398,0x6a22e10ad9e6195b8b7718b63b6e0f1eea3ae2a6,2017-10-27T10:54:55.000Z,0.00001749,0xc43b0c4013131b17eccdcef96e6c873a21c3d087,buy,0x0e0989b1f9b8a38983c2ba8053269ca62ec9b195,0x09db8954ed6f87ec4197a364e5c15c323762405c9840bb0a3230996961926415
200,1400,0.0248878,0xf42211cd13cc0f615b87333f87488a4ada5f01e0,2017-10-27T09:03:58.000Z,0.000017777,0xd35cc4db1066b87373c5b83f2a033b4aabb8a1f2,buy,0x0e0989b1f9b8a38983c2ba8053269ca62ec9b195,0x436b03d525b94c3e6e150e34c2aa1127790c23287c8c79602bf39ff803a5e1f5
201,8028.265,0.125281075325,0x64340e540165af3f1a86ccf8548286e804400233,2017-10-27T06:57:04.000Z,0.000015605,0x9be1c7a1f118f61740f01e96d292c0bae90360ab,buy,0x0e0989b1f9b8a38983c2ba8053269ca62ec9b195,0xce0b64852b5f4c5572eef74c7eff4a59985bf7c893fdc140078e503a5c7011db
202,90000,1.40994,0xd35cc4db1066b87373c5b83f2a033b4aabb8a1f2,2017-10-27T06:42:06.000Z,0.000015666,0x9be1c7a1f118f61740f01e96d292c0bae90360ab,sell,0x0e0989b1f9b8a38983c2ba8053269ca62ec9b195,0x41701d6316e8c2b70771d206d36b827454779308bae75b0c762a5003cc3b8c8a
203,1463.69,0.0247070872,0x2c4ddfa7370a1c4d88be027788cd5084be2e9932,2017-10-27T06:40:57.000Z,0.00001688,0x9be1c7a1f118f61740f01e96d292c0bae90360ab,sell,0x0e0989b1f9b8a38983c2ba8053269ca62ec9b195,0xbcfe380bb33acf18dbe5aac89516659c59e2bf07442a882362c890a52a14574f
204,101.31581518,0.0017102109602384,0x2c4ddfa7370a1c4d88be027788cd5084be2e9932,2017-10-27T04:25:55.000Z,0.00001688,0x3f99945c9b107d2278ea6a7f6692180b2b548fe3,sell,0x0e0989b1f9b8a38983c2ba8053269ca62ec9b195,0x20765b497e183da50253d89e9d0b85287c6e6cbd269474ccf560e0dd346bfc2f
205,3.17995772,0.0000496232402206,0xcadeeb6dc272d6c677840c244b33b4198e36fa70,2017-10-27T04:25:55.000Z,0.000015605,0x1fb25d2b2a1ad349021a209d44f0d1d00a8b97cd,sell,0x0e0989b1f9b8a38983c2ba8053269ca62ec9b195,0x5f1c198db6bfa2b6df3aea0590b8e91ddadc191d03833034adc3016ecef60563
206,31898.15582195,0.49761123082242,0x6a22e10ad9e6195b8b7718b63b6e0f1eea3ae2a6,2017-10-27T04:24:46.000Z,0.0000156,0x1fb25d2b2a1ad349021a209d44f0d1d00a8b97cd,sell,0x0e0989b1f9b8a38983c2ba8053269ca62ec9b195,0x8bf11632f4874e0b1b126aecf49a79e8475b73160430c0443b1b58cab4d2f7d3
207,35910.965,0.57457544,0xb5562ea8aae4622524a5a3aead3648b7a1d8450d,2017-10-27T04:24:08.000Z,0.000016,0x1fb25d2b2a1ad349021a209d44f0d1d00a8b97cd,sell,0x0e0989b1f9b8a38983c2ba8053269ca62ec9b195,0xd13d2c91a4f442cfe178ecf1e6b5ab84ae44b9db81418ffc748c4254447a3f8c
208,115000,1.79492,0xdc0c61ca99f7941679179d2d1dea937f7f4befe8,2017-10-27T04:23:51.000Z,0.000015608,0x1fb25d2b2a1ad349021a209d44f0d1d00a8b97cd,sell,0x0e0989b1f9b8a38983c2ba8053269ca62ec9b195,0x5fb70abdfb10a899f564c671290c5f682c6f9d5d8f75171b3a59778628c7d68c
209,103765,1.66024,0x74859894c486c1a47463058e9dfe04271b689f32,2017-10-27T04:23:34.000Z,0.000016,0x1fb25d2b2a1ad349021a209d44f0d1d00a8b97cd,sell,0x0e0989b1f9b8a38983c2ba8053269ca62ec9b195,0x43f62157f26efac2c579e07cd01499414f28bae6efd44879078ee8a75f7e002c
210,62989,1.007886989,0x6bd09ad951b1084c91aba206a03b36e9e6c7a9ac,2017-10-27T04:23:31.000Z,0.000016001,0x1fb25d2b2a1ad349021a209d44f0d1d00a8b97cd,sell,0x0e0989b1f9b8a38983c2ba8053269ca62ec9b195,0x9d00067e3db10a2811b49ea1a8f76664f89cd18cb5e50e8e5b36157e758c20fe
211,90000,1.449,0xc43b0c4013131b17eccdcef96e6c873a21c3d087,2017-10-27T04:23:07.000Z,0.0000161,0x1fb25d2b2a1ad349021a209d44f0d1d00a8b97cd,sell,0x0e0989b1f9b8a38983c2ba8053269ca62ec9b195,0xbff174b71d357c1c485f43ec50e704749c4fe172de0ffe93e6e94e3515cc5915
212,120000,2.13588,0xdc0c61ca99f7941679179d2d1dea937f7f4befe8,2017-10-27T02:44:41.000Z,0.000017799,0x64340e540165af3f1a86ccf8548286e804400233,buy,0x0e0989b1f9b8a38983c2ba8053269ca62ec9b195,0xfadbf830b17872852db6b03319d30ea0c6ca4935f2a518f72af2035162e0d8f7
213,24000,0.42,0xf732b16f5aee6cd2db5b30a7a3860764a48b19ff,2017-10-27T02:21:55.000Z,0.0000175,0xc43b0c4013131b17eccdcef96e6c873a21c3d087,buy,0x0e0989b1f9b8a38983c2ba8053269ca62ec9b195,0x3a14c99a8f4ce7e31ea7dfa6b46d8b6e3ec4115ba6167e0b5febd6ca60493063
214,60000,1.05,0xf732b16f5aee6cd2db5b30a7a3860764a48b19ff,2017-10-27T02:11:57.000Z,0.0000175,0xc43b0c4013131b17eccdcef96e6c873a21c3d087,buy,0x0e0989b1f9b8a38983c2ba8053269ca62ec9b195,0x61774063ad93ee3fd02ed77486c8b510baad0c323b48a42fee846b50239f01bd
215,49429.03450157,0.79086455202512,0xb5562ea8aae4622524a5a3aead3648b7a1d8450d,2017-10-26T23:08:49.000Z,0.000016,0x9778550d76b07ac9f5e57392f68ecdf6efc1774e,sell,0x0e0989b1f9b8a38983c2ba8053269ca62ec9b195,0xfb257b7dc422e85807dc21fa9ca83d8295ca5278ae2a276b70c566e470eaee18
216,255000,4.4625,0xa9d33755afe205b037817a14d67d8fc2a874d8e9,2017-10-26T21:37:39.000Z,0.0000175,0x64340e540165af3f1a86ccf8548286e804400233,buy,0x0e0989b1f9b8a38983c2ba8053269ca62ec9b195,0xd75404deb174bbf22253e2ebcd2df1379fde0440b18748bc2c697b9dde149ebc
217,150781,2.5331208,0xa9d33755afe205b037817a14d67d8fc2a874d8e9,2017-10-26T21:27:09.000Z,0.0000168,0x03174ab3010e35565f6b7bdcc380684b90f2bd86,buy,0x0e0989b1f9b8a38983c2ba8053269ca62ec9b195,0x4ba3d21f0f10a2b095ddc3234ae309753d848c3e1272f172cf930215ccbcef33
218,1.99381916,0.0000336556674208,0x2c4ddfa7370a1c4d88be027788cd5084be2e9932,2017-10-26T21:06:16.000Z,0.00001688,0xb4c432a9559a4f1464d2bff9fcbbdc14f1c39dec,sell,0x0e0989b1f9b8a38983c2ba8053269ca62ec9b195,0x31779234a218e504bfc8c78e5b609a199b0e833a07ddb3f1082cb31e1cb9a3e8
219,141000,2.3829,0xfec30c6cd1ba574d7136b9264cbff9e7d8c6c601,2017-10-26T19:05:16.000Z,0.0000169,0x03174ab3010e35565f6b7bdcc380684b90f2bd86,sell,0x0e0989b1f9b8a38983c2ba8053269ca62ec9b195,0x839cc2f9e5c17b8bf84ff0f485037f5a1103020de706782d3f0850b0a260aa78
220,15670,0.2645096,0x2c4ddfa7370a1c4d88be027788cd5084be2e9932,2017-10-26T18:14:26.000Z,0.00001688,0x00d877fda81126c2828ed22c2ad11bcf1790c01f,sell,0x0e0989b1f9b8a38983c2ba8053269ca62ec9b195,0xc8aaca3334517af24789aea86f246eb1941b3e53092f381b77b90d47545d091d
221,200000,3.4,0x3130657e153164cf234eaabec6925d17e5153455,2017-10-26T17:44:34.000Z,0.000017,0x64340e540165af3f1a86ccf8548286e804400233,sell,0x0e0989b1f9b8a38983c2ba8053269ca62ec9b195,0x8324b85a9b3bfefea5155f74ea3e592ac432c8665167a9e874121ca6343c3239
222,4016.57787558,0.06791229872030664,0xacadb04c26e202f4ccad5851233f274239f3ce43,2017-10-26T15:30:34.000Z,0.000016908,0x3df86cefaecfaa31be2f74f8f832cb4ef62b79f8,sell,0x0e0989b1f9b8a38983c2ba8053269ca62ec9b195,0x5b630cb196bb93625f79f84b98067459d21d158f158186f5a60ae9d04195244d
223,10000,0.17,0xb9f1a043bf2efc5820babadf1c244a378c577fa6,2017-10-26T15:29:36.000Z,0.000017,0x3df86cefaecfaa31be2f74f8f832cb4ef62b79f8,sell,0x0e0989b1f9b8a38983c2ba8053269ca62ec9b195,0xa831b2fb035f9a089dc69888540069dc328762844008d0887a430ecc3c04904d
224,185019.911,3.1268364959,0x64d3de76a264c667565324570af6df67d1b0d32a,2017-10-26T15:28:49.000Z,0.0000169,0x3df86cefaecfaa31be2f74f8f832cb4ef62b79f8,sell,0x0e0989b1f9b8a38983c2ba8053269ca62ec9b195,0x32b8d78d27ee47c9dd8ea9a03b5c0f2cc51bc015b4016d3038ce76b7aaae7f10
225,50000,0.850005,0xbcce870909b3dbbe28f744f69b080dbdeeb7748a,2017-10-26T15:28:49.000Z,0.0000170001,0x3df86cefaecfaa31be2f74f8f832cb4ef62b79f8,sell,0x0e0989b1f9b8a38983c2ba8053269ca62ec9b195,0xd056fca49b633b6a86442b83c6a38f9eca05ca9553c7975bcb6222247baca2f3
226,8.19575755,0.000138508302595,0x64d3de76a264c667565324570af6df67d1b0d32a,2017-10-26T12:52:35.000Z,0.0000169,0x3c93889aa2f509c148e65074abd4e685fdf4a67f,sell,0x0e0989b1f9b8a38983c2ba8053269ca62ec9b195,0x411fc6308c9a3b3de3412a867ca57eef44fae255ab05f430a405577750902561
227,82211.64390389,1.389376781975741,0x64d3de76a264c667565324570af6df67d1b0d32a,2017-10-26T12:50:22.000Z,0.0000169,0x3c93889aa2f509c148e65074abd4e685fdf4a67f,sell,0x0e0989b1f9b8a38983c2ba8053269ca62ec9b195,0x45db74f9476d3214863c1695603f23ea6a8c4bd0930e4c471ba65e76fe5e758d
228,26000,0.52754,0x1050c114aaf3f0e32493956a70cae27bcc0e3e85,2017-10-26T11:48:09.000Z,0.00002029,0x00db95a9f5552d0111f0094510850d3dc7c15526,buy,0x0e0989b1f9b8a38983c2ba8053269ca62ec9b195,0x9df7236d537160a3b70c8eb1d024d0f2f0e09076aadbd641e51e023bc322103f
229,26000,0.5018,0x1050c114aaf3f0e32493956a70cae27bcc0e3e85,2017-10-26T11:44:05.000Z,0.0000193,0x37d63be7b21af535bedd407c0f3477694e39e283,buy,0x0e0989b1f9b8a38983c2ba8053269ca62ec9b195,0xdfe8fb335d9a4d86e0b28e921229f04f5e22e34cca07588cd5da1c99414ae3cb
230,4926.8535781,0.0911418643412719,0x1050c114aaf3f0e32493956a70cae27bcc0e3e85,2017-10-26T11:21:01.000Z,0.000018499,0xacadb04c26e202f4ccad5851233f274239f3ce43,buy,0x0e0989b1f9b8a38983c2ba8053269ca62ec9b195,0x7ea5160ea3fbab7c19a28aef25aaf522f50095b61015be598c0bae9a7a42241f
231,50000,0.9599995,0x1050c114aaf3f0e32493956a70cae27bcc0e3e85,2017-10-26T11:10:18.000Z,0.00001919999,0xbcce870909b3dbbe28f744f69b080dbdeeb7748a,buy,0x0e0989b1f9b8a38983c2ba8053269ca62ec9b195,0x685e918c0ca06d8efaf26f5b9ea203540bf3801a2840b5fc89b97aa345f7149a
232,100000,1.85,0x1050c114aaf3f0e32493956a70cae27bcc0e3e85,2017-10-26T11:08:51.000Z,0.0000185,0xc43b0c4013131b17eccdcef96e6c873a21c3d087,buy,0x0e0989b1f9b8a38983c2ba8053269ca62ec9b195,0x67150238e515b6ea271aca6bf1ce9bf71d8f885c69d02dddf8a536a907c8805c
233,21400,0.3852,0x1050c114aaf3f0e32493956a70cae27bcc0e3e85,2017-10-26T10:59:49.000Z,0.000018,0x74859894c486c1a47463058e9dfe04271b689f32,buy,0x0e0989b1f9b8a38983c2ba8053269ca62ec9b195,0xd623e79afc6a9d2d98c8c220d37dfacc0f620e772c61fd4c8587554c0ea3ad72
234,36971,0.6617809,0x1050c114aaf3f0e32493956a70cae27bcc0e3e85,2017-10-26T10:59:08.000Z,0.0000179,0x00d877fda81126c2828ed22c2ad11bcf1790c01f,buy,0x0e0989b1f9b8a38983c2ba8053269ca62ec9b195,0x65aab94fafa29bb1d493e02857906ba888ecbd60406e30d3d9eac0253061bcc8
235,32760.24915976,0.553648210799944,0x64d3de76a264c667565324570af6df67d1b0d32a,2017-10-26T10:28:33.000Z,0.0000169,0xe2eabfc1e89a462bbd2ba188cd8a9591a9a0d04e,sell,0x0e0989b1f9b8a38983c2ba8053269ca62ec9b195,0x730d8a65c7c145b0842519c37643115c17772c4599bb5670e300ae8054a8af0b
236,243485,4.38273,0x64d3de76a264c667565324570af6df67d1b0d32a,2017-10-26T09:44:53.000Z,0.000018,0x64340e540165af3f1a86ccf8548286e804400233,buy,0x0e0989b1f9b8a38983c2ba8053269ca62ec9b195,0x26e9abd6e3ce87b10c1fca2e0b7ae4c45b6c0d4e1a5c0270a82c0e2990d31725
237,3000,0.051,0xd6cdd0e2f5527203b680d5b2d24c8ed8a9b20997,2017-10-26T09:38:25.000Z,0.000017,0x01c05bf83d6fa609939821ab2b2d9267bd2f2273,sell,0x0e0989b1f9b8a38983c2ba8053269ca62ec9b195,0xe899a7c012f841adc5d27e3f6569759c1eb812cdb280c92442c4c1ee1b465134
238,59550,1.01240955,0x6bd09ad951b1084c91aba206a03b36e9e6c7a9ac,2017-10-26T09:28:51.000Z,0.000017001,0x00d877fda81126c2828ed22c2ad11bcf1790c01f,sell,0x0e0989b1f9b8a38983c2ba8053269ca62ec9b195,0x52059e785df407acbbfbc1017686d45499d6976909f944dc2c3c32655d361b27
239,50000,1.01495,0x64d3de76a264c667565324570af6df67d1b0d32a,2017-10-26T03:39:48.000Z,0.000020299,0x00db95a9f5552d0111f0094510850d3dc7c15526,buy,0x0e0989b1f9b8a38983c2ba8053269ca62ec9b195,0xfbaf956458f1632dc7bca3e7e29a57dbf89b4f6e62c5402e25a5007f514fc73d
240,100000,1.85,0x6bd09ad951b1084c91aba206a03b36e9e6c7a9ac,2017-10-26T02:15:40.000Z,0.0000185,0xc43b0c4013131b17eccdcef96e6c873a21c3d087,buy,0x0e0989b1f9b8a38983c2ba8053269ca62ec9b195,0xf4eac79aeb007de3b492892ed9f9c6fd2dfe9e09c462abf2a630dd96465430b6
241,5000,0.0924995,0x3c64e00abcbcce5ed075f017d4ad372bdcff00d9,2017-10-26T01:55:50.000Z,0.0000184999,0xbcce870909b3dbbe28f744f69b080dbdeeb7748a,buy,0x0e0989b1f9b8a38983c2ba8053269ca62ec9b195,0x3f5445190b2710392f33fd521f827c0bad7df8b4bf21a288876305b7476da70b
242,21423.5644745,0.334250452931149,0x74859894c486c1a47463058e9dfe04271b689f32,2017-10-25T23:34:26.000Z,0.000015602,0x1ed014aec47fae44c9e55bac7662c0b78ae61798,sell,0x0e0989b1f9b8a38983c2ba8053269ca62ec9b195,0x6ab903811cb5425f266fd7cf58b73789a54d6be938171c4e64ea498a8eac5467
243,412016,7.21028,0x0637265d927c2f3bcae87eb2d3e576d7f20beef2,2017-10-25T17:15:28.000Z,0.0000175,0x64340e540165af3f1a86ccf8548286e804400233,buy,0x0e0989b1f9b8a38983c2ba8053269ca62ec9b195,0xabcf933a087266d94835e96f19d1ad65826f04a93025b8da88d587f23238c799
244,41,0.0007175,0x67c80cde9200e8fbdcbae68f4c28ab74d88db962,2017-10-25T17:09:52.000Z,0.0000175,0x64340e540165af3f1a86ccf8548286e804400233,buy,0x0e0989b1f9b8a38983c2ba8053269ca62ec9b195,0xeec2de9e66e2669bc32b9c2f0793f74aa4c4889d17140e992a3efbaa49ce56ee
245,69972.05762137,1.084566893131235,0x4b645da3d68ae9ca15e2b9be85bfb4b2c10fa5ab,2017-10-25T15:40:23.000Z,0.0000155,0x87fb7962f4e898968b1cfbd05aa2fbb6833f608a,sell,0x0e0989b1f9b8a38983c2ba8053269ca62ec9b195,0xbe31c6505e3366735cd2cd10825527dde1f98ae0615548a1e78ba62a3010dc42
246,75.6227677,0.00132339843475,0x37d63be7b21af535bedd407c0f3477694e39e283,2017-10-25T14:54:54.000Z,0.0000175,0xacadb04c26e202f4ccad5851233f274239f3ce43,sell,0x0e0989b1f9b8a38983c2ba8053269ca62ec9b195,0x7e8b3e2f2399d9cd53659a75ae53f155dec203926402fbd833de4f7767165090
247,74535.41288906,1.15529889978043,0x4b645da3d68ae9ca15e2b9be85bfb4b2c10fa5ab,2017-10-25T14:54:47.000Z,0.0000155,0xe0ac0232bb2feab9e09020bfe68aa7e44b79f793,sell,0x0e0989b1f9b8a38983c2ba8053269ca62ec9b195,0x2dd7c43c02e1782bf087e017ed208abd8d92843a6fdded3d3934a607dd2a1ad5
248,6500,0.110565,0x695f7ca2b214b12912a8f74ab689907666cad96c,2017-10-25T14:52:42.000Z,0.00001701,0xe0ac0232bb2feab9e09020bfe68aa7e44b79f793,sell,0x0e0989b1f9b8a38983c2ba8053269ca62ec9b195,0x93d78bb4f8b93cea55ad65bba71aae37a5b79ae121419052eafeaad3f5a4557f
249,6500,0.1105065,0x695f7ca2b214b12912a8f74ab689907666cad96c,2017-10-25T14:50:34.000Z,0.000017001,0xe0ac0232bb2feab9e09020bfe68aa7e44b79f793,sell,0x0e0989b1f9b8a38983c2ba8053269ca62ec9b195,0xb0dcd71e9f09d93a451be9367ba430f9fbf239b73d4394fa5839384eea90c7e8
250,5000,0.08507,0xacadb04c26e202f4ccad5851233f274239f3ce43,2017-10-25T14:50:34.000Z,0.000017014,0xe0ac0232bb2feab9e09020bfe68aa7e44b79f793,sell,0x0e0989b1f9b8a38983c2ba8053269ca62ec9b195,0x40820806a48c290796536615e261622b742549f69c90e9109ee4ccea7c91047c
251,27373.7169554,0.4653531882418,0xb3bf8d2abc4087fb10f1e789bc1c44c4a707b685,2017-10-25T14:50:12.000Z,0.000017,0xe0ac0232bb2feab9e09020bfe68aa7e44b79f793,sell,0x0e0989b1f9b8a38983c2ba8053269ca62ec9b195,0x41397277580b03d4bb982b0aa555f178a58b8c7a7aebc3948cea897f0a9f2df1
252,36786.98,0.62578331678,0x85af6945abf90907e4fbf2c72ce16b6b5a2761cd,2017-10-25T14:48:47.000Z,0.000017011,0xe0ac0232bb2feab9e09020bfe68aa7e44b79f793,sell,0x0e0989b1f9b8a38983c2ba8053269ca62ec9b195,0x0e4545649499cce58a0a7bf017cb383c168432d1ba862811938d1b55a3b4c077
253,25554.33653629,0.43470481881882916,0x85af6945abf90907e4fbf2c72ce16b6b5a2761cd,2017-10-25T14:44:09.000Z,0.000017011,0xe60c6d66c42b97300f116f34e2b971d8a627d557,sell,0x0e0989b1f9b8a38983c2ba8053269ca62ec9b195,0x0e6f1aba4bb10899fdb528206e011009aa4cd377919c522a0ccd51e3864491fd
254,82549.79563354,1.404419673113416,0xa5d4a822602f3905f1308ef23e1b4c37a1b9b7f3,2017-10-25T14:43:22.000Z,0.000017013,0xe60c6d66c42b97300f116f34e2b971d8a627d557,sell,0x0e0989b1f9b8a38983c2ba8053269ca62ec9b195,0xd4a918c7cbc3e2dd3a28fcd34d71abe78f6d29e002d9da3d1674c97d7c5405b9
255,121152.42747482,2.05959126707194,0xb3bf8d2abc4087fb10f1e789bc1c44c4a707b685,2017-10-25T13:59:39.000Z,0.000017,0x00d877fda81126c2828ed22c2ad11bcf1790c01f,sell,0x0e0989b1f9b8a38983c2ba8053269ca62ec9b195,0xf869e332bbd037afb3bfd163b5d5585afca490cf0456792734c636c89e8c661c
256,64450.20436646,1.096491326886584,0xa5d4a822602f3905f1308ef23e1b4c37a1b9b7f3,2017-10-25T13:53:26.000Z,0.000017013,0x8e89b2958347df54ac8efe0a0183aa3c6aa9c66c,sell,0x0e0989b1f9b8a38983c2ba8053269ca62ec9b195,0x2beef04f64ba9c1ea3f5ed3b514fb39879b2b4b9be91fb7fff5ba11e48cb1a0e
257,345317.51570132,5.87039776692244,0xb3bf8d2abc4087fb10f1e789bc1c44c4a707b685,2017-10-25T10:17:25.000Z,0.000017,0x64340e540165af3f1a86ccf8548286e804400233,sell,0x0e0989b1f9b8a38983c2ba8053269ca62ec9b195,0x4ed85bde34bc537b7f0c4368bf5a0dfc849c631c4b5300119a5e8a06e69294f8
258,77884.455,1.324892464005,0x85af6945abf90907e4fbf2c72ce16b6b5a2761cd,2017-10-25T08:39:22.000Z,0.000017011,0x9be1c7a1f118f61740f01e96d292c0bae90360ab,sell,0x0e0989b1f9b8a38983c2ba8053269ca62ec9b195,0x886fa989e9700c358ee9b2bbee2f0ddbb221d1641f052f1b3d8b8421a0177dbf
259,69774.22820163,1.186929395937928,0x85af6945abf90907e4fbf2c72ce16b6b5a2761cd,2017-10-25T08:24:42.000Z,0.000017011,0x3dee4a4e076e8d82859d241db0baf46f112cfa23,sell,0x0e0989b1f9b8a38983c2ba8053269ca62ec9b195,0x7596cc58ca25a1cfe3138e9cb78deaeda35e77e0fb4f7c4e62c9f2ebb1eb6c99
260,4000,0.068044,0x273a5d3e6721b9f5c1a6474f560c1334c63dda01,2017-10-25T08:12:54.000Z,0.000017011,0x9be1c7a1f118f61740f01e96d292c0bae90360ab,buy,0x0e0989b1f9b8a38983c2ba8053269ca62ec9b195,0xb7847636d21a31db3f8af9d57361a34bc7e598510d30f718c0d309f7be40cc23
261,3988,0.069793988,0x3dee4a4e076e8d82859d241db0baf46f112cfa23,2017-10-25T08:12:54.000Z,0.000017501,0x273a5d3e6721b9f5c1a6474f560c1334c63dda01,sell,0x0e0989b1f9b8a38983c2ba8053269ca62ec9b195,0xb7847636d21a31db3f8af9d57361a34bc7e598510d30f718c0d309f7be40cc23
262,25207.58923079,0.4288063004049687,0xd2ea382e498316d91b9de8557670149b479721a0,2017-10-25T08:12:47.000Z,0.000017011,0x9be1c7a1f118f61740f01e96d292c0bae90360ab,buy,0x0e0989b1f9b8a38983c2ba8053269ca62ec9b195,0x45faa0d8afd091d9e7b1051aee3e2dc8b6000dbe84bef90e03248058207cc6bd
263,25131.96646309,0.439809413104075,0x37d63be7b21af535bedd407c0f3477694e39e283,2017-10-25T08:12:47.000Z,0.0000175,0xd2ea382e498316d91b9de8557670149b479721a0,sell,0x0e0989b1f9b8a38983c2ba8053269ca62ec9b195,0x45faa0d8afd091d9e7b1051aee3e2dc8b6000dbe84bef90e03248058207cc6bd
264,66000,1.155066,0x3dee4a4e076e8d82859d241db0baf46f112cfa23,2017-10-25T08:07:25.000Z,0.000017501,0xc43b0c4013131b17eccdcef96e6c873a21c3d087,sell,0x0e0989b1f9b8a38983c2ba8053269ca62ec9b195,0x3f68d8e977b786591c2ed8b3893520536312824c0825c543d41e8664d203f932
265,62080.249,1.1112364571,0x653aebf53914c6faec96fa2d5fdd39d21999e952,2017-10-25T08:06:28.000Z,0.0000179,0xc43b0c4013131b17eccdcef96e6c873a21c3d087,sell,0x0e0989b1f9b8a38983c2ba8053269ca62ec9b195,0x7d973d649c8ae39a10516ef96b3285d698a91768b585092d6775a066aa3f6b96
266,87919.75097774,1.573763542501546,0x653aebf53914c6faec96fa2d5fdd39d21999e952,2017-10-25T07:20:25.000Z,0.0000179,0x11eb9d8d9b324adf287fd8ce91ce82677b3d1b91,sell,0x0e0989b1f9b8a38983c2ba8053269ca62ec9b195,0xffe14ca963321da074f6ce596a8aa6fddadecf7d9e008c4d02b1ceed52224eae
267,40238.974,0.720398351522,0x5e0af47b2a7152fe966afccf7fd9ffd8c8bb629f,2017-10-25T07:19:03.000Z,0.000017903,0x11eb9d8d9b324adf287fd8ce91ce82677b3d1b91,sell,0x0e0989b1f9b8a38983c2ba8053269ca62ec9b195,0xded0bddd6f1b2dcd6f5a3fa0e5fe2704c572b7dc83a598865b2a0c251287a4f2
268,80,0.00144,0xb5231109a45e9633a6399247885b5faa76f2c0cc,2017-10-25T07:19:03.000Z,0.000018,0x11eb9d8d9b324adf287fd8ce91ce82677b3d1b91,sell,0x0e0989b1f9b8a38983c2ba8053269ca62ec9b195,0xaa098c12831f4d2187d41a8e2cd332e6cd795ae02590d8222183a5b0d21ea92c
269,2.7032141,0.0000483983452464,0xacadb04c26e202f4ccad5851233f274239f3ce43,2017-10-25T03:04:56.000Z,0.000017904,0xe781dd7952366c6a0593f5506831f98a6968190f,sell,0x0e0989b1f9b8a38983c2ba8053269ca62ec9b195,0x62ac68d9934fe6f590e90d1ffaf80e4836b3604c5729de70bceaf525d098707b
270,27115.94058418,0.4854566842785745,0x5e0af47b2a7152fe966afccf7fd9ffd8c8bb629f,2017-10-25T02:49:35.000Z,0.000017903,0xe781dd7952366c6a0593f5506831f98a6968190f,sell,0x0e0989b1f9b8a38983c2ba8053269ca62ec9b195,0x1cc42ecc85ba7b2128ae291888b6872d33ef014c0a154d8a5b5518f8106d6963
271,82645.08516237,1.47959495966191,0x5e0af47b2a7152fe966afccf7fd9ffd8c8bb629f,2017-10-25T01:22:25.000Z,0.000017903,0x9778550d76b07ac9f5e57392f68ecdf6efc1774e,sell,0x0e0989b1f9b8a38983c2ba8053269ca62ec9b195,0x5b63eb93dc0838264c052ac45d7e337b690b255b7e1854a2cb74fd945ce8aea9
272,5000,0.1024,0x29dcd67307045880f2db4d003c79ef0e635b1031,2017-10-24T22:56:46.000Z,0.00002048,0x9fcc9dd17ae1a8ea4b5f620541a3396513e61526,buy,0x0e0989b1f9b8a38983c2ba8053269ca62ec9b195,0xc22cd304ef22d63e5dc98655adc70cd5ccac0185abbc3e513b6bb76e3b815113
273,19900,0.406955,0x5e0af47b2a7152fe966afccf7fd9ffd8c8bb629f,2017-10-24T21:54:32.000Z,0.00002045,0x01c05bf83d6fa609939821ab2b2d9267bd2f2273,buy,0x0e0989b1f9b8a38983c2ba8053269ca62ec9b195,0x391787af8e74796b865968ab14e78372ee69414241341d79ea58e95336ffe2b9
274,100,0.002045,0x0b773d7819259d78757b26dc4148812d35676d8f,2017-10-24T18:17:10.000Z,0.00002045,0x01c05bf83d6fa609939821ab2b2d9267bd2f2273,buy,0x0e0989b1f9b8a38983c2ba8053269ca62ec9b195,0x38cbd3bb6ee769794cdf01866554f3ca1427d816673813e345ad42ac2d50715f
275,2792.41076921,0.048867188461175,0x37d63be7b21af535bedd407c0f3477694e39e283,2017-10-24T16:36:10.000Z,0.0000175,0xf4e7b5f960781ae1f77f450713b0e78713fa1bec,sell,0x0e0989b1f9b8a38983c2ba8053269ca62ec9b195,0x957b6416d2a75601e828a963e5bbdd26f51d75bbb1f3a0ca3b14ac9b88f1b478
276,79727.79487712,1.403209189837312,0xe28e920659ac540f9902414e0e0ff23a86712ed7,2017-10-24T16:35:36.000Z,0.0000176,0xf4e7b5f960781ae1f77f450713b0e78713fa1bec,sell,0x0e0989b1f9b8a38983c2ba8053269ca62ec9b195,0xbbda7e1864e64830e87bdc77c538c3dfb51ba1fde1a07ea734e1e2ca16afac29
277,1000,0.0180001,0xff41f187213dcb08a3ec55d00e937911b80f77f7,2017-10-24T16:34:39.000Z,0.0000180001,0xf4e7b5f960781ae1f77f450713b0e78713fa1bec,sell,0x0e0989b1f9b8a38983c2ba8053269ca62ec9b195,0x3a41eff14142040d7d41107dd86bb37f835774589f029b283eda1dbcb5c02710
278,500,0.009265,0xa1f90e0661f22d0a228ea47e0eaff4fd0ce0e7b9,2017-10-24T16:33:54.000Z,0.00001853,0xf4e7b5f960781ae1f77f450713b0e78713fa1bec,sell,0x0e0989b1f9b8a38983c2ba8053269ca62ec9b195,0xfee816f32c5d781c5dcea1135c287fddfda93d0427391e18cf2587fb8a17d7e7
279,792.58189902,0.014979797891478,0x0d4f98cb588c18fcc2695e2341112f066a915f80,2017-10-24T16:33:34.000Z,0.0000189,0xf4e7b5f960781ae1f77f450713b0e78713fa1bec,sell,0x0e0989b1f9b8a38983c2ba8053269ca62ec9b195,0x672c7d7a7d3eb2082ec8aacf8453191c085eb4a28138eb7bf4c91b5696fcf160
280,100000,1.81,0xbdf6e91249c335ddf3f656c465326a69c13e1eb0,2017-10-24T16:32:25.000Z,0.0000181,0xf4e7b5f960781ae1f77f450713b0e78713fa1bec,sell,0x0e0989b1f9b8a38983c2ba8053269ca62ec9b195,0x90aa88e57ae79e97341746b5deb1bca6883640cafed6fe886abf0a0bf8ccdd00
281,1000,0.01853,0xff41f187213dcb08a3ec55d00e937911b80f77f7,2017-10-24T16:31:56.000Z,0.00001853,0xf4e7b5f960781ae1f77f450713b0e78713fa1bec,sell,0x0e0989b1f9b8a38983c2ba8053269ca62ec9b195,0x0043929a37e2cb65aa5c0498320a52fa960c3ffdd67a972705bd1eee5ecf4006
282,23140.07462706,0.43966141791414,0x57e2cd54f829a084aa4020fa365b6d5d1692f261,2017-10-24T16:31:30.000Z,0.000019,0xf4e7b5f960781ae1f77f450713b0e78713fa1bec,sell,0x0e0989b1f9b8a38983c2ba8053269ca62ec9b195,0x023fb9e992b46fefb1057e63ceaac13a18ce896a6df6e02601d343f4f78ba2a4
283,7.41810098,0.000140202108522,0x0d4f98cb588c18fcc2695e2341112f066a915f80,2017-10-24T15:08:47.000Z,0.0000189,0x85af6945abf90907e4fbf2c72ce16b6b5a2761cd,sell,0x0e0989b1f9b8a38983c2ba8053269ca62ec9b195,0x46589e002ee0fbc6d254b0d40fd488e5e2f4f14006a441f764cd7119511bece1
284,74410.97094833,1.41380844801827,0x57e2cd54f829a084aa4020fa365b6d5d1692f261,2017-10-24T15:08:20.000Z,0.000019,0x85af6945abf90907e4fbf2c72ce16b6b5a2761cd,sell,0x0e0989b1f9b8a38983c2ba8053269ca62ec9b195,0x7d3c0d94fbafe873ce26961c247b67a850f08632b0e128e5732c9daceeb3cb7a
285,50000,0.95,0x57e2cd54f829a084aa4020fa365b6d5d1692f261,2017-10-24T12:29:34.000Z,0.000019,0xd63f3945dde8dc7198588c2918cd7ead8a6e9211,sell,0x0e0989b1f9b8a38983c2ba8053269ca62ec9b195,0x0a0648f6edd54b66bd3f43961144a8777ea075aaee9b21d26375c4ed14ed4ea2
286,172849.26372847,3.28413601084093,0x57e2cd54f829a084aa4020fa365b6d5d1692f261,2017-10-24T10:26:23.000Z,0.000019,0x9778550d76b07ac9f5e57392f68ecdf6efc1774e,sell,0x0e0989b1f9b8a38983c2ba8053269ca62ec9b195,0xa1e011d67b40f5da9be93ef964be8af942cb9d500edcbb49e51ff4d9ebb76d56
287,99.69069614,0.00189412322666,0x57e2cd54f829a084aa4020fa365b6d5d1692f261,2017-10-24T05:08:41.000Z,0.000019,0xbd205936859cf5c25a4833a637113e374419d0ea,sell,0x0e0989b1f9b8a38983c2ba8053269ca62ec9b195,0x633afb69f638bfcbde9b9049cc5bc1e5823f1ce57a0f392a6e24b3c5c4b7ef1c
288,94900,1.93596,0x549d163be1135f593f5950d63f2d1d1676b895e5,2017-10-24T05:06:17.000Z,0.0000204,0xbd205936859cf5c25a4833a637113e374419d0ea,buy,0x0e0989b1f9b8a38983c2ba8053269ca62ec9b195,0xf34968df4b1cc4864d42bf2366dfa104680e3f7dffa22e768f72e6965d747a0a
289,2648,0.050312,0x6bd09ad951b1084c91aba206a03b36e9e6c7a9ac,2017-10-24T02:52:43.000Z,0.000019,0x3dabf24b5452d7d1b1cd0b0da21906043d0dd2a2,buy,0x0e0989b1f9b8a38983c2ba8053269ca62ec9b195,0x8dec9d12b78ca289a498d60cd62832f8624379751a92c7a2fad6d3b021e53c4c
290,200000,4.1,0xc43b0c4013131b17eccdcef96e6c873a21c3d087,2017-10-23T23:03:16.000Z,0.0000205,0xbd205936859cf5c25a4833a637113e374419d0ea,buy,0x0e0989b1f9b8a38983c2ba8053269ca62ec9b195,0xc9974b1ee92228c7b2543495d787b48385e1abfa642b59aac4131f0a8244b5ce
291,50000,1.01995,0xc43b0c4013131b17eccdcef96e6c873a21c3d087,2017-10-23T23:01:07.000Z,0.000020399,0x00db95a9f5552d0111f0094510850d3dc7c15526,buy,0x0e0989b1f9b8a38983c2ba8053269ca62ec9b195,0x22bcd9123f167b7e794203df641fcec11131ee6a30089eae08c215c175cd9752
292,200000,4.08,0xf1ea52ac3b0998b76e2db8394f91224c06beef1c,2017-10-23T19:14:24.000Z,0.0000204,0xbd205936859cf5c25a4833a637113e374419d0ea,buy,0x0e0989b1f9b8a38983c2ba8053269ca62ec9b195,0x841ac3de02dc241de861d23b62164c9ebc83459d8867fe8a0b76181a4e8de88b
293,20510,0.4181989,0x25cb0ecbc7f8b7844531df9d137dcb594080a311,2017-10-23T17:23:27.000Z,0.00002039,0x01c05bf83d6fa609939821ab2b2d9267bd2f2273,buy,0x0e0989b1f9b8a38983c2ba8053269ca62ec9b195,0x098ba06fd3944f70e4d05443075fd8f8c32c4ca46e24c8a3221357e392159532
294,5500,0.10395,0x5f2c948790843ea02dd34c7c6d3ba3d7c0d53c3e,2017-10-23T14:43:51.000Z,0.0000189,0x00db95a9f5552d0111f0094510850d3dc7c15526,sell,0x0e0989b1f9b8a38983c2ba8053269ca62ec9b195,0x6d674eb3389a8f2019df6958f9a5a7c477ee7f41044691d45c3f060c795514d8
295,50507.42697637,0.9382764709400255,0x176ae18c3db133688dc48e30b67ad921c0d9441f,2017-10-23T13:07:18.000Z,0.000018577,0xbad61d23bd8f6b7f09d74f2fbe2a00d3c6ae80a2,sell,0x0e0989b1f9b8a38983c2ba8053269ca62ec9b195,0x291d051e25b8ffd22758bff46e793269f51f09f1c2c7f6c094e4fe690aaff119
296,31500,0.5985,0x1c3558442b390f36777300315a33a1ce6d32f8cd,2017-10-23T12:55:23.000Z,0.000019,0x00db95a9f5552d0111f0094510850d3dc7c15526,sell,0x0e0989b1f9b8a38983c2ba8053269ca62ec9b195,0x2cd64bb1f5fcf5ca9cfe8a27c18707870a4a9993e7fc8fc18a481d4c32c13cba
297,200000,3.8,0x57e2cd54f829a084aa4020fa365b6d5d1692f261,2017-10-23T12:55:07.000Z,0.000019,0x00db95a9f5552d0111f0094510850d3dc7c15526,sell,0x0e0989b1f9b8a38983c2ba8053269ca62ec9b195,0x02baaf1ea532dc9f0ca3466ecc7b5f98c2235207850dc21831f4685887d3f5c3
298,4900,0.10045,0x00699f0a543cc4791477267fa46870c5605e6f7b,2017-10-23T11:05:17.000Z,0.0000205,0x9be1c7a1f118f61740f01e96d292c0bae90360ab,sell,0x0e0989b1f9b8a38983c2ba8053269ca62ec9b195,0xd06b0320a2f0cb5e14b9b736145c9b4d31c9c0c49be70e745f2f2986995a90d1
299,35812.40477127,0.7341184854063363,0x00699f0a543cc4791477267fa46870c5605e6f7b,2017-10-23T09:12:16.000Z,0.00002049900000000202,0x00db95a9f5552d0111f0094510850d3dc7c15526,buy,0x0e0989b1f9b8a38983c2ba8053269ca62ec9b195,0x739221a329c5748fdc1e79011f7839115754d2f288548a8c3a76010c8a288f21
300,0.00155923,0.00000003196272395,0x00699f0a543cc4791477267fa46870c5605e6f7b,2017-10-23T08:58:52.000Z,0.00002049904372671126,0x00db95a9f5552d0111f0094510850d3dc7c15526,buy,0x0e0989b1f9b8a38983c2ba8053269ca62ec9b195,0x367ab4b991bf556e9414edea9726a9e86a74e309cc370f38025fa46f98dc037b
301,15.64066949,0.000320618083939786,0x00699f0a543cc4791477267fa46870c5605e6f7b,2017-10-23T08:57:00.000Z,0.00002049900000410954,0x00db95a9f5552d0111f0094510850d3dc7c15526,buy,0x0e0989b1f9b8a38983c2ba8053269ca62ec9b195,0x521c7aab8e1afb1a66fb8f30a1f97cee62691ac403658adbb89a373452a9432c
302,1000,0.020499,0xa8c051c6d78bd4a739038a7036425728c4073659,2017-10-23T07:40:39.000Z,0.000020499,0x00db95a9f5552d0111f0094510850d3dc7c15526,buy,0x0e0989b1f9b8a38983c2ba8053269ca62ec9b195,0xb09269482d390bcf6aeceb45f6f6f09e2f13f9813bfd13d369623c4c637eb684
303,107991,1.99999332,0x0def8606f4dc0f43d4b9cdd69ac8c421cc9ee40c,2017-10-23T07:37:51.000Z,0.00001852,0x9be1c7a1f118f61740f01e96d292c0bae90360ab,sell,0x0e0989b1f9b8a38983c2ba8053269ca62ec9b195,0x8d661252604341e76e48f5945771292750bedd063870f57fa0a796846f31ad75
304,45.45454545,0.001,0x4a57d0208164a1c1c63c75395dc444428a07b50a,2017-10-23T05:48:40.000Z,0.0000220000000022,0x0088b7ae01d8ed6146ac858af2730327b0a868c0,buy,0x0e0989b1f9b8a38983c2ba8053269ca62ec9b195,0x90959f335e3704137053a01b92e9c3a9daa8f23dd336b80d75a90d247f10bd30
305,0.99690958,0.000018492672709,0x1804111464a198d8b0450bdbf7cb9fd65a903baf,2017-10-23T03:58:41.000Z,0.00001855,0x7d053385a05276eedcaf706325ae34ae544741a6,sell,0x0e0989b1f9b8a38983c2ba8053269ca62ec9b195,0x5c7c2dcdc7adb475f616fadced95c18d09b09278bf4b0e2ca37c98d93028e526
306,10964.46023777,0.2033907374106335,0x1804111464a198d8b0450bdbf7cb9fd65a903baf,2017-10-23T03:39:37.000Z,0.00001855,0x9778550d76b07ac9f5e57392f68ecdf6efc1774e,sell,0x0e0989b1f9b8a38983c2ba8053269ca62ec9b195,0x9779a0842bf005811cf72e41fccd9b393d3559dfa6983cf586e0f2ba78016f7b
307,5001.827,0.1025374535,0xa75fcdf436c9713b3757819f1fb235918749c3ba,2017-10-23T02:09:48.000Z,0.0000205,0xbd205936859cf5c25a4833a637113e374419d0ea,buy,0x0e0989b1f9b8a38983c2ba8053269ca62ec9b195,0xad9b62599fb71ac547d9a9a0c10ce8ac89e7ab5edaa4ed2629bd80be9d80bf66
308,50500,1.01,0x9778550d76b07ac9f5e57392f68ecdf6efc1774e,2017-10-23T00:20:18.000Z,0.00002,0x891a89555437af49af12f9bc83caf46bb6477af8,buy,0x0e0989b1f9b8a38983c2ba8053269ca62ec9b195,0x0c61bb68fca18271bec69337f77ab22388232f37d2a9ee5b193ef5dea5fe83b3
309,38000,0.76,0xc43b0c4013131b17eccdcef96e6c873a21c3d087,2017-10-23T00:12:31.000Z,0.00002,0x891a89555437af49af12f9bc83caf46bb6477af8,buy,0x0e0989b1f9b8a38983c2ba8053269ca62ec9b195,0xb7a375f3529ea8ce474990a5da60187718682c715dca0dff0a0ea964f066dab0
310,88500,1.77,0xf732b16f5aee6cd2db5b30a7a3860764a48b19ff,2017-10-22T22:44:26.000Z,0.00002,0x891a89555437af49af12f9bc83caf46bb6477af8,buy,0x0e0989b1f9b8a38983c2ba8053269ca62ec9b195,0x083b75a218baa935130afe4536d6a966ea17d3d5f321e708ac797eb9bb6408ba
311,66000,1.32,0xf732b16f5aee6cd2db5b30a7a3860764a48b19ff,2017-10-22T22:33:53.000Z,0.00002,0x891a89555437af49af12f9bc83caf46bb6477af8,buy,0x0e0989b1f9b8a38983c2ba8053269ca62ec9b195,0x42bcee2d3fd59ae86bc04eed43a46a636616e63a90687be2b2bc55cf1f05d29e
312,50000,1.02495,0x40039054689b6f6714a1a0c9da7f8330f1b25c0c,2017-10-22T22:32:45.000Z,0.000020499,0x00db95a9f5552d0111f0094510850d3dc7c15526,buy,0x0e0989b1f9b8a38983c2ba8053269ca62ec9b195,0x61bccb7fbb14d02f7d157b15c3f1bef4555a0d379c8a01c66853d0aa1cf283b5
313,58487.065,1.1697413,0x40039054689b6f6714a1a0c9da7f8330f1b25c0c,2017-10-22T22:28:39.000Z,0.00002,0x6e1801a6c4860f390d485ce43927cf2f140f07e5,buy,0x0e0989b1f9b8a38983c2ba8053269ca62ec9b195,0x3059aef02c0f05bcbb2118af8cf417250542af7b90a389df7aaf6d060c287ad1
314,106639.373,2.13278746,0xf732b16f5aee6cd2db5b30a7a3860764a48b19ff,2017-10-22T22:23:56.000Z,0.00002,0x0088b7ae01d8ed6146ac858af2730327b0a868c0,buy,0x0e0989b1f9b8a38983c2ba8053269ca62ec9b195,0xe9ae25715f5586b98a4b8c2fdb4b304d297b792a6200c2f37c9a8cc6c558f8b6
315,100000,1.999,0x40039054689b6f6714a1a0c9da7f8330f1b25c0c,2017-10-22T22:12:34.000Z,0.00001999,0xc43b0c4013131b17eccdcef96e6c873a21c3d087,buy,0x0e0989b1f9b8a38983c2ba8053269ca62ec9b195,0xf44ca297043f0641d2a6573a3a5c08f38084dd6e50f211563836fdd85ac18d24
316,42534.406,0.850220241534,0x40039054689b6f6714a1a0c9da7f8330f1b25c0c,2017-10-22T21:57:05.000Z,0.000019989,0x28fc50a4088f19e18ec8272f5a3fcd035bc2cbe5,buy,0x0e0989b1f9b8a38983c2ba8053269ca62ec9b195,0x1cfe8c3632f82f148cb2e71841d26866adfa13e5559f852b46bf4c6263d1f084
317,45260,0.90470214,0x25cb0ecbc7f8b7844531df9d137dcb594080a311,2017-10-22T19:08:31.000Z,0.000019989,0x28fc50a4088f19e18ec8272f5a3fcd035bc2cbe5,buy,0x0e0989b1f9b8a38983c2ba8053269ca62ec9b195,0x196ec94edf8a3f93eb5be70226f11ca6e0d5c9209e8565d21e16efe6f8bb6c1d
318,15429.66398742,0.293935098960351,0x1804111464a198d8b0450bdbf7cb9fd65a903baf,2017-10-22T18:35:18.000Z,0.00001905,0x00db95a9f5552d0111f0094510850d3dc7c15526,sell,0x0e0989b1f9b8a38983c2ba8053269ca62ec9b195,0x7ca5d903024bf32fa508ad486c2eba4f6e3e519d4e405a429db6362bc98491f8
319,1,0.000019989,0xe1fa699860444be91d366c21de8fef56e3dec77a,2017-10-22T18:14:16.000Z,0.000019989,0x28fc50a4088f19e18ec8272f5a3fcd035bc2cbe5,buy,0x0e0989b1f9b8a38983c2ba8053269ca62ec9b195,0x30f6fa4b2c090caf2d9b88c1e47affcdef7a142ff9739cf9b1bc9df5ea5f53dc
320,21.81575219,0.000403591415515,0x5f2c948790843ea02dd34c7c6d3ba3d7c0d53c3e,2017-10-22T18:12:33.000Z,0.0000185,0x2440cb52f4cbb73952be1eeb3fa3488cb2ca3e9f,sell,0x0e0989b1f9b8a38983c2ba8053269ca62ec9b195,0xf629ac2f5a3d81d231b916e371aef765313830ab39984de11df121bb9a970d65
321,28762.76221597,0.5749388539350977,0x8934211e1de5ac2726a495a1a26db45a692789b7,2017-10-22T18:09:20.000Z,0.00001998900000000255,0x28fc50a4088f19e18ec8272f5a3fcd035bc2cbe5,buy,0x0e0989b1f9b8a38983c2ba8053269ca62ec9b195,0xeb39314ed995aed35f166ec1fe33494c195b6a454092cc4506761a7618d29518
322,116558.16845946,2.0408169715566853,0x28fc50a4088f19e18ec8272f5a3fcd035bc2cbe5,2017-10-22T16:22:42.000Z,0.000017509,0x1bfdbd1ba3ec22dfd3380b73997a2e341bfa5538,sell,0x0e0989b1f9b8a38983c2ba8053269ca62ec9b195,0x7a79c88eee647977d6faac4039ac9d3920013116793b485369199a938be7a72c
323,18923.33765328,0.34062007775904,0xaa151d751268ae155df114b49facff0f34422e82,2017-10-22T14:01:15.000Z,0.000018,0x85af6945abf90907e4fbf2c72ce16b6b5a2761cd,sell,0x0e0989b1f9b8a38983c2ba8053269ca62ec9b195,0xfa766d52d07513b50b85f2b09667025b3bc05f25ee2a7f1fa15a9c85ae399ab8
324,11076.66234672,0.19937992224096,0xaa151d751268ae155df114b49facff0f34422e82,2017-10-22T10:43:12.000Z,0.000018,0x4ad64328076e1220333a82a4e602b1aaddd215e3,sell,0x0e0989b1f9b8a38983c2ba8053269ca62ec9b195,0xc460a2e5a929d9aca56afa356741464a67511259072affdd5147bc7152934117
325,10145.54879872,0.1775471039776,0x09e396aca9535fffc68c72f880ab36e252b73a43,2017-10-22T08:50:48.000Z,0.0000175,0xaff1278b9a0c493d7e8c593633dbd63bbc599f7b,sell,0x0e0989b1f9b8a38983c2ba8053269ca62ec9b195,0x0147f5595d0fba71c8fb04f935fef2e45fe2ccd90909b453be988e9b48eead92
326,0.79348953,0.000013664762545083,0xbcce870909b3dbbe28f744f69b080dbdeeb7748a,2017-10-22T03:23:33.000Z,0.0000172211,0x6e3e562848dbafc6b1366afca523e54fa6811b75,sell,0x0e0989b1f9b8a38983c2ba8053269ca62ec9b195,0xf876f239cb4c36438e02762df0a2c25edcf0cb83916b87830b673facf5634501
327,7959.49338615,0.13707123155222775,0xbcce870909b3dbbe28f744f69b080dbdeeb7748a,2017-10-22T03:13:45.000Z,0.0000172211,0x6e3e562848dbafc6b1366afca523e54fa6811b75,sell,0x0e0989b1f9b8a38983c2ba8053269ca62ec9b195,0xaeecfab9cf07930fc23e0b7f80328e70e73d7df7991f0db28be813a4a4897385
328,59000,1.01657,0xc43b0c4013131b17eccdcef96e6c873a21c3d087,2017-10-22T03:10:28.000Z,0.00001723,0x6e3e562848dbafc6b1366afca523e54fa6811b75,sell,0x0e0989b1f9b8a38983c2ba8053269ca62ec9b195,0xc34ce88e7c240d32ab62334dfafe1ffcb180180e459fe868a0ba6cc206c58e1e
329,30000,0.5172,0xc6939e988f4481b549ea7059cfcc42aab1f45bdb,2017-10-22T03:08:47.000Z,0.00001724,0x6e3e562848dbafc6b1366afca523e54fa6811b75,sell,0x0e0989b1f9b8a38983c2ba8053269ca62ec9b195,0x4aa39a5343029d635909ef7154f4a80a14d7d26657285444ac91b3412ceabb70
330,999999,17.001982998,0xeaa3c4a5914630143536f0593ecfa1035a7ba3e6,2017-10-22T02:01:00.000Z,0.000017002,0x6e1801a6c4860f390d485ce43927cf2f140f07e5,sell,0x0e0989b1f9b8a38983c2ba8053269ca62ec9b195,0xc26e110bcc85545a39f55a6c947e9c3b6639b7e6143b2cf47c24b62a073ab250
331,24923.20680517,0.498464136103449,0x71a35c3197dea71491ecd936150249e927579672,2017-10-21T22:10:51.000Z,0.00002000000000000196,0x0088b7ae01d8ed6146ac858af2730327b0a868c0,buy,0x0e0989b1f9b8a38983c2ba8053269ca62ec9b195,0x44b6f3ff9e45741cbe8c3d110588bac071b0bbdacfbab60977860683d88ec0da
332,18437.41972446,0.3687483944893103,0xf81ab81ca1a6a19cc7b69b2c7876ff6543060598,2017-10-21T21:34:05.000Z,0.00002000000000000598,0x0088b7ae01d8ed6146ac858af2730327b0a868c0,buy,0x0e0989b1f9b8a38983c2ba8053269ca62ec9b195,0xacdb45b996cf4ce51681e69a043765c16f25664c45491d2656a70dc90a1841f9
333,40000,0.79999992,0x6bad391397f5f6047d3b6752576ee1a4ae3d2927,2017-10-21T21:15:37.000Z,0.000019999998,0xbdf6e91249c335ddf3f656c465326a69c13e1eb0,buy,0x0e0989b1f9b8a38983c2ba8053269ca62ec9b195,0x878420f44ca13a6cc94ea190702879c67744bf3cf925e5543f10ca6249c04d35
334,2421.46082118,0.04842816710786546,0xc2cb244e516d609befa6916c60f1016c2aed049c,2017-10-21T21:14:53.000Z,0.00001999956666004035,0xbcce870909b3dbbe28f744f69b080dbdeeb7748a,buy,0x0e0989b1f9b8a38983c2ba8053269ca62ec9b195,0xd6bc02c23f28f0268a5e7c4e6bf2deed95d78aa13dd783d7258e79332ffbb7bc
335,996.91456484,0.016997393330522,0xf732b16f5aee6cd2db5b30a7a3860764a48b19ff,2017-10-21T21:07:00.000Z,0.00001705,0x488049319c07a4a5f11151adbe786771d9f74770,sell,0x0e0989b1f9b8a38983c2ba8053269ca62ec9b195,0x090307259d31dd72ef476a3355c6e581623a3fbc4798e75d6b7ab8fb0df3bf7a
336,50000,1,0xf732b16f5aee6cd2db5b30a7a3860764a48b19ff,2017-10-21T21:04:12.000Z,0.00002,0x0088b7ae01d8ed6146ac858af2730327b0a868c0,buy,0x0e0989b1f9b8a38983c2ba8053269ca62ec9b195,0x725c4ccc9c93117b4b68d6e466baf1faa3b22b22ef6d0637df4f11efec48668c
337,29999.99999999,0.5999869998,0xc2cb244e516d609befa6916c60f1016c2aed049c,2017-10-21T21:00:28.000Z,0.00001999956666000666,0xbcce870909b3dbbe28f744f69b080dbdeeb7748a,buy,0x0e0989b1f9b8a38983c2ba8053269ca62ec9b195,0xc6a1c6a00fc892fed529a9c9ff4df71ba65072e7a09054005f33b136adfa4b23
338,80100,1.602,0xf732b16f5aee6cd2db5b30a7a3860764a48b19ff,2017-10-21T20:51:35.000Z,0.00002,0x9ea349cf62802bce84bdd565cc0050f2d13cffd4,buy,0x0e0989b1f9b8a38983c2ba8053269ca62ec9b195,0xbb782aa7caf83b8181854e3847a71393f8eb69429dcd03f46d183a1fb7a86c9f
339,378622.27096002,6.43809309540418,0x4b645da3d68ae9ca15e2b9be85bfb4b2c10fa5ab,2017-10-21T18:15:44.000Z,0.000017004,0x067a4a1b38ef8d106920045eb0a87791e6f7da48,sell,0x0e0989b1f9b8a38983c2ba8053269ca62ec9b195,0xb89c3ef0c2a29f45cbec49e9e7277a39be77cc0d48fe7023cb973bc727d3ebde
340,27800,0.5004,0xb1d70e579dda889cc0350a846741ba8a2ba1837a,2017-10-21T18:05:30.000Z,0.000018,0xc1d010136a299afbf307e84884eb9bb34a1dd967,sell,0x0e0989b1f9b8a38983c2ba8053269ca62ec9b195,0x2d4cda5159a183abe6756f4f11cbadac7b3a9bdd495843fadf30d95dac560369
341,173000,3.114,0x891a89555437af49af12f9bc83caf46bb6477af8,2017-10-21T16:49:39.000Z,0.000018,0x0088b7ae01d8ed6146ac858af2730327b0a868c0,sell,0x0e0989b1f9b8a38983c2ba8053269ca62ec9b195,0x8e5499ca2926dde730b05f757136f371073779f4b69c1fd443819b345c7e575a
342,152307,3.1222935,0x2608df4a0b61e8e21e0bb0f84bb339e65d26a767,2017-10-21T15:00:52.000Z,0.0000205,0x891a89555437af49af12f9bc83caf46bb6477af8,buy,0x0e0989b1f9b8a38983c2ba8053269ca62ec9b195,0x0752cc98369d72c5807c0cadb8234d335ac830c421cd23f4a9aeda5de2212037
343,50000,1.02495,0x2608df4a0b61e8e21e0bb0f84bb339e65d26a767,2017-10-21T15:00:52.000Z,0.000020499,0x00db95a9f5552d0111f0094510850d3dc7c15526,buy,0x0e0989b1f9b8a38983c2ba8053269ca62ec9b195,0x172468de1796bfc2edf4d2b3a2919061fa7e6e0580aaf6840615cb2c41bcd1bc
344,100000,2.0498,0x2608df4a0b61e8e21e0bb0f84bb339e65d26a767,2017-10-21T14:45:06.000Z,0.000020498,0xb7da6d59b9f5dd45b54ef33334f3ebd01bcde993,buy,0x0e0989b1f9b8a38983c2ba8053269ca62ec9b195,0x678111eecbded4bb26e00f675738e1836f4cfd1957188f9adea088c4a911a375
345,434303.553,8.68607106,0x2608df4a0b61e8e21e0bb0f84bb339e65d26a767,2017-10-21T14:35:59.000Z,0.00002,0xeab2b3063862a2a8d39aaab6d1ac818c63a0a517,buy,0x0e0989b1f9b8a38983c2ba8053269ca62ec9b195,0x410be3ef1b144389aa7993a12157b83887b1cb2e77eec6777d3357fd0ba46f1f
346,49987.101,0.9947433099,0x2608df4a0b61e8e21e0bb0f84bb339e65d26a767,2017-10-21T14:33:14.000Z,0.0000199,0xc43b0c4013131b17eccdcef96e6c873a21c3d087,buy,0x0e0989b1f9b8a38983c2ba8053269ca62ec9b195,0x1989f0388bf0986db485222c16a8b31c558c06140ea86f010bf68ea9aa7b1324
347,12.89873863,0.000256684898853553,0x2608df4a0b61e8e21e0bb0f84bb339e65d26a767,2017-10-21T14:31:07.000Z,0.00001990000000903599,0xc43b0c4013131b17eccdcef96e6c873a21c3d087,buy,0x0e0989b1f9b8a38983c2ba8053269ca62ec9b195,0x24a9a0351472957041ca52f6e5cb543aeafe593c11104fb388f4834891f10375
348,23597.84709496,0.4013285855439847,0x54409c45877a9877a724bdfc941dd5a16ac0f0c8,2017-10-21T13:04:40.000Z,0.000017007,0x102ce8b9c2f12bcd774e69c9bffbe145d9a3ad0b,sell,0x0e0989b1f9b8a38983c2ba8053269ca62ec9b195,0x5e7b267a19f4f14f49a05d5823e316f154c9e5d07822a96cf846beca26a36bbf
349,70000,1.26,0x891a89555437af49af12f9bc83caf46bb6477af8,2017-10-21T13:01:36.000Z,0.000018,0x85af6945abf90907e4fbf2c72ce16b6b5a2761cd,sell,0x0e0989b1f9b8a38983c2ba8053269ca62ec9b195,0x208844d968d43ee2baccdb91c895ad366b3b2755d95642c4b76d97ec41de5cc4
350,93000,1.674,0xc43b0c4013131b17eccdcef96e6c873a21c3d087,2017-10-21T12:59:42.000Z,0.000018,0x102ce8b9c2f12bcd774e69c9bffbe145d9a3ad0b,sell,0x0e0989b1f9b8a38983c2ba8053269ca62ec9b195,0xbeaa5c9bcbc9a33f88e23fba578324751aec0f724b1eb120fbab80ec781c4484
351,39003.09,0.702059520309,0xbdf6e91249c335ddf3f656c465326a69c13e1eb0,2017-10-21T12:59:22.000Z,0.0000180001,0x102ce8b9c2f12bcd774e69c9bffbe145d9a3ad0b,sell,0x0e0989b1f9b8a38983c2ba8053269ca62ec9b195,0x4ee1269f75002c8e81a7c864a219b9fa1cb51c2cf83e11e38d23106ade90b374
352,996.9095803,0.01794447213635803,0xbdf6e91249c335ddf3f656c465326a69c13e1eb0,2017-10-21T12:40:56.000Z,0.0000180001,0x102ce8b9c2f12bcd774e69c9bffbe145d9a3ad0b,sell,0x0e0989b1f9b8a38983c2ba8053269ca62ec9b195,0xf973c0ea7c1308a5c179c6d8e49ba3ebd6f6184e2d1354af127e1ca9ca6c5bc3
353,7000,0.133,0xa4a427e29022187fc470d001423cbbf9084b4a3f,2017-10-21T12:26:12.000Z,0.000019,0x85af6945abf90907e4fbf2c72ce16b6b5a2761cd,sell,0x0e0989b1f9b8a38983c2ba8053269ca62ec9b195,0xbb730792de523d30753b610221aa59931ca63d5b990e871ef3fa7798d24efa46
354,2,0.00004,0xb4c432a9559a4f1464d2bff9fcbbdc14f1c39dec,2017-10-21T09:52:29.000Z,0.00002,0xeab2b3063862a2a8d39aaab6d1ac818c63a0a517,buy,0x0e0989b1f9b8a38983c2ba8053269ca62ec9b195,0x3bb42ee9f648863926fb6825c1ccb6d74435800c34f905537460ff3b40243e42
355,2130,0.043665,0xa8c051c6d78bd4a739038a7036425728c4073659,2017-10-21T04:36:42.000Z,0.0000205,0x85af6945abf90907e4fbf2c72ce16b6b5a2761cd,buy,0x0e0989b1f9b8a38983c2ba8053269ca62ec9b195,0x1e26f0e7c7a086cb371755714cdfef5340e26ab5ad4d87b382674c4108e67a30
356,1870,0.038335,0xa8c051c6d78bd4a739038a7036425728c4073659,2017-10-21T02:19:23.000Z,0.0000205,0x98e6abc306a6a04b67a274d7986d44760878fa48,buy,0x0e0989b1f9b8a38983c2ba8053269ca62ec9b195,0x662b15653d3dd40ed27a92c1b8c7564deb527227a03f67a13eb1a2f1c7c86811
357,200000,4.1,0x9778550d76b07ac9f5e57392f68ecdf6efc1774e,2017-10-21T00:27:40.000Z,0.0000205,0xbd205936859cf5c25a4833a637113e374419d0ea,buy,0x0e0989b1f9b8a38983c2ba8053269ca62ec9b195,0xf3141cfaee54766218bcbe2b7ee9cd3f6a080f641523c4c6392a650ddcee63c8
358,40000,0.7956,0x9778550d76b07ac9f5e57392f68ecdf6efc1774e,2017-10-21T00:27:28.000Z,0.00001989,0xbdf6e91249c335ddf3f656c465326a69c13e1eb0,buy,0x0e0989b1f9b8a38983c2ba8053269ca62ec9b195,0x53de0cb2bb4e54cde4ffefbcbbaf5dff93abdf35df7fb16291fb3daf6ff367a4
359,99671.431,2.0332971924,0x9778550d76b07ac9f5e57392f68ecdf6efc1774e,2017-10-21T00:27:28.000Z,0.0000204,0xbd205936859cf5c25a4833a637113e374419d0ea,buy,0x0e0989b1f9b8a38983c2ba8053269ca62ec9b195,0x15e28a2247257417b6aecc1909a75b482464cd1b7d66df0b385b557ec15bb8c0
360,50000,0.9995,0x9778550d76b07ac9f5e57392f68ecdf6efc1774e,2017-10-21T00:27:28.000Z,0.00001999,0x00db95a9f5552d0111f0094510850d3dc7c15526,buy,0x0e0989b1f9b8a38983c2ba8053269ca62ec9b195,0x022246c2b130f9e45decca3014a539dc20c2eb2353ca24da92dea1cfb8a13977
361,4.96914356,0.000084723897698,0xd6cdd0e2f5527203b680d5b2d24c8ed8a9b20997,2017-10-20T22:17:41.000Z,0.00001705,0x120523daa602ef7d8b93d5ac161192b232468d79,sell,0x0e0989b1f9b8a38983c2ba8053269ca62ec9b195,0x07e94f123d8a151ffaf07fd48e1a6f809b6efede19d469665ca119576c7f98e8
362,49845.47901505,0.8481208254410757,0x85af6945abf90907e4fbf2c72ce16b6b5a2761cd,2017-10-20T22:16:17.000Z,0.000017015,0x120523daa602ef7d8b93d5ac161192b232468d79,sell,0x0e0989b1f9b8a38983c2ba8053269ca62ec9b195,0x7aae234c52f247933da9bad66438764682119bb642313f4fcdbd1d76cfde4bb5
363,50000,0.99995,0x120523daa602ef7d8b93d5ac161192b232468d79,2017-10-20T19:29:43.000Z,0.000019999,0x00e3f02d441b2ad4315874571de3c39bc29918ae,buy,0x0e0989b1f9b8a38983c2ba8053269ca62ec9b195,0x6525261b7c4fa2c52d45133cc0e0a0e783656d6772f18cb3f29979106b27279a
364,21000,0.357315,0x85af6945abf90907e4fbf2c72ce16b6b5a2761cd,2017-10-20T18:16:08.000Z,0.000017015,0x10b8db32e730c4b73495c139ea0b123eb42f3e21,sell,0x0e0989b1f9b8a38983c2ba8053269ca62ec9b195,0x5718fa1580098968264e5deb3a99d7ee9c7aa6839be58cfdd56fe41d01fdefa0
365,0.21294595,0.00000362327533925,0x85af6945abf90907e4fbf2c72ce16b6b5a2761cd,2017-10-20T17:29:01.000Z,0.000017015,0xde84e0801efcb5f39f1bb128592041fed6f98cea,sell,0x0e0989b1f9b8a38983c2ba8053269ca62ec9b195,0x372f4a5a320221019bc2d3b591704a40bbdac455dfcdf1c37535b9dc529e99a9
366,2136.06076241,0.03634507387240615,0x85af6945abf90907e4fbf2c72ce16b6b5a2761cd,2017-10-20T17:27:41.000Z,0.000017015,0xde84e0801efcb5f39f1bb128592041fed6f98cea,sell,0x0e0989b1f9b8a38983c2ba8053269ca62ec9b195,0x971a1da3798a98713ab2c001861aae4ebb173e04eba416860ce39a6dcd4240eb
367,258.768,0.004660670448,0xadfac97883d508f98bf12e07a22a5348598a5a16,2017-10-20T17:26:19.000Z,0.000018011,0xde84e0801efcb5f39f1bb128592041fed6f98cea,sell,0x0e0989b1f9b8a38983c2ba8053269ca62ec9b195,0x7155c02f325ac9a8b326c67422906fa64a043c57da82286620ae1efd4bfe2d86
368,108.16468947,0.00197086880683287,0x85af6945abf90907e4fbf2c72ce16b6b5a2761cd,2017-10-20T17:26:04.000Z,0.000018221,0xde84e0801efcb5f39f1bb128592041fed6f98cea,sell,0x0e0989b1f9b8a38983c2ba8053269ca62ec9b195,0xb03e81dbf6f09d3e650c821241c91992ae068111146fa095a336091251a557ee
369,490.38281328,0.0089347748579616,0xd63f3945dde8dc7198588c2918cd7ead8a6e9211,2017-10-20T17:26:04.000Z,0.00001822,0xde84e0801efcb5f39f1bb128592041fed6f98cea,sell,0x0e0989b1f9b8a38983c2ba8053269ca62ec9b195,0x00a2cea9a4f587acecb85f7a63e132eee777e3be1b40fee9cb1b9860b2dce8f6
370,180000,3.24,0x25d087a13f47e827f8e9a6d22f7dbb0d26b38424,2017-10-20T17:23:24.000Z,0.000018,0xde84e0801efcb5f39f1bb128592041fed6f98cea,sell,0x0e0989b1f9b8a38983c2ba8053269ca62ec9b195,0x52f5f7807e4d32cf30181ce772974bb6fa419a2ea820dc7c8824c3fd20c6c6a4
371,54110,0.97998621,0x2c4ddfa7370a1c4d88be027788cd5084be2e9932,2017-10-20T17:23:24.000Z,0.000018111,0xde84e0801efcb5f39f1bb128592041fed6f98cea,sell,0x0e0989b1f9b8a38983c2ba8053269ca62ec9b195,0x07ea0a748ae5e90d399e5fffba815d1e17f35fb0bb9f6be349e376e06277f2f6
372,21000,0.378,0x5926fe867e951386ef17474e8eb713f17095b663,2017-10-20T17:23:24.000Z,0.000018,0xde84e0801efcb5f39f1bb128592041fed6f98cea,sell,0x0e0989b1f9b8a38983c2ba8053269ca62ec9b195,0xe7c4a9e436244ffde0ba47070892ef96561f87758c4c272aa904fbcbf5d74ca7
373,6700,0.122007,0xc43b0c4013131b17eccdcef96e6c873a21c3d087,2017-10-20T17:22:24.000Z,0.00001821,0xde84e0801efcb5f39f1bb128592041fed6f98cea,sell,0x0e0989b1f9b8a38983c2ba8053269ca62ec9b195,0xe9a56554d2839686307a0663a6f9ac16b8433d6be8a705adf44cd1f7ab0fdf94
374,69000,1.25718,0xd63f3945dde8dc7198588c2918cd7ead8a6e9211,2017-10-20T17:21:55.000Z,0.00001822,0xde84e0801efcb5f39f1bb128592041fed6f98cea,sell,0x0e0989b1f9b8a38983c2ba8053269ca62ec9b195,0xe256caa841814fe8208fc0b51eb22215af93f63bfb7eeaaaddf36635c6b792a0
375,65000,1.184365,0x85af6945abf90907e4fbf2c72ce16b6b5a2761cd,2017-10-20T17:19:41.000Z,0.000018221,0xde84e0801efcb5f39f1bb128592041fed6f98cea,sell,0x0e0989b1f9b8a38983c2ba8053269ca62ec9b195,0x58bb5af3cfe8cdf82c31c6ae541f73be8486658d35119c8bed98681891d751be
376,98285.56863963,2.0050256002484725,0xcd88715e465dae66b72c997f5b0021b9938618d6,2017-10-20T16:42:18.000Z,0.0000204000000000002,0xbd205936859cf5c25a4833a637113e374419d0ea,buy,0x0e0989b1f9b8a38983c2ba8053269ca62ec9b195,0xaddc1f67c96af5b5460a721b5b3639c31bad9e0afc58d2baaef7f192dc958829
377,3.47840049,0.000063380283168339,0xbcce870909b3dbbe28f744f69b080dbdeeb7748a,2017-10-20T15:45:44.000Z,0.0000182211,0x540f40b4f89b04d1c84246bad73c0279c22e6d01,sell,0x0e0989b1f9b8a38983c2ba8053269ca62ec9b195,0xfa888cdcdb4e441736f4f81efc6eb35e5642590d19d022f08bfac09a88ae8258
