,amount,amountBase,buyer,date,price,seller,side,tokenAddr,txHash
0,0.6121024823144494,0.13466254610917885,0xa75fcdf436c9713b3757819f1fb235918749c3ba,2017-11-02T14:24:20.000Z,0.22,0xff684104992bd26b6326bca4620d733526c0ddb1,sell,0x6810e776880c02933d47db1b9fc05908e5386b96,0xef38218136e95da0e5c588f876a0cf8f4ebc7044696fa24ddff8bb9b9621a57f
1,0.003987638321204266,0.000877280430664938,0xa75fcdf436c9713b3757819f1fb235918749c3ba,2017-11-02T10:10:26.000Z,0.21999999999999986,0x689cbcea23a5e4de84d909edb8ae86596a938b6c,sell,0x6810e776880c02933d47db1b9fc05908e5386b96,0x2119194dbdf78756e2eba5d674f65422462f61be7ec507397e671b40b8c2e3cb
2,0.01,0.006666,0x75c4ee57efc9aa3d939fd41f7c3ad59c649ec9f7,2017-11-02T10:10:26.000Z,0.6666,0x875e643c0a086d14b2ffbc1b3caeda459909da56,buy,0x6810e776880c02933d47db1b9fc05908e5386b96,0x3b8f1be38b68022a02424cf8f646416c359c57994f20f18a293774088a7e3b65
3,0.9627363659678557,0.21180200051292825,0xa75fcdf436c9713b3757819f1fb235918749c3ba,2017-11-02T09:45:01.000Z,0.22,0xf79e28203e451d0306f4c0088f1813fa1aa1f192,sell,0x6810e776880c02933d47db1b9fc05908e5386b96,0xbd2106b98fc9df99ab455084110fcf638e1ba28635fa079aebf3f66e0c6132b7
4,0.24324593759346028,0.05351410627056126,0xa75fcdf436c9713b3757819f1fb235918749c3ba,2017-11-02T00:43:23.000Z,0.22,0xa54ffa43d11698bc300d924781518b71dd10f0a8,sell,0x6810e776880c02933d47db1b9fc05908e5386b96,0xe0b5ead5e5fc13ca332798acd49be1636d5c25c8bade613d99502c54d2ee3ec3
5,0.004279151297643966,0.001026996311434552,0x39b8d980ebe94d51694e5d47611667a6d3ede80d,2017-11-01T18:40:21.000Z,0.24000000000000005,0xf79e28203e451d0306f4c0088f1813fa1aa1f192,buy,0x6810e776880c02933d47db1b9fc05908e5386b96,0x71257564d2914a92ef090e73110b5cbb70917de16ff2775af37838610d75c987
6,5,1.25,0xbab7cebed2d3cdd9cb9f5972139e5715cce79148,2017-10-31T14:56:54.000Z,0.25,0xfd2938c85530dda11bb9efd08b12283d62664764,buy,0x6810e776880c02933d47db1b9fc05908e5386b96,0x0de64ae83d50493d4320aec905812142bb6b178dc1a8d2e463d14c07da6c97c4
7,0.09399637547600466,0.0626579838923047,0x432b4d9124c21fd74491aac91b985195737f057f,2017-10-27T06:37:01.000Z,0.6666,0x875e643c0a086d14b2ffbc1b3caeda459909da56,buy,0x6810e776880c02933d47db1b9fc05908e5386b96,0x4f6cb7a7de101f329dfc251342cab62c112ca6b792ec418eaff439a9a59c86d6
8,0.208,0.04576,0xf142f26d1cac4ba8a6e6d7974d243eda2fe5f4f9,2017-10-26T03:27:35.000Z,0.22,0xbba1f993e59c2b0014d7f83f73b57a622bdd9dfc,buy,0x6810e776880c02933d47db1b9fc05908e5386b96,0x903045f09d9ebf4880054d57dd564bdbc792388fce85cde914b0b96b6c4aff90
9,0.07,0.019313,0x3ac636ac5c3a2576156ac5f10066ca68abe0ad54,2017-10-25T21:19:10.000Z,0.2759,0xbba1f993e59c2b0014d7f83f73b57a622bdd9dfc,buy,0x6810e776880c02933d47db1b9fc05908e5386b96,0xbc486d2b91e4662662a18c34d9130ecd87f4002866941605cdcd955c6ec8deb0
10,0.726,0.2003034,0xde7e14702b43ab77e29032ffd6e1916adf3ce206,2017-10-25T19:42:19.000Z,0.2759,0xbba1f993e59c2b0014d7f83f73b57a622bdd9dfc,buy,0x6810e776880c02933d47db1b9fc05908e5386b96,0xdb9ef82794068ec077c31efd1f2d05128993f51901381192454752235a673af3
11,15,2.6850114,0x273a5d3e6721b9f5c1a6474f560c1334c63dda01,2017-10-25T05:05:36.000Z,0.17900076,0xbc1845a864aa2a7ba7513bc6837ff7d66ec191c4,buy,0x6810e776880c02933d47db1b9fc05908e5386b96,0x474caa31ad15d35bffec761ae4adf31ecd034fbc4d567a207f0ac618729ad5fe
12,9.97,2.095206467,0xe1e1d0d73eeb29d0632bc4c7871bfc74dbed0741,2017-10-25T05:05:36.000Z,0.2101511,0x273a5d3e6721b9f5c1a6474f560c1334c63dda01,sell,0x6810e776880c02933d47db1b9fc05908e5386b96,0x6d6bccced2e3a0f2b0aa211cb96cb07af724f0c1c9bf004f9a750c0f53ab382a
13,14.955,3.14243433,0xe1e1d0d73eeb29d0632bc4c7871bfc74dbed0741,2017-10-25T05:05:36.000Z,0.210126,0x273a5d3e6721b9f5c1a6474f560c1334c63dda01,sell,0x6810e776880c02933d47db1b9fc05908e5386b96,0x474caa31ad15d35bffec761ae4adf31ecd034fbc4d567a207f0ac618729ad5fe
14,10,1.7900076,0x273a5d3e6721b9f5c1a6474f560c1334c63dda01,2017-10-25T05:05:36.000Z,0.17900076,0xbc1845a864aa2a7ba7513bc6837ff7d66ec191c4,buy,0x6810e776880c02933d47db1b9fc05908e5386b96,0x6d6bccced2e3a0f2b0aa211cb96cb07af724f0c1c9bf004f9a750c0f53ab382a
15,8,1.43200608,0x273a5d3e6721b9f5c1a6474f560c1334c63dda01,2017-10-25T05:05:36.000Z,0.17900076,0xbc1845a864aa2a7ba7513bc6837ff7d66ec191c4,buy,0x6810e776880c02933d47db1b9fc05908e5386b96,0x3a5fdbb85c107e6e2cba4d71df5c1484d7c18876b127f16682a71c0adfdacc96
16,7.976,1.6761173176,0x3dee4a4e076e8d82859d241db0baf46f112cfa23,2017-10-25T05:05:36.000Z,0.2101451,0x273a5d3e6721b9f5c1a6474f560c1334c63dda01,sell,0x6810e776880c02933d47db1b9fc05908e5386b96,0x3a5fdbb85c107e6e2cba4d71df5c1484d7c18876b127f16682a71c0adfdacc96
17,15,2.6850114,0xd2ea382e498316d91b9de8557670149b479721a0,2017-10-25T05:05:36.000Z,0.17900076,0xbc1845a864aa2a7ba7513bc6837ff7d66ec191c4,buy,0x6810e776880c02933d47db1b9fc05908e5386b96,0x22646e55715697673d04b9b3049110524bc0980224577975f5ae49f5926036fc
18,14.955,3.142793264955,0xe1e1d0d73eeb29d0632bc4c7871bfc74dbed0741,2017-10-25T05:05:36.000Z,0.210150001,0xd2ea382e498316d91b9de8557670149b479721a0,sell,0x6810e776880c02933d47db1b9fc05908e5386b96,0x22646e55715697673d04b9b3049110524bc0980224577975f5ae49f5926036fc
19,4.30572218696991,0.9048518233139136,0x3dee4a4e076e8d82859d241db0baf46f112cfa23,2017-10-25T03:45:24.000Z,0.210151,0xad440e6b26dd3a044a97294bf87c017d7fb81c67,sell,0x6810e776880c02933d47db1b9fc05908e5386b96,0x734ae186754260bc6c4bf162e64aacb4afaf5dedffffce71ce37544ed17a296e
20,0.08,0.0208,0xe3d0a0d0fcdab0f65f97c5e29b3d413e827ca3ce,2017-10-25T03:02:38.000Z,0.26,0xad440e6b26dd3a044a97294bf87c017d7fb81c67,sell,0x6810e776880c02933d47db1b9fc05908e5386b96,0x257a271d8f9ffc90deef93e1689874df9182a194faff175420b5fcb90ecd005e
21,0.035,0.01365,0xc4fc1690394caf190c4b76f7b3afbdb69932c719,2017-10-23T16:52:27.000Z,0.39,0xbba1f993e59c2b0014d7f83f73b57a622bdd9dfc,buy,0x6810e776880c02933d47db1b9fc05908e5386b96,0x9e6b7fe8b091c55dac61a71fff393d7c2333ba4ffaf6329276e50ec41559df61
22,1.7,0.34017,0x3dee4a4e076e8d82859d241db0baf46f112cfa23,2017-10-23T04:28:45.000Z,0.2001,0x4ebb57fb43d3413ec4dda35bd09db0fd6f83b7c6,sell,0x6810e776880c02933d47db1b9fc05908e5386b96,0xef134e06bf242bd3b5f1c58efbe1c161a028c81b1ede34338c0f28f0b96170f9
23,0.15,0.033,0x621fab0e57c8671fbda84ae1885369c80a2aff93,2017-10-23T04:27:09.000Z,0.22,0x4ebb57fb43d3413ec4dda35bd09db0fd6f83b7c6,sell,0x6810e776880c02933d47db1b9fc05908e5386b96,0x20dd9f0cbc60ea7b140aed0da8ae997ee3ae855764de22b29bf1ce14f02b9006
24,0.01,0.00555,0x6cdea8e07bf82d7a07dbf36642d6e5be8623845c,2017-10-20T01:04:17.000Z,0.555,0x875e643c0a086d14b2ffbc1b3caeda459909da56,buy,0x6810e776880c02933d47db1b9fc05908e5386b96,0x63987e1fb9a4ae8cde344ef60fedd6e5bcd1190ec4f1e8464f4384aee9a87179
25,1.949867503591893,0.5239293982151416,0x086aa4b5717ac85edffb76fc22130e52dbe9544b,2017-10-19T06:41:02.000Z,0.2687,0x3dee4a4e076e8d82859d241db0baf46f112cfa23,sell,0x6810e776880c02933d47db1b9fc05908e5386b96,0x0d5bc92e64e27181b3f3d718aca2bb9fd61e28eab1fd33f64383a89bdf1ef027
26,0.02527780306,0.0166666666695804,0x5d5065b42bdee0274e394ba9042c21e1818c69cf,2017-10-19T04:45:20.000Z,0.65934,0xad440e6b26dd3a044a97294bf87c017d7fb81c67,sell,0x6810e776880c02933d47db1b9fc05908e5386b96,0x74db9a60f7c028da7c64f280789b531e7b38f4561af4750c301fa29890108f81
27,0.036538261389691955,0.009817830835410228,0xcd371e6ee9dbc386f85b8eab0c9711368d404618,2017-10-18T08:25:08.000Z,0.2687,0xf7be5f292cf8962407bf1f44b2a45175d1672f58,sell,0x6810e776880c02933d47db1b9fc05908e5386b96,0x451cd43ed5bcfc67c370245f0ea1e58251a3d9a75ebc48dbd9a9b16044b4d2eb
28,0.006,0.0018000012,0x00aa12f6d17212ed0c2764e7731f7906235415a8,2017-10-18T08:15:50.000Z,0.3000002,0xf7be5f292cf8962407bf1f44b2a45175d1672f58,sell,0x6810e776880c02933d47db1b9fc05908e5386b96,0xf9210f3a4c17c577dbed358546b45059b526f44d5f0ba2b58ea81bea29008a2d
29,0.064,0.04977728,0xb46dd29bf9463e9d230cc6aab4125451fc8a3345,2017-10-17T14:16:21.000Z,0.77777,0x875e643c0a086d14b2ffbc1b3caeda459909da56,buy,0x6810e776880c02933d47db1b9fc05908e5386b96,0xdfd3530ba669a8154543f19f892259c03a8c56719798b0a3047352f1ee69d9d7
30,0.178,0.063278822,0x5a86ebf9a0e6f8181ed5143557f7b8ba89957fcc,2017-10-16T16:22:15.000Z,0.355499,0x1f4ebbbd00459a2b22d4cb09cfd8464482014ecb,buy,0x6810e776880c02933d47db1b9fc05908e5386b96,0x97b56b280b07095b8702ea64ebd77ab3e93a8c0c4e465f0681911dc1eff0b6ea
31,0.000039852531322972,0.000011955767367397,0x00aa12f6d17212ed0c2764e7731f7906235415a8,2017-10-15T08:54:52.000Z,0.3000001999999783,0xe1b70fc15811f1d1e8993ecc765aded8531024ff,sell,0x6810e776880c02933d47db1b9fc05908e5386b96,0xcc885517aba37a18a63fb662820989e1d5f0be86f47a18d3a54c113994388566
32,0.39976074170072773,0.11993222051739608,0xf36990a2cb4d609e0a7d4f3bf884c0342d81fd3d,2017-10-15T08:52:07.000Z,0.30001000099999997,0xe1b70fc15811f1d1e8993ecc765aded8531024ff,sell,0x6810e776880c02933d47db1b9fc05908e5386b96,0x1a8337c4744be98890b4f874f88764755c5e898c4e72e28b07e147e426fec317
33,1.9629149636128003,0.5888748816668328,0x00aa12f6d17212ed0c2764e7731f7906235415a8,2017-10-14T10:56:34.000Z,0.3000002,0x097501c95264ad3204159efaefdc5820783dbeae,sell,0x6810e776880c02933d47db1b9fc05908e5386b96,0xffdc01cfd92140b5c0701dadbdf03b41ed61fa35f5302ec4ff58e4af3bb8eddd
34,2.3805071124945347,0.8462678979846946,0xf81ab81ca1a6a19cc7b69b2c7876ff6543060598,2017-10-12T11:31:00.000Z,0.355499,0x1f4ebbbd00459a2b22d4cb09cfd8464482014ecb,buy,0x6810e776880c02933d47db1b9fc05908e5386b96,0x2b073c398a4823f320679fa22babb8c175efdca344d7f9ea61931e123579160b
35,0.19089757920658723,0.08972186222709601,0x418393f901ce0591f0fe9d6e2c28fb7fcfb6263f,2017-10-01T17:57:51.000Z,0.47,0x3dee4a4e076e8d82859d241db0baf46f112cfa23,buy,0x6810e776880c02933d47db1b9fc05908e5386b96,0xcf388a07f04b1631e387ad6fdb566fb08a65e46abc718339c1d431abd322ed4c
36,0.19121400657960322,0.05927691568169674,0x3dee4a4e076e8d82859d241db0baf46f112cfa23,2017-09-24T12:21:53.000Z,0.310003,0x45a2c3232d98dc0b05892d3df21cac1460cf2eaf,sell,0x6810e776880c02933d47db1b9fc05908e5386b96,0x2e4ce2c5822bcccda7c5da9f0edd8584efa3c55b50dcf7006990f1fc32a52c55
37,0.0358887448908384,0.011125654471139466,0x6bad391397f5f6047d3b6752576ee1a4ae3d2927,2017-09-24T02:09:43.000Z,0.310004,0xd54e14e2b4416c48a999720be11e6b7b8768e13f,sell,0x6810e776880c02933d47db1b9fc05908e5386b96,0xc18f8a28b7de72262e2562b41ea19dbba520adac14be5bdf39ed72adc136e8fc
38,0.93,0.4185,0xc1371204228bd52465d16b10d16f1e65b814daac,2017-09-24T01:49:02.000Z,0.45,0x0e0d529431c0ab437d2a6c97fdd00bd5bfbc8c2c,buy,0x6810e776880c02933d47db1b9fc05908e5386b96,0x0f0fe59b1b18982ca69f7a03515f690236b498ad9b41510742729fc748a3dd8a
39,0.240567649,0.115231903871,0x3151195f6eafb712fd375a7f44920980fa28d499,2017-09-22T17:48:15.000Z,0.479,0x6c1b843890109d594d77d02cefaee39db5da11ef,buy,0x6810e776880c02933d47db1b9fc05908e5386b96,0xa858f1adf17f9872db78736c534ac0bab6626995cc0147f11fc3d4b51c99ef26
40,3.129911135480012,0.9390047023535811,0x3dee4a4e076e8d82859d241db0baf46f112cfa23,2017-09-22T11:03:43.000Z,0.30001002,0x5c029c3bd7369d67645957bca367b988b4339688,sell,0x6810e776880c02933d47db1b9fc05908e5386b96,0x5502105465f500aada73ae61b0a12fa7e7112026509fefcfd89ce81d283f900e
41,7.2944603436663416,2.9907287409032,0x9786f326698c85193cdb0e20d2f67ae4284b47d8,2017-09-19T15:51:28.000Z,0.41,0xc20064aff1268ca708531fed0380dbd6ce20d286,buy,0x6810e776880c02933d47db1b9fc05908e5386b96,0xe8b9a015c4e6a91c366cd87e332282e5a083b1c52a75def890cc552b9d8737fb
42,0.025,0.012225,0xa227893ac9ccdede397bdb3e6efc1ce6b07f6241,2017-09-17T09:02:22.000Z,0.489,0x6c1b843890109d594d77d02cefaee39db5da11ef,buy,0x6810e776880c02933d47db1b9fc05908e5386b96,0xdb9a60516729a2eff8983defbf3c6baae609abf2961c4114cb733e04893e8a66
43,0.11,0.0935,0xf19705ee29c94eac970554816a489cbd3a4b1f04,2017-09-16T04:15:02.000Z,0.85,0x66a4e99923ff534c41936d0b28a13980b0a942f0,buy,0x6810e776880c02933d47db1b9fc05908e5386b96,0xe67f405e6272435358b88eabbff141cc1aff39bbc965212de7500201636a4c6b
44,0.1332331542470082,0.06515101242678702,0x3c8e95020b8f6dfc275faad353fe471635cadf32,2017-09-15T18:20:29.000Z,0.489,0x6c1b843890109d594d77d02cefaee39db5da11ef,buy,0x6810e776880c02933d47db1b9fc05908e5386b96,0x36f69352e4e65086534bcdd9258bec419284322732fcbb4788b1efaefe57bbf9
45,0.000000000004031871,0.000000000001971585,0x7cc828c5bf60a16d87bba32899d9570b449091ff,2017-09-14T01:23:05.000Z,0.4890000200899285,0x6c1b843890109d594d77d02cefaee39db5da11ef,buy,0x6810e776880c02933d47db1b9fc05908e5386b96,0x374ae77e8a73f660c4959364a2533aa9d31e5c7306ef7ddb7603bd9c182e856a
46,3.0028613223663343,2.5523420381717132,0x81450bcbd299f60a4bb167f65f639aa1fb2cd536,2017-09-11T23:31:38.000Z,0.84997,0x007e210be4767129c9a901866d71b717b72d83b3,buy,0x6810e776880c02933d47db1b9fc05908e5386b96,0x70ffd0606c3337d689371f010c1e0384d81384bbed7c879f624e2a3dd036eccd
47,0.035,0.02974965,0x3bd189a9b1c11684b08f6464866dfa431362a06e,2017-09-11T21:17:23.000Z,0.84999,0x007e210be4767129c9a901866d71b717b72d83b3,buy,0x6810e776880c02933d47db1b9fc05908e5386b96,0x82fd9f389344ce6467cf9ed4ec974ab4a004478bf5ffd3e46568e1d78404e976
48,0.3868366962416509,0.17446335000498456,0x6c1b843890109d594d77d02cefaee39db5da11ef,2017-09-11T14:15:20.000Z,0.451,0xff684104992bd26b6326bca4620d733526c0ddb1,sell,0x6810e776880c02933d47db1b9fc05908e5386b96,0xc3c34f4824041a75129a7d7041becf65aa6ab7547899bd83ff6841123c64e12f
49,0.5865265443003325,0.49854169738983956,0xa1008546c132cd7b6b31312a9d52379da4d6dd5c,2017-09-11T05:54:32.000Z,0.84999,0x007e210be4767129c9a901866d71b717b72d83b3,buy,0x6810e776880c02933d47db1b9fc05908e5386b96,0xdd0a30aa04ebc853448142caf31ed0b2589a46f0721a8142d25e5d7be7cecf8a
50,0.0119641076769,0.0053958125622819,0x6c1b843890109d594d77d02cefaee39db5da11ef,2017-09-10T06:04:56.000Z,0.451,0x6d3d0dfa885186833d6cf04f7890aab7d3b43cd1,sell,0x6810e776880c02933d47db1b9fc05908e5386b96,0xb25762e991385c208499424da03b64fa145b1d02025ad0569b5b295399f69368
51,5.9762513984426056,1.7928766147830615,0x00aa12f6d17212ed0c2764e7731f7906235415a8,2017-09-07T18:44:04.000Z,0.3000002,0x3da997a291259e997778ffbdd14389da9be42f6a,sell,0x6810e776880c02933d47db1b9fc05908e5386b96,0x25f8af7570a48969024ffa5f2187e3b7fc84c6f88bd1a1208200ca6bd44fb0b6
52,0.012,0.010175988,0x6d3d0dfa885186833d6cf04f7890aab7d3b43cd1,2017-09-03T09:33:20.000Z,0.847999,0x007e210be4767129c9a901866d71b717b72d83b3,buy,0x6810e776880c02933d47db1b9fc05908e5386b96,0xf2784fc823c67894aeee4c1f11a946da80d0acdb6f85707fdb46e351f79b3f8b
53,0.035,0.02968,0x0a2f62fe0774414131717d32f72fce14d6bd3747,2017-09-02T22:39:48.000Z,0.848,0xbc1845a864aa2a7ba7513bc6837ff7d66ec191c4,buy,0x6810e776880c02933d47db1b9fc05908e5386b96,0x5a76d2f2c2542653b5bddb188727772338ef153464d97bca5f07301174da3546
54,1.179,0.999792,0x3c8e95020b8f6dfc275faad353fe471635cadf32,2017-09-02T15:57:05.000Z,0.848,0xbc1845a864aa2a7ba7513bc6837ff7d66ec191c4,buy,0x6810e776880c02933d47db1b9fc05908e5386b96,0x26f9dfd8661eb15247325a379095eefe501eac3a1816f5365db2362871d92987
55,0.5866860856048953,0.17600594301868572,0x00aa12f6d17212ed0c2764e7731f7906235415a8,2017-08-30T22:53:42.000Z,0.3000002,0xb2be1e7fb2982102da54ebb33fbe8e430b711a74,sell,0x6810e776880c02933d47db1b9fc05908e5386b96,0xfa0e1777de264b3298062548a91b5f3808781fc57a522174ba8f3cd02e5d2ea9
56,0.088,0.0756712,0x0a2f62fe0774414131717d32f72fce14d6bd3747,2017-08-28T08:31:46.000Z,0.8599,0xae7a63c8543bdd1c32927a7137529b82ab9ea88f,buy,0x6810e776880c02933d47db1b9fc05908e5386b96,0x7f22887bfbd6d4222a064e911a2b7a786e42d0332712f81b49200496770b4893
57,0.7144126915408686,0.6143234734559929,0x6ece2d4dc5ad047e3b196ddcaeed119d43330045,2017-08-28T05:13:19.000Z,0.8599,0xae7a63c8543bdd1c32927a7137529b82ab9ea88f,buy,0x6810e776880c02933d47db1b9fc05908e5386b96,0xb7c0d277a5db586fbd14468ee06436a5695850af927a98890cba6766b58d4cd2
58,0.4164387130817652,0.1300579744825661,0xae7a63c8543bdd1c32927a7137529b82ab9ea88f,2017-08-27T07:07:44.000Z,0.31231,0x3b1d9fd8862aed71bc56fffe45a74f110ee4bb30,sell,0x6810e776880c02933d47db1b9fc05908e5386b96,0x6b41991c5de710b34d9f674b1467781a6db74cfe5eb09478eb45da72385a4cbc
59,0.5885048124702704,0.2354019249881082,0xb2be1e7fb2982102da54ebb33fbe8e430b711a74,2017-08-26T23:33:48.000Z,0.4,0x3b1d9fd8862aed71bc56fffe45a74f110ee4bb30,sell,0x6810e776880c02933d47db1b9fc05908e5386b96,0x2b4d93df7d5586e41497ee21c4e3ebf53c123245c60c611612f15c0a2e2e3d3a
60,0.11,0.11814,0x66a4e99923ff534c41936d0b28a13980b0a942f0,2017-08-19T20:17:19.000Z,1.074,0xae7a63c8543bdd1c32927a7137529b82ab9ea88f,buy,0x6810e776880c02933d47db1b9fc05908e5386b96,0xa182f6dd1802ca479b89aa5fda4b51aaf08ef5eac93525c6948a87ebd46410fe
61,0.08067093239954853,0.08664058139711513,0x0a2f62fe0774414131717d32f72fce14d6bd3747,2017-08-18T17:58:40.000Z,1.074,0xae7a63c8543bdd1c32927a7137529b82ab9ea88f,buy,0x6810e776880c02933d47db1b9fc05908e5386b96,0x459ad6fab355dfac642b0345f56cff928a39e49b55806f8b9a85a20b18e31ca4
62,0.1,0.07,0x0a2f62fe0774414131717d32f72fce14d6bd3747,2017-08-18T17:45:56.000Z,0.7,0x7b2e78d4dfaaba045a167a70da285e30e8fca196,buy,0x6810e776880c02933d47db1b9fc05908e5386b96,0x3a2d7d9a39ad89c53976dd7e70921a2677c302be22528ca2df582c5e35e55867
