,amount,amountBase,buyer,date,price,seller,side,tokenAddr,txHash
0,34.84464870157006,0.11652050525805029,0x1b128e5962c0fa231328bfcecd7f5d3d72e295ae,2017-11-02T11:33:36.000Z,0.003344,0x60719fda10ec9280bd59e4f0268943884aa99b83,buy,0xdd974d5c2e2928dea5f71b9825b8b646686bd200,0x80b55a900c76df30a2f47d6b18665d8f0e0f11d1458033682f68350ac49a2ed1
1,199.38193251463653,0.6370254737661962,0xb830c3fd6bf97fcb7c3e086b3ea72458350ea20f,2017-11-02T11:16:04.000Z,0.003195001,0x126a35ba601408ad111ed8de779617d6ece69837,sell,0xdd974d5c2e2928dea5f71b9825b8b646686bd200,0x55ba32db0a057ec9b10426efe3f713e9fbd5f1184f73f3810795f5c47ca84b0c
2,300,1.0032,0xfca228fa85b495ccad06b2dbf8e274d1d5704e41,2017-11-02T10:46:55.000Z,0.003344,0x60719fda10ec9280bd59e4f0268943884aa99b83,buy,0xdd974d5c2e2928dea5f71b9825b8b646686bd200,0x558b1d8a02e4cf6466c78cdb0e42af28a8b4fc7995300fecd744a11ce24dcaa1
3,299.951,1.004235948,0x75c4ee57efc9aa3d939fd41f7c3ad59c649ec9f7,2017-11-02T10:22:36.000Z,0.003348,0xac69402d502f29f77d7f03cca25ea2ae01735351,buy,0xdd974d5c2e2928dea5f71b9825b8b646686bd200,0xa04ebbe0fd968d3f0d5dcadb6bdca0277802ce4cc8a67a812c2d6cdbc5fe2dfe
4,50,0.16,0x462cdf194d12c5168e804fe7d91e639fb3bed21d,2017-11-02T10:16:57.000Z,0.0032,0xac69402d502f29f77d7f03cca25ea2ae01735351,sell,0xdd974d5c2e2928dea5f71b9825b8b646686bd200,0x78eff8df2e3b099af360a75a10d4707efa39f7d5d048955cdda668bac8612c71
5,184.642,0.59824008,0x1761ac93c035dc0f5de7c557ee609c461c7d6a38,2017-11-02T10:16:49.000Z,0.00324,0xac69402d502f29f77d7f03cca25ea2ae01735351,sell,0xdd974d5c2e2928dea5f71b9825b8b646686bd200,0x2f12932ad6d6304af19156fa2bc0a6a30f5bb95833a4163b72fe8012d70342f8
6,89.43566808921052,0.29907287409032,0xc5645f0e31dabd680c2c75e7f30ca6bf5c16cbe2,2017-11-02T10:08:57.000Z,0.003344,0x60719fda10ec9280bd59e4f0268943884aa99b83,buy,0xdd974d5c2e2928dea5f71b9825b8b646686bd200,0xd42af39362d45569bea330451f5b22ff29d8b9f7da3a429e31c1b54a43caa172
7,244.244,0.82554472,0xf69bbb08adb77cd25b4702fe516c278705ae024a,2017-11-02T08:42:11.000Z,0.00338,0x6a912f36057ff7149c41c9140a30d5fe7cd1d7ff,buy,0xdd974d5c2e2928dea5f71b9825b8b646686bd200,0xa7f843b13cc8e3af1572b39c572bddb96e05bbf852bd715dc3d77841a070f7f8
8,145,0.48865,0xf69bbb08adb77cd25b4702fe516c278705ae024a,2017-11-02T08:39:39.000Z,0.00337,0x441b12f8893595634a0ed8f9eb5840a67130ba3f,buy,0xdd974d5c2e2928dea5f71b9825b8b646686bd200,0x2c50a5693d4b642fb6bd06a48c00b3615c0d44410b4cbbccd1ce6d97099ed15f
9,1000,3.42199,0x4ca1b37e8f8f2327e67ae47a24bc77375e227573,2017-11-02T08:04:05.000Z,0.00342199,0xda896bd9e964386f7343414a646c8ef75d5ae009,buy,0xdd974d5c2e2928dea5f71b9825b8b646686bd200,0xb7f6beb675af511137790b92ddfe65fe231c354f7e81d7f10b961b4740a5ec37
10,145.67706765605422,0.46762484394661064,0x441b12f8893595634a0ed8f9eb5840a67130ba3f,2017-11-02T08:04:05.000Z,0.00321001,0x840a570ebf6e0ee1ac387f1b63533eb4974778b9,sell,0xdd974d5c2e2928dea5f71b9825b8b646686bd200,0x294edb6d55b392273a9dd75607912cfe2d3534e8a46d7850cb3b8fbca5577ddf
11,244.2441159605716,0.7798714622621051,0x6a912f36057ff7149c41c9140a30d5fe7cd1d7ff,2017-11-02T07:43:09.000Z,0.003193,0x5efdca26e7cbb98c4f23a46d7a724c6c9148d0cf,sell,0xdd974d5c2e2928dea5f71b9825b8b646686bd200,0xebac6ce5c2254b7d669428a26011905f0923ced0457dd14867055c1d6ae20265
12,1051.6365108282862,3.3967859299753647,0x6a912f36057ff7149c41c9140a30d5fe7cd1d7ff,2017-11-02T06:44:53.000Z,0.00323,0x8f7adf0f47272a8cafffca052e1481ef35c6bc7d,sell,0xdd974d5c2e2928dea5f71b9825b8b646686bd200,0x82939078a0b03eb3b8c0a32f8641e925b9ef5c1e34e92ce51b6e9467fd1e54b7
13,505.5866560200858,1.6937152976672876,0x2f94d84d7cd2d091ee6bbd716afe45ffea37cbc5,2017-11-02T06:42:26.000Z,0.00335,0x8f7adf0f47272a8cafffca052e1481ef35c6bc7d,sell,0xdd974d5c2e2928dea5f71b9825b8b646686bd200,0x20af42516fe5f33bf35303952071a87a433e0148d78e173402d272082f46ac62
14,94.41334397991419,0.31628470233271255,0x2f94d84d7cd2d091ee6bbd716afe45ffea37cbc5,2017-11-02T06:39:04.000Z,0.00335,0x18a09088032d2c9392d9722ff64d9be6a98fc9ab,sell,0xdd974d5c2e2928dea5f71b9825b8b646686bd200,0x74860699fa98b0b0b7b1064a7bdcfe9644dea96bf7ddd1aae9c59af5c2e8fd21
15,794.62,2.622246,0xb22d24c4100b9678c4fc07e49a40a5624c83f841,2017-11-02T06:30:07.000Z,0.0033,0xa596a01acb9e36ae574495dced3922377abbbb74,buy,0xdd974d5c2e2928dea5f71b9825b8b646686bd200,0xa785d1f5cbdc7cece2dc870ede0f92d409d06c3d3d0b3e457b8824367901bd44
16,375,1.256175,0x2f94d84d7cd2d091ee6bbd716afe45ffea37cbc5,2017-11-02T06:05:06.000Z,0.0033498,0xb22d24c4100b9678c4fc07e49a40a5624c83f841,buy,0xdd974d5c2e2928dea5f71b9825b8b646686bd200,0xf129f3f34e420c3a2c4112d56bdd6536e9e33edfff2650ac1c020ba0e62725a3
17,234.7611099914647,0.7465710834782666,0x1a98b91d4bf41cb018af83349fb9b0409c4cad72,2017-11-02T05:57:01.000Z,0.003180131,0xa733d86d962e2cf06017387b11d4025f0d44385f,sell,0xdd974d5c2e2928dea5f71b9825b8b646686bd200,0xb698705894927023b4e96676bef02e89732d672ecc11040d15dc988d3fcd1562
18,0.00993828711296049,0.000031514308435197,0x335c0552eb130f3dfbe6efcb4d2895aed1e9938b,2017-11-02T05:49:16.000Z,0.003170999999999928,0xa733d86d962e2cf06017387b11d4025f0d44385f,sell,0xdd974d5c2e2928dea5f71b9825b8b646686bd200,0x9b4d3cfe9649f1e90ecbccc22a4069ab18f1380c54c595c1211ea3485cdad13f
19,94.70602534625192,0.3011806923892379,0x18a09088032d2c9392d9722ff64d9be6a98fc9ab,2017-11-02T05:38:35.000Z,0.003180164,0xe6c92b9517a451e6479f307dc15998be0d221dab,sell,0xdd974d5c2e2928dea5f71b9825b8b646686bd200,0xf82129e8041c0ded873774b50f63740e786762227e93ade0213f7df9523264d5
20,1355,4.30910325,0xb22d24c4100b9678c4fc07e49a40a5624c83f841,2017-11-02T05:14:31.000Z,0.00318015,0x917dfa3bb4533a228c99e9e193dde99c1cf89551,sell,0xdd974d5c2e2928dea5f71b9825b8b646686bd200,0x8b18c7b4743ef975db23275792d2c0dfa42aea85a63d189bd31fbdddb1d1f97b
21,299.64,1.003764036,0x5e291563aa97ec35e192d1509755499e0be1d2e4,2017-11-02T04:55:40.000Z,0.0033499,0xb22d24c4100b9678c4fc07e49a40a5624c83f841,buy,0xdd974d5c2e2928dea5f71b9825b8b646686bd200,0x4e7fb4278544873136a079a7e1552558490ea3531c1d44ebf374fff5d296da8a
22,299.63565465257864,0.949877985170686,0xb22d24c4100b9678c4fc07e49a40a5624c83f841,2017-11-02T04:07:07.000Z,0.00317011,0xcf9352389986f030af9863742e9bdfceba178be0,sell,0xdd974d5c2e2928dea5f71b9825b8b646686bd200,0xbc0bf91803a4541f626c0fc669636bd8d9ce1641612ec686f4a2c8506d68d9f8
23,100,0.318,0x34eec67ff1ae5febe8b32f6aa73f581ef410f2dd,2017-11-02T04:03:14.000Z,0.00318,0xcf9352389986f030af9863742e9bdfceba178be0,sell,0xdd974d5c2e2928dea5f71b9825b8b646686bd200,0x2b09d5a39ab65dae18ceea837ab1baee609e0d7da8ab9c175b8120141fd32320
24,100,0.32,0x34eec67ff1ae5febe8b32f6aa73f581ef410f2dd,2017-11-02T03:54:09.000Z,0.0032,0xcf9352389986f030af9863742e9bdfceba178be0,sell,0xdd974d5c2e2928dea5f71b9825b8b646686bd200,0x06008d2d6af90c27ec9fa5ef56fb9ad216469469be04261d9273995fbbefb9b1
25,26,0.08902062,0x9ffced327a1a845ea530ecbac06443f842218420,2017-11-02T03:29:11.000Z,0.00342387,0xf6624f3bb88c951119e7b993e4a23b65cad928a4,sell,0xdd974d5c2e2928dea5f71b9825b8b646686bd200,0xbc036fce77c5a170941a3549816e516f60f2ce66b03ce833479e5f30e767e8d6
26,408.77,1.40085438123,0xda896bd9e964386f7343414a646c8ef75d5ae009,2017-11-02T02:47:43.000Z,0.003426999,0x273a5d3e6721b9f5c1a6474f560c1334c63dda01,sell,0xdd974d5c2e2928dea5f71b9825b8b646686bd200,0x3642ebdc9c34d887275e947fb683344a9e66d756b2c8c1ba39224db1a09f81d9
27,410,1.3899,0x273a5d3e6721b9f5c1a6474f560c1334c63dda01,2017-11-02T02:47:43.000Z,0.00339,0x5aa943321f5b22bcf7a7d09c7eab8137aa1b72f8,buy,0xdd974d5c2e2928dea5f71b9825b8b646686bd200,0x3642ebdc9c34d887275e947fb683344a9e66d756b2c8c1ba39224db1a09f81d9
28,84,0.2625,0x3ec6732676db7996c1b34e64b0503f941025cb63,2017-11-02T01:51:39.000Z,0.003125,0xbd042914c93361e248a56db78403e99ef01a1c14,sell,0xdd974d5c2e2928dea5f71b9825b8b646686bd200,0xac4bd1b6c24bf75262b113c3c369dab96b255e6fc2ab5156d2481beb65efc2cc
29,740,2.31250074,0xda390e00b63b110ab71bc31bf7d668e1deea8565,2017-11-02T01:48:17.000Z,0.003125001,0xbd042914c93361e248a56db78403e99ef01a1c14,sell,0xdd974d5c2e2928dea5f71b9825b8b646686bd200,0x25b2af487c98680be77a0dc71e3663fcb356304a7bc56da5aafaf563ce88c135
30,100,0.3535,0x58057c958997be3cae93a3f174ec751e37a6357b,2017-11-02T01:11:08.000Z,0.003535,0xf6624f3bb88c951119e7b993e4a23b65cad928a4,buy,0xdd974d5c2e2928dea5f71b9825b8b646686bd200,0x23a004b0da55fc961e1ded886ccbd6b7df25f12cfc9665903d66a0bfa5f8d8d3
31,203.94848356374158,0.7178986621443704,0x9db81f3235c5e3823547178165a24f1d81fa5cb3,2017-11-02T01:06:54.000Z,0.00352,0x1761ac93c035dc0f5de7c557ee609c461c7d6a38,buy,0xdd974d5c2e2928dea5f71b9825b8b646686bd200,0xd066f99e751bdc57c9b0f9739e3d812a720a05ff34f2a4b66d81d3b3b26f50cc
32,3.4493071478416906,0.0107721862227096,0x6a912f36057ff7149c41c9140a30d5fe7cd1d7ff,2017-11-02T01:04:54.000Z,0.003123,0xa54ffa43d11698bc300d924781518b71dd10f0a8,sell,0xdd974d5c2e2928dea5f71b9825b8b646686bd200,0xc34d127a1a834a0ad12e7e1cc4d9d220a887918527394b551d5da6fb2172c171
33,400,1.252,0x1761ac93c035dc0f5de7c557ee609c461c7d6a38,2017-11-02T00:26:57.000Z,0.00313,0xbea1b77d05af2f4b5a6c30be3aa9c050538ebec9,sell,0xdd974d5c2e2928dea5f71b9825b8b646686bd200,0x6e60114a1de8b8ba7530b935d3995a2db42fba67d43a326e029047296239c18d
34,29.9,0.09568,0x1b128e5962c0fa231328bfcecd7f5d3d72e295ae,2017-11-02T00:21:24.000Z,0.0032,0x24cd10327f6f97aaf3270e70b256e424587168fd,buy,0xdd974d5c2e2928dea5f71b9825b8b646686bd200,0x21103f2c4afce502da6c8ba44c20baaead24968576162e150e5721ffaf08ddc2
35,0.1,0.00035579,0xe2b48b3dd0b33283b4802e63e65518f27e635054,2017-11-02T00:00:17.000Z,0.0035579,0xda390e00b63b110ab71bc31bf7d668e1deea8565,buy,0xdd974d5c2e2928dea5f71b9825b8b646686bd200,0x8957391a5a352f89a08870a82cba771c0703305bba5c8bb90cb9064f2172be8b
36,0.1,0.00032,0xed2ca7381d82f8fb9bcc54ea6ab6526e35aece25,2017-11-01T23:59:56.000Z,0.0032,0x24cd10327f6f97aaf3270e70b256e424587168fd,buy,0xdd974d5c2e2928dea5f71b9825b8b646686bd200,0xb2df46237ccc579be356fcc0a4793a2d101e05fb5d8edee2cf126f0024bfc3c5
37,229.54944366463963,0.7168829125646695,0x6a912f36057ff7149c41c9140a30d5fe7cd1d7ff,2017-11-01T23:41:54.000Z,0.003123,0xdc7865a73154c3b10cf63837a4060daa50f5771a,sell,0xdd974d5c2e2928dea5f71b9825b8b646686bd200,0xd4ecf24ad4c84d7d9ce34cee2aca3222800ae95d11f7621a882ac2ed0f52e5db
38,229.54944366463963,0.7168829125646695,0x6a912f36057ff7149c41c9140a30d5fe7cd1d7ff,2017-11-01T23:41:40.000Z,0.003123,0xdc7865a73154c3b10cf63837a4060daa50f5771a,sell,0xdd974d5c2e2928dea5f71b9825b8b646686bd200,0xd4ecf24ad4c84d7d9ce34cee2aca3222800ae95d11f7621a882ac2ed0f52e5db
39,0.5,0.00160626265,0xda896bd9e964386f7343414a646c8ef75d5ae009,2017-11-01T23:39:37.000Z,0.0032125253,0xdc7865a73154c3b10cf63837a4060daa50f5771a,sell,0xdd974d5c2e2928dea5f71b9825b8b646686bd200,0xd63fce6f874b18fd077b8410cbe3e739b844bd7e477f3cb6f3f66cfc7e8ab2a5
40,100,0.318,0xa37b91282070d07599e26becb7a11b2a78c4660b,2017-11-01T23:36:58.000Z,0.00318,0xdc7865a73154c3b10cf63837a4060daa50f5771a,sell,0xdd974d5c2e2928dea5f71b9825b8b646686bd200,0x4c533b31aa44361c209bb94cd9cd2340114338675762c37f7a6b5348563e416d
41,0.521,0.001727914214,0xda896bd9e964386f7343414a646c8ef75d5ae009,2017-11-01T23:33:16.000Z,0.003316534,0xdc7865a73154c3b10cf63837a4060daa50f5771a,sell,0xdd974d5c2e2928dea5f71b9825b8b646686bd200,0xbb215c447bee5e138ff97f86a62c1469de288071131e70081bd9552c36cf4d82
42,407.33371431322024,1.3034678858023048,0xf2ab55b3fc2e5f08509663b5fb3856dc157cbda2,2017-11-01T21:50:33.000Z,0.0032,0x237dce839c25f16673b208bb142a466eb8443fd6,buy,0xdd974d5c2e2928dea5f71b9825b8b646686bd200,0x58be947f42dfe02e6916bc2dd2681809481ef5cd735de937df61cd9871fd0bc3
43,89,0.2848,0xa596a01acb9e36ae574495dced3922377abbbb74,2017-11-01T21:45:51.000Z,0.0032,0x237dce839c25f16673b208bb142a466eb8443fd6,buy,0xdd974d5c2e2928dea5f71b9825b8b646686bd200,0xfbec98b7703c84151f56c721319dc40f83635be9088c4a708f5b787ffce6a761
44,0.030608987158931875,0.000097948758908582,0xf2ab55b3fc2e5f08509663b5fb3856dc157cbda2,2017-11-01T21:45:12.000Z,0.0032,0x237dce839c25f16673b208bb142a466eb8443fd6,buy,0xdd974d5c2e2928dea5f71b9825b8b646686bd200,0xa5a546fbc84112ab04010609ef2a16d1d63f71cfe8863564876249340e5efc74
45,307.0387501912431,0.9825240006119779,0xf2ab55b3fc2e5f08509663b5fb3856dc157cbda2,2017-11-01T21:43:06.000Z,0.0032,0x237dce839c25f16673b208bb142a466eb8443fd6,buy,0xdd974d5c2e2928dea5f71b9825b8b646686bd200,0xf3cff7cbdc23d96b966c57c728a1a0779c70848ab59ff91b8ca86cb6b0a3682e
46,720.4932627915636,2.3055784409330036,0xda390e00b63b110ab71bc31bf7d668e1deea8565,2017-11-01T21:40:09.000Z,0.0032,0x237dce839c25f16673b208bb142a466eb8443fd6,buy,0xdd974d5c2e2928dea5f71b9825b8b646686bd200,0x7898d117871582479a806f5324bc9ee9de0b2c34a0f8b8698945a315a30115c5
47,24.103663716814157,0.0771317238938053,0x1d5321e125f6c7079a716705541c7b371ca79e69,2017-11-01T21:34:55.000Z,0.0032,0x237dce839c25f16673b208bb142a466eb8443fd6,buy,0xdd974d5c2e2928dea5f71b9825b8b646686bd200,0xb5616cee896c8364d9d54b209e91490496b2ac01881cc95db1b6ecde04666021
48,24.031569009784803,0.08146701894317049,0xd4ff781e1de100c601a55c007e2cd85581841dca,2017-11-01T21:34:55.000Z,0.00339,0x1d5321e125f6c7079a716705541c7b371ca79e69,sell,0xdd974d5c2e2928dea5f71b9825b8b646686bd200,0xb5616cee896c8364d9d54b209e91490496b2ac01881cc95db1b6ecde04666021
49,9.97,0.033842168,0xac01f02587b18b034716ea59e6d2a01ff0dd486e,2017-11-01T21:34:38.000Z,0.0033944,0x273a5d3e6721b9f5c1a6474f560c1334c63dda01,sell,0xdd974d5c2e2928dea5f71b9825b8b646686bd200,0x7c857c01306422ca563d67e47a5216cd8e5eba9cc2850b708c6825db1f4c0226
50,10,0.032,0x273a5d3e6721b9f5c1a6474f560c1334c63dda01,2017-11-01T21:34:38.000Z,0.0032,0x237dce839c25f16673b208bb142a466eb8443fd6,buy,0xdd974d5c2e2928dea5f71b9825b8b646686bd200,0x7c857c01306422ca563d67e47a5216cd8e5eba9cc2850b708c6825db1f4c0226
51,705,2.393052,0xa596a01acb9e36ae574495dced3922377abbbb74,2017-11-01T21:34:38.000Z,0.0033944,0xda896bd9e964386f7343414a646c8ef75d5ae009,buy,0xdd974d5c2e2928dea5f71b9825b8b646686bd200,0x40dfadc33c7836653527cbde0f830a44d7f0ca556931ae4865077eb639d052b0
52,99.7,0.33842168,0xd4ff781e1de100c601a55c007e2cd85581841dca,2017-11-01T21:34:16.000Z,0.0033944,0x273a5d3e6721b9f5c1a6474f560c1334c63dda01,sell,0xdd974d5c2e2928dea5f71b9825b8b646686bd200,0x44ec6932d3c4387aa585c2066854ce680ffa7374acd3b6bc08e5b4b4e99f809e
53,100,0.32,0x273a5d3e6721b9f5c1a6474f560c1334c63dda01,2017-11-01T21:34:16.000Z,0.0032,0x237dce839c25f16673b208bb142a466eb8443fd6,buy,0xdd974d5c2e2928dea5f71b9825b8b646686bd200,0x44ec6932d3c4387aa585c2066854ce680ffa7374acd3b6bc08e5b4b4e99f809e
54,120,0.407328,0xc2b0ca851b36be61b470105abd72f9e2510e8ccf,2017-11-01T20:18:36.000Z,0.0033944,0xda896bd9e964386f7343414a646c8ef75d5ae009,buy,0xdd974d5c2e2928dea5f71b9825b8b646686bd200,0x195a708317aefb390dd17507a293a8678d1537427afb8100c73a6fb28523cdcf
55,464.46615491974876,1.4862916957431962,0xf2ab55b3fc2e5f08509663b5fb3856dc157cbda2,2017-11-01T20:17:29.000Z,0.0032,0x070d8d7895ea21d3c06385e20c6f86747d897317,sell,0xdd974d5c2e2928dea5f71b9825b8b646686bd200,0x59f1dd89db3884ce6ae97fdee28a0e668cb703a699b45900feaf0c1ad40b2ac2
56,447.3133107367162,1.4314025943574917,0xf2ab55b3fc2e5f08509663b5fb3856dc157cbda2,2017-11-01T19:57:41.000Z,0.0032,0xcf28c519c539ae088ba94add1f9aa7dc84a5e530,sell,0xdd974d5c2e2928dea5f71b9825b8b646686bd200,0xb5d8fb430e0f340f9d48a3c5312d8e317c8ded90a6c4c3063d105a464bb7c847
57,98.006,0.32537992,0x07a2b0a6dda237e9689fb9ee5ad82564848219d5,2017-11-01T19:55:52.000Z,0.00332,0xcf28c519c539ae088ba94add1f9aa7dc84a5e530,sell,0xdd974d5c2e2928dea5f71b9825b8b646686bd200,0x74b20f8f8d749a19a85f925260d532182f8e3687077200080ffbdc45bcbf67a4
58,37.919,0.13840435,0xb7cac43fcf1d3babe5c2d6f79c604fa3c9cc19f6,2017-11-01T19:09:05.000Z,0.00365,0x53a692e6256e8d39c5da83ffd248ff22d4927896,buy,0xdd974d5c2e2928dea5f71b9825b8b646686bd200,0xbd56e28aa965c2f013a2b1df8717d5b637fc37ee442439fb4c8fc8538a077339
59,40.222,0.140777,0xb7cac43fcf1d3babe5c2d6f79c604fa3c9cc19f6,2017-11-01T19:08:56.000Z,0.0035,0x4d8c12fe8b425326ab167b23bb0fabb8736a3f66,buy,0xdd974d5c2e2928dea5f71b9825b8b646686bd200,0x610a05a0facf148da52ec813c32e2ddca40bd44e300ba98291f6d8b0eb67e7b1
60,1.9938191606021334,0.006619479613199082,0x07a2b0a6dda237e9689fb9ee5ad82564848219d5,2017-11-01T18:55:17.000Z,0.0033199999999999996,0x3603576f910ac545006eadbfee5798202ed07a45,sell,0xdd974d5c2e2928dea5f71b9825b8b646686bd200,0xdce3bfa74326cfc6650ee3c3d34c95e87747911842d942b87b0ed6b92f0ec105
61,274.07436191289435,0.8770379581212618,0xf2ab55b3fc2e5f08509663b5fb3856dc157cbda2,2017-11-01T18:37:30.000Z,0.0032,0x967e39e4f6b6f861b9bfb52a16ab43c8cacae90c,sell,0xdd974d5c2e2928dea5f71b9825b8b646686bd200,0xd6f1f61d0d22dd9a74b6df1f0c3c4ce7ada8e2cf6117678274ae8556d56a8427
62,99.69095803010667,0.31901106569634136,0xf2ab55b3fc2e5f08509663b5fb3856dc157cbda2,2017-11-01T18:28:59.000Z,0.0032,0x9822d473b37741449b7e3b956c3e537792fbca46,sell,0xdd974d5c2e2928dea5f71b9825b8b646686bd200,0xff73b9e5318be162e9de0c390f97871170c55fc6d00bc40a3187f960c0dbc96a
63,299.9995,1.01399831,0x07a2b0a6dda237e9689fb9ee5ad82564848219d5,2017-11-01T18:09:09.000Z,0.00338,0x3ec6732676db7996c1b34e64b0503f941025cb63,buy,0xdd974d5c2e2928dea5f71b9825b8b646686bd200,0x0ab97df81319fc1bebaa4c247681403ec9c1e864eb3250bd2991db4c9bc6c47d
64,7975.276642408534,25.132728541521285,0x6a912f36057ff7149c41c9140a30d5fe7cd1d7ff,2017-11-01T17:48:41.000Z,0.00315133,0xe8af12e3c4d34d3aa27a38258d6ce1b803a37e02,sell,0xdd974d5c2e2928dea5f71b9825b8b646686bd200,0x929fe9650dfa28d86c15404e05eb113fcf4390e395c37e1f7a9a1ce357050c6b
65,82.49078316343484,0.25995320498293223,0x1b7688a79d07be5b3d03cfc59983c0d3ddf54de3,2017-11-01T17:15:46.000Z,0.0031513,0xdbe1918c0a776b8805cb53fc2ea67fffa0f7d658,sell,0xdd974d5c2e2928dea5f71b9825b8b646686bd200,0x7254100b878b0016dfe7d19c13cda91fca53c12a70991e85090c03501f2d879d
66,17.201889739539894,0.05772094102102611,0x14c32a94d825b0fbfc1a7024282f6bcaaa3082d1,2017-11-01T17:13:16.000Z,0.0033555,0xdbe1918c0a776b8805cb53fc2ea67fffa0f7d658,sell,0xdd974d5c2e2928dea5f71b9825b8b646686bd200,0x1feca0d0e465a4f265e7e717d2f4f490a2474bbed799482621afe1634d3abce8
67,572.3955486383697,1.8038473892185132,0xb830c3fd6bf97fcb7c3e086b3ea72458350ea20f,2017-11-01T16:58:52.000Z,0.0031514001,0x0bad0d4699d16b6a9c1346be706b3de39fd0ad82,sell,0xdd974d5c2e2928dea5f71b9825b8b646686bd200,0xe2d90ea0da54d7a6f80102c2f49648a8bf333af57928c976143029dd614742fc
68,50,0.16972,0x437338ffd4b45cdf78c3589d763dc746b0edf761,2017-11-01T16:56:47.000Z,0.0033944,0x0bad0d4699d16b6a9c1346be706b3de39fd0ad82,sell,0xdd974d5c2e2928dea5f71b9825b8b646686bd200,0x113222527013e89813a3bc27e53377acfa2f08c6c325902cd538e75f26134da7
69,99.81,0.338705235,0x88afad68a8620a33a8fd756b6a73f26674396fa2,2017-11-01T16:29:59.000Z,0.0033935,0x450573f9ec383956e44d7a62b363107594d76c70,buy,0xdd974d5c2e2928dea5f71b9825b8b646686bd200,0x6e097c13a1cf4fcd4c0d30593bfae902a9e0662e87585510cc3af54fdf2826d8
70,1495.3643704516,4.710846376233675,0x1b7688a79d07be5b3d03cfc59983c0d3ddf54de3,2017-11-01T15:58:25.000Z,0.0031503,0x368674b5b7bd3ec1d97954d63ffdbc367166a3ae,sell,0xdd974d5c2e2928dea5f71b9825b8b646686bd200,0xe70ad82349e4fed9271aefe3823ea9bf6c4fc6eef13bf88e0e6ce368b3afe908
71,600,2.03664,0x16ed438299fff259e09d198a8c5cbba295baff33,2017-11-01T15:19:24.000Z,0.0033944,0xda896bd9e964386f7343414a646c8ef75d5ae009,buy,0xdd974d5c2e2928dea5f71b9825b8b646686bd200,0xef1ada82ce34cad777c3fea6313f4397f7473341446d87aa5582528c2b871de7
72,35.978635524346934,0.1104544110597451,0x1761ac93c035dc0f5de7c557ee609c461c7d6a38,2017-11-01T14:19:59.000Z,0.00307,0x0ec8071672424b1bbe96e1ea4b8b5ad81fe295a9,sell,0xdd974d5c2e2928dea5f71b9825b8b646686bd200,0xeb1ae8385642f96f4fee80e1eb10b3c439568d9c9f05c73f8531a51df81dbe89
73,40,0.1232,0x34719de34a620e1a96258ba9185c2e3d06ec1699,2017-11-01T14:07:36.000Z,0.00308,0x0ec8071672424b1bbe96e1ea4b8b5ad81fe295a9,sell,0xdd974d5c2e2928dea5f71b9825b8b646686bd200,0x0f17741e4fa3876f801bd53c8506becd16d082dab95bfafdd828d07b9dbe5617
74,10,0.03350001,0xb20cc9af424a31f06f578ce55e01833cb3299cf2,2017-11-01T14:06:52.000Z,0.003350001,0x0ec8071672424b1bbe96e1ea4b8b5ad81fe295a9,sell,0xdd974d5c2e2928dea5f71b9825b8b646686bd200,0xf8fbef7a7a232b5fd4ca581e74250de217cfcee5c70c47bc04f1912473e2c35b
75,256,0.859008,0x30b811a5667d392cfbbd1a03b47b2a55e953b053,2017-11-01T14:06:52.000Z,0.0033555,0x0ec8071672424b1bbe96e1ea4b8b5ad81fe295a9,sell,0xdd974d5c2e2928dea5f71b9825b8b646686bd200,0x5015f6fbe29bc0ca0c4e85ee5fc63343f8ec3bc1a0877df4ba493ee85aa1a8e5
76,2155.3274688563483,6.576119640227604,0xda896bd9e964386f7343414a646c8ef75d5ae009,2017-11-01T14:02:03.000Z,0.0030511,0xb00548770ea87482f024cd4292a975fea72e8f01,sell,0xdd974d5c2e2928dea5f71b9825b8b646686bd200,0x92d7681b49022ee367a429930c7c3d215e74b80ca07c0eac118f444044b8d7cc
77,694,2.328717,0x30b811a5667d392cfbbd1a03b47b2a55e953b053,2017-11-01T13:53:49.000Z,0.0033555,0x5aa943321f5b22bcf7a7d09c7eab8137aa1b72f8,sell,0xdd974d5c2e2928dea5f71b9825b8b646686bd200,0x4eb0ced42f3368177c7e4f5d981a3215eeb20b2c813e5c2b532a55557a2c3301
78,889.992,2.986369045992,0xd7e3877f041f535e549222cd39702f9b2171ec19,2017-11-01T13:49:53.000Z,0.003355501,0x5aa943321f5b22bcf7a7d09c7eab8137aa1b72f8,sell,0xdd974d5c2e2928dea5f71b9825b8b646686bd200,0x889eea4e0ed6e54a714e586977f3b1486eec03f71c139d7f0685bd5782867f0f
79,110.00770559150818,0.36913096612001134,0xd7e3877f041f535e549222cd39702f9b2171ec19,2017-11-01T13:41:57.000Z,0.003355501,0x6038c1c634022d4c3174cc1a26296325c8ee58b9,sell,0xdd974d5c2e2928dea5f71b9825b8b646686bd200,0xcd78ea6682f6e444c74fe2936e3bd17de0732d4378b2284abc6959ec815ea8bd
80,250,0.838875,0x30b811a5667d392cfbbd1a03b47b2a55e953b053,2017-11-01T13:18:48.000Z,0.0033555,0x967e39e4f6b6f861b9bfb52a16ab43c8cacae90c,sell,0xdd974d5c2e2928dea5f71b9825b8b646686bd200,0x4d4dc3bfe39daf318e218342cfa6d6d53d1f8b6f274ee9243d225ed712282398
81,6.9468604061533465,0.02331019009284755,0x14c32a94d825b0fbfc1a7024282f6bcaaa3082d1,2017-11-01T12:43:54.000Z,0.0033555,0x49b31f143e84ff73a8a412eb74dc2879f7bb3138,sell,0xdd974d5c2e2928dea5f71b9825b8b646686bd200,0x8d623ff9bf293330a109c6a8bef8277fa4fa2db52c8bc50849f87e64ee3f8822
82,11,0.036916011,0x319112568bec6af88d43c258f36d94319bf1ac23,2017-11-01T12:42:20.000Z,0.003356001,0x49b31f143e84ff73a8a412eb74dc2879f7bb3138,sell,0xdd974d5c2e2928dea5f71b9825b8b646686bd200,0xdecdcdaeb021c7ba8cd9f85cccb670589e2d268cfcd5c6d30eaa0f4dc53f52d0
83,600,2.0133,0x14c32a94d825b0fbfc1a7024282f6bcaaa3082d1,2017-11-01T12:28:12.000Z,0.0033555,0x4ad7f6a340692e511e0e671605aac62312f674ff,sell,0xdd974d5c2e2928dea5f71b9825b8b646686bd200,0xdd7d813be720e50bd43cd0d3b24f86ce8a75074a2781d5036bf5388054cc5676
84,857.7334543464683,3.0265124936615133,0xd10e24685c7cdd3cd3baaa86b09c92be28c834b6,2017-11-01T12:07:11.000Z,0.0035285,0x73255d98f7ac75beb5397febd37db3b3650d8156,buy,0xdd974d5c2e2928dea5f71b9825b8b646686bd200,0xc4188909d0b407d6a6fa07ac775f7564fbb6366d1285faf3e4cbcca8352bf089
85,1483.8512498543068,4.9790628688861265,0x14c32a94d825b0fbfc1a7024282f6bcaaa3082d1,2017-11-01T12:07:11.000Z,0.0033555,0x204ea35e8374793d92cc7baa8d03bb68544a2f23,sell,0xdd974d5c2e2928dea5f71b9825b8b646686bd200,0x354818d5377d63b2450023e8214b78299683b3990a289dec074c5fe0a4eb4390
86,145,0.48662,0xafba76288380cb4ccc6d18879ed7f9a45fd44fe8,2017-11-01T12:04:27.000Z,0.003356,0x204ea35e8374793d92cc7baa8d03bb68544a2f23,sell,0xdd974d5c2e2928dea5f71b9825b8b646686bd200,0x9914da2ed81a7c01fbc3d3603b45ea3ed73d1de7478c0727e0bf9338874ef112
87,1835.9027373062506,6.242069306841252,0x19ab61f87c3065a7a9c12f678fffd563bd0a8e9f,2017-11-01T12:02:49.000Z,0.0034,0x204ea35e8374793d92cc7baa8d03bb68544a2f23,sell,0xdd974d5c2e2928dea5f71b9825b8b646686bd200,0xce8b733f3ee98f4aa4e2279b0c18baa37f913791a3d5b21b39c35c7891de03ed
88,1364.0972626937494,4.637930693158748,0x19ab61f87c3065a7a9c12f678fffd563bd0a8e9f,2017-11-01T11:42:23.000Z,0.0034,0x93306cd93701aaa06a89032cc9a18af73ed54955,sell,0xdd974d5c2e2928dea5f71b9825b8b646686bd200,0xd4527f8eafe28621459b35180646831b5c5f3acd3e30b55d6e6d7292872a6999
89,213,0.75189,0x47af1437f674d4e79a66bf0ad6cc48d6979dc61d,2017-11-01T11:30:55.000Z,0.00353,0x1761ac93c035dc0f5de7c557ee609c461c7d6a38,buy,0xdd974d5c2e2928dea5f71b9825b8b646686bd200,0x4cac02a2843ea7fb06e7cf64f84d648e10af262d90151f303f73d93535796b8e
90,210,0.7413,0x9b2a0ede7db1b79619e667c4b8693a65a291ece2,2017-11-01T11:24:54.000Z,0.00353,0x1761ac93c035dc0f5de7c557ee609c461c7d6a38,buy,0xdd974d5c2e2928dea5f71b9825b8b646686bd200,0xd63042975dde8ef56224ad2b9036268a91f576760f6a6cfe8fcb55fcf90dd3c2
91,48,0.168,0x9b2a0ede7db1b79619e667c4b8693a65a291ece2,2017-11-01T10:38:52.000Z,0.0035,0xeed1a78262bfab84d2541bfa989fa3c6f77de1bc,buy,0xdd974d5c2e2928dea5f71b9825b8b646686bd200,0xa2ade7670fd7502291bcb7c7bfb97b9b53cd4b78c9c51b9a45a96845a3a9e1bf
92,568.8669278242911,1.9170815467678612,0x1761ac93c035dc0f5de7c557ee609c461c7d6a38,2017-11-01T10:09:11.000Z,0.00337,0xbbd878602dfcdb5dd5c0a467834e1ce454a3b9e8,sell,0xdd974d5c2e2928dea5f71b9825b8b646686bd200,0x84f2f220dd760637da57703f6786bd548c55d387691ea3d9ce9048864207a41f
93,240,0.84,0xf861ae0e236cbab43c73c7481feca08a46ca1a21,2017-11-01T09:03:33.000Z,0.0035,0xeed1a78262bfab84d2541bfa989fa3c6f77de1bc,buy,0xdd974d5c2e2928dea5f71b9825b8b646686bd200,0x900f99afdeea9a8b066cb8581e5e6f703db3562e08b691869fee70920d1ee774
94,10.3,0.03502,0xf861ae0e236cbab43c73c7481feca08a46ca1a21,2017-11-01T09:01:56.000Z,0.0034,0x3efd9b0bd8e4595bc494539aca584821950106ee,buy,0xdd974d5c2e2928dea5f71b9825b8b646686bd200,0xa1e9b6cd7dfd6d9ea1425d94b5a12ff055a053b26003f98e4ed0c634f735e37b
95,0.0208119486560241,0.000073882209609399,0xf861ae0e236cbab43c73c7481feca08a46ca1a21,2017-11-01T08:55:04.000Z,0.0035499900000000003,0xf58dcfa3afb09a491be10a7e8aaf99afc9311df2,buy,0xdd974d5c2e2928dea5f71b9825b8b646686bd200,0xdc0219d5f27653059213bf30743da496beea2f83f71c95fbab16f02e352b2b51
96,165.749,0.55857413,0x35aa8680b1ca1cc4256e618475f84f71ad161b52,2017-11-01T08:50:26.000Z,0.00337,0x3efd9b0bd8e4595bc494539aca584821950106ee,sell,0xdd974d5c2e2928dea5f71b9825b8b646686bd200,0x63779028a223d9db40f2e59ed30b2b8e224899a5f1eff393343b74e77f80e2fa
97,145.177283653466,0.4892474459121804,0x35aa8680b1ca1cc4256e618475f84f71ad161b52,2017-11-01T08:46:43.000Z,0.00337,0x73255d98f7ac75beb5397febd37db3b3650d8156,sell,0xdd974d5c2e2928dea5f71b9825b8b646686bd200,0x8b25a64286974dcf43aa1f12479858f8565dee82422e47fd8a9b319cc85ca21a
98,2447.8683458731134,8.22483764213366,0xda896bd9e964386f7343414a646c8ef75d5ae009,2017-11-01T08:46:00.000Z,0.00336,0x73255d98f7ac75beb5397febd37db3b3650d8156,sell,0xdd974d5c2e2928dea5f71b9825b8b646686bd200,0x2b4ca2a1312b5fb3978cb7e0194709de90a9ca85ee894233e39abf606383704d
99,1552.1316541268864,5.215162357866339,0xda896bd9e964386f7343414a646c8ef75d5ae009,2017-11-01T08:45:14.000Z,0.00336,0xfd0fe438cf033aab2a6998a95f2614d231ab8e04,sell,0xdd974d5c2e2928dea5f71b9825b8b646686bd200,0xe32bf4e4a60739adeb4ca425390a546e8e9c5c703682ad0e50dad26322b61fc0
100,1.9938191606021334,0.006719170571229189,0x35aa8680b1ca1cc4256e618475f84f71ad161b52,2017-11-01T08:44:45.000Z,0.0033699999999999997,0xf208916c9ae317cb2254e09f7957d5b4d3a484c2,sell,0xdd974d5c2e2928dea5f71b9825b8b646686bd200,0x61514d88da2ccadbea1cc5edc6f41fc11f318322bbf8f66d87f2c902d3050f91
101,1651.2493425525822,5.564710284402202,0x35aa8680b1ca1cc4256e618475f84f71ad161b52,2017-11-01T08:43:32.000Z,0.00337,0x6c723da0e2243be0d60a23801c00039b98ce35d6,sell,0xdd974d5c2e2928dea5f71b9825b8b646686bd200,0xcd7c6361dadd1bcb5c3b089eaf32f23a7eec2ba69d9fb8ec0761a72df21f0f02
102,35.83051865306673,0.12074884786083488,0x35aa8680b1ca1cc4256e618475f84f71ad161b52,2017-11-01T08:41:50.000Z,0.00337,0x3efd9b0bd8e4595bc494539aca584821950106ee,sell,0xdd974d5c2e2928dea5f71b9825b8b646686bd200,0x4a97e9c5b2fc063653668a860e38aae272a2be17de3fcef4cebd47e35ad70ca7
103,73.83860033894926,0.25186427798075967,0xe1d5a7b6d824c49a71041d3a9a5f659dce33d856,2017-11-01T08:40:12.000Z,0.003411011,0x3efd9b0bd8e4595bc494539aca584821950106ee,sell,0xdd974d5c2e2928dea5f71b9825b8b646686bd200,0xd16db95150ab82296b97cf66f680f94a9a58c89cee4d1d0d144b976154b97d43
104,19,0.064828,0x7a1e82a8554ccc29275f5cd010de3668578bbc9f,2017-11-01T08:40:12.000Z,0.003412,0xfd0fe438cf033aab2a6998a95f2614d231ab8e04,sell,0xdd974d5c2e2928dea5f71b9825b8b646686bd200,0x07c64f2bbfc6d5f2b608abc6692d269699a0767e7cdfdf07220782c8a55f1e35
105,600,2.046606,0x6009502524cc23d9861056a1d2b2f89603b14bbc,2017-11-01T08:37:37.000Z,0.00341101,0x6c723da0e2243be0d60a23801c00039b98ce35d6,sell,0xdd974d5c2e2928dea5f71b9825b8b646686bd200,0x15a9a6d0cc96bc1c78f5999ac94f0622404391906bd8e331615b1639fca2c4cb
106,131.16139966105075,0.44739297701924036,0xe1d5a7b6d824c49a71041d3a9a5f659dce33d856,2017-11-01T08:37:09.000Z,0.003411011,0xb22d24c4100b9678c4fc07e49a40a5624c83f841,sell,0xdd974d5c2e2928dea5f71b9825b8b646686bd200,0x29203b8cc0c225a152e2067043d1fef1d8bea4faa43cf1d598f1e286916b34b1
107,4000,13.652,0xda896bd9e964386f7343414a646c8ef75d5ae009,2017-11-01T08:29:20.000Z,0.003413,0x44acce02491b7df3ed6e09795056030a7d9d1ae1,sell,0xdd974d5c2e2928dea5f71b9825b8b646686bd200,0x922b2f6773a89d01f7da4c53b5b6329421223138df524a14515bd896ca027a6c
108,1.8879361960923624,0.006721052858088809,0xba44c8c06f8c583beb59cc9c5d72267733d86d94,2017-11-01T08:27:43.000Z,0.0035599999999999994,0x34eec67ff1ae5febe8b32f6aa73f581ef410f2dd,sell,0xdd974d5c2e2928dea5f71b9825b8b646686bd200,0x9b8e322e81433f11ee97c9a263005c23d647200c1e65c393ca0f52a535b4af2c
109,300,1.068,0x0548dabca762c6032477cc91a7a83b3c3ac3ef93,2017-11-01T08:22:10.000Z,0.00356,0x6a912f36057ff7149c41c9140a30d5fe7cd1d7ff,buy,0xdd974d5c2e2928dea5f71b9825b8b646686bd200,0xf3e2ee3b0e4c7fcac3367587a22efb2d5c1b97580a80df33257b7e4f99677d17
110,40,0.1424,0xc4146f36ebd6aa1ffdb00c7c307f64bd195b11cd,2017-11-01T08:17:59.000Z,0.00356,0x6a912f36057ff7149c41c9140a30d5fe7cd1d7ff,buy,0xdd974d5c2e2928dea5f71b9825b8b646686bd200,0x1db243bb51edf36acd637d726df672586e4828d2038e3dcbe0f0517eeb38da1a
111,278,1.0008,0x610023fc494a3a1370f32637456c30897cb3233c,2017-11-01T08:09:09.000Z,0.0036,0x44acce02491b7df3ed6e09795056030a7d9d1ae1,buy,0xdd974d5c2e2928dea5f71b9825b8b646686bd200,0x5d29c41528566310c51bf92e24c3f8f3ea2d907c212ba86eb340e86455642fd5
112,400,1.4396,0x610023fc494a3a1370f32637456c30897cb3233c,2017-11-01T08:06:23.000Z,0.003599,0x47b64c800161cc82d81ca055a90ee5c5550ef11d,buy,0xdd974d5c2e2928dea5f71b9825b8b646686bd200,0x901281e4c72ef46f0a326ca49da7b8d84a54b917a5203455f97ee9f7a006ed75
113,350,1.25615,0x610023fc494a3a1370f32637456c30897cb3233c,2017-11-01T08:02:43.000Z,0.003589,0x47b64c800161cc82d81ca055a90ee5c5550ef11d,buy,0xdd974d5c2e2928dea5f71b9825b8b646686bd200,0xed368f7b71b1c256cfaa670c15fc9225903940a20b5f6a50de4aa0b0132a8f90
114,550,1.9605795,0x610023fc494a3a1370f32637456c30897cb3233c,2017-11-01T08:02:24.000Z,0.00356469,0xe9a839d0deb505cbd05afcb91a9f2fbf016e834c,buy,0xdd974d5c2e2928dea5f71b9825b8b646686bd200,0x34fbabe403b05d3d8d4ec72413753dc02625ecdafe8b041cfeaabb7b23fb2d78
115,200,0.712938,0x58057c958997be3cae93a3f174ec751e37a6357b,2017-11-01T08:00:58.000Z,0.00356469,0xe9a839d0deb505cbd05afcb91a9f2fbf016e834c,buy,0xdd974d5c2e2928dea5f71b9825b8b646686bd200,0x33a42541638518c83f503c3902de0db1f32796fdf34abccacca589eb2ba05195
116,279,0.994635,0x530ae1ece7d2ead637b15c52710f5b198fbd9f69,2017-11-01T07:54:57.000Z,0.003565,0x6a912f36057ff7149c41c9140a30d5fe7cd1d7ff,buy,0xdd974d5c2e2928dea5f71b9825b8b646686bd200,0x9c4560e70606fe53e0ec4da0e9322d13e6740c85cf3690b0321085b858490a33
117,1000,3.56,0x18c83199e6ab12ccfd2e0f35d7d3a8fda59eba90,2017-11-01T07:53:09.000Z,0.00356,0x4f9eab0394e41fc5d43f3bf99e92148399da77a3,buy,0xdd974d5c2e2928dea5f71b9825b8b646686bd200,0x11e6232cb97f3ea0f21103249d7abb293baebdd355ca235a063fcc8441b8110b
118,385.93570649537554,1.3758607936560139,0x2249189fb2eea9d8449196c09cc171a8cf3bac88,2017-11-01T07:17:17.000Z,0.003565,0x6a912f36057ff7149c41c9140a30d5fe7cd1d7ff,buy,0xdd974d5c2e2928dea5f71b9825b8b646686bd200,0x9986f13f5ad17e2696e531af118c20cf3f5526542d9f955cb34f4b4f402a1190
119,260,0.9269,0x7a1e82a8554ccc29275f5cd010de3668578bbc9f,2017-11-01T07:17:17.000Z,0.003565,0x6a912f36057ff7149c41c9140a30d5fe7cd1d7ff,buy,0xdd974d5c2e2928dea5f71b9825b8b646686bd200,0xda691e22042d4478f1169a6f799d558798d95954c6fce6c121cbcac1e9afc934
120,118.257,0.420994801743,0x297ac1d5b2ae89feff093956912d8da71be85002,2017-11-01T07:13:58.000Z,0.003559999,0xe300b3909aad54fd05e919e39f402c842e0037d3,buy,0xdd974d5c2e2928dea5f71b9825b8b646686bd200,0x0b94be02d7ba208fc5bfa6f052bf114bb9c22c10afec853a2a5065ed08157bf5
121,270,0.918,0xda390e00b63b110ab71bc31bf7d668e1deea8565,2017-11-01T07:03:01.000Z,0.0034,0x652fca110331cc13d210806ea8b210c14be23980,buy,0xdd974d5c2e2928dea5f71b9825b8b646686bd200,0xba280a196c414353160515dc09ea5d14a7bd74a5ed02a1c113b58750044357bf
122,87.72804306649387,0.29827534642607917,0x1761ac93c035dc0f5de7c557ee609c461c7d6a38,2017-11-01T07:02:38.000Z,0.0034,0x39aa35cbc1c40d147f95236799c32c0c5bd81e5e,sell,0xdd974d5c2e2928dea5f71b9825b8b646686bd200,0xe7d30013815ee3bd65518c8c752bb8eff512e5b5289dee727e1966ab01177df0
123,10,0.0356,0xba44c8c06f8c583beb59cc9c5d72267733d86d94,2017-11-01T06:53:18.000Z,0.00356,0xe300b3909aad54fd05e919e39f402c842e0037d3,sell,0xdd974d5c2e2928dea5f71b9825b8b646686bd200,0x50db2776d49ff77874a9a48b45e28dce90402af1443a6ca82a0d5bbea3636636
124,2.287,0.00814172,0xe6c92b9517a451e6479f307dc15998be0d221dab,2017-11-01T06:52:54.000Z,0.00356,0xe300b3909aad54fd05e919e39f402c842e0037d3,sell,0xdd974d5c2e2928dea5f71b9825b8b646686bd200,0x0e7295170606a60e3043107a33bf49f2d17ad8c7d07806dc9919347f1ee3467c
125,92.7126140248253,0.3300569059283781,0xe6c92b9517a451e6479f307dc15998be0d221dab,2017-11-01T06:51:51.000Z,0.00356,0x78cd811cbe7cbd320f36868ae33494c7eea39e08,sell,0xdd974d5c2e2928dea5f71b9825b8b646686bd200,0xc2a54527f030815e924abbad4665b4ec6c524ca08b940443c6fa1135f69a7e98
126,353.8261695155448,1.2596211634753394,0x2249189fb2eea9d8449196c09cc171a8cf3bac88,2017-11-01T06:49:40.000Z,0.00356,0x6a912f36057ff7149c41c9140a30d5fe7cd1d7ff,buy,0xdd974d5c2e2928dea5f71b9825b8b646686bd200,0xcfbbeea9615b05e6eb94dec3d339c648393ac3e8369699f8602effc667890e7a
127,93,0.33108,0x78cd811cbe7cbd320f36868ae33494c7eea39e08,2017-11-01T06:49:08.000Z,0.00356,0x6a912f36057ff7149c41c9140a30d5fe7cd1d7ff,buy,0xdd974d5c2e2928dea5f71b9825b8b646686bd200,0x90e91f9eced2762e1efac7b3a3a10bbcebe6562bf08b4ab338c738b4233d2dd9
128,100.31239876383212,0.3571121395992424,0x0cd2795a623adeb9370e2895e8d7526a6e4c556d,2017-11-01T06:48:42.000Z,0.00356,0x6a912f36057ff7149c41c9140a30d5fe7cd1d7ff,buy,0xdd974d5c2e2928dea5f71b9825b8b646686bd200,0xb6a07b2cdb3619cb5440139ad7f30b9cf86cc048e17c06601bdf281f836e3a5a
129,7.012361678795733,0.02517437842687668,0x44aef825664d535ef2d9ccab92b3d926f31ad535,2017-11-01T06:48:42.000Z,0.00359,0x0cd2795a623adeb9370e2895e8d7526a6e4c556d,sell,0xdd974d5c2e2928dea5f71b9825b8b646686bd200,0xb6a07b2cdb3619cb5440139ad7f30b9cf86cc048e17c06601bdf281f836e3a5a
130,92.76871697737015,0.3339673811185325,0x3e7321d013167e5d2a3b591bac90baf4c75839e5,2017-11-01T06:48:42.000Z,0.0036,0x0cd2795a623adeb9370e2895e8d7526a6e4c556d,sell,0xdd974d5c2e2928dea5f71b9825b8b646686bd200,0xb6a07b2cdb3619cb5440139ad7f30b9cf86cc048e17c06601bdf281f836e3a5a
131,0.23128302262984748,0.00083261888146745,0x3e7321d013167e5d2a3b591bac90baf4c75839e5,2017-11-01T06:48:42.000Z,0.003599999999999996,0x78cd811cbe7cbd320f36868ae33494c7eea39e08,sell,0xdd974d5c2e2928dea5f71b9825b8b646686bd200,0x0159caf64c8eeb8a843d993c324fdc9f9dbf9768c913ef32122e49581fe7600c
132,270,0.972,0x652fca110331cc13d210806ea8b210c14be23980,2017-11-01T06:48:42.000Z,0.0036,0x6a912f36057ff7149c41c9140a30d5fe7cd1d7ff,sell,0xdd974d5c2e2928dea5f71b9825b8b646686bd200,0xa99383a4a95db63face1d891a9e19b2f87859a46f940e093fbcfad639b29ea2a
133,1.9938191606021334,0.007157810786561658,0x44aef825664d535ef2d9ccab92b3d926f31ad535,2017-11-01T06:44:31.000Z,0.0035899999999999994,0x7c838d644d5b60a023afed7497c311fa78175a6d,sell,0xdd974d5c2e2928dea5f71b9825b8b646686bd200,0x48eb14c9ee23fc9d6fbe8d0b47a7bbbd267bfdff9338a2368c8e3559b0b99202
134,1.9938191606021334,0.007157810786561658,0x44aef825664d535ef2d9ccab92b3d926f31ad535,2017-11-01T06:43:41.000Z,0.0035899999999999994,0x7c838d644d5b60a023afed7497c311fa78175a6d,sell,0xdd974d5c2e2928dea5f71b9825b8b646686bd200,0x48eb14c9ee23fc9d6fbe8d0b47a7bbbd267bfdff9338a2368c8e3559b0b99202
135,1350,4.806,0x5898691c635c8dc13db8aea16ce928b985308750,2017-11-01T06:43:33.000Z,0.00356,0x6a912f36057ff7149c41c9140a30d5fe7cd1d7ff,sell,0xdd974d5c2e2928dea5f71b9825b8b646686bd200,0xfe3c4cadf03a92225f1f545cf15e128d717f493ffc84f6d102ce3e7fb514cc15
136,1.9938191606021334,0.007157810786561658,0x44aef825664d535ef2d9ccab92b3d926f31ad535,2017-11-01T06:42:01.000Z,0.0035899999999999994,0xd52dc3c632c1157783cc395c6697e9b167741755,sell,0xdd974d5c2e2928dea5f71b9825b8b646686bd200,0xb8757f8e1983d1226fbc225c1b169940d3b02cae7093b8ce9f4a4e9e27e838d3
137,952.1130325085207,3.3895223957303338,0x549d163be1135f593f5950d63f2d1d1676b895e5,2017-11-01T06:39:59.000Z,0.00356,0x6a912f36057ff7149c41c9140a30d5fe7cd1d7ff,buy,0xdd974d5c2e2928dea5f71b9825b8b646686bd200,0x8e10c32412ba90269d13755cf14d78ff5ddf489b1a44bde87eb4a28232b3eed0
138,140,0.4984,0xf6624f3bb88c951119e7b993e4a23b65cad928a4,2017-11-01T06:35:04.000Z,0.00356,0x6a912f36057ff7149c41c9140a30d5fe7cd1d7ff,buy,0xdd974d5c2e2928dea5f71b9825b8b646686bd200,0x5614bc4092883eaa1ad7ab4d2ca73d45ce47eb6da64df1546a619d05df27376a
139,572.0069118088272,2.036344606039425,0xb3bf8d2abc4087fb10f1e789bc1c44c4a707b685,2017-11-01T06:33:25.000Z,0.00356,0x6a912f36057ff7149c41c9140a30d5fe7cd1d7ff,buy,0xdd974d5c2e2928dea5f71b9825b8b646686bd200,0xaa7c4840846e073ab42649ac786b8326f0d11b7651da52702f2ae323d865c856
140,140,0.4998,0xfaad3fa824e65b13c898666e9cb061bf77c8938f,2017-11-01T06:16:44.000Z,0.00357,0x8375a41c445df074709eefa1f4aefee5b8b15c59,sell,0xdd974d5c2e2928dea5f71b9825b8b646686bd200,0xbee9f5100be3c5a8090b9f98d338669f9bbeb6a4c44f8aa3767a7ce01865e471
141,1000,3.59,0x14c32a94d825b0fbfc1a7024282f6bcaaa3082d1,2017-11-01T06:06:54.000Z,0.00359,0x1761ac93c035dc0f5de7c557ee609c461c7d6a38,buy,0xdd974d5c2e2928dea5f71b9825b8b646686bd200,0x9784ce1775f904d13bdbec0b42c04384953237b5c755c7ea23ce4199156ff162
142,2349.165,8.456994,0x14c32a94d825b0fbfc1a7024282f6bcaaa3082d1,2017-11-01T06:04:56.000Z,0.0036,0x6a912f36057ff7149c41c9140a30d5fe7cd1d7ff,buy,0xdd974d5c2e2928dea5f71b9825b8b646686bd200,0x42bc634a0575ea22510d90a010ee7638ece129eebc71bd64e6dd29b6e5330e28
143,30,0.1074,0x24cd10327f6f97aaf3270e70b256e424587168fd,2017-11-01T06:04:34.000Z,0.00358,0x1761ac93c035dc0f5de7c557ee609c461c7d6a38,sell,0xdd974d5c2e2928dea5f71b9825b8b646686bd200,0x872bc441b0a000cbb59f0a4d4ef26562e68f553ee45b2cb0cd40edd913e76b0d
144,20.925,0.062775,0x273a5d3e6721b9f5c1a6474f560c1334c63dda01,2017-11-01T06:03:07.000Z,0.003,0xba731793fe7ff79f04b01bfdcdca930684d005a8,buy,0xdd974d5c2e2928dea5f71b9825b8b646686bd200,0x2bd6d82382e461f6c7320009871113c8cc514d586bc8dbd7896f2aa44aa39a95
145,20.862225,0.06988845375,0xb3bf8d2abc4087fb10f1e789bc1c44c4a707b685,2017-11-01T06:03:07.000Z,0.00335,0x273a5d3e6721b9f5c1a6474f560c1334c63dda01,sell,0xdd974d5c2e2928dea5f71b9825b8b646686bd200,0x2bd6d82382e461f6c7320009871113c8cc514d586bc8dbd7896f2aa44aa39a95
146,200,0.7162,0x773b938a8cfb69af5203dd269a7c60d0ac1ae6c5,2017-11-01T06:01:47.000Z,0.003581,0xb3bf8d2abc4087fb10f1e789bc1c44c4a707b685,sell,0xdd974d5c2e2928dea5f71b9825b8b646686bd200,0x66b3e7c05f13e452e7d63d02c01d32861ca45d1a1d2b93cd7a3ac78c501a44e4
147,1,0.00365,0x422d7c1f2f04e7582163d1381a436516f4de3c2a,2017-11-01T06:00:52.000Z,0.00365,0x53a692e6256e8d39c5da83ffd248ff22d4927896,buy,0xdd974d5c2e2928dea5f71b9825b8b646686bd200,0x4eca08114601b683425a8562550ebe139d8de0af9001447d8bfbb3559bbad85f
148,382.9114747427662,1.3957123254373827,0xc53c099b03e3811d8b70cf27997f6c389db8de6d,2017-11-01T05:55:12.000Z,0.003645,0xb3bf8d2abc4087fb10f1e789bc1c44c4a707b685,buy,0xdd974d5c2e2928dea5f71b9825b8b646686bd200,0xcc7d81162c336eaf2004d61db5560b6c55226ed50959dd76e2268f24d33d9a9b
149,270,0.9855,0xf3738f2125990ec53dc7cf8268751195627b4c1b,2017-11-01T05:52:44.000Z,0.00365,0x53a692e6256e8d39c5da83ffd248ff22d4927896,buy,0xdd974d5c2e2928dea5f71b9825b8b646686bd200,0xb53206d940d22a8dd15fa90ea300105a6e1ad3cdeaab84b3e3d5b4877550ab60
150,903.1099135210316,3.233133490405293,0xe33a6a385696245f146eb04318198ca3bb551076,2017-11-01T05:52:00.000Z,0.00358,0xda390e00b63b110ab71bc31bf7d668e1deea8565,sell,0xdd974d5c2e2928dea5f71b9825b8b646686bd200,0x622b9d84876c6c35ed6dda8f4cb5be216e5ef506b2e0917df8f54270f3f366f9
151,99.69095803010667,0.3568936297477819,0xe33a6a385696245f146eb04318198ca3bb551076,2017-11-01T05:50:38.000Z,0.00358,0x55046f4c03f0b4bedd87fa1f14198be2aa8b47d7,sell,0xdd974d5c2e2928dea5f71b9825b8b646686bd200,0x332c7d7bfa1267952216353a6c31b2d2c6e7a17598b6aec82223e2e10f24326a
152,300,1.095,0x4b046462f323da7fbf160067a75e4438b270a221,2017-11-01T05:49:45.000Z,0.00365,0x53a692e6256e8d39c5da83ffd248ff22d4927896,buy,0xdd974d5c2e2928dea5f71b9825b8b646686bd200,0x46e578c11c4f51ab0480172e6414b6e93735224eb6b900d20999ceaf3c4ec2a3
153,400,1.46,0xc6939e988f4481b549ea7059cfcc42aab1f45bdb,2017-11-01T05:49:45.000Z,0.00365,0x53a692e6256e8d39c5da83ffd248ff22d4927896,buy,0xdd974d5c2e2928dea5f71b9825b8b646686bd200,0x8bcd031465167d0301035fbfa1f8f4c9a838aec376e8f40e239ae9fac9f0edc5
154,50,0.1795,0x14c32a94d825b0fbfc1a7024282f6bcaaa3082d1,2017-11-01T05:46:45.000Z,0.00359,0x30ad3b0451b2595263b68fd4e04e5c3d052d3698,buy,0xdd974d5c2e2928dea5f71b9825b8b646686bd200,0x0c4a4aa4a438f78474e06115d36e7e5d742469739b050ebfd74b33099aa3dceb
155,283,1.0188,0x14c32a94d825b0fbfc1a7024282f6bcaaa3082d1,2017-11-01T05:45:16.000Z,0.0036,0x405183b5c1e41004cd4f7ffd2ac9ceabbe499393,buy,0xdd974d5c2e2928dea5f71b9825b8b646686bd200,0x105d7133fbdf780dbdc768c20955e5c6c1488db02f18a246078686f1dba00281
156,600,2.13894,0xe33a6a385696245f146eb04318198ca3bb551076,2017-11-01T05:40:35.000Z,0.0035649,0x7ecf066f6c18bd578a40b399875bf1ffe600b6c6,buy,0xdd974d5c2e2928dea5f71b9825b8b646686bd200,0xed97e44f3ce4fd7ef0b4233000180c07d1c22259f60ec834b66b97cc39d46406
157,147.0940085734224,0.5265965506928522,0xe33a6a385696245f146eb04318198ca3bb551076,2017-11-01T05:39:12.000Z,0.00358,0x3efd9b0bd8e4595bc494539aca584821950106ee,sell,0xdd974d5c2e2928dea5f71b9825b8b646686bd200,0x4f16e8e1093552f3fd499f409a92bdfa198d2020bd4d975665b5dad033d349a9
158,5765.676398172393,20.641121505457168,0xe33a6a385696245f146eb04318198ca3bb551076,2017-11-01T05:39:03.000Z,0.00358,0xba7e1694f3d7c47e93813aecca907c74999bafac,sell,0xdd974d5c2e2928dea5f71b9825b8b646686bd200,0xa7fcf8061598df23cd34788edbc96ad0dad709430671ad810876da86324ddca1
159,20.925,0.0721494,0xba731793fe7ff79f04b01bfdcdca930684d005a8,2017-11-01T05:37:52.000Z,0.003448,0xeda204f5e3d2fb6df5f72d1b45fcd8d75465839d,buy,0xdd974d5c2e2928dea5f71b9825b8b646686bd200,0x083934067efba05102df7ea5a9da0c15b649c81825096ddedbe743bd3de7c2bd
160,150,0.522,0x5f7269f2171f05759a8946831c2300720391320c,2017-11-01T05:37:19.000Z,0.00348,0x3efd9b0bd8e4595bc494539aca584821950106ee,sell,0xdd974d5c2e2928dea5f71b9825b8b646686bd200,0xfbaf3f275a1a391898ecc480fb2ef96ec2238b82621621049d5e858e33718b84
161,1600,5.6,0xe33a6a385696245f146eb04318198ca3bb551076,2017-11-01T05:37:10.000Z,0.0035,0x6631db940b075a76569d0cfa51e4adfdf69c67a5,buy,0xdd974d5c2e2928dea5f71b9825b8b646686bd200,0x5e68011f594b68dcb8c157c15d13cdcf90d2f152c92414fe55f2b3237efc6a64
162,4271.410144508486,14.735890359459018,0xe33a6a385696245f146eb04318198ca3bb551076,2017-11-01T05:36:57.000Z,0.00344988888,0x9d2fa54678c46423f19c07115fb848e9e97763e0,buy,0xdd974d5c2e2928dea5f71b9825b8b646686bd200,0x3669157d8ec56c2cfbeb8082ca5543fc2169a1efbd26b6e77dea74aebdaffcd6
163,298,1.02806688624,0x3efd9b0bd8e4595bc494539aca584821950106ee,2017-11-01T05:36:32.000Z,0.00344988888,0x9d2fa54678c46423f19c07115fb848e9e97763e0,buy,0xdd974d5c2e2928dea5f71b9825b8b646686bd200,0x2bb9f3ac5519ce18bbe7634906ee0c38dc653ab28efca3c11e88216e81c539fa
164,5000,17.2494444,0x89c8154be5bd7899b15d93d47faf10877d36327e,2017-11-01T05:35:34.000Z,0.00344988888,0x9d2fa54678c46423f19c07115fb848e9e97763e0,buy,0xdd974d5c2e2928dea5f71b9825b8b646686bd200,0x733cc6e995688717843e30f9d2ae51affab6b9f619af391ff01506107dbc9f6b
165,500,1.72494444,0x80009cd3ac6446bfb1a7eeb876a2dbb5283c92a4,2017-11-01T05:34:28.000Z,0.00344988888,0x9d2fa54678c46423f19c07115fb848e9e97763e0,buy,0xdd974d5c2e2928dea5f71b9825b8b646686bd200,0x46437051327946aaa1c5f3a44314560302c58f654d6a9a6aab7ec251f10d4853
166,0.07780103302022412,0.000268404918668984,0xe33a6a385696245f146eb04318198ca3bb551076,2017-11-01T05:31:33.000Z,0.00344988888,0x9d2fa54678c46423f19c07115fb848e9e97763e0,buy,0xdd974d5c2e2928dea5f71b9825b8b646686bd200,0x8a49050b08fa8c20fb4640523db9a7ef3a748dd956db9e89d67c4ac0bc5cb786
167,1836.0087898385575,6.334026307646297,0xb3bf8d2abc4087fb10f1e789bc1c44c4a707b685,2017-11-01T05:31:33.000Z,0.00344988888,0x9d2fa54678c46423f19c07115fb848e9e97763e0,buy,0xdd974d5c2e2928dea5f71b9825b8b646686bd200,0xa8201c8649e120bfd40ce132a8a31031fd13052cb84d3d4942f411c5a0b584f1
168,780.4221622258679,2.6923697391685772,0xe33a6a385696245f146eb04318198ca3bb551076,2017-11-01T05:30:03.000Z,0.00344988888,0x9d2fa54678c46423f19c07115fb848e9e97763e0,buy,0xdd974d5c2e2928dea5f71b9825b8b646686bd200,0x5ce83c1d2e23ab34b348c9aa448d9064958f7b386ec0ad6c548a65304db74b86
169,1360,4.6918488768,0x917dfa3bb4533a228c99e9e193dde99c1cf89551,2017-11-01T05:29:58.000Z,0.00344988888,0x9d2fa54678c46423f19c07115fb848e9e97763e0,buy,0xdd974d5c2e2928dea5f71b9825b8b646686bd200,0xc744f15b4d57b0bd82fa22d6eb3e9114f0b1e88ba0bf405315016e04549ca5d6
170,2000,6.8798,0xe33a6a385696245f146eb04318198ca3bb551076,2017-11-01T05:28:54.000Z,0.0034399,0xda896bd9e964386f7343414a646c8ef75d5ae009,buy,0xdd974d5c2e2928dea5f71b9825b8b646686bd200,0x927d2465f529c29cbcce871140ecfbc814327e48aa3fd94ce8892e22a034d11b
171,2122,7.316656,0xe33a6a385696245f146eb04318198ca3bb551076,2017-11-01T05:27:55.000Z,0.003448,0x54409c45877a9877a724bdfc941dd5a16ac0f0c8,buy,0xdd974d5c2e2928dea5f71b9825b8b646686bd200,0x79406f8f5566cb0c88c14a1b05d4d60d1432f3f3d6ff93072c8eba9657ba894e
172,1000,3.44988888,0xe33a6a385696245f146eb04318198ca3bb551076,2017-11-01T05:27:55.000Z,0.00344988888,0x9d2fa54678c46423f19c07115fb848e9e97763e0,buy,0xdd974d5c2e2928dea5f71b9825b8b646686bd200,0xab29064ee9a011f3c244d4f75eaf0157cad9b716c90c3a87ac751b4ea2529e9f
173,28,0.096544,0xf3738f2125990ec53dc7cf8268751195627b4c1b,2017-11-01T05:25:18.000Z,0.003448,0x54409c45877a9877a724bdfc941dd5a16ac0f0c8,buy,0xdd974d5c2e2928dea5f71b9825b8b646686bd200,0x50f25f723f4179beadda09f75847bcae6dda43d15723870a5eef92251088bf59
174,5000,17.2494444,0x89c8154be5bd7899b15d93d47faf10877d36327e,2017-11-01T05:25:18.000Z,0.00344988888,0x9d2fa54678c46423f19c07115fb848e9e97763e0,buy,0xdd974d5c2e2928dea5f71b9825b8b646686bd200,0x03a8eba5bfcca0018ee3f15e6e80df8602c77f0b4558ccd616ea4bf8920f4e84
175,220,0.7589755536,0x05f376c5b261a1e245c46803a723462853c5f947,2017-11-01T05:23:15.000Z,0.00344988888,0x9d2fa54678c46423f19c07115fb848e9e97763e0,buy,0xdd974d5c2e2928dea5f71b9825b8b646686bd200,0x09350fcd252f3461261c5319587ffe15696e9e172b5a48ea6ad3db0e9ec745b7
176,190,0.6554788872,0x05f376c5b261a1e245c46803a723462853c5f947,2017-11-01T05:19:56.000Z,0.00344988888,0x9d2fa54678c46423f19c07115fb848e9e97763e0,buy,0xdd974d5c2e2928dea5f71b9825b8b646686bd200,0xc177ee9029bf038a4da3ebd61966af1b1fa7cc95a4431da623d2e21325a2c5bf
177,1475.0811023940685,5.088865892247439,0x204ea35e8374793d92cc7baa8d03bb68544a2f23,2017-11-01T05:19:45.000Z,0.00344988888,0x9d2fa54678c46423f19c07115fb848e9e97763e0,buy,0xdd974d5c2e2928dea5f71b9825b8b646686bd200,0x9efb45c1d8c7016c8e932606d69530e65ad21f7bc16db73b62e03679c0b41a6b
178,5000,17.2494444,0xb363a3d8b361347d82c5425c3158e7f156cea8fb,2017-11-01T05:19:39.000Z,0.00344988888,0x9d2fa54678c46423f19c07115fb848e9e97763e0,buy,0xdd974d5c2e2928dea5f71b9825b8b646686bd200,0xe546a5a009aa30a1d396080efd1b52571864a545341228b5c4a35364579fd6f7
179,2000,6.89598,0x204ea35e8374793d92cc7baa8d03bb68544a2f23,2017-11-01T05:17:30.000Z,0.00344799,0xda896bd9e964386f7343414a646c8ef75d5ae009,buy,0xdd974d5c2e2928dea5f71b9825b8b646686bd200,0x461f1e521b8140db4627c676a78e564c6f36333f32af557fa4f747df05a8153f
180,2000,6.896,0xf58dcfa3afb09a491be10a7e8aaf99afc9311df2,2017-11-01T05:14:01.000Z,0.003448,0xeda204f5e3d2fb6df5f72d1b45fcd8d75465839d,buy,0xdd974d5c2e2928dea5f71b9825b8b646686bd200,0x420fd45710298e8f5630780313cb6c3c4c74a98b801cf54289942087306e6579
181,634.9748322208452,2.189393221497474,0x3285de43ad6ad897cfdf0e48808b2aaca3df871d,2017-11-01T05:13:43.000Z,0.003448,0xeda204f5e3d2fb6df5f72d1b45fcd8d75465839d,buy,0xdd974d5c2e2928dea5f71b9825b8b646686bd200,0x137f44e6f752ad55e6c1e2879546afd964c62ed500b9d5c1cbe47adde5bac0fe
182,69,0.23804233272,0x93bf27a3512f28a4ce66ebd0bc0fc8dfd0602448,2017-11-01T05:12:15.000Z,0.00344988888,0x9d2fa54678c46423f19c07115fb848e9e97763e0,buy,0xdd974d5c2e2928dea5f71b9825b8b646686bd200,0xae87c6d652771c9fcb5e4ae36cf289b484cf3ca173a1298ed2c9f9d9a36b40e1
183,0.6079048990264474,0.00202432331375807,0xb20cc9af424a31f06f578ce55e01833cb3299cf2,2017-11-01T05:12:15.000Z,0.00333,0xbc1879b8c4f156fd55d97ab77db151388ff4eded,buy,0xdd974d5c2e2928dea5f71b9825b8b646686bd200,0xd7d79d8fc3d1bb94509f18e0ddb4a3dfb5232e4249813971d29d468b0dce70dc
184,3000,10.34966664,0x953bdfbda93d06f5d32e40080d699e252d44a0f8,2017-11-01T05:11:07.000Z,0.00344988888,0x9d2fa54678c46423f19c07115fb848e9e97763e0,buy,0xdd974d5c2e2928dea5f71b9825b8b646686bd200,0x2fdb6064fd23dd2e28f6c2989d0186d6805c7a5b9e683e3afe896b86935bb6be
185,1162.3588199070482,3.9636435758830344,0x953bdfbda93d06f5d32e40080d699e252d44a0f8,2017-11-01T05:09:32.000Z,0.00341,0x19ab61f87c3065a7a9c12f678fffd563bd0a8e9f,buy,0xdd974d5c2e2928dea5f71b9825b8b646686bd200,0x72e8dde1521bc7f84930933b95a6949de92f85f4c5f770dff04a52f8c29e6e8d
186,1783.6411800929518,6.082216424116965,0x5aa943321f5b22bcf7a7d09c7eab8137aa1b72f8,2017-11-01T05:08:13.000Z,0.00341,0x19ab61f87c3065a7a9c12f678fffd563bd0a8e9f,buy,0xdd974d5c2e2928dea5f71b9825b8b646686bd200,0xb9c61aecc05a326b964c6546463a3d908b7b4e64b9d6ce59cef5f30bc92eb14d
187,591.844,2.0122696,0xb3bf8d2abc4087fb10f1e789bc1c44c4a707b685,2017-11-01T05:07:39.000Z,0.0034,0xb09e4b177856c95003e806e2f07ddca38257df6d,buy,0xdd974d5c2e2928dea5f71b9825b8b646686bd200,0xa8356aeea1dff937c2182d851ddd140cfcd426f9ea47930ae54b5ee69bdde8d6
188,2162,7.365934,0xb3bf8d2abc4087fb10f1e789bc1c44c4a707b685,2017-11-01T05:07:16.000Z,0.003407,0xbf613f2fb893ea88f64f8feacfa36cb4842af7b1,buy,0xdd974d5c2e2928dea5f71b9825b8b646686bd200,0x8f2aefba6648f62222b153ebc7e1b50388641ee286152ab355010148de48d294
189,131,0.4454,0x93bf27a3512f28a4ce66ebd0bc0fc8dfd0602448,2017-11-01T05:06:54.000Z,0.0034,0x87d3da5a29e4f9813faa09a4a720b1c1610eafd8,buy,0xdd974d5c2e2928dea5f71b9825b8b646686bd200,0xae57628c2c6d584aa8ba4cb96db6d84945f0f386ebb7eedf36aed3fd7ff95baf
190,100,0.34,0x3285de43ad6ad897cfdf0e48808b2aaca3df871d,2017-11-01T05:03:29.000Z,0.0034,0x34eec67ff1ae5febe8b32f6aa73f581ef410f2dd,buy,0xdd974d5c2e2928dea5f71b9825b8b646686bd200,0xef0fc063a2b9b15c77a2766b8bec2e91a8f1dd44c695b746ce289d3f61b17dfc
191,2655.97452640392,9.054217160510964,0xeda204f5e3d2fb6df5f72d1b45fcd8d75465839d,2017-11-01T05:03:29.000Z,0.003409,0x335c0552eb130f3dfbe6efcb4d2895aed1e9938b,buy,0xdd974d5c2e2928dea5f71b9825b8b646686bd200,0x2243e404b1de15c03b25df34d78cadbb6ce601005ceb2673fc1104d22d474cee
192,2349.1651661250985,8.005954886154337,0x6a912f36057ff7149c41c9140a30d5fe7cd1d7ff,2017-11-01T05:02:42.000Z,0.003408,0xb09e4b177856c95003e806e2f07ddca38257df6d,buy,0xdd974d5c2e2928dea5f71b9825b8b646686bd200,0x2bef145e7aa83954d92bd9049d6752fb0b02685e6014fc95814178d307924aaf
193,50,0.16995,0x3dd434a613e6d7014ed25f1fd40e90f984a3291a,2017-11-01T05:01:34.000Z,0.003399,0x30ad3b0451b2595263b68fd4e04e5c3d052d3698,buy,0xdd974d5c2e2928dea5f71b9825b8b646686bd200,0x314a6e3db82bdd79d9646c870e7ab0adbecdbcd42c6faa8f4dbae9091055e3fb
194,76,0.254296,0x3dd434a613e6d7014ed25f1fd40e90f984a3291a,2017-11-01T05:00:17.000Z,0.003346,0x42a8c6d68a8b2ed41d98ce761882a3c8ca215eb2,buy,0xdd974d5c2e2928dea5f71b9825b8b646686bd200,0x2c01b4b2249fc9c533f2eac1c310c797af6c6f6b81a8ce7c6fbbfae2bbc076a1
195,72,0.240767928,0x3dd434a613e6d7014ed25f1fd40e90f984a3291a,2017-11-01T04:59:46.000Z,0.003343999,0x9fa1621d504640fe0bd3105252b66788c668223a,buy,0xdd974d5c2e2928dea5f71b9825b8b646686bd200,0x58228d873205da89e2b0e878eeab6def59a82ce332bbd69a7573b31fdb5ebf39
196,400,1.3632,0x273a5d3e6721b9f5c1a6474f560c1334c63dda01,2017-11-01T04:57:39.000Z,0.003408,0xb09e4b177856c95003e806e2f07ddca38257df6d,buy,0xdd974d5c2e2928dea5f71b9825b8b646686bd200,0xa5f95e96d20678534b854269ae5f202fdce80c06bc58b599dc616ed8e93f8ded
197,398.8,1.3958,0x3285de43ad6ad897cfdf0e48808b2aaca3df871d,2017-11-01T04:57:39.000Z,0.0035,0x273a5d3e6721b9f5c1a6474f560c1334c63dda01,sell,0xdd974d5c2e2928dea5f71b9825b8b646686bd200,0xa5f95e96d20678534b854269ae5f202fdce80c06bc58b599dc616ed8e93f8ded
198,745.6019067540209,2.493292776185446,0x47b64c800161cc82d81ca055a90ee5c5550ef11d,2017-11-01T04:54:34.000Z,0.003344,0xdd6d175523f04141484d8b4619a943afc880da28,buy,0xdd974d5c2e2928dea5f71b9825b8b646686bd200,0xa8ef7a3e6cd9b700d9ccd97c4c9e7f64225a823d62ddd2b73d2e0ff55af4b5a2
199,1035.417747017891,3.462436946027828,0xda390e00b63b110ab71bc31bf7d668e1deea8565,2017-11-01T04:53:43.000Z,0.003344,0xdd6d175523f04141484d8b4619a943afc880da28,buy,0xdd974d5c2e2928dea5f71b9825b8b646686bd200,0x35638f9ca9a8e9bbb0364658c6eebafc08efe0a587fea77bee94d76a24032008
200,1379.926536247037,4.613508388634718,0xda390e00b63b110ab71bc31bf7d668e1deea8565,2017-11-01T04:52:31.000Z,0.0033433,0xb3bf8d2abc4087fb10f1e789bc1c44c4a707b685,buy,0xdd974d5c2e2928dea5f71b9825b8b646686bd200,0xb4f5ac081b0e8ca97eb3b3cf8ba6fd49dc54231f427df91f036222c82116b89c
201,240,0.802392,0x6b8f546926d84de6a9d25eafc153c5a4f04b3a05,2017-11-01T04:51:15.000Z,0.0033433,0xb3bf8d2abc4087fb10f1e789bc1c44c4a707b685,buy,0xdd974d5c2e2928dea5f71b9825b8b646686bd200,0xb9db99bca68f226f934e168688e8203465e9e9258da5a89a382d493d6d67370a
202,2000,6.6866,0x54409c45877a9877a724bdfc941dd5a16ac0f0c8,2017-11-01T04:49:56.000Z,0.0033433,0xb3bf8d2abc4087fb10f1e789bc1c44c4a707b685,buy,0xdd974d5c2e2928dea5f71b9825b8b646686bd200,0x7eefd53d0e9063b77edf5d132c9cca17db4861e712fad65aaa16f4dd372fecdb
203,1060.073463752963,3.544143611365282,0xda390e00b63b110ab71bc31bf7d668e1deea8565,2017-11-01T04:49:56.000Z,0.0033433,0xb3bf8d2abc4087fb10f1e789bc1c44c4a707b685,buy,0xdd974d5c2e2928dea5f71b9825b8b646686bd200,0x3a68825b28ed76a387dc8148e4a32d656b4aa1a5a207111b46b2491c46f6ec25
204,150,0.4995,0x54409c45877a9877a724bdfc941dd5a16ac0f0c8,2017-11-01T04:49:37.000Z,0.00333,0xd81b0566f1fc9fd4f6bf1c1648442f81bb62d5cd,buy,0xdd974d5c2e2928dea5f71b9825b8b646686bd200,0x5149db6b2b4eb061051002d932517a938bed4e72a147e893db5034be6f188f53
205,100.01,0.32113211,0xb09e4b177856c95003e806e2f07ddca38257df6d,2017-11-01T04:49:37.000Z,0.003211,0xb4cb3491cfa6efa84bdaed36af02489737bbb4c9,buy,0xdd974d5c2e2928dea5f71b9825b8b646686bd200,0xcdcf5682708fe4fb4ba6175987ed0dfc61f777a5694f7c0f9b0d85b5e0212aff
206,3241,10.3712,0xb09e4b177856c95003e806e2f07ddca38257df6d,2017-11-01T04:48:32.000Z,0.0032,0xa3077d270085bc7b298274aed465aeda3a41c5d7,buy,0xdd974d5c2e2928dea5f71b9825b8b646686bd200,0x9bb6ebcfa89224de89b79017fbe17e868bc77c69593813ecd94229353e00db2e
207,1184.7060737786455,3.802906496829452,0x7ecf066f6c18bd578a40b399875bf1ffe600b6c6,2017-11-01T04:44:56.000Z,0.00321,0x54e716a91f7ca6bf037c7dacd4fa948949eda9ec,buy,0xdd974d5c2e2928dea5f71b9825b8b646686bd200,0xe6c3d3df0c6d30626d50c3ececb718808a97835659fa11c047c1b013fd01288d
208,100,0.32,0x773b938a8cfb69af5203dd269a7c60d0ac1ae6c5,2017-11-01T03:09:42.000Z,0.0032,0x0bad0d4699d16b6a9c1346be706b3de39fd0ad82,sell,0xdd974d5c2e2928dea5f71b9825b8b646686bd200,0x371a44eb429eeba839a092a44b2afdfd621459ee36a52926a152896f0dfb7799
209,148,0.444,0xb4da07ef8d6b38eece6306392247c60269884bb9,2017-11-01T03:02:00.000Z,0.003,0x0bad0d4699d16b6a9c1346be706b3de39fd0ad82,sell,0xdd974d5c2e2928dea5f71b9825b8b646686bd200,0x7315a6a074265061374c8e0d0faba8174efc21cca84b7ec1911084391e0ef8be
210,50,0.151,0x200c227e4227c4d24bbea017e4939e7c0053bccc,2017-11-01T03:01:47.000Z,0.00302,0x0bad0d4699d16b6a9c1346be706b3de39fd0ad82,sell,0xdd974d5c2e2928dea5f71b9825b8b646686bd200,0xe7ac6fd5d7b9cb0a28064773165d82e4f6d26c5ff9e9ff9adf4a7d23999b45a3
211,100,0.3020006,0x8398f28f8225515162157a0a33242ac51c4218f8,2017-11-01T03:01:35.000Z,0.003020006,0x0bad0d4699d16b6a9c1346be706b3de39fd0ad82,sell,0xdd974d5c2e2928dea5f71b9825b8b646686bd200,0x59469ef00fc4402cdf51b68035b70da1592c66e49c604e4f6336082f1058d027
212,179,0.540580895,0xc4c3f11db23126544b4bc14ab6a3e44abe90401e,2017-11-01T03:01:29.000Z,0.003020005,0x0bad0d4699d16b6a9c1346be706b3de39fd0ad82,sell,0xdd974d5c2e2928dea5f71b9825b8b646686bd200,0xba4d0b3ce30d547f9ad549d5ec92401446d6a5f858acdf9ed2a4e0102d5f9534
213,199.24539175197862,0.6375852536063316,0x2b6458e1212648878178b215d70e482c9159ef76,2017-11-01T02:45:02.000Z,0.0032,0xacd435884b803bb1847bc0e5a198400fe2bcaf1a,sell,0xdd974d5c2e2928dea5f71b9825b8b646686bd200,0x160e3d3e7579f9c8aef83a6c019828282a952d8e7557a76903f04c47c0634db6
214,14.102282922938889,0.04345061442528163,0xc4c3f11db23126544b4bc14ab6a3e44abe90401e,2017-11-01T01:23:24.000Z,0.0030811049999999998,0x2b23c11fc2ae4df661d7178ff15e296c34a0dcbf,sell,0xdd974d5c2e2928dea5f71b9825b8b646686bd200,0xe067960516f2d87408d53ec15b2e962de35816fafb8351cf7eb20b2d6ab9440d
215,3.5,0.1057,0x899ea500378febd2eb5082457fed8546c7d4b2a3,2017-11-01T01:23:07.000Z,0.0302,0x88650fdbfbb5c7933eb52008c4387050b963747d,buy,0xdd974d5c2e2928dea5f71b9825b8b646686bd200,0x38cf8af6790e0a87ff55b7a2e1ce1f0310d9978f4e70ba8134c142341550764e
216,149.541376601075,0.4607526831524552,0xc4c3f11db23126544b4bc14ab6a3e44abe90401e,2017-11-01T01:00:34.000Z,0.0030811049999999998,0xa2b16e3b6b64771396c925e61fefd851e757e38e,sell,0xdd974d5c2e2928dea5f71b9825b8b646686bd200,0x44de51162a811940577332132d6222abfc613459f5de761bb87afa183eb93f43
217,127.97395279800278,0.42794477018256855,0x07a2b0a6dda237e9689fb9ee5ad82564848219d5,2017-11-01T00:59:10.000Z,0.003343999,0x9fa1621d504640fe0bd3105252b66788c668223a,buy,0xdd974d5c2e2928dea5f71b9825b8b646686bd200,0xd974bbad961021f2d2aafd11c2e9db0d1363a1a508ab532b3d8bb62833ebf831
218,4.167,0.01294691067,0xd92ce5941305b7cf1e5cc5713b93db2b651a4fdf,2017-11-01T00:35:37.000Z,0.00310701,0x6c723da0e2243be0d60a23801c00039b98ce35d6,sell,0xdd974d5c2e2928dea5f71b9825b8b646686bd200,0xf84120e23a8413e062c92b2f010ed64e86935d301fc500cc20d5e4f1edd346e1
219,667.336,2.0687416,0x611126456fd038bd8984a33c494cea029ca93372,2017-11-01T00:35:23.000Z,0.0031,0x6c723da0e2243be0d60a23801c00039b98ce35d6,sell,0xdd974d5c2e2928dea5f71b9825b8b646686bd200,0xe715e3fc512016cb7dc9764a65c2753bbcb1fac72e50919bf9dbbf32cbf31598
220,78,0.2457,0xe96551d2f919069f45654e0f3037df0db513e580,2017-11-01T00:35:05.000Z,0.00315,0x6c723da0e2243be0d60a23801c00039b98ce35d6,sell,0xdd974d5c2e2928dea5f71b9825b8b646686bd200,0x551bb9be093f5ee9ff10f128ef8ee2357c196f068b65a56788dc0e27ade2bfee
221,0.00315,0.29925,0xe96551d2f919069f45654e0f3037df0db513e580,2017-11-01T00:26:41.000Z,95,0x273a5d3e6721b9f5c1a6474f560c1334c63dda01,sell,0xdd974d5c2e2928dea5f71b9825b8b646686bd200,0x8be96951bd1ef905439643f5e94d3c7a42bab842044d6ec648c6475658d12907
222,100,0.33,0x58057c958997be3cae93a3f174ec751e37a6357b,2017-11-01T00:20:41.000Z,0.0033,0x34eec67ff1ae5febe8b32f6aa73f581ef410f2dd,buy,0xdd974d5c2e2928dea5f71b9825b8b646686bd200,0x45b4e75243626000a377cebc591da23d3d187a74d5846eb4f72ecac201f95256
223,0.025,0.0000775,0x611126456fd038bd8984a33c494cea029ca93372,2017-10-31T23:48:45.000Z,0.0031,0x6f32259c9deb25f94f7a7719d92d94e5bf0ac2fa,sell,0xdd974d5c2e2928dea5f71b9825b8b646686bd200,0x1a9a2787060ea91c5cdca3ba79b9a18287f3897248129e7d40e14829a588fe07
224,252.21812381616988,0.7818761838301266,0x611126456fd038bd8984a33c494cea029ca93372,2017-10-31T23:47:27.000Z,0.0031,0x6f32259c9deb25f94f7a7719d92d94e5bf0ac2fa,sell,0xdd974d5c2e2928dea5f71b9825b8b646686bd200,0x301ef1f1d7ccfa938bde5209042a8159b85709ebf25df974ff9694c2559e3ed1
225,33,0.103950033,0x319112568bec6af88d43c258f36d94319bf1ac23,2017-10-31T23:46:08.000Z,0.003150001,0x6c723da0e2243be0d60a23801c00039b98ce35d6,sell,0xdd974d5c2e2928dea5f71b9825b8b646686bd200,0x506229b25417cdb936502bc2f89cb1018d3ee2fc4a9ab7e51c58cc54c9aeec80
226,317.75,1.0009125,0x035073c998938f0d504f6e3ac0ac4a11dd900f8c,2017-10-31T23:45:55.000Z,0.00315,0x6c723da0e2243be0d60a23801c00039b98ce35d6,sell,0xdd974d5c2e2928dea5f71b9825b8b646686bd200,0x5b6c98fa92643de89aa664d52f86084eabdc1b71fa69b0735616cd34b8e66c76
227,0.003032373018142681,0.000009400356356242,0x611126456fd038bd8984a33c494cea029ca93372,2017-10-31T23:29:34.000Z,0.0030999999999998975,0x65919f4824cf41db56c2b4acb6a29b19aaf600a5,sell,0xdd974d5c2e2928dea5f71b9825b8b646686bd200,0x0c25eacce2a87a89812fc370a8a2f970c4101c4757f277af974a6f1d7e062556
228,30.41773374498923,0.09429497460946662,0x611126456fd038bd8984a33c494cea029ca93372,2017-10-31T23:22:50.000Z,0.0031,0x65919f4824cf41db56c2b4acb6a29b19aaf600a5,sell,0xdd974d5c2e2928dea5f71b9825b8b646686bd200,0x8f635c7a98b0a7b4d87b5b074cbe8b24d41b2d27c34e26bf424f555bac8bb781
229,1930,5.993808,0x2559e8f91fce20a5436ae4d20e3b3cc736fbd8cf,2017-10-31T23:16:39.000Z,0.0031056,0x65919f4824cf41db56c2b4acb6a29b19aaf600a5,sell,0xdd974d5c2e2928dea5f71b9825b8b646686bd200,0x16ae141e4467952bac66138db26e2be317a4e1979a4c5bd948b3fa5ea2fbc887
230,100,0.3106,0x56b8930767dd80c0495f273af8a96e0f1cdcbe7a,2017-10-31T23:16:20.000Z,0.003106,0x65919f4824cf41db56c2b4acb6a29b19aaf600a5,sell,0xdd974d5c2e2928dea5f71b9825b8b646686bd200,0xa032078641fa84b504e6f08d20cf196cc21b7e5896012b7eac8fe4f3491e2d81
231,1,0.00315,0x69cc04e6543c55a19eff3f9eceb31f9b5bbf70e2,2017-10-31T23:09:11.000Z,0.00315,0x6c723da0e2243be0d60a23801c00039b98ce35d6,sell,0xdd974d5c2e2928dea5f71b9825b8b646686bd200,0x33e3a56170302b8093a8d235458ec832166268bf70a7e60e1f238f6575701d67
232,2,0.0063,0x33a08fb2b06d9e85b3cc39a03b8b2bd77f4549b6,2017-10-31T23:08:55.000Z,0.00315,0x6c723da0e2243be0d60a23801c00039b98ce35d6,sell,0xdd974d5c2e2928dea5f71b9825b8b646686bd200,0x14d8ab25207ea777e60cbdba540b1186ec8bd446222423a21178d7d009971bf1
233,45.83252202586747,0.1424021042595905,0xd92ce5941305b7cf1e5cc5713b93db2b651a4fdf,2017-10-31T23:08:01.000Z,0.00310701,0x6c723da0e2243be0d60a23801c00039b98ce35d6,sell,0xdd974d5c2e2928dea5f71b9825b8b646686bd200,0x5747273d8b8fa8a4aa99323bab796bfd4adc7916999c0697bf9698acc5a38ec5
234,200,0.62324,0x9fa1621d504640fe0bd3105252b66788c668223a,2017-10-31T23:06:26.000Z,0.0031162,0xbfb8bd5172c0ec7a31b472c0cc1d42313d4afe9b,sell,0xdd974d5c2e2928dea5f71b9825b8b646686bd200,0x0eea56b1a049310ac6c76d16dc3ebf758ec2c272cf0db5f02f0a3852b0c7cacb
235,53.03191016307051,0.1652527882910542,0x26af6b0e757054f09c254820205518023544e869,2017-10-31T23:06:26.000Z,0.003116101,0x6c723da0e2243be0d60a23801c00039b98ce35d6,sell,0xdd974d5c2e2928dea5f71b9825b8b646686bd200,0x32d4e034cba3c079009567f1715fba3fd393558f5107265832ab4748bddaef48
236,3,0.00945,0x0f450844288b83981234948bddb3ee71e88843c0,2017-10-31T23:04:33.000Z,0.00315,0x6c723da0e2243be0d60a23801c00039b98ce35d6,sell,0xdd974d5c2e2928dea5f71b9825b8b646686bd200,0x0d434821f02e58b9d862db647ff9d96c7e149ba28ee92fe72b400fc40c1f6ebc
237,10,0.0313,0x9c0f53b0dd0f04f3de23f433a9e20ee89d30e522,2017-10-31T23:04:33.000Z,0.00313,0x6c723da0e2243be0d60a23801c00039b98ce35d6,sell,0xdd974d5c2e2928dea5f71b9825b8b646686bd200,0xe5960b2633c9b826196d1fdcec9137ab932df567acc13edaccee5c431a2eb121
238,20,0.0624,0xdc89f0101aa9ad67854e05c4593a99532111f851,2017-10-31T23:04:33.000Z,0.00312,0x6c723da0e2243be0d60a23801c00039b98ce35d6,sell,0xdd974d5c2e2928dea5f71b9825b8b646686bd200,0x1a09aeb93cf6e72cebe46df92190602d2aef01e5a54f29b59124d1652c393b89
239,3,0.00945,0x50aa7ef4ebe3a5c27afbba116fc0bcc256c89320,2017-10-31T23:04:05.000Z,0.00315,0x6c723da0e2243be0d60a23801c00039b98ce35d6,sell,0xdd974d5c2e2928dea5f71b9825b8b646686bd200,0xa399d2fe63ca10e52a3d7780a9d195c54306f82e0039bdd08cf3a15b658f7fb0
240,513,1.66725,0xee6cf7c7129df2d2cd27e3c633f2fdbaea80cd71,2017-10-31T22:23:36.000Z,0.00325,0x9b4edb7442118a99fcccec01625060bcfa335eb1,buy,0xdd974d5c2e2928dea5f71b9825b8b646686bd200,0x0e347db766c4fb8a5055f469e467d0683e10e420caf1f55eaff4fdba125dabdc
241,313.42602631841294,0.9766671540368328,0x26af6b0e757054f09c254820205518023544e869,2017-10-31T21:55:09.000Z,0.003116101,0x52a561f94dded749051ee779dc0eaa020a4af74b,sell,0xdd974d5c2e2928dea5f71b9825b8b646686bd200,0x36ba5aeebcae67dafd7e3902d4da68eca3e9fcde523532c6e2b8866c5e166913
242,50.451,0.15740712,0x34eec67ff1ae5febe8b32f6aa73f581ef410f2dd,2017-10-31T21:53:26.000Z,0.00312,0x52a561f94dded749051ee779dc0eaa020a4af74b,sell,0xdd974d5c2e2928dea5f71b9825b8b646686bd200,0x4cd2dbeee851311e7927a1e9b0994db6f3772d8b1793b51da76b4d233a5fef8a
243,2,0.00631974,0x319112568bec6af88d43c258f36d94319bf1ac23,2017-10-31T21:44:38.000Z,0.00315987,0xc62ee64b7b19a8b72f9452a0287833925bfcc970,buy,0xdd974d5c2e2928dea5f71b9825b8b646686bd200,0x932b5101f5002a72ad3082bbd3139d87a7256cefeaf53a8f604bc8b70fc4dbc2
244,500,1.5755,0x236b51641779036caa134e8ddce110505e039b46,2017-10-31T21:42:29.000Z,0.003151,0x9b4edb7442118a99fcccec01625060bcfa335eb1,sell,0xdd974d5c2e2928dea5f71b9825b8b646686bd200,0x16e2305069a6ef67143682b8cd2be2f15107060e0eac1159e33ee1c1f7f07706
245,550.321,1.7610272,0x4213d9b38356c1bb9f552889bd5f05c36946173c,2017-10-31T21:42:20.000Z,0.0032,0x9b4edb7442118a99fcccec01625060bcfa335eb1,sell,0xdd974d5c2e2928dea5f71b9825b8b646686bd200,0xac687a39adf40addfd1578597919b023648fc91dfcb9ed2060dae878dd0dfa4a
246,43.98034622808791,0.147070277786726,0xb9a231201c33f8ee21a677ea8dcd7c529ec9b320,2017-10-31T20:55:07.000Z,0.003344,0xdd6d175523f04141484d8b4619a943afc880da28,buy,0xdd974d5c2e2928dea5f71b9825b8b646686bd200,0x95795acd32141fff5e3008db8683bbfc6c166afb9ecca98f839d98cdc92fe837
247,335,1.12024,0xb9a231201c33f8ee21a677ea8dcd7c529ec9b320,2017-10-31T20:51:47.000Z,0.003344,0xdd6d175523f04141484d8b4619a943afc880da28,buy,0xdd974d5c2e2928dea5f71b9825b8b646686bd200,0xa220d5a7e9b3fa57f3cae6c7777907bad8fdf7e25b152145bde2eeb1e7fbe777
248,1000,3.344,0xb9a231201c33f8ee21a677ea8dcd7c529ec9b320,2017-10-31T20:48:46.000Z,0.003344,0x00ea7a042e147404ea10a03083b9281494736b2b,buy,0xdd974d5c2e2928dea5f71b9825b8b646686bd200,0x2ee287c146ffef1c6f0cd9f223aa584fd89a4424deae8a97c111bf7c61e1a3e1
249,268.99997925957024,0.8954471309592574,0xb9a231201c33f8ee21a677ea8dcd7c529ec9b320,2017-10-31T20:48:20.000Z,0.0033288,0xb4cb3491cfa6efa84bdaed36af02489737bbb4c9,buy,0xdd974d5c2e2928dea5f71b9825b8b646686bd200,0xe230e87f5cb5eaa8ef0c9e9d9ff22a13d68fd222c14e251cefe017976430997e
250,120.207,0.4001450616,0xeba98cbfe57fdda09a9473b899892867ec9750d0,2017-10-31T20:35:48.000Z,0.0033288,0xb4cb3491cfa6efa84bdaed36af02489737bbb4c9,buy,0xdd974d5c2e2928dea5f71b9825b8b646686bd200,0xd3c706b3a2f4cd2b9eebce7a7b658a5ea98c1066786d1dc43f14172de410d85f
251,0.000000000030018324,0.000000000000099925,0xb9a231201c33f8ee21a677ea8dcd7c529ec9b320,2017-10-31T20:29:47.000Z,0.0033288001022308907,0xb4cb3491cfa6efa84bdaed36af02489737bbb4c9,buy,0xdd974d5c2e2928dea5f71b9825b8b646686bd200,0x5eede3dafab425b9f4244606b50a968fb6dbd3d5d6c10ec08b89c3e5ed727539
252,0.000000301110486361,0.000000001002336587,0xb9a231201c33f8ee21a677ea8dcd7c529ec9b320,2017-10-31T20:27:40.000Z,0.0033288000000049923,0xb4cb3491cfa6efa84bdaed36af02489737bbb4c9,buy,0xdd974d5c2e2928dea5f71b9825b8b646686bd200,0xfda12f0eb828c8e28f0b0632a3331f752c967f7315dee0dd0ffb4c4b1f9e2b55
253,0.003020439289257089,0.000010054438306079,0xb9a231201c33f8ee21a677ea8dcd7c529ec9b320,2017-10-31T20:26:16.000Z,0.0033288000000000007,0xb4cb3491cfa6efa84bdaed36af02489737bbb4c9,buy,0xdd974d5c2e2928dea5f71b9825b8b646686bd200,0x39bbed72f859381f5c0a477379623b6da1fc55d459828c4b707f5c87dd17d112
254,29.30914166085136,0.09379218422889044,0xdf51dfab651a74bd8ce4453c417280b4e40ec8b6,2017-10-31T20:06:36.000Z,0.0032001,0xe927ff4e95a314af3d891728b3c9aead0c2b11d9,sell,0xdd974d5c2e2928dea5f71b9825b8b646686bd200,0x4d72368660d69a4777bb07b2f306a88e7b9d04f8f35d07aed5ee0fa403b3ee34
255,20,0.04,0xe146142131ba3daa2751d0346df4e381711c411b,2017-10-31T19:49:26.000Z,0.002,0x56fa7a71f33e239dd76708cc767136e3b4aacd73,sell,0xdd974d5c2e2928dea5f71b9825b8b646686bd200,0x5c4702dfc7258f0af22bc82a905730546eef56bd818b76e7e0712fa7ea330d8a
256,49.67854478597879,0.1589713433151321,0x4213d9b38356c1bb9f552889bd5f05c36946173c,2017-10-31T19:47:09.000Z,0.0032,0x5bc9064b85862d017978a2614a9fe7110307b408,sell,0xdd974d5c2e2928dea5f71b9825b8b646686bd200,0xde417afb007d98a05712fc0317ed707f872df4ec4030561ab6f1f678af323786
257,49.54868538337432,0.15459189839612789,0x34eec67ff1ae5febe8b32f6aa73f581ef410f2dd,2017-10-31T19:31:39.000Z,0.00312,0xa2b16e3b6b64771396c925e61fefd851e757e38e,sell,0xdd974d5c2e2928dea5f71b9825b8b646686bd200,0xe4caa620b89e368408f61faf4fce8f059e316773f4319149184a8e7143d40762
258,100,0.32,0x51e90d46c1d41aaaa7cf5e0cc60c891dc437b326,2017-10-31T19:30:13.000Z,0.0032,0xa2b16e3b6b64771396c925e61fefd851e757e38e,sell,0xdd974d5c2e2928dea5f71b9825b8b646686bd200,0x9e329b7fbb09f2a8c6fde387c55f3f2666785ee65dfeb6caedf1e219fb1e0cc5
259,249.39209510097356,0.8304756766862419,0xa37afb192dc2c6a3baf278e3e373a1bb2cb73f51,2017-10-31T19:05:09.000Z,0.00333,0xbc1879b8c4f156fd55d97ab77db151388ff4eded,buy,0xdd974d5c2e2928dea5f71b9825b8b646686bd200,0x158fa06f6876bcd8716ca26a0bfb98c695613d3ea49c65218cd079d5e2887eb8
260,22.545813040831487,0.07034293668739425,0x34eec67ff1ae5febe8b32f6aa73f581ef410f2dd,2017-10-31T18:56:31.000Z,0.00312,0x56fa7a71f33e239dd76708cc767136e3b4aacd73,sell,0xdd974d5c2e2928dea5f71b9825b8b646686bd200,0xb62c602e46b31cd8348739e3b1145df892c905c0827498221a162dbf4705a489
261,32.781,0.10424358,0x57e2cd54f829a084aa4020fa365b6d5d1692f261,2017-10-31T18:54:55.000Z,0.00318,0x56fa7a71f33e239dd76708cc767136e3b4aacd73,sell,0xdd974d5c2e2928dea5f71b9825b8b646686bd200,0x356131d1b8630b60be051becbe57104a742e2738bef47df8137089b8c0dafcec
262,6.9806279422678585,0.02233801639588509,0x319112568bec6af88d43c258f36d94319bf1ac23,2017-10-31T18:45:22.000Z,0.003200001,0x1733e5828606d3c4c78312b0845e0ca2acfb645e,sell,0xdd974d5c2e2928dea5f71b9825b8b646686bd200,0x1d855c943aa78340beae72348d992dbe598e05d1c019eaf3c266b446bb29c98a
263,77.297,0.2473504,0x65693b9efd9ee1d45a43bc6687d48da4d8f01128,2017-10-31T18:42:48.000Z,0.0032,0x1733e5828606d3c4c78312b0845e0ca2acfb645e,sell,0xdd974d5c2e2928dea5f71b9825b8b646686bd200,0x4bea70e74b3409e09fdb473d1de2b610514e5055ec8c8abfb18647aeb6446316
264,199.38191606021334,0.6340344930714784,0x57e2cd54f829a084aa4020fa365b6d5d1692f261,2017-10-31T18:31:00.000Z,0.00318,0x3994b774754703e78b2f3e273cfd8978e7a984cb,sell,0xdd974d5c2e2928dea5f71b9825b8b646686bd200,0xcb37f4ac77a7eef9bbdb40159946371b6367572034502677034a1978006cb971
265,1095.6036287508723,3.5059316120027915,0x65693b9efd9ee1d45a43bc6687d48da4d8f01128,2017-10-31T18:27:12.000Z,0.0032,0x3df86cefaecfaa31be2f74f8f832cb4ef62b79f8,sell,0xdd974d5c2e2928dea5f71b9825b8b646686bd200,0xaebe5bc39e4951ac262051849d20aff8b75ba76ba05981a1f25c59696f8e9a58
266,327.0991547460973,1.0467172951875114,0x65693b9efd9ee1d45a43bc6687d48da4d8f01128,2017-10-31T18:15:00.000Z,0.0032,0x430c2a9bdb3a78307f76685401c64ed87a42955c,sell,0xdd974d5c2e2928dea5f71b9825b8b646686bd200,0xdd73ee81e39198b9718b921e04b5424f5ba287e67c83d49afa528633abf3251b
267,31.8,0.10335,0xdf51dfab651a74bd8ce4453c417280b4e40ec8b6,2017-10-31T18:13:52.000Z,0.00325,0x430c2a9bdb3a78307f76685401c64ed87a42955c,sell,0xdd974d5c2e2928dea5f71b9825b8b646686bd200,0xbc0d3bc86d4b8127e09f0ea4a94f08acaea78879b58d00ee2d36eb0cbcea19fe
268,1.9938191606021334,0.006479912271956933,0xdf51dfab651a74bd8ce4453c417280b4e40ec8b6,2017-10-31T17:29:42.000Z,0.00325,0x009a12d4290630bc01fd82516ac57c1dc6a9bcfb,sell,0xdd974d5c2e2928dea5f71b9825b8b646686bd200,0x24a719dac571fef57d7d5c686cffec999a0074b9ca196a5632e15717ec234952
269,0.014873638011751492,0.000048339323538192,0xdf51dfab651a74bd8ce4453c417280b4e40ec8b6,2017-10-31T17:02:19.000Z,0.0032499999999999764,0x26a7f4ab31d95cb549daaf4c0335bd7204581f05,sell,0xdd974d5c2e2928dea5f71b9825b8b646686bd200,0xbacaf4a1fa947c5a77680dfad1808fbadacc934d19d50e2eca166f979236a8dc
270,697.8368624590884,2.219121222619901,0x57e2cd54f829a084aa4020fa365b6d5d1692f261,2017-10-31T17:01:53.000Z,0.00318,0x5af7468a32651f26a4beb8718cae838d27a0cf65,sell,0xdd974d5c2e2928dea5f71b9825b8b646686bd200,0xd0420836133a5e0d2deaab5cad32f9a1c8d4199f322f1152abb288f051884208
271,300,0.99,0x31df6b9b0ec0403d9efd4fc1cb48eb34305dd7e8,2017-10-31T15:35:34.000Z,0.0033,0x4b7ef3c467974c144121f7952d2769cb18bd8656,sell,0xdd974d5c2e2928dea5f71b9825b8b646686bd200,0x87638eb093b339d17da9f4baf86337d5ff35f2af2014eb0d719b756035dd687b
272,60.69753026216082,0.18937629441794177,0x34eec67ff1ae5febe8b32f6aa73f581ef410f2dd,2017-10-31T14:59:06.000Z,0.00312,0x7c2001d5acf076226f55386f04c2f0f4fd9411cd,sell,0xdd974d5c2e2928dea5f71b9825b8b646686bd200,0x626e1621a657aafd3d07da8942dcd84cff9ebcf499e06813ffd5d68e6cca37a7
273,300,1.0041,0xd88a83b0a13d3cca6118985573ef142956aa0bce,2017-10-31T13:27:25.000Z,0.003347,0x73255d98f7ac75beb5397febd37db3b3650d8156,buy,0xdd974d5c2e2928dea5f71b9825b8b646686bd200,0xea36dcc6802a6fbd7dd64b5c5a2ed2c85a2761417b182bf7dba3cfdcc7ecdbbf
274,74.634,0.2388288,0xd88a83b0a13d3cca6118985573ef142956aa0bce,2017-10-31T13:26:13.000Z,0.0032,0x00515e4f8a5c52a526f48c3ea07238143e2c04fc,buy,0xdd974d5c2e2928dea5f71b9825b8b646686bd200,0x1a9e5864796974287baeef714210f6fb2638fede24641c1455b6c295aba62843
275,125.36521399047568,0.40743694546904596,0x15ee878a11e0a7e3ec2acb4d25b80ada784cc9fd,2017-10-31T13:11:23.000Z,0.00325,0x00515e4f8a5c52a526f48c3ea07238143e2c04fc,buy,0xdd974d5c2e2928dea5f71b9825b8b646686bd200,0x60e27c595512cd8e407cf57e4412ae4c56bef52a85043f4e8711c247013972e3
276,614.206,1.9654592,0x9ed225800f748aa8e06e03eccb927315a3f6438f,2017-10-31T12:39:43.000Z,0.0032,0x62042d10b3456601f13a3c6a05938801313909e2,buy,0xdd974d5c2e2928dea5f71b9825b8b646686bd200,0x87d326e02a39644fe618202d69645693a94fd2710e4b640b85e53f48165106ae
277,89.9,0.286781,0x34eec67ff1ae5febe8b32f6aa73f581ef410f2dd,2017-10-31T12:29:03.000Z,0.00319,0x3b96a30c23a81ec5c67533f8191aaf63d91d0a99,buy,0xdd974d5c2e2928dea5f71b9825b8b646686bd200,0x3fdd071585a204384c9c8fa6a13054748e863f43979c66ba385fb8c5115a542f
278,155.76712192204167,0.49845479015053334,0x6ad57a4961dd1ae2375beb0abd0ff9d9d0af9ca2,2017-10-31T12:29:03.000Z,0.0032,0x62042d10b3456601f13a3c6a05938801313909e2,buy,0xdd974d5c2e2928dea5f71b9825b8b646686bd200,0xdefb69396e541f7a0b2f137a161fff9f259bafb533894cd05a5918713f8062ae
279,150,0.5038815,0xba303246b843b24c509eaccc96b60dfa024c62df,2017-10-31T12:25:24.000Z,0.00335921,0x9fa1621d504640fe0bd3105252b66788c668223a,buy,0xdd974d5c2e2928dea5f71b9825b8b646686bd200,0x193147f5d57f6953d2e291ccd526eae624a5dc4f249c72b8287008a4eceb5365
280,59.99682235071279,0.19198983152228094,0x31cee7bba5952bb12f7f05f626f5b0fe0df08de7,2017-10-31T12:20:54.000Z,0.0032,0x62042d10b3456601f13a3c6a05938801313909e2,buy,0xdd974d5c2e2928dea5f71b9825b8b646686bd200,0x637d34228bfcfa4662eb272f4d7b1e3b7ba61441a0e57b6d5c06ba2c8401935a
281,61.5,0.1968,0xdf13d76cdc478b5098d1861068acaceda0f823a5,2017-10-31T12:20:48.000Z,0.0032,0x62042d10b3456601f13a3c6a05938801313909e2,buy,0xdd974d5c2e2928dea5f71b9825b8b646686bd200,0xce5749bee7da9feb4773277ded0cdd20a1c308d90ddff5476cc47c1df9fb92a3
282,611,2.02241,0xc0ad0dae29b6a7d52b05a5bd4225f283423ecc87,2017-10-31T12:09:21.000Z,0.00331,0x7e3d133519d9f83319315e058d622802f044b4e3,buy,0xdd974d5c2e2928dea5f71b9825b8b646686bd200,0x0c2651908442cea03426e0731b2b1f6019cec633752f83db530673712595ead0
283,8.006,0.0252189,0xdc89f0101aa9ad67854e05c4593a99532111f851,2017-10-31T12:07:57.000Z,0.00315,0x62042d10b3456601f13a3c6a05938801313909e2,sell,0xdd974d5c2e2928dea5f71b9825b8b646686bd200,0x437e7db0bafc3cf92b926fb4a4bcf281d9ecb122e84105a0e3e5dfecf9206e9a
284,1162,3.846218838,0xc0ad0dae29b6a7d52b05a5bd4225f283423ecc87,2017-10-31T12:07:17.000Z,0.003309999,0x00ea7a042e147404ea10a03083b9281494736b2b,buy,0xdd974d5c2e2928dea5f71b9825b8b646686bd200,0xe34e998d09f0fddb3719ee0e76970e0e6da4cb86ec87f7efa41183a99c9af8ff
285,3292.021956641678,10.373161185377928,0x335c0552eb130f3dfbe6efcb4d2895aed1e9938b,2017-10-31T12:06:23.000Z,0.003151,0x62042d10b3456601f13a3c6a05938801313909e2,sell,0xdd974d5c2e2928dea5f71b9825b8b646686bd200,0x90250dcc54b4b2eaf703550b83e422ddc9ad2553da4b8f7d6241d7e660de7bf5
286,150,0.4728,0xd81b0566f1fc9fd4f6bf1c1648442f81bb62d5cd,2017-10-31T12:06:11.000Z,0.003152,0x62042d10b3456601f13a3c6a05938801313909e2,sell,0xdd974d5c2e2928dea5f71b9825b8b646686bd200,0x7cbc4fb8c16403805718563dd370d7d24971f116a538cdbc672650994b21171a
287,50,0.1576005,0xd92ce5941305b7cf1e5cc5713b93db2b651a4fdf,2017-10-31T12:04:43.000Z,0.00315201,0x62042d10b3456601f13a3c6a05938801313909e2,sell,0xdd974d5c2e2928dea5f71b9825b8b646686bd200,0xe62c49751051e12a93bc9f981b22cd8a393997a8009242bba34cdd0b2d194ee3
288,0.093,0.000293043,0x335c0552eb130f3dfbe6efcb4d2895aed1e9938b,2017-10-31T09:01:28.000Z,0.003151,0x89a96d8addc734eb2278fd804f1b5e1d60869a81,sell,0xdd974d5c2e2928dea5f71b9825b8b646686bd200,0x3fc319fb82186fb26ca6d118da8c8c8bd1563aaec0950f590a3abf898892ff0a
289,934.7435204291329,2.9453768328721974,0x335c0552eb130f3dfbe6efcb4d2895aed1e9938b,2017-10-31T09:00:36.000Z,0.003151,0x89a96d8addc734eb2278fd804f1b5e1d60869a81,sell,0xdd974d5c2e2928dea5f71b9825b8b646686bd200,0x487e742841309e59cc0bafda0fef3e78103963d397aaaaf204c6fb6ad400174f
290,5,0.01605,0xa498f0b9e601121c646b9119025f8eb0decf0fc4,2017-10-31T08:58:57.000Z,0.00321,0x89a96d8addc734eb2278fd804f1b5e1d60869a81,sell,0xdd974d5c2e2928dea5f71b9825b8b646686bd200,0x16955b44abb3b65831a44555fa6ea698adda0bb2393b357a87b0ead34c5a6b13
291,145.74097572850405,0.46054148330207284,0xa747d60d89beafe9c4cbac634e09a584c7265460,2017-10-31T08:58:57.000Z,0.00316,0x89a96d8addc734eb2278fd804f1b5e1d60869a81,sell,0xdd974d5c2e2928dea5f71b9825b8b646686bd200,0x93b0ff05a45f12741f9e11afaae8e6cc1bf0dbdc45c915dc824a7388034f9a37
292,75.4,0.239772,0x34719de34a620e1a96258ba9185c2e3d06ec1699,2017-10-31T08:58:39.000Z,0.00318,0x89a96d8addc734eb2278fd804f1b5e1d60869a81,sell,0xdd974d5c2e2928dea5f71b9825b8b646686bd200,0xe2f613b1c3ebdfd056c54c3ab193f14d58d03ef12ef1beb07e1e90ef6bf0d921
293,27,0.0864,0xadb98ad7faae559e1123bcc06cffbcbde671a20e,2017-10-31T08:58:39.000Z,0.0032,0x89a96d8addc734eb2278fd804f1b5e1d60869a81,sell,0xdd974d5c2e2928dea5f71b9825b8b646686bd200,0x0f052ce4192f4825696b1606c45df192d75471b233c4148523581ecb430de508
294,172.896,0.5532672,0x0cef20bc71f9bb601649f92618e1e0dbb344c779,2017-10-31T08:58:28.000Z,0.0032,0x4b7ef3c467974c144121f7952d2769cb18bd8656,sell,0xdd974d5c2e2928dea5f71b9825b8b646686bd200,0x5d65edcfa9e5badb670ce09bfc6ce0900d6f567aff8ecca8c54198f01174b23d
295,295,0.944,0x0cef20bc71f9bb601649f92618e1e0dbb344c779,2017-10-31T06:26:22.000Z,0.0032,0x135c2f851f011734f41db51a072a076134bc5b08,buy,0xdd974d5c2e2928dea5f71b9825b8b646686bd200,0x6e8f515043245367972984f24663ccf1fbc3e19768e9dc29ac040dae8d7b36f5
296,100.559,0.3217888,0x2b6458e1212648878178b215d70e482c9159ef76,2017-10-31T06:13:42.000Z,0.0032,0x135c2f851f011734f41db51a072a076134bc5b08,buy,0xdd974d5c2e2928dea5f71b9825b8b646686bd200,0x771f250350ca485ec9afbdf80d19d8e95d8ca61e4af0cd1f17f363e4ea843d46
297,1551.440534343535,4.964609709899312,0x2c0602e496beb528c90ac9c7d783405ec4c0b46d,2017-10-31T05:36:20.000Z,0.0032,0x135c2f851f011734f41db51a072a076134bc5b08,buy,0xdd974d5c2e2928dea5f71b9825b8b646686bd200,0x174d51706326398a2184c5c1ea2573baa90d8c79e092a5b39d2f12ceb57e4b1d
298,215,0.688,0x3efd9b0bd8e4595bc494539aca584821950106ee,2017-10-31T05:23:25.000Z,0.0032,0x135c2f851f011734f41db51a072a076134bc5b08,buy,0xdd974d5c2e2928dea5f71b9825b8b646686bd200,0x2623682c03a38cc36cbc18b25bc1d6b7c8441334c46861bcc3798cc20a58986a
299,215,0.688,0x3efd9b0bd8e4595bc494539aca584821950106ee,2017-10-31T05:23:21.000Z,0.0032,0x135c2f851f011734f41db51a072a076134bc5b08,buy,0xdd974d5c2e2928dea5f71b9825b8b646686bd200,0x2623682c03a38cc36cbc18b25bc1d6b7c8441334c46861bcc3798cc20a58986a
300,0.1467484505564,0.000463725103758224,0xa747d60d89beafe9c4cbac634e09a584c7265460,2017-10-31T04:52:57.000Z,0.00316,0xe444a40689f51f63bcd29910622035707d533d29,sell,0xdd974d5c2e2928dea5f71b9825b8b646686bd200,0xf45d80400a3c39fef219c220c890a5ce574d784e98b2b79e0b89675a74d0c83a
301,306.9439974837847,0.9699430320487596,0xa747d60d89beafe9c4cbac634e09a584c7265460,2017-10-31T04:42:32.000Z,0.00316,0x3713ec1dc18a89f8d95ea7a2924fe12a7872fdee,sell,0xdd974d5c2e2928dea5f71b9825b8b646686bd200,0xd3faf45c96cf01f92dda560e0d216bfa6c36450dcdd1b8f9587499e07fc35974
302,52.16827833715482,0.16485175954540923,0xa747d60d89beafe9c4cbac634e09a584c7265460,2017-10-31T04:21:49.000Z,0.00316,0x2dd2fa545e53712d50fa4ae81743cce8bf560ab9,sell,0xdd974d5c2e2928dea5f71b9825b8b646686bd200,0x61e455f83bad2d29a5ac1322083d9d4680920eb9c678f37f9c6496cf63abbfac
303,20,0.0666,0x222b698ec70d6a89741e0a248b6bbf98c5e7f82c,2017-10-31T02:34:09.000Z,0.00333,0xc2d2cf16591277ff053e8deeb26bdb19968d11db,buy,0xdd974d5c2e2928dea5f71b9825b8b646686bd200,0xe2a756b7d73775c175449b555ea978326dfe6ced98a35bd1c950f0fedf5e41aa
304,1.9938191606021334,0.00628053035589672,0xdc89f0101aa9ad67854e05c4593a99532111f851,2017-10-31T02:25:12.000Z,0.00315,0x4006ac994f15608c57672335af43b470fb77f96f,sell,0xdd974d5c2e2928dea5f71b9825b8b646686bd200,0xda55915143eac253636b3e1d4c6cb378a64df845d32d43eb93e186c07636c88d
305,26.9165586681288,0.08397966304456186,0x34eec67ff1ae5febe8b32f6aa73f581ef410f2dd,2017-10-31T02:11:01.000Z,0.00312,0x882157699fa1f179df27fc3e39b4afca25f4c1fe,sell,0xdd974d5c2e2928dea5f71b9825b8b646686bd200,0x3fa79a8b3f6c9631f4e974ce26980b98417cae3752fa414b065865b97139879d
306,89.8400980288789,0.28030110585010215,0x34eec67ff1ae5febe8b32f6aa73f581ef410f2dd,2017-10-31T01:36:04.000Z,0.00312,0xb00548770ea87482f024cd4292a975fea72e8f01,sell,0xdd974d5c2e2928dea5f71b9825b8b646686bd200,0x3998a563ccb5881e70129594702ca9caacf20f0aba544c6149d81181450c3656
307,633.5420635185166,1.974181057672113,0x26af6b0e757054f09c254820205518023544e869,2017-10-31T00:29:03.000Z,0.003116101,0xa596a01acb9e36ae574495dced3922377abbbb74,sell,0xdd974d5c2e2928dea5f71b9825b8b646686bd200,0x746dcdedbe3fcb4f57ae1158adc38d3b4ae0c2a22491ea9f827652aee804630e
308,93,0.29295,0x259fd04930947f4c12484d06e7251fcb38b57731,2017-10-31T00:27:28.000Z,0.00315,0xa596a01acb9e36ae574495dced3922377abbbb74,sell,0xdd974d5c2e2928dea5f71b9825b8b646686bd200,0xe98e2aa78eeac1c86cddd7c4703bab70798e124da8a47952fd282e7a7c0a411b
309,111.882,0.3524283,0xbe4736749ef1e1c1e686bb161fb17cdd4aea563e,2017-10-31T00:26:48.000Z,0.00315,0xa596a01acb9e36ae574495dced3922377abbbb74,sell,0xdd974d5c2e2928dea5f71b9825b8b646686bd200,0xb254cc9346749ee3c65d1ea3a87a680fd569c63426f28fb8080edc22a21c30d9
310,0.07975276642408534,0.000251221214235868,0xbe4736749ef1e1c1e686bb161fb17cdd4aea563e,2017-10-30T23:55:36.000Z,0.00314999999999999,0x98b31d397cb7ecffe83167cef2c9f13e9722071e,sell,0xdd974d5c2e2928dea5f71b9825b8b646686bd200,0x898b3faaca3d3a15d44a1a59383419d9de2c8772c613cce1a7b4bd0e9cc31486
311,992,3.261696,0x7f9354eb6af29ebe56dc5cecbe729b80e97c954f,2017-10-30T21:47:17.000Z,0.003288,0x892a4f517a4cd97e90be251d8ac36556382ab74d,buy,0xdd974d5c2e2928dea5f71b9825b8b646686bd200,0xf68c3c833246e1b907a4673406680ad2a782f20eaf2a5c1221fe807e9cb5c5db
312,966.6749226,3.1784271455088,0x7f9354eb6af29ebe56dc5cecbe729b80e97c954f,2017-10-30T21:46:54.000Z,0.003288,0x004488918136232ee03485ddbf3a61fd72e96d43,buy,0xdd974d5c2e2928dea5f71b9825b8b646686bd200,0x188630d228533e1fdd03f03509004046408c81494d0ba7e6dce14e7624589d30
313,54.583790250224304,0.17193893928820655,0x73255d98f7ac75beb5397febd37db3b3650d8156,2017-10-30T21:37:06.000Z,0.00315,0xfd814286bf500306a07fa7d9327d0bd75c9e1b8c,sell,0xdd974d5c2e2928dea5f71b9825b8b646686bd200,0x1a822c426799f936b7358da1231f9190c92a2c7b8edc3b6fd30f45d923ecea1f
314,50,0.165,0xe9b2082778aebada738bd54a866c7ddd5bdbd487,2017-10-30T21:33:08.000Z,0.0033,0x4b7ef3c467974c144121f7952d2769cb18bd8656,sell,0xdd974d5c2e2928dea5f71b9825b8b646686bd200,0x5a551122ed27f4d9371da21e78ce8740a32a698e3216b11506b8c989ae06c0f0
315,5388,18.24732408,0x7f9354eb6af29ebe56dc5cecbe729b80e97c954f,2017-10-30T21:26:41.000Z,0.00338666,0x66c5b4bcd68edfa7d757d1d4ddba4e5f941e8b30,buy,0xdd974d5c2e2928dea5f71b9825b8b646686bd200,0x078dee3c42bccec1d95fe60928d8060b17ffa68457756886d48a1b7042290677
316,4.725451710993551,0.014885172889629684,0x73255d98f7ac75beb5397febd37db3b3650d8156,2017-10-30T20:56:43.000Z,0.00315,0x65919f4824cf41db56c2b4acb6a29b19aaf600a5,sell,0xdd974d5c2e2928dea5f71b9825b8b646686bd200,0xea2497ed75a600b78e9852ecd5406a5060fe1cd33cbcc083a4c63ec4e58a363c
317,200,0.63,0x73255d98f7ac75beb5397febd37db3b3650d8156,2017-10-30T20:56:43.000Z,0.00315,0xe927ff4e95a314af3d891728b3c9aead0c2b11d9,sell,0xdd974d5c2e2928dea5f71b9825b8b646686bd200,0x0f1b3d5e79a1742af16dfb152a4206c9ee7eda54d693cfd3c4373456af3dd635
318,420,1.323,0x73255d98f7ac75beb5397febd37db3b3650d8156,2017-10-30T20:54:53.000Z,0.00315,0x65919f4824cf41db56c2b4acb6a29b19aaf600a5,sell,0xdd974d5c2e2928dea5f71b9825b8b646686bd200,0x789a7adc20f6fbe7cb05b7bc7b255fcd828a1ac051da591f84f98398463c6c51
319,212.3,0.6687450002123,0x3ec6732676db7996c1b34e64b0503f941025cb63,2017-10-30T20:54:53.000Z,0.003150000001,0x65919f4824cf41db56c2b4acb6a29b19aaf600a5,sell,0xdd974d5c2e2928dea5f71b9825b8b646686bd200,0xd2760b3de257ecc49273075a3ec575aba5e9175529f4087d18824633b7ed6d16
320,21,0.0672,0xadb98ad7faae559e1123bcc06cffbcbde671a20e,2017-10-30T20:54:48.000Z,0.0032,0x65919f4824cf41db56c2b4acb6a29b19aaf600a5,sell,0xdd974d5c2e2928dea5f71b9825b8b646686bd200,0x3eb0156b657f8a7f363b19367c07768da03699d63c5e5ca1ef376794920924c4
321,30,0.097455,0xe927ff4e95a314af3d891728b3c9aead0c2b11d9,2017-10-30T20:36:45.000Z,0.0032485,0x73255d98f7ac75beb5397febd37db3b3650d8156,buy,0xdd974d5c2e2928dea5f71b9825b8b646686bd200,0x285cfa5f0ebf61ecee612e1fac1e50f0efb1da581c31affd4ab6c3e9e3d4df84
322,200,0.6497,0xe927ff4e95a314af3d891728b3c9aead0c2b11d9,2017-10-30T20:18:47.000Z,0.0032485,0x004488918136232ee03485ddbf3a61fd72e96d43,buy,0xdd974d5c2e2928dea5f71b9825b8b646686bd200,0xa23ea3e8b98956c7f4f8798b3d56cb6943d5216b23cb6b68fad3859c89132fb2
323,0.008741976736493772,0.000027537226728697,0x3ec6732676db7996c1b34e64b0503f941025cb63,2017-10-30T20:15:36.000Z,0.003150000000999959,0x260582bbefdcd6cf969618aec6ac760379360081,sell,0xdd974d5c2e2928dea5f71b9825b8b646686bd200,0x6766939c9e945e6a6061e43749b2826ec2de7d6a0a72ef76cc54b489f45ff15b
324,87.69076864376902,0.27622592131556317,0x3ec6732676db7996c1b34e64b0503f941025cb63,2017-10-30T20:13:16.000Z,0.003150000001,0x260582bbefdcd6cf969618aec6ac760379360081,sell,0xdd974d5c2e2928dea5f71b9825b8b646686bd200,0x747034817fc399fcd9efc18fe8fadabcc156bdb1bdda8f54cc83372b0f68b368
325,87.69076864376902,0.27622592131556317,0x3ec6732676db7996c1b34e64b0503f941025cb63,2017-10-30T20:13:00.000Z,0.003150000001,0x260582bbefdcd6cf969618aec6ac760379360081,sell,0xdd974d5c2e2928dea5f71b9825b8b646686bd200,0x747034817fc399fcd9efc18fe8fadabcc156bdb1bdda8f54cc83372b0f68b368
326,2,0.00672,0xd2ea382e498316d91b9de8557670149b479721a0,2017-10-30T20:07:25.000Z,0.00336,0x50aa7ef4ebe3a5c27afbba116fc0bcc256c89320,buy,0xdd974d5c2e2928dea5f71b9825b8b646686bd200,0x37b20ee47aafb7c6c78845a75c0cc1e4a9de371d1daf34000e4705c24142c006
327,1.994,0.013958,0xadb98ad7faae559e1123bcc06cffbcbde671a20e,2017-10-30T20:07:25.000Z,0.007,0xd2ea382e498316d91b9de8557670149b479721a0,sell,0xdd974d5c2e2928dea5f71b9825b8b646686bd200,0x37b20ee47aafb7c6c78845a75c0cc1e4a9de371d1daf34000e4705c24142c006
328,273.05,0.887002925,0xe3600d44bc0b7696f50a23fe604c5d935386cace,2017-10-30T20:04:35.000Z,0.0032485,0x004488918136232ee03485ddbf3a61fd72e96d43,buy,0xdd974d5c2e2928dea5f71b9825b8b646686bd200,0x680b800a4ec9d458b413edd2c513ca68796c427533fd5d014af716d3c6995620
329,0.01,0.000032485,0x0c4085d8e714ca77ac5f46cd2b80a92d238a7cd3,2017-10-30T19:59:39.000Z,0.0032485,0x004488918136232ee03485ddbf3a61fd72e96d43,buy,0xdd974d5c2e2928dea5f71b9825b8b646686bd200,0x341a2ac4e2e26bd82fcfaf051f9cfeca57f1b32307b6219b420d37fe46a394be
330,2,0.006776,0xadb98ad7faae559e1123bcc06cffbcbde671a20e,2017-10-30T19:55:30.000Z,0.003388,0xd9399ad05132333e8fa7fc518c2f2a1cabef1a9e,buy,0xdd974d5c2e2928dea5f71b9825b8b646686bd200,0x382881f4a8f8bdb2120cfca6e24facf00a0b482d7e033c66b80087a34f3ee71e
331,31,0.099975,0xf379ef555f1e7e93ed3d14095189e463df451820,2017-10-30T19:16:32.000Z,0.003225,0x004488918136232ee03485ddbf3a61fd72e96d43,buy,0xdd974d5c2e2928dea5f71b9825b8b646686bd200,0xd7de4f91ac499f4f781954ac81553ef58491e0fbc7232c3993bf56d566a0df87
332,400,1.28,0x0963ed7b09b434e4111550e5af63abf90fe11d51,2017-10-30T19:04:48.000Z,0.0032,0x4b7ef3c467974c144121f7952d2769cb18bd8656,sell,0xdd974d5c2e2928dea5f71b9825b8b646686bd200,0x3623393fd081aa52b6848880098b052bc8e00c96216d0934293c4c7e027ef1d6
333,969,3.125025,0x60f2958f839541edf0d94e7f86b08c37c5bb618e,2017-10-30T18:11:30.000Z,0.003225,0x004488918136232ee03485ddbf3a61fd72e96d43,buy,0xdd974d5c2e2928dea5f71b9825b8b646686bd200,0x2f9d816076fa1546d6d6df6db1b22296786907377acc4bf35ea7fa8bde11a7aa
334,36,0.1134,0xe3600d44bc0b7696f50a23fe604c5d935386cace,2017-10-30T18:00:17.000Z,0.00315,0xe5c5f7b4e7d4a86da73bb6a3e7fde89a9e8f1041,sell,0xdd974d5c2e2928dea5f71b9825b8b646686bd200,0x2b06121b60b34cc198ac8580d827ea49a653c4dac9999def18531381f681edc9
335,951.398422401856,3.0906177751724293,0x35c9ebc6122ccdc61303bc7b5adce06cd3ad1711,2017-10-30T17:02:52.000Z,0.0032485,0x73255d98f7ac75beb5397febd37db3b3650d8156,buy,0xdd974d5c2e2928dea5f71b9825b8b646686bd200,0x99006ee9ff34a279fce5467c6d251b2af58c8993eda404b329ece9883f207b7f
336,132.03805636201957,0.4159198775403617,0xbe4736749ef1e1c1e686bb161fb17cdd4aea563e,2017-10-30T16:28:54.000Z,0.00315,0x7b663f5f0fd7c68d156d0426f6f940dd6ac308ca,sell,0xdd974d5c2e2928dea5f71b9825b8b646686bd200,0x00c6fce502c18267770cac9ce2e38088a533384958600f989f97f5bd97e21b35
337,730,2.39075,0x6f966b366eb4f38c4833c4d13d07dc6c81199b9d,2017-10-30T15:47:11.000Z,0.003275,0x73255d98f7ac75beb5397febd37db3b3650d8156,buy,0xdd974d5c2e2928dea5f71b9825b8b646686bd200,0x81ccba046d952c7a258a6fffa791e4ca557fdcadff49203d8faa36a80da0a446
338,10,0.03288,0x58e3c837eb25a2e33c02b25ec9fc8c3debdbf7fb,2017-10-30T15:28:55.000Z,0.003288,0x892a4f517a4cd97e90be251d8ac36556382ab74d,buy,0xdd974d5c2e2928dea5f71b9825b8b646686bd200,0x828c6107867148fdbaab6c0602cab07dd9052039e774c6f567d42a278ddb1898
339,1000,3.2,0x73255d98f7ac75beb5397febd37db3b3650d8156,2017-10-30T13:45:48.000Z,0.0032,0x81b98df88c8806c64d42360f56ccbf254a65421a,buy,0xdd974d5c2e2928dea5f71b9825b8b646686bd200,0xa6376aa1beea5601222053326395cca3de5a88dcb68871b5202026a5ff70df4f
340,43.8123556615049,0.1514496748035769,0x98b8f889dbe2b5c4c5879f65e13b24012f2afdce,2017-10-30T13:32:33.000Z,0.00345678,0x273a5d3e6721b9f5c1a6474f560c1334c63dda01,sell,0xdd974d5c2e2928dea5f71b9825b8b646686bd200,0x4eca9d6835e720af549619611c92117e3807f47e5365a295e1de0f7a9f3aca7f
341,99.70045017616998,0.34464252215998087,0x98b8f889dbe2b5c4c5879f65e13b24012f2afdce,2017-10-30T13:32:33.000Z,0.00345678,0x273a5d3e6721b9f5c1a6474f560c1334c63dda01,sell,0xdd974d5c2e2928dea5f71b9825b8b646686bd200,0x5db029d127d2ffea6f5994c1fb3041c32df0cd22321a07a1fd56eadd45a1a2be
342,43.94418822618345,0.14892685389853572,0x273a5d3e6721b9f5c1a6474f560c1334c63dda01,2017-10-30T13:32:33.000Z,0.003389,0x953d1111662196af36e9d387c0f909e14111fa76,buy,0xdd974d5c2e2928dea5f71b9825b8b646686bd200,0x4eca9d6835e720af549619611c92117e3807f47e5365a295e1de0f7a9f3aca7f
343,100.00045153076226,0.3397715341660709,0x273a5d3e6721b9f5c1a6474f560c1334c63dda01,2017-10-30T13:32:33.000Z,0.0033977,0xd81b0566f1fc9fd4f6bf1c1648442f81bb62d5cd,buy,0xdd974d5c2e2928dea5f71b9825b8b646686bd200,0x5db029d127d2ffea6f5994c1fb3041c32df0cd22321a07a1fd56eadd45a1a2be
344,393.815,1.3613318157,0x98b8f889dbe2b5c4c5879f65e13b24012f2afdce,2017-10-30T13:32:22.000Z,0.00345678,0x273a5d3e6721b9f5c1a6474f560c1334c63dda01,sell,0xdd974d5c2e2928dea5f71b9825b8b646686bd200,0x4ab03b7e90e03ef621944018984524a4ede18ea20d9547a6f34c4eaa0c84545b
345,395,1.31535,0x273a5d3e6721b9f5c1a6474f560c1334c63dda01,2017-10-30T13:32:22.000Z,0.00333,0x5bfb2eeb3585cc7a63a3e139e8fc13e9fb968bb8,buy,0xdd974d5c2e2928dea5f71b9825b8b646686bd200,0x4ab03b7e90e03ef621944018984524a4ede18ea20d9547a6f34c4eaa0c84545b
346,2859,9.363225,0xc9d56287b414e1aa0963016aa721b527f095fd9c,2017-10-30T13:32:22.000Z,0.003275,0x73255d98f7ac75beb5397febd37db3b3650d8156,buy,0xdd974d5c2e2928dea5f71b9825b8b646686bd200,0x5d4cfbc557d5559ee09564c4f5d001273b403fcfcac851fe0b916726336c0a25
347,2850.448654037886,9.853373898305085,0x98b8f889dbe2b5c4c5879f65e13b24012f2afdce,2017-10-30T13:32:22.000Z,0.00345678,0xc9d56287b414e1aa0963016aa721b527f095fd9c,sell,0xdd974d5c2e2928dea5f71b9825b8b646686bd200,0x5d4cfbc557d5559ee09564c4f5d001273b403fcfcac851fe0b916726336c0a25
348,85,0.272,0x946e154fb7e9576c7ce0806726ab5f009e37f388,2017-10-30T13:29:39.000Z,0.0032,0x004488918136232ee03485ddbf3a61fd72e96d43,sell,0xdd974d5c2e2928dea5f71b9825b8b646686bd200,0x599aafd54e051feb4953a31330368e4c837544686f46f4e13edb049b6083c911
349,348.7090352440518,1.0830902634680248,0x2559e8f91fce20a5436ae4d20e3b3cc736fbd8cf,2017-10-30T12:45:49.000Z,0.003106,0x826db6faa6512426ea39688faf6fd6fee3e70e88,sell,0xdd974d5c2e2928dea5f71b9825b8b646686bd200,0xee921c20b71c6005bb20666daa134f15e05e877cca2aaf358e3eae5bd57496ff
350,69.5,0.2210100695,0x1a2b90677f6481f80a0fd9468214a29163a94fb9,2017-10-30T12:41:10.000Z,0.003180001,0x826db6faa6512426ea39688faf6fd6fee3e70e88,sell,0xdd974d5c2e2928dea5f71b9825b8b646686bd200,0x41b9669877ac3270c0ac0327bc2eb87c8edc35b8ff392f65efc31dbd09ed06c1
351,271.24,0.843857774764,0x1804111464a198d8b0450bdbf7cb9fd65a903baf,2017-10-30T12:41:10.000Z,0.0031111111,0x826db6faa6512426ea39688faf6fd6fee3e70e88,sell,0xdd974d5c2e2928dea5f71b9825b8b646686bd200,0xa190456a7941cee251500f72d9106b76dc3af4051d37be8a0fb8aeea9ef4dba9
352,13.595468006771348,0.04472229200827435,0xf02913aba543137a8826fd457a8f8d97a2e5782b,2017-10-30T11:45:19.000Z,0.0032895,0x73255d98f7ac75beb5397febd37db3b3650d8156,buy,0xdd974d5c2e2928dea5f71b9825b8b646686bd200,0xf9087522e3f024c7dc11701dbf788ee568e1303cbcb19e32c4d3dd7a080b7f1d
353,245,0.8059275,0x5efdca26e7cbb98c4f23a46d7a724c6c9148d0cf,2017-10-30T11:15:54.000Z,0.0032895,0x73255d98f7ac75beb5397febd37db3b3650d8156,buy,0xdd974d5c2e2928dea5f71b9825b8b646686bd200,0xa63ba5df351ea7cd5d9a88b61ed43a91724375783eb11ae7dec061cfb5fa4d4f
354,2.0998893712630884,0.006824640456605037,0x1e10e42fd7449c5d7f3205d70c21f473274e39b0,2017-10-30T10:44:14.000Z,0.00325,0x4b7ef3c467974c144121f7952d2769cb18bd8656,buy,0xdd974d5c2e2928dea5f71b9825b8b646686bd200,0xeffb38cbbdfea455e1e914f3b6115b0915c2d405a07dbd154840f892843402b0
355,1.9938191606021334,0.006340344930714784,0x250392de9f508e84e47fc5a2b2d69e22ab7badeb,2017-10-30T10:42:13.000Z,0.00318,0x62b5eb093fce6dc00ecbc8e36e4514988c4ceee4,sell,0xdd974d5c2e2928dea5f71b9825b8b646686bd200,0xaf0df33fae2052db53c38a2e5a723881461ee639d99465ab16ba03d54697f3d2
356,106.76416669944086,0.3469835417731828,0xe121cb63c3f6e80eb2600532d43ebbad54ddb61a,2017-10-30T10:07:32.000Z,0.00325,0x4b7ef3c467974c144121f7952d2769cb18bd8656,buy,0xdd974d5c2e2928dea5f71b9825b8b646686bd200,0x5f242de2e5aacbea172870d3c32ed3819bb1b0a9bb95b5d56db7465baf54551a
357,200,0.65,0xe121cb63c3f6e80eb2600532d43ebbad54ddb61a,2017-10-30T10:06:27.000Z,0.00325,0x4b7ef3c467974c144121f7952d2769cb18bd8656,buy,0xdd974d5c2e2928dea5f71b9825b8b646686bd200,0x87cf88926faad342abcd37b50001f886fb48b8b94a89806fbbdf120072a6e980
358,79,0.2598626,0xe121cb63c3f6e80eb2600532d43ebbad54ddb61a,2017-10-30T09:38:42.000Z,0.0032894,0x53a692e6256e8d39c5da83ffd248ff22d4927896,buy,0xdd974d5c2e2928dea5f71b9825b8b646686bd200,0xaa592b98b0848f405d6c40b63a08e0e4e54833377eee7eed093cc02362d56d1b
359,15,0.04994985,0x5076025e1fc76826ef4bb6619c47041c4a13b7f8,2017-10-30T09:07:33.000Z,0.00332999,0x53a692e6256e8d39c5da83ffd248ff22d4927896,buy,0xdd974d5c2e2928dea5f71b9825b8b646686bd200,0xd0983c184f4907bf0a7cd177a58224a2f8e40efa5d235849baf1851b5c9e024f
360,27,0.08991,0x882157699fa1f179df27fc3e39b4afca25f4c1fe,2017-10-30T08:53:43.000Z,0.00333,0x53a692e6256e8d39c5da83ffd248ff22d4927896,sell,0xdd974d5c2e2928dea5f71b9825b8b646686bd200,0x403e4616be44849a5a68635eb988a11e8297c159cecf41fb750fc98bc8c7a6c7
361,213.58139766723158,0.6635974025520885,0xb35b013a8dc32735bbc276a695d2da273084340b,2017-10-30T08:21:29.000Z,0.003107,0x5b9ed8566bf6f9d5301ac5f9c240219c6fbe475d,sell,0xdd974d5c2e2928dea5f71b9825b8b646686bd200,0x15d9210a08182d0c7d6552155a66ee71e32a05277bc1dc9377ff7b84be2bb58e
362,35.5,0.110298855,0xd92ce5941305b7cf1e5cc5713b93db2b651a4fdf,2017-10-30T08:18:03.000Z,0.00310701,0x5b9ed8566bf6f9d5301ac5f9c240219c6fbe475d,sell,0xdd974d5c2e2928dea5f71b9825b8b646686bd200,0x9ee12744bf947484576cbe558c39715e5c1b4275ff2156c3142ec26377133de7
363,50,0.1553505,0xd81b0566f1fc9fd4f6bf1c1648442f81bb62d5cd,2017-10-30T08:17:30.000Z,0.00310701,0x5b9ed8566bf6f9d5301ac5f9c240219c6fbe475d,sell,0xdd974d5c2e2928dea5f71b9825b8b646686bd200,0x9b0180903dd1ff8fbfa2c6241b0033f7c82e2f7082d1b09db77070f07efa245c
364,200,0.6214022,0x036c13cfa0f7f37f864872e10f32209944490c53,2017-10-30T08:16:08.000Z,0.003107011,0x48d39db2608c16c981c8833821e564f71f9b75f5,sell,0xdd974d5c2e2928dea5f71b9825b8b646686bd200,0x9baa04d004e2685162c79cd9a1e55911114edeb5a4889b9dfe63df60c7f2bd0b
365,90,0.2997,0x4b046462f323da7fbf160067a75e4438b270a221,2017-10-30T07:54:29.000Z,0.00333,0x5bfb2eeb3585cc7a63a3e139e8fc13e9fb968bb8,buy,0xdd974d5c2e2928dea5f71b9825b8b646686bd200,0xcbcdba831603a5952b546ed159ee82463a5b1cec4021a4ddf9841a7ff4be8458
366,150,0.4995,0xf196983d532c72a4b7ba68916a76796b23cced48,2017-10-30T07:43:29.000Z,0.00333,0x5bfb2eeb3585cc7a63a3e139e8fc13e9fb968bb8,buy,0xdd974d5c2e2928dea5f71b9825b8b646686bd200,0x32f00a0feda31b98e7323f84931993f1ce8e46f217733a5cc5d8161893db2620
367,50,0.166,0x34f65e7c2045a7f75122caaffb2f1dc93c45468f,2017-10-30T07:39:39.000Z,0.00332,0xd81b0566f1fc9fd4f6bf1c1648442f81bb62d5cd,buy,0xdd974d5c2e2928dea5f71b9825b8b646686bd200,0x5f24ee1a9c8d3953a31de0098f4ff6283dffcb7c0eb85e7950f8d2c522291953
368,50,0.166,0x31df6b9b0ec0403d9efd4fc1cb48eb34305dd7e8,2017-10-30T07:31:30.000Z,0.00332,0xd81b0566f1fc9fd4f6bf1c1648442f81bb62d5cd,buy,0xdd974d5c2e2928dea5f71b9825b8b646686bd200,0xb015011e3f21b1fdcd66649044d420e180e9f74f93db5b7161dca9eebe9d695f
369,87,0.28971,0x00bd60856eed2a8f84626843c9bfe761190b3b92,2017-10-30T07:04:31.000Z,0.00333,0x5bfb2eeb3585cc7a63a3e139e8fc13e9fb968bb8,buy,0xdd974d5c2e2928dea5f71b9825b8b646686bd200,0x7cec09cda5c7713b76c258f5c775d2faa82bf9a2ebf9777d62c9f69ce83321d5
370,101,0.33532,0x31df6b9b0ec0403d9efd4fc1cb48eb34305dd7e8,2017-10-30T07:03:14.000Z,0.00332,0x1aff1e0f1d5f76f92145a278d8c31af9ade783dd,buy,0xdd974d5c2e2928dea5f71b9825b8b646686bd200,0xafcc29eeca3af43f4cfa492a7db40b4d0da09e7a7a6f9cec14cead9caebef754
371,50,0.1655,0xa24ec8917a1f703a3276668c0371b51d70d5f636,2017-10-30T06:42:04.000Z,0.00331,0xd81b0566f1fc9fd4f6bf1c1648442f81bb62d5cd,buy,0xdd974d5c2e2928dea5f71b9825b8b646686bd200,0x2a5a3350872f4be43b1acd02871277182f1f15bd9c60d3a42306c820346f34d5
372,62.384922737124164,0.19376763240643038,0xd81b0566f1fc9fd4f6bf1c1648442f81bb62d5cd,2017-10-30T05:22:37.000Z,0.003106001,0xa9c40fc90f1b6f0557d06dea84cd1bcaac727012,sell,0xdd974d5c2e2928dea5f71b9825b8b646686bd200,0x851d4d56551ccf2ea0f583fe9e975ebcf6af016bfcd50f3e204a65b179780345
373,179.443724454192,0.5573522081547204,0x2559e8f91fce20a5436ae4d20e3b3cc736fbd8cf,2017-10-30T05:21:09.000Z,0.003106,0xd7e4114d7b61c93f28f1c0d723ec686261bc2e6c,sell,0xdd974d5c2e2928dea5f71b9825b8b646686bd200,0x9bd7d58ca685d58e8f65a8a77226294339b0af6802dd8d29d91dd7ffb095206d
374,1.9938191606021334,0.006192804306649386,0xd81b0566f1fc9fd4f6bf1c1648442f81bb62d5cd,2017-10-30T05:19:53.000Z,0.0031060009999999997,0xa6e71bdc40952eb1c083e5ae4940d70886296724,sell,0xdd974d5c2e2928dea5f71b9825b8b646686bd200,0x0af9a2efd42f1fa411807dea8b68db7789bd84b83a93783a0e3aa8c0bf22774d
375,85.6212581022737,0.26593971328692023,0xd81b0566f1fc9fd4f6bf1c1648442f81bb62d5cd,2017-10-30T04:59:24.000Z,0.003106001,0x430c2a9bdb3a78307f76685401c64ed87a42955c,sell,0xdd974d5c2e2928dea5f71b9825b8b646686bd200,0x48bafc766686c989fde3fb377e56cb058f8457462d7283654a5f6f9b7993eedc
376,83.275,0.26065075,0x0ee143e5d52d70eead4cb0cb342d6210ee486b59,2017-10-30T04:58:40.000Z,0.00313,0x430c2a9bdb3a78307f76685401c64ed87a42955c,sell,0xdd974d5c2e2928dea5f71b9825b8b646686bd200,0xeda6fcda3a436cbc21d567d0915363cae2730aae84c523e3f787732864d1be01
377,30.497,0.09515064,0xec11362cec810985d0ebbd7b73451444985b369f,2017-10-30T04:58:40.000Z,0.00312,0x430c2a9bdb3a78307f76685401c64ed87a42955c,sell,0xdd974d5c2e2928dea5f71b9825b8b646686bd200,0x7be7c24b2a63e8a532a6275aa19590ad62a40f2a8a2d040ae814f180d6b6f0e7
378,150,0.4965,0x8092ef9c88a43e78045ecda3660ea330f90e5f85,2017-10-30T04:45:55.000Z,0.00331,0xd81b0566f1fc9fd4f6bf1c1648442f81bb62d5cd,buy,0xdd974d5c2e2928dea5f71b9825b8b646686bd200,0x5f7b1fb8cbebf30b4134a402e8c2cf90e72e928305c608178fd4b522fda68171
379,4,0.01328,0x769a9b5f2a57cbd83d577d73b9224c88c3a62006,2017-10-30T04:07:37.000Z,0.00332,0x1aff1e0f1d5f76f92145a278d8c31af9ade783dd,buy,0xdd974d5c2e2928dea5f71b9825b8b646686bd200,0xdd650f8b5d9394c8989d972c83e38b1416d94ec5bf59cee0d151e18d4a9e9066
380,0.000023907490396798,0.000000074256665172,0x2559e8f91fce20a5436ae4d20e3b3cc736fbd8cf,2017-10-30T03:12:26.000Z,0.0031059999999809855,0x430c2a9bdb3a78307f76685401c64ed87a42955c,sell,0xdd974d5c2e2928dea5f71b9825b8b646686bd200,0x4987a6b0b840c0540c6c7ffa042a252f90501e84cc617b5cc8c133573692ca98
