,amount,amountBase,buyer,date,price,seller,side,tokenAddr,txHash
0,0.625,0.0005,0x4fda9e6bcd83af6c5cc771b5d20accc2b7720074,2017-11-02T12:02:30.000Z,0.0008,0x85cd36ab363e041fe4e12baa39bc004b352e27a2,buy,0x51ee82641ac238bde34b9859f98f5f311d6e4954,0xf9bd3db44b8ce9d29e3572e32a3bbf7b6724163efadbe31c03f4f730ab6014dc
1,0.625,0.0005,0x3075f7f189912f4f425dd7021b9c396434197477,2017-11-02T11:50:30.000Z,0.0008,0x85cd36ab363e041fe4e12baa39bc004b352e27a2,buy,0x51ee82641ac238bde34b9859f98f5f311d6e4954,0x12f970f91f50f5ba8ecde19cd18b52e89dc935ac50cd568fd92bff10f6c970bd
2,395,0.3476,0x265ca90bd2ceb257be4370d0cbd6bf8e0a6688e1,2017-11-01T16:21:04.000Z,0.00088,0x3a017faa4769e7a9271b740cec5cd8fda2e135a7,buy,0x51ee82641ac238bde34b9859f98f5f311d6e4954,0xa3ec77ebaf0ae613ede3c2f3b0c166fb666e3c624a8671fe60cb0f7ae78ddd4a
3,9.9690958,0.00697836706,0xbfbdd7f780e8f8185051642cca63bdf74727e167,2017-11-01T07:51:18.000Z,0.0007,0x9bfc3d49e4df2bceefe32c2e6ed93870205cc307,sell,0x51ee82641ac238bde34b9859f98f5f311d6e4954,0xa353ca5b8cb210bfa8a5280ba033e4df8f0d486dfb6e9c47647a7d7d8a358b7b
4,29,0.0145,0x7524475c9d7136ca0e329968751be146637e6fde,2017-11-01T00:32:16.000Z,0.0005,0x53f54b24a2c088b695abf94a85e89a2c0318aded,buy,0x51ee82641ac238bde34b9859f98f5f311d6e4954,0xa872e60f21b916d14bbf94b77efc64d88228abe278cfdf3b61fa1bf3da2b49bd
5,25.65241553,0.015391449318,0x1548c43c81e0ccb5a01b33f19708097cce3e82c6,2017-10-31T14:59:56.000Z,0.0006,0xbe662f22c7e8a840974b5a37abd01d82f23cb76a,sell,0x51ee82641ac238bde34b9859f98f5f311d6e4954,0x563dfacbe1efa8d5c79e77eca78e46d15d78f2b3693ddfbda03292640005d848
6,8.97218622,0.005383311732,0x1548c43c81e0ccb5a01b33f19708097cce3e82c6,2017-10-31T08:10:53.000Z,0.0006,0x3f783a5ce5778bc5019aca3fdae3256b7e473c19,sell,0x51ee82641ac238bde34b9859f98f5f311d6e4954,0x80220113bfba2097d1077247f05cc3e9c9eb34b44063adaf1a5eaf7bd271f947
7,24.9227395,0.0149536437,0x1548c43c81e0ccb5a01b33f19708097cce3e82c6,2017-10-31T07:56:21.000Z,0.0006,0x67d6033631c85789d81da5c316e03c31bd4a682d,sell,0x51ee82641ac238bde34b9859f98f5f311d6e4954,0x78d1cd01647aa93d029fd64019d0d89be8e92e05d0597075f0712f542cadee43
8,9.9690958,0.00598145748,0x1548c43c81e0ccb5a01b33f19708097cce3e82c6,2017-10-30T16:13:43.000Z,0.0006,0x6f49c48d1fce8f5fc780f4b9ab2e45f09fbbcbc4,sell,0x51ee82641ac238bde34b9859f98f5f311d6e4954,0x8f9f5d78bd3eeb3e7086333ba3d0b17d1cbb4e0093b9be15250ed9af4732e3e2
9,210,0.18479979,0x1548c43c81e0ccb5a01b33f19708097cce3e82c6,2017-10-30T15:52:44.000Z,0.000879999,0x24bf5f007e4b06f5777c460fb02d3521c1b521a8,buy,0x51ee82641ac238bde34b9859f98f5f311d6e4954,0x2562504cb7b99bf5ba7cf1c97d2081e72c7536dbeb73227a9be6e103a342a3b1
10,68.48356295,0.04109013777,0x1548c43c81e0ccb5a01b33f19708097cce3e82c6,2017-10-30T15:15:47.000Z,0.0006,0xff6fc474f89473ddeaf5fec9dd73b94c5b863dc1,sell,0x51ee82641ac238bde34b9859f98f5f311d6e4954,0x51f7c6816322bac4b6963d58e4cb210e9f74deeb56cda89bed6499bd577a5f46
11,50,0.0439,0x265ca90bd2ceb257be4370d0cbd6bf8e0a6688e1,2017-10-30T13:42:23.000Z,0.000878,0x88e6436f37cb5479b3af0d92ca1351841cdb0c48,buy,0x51ee82641ac238bde34b9859f98f5f311d6e4954,0x87daf8ac795cceff07a965e0d0e0e978e04a418a81610d66f12460eb0e503b2c
12,119.62914963,0.059814574815,0x7524475c9d7136ca0e329968751be146637e6fde,2017-10-30T11:06:13.000Z,0.0005,0x390c9a8c8df06123389704967c50206034fdbef3,sell,0x51ee82641ac238bde34b9859f98f5f311d6e4954,0x6e75d95ed2d9766918fb572dc7a61b706deedd9437d1fa6c4807c280d987ff92
13,69.78367062,0.03489183531,0x7524475c9d7136ca0e329968751be146637e6fde,2017-10-30T09:11:39.000Z,0.0005,0x98e1ea694dbbea59f283a37eaf295ecabc55ab6b,sell,0x51ee82641ac238bde34b9859f98f5f311d6e4954,0x96cdc1fe8af6126de0b339d1edc26a64896ac1f3fb3fb548ab8fd55f911f2a0b
14,39.9,0.02394,0x1548c43c81e0ccb5a01b33f19708097cce3e82c6,2017-10-30T03:36:41.000Z,0.0006,0x93165a5fc7d4b9ea1f07473e3007744e4301a494,buy,0x51ee82641ac238bde34b9859f98f5f311d6e4954,0x173f56fe150f934b7879f2e1e59d4fa7149fa65de99a34dfa30384a1ddb3d5df
15,191.529,0.114725871,0x1548c43c81e0ccb5a01b33f19708097cce3e82c6,2017-10-30T03:36:22.000Z,0.000599,0xe1e1d0d73eeb29d0632bc4c7871bfc74dbed0741,buy,0x51ee82641ac238bde34b9859f98f5f311d6e4954,0x56d9fd08168949730c5a7e23c43cae0a7ee260f5c06b03a13b99e32379fe3c09
16,0.56947608,0.0005,0xe444a40689f51f63bcd29910622035707d533d29,2017-10-28T20:40:02.000Z,0.00087800000309056,0xe1e1d0d73eeb29d0632bc4c7871bfc74dbed0741,buy,0x51ee82641ac238bde34b9859f98f5f311d6e4954,0xac4a111ad94bee165d5e2c5cca5eb9be4fcac81fd5b526bec4ba448c60b185b0
17,0.56947608,0.0005,0x34f9560c63078eb61872a4dc2ccd20e21c34feaf,2017-10-28T20:38:50.000Z,0.00087800000309056,0xe1e1d0d73eeb29d0632bc4c7871bfc74dbed0741,buy,0x51ee82641ac238bde34b9859f98f5f311d6e4954,0x47dfaa0a13f7d730016b33b1dbfffa996d4d082adfa29b60fa660ca4e6db0d7a
18,2.1,0.00147,0xa36ce14ef9e04d76800ce2844b1dca31f4235139,2017-10-27T15:00:30.000Z,0.0007,0xe1e1d0d73eeb29d0632bc4c7871bfc74dbed0741,buy,0x51ee82641ac238bde34b9859f98f5f311d6e4954,0xaaf39760a27c00a3c8d4b590a2d81eea48de91a084b309c0170f612abf3c5d36
19,35.046,0.01436886,0xa36ce14ef9e04d76800ce2844b1dca31f4235139,2017-10-27T07:21:10.000Z,0.00041,0xff6fc474f89473ddeaf5fec9dd73b94c5b863dc1,sell,0x51ee82641ac238bde34b9859f98f5f311d6e4954,0xe3fee3c5e42c41486041f3c235277c09e010fc8cd5462a66c4bd9c9453caf218
20,14.9536437,0.006130993917,0xa36ce14ef9e04d76800ce2844b1dca31f4235139,2017-10-26T12:53:34.000Z,0.00041,0x0c8c4024829d2aefe3b711b78f3852961661eb57,sell,0x51ee82641ac238bde34b9859f98f5f311d6e4954,0x0031052fe3cf8ce3a37481242d37b5e6df4407c6322b5cb665a02da3575bd1d3
21,84.73731432,0.033894925728,0xbfbdd7f780e8f8185051642cca63bdf74727e167,2017-10-26T12:45:07.000Z,0.0004,0xeb947ba76744922539938dce13561e9dc78e1c8a,sell,0x51ee82641ac238bde34b9859f98f5f311d6e4954,0xbf5fce80c5193c11cbf87041655f73bbee3e51bad3f0ff2965a4facfca397870
22,50,0.025,0xa36ce14ef9e04d76800ce2844b1dca31f4235139,2017-10-26T09:46:48.000Z,0.0005,0xed0dea451afeaac5e2808fc9c15d609782d93b99,buy,0x51ee82641ac238bde34b9859f98f5f311d6e4954,0xad080b7ca690ac3163aafac1703569d7707c4f8005167627d4e16977c0ed3ba7
23,124.61369753,0.049845479012,0xbfbdd7f780e8f8185051642cca63bdf74727e167,2017-10-25T18:35:32.000Z,0.0004,0x0dc6e0bb14b58b88cd3005ace0c59fe5957c9535,sell,0x51ee82641ac238bde34b9859f98f5f311d6e4954,0xd4caad818337bfc122baa2d415569ab38f355a50b7b27492d974a8d7fab71b05
24,120,0.048,0xe1e1d0d73eeb29d0632bc4c7871bfc74dbed0741,2017-10-25T13:32:17.000Z,0.0004,0x1098b62b22535c7eea2b3c2f6dd049677979d514,buy,0x51ee82641ac238bde34b9859f98f5f311d6e4954,0xdc07d97555aa2e23dd4a8dd93ff026e60932aec26117c43961c4d3c2c7f3ece1
25,9.9690958,0.00398763832,0xbfbdd7f780e8f8185051642cca63bdf74727e167,2017-10-25T11:07:45.000Z,0.0004,0x434f3a6eaaf7c80282a0785023c6eab129c67b82,sell,0x51ee82641ac238bde34b9859f98f5f311d6e4954,0x52fb990f8ba1a3ff1f025889d94ff387d3235d327fac9127fecf5286c54cf7ec
26,4.9845479,0.00199381916,0xbfbdd7f780e8f8185051642cca63bdf74727e167,2017-10-25T06:44:40.000Z,0.0004,0xb67bd20bf6a257209f14b1c61a1777c57e1ee050,sell,0x51ee82641ac238bde34b9859f98f5f311d6e4954,0x7ddbdf822a652c3a3c22ffd2c267dca775cd2efa9dd8b8a8d5c7b6a0302f59e3
27,10,0.005,0xa36ce14ef9e04d76800ce2844b1dca31f4235139,2017-10-24T15:54:45.000Z,0.0005,0x02919eca2d40cee769646c57bd443c2ab59a43ec,buy,0x51ee82641ac238bde34b9859f98f5f311d6e4954,0xe74ae5514e59f0ddf2104aeca001cbe6e702eca7d73314fadb915818ef41c83d
28,169.47462865,0.084737314325,0x0d479199250a62931f4ccb5dec399235da1b6834,2017-10-23T08:08:00.000Z,0.0005,0x8e235b510d92214195275d8eb3151ab0e43d7969,sell,0x51ee82641ac238bde34b9859f98f5f311d6e4954,0xc4b3c36a92a2dc904947516ff63590285ec51820a2a4a1671e7319de3905c70a
29,0.5,0.001,0x7f6e31f61a2c1b5b99b30941c43073cb2e1f0d41,2017-10-23T02:39:36.000Z,0.002,0x53f54b24a2c088b695abf94a85e89a2c0318aded,buy,0x51ee82641ac238bde34b9859f98f5f311d6e4954,0xea3bdc111850bbeef9c3d11bdea2295966de54f8fc00b56fee35c6a97d46a71b
30,14.9536437,0.00747682185,0x0d479199250a62931f4ccb5dec399235da1b6834,2017-10-22T21:07:08.000Z,0.0005,0x18d75ed5cdd83c97a5d7d318435c2ad017d0c42e,sell,0x51ee82641ac238bde34b9859f98f5f311d6e4954,0xc0dc0a987088dc1bde7854a7432a034c7cec890ba8a5b60cd1a75bb545f72995
31,68.338,0.068338,0x1a12db2cfebf7206ab2d64a0bc4c2baaf41bacc1,2017-10-22T19:10:24.000Z,0.001,0x9d0f536dc95cde0486a8708e1af01a6e4a60e9b2,sell,0x51ee82641ac238bde34b9859f98f5f311d6e4954,0xe57ade071351fb4b0de03f363c1da894937016fcbc39cf910123ba093c8bb5d9
32,17.66157848,0.01766157848,0x1a12db2cfebf7206ab2d64a0bc4c2baaf41bacc1,2017-10-22T17:36:58.000Z,0.001,0x4dca30bcc9c9db4408141cd67b1515e689f546d8,sell,0x51ee82641ac238bde34b9859f98f5f311d6e4954,0xaec83d04e7fbe4757df347131ed1566ccbafbec704889b606be208f0a4fc2502
33,69.78367062,0.06978367062107467,0x9d0f536dc95cde0486a8708e1af01a6e4a60e9b2,2017-10-22T17:32:46.000Z,0.0010000000000154,0x4dca30bcc9c9db4408141cd67b1515e689f546d8,buy,0x51ee82641ac238bde34b9859f98f5f311d6e4954,0x045a6e784a9d611ec44cc684fa2e02039790a5ad41af8c602bba44cc5796aa95
34,0.5,0.001,0x77bc90aed7bad418e958240c63130cf327d91f15,2017-10-22T14:48:13.000Z,0.002,0x53f54b24a2c088b695abf94a85e89a2c0318aded,buy,0x51ee82641ac238bde34b9859f98f5f311d6e4954,0x5a6244fdbab95dee259955dc567700ed685555fbec1d5aee66d7fbd4900becaf
35,74.76821852,0.022430465556,0xe1e1d0d73eeb29d0632bc4c7871bfc74dbed0741,2017-10-22T07:08:23.000Z,0.0003,0xd460056fd946b6a3f0240e15e7732016fbe1eb36,sell,0x51ee82641ac238bde34b9859f98f5f311d6e4954,0x7876567fde0aa9cfbc988aa80d2a2d98ead60aae98d20cceb6e5b3bcfaf93f61
36,51,0.051,0x1a12db2cfebf7206ab2d64a0bc4c2baaf41bacc1,2017-10-22T01:58:02.000Z,0.001,0xff6fc474f89473ddeaf5fec9dd73b94c5b863dc1,sell,0x51ee82641ac238bde34b9859f98f5f311d6e4954,0x1d3c876fdc45b2742f3c798637d59694036b6ca57860d278f95b678d5138d2a8
37,0.5,0.0005,0x16e5d97bbc92417e051e3b2cabfbf8ceea2acb9c,2017-10-22T00:21:45.000Z,0.001,0x4dca30bcc9c9db4408141cd67b1515e689f546d8,buy,0x51ee82641ac238bde34b9859f98f5f311d6e4954,0x386e0fc22ba78ccd67ac4cb78a28d7e46e6c4727edafdeac14698dced0ee175a
38,0.5,0.0005,0x42c24a83bded723edfdf5883bc7efb30bc1a1bf3,2017-10-22T00:20:10.000Z,0.001,0x4dca30bcc9c9db4408141cd67b1515e689f546d8,buy,0x51ee82641ac238bde34b9859f98f5f311d6e4954,0x33c7e5b12f82e2c7b44d810fbfa109df6b7a2cafe1d9df1193e1565678474bdb
39,0.5,0.0005,0xcd912af5286dc0b0a23edb30209734ecb60838b3,2017-10-22T00:18:48.000Z,0.001,0x4dca30bcc9c9db4408141cd67b1515e689f546d8,buy,0x51ee82641ac238bde34b9859f98f5f311d6e4954,0x8aa998dd79b5371d4d10fd4886e2275629d19a6d3f11923bb1f1ea2337a07dae
40,0.5,0.0005,0xf9695cd65d6dfdf257fab76a3eb0cb8f001971cc,2017-10-22T00:18:29.000Z,0.001,0x4dca30bcc9c9db4408141cd67b1515e689f546d8,buy,0x51ee82641ac238bde34b9859f98f5f311d6e4954,0x25faad9ce32967d5213e03c8705b71adc02830d4de2d8c63a3c32060129562e5
41,0.5,0.0005,0x379374d13077e8867ef31803c37baf9785a17c00,2017-10-22T00:17:52.000Z,0.001,0x4dca30bcc9c9db4408141cd67b1515e689f546d8,buy,0x51ee82641ac238bde34b9859f98f5f311d6e4954,0x4ebeead6db68177f5e9a57fde9fc63bd476385ef232a9d10209bc2330c33af94
42,1,0.005,0x77bc90aed7bad418e958240c63130cf327d91f15,2017-10-20T09:14:59.000Z,0.005,0xefa2427a318be3d978aac04436a59f2649d9f7bc,buy,0x51ee82641ac238bde34b9859f98f5f311d6e4954,0xd9ebb842852a55a695d0c168c836a404be4d1ab14931637254d98e6ea5916ea8
43,1,0.0048,0x77bc90aed7bad418e958240c63130cf327d91f15,2017-10-20T09:14:36.000Z,0.0048,0xefa2427a318be3d978aac04436a59f2649d9f7bc,buy,0x51ee82641ac238bde34b9859f98f5f311d6e4954,0xe8da642e1a2bc20cf0ff660a02875bd7ca08483275d3545c20bc46df7a362c18
44,0.01,0.00038,0x6cdea8e07bf82d7a07dbf36642d6e5be8623845c,2017-10-20T02:20:44.000Z,0.038,0x93165a5fc7d4b9ea1f07473e3007744e4301a494,buy,0x51ee82641ac238bde34b9859f98f5f311d6e4954,0xc4de0c78d93c2c9ffc80e394e10e9dffbc8f3400f9e14c7261a6605e9b561bc9
45,40,0.0188,0x93165a5fc7d4b9ea1f07473e3007744e4301a494,2017-10-19T21:46:01.000Z,0.00047,0xedb182bd13948eb26c824fc9f9f13d89c7a14d48,buy,0x51ee82641ac238bde34b9859f98f5f311d6e4954,0xe58bcf6d4cfd8704b0c523051f7bbf31deccc0b348a5f953a58a5c79b735876a
46,24.13282014,0.010034426614212,0x5d5065b42bdee0274e394ba9042c21e1818c69cf,2017-10-19T14:31:34.000Z,0.0004158,0x2af767df63df2c981fe67f726985f62077848dbc,sell,0x51ee82641ac238bde34b9859f98f5f311d6e4954,0x859929c348878d099d22381688cc2f3fd204dec23abc19d1d917f244facbdfd6
47,145,0.06815,0x2d7ad46c8c2128b37f7bbf1d70f81db34d1176ba,2017-10-19T13:44:12.000Z,0.00047,0xedb182bd13948eb26c824fc9f9f13d89c7a14d48,buy,0x51ee82641ac238bde34b9859f98f5f311d6e4954,0x09574b7839c714a398fb865ed8182b408a1b4c98ad6bd4074c16036405dc9f63
48,20,0.0084,0x2d7ad46c8c2128b37f7bbf1d70f81db34d1176ba,2017-10-19T13:43:22.000Z,0.00042,0x491abe8711af71efb086b827a4c7d68905efb0fa,buy,0x51ee82641ac238bde34b9859f98f5f311d6e4954,0x2c18f74cfc2f7326b45b07a1e5935a6240c6a7cbe7ee65166bae28f9994be78e
49,9.9690958,0.00414515003364,0x5d5065b42bdee0274e394ba9042c21e1818c69cf,2017-10-19T12:27:57.000Z,0.0004158,0xd7a4fc2eda6a6db74cdca7278329986de8bae727,sell,0x51ee82641ac238bde34b9859f98f5f311d6e4954,0xd92e9dcb763fc582a71f7f59d0d971baa191ca863a2a133f0b77aeff16efe9b7
50,5.98145748,0.002487090020184,0x5d5065b42bdee0274e394ba9042c21e1818c69cf,2017-10-19T09:18:15.000Z,0.0004158,0xa1719da09b61c6d1fe0b1254b7e5374904e03cc2,sell,0x51ee82641ac238bde34b9859f98f5f311d6e4954,0x0054f328db746aaa64b5063d8d72867d89e7c9674d24e2cec909386165688c96
51,1,0.039,0x3ac636ac5c3a2576156ac5f10066ca68abe0ad54,2017-10-18T21:14:09.000Z,0.039,0x65e44324f5a4edb9fa333b1e0185975641cd5029,buy,0x51ee82641ac238bde34b9859f98f5f311d6e4954,0xeee0dbd40ea72323db0c3c9018bb3641d50403aba4f4bec35cf86961a6f09905
52,0.1,0.0008,0x0024a5046fd95c5eee6db19a69ef7ed3bacd50f1,2017-10-10T10:51:55.000Z,0.008,0x7524475c9d7136ca0e329968751be146637e6fde,buy,0x51ee82641ac238bde34b9859f98f5f311d6e4954,0xa7348fb29bcf337a583b26324da395ab7e727fcd959f65c08694d2490e7a7af8
53,1,0.0049,0xa0be78d2bac6a692adba423c7af50ec86a18bddf,2017-09-28T12:16:10.000Z,0.0049,0x9733ae7ececa99c8b1db998a7e8e37bcb3f68ae2,buy,0x51ee82641ac238bde34b9859f98f5f311d6e4954,0x0ff169766bd85c5fec49550bfa31debaee021d16875c2cc479afa75010c355af
54,11,1.0964305,0xae92234848cf733e56ac64c56684bd47d0e7776c,2017-09-25T10:55:12.000Z,0.0996755,0x9733ae7ececa99c8b1db998a7e8e37bcb3f68ae2,buy,0x51ee82641ac238bde34b9859f98f5f311d6e4954,0x882ee4300697270e525135acd33e264bbe0b9327850416d8b7f7c6bb73ca8204
55,0.04,0.004,0xae92234848cf733e56ac64c56684bd47d0e7776c,2017-09-25T10:39:13.000Z,0.1,0x9733ae7ececa99c8b1db998a7e8e37bcb3f68ae2,buy,0x51ee82641ac238bde34b9859f98f5f311d6e4954,0x090c3d16044cac4e287fc3ddd0a5e7fa317820e65aa4b5a66104b0d721168eb5
56,10,0.009999,0x77bc90aed7bad418e958240c63130cf327d91f15,2017-09-22T01:07:25.000Z,0.0009999,0x77bc90aed7bad418e958240c63130cf327d91f15,buy,0x51ee82641ac238bde34b9859f98f5f311d6e4954,0x8f042d69d6ccbaaa11355d68a650ec4e7754b9aea7b6f3f256984e644bbb6b09
