,amount,amountBase,buyer,date,price,seller,side,tokenAddr,txHash
0,1271.545,0.037637732,0x982585aede09cc41d043aabcafef5233b69c78f0,2017-11-02T16:41:48.000Z,0.0000296,0x38223b8ebc6d6f404f887df06c334c4702a55711,sell,0x539efe69bcdd21a83efd9122571a64cc25e0282b,0x9dae1f2cb8bd19b90fbcf07f717b53ee27045e884b486a7cbd3aed7aa160c172
1,700,0.021,0x59478c47d713989bf4347ded91705ad90b5b5582,2017-11-02T16:41:27.000Z,0.00003,0x38223b8ebc6d6f404f887df06c334c4702a55711,sell,0x539efe69bcdd21a83efd9122571a64cc25e0282b,0xc2c5f3a7d2acb0154167badc3ebe34a42f6f203918adaf03f7de06a7ceb5ef32
2,498.45479016,0.014754261788736,0x982585aede09cc41d043aabcafef5233b69c78f0,2017-11-02T16:25:47.000Z,0.0000296,0x9db0bca93e96f1eed89df9956c45914d9d2430c0,sell,0x539efe69bcdd21a83efd9122571a64cc25e0282b,0x73d78ddc5a2b209cd171dd7118adfea3ac74d5318b714c9168c2329e441023b8
3,11061.7,0.40596439,0x59478c47d713989bf4347ded91705ad90b5b5582,2017-11-02T16:18:28.000Z,0.0000367,0x61c4b4fbbcdb49fbc03cdead92fa3fbc3d864fff,buy,0x539efe69bcdd21a83efd9122571a64cc25e0282b,0xd64a71716019a9e4b98481c0ae7ff97fc8bc70f6f07cb87b301b101d46a97513
4,2000,0.07,0x59478c47d713989bf4347ded91705ad90b5b5582,2017-11-02T16:14:16.000Z,0.000035,0xad87cac9c28dde0fd555a5cb983b747d12d3354e,buy,0x539efe69bcdd21a83efd9122571a64cc25e0282b,0xafe829ab8523875b973c43e427aa44c0a7069ba33bf3732775bf6b72a805234c
5,1800,0.063,0x59478c47d713989bf4347ded91705ad90b5b5582,2017-11-02T16:14:06.000Z,0.000035,0x0ca82a26afd617f165acb0b6c10c8282787b5cd3,buy,0x539efe69bcdd21a83efd9122571a64cc25e0282b,0x78da36361669d78cd98c0ada567c3cc6b8c3b004af2a6d0e7ea8ecdd6f114053
6,2756.418,0.0964743543582,0x59478c47d713989bf4347ded91705ad90b5b5582,2017-11-02T16:13:52.000Z,0.0000349999,0xc9c037ba9220b095de19e6c1bed65af450637f94,buy,0x539efe69bcdd21a83efd9122571a64cc25e0282b,0x78529244ca4367282fff8659bc823b376880dbc49ff2528a1f2755d0bccc8134
7,0.00000496,0.00000000014434096,0x59478c47d713989bf4347ded91705ad90b5b5582,2017-11-02T16:08:53.000Z,0.000029101,0x9db0bca93e96f1eed89df9956c45914d9d2430c0,sell,0x539efe69bcdd21a83efd9122571a64cc25e0282b,0xa33c2e10f7fe74878f6a1f4ad57ed4d850dd047197d58e4f27ee1980a202f306
8,0.21864232,0.000006362491512,0xaec11495eebc760e5d5fac64b11d8fa360a42904,2017-11-02T15:42:36.000Z,0.0000291,0x3bfd98bf67d401f09dd1c4b211709051fb08f2f0,sell,0x539efe69bcdd21a83efd9122571a64cc25e0282b,0xad819b2a6e8167820116574ef7ea71e8be3b50498daf00d239eb24926522897d
9,2193.20107666,0.063822151330806,0xaec11495eebc760e5d5fac64b11d8fa360a42904,2017-11-02T15:41:35.000Z,0.0000291,0x3bfd98bf67d401f09dd1c4b211709051fb08f2f0,sell,0x539efe69bcdd21a83efd9122571a64cc25e0282b,0xfc9401727df13a7b92456823a0cadfa2840923b2f84adcc962b8cc7f70190709
10,0.49842563,0.0000145291071145,0x982585aede09cc41d043aabcafef5233b69c78f0,2017-11-02T15:14:14.000Z,0.00002915,0xc8f0f7ee5ab3ef98804438550111bc2c115c96dc,sell,0x539efe69bcdd21a83efd9122571a64cc25e0282b,0x273853f13da642e84864813a5a800b3a53c71b3020eb7a2fa0c1589ad24de960
11,22500,0.75375,0xaec11495eebc760e5d5fac64b11d8fa360a42904,2017-11-02T15:09:23.000Z,0.0000335,0x2f67e12bd4a7da1d86f2ab8936b6611ef5ddb7e2,buy,0x539efe69bcdd21a83efd9122571a64cc25e0282b,0x3ea198a499c6adadd36df95e4b7726c78466ba5229cd9a0094b99f9eecf43026
12,7500,0.25125,0xc69a33bc604b07b966af04b53459e8506c707619,2017-11-02T14:48:22.000Z,0.0000335,0x2f67e12bd4a7da1d86f2ab8936b6611ef5ddb7e2,buy,0x539efe69bcdd21a83efd9122571a64cc25e0282b,0x00c27c8e1ad09962311d07fdf88e7d6233c651965afd5c429ea3d28444dc4634
13,2990.7287409,0.08703020636019,0xaec11495eebc760e5d5fac64b11d8fa360a42904,2017-11-02T14:29:07.000Z,0.0000291,0x1184bb4e404e1e0082bbfeef0f90efe209dc1f68,sell,0x539efe69bcdd21a83efd9122571a64cc25e0282b,0x74b3fb9c69b744fe49af75e97a17d32562f0438ef1f7c830d9a44242429ad7ae
14,996.9095803,0.02901006878673,0x558a2d7024dfce5e00e849ae8eff514a970120f6,2017-11-02T14:21:22.000Z,0.0000291,0x6021d72b7c22b8d10966d5a62742e92e69a38782,sell,0x539efe69bcdd21a83efd9122571a64cc25e0282b,0x0a2273d11112cfc1ebff0f4d58b1e7f8fadbdb78e0586da8c9ac41ecb06150b7
15,1000,0.0349,0x9624fae12c24bcdade48cbb10e50fd662bf2f9f9,2017-11-02T14:03:12.000Z,0.0000349,0x982585aede09cc41d043aabcafef5233b69c78f0,buy,0x539efe69bcdd21a83efd9122571a64cc25e0282b,0x676faa13ec4aded7ef312ed0a688a36c51c3cc431d526510c630cdb29bb97228
16,99.99999994,0.005872199997027728,0x099df80d0cc06629dee6de6b0b721d62157539b7,2017-11-02T13:58:31.000Z,0.00005872200000551048,0x1f39f430aeac3396ea046b61890f1d7e70351ec4,buy,0x539efe69bcdd21a83efd9122571a64cc25e0282b,0x9a90e9015a71cc750e47de10123bed2926fc846bf88b60112133d6cb58618eed
17,500,0.01745,0x9624fae12c24bcdade48cbb10e50fd662bf2f9f9,2017-11-02T13:54:01.000Z,0.0000349,0x982585aede09cc41d043aabcafef5233b69c78f0,buy,0x539efe69bcdd21a83efd9122571a64cc25e0282b,0x94801bfddc21577127640a74551b1c2d6ea7076568a457ccaa8a2792cf2ecc50
18,8464.31971064,0.246311703579624,0x558a2d7024dfce5e00e849ae8eff514a970120f6,2017-11-02T13:19:00.000Z,0.0000291,0x3e7d005ed164cc1b2066279cf625a0960281dfb2,sell,0x539efe69bcdd21a83efd9122571a64cc25e0282b,0x20fa4ebb19064f5d3a24a3d16ea41aea8b6ca46b426f2a6d9a939bbe467144b2
19,8464.31971064,0.246311703579624,0x558a2d7024dfce5e00e849ae8eff514a970120f6,2017-11-02T13:18:15.000Z,0.0000291,0x3e7d005ed164cc1b2066279cf625a0960281dfb2,sell,0x539efe69bcdd21a83efd9122571a64cc25e0282b,0x20fa4ebb19064f5d3a24a3d16ea41aea8b6ca46b426f2a6d9a939bbe467144b2
20,997,0.043868,0xa3da20fc52a94e817ef723c44c84851fb05fe3fe,2017-11-02T13:12:57.000Z,0.000044,0x273a5d3e6721b9f5c1a6474f560c1334c63dda01,sell,0x539efe69bcdd21a83efd9122571a64cc25e0282b,0xafd388d6cea6f6a0b0831f0abb13b0affb89d91e4d7f10f5f350967504f0b213
21,1000,0.039,0x273a5d3e6721b9f5c1a6474f560c1334c63dda01,2017-11-02T13:12:57.000Z,0.000039,0xb32f3a95d41e488dd002b64aa0ee56bbe037f24e,buy,0x539efe69bcdd21a83efd9122571a64cc25e0282b,0xafd388d6cea6f6a0b0831f0abb13b0affb89d91e4d7f10f5f350967504f0b213
22,1000,0.039,0x273a5d3e6721b9f5c1a6474f560c1334c63dda01,2017-11-02T13:12:13.000Z,0.000039,0xb32f3a95d41e488dd002b64aa0ee56bbe037f24e,buy,0x539efe69bcdd21a83efd9122571a64cc25e0282b,0x892cc1ac326ec1b4836746c729fca84a0f758f3ef7509c7741efc9a579810a84
23,997,0.043868,0xa3da20fc52a94e817ef723c44c84851fb05fe3fe,2017-11-02T13:12:13.000Z,0.000044,0x273a5d3e6721b9f5c1a6474f560c1334c63dda01,sell,0x539efe69bcdd21a83efd9122571a64cc25e0282b,0x892cc1ac326ec1b4836746c729fca84a0f758f3ef7509c7741efc9a579810a84
24,1900,0.05928,0x0ca82a26afd617f165acb0b6c10c8282787b5cd3,2017-11-02T12:59:45.000Z,0.0000312,0x8f67d2f3c4aa2fdb36c5fe932efebdd23e7e5637,sell,0x539efe69bcdd21a83efd9122571a64cc25e0282b,0xeee6ed70db9181ed5fa8323d7b3771abf9c2c99a6bfe0b00a152aa75a2c67d63
25,350,0.0105,0x77a833b3856c7d4ec38c3b6325090236600dcdda,2017-11-02T12:51:21.000Z,0.00003,0xbf8418ea81566519e9ec9f441991bab6e33ecc32,sell,0x539efe69bcdd21a83efd9122571a64cc25e0282b,0x3480aa03f9370dde3c56bac9e795d5505225c8cc05407cb25e40653c9dd1ede1
26,114.09,0.0034227,0x7f989f71005e3cc62a560b00a02bd1d96c6a20f1,2017-11-02T12:51:06.000Z,0.00003,0xbf8418ea81566519e9ec9f441991bab6e33ecc32,sell,0x539efe69bcdd21a83efd9122571a64cc25e0282b,0x1216a6996af3f350976379402e3526d3d710a982b1316889e1f555f037f1443a
27,133.33476291,0.0040000428873,0x0ffffa6ce80eee2139e8b4c76a5a210dff49a48c,2017-11-02T12:50:59.000Z,0.00003,0xbf8418ea81566519e9ec9f441991bab6e33ecc32,sell,0x539efe69bcdd21a83efd9122571a64cc25e0282b,0xd3db5397b6ca0639018f1ba3fbaf8a4c73ba58e1d3bbaffbfea957e8c77e44b7
28,1800,0.04716,0x0ca82a26afd617f165acb0b6c10c8282787b5cd3,2017-11-02T12:50:41.000Z,0.0000262,0x3e7d005ed164cc1b2066279cf625a0960281dfb2,sell,0x539efe69bcdd21a83efd9122571a64cc25e0282b,0x021e0a8230a91858da5bc132071b004c0b06ad960bd419bcc347b4c9ced237d0
29,4675.24082066,0.12389388174749,0x5048e8b634cd1f935248df5c42a2d9a203bab4b3,2017-11-02T12:48:34.000Z,0.0000265,0x3e7d005ed164cc1b2066279cf625a0960281dfb2,sell,0x539efe69bcdd21a83efd9122571a64cc25e0282b,0xcbf8744db069e11589cc8f1338d51e9fd1560f53ce22c0405a5cd3ed10df0169
30,5000,0.140025,0x4d140c10845cb9a7dc740e966d54ce54436f8584,2017-11-02T12:47:52.000Z,0.000028005,0x3e7d005ed164cc1b2066279cf625a0960281dfb2,sell,0x539efe69bcdd21a83efd9122571a64cc25e0282b,0xb6d64db9955d16d0adf27c245e6296e006479bcf959427e1558d96ba57d1c851
31,2756.19951343,0.08544218491633,0xc9c037ba9220b095de19e6c1bed65af450637f94,2017-11-02T12:47:03.000Z,0.000031,0xbf8418ea81566519e9ec9f441991bab6e33ecc32,sell,0x539efe69bcdd21a83efd9122571a64cc25e0282b,0x89d49413e8a6b91635093ff2bb2fe12b928f7e1061c9114bc2d6fc84f409b798
32,310.121,0.0099548841,0x8e779b0ba498bac2bb4edcf9f13566d3706df81b,2017-11-02T12:45:06.000Z,0.0000321,0xbf8418ea81566519e9ec9f441991bab6e33ecc32,sell,0x539efe69bcdd21a83efd9122571a64cc25e0282b,0x477fe51210a4afae6b2e3e22997579e78ef2b773b54f560ef1523f589fc9b7a4
33,0.21831111,0.00000676764441,0xc9c037ba9220b095de19e6c1bed65af450637f94,2017-11-02T12:44:23.000Z,0.000031,0x8eb34803cf72f821923eb1d44eea2a1a6ce4bda4,sell,0x539efe69bcdd21a83efd9122571a64cc25e0282b,0xc513ccd65fab6174cbffd6908604dc98c726ac9d185dc08dc234fc3757f468fd
34,2189.8786824,0.07029510570504,0x8e779b0ba498bac2bb4edcf9f13566d3706df81b,2017-11-02T12:43:50.000Z,0.0000321,0x8eb34803cf72f821923eb1d44eea2a1a6ce4bda4,sell,0x539efe69bcdd21a83efd9122571a64cc25e0282b,0x60f03c7fd20970e0cd831e11831801bbcf850e9e513696f4657273ad577fd00e
35,10000,0.2685,0x3e7d005ed164cc1b2066279cf625a0960281dfb2,2017-11-02T12:43:14.000Z,0.00002685,0x8eb34803cf72f821923eb1d44eea2a1a6ce4bda4,sell,0x539efe69bcdd21a83efd9122571a64cc25e0282b,0xe3b23b68dad916530834f5bafcb0cfe727815ef0aae0998f24f37aab29ceb27b
36,10000,0.269,0x3e7d005ed164cc1b2066279cf625a0960281dfb2,2017-11-02T12:43:08.000Z,0.0000269,0x8eb34803cf72f821923eb1d44eea2a1a6ce4bda4,sell,0x539efe69bcdd21a83efd9122571a64cc25e0282b,0x63f92ed3dddcf5209fa5458feac33a21ee61e26f7730c0943226da2ff11b931a
37,10000,0.27,0xfeeea026676322fcabf392cb4394603230836a82,2017-11-02T12:43:04.000Z,0.000027,0x8eb34803cf72f821923eb1d44eea2a1a6ce4bda4,sell,0x539efe69bcdd21a83efd9122571a64cc25e0282b,0xe8166f6de2c9a05df76d85b51d2f59f0563c995823141eb7a0a0c474dc783efe
38,9428.571,0.329999985,0x653ec427aac069d11f52b60aedc826548873bf22,2017-11-02T12:40:50.000Z,0.000035,0x8eb34803cf72f821923eb1d44eea2a1a6ce4bda4,sell,0x539efe69bcdd21a83efd9122571a64cc25e0282b,0x0c4356de9a904358bfdaaf098b4d2e72fc3e3561fb314c8133427b01608c9957
39,36000,0.9612,0x39ea7a8417b176bbdce622387d01870cf9569f25,2017-11-02T12:40:08.000Z,0.0000267,0x8eb34803cf72f821923eb1d44eea2a1a6ce4bda4,sell,0x539efe69bcdd21a83efd9122571a64cc25e0282b,0x3bea44d06e86a580d1c315253641caaa8e0701464f918d17b127f852028c99e8
40,5350,0.166385,0x982585aede09cc41d043aabcafef5233b69c78f0,2017-11-02T12:39:04.000Z,0.0000311,0x8eb34803cf72f821923eb1d44eea2a1a6ce4bda4,sell,0x539efe69bcdd21a83efd9122571a64cc25e0282b,0x0e3b5dab7ddb899059c09fb4b9376afb4f8afb54f262243a5a5de4766bc1af7c
41,23458.05182521,0.7157051611871571,0x1b7eb7b543307d90958a381a53389c8f40864bdf,2017-11-02T12:39:04.000Z,0.00003051,0x8eb34803cf72f821923eb1d44eea2a1a6ce4bda4,sell,0x539efe69bcdd21a83efd9122571a64cc25e0282b,0xc2ed999e138563c44b42f26f7e2b930fcbb06f75ddb1f79c17b6d993b605627d
42,40000,1.22,0xaec11495eebc760e5d5fac64b11d8fa360a42904,2017-11-02T12:38:52.000Z,0.0000305,0x8eb34803cf72f821923eb1d44eea2a1a6ce4bda4,sell,0x539efe69bcdd21a83efd9122571a64cc25e0282b,0x10c6ff88cb44d76e4982808e0b884f0717271552d7a7c4bb82e2bac8c35de1b2
43,2500,0.08025,0x8e779b0ba498bac2bb4edcf9f13566d3706df81b,2017-11-02T12:30:57.000Z,0.0000321,0x1c50c8b877f4cfc5bfc984a14d5978146c82c173,sell,0x539efe69bcdd21a83efd9122571a64cc25e0282b,0x112d49f4208f432a712b2ae7234c86032784600dcacff3f154b58bfca2c1ee05
44,2750,0.088,0xd0e8f4d91093438032a23412eb700b8b75424ed6,2017-11-02T12:28:46.000Z,0.000032,0x1c50c8b877f4cfc5bfc984a14d5978146c82c173,sell,0x539efe69bcdd21a83efd9122571a64cc25e0282b,0xf95a3083d713cacab34f5390f9f224ae1f4c7b7656a9d2395cb1d39b8ffa81a4
45,1000,0.038,0xaec11495eebc760e5d5fac64b11d8fa360a42904,2017-11-02T11:35:34.000Z,0.000038,0x6c763922fdcf6bfa1c90eb4c7de55f1636dbb1d6,buy,0x539efe69bcdd21a83efd9122571a64cc25e0282b,0x1fca81047ff405bd733dde4e47606a02f44702eac81594991c6e69cb11e7d19b
46,1000,0.0375,0xaec11495eebc760e5d5fac64b11d8fa360a42904,2017-11-02T11:35:22.000Z,0.0000375,0x90fdf660ab6557ebc6a1433670876090e03133c6,buy,0x539efe69bcdd21a83efd9122571a64cc25e0282b,0x3e678862206188579daed1ffd42418e0739ea3edf150326d30404f9fcd30fcf9
47,1794.43724454,0.055806998305194,0x2d1c9539fb112bfcfc12c88ba56d7bddc804ed73,2017-11-02T11:10:34.000Z,0.0000311,0xebc8d1c22fa86eca91707ee5332366c1a0b1b935,sell,0x539efe69bcdd21a83efd9122571a64cc25e0282b,0x3255632cf78f5ba14b27ed305b47434a6b2a2efffd6fcc764117fd89ffc462ea
48,4000,0.1519996,0xaec11495eebc760e5d5fac64b11d8fa360a42904,2017-11-02T10:58:13.000Z,0.0000379999,0x2d1c9539fb112bfcfc12c88ba56d7bddc804ed73,buy,0x539efe69bcdd21a83efd9122571a64cc25e0282b,0x7970bf5d6ea8e397e0c6640c147df9839d7951db132b52e3789ded25f8f26021
49,1000,0.035,0xaec11495eebc760e5d5fac64b11d8fa360a42904,2017-11-02T10:29:27.000Z,0.000035,0xb9be8af3e2fd3b30c8361a27154a925dee072370,buy,0x539efe69bcdd21a83efd9122571a64cc25e0282b,0x424294b6975835372fdfaf4c9a7fadf9b899172012bbbf1d7b79157b1599af5e
50,6000,0.2279994,0xa21ea84282207440ad34bdcb277d6bd5a4b08321,2017-11-02T09:59:01.000Z,0.0000379999,0x2d1c9539fb112bfcfc12c88ba56d7bddc804ed73,buy,0x539efe69bcdd21a83efd9122571a64cc25e0282b,0x1f1f8167c06fbcbf270191951e2f6b70970048c5d5b880b3f60579df71ddd30e
51,4.96914356,0.0001516085700156,0x1b7eb7b543307d90958a381a53389c8f40864bdf,2017-11-02T09:25:05.000Z,0.00003051,0xad6311e899ca6b6e8f3a475a34a570a8706790b4,sell,0x539efe69bcdd21a83efd9122571a64cc25e0282b,0x69e98cf5ac85f380de4b3948a785ed4daccb4dddda32ae5ed07f0c83493456b1
52,49845.479064,1.52078556624264,0x1b7eb7b543307d90958a381a53389c8f40864bdf,2017-11-02T09:22:33.000Z,0.00003051,0xad6311e899ca6b6e8f3a475a34a570a8706790b4,sell,0x539efe69bcdd21a83efd9122571a64cc25e0282b,0x4794c9c2837f7518a3a84201a6d6dfe6a3e55bb5fdf9ea926054a3817f32a6ba
53,1500,0.042,0xf44072eda87ede9613b6ae1b812de8a60ade27a2,2017-11-02T08:31:43.000Z,0.000028,0x5a502059345e23fff84039589a7023a4aa2121ab,buy,0x539efe69bcdd21a83efd9122571a64cc25e0282b,0x0574f1fc0a3c579629c043d92589594763afaab1bb372ed7c3e35e989a3c98c9
54,1495.5,0.04561275,0xf33bc464fb8a61db1d8cce0c22dad4f833fabb2a,2017-11-02T08:31:43.000Z,0.0000305,0xf44072eda87ede9613b6ae1b812de8a60ade27a2,sell,0x539efe69bcdd21a83efd9122571a64cc25e0282b,0x0574f1fc0a3c579629c043d92589594763afaab1bb372ed7c3e35e989a3c98c9
55,974.35897435,0.038,0xa21ea84282207440ad34bdcb277d6bd5a4b08321,2017-11-02T07:54:21.000Z,0.00003900000000035921,0xc790581018ca6a3905d770e88db20951928c265f,buy,0x539efe69bcdd21a83efd9122571a64cc25e0282b,0x607674c65346491df04666c69c019a30d0d6f262f59bd8ed24698060f427088f
56,12.82051282,0.0005,0x3075f7f189912f4f425dd7021b9c396434197477,2017-11-02T07:48:05.000Z,0.00003900000000156,0xc790581018ca6a3905d770e88db20951928c265f,buy,0x539efe69bcdd21a83efd9122571a64cc25e0282b,0x51d316e0f0d8fdd0ca31cd811cd9c793991bfc1eadce0cef1bbe33b74703934f
57,12.82051282,0.0005,0x4fda9e6bcd83af6c5cc771b5d20accc2b7720074,2017-11-02T07:47:33.000Z,0.00003900000000156,0xc790581018ca6a3905d770e88db20951928c265f,buy,0x539efe69bcdd21a83efd9122571a64cc25e0282b,0xdca8d5b6d743f255e04026782c2b6d20320bb1db139948c8e61c90bdb00c3dec
58,2000,0.0564,0x0ca82a26afd617f165acb0b6c10c8282787b5cd3,2017-11-02T06:35:30.000Z,0.0000282,0x26c119a083cdace31da3863c804f30d54352b116,sell,0x539efe69bcdd21a83efd9122571a64cc25e0282b,0xa526d6e2180ff81ff6417f7a2e690b84a5b732e57c5d86578eaac9c604b6cdb0
59,5000,0.1425,0xf7563a85592b79723d718bb7ab7ee11fe9e67c60,2017-11-02T06:34:53.000Z,0.0000285,0x26c119a083cdace31da3863c804f30d54352b116,sell,0x539efe69bcdd21a83efd9122571a64cc25e0282b,0xd3037bf9e9c2e2b82964cd907b2c88b97ce5c502b6b227c78b1f92cb6987bde8
60,10000,0.30005,0x2aabd901349e260aac247ce983394fea94402594,2017-11-02T06:34:24.000Z,0.000030005,0x26c119a083cdace31da3863c804f30d54352b116,sell,0x539efe69bcdd21a83efd9122571a64cc25e0282b,0xaaa0af8f39a285e7bbb7958ae11bd0b046544b37eb111dd700d48ebf5dd8fb2c
61,3231.676,0.100181956,0xc5a560c74e0c53a04ee1e1af39f50eb97523da3f,2017-11-02T06:33:39.000Z,0.000031,0x26c119a083cdace31da3863c804f30d54352b116,sell,0x539efe69bcdd21a83efd9122571a64cc25e0282b,0x586d4f532693964f30c64196bc2a9a0b5c376f3073569082de129f75e8d16499
62,0.1685879,0.0000052262249,0xc5a560c74e0c53a04ee1e1af39f50eb97523da3f,2017-11-02T06:12:01.000Z,0.000031,0x4231e1b03c181733ceffed73dbfa2bfb0fc65421,sell,0x539efe69bcdd21a83efd9122571a64cc25e0282b,0x950bd32258b614b9ba3e73a578857d360f6274ce8a21cfc559cead781ca22220
63,1691.10521252,0.05242426158812,0xc5a560c74e0c53a04ee1e1af39f50eb97523da3f,2017-11-02T06:11:39.000Z,0.000031,0x4231e1b03c181733ceffed73dbfa2bfb0fc65421,sell,0x539efe69bcdd21a83efd9122571a64cc25e0282b,0x7ba7f20e5c3bb78e2403cfea4a7a14db8f0457c95a7da75ba53ab6f1d919ecc5
64,457.89919264,0.01419487497184,0xc5a560c74e0c53a04ee1e1af39f50eb97523da3f,2017-11-02T06:04:29.000Z,0.000031,0xd7dd052ff73d9177f884592814f844a7788787d1,sell,0x539efe69bcdd21a83efd9122571a64cc25e0282b,0x87e7f69048b4103abe70f0e91954ddb16d37b5b4d5a179071fe6d0dfd41ed694
65,346.23475022,0.012083592782678,0xdffaec7a5feea1a593e3687271c0ca448e0efa47,2017-11-02T06:02:28.000Z,0.0000349,0xd7dd052ff73d9177f884592814f844a7788787d1,sell,0x539efe69bcdd21a83efd9122571a64cc25e0282b,0x96a0db549004212ba0e4e9cf08e2b4178fcb0872b734f62aef94c5378f78f34a
66,996.9095803,0.0328980161499,0x435d61c576732bc05fb25091588fd63527932f46,2017-11-02T05:54:58.000Z,0.000033,0x5761ff6b464da340f2d71394f99c515c581e629a,sell,0x539efe69bcdd21a83efd9122571a64cc25e0282b,0x325c4c3c45ad9f756e28000acaff55b15bf2c80300652eca8507b5cfe081af0a
67,1100,0.0385,0xe08f4b92e94e56ed0435f72f80901c8cdc8b620e,2017-11-02T05:40:31.000Z,0.000035,0xd7dd052ff73d9177f884592814f844a7788787d1,sell,0x539efe69bcdd21a83efd9122571a64cc25e0282b,0xc01883d0fef53f0967988391c57d91d2d7728bfdc4c468006a47b1bd6bdd825b
68,49.84547901,0.001739607217449,0xdffaec7a5feea1a593e3687271c0ca448e0efa47,2017-11-02T04:34:07.000Z,0.0000349,0xdb4ea1a6963c40ad0c0fab71d36a055033e59217,sell,0x539efe69bcdd21a83efd9122571a64cc25e0282b,0xf26778cff459f78e6ca44f3dad920b15b790df0460384d97ec7cd650c4ce9891
69,996.9095803,0.03539029010065,0xbbe52ebff20b09baef1638f6bfe8e202bced0b14,2017-11-02T04:31:22.000Z,0.0000355,0xb679f745ce13422bfdab708175e4bb582026c604,sell,0x539efe69bcdd21a83efd9122571a64cc25e0282b,0xc8c7a30e506cc333fdb5e82d17a50c3fe252df5e501dda83d71fc5f30c6aa04f
70,996.9095803,0.03539029010065,0xbbe52ebff20b09baef1638f6bfe8e202bced0b14,2017-11-02T04:16:49.000Z,0.0000355,0xb2cd14e218bf2fb9e370d75a1c11aab8d72b2e85,sell,0x539efe69bcdd21a83efd9122571a64cc25e0282b,0x23b856260719f499542fd9233a5c7f06b560081f8842ee8de9d6d88786c95867
71,1999,0.07996,0x98145d44c9b1d0b6b48e58e0c144ca76fe90105f,2017-11-02T03:51:59.000Z,0.00004,0x77c8b49f1b6b1ee0239201ca94ad9dc391611001,buy,0x539efe69bcdd21a83efd9122571a64cc25e0282b,0xc91f18397f25f739536b9996f110568a397c61978e634d7578f9f85d95817a53
72,999,0.03996,0x98145d44c9b1d0b6b48e58e0c144ca76fe90105f,2017-11-02T03:51:24.000Z,0.00004,0x27adaed4d135c4e8e5e159aa4be2d1a440250749,buy,0x539efe69bcdd21a83efd9122571a64cc25e0282b,0x25776e182093e15433df38b8a1595c3811ca4d536328bee3b4ff641e609c4858
73,47.927,0.001869153,0x98145d44c9b1d0b6b48e58e0c144ca76fe90105f,2017-11-02T03:51:24.000Z,0.000039,0xe08f4b92e94e56ed0435f72f80901c8cdc8b620e,buy,0x539efe69bcdd21a83efd9122571a64cc25e0282b,0xe8aeefa74303550a788728652cde366b761806a74bbb3e28661570e85ebdfd30
74,1000,0.04,0xbbe52ebff20b09baef1638f6bfe8e202bced0b14,2017-11-02T03:22:08.000Z,0.00004,0x0c8a9ea8a3844253eceb6a0301d7901119a6da8d,sell,0x539efe69bcdd21a83efd9122571a64cc25e0282b,0x419ce094ae89b069e198f14e30190bf2835e84490b632f3701822b30f7a63b3a
75,1003,0.039117,0x0c8a9ea8a3844253eceb6a0301d7901119a6da8d,2017-11-02T03:22:08.000Z,0.000039,0xe08f4b92e94e56ed0435f72f80901c8cdc8b620e,buy,0x539efe69bcdd21a83efd9122571a64cc25e0282b,0x419ce094ae89b069e198f14e30190bf2835e84490b632f3701822b30f7a63b3a
76,119.15095577,0.00369367962887,0xc5a560c74e0c53a04ee1e1af39f50eb97523da3f,2017-11-02T02:40:43.000Z,0.000031,0xa708d2106b470b23eeeb574d37512a6d16efd245,sell,0x539efe69bcdd21a83efd9122571a64cc25e0282b,0x30451eebb61b72017328f9a5d7c1301b7f2b58e0338f4bd9cf9cd18b5a702699
77,1300,0.03965,0xb4066e3f167a4e5b7b97cca2b163ee396cfd0a1d,2017-11-02T02:39:30.000Z,0.0000305,0xa708d2106b470b23eeeb574d37512a6d16efd245,sell,0x539efe69bcdd21a83efd9122571a64cc25e0282b,0xfe481b1eefbfd3dad0b6a0c99041f943962a4dff84166cc682ae2c1afca52885
78,1,0.00004,0xe2b48b3dd0b33283b4802e63e65518f27e635054,2017-11-02T02:38:20.000Z,0.00004,0x77c8b49f1b6b1ee0239201ca94ad9dc391611001,buy,0x539efe69bcdd21a83efd9122571a64cc25e0282b,0x1bc6f52237095cc1bc06c8167d091cd139527c201f61f133a2982a26128301f5
79,7500,0.2325,0x3b985dcb066a8e69eb25c2e1ade62579266f6717,2017-11-02T02:38:02.000Z,0.000031,0xa708d2106b470b23eeeb574d37512a6d16efd245,sell,0x539efe69bcdd21a83efd9122571a64cc25e0282b,0x78ecbba50b960237239660f4861c3796052e677dd9eb74034e0bd92bc7b9aeb7
80,1,0.00004,0xed2ca7381d82f8fb9bcc54ea6ab6526e35aece25,2017-11-02T02:37:48.000Z,0.00004,0x27adaed4d135c4e8e5e159aa4be2d1a440250749,buy,0x539efe69bcdd21a83efd9122571a64cc25e0282b,0xe689aa31252a40bd7f465699fc8632a14fd222850b4f46526c259bf8cfc06315
81,1050.92689558,0.037885914585659,0xe08f4b92e94e56ed0435f72f80901c8cdc8b620e,2017-11-02T02:36:37.000Z,0.00003605,0xa708d2106b470b23eeeb574d37512a6d16efd245,sell,0x539efe69bcdd21a83efd9122571a64cc25e0282b,0x54b43651879d9da97b22b56db391ce02ff8df32e13df6205c8861a4564ec6bdf
82,1000,0.0399,0x98145d44c9b1d0b6b48e58e0c144ca76fe90105f,2017-11-02T02:21:57.000Z,0.0000399,0xa131d5f149ae1f162cf92c4afccd8e5a1f5d6f4f,buy,0x539efe69bcdd21a83efd9122571a64cc25e0282b,0x62797c11066a02ff32bd57f8143c8acf8e41061c27f579a5e47a61464e41d4e5
83,1110.317,0.042192046,0x98145d44c9b1d0b6b48e58e0c144ca76fe90105f,2017-11-02T02:21:57.000Z,0.000038,0xe08f4b92e94e56ed0435f72f80901c8cdc8b620e,buy,0x539efe69bcdd21a83efd9122571a64cc25e0282b,0x7879cc8e398c46655ec71385749fd1e805d280768b1d81f34f264296e2def9eb
84,39899.99986968,1.39250999545192,0x98145d44c9b1d0b6b48e58e0c144ca76fe90105f,2017-11-02T02:21:57.000Z,0.0000349000000000022,0x16be20a72ba9c873d8ffb2248c0316180ab9709f,buy,0x539efe69bcdd21a83efd9122571a64cc25e0282b,0x5a75721cda9f05694f2b68d6aa0d1f6d0586480eb8aea9b1f828eefb422dcdfb
85,9690,0.3380841,0x98145d44c9b1d0b6b48e58e0c144ca76fe90105f,2017-11-02T02:21:15.000Z,0.00003489,0x2f6a412f693328f9beb3c2f2efa31d471af7d028,buy,0x539efe69bcdd21a83efd9122571a64cc25e0282b,0x1d621478fe048d89f460321dc809c1631b17f1f5e76b21074deee8c54149e53b
86,600.495,0.045037125,0x98145d44c9b1d0b6b48e58e0c144ca76fe90105f,2017-11-02T02:18:27.000Z,0.000075,0xaa5a8763179d7e24b0230e981cf7cd5d9fa7cff8,buy,0x539efe69bcdd21a83efd9122571a64cc25e0282b,0x857e9318ab8d9e3bb57b1a4225c7d32ec256426df88941fa2c64ccfbc76eae50
87,310,0.0108159,0x9bd942cc8407b0bc1b24ea2ce63be6e9ba1cc59e,2017-11-02T01:56:17.000Z,0.00003489,0x2f6a412f693328f9beb3c2f2efa31d471af7d028,buy,0x539efe69bcdd21a83efd9122571a64cc25e0282b,0x26cc15495d32a0a7b79a9e3bd24eb831fbf00378ea12c048d522a7555989727c
88,0.09756139,0.00000000009756139,0x8b182a4526944fa498970732a69a95d281c3c8a9,2017-11-02T01:55:13.000Z,0.000000001,0xb5c1008412049d13743a69a61b638f6399c8822c,sell,0x539efe69bcdd21a83efd9122571a64cc25e0282b,0xc8402815db79aac1f40a343bb1b6831a0c7a59e48e86737462254e6d982c7097
89,2000,0.0696,0x2d1c9539fb112bfcfc12c88ba56d7bddc804ed73,2017-11-02T01:52:30.000Z,0.0000348,0x087c172696900e8bff0189f2979ed230d586ea45,buy,0x539efe69bcdd21a83efd9122571a64cc25e0282b,0x24b9d4899cf498cd7d829ade51f5d64edeb1f96104d5fa25136e7c099617cfee
90,0.3,0.0000000003,0xcaa16d4a9e58eff401dc4fdf0d9bccc0f6e374bf,2017-11-02T01:43:58.000Z,0.000000001,0xb5c1008412049d13743a69a61b638f6399c8822c,sell,0x539efe69bcdd21a83efd9122571a64cc25e0282b,0xd723294f4f1ad9e2fb790bb5acf071257a4303d56faa55115b53a88590aeda06
91,996.9095803,0.03100388794733,0x2d1c9539fb112bfcfc12c88ba56d7bddc804ed73,2017-11-02T01:32:32.000Z,0.0000311,0xfc3d5c2f5af0ad6a7661c96d88813d60ea58b6a0,sell,0x539efe69bcdd21a83efd9122571a64cc25e0282b,0x514c9a00b2a72a0f367ca644f2ddd7e2a672084ee460e8e6752ff140b00a62bc
92,996.9095803,0.03100388794733,0x2d1c9539fb112bfcfc12c88ba56d7bddc804ed73,2017-11-02T01:27:28.000Z,0.0000311,0x5cc2072740d99c150b6815eccc05c8b6bcd466b7,sell,0x539efe69bcdd21a83efd9122571a64cc25e0282b,0x015a380efa8623b509a91780e393ab757bed21fba2e9a79613e3179d66a0cd86
93,6000,0.18003,0x2d1c9539fb112bfcfc12c88ba56d7bddc804ed73,2017-11-01T23:44:55.000Z,0.000030005,0x7322f723ab0b701ad0b4f328e4f9690fe8a4b18e,sell,0x539efe69bcdd21a83efd9122571a64cc25e0282b,0xb918fc8315624aa556363525437fe963b3b065eb19e1e8793a380e84c6b4e3ea
94,10000,0.345,0xdc37dc8464153bcd37297bb311976832f31e2ab2,2017-11-01T23:29:53.000Z,0.0000345,0x2d1c9539fb112bfcfc12c88ba56d7bddc804ed73,buy,0x539efe69bcdd21a83efd9122571a64cc25e0282b,0x5cc7c07386919e21756d4183e64b2d2d138b766874b05125f9d00f8199fd9278
95,996.9095803,0.029907287409,0x7f989f71005e3cc62a560b00a02bd1d96c6a20f1,2017-11-01T23:26:13.000Z,0.00003,0xca28f395d1daf3be92a0e04d3c8819b822c3eff4,sell,0x539efe69bcdd21a83efd9122571a64cc25e0282b,0xc9b311da0713fafd5393e572f3b3c39d9f04546909fa39f3c6711ea3b0e25756
96,103.91977077,0.003626799999873,0xdffaec7a5feea1a593e3687271c0ca448e0efa47,2017-11-01T23:02:34.000Z,0.0000349,0x16be20a72ba9c873d8ffb2248c0316180ab9709f,sell,0x539efe69bcdd21a83efd9122571a64cc25e0282b,0xf8fae054b3919aef25008d3bd41968be90edd77736252d2d79bd44b47b7a0bc2
97,0.00000001,0.000000000000453357,0xdc37dc8464153bcd37297bb311976832f31e2ab2,2017-11-01T23:01:53.000Z,0.0000453357,0x16be20a72ba9c873d8ffb2248c0316180ab9709f,buy,0x539efe69bcdd21a83efd9122571a64cc25e0282b,0x294e7cec097a1812d53fbf264696d69910339983e8d36b3e24ffb5d09e6c7b55
98,18204.15782472,0.58253305039104,0xaec11495eebc760e5d5fac64b11d8fa360a42904,2017-11-01T23:01:53.000Z,0.000032,0x16be20a72ba9c873d8ffb2248c0316180ab9709f,sell,0x539efe69bcdd21a83efd9122571a64cc25e0282b,0x4c1bd7e1b0ec7b6964b5094f7861c6071d8438ca4a36734d5bdb4f31211e3d67
99,0.0001303,0.000000004547626702,0xdc37dc8464153bcd37297bb311976832f31e2ab2,2017-11-01T22:59:47.000Z,0.0000349012026247122,0x16be20a72ba9c873d8ffb2248c0316180ab9709f,buy,0x539efe69bcdd21a83efd9122571a64cc25e0282b,0x7f81a98d06bc6fbbdcaa71c79f00b7a8ad9d30c1e0eb38eef834281cd40b2dd3
100,8000,0.2792,0xfe737759f9f7ec05535c1b092d3d5392577f9e12,2017-11-01T22:48:54.000Z,0.0000349,0x16be20a72ba9c873d8ffb2248c0316180ab9709f,buy,0x539efe69bcdd21a83efd9122571a64cc25e0282b,0xd46c33055c412a5959833faa15588bcb60a59afa9ef90c6d7ba4f4cbce0b1115
101,14458.19359989,0.46266219519648,0xaec11495eebc760e5d5fac64b11d8fa360a42904,2017-11-01T22:32:55.000Z,0.000032,0xa839c6c2143fac413b4aa0134b200b84dfa1bb08,sell,0x539efe69bcdd21a83efd9122571a64cc25e0282b,0x22ed0a64c9aa8b33cd54fc85b40c7f531a5772fa491588f6a5daf79690a3b8d1
102,2093.7,0.0753732,0xdffaec7a5feea1a593e3687271c0ca448e0efa47,2017-11-01T22:28:51.000Z,0.000036,0x273a5d3e6721b9f5c1a6474f560c1334c63dda01,sell,0x539efe69bcdd21a83efd9122571a64cc25e0282b,0xdeaaa15b38994c6fbcf48bfdf7a6e6a6f6aa9b950e386bae021c50af8718c4dd
103,2100,0.07329,0x273a5d3e6721b9f5c1a6474f560c1334c63dda01,2017-11-01T22:28:51.000Z,0.0000349,0x16be20a72ba9c873d8ffb2248c0316180ab9709f,buy,0x539efe69bcdd21a83efd9122571a64cc25e0282b,0xdeaaa15b38994c6fbcf48bfdf7a6e6a6f6aa9b950e386bae021c50af8718c4dd
104,1800,0.073422,0x4ae733954649f52387920872c9033ea09a61f95a,2017-11-01T22:19:12.000Z,0.00004079,0x2a8600bbdaab254a2f8a8e00912799295c3dd601,buy,0x539efe69bcdd21a83efd9122571a64cc25e0282b,0x76c9e8024205e30ac4f66dd99ec9b30013d82396fc7503341eeb32add0f27723
105,1800,0.073422,0x4ae733954649f52387920872c9033ea09a61f95a,2017-11-01T22:19:00.000Z,0.00004079,0x2a8600bbdaab254a2f8a8e00912799295c3dd601,buy,0x539efe69bcdd21a83efd9122571a64cc25e0282b,0x76c9e8024205e30ac4f66dd99ec9b30013d82396fc7503341eeb32add0f27723
106,1000,0.030001,0xa131d5f149ae1f162cf92c4afccd8e5a1f5d6f4f,2017-11-01T22:17:21.000Z,0.000030001,0x16be20a72ba9c873d8ffb2248c0316180ab9709f,sell,0x539efe69bcdd21a83efd9122571a64cc25e0282b,0xdf2375239adb083785405ec798a2717232fbb2952ad425c7b76f8992b55c0e02
107,498.45479015,0.0159505532848,0xaec11495eebc760e5d5fac64b11d8fa360a42904,2017-11-01T22:17:06.000Z,0.000032,0xd550905ec6362fd4ddcfb65fac68038bb0f5e089,sell,0x539efe69bcdd21a83efd9122571a64cc25e0282b,0xf6bb50c3e58e744c372fc154b0fbc47beed3d53dcb202f56ddc15631d2e0e832
108,893.95760203,0.036652261683333145,0xeb3089234aec8e622b2f015cc0156aa399a1d78a,2017-11-01T22:15:42.000Z,0.00004100000000011537,0x435d61c576732bc05fb25091588fd63527932f46,buy,0x539efe69bcdd21a83efd9122571a64cc25e0282b,0xe06ffb8b63b90ab29ea9153ee3e786909a60561b30e888b6a92c9c04ff769b88
109,2000,0.08,0xeb3089234aec8e622b2f015cc0156aa399a1d78a,2017-11-01T22:14:21.000Z,0.00004,0xbc2149633eb1301f2dd14cd25e0f8542f3d44bac,buy,0x539efe69bcdd21a83efd9122571a64cc25e0282b,0xd81a761435016c2d5e7f0f94045641698eb7a6ebd826924d859e1e77748a0584
110,199.1,0.007964,0x4ae733954649f52387920872c9033ea09a61f95a,2017-11-01T22:13:24.000Z,0.00004,0x7559dab28e830c9b8fd6e8c15fbb904ccc4775e8,buy,0x539efe69bcdd21a83efd9122571a64cc25e0282b,0x260a966ed4f20c16608888456730d83b37a55c2a28e20b951e339d09f51f8ed0
111,3350,0.11725,0x4ae733954649f52387920872c9033ea09a61f95a,2017-11-01T22:12:59.000Z,0.000035,0x092350e68526f2f5e23498771fe5d22188854521,buy,0x539efe69bcdd21a83efd9122571a64cc25e0282b,0x0856996937d7a3ead24dda7c6f44ff258d92372d4244da41b41328c44a8eae5c
112,10031,0.40124,0x4ae733954649f52387920872c9033ea09a61f95a,2017-11-01T22:12:59.000Z,0.00004,0x3e7d005ed164cc1b2066279cf625a0960281dfb2,buy,0x539efe69bcdd21a83efd9122571a64cc25e0282b,0x908acc67dee43ef84502cf561ba16ee451628f67e702798e0cad985f58b1e778
113,1000,0.04,0x4ae733954649f52387920872c9033ea09a61f95a,2017-11-01T22:12:59.000Z,0.00004,0x42402c8ce29cd961ad96253ca1bd402b91d3be74,buy,0x539efe69bcdd21a83efd9122571a64cc25e0282b,0xbd2d4c9c39e18f89ac58193e1f42f7b49354887fa26c18146402e776c58db63d
114,1000,0.03499,0x4ae733954649f52387920872c9033ea09a61f95a,2017-11-01T22:12:59.000Z,0.00003499,0xdb3a3dff3180a9f045208b966b8e3d0070ae2372,buy,0x539efe69bcdd21a83efd9122571a64cc25e0282b,0xa1236c30bdfe7ad6ef33adcf267d384902758801566a7c6b500ae98570fbd973
115,1690.71682513,0.05883694551476208,0xeb3089234aec8e622b2f015cc0156aa399a1d78a,2017-11-01T22:11:53.000Z,0.00003480000000014081,0x0ca82a26afd617f165acb0b6c10c8282787b5cd3,buy,0x539efe69bcdd21a83efd9122571a64cc25e0282b,0x88d9ff571d46d2d22ab104230e3c2a4110cebb967cb93f5e15c56b4e30b90cf3
116,6839.19335723,0.21885418743136,0xaec11495eebc760e5d5fac64b11d8fa360a42904,2017-11-01T22:07:37.000Z,0.000032,0xfbac48777902584e3a2a797500743a22c41cbd15,sell,0x539efe69bcdd21a83efd9122571a64cc25e0282b,0xcef9496de63fccb2e27a469a0e825e66be2953b3d02a6c00b9e0666f2df8dfaa
117,195.35976084,0.00918190875949197,0x7fd41d6c6e3f734393f9a9c6c0beb149f31d57b7,2017-11-01T21:47:47.000Z,0.00004700000000006127,0x95d8068d5507be4ff3930a21e29480d629a940ef,buy,0x539efe69bcdd21a83efd9122571a64cc25e0282b,0xaa0e8d22fdc0b50e92e252366eedfad3135bb36f50d6f5526c30c5d51b4ff940
118,996.9095803,0.029907287409,0x1ed0aff6ad547c7a46690170f23107617399fced,2017-11-01T21:25:59.000Z,0.00003,0x6fedd64864c47dda9b52692089f9c5fb07b796c1,sell,0x539efe69bcdd21a83efd9122571a64cc25e0282b,0x663d97106d045d820cb1c719b4c1613b60f6e88c5d859c0a729779753ad76e3f
119,1000,0.03388,0xc69a33bc604b07b966af04b53459e8506c707619,2017-11-01T21:12:52.000Z,0.00003388,0xa2ada1379328f0ebdcc75fff3478e6c14e9521ba,buy,0x539efe69bcdd21a83efd9122571a64cc25e0282b,0xfa221bcafa2255188034933687b9b447b7dbd1817414aa7b9c8f756d544911d9
120,7999,0.27076615,0xc69a33bc604b07b966af04b53459e8506c707619,2017-11-01T21:12:52.000Z,0.00003385,0xed4d7c583c488bbc7c234be92c916cbfd3450587,buy,0x539efe69bcdd21a83efd9122571a64cc25e0282b,0xf3641f7bd384df31d1df17d6f87ecfc3cfe6283ff4c1a3ab8696c0a898a70f33
121,1000,0.03388,0xc69a33bc604b07b966af04b53459e8506c707619,2017-11-01T21:12:52.000Z,0.00003388,0x0f1c873c71b3299e222b1ab8604b41b9dadcb2f1,buy,0x539efe69bcdd21a83efd9122571a64cc25e0282b,0xea0c1e2564123a06b65fd14238577dd5a8b72b7da512a491e0d99f1c50036740
122,10000,0.3,0x3e7d005ed164cc1b2066279cf625a0960281dfb2,2017-11-01T20:57:15.000Z,0.00003,0xa4252e82894d1f089d92399ff59bd848c9fc88d7,sell,0x539efe69bcdd21a83efd9122571a64cc25e0282b,0x7e45cb49dee4c5804d28ef31df8dc4f150073233ce27a0dbbb7ec91ed26139f8
123,1700,0.05882,0x76edeaf9e7f117d946a30f9a96db7e5197d0c5b4,2017-11-01T20:30:46.000Z,0.0000346,0x0ca82a26afd617f165acb0b6c10c8282787b5cd3,buy,0x539efe69bcdd21a83efd9122571a64cc25e0282b,0xfee6c380fbecb6c67e5bda5a089aea8758faf72ab64eb731a61cef4e747af0e2
124,7969.29518492,0.224335659455498,0xfeeea026676322fcabf392cb4394603230836a82,2017-11-01T20:12:37.000Z,0.00002815,0x318323cd98dc0bf291b5f9b265a81296c62d1342,sell,0x539efe69bcdd21a83efd9122571a64cc25e0282b,0x50e66291f3797d801d2a13502cdf7df7c9385ea8f459c8db231fd9bbe4c76dcd
125,20000,0.86,0x5ef8ee67fba4ed9114acc0394be8ca505803a4d8,2017-11-01T20:10:43.000Z,0.000043,0x422d7c1f2f04e7582163d1381a436516f4de3c2a,sell,0x539efe69bcdd21a83efd9122571a64cc25e0282b,0xd4d048f6dc9efa54f07b8c92dde93a1f724597f9c63d334dc1d820529d7b360a
126,2000,0.058,0x0ca82a26afd617f165acb0b6c10c8282787b5cd3,2017-11-01T20:10:43.000Z,0.000029,0x318323cd98dc0bf291b5f9b265a81296c62d1342,sell,0x539efe69bcdd21a83efd9122571a64cc25e0282b,0x6a658872cf9cb5c3d87016817334f53cc3e908992eca60cbe9dc5695dd4ba566
127,20079.99999999,0.7027999999999999,0x422d7c1f2f04e7582163d1381a436516f4de3c2a,2017-11-01T20:10:43.000Z,0.00003500000000001742,0x092350e68526f2f5e23498771fe5d22188854521,buy,0x539efe69bcdd21a83efd9122571a64cc25e0282b,0xd4d048f6dc9efa54f07b8c92dde93a1f724597f9c63d334dc1d820529d7b360a
128,996.9095803,0.029907287409,0x7adc947493b5933e209385a9aff9e4082decf10d,2017-11-01T19:36:43.000Z,0.00003,0x7cbf9f7f192c84e93af6e6758bb7b8b5da1c29b5,sell,0x539efe69bcdd21a83efd9122571a64cc25e0282b,0x0133b3bc964995555a30c6b72c3badb4f1325e05065540bd2d0de433e9c994d3
129,650,0.021775,0xb518b80e7b53b78bf5c43cc10aeacd91a303766b,2017-11-01T19:32:02.000Z,0.0000335,0x59382d769b963da21aeb2304d4098ad64bcd3a69,buy,0x539efe69bcdd21a83efd9122571a64cc25e0282b,0x5e71b76a6ee1004ac665c6182f488eff177caa254a9a084b0f96c4409a8345d3
130,966.37794056,0.02705858233568,0x3b985dcb066a8e69eb25c2e1ade62579266f6717,2017-11-01T19:22:07.000Z,0.000028,0x18c657a2403e75ed03a885622031e6c9985fe212,sell,0x539efe69bcdd21a83efd9122571a64cc25e0282b,0x0e82b1667d611ac661e5374ffedb5eb46ab086ac6091f44b057c1e7eb6b5f208
131,30.53468377,0.0011007753499085,0xe08f4b92e94e56ed0435f72f80901c8cdc8b620e,2017-11-01T19:17:51.000Z,0.00003605,0x18c657a2403e75ed03a885622031e6c9985fe212,sell,0x539efe69bcdd21a83efd9122571a64cc25e0282b,0x1085941af1a868175cdd67c3c19878b46d219e0a5b6dd9257114944fb7f9ac64
132,0.36842065,0.0000132815644325,0xe08f4b92e94e56ed0435f72f80901c8cdc8b620e,2017-11-01T19:15:23.000Z,0.00003605,0x65e44324f5a4edb9fa333b1e0185975641cd5029,sell,0x539efe69bcdd21a83efd9122571a64cc25e0282b,0x4792725a27e96a2903ecde620446ca79c9c4abe1f67cfb632d90c29e0a7e9d7d
133,31,0.0010385,0x3e7d005ed164cc1b2066279cf625a0960281dfb2,2017-11-01T19:07:20.000Z,0.0000335,0x59382d769b963da21aeb2304d4098ad64bcd3a69,buy,0x539efe69bcdd21a83efd9122571a64cc25e0282b,0xb4c165431d1433be14f26c5f688c2a8faed5689025a063aa04bbe8e1d86c2313
134,384.66,0.01288611,0xc847559681f261b9c1481df5ff4f4ae014317da0,2017-11-01T19:05:24.000Z,0.0000335,0x0ca82a26afd617f165acb0b6c10c8282787b5cd3,buy,0x539efe69bcdd21a83efd9122571a64cc25e0282b,0xe1f11a86381cd48703df45e7a3f0053c4874148cd402006892f847ad4ac2ded1
135,5764.9922112,0.23515403229494863,0xeb3089234aec8e622b2f015cc0156aa399a1d78a,2017-11-01T18:55:37.000Z,0.00004079000000001745,0x2a8600bbdaab254a2f8a8e00912799295c3dd601,buy,0x539efe69bcdd21a83efd9122571a64cc25e0282b,0x650c581373b7e83e83b0d2c0e5a11888897a36cda1de8b933214598e3714b789
136,1078.58451,0.0388829715855,0xe08f4b92e94e56ed0435f72f80901c8cdc8b620e,2017-11-01T18:52:20.000Z,0.00003605,0x273a5d3e6721b9f5c1a6474f560c1334c63dda01,sell,0x539efe69bcdd21a83efd9122571a64cc25e0282b,0x95d963a4beb9a02e7062b0ea12d6f66c59ec29194b0185cf5b71eceac2a67a47
137,1081.83,0.036241305,0x273a5d3e6721b9f5c1a6474f560c1334c63dda01,2017-11-01T18:52:20.000Z,0.0000335,0x59382d769b963da21aeb2304d4098ad64bcd3a69,buy,0x539efe69bcdd21a83efd9122571a64cc25e0282b,0x95d963a4beb9a02e7062b0ea12d6f66c59ec29194b0185cf5b71eceac2a67a47
138,1081,0.039997,0xeb3089234aec8e622b2f015cc0156aa399a1d78a,2017-11-01T18:51:24.000Z,0.000037,0xe08f4b92e94e56ed0435f72f80901c8cdc8b620e,buy,0x539efe69bcdd21a83efd9122571a64cc25e0282b,0xaa76bf37557f67f74da12b8c97c76070832754bccd02423ed535dd1e08a50735
139,0.16225774,0.000007950629690368,0xeb3089234aec8e622b2f015cc0156aa399a1d78a,2017-11-01T18:47:15.000Z,0.0000490000026523727,0x96e1e7ba823796772bbda5c2abe81c8556b5e937,buy,0x539efe69bcdd21a83efd9122571a64cc25e0282b,0xeeab8fd66d7ff61ca8a248ac8007cd5de7afd2972567f1871cfd74f95137d549
140,1190.33979737,0.03987638321204267,0xeb3089234aec8e622b2f015cc0156aa399a1d78a,2017-11-01T18:44:42.000Z,0.00003350000000012405,0x59382d769b963da21aeb2304d4098ad64bcd3a69,buy,0x539efe69bcdd21a83efd9122571a64cc25e0282b,0x6597aeb01dca6b0d07a5d2c44691f4a7e762775de4bfc17634c9ff538fe7720d
141,1190.33979737,0.03987638321204267,0xeb3089234aec8e622b2f015cc0156aa399a1d78a,2017-11-01T18:44:32.000Z,0.00003350000000012405,0x0ca82a26afd617f165acb0b6c10c8282787b5cd3,buy,0x539efe69bcdd21a83efd9122571a64cc25e0282b,0xf0cd42e901b9a53dc1eda9f63ac259723cb6c41d387f01289900aa733900f193
142,1.81336547,0.000048054184955,0x5048e8b634cd1f935248df5c42a2d9a203bab4b3,2017-11-01T18:41:19.000Z,0.0000265,0x9b89d2707cba6dd93fd3177cc2dca60654b27822,sell,0x539efe69bcdd21a83efd9122571a64cc25e0282b,0xaf36f041a0d9368c2ad01603c56187733bdd2f6cd5db9a6f7ae5fa5ecce3d646
143,5000,0.167,0x76edeaf9e7f117d946a30f9a96db7e5197d0c5b4,2017-11-01T18:40:45.000Z,0.0000334,0x982585aede09cc41d043aabcafef5233b69c78f0,buy,0x539efe69bcdd21a83efd9122571a64cc25e0282b,0x1df8c8991298ae30ff39c16796bc5d5dfebd7139571866bd65b07f6782860b31
144,1860,0.049476,0x982585aede09cc41d043aabcafef5233b69c78f0,2017-11-01T18:31:52.000Z,0.0000266,0x79b3ab1f7c6dfde38b509806aec526b656b155a9,sell,0x539efe69bcdd21a83efd9122571a64cc25e0282b,0xba7b8b073d3ead05a8f59ac447cc8e61759d4f27545c7fdf461d00aa7c0ee668
145,0.00000005,0.000000000002972272,0xeb3089234aec8e622b2f015cc0156aa399a1d78a,2017-11-01T18:28:23.000Z,0.00005944544,0x1f39f430aeac3396ea046b61890f1d7e70351ec4,buy,0x539efe69bcdd21a83efd9122571a64cc25e0282b,0x8c3dfe5c8b9682e1f287a853b08e10e882c79f1b1579768fb87fe8ed4793d488
146,0.00066999,0.000000029814861339,0xeb3089234aec8e622b2f015cc0156aa399a1d78a,2017-11-01T18:24:14.000Z,0.00004450045722921237,0x0ffffa6ce80eee2139e8b4c76a5a210dff49a48c,buy,0x539efe69bcdd21a83efd9122571a64cc25e0282b,0x1004f44aa21730e158a9c82907d65a302afa8dd75299f8c730585b485edb17b1
147,591.0188326,0.01968092712590968,0x76edeaf9e7f117d946a30f9a96db7e5197d0c5b4,2017-11-01T18:22:54.000Z,0.00003330000000055781,0xa82d767cdf1f63a3078b8dfe7b35204605d3e59f,buy,0x539efe69bcdd21a83efd9122571a64cc25e0282b,0xc9c8884e2e66c169c69722770e2bf173503e04811a207815da8ffb619fb785ad
148,8.98116739,0.00029907287409032,0xeb3089234aec8e622b2f015cc0156aa399a1d78a,2017-11-01T18:13:43.000Z,0.00003330000000036966,0xa82d767cdf1f63a3078b8dfe7b35204605d3e59f,buy,0x539efe69bcdd21a83efd9122571a64cc25e0282b,0x182ff2cd29b8209682a29ae19e3061673bd0b07c137b2c1fa28e4adb7cf2471a
149,1500,0.0495,0xd29efd58596feaac4398b8d20803c5c8af1d868c,2017-11-01T17:58:52.000Z,0.000033,0x982585aede09cc41d043aabcafef5233b69c78f0,buy,0x539efe69bcdd21a83efd9122571a64cc25e0282b,0x319d7ad61a04b9f7750d46d41c656623852d7d27be5ef9482fac121aadd704c6
150,22190.04296029,0.57694111696754,0x72dd6f2a4d68a1d0a0fe81ca9adacfc58bf16770,2017-11-01T17:26:38.000Z,0.000026,0xfe737759f9f7ec05535c1b092d3d5392577f9e12,sell,0x539efe69bcdd21a83efd9122571a64cc25e0282b,0x5d939363de7c17dd97140e587142bdc99fe37e213b0fd142e5d029625059126a
151,20000,0.52,0x72dd6f2a4d68a1d0a0fe81ca9adacfc58bf16770,2017-11-01T17:24:24.000Z,0.000026,0xfe737759f9f7ec05535c1b092d3d5392577f9e12,sell,0x539efe69bcdd21a83efd9122571a64cc25e0282b,0x0bb76d70b5cc1549dd5dad77cbfe34369abe367a024de01ee64870c910bd4597
152,25,0.0008375,0x12c535547350bb959bc354855083a229c2263759,2017-11-01T17:05:34.000Z,0.0000335,0x0ca82a26afd617f165acb0b6c10c8282787b5cd3,buy,0x539efe69bcdd21a83efd9122571a64cc25e0282b,0xf73d49351d08fdda461b7c74a9a70e8eba77386845c34da705651b683a4c22ce
153,19938.19118761,0.49845477969025,0xaec11495eebc760e5d5fac64b11d8fa360a42904,2017-11-01T17:04:31.000Z,0.000025,0xa21ea84282207440ad34bdcb277d6bd5a4b08321,sell,0x539efe69bcdd21a83efd9122571a64cc25e0282b,0xae3c8369b9e286dac64b14ee2bd157fd18a1d4cb2ddc632266b72fb36149f27c
154,1.29197733,0.00003229943325,0xaec11495eebc760e5d5fac64b11d8fa360a42904,2017-11-01T16:53:42.000Z,0.000025,0x0006d50465bbd36394383345a4facc1a1064f18d,sell,0x539efe69bcdd21a83efd9122571a64cc25e0282b,0x6a7b54700c413734dd8976d51c08a26505436da4121883425d532ef1d3045115
155,12959.82454391,0.32399561359775,0xaec11495eebc760e5d5fac64b11d8fa360a42904,2017-11-01T16:52:03.000Z,0.000025,0x0006d50465bbd36394383345a4facc1a1064f18d,sell,0x539efe69bcdd21a83efd9122571a64cc25e0282b,0xd38277154ed1af03de72bd335ef96fff324ec7845b341a8e9041fd47f74a292a
156,396.96939487,0.00992423487175,0xaec11495eebc760e5d5fac64b11d8fa360a42904,2017-11-01T16:41:26.000Z,0.000025,0x02d26c9e67ecb68fed11ec0ed8555328ec0f98b2,sell,0x539efe69bcdd21a83efd9122571a64cc25e0282b,0x937a009befb5951497b107585028e734d065a90a96b7fb0b7ffe7afcc02b34c6
157,600,0.0156,0xa82d767cdf1f63a3078b8dfe7b35204605d3e59f,2017-11-01T16:40:27.000Z,0.000026,0x02d26c9e67ecb68fed11ec0ed8555328ec0f98b2,sell,0x539efe69bcdd21a83efd9122571a64cc25e0282b,0x77f06f285b611257514cedfe3bfc186a12dfa171e52593de4e5fc16cf8da9082
158,0.00058806,0.0000000147015,0xa3041a207060edacddcdeab68ac72497c1fb228d,2017-11-01T16:31:38.000Z,0.000025,0xc4337c118bbd48dfb9b575409e9f5828734f653f,sell,0x539efe69bcdd21a83efd9122571a64cc25e0282b,0xb4712c29ee31c232b08b6525f64482b8fb69c85885ad13d7f239e22c5aa90c29
159,0.00058806,0.0000000147015,0xa3041a207060edacddcdeab68ac72497c1fb228d,2017-11-01T16:31:32.000Z,0.000025,0xc4337c118bbd48dfb9b575409e9f5828734f653f,sell,0x539efe69bcdd21a83efd9122571a64cc25e0282b,0xb4712c29ee31c232b08b6525f64482b8fb69c85885ad13d7f239e22c5aa90c29
160,7500,0.225,0xaec11495eebc760e5d5fac64b11d8fa360a42904,2017-11-01T16:29:59.000Z,0.00003,0xae3f3d596529501d6ed78d56fcdf3a77aaa3f445,buy,0x539efe69bcdd21a83efd9122571a64cc25e0282b,0x2956fd0b6e6eb4b821f7fb5a87b132866af3d4db8042f1e1716d26667289b007
161,5000,0.1475,0xf33bc464fb8a61db1d8cce0c22dad4f833fabb2a,2017-11-01T16:23:35.000Z,0.0000295,0xaa79e3023fc08d39d74a598dae335fb4ff7d9a3f,sell,0x539efe69bcdd21a83efd9122571a64cc25e0282b,0x9a47e13d276ee810ad40406ee1b986de043d58fd7a976980cda7980aa4b987d8
162,518,0.016576,0x0b46dd00d9e20ee9d9ecd9904ef692af797cf6e7,2017-11-01T16:20:54.000Z,0.000032,0xa82d767cdf1f63a3078b8dfe7b35204605d3e59f,buy,0x539efe69bcdd21a83efd9122571a64cc25e0282b,0xb226af48b0b91a24639a92fb5fa580c149a70371c480c861ef82a123414a8619
163,5.8987791,0.0001474694775,0xa3041a207060edacddcdeab68ac72497c1fb228d,2017-11-01T16:13:44.000Z,0.000025,0xc4337c118bbd48dfb9b575409e9f5828734f653f,sell,0x539efe69bcdd21a83efd9122571a64cc25e0282b,0x703301a75e9adccebfc14979257ed7e54c05b7441cc887c4c721218bec2704a3
164,59170.65310643,1.24258371523503,0xebe301de482a78800c2faf7b795633a2beb734eb,2017-11-01T16:02:34.000Z,0.000021,0xc4337c118bbd48dfb9b575409e9f5828734f653f,sell,0x539efe69bcdd21a83efd9122571a64cc25e0282b,0x6fc96c619b4cae1f7e816695e2704decde9ef5e3c10bff1ad2e89321ed2fd58a
165,1000,0.028,0xb44fde44d5fcbc0438744db970d4b67e26377544,2017-11-01T15:58:28.000Z,0.000028,0x3e2ee1b447815a295be9966b8387fb59299214db,sell,0x539efe69bcdd21a83efd9122571a64cc25e0282b,0xc785f9a15c010e4122519c832af59c8127bb8ea03d98e0efb9677c3ab5c168d3
166,30000,0.75,0xaec11495eebc760e5d5fac64b11d8fa360a42904,2017-11-01T15:58:28.000Z,0.000025,0x3e2ee1b447815a295be9966b8387fb59299214db,sell,0x539efe69bcdd21a83efd9122571a64cc25e0282b,0x9cc83e224bfe6d42c15419c357448d41c30f3e5641c443dc827864bc6c957a66
167,131.809,0.003558843,0x8397b719f59d95d250cdabef8daaaba2865558a1,2017-11-01T15:58:28.000Z,0.000027,0x3e2ee1b447815a295be9966b8387fb59299214db,sell,0x539efe69bcdd21a83efd9122571a64cc25e0282b,0x44de4c36edea07b63306416acb7e13fad22063df926c3b520d3466642e844c77
168,300,0.0078,0x4917b14967d8c839629a6a93b9a6b08508d976bc,2017-11-01T15:58:28.000Z,0.000026,0x3e2ee1b447815a295be9966b8387fb59299214db,sell,0x539efe69bcdd21a83efd9122571a64cc25e0282b,0x904bf5fd53519df9ad8572bf3348f0e569ee472d593a52a496b07d9a4d91fe5c
169,14000,0.406,0x0ca82a26afd617f165acb0b6c10c8282787b5cd3,2017-11-01T15:53:16.000Z,0.000029,0x3e2ee1b447815a295be9966b8387fb59299214db,sell,0x539efe69bcdd21a83efd9122571a64cc25e0282b,0x8efb0f843dde3594078e26beea94f644652868a4f2b60a0f2750887c167d9829
170,30000,0.87,0xaec11495eebc760e5d5fac64b11d8fa360a42904,2017-11-01T15:53:12.000Z,0.000029,0x3e2ee1b447815a295be9966b8387fb59299214db,sell,0x539efe69bcdd21a83efd9122571a64cc25e0282b,0x5d90a07eb0925dd6dbfeae778ff65780432eca5ca353af0c78cf4fb646533611
171,11980,0.34743198,0x982585aede09cc41d043aabcafef5233b69c78f0,2017-11-01T15:52:59.000Z,0.000029001,0x3e2ee1b447815a295be9966b8387fb59299214db,sell,0x539efe69bcdd21a83efd9122571a64cc25e0282b,0x798e0c196c797be31e34a1bcedf885dc0c1043920fa2797b846d21b17cc4b5a0
172,1000,0.0353,0xe770d23fa76fb4ac046fdd55223c5808c5532cfa,2017-11-01T15:46:39.000Z,0.0000353,0x3e64563c43664225d1342dfcfbf014775ebe9dd8,buy,0x539efe69bcdd21a83efd9122571a64cc25e0282b,0x238f6c6d2fd2532a2119481a5997991d8e973693e259c3a81e2b03e39c5d253d
173,1,0.000036,0x65b5ad128a7bf7ee32320d1453a4888c798c162a,2017-11-01T15:41:14.000Z,0.000036,0xc4337c118bbd48dfb9b575409e9f5828734f653f,buy,0x539efe69bcdd21a83efd9122571a64cc25e0282b,0xf224a36cf7ea40be441ba8e751351ef0b64fd2eae390b9d61fd8b559fff04a4d
174,1500,0.045,0x435d61c576732bc05fb25091588fd63527932f46,2017-11-01T15:25:54.000Z,0.00003,0xc4337c118bbd48dfb9b575409e9f5828734f653f,sell,0x539efe69bcdd21a83efd9122571a64cc25e0282b,0x4732796b8b92b0ce298df72b0c3eaf6039cd01a92dd271f31c2766991511aeee
175,97.333,0.00291999,0x0ffffa6ce80eee2139e8b4c76a5a210dff49a48c,2017-11-01T15:20:07.000Z,0.00003,0xc4337c118bbd48dfb9b575409e9f5828734f653f,sell,0x539efe69bcdd21a83efd9122571a64cc25e0282b,0xeb2ea46ac5387ed3e8f74c3b636bb2d88ee5a081d680371f10f9b3ac37e5f1e0
176,25544.606,0.76633818,0xaec11495eebc760e5d5fac64b11d8fa360a42904,2017-11-01T15:11:47.000Z,0.00003,0xc4337c118bbd48dfb9b575409e9f5828734f653f,sell,0x539efe69bcdd21a83efd9122571a64cc25e0282b,0x5f23de2760fdd9d4cc6bd8d81136cf1e32829e2970157a5a9646a3da2231ce49
177,87.91196292,0.00303296272074,0xab0595191065e01bb6d963d8456b91b759f8b68d,2017-11-01T15:07:21.000Z,0.0000345,0xc4337c118bbd48dfb9b575409e9f5828734f653f,sell,0x539efe69bcdd21a83efd9122571a64cc25e0282b,0x63b4b14b5ed060a6848699e0da2d8153ef9bfb1d8c04a5bf9180b81e8e9bb3c1
178,4455.3937318,0.133661811954,0xaec11495eebc760e5d5fac64b11d8fa360a42904,2017-11-01T15:07:21.000Z,0.00003,0x698b36533fdb7fc000a7a31a995bdef75c17bfa9,sell,0x539efe69bcdd21a83efd9122571a64cc25e0282b,0xfa740e07574cd0fcb363eaa7df3df802faa043bb12607fd3ea3c0b1d95f27e57
179,30000,1.05,0xaec11495eebc760e5d5fac64b11d8fa360a42904,2017-11-01T14:41:02.000Z,0.000035,0xc4337c118bbd48dfb9b575409e9f5828734f653f,sell,0x539efe69bcdd21a83efd9122571a64cc25e0282b,0xbb72cf39f644253985026d34a88514db2ab0586a6df7184a8eeee82cd1c29aa7
180,912.08803708,0.03146703727926,0xab0595191065e01bb6d963d8456b91b759f8b68d,2017-11-01T14:39:12.000Z,0.0000345,0xe80ba4b34b2696850cbbafd934c2dd0c3d18d26d,sell,0x539efe69bcdd21a83efd9122571a64cc25e0282b,0x83e65b385a5036e075a018596ff8e0d09abe36e7f06bf7c0da3af3c0a39cc39e
181,84.83,0.0030581215,0xe08f4b92e94e56ed0435f72f80901c8cdc8b620e,2017-11-01T14:36:41.000Z,0.00003605,0xe80ba4b34b2696850cbbafd934c2dd0c3d18d26d,sell,0x539efe69bcdd21a83efd9122571a64cc25e0282b,0x1c3bc4969fbdd523c2e4a6804d47e7c74641127c4e94918433eae7ab2b48f6c1
182,1000,0.035,0x273a5d3e6721b9f5c1a6474f560c1334c63dda01,2017-11-01T14:34:22.000Z,0.000035,0x209a8f6fedae19785a025e6fdf31920485ea015f,buy,0x539efe69bcdd21a83efd9122571a64cc25e0282b,0x9830bbc4d6e2024d59f5298713632840f1a0da64f13fd1821164280933c51d01
183,997,0.03594185,0xe08f4b92e94e56ed0435f72f80901c8cdc8b620e,2017-11-01T14:34:22.000Z,0.00003605,0x273a5d3e6721b9f5c1a6474f560c1334c63dda01,sell,0x539efe69bcdd21a83efd9122571a64cc25e0282b,0x9830bbc4d6e2024d59f5298713632840f1a0da64f13fd1821164280933c51d01
184,4000,0.144,0x975af62c3a69e315ebf0a267421026ac9a66ebc6,2017-11-01T14:32:24.000Z,0.000036,0xc4337c118bbd48dfb9b575409e9f5828734f653f,sell,0x539efe69bcdd21a83efd9122571a64cc25e0282b,0x4c811c5f71d1705961f856c9031d9a0b84eaf47edb8321d908941900c3146817
185,10000,0.302,0x705b70dc449d816103954e68b5e9d7fc96af5038,2017-11-01T14:32:24.000Z,0.0000302,0xc4337c118bbd48dfb9b575409e9f5828734f653f,sell,0x539efe69bcdd21a83efd9122571a64cc25e0282b,0x25fe75329391cbd77c8ebecbdc6378e20c5e37c69672e6f069ed6cdb55ecf8db
186,12244.04717403,0.45302974543911,0xaec11495eebc760e5d5fac64b11d8fa360a42904,2017-11-01T14:30:39.000Z,0.000037,0xc4337c118bbd48dfb9b575409e9f5828734f653f,sell,0x539efe69bcdd21a83efd9122571a64cc25e0282b,0x89ecaddd3ec94389cfc0f3b754a76685c65a5044b6ef83e7cb749c05470cccfb
187,3908.87179743,0.14462825650491,0xee3acf8c5ec3cdd3d36fb0778eddb7451673a7c1,2017-11-01T14:30:39.000Z,0.000037,0xc4337c118bbd48dfb9b575409e9f5828734f653f,sell,0x539efe69bcdd21a83efd9122571a64cc25e0282b,0x852325173a1630c136b1ead1cef393b006fa694352370c85eb6b55b99236f74e
188,1993.8191606,0.0737713089422,0xaec11495eebc760e5d5fac64b11d8fa360a42904,2017-11-01T14:27:16.000Z,0.000037,0x300311dd89c0e3eafcb1aba294167760de9a119a,sell,0x539efe69bcdd21a83efd9122571a64cc25e0282b,0xa07bf03a042448c8fb0bc5f831a39c1706de5b5a78aedda96aab66bb01356162
189,0.00000003,0.00000000000111,0xaec11495eebc760e5d5fac64b11d8fa360a42904,2017-11-01T14:25:50.000Z,0.000037,0x0cd2795a623adeb9370e2895e8d7526a6e4c556d,sell,0x539efe69bcdd21a83efd9122571a64cc25e0282b,0xd4850ecf4146bc54d37f8bec454b2cd7eb53192d59fa1fc4f8c6aacd1248981f
190,1000,0.036,0x273a5d3e6721b9f5c1a6474f560c1334c63dda01,2017-11-01T14:20:59.000Z,0.000036,0x480b343caec0e49b3ef7815e6f98c02c0152fb74,buy,0x539efe69bcdd21a83efd9122571a64cc25e0282b,0x4b0e55a67abcdf4d216c873358bc1923cf1cc7f609a28b501334243ee002f8b0
191,997,0.036889,0xee3acf8c5ec3cdd3d36fb0778eddb7451673a7c1,2017-11-01T14:20:59.000Z,0.000037,0x273a5d3e6721b9f5c1a6474f560c1334c63dda01,sell,0x539efe69bcdd21a83efd9122571a64cc25e0282b,0x4b0e55a67abcdf4d216c873358bc1923cf1cc7f609a28b501334243ee002f8b0
192,50,0.0018,0x31f2f020bbfcdda32529e524a3c977be1dfa90c4,2017-11-01T14:18:08.000Z,0.000036,0x8bab9990dcd15e58054c3edca5b7d1b4196e967e,buy,0x539efe69bcdd21a83efd9122571a64cc25e0282b,0x27ffb1dcb5ef42ae8b522575c50f91614864b8036dd40ea5dbee141976077161
193,8473.8954143,0.3135341303291,0xaec11495eebc760e5d5fac64b11d8fa360a42904,2017-11-01T14:12:21.000Z,0.000037,0x0ffffa6ce80eee2139e8b4c76a5a210dff49a48c,sell,0x539efe69bcdd21a83efd9122571a64cc25e0282b,0xd3dda11779d1656e6b68445880b4787c615a66a888a823c6595ad4cdccb1f9c9
194,7288.23825104,0.26966481528848,0xaec11495eebc760e5d5fac64b11d8fa360a42904,2017-11-01T14:10:31.000Z,0.000037,0xc847559681f261b9c1481df5ff4f4ae014317da0,sell,0x539efe69bcdd21a83efd9122571a64cc25e0282b,0x012ef7996eb95eca8dff1044613fe45329a9c6713ef4902cd367d41958e24c06
195,3500,0.129535,0xf33bc464fb8a61db1d8cce0c22dad4f833fabb2a,2017-11-01T14:08:10.000Z,0.00003701,0xc847559681f261b9c1481df5ff4f4ae014317da0,sell,0x539efe69bcdd21a83efd9122571a64cc25e0282b,0xe5502863f136c8a90ee38848089c41c4f98c336e60aa06264f8232c3791506cc
196,1475.529,0.056070102,0xaec11495eebc760e5d5fac64b11d8fa360a42904,2017-11-01T14:07:40.000Z,0.000038,0xc847559681f261b9c1481df5ff4f4ae014317da0,sell,0x539efe69bcdd21a83efd9122571a64cc25e0282b,0x8ec4ce95cb6ec311bad3eaa3d5ca5ea36703f91b83c4cc7253e50ee91e796673
197,7080.04834003,0.26904183692114,0xaec11495eebc760e5d5fac64b11d8fa360a42904,2017-11-01T14:06:52.000Z,0.000038,0x9d3aeaca91a54a6b4588d2821ea105521ab0a4d3,sell,0x539efe69bcdd21a83efd9122571a64cc25e0282b,0xe8ff11ae01b8a32bf0044c061e8851f4c9c40c9566c820a72eae23d8a384d57a
198,8501.80270824,0.32306850291312,0xaec11495eebc760e5d5fac64b11d8fa360a42904,2017-11-01T14:06:17.000Z,0.000038,0x7e279f1ec2ca95fe2b823cafa918cd0bdf6314d4,sell,0x539efe69bcdd21a83efd9122571a64cc25e0282b,0xc6ebbbfa018d17e064ec7e20060a7bf7c8e555c3438561f7dd994a229218490b
199,8501.80270824,0.32306850291312,0xaec11495eebc760e5d5fac64b11d8fa360a42904,2017-11-01T14:05:37.000Z,0.000038,0x7e279f1ec2ca95fe2b823cafa918cd0bdf6314d4,sell,0x539efe69bcdd21a83efd9122571a64cc25e0282b,0xc6ebbbfa018d17e064ec7e20060a7bf7c8e555c3438561f7dd994a229218490b
200,9445.70996992,0.35893697885696,0xaec11495eebc760e5d5fac64b11d8fa360a42904,2017-11-01T14:04:36.000Z,0.000038,0xea50c3e3af66ca485899dcdb5c6a6f57946e1da1,sell,0x539efe69bcdd21a83efd9122571a64cc25e0282b,0x70d9eba1110fc278a5824940a7b6d9930ce34c8b7641a932c4cbf6fdd848ac4c
201,996.90988116,0.03788257548408,0xaec11495eebc760e5d5fac64b11d8fa360a42904,2017-11-01T14:03:57.000Z,0.000038,0x1a745d19e98fdcda4ae578a365b93abfc5cf25dc,sell,0x539efe69bcdd21a83efd9122571a64cc25e0282b,0x01fa240a10a4ba0435e949e7e76b29b9294036264730e28b404f97f5e456d85e
202,2500,0.095,0xaec11495eebc760e5d5fac64b11d8fa360a42904,2017-11-01T13:52:14.000Z,0.000038,0x7e279f1ec2ca95fe2b823cafa918cd0bdf6314d4,sell,0x539efe69bcdd21a83efd9122571a64cc25e0282b,0xd968c7158216cab439f0247dd23a845fc5f587698860cbe0cc0e4b9f3cd78746
203,1894.12820257,0.07008274349509,0xee3acf8c5ec3cdd3d36fb0778eddb7451673a7c1,2017-11-01T12:57:12.000Z,0.000037,0x005d1231aa5a6c73eebbd495525f4c1a4b1f4af3,sell,0x539efe69bcdd21a83efd9122571a64cc25e0282b,0x91d325dc85cb613f97fdb48b18ba6ffb273db3b83554180a8bbe1c7e34693a5c
204,10000,0.36,0xee3acf8c5ec3cdd3d36fb0778eddb7451673a7c1,2017-11-01T12:24:23.000Z,0.000036,0x4fbfb25abd890be954a26a79059fc90cc1fe6838,buy,0x539efe69bcdd21a83efd9122571a64cc25e0282b,0x1607359078844d9d0b60e61b80ebaa9b3a2a302812ef76e267e6e0c31068bb7b
205,486.52018768,0.019947327695246393,0xc0b9d24955322e23a6ae4f669051a1caa5751611,2017-11-01T11:37:54.000Z,0.00004100000000075308,0xa839c6c2143fac413b4aa0134b200b84dfa1bb08,buy,0x539efe69bcdd21a83efd9122571a64cc25e0282b,0x004477390f29b20d2475228f8572306060c3c307e4c84bc758dc87264c5e5822
206,8500,0.323,0x0ffffa6ce80eee2139e8b4c76a5a210dff49a48c,2017-11-01T11:35:11.000Z,0.000038,0xea50c3e3af66ca485899dcdb5c6a6f57946e1da1,sell,0x539efe69bcdd21a83efd9122571a64cc25e0282b,0x04e144ed893a3d6342e366da2018dd7e0501d74283c0079a470d59a8661e0645
207,500,0.02,0x26c119a083cdace31da3863c804f30d54352b116,2017-11-01T11:32:55.000Z,0.00004,0xc0b9d24955322e23a6ae4f669051a1caa5751611,buy,0x539efe69bcdd21a83efd9122571a64cc25e0282b,0x6c0b718d2fd3476fa417e43b58863ff9140a80a7fb7f634e1d39fde62d4f7563
208,478.32473618,0.016215208556681376,0xd43b294e1a2958adf9ac0d4a342f0e6ac6bfc8a8,2017-11-01T11:29:35.000Z,0.00003390000000037501,0x982585aede09cc41d043aabcafef5233b69c78f0,buy,0x539efe69bcdd21a83efd9122571a64cc25e0282b,0x312e86cbd1bff17a636101c7aecb49252382e08eef43490eec1aae928488201a
209,1500,0.05175,0xd43b294e1a2958adf9ac0d4a342f0e6ac6bfc8a8,2017-11-01T11:29:17.000Z,0.0000345,0x1ed0aff6ad547c7a46690170f23107617399fced,buy,0x539efe69bcdd21a83efd9122571a64cc25e0282b,0x858c81bc18b58d75bcac4dc34a2d344c6d0035b9e1a986a211a11f018097d91a
210,4671.67526381,0.1583697914433186,0x26c119a083cdace31da3863c804f30d54352b116,2017-11-01T11:28:18.000Z,0.00003390000000003416,0x982585aede09cc41d043aabcafef5233b69c78f0,buy,0x539efe69bcdd21a83efd9122571a64cc25e0282b,0x9aac93df200af2eba779c86e76f672aa290f4b5948742b1a47e1aeaf56659143
211,2350,0.079665,0x9b66640f042286b55de8e7099a2d21d163668528,2017-11-01T11:27:15.000Z,0.0000339,0x982585aede09cc41d043aabcafef5233b69c78f0,buy,0x539efe69bcdd21a83efd9122571a64cc25e0282b,0xabd7a414ff353f8f4965cb7c017c18ea1d5fce3789d05140946363d09826266b
212,160.74484349,0.005545697100405,0x273a5d3e6721b9f5c1a6474f560c1334c63dda01,2017-11-01T11:11:41.000Z,0.0000345,0xa839c6c2143fac413b4aa0134b200b84dfa1bb08,buy,0x539efe69bcdd21a83efd9122571a64cc25e0282b,0x6bd8ac21376c72584e8d217455aef27c8656b6b793e148d12b29b3feb0f79af8
213,160.26260895,0.00690876080922555,0x0e7edae9594bb6aa1eeb587421020f19dcbc03a8,2017-11-01T11:11:41.000Z,0.000043109,0x273a5d3e6721b9f5c1a6474f560c1334c63dda01,sell,0x539efe69bcdd21a83efd9122571a64cc25e0282b,0x6bd8ac21376c72584e8d217455aef27c8656b6b793e148d12b29b3feb0f79af8
214,996.9095803,0.0249227395075,0x31f2f020bbfcdda32529e524a3c977be1dfa90c4,2017-11-01T11:05:35.000Z,0.000025,0x7522b31cd0cba4e8f64dbebef846456f0aaff9f3,sell,0x539efe69bcdd21a83efd9122571a64cc25e0282b,0xf8ea8cf25e0d4325da09d7a9828ea3590a63e67f1d89276804987a230abece07
215,1521.56655641,0.03803916391042084,0xc847559681f261b9c1481df5ff4f4ae014317da0,2017-11-01T11:01:15.000Z,0.00002500000000011227,0x1a745d19e98fdcda4ae578a365b93abfc5cf25dc,buy,0x539efe69bcdd21a83efd9122571a64cc25e0282b,0x560049737fa17cc97a5d42479a4b6e125fe3b7f75e595e00965536401d5c62ed
216,6501.32944358,0.16253323608957915,0x52b4b57bf2fb3746cb67f467699682da6c074bad,2017-11-01T10:58:30.000Z,0.00002500000000001217,0x1a745d19e98fdcda4ae578a365b93abfc5cf25dc,buy,0x539efe69bcdd21a83efd9122571a64cc25e0282b,0xe57cd93201b58df3fa651cebca285b1983445837522741dd5e7a54e560a1b814
217,5478.51659854,0.1369629149635,0x52b4b57bf2fb3746cb67f467699682da6c074bad,2017-11-01T10:53:42.000Z,0.000025,0xdd84a03532c6f638bc4f1e408b8cb61ad1c783fe,sell,0x539efe69bcdd21a83efd9122571a64cc25e0282b,0xbe35e7caa239b6f4c911a0d7e9e339b34d2fb3691c45585157ddc3545a090f36
218,1500,0.039,0x1ed0aff6ad547c7a46690170f23107617399fced,2017-11-01T10:51:22.000Z,0.000026,0xdd84a03532c6f638bc4f1e408b8cb61ad1c783fe,sell,0x539efe69bcdd21a83efd9122571a64cc25e0282b,0xcfceccc0a072b9add53319ee66759b3934cf4bf5bdd2d3ddefc573122bdc1a0e
219,50,0.001725,0x95b0ba82b55c627d44cc9a0ef71d26b84c901d39,2017-11-01T10:46:09.000Z,0.0000345,0xa839c6c2143fac413b4aa0134b200b84dfa1bb08,buy,0x539efe69bcdd21a83efd9122571a64cc25e0282b,0xb1588b3d1eeeb7c4d5a9947471031200e9e4358aa682d2a73f9d13646f42ee7d
220,1838.19512853,0.04595487821325,0x31f2f020bbfcdda32529e524a3c977be1dfa90c4,2017-11-01T10:36:56.000Z,0.000025,0xd883f221bb2222ead531374e8fe08c05b35537ea,sell,0x539efe69bcdd21a83efd9122571a64cc25e0282b,0xabb3dea53660fcf737a19634e6ecf3ca616f600e9cc0f9df1a5804d966e72414
221,70,0.002415,0x95b0ba82b55c627d44cc9a0ef71d26b84c901d39,2017-11-01T10:34:20.000Z,0.0000345,0xa839c6c2143fac413b4aa0134b200b84dfa1bb08,buy,0x539efe69bcdd21a83efd9122571a64cc25e0282b,0x5bd5d13899f7297a79bd4833ff22f7ca58ff8d6b0a2bed196b5564a22117f9b7
222,411.808,0.01235424,0xeb3644cee0cef12ae7f58dca50a1d94d6480ad23,2017-11-01T10:30:56.000Z,0.00003,0xd883f221bb2222ead531374e8fe08c05b35537ea,sell,0x539efe69bcdd21a83efd9122571a64cc25e0282b,0xe0b763e66d1d32e6f07a91be24dd5d823632b2f6df78a3df1d5e9efe55b50ee4
223,2174.02394398,0.0652207183194,0xd2428e56a421abc63a70cb5fb02b51569d7ebdfa,2017-11-01T10:30:28.000Z,0.00003,0xd883f221bb2222ead531374e8fe08c05b35537ea,sell,0x539efe69bcdd21a83efd9122571a64cc25e0282b,0xa915ac1bc40e5773c3d032a85153b605906bd1a867c05bd21173c62a12e2d380
224,2450,0.084525,0xdddbf8158d94d2a6e4c5f9e1dc02ab2a0fadee51,2017-11-01T10:30:28.000Z,0.0000345,0xa839c6c2143fac413b4aa0134b200b84dfa1bb08,buy,0x539efe69bcdd21a83efd9122571a64cc25e0282b,0xf8b1d53c5f94bcddc8e915f0dfdff66c1090b5efec82b9436e605c164b631c4e
225,22000,0.769978,0xd2428e56a421abc63a70cb5fb02b51569d7ebdfa,2017-11-01T10:25:13.000Z,0.000034999,0xa839c6c2143fac413b4aa0134b200b84dfa1bb08,buy,0x539efe69bcdd21a83efd9122571a64cc25e0282b,0x4ac63c3613b374ee1edf2dac0dd2b48a740bc88646beec55a47b349172ba0c12
226,2618.4031719,0.09164411101656081,0xc0b9d24955322e23a6ae4f669051a1caa5751611,2017-11-01T10:18:36.000Z,0.00003500000000002322,0x982585aede09cc41d043aabcafef5233b69c78f0,buy,0x539efe69bcdd21a83efd9122571a64cc25e0282b,0x9759da64e489db17330bb11521f1a96853d402d0cdeb7564e67444c4f85f24c1
227,1759.854,0.04399635,0x273a5d3e6721b9f5c1a6474f560c1334c63dda01,2017-11-01T10:13:09.000Z,0.000025,0xe92d82213176e348ded47368354c433a8f0617bb,buy,0x539efe69bcdd21a83efd9122571a64cc25e0282b,0xb7dccbe353450d30a979cdc7b2511d008dc7d3ac099241a124ee7c9b44422ea4
228,1754.574438,0.05263723314,0xeb3644cee0cef12ae7f58dca50a1d94d6480ad23,2017-11-01T10:13:09.000Z,0.00003,0x273a5d3e6721b9f5c1a6474f560c1334c63dda01,sell,0x539efe69bcdd21a83efd9122571a64cc25e0282b,0xb7dccbe353450d30a979cdc7b2511d008dc7d3ac099241a124ee7c9b44422ea4
229,3120.356,0.0780089,0xbc2149633eb1301f2dd14cd25e0f8542f3d44bac,2017-11-01T10:11:34.000Z,0.000025,0xe92d82213176e348ded47368354c433a8f0617bb,buy,0x539efe69bcdd21a83efd9122571a64cc25e0282b,0xed23ccf870700c4960f9388acdc9393b037fef4a69342003d2fc3b8972e4a1be
230,45916.12801475,1.1479032003687772,0x074edfa074d29da892239b2e832b013188fc0b55,2017-11-01T10:08:41.000Z,0.00002500000000000059,0xe92d82213176e348ded47368354c433a8f0617bb,buy,0x539efe69bcdd21a83efd9122571a64cc25e0282b,0x6d434a31c6524f02c8313762c32e68ede9d3cdf5a196c6fe879e6671005770a9
231,63.51551838,0.001587887959673624,0x46775b2583502dbe0f594c725c5944543f19682b,2017-11-01T10:08:13.000Z,0.00002500000000273356,0xe92d82213176e348ded47368354c433a8f0617bb,buy,0x539efe69bcdd21a83efd9122571a64cc25e0282b,0x8b88bcb96474c2d5b87467bc10fe2e4b9c9c2751af4e0b468e493e3efbd5e41b
232,900,0.0225,0x7fe8d10b80ccf235771a008931e60d8da137a6a3,2017-11-01T10:07:33.000Z,0.000025,0xe92d82213176e348ded47368354c433a8f0617bb,buy,0x539efe69bcdd21a83efd9122571a64cc25e0282b,0x688277f68afe7ed5b60d98a27cc8e4c84c91d1c50a61f89d0e13df7a8d68d77c
233,5779.72082021,0.1444930205052739,0xc847559681f261b9c1481df5ff4f4ae014317da0,2017-11-01T10:02:53.000Z,0.00002500000000000413,0xe92d82213176e348ded47368354c433a8f0617bb,buy,0x539efe69bcdd21a83efd9122571a64cc25e0282b,0x609383d7376edf6a3b1f3a049d32c0e129c044e8b609eef8b2612b6e87ac8e42
234,4500,0.1125,0xfe737759f9f7ec05535c1b092d3d5392577f9e12,2017-11-01T09:59:44.000Z,0.000025,0xe92d82213176e348ded47368354c433a8f0617bb,buy,0x539efe69bcdd21a83efd9122571a64cc25e0282b,0xdd89c5535de29984be28ea8047b41da3f5436ee844f302eeea82cb3b941ca39e
235,39720.27917978,0.993006979494726,0xa839c6c2143fac413b4aa0134b200b84dfa1bb08,2017-11-01T09:58:48.000Z,0.00002500000000000569,0xe92d82213176e348ded47368354c433a8f0617bb,buy,0x539efe69bcdd21a83efd9122571a64cc25e0282b,0xbaf16af6958d34f2aeb945404c4eda9b7f5e73abefd72cbdb902ddebcfcbd1eb
236,21822.11586535,0.5891971283645632,0xfe737759f9f7ec05535c1b092d3d5392577f9e12,2017-11-01T09:57:19.000Z,0.00002700000000000518,0xe92d82213176e348ded47368354c433a8f0617bb,buy,0x539efe69bcdd21a83efd9122571a64cc25e0282b,0x4fc9568b0a590555a275a9377a13ff545778ca22a10b1841c103c390449c811c
237,1.51294698,0.000040849568544203,0x52b4b57bf2fb3746cb67f467699682da6c074bad,2017-11-01T09:56:42.000Z,0.00002700000005565495,0xe92d82213176e348ded47368354c433a8f0617bb,buy,0x539efe69bcdd21a83efd9122571a64cc25e0282b,0x82170803012141bc617294412f501a972caa970ded889996934687aacf31608f
238,15176.37118766,0.4097620220668926,0x52b4b57bf2fb3746cb67f467699682da6c074bad,2017-11-01T09:55:23.000Z,0.00002700000000000478,0xe92d82213176e348ded47368354c433a8f0617bb,buy,0x539efe69bcdd21a83efd9122571a64cc25e0282b,0x49babb7dd24fadc1454e4d9e7f71e7fc24e215c053e705774b2e988bb1445972
239,12000,0.324,0xfe737759f9f7ec05535c1b092d3d5392577f9e12,2017-11-01T09:55:23.000Z,0.000027,0xe92d82213176e348ded47368354c433a8f0617bb,buy,0x539efe69bcdd21a83efd9122571a64cc25e0282b,0xa4a3ee511eba4245374ad0d620976eec115f95b7e0cb5f15bcc902d0ec48b35e
240,1000,0.027,0xf44072eda87ede9613b6ae1b812de8a60ade27a2,2017-11-01T09:54:40.000Z,0.000027,0xe92d82213176e348ded47368354c433a8f0617bb,buy,0x539efe69bcdd21a83efd9122571a64cc25e0282b,0x982e929434f1be240756bfd16476522839b4abe62155e3dc4d2f24a1578e4e80
241,997,0.029910997,0xaa5a8763179d7e24b0230e981cf7cd5d9fa7cff8,2017-11-01T09:54:40.000Z,0.000030001,0xf44072eda87ede9613b6ae1b812de8a60ade27a2,sell,0x539efe69bcdd21a83efd9122571a64cc25e0282b,0x982e929434f1be240756bfd16476522839b4abe62155e3dc4d2f24a1578e4e80
242,9970.0897308,0.24925224327,0x31f2f020bbfcdda32529e524a3c977be1dfa90c4,2017-11-01T09:47:37.000Z,0.000025,0xc9d56287b414e1aa0963016aa721b527f095fd9c,sell,0x539efe69bcdd21a83efd9122571a64cc25e0282b,0xc9ac0ba4c41b4698cf8f452410ca6a3fe8c657039c4d5609f4e90b6056642dcc
243,10000,0.23,0xc9d56287b414e1aa0963016aa721b527f095fd9c,2017-11-01T09:47:37.000Z,0.000023,0xe92d82213176e348ded47368354c433a8f0617bb,buy,0x539efe69bcdd21a83efd9122571a64cc25e0282b,0xc9ac0ba4c41b4698cf8f452410ca6a3fe8c657039c4d5609f4e90b6056642dcc
244,3996,0.111888,0xfe737759f9f7ec05535c1b092d3d5392577f9e12,2017-11-01T09:26:33.000Z,0.000028,0xe92d82213176e348ded47368354c433a8f0617bb,buy,0x539efe69bcdd21a83efd9122571a64cc25e0282b,0xa0c619f880a63a3a123621fb4ca38a16cd8b67c5a39858de7ee8f634f993a44c
245,6004,0.168112,0xf44072eda87ede9613b6ae1b812de8a60ade27a2,2017-11-01T09:24:42.000Z,0.000028,0xe92d82213176e348ded47368354c433a8f0617bb,buy,0x539efe69bcdd21a83efd9122571a64cc25e0282b,0xa6c3ecb1a184999ab2bc36d529aa2ff3e900af5504d4ec3b9e3fb9abd1d283cc
246,5985.988,0.2556016876,0x31f2f020bbfcdda32529e524a3c977be1dfa90c4,2017-11-01T09:24:42.000Z,0.0000427,0xf44072eda87ede9613b6ae1b812de8a60ade27a2,sell,0x539efe69bcdd21a83efd9122571a64cc25e0282b,0xa6c3ecb1a184999ab2bc36d529aa2ff3e900af5504d4ec3b9e3fb9abd1d283cc
247,7918.92284597,0.16629737976537,0xf20b267e0370c14b974791b613da1afecab869a8,2017-11-01T09:23:38.000Z,0.000021,0x07bb78ffb1f132c536351a2612f702bdbc597323,sell,0x539efe69bcdd21a83efd9122571a64cc25e0282b,0x65c30562e4b6d19711a3533d4cfa5544b785d9e700260d281446324dcdc623fe
248,3981.47658319,0.08361100824699,0xf20b267e0370c14b974791b613da1afecab869a8,2017-11-01T09:21:59.000Z,0.000021,0x3aa939efb288273ca7273c019935f040a870c8a2,sell,0x539efe69bcdd21a83efd9122571a64cc25e0282b,0xd2b866ac3ad98cc03ac1221f8c388433e1700ddeb219ed4fc1242bbfd241c7f4
249,2984.56700289,0.06267590706069,0xf20b267e0370c14b974791b613da1afecab869a8,2017-11-01T09:21:02.000Z,0.000021,0x7bd02d3903fa837426cd80f163efb5207f2b4195,sell,0x539efe69bcdd21a83efd9122571a64cc25e0282b,0xf01ab30318deb3c4835a897908d479f92223da7def2e10df1d94a0f2c28637e8
250,166,0.003486,0xd124ce121a3f96ae31b23c491e324c7e00a8c121,2017-11-01T09:20:31.000Z,0.000021,0x738227c9562f5669e046255f51572fbab0b9a52f,buy,0x539efe69bcdd21a83efd9122571a64cc25e0282b,0x6b4f8e233bf5ad6d1eb1e1aea9ec88ac7825efb4d48b90d894c7fad83a54455e
251,166.76979719,0.00466955432132,0x738227c9562f5669e046255f51572fbab0b9a52f,2017-11-01T09:12:02.000Z,0.000028,0x738227c9562f5669e046255f51572fbab0b9a52f,buy,0x539efe69bcdd21a83efd9122571a64cc25e0282b,0x0c80fb5e8860a972df3debd41acfe056c157ceb49bfb25f9aeda9efdab55dc4a
252,44.19652173,0.00101651999979,0xac0ad176d2e0f46f938d667c9d4ef4fcbad61acd,2017-11-01T09:08:58.000Z,0.000023,0x07bb78ffb1f132c536351a2612f702bdbc597323,sell,0x539efe69bcdd21a83efd9122571a64cc25e0282b,0xc625286e7788fd9a6fdfe44f1ab256955ce50799dff2d8ae3dbf42471e7cabd3
253,1006.1808394,0.025154520985,0x1c50c8b877f4cfc5bfc984a14d5978146c82c173,2017-11-01T09:07:40.000Z,0.000025,0x07bb78ffb1f132c536351a2612f702bdbc597323,sell,0x539efe69bcdd21a83efd9122571a64cc25e0282b,0xdb83dd06fa1a5268e6bd4a1f975d08737a52f9ebb65670b0f8d6818b190c0ad4
254,1000,0.028,0x47757d87fbcc7bf9bb7baebbdfdedfda9c04c3e5,2017-11-01T09:06:37.000Z,0.000028,0x07bb78ffb1f132c536351a2612f702bdbc597323,sell,0x539efe69bcdd21a83efd9122571a64cc25e0282b,0x94cd6a7ab8cdf6d264b4cc0e5aa352ab502c5708bd81d3b118eb4adc37ed1a45
255,836.11820281,0.02341130967868,0x0cd2795a623adeb9370e2895e8d7526a6e4c556d,2017-11-01T09:04:25.000Z,0.000028,0x738227c9562f5669e046255f51572fbab0b9a52f,buy,0x539efe69bcdd21a83efd9122571a64cc25e0282b,0x091610ef824c146b9bef4c7c10ceb523c8f175a589774041fe6c22169b9f41ba
256,833.61735075,0.0250085205225,0xeb3644cee0cef12ae7f58dca50a1d94d6480ad23,2017-11-01T09:04:25.000Z,0.00003,0x0cd2795a623adeb9370e2895e8d7526a6e4c556d,sell,0x539efe69bcdd21a83efd9122571a64cc25e0282b,0x091610ef824c146b9bef4c7c10ceb523c8f175a589774041fe6c22169b9f41ba
257,1993.8191606,0.049845479015,0x1c50c8b877f4cfc5bfc984a14d5978146c82c173,2017-11-01T09:03:33.000Z,0.000025,0xcaf9e3848c0404b21e3f42cc59f9aa86dee0822a,sell,0x539efe69bcdd21a83efd9122571a64cc25e0282b,0x656ca20527a81056c6de03b5788cf628406daac9834bcc0058755c620afe66b1
258,3000,0.099999,0x93018adddc7ac587d1a1291970f315d53943afd4,2017-11-01T09:01:26.000Z,0.000033333,0x738227c9562f5669e046255f51572fbab0b9a52f,sell,0x539efe69bcdd21a83efd9122571a64cc25e0282b,0x4b28d34bfcd656e16f958fe3031206de5889955265305b14b3902a0d98139a80
259,305.93432018,0.01040176688612,0x75344ba049ae9f7ac0da41e59a49da882707b1e8,2017-11-01T09:00:06.000Z,0.000034,0xe92d82213176e348ded47368354c433a8f0617bb,sell,0x539efe69bcdd21a83efd9122571a64cc25e0282b,0xb9953f64800bb28c2c0dcf499648fe23ebfeeccfe41ff0b8bf287f26072066c3
260,1994.06567982,0.06779823311388,0x75344ba049ae9f7ac0da41e59a49da882707b1e8,2017-11-01T08:51:29.000Z,0.000034,0x525efb3088eb2d72c686ba82e72c6e0f6484c4e2,sell,0x539efe69bcdd21a83efd9122571a64cc25e0282b,0x0a129f047cd02cbde7add7455ab605ab07c876816dd1c948de9195ae19e16ab7
261,2000,0.07,0x244beb883da53d9f6169762af296e944aba5bb84,2017-11-01T08:46:00.000Z,0.000035,0x0cd2795a623adeb9370e2895e8d7526a6e4c556d,sell,0x539efe69bcdd21a83efd9122571a64cc25e0282b,0xeebb4f381732d4f7f19fa930db7661af42499e83640c7bb996a9ff2dcb2d270e
262,1566.92141648,0.056095786709984,0x074edfa074d29da892239b2e832b013188fc0b55,2017-11-01T08:46:00.000Z,0.0000358,0x0cd2795a623adeb9370e2895e8d7526a6e4c556d,sell,0x539efe69bcdd21a83efd9122571a64cc25e0282b,0xeebb4f381732d4f7f19fa930db7661af42499e83640c7bb996a9ff2dcb2d270e
263,7288.11197586,0.25143986316717,0x0cd2795a623adeb9370e2895e8d7526a6e4c556d,2017-11-01T08:46:00.000Z,0.0000345,0x738227c9562f5669e046255f51572fbab0b9a52f,buy,0x539efe69bcdd21a83efd9122571a64cc25e0282b,0xeebb4f381732d4f7f19fa930db7661af42499e83640c7bb996a9ff2dcb2d270e
264,3699.39162026,0.1294787067091,0x653ec427aac069d11f52b60aedc826548873bf22,2017-11-01T08:46:00.000Z,0.000035,0x0cd2795a623adeb9370e2895e8d7526a6e4c556d,sell,0x539efe69bcdd21a83efd9122571a64cc25e0282b,0xeebb4f381732d4f7f19fa930db7661af42499e83640c7bb996a9ff2dcb2d270e
265,15762.29355812,0.564290109380696,0x074edfa074d29da892239b2e832b013188fc0b55,2017-11-01T08:10:08.000Z,0.0000358,0x9dd88b1688123b181e09bb98554e31354e8ceb1b,sell,0x539efe69bcdd21a83efd9122571a64cc25e0282b,0x398c2288b19385879b8994e274f2cc192bee61f1b00aae80d642368e14628e08
266,7162.28115105,0.25640966520759,0x074edfa074d29da892239b2e832b013188fc0b55,2017-11-01T08:07:14.000Z,0.0000358,0xfe737759f9f7ec05535c1b092d3d5392577f9e12,sell,0x539efe69bcdd21a83efd9122571a64cc25e0282b,0x98463d3bb72a3347eb8dd9e81172538cef664aca40ddf1f04a83eb8415571695
267,1508.50387435,0.05400443870173,0x074edfa074d29da892239b2e832b013188fc0b55,2017-11-01T07:59:55.000Z,0.0000358,0xc0b9d24955322e23a6ae4f669051a1caa5751611,sell,0x539efe69bcdd21a83efd9122571a64cc25e0282b,0x4932def392bb29f1f707bcffb22ac8397b5b152260f98bc2c1387d2390ff73b4
268,1000,0.037,0x54bae63e59b422dd7c047e375f051d60c37cb60f,2017-11-01T07:58:02.000Z,0.000037,0xc0b9d24955322e23a6ae4f669051a1caa5751611,sell,0x539efe69bcdd21a83efd9122571a64cc25e0282b,0xb06bedfc1fa0b9a48954696ef2564a7d0aab54dc2598166313ac20db5cf3b7f2
269,25000,0.9075,0x02ded38d0d07e3dd94c03088d356e95fbf5098eb,2017-11-01T07:50:31.000Z,0.0000363,0xfe737759f9f7ec05535c1b092d3d5392577f9e12,sell,0x539efe69bcdd21a83efd9122571a64cc25e0282b,0x9f4d3a9a022558a0b210bb04d4ccae84c518a7ef2a9b9d6f0206b58ad900f785
270,1900,0.073169,0x8119d0a3fbd0fc401dd767244e4ed85eb3e4a547,2017-11-01T07:49:14.000Z,0.00003851,0x7e279f1ec2ca95fe2b823cafa918cd0bdf6314d4,sell,0x539efe69bcdd21a83efd9122571a64cc25e0282b,0xb9cdf12d23ecdc4582ce5e27d871741e2e4c2761f4ee05a2ed8323ed9d1320f5
271,183,0.00704733,0x8119d0a3fbd0fc401dd767244e4ed85eb3e4a547,2017-11-01T07:45:20.000Z,0.00003851,0xfeeea026676322fcabf392cb4394603230836a82,sell,0x539efe69bcdd21a83efd9122571a64cc25e0282b,0x9e031ba16a05d89a2a86fb8f42aac7d4ee2d6bc19c071ac8ba4f59c6ab5de5a2
272,2000,0.07702,0x8119d0a3fbd0fc401dd767244e4ed85eb3e4a547,2017-11-01T07:44:51.000Z,0.00003851,0x7e279f1ec2ca95fe2b823cafa918cd0bdf6314d4,sell,0x539efe69bcdd21a83efd9122571a64cc25e0282b,0x252fb516bf80ef222e56053d2ebe6a4f0326fc99416ebae0dacb2e2aef7cd0f1
273,17000,0.6341,0x074edfa074d29da892239b2e832b013188fc0b55,2017-11-01T07:44:23.000Z,0.0000373,0xfe737759f9f7ec05535c1b092d3d5392577f9e12,sell,0x539efe69bcdd21a83efd9122571a64cc25e0282b,0x7076ae393c235d3a6ee5b7f794e6f8c0aad3e41c898fc8b8d701503618d455b6
274,8848.5939954,0.34244058762198,0x074edfa074d29da892239b2e832b013188fc0b55,2017-11-01T07:33:30.000Z,0.0000387,0xfe737759f9f7ec05535c1b092d3d5392577f9e12,sell,0x539efe69bcdd21a83efd9122571a64cc25e0282b,0xe2b6317edd857b76e0c3c4c771f0184b8ca574286743f710b0704a0a211d7838
275,5556,0.2150172,0xd124ce121a3f96ae31b23c491e324c7e00a8c121,2017-11-01T07:05:20.000Z,0.0000387,0xca881720121bd04754ac5533f64b802e3f4f8ceb,buy,0x539efe69bcdd21a83efd9122571a64cc25e0282b,0x0635f82225a01c2ff4a29aae9abc32ed3e8c4ef375016dd9601aae1151ddcadc
276,0.49139728,0.000019017074736,0x074edfa074d29da892239b2e832b013188fc0b55,2017-11-01T06:45:47.000Z,0.0000387,0xdb2d8c5a29256fe15b7c4586c110ad223f5f247c,sell,0x539efe69bcdd21a83efd9122571a64cc25e0282b,0xdd95982743c30feb3a2a46cfd98b08a3d48e526890fcbd1164991826dab76ed3
277,500,0.0211,0x64d980d7f34268e1a450df6cca86de83dd0cf078,2017-11-01T06:27:29.000Z,0.0000422,0x62811bad33976daa81da5a013f5a6486054b9dfd,buy,0x539efe69bcdd21a83efd9122571a64cc25e0282b,0xcdddac61003ab61327e45bc4c22c1f68630c9f6979d8d0b4fc2077bf72d74401
278,7697.33107037,0.297886712423319,0x074edfa074d29da892239b2e832b013188fc0b55,2017-11-01T06:06:04.000Z,0.0000387,0xef7389407987dd22cb9d15707866b4e0c3d3e44c,sell,0x539efe69bcdd21a83efd9122571a64cc25e0282b,0xa7316014d35a3e50aaded2128b50392dea2caf7a49a3d474194678b63cd1bd79
279,278.167,0.010848513,0x1c50c8b877f4cfc5bfc984a14d5978146c82c173,2017-11-01T06:03:24.000Z,0.000039,0xef7389407987dd22cb9d15707866b4e0c3d3e44c,sell,0x539efe69bcdd21a83efd9122571a64cc25e0282b,0x8c1f2df93b6c9601244e3d8f63cfe810b08565273637bb592ffd9198b85a6b7f
280,1188.90409345,0.05112287601836315,0xf0d8444b98fd316d6fa97ef6d9501f457e72656f,2017-11-01T05:58:12.000Z,0.00004300000000001105,0x9dd88b1688123b181e09bb98554e31354e8ceb1b,buy,0x539efe69bcdd21a83efd9122571a64cc25e0282b,0x88f774b79a5d2f59605d952eaed3d382659fc364bc5e326d41a7548e38342ebb
281,4985.78976899,0.192950064059913,0x074edfa074d29da892239b2e832b013188fc0b55,2017-11-01T05:50:44.000Z,0.0000387,0x107d35bdbb393d33d6d9ce4127883b057b8e6187,sell,0x539efe69bcdd21a83efd9122571a64cc25e0282b,0x4ebad9bfc477a66add3df30dbea3dae141724f6c17230d5138f854b6b95defee
282,4467.79376796,0.172903618820052,0x074edfa074d29da892239b2e832b013188fc0b55,2017-11-01T05:42:32.000Z,0.0000387,0x5fda273343324e1ed600622eb6d1ea1a33462782,sell,0x539efe69bcdd21a83efd9122571a64cc25e0282b,0xaa741820cd535d70cf9f3b249b59ab748e693f7ea1fbf01730505b3af7e4ea6c
283,488.69242963,0.01905900475557,0x1c50c8b877f4cfc5bfc984a14d5978146c82c173,2017-11-01T05:35:51.000Z,0.000039,0x970be7fcce186bfaed2aad0da213ad587840587d,sell,0x539efe69bcdd21a83efd9122571a64cc25e0282b,0x4e326e4b0ce985f55cb32e6c64153d618d7650a0d29fcb17d905bdefaad51a48
284,508.26782037,0.020076578904615,0xa47cfc55c7f91c5efaee7b5e349f7b731f1a00f4,2017-11-01T05:32:38.000Z,0.0000395,0x970be7fcce186bfaed2aad0da213ad587840587d,sell,0x539efe69bcdd21a83efd9122571a64cc25e0282b,0x912adf37434efd0f2430b36b354318e171c4125b5bfa3932b9e819e8f24c7bf5
285,997.90346834,0.03941718699943,0xa47cfc55c7f91c5efaee7b5e349f7b731f1a00f4,2017-11-01T05:26:45.000Z,0.0000395,0xa7ef40afda6e29b81faa91a6608dc597e292604b,sell,0x539efe69bcdd21a83efd9122571a64cc25e0282b,0x20ea1d354cb81e93728f8170e353b42a7a5861876d1b549c9a3d5fbab654ea63
286,2000,0.079,0xa47cfc55c7f91c5efaee7b5e349f7b731f1a00f4,2017-11-01T05:23:20.000Z,0.0000395,0x7e279f1ec2ca95fe2b823cafa918cd0bdf6314d4,sell,0x539efe69bcdd21a83efd9122571a64cc25e0282b,0xb84e0a491b061c394675a925b4a1f5281ee3582c20a946ef2af11c43e419c909
287,34.611,0.0013809789,0xf33bc464fb8a61db1d8cce0c22dad4f833fabb2a,2017-11-01T05:23:15.000Z,0.0000399,0xfe04a678a433716e65e3f31fe6f03da75145805c,sell,0x539efe69bcdd21a83efd9122571a64cc25e0282b,0xb593573de2332c4f2418a57dc3076727c373fac0ad886c236006f393e564120e
288,993.82871129,0.039256234095955,0xa47cfc55c7f91c5efaee7b5e349f7b731f1a00f4,2017-11-01T05:18:58.000Z,0.0000395,0x2590d837765fee20271eb79e50649ee7bc8a3c3f,sell,0x539efe69bcdd21a83efd9122571a64cc25e0282b,0x1c6c3940b44e33361f50478b38335c025124049e173264b8b813b71cbd0bf958
289,7233.14051129,0.28209247994031,0x1c50c8b877f4cfc5bfc984a14d5978146c82c173,2017-11-01T05:09:42.000Z,0.000039,0xfd0b11741b6d78ae3de71da61f20d8f48cd8dd42,sell,0x539efe69bcdd21a83efd9122571a64cc25e0282b,0x10006c01c6355c41de93ed449b8d7a1ff1951fb30e067ac04c47e0875022b371
290,8825,0.353,0x6d127c7806192a4e4aa57bf2e1b3b598139aedc6,2017-11-01T04:53:43.000Z,0.00004,0xb99f72a8b0d3a5025ab8b2ca534973497af42899,sell,0x539efe69bcdd21a83efd9122571a64cc25e0282b,0xf200c2ac0d3785245ea23b4ea283215bb5f0ba13bde4246bbeaafdf2bad9271f
291,14020.67496186,0.5608550398243237,0xebe301de482a78800c2faf7b795633a2beb734eb,2017-11-01T04:52:51.000Z,0.000040002,0xb99f72a8b0d3a5025ab8b2ca534973497af42899,sell,0x539efe69bcdd21a83efd9122571a64cc25e0282b,0xcc9943c378fc97c9063594a9ad07d3ce7f0ebd06c82bfb66602c02e430d2c0af
292,12461.36975376,0.4984797128899075,0xebe301de482a78800c2faf7b795633a2beb734eb,2017-11-01T04:25:52.000Z,0.000040002,0x107d35bdbb393d33d6d9ce4127883b057b8e6187,sell,0x539efe69bcdd21a83efd9122571a64cc25e0282b,0x56fad2d4367430e0811466ff25a9e42cb06189588f471b7a525a7518d17bb503
293,5459.6729189,0.2183978361018378,0xebe301de482a78800c2faf7b795633a2beb734eb,2017-11-01T04:23:16.000Z,0.000040002,0x179eda1807504cfaa5f753a33ad6b100b75104f3,sell,0x539efe69bcdd21a83efd9122571a64cc25e0282b,0xc2a62aa6bf72a3c095485e0b34776f128f1f5c5082276ac752f49f8f0016d073
294,996.9095803,0.0398783770311606,0xebe301de482a78800c2faf7b795633a2beb734eb,2017-11-01T04:15:39.000Z,0.000040002,0x9981bc5828089413df2736dcbb936bb61fc17522,sell,0x539efe69bcdd21a83efd9122571a64cc25e0282b,0x7ac6ece9ad23970620cfa3d71318b7139642b6946300390855393f7130438d36
295,10573.73446398,0.42297052602812796,0xebe301de482a78800c2faf7b795633a2beb734eb,2017-11-01T04:02:32.000Z,0.000040002,0x9da7ad646dc636de4bbc54ece8723a2bc346ca36,sell,0x539efe69bcdd21a83efd9122571a64cc25e0282b,0xc94a97032b15dfbe5d688b55b2941745a06622fbd578b213de0d085973772b4b
296,67189.539,2.687648749539,0x8442322f39d228af9bddd276691b9a5587844b6a,2017-11-01T04:01:26.000Z,0.000040001,0xb99f72a8b0d3a5025ab8b2ca534973497af42899,sell,0x539efe69bcdd21a83efd9122571a64cc25e0282b,0x28aca90c7575e64f0acd1b6be5fb618a287968d5885e690ed2a8fa9589fa2888
297,3987.6383212,0.1595135081246424,0xebe301de482a78800c2faf7b795633a2beb734eb,2017-11-01T04:01:26.000Z,0.000040002,0xb5c1008412049d13743a69a61b638f6399c8822c,sell,0x539efe69bcdd21a83efd9122571a64cc25e0282b,0x0ef7b9e63c579d54bf7e8a06482cab2f731b7afb1a6bcf749ae27376ba7f6a50
298,2500,0.10005,0xbd8a2c8dd302f65af2184bb61314d97b682b4535,2017-11-01T03:57:48.000Z,0.00004002,0x9da7ad646dc636de4bbc54ece8723a2bc346ca36,sell,0x539efe69bcdd21a83efd9122571a64cc25e0282b,0x74ba6caf1d8a5e4d90953131b7edb74b585b4d5551c930f5780521447b04c571
299,23000,0.92966,0x074edfa074d29da892239b2e832b013188fc0b55,2017-11-01T03:57:48.000Z,0.00004042,0x9da7ad646dc636de4bbc54ece8723a2bc346ca36,sell,0x539efe69bcdd21a83efd9122571a64cc25e0282b,0x5e20dd57423fa7b97aae0c74e53cbc7e7f8dc832767dec2c51b540c0fdf282b7
300,30500,1.23281,0xebe301de482a78800c2faf7b795633a2beb734eb,2017-11-01T03:55:08.000Z,0.00004042,0x9da7ad646dc636de4bbc54ece8723a2bc346ca36,sell,0x539efe69bcdd21a83efd9122571a64cc25e0282b,0xf98fb62e3a3837e7cf607d52c410fcc3447dcdcca4ba3c055cee8a074806b61e
301,2253.091,0.091074444402,0x93018adddc7ac587d1a1291970f315d53943afd4,2017-11-01T03:54:38.000Z,0.000040422,0x9da7ad646dc636de4bbc54ece8723a2bc346ca36,sell,0x539efe69bcdd21a83efd9122571a64cc25e0282b,0xfd69f3bf613b5afe88a670e1cf9fd21f476b0e4013aff22e41b396da20928d5d
302,10000,0.4075,0x1103d0782de43d74cc1007d3e3730084d5681cb4,2017-11-01T03:54:12.000Z,0.00004075,0x9da7ad646dc636de4bbc54ece8723a2bc346ca36,sell,0x539efe69bcdd21a83efd9122571a64cc25e0282b,0xe9e2e71df2ec05b75df1f05df5e1a1df84f6613645f6c87e0d9a3746e791045d
303,7009.271,0.2838754755,0x1c50c8b877f4cfc5bfc984a14d5978146c82c173,2017-11-01T03:54:12.000Z,0.0000405,0x9da7ad646dc636de4bbc54ece8723a2bc346ca36,sell,0x539efe69bcdd21a83efd9122571a64cc25e0282b,0xe61337da164ed8c2d683bf56a24c596592a12443069d2dd5a13607d40b5f13ab
304,14360.71053174,0.585198954168405,0x074edfa074d29da892239b2e832b013188fc0b55,2017-11-01T03:53:51.000Z,0.00004075,0x9da7ad646dc636de4bbc54ece8723a2bc346ca36,sell,0x539efe69bcdd21a83efd9122571a64cc25e0282b,0x301c0726cda824ee24df445a813d5d452655ee82749e85eb38d77343553d50c7
305,1511.75655469,0.06198201874229,0xbd8a2c8dd302f65af2184bb61314d97b682b4535,2017-11-01T03:48:44.000Z,0.000041,0xd7dd052ff73d9177f884592814f844a7788787d1,sell,0x539efe69bcdd21a83efd9122571a64cc25e0282b,0x654934e3ebac451001104354961ab35720533d0d07aac1447ab630fb3acfd658
306,5557.244,0.233404248,0xfbb4f839b881ad411ac3f02e6808af3b01ffea49,2017-11-01T03:45:48.000Z,0.000042,0xd7dd052ff73d9177f884592814f844a7788787d1,sell,0x539efe69bcdd21a83efd9122571a64cc25e0282b,0x651ac251aded0d8b0215743084934d63855e20f5ba8b0fe2f561683dd6e0ce3d
307,1031,0.043302,0xfbb4f839b881ad411ac3f02e6808af3b01ffea49,2017-11-01T03:39:44.000Z,0.000042,0x54695b61c0d052643419769dc5da436674b9dd1e,sell,0x539efe69bcdd21a83efd9122571a64cc25e0282b,0x298a784b0671a3dce16019503350241d2efd21d356a449578ff82bf9c10c0235
308,3425,0.1421375,0x0cd2795a623adeb9370e2895e8d7526a6e4c556d,2017-11-01T03:37:17.000Z,0.0000415,0x174709e4733e777280a1b8e36001d0cf28086457,buy,0x539efe69bcdd21a83efd9122571a64cc25e0282b,0xe31569e81a99c69cc331783504d5e29e38d1604a34f381beaeb52a8e1a16db01
309,1000,0.041,0x273a5d3e6721b9f5c1a6474f560c1334c63dda01,2017-11-01T03:37:17.000Z,0.000041,0xf083c9c425c69fc9ffe19c8fa3cbeba5a32ffea3,buy,0x539efe69bcdd21a83efd9122571a64cc25e0282b,0x09564af4553e353893e4628ae2946677e95efeae7efcb26e53026c00fe5ff33d
310,3414.7557328,0.1434197407776,0xfbb4f839b881ad411ac3f02e6808af3b01ffea49,2017-11-01T03:37:17.000Z,0.000042,0x0cd2795a623adeb9370e2895e8d7526a6e4c556d,sell,0x539efe69bcdd21a83efd9122571a64cc25e0282b,0xe31569e81a99c69cc331783504d5e29e38d1604a34f381beaeb52a8e1a16db01
311,997,0.041874,0xfbb4f839b881ad411ac3f02e6808af3b01ffea49,2017-11-01T03:37:17.000Z,0.000042,0x273a5d3e6721b9f5c1a6474f560c1334c63dda01,sell,0x539efe69bcdd21a83efd9122571a64cc25e0282b,0x09564af4553e353893e4628ae2946677e95efeae7efcb26e53026c00fe5ff33d
312,75,0.0031125,0xea50c3e3af66ca485899dcdb5c6a6f57946e1da1,2017-11-01T03:29:16.000Z,0.0000415,0x174709e4733e777280a1b8e36001d0cf28086457,buy,0x539efe69bcdd21a83efd9122571a64cc25e0282b,0xd48a1671ca93800c150ec54f8dac27d0f1b832687b35ca769f9bceeda35fdefb
313,345.97597444,0.015672365666434054,0x39460921600bb60cdc9cf24a74724baba7f0383e,2017-11-01T03:25:09.000Z,0.00004529900000079917,0xaa5a8763179d7e24b0230e981cf7cd5d9fa7cff8,buy,0x539efe69bcdd21a83efd9122571a64cc25e0282b,0x848f66828c9705509b9d5f51fb73994acbb8877054d4ed9eabe7f8c33e867230
314,500,0.02075,0xb3cd824b06c678b0137ec8e17c5264ef7add3d3a,2017-11-01T03:24:42.000Z,0.0000415,0x174709e4733e777280a1b8e36001d0cf28086457,buy,0x539efe69bcdd21a83efd9122571a64cc25e0282b,0xbec10236b04a4d2fc6b5e0b74dfe61c48ed64adeef616dc33a5f1ece9f2452eb
315,300,0.015,0x39460921600bb60cdc9cf24a74724baba7f0383e,2017-11-01T03:23:44.000Z,0.00005,0x77cae6732a35f0e20a2bb2fdfc81a7185440aa8a,buy,0x539efe69bcdd21a83efd9122571a64cc25e0282b,0x9a01771ba87890de0f8a33a6fb05f56ead1032c512879823e626feca5b521f14
316,1500,0.0634485,0xea50c3e3af66ca485899dcdb5c6a6f57946e1da1,2017-11-01T02:58:51.000Z,0.000042299,0x62811bad33976daa81da5a013f5a6486054b9dfd,buy,0x539efe69bcdd21a83efd9122571a64cc25e0282b,0xcaf555834413186560cc39d1c4b2e423fd43a33b5d109d50ddfae4fa900df686
317,4425,0.186735,0xea50c3e3af66ca485899dcdb5c6a6f57946e1da1,2017-11-01T02:56:41.000Z,0.0000422,0x62811bad33976daa81da5a013f5a6486054b9dfd,buy,0x539efe69bcdd21a83efd9122571a64cc25e0282b,0x35e360df3c6281f7c97c8d2608e9c2844c6d2ccc9db9adccd5b826f9f0773995
318,5000,0.20375,0x67f2d3da0a6601af84ee8fed90fc820adf33a6d5,2017-11-01T02:42:03.000Z,0.00004075,0x698b36533fdb7fc000a7a31a995bdef75c17bfa9,sell,0x539efe69bcdd21a83efd9122571a64cc25e0282b,0x81fac0ae086e12ee51735069cd487f1f321fb61c28baad7c265e836a5e0dff36
319,2078.859,0.08548268208,0x69f9a06cbf2069d529f77007cc6600f252b8851f,2017-11-01T02:41:04.000Z,0.00004112,0x698b36533fdb7fc000a7a31a995bdef75c17bfa9,sell,0x539efe69bcdd21a83efd9122571a64cc25e0282b,0x0cdb71178935fc6a32e892777e1f7bde3d05e2b2980543c97263f3b737159b37
320,1000,0.0421,0xb3cd824b06c678b0137ec8e17c5264ef7add3d3a,2017-11-01T02:24:34.000Z,0.0000421,0xffd04803cd79fe11c6a94c84a0e227a1312f4ecc,buy,0x539efe69bcdd21a83efd9122571a64cc25e0282b,0x3b38e2894f64d811cf0cb5a0d058d054923312ba0d2cb334a4ae22a94d3cfe98
321,1000,0.0422,0xb3cd824b06c678b0137ec8e17c5264ef7add3d3a,2017-11-01T02:14:21.000Z,0.0000422,0x62811bad33976daa81da5a013f5a6486054b9dfd,buy,0x539efe69bcdd21a83efd9122571a64cc25e0282b,0x84859c3aadf5da1e606a517dc322da9eb1a66eec71d860c3d07c4c15af79797e
322,1445.51889143,0.05926627454863,0xbd8a2c8dd302f65af2184bb61314d97b682b4535,2017-11-01T01:06:25.000Z,0.000041,0xa1064d7c2258ab97ef1cfb55d53172393e4cf9d6,sell,0x539efe69bcdd21a83efd9122571a64cc25e0282b,0xa3e59c3f1cbe0ec189f46d757909a32b84450a60156fff447f5cd4eca014f271
323,42.72455388,0.00175170670908,0xbd8a2c8dd302f65af2184bb61314d97b682b4535,2017-11-01T00:47:58.000Z,0.000041,0x653ec427aac069d11f52b60aedc826548873bf22,sell,0x539efe69bcdd21a83efd9122571a64cc25e0282b,0x80fc8be53adb3c9b13223aaed0c9052ccb07fae9e73c06665bdb5c19936ad8a2
324,996.9095803,0.040624065397225,0x074edfa074d29da892239b2e832b013188fc0b55,2017-11-01T00:25:05.000Z,0.00004075,0xd63eaf45ec2d17c0bc17d21a60442d9ac708bde4,sell,0x539efe69bcdd21a83efd9122571a64cc25e0282b,0x7a180cf4e8d749441333c931f243b5310496447a4e8a47613e1f61adba5310ad
325,50,0.00235,0xbc7a2474807cb2198be6a1823cf02653a2a87006,2017-10-31T23:52:38.000Z,0.000047,0x95ce81027b57239985d75fc2b7e2aa6f2baccbd2,buy,0x539efe69bcdd21a83efd9122571a64cc25e0282b,0x7f95a83e37761de8300cd2dc9dcde5d4a3e781e00d1f2eec236b608d93add058
326,45.47030766,0.001852915037145,0x074edfa074d29da892239b2e832b013188fc0b55,2017-10-31T23:40:23.000Z,0.00004075,0x5d79669ddf5d8193d9a7d2e5c7698174b8281e61,sell,0x539efe69bcdd21a83efd9122571a64cc25e0282b,0x22538a4b96658d56f239f0329da25f8bb2caefdc04fe86dc7db85c7b2851f202
327,2600,0.10595,0x074edfa074d29da892239b2e832b013188fc0b55,2017-10-31T23:28:35.000Z,0.00004075,0x5d79669ddf5d8193d9a7d2e5c7698174b8281e61,sell,0x539efe69bcdd21a83efd9122571a64cc25e0282b,0x30c7bd29578863ebba60d7aea8cfe04bb418f9a31c0b4a03f0bfe1ced3a796ee
328,337.444,0.014847873444,0xfeeea026676322fcabf392cb4394603230836a82,2017-10-31T23:28:03.000Z,0.000044001,0x5d79669ddf5d8193d9a7d2e5c7698174b8281e61,sell,0x539efe69bcdd21a83efd9122571a64cc25e0282b,0xf0fd83fd4aa8162890a0b234ef81b94da89b1ef68e98afc8afc2b744acf3cafd
329,20936.50362152,0.8609090289169024,0x69f9a06cbf2069d529f77007cc6600f252b8851f,2017-10-31T23:25:17.000Z,0.00004112,0x5d79669ddf5d8193d9a7d2e5c7698174b8281e61,sell,0x539efe69bcdd21a83efd9122571a64cc25e0282b,0x187c57e956881bac7b6e570ebce440041b18a7f83c2dd91f793bda6aa8618362
330,337.444,0.014847873444,0xfeeea026676322fcabf392cb4394603230836a82,2017-10-31T23:06:26.000Z,0.000044001,0xfeeea026676322fcabf392cb4394603230836a82,sell,0x539efe69bcdd21a83efd9122571a64cc25e0282b,0x89e6dee2cefb67b8c7ced4658f7623bd2d3d55b341ceb3ba1ddf198e4c314a3e
331,1020,0.0439722,0xf44072eda87ede9613b6ae1b812de8a60ade27a2,2017-10-31T22:52:52.000Z,0.00004311,0xaa5a8763179d7e24b0230e981cf7cd5d9fa7cff8,buy,0x539efe69bcdd21a83efd9122571a64cc25e0282b,0xa3d0230e573638740b1de80e0bdbe71bcceeff151a3a3bd28d86f90b2c1d27d3
332,1016.94,0.045152136,0xfeeea026676322fcabf392cb4394603230836a82,2017-10-31T22:52:52.000Z,0.0000444,0xf44072eda87ede9613b6ae1b812de8a60ade27a2,sell,0x539efe69bcdd21a83efd9122571a64cc25e0282b,0xa3d0230e573638740b1de80e0bdbe71bcceeff151a3a3bd28d86f90b2c1d27d3
333,996.9095803,0.0402970790548866,0x93018adddc7ac587d1a1291970f315d53943afd4,2017-10-31T22:48:47.000Z,0.000040422,0x29465da97cc040e7db9a63e8fe55b84c3e447d43,sell,0x539efe69bcdd21a83efd9122571a64cc25e0282b,0xdbf4918614b353ae73b7946afb67fae379e05ea5070fa85c2248808b0b6eba08
334,2243.09,0.092415308,0x69f9a06cbf2069d529f77007cc6600f252b8851f,2017-10-31T22:47:21.000Z,0.0000412,0x5d79669ddf5d8193d9a7d2e5c7698174b8281e61,sell,0x539efe69bcdd21a83efd9122571a64cc25e0282b,0xa0fdef469c0084c2244dcbaf9c3bc8cb25bb6fe2857490199b2e72f5827d3466
335,14000,0.57568,0x69f9a06cbf2069d529f77007cc6600f252b8851f,2017-10-31T22:42:43.000Z,0.00004112,0xca768633c810b5e5d3f620955d627e97b18ea021,sell,0x539efe69bcdd21a83efd9122571a64cc25e0282b,0xb7986dcd04d29c807872b0e97e83be2071e41f63b00681101238d81910b9e113
336,4984.63735499,0.2049682880371888,0x69f9a06cbf2069d529f77007cc6600f252b8851f,2017-10-31T22:26:29.000Z,0.00004112,0x8799e8fe11b2ac73cd9da93083905e7a7d8b7fee,sell,0x539efe69bcdd21a83efd9122571a64cc25e0282b,0xccbf27ea92e198d7dd1e43ff9377d0c13f9a65e99443c5c9103500855c108585
337,996.9095803,0.04107267470836,0x69f9a06cbf2069d529f77007cc6600f252b8851f,2017-10-31T22:21:56.000Z,0.0000412,0xf79ade20ebbecbceba035d1024f686f713f683cd,sell,0x539efe69bcdd21a83efd9122571a64cc25e0282b,0x3daeaafd683f9c3bee4f04a7969ada5d18e72ff25c9943ded9a0415dd98b6867
338,996.9095803,0.04097298375033,0xf33bc464fb8a61db1d8cce0c22dad4f833fabb2a,2017-10-31T21:38:19.000Z,0.0000411,0xe5ae6ae033f076d3d5661c279651e648780a9869,sell,0x539efe69bcdd21a83efd9122571a64cc25e0282b,0xbd2630b2c25b3210960f9232fdd6a675ebe3f015ffe8c099d9090214f90b6341
339,1000,0.0411,0xf33bc464fb8a61db1d8cce0c22dad4f833fabb2a,2017-10-31T21:37:57.000Z,0.0000411,0x903edf55f84874a6a498c46476dbdc2279e5cc70,buy,0x539efe69bcdd21a83efd9122571a64cc25e0282b,0xae9a5f24f67a9279281c6af683bd9618dc7460e141731eac78103d45298c7b67
340,996.9095803,0.04097298375033,0xf33bc464fb8a61db1d8cce0c22dad4f833fabb2a,2017-10-31T21:37:57.000Z,0.0000411,0x5b0d48fc406b735e0f04dfc82861f554574ebaaf,sell,0x539efe69bcdd21a83efd9122571a64cc25e0282b,0xdc3f46b2b18c4a353bcc0bc1434701351e376853ee0b39ee6e8006a9d08f76e2
341,1000,0.0425,0x1b6572f89d7d320e044b0a218e3c68c8198c2c40,2017-10-31T21:22:43.000Z,0.0000425,0x7eba78f19bc4477eafdc29f46f6975490e54531d,buy,0x539efe69bcdd21a83efd9122571a64cc25e0282b,0xc4d4839e2a2eaea9d01f439fc220aff86f52ea3eba7880874e5dc54adf5d9fbc
342,996.9095803,0.040624065397225,0x074edfa074d29da892239b2e832b013188fc0b55,2017-10-31T21:14:16.000Z,0.00004075,0xfef848fc5c2735405ddc8e40ef7c44f3d6c5e907,sell,0x539efe69bcdd21a83efd9122571a64cc25e0282b,0x1455c33cbe3d30b3e759227e06e004e0ffad7d650b28ee1783f78e6398ae366a
343,996.9095803,0.04037483800215,0x1c50c8b877f4cfc5bfc984a14d5978146c82c173,2017-10-31T20:55:25.000Z,0.0000405,0x2814b12c1ad7a7ac0df8745598751a1b6f042845,sell,0x539efe69bcdd21a83efd9122571a64cc25e0282b,0x5227c76b28fe866b8c10e9e04dddeba22488922be0f55e23e24bb8afed01acd5
344,996.9095803,0.04037483800215,0x1c50c8b877f4cfc5bfc984a14d5978146c82c173,2017-10-31T20:45:46.000Z,0.0000405,0xb771104c566a19543cfab417370e1c5d6b1414b7,sell,0x539efe69bcdd21a83efd9122571a64cc25e0282b,0x8a17bd1ce9fb7f6ab432fe914a69de2235d8c95933b9ef9c7995230dbb1ece29
345,11.36363636,0.0005,0x350f6f675b20d606bb7f6c412ef4775c9bc57168,2017-10-31T20:37:20.000Z,0.00004400000001408,0xd89491e8e216b25fb9a5d32a3fdcf6c5270c665b,buy,0x539efe69bcdd21a83efd9122571a64cc25e0282b,0xf57d47cb8d0fda63add8b840b75da4231a26dcf008a43efcb2dde38b94b38e8d
346,11.36363636,0.0005,0x3bfdec5343e950ce45522eef9948c977631b4000,2017-10-31T20:37:20.000Z,0.00004400000001408,0xd89491e8e216b25fb9a5d32a3fdcf6c5270c665b,buy,0x539efe69bcdd21a83efd9122571a64cc25e0282b,0x3fb2818d95b269db1e0db9afe573ce293f77e822187dbb652c8fb04322c74c9a
347,996.9095803,0.04037483800215,0x1c50c8b877f4cfc5bfc984a14d5978146c82c173,2017-10-31T20:31:58.000Z,0.0000405,0xc7ec3f773b58e4d036a5057b5417dcccfff434e4,sell,0x539efe69bcdd21a83efd9122571a64cc25e0282b,0x806e02a6f4afa16b1b4a481b617d6ab6395af7b785655963069660ab05314648
348,52537.0065697,2.123545805547274,0xebe301de482a78800c2faf7b795633a2beb734eb,2017-10-31T20:04:07.000Z,0.00004042,0x33e9aeb4482c47739c0b44238673473a38e495f3,sell,0x539efe69bcdd21a83efd9122571a64cc25e0282b,0xdccb2d82af3aa2624f74259ecb1f50aacc6519ea507c7768c21c5660a95e7817
349,20000,0.81,0x6d127c7806192a4e4aa57bf2e1b3b598139aedc6,2017-10-31T20:01:57.000Z,0.0000405,0x33e9aeb4482c47739c0b44238673473a38e495f3,sell,0x539efe69bcdd21a83efd9122571a64cc25e0282b,0x52f1ca314be3486fd630110669ad0411417e1bd3c7fca01a4a1ba65c026bb1cd
350,16278.667,0.657999998807,0x2a8600bbdaab254a2f8a8e00912799295c3dd601,2017-10-31T20:01:57.000Z,0.000040421,0x33e9aeb4482c47739c0b44238673473a38e495f3,sell,0x539efe69bcdd21a83efd9122571a64cc25e0282b,0xca5f05afbe7944a0d7d33e9b34e7b964345eca5d95ec1b4270e67d8e43993405
351,10000,0.41,0x6d127c7806192a4e4aa57bf2e1b3b598139aedc6,2017-10-31T20:01:57.000Z,0.000041,0x33e9aeb4482c47739c0b44238673473a38e495f3,sell,0x539efe69bcdd21a83efd9122571a64cc25e0282b,0xf4a029d63c030557a668885f174024ed23a4396a472eab3c2b23f626271a46dd
352,6193.614,0.260150368842,0xa99d2489660c29dd99ff58d828f3f6b32ddafbe7,2017-10-31T19:59:47.000Z,0.000042003,0x33e9aeb4482c47739c0b44238673473a38e495f3,sell,0x539efe69bcdd21a83efd9122571a64cc25e0282b,0xb4b22b16546ace2c2ea2706e572af94f4bd5524f602ffef6e05c11b79a99af60
353,9560,0.40152,0xa356e30e3e86351110bd61f006c05315dd389ccd,2017-10-31T19:59:47.000Z,0.000042,0x33e9aeb4482c47739c0b44238673473a38e495f3,sell,0x539efe69bcdd21a83efd9122571a64cc25e0282b,0xc9739fcdcdae38dbbe75d0aa7c4e49079ec58d4f949409b3a89f90257c4a706f
354,4100,0.1722082,0x241457036255e84b8739035b0d766c48619e6e38,2017-10-31T19:59:47.000Z,0.000042002,0x33e9aeb4482c47739c0b44238673473a38e495f3,sell,0x539efe69bcdd21a83efd9122571a64cc25e0282b,0x633b847f5fc28640be9a38295264d1f8c39201baa6b4e799c32373ab57d33ada
355,30000,1.26003,0x8327338695014f89d4ae86aadddc0daf01d335f8,2017-10-31T19:59:21.000Z,0.000042001,0x33e9aeb4482c47739c0b44238673473a38e495f3,sell,0x539efe69bcdd21a83efd9122571a64cc25e0282b,0x82d19d7e24e09c84512fa73584bf2f3d7ed3427778b366b372df48793a137636
356,1479.99605315,0.06216427422045945,0xa99d2489660c29dd99ff58d828f3f6b32ddafbe7,2017-10-31T19:32:09.000Z,0.000042003,0x8286c8bbedecde7b850e7ca24bfcb45632ac35f7,sell,0x539efe69bcdd21a83efd9122571a64cc25e0282b,0x676e8c3bb52751441a8a8730b9d2984d72d58c19593de6ae6b957bdbb1cb9b69
357,1.51096067,0.00006346488102201,0xa99d2489660c29dd99ff58d828f3f6b32ddafbe7,2017-10-31T19:17:21.000Z,0.000042003,0x4be5bd40d06c8a34c72ce12b66cc480b28bb7ce0,sell,0x539efe69bcdd21a83efd9122571a64cc25e0282b,0xb518cf6e17b13cdb830e14ff4c61e084d02c9be575be2a347a93e59ab346354b
358,15156.44643536,0.636616219624426,0xa99d2489660c29dd99ff58d828f3f6b32ddafbe7,2017-10-31T19:16:23.000Z,0.000042003,0x4be5bd40d06c8a34c72ce12b66cc480b28bb7ce0,sell,0x539efe69bcdd21a83efd9122571a64cc25e0282b,0x2b40427902c91cc40038ea274e56cef4e3da5c003fcf68a1688147c071e8f311
359,3898.62559971,0.16375397106461914,0xa99d2489660c29dd99ff58d828f3f6b32ddafbe7,2017-10-31T19:13:19.000Z,0.000042003,0xceceaa548a1d18e3360379b4c1f94e0202299029,sell,0x539efe69bcdd21a83efd9122571a64cc25e0282b,0x84b9a77344fc48144a90e517a8048e7f854b6f98355383a727ccff7f21920fe9
360,996.9095803,0.0418731931013409,0xa99d2489660c29dd99ff58d828f3f6b32ddafbe7,2017-10-31T19:06:51.000Z,0.000042003,0x904b25a8bf321b0775a74918373383a3df9bce1d,sell,0x539efe69bcdd21a83efd9122571a64cc25e0282b,0xa1a5c13523195b6c0e58f754a4753b202223321e66a019737d4faf2b02657f5b
361,1.22337493,0.00005138541718479,0xa99d2489660c29dd99ff58d828f3f6b32ddafbe7,2017-10-31T19:03:17.000Z,0.000042003,0x86edde2eb9240d2b190128ed33127642a7988ee5,sell,0x539efe69bcdd21a83efd9122571a64cc25e0282b,0xbb226c84b12ed84fa17df98a8fae11e219adc48c2c6edf7f346f333f9f5f6acf
362,12271.67392245,0.5154471197646674,0xa99d2489660c29dd99ff58d828f3f6b32ddafbe7,2017-10-31T19:01:37.000Z,0.000042003,0x86edde2eb9240d2b190128ed33127642a7988ee5,sell,0x539efe69bcdd21a83efd9122571a64cc25e0282b,0x07444760e1587ad0aaf03ca55671ecec574f232c266e726d5a0aad19afe554da
363,11099.59168549,0.472842605801874,0xebe301de482a78800c2faf7b795633a2beb734eb,2017-10-31T19:00:02.000Z,0.0000426,0x86edde2eb9240d2b190128ed33127642a7988ee5,sell,0x539efe69bcdd21a83efd9122571a64cc25e0282b,0x066f58228b44d17fd0ec1fa4d2fc1f53525ed74e98c250f031ca116c6e3bd41c
364,17000,0.7157,0x9dd88b1688123b181e09bb98554e31354e8ceb1b,2017-10-31T19:00:02.000Z,0.0000421,0x86edde2eb9240d2b190128ed33127642a7988ee5,sell,0x539efe69bcdd21a83efd9122571a64cc25e0282b,0xe02055ca079d98230d487314d78c7bdd4997aa482a93a690623c5c435a195aa4
365,626.38070374,0.026746456049698,0x092350e68526f2f5e23498771fe5d22188854521,2017-10-31T18:59:08.000Z,0.0000427,0x86edde2eb9240d2b190128ed33127642a7988ee5,sell,0x539efe69bcdd21a83efd9122571a64cc25e0282b,0x5435ffa8590a7f44c7e5e35dcc181e1c9e1216c24596a2a865459cb3e5380acf
366,40.175,0.00171949,0x705b70dc449d816103954e68b5e9d7fc96af5038,2017-10-31T18:59:08.000Z,0.0000428,0x86edde2eb9240d2b190128ed33127642a7988ee5,sell,0x539efe69bcdd21a83efd9122571a64cc25e0282b,0xf2ca0de09a394407c74aecd07803c022247c19b1e7706e61e47cf2e7fc7f1aa1
367,3273.019,0.141103122109,0x4a20ae200e258dc8dca98bb97571a31199c6c4e6,2017-10-31T18:58:24.000Z,0.000043111,0x86edde2eb9240d2b190128ed33127642a7988ee5,sell,0x539efe69bcdd21a83efd9122571a64cc25e0282b,0xbacd3e6f387725c018ac111db0cc3b02993f8c2646c4429f2fc4064fc77842f5
368,3910.21255215,0.1798697773989,0xceceaa548a1d18e3360379b4c1f94e0202299029,2017-10-31T18:52:59.000Z,0.000046,0xf44072eda87ede9613b6ae1b812de8a60ade27a2,sell,0x539efe69bcdd21a83efd9122571a64cc25e0282b,0x3aa38fb7fa8c6258c9b2db2f016c3c9a66de5b1ab94fbdb3adb2fc0ea62ec447
369,3921.97848762,0.17256705345528,0xf44072eda87ede9613b6ae1b812de8a60ade27a2,2017-10-31T18:52:59.000Z,0.000044,0xd89491e8e216b25fb9a5d32a3fdcf6c5270c665b,buy,0x539efe69bcdd21a83efd9122571a64cc25e0282b,0x3aa38fb7fa8c6258c9b2db2f016c3c9a66de5b1ab94fbdb3adb2fc0ea62ec447
370,4929.20611074,0.21250300464011215,0x4a20ae200e258dc8dca98bb97571a31199c6c4e6,2017-10-31T18:34:51.000Z,0.000043111,0xdb2d8c5a29256fe15b7c4586c110ad223f5f247c,sell,0x539efe69bcdd21a83efd9122571a64cc25e0282b,0x4be49bc803934e9004b6993e8283da289eb7550e714c4ae6b65175dac37dec62
371,400,0.0176,0xbb8f4ab864e621c1ef82354b3547112ec38221cc,2017-10-31T18:33:44.000Z,0.000044,0xdb2d8c5a29256fe15b7c4586c110ad223f5f247c,sell,0x539efe69bcdd21a83efd9122571a64cc25e0282b,0x04efc5f00784cb255d2d1164335e6808442e545d606c9ba6925af29a429da6dc
372,1644.90080749,0.0709133187117014,0x4a20ae200e258dc8dca98bb97571a31199c6c4e6,2017-10-31T18:29:56.000Z,0.000043111,0x0ffffa6ce80eee2139e8b4c76a5a210dff49a48c,sell,0x539efe69bcdd21a83efd9122571a64cc25e0282b,0x1c44a6c0b6f9f87d03d7bacf48ed9404e1da320db479f7637481d59749d5bd52
373,1000,0.044099,0xb2b62b0b1ca12bfb4f9f5759df353eeeb03ed972,2017-10-31T18:10:46.000Z,0.000044099,0xaa5a8763179d7e24b0230e981cf7cd5d9fa7cff8,buy,0x539efe69bcdd21a83efd9122571a64cc25e0282b,0x3d465fe14fbc837a1a7531f01e865ff6e6dec60446e6885facf506e3ab051ded
374,6152.87384974,0.2652565445361411,0x4a20ae200e258dc8dca98bb97571a31199c6c4e6,2017-10-31T17:59:16.000Z,0.000043111,0x236c483966c48729f00372f384489a1c60af6236,sell,0x539efe69bcdd21a83efd9122571a64cc25e0282b,0x5a2e97294691812c8ae1cb30c96eb7f44d941a123268d976d2967b7286f131e3
375,6957.43154251,0.296386583710926,0xebe301de482a78800c2faf7b795633a2beb734eb,2017-10-31T17:57:18.000Z,0.0000426,0xda8be99300ab04a99e46f6e818286d2c23baafba,sell,0x539efe69bcdd21a83efd9122571a64cc25e0282b,0x6f60448498e5e3559fd7379b8a08dd38ce6bc9be00797e9c96e4771c181e0bbd
376,1942.976772,0.0827708104872,0xebe301de482a78800c2faf7b795633a2beb734eb,2017-10-31T17:52:33.000Z,0.0000426,0xef7389407987dd22cb9d15707866b4e0c3d3e44c,sell,0x539efe69bcdd21a83efd9122571a64cc25e0282b,0x2d2abf60d4f1059237e60b90284be19242992d4cea39a402afadea507a8902fc
377,17000,0.7259,0x092350e68526f2f5e23498771fe5d22188854521,2017-10-31T17:49:39.000Z,0.0000427,0xef7389407987dd22cb9d15707866b4e0c3d3e44c,sell,0x539efe69bcdd21a83efd9122571a64cc25e0282b,0xacf001d44dbac5474dfecf29c7e60807fbc8f6c112a490f61beea971ae8bced3
378,1092.61290001,0.046763832120428,0x61c4b4fbbcdb49fbc03cdead92fa3fbc3d864fff,2017-10-31T17:21:47.000Z,0.0000428,0x65f2dddf638c7a7118b22d610c9aeba141f2467f,sell,0x539efe69bcdd21a83efd9122571a64cc25e0282b,0xb7b739e71ee221fc418c933c670612859c9f65f48c4143db642783419c0b3e97
379,1096,0.044934904,0x65f2dddf638c7a7118b22d610c9aeba141f2467f,2017-10-31T17:21:47.000Z,0.000040999,0x4ef101828052e3b1340145926be230bda53e112b,buy,0x539efe69bcdd21a83efd9122571a64cc25e0282b,0xb7b739e71ee221fc418c933c670612859c9f65f48c4143db642783419c0b3e97
