,amount,amountBase,buyer,date,price,seller,side,tokenAddr,txHash
0,71,0.0140154,0x045120ed371cef67d0213c20a04d572252858c2e,2017-11-02T16:07:33.000Z,0.0001974,0x2adef0a727f1a443d61886981c89136ca866ab33,buy,0x9af4f26941677c706cfecf6d3379ff01bb85d5ab,0x4b71b7f6badd75474667b1d3fe1043495295a98fb89a238aa98bdd0ae0b3575b
1,198.20422903,0.01684775587600806,0x7cbdad3fb970dc81c17c72d7beddbb0416aae122,2017-11-02T15:22:13.000Z,0.000085002,0xdd1f63d7d351d27986b17516b5c6d8b5d73da305,sell,0x9af4f26941677c706cfecf6d3379ff01bb85d5ab,0x6d45e67eff766760ea63e46ab625b85a4929da50488e414192d8f11ccd283e5b
2,9849.46665338,0.8864519988042,0x748d27b1db06d50268fdbf4269155ad3265892c9,2017-11-02T15:19:43.000Z,0.00009,0xdd1f63d7d351d27986b17516b5c6d8b5d73da305,sell,0x9af4f26941677c706cfecf6d3379ff01bb85d5ab,0x685fa46c96fc30360d9123353a2c5e7c6a081f50be573de9cb5de170354a5139
3,10000,0.90001,0x7cbdad3fb970dc81c17c72d7beddbb0416aae122,2017-11-02T15:19:40.000Z,0.000090001,0xdd1f63d7d351d27986b17516b5c6d8b5d73da305,sell,0x9af4f26941677c706cfecf6d3379ff01bb85d5ab,0x796a225fc03a02219d9d59b27a2d731f50500e4b68db4bdfeac20bd649a063c6
4,150.53334662,0.0135480011958,0x748d27b1db06d50268fdbf4269155ad3265892c9,2017-11-02T13:20:22.000Z,0.00009,0x70c3f5c1a94d7a3aedb10709cdeb491f52057b81,sell,0x9af4f26941677c706cfecf6d3379ff01bb85d5ab,0x9fdcbfba4896a68b6bbfb0fc3b3132b545406f9dd5f6bb193dd9286f3128714d
5,3.45065562,0.0005,0x4fda9e6bcd83af6c5cc771b5d20accc2b7720074,2017-11-02T09:52:41.000Z,0.0001449000001918476,0x72bd9ed3dd900d460bfa6e70dca09811853628fa,buy,0x9af4f26941677c706cfecf6d3379ff01bb85d5ab,0x1c59c9ba0f96e8f5d8cd311b2399420947981acdaa667a43455b961813a1a213
6,3.44851369,0.0005,0x3075f7f189912f4f425dd7021b9c396434197477,2017-11-02T09:38:53.000Z,0.00014499000002519925,0x7cbdad3fb970dc81c17c72d7beddbb0416aae122,buy,0x9af4f26941677c706cfecf6d3379ff01bb85d5ab,0x49a33b8a055c52dabca6c3d37223a85fb0873849bc96c45275d62528d93d83fc
7,6076.12568659,0.607612568659,0x005e2b5853720cf760387bb2fb25c2468091e4b1,2017-11-02T02:58:58.000Z,0.0001,0xd3cc5f429f5006dc074734308b5be71bfd6de60d,sell,0x9af4f26941677c706cfecf6d3379ff01bb85d5ab,0xfb6fbda1689aad7a3e42682ce1f072a7039e7901bbbda693a0a24a6cba15f781
8,19682.36095687,1.9682754604089137,0x7cbdad3fb970dc81c17c72d7beddbb0416aae122,2017-11-02T02:58:26.000Z,0.000100002,0xd3cc5f429f5006dc074734308b5be71bfd6de60d,sell,0x9af4f26941677c706cfecf6d3379ff01bb85d5ab,0x2a136983c078584eec0d6d9cfbec46b199166d82974687b511e6015774ee0548
9,1700,0.17,0x34565eef6092d92841a1e28c044f85ba65017af4,2017-11-02T02:55:25.000Z,0.0001,0xd3cc5f429f5006dc074734308b5be71bfd6de60d,sell,0x9af4f26941677c706cfecf6d3379ff01bb85d5ab,0xdcb9dffd5aee5be4dc8d5438438a7a6b54e55e00d278124403f16c1a83cf6938
10,31461.26993726,3.146158454995937,0x47af1437f674d4e79a66bf0ad6cc48d6979dc61d,2017-11-02T02:55:20.000Z,0.000100001,0xd3cc5f429f5006dc074734308b5be71bfd6de60d,sell,0x9af4f26941677c706cfecf6d3379ff01bb85d5ab,0xdfbb7bebd6187bd7a4a3adfb75f12341c226b9e2466ee28f6842b6b358dab6c0
11,9829.6986542,1.0517777559994,0x55dec70a47eae12032d85f375a8031b020f63488,2017-11-02T02:55:01.000Z,0.000107,0xd3cc5f429f5006dc074734308b5be71bfd6de60d,sell,0x9af4f26941677c706cfecf6d3379ff01bb85d5ab,0xabd4d760d281e11e05fa7412f54e9c3d8164653dcbbfcb0679db9cf0dee2e58c
12,9650.08473732,1.0325687169779774,0x7cbdad3fb970dc81c17c72d7beddbb0416aae122,2017-11-02T02:54:49.000Z,0.000107001,0xd3cc5f429f5006dc074734308b5be71bfd6de60d,sell,0x9af4f26941677c706cfecf6d3379ff01bb85d5ab,0xb6c71f7b1288078624f7b31fed2f61ad1b9a70a84eefe36ad0945dbc4e30ee7c
13,349.91526268,0.03744128302202268,0x7cbdad3fb970dc81c17c72d7beddbb0416aae122,2017-11-02T02:31:33.000Z,0.000107001,0x9fe5d6bec1f5f5b993891f27f0a20c20feab0d29,sell,0x9af4f26941677c706cfecf6d3379ff01bb85d5ab,0xcae5139df663c40e7e52795cb89270aeb6746d12c7e573ecec452fe588267a40
14,13923.87431341,1.392387431341,0x005e2b5853720cf760387bb2fb25c2468091e4b1,2017-11-01T14:08:10.000Z,0.0001,0xd3cc5f429f5006dc074734308b5be71bfd6de60d,sell,0x9af4f26941677c706cfecf6d3379ff01bb85d5ab,0xc9ade8d696b2fe68c62adec019af783f96ab4dbf1f4f07eb58d0c93fef4550cc
15,2000,0.200006,0xa0e8d87e5caf8424c86c8d95d99d6394dc04ad22,2017-11-01T14:07:40.000Z,0.000100003,0xd3cc5f429f5006dc074734308b5be71bfd6de60d,sell,0x9af4f26941677c706cfecf6d3379ff01bb85d5ab,0x86e9e6e6874e9b62510a89d3ddabae05a8dfcfaf47522d6525928a0e2d75fcf4
16,8400,0.840042,0xcab71d365cfc3b927d50cfbca602f1082451a688,2017-11-01T14:07:36.000Z,0.000100005,0xd3cc5f429f5006dc074734308b5be71bfd6de60d,sell,0x9af4f26941677c706cfecf6d3379ff01bb85d5ab,0x3b0defafc4e6801db5650945cae7493cb65012ab08435616d4cb3e1f63a21369
17,1502.04761042,0.1652252371462,0x34565eef6092d92841a1e28c044f85ba65017af4,2017-11-01T12:05:43.000Z,0.00011,0xd3cc5f429f5006dc074734308b5be71bfd6de60d,sell,0x9af4f26941677c706cfecf6d3379ff01bb85d5ab,0x53b5a66a9b954bbcdab973749fd25d90345e527e9ba483a19f14f61956920137
18,400,0.0440004,0x6d7ff4d014737ade242c42294de9cc8c6d4e2643,2017-11-01T12:04:27.000Z,0.000110001,0xd3cc5f429f5006dc074734308b5be71bfd6de60d,sell,0x9af4f26941677c706cfecf6d3379ff01bb85d5ab,0xda56f95eb6c91d237aee29b1ce1c0769b75c04e918d20ece137471bfe94f852d
19,10000,1.11111,0x986863aa0aebc9cd0e6db6275faa8a1fbb745d81,2017-11-01T11:47:35.000Z,0.000111111,0xd3cc5f429f5006dc074734308b5be71bfd6de60d,sell,0x9af4f26941677c706cfecf6d3379ff01bb85d5ab,0xc43c701ab06336b2be8daac72e408aad87389c9f9da64ca009d68124631766a6
20,20000,2.2222,0x5c2a673f7ee8506734ba72ec33397f5d54a5e718,2017-11-01T11:47:35.000Z,0.00011111,0xd3cc5f429f5006dc074734308b5be71bfd6de60d,sell,0x9af4f26941677c706cfecf6d3379ff01bb85d5ab,0xe1a51ff56bd92303d3a447339322e6115f6c572b087fa5c4bccb6501ffea073c
21,10000,1.11111,0x986863aa0aebc9cd0e6db6275faa8a1fbb745d81,2017-11-01T11:47:20.000Z,0.000111111,0xd3cc5f429f5006dc074734308b5be71bfd6de60d,sell,0x9af4f26941677c706cfecf6d3379ff01bb85d5ab,0xc43c701ab06336b2be8daac72e408aad87389c9f9da64ca009d68124631766a6
22,10000,1.11112,0x7cbdad3fb970dc81c17c72d7beddbb0416aae122,2017-11-01T11:46:42.000Z,0.000111112,0xd3cc5f429f5006dc074734308b5be71bfd6de60d,sell,0x9af4f26941677c706cfecf6d3379ff01bb85d5ab,0x9ef39cb21873181f8cb35cba00195340a9d9a5bc334ec6bf2aa1d51cbf4acb5f
23,2000,0.24,0xa0e8d87e5caf8424c86c8d95d99d6394dc04ad22,2017-11-01T11:46:04.000Z,0.00012,0xd3cc5f429f5006dc074734308b5be71bfd6de60d,sell,0x9af4f26941677c706cfecf6d3379ff01bb85d5ab,0xa9598d8dcca7ef7b04277b0f58db2a05ef0339f9bd1d82f5786931953483d2c9
24,375,0.045,0x7cbdad3fb970dc81c17c72d7beddbb0416aae122,2017-11-01T06:16:57.000Z,0.00012,0x14d6a9617a144ac2ee29a309862a3d88ba2820d6,sell,0x9af4f26941677c706cfecf6d3379ff01bb85d5ab,0x0ef0b11c5cc02bb305e941f59590cf1cd873ef826ef95a619db8f00d304e5cec
25,100.68786761,0.0120825441132,0x7cbdad3fb970dc81c17c72d7beddbb0416aae122,2017-11-01T04:47:59.000Z,0.00012,0x04ab96c0c58ba42428c752f7d49d930df1e1a4b9,sell,0x9af4f26941677c706cfecf6d3379ff01bb85d5ab,0x82f91fcd165a3caaec28bcd7d439477025c9407b537d164515a2bed69919ca0f
26,9649.99495136,1.1579993941632,0x7cbdad3fb970dc81c17c72d7beddbb0416aae122,2017-11-01T04:12:51.000Z,0.00012,0x9da7ad646dc636de4bbc54ece8723a2bc346ca36,sell,0x9af4f26941677c706cfecf6d3379ff01bb85d5ab,0x97a8617e18442bbebe9a8f16ecd20c4396e6a94fb0d50a1b5a602768731078d5
27,170,0.02040017,0x0888114ed2323355f83e55f5335a5e424dc009aa,2017-11-01T04:11:50.000Z,0.000120001,0x9da7ad646dc636de4bbc54ece8723a2bc346ca36,sell,0x9af4f26941677c706cfecf6d3379ff01bb85d5ab,0x3944f77e115252d87d745944f4a30c2119d0a4017da01f84235a7fa373a1d0c8
28,149.1326663,0.0195363792853,0x24991b80b5d64f660affcafa9dca8a420715344a,2017-11-01T04:11:29.000Z,0.000131,0x9da7ad646dc636de4bbc54ece8723a2bc346ca36,sell,0x9af4f26941677c706cfecf6d3379ff01bb85d5ab,0x9b84715be01643393afd2f4c17cd579cde99dc768b5cdebf536147ccdc86d6bf
29,658.224,0.082936224,0x128bab5f74529c899fa4d0c0c8182f250933a462,2017-10-31T22:43:14.000Z,0.000126,0xd3cc5f429f5006dc074734308b5be71bfd6de60d,sell,0x9af4f26941677c706cfecf6d3379ff01bb85d5ab,0x5df22b203de034b098effac28734c4b946250204a3f5667ce771477854b9859b
30,9011.08481466,0.8210900483118192,0x3dee4a4e076e8d82859d241db0baf46f112cfa23,2017-10-31T22:18:01.000Z,0.00009112,0xb00548770ea87482f024cd4292a975fea72e8f01,sell,0x9af4f26941677c706cfecf6d3379ff01bb85d5ab,0x3bad45b2fd7e179532eaa3004bc14697e4eba561f0acae78b164ced0d96afc6c
31,40000,4.8000004,0x99cd894c1ec9544fc97d02cc10b05d04c46a586a,2017-10-31T21:06:33.000Z,0.00012000001,0xd3cc5f429f5006dc074734308b5be71bfd6de60d,sell,0x9af4f26941677c706cfecf6d3379ff01bb85d5ab,0x5f5db6f6eb305229dcba09c0be355a1d3de309516533356190480d68ab645f03
32,7000,0.896,0x7cbdad3fb970dc81c17c72d7beddbb0416aae122,2017-10-31T21:05:57.000Z,0.000128,0xd3cc5f429f5006dc074734308b5be71bfd6de60d,sell,0x9af4f26941677c706cfecf6d3379ff01bb85d5ab,0xbb30ae9494f04697ccfbcb3ed1697427b8a5855d6b9f78e2e62e033176c2c8d6
33,1200,0.1572012,0x36ae02c0a243c1021d9b9bd675802bf49c4162df,2017-10-31T21:05:41.000Z,0.000131001,0xd3cc5f429f5006dc074734308b5be71bfd6de60d,sell,0x9af4f26941677c706cfecf6d3379ff01bb85d5ab,0xb999ef7a8ab5668ccf0b68d4fb637b43f1c551b8e3dd9cc1bf9a4c3a3f52638c
34,6347,0.796891238,0xf44072eda87ede9613b6ae1b812de8a60ade27a2,2017-10-31T19:05:09.000Z,0.000125554,0x7cbdad3fb970dc81c17c72d7beddbb0416aae122,buy,0x9af4f26941677c706cfecf6d3379ff01bb85d5ab,0x12187f39c47fe042fa8a265977aad62ad962cb985bd0270d1dc2d38da3e70245
35,6327.959,0.809978752,0x7cbdad3fb970dc81c17c72d7beddbb0416aae122,2017-10-31T19:05:09.000Z,0.000128,0xf44072eda87ede9613b6ae1b812de8a60ade27a2,sell,0x9af4f26941677c706cfecf6d3379ff01bb85d5ab,0x12187f39c47fe042fa8a265977aad62ad962cb985bd0270d1dc2d38da3e70245
36,1200,0.1572,0x06afb5bdc4a7ff2ece29bfe30a2e1ea139c84275,2017-10-31T17:36:07.000Z,0.000131,0xa6f013e5e851668bddac06e6ab2b603fa3e9d7d0,sell,0x9af4f26941677c706cfecf6d3379ff01bb85d5ab,0x378a571163cc09ffd05696c77f34313e73c8c1a4b819b5f6c6f81e56e0e9b057
37,5000,0.655,0x7cbdad3fb970dc81c17c72d7beddbb0416aae122,2017-10-31T17:35:46.000Z,0.000131,0xa6f013e5e851668bddac06e6ab2b603fa3e9d7d0,sell,0x9af4f26941677c706cfecf6d3379ff01bb85d5ab,0xff8d322642e70b8639c5104256b5445e5bbd3f7aefca26f43031dd45ebfc0f79
38,13140.52251741,1.6820000227509975,0x72bd9ed3dd900d460bfa6e70dca09811853628fa,2017-10-31T15:46:07.000Z,0.000128001,0xd3cc5f429f5006dc074734308b5be71bfd6de60d,sell,0x9af4f26941677c706cfecf6d3379ff01bb85d5ab,0x9fa42dc96faf63e31765ff816a0650dc08e5af6a362c945c3a7629af09b614a7
39,50.8673337,0.0066636207147,0x24991b80b5d64f660affcafa9dca8a420715344a,2017-10-31T15:24:39.000Z,0.000131,0x40deae48809e0ac7f078c0746e291711dc120cc5,sell,0x9af4f26941677c706cfecf6d3379ff01bb85d5ab,0xa6a1f1c57e408872bc85d445c3cd84c044fa0fa91cfd5f5d6fc095bb2a04caf3
40,16695.24474131,2.140330375835942,0x7cbdad3fb970dc81c17c72d7beddbb0416aae122,2017-10-31T15:09:49.000Z,0.0001282,0xd3cc5f429f5006dc074734308b5be71bfd6de60d,sell,0x9af4f26941677c706cfecf6d3379ff01bb85d5ab,0xb797cb8d7d2b83e6139531f7eb2dc4ccaf04dda4cd7ea227b295141119116234
41,3050,0.3965,0xa623e602b30c9cc2baae610daf81dcbb506c32fc,2017-10-31T15:09:15.000Z,0.00013,0xd3cc5f429f5006dc074734308b5be71bfd6de60d,sell,0x9af4f26941677c706cfecf6d3379ff01bb85d5ab,0x7ee9e9e5af20c896d52f56b11e59608eca82b2e038f4e75a149a479f21c7559b
42,6949.15761141,0.9033904894833,0x7cbdad3fb970dc81c17c72d7beddbb0416aae122,2017-10-31T15:09:04.000Z,0.00013,0xd3cc5f429f5006dc074734308b5be71bfd6de60d,sell,0x9af4f26941677c706cfecf6d3379ff01bb85d5ab,0x419eb82a68ac320d5ef7940da7d750536c45bb57726cf16db1746734856827ab
43,5,0.00078994,0x0b773d7819259d78757b26dc4148812d35676d8f,2017-10-31T14:28:16.000Z,0.000157988,0x7cbdad3fb970dc81c17c72d7beddbb0416aae122,buy,0x9af4f26941677c706cfecf6d3379ff01bb85d5ab,0x42a1de0c4c0cc95b9bed72d9155bbf71a422ba1d97a9bd96b0396a0e949d4da1
44,50.84238859,0.0066095105167,0x7cbdad3fb970dc81c17c72d7beddbb0416aae122,2017-10-31T14:20:19.000Z,0.00013,0x6ba8322e3c02c28bba6c894912769bbe21447160,sell,0x9af4f26941677c706cfecf6d3379ff01bb85d5ab,0x40b8219f1a70b759e2b1a79a46b9ec8ee170161225d02d1b525acf846663b4e8
45,630,0.09953244,0x8cc4d8315e5c73276342c83bca878d5ebdcb644e,2017-10-31T14:01:07.000Z,0.000157988,0x7cbdad3fb970dc81c17c72d7beddbb0416aae122,buy,0x9af4f26941677c706cfecf6d3379ff01bb85d5ab,0x92e37e489e296b8fc6aa243b2b869e87f7a9612d297a69919b81d6f0c4500fe0
46,250.22430465,0.03207875585613,0x7cbdad3fb970dc81c17c72d7beddbb0416aae122,2017-10-31T13:03:35.000Z,0.0001282,0x40deae48809e0ac7f078c0746e291711dc120cc5,sell,0x9af4f26941677c706cfecf6d3379ff01bb85d5ab,0xa3b0155f55d4c830e44da0f616281c140e2ea2eb18e0f39ef73c264bae26f91f
47,3054.53095404,0.391590868307928,0x7cbdad3fb970dc81c17c72d7beddbb0416aae122,2017-10-31T13:02:29.000Z,0.0001282,0xd5806778f1178d334c99f872451ffb5ff54c0df4,sell,0x9af4f26941677c706cfecf6d3379ff01bb85d5ab,0x5f989b40e133853109be68c0fe80a7bebda0826d90504ada911389a8abd3410f
48,0.58491691,0.00007487053431382,0x7cbdad3fb970dc81c17c72d7beddbb0416aae122,2017-10-31T09:51:25.000Z,0.000128002,0x009a12d4290630bc01fd82516ac57c1dc6a9bcfb,sell,0x9af4f26941677c706cfecf6d3379ff01bb85d5ab,0xa62d83c661aaf03165afacec9a8b461e5a2ee8c2537382dae266673cae9ca6cc
49,610,0.0975939,0x33555f0026de72cf3e2cd5e80bfef5346c6e7349,2017-10-31T07:58:36.000Z,0.00015999,0x7cbdad3fb970dc81c17c72d7beddbb0416aae122,buy,0x9af4f26941677c706cfecf6d3379ff01bb85d5ab,0xa7993647b878be7bc9991fc291070acd2b78b09e7b8e8d1955d5feed4b4678ae
50,200.37882564,0.02564889043957128,0x7cbdad3fb970dc81c17c72d7beddbb0416aae122,2017-10-31T07:47:59.000Z,0.000128002,0x21e70fee23868b5c84e3cfa093990ccc1eb5d02f,sell,0x9af4f26941677c706cfecf6d3379ff01bb85d5ab,0xec5337be0085534f0db18fcd3d0ddd6513fbc2296f9f230b1f9741feafcd8f76
51,2.967,0.000379778967,0x72bd9ed3dd900d460bfa6e70dca09811853628fa,2017-10-31T04:09:28.000Z,0.000128001,0xe444a40689f51f63bcd29910622035707d533d29,sell,0x9af4f26941677c706cfecf6d3379ff01bb85d5ab,0x48ad0643090b23917b9c838ff35e8060cf77840d0ba1fe44a43d7f3ec23a25a2
52,0.001,0.00000016099,0x0c4085d8e714ca77ac5f46cd2b80a92d238a7cd3,2017-10-31T00:56:49.000Z,0.00016099,0x7cbdad3fb970dc81c17c72d7beddbb0416aae122,buy,0x9af4f26941677c706cfecf6d3379ff01bb85d5ab,0x47f8b12f502da5109b0c38fa86df357c5afca095b96b2e2f36a08cf0f1685241
53,5000,0.6,0x7cbdad3fb970dc81c17c72d7beddbb0416aae122,2017-10-31T00:39:59.000Z,0.00012,0xd3cc5f429f5006dc074734308b5be71bfd6de60d,sell,0x9af4f26941677c706cfecf6d3379ff01bb85d5ab,0x44e27fc924c3838b384466fba8ecddef6b27b849e9d43be26a005ce90e64e0e8
54,5000,0.625,0x7cbdad3fb970dc81c17c72d7beddbb0416aae122,2017-10-31T00:39:19.000Z,0.000125,0xd3cc5f429f5006dc074734308b5be71bfd6de60d,sell,0x9af4f26941677c706cfecf6d3379ff01bb85d5ab,0x09f356135f23bf1747a3282f055e8aea013890a6c0031b2a9e5e7702b64c9612
55,191.77581462,0.02416375264212,0x128bab5f74529c899fa4d0c0c8182f250933a462,2017-10-31T00:26:33.000Z,0.000126,0xb00548770ea87482f024cd4292a975fea72e8f01,sell,0x9af4f26941677c706cfecf6d3379ff01bb85d5ab,0x0f98eaac41245b4357bdc271f7fc35fc65487b736a2836ddbeb669469f25de8d
56,3000,0.37653,0x72bd9ed3dd900d460bfa6e70dca09811853628fa,2017-10-31T00:25:34.000Z,0.00012551,0xb00548770ea87482f024cd4292a975fea72e8f01,sell,0x9af4f26941677c706cfecf6d3379ff01bb85d5ab,0x2cba97f575732623e6ab8ffe97e37b6169ebfd5b41efcdbfd275faa22bf77583
57,4796.234,0.537178208,0x55dec70a47eae12032d85f375a8031b020f63488,2017-10-31T00:25:34.000Z,0.000112,0xb00548770ea87482f024cd4292a975fea72e8f01,sell,0x9af4f26941677c706cfecf6d3379ff01bb85d5ab,0xe43e11eb4d8fab33d91d9af63fdf42ebdad405f9b010038a7c1bbaac07bf264e
58,9000,1.008045,0xc4c3f11db23126544b4bc14ab6a3e44abe90401e,2017-10-31T00:24:52.000Z,0.000112005,0xb00548770ea87482f024cd4292a975fea72e8f01,sell,0x9af4f26941677c706cfecf6d3379ff01bb85d5ab,0xa6237e4fd7fa4b19348382440834ccefb366da20d84a0a2927c4ddd7efa01e57
59,5000,0.62775,0x5c44f3dd2bf7f49e99b79faeebe770124aaad23c,2017-10-31T00:24:52.000Z,0.00012555,0xb00548770ea87482f024cd4292a975fea72e8f01,sell,0x9af4f26941677c706cfecf6d3379ff01bb85d5ab,0xde4a242c2c2c436c19d13ca790ea85690af06709ba865dba08f2e20d2ea49256
60,10000,1.3,0x7cbdad3fb970dc81c17c72d7beddbb0416aae122,2017-10-30T23:19:55.000Z,0.00013,0xd3cc5f429f5006dc074734308b5be71bfd6de60d,sell,0x9af4f26941677c706cfecf6d3379ff01bb85d5ab,0x03267740f134b18282e56c3699ad796da29c6dfc31160d90c6086500400bbc91
61,4181.8456097,0.543639929261,0xe8a98a96ba11e83d842c5df09899fbc1c9710e71,2017-10-30T19:52:20.000Z,0.00013,0x7cbdad3fb970dc81c17c72d7beddbb0416aae122,sell,0x9af4f26941677c706cfecf6d3379ff01bb85d5ab,0xe4913696d718f17ddd179d6bcb0e151fed3dc2470acd0faee9d49a1245171d6c
62,2000,0.339596,0x50af1719afddfd539fbc0b53b0be582f5b7b9abf,2017-10-30T16:09:11.000Z,0.000169798,0x7cbdad3fb970dc81c17c72d7beddbb0416aae122,buy,0x9af4f26941677c706cfecf6d3379ff01bb85d5ab,0x7df5931cff0e21f38ba4588723f72ccee511f30af1713078e16b387d19520e20
63,700,0.1188586,0x7509e4cc3fc2313abcccff156f14b82ad0790482,2017-10-30T15:48:36.000Z,0.000169798,0x7cbdad3fb970dc81c17c72d7beddbb0416aae122,buy,0x9af4f26941677c706cfecf6d3379ff01bb85d5ab,0x1a64f83fc4bfb55bc7bff69fdfbab26c4e874a684d8c4ac2fef31bd9753e32dd
64,1050,0.1365,0xe8a98a96ba11e83d842c5df09899fbc1c9710e71,2017-10-30T15:08:43.000Z,0.00013,0x7cbdad3fb970dc81c17c72d7beddbb0416aae122,sell,0x9af4f26941677c706cfecf6d3379ff01bb85d5ab,0x596355fd406b53cdd447a0e1e1c9902bc2cf0b9130058db40a59dec1070a8cfe
65,1050,0.1365,0xe8a98a96ba11e83d842c5df09899fbc1c9710e71,2017-10-30T14:53:31.000Z,0.00013,0x7cbdad3fb970dc81c17c72d7beddbb0416aae122,sell,0x9af4f26941677c706cfecf6d3379ff01bb85d5ab,0xe6d4a74dc528795f91d5741526755e0d2987bb168d22369ca105ae3dc05b292f
66,100,0.0169798,0x327de23f8dd66a9ab2b517c41bd3f123796d03eb,2017-10-30T14:19:26.000Z,0.000169798,0x7cbdad3fb970dc81c17c72d7beddbb0416aae122,buy,0x9af4f26941677c706cfecf6d3379ff01bb85d5ab,0xfc2f212b96dafd46d1ed5f3dcb2ddfb8cb7809ace9a1c02b9954585fd8b5b1bb
67,1,0.000169798,0x6cdea8e07bf82d7a07dbf36642d6e5be8623845c,2017-10-30T14:17:31.000Z,0.000169798,0x7cbdad3fb970dc81c17c72d7beddbb0416aae122,buy,0x9af4f26941677c706cfecf6d3379ff01bb85d5ab,0xbc7ab4fd1fd647615808b419e4b863f76526f667b12538ca20fd5340c21e9275
68,797.52766424,0.1036785963512,0xe8a98a96ba11e83d842c5df09899fbc1c9710e71,2017-10-30T14:13:38.000Z,0.00013,0x7655ea77962ecc54d8e6000358dcfd74c4f3fef2,sell,0x9af4f26941677c706cfecf6d3379ff01bb85d5ab,0x617f55bf96b0296766b31e890c355a7328a7ea6c64c737e4e130c8791a6e0d7a
69,400,0.0679192,0x7655ea77962ecc54d8e6000358dcfd74c4f3fef2,2017-10-30T14:03:10.000Z,0.000169798,0x7cbdad3fb970dc81c17c72d7beddbb0416aae122,buy,0x9af4f26941677c706cfecf6d3379ff01bb85d5ab,0x0cd1bee2a792c091eafd895f8a9d7468cc3c29683c486f3d2f51673341cebee2
70,400,0.0679192,0x7655ea77962ecc54d8e6000358dcfd74c4f3fef2,2017-10-30T14:02:25.000Z,0.000169798,0x7cbdad3fb970dc81c17c72d7beddbb0416aae122,buy,0x9af4f26941677c706cfecf6d3379ff01bb85d5ab,0x177965000b4e9293517ae4cc62746c8135446e4788f2e33d85b116ccd08e3db0
71,4202.32326145,0.5274377948678509,0x3dee4a4e076e8d82859d241db0baf46f112cfa23,2017-10-30T10:00:07.000Z,0.000125511,0x8c651b6f3bd5f5404df5e9799bd583f9b5bb99d2,sell,0x9af4f26941677c706cfecf6d3379ff01bb85d5ab,0xf71e1d4b909eca49d0ab6ee20c225115193e41f7eba3d71ae537535354fd7c0c
72,1004.63562955,0.1265840893233,0x790dda3b970f85b7b59052a3eb9fd9a5f6e675e9,2017-10-30T09:58:55.000Z,0.000126,0x8c651b6f3bd5f5404df5e9799bd583f9b5bb99d2,sell,0x9af4f26941677c706cfecf6d3379ff01bb85d5ab,0x5899b3eea6a1f6333979e549ffb47f24b06cd69b4428be564408177c0971f03b
73,10000,1.26,0x7cbdad3fb970dc81c17c72d7beddbb0416aae122,2017-10-30T09:58:00.000Z,0.000126,0x8c651b6f3bd5f5404df5e9799bd583f9b5bb99d2,sell,0x9af4f26941677c706cfecf6d3379ff01bb85d5ab,0x851b0f50f11398d311e590db8b55bb02fe8c01899fc3799e5b01489a2311e2e7
74,1125,0.186512625,0xca4248f9b0412e3bad0402505d0120f3420c54f8,2017-10-30T09:13:52.000Z,0.000165789,0x4fe66c963fe9e3c996b4af51d7547d7ba819dfa1,buy,0x9af4f26941677c706cfecf6d3379ff01bb85d5ab,0x826b078937d0be6fb15e50c1a034dbc5e57b0dad3129339683a93680a5f4cec8
75,1495.36437045,0.1884159106767,0x790dda3b970f85b7b59052a3eb9fd9a5f6e675e9,2017-10-30T08:27:32.000Z,0.000126,0xcffe3dfe037d15b44f0576b95517cfe05b594a6c,sell,0x9af4f26941677c706cfecf6d3379ff01bb85d5ab,0x563888ce608b73f064e337c99039b34c287452af08076e3fac8bce29be40b0f1
76,199.32230417,0.0300000000006267,0xb105d96f87a1a4aa2ce523a86f4b200482aa14f0,2017-10-30T04:22:21.000Z,0.00015051,0x4cb60484412567eb29dbc648f7db5dac3b91b987,sell,0x9af4f26941677c706cfecf6d3379ff01bb85d5ab,0xee9b8897994f989372e2449251a6352b56d1f987fe88cc6fa33e6c3eb8009471
77,100,0.0169889,0x08f1db9cb539574b8dd0daaa1d29718efe93459d,2017-10-29T22:54:56.000Z,0.000169889,0x7cbdad3fb970dc81c17c72d7beddbb0416aae122,buy,0x9af4f26941677c706cfecf6d3379ff01bb85d5ab,0x8cbcab1c5deb05ef08c47fa56ab507fede1312b1eeb38f8123097432c1db7168
78,80.488,0.0120732,0x06afb5bdc4a7ff2ece29bfe30a2e1ea139c84275,2017-10-29T22:35:47.000Z,0.00015,0x7cbdad3fb970dc81c17c72d7beddbb0416aae122,sell,0x9af4f26941677c706cfecf6d3379ff01bb85d5ab,0x6dbd960ae7b0a2ae0072da2a5f56a6b87b27bfa3b37e76aaf47795ac10fb2dd2
79,9930.21632937,1.2909281228181,0x7cbdad3fb970dc81c17c72d7beddbb0416aae122,2017-10-29T22:18:28.000Z,0.00013,0xb00548770ea87482f024cd4292a975fea72e8f01,sell,0x9af4f26941677c706cfecf6d3379ff01bb85d5ab,0x709da23af21a0b284a85c0a737213ae531bd1837e227629d94b2ea503e893d96
80,8,0.001359112,0x00be25a18e2ec702479fc6b38f10894070cb2797,2017-10-29T21:40:41.000Z,0.000169889,0x7cbdad3fb970dc81c17c72d7beddbb0416aae122,buy,0x9af4f26941677c706cfecf6d3379ff01bb85d5ab,0xc1a17d53ab8f028279adc5696a3d2b02e96031021777d30988325c92e70847b0
81,5.87708372,0.00099845187746336,0x00be25a18e2ec702479fc6b38f10894070cb2797,2017-10-29T21:37:02.000Z,0.00016988900023077433,0x7cbdad3fb970dc81c17c72d7beddbb0416aae122,buy,0x9af4f26941677c706cfecf6d3379ff01bb85d5ab,0xae8128a4ab57afea9c901ca61fd52491571e12cbc86c53afdb7d6ed4b9377d21
82,91.06406438,0.015470782834951648,0x00be25a18e2ec702479fc6b38f10894070cb2797,2017-10-29T21:33:19.000Z,0.00016988900001644808,0x7cbdad3fb970dc81c17c72d7beddbb0416aae122,buy,0x9af4f26941677c706cfecf6d3379ff01bb85d5ab,0x9a8ec7e397c289af1a5c4c3668656fe4ea2e3cfdec23b91ed78b54bbc2e2e3c9
83,74.86050879,0.0112672551779829,0xb105d96f87a1a4aa2ce523a86f4b200482aa14f0,2017-10-29T21:32:34.000Z,0.00015051,0x67184334d94448a27eb5db91cac5ae291172acb9,sell,0x9af4f26941677c706cfecf6d3379ff01bb85d5ab,0x65f5a290ef11f508864e61f5269dbf9fc6f05c1c3bff457c4151cc667286c876
84,50.842,0.008490614,0x00be25a18e2ec702479fc6b38f10894070cb2797,2017-10-29T21:31:27.000Z,0.000167,0xeae46ec3c5f204697789b090d03d2d2c72791af6,buy,0x9af4f26941677c706cfecf6d3379ff01bb85d5ab,0xb9732fe8b57e445e96da3364c352833f79f27ab3769997979b455bb99278ee3e
85,93.157,0.015650376,0x00be25a18e2ec702479fc6b38f10894070cb2797,2017-10-29T21:21:57.000Z,0.000168,0x7cbdad3fb970dc81c17c72d7beddbb0416aae122,sell,0x9af4f26941677c706cfecf6d3379ff01bb85d5ab,0xd91a0e3c126f1e1ee635abf44e234511ad8ebe98918e54ec610b3575a3c024a9
86,100,0.01974,0x00be25a18e2ec702479fc6b38f10894070cb2797,2017-10-29T21:04:05.000Z,0.0001974,0x2adef0a727f1a443d61886981c89136ca866ab33,buy,0x9af4f26941677c706cfecf6d3379ff01bb85d5ab,0xa3e7f2a2091caee5a5ed8469625a791e98c310cf176cbc232b6c119806e59796
87,50.842,0.00849010558,0x00be25a18e2ec702479fc6b38f10894070cb2797,2017-10-29T20:59:38.000Z,0.00016699,0x4bfa5fdd96496a949f8ad8ca7c59fceec8d7e3d6,buy,0x9af4f26941677c706cfecf6d3379ff01bb85d5ab,0x552092378890ddf16f7ec3a788eecd48a41263597db96ef53aa3f3922b739e9f
88,5238.76998153,0.8382031970448,0x4213d9b38356c1bb9f552889bd5f05c36946173c,2017-10-29T20:44:56.000Z,0.00016,0x0af69da5a1557bd16f14e51e21749166eb5dd58a,sell,0x9af4f26941677c706cfecf6d3379ff01bb85d5ab,0x659ccd2b915a1beebc57e300658ad363982957c58f451421b0ed2037942ccc9d
89,870,0.14781039,0x4213d9b38356c1bb9f552889bd5f05c36946173c,2017-10-29T19:58:43.000Z,0.000169897,0x8522098f4bc8d4f44a17c8bba8435e099411da70,buy,0x9af4f26941677c706cfecf6d3379ff01bb85d5ab,0x1ae28eacce6a62d136ed5a43ec00d432cd9a1fd4c8c51902ee0d7bbbeabfe320
90,999,0.169728102,0x4213d9b38356c1bb9f552889bd5f05c36946173c,2017-10-29T19:57:59.000Z,0.000169898,0x8522098f4bc8d4f44a17c8bba8435e099411da70,buy,0x9af4f26941677c706cfecf6d3379ff01bb85d5ab,0x6e99ef1a727ac3098f7088d7559c7147b650a300272ad49fd5d837e40597ac54
91,5280.798,0.897189097407,0x4213d9b38356c1bb9f552889bd5f05c36946173c,2017-10-29T19:56:27.000Z,0.0001698965,0x7cbdad3fb970dc81c17c72d7beddbb0416aae122,buy,0x9af4f26941677c706cfecf6d3379ff01bb85d5ab,0x1c80345382266f07693f41210b6fffcbf480643b2a206068c2e1f785090e25b8
92,401.04761904,0.067376,0xe822560c7caa4e39d36e9aebd3e0a79322435f5a,2017-10-29T19:54:11.000Z,0.00016800000000319164,0xb92e8e12e6d6fd4b153b604fcb6601e7d86b6651,buy,0x9af4f26941677c706cfecf6d3379ff01bb85d5ab,0xed572f92b674d415d025c9043b2d3509c0a254d46181a4eff7a74ead8930fd95
93,2449.15761141,0.3673736417115,0x86e0c29e379d3a6cc065a8511aa73c291ecfe094,2017-10-29T16:34:37.000Z,0.00015,0x3df86cefaecfaa31be2f74f8f832cb4ef62b79f8,sell,0x9af4f26941677c706cfecf6d3379ff01bb85d5ab,0x69d3879811181a507d4a860651676e85d4f9fec4685e5c338e4f4e7875ffb45e
94,810.39377929,0.121964263783145,0x29dcd67307045880f2db4d003c79ef0e635b1031,2017-10-29T16:34:37.000Z,0.0001505,0x3df86cefaecfaa31be2f74f8f832cb4ef62b79f8,sell,0x9af4f26941677c706cfecf6d3379ff01bb85d5ab,0x5a8e13efe7de5661e56b0761e3c6aa6f2775630f5dea1f541525c0109e82c738
95,17652.563,2.736147265,0xa921c8cde995e4c54b4138dff55e62f61b192aa9,2017-10-29T16:24:07.000Z,0.000155,0x3df86cefaecfaa31be2f74f8f832cb4ef62b79f8,sell,0x9af4f26941677c706cfecf6d3379ff01bb85d5ab,0x316fffd9f069332deb33a60e1cf8fae8493ee4270f17e1ee5a995f678fa80c55
96,101.68477719,0.01576114046445,0xa921c8cde995e4c54b4138dff55e62f61b192aa9,2017-10-29T15:23:44.000Z,0.000155,0x0af69da5a1557bd16f14e51e21749166eb5dd58a,sell,0x9af4f26941677c706cfecf6d3379ff01bb85d5ab,0xeb9896e80865b70d5ae348a4cf316ffcccf7477d5818417709384dd989ca481e
97,50.84238859,0.00788057023145,0xa921c8cde995e4c54b4138dff55e62f61b192aa9,2017-10-29T14:35:17.000Z,0.000155,0x44443914bed5a3fca58d4cb65f1c088059124062,sell,0x9af4f26941677c706cfecf6d3379ff01bb85d5ab,0x6c065bf5024ad68a7f3c2e8cdada1a63a15943eea3a362160f637f5a9ef12e32
98,50.84238859,0.00788057023145,0xa921c8cde995e4c54b4138dff55e62f61b192aa9,2017-10-29T14:35:08.000Z,0.000155,0x44443914bed5a3fca58d4cb65f1c088059124062,sell,0x9af4f26941677c706cfecf6d3379ff01bb85d5ab,0x6c065bf5024ad68a7f3c2e8cdada1a63a15943eea3a362160f637f5a9ef12e32
99,3050,0.47275,0xa921c8cde995e4c54b4138dff55e62f61b192aa9,2017-10-29T13:50:34.000Z,0.000155,0x7cbdad3fb970dc81c17c72d7beddbb0416aae122,sell,0x9af4f26941677c706cfecf6d3379ff01bb85d5ab,0xa08aaf86f3b51d1afc6035d7f3a0154ddde109bd778e35140db863a4f5e6e65c
100,996.90933994,0.1545209476907,0xa921c8cde995e4c54b4138dff55e62f61b192aa9,2017-10-29T13:13:58.000Z,0.000155,0x0ae2d2b3a41f08ea2674178a6ea95a916aef0e6b,sell,0x9af4f26941677c706cfecf6d3379ff01bb85d5ab,0x865449905ddc60b3102a0402b63940598470ea0a3035b8069aa719359026d4d2
101,1729.99999998,0.28717826999834,0xd2ea382e498316d91b9de8557670149b479721a0,2017-10-29T11:35:56.000Z,0.00016599900000095953,0x7cbdad3fb970dc81c17c72d7beddbb0416aae122,buy,0x9af4f26941677c706cfecf6d3379ff01bb85d5ab,0x122706821b223f3c2c25c59655cd792ae598b73fc2dc1b5f6e5213e83baf4a76
102,1724.80999999,0.2932176999983,0xa921c8cde995e4c54b4138dff55e62f61b192aa9,2017-10-29T11:35:56.000Z,0.00017,0xd2ea382e498316d91b9de8557670149b479721a0,sell,0x9af4f26941677c706cfecf6d3379ff01bb85d5ab,0x122706821b223f3c2c25c59655cd792ae598b73fc2dc1b5f6e5213e83baf4a76
103,1994,0.33898,0xa921c8cde995e4c54b4138dff55e62f61b192aa9,2017-10-29T11:35:56.000Z,0.00017,0xd2ea382e498316d91b9de8557670149b479721a0,sell,0x9af4f26941677c706cfecf6d3379ff01bb85d5ab,0xbe4071e516054d7ec4363a77b4db81d503d641b1a57be39e9e64728b3e279359
104,2000,0.332,0xd2ea382e498316d91b9de8557670149b479721a0,2017-10-29T11:35:56.000Z,0.000166,0xeae46ec3c5f204697789b090d03d2d2c72791af6,buy,0x9af4f26941677c706cfecf6d3379ff01bb85d5ab,0xbe4071e516054d7ec4363a77b4db81d503d641b1a57be39e9e64728b3e279359
105,449.60622071,0.067665736216855,0x29dcd67307045880f2db4d003c79ef0e635b1031,2017-10-29T10:52:16.000Z,0.0001505,0xa3406b9ef2aab95b0f2431982fefdc0de4662313,sell,0x9af4f26941677c706cfecf6d3379ff01bb85d5ab,0x331e42b12892a166b16b1d1d276f2ec8545715d57d93dff5b742eb21a18e6b65
106,50.84238859,0.0076263582885,0x86e0c29e379d3a6cc065a8511aa73c291ecfe094,2017-10-29T03:21:39.000Z,0.00015,0x1b8f0cb0970cbb165d58adaae7682929d5cb68d1,sell,0x9af4f26941677c706cfecf6d3379ff01bb85d5ab,0xa94b65cb420d7202715dd51f42732cfc5bf2658122f33c7a0aeb65e75616856a
107,6.84285714,0.00114959999952,0x00be25a18e2ec702479fc6b38f10894070cb2797,2017-10-28T23:29:44.000Z,0.000168,0x7cbdad3fb970dc81c17c72d7beddbb0416aae122,sell,0x9af4f26941677c706cfecf6d3379ff01bb85d5ab,0x8d6f0b1edc9034743c315b279dedf69504edcddfe5483871245f65f03597f6c0
108,100,0.0168,0x00be25a18e2ec702479fc6b38f10894070cb2797,2017-10-28T22:55:28.000Z,0.000168,0xb92e8e12e6d6fd4b153b604fcb6601e7d86b6651,buy,0x9af4f26941677c706cfecf6d3379ff01bb85d5ab,0x1775769eb38041eb977a9b3f24d31eb1d086126c6c50aeee39bff187a5483192
109,23,0.00391,0x92d3ed39d77c4a667d2a193dd9b946ac8fedf94f,2017-10-28T22:14:04.000Z,0.00017,0x7cbdad3fb970dc81c17c72d7beddbb0416aae122,sell,0x9af4f26941677c706cfecf6d3379ff01bb85d5ab,0x844d9daca7c34a0bfd10ffca2f2af52d923856a9bf9efe322ad2bb37c51ffb99
110,50.84238859,0.0076263582885,0x06afb5bdc4a7ff2ece29bfe30a2e1ea139c84275,2017-10-28T21:58:39.000Z,0.00015,0xa403b1b7ede70afe902ae6aaf213d8dd49615d58,sell,0x9af4f26941677c706cfecf6d3379ff01bb85d5ab,0xa19ad3d839a87a0867909d67a5952abd6295ba23d2d6c6f7df46c7b18fe4d5a7
111,2.97619047,0.0005,0x34f9560c63078eb61872a4dc2ccd20e21c34feaf,2017-10-28T20:22:45.000Z,0.00016800000034944,0xb92e8e12e6d6fd4b153b604fcb6601e7d86b6651,buy,0x9af4f26941677c706cfecf6d3379ff01bb85d5ab,0x39ce979b17737b5ba33540b4f3397771cf3b503167298ac47ff0036e11614a17
112,2.97619047,0.0005,0xe444a40689f51f63bcd29910622035707d533d29,2017-10-28T20:18:26.000Z,0.00016800000034944,0xb92e8e12e6d6fd4b153b604fcb6601e7d86b6651,buy,0x9af4f26941677c706cfecf6d3379ff01bb85d5ab,0x0608ca45f4eb83768b164f459b9cb52f8fc02a0b1e3f992ff623951cd29999cb
113,1614.15761141,0.2421252558691114,0xed76cecb4660fde885dc2019d4b3568f19f3c46d,2017-10-28T17:16:12.000Z,0.000150001,0x1ed014aec47fae44c9e55bac7662c0b78ae61798,sell,0x9af4f26941677c706cfecf6d3379ff01bb85d5ab,0x7da15f9ee42c43aa6cf0f34b8012c5ccf9f79235946bbf47b88b44b5a4ef9d39
114,50.84238859,0.00762640913088859,0xed76cecb4660fde885dc2019d4b3568f19f3c46d,2017-10-28T15:16:45.000Z,0.000150001,0xa14c6e02cc47492436bf8cb3652dfc3bed47e0ff,sell,0x9af4f26941677c706cfecf6d3379ff01bb85d5ab,0x787731eed21043c87344c42a3550b764dc977b3586511d3e68923468f21b8ece
115,501,0.072645,0x88040855038722cd07c28337d6926e68809f00c4,2017-10-28T05:28:52.000Z,0.000145,0xb31a96cb42a8dab272126cd08ba97f3e7e77f3e6,buy,0x9af4f26941677c706cfecf6d3379ff01bb85d5ab,0x5c9fd53bc427a016d6f7387874ec4481a7c7ac8bb069ef4d335ec5acd5e2ad23
116,151,0.02265,0x14d6a9617a144ac2ee29a309862a3d88ba2820d6,2017-10-28T02:39:15.000Z,0.00015,0xd8a4730d956e1b1084d97812d9236426f92a042c,buy,0x9af4f26941677c706cfecf6d3379ff01bb85d5ab,0x02c4e7d0987715dc3cf189d9acaa7f2663f072489fce19fbd217fea9c31d8bf4
117,51,0.00816,0xa0039cf454321b61bb7f12a81ff823c0fb26c748,2017-10-28T00:32:38.000Z,0.00016,0xffb5f5e8b90e17d8fdfbd65cb6e928aa6f33cc46,buy,0x9af4f26941677c706cfecf6d3379ff01bb85d5ab,0x3b69aefcb31fc60cc5d36b5a33e605feb8fffadf7d31f16e00832b75fbbc81ee
118,250.22430465,0.0308301365759265,0x7cbdad3fb970dc81c17c72d7beddbb0416aae122,2017-10-27T15:09:26.000Z,0.00012321,0xd4124ed339aae428c245389af6f0b2477dd60168,sell,0x9af4f26941677c706cfecf6d3379ff01bb85d5ab,0x65a5469eef5fad98cf6518551c02a025d6c60c38be4c897f5a513752a0fdaf71
119,100.68786761,0.0124057521682281,0x7cbdad3fb970dc81c17c72d7beddbb0416aae122,2017-10-27T15:01:11.000Z,0.00012321,0x32e7a684f79c1c72e3f58304e7069983454e9782,sell,0x9af4f26941677c706cfecf6d3379ff01bb85d5ab,0xb8bc35620243222b7bd60a158e88a3415a7bb4093acfa13a421aac08069cec01
120,182.3726448,0.02248654710384,0x7cbdad3fb970dc81c17c72d7beddbb0416aae122,2017-10-27T13:44:47.000Z,0.0001233,0x28df321d9885a28cfd8a4cdbd249604c30e5ff05,sell,0x9af4f26941677c706cfecf6d3379ff01bb85d5ab,0x742eab5ee25870fb41a280154baac28990687f764776b3726f66d25a4d5c4830
121,201,0.0247833,0x7cbdad3fb970dc81c17c72d7beddbb0416aae122,2017-10-27T13:34:09.000Z,0.0001233,0x834c6a2bb7ff4b457498b45af98409e710abbadb,buy,0x9af4f26941677c706cfecf6d3379ff01bb85d5ab,0xc3eaf7c862ed9cde8a8a6794822c167798612f0be72d2f312109422de997a0e4
122,673.91087628,0.082958428870068,0x7cbdad3fb970dc81c17c72d7beddbb0416aae122,2017-10-27T12:16:11.000Z,0.0001231,0x92c7a1c38a2fc7f5e7a9486dcfb814656b835453,sell,0x9af4f26941677c706cfecf6d3379ff01bb85d5ab,0xa671fac9ade74fe2d0d25ef24f1cff1ec80b69c68caaad301464a6ee5276c43a
123,50.84238859,0.00621410926063557,0x7cbdad3fb970dc81c17c72d7beddbb0416aae122,2017-10-27T10:23:08.000Z,0.000122223,0x841b0c31ab915b80ea4be0a81ea2d71fb3e4fc32,sell,0x9af4f26941677c706cfecf6d3379ff01bb85d5ab,0xe59905f25c6715138356df05818ee7ce99cae78b2f16239be337241c7587f383
124,50.84238859,0.006212939885698,0x7cbdad3fb970dc81c17c72d7beddbb0416aae122,2017-10-27T09:53:08.000Z,0.0001222,0x8ed71fd3b7a7c8c39dcf738229aa71ead2ae3948,sell,0x9af4f26941677c706cfecf6d3379ff01bb85d5ab,0x1594f1dc6b4886d7c8c91628df1377b461bfc313d93bf76fb8c327478aeea89f
125,50.84238859,0.0057609510511329,0x4bfa5fdd96496a949f8ad8ca7c59fceec8d7e3d6,2017-10-27T07:22:33.000Z,0.00011331,0x632c219677b3e781143a9ddcc1849d0c06b65854,sell,0x9af4f26941677c706cfecf6d3379ff01bb85d5ab,0x9c85080e6028f7c5c00e61dcdd627ddccb1f9432a2cd7180352b99ff4792cd63
126,5303,0.684087,0x4bfa5fdd96496a949f8ad8ca7c59fceec8d7e3d6,2017-10-27T05:56:22.000Z,0.000129,0x29fbc96a9f47f3f78057a47ac1897520eb2a2dd0,buy,0x9af4f26941677c706cfecf6d3379ff01bb85d5ab,0x68f4fed8e7255595719e8da8b433b5077837392d5953dea183188bf7cce78561
127,9345,1.211551215,0x4bfa5fdd96496a949f8ad8ca7c59fceec8d7e3d6,2017-10-27T05:56:22.000Z,0.000129647,0x8522098f4bc8d4f44a17c8bba8435e099411da70,buy,0x9af4f26941677c706cfecf6d3379ff01bb85d5ab,0x786a848569762b43c6453aa14d98dc6df7153c40251a601b55696b2de6183072
128,12345,1.60050456,0x4bfa5fdd96496a949f8ad8ca7c59fceec8d7e3d6,2017-10-27T05:56:22.000Z,0.000129648,0x8522098f4bc8d4f44a17c8bba8435e099411da70,buy,0x9af4f26941677c706cfecf6d3379ff01bb85d5ab,0xf2c6da0f19bdf082d295d600664da2725536b399a10b9a57be35a52a36adf387
129,12457,1.606940543,0x39b421eaf279c35f69afb85c8762d1d7a3511c98,2017-10-27T05:55:13.000Z,0.000128999,0x8522098f4bc8d4f44a17c8bba8435e099411da70,buy,0x9af4f26941677c706cfecf6d3379ff01bb85d5ab,0xc8d0c0c6de0e2109746721f1703792b79e5124fc2778326a31770bbb023f3d12
130,1500,0.192,0x39b421eaf279c35f69afb85c8762d1d7a3511c98,2017-10-27T05:54:49.000Z,0.000128,0x5c4fa72c0199ca949e1abb046710ea46902f2ee3,buy,0x9af4f26941677c706cfecf6d3379ff01bb85d5ab,0x88beb88dd7420b144ec091fdf0d504e3c95499b195a901a238c7e29381bf0a5d
131,1000,0.128999,0x14d6a9617a144ac2ee29a309862a3d88ba2820d6,2017-10-27T04:49:08.000Z,0.000128999,0x8522098f4bc8d4f44a17c8bba8435e099411da70,buy,0x9af4f26941677c706cfecf6d3379ff01bb85d5ab,0xb88f3f0d366c14407791effba150d908e75083fd4d5dfc42167231bf90c3ca4c
132,251,0.028112,0x7cbdad3fb970dc81c17c72d7beddbb0416aae122,2017-10-27T04:18:36.000Z,0.000112,0xed0dea451afeaac5e2808fc9c15d609782d93b99,buy,0x9af4f26941677c706cfecf6d3379ff01bb85d5ab,0x7923837441ab0d397fdeb3601b8da63ae39c1baa7ee59942211cf8c5dbc9cb2a
133,1000,0.128998,0xa36334b0909ab194b9ddb9689bfde7f6b2332220,2017-10-27T03:48:54.000Z,0.000128998,0x7cbdad3fb970dc81c17c72d7beddbb0416aae122,buy,0x9af4f26941677c706cfecf6d3379ff01bb85d5ab,0x281c7b8a67a773a91edae31bf522e25182b0317ce617012efb888bbdd2f5394a
134,201,0.022512,0x14d6a9617a144ac2ee29a309862a3d88ba2820d6,2017-10-27T03:25:20.000Z,0.000112,0x00f68a79bf71103ab23794c973f92e8dc66db429,buy,0x9af4f26941677c706cfecf6d3379ff01bb85d5ab,0x41693da7009eb334b441b36eff2937b13a624633c1d7d306826f8acf0c0557ff
135,25.91964908,0.00290300069696,0x14d6a9617a144ac2ee29a309862a3d88ba2820d6,2017-10-27T03:08:01.000Z,0.000112,0xcbaae569d9ecbd35ff827e314dc79973f0b35b4d,sell,0x9af4f26941677c706cfecf6d3379ff01bb85d5ab,0x1ce81dfc3e35c7708e259478bc812e02d1398777f2439fa669c4203ef4bb1f20
136,225.141,0.02926833,0xe822560c7caa4e39d36e9aebd3e0a79322435f5a,2017-10-26T18:35:43.000Z,0.00013,0xa6f013e5e851668bddac06e6ab2b603fa3e9d7d0,buy,0x9af4f26941677c706cfecf6d3379ff01bb85d5ab,0x225d1fe90cc5a99c8cb9744538fb61535653d8437b28a73a64bc22b33da6ff83
137,499.45169973,0.0549396869703,0x34565eef6092d92841a1e28c044f85ba65017af4,2017-10-26T17:17:32.000Z,0.00011,0xa3438804f8ee626bdfc14b2727e9eb5fea04640a,sell,0x9af4f26941677c706cfecf6d3379ff01bb85d5ab,0xd331808eff071e3439e8f251a521ec12c521ad4742e84b75ba30010d96fd2587
138,301,0.03311,0x045b4f21a31953f9a51f54124cf1d791dd030dc9,2017-10-26T16:32:28.000Z,0.00011,0xd3e317963e59d10ee190ab348c0e0c993339d0c3,buy,0x9af4f26941677c706cfecf6d3379ff01bb85d5ab,0xcd03d16a368b1cfea96dc0705cb2fb98d0438c9876af3d7b46674695d9479d1d
139,4000,0.428004,0x88650fdbfbb5c7933eb52008c4387050b963747d,2017-10-26T13:11:33.000Z,0.000107001,0xa6f013e5e851668bddac06e6ab2b603fa3e9d7d0,sell,0x9af4f26941677c706cfecf6d3379ff01bb85d5ab,0x5ac2fb8c664dbc4e04a426f6e2c03db5a008e44bfa803c6269ec3a4d9ab0e114
140,3000,0.3891,0x94947ffcd2d95e6c2c0e5f41f780cc2bce4739d9,2017-10-26T10:00:20.000Z,0.0001297,0xcc9746088d51b288f989c1d3e7779bbc2c067166,buy,0x9af4f26941677c706cfecf6d3379ff01bb85d5ab,0xfce1d274588e4f2b5732a6bbb1db069a68c48f5e92c50c04f30d23b6a0ebb960
141,824.90633236,0.0907396965596,0x34565eef6092d92841a1e28c044f85ba65017af4,2017-10-26T09:47:18.000Z,0.00011,0x411a28ec92a4d48ac06bd7875d156298b8d88801,sell,0x9af4f26941677c706cfecf6d3379ff01bb85d5ab,0x60bca2655ee1b0431f85a993d135a13e0fe74bbd099b4f364fef2b342f90a612
142,1098.59435749,0.1208453793239,0x34565eef6092d92841a1e28c044f85ba65017af4,2017-10-26T09:26:54.000Z,0.00011,0x803e560c6a6c848d74ad364242aa52107b985db6,sell,0x9af4f26941677c706cfecf6d3379ff01bb85d5ab,0xd739bba5ecf4c76378c74e8529cde6adba0d2183322f931220ec346630c2c321
143,182.938,0.020306118,0x28df321d9885a28cfd8a4cdbd249604c30e5ff05,2017-10-26T08:31:22.000Z,0.000111,0x411a28ec92a4d48ac06bd7875d156298b8d88801,sell,0x9af4f26941677c706cfecf6d3379ff01bb85d5ab,0x8dd228ae2a81ffa26a7b44e746bb8b449f7864352f9f7291b41c4b8c0173be71
144,1500.548,0.1668609376,0xeae46ec3c5f204697789b090d03d2d2c72791af6,2017-10-26T08:28:30.000Z,0.0001112,0x411a28ec92a4d48ac06bd7875d156298b8d88801,sell,0x9af4f26941677c706cfecf6d3379ff01bb85d5ab,0xca5f5a4f41db111fcea69400534f11eb819bca412514f7562afd11b9410be73f
145,499.45169973,0.055539029009976,0xeae46ec3c5f204697789b090d03d2d2c72791af6,2017-10-26T07:12:45.000Z,0.0001112,0xaac27baada6d41249761e1a5ddf643bb81047e95,sell,0x9af4f26941677c706cfecf6d3379ff01bb85d5ab,0x3eaa1c3d31219b50e58d23e4615e8d5b6f9ada21db6445b1a2231e84e0f10bb6
146,3160,0.4096624,0xa36334b0909ab194b9ddb9689bfde7f6b2332220,2017-10-26T03:51:44.000Z,0.00012964,0xb22d24c4100b9678c4fc07e49a40a5624c83f841,buy,0x9af4f26941677c706cfecf6d3379ff01bb85d5ab,0x8ecc45ee82ff3627cb4126a3070293e69d5077a4db0c73d107d9e904c021f8a7
147,5867.30148519,0.6519158680194609,0x55dec70a47eae12032d85f375a8031b020f63488,2017-10-26T01:36:09.000Z,0.00011111,0x009a12d4290630bc01fd82516ac57c1dc6a9bcfb,sell,0x9af4f26941677c706cfecf6d3379ff01bb85d5ab,0x8017a04f6511f38c02c1d70a800d87d1591feacf5e8c98a9f789f29ce41e29b2
148,4102.542,0.459484704,0x790dda3b970f85b7b59052a3eb9fd9a5f6e675e9,2017-10-26T01:12:06.000Z,0.000112,0x009a12d4290630bc01fd82516ac57c1dc6a9bcfb,sell,0x9af4f26941677c706cfecf6d3379ff01bb85d5ab,0xcd0f9c557516cb0b0fcef8de85b1395b9eb4d04ec19d306e6d3a8f71582e6003
149,3397.45789453,0.38051528418736,0x790dda3b970f85b7b59052a3eb9fd9a5f6e675e9,2017-10-26T01:09:38.000Z,0.000112,0x009a12d4290630bc01fd82516ac57c1dc6a9bcfb,sell,0x9af4f26941677c706cfecf6d3379ff01bb85d5ab,0xb4a955065566b17e037aeeae2ecb14331e75c5d691c98abfaf1acc47cb434a6b
150,6516.37093973,0.730485182343733,0xa634d8b6fbe9a175a5be1b0e5d6798e47d45998a,2017-10-26T01:08:29.000Z,0.0001121,0x009a12d4290630bc01fd82516ac57c1dc6a9bcfb,sell,0x9af4f26941677c706cfecf6d3379ff01bb85d5ab,0x914156fc0dd16577e57220c151f3a885f74088f718c5dda50de8aa7b05ad415f
151,7792.842,0.880591146,0x009a12d4290630bc01fd82516ac57c1dc6a9bcfb,2017-10-25T23:16:17.000Z,0.000113,0x7cbdad3fb970dc81c17c72d7beddbb0416aae122,sell,0x9af4f26941677c706cfecf6d3379ff01bb85d5ab,0xf06c4d117f518942bcce5c85fb530f2f59cb868d4e9fdbbf65ec08d9c2980583
152,50.84238859,0.00579603229926,0xeae46ec3c5f204697789b090d03d2d2c72791af6,2017-10-25T22:23:02.000Z,0.000114,0x1b2ba681893d2b2e301e095303a419b9c2c2bbaf,sell,0x9af4f26941677c706cfecf6d3379ff01bb85d5ab,0x3c2db9873fc79870a660841b651f79e6a99375b7ebad4c45e515520b6a56eb2a
153,2207.15781078,0.24940883261814,0x009a12d4290630bc01fd82516ac57c1dc6a9bcfb,2017-10-25T20:50:19.000Z,0.000113,0xd9f7127353985633b3419835a9d5b73508006938,sell,0x9af4f26941677c706cfecf6d3379ff01bb85d5ab,0x56e96b350362cb4fdb4c38bb224e78ca6c28ff19f293dd8c0ae692849e1c31ec
154,700,0.0789978,0x28ef6c0161667aac9268f93250a7798591c428ff,2017-10-25T19:04:39.000Z,0.000112854,0xa6f013e5e851668bddac06e6ab2b603fa3e9d7d0,sell,0x9af4f26941677c706cfecf6d3379ff01bb85d5ab,0xec3c8c366147ab41e0fe27b93364fe325dee3313ecce35b05a14954f568383b2
155,2243,0.04461327,0xd445f61ebca3d6b4c57eef1f39fdab6595ef8972,2017-10-25T18:33:30.000Z,0.00001989,0xc4ec28db6bf6233a6cfd448ebcc0382e9457d2a4,buy,0x9af4f26941677c706cfecf6d3379ff01bb85d5ab,0xcd4068f5274fd1c118fb6c31c5325fc4fb7985761775c0de7f210f36887d9466
156,2236.271,0.239280997,0x55dec70a47eae12032d85f375a8031b020f63488,2017-10-25T18:33:30.000Z,0.000107,0xd445f61ebca3d6b4c57eef1f39fdab6595ef8972,sell,0x9af4f26941677c706cfecf6d3379ff01bb85d5ab,0xcd4068f5274fd1c118fb6c31c5325fc4fb7985761775c0de7f210f36887d9466
157,7000,0.13923,0xd2ea382e498316d91b9de8557670149b479721a0,2017-10-25T18:33:20.000Z,0.00001989,0xc4ec28db6bf6233a6cfd448ebcc0382e9457d2a4,buy,0x9af4f26941677c706cfecf6d3379ff01bb85d5ab,0x31ad57ccccb5c8640a4919ccb06d8d127699c6667300e1436c8e4c1266453ce2
158,6979,0.788627,0x009a12d4290630bc01fd82516ac57c1dc6a9bcfb,2017-10-25T18:33:20.000Z,0.000113,0xd2ea382e498316d91b9de8557670149b479721a0,sell,0x9af4f26941677c706cfecf6d3379ff01bb85d5ab,0x31ad57ccccb5c8640a4919ccb06d8d127699c6667300e1436c8e4c1266453ce2
159,611,0.0684931,0x009a12d4290630bc01fd82516ac57c1dc6a9bcfb,2017-10-25T18:09:54.000Z,0.0001121,0x789c9f02de174d9215277f23a64bf31ddc398ea7,buy,0x9af4f26941677c706cfecf6d3379ff01bb85d5ab,0xa3f8da127513be5797b82b6f7e4de884433fc8dd47249f4a704e4bc444556416
160,740,0.082954,0xbe9e9c080cfa64d17751cd68f630f60ac156fc73,2017-10-25T18:09:34.000Z,0.0001121,0x789c9f02de174d9215277f23a64bf31ddc398ea7,buy,0x9af4f26941677c706cfecf6d3379ff01bb85d5ab,0x277d775a90090aceb05387c1d133a27e9b2bb942cc56ce8aa4e654b8c6ad3b29
161,2083,0.24996,0x06ce2dddca90bd67515e0a4e3cf6607bd009d17e,2017-10-25T14:38:06.000Z,0.00012,0xa6f013e5e851668bddac06e6ab2b603fa3e9d7d0,sell,0x9af4f26941677c706cfecf6d3379ff01bb85d5ab,0x752b6456d75a30e41a28c2b9743243a7b32f78ca8306b6381ea3334e86945a9f
162,3000,0.342549,0xcc9746088d51b288f989c1d3e7779bbc2c067166,2017-10-25T14:38:06.000Z,0.000114183,0xa6f013e5e851668bddac06e6ab2b603fa3e9d7d0,sell,0x9af4f26941677c706cfecf6d3379ff01bb85d5ab,0x92370afb9afbcaef912bf96fab75f189d5fa3e56f4928fb85de85e299aa58fd1
163,6600.49,0.9900074951,0xc44b7aa69b7c5fe29f70ad0734f11ab1dcc83b99,2017-10-25T14:27:26.000Z,0.00014999,0x7cbdad3fb970dc81c17c72d7beddbb0416aae122,buy,0x9af4f26941677c706cfecf6d3379ff01bb85d5ab,0x5b1c9bdc11cf82ccf03ef91afa945e4c201f2779259955c3f094b8523c2b3a78
164,601,0.081135,0xc278952107e53ace44099d5ff1d4471fa6dfb726,2017-10-25T12:41:24.000Z,0.000135,0x9d734c99bd3aa822fad7db05ea0f0a29a7fea2d8,buy,0x9af4f26941677c706cfecf6d3379ff01bb85d5ab,0x74b2e506926dad706a7baf651e33020d729239ac48379c165a91febd8017b78d
165,1641,0.21333,0xca4248f9b0412e3bad0402505d0120f3420c54f8,2017-10-25T09:09:05.000Z,0.00013,0x93d38b1f12b8acb09eac2fc9fa8c35a50deed647,buy,0x9af4f26941677c706cfecf6d3379ff01bb85d5ab,0x619c79f073c2d5391b7a6cf7c99ae4dbe91402314f9bac42ba9312d96a9c466f
166,634,0.08242,0xbe9e9c080cfa64d17751cd68f630f60ac156fc73,2017-10-25T07:55:28.000Z,0.00013,0x93d38b1f12b8acb09eac2fc9fa8c35a50deed647,buy,0x9af4f26941677c706cfecf6d3379ff01bb85d5ab,0x623b601f61091995ca0f0222e16730e55d2a61324a5ce8984789cb9108c68726
167,0.23464018,0.0000269836207,0x009a12d4290630bc01fd82516ac57c1dc6a9bcfb,2017-10-25T07:53:15.000Z,0.000115,0xbc360671093dfb7b55e8c8b9ef3cfd7f070c988a,sell,0x9af4f26941677c706cfecf6d3379ff01bb85d5ab,0x52876008b1d0c146f9928130bb1d7ef6e5636043e89d13170d1acff5369ae6c2
168,2353.67561559,0.27067269579285,0x009a12d4290630bc01fd82516ac57c1dc6a9bcfb,2017-10-25T07:51:35.000Z,0.000115,0xbc360671093dfb7b55e8c8b9ef3cfd7f070c988a,sell,0x9af4f26941677c706cfecf6d3379ff01bb85d5ab,0xff22661dc0455ac3398b22a1058000b27b706d6069466e4814715876e0855b50
169,9899.33,1.1879196,0x9da7ad646dc636de4bbc54ece8723a2bc346ca36,2017-10-25T07:49:53.000Z,0.00012,0xbc360671093dfb7b55e8c8b9ef3cfd7f070c988a,sell,0x9af4f26941677c706cfecf6d3379ff01bb85d5ab,0xf2fcaa9f9449e039523087f5f8579328185d38d6b636e862b06822338d20ad32
170,100.67,0.0120804,0x9da7ad646dc636de4bbc54ece8723a2bc346ca36,2017-10-25T07:41:10.000Z,0.00012,0x223fd352fe860bb7872fdc58e055923214a95001,sell,0x9af4f26941677c706cfecf6d3379ff01bb85d5ab,0xa5bc92a0b8c5717bdbd5a765fa82f8e7d1bcde78fb551ef4fa84ac7c213dfb0c
171,791,0.09492,0xe2eabfc1e89a462bbd2ba188cd8a9591a9a0d04e,2017-10-25T06:13:58.000Z,0.00012,0x0a992b523ca1f1a19e6849aadc240ddd6d0c95f7,buy,0x9af4f26941677c706cfecf6d3379ff01bb85d5ab,0x75530d34e55e86a7b636ba48c87840a8f8ecbd0a215bdfae6cc11e2c9a0ae5f4
172,4960.62250945,0.60023532364345,0x009a12d4290630bc01fd82516ac57c1dc6a9bcfb,2017-10-25T02:46:41.000Z,0.000121,0x7cbdad3fb970dc81c17c72d7beddbb0416aae122,sell,0x9af4f26941677c706cfecf6d3379ff01bb85d5ab,0xbb7141489c1651848eeb6d4728b8c74d2b3361e9bdceb2a395c303b487719fd7
173,12456.88774695,1.50728341738095,0x009a12d4290630bc01fd82516ac57c1dc6a9bcfb,2017-10-25T02:44:06.000Z,0.000121,0xce1133769c75f51095d9605ac6f94facda515888,sell,0x9af4f26941677c706cfecf6d3379ff01bb85d5ab,0x7a887969f97c49a71f76daff2821e4a97382035f78056079253db55e79802b85
174,2672.71458478,0.32339846475838,0x009a12d4290630bc01fd82516ac57c1dc6a9bcfb,2017-10-25T02:38:29.000Z,0.000121,0x9778550d76b07ac9f5e57392f68ecdf6efc1774e,sell,0x9af4f26941677c706cfecf6d3379ff01bb85d5ab,0x63de3957dc675672c86c6804c17d7e1e3de242c83beacc88190c2b46cb6ada20
175,5000,0.655,0xe5ad28858161fe7dc6900a69e0cf9f5c5de17ae5,2017-10-25T01:44:00.000Z,0.000131,0x7cbdad3fb970dc81c17c72d7beddbb0416aae122,sell,0x9af4f26941677c706cfecf6d3379ff01bb85d5ab,0x0c31b7ef759a1f5815f86d71dd45b89d1bc624a784dc94b52a82bf6b398f1551
176,2294.37443923,0.2753708201963846,0x7cbdad3fb970dc81c17c72d7beddbb0416aae122,2017-10-25T01:03:54.000Z,0.00012002,0x967e5a1610575e15ea2b27822ac32dbeaee098dd,sell,0x9af4f26941677c706cfecf6d3379ff01bb85d5ab,0x9e8b0d7734c27efa1f084931a01e3b961e24afc53a657ccc84d3080bfde11913
177,1557.67121922,0.24922739507552868,0xe2eabfc1e89a462bbd2ba188cd8a9591a9a0d04e,2017-10-25T00:16:23.000Z,0.000160000000000211,0xce1133769c75f51095d9605ac6f94facda515888,buy,0x9af4f26941677c706cfecf6d3379ff01bb85d5ab,0x759ead075d11ea05d301e61cddf82522d5ee82e1daf632762990a863b4182f2f
178,6000,0.96,0x7cbdad3fb970dc81c17c72d7beddbb0416aae122,2017-10-25T00:09:56.000Z,0.00016,0xce1133769c75f51095d9605ac6f94facda515888,buy,0x9af4f26941677c706cfecf6d3379ff01bb85d5ab,0x2bf145ec74f1788976174e43e6c9922ba1ef6a928ddaaa418a227a703c1d8c41
179,17255.93760059,2.7954618912968954,0x265ca90bd2ceb257be4370d0cbd6bf8e0a6688e1,2017-10-24T22:34:18.000Z,0.00016200000000007623,0x3e58486c8aba7cb94220d5e12205dd5e85220fdc,buy,0x9af4f26941677c706cfecf6d3379ff01bb85d5ab,0x2ce443ca20239999675b1e095645b339ef127384155a5fd39a8813c0bb9973b5
180,20000,3.2,0x265ca90bd2ceb257be4370d0cbd6bf8e0a6688e1,2017-10-24T22:32:46.000Z,0.00016,0xe4330ba731fb26fdedc6d8b18ea489679a2489db,buy,0x9af4f26941677c706cfecf6d3379ff01bb85d5ab,0x87b00df3be189bd67f6ca38c4bbfc6f71f05953c133b254f4350b6648f2f28f3
181,286,0.04576,0x265ca90bd2ceb257be4370d0cbd6bf8e0a6688e1,2017-10-24T22:31:27.000Z,0.00016,0xe4330ba731fb26fdedc6d8b18ea489679a2489db,buy,0x9af4f26941677c706cfecf6d3379ff01bb85d5ab,0x101997afed9e4f7ab29f235484485cedc3afa1ddea6950efdcf25cfd585dfaf3
182,2000,0.319998,0x265ca90bd2ceb257be4370d0cbd6bf8e0a6688e1,2017-10-24T22:31:27.000Z,0.000159999,0x4bfa5fdd96496a949f8ad8ca7c59fceec8d7e3d6,buy,0x9af4f26941677c706cfecf6d3379ff01bb85d5ab,0xf43aa58f66a19e9f13a2dafa4afb7d62080174706077f31dee030f76c13c7c29
183,594,0.094149,0x265ca90bd2ceb257be4370d0cbd6bf8e0a6688e1,2017-10-24T22:31:06.000Z,0.0001585,0x09d425d76af4b59d3e03e0de4e8368539153fc69,buy,0x9af4f26941677c706cfecf6d3379ff01bb85d5ab,0x64bfb885eb4d9879f2cc08ccbc46a8760b27c236410eb574cc39d7613bf7557d
184,12582.72355697,1.4366953757348346,0x7cbdad3fb970dc81c17c72d7beddbb0416aae122,2017-10-24T21:17:04.000Z,0.00011418,0xc1aac4101f510c66e44f0f0aee922051efc3ae53,sell,0x9af4f26941677c706cfecf6d3379ff01bb85d5ab,0xcb7ec1842dec99c2d3edbad7642ce6b04d9b2828db18ece89ff3dd4c859f9937
185,1000,0.1126,0x2691481e28b6ff11569ad4e378fa8f27358ba82a,2017-10-24T16:17:30.000Z,0.0001126,0xa6f013e5e851668bddac06e6ab2b603fa3e9d7d0,sell,0x9af4f26941677c706cfecf6d3379ff01bb85d5ab,0x3a9fd23c462f009e5713ba30ca087de3d61043687a52116596e74a231802e918
186,3947.66671972,0.44608633932836,0x55dec70a47eae12032d85f375a8031b020f63488,2017-10-24T16:16:44.000Z,0.000113,0xa6f013e5e851668bddac06e6ab2b603fa3e9d7d0,sell,0x9af4f26941677c706cfecf6d3379ff01bb85d5ab,0x3c351432a86f81036bf65135e8f958831dcc8862ff538daf5c6722e768741c5f
187,0.00014862,0.00000001679406,0x55dec70a47eae12032d85f375a8031b020f63488,2017-10-24T16:11:16.000Z,0.000113,0xa6f013e5e851668bddac06e6ab2b603fa3e9d7d0,sell,0x9af4f26941677c706cfecf6d3379ff01bb85d5ab,0xe33110d57f8d78ad726b260bc6d3c17971bf791becde5f787b526474d589ae4f
188,50.84238859,0.00574518991067,0x55dec70a47eae12032d85f375a8031b020f63488,2017-10-24T16:10:31.000Z,0.000113,0x35c41897f9d50c7a726394cfe6e6deb6a2c1e133,sell,0x9af4f26941677c706cfecf6d3379ff01bb85d5ab,0x04e1fc64ff04f999f32c1da36ed4d803b8481f10e4df4a42b6935dc6e9d38b0b
189,1.49074307,0.00016845396691,0x55dec70a47eae12032d85f375a8031b020f63488,2017-10-24T16:09:11.000Z,0.000113,0xa6f013e5e851668bddac06e6ab2b603fa3e9d7d0,sell,0x9af4f26941677c706cfecf6d3379ff01bb85d5ab,0xc692cc99e4ae5485badf9cf7dce69af4ee120dae1eaa218a35837f798cc30d15
190,47994.443,6.71922202,0x406bff1134b65d5cfce56bcc629160f61c1caa7d,2017-10-24T15:06:18.000Z,0.00014,0x6e1801a6c4860f390d485ce43927cf2f140f07e5,buy,0x9af4f26941677c706cfecf6d3379ff01bb85d5ab,0x8f8677333b19b16baad12be791baa68b202c9eb38e37413e1ac00d0a495562b9
191,14953.64370451,1.67480809490512,0x99cd894c1ec9544fc97d02cc10b05d04c46a586a,2017-10-24T14:48:09.000Z,0.000112,0xa6f013e5e851668bddac06e6ab2b603fa3e9d7d0,sell,0x9af4f26941677c706cfecf6d3379ff01bb85d5ab,0xe2b4ec2a2a1d2bde33f0f0c6ab79e5064a8ae6343e723a3b09836f7135b1bac9
192,0.55676852,0.000077947592807209,0xce1133769c75f51095d9605ac6f94facda515888,2017-10-24T12:59:23.000Z,0.00014000000001294794,0x6e1801a6c4860f390d485ce43927cf2f140f07e5,buy,0x9af4f26941677c706cfecf6d3379ff01bb85d5ab,0x6a89897643f455a6abdde003f9242a2302300c6a05658a40ac5d42e9ae9db8e9
193,575.47857558,0.063935669746938,0x0e34c7532be7f6ce83375cdc8abaf6a3c063d710,2017-10-24T09:12:39.000Z,0.0001111,0x2bba88a7bb8a823a307e8dd90432d41ca63e94a6,sell,0x9af4f26941677c706cfecf6d3379ff01bb85d5ab,0xd6a2a096861d511d5c1dc25a9c7ee7ec611b4692c1969d0587f4881e552cdd48
194,2000,0.22222,0x4bfa5fdd96496a949f8ad8ca7c59fceec8d7e3d6,2017-10-24T09:12:02.000Z,0.00011111,0x2bba88a7bb8a823a307e8dd90432d41ca63e94a6,sell,0x9af4f26941677c706cfecf6d3379ff01bb85d5ab,0x4fb12e9bce1662d8c90d9789b09cbf7770eaa6b5481e1400ec71cc68345b7f7e
195,4000,0.52,0x7cbdad3fb970dc81c17c72d7beddbb0416aae122,2017-10-24T09:11:56.000Z,0.00013,0x2bba88a7bb8a823a307e8dd90432d41ca63e94a6,sell,0x9af4f26941677c706cfecf6d3379ff01bb85d5ab,0xeb298cead8592844b7844f7ddd0e58f1e5709dee8cd9768fa144afee56bfa305
196,1000,0.1112,0x7cbdad3fb970dc81c17c72d7beddbb0416aae122,2017-10-24T09:11:56.000Z,0.0001112,0x2bba88a7bb8a823a307e8dd90432d41ca63e94a6,sell,0x9af4f26941677c706cfecf6d3379ff01bb85d5ab,0xbc17262d1a8b7ed3e522686454254105b8270610e690f88c540f58350d2888bb
197,498.54181539,0.06730314507765,0xd8be8871c52b91a1f4f8457baf0dc0946d931132,2017-10-24T09:11:47.000Z,0.000135,0x2bba88a7bb8a823a307e8dd90432d41ca63e94a6,sell,0x9af4f26941677c706cfecf6d3379ff01bb85d5ab,0x1adb17da06881691c6d016193c95c85fba2344a89ced34b2cba4c27ded39a5b2
198,900,0.121509,0x7cbdad3fb970dc81c17c72d7beddbb0416aae122,2017-10-24T09:11:38.000Z,0.00013501,0x2bba88a7bb8a823a307e8dd90432d41ca63e94a6,sell,0x9af4f26941677c706cfecf6d3379ff01bb85d5ab,0xaffb3f3cf18326773fcf59575b747ce44380d25d85b3dfff2ca8ddf9db633121
199,50.84238859,0.00686372245965,0xd8be8871c52b91a1f4f8457baf0dc0946d931132,2017-10-24T07:10:42.000Z,0.000135,0xe5639f6b824a77e904f4acf5d140b5a3a4a349b9,sell,0x9af4f26941677c706cfecf6d3379ff01bb85d5ab,0xd866a2a411567b80fdac026f28c1b8e0427f1bd6e2b55d01c23c1527a971e0f3
200,99.77340743,0.01346941000305,0xd8be8871c52b91a1f4f8457baf0dc0946d931132,2017-10-24T06:16:40.000Z,0.000135,0xdf78cf07ef59411f3e747c54ecd0fe5aa66f54fe,sell,0x9af4f26941677c706cfecf6d3379ff01bb85d5ab,0x3e16104bcfb20010bf618c412cb78d48d635154590b892759474699f37a9f0da
201,50.765,0.0068583515,0x34565eef6092d92841a1e28c044f85ba65017af4,2017-10-24T06:15:47.000Z,0.0001351,0xdf78cf07ef59411f3e747c54ecd0fe5aa66f54fe,sell,0x9af4f26941677c706cfecf6d3379ff01bb85d5ab,0x8ed24b263e25e1262f7d6825a3e42e6dcd31b7e0f29bf232ebb6823778ed3d5d
202,5000,0.7,0xf732b16f5aee6cd2db5b30a7a3860764a48b19ff,2017-10-24T05:17:39.000Z,0.00014,0x6e1801a6c4860f390d485ce43927cf2f140f07e5,buy,0x9af4f26941677c706cfecf6d3379ff01bb85d5ab,0x199cbc5b002f949f71e3cb7f988d4ef4e1e9b2e55b6a9687277761a69c807b47
203,50.84238859,0.00686372245965,0xd8be8871c52b91a1f4f8457baf0dc0946d931132,2017-10-24T04:01:06.000Z,0.000135,0x55911f6ec9aca343d81f9fbc363b57f53d86de04,sell,0x9af4f26941677c706cfecf6d3379ff01bb85d5ab,0xe68e98062b8854288a29cba5ae73c7949dc1b3b055ae147936c4f0c001d061fd
204,399.7607417,0.05400767620367,0x34565eef6092d92841a1e28c044f85ba65017af4,2017-10-24T02:10:02.000Z,0.0001351,0xfebed3f7333f028aaf315e7aa6bddf28da95f853,sell,0x9af4f26941677c706cfecf6d3379ff01bb85d5ab,0x2c68ea77d439f3f68cf92007b769019531946c1e0168672345aae368b4f6e256
205,50.84238859,0.006868806698509,0x34565eef6092d92841a1e28c044f85ba65017af4,2017-10-23T21:24:46.000Z,0.0001351,0x8cda780c71e9a62aa8d032f1ebd9793b099cd8c7,sell,0x9af4f26941677c706cfecf6d3379ff01bb85d5ab,0xa8d4b8e284c47b4e831b169b0f7802fc7a3f265ed8449136a22a3cbbeadf47ce
206,50.84238859,0.006868806698509,0x34565eef6092d92841a1e28c044f85ba65017af4,2017-10-23T21:14:59.000Z,0.0001351,0xfc6ac67cb3c6c555149fb4d827a94a55b778a7df,sell,0x9af4f26941677c706cfecf6d3379ff01bb85d5ab,0x36499d1c426405b42a640535ea87b20bcfa01b91f0661749ce02b3b8970742f9
207,50.84238859,0.006868806698509,0x34565eef6092d92841a1e28c044f85ba65017af4,2017-10-23T20:47:43.000Z,0.0001351,0x54b71cd634bc01416c37095b872910afd6e390e2,sell,0x9af4f26941677c706cfecf6d3379ff01bb85d5ab,0xc2cc523e86efca1b1d87c1ee76f5235115108f0128a353095c30dd202af5fae4
208,1546.03457451,0.208869271016301,0x34565eef6092d92841a1e28c044f85ba65017af4,2017-10-23T20:24:28.000Z,0.0001351,0x33c7f9f85b207f8831296752664130dad3b74544,sell,0x9af4f26941677c706cfecf6d3379ff01bb85d5ab,0xe3ce9505c36c5f0358194fed3f9a9415aa886e6a6df0a6a0895bb8de94a46fb0
209,350.91217226,0.047408234472326,0x34565eef6092d92841a1e28c044f85ba65017af4,2017-10-23T19:30:06.000Z,0.0001351,0xfcd20240e4eac2f59c5065687d21e930f5102c5a,sell,0x9af4f26941677c706cfecf6d3379ff01bb85d5ab,0x995dfb343df6615423fe9f2f8337065dc760ef85b5a15dab1e697015aa7d7bfd
210,1945.66438298,0.233674292395898,0x7cbdad3fb970dc81c17c72d7beddbb0416aae122,2017-10-23T16:43:58.000Z,0.0001201,0x2fc5bf420725915ddeb75a0e2437664eb56c5209,sell,0x9af4f26941677c706cfecf6d3379ff01bb85d5ab,0xf5bd09e0a7f612c36d8aac27ed128c7f8737b9ffb313e875acbc9888494ea1a1
211,23.92582992,0.002873492173392,0x7cbdad3fb970dc81c17c72d7beddbb0416aae122,2017-10-23T16:40:14.000Z,0.0001201,0x58fd9a65e026eb1393a83ceb098bfade49a1ceb8,sell,0x9af4f26941677c706cfecf6d3379ff01bb85d5ab,0x011892fa48b416251fa8d940074a29f571d116326683f02ae281754996c2feea
212,620,0.10044,0xd8be8871c52b91a1f4f8457baf0dc0946d931132,2017-10-23T16:40:14.000Z,0.000162,0x3e58486c8aba7cb94220d5e12205dd5e85220fdc,buy,0x9af4f26941677c706cfecf6d3379ff01bb85d5ab,0x7a49a0ee44311fcacd422e525412751107c2f3ee62ea4f519db099871ae8cff5
213,1959.42578009,0.2743196092126,0xed9d2dd36a71170c2fb8c067da42433a82a2f6a2,2017-10-23T15:39:03.000Z,0.00014,0x2fc5bf420725915ddeb75a0e2437664eb56c5209,sell,0x9af4f26941677c706cfecf6d3379ff01bb85d5ab,0xf58185331b8b58f2aee85cbca5e24ff830a74bea6b72c4bcb9c8aed1bc22326e
214,1959.42578009,0.2743196092126,0xed9d2dd36a71170c2fb8c067da42433a82a2f6a2,2017-10-23T15:38:55.000Z,0.00014,0x2fc5bf420725915ddeb75a0e2437664eb56c5209,sell,0x9af4f26941677c706cfecf6d3379ff01bb85d5ab,0xf58185331b8b58f2aee85cbca5e24ff830a74bea6b72c4bcb9c8aed1bc22326e
215,3040.57421991,0.4256803907874,0xed9d2dd36a71170c2fb8c067da42433a82a2f6a2,2017-10-23T14:58:20.000Z,0.00014,0x91d6e08c718ff93fe169e3d962b9884deb3b2e97,sell,0x9af4f26941677c706cfecf6d3379ff01bb85d5ab,0x394c063e1076a78952c4daf117ea322ebbf2b9714966b8117503feb1b19bed0a
216,4000,0.636,0xcf07a57fd29eeb079cd71a0ab67f0cfadf3c308f,2017-10-23T14:52:47.000Z,0.000159,0x7cbdad3fb970dc81c17c72d7beddbb0416aae122,sell,0x9af4f26941677c706cfecf6d3379ff01bb85d5ab,0xab8d69ba8a1b888635fe99f6a933212afcc42327d9c37c9e2ab1369c420a47f2
217,500,0.0775,0x28ef6c0161667aac9268f93250a7798591c428ff,2017-10-23T14:52:47.000Z,0.000155,0x7cbdad3fb970dc81c17c72d7beddbb0416aae122,sell,0x9af4f26941677c706cfecf6d3379ff01bb85d5ab,0xacf5baadcd2cf8b2edc7d46f253080bca504c929558ca00b220f18071777a9c0
218,115.659,0.018528687459,0x72bd9ed3dd900d460bfa6e70dca09811853628fa,2017-10-23T14:52:47.000Z,0.000160201,0x7cbdad3fb970dc81c17c72d7beddbb0416aae122,sell,0x9af4f26941677c706cfecf6d3379ff01bb85d5ab,0xbc19fe8f6e4b3b69f77c6bcc2fb7618a0abc184ecb90a72783968cb5b1395c6e
219,695.087,0.1120480244,0x34565eef6092d92841a1e28c044f85ba65017af4,2017-10-23T14:52:47.000Z,0.0001612,0x7cbdad3fb970dc81c17c72d7beddbb0416aae122,sell,0x9af4f26941677c706cfecf6d3379ff01bb85d5ab,0x78df754b64476329685ccd68d55b4841e28b99e993883d2060f46a45a3a8647b
220,4362,0.6992286,0x34565eef6092d92841a1e28c044f85ba65017af4,2017-10-23T14:50:34.000Z,0.0001603,0xd3cc5f429f5006dc074734308b5be71bfd6de60d,sell,0x9af4f26941677c706cfecf6d3379ff01bb85d5ab,0xef47faeba7291caa91d82e4368436e8c6f1d7ddd450295dd61e82613c8946af8
221,12747.108,2.052284388,0x93cc61dd1be82b6ac31d4b25a0f61173be7bb00d,2017-10-23T14:48:20.000Z,0.000161,0xd3cc5f429f5006dc074734308b5be71bfd6de60d,sell,0x9af4f26941677c706cfecf6d3379ff01bb85d5ab,0xc8bbb88c6343f43c61eeea0001d9a26d0a4cd292e9f1e8d155f9b8c6374ea748
222,3100,0.49941,0x34565eef6092d92841a1e28c044f85ba65017af4,2017-10-23T14:47:40.000Z,0.0001611,0xd3cc5f429f5006dc074734308b5be71bfd6de60d,sell,0x9af4f26941677c706cfecf6d3379ff01bb85d5ab,0x2084721713c48255474170ed184e0fb42c39dfe77f440232c499e5e2f4bffb2e
223,2370,0.382044,0x34565eef6092d92841a1e28c044f85ba65017af4,2017-10-23T14:35:50.000Z,0.0001612,0x7cbdad3fb970dc81c17c72d7beddbb0416aae122,sell,0x9af4f26941677c706cfecf6d3379ff01bb85d5ab,0x3c9507765387ca344c63d491001a30c1ab8a73f975ee2f4d1265f65ff40a1ec8
224,1900,0.3078,0x34565eef6092d92841a1e28c044f85ba65017af4,2017-10-23T14:10:51.000Z,0.000162,0x3e58486c8aba7cb94220d5e12205dd5e85220fdc,buy,0x9af4f26941677c706cfecf6d3379ff01bb85d5ab,0xa7d2cc066ad4668bf6f35b742eae5b31f0d7994add607c9d3cea900c35777150
225,291.89184633,0.04699458725913,0x93cc61dd1be82b6ac31d4b25a0f61173be7bb00d,2017-10-23T14:01:24.000Z,0.000161,0x65919f4824cf41db56c2b4acb6a29b19aaf600a5,sell,0x9af4f26941677c706cfecf6d3379ff01bb85d5ab,0x6edbdc6f302ea221c84626e8575a20142d2cd9346ee96b09915e1a8a5a1d99a5
226,5996.21464501,0.9660501414575611,0x72bd9ed3dd900d460bfa6e70dca09811853628fa,2017-10-23T14:00:11.000Z,0.00016111,0x65919f4824cf41db56c2b4acb6a29b19aaf600a5,sell,0x9af4f26941677c706cfecf6d3379ff01bb85d5ab,0xc7b5571ebc598ecd5ddab9f80c403ddefe768823a4016f6da8201158c8dea72b
227,669.78535499,0.1079091185424389,0x72bd9ed3dd900d460bfa6e70dca09811853628fa,2017-10-23T10:32:39.000Z,0.00016111,0x16b8d1f32256f9067f3dbcdbf2fa0569ca57e1a9,sell,0x9af4f26941677c706cfecf6d3379ff01bb85d5ab,0xaa8a907d6fe779cecdc5169b1ff6d76a546400c3376881fc3875d9fd3f2f0a37
228,499.45169973,0.08240953045545,0x0c9061a636250e5f2bdf5670938e038fec75938e,2017-10-23T09:40:25.000Z,0.000165,0x096267c09714c42bd30554a12976ea4fa2b78d9c,sell,0x9af4f26941677c706cfecf6d3379ff01bb85d5ab,0x590b3e2395027d8665ae5a6d3da23c99844418759eb77fc5e0790b12e5982c6c
229,50.84238859,0.00814500149450659,0x72bd9ed3dd900d460bfa6e70dca09811853628fa,2017-10-23T04:23:47.000Z,0.000160201,0xaf8c37882bffdb2ea76efdae1eb7726eee63583b,sell,0x9af4f26941677c706cfecf6d3379ff01bb85d5ab,0x4d47e1942d237cbf805e6e781e31ce292f69832d3a7e1f618029295cc3562585
230,2916.06,0.467444418,0x7cbdad3fb970dc81c17c72d7beddbb0416aae122,2017-10-23T04:03:01.000Z,0.0001603,0x5c4fa72c0199ca949e1abb046710ea46902f2ee3,sell,0x9af4f26941677c706cfecf6d3379ff01bb85d5ab,0xfcd7ff2177bbf805763a13c43a530554b740351ffb3671de63129b868570f6e5
231,1334.312,0.2218960856,0xe1f28cfe6cd7772ac8623f0278fed309999df462,2017-10-23T04:01:20.000Z,0.0001663,0x5c4fa72c0199ca949e1abb046710ea46902f2ee3,sell,0x9af4f26941677c706cfecf6d3379ff01bb85d5ab,0x0881f5aa3c09b4c214a8055c91ddad34f4b45d69cff939397b0441f9f0d28fdf
232,8083.93978666,1.295855547801598,0x7cbdad3fb970dc81c17c72d7beddbb0416aae122,2017-10-23T03:53:19.000Z,0.0001603,0xb9f9d6b531546e4c80058bee5749d72ffc76b54f,sell,0x9af4f26941677c706cfecf6d3379ff01bb85d5ab,0xd3b186a9588e4a0ed9b1fb576443531ac76e5cec2863ae2a57dd8d81bb206a85
233,100.68786761,0.016744392383543,0xe1f28cfe6cd7772ac8623f0278fed309999df462,2017-10-23T03:53:19.000Z,0.0001663,0xcd07679a857c49b6cc0b1181a57a2f480a8ddf50,sell,0x9af4f26941677c706cfecf6d3379ff01bb85d5ab,0xd9524b65c10d8bbe88850f89fba993713566fc946ee9ece00fa6ea02040a6e3f
234,0.01510689,0.000002983612451422,0x265ca90bd2ceb257be4370d0cbd6bf8e0a6688e1,2017-10-23T02:27:01.000Z,0.00019750011097068954,0x33c7f9f85b207f8831296752664130dad3b74544,buy,0x9af4f26941677c706cfecf6d3379ff01bb85d5ab,0x52d536ed1a3937aca99a9d2db95cab7cbc9a8a2f493fb29c0b89f30921b9bfaa
235,151.62174629,0.029928616500207558,0x265ca90bd2ceb257be4370d0cbd6bf8e0a6688e1,2017-10-23T02:25:14.000Z,0.0001973900000001613,0x7cbdad3fb970dc81c17c72d7beddbb0416aae122,buy,0x9af4f26941677c706cfecf6d3379ff01bb85d5ab,0x3eff991828663e91dec1641b60cafba7915d905b51d0bc93ce36c3e999c8ad6c
236,51,0.00969,0x7cbdad3fb970dc81c17c72d7beddbb0416aae122,2017-10-22T16:43:36.000Z,0.00019,0x17f2f425ad47a48522e730e9630e73f0a12aec02,buy,0x9af4f26941677c706cfecf6d3379ff01bb85d5ab,0x452c903ee5528807d7eecbfa05ff9192cd99e4007c9bf4a73bc285d3cf92dd41
237,150.53334662,0.023648788754002,0x7cbdad3fb970dc81c17c72d7beddbb0416aae122,2017-10-22T15:11:08.000Z,0.0001571,0xa77400c0d86ac8e0605735bed1596f53269134cc,sell,0x9af4f26941677c706cfecf6d3379ff01bb85d5ab,0xb9e98cf42cbeab66a58dc4083bacccc0626df7f7ffa8cacd73ded05b909b5f41
238,2315,0.3704,0x34565eef6092d92841a1e28c044f85ba65017af4,2017-10-22T11:32:27.000Z,0.00016,0x7863fdcf1e54d0f442e663152f6ab2d8bb98adcf,sell,0x9af4f26941677c706cfecf6d3379ff01bb85d5ab,0x5246a9c216bd2f9189b9fa131265467d92437c5e375567916c86b04c52343f17
239,32,0.006367936,0x2b1b181440643154e8f984737d7af7fc065c0a9d,2017-10-22T08:32:16.000Z,0.000198998,0x7cbdad3fb970dc81c17c72d7beddbb0416aae122,buy,0x9af4f26941677c706cfecf6d3379ff01bb85d5ab,0x6bbd9ba13ab67b3046681b4b3077e74db0c34e078f7127b1204475c72bad8045
240,35.0675236,0.006978367062107466,0x2dc546d5169431475930eb755e06b4c653898bdd,2017-10-22T08:06:08.000Z,0.00019899800002152036,0x7cbdad3fb970dc81c17c72d7beddbb0416aae122,buy,0x9af4f26941677c706cfecf6d3379ff01bb85d5ab,0x961acb5de6888ff91af09825de149f6dde28cba16fddf917d6d09b19815a3431
241,50.84238859,0.0076263582885,0x7cbdad3fb970dc81c17c72d7beddbb0416aae122,2017-10-22T04:59:49.000Z,0.00015,0x7d764fb24e2aed6d02ac0edec5f7dbb1e73af018,sell,0x9af4f26941677c706cfecf6d3379ff01bb85d5ab,0x9b4db2dc161f85dff7bfcf2b5bf420cb4cfe4c25a7376112e2564143c2c6715d
242,64.06858739,0.011032610748558,0x2b1b181440643154e8f984737d7af7fc065c0a9d,2017-10-22T04:36:13.000Z,0.0001722,0x7cbdad3fb970dc81c17c72d7beddbb0416aae122,sell,0x9af4f26941677c706cfecf6d3379ff01bb85d5ab,0x2d0504dcdaeecde8b3b4923e1ef8d32abb59ae755ddf50c85521eeccb808775c
243,636,0.1094874,0x37762170f59e85fb6c09ba67bac1a0ab72947471,2017-10-22T04:11:08.000Z,0.00017215,0x7cbdad3fb970dc81c17c72d7beddbb0416aae122,sell,0x9af4f26941677c706cfecf6d3379ff01bb85d5ab,0xebe001813d390f646f627c7993980346757567f496aeb77fd4e9b6e7a30d4d0d
244,460.21845672,0.0782371376424,0x7cbdad3fb970dc81c17c72d7beddbb0416aae122,2017-10-22T03:01:51.000Z,0.00017,0x72bd9ed3dd900d460bfa6e70dca09811853628fa,sell,0x9af4f26941677c706cfecf6d3379ff01bb85d5ab,0xffee5a90392097773fb862533dd49dbc533a0c35aae7ff7669e1d4e0cfbe3bce
245,4000,0.64,0x7cbdad3fb970dc81c17c72d7beddbb0416aae122,2017-10-22T03:00:36.000Z,0.00016,0x72bd9ed3dd900d460bfa6e70dca09811853628fa,sell,0x9af4f26941677c706cfecf6d3379ff01bb85d5ab,0x08815af3a3faae19a4e937cac7d1d240a0422c95406efd655705590352d1e848
246,528.54830027,0.0910107318234913,0x2b1b181440643154e8f984737d7af7fc065c0a9d,2017-10-22T02:59:48.000Z,0.00017219,0x72bd9ed3dd900d460bfa6e70dca09811853628fa,sell,0x9af4f26941677c706cfecf6d3379ff01bb85d5ab,0x16a4f14ee34061619b540ed45588c59ebd367f4ddec130a9650da84a964112dc
247,499.45169973,0.0860005881765087,0x2b1b181440643154e8f984737d7af7fc065c0a9d,2017-10-21T23:38:17.000Z,0.00017219,0xf8937c26a568f3aaeb98fe48627f5f4c30477ef5,sell,0x9af4f26941677c706cfecf6d3379ff01bb85d5ab,0x602737f3128a8f05b016d0b5699d6249781e632ba3ed7979fd76ec5e1d0d0c8b
248,2.29484119,0.0005,0x42c24a83bded723edfdf5883bc7efb30bc1a1bf3,2017-10-21T23:31:42.000Z,0.00021788000066357534,0x7cbdad3fb970dc81c17c72d7beddbb0416aae122,buy,0x9af4f26941677c706cfecf6d3379ff01bb85d5ab,0x3309763bf6181bd24f75dd485b3de847702ee379c27dd9f5c10275c31d44e9b1
249,2.29484119,0.0005,0x379374d13077e8867ef31803c37baf9785a17c00,2017-10-21T23:31:01.000Z,0.00021788000066357534,0x7cbdad3fb970dc81c17c72d7beddbb0416aae122,buy,0x9af4f26941677c706cfecf6d3379ff01bb85d5ab,0x3eb248d0c2f2a859787b3f7c6e11b6d29af9b75595e793164118c00a93d18962
250,2.29484119,0.0005,0xcd912af5286dc0b0a23edb30209734ecb60838b3,2017-10-21T23:29:26.000Z,0.00021788000066357534,0x7cbdad3fb970dc81c17c72d7beddbb0416aae122,buy,0x9af4f26941677c706cfecf6d3379ff01bb85d5ab,0xae84a8aaff28927a1792465611a0d1493c18e01922e0b59dc766f4e563b9c864
251,2.29484119,0.0005,0xf9695cd65d6dfdf257fab76a3eb0cb8f001971cc,2017-10-21T23:27:22.000Z,0.00021788000066357534,0x7cbdad3fb970dc81c17c72d7beddbb0416aae122,buy,0x9af4f26941677c706cfecf6d3379ff01bb85d5ab,0x80873f2de75dff15ec962b0846e4fbe6b1a6109c96fa55664b7479b1385e6db8
252,2.29484119,0.0005,0x16e5d97bbc92417e051e3b2cabfbf8ceea2acb9c,2017-10-21T23:25:58.000Z,0.00021788000066357534,0x7cbdad3fb970dc81c17c72d7beddbb0416aae122,buy,0x9af4f26941677c706cfecf6d3379ff01bb85d5ab,0x1cde4aec3ff59a0a3bfb5f51217c4778ff4f93d6680efde6dce36592a2307475
253,502.44242847,0.086520586182534,0x2b1b181440643154e8f984737d7af7fc065c0a9d,2017-10-21T22:57:56.000Z,0.0001722,0x83b466e639f48cd34c56c787f3e7da8e2a437d2c,sell,0x9af4f26941677c706cfecf6d3379ff01bb85d5ab,0x1f08a1340751b3765b972874ae3ec4620e0e82cf296943ec924e9f3fe72c426d
254,405.48898414,0.069825203068908,0x2b1b181440643154e8f984737d7af7fc065c0a9d,2017-10-21T22:57:06.000Z,0.0001722,0x3030b94518fa058b7c464a08479823f0d792dbef,sell,0x9af4f26941677c706cfecf6d3379ff01bb85d5ab,0x774951c9e1f169f6f5c19a1ff41626e802d4ea37b87cf97591153286bc7707bf
255,418,0.075658,0x37762170f59e85fb6c09ba67bac1a0ab72947471,2017-10-21T22:55:58.000Z,0.000181,0x3030b94518fa058b7c464a08479823f0d792dbef,sell,0x9af4f26941677c706cfecf6d3379ff01bb85d5ab,0x52d214f3bd0de7ad52b98371f95c871e41e3e8dad153d0e6682e38cb0688057d
256,3280,0.60352,0xdd1f63d7d351d27986b17516b5c6d8b5d73da305,2017-10-21T21:56:08.000Z,0.000184,0x7cbdad3fb970dc81c17c72d7beddbb0416aae122,sell,0x9af4f26941677c706cfecf6d3379ff01bb85d5ab,0x7118d16cdbc3b457841a27ec97db730d236f1072a7fedea0894e979e131c805d
257,450,0.09836055,0x34565eef6092d92841a1e28c044f85ba65017af4,2017-10-21T20:50:49.000Z,0.000218579,0x7cbdad3fb970dc81c17c72d7beddbb0416aae122,buy,0x9af4f26941677c706cfecf6d3379ff01bb85d5ab,0x27de7ca313ed4aa9e87b0af9761a015aece3002f229f085e661f8519349d3f35
258,10000,1.82,0xdd1f63d7d351d27986b17516b5c6d8b5d73da305,2017-10-21T20:04:24.000Z,0.000182,0x7cbdad3fb970dc81c17c72d7beddbb0416aae122,sell,0x9af4f26941677c706cfecf6d3379ff01bb85d5ab,0x888b1922bbd011f3a732c7c473a03fa4da48d15c40cd31900dc8447c271c3d22
259,6827.83371548,1.17438739906256,0xdd1f63d7d351d27986b17516b5c6d8b5d73da305,2017-10-21T18:30:09.000Z,0.000172,0xc1d010136a299afbf307e84884eb9bb34a1dd967,sell,0x9af4f26941677c706cfecf6d3379ff01bb85d5ab,0xde25ea9a9678255be47f4f96f2a33057d1996b5d2be256c80ae88fca289d8a46
260,1000,0.172,0x779f7997ab5e572bf0c550b0c8530a26af7fe481,2017-10-21T17:52:01.000Z,0.000172,0x58fd9a65e026eb1393a83ceb098bfade49a1ceb8,sell,0x9af4f26941677c706cfecf6d3379ff01bb85d5ab,0x0cbc46537e50e4d53966b116168ebd9f8f28ea59502cdee750aa9a420674cae1
261,50,0.00205,0x9b75f8781545e6286b60d601fd2ad5833dc86c58,2017-10-21T17:11:51.000Z,0.000041,0x2d2c27b5a0ae884f976dba8b1af113ed81e28279,sell,0x9af4f26941677c706cfecf6d3379ff01bb85d5ab,0x77f583f772c0bfe433310ad8ef70aa77a356786e3ea202579290490d355983a0
262,2250,0.4927275,0x34565eef6092d92841a1e28c044f85ba65017af4,2017-10-21T17:04:53.000Z,0.00021899,0x7cbdad3fb970dc81c17c72d7beddbb0416aae122,buy,0x9af4f26941677c706cfecf6d3379ff01bb85d5ab,0x2b91ea04b3bd096804ea1e99ca0c93cc4f346efa35a7cab787b174f64a4b20a4
263,5700,1.0089,0x29b8eca0a380c562a00b7e5d1fbc624e5be736a5,2017-10-21T16:37:29.000Z,0.000177,0xd3cc5f429f5006dc074734308b5be71bfd6de60d,sell,0x9af4f26941677c706cfecf6d3379ff01bb85d5ab,0x44f0a49e57e1977b1ad6813ed0bf2af728294579fba2e1a0b940ed6e183d6bf2
264,5000,0.895,0x72bd9ed3dd900d460bfa6e70dca09811853628fa,2017-10-21T16:37:20.000Z,0.000179,0xd3cc5f429f5006dc074734308b5be71bfd6de60d,sell,0x9af4f26941677c706cfecf6d3379ff01bb85d5ab,0x8c80492133b88042555ddee154af29db38e186049df408f8624781b2ad8d4749
265,150,0.03285,0xa902b8fa816bd114ee8ff98f73947102ac1c2693,2017-10-21T15:50:50.000Z,0.000219,0x0a992b523ca1f1a19e6849aadc240ddd6d0c95f7,buy,0x9af4f26941677c706cfecf6d3379ff01bb85d5ab,0x6041fbbfd308d2165a3a5bc083a23a543fc9f6108cbb79a5977893c725a55149
266,75,0.016125,0xa902b8fa816bd114ee8ff98f73947102ac1c2693,2017-10-21T15:49:06.000Z,0.000215,0x28df321d9885a28cfd8a4cdbd249604c30e5ff05,buy,0x9af4f26941677c706cfecf6d3379ff01bb85d5ab,0x27d5051876ed5fd3169b106516d5f9352ff9a98135747ebedc129075d952f07b
267,185,0.0333,0xa902b8fa816bd114ee8ff98f73947102ac1c2693,2017-10-21T15:49:06.000Z,0.00018,0x4fd3d398b6a3f3105377f79df5273ef03306531c,sell,0x9af4f26941677c706cfecf6d3379ff01bb85d5ab,0xb78e733efd18c350980609a621ca79fcfe2dfc875c904beb57612a3a5d5e52b5
268,15,0.00270015,0x339ea7e4f4d1af7f7f04a30bf0084cd2d0a4904d,2017-10-21T15:46:18.000Z,0.00018001,0x4fd3d398b6a3f3105377f79df5273ef03306531c,sell,0x9af4f26941677c706cfecf6d3379ff01bb85d5ab,0x16a48731635524a8e30360a896092c2d115c5b341132214d526ef38bb38355a9
269,151,0.0302,0xa902b8fa816bd114ee8ff98f73947102ac1c2693,2017-10-21T15:41:08.000Z,0.0002,0xfa4e7035b34294407e5df1603215983d65e5a773,buy,0x9af4f26941677c706cfecf6d3379ff01bb85d5ab,0x742de5132d3555a0988805d66a14ce23aa336061750d122c48c1c9ccc6e5d8a2
270,451,0.08927996,0xa902b8fa816bd114ee8ff98f73947102ac1c2693,2017-10-21T15:38:29.000Z,0.00019796,0x4d57cb55d3c0982a5cbfaabd78cba44396c0a498,buy,0x9af4f26941677c706cfecf6d3379ff01bb85d5ab,0x378cd1b412fd4dea45674946c0529c50b7c01d8a32e02eb43b8b779677a8b909
271,257.75121802,0.0463952192436,0xa902b8fa816bd114ee8ff98f73947102ac1c2693,2017-10-21T13:35:00.000Z,0.00018,0x6e041964ba89394abc52f099c61388e91b4837a1,sell,0x9af4f26941677c706cfecf6d3379ff01bb85d5ab,0xabc72b9a5fb66ed2ebf2132fe73d2901d0bc3f44b88c69c01ae0c9f9da776784
272,33.34970409,0.0066019074216564,0x5d5065b42bdee0274e394ba9042c21e1818c69cf,2017-10-21T13:33:06.000Z,0.00019796,0x6e041964ba89394abc52f099c61388e91b4837a1,sell,0x9af4f26941677c706cfecf6d3379ff01bb85d5ab,0x9dc0e3943a113fcfb73de53f53b09ffe104e4993457bacf44c3b84f5663a01c0
273,5500,0.99,0xe24d336f095f81def9c0fccdef8c6c7952ca27f5,2017-10-21T12:00:40.000Z,0.00018,0xd3cc5f429f5006dc074734308b5be71bfd6de60d,sell,0x9af4f26941677c706cfecf6d3379ff01bb85d5ab,0xa03a73b3acc8f9f803f50f64aac87262279bea87c84d016593e84175671511c3
274,1100,0.2035,0x106445b058c7d73b117639dff6cafccabb67dd1a,2017-10-21T11:58:41.000Z,0.000185,0xd3cc5f429f5006dc074734308b5be71bfd6de60d,sell,0x9af4f26941677c706cfecf6d3379ff01bb85d5ab,0x00c0b54743eff23c25ebef7b32e1ed273327aaedd7552f971ef2afd0bd44ca04
275,2431.421,0.4743702371,0xa902b8fa816bd114ee8ff98f73947102ac1c2693,2017-10-21T11:34:11.000Z,0.0001951,0xd3cc5f429f5006dc074734308b5be71bfd6de60d,sell,0x9af4f26941677c706cfecf6d3379ff01bb85d5ab,0x1db5257de49acd436f3cbd2b55c0d2db7e6813649e9b656f310464c586fc76c7
276,6862.143,1.269496455,0x009a12d4290630bc01fd82516ac57c1dc6a9bcfb,2017-10-21T11:33:41.000Z,0.000185,0xd3cc5f429f5006dc074734308b5be71bfd6de60d,sell,0x9af4f26941677c706cfecf6d3379ff01bb85d5ab,0x5286e96f74e3d7efb03d86760dafbb2b8f0e59e1776bec79a7e5b9099b7b2f03
277,745.475,0.1461131,0x0ae2d2b3a41f08ea2674178a6ea95a916aef0e6b,2017-10-21T11:33:16.000Z,0.000196,0xd3cc5f429f5006dc074734308b5be71bfd6de60d,sell,0x9af4f26941677c706cfecf6d3379ff01bb85d5ab,0xb39778f5d59b898b2ae427161e2cc2ddbdef7e93defe22a604308ca7ecb25eaf
278,2.3066351,0.0004521004796,0x0ae2d2b3a41f08ea2674178a6ea95a916aef0e6b,2017-10-21T11:31:55.000Z,0.000196,0xd3cc5f429f5006dc074734308b5be71bfd6de60d,sell,0x9af4f26941677c706cfecf6d3379ff01bb85d5ab,0xdc8999f0e012f868d0e991768d867f9cca76f410ba06b61cbaab2c2aa0bcfa9f
279,23137.8566444,4.280503479214,0x009a12d4290630bc01fd82516ac57c1dc6a9bcfb,2017-10-21T11:31:02.000Z,0.000185,0xd3cc5f429f5006dc074734308b5be71bfd6de60d,sell,0x9af4f26941677c706cfecf6d3379ff01bb85d5ab,0x6636eb7d54546290b3d54023d99f10651595ee296ac5b72b55d15726b8144d1a
280,30000,5.553,0x7cbdad3fb970dc81c17c72d7beddbb0416aae122,2017-10-21T11:30:36.000Z,0.0001851,0xd3cc5f429f5006dc074734308b5be71bfd6de60d,sell,0x9af4f26941677c706cfecf6d3379ff01bb85d5ab,0xe9755a6117528b3da779d4788856d772fbedb1ea53a75dc7c135424017df574f
281,2401.4448118,0.46852188278218,0xa902b8fa816bd114ee8ff98f73947102ac1c2693,2017-10-21T11:01:35.000Z,0.0001951,0xeaf4259ed03bb2132f581d347519deca4bcf759f,sell,0x9af4f26941677c706cfecf6d3379ff01bb85d5ab,0x7b47f0c2fd43cbaf7ccffc34da0d33ab413e681b516e83a13bdf4af5fa98d109
282,50.84238859,0.00996510816364,0x0ae2d2b3a41f08ea2674178a6ea95a916aef0e6b,2017-10-21T10:53:26.000Z,0.000196,0xaa3ca460356d7052322e40db74cca067eff12abc,sell,0x9af4f26941677c706cfecf6d3379ff01bb85d5ab,0x22f9b9fc31e708136e40b1eae3b86f82c039efd4381f5505aee2721a69033f31
283,474,0.0948,0xb0b091bd6c5d9229acb1f93b48642117f3b9e575,2017-10-21T09:26:07.000Z,0.0002,0x7644972c02fbc91ed2fd5ee0bb7b6bb3d67e7ffd,buy,0x9af4f26941677c706cfecf6d3379ff01bb85d5ab,0xc05ba24b4e165a0cd22d7f075ff822ec7f0c289b3c79ad0a6c2721e4064e7d82
284,1247.13388495,0.243315820953745,0xa902b8fa816bd114ee8ff98f73947102ac1c2693,2017-10-21T08:32:34.000Z,0.0001951,0x136d44a5049cddbec4d0b6923c4fe81f9c144e4d,sell,0x9af4f26941677c706cfecf6d3379ff01bb85d5ab,0xa931954d7ce39d22bf3ae97ad33c29de74adcf7aebf2f253e5923bf2c6c4f26a
285,50.84238859,0.0100647592452764,0x5d5065b42bdee0274e394ba9042c21e1818c69cf,2017-10-21T08:14:46.000Z,0.00019796,0x2d923a09bf3110b21381a528552700531de83f63,sell,0x9af4f26941677c706cfecf6d3379ff01bb85d5ab,0x0229679462eb9457d26853d68c4d4166ffd5c88999dc1f9fb5f2442bee5d0f9c
286,150.53334662,0.02950453593752,0x0ae2d2b3a41f08ea2674178a6ea95a916aef0e6b,2017-10-21T07:25:28.000Z,0.000196,0x64553266633d3bc470c843c23e60eedd38c8d5db,sell,0x9af4f26941677c706cfecf6d3379ff01bb85d5ab,0xb82c9a40983a757c5d7a65c8ce25700f1b7548681542c73fed806629a1f32663
287,50.84238859,0.00996510816364,0x0ae2d2b3a41f08ea2674178a6ea95a916aef0e6b,2017-10-21T07:10:55.000Z,0.000196,0xec1ae7a44a78cdb611e6b56a28da1cc11a0521d4,sell,0x9af4f26941677c706cfecf6d3379ff01bb85d5ab,0x37060456d431d647e8b8e184586b43909e28a53cdc7fbe224875131a30bf222f
288,78.25740205,0.015651480410726747,0x5d2ba7d1f80e353b48ec8a214a21d1e3d6951a3a,2017-10-21T06:52:14.000Z,0.0002000000000092866,0x7644972c02fbc91ed2fd5ee0bb7b6bb3d67e7ffd,buy,0x9af4f26941677c706cfecf6d3379ff01bb85d5ab,0xf12dfef0f961ad5b893a1edaa7512f85ae011fa2fde8a2c3a94f948e3e1a6cab
289,943.17117139,0.1839278101327639,0x7cbdad3fb970dc81c17c72d7beddbb0416aae122,2017-10-21T05:40:48.000Z,0.00019501,0xb15056cb8ab7779888d8e463d75e42e2a94e335e,sell,0x9af4f26941677c706cfecf6d3379ff01bb85d5ab,0x0142b778481180bf46689f2b517b224b42920e930ce1c7972d8574c25f9ecbeb
290,3501,0.731663487,0x7cbdad3fb970dc81c17c72d7beddbb0416aae122,2017-10-21T04:54:52.000Z,0.000208987,0xecf29c95e70dc841c06429eae16c641e6d82fe5c,buy,0x9af4f26941677c706cfecf6d3379ff01bb85d5ab,0x45fc21cc9e269e6595cc9bc8f346fdafdd842587b1ca2858658e806355898b09
291,2407.88895572,0.4695407542543557,0xeaf4259ed03bb2132f581d347519deca4bcf759f,2017-10-21T04:22:14.000Z,0.000195001,0x5f7188c06e07c1a3d2f83bf3c7e4ca71877afe58,sell,0x9af4f26941677c706cfecf6d3379ff01bb85d5ab,0x4fd513ed209fda4b404fa903542afdd19153543883d4258fdab1a547996c5710
292,1814.20397658,0.35377340384105316,0x72bd9ed3dd900d460bfa6e70dca09811853628fa,2017-10-21T04:20:44.000Z,0.000195002,0x5f7188c06e07c1a3d2f83bf3c7e4ca71877afe58,sell,0x9af4f26941677c706cfecf6d3379ff01bb85d5ab,0x5fc4188e01d559c37c5c0b2b7b6f190b1b272a46dcc4a35a9e5f15f1e5fbb153
293,3195.04502342,0.6230401696569469,0x72bd9ed3dd900d460bfa6e70dca09811853628fa,2017-10-21T04:16:45.000Z,0.000195002,0x4db6e5132f08e2d6bf3b68a02b450fc563eabefb,sell,0x9af4f26941677c706cfecf6d3379ff01bb85d5ab,0x0accb87a89748c65f2a1b1be11d64706678e3473f8235d38c39288a5caf93e4a
294,423.779,0.082638176337,0x72bd9ed3dd900d460bfa6e70dca09811853628fa,2017-10-21T04:15:24.000Z,0.000195003,0x4db6e5132f08e2d6bf3b68a02b450fc563eabefb,sell,0x9af4f26941677c706cfecf6d3379ff01bb85d5ab,0xca5e6ed647335beab7645f9e9d067cbcd606e10ec53a38208e6da9fde4db63a5
295,1567.15891483,0.3056006898685945,0x72bd9ed3dd900d460bfa6e70dca09811853628fa,2017-10-21T04:02:41.000Z,0.000195003,0x36fef8678944d9fea67ea28f23fef98098de0995,sell,0x9af4f26941677c706cfecf6d3379ff01bb85d5ab,0x7dd2df20dcbd18cd276919154a592ce297d2a07a985a9e0b35ed3a7ee0b271b4
296,9.06190808,0.00176709926132424,0x72bd9ed3dd900d460bfa6e70dca09811853628fa,2017-10-21T03:28:05.000Z,0.000195003,0x51e6f478a3ef169e7e65f2105784b9aa21021009,sell,0x9af4f26941677c706cfecf6d3379ff01bb85d5ab,0x13cfd75dbb1cfb2fa70bae6362a1d59bc401926909e73c0c8380d266fc523a70
297,3000,0.585009,0x72bd9ed3dd900d460bfa6e70dca09811853628fa,2017-10-21T03:11:12.000Z,0.000195003,0x51e6f478a3ef169e7e65f2105784b9aa21021009,sell,0x9af4f26941677c706cfecf6d3379ff01bb85d5ab,0x2b1bca3d6cb3cb08fc0700ed70228758621d5b45a330c3842127158535817c37
298,1980,0.386298,0x0cb88a60f558c10dd233652b931587d189183c77,2017-10-21T03:10:45.000Z,0.0001951,0x51e6f478a3ef169e7e65f2105784b9aa21021009,sell,0x9af4f26941677c706cfecf6d3379ff01bb85d5ab,0x0c094784e215dc05f0dfeac8152a2bc4ee3a60a3fcda53bc352c26279fcb134d
299,1990,0.3880699,0x7cbdad3fb970dc81c17c72d7beddbb0416aae122,2017-10-21T03:10:45.000Z,0.00019501,0x51e6f478a3ef169e7e65f2105784b9aa21021009,sell,0x9af4f26941677c706cfecf6d3379ff01bb85d5ab,0x3b22883ffa4dfcc0fb178fa3ec15514fd2fbfb0fe9358276553aeeadd13c2a97
300,251,0.0502,0x72bd9ed3dd900d460bfa6e70dca09811853628fa,2017-10-21T02:55:40.000Z,0.0002,0x77259b80b0b7ecbfb7baaa675b9026fd3765f789,buy,0x9af4f26941677c706cfecf6d3379ff01bb85d5ab,0x37de66922c4102ce0d143bb2ce597cf62faaabdf4a84404ee3b2cfbe3678d63e
301,5670.476,1.185055767812,0x0cb88a60f558c10dd233652b931587d189183c77,2017-10-21T02:17:07.000Z,0.000208987,0x8522098f4bc8d4f44a17c8bba8435e099411da70,buy,0x9af4f26941677c706cfecf6d3379ff01bb85d5ab,0x421a706e9a11a7558e57ed0e9bb7a187313dde675d5c8b989ba5784c9f93d404
302,924.53884532,0.193136164787348,0x0cb88a60f558c10dd233652b931587d189183c77,2017-10-21T02:16:41.000Z,0.0002089,0x565bf6f1c342b5403ed6a8dcb3472889a0737ec1,buy,0x9af4f26941677c706cfecf6d3379ff01bb85d5ab,0x9813a5d44e4c0e9ad0d1956a53906e2885802cf37398aa60d914e738e6b107d7
303,1993.8191606,0.3887987239553212,0x7cbdad3fb970dc81c17c72d7beddbb0416aae122,2017-10-21T01:16:50.000Z,0.000195002,0x3a66f837079571a2c13d74b586bd6e5595032447,sell,0x9af4f26941677c706cfecf6d3379ff01bb85d5ab,0x16de455547aa2f3ea0e3ef533393c258e04a4523c38d2c8377a738ed1824a90d
304,680,0.14211048,0x7cbdad3fb970dc81c17c72d7beddbb0416aae122,2017-10-21T01:04:50.000Z,0.000208986,0x8522098f4bc8d4f44a17c8bba8435e099411da70,buy,0x9af4f26941677c706cfecf6d3379ff01bb85d5ab,0xb366563a0de3b1c7fadb9e33ca6c15adf3bd84d4464a9fc71ab835d8c9d1c930
305,897.04682181,0.18747022710315772,0xa36334b0909ab194b9ddb9689bfde7f6b2332220,2017-10-20T23:51:55.000Z,0.00020898600000041588,0x8522098f4bc8d4f44a17c8bba8435e099411da70,buy,0x9af4f26941677c706cfecf6d3379ff01bb85d5ab,0x0f175a1fa6a487608713894153194f6752968b19811a600583b7ee71ed9a29fa
306,3741.36211731,0.7818923034491078,0xce1133769c75f51095d9605ac6f94facda515888,2017-10-20T23:37:00.000Z,0.0002089860000002566,0x8522098f4bc8d4f44a17c8bba8435e099411da70,buy,0x9af4f26941677c706cfecf6d3379ff01bb85d5ab,0xdd71afbf51f2bf5c9bdf3bce5cf136bdfd64af0c290467d9cd96bd661407b2cc
307,6780,1.4169183,0xce1133769c75f51095d9605ac6f94facda515888,2017-10-20T23:35:25.000Z,0.000208985,0x8522098f4bc8d4f44a17c8bba8435e099411da70,buy,0x9af4f26941677c706cfecf6d3379ff01bb85d5ab,0xa76b26ff75d117b0edec6ff950a3b60a6d0d5ecfaa7366ae15658ee56fec1d16
308,1900,0.39501,0xce1133769c75f51095d9605ac6f94facda515888,2017-10-20T23:35:25.000Z,0.0002079,0x5cfe303601b458d56fb0fa51bcf94e457ca23aa2,buy,0x9af4f26941677c706cfecf6d3379ff01bb85d5ab,0x8820911885790cb62024b75fcc746b59b5d1545c27abbafef59b9f89d191fefa
309,151,0.031392749,0xce1133769c75f51095d9605ac6f94facda515888,2017-10-20T23:34:26.000Z,0.000207899,0x18d75ed5cdd83c97a5d7d318435c2ad017d0c42e,buy,0x9af4f26941677c706cfecf6d3379ff01bb85d5ab,0xa6cd161795614127d8b52a8e92fce326be8865037befb6c2091a7388372e3600
310,100.68786761,0.0196381616986544,0xa36334b0909ab194b9ddb9689bfde7f6b2332220,2017-10-20T23:26:02.000Z,0.00019504,0xbb3d24900039279dda91d1713a2f30277ade8f97,sell,0x9af4f26941677c706cfecf6d3379ff01bb85d5ab,0x4ca022229e54bd4d4fd6154cd721a211d3680822f5f62f69b978887d65d5030a
311,136,0.02652,0x2346ec020397e426a781d0ad2b55e6b71432808f,2017-10-20T22:04:04.000Z,0.000195,0x41d16a4e722cdb4d133ab22f6ce2c22bd2083101,buy,0x9af4f26941677c706cfecf6d3379ff01bb85d5ab,0x8c904369fd12b985c2642b5524c9cdce626189b8463a61895fee51c5a018cd1e
312,75,0.014625,0x28df321d9885a28cfd8a4cdbd249604c30e5ff05,2017-10-20T20:36:43.000Z,0.000195,0x41d16a4e722cdb4d133ab22f6ce2c22bd2083101,buy,0x9af4f26941677c706cfecf6d3379ff01bb85d5ab,0x9bc06a836eb2eef6ea3995d0116e8ffa9b19da74cce4000cf344b2005da4d5d1
313,5000,0.95,0x72bd9ed3dd900d460bfa6e70dca09811853628fa,2017-10-20T20:04:47.000Z,0.00019,0xd92d343151d4d2a818f19b5d49fe16c6820a5f1c,buy,0x9af4f26941677c706cfecf6d3379ff01bb85d5ab,0x9f83fa2f0ed1dd6e2e6115b2d540ee3c9d65f47f743cfe0407b176c579dc0c7b
314,599.14265776,0.1168328182632,0xce1133769c75f51095d9605ac6f94facda515888,2017-10-20T20:01:49.000Z,0.000195,0xbf996c7c57c387ceebaf2f57c492d84a6b43cd4b,sell,0x9af4f26941677c706cfecf6d3379ff01bb85d5ab,0x2883ed749d26ec39325298388c6b40b5b4eaa9e8d54e99525742c6fbde1b76a8
315,9709,1.922382,0x23caf918df59b2e4469cf1731cb9078fb824b8e4,2017-10-20T19:54:20.000Z,0.000198,0x00e96c34d0d80fc23d730ac0702c86ac746f5534,buy,0x9af4f26941677c706cfecf6d3379ff01bb85d5ab,0x4a2f3c425db1fa0bddd03020f829de71767e5d4cd6cbf8f361eae4b1ae861384
316,5000,1,0x23caf918df59b2e4469cf1731cb9078fb824b8e4,2017-10-20T19:53:54.000Z,0.0002,0xd92d343151d4d2a818f19b5d49fe16c6820a5f1c,buy,0x9af4f26941677c706cfecf6d3379ff01bb85d5ab,0x3eb6219446e104fedbca218bba71a69c76db2326f8c68d29412205f5b1a5e50d
317,5000,1,0x23caf918df59b2e4469cf1731cb9078fb824b8e4,2017-10-20T19:53:37.000Z,0.0002,0xd92d343151d4d2a818f19b5d49fe16c6820a5f1c,buy,0x9af4f26941677c706cfecf6d3379ff01bb85d5ab,0x8152892084159a6545bed5e17060667ec76676acc7e5a15f68d0d5950616dfcd
318,1593,0.310633407,0x40039054689b6f6714a1a0c9da7f8330f1b25c0c,2017-10-20T19:52:36.000Z,0.000194999,0x88650fdbfbb5c7933eb52008c4387050b963747d,buy,0x9af4f26941677c706cfecf6d3379ff01bb85d5ab,0x532adf171909d0b0be0e85d58dd7266c28059877ee2a4f345a3fafbb60dec7a0
319,1468,0.32296,0xdec5ff932e822084d662798d990e39076e5bd27c,2017-10-20T19:32:44.000Z,0.00022,0xb3250edaa5a0b2ace2762e1e8dda58f0b3be7dd0,buy,0x9af4f26941677c706cfecf6d3379ff01bb85d5ab,0x1de58220429059b1a36fb19eb4ef71b4a3944701c66a6455a368d83082bdc9b6
320,702.62187219,0.12014834014449,0x565bf6f1c342b5403ed6a8dcb3472889a0737ec1,2017-10-20T16:59:46.000Z,0.000171,0x23f19c1c61ae0b910dd3cdbc37907fce815c84b2,sell,0x9af4f26941677c706cfecf6d3379ff01bb85d5ab,0xea5fcc10bc37e692b3c296870b8d19f18e3e4b4391bfe045881ac5e5e7951e13
321,50.84238859,0.00869404844889,0x565bf6f1c342b5403ed6a8dcb3472889a0737ec1,2017-10-20T16:48:16.000Z,0.000171,0x5cb9c6a832282df6f9772de0f29a5233e0a651f0,sell,0x9af4f26941677c706cfecf6d3379ff01bb85d5ab,0x232e305d8c34eff67d0a4a003f8c0f1760383326816dbad4672b43c7f1016e25
322,3400,0.612,0x4ee8a997592d70eb0fbe6436a1bee38bea908931,2017-10-20T16:42:18.000Z,0.00018,0x23f19c1c61ae0b910dd3cdbc37907fce815c84b2,sell,0x9af4f26941677c706cfecf6d3379ff01bb85d5ab,0xb5db90fcd4442599046551aeb16d3bb6e1aa93576629b78573afe764c8649822
323,171.07458454,0.02925375395634,0x565bf6f1c342b5403ed6a8dcb3472889a0737ec1,2017-10-20T15:07:40.000Z,0.000171,0x36fef8678944d9fea67ea28f23fef98098de0995,sell,0x9af4f26941677c706cfecf6d3379ff01bb85d5ab,0x8e470c0e5afc3aaf500f4dd33208c899f256aadd7ba4e04605cacb08a20f3e1f
324,69.15761141,0.013831522282,0x7c8cd03e2f102abcf718e14cb3c64017b6ddd759,2017-10-20T15:04:32.000Z,0.0002,0x36fef8678944d9fea67ea28f23fef98098de0995,sell,0x9af4f26941677c706cfecf6d3379ff01bb85d5ab,0xbd17a7bf0d6e58baae48fcd469b1da51fdf931631bf4f6fc66f93dba38112001
325,10,0.0021,0x8e00cf7f0b3f4c0ef4382e9a9ab111d0f756c409,2017-10-20T15:01:30.000Z,0.00021,0x36fef8678944d9fea67ea28f23fef98098de0995,sell,0x9af4f26941677c706cfecf6d3379ff01bb85d5ab,0x75cbfa8ffeefe41c5eceecc85fc725d8d0749d2f1748b3a533c765f62c1ca799
326,500,0.15,0xdec5ff932e822084d662798d990e39076e5bd27c,2017-10-20T14:06:02.000Z,0.0003,0x7fb30face695357c2b487c52516b00bae7c7be73,buy,0x9af4f26941677c706cfecf6d3379ff01bb85d5ab,0x11ab162ec8b13452bec35069d069c1927842915f36a1ad38094729db0b132a75
327,5.11467596,0.00106896216187003,0xf2c95079e35a27c296b01759431e05c38e392a21,2017-10-20T13:25:34.000Z,0.00020899900017713535,0x8522098f4bc8d4f44a17c8bba8435e099411da70,buy,0x9af4f26941677c706cfecf6d3379ff01bb85d5ab,0xcde133f69d810710c08a0f793dc985be5f03bd4c0a22f4efae2e15e3588a9ed4
328,50.84238859,0.010168477718,0x7c8cd03e2f102abcf718e14cb3c64017b6ddd759,2017-10-20T12:52:01.000Z,0.0002,0x9b155a5a1d7852bd9e38acc8e8b685d35d3d77a3,sell,0x9af4f26941677c706cfecf6d3379ff01bb85d5ab,0xfd167677d717d6880b2b28f2a8a0cb749c84c61c6b461980ffc4f19ec6ef9e0e
329,101,0.0202,0x0c9061a636250e5f2bdf5670938e038fec75938e,2017-10-20T11:49:30.000Z,0.0002,0x4f3f04b0e31572fa7d328b0a17737fc4d7f5662b,buy,0x9af4f26941677c706cfecf6d3379ff01bb85d5ab,0x2ccf331eb2ad66182ae46afcb2099506d3431f0ebb4f836546da183590006e1a
330,5000,1,0x0c9061a636250e5f2bdf5670938e038fec75938e,2017-10-20T11:49:30.000Z,0.0002,0xd92d343151d4d2a818f19b5d49fe16c6820a5f1c,buy,0x9af4f26941677c706cfecf6d3379ff01bb85d5ab,0xc96c08bc9966d7c0a8e9dffaff590ab537077ae9e5d708be216b0171a8a863ab
331,5000,1,0x0c9061a636250e5f2bdf5670938e038fec75938e,2017-10-20T11:47:05.000Z,0.0002,0xd92d343151d4d2a818f19b5d49fe16c6820a5f1c,buy,0x9af4f26941677c706cfecf6d3379ff01bb85d5ab,0xc36f8d1d042c4ec33dc95ae5bfc6a5820474782562b9782c0627a17aaa69f876
332,150.53334662,0.030106669324,0x0c9061a636250e5f2bdf5670938e038fec75938e,2017-10-20T11:46:03.000Z,0.0002,0x670563c34b7889e9a6aa2f4fdb7d95a2f0ddeef6,sell,0x9af4f26941677c706cfecf6d3379ff01bb85d5ab,0x8b5e3d07a98631d66e0eac0b4de562925e46a897307b4d12370dedece4415e66
333,300.06978367,0.060013956734,0x0c9061a636250e5f2bdf5670938e038fec75938e,2017-10-20T11:40:20.000Z,0.0002,0xb9973f692efd5e04d75743dae8adb08dfa66b6a7,sell,0x9af4f26941677c706cfecf6d3379ff01bb85d5ab,0xbd1aa774b37a990609d8573c7482286afd2bf921d52bfafdc2298500464dce75
334,1496.36128003,0.299272256006,0x0c9061a636250e5f2bdf5670938e038fec75938e,2017-10-20T10:48:10.000Z,0.0002,0x2d7ad46c8c2128b37f7bbf1d70f81db34d1176ba,sell,0x9af4f26941677c706cfecf6d3379ff01bb85d5ab,0x17c9097dd443d8d9e7141c7d7b4510ee93b5a2973c810f691e05db6bc3f9a034
335,100.68786761,0.020137573522,0x0c9061a636250e5f2bdf5670938e038fec75938e,2017-10-20T10:39:56.000Z,0.0002,0xa12fbfc4e85f658cf4f2674c81b497e9213a9217,sell,0x9af4f26941677c706cfecf6d3379ff01bb85d5ab,0x03863ecd56e46fe7bae6886736132f5c1a0842a4cea57d8ce8842e54443e769f
336,6453.68319021,1.290736638042,0x0c9061a636250e5f2bdf5670938e038fec75938e,2017-10-20T10:29:06.000Z,0.0002,0xed02dac9726f15498559c05ce56470ab4d18eaef,sell,0x9af4f26941677c706cfecf6d3379ff01bb85d5ab,0x7314992b1b6473f9a0323eb57c921e122575e7f3efa3cd87083e8d42c18e8008
337,648.98813677,0.129797627354,0x0c9061a636250e5f2bdf5670938e038fec75938e,2017-10-20T10:21:10.000Z,0.0002,0xc85d3baba724711ce7b43e746acf9c6bf38e6ec5,sell,0x9af4f26941677c706cfecf6d3379ff01bb85d5ab,0xede1532069c100eb72cab5cae10fa827d190a471a2b32eb2e3604cafc7bb893d
338,50.84238859,0.010168477718,0x0c9061a636250e5f2bdf5670938e038fec75938e,2017-10-20T10:17:45.000Z,0.0002,0xca872b6ac295ed9f8fc664d674ca3b3428b6bf56,sell,0x9af4f26941677c706cfecf6d3379ff01bb85d5ab,0xf3fe36c10f4bb2d8dfd4982a59961295aefddbc4da17fb821b677fc4fb5d071c
339,512.26896969,0.10240256704216928,0xd8be8871c52b91a1f4f8457baf0dc0946d931132,2017-10-20T09:46:30.000Z,0.00019990000000222203,0xed02dac9726f15498559c05ce56470ab4d18eaef,buy,0x9af4f26941677c706cfecf6d3379ff01bb85d5ab,0x090640b74de3fb28fbd2c18dbe5206e6936a6f6acfd0b9b456863754e63203ef
340,20,0.00499998,0x368094be78b725fb5a43e30e72652af809fcb045,2017-10-20T09:41:43.000Z,0.000249999,0x691053a11b569b45eb2ff7788c4e138623812fa1,buy,0x9af4f26941677c706cfecf6d3379ff01bb85d5ab,0xdcfe0c3de9c6db0fb058cbc78a896b516995a2fc29ba06feccc96b6cb80cd43c
341,4987.04142221,0.9969095803010667,0x7b0068d73272c029f2d84de79770aa96b733ab07,2017-10-20T09:35:00.000Z,0.0001999000000002582,0xed02dac9726f15498559c05ce56470ab4d18eaef,buy,0x9af4f26941677c706cfecf6d3379ff01bb85d5ab,0x8b74f2380453f0b83596da18d4d32ffcb7203aab4060d4f7b75b363a06599591
342,449.60622071,0.06834014554792,0x0c9061a636250e5f2bdf5670938e038fec75938e,2017-10-20T08:49:38.000Z,0.000152,0xa2bfa48a6afefabf498b6541f609e6cef4700d91,sell,0x9af4f26941677c706cfecf6d3379ff01bb85d5ab,0x075d8b1f32add79fa87905953197e598ac17fc6d8d8196214c09accb7b4708dd
343,160,0.03504,0x9dd07783b0518a869d999cc76dadfd584b692740,2017-10-20T06:32:01.000Z,0.000219,0x0a992b523ca1f1a19e6849aadc240ddd6d0c95f7,buy,0x9af4f26941677c706cfecf6d3379ff01bb85d5ab,0x941ab61395bffd7aa5d495b629aadaf9b6d184d04ca17509ab17fb968e139c6a
344,1635.75698335,0.35823077935557346,0x8c084eb4ca0ebb6956d267d07e5a0c1f04db4221,2017-10-20T06:14:28.000Z,0.00021900000000117588,0x23caf918df59b2e4469cf1731cb9078fb824b8e4,buy,0x9af4f26941677c706cfecf6d3379ff01bb85d5ab,0x441feb6c60fe2fbe43e2891f2e7ab370e5da9ee1eac7dae82a48020adbd1bb63
345,435,0.095265,0x8c084eb4ca0ebb6956d267d07e5a0c1f04db4221,2017-10-20T06:12:56.000Z,0.000219,0x6642f9b48ee1c214241f848256f43d82324923cc,buy,0x9af4f26941677c706cfecf6d3379ff01bb85d5ab,0xcf92a1138bb8812e2558be4dd161693af56fbc340638d8a09f3e1e004602a94f
346,111,0.024309,0x8c084eb4ca0ebb6956d267d07e5a0c1f04db4221,2017-10-20T06:12:08.000Z,0.000219,0xf1527fd87461f89831ba9fc0d04e28c7dcbcb686,buy,0x9af4f26941677c706cfecf6d3379ff01bb85d5ab,0x99db9b46bf425ab828a99493d8a3302e56f17f5f516df2abc79b24827b02dc05
347,151,0.03171,0x8c084eb4ca0ebb6956d267d07e5a0c1f04db4221,2017-10-20T06:11:49.000Z,0.00021,0x28df321d9885a28cfd8a4cdbd249604c30e5ff05,buy,0x9af4f26941677c706cfecf6d3379ff01bb85d5ab,0xdefa3f2ef8c139e30fd62d2992559ddff68cd012e157da21cb78d322c043f55a
348,651,0.13590276,0x8c084eb4ca0ebb6956d267d07e5a0c1f04db4221,2017-10-20T06:11:42.000Z,0.00020876,0x9ddffd10024e839f14978081d293b143958bde6c,buy,0x9af4f26941677c706cfecf6d3379ff01bb85d5ab,0x6531be66ee85bedeb48b3518cdbcf3fba089e71d143ecc9ee6eb2648ca65c766
349,7000,1.463,0x8c084eb4ca0ebb6956d267d07e5a0c1f04db4221,2017-10-20T06:11:42.000Z,0.000209,0x23caf918df59b2e4469cf1731cb9078fb824b8e4,buy,0x9af4f26941677c706cfecf6d3379ff01bb85d5ab,0x9a024e07ea52981ead4c8488cea64589dc7eee0751b49660c1107c6f23846578
350,31019.83850064,3.307211101584234,0x3f1827827dd5cf78bb8c62d3e45d8f921196d325,2017-10-20T04:54:21.000Z,0.000106616,0xa7142422471fdbbbd1bc4f5287ade89698f4a384,sell,0x9af4f26941677c706cfecf6d3379ff01bb85d5ab,0x602ab7d2b22747c4067f302f8a92359ab0aa4d03eb9e0afcba27f728a2e81243
351,31019.83850064,3.307211101584234,0x3f1827827dd5cf78bb8c62d3e45d8f921196d325,2017-10-20T04:54:19.000Z,0.000106616,0xa7142422471fdbbbd1bc4f5287ade89698f4a384,sell,0x9af4f26941677c706cfecf6d3379ff01bb85d5ab,0x602ab7d2b22747c4067f302f8a92359ab0aa4d03eb9e0afcba27f728a2e81243
352,1570,0.34539843,0x62f5e5c4fdeafbd1b7f09d296123998c1f3a85ac,2017-10-20T02:34:41.000Z,0.000219999,0x7e77caf74920352ccd7db96de8e8fa5b7e77d4c4,buy,0x9af4f26941677c706cfecf6d3379ff01bb85d5ab,0x8b02aea84df575c4935bea6eab93cdce21a26175f6652de2c6f757544a3c7426
353,2000,0.439998,0x62f5e5c4fdeafbd1b7f09d296123998c1f3a85ac,2017-10-20T02:33:06.000Z,0.000219999,0x7e77caf74920352ccd7db96de8e8fa5b7e77d4c4,buy,0x9af4f26941677c706cfecf6d3379ff01bb85d5ab,0xcff4755ae3e098d83df0ca9f8ccfc45a0b3b205fae1e099dd5b2c2868c42a0e6
354,214.687,0.0429374,0x62f5e5c4fdeafbd1b7f09d296123998c1f3a85ac,2017-10-20T02:32:20.000Z,0.0002,0xd92d343151d4d2a818f19b5d49fe16c6820a5f1c,buy,0x9af4f26941677c706cfecf6d3379ff01bb85d5ab,0xf4ed2f2b014b8cf140620c41f1a4a13a9e1fd8283f79cf93bd906412433c9a6d
355,100,0.02,0x62f5e5c4fdeafbd1b7f09d296123998c1f3a85ac,2017-10-20T02:32:13.000Z,0.0002,0xe18cf576cdb5fc79f9f47f6d733efe3ef2fae907,buy,0x9af4f26941677c706cfecf6d3379ff01bb85d5ab,0xa35590d79fd5191df48ed8f8defc7058dff53015a4a96469fea169dc99fbe71b
356,233.90499796,0.04444194961295047,0x62f5e5c4fdeafbd1b7f09d296123998c1f3a85ac,2017-10-20T02:31:50.000Z,0.00019000000000235338,0xcb0e61dc613048496b92bce0bcd88feafd43a536,buy,0x9af4f26941677c706cfecf6d3379ff01bb85d5ab,0x5617ee9b3637451673329eec0f924b34b15fdd6a107672f55abbbf112c8ab1a6
357,50.84238859,0.005419798623694,0x72bd9ed3dd900d460bfa6e70dca09811853628fa,2017-10-20T02:27:48.000Z,0.0001066,0xe3e92a5d28bc26c8800425c169f3f199535b7fa1,sell,0x9af4f26941677c706cfecf6d3379ff01bb85d5ab,0x7e6348edf00fc65316a027c8ec4e9eaa65a11d69771a73eb53dddf8ef6139ef9
358,100.68786761,0.010733326687226,0x72bd9ed3dd900d460bfa6e70dca09811853628fa,2017-10-20T02:18:03.000Z,0.0001066,0x3c6f1d6667a0c80a7726b548d15a4af91a77a4b5,sell,0x9af4f26941677c706cfecf6d3379ff01bb85d5ab,0xfed145124525548402b622f237f2960a74e8ab67db565d35a59809edb76c5e3d
359,100.68786761,0.01067291396666,0x009a12d4290630bc01fd82516ac57c1dc6a9bcfb,2017-10-20T02:05:56.000Z,0.000106,0x34fe12dd2117f3a3d0fbb774460f72d91509214b,sell,0x9af4f26941677c706cfecf6d3379ff01bb85d5ab,0xf3fcce72fa8e1c054707fbf2657d697848b868c4a38c9f7ff0d810557f3c7d3f
360,13.83785812,0.00260151732656,0xcb905422f21f848887a5c6f320ac4570476ea01f,2017-10-20T01:51:03.000Z,0.000188,0x009a12d4290630bc01fd82516ac57c1dc6a9bcfb,sell,0x9af4f26941677c706cfecf6d3379ff01bb85d5ab,0xb04999ac44b9c5b643569aca6d35df02a75e0e1e15c08c5c65ce4aebbd00b458
361,4785.31295249,0.9570625904984548,0xce1133769c75f51095d9605ac6f94facda515888,2017-10-20T01:36:14.000Z,0.00020000000000009504,0xd92d343151d4d2a818f19b5d49fe16c6820a5f1c,buy,0x9af4f26941677c706cfecf6d3379ff01bb85d5ab,0xcbf2c5dfb02b14ede43fa3edb680c5739074e10bd33a226ad7d77c877aef8bf7
362,2018.76682284,0.3431903598828,0xce1133769c75f51095d9605ac6f94facda515888,2017-10-20T01:35:05.000Z,0.00017,0xc6f004e13340ae659f5a731ab0f3d37ad0d35147,sell,0x9af4f26941677c706cfecf6d3379ff01bb85d5ab,0xce270f9f4e8d9c194f6505183178fa7e378c0f5f460bd5ce73bf3def2fde44da
363,5000,1,0xc1aac4101f510c66e44f0f0aee922051efc3ae53,2017-10-20T01:24:30.000Z,0.0002,0xd92d343151d4d2a818f19b5d49fe16c6820a5f1c,buy,0x9af4f26941677c706cfecf6d3379ff01bb85d5ab,0xcf638123737d60c271a35a6ce868718087319666a7c1309ac7facbcd40454eff
364,2500,0.5,0xc1aac4101f510c66e44f0f0aee922051efc3ae53,2017-10-20T01:24:30.000Z,0.0002,0xd92d343151d4d2a818f19b5d49fe16c6820a5f1c,buy,0x9af4f26941677c706cfecf6d3379ff01bb85d5ab,0x649bde49450969641d49a8d43616d37204ceaf1e32c48f525fd1d678079b7a6f
365,5000,1,0xc1aac4101f510c66e44f0f0aee922051efc3ae53,2017-10-20T01:24:25.000Z,0.0002,0xd92d343151d4d2a818f19b5d49fe16c6820a5f1c,buy,0x9af4f26941677c706cfecf6d3379ff01bb85d5ab,0xad89d0c9abd99ec9b2940771d60e64385ebae01938d6f7a24a64aed05243f11c
366,325,0.064642825,0xcb905422f21f848887a5c6f320ac4570476ea01f,2017-10-20T01:16:06.000Z,0.000198901,0xc6f004e13340ae659f5a731ab0f3d37ad0d35147,sell,0x9af4f26941677c706cfecf6d3379ff01bb85d5ab,0x843d09f5f9818f7883fd628753b2e9d29d6b4527789d49bbff2c7199043e626f
367,121.73,0.02422427,0xc1aac4101f510c66e44f0f0aee922051efc3ae53,2017-10-20T01:00:33.000Z,0.000199,0xda896bd9e964386f7343414a646c8ef75d5ae009,buy,0x9af4f26941677c706cfecf6d3379ff01bb85d5ab,0x5488301a217c08f6155cafa82b187d7ec9ffdd2bfa3ccdc1a87a7f9ae7fc1a40
368,730.52629878,0.1453747334581933,0x7e77caf74920352ccd7db96de8e8fa5b7e77d4c4,2017-10-20T00:50:50.000Z,0.0001990000000013323,0xda896bd9e964386f7343414a646c8ef75d5ae009,buy,0x9af4f26941677c706cfecf6d3379ff01bb85d5ab,0xe977aed9f652afdd6dd99556c9eddda070b6753b9d316496505094233f0815f5
369,600,0.1193994,0x7e77caf74920352ccd7db96de8e8fa5b7e77d4c4,2017-10-20T00:46:41.000Z,0.000198999,0x756e8259c266229d687df5cafa7b1293ca3f6a1a,buy,0x9af4f26941677c706cfecf6d3379ff01bb85d5ab,0x61eec6cfcada884c40d51a27b2589be4f967e6dfa0dcb0735eda6f237f7f1bdd
370,3000,0.5967,0x7e77caf74920352ccd7db96de8e8fa5b7e77d4c4,2017-10-20T00:43:39.000Z,0.0001989,0xc4ec28db6bf6233a6cfd448ebcc0382e9457d2a4,buy,0x9af4f26941677c706cfecf6d3379ff01bb85d5ab,0x9c6ef3492a5746f651152dec282582a4d1d53acefcd949d6611a01d3ff1167b5
371,100,0.0189,0x7e77caf74920352ccd7db96de8e8fa5b7e77d4c4,2017-10-20T00:43:15.000Z,0.000189,0x1804206b5be10e6d88ee076f73c6e9b50097f236,buy,0x9af4f26941677c706cfecf6d3379ff01bb85d5ab,0x7df988bd51a89e3e7e654165bc75e3045469efa8de8ccd8b9c81ad8a8cca9afb
372,51,0.009588,0x7e77caf74920352ccd7db96de8e8fa5b7e77d4c4,2017-10-20T00:43:00.000Z,0.000188,0x5a29aec11f14a739f8ab58edf5269ca12fb90080,buy,0x9af4f26941677c706cfecf6d3379ff01bb85d5ab,0x70b8fe3d484520c38feae2c05f0432f18cc3b8648a7309b337b4d5dddfffc175
373,4247.74322968,0.8453009027081244,0x86f07ee309655dbb0c169668f4e27848c0deda77,2017-10-20T00:41:51.000Z,0.00019900000000042478,0xda896bd9e964386f7343414a646c8ef75d5ae009,buy,0x9af4f26941677c706cfecf6d3379ff01bb85d5ab,0x5dc5a4356929822753b9a99199616a285125d6d21bb2ad3f381f9eaced2ff80b
374,4234.99999999,0.9316999999978,0x5f7188c06e07c1a3d2f83bf3c7e4ca71877afe58,2017-10-20T00:41:51.000Z,0.00022,0x86f07ee309655dbb0c169668f4e27848c0deda77,sell,0x9af4f26941677c706cfecf6d3379ff01bb85d5ab,0x5dc5a4356929822753b9a99199616a285125d6d21bb2ad3f381f9eaced2ff80b
375,12000,2.27988,0xce1133769c75f51095d9605ac6f94facda515888,2017-10-20T00:35:35.000Z,0.00018999,0xcb9e709a965fab8ebab70fc51281f7d7218d1bf5,buy,0x9af4f26941677c706cfecf6d3379ff01bb85d5ab,0x61df43f99291272ca8c9a9b19cb60c241d7ec631fe0abbf4cefcc2efafcd2647
376,4000,0.56,0xce1133769c75f51095d9605ac6f94facda515888,2017-10-19T23:34:38.000Z,0.00014,0xcb9e709a965fab8ebab70fc51281f7d7218d1bf5,sell,0x9af4f26941677c706cfecf6d3379ff01bb85d5ab,0x0f8c69a1077a53bde1679a3bd38882b2ebda1f75240dca479133468525c2baa9
377,1400,0.28,0x7d47f96513a3dc1d24bc93ae145c85b8e212545e,2017-10-19T23:25:23.000Z,0.0002,0xd92d343151d4d2a818f19b5d49fe16c6820a5f1c,buy,0x9af4f26941677c706cfecf6d3379ff01bb85d5ab,0x7029c32fd99dc7e991362d7ff6102d5e2b3387f671e87a2a88e4b8388e51b752
378,1100,0.22,0xa50624a4184e72460f66c1b69409d78d69496fd4,2017-10-19T23:25:23.000Z,0.0002,0xd92d343151d4d2a818f19b5d49fe16c6820a5f1c,buy,0x9af4f26941677c706cfecf6d3379ff01bb85d5ab,0x007f4aa0cc6c54aa58845d92d08427a7d9e7268c966c238075c4ee0e76dc5db2
379,3500,0.49,0x12f8967fa9cb2b44468a453230a99ef64cbaa494,2017-10-19T23:23:04.000Z,0.00014,0xcb9e709a965fab8ebab70fc51281f7d7218d1bf5,sell,0x9af4f26941677c706cfecf6d3379ff01bb85d5ab,0x11f18c14986657614ff2e337c0ada83630fa70eac2eeb1605cf2780abf08a3b2
380,3350,0.47235,0xce1133769c75f51095d9605ac6f94facda515888,2017-10-19T23:22:39.000Z,0.000141,0xcb9e709a965fab8ebab70fc51281f7d7218d1bf5,sell,0x9af4f26941677c706cfecf6d3379ff01bb85d5ab,0xe901b49fb7d547b75ff3c5fa7af35d6a308dc31210fa31491b297b12f77e671d
381,212,0.02968,0x012cf6bb49242b1612e1fd2a38ed53119d61650d,2017-10-19T23:08:22.000Z,0.00014,0xcb9e709a965fab8ebab70fc51281f7d7218d1bf5,sell,0x9af4f26941677c706cfecf6d3379ff01bb85d5ab,0x94f7fd3e72a6ef641be7466f3f97c6b459c27b97c203346195b12c43c0bfb4c6
