,amount,amountBase,buyer,date,price,seller,side,tokenAddr,txHash
0,38.78066444920746,0.0213293654470641,0x345d97a6a08ea9c97329496fa9bfb72a2a5e914c,2017-11-02T08:28:49.000Z,0.00055,0xc2ef3492077355a26a7bd24386a15e1346c07ef0,sell,0xea1f346faf023f974eb5adaf088bbcdf02d761f4,0xf93b09c898b2a94e4777f70c1cfc68a9b18cf52820b56f3cef5144fc7c3e9bb5
1,40,0.02204,0xb0d2ce3e2bfbc1a47dbfe5b3eef5335284dfeb49,2017-11-02T08:20:24.000Z,0.000551,0xc2ef3492077355a26a7bd24386a15e1346c07ef0,sell,0xea1f346faf023f974eb5adaf088bbcdf02d761f4,0x3a75b3cba550d52c43007a02b52d750fe3aa09a3038e2f8453d6f1e839f3ec56
2,52,0.03484,0x5d2ba7d1f80e353b48ec8a214a21d1e3d6951a3a,2017-11-02T07:25:03.000Z,0.00067,0x366b9bdea87e37125ff660769ccc983adaf92634,sell,0xea1f346faf023f974eb5adaf088bbcdf02d761f4,0x8e2dc86c308ac9cdbcaaa2c445df25e64cea64a23075339ab68ab021f698c143
3,9.079531424245236,0.006264876682729213,0x1d5321e125f6c7079a716705541c7b371ca79e69,2017-11-02T07:21:04.000Z,0.00069,0x366b9bdea87e37125ff660769ccc983adaf92634,buy,0xea1f346faf023f974eb5adaf088bbcdf02d761f4,0x90b0d8d939c0a6768c56c38c5e322ffe643f4a8c970095f750a0f92b6097a513
4,9.052374301341212,0.00746820970384393,0xaa5a8763179d7e24b0230e981cf7cd5d9fa7cff8,2017-11-02T07:21:04.000Z,0.0008250000999999999,0x1d5321e125f6c7079a716705541c7b371ca79e69,sell,0xea1f346faf023f974eb5adaf088bbcdf02d761f4,0x90b0d8d939c0a6768c56c38c5e322ffe643f4a8c970095f750a0f92b6097a513
5,2000,1.36,0x3dee4a4e076e8d82859d241db0baf46f112cfa23,2017-11-02T07:19:34.000Z,0.00068,0x366b9bdea87e37125ff660769ccc983adaf92634,sell,0xea1f346faf023f974eb5adaf088bbcdf02d761f4,0x168e395c64b5bd68e0ea9d88ae650eeddbeff5eeac09c9b331de656e585fa84e
6,752.783,0.54953159,0x345d97a6a08ea9c97329496fa9bfb72a2a5e914c,2017-11-01T20:44:59.000Z,0.00073,0x366b9bdea87e37125ff660769ccc983adaf92634,sell,0xea1f346faf023f974eb5adaf088bbcdf02d761f4,0x29139d642f474cc5bb26780c18bbfb839c2c672ee1633213c462a6ba27714b32
7,24.91673063398191,0.018189213362806794,0x345d97a6a08ea9c97329496fa9bfb72a2a5e914c,2017-11-01T19:07:13.000Z,0.00073,0xca8ed40a1f30ce94fe78f9b12b81d7b3c288fa05,sell,0xea1f346faf023f974eb5adaf088bbcdf02d761f4,0x001c1eb31192b54de4f97ec28307b8246c8df8bc1fc293020c614dc29b2754e7
8,285,0.21375,0x43ef48227a63197c1d1b87f2f4770822150dfe6c,2017-11-01T19:06:15.000Z,0.00075,0xca8ed40a1f30ce94fe78f9b12b81d7b3c288fa05,sell,0xea1f346faf023f974eb5adaf088bbcdf02d761f4,0x121e27df05a781328fbb603b860fb9dcfa97219c2219cfd5803e9f5d57a212b4
9,250,0.214975,0x437338ffd4b45cdf78c3589d763dc746b0edf761,2017-11-01T16:43:58.000Z,0.0008599,0x43ef48227a63197c1d1b87f2f4770822150dfe6c,sell,0xea1f346faf023f974eb5adaf088bbcdf02d761f4,0x0866cb194486732c1afc52f5a69b1e9f8ed56477967310f1d5a103632758ebb0
10,0.000055581488090628,0.000000045854733232,0xaa5a8763179d7e24b0230e981cf7cd5d9fa7cff8,2017-11-01T03:22:54.000Z,0.0008250000999835034,0x726078f7ea5ae4942479d825820ed72b87f9ec73,sell,0xea1f346faf023f974eb5adaf088bbcdf02d761f4,0x7d9dea84f7b308f47b5366ac3609c6cb5c88e0bfd07cc0c2ef9a5e33ac21c571
11,0.5575379070370835,0.000459968829059384,0xaa5a8763179d7e24b0230e981cf7cd5d9fa7cff8,2017-11-01T03:22:29.000Z,0.000825000099999999,0x726078f7ea5ae4942479d825820ed72b87f9ec73,sell,0xea1f346faf023f974eb5adaf088bbcdf02d761f4,0xebbc7fa216a5ce00a8adc3b3e32c8f51a38b41ece4fe5793914acf3bb179b702
12,5592.662745488984,4.1413667630345925,0x009a12d4290630bc01fd82516ac57c1dc6a9bcfb,2017-11-01T03:16:16.000Z,0.0007405,0x726078f7ea5ae4942479d825820ed72b87f9ec73,sell,0xea1f346faf023f974eb5adaf088bbcdf02d761f4,0x902df835d5ed7bf017cc42d0d9fdcc421e79c89dd651981654210715799924c6
13,220,0.1782,0xaf34a43c3b6e950f5e62660aaa637a220e36e460,2017-11-01T03:02:00.000Z,0.00081,0x8707fac2072dca58d61779f598f66fd71a4a18ac,sell,0xea1f346faf023f974eb5adaf088bbcdf02d761f4,0x8d07018bcfb4e389763c3d290fc400015ecf7a14506f8568a2cb12cfa5dbff04
14,280,0.2268,0xaf34a43c3b6e950f5e62660aaa637a220e36e460,2017-11-01T02:52:56.000Z,0.00081,0x8707fac2072dca58d61779f598f66fd71a4a18ac,sell,0xea1f346faf023f974eb5adaf088bbcdf02d761f4,0xaa905200139a44f150affb5e9e13c8437ae03b6d444faf34e448305059056e2b
15,983.5689362974778,0.7873961119529459,0x3dee4a4e076e8d82859d241db0baf46f112cfa23,2017-11-01T01:32:40.000Z,0.00080055,0x4ad64328076e1220333a82a4e602b1aaddd215e3,sell,0xea1f346faf023f974eb5adaf088bbcdf02d761f4,0x2da3704bfa8395543e327d7b0d23acd97d740a446e0a0b824e2b82d792f70b15
16,90.36287508722958,0.07454938098325192,0xaa5a8763179d7e24b0230e981cf7cd5d9fa7cff8,2017-10-31T20:18:53.000Z,0.0008250001,0xdd77f29674ffef7e37f96b9b09923909e6efefc0,sell,0xea1f346faf023f974eb5adaf088bbcdf02d761f4,0x248ea8b58945e17ecaee1c257ae350bfeba287e3d17f130c1b2942119129f622
17,0.00083282846006609,0.000000666720823705,0x3dee4a4e076e8d82859d241db0baf46f112cfa23,2017-10-31T17:31:02.000Z,0.0008005499999989093,0x009a12d4290630bc01fd82516ac57c1dc6a9bcfb,sell,0xea1f346faf023f974eb5adaf088bbcdf02d761f4,0xaf53927b35059d7afc41e8662cd97348be65d33fb4b3c84228dcc4a828380ac0
18,0.4531858968548,0.000385212544185548,0x3dee4a4e076e8d82859d241db0baf46f112cfa23,2017-10-31T08:51:39.000Z,0.0008500099999999988,0xe444a40689f51f63bcd29910622035707d533d29,sell,0xea1f346faf023f974eb5adaf088bbcdf02d761f4,0x0ba57fbf0c58e65c8806168dbcd0fe953ed030c9660b2f05b44b6eb27aaa68ec
19,529.2409219916736,0.5133636943319235,0x3642337f3e5783803872921bbacf9f05b259c802,2017-10-31T00:22:04.000Z,0.00097,0x366b9bdea87e37125ff660769ccc983adaf92634,buy,0xea1f346faf023f974eb5adaf088bbcdf02d761f4,0x561bd2f564e391f5a2d24ed65fe640cd07bf6526bbb98df70e3ed3bbdc0487b3
20,9450.749078008326,9.167226605668077,0xf2b1fdc974a80ae077f285421eb39e10403fb1f2,2017-10-30T23:54:02.000Z,0.00097,0x366b9bdea87e37125ff660769ccc983adaf92634,buy,0xea1f346faf023f974eb5adaf088bbcdf02d761f4,0x008da8e1bb3f4f7301b538ad29c201b349d4ed2d88a7e232aa6973cf6735e440
21,0.01,0.0000097,0x0c4085d8e714ca77ac5f46cd2b80a92d238a7cd3,2017-10-30T21:27:39.000Z,0.00097,0x366b9bdea87e37125ff660769ccc983adaf92634,buy,0xea1f346faf023f974eb5adaf088bbcdf02d761f4,0x7d46dece1546c14d1733b0e9b9c99705be554cd3c81143b43fe4bbf571d062a5
22,754.6605522879075,0.6942877081048748,0x366b9bdea87e37125ff660769ccc983adaf92634,2017-10-30T20:24:42.000Z,0.00092,0x39aa35cbc1c40d147f95236799c32c0c5bd81e5e,sell,0xea1f346faf023f974eb5adaf088bbcdf02d761f4,0xf3d8165653d3a208e45bb5d3d0d7011df2a9128d1df3b9f2595f47acf0196d9b
23,105.3143537796386,0.10468246765696076,0xa6592a06d94e35e983b48ba2627bdc46000c9240,2017-10-30T19:13:57.000Z,0.000994,0x947d19efbca9b0f8801352c8b0f52263656aa9b2,buy,0xea1f346faf023f974eb5adaf088bbcdf02d761f4,0x4bb0b993154e1ddc4c8beddff47a4219f38d6360ee6796a7102b6c5e47500bb4
24,20.357016459017238,0.019135595471476204,0x366b9bdea87e37125ff660769ccc983adaf92634,2017-10-30T12:32:05.000Z,0.00094,0xfbf7dc0756a9768d0c71aea5f8421f3b1eaee7d1,sell,0xea1f346faf023f974eb5adaf088bbcdf02d761f4,0xe24f8cf37acc329e8fbab601ffcfc7ac416ed82677868e8fc3835967e3337a74
25,179.46,0.1686924,0x366b9bdea87e37125ff660769ccc983adaf92634,2017-10-30T12:08:26.000Z,0.00094,0x273a5d3e6721b9f5c1a6474f560c1334c63dda01,sell,0xea1f346faf023f974eb5adaf088bbcdf02d761f4,0xfa17c723fdbc35c0d89dfac84e91cb477def21e059d9744a6710df0154de26da
26,180,0.162,0x273a5d3e6721b9f5c1a6474f560c1334c63dda01,2017-10-30T12:08:26.000Z,0.0009,0x9f7114925d825fc2505d5c98aa1b4637d91d0087,buy,0xea1f346faf023f974eb5adaf088bbcdf02d761f4,0xfa17c723fdbc35c0d89dfac84e91cb477def21e059d9744a6710df0154de26da
27,19.545758956790962,0.016613895113272315,0xfbf7dc0756a9768d0c71aea5f8421f3b1eaee7d1,2017-10-30T03:07:10.000Z,0.00085,0x3dee4a4e076e8d82859d241db0baf46f112cfa23,sell,0xea1f346faf023f974eb5adaf088bbcdf02d761f4,0x1e31d7ae213c5815ac613e938f6bcaf6268063c6442635daf6fce08b651b2e61
28,78.9805634222079,0.0710825070799871,0x9de0b7d6cdda7da38b0a4e08cd4d9fdfe73b1922,2017-10-30T03:05:24.000Z,0.0009,0x3dee4a4e076e8d82859d241db0baf46f112cfa23,sell,0xea1f346faf023f974eb5adaf088bbcdf02d761f4,0x8deb7d557e2c7a73aca24c92d4612d215bfe7c27fec339134fa4d9bd61471408
29,1.0194365777921,0.00091749292001289,0x9de0b7d6cdda7da38b0a4e08cd4d9fdfe73b1922,2017-10-30T03:02:39.000Z,0.0009,0x379374d13077e8867ef31803c37baf9785a17c00,sell,0xea1f346faf023f974eb5adaf088bbcdf02d761f4,0x7b188b452a4324391b4621bfdabc9c79fc30473d45679b0354e5a7e39cd5fc63
30,100,0.0850001,0xaa5a8763179d7e24b0230e981cf7cd5d9fa7cff8,2017-10-30T00:33:50.000Z,0.000850001,0x667fb05b27fefaf67e889f788dd411c38ee1f637,sell,0xea1f346faf023f974eb5adaf088bbcdf02d761f4,0x020a93635618a74b0fe825e060119cde37a584f66cb38fa3df568417631267c1
31,98.77380121622969,0.08148848477719071,0x3dee4a4e076e8d82859d241db0baf46f112cfa23,2017-10-29T21:59:22.000Z,0.000825001,0xfc451fc713435cd4d4892350e1517a4b2695e03b,sell,0xea1f346faf023f974eb5adaf088bbcdf02d761f4,0x1b88761f9fd33b65c64229078e58113ccf5b31ac4fc66934e9e128c3b19a095b
32,119.68677152666034,0.10903464886078756,0x947d19efbca9b0f8801352c8b0f52263656aa9b2,2017-10-29T21:53:23.000Z,0.000911,0xeb73d8f2590f7929d82cc2f832f2c94ce4789fba,sell,0xea1f346faf023f974eb5adaf088bbcdf02d761f4,0x2eef234c1e7ae7bb025864e058f635f74af44d593010bc45a5f2e919da76b9cf
33,304.038,0.2767049838,0xeb73d8f2590f7929d82cc2f832f2c94ce4789fba,2017-10-29T21:44:20.000Z,0.0009101,0x366b9bdea87e37125ff660769ccc983adaf92634,sell,0xea1f346faf023f974eb5adaf088bbcdf02d761f4,0x1a966f13e908bd75af62853f3861b5957174d985d0b349153a1611525a7920e2
34,4500,4.104,0xeb73d8f2590f7929d82cc2f832f2c94ce4789fba,2017-10-29T21:41:07.000Z,0.000912,0x366b9bdea87e37125ff660769ccc983adaf92634,sell,0xea1f346faf023f974eb5adaf088bbcdf02d761f4,0x602363b3ddfa139a85d2c4295f9c76fdfe99f037f35faf67a2d237220315af6f
35,10294,9.398422,0x529bb28ec44180d8c46e3dde9591d8454ab8130e,2017-10-29T21:39:55.000Z,0.000913,0x366b9bdea87e37125ff660769ccc983adaf92634,sell,0xea1f346faf023f974eb5adaf088bbcdf02d761f4,0x86b6b567727456a0446f77794cabf5a78389314b8d19d2a6e559767fd3477660
36,60.724406063865736,0.0698330669734456,0xa6592a06d94e35e983b48ba2627bdc46000c9240,2017-10-29T20:00:30.000Z,0.00115,0xf34d9150d7647e0ce3c3af41a7a4ac643519e43f,buy,0xea1f346faf023f974eb5adaf088bbcdf02d761f4,0xd3905216dbcc16e9f05d139cddc5fd984e54e98b1f6fe755c4df0eae942449dc
37,528.2388533526882,0.6602985666908603,0x7e95cc63f2400288b62545e9e297c0d0d4c765c5,2017-10-29T18:13:52.000Z,0.00125,0xdfc8cec5f26d82f7c88e6ec9ee55898bda63e54a,buy,0xea1f346faf023f974eb5adaf088bbcdf02d761f4,0x11043ad106fe96bc1f062badac58b6788237829734422d3cf935cff8ced1a8e2
38,499.979,0.51997816,0x7e95cc63f2400288b62545e9e297c0d0d4c765c5,2017-10-29T18:11:43.000Z,0.00104,0xeaadb8e3430499393cd5049ae01efe8ac7bc93f6,buy,0xea1f346faf023f974eb5adaf088bbcdf02d761f4,0x5a6246570f6fa08f82e01aa0c8b3ff908349dfa6caac2f6d6ab6bb13a81c807e
39,1000,0.999,0x7e95cc63f2400288b62545e9e297c0d0d4c765c5,2017-10-29T18:10:55.000Z,0.000999,0x0029b04472ca71df9d939182784a7fd4baa4daae,buy,0xea1f346faf023f974eb5adaf088bbcdf02d761f4,0x1beb9491f689759762500ba2e70b50adda835f0e39f48347e5a2fb3c05662bcd
40,0.029817262082679184,0.000027166507483529,0xe1e1d0d73eeb29d0632bc4c7871bfc74dbed0741,2017-10-29T14:52:15.000Z,0.0009110999999999998,0x5077da020bbbb1789c9d74602af781983e019932,sell,0xea1f346faf023f974eb5adaf088bbcdf02d761f4,0x658f73ca62bc5f378973280b2c8b8c60701854c7d7ed7d8f99b2d7a5f5ef2545
41,0.020730994902471152,0.00002156023469857,0xadf652ba851a9cb5b3735f351d8b83743e6fe999,2017-10-29T14:49:33.000Z,0.0010400000000000001,0xeaadb8e3430499393cd5049ae01efe8ac7bc93f6,buy,0xea1f346faf023f974eb5adaf088bbcdf02d761f4,0x07242440e360b303b5ac9f6be8de0e085001264ffb09b4c79ab7b7ce61923fca
42,206.16845973436097,0.21627071426134464,0xadf652ba851a9cb5b3735f351d8b83743e6fe999,2017-10-29T14:49:02.000Z,0.001049,0x366b9bdea87e37125ff660769ccc983adaf92634,buy,0xea1f346faf023f974eb5adaf088bbcdf02d761f4,0x0ab05fefe1fe1169dd074a0dd6bf38b1bbba4181955a85efbe00135321aed616
43,361.885,0.368760815,0xadf652ba851a9cb5b3735f351d8b83743e6fe999,2017-10-29T14:47:15.000Z,0.001019,0xfbf7dc0756a9768d0c71aea5f8421f3b1eaee7d1,buy,0xea1f346faf023f974eb5adaf088bbcdf02d761f4,0x7364ca0ac960a017f6a567fd9d0c831f4fe6d374847a13bdd127c06b7cd037f5
44,430,0.43817,0xadf652ba851a9cb5b3735f351d8b83743e6fe999,2017-10-29T14:25:19.000Z,0.001019,0xfbf7dc0756a9768d0c71aea5f8421f3b1eaee7d1,buy,0xea1f346faf023f974eb5adaf088bbcdf02d761f4,0x7a909931e8f796446906d806ea9bfe0ea55eeb5aed26b773a811ac085f2a2798
45,329.11463574675076,0.33536781382593905,0xadf652ba851a9cb5b3735f351d8b83743e6fe999,2017-10-29T14:15:45.000Z,0.001019,0xfbf7dc0756a9768d0c71aea5f8421f3b1eaee7d1,buy,0xea1f346faf023f974eb5adaf088bbcdf02d761f4,0x9eb54237fd7553d8260cf4c8800f5a31a9eaffd6619a0cd2712bcb7f37b25d55
46,3092.405,3.1542531,0xadf652ba851a9cb5b3735f351d8b83743e6fe999,2017-10-29T14:14:35.000Z,0.00102,0x529bb28ec44180d8c46e3dde9591d8454ab8130e,buy,0xea1f346faf023f974eb5adaf088bbcdf02d761f4,0x39a4785afaac37d62a6c187f28df96d059f54a42b2128f8dfaa68a6f52b0975d
47,3908.3573717332324,3.9865245191678973,0x5bfc2bda4e00a4e20ecb4bbbf6a5521f9fe47590,2017-10-29T13:27:40.000Z,0.00102,0x529bb28ec44180d8c46e3dde9591d8454ab8130e,buy,0xea1f346faf023f974eb5adaf088bbcdf02d761f4,0x3583d36bee578d85a0755fe8f6ed4ef5d5fc764088f97dc62982d6d571ea9316
48,1500,1.53,0xadf652ba851a9cb5b3735f351d8b83743e6fe999,2017-10-29T13:21:55.000Z,0.00102,0x529bb28ec44180d8c46e3dde9591d8454ab8130e,buy,0xea1f346faf023f974eb5adaf088bbcdf02d761f4,0x4c0441c23408dbaa849747c278fff2055b21ff97ee3e98baaf6f3557b2cdd341
49,0.07036585843811667,0.000071773175606879,0x5bfc2bda4e00a4e20ecb4bbbf6a5521f9fe47590,2017-10-29T13:21:18.000Z,0.00102,0x529bb28ec44180d8c46e3dde9591d8454ab8130e,buy,0xea1f346faf023f974eb5adaf088bbcdf02d761f4,0x79b7859850dc416f9b6e8679542acc5794c6c1162394380570a270afe13d8452
50,705.8399259927456,0.7199567245126005,0x5bfc2bda4e00a4e20ecb4bbbf6a5521f9fe47590,2017-10-29T13:19:19.000Z,0.00102,0x529bb28ec44180d8c46e3dde9591d8454ab8130e,buy,0xea1f346faf023f974eb5adaf088bbcdf02d761f4,0x3f99711966ab48ff5971e3925e7532509373533c351490bd09204357b1c25ac4
51,122.874,0.125208606,0xfbf7dc0756a9768d0c71aea5f8421f3b1eaee7d1,2017-10-29T13:03:53.000Z,0.001019,0x43ef48227a63197c1d1b87f2f4770822150dfe6c,sell,0xea1f346faf023f974eb5adaf088bbcdf02d761f4,0x3a90c17ab0ed9dd2eb7a8c0adb3e0a0ef19edfa8aa7ac950fd50ef31acdc435d
52,1,0.001025,0x0b773d7819259d78757b26dc4148812d35676d8f,2017-10-29T08:03:27.000Z,0.001025,0xfbf7dc0756a9768d0c71aea5f8421f3b1eaee7d1,buy,0xea1f346faf023f974eb5adaf088bbcdf02d761f4,0x951a33ed7f49c904c9fbd0aacf0a4cd8305323e3f7fd8b7178bd94cbfcdd4756
53,0.3132284733396653,0.000285351139212435,0x947d19efbca9b0f8801352c8b0f52263656aa9b2,2017-10-29T05:42:10.000Z,0.0009109999999999998,0x05538691ba01dbc144bd64133571d141650dcd26,sell,0xea1f346faf023f974eb5adaf088bbcdf02d761f4,0x66721e47cfe20659a10dc3464b1b417d4f0b71cbbb3c81c999a179bc85a3fb69
54,3141.9948160701824,2.890635230784568,0xeb73d8f2590f7929d82cc2f832f2c94ce4789fba,2017-10-29T04:05:02.000Z,0.00092,0x05538691ba01dbc144bd64133571d141650dcd26,sell,0xea1f346faf023f974eb5adaf088bbcdf02d761f4,0x872bacf2e00c677a6037fb8a62245eb022b6f858ca4815f06695c7525ab99cb9
55,5610,4.9993515,0x726078f7ea5ae4942479d825820ed72b87f9ec73,2017-10-29T01:59:05.000Z,0.00089115,0x05538691ba01dbc144bd64133571d141650dcd26,sell,0xea1f346faf023f974eb5adaf088bbcdf02d761f4,0x08621545ecf90510599aa7b575b1df4801c946df0762f3ebcf1ac98c3dc6a38e
56,15000,13.5,0x009a12d4290630bc01fd82516ac57c1dc6a9bcfb,2017-10-29T01:58:05.000Z,0.0009,0x05538691ba01dbc144bd64133571d141650dcd26,sell,0xea1f346faf023f974eb5adaf088bbcdf02d761f4,0x67f85bb7ecb1fd37d8127801b6bd8c8df13b7a59b75c5372bcf2628d5ec73891
57,8645,8.2992,0x529bb28ec44180d8c46e3dde9591d8454ab8130e,2017-10-29T01:57:32.000Z,0.00096,0x05538691ba01dbc144bd64133571d141650dcd26,sell,0xea1f346faf023f974eb5adaf088bbcdf02d761f4,0xfd84cb96640564129374362d496fda097af3d6593ee01f4369baf5559d9c8981
58,1000,0.98,0xfbf7dc0756a9768d0c71aea5f8421f3b1eaee7d1,2017-10-29T01:25:38.000Z,0.00098,0x366b9bdea87e37125ff660769ccc983adaf92634,sell,0xea1f346faf023f974eb5adaf088bbcdf02d761f4,0x9690df2ee18dff844eb168bdc0e97c4109843ab33ec1cf03d5cc633bd157b38a
59,1661.9565556812556,1.6285433389003685,0x997c7ca3fde513bb15ec45d08067fe328f4832ed,2017-10-29T01:25:38.000Z,0.0009798952525764486,0x366b9bdea87e37125ff660769ccc983adaf92634,sell,0xea1f346faf023f974eb5adaf088bbcdf02d761f4,0x1348298d4f38d0d64b1555b54e22b72fccb570f145db68e1c819d7c12cbb5610
60,338.0434443187444,0.3312471662525287,0x997c7ca3fde513bb15ec45d08067fe328f4832ed,2017-10-29T00:43:40.000Z,0.0009798952525764486,0xe1e1d0d73eeb29d0632bc4c7871bfc74dbed0741,sell,0xea1f346faf023f974eb5adaf088bbcdf02d761f4,0x5d68989d0a2b26d7047cef431a2647f1561cb3a59f50e6a5fdfcced3febd2595
61,478.21849929437593,0.5500000524754604,0xe300b3909aad54fd05e919e39f402c842e0037d3,2017-10-28T23:07:41.000Z,0.001150102,0xd445f61ebca3d6b4c57eef1f39fdab6595ef8972,sell,0xea1f346faf023f974eb5adaf088bbcdf02d761f4,0x29b1a6c399630103cb2415a7f78b8e474be1f835c5357cd3a174c27fcdca2681
62,479.6574717095044,0.5228266441633599,0xd445f61ebca3d6b4c57eef1f39fdab6595ef8972,2017-10-28T23:07:41.000Z,0.00109,0x366b9bdea87e37125ff660769ccc983adaf92634,buy,0xea1f346faf023f974eb5adaf088bbcdf02d761f4,0x29b1a6c399630103cb2415a7f78b8e474be1f835c5357cd3a174c27fcdca2681
63,0.20638085742771686,0.00024765702891326,0x9de0b7d6cdda7da38b0a4e08cd4d9fdfe73b1922,2017-10-28T22:38:55.000Z,0.001199999999999999,0x1d5321e125f6c7079a716705541c7b371ca79e69,sell,0xea1f346faf023f974eb5adaf088bbcdf02d761f4,0xe2272b613ef8edd2edece40adac96c471ae4dcc501009d375189f6a28810e1fc
64,0.207,0.000233703,0x1d5321e125f6c7079a716705541c7b371ca79e69,2017-10-28T22:38:55.000Z,0.001129,0x529bb28ec44180d8c46e3dde9591d8454ab8130e,buy,0xea1f346faf023f974eb5adaf088bbcdf02d761f4,0xe2272b613ef8edd2edece40adac96c471ae4dcc501009d375189f6a28810e1fc
65,69,0.07797,0x273a5d3e6721b9f5c1a6474f560c1334c63dda01,2017-10-28T22:07:23.000Z,0.00113,0x366b9bdea87e37125ff660769ccc983adaf92634,buy,0xea1f346faf023f974eb5adaf088bbcdf02d761f4,0xd69586bca7b2b8a62ae3c57dfce77ea3ddf91408ea805b8ae94474bb15c44bf0
66,68.793,0.0825516,0x9de0b7d6cdda7da38b0a4e08cd4d9fdfe73b1922,2017-10-28T22:07:23.000Z,0.0012,0x273a5d3e6721b9f5c1a6474f560c1334c63dda01,sell,0xea1f346faf023f974eb5adaf088bbcdf02d761f4,0xd69586bca7b2b8a62ae3c57dfce77ea3ddf91408ea805b8ae94474bb15c44bf0
67,338.26887557662155,0.3044450324388396,0xe1e1d0d73eeb29d0632bc4c7871bfc74dbed0741,2017-10-28T21:23:01.000Z,0.000900009,0xf5bedf0fdb48e812d91b352e5ffa9c402ce6bbf4,sell,0xea1f346faf023f974eb5adaf088bbcdf02d761f4,0xe5617f473b3ab7f5acc1fa6752681893e85685abf275a878327e43b7f6bef6e3
68,0.45454545454545453,0.0005,0x34f9560c63078eb61872a4dc2ccd20e21c34feaf,2017-10-28T21:07:06.000Z,0.0011,0xf5bedf0fdb48e812d91b352e5ffa9c402ce6bbf4,buy,0xea1f346faf023f974eb5adaf088bbcdf02d761f4,0x37781d691209a4e093ca76bba4ce1320ddc99de681a38d0c359cc007c17e473c
69,0.45454545454545453,0.0005,0xe444a40689f51f63bcd29910622035707d533d29,2017-10-28T21:06:43.000Z,0.0011,0xf5bedf0fdb48e812d91b352e5ffa9c402ce6bbf4,buy,0xea1f346faf023f974eb5adaf088bbcdf02d761f4,0x7b57eb979f7ac6fc3db89af30c215e14d62aa4ef7de8017d866da65ea9490543
70,90,0.09540009,0x581d770eab09efa47de7dc8633eb912f6f918483,2017-10-28T20:59:04.000Z,0.001060001,0xf5bedf0fdb48e812d91b352e5ffa9c402ce6bbf4,sell,0xea1f346faf023f974eb5adaf088bbcdf02d761f4,0x1e4526a5242e9c7cc41b8557644d0d0cfd59bebb6a06e3259782b2f5ca6f830e
71,567.8,0.5740458,0x345d97a6a08ea9c97329496fa9bfb72a2a5e914c,2017-10-28T20:56:44.000Z,0.001011,0xf5bedf0fdb48e812d91b352e5ffa9c402ce6bbf4,sell,0xea1f346faf023f974eb5adaf088bbcdf02d761f4,0x2108298c9d9887408043474dfc4b7abcc361d7c22c6ebe4149a0088067da6206
72,150,0.1725,0x873880b4ec6fd0d442148ca0fd8ef287e0e6c7c6,2017-10-28T19:32:38.000Z,0.00115,0xf34d9150d7647e0ce3c3af41a7a4ac643519e43f,buy,0xea1f346faf023f974eb5adaf088bbcdf02d761f4,0x10a1cf8e1adb5d20c0ca3a1a693685a62a651362efeefa9d8720b68d000511c4
73,180,0.20394,0x9f7114925d825fc2505d5c98aa1b4637d91d0087,2017-10-28T17:56:48.000Z,0.001133,0xf34d9150d7647e0ce3c3af41a7a4ac643519e43f,sell,0xea1f346faf023f974eb5adaf088bbcdf02d761f4,0x1b7888e27fac4b7cc4ad4cdc6d75d2d4d941d912567358b4b6bf0a0f33dd81ae
74,370.427,0.426028463127,0xd021afe19b6ed27b037587b27b7a28dc07b58a39,2017-10-28T17:07:45.000Z,0.001150101,0x1ed014aec47fae44c9e55bac7662c0b78ae61798,sell,0xea1f346faf023f974eb5adaf088bbcdf02d761f4,0xf0404069fa384e3ccac932f2f5f2d5f8683f3d9aee5e5b3103cc066f01151160
75,500,0.6090546118968666,0x997c7ca3fde513bb15ec45d08067fe328f4832ed,2017-10-28T10:23:17.000Z,0.0012181092237937333,0x05538691ba01dbc144bd64133571d141650dcd26,sell,0xea1f346faf023f974eb5adaf088bbcdf02d761f4,0x0356083d52fbe2840d0777dc045830ed95a580202d11634f3b1c8c669550b152
76,1600,2.08,0x997c7ca3fde513bb15ec45d08067fe328f4832ed,2017-10-28T10:04:22.000Z,0.0013,0xa18f410cdeea7148dd2f51c217173637f5691243,buy,0xea1f346faf023f974eb5adaf088bbcdf02d761f4,0xb1ccaf53f9f2faeb5e8a2e6cbb25ef0848f9683547c3bc7c557566ac5014e14b
77,400.785,0.5210124843,0x997c7ca3fde513bb15ec45d08067fe328f4832ed,2017-10-28T10:03:15.000Z,0.00129998,0x3df9d9749a65d24bc78931264d06f900fbfd6d10,buy,0xea1f346faf023f974eb5adaf088bbcdf02d761f4,0x1b06122439e68429633485f22fcb312aa2033d229eec9fe2567452f180e972bf
78,343.423,0.4464155577,0x997c7ca3fde513bb15ec45d08067fe328f4832ed,2017-10-28T10:01:47.000Z,0.0012999,0x2635341bc96acecc74203018c0d29f07190e5f71,buy,0xea1f346faf023f974eb5adaf088bbcdf02d761f4,0xdc5cd4946219c256f1bf382ba72a40b3c13ef486a89c1c6c23f3b433f5f06251
79,3247.75,4.221750225,0x997c7ca3fde513bb15ec45d08067fe328f4832ed,2017-10-28T09:59:49.000Z,0.0012999,0x2635341bc96acecc74203018c0d29f07190e5f71,buy,0xea1f346faf023f974eb5adaf088bbcdf02d761f4,0xcdb97757d9296de4ce100f0a192a40b23397dfd2a024f18338c6a0df77f73359
80,300,0.38997,0x997c7ca3fde513bb15ec45d08067fe328f4832ed,2017-10-28T09:58:16.000Z,0.0012999,0xfc519de3e7d5c5019561eaeaaa9f2c2aa1af6245,buy,0xea1f346faf023f974eb5adaf088bbcdf02d761f4,0x8b034118379e9eec133680cf75e9fbd5d63a71ed671f6a5b24cf6ccafc55e43c
81,300,0.38994,0x997c7ca3fde513bb15ec45d08067fe328f4832ed,2017-10-28T09:57:38.000Z,0.0012998,0xfc519de3e7d5c5019561eaeaaa9f2c2aa1af6245,buy,0xea1f346faf023f974eb5adaf088bbcdf02d761f4,0x6b95d58fd8a60ac6576b1c981187e8a911f44703fcc3cf9f2fc447b4544fa283
82,859,1.1162705,0x997c7ca3fde513bb15ec45d08067fe328f4832ed,2017-10-28T09:55:32.000Z,0.0012995,0xeebedcffa215c54b47486458a7484f9970b26187,buy,0xea1f346faf023f974eb5adaf088bbcdf02d761f4,0xf5a7d18f4b8b44fe56ac7b4688ff646ca325ff5efab6e73d6232c0a966d0b431
83,500,0.645,0x997c7ca3fde513bb15ec45d08067fe328f4832ed,2017-10-28T09:51:33.000Z,0.00129,0xa44845e5488fc4684b9b678f3121d0ccd517d969,buy,0xea1f346faf023f974eb5adaf088bbcdf02d761f4,0x5a3a32b3ff0e1d3c30feea7df9906643b19c6b0ea85a6504ef921a42d806f739
84,500.5470580184844,0.575679671974117,0xd021afe19b6ed27b037587b27b7a28dc07b58a39,2017-10-28T09:00:33.000Z,0.001150101,0x3dee4a4e076e8d82859d241db0baf46f112cfa23,sell,0xea1f346faf023f974eb5adaf088bbcdf02d761f4,0x9ca51e2f5a4883796475558c77fbf2a5eacd918e0439bbbcddf4db04d123d59e
85,3.5496956468223835,0.004082512062801716,0x3dee4a4e076e8d82859d241db0baf46f112cfa23,2017-10-28T08:54:25.000Z,0.0011501019999999999,0x94e42e5cd1257250f1af2548cb251ec13c3caf75,sell,0xea1f346faf023f974eb5adaf088bbcdf02d761f4,0xf01bbf6a4571c6f3c406847fd4744c7197d58a5eee9071b6ba63dc4879b06a29
86,1.4349953107402464,0.001650390976872978,0xe300b3909aad54fd05e919e39f402c842e0037d3,2017-10-28T08:51:32.000Z,0.0011501019999999992,0x94e42e5cd1257250f1af2548cb251ec13c3caf75,sell,0xea1f346faf023f974eb5adaf088bbcdf02d761f4,0xa2648ea2fb65632474f2d71f7115e3cd6978a4e1d54b250da99a3a7cb17f01d1
87,498.45479015053337,0.5732738510617087,0x3dee4a4e076e8d82859d241db0baf46f112cfa23,2017-10-28T07:32:56.000Z,0.001150102,0x5964e8d03d3be814385203522a8255c2a32553bc,sell,0xea1f346faf023f974eb5adaf088bbcdf02d761f4,0x4bb10bfd31500ea871de88365b56b93aa5dee4a1be2217e9d6dbebb1fb67d745
88,859,0.999876,0xeebedcffa215c54b47486458a7484f9970b26187,2017-10-28T06:09:57.000Z,0.001164,0x2635341bc96acecc74203018c0d29f07190e5f71,sell,0xea1f346faf023f974eb5adaf088bbcdf02d761f4,0xc692ad42121c9fc8762660ecc98a9c6d0f9a48a8a07daf6a046b758e1835b7ca
89,750,0.9,0x5d523157232b0a2416143c433ba38a1a4603e6ea,2017-10-28T04:52:50.000Z,0.0012,0x2635341bc96acecc74203018c0d29f07190e5f71,sell,0xea1f346faf023f974eb5adaf088bbcdf02d761f4,0xe674aa9b61033e837cf897c422aa6fef3854fa6a040ee4d1e712c1474538e0ff
90,0.025839546493697272,0.000029718088261947,0xd021afe19b6ed27b037587b27b7a28dc07b58a39,2017-10-27T20:44:42.000Z,0.0011501009999999718,0x80386b7d64963b5d929ff665d8e1cd75fab4bb00,sell,0xea1f346faf023f974eb5adaf088bbcdf02d761f4,0x437d5dec86d4f39c790a2ac167e11e2a68b69a7b76faa4acd9674f2fa38f9eab
91,3010,4.18089,0xf2b1fdc974a80ae077f285421eb39e10403fb1f2,2017-10-27T14:33:40.000Z,0.001389,0x82d99d98115565d2a58e99fc53704cee56e3c0de,buy,0xea1f346faf023f974eb5adaf088bbcdf02d761f4,0x485049de90f2241a19ee68ed3dc5fc52e0a672182ac41975f43da1cb262d5b21
92,1798,2.492028,0xf2b1fdc974a80ae077f285421eb39e10403fb1f2,2017-10-27T14:33:03.000Z,0.001386,0xfbf7dc0756a9768d0c71aea5f8421f3b1eaee7d1,buy,0xea1f346faf023f974eb5adaf088bbcdf02d761f4,0xc37cf8786b7701cc87f00be0616b99399e085453dab6520b39bf167d6d9459af
93,745.503,1.033266412497,0xf2b1fdc974a80ae077f285421eb39e10403fb1f2,2017-10-27T14:32:51.000Z,0.001385999,0xd990b20677084e0ecc854a956cb15a401515dfe8,buy,0xea1f346faf023f974eb5adaf088bbcdf02d761f4,0xd8896a9ad303c7ce6939a41316d5c7830d4e373564eb909587745d2b1a5a7444
94,0.009969078969881393,0.000011268060925643,0xba7e1694f3d7c47e93813aecca907c74999bafac,2017-10-27T14:25:13.000Z,0.0011303010999999192,0x939248c057992a444c842909c3459689a80bc6dd,sell,0xea1f346faf023f974eb5adaf088bbcdf02d761f4,0x4c9b223321c016e73d1d5fe5ca919a4a3339411362536fa01e44f00616e45949
95,320,0.4432,0x4a51a658c342e64acfde23b4a61226f6df238aab,2017-10-27T14:14:46.000Z,0.001385,0x43ef48227a63197c1d1b87f2f4770822150dfe6c,buy,0xea1f346faf023f974eb5adaf088bbcdf02d761f4,0xb4f4fdb08148fea79d9e72a29a3c364f5ace63962d792d5b16e5d9897b1e5d43
96,149.536,0.206957824,0x4a51a658c342e64acfde23b4a61226f6df238aab,2017-10-27T14:14:46.000Z,0.001384,0x7880a04c87487f8257cf49ac1f4e0a54d169942c,buy,0xea1f346faf023f974eb5adaf088bbcdf02d761f4,0x192a1d8c9fea224ab98a3bc72370080c7b9e845682d022a04307a0a8f5969d21
97,157.12585408728918,0.2176193079108955,0x4a51a658c342e64acfde23b4a61226f6df238aab,2017-10-27T14:03:31.000Z,0.001385,0x43ef48227a63197c1d1b87f2f4770822150dfe6c,buy,0xea1f346faf023f974eb5adaf088bbcdf02d761f4,0x804f7ac8aba43fcaea4774894d7f038d6d675555de1fd40d6d4797b905c18fda
98,681.7159999999999,0.9454712386839998,0x422d7c1f2f04e7582163d1381a436516f4de3c2a,2017-10-27T12:40:58.000Z,0.001386899,0xd990b20677084e0ecc854a956cb15a401515dfe8,buy,0xea1f346faf023f974eb5adaf088bbcdf02d761f4,0xf11eb2674ba6139a9aa4887d3eb212580d1b4020ef6f4b7f7e32bbc1c3ee706f
99,679,0.987945,0x097501c95264ad3204159efaefdc5820783dbeae,2017-10-27T12:40:58.000Z,0.001455,0x422d7c1f2f04e7582163d1381a436516f4de3c2a,sell,0xea1f346faf023f974eb5adaf088bbcdf02d761f4,0xf11eb2674ba6139a9aa4887d3eb212580d1b4020ef6f4b7f7e32bbc1c3ee706f
100,10,0.01386899,0x273a5d3e6721b9f5c1a6474f560c1334c63dda01,2017-10-27T12:29:37.000Z,0.001386899,0xd990b20677084e0ecc854a956cb15a401515dfe8,buy,0xea1f346faf023f974eb5adaf088bbcdf02d761f4,0x073cb9989de7c480db01bd2c10593a5792e516d93f003ff00992b97a975ed17e
101,9.97,0.014955,0x06c4ce474edc46a9c2fd6f81fad435ee790e5d39,2017-10-27T12:29:37.000Z,0.0015,0x273a5d3e6721b9f5c1a6474f560c1334c63dda01,sell,0xea1f346faf023f974eb5adaf088bbcdf02d761f4,0x073cb9989de7c480db01bd2c10593a5792e516d93f003ff00992b97a975ed17e
102,299.0969559513549,0.3170756739735909,0x3dee4a4e076e8d82859d241db0baf46f112cfa23,2017-10-27T11:27:14.000Z,0.00106011,0x5077da020bbbb1789c9d74602af781983e019932,sell,0xea1f346faf023f974eb5adaf088bbcdf02d761f4,0xb4fbf924106147c165202b4b550c895f732c3898b8d6a21fa505eebff81e9f2f
103,241.56514804107266,0.2560856290898216,0x3dee4a4e076e8d82859d241db0baf46f112cfa23,2017-10-27T11:23:48.000Z,0.00106011,0x5077da020bbbb1789c9d74602af781983e019932,sell,0xea1f346faf023f974eb5adaf088bbcdf02d761f4,0x9c5ca342b65bb0b7f90447e6de95b2b14dd054e52de38fd3f9767aa8f9244676
104,1437.2190710972052,1.5090814618711366,0xd990b20677084e0ecc854a956cb15a401515dfe8,2017-10-27T10:51:03.000Z,0.001050001,0xe5f80b82b325740196728fdc27130ce20166cc43,sell,0xea1f346faf023f974eb5adaf088bbcdf02d761f4,0x81a50771555288c10feb3ffc4186f3a84f179d6b2a50718449f3bddaed015768
105,688.1079118296236,0.8257294941955484,0xf0ddad1698eff75a3224765123bacde150fd825b,2017-10-27T10:48:24.000Z,0.0012,0xe5f80b82b325740196728fdc27130ce20166cc43,sell,0xea1f346faf023f974eb5adaf088bbcdf02d761f4,0xa21e6fcd8381ca89ccf7238b396ffab87972c67c9bbfd4bf371e69deead1c400
106,2,0.002776,0x77f23349cd32ddeb4aaeaf4d351f7234ab5de6ac,2017-10-27T10:36:48.000Z,0.001388,0xfbf7dc0756a9768d0c71aea5f8421f3b1eaee7d1,buy,0xea1f346faf023f974eb5adaf088bbcdf02d761f4,0x0128d168ad8c595cbfb7adb0dae95c8b55d346b54dd8825621d996f66c7711e2
107,1.0997618925373134,0.001473680935999999,0x39a5359886f0647b93a269b3c5e24ed6102b5ddb,2017-10-27T10:18:58.000Z,0.0013399999999999992,0xf0ddad1698eff75a3224765123bacde150fd825b,sell,0xea1f346faf023f974eb5adaf088bbcdf02d761f4,0xca0e98be56f7c064312cf799995ee27a630ad483ee1ad12a2738ada1452f33e9
108,161.89208817037635,0.19427050580445163,0xf0ddad1698eff75a3224765123bacde150fd825b,2017-10-27T10:17:36.000Z,0.0012,0xf230d122c24af3b44e13fc3ba56e24c681f7b466,sell,0xea1f346faf023f974eb5adaf088bbcdf02d761f4,0x2e984bf62b0fd966075a3e0a57c5fc3098e691971974614975d409bb47f1f804
109,130,0.1651,0xd98a3954353055ab642c9159c7f3b25dac2dc29b,2017-10-27T10:16:37.000Z,0.00127,0xf230d122c24af3b44e13fc3ba56e24c681f7b466,sell,0xea1f346faf023f974eb5adaf088bbcdf02d761f4,0x089c5639822b09adde12cda455f133fb5b59dfe4484d0aa1236690d9194e2259
110,77,0.1001,0x5d2ba7d1f80e353b48ec8a214a21d1e3d6951a3a,2017-10-27T10:16:19.000Z,0.0013,0xf230d122c24af3b44e13fc3ba56e24c681f7b466,sell,0xea1f346faf023f974eb5adaf088bbcdf02d761f4,0xb48cdd6bdc3dd45d20fbdc49b5e422ed185b879ae27246e2d1a282fb6ba5b777
111,2268.471,3.03975114,0x366b9bdea87e37125ff660769ccc983adaf92634,2017-10-27T06:42:06.000Z,0.00134,0x4d41ec9ddc83bdbead278781f9b8c57fd2028dbf,buy,0xea1f346faf023f974eb5adaf088bbcdf02d761f4,0xfeccbad56848f19ccad6ea7cbd4a43820c09cad3ba84aa8d3ce8c7f7b1005c89
112,95,0.1273,0x39a5359886f0647b93a269b3c5e24ed6102b5ddb,2017-10-27T06:40:49.000Z,0.00134,0x4d41ec9ddc83bdbead278781f9b8c57fd2028dbf,buy,0xea1f346faf023f974eb5adaf088bbcdf02d761f4,0xa903ba50034871ec58bbca21f04cf373174e4fb1aaff6dd9c9d8c2403605381f
113,1000,1.34,0x8f8fb8a28b674cbc00fa6da561aaf96fd33fa8d7,2017-10-27T06:36:06.000Z,0.00134,0x4d41ec9ddc83bdbead278781f9b8c57fd2028dbf,buy,0xea1f346faf023f974eb5adaf088bbcdf02d761f4,0x08f936e89f4904fe247961702dfea4fb8e51ecc3f779e80ac0bf4c434113b234
114,10,0.014,0x39a5359886f0647b93a269b3c5e24ed6102b5ddb,2017-10-27T06:29:22.000Z,0.0014,0x4278bfeb88b7b802629cfb8ae7949e2dd7d75e2d,buy,0xea1f346faf023f974eb5adaf088bbcdf02d761f4,0x7295179f04d110bf8899cd9cddd15cf97d56358695c078d14e628ffd2832d220
115,1,0.001486868,0x4a57d0208164a1c1c63c75395dc444428a07b50a,2017-10-27T05:40:03.000Z,0.001486868,0x1abd1ea2747e39709e533dfcdffd9e422e13e56d,buy,0xea1f346faf023f974eb5adaf088bbcdf02d761f4,0x53859bd5fbf9a1e07eedf6fd701e976d11dbeb8c3bd00cef67ac7a4e73d98c97
116,0.21708038362092963,0.000277862891034789,0x6a912f36057ff7149c41c9140a30d5fe7cd1d7ff,2017-10-27T05:21:23.000Z,0.0012799999999999958,0xb22276eb8df684cf15063913f207b55e1c16dd7e,sell,0xea1f346faf023f974eb5adaf088bbcdf02d761f4,0xd539539b283663a5acc76b95332d1fffe02a30307b6f1ff3584688a659612537
117,254,0.32258,0xf732b16f5aee6cd2db5b30a7a3860764a48b19ff,2017-10-27T04:59:16.000Z,0.00127,0x4b83aa96d9096b4d4d74b8829403c85bf36ed5f2,buy,0xea1f346faf023f974eb5adaf088bbcdf02d761f4,0x3ac5401913b087bc327caca7b055c8c99e2ffbd54f3912930a10e3308675f3ab
118,200,0.254,0x873880b4ec6fd0d442148ca0fd8ef287e0e6c7c6,2017-10-27T03:52:06.000Z,0.00127,0x9fe6434fc55187fe862d28bb5575e889a918f726,sell,0xea1f346faf023f974eb5adaf088bbcdf02d761f4,0x38f9cacce1918f423c656f5580e0d7667f5587f564b64e6cdb2c44043ad8d8bb
119,200,0.2684,0xa49fdb01b57e943999aade25262cca6fc7f1b94f,2017-10-27T03:52:06.000Z,0.001342,0x9fe6434fc55187fe862d28bb5575e889a918f726,sell,0xea1f346faf023f974eb5adaf088bbcdf02d761f4,0x7c6d1aab350a43e74772f72e8e575e1be075cba0136fc2d95136fd4326ca9a47
120,1000,1.35,0xfbf7dc0756a9768d0c71aea5f8421f3b1eaee7d1,2017-10-27T03:52:06.000Z,0.00135,0x9fe6434fc55187fe862d28bb5575e889a918f726,sell,0xea1f346faf023f974eb5adaf088bbcdf02d761f4,0x3e035abc8bd3ea31640a19e8bda248c9f89b7a313b14d16f27fd6422d1789578
121,300,0.36603,0x80e23ff102dbfe38680d06f01f67eb9d51ba8860,2017-10-27T03:52:06.000Z,0.0012201,0x9fe6434fc55187fe862d28bb5575e889a918f726,sell,0xea1f346faf023f974eb5adaf088bbcdf02d761f4,0x612705eb7d42ca5e24978909966759c9e34a4be1397cb86abbd0b6e67e8a4f00
122,5171.767195376362,7.085321057665616,0x3642337f3e5783803872921bbacf9f05b259c802,2017-10-27T03:46:56.000Z,0.00137,0xfe84f677ebcd47da3e447a14825904b2c2030be0,buy,0xea1f346faf023f974eb5adaf088bbcdf02d761f4,0x88570bfdcb061147da3d998fa244c86ae2385df3fbdf73dae1dbdffac620ce78
123,5.945694915254237,0.008442892725355932,0x3642337f3e5783803872921bbacf9f05b259c802,2017-10-27T03:46:04.000Z,0.001420001,0x1d5321e125f6c7079a716705541c7b371ca79e69,sell,0xea1f346faf023f974eb5adaf088bbcdf02d761f4,0x626ce6b61e7d127726ac024316c59ecd26c690813f408ebdcd2d1142b77d172d
124,5.963532,0.00817003884,0x1d5321e125f6c7079a716705541c7b371ca79e69,2017-10-27T03:46:04.000Z,0.00137,0xfe84f677ebcd47da3e447a14825904b2c2030be0,buy,0xea1f346faf023f974eb5adaf088bbcdf02d761f4,0x626ce6b61e7d127726ac024316c59ecd26c690813f408ebdcd2d1142b77d172d
125,1981.880468,2.814272246440468,0x3642337f3e5783803872921bbacf9f05b259c802,2017-10-27T03:45:44.000Z,0.001420001,0x273a5d3e6721b9f5c1a6474f560c1334c63dda01,sell,0xea1f346faf023f974eb5adaf088bbcdf02d761f4,0xb2d8d84d3035e025fa1f71852b9514d990c484efae6236804aa2c66025cc216a
126,1987.844,2.72334628,0x273a5d3e6721b9f5c1a6474f560c1334c63dda01,2017-10-27T03:45:44.000Z,0.00137,0xfe84f677ebcd47da3e447a14825904b2c2030be0,buy,0xea1f346faf023f974eb5adaf088bbcdf02d761f4,0xb2d8d84d3035e025fa1f71852b9514d990c484efae6236804aa2c66025cc216a
127,0.01252498982646573,0.000015781612431245,0x3dee4a4e076e8d82859d241db0baf46f112cfa23,2017-10-27T03:21:01.000Z,0.0012600099999999933,0x69f9a06cbf2069d529f77007cc6600f252b8851f,sell,0xea1f346faf023f974eb5adaf088bbcdf02d761f4,0x6c31a731f9ff03f9e9a04a52d8f2a40274bbbe749351c5cae5c65ca8d5188f82
128,125.63817294927772,0.1708679152110177,0x366b9bdea87e37125ff660769ccc983adaf92634,2017-10-27T03:09:40.000Z,0.00136,0x69f9a06cbf2069d529f77007cc6600f252b8851f,sell,0xea1f346faf023f974eb5adaf088bbcdf02d761f4,0x7a3210dae737a7972594bcd7a1287dc5f4dba77efdd95fd2ce64a7c6fba39e6b
129,299.0731362775396,0.40673946533745386,0x366b9bdea87e37125ff660769ccc983adaf92634,2017-10-27T02:53:32.000Z,0.00136,0x52d796408be39ca7b1487a2c19cb61ac97485a92,sell,0xea1f346faf023f974eb5adaf088bbcdf02d761f4,0x6f400f95afc545a0bcbc9330230014f20ea206fbd9e8efc61d2dea52913224b7
130,21,0.02835,0x78ad799f6e4fadee929e9eb0f43bfbd210ca1d02,2017-10-27T02:48:38.000Z,0.00135,0x3cfeed39846961095f7bbe04ab9f3730f408224e,buy,0xea1f346faf023f974eb5adaf088bbcdf02d761f4,0xab57b5b3dffbddafb8ed24119ee6d4cd4aa304f5edfcdb2ab86cc0cb645ea0cf
131,100,0.135,0x78ad799f6e4fadee929e9eb0f43bfbd210ca1d02,2017-10-27T02:44:17.000Z,0.00135,0x3cfeed39846961095f7bbe04ab9f3730f408224e,buy,0xea1f346faf023f974eb5adaf088bbcdf02d761f4,0x8efe2429826268061749e84af1bbee27e92c3b0ba4f09f85fdca79da01364cb8
132,14,0.0189,0x273a5d3e6721b9f5c1a6474f560c1334c63dda01,2017-10-27T02:43:56.000Z,0.00135,0x3cfeed39846961095f7bbe04ab9f3730f408224e,buy,0xea1f346faf023f974eb5adaf088bbcdf02d761f4,0x9bd9566419e338d01c783f7882febeac7327d0969b08e110cbef2b05620d0db1
133,13.958,0.01968078,0xe07f6d1e8b6288f90354f63f6e2325e8809a832a,2017-10-27T02:43:56.000Z,0.00141,0x273a5d3e6721b9f5c1a6474f560c1334c63dda01,sell,0xea1f346faf023f974eb5adaf088bbcdf02d761f4,0x9bd9566419e338d01c783f7882febeac7327d0969b08e110cbef2b05620d0db1
134,14.955000000000002,0.0221334,0xe3d0a0d0fcdab0f65f97c5e29b3d413e827ca3ce,2017-10-27T02:42:33.000Z,0.00148,0x7aa6e2506316f6d613277d4f2f4e4e1dc55e528e,sell,0xea1f346faf023f974eb5adaf088bbcdf02d761f4,0xfe4e5002db7bd1b3035cb6eb6dc6f10cfe1e2045a4e45e040323fdaff103090f
135,15,0.02025,0x7aa6e2506316f6d613277d4f2f4e4e1dc55e528e,2017-10-27T02:42:33.000Z,0.00135,0x3cfeed39846961095f7bbe04ab9f3730f408224e,buy,0xea1f346faf023f974eb5adaf088bbcdf02d761f4,0xfe4e5002db7bd1b3035cb6eb6dc6f10cfe1e2045a4e45e040323fdaff103090f
136,800,1.176,0xfbf7dc0756a9768d0c71aea5f8421f3b1eaee7d1,2017-10-27T02:02:03.000Z,0.00147,0x4ac6008b9b6bb85246954dca184fd7af3fd6f06a,sell,0xea1f346faf023f974eb5adaf088bbcdf02d761f4,0xbb6e2ffff4f2bb7112ee9676f38b154583fd812d6ac2a97c75b249ece799b0d2
137,370,0.58497,0xf230d122c24af3b44e13fc3ba56e24c681f7b466,2017-10-27T01:35:39.000Z,0.001581,0x366b9bdea87e37125ff660769ccc983adaf92634,sell,0xea1f346faf023f974eb5adaf088bbcdf02d761f4,0xb2dd6a27b736baa72a82e87d1edf62d5bc146156b09fe50b9331569e03af2bbc
138,20,0.0312,0x366b9bdea87e37125ff660769ccc983adaf92634,2017-10-27T00:57:14.000Z,0.00156,0xca8ed40a1f30ce94fe78f9b12b81d7b3c288fa05,sell,0xea1f346faf023f974eb5adaf088bbcdf02d761f4,0xe000389dccaf72ddbba7c130d2edd6f3f21479d896a18f0a151fdc984b9e8fc4
139,0.6234506866495588,0.001620971785288853,0xa18f410cdeea7148dd2f51c217173637f5691243,2017-10-27T00:53:34.000Z,0.0026,0xa18f410cdeea7148dd2f51c217173637f5691243,buy,0xea1f346faf023f974eb5adaf088bbcdf02d761f4,0x3c215d2bbbcad6bd19ab7b280d50d5dec005fcc835927b8c1005bfcb590160d3
140,909,1.40895,0x366b9bdea87e37125ff660769ccc983adaf92634,2017-10-27T00:52:46.000Z,0.00155,0xca8ed40a1f30ce94fe78f9b12b81d7b3c288fa05,sell,0xea1f346faf023f974eb5adaf088bbcdf02d761f4,0xa26e6b67729ae941bfe974c4dab6d4d4c803f29ae93820bb6bc20a2679645f00
141,1442.314,2.593280572,0xfa32f8996c592dc5107a337bc6061c16822797a3,2017-10-27T00:47:34.000Z,0.001798,0xc8ce363a8ac06c8c1570d9e431782ea18d2f7d4d,buy,0xea1f346faf023f974eb5adaf088bbcdf02d761f4,0x30d47ec912e542c1bc641eb7be9f5b7e6a63536c54c723210ed05ff79b36e737
142,1051.8,1.8816702,0xfa32f8996c592dc5107a337bc6061c16822797a3,2017-10-27T00:44:31.000Z,0.001789,0x336707214137ab2035aa724e0378baf0e50af962,buy,0xea1f346faf023f974eb5adaf088bbcdf02d761f4,0x1273ec21160e6c3ba816249ca259475cb48c3372b9f901cff011764401d03055
143,500,0.875,0xfa32f8996c592dc5107a337bc6061c16822797a3,2017-10-27T00:44:20.000Z,0.00175,0x388863f84f3265769e730d0cf251ee5ff06ee111,buy,0xea1f346faf023f974eb5adaf088bbcdf02d761f4,0x046dde67a60dc36ab7837863a3c1c420d76359c1398965ebb2576c40fb6e865c
144,1017,1.777716,0xca8ed40a1f30ce94fe78f9b12b81d7b3c288fa05,2017-10-27T00:41:34.000Z,0.001748,0xeebedcffa215c54b47486458a7484f9970b26187,buy,0xea1f346faf023f974eb5adaf088bbcdf02d761f4,0xddb9c74745be8a054a6dcf2e8d01945df6400f2d8334111803a1d97bbb30ea66
145,149.53643704516,0.216827833715482,0x7880a04c87487f8257cf49ac1f4e0a54d169942c,2017-10-27T00:14:11.000Z,0.00145,0xf230d122c24af3b44e13fc3ba56e24c681f7b466,sell,0xea1f346faf023f974eb5adaf088bbcdf02d761f4,0x58627ecf7a65b4cf2dae1e62cd337c8588e1fa375739ed6de513fadc08d1dfcc
146,8400,12.432,0x366b9bdea87e37125ff660769ccc983adaf92634,2017-10-27T00:10:16.000Z,0.00148,0x2079e73a58c74d68b99d1a57e9df1a058c2fe3e8,sell,0xea1f346faf023f974eb5adaf088bbcdf02d761f4,0x87ed66427cfa9a2b766049deed8c1cb6af3599da2e10584e668fbef667618cdb
147,350,0.56,0x8e69a7a7fa07ebd03ed04853b0aee4696ef6d414,2017-10-27T00:06:54.000Z,0.0016,0x388863f84f3265769e730d0cf251ee5ff06ee111,buy,0xea1f346faf023f974eb5adaf088bbcdf02d761f4,0xf36e6e0695aca2f50b947e2681d2c6ba8aef9b9b8f5c97fde11572cb69553f7f
148,1512.156,2.147263032156,0x3642337f3e5783803872921bbacf9f05b259c802,2017-10-26T23:20:19.000Z,0.001420001,0xad08b68c3517fe5103cd4d5a4b8b057117bfd7f8,sell,0xea1f346faf023f974eb5adaf088bbcdf02d761f4,0x3a596164feea1ff490f781494bf25f65840dce14515b5d0dcb2ef11d8a6f7503
149,10825.664,15.26418624,0xe1e1d0d73eeb29d0632bc4c7871bfc74dbed0741,2017-10-26T23:14:08.000Z,0.00141,0xad08b68c3517fe5103cd4d5a4b8b057117bfd7f8,buy,0xea1f346faf023f974eb5adaf088bbcdf02d761f4,0xa3dcab25b9fcab8e0d1dcee88826585acb60c92af271b478528e7ba55813a6b8
150,11174.335656222469,15.867556631835907,0x6a912f36057ff7149c41c9140a30d5fe7cd1d7ff,2017-10-26T23:11:00.000Z,0.00142,0x65f2dddf638c7a7118b22d610c9aeba141f2467f,sell,0xea1f346faf023f974eb5adaf088bbcdf02d761f4,0x21e40f2333bc1dc2d83e16e17f05fc521dd63778a54c7c3f5ab3410a139c8e0e
151,11208.976096756758,15.80465629642703,0x65f2dddf638c7a7118b22d610c9aeba141f2467f,2017-10-26T23:11:00.000Z,0.00141,0xad08b68c3517fe5103cd4d5a4b8b057117bfd7f8,buy,0xea1f346faf023f974eb5adaf088bbcdf02d761f4,0x21e40f2333bc1dc2d83e16e17f05fc521dd63778a54c7c3f5ab3410a139c8e0e
152,5000,7.05,0x3642337f3e5783803872921bbacf9f05b259c802,2017-10-26T23:10:44.000Z,0.00141,0xad08b68c3517fe5103cd4d5a4b8b057117bfd7f8,buy,0xea1f346faf023f974eb5adaf088bbcdf02d761f4,0x5efba8057a3ac6637a13de520d208d255dcf17ef27e19c116e363552e6e990ad
153,355,0.50055,0xeebedcffa215c54b47486458a7484f9970b26187,2017-10-26T23:09:53.000Z,0.00141,0xad08b68c3517fe5103cd4d5a4b8b057117bfd7f8,buy,0xea1f346faf023f974eb5adaf088bbcdf02d761f4,0xc6a3e1cf87857540ac7f3e3138e1ce98e210e84fbc1b1a2166e376dad1250ea4
154,5433.623903243241,7.66140970357297,0xf2b1fdc974a80ae077f285421eb39e10403fb1f2,2017-10-26T23:08:49.000Z,0.00141,0xad08b68c3517fe5103cd4d5a4b8b057117bfd7f8,buy,0xea1f346faf023f974eb5adaf088bbcdf02d761f4,0x65afbfb890228d91cf9503bacaebe07eef44f0e1b9d28e00e8a48900af3794ec
155,802.4,1.131384,0xd815bbdb973fcfae73f27ddc9a135e377028c1c5,2017-10-26T23:08:14.000Z,0.00141,0xad08b68c3517fe5103cd4d5a4b8b057117bfd7f8,buy,0xea1f346faf023f974eb5adaf088bbcdf02d761f4,0x40d79022ef7a1ff12730521567ed0f24a80ecd9c1128ac2033f6d28f7813595f
156,199.4,0.2991,0x78ad799f6e4fadee929e9eb0f43bfbd210ca1d02,2017-10-26T23:08:14.000Z,0.0015,0x273a5d3e6721b9f5c1a6474f560c1334c63dda01,sell,0xea1f346faf023f974eb5adaf088bbcdf02d761f4,0x1c3cbec34eb465ec7dd573d76738bd799b0cbab5ee23b499662daeccc9b833e7
157,800,1.2,0x78ad799f6e4fadee929e9eb0f43bfbd210ca1d02,2017-10-26T23:08:14.000Z,0.0015,0xd815bbdb973fcfae73f27ddc9a135e377028c1c5,sell,0xea1f346faf023f974eb5adaf088bbcdf02d761f4,0x40d79022ef7a1ff12730521567ed0f24a80ecd9c1128ac2033f6d28f7813595f
158,200,0.282,0x273a5d3e6721b9f5c1a6474f560c1334c63dda01,2017-10-26T23:08:14.000Z,0.00141,0xad08b68c3517fe5103cd4d5a4b8b057117bfd7f8,buy,0xea1f346faf023f974eb5adaf088bbcdf02d761f4,0x1c3cbec34eb465ec7dd573d76738bd799b0cbab5ee23b499662daeccc9b833e7
159,662,0.99962,0xeebedcffa215c54b47486458a7484f9970b26187,2017-10-26T23:07:18.000Z,0.00151,0xad08b68c3517fe5103cd4d5a4b8b057117bfd7f8,sell,0xea1f346faf023f974eb5adaf088bbcdf02d761f4,0xebada087908938a519c9fb426eac9de04bcbc75a7fafc6704039a7297ca04fc8
160,75,0.105,0x6a912f36057ff7149c41c9140a30d5fe7cd1d7ff,2017-10-26T22:32:18.000Z,0.0014,0x27849f835bb345a26dffbfa7a8863c387b546730,sell,0xea1f346faf023f974eb5adaf088bbcdf02d761f4,0xff525fbda0f6a56a7bd9964ef1588cbb5e67f9b79c0922b76838eb552b735688
161,800,1.4384,0x3642337f3e5783803872921bbacf9f05b259c802,2017-10-26T22:29:25.000Z,0.001798,0xc8ce363a8ac06c8c1570d9e431782ea18d2f7d4d,buy,0xea1f346faf023f974eb5adaf088bbcdf02d761f4,0x7a1c7015c5ee621e4916c0003fc632f3ab8d7a2ec2b445a112d7d5183553d3d5
162,188.26687767492024,0.33417370787298345,0x3642337f3e5783803872921bbacf9f05b259c802,2017-10-26T22:25:33.000Z,0.001775,0x78ad799f6e4fadee929e9eb0f43bfbd210ca1d02,buy,0xea1f346faf023f974eb5adaf088bbcdf02d761f4,0x7e00e3bb7d47b0d3a9afe78b226afd2e93288c76cf8b89948de122b5b5a3a1f9
163,811.7331223250798,1.4408262921270165,0x3642337f3e5783803872921bbacf9f05b259c802,2017-10-26T22:24:29.000Z,0.001775,0x78ad799f6e4fadee929e9eb0f43bfbd210ca1d02,buy,0xea1f346faf023f974eb5adaf088bbcdf02d761f4,0xa6f19f378652f910616f9a3669316d73cd4a1ca5022501aef98fdf02cd6f1b96
164,184.8389806683925,0.3142262671362672,0x3642337f3e5783803872921bbacf9f05b259c802,2017-10-26T22:23:45.000Z,0.0017,0x366b9bdea87e37125ff660769ccc983adaf92634,buy,0xea1f346faf023f974eb5adaf088bbcdf02d761f4,0xc2945a1b966851a7720a3ac121de86288c06df301f47b1c5cd4218d2a64eff07
165,23.5151193316075,0.039975702863732754,0x3642337f3e5783803872921bbacf9f05b259c802,2017-10-26T22:18:15.000Z,0.0017,0x366b9bdea87e37125ff660769ccc983adaf92634,buy,0xea1f346faf023f974eb5adaf088bbcdf02d761f4,0x9d587d2a873be96a45cc17979f98c2fd0412477060dce7e67370f94d61e3e65a
166,205.63597249894727,0.3701447504981051,0xca8ed40a1f30ce94fe78f9b12b81d7b3c288fa05,2017-10-26T20:39:00.000Z,0.0018,0xd24605e1f5973dcce24dddf87a3d5fa68b1dc158,buy,0xea1f346faf023f974eb5adaf088bbcdf02d761f4,0x430b989312aa41b8e09ded850aab299ace9e900d55134be96ae6b5fea88f2601
167,20,0.03698,0xca8ed40a1f30ce94fe78f9b12b81d7b3c288fa05,2017-10-26T20:38:09.000Z,0.001849,0xb0d2ce3e2bfbc1a47dbfe5b3eef5335284dfeb49,buy,0xea1f346faf023f974eb5adaf088bbcdf02d761f4,0x089cfb3972c0b00906205bd64aacc207df34d91a4fa1f9fbe2f893d11330c380
168,10,0.01799,0x0421c66db4626a82a8e860c139f3dbf81d1efa93,2017-10-26T20:30:50.000Z,0.001799,0xecd6b9cdfb68c64fa5d47df9d346363fa7ac0497,sell,0xea1f346faf023f974eb5adaf088bbcdf02d761f4,0x7c241c7dc319aa5b86d21fd9e0d6d8d4194cb3e93c4b9c93659c5e3a676917c2
169,208.35410228292295,0.3260741700727744,0x366b9bdea87e37125ff660769ccc983adaf92634,2017-10-26T20:17:20.000Z,0.001565,0x009a12d4290630bc01fd82516ac57c1dc6a9bcfb,sell,0xea1f346faf023f974eb5adaf088bbcdf02d761f4,0xd8edf88712ef6dd8149350f98d85e26cbe0dcff4be459b32e05cba99874ab8bc
170,3.4,0.00527034,0x78ad799f6e4fadee929e9eb0f43bfbd210ca1d02,2017-10-26T20:11:30.000Z,0.0015501,0xae9e119bbc4c1c81f6711d88b3fd9e6d16ddd503,sell,0xea1f346faf023f974eb5adaf088bbcdf02d761f4,0xc752c3bef42ddf5b0168a027bdf9d013b6525885ce3915a2d059ef2ea309cdc3
171,258.3954649369727,0.40053881019880144,0x78ad799f6e4fadee929e9eb0f43bfbd210ca1d02,2017-10-26T19:51:00.000Z,0.0015501,0x6a912f36057ff7149c41c9140a30d5fe7cd1d7ff,sell,0xea1f346faf023f974eb5adaf088bbcdf02d761f4,0x8d3b0c45ae3bf6e77c0d8933512067ef2dbb120a038670904a10e580ba2386e4
172,209,0.32395,0x009a12d4290630bc01fd82516ac57c1dc6a9bcfb,2017-10-26T19:44:12.000Z,0.00155,0x873880b4ec6fd0d442148ca0fd8ef287e0e6c7c6,sell,0xea1f346faf023f974eb5adaf088bbcdf02d761f4,0x747c4ad7883be82abe648e6bda7842ce56e95e4ec1a06bdd18b2b71131fa0e42
173,500,0.775,0x7880a04c87487f8257cf49ac1f4e0a54d169942c,2017-10-26T19:33:47.000Z,0.00155,0x36d612d87b0e4627dab7e13e7402f85fa99444ca,buy,0xea1f346faf023f974eb5adaf088bbcdf02d761f4,0x41e0320806eaa23aa5c7f4cbb18f2ed720a4f52db18edcfe5d6b7a36728f6d6b
174,259.19649087827736,0.3913867012261988,0x6a912f36057ff7149c41c9140a30d5fe7cd1d7ff,2017-10-26T19:11:55.000Z,0.00151,0x80386b7d64963b5d929ff665d8e1cd75fab4bb00,sell,0xea1f346faf023f974eb5adaf088bbcdf02d761f4,0xae625aedd31699c7df60359d497718131f50b7dd22064a117991eb55d1b77d60
175,1000,1.75,0xf631b78d4c523d74764eae395c387e0e5bd6264e,2017-10-26T19:03:06.000Z,0.00175,0x78ad799f6e4fadee929e9eb0f43bfbd210ca1d02,buy,0xea1f346faf023f974eb5adaf088bbcdf02d761f4,0x6088cd6416d089c13b52e906a7c6e155109c222a0c3fd00dbd606c782b5ff1bf
176,1189.4924712153475,1.7854281992942367,0x6a912f36057ff7149c41c9140a30d5fe7cd1d7ff,2017-10-26T19:01:40.000Z,0.001501,0x198a93980c4f280fddb907acec9be306b2e5ac53,sell,0xea1f346faf023f974eb5adaf088bbcdf02d761f4,0x53f18e02777c8a17863e8c0b66f8166f0c4abdba4deeb990bb739d59b0d3e8ad
177,254,0.4445,0x4b83aa96d9096b4d4d74b8829403c85bf36ed5f2,2017-10-26T18:53:15.000Z,0.00175,0x198a93980c4f280fddb907acec9be306b2e5ac53,sell,0xea1f346faf023f974eb5adaf088bbcdf02d761f4,0x42fede36618783b076c9d894e571f72221cac83f3faf3bc9942e4230c87e7fe5
178,6000,8.1,0x009a12d4290630bc01fd82516ac57c1dc6a9bcfb,2017-10-26T18:45:58.000Z,0.00135,0x198a93980c4f280fddb907acec9be306b2e5ac53,sell,0xea1f346faf023f974eb5adaf088bbcdf02d761f4,0xaa5a302798bce89b42a070082b5cc38f1f9975831fe7c531ee45e8024a248207
179,5000,6.9,0x529bb28ec44180d8c46e3dde9591d8454ab8130e,2017-10-26T18:45:02.000Z,0.00138,0x198a93980c4f280fddb907acec9be306b2e5ac53,sell,0xea1f346faf023f974eb5adaf088bbcdf02d761f4,0x715a0a76fede34124be4cae124880c925af6c1b61680fe93275feec771d12c44
180,16.54,0.02481,0x78ad799f6e4fadee929e9eb0f43bfbd210ca1d02,2017-10-26T18:29:48.000Z,0.0015,0x198a93980c4f280fddb907acec9be306b2e5ac53,sell,0xea1f346faf023f974eb5adaf088bbcdf02d761f4,0x353957aeff7cc23c0e59c4f87cae1badcb81eee1aad7230da1da575a6f6580c5
181,151.545,0.23489475,0x78ad799f6e4fadee929e9eb0f43bfbd210ca1d02,2017-10-26T18:27:20.000Z,0.00155,0x198a93980c4f280fddb907acec9be306b2e5ac53,sell,0xea1f346faf023f974eb5adaf088bbcdf02d761f4,0x78f1d3d1b4e23f771159517dc16dbd8a211a36c5d57b8f3710e64d5e7eb28698
182,1.735261981071939,0.003210234664983087,0xe5f80b82b325740196728fdc27130ce20166cc43,2017-10-26T18:12:24.000Z,0.0018499999999999999,0x1d5321e125f6c7079a716705541c7b371ca79e69,sell,0xea1f346faf023f974eb5adaf088bbcdf02d761f4,0x323455bef92474c2d25fdcd4e4ce1d338a362dd5bc7631f7fbf007838ca887ee
183,1.7404677670151547,0.00311543556248936,0x1d5321e125f6c7079a716705541c7b371ca79e69,2017-10-26T18:12:24.000Z,0.001789999,0x1a888f36b6eeef1f2df62edd74fccf3eb9bd9e0b,buy,0xea1f346faf023f974eb5adaf088bbcdf02d761f4,0x323455bef92474c2d25fdcd4e4ce1d338a362dd5bc7631f7fbf007838ca887ee
184,0.11142380164705444,0.00020613403304705,0xe5f80b82b325740196728fdc27130ce20166cc43,2017-10-26T18:08:48.000Z,0.0018499999999999936,0xabe61029d75c4773228f06d0a3f99f392ab6241b,sell,0xea1f346faf023f974eb5adaf088bbcdf02d761f4,0x11624da8fdcb071f6323dc06bd864bc80bd59ab472fc0e14708cf149161129f7
185,498.45479015053337,0.7726049247333266,0x78ad799f6e4fadee929e9eb0f43bfbd210ca1d02,2017-10-26T18:00:09.000Z,0.00155,0xf00dd34fa52d31aa537658baf071cbaeac59a66d,sell,0xea1f346faf023f974eb5adaf088bbcdf02d761f4,0xcbc5a48a2c75e85f3a0bdc7d3ee318dd0a139e85cd76a09f5f62d76b8c383fc7
186,50,0.0922,0x99daacbc6d3cc495519938b1b9ae913a94caa1c1,2017-10-26T17:52:44.000Z,0.001844,0x45caa4a8a14744c378673153020bfe09e9eb8811,buy,0xea1f346faf023f974eb5adaf088bbcdf02d761f4,0x33ddee66cfcd6ad693db7529b7bf0bf80aa7e878ccaa74a7f597749321eaca49
187,0.5,0.00092495,0x67c80cde9200e8fbdcbae68f4c28ab74d88db962,2017-10-26T17:41:13.000Z,0.0018499,0x78ad799f6e4fadee929e9eb0f43bfbd210ca1d02,buy,0xea1f346faf023f974eb5adaf088bbcdf02d761f4,0x337b7161ee4607d4e2bc6fadc5678a83c2a9a9af04266baa41e255600d65554f
188,30,0.05547,0x4a51a658c342e64acfde23b4a61226f6df238aab,2017-10-26T17:40:16.000Z,0.001849,0xb0d2ce3e2bfbc1a47dbfe5b3eef5335284dfeb49,buy,0xea1f346faf023f974eb5adaf088bbcdf02d761f4,0x1b7c1dda4e25d925c99734e431a374101d4807153cf5b220fbe3edaa2390e971
189,274,0.411,0x78ad799f6e4fadee929e9eb0f43bfbd210ca1d02,2017-10-26T17:31:11.000Z,0.0015,0xeb8198223a7096f4a0756c51fe2e6e293808054f,sell,0xea1f346faf023f974eb5adaf088bbcdf02d761f4,0xc80a06d883c59385db820c72ca8277a26560019de75a1b917abf3a8f263265e7
190,0.5982053838484547,0.001148554336989032,0x19ec86dab989d62434c43d16c72c2ec413133ced,2017-10-26T17:29:13.000Z,0.0019199999999999985,0x1d5321e125f6c7079a716705541c7b371ca79e69,sell,0xea1f346faf023f974eb5adaf088bbcdf02d761f4,0x35bb0d0ee0299fa2a9160bfa8387aecbf76e2afda5c8bbe9f102825e47df9329
191,0.6,0.00111,0x1d5321e125f6c7079a716705541c7b371ca79e69,2017-10-26T17:29:13.000Z,0.00185,0x78ad799f6e4fadee929e9eb0f43bfbd210ca1d02,buy,0xea1f346faf023f974eb5adaf088bbcdf02d761f4,0x35bb0d0ee0299fa2a9160bfa8387aecbf76e2afda5c8bbe9f102825e47df9329
192,200,0.37,0x273a5d3e6721b9f5c1a6474f560c1334c63dda01,2017-10-26T17:09:09.000Z,0.00185,0x78ad799f6e4fadee929e9eb0f43bfbd210ca1d02,buy,0xea1f346faf023f974eb5adaf088bbcdf02d761f4,0x0c3cfac3528d6f40ada7eca7f2ffa01e05bbf1cd9918a7a4850338f68ceecd38
193,199.4,0.382848,0x19ec86dab989d62434c43d16c72c2ec413133ced,2017-10-26T17:09:09.000Z,0.00192,0x273a5d3e6721b9f5c1a6474f560c1334c63dda01,sell,0xea1f346faf023f974eb5adaf088bbcdf02d761f4,0x0c3cfac3528d6f40ada7eca7f2ffa01e05bbf1cd9918a7a4850338f68ceecd38
194,5,0.00962495,0x94b0bf6dd676f7b4884557735945b927535fd822,2017-10-26T16:53:12.000Z,0.00192499,0x198a93980c4f280fddb907acec9be306b2e5ac53,buy,0xea1f346faf023f974eb5adaf088bbcdf02d761f4,0xef12c676f17e22d399c76821ef247b187b01d96a2ae31a652b023e290635bab6
195,5,0.0095,0xe5f80b82b325740196728fdc27130ce20166cc43,2017-10-26T16:52:11.000Z,0.0019,0xecd6b9cdfb68c64fa5d47df9d346363fa7ac0497,sell,0xea1f346faf023f974eb5adaf088bbcdf02d761f4,0x81246c2656a6371d8f24f2829b3c3468368d8f644a8313b338f3aefc68a8be55
196,865.9405841890141,1.363856420097697,0x78ad799f6e4fadee929e9eb0f43bfbd210ca1d02,2017-10-26T16:39:26.000Z,0.001575,0x7bd02d3903fa837426cd80f163efb5207f2b4195,sell,0xea1f346faf023f974eb5adaf088bbcdf02d761f4,0x81c8b6b1dddf339120a082c3a9cb918554703f59b26885c6f83cbc1d2f3c7c92
197,2125,3.3470875,0xe5f80b82b325740196728fdc27130ce20166cc43,2017-10-26T16:38:43.000Z,0.0015751,0x7bd02d3903fa837426cd80f163efb5207f2b4195,sell,0xea1f346faf023f974eb5adaf088bbcdf02d761f4,0x95ed90863109d084c022c0ae3969d343ad18516fc7f81d5fb5a380fddc99b53c
198,400,0.7,0x78ad799f6e4fadee929e9eb0f43bfbd210ca1d02,2017-10-26T16:11:34.000Z,0.00175,0x1509f23126c9ce5798b8a6b104c35f81f7f0b212,sell,0xea1f346faf023f974eb5adaf088bbcdf02d761f4,0x5559c04cbe4455696c2674eb959fb81b151900b2f685fbc8cd3ced58dbe13ce0
199,0.8887288888888889,0.001599711999999999,0xdcbaa5ed3469ca061e1d58e85c6387fee1fd2730,2017-10-26T16:10:07.000Z,0.0017999999999999989,0x1509f23126c9ce5798b8a6b104c35f81f7f0b212,sell,0xea1f346faf023f974eb5adaf088bbcdf02d761f4,0xe2f5e3aee6b41b7ec8bc8fa4ed56925551cc460fa5f5d9a87cdbf3f66584fa10
200,288,0.518400288,0xdcbaa5ed3469ca061e1d58e85c6387fee1fd2730,2017-10-26T16:08:55.000Z,0.001800001,0x1509f23126c9ce5798b8a6b104c35f81f7f0b212,sell,0xea1f346faf023f974eb5adaf088bbcdf02d761f4,0x1f6400b1ab6925200f3046d8053912fdfeca43b1ad8211adb793b117d1631b61
201,1000,1.81,0x78ad799f6e4fadee929e9eb0f43bfbd210ca1d02,2017-10-26T16:07:22.000Z,0.00181,0x877f11895defdaa53b5b56f8f298cc6062438c8e,sell,0xea1f346faf023f974eb5adaf088bbcdf02d761f4,0x8aa6a9c97260a8f862af43adb8f9fd87c03fc6b6239e6bf8011e91ee9fffa55e
202,150,0.2925,0xf230d122c24af3b44e13fc3ba56e24c681f7b466,2017-10-26T16:05:47.000Z,0.00195,0x388863f84f3265769e730d0cf251ee5ff06ee111,buy,0xea1f346faf023f974eb5adaf088bbcdf02d761f4,0xcd00ca29a91f9ecc988e2e2cc47835c0bb2613e9371aa1a62291d3b216331d73
203,83.94172935694219,0.16368637224603727,0x7224bfc78139ccb1b55c2d220f03deb408e7f5be,2017-10-26T16:02:11.000Z,0.00195,0xeb51adbef7c36bbe4f021cf9e8ca5faa5595d3b9,buy,0xea1f346faf023f974eb5adaf088bbcdf02d761f4,0x8499abf84812033e3fed155ca33c0be097bb6e9c6f0b94e07035ddd1d516d988
204,20,0.038,0x7224bfc78139ccb1b55c2d220f03deb408e7f5be,2017-10-26T16:01:16.000Z,0.0019,0xc2c0232e80bd3bf5324cc27650128f37d8556db6,buy,0xea1f346faf023f974eb5adaf088bbcdf02d761f4,0x73f793552254494c1d60eb8d824d22f2c0da7eaf268a01edfe8818da5daf37aa
205,20,0.038,0x7224bfc78139ccb1b55c2d220f03deb408e7f5be,2017-10-26T16:00:25.000Z,0.0019,0xc2c0232e80bd3bf5324cc27650128f37d8556db6,buy,0xea1f346faf023f974eb5adaf088bbcdf02d761f4,0x73f793552254494c1d60eb8d824d22f2c0da7eaf268a01edfe8818da5daf37aa
206,50,0.0974,0x7224bfc78139ccb1b55c2d220f03deb408e7f5be,2017-10-26T15:59:32.000Z,0.001948,0xf230d122c24af3b44e13fc3ba56e24c681f7b466,buy,0xea1f346faf023f974eb5adaf088bbcdf02d761f4,0xd9fad2d39df9d9d2206743b9dc7b49adfb666d7fa0b57650e677516912609e62
207,13.311,0.0306153,0x667fb05b27fefaf67e889f788dd411c38ee1f637,2017-10-26T15:56:27.000Z,0.0023,0x873880b4ec6fd0d442148ca0fd8ef287e0e6c7c6,buy,0xea1f346faf023f974eb5adaf088bbcdf02d761f4,0x4d686cf86ff4758e64f8c2ef7db9862bc638a127e5a58fad95b2252596e061ac
208,100,0.1948,0x3d8ea736aecb32b5c1465a9721a8f5a6287539d3,2017-10-26T15:53:34.000Z,0.001948,0xecd6b9cdfb68c64fa5d47df9d346363fa7ac0497,sell,0xea1f346faf023f974eb5adaf088bbcdf02d761f4,0xe54951dcbb04df51bdc9447a524859755542f87dbbc43e2945b86fa9aef72ffc
209,718.244,1.400575081756,0xe1e1d0d73eeb29d0632bc4c7871bfc74dbed0741,2017-10-26T15:53:34.000Z,0.001949999,0x345d97a6a08ea9c97329496fa9bfb72a2a5e914c,buy,0xea1f346faf023f974eb5adaf088bbcdf02d761f4,0xdfa7d74fa2cb9771fb6ada9ae831fd0d8109a6a9abb3384bb114e785193abad1
210,3285.675,6.4004949,0xe1e1d0d73eeb29d0632bc4c7871bfc74dbed0741,2017-10-26T15:53:30.000Z,0.001948,0xa3e48fe1586423d4fdd90f58385567ab509f7c8c,buy,0xea1f346faf023f974eb5adaf088bbcdf02d761f4,0x49dbef0da05aa4fe7f3aa6f44ac423f26f5f327943cddfd85a9c42b910157a79
211,86.68852354797811,0.19938360416034964,0x667fb05b27fefaf67e889f788dd411c38ee1f637,2017-10-26T15:49:16.000Z,0.0023,0x873880b4ec6fd0d442148ca0fd8ef287e0e6c7c6,buy,0xea1f346faf023f974eb5adaf088bbcdf02d761f4,0x756a2eb413e5040a8d7203eedfc4906b20186b24f281992a92357b6a42bda9c2
212,100,0.175,0x78ad799f6e4fadee929e9eb0f43bfbd210ca1d02,2017-10-26T15:48:51.000Z,0.00175,0xecd6b9cdfb68c64fa5d47df9d346363fa7ac0497,sell,0xea1f346faf023f974eb5adaf088bbcdf02d761f4,0x86ef0b7c4749ad6565c431fb8aac102f9390ec6fa3ece073908e41ccf8fdbbc7
213,8.021056442905317,0.016933332467181844,0x667fb05b27fefaf67e889f788dd411c38ee1f637,2017-10-26T15:48:45.000Z,0.00211111,0xb0d2ce3e2bfbc1a47dbfe5b3eef5335284dfeb49,buy,0xea1f346faf023f974eb5adaf088bbcdf02d761f4,0x132f362f53e523b5bc488573252abc72a80da813b3339db2e1e5b8195bb39c96
214,1690,3.346199831,0x3d8ea736aecb32b5c1465a9721a8f5a6287539d3,2017-10-26T15:45:07.000Z,0.0019799999,0xe5f80b82b325740196728fdc27130ce20166cc43,buy,0xea1f346faf023f974eb5adaf088bbcdf02d761f4,0x4e82653a654cd2b67653b4516c02b592e072d9474725aff6c5482f964dd8db9d
215,8.74594848807443,0.014771469698933308,0x31e00ee598e542ea3a51170ca63a328d37fd05fc,2017-10-26T15:43:29.000Z,0.00168895,0xd021afe19b6ed27b037587b27b7a28dc07b58a39,buy,0xea1f346faf023f974eb5adaf088bbcdf02d761f4,0x65919bed6516591529ce243e4947bd647fe6ca981442080236fc2fd8b60c1839
216,50,0.084995,0xf230d122c24af3b44e13fc3ba56e24c681f7b466,2017-10-26T15:42:16.000Z,0.0016999,0xb0d2ce3e2bfbc1a47dbfe5b3eef5335284dfeb49,buy,0xea1f346faf023f974eb5adaf088bbcdf02d761f4,0xc716e7ab9bae9652d801232aff261e6f9330ea89ede891256ba43f4312e8cb3c
217,1000,1.9,0x3d8ea736aecb32b5c1465a9721a8f5a6287539d3,2017-10-26T15:42:16.000Z,0.0019,0x26f067233a4ad168663e64a831e58c56b7bf6da9,buy,0xea1f346faf023f974eb5adaf088bbcdf02d761f4,0xf6da323085e4e72d967a096e1a819e310a51a4a9a7f6311cadf5fbc19c7778eb
218,2000,3.62,0x37fe6beb296fde7d87f46777cbd30fab37ccdd2e,2017-10-26T15:39:07.000Z,0.00181,0x1a54b73bcdabb0c484db6b68ba87144f3b9c4335,buy,0xea1f346faf023f974eb5adaf088bbcdf02d761f4,0x7aea6ad89784fac5c7330c1ce7ab971da1de100ac90e527495d406cabaeba8e5
219,400,0.72,0x37fe6beb296fde7d87f46777cbd30fab37ccdd2e,2017-10-26T15:39:07.000Z,0.0018,0xeb8198223a7096f4a0756c51fe2e6e293808054f,buy,0xea1f346faf023f974eb5adaf088bbcdf02d761f4,0x0f3f49517dd620bfcfc874b90e2b58ab77669bf33ecdad20ce3458b7e89f3e8c
220,3000,5.6682,0xe01e8be16ec73ed2c2ad65773f2f697efac724e2,2017-10-26T15:39:07.000Z,0.0018894,0xad8d628c6772c492459db29f92725831720caea0,buy,0xea1f346faf023f974eb5adaf088bbcdf02d761f4,0x1393442d087d76a272d02a8b8b751a4f3c0ab5840136a77b79a4d1e28a4ca0f0
221,1121.157,1.893634173,0x37fe6beb296fde7d87f46777cbd30fab37ccdd2e,2017-10-26T15:39:01.000Z,0.001689,0xe3600d44bc0b7696f50a23fe604c5d935386cace,buy,0xea1f346faf023f974eb5adaf088bbcdf02d761f4,0x6c2b02d5b45e7a25487cc7ff1c9edebbb066898a83878f938cb1f72edbbb7367
222,590.2540515119256,0.9969095803010667,0x2ca5d4d4b88416adaae673c75b3f52f342daab7c,2017-10-26T15:31:08.000Z,0.00168895,0xd021afe19b6ed27b037587b27b7a28dc07b58a39,buy,0xea1f346faf023f974eb5adaf088bbcdf02d761f4,0x888c57aa9ba6c7245fbffc0ed6acca9059bfd977cd3a315a33ca9681c77995c1
223,1,0.00168895,0x422d7c1f2f04e7582163d1381a436516f4de3c2a,2017-10-26T15:30:15.000Z,0.00168895,0xd021afe19b6ed27b037587b27b7a28dc07b58a39,buy,0xea1f346faf023f974eb5adaf088bbcdf02d761f4,0x6ea5e6a9e738ce3ac93aaa5359a8aaa040b067b8cb1811f78d4725e192418151
224,100,0.1411,0xe01e8be16ec73ed2c2ad65773f2f697efac724e2,2017-10-26T15:26:36.000Z,0.001411,0xecd6b9cdfb68c64fa5d47df9d346363fa7ac0497,sell,0xea1f346faf023f974eb5adaf088bbcdf02d761f4,0x63367ad91c7cd4b34ee9218a18c2737c766928ca38630f1d2b0a71ac188b2101
225,5467.5,9.29475,0x31e00ee598e542ea3a51170ca63a328d37fd05fc,2017-10-26T15:22:42.000Z,0.0017,0xf00c01a9ec5a1e22fa9df351169857bbfdc4782c,buy,0xea1f346faf023f974eb5adaf088bbcdf02d761f4,0x79fb35ad0957049943745f21139ef1bc95961268a3d479c250f4199318cd02f4
226,600,1.01988,0x31e00ee598e542ea3a51170ca63a328d37fd05fc,2017-10-26T15:20:31.000Z,0.0016998,0x505f2a4c60ce15808ff0aa8736dea72e7542daac,buy,0xea1f346faf023f974eb5adaf088bbcdf02d761f4,0x80dbdce2069211519b8b27bdbfe4da09eed6391df81bb9963b539ca33d244b16
227,2000,3.378,0x31e00ee598e542ea3a51170ca63a328d37fd05fc,2017-10-26T15:14:26.000Z,0.001689,0x26f067233a4ad168663e64a831e58c56b7bf6da9,buy,0xea1f346faf023f974eb5adaf088bbcdf02d761f4,0x5b2420ad0b4f661e9fcb868974cf2da6333ddb35a0891293595d8276b6583071
228,2000,3.2,0x31e00ee598e542ea3a51170ca63a328d37fd05fc,2017-10-26T15:13:46.000Z,0.0016,0x1a54b73bcdabb0c484db6b68ba87144f3b9c4335,buy,0xea1f346faf023f974eb5adaf088bbcdf02d761f4,0x9786487207d32fef6ef130f7d166a5c076a1f15d6e1c8de971823273447b966f
229,698.244,1.0473659999993017,0x31e00ee598e542ea3a51170ca63a328d37fd05fc,2017-10-26T15:12:44.000Z,0.001499999999999,0x345d97a6a08ea9c97329496fa9bfb72a2a5e914c,buy,0xea1f346faf023f974eb5adaf088bbcdf02d761f4,0xe0203bdb53a986b37905f5a07a50c3e3441efc196dbed1ba8efc96b59fae94a1
230,20,0.02999999999998,0xc2c0232e80bd3bf5324cc27650128f37d8556db6,2017-10-26T15:11:51.000Z,0.001499999999999,0x345d97a6a08ea9c97329496fa9bfb72a2a5e914c,buy,0xea1f346faf023f974eb5adaf088bbcdf02d761f4,0x11b0b940d546033a408b6b3a8e781db68f51095ddb08aa659ec495fb3af86e2e
231,100,0.149,0xf58a285597f57466b0ca7f314b38beb02c6b5a8e,2017-10-26T15:11:44.000Z,0.00149,0xb0d2ce3e2bfbc1a47dbfe5b3eef5335284dfeb49,buy,0xea1f346faf023f974eb5adaf088bbcdf02d761f4,0xcf29e15706f5d95a8ca25008544c2583730423cc1c6bedffa7e981a50e175f9d
232,142,0.1988,0xf58a285597f57466b0ca7f314b38beb02c6b5a8e,2017-10-26T15:06:39.000Z,0.0014,0x1509f23126c9ce5798b8a6b104c35f81f7f0b212,buy,0xea1f346faf023f974eb5adaf088bbcdf02d761f4,0xf2523ed36448e2d4aebcfbac78acff95f8f9a6a6c58e63181174ac71f733173c
233,250,0.35,0xf58a285597f57466b0ca7f314b38beb02c6b5a8e,2017-10-26T15:06:23.000Z,0.0014,0x388863f84f3265769e730d0cf251ee5ff06ee111,buy,0xea1f346faf023f974eb5adaf088bbcdf02d761f4,0xf0d1022f82754c557db04c01300a2fcf0fb7e90455431a33fd89158458493ac0
234,2000,2.8,0xe1e1d0d73eeb29d0632bc4c7871bfc74dbed0741,2017-10-26T14:57:22.000Z,0.0014,0x1a54b73bcdabb0c484db6b68ba87144f3b9c4335,buy,0xea1f346faf023f974eb5adaf088bbcdf02d761f4,0xc7147d0253f5f4106d613d5f9dcd894c0d3e46a287eb16f1127444d64da33668
235,3421.967,4.787331833,0xe1e1d0d73eeb29d0632bc4c7871bfc74dbed0741,2017-10-26T14:56:52.000Z,0.001399,0x56059c8353d9149fd858dea3f92953d1a9bb1b80,buy,0xea1f346faf023f974eb5adaf088bbcdf02d761f4,0xb25a5cc2bfbf3214f1ece6b974b4b8917e0efaaa42835ca9095966070aeae394
236,36.73297123448356,0.0513894267570425,0xf58a285597f57466b0ca7f314b38beb02c6b5a8e,2017-10-26T14:56:19.000Z,0.001399,0x56059c8353d9149fd858dea3f92953d1a9bb1b80,buy,0xea1f346faf023f974eb5adaf088bbcdf02d761f4,0x3e4df4c36e9f1d265f64a33e05eea83659ab2d4df97f92725b4fd411ee175ace
237,52.189,0.07254271,0xf58a285597f57466b0ca7f314b38beb02c6b5a8e,2017-10-26T14:55:04.000Z,0.00139,0xdfc8cec5f26d82f7c88e6ec9ee55898bda63e54a,buy,0xea1f346faf023f974eb5adaf088bbcdf02d761f4,0x1b08d591763cbfc17cfe036b4e5ab3d5160c8e353c7f92734f6a2b7dd778fa2f
238,4547.81065784353,6.321456814402507,0xf18521dc5c211dc0ed6c85b034d4f46d456950bb,2017-10-26T14:54:23.000Z,0.00139,0xdfc8cec5f26d82f7c88e6ec9ee55898bda63e54a,buy,0xea1f346faf023f974eb5adaf088bbcdf02d761f4,0x03c30333e5c683442f6eace45e83a33962580c874b88e6e068c65fc29ad3fc38
239,400,0.556,0xf58a285597f57466b0ca7f314b38beb02c6b5a8e,2017-10-26T14:51:03.000Z,0.00139,0xdfc8cec5f26d82f7c88e6ec9ee55898bda63e54a,buy,0xea1f346faf023f974eb5adaf088bbcdf02d761f4,0x9536fa56921d45139cd312664c1afed6dd4d7c98213432b13913c2e4b5ee7688
240,50,0.0645,0xaae331012c611e67e11a18a1d31ef5d564967bdc,2017-10-26T14:48:45.000Z,0.00129,0xb0d2ce3e2bfbc1a47dbfe5b3eef5335284dfeb49,buy,0xea1f346faf023f974eb5adaf088bbcdf02d761f4,0x6d29c218d8c55ea36bfa128492b3e80d519bb4c15bb3fbee60b446bcec9de042
241,250,0.325,0xaae331012c611e67e11a18a1d31ef5d564967bdc,2017-10-26T14:48:37.000Z,0.0013,0x388863f84f3265769e730d0cf251ee5ff06ee111,buy,0xea1f346faf023f974eb5adaf088bbcdf02d761f4,0xd987abc9b8b45aae0c32bb2b85e358cd8a968518c4f9f2632c7c7cadaa73c41c
242,200,0.26,0xaae331012c611e67e11a18a1d31ef5d564967bdc,2017-10-26T14:48:37.000Z,0.0013,0x1509f23126c9ce5798b8a6b104c35f81f7f0b212,buy,0xea1f346faf023f974eb5adaf088bbcdf02d761f4,0x1134daf3194356e06fb7d99211212176150a4c0c6011d90c68e80e8126fe9505
243,120,0.15,0x5d2ba7d1f80e353b48ec8a214a21d1e3d6951a3a,2017-10-26T14:46:16.000Z,0.00125,0xecd6b9cdfb68c64fa5d47df9d346363fa7ac0497,sell,0xea1f346faf023f974eb5adaf088bbcdf02d761f4,0x1c07d2bb0a546ee2832366e035d814203df649bdf205af71c970c60013325f8c
244,500,0.624,0xaae331012c611e67e11a18a1d31ef5d564967bdc,2017-10-26T14:44:02.000Z,0.001248,0x2c52d3aae686adb8ea39caeb71a27bda3424e6df,buy,0xea1f346faf023f974eb5adaf088bbcdf02d761f4,0xa92ccfe1712cd91e44e0f7aef6abc743c1437cd8b02e7d7789b4539a89f8225c
245,998,1.246502,0xaae331012c611e67e11a18a1d31ef5d564967bdc,2017-10-26T14:41:33.000Z,0.001249,0xeebedcffa215c54b47486458a7484f9970b26187,buy,0xea1f346faf023f974eb5adaf088bbcdf02d761f4,0xa038eb9c0ebaa0a0a0c2741bf8e8bec32b347c8b38f07c1461b35177a84123e6
246,258.244,0.319964316,0xf18521dc5c211dc0ed6c85b034d4f46d456950bb,2017-10-26T14:39:14.000Z,0.001239,0x345d97a6a08ea9c97329496fa9bfb72a2a5e914c,buy,0xea1f346faf023f974eb5adaf088bbcdf02d761f4,0x71afb9527236fb0fc0ba61e8af07fa990872f0bb00a25c7115f20e254e00ba67
247,722.2725034195109,0.8948956317367741,0xe1e1d0d73eeb29d0632bc4c7871bfc74dbed0741,2017-10-26T14:39:01.000Z,0.001239,0xe913c0f42fb60f85bd43bdddaf4e004135ef318c,buy,0xea1f346faf023f974eb5adaf088bbcdf02d761f4,0x80810929df8f6b2c9aa51bcc319329cd95e00e331d4bad95d1154ab5bde55405
248,3000,3.75,0xe1e1d0d73eeb29d0632bc4c7871bfc74dbed0741,2017-10-26T14:38:32.000Z,0.00125,0x84b9eee80beb6e618d677343c6eff6f3240326e7,buy,0xea1f346faf023f974eb5adaf088bbcdf02d761f4,0xbbcddb2243d2542c99e6232dd47ffbcc9d11e0cd8a50546f0b82d8f2a59634d7
249,2000,2.478,0xe1e1d0d73eeb29d0632bc4c7871bfc74dbed0741,2017-10-26T14:37:31.000Z,0.001239,0x189b29029e259b53eadf7793c5c50b596209356e,buy,0xea1f346faf023f974eb5adaf088bbcdf02d761f4,0x50b4950a5465f140970b165871b5aa05062011f6f743a4fcbf1e70260b89e4c2
250,888.831,1.10079941688,0xf18521dc5c211dc0ed6c85b034d4f46d456950bb,2017-10-26T14:37:06.000Z,0.00123848,0xcef01dfe48077d5ea00cf1ffd949c62026af577e,buy,0xea1f346faf023f974eb5adaf088bbcdf02d761f4,0x0fd7b570073b3d136315d03d8bf2a3ae3a8a9de69fe93b89ae5e50b9142f28da
251,9969.095803010667,11.66384208952248,0x37fe6beb296fde7d87f46777cbd30fab37ccdd2e,2017-10-26T14:34:33.000Z,0.00117,0x96b764f6903a68de91d06a343c8b83d2a45adcf5,sell,0xea1f346faf023f974eb5adaf088bbcdf02d761f4,0x8a5e0eb11a76abef55c5f42821fbc12cd8cb9f63649d81688848109361ff4a9d
252,10,0.0123848,0xcc53bcc754633c4b68934f052fdbe5a3b70bd66e,2017-10-26T14:32:58.000Z,0.00123848,0xcef01dfe48077d5ea00cf1ffd949c62026af577e,buy,0xea1f346faf023f974eb5adaf088bbcdf02d761f4,0x8de12f19f358ef1d1887c8c25f326fc62b3222dbc90d92c56231f435022146d6
253,40,0.048,0xe5f80b82b325740196728fdc27130ce20166cc43,2017-10-26T14:14:10.000Z,0.0012,0xaae331012c611e67e11a18a1d31ef5d564967bdc,sell,0xea1f346faf023f974eb5adaf088bbcdf02d761f4,0xb7f8025168afe859e666490acf6bd014ff2baa9fc42fab0738a4638f2b648b94
254,733.1554965804891,0.9083796602632259,0x097501c95264ad3204159efaefdc5820783dbeae,2017-10-26T13:50:12.000Z,0.001239,0xe913c0f42fb60f85bd43bdddaf4e004135ef318c,buy,0xea1f346faf023f974eb5adaf088bbcdf02d761f4,0x804e9e41a3855d1872d9e94afebacb3277af93578c73843d46c9ef81911dd63e
255,782.1689117686002,0.9620677614753782,0x097501c95264ad3204159efaefdc5820783dbeae,2017-10-26T13:47:17.000Z,0.00123,0xad665a0387ae1f620a001b9c3a214e16df487796,buy,0xea1f346faf023f974eb5adaf088bbcdf02d761f4,0x6106e91df00e7fd2525a6579c9bfd70d0040786635c31394140b91f5dc9d2125
256,898.8310882313998,1.1055622385246218,0xcef01dfe48077d5ea00cf1ffd949c62026af577e,2017-10-26T13:26:40.000Z,0.00123,0xad665a0387ae1f620a001b9c3a214e16df487796,buy,0xea1f346faf023f974eb5adaf088bbcdf02d761f4,0xa50cb3c402eecbc208dc78173ccff704c62db91edb94f7f82f17e7d59439a43c
257,100,0.100001,0x505f2a4c60ce15808ff0aa8736dea72e7542daac,2017-10-26T13:07:20.000Z,0.00100001,0xecd6b9cdfb68c64fa5d47df9d346363fa7ac0497,sell,0xea1f346faf023f974eb5adaf088bbcdf02d761f4,0x5994972de2b0e5cbdf487ecd539d4a3ff8a5e9959938c0aaebf2b6b3a7d926ce
258,412,0.41612,0xf58a285597f57466b0ca7f314b38beb02c6b5a8e,2017-10-26T13:05:46.000Z,0.00101,0xeb8198223a7096f4a0756c51fe2e6e293808054f,sell,0xea1f346faf023f974eb5adaf088bbcdf02d761f4,0xedb144cc4652d394b2e90e126d9e8a08ac2224701d1e8e870aa4c3fe5aef4b44
259,500,0.5,0x505f2a4c60ce15808ff0aa8736dea72e7542daac,2017-10-26T12:51:15.000Z,0.001,0xeb8198223a7096f4a0756c51fe2e6e293808054f,sell,0xea1f346faf023f974eb5adaf088bbcdf02d761f4,0x3048585216aa8d879dcbbe8510ad8da353e8ef1b658e9a6a604d17f02b100b1a
260,460,0.56994,0x541e350501dd562d2e6d61ef0b60050eb11c09e7,2017-10-26T12:49:14.000Z,0.001239,0x345d97a6a08ea9c97329496fa9bfb72a2a5e914c,buy,0xea1f346faf023f974eb5adaf088bbcdf02d761f4,0x2f9cf5995a7529250e1909ac28485cb85a71aa22eade5044820a3770c24d54eb
261,350,0.43225,0x541e350501dd562d2e6d61ef0b60050eb11c09e7,2017-10-26T12:47:59.000Z,0.001235,0xaae331012c611e67e11a18a1d31ef5d564967bdc,buy,0xea1f346faf023f974eb5adaf088bbcdf02d761f4,0x8476f55b4e09640d57fc1ad27696fd8c79f826a0fe0a4a6b01149302cb29e85f
262,1650,2.03775,0xe5f80b82b325740196728fdc27130ce20166cc43,2017-10-26T12:34:02.000Z,0.001235,0xaae331012c611e67e11a18a1d31ef5d564967bdc,buy,0xea1f346faf023f974eb5adaf088bbcdf02d761f4,0x6f95c60bccca93cbad62ffac960b277b57ccabe0fc6dfe2302e94d29118026aa
263,383.7238223879304,0.47198030153715437,0xf58a285597f57466b0ca7f314b38beb02c6b5a8e,2017-10-26T12:17:21.000Z,0.00123,0x1a54b73bcdabb0c484db6b68ba87144f3b9c4335,buy,0xea1f346faf023f974eb5adaf088bbcdf02d761f4,0xd3d65a04de023f74772ca5bf33c40fe687f248a34a0dd6a0b4ed210abb240cd0
264,400,0.492,0xf58a285597f57466b0ca7f314b38beb02c6b5a8e,2017-10-26T12:16:58.000Z,0.00123,0x1a54b73bcdabb0c484db6b68ba87144f3b9c4335,buy,0xea1f346faf023f974eb5adaf088bbcdf02d761f4,0x5ce5b4e1be3c480638f424262d548f5323b3552c448e39f833522bc321d9cfc0
265,0.00098,0.098,0x738928116bc12cba6d103764a538dad8ccee5e82,2017-10-26T12:14:33.000Z,100,0x3ac636ac5c3a2576156ac5f10066ca68abe0ad54,sell,0xea1f346faf023f974eb5adaf088bbcdf02d761f4,0x0ad207dcbeeca64dfafe7d8084f1d0414d7ec35a652a699304388e586a24f1f7
266,507.03,0.6033657,0xf142f26d1cac4ba8a6e6d7974d243eda2fe5f4f9,2017-10-26T12:12:19.000Z,0.00119,0x3c64e00abcbcce5ed075f017d4ad372bdcff00d9,buy,0xea1f346faf023f974eb5adaf088bbcdf02d761f4,0xed77e1b0a2dca2fb9574eb10f5669139c2336119ed5a8519323cf660a216d6ce
267,1216.2761776120697,1.4960196984628455,0x097501c95264ad3204159efaefdc5820783dbeae,2017-10-26T12:00:45.000Z,0.00123,0x1a54b73bcdabb0c484db6b68ba87144f3b9c4335,buy,0xea1f346faf023f974eb5adaf088bbcdf02d761f4,0xbdd243fc855a28fda549d71b7ac7e3d3cf8e2a28fb08c6bc88b3c45dc4e1ee1e
268,1171,1.4052,0xaae331012c611e67e11a18a1d31ef5d564967bdc,2017-10-26T11:52:03.000Z,0.0012,0xdfc8cec5f26d82f7c88e6ec9ee55898bda63e54a,buy,0xea1f346faf023f974eb5adaf088bbcdf02d761f4,0x865f0c88f6dc38171ccb7ab611da8a58f3f925188ddaa530f4b48baab05cce01
269,100,0.111111,0xaae331012c611e67e11a18a1d31ef5d564967bdc,2017-10-26T11:51:41.000Z,0.00111111,0xb0d2ce3e2bfbc1a47dbfe5b3eef5335284dfeb49,buy,0xea1f346faf023f974eb5adaf088bbcdf02d761f4,0x0e3ad2414fb651eec6d9bb140a5aa35b3818bcf3254ff35a46408903ffcac696
270,100,0.1111,0xaae331012c611e67e11a18a1d31ef5d564967bdc,2017-10-26T11:51:33.000Z,0.001111,0xb0d2ce3e2bfbc1a47dbfe5b3eef5335284dfeb49,buy,0xea1f346faf023f974eb5adaf088bbcdf02d761f4,0x3e2fffdb36fdda74298e6eaddbfc3285de6e0a746946f77a5e1d5e08e9161512
271,3000,3.6,0xaae331012c611e67e11a18a1d31ef5d564967bdc,2017-10-26T11:50:05.000Z,0.0012,0xdfc8cec5f26d82f7c88e6ec9ee55898bda63e54a,buy,0xea1f346faf023f974eb5adaf088bbcdf02d761f4,0x211e3b5e663e91f2264ed726f3e04518cb8265b293d251470f95bcd95553bb23
272,940,1.044434,0xaae331012c611e67e11a18a1d31ef5d564967bdc,2017-10-26T11:46:54.000Z,0.0011111,0x99854f319436a38bda35a8dca0369d6d85871162,buy,0xea1f346faf023f974eb5adaf088bbcdf02d761f4,0x8dcc9dd34b2478d29f60971d60eba1c4e33661d15c8da3cf333064c7a1d06401
273,3160,3.511076,0xef1435557ada648a8e7133bcefa7de7020a51a0b,2017-10-26T11:46:30.000Z,0.0011111,0x99854f319436a38bda35a8dca0369d6d85871162,buy,0xea1f346faf023f974eb5adaf088bbcdf02d761f4,0xc08297c82950e482a8609eded8145ed3be635d2d60ca86914fa5562c544e299e
274,2153.215,2.392435033285,0xef1435557ada648a8e7133bcefa7de7020a51a0b,2017-10-26T11:42:14.000Z,0.001111099,0x505f2a4c60ce15808ff0aa8736dea72e7542daac,buy,0xea1f346faf023f974eb5adaf088bbcdf02d761f4,0xb1b13cd85bf20bf84932245a8521afc43ad49dd18aa8601e572c1924fbe4e93b
275,2900,2.9,0x3d8ea736aecb32b5c1465a9721a8f5a6287539d3,2017-10-26T09:57:20.000Z,0.001,0x689de6aae98fe48334d6147b8fdb1eb4f9be95d1,buy,0xea1f346faf023f974eb5adaf088bbcdf02d761f4,0xb98f518951c22784b575296c6d85a6d2a6790b625f0ead8a53bd8bad99fab38a
276,500,0.5,0x2c52d3aae686adb8ea39caeb71a27bda3424e6df,2017-10-26T09:54:57.000Z,0.001,0xeb8198223a7096f4a0756c51fe2e6e293808054f,buy,0xea1f346faf023f974eb5adaf088bbcdf02d761f4,0x7302999f3e4ac564e520c8affebe4b62203e27b3dde97d07b6f7d6cd09ceeaa7
277,200,0.196,0xf18521dc5c211dc0ed6c85b034d4f46d456950bb,2017-10-26T09:17:37.000Z,0.00098,0x1509f23126c9ce5798b8a6b104c35f81f7f0b212,buy,0xea1f346faf023f974eb5adaf088bbcdf02d761f4,0xd79c390515d4590af88433b71340f54dfff654b80c228054d45cf36bb462e420
278,1050.488,1.0242258,0xf18521dc5c211dc0ed6c85b034d4f46d456950bb,2017-10-26T09:13:53.000Z,0.000975,0x2a1af7cb7bc5c51cfd000f43e7f7a673a7ff0b37,buy,0xea1f346faf023f974eb5adaf088bbcdf02d761f4,0x98b22d86c3ce048955e10cae750759efef7d26df4f0ee81cbd7295d9fa260522
279,18,0.01746,0xf18521dc5c211dc0ed6c85b034d4f46d456950bb,2017-10-26T09:12:48.000Z,0.00097,0x52f57dd9e4fa28b17d480f370db7b962677594f2,buy,0xea1f346faf023f974eb5adaf088bbcdf02d761f4,0x55ea2ad9a492fa285801bd3b8b7ddfc2c60f024fe200f8dbc7e00a83d49ce421
280,50,0.0463,0xf18521dc5c211dc0ed6c85b034d4f46d456950bb,2017-10-26T08:57:36.000Z,0.000926,0xa0181b284d2f0db668cc7d456da86f216241e44d,buy,0xea1f346faf023f974eb5adaf088bbcdf02d761f4,0x54591ae87c5d7004f828389c35a61ebc79964784960e9e432ea7c22db3a5ebad
281,75,0.06825,0xf18521dc5c211dc0ed6c85b034d4f46d456950bb,2017-10-26T08:56:19.000Z,0.00091,0xa0181b284d2f0db668cc7d456da86f216241e44d,buy,0xea1f346faf023f974eb5adaf088bbcdf02d761f4,0x13a9a2d5c7d701ad57df70dab9fa7290e99003f58b1d1d561024ed87fd53651d
282,260,0.234,0x738227c9562f5669e046255f51572fbab0b9a52f,2017-10-26T08:50:34.000Z,0.0009,0x9184c8ff9e07a301748304763bd35ebdec60b671,buy,0xea1f346faf023f974eb5adaf088bbcdf02d761f4,0x0060c31db93500ff07cfa1fd953d2877e2d4d4d34460cd9ee11682d52e597548
283,1111.939986043266,0.9231325764131193,0xced732ca92cb4f040239c4e8c85f14acbb5db000,2017-10-26T08:35:02.000Z,0.0008302,0xf1bafee5a99a9a5e6818388c99be8f3ba5a5bc4e,sell,0xea1f346faf023f974eb5adaf088bbcdf02d761f4,0x897f3b4fd4e62b628bdcee5814b3f204089b991d0d62f0a7bf474eaa078157d6
284,18,0.01494,0x52f57dd9e4fa28b17d480f370db7b962677594f2,2017-10-26T07:14:03.000Z,0.00083,0x445598750201119e8c0df5998d04ace8796c0ae7,sell,0xea1f346faf023f974eb5adaf088bbcdf02d761f4,0xfeedb407e1608cf1873aabc98475de646eb6642f36fa447fbbe9b8d5f27a585b
285,1000,0.9,0x1a4cfe7277bfdbd108ef42a3db9e8a1c05428c6c,2017-10-26T04:56:48.000Z,0.0009,0xeb8198223a7096f4a0756c51fe2e6e293808054f,buy,0xea1f346faf023f974eb5adaf088bbcdf02d761f4,0x797967bb7d4547e67b613d2f2a58a2983093f5ff3781723d7dca98ae9625ead7
286,2000,1.97,0x6e38c64b7e2ca55b2c6ac19cd249451d837ac391,2017-10-26T04:41:17.000Z,0.000985,0xe913c0f42fb60f85bd43bdddaf4e004135ef318c,buy,0xea1f346faf023f974eb5adaf088bbcdf02d761f4,0x4501b97abee7ec981e0939cea71b9bf238a01ec8dadf8d0da3ff0369350cc375
287,298,0.19966,0xaf90060755074b9476a33245fb15b976fe9e92bf,2017-10-26T03:02:26.000Z,0.00067,0xa0181b284d2f0db668cc7d456da86f216241e44d,sell,0xea1f346faf023f974eb5adaf088bbcdf02d761f4,0x0544276ac517209dd92ba319a0e2a7886a16df3a7f73786e3530b5396b00927f
288,0.9438544071936378,0.000632382452819737,0xaf90060755074b9476a33245fb15b976fe9e92bf,2017-10-26T03:01:51.000Z,0.0006699999999999996,0xe833fd7618e29aac7a121ae06b4d7e7433d6efb1,sell,0xea1f346faf023f974eb5adaf088bbcdf02d761f4,0x803e49d87ebf43a5fce8b12a13963847786aed3b650374e31f98d4cd8b8d6c46
289,9467.80355855938,5.680682135135629,0xe1e1d0d73eeb29d0632bc4c7871bfc74dbed0741,2017-10-26T02:58:19.000Z,0.0006,0xe833fd7618e29aac7a121ae06b4d7e7433d6efb1,sell,0xea1f346faf023f974eb5adaf088bbcdf02d761f4,0x4ccd5805987ed27027e17a7255de6cd33f2901cb4e5c244ef4c65ab74f76c292
290,3000,1.86,0x1a4cfe7277bfdbd108ef42a3db9e8a1c05428c6c,2017-10-26T02:56:31.000Z,0.00062,0xe833fd7618e29aac7a121ae06b4d7e7433d6efb1,sell,0xea1f346faf023f974eb5adaf088bbcdf02d761f4,0x369d3b6876e0dd48b15d723403cf8042d67f95bb02daeefe2a51e7048cd338f8
291,228.28830356010988,0.13697298213606593,0x0cc753ad2c7c30d8c9a36702f00ffa03696e081f,2017-10-26T02:42:09.000Z,0.0006,0xd848d35ea908828d1a064a7c0bb2aebb8486da57,sell,0xea1f346faf023f974eb5adaf088bbcdf02d761f4,0x47519abc26e4e6c910b76711e9205b0b34689638b0f748ec09c13ec02f3ec5cf
292,35.586885771982146,0.025266688898107324,0x1a888f36b6eeef1f2df62edd74fccf3eb9bd9e0b,2017-10-26T02:41:11.000Z,0.00071,0xa0181b284d2f0db668cc7d456da86f216241e44d,sell,0xea1f346faf023f974eb5adaf088bbcdf02d761f4,0x28e39c1216fe5891b49b6543728ec22fd2b926967165c9a146e619febfd4ee62
293,382.307845678397,0.30966935499950154,0x1a888f36b6eeef1f2df62edd74fccf3eb9bd9e0b,2017-10-26T02:40:22.000Z,0.00081,0xd848d35ea908828d1a064a7c0bb2aebb8486da57,sell,0xea1f346faf023f974eb5adaf088bbcdf02d761f4,0x778bcc4f0f64d5dd4c4bde427b195caa477de9fb5dae5f59c7d48e5960095c19
294,2000,1.624,0x3d8ea736aecb32b5c1465a9721a8f5a6287539d3,2017-10-26T02:39:20.000Z,0.000812,0xd848d35ea908828d1a064a7c0bb2aebb8486da57,sell,0xea1f346faf023f974eb5adaf088bbcdf02d761f4,0xbb5cd96d84657c3599adda07f38cd383eb2b2df7b38d58894414c9c75eb44941
295,3900,3.1629,0x7c99110a65666f7d7d78211953ac58c7cf1c1d63,2017-10-26T02:38:01.000Z,0.000811,0xd848d35ea908828d1a064a7c0bb2aebb8486da57,sell,0xea1f346faf023f974eb5adaf088bbcdf02d761f4,0xa4e797c86d020439fe02d93f90cabaa27fdbed2ab2cc1296f147c20461b8a61c
296,100,0.0831,0xe1e1d0d73eeb29d0632bc4c7871bfc74dbed0741,2017-10-26T02:11:39.000Z,0.000831,0xa0181b284d2f0db668cc7d456da86f216241e44d,sell,0xea1f346faf023f974eb5adaf088bbcdf02d761f4,0x8637770d5ee7ce2dbcd27d7edb44a942961ff5fd14a3acd77f35dca8fe3bc10e
297,39,0.032409,0xe1e1d0d73eeb29d0632bc4c7871bfc74dbed0741,2017-10-26T02:10:09.000Z,0.000831,0xa0181b284d2f0db668cc7d456da86f216241e44d,sell,0xea1f346faf023f974eb5adaf088bbcdf02d761f4,0xbe941a84332ff2bcb1f1f0bc7c47c52801277b2fd146cbbacaa129e7b4916caf
298,590,0.49029,0xe1e1d0d73eeb29d0632bc4c7871bfc74dbed0741,2017-10-26T02:02:16.000Z,0.000831,0x3c64e00abcbcce5ed075f017d4ad372bdcff00d9,sell,0xea1f346faf023f974eb5adaf088bbcdf02d761f4,0x4d2619ee5800ab7c5e22031152389371d2d4de244c888a22a177f5b3c2d0e634
299,400,0.36,0x1a888f36b6eeef1f2df62edd74fccf3eb9bd9e0b,2017-10-26T01:46:13.000Z,0.0009,0x3c64e00abcbcce5ed075f017d4ad372bdcff00d9,sell,0xea1f346faf023f974eb5adaf088bbcdf02d761f4,0xe3318f98efa279931e247b359bcfdb88b6ebf639ea53cd84d5cff9ebcc508257
300,2150,1.9995,0xaf90060755074b9476a33245fb15b976fe9e92bf,2017-10-26T01:43:38.000Z,0.00093,0xf00c01a9ec5a1e22fa9df351169857bbfdc4782c,sell,0xea1f346faf023f974eb5adaf088bbcdf02d761f4,0xe4732e87311dc0df45411cc8c2b0df47c25285b08022b882d8d069c847926196
301,2638.175,2.40073925,0x99854f319436a38bda35a8dca0369d6d85871162,2017-10-26T01:42:38.000Z,0.00091,0xf00c01a9ec5a1e22fa9df351169857bbfdc4782c,sell,0xea1f346faf023f974eb5adaf088bbcdf02d761f4,0xa50bc38c90efbef68d60f1dc0b1d17dc56a619e317e6d424e97e9d8235b5b31f
302,500,0.4575505,0xf00dd34fa52d31aa537658baf071cbaeac59a66d,2017-10-26T01:42:10.000Z,0.000915101,0xf00c01a9ec5a1e22fa9df351169857bbfdc4782c,sell,0xea1f346faf023f974eb5adaf088bbcdf02d761f4,0xa8246083258e53df01f902662a924aa0cfe715ce19a382b09049d332d5de1cf1
303,8000,7.288,0xe1e1d0d73eeb29d0632bc4c7871bfc74dbed0741,2017-10-26T01:41:00.000Z,0.000911,0xf00c01a9ec5a1e22fa9df351169857bbfdc4782c,sell,0xea1f346faf023f974eb5adaf088bbcdf02d761f4,0x1c6ba62f987cc39d7cc535442113814c1a0870eec589f9656d690a5aa2c31e4a
304,10000,9.1522,0xe1e1d0d73eeb29d0632bc4c7871bfc74dbed0741,2017-10-26T01:40:49.000Z,0.00091522,0xf00c01a9ec5a1e22fa9df351169857bbfdc4782c,sell,0xea1f346faf023f974eb5adaf088bbcdf02d761f4,0xf3c873fc302686a705a5d6daef9bf4a05408d1eff963c25ac0ab328cbdcf9529
305,2153,1.9704256,0x505f2a4c60ce15808ff0aa8736dea72e7542daac,2017-10-26T01:40:49.000Z,0.0009152,0xf00c01a9ec5a1e22fa9df351169857bbfdc4782c,sell,0xea1f346faf023f974eb5adaf088bbcdf02d761f4,0x1328421fdb2b71b5aa7e7c4c4ae7b7b159df2869d9a9869b303ad6915952256c
306,5000,4.65,0x7c99110a65666f7d7d78211953ac58c7cf1c1d63,2017-10-26T01:40:45.000Z,0.00093,0xf00c01a9ec5a1e22fa9df351169857bbfdc4782c,sell,0xea1f346faf023f974eb5adaf088bbcdf02d761f4,0x493174a33a496a29c83c6ef1daa6122b27fed1fd79293f0caa1b9a544b7b9a45
307,194,0.194388194,0x9175c1ef119c1ccd30c398e5374e036e2105ac2b,2017-10-26T01:07:14.000Z,0.001002001,0xce0ea934fbb05d15e1b0c865c548188bdf50ba61,sell,0xea1f346faf023f974eb5adaf088bbcdf02d761f4,0xa52a6b128c1336e44ce5697fd3f450a06094c3faffc73d9bc94546e4efee4cb5
308,12,0.012102,0x98ba59be73e20d3cc86d5759766ad80930e2f85c,2017-10-26T01:05:42.000Z,0.0010085,0xce0ea934fbb05d15e1b0c865c548188bdf50ba61,sell,0xea1f346faf023f974eb5adaf088bbcdf02d761f4,0x5f5b197b1736df0151e68b0f494f1a98e035768c5662bec7d2de1ad1f0f566d6
309,998,0.999996,0xeebedcffa215c54b47486458a7484f9970b26187,2017-10-26T01:04:35.000Z,0.001002,0xce0ea934fbb05d15e1b0c865c548188bdf50ba61,sell,0xea1f346faf023f974eb5adaf088bbcdf02d761f4,0x23172c3be1c952be3b444cc67b9edf64d523329d883e1b32279c195898bec2b5
310,805,0.8855,0x9175c1ef119c1ccd30c398e5374e036e2105ac2b,2017-10-26T01:00:15.000Z,0.0011,0xfa676d7b40aa5d0c2fd72dea2eae70af4e409e7b,buy,0xea1f346faf023f974eb5adaf088bbcdf02d761f4,0xd62214589a56aae4eb25985ff39b18f342817cc350d7228e0aa4afa1f41b9f5f
311,5000,5.005,0xe1e1d0d73eeb29d0632bc4c7871bfc74dbed0741,2017-10-26T00:51:10.000Z,0.001001,0xfa676d7b40aa5d0c2fd72dea2eae70af4e409e7b,sell,0xea1f346faf023f974eb5adaf088bbcdf02d761f4,0x903638ac974dbd97e7381c93348e82a91fc0299761df2450c698412613b293fe
312,3277,3.28034254,0xe1e1d0d73eeb29d0632bc4c7871bfc74dbed0741,2017-10-26T00:50:10.000Z,0.00100102,0x8a56f24ebead2f4f0205db58acb8d951ef41c8ab,buy,0xea1f346faf023f974eb5adaf088bbcdf02d761f4,0x9b645b1ceb7f5052623656dd48473872179c376293c7b3b7d21142e895d6ca05
313,45,0.0450459,0x8a7bda8b25472ff30d4abdc403c5ccf03118a1ef,2017-10-26T00:48:36.000Z,0.00100102,0x8a56f24ebead2f4f0205db58acb8d951ef41c8ab,buy,0xea1f346faf023f974eb5adaf088bbcdf02d761f4,0xf3264e2565a848ef76ad7303f563cd97ce42114025b2f25324353a3ff086d7c5
314,80,0.1,0x87eb8e079ded802c2ee2b34af5641884ae5aec05,2017-10-26T00:26:09.000Z,0.00125,0xfa676d7b40aa5d0c2fd72dea2eae70af4e409e7b,buy,0xea1f346faf023f974eb5adaf088bbcdf02d761f4,0x508c2ea2ea282248aaa1bbbfc6d799f50507442e169791c988880b0b9c6efe27
315,80,0.1,0x87eb8e079ded802c2ee2b34af5641884ae5aec05,2017-10-26T00:25:56.000Z,0.00125,0xfa676d7b40aa5d0c2fd72dea2eae70af4e409e7b,buy,0xea1f346faf023f974eb5adaf088bbcdf02d761f4,0x508c2ea2ea282248aaa1bbbfc6d799f50507442e169791c988880b0b9c6efe27
316,1367.7599441730636,1.3678967201674808,0xe1e1d0d73eeb29d0632bc4c7871bfc74dbed0741,2017-10-26T00:23:24.000Z,0.0010001,0x137655cdcb5a29bb52c1c996be072e261383fe01,sell,0xea1f346faf023f974eb5adaf088bbcdf02d761f4,0x688abfe7525f52818d050433fc4420ffeec3458723858c909aa61605d50fa7c7
317,528,0.545424,0xe1e1d0d73eeb29d0632bc4c7871bfc74dbed0741,2017-10-26T00:09:04.000Z,0.001033,0x34b6464d54ad663f25b113bbc9c3b9d77e9452c5,sell,0xea1f346faf023f974eb5adaf088bbcdf02d761f4,0x9355da35ddf6576fcf761536221b8b3b71813bb62b7af2cb26740456ed24556b
318,2153.231195091056,2.5838774341092674,0x9ecab597dfda4dd2e6bcf3230edc62bb9b8a9c2c,2017-10-25T23:46:27.000Z,0.0012,0x505f2a4c60ce15808ff0aa8736dea72e7542daac,sell,0xea1f346faf023f974eb5adaf088bbcdf02d761f4,0x131d0b7bf60211b5f68dcbc7b3885f4f4676465e40c23f4003f6343b7538ec08
319,1000,1.2,0x9ecab597dfda4dd2e6bcf3230edc62bb9b8a9c2c,2017-10-25T23:36:26.000Z,0.0012,0x336707214137ab2035aa724e0378baf0e50af962,buy,0xea1f346faf023f974eb5adaf088bbcdf02d761f4,0x8ee4fe45b8b95be588d9b7d015cafa800d7599264ce8af9e66bed9d18003e9c4
320,918.1537234572825,0.9181537234572824,0x7c99110a65666f7d7d78211953ac58c7cf1c1d63,2017-10-25T23:17:06.000Z,0.001,0x739eb2b1ef52df7eb8666d70b1608118af8c2e30,sell,0xea1f346faf023f974eb5adaf088bbcdf02d761f4,0xd2f01a2b1130c41b4aa9adda3738de91993f0a75e23fe39eb84a00252c020b7c
321,669.8223300449904,0.6698223300449904,0x7c99110a65666f7d7d78211953ac58c7cf1c1d63,2017-10-25T23:16:17.000Z,0.001,0x1ed014aec47fae44c9e55bac7662c0b78ae61798,sell,0xea1f346faf023f974eb5adaf088bbcdf02d761f4,0xacaa19f2521ca17777afad2d3c4a7dfe0b7de4cd0fd480f63016a6a1b9eb4d09
322,2052,2.2572,0xe1e1d0d73eeb29d0632bc4c7871bfc74dbed0741,2017-10-25T23:15:54.000Z,0.0011,0x6b60bc163f054f23b5b2d723b7285b15234a1bc1,buy,0xea1f346faf023f974eb5adaf088bbcdf02d761f4,0x810e00b3c21ba6f28ccedbacb6d6f39e6cd59fc56003d72285a4cc846a6abdb4
323,0.11142380164705444,0.000111423801647054,0x7c99110a65666f7d7d78211953ac58c7cf1c1d63,2017-10-25T23:14:58.000Z,0.0009999999999999961,0x6e562ae36a18f65897dddc9fc92b0b358776d171,sell,0xea1f346faf023f974eb5adaf088bbcdf02d761f4,0xf8906aa8f77173200e6a76a1213eb8c87ffa04190b81af16dcbaabd8d10919e6
324,1362.2769414814077,1.3622769414814075,0x7c99110a65666f7d7d78211953ac58c7cf1c1d63,2017-10-25T23:13:04.000Z,0.001,0x962030cf5d93a88e83ec6ee5e050930c60521398,sell,0xea1f346faf023f974eb5adaf088bbcdf02d761f4,0x62f300bcaed07c63b8aeaf429af4f9cfb0dfccfecd01f9742e04c866b8a99197
325,161,0.1473311,0x265ca90bd2ceb257be4370d0cbd6bf8e0a6688e1,2017-10-25T22:54:41.000Z,0.0009151,0xcfd654dde58f2a147d3a54572b7b84b0c12bea61,buy,0xea1f346faf023f974eb5adaf088bbcdf02d761f4,0xf7a56787bbaa383bb5ccbbea30f66a8b05b6fd470ed6a51feb02798e7963288d
326,7.6245,0.0076245,0x265ca90bd2ceb257be4370d0cbd6bf8e0a6688e1,2017-10-25T22:51:05.000Z,0.001,0x0c875489ec749b56e624170f7514ca8d09471dc9,buy,0xea1f346faf023f974eb5adaf088bbcdf02d761f4,0xa993caab801cddea35919b7f0b07c5f79a0458689d43da3457c7e29a99e1ead9
327,4.9845479015053336,0.000049845479015053,0x78b0e4933f5b7d90102367e28efcde256998411e,2017-10-25T22:40:47.000Z,0.00000999999999999993,0xc2c0232e80bd3bf5324cc27650128f37d8556db6,sell,0xea1f346faf023f974eb5adaf088bbcdf02d761f4,0x8e8483ceeef51760d8cf1481ccf8b4a14477f541d10ba5927d1722df1995ba5d
328,400,0.3644,0xe1e1d0d73eeb29d0632bc4c7871bfc74dbed0741,2017-10-25T22:32:37.000Z,0.000911,0x336707214137ab2035aa724e0378baf0e50af962,sell,0xea1f346faf023f974eb5adaf088bbcdf02d761f4,0x9e94bb0f149777fd6f6bc11d657e509d1a7adaedada2cba5f5d60a3fb4a34443
329,2625.76,2.62576,0xe1e1d0d73eeb29d0632bc4c7871bfc74dbed0741,2017-10-25T22:31:19.000Z,0.001,0x6a912f36057ff7149c41c9140a30d5fe7cd1d7ff,buy,0xea1f346faf023f974eb5adaf088bbcdf02d761f4,0x9017ccb4886c94d4a47e52a8b1257cbed5213a976ed5803ab12cb4d895df8ac5
330,1117.692154321603,0.9053306450004984,0x1a888f36b6eeef1f2df62edd74fccf3eb9bd9e0b,2017-10-25T22:31:09.000Z,0.00081,0x6e562ae36a18f65897dddc9fc92b0b358776d171,sell,0xea1f346faf023f974eb5adaf088bbcdf02d761f4,0x6f151625716420b97357d6eec938384a87ca379f88fa1db93d0d967ce9e1ce10
331,2000,1.822,0xe1e1d0d73eeb29d0632bc4c7871bfc74dbed0741,2017-10-25T22:23:57.000Z,0.000911,0xab0afc6f0c1d3b2e0f3650ee9b92e1c6f0098bc1,sell,0xea1f346faf023f974eb5adaf088bbcdf02d761f4,0x4193ee73c7830fc87eec81440f5c7f217fd84f2855b0a13748dc9f762e962106
332,1900,1.729,0x99854f319436a38bda35a8dca0369d6d85871162,2017-10-25T22:20:03.000Z,0.00091,0x9c78b263182816c5789838f6560ab32b7c372c12,sell,0xea1f346faf023f974eb5adaf088bbcdf02d761f4,0xcae0b32e7ad0cc53c6f6f48547fc882b32f4ff6db758f53ac558ce589995f6f9
333,99.69095803010667,0.09969095803010666,0x7c99110a65666f7d7d78211953ac58c7cf1c1d63,2017-10-25T22:13:57.000Z,0.001,0x1c5c865eddba95c7a5c32a243b2e88c0cb3890e2,sell,0xea1f346faf023f974eb5adaf088bbcdf02d761f4,0xa9415be0e772b2a761c0c90645be2be6667f833bc05d7544c4a34419c768da97
334,197.25451101585085,0.17950160502442428,0x99854f319436a38bda35a8dca0369d6d85871162,2017-10-25T21:51:10.000Z,0.00091,0x0cc753ad2c7c30d8c9a36702f00ffa03696e081f,sell,0xea1f346faf023f974eb5adaf088bbcdf02d761f4,0x8574e5645847d99f5bb5ce472d21f4a4d4b645e40c1664acebdf7da415b5e2ff
335,1378,1.52958,0x505f2a4c60ce15808ff0aa8736dea72e7542daac,2017-10-25T21:49:29.000Z,0.00111,0x0cc753ad2c7c30d8c9a36702f00ffa03696e081f,sell,0xea1f346faf023f974eb5adaf088bbcdf02d761f4,0xcba5116657f25630d9aa51b933ab8a9685dadbfe095b8c8537a0df8f4746fbf8
336,30.40241750573223,0.036482901006878676,0x50af1719afddfd539fbc0b53b0be582f5b7b9abf,2017-10-25T21:47:46.000Z,0.0012,0xbf860cbb68e4afabf24236fd01cbb663ce553f6b,sell,0xea1f346faf023f974eb5adaf088bbcdf02d761f4,0x8d02ec1f9b1c6a0bad72a38a1cee3ca771d39f7680aabcb01a6f4167934b3538
337,14.445,0.026001,0x1fa45b5b848112c2c8f887fafc6ea7d94cf3eea3,2017-10-25T21:46:27.000Z,0.0018,0xbf860cbb68e4afabf24236fd01cbb663ce553f6b,sell,0xea1f346faf023f974eb5adaf088bbcdf02d761f4,0x0b46b530818eedcbd0273a9ea4941edb10e70e9600fb3702d8c0be936ed311d7
338,5,0.01,0xc2c0232e80bd3bf5324cc27650128f37d8556db6,2017-10-25T21:45:03.000Z,0.002,0xbf860cbb68e4afabf24236fd01cbb663ce553f6b,sell,0xea1f346faf023f974eb5adaf088bbcdf02d761f4,0x12359b30acdd355f33d07d0f2b5eacdf531b49adfbc7614444fb37fd697b895a
339,50,0.1095,0x30cb8d8c27bd45f4196a57a7b0ee760df05395fb,2017-10-25T21:41:08.000Z,0.00219,0x0c875489ec749b56e624170f7514ca8d09471dc9,sell,0xea1f346faf023f974eb5adaf088bbcdf02d761f4,0xe55f70503cf3ea0f251063aff42116b3a52e96d5f9ba0e77f1bec62a6aceb011
340,290,0.6351,0x1fa45b5b848112c2c8f887fafc6ea7d94cf3eea3,2017-10-25T21:41:06.000Z,0.00219,0x6a912f36057ff7149c41c9140a30d5fe7cd1d7ff,buy,0xea1f346faf023f974eb5adaf088bbcdf02d761f4,0xcf374eb364c0cdba9f62b03f1aea5d9c8456402038a55a428db6434a16e294da
341,2,0.004,0xa0be78d2bac6a692adba423c7af50ec86a18bddf,2017-10-25T21:39:13.000Z,0.002,0x0c875489ec749b56e624170f7514ca8d09471dc9,buy,0xea1f346faf023f974eb5adaf088bbcdf02d761f4,0x4d69fca96c0f19b81478da07a0d11d9403c361be8782566b908a969f31fa839f
342,3000,6.57,0x23f2030563a7bbb9369eea4447eb1475f51b6bdf,2017-10-25T21:38:28.000Z,0.00219,0x6a912f36057ff7149c41c9140a30d5fe7cd1d7ff,buy,0xea1f346faf023f974eb5adaf088bbcdf02d761f4,0xa774d523b4841d73bca5855b0a128ba2ad616bdc0cca6ccd255a738e4eb9518a
343,500,1.1,0xa0be78d2bac6a692adba423c7af50ec86a18bddf,2017-10-25T21:38:02.000Z,0.0022,0xfc05318f278b0a06ea0513c8651ed5d998578a81,buy,0xea1f346faf023f974eb5adaf088bbcdf02d761f4,0x5b13f68097532c2cba504276a7ecbc0ef53c4ac0c72e9c2817584f0fe195e4cd
344,380.066,0.755571208,0xa0be78d2bac6a692adba423c7af50ec86a18bddf,2017-10-25T21:36:17.000Z,0.001988,0xb2c786c8e63d2cb65a68b86b2b8d288c3f0afd0f,buy,0xea1f346faf023f974eb5adaf088bbcdf02d761f4,0x6cf41b6d3c57a9663b6872962db4e3934a8a5e45a58c5fa0bad723c7f4bf6dbb
345,250,0.55,0x1bef2b5d795e1d95ad324c6ff12053ac693097d2,2017-10-25T21:36:17.000Z,0.0022,0xfc05318f278b0a06ea0513c8651ed5d998578a81,buy,0xea1f346faf023f974eb5adaf088bbcdf02d761f4,0x3658ac40282d100b708ab9b6f29a0d54aafabc0c07e344e80543b627cd9d4b09
346,100,0.2,0xa0be78d2bac6a692adba423c7af50ec86a18bddf,2017-10-25T21:36:17.000Z,0.002,0x5077da020bbbb1789c9d74602af781983e019932,buy,0xea1f346faf023f974eb5adaf088bbcdf02d761f4,0xf9b9d467cfd83da4e00c26407af6b543ae03dbaa72a8c9cbe43678d7ef15771e
347,900,1.8,0xd0d7c568d5bb8ef7bba5d74cb66e8208b1687e0f,2017-10-25T21:35:30.000Z,0.002,0x5077da020bbbb1789c9d74602af781983e019932,buy,0xea1f346faf023f974eb5adaf088bbcdf02d761f4,0xe8576a63e7c3d50b94de9e5d82ac61ae07c6300fe6b806d5d27909cdd354d919
348,638.3,1.2765993617,0xa4e3d31e14c2718d99d32af4716c5cfccfc92e58,2017-10-25T21:35:14.000Z,0.001999999,0x4717c48e3f3d63d01ee7452fcea47cb522c56a99,buy,0xea1f346faf023f974eb5adaf088bbcdf02d761f4,0xdb454376ed88b0a0406309765f156a2cafc8c4efb7e61e4cee50ce74cc32a649
349,1000,1.192,0x8bf07feb58d62315daa9327c2cf1b8ef0a5fdb1e,2017-10-25T21:33:16.000Z,0.001192,0x1f70d110e0711803a753d3ff7691b6c4800ed0f6,buy,0xea1f346faf023f974eb5adaf088bbcdf02d761f4,0x8acc95fc9ed6ad149fa90171fc81dee80b6e491ce4d9bc1f1b0701faa6007320
350,3235.43,3.882516,0xa6dc476cb8db388604ae26d968abd8e9c6290301,2017-10-25T21:33:16.000Z,0.0012,0x7c99110a65666f7d7d78211953ac58c7cf1c1d63,buy,0xea1f346faf023f974eb5adaf088bbcdf02d761f4,0x105197de4d74b96693e2803e4b96c5bf36a0bf4323fc0f211c8066abc17271b5
351,1500,1.8,0xa94b40c53432f0576e64873ce1cead1aae62fc90,2017-10-25T21:32:07.000Z,0.0012,0x7c99110a65666f7d7d78211953ac58c7cf1c1d63,buy,0xea1f346faf023f974eb5adaf088bbcdf02d761f4,0xf915a8960aa365e6abc185ee107b0d8925494a455db2c93b4fb961396497a2bf
352,1118.5131236176796,1.3343861564758919,0x9623ecc872d6d2a09bc81f26bba9647c5020515e,2017-10-25T21:30:37.000Z,0.001193,0x505f2a4c60ce15808ff0aa8736dea72e7542daac,buy,0xea1f346faf023f974eb5adaf088bbcdf02d761f4,0xb89564f3bbb189223ecab1abe76834a9b031479074e963ea18f4acf2071e7003
353,260,0.31018,0x80386b7d64963b5d929ff665d8e1cd75fab4bb00,2017-10-25T21:30:37.000Z,0.001193,0x505f2a4c60ce15808ff0aa8736dea72e7542daac,buy,0xea1f346faf023f974eb5adaf088bbcdf02d761f4,0xfaa2cf49ada4132b4f33bbb351c6dd53e640356edece24cf0edc860a172854e6
354,3990,4.76406,0x9623ecc872d6d2a09bc81f26bba9647c5020515e,2017-10-25T21:30:09.000Z,0.001194,0xfd0977b5bc08d1c86a4f1b98c063eac2537cba45,buy,0xea1f346faf023f974eb5adaf088bbcdf02d761f4,0xe6a2b5872166a7f02d7d6469550f61915fb7f38ba52f799d53db321db300782e
355,260.4645419815543,0.31099466312597585,0x9184c8ff9e07a301748304763bd35ebdec60b671,2017-10-25T21:28:40.000Z,0.001194,0x18cc1bb9853e1348ea8ad4c7868c82beebff06d6,buy,0xea1f346faf023f974eb5adaf088bbcdf02d761f4,0xbd3dfe8cc04f081bc531a41bbe3bc77abf5778158718543e0d75eefe7ebc22e4
356,50,0.05999,0xbf860cbb68e4afabf24236fd01cbb663ce553f6b,2017-10-25T21:26:51.000Z,0.0011998,0xcaab4f28e949dea4e773e09e5b55bd34dbf8b9f3,buy,0xea1f346faf023f974eb5adaf088bbcdf02d761f4,0x4244d42be8dbe837aec07abc963f8e80fb96236cdae156bd4a8dd47ebbd6a2b0
357,5000,6,0xb9f9d6b531546e4c80058bee5749d72ffc76b54f,2017-10-25T21:25:11.000Z,0.0012,0x7c99110a65666f7d7d78211953ac58c7cf1c1d63,buy,0xea1f346faf023f974eb5adaf088bbcdf02d761f4,0xf1b83a9afdaac248bd6300888f445531a70284f8855e36eefe44ab8b23dd1814
358,42,0.05019,0x55aac91538200e3041cbe3a104ea5fdba93c08b5,2017-10-25T21:24:42.000Z,0.001195,0x1bef2b5d795e1d95ad324c6ff12053ac693097d2,buy,0xea1f346faf023f974eb5adaf088bbcdf02d761f4,0x4652c825667e3ad487c19a2f3666db7c7e380910c1c812582e0a09d5b307023c
359,495.36238080644057,0.5349913712709559,0xa94b40c53432f0576e64873ce1cead1aae62fc90,2017-10-25T21:23:51.000Z,0.00108,0x18cc1bb9853e1348ea8ad4c7868c82beebff06d6,buy,0xea1f346faf023f974eb5adaf088bbcdf02d761f4,0x2e8996efeb8eeeaca71a8007f0f44da744211083397d7e49261fb7e9d6929bae
360,98.97846753711197,0.10689674494008093,0x9175c1ef119c1ccd30c398e5374e036e2105ac2b,2017-10-25T21:23:51.000Z,0.00108,0x18cc1bb9853e1348ea8ad4c7868c82beebff06d6,buy,0xea1f346faf023f974eb5adaf088bbcdf02d761f4,0x8a14f4c88eef4111aeeb32220ee80955c4274e0b02ef9794413edd1184161a5b
361,0.000000001938013888,0.000000000002093055,0x99854f319436a38bda35a8dca0369d6d85871162,2017-10-25T21:23:24.000Z,0.0010800000004953525,0x18cc1bb9853e1348ea8ad4c7868c82beebff06d6,buy,0xea1f346faf023f974eb5adaf088bbcdf02d761f4,0x0a15fadcd25b33f20c9ee2f0c783ea6be6a3c5db1e4e30f691a04a7a13aa752a
362,490.9513833801518,0.39276159765550483,0x9175c1ef119c1ccd30c398e5374e036e2105ac2b,2017-10-25T21:22:49.000Z,0.0008000009999999999,0x1a94749b553336f2120d57aa4b90984dca75fd21,sell,0xea1f346faf023f974eb5adaf088bbcdf02d761f4,0xb748ee0c49fbc6a7d64b70554b33ed09a600e83a60d73680cc67ee5c39cb7800
363,500,0.5975,0xa94b40c53432f0576e64873ce1cead1aae62fc90,2017-10-25T21:22:49.000Z,0.001195,0x1bef2b5d795e1d95ad324c6ff12053ac693097d2,buy,0xea1f346faf023f974eb5adaf088bbcdf02d761f4,0xb59a33b70e7a4d0249b818dce1f820696fe65687cc7dc8440ec83b700d780c55
364,0.000000000096673394,0.000000000000105374,0x1884f481c3ad3bd5bce2a9787542cd4d61427ad7,2017-10-25T21:22:32.000Z,0.001090000005585818,0x1a94749b553336f2120d57aa4b90984dca75fd21,buy,0xea1f346faf023f974eb5adaf088bbcdf02d761f4,0x30d56b012d06d8335c836c63cb26251ded432c86907950e46566f436eada670f
365,1000,1.6998,0xfd0977b5bc08d1c86a4f1b98c063eac2537cba45,2017-10-25T21:22:07.000Z,0.0016998,0xcaab4f28e949dea4e773e09e5b55bd34dbf8b9f3,buy,0xea1f346faf023f974eb5adaf088bbcdf02d761f4,0xca3f73a0044b727d5fe12f85b70d81ed2963f31f8124df8ae74030e7cdff809b
366,2990,3.8840099701,0xfd0977b5bc08d1c86a4f1b98c063eac2537cba45,2017-10-25T21:19:58.000Z,0.00129899999,0xe43351bd6cdf6cb64b1dfde1464e98a0c403b631,buy,0xea1f346faf023f974eb5adaf088bbcdf02d761f4,0x81170fed64934c5ccb48649a8bb639a7bb26e00755b201dd97e900065243f729
367,492.4733326687269,0.34473133286810886,0x1a94749b553336f2120d57aa4b90984dca75fd21,2017-10-25T21:17:56.000Z,0.0007,0x4d1c79e86b7561110c628eadd23217f718757bac,sell,0xea1f346faf023f974eb5adaf088bbcdf02d761f4,0xacbfefa56b26b1fce1baaa217681e62feb439a6fd4ed7447452be4eb22fb8e69
368,1000,0.71,0x18cc1bb9853e1348ea8ad4c7868c82beebff06d6,2017-10-25T21:17:01.000Z,0.00071,0x4d1c79e86b7561110c628eadd23217f718757bac,sell,0xea1f346faf023f974eb5adaf088bbcdf02d761f4,0x484427af05de10665678a855401195bdddfb1bfe4a0b9e8c99aee2e1c2df2ccb
369,1000,0.72,0x44525d0e03fedd63445fa53c9aed398ce9df5f06,2017-10-25T21:16:53.000Z,0.00072,0x4d1c79e86b7561110c628eadd23217f718757bac,sell,0xea1f346faf023f974eb5adaf088bbcdf02d761f4,0x7f2ded2c9c5d3d6dd45963767483b398e74bcc64603f6bbf046af1316d4a4d6f
370,0.000016151570574659,0.00000002099542659,0x99854f319436a38bda35a8dca0369d6d85871162,2017-10-25T21:16:26.000Z,0.0012999000000000474,0x23f2030563a7bbb9369eea4447eb1475f51b6bdf,buy,0xea1f346faf023f974eb5adaf088bbcdf02d761f4,0xcdddead69c9eee9b391b6f6edb8744576df27f67f76a9aed905c90f91a746063
371,3000,3.9,0xad8d628c6772c492459db29f92725831720caea0,2017-10-25T21:14:38.000Z,0.0013,0xe43351bd6cdf6cb64b1dfde1464e98a0c403b631,sell,0xea1f346faf023f974eb5adaf088bbcdf02d761f4,0x96782e64e15c336a37e185e919011ab7e8f069f581d3c53568b91f91d71c90ba
372,2000,2.6,0x44525d0e03fedd63445fa53c9aed398ce9df5f06,2017-10-25T21:14:38.000Z,0.0013,0xe43351bd6cdf6cb64b1dfde1464e98a0c403b631,buy,0xea1f346faf023f974eb5adaf088bbcdf02d761f4,0xe7a04bd3ca5fefebe4ece8cbf086d680935bf68bb520fd071c1174de6fa41d4a
373,1400,1.82,0x405183b5c1e41004cd4f7ffd2ac9ceabbe499393,2017-10-25T21:14:38.000Z,0.0013,0xe43351bd6cdf6cb64b1dfde1464e98a0c403b631,sell,0xea1f346faf023f974eb5adaf088bbcdf02d761f4,0x0fb2b35e8fe9ef061c21eca9b7dda675b9d1811392a1387cd60949fc93b0881b
374,0.16200394162632384,0.000210605124114221,0x99854f319436a38bda35a8dca0369d6d85871162,2017-10-25T21:13:46.000Z,0.0013,0xe43351bd6cdf6cb64b1dfde1464e98a0c403b631,buy,0xea1f346faf023f974eb5adaf088bbcdf02d761f4,0xf770bbc9fbe8262ec3821d62749cf0700211926dec128f454a3214e902fc0b20
375,212.53930047426428,0.29755502066397,0xb71d05cf5cdf7a9b15b20b9aab5e91332c271c96,2017-10-25T21:11:48.000Z,0.0014,0x1f70d110e0711803a753d3ff7691b6c4800ed0f6,buy,0xea1f346faf023f974eb5adaf088bbcdf02d761f4,0x687f988c6e05ac32f4758ccad4a8eb378d70c117da572b61ad33087bc55b9f23
376,500,0.7,0xb71d05cf5cdf7a9b15b20b9aab5e91332c271c96,2017-10-25T21:11:11.000Z,0.0014,0x1f70d110e0711803a753d3ff7691b6c4800ed0f6,buy,0xea1f346faf023f974eb5adaf088bbcdf02d761f4,0x0446746d6b07e4b449cdec810fe99d03d077751896c8df6738a41ca33a84cc72
377,2500,4.5,0x4d1c79e86b7561110c628eadd23217f718757bac,2017-10-25T21:10:22.000Z,0.0018,0x3e638ae8aac0db1dff2f36c399a4621db064d43a,buy,0xea1f346faf023f974eb5adaf088bbcdf02d761f4,0xde7c36fffd2b0152fae3da0518311a90a9e497f7d81103c2dabe54ee510315f9
378,240,0.408,0x93699f8040754d5d378eef7b8a34514958169bce,2017-10-25T21:10:22.000Z,0.0017,0x7c99110a65666f7d7d78211953ac58c7cf1c1d63,buy,0xea1f346faf023f974eb5adaf088bbcdf02d761f4,0xd439e130756a42d5378981e6c71ed4a4520ac8a70e009e22ce44f11c3a19807a
379,6.069531120194065,0.010925156016349318,0xf87f0dd514fcef4ecb31453250089bd342084a52,2017-10-25T21:09:12.000Z,0.0018,0x3e638ae8aac0db1dff2f36c399a4621db064d43a,buy,0xea1f346faf023f974eb5adaf088bbcdf02d761f4,0x14b7bfc48232e70c49491159363bb171543377573262088ea6f37d6cee26fe80
380,319.93375866804854,0.6360283122320806,0xc8f22b5eb3e1b8c7e7ba0cc4360518f323e66075,2017-10-25T21:08:18.000Z,0.001988,0xb2c786c8e63d2cb65a68b86b2b8d288c3f0afd0f,buy,0xea1f346faf023f974eb5adaf088bbcdf02d761f4,0xc850bc74c506640575d24d3cfe1f6c3825a92ecc4030c8b577b6b1c3568d8553
381,250,0.497,0xdbb7ad2e0f2adb88b4ed8a000a822d73f3f2cad9,2017-10-25T21:08:14.000Z,0.001988,0xb2c786c8e63d2cb65a68b86b2b8d288c3f0afd0f,buy,0xea1f346faf023f974eb5adaf088bbcdf02d761f4,0x6e7abe6d7edc5ff8b9e4a8ed2bb99856b7a2b5e98fa8aa6805917bcd0b01df0f
382,635.9729074712956,0.572375616724166,0xb7938b1faab8845cc5788f3cc6251b03660ba194,2017-10-25T21:06:34.000Z,0.0009,0x1a54b73bcdabb0c484db6b68ba87144f3b9c4335,buy,0xea1f346faf023f974eb5adaf088bbcdf02d761f4,0xd630e4d21b750d1683ca9bd884f28c2489ed7b489f79fd4b12ad170a5c25d3b9
383,850.86,0.9444546,0xe43351bd6cdf6cb64b1dfde1464e98a0c403b631,2017-10-25T21:06:11.000Z,0.00111,0x939248c057992a444c842909c3459689a80bc6dd,buy,0xea1f346faf023f974eb5adaf088bbcdf02d761f4,0xb0aa824ab1fe12327f7053fef159e2a09971c65ef3fa5d0634598d502aad1c5a
