,amount,amountBase,buyer,date,price,seller,side,tokenAddr,txHash
0,2.272727272727273,0.0005,0x4fda9e6bcd83af6c5cc771b5d20accc2b7720074,2017-11-02T10:25:57.000Z,0.00022,0xcc4ba5a46d82dd48165d95260cd94faa74cb0757,buy,0xc8c6a31a4a806d3710a7b38b7b296d2fabccdba8,0x7f8ea11f81bfc53b02dd2b0226e2f8d99a6f150e3bd1123ee26fd73bbc334a57
1,2.272727272727273,0.0005,0x3075f7f189912f4f425dd7021b9c396434197477,2017-11-02T10:12:35.000Z,0.00022,0xcc4ba5a46d82dd48165d95260cd94faa74cb0757,buy,0xc8c6a31a4a806d3710a7b38b7b296d2fabccdba8,0xb63d1f8956b6e2277f455cc6db4c5185a1d1c13134ea3b73aa875108ed16ce45
2,4523.256362089179,0.9951163996596193,0x5ccba89b73b6ed1643fd0a989fd552a6bbe0efe9,2017-11-01T21:40:56.000Z,0.00022,0xcc4ba5a46d82dd48165d95260cd94faa74cb0757,buy,0xc8c6a31a4a806d3710a7b38b7b296d2fabccdba8,0x26041b844a1663759c124b830a56386da01fede9b2b36e3971d12aeb39ac4151
3,2000,0.44,0xe723b44adeba0306e27360a9f515a83457990476,2017-11-01T16:30:04.000Z,0.00022,0x13b34604ccc38b5d4b058dd6661c5ec3b13ef045,buy,0xc8c6a31a4a806d3710a7b38b7b296d2fabccdba8,0x1b4eb8d3355e2b60e65f2e94d05a1c53073089afafc6c9ce2fd68cda7991d204
4,190,0.0437,0xbe6b2873892ee57dea783f515788a397069af3e6,2017-11-01T14:06:52.000Z,0.00023,0xcd03e8b9dcbfb3100de5b01d5bf6fd499a12bac4,buy,0xc8c6a31a4a806d3710a7b38b7b296d2fabccdba8,0x820811f0e0229041b3f941f40112a4a1f3606449debbb86f0e8e6b909e651e9f
5,816.0468820645474,0.1827945015824586,0xbe6b2873892ee57dea783f515788a397069af3e6,2017-11-01T14:03:57.000Z,0.000224,0x1fdf047bf7a114b37e7936d01e9cad754ad18803,buy,0xc8c6a31a4a806d3710a7b38b7b296d2fabccdba8,0xca9089cb45ed10fe761a7bf66a9a39795e14b749d3e28eca15141ad34c908d7c
6,771.036,0.16962792,0xe723b44adeba0306e27360a9f515a83457990476,2017-11-01T12:29:19.000Z,0.00022,0x19bf4a9255d0a751e2e46842431e930f4ff838dd,buy,0xc8c6a31a4a806d3710a7b38b7b296d2fabccdba8,0xe757594313c6ba29558d860c4ee616dcb02def84e56dedc183122be9cecace78
7,1480,0.3108,0xe723b44adeba0306e27360a9f515a83457990476,2017-11-01T12:28:12.000Z,0.00021,0x13b34604ccc38b5d4b058dd6661c5ec3b13ef045,buy,0xc8c6a31a4a806d3710a7b38b7b296d2fabccdba8,0xeea77c196d6aaf33c41ac64aa78070f06d86bc6448646af4b1020dd4bdad9c5d
8,1000,0.22,0x70d692072e72e1b4b26b01be1541cb46af42d8cb,2017-11-01T06:57:53.000Z,0.00022,0x19bf4a9255d0a751e2e46842431e930f4ff838dd,buy,0xc8c6a31a4a806d3710a7b38b7b296d2fabccdba8,0x5707cb134b56857ef7f4fed76aaaf9265c57295c2d6a24214bcead826eb61969
9,925,0.1739925,0x7d878c82755b4831bb18b5df0b8fdf1e82cd61a2,2017-11-01T04:42:15.000Z,0.0001881,0x13b34604ccc38b5d4b058dd6661c5ec3b13ef045,buy,0xc8c6a31a4a806d3710a7b38b7b296d2fabccdba8,0xf3f36aab2f7977b02ecfc7e78f56274c5b24570ffd7f9cb05246e8765c2a0722
10,4250,0.935,0x85cf746d3b613ea225a5721807d2b4e94138557d,2017-11-01T02:06:32.000Z,0.00022,0x19bf4a9255d0a751e2e46842431e930f4ff838dd,buy,0xc8c6a31a4a806d3710a7b38b7b296d2fabccdba8,0x471f6646f3beacf6201a12e32796592a52fa0f12cb16067be10236bb90228c2e
11,104.87488784767221,0.023072475326487887,0xfb23b6dc6d7a7cee03745662a5217487e51d5100,2017-10-31T22:37:58.000Z,0.00021999999999999998,0x3336c63be5a4e3573eb75b92e29a2ee7bafa0e4b,sell,0xc8c6a31a4a806d3710a7b38b7b296d2fabccdba8,0x7457974ac16adce1751f1ae5afdfb9ccbb0b7b6dc4d7473b4e5fad99c3d77f8d
12,309,0.057165,0x3336c63be5a4e3573eb75b92e29a2ee7bafa0e4b,2017-10-31T21:10:34.000Z,0.000185,0x7324861416a7f90e89d667fec14a3c19c82623c1,sell,0xc8c6a31a4a806d3710a7b38b7b296d2fabccdba8,0xd1798b145b6192e4a601964ad407e908eb8aba6e87cd661615b7c4cf9103e81f
13,81,0.015795,0x5702c4d0cad96be96a2499e675f450c8b69dfc35,2017-10-31T21:00:44.000Z,0.000195,0x7324861416a7f90e89d667fec14a3c19c82623c1,sell,0xc8c6a31a4a806d3710a7b38b7b296d2fabccdba8,0x9624505bcaeee0fa66428f3508921facce3bcc33f40a84afd5360962139b5f53
14,0.019876574225920977,0.000003677166231795,0x3336c63be5a4e3573eb75b92e29a2ee7bafa0e4b,2017-10-31T15:43:25.000Z,0.0001849999999999808,0x3e4a97035e332bcdbc34b0e3ba73fe69b25523b3,sell,0xc8c6a31a4a806d3710a7b38b7b296d2fabccdba8,0xf36b3a46c62f0c9927d1bba0358396192a8cd8ce4f7ac5781c717e5bde04640e
15,199.38191606021334,0.036885654471139465,0x3336c63be5a4e3573eb75b92e29a2ee7bafa0e4b,2017-10-31T15:39:14.000Z,0.000185,0x3e4a97035e332bcdbc34b0e3ba73fe69b25523b3,sell,0xc8c6a31a4a806d3710a7b38b7b296d2fabccdba8,0xc7843992fe52fc8c89f356d3e79c050349b9c149ae32c9a69ca4a64b4162221a
16,4.725717935452652,0.001058560817541394,0xe723b44adeba0306e27360a9f515a83457990476,2017-10-31T13:23:19.000Z,0.000224,0x1fdf047bf7a114b37e7936d01e9cad754ad18803,buy,0xc8c6a31a4a806d3710a7b38b7b296d2fabccdba8,0x661134d84f5900135db9894fdb1f170eba339d24c90bd0d464a94eff68fd8a50
17,0.0002,1.2,0xe723b44adeba0306e27360a9f515a83457990476,2017-10-31T12:52:24.000Z,6000,0x273a5d3e6721b9f5c1a6474f560c1334c63dda01,sell,0xc8c6a31a4a806d3710a7b38b7b296d2fabccdba8,0xc93dbadf4417c0d102491bd468c6304bf7b530ad869e34aea8909997931749c0
18,100,0.0224,0x297a579da3eb123fd74109be43293454e0f88a1d,2017-10-31T11:09:03.000Z,0.000224,0x1fdf047bf7a114b37e7936d01e9cad754ad18803,buy,0xc8c6a31a4a806d3710a7b38b7b296d2fabccdba8,0x94fb777c9bf4c3a9acc0559b08bdb79e82b6a89295d85ea3669e2a668b2a153c
19,0.023886255730045904,0.000004418957310058,0x3336c63be5a4e3573eb75b92e29a2ee7bafa0e4b,2017-10-31T09:52:14.000Z,0.00018499999999997937,0x009a12d4290630bc01fd82516ac57c1dc6a9bcfb,sell,0xc8c6a31a4a806d3710a7b38b7b296d2fabccdba8,0x56530635f8123d7c9d754673cf683c6ec50a6c0223697f3631c7d76b56a4df85
20,1.8811490058126,0.000353656013092768,0x5a91def498b2dd9c6995f92e03412574ad8c1672,2017-10-31T07:22:27.000Z,0.00018799999999999958,0xe444a40689f51f63bcd29910622035707d533d29,sell,0xc8c6a31a4a806d3710a7b38b7b296d2fabccdba8,0x491698fd95873eed3f27c4541c450588e0d96defcc5c1a9a0ef1c4e0ca9d02a1
21,922.1503897726417,0.18443007795452834,0xcb1e29ba2a38c5bb8c6af706097195bf5d536e73,2017-10-31T05:59:25.000Z,0.0002,0x5a91def498b2dd9c6995f92e03412574ad8c1672,buy,0xc8c6a31a4a806d3710a7b38b7b296d2fabccdba8,0x1f0bb1078d4fbccf1d08d4891381a64bedd47812ac134583017b8206161f44c9
22,0.011686914578385343,0.000002173766111579,0xfbf7dc0756a9768d0c71aea5f8421f3b1eaee7d1,2017-10-31T05:33:43.000Z,0.00018599999999994234,0xc59c4ac2406d787d784da00608bea931d56354ae,sell,0xc8c6a31a4a806d3710a7b38b7b296d2fabccdba8,0x8e7870a3d6ddee3783aef9160418a1fa1019f8fb842ec96aaaca627bc9e8578f
23,99,0.022077,0x557458cf2d822645f47164d59c727fad98509450,2017-10-31T03:55:36.000Z,0.000223,0xfbf7dc0756a9768d0c71aea5f8421f3b1eaee7d1,buy,0xc8c6a31a4a806d3710a7b38b7b296d2fabccdba8,0x3d55330e230eb0ecb400c9aaec1acb90a9635cc4ff308f8a98a9f17dcccce8e0
24,259,0.1113441,0x557458cf2d822645f47164d59c727fad98509450,2017-10-31T03:54:41.000Z,0.0004299,0x7b6b2f3c88ce2ecedc01c545f13faf36034d772f,buy,0xc8c6a31a4a806d3710a7b38b7b296d2fabccdba8,0xb98d43baf8080896e70d02f5c8dc0ce26538e58f1a4e776dedc136dbfaa488d1
25,924.1351809390889,0.16827577509719868,0x5a91def498b2dd9c6995f92e03412574ad8c1672,2017-10-31T01:38:37.000Z,0.00018208999999999999,0xb00548770ea87482f024cd4292a975fea72e8f01,sell,0xc8c6a31a4a806d3710a7b38b7b296d2fabccdba8,0xf7b700e7cbd3831f9e1f021a0c19e2f23e0b57b8dcbaf38782130693b22650d2
26,1,0.000224,0x6cdea8e07bf82d7a07dbf36642d6e5be8623845c,2017-10-30T14:00:21.000Z,0.000224,0xfbf7dc0756a9768d0c71aea5f8421f3b1eaee7d1,buy,0xc8c6a31a4a806d3710a7b38b7b296d2fabccdba8,0xc804324c8eced6c60a0c58c6c80877cb03c5d86df983d376d352045fc6bfe392
27,807.6944676683773,0.1809235607577165,0xe723b44adeba0306e27360a9f515a83457990476,2017-10-30T11:34:55.000Z,0.000224,0xfbf7dc0756a9768d0c71aea5f8421f3b1eaee7d1,buy,0xc8c6a31a4a806d3710a7b38b7b296d2fabccdba8,0x9c4c84dfae50a3739f64f6c2a86e39e6c9bf1454b76bc2793b580bd4136344e5
28,807.6944676683773,0.1809235607577165,0xe723b44adeba0306e27360a9f515a83457990476,2017-10-30T11:34:09.000Z,0.000224,0xfbf7dc0756a9768d0c71aea5f8421f3b1eaee7d1,buy,0xc8c6a31a4a806d3710a7b38b7b296d2fabccdba8,0x9c4c84dfae50a3739f64f6c2a86e39e6c9bf1454b76bc2793b580bd4136344e5
29,22741.485964530937,4.0934674736155685,0x7f427765bb3d5a97ff1cea9ac99c0879497a6163,2017-10-30T08:41:06.000Z,0.00017999999999999998,0x4ada1db1c3157964cba9146967625f6b77e44da0,sell,0xc8c6a31a4a806d3710a7b38b7b296d2fabccdba8,0xf310e4d7123d8b531f7240c0f0a1df9f51dcdfb1d9263fe4494444bc01e35121
30,1397,0.25146,0x7f427765bb3d5a97ff1cea9ac99c0879497a6163,2017-10-30T03:56:15.000Z,0.00018,0xd1f9eb61ad476170a6ac5e6ccf064b3306e54e44,sell,0xc8c6a31a4a806d3710a7b38b7b296d2fabccdba8,0x0fc36d4604ff1b4470dc0e3d628d6ef36ed9a0c808fb3568fbbe888d2d8ee394
31,101.873,0.0203746,0xe4bbba7bedcb7bab98a14e59a723d4338abc1e62,2017-10-30T03:54:27.000Z,0.0002,0xd1f9eb61ad476170a6ac5e6ccf064b3306e54e44,sell,0xc8c6a31a4a806d3710a7b38b7b296d2fabccdba8,0x38c9b98cf9289fd0d557b8a347bf69c6d6d5efa0702cde0122075af92a743ab6
32,523.1938217064794,0.10751633036068152,0x7f1619e24052ce0f6bfad97f10c05c8e1b738a9d,2017-10-30T03:54:18.000Z,0.00020549999999999998,0xd1f9eb61ad476170a6ac5e6ccf064b3306e54e44,sell,0xc8c6a31a4a806d3710a7b38b7b296d2fabccdba8,0x119b2a242bda001cc224b7e6c01592b789d70c1a563ccf43939654386306f09e
33,1.8061782935206,0.000371169639318483,0x7f1619e24052ce0f6bfad97f10c05c8e1b738a9d,2017-10-30T02:17:17.000Z,0.00020549999999999982,0x379374d13077e8867ef31803c37baf9785a17c00,sell,0xc8c6a31a4a806d3710a7b38b7b296d2fabccdba8,0xc02d96a5e17e397b40f1eff9f9458296e3f107f77ed1655097b1deef19c56136
34,585.5,0.1200275,0xe723b44adeba0306e27360a9f515a83457990476,2017-10-29T18:51:35.000Z,0.000205,0xdc8cc8afae1804d6e2ea8c7557c7bf3baf0fb904,buy,0xc8c6a31a4a806d3710a7b38b7b296d2fabccdba8,0xd87c690f1f52a7d95b7c78dd8a09ecaffe39ba44f8cf54f76cf68460562be249
35,0.3220348396665208,0.0000644101882817,0xbe6b2873892ee57dea783f515788a397069af3e6,2017-10-29T12:43:47.000Z,0.00020000999999999743,0x568092afe9cfc927614f14b97be86c49387eab61,sell,0xc8c6a31a4a806d3710a7b38b7b296d2fabccdba8,0x627f0ca8298424ed2e00d2916513cdb812aab8d76eb1db1463b006e9f3b109fb
36,1494.0995945919233,0.29881991891838466,0xe723b44adeba0306e27360a9f515a83457990476,2017-10-29T12:28:31.000Z,0.00019999999999999998,0x61a8039a2a68e6bc9a4eef5d1705a0561915a4b3,sell,0xc8c6a31a4a806d3710a7b38b7b296d2fabccdba8,0xeb32c38c338d99dbdbc7a6feb9934272cb8c420bf9e16d35edffae52e232df0a
37,1340,0.34974,0x1ccc92f604e6122a9fc9966cb06aa2677b4140cd,2017-10-29T12:09:10.000Z,0.000261,0xfbf7dc0756a9768d0c71aea5f8421f3b1eaee7d1,buy,0xc8c6a31a4a806d3710a7b38b7b296d2fabccdba8,0xf9748e31c286b444fa019c5e81bf00fa55e70f24a2d35f5b8afb42a57cbf5a6f
38,1100,0.2871,0x1ccc92f604e6122a9fc9966cb06aa2677b4140cd,2017-10-29T11:46:58.000Z,0.000261,0xfbf7dc0756a9768d0c71aea5f8421f3b1eaee7d1,buy,0xc8c6a31a4a806d3710a7b38b7b296d2fabccdba8,0x545ab33155f22d04bdcadd90757d7364220fc6e4da1bb01ca503f60ea7901b5e
39,500,0.1,0xe723b44adeba0306e27360a9f515a83457990476,2017-10-29T09:34:18.000Z,0.0002,0x61a8039a2a68e6bc9a4eef5d1705a0561915a4b3,sell,0xc8c6a31a4a806d3710a7b38b7b296d2fabccdba8,0x2e1344754ff7917477a7f26d540dfa80e2fd304e1d23db9e183091079bdc6356
40,1061.9518403217749,0.21770012726596383,0xcd03e8b9dcbfb3100de5b01d5bf6fd499a12bac4,2017-10-29T08:03:27.000Z,0.000205,0x8ed8094272868a9060c352a6c834922ade438667,buy,0xc8c6a31a4a806d3710a7b38b7b296d2fabccdba8,0x95eeed56053501538eba564d5441fdcc0596fa232641ffbf106bd35ffda40023
41,110,0.022,0xe723b44adeba0306e27360a9f515a83457990476,2017-10-29T06:12:24.000Z,0.0002,0x61a8039a2a68e6bc9a4eef5d1705a0561915a4b3,sell,0xc8c6a31a4a806d3710a7b38b7b296d2fabccdba8,0xd127bcd07aae52712caabb35044f49e427db1ef97e7dd3c5826d3204b68bc426
42,5000,1.025,0xad6311e899ca6b6e8f3a475a34a570a8706790b4,2017-10-29T06:08:59.000Z,0.000205,0x8ed8094272868a9060c352a6c834922ade438667,buy,0xc8c6a31a4a806d3710a7b38b7b296d2fabccdba8,0x13555ace8161b2e807a79caa5ad2b55dc06779ba7c3d9abf4ae3939816baa498
43,2.274367802907006,0.000482441172720436,0x842050f1f2b847e89e57cd1b95b322899970a1cc,2017-10-29T06:08:59.000Z,0.00021212099999999955,0x1d5321e125f6c7079a716705541c7b371ca79e69,sell,0xc8c6a31a4a806d3710a7b38b7b296d2fabccdba8,0x5327feece242d13c594c0ab63c4545807cc78876ebe0e2d273b931e4d24d3761
44,2.281190906315727,0.000467644135794724,0x1d5321e125f6c7079a716705541c7b371ca79e69,2017-10-29T06:08:59.000Z,0.000205,0x8ed8094272868a9060c352a6c834922ade438667,buy,0xc8c6a31a4a806d3710a7b38b7b296d2fabccdba8,0x5327feece242d13c594c0ab63c4545807cc78876ebe0e2d273b931e4d24d3761
45,760.3969687719095,0.15588137859824144,0x273a5d3e6721b9f5c1a6474f560c1334c63dda01,2017-10-29T06:05:31.000Z,0.000205,0x8ed8094272868a9060c352a6c834922ade438667,buy,0xc8c6a31a4a806d3710a7b38b7b296d2fabccdba8,0x548b253479fef2642185f76999dac844b4657496aef8b352edbe0c0ea752212d
46,758.1157778655938,0.1608122769166276,0x842050f1f2b847e89e57cd1b95b322899970a1cc,2017-10-29T06:05:31.000Z,0.00021212099999999998,0x273a5d3e6721b9f5c1a6474f560c1334c63dda01,sell,0xc8c6a31a4a806d3710a7b38b7b296d2fabccdba8,0x548b253479fef2642185f76999dac844b4657496aef8b352edbe0c0ea752212d
47,239.60303122809046,0.05082483458713378,0x842050f1f2b847e89e57cd1b95b322899970a1cc,2017-10-29T04:26:46.000Z,0.00021212099999999998,0x009a12d4290630bc01fd82516ac57c1dc6a9bcfb,sell,0xc8c6a31a4a806d3710a7b38b7b296d2fabccdba8,0xa2261747784046058041fec57fccc8a9e0289619aff5783e71a05a280e3e9382
48,50,0.0132499995,0xc8db1a833c10666879cacbdc5ca2afaf4bb8aabc,2017-10-29T01:48:04.000Z,0.00026499999,0xbcce870909b3dbbe28f744f69b080dbdeeb7748a,buy,0xc8c6a31a4a806d3710a7b38b7b296d2fabccdba8,0xba45053f68f5bf4d10b4bc1a76e05b816324805104e4e2f4fa209eeffde29577
49,19.289579514945714,0.005111738378564819,0x5702c4d0cad96be96a2499e675f450c8b69dfc35,2017-10-29T01:00:25.000Z,0.00026499999,0xbcce870909b3dbbe28f744f69b080dbdeeb7748a,buy,0xc8c6a31a4a806d3710a7b38b7b296d2fabccdba8,0xff325a66a2b76a4fb47d50ade0baced3136e8ab090ea108c9de447db9bf2d2c2
50,1500,0.21,0xd445f61ebca3d6b4c57eef1f39fdab6595ef8972,2017-10-28T22:57:02.000Z,0.00014,0x431aaa37a3134ce0c520f2fb6fa96cb1a5b18a79,buy,0xc8c6a31a4a806d3710a7b38b7b296d2fabccdba8,0x7af9644b82185f0afa41e171f4f23a16b6a95803c65be1dc3c2201ab4d1dbb8e
51,1495.5,0.2991,0xe723b44adeba0306e27360a9f515a83457990476,2017-10-28T22:57:02.000Z,0.0002,0xd445f61ebca3d6b4c57eef1f39fdab6595ef8972,sell,0xc8c6a31a4a806d3710a7b38b7b296d2fabccdba8,0x7af9644b82185f0afa41e171f4f23a16b6a95803c65be1dc3c2201ab4d1dbb8e
52,443,0.08417,0x273a5d3e6721b9f5c1a6474f560c1334c63dda01,2017-10-28T22:19:57.000Z,0.00019,0x493a2afd4d49a26fe1d9e2009af23308676a0657,buy,0xc8c6a31a4a806d3710a7b38b7b296d2fabccdba8,0xbfa940182163568aad375b9f7836e6de1474d06b4091924f079ac0efc6e90aab
53,441.671,0.086125845,0xf84bfa23c2ab766c47056011b26e2d12ade5c754,2017-10-28T22:19:57.000Z,0.000195,0x273a5d3e6721b9f5c1a6474f560c1334c63dda01,sell,0xc8c6a31a4a806d3710a7b38b7b296d2fabccdba8,0xbfa940182163568aad375b9f7836e6de1474d06b4091924f079ac0efc6e90aab
54,50,0.0095,0xe723b44adeba0306e27360a9f515a83457990476,2017-10-28T22:17:57.000Z,0.00019,0x493a2afd4d49a26fe1d9e2009af23308676a0657,buy,0xc8c6a31a4a806d3710a7b38b7b296d2fabccdba8,0x065c9754f5ea1eac2d15e5527108c333abce45c87b7add7785873f7b0651caea
55,6.134775500201882,0.001000035889063408,0xb8dd9811d6cf2e6bb69d4db7e6134cbeda4c79a1,2017-10-28T20:46:06.000Z,0.00016301099999999983,0x009a12d4290630bc01fd82516ac57c1dc6a9bcfb,sell,0xc8c6a31a4a806d3710a7b38b7b296d2fabccdba8,0x9ca21ed2365e79e762a0a9dd3bc2cc00dabe17e2fb304c98713d8e5431549903
56,697.407,0.1394814,0x3c57707290869e5c73c3282e28d2f1a19dd5c65c,2017-10-28T20:34:07.000Z,0.0002,0x009a12d4290630bc01fd82516ac57c1dc6a9bcfb,sell,0xc8c6a31a4a806d3710a7b38b7b296d2fabccdba8,0x1624a2b9e365383b5f668e46dde561e273858d3c8bfd9f3259c94479f96dab5f
57,76.229,0.012426165519,0xb8dd9811d6cf2e6bb69d4db7e6134cbeda4c79a1,2017-10-28T20:34:07.000Z,0.000163011,0x009a12d4290630bc01fd82516ac57c1dc6a9bcfb,sell,0xc8c6a31a4a806d3710a7b38b7b296d2fabccdba8,0x68df6a08fe165a099354f6309afef7631d9e343974dca390e200588fc0874d64
58,471.494,0.098070752,0xad6311e899ca6b6e8f3a475a34a570a8706790b4,2017-10-28T20:34:07.000Z,0.000208,0x009a12d4290630bc01fd82516ac57c1dc6a9bcfb,sell,0xc8c6a31a4a806d3710a7b38b7b296d2fabccdba8,0xa2e1b61e8036bc3c761e7f31dde70049c004e86a7dfd4ca249019f95d2a77714
59,1.8867924528301887,0.0005,0x34f9560c63078eb61872a4dc2ccd20e21c34feaf,2017-10-28T20:30:56.000Z,0.000265,0xfbf7dc0756a9768d0c71aea5f8421f3b1eaee7d1,buy,0xc8c6a31a4a806d3710a7b38b7b296d2fabccdba8,0xc9b5cd4af99b813e37354dd7cf13ed0399789bf5f101e4630410a3040acc670b
60,1.8867924528301887,0.0005,0xe444a40689f51f63bcd29910622035707d533d29,2017-10-28T20:21:57.000Z,0.000265,0xfbf7dc0756a9768d0c71aea5f8421f3b1eaee7d1,buy,0xc8c6a31a4a806d3710a7b38b7b296d2fabccdba8,0x12f17181bda42cb44ff74d73f1e635b470e61dd3809d861ea08faf673b7b65af
61,1495.3643704516,0.22430465556774,0x009a12d4290630bc01fd82516ac57c1dc6a9bcfb,2017-10-28T20:17:38.000Z,0.00015,0x0cc3d0723d8f8fe815a0c0ddb69ec6d51a8b4cba,sell,0xc8c6a31a4a806d3710a7b38b7b296d2fabccdba8,0x67857220f6e4eabe8f5fa76c4d5f0bcbe33d70e7c30050b7371f8feae0d55f28
62,553.284817067092,0.11065696341341841,0x3c57707290869e5c73c3282e28d2f1a19dd5c65c,2017-10-28T17:20:48.000Z,0.00019999999999999998,0x1579c988f8c718e170406a057ac44bf7a61feda7,sell,0xc8c6a31a4a806d3710a7b38b7b296d2fabccdba8,0xa9fea068002e8e5ed3a7928e8f8bfacf26e59ec3faa3fe4c6257c08fe8f368bb
63,1267.3078090879274,0.25346156181758545,0x3c57707290869e5c73c3282e28d2f1a19dd5c65c,2017-10-28T17:14:59.000Z,0.00019999999999999998,0x1ed014aec47fae44c9e55bac7662c0b78ae61798,sell,0xc8c6a31a4a806d3710a7b38b7b296d2fabccdba8,0x3ef1e433c1a6e32f3312c8805e02fe60f8134c0ddb814ef6a7644319726ebc88
64,0.2,0.0000416,0xad6311e899ca6b6e8f3a475a34a570a8706790b4,2017-10-28T16:04:01.000Z,0.000208,0x2a02904c2d7510a28d184387aab187478182a60b,sell,0xc8c6a31a4a806d3710a7b38b7b296d2fabccdba8,0x1708000eb069fc75da54323f30f6322fa3492c039fa27f08cbd0e9027a4fc571
65,2035.8059867910476,0.4234476452525379,0xad6311e899ca6b6e8f3a475a34a570a8706790b4,2017-10-28T16:02:36.000Z,0.000208,0x2a02904c2d7510a28d184387aab187478182a60b,sell,0xc8c6a31a4a806d3710a7b38b7b296d2fabccdba8,0x9d4a57d1cf9dd29ce3f4ac1bae0419d496137aee8061fe0fb78cd9e9dabf5832
66,2500,0.52025,0xb38bc467ab6d5ff0dd261828682eaa169feacb80,2017-10-28T16:00:55.000Z,0.0002081,0x2a02904c2d7510a28d184387aab187478182a60b,sell,0xc8c6a31a4a806d3710a7b38b7b296d2fabccdba8,0x8ccf0e9c40641830687d569e8f19dc4d8d3f1de05161c9a5744003bf835945d4
67,2492.5,0.51844,0xad6311e899ca6b6e8f3a475a34a570a8706790b4,2017-10-28T14:47:21.000Z,0.000208,0x273a5d3e6721b9f5c1a6474f560c1334c63dda01,sell,0xc8c6a31a4a806d3710a7b38b7b296d2fabccdba8,0xb92be6bbb849b0b4ae6d7e784a1b456daaf07917809bcd7388c8e2071b512a0e
68,2500,0.5,0x273a5d3e6721b9f5c1a6474f560c1334c63dda01,2017-10-28T14:47:21.000Z,0.0002,0x431aaa37a3134ce0c520f2fb6fa96cb1a5b18a79,buy,0xc8c6a31a4a806d3710a7b38b7b296d2fabccdba8,0xb92be6bbb849b0b4ae6d7e784a1b456daaf07917809bcd7388c8e2071b512a0e
69,5482.005782075566,1.2224872894028511,0x3c57707290869e5c73c3282e28d2f1a19dd5c65c,2017-10-27T22:49:20.000Z,0.000223,0xfebed3f7333f028aaf315e7aa6bddf28da95f853,sell,0xc8c6a31a4a806d3710a7b38b7b296d2fabccdba8,0x5572bc890b73110f9877176a388dcb20c053b44525e0ebe2518a7865ef6fdd4d
70,121.83603733916092,0.02765678047598953,0xfbf7dc0756a9768d0c71aea5f8421f3b1eaee7d1,2017-10-27T18:38:41.000Z,0.000227,0xa66629220afb166cba1993138c15cbd96b6dc0ab,sell,0xc8c6a31a4a806d3710a7b38b7b296d2fabccdba8,0xee88ebd2873389477a20fd00f18b63ed293f19dbe5e9ee530055f280f27c3cf7
71,144.81162014097777,0.03274190731387507,0xca4381d2a5779a297e0bfb82cfef79536696c519,2017-10-27T18:30:31.000Z,0.0002261,0xa66629220afb166cba1993138c15cbd96b6dc0ab,sell,0xc8c6a31a4a806d3710a7b38b7b296d2fabccdba8,0xb1999b3be965998b47a39c7518dbe034cb78fb3dda039e5c2349b360187a5b98
72,3230.33147669487,0.7332852452097356,0xfbf7dc0756a9768d0c71aea5f8421f3b1eaee7d1,2017-10-27T17:50:34.000Z,0.000227,0x568092afe9cfc927614f14b97be86c49387eab61,sell,0xc8c6a31a4a806d3710a7b38b7b296d2fabccdba8,0x85dee38220f0cd26f5523496f00aedacc35409771ad1297f9b582960c523e6b6
73,10.188379859022241,0.002303592686124928,0xca4381d2a5779a297e0bfb82cfef79536696c519,2017-10-27T13:53:14.000Z,0.00022609999999999994,0xfbf7dc0756a9768d0c71aea5f8421f3b1eaee7d1,sell,0xc8c6a31a4a806d3710a7b38b7b296d2fabccdba8,0x7581dd6cc27f485ef5235f347acfc72fc9a9c48e147536bd054e772fd05f8eef
74,150,0.0408,0xe723b44adeba0306e27360a9f515a83457990476,2017-10-27T13:18:53.000Z,0.000272,0xfbf7dc0756a9768d0c71aea5f8421f3b1eaee7d1,buy,0xc8c6a31a4a806d3710a7b38b7b296d2fabccdba8,0xeb1257211955fc3b81023120fd406fda7862c3345d21518365e64a4ba49786bd
75,1208,0.270593208,0xcd03e8b9dcbfb3100de5b01d5bf6fd499a12bac4,2017-10-27T12:38:04.000Z,0.000224001,0xfa3e502f2fcc0e94b8fa473450e6422c452d4ab3,buy,0xc8c6a31a4a806d3710a7b38b7b296d2fabccdba8,0x963201f5c0d15d2c0ed4d02c8e796fffd99f9937a8eef8469a38fbab9fe001b4
76,0.6824392034369726,0.000153890040375037,0x7f1619e24052ce0f6bfad97f10c05c8e1b738a9d,2017-10-27T07:35:52.000Z,0.00022549999999999952,0x9593cfc4d8cfdebab7edc8dff7b8e746596edf12,sell,0xc8c6a31a4a806d3710a7b38b7b296d2fabccdba8,0x3148342e2d3557e60b5d90c43482898287fe68e1ce4453d6072c3488ff904c01
77,498.45479015053337,0.11240155517894528,0x7f1619e24052ce0f6bfad97f10c05c8e1b738a9d,2017-10-27T06:30:57.000Z,0.00022549999999999998,0x7e0a17e8d277eebf176b7d6d7453266e9cf931cc,sell,0xc8c6a31a4a806d3710a7b38b7b296d2fabccdba8,0xf761236a6078ca90fc11520985646737a010495a0c811baa142eeff867595ea3
78,600,0.1494,0xc93aae133a47b3e6b2af3c2bfb6219c3171c9d91,2017-10-27T05:48:56.000Z,0.000249,0xfbf7dc0756a9768d0c71aea5f8421f3b1eaee7d1,buy,0xc8c6a31a4a806d3710a7b38b7b296d2fabccdba8,0xd2ba64701897cd83a6a119ab9fc236c8f1febb018b8418a9aaee57908edc3314
79,1535.452,0.383863,0xc93aae133a47b3e6b2af3c2bfb6219c3171c9d91,2017-10-27T05:47:57.000Z,0.00025,0x2a40c5a487c50857a5d00256184d094e0d236352,buy,0xc8c6a31a4a806d3710a7b38b7b296d2fabccdba8,0x51c22029613e8757224a82fe2ef9335362f49dbbd9ed484e5b2e0006b04e6be7
80,382.0713908705364,0.08558399155500016,0xfbf7dc0756a9768d0c71aea5f8421f3b1eaee7d1,2017-10-26T14:03:52.000Z,0.000224,0x43a458077411a3470e5fee62a243e869399046cc,sell,0xc8c6a31a4a806d3710a7b38b7b296d2fabccdba8,0x557ac9acd495d4be9ffc41114b7ad60cd48e751e327d0e76a25e726490516eee
81,5000,1.1250005,0xbcce870909b3dbbe28f744f69b080dbdeeb7748a,2017-10-26T14:02:40.000Z,0.0002250001,0x43a458077411a3470e5fee62a243e869399046cc,sell,0xc8c6a31a4a806d3710a7b38b7b296d2fabccdba8,0xb3e0de28cc6b798590821d702bf7bdc6beec6d26db2b5da0992ed54b275f0023
82,1000,0.275,0xaeb9135c6ca07d773a96280e2351f913ae626ce6,2017-10-26T12:48:37.000Z,0.000275,0xcd03e8b9dcbfb3100de5b01d5bf6fd499a12bac4,buy,0xc8c6a31a4a806d3710a7b38b7b296d2fabccdba8,0x7d994f5a4302e967adb5573b442933bb49428d3ba55ae4dbc83fb0821280517c
83,0.14007936179420907,0.000031270336171406,0x568cbdd99da79418f81fb5304661c18b84e7b609,2017-10-26T02:07:53.000Z,0.0002232329999999952,0xf5bedf0fdb48e812d91b352e5ffa9c402ce6bbf4,sell,0xc8c6a31a4a806d3710a7b38b7b296d2fabccdba8,0x82bd2c4d8282cd74d472371d145b84bcd23ff285e8fa1d922bc9ed68e6494295
84,3240.345504272624,0.7290777384613405,0x568092afe9cfc927614f14b97be86c49387eab61,2017-10-25T19:17:59.000Z,0.000225,0xd0688e7a444d19ef2a94f14dfaf104a86b8acf5c,sell,0xc8c6a31a4a806d3710a7b38b7b296d2fabccdba8,0x3529f5c1eea613745ca4436638f662b86656161e4792473b78f51ebbd505da0e
85,13,0.002902029,0x568cbdd99da79418f81fb5304661c18b84e7b609,2017-10-25T18:38:12.000Z,0.000223233,0x67c57c24e34d77c6a37a08b3d478cc731c027229,sell,0xc8c6a31a4a806d3710a7b38b7b296d2fabccdba8,0xd6038289d30ff90d8779569c625fd036074d778e866c91e0e75e85906facb9de
86,359.04161686771005,0.07432161469161598,0x56cb1f3ea94afb3ba9458e7b1c78099dfe1ad6dd,2017-10-25T18:32:46.000Z,0.000207,0xfbbb9992467ce6040f10548fe29e28c3b63e6792,sell,0xc8c6a31a4a806d3710a7b38b7b296d2fabccdba8,0x85d530886107cc0956e96d25e8b96730a9bc131dae184f33609cb086bf8a172d
87,49.0852377403969,0.018111961873829054,0xcb1e29ba2a38c5bb8c6af706097195bf5d536e73,2017-10-25T18:18:34.000Z,0.00036899,0x6446896b10465549af133800f86155f48a188943,buy,0xc8c6a31a4a806d3710a7b38b7b296d2fabccdba8,0x8addc957491943e68481696c3610eb94bc6df4f3ab439356a124b1da5e8556b5
88,50,0.01375,0xe723b44adeba0306e27360a9f515a83457990476,2017-10-25T18:07:00.000Z,0.000275,0xcd03e8b9dcbfb3100de5b01d5bf6fd499a12bac4,buy,0xc8c6a31a4a806d3710a7b38b7b296d2fabccdba8,0xaf2c5d3d05ff134962491f68e8b21e103860531e3ea2853ae8af24d5afcb1bbc
89,450,0.11115,0x0c9d3a9a5b5d13ee2dee57abd74384fcadc35946,2017-10-25T18:03:05.000Z,0.000247,0x6446896b10465549af133800f86155f48a188943,sell,0xc8c6a31a4a806d3710a7b38b7b296d2fabccdba8,0xabd514d6b6307410bec785879e6bd04aa74bca4235601dac96e69ea71ce44e2a
90,7250,1.8125,0xe723b44adeba0306e27360a9f515a83457990476,2017-10-25T18:00:16.000Z,0.00025,0x6446896b10465549af133800f86155f48a188943,sell,0xc8c6a31a4a806d3710a7b38b7b296d2fabccdba8,0x211b1b98b914025397dc66405a7d3746fc971284d9a130880fbe6c932bbc34ff
91,500,0.1325,0xe723b44adeba0306e27360a9f515a83457990476,2017-10-25T16:32:36.000Z,0.000265,0xcd03e8b9dcbfb3100de5b01d5bf6fd499a12bac4,buy,0xc8c6a31a4a806d3710a7b38b7b296d2fabccdba8,0x9ec53ce56a04700cfc55fdf04d26f4cade971d6d34fd8fdebfdf438c995e1fa6
92,377.53926183056876,0.08456879465004741,0xfbf7dc0756a9768d0c71aea5f8421f3b1eaee7d1,2017-10-25T14:58:45.000Z,0.000224,0x162ea9c58164e2193d98cc97e8de3d962cab4044,sell,0xc8c6a31a4a806d3710a7b38b7b296d2fabccdba8,0x41bce6eeb0cae2b72982a64beb8bff83f28154fc8cff1dc9ae5110bf4f0e9030
93,37.4487208470761,0.009174936607533645,0x56cb1f3ea94afb3ba9458e7b1c78099dfe1ad6dd,2017-10-25T14:56:29.000Z,0.000245,0x162ea9c58164e2193d98cc97e8de3d962cab4044,sell,0xc8c6a31a4a806d3710a7b38b7b296d2fabccdba8,0xa535fda346826b7f1e6cfc34edbc91d3f1508301b9fafac8c2abdbb658d510c7
94,125,0.033125,0xe723b44adeba0306e27360a9f515a83457990476,2017-10-25T12:45:39.000Z,0.000265,0xcd03e8b9dcbfb3100de5b01d5bf6fd499a12bac4,buy,0xc8c6a31a4a806d3710a7b38b7b296d2fabccdba8,0x8fdbd0ca696c386dc39ff2e4d2ac85b92ecc9c39b6fa81a86023792014878811
95,6450,1.677,0xe723b44adeba0306e27360a9f515a83457990476,2017-10-25T12:14:18.000Z,0.00026,0x6446896b10465549af133800f86155f48a188943,sell,0xc8c6a31a4a806d3710a7b38b7b296d2fabccdba8,0x2dfc23911a680a9353d8c545ef5dacbad786eeb469184e95d59549f46225c370
96,200,0.056,0xe723b44adeba0306e27360a9f515a83457990476,2017-10-25T12:03:52.000Z,0.00028,0x162ea9c58164e2193d98cc97e8de3d962cab4044,buy,0xc8c6a31a4a806d3710a7b38b7b296d2fabccdba8,0x364873467a4c52e06274aabdca2b53f11e31b73f444807d12415d151f4b04a99
97,350,0.098,0xe723b44adeba0306e27360a9f515a83457990476,2017-10-25T11:57:28.000Z,0.00028,0x162ea9c58164e2193d98cc97e8de3d962cab4044,buy,0xc8c6a31a4a806d3710a7b38b7b296d2fabccdba8,0xf12442758992fee7daf9c3845b2b8767933459cb9be7d4a24d50d29d008854b4
98,5483.033351582609,1.343343171137739,0x56cb1f3ea94afb3ba9458e7b1c78099dfe1ad6dd,2017-10-25T11:34:38.000Z,0.000245,0x61a8039a2a68e6bc9a4eef5d1705a0561915a4b3,sell,0xc8c6a31a4a806d3710a7b38b7b296d2fabccdba8,0x98b8792e22c3b8a57fd602a70a5f505fc3595d4ebd9d8c4d38f3b091ed24edda
99,1827.5179275703154,0.44774189225472727,0x56cb1f3ea94afb3ba9458e7b1c78099dfe1ad6dd,2017-10-25T11:19:18.000Z,0.000245,0xcd03e8b9dcbfb3100de5b01d5bf6fd499a12bac4,sell,0xc8c6a31a4a806d3710a7b38b7b296d2fabccdba8,0xb456a16d873dcf4e6930a10559db016902ab1565a79c0b1e04258562c2ad8225
100,1000,0.2998,0xcc6e0348016e9a0e7d02f400f0832d00698f0b65,2017-10-25T08:44:17.000Z,0.0002998,0xed3f605d8a3576928b572780fa558ac5c6307086,buy,0xc8c6a31a4a806d3710a7b38b7b296d2fabccdba8,0x1b083d0470bb7035187d15636287e12819631e810f0e7c1e8c2d054316b1191b
101,99.79204663926834,0.0299376139917805,0x201ef8773d0cd1052519578b26d2e6b8794dd3c8,2017-10-24T22:42:14.000Z,0.0003,0x6446896b10465549af133800f86155f48a188943,buy,0xc8c6a31a4a806d3710a7b38b7b296d2fabccdba8,0x6e1463cf4c5719f4f02805fea2bd49fc2912f9f1480ca09772cdd15bd177f864
102,1014.019838500648,0.3042059515501944,0x201ef8773d0cd1052519578b26d2e6b8794dd3c8,2017-10-24T22:05:47.000Z,0.0003,0x6446896b10465549af133800f86155f48a188943,buy,0xc8c6a31a4a806d3710a7b38b7b296d2fabccdba8,0xaef00cacc46bd614cc2f42ff73ad63c14fde7289619d197dcbd0fe3b11cbff2e
103,500,0.145,0x201ef8773d0cd1052519578b26d2e6b8794dd3c8,2017-10-24T22:04:27.000Z,0.00029,0x4280a806bbfd8df8b1e3803804c3de4fcd8e670e,buy,0xc8c6a31a4a806d3710a7b38b7b296d2fabccdba8,0x184c3aee0901b4fd293e26b9f1e208162636159cde7d519159e1dbc13ad2cd8f
104,921,0.24867,0x201ef8773d0cd1052519578b26d2e6b8794dd3c8,2017-10-24T22:04:27.000Z,0.00027,0x4280a806bbfd8df8b1e3803804c3de4fcd8e670e,buy,0xc8c6a31a4a806d3710a7b38b7b296d2fabccdba8,0x7b5761ec29a4004b351fd697c1e2919c6e0256a42c639b3e6e93d27968c9c620
105,100,0.027,0x8e387a510ddcc1891417c6ea3920d3997aff1020,2017-10-24T18:39:36.000Z,0.00027,0x4280a806bbfd8df8b1e3803804c3de4fcd8e670e,buy,0xc8c6a31a4a806d3710a7b38b7b296d2fabccdba8,0xd8b954695624b98ec90f698b851d495ebea1467d84f65abf896acb34bf5364cf
106,555,0.14985,0x1579c988f8c718e170406a057ac44bf7a61feda7,2017-10-24T18:01:14.000Z,0.00027,0x4280a806bbfd8df8b1e3803804c3de4fcd8e670e,buy,0xc8c6a31a4a806d3710a7b38b7b296d2fabccdba8,0x6bb4a62f73a5485189147ea28274caf880786a62b270f00564fd5d3a631cf102
107,3809.242318036666,1.1427726954109998,0x77a8c9ad0ec1029dedac08efb4aaeb2ba6de0414,2017-10-24T15:45:23.000Z,0.0003,0x6446896b10465549af133800f86155f48a188943,buy,0xc8c6a31a4a806d3710a7b38b7b296d2fabccdba8,0xe1cb48143da39a62349634c5cc2510e2e9718b2eed0c4edcc9e3c264cd37c3f2
108,800,0.24,0x77a8c9ad0ec1029dedac08efb4aaeb2ba6de0414,2017-10-24T15:44:03.000Z,0.0003,0xca4381d2a5779a297e0bfb82cfef79536696c519,buy,0xc8c6a31a4a806d3710a7b38b7b296d2fabccdba8,0xf4d49f0d20ff1d00b77569658c5bd1c961f14d022a9c43429f634cd81eebf319
109,574,0.15498,0x5ccba89b73b6ed1643fd0a989fd552a6bbe0efe9,2017-10-24T15:22:44.000Z,0.00027,0xcd03e8b9dcbfb3100de5b01d5bf6fd499a12bac4,buy,0xc8c6a31a4a806d3710a7b38b7b296d2fabccdba8,0x6b04f46f29ba7e7f4f6b26d1b8c6a8e471a23b2c7422923286a23fb77857ab52
110,98,0.02107,0xa454f1e6f53db97f2978327adffc713bac200aab,2017-10-24T13:49:04.000Z,0.000215,0x565771ee94572a4e327bc252518971e2cfc2ed75,buy,0xc8c6a31a4a806d3710a7b38b7b296d2fabccdba8,0x09d5432a63567460b20ee13e527861d05db9775fc2c868edafef240fda05804a
111,6.480657732669433,0.001613683775434688,0x565771ee94572a4e327bc252518971e2cfc2ed75,2017-10-24T13:43:19.000Z,0.00024899999999999987,0xc230d39a043a650582431ef23af4271176fae372,sell,0xc8c6a31a4a806d3710a7b38b7b296d2fabccdba8,0xd3e1a89e1579269dde6bfa58f87a12b5ba70a9af934844c64f31a5a5416e5c71
112,6.5,0.0013975,0xc230d39a043a650582431ef23af4271176fae372,2017-10-24T13:41:47.000Z,0.000215,0x565771ee94572a4e327bc252518971e2cfc2ed75,buy,0xc8c6a31a4a806d3710a7b38b7b296d2fabccdba8,0x9b156a59627775d0ef1ea9e9e739b9e8edaf372a731eb5773675d922475285c1
113,7.477716407081477,0.001861951385363287,0x565771ee94572a4e327bc252518971e2cfc2ed75,2017-10-24T13:37:58.000Z,0.0002489999999999999,0xc230d39a043a650582431ef23af4271176fae372,sell,0xc8c6a31a4a806d3710a7b38b7b296d2fabccdba8,0x08009be4889988541301abc9a01e592a11b7319187db3142c7b3d865ddd61f5d
114,7.5,0.0016125,0xc230d39a043a650582431ef23af4271176fae372,2017-10-24T13:36:54.000Z,0.000215,0x565771ee94572a4e327bc252518971e2cfc2ed75,buy,0xc8c6a31a4a806d3710a7b38b7b296d2fabccdba8,0x9fb2075572464cc39109b5195c711682cc1527905b69d99795b33bc385c2ba0e
115,8.973279434292026,0.002234346579138714,0x565771ee94572a4e327bc252518971e2cfc2ed75,2017-10-24T13:36:01.000Z,0.0002489999999999999,0xc230d39a043a650582431ef23af4271176fae372,sell,0xc8c6a31a4a806d3710a7b38b7b296d2fabccdba8,0xc09491d12ad937d60a230b17351292e1575be1b57962e44f8c648f046a47564e
116,9,0.001935,0xc230d39a043a650582431ef23af4271176fae372,2017-10-24T13:35:04.000Z,0.000215,0x565771ee94572a4e327bc252518971e2cfc2ed75,buy,0xc8c6a31a4a806d3710a7b38b7b296d2fabccdba8,0x06a2900463f86ab43e4f764bb0f9f30a45c93c9783a5bbbf5edc9bc751f939a1
117,10.966005383311733,0.002730535340444621,0x565771ee94572a4e327bc252518971e2cfc2ed75,2017-10-24T13:30:33.000Z,0.0002489999999999999,0xc230d39a043a650582431ef23af4271176fae372,sell,0xc8c6a31a4a806d3710a7b38b7b296d2fabccdba8,0xca8e43726028ca920a22f47740b0296e72e4d59e3a8db6a7dd81e7da5c7ce78d
118,11,0.002365,0xc230d39a043a650582431ef23af4271176fae372,2017-10-24T13:27:41.000Z,0.000215,0x565771ee94572a4e327bc252518971e2cfc2ed75,buy,0xc8c6a31a4a806d3710a7b38b7b296d2fabccdba8,0x39f92eeb95d96289ed87ae8792207900ed85ec4665d7375eab7b7a667cf12858
119,6,0.0018,0x6446896b10465549af133800f86155f48a188943,2017-10-24T09:52:36.000Z,0.0003,0x6446896b10465549af133800f86155f48a188943,buy,0xc8c6a31a4a806d3710a7b38b7b296d2fabccdba8,0x3b3ee060fea1cc9fcc3af7ebdb0ad64476410113c0d7e89fe020c35884c8c637
120,1250,0.34375,0x1fb9f5abd2c8c8e7e34f1738682d76d8704d1f8b,2017-10-24T09:51:09.000Z,0.000275,0x6446896b10465549af133800f86155f48a188943,sell,0xc8c6a31a4a806d3710a7b38b7b296d2fabccdba8,0x058e42042ca0bb2c96836f38b3a78fdebe7c70e19224f5b50c6df76719e8a759
121,48.48,0.014544,0x565771ee94572a4e327bc252518971e2cfc2ed75,2017-10-24T09:49:29.000Z,0.0003,0x6446896b10465549af133800f86155f48a188943,sell,0xc8c6a31a4a806d3710a7b38b7b296d2fabccdba8,0x4b3ebe6f506ece3c4fa85fbd18a3b9a918fa46c867d1fed4aa94a7697ebe9fd3
122,68.78234473133287,0.014719421772505233,0xa454f1e6f53db97f2978327adffc713bac200aab,2017-10-24T07:15:38.000Z,0.00021399999999999997,0x41d496d95ba5ac3906c74d031f57ab4a9cda23f1,sell,0xc8c6a31a4a806d3710a7b38b7b296d2fabccdba8,0xb309eec97b36d5611c385b314389fb4034fa9538d188f2d519f6f4e93b336319
123,6500,1.95,0x4ada1db1c3157964cba9146967625f6b77e44da0,2017-10-24T01:23:30.000Z,0.0003,0x6446896b10465549af133800f86155f48a188943,buy,0xc8c6a31a4a806d3710a7b38b7b296d2fabccdba8,0x0997cb4c68ee05890bd33c2a5fdb4c645016dd4851b609d3f5420be179e7d2bf
124,2410.994,0.720887206,0x4ada1db1c3157964cba9146967625f6b77e44da0,2017-10-24T01:22:48.000Z,0.000299,0x1eaa18a0e964d346f2b5182be3f97d7aab5145b9,buy,0xc8c6a31a4a806d3710a7b38b7b296d2fabccdba8,0x2b7a9b9cbb24c76a7b0ed5497bab12fd2a08a9dd36fa3a8abc289b69885195af
125,3193.216571020981,0.9547717547352734,0x4ada1db1c3157964cba9146967625f6b77e44da0,2017-10-24T00:04:10.000Z,0.000299,0x1eaa18a0e964d346f2b5182be3f97d7aab5145b9,buy,0xc8c6a31a4a806d3710a7b38b7b296d2fabccdba8,0x8e0946df6218c38aa00f4a1eb2eb269225b301e80997c66e21d4a6ca5a651608
126,3315.006,0.89505162,0x4ada1db1c3157964cba9146967625f6b77e44da0,2017-10-23T23:57:49.000Z,0.00027,0x8a424781254908e4bc40db921f969218eef3c81a,buy,0xc8c6a31a4a806d3710a7b38b7b296d2fabccdba8,0x3696db9027e8d1495da99a5fe27a6eb54bf954933a35b7807a400866fd22aeee
127,391,0.10166,0x4ada1db1c3157964cba9146967625f6b77e44da0,2017-10-23T23:55:20.000Z,0.00026,0xcd03e8b9dcbfb3100de5b01d5bf6fd499a12bac4,buy,0xc8c6a31a4a806d3710a7b38b7b296d2fabccdba8,0xbd4f2237b58092f4c931251864279895907a5eb708cff453b22e7bd9b6ed1ddb
128,5000,1.345,0x4ada1db1c3157964cba9146967625f6b77e44da0,2017-10-23T23:55:20.000Z,0.000269,0x1eaa18a0e964d346f2b5182be3f97d7aab5145b9,buy,0xc8c6a31a4a806d3710a7b38b7b296d2fabccdba8,0xc64523c5b3deba01d64278a3113620b6284695d4b296ab56ca6bdafb18678e13
129,2001.768,0.500442,0x4ada1db1c3157964cba9146967625f6b77e44da0,2017-10-23T23:54:40.000Z,0.00025,0x7ad1e147dfe8eb7f726255be945ec5ad2953d881,buy,0xc8c6a31a4a806d3710a7b38b7b296d2fabccdba8,0x68d1ff589feca866a42902f5193ce2d9b044bfa25d99cdb75423b88f4bcbf417
130,1770.8793024410818,0.4409489463078294,0x5ccba89b73b6ed1643fd0a989fd552a6bbe0efe9,2017-10-23T21:33:02.000Z,0.000249,0x1eaa18a0e964d346f2b5182be3f97d7aab5145b9,buy,0xc8c6a31a4a806d3710a7b38b7b296d2fabccdba8,0xf994d7738ffbf003c49b01bda5d80018377712202380e0b016bd7f196b03e9f0
131,1.0494494095331486,0.000388296281527265,0xff72c886d222f76a0a222ed58983acb5e7ac700f,2017-10-23T21:08:35.000Z,0.00037,0x1975ae9ca02496820a068ff06b2be48c2dcd49aa,buy,0xc8c6a31a4a806d3710a7b38b7b296d2fabccdba8,0x5c20ef2cacb4ba00bd38d0db8511b581335c1e506dbd649a4bd0fa8e11b7b7f8
132,400,0.0996,0x9cb6247bf9e22da514b1b32acae28c560c73d848,2017-10-23T18:41:15.000Z,0.000249,0x1eaa18a0e964d346f2b5182be3f97d7aab5145b9,buy,0xc8c6a31a4a806d3710a7b38b7b296d2fabccdba8,0x5fdd229be46fe4c36ef0cfcd1da68e29c96dcd0a89069e87b5e93579ecad7d1a
133,49.84579577086523,0.01241160314694544,0x565771ee94572a4e327bc252518971e2cfc2ed75,2017-10-23T18:36:18.000Z,0.000249,0x7eae44855560f2780ca5eb4515836bf1f5901821,sell,0xc8c6a31a4a806d3710a7b38b7b296d2fabccdba8,0x10f04669a5b485dd17ad4420b8843e8d13645ba36ca59b4a7cacd349bec221be
134,127.69935607689233,0.031797139663146186,0x842050f1f2b847e89e57cd1b95b322899970a1cc,2017-10-23T18:23:11.000Z,0.000249,0x1eaa18a0e964d346f2b5182be3f97d7aab5145b9,buy,0xc8c6a31a4a806d3710a7b38b7b296d2fabccdba8,0x00c59e1fa0367ccd0caf42105e97648ffd8da9de59b4daab50d0a996e5cd4300
135,307.54972514587,0.06581564118121619,0xa454f1e6f53db97f2978327adffc713bac200aab,2017-10-23T09:34:48.000Z,0.000214,0x61a8039a2a68e6bc9a4eef5d1705a0561915a4b3,sell,0xc8c6a31a4a806d3710a7b38b7b296d2fabccdba8,0x5d9cc7d4ee52724ea6ca40e87c2d4ffdd1fe93c96216d5907de2ba246799fd51
136,500,0.1070005,0xa639ae0ce58944fed3c5a4f87ae040630002de6b,2017-10-23T09:32:42.000Z,0.000214001,0x61a8039a2a68e6bc9a4eef5d1705a0561915a4b3,sell,0xc8c6a31a4a806d3710a7b38b7b296d2fabccdba8,0xec0224e2dc6a0112118094151db77eea6f87e0d41d0608593097511b253ebf71
137,3.7037037037037037,0.001,0x4a57d0208164a1c1c63c75395dc444428a07b50a,2017-10-23T05:22:31.000Z,0.00027,0x8a424781254908e4bc40db921f969218eef3c81a,buy,0xc8c6a31a4a806d3710a7b38b7b296d2fabccdba8,0xf0cfcb57895c232a950e3cd549df50c5dc224c610dcb50a0fb1811c894cb3836
138,398.231814597171,0.09955795364929276,0x3e799421ad7ca8de3ee650edd05a53423d008ced,2017-10-23T04:54:09.000Z,0.00025,0x7ad1e147dfe8eb7f726255be945ec5ad2953d881,buy,0xc8c6a31a4a806d3710a7b38b7b296d2fabccdba8,0xb788a3d85e2c8c456e28ed9404c4d8247913299c16d19e3fd52571af01989b81
139,0.9969095803010667,0.000211344831023826,0xa454f1e6f53db97f2978327adffc713bac200aab,2017-10-23T03:49:56.000Z,0.00021199999999999987,0x7d053385a05276eedcaf706325ae34ae544741a6,sell,0xc8c6a31a4a806d3710a7b38b7b296d2fabccdba8,0x28245d902504e511d5089fecc524d7b413b802f2413ac2e107485b7952ace478
140,28.29,0.00656328,0x162ea9c58164e2193d98cc97e8de3d962cab4044,2017-10-23T00:51:28.000Z,0.000232,0x8a424781254908e4bc40db921f969218eef3c81a,buy,0xc8c6a31a4a806d3710a7b38b7b296d2fabccdba8,0x56ba1d16be20cbc0265967e44dc9a9961b3eecdb3daac076ebf03cb21b528834
141,600,0.15,0x7b1439f7f6488bc1b8d673b9f16ee245024bd7cf,2017-10-22T22:41:16.000Z,0.00025,0x7ad1e147dfe8eb7f726255be945ec5ad2953d881,buy,0xc8c6a31a4a806d3710a7b38b7b296d2fabccdba8,0xceaf20c5ff445a90bbddc7cf021234e33a6aa9ea0f2cec4ab6cc31078e1f9196
142,196,0.045472,0xd06565093dc5e110827c5ff27386595b448a1901,2017-10-22T20:43:32.000Z,0.000232,0x8a424781254908e4bc40db921f969218eef3c81a,buy,0xc8c6a31a4a806d3710a7b38b7b296d2fabccdba8,0x4e0c7faabda18acba7974a811d71cfab1d66117e1ceff255d84ea5f2a5117d79
143,382.4,0.0887168,0x162ea9c58164e2193d98cc97e8de3d962cab4044,2017-10-22T18:19:58.000Z,0.000232,0xfe737759f9f7ec05535c1b092d3d5392577f9e12,sell,0xc8c6a31a4a806d3710a7b38b7b296d2fabccdba8,0x725016c0bc11d8b0121cb927619b05115ab64141fd577ad889f30ecb1e8397f8
144,857.42,0.199007182,0x56cb1f3ea94afb3ba9458e7b1c78099dfe1ad6dd,2017-10-22T18:17:43.000Z,0.0002321,0x273a5d3e6721b9f5c1a6474f560c1334c63dda01,sell,0xc8c6a31a4a806d3710a7b38b7b296d2fabccdba8,0x48808944cf66d560b970b7808111b3e20f34d1e67969fd5a4bd9d11d1003633b
145,860,0.01978,0x273a5d3e6721b9f5c1a6474f560c1334c63dda01,2017-10-22T18:17:43.000Z,0.000023,0x8a424781254908e4bc40db921f969218eef3c81a,buy,0xc8c6a31a4a806d3710a7b38b7b296d2fabccdba8,0x48808944cf66d560b970b7808111b3e20f34d1e67969fd5a4bd9d11d1003633b
146,187.14829033182295,0.043418403356982924,0x162ea9c58164e2193d98cc97e8de3d962cab4044,2017-10-22T15:59:09.000Z,0.000232,0x2bdc160ca80bc28f37d81b6d16e88201b74aa7b9,sell,0xc8c6a31a4a806d3710a7b38b7b296d2fabccdba8,0xf31700910765a74238ea8e5db31ad97460ebd0f79f2251460a478b976c6e01bc
147,0.03051849207017971,0.000007080290160281,0x162ea9c58164e2193d98cc97e8de3d962cab4044,2017-10-22T12:16:29.000Z,0.0002319999999999773,0x3e483a0f1be46e861ff01a2787a19c83230d9890,sell,0xc8c6a31a4a806d3710a7b38b7b296d2fabccdba8,0x9a6042d69f336350fef2e5f80e24325154c60cacd65b8e2110ae72c19a368395
148,306.13099395597266,0.07102239059778566,0x162ea9c58164e2193d98cc97e8de3d962cab4044,2017-10-22T12:15:15.000Z,0.000232,0x3e483a0f1be46e861ff01a2787a19c83230d9890,sell,0xc8c6a31a4a806d3710a7b38b7b296d2fabccdba8,0x5ee97e3918e05ffbed3690c5fd5dca21fe6ba506561f1ab4c80933d3ceb489e6
149,0.000372361995064419,0.000000086387982854,0x162ea9c58164e2193d98cc97e8de3d962cab4044,2017-10-22T12:05:45.000Z,0.00023199999999746159,0x3e483a0f1be46e861ff01a2787a19c83230d9890,sell,0xc8c6a31a4a806d3710a7b38b7b296d2fabccdba8,0xcecf2dd03a2cad64f5e896e2de33644f44e432d1b853b555e61389654a86df21
150,725,0.174725,0xa0068f662c5666a4d5c8a4a5380c198450acaf5a,2017-10-22T11:41:21.000Z,0.000241,0x08ef720ca2596bad5333fedf818f1bc148d9b8c6,sell,0xc8c6a31a4a806d3710a7b38b7b296d2fabccdba8,0x61c5b6f460f6288eea2062a5c8d5948748ddc4282eb21d8a681efa76a7365aa4
151,122,0.03172,0x373516bcaca12ec5a336bffb849b8629a230b433,2017-10-22T11:07:05.000Z,0.00026,0x08ef720ca2596bad5333fedf818f1bc148d9b8c6,sell,0xc8c6a31a4a806d3710a7b38b7b296d2fabccdba8,0x8970359e80c17175144e62592dd5ff9736f8efb8d82e52cf0874376d13c91473
152,10,0.00278,0x304c929780c19ae230022779a75b451f63d4705f,2017-10-22T11:06:41.000Z,0.000278,0x08ef720ca2596bad5333fedf818f1bc148d9b8c6,sell,0xc8c6a31a4a806d3710a7b38b7b296d2fabccdba8,0x335b7a612b804216cde7a75cdddf12ec386c076f96078b5d5a4902cd84e87dbd
153,448,0.124544,0x69c534de9e418b6e60004416fdf552ff43a066af,2017-10-22T01:32:58.000Z,0.000278,0xfbf7dc0756a9768d0c71aea5f8421f3b1eaee7d1,buy,0xc8c6a31a4a806d3710a7b38b7b296d2fabccdba8,0x1dbb699a6b6a93c3c6559fdb4cb3edda5c4c3d4f4ae417d19b6054439cee8245
154,543,0.151497,0x69c534de9e418b6e60004416fdf552ff43a066af,2017-10-21T23:40:47.000Z,0.000279,0x1eaa18a0e964d346f2b5182be3f97d7aab5145b9,buy,0xc8c6a31a4a806d3710a7b38b7b296d2fabccdba8,0xf8b128916aaa61409eae54bc433a7dac50e9b28f80869380f99e0dcf25078407
155,100,0.028,0x431c10e304da93d2730d794910add8662fbe0825,2017-10-21T20:01:31.000Z,0.00028,0x3e7d005ed164cc1b2066279cf625a0960281dfb2,buy,0xc8c6a31a4a806d3710a7b38b7b296d2fabccdba8,0xca54e36b93690f2b4c7cd796533393c7434c7a10f07ce99688906d37d1fff050
156,13444.841659261114,2.9040857984004003,0x1eaa18a0e964d346f2b5182be3f97d7aab5145b9,2017-10-21T15:48:23.000Z,0.000216,0x641cf5dec78db66010db72471a3fafcc9c168557,sell,0xc8c6a31a4a806d3710a7b38b7b296d2fabccdba8,0xb480f95007954c5e6ca73be89332f0abd2fb35b593433746446f5dd666af28aa
157,448.60931113548,0.09465656464958629,0xfbf7dc0756a9768d0c71aea5f8421f3b1eaee7d1,2017-10-21T07:49:51.000Z,0.00021099999999999998,0x86cc402d892d2569918597fb3072f4bea1d2db10,sell,0xc8c6a31a4a806d3710a7b38b7b296d2fabccdba8,0xa9e9f677fa014a24375e277d51df5d34890a8b9b907ad2e95a896b7d75429e44
158,1902.8371798272813,0.561336968049048,0x15a3766ac44ffcabc73d326f8612acbd846e1bb4,2017-10-21T05:03:44.000Z,0.000295,0x6446896b10465549af133800f86155f48a188943,buy,0xc8c6a31a4a806d3710a7b38b7b296d2fabccdba8,0x7c12b3e126354524956b6b74b6266a78543068403890f39348cb8ffe6db2eaef
159,125,0.03681245,0x15a3766ac44ffcabc73d326f8612acbd846e1bb4,2017-10-21T05:01:54.000Z,0.0002944996,0xbcce870909b3dbbe28f744f69b080dbdeeb7748a,buy,0xc8c6a31a4a806d3710a7b38b7b296d2fabccdba8,0x691e526515630dc1854577d79cebff9c73855711dcf1435a37288fc6a3903b4e
160,5,0.0014,0x6446896b10465549af133800f86155f48a188943,2017-10-21T04:45:07.000Z,0.00028,0x431c10e304da93d2730d794910add8662fbe0825,sell,0xc8c6a31a4a806d3710a7b38b7b296d2fabccdba8,0x37fa85554d73122962e4523737fa0e381d1a92d96d5af3b0f0b741fdc6678580
161,65,0.019142474,0x5b7cf862ef525a620f29318b8e1dad329e48a945,2017-10-21T03:13:58.000Z,0.0002944996,0xbcce870909b3dbbe28f744f69b080dbdeeb7748a,buy,0xc8c6a31a4a806d3710a7b38b7b296d2fabccdba8,0xb0319924006e57bc7d7a671438d777188cfc16b3f17638baf7c3d59ee2e0fbd3
162,12156.257895634772,3.6286429806313536,0x4f8c333844438b42148243feaedb3b6cc70f68c9,2017-10-21T03:04:32.000Z,0.0002984999999,0x0656d8b7b1fcc09788f4a7b657b38a3a4eeb3f9b,buy,0xc8c6a31a4a806d3710a7b38b7b296d2fabccdba8,0x8c4a4af55532a949351322265097e1e9905fdc1acdc05e3e8c5bcfbadf4d1983
163,950,0.283574999905,0x5b7cf862ef525a620f29318b8e1dad329e48a945,2017-10-21T02:59:38.000Z,0.0002984999999,0x0656d8b7b1fcc09788f4a7b657b38a3a4eeb3f9b,buy,0xc8c6a31a4a806d3710a7b38b7b296d2fabccdba8,0x93f21b8a4d1c587ac2da1399e1025359a91ebb9880ed739d09e981202b4858ee
164,150,0.04417494,0x5b7cf862ef525a620f29318b8e1dad329e48a945,2017-10-21T02:23:16.000Z,0.0002944996,0xbcce870909b3dbbe28f744f69b080dbdeeb7748a,buy,0xc8c6a31a4a806d3710a7b38b7b296d2fabccdba8,0x1d90f9c8862a1188d819dc68b05147d7712e12c8e348a2e26351ca23e1dd6589
165,3276.0274692126713,0.9778941992323796,0x341351a485851b281237fc34e5f30dc0acbff296,2017-10-21T00:32:16.000Z,0.0002984999999,0x0656d8b7b1fcc09788f4a7b657b38a3a4eeb3f9b,buy,0xc8c6a31a4a806d3710a7b38b7b296d2fabccdba8,0x89c12e1cdb34cccc9c1a6bd243b0a2b27f17164e60d6c570a63f2fda4b509858
166,3498.352101286413,1.044258101884159,0x56cb1f3ea94afb3ba9458e7b1c78099dfe1ad6dd,2017-10-21T00:31:21.000Z,0.0002984999999,0x0656d8b7b1fcc09788f4a7b657b38a3a4eeb3f9b,buy,0xc8c6a31a4a806d3710a7b38b7b296d2fabccdba8,0x4f8849a0831c0388b68cac606335a6c04b8734b07a5a9f9eb40b9f48acb9cc16
167,1000,0.2945,0x341351a485851b281237fc34e5f30dc0acbff296,2017-10-21T00:27:28.000Z,0.0002945,0xed3f605d8a3576928b572780fa558ac5c6307086,buy,0xc8c6a31a4a806d3710a7b38b7b296d2fabccdba8,0x37cd16f68f425403b79b94c16f51194c88988dbfe9f39a2aaa73daf145290daa
168,347.125,0.10066625,0x341351a485851b281237fc34e5f30dc0acbff296,2017-10-21T00:27:28.000Z,0.00029,0x08cf6f83f829a85e948dc282dec06e7abe5aa8a2,buy,0xc8c6a31a4a806d3710a7b38b7b296d2fabccdba8,0xae428ce8677479e06cd240cc4594bb5e0576e8ec16b395be769dbfdf9adff6b5
169,290,0.07859,0x341351a485851b281237fc34e5f30dc0acbff296,2017-10-21T00:27:28.000Z,0.000271,0x8a424781254908e4bc40db921f969218eef3c81a,buy,0xc8c6a31a4a806d3710a7b38b7b296d2fabccdba8,0x376d43e9966624361117ba36ed0bf133faf0559b0d130d19cda8a4017a8b517f
170,285,0.075525,0x341351a485851b281237fc34e5f30dc0acbff296,2017-10-21T00:27:05.000Z,0.000265,0x8a424781254908e4bc40db921f969218eef3c81a,buy,0xc8c6a31a4a806d3710a7b38b7b296d2fabccdba8,0x0ef1074ac75bd39efd7060077f05471f56b406dd6f142ae5b757c24a9eccc35f
171,1866.98,0.466745,0x341351a485851b281237fc34e5f30dc0acbff296,2017-10-21T00:26:33.000Z,0.00025,0x61a8039a2a68e6bc9a4eef5d1705a0561915a4b3,buy,0xc8c6a31a4a806d3710a7b38b7b296d2fabccdba8,0xee8a8434d4cc27fa23dc3ad8781600445f2fdbc019718a2f126e22902c8cb780
172,230,0.0575,0xbf1e36feb9f38240cd321ef90f711822574e363f,2017-10-20T23:25:03.000Z,0.00025,0x61a8039a2a68e6bc9a4eef5d1705a0561915a4b3,buy,0xc8c6a31a4a806d3710a7b38b7b296d2fabccdba8,0x848e4e27b10203d75fdebe730238754bb4b93a4a1bf9b4df06cab57bf44df84b
173,3934,0.979566,0x56cb1f3ea94afb3ba9458e7b1c78099dfe1ad6dd,2017-10-20T23:15:37.000Z,0.000249,0x1eaa18a0e964d346f2b5182be3f97d7aab5145b9,buy,0xc8c6a31a4a806d3710a7b38b7b296d2fabccdba8,0x8f0c8a47ba8b01e8f43df29445d58ec4084f54974137346451467e85d30a6f68
174,49,0.012201,0x6446896b10465549af133800f86155f48a188943,2017-10-20T22:37:17.000Z,0.000249,0x1eaa18a0e964d346f2b5182be3f97d7aab5145b9,buy,0xc8c6a31a4a806d3710a7b38b7b296d2fabccdba8,0x457b9d559f8be1a9c3146895b9a3679c00ac76b292f74c33c5f3fba6c77de36f
175,4.73482022785968,0.001254727360382814,0xded9db44eb9d00085fefa60f30bf1f1dde06b8cd,2017-10-20T17:47:01.000Z,0.0002649999999999998,0x64dcca9d2091012bd3e1e5235d703f72f4d65746,sell,0xc8c6a31a4a806d3710a7b38b7b296d2fabccdba8,0x161aa7d2530e8450f9750cc66c4aa33ffd01bcd7f7633c659a4074a7e4f17e75
176,0.00010002,0.5001,0x1fab550d74813ccb753921a1599d1ccf6bac2925,2017-10-20T16:19:59.000Z,5000,0x3ac636ac5c3a2576156ac5f10066ca68abe0ad54,sell,0xc8c6a31a4a806d3710a7b38b7b296d2fabccdba8,0xb18ff71d2ffac7a4f953904b84ed17b61cf976cea652e5028d948f800c312050
177,800,0.2008,0xca4381d2a5779a297e0bfb82cfef79536696c519,2017-10-20T15:47:52.000Z,0.000251,0x61a8039a2a68e6bc9a4eef5d1705a0561915a4b3,sell,0xc8c6a31a4a806d3710a7b38b7b296d2fabccdba8,0x064cf961ef7bdc9a774c3323c00d09b37d7a36063fb0a180fa6e32c370e8f6c9
178,341.4186809200237,0.08603754173371406,0xbcce870909b3dbbe28f744f69b080dbdeeb7748a,2017-10-20T15:47:47.000Z,0.0002520001,0x61a8039a2a68e6bc9a4eef5d1705a0561915a4b3,sell,0xc8c6a31a4a806d3710a7b38b7b296d2fabccdba8,0x5efa58e6d0eb487fa23deff2f7e2eec96b58d3fc75d9434595eddb442c12cd6f
179,1200,0.3036,0xf082e67d73561f40c30a9cd41a1b24999ef57362,2017-10-20T15:44:00.000Z,0.000253,0x61a8039a2a68e6bc9a4eef5d1705a0561915a4b3,sell,0xc8c6a31a4a806d3710a7b38b7b296d2fabccdba8,0x207b6f457adbd3bcaea97a731ca8ec38aaace001f3ac7761faa7598db95d4a96
180,293,0.079403,0xded9db44eb9d00085fefa60f30bf1f1dde06b8cd,2017-10-20T15:43:48.000Z,0.000271,0x61a8039a2a68e6bc9a4eef5d1705a0561915a4b3,sell,0xc8c6a31a4a806d3710a7b38b7b296d2fabccdba8,0x089e41c4f1f4b36c8dabd82d94c0ccab270c218892eed401fc0b6a3da7645ceb
181,97.44280115983287,0.026330019301398437,0x8d6e0a79003a9d49e68a6b82bbd497189f019905,2017-10-20T15:42:30.000Z,0.00027021,0x61a8039a2a68e6bc9a4eef5d1705a0561915a4b3,sell,0xc8c6a31a4a806d3710a7b38b7b296d2fabccdba8,0x35ebb8c3ff6d7c7942708ac7c166b418c28d4f9b582db3bdbecbdf2eb08d03fd
182,41.673,0.011168364,0x1a0f48c0085b44249e8a903c89982de9b5f76b94,2017-10-20T15:42:22.000Z,0.000268,0x61a8039a2a68e6bc9a4eef5d1705a0561915a4b3,sell,0xc8c6a31a4a806d3710a7b38b7b296d2fabccdba8,0x1b14fd4ddde9f560178a1a8025b9919a364496a8e16faa04df17acc22570fa66
183,4.9845479015053336,0.00142059615192902,0x6446896b10465549af133800f86155f48a188943,2017-10-20T10:13:37.000Z,0.000285,0xc67a74f77e12b701f610814678c62718d8697f77,sell,0xc8c6a31a4a806d3710a7b38b7b296d2fabccdba8,0x6c90f8b6a64fd7fac0a006c10a544fb2e5a1be7e94befb3725b0d89c3ac11adf
184,5,0.001325,0xc67a74f77e12b701f610814678c62718d8697f77,2017-10-20T10:13:15.000Z,0.000265,0x8a424781254908e4bc40db921f969218eef3c81a,buy,0xc8c6a31a4a806d3710a7b38b7b296d2fabccdba8,0x77a54c63fb0e8adeb2e72a3850903b12c64a0003f2c0a6a0c8bf0fa2a9f25d71
185,500,0.135,0xc878fb866ca564c73e67c717d337964993562638,2017-10-20T00:07:35.000Z,0.00027,0x1eaa18a0e964d346f2b5182be3f97d7aab5145b9,buy,0xc8c6a31a4a806d3710a7b38b7b296d2fabccdba8,0xd2ddddcb4446dc62371f891e475dc143fd41458f7d8f1c89106100d8c96b0543
186,470,0.1269,0x1a0f48c0085b44249e8a903c89982de9b5f76b94,2017-10-19T23:48:58.000Z,0.00027,0x1eaa18a0e964d346f2b5182be3f97d7aab5145b9,buy,0xc8c6a31a4a806d3710a7b38b7b296d2fabccdba8,0x2ea0b0695f59f34d5a9e13540b484292c72d48503fa361ad17c62270539799c4
187,29.907287409032,0.00867314325590669,0x0773dd752384d3d8714ceb1c28a199591c63cddc,2017-10-19T23:42:25.000Z,0.00029000099999999996,0x5702c4d0cad96be96a2499e675f450c8b69dfc35,sell,0xc8c6a31a4a806d3710a7b38b7b296d2fabccdba8,0x4a8155109568242f6f4f28da756d23692b020c2d22690f6e10a1914af8768691
188,30,0.0081,0x5702c4d0cad96be96a2499e675f450c8b69dfc35,2017-10-19T23:40:56.000Z,0.00027,0x1eaa18a0e964d346f2b5182be3f97d7aab5145b9,buy,0xc8c6a31a4a806d3710a7b38b7b296d2fabccdba8,0x0ba0488b8a2f8217f689622433d27a35f8298ae99692391072e3d40a69e0edde
189,4983,1.479951,0x8a424781254908e4bc40db921f969218eef3c81a,2017-10-19T22:17:27.000Z,0.000297,0x6446896b10465549af133800f86155f48a188943,sell,0xc8c6a31a4a806d3710a7b38b7b296d2fabccdba8,0x5c57f02b196a0d1432fb0bd82009bddede74f3924370bf244b0b63b1ee417239
190,115,0.03496,0xb7267bfda0b74c04f87fec2edb1f31a9654570b9,2017-10-19T20:57:54.000Z,0.000304,0x6446896b10465549af133800f86155f48a188943,sell,0xc8c6a31a4a806d3710a7b38b7b296d2fabccdba8,0xdfebebe1e5ede9af2996709e36b500161d38d3d31dc3bb2940bedda305372c96
191,4983.550991925033,1.2608384009570333,0x1eaa18a0e964d346f2b5182be3f97d7aab5145b9,2017-10-19T18:43:08.000Z,0.00025299999999999997,0x431aaa37a3134ce0c520f2fb6fa96cb1a5b18a79,sell,0xc8c6a31a4a806d3710a7b38b7b296d2fabccdba8,0xb27b94cb60a11e827c5de04f9d6fdadeca3319becc277dbc67ce77ed3d95d242
192,3200,0.976,0x26e12d440503143b505ecefa15aebe69980b6619,2017-10-19T15:41:21.000Z,0.000305,0x6446896b10465549af133800f86155f48a188943,buy,0xc8c6a31a4a806d3710a7b38b7b296d2fabccdba8,0x0bf3282adec3f139c40bee36ea950f28a26bc40455d998ac8453dc05d082d646
193,30,0.00867,0x70beab3340e67719b1c262ca597259f45c7ffaef,2017-10-19T15:19:43.000Z,0.000289,0xed3f605d8a3576928b572780fa558ac5c6307086,buy,0xc8c6a31a4a806d3710a7b38b7b296d2fabccdba8,0xb0c974880f1d5057fe05a6c1ab7e844017e773e172bc238cd05b17f96a80db39
194,169.47462865118135,0.04406340344930715,0x59e486aeafd43c3563f4179ca6e19f5e306d4938,2017-10-19T13:06:45.000Z,0.00026,0x91e4a2c2af07a2a1ac1308a2fbf982dcc2233568,sell,0xc8c6a31a4a806d3710a7b38b7b296d2fabccdba8,0x83b8375accad2d9a170b0f34670b754153b63464423af208258252a2e89d69ec
195,600,0.1914,0x3e37e3d2e664dff18fded3f653b508652d9e4cc8,2017-10-19T12:30:11.000Z,0.000319,0xed3f605d8a3576928b572780fa558ac5c6307086,buy,0xc8c6a31a4a806d3710a7b38b7b296d2fabccdba8,0x4d0988172f9ed8fd37e0d15112c840692832c15d3ce1e74df402e4d2286fb47c
196,356,0.13172,0x682346d67c8cabf2a302671bbf23d2d9863a12a6,2017-10-19T12:18:34.000Z,0.00037,0x1975ae9ca02496820a068ff06b2be48c2dcd49aa,buy,0xc8c6a31a4a806d3710a7b38b7b296d2fabccdba8,0xcc51f873b74a0338dd0de6e8096bafd0298b2663e334dc127f83b8888d18cfe3
197,170,0.04913,0x91e4a2c2af07a2a1ac1308a2fbf982dcc2233568,2017-10-19T11:59:39.000Z,0.000289,0xed3f605d8a3576928b572780fa558ac5c6307086,buy,0xc8c6a31a4a806d3710a7b38b7b296d2fabccdba8,0xb833744c95691747ede5fc559baaec19edc00c3ad60509b240252367166318ee
198,800,0.2312,0xb34f52781d3d4d83bc26b399da868a14cdc63c95,2017-10-19T11:29:49.000Z,0.000289,0xed3f605d8a3576928b572780fa558ac5c6307086,buy,0xc8c6a31a4a806d3710a7b38b7b296d2fabccdba8,0x9a957bf1c502e5f1769a3358b5c7fa870412249e56fa715d6d89956ba289763b
199,1617,0.464079,0xb34f52781d3d4d83bc26b399da868a14cdc63c95,2017-10-19T10:38:14.000Z,0.000287,0xcd03e8b9dcbfb3100de5b01d5bf6fd499a12bac4,buy,0xc8c6a31a4a806d3710a7b38b7b296d2fabccdba8,0x7cf0c411eca88758c9707331aff083c3792c112c40e30718b1681b740124c1a1
200,1676.387,0.46938836,0xb34f52781d3d4d83bc26b399da868a14cdc63c95,2017-10-19T10:35:04.000Z,0.00028,0xcd03e8b9dcbfb3100de5b01d5bf6fd499a12bac4,buy,0xc8c6a31a4a806d3710a7b38b7b296d2fabccdba8,0x966335356d604605cd62ad97b65956f3b46e1048e2fb270feebbb6e7ddf1ebb9
201,1676.387,0.46938836,0xb34f52781d3d4d83bc26b399da868a14cdc63c95,2017-10-19T10:34:40.000Z,0.00028,0xcd03e8b9dcbfb3100de5b01d5bf6fd499a12bac4,buy,0xc8c6a31a4a806d3710a7b38b7b296d2fabccdba8,0x966335356d604605cd62ad97b65956f3b46e1048e2fb270feebbb6e7ddf1ebb9
202,1000,0.2659,0xb34f52781d3d4d83bc26b399da868a14cdc63c95,2017-10-19T10:32:47.000Z,0.0002659,0xed3f605d8a3576928b572780fa558ac5c6307086,buy,0xc8c6a31a4a806d3710a7b38b7b296d2fabccdba8,0xa40b766186286343071c1faf4a2e46e30e99cdf00ac23b370a8656194894b418
203,2799,0.741735,0xb34f52781d3d4d83bc26b399da868a14cdc63c95,2017-10-19T10:30:42.000Z,0.000265,0xfbf7dc0756a9768d0c71aea5f8421f3b1eaee7d1,buy,0xc8c6a31a4a806d3710a7b38b7b296d2fabccdba8,0x6c950786566aa3aa3f9c237e2b0e86fd9a6da10ee50d24297532371c2cc685a5
204,145.1519454427261,0.038595902293220866,0x61a8039a2a68e6bc9a4eef5d1705a0561915a4b3,2017-10-19T07:01:54.000Z,0.0002659,0xed3f605d8a3576928b572780fa558ac5c6307086,buy,0xc8c6a31a4a806d3710a7b38b7b296d2fabccdba8,0x4b91226ac7f998b55166e82bb09424c747a0174c1a74f79a9a2c51cc187649f2
205,854.8480545572739,0.22730409770677915,0xf47fb0f701715ffbb3f9fe866ca23440ab8e8def,2017-10-19T05:56:31.000Z,0.0002659,0xed3f605d8a3576928b572780fa558ac5c6307086,buy,0xc8c6a31a4a806d3710a7b38b7b296d2fabccdba8,0xb1c3314896bf87b022e65b862d25ce3b73878c611838b03859ae64d46b780bb8
206,552.4674666319024,0.12541011492544185,0xf47fb0f701715ffbb3f9fe866ca23440ab8e8def,2017-10-19T05:55:25.000Z,0.000227,0x074eb01c33023ac13034b0bdea31d67fb71d414e,sell,0xc8c6a31a4a806d3710a7b38b7b296d2fabccdba8,0xbdfe3019e30179f32faba601a6dcf27a6e6d56f625ae9a97155aaaf3db02eb31
207,9.969095803010667,0.002043664639617186,0xded9db44eb9d00085fefa60f30bf1f1dde06b8cd,2017-10-19T04:09:10.000Z,0.00020499999999999991,0x2126a604190d8a3485e20778473df338513278e3,sell,0xc8c6a31a4a806d3710a7b38b7b296d2fabccdba8,0x01e2158fc14b5e9479853c03c299696a98f0bc03ad5f72fa86e9b1b8753a35bc
208,100,0.0266,0x39fc98cb495874e5d1440aaeecd65bc7c33bfbde,2017-10-19T04:07:00.000Z,0.000266,0xfbf7dc0756a9768d0c71aea5f8421f3b1eaee7d1,buy,0xc8c6a31a4a806d3710a7b38b7b296d2fabccdba8,0xc9fe49aab940f5581ba78b3a0b48c28d9c756803426d3ee2860d7b8a7e0529fc
209,100,0.0266,0x14af12c11fa2fc702add3a5f65143bc1158871e4,2017-10-19T04:06:22.000Z,0.000266,0xfbf7dc0756a9768d0c71aea5f8421f3b1eaee7d1,buy,0xc8c6a31a4a806d3710a7b38b7b296d2fabccdba8,0xb9c998912cd633ca91c78cea9a4d9d2d676776cc80b5b091b95a0f8dfe65c906
210,1000,0.266999,0xb34f52781d3d4d83bc26b399da868a14cdc63c95,2017-10-18T20:36:18.000Z,0.000266999,0x6446896b10465549af133800f86155f48a188943,buy,0xc8c6a31a4a806d3710a7b38b7b296d2fabccdba8,0x73cb95bffae02f3f954dc9f64ac8f38d49990eec8b44c284ac95dbb2b96e3402
211,641.376665,0.1712468640406685,0xb34f52781d3d4d83bc26b399da868a14cdc63c95,2017-10-18T20:33:19.000Z,0.0002669989,0xbcce870909b3dbbe28f744f69b080dbdeeb7748a,buy,0xc8c6a31a4a806d3710a7b38b7b296d2fabccdba8,0x93a55716d62264ca78a3f313be078299dcbb4b26ef51e6818fd3641cdd408f3e
212,956,0.254296,0xb34f52781d3d4d83bc26b399da868a14cdc63c95,2017-10-18T20:28:23.000Z,0.000266,0x1eaa18a0e964d346f2b5182be3f97d7aab5145b9,buy,0xc8c6a31a4a806d3710a7b38b7b296d2fabccdba8,0xe461618110de70d9360cb68ce116c259432e22cbcd1d5b4e84b8488731ec6e02
213,1,0.000274,0x3ac636ac5c3a2576156ac5f10066ca68abe0ad54,2017-10-18T16:52:54.000Z,0.000274,0xfbf7dc0756a9768d0c71aea5f8421f3b1eaee7d1,buy,0xc8c6a31a4a806d3710a7b38b7b296d2fabccdba8,0xf1ac53252348e5cbb31e721346787d5062ba3081275d28fdaea57c6ec33b94b3
214,4.6939818738026196,0.001173495468450654,0x6446896b10465549af133800f86155f48a188943,2017-10-18T16:10:40.000Z,0.0002499999999999998,0x5f74e350a6c7fa284d98f1f7beddd50095fa942c,sell,0xc8c6a31a4a806d3710a7b38b7b296d2fabccdba8,0xf88d020fd0bdec906adc2b1c41282e3cd9edd2e0cab14e552a37c0d5585aa63a
215,1.8115968284012005,0.0005,0x379374d13077e8867ef31803c37baf9785a17c00,2017-10-18T15:13:37.000Z,0.0002759996,0xbcce870909b3dbbe28f744f69b080dbdeeb7748a,buy,0xc8c6a31a4a806d3710a7b38b7b296d2fabccdba8,0x9b76eb97e0246e178b5c4ff6dbaca95ed644f12f9e0ac17c79dda70db65fb68d
216,1.8115968284012005,0.0005,0xf9695cd65d6dfdf257fab76a3eb0cb8f001971cc,2017-10-18T15:11:56.000Z,0.0002759996,0xbcce870909b3dbbe28f744f69b080dbdeeb7748a,buy,0xc8c6a31a4a806d3710a7b38b7b296d2fabccdba8,0xa445627bb7a4f704cf229dcf75ee8d73fea58b50906f54250f9f7c6bf26b30b0
217,955.4679011298284,0.18344983701692708,0x1eaa18a0e964d346f2b5182be3f97d7aab5145b9,2017-10-18T13:27:51.000Z,0.00019199999999999998,0x80cee38f68e4fbcce372e91e10a5aec1af41a3d5,sell,0xc8c6a31a4a806d3710a7b38b7b296d2fabccdba8,0xc75ca46f8acf21b8e86af8efc1fdcc83eb7910135bfc003449d486f345f0cb60
218,540,0.1139616,0x19cb21fee880fea7e71d815e581c00089947fdf9,2017-10-18T13:26:29.000Z,0.00021104,0x80cee38f68e4fbcce372e91e10a5aec1af41a3d5,sell,0xc8c6a31a4a806d3710a7b38b7b296d2fabccdba8,0x6ff36462fd0e3c5d9dc691425a3d66972ae99ad3be051faa02c697768349f519
219,117.23144013578337,0.02461860242851451,0xcd03e8b9dcbfb3100de5b01d5bf6fd499a12bac4,2017-10-18T04:46:38.000Z,0.00020999999999999998,0xc59c4ac2406d787d784da00608bea931d56354ae,sell,0xc8c6a31a4a806d3710a7b38b7b296d2fabccdba8,0x068da1da0e41c2531371a0fc06ca253b80ca1d932327ba9e9efb861d59e7a19c
220,645,0.1244850645,0xbcce870909b3dbbe28f744f69b080dbdeeb7748a,2017-10-18T04:34:44.000Z,0.0001930001,0xc59c4ac2406d787d784da00608bea931d56354ae,sell,0xc8c6a31a4a806d3710a7b38b7b296d2fabccdba8,0x85383055edfc84d5c26a575a3552c8db37ae9d266a3d1b84c65d330c1d849cfb
221,900,0.1737009,0x7d878c82755b4831bb18b5df0b8fdf1e82cd61a2,2017-10-18T04:33:33.000Z,0.000193001,0xc59c4ac2406d787d784da00608bea931d56354ae,sell,0xc8c6a31a4a806d3710a7b38b7b296d2fabccdba8,0x54b6159bc3982bccb3859b8047d8d3ee032d784eccf0a9b0e8ecfe32dbe2cb99
222,430,0.09933,0xf8fe281a44def550c620882364e4a00f2ea80218,2017-10-18T04:15:19.000Z,0.000231,0x6446896b10465549af133800f86155f48a188943,sell,0xc8c6a31a4a806d3710a7b38b7b296d2fabccdba8,0x06c0bd0750aafe621bd2d16b9b43d3491b99c63cb998c46dbb825b9418379c75
223,2000,0.5,0xcb1e29ba2a38c5bb8c6af706097195bf5d536e73,2017-10-18T04:15:08.000Z,0.00025,0x6446896b10465549af133800f86155f48a188943,sell,0xc8c6a31a4a806d3710a7b38b7b296d2fabccdba8,0x501b47d1c3bff5b5c8c86a9fba73d211780a235862859b457e7c0fe380fba5dd
224,8,0.002,0x6446896b10465549af133800f86155f48a188943,2017-10-17T20:04:23.000Z,0.00025,0x5f74e350a6c7fa284d98f1f7beddd50095fa942c,sell,0xc8c6a31a4a806d3710a7b38b7b296d2fabccdba8,0xfdf0b5c1586d7fa0e35e1466201c77dcdd3bb003e1a02d2843eedebe3148bae7
225,0.1,0.0000293,0x6446896b10465549af133800f86155f48a188943,2017-10-17T19:59:46.000Z,0.000293,0xcd03e8b9dcbfb3100de5b01d5bf6fd499a12bac4,buy,0xc8c6a31a4a806d3710a7b38b7b296d2fabccdba8,0xf153a1ff9336ca3b1d650367da290c527d4853872c05ff29e3d1cd057bfdb1b7
226,1875.520327948405,0.4313696754281332,0x47e1364b3b5bc00cafd62fa39bcbca7fd42b6931,2017-10-17T19:46:15.000Z,0.00022999999999999998,0x6446896b10465549af133800f86155f48a188943,sell,0xc8c6a31a4a806d3710a7b38b7b296d2fabccdba8,0xdefc89479cb556751c45059981bb13576075d28fb68dd5e7b2b09dd67134d2fd
227,3344.4096504519325,0.7692142196039445,0x47e1364b3b5bc00cafd62fa39bcbca7fd42b6931,2017-10-17T18:05:24.000Z,0.00022999999999999998,0x6446896b10465549af133800f86155f48a188943,sell,0xc8c6a31a4a806d3710a7b38b7b296d2fabccdba8,0x4fd7563f7f769fd64622221c74a9742e0e80f53ed5bd5aad42af92744cc0d75f
228,7773.20368333708,1.7878368471675283,0x47e1364b3b5bc00cafd62fa39bcbca7fd42b6931,2017-10-17T17:56:00.000Z,0.00022999999999999998,0x6446896b10465549af133800f86155f48a188943,sell,0xc8c6a31a4a806d3710a7b38b7b296d2fabccdba8,0x9255d9994c1d0dd5572c8e2c431e4147ec3a46396af23078e81654eefbc9f30d
229,1.694915254237288,0.0005,0x16e5d97bbc92417e051e3b2cabfbf8ceea2acb9c,2017-10-17T17:32:50.000Z,0.000295,0x6446896b10465549af133800f86155f48a188943,buy,0xc8c6a31a4a806d3710a7b38b7b296d2fabccdba8,0x67b6342727a36a86623a3294138f34942d49bdf7e88736a4a93cbdba6dbc37e1
230,3000,0.615,0xfbf7dc0756a9768d0c71aea5f8421f3b1eaee7d1,2017-10-17T16:46:48.000Z,0.000205,0x6446896b10465549af133800f86155f48a188943,sell,0xc8c6a31a4a806d3710a7b38b7b296d2fabccdba8,0x635e799cd398938ba02ecefb12a2c26a7ad3b0926120204a8f932c44056d6802
231,10,0.00749999,0x5f74e350a6c7fa284d98f1f7beddd50095fa942c,2017-10-17T09:28:56.000Z,0.000749999,0x0773dd752384d3d8714ceb1c28a199591c63cddc,buy,0xc8c6a31a4a806d3710a7b38b7b296d2fabccdba8,0xdeb170aac1d94db1eae13e56a302798679b9aad8b3e2e98d5e0bf12680c06440
232,1.567398119122257,0.0005,0xcd912af5286dc0b0a23edb30209734ecb60838b3,2017-10-17T05:12:29.000Z,0.000319,0xed3f605d8a3576928b572780fa558ac5c6307086,buy,0xc8c6a31a4a806d3710a7b38b7b296d2fabccdba8,0xeb5825f389e10c236e30620e84aab97b0ede2bb01294d1c3edaa16f6e2e622c5
233,599.1001634180418,0.2066895563792244,0xcb1e29ba2a38c5bb8c6af706097195bf5d536e73,2017-10-17T03:26:31.000Z,0.000345,0x7ad1e147dfe8eb7f726255be945ec5ad2953d881,buy,0xc8c6a31a4a806d3710a7b38b7b296d2fabccdba8,0x309eea39c104f1f45db0fd6a37cc557d0d24d2f980849eed13796b4dd05a5b79
234,249,0.074202,0xcb1e29ba2a38c5bb8c6af706097195bf5d536e73,2017-10-17T03:08:35.000Z,0.000298,0x1eaa18a0e964d346f2b5182be3f97d7aab5145b9,buy,0xc8c6a31a4a806d3710a7b38b7b296d2fabccdba8,0x44fecf048ab767990bdf9e9848d138a45decd2f8deabdb45039fec69b3c3201a
235,270,0.08073,0xcb1e29ba2a38c5bb8c6af706097195bf5d536e73,2017-10-17T03:05:03.000Z,0.000299,0x60b48d2b633fcdae0fe0bde82d9c89ab7f57595a,buy,0xc8c6a31a4a806d3710a7b38b7b296d2fabccdba8,0xc6b92d8e3ca97db07fd1868d9b455df7c9ac14c2d2ca792f5e15e9a82e5aa2ef
236,461.068,0.137859332,0xcb1e29ba2a38c5bb8c6af706097195bf5d536e73,2017-10-17T03:02:29.000Z,0.000299,0x61a8039a2a68e6bc9a4eef5d1705a0561915a4b3,buy,0xc8c6a31a4a806d3710a7b38b7b296d2fabccdba8,0x87a9a374f398cf7367d152e0d4484e22df8a6d96e9112bc50cc96b3f951859fb
237,909.1218485449442,0.2718274327149383,0xb2cb5cff876d9e54fbf33c59e7057c185327c851,2017-10-17T00:49:38.000Z,0.000299,0x61a8039a2a68e6bc9a4eef5d1705a0561915a4b3,buy,0xc8c6a31a4a806d3710a7b38b7b296d2fabccdba8,0x3eea3f42ec1dec5b37e790afeae4afe5795a2e9f5249d00a2dc01cf975fd5f32
238,1354.4368979977812,0.4049766325013366,0x41f02a16d182039eb37ee57f50c59f9c6911dab9,2017-10-16T22:02:01.000Z,0.000299,0x61a8039a2a68e6bc9a4eef5d1705a0561915a4b3,buy,0xc8c6a31a4a806d3710a7b38b7b296d2fabccdba8,0xb4a043b10a2a5fca6b0f9756bb0bb3b9f1966a4c71c877091036799805015b4b
239,806.004,0.241759287792,0x41f02a16d182039eb37ee57f50c59f9c6911dab9,2017-10-16T21:59:55.000Z,0.000299948,0xcef01dfe48077d5ea00cf1ffd949c62026af577e,buy,0xc8c6a31a4a806d3710a7b38b7b296d2fabccdba8,0xfe571962902a7a485ff2efaea1ebe3ebcf6e7f1d293b45b15116b28bf81eabd5
240,4499,1.3474505,0x41f02a16d182039eb37ee57f50c59f9c6911dab9,2017-10-16T21:57:56.000Z,0.0002995,0x6446896b10465549af133800f86155f48a188943,buy,0xc8c6a31a4a806d3710a7b38b7b296d2fabccdba8,0xbe78ebfc7ae938fd3b2e7aa6e13e18024e4c46e260bbdf82ffd0a753f4b9f018
241,1000,0.2995,0x14af12c11fa2fc702add3a5f65143bc1158871e4,2017-10-16T20:53:48.000Z,0.0002995,0x6446896b10465549af133800f86155f48a188943,buy,0xc8c6a31a4a806d3710a7b38b7b296d2fabccdba8,0x6912dacc81d2affde49ce080546555fc8ca47a43054466d1071fc1a725280843
242,592,0.177304,0x14af12c11fa2fc702add3a5f65143bc1158871e4,2017-10-16T20:53:48.000Z,0.0002995,0x6446896b10465549af133800f86155f48a188943,buy,0xc8c6a31a4a806d3710a7b38b7b296d2fabccdba8,0x8afd820202ae160c82639de0c5964429eab63720372eb2d833b527b53bd4d148
243,418.783727145848,0.1214472389939232,0x14af12c11fa2fc702add3a5f65143bc1158871e4,2017-10-16T20:53:29.000Z,0.0002899999,0xbcce870909b3dbbe28f744f69b080dbdeeb7748a,buy,0xc8c6a31a4a806d3710a7b38b7b296d2fabccdba8,0x07eed5f2a0d77d4758e00dfa91f197e18db2ee3a8d4a1f6e83d94d936a195687
244,249.22739507526668,0.04663044561858239,0x1eaa18a0e964d346f2b5182be3f97d7aab5145b9,2017-10-16T17:46:50.000Z,0.0001871,0x2cb5c1e21daf04cbaae60b7f5d4cf990d17c7baa,sell,0xc8c6a31a4a806d3710a7b38b7b296d2fabccdba8,0xfbe5937aabc96139478dcd125bee082e03b627e3b7266513814132bfb341242f
245,0.0993292043791949,0.000018485363593376,0x7d878c82755b4831bb18b5df0b8fdf1e82cd61a2,2017-10-16T14:40:45.000Z,0.00018610199999999062,0x0405a3dec74964cadf94641a5493a8fa39a46f03,sell,0xc8c6a31a4a806d3710a7b38b7b296d2fabccdba8,0xcc13a249b5499daf50ae5dd923a0ae97ccf36ea59286baea8f02f657a270f9b4
246,996.3712491277041,0.18542668220516398,0x7d878c82755b4831bb18b5df0b8fdf1e82cd61a2,2017-10-16T14:37:11.000Z,0.000186102,0x0405a3dec74964cadf94641a5493a8fa39a46f03,sell,0xc8c6a31a4a806d3710a7b38b7b296d2fabccdba8,0xbaa8f6a1a464d355e23b070387e4689bb0f38c346e5bf64423922c5bdfeb7e41
247,806.0044699903378,0.24176104077360183,0xcef01dfe48077d5ea00cf1ffd949c62026af577e,2017-10-16T13:34:21.000Z,0.00029995,0x6446896b10465549af133800f86155f48a188943,buy,0xc8c6a31a4a806d3710a7b38b7b296d2fabccdba8,0xe4f07a6d901025705dfa5d78b1795fa3acc4955c15e66bf088db8406e60978e5
248,1513,0.48416,0x7d428c30424c8614358c93b1fd5eb2d8646861ef,2017-10-16T03:16:55.000Z,0.00032,0x4c95c574dae1b335c05ca778ea24b8d9dd515669,buy,0xc8c6a31a4a806d3710a7b38b7b296d2fabccdba8,0x91800569a2b4be534ad48be9e5360a690d958fa9c6689c76d088563e45a42ae6
249,68.99557,0.0165589368,0x41d496d95ba5ac3906c74d031f57ab4a9cda23f1,2017-10-15T14:06:24.000Z,0.00024,0x5dd91d7cce70196ffdc2417c07056bed01478b2b,buy,0xc8c6a31a4a806d3710a7b38b7b296d2fabccdba8,0xbd67810be0a1fd3f1170f6d299e70eb4faa80d37b36bbf04733dc820fc28010c
250,1000,0.3895,0xae92234848cf733e56ac64c56684bd47d0e7776c,2017-10-15T04:36:22.000Z,0.0003895,0xed3f605d8a3576928b572780fa558ac5c6307086,buy,0xc8c6a31a4a806d3710a7b38b7b296d2fabccdba8,0x48d9ceb0ada37edf8496a3ce0428d88f0adffc2718d5aa408daf63306c192e07
251,9557,3.411849,0xae92234848cf733e56ac64c56684bd47d0e7776c,2017-10-15T04:36:22.000Z,0.000357,0x1eaa18a0e964d346f2b5182be3f97d7aab5145b9,buy,0xc8c6a31a4a806d3710a7b38b7b296d2fabccdba8,0x8e107c7950b4809581db731668f98625585506c570d41d91e98ab230865749b3
252,4000,1.42,0xae92234848cf733e56ac64c56684bd47d0e7776c,2017-10-15T04:35:44.000Z,0.000355,0xfbf7dc0756a9768d0c71aea5f8421f3b1eaee7d1,buy,0xc8c6a31a4a806d3710a7b38b7b296d2fabccdba8,0xc72686caf514af668c304ff1a5988ea55b7130e8900fa806d316d516698323e9
253,216.216,0.079999919783784,0x7d2c06c54a412ba091cb40ca701d3c961205563d,2017-10-14T13:45:08.000Z,0.000369999999,0xbcce870909b3dbbe28f744f69b080dbdeeb7748a,buy,0xc8c6a31a4a806d3710a7b38b7b296d2fabccdba8,0xac16a603e4a82ff5ef435dc511e9944ce4686d2f6404ca588f57c1dc810874af
254,5227.843079932421,0.7684929327500659,0x1eaa18a0e964d346f2b5182be3f97d7aab5145b9,2017-10-14T08:14:17.000Z,0.000147,0xc583c70fc11471af566ea79d9c73086370c4226a,sell,0xc8c6a31a4a806d3710a7b38b7b296d2fabccdba8,0xe9887d2c28006525ff2403c7129163b2d39393ad2125a871c962afb7fd336267
255,4329.4248484739355,0.6364254527256685,0x1eaa18a0e964d346f2b5182be3f97d7aab5145b9,2017-10-13T22:41:41.000Z,0.000147,0x3de1655d54223f420f5d8e72ebfb27e5ad8a3a06,sell,0xc8c6a31a4a806d3710a7b38b7b296d2fabccdba8,0x93acc5ccaf7603e2fc18de578214d8bd2c2cdf75eb7795fc7e01f4020536651a
256,1200,0.27858,0xaf7a29b6c4dbbde0e1fb8024517cf890bdb5b333,2017-10-13T22:37:52.000Z,0.00023215,0x3de1655d54223f420f5d8e72ebfb27e5ad8a3a06,sell,0xc8c6a31a4a806d3710a7b38b7b296d2fabccdba8,0x132b7c6cc94d4c4fd0f8a8890588f7a8b44a11ea8a570ac547760dd7a152a1a0
257,4000,0.96,0xfbf7dc0756a9768d0c71aea5f8421f3b1eaee7d1,2017-10-13T22:37:27.000Z,0.00024,0x3de1655d54223f420f5d8e72ebfb27e5ad8a3a06,sell,0xc8c6a31a4a806d3710a7b38b7b296d2fabccdba8,0x3f76902eafdf3b965337faa64d8645dcb83eaea19984e2b6c8588bfbf07b62cc
258,230.073,0.0552175430073,0xbcce870909b3dbbe28f744f69b080dbdeeb7748a,2017-10-13T22:37:09.000Z,0.0002400001,0x3de1655d54223f420f5d8e72ebfb27e5ad8a3a06,sell,0xc8c6a31a4a806d3710a7b38b7b296d2fabccdba8,0xbfb6278c2c23c76c5dfaead4c2b0a1ec724d7d880e5d7f481ad4974b4eb19652
259,404.92672714584785,0.09718245500767621,0xbcce870909b3dbbe28f744f69b080dbdeeb7748a,2017-10-13T19:34:08.000Z,0.00024000009999999999,0x3e43b4e95d6e2c8bff378b6726ec513edaf42549,sell,0xc8c6a31a4a806d3710a7b38b7b296d2fabccdba8,0x3b72ffb6504d93b6a54b66ec5ee8349af14edbb9e1fdcff9710085b403c6d56b
260,8.971125787965036,0.001822035647535698,0xbcbb74de15e156422d55b997f605890c75d0caa7,2017-10-13T02:46:51.000Z,0.00020309999999999987,0x3e43b4e95d6e2c8bff378b6726ec513edaf42549,sell,0xc8c6a31a4a806d3710a7b38b7b296d2fabccdba8,0xb18f9f2c6914bece9053874b61c01d026a066ec6669757237d72038d1985e656
261,601.9738554975897,0.23476980364406003,0xeb174c842b4e8d2cc45047ae053aa06ff757dabd,2017-10-13T02:02:37.000Z,0.00039,0x5f74e350a6c7fa284d98f1f7beddd50095fa942c,buy,0xc8c6a31a4a806d3710a7b38b7b296d2fabccdba8,0xca523a5afba7538199e8b8a7d2aefc645ee89c479160c96b85207191cf6842a0
262,3629.8478497191895,0.9074619624297975,0xbc123910b8e860d2247c17df00163f59a5305386,2017-10-13T00:28:40.000Z,0.00025,0x3de1655d54223f420f5d8e72ebfb27e5ad8a3a06,sell,0xc8c6a31a4a806d3710a7b38b7b296d2fabccdba8,0xa9dacd6b368b999f6cab062ca4e7d9df337befd0ddba61d1c4ff7dcd1393bae0
263,200,0.078,0x8ea8410af2d2dd0e50c8f403e0cf1214844cbebc,2017-10-13T00:26:01.000Z,0.00039,0x3de1655d54223f420f5d8e72ebfb27e5ad8a3a06,sell,0xc8c6a31a4a806d3710a7b38b7b296d2fabccdba8,0xd46b51f8d031fdbdd88ebca6c629278891548d362cfc6af903f3db657f1c0c91
264,21.233797175436916,0.005308449293859228,0xbc123910b8e860d2247c17df00163f59a5305386,2017-10-12T17:12:28.000Z,0.00024999999999999995,0x3d4153f342a4cdfed09ce5b0e970221400f17abb,sell,0xc8c6a31a4a806d3710a7b38b7b296d2fabccdba8,0xddf3934999e0ead4355d5b7f385e551073aaadc977a03861c657acd33059263a
265,348.91835310537334,0.08722958827634333,0xbc123910b8e860d2247c17df00163f59a5305386,2017-10-12T11:24:28.000Z,0.00025,0x86dc61f286966ce641f0365f8fd4a3aa8b955adc,sell,0xc8c6a31a4a806d3710a7b38b7b296d2fabccdba8,0xccf9f0e6a398303c5786bf8078652e1ff837b93e7bcc51a2e37c0698fcf6d83a
266,100,0.033333,0x3e7d005ed164cc1b2066279cf625a0960281dfb2,2017-10-12T01:58:35.000Z,0.00033333,0x0baa215d6262917c550d30f991810e0e898e138a,sell,0xc8c6a31a4a806d3710a7b38b7b296d2fabccdba8,0x746a03ad469ab43bbce1e6891ebe4678074d41b7b5f07bb08a76fbefd811e865
267,1091.3093475772662,0.3636482834183918,0x568cbdd99da79418f81fb5304661c18b84e7b609,2017-10-12T00:07:46.000Z,0.000333222,0x06b69c61518e28dee8ab297f0659c71e406bf73c,sell,0xc8c6a31a4a806d3710a7b38b7b296d2fabccdba8,0x84dcdca12c4f849d19a652e80a749ea2a476ebf92411375859f64e2bb65ae9be
268,275,0.108610975,0xb2cb5cff876d9e54fbf33c59e7057c185327c851,2017-10-11T23:35:45.000Z,0.000394949,0x61a8039a2a68e6bc9a4eef5d1705a0561915a4b3,sell,0xc8c6a31a4a806d3710a7b38b7b296d2fabccdba8,0x0d13d701a456156b8fcb10b4721876567a312c17b6ebd6c08e116975e57df749
269,500,0.1725,0x568cbdd99da79418f81fb5304661c18b84e7b609,2017-10-11T23:06:36.000Z,0.000345,0x06b69c61518e28dee8ab297f0659c71e406bf73c,sell,0xc8c6a31a4a806d3710a7b38b7b296d2fabccdba8,0xa514bb5162edf179b566724a5291076eb07a8325fb3172d3ab894fe23c91920f
270,170,0.06714133,0xf8fe281a44def550c620882364e4a00f2ea80218,2017-10-11T19:04:16.000Z,0.000394949,0x9e41fd0e10b26611b8368a3875a16f4aa7f12693,buy,0xc8c6a31a4a806d3710a7b38b7b296d2fabccdba8,0x22fa1c3dedffeda0164be8e7c76adabe7a7baee701d1db7f113c1576489e63b9
271,300,0.1184847,0x7b234398645581e36ae81dfe6570aca81f3712b0,2017-10-11T17:36:29.000Z,0.000394949,0x9e41fd0e10b26611b8368a3875a16f4aa7f12693,buy,0xc8c6a31a4a806d3710a7b38b7b296d2fabccdba8,0xb7c978a9cc9729654ec7cdadd6efd8c406929b83d9c832dc48fe03323408b1f6
272,300,0.1184997,0x7b234398645581e36ae81dfe6570aca81f3712b0,2017-10-11T17:36:22.000Z,0.000394999,0x7b6b2f3c88ce2ecedc01c545f13faf36034d772f,buy,0xc8c6a31a4a806d3710a7b38b7b296d2fabccdba8,0xcaef1bb1748787ffe919eb4df933e898f3b90608cb29916d1ddcd62bace49aa4
273,1596.1924065547557,0.6511666922540126,0x06b69c61518e28dee8ab297f0659c71e406bf73c,2017-10-11T11:15:32.000Z,0.00040795,0x9e41fd0e10b26611b8368a3875a16f4aa7f12693,buy,0xc8c6a31a4a806d3710a7b38b7b296d2fabccdba8,0xaa14d79eaf07b174db7a51f4ce44c62cf87d3b238abe862d4a29817e90925503
274,488.7410615521837,0.19938191606021333,0x2b563341da4657ba5d25252886e413a9fadb7924,2017-10-11T09:24:34.000Z,0.00040795,0x9e41fd0e10b26611b8368a3875a16f4aa7f12693,buy,0xc8c6a31a4a806d3710a7b38b7b296d2fabccdba8,0x6b81f289f5f85554c0d6fea58cb3437a4709abfdf9fa0b37bda74d0d4cf275eb
275,4400,1.7952,0xfdae342515b340bb67c037348dc3c555cbac3727,2017-10-11T06:58:58.000Z,0.000408,0x61a8039a2a68e6bc9a4eef5d1705a0561915a4b3,sell,0xc8c6a31a4a806d3710a7b38b7b296d2fabccdba8,0xb20a6ed620f6fc3be4f26bab1feb8dca1e1233b739e601ded30d58fb661ba673
276,121.28327910859687,0.0390533371562473,0x1c39c4a38ced25b4cf306d0ebfbd1fdd7d33d917,2017-10-11T05:43:37.000Z,0.000322001,0x1b2b79cd3f8760ba206f08a68f73292f1a9f5fe3,sell,0xc8c6a31a4a806d3710a7b38b7b296d2fabccdba8,0x45f9f4443cd50583b2ddcced269cf1ca3647dbe17b6d82583f7df59a989a327c
277,302.0251157784613,0.12346786733023499,0x074eb01c33023ac13034b0bdea31d67fb71d414e,2017-10-11T05:27:32.000Z,0.0004088,0x383932e5467528999954bf192452e390e1c84795,buy,0xc8c6a31a4a806d3710a7b38b7b296d2fabccdba8,0x3925997cff3c542b86a28dd44d62bc4553774b66937ce5c3e4e9400a4723a127
278,252.155,0.100862,0x074eb01c33023ac13034b0bdea31d67fb71d414e,2017-10-11T05:26:17.000Z,0.0004,0xf01a8001bb63886e8806642c8e3cfc587f534cfe,buy,0xc8c6a31a4a806d3710a7b38b7b296d2fabccdba8,0x93fc8331ae0e5c8da82f12d7608ba1d928a76602bd2c3448a241e5b2e28ca710
279,165,0.05445,0x1b2727d48b6e62ff8fc7db70179f226962bd66f8,2017-10-11T03:26:49.000Z,0.00033,0xd43223f46896f7ed68f37e7b1ec06e6b44bef919,sell,0xc8c6a31a4a806d3710a7b38b7b296d2fabccdba8,0xe882d1511708d8f6b73a976bfff9e2483dfdaacc453752f366b912dc1a0f29c7
280,0.039753148451841955,0.000012800513801493,0x98cb48f775c5bbf810c0f464ee1a092cb84369ac,2017-10-11T01:43:51.000Z,0.0003219999999999972,0xad008c3f3a816eab62a522b6ee7f96eb989106dd,sell,0xc8c6a31a4a806d3710a7b38b7b296d2fabccdba8,0xc21e47b50d7e52bb2d0508d065cf9d4c8a5f1d9918426cf148982fdb68cd1710
281,398.7638321204267,0.12840235270660952,0x1c39c4a38ced25b4cf306d0ebfbd1fdd7d33d917,2017-10-11T01:42:53.000Z,0.000322001,0xad008c3f3a816eab62a522b6ee7f96eb989106dd,sell,0xc8c6a31a4a806d3710a7b38b7b296d2fabccdba8,0xc0c93bd98eb279ef743fae3f9fab98d8d8af424c967be4514eeca76f16165d4b
282,2000,0.8,0x86f0f2c5500420cc751af409b3a8a24bc5ddfe45,2017-10-11T00:52:04.000Z,0.0004,0x9e41fd0e10b26611b8368a3875a16f4aa7f12693,sell,0xc8c6a31a4a806d3710a7b38b7b296d2fabccdba8,0x14da387cac4c59b97dd9525885959d696792914b242c6b0df344d8abd730901c
283,697,0.285629206,0xccf843bcc69ebbd03001cc54e2fc46adb7a4c696,2017-10-11T00:45:11.000Z,0.000409798,0x9e41fd0e10b26611b8368a3875a16f4aa7f12693,buy,0xc8c6a31a4a806d3710a7b38b7b296d2fabccdba8,0x3b28be708a866565a6702e8f7f7d227460de4b0c82bb4ecd7b4477ab20d49fa9
284,1145.6729786649842,0.4697259212526435,0xeffc1690c00de7ea4e47a73549d9347d2c3e907a,2017-10-11T00:41:23.000Z,0.00041,0x9e41fd0e10b26611b8368a3875a16f4aa7f12693,sell,0xc8c6a31a4a806d3710a7b38b7b296d2fabccdba8,0xc6444ac9973c6ef2f6c2e2d9e9e36fe730a72dc9ad5ca9198d012d033306f372
285,553,0.226612764,0xccf843bcc69ebbd03001cc54e2fc46adb7a4c696,2017-10-11T00:40:35.000Z,0.000409788,0x6937ef203de9fefb2110ed968fb261721fb50a01,buy,0xc8c6a31a4a806d3710a7b38b7b296d2fabccdba8,0xa543c618c412025cad9e0731cd1abbf8308849ed7940dc91164437f39bd8f45a
286,1199.8743849207278,0.4919484978174984,0xeffc1690c00de7ea4e47a73549d9347d2c3e907a,2017-10-11T00:29:34.000Z,0.00041,0xf124c07cbf9bee82db79462ad5e9d809ca11d02e,sell,0xc8c6a31a4a806d3710a7b38b7b296d2fabccdba8,0x3644dc8941223b577f14fc63be2b91744bd2ac60cece304ea5aae78e3650c96f
287,1203.593995513982,0.49046455317194765,0xf124c07cbf9bee82db79462ad5e9d809ca11d02e,2017-10-11T00:15:59.000Z,0.0004075,0x9f268b41c09300ac8ad1335c35c6fd95b6e41171,buy,0xc8c6a31a4a806d3710a7b38b7b296d2fabccdba8,0x9d80e2275f9eab1d7b33a223b50bab1663560853ea7e64ef4ef2a50a5de2cc75
288,961.7697206090796,0.3943255854497226,0xeffc1690c00de7ea4e47a73549d9347d2c3e907a,2017-10-10T23:47:34.000Z,0.00041,0xa0ea15183ebc5d0b1a1ecd8e743e322cece47bf0,sell,0xc8c6a31a4a806d3710a7b38b7b296d2fabccdba8,0x1b336c949d10ba1c237c23ae6d3c16ff5fc6b33bab5164fb05b0232afd8562aa
289,100,0.04,0x8e387a510ddcc1891417c6ea3920d3997aff1020,2017-10-10T23:42:37.000Z,0.0004,0xecfae215774fdb494d826b0a7419b9b50ac9c029,buy,0xc8c6a31a4a806d3710a7b38b7b296d2fabccdba8,0xdc1904e58a4117adbaf521decd16474acff49d7dfbf0440cea9ef67d371dd9de
290,3516.7933540493646,1.4411819164894295,0xbcbb74de15e156422d55b997f605890c75d0caa7,2017-10-10T23:36:35.000Z,0.0004098,0xbc123910b8e860d2247c17df00163f59a5305386,buy,0xc8c6a31a4a806d3710a7b38b7b296d2fabccdba8,0xffe2fc0a197f8ce836f0ac62ab0f5e4d9e93284a03e62094722754785ea0e059
291,317.4995211783838,0.1293810548801914,0x9cac7dc8f34eb3affa3cbec3ebffb174dc7a8c60,2017-10-10T22:07:34.000Z,0.0004075,0x9f268b41c09300ac8ad1335c35c6fd95b6e41171,buy,0xc8c6a31a4a806d3710a7b38b7b296d2fabccdba8,0xe3bab44b1935df53afd98081ad1ec363d3e77a265add381e7fba5b7115930ae3
292,700.282,0.285014774,0x9cac7dc8f34eb3affa3cbec3ebffb174dc7a8c60,2017-10-10T22:00:11.000Z,0.000407,0x1d9f2923d27f5fc0a1d5cf0edf691af6aa6e7f67,buy,0xc8c6a31a4a806d3710a7b38b7b296d2fabccdba8,0xf9447c4122bba0938d204d00b1ef8340ac17cd6990947cc9de0155554671c896
293,5000,1.55,0x98cb48f775c5bbf810c0f464ee1a092cb84369ac,2017-10-10T19:13:45.000Z,0.00031,0x2a40c5a487c50857a5d00256184d094e0d236352,sell,0xc8c6a31a4a806d3710a7b38b7b296d2fabccdba8,0x4cf8bc5c250f704ec362129f65e8cfbb76f978c4013067fb383c337a1587d358
294,4960,1.5376,0x98cb48f775c5bbf810c0f464ee1a092cb84369ac,2017-10-10T19:09:14.000Z,0.00031,0x2a40c5a487c50857a5d00256184d094e0d236352,sell,0xc8c6a31a4a806d3710a7b38b7b296d2fabccdba8,0x86b7acd5b79305ee4e63a4632801b09e684033bc8c9c62bbff96067778ca755d
295,262,0.07074,0x98cb48f775c5bbf810c0f464ee1a092cb84369ac,2017-10-10T18:00:15.000Z,0.00027,0xe56b94fb30b896f0724979b240522ba7c7f9d329,buy,0xc8c6a31a4a806d3710a7b38b7b296d2fabccdba8,0x375fbac9adab5bd5e13e9de457432860259bfa60c97fd8df9bc9e5c4acfa34a9
296,1595.0553284817067,0.39876383212042665,0x9cac7dc8f34eb3affa3cbec3ebffb174dc7a8c60,2017-10-10T17:16:17.000Z,0.00025,0x1ad3a0dcf6b766eebe627bbc982f1973dd4922dc,sell,0xc8c6a31a4a806d3710a7b38b7b296d2fabccdba8,0xfbd7c57539f1b421a1b232139e5e7d50b93b6104b7f2fc07b74b63686fa4c9ca
297,787.2038910765517,0.2361611673229655,0x7b189ad121ab82f9d446a32727773213d9e273ff,2017-10-10T13:02:05.000Z,0.0003,0xd43223f46896f7ed68f37e7b1ec06e6b44bef919,sell,0xc8c6a31a4a806d3710a7b38b7b296d2fabccdba8,0xf1f24deca71be40657cab590adebd8c7989e8b2c9f1cca3520644cb9848ec2f6
298,584.7788192142649,0.18712922214856476,0x7b189ad121ab82f9d446a32727773213d9e273ff,2017-10-10T12:48:47.000Z,0.00032,0x0f1b76410215ed963ea2c3d3eaddd4a56350b422,buy,0xc8c6a31a4a806d3710a7b38b7b296d2fabccdba8,0xa0527a3489d9949ad3004ab8e1c3f074214ab3bff4a60636ff543924f3192b78
299,1209.906,0.37507086,0x7b189ad121ab82f9d446a32727773213d9e273ff,2017-10-10T12:45:04.000Z,0.00031,0x443e9aeec7caf720480f82d4df7a7f8d466605df,buy,0xc8c6a31a4a806d3710a7b38b7b296d2fabccdba8,0x308bdcf4ac0809c1e6d669eb28bc53cd432f7bc3e4b65b60dcc7dfc2a064b6f4
300,1543.539289546599,0.4784971797594457,0x7b189ad121ab82f9d446a32727773213d9e273ff,2017-10-10T12:25:32.000Z,0.00031,0x443e9aeec7caf720480f82d4df7a7f8d466605df,buy,0xc8c6a31a4a806d3710a7b38b7b296d2fabccdba8,0x1c66cb595ec5effd13a651b59949ab90be03d7f0d5e7ca486a5d1b42afd3f75b
301,1268.333,0.3804999,0x7b189ad121ab82f9d446a32727773213d9e273ff,2017-10-10T12:22:52.000Z,0.0003,0xdda3ff82def15fab2eca2f56229edbf62a1a2dc9,buy,0xc8c6a31a4a806d3710a7b38b7b296d2fabccdba8,0xc0d0ad30388b62d2ed619d7f524cdbda62ec6dca7e7bedbbdc6e8b344f195e9e
302,2500,0.75,0x7b189ad121ab82f9d446a32727773213d9e273ff,2017-10-10T12:22:52.000Z,0.0003,0x7ad1e147dfe8eb7f726255be945ec5ad2953d881,buy,0xc8c6a31a4a806d3710a7b38b7b296d2fabccdba8,0x3b2650d4b79c0e52ff03805b09104089c77733cee2363f1030cf92d6306f89d1
303,11106.389,3.3308060611,0x7b189ad121ab82f9d446a32727773213d9e273ff,2017-10-10T12:21:05.000Z,0.0002999,0x0f1b76410215ed963ea2c3d3eaddd4a56350b422,buy,0xc8c6a31a4a806d3710a7b38b7b296d2fabccdba8,0xf52fff40f873acc43e7a38757011d0cfa70658754200f60e9fc2c6bb7bb43284
304,150,0.0432,0x7b189ad121ab82f9d446a32727773213d9e273ff,2017-10-10T11:44:45.000Z,0.000288,0xa160dcd434d34b9ba15e25bb4d8cd045558513ac,buy,0xc8c6a31a4a806d3710a7b38b7b296d2fabccdba8,0xf434b573a922f07f8219c77bc4af54ffb64b9c8716c3feb4f5accd2b08ecea5c
305,833.611,0.2499999389,0x49fb4919ef7bf7a694ebb82c99f1e561ce4e9e2b,2017-10-10T09:53:50.000Z,0.0002999,0x0f1b76410215ed963ea2c3d3eaddd4a56350b422,buy,0xc8c6a31a4a806d3710a7b38b7b296d2fabccdba8,0x0ea30d363a0ed345f23b4b503a24daf9b4a529d26548cb80f8e654e11d8e8b7f
306,6060,1.817394,0x9397edd1f5e19e90b9b535dd06741f1b02ad0316,2017-10-10T09:46:41.000Z,0.0002999,0x0f1b76410215ed963ea2c3d3eaddd4a56350b422,buy,0xc8c6a31a4a806d3710a7b38b7b296d2fabccdba8,0x03626d6b2fefc5419edbfe020a7c971178c9db1e097cebf963ea3b97cc3f3b72
307,759,0.2277,0x44655301b0fbb5b2c691bc812ab40682dc88b412,2017-10-10T06:07:55.000Z,0.0003,0xdda3ff82def15fab2eca2f56229edbf62a1a2dc9,buy,0xc8c6a31a4a806d3710a7b38b7b296d2fabccdba8,0xabe9008b9f76766a50cd53b88e4d4da738fe84e9bcb4738b6e4df71202521659
308,840.857621224948,0.2505755711250345,0x44655301b0fbb5b2c691bc812ab40682dc88b412,2017-10-10T06:02:48.000Z,0.000298,0xf5f4a5dd495cfeaaf264ce122bb4fa4bc0145238,buy,0xc8c6a31a4a806d3710a7b38b7b296d2fabccdba8,0x4dfcf92339f74bdd53b3d814a9c2d1d933a8bf20d209301ed8ba3b8464e7f7b7
309,3226.7777255244355,0.5808199905943984,0xdd2de64e5a70cf23181aaf248cc1a2a7c89039df,2017-10-09T23:19:45.000Z,0.00017999999999999998,0x3de1655d54223f420f5d8e72ebfb27e5ad8a3a06,sell,0xc8c6a31a4a806d3710a7b38b7b296d2fabccdba8,0x687681e60d50666485fe1040e591f96fbded6c7672807e57b2467d11894794b6
310,2755.085,0.495918055085,0x61a8039a2a68e6bc9a4eef5d1705a0561915a4b3,2017-10-09T23:14:26.000Z,0.000180001,0x3de1655d54223f420f5d8e72ebfb27e5ad8a3a06,sell,0xc8c6a31a4a806d3710a7b38b7b296d2fabccdba8,0xfaf3046c8238657434c2c1e15efed97cf5168c07992511ea68c9fe302ec91253
311,1309.914735611999,0.23578596232489543,0x61a8039a2a68e6bc9a4eef5d1705a0561915a4b3,2017-10-09T22:27:39.000Z,0.000180001,0x3de1655d54223f420f5d8e72ebfb27e5ad8a3a06,sell,0xc8c6a31a4a806d3710a7b38b7b296d2fabccdba8,0x138d6df165e8e1c4524543931e75eb122c2468a915485b743620b5d534259f75
312,3075,0.553503075,0x61a8039a2a68e6bc9a4eef5d1705a0561915a4b3,2017-10-09T21:52:50.000Z,0.000180001,0x3de1655d54223f420f5d8e72ebfb27e5ad8a3a06,sell,0xc8c6a31a4a806d3710a7b38b7b296d2fabccdba8,0x79278610251c9b9cb73be21bc8a9cbe9789418084f6c281252559e3d1a899cd2
313,600,0.15,0x779f7997ab5e572bf0c550b0c8530a26af7fe481,2017-10-09T21:40:05.000Z,0.00025,0x3de1655d54223f420f5d8e72ebfb27e5ad8a3a06,sell,0xc8c6a31a4a806d3710a7b38b7b296d2fabccdba8,0x1a787fea3b8c7faff6a26557334b23da1f9fe88d1361c80294f25da2197603b2
314,466.667,0.1400001,0x6c54af8b8e4fcdc50b1fedd366dc18aaa965f8b3,2017-10-09T21:16:47.000Z,0.0003,0xdda3ff82def15fab2eca2f56229edbf62a1a2dc9,buy,0xc8c6a31a4a806d3710a7b38b7b296d2fabccdba8,0x915d4126351d04193189cfc1be50a4b8b659afa0c99f7fed1bcb9c0f33786c77
315,1,0.00031,0x1609c9e95937475f94a6ef53b4b8183a50820853,2017-10-09T20:46:52.000Z,0.00031,0x443e9aeec7caf720480f82d4df7a7f8d466605df,buy,0xc8c6a31a4a806d3710a7b38b7b296d2fabccdba8,0x223296842f87ccaeec4e1b464e16c857c339c45d2df457114cf1bf2304ee4803
316,1238.881366238096,0.3840532235338098,0x2425eb8aebf46424737c6e6c1b28fdde04c8e77c,2017-10-09T20:10:36.000Z,0.00031,0x443e9aeec7caf720480f82d4df7a7f8d466605df,buy,0xc8c6a31a4a806d3710a7b38b7b296d2fabccdba8,0xa8d28a3bd601e6bfe80a2a776f5001e21d6c4b651fd016d108279e2bcb2b06df
317,1,0.00031,0xbf52f67f8524587d6a7ab1f1f8d092c635b9587f,2017-10-09T19:07:26.000Z,0.00031,0x443e9aeec7caf720480f82d4df7a7f8d466605df,buy,0xc8c6a31a4a806d3710a7b38b7b296d2fabccdba8,0x6f0dd26081c7cbb9fd51ec5d0bc357bbe1cac2f829a6b7b8ec68f172a7756300
318,2029.032,0.62899992,0xd1f9eb61ad476170a6ac5e6ccf064b3306e54e44,2017-10-09T19:03:02.000Z,0.00031,0x443e9aeec7caf720480f82d4df7a7f8d466605df,buy,0xc8c6a31a4a806d3710a7b38b7b296d2fabccdba8,0x771e2ce420e552f570861963553bb9e4f3090b3197da81861d25511c9047fdd3
319,964.7512067429677,0.29907287409032,0xa0ea15183ebc5d0b1a1ecd8e743e322cece47bf0,2017-10-09T18:00:32.000Z,0.00031,0x443e9aeec7caf720480f82d4df7a7f8d466605df,buy,0xc8c6a31a4a806d3710a7b38b7b296d2fabccdba8,0x0f34fcd944fa285bfdacd0d21fe2127481b4ceb885c85c60674c05b75621b65a
320,964.8899807054279,0.29911589401868266,0xac02648d4cfbad10ff976505bbd874a6ddf1d8c2,2017-10-09T16:10:23.000Z,0.00031,0x443e9aeec7caf720480f82d4df7a7f8d466605df,buy,0xc8c6a31a4a806d3710a7b38b7b296d2fabccdba8,0xd1cb31cd4911d7d853f2b4ea5deccc42e8d9b995a2d415e4c4e65a7e03eb0fcf
321,3.9,0.00156,0xf2f702179d605f28b6ba5949612a6c9f563095ab,2017-10-09T15:23:46.000Z,0.0004,0x602dac96d8d0530148bf159acc7927f7ef09f31b,sell,0xc8c6a31a4a806d3710a7b38b7b296d2fabccdba8,0xba25b1a92b033b4f5b6844da78114d6025873aea9c3dc24915b16001f94cb048
322,7,0.002800007,0xf36990a2cb4d609e0a7d4f3bf884c0342d81fd3d,2017-10-09T15:08:56.000Z,0.000400001,0x602dac96d8d0530148bf159acc7927f7ef09f31b,sell,0xc8c6a31a4a806d3710a7b38b7b296d2fabccdba8,0x01ed16259d0c126fbdd39da51176998d343751ae3dbe4ef047f3b9eeaf3df5d0
323,6,0.002400018,0x6e5d0c4b1a76d41974924d4134edaf99a7167940,2017-10-09T15:04:09.000Z,0.000400003,0x602dac96d8d0530148bf159acc7927f7ef09f31b,sell,0xc8c6a31a4a806d3710a7b38b7b296d2fabccdba8,0x44f0ddce557f453a25584b8bf2522671157ae4e65c5181e99cbcf5167d34701b
324,17,0.00544,0x602dac96d8d0530148bf159acc7927f7ef09f31b,2017-10-09T14:59:05.000Z,0.00032,0x0f1b76410215ed963ea2c3d3eaddd4a56350b422,buy,0xc8c6a31a4a806d3710a7b38b7b296d2fabccdba8,0x3e52296f039405ad2d5929099236684d0af1ec9c7e2ed4a424b7fdc24dc9c63e
325,875,0.28,0xf51b0d92d808d5632a6d2b574b624d2313111d3b,2017-10-09T14:03:09.000Z,0.00032,0x0f1b76410215ed963ea2c3d3eaddd4a56350b422,buy,0xc8c6a31a4a806d3710a7b38b7b296d2fabccdba8,0x192028074f1143fd75396b2648e50b8870fc657471424b9b1068476f41c0b8f7
326,2000,0.64,0x669699b3ccc213c327a0e9cf1de218df75e9a535,2017-10-09T13:23:43.000Z,0.00032,0x0f1b76410215ed963ea2c3d3eaddd4a56350b422,buy,0xc8c6a31a4a806d3710a7b38b7b296d2fabccdba8,0xd0187dee7b50b6b922e11fc7315d47bc12ce4363f9008e3678e4d08ba2a186ff
327,188.6535398424688,0.07081487925066751,0xdcc7ef31cfda2ce100d02767b9f333b30eac08e3,2017-10-09T11:19:10.000Z,0.00037537,0x273a5d3e6721b9f5c1a6474f560c1334c63dda01,sell,0xc8c6a31a4a806d3710a7b38b7b296d2fabccdba8,0x4428ce15b74ec735a019fb386eea618036f98ea96b98a274b9b3c5c3e87c089e
328,189.2212034528273,0.060550785104904734,0x273a5d3e6721b9f5c1a6474f560c1334c63dda01,2017-10-09T11:19:10.000Z,0.00032,0x0f1b76410215ed963ea2c3d3eaddd4a56350b422,buy,0xc8c6a31a4a806d3710a7b38b7b296d2fabccdba8,0x4428ce15b74ec735a019fb386eea618036f98ea96b98a274b9b3c5c3e87c089e
329,21666,5.84982,0x0f1b76410215ed963ea2c3d3eaddd4a56350b422,2017-10-09T10:27:20.000Z,0.00027,0xd43223f46896f7ed68f37e7b1ec06e6b44bef919,sell,0xc8c6a31a4a806d3710a7b38b7b296d2fabccdba8,0x58b983aa3200b92d732fe18ad8fa01f92f876d4d280fa5aa3f0ce8855d30a2c3
330,500,0.135525,0xb657afdd8e04b61a00ab51cd887a15fc576b26da,2017-10-09T10:19:36.000Z,0.00027105,0xd43223f46896f7ed68f37e7b1ec06e6b44bef919,sell,0xc8c6a31a4a806d3710a7b38b7b296d2fabccdba8,0x2fa64e5a221cb955c0198f2fbef53657ee2b5c5aaa094208b2f2a14311c2e353
331,1850,0.50135,0x1d8102b5a22dc11be44958e5a14c1ad1e35a5015,2017-10-09T10:19:36.000Z,0.000271,0xd43223f46896f7ed68f37e7b1ec06e6b44bef919,sell,0xc8c6a31a4a806d3710a7b38b7b296d2fabccdba8,0x8f05644015756cb32ae7685310ce5ea590ce13e122f0e9920a7875c8ff4d532e
332,300,0.093,0xaf318ec14c84bdb5b7f02db14154cc6b60e0b790,2017-10-09T05:48:04.000Z,0.00031,0xd43223f46896f7ed68f37e7b1ec06e6b44bef919,sell,0xc8c6a31a4a806d3710a7b38b7b296d2fabccdba8,0x9fa6dad3122b30f93f432b50e32b3e01cf40c74304b0b81ae7ef7c449c6bc637
333,500,0.16,0xa9dd14a20bd64f732557332b8e7291d884de141e,2017-10-09T05:46:52.000Z,0.00032,0xd43223f46896f7ed68f37e7b1ec06e6b44bef919,sell,0xc8c6a31a4a806d3710a7b38b7b296d2fabccdba8,0xb622813cbcd4cebd6faf79622cb382e210d728713d3b871fe957a47bc2923166
334,340.3028459025895,0.1096530636124242,0xb8dd9811d6cf2e6bb69d4db7e6134cbeda4c79a1,2017-10-09T05:42:47.000Z,0.000322222,0xd43223f46896f7ed68f37e7b1ec06e6b44bef919,sell,0xc8c6a31a4a806d3710a7b38b7b296d2fabccdba8,0x305e634af725c793aba8c37baf4806ce12d8953c67fe04b0830bfc6668e14124
335,122.699,0.0499998425,0xd8b50d899ca5ae70e95210520301b6a9ac0cd9e8,2017-10-09T04:13:20.000Z,0.0004075,0x9f268b41c09300ac8ad1335c35c6fd95b6e41171,buy,0xc8c6a31a4a806d3710a7b38b7b296d2fabccdba8,0xbf19893f9be744e841d1f71aa272f23ebe27f3eb11df234680c18f267231ca69
336,356.2074833076342,0.14515454944786094,0xfdf58fd6bf156437b901761b649893ba5857c543,2017-10-09T04:12:01.000Z,0.0004075,0x9f268b41c09300ac8ad1335c35c6fd95b6e41171,buy,0xc8c6a31a4a806d3710a7b38b7b296d2fabccdba8,0x6d58cd423465ec6fd9ce4fa2da4ed98992a3cdab96896e3bff21d8d3f756a03c
337,1372.905,0.547789095,0xfdf58fd6bf156437b901761b649893ba5857c543,2017-10-09T04:07:48.000Z,0.000399,0x9f268b41c09300ac8ad1335c35c6fd95b6e41171,buy,0xc8c6a31a4a806d3710a7b38b7b296d2fabccdba8,0x6baee98ee0ece534ec04b861abbd86389f84f0cd7232d769604646a9d78eb301
338,1600,0.44,0xe4bbba7bedcb7bab98a14e59a723d4338abc1e62,2017-10-09T03:43:41.000Z,0.000275,0xd43223f46896f7ed68f37e7b1ec06e6b44bef919,sell,0xc8c6a31a4a806d3710a7b38b7b296d2fabccdba8,0xde96f668fc0362f7e198928bbececb1135b34c41e8c4ee1d0435738aa247ba93
339,927.0886252958662,0.3699083614930506,0xfdf58fd6bf156437b901761b649893ba5857c543,2017-10-09T03:40:09.000Z,0.000399,0x9f268b41c09300ac8ad1335c35c6fd95b6e41171,buy,0xc8c6a31a4a806d3710a7b38b7b296d2fabccdba8,0xb7d284306405402fd996f996e658b107d8a1ffc25dd5b31226eaa623e6a01d74
340,0.006256010847691729,0.000002496148328229,0xcd22e118f9dea6cceef0ce5bce56f76c4393568a,2017-10-09T01:48:29.000Z,0.000399,0x9f268b41c09300ac8ad1335c35c6fd95b6e41171,buy,0xc8c6a31a4a806d3710a7b38b7b296d2fabccdba8,0x4b7ed6f8d7ab11b32371dcb0e87be539ab1ac8fdc3c534d36e2945be30941628
341,10500,3.5499975,0xcd22e118f9dea6cceef0ce5bce56f76c4393568a,2017-10-09T01:43:57.000Z,0.000338095,0xd43223f46896f7ed68f37e7b1ec06e6b44bef919,sell,0xc8c6a31a4a806d3710a7b38b7b296d2fabccdba8,0xa667a710cd9c12d33893a0f37a289c8a054785606bcd430d7cc8ba90aa689bf3
342,7,0.003499993,0xf8c9aef0c58219431ed8a92a5275b142f9a95375,2017-10-09T00:37:41.000Z,0.000499999,0xf36990a2cb4d609e0a7d4f3bf884c0342d81fd3d,buy,0xc8c6a31a4a806d3710a7b38b7b296d2fabccdba8,0x1d385b8ab4131391327c06698220fd5132de9b1c10b2ebc8e9f8b52ccc1cf719
343,2500,0.7778,0xed518de3d26f89f6612416fe42888e4205f7d88a,2017-10-09T00:35:59.000Z,0.00031112,0xd43223f46896f7ed68f37e7b1ec06e6b44bef919,sell,0xc8c6a31a4a806d3710a7b38b7b296d2fabccdba8,0x4a9bb93108da9821e10c07a2ac93dc657f80546b5192974f0be20accebba17ca
344,16000,5.333328,0xb8dd9811d6cf2e6bb69d4db7e6134cbeda4c79a1,2017-10-09T00:27:19.000Z,0.000333333,0xd43223f46896f7ed68f37e7b1ec06e6b44bef919,sell,0xc8c6a31a4a806d3710a7b38b7b296d2fabccdba8,0x3870f6d3c1d268eb044593487724709b1097038ae4225c4ee3b94c87c4fd87c3
345,2000,0.68,0x9f268b41c09300ac8ad1335c35c6fd95b6e41171,2017-10-09T00:25:03.000Z,0.00034,0xd43223f46896f7ed68f37e7b1ec06e6b44bef919,sell,0xc8c6a31a4a806d3710a7b38b7b296d2fabccdba8,0x54bd46823a14bfc7184d984df5b295aba043e4ba5fb599b6602fbbffc959629e
346,1000,0.37,0xb38bc467ab6d5ff0dd261828682eaa169feacb80,2017-10-09T00:23:42.000Z,0.00037,0xd43223f46896f7ed68f37e7b1ec06e6b44bef919,sell,0xc8c6a31a4a806d3710a7b38b7b296d2fabccdba8,0xbe33a49e0fffb040698908e4e5601f273189297db62db6a844a78cc2c59f7c8e
347,393.7787965471727,0.14781274685991222,0xdcc7ef31cfda2ce100d02767b9f333b30eac08e3,2017-10-08T22:47:21.000Z,0.00037537,0x7ecf066f6c18bd578a40b399875bf1ffe600b6c6,sell,0xc8c6a31a4a806d3710a7b38b7b296d2fabccdba8,0x2112ccb5a794f33a87ecc64bf78528c20ddac316f9e6c1a9e17100fb703d0a23
348,3,0.0012294,0x00fa15cc5ea762a2a53d364a46fb583ec50db671,2017-10-08T22:44:54.000Z,0.0004098,0xbc123910b8e860d2247c17df00163f59a5305386,buy,0xc8c6a31a4a806d3710a7b38b7b296d2fabccdba8,0x26fbd25d23ecda0326c563d82b9f247a303b2ec90e92602aea760d27b285b44d
349,700,0.28,0xb38bc467ab6d5ff0dd261828682eaa169feacb80,2017-10-08T22:21:06.000Z,0.0004,0x9f268b41c09300ac8ad1335c35c6fd95b6e41171,sell,0xc8c6a31a4a806d3710a7b38b7b296d2fabccdba8,0xbceac7d67a1833837e33f3f873130682e46904aa932b5c2d5f9f56bec64b6d17
350,1000,0.4,0x4bdb4ac41e3e56ef9789bb27876e3ac4681cb05d,2017-10-08T22:10:39.000Z,0.0004,0x9f268b41c09300ac8ad1335c35c6fd95b6e41171,sell,0xc8c6a31a4a806d3710a7b38b7b296d2fabccdba8,0xf05d9ecd937c2fb95aad2a46ee1007d42b8aed6ce15fca643877a8a3ae63cb35
351,710,0.284,0x0ddf93008cf299da11c284ff618bf464b4d0eb0c,2017-10-08T20:27:47.000Z,0.0004,0x70e20a5ae4d59e9d818910feb7d4fc487b3ec4b2,buy,0xc8c6a31a4a806d3710a7b38b7b296d2fabccdba8,0x4ae5c5dcf1b7b50920316413f37dc093d60cb3c2774630d63ad5c259baeefaa6
352,254.14850599870277,0.1025641710808365,0x094733fd56e985686c3ce360e9821ea501d2dee9,2017-10-08T18:57:43.000Z,0.00040355999999999996,0x70e20a5ae4d59e9d818910feb7d4fc487b3ec4b2,sell,0xc8c6a31a4a806d3710a7b38b7b296d2fabccdba8,0xc94c58b58246d2cdd62ad6c83b69ef52ae5ad84c044c9bb0cd0a8732ab7beac3
353,105.03140265177949,0.042386472854152125,0x094733fd56e985686c3ce360e9821ea501d2dee9,2017-10-08T18:14:41.000Z,0.00040355999999999996,0x9d482aa44e48999975c59275ec646598e738516c,sell,0xc8c6a31a4a806d3710a7b38b7b296d2fabccdba8,0x9b66c39c498c4526d11ea071cfcf5406a3ae0a3716179d1a01323937a7283d7d
354,498.516233309442,0.2011812111143584,0x094733fd56e985686c3ce360e9821ea501d2dee9,2017-10-08T17:54:16.000Z,0.00040355999999999996,0x80cee38f68e4fbcce372e91e10a5aec1af41a3d5,sell,0xc8c6a31a4a806d3710a7b38b7b296d2fabccdba8,0x456540cc8b1544a5a18500a422f943830fd300a11bd0eb97d7b3a88891322432
355,142.30385804007577,0.05742814495065297,0x094733fd56e985686c3ce360e9821ea501d2dee9,2017-10-08T17:33:32.000Z,0.00040355999999999996,0x6bb2dd71d31af46827dca1e302e1110d8b3a5f68,sell,0xc8c6a31a4a806d3710a7b38b7b296d2fabccdba8,0x03238428dc4945dd2b8d7692843663f227229f30e6c3f5620ad607f8566a5117
356,29559.814574818065,9.54784966748081,0x7b6b2f3c88ce2ecedc01c545f13faf36034d772f,2017-10-08T16:10:18.000Z,0.000323001,0xd43223f46896f7ed68f37e7b1ec06e6b44bef919,sell,0xc8c6a31a4a806d3710a7b38b7b296d2fabccdba8,0xc199bab37998d9a5fe90c0be08f8c35234df782473c737bba8a1599b4a1d8478
357,3850,1.25125,0x9f268b41c09300ac8ad1335c35c6fd95b6e41171,2017-10-08T16:06:24.000Z,0.000325,0xd43223f46896f7ed68f37e7b1ec06e6b44bef919,sell,0xc8c6a31a4a806d3710a7b38b7b296d2fabccdba8,0x02b5ec0a85d32b50e52744ec067ee8a90b181df0b51587f9cabb33d1b32cb07b
358,1210.0109979448666,0.5203047291162927,0x41e642ca83f4ff19636b5cbbbf0d2c35bfa40d77,2017-10-08T14:51:20.000Z,0.00043,0x1fdf047bf7a114b37e7936d01e9cad754ad18803,buy,0xc8c6a31a4a806d3710a7b38b7b296d2fabccdba8,0x2d6a89814fc67d0d379ca111e1fb049fae11007728158d653324ce8efc30f312
359,364.2166534484674,0.15661316098284098,0xb92e8e12e6d6fd4b153b604fcb6601e7d86b6651,2017-10-08T12:24:50.000Z,0.00043,0x1fdf047bf7a114b37e7936d01e9cad754ad18803,buy,0xc8c6a31a4a806d3710a7b38b7b296d2fabccdba8,0x5d3af8183e975986ece6705489882d8b14e08293c9f4b28e5372b9b339e01f56
360,138,0.05382,0xc19b75effc83b172e833773787a7964b9649fc51,2017-10-08T11:35:06.000Z,0.00039,0x9121be73da0471e6e8f8dbffd5fbec80b6ad572d,buy,0xc8c6a31a4a806d3710a7b38b7b296d2fabccdba8,0xbddbf8801c94de9b9efcad847a9bb45212f1535640f1b83ac87f7e3d8d03efb6
361,0.8365503851676565,0.000355533913696254,0xc19b75effc83b172e833773787a7964b9649fc51,2017-10-08T11:15:12.000Z,0.000425,0x9121be73da0471e6e8f8dbffd5fbec80b6ad572d,buy,0xc8c6a31a4a806d3710a7b38b7b296d2fabccdba8,0x250d9fef16d3f289dbeefc16e8e4a184f2dad0880692fcc5235b4fdd1c020cc8
362,46.02511129498554,0.018410044517994217,0xf2f702179d605f28b6ba5949612a6c9f563095ab,2017-10-08T10:57:39.000Z,0.00039999999999999996,0xa7393da39646b56843fe44d8340c2192caed7c64,sell,0xc8c6a31a4a806d3710a7b38b7b296d2fabccdba8,0xbd213e2d148eb59c279f9a44d7816e3efc866a128b8208eb57be38fa06d9775e
363,100,0.035,0xa14036f028c61c4bfd983bc342da1292e0d79b2d,2017-10-08T10:55:20.000Z,0.00035,0xa7393da39646b56843fe44d8340c2192caed7c64,sell,0xc8c6a31a4a806d3710a7b38b7b296d2fabccdba8,0x316200d0b09adabaa796f12daca138942911490402a8acde7b095dd77accd6f9
364,500,0.1610635,0xb657afdd8e04b61a00ab51cd887a15fc576b26da,2017-10-08T10:50:57.000Z,0.000322127,0xa7393da39646b56843fe44d8340c2192caed7c64,sell,0xc8c6a31a4a806d3710a7b38b7b296d2fabccdba8,0xbebded039764e9374cf65c82ae13d1b49ad0e8486661dc01aac17b2f077eb459
365,2842.828,1.16555948,0x08c7064f86b9c3e5d460e0c1a09e5210b16d87b4,2017-10-08T10:31:59.000Z,0.00041,0x9f268b41c09300ac8ad1335c35c6fd95b6e41171,buy,0xc8c6a31a4a806d3710a7b38b7b296d2fabccdba8,0x55a1f3baaacdfa09118600323a5243f0563f89ca78e506ebc58e023ad393f3e7
366,58.2005134590965,0.023739989439965463,0x08c7064f86b9c3e5d460e0c1a09e5210b16d87b4,2017-10-08T10:29:38.000Z,0.0004079,0x7b6b2f3c88ce2ecedc01c545f13faf36034d772f,buy,0xc8c6a31a4a806d3710a7b38b7b296d2fabccdba8,0x7922ba3b82e7738291f09eeaed1fac2a4c20b76eb3f10323e0ff845a9ae11c8d
367,117.039,0.04751666361,0x08c7064f86b9c3e5d460e0c1a09e5210b16d87b4,2017-10-08T10:25:22.000Z,0.00040599,0x65fc005bbb7eb370f474a76c38e4435644504a77,buy,0xc8c6a31a4a806d3710a7b38b7b296d2fabccdba8,0x65cb2bbb54ca1daea6dcd8fb67fb9626c837c5932f1badb1ec24b037ab50c99f
368,817.4975963644221,0.3318958491479917,0x61a8039a2a68e6bc9a4eef5d1705a0561915a4b3,2017-10-08T10:06:18.000Z,0.00040599,0x65fc005bbb7eb370f474a76c38e4435644504a77,buy,0xc8c6a31a4a806d3710a7b38b7b296d2fabccdba8,0xfe0b03707f13ce6808a47ce20799f2c9b232f6b4ad9c0fcefac2ffa4495ab797
369,3300,1.343067,0x61a8039a2a68e6bc9a4eef5d1705a0561915a4b3,2017-10-08T10:03:16.000Z,0.00040699,0x7b6b2f3c88ce2ecedc01c545f13faf36034d772f,buy,0xc8c6a31a4a806d3710a7b38b7b296d2fabccdba8,0x920fbb5dcfb9a97c9fcb38256e9f4cadcb95f874c64090a8af834b8799012a66
370,1500,0.610485,0x85cf746d3b613ea225a5721807d2b4e94138557d,2017-10-08T09:59:32.000Z,0.00040699,0x7b6b2f3c88ce2ecedc01c545f13faf36034d772f,buy,0xc8c6a31a4a806d3710a7b38b7b296d2fabccdba8,0xd6fd91b64c77b5f49c6b978fe0855d2fd33414677ef7088f2fec7ca5fac53ff9
371,515.4629510696043,0.20927280350474867,0x61a8039a2a68e6bc9a4eef5d1705a0561915a4b3,2017-10-08T09:36:59.000Z,0.00040599,0x65fc005bbb7eb370f474a76c38e4435644504a77,buy,0xc8c6a31a4a806d3710a7b38b7b296d2fabccdba8,0x32e10983361ff38cc41d2754f25e4f84253ebf398b19f702e246f97f3c18e78a
372,2341.598,0.94834719,0x61a8039a2a68e6bc9a4eef5d1705a0561915a4b3,2017-10-08T09:35:32.000Z,0.000405,0x1eaa18a0e964d346f2b5182be3f97d7aab5145b9,buy,0xc8c6a31a4a806d3710a7b38b7b296d2fabccdba8,0x10db78e85ae28e9ff41b7f581867b01fa1d9e8bde5fa57765c2e54491300839f
373,2809.401620083541,1.137807656133834,0x61a8039a2a68e6bc9a4eef5d1705a0561915a4b3,2017-10-08T09:26:07.000Z,0.000405,0x1eaa18a0e964d346f2b5182be3f97d7aab5145b9,buy,0xc8c6a31a4a806d3710a7b38b7b296d2fabccdba8,0xc6cfa8252d7c175ed7db83c4e9a786533f7496a8f2034f347983759b08f6ded1
374,101,0.03232,0xb92e8e12e6d6fd4b153b604fcb6601e7d86b6651,2017-10-08T01:48:30.000Z,0.00032,0xe936ac271805712d0803101fada6de943f88b850,buy,0xc8c6a31a4a806d3710a7b38b7b296d2fabccdba8,0xd647bcbfe14607cacfb55a142ade6fae9c2fe589fb5f9dd5ecc6efe9459ba0d7
375,1,0.000407,0x7d053385a05276eedcaf706325ae34ae544741a6,2017-10-07T22:02:08.000Z,0.000407,0x1eaa18a0e964d346f2b5182be3f97d7aab5145b9,buy,0xc8c6a31a4a806d3710a7b38b7b296d2fabccdba8,0x3b3d35d1b22ddcdf2f94d1954ec575037decfdd14439ea04f10b6eb9d0f80d11
376,393.12,0.15999984,0x0387d6c7fd08b8e33dc861460532a179c7b9f7a3,2017-10-07T21:57:04.000Z,0.000407,0x1eaa18a0e964d346f2b5182be3f97d7aab5145b9,buy,0xc8c6a31a4a806d3710a7b38b7b296d2fabccdba8,0x0dfe9de0f53b6c70776e212d9cdd5be0428e8739f701a2fe45eb1494e2a6bba1
377,113,0.03503,0xdef0083fea701af025c19bdf0d328d5a44eac384,2017-10-07T21:40:12.000Z,0.00031,0x0adc3a4fafdda1dcf3abc37bff216e3a9c46ff8e,buy,0xc8c6a31a4a806d3710a7b38b7b296d2fabccdba8,0xb9385ac65ba8daf86093ef78ba85f57b71955da56d384e3330895f1c0d1a75ab
