,amount,amountBase,buyer,date,price,seller,side,tokenAddr,txHash
0,1783.9943962078112,0.16947946763974206,0x64b6f768327aca630eb488293c27e962cae7b96d,2017-11-02T16:23:44.000Z,0.000095,0x78ad799f6e4fadee929e9eb0f43bfbd210ca1d02,buy,0x4355fc160f74328f9b383df2ec589bb3dfd82ba0,0x68fe01ef98523634c1f3d7b3a0f2f9877cec4850816e7aed93e21a31a6584525
1,200,0.018,0x64b6f768327aca630eb488293c27e962cae7b96d,2017-11-02T15:54:15.000Z,0.00009,0x488f18d46f9105ff554ab4a66874f3989a1a8783,buy,0x4355fc160f74328f9b383df2ec589bb3dfd82ba0,0xdaf21a5d9fdeb60d211d8e76987181dddcd5f01fabe308707a77602d898cf63d
2,200,0.016,0x64b6f768327aca630eb488293c27e962cae7b96d,2017-11-02T15:54:15.000Z,0.00008,0x488f18d46f9105ff554ab4a66874f3989a1a8783,buy,0x4355fc160f74328f9b383df2ec589bb3dfd82ba0,0x17899f952db43bb5661084774e0d1f6a8e2cab3ea4c8cdbc2851ada530645f6e
3,15742.944842476709,0.8973478560211724,0x64b6f768327aca630eb488293c27e962cae7b96d,2017-11-02T15:24:37.000Z,0.00005699999999999999,0x93d617615b0615217449ca73b0cd6007228136b0,sell,0x4355fc160f74328f9b383df2ec589bb3dfd82ba0,0x5aa19a65249fdcf2b3e664ec1d675a3c9af8c3a091ec205b863a2c55779de672
4,1059.714883860034,0.05902611903100389,0x78ad799f6e4fadee929e9eb0f43bfbd210ca1d02,2017-11-02T14:24:42.000Z,0.00005569999999999999,0x93d617615b0615217449ca73b0cd6007228136b0,sell,0x4355fc160f74328f9b383df2ec589bb3dfd82ba0,0xb3127332a50129c1361ebd61291fbea5b9c584b66a0915810539628a0845f8b4
5,18940.285116139967,1.0549738809689961,0x78ad799f6e4fadee929e9eb0f43bfbd210ca1d02,2017-11-02T14:19:20.000Z,0.00005569999999999999,0x7d10bc73cc7bc1f67ff97280ee644b384ae92078,sell,0x4355fc160f74328f9b383df2ec589bb3dfd82ba0,0x5698f14c92a0cd2c2f491c8926efef7f740c24df78af9ea6f373578b2aacc7c4
6,2380.2422259324894,0.13210344353925316,0x78ad799f6e4fadee929e9eb0f43bfbd210ca1d02,2017-11-02T14:05:19.000Z,0.00005549999999999999,0x15b334b8a6b355ee38ac5d48a59a511949c04961,sell,0x4355fc160f74328f9b383df2ec589bb3dfd82ba0,0x29c32c690ebb1cc6fc034f3aa787a196597d7de6fe380f92e299af4f4600b57c
7,5.1025614858659045,0.0005,0x4fda9e6bcd83af6c5cc771b5d20accc2b7720074,2017-11-02T13:42:37.000Z,0.00009799,0x40771c18fb731f962714d5ebdd066570f8423f8a,buy,0x4355fc160f74328f9b383df2ec589bb3dfd82ba0,0xb9bd234c42392fd1b152ec337b516b544767fa890130c4590db7e450fa9565f6
8,5.1025614858659045,0.0005,0x3075f7f189912f4f425dd7021b9c396434197477,2017-11-02T13:25:09.000Z,0.00009799,0x40771c18fb731f962714d5ebdd066570f8423f8a,buy,0x4355fc160f74328f9b383df2ec589bb3dfd82ba0,0x54a20dc342b5f9db059b4ebf4ee0a888475212d0f46db27a7a103bbcb7a74640
9,2000,0.11942,0x0b78f40529badd274ed9e54a529afa9d2ef96ff8,2017-11-02T11:48:06.000Z,0.00005971,0x370a0404b08923b2eab8610a8b6955838a6b647e,buy,0x4355fc160f74328f9b383df2ec589bb3dfd82ba0,0x9061bc5a189bf27ce8b5b3abc8a72fa0559ec9ecaa8d6ebe53266407c99fd441
10,3489.1835310537335,0.1748115840893231,0xed7f4d43a68a1353004159aa48fcf79e23b5b75f,2017-11-02T02:13:32.000Z,0.00005010099999999999,0x47a95ec0ed7baae240459f2e541043abfc5982fc,sell,0x4355fc160f74328f9b383df2ec589bb3dfd82ba0,0xb6f04acba522a750ffd201c0a86af9fbed938625460b18a0a084e33d2d89ff35
11,577.1325731819848,0.028862399984831057,0x78ad799f6e4fadee929e9eb0f43bfbd210ca1d02,2017-11-02T00:51:47.000Z,0.00005000999999999999,0x1f7fb87b8005dc663d9968769f4da0d2429cb41d,sell,0x4355fc160f74328f9b383df2ec589bb3dfd82ba0,0xa341e1fd11bf650de846213e0a356d58c3744038dba4573a9f976d66e23e5b5e
12,442.3407877663019,0.023444061751614,0x56a2e0229a6d0fe6222a851329f63103ff4d8e92,2017-11-02T00:50:34.000Z,0.00005299999999999999,0x1f7fb87b8005dc663d9968769f4da0d2429cb41d,sell,0x4355fc160f74328f9b383df2ec589bb3dfd82ba0,0xb262870003365d3e4882d7bb6dd62142b601e64ba8f7e67457fa2fbe55947f41
13,500,0.0275,0x56a2e0229a6d0fe6222a851329f63103ff4d8e92,2017-11-02T00:50:05.000Z,0.000055,0x1f7fb87b8005dc663d9968769f4da0d2429cb41d,sell,0x4355fc160f74328f9b383df2ec589bb3dfd82ba0,0x62124af2b990e6cf33f1783ea781efd3a2001c62598289c996d8a9111f73d392
14,200,0.011,0xbe81618cf71d920f06f37feb0afd41912d9a2e1c,2017-11-02T00:20:04.000Z,0.000055,0x51ffd35906aa7739ea45ccde74a5a585a5487ce1,buy,0x4355fc160f74328f9b383df2ec589bb3dfd82ba0,0x79a5a5ef854ac744621898a9406447b5092f1b37dda57ecf0d71d14a37ddd8d6
15,500,0.02625,0x78ad799f6e4fadee929e9eb0f43bfbd210ca1d02,2017-11-01T21:33:47.000Z,0.0000525,0xe3a576e1e3f0d8519b617c01191712d8658ec96a,sell,0x4355fc160f74328f9b383df2ec589bb3dfd82ba0,0x915a56ee73f599ba316df0492d274cbe3068c9983ed1bbaf854980016a5dbd1d
16,14000,2.0272,0x53a8f68dd5dacd8402448d9fa8ba52a1647f0249,2017-11-01T21:19:20.000Z,0.0001448,0xef56ea2ef4268942fe0c626e19f28b1ba0c0fa90,buy,0x4355fc160f74328f9b383df2ec589bb3dfd82ba0,0xf267790f25b84027fa86958fb2fff2276d90ef108e4e11d7e79196e9a49505a2
17,49000,7.007,0x53a8f68dd5dacd8402448d9fa8ba52a1647f0249,2017-11-01T21:18:39.000Z,0.000143,0x8e551ee9efd11c69bc21bff1f35ee7b12ba1784e,buy,0x4355fc160f74328f9b383df2ec589bb3dfd82ba0,0xf167428bae8e168541e7c626ea3bd9c07a340609c4902a74d1b4d1c4ae407c78
18,5000,0.5675,0x53a8f68dd5dacd8402448d9fa8ba52a1647f0249,2017-11-01T21:17:47.000Z,0.0001135,0x78ad799f6e4fadee929e9eb0f43bfbd210ca1d02,buy,0x4355fc160f74328f9b383df2ec589bb3dfd82ba0,0xa1a9317024c439a581f310b5156541f5e30375f8fe6d0aa214f71ca7343a4dd2
19,5000,0.6375,0x53a8f68dd5dacd8402448d9fa8ba52a1647f0249,2017-11-01T21:17:47.000Z,0.0001275,0x78ad799f6e4fadee929e9eb0f43bfbd210ca1d02,buy,0x4355fc160f74328f9b383df2ec589bb3dfd82ba0,0x195e116f11a68b4630a45a5499d95e5a8f699a2e7d140ffc4737a5b55599d773
20,29786,3.8692014,0x53a8f68dd5dacd8402448d9fa8ba52a1647f0249,2017-11-01T21:17:16.000Z,0.0001299,0xa3d7dedda551204ccb03bd79aa87824cc453b8de,buy,0x4355fc160f74328f9b383df2ec589bb3dfd82ba0,0x4a27125d1fea1b41d4af6f9ce6d19037a0fa89024c23f04b2280c532654e15cf
21,4271,0.486889729,0x53a8f68dd5dacd8402448d9fa8ba52a1647f0249,2017-11-01T21:15:59.000Z,0.000113999,0x4c058c2e4f7e59c09d5244e2a9bbe48727d87800,buy,0x4355fc160f74328f9b383df2ec589bb3dfd82ba0,0xdf9575831f8990374b6b87ef5374b4af699aa0b8561aef2dcdf75f9190f7ec08
22,7510,0.96878249,0x53a8f68dd5dacd8402448d9fa8ba52a1647f0249,2017-11-01T21:06:37.000Z,0.000128999,0x7bd02d3903fa837426cd80f163efb5207f2b4195,buy,0x4355fc160f74328f9b383df2ec589bb3dfd82ba0,0xe76683027901ac69ebac2f8cd94e11de575d8f57f295c4f6683a8a727d105252
23,3000,0.33,0x53a8f68dd5dacd8402448d9fa8ba52a1647f0249,2017-11-01T21:05:38.000Z,0.00011,0x0b78f40529badd274ed9e54a529afa9d2ef96ff8,buy,0x4355fc160f74328f9b383df2ec589bb3dfd82ba0,0xcb2f41f1d0d0f1ff528047c458186243f7b97c7651a7eff13a8cbdbdc4ff2484
24,10000,1,0x53a8f68dd5dacd8402448d9fa8ba52a1647f0249,2017-11-01T21:05:19.000Z,0.0001,0xb5d0ae8422683dfb53a76a97238365a30e0e82c8,buy,0x4355fc160f74328f9b383df2ec589bb3dfd82ba0,0xf44734439c9b6a3f21b1432fcc201e633d1fba21b73cacb0f418f681d663e73a
25,6000,0.6,0x53a8f68dd5dacd8402448d9fa8ba52a1647f0249,2017-11-01T21:05:16.000Z,0.0001,0x0b78f40529badd274ed9e54a529afa9d2ef96ff8,buy,0x4355fc160f74328f9b383df2ec589bb3dfd82ba0,0xd40e92882f8cd1abdccc7cd5840876f8e4f237accae4203d98a4e5fd77320d14
26,9338.80997,0.93376893128036,0x53a8f68dd5dacd8402448d9fa8ba52a1647f0249,2017-11-01T21:05:08.000Z,0.000099988,0xed7f4d43a68a1353004159aa48fcf79e23b5b75f,buy,0x4355fc160f74328f9b383df2ec589bb3dfd82ba0,0xd96219a33fba5cb0a302ed98c3684c65e46cfdd493e8958e09f62ecf4a7e0078
27,10000,0.999,0x53a8f68dd5dacd8402448d9fa8ba52a1647f0249,2017-11-01T20:45:50.000Z,0.0000999,0x78ad799f6e4fadee929e9eb0f43bfbd210ca1d02,buy,0x4355fc160f74328f9b383df2ec589bb3dfd82ba0,0xe153aa21526dbe0828ca413e213629c866f3641b7258f5eb2a5fa1fd0a0b8883
28,10000,0.98,0x53a8f68dd5dacd8402448d9fa8ba52a1647f0249,2017-11-01T20:26:28.000Z,0.000098,0xb5d0ae8422683dfb53a76a97238365a30e0e82c8,buy,0x4355fc160f74328f9b383df2ec589bb3dfd82ba0,0x7d7718cdcde6ac13c91b60be931903cc69d26943e300cc35900e7ff74073169e
29,37859,3.70488174,0x53a8f68dd5dacd8402448d9fa8ba52a1647f0249,2017-11-01T20:22:01.000Z,0.00009786,0xa3d7dedda551204ccb03bd79aa87824cc453b8de,buy,0x4355fc160f74328f9b383df2ec589bb3dfd82ba0,0x88a6bdbbbab928690b619f9e03959791b6a89222d9c979a29f11de3df955484a
30,10000,0.97,0x53a8f68dd5dacd8402448d9fa8ba52a1647f0249,2017-11-01T20:21:11.000Z,0.000097,0x8e3b72e61ab133f768fe915d8112806a58eb2f25,buy,0x4355fc160f74328f9b383df2ec589bb3dfd82ba0,0x6651a7077188932fe57f70a62d09216c522d3b9cd03b245f5891c6a7088292d2
31,7000,0.672,0x53a8f68dd5dacd8402448d9fa8ba52a1647f0249,2017-11-01T20:21:00.000Z,0.000096,0xc7ab123bb406ffe32647161b8703d44ddfd69616,buy,0x4355fc160f74328f9b383df2ec589bb3dfd82ba0,0x84b63c60c24a7d6a9640c3686747c1ce2ec1e52d5e96e20d6c922c8778e0b699
32,1987.5,0.159,0x53a8f68dd5dacd8402448d9fa8ba52a1647f0249,2017-11-01T20:18:52.000Z,0.00008,0x0b78f40529badd274ed9e54a529afa9d2ef96ff8,buy,0x4355fc160f74328f9b383df2ec589bb3dfd82ba0,0x562d1d4ad4b70beca83738cf2f21f3fe2567512bd48fffa77266d52a494cd099
33,10000,0.89999,0x53a8f68dd5dacd8402448d9fa8ba52a1647f0249,2017-11-01T20:03:55.000Z,0.000089999,0xb5d0ae8422683dfb53a76a97238365a30e0e82c8,buy,0x4355fc160f74328f9b383df2ec589bb3dfd82ba0,0x6d8bbd54570a7de369e1323fa319be70b72785bde7a23001072dc3e6496e1edd
34,22812.063,1.938979730874,0x53a8f68dd5dacd8402448d9fa8ba52a1647f0249,2017-11-01T20:03:34.000Z,0.000084998,0xc2249c3dd3c18167a6f65c0cd8e0eccb6a0e29ab,buy,0x4355fc160f74328f9b383df2ec589bb3dfd82ba0,0x12e2ed27a41aa72f9013b50edb5d0bf804603c80de0fb930f4814a2f165d1e62
35,9500,0.75905,0x53a8f68dd5dacd8402448d9fa8ba52a1647f0249,2017-11-01T20:02:33.000Z,0.0000799,0xa86d6ff058c34b38aa35b2893f45a362de891242,buy,0x4355fc160f74328f9b383df2ec589bb3dfd82ba0,0x55b9b36ee7deade2ad03491a7b98aa99a3a4b83815929676497c1abb7a9d8d01
36,70000,5.45993,0x53a8f68dd5dacd8402448d9fa8ba52a1647f0249,2017-11-01T20:02:33.000Z,0.000077999,0x16b63485642f57c631d0406277bc21c74453cd79,buy,0x4355fc160f74328f9b383df2ec589bb3dfd82ba0,0x686b1da31af8e6162ebc272c425bd1de673a134fac01ba7e59672b5f646c108d
37,11350.909,0.851318175,0x53a8f68dd5dacd8402448d9fa8ba52a1647f0249,2017-11-01T20:02:29.000Z,0.000075,0xf95208f47a17888fb46131511a11d7c63498759c,buy,0x4355fc160f74328f9b383df2ec589bb3dfd82ba0,0xb0b01d5b12fbb47605a3a5b094fe672dee25f445ac4e71508a64dea3060f4d7d
38,1000,0.075,0x53a8f68dd5dacd8402448d9fa8ba52a1647f0249,2017-11-01T20:01:41.000Z,0.000075,0x99e5779821a6d29c70b813113d584383c6ec3541,buy,0x4355fc160f74328f9b383df2ec589bb3dfd82ba0,0xb313183d0cda9fd0138b3590574b5764eca29e416fdcf8b846a41f78eb4db66b
39,34400,2.408,0x53a8f68dd5dacd8402448d9fa8ba52a1647f0249,2017-11-01T19:39:36.000Z,0.00007,0x3ffa308408ee5e80eff2341993eae031720e3c14,buy,0x4355fc160f74328f9b383df2ec589bb3dfd82ba0,0xc3a1c009e78535b37911ae000370622f9655fed57ff77d85aed255e30586b85f
40,15655,1.0567125,0x53a8f68dd5dacd8402448d9fa8ba52a1647f0249,2017-11-01T19:37:58.000Z,0.0000675,0x006c8448192412fb70752214cb7ecc174d48f861,buy,0x4355fc160f74328f9b383df2ec589bb3dfd82ba0,0x8c0448dc9c12740fdfa3fc118d8b4a66bb9995de34c050e0621dfb66ded9c5a6
41,6700,0.4355,0x53a8f68dd5dacd8402448d9fa8ba52a1647f0249,2017-11-01T19:36:50.000Z,0.000065,0xbc214a56aa6fd6dc0a366222b256f481e98164b7,buy,0x4355fc160f74328f9b383df2ec589bb3dfd82ba0,0x778aebcd833dcbd0e422564c0e96d026fb14b2657c5723ef4a7d74036460b9aa
42,40000,2.696,0x53a8f68dd5dacd8402448d9fa8ba52a1647f0249,2017-11-01T18:59:39.000Z,0.0000674,0xc4f83678cf2e6d89fa31f2ca5126fe7ec1096eb6,buy,0x4355fc160f74328f9b383df2ec589bb3dfd82ba0,0x0bb3e0912a13c8a26eba1425863a7e695528e854d9eb964364b7084727a94236
43,7990,0.42347,0x53a8f68dd5dacd8402448d9fa8ba52a1647f0249,2017-11-01T18:59:07.000Z,0.000053,0x585b36c7511ed8d52ed2b8d7a268893d34913e98,buy,0x4355fc160f74328f9b383df2ec589bb3dfd82ba0,0xb2b581e98fcb043e3cdc986b5051ab24c7847da9aea3673e38e5a871da9892c0
44,10000,0.529,0x53a8f68dd5dacd8402448d9fa8ba52a1647f0249,2017-11-01T18:40:21.000Z,0.0000529,0x5a459393b93de308e84cf25d5aba2970f33eeaaa,buy,0x4355fc160f74328f9b383df2ec589bb3dfd82ba0,0x248126d9ad2fa48574ca4635b8aceeb4c3da65a44f9a8f3cabf0e561f624f816
45,10538.042793,0.557451925706907,0x53a8f68dd5dacd8402448d9fa8ba52a1647f0249,2017-11-01T18:40:21.000Z,0.000052899,0x2ebb2f906eb5fb04e3dc2987d1fb9f00b676965b,buy,0x4355fc160f74328f9b383df2ec589bb3dfd82ba0,0x0f3eb96582e44abef83c8b66ef26bee5dac848426ed014d223ab4e03795a1f09
46,13243.12,0.697912424,0x53a8f68dd5dacd8402448d9fa8ba52a1647f0249,2017-11-01T18:31:23.000Z,0.0000527,0xdd46b3ed8748ccc5cc9f23dc490f3a7feffdf1d5,buy,0x4355fc160f74328f9b383df2ec589bb3dfd82ba0,0xf179646eb156483abdc2f0fc2e6891c333da92c1053749898622e9271eaddbfd
47,398.8628722200339,0.01803259045306773,0x5a86ebf9a0e6f8181ed5143557f7b8ba89957fcc,2017-11-01T18:16:40.000Z,0.00004520999999999999,0x3ab9e5252a79123adcb3ee2f35ad64c3ea8c5bf3,sell,0x4355fc160f74328f9b383df2ec589bb3dfd82ba0,0xd32d2320fd4a550cadeece240c157567266e690e2a039502b4bd896c060f9c8c
48,2326.0389072357425,0.104904354716332,0x9ca73101071b01c28bb9ec81608ee5014877ebe9,2017-11-01T14:19:34.000Z,0.00004509999999999999,0x799671dd187ac29ae1f50f75e3e3fec2282471d7,sell,0x4355fc160f74328f9b383df2ec589bb3dfd82ba0,0xb348bf6dd6aed83541b71b82fae7ad3308c64f71c873db5055c96a43cf294e9a
49,13258.897418004188,0.5900209351011864,0x63847d3d445ae6f1f65666502bbf45430e2cc45f,2017-11-01T08:17:56.000Z,0.00004449999999999999,0xce1c28560f17c2aa0b0a539019bbb4492f117e40,sell,0x4355fc160f74328f9b383df2ec589bb3dfd82ba0,0xe8d9c7495493ca5a3f6f2f753ac0e9bb78d8aa7cad4ee594492256cf267dbe30
50,15448.111161539124,0.687440946688491,0x63847d3d445ae6f1f65666502bbf45430e2cc45f,2017-11-01T08:03:11.000Z,0.00004449999999999999,0x24d528b8530db22c0949f28fbbbd3c1cce771633,sell,0x4355fc160f74328f9b383df2ec589bb3dfd82ba0,0x93bf3f3e1df44b5a157b44ec76fde3359701472e58de3b27f76141da7f50b1b5
51,5804.05225700329,0.2582861294889034,0xed7f4d43a68a1353004159aa48fcf79e23b5b75f,2017-11-01T04:45:50.000Z,0.00004450099999999999,0xa8faf982180b4a3015b8b6a440d2b261c0d0ec3c,sell,0x4355fc160f74328f9b383df2ec589bb3dfd82ba0,0x82060c14ad67f5f0d4cf416371c62f8f3c14cb9f9eb1407c2fae96bddd56d966
52,999.5762605921643,0.04498093172664739,0xdac7049f62f3fb4992ccb2d2daf20c0a5220bed8,2017-11-01T02:49:10.000Z,0.00004499999999999999,0x862d710bd9b22708fe3ed5837b83f30e21dbe104,sell,0x4355fc160f74328f9b383df2ec589bb3dfd82ba0,0x611f82469532b6a9b4cf89c880de9b6e9ae8428bf9ca940209b6be8793ca9e01
53,10,0.00052999,0xd6ad47611a81d12f64d9f5d5f3016932d9ec6764,2017-10-31T23:55:13.000Z,0.000052999,0xed7f4d43a68a1353004159aa48fcf79e23b5b75f,buy,0x4355fc160f74328f9b383df2ec589bb3dfd82ba0,0xc3a54424d1299fd7285a4c5ff8cac3a7e1747a91a15d2f5c6bd67277d7cfdcf0
54,242.46200291937834,0.010789559129912337,0x63847d3d445ae6f1f65666502bbf45430e2cc45f,2017-10-31T15:40:26.000Z,0.00004449999999999999,0x2d7ad46c8c2128b37f7bbf1d70f81db34d1176ba,sell,0x4355fc160f74328f9b383df2ec589bb3dfd82ba0,0x813e236d41184dee0bed7179219bc41fde4aa170112ecd088e185f3bb0ea1229
55,15613.105373222374,0.6947831891083956,0x63847d3d445ae6f1f65666502bbf45430e2cc45f,2017-10-31T15:07:31.000Z,0.00004449999999999999,0xfa8b7b8b88966981316d1c6aa88f9a71decaa6c0,sell,0x4355fc160f74328f9b383df2ec589bb3dfd82ba0,0x554b381612443ae6885bf16f92878511fc736a083e6ec73b457accb7c5a7b558
56,17818.0398804792,0.8552659142630016,0xb5d0ae8422683dfb53a76a97238365a30e0e82c8,2017-10-31T15:04:50.000Z,0.00004799999999999999,0xfa8b7b8b88966981316d1c6aa88f9a71decaa6c0,sell,0x4355fc160f74328f9b383df2ec589bb3dfd82ba0,0xfc67d523f405acf8e04eb4b0332d82edd272d0715ee10d9c3fda3775a175455d
57,447,0.021456,0xb5d0ae8422683dfb53a76a97238365a30e0e82c8,2017-10-31T14:49:37.000Z,0.000048,0x0a6a437487d3d88e1f86df46cc03ac4a3f0a1ec0,sell,0x4355fc160f74328f9b383df2ec589bb3dfd82ba0,0xfd4b72bdca3d22bc1704ab9560a06df679fe772dda34bb7a7f3b7f9b439c9ff5
58,549.7005891233248,0.026386177978508712,0x04d5a4748ab863f26cfdd5d45a230c6e7da8818f,2017-10-31T14:33:09.000Z,0.00004800099999999999,0x0a6a437487d3d88e1f86df46cc03ac4a3f0a1ec0,sell,0x4355fc160f74328f9b383df2ec589bb3dfd82ba0,0xaf9c99df272002169cdeccd60b49206c626d3e449298d0f9223ad5879b66e275
59,0.29941087667523997,0.000014372021491288,0x04d5a4748ab863f26cfdd5d45a230c6e7da8818f,2017-10-31T14:27:50.000Z,0.00004800099999999935,0x0a6a437487d3d88e1f86df46cc03ac4a3f0a1ec0,sell,0x4355fc160f74328f9b383df2ec589bb3dfd82ba0,0x5e2b30bc91b6284d5ebef3b8d7f8c2fffa590a94c5b2aade937a14f8c0a53a0b
60,10,0.00053,0x0b773d7819259d78757b26dc4148812d35676d8f,2017-10-31T13:36:31.000Z,0.000053,0x585b36c7511ed8d52ed2b8d7a268893d34913e98,buy,0x4355fc160f74328f9b383df2ec589bb3dfd82ba0,0x96c46f55fa9ae15331ce22bb225066af83fcffb929ebf6aa25fcd1bb2f082214
61,7.3853610652064,0.000354512101852037,0xed7f4d43a68a1353004159aa48fcf79e23b5b75f,2017-10-31T05:12:50.000Z,0.00004800199999999991,0xe444a40689f51f63bcd29910622035707d533d29,sell,0x4355fc160f74328f9b383df2ec589bb3dfd82ba0,0xb86a09e673ca6ad219cc117e6245618d3ced2b603c96a1fab366bf9563f0a31a
62,97.38564801237366,0.00467470587588996,0xed7f4d43a68a1353004159aa48fcf79e23b5b75f,2017-10-31T04:50:09.000Z,0.00004800199999999999,0x96e1e7ba823796772bbda5c2abe81c8556b5e937,sell,0x4355fc160f74328f9b383df2ec589bb3dfd82ba0,0x857a492c5ae9f33c04f74c1a2a1ae302da408894851e3113d7b1781d642449a6
63,288,0.014227488,0xf187eb34073c29ed27a39fb07f3cdd5ad75c99be,2017-10-31T04:48:55.000Z,0.000049401,0x96e1e7ba823796772bbda5c2abe81c8556b5e937,sell,0x4355fc160f74328f9b383df2ec589bb3dfd82ba0,0x3f4b6cb79203171383ca55c116651f58bae1476697e26247df524585848723cc
64,3439.9860432658757,0.16512621004884856,0xed7f4d43a68a1353004159aa48fcf79e23b5b75f,2017-10-31T04:37:43.000Z,0.00004800199999999999,0x2dd2fa545e53712d50fa4ae81743cce8bf560ab9,sell,0x4355fc160f74328f9b383df2ec589bb3dfd82ba0,0xd3ed19057e4cf1551dc72204936f301b54ce698b1c28c5cb790aa31c36511bec
65,0.0001,0.00000000549,0x0c4085d8e714ca77ac5f46cd2b80a92d238a7cd3,2017-10-31T01:03:01.000Z,0.0000549,0x006c8448192412fb70752214cb7ecc174d48f861,buy,0x4355fc160f74328f9b383df2ec589bb3dfd82ba0,0xe6ff09e5fa1980ef0742c0191e48904c9afd7fd00b3e8b3187d6b5375ac3b773
66,8900,0.48861,0x35ddf95fbdb1de47fcdd684afddb86facdb3d603,2017-10-30T20:46:59.000Z,0.0000549,0x006c8448192412fb70752214cb7ecc174d48f861,buy,0x4355fc160f74328f9b383df2ec589bb3dfd82ba0,0xad0ea12670b9bfeb8227bd3604806740fe4801ae5d1b989ce684b74fbff32ee9
67,545,0.0299205,0xb35bbacff00dc7e9d4e293ae342034e5c4ab8196,2017-10-30T18:03:44.000Z,0.0000549,0x006c8448192412fb70752214cb7ecc174d48f861,buy,0x4355fc160f74328f9b383df2ec589bb3dfd82ba0,0xe89f66f2b353b7fb34f1fc82be588592e3ed1a110a3a43cfde79b20d7be7a417
68,199.38191606021334,0.009849466653374538,0x35ddf95fbdb1de47fcdd684afddb86facdb3d603,2017-10-30T06:54:14.000Z,0.00004939999999999999,0xb1cf04a487b86763224c2492bde95c0d6ab50ccc,sell,0x4355fc160f74328f9b383df2ec589bb3dfd82ba0,0x62dd463e30fce86c864423844167d88691cabedb1c277cf44d1a5a972132e56f
69,25000,1.375,0x265ca90bd2ceb257be4370d0cbd6bf8e0a6688e1,2017-10-30T05:43:51.000Z,0.000055,0x006c8448192412fb70752214cb7ecc174d48f861,buy,0x4355fc160f74328f9b383df2ec589bb3dfd82ba0,0xbbf18998d7e91abf8a6dcd848bdb393eaf94a20c930c6773d02b491a73502d2b
70,28353.848,1.559433286152,0x265ca90bd2ceb257be4370d0cbd6bf8e0a6688e1,2017-10-30T05:39:20.000Z,0.000054999,0xed7f4d43a68a1353004159aa48fcf79e23b5b75f,buy,0x4355fc160f74328f9b383df2ec589bb3dfd82ba0,0x2c141f6ee739b513b744e194800628da378124f768939fdca64f7c92b15832da
71,4220.5673811185325,0.2084960286272555,0x35ddf95fbdb1de47fcdd684afddb86facdb3d603,2017-10-30T05:02:22.000Z,0.00004939999999999999,0xcdbb2a3f87e6520b34085a5038f1a3b30042e5ae,sell,0x4355fc160f74328f9b383df2ec589bb3dfd82ba0,0x4f26206f5f63239d0d3cda9555e24bdaf49b49a3a216a2b6468d7f8ed7f4430f
72,24909.62,1.231780709,0xff3baeddc9d2fdfedf591adec76546365230b2e3,2017-10-30T05:01:42.000Z,0.00004945,0xcdbb2a3f87e6520b34085a5038f1a3b30042e5ae,sell,0x4355fc160f74328f9b383df2ec589bb3dfd82ba0,0xe3b96ae61696e98fd34cd92bd91d97fee7de86566d6b269ea9feca4573fe8cc5
73,3489.1835310537335,0.1725401256106071,0xff3baeddc9d2fdfedf591adec76546365230b2e3,2017-10-30T03:00:06.000Z,0.00004944999999999999,0xccf13c050f1be41bcbeb9e6d1178f6b510beab89,sell,0x4355fc160f74328f9b383df2ec589bb3dfd82ba0,0xdb813b51b0013b6c1bbf4e881315c89bb6bcfed448b0b17e452855179b8725c9
74,7.6692997929288,0.000379246874760329,0xff3baeddc9d2fdfedf591adec76546365230b2e3,2017-10-30T02:50:57.000Z,0.00004944999999999997,0x16e5d97bbc92417e051e3b2cabfbf8ceea2acb9c,sell,0x4355fc160f74328f9b383df2ec589bb3dfd82ba0,0xacf537db16000439858b8ed01b8ffd777fe53c10db3263fe303b272039c96bbf
75,7.3445573642392,0.000363188361661628,0xff3baeddc9d2fdfedf591adec76546365230b2e3,2017-10-30T02:50:45.000Z,0.00004944999999999994,0x379374d13077e8867ef31803c37baf9785a17c00,sell,0x4355fc160f74328f9b383df2ec589bb3dfd82ba0,0xfaea9fc284e0fdb2878610caa6ccb7d789158e084ee52f5c536bf43cab9edf16
76,1631.3362466062292,0.08972186222709601,0x7597354b27801b08aab6d0edde7060eac888b328,2017-10-30T01:35:42.000Z,0.000054999,0xed7f4d43a68a1353004159aa48fcf79e23b5b75f,buy,0x4355fc160f74328f9b383df2ec589bb3dfd82ba0,0xce34a920331d0297d31c0406f7087312123ca6968e81bcd9bb237c0dcdef3d1c
77,0.06951168411513899,0.000003437352779493,0xff3baeddc9d2fdfedf591adec76546365230b2e3,2017-10-29T20:07:19.000Z,0.00004944999999999104,0xcff688026fcfb9bcc30f7413d80c21ecfde96a1f,sell,0x4355fc160f74328f9b383df2ec589bb3dfd82ba0,0x62923b79bfb4a305c052a1fcfa19b46a3b2ddbe593474cb7261c441bdf46abeb
78,697.2717033589591,0.03448008573110053,0xff3baeddc9d2fdfedf591adec76546365230b2e3,2017-10-29T20:00:05.000Z,0.00004944999999999999,0xcff688026fcfb9bcc30f7413d80c21ecfde96a1f,sell,0x4355fc160f74328f9b383df2ec589bb3dfd82ba0,0xc06176a96fad68afa3f5808be2f0d0a7d7701fe0d06cd9f45e4c1035ca3ae6bb
79,88.841,0.00439318745,0xff3baeddc9d2fdfedf591adec76546365230b2e3,2017-10-29T19:56:02.000Z,0.00004945,0xcff688026fcfb9bcc30f7413d80c21ecfde96a1f,sell,0x4355fc160f74328f9b383df2ec589bb3dfd82ba0,0x0fbcfaaac0ec36624ebdc2ac68bd1e695b625ed270f0c4c6ca53a45268c38536
80,100,0.004945,0xff3baeddc9d2fdfedf591adec76546365230b2e3,2017-10-29T19:55:12.000Z,0.00004945,0xcff688026fcfb9bcc30f7413d80c21ecfde96a1f,sell,0x4355fc160f74328f9b383df2ec589bb3dfd82ba0,0xa0ede9ebd95a08143af00dccdb2f1466571faca168d41b76cf7140ae4a541e0e
81,1240,0.06076,0x8909e1a4f31fc2214ea6c4a917268b833b00c000,2017-10-29T04:31:59.000Z,0.000049,0x862d710bd9b22708fe3ed5837b83f30e21dbe104,sell,0x4355fc160f74328f9b383df2ec589bb3dfd82ba0,0xe0ce246726167e5156833a56fd0f4eb3042efab00022ad4ef4eebede4bf28a59
82,0.000959740781578946,0.000000046067557515,0xb5d0ae8422683dfb53a76a97238365a30e0e82c8,2017-10-29T00:52:44.000Z,0.00004799999999917747,0x00fc133adbe9926b22d98ce12b3d4b22610ea469,sell,0x4355fc160f74328f9b383df2ec589bb3dfd82ba0,0xcc34d6d76d671a8c7e1da1054397c2e9f4a47749547e74399c95ec8a2cecdcc9
83,0.172,0.000008256,0xb5d0ae8422683dfb53a76a97238365a30e0e82c8,2017-10-29T00:51:21.000Z,0.000048,0x00fc133adbe9926b22d98ce12b3d4b22610ea469,sell,0x4355fc160f74328f9b383df2ec589bb3dfd82ba0,0xe1839493ee0cb661351781e899b6406f5191e1524614adec8c5e048b49a2ab6b
84,1734.7871597800183,0.08326978366944088,0xb5d0ae8422683dfb53a76a97238365a30e0e82c8,2017-10-29T00:49:00.000Z,0.00004799999999999999,0x00fc133adbe9926b22d98ce12b3d4b22610ea469,sell,0x4355fc160f74328f9b383df2ec589bb3dfd82ba0,0x85464ab955fbcf925b69485f9fd5eb7a949e5249871b3f4a630d816846ae9575
85,6639.8155533645695,0.3253509621148639,0xb5d0ae8422683dfb53a76a97238365a30e0e82c8,2017-10-29T00:46:37.000Z,0.00004899999999999999,0x00fc133adbe9926b22d98ce12b3d4b22610ea469,sell,0x4355fc160f74328f9b383df2ec589bb3dfd82ba0,0x58b05bf42b53894d4d937a33c5628809da1370ec0f3904bd15495e94bf036a43
86,0.4482,0.0000219618,0xb5d0ae8422683dfb53a76a97238365a30e0e82c8,2017-10-29T00:33:55.000Z,0.000049,0x10f920ffad95f53168af567ecd635a6dd03a8b43,sell,0x4355fc160f74328f9b383df2ec589bb3dfd82ba0,0x2137cb078e3a64451818bf49e37a25cf2ff7f61225b5275c166a9bbed4174db8
87,4499.203896919549,0.2204609909490579,0xb5d0ae8422683dfb53a76a97238365a30e0e82c8,2017-10-29T00:31:16.000Z,0.00004899999999999999,0x10f920ffad95f53168af567ecd635a6dd03a8b43,sell,0x4355fc160f74328f9b383df2ec589bb3dfd82ba0,0x6972235089096217e771671d1e4738935146ce50ddced2b71310dc296e4ff5f8
88,393.857,0.01969285,0xb5d0ae8422683dfb53a76a97238365a30e0e82c8,2017-10-29T00:28:55.000Z,0.00005,0x10f920ffad95f53168af567ecd635a6dd03a8b43,sell,0x4355fc160f74328f9b383df2ec589bb3dfd82ba0,0xe8a33d4c54d9e2a9b913ac02bff1d15fdc3db8f97ff9c3802d12efd1ac1d1a77
89,8860.53234971588,0.4341660851360782,0xb5d0ae8422683dfb53a76a97238365a30e0e82c8,2017-10-28T23:00:38.000Z,0.00004899999999999999,0xf355e8dc8d0f433bb409aa4268b3e4369ce26e13,sell,0x4355fc160f74328f9b383df2ec589bb3dfd82ba0,0x6e37dd8aab384ce4d6551e7f3ab1c898ac92554e54e15ef3cafc6a7e4a979580
90,19606.14282524175,0.9803071412620875,0xb5d0ae8422683dfb53a76a97238365a30e0e82c8,2017-10-28T22:18:36.000Z,0.00004999999999999999,0x0cec9636008c86ed0acde6a547226bb4f9df1343,sell,0x4355fc160f74328f9b383df2ec589bb3dfd82ba0,0x2db72f4b37bd6e750a8998c14682bee0658eb046e69fb6979941fefcc1dd774d
91,11329.044,0.566463529044,0xed7f4d43a68a1353004159aa48fcf79e23b5b75f,2017-10-28T22:18:03.000Z,0.000050001,0x0cec9636008c86ed0acde6a547226bb4f9df1343,sell,0x4355fc160f74328f9b383df2ec589bb3dfd82ba0,0x152862374053ff4e9398120784d3f3f1c236f9179743cf75e5ec00c60c3c3312
92,25000,1.275,0x006c8448192412fb70752214cb7ecc174d48f861,2017-10-28T22:17:57.000Z,0.000051,0x0cec9636008c86ed0acde6a547226bb4f9df1343,sell,0x4355fc160f74328f9b383df2ec589bb3dfd82ba0,0xccc62b583823dff7ba031cfc0214a57d6f11d11dd0b5acbe27710ecdde5b02ac
93,10000,0.51001,0xed7f4d43a68a1353004159aa48fcf79e23b5b75f,2017-10-28T22:17:57.000Z,0.000051001,0x0cec9636008c86ed0acde6a547226bb4f9df1343,sell,0x4355fc160f74328f9b383df2ec589bb3dfd82ba0,0x52b7b692684ede0df36547ca44259140027ab156458c4b3dfe51e446f815e7f2
94,7.407517148402198,0.0005,0x34f9560c63078eb61872a4dc2ccd20e21c34feaf,2017-10-28T20:51:02.000Z,0.000067499,0xed7f4d43a68a1353004159aa48fcf79e23b5b75f,buy,0x4355fc160f74328f9b383df2ec589bb3dfd82ba0,0x35b83f8e3160bfad29fb275ada70c7b3299a0d4b43ae5fe537c82058d3699565
95,7.407517148402198,0.0005,0xe444a40689f51f63bcd29910622035707d533d29,2017-10-28T20:50:32.000Z,0.000067499,0xed7f4d43a68a1353004159aa48fcf79e23b5b75f,buy,0x4355fc160f74328f9b383df2ec589bb3dfd82ba0,0x7589d619a418eb24ebcf4ce11592bc75a182674562ea32619a88d5e56bc39aa3
96,8670.955946029087,0.43355646825740035,0xed7f4d43a68a1353004159aa48fcf79e23b5b75f,2017-10-28T17:09:33.000Z,0.00005000099999999999,0x1ed014aec47fae44c9e55bac7662c0b78ae61798,sell,0x4355fc160f74328f9b383df2ec589bb3dfd82ba0,0xcb9248c9f73e5f3a989dbbbbf45b55a5283726ae7181c4e7313b7528829775f9
97,46500,2.636085,0xb5d0ae8422683dfb53a76a97238365a30e0e82c8,2017-10-28T16:06:09.000Z,0.00005669,0x9fcc9dd17ae1a8ea4b5f620541a3396513e61526,buy,0x4355fc160f74328f9b383df2ec589bb3dfd82ba0,0x213fc8590fe20f06bff6e44caf09ba4c2201841e813edee8c890dabddb4e7c5d
98,33333,1.88931444,0xb5d0ae8422683dfb53a76a97238365a30e0e82c8,2017-10-28T16:04:41.000Z,0.00005668,0x28fc50a4088f19e18ec8272f5a3fcd035bc2cbe5,buy,0x4355fc160f74328f9b383df2ec589bb3dfd82ba0,0xed5e928da7c73332646d6325c0023d9622422402990c6b7e97c09f73ed936cc4
99,6000,0.318,0x35ddf95fbdb1de47fcdd684afddb86facdb3d603,2017-10-28T14:15:55.000Z,0.000053,0x68b0a4acbc21ff52de19cf9cb5e830443b5943a8,buy,0x4355fc160f74328f9b383df2ec589bb3dfd82ba0,0x4621f45dde91f323c02ab53dcce87a51f0c322080884ccb2795600187936af7b
100,1800,0.102042,0x12986cd77b7494830c0739f54b2e682cff07b77e,2017-10-28T09:42:44.000Z,0.00005669,0x9fcc9dd17ae1a8ea4b5f620541a3396513e61526,buy,0x4355fc160f74328f9b383df2ec589bb3dfd82ba0,0x5649292a98c0f41d4ee8a7d24ac8c9f069b02e3384f5917477fcff770b091e1b
101,13065.7,0.7186135,0x9778550d76b07ac9f5e57392f68ecdf6efc1774e,2017-10-28T09:37:45.000Z,0.000055,0xe865a191de3e68345b2fce32b86ff7d36832e632,buy,0x4355fc160f74328f9b383df2ec589bb3dfd82ba0,0xacca1984155a6d7b25878ba32674ec10078b76566ad4f6c405e3552c6c226a35
102,30000,1.65,0x009a12d4290630bc01fd82516ac57c1dc6a9bcfb,2017-10-28T06:24:23.000Z,0.000055,0xe865a191de3e68345b2fce32b86ff7d36832e632,buy,0x4355fc160f74328f9b383df2ec589bb3dfd82ba0,0x32f69ea9c41fbb8271ee9bc7ba1bf2c9c8916f7e6bbe7369d620b252cdb845bd
103,28118.474605965966,1.5464879848535222,0x009a12d4290630bc01fd82516ac57c1dc6a9bcfb,2017-10-28T06:23:32.000Z,0.000054999,0xed7f4d43a68a1353004159aa48fcf79e23b5b75f,buy,0x4355fc160f74328f9b383df2ec589bb3dfd82ba0,0x17acfde46b7fb27f809d39b1b8b617cc1b2b79d2e8be3c624b7b09dc18ce65df
104,9999.09308225744,0.43996009561932736,0x009a12d4290630bc01fd82516ac57c1dc6a9bcfb,2017-10-28T06:21:12.000Z,0.00004399999999999999,0x6dfca959b12f86c9d35c1acaf686bfd0828e7a0e,sell,0x4355fc160f74328f9b383df2ec589bb3dfd82ba0,0xe72844c4725134ec0461c5880a3f1755c2824a686342cd0a56163b83f262f025
105,9999.09308225744,0.43996009561932736,0x009a12d4290630bc01fd82516ac57c1dc6a9bcfb,2017-10-28T06:20:10.000Z,0.00004399999999999999,0x6dfca959b12f86c9d35c1acaf686bfd0828e7a0e,sell,0x4355fc160f74328f9b383df2ec589bb3dfd82ba0,0xe72844c4725134ec0461c5880a3f1755c2824a686342cd0a56163b83f262f025
106,5819.034397974412,0.3200410728541947,0x28ed0ada17bb25e719bfcd67f486c631cf901ffe,2017-10-28T00:51:02.000Z,0.000054999,0xed7f4d43a68a1353004159aa48fcf79e23b5b75f,buy,0x4355fc160f74328f9b383df2ec589bb3dfd82ba0,0x574e1da1194b0a2b4be534d1f442f6ebf70edcc2cd872dd59b34aa6b10a3a65d
107,6036.506126059621,0.3320018004271531,0x28ed0ada17bb25e719bfcd67f486c631cf901ffe,2017-10-28T00:04:13.000Z,0.000054999,0xed7f4d43a68a1353004159aa48fcf79e23b5b75f,buy,0x4355fc160f74328f9b383df2ec589bb3dfd82ba0,0xea4d83fab9cecdfc49c5d2b79bae46ab624b0b6ff7e1dba4b75e39d7d2ad1350
108,5458.900416786241,0.3100600847730417,0x28ed0ada17bb25e719bfcd67f486c631cf901ffe,2017-10-27T18:37:38.000Z,0.000056799,0xed7f4d43a68a1353004159aa48fcf79e23b5b75f,buy,0x4355fc160f74328f9b383df2ec589bb3dfd82ba0,0x37773e03b88eec67a5d79e4dba0f1c16a68f8eced5a3701c5cefcb73c6f86599
109,3612.4,0.18062,0x21b2ec62e93954074cde69ae0ccb2faa65f66075,2017-10-27T17:43:34.000Z,0.00005,0x34592af4cc480f4b965c2cbbc680583bae22c887,buy,0x4355fc160f74328f9b383df2ec589bb3dfd82ba0,0x509a440f036afc7a0b6b69055511e94891499f8217935f68f449056ba8da06ac
110,25000,1.09275,0x78ad799f6e4fadee929e9eb0f43bfbd210ca1d02,2017-10-27T10:31:41.000Z,0.00004371,0x34592af4cc480f4b965c2cbbc680583bae22c887,sell,0x4355fc160f74328f9b383df2ec589bb3dfd82ba0,0xb08d4d8ce8299c8ec9a37fd71f662f8675bde65d9f5c75fa4fef81926f3cb359
111,7500,0.3278325,0x3f878dde0f23fee0b8e9938d93d581aa3d9cc61c,2017-10-27T10:30:14.000Z,0.000043711,0x34592af4cc480f4b965c2cbbc680583bae22c887,sell,0x4355fc160f74328f9b383df2ec589bb3dfd82ba0,0xc04023b52e2219312a51d47a836f62f4cb49a023694dd43771f6ceedd9f42ee7
112,6300,0.2835,0x1c5989257c2a27450078038cb61ccf6a6bbc1ac2,2017-10-27T10:29:13.000Z,0.000045,0x34592af4cc480f4b965c2cbbc680583bae22c887,sell,0x4355fc160f74328f9b383df2ec589bb3dfd82ba0,0xdba20a644d551c65380ad1eec1011606f808ded704ea9ec51f9f411e3d8b39d2
113,400,0.01746,0x78ad799f6e4fadee929e9eb0f43bfbd210ca1d02,2017-10-27T00:06:33.000Z,0.00004365,0x9d384fe998564e20926deb1f9bcafcc071cdd4e9,sell,0x4355fc160f74328f9b383df2ec589bb3dfd82ba0,0xd3c70c4785db7a68fd567b87ee8787372ba226f0919fe2737565768cf0810455
114,8860.53234971588,0.3867622370650982,0x78ad799f6e4fadee929e9eb0f43bfbd210ca1d02,2017-10-26T23:26:27.000Z,0.00004364999999999999,0x2f5ef20e13dabb4a1e9555b46ff2aaabda770dd0,sell,0x4355fc160f74328f9b383df2ec589bb3dfd82ba0,0x0506c1846fd417e6a57a67d57053198e54cbaa444bf96a10c980e8f1963a5b41
115,3458.811789,0.186775836606,0x799769824e23705ac0da64464dc1ecfb5b09e0ea,2017-10-26T19:42:31.000Z,0.000054,0x24283ee9620576735714f941bb3bd89ea893de7e,buy,0x4355fc160f74328f9b383df2ec589bb3dfd82ba0,0x96c83e0c5d05b7777935f685f6495efb63f3cde7d88ee6ea794df5c40486aa45
116,0.15191433236281546,0.000006532316291601,0x1f7fb87b8005dc663d9968769f4da0d2429cb41d,2017-10-26T16:40:22.000Z,0.00004299999999999957,0x0436d295958f4c3db3352cc568f0aac945da5e5e,sell,0x4355fc160f74328f9b383df2ec589bb3dfd82ba0,0x9da8a984ed522d0c0c407902f688cbeeeeea68cebf53ae05d4369ff9cb83adcc
117,1523.8526679314018,0.06552566472105027,0x1f7fb87b8005dc663d9968769f4da0d2429cb41d,2017-10-26T16:39:26.000Z,0.00004299999999999999,0x0436d295958f4c3db3352cc568f0aac945da5e5e,sell,0x4355fc160f74328f9b383df2ec589bb3dfd82ba0,0x2f829b6f07308700af0cb57340d15a77c7b297eb5187764b2d9b7727dbb3570a
118,36.312,0.001670352,0x2a1af7cb7bc5c51cfd000f43e7f7a673a7ff0b37,2017-10-26T16:38:43.000Z,0.000046,0x0436d295958f4c3db3352cc568f0aac945da5e5e,sell,0x4355fc160f74328f9b383df2ec589bb3dfd82ba0,0x7751cf7b9d2e5a7b410111f8ee432c3a2420e4cf9a23f3ce582873179add0702
119,23277.303542171496,1.0474786593977174,0x63847d3d445ae6f1f65666502bbf45430e2cc45f,2017-10-26T16:37:31.000Z,0.00004499999999999999,0x0436d295958f4c3db3352cc568f0aac945da5e5e,sell,0x4355fc160f74328f9b383df2ec589bb3dfd82ba0,0xa88b23a0fbe043c4c676a13531c15bc814545c6dd638d71c465e7346fb4da95c
120,623.0684876881667,0.0280380819459675,0x63847d3d445ae6f1f65666502bbf45430e2cc45f,2017-10-26T14:24:33.000Z,0.00004499999999999999,0x74203756d49a61e794328c5cd0775b3091713405,sell,0x4355fc160f74328f9b383df2ec589bb3dfd82ba0,0x6309bbb50fb9103b089680309f5a071d2f31b8d28a70704a029cf4a386ac55e4
121,11713.687568537534,0.5388296281527265,0x2a1af7cb7bc5c51cfd000f43e7f7a673a7ff0b37,2017-10-26T13:14:21.000Z,0.00004599999999999999,0xc7006f1f8f89facf19e1184beabe18670757a00f,sell,0x4355fc160f74328f9b383df2ec589bb3dfd82ba0,0xb1017abd0dfadac3af1055d52f94279ffd12f54356489dc2947c2d55c41f506a
122,10000,0.48,0x2a1af7cb7bc5c51cfd000f43e7f7a673a7ff0b37,2017-10-26T10:41:49.000Z,0.000048,0x93c135eb263ce7e3f90f26898becac5c65c15244,buy,0x4355fc160f74328f9b383df2ec589bb3dfd82ba0,0x8d9b091e46e3f4f9c2a3752561e9098990003d69bc6f6430ba3d396e315e1827
123,1.4594924212659826,0.000065677158956969,0x63847d3d445ae6f1f65666502bbf45430e2cc45f,2017-10-26T08:37:10.000Z,0.00004499999999999985,0xb90dd77405fdde22a4f37e98b2c8574cf4e20c98,sell,0x4355fc160f74328f9b383df2ec589bb3dfd82ba0,0xe05d20aa5fa6b24191d7d3fb4893c8679e906db4bd2212e4679d100b7ba4ecb5
124,14640.168477719071,0.6588075814973582,0x63847d3d445ae6f1f65666502bbf45430e2cc45f,2017-10-26T08:35:35.000Z,0.00004499999999999999,0xb90dd77405fdde22a4f37e98b2c8574cf4e20c98,sell,0x4355fc160f74328f9b383df2ec589bb3dfd82ba0,0x636032bf1ba30a47a4a84d5d568b67c1f52387e68a4964455d49d10c86423df8
125,43554,2.0383272,0x63847d3d445ae6f1f65666502bbf45430e2cc45f,2017-10-26T08:33:15.000Z,0.0000468,0xb90dd77405fdde22a4f37e98b2c8574cf4e20c98,sell,0x4355fc160f74328f9b383df2ec589bb3dfd82ba0,0xaf400f3aec42f3b13968816948db3fd30dd2125ab015ec321401f2bdf70c8a16
126,11595,0.55656,0x2a1af7cb7bc5c51cfd000f43e7f7a673a7ff0b37,2017-10-26T08:33:15.000Z,0.000048,0xb90dd77405fdde22a4f37e98b2c8574cf4e20c98,sell,0x4355fc160f74328f9b383df2ec589bb3dfd82ba0,0x6065b2877448f9108e17cf570cf50fd5cf86a381e79c5271d6e0c9a0c4be63e9
127,5967.317,0.334169752,0x78ad799f6e4fadee929e9eb0f43bfbd210ca1d02,2017-10-26T02:53:52.000Z,0.000056,0x48c282108dd103ac83a91ff5819a1ca19cfde7a7,buy,0x4355fc160f74328f9b383df2ec589bb3dfd82ba0,0x27854feff3061a18fee01a17496a4afd5b978fd6b3490aa5e1e6a4f39d5a38b9
128,30,0.00179397,0x1d5321e125f6c7079a716705541c7b371ca79e69,2017-10-26T01:49:32.000Z,0.000059799,0xed7f4d43a68a1353004159aa48fcf79e23b5b75f,buy,0x4355fc160f74328f9b383df2ec589bb3dfd82ba0,0x3e1f3074011ebb9c7833953bbcd330eb27b39efa715b54da315cb420cd42d468
129,29.91026919242273,0.001932203389830508,0xd3c59124312db569b7cf2eab7cfeb31bcac151ed,2017-10-26T01:49:32.000Z,0.00006459999999999998,0x1d5321e125f6c7079a716705541c7b371ca79e69,sell,0x4355fc160f74328f9b383df2ec589bb3dfd82ba0,0x3e1f3074011ebb9c7833953bbcd330eb27b39efa715b54da315cb420cd42d468
130,10000,0.56,0x273a5d3e6721b9f5c1a6474f560c1334c63dda01,2017-10-26T01:48:17.000Z,0.000056,0x48c282108dd103ac83a91ff5819a1ca19cfde7a7,buy,0x4355fc160f74328f9b383df2ec589bb3dfd82ba0,0x149975b75eb6ba44c32805286b82944f643d655132aa5904b852ddbf66ddef8a
131,10030.090270812438,0.5616850551654965,0x6dfca959b12f86c9d35c1acaf686bfd0828e7a0e,2017-10-26T01:48:17.000Z,0.000056,0x48c282108dd103ac83a91ff5819a1ca19cfde7a7,buy,0x4355fc160f74328f9b383df2ec589bb3dfd82ba0,0x67b4093e08ecae17a897b6b90306ad67ad1ae3a4db043d8d1b2fc7328b1f1d04
132,9970,0.644062,0xd3c59124312db569b7cf2eab7cfeb31bcac151ed,2017-10-26T01:48:17.000Z,0.0000646,0x273a5d3e6721b9f5c1a6474f560c1334c63dda01,sell,0x4355fc160f74328f9b383df2ec589bb3dfd82ba0,0x149975b75eb6ba44c32805286b82944f643d655132aa5904b852ddbf66ddef8a
133,32000,1.792,0xe865a191de3e68345b2fce32b86ff7d36832e632,2017-10-25T19:15:34.000Z,0.000056,0x48c282108dd103ac83a91ff5819a1ca19cfde7a7,buy,0x4355fc160f74328f9b383df2ec589bb3dfd82ba0,0xc361dc4e2586bbe32ca2d45d01debefad8fa216e12cb2ea44a5fd87f5caec414
134,802.5922302610487,0.04494516489461873,0x273a5d3e6721b9f5c1a6474f560c1334c63dda01,2017-10-25T18:44:52.000Z,0.000056,0x48c282108dd103ac83a91ff5819a1ca19cfde7a7,buy,0x4355fc160f74328f9b383df2ec589bb3dfd82ba0,0x880618ddd0d48bda87cc6a92424d29c52eb676af187425b873835c0cbf5e12e4
135,800.1844535702655,0.0464106983070754,0xdac7049f62f3fb4992ccb2d2daf20c0a5220bed8,2017-10-25T18:44:52.000Z,0.00005799999999999999,0x273a5d3e6721b9f5c1a6474f560c1334c63dda01,sell,0x4355fc160f74328f9b383df2ec589bb3dfd82ba0,0x880618ddd0d48bda87cc6a92424d29c52eb676af187425b873835c0cbf5e12e4
136,900,0.05229,0xa05c4e27877e7ac86e1303e3da801ad70bac3102,2017-10-25T13:02:10.000Z,0.0000581,0x8cd3bec93d81f900f4faef7f40259d392b616a7e,sell,0x4355fc160f74328f9b383df2ec589bb3dfd82ba0,0xc0b4d2c928bd0ccfb1e9db03662b7c854acc0990e03ac17117b3b7ebb822a90a
137,0.06951831835515862,0.000004032062464599,0xdac7049f62f3fb4992ccb2d2daf20c0a5220bed8,2017-10-25T07:28:00.000Z,0.00005799999999999712,0xc841cd0ad77d714b3c6ad86c1160034a1f11fed3,sell,0x4355fc160f74328f9b383df2ec589bb3dfd82ba0,0x16f8d7a0decb0868cf6bf939c596f68a5e2d013227bbaba5f87a67e11af00656
138,697.3382514205962,0.04044561858239457,0xdac7049f62f3fb4992ccb2d2daf20c0a5220bed8,2017-10-25T07:25:42.000Z,0.00005799999999999999,0xc841cd0ad77d714b3c6ad86c1160034a1f11fed3,sell,0x4355fc160f74328f9b383df2ec589bb3dfd82ba0,0x53dfa8e829a35891c2472a3e1d8fac307d4e6082904d9b0983fd9a25e5a963d5
139,33500,1.8760335,0xed7f4d43a68a1353004159aa48fcf79e23b5b75f,2017-10-25T07:24:50.000Z,0.000056001,0xc841cd0ad77d714b3c6ad86c1160034a1f11fed3,sell,0x4355fc160f74328f9b383df2ec589bb3dfd82ba0,0x1d06199448f22c5f1d564ef707d33238f139921fd6e755d3715c63d760308f6f
140,300,0.018,0xe3d0a0d0fcdab0f65f97c5e29b3d413e827ca3ce,2017-10-25T06:10:38.000Z,0.00006,0x5c4fa72c0199ca949e1abb046710ea46902f2ee3,sell,0x4355fc160f74328f9b383df2ec589bb3dfd82ba0,0x0e464b531ba618d067afab480daeb1fa8bc697e522765baab6912c5e9c540fba
141,11962.915259455114,0.6651739771714827,0xed7f4d43a68a1353004159aa48fcf79e23b5b75f,2017-10-25T04:41:18.000Z,0.00005560299999999999,0x3e795ede07ed0c3dc3669478e5753de49404f692,sell,0x4355fc160f74328f9b383df2ec589bb3dfd82ba0,0xacf922a3ed040906ce4dbc5d08e417addcb876177485d0d36445389f1cbd717b
142,6825,0.429975,0xa5a30418bfefa5637683b9753f25a99871eea252,2017-10-25T02:44:25.000Z,0.000063,0xafa3129fc28f39985cab32d84378b126f151f895,buy,0x4355fc160f74328f9b383df2ec589bb3dfd82ba0,0x31348704a4801a68ef3935c55426fdd2c42020c310f0095d51443e2c599ff828
143,33894.92569336522,1.8846256584024932,0xdc734ccef6c139096afc2176e1837288a1b9e536,2017-10-25T02:11:56.000Z,0.00005560199999999999,0xf46e0693d04f4c6571aaf959f4a1feb7041f88b8,sell,0x4355fc160f74328f9b383df2ec589bb3dfd82ba0,0x97b72bd40bf308919ca50a6a30eb80c110dd8c5674cf040d4c9799fd2e20ae2f
144,20000,1.24,0xdc734ccef6c139096afc2176e1837288a1b9e536,2017-10-25T01:34:09.000Z,0.000062,0xafa3129fc28f39985cab32d84378b126f151f895,buy,0x4355fc160f74328f9b383df2ec589bb3dfd82ba0,0x2726e7155c4e93c9afd4203a44a90a737cfe76eaf66e09dccf95e53cc7618f07
145,5828.200248145333,0.3730048158813013,0x450916e2a2ca28ccfda13ce61758874222875d56,2017-10-25T01:09:15.000Z,0.000064,0xe865a191de3e68345b2fce32b86ff7d36832e632,buy,0x4355fc160f74328f9b383df2ec589bb3dfd82ba0,0x6db4f103e62cbb2c86afefea506136847cffabc781342ce07ead000950f074d5
146,23106.04639728104,1.4787869694259865,0x41f02a16d182039eb37ee57f50c59f9c6911dab9,2017-10-24T21:32:07.000Z,0.000064,0xe865a191de3e68345b2fce32b86ff7d36832e632,buy,0x4355fc160f74328f9b383df2ec589bb3dfd82ba0,0x0d81284f2ff59bfd6589c6fdbd33ae6d3f605a13be10bd98a8438e41f11e61e8
147,13498.549,0.863893637451,0x41f02a16d182039eb37ee57f50c59f9c6911dab9,2017-10-24T21:31:12.000Z,0.000063999,0xed7f4d43a68a1353004159aa48fcf79e23b5b75f,buy,0x4355fc160f74328f9b383df2ec589bb3dfd82ba0,0x35b58e219c437eb90490a3d23ea36725c6dab63bd842cdf6102fc4a57700ef54
148,10805,0.6483,0x41f02a16d182039eb37ee57f50c59f9c6911dab9,2017-10-24T21:30:58.000Z,0.00006,0x4d308c991859d59fa9086ad18cbdd9c4534c9fcd,buy,0x4355fc160f74328f9b383df2ec589bb3dfd82ba0,0x61a6115c8a3e92e32f90bcad2334f54546835d15ee8299d12e5b2f1b7f0f902e
149,40000,2.052,0xe865a191de3e68345b2fce32b86ff7d36832e632,2017-10-24T20:27:37.000Z,0.0000513,0x4d308c991859d59fa9086ad18cbdd9c4534c9fcd,sell,0x4355fc160f74328f9b383df2ec589bb3dfd82ba0,0x5330ca9d34896fe04ec87f8ca0f7b4765852919b9629bb0c0b36546bbc2f968e
150,60000,3.18,0xff3baeddc9d2fdfedf591adec76546365230b2e3,2017-10-24T20:27:10.000Z,0.000053,0x4d308c991859d59fa9086ad18cbdd9c4534c9fcd,sell,0x4355fc160f74328f9b383df2ec589bb3dfd82ba0,0xe2dcc1227a0a16c35d970f9097f7c92c4c4e058491ade56156e33e8e4306661a
151,12382,0.6327202,0x2137f7e873d547e542384128d92c1d834735f65e,2017-10-24T15:34:41.000Z,0.0000511,0xba8acabc6da3b8c87c914aeecf9c11ab088d47d2,buy,0x4355fc160f74328f9b383df2ec589bb3dfd82ba0,0xc2f20c0f91527d38fe9d815b158463c4a7c83932e0ea1436b1ef0fe7e3d73b82
152,8622.133,0.474217315,0xdc734ccef6c139096afc2176e1837288a1b9e536,2017-10-24T14:01:05.000Z,0.000055,0x009a12d4290630bc01fd82516ac57c1dc6a9bcfb,buy,0x4355fc160f74328f9b383df2ec589bb3dfd82ba0,0x87e432dfc5a224cd5d6e9797ea70eee3c43d3ff82ae5427c161a09f723e8f109
153,22454,1.1406632,0x63847d3d445ae6f1f65666502bbf45430e2cc45f,2017-10-24T07:20:33.000Z,0.0000508,0x009a12d4290630bc01fd82516ac57c1dc6a9bcfb,sell,0x4355fc160f74328f9b383df2ec589bb3dfd82ba0,0x0b133aabdd17556b6cac0eb66cc506758b77da5c390e87df16d13e85f18e4d56
154,13042.679,0.65226437679,0x2c588125082e49ffbb59b0c209654f6cbcf19f6e,2017-10-24T07:20:33.000Z,0.00005001,0x009a12d4290630bc01fd82516ac57c1dc6a9bcfb,sell,0x4355fc160f74328f9b383df2ec589bb3dfd82ba0,0x168dcd632b4b2fb9104b92e59da07a193057756d68e81eccd963f013fb50b691
155,6000,0.312,0x2a1af7cb7bc5c51cfd000f43e7f7a673a7ff0b37,2017-10-24T07:20:05.000Z,0.000052,0x009a12d4290630bc01fd82516ac57c1dc6a9bcfb,sell,0x4355fc160f74328f9b383df2ec589bb3dfd82ba0,0x898136e68f0ba6a86b7ff3a6e18b360150e4710b30822de8f22a9bba401e3886
156,91.08002956904839,0.004554912278748109,0x2c588125082e49ffbb59b0c209654f6cbcf19f6e,2017-10-24T05:28:38.000Z,0.00005000999999999999,0x70e6194ae475f682cee0fb3d174481b2e9616680,sell,0x4355fc160f74328f9b383df2ec589bb3dfd82ba0,0xe727379f6fb8e7dccb0c1651fbd249577fb86d1372171d13c5df0a31adad19a1
157,3550,0.1775,0xbc214a56aa6fd6dc0a366222b256f481e98164b7,2017-10-24T05:26:38.000Z,0.00005,0x70e6194ae475f682cee0fb3d174481b2e9616680,sell,0x4355fc160f74328f9b383df2ec589bb3dfd82ba0,0x2be83c38eca347e40d10a21ab06d15225bcc10d56eedf3d178603b02145a4a64
158,500,0.018,0x4be7bced82b314ad60dc69274a75757e7d5d93a3,2017-10-24T03:33:41.000Z,0.000036,0x009a12d4290630bc01fd82516ac57c1dc6a9bcfb,sell,0x4355fc160f74328f9b383df2ec589bb3dfd82ba0,0x222cdf089170db8be7349fca191a3186893eca8203bc131eab9d7f5f0238ebd7
159,4000,0.160804,0x326efcafc310081c2d44583dc4742c085e94c6e6,2017-10-24T03:15:39.000Z,0.000040201,0x009a12d4290630bc01fd82516ac57c1dc6a9bcfb,sell,0x4355fc160f74328f9b383df2ec589bb3dfd82ba0,0x6937d8bac8ea1850ddf5507d4f0d9e62fee8a75e18fa5131b74468089d8413ff
160,1000,0.05205,0x4be7bced82b314ad60dc69274a75757e7d5d93a3,2017-10-24T03:15:17.000Z,0.00005205,0x009a12d4290630bc01fd82516ac57c1dc6a9bcfb,sell,0x4355fc160f74328f9b383df2ec589bb3dfd82ba0,0x55e96cabd45c4c0dca406868d77a3c929c3d6955f1b40156c4d68ebf4cc5e811
161,434.333565948,0.0217166782974,0x48114463522398d2dcd66a9d75773950accada3d,2017-10-24T03:15:17.000Z,0.00005,0x009a12d4290630bc01fd82516ac57c1dc6a9bcfb,sell,0x4355fc160f74328f9b383df2ec589bb3dfd82ba0,0xd4b9bf18e1579f478239e2546b3c2d6d7aae76e5bead83879795ed734e0a1ad2
162,33333,1.833315,0x28fc50a4088f19e18ec8272f5a3fcd035bc2cbe5,2017-10-24T03:12:35.000Z,0.000055,0x009a12d4290630bc01fd82516ac57c1dc6a9bcfb,sell,0x4355fc160f74328f9b383df2ec589bb3dfd82ba0,0xf5d997441c908a4a3d61f96b08303c527fbe527cc67bcaff87883ebbab6b49ed
163,625,0.042186875,0x74203756d49a61e794328c5cd0775b3091713405,2017-10-23T20:31:33.000Z,0.000067499,0xed7f4d43a68a1353004159aa48fcf79e23b5b75f,buy,0x4355fc160f74328f9b383df2ec589bb3dfd82ba0,0x014a228653e88ec1cd93398931dbf99ac4eb49c1d13eb16c12ee835c17b58896
164,5565.371947315952,0.2893993412604295,0x63847d3d445ae6f1f65666502bbf45430e2cc45f,2017-10-23T16:34:27.000Z,0.00005199999999999999,0x929daaeea12eced32768ae8ccf1b8123d49de7a3,sell,0x4355fc160f74328f9b383df2ec589bb3dfd82ba0,0x4ea01d531fab8d5f899957cf0851fb57f32528a4f6e100437d8b43ce4a408faa
165,3150,0.17955,0xbc214a56aa6fd6dc0a366222b256f481e98164b7,2017-10-23T16:32:20.000Z,0.000057,0x929daaeea12eced32768ae8ccf1b8123d49de7a3,sell,0x4355fc160f74328f9b383df2ec589bb3dfd82ba0,0x5f694d56849df69e45affbc3b49a678226cc897459e40088ccdb4ee1d583a8b0
166,12136.395,0.6323061795,0xc2249c3dd3c18167a6f65c0cd8e0eccb6a0e29ab,2017-10-23T16:32:20.000Z,0.0000521,0x929daaeea12eced32768ae8ccf1b8123d49de7a3,sell,0x4355fc160f74328f9b383df2ec589bb3dfd82ba0,0x215706cabaffe9525a08762d7888767f02ebce7f0bd1892d012ea2333f7fdff2
167,1248.3526735774694,0.07546291911775803,0xd978de5513ed9cd5b3636e8426c3919fae908edb,2017-10-23T15:41:50.000Z,0.00006044999999999999,0x929daaeea12eced32768ae8ccf1b8123d49de7a3,sell,0x4355fc160f74328f9b383df2ec589bb3dfd82ba0,0x5c603cf2933bec6fabf3e9b36e5dc5bcea714bd79a43fcb87e33defe7a205371
168,31083.866,1.8121893878,0xa3d7dedda551204ccb03bd79aa87824cc453b8de,2017-10-23T15:32:15.000Z,0.0000583,0x929daaeea12eced32768ae8ccf1b8123d49de7a3,sell,0x4355fc160f74328f9b383df2ec589bb3dfd82ba0,0xec25459f3747074ef8d7c1ff466bf0cd681c598f4184d5bf131e5ef0855a8d0f
169,19000,1.148607,0x61df8677e806760c32bfd4c0d748e6abbc3a0069,2017-10-23T15:32:15.000Z,0.000060453,0x929daaeea12eced32768ae8ccf1b8123d49de7a3,sell,0x4355fc160f74328f9b383df2ec589bb3dfd82ba0,0xc9903e1825582dab2d425c0cdd5398dff9f650dd4a041ffa01736ae3c076a65e
170,6672.089,0.406997429,0x006c8448192412fb70752214cb7ecc174d48f861,2017-10-23T15:32:15.000Z,0.000061,0x929daaeea12eced32768ae8ccf1b8123d49de7a3,sell,0x4355fc160f74328f9b383df2ec589bb3dfd82ba0,0xc450188cde59848b9fb574af091e996eded68c875846c4cdaadfda193ec56599
171,3000,0.186,0xe8d354e910a3b9836f99ff22f16ff87cd7bef396,2017-10-23T15:31:22.000Z,0.000062,0x929daaeea12eced32768ae8ccf1b8123d49de7a3,sell,0x4355fc160f74328f9b383df2ec589bb3dfd82ba0,0x3eb669e3e1aa4dbfb5ebd0e102fe0ee4c12e69e63cec3d0752894cf090565752
172,751.351,0.0462832216,0xd978de5513ed9cd5b3636e8426c3919fae908edb,2017-10-23T14:00:41.000Z,0.0000616,0x862d710bd9b22708fe3ed5837b83f30e21dbe104,sell,0x4355fc160f74328f9b383df2ec589bb3dfd82ba0,0xf545045754d08560df56c82b00b96a02d316757fc1466c7557468e480f65cdf9
173,0.08,0.000004928,0xd978de5513ed9cd5b3636e8426c3919fae908edb,2017-10-23T13:53:08.000Z,0.0000616,0x3c6aab87cf541a0bb95b88ba96a6b3bf4546393d,sell,0x4355fc160f74328f9b383df2ec589bb3dfd82ba0,0x471fd434e4f7fbaf3b4a0dc15abd031e6c7d759892295daffd6b4cf8ea74bfe7
174,747.571763832718,0.04605042065209543,0xd978de5513ed9cd5b3636e8426c3919fae908edb,2017-10-23T11:44:47.000Z,0.00006159999999999999,0xc9fc70444c2ffe34a8d022c0523ceb310a9922e1,sell,0x4355fc160f74328f9b383df2ec589bb3dfd82ba0,0x4b59a06d910df46bc8311741d11f348083a574fd3dbb1285afdd0cd136d247b4
175,8000,0.492856,0x554d82c9eb9599e2d18dd5fc2932585015028f3f,2017-10-23T11:43:10.000Z,0.000061607,0xc9fc70444c2ffe34a8d022c0523ceb310a9922e1,sell,0x4355fc160f74328f9b383df2ec589bb3dfd82ba0,0x8e87a95849b018623c96a403dce4b4da7fa228448d339c51776f6c0e89ca567d
176,290.99777038823584,0.018041861764070622,0xe8d354e910a3b9836f99ff22f16ff87cd7bef396,2017-10-23T11:42:57.000Z,0.00006199999999999999,0xc9fc70444c2ffe34a8d022c0523ceb310a9922e1,sell,0x4355fc160f74328f9b383df2ec589bb3dfd82ba0,0xb0c09804eea24f8bf531448248a0173e6a1f176e44b91f4dfda867d8091d2fda
177,12.5,0.001,0x4a57d0208164a1c1c63c75395dc444428a07b50a,2017-10-23T05:18:25.000Z,0.00008,0x0b78f40529badd274ed9e54a529afa9d2ef96ff8,buy,0x4355fc160f74328f9b383df2ec589bb3dfd82ba0,0x1d3b23252c69d9aeef3a3d410e0ca361357be495b05114c7c0cba3e0830ca4f1
178,0.9969095803010667,0.000061409630146545,0xd978de5513ed9cd5b3636e8426c3919fae908edb,2017-10-23T03:57:20.000Z,0.00006159999999999927,0x7d053385a05276eedcaf706325ae34ae544741a6,sell,0x4355fc160f74328f9b383df2ec589bb3dfd82ba0,0x33aff858e13e03dd9ad9869ac5fce0d08bd65d71706a94e33ce645797473c790
179,17827.910745997844,1.0875025555058684,0x006c8448192412fb70752214cb7ecc174d48f861,2017-10-22T19:01:45.000Z,0.00006099999999999999,0x10b8db32e730c4b73495c139ea0b123eb42f3e21,sell,0x4355fc160f74328f9b383df2ec589bb3dfd82ba0,0x521641462de1c423a39300d9d13c40be1d06147e1f220c168a819f30182e7c98
180,1,0.000071893,0xe1fa699860444be91d366c21de8fef56e3dec77a,2017-10-22T18:26:59.000Z,0.000071893,0xed7f4d43a68a1353004159aa48fcf79e23b5b75f,buy,0x4355fc160f74328f9b383df2ec589bb3dfd82ba0,0x53da26c5103b0c7fe57efea0464844f1fdef9130960fd174202aa5ac6f62d7eb
181,960,0.06901728,0x229f58d5ff796eb6b9b4cfbadf74b18037389e64,2017-10-22T18:04:41.000Z,0.000071893,0xed7f4d43a68a1353004159aa48fcf79e23b5b75f,buy,0x4355fc160f74328f9b383df2ec589bb3dfd82ba0,0x591284ef8437811324e519cf5f0071c1222703afe4703837734224b18ca6c5ac
182,10191.56508078971,0.6160903006988188,0x61df8677e806760c32bfd4c0d748e6abbc3a0069,2017-10-22T12:43:04.000Z,0.00006045099999999999,0x00f8b5f4248272c620954477000e33ed259d0f8d,sell,0x4355fc160f74328f9b383df2ec589bb3dfd82ba0,0x6ab205117d0f2a7798b6a9703f8a4df1019da0e075edb4641ea2c9ae1d2fe07c
183,1850,0.1116105,0xd978de5513ed9cd5b3636e8426c3919fae908edb,2017-10-22T12:35:06.000Z,0.00006033,0x00f8b5f4248272c620954477000e33ed259d0f8d,sell,0x4355fc160f74328f9b383df2ec589bb3dfd82ba0,0x37d07f651695e3da885e7113bf0c5771f09a245c82143c564768f5b2e1bbceab
184,1217.6381530008398,0.07319222937688048,0x04d5a4748ab863f26cfdd5d45a230c6e7da8818f,2017-10-22T12:29:38.000Z,0.00006010999999999999,0x00f8b5f4248272c620954477000e33ed259d0f8d,sell,0x4355fc160f74328f9b383df2ec589bb3dfd82ba0,0x50ae37355bee3679f96bed27e2f02f7b865931b4df9a3dc6593758ca6d3917e7
185,57697.92337801042,3.487897166124108,0x61df8677e806760c32bfd4c0d748e6abbc3a0069,2017-10-22T12:20:44.000Z,0.00006045099999999999,0x1ef37820e7b91cf263e10115d19d0253cd6e9802,sell,0x4355fc160f74328f9b383df2ec589bb3dfd82ba0,0x6bff0cf6a1cd43131bb85e8545dbcc341fcf3805183d7da83ea68c6f182e1f27
186,976,0.06398168,0x9ca73101071b01c28bb9ec81608ee5014877ebe9,2017-10-22T12:10:43.000Z,0.000065555,0xce74844950b3873a9d9e9611e7ec4ac2d9df58de,buy,0x4355fc160f74328f9b383df2ec589bb3dfd82ba0,0x344d04d6f4a9fff326e3841a82fb1006bacd1570185eb82d39f25b06beeda1e9
187,7476.821852258,0.4494616688266374,0x61df8677e806760c32bfd4c0d748e6abbc3a0069,2017-10-22T00:15:41.000Z,0.00006011399999999999,0xc5cec30aa2e789a001e8c288e4c1ad25db0ca9bc,sell,0x4355fc160f74328f9b383df2ec589bb3dfd82ba0,0x7dd97c86d9688ff5301ba7483428eca86cac6fbc80311640bc210fc1499dc42c
188,10100,0.6071413,0xed7f4d43a68a1353004159aa48fcf79e23b5b75f,2017-10-21T22:56:14.000Z,0.000060113,0x59d1679a455a49f924de0a2b50e6f940c41e22d7,sell,0x4355fc160f74328f9b383df2ec589bb3dfd82ba0,0x378b2af61d2529355e19b515a2b4beb4f5a18b1062d029e10bcd68cd3d64ddcb
189,4984.549287405196,0.2990779417935992,0xed7f4d43a68a1353004159aa48fcf79e23b5b75f,2017-10-21T18:53:57.000Z,0.00006000099999999999,0xad5b3fbc469313e21efe4117627a658424091b0a,sell,0x4355fc160f74328f9b383df2ec589bb3dfd82ba0,0x88134cd752ae3f91bc8128f1d181b1ac0d4bba9005d80edf3a08a36acd993fbd
190,3399.4616688266374,0.19893649685973483,0x61df8677e806760c32bfd4c0d748e6abbc3a0069,2017-10-21T15:07:18.000Z,0.00005851999999999999,0x131ba2a1fddfaecf8a55f73bb1ff9b314626b94f,sell,0x4355fc160f74328f9b383df2ec589bb3dfd82ba0,0x79cee060ff7503d2ea122cc14fe0c96c911f2099d59e387b7d21f14c310448f9
191,6776.133978373955,0.39504861093920157,0xa3d7dedda551204ccb03bd79aa87824cc453b8de,2017-10-21T13:16:02.000Z,0.00005829999999999999,0x44f096e9190314bc851ee8c75a9024f42b1e0043,sell,0x4355fc160f74328f9b383df2ec589bb3dfd82ba0,0xaa640ca228c4e6b475f76967fc496abf85478d20657a8e430d498b2533b0d3f5
192,978.9652078556475,0.05582059615192902,0xeff3a39b58edec5368f1c3ddc2fb1f3aa292aba4,2017-10-21T06:28:15.000Z,0.00005701999999999999,0xbdbf3a471519d4815682e028d18c22215e287489,sell,0x4355fc160f74328f9b383df2ec589bb3dfd82ba0,0xe7a69a21fbd1a46a4d6b84ccac9323cd94a5a092d6c3307184362fca254eaf53
193,1000,0.058,0xe878cfb91829c39767b02ec2148bddf1d0db4d20,2017-10-21T06:27:23.000Z,0.000058,0xbdbf3a471519d4815682e028d18c22215e287489,sell,0x4355fc160f74328f9b383df2ec589bb3dfd82ba0,0x286f4cbf608d0196f68569ec0092e7827d2be2a6949be98f2336ae3a23245c2b
194,5000,0.2905,0xad5b3fbc469313e21efe4117627a658424091b0a,2017-10-21T06:26:10.000Z,0.0000581,0xbdbf3a471519d4815682e028d18c22215e287489,sell,0x4355fc160f74328f9b383df2ec589bb3dfd82ba0,0x1b2d842306c11f5664ef50fa88aa7a4c506e8070f8444dc05663c87659e21f5c
195,600,0.0342,0x006c8448192412fb70752214cb7ecc174d48f861,2017-10-21T01:47:30.000Z,0.000057,0xd1cf8ee3d1f188261874dca3b3f673fe3e535af5,sell,0x4355fc160f74328f9b383df2ec589bb3dfd82ba0,0x5ed34c18670d8dd9fcfa2d219bcb3e7e8d7ef7ea4bdd89671c1c083657774384
196,8618.283321702722,0.4740228192602931,0x000b75fcdc15d41277deb033c72d2c8d774ccced,2017-10-20T20:27:14.000Z,0.00005500199999999999,0x72edaf745714c8e2caed752d449bbd1bcfbd4981,sell,0x4355fc160f74328f9b383df2ec589bb3dfd82ba0,0xf524dd2f7519a02e70ee0c58523f92583d12698c8db466c8d274cb513e9bab07
197,71399.93706914506,3.9983964758721235,0x009a12d4290630bc01fd82516ac57c1dc6a9bcfb,2017-10-20T18:09:05.000Z,0.00005599999999999999,0x44f096e9190314bc851ee8c75a9024f42b1e0043,sell,0x4355fc160f74328f9b383df2ec589bb3dfd82ba0,0xf988a6f37f69c53b6e1b7f17094e57b8e20f80d8ecc76d468fe2e5c9216f91b0
198,18228.50105506347,1.020796059083554,0x009a12d4290630bc01fd82516ac57c1dc6a9bcfb,2017-10-20T18:09:05.000Z,0.00005599999999999999,0xb43b08a433e550090b04fc960ecf3d8509540477,sell,0x4355fc160f74328f9b383df2ec589bb3dfd82ba0,0xb4a548d5397cd1c6da396c2ba48db9f6603ba1bcaf345da474c9a7282210f16b
199,2000,0.126,0x009a12d4290630bc01fd82516ac57c1dc6a9bcfb,2017-10-20T16:50:38.000Z,0.000063,0xc9f9258a9a923f7c50c4714684ea2faa03748e17,buy,0x4355fc160f74328f9b383df2ec589bb3dfd82ba0,0x2c1db498a705cb462ddec07b1dc0f16e87334f6930d4fbc7206f25755fdec0cd
200,16878.22,1.112274698,0x009a12d4290630bc01fd82516ac57c1dc6a9bcfb,2017-10-20T16:50:38.000Z,0.0000659,0xeff3a39b58edec5368f1c3ddc2fb1f3aa292aba4,buy,0x4355fc160f74328f9b383df2ec589bb3dfd82ba0,0x9d1c88478cdc43be01f94dbd80fb5ee239df206fe011f54dc6f957e95e994b2d
201,50000,3.29995,0x009a12d4290630bc01fd82516ac57c1dc6a9bcfb,2017-10-20T16:50:38.000Z,0.000065999,0x000b75fcdc15d41277deb033c72d2c8d774ccced,buy,0x4355fc160f74328f9b383df2ec589bb3dfd82ba0,0x2a6ca27620f032ec4d0a938aa85a4469e766ef912332e67dd1ef7997c1fdf05e
202,17975.27689,1.13242446879311,0x009a12d4290630bc01fd82516ac57c1dc6a9bcfb,2017-10-20T16:49:38.000Z,0.000062999,0xed7f4d43a68a1353004159aa48fcf79e23b5b75f,buy,0x4355fc160f74328f9b383df2ec589bb3dfd82ba0,0xebf55c158ed800f6315a507f8285302ee22db36a625c10ae2a6c0b91f60a3e6d
203,26000,1.547,0x009a12d4290630bc01fd82516ac57c1dc6a9bcfb,2017-10-20T16:49:18.000Z,0.0000595,0x006c8448192412fb70752214cb7ecc174d48f861,buy,0x4355fc160f74328f9b383df2ec589bb3dfd82ba0,0x6d6aa2f89aac5a0d3bedb72185c64703487729288a4ad2592130d7b469c31db4
204,1000,0.047,0x009a12d4290630bc01fd82516ac57c1dc6a9bcfb,2017-10-20T16:39:34.000Z,0.000047,0x009a12d4290630bc01fd82516ac57c1dc6a9bcfb,sell,0x4355fc160f74328f9b383df2ec589bb3dfd82ba0,0x5a507c9e8389662a91cf8bff8ed1c1426dd9648be94e9939f9c3789b89ebf081
205,23028.61130495464,1.1514305652477321,0x009a12d4290630bc01fd82516ac57c1dc6a9bcfb,2017-10-20T16:39:34.000Z,0.00004999999999999999,0xd03bb9ff52f863b3a41bed1939ecac61f6333bad,sell,0x4355fc160f74328f9b383df2ec589bb3dfd82ba0,0xb0618c6d725d8199087be1cc063e1b16bf04f590e4eae24b2deb479c797806c5
206,1000,0.05,0x009a12d4290630bc01fd82516ac57c1dc6a9bcfb,2017-10-20T16:38:20.000Z,0.00005,0x009a12d4290630bc01fd82516ac57c1dc6a9bcfb,sell,0x4355fc160f74328f9b383df2ec589bb3dfd82ba0,0xf22a5d8982422879097039de8aa728678379370f510baf0399a279f6cdb28baf
207,1500,0.075,0x009a12d4290630bc01fd82516ac57c1dc6a9bcfb,2017-10-20T16:38:20.000Z,0.00005,0x009a12d4290630bc01fd82516ac57c1dc6a9bcfb,sell,0x4355fc160f74328f9b383df2ec589bb3dfd82ba0,0x6b0f569e5b339252985a49aba7f68887146fd73d3dc9008ab0c193cbdd34a3ff
208,7499,0.404946,0x7efe3973fa4e5544f0b8014eab9efdf5ee68c75d,2017-10-20T16:36:26.000Z,0.000054,0x009a12d4290630bc01fd82516ac57c1dc6a9bcfb,sell,0x4355fc160f74328f9b383df2ec589bb3dfd82ba0,0x13481b80db6b4fc0be611f8352f3b2b884e8c4030973dce69f9cf5f5502a7fb1
209,1652.393,0.0981521442,0x2137f7e873d547e542384128d92c1d834735f65e,2017-10-20T15:52:16.000Z,0.0000594,0xad5b3fbc469313e21efe4117627a658424091b0a,buy,0x4355fc160f74328f9b383df2ec589bb3dfd82ba0,0x0ff5a7158f62c9da7f1e0d10cf2f4ae317abb51d55c419d03c3f664508ff2b13
210,1000,0.05425,0x4be7bced82b314ad60dc69274a75757e7d5d93a3,2017-10-20T15:07:40.000Z,0.00005425,0x4986976d980192879008b0d4d88ab028069a0a41,sell,0x4355fc160f74328f9b383df2ec589bb3dfd82ba0,0x3016b1fca77771524e9a471676150e1c28ed6707c86f0023622975f23c90d5b9
211,0.7051303192743722,0.000031836633915237,0x99e5779821a6d29c70b813113d584383c6ec3541,2017-10-20T05:50:51.000Z,0.00004514999999999871,0x1d80982502f3bb75654df13aa32bbd5ac9cab7d6,sell,0x4355fc160f74328f9b383df2ec589bb3dfd82ba0,0x6019c22cdbd3340f3fec8fa09e398ad0eee1e02aaa779c5e1ff57a591a18a866
212,7073.162232641227,0.3193532748037514,0x99e5779821a6d29c70b813113d584383c6ec3541,2017-10-20T05:49:40.000Z,0.00004514999999999999,0x1d80982502f3bb75654df13aa32bbd5ac9cab7d6,sell,0x4355fc160f74328f9b383df2ec589bb3dfd82ba0,0xefd78183887e9404820e17cebbd52eee269a7db26b3db9fc125f1d78f95590d4
213,6556.801714674763,0.3281679258194719,0x5e9e4b86671d2ded880fbb914341c658ec7423a8,2017-10-20T05:48:33.000Z,0.00005004999999999999,0x1d80982502f3bb75654df13aa32bbd5ac9cab7d6,sell,0x4355fc160f74328f9b383df2ec589bb3dfd82ba0,0x5d929284d746e4450bb83f5632ca0319081011d6efc2ea1e00297dddb0711bce
214,173.761,0.0093309657,0x0b78f40529badd274ed9e54a529afa9d2ef96ff8,2017-10-20T05:48:30.000Z,0.0000537,0x1d80982502f3bb75654df13aa32bbd5ac9cab7d6,sell,0x4355fc160f74328f9b383df2ec589bb3dfd82ba0,0xf33ee5e1e13f9abbd5f8e2250e30422d2c6ba009111a6a80adfcbd4cb2d4a41f
215,5000,0.25075,0x99e5779821a6d29c70b813113d584383c6ec3541,2017-10-20T05:47:58.000Z,0.00005015,0x1d80982502f3bb75654df13aa32bbd5ac9cab7d6,sell,0x4355fc160f74328f9b383df2ec589bb3dfd82ba0,0xd5e295cc9907b8cd93b7053915de40c85101420eb7ceae125ef7e1c38c9c2ab0
216,5000,0.2575,0x21b2ec62e93954074cde69ae0ccb2faa65f66075,2017-10-20T05:47:41.000Z,0.0000515,0x1d80982502f3bb75654df13aa32bbd5ac9cab7d6,sell,0x4355fc160f74328f9b383df2ec589bb3dfd82ba0,0x48d56aa458aa1dc4e478288642f46984ba8a4e7188271fc7c9aca91481b6758e
217,5000,0.2625,0x21b2ec62e93954074cde69ae0ccb2faa65f66075,2017-10-20T05:47:31.000Z,0.0000525,0x1d80982502f3bb75654df13aa32bbd5ac9cab7d6,sell,0x4355fc160f74328f9b383df2ec589bb3dfd82ba0,0x758eefc30d944431bd59b9fe47b1704634d5e670ad9ac47c1e8af4ccd6cfd898
218,2000,0.10902,0x326efcafc310081c2d44583dc4742c085e94c6e6,2017-10-20T05:47:23.000Z,0.00005451,0x1d80982502f3bb75654df13aa32bbd5ac9cab7d6,sell,0x4355fc160f74328f9b383df2ec589bb3dfd82ba0,0xcac14dd5b113a1de173cf16fd42511b5b9ab87c3901c027cbc86ab61b02a6816
219,1996.1979677156505,0.10979088822436077,0x1b265160f0cea50a34405cd2e187c49f0bab5d61,2017-10-20T05:47:20.000Z,0.00005499999999999999,0x1d80982502f3bb75654df13aa32bbd5ac9cab7d6,sell,0x4355fc160f74328f9b383df2ec589bb3dfd82ba0,0xfa3d75239f6122b93dc74d197dd77f6abdf763790e4573f7a347581784968078
220,1000,0.05501,0x99e5779821a6d29c70b813113d584383c6ec3541,2017-10-20T05:47:20.000Z,0.00005501,0x1d80982502f3bb75654df13aa32bbd5ac9cab7d6,sell,0x4355fc160f74328f9b383df2ec589bb3dfd82ba0,0x6a66028c176666c07b662006ad1aee426b0400ddc1d18cd52181b06544d163e3
221,25990,1.48143,0x006c8448192412fb70752214cb7ecc174d48f861,2017-10-20T05:46:58.000Z,0.000057,0x1d80982502f3bb75654df13aa32bbd5ac9cab7d6,sell,0x4355fc160f74328f9b383df2ec589bb3dfd82ba0,0xfc1b769ff16d7066d470cc4c31adbd54a3734a207082dd385b730aacb3a840df
222,10000,0.58011,0xed7f4d43a68a1353004159aa48fcf79e23b5b75f,2017-10-20T05:46:53.000Z,0.000058011,0x1d80982502f3bb75654df13aa32bbd5ac9cab7d6,sell,0x4355fc160f74328f9b383df2ec589bb3dfd82ba0,0x54524b23a080e4c1d0c32be7b4b82f0a3ed0f13cf46bacd20816821206da188f
223,9954.56,0.57737443456,0x009a12d4290630bc01fd82516ac57c1dc6a9bcfb,2017-10-20T01:18:40.000Z,0.000058001,0x25139e09ccbb2de58c4817467f7f8ad2b3fd23f3,buy,0x4355fc160f74328f9b383df2ec589bb3dfd82ba0,0xd8b15e92ac2159e0bcdc65af6f7a2cd247943d523cc9f48924bee39c5b80aa59
224,7975.276642408534,0.46257402053633734,0xed7f4d43a68a1353004159aa48fcf79e23b5b75f,2017-10-19T22:42:35.000Z,0.00005800099999999999,0xcefb4b76e0930f436c78f4b6d84fe4dc781a412c,sell,0x4355fc160f74328f9b383df2ec589bb3dfd82ba0,0x0c9e44ef8545bcb6df536f465c02a9e42356ff1b274bd234ec710bfa6274d1c4
225,10,0.00057,0x006c8448192412fb70752214cb7ecc174d48f861,2017-10-19T21:22:35.000Z,0.000057,0x0071c0b8671b6f88136bff11aaf8073a47756e00,sell,0x4355fc160f74328f9b383df2ec589bb3dfd82ba0,0xc507ec4ef788318b9ab989b6591d7db696aea2ff583ef4ea395e5b5b702c737c
226,81,0.0053298,0x1352fd7ae127f80f4142b2230dd4c3bb3a5b406c,2017-10-19T19:57:54.000Z,0.0000658,0xad5b3fbc469313e21efe4117627a658424091b0a,buy,0x4355fc160f74328f9b383df2ec589bb3dfd82ba0,0x5b2e88f811d9c811d00a4f5c639d466a6e51788b3092979a47bff402450460ec
227,21500,1.39535,0x9af723cdc53e63f40881631bd588df2833893246,2017-10-19T16:57:28.000Z,0.0000649,0x006c8448192412fb70752214cb7ecc174d48f861,buy,0x4355fc160f74328f9b383df2ec589bb3dfd82ba0,0x230c1d06c56261d2e74b58fd944cbb8a6fd10c2838d1791d354d58c554c4f30c
228,0.17966156280986365,0.000011857663145451,0xeff3a39b58edec5368f1c3ddc2fb1f3aa292aba4,2017-10-19T16:47:42.000Z,0.000066,0x34592af4cc480f4b965c2cbbc680583bae22c887,buy,0x4355fc160f74328f9b383df2ec589bb3dfd82ba0,0xc9805845d5cdb06afc0eeac3eff6bc93c749e9e511806a5ee9178f4f3cacba36
229,3485.266817927336,0.236559,0x045b4f21a31953f9a51f54124cf1d791dd030dc9,2017-10-19T16:41:11.000Z,0.000067874,0xad5b3fbc469313e21efe4117627a658424091b0a,buy,0x4355fc160f74328f9b383df2ec589bb3dfd82ba0,0x2a735e8eeca0625b2ea4bc2a050f74f0d933e7473b4b6eb8095f9156b5d99669
230,3485.266817927336,0.236559,0x045b4f21a31953f9a51f54124cf1d791dd030dc9,2017-10-19T16:41:01.000Z,0.000067874,0xad5b3fbc469313e21efe4117627a658424091b0a,buy,0x4355fc160f74328f9b383df2ec589bb3dfd82ba0,0x2a735e8eeca0625b2ea4bc2a050f74f0d933e7473b4b6eb8095f9156b5d99669
231,4820,0.31812,0x543984281c0210775291c0d2614d54f0599cbeb6,2017-10-19T16:11:52.000Z,0.000066,0x34592af4cc480f4b965c2cbbc680583bae22c887,buy,0x4355fc160f74328f9b383df2ec589bb3dfd82ba0,0xae08e3a7f9f89bce3ef9b1b00f556a3afa9da6a1d63544f162e21ddb28a2eba2
232,1090.363,0.0707645587,0x543984281c0210775291c0d2614d54f0599cbeb6,2017-10-19T16:06:30.000Z,0.0000649,0x006c8448192412fb70752214cb7ecc174d48f861,buy,0x4355fc160f74328f9b383df2ec589bb3dfd82ba0,0x75df84f2eea59196e4b6a5171a2ec0af95e7562c047fbff28f9889c96f9e86dd
233,2000,0.124,0xb46500aedd79cb162121caf5f143d711f0941037,2017-10-19T15:11:02.000Z,0.000062,0x4986976d980192879008b0d4d88ab028069a0a41,sell,0x4355fc160f74328f9b383df2ec589bb3dfd82ba0,0xad5a2c5c88c805728846b5b1dc730fc499c9ad295cc587fdb561450ce0a77a23
234,1484.6145612976497,0.08625610601139345,0x5a86ebf9a0e6f8181ed5143557f7b8ba89957fcc,2017-10-19T14:40:48.000Z,0.00005809999999999999,0x4986976d980192879008b0d4d88ab028069a0a41,sell,0x4355fc160f74328f9b383df2ec589bb3dfd82ba0,0xfe63c4883c3d1f89cf9691cc8aa44346f7a3691ab898d175c4241a45fc6fd992
235,2271.632937892533,0.13175471039776693,0x2a1af7cb7bc5c51cfd000f43e7f7a673a7ff0b37,2017-10-19T14:40:48.000Z,0.00005799999999999999,0x4986976d980192879008b0d4d88ab028069a0a41,sell,0x4355fc160f74328f9b383df2ec589bb3dfd82ba0,0xa7912720f764298e132c03fca5b51923e8a62be1a7adbf99b20d6e5007e49bc9
236,2000,0.118,0x5a86ebf9a0e6f8181ed5143557f7b8ba89957fcc,2017-10-19T14:39:23.000Z,0.000059,0x4986976d980192879008b0d4d88ab028069a0a41,sell,0x4355fc160f74328f9b383df2ec589bb3dfd82ba0,0xcf1d565da985983a209d2ad03370f1a17f9a5d6b2b36d9354bd0e096eb33101b
237,21500,1.29,0x006c8448192412fb70752214cb7ecc174d48f861,2017-10-19T14:38:03.000Z,0.00006,0x4986976d980192879008b0d4d88ab028069a0a41,sell,0x4355fc160f74328f9b383df2ec589bb3dfd82ba0,0x6fc63448332d9164ba211d1e348271781886dfe28c18b4976adfb585aaf994c5
238,5000,0.305,0x5a86ebf9a0e6f8181ed5143557f7b8ba89957fcc,2017-10-19T14:37:04.000Z,0.000061,0x4986976d980192879008b0d4d88ab028069a0a41,sell,0x4355fc160f74328f9b383df2ec589bb3dfd82ba0,0xe92696c97db12799e78ca99a448ed122534ae5772fe42e80e0ea4f105180a10f
239,1,0.000066,0x6cdea8e07bf82d7a07dbf36642d6e5be8623845c,2017-10-19T13:43:30.000Z,0.000066,0x34592af4cc480f4b965c2cbbc680583bae22c887,buy,0x4355fc160f74328f9b383df2ec589bb3dfd82ba0,0xe047e52f9319a1c24c5e7c628764cb2282e9f99de0e4a47fca6dee7450b30741
240,10985.015,0.725000004985,0x9778550d76b07ac9f5e57392f68ecdf6efc1774e,2017-10-19T13:37:42.000Z,0.000065999,0xed7f4d43a68a1353004159aa48fcf79e23b5b75f,buy,0x4355fc160f74328f9b383df2ec589bb3dfd82ba0,0x602ce325512a6d68cbd156e291bc10efe250d6b30b73f7586bc849c8f08ce26b
241,20000,1.32,0x9778550d76b07ac9f5e57392f68ecdf6efc1774e,2017-10-19T13:19:33.000Z,0.000066,0xbf923a3014c57a9c27c53a25eb94ac914e045ae2,buy,0x4355fc160f74328f9b383df2ec589bb3dfd82ba0,0xc768d673cd4c6506ab0724ea9d0156dea4c464ba99bf5b03c55d2eb3d0c15677
242,20000,1.298,0xa52a7e08300a8115ff5ca234b7bd962c7ad607ec,2017-10-19T13:11:06.000Z,0.0000649,0x006c8448192412fb70752214cb7ecc174d48f861,buy,0x4355fc160f74328f9b383df2ec589bb3dfd82ba0,0xf3eeff3afebeefb58a9c7c424ab4c33fcd0378a3f791acefae7a40c42724b660
243,20000,1.28,0xa52a7e08300a8115ff5ca234b7bd962c7ad607ec,2017-10-19T13:10:39.000Z,0.000064,0xbf923a3014c57a9c27c53a25eb94ac914e045ae2,buy,0x4355fc160f74328f9b383df2ec589bb3dfd82ba0,0xb29a98495a898b914bf1399e53357c5d52c4d9d544a06d5fb30126d795a8764c
244,20000,1.24,0x9778550d76b07ac9f5e57392f68ecdf6efc1774e,2017-10-19T13:08:37.000Z,0.000062,0xbf923a3014c57a9c27c53a25eb94ac914e045ae2,buy,0x4355fc160f74328f9b383df2ec589bb3dfd82ba0,0xe034655b74570e4c98caeb74da2c7d67c307ce40b704e85f47714fa264a8d030
245,3500,0.21,0x9778550d76b07ac9f5e57392f68ecdf6efc1774e,2017-10-19T13:08:37.000Z,0.00006,0xbf923a3014c57a9c27c53a25eb94ac914e045ae2,buy,0x4355fc160f74328f9b383df2ec589bb3dfd82ba0,0x54c0a0dd153cf9604a7203170131f896062c046f9d5eda54aedf367e17e2d7c6
246,16500,0.99,0x006c8448192412fb70752214cb7ecc174d48f861,2017-10-19T11:37:22.000Z,0.00006,0xbf923a3014c57a9c27c53a25eb94ac914e045ae2,buy,0x4355fc160f74328f9b383df2ec589bb3dfd82ba0,0x97d0accb3a5320e10e791a04ce282f9b61f142903c229bed55096e8668d58cbe
247,200,0.01162,0x5a86ebf9a0e6f8181ed5143557f7b8ba89957fcc,2017-10-19T09:03:45.000Z,0.0000581,0x02919eca2d40cee769646c57bd443c2ab59a43ec,buy,0x4355fc160f74328f9b383df2ec589bb3dfd82ba0,0xef2c3078e4b019d3251e1ae1c23b25c6898c44494235bb0e9e5cbe54fad5c1b8
248,6978.367062107467,0.40474528960223305,0x2a1af7cb7bc5c51cfd000f43e7f7a673a7ff0b37,2017-10-19T03:57:53.000Z,0.00005799999999999999,0x5557b21d19f17ea5225c76cb03327129278fd0f4,sell,0x4355fc160f74328f9b383df2ec589bb3dfd82ba0,0x526e8b239d511db7f5b555d45334ff545e89fac2875c27cb892aaba891b88bef
249,12000,0.7788,0x9778550d76b07ac9f5e57392f68ecdf6efc1774e,2017-10-18T20:53:21.000Z,0.0000649,0x006c8448192412fb70752214cb7ecc174d48f861,buy,0x4355fc160f74328f9b383df2ec589bb3dfd82ba0,0xaa0d31f6089531cdf7f9a02c6ae2a9e158d1440c8182b4da90b9317dc4554c91
250,3641.202272953843,0.2060920486491875,0x009a12d4290630bc01fd82516ac57c1dc6a9bcfb,2017-10-18T17:57:41.000Z,0.00005659999999999999,0x735a7e26787c5d20a868c62f102cd032510cd12c,sell,0x4355fc160f74328f9b383df2ec589bb3dfd82ba0,0x1dd7998fec06cc5db1a18073de7e2da6f475c7e2468898e16461431726e1052f
251,17670,1.00017501,0x554d82c9eb9599e2d18dd5fc2932585015028f3f,2017-10-18T17:57:02.000Z,0.000056603,0x735a7e26787c5d20a868c62f102cd032510cd12c,sell,0x4355fc160f74328f9b383df2ec589bb3dfd82ba0,0x69f5a448c0c3586b5ead26b6673715e1f29699a42e23f2dcbf042466d212521f
252,7466.8527564549895,0.4226238660153524,0x009a12d4290630bc01fd82516ac57c1dc6a9bcfb,2017-10-18T17:22:04.000Z,0.00005659999999999999,0x88a02c8dd5b55a1d1a0b9e602d6ed1056d978c08,sell,0x4355fc160f74328f9b383df2ec589bb3dfd82ba0,0x252b871f6e1b171b4b7d6127fa9fff14d8a7bc9dcad3dd55000659146c654ecd
253,1,0.000067875,0x3ac636ac5c3a2576156ac5f10066ca68abe0ad54,2017-10-18T16:46:28.000Z,0.000067875,0x00c0798c0df1e87069417e76b8ca4fa089d051f1,buy,0x4355fc160f74328f9b383df2ec589bb3dfd82ba0,0x612a5848225fd3f875d9942d70c94e36b540750706447aa692c7e567a6ddc911
254,20000,1.2,0x009a12d4290630bc01fd82516ac57c1dc6a9bcfb,2017-10-18T16:03:02.000Z,0.00006,0x24437235f35b7041e37d8f0545f0c58c30b98e32,buy,0x4355fc160f74328f9b383df2ec589bb3dfd82ba0,0x7b37fca644ab26d35b37f849ee7bfda40ca6b34b13640e024a47321b1157cd63
255,11707.908659418687,0.6614968392571559,0xf95208f47a17888fb46131511a11d7c63498759c,2017-10-18T15:59:21.000Z,0.00005649999999999999,0x4721823dbe6b7268b23d6a9a712ff87720b3783c,sell,0x4355fc160f74328f9b383df2ec589bb3dfd82ba0,0xee20988589ed75e4d2da55f06f30b1a9a7c1c139207ad96561a7880011ff2e29
256,9999.999,0.570009942999,0xed7f4d43a68a1353004159aa48fcf79e23b5b75f,2017-10-18T15:58:09.000Z,0.000057001,0x4721823dbe6b7268b23d6a9a712ff87720b3783c,sell,0x4355fc160f74328f9b383df2ec589bb3dfd82ba0,0x6b0ab3f291a058d3fc30acaeb9fac76d256caec98dc4a05b9271d28997121668
257,3021.7326288505633,0.17526049247333267,0x8e3b72e61ab133f768fe915d8112806a58eb2f25,2017-10-18T15:56:16.000Z,0.00005799999999999999,0x4721823dbe6b7268b23d6a9a712ff87720b3783c,sell,0x4355fc160f74328f9b383df2ec589bb3dfd82ba0,0x91d325ed943cbf55d47e84c7b3529192b064e59b63d584dfff8e24b1062d537e
258,65000,3.7765,0x009a12d4290630bc01fd82516ac57c1dc6a9bcfb,2017-10-18T15:54:37.000Z,0.0000581,0x4721823dbe6b7268b23d6a9a712ff87720b3783c,sell,0x4355fc160f74328f9b383df2ec589bb3dfd82ba0,0x5244521c579749ee798fe19bd135492ecf199134aa4d8e96df6c409ee76a4eb0
259,7.366591036332027,0.0005,0x379374d13077e8867ef31803c37baf9785a17c00,2017-10-18T15:22:01.000Z,0.000067874,0xad5b3fbc469313e21efe4117627a658424091b0a,buy,0x4355fc160f74328f9b383df2ec589bb3dfd82ba0,0x082c1c828549e071a165dbea816eb13ca353cb092dbc3079d9bf0bf8fbfd3d82
260,7.366591036332027,0.0005,0xf9695cd65d6dfdf257fab76a3eb0cb8f001971cc,2017-10-18T15:20:26.000Z,0.000067874,0xad5b3fbc469313e21efe4117627a658424091b0a,buy,0x4355fc160f74328f9b383df2ec589bb3dfd82ba0,0xfb5b32a12c5d94db7266e4dfa2c9241e0d8fb3e6cfeccb13b72acaa4e00e5a83
261,6978.267371149437,0.4047395075266673,0x8e3b72e61ab133f768fe915d8112806a58eb2f25,2017-10-18T14:00:46.000Z,0.00005799999999999999,0xc419aaf9bccf716857f590dc029b7bbef339194a,sell,0x4355fc160f74328f9b383df2ec589bb3dfd82ba0,0x279def17e8ca2a8d8eb0d3bec6ef9cb4aedeb33d6a6968e0b4729df8209fef78
262,555.7374138006408,0.03889828454156205,0x26441b4f9aaff10131becf1946663895ec06afdc,2017-10-18T09:31:10.000Z,0.000069994,0xad5b3fbc469313e21efe4117627a658424091b0a,buy,0x4355fc160f74328f9b383df2ec589bb3dfd82ba0,0x804df434207d905d60b5ac10602ee3b4c2adc57c8c89c69eb2a32b5ee2bfb577
263,0.000737129483024658,0.000000042017117661,0xed7f4d43a68a1353004159aa48fcf79e23b5b75f,2017-10-18T09:19:12.000Z,0.0000570009999987946,0x5a90b11f3f6cbfd2984c434db09c03e3a5475228,sell,0x4355fc160f74328f9b383df2ec589bb3dfd82ba0,0x82f5106b351758481b63831bf072e18a32c437c4dc8528cc8f5e86c7e310b888
264,2695.7959341224714,0.1886922364089024,0x26441b4f9aaff10131becf1946663895ec06afdc,2017-10-18T08:29:04.000Z,0.000069995,0xed7f4d43a68a1353004159aa48fcf79e23b5b75f,buy,0x4355fc160f74328f9b383df2ec589bb3dfd82ba0,0x7745cd5178be109f103b0c68f4f72f609b33b906de59866b326620b3e740b203
265,49750.772604924736,2.7163921842288903,0x009a12d4290630bc01fd82516ac57c1dc6a9bcfb,2017-10-18T02:52:56.000Z,0.00005459999999999999,0x47d727e765eb89338171545bcee661c53e35c6b1,sell,0x4355fc160f74328f9b383df2ec589bb3dfd82ba0,0xca831319df32848a83030772be20659e7c18516ab34260c8652d5688c8496294
266,1319.1885553925083,0.09234187968892019,0xadddafd3f57fcd7f3d32e4e3e54628ae1c026d50,2017-10-18T02:27:04.000Z,0.000069999,0xed7f4d43a68a1353004159aa48fcf79e23b5b75f,buy,0x4355fc160f74328f9b383df2ec589bb3dfd82ba0,0x1e7b04715c17a8901f2f4fe7f49d240cdbd7f61bc542c9e68455c552c51e4497
267,3509,0.207031,0xad5b3fbc469313e21efe4117627a658424091b0a,2017-10-18T00:08:22.000Z,0.000059,0x7fccf060abf989d5675fa0a3dd7f5ee2a5945837,buy,0x4355fc160f74328f9b383df2ec589bb3dfd82ba0,0x79678e35d3cb41cb5f385183058e53b18fd9b67888898b85c930f242ebc0148e
268,36500,2.0002,0xde9816c2eddff1d26710053950380165e910916d,2017-10-17T20:26:56.000Z,0.0000548,0x735a7e26787c5d20a868c62f102cd032510cd12c,sell,0x4355fc160f74328f9b383df2ec589bb3dfd82ba0,0x1b13fc3c503ecc62078081431ef6126c009e945233c5af420f83e072ec11fbcb
269,5000,0.2735,0x99e5779821a6d29c70b813113d584383c6ec3541,2017-10-17T19:34:31.000Z,0.0000547,0x92a87f94067cd0f7b7f2bc0902162e7341056d88,sell,0x4355fc160f74328f9b383df2ec589bb3dfd82ba0,0xe002821c5aa86cfd3cbcb3a9964baabbcfe22e685a097c6533bc507c834bdb52
270,5000,0.273505,0xed7f4d43a68a1353004159aa48fcf79e23b5b75f,2017-10-17T19:19:32.000Z,0.000054701,0x735a7e26787c5d20a868c62f102cd032510cd12c,sell,0x4355fc160f74328f9b383df2ec589bb3dfd82ba0,0x0568947f6e75fd5fa1510ca14ffab92c6b1ace09212572576c85fa27f63e437f
271,7.6923076923076925,0.0005,0x16e5d97bbc92417e051e3b2cabfbf8ceea2acb9c,2017-10-17T18:03:42.000Z,0.000065,0x92a87f94067cd0f7b7f2bc0902162e7341056d88,buy,0x4355fc160f74328f9b383df2ec589bb3dfd82ba0,0x699237623e380e0f1c75da0495e432c09ddfd2462b720735fa94eb9ec0fdbfe8
272,2000,0.13,0x5a86ebf9a0e6f8181ed5143557f7b8ba89957fcc,2017-10-17T17:47:18.000Z,0.000065,0x92a87f94067cd0f7b7f2bc0902162e7341056d88,buy,0x4355fc160f74328f9b383df2ec589bb3dfd82ba0,0x80ab86d413e848e6ce8a649111869e8cb45133c187addb69f250ea5ca8ade8f1
273,1000,0.0547,0x5a86ebf9a0e6f8181ed5143557f7b8ba89957fcc,2017-10-17T14:58:12.000Z,0.0000547,0x009a12d4290630bc01fd82516ac57c1dc6a9bcfb,sell,0x4355fc160f74328f9b383df2ec589bb3dfd82ba0,0x55891772df9323d44bd4d0bb97c6100249ff2d52c4b6b68300b55080f8df5837
274,5000,0.325,0x5a86ebf9a0e6f8181ed5143557f7b8ba89957fcc,2017-10-17T14:50:55.000Z,0.000065,0x92a87f94067cd0f7b7f2bc0902162e7341056d88,buy,0x4355fc160f74328f9b383df2ec589bb3dfd82ba0,0x3f99371c180ff24189f143bf8a85e8613327f4c824d9f4ab97f669acc7aae3df
275,249.22739507526668,0.01360781577110956,0x009a12d4290630bc01fd82516ac57c1dc6a9bcfb,2017-10-17T14:42:47.000Z,0.00005459999999999999,0xb8c4d3c48fd783800efae55dfcef124e7b4f56c9,sell,0x4355fc160f74328f9b383df2ec589bb3dfd82ba0,0xc747b1782f5837e772fa81bdc65bc3becebf7cd4894920e4a024a24730aea4c8
276,1000,0.0541,0x5a86ebf9a0e6f8181ed5143557f7b8ba89957fcc,2017-10-17T13:34:14.000Z,0.0000541,0x92a87f94067cd0f7b7f2bc0902162e7341056d88,sell,0x4355fc160f74328f9b383df2ec589bb3dfd82ba0,0x8bd90581142edba62e1191175a5b0b993ca2f6deea6d085d0e86f1a562d1da28
277,2000,0.14,0x5a86ebf9a0e6f8181ed5143557f7b8ba89957fcc,2017-10-17T11:44:11.000Z,0.00007,0xbafb61b001411dfa1d48272ace43b76904afe0f9,buy,0x4355fc160f74328f9b383df2ec589bb3dfd82ba0,0x19fe13b0a1b6c97283ac89a6e704e6d38f3232c09f696f3dcb43acb1df024037
278,271.21512027002007,0.018985058418901406,0x229f58d5ff796eb6b9b4cfbadf74b18037389e64,2017-10-17T11:19:44.000Z,0.00007,0xbafb61b001411dfa1d48272ace43b76904afe0f9,buy,0x4355fc160f74328f9b383df2ec589bb3dfd82ba0,0xf983ec5f771c76768b3586eed72f7fc57073574e4d32b5265001dba9d79c2482
279,700,0.0489293,0x229f58d5ff796eb6b9b4cfbadf74b18037389e64,2017-10-17T11:17:13.000Z,0.000069899,0x488f18d46f9105ff554ab4a66874f3989a1a8783,buy,0x4355fc160f74328f9b383df2ec589bb3dfd82ba0,0xbe41fd65336d208a3bd86ea977502307f8b85eb7d4e7904c3ee0c1537b21ce62
280,10992.537,0.736499979,0x8bdb9d8c02e603f29010f4534d6cf1761b8cc58e,2017-10-17T07:20:34.000Z,0.000067,0x6742f656a2914cf8d0792b5d1ed8669e3da76692,buy,0x4355fc160f74328f9b383df2ec589bb3dfd82ba0,0xaf3996416d2bc5b0354932fd08d062fe33eb3750dd88b963f952f278bf6ac7bf
281,7.462686567164179,0.0005,0xcd912af5286dc0b0a23edb30209734ecb60838b3,2017-10-17T05:47:58.000Z,0.000067,0x6742f656a2914cf8d0792b5d1ed8669e3da76692,buy,0x4355fc160f74328f9b383df2ec589bb3dfd82ba0,0xaba810986ec390df7f48ac4f7d592554bb4bc15251aac2428a17a63ff75258dd
282,9045.199888556375,0.6060193473333887,0x543984281c0210775291c0d2614d54f0599cbeb6,2017-10-17T03:35:52.000Z,0.000066999,0xed7f4d43a68a1353004159aa48fcf79e23b5b75f,buy,0x4355fc160f74328f9b383df2ec589bb3dfd82ba0,0x7fb19cb4c67b1ffca625ebb3548dd18dc9d72d9c26c3a8ba8cf8a21979bebbb0
283,0.00000000000022388,0.000000000000000015,0xaca05e718db12a95d26dd12f4d3a747fe8183d16,2017-10-17T02:36:17.000Z,0.00006700017866714311,0x6742f656a2914cf8d0792b5d1ed8669e3da76692,buy,0x4355fc160f74328f9b383df2ec589bb3dfd82ba0,0xf91bf8975e08999f9e6348face1b8f3c91bbccfe92fecb381eead0285db28b80
284,0.000000002313467365,0.000000000000155,0xaca05e718db12a95d26dd12f4d3a747fe8183d16,2017-10-17T02:33:17.000Z,0.00006699900000534479,0xed7f4d43a68a1353004159aa48fcf79e23b5b75f,buy,0x4355fc160f74328f9b383df2ec589bb3dfd82ba0,0xb50a5182264b82a8b27c53898ff3f51e74c16a90a3d73ba214f2a51d72a65fa7
285,0.000023206397364139,0.000000001554805417,0xaca05e718db12a95d26dd12f4d3a747fe8183d16,2017-10-17T02:29:47.000Z,0.0000669990000000022,0xed7f4d43a68a1353004159aa48fcf79e23b5b75f,buy,0x4355fc160f74328f9b383df2ec589bb3dfd82ba0,0x6b05af184bc3dc914f3983da9f12e2f20cd73054d01256a8357cf288e33967c1
286,408.73292792343733,0.022071578107865617,0x2a1af7cb7bc5c51cfd000f43e7f7a673a7ff0b37,2017-10-17T02:02:46.000Z,0.00005399999999999999,0x823a04d9366f86de4bff926281058849eeab6a84,sell,0x4355fc160f74328f9b383df2ec589bb3dfd82ba0,0xcb22864f46df1cb59e443c0a02507ef8ea6d106eb29e5896a48733e715212dd4
287,108890.1818149354,5.771179636191576,0xc4f83678cf2e6d89fa31f2ca5126fe7ec1096eb6,2017-10-16T16:47:14.000Z,0.000053,0xdd59bf5187bf16216adbcb058307b8b3ad6ffb58,buy,0x4355fc160f74328f9b383df2ec589bb3dfd82ba0,0xaac799109817d3db55d507e8603b6186ecb287d3a0951b68301da7f15a26576d
288,2400,0.1272,0xc4f83678cf2e6d89fa31f2ca5126fe7ec1096eb6,2017-10-16T16:36:19.000Z,0.000053,0xdd59bf5187bf16216adbcb058307b8b3ad6ffb58,buy,0x4355fc160f74328f9b383df2ec589bb3dfd82ba0,0xa249f0e28bf211d6b08fa8f6b3fca81cf30fd42038e1be659cd50923f4cae6a8
289,14709.818185064603,0.7796203638084239,0xd2ea382e498316d91b9de8557670149b479721a0,2017-10-16T15:59:08.000Z,0.000053,0xdd59bf5187bf16216adbcb058307b8b3ad6ffb58,buy,0x4355fc160f74328f9b383df2ec589bb3dfd82ba0,0x74a632ec5d472ea5ebcc327397e4630c52d5cae2321aeeebc4db2304524eb196
290,14665.688730509408,0.7875621505170857,0x000b75fcdc15d41277deb033c72d2c8d774ccced,2017-10-16T15:59:08.000Z,0.00005370099999999999,0xd2ea382e498316d91b9de8557670149b479721a0,sell,0x4355fc160f74328f9b383df2ec589bb3dfd82ba0,0x74a632ec5d472ea5ebcc327397e4630c52d5cae2321aeeebc4db2304524eb196
291,0.266,0.000014284466,0x000b75fcdc15d41277deb033c72d2c8d774ccced,2017-10-16T14:27:51.000Z,0.000053701,0x523cbda2e24a884843be1f4fd5623d3b2549534d,sell,0x4355fc160f74328f9b383df2ec589bb3dfd82ba0,0x12d7cec77702442adbdf4ffee0f603530c29b735fc20aad26b41d638924849cb
292,96,0.005155296,0x000b75fcdc15d41277deb033c72d2c8d774ccced,2017-10-16T14:09:47.000Z,0.000053701,0x523cbda2e24a884843be1f4fd5623d3b2549534d,sell,0x4355fc160f74328f9b383df2ec589bb3dfd82ba0,0xe5b370a0c545e6b83878f76df75b06f16b1ab9df2da72ca4f5bdc41f5318b997
293,300,0.0161103,0x000b75fcdc15d41277deb033c72d2c8d774ccced,2017-10-16T14:07:58.000Z,0.000053701,0x523cbda2e24a884843be1f4fd5623d3b2549534d,sell,0x4355fc160f74328f9b383df2ec589bb3dfd82ba0,0x9a0529abb2ec507adf9babff7cf6b810ae44d44e965236dbe2fab156e45fd650
294,300,0.0161103,0x000b75fcdc15d41277deb033c72d2c8d774ccced,2017-10-16T14:03:47.000Z,0.000053701,0x523cbda2e24a884843be1f4fd5623d3b2549534d,sell,0x4355fc160f74328f9b383df2ec589bb3dfd82ba0,0x09eb05c907d7a093d5decc84af8cfb95e063ca2e4cd340d036ff4b8d80d39de9
295,300,0.01506,0xc4f83678cf2e6d89fa31f2ca5126fe7ec1096eb6,2017-10-16T14:01:03.000Z,0.0000502,0x523cbda2e24a884843be1f4fd5623d3b2549534d,sell,0x4355fc160f74328f9b383df2ec589bb3dfd82ba0,0xd4257b37e621c714ff78ef86033e9478a35b8b524fb13ab2c5e9589726b3abb3
296,954.8000881769173,0.06778985146047295,0x853af987f7a3c947836433e8912ef3135ca5a726,2017-10-16T09:50:07.000Z,0.000070999,0xed7f4d43a68a1353004159aa48fcf79e23b5b75f,buy,0x4355fc160f74328f9b383df2ec589bb3dfd82ba0,0x9ce9963b9d98373fa7e5fa216444d9742bbf36f87f0c7fdb3d3ca117a3ea5cd7
297,0.000000057995140776,0.000000000004117597,0x853af987f7a3c947836433e8912ef3135ca5a726,2017-10-16T09:30:08.000Z,0.00007099900000077206,0xed7f4d43a68a1353004159aa48fcf79e23b5b75f,buy,0x4355fc160f74328f9b383df2ec589bb3dfd82ba0,0x6e9e02e9a2a3ce6a869bc69f5772a45c03a0d272f21d97c0058bfd63a6819e46
298,29318.766776953144,1.5744470946891609,0x000b75fcdc15d41277deb033c72d2c8d774ccced,2017-10-16T07:20:46.000Z,0.00005370099999999999,0xf889c6747e91e8191d20571b3d6d920550082c46,sell,0x4355fc160f74328f9b383df2ec589bb3dfd82ba0,0x5ddd2593fc48c3e5f3592ff1a43fc2a78bb6a1ee0c65031731493074c10aa710
299,10000,0.53702,0xed7f4d43a68a1353004159aa48fcf79e23b5b75f,2017-10-16T07:14:40.000Z,0.000053702,0xf889c6747e91e8191d20571b3d6d920550082c46,sell,0x4355fc160f74328f9b383df2ec589bb3dfd82ba0,0x920f54c3988ea943fbee193834fbc12e1b3db9ff052bcd97ec5e5c14b53c7757
300,1103.144,0.075013792,0x379b8889187b631e5abe905d9ff9a6dc365be7de,2017-10-16T07:07:55.000Z,0.000068,0xf889c6747e91e8191d20571b3d6d920550082c46,sell,0x4355fc160f74328f9b383df2ec589bb3dfd82ba0,0x63bb26b9cbeec8cf74a2c362fc3e18b4f1f0894036430c3e246448f289c3d646
301,0.7505534532174964,0.000051037634818789,0x379b8889187b631e5abe905d9ff9a6dc365be7de,2017-10-16T07:00:08.000Z,0.00006799999999999898,0xd58e8d91c5880bed2faa1db8e6dbd7058860f667,sell,0x4355fc160f74328f9b383df2ec589bb3dfd82ba0,0x66e3c385daff94ce584062d253982620af08b2aa65129181c50c019ae3de1a5c
302,9982.961026658804,0.7177748978167681,0xb1190e1c02cc7db63072609b9da9dae5557f478a,2017-10-16T06:54:37.000Z,0.0000719,0xa86d6ff058c34b38aa35b2893f45a362de891242,buy,0x4355fc160f74328f9b383df2ec589bb3dfd82ba0,0x23c31835e0b81bf5921b1ffffbdfaec81b637c218773ea4bafadb641c068ede4
303,0.2169189158592748,0.000015596253131366,0xaca05e718db12a95d26dd12f4d3a747fe8183d16,2017-10-16T03:47:57.000Z,0.000071899,0xad5b3fbc469313e21efe4117627a658424091b0a,buy,0x4355fc160f74328f9b383df2ec589bb3dfd82ba0,0xf1769c2901f17a1ffdd303dab0108b4c52a2aaa1c1da0b3cdefb1a470ac16d07
304,1096.1050742697637,0.07453514505034393,0x379b8889187b631e5abe905d9ff9a6dc365be7de,2017-10-16T02:11:13.000Z,0.00006799999999999999,0x38449f7b41793eedc220eb6307a36ebd1ebb7fca,sell,0x4355fc160f74328f9b383df2ec589bb3dfd82ba0,0x3c3df595d44c03eda17a463b50af2879885a9d6c824b0471d8defd5f6079117e
305,2500,0.172495,0x1d352c25a0ca5c919c93bd845299b97b77d8d48f,2017-10-16T01:49:47.000Z,0.000068998,0xad5b3fbc469313e21efe4117627a658424091b0a,buy,0x4355fc160f74328f9b383df2ec589bb3dfd82ba0,0xcde4ae7da1e7fb326c94d5dc3000c4e9e11451b57acba0541fccf5519657271a
306,700,0.0475993,0x8909e1a4f31fc2214ea6c4a917268b833b00c000,2017-10-15T23:48:22.000Z,0.000067999,0x488f18d46f9105ff554ab4a66874f3989a1a8783,buy,0x4355fc160f74328f9b383df2ec589bb3dfd82ba0,0xfafd973c9c9774e12db56b2624c69ebda7ed8eface75d0d9f8d8bd1bd68111ea
307,6847.43495648974,0.4724524696929226,0x6e088ae7038c14f49b0a150845d70f4e1beb3e8e,2017-10-15T22:36:54.000Z,0.000068997,0xed7f4d43a68a1353004159aa48fcf79e23b5b75f,buy,0x4355fc160f74328f9b383df2ec589bb3dfd82ba0,0xf3b0d0e6817636cf35d5c0bb090914d9409941fdcaf86780c1abae8350fc5664
308,0.19378272002197885,0.00001040806989238,0x009a12d4290630bc01fd82516ac57c1dc6a9bcfb,2017-10-15T17:42:00.000Z,0.0000537099999999975,0xdaed9afb6a8d9bbfe92c621410236786cd919a96,sell,0x4355fc160f74328f9b383df2ec589bb3dfd82ba0,0x468e6c9171779a8bcf4666e4f9838dbe8f8891368e92abfba4a8c108afb4b81d
309,5275.149037982255,0.2832807784886851,0x000b75fcdc15d41277deb033c72d2c8d774ccced,2017-10-15T13:49:54.000Z,0.00005370099999999999,0x7421454326e3ee7a5c75d9df041dfcb1077fb402,sell,0x4355fc160f74328f9b383df2ec589bb3dfd82ba0,0x5c8af1ec96dd95dbf5379c24729ea3d569fbe3b93b9a8368fdcfef008455c9e5
310,7,0.000482993,0xad5b3fbc469313e21efe4117627a658424091b0a,2017-10-15T13:48:24.000Z,0.000068999,0xed7f4d43a68a1353004159aa48fcf79e23b5b75f,buy,0x4355fc160f74328f9b383df2ec589bb3dfd82ba0,0x999d79852f342b5ffa4c441a7e532f465791243362e227210fc5ebd84a3d7862
311,4997.78952462745,0.2504346850906141,0xeff3a39b58edec5368f1c3ddc2fb1f3aa292aba4,2017-10-15T10:55:24.000Z,0.00005010908999999999,0xa2c64c54e178b9d7917295cac960e94d3e54b1aa,sell,0x4355fc160f74328f9b383df2ec589bb3dfd82ba0,0x2a2d0373d22819e594f12130977f360f7160ed091d7467397f562c58ab444c60
312,6280.43066493869,0.31470666542817266,0xeff3a39b58edec5368f1c3ddc2fb1f3aa292aba4,2017-10-15T06:17:09.000Z,0.00005010908999999999,0xf5120f476b060d4985e72fe94b3837010724c167,sell,0x4355fc160f74328f9b383df2ec589bb3dfd82ba0,0xbce4473e1148e0226046c4439daa9ac722a37b9b3ce8396031264f7929456366
313,7683.099,0.53005700001,0x8bdb9d8c02e603f29010f4534d6cf1761b8cc58e,2017-10-15T03:26:10.000Z,0.00006899,0xb6471cd736266b5d2777775320f7d5e426877725,buy,0x4355fc160f74328f9b383df2ec589bb3dfd82ba0,0x9664787c2179a0fd0280b7ecf41b5221aef3fc61fc1edcfeefdcc20344735c2d
314,10000,0.5555,0x6742f656a2914cf8d0792b5d1ed8669e3da76692,2017-10-15T01:08:23.000Z,0.00005555,0xf56b7af915ecdc84873dbeeec9f5780771616e89,sell,0x4355fc160f74328f9b383df2ec589bb3dfd82ba0,0xefc6720640339f80f736bfb759e67b0c09834e747389df15753e6080d99709f3
315,2826.238660153524,0.15176901605024423,0x0b78f40529badd274ed9e54a529afa9d2ef96ff8,2017-10-14T22:25:10.000Z,0.00005369999999999999,0xfa63e4e5e89d328858f5c074259b8a303fc22c68,sell,0x4355fc160f74328f9b383df2ec589bb3dfd82ba0,0x932c5eebdef7dc4ecf28c40123697ec1f66a8e77769b51c460ca13fa2079cb08
316,2816.941,0.199999994059,0xf603b731c162b4a9a3ee71dc945b51eb8ebe8467,2017-10-14T21:59:51.000Z,0.000070999,0xed7f4d43a68a1353004159aa48fcf79e23b5b75f,buy,0x4355fc160f74328f9b383df2ec589bb3dfd82ba0,0xcd5f3a71f90c2ad4fb56f551887c8802d17175c27fd5b09cfc6515e0a631de49
317,2816.901,0.199999971,0xf603b731c162b4a9a3ee71dc945b51eb8ebe8467,2017-10-14T21:51:18.000Z,0.000071,0xb6471cd736266b5d2777775320f7d5e426877725,buy,0x4355fc160f74328f9b383df2ec589bb3dfd82ba0,0x3646c70ae2e63192ab150c5d64e57331fe7e1b59367ed1070dad844d69788a62
318,3000,0.1653,0x0b78f40529badd274ed9e54a529afa9d2ef96ff8,2017-10-14T19:38:27.000Z,0.0000551,0xd1cf8ee3d1f188261874dca3b3f673fe3e535af5,sell,0x4355fc160f74328f9b383df2ec589bb3dfd82ba0,0xa19c854022b59068d9cc7b693e705b712f607babf58d6239cd44bb9b93756378
319,7407.51059415811,0.44452471075542815,0xa86d6ff058c34b38aa35b2893f45a362de891242,2017-10-14T13:45:30.000Z,0.00006000999999999999,0x44f096e9190314bc851ee8c75a9024f42b1e0043,sell,0x4355fc160f74328f9b383df2ec589bb3dfd82ba0,0xa1763c0103dd25d0683a6bcdf9dca68dbd1ba1a492151e8cae801ef9d64345d0
320,330,0.019833,0x8764e6ebd6585c21051af37ef6c983344b81445f,2017-10-14T13:45:08.000Z,0.0000601,0x44f096e9190314bc851ee8c75a9024f42b1e0043,sell,0x4355fc160f74328f9b383df2ec589bb3dfd82ba0,0xe96fe5b209beac2b22f7aa56efee2c3f2b5c044e503e375aea239f7d3b0d56b9
321,10071.777,0.60430662,0x1006ecd6ec35d85a9d43cc12898369bfcee7f7ca,2017-10-14T13:45:08.000Z,0.00006,0x47d727e765eb89338171545bcee661c53e35c6b1,sell,0x4355fc160f74328f9b383df2ec589bb3dfd82ba0,0x7f950c9f36000a7af9a4988799bc70b26c7b6497c8c386748305274202a3ceca
322,673.4384637623367,0.04041304221037783,0xa86d6ff058c34b38aa35b2893f45a362de891242,2017-10-14T12:27:41.000Z,0.00006000999999999999,0xd3ed374c150911e2bb51b97f7773f72bb872ade0,sell,0x4355fc160f74328f9b383df2ec589bb3dfd82ba0,0x6f714612891b3f48c67ebcd86abce513d4f04e148e3194fa3bf3e26676b34d14
323,113.959,0.007533031777,0x1ca0d990324fd848b329f5aa433630ccf24a0dbc,2017-10-14T12:18:30.000Z,0.000066103,0xd3ed374c150911e2bb51b97f7773f72bb872ade0,sell,0x4355fc160f74328f9b383df2ec589bb3dfd82ba0,0xedf8b589afa2cacf6c4dc5b252a844e6fb223d666d420220ccec67f4c093933b
324,1919.0509420795534,0.115162247034194,0xa86d6ff058c34b38aa35b2893f45a362de891242,2017-10-14T11:18:13.000Z,0.00006000999999999999,0xbdff3d6506f8d50e8bad1e898c5c50bd2656d1ec,sell,0x4355fc160f74328f9b383df2ec589bb3dfd82ba0,0xd9d6e4292c3916569d61580a1d9754d8ff1bb6f22b285f8fcc318e2720081903
325,22220,1.5554,0x2e090560ce52850d05305d0ab04f132b3da70a47,2017-10-14T10:21:51.000Z,0.00007,0xe77463193a3ed5bf5350da6651aad24babde8123,buy,0x4355fc160f74328f9b383df2ec589bb3dfd82ba0,0x68fc35345465d91e197838fa163785a03e5c2321e50248cd933486020e8b953d
326,19928.222510218322,1.1956933506130993,0x1006ecd6ec35d85a9d43cc12898369bfcee7f7ca,2017-10-14T09:49:57.000Z,0.00005999999999999999,0x8e89b2958347df54ac8efe0a0183aa3c6aa9c66c,sell,0x4355fc160f74328f9b383df2ec589bb3dfd82ba0,0x36c370878d0c6c1e2675e7a521fa56eb6bc0ffcce3d3acca0b94d203b8916779
327,786,0.051956958,0x1ca0d990324fd848b329f5aa433630ccf24a0dbc,2017-10-14T09:24:43.000Z,0.000066103,0xaa231de57130612389ff76e44130a27f14dc486b,sell,0x4355fc160f74328f9b383df2ec589bb3dfd82ba0,0xc38229b037da2ece5b08533455ee9623b613da8589c3c2d2ab86ecabd4c803fe
328,1021.05,0.067899825,0x004b0024a719d4ab8f0266ead0cecab30c41f798,2017-10-14T09:21:39.000Z,0.0000665,0xaa231de57130612389ff76e44130a27f14dc486b,sell,0x4355fc160f74328f9b383df2ec589bb3dfd82ba0,0x6a0522fb2d584cb99bcadeccea2a256b7b495d531b1888b29605ced52c624412
329,17.5,0.0014,0x3d637225965f5ac26517513debb81dff5f79b3cc,2017-10-14T07:30:11.000Z,0.00008,0xad5b3fbc469313e21efe4117627a658424091b0a,sell,0x4355fc160f74328f9b383df2ec589bb3dfd82ba0,0xfaf9c666577912421f587706df9914c08fb333be562e4298ea099d4671ad22cf
330,905.11,0.06019162522,0x004b0024a719d4ab8f0266ead0cecab30c41f798,2017-10-14T02:21:20.000Z,0.000066502,0xb22b23e5e7d7c623aafb6c34c677872c5ebba247,sell,0x4355fc160f74328f9b383df2ec589bb3dfd82ba0,0xd281f2817702761f342bb59b347941810f08681a5792b6abd0e0ba87cf23a1e3
331,10000,0.665,0xa86d6ff058c34b38aa35b2893f45a362de891242,2017-10-14T02:15:57.000Z,0.0000665,0xb22b23e5e7d7c623aafb6c34c677872c5ebba247,sell,0x4355fc160f74328f9b383df2ec589bb3dfd82ba0,0xd5070d9c3103a8206d031cb8504302b850d713c8e16a63d32a11071d4eb8fbfb
332,5962.976,0.396543866976,0xed7f4d43a68a1353004159aa48fcf79e23b5b75f,2017-10-13T23:43:34.000Z,0.000066501,0xe24e1ddb84d7c685704427a7b408405210c53c18,sell,0x4355fc160f74328f9b383df2ec589bb3dfd82ba0,0x63d2e7aca17e2972e1ad87eeb5ddd81e17df55230e45a59d4f07780261925813
333,700,0.052164,0x04d5a4748ab863f26cfdd5d45a230c6e7da8818f,2017-10-13T23:16:51.000Z,0.00007452,0xed7f4d43a68a1353004159aa48fcf79e23b5b75f,sell,0x4355fc160f74328f9b383df2ec589bb3dfd82ba0,0xb704c2fd34eacb8c6b8925db32166d6959904c6aff54a9e53577838a1f2c34ac
334,4037.023580864426,0.2684661051510652,0xed7f4d43a68a1353004159aa48fcf79e23b5b75f,2017-10-13T23:06:34.000Z,0.00006650099999999999,0x6818bd375f2ab5311615907598b71e43e8499434,sell,0x4355fc160f74328f9b383df2ec589bb3dfd82ba0,0x8aae3d08ed300efc5c88d4492fd1394da2e2a6033cb254c539d4e31b69006ca3
335,7000,0.490777,0xe913c0f42fb60f85bd43bdddaf4e004135ef318c,2017-10-13T23:01:25.000Z,0.000070111,0x6818bd375f2ab5311615907598b71e43e8499434,sell,0x4355fc160f74328f9b383df2ec589bb3dfd82ba0,0x3821a54b6fe31f4fabe4b9557f0755fe3a8905ed3ca5ac6eb98ef0c3cd51079e
336,2920.699547392716,0.21765345097125258,0xc2249c3dd3c18167a6f65c0cd8e0eccb6a0e29ab,2017-10-13T23:00:59.000Z,0.00007452099999999999,0x6818bd375f2ab5311615907598b71e43e8499434,sell,0x4355fc160f74328f9b383df2ec589bb3dfd82ba0,0xcb1a8280f3ee42431ead4931832e730ee982f7470c00fa649c602eb3ae3136e2
337,7000,0.52164,0xc7ab123bb406ffe32647161b8703d44ddfd69616,2017-10-13T22:08:52.000Z,0.00007452,0x25810eb88d7e390d5849c1020f4ab523604b42dc,buy,0x4355fc160f74328f9b383df2ec589bb3dfd82ba0,0x7d521c1be59c5b69ac965423319541fd200c1652ca350a36ff59b006a1eeddbe
338,4334.549518830911,0.3230149646927984,0xc2249c3dd3c18167a6f65c0cd8e0eccb6a0e29ab,2017-10-13T17:42:25.000Z,0.00007452099999999999,0x18493651073519e2d31f61d75bcb8bf1f5487558,sell,0x4355fc160f74328f9b383df2ec589bb3dfd82ba0,0xde560d23a98281a8afd66ad0de38d1fed7fbc58643d8830dabadcb61c8ba6e84
339,0.000000004142773344,0.000000000000339707,0x35429650c452d9bf5e3a2d21660b7648b3f122d3,2017-10-13T16:19:19.000Z,0.00008199990001673623,0x1c46520c36bd667b9c5ee2dadc30dc62b42d59d3,buy,0x4355fc160f74328f9b383df2ec589bb3dfd82ba0,0xb6ae653b568543b2070447a3c12f43110f86288d8e0197b6af38cbdf5dbf6049
340,0.000041556138848949,0.00000000340759923,0x35429650c452d9bf5e3a2d21660b7648b3f122d3,2017-10-13T16:14:51.000Z,0.0000819999000000016,0x1c46520c36bd667b9c5ee2dadc30dc62b42d59d3,buy,0x4355fc160f74328f9b383df2ec589bb3dfd82ba0,0x7a55229995d71f1ee7b959c4f85e05e95e2bcf6f6de0b1678061c53a4ad0dd65
341,0.4168496287148887,0.000034181627869658,0x35429650c452d9bf5e3a2d21660b7648b3f122d3,2017-10-13T16:12:07.000Z,0.0000819999,0x1c46520c36bd667b9c5ee2dadc30dc62b42d59d3,buy,0x4355fc160f74328f9b383df2ec589bb3dfd82ba0,0xe70ed10f650290efe97a0b6d82ab940086294913fff665fd51a9da88dc50dea6
342,800,0.059624,0x04d5a4748ab863f26cfdd5d45a230c6e7da8818f,2017-10-13T15:15:13.000Z,0.00007453,0xad5b3fbc469313e21efe4117627a658424091b0a,sell,0x4355fc160f74328f9b383df2ec589bb3dfd82ba0,0xf538926799ef946433d1e6dd9907379c4e4cc11a9a287c9f19ca62ee5f6a60df
343,1880,0.145827652,0x287bb430d006914627be3a53b033d0d7b3c48ab8,2017-10-13T15:12:25.000Z,0.0000775679,0xad5b3fbc469313e21efe4117627a658424091b0a,sell,0x4355fc160f74328f9b383df2ec589bb3dfd82ba0,0x839557b94a133de48312207db41f94d8b5d391cd1cce8be58abb7594c09e4268
344,20,0.0016,0x3d637225965f5ac26517513debb81dff5f79b3cc,2017-10-13T15:11:40.000Z,0.00008,0xad5b3fbc469313e21efe4117627a658424091b0a,sell,0x4355fc160f74328f9b383df2ec589bb3dfd82ba0,0x64f5f945b7d1b9166ff4605bcbb0a22f35b47d306861bf07c3f0cbd6e224ffd0
345,3420.399409263958,0.25489158437775944,0xc2249c3dd3c18167a6f65c0cd8e0eccb6a0e29ab,2017-10-13T13:34:36.000Z,0.00007452099999999999,0xb9b8275f9a78612a13a9623502647dfab72fb95c,sell,0x4355fc160f74328f9b383df2ec589bb3dfd82ba0,0xf22ce139153fa6b6d68d40ab92cec61f3eb492c4b2cbc448a442815ef942d335
346,8699.314,0.700294777,0xe24e1ddb84d7c685704427a7b408405210c53c18,2017-10-13T13:27:18.000Z,0.0000805,0xb9b8275f9a78612a13a9623502647dfab72fb95c,sell,0x4355fc160f74328f9b383df2ec589bb3dfd82ba0,0xe42dbea83d95ea3f70a0acc9fe3ffcf82fb75ac80e6846bc4634f21fa7f44e5c
347,31800.6859669976,2.5599552203433067,0xe24e1ddb84d7c685704427a7b408405210c53c18,2017-10-13T12:59:00.000Z,0.00008049999999999999,0x00d877fda81126c2828ed22c2ad11bcf1790c01f,sell,0x4355fc160f74328f9b383df2ec589bb3dfd82ba0,0x5dafa145c988709bd4388eb2db3c939a69f6c7f69b21d9de7b5ae7fa7372223b
348,1,0.00008899,0x2af5c32c76ddd5be71c1e3f7d06d0b1a2d204cf2,2017-10-13T12:10:28.000Z,0.00008899,0xad5b3fbc469313e21efe4117627a658424091b0a,buy,0x4355fc160f74328f9b383df2ec589bb3dfd82ba0,0xe377816178e25b20ec6d172ba06ed792e78effe7ddbd3158f74878dd4f632697
349,0.00001,1,0x24d528b8530db22c0949f28fbbbd3c1cce771633,2017-10-13T10:19:34.000Z,100000,0x24d528b8530db22c0949f28fbbbd3c1cce771633,buy,0x4355fc160f74328f9b383df2ec589bb3dfd82ba0,0xa5b6aa01db14159c777131d3c2fb96feea6298291318db7deda7b838e9ed96ce
350,1,1,0x24d528b8530db22c0949f28fbbbd3c1cce771633,2017-10-13T10:03:52.000Z,1,0x24d528b8530db22c0949f28fbbbd3c1cce771633,buy,0x4355fc160f74328f9b383df2ec589bb3dfd82ba0,0x9f97700ca6f42121ae11cd98210fa98f5ef12af9455c0a5b66b827f7bb26982d
351,10000,0.9,0x1d80982502f3bb75654df13aa32bbd5ac9cab7d6,2017-10-13T06:18:03.000Z,0.00009,0xb9b8275f9a78612a13a9623502647dfab72fb95c,buy,0x4355fc160f74328f9b383df2ec589bb3dfd82ba0,0x863d154ee310ce05d82e22f68f297d4f42b66697cb52d8ef681c91dfe121c4f7
352,4000,0.352,0xe892148678f582e4b56fe9b379931e8df8b91967,2017-10-13T01:11:21.000Z,0.00008799999999999998,0xfe423f6b9b3aa093cc08831d9b106027f97e132e,sell,0x4355fc160f74328f9b383df2ec589bb3dfd82ba0,0x887aaf0818be8fea9b90e6ee76495bca770d7d8c99b2aee003fe7086d84b45d5
353,4012.036108324975,0.3289829488465396,0xfe423f6b9b3aa093cc08831d9b106027f97e132e,2017-10-13T01:11:21.000Z,0.000081999,0xed7f4d43a68a1353004159aa48fcf79e23b5b75f,buy,0x4355fc160f74328f9b383df2ec589bb3dfd82ba0,0x887aaf0818be8fea9b90e6ee76495bca770d7d8c99b2aee003fe7086d84b45d5
354,500,0.04025,0xe24e1ddb84d7c685704427a7b408405210c53c18,2017-10-12T23:54:20.000Z,0.0000805,0x38449f7b41793eedc220eb6307a36ebd1ebb7fca,sell,0x4355fc160f74328f9b383df2ec589bb3dfd82ba0,0x19de50c99f9b382dd200ec4065f499904462c9bb7903a2c3cc13c87e76473fba
355,7101,0.5766012,0xad5b3fbc469313e21efe4117627a658424091b0a,2017-10-12T23:17:05.000Z,0.0000812,0xaf25066fcd5a819f2940ade9c2673fbc51d734b3,sell,0x4355fc160f74328f9b383df2ec589bb3dfd82ba0,0x5dba3868da2a383c2e43c1662549ac0429aad2b3b6805934a7bccae20425e20b
356,399,0.0323988,0xad5b3fbc469313e21efe4117627a658424091b0a,2017-10-12T21:45:47.000Z,0.0000812,0x38449f7b41793eedc220eb6307a36ebd1ebb7fca,sell,0x4355fc160f74328f9b383df2ec589bb3dfd82ba0,0x518426cdfd40bdc027eee0c8f1fdaf19262c0f6c9d9043a047c96eb9e804eade
357,1000,0.082,0xe878cfb91829c39767b02ec2148bddf1d0db4d20,2017-10-12T20:02:56.000Z,0.000082,0x47d727e765eb89338171545bcee661c53e35c6b1,sell,0x4355fc160f74328f9b383df2ec589bb3dfd82ba0,0x96fd6b2118e855986b99eef95e77c418df55d80aead03e622ac34332bb060b01
358,2392.58299272256,0.1973880968996112,0x7a22ab5815179b307053f3e8cdafcac58baec1b0,2017-10-12T17:44:26.000Z,0.00008249999999999999,0x09d72b349dc8a0dbdc4c3ba4e3b75e09946e38cc,sell,0x4355fc160f74328f9b383df2ec589bb3dfd82ba0,0xba1f15616bd4565b17ba9b29fdb9e07db1a68d7c7278b449190fa8b65cb23dae
359,1200,0.1008,0x7a22ab5815179b307053f3e8cdafcac58baec1b0,2017-10-12T16:31:26.000Z,0.000084,0x47d727e765eb89338171545bcee661c53e35c6b1,sell,0x4355fc160f74328f9b383df2ec589bb3dfd82ba0,0x002f06ca123c673d773d5dcf2350066098e2f2ad7ec1a2c0d8891c8d15305db8
360,1.2845567038462293,0.000106618206419237,0x7a22ab5815179b307053f3e8cdafcac58baec1b0,2017-10-12T16:30:37.000Z,0.00008299999999999996,0x5d523157232b0a2416143c433ba38a1a4603e6ea,sell,0x4355fc160f74328f9b383df2ec589bb3dfd82ba0,0x8735dd374249528e414f1b96d2a0a477a5b978f60869a7935c59b7a4c659640a
361,250,0.0225,0xb8c4d3c48fd783800efae55dfcef124e7b4f56c9,2017-10-12T13:15:53.000Z,0.00009,0xb9b8275f9a78612a13a9623502647dfab72fb95c,buy,0x4355fc160f74328f9b383df2ec589bb3dfd82ba0,0xf1f1297343f0edebd588de8a5f2a7d12245b5446e00c279dc4e6076b72400b59
362,10000,0.85,0x1006ecd6ec35d85a9d43cc12898369bfcee7f7ca,2017-10-12T12:23:43.000Z,0.000085,0x47d727e765eb89338171545bcee661c53e35c6b1,sell,0x4355fc160f74328f9b383df2ec589bb3dfd82ba0,0xc3706fae7cc930fe771e90c435cf93845de4312fd52b40ed3faf21c1223d87f9
363,10000,0.85,0x1006ecd6ec35d85a9d43cc12898369bfcee7f7ca,2017-10-12T10:29:58.000Z,0.000085,0xb9b8275f9a78612a13a9623502647dfab72fb95c,sell,0x4355fc160f74328f9b383df2ec589bb3dfd82ba0,0x10a3461fd34c6c2fa4839d613462dae6c62f33ede503f53535fcd8ffe31686da
364,0.000454420061566897,0.000000041303602656,0x853af987f7a3c947836433e8912ef3135ca5a726,2017-10-12T06:41:56.000Z,0.00009089300000000007,0xed7f4d43a68a1353004159aa48fcf79e23b5b75f,buy,0x4355fc160f74328f9b383df2ec589bb3dfd82ba0,0x0f3b94f2a3f9291dd9614d24c9dc5458225c2900c61cdc30ccdd345bc15f5cf5
365,1844.5360359787053,0.14885590263951748,0xed7f4d43a68a1353004159aa48fcf79e23b5b75f,2017-10-12T02:34:47.000Z,0.00008070099999999999,0xd7e04ebc1a4b6b24ed5bac6709a0d3f919ae93f2,sell,0x4355fc160f74328f9b383df2ec589bb3dfd82ba0,0x6d8a0c7c19c706f07b418d7efd67d7f75dda1f8f9e381c3fb22d5d2359a6a5b4
366,550.085,0.049999976075,0xf603b731c162b4a9a3ee71dc945b51eb8ebe8467,2017-10-12T02:34:47.000Z,0.000090895,0x488f18d46f9105ff554ab4a66874f3989a1a8783,buy,0x4355fc160f74328f9b383df2ec589bb3dfd82ba0,0x8d61b0f2183bd0e2b653e833305e47191a61617b42ad5d26220f36b46da4112b
367,2540.976902391645,0.20505937699990814,0xed7f4d43a68a1353004159aa48fcf79e23b5b75f,2017-10-12T02:28:16.000Z,0.00008070099999999999,0xd7e04ebc1a4b6b24ed5bac6709a0d3f919ae93f2,sell,0x4355fc160f74328f9b383df2ec589bb3dfd82ba0,0x7432285649a2f1536e8ec8566cf62d1c644cdea920f8a0c9f886da97f52fcfb4
368,4999.9,0.4544559107,0x21b2ec62e93954074cde69ae0ccb2faa65f66075,2017-10-12T01:58:35.000Z,0.000090893,0xfe6d15ea4058459fcaac27a8d64fa6bde72434b3,buy,0x4355fc160f74328f9b383df2ec589bb3dfd82ba0,0x6228bc373c6215d81d8f232dde000ec4cad4b620d7bec2a1735ed23b3ca12404
369,5000,0.4035,0x009a12d4290630bc01fd82516ac57c1dc6a9bcfb,2017-10-12T01:43:33.000Z,0.0000807,0x9e92f848f811707bd7089406892b3f631a132ae9,sell,0x4355fc160f74328f9b383df2ec589bb3dfd82ba0,0xd411db4495bc62e934f694074a44b2a4f1eef1c964a39e3c81a36ca467223615
370,2599.611,0.236286442623,0x35429650c452d9bf5e3a2d21660b7648b3f122d3,2017-10-12T00:00:17.000Z,0.000090893,0xad5b3fbc469313e21efe4117627a658424091b0a,buy,0x4355fc160f74328f9b383df2ec589bb3dfd82ba0,0x998c4aa7a9212ed82e419e90577c6852f9c460b2c9679c02afcd90e3aeef4509
371,989.6355721515862,0.08995094605957413,0x35429650c452d9bf5e3a2d21660b7648b3f122d3,2017-10-11T23:54:55.000Z,0.000090893,0xad5b3fbc469313e21efe4117627a658424091b0a,buy,0x4355fc160f74328f9b383df2ec589bb3dfd82ba0,0x7df732e40cab35eb6862b96fe2595ea3602e86a07d0d5ae4889697af9f32a154
372,2990.72885953544,0.27140565327398164,0x35429650c452d9bf5e3a2d21660b7648b3f122d3,2017-10-11T23:52:36.000Z,0.000090749,0xed7f4d43a68a1353004159aa48fcf79e23b5b75f,buy,0x4355fc160f74328f9b383df2ec589bb3dfd82ba0,0xae36049c1685a82a2840b3d2c02bed708235a9557e823e6d5a3c91929c2a2ec8
