,amount,amountBase,buyer,date,price,seller,side,tokenAddr,txHash
0,817.0085654471139,0.46364419080558267,0x65f403f5ce12908bfa7d8089f54f097e8b686fae,2017-11-02T15:52:41.000Z,0.00056749,0x0eacc4ab348e8456051f094058dbbdb1653a4da5,sell,0xe41d2489571d322189246dafa5ebde1f4699f498,0x8464685cdc5fbd8552c7a0fe35f0bc27e9252ebeda5082914dea6f41b7410802
1,381.236,0.21730452,0x7e066bcf5c9236536000acc3bac774c270faf0e9,2017-11-02T15:49:21.000Z,0.00057,0x0eacc4ab348e8456051f094058dbbdb1653a4da5,sell,0xe41d2489571d322189246dafa5ebde1f4699f498,0x6276cdfadda17869870a982253e9decc00360dc82eb7044ecf9e06d211fc9756
2,381.236,0.21730452,0x7e066bcf5c9236536000acc3bac774c270faf0e9,2017-11-02T15:49:10.000Z,0.00057,0x0eacc4ab348e8456051f094058dbbdb1653a4da5,sell,0xe41d2489571d322189246dafa5ebde1f4699f498,0x6276cdfadda17869870a982253e9decc00360dc82eb7044ecf9e06d211fc9756
3,1693,0.9981928,0x8276767c9568abc2db6adec3c90b1bc80efcbae6,2017-11-02T15:41:45.000Z,0.0005896,0x0eacc4ab348e8456051f094058dbbdb1653a4da5,sell,0xe41d2489571d322189246dafa5ebde1f4699f498,0xf1028f8d37bef9b6407883b6bc1e3252c1b67a4c496246569369669cc983cfeb
4,2780,1.6402,0xfdd85661743d017ab15f7d7f9bbab1adfce7bddd,2017-11-02T15:35:12.000Z,0.00059,0xff2785eef607697b5fed88333a851d9add933625,buy,0xe41d2489571d322189246dafa5ebde1f4699f498,0x7f049b5cfa57f1ece9f21f2490a0c1a96e0d0124cb675e390596ea28fae99a0a
5,431.681575211505,0.25453801905243745,0xeef43fa1d6cc1be1231620cb62deaa3097e19c59,2017-11-02T15:05:24.000Z,0.000589643,0x3994b774754703e78b2f3e273cfd8978e7a984cb,buy,0xe41d2489571d322189246dafa5ebde1f4699f498,0x3163e983142b0989220cad37854c146c117b13828cd97daa98c8c0615576cba0
6,2835.9938318755953,1.672101963273851,0xeef43fa1d6cc1be1231620cb62deaa3097e19c59,2017-11-02T14:58:18.000Z,0.0005896,0xa4b5578e189cf16d2bc00738c5b54b39ff7c592a,buy,0xe41d2489571d322189246dafa5ebde1f4699f498,0xb8ecaebf86b0ba22c64f8dd248b18e8ec3a8d1c87bce795b60720d2df6cf7888
7,6725,3.96775,0xddd341ee582a3b4e1f833717c7ead9f86811458f,2017-11-02T14:47:14.000Z,0.00059,0xff2785eef607697b5fed88333a851d9add933625,buy,0xe41d2489571d322189246dafa5ebde1f4699f498,0x9c86c836efb052829a8154da4f2ebd88ccc3c32c3b9bc1986c8978b5f69dc39d
8,11000,6.49,0x2bbedafbb1723c0bc511b7401e492d002a8c881d,2017-11-02T14:40:22.000Z,0.00059,0xff2785eef607697b5fed88333a851d9add933625,buy,0xe41d2489571d322189246dafa5ebde1f4699f498,0xbd9d5f019a5eb0fff3d1d6061ee0421c7dbe0ebd393617ce5f31cd135010aa66
9,0.006168124404581071,0.000003636726148941,0x8276767c9568abc2db6adec3c90b1bc80efcbae6,2017-11-02T14:17:06.000Z,0.0005896000000000001,0xa4b5578e189cf16d2bc00738c5b54b39ff7c592a,buy,0xe41d2489571d322189246dafa5ebde1f4699f498,0x2f9652e07bd5174b419cc472ba7b21ff539ecf8a44d17e602c7655881a8bce3d
10,19.97643416405238,0.011386567473509857,0x7e066bcf5c9236536000acc3bac774c270faf0e9,2017-11-02T14:07:32.000Z,0.00057,0x3af666ba60c9fedb72ef25752de6009ea86525dd,sell,0xe41d2489571d322189246dafa5ebde1f4699f498,0xe9ab472cc9debede842476eb9a2a4879a77aa2e22c6912a858defc11a1ece84a
11,845.3501358458141,0.49845479015053334,0xa7a97ccac38c4140d364a88d0d48768c1423d0f8,2017-11-02T13:52:32.000Z,0.000589643,0x3994b774754703e78b2f3e273cfd8978e7a984cb,buy,0xe41d2489571d322189246dafa5ebde1f4699f498,0x3f8f54de95f013716c7ee7022679712a22c3f69a939cb8474b185a506d7d74e2
12,30.840471960042603,0.0181848684079354,0x3af666ba60c9fedb72ef25752de6009ea86525dd,2017-11-02T13:51:05.000Z,0.000589643,0x3994b774754703e78b2f3e273cfd8978e7a984cb,buy,0xe41d2489571d322189246dafa5ebde1f4699f498,0x3da00b1fe24fe2c56d6c72827eea7f552eda5c1989c826126efb75f0e1987c24
13,750,0.4395,0x6c723da0e2243be0d60a23801c00039b98ce35d6,2017-11-02T13:48:07.000Z,0.000586,0xe1debfa18c270d99a58d008d7f3624c25200d49d,buy,0xe41d2489571d322189246dafa5ebde1f4699f498,0xb75f3903f3af5c30364940756c4254ce31f8f5ae8a6e81aab3240e79f8db81cc
14,1199.178,0.70348578192,0x6c723da0e2243be0d60a23801c00039b98ce35d6,2017-11-02T13:48:07.000Z,0.00058664,0x65f403f5ce12908bfa7d8089f54f097e8b686fae,buy,0xe41d2489571d322189246dafa5ebde1f4699f498,0x9427ae005456e4bc22ee3d48046828618f2b536ca5647c342d701d2c4ed41823
15,537.248237165009,0.3062314951840551,0x7e066bcf5c9236536000acc3bac774c270faf0e9,2017-11-02T13:44:17.000Z,0.00057,0xff8fe6a8c9ed4efdc7e165dd97084300e059499b,sell,0xe41d2489571d322189246dafa5ebde1f4699f498,0xe01be611f7d2671ff14092298e8b283aa20785027942187fc418ffa3aa0d938d
16,874.22,0.5000013868,0x65f403f5ce12908bfa7d8089f54f097e8b686fae,2017-11-02T13:42:33.000Z,0.00057194,0xff8fe6a8c9ed4efdc7e165dd97084300e059499b,sell,0xe41d2489571d322189246dafa5ebde1f4699f498,0xbf467e745e8c11fa9eaad427530392bc2b0d4b6686892effa87f9764b6841e17
17,737.4798049963648,0.422575928262917,0x7e066bcf5c9236536000acc3bac774c270faf0e9,2017-11-02T13:42:12.000Z,0.0005729999999999999,0xff8fe6a8c9ed4efdc7e165dd97084300e059499b,sell,0xe41d2489571d322189246dafa5ebde1f4699f498,0x83481639080752e90eb28598a5b1e4a7986d3bf2c453fc60839d6a14ebd048eb
18,0.000573001,1.146002,0xa739accbf52137a7e9a7d277926d9fb423e3ca5d,2017-11-02T13:24:14.000Z,2000,0x422d7c1f2f04e7582163d1381a436516f4de3c2a,sell,0xe41d2489571d322189246dafa5ebde1f4699f498,0xb7a3d83297282ecf3cf3a714ed19ddcac916d9e2cb7175b068994c170f7a128a
19,0.000573001,1.146002,0xa739accbf52137a7e9a7d277926d9fb423e3ca5d,2017-11-02T13:24:14.000Z,2000,0x96373170538a83c7674ef92f41d195203a8abe09,sell,0xe41d2489571d322189246dafa5ebde1f4699f498,0x449985803d7bd84c675fa4dad3b75ee9c1c21a687e5a46d6eb8f7bc75b493886
20,0.000573001,1.146002,0xa739accbf52137a7e9a7d277926d9fb423e3ca5d,2017-11-02T13:22:50.000Z,2000,0x2af5c32c76ddd5be71c1e3f7d06d0b1a2d204cf2,sell,0xe41d2489571d322189246dafa5ebde1f4699f498,0x459774cbc50f9d1b725b0afb4601bbbe33d61bdcb28ff2fd569e82a26eb28d3d
21,45,0.026533935,0x74963c22f97a3ffe207f9e057e23e75d380a0d53,2017-11-02T13:17:33.000Z,0.000589643,0x3994b774754703e78b2f3e273cfd8978e7a984cb,buy,0xe41d2489571d322189246dafa5ebde1f4699f498,0x78df252d03ba169da0f0c50d8fa5530c72f21052425cd7ca3b4b13502fadd33a
22,0.45027586250145235,0.000265662758875856,0x8276767c9568abc2db6adec3c90b1bc80efcbae6,2017-11-02T12:57:42.000Z,0.000589999999999998,0x1e20dd2f2be5144e6be5f1b6cdb4c2fe132ab216,sell,0xe41d2489571d322189246dafa5ebde1f4699f498,0x695c54073f4b943ca010174f8df07e2d4d113109d59ae54c52bf2ae8d965d7fd
23,0.02992269175405709,0.000017654388134893,0x8276767c9568abc2db6adec3c90b1bc80efcbae6,2017-11-02T12:43:50.000Z,0.0005899999999999772,0x277df74d4864191f0ab715eb677b745a6b4e8ed3,sell,0xe41d2489571d322189246dafa5ebde1f4699f498,0xc581c6295ed168cbee67685622cad5931579c6eb089f73a4b3540fda4a723fe2
24,300.15452098494666,0.17198854052437443,0x7e066bcf5c9236536000acc3bac774c270faf0e9,2017-11-02T12:42:19.000Z,0.0005729999999999999,0x277df74d4864191f0ab715eb677b745a6b4e8ed3,sell,0xe41d2489571d322189246dafa5ebde1f4699f498,0xa812758c6d327980cc583678fd22e65d7197b7dda428d18e324ef2f18af7cb3c
25,4648.544289037948,2.7426411305323897,0x895837475a1652187d61cbe530ec66b1cb06c35b,2017-11-02T12:18:57.000Z,0.00059,0x6e5b0de0add71e1052b11abbfe6c433dd0466fb4,buy,0xe41d2489571d322189246dafa5ebde1f4699f498,0x34ec101fce1b2706c54f69e91b428cacb38a335a89642a5d3af87f24df869c07
26,347.1278169826383,0.2046814873890938,0x5b63be03d7fe0d911b0618b372f9298b48c0362e,2017-11-02T11:47:55.000Z,0.000589643,0x3994b774754703e78b2f3e273cfd8978e7a984cb,buy,0xe41d2489571d322189246dafa5ebde1f4699f498,0x6583910848884baa68af9760c2035b6e529c841b012f5752d24166396c54a23b
27,4061.539228391985,2.3150773601834316,0x7e066bcf5c9236536000acc3bac774c270faf0e9,2017-11-02T11:40:30.000Z,0.00057,0x8c2851e73334a54576feeb26f3f876ff9820ab40,sell,0xe41d2489571d322189246dafa5ebde1f4699f498,0xa9e87d6722e0485f7bd194057e90f1abbeb09ba0c20fafe440d5afb10e39a71e
28,537.3221975683077,0.3160690362756056,0x48c7bcc5f1fa4a06426461831ceeb373b0fe0b09,2017-11-02T11:34:16.000Z,0.00058823,0x65f403f5ce12908bfa7d8089f54f097e8b686fae,buy,0xe41d2489571d322189246dafa5ebde1f4699f498,0xbfcd10bb5ca0cef5f588587044c79896b3ab6946ef149d831b13969d9a10b80b
29,2238.75,1.3208625,0x8276767c9568abc2db6adec3c90b1bc80efcbae6,2017-11-02T11:25:14.000Z,0.00059,0x06f5057c2337fd2436f4814c4a314635f1b45a00,sell,0xe41d2489571d322189246dafa5ebde1f4699f498,0xec7fc99987b4bad22d43101595dafc9994a175f6b9bdbda13b8fabd383178a3a
30,2962.3656740186884,1.6974355312127085,0x7e066bcf5c9236536000acc3bac774c270faf0e9,2017-11-02T11:16:15.000Z,0.0005729999999999999,0xa83115d6fd45c9ba83389639ef4dd0f798e185cb,sell,0xe41d2489571d322189246dafa5ebde1f4699f498,0x16da4e1ae7611cb1e1592273b5ee0512c24ea60e7242347dc23da5793182e0f0
31,1344.5217311982587,0.7779402736713125,0xa3d7dedda551204ccb03bd79aa87824cc453b8de,2017-11-02T11:13:46.000Z,0.0005786,0xa83115d6fd45c9ba83389639ef4dd0f798e185cb,sell,0xe41d2489571d322189246dafa5ebde1f4699f498,0xe4e7e7ee6e0e76b533c8e25bcac30e25c6987e94e10afcf8ce6bd534ac321b93
32,2471.232,1.4301019584,0x1da172bb228518f94f7040b68f07a5af1b0e6aa8,2017-11-02T11:11:37.000Z,0.0005787,0xa83115d6fd45c9ba83389639ef4dd0f798e185cb,sell,0xe41d2489571d322189246dafa5ebde1f4699f498,0x8e0d762339bd7801129fd63349ba443c6dbf7b556f17211431a88d2937fa6834
33,5000,2.89355,0x7e066bcf5c9236536000acc3bac774c270faf0e9,2017-11-02T11:10:34.000Z,0.00057871,0xa83115d6fd45c9ba83389639ef4dd0f798e185cb,sell,0xe41d2489571d322189246dafa5ebde1f4699f498,0x1cccc48cb332f3764d49490ce3353437cee70fd19fa31fb789f6cc444ec27594
34,238.76796736715724,0.13817502271537388,0x1da172bb228518f94f7040b68f07a5af1b0e6aa8,2017-11-02T10:09:18.000Z,0.0005787,0x62f91c944c8ea3eed07935bb926eccf5d4a460de,sell,0xe41d2489571d322189246dafa5ebde1f4699f498,0xd70e44b40eaef3958982bd8ffbb315a1b7a18953deecb5ac10d3620cc83a92e9
35,862.28,0.5000016808,0x65f403f5ce12908bfa7d8089f54f097e8b686fae,2017-11-02T10:06:34.000Z,0.00057986,0x62f91c944c8ea3eed07935bb926eccf5d4a460de,sell,0xe41d2489571d322189246dafa5ebde1f4699f498,0xad6db1c41111862b264c1f46c49ccdafe9c975d87d51af032e4613fa1e365dd6
36,205.36,0.120299888,0x42b6a4341631c0cd294766388b0ff46b72205d0e,2017-11-02T09:47:36.000Z,0.0005858,0x62f91c944c8ea3eed07935bb926eccf5d4a460de,sell,0xe41d2489571d322189246dafa5ebde1f4699f498,0xa78e4629ed7caddbc145660cd3ae602dc59b280eaf947ace4647595c0e40898a
37,99.34243079068605,0.058612034166504776,0x51f2ad62552c62c7f888acf5ff89d6d9496cd0ab,2017-11-02T09:47:36.000Z,0.00059,0x6e5b0de0add71e1052b11abbfe6c433dd0466fb4,buy,0xe41d2489571d322189246dafa5ebde1f4699f498,0x213dd37371751acab0c671e15228ac75af4e318504d01a4d89d0ff74ba8b594c
38,186.09065995414215,0.10901190860113648,0x42b6a4341631c0cd294766388b0ff46b72205d0e,2017-11-02T09:45:01.000Z,0.0005858,0x62f91c944c8ea3eed07935bb926eccf5d4a460de,sell,0xe41d2489571d322189246dafa5ebde1f4699f498,0xb618268aaa0b890d721c89ce1cf6f13ddc4357e4aac20fce44500dd93d204db9
39,2578.216672612205,1.4917561667734218,0xa3d7dedda551204ccb03bd79aa87824cc453b8de,2017-11-02T09:17:47.000Z,0.0005786,0xa512be805118987a5874be8d2c49fd3db649e0dd,sell,0xe41d2489571d322189246dafa5ebde1f4699f498,0xfafdca58d1b0d02c7354362e087019b20093ab49f9b46f0410f6aba78b033bc0
40,625.4608825095598,0.36654634650766743,0x3994b774754703e78b2f3e273cfd8978e7a984cb,2017-11-02T09:16:42.000Z,0.0005860419999999999,0xa512be805118987a5874be8d2c49fd3db649e0dd,sell,0xe41d2489571d322189246dafa5ebde1f4699f498,0x6b782e985b3d03fe710ce201021be2b049a9af8fed62657a9e5e46e3a2a22f38
41,500,0.293,0x18e96886612735f0d509d139f304f108f79bc18c,2017-11-02T09:16:42.000Z,0.000586,0xa512be805118987a5874be8d2c49fd3db649e0dd,sell,0xe41d2489571d322189246dafa5ebde1f4699f498,0x8b8b037c3bafa4de54398140762a69f2e14cb0c2fda2ba61356a553ea3a15c0c
42,349.605,0.20627044605,0xa4dba416289b78f5d63726a041b4c346e3af103d,2017-11-02T09:16:26.000Z,0.00059001,0xa512be805118987a5874be8d2c49fd3db649e0dd,sell,0xe41d2489571d322189246dafa5ebde1f4699f498,0x4fc3fe09c5d32487f5dad6dc1cdd078829ba50e22c37778e6e73b7c558e616cc
43,2336.586,1.37858574,0xa90d767b38d34d0598f258ad8b12be73882c9a77,2017-11-02T09:07:54.000Z,0.00059,0xa512be805118987a5874be8d2c49fd3db649e0dd,sell,0xe41d2489571d322189246dafa5ebde1f4699f498,0xb820ee9ce2b028ecefea914760710c02128326a52de2c6b6378e5d5455199b43
44,25.394810821290914,0.014983192332669853,0xa4dba416289b78f5d63726a041b4c346e3af103d,2017-11-02T07:49:20.000Z,0.00059001,0xfc73413d8dcc28d271cde376835edf6690fa91a8,sell,0xe41d2489571d322189246dafa5ebde1f4699f498,0xc437808e05541971579aad7f186bc484334c1540340eee27db2cc14f65354c9b
45,163.41368877687188,0.0964140763783544,0xa90d767b38d34d0598f258ad8b12be73882c9a77,2017-11-02T07:07:07.000Z,0.00059,0x22400f0de8fbe2d9eb07cd19a7efc8c97250cdb0,sell,0xe41d2489571d322189246dafa5ebde1f4699f498,0x26d55e7e72761e6b85fbdeb1ce63791531589242603a5cc9e8a94d51e804660e
46,500,0.33495,0x84c2f4eeedd911667eb1833ecd0bfa74c0c46b9a,2017-11-02T06:04:29.000Z,0.0006699,0x47b64c800161cc82d81ca055a90ee5c5550ef11d,buy,0xe41d2489571d322189246dafa5ebde1f4699f498,0x31947c95d8caaf6c0b4a391a55d0969e3dacb5823db243c02bc2678947b446b3
47,1074.5391174904403,0.6297250534923325,0x3994b774754703e78b2f3e273cfd8978e7a984cb,2017-11-02T05:57:01.000Z,0.0005860419999999999,0x3a976fef9e8613b11f92dc9586e953d044b6bf52,sell,0xe41d2489571d322189246dafa5ebde1f4699f498,0x5798af30463f688cf8e7a1d9b909792663612a131e1e409a640385867ccd421b
48,1454.8444934216818,0.9020035859214427,0x8dc12a28948fadd7f334147a662f5e5a2c414a23,2017-11-02T05:09:58.000Z,0.00062,0x643e18779099cce9e832f7dfbf553102056dbb88,buy,0xe41d2489571d322189246dafa5ebde1f4699f498,0x7451f938d3d623772c4bcf22fc96f7420084b19ddf669b47c50cd9be7c625936
49,1000,0.666,0x70d692072e72e1b4b26b01be1541cb46af42d8cb,2017-11-02T04:42:41.000Z,0.000666,0x18e96886612735f0d509d139f304f108f79bc18c,buy,0xe41d2489571d322189246dafa5ebde1f4699f498,0xc228ab7190ac617c2c856018620836d466e34eb7c93b0f22b9b35334df598194
50,500,0.317,0x70d692072e72e1b4b26b01be1541cb46af42d8cb,2017-11-02T04:42:38.000Z,0.000634,0x18e96886612735f0d509d139f304f108f79bc18c,buy,0xe41d2489571d322189246dafa5ebde1f4699f498,0x06370e4a1a8c3498da74152607479263ad791c09a00b84ffe0bc9c4721de4b74
51,3000,2.00064,0xfeb8ff1446cd67a850c2ae3305168aa6057d4f4f,2017-11-02T04:30:49.000Z,0.00066688,0xbc0945c667fadc26b9bf39e586b15eeb901e7d1c,buy,0xe41d2489571d322189246dafa5ebde1f4699f498,0x2ecedc08f3fd92027fbc6c94ee4d06165f4c43eb281c198d0330c38af8e2cffb
52,1000,0.6267,0xfeb8ff1446cd67a850c2ae3305168aa6057d4f4f,2017-11-02T04:29:38.000Z,0.0006267,0x47b64c800161cc82d81ca055a90ee5c5550ef11d,buy,0xe41d2489571d322189246dafa5ebde1f4699f498,0x462d8f00962629396ae3eed17d2c0af9a74f60d1e60e33f14cf593b4e8baff0b
53,3050.932,1.9771869919199998,0xfeb8ff1446cd67a850c2ae3305168aa6057d4f4f,2017-11-02T04:28:41.000Z,0.00064806,0x06f5057c2337fd2436f4814c4a314635f1b45a00,buy,0xe41d2489571d322189246dafa5ebde1f4699f498,0x062895851a71c5decc3a41e53ab3de2e66c26a791d2986cb19aa89e4bf29cd53
54,4000,2.54,0xfeb8ff1446cd67a850c2ae3305168aa6057d4f4f,2017-11-02T04:28:30.000Z,0.000635,0x907ec7eeb64b4f11713fa3538cf74d5389785f60,buy,0xe41d2489571d322189246dafa5ebde1f4699f498,0x17e3edda790cc9fcdfb67a73939085cbf3e4e5463f2e17ff441940b5478b06b9
55,1800,1.147599,0xfeb8ff1446cd67a850c2ae3305168aa6057d4f4f,2017-11-02T04:28:30.000Z,0.000637555,0xbc0945c667fadc26b9bf39e586b15eeb901e7d1c,buy,0xe41d2489571d322189246dafa5ebde1f4699f498,0xd48b2224f516266219c49f50cc3eb6522e5b0a1719cd15b680f6b5bbdf5765ee
56,5000,3.133,0xfeb8ff1446cd67a850c2ae3305168aa6057d4f4f,2017-11-02T04:28:14.000Z,0.0006266,0x7880a04c87487f8257cf49ac1f4e0a54d169942c,buy,0xe41d2489571d322189246dafa5ebde1f4699f498,0xad89a907f13b8f11b1ff11683d077c90c9bb75a99efa6cea9609e4662d2ce604
57,0.000000000000011171,0.000000000000000007,0xfeb8ff1446cd67a850c2ae3305168aa6057d4f4f,2017-11-02T04:27:17.000Z,0.0006266225046996687,0x7880a04c87487f8257cf49ac1f4e0a54d169942c,buy,0xe41d2489571d322189246dafa5ebde1f4699f498,0xd592347f130476a784dd530050e4d603f293ea905a0a476d38cd6017d21ca438
58,10,0.006225,0x53d57a92bb6556e263e58b6bfb5c421bfb34e236,2017-11-02T03:40:48.000Z,0.0006225,0x7880a04c87487f8257cf49ac1f4e0a54d169942c,buy,0xe41d2489571d322189246dafa5ebde1f4699f498,0x95737253049a4a85696cb36eea7982f956db0317312b532a2d576c7ed0c4207e
59,1700,1.05825,0xf4524b1518816f4d0243a8cd9b18b109ab3d059c,2017-11-02T03:29:11.000Z,0.0006225,0x7880a04c87487f8257cf49ac1f4e0a54d169942c,buy,0xe41d2489571d322189246dafa5ebde1f4699f498,0xb3074fc591d1f2d0d0da1b0ab586f44e62b4cd8c1b731dc43c522b8e1f5400de
60,59.60841890140554,0.03493053347622365,0x335c0552eb130f3dfbe6efcb4d2895aed1e9938b,2017-11-02T03:11:42.000Z,0.0005859999999999999,0xc97c57f3821ccc07ccbab56c9f1fe0ef8f5dc108,sell,0xe41d2489571d322189246dafa5ebde1f4699f498,0x48586d89e362297cf1968595218125be5e8c4d766a8c25f7a05a9e97c259f1c5
61,7.265000000000098,0.004522462500000061,0x55ba4f1fcfa9a53c4d559124d201a58609c413b3,2017-11-02T03:10:43.000Z,0.0006225,0xc97c57f3821ccc07ccbab56c9f1fe0ef8f5dc108,sell,0xe41d2489571d322189246dafa5ebde1f4699f498,0x1f908de64b44e955c4178ece82e84cb686fac29ed353c47c52978d8031f012de
62,1445.735,0.8999700374999999,0x55ba4f1fcfa9a53c4d559124d201a58609c413b3,2017-11-02T03:05:25.000Z,0.0006225,0x06f5057c2337fd2436f4814c4a314635f1b45a00,sell,0xe41d2489571d322189246dafa5ebde1f4699f498,0xcf42c156227fd82f8663a5402f0632506fa0c841cb044f8326882327a5076d0d
63,12959.824543913866,7.905492971787459,0x335c0552eb130f3dfbe6efcb4d2895aed1e9938b,2017-11-02T02:45:09.000Z,0.00061,0xa512be805118987a5874be8d2c49fd3db649e0dd,sell,0xe41d2489571d322189246dafa5ebde1f4699f498,0x404556d42459265b47a93018b7860948f6aee0bf0c56f3622e6b4db9ae27b855
64,331.77058507,0.2052465547477048,0x55ba4f1fcfa9a53c4d559124d201a58609c413b3,2017-11-02T02:41:14.000Z,0.00061864,0x65f403f5ce12908bfa7d8089f54f097e8b686fae,buy,0xe41d2489571d322189246dafa5ebde1f4699f498,0xb2d7b6f50a1e525efaba5c5e37fa5b1f092a0507b95924bd0c7344ec207372bd
65,38.13641493,0.0235927117322952,0xaffa298cfff078521fdc687f7a5523179df72bf1,2017-11-02T02:40:43.000Z,0.00061864,0x65f403f5ce12908bfa7d8089f54f097e8b686fae,buy,0xe41d2489571d322189246dafa5ebde1f4699f498,0x86e31c754bac78b605f4bea63f085e98287b649697756a3f6357939a5d82a3d4
66,36,0.02196,0xaffa298cfff078521fdc687f7a5523179df72bf1,2017-11-02T02:34:55.000Z,0.00061,0x03b367252e5d12f6248ae9a43730a941fb3937be,buy,0xe41d2489571d322189246dafa5ebde1f4699f498,0xa618d35cb08a9fc9d63fe680ae4bcb63fe04b26301907daa23dd1b8c3969c32a
67,2,0.001253198,0x036eafba7bbac262053be63d0a4326a98ce5a3c2,2017-11-02T01:13:35.000Z,0.000626599,0x5f2ce35dca6626c5c934fed00b0c1986156ee9ff,buy,0xe41d2489571d322189246dafa5ebde1f4699f498,0xf5d0230aa99f316674389a209af6febd0743d4b3537fe4ce11905de02732b711
68,1313.9093400458578,0.7696880913988635,0x42b6a4341631c0cd294766388b0ff46b72205d0e,2017-11-02T01:00:17.000Z,0.0005858,0x0a7a79954c9cccb1c38d115d23a32331bf61f60d,sell,0xe41d2489571d322189246dafa5ebde1f4699f498,0x749f525cf7e961f434d47ec1fb34c35e1d3f10f92cd65faeec365c203f6cdaa6
69,2000,1.17844,0x5f2ce35dca6626c5c934fed00b0c1986156ee9ff,2017-11-02T00:59:07.000Z,0.00058922,0x0a7a79954c9cccb1c38d115d23a32331bf61f60d,sell,0xe41d2489571d322189246dafa5ebde1f4699f498,0x94ac94398af454bac7d816c41d266e79bcf66d96164af65a951ce209ec0d8111
70,3056.847,1.801158446187,0x7624c2ee91e8faca7e82ac19342a94ba882a628a,2017-11-02T00:58:57.000Z,0.000589221,0x0a7a79954c9cccb1c38d115d23a32331bf61f60d,sell,0xe41d2489571d322189246dafa5ebde1f4699f498,0x1bd71b7ebe6c8642a8252e84993525a887d99c45d37bba0c231362fff2a5fbc5
71,2864.083105558272,1.7946344739428133,0xbd3f95d47c99abf0cec64c8aae47d5a2a8142d30,2017-11-02T00:34:26.000Z,0.0006266,0x7880a04c87487f8257cf49ac1f4e0a54d169942c,buy,0xe41d2489571d322189246dafa5ebde1f4699f498,0xfd61af7f136c5e5cf40b8bdf1097b6c064a982b5e6b18caad5cd1c00d93722bd
72,1,0.0006266,0xed2ca7381d82f8fb9bcc54ea6ab6526e35aece25,2017-11-02T00:28:39.000Z,0.0006266,0x7880a04c87487f8257cf49ac1f4e0a54d169942c,buy,0xe41d2489571d322189246dafa5ebde1f4699f498,0x6520a4af95c20ba140f55d8aff67e50f6967d59cba4ccc8f2f903e884aa844ef
73,1,0.0006266,0xe2b48b3dd0b33283b4802e63e65518f27e635054,2017-11-02T00:28:39.000Z,0.0006266,0x7880a04c87487f8257cf49ac1f4e0a54d169942c,buy,0xe41d2489571d322189246dafa5ebde1f4699f498,0xe3daab1c091fe7d9069607bc45e124d49027813a05727b8caed13e1a6df307f5
74,494.2700813600856,0.2896032203405827,0x7624c2ee91e8faca7e82ac19342a94ba882a628a,2017-11-02T00:28:39.000Z,0.000585921,0xb102be8c430b6a82f2a7af1317bfa67a782a0eec,sell,0xe41d2489571d322189246dafa5ebde1f4699f498,0x26c7a7b2f60e8b0d524c4f9c8bda85bca24698e237d6490b62d598be8e4b27e2
75,343.1861230186422,0.20218810437643306,0x65f403f5ce12908bfa7d8089f54f097e8b686fae,2017-11-01T23:49:02.000Z,0.00058915,0xb102be8c430b6a82f2a7af1317bfa67a782a0eec,sell,0xe41d2489571d322189246dafa5ebde1f4699f498,0x9f29d85561248a4cf4ddf8b9d07b191f8deb5af7118d17c67c1751169fba7c45
76,250,0.1525,0x1ac4a9ac7517b725b9fe1fa8323e0c15eda42fa1,2017-11-01T23:46:38.000Z,0.00061,0xb102be8c430b6a82f2a7af1317bfa67a782a0eec,sell,0xe41d2489571d322189246dafa5ebde1f4699f498,0xa4075340d80219180dac584abae73c2ca2bf44854f747681c7f0559c486dcdf7
77,430,0.2675675,0x33dec5ebf2c5775e179fdd81d28c70d87281c23d,2017-11-01T23:38:45.000Z,0.00062225,0x65f403f5ce12908bfa7d8089f54f097e8b686fae,buy,0xe41d2489571d322189246dafa5ebde1f4699f498,0xce8c07b119dd7031d21908f7f96c0487ff4b2c471643bf49453a0c463a0c63b5
78,110.6637766135123,0.06934745561485749,0x33dec5ebf2c5775e179fdd81d28c70d87281c23d,2017-11-01T23:37:43.000Z,0.00062665,0x3994b774754703e78b2f3e273cfd8978e7a984cb,buy,0xe41d2489571d322189246dafa5ebde1f4699f498,0xacaf4fed8ff8e13d8d51c0e1c10ad732be745708139e00bba24f7e1978d134ba
79,11.54,0.0071548,0x33dec5ebf2c5775e179fdd81d28c70d87281c23d,2017-11-01T23:36:14.000Z,0.00062,0xf01bddaf7a9dc5f7382a9385aba23d546ee8f5ff,buy,0xe41d2489571d322189246dafa5ebde1f4699f498,0x2cfefb0bfc79141330d4760a9cc7b766d126141f1d2efe645cf8c75db3cff5e6
80,448.6177395487689,0.28060590991035944,0x895837475a1652187d61cbe530ec66b1cb06c35b,2017-11-01T23:11:18.000Z,0.00062549,0x1da172bb228518f94f7040b68f07a5af1b0e6aa8,buy,0xe41d2489571d322189246dafa5ebde1f4699f498,0xa8c15d799dd8a6fa5ddb254cba3ad751db17d0f6a8e5b129ed84dbd1be5b5c8b
81,448.8834612700628,0.25999823848569437,0x7624c2ee91e8faca7e82ac19342a94ba882a628a,2017-11-01T22:52:35.000Z,0.0005792109999999999,0xeb1766ec75b40cf9ce25dc3de02ea591d0c07ab7,sell,0xe41d2489571d322189246dafa5ebde1f4699f498,0xb482dcebbccb6284579dedd6b4b461a99e6fabbe224fca2d3c4fbd1793185339
82,1500,0.938079,0x895837475a1652187d61cbe530ec66b1cb06c35b,2017-11-01T22:52:35.000Z,0.000625386,0x3994b774754703e78b2f3e273cfd8978e7a984cb,buy,0xe41d2489571d322189246dafa5ebde1f4699f498,0x6565a5e4d6357263ab2ac0545fd34b1a876e3f0b591f08bf39c4139e859200ec
83,500,0.3125,0x895837475a1652187d61cbe530ec66b1cb06c35b,2017-11-01T22:51:57.000Z,0.000625,0x18e96886612735f0d509d139f304f108f79bc18c,buy,0xe41d2489571d322189246dafa5ebde1f4699f498,0x14e5e5240bc5b6f5c2f55eacf1d5b465e6035da8e09b602b402e36c2612e40fd
84,2606,1.629682948,0x895837475a1652187d61cbe530ec66b1cb06c35b,2017-11-01T22:48:08.000Z,0.000625358,0x1da172bb228518f94f7040b68f07a5af1b0e6aa8,buy,0xe41d2489571d322189246dafa5ebde1f4699f498,0xfa3127c30719dc997dbd5e5519954fb5440d0955b7077148700b93be6e040578
85,11,0.00671,0xf01bddaf7a9dc5f7382a9385aba23d546ee8f5ff,2017-11-01T21:40:56.000Z,0.00061,0xca48b2cf4a8cb1a56ec0c0b88011a8d18395aab8,buy,0xe41d2489571d322189246dafa5ebde1f4699f498,0x2add180ab5b50f8bfc58b9790ccdf900237fb6aec53edc6e27b3a83e91edac13
86,50,0.031019,0xac01f02587b18b034716ea59e6d2a01ff0dd486e,2017-11-01T21:40:09.000Z,0.00062038,0x1da172bb228518f94f7040b68f07a5af1b0e6aa8,sell,0xe41d2489571d322189246dafa5ebde1f4699f498,0x722485cf1f6b03f602aee4ab16081cad6c899dd58628b9b19c8ccc52ac5f0225
87,498.45479015053337,0.2886053234971588,0x1da172bb228518f94f7040b68f07a5af1b0e6aa8,2017-11-01T21:33:22.000Z,0.000579,0x166e1f362539140a936366026e72761f0ff259c7,sell,0xe41d2489571d322189246dafa5ebde1f4699f498,0x49bdc2cf5e554257cc9d26bbc13ad419107ad42deb0c8f6542595d76c0e83e2d
88,100,0.061662,0x58057c958997be3cae93a3f174ec751e37a6357b,2017-11-01T20:19:47.000Z,0.00061662,0x65f403f5ce12908bfa7d8089f54f097e8b686fae,buy,0xe41d2489571d322189246dafa5ebde1f4699f498,0x40eb121caf80e31983cd9d404bac1bdfc9b7079127b1c44dd5dfbc38fe608444
89,300.93965608591566,0.1631393875641749,0x18e96886612735f0d509d139f304f108f79bc18c,2017-11-01T20:00:25.000Z,0.0005421,0x925cee94db30b232612b8a9c08b3dd8b4e40b00c,sell,0xe41d2489571d322189246dafa5ebde1f4699f498,0xfb2c7433adcd2f8b7f18cfd1246fc4c52c389ae25a59d99dc0aa130c0c0adebe
90,144.019,0.0811547065,0x953d1111662196af36e9d387c0f909e14111fa76,2017-11-01T19:59:03.000Z,0.0005635,0x925cee94db30b232612b8a9c08b3dd8b4e40b00c,sell,0xe41d2489571d322189246dafa5ebde1f4699f498,0x09d408eff804af104973907759781e592a45a2155ba2e19ac6997ac5ba5c61af
91,102.91,0.059543726,0xa3d7dedda551204ccb03bd79aa87824cc453b8de,2017-11-01T19:58:58.000Z,0.0005786,0x925cee94db30b232612b8a9c08b3dd8b4e40b00c,sell,0xe41d2489571d322189246dafa5ebde1f4699f498,0x665caf2b21189ad0c2b05d514e4f0a5c02d421884f02fe08cb79a0f736f59b60
92,100,0.05895,0x71f4632a7f8d9841fc9cbc2c69e1bde15462822d,2017-11-01T19:58:46.000Z,0.0005895,0x925cee94db30b232612b8a9c08b3dd8b4e40b00c,sell,0xe41d2489571d322189246dafa5ebde1f4699f498,0x55e78ec3cbc0c84d212fb0aeff8354a1560e3cb5abafb309b04c5eefac7904f8
93,46.667,0.0280002,0xd68fd748baf2c538a7e21ebd169e7ceeb2a04d2e,2017-11-01T19:58:35.000Z,0.0006,0x925cee94db30b232612b8a9c08b3dd8b4e40b00c,sell,0xe41d2489571d322189246dafa5ebde1f4699f498,0x929c0017b8bb99e81cb45748a9d16c65c6fe475c9d16f8223b6986a370bde073
94,3000,1.536,0x3ec0a413a32ebeef1db7ae3ba910a53af70f0242,2017-11-01T19:58:03.000Z,0.000512,0x925cee94db30b232612b8a9c08b3dd8b4e40b00c,sell,0xe41d2489571d322189246dafa5ebde1f4699f498,0xed9f1f9f1b12fecde72e295c5ba2d67d9fc1d8740f88f8e80370c79bc2061123
95,771.3495485945535,0.4365221365406297,0x06f5057c2337fd2436f4814c4a314635f1b45a00,2017-11-01T19:57:09.000Z,0.0005659199999999999,0x925cee94db30b232612b8a9c08b3dd8b4e40b00c,sell,0xe41d2489571d322189246dafa5ebde1f4699f498,0xf8a2a74eecaf78f05d10c80e51b22e7572cbcf29755bece10633302bdb7b7ab6
96,64.43070939914219,0.03943159415227502,0x3ec0a413a32ebeef1db7ae3ba910a53af70f0242,2017-11-01T19:57:09.000Z,0.000612,0x925cee94db30b232612b8a9c08b3dd8b4e40b00c,sell,0xe41d2489571d322189246dafa5ebde1f4699f498,0xbfe7bea27b4591e8110436a0f028d5ae956a06743138b45a823cdd0f54c57078
97,35500,18.815,0x739c5f6d73d483705a08f9a52c7cd61c7933573e,2017-11-01T19:55:20.000Z,0.00053,0x925cee94db30b232612b8a9c08b3dd8b4e40b00c,sell,0xe41d2489571d322189246dafa5ebde1f4699f498,0x95e5ca8a1281a27c32e0df48efcc04e2047308664c4da10afbca111768718c46
98,2500,1.35525,0x3dee4a4e076e8d82859d241db0baf46f112cfa23,2017-11-01T19:50:53.000Z,0.0005421,0x925cee94db30b232612b8a9c08b3dd8b4e40b00c,sell,0xe41d2489571d322189246dafa5ebde1f4699f498,0x157cb6aae860a23b7bcd604de273560375ec1b85c0afbae8afbffe95430d6b53
99,53.616941988065484,0.03141791949674673,0x06f5057c2337fd2436f4814c4a314635f1b45a00,2017-11-01T19:44:52.000Z,0.00058597,0xcde70a8836702ebe6bfc9a12fd3f6907cfe4d4f6,sell,0xe41d2489571d322189246dafa5ebde1f4699f498,0x7b0b8fd2014768d0550b13090cbf414b3715a69842d57a45c328a9b5b74c5c50
100,631.127,0.379307327,0x1da172bb228518f94f7040b68f07a5af1b0e6aa8,2017-11-01T19:43:04.000Z,0.000601,0xcde70a8836702ebe6bfc9a12fd3f6907cfe4d4f6,sell,0xe41d2489571d322189246dafa5ebde1f4699f498,0x4a298b7bba1b7634c79ccdb8e86b2167f06824713b67daaf062bb4ad3d75dbe1
101,1500,0.912,0x3ec0a413a32ebeef1db7ae3ba910a53af70f0242,2017-11-01T19:41:31.000Z,0.000608,0xcde70a8836702ebe6bfc9a12fd3f6907cfe4d4f6,sell,0xe41d2489571d322189246dafa5ebde1f4699f498,0x3f2e3bc5b9e7fa6e59bcc0c39cf7dd8058111b2d945dc2449b5e423bf2a0a0b9
102,676.3898745887748,0.41471018907749335,0x3994b774754703e78b2f3e273cfd8978e7a984cb,2017-11-01T19:41:31.000Z,0.000613123,0x925cee94db30b232612b8a9c08b3dd8b4e40b00c,sell,0xe41d2489571d322189246dafa5ebde1f4699f498,0xe44d08b784bf12105f533eea70fbe36d0164f89b19fd0250ae3d14d95716bb80
103,2500,1.4402525,0x3ec0a413a32ebeef1db7ae3ba910a53af70f0242,2017-11-01T19:39:24.000Z,0.000576101,0xcde70a8836702ebe6bfc9a12fd3f6907cfe4d4f6,sell,0xe41d2489571d322189246dafa5ebde1f4699f498,0x7250299f7d2159b965d697665979b8bd0c08d363d1982994a6bb49c85c68efbc
104,31000,17.67,0x739c5f6d73d483705a08f9a52c7cd61c7933573e,2017-11-01T19:36:43.000Z,0.00057,0xcde70a8836702ebe6bfc9a12fd3f6907cfe4d4f6,sell,0xe41d2489571d322189246dafa5ebde1f4699f498,0x32c10152d66c7350de90ac59704e3d158243b8649a77815de013182fd6b2efb7
105,3638.784,2.13199993344,0x06f5057c2337fd2436f4814c4a314635f1b45a00,2017-11-01T19:35:15.000Z,0.00058591,0xcde70a8836702ebe6bfc9a12fd3f6907cfe4d4f6,sell,0xe41d2489571d322189246dafa5ebde1f4699f498,0xb637bb9d15c699dc75017abf582c26ad85c3803b97105db7f4a14c0dfbec6ba2
106,3.09,0.00190227816,0x3994b774754703e78b2f3e273cfd8978e7a984cb,2017-11-01T19:23:43.000Z,0.000615624,0x643e18779099cce9e832f7dfbf553102056dbb88,sell,0xe41d2489571d322189246dafa5ebde1f4699f498,0xec584523cd3cdb9332676c64a692cdc71da85d36a69edb228bcde79c38375821
107,935.5692906008578,0.572568405847725,0x3ec0a413a32ebeef1db7ae3ba910a53af70f0242,2017-11-01T19:23:28.000Z,0.000612,0xf9394642c64dde1b616bd58453bb24f455fc160d,sell,0xe41d2489571d322189246dafa5ebde1f4699f498,0xc47daf08283c43f89dfb19ecfc4d3f57a0379f5ecb534912ba2472dacb7267fb
108,5208.431861230187,3.1771434353504135,0xd68fd748baf2c538a7e21ebd169e7ceeb2a04d2e,2017-11-01T19:19:38.000Z,0.00061,0xf9394642c64dde1b616bd58453bb24f455fc160d,sell,0xe41d2489571d322189246dafa5ebde1f4699f498,0x059b3a628c9428a91b2939084bddd1b29953759afbeca84e1b977d6a35385b62
109,223.328,0.136927533344,0x3994b774754703e78b2f3e273cfd8978e7a984cb,2017-11-01T19:10:28.000Z,0.000613123,0x273a5d3e6721b9f5c1a6474f560c1334c63dda01,sell,0xe41d2489571d322189246dafa5ebde1f4699f498,0x41e94e579ea64a6261435959ebdfe833f6c705488226edcacfc293ece9b29b44
110,224,0.1344,0x273a5d3e6721b9f5c1a6474f560c1334c63dda01,2017-11-01T19:10:28.000Z,0.0006,0x7add1decc8a22741d9b83e5e8711fafc59956c23,buy,0xe41d2489571d322189246dafa5ebde1f4699f498,0x41e94e579ea64a6261435959ebdfe833f6c705488226edcacfc293ece9b29b44
111,100.2821254112252,0.06148527757850663,0x3994b774754703e78b2f3e273cfd8978e7a984cb,2017-11-01T18:27:02.000Z,0.000613123,0x3ab9e5252a79123adcb3ee2f35ad64c3ea8c5bf3,sell,0xe41d2489571d322189246dafa5ebde1f4699f498,0x4941ec97e1f97cbd6355354e6c898e9502ee20eee0cc9b91de688ce004fc3629
112,570,0.35739,0x229f58d5ff796eb6b9b4cfbadf74b18037389e64,2017-11-01T18:11:59.000Z,0.000627,0x643e18779099cce9e832f7dfbf553102056dbb88,buy,0xe41d2489571d322189246dafa5ebde1f4699f498,0x298eea65adb6e51decd07ee699ac097f75c6911fdb4e4cb0181b8704f1cc1af7
113,89.77175587911803,0.05494040436977611,0x84d7a3202156e57b98cf4685c5cda2a27bba1097,2017-11-01T17:52:56.000Z,0.0006120009999999999,0xacdb87aadc9544633facc6394a52a275db7a7bad,sell,0xe41d2489571d322189246dafa5ebde1f4699f498,0x0d4a9b7bfc842caf80f6a89ea85141aca6cea8e35772d16b96f5c28a742862ee
114,210.5085076580963,0.13209408855545543,0x84d7a3202156e57b98cf4685c5cda2a27bba1097,2017-11-01T17:39:40.000Z,0.0006275,0x907ec7eeb64b4f11713fa3538cf74d5389785f60,buy,0xe41d2489571d322189246dafa5ebde1f4699f498,0x0c179bae737ebb7e8b3365e6fbd52405c47bdfdbe263fed2b30302c5c4731672
115,150,0.09412485,0x84d7a3202156e57b98cf4685c5cda2a27bba1097,2017-11-01T17:39:25.000Z,0.000627499,0x006f11323d586ae28609e72d28f1d7f06ddead9e,buy,0xe41d2489571d322189246dafa5ebde1f4699f498,0x6fa177cf9faba6feb51259b6d806dd3588047b9813742cb6be784d53aee50b77
116,167,0.09022175,0x264e478eea740f5007023165457a3b511ababd98,2017-11-01T17:06:10.000Z,0.00054025,0xe1b6c5d167a0681ed2e3bb1a8c8983ea0da4b224,sell,0xe41d2489571d322189246dafa5ebde1f4699f498,0x95a9c11dc66526f663062be51d8865821f54f585dd91733ce3a5e54fdb929cbd
117,300,0.16803,0x18e96886612735f0d509d139f304f108f79bc18c,2017-11-01T17:02:32.000Z,0.0005601,0xe1b6c5d167a0681ed2e3bb1a8c8983ea0da4b224,sell,0xe41d2489571d322189246dafa5ebde1f4699f498,0xe61a2cef114e8fc45dce2e6008ef6015d6d207265211650afee2bda96042044b
118,94.35499674019424,0.05804002301481524,0x3994b774754703e78b2f3e273cfd8978e7a984cb,2017-11-01T17:01:11.000Z,0.000615124,0xe1b6c5d167a0681ed2e3bb1a8c8983ea0da4b224,sell,0xe41d2489571d322189246dafa5ebde1f4699f498,0xe7e1077d9a47e1651738a0c76cad3ab158ae9112a02ca0c8ccb8e497ede265b5
119,100,0.05831,0x71f4632a7f8d9841fc9cbc2c69e1bde15462822d,2017-11-01T17:01:11.000Z,0.0005831,0xe1b6c5d167a0681ed2e3bb1a8c8983ea0da4b224,sell,0xe41d2489571d322189246dafa5ebde1f4699f498,0x503fa117d7a1e6966c1771900d6aabed69a0864d1adb64ade434799a4281cf3b
120,292.82,0.17949866,0xd4bd0cb652ae556fb24a128cc552af07cd3d19f2,2017-11-01T16:57:27.000Z,0.000613,0xe1b6c5d167a0681ed2e3bb1a8c8983ea0da4b224,sell,0xe41d2489571d322189246dafa5ebde1f4699f498,0x47f226ec96034a0b1c64f787b3da95d3e01fec8b70067adc6a3dba3e267e5320
121,996.9095803010667,0.6137214634632638,0x3994b774754703e78b2f3e273cfd8978e7a984cb,2017-11-01T16:37:34.000Z,0.0006156239999999999,0xd17bc0dc5ac31ab5cbe30b36309fe845b69f66ab,sell,0xe41d2489571d322189246dafa5ebde1f4699f498,0xacd80bf1fd3ee4826c41e0b77625fc0fa029d15a4436c07b20a0e8e0bd680d8a
122,30,0.018825,0xa702c091023a4cd50a32ba96833cdc8e005b0191,2017-11-01T16:12:48.000Z,0.0006275,0x907ec7eeb64b4f11713fa3538cf74d5389785f60,buy,0xe41d2489571d322189246dafa5ebde1f4699f498,0xe0dcbcabe2bd679efeb4e86b84aa38ee00c366933260e9abcfdc7b2df52d6392
123,601.0295947815883,0.37684554991776,0x23c09abbc301e4bd6396548f5f6005ab345afb7e,2017-11-01T16:02:34.000Z,0.00062699999,0xba7e1694f3d7c47e93813aecca907c74999bafac,buy,0xe41d2489571d322189246dafa5ebde1f4699f498,0x883bd52d2da58c419988592d56131d8caaf0718e144149413f0c38877e04166c
124,999,0.626373,0x88afad68a8620a33a8fd756b6a73f26674396fa2,2017-11-01T16:02:20.000Z,0.000627,0xf34d9150d7647e0ce3c3af41a7a4ac643519e43f,buy,0xe41d2489571d322189246dafa5ebde1f4699f498,0x022d4ac5d25c2e8f189ca7b702c2ffcf184ef97ab624907d6ed7e868d4cf0e66
125,1042.9704052184115,0.65394243364224,0xe1fa699860444be91d366c21de8fef56e3dec77a,2017-11-01T16:01:17.000Z,0.00062699999,0xba7e1694f3d7c47e93813aecca907c74999bafac,buy,0xe41d2489571d322189246dafa5ebde1f4699f498,0x12c5c40a682d3f676f38fe8864b38d39af17ec34bac12fd65780ccb94a3ced3c
126,400,0.250799996,0xa8ebce443fddd76cc1ab018d96b4f5e3b629f1e6,2017-11-01T15:53:45.000Z,0.00062699999,0xba7e1694f3d7c47e93813aecca907c74999bafac,buy,0xe41d2489571d322189246dafa5ebde1f4699f498,0xba4d48be34fec07421a0280ad85bac3e515acd46e831e0a808f38ec3c6d61a9e
127,1,0.000627,0x422d7c1f2f04e7582163d1381a436516f4de3c2a,2017-11-01T15:30:07.000Z,0.000627,0xf34d9150d7647e0ce3c3af41a7a4ac643519e43f,buy,0xe41d2489571d322189246dafa5ebde1f4699f498,0x53d1a09f49a359486d501c6126bc64427c6f384a606c48153b18b9a6d73d65d3
128,2991.5681387698137,1.8248565646495862,0xd68fd748baf2c538a7e21ebd169e7ceeb2a04d2e,2017-11-01T15:11:19.000Z,0.00061,0xdeb58cbc9ef2397e780bd7045a5516c9b8e5d5f5,sell,0xe41d2489571d322189246dafa5ebde1f4699f498,0x56d4c4fae7904808506016f1ed422ddc8ba3691ca636bac89264342ec869b032
129,3000,1.8825,0x23c09abbc301e4bd6396548f5f6005ab345afb7e,2017-11-01T15:10:25.000Z,0.0006275,0x907ec7eeb64b4f11713fa3538cf74d5389785f60,buy,0xe41d2489571d322189246dafa5ebde1f4699f498,0x6c8f1b73daa1ea4c0d1ec03146ee1e2ab36bb043f6a83a3fb12dd1f24ff304f7
130,1759.4914923419037,1.1040809114445445,0x23c09abbc301e4bd6396548f5f6005ab345afb7e,2017-11-01T15:09:24.000Z,0.0006275,0x907ec7eeb64b4f11713fa3538cf74d5389785f60,buy,0xe41d2489571d322189246dafa5ebde1f4699f498,0xc5c27bf1d4b1e99225cc76470224999234c405cbad62d3f04c97d40572d067b1
131,199.38191606021334,0.12182235071279035,0x1da172bb228518f94f7040b68f07a5af1b0e6aa8,2017-11-01T14:44:46.000Z,0.000611,0x4dda6699222ef31d89c5630bc562f44e3365ba46,sell,0xe41d2489571d322189246dafa5ebde1f4699f498,0x96dea7a2bf07ddfdc57bc855f089035108bdd6fb1361e870a7916fd536fb99ed
132,200,0.1255554,0xe121cb63c3f6e80eb2600532d43ebbad54ddb61a,2017-11-01T13:29:09.000Z,0.000627777,0x5557a30d864e438e7b21ef97df9d1034e7c16cf5,buy,0xe41d2489571d322189246dafa5ebde1f4699f498,0xb20953b4d4b4141334f9d2a8b47150aee3a45868e84adb43363f198a457862b4
133,1177,0.7472773,0x6a7758049e91dabd6f621cd9b1c81a1e7f659f27,2017-11-01T12:55:28.000Z,0.0006349,0x1da172bb228518f94f7040b68f07a5af1b0e6aa8,buy,0xe41d2489571d322189246dafa5ebde1f4699f498,0x27277fffdda452cf811aa870175542825e5fd520d9d33916c87f43cc409f2dc0
134,556.7208442926926,0.32815353445988477,0x65f403f5ce12908bfa7d8089f54f097e8b686fae,2017-11-01T12:52:49.000Z,0.00058944,0xaea70b6531c650b4de9b86fd05ba642f5fd50a94,sell,0xe41d2489571d322189246dafa5ebde1f4699f498,0x8d1bba0c7c31f1db3a460a44e1e5458b6f3f9be106865a23b23b1a95a37109fd
135,3000,1.912665,0xf361e7f39beb5e1a3f7fef72abd805797f8c1e84,2017-11-01T12:05:03.000Z,0.000637555,0xbc0945c667fadc26b9bf39e586b15eeb901e7d1c,buy,0xe41d2489571d322189246dafa5ebde1f4699f498,0x93a439434ee61e64871f0c7b0d6105afe7e78bcb2230d4b0aa7c8077b6ae4a5e
136,1492.4999999999998,0.9477374999999999,0xf361e7f39beb5e1a3f7fef72abd805797f8c1e84,2017-11-01T11:26:08.000Z,0.000635,0x06f5057c2337fd2436f4814c4a314635f1b45a00,sell,0xe41d2489571d322189246dafa5ebde1f4699f498,0x03178d446c031a0edacd53e094b56e88cbe5dc514028459e45e9ffad4835a557
137,876.9,0.551877015,0x9b2a0ede7db1b79619e667c4b8693a65a291ece2,2017-11-01T11:07:17.000Z,0.00062935,0x65f403f5ce12908bfa7d8089f54f097e8b686fae,buy,0xe41d2489571d322189246dafa5ebde1f4699f498,0x7222acb8521d749080fffec750d6a03a142d4d79342446ce1d7f5feb390d0696
138,208.35410228292295,0.11813677599441731,0x7616bb991081160eb20ff62ba47da6e54f5c8728,2017-11-01T10:43:53.000Z,0.000567,0x886d8ed0302939d008300abd4f8a862ebd55e552,sell,0xe41d2489571d322189246dafa5ebde1f4699f498,0xee501eccc1ed7942bc93b9a4a3c92c88bf290deb4d9b72331da8da9e6f94811e
139,5000,2.5,0x3dee4a4e076e8d82859d241db0baf46f112cfa23,2017-11-01T09:54:22.000Z,0.0005,0xd438f1faaa18b7f0adf6c46a3df45fad5478ee97,sell,0xe41d2489571d322189246dafa5ebde1f4699f498,0xd410abc3a9121756bade45f81299812c1d7c114e99e75c2b897f1841d0445ca3
140,10000,5,0xb363a3d8b361347d82c5425c3158e7f156cea8fb,2017-11-01T09:52:48.000Z,0.0005,0xd438f1faaa18b7f0adf6c46a3df45fad5478ee97,sell,0xe41d2489571d322189246dafa5ebde1f4699f498,0x7c59c1ac6e6de918d439b7785cb1ddc15ddaaaef163bc1ad3b624ee4c0e95a7f
141,15000,7.5,0x583b640795999aa2bb22c1a62a91336ff9d325bb,2017-11-01T09:52:35.000Z,0.0005,0xd438f1faaa18b7f0adf6c46a3df45fad5478ee97,sell,0xe41d2489571d322189246dafa5ebde1f4699f498,0xe8fc6b86edd4c7d9ae8a4d8b15213a6c2a9e3731d7c2bff89e00a9638edff8e3
142,3000,1.69053,0x3dee4a4e076e8d82859d241db0baf46f112cfa23,2017-11-01T09:50:44.000Z,0.00056351,0xd438f1faaa18b7f0adf6c46a3df45fad5478ee97,sell,0xe41d2489571d322189246dafa5ebde1f4699f498,0x163ae4df292f42142e616208236012d5c12e5bca73c9c311df174575ac1e16ec
143,30000,16.911063,0x619741507837ec9c297cb9e7b9d07e433c247d09,2017-11-01T09:49:37.000Z,0.0005637021,0xd438f1faaa18b7f0adf6c46a3df45fad5478ee97,sell,0xe41d2489571d322189246dafa5ebde1f4699f498,0x6249baee65b06d76b36df7ea708a6184518144ccdae7d5d2b5b04a18b498da1c
144,2.6208301069375044,0.001472906520098877,0xd38d18e7fe700b28f881946746798fc6f510ba02,2017-11-01T09:17:16.000Z,0.0005619999999999998,0xce1c28560f17c2aa0b0a539019bbb4492f117e40,sell,0xe41d2489571d322189246dafa5ebde1f4699f498,0x9e82dc358e9e1247bccf2643792534298c58e0ef7449c61794509ca4058d4582
145,26289.546802690107,14.459305949527845,0x619741507837ec9c297cb9e7b9d07e433c247d09,2017-11-01T09:15:53.000Z,0.0005500021,0xce1c28560f17c2aa0b0a539019bbb4492f117e40,sell,0xe41d2489571d322189246dafa5ebde1f4699f498,0x1878c0e04445ed8805f5f8ea2d4e3893e1a76392535e038f0c44150a6d3ded6b
146,2803.255,1.5215507488999995,0x06f5057c2337fd2436f4814c4a314635f1b45a00,2017-11-01T09:14:21.000Z,0.0005427799999999999,0xce1c28560f17c2aa0b0a539019bbb4492f117e40,sell,0xe41d2489571d322189246dafa5ebde1f4699f498,0x8e1ac337842fe9e6c883a49a8280a5d56dfdaa1497968c99ecf9fc92c7044959
147,3000,1.65,0x3dee4a4e076e8d82859d241db0baf46f112cfa23,2017-11-01T09:08:44.000Z,0.00055,0xce1c28560f17c2aa0b0a539019bbb4492f117e40,sell,0xe41d2489571d322189246dafa5ebde1f4699f498,0x99c5bb46343ad4f192215ebead9adeb5620aa44e773fe423dd2dbc9c189a811c
148,2920,1.6393756000000002,0x06f5057c2337fd2436f4814c4a314635f1b45a00,2017-11-01T09:08:36.000Z,0.00056143,0xce1c28560f17c2aa0b0a539019bbb4492f117e40,sell,0xe41d2489571d322189246dafa5ebde1f4699f498,0xee7e305cf8e0039534ff49e1c1575874da023b9172c5faf2e8f358793dac31b6
149,876.9,0.499999611,0x65f403f5ce12908bfa7d8089f54f097e8b686fae,2017-11-01T09:07:57.000Z,0.00057019,0xce1c28560f17c2aa0b0a539019bbb4492f117e40,sell,0xe41d2489571d322189246dafa5ebde1f4699f498,0xa87c6e7e39a594ebc57098d46f936a5f5ad9ac6773e5b972c31c4c0f42aa6138
150,9.249999999999893,0.005550472674999936,0x1da172bb228518f94f7040b68f07a5af1b0e6aa8,2017-11-01T08:46:05.000Z,0.0006000511,0x00a6ae3dc7e5af897322e62923124d13a6336168,buy,0xe41d2489571d322189246dafa5ebde1f4699f498,0x6a591bc2c8abf8154b1a96e2e11e6a0376327d8206c3d90bc2484520064f8e85
151,1840.75,1.104544062325,0x06f5057c2337fd2436f4814c4a314635f1b45a00,2017-11-01T08:36:34.000Z,0.0006000511,0x00a6ae3dc7e5af897322e62923124d13a6336168,buy,0xe41d2489571d322189246dafa5ebde1f4699f498,0x5786d8095109d019d3868ef267af23f447ee88a01047a1f3f95f8ca2f9085fbc
152,200,0.129998,0xa045ea6c97d9f07ce2e5020944ee4c1ffac9f599,2017-11-01T08:26:33.000Z,0.00064999,0xbc0945c667fadc26b9bf39e586b15eeb901e7d1c,buy,0xe41d2489571d322189246dafa5ebde1f4699f498,0xa23ed789d58621ae450e01ec3b80fa12e669b6dc6b2793bb9bc672d20704f4a6
153,791.64,0.497783232,0x8c445f5377cff3854020bf2f4a33f836a028956e,2017-11-01T08:21:01.000Z,0.0006288,0x65f403f5ce12908bfa7d8089f54f097e8b686fae,buy,0xe41d2489571d322189246dafa5ebde1f4699f498,0x63f5787178527d5e620cceffdd9b81e6a5377968bc536127a7a7cbbd50c503a6
154,2000,1.000002,0xe65c2be6254731e93368cc071a2420b0c961451b,2017-11-01T08:02:43.000Z,0.000500001,0xd438f1faaa18b7f0adf6c46a3df45fad5478ee97,sell,0xe41d2489571d322189246dafa5ebde1f4699f498,0x7c15fd6c0c7d611cf180b4d1f4f4ae15cc836524ff2caa2c58452cd025829ff9
155,2000,1,0x3dd434a613e6d7014ed25f1fd40e90f984a3291a,2017-11-01T08:02:43.000Z,0.0005,0xd438f1faaa18b7f0adf6c46a3df45fad5478ee97,sell,0xe41d2489571d322189246dafa5ebde1f4699f498,0xf9fcc2e9b94ba85c3ef0aa53d20d6775c7d19a98e6b439d85ae731a94e3a08af
156,3000,1.575003,0x3dee4a4e076e8d82859d241db0baf46f112cfa23,2017-11-01T08:02:43.000Z,0.000525001,0xd438f1faaa18b7f0adf6c46a3df45fad5478ee97,sell,0xe41d2489571d322189246dafa5ebde1f4699f498,0xf2b5d7fe5d53303f9f74f0d0f25c79ccad2bcc191b9682ae1c46cc4a02dc7ffb
157,1850,0.999185,0x00a6ae3dc7e5af897322e62923124d13a6336168,2017-11-01T08:02:24.000Z,0.0005401,0xd438f1faaa18b7f0adf6c46a3df45fad5478ee97,sell,0xe41d2489571d322189246dafa5ebde1f4699f498,0x09e3985e5e28ee3aac67b6bdb637c5996fe45033e52d41bdfd850610a0f7794b
158,5000,2.5005,0xbc0945c667fadc26b9bf39e586b15eeb901e7d1c,2017-11-01T08:01:57.000Z,0.0005001,0xd438f1faaa18b7f0adf6c46a3df45fad5478ee97,sell,0xe41d2489571d322189246dafa5ebde1f4699f498,0x73d2dfd6beb26b180b4e18115684fa7ada5505ef43be156de5d4a3c4cbcd055c
159,3000,1.65,0x3dd434a613e6d7014ed25f1fd40e90f984a3291a,2017-11-01T08:01:35.000Z,0.00055,0xd438f1faaa18b7f0adf6c46a3df45fad5478ee97,sell,0xe41d2489571d322189246dafa5ebde1f4699f498,0x782799b001a315c4a13848933b3a5aaf6f5f8dc819e9b4f22110b2e00566d6d3
160,1000,0.525,0xbfd9d7554a77e82f0bfe6bc9598840a972e204ef,2017-11-01T08:01:35.000Z,0.000525,0xd438f1faaa18b7f0adf6c46a3df45fad5478ee97,sell,0xe41d2489571d322189246dafa5ebde1f4699f498,0x4541ab90918b8375984de93fd99a0be0eb7b24a82c88ac429924c5d346383b2e
161,1000,0.55,0xbfd9d7554a77e82f0bfe6bc9598840a972e204ef,2017-11-01T08:01:35.000Z,0.00055,0xd438f1faaa18b7f0adf6c46a3df45fad5478ee97,sell,0xe41d2489571d322189246dafa5ebde1f4699f498,0x32391fb70a2c568c4b9ef1cba31c52f690cba458de3f48f4675ece13aa07e3e1
162,500,0.2755885,0x5557a30d864e438e7b21ef97df9d1034e7c16cf5,2017-11-01T08:00:58.000Z,0.000551177,0xd438f1faaa18b7f0adf6c46a3df45fad5478ee97,sell,0xe41d2489571d322189246dafa5ebde1f4699f498,0xb59e207d22c49fa0af4e0afa7f26b79a3a5a32ef707cda61382856e43f5852f8
163,3000,1.6503,0xbc0945c667fadc26b9bf39e586b15eeb901e7d1c,2017-11-01T08:00:58.000Z,0.0005501,0xd438f1faaa18b7f0adf6c46a3df45fad5478ee97,sell,0xe41d2489571d322189246dafa5ebde1f4699f498,0x734a70ee5d3ac22547aa836ffe7b7f2a3890677ec2082c42fcbac72086ff80ed
164,875,0.4899125,0xcd3dbd556e078b9b41737a1c31d72dfe2c8eeea9,2017-11-01T08:00:58.000Z,0.0005599,0xd438f1faaa18b7f0adf6c46a3df45fad5478ee97,sell,0xe41d2489571d322189246dafa5ebde1f4699f498,0x19a6317b4c8c3b44de1f89fe4dee22f1e61b30d083de27cd56c4f4bd87e900b1
165,46,0.02622,0xeea04263c2076dceabc162a0b3467e0956d77a17,2017-11-01T08:00:58.000Z,0.00057,0xd438f1faaa18b7f0adf6c46a3df45fad5478ee97,sell,0xe41d2489571d322189246dafa5ebde1f4699f498,0x71a19e721c7de9834dc30661bfd8883f267b0bc364736c86035c50d7b81a5015
166,179.3738226074343,0.09955247154712603,0x84b038a13577ac747f5461e08dbea8e13690c966,2017-11-01T08:00:58.000Z,0.0005549999999999999,0xd438f1faaa18b7f0adf6c46a3df45fad5478ee97,sell,0xe41d2489571d322189246dafa5ebde1f4699f498,0xaea3fdcd680fc1269a73097df90bdb614c7d3177bbd8b18106e225b01a54ec9f
167,216.459,0.12338163,0xca99a92ec8af79d3e07361d131ad503d4480aa59,2017-11-01T08:00:58.000Z,0.00057,0xd438f1faaa18b7f0adf6c46a3df45fad5478ee97,sell,0xe41d2489571d322189246dafa5ebde1f4699f498,0xf3478355ed80d49a7d6c1597d4dfcaf0dfdcf6dd38f25b8619497a2fc92829e2
168,350,0.19677,0x18e96886612735f0d509d139f304f108f79bc18c,2017-11-01T08:00:58.000Z,0.0005622,0xd438f1faaa18b7f0adf6c46a3df45fad5478ee97,sell,0xe41d2489571d322189246dafa5ebde1f4699f498,0x910834c70b2e45780875689d6bc082c53a3c1058fba52c67490b64fe207b3009
169,15030.904,8.2669972,0xe8f0cc52b0d087e4eaabe1de8c0bc01f83918ea9,2017-11-01T08:00:58.000Z,0.00055,0xd438f1faaa18b7f0adf6c46a3df45fad5478ee97,sell,0xe41d2489571d322189246dafa5ebde1f4699f498,0x8f40df58f0e407e7d524d18f6ca8bfc705332758df6c180f16d1ed1975b628be
170,479.874,0.282944747502,0x8e69a7a7fa07ebd03ed04853b0aee4696ef6d414,2017-11-01T08:00:58.000Z,0.000589623,0x3994b774754703e78b2f3e273cfd8978e7a984cb,buy,0xe41d2489571d322189246dafa5ebde1f4699f498,0x517d3477bfd55bc06fea86e115fe5b0baba51dde5cecc4f8eff85bab55787130
171,500,0.2855,0x18e96886612735f0d509d139f304f108f79bc18c,2017-11-01T08:00:24.000Z,0.000571,0xd438f1faaa18b7f0adf6c46a3df45fad5478ee97,sell,0xe41d2489571d322189246dafa5ebde1f4699f498,0x53d1d81c87c04d27b7dff22a3eca3b6244ddeb15f638985cc2abe9521f0305ea
172,600,0.3543,0x84b038a13577ac747f5461e08dbea8e13690c966,2017-11-01T07:59:55.000Z,0.0005905,0xd438f1faaa18b7f0adf6c46a3df45fad5478ee97,sell,0xe41d2489571d322189246dafa5ebde1f4699f498,0x365e8737831b5de26648a1b5e86caf8748ab3b4062a1573a950fe372920f956e
173,1750,0.983675,0x5f8b44381a6d0c143df8d93d5840254777421433,2017-11-01T07:59:55.000Z,0.0005621,0xd438f1faaa18b7f0adf6c46a3df45fad5478ee97,sell,0xe41d2489571d322189246dafa5ebde1f4699f498,0x4060582908eafad08b6d21092031f60b300fb1cb992f3f71ca3405dd7d2dc873
174,2000,1.200582,0x00a6ae3dc7e5af897322e62923124d13a6336168,2017-11-01T07:59:22.000Z,0.000600291,0xd438f1faaa18b7f0adf6c46a3df45fad5478ee97,sell,0xe41d2489571d322189246dafa5ebde1f4699f498,0x12d96a9509e51f7a94e350a78854170da8d9ee4371ec18d33029f14c0aae2463
175,16000,8.993616,0x000b75fcdc15d41277deb033c72d2c8d774ccced,2017-11-01T07:59:22.000Z,0.000562101,0xd438f1faaa18b7f0adf6c46a3df45fad5478ee97,sell,0xe41d2489571d322189246dafa5ebde1f4699f498,0x1ea9e3255717801ec6638f08c1c1305a378a8f1ca61e475207101ea60706aa13
176,2000,1.12422,0x3994b774754703e78b2f3e273cfd8978e7a984cb,2017-11-01T07:59:22.000Z,0.00056211,0xd438f1faaa18b7f0adf6c46a3df45fad5478ee97,sell,0xe41d2489571d322189246dafa5ebde1f4699f498,0x55526386a9bf40bc755a02a39f5868b43f1f7d2ba68718149e2068acdaa9c169
177,500,0.30665,0x18e96886612735f0d509d139f304f108f79bc18c,2017-11-01T07:59:05.000Z,0.0006133,0xd438f1faaa18b7f0adf6c46a3df45fad5478ee97,sell,0xe41d2489571d322189246dafa5ebde1f4699f498,0x7666daf411e2c95919a01462e4adc9d95d815d48e6e7679963d05c5530b7ccca
178,6000,3.6786,0x00866a2ad694dae635916957263393dd3214fdd3,2017-11-01T07:59:05.000Z,0.0006131,0xd438f1faaa18b7f0adf6c46a3df45fad5478ee97,sell,0xe41d2489571d322189246dafa5ebde1f4699f498,0x7c511b6e605b77baa611945d16a933d11b53b34297edc45c95dd29906f15f4d2
179,2000,1.202,0x3dee4a4e076e8d82859d241db0baf46f112cfa23,2017-11-01T07:59:05.000Z,0.000601,0xd438f1faaa18b7f0adf6c46a3df45fad5478ee97,sell,0xe41d2489571d322189246dafa5ebde1f4699f498,0xf163a0de24fc95da32f2593d1939050152777dfb987ae6b5aa1076c807012829
180,4711.35593220339,2.902195254237288,0x583b640795999aa2bb22c1a62a91336ff9d325bb,2017-11-01T07:59:05.000Z,0.000616,0xd438f1faaa18b7f0adf6c46a3df45fad5478ee97,sell,0xe41d2489571d322189246dafa5ebde1f4699f498,0xb74a95eb394cffd402aa33dc4a1d061668bd6a322cc2a72ee1f9c69f4a5f138e
181,2611.922,1.6399997045799999,0x06f5057c2337fd2436f4814c4a314635f1b45a00,2017-11-01T07:59:05.000Z,0.00062789,0xd438f1faaa18b7f0adf6c46a3df45fad5478ee97,sell,0xe41d2489571d322189246dafa5ebde1f4699f498,0x3b1959dd36bc7edccefa8c46b66c1f3d7118b3cd87f80bd26e674eecc8b0a7be
182,10000,6.13,0xb363a3d8b361347d82c5425c3158e7f156cea8fb,2017-11-01T07:59:05.000Z,0.000613,0xd438f1faaa18b7f0adf6c46a3df45fad5478ee97,sell,0xe41d2489571d322189246dafa5ebde1f4699f498,0x85ad345968ad8c498784e048cf2ad4125989830bf4c6499234940291fc4aeab5
183,3000,1.869,0x5f7269f2171f05759a8946831c2300720391320c,2017-11-01T07:59:05.000Z,0.000623,0xd438f1faaa18b7f0adf6c46a3df45fad5478ee97,sell,0xe41d2489571d322189246dafa5ebde1f4699f498,0xd2cbce66a52cad34dc2533d5b1021b29163d35692e6acd0ac00df2a3fab0d3c2
184,500,0.31435,0x339a92c34ea54bc2799073bcf7383f4e2bcfc790,2017-11-01T07:56:46.000Z,0.0006287,0xd438f1faaa18b7f0adf6c46a3df45fad5478ee97,sell,0xe41d2489571d322189246dafa5ebde1f4699f498,0x3e268a1cc2b8722b0abfd5525a975dc60ab44ea21c301b3d69eb04ea14148ef1
185,791.64,0.499999824,0x65f403f5ce12908bfa7d8089f54f097e8b686fae,2017-11-01T07:56:46.000Z,0.0006316,0xd438f1faaa18b7f0adf6c46a3df45fad5478ee97,sell,0xe41d2489571d322189246dafa5ebde1f4699f498,0xd935b5026d00391140d5633471098682f003ae1e71c60dc7c7cef80393713a92
186,20,0.013998,0xe3fb84b08527afbfbd385017a09ff2799244464a,2017-11-01T07:53:56.000Z,0.0006999,0x1da172bb228518f94f7040b68f07a5af1b0e6aa8,buy,0xe41d2489571d322189246dafa5ebde1f4699f498,0x7f4d371d9f1a931a3098ae6a59d7759264ab003406f6c91a035ebf09a12d93ad
187,5.45,0.003814455,0xe3fb84b08527afbfbd385017a09ff2799244464a,2017-11-01T07:52:18.000Z,0.0006999,0x1da172bb228518f94f7040b68f07a5af1b0e6aa8,buy,0xe41d2489571d322189246dafa5ebde1f4699f498,0x87d9201fae68370aca18cce554e89da292669109301f574d0cffdfe8b21544c9
188,1084.55,0.7669286869999999,0xe3fb84b08527afbfbd385017a09ff2799244464a,2017-11-01T07:41:00.000Z,0.00070714,0x06f5057c2337fd2436f4814c4a314635f1b45a00,sell,0xe41d2489571d322189246dafa5ebde1f4699f498,0xf56de0eb3df34723ebab51798773b01243c4ac2a1cd275c153b2481ffcfbdf77
189,0.000000000104633286,0.000000000000074185,0xfeb8ff1446cd67a850c2ae3305168aa6057d4f4f,2017-11-01T06:39:18.000Z,0.0007090000021599245,0xba7e1694f3d7c47e93813aecca907c74999bafac,buy,0xe41d2489571d322189246dafa5ebde1f4699f498,0xa4f1871b6cdf7b05ec355392de819dbf7f838ad32c0da6d2d4daffb05d993cc9
190,0.000001049561489491,0.000000000744139095,0xfeb8ff1446cd67a850c2ae3305168aa6057d4f4f,2017-11-01T06:36:38.000Z,0.0007089999990004215,0xba7e1694f3d7c47e93813aecca907c74999bafac,buy,0xe41d2489571d322189246dafa5ebde1f4699f498,0xe3cce7b56d7d163eeb59448c9849b8c9602c4764d6c2bfd7fcf26e2513e3761d
191,0.01051332289658028,0.000007464459256572,0xfeb8ff1446cd67a850c2ae3305168aa6057d4f4f,2017-11-01T06:34:46.000Z,0.00071,0x8ed6b77b287c05d6063d5cd5794908e7215d3be8,buy,0xe41d2489571d322189246dafa5ebde1f4699f498,0x0860c7d3caf16dfeb980e6b56dc573adbfd6688d12feaaab2154bad048255f88
192,105.60788562521297,0.07487599080266812,0xfeb8ff1446cd67a850c2ae3305168aa6057d4f4f,2017-11-01T06:33:25.000Z,0.000708999999,0xba7e1694f3d7c47e93813aecca907c74999bafac,buy,0xe41d2489571d322189246dafa5ebde1f4699f498,0x79239df4d14ec5fc701c68058d1c9c260a295c5fd6107599256de87fbe1c4647
193,649.927,0.40271426701,0xba7e1694f3d7c47e93813aecca907c74999bafac,2017-11-01T05:56:17.000Z,0.00061963,0x65f403f5ce12908bfa7d8089f54f097e8b686fae,buy,0xe41d2489571d322189246dafa5ebde1f4699f498,0xeced584902e18a611ed92a74e9a6dcc4553e602f0a728af42a57b1a17afc2e65
194,1500,0.93,0xba7e1694f3d7c47e93813aecca907c74999bafac,2017-11-01T05:55:39.000Z,0.00062,0x5f7269f2171f05759a8946831c2300720391320c,buy,0xe41d2489571d322189246dafa5ebde1f4699f498,0x30243f62ea3c0c2143bfc7768772221f49ebbdb7041ac048cdd41ae01155fd34
195,649.9264423099598,0.40892071897258053,0x65f403f5ce12908bfa7d8089f54f097e8b686fae,2017-11-01T05:50:34.000Z,0.00062918,0xbbe8a82dc936ac8a7f188624e42a1253dbb279ec,sell,0xe41d2489571d322189246dafa5ebde1f4699f498,0xf78e8bf079aad4aed32ab9ca6bf3ef7209658cd247955b4e859eb1c0a1781276
196,289.51,0.16907384,0x1d5321e125f6c7079a716705541c7b371ca79e69,2017-11-01T05:46:45.000Z,0.000584,0xbbe8a82dc936ac8a7f188624e42a1253dbb279ec,buy,0xe41d2489571d322189246dafa5ebde1f4699f498,0xa5b4a39b48e5698116aae53f6e7e21cfc5de531a7eb7ad15a6bca69ba670380c
197,288.64406779661016,0.17780474576271185,0x583b640795999aa2bb22c1a62a91336ff9d325bb,2017-11-01T05:46:45.000Z,0.000616,0x1d5321e125f6c7079a716705541c7b371ca79e69,sell,0xe41d2489571d322189246dafa5ebde1f4699f498,0xa5b4a39b48e5698116aae53f6e7e21cfc5de531a7eb7ad15a6bca69ba670380c
198,1504.5,0.878628,0xd815bbdb973fcfae73f27ddc9a135e377028c1c5,2017-11-01T05:46:12.000Z,0.000584,0xbbe8a82dc936ac8a7f188624e42a1253dbb279ec,buy,0xe41d2489571d322189246dafa5ebde1f4699f498,0xe4c3a591f4a9eb4c8f1075bf3aba64ff5f073122bb9ba4e26ce81052ac1b6d3f
199,1500,0.999,0x5f7269f2171f05759a8946831c2300720391320c,2017-11-01T05:46:12.000Z,0.000666,0xd815bbdb973fcfae73f27ddc9a135e377028c1c5,sell,0xe41d2489571d322189246dafa5ebde1f4699f498,0xe4c3a591f4a9eb4c8f1075bf3aba64ff5f073122bb9ba4e26ce81052ac1b6d3f
200,690.015,0.46975531184999986,0xfeb8ff1446cd67a850c2ae3305168aa6057d4f4f,2017-11-01T05:37:41.000Z,0.0006807899999999998,0x06f5057c2337fd2436f4814c4a314635f1b45a00,buy,0xe41d2489571d322189246dafa5ebde1f4699f498,0x59846cc08c3ecaa78f65fe51681e972198fae5714ef34ce7544f9a66a32fefaa
201,2224,1.64576,0xfeb8ff1446cd67a850c2ae3305168aa6057d4f4f,2017-11-01T05:37:41.000Z,0.00074,0xfdd85661743d017ab15f7d7f9bbab1adfce7bddd,buy,0xe41d2489571d322189246dafa5ebde1f4699f498,0x49d9e71ebf20e9a45b47847b029c7a28cee8fb147551056e608b4c0e510a4ac5
202,9000,6.577155,0xfeb8ff1446cd67a850c2ae3305168aa6057d4f4f,2017-11-01T05:33:01.000Z,0.000730795,0x248167587eb48828d83231b85d7788a080a19124,buy,0xe41d2489571d322189246dafa5ebde1f4699f498,0xe5f0c94430a36269bb5085ae524a6390dd8a6d9057cec6c0375bd4d29f7a9f43
203,150.812,0.109791136,0xfeb8ff1446cd67a850c2ae3305168aa6057d4f4f,2017-11-01T05:33:01.000Z,0.000728,0xa54ffa43d11698bc300d924781518b71dd10f0a8,buy,0xe41d2489571d322189246dafa5ebde1f4699f498,0x75b12ba89914437368284caffc9afcf6b4bac2149836019f9292cade88f00aa8
204,500,0.34995,0xfeb8ff1446cd67a850c2ae3305168aa6057d4f4f,2017-11-01T05:32:44.000Z,0.0006999,0x18e96886612735f0d509d139f304f108f79bc18c,buy,0xe41d2489571d322189246dafa5ebde1f4699f498,0xfe6796a171ad94acd5f539b99bbfe9475777f751cbbb7a019b11a13d5f1f50db
205,354.7027707689312,0.24580902014286932,0xfeb8ff1446cd67a850c2ae3305168aa6057d4f4f,2017-11-01T05:32:32.000Z,0.000693,0x953d1111662196af36e9d387c0f909e14111fa76,buy,0xe41d2489571d322189246dafa5ebde1f4699f498,0x73baec520cf61e39785c9941069848007ff539718335f962134dd2b4ca4ffeea
206,299.72827794098043,0.2095100662807453,0xfeb8ff1446cd67a850c2ae3305168aa6057d4f4f,2017-11-01T05:32:32.000Z,0.000699,0x84b038a13577ac747f5461e08dbea8e13690c966,buy,0xe41d2489571d322189246dafa5ebde1f4699f498,0x49b9316d05330d1dc2363c94e8df029e38539cb318b9e78ceb3e449cdb3d05fe
207,0.2717220590195708,0.00018993371925468,0xfeb8ff1446cd67a850c2ae3305168aa6057d4f4f,2017-11-01T05:30:13.000Z,0.000699,0x84b038a13577ac747f5461e08dbea8e13690c966,buy,0xe41d2489571d322189246dafa5ebde1f4699f498,0xfe838f17a76be7e788e16587bc3fffdaa6027f728b38f49dbe6fa11a611a0464
208,2721.7501969195555,1.9052251378436886,0xfeb8ff1446cd67a850c2ae3305168aa6057d4f4f,2017-11-01T05:29:58.000Z,0.0007,0xf2a3d1bf4d42fd01eeb9d900eead978c08b3c07c,buy,0xe41d2489571d322189246dafa5ebde1f4699f498,0x94eff936873a5cb620573c4daa8da759beeeabe2a564ba288f4283b109e5444e
209,350,0.23975,0xfeb8ff1446cd67a850c2ae3305168aa6057d4f4f,2017-11-01T05:29:37.000Z,0.000685,0x18e96886612735f0d509d139f304f108f79bc18c,buy,0xe41d2489571d322189246dafa5ebde1f4699f498,0x859aba6f610ebafbe18838a7ece28c67876a380209da59994aa604f93576cee7
210,200,0.1398399998,0xfeb8ff1446cd67a850c2ae3305168aa6057d4f4f,2017-11-01T05:29:25.000Z,0.000699199999,0xb7ddaba243659e42d2813fcb9f30aca983478b5c,buy,0xe41d2489571d322189246dafa5ebde1f4699f498,0x11598975e280cfd37a2e6ea3baa1e54eb185938e1de08a86a9cb3b3c4141da42
211,201.04166319146032,0.1373114559597674,0xfeb8ff1446cd67a850c2ae3305168aa6057d4f4f,2017-11-01T05:29:25.000Z,0.000683,0x05f376c5b261a1e245c46803a723462853c5f947,buy,0xe41d2489571d322189246dafa5ebde1f4699f498,0x2c73f59572d1e3b38ea2f15ded43a2202bcc6c265bc797a3e44a6147357e57ce
212,4544.38,3.11744468,0xfeb8ff1446cd67a850c2ae3305168aa6057d4f4f,2017-11-01T05:28:54.000Z,0.000686,0xf2b05f8a997dd2ff4af0f6720baf0371b7718b48,buy,0xe41d2489571d322189246dafa5ebde1f4699f498,0x081634e37e0d9faa9169194f3cb026a51788224d229ebfe245437c627164313c
213,500,0.333,0xfeb8ff1446cd67a850c2ae3305168aa6057d4f4f,2017-11-01T05:28:54.000Z,0.000666,0x18e96886612735f0d509d139f304f108f79bc18c,buy,0xe41d2489571d322189246dafa5ebde1f4699f498,0x13d222b15c941195e89c2f854f71eaaa24a7390a3146245468895f903be72ab3
214,1459.931,0.99551071446728,0xfeb8ff1446cd67a850c2ae3305168aa6057d4f4f,2017-11-01T05:28:34.000Z,0.00068188888,0x953d1111662196af36e9d387c0f909e14111fa76,buy,0xe41d2489571d322189246dafa5ebde1f4699f498,0x7f6c4225fb42e688e95db1d1c781d150e5d719c295d4fe209903087407610385
215,679.363,0.4629858845,0xfeb8ff1446cd67a850c2ae3305168aa6057d4f4f,2017-11-01T05:28:15.000Z,0.0006815,0x953d1111662196af36e9d387c0f909e14111fa76,buy,0xe41d2489571d322189246dafa5ebde1f4699f498,0x5fd7c6259ba104ec35d6834280db9e9ff0a77f2634283364b27701d75f840394
216,182.78,0.12447318,0xfeb8ff1446cd67a850c2ae3305168aa6057d4f4f,2017-11-01T05:28:02.000Z,0.000681,0xd5e34c7312a26fbe82f0cd0ec345dd87a7d09c25,buy,0xe41d2489571d322189246dafa5ebde1f4699f498,0x4d3d07ac16ef24d6e074c1fac5494e5eb7cf26fe7eacbcf906db9ce508013f6d
217,300,0.1998,0xfeb8ff1446cd67a850c2ae3305168aa6057d4f4f,2017-11-01T05:27:51.000Z,0.000666,0x84b038a13577ac747f5461e08dbea8e13690c966,buy,0xe41d2489571d322189246dafa5ebde1f4699f498,0x3a394df7eb4e9dbfb43796914e455a4f4224012d8e1ffff4ef35b153536050e4
218,2409.81559033135,1.64,0xfeb8ff1446cd67a850c2ae3305168aa6057d4f4f,2017-11-01T05:27:51.000Z,0.0006805499999999999,0x06f5057c2337fd2436f4814c4a314635f1b45a00,buy,0xe41d2489571d322189246dafa5ebde1f4699f498,0x1b1e6e2fc0b7dedc4b7ad45db0754fa857bbd22395383f113e45dfd09302abc4
219,182,0.12376,0xfeb8ff1446cd67a850c2ae3305168aa6057d4f4f,2017-11-01T05:27:51.000Z,0.00068,0xd5e34c7312a26fbe82f0cd0ec345dd87a7d09c25,buy,0xe41d2489571d322189246dafa5ebde1f4699f498,0x82606e394f75320b888fd275949f6c2552ee384d16d61698c6b7e7d967d6df22
220,751.961,0.488022689,0xfeb8ff1446cd67a850c2ae3305168aa6057d4f4f,2017-11-01T05:27:10.000Z,0.000649,0xcd3dbd556e078b9b41737a1c31d72dfe2c8eeea9,buy,0xe41d2489571d322189246dafa5ebde1f4699f498,0xbf11277ab7d09e971f59af18b2e4bf98488c14b93bd8ba590b388ee76d722086
221,14997,10.00284903,0x89c8154be5bd7899b15d93d47faf10877d36327e,2017-11-01T05:25:53.000Z,0.00066699,0x00a6ae3dc7e5af897322e62923124d13a6336168,buy,0xe41d2489571d322189246dafa5ebde1f4699f498,0xec2b89bed2ff3d276411606abb9e2db427963a0761e849fac8d3c7ece4a0d7e9
222,1128.738525851766,0.712001489676139,0x335c0552eb130f3dfbe6efcb4d2895aed1e9938b,2017-11-01T05:19:39.000Z,0.000630794,0x787e6870754cc306c1758db62dc6cd334ba76345,buy,0xe41d2489571d322189246dafa5ebde1f4699f498,0x55eb676c634fe3f6d86adca5d0304c4c397a903dada3843a0602014b7d666889
223,3000,1.893,0x335c0552eb130f3dfbe6efcb4d2895aed1e9938b,2017-11-01T05:19:28.000Z,0.000631,0xbd8fd9cade7a6946124b0cc73d7a81466aa539f2,buy,0xe41d2489571d322189246dafa5ebde1f4699f498,0x5e8d70f39be98f738129661515b4251d6bb06a09457c3436ffa54f981842f713
224,2675,1.68525,0xb363a3d8b361347d82c5425c3158e7f156cea8fb,2017-11-01T05:18:38.000Z,0.00063,0xbd8fd9cade7a6946124b0cc73d7a81466aa539f2,buy,0xe41d2489571d322189246dafa5ebde1f4699f498,0x272e7e0902123cb1aa5996c27d8538dc7b4de775a36caec32c34ed5670fe3147
225,100.971,0.062904933,0xfeb8ff1446cd67a850c2ae3305168aa6057d4f4f,2017-11-01T05:18:29.000Z,0.000623,0xd820d6ed8ac714bc686ff237b8c8816c7e53497e,buy,0xe41d2489571d322189246dafa5ebde1f4699f498,0xd48f5ff548870a3449a6878ef759794758829256283510b3661341e121c53fa5
226,600,0.3738,0x354d2356a6212a078a1116218e98bf6381e1b6c9,2017-11-01T05:17:51.000Z,0.000623,0xd820d6ed8ac714bc686ff237b8c8816c7e53497e,buy,0xe41d2489571d322189246dafa5ebde1f4699f498,0x27276decc22e05e8cda067b1215ad64d47cc67407b688c002264470eebb70012
227,0.02980749938851204,0.000018570072119043,0x80780100a0d7286aa1463cc88c585cd8bb520e9c,2017-11-01T05:16:30.000Z,0.000623,0xd820d6ed8ac714bc686ff237b8c8816c7e53497e,buy,0xe41d2489571d322189246dafa5ebde1f4699f498,0xc4395a5cb37df7f29e0aa6d1f26894fe71df2522d8292f0202df04e2396038b2
228,7138,4.454112,0xb363a3d8b361347d82c5425c3158e7f156cea8fb,2017-11-01T05:16:08.000Z,0.000624,0xf0a3f086d10a5c4da599ea234958d70bba98126a,buy,0xe41d2489571d322189246dafa5ebde1f4699f498,0x8c8a3cb8a3240cc9e44bf6ff067e2ef9ca47adba6bd1b7b1a34ce35046f59f6b
229,298.9990263661593,0.18627639342611724,0x80780100a0d7286aa1463cc88c585cd8bb520e9c,2017-11-01T05:15:48.000Z,0.000623,0xd820d6ed8ac714bc686ff237b8c8816c7e53497e,buy,0xe41d2489571d322189246dafa5ebde1f4699f498,0x31d6ae8af177726dcd8a513523647b92bbacf2f8e468380df3a2105027caa294
230,5,0.003045,0x80780100a0d7286aa1463cc88c585cd8bb520e9c,2017-11-01T05:15:25.000Z,0.000609,0x4de6bf61916eafb0510af6aa45e0cf994a571adb,buy,0xe41d2489571d322189246dafa5ebde1f4699f498,0x6aaab167f0c19b10d6c5c94feb526b2cb68015b2946cd1fb65587f7ccaca0dbb
231,800.8768466370375,0.4965436449149633,0x335c0552eb130f3dfbe6efcb4d2895aed1e9938b,2017-11-01T05:13:43.000Z,0.00062,0x32b461fa076db2a65d93739df096d7c6d08c22c2,buy,0xe41d2489571d322189246dafa5ebde1f4699f498,0xb783bb9272d6c55cb4668a1324fdb09c8c9060f95bff35fac0acafa3bbd19faf
232,199.12315336296248,0.12345635508503675,0x667938315d19f8ec5cb5827744be0eb878a39cf3,2017-11-01T05:09:04.000Z,0.00062,0x32b461fa076db2a65d93739df096d7c6d08c22c2,buy,0xe41d2489571d322189246dafa5ebde1f4699f498,0xad71f81f093e3f44209236dd3830fe2876152f00f6b016c3ff46145068c6e56d
233,662.764,0.4030930648,0x335c0552eb130f3dfbe6efcb4d2895aed1e9938b,2017-11-01T05:08:13.000Z,0.0006082,0x18e96886612735f0d509d139f304f108f79bc18c,buy,0xe41d2489571d322189246dafa5ebde1f4699f498,0x45f2cedab851fcd9d1f214c5775d869d686e476186038f3278f7878d696fa52e
234,995,0.605955,0x06f5057c2337fd2436f4814c4a314635f1b45a00,2017-11-01T05:07:37.000Z,0.000609,0x4de6bf61916eafb0510af6aa45e0cf994a571adb,buy,0xe41d2489571d322189246dafa5ebde1f4699f498,0xdc0a460f425d22d04bd666053be9596258345a92e32cc7b70e673c1329625238
235,337.23579428485925,0.2051068100840514,0x8e7fcc7a17f00f0f5f85f2d5964a581d0813c8a6,2017-11-01T05:03:29.000Z,0.0006082,0x18e96886612735f0d509d139f304f108f79bc18c,buy,0xe41d2489571d322189246dafa5ebde1f4699f498,0x4fbf37cf7eaf054cc2c4a59c69672d3c4a4cb36ff0c10b7193465ec7ba73d52a
236,500,0.29345,0x60143b6b44b8a04723fa4848f5b68310044fb176,2017-11-01T04:53:43.000Z,0.0005869,0x85ee6039bb972ca676393cb3752211cd244fe41d,buy,0xe41d2489571d322189246dafa5ebde1f4699f498,0x089df8eb3b484fa8ed633272374548c9014f1542a7f445ee4129e5f0c5a64f6c
237,498.92,0.292766256,0x60143b6b44b8a04723fa4848f5b68310044fb176,2017-11-01T04:52:31.000Z,0.0005868,0x18e96886612735f0d509d139f304f108f79bc18c,buy,0xe41d2489571d322189246dafa5ebde1f4699f498,0x48da8e4062bbae0f5570e8585a50b63649bb20a0f246ea0d735bef40faa98402
238,1794.008,1.04949468,0x6e1801a6c4860f390d485ce43927cf2f140f07e5,2017-11-01T04:49:37.000Z,0.000585,0xbbe8a82dc936ac8a7f188624e42a1253dbb279ec,buy,0xe41d2489571d322189246dafa5ebde1f4699f498,0x6b232f75b08e76456f93d7e69db25199fd4157815e5948d3c4ad8726aa0f5232
239,3655.118,2.13820747882,0x6e1801a6c4860f390d485ce43927cf2f140f07e5,2017-11-01T04:49:10.000Z,0.00058499,0xa36a24233168cca326767224ad7e7006a5cb6bb7,buy,0xe41d2489571d322189246dafa5ebde1f4699f498,0xcd29945a41c2ef0915a1f4d031201557dc5a20e457dea851aa14839dd75c54ce
240,6345.368940930536,3.7119773767549544,0x09840c28d82feb998b03123666fae237de636583,2017-11-01T04:48:32.000Z,0.00058499,0xa36a24233168cca326767224ad7e7006a5cb6bb7,buy,0xe41d2489571d322189246dafa5ebde1f4699f498,0xfe65f7cdf7a1892369a1cb498ea3eff50d2aa2ccf2161dbb48ee889f076302e4
241,1010.481,0.58781700732,0x6e1801a6c4860f390d485ce43927cf2f140f07e5,2017-11-01T04:48:11.000Z,0.00058172,0x65f403f5ce12908bfa7d8089f54f097e8b686fae,buy,0xe41d2489571d322189246dafa5ebde1f4699f498,0x5293e8f85a2e08a2ab1a33e6753df41c616e42d698071075bad60c714c8a0800
242,0.0882836562497829,0.000051645938906123,0x486b26debfe5c5b8f180148b096c2f1f751ef94e,2017-11-01T03:31:46.000Z,0.000585,0xbbe8a82dc936ac8a7f188624e42a1253dbb279ec,buy,0xe41d2489571d322189246dafa5ebde1f4699f498,0x012228036ce425340beb6ce988499ff083710208f72e18b1fa08913d8ef83d40
243,885.5733558415578,0.5180604131673113,0x486b26debfe5c5b8f180148b096c2f1f751ef94e,2017-11-01T03:31:08.000Z,0.000585,0xbbe8a82dc936ac8a7f188624e42a1253dbb279ec,buy,0xe41d2489571d322189246dafa5ebde1f4699f498,0x06660fd5e269e538ea5b31b6a6786835bc84d3f68d3912d448a0331d89cefe2e
244,2700.655,1.6399997552999999,0xba5812dcaef758a856895bd0647d6d9f906b59c5,2017-11-01T03:22:54.000Z,0.00060726,0x06f5057c2337fd2436f4814c4a314635f1b45a00,buy,0xe41d2489571d322189246dafa5ebde1f4699f498,0x0eae59bf6a9d0fa4cb876f970af28b9362b52c9c358267695743cafd362e9917
245,2536.22764141,1.488357292857403,0xba5812dcaef758a856895bd0647d6d9f906b59c5,2017-11-01T03:22:54.000Z,0.000586839,0xc11f32a3d45a3dc54b34234dd2b9f46292e69c02,buy,0xe41d2489571d322189246dafa5ebde1f4699f498,0x261607a3f325bd244f212766fdc75ee2dab227d02fd57ce9f1704f67e0a83da1
246,6.456269201073351,0.003777433984163996,0x1549fca6e9a20d919f590930d08a3646420dc27c,2017-11-01T02:49:10.000Z,0.00058508,0x65f403f5ce12908bfa7d8089f54f097e8b686fae,buy,0xe41d2489571d322189246dafa5ebde1f4699f498,0xbce3cfa617cadc07df1594c5aa52b8a5591df897f730495639840eb211fee675
247,1651.9102223035356,0.9415888267130154,0xca99a92ec8af79d3e07361d131ad503d4480aa59,2017-11-01T02:44:07.000Z,0.00057,0x46371f0751e243fef7b626031cffb8489d47e6c0,sell,0xe41d2489571d322189246dafa5ebde1f4699f498,0xd5a31c41d83e0072d6e3a0b8b3bd58752468d341060532c587647bd95d0b46e9
248,3193.840486348648,1.8204890772187294,0xca99a92ec8af79d3e07361d131ad503d4480aa59,2017-11-01T02:22:40.000Z,0.00057,0xf8c8cbe52a143ecb34a797cc135c711c3e8499cc,sell,0xe41d2489571d322189246dafa5ebde1f4699f498,0x0943b6c596924432556ed72b3eae1a603f2773a364fff1d5e1d35e57f6f5f235
249,311,0.177581,0x51f2ad62552c62c7f888acf5ff89d6d9496cd0ab,2017-11-01T02:21:01.000Z,0.000571,0xf8c8cbe52a143ecb34a797cc135c711c3e8499cc,sell,0xe41d2489571d322189246dafa5ebde1f4699f498,0x7f1b301c6279d7a6c6f869296d49429771eee875797f5693448ea30cfdd76de0
250,175,0.099750175,0x8398f28f8225515162157a0a33242ac51c4218f8,2017-11-01T02:21:01.000Z,0.000570001,0xf8c8cbe52a143ecb34a797cc135c711c3e8499cc,sell,0xe41d2489571d322189246dafa5ebde1f4699f498,0x3d0d599bfceb691b43d1e5a181374e1e9661edc6e72f3473d27a3ccfedf46c4e
251,1260.4620626477717,0.7184633757092298,0xca99a92ec8af79d3e07361d131ad503d4480aa59,2017-11-01T01:52:51.000Z,0.00057,0x26aa9d917531c5c9d4fdfc3584da75aa76fe3d7e,sell,0xe41d2489571d322189246dafa5ebde1f4699f498,0xc189d95f6edf33fb18232656cc139784e01a9f77a3ba5cd30d01c8f6e9b8d38c
252,900,0.5139,0x1da172bb228518f94f7040b68f07a5af1b0e6aa8,2017-11-01T01:51:50.000Z,0.000571,0x26aa9d917531c5c9d4fdfc3584da75aa76fe3d7e,sell,0xe41d2489571d322189246dafa5ebde1f4699f498,0xbc62eb4bd46b591cdd54208526cc6403c93f143d935245e09b3e94912b7ee53a
253,1000,0.586839,0x5b45133819739cab05e5d2e13bcf7106932deeac,2017-11-01T01:51:50.000Z,0.000586839,0xc11f32a3d45a3dc54b34234dd2b9f46292e69c02,buy,0xe41d2489571d322189246dafa5ebde1f4699f498,0x0447fff6a1d9e7961696b87492a8049f2cc3bd1b372c8b99ae1ae7b9e959c4eb
254,384,0.224652288,0x51f2ad62552c62c7f888acf5ff89d6d9496cd0ab,2017-11-01T01:51:50.000Z,0.000585032,0x3994b774754703e78b2f3e273cfd8978e7a984cb,buy,0xe41d2489571d322189246dafa5ebde1f4699f498,0x09dc1910c2cea870fd5af8961ed62dbb166d1ff5035168f4fe7d9418da38f340
255,105,0.06142836,0x51f2ad62552c62c7f888acf5ff89d6d9496cd0ab,2017-11-01T01:47:30.000Z,0.000585032,0x3994b774754703e78b2f3e273cfd8978e7a984cb,buy,0xe41d2489571d322189246dafa5ebde1f4699f498,0xca62937a8f7f23957b3b3a79f3d27ea6ad3ae26905a9335455d1c89ae82fe5f8
256,1.0796395873411315,0.000633532509851776,0x1d5321e125f6c7079a716705541c7b371ca79e69,2017-11-01T01:22:01.000Z,0.0005868,0x18e96886612735f0d509d139f304f108f79bc18c,buy,0xe41d2489571d322189246dafa5ebde1f4699f498,0xdb82bb5de36f4754bcd68c51c47d98b4a8cc7c6d69a72034d8a84145a6eabd28
257,1.0764103562723146,0.000680318255423009,0x953d1111662196af36e9d387c0f909e14111fa76,2017-11-01T01:22:01.000Z,0.0006320249999999994,0x1d5321e125f6c7079a716705541c7b371ca79e69,sell,0xe41d2489571d322189246dafa5ebde1f4699f498,0xdb82bb5de36f4754bcd68c51c47d98b4a8cc7c6d69a72034d8a84145a6eabd28
258,1993.918563288422,1.1365335810744006,0xca99a92ec8af79d3e07361d131ad503d4480aa59,2017-11-01T00:30:33.000Z,0.00057,0xf8c8cbe52a143ecb34a797cc135c711c3e8499cc,sell,0xe41d2489571d322189246dafa5ebde1f4699f498,0x3a7f511ef0993b59884d9464600f3f54bdb0ff71706d03571ab051d539473604
259,997.1083461625853,0.5683517573126736,0xca99a92ec8af79d3e07361d131ad503d4480aa59,2017-11-01T00:25:16.000Z,0.00057,0xf8c8cbe52a143ecb34a797cc135c711c3e8499cc,sell,0xe41d2489571d322189246dafa5ebde1f4699f498,0x97f3f1e6f4cdf48bd11048a0623b956435de8b7cdf6d9cad77ef6483421d3c8b
260,3240.0508799460995,1.8468290015692768,0xca99a92ec8af79d3e07361d131ad503d4480aa59,2017-10-31T22:34:16.000Z,0.00057,0x89a96d8addc734eb2278fd804f1b5e1d60869a81,sell,0xe41d2489571d322189246dafa5ebde1f4699f498,0xe64b68438f8c0b31b201f323d7c3ab5b7383d7624f6642c0f56a8d705421b8ba
261,3000,1.722,0xc11f32a3d45a3dc54b34234dd2b9f46292e69c02,2017-10-31T22:32:50.000Z,0.000574,0x89a96d8addc734eb2278fd804f1b5e1d60869a81,sell,0xe41d2489571d322189246dafa5ebde1f4699f498,0x716ae0482c830397e09306d6b76c02e8af75ce78ef1ecf8440b10ea3a7ae20f4
262,738.6889135853115,0.4284395698794807,0x81bc797f1a0236de43cdda010b821586064fcc13,2017-10-31T22:32:50.000Z,0.00058,0x89a96d8addc734eb2278fd804f1b5e1d60869a81,sell,0xe41d2489571d322189246dafa5ebde1f4699f498,0x3fcb16c83dcef98a680a00807ec061d6bb7a4f58d7c570fe6bfcad8f14538e59
263,1226.3110864146886,0.7112604301205193,0x81bc797f1a0236de43cdda010b821586064fcc13,2017-10-31T22:24:17.000Z,0.00058,0x8c54ca1e8494f26d510e68089b3b75c9ec4ad9ba,sell,0xe41d2489571d322189246dafa5ebde1f4699f498,0xfea7e22d8f921bc9577e68c22d0006f05a0f98434ecf33f4f4df8d728598b8a2
264,500,0.293,0x354d2356a6212a078a1116218e98bf6381e1b6c9,2017-10-31T22:24:17.000Z,0.000586,0x89a96d8addc734eb2278fd804f1b5e1d60869a81,buy,0xe41d2489571d322189246dafa5ebde1f4699f498,0xedb978a8c388613641ce3f365d03c583b536f677c006e94fc41f2cc07bcf52ba
265,717.971641916136,0.4360241781356694,0x18e96886612735f0d509d139f304f108f79bc18c,2017-10-31T21:57:11.000Z,0.0006073,0xc9d56287b414e1aa0963016aa721b527f095fd9c,sell,0xe41d2489571d322189246dafa5ebde1f4699f498,0x884c7456ee63c3fb4af1c3b6baae467ca3d275202defad146b4a5b127ccfc6fb
266,720.1255568418844,0.42460259120178245,0xc9d56287b414e1aa0963016aa721b527f095fd9c,2017-10-31T21:57:11.000Z,0.000589623,0x3994b774754703e78b2f3e273cfd8978e7a984cb,buy,0xe41d2489571d322189246dafa5ebde1f4699f498,0x884c7456ee63c3fb4af1c3b6baae467ca3d275202defad146b4a5b127ccfc6fb
267,1481.25,0.8443125,0xca99a92ec8af79d3e07361d131ad503d4480aa59,2017-10-31T21:45:42.000Z,0.00057,0xd56e851c7c96fbd18051190b653c480f5b0bb02c,sell,0xe41d2489571d322189246dafa5ebde1f4699f498,0xf19c7c80357ec4a0e04bfe6c8a5980e9600b1b2746d3df59c93c55de7be76649
268,199.38229101866548,0.11285037671656467,0x1da172bb228518f94f7040b68f07a5af1b0e6aa8,2017-10-31T21:13:44.000Z,0.000566,0x527eee074b45bdc782075223df9d29aff1a64597,sell,0xe41d2489571d322189246dafa5ebde1f4699f498,0xb9954f94d1bd93f1f4b564225407934f4b376ffcfe05507a45a25f7216dd87b5
269,3000,1.686303,0x000b75fcdc15d41277deb033c72d2c8d774ccced,2017-10-31T21:08:57.000Z,0.000562101,0xd56e851c7c96fbd18051190b653c480f5b0bb02c,sell,0xe41d2489571d322189246dafa5ebde1f4699f498,0x50499c3265b9609cb19888d3653234768c0dfdaa490827ea68b1cebad6f6a661
270,766,0.45959234,0x4d97aa9a00d8322c89f7d9ea9bd9bfae946a490c,2017-10-31T20:26:16.000Z,0.00059999,0x1da172bb228518f94f7040b68f07a5af1b0e6aa8,buy,0xe41d2489571d322189246dafa5ebde1f4699f498,0xb548a4ad82d3a2431569a97d9f216f670fb2505976b6acf8494c708a4b96e0e1
271,300,0.17439,0x18e96886612735f0d509d139f304f108f79bc18c,2017-10-31T19:51:14.000Z,0.0005813,0x787e6870754cc306c1758db62dc6cd334ba76345,sell,0xe41d2489571d322189246dafa5ebde1f4699f498,0xfee590a6661954885ed38e2949d994bfd7bb9e0f467954219e05ad32e04f1e2d
272,58.761,0.0342047781,0x18e96886612735f0d509d139f304f108f79bc18c,2017-10-31T19:51:04.000Z,0.0005821,0x787e6870754cc306c1758db62dc6cd334ba76345,sell,0xe41d2489571d322189246dafa5ebde1f4699f498,0xc0004b77efa42841358773e52a3bef252bae4b0670a65587f1ea8bfadc73a276
273,324.1572528065538,0.18347300508850947,0x84b038a13577ac747f5461e08dbea8e13690c966,2017-10-31T19:10:19.000Z,0.000566,0xce7b45f913ed2eede94ccd573ad5e03e6209339d,sell,0xe41d2489571d322189246dafa5ebde1f4699f498,0xc30e0c6806140de13bdb2a8d156855bec03932f4f8e23db59795f3ad01aa45a0
274,9969.095803010667,5.483002691655867,0xe8f0cc52b0d087e4eaabe1de8c0bc01f83918ea9,2017-10-31T19:03:54.000Z,0.00055,0xf36700ff798394c4a58fe861a4661f5489d90735,sell,0xe41d2489571d322189246dafa5ebde1f4699f498,0xeb9756eabcc420ca45f00c79ab076a27d5471494eba76f19e51704f2ce124efc
275,674.4381075400051,0.3923341359181718,0x65f403f5ce12908bfa7d8089f54f097e8b686fae,2017-10-31T18:46:45.000Z,0.00058172,0x72c7c99e6e9db5bc915d2fccbb6102ed3e120f96,sell,0xe41d2489571d322189246dafa5ebde1f4699f498,0x326f4b4cd3e0881e508e00ca557799f3ef88c349a1c896ce9f81a1943c2a1813
276,1000,0.575,0xbfd9d7554a77e82f0bfe6bc9598840a972e204ef,2017-10-31T18:43:37.000Z,0.000575,0xa7a97ccac38c4140d364a88d0d48768c1423d0f8,sell,0xe41d2489571d322189246dafa5ebde1f4699f498,0x45e3b597b1eab5835ff9f6160862a4d1975c20baf380301460a9b1f9cbcc45f4
277,3834.3515961895364,2.2185558335552655,0xa3d7dedda551204ccb03bd79aa87824cc453b8de,2017-10-31T18:43:37.000Z,0.0005786,0xa7a97ccac38c4140d364a88d0d48768c1423d0f8,sell,0xe41d2489571d322189246dafa5ebde1f4699f498,0x781d320f1e2a6d67efdf4f2040de975a968643c79fb5295d964eefa76e619668
278,500,0.29,0x16f18a1128ceb213e151e3c127ccbf95f1dec0a1,2017-10-31T18:43:37.000Z,0.00058,0xa7a97ccac38c4140d364a88d0d48768c1423d0f8,sell,0xe41d2489571d322189246dafa5ebde1f4699f498,0x50a0c280b2351deabda461e424d7844c1f451e9c7f1881c6042fb41e27db6fb6
279,75.473,0.043868832196,0xeaa3c4a5914630143536f0593ecfa1035a7ba3e6,2017-10-31T18:43:37.000Z,0.000581252,0xa7a97ccac38c4140d364a88d0d48768c1423d0f8,sell,0xe41d2489571d322189246dafa5ebde1f4699f498,0x724ac3535a1e10c33e0691ebcd5ab86ed20abc51e4d29a2250c64e361b59d2ac
280,269,0.155670569,0x264e478eea740f5007023165457a3b511ababd98,2017-10-31T18:43:37.000Z,0.000578701,0xa7a97ccac38c4140d364a88d0d48768c1423d0f8,sell,0xe41d2489571d322189246dafa5ebde1f4699f498,0xb191eaeb2e56f79d2df905ee8cb393586f592a58a41a2decd8bf7794424de20f
281,517,0.29986,0x6f4f60856c8d2865323a0078edfafd5ffc1ffd6c,2017-10-31T18:43:37.000Z,0.00058,0xa7a97ccac38c4140d364a88d0d48768c1423d0f8,sell,0xe41d2489571d322189246dafa5ebde1f4699f498,0x4f2c53bede66581b5b5943321954e452c7d3bcbba451e4c749a29acf6fe3887a
282,560.3448275862067,0.32499999999999996,0x48b0cf16b6b394cfe192a9f20e5bb1d130bcb207,2017-10-31T18:43:32.000Z,0.00058,0xa7a97ccac38c4140d364a88d0d48768c1423d0f8,sell,0xe41d2489571d322189246dafa5ebde1f4699f498,0xdb1ab8448f3b28bf1a51c2b5dbb4c9577411ba75e58e3795e15209a72fd753a2
283,1000,0.59,0x4de6bf61916eafb0510af6aa45e0cf994a571adb,2017-10-31T18:22:23.000Z,0.00059,0x72c7c99e6e9db5bc915d2fccbb6102ed3e120f96,sell,0xe41d2489571d322189246dafa5ebde1f4699f498,0xf54b4c66879e46a1ff83e0e15ffc1cc46ae8512c24100446efc3c766a2213fb0
284,22714.718373043564,13.202975483768318,0xeaa3c4a5914630143536f0593ecfa1035a7ba3e6,2017-10-31T17:46:34.000Z,0.000581252,0xb3d98d091d3229291823fcb828446f7e7f780a14,sell,0xe41d2489571d322189246dafa5ebde1f4699f498,0xb7dafb96d5869c755b0def3e395d7179a6cc3abe9682b884c5ee24792989dff7
285,5762.541825211843,3.3494889609880345,0xeaa3c4a5914630143536f0593ecfa1035a7ba3e6,2017-10-31T17:24:41.000Z,0.000581252,0xf751033d4e6864a88be93e36258246f26aef577c,sell,0xe41d2489571d322189246dafa5ebde1f4699f498,0x9c94c809cb0c1fa0bf9e92f002681ee59aa9ee7d6070148369bb008fe1340e26
286,9940.485805299406,5.77792725530189,0xeaa3c4a5914630143536f0593ecfa1035a7ba3e6,2017-10-31T17:16:39.000Z,0.000581252,0x6c723da0e2243be0d60a23801c00039b98ce35d6,sell,0xe41d2489571d322189246dafa5ebde1f4699f498,0x36b6c4cba54bc4d5d94bb371bda1cd0a9ac554fdf12a8a30a1f8d170b8d49de9
287,13013.112958339829,7.563897933260942,0xeaa3c4a5914630143536f0593ecfa1035a7ba3e6,2017-10-31T17:09:03.000Z,0.000581252,0x6c723da0e2243be0d60a23801c00039b98ce35d6,sell,0xe41d2489571d322189246dafa5ebde1f4699f498,0x2d7d21f4e6aca44cf00ee2e02763b6cd1071f5674f9b06ed294fb1eaeff92855
288,191.23861879402165,0.11132,0x18e96886612735f0d509d139f304f108f79bc18c,2017-10-31T17:07:23.000Z,0.0005821,0x6c723da0e2243be0d60a23801c00039b98ce35d6,sell,0xe41d2489571d322189246dafa5ebde1f4699f498,0x8ef55788d713d5675d24a890b73c9e1522144fb88006a36e678257243b557681
289,292.695,0.170641185,0xbfd9d7554a77e82f0bfe6bc9598840a972e204ef,2017-10-31T17:07:23.000Z,0.000583,0x6c723da0e2243be0d60a23801c00039b98ce35d6,sell,0xe41d2489571d322189246dafa5ebde1f4699f498,0x0b2ac0f4e6bb3b3e2de340e4c2e807821a0e958d6d59711e89ddc7a318ce67a7
290,247.673,0.14439583573,0x3994b774754703e78b2f3e273cfd8978e7a984cb,2017-10-31T17:07:23.000Z,0.00058301,0x6c723da0e2243be0d60a23801c00039b98ce35d6,sell,0xe41d2489571d322189246dafa5ebde1f4699f498,0xff67769529e53c9b76b3ea5728ef0129a672521c51fc4dd3715d335d3a549bc3
291,1679.5288566487907,0.9791670029551016,0x72c7c99e6e9db5bc915d2fccbb6102ed3e120f96,2017-10-31T17:07:08.000Z,0.000583001,0x6c723da0e2243be0d60a23801c00039b98ce35d6,sell,0xe41d2489571d322189246dafa5ebde1f4699f498,0x20a14ef11704cb400f0d7f4bc6708e1f32c220ec7659fae490d21517fd0750e9
292,1000,0.58342,0x0eabffd8ce94ab2387fc44ba32642af0c58af433,2017-10-31T17:07:05.000Z,0.00058342,0x6c723da0e2243be0d60a23801c00039b98ce35d6,sell,0xe41d2489571d322189246dafa5ebde1f4699f498,0x0b94584bdc006b8e4268c671bf78a908d2a8ec3a4e2227a0585d7ce8dbb87c4e
293,501.5,0.30002739,0xc9d56287b414e1aa0963016aa721b527f095fd9c,2017-10-31T16:47:05.000Z,0.00059826,0x65f403f5ce12908bfa7d8089f54f097e8b686fae,buy,0xe41d2489571d322189246dafa5ebde1f4699f498,0xab725348656ae28f88d50d1f7b19e011765f76060825eaa529b61fe607258f5e
294,500,0.31055,0x18e96886612735f0d509d139f304f108f79bc18c,2017-10-31T16:47:05.000Z,0.0006211,0xc9d56287b414e1aa0963016aa721b527f095fd9c,sell,0xe41d2489571d322189246dafa5ebde1f4699f498,0xab725348656ae28f88d50d1f7b19e011765f76060825eaa529b61fe607258f5e
295,152.32678795733227,0.08880804064700429,0x3994b774754703e78b2f3e273cfd8978e7a984cb,2017-10-31T16:33:17.000Z,0.00058301,0x5ad9952330353215a1e4ff58929d7f0d1432c114,sell,0xe41d2489571d322189246dafa5ebde1f4699f498,0x86d7231e807fcb7a8a817e40a701005fef2ed87229456b6a10ac77ec7c23a1af
296,35.096,0.02053116,0xae6a79d8cb513ff3637bc7daef6d8049e787f1e5,2017-10-31T16:27:02.000Z,0.000585,0x5ad9952330353215a1e4ff58929d7f0d1432c114,sell,0xe41d2489571d322189246dafa5ebde1f4699f498,0x2bb7bfda612f6e49c649ea8cfb27c355b5183f3dcb7ab33bf2727f244fb09197
297,15159.667916965635,8.811587296072108,0xeaa3c4a5914630143536f0593ecfa1035a7ba3e6,2017-10-31T16:22:03.000Z,0.000581252,0x30fe208cad112e6ef4d37115301bd7ffb9fd7203,sell,0xe41d2489571d322189246dafa5ebde1f4699f498,0xc3a1e414556ff4b36868514891a41c39e7fb55001c0f479da97b223baee67e6e
298,14.903798225500948,0.008718721961918054,0xae6a79d8cb513ff3637bc7daef6d8049e787f1e5,2017-10-31T16:21:09.000Z,0.000585,0x6c723da0e2243be0d60a23801c00039b98ce35d6,sell,0xe41d2489571d322189246dafa5ebde1f4699f498,0x17543b28e133a34071370d6a3f80e967b9e87191063d6ff44f47bb80062aedd5
299,844,0.50000248,0x65f403f5ce12908bfa7d8089f54f097e8b686fae,2017-10-31T16:16:32.000Z,0.00059242,0x30fe208cad112e6ef4d37115301bd7ffb9fd7203,sell,0xe41d2489571d322189246dafa5ebde1f4699f498,0x29d1ab18d32e7cb4f4c81ed3c8122dcaa05e646cd1ed83ce3c34f3c5a561e977
300,800,0.4650568,0x3994b774754703e78b2f3e273cfd8978e7a984cb,2017-10-31T16:16:32.000Z,0.000581321,0x30fe208cad112e6ef4d37115301bd7ffb9fd7203,sell,0xe41d2489571d322189246dafa5ebde1f4699f498,0x6c6b969fab78eecf17d5e6f576f2e502d317236ef6e579d9960022f241e680a3
301,500,0.30005,0x18e96886612735f0d509d139f304f108f79bc18c,2017-10-31T16:16:28.000Z,0.0006001,0x30fe208cad112e6ef4d37115301bd7ffb9fd7203,sell,0xe41d2489571d322189246dafa5ebde1f4699f498,0x7c44f43df436a9e5c91feb42e57ecea0b84fff5dfab650fc3a680a1690259273
302,2635,1.55465,0x1da172bb228518f94f7040b68f07a5af1b0e6aa8,2017-10-31T16:15:18.000Z,0.00059,0x30fe208cad112e6ef4d37115301bd7ffb9fd7203,sell,0xe41d2489571d322189246dafa5ebde1f4699f498,0x3653bd998acc857f03832d5132a98998fa418a9f7d7e149b0c7096b3bc3477ae
303,266,0.163324,0x15b7fec273f6f09786ae3efc6e0aa9ea33f56508,2017-10-31T15:55:57.000Z,0.000614,0xf751033d4e6864a88be93e36258246f26aef577c,buy,0xe41d2489571d322189246dafa5ebde1f4699f498,0xf41afd7a800ab68750e7be03198546b4b44c9338c582526397d5b77fcc387f8f
304,829.365,0.50560578495,0x15b7fec273f6f09786ae3efc6e0aa9ea33f56508,2017-10-31T15:46:07.000Z,0.00060963,0x65f403f5ce12908bfa7d8089f54f097e8b686fae,buy,0xe41d2489571d322189246dafa5ebde1f4699f498,0xbee2739f5557164c528b5a9d3df9b877af67f3d5507a64ee1ad8255269885d79
305,2538,1.555794,0x15b7fec273f6f09786ae3efc6e0aa9ea33f56508,2017-10-31T15:43:33.000Z,0.000613,0x1da172bb228518f94f7040b68f07a5af1b0e6aa8,buy,0xe41d2489571d322189246dafa5ebde1f4699f498,0xf4b847c7001531b69256a25cedfe004953ca2009d3bff686788c0d2e54dee887
306,600,0.36606,0x15b7fec273f6f09786ae3efc6e0aa9ea33f56508,2017-10-31T15:43:25.000Z,0.0006101,0x3994b774754703e78b2f3e273cfd8978e7a984cb,buy,0xe41d2489571d322189246dafa5ebde1f4699f498,0xa68714d6883423ee9a602807580bec67381ab3efe2076a81812a5e3f0b66e034
307,339.94616688266376,0.1996585425181936,0x3994b774754703e78b2f3e273cfd8978e7a984cb,2017-10-31T14:54:20.000Z,0.000587324,0x7c2001d5acf076226f55386f04c2f0f4fd9411cd,sell,0xe41d2489571d322189246dafa5ebde1f4699f498,0x3b3721661c5087fe714f5a0fd8d4cd8695a56c9276542e5db4a011dc2dda607f
308,269.26527763931813,0.15820196710198384,0x3994b774754703e78b2f3e273cfd8978e7a984cb,2017-10-31T14:48:58.000Z,0.000587532,0x44c2a8c707b49f1790d51305f036f79a0dad9790,sell,0xe41d2489571d322189246dafa5ebde1f4699f498,0x0fa097415ba233c8af2b23394d4abe1adc8de52eb15c506c02ea6334fbde613c
309,216.915,0.1338669231,0xf2a3d1bf4d42fd01eeb9d900eead978c08b3c07c,2017-10-31T13:48:00.000Z,0.00061714,0x65f403f5ce12908bfa7d8089f54f097e8b686fae,buy,0xe41d2489571d322189246dafa5ebde1f4699f498,0xf35c99f2487c38dc67799467ad1893e0f7006ec2495612f1597617427232cc7e
310,783.0863754149921,0.47768268900314514,0xf2a3d1bf4d42fd01eeb9d900eead978c08b3c07c,2017-10-31T13:23:19.000Z,0.00061,0x16f18a1128ceb213e151e3c127ccbf95f1dec0a1,sell,0xe41d2489571d322189246dafa5ebde1f4699f498,0x4652d63bc0497d0039973d0a0b2abe7e2564191531e1b0662d0b6894303ef219
311,500,0.305,0xf2a3d1bf4d42fd01eeb9d900eead978c08b3c07c,2017-10-31T13:16:46.000Z,0.00061,0x9778550d76b07ac9f5e57392f68ecdf6efc1774e,sell,0xe41d2489571d322189246dafa5ebde1f4699f498,0x7e42392f175332d6d64c660780e5c9a35ce82d88f4c259e38504538b3204b62d
312,400,0.2468,0xf2a3d1bf4d42fd01eeb9d900eead978c08b3c07c,2017-10-31T13:16:02.000Z,0.000617,0x9778550d76b07ac9f5e57392f68ecdf6efc1774e,sell,0xe41d2489571d322189246dafa5ebde1f4699f498,0x4f35ee4d0618954f580cc106a996e3bffa106d3b9443d977f02193e8448a1fd0
313,400,0.2472,0xf2a3d1bf4d42fd01eeb9d900eead978c08b3c07c,2017-10-31T13:15:05.000Z,0.000618,0x9778550d76b07ac9f5e57392f68ecdf6efc1774e,sell,0xe41d2489571d322189246dafa5ebde1f4699f498,0x1bf4f2df8c8775da07f4b516237fe1d9274917a3b90156fd2506ddab71260a30
314,500,0.306,0xf2a3d1bf4d42fd01eeb9d900eead978c08b3c07c,2017-10-31T13:15:05.000Z,0.000612,0x9778550d76b07ac9f5e57392f68ecdf6efc1774e,sell,0xe41d2489571d322189246dafa5ebde1f4699f498,0x309e50b486f7e4f21bfdcdf168d89ba4e90bc7e0a0aa281710096dadd4bc4718
315,200,0.122,0xf2a3d1bf4d42fd01eeb9d900eead978c08b3c07c,2017-10-31T13:06:02.000Z,0.00061,0x3439d1eacaf38d49af539fa6fba849375c4fbc21,buy,0xe41d2489571d322189246dafa5ebde1f4699f498,0x0c08fda60db0707458373bbed31231169e8d8913dcc2de291c662240d12ee450
316,89,0.05429,0x651264c2513774bd0d1b97c3418110b09f2fa0a7,2017-10-31T11:16:43.000Z,0.00061,0x3439d1eacaf38d49af539fa6fba849375c4fbc21,buy,0xe41d2489571d322189246dafa5ebde1f4699f498,0x8b396e2dea30c78fbf742a51864bfda57b392b72b32d8a232842640584b782c3
317,7693.370896906075,4.616791875233336,0x335c0552eb130f3dfbe6efcb4d2895aed1e9938b,2017-10-31T10:56:59.000Z,0.0006001,0x6a53d625f658e44e886bfaf28e07c3e9ce71023b,sell,0xe41d2489571d322189246dafa5ebde1f4699f498,0x6b15835fecbd420e915e138fb2d33a0e21aaf6df7752de3c1c9657610932ff8b
318,1545.2098494666534,0.9272804306649387,0x335c0552eb130f3dfbe6efcb4d2895aed1e9938b,2017-10-31T10:47:59.000Z,0.0006001,0x5438843c490dea4ad75d29f2564929017a88914a,sell,0xe41d2489571d322189246dafa5ebde1f4699f498,0x39892c82a0081a01bdbbb36b81860bde01a9c1366ee84d262b3692c16f31783c
319,2393.6944754761385,1.4364560547332308,0x335c0552eb130f3dfbe6efcb4d2895aed1e9938b,2017-10-31T10:00:17.000Z,0.0006001,0xd3646d2e69cfef65d658e5e8a8ea096c28088684,sell,0xe41d2489571d322189246dafa5ebde1f4699f498,0x0e9af6c6a63f268377a8a9ec45d1493f8483c3ddcf219c47d5128d549db5cc13
320,290.48350114644603,0.1743481973880969,0x18e96886612735f0d509d139f304f108f79bc18c,2017-10-31T09:59:00.000Z,0.0006002,0xd3646d2e69cfef65d658e5e8a8ea096c28088684,sell,0xe41d2489571d322189246dafa5ebde1f4699f498,0x7a00719dae33aafd2c9b62e3f1a288e4615de0729a438e9b9b16f5565f481d85
321,830.04,0.4999994952,0x65f403f5ce12908bfa7d8089f54f097e8b686fae,2017-10-31T09:58:13.000Z,0.00060238,0xd3646d2e69cfef65d658e5e8a8ea096c28088684,sell,0xe41d2489571d322189246dafa5ebde1f4699f498,0xecd6cfc5e2316b1f9c620d91aa5d706e487b3921c922352bb0e91c31a2d3edf4
322,209.51649885355397,0.1257518026119031,0x18e96886612735f0d509d139f304f108f79bc18c,2017-10-31T09:37:51.000Z,0.0006002,0x527e6009e17c7e85ca8c3912accd8f0e12b89e2b,sell,0xe41d2489571d322189246dafa5ebde1f4699f498,0x05a4be8c4dabea4491358ed381765e8eaecd99fca3ea823f2b2f3f7b1d0e1b9e
323,216.23939349973014,0.13025828585636745,0x65f403f5ce12908bfa7d8089f54f097e8b686fae,2017-10-31T09:12:20.000Z,0.00060238,0x16dc6969d04f07a59d29ced6d04140851bbe6ded,sell,0xe41d2489571d322189246dafa5ebde1f4699f498,0xf84dcbb6d01f1dd50c51ff082141d56eae2b6d2a0ebc401fc712e83f1709cd60
324,30,0.018339,0xd38d18e7fe700b28f881946746798fc6f510ba02,2017-10-31T09:06:31.000Z,0.0006113,0x16dc6969d04f07a59d29ced6d04140851bbe6ded,sell,0xe41d2489571d322189246dafa5ebde1f4699f498,0xc09865a5619f4177eba3ab323461e826d8e02e1b83067e3411dc498b9bdcc2f5
325,2000,1.246,0xfd3e8b8aee8704ffcdd3181d639a050bc832fddf,2017-10-31T08:31:06.000Z,0.000623,0xd820d6ed8ac714bc686ff237b8c8816c7e53497e,buy,0xe41d2489571d322189246dafa5ebde1f4699f498,0xbc6967b8ae2b1e683b0a6a2a785216d8b7b67a3b3e552b777d4e392b013b8f59
326,1,0.000624,0x651264c2513774bd0d1b97c3418110b09f2fa0a7,2017-10-31T08:11:38.000Z,0.000624,0xf0a3f086d10a5c4da599ea234958d70bba98126a,buy,0xe41d2489571d322189246dafa5ebde1f4699f498,0xee50aa34891adcd40ff6ac4aa09725c9e63a393b072e1cd0311c66f7d2f65ae2
327,10,0.00624,0x651264c2513774bd0d1b97c3418110b09f2fa0a7,2017-10-31T08:05:03.000Z,0.000624,0xf0a3f086d10a5c4da599ea234958d70bba98126a,buy,0xe41d2489571d322189246dafa5ebde1f4699f498,0xb0540c607d147bfe55cfcee31a6c6d8a1243de099cdb31dd94f9d9e15e0e5328
328,500,0.3295,0xe4df51b64035e8f4bbd379385de3f3e482b45e01,2017-10-31T07:48:24.000Z,0.000659,0x18e96886612735f0d509d139f304f108f79bc18c,buy,0xe41d2489571d322189246dafa5ebde1f4699f498,0xbae94a97512e125202ad35582976708651794ca00f4348c2955551183425cba7
329,713.548,0.444506867244,0xe4df51b64035e8f4bbd379385de3f3e482b45e01,2017-10-31T07:47:06.000Z,0.000622953,0x2afdfa2d5d8a96d71497c6fdcceb17b16166d962,buy,0xe41d2489571d322189246dafa5ebde1f4699f498,0x4b8dbb59eff8a5051f0c151719c4d74f2ac64f382674ff8cfba9b4a548283bad
330,419.34388508891044,0.2591545209849467,0xe4df51b64035e8f4bbd379385de3f3e482b45e01,2017-10-31T07:46:59.000Z,0.000618,0x18e96886612735f0d509d139f304f108f79bc18c,buy,0xe41d2489571d322189246dafa5ebde1f4699f498,0xaa55b5f8738171590b2568a985a554dd24f67eafa4b25d24421c3e8879f85dd9
331,1389,0.8583801927,0xe4df51b64035e8f4bbd379385de3f3e482b45e01,2017-10-31T07:46:11.000Z,0.0006179843,0x3994b774754703e78b2f3e273cfd8978e7a984cb,buy,0xe41d2489571d322189246dafa5ebde1f4699f498,0x82f93dbd31855ebab2bf967c5e7ad578c53d912b5862540c0b2386349effae4f
332,704.667,0.43408191867,0xe4df51b64035e8f4bbd379385de3f3e482b45e01,2017-10-31T07:44:14.000Z,0.00061601,0x65f403f5ce12908bfa7d8089f54f097e8b686fae,buy,0xe41d2489571d322189246dafa5ebde1f4699f498,0x7097bc2b2f782d371f18076363d62355487cee8e8fab73c5e3b0af03d4205a51
333,1008,0.61488,0xe4df51b64035e8f4bbd379385de3f3e482b45e01,2017-10-31T07:43:49.000Z,0.00061,0x90a1118c09f8ae7413e51b3c463cdb2d162ed739,buy,0xe41d2489571d322189246dafa5ebde1f4699f498,0xf6fdb9fab67316f749a8d3b2b8d6136c011617c7daed15679e80a1dde8270f68
334,2000,1.2002,0x335c0552eb130f3dfbe6efcb4d2895aed1e9938b,2017-10-31T06:42:35.000Z,0.0006001,0x953d1111662196af36e9d387c0f909e14111fa76,sell,0xe41d2489571d322189246dafa5ebde1f4699f498,0x36fef850e0f1ec9e619410281d7c8a6481eb258f8eea1657f0082a409d21868b
335,0.7341745015322,0.000440578118369473,0x335c0552eb130f3dfbe6efcb4d2895aed1e9938b,2017-10-31T06:07:52.000Z,0.0006000999999999997,0xe444a40689f51f63bcd29910622035707d533d29,sell,0xe41d2489571d322189246dafa5ebde1f4699f498,0x1db649aa0f56e65dc1379b89234abfff73bde2cd5d84be590f0174b2ef7df33a
336,1993.8203568936297,1.1962922141361778,0x3b92bd8797e55ba33892390e22d5c06c51cace96,2017-10-31T04:29:48.000Z,0.0006,0xf8c8cbe52a143ecb34a797cc135c711c3e8499cc,sell,0xe41d2489571d322189246dafa5ebde1f4699f498,0x2815348625bbb5c0341f5ce7da609cc0af408a4253806398de40edf609038aeb
337,636.3529818816409,0.3818117891289845,0x3b92bd8797e55ba33892390e22d5c06c51cace96,2017-10-31T04:16:39.000Z,0.0006,0xae1af243984fbeede00fba997c2729052b013295,sell,0xe41d2489571d322189246dafa5ebde1f4699f498,0x8c349d897e08ad9bcba334af0c71fe2ed5b7c56db1b2da3204a7fc9dbf87c85e
338,3111.354800119629,1.8668128800717776,0x3b92bd8797e55ba33892390e22d5c06c51cace96,2017-10-31T04:09:52.000Z,0.0006,0x2dd2fa545e53712d50fa4ae81743cce8bf560ab9,sell,0xe41d2489571d322189246dafa5ebde1f4699f498,0x11820ebc2b6fcfd2d34146448fdfba2cce68957526d66ce224040e8c42331c8a
339,10256.799986374372,6.389504321911874,0x09840c28d82feb998b03123666fae237de636583,2017-10-31T04:07:01.000Z,0.000622953,0x2afdfa2d5d8a96d71497c6fdcceb17b16166d962,buy,0xe41d2489571d322189246dafa5ebde1f4699f498,0x952fc37cfd607fca55df14d324dc724b6e13259c5195cead1f69c0edb4121f76
340,80.65611491108953,0.04984547901505333,0x004946d7c4a8ccb6b6dcdb68488510c93362bde3,2017-10-31T04:05:45.000Z,0.000618,0x18e96886612735f0d509d139f304f108f79bc18c,buy,0xe41d2489571d322189246dafa5ebde1f4699f498,0xf45297a390d746ca7d2a9b5d8ac7cf96850c7ec0f23e7c74da10162a4d42aeed
341,3,0.00200097,0x8a1fd9c947b6fed951142719249441008eec8087,2017-10-31T03:34:36.000Z,0.00066699,0x00a6ae3dc7e5af897322e62923124d13a6336168,buy,0xe41d2489571d322189246dafa5ebde1f4699f498,0xc544b20cde698ef16374261b26819fd93f5215b6971d4b1d521f9c1261b97f5e
342,1350,0.78466455,0x619741507837ec9c297cb9e7b9d07e433c247d09,2017-10-31T03:33:25.000Z,0.000581233,0x05f376c5b261a1e245c46803a723462853c5f947,sell,0xe41d2489571d322189246dafa5ebde1f4699f498,0xabd608647cb65b66ff93131b77a24db690806f284442fd90c8523a4d689de176
343,366.52875055686906,0.21442298436327398,0x3994b774754703e78b2f3e273cfd8978e7a984cb,2017-10-31T03:29:41.000Z,0.00058501,0x05f376c5b261a1e245c46803a723462853c5f947,sell,0xe41d2489571d322189246dafa5ebde1f4699f498,0x0b91203a982c723e3b134c44d057595032a0c06390a968cbfcf45834c1c46676
344,2000,1.162466,0x619741507837ec9c297cb9e7b9d07e433c247d09,2017-10-31T03:29:30.000Z,0.000581233,0x05f376c5b261a1e245c46803a723462853c5f947,sell,0xe41d2489571d322189246dafa5ebde1f4699f498,0x7394201a24fea7897989f1157663110cd569508e1ed2ce9226a49312b1979672
345,764.7345202798645,0.4444889394258264,0x619741507837ec9c297cb9e7b9d07e433c247d09,2017-10-31T03:25:09.000Z,0.000581233,0x1a84a246b1ff279f1eaa13fca4c2245b58d32517,sell,0xe41d2489571d322189246dafa5ebde1f4699f498,0x445fa7082c9116eea9ed21bf679be9ed59af6301a166025c853697e3be4e19fe
346,0.8973080757726819,0.000567367896311066,0x18e96886612735f0d509d139f304f108f79bc18c,2017-10-31T02:50:01.000Z,0.000632299999999999,0x1d5321e125f6c7079a716705541c7b371ca79e69,sell,0xe41d2489571d322189246dafa5ebde1f4699f498,0x38666d4714461615abaf346406fc5a01a842039c71b5e5fa7e49f511f91cf606
347,0.9,0.00055125,0x1d5321e125f6c7079a716705541c7b371ca79e69,2017-10-31T02:50:01.000Z,0.0006125,0x1a84a246b1ff279f1eaa13fca4c2245b58d32517,buy,0xe41d2489571d322189246dafa5ebde1f4699f498,0x38666d4714461615abaf346406fc5a01a842039c71b5e5fa7e49f511f91cf606
348,4588.562960561614,2.8104948133439884,0x273a5d3e6721b9f5c1a6474f560c1334c63dda01,2017-10-31T02:24:23.000Z,0.0006125,0x1a84a246b1ff279f1eaa13fca4c2245b58d32517,buy,0xe41d2489571d322189246dafa5ebde1f4699f498,0xb59c2ef327e900c60fd2e822d64f86de3219a441fb8545f6fb5de11124372518
349,4574.797271679929,2.9093880728975674,0x2256c01a9c0e2de68cb7d27f7e39dc4e1c7d3783,2017-10-31T02:24:23.000Z,0.00063596,0x273a5d3e6721b9f5c1a6474f560c1334c63dda01,sell,0xe41d2489571d322189246dafa5ebde1f4699f498,0xb59c2ef327e900c60fd2e822d64f86de3219a441fb8545f6fb5de11124372518
350,300,0.18033,0xaaa21488d380648c240a6444996b8ee81fb5b762,2017-10-31T01:17:29.000Z,0.0006011,0x2afdfa2d5d8a96d71497c6fdcceb17b16166d962,sell,0xe41d2489571d322189246dafa5ebde1f4699f498,0x4fec8432701e1af5eaa881402f5c5ebc23cfd7908ef1aed0b41c1bd1be93c18b
351,853.4,0.513166488,0x3994b774754703e78b2f3e273cfd8978e7a984cb,2017-10-31T01:15:49.000Z,0.00060132,0x2afdfa2d5d8a96d71497c6fdcceb17b16166d962,sell,0xe41d2489571d322189246dafa5ebde1f4699f498,0x42a744653a3a8459a181763b920c5b3363e6509e7e7e269ffa7dcc549554b314
352,276.4,0.1669456,0x0d710c8aab9ee65daf642433a662ccb72d3fbec4,2017-10-31T01:14:19.000Z,0.000604,0x2afdfa2d5d8a96d71497c6fdcceb17b16166d962,sell,0xe41d2489571d322189246dafa5ebde1f4699f498,0x24358e2a2e77293f90598034b9742bc4747be32fe93bce7347a3f188a8f78128
353,2000,1.25,0x0dd490d3ef56152abaa8712b75a2d6a2d88adac0,2017-10-31T01:10:13.000Z,0.000625,0xbd8fd9cade7a6946124b0cc73d7a81466aa539f2,buy,0xe41d2489571d322189246dafa5ebde1f4699f498,0x48ef8c808ccfb882549b0481319229d35c9e23827be656cde239fafde250b7e4
354,146.6,0.088153512,0x3994b774754703e78b2f3e273cfd8978e7a984cb,2017-10-31T00:34:21.000Z,0.00060132,0x6176296e5b8ad737748aa2cf02de1d39fa4076d6,sell,0xe41d2489571d322189246dafa5ebde1f4699f498,0xf072f3e195b0838210a1dd0dad8de5a0e98538c4fa69e2647570fc64676fc57f
355,80.54896658002949,0.04985521902194318,0xced05165068616f2f17b0681fc00f40ef8772a96,2017-10-30T23:47:02.000Z,0.000618943,0x3994b774754703e78b2f3e273cfd8978e7a984cb,buy,0xe41d2489571d322189246dafa5ebde1f4699f498,0x6bf9bfea7e9e177b34a0f86f9939eb20a1d7ab1e0b5295b8f97a1721d65655d8
356,200,0.1237886,0x9a941cbe8f6580ebb8ec48da765b3ad49b1d5671,2017-10-30T23:37:42.000Z,0.000618943,0x3994b774754703e78b2f3e273cfd8978e7a984cb,buy,0xe41d2489571d322189246dafa5ebde1f4699f498,0xb18506a7fadcebd806ff6a3b5a1e4d3ef31128c4c08f524485b426277571eea4
357,155.36251000000001,0.098670730101,0x18e96886612735f0d509d139f304f108f79bc18c,2017-10-30T23:08:56.000Z,0.0006351,0xd2ea382e498316d91b9de8557670149b479721a0,sell,0xe41d2489571d322189246dafa5ebde1f4699f498,0x72e5fec33cc1de94729f6824f0e6f08bd794f2882d002f1268d573314b5a42cc
358,155.83,0.096489936,0xd2ea382e498316d91b9de8557670149b479721a0,2017-10-30T23:08:56.000Z,0.0006192,0x65f403f5ce12908bfa7d8089f54f097e8b686fae,buy,0xe41d2489571d322189246dafa5ebde1f4699f498,0x72e5fec33cc1de94729f6824f0e6f08bd794f2882d002f1268d573314b5a42cc
359,299.1,0.18912093,0x18e96886612735f0d509d139f304f108f79bc18c,2017-10-30T23:08:56.000Z,0.0006323,0xd53955fa72ae2844f9add18bb455898af8e470f1,sell,0xe41d2489571d322189246dafa5ebde1f4699f498,0x42dec886d032423aaf0a852319bc8ff2a7818e98b2faf4fb71da52aa70b72d1b
360,300,0.1857,0xd53955fa72ae2844f9add18bb455898af8e470f1,2017-10-30T23:08:56.000Z,0.000619,0x6176296e5b8ad737748aa2cf02de1d39fa4076d6,buy,0xe41d2489571d322189246dafa5ebde1f4699f498,0x42dec886d032423aaf0a852319bc8ff2a7818e98b2faf4fb71da52aa70b72d1b
361,1,0.0006192,0x6e05d10b3e6ab715fe2256b55833cf9006ba898d,2017-10-30T22:49:13.000Z,0.0006192,0x65f403f5ce12908bfa7d8089f54f097e8b686fae,buy,0xe41d2489571d322189246dafa5ebde1f4699f498,0x9dba7c09c6dc6cc5ea8599dfc5a074207778477abd038896c55dd6f461d645c9
362,250,0.15575,0xaaa21488d380648c240a6444996b8ee81fb5b762,2017-10-30T22:43:34.000Z,0.000623,0x1a84a246b1ff279f1eaa13fca4c2245b58d32517,buy,0xe41d2489571d322189246dafa5ebde1f4699f498,0xecdbfa390527ee58ae9376c223b3fbd8f108ec2728a3894b685656792bcb3f6f
363,1.0017985615140539,0.00062336915490212,0x6e05d10b3e6ab715fe2256b55833cf9006ba898d,2017-10-30T22:43:08.000Z,0.00062225,0x65f403f5ce12908bfa7d8089f54f097e8b686fae,buy,0xe41d2489571d322189246dafa5ebde1f4699f498,0x1324d6144e431e95cc308f950cafeab339b8c700b15c9a8482851f105f6a8980
364,250,0.1555625,0xaaa21488d380648c240a6444996b8ee81fb5b762,2017-10-30T22:43:08.000Z,0.00062225,0x65f403f5ce12908bfa7d8089f54f097e8b686fae,buy,0xe41d2489571d322189246dafa5ebde1f4699f498,0x3b048ecf11dec86a47b42ea70d8d5b784ad5d891006fae8859626f5901fd0da1
365,1.000898069151325,0.000622808823529412,0x6e05d10b3e6ab715fe2256b55833cf9006ba898d,2017-10-30T22:41:53.000Z,0.00062225,0x65f403f5ce12908bfa7d8089f54f097e8b686fae,buy,0xe41d2489571d322189246dafa5ebde1f4699f498,0xb65dd5f2f57b6393fe1dcdae22d60e7aa108671342a78bb115612df7d9098c46
366,1,0.00062225,0x6e05d10b3e6ab715fe2256b55833cf9006ba898d,2017-10-30T22:38:58.000Z,0.00062225,0x65f403f5ce12908bfa7d8089f54f097e8b686fae,buy,0xe41d2489571d322189246dafa5ebde1f4699f498,0xb4d1089aeb424e1fca74371d5d2b5ab9546c767f7d8975e4f2ec5500d5e69c98
367,255,0.14982066,0x3994b774754703e78b2f3e273cfd8978e7a984cb,2017-10-30T22:33:30.000Z,0.000587532,0x6b8f546926d84de6a9d25eafc153c5a4f04b3a05,sell,0xe41d2489571d322189246dafa5ebde1f4699f498,0xd7b8bef0cf9dd4058153a41503d42f5ab133640ed3c2ebefe1dc87a142e87df5
368,5,0.00311125,0x6e05d10b3e6ab715fe2256b55833cf9006ba898d,2017-10-30T22:33:09.000Z,0.00062225,0x65f403f5ce12908bfa7d8089f54f097e8b686fae,buy,0xe41d2489571d322189246dafa5ebde1f4699f498,0x47fec5ca98a5525868124fc00779c17c05c9f97cbedea3bac70651e602c8c483
369,940,0.5789084,0xb2006deda3f1259a883b2905a1714a91ad88870c,2017-10-30T22:29:01.000Z,0.00061586,0x1a84a246b1ff279f1eaa13fca4c2245b58d32517,sell,0xe41d2489571d322189246dafa5ebde1f4699f498,0x2b24b1ca99e1147d3c0196a5e7c5f4d92b62fb189dd81f0ccd4d622a57c3fd9d
370,500,0.31145,0xb2006deda3f1259a883b2905a1714a91ad88870c,2017-10-30T22:27:01.000Z,0.0006229,0x18e96886612735f0d509d139f304f108f79bc18c,buy,0xe41d2489571d322189246dafa5ebde1f4699f498,0x727f557e058767bc0177f4762420fb5db28075698caa7697d4472d516c1766c1
371,5,0.0030793,0x6e05d10b3e6ab715fe2256b55833cf9006ba898d,2017-10-30T22:23:51.000Z,0.00061586,0x65f403f5ce12908bfa7d8089f54f097e8b686fae,buy,0xe41d2489571d322189246dafa5ebde1f4699f498,0x0f63808bdd57a9c2be4de05ca03cd5616f76da5f0ac19fd0ff2c3e35d9fd86e1
372,3.255,0.0019207755,0xb0d2d7af369ca6eb31dfe40de723a3255c87119d,2017-10-30T21:23:36.000Z,0.0005901,0x0cd2795a623adeb9370e2895e8d7526a6e4c556d,sell,0xe41d2489571d322189246dafa5ebde1f4699f498,0xe8bc7f516a8f9497d651df86788b9a580ac7eb9d5a62710038bd0f35d67c841d
373,1.9782579238877962,0.001145411337931034,0x0cd2795a623adeb9370e2895e8d7526a6e4c556d,2017-10-30T21:23:36.000Z,0.000579,0xa517063873f01b2c4a8b56da8a70891a9784bb5f,buy,0xe41d2489571d322189246dafa5ebde1f4699f498,0xe8bc7f516a8f9497d651df86788b9a580ac7eb9d5a62710038bd0f35d67c841d
374,0.69,0.0004071,0x5a0787bf40eaa856e83ac09c5da6fedef6084221,2017-10-30T21:23:36.000Z,0.00059,0x0cd2795a623adeb9370e2895e8d7526a6e4c556d,sell,0xe41d2489571d322189246dafa5ebde1f4699f498,0xe8bc7f516a8f9497d651df86788b9a580ac7eb9d5a62710038bd0f35d67c841d
375,1749.48,1.0146984,0x0cd2795a623adeb9370e2895e8d7526a6e4c556d,2017-10-30T21:23:36.000Z,0.00058,0x2268bc183bc6ff2919da62e472740830d6447469,buy,0xe41d2489571d322189246dafa5ebde1f4699f498,0xe8bc7f516a8f9497d651df86788b9a580ac7eb9d5a62710038bd0f35d67c841d
376,1742.2745991265083,1.0192306404890072,0x02ed8586b730b8cbb5785a6412ec2aab96a66311,2017-10-30T21:23:36.000Z,0.000585,0x0cd2795a623adeb9370e2895e8d7526a6e4c556d,sell,0xe41d2489571d322189246dafa5ebde1f4699f498,0xe8bc7f516a8f9497d651df86788b9a580ac7eb9d5a62710038bd0f35d67c841d
377,230,0.1334,0x273a5d3e6721b9f5c1a6474f560c1334c63dda01,2017-10-30T21:22:53.000Z,0.00058,0x2268bc183bc6ff2919da62e472740830d6447469,buy,0xe41d2489571d322189246dafa5ebde1f4699f498,0x5352a7dcfd96e5f5e7e6deb38f5b48e7319883ad59e865f1c9e0ba16cf719ddc
378,229.31,0.1352929,0x5a0787bf40eaa856e83ac09c5da6fedef6084221,2017-10-30T21:22:53.000Z,0.00059,0x273a5d3e6721b9f5c1a6474f560c1334c63dda01,sell,0xe41d2489571d322189246dafa5ebde1f4699f498,0x5352a7dcfd96e5f5e7e6deb38f5b48e7319883ad59e865f1c9e0ba16cf719ddc
