,amount,amountBase,buyer,date,price,seller,side,tokenAddr,txHash
0,10,0.00100001,0xf36990a2cb4d609e0a7d4f3bf884c0342d81fd3d,2017-11-02T05:31:49.000Z,0.000100001,0xe6dce38a61edba2cd7dc0be24aa42f1c1bd3de0c,sell,0x7268f9c2bc9c9e65b4a16888cb5672531ce8e945,0x71292f363f6038eb91f76fcb75776aad3388534b5252ff6ba5fcb856d38ee81d
1,200,0.13998,0xc05eb25915a202c6ac9f3d9c11ab4044b6c25326,2017-11-02T05:14:10.000Z,0.0006999,0x1c311e166e62e1d4d480cf14b066533764697b65,buy,0x7268f9c2bc9c9e65b4a16888cb5672531ce8e945,0xb8cfdbd98f2d52500fde3b65e4822c9a147ffe3a2d8c5b7c33e5b702c2fb1b1f
2,1350,0.06885,0x5d26ca4ee3be471a4c5eeccb3bac220603387c77,2017-11-02T03:10:43.000Z,0.000051,0x2ae0ada7738061d885a58dd22ff639594e9f19c8,sell,0x7268f9c2bc9c9e65b4a16888cb5672531ce8e945,0x442671b0e43db0bb57f587e7c1c2a11fecbecb788ce8e3bf3be6931acb791e69
3,266.50084737314324,0.02718308643206061,0xe6dce38a61edba2cd7dc0be24aa42f1c1bd3de0c,2017-11-02T02:28:06.000Z,0.00010199999999999999,0x4ac1ca01a37d62c5221eac2d5ef8841c46775b1d,sell,0x7268f9c2bc9c9e65b4a16888cb5672531ce8e945,0x04f05de2adf9eb6980f9691648bf1ac6c755abb99d24c1b145846fedfb17bd70
4,0.1,0.000085,0x6cdea8e07bf82d7a07dbf36642d6e5be8623845c,2017-10-29T05:31:16.000Z,0.00085,0x80f78b2931c464297d683f2194cb481c867f5c7e,buy,0x7268f9c2bc9c9e65b4a16888cb5672531ce8e945,0x9f9f93a70473c80a861b97bc6881190b97c9a806b18c8915dd5f5d671d5ce953
5,40,0.004,0x5a2617ccdf75ed7997ce598796996031087f536e,2017-10-28T22:53:09.000Z,0.0001,0x5a2617ccdf75ed7997ce598796996031087f536e,sell,0x7268f9c2bc9c9e65b4a16888cb5672531ce8e945,0xea5973db668e7a8b5d163eeba54342059a59f5c20a0938008c464aa14e8e881e
6,47,0.0047,0x5a2617ccdf75ed7997ce598796996031087f536e,2017-10-28T22:50:24.000Z,0.0001,0x5a2617ccdf75ed7997ce598796996031087f536e,sell,0x7268f9c2bc9c9e65b4a16888cb5672531ce8e945,0x701566d52f93bf7047c2a3735596aeb7841bfbcc16d4d6e8fdc2ef4b3990f337
7,0.5882352941176471,0.0005,0x34f9560c63078eb61872a4dc2ccd20e21c34feaf,2017-10-28T22:26:15.000Z,0.00085,0x80f78b2931c464297d683f2194cb481c867f5c7e,buy,0x7268f9c2bc9c9e65b4a16888cb5672531ce8e945,0x8d73dfeef7bc78c79c08b4009eb3d3222cabad5f6db37b21bcc279f7b224e418
8,0.5882352941176471,0.0005,0xe444a40689f51f63bcd29910622035707d533d29,2017-10-28T22:20:56.000Z,0.00085,0x80f78b2931c464297d683f2194cb481c867f5c7e,buy,0x7268f9c2bc9c9e65b4a16888cb5672531ce8e945,0x639d4211ad7ab1f0eb59c2759947929d717a155b924e9e4afa5817c2e3eb11ae
9,47.55009085640011,0.001902003634256004,0x5a2617ccdf75ed7997ce598796996031087f536e,2017-10-26T12:17:04.000Z,0.00003999999999999999,0x5a86ebf9a0e6f8181ed5143557f7b8ba89957fcc,sell,0x7268f9c2bc9c9e65b4a16888cb5672531ce8e945,0x0934d77ad464bc0c02f7b7ab8d1f3627b31a00dad7f183496a2338726e02b731
10,81.38683286208777,0.03987954810242301,0x25de87b3f8d6e5e69319155f84f93571f66e0601,2017-10-25T11:16:31.000Z,0.00049,0x1e2504c23311522b54968d5a2bcef9c2951483a8,buy,0x7268f9c2bc9c9e65b4a16888cb5672531ce8e945,0xf9e24f8bbc0a932cecdcdfb84f2614266d476c1e4ed29bc87d88332399e9afda
11,0.5873110574909629,0.000020555887012183,0xe1e50e7ee27a4a915c35f321dd3aa80046ed2615,2017-10-25T10:04:33.000Z,0.0000349999999999988,0xf4d0be3f8a1110b5ba17db98bf0140eabc495a2a,sell,0x7268f9c2bc9c9e65b4a16888cb5672531ce8e945,0x2a691da2275c2c6da680277420f7a892ef2a473f466c6e9bd3bdb16b8a1ae552
12,375.13181540538096,0.013129613539188333,0xe1e50e7ee27a4a915c35f321dd3aa80046ed2615,2017-10-25T01:34:24.000Z,0.00003499999999999999,0x0bbdd27e2da45d2cf8bcbb43487a19ad08b393c1,sell,0x7268f9c2bc9c9e65b4a16888cb5672531ce8e945,0xcf6b644b984e5c93c29bcd9a579cbc7a8aa2cdefc6a93e434283f292f93569c5
13,0.5891317217691848,0.000017673952242207,0xf4d0be3f8a1110b5ba17db98bf0140eabc495a2a,2017-10-24T03:42:16.000Z,0.00003000000099999954,0xd0f770146d6abf08f51600d5bc0b358030f43609,sell,0x7268f9c2bc9c9e65b4a16888cb5672531ce8e945,0xafdbee8009bb8f170addfa59805cf7909cbd229791f7fd61b7693b7a2a80c4c7
14,1,0.00085,0x97079c598f01269a9128cad8e2d1eb0a00b07cd3,2017-10-23T15:20:37.000Z,0.00085,0x57ff69166046245772dd53b9b079beeff1eaf58f,buy,0x7268f9c2bc9c9e65b4a16888cb5672531ce8e945,0x18e2c189f3abb7d5783433eb56c239f614fdbb5f11eca071f565052210659ac3
15,0.00246367712683227,0.000000098547085073,0xe1e50e7ee27a4a915c35f321dd3aa80046ed2615,2017-10-22T18:12:33.000Z,0.00003999999999988196,0xce99660fe983eb57f016e1671d436a8fca83bc97,sell,0x7268f9c2bc9c9e65b4a16888cb5672531ce8e945,0x201f1725bf77f32046b1f45b7cda9a0decfe38b60613c30b2316ec515537345a
16,24.713145259254492,0.000988525810370179,0xe1e50e7ee27a4a915c35f321dd3aa80046ed2615,2017-10-22T18:05:53.000Z,0.00003999999999999996,0xce99660fe983eb57f016e1671d436a8fca83bc97,sell,0x7268f9c2bc9c9e65b4a16888cb5672531ce8e945,0xe0b8da81a673c4f1b0e4e1511929e82214ba53945523477e5ea74dd68d7f418d
17,0.5,0.0005,0x379374d13077e8867ef31803c37baf9785a17c00,2017-10-22T09:59:55.000Z,0.001,0xd4541d9e7833f930f6c68d676fc471c0a3272b39,buy,0x7268f9c2bc9c9e65b4a16888cb5672531ce8e945,0x886003fd901a4e47646159de9d37e3779314fba9e320b08c642ed2c9ddbcd4bd
18,0.5,0.0005,0x16e5d97bbc92417e051e3b2cabfbf8ceea2acb9c,2017-10-22T09:56:56.000Z,0.001,0xd4541d9e7833f930f6c68d676fc471c0a3272b39,buy,0x7268f9c2bc9c9e65b4a16888cb5672531ce8e945,0xf9f7025bfe73bdaac54280f58528c9187af50a7cef03da0ff568ac9592b81837
19,0.5,0.0005,0xcd912af5286dc0b0a23edb30209734ecb60838b3,2017-10-22T09:56:16.000Z,0.001,0xd4541d9e7833f930f6c68d676fc471c0a3272b39,buy,0x7268f9c2bc9c9e65b4a16888cb5672531ce8e945,0x277c520ab8fd41ada1e142782d962aa4f38e521d81c2dcf03967b02059134f64
20,0.5,0.0005,0xf9695cd65d6dfdf257fab76a3eb0cb8f001971cc,2017-10-22T09:47:14.000Z,0.001,0xd4541d9e7833f930f6c68d676fc471c0a3272b39,buy,0x7268f9c2bc9c9e65b4a16888cb5672531ce8e945,0x883478b2c5dcca12729a596fd9173a730bd05958e31bdc6d39e9cc801593a05c
21,1,0.0025,0x3ac636ac5c3a2576156ac5f10066ca68abe0ad54,2017-10-18T16:31:42.000Z,0.0025,0xa1bdc06ce0336bfc35164ed25509fc63e61bf083,buy,0x7268f9c2bc9c9e65b4a16888cb5672531ce8e945,0xf80beb7a18b22da9109d67902ffb2007c7ca02ae31604d5c385d6556d3c5bcfc
22,13,0.01299974,0xde5a9d7da34e7d14112fb770523bc89ec683fddc,2017-10-18T01:20:04.000Z,0.00099998,0x1e2504c23311522b54968d5a2bcef9c2951483a8,buy,0x7268f9c2bc9c9e65b4a16888cb5672531ce8e945,0xd480ee8838914e4e94d72d82fa5ece56f0684af19c1f9036233be5e02cacfb82
23,43.065,0.03832785,0xde5a9d7da34e7d14112fb770523bc89ec683fddc,2017-10-18T01:18:48.000Z,0.00089,0x9859c936f1c5e1caaef6fd9a6d674b6b3ed1ca48,buy,0x7268f9c2bc9c9e65b4a16888cb5672531ce8e945,0x3949bdbe8df797edae36673e75338384b15b45e73ed16f84273286df36437201
24,99.1,0.0880999,0xde5a9d7da34e7d14112fb770523bc89ec683fddc,2017-10-18T01:16:55.000Z,0.000889,0xd0f770146d6abf08f51600d5bc0b358030f43609,buy,0x7268f9c2bc9c9e65b4a16888cb5672531ce8e945,0x2e9298abe0bb9995946d35253cf0c941026f7b2ce27d2614856b128b2aafeb77
25,168.4475696016297,0.14991833694545043,0xde5a9d7da34e7d14112fb770523bc89ec683fddc,2017-10-18T01:03:28.000Z,0.00089,0x9859c936f1c5e1caaef6fd9a6d674b6b3ed1ca48,buy,0x7268f9c2bc9c9e65b4a16888cb5672531ce8e945,0xd6f06a1536c26530eb3ed3fd91dca0efff66455ff265b2d7dacac3ecbce2f964
26,39.357647753161906,0.002361458865189714,0x8909e1a4f31fc2214ea6c4a917268b833b00c000,2017-10-17T23:32:19.000Z,0.00005999999999999999,0x254b4f563ebf0ae31e7efc4af493943a61d8d9b1,sell,0x7268f9c2bc9c9e65b4a16888cb5672531ce8e945,0xa8229287ac61f99ec0bb79b10fd14a265ea6df5892388776c1b6f63402fe846f
27,99.69095803010667,0.02990738709999003,0xd0f770146d6abf08f51600d5bc0b358030f43609,2017-10-17T04:19:28.000Z,0.000300001,0x5a86ebf9a0e6f8181ed5143557f7b8ba89957fcc,sell,0x7268f9c2bc9c9e65b4a16888cb5672531ce8e945,0x76f3f43bc90e298ff648ea34e992d8b906292510588dee7170147ce952d6a895
28,142.70769432915952,0.05708307773166381,0x8909e1a4f31fc2214ea6c4a917268b833b00c000,2017-10-15T12:00:59.000Z,0.00039999999999999996,0x98ff0c538421570a5eadaeb473c9742d3fef2e64,sell,0x7268f9c2bc9c9e65b4a16888cb5672531ce8e945,0x8b225a3852606cfbfd384ac62374d8eeeee6c936d9e0746d6e1f65ff8791a7ae
29,65.27876682284916,0.022912847154820056,0x5a2617ccdf75ed7997ce598796996031087f536e,2017-10-14T18:15:34.000Z,0.00035099999999999997,0xb85d454d7b6438b7bc60d01ef465189121373567,sell,0x7268f9c2bc9c9e65b4a16888cb5672531ce8e945,0xa1b21d96b348e58616e476443e5cf051359953330c8f6229cfccaa29232b88a9
30,183.623,0.064635296,0x8909e1a4f31fc2214ea6c4a917268b833b00c000,2017-10-14T17:59:12.000Z,0.000352,0xb85d454d7b6438b7bc60d01ef465189121373567,sell,0x7268f9c2bc9c9e65b4a16888cb5672531ce8e945,0xebdc2021c772ef6db1959528deab9d6bc4746ab4a0f7e29b64deddbfc9960f90
31,79.95015452098495,0.02798255408234473,0x8909e1a4f31fc2214ea6c4a917268b833b00c000,2017-10-14T02:30:02.000Z,0.00035,0xb7d67f7aeccdb001abec0f6a35cd535a4971e097,sell,0x7268f9c2bc9c9e65b4a16888cb5672531ce8e945,0x9f456a4d5bf6d194d0fe4d81a495e232c24d4078f3e2b0896e0d572990e6fbcf
32,121,0.0423621,0x6ea442c42b3d41b6f1d636a3fcb04ccb5c31ac87,2017-10-13T03:39:51.000Z,0.0003501,0xe22eec333812277ceeb1aa20c4be9ef6a6a01c61,sell,0x7268f9c2bc9c9e65b4a16888cb5672531ce8e945,0xd8b7222cfd579fef8c11a92e85012ba679aaae30967fa9244d05d88414da4ffc
33,15,0.01785,0xd345bae0414e173d3a2ab28848c5bde6796df6f7,2017-10-12T21:57:20.000Z,0.00119,0x1c311e166e62e1d4d480cf14b066533764697b65,buy,0x7268f9c2bc9c9e65b4a16888cb5672531ce8e945,0x55fcbcc2a5481a35e75073b70b5d8acaf232c64aa461e24b10c80394a3f47b38
34,299,0.299,0x8909e1a4f31fc2214ea6c4a917268b833b00c000,2017-10-12T04:53:07.000Z,0.001,0xa1bdc06ce0336bfc35164ed25509fc63e61bf083,sell,0x7268f9c2bc9c9e65b4a16888cb5672531ce8e945,0xa95be75ccf4f9aab88af8a8761386ef491b04fbda53a0c0d30bb1e658a9599d6
35,152,0.152,0x8909e1a4f31fc2214ea6c4a917268b833b00c000,2017-10-12T04:42:55.000Z,0.001,0xa1bdc06ce0336bfc35164ed25509fc63e61bf083,sell,0x7268f9c2bc9c9e65b4a16888cb5672531ce8e945,0xdef38ceef9c57f9eb7e4960eb3e36e838231ec3477604b8446722bfc2fa82ba1
36,24.23330018929073,0.024233300189290728,0x8909e1a4f31fc2214ea6c4a917268b833b00c000,2017-10-12T02:10:34.000Z,0.001,0xb2a6349705ee58b9673974b1ba2c4fd8114f081f,sell,0x7268f9c2bc9c9e65b4a16888cb5672531ce8e945,0xc759b8b31e6967fded946991ec7a7f7b59148fcda414de69595c51428ec855ea
37,24.23330018929073,0.024233300189290728,0x8909e1a4f31fc2214ea6c4a917268b833b00c000,2017-10-12T02:09:21.000Z,0.001,0xb2a6349705ee58b9673974b1ba2c4fd8114f081f,sell,0x7268f9c2bc9c9e65b4a16888cb5672531ce8e945,0xc759b8b31e6967fded946991ec7a7f7b59148fcda414de69595c51428ec855ea
38,412.3592531654259,0.41235925316542593,0x8909e1a4f31fc2214ea6c4a917268b833b00c000,2017-10-12T01:31:27.000Z,0.001,0xdfca3adddc9055011256c14d7e45372949428276,sell,0x7268f9c2bc9c9e65b4a16888cb5672531ce8e945,0x61f46f32e73ce0c7ee3a4b0183d929a59de28d64dc1eb802060c4e8fe462be08
39,112.08713408433854,0.11208713408433855,0x8909e1a4f31fc2214ea6c4a917268b833b00c000,2017-10-11T20:35:20.000Z,0.001,0x17ce95c70611ab7cd81f8e6764cdf11be4b4fce9,sell,0x7268f9c2bc9c9e65b4a16888cb5672531ce8e945,0xc1001b339f055ffb08160ead360d379dc553406d7461f3a2e3757f84004aa75a
40,201.334,0.231332766,0x8909e1a4f31fc2214ea6c4a917268b833b00c000,2017-10-11T13:39:18.000Z,0.001149,0x4cd468d221e1784c13fa24e24e6c2d8df3385a2c,buy,0x7268f9c2bc9c9e65b4a16888cb5672531ce8e945,0xd819c49adcdd8a299faf53efcfb75ba654bb49c94eacffa809b03b84de346b03
41,25.059,0.01353186,0x4cd468d221e1784c13fa24e24e6c2d8df3385a2c,2017-10-09T21:16:09.000Z,0.00054,0xe3314bf9df4b5c5c769940e10b322e9b4dd60366,buy,0x7268f9c2bc9c9e65b4a16888cb5672531ce8e945,0x6547a67fb4c28364359e15ba628d7e1a4c464373640c36fb97879647421172d0
42,33.333,0.0166665,0x5d5065b42bdee0274e394ba9042c21e1818c69cf,2017-10-09T21:14:35.000Z,0.0005,0x4cd468d221e1784c13fa24e24e6c2d8df3385a2c,sell,0x7268f9c2bc9c9e65b4a16888cb5672531ce8e945,0x43370a28822027408e2b4469930ec195dffed502583964ba236915163a1cb0db
43,8.250854056447393,0.004372952649917117,0x21cca8a1841495bc071dceb4869e5d906583b0b8,2017-10-09T21:13:36.000Z,0.0005299999999999999,0x4cd468d221e1784c13fa24e24e6c2d8df3385a2c,sell,0x7268f9c2bc9c9e65b4a16888cb5672531ce8e945,0x4d9c6a570f6b1a23e814409414c3d0a9a46580b384a9f5c3757112bf8b1f4932
44,81.115,0.0438021,0x8909e1a4f31fc2214ea6c4a917268b833b00c000,2017-10-09T21:08:31.000Z,0.00054,0x4cd468d221e1784c13fa24e24e6c2d8df3385a2c,sell,0x7268f9c2bc9c9e65b4a16888cb5672531ce8e945,0xfb0d6a72ad7c4804997215118831daab1ae0d5a4084b7a5f2ffbd17b37ffd1cb
45,19.821754373550615,0.010703747361717333,0xfad516de649dfec9be10c3c5b214a26d8e7bed66,2017-10-09T17:41:47.000Z,0.00054,0xe3314bf9df4b5c5c769940e10b322e9b4dd60366,buy,0x7268f9c2bc9c9e65b4a16888cb5672531ce8e945,0x3f34d58fb47b5b485a3d7b16df58001ac70310ab6103d1959878192634b2b6c6
46,300,0.345,0xdebed054ba938043d0aee3184265cc909dbaf184,2017-10-08T00:31:58.000Z,0.00115,0x4cd468d221e1784c13fa24e24e6c2d8df3385a2c,buy,0x7268f9c2bc9c9e65b4a16888cb5672531ce8e945,0xcffe0807d61a38eebadc406d0d8ea761ea2cd3ba24c674bb0f0842c401581dc8
47,121.72,0.097376,0x8909e1a4f31fc2214ea6c4a917268b833b00c000,2017-10-06T22:22:00.000Z,0.0008,0x9e71bc1fbabbe52cff764345b965971c0518361c,buy,0x7268f9c2bc9c9e65b4a16888cb5672531ce8e945,0xaa2383af0dd4ed309344e5ac687b57f8ec3c2845d73e74a2a47f37152093af99
48,100,0.085,0x8909e1a4f31fc2214ea6c4a917268b833b00c000,2017-10-06T09:06:27.000Z,0.00085,0x4cd468d221e1784c13fa24e24e6c2d8df3385a2c,buy,0x7268f9c2bc9c9e65b4a16888cb5672531ce8e945,0xef23413503435c62665ad7444ef1a3e17a3b5fb86c616df355115cd5834a2554
49,100,0.075,0x8909e1a4f31fc2214ea6c4a917268b833b00c000,2017-10-06T09:05:23.000Z,0.00075,0x4cd468d221e1784c13fa24e24e6c2d8df3385a2c,buy,0x7268f9c2bc9c9e65b4a16888cb5672531ce8e945,0xabbd667dcabe4e07529f28bd3a8f2ad3f747225bee752d1f676dc418d83f33ec
50,72.55,0.053687,0x8909e1a4f31fc2214ea6c4a917268b833b00c000,2017-10-06T09:03:07.000Z,0.00074,0x8b460fff38810444a4bf927300efb69325b3ebcb,buy,0x7268f9c2bc9c9e65b4a16888cb5672531ce8e945,0x3b979d04e8590b414710c89be4ae1a73bff35c33222cc0fb6725110ad3001b18
51,100,0.095,0x8909e1a4f31fc2214ea6c4a917268b833b00c000,2017-10-06T09:02:46.000Z,0.00095,0x4cd468d221e1784c13fa24e24e6c2d8df3385a2c,buy,0x7268f9c2bc9c9e65b4a16888cb5672531ce8e945,0x3a8750ed0de3ad9ec4084143ec65f575d51f85654f084276b7cdb1bb51d6e44b
52,120.6,0.0603,0x8909e1a4f31fc2214ea6c4a917268b833b00c000,2017-10-05T11:58:37.000Z,0.0005,0x171d7565104f6f6af78e6ed232b3e638785b3d4c,sell,0x7268f9c2bc9c9e65b4a16888cb5672531ce8e945,0x16fa8ae0e3726179c8e18bd9d10978e21c2e12881408ccc99782f6a8cec6f053
53,152.56305453095405,0.07780715781078656,0xa1bdc06ce0336bfc35164ed25509fc63e61bf083,2017-10-05T09:17:55.000Z,0.00051,0xc583c70fc11471af566ea79d9c73086370c4226a,sell,0x7268f9c2bc9c9e65b4a16888cb5672531ce8e945,0x1866638df8c4c4372b070d015bbfb1e161e16833c404cf61d0012f8aeb5fde30
54,145.0503439338052,0.055844382414515004,0xa1bdc06ce0336bfc35164ed25509fc63e61bf083,2017-10-05T04:04:30.000Z,0.000385,0xa438f0d67f963c5b39e6058a647f379a634c5e55,sell,0x7268f9c2bc9c9e65b4a16888cb5672531ce8e945,0x46c7c728ba4cfda87e7514e3a6720838eb0c4c043440df253e37c6dfddcf6795
55,1102.991479180963,0.419136762088766,0xa1bdc06ce0336bfc35164ed25509fc63e61bf083,2017-10-04T21:29:55.000Z,0.00037999999999999997,0x2fdc276dc5c8392a790c99065b11433276e3edea,sell,0x7268f9c2bc9c9e65b4a16888cb5672531ce8e945,0xc5b2fd25323bf6739e601ed3bce208f13bb79bd523a16a4b88c953bade48a338
56,24.204744001872545,0.007019385442440638,0xbcce870909b3dbbe28f744f69b080dbdeeb7748a,2017-10-04T14:48:42.000Z,0.0002900004,0x62fd5a7d1f4623785a9d550242eb2af31d52a667,sell,0x7268f9c2bc9c9e65b4a16888cb5672531ce8e945,0x068ef757869b991815592604f36e3ec31423c3e5375463594f6f32656f9b2c96
57,0.000051165110032952,0.000000014837902375,0xbcce870909b3dbbe28f744f69b080dbdeeb7748a,2017-10-04T14:43:19.000Z,0.00029000039998827146,0xa2925016f0ebe81bf34507b9859cd9b8ee664a6d,sell,0x7268f9c2bc9c9e65b4a16888cb5672531ce8e945,0xd75ddf1ae726dcaa8eb7648e3087a0d5dcf9cd06be6c8902db6f9b1ffef5bf27
58,70.9349665265828,0.02057114029270901,0xa1bdc06ce0336bfc35164ed25509fc63e61bf083,2017-10-04T04:20:38.000Z,0.00029,0x766e133887556174be28be5e010c324f6195690a,sell,0x7268f9c2bc9c9e65b4a16888cb5672531ce8e945,0x5efbc47a779848a94eb174d71ab138463198163af716c8cd01ff66da43afe7d7
59,114.7527983251919,0.016065391765526866,0x8909e1a4f31fc2214ea6c4a917268b833b00c000,2017-10-03T22:36:07.000Z,0.00014,0x3746e5da2db0a0aeaad88d9fcec7dbb036d7cd04,sell,0x7268f9c2bc9c9e65b4a16888cb5672531ce8e945,0x8ae2d95798653d25ebf897b4cc179772d6ad8aa0f79b4812dbdd78b90bdd12a7
60,240.51323721874053,0.060128309304685136,0xa1bdc06ce0336bfc35164ed25509fc63e61bf083,2017-10-03T20:41:21.000Z,0.00025,0xa2925016f0ebe81bf34507b9859cd9b8ee664a6d,sell,0x7268f9c2bc9c9e65b4a16888cb5672531ce8e945,0xc4f421accda9081aa399fc768a4023f5f0ef91c4e43686420f3a3d3a2a1fddc4
61,35.24199469371255,0.008810498673428138,0x4cd468d221e1784c13fa24e24e6c2d8df3385a2c,2017-10-03T19:37:29.000Z,0.00025,0x9bcc36c21d6ef560e8f0748dac90e48d5d9f1e1d,buy,0x7268f9c2bc9c9e65b4a16888cb5672531ce8e945,0xaab2c11ec4783dd888aa299006bb903002c5b8c241b46385f7f14cff628afc78
62,396.75800530628743,0.09918950132657187,0x6d08ede81a4c0b8a763730f11be0e3539ab9332f,2017-10-03T19:30:15.000Z,0.00025,0x9bcc36c21d6ef560e8f0748dac90e48d5d9f1e1d,buy,0x7268f9c2bc9c9e65b4a16888cb5672531ce8e945,0xa75695afc133a973f6a5f527060d7dadf98b2f8114ff19254fa8b6ce8aa9daea
63,650,0.1625,0x4cd468d221e1784c13fa24e24e6c2d8df3385a2c,2017-10-03T18:50:13.000Z,0.00025,0x9bcc36c21d6ef560e8f0748dac90e48d5d9f1e1d,buy,0x7268f9c2bc9c9e65b4a16888cb5672531ce8e945,0x046ed20aa2ebb0bc1afc859786972f7b27668767097b416dcb914a4f9c18d30c
64,4768.7539957069175,4.768753995706917,0xce0404f4d097495a275bd60e0e7a26c982c73a01,2017-10-03T17:28:25.000Z,0.001,0x3ac05aa1f06e930640c485a86a831750a6c2275e,buy,0x7268f9c2bc9c9e65b4a16888cb5672531ce8e945,0x9075ccd039d49c2cdb543cc627fde58d3d18291b4fa835a5a441ea6aaac29f0e
65,0.244439278260543,0.000244439278260543,0xce0404f4d097495a275bd60e0e7a26c982c73a01,2017-10-03T17:22:15.000Z,0.001,0x3ac05aa1f06e930640c485a86a831750a6c2275e,buy,0x7268f9c2bc9c9e65b4a16888cb5672531ce8e945,0x54be1b4779e1e7cf3473a9cf2346ef95273a7be6a1b4ff6a0d0ec7e0ff7bc38c
66,20.63602831223208,0.004127205662446416,0x8909e1a4f31fc2214ea6c4a917268b833b00c000,2017-10-03T16:55:40.000Z,0.00019999999999999998,0x74d6093671404c48356b61259a39b520388841ca,sell,0x7268f9c2bc9c9e65b4a16888cb5672531ce8e945,0xb4ac449f1b7b4bdd51281b4cfd6de8d1bf6bc3b659f032f8f2f5c47226e32764
67,85.2472016748081,0.011934608234473133,0x8909e1a4f31fc2214ea6c4a917268b833b00c000,2017-10-03T04:18:34.000Z,0.00014,0x1ef0af3b9496acfca2be4e3628304c1cf2b273fc,sell,0x7268f9c2bc9c9e65b4a16888cb5672531ce8e945,0xdc15fe4e8f571610aaa76c2d135ec4f026e5f6abf670d4333035ffb643bdc030
68,37.844,0.00529816,0xb0555cd21be926a24f4908b7a77ee90ae123ab3f,2017-10-03T02:55:16.000Z,0.00014,0x1ef0af3b9496acfca2be4e3628304c1cf2b273fc,sell,0x7268f9c2bc9c9e65b4a16888cb5672531ce8e945,0x66276f3f71f5deb423b20d3650c8115890a3229dfd734d1f38d5c68a30f31cae
69,102.15564546968926,0.014301790365756496,0xb0555cd21be926a24f4908b7a77ee90ae123ab3f,2017-10-03T02:40:03.000Z,0.00014,0xa1bdc06ce0336bfc35164ed25509fc63e61bf083,sell,0x7268f9c2bc9c9e65b4a16888cb5672531ce8e945,0x8f9a6ed2841bc93655f655f29b5e4b2f64a6ad25719ef01199e27f85921e9736
70,26.326,0.02632573674,0x5a2617ccdf75ed7997ce598796996031087f536e,2017-10-03T02:35:54.000Z,0.00099999,0xe2ad009289a47fa7e40bc01e167600e22b70a878,buy,0x7268f9c2bc9c9e65b4a16888cb5672531ce8e945,0x83d78e0272c4d650a3b0d72195382274a1791926d0a8a9ad2b88846c17ca8e17
71,284.5887986189654,0.3161781552656706,0x6ea442c42b3d41b6f1d636a3fcb04ccb5c31ac87,2017-10-02T22:20:27.000Z,0.001111,0x3ac05aa1f06e930640c485a86a831750a6c2275e,sell,0x7268f9c2bc9c9e65b4a16888cb5672531ce8e945,0xce217ffd050b17ae60f70cd7fb4f5683ccfe65c38f600a17cba5fbab5281dc55
72,25.411201381034573,0.028231844734329412,0x6ea442c42b3d41b6f1d636a3fcb04ccb5c31ac87,2017-10-02T21:48:33.000Z,0.001111,0x863db6eef6c1e34d78453706cd80569e033228d8,sell,0x7268f9c2bc9c9e65b4a16888cb5672531ce8e945,0xb0982a69be759c535ff4aa1ea525519c1b028acd91da97f874cee6db6ceafedd
73,100,0.12,0xa1bdc06ce0336bfc35164ed25509fc63e61bf083,2017-10-02T18:52:51.000Z,0.0012,0x74d6093671404c48356b61259a39b520388841ca,sell,0x7268f9c2bc9c9e65b4a16888cb5672531ce8e945,0x9f650a6c3db2018b37e3c2291208bc008b211c84181c01dd5146bd4ea945d6c4
74,6.272520685873791,0.008781528960223307,0xdebed054ba938043d0aee3184265cc909dbaf184,2017-10-02T18:45:33.000Z,0.0014,0x6ea442c42b3d41b6f1d636a3fcb04ccb5c31ac87,sell,0x7268f9c2bc9c9e65b4a16888cb5672531ce8e945,0x6303e520241f62b3fec5d3632b927c082086bc2f4dc0997c5f133b57365bee07
75,373.10142009769714,0.522341988136776,0xdebed054ba938043d0aee3184265cc909dbaf184,2017-10-02T17:16:40.000Z,0.0014,0x46d27bd41057e153aaab8a70f6d3a1a5cf66b1f9,sell,0x7268f9c2bc9c9e65b4a16888cb5672531ce8e945,0xfbd22eb71f90a8ffae2c818d2a3e02dd9487a1b845c6edd7e1aa291624eec829
76,120.62605921642907,0.1688764829030007,0xdebed054ba938043d0aee3184265cc909dbaf184,2017-10-02T12:56:31.000Z,0.0014,0x65f2dddf638c7a7118b22d610c9aeba141f2467f,sell,0x7268f9c2bc9c9e65b4a16888cb5672531ce8e945,0x17e467a28702266acf49eb8e08180e7ba5c470959510f7dc4aa91689d43a86f5
77,121,0.1452,0x65f2dddf638c7a7118b22d610c9aeba141f2467f,2017-10-02T12:56:31.000Z,0.0012,0xd7b28b6c93a54091f21c7ee120b51aedb991fa9b,buy,0x7268f9c2bc9c9e65b4a16888cb5672531ce8e945,0x17e467a28702266acf49eb8e08180e7ba5c470959510f7dc4aa91689d43a86f5
78,1.3750476969669883,0.001993819160602133,0x874eea36c25204fd8173aa76c3b72e1b167c86ec,2017-10-02T02:09:45.000Z,0.00145,0xe4bbba7bedcb7bab98a14e59a723d4338abc1e62,buy,0x7268f9c2bc9c9e65b4a16888cb5672531ce8e945,0x798f693db933bcd6658be386d688535d3760810c67b4d868cea51054ea1c9d03
79,0.3448275862068966,0.0005,0x3bfdec5343e950ce45522eef9948c977631b4000,2017-10-01T17:44:37.000Z,0.00145,0xe4bbba7bedcb7bab98a14e59a723d4338abc1e62,buy,0x7268f9c2bc9c9e65b4a16888cb5672531ce8e945,0x4b58e042c3323b90af45227bb9c48b2f0ed638f28864bae889dbfd53aa2e914e
80,0.3448275862068966,0.0005,0x350f6f675b20d606bb7f6c412ef4775c9bc57168,2017-10-01T17:43:40.000Z,0.00145,0xe4bbba7bedcb7bab98a14e59a723d4338abc1e62,buy,0x7268f9c2bc9c9e65b4a16888cb5672531ce8e945,0xefc3641f77495575c51428ee55b4f1f849af213a0fd802b120199eff0ef1297e
81,2.472,0.0032136,0xa1bdc06ce0336bfc35164ed25509fc63e61bf083,2017-10-01T06:55:57.000Z,0.0013,0x6ea442c42b3d41b6f1d636a3fcb04ccb5c31ac87,sell,0x7268f9c2bc9c9e65b4a16888cb5672531ce8e945,0x5a4e2198196b44ccffdcc10f9748f277a8d4b1bcecfe3a3e52c6698b533475f9
82,1300,1.82,0xa1bdc06ce0336bfc35164ed25509fc63e61bf083,2017-10-01T06:11:09.000Z,0.0014,0x2fdc276dc5c8392a790c99065b11433276e3edea,buy,0x7268f9c2bc9c9e65b4a16888cb5672531ce8e945,0xf80bd915e8576b2e8734b0c4f1c6911b00a0853db922c0f66055d876f32ba45b
83,797.5276642408534,1.0367859635131094,0xa1bdc06ce0336bfc35164ed25509fc63e61bf083,2017-10-01T04:29:20.000Z,0.0013,0x2fdc276dc5c8392a790c99065b11433276e3edea,sell,0x7268f9c2bc9c9e65b4a16888cb5672531ce8e945,0x63563f368e53c5b15aea8bc717b8233691149c20099cf2bd519c77a24cf85933
84,96.87169773701525,0.10752758448808693,0x6ea442c42b3d41b6f1d636a3fcb04ccb5c31ac87,2017-09-30T12:14:30.000Z,0.00111,0x1310169ecb8bb9c0417f7d6cf499da4b233b040b,sell,0x7268f9c2bc9c9e65b4a16888cb5672531ce8e945,0xccf01a3797052667f2930cb1ddf7f7dd3fbb07e611ebbf3ca402112b6f47751f
85,1,0.00145,0x0249924245a19aa2d7f5ddb0739a7132b7d094ab,2017-09-29T22:59:45.000Z,0.00145,0xe4bbba7bedcb7bab98a14e59a723d4338abc1e62,buy,0x7268f9c2bc9c9e65b4a16888cb5672531ce8e945,0x883a9661f5c61dcf2423e41e2c18fb69a15b90dfebc72f35c1f587fc4288666d
86,0.000705292712211594,0.000000557181242647,0xa1bdc06ce0336bfc35164ed25509fc63e61bf083,2017-09-29T10:43:39.000Z,0.0007899999999997742,0xcf9c6a96f88b506ff9e53ea7f1f822cfdd894916,sell,0x7268f9c2bc9c9e65b4a16888cb5672531ce8e945,0x714c05c776b3395951b9286237f4cab63b29861e5a150cd30f0891e7dc243fa1
87,3.207,0.00253353,0xa1bdc06ce0336bfc35164ed25509fc63e61bf083,2017-09-29T10:28:31.000Z,0.00079,0xcf9c6a96f88b506ff9e53ea7f1f822cfdd894916,sell,0x7268f9c2bc9c9e65b4a16888cb5672531ce8e945,0xb12a6e577e4d4804cdc78daa799d0c79534942afae1a2b2cb419999a7ceee3bb
88,45,0.045,0x2220feb5adfe3c314afb4aff6d312c74b3ff87a4,2017-09-29T10:25:31.000Z,0.001,0xcf9c6a96f88b506ff9e53ea7f1f822cfdd894916,sell,0x7268f9c2bc9c9e65b4a16888cb5672531ce8e945,0x1335021d74e6af98130a78590da84f1fc8fac9c3ee1875453ea663f3a2ade5bb
89,23.156,0.0335762,0xa1bdc06ce0336bfc35164ed25509fc63e61bf083,2017-09-29T05:50:42.000Z,0.00145,0xed2fd9b1bbb02a4cfa167942f771f7cfb522a0e6,buy,0x7268f9c2bc9c9e65b4a16888cb5672531ce8e945,0x991637fee0c931114e43c65677cab4a5da95787d0926534d524b9e7ce777f31f
90,74.55369244333859,0.10437516942067401,0xa1bdc06ce0336bfc35164ed25509fc63e61bf083,2017-09-29T05:50:22.000Z,0.0014,0x8d11ebf3d4220d5d2465a51144d2ef6a7af02589,buy,0x7268f9c2bc9c9e65b4a16888cb5672531ce8e945,0xf4a4b8dd6553a65bc03b1818e394b6252c5105bcb2d1dd41c9daf057f06ea77b
91,3145.944,4.4043216,0xa1bdc06ce0336bfc35164ed25509fc63e61bf083,2017-09-29T05:48:41.000Z,0.0014,0xd0a0f656363d9e817a810e94edd03452b61d359e,buy,0x7268f9c2bc9c9e65b4a16888cb5672531ce8e945,0xee63595f0f28992a9c44330ec97c32626d2b5d9f078e676476440c5f1306d04c
92,835,1.494649666,0xa1bdc06ce0336bfc35164ed25509fc63e61bf083,2017-09-28T23:44:36.000Z,0.0017899996,0xbcce870909b3dbbe28f744f69b080dbdeeb7748a,buy,0x7268f9c2bc9c9e65b4a16888cb5672531ce8e945,0x31188a616b46ec8c6123c7f23a253d6a5672ce943dfd0f281c8daf511ec0878a
93,0.4463075566614143,0.00062483057932598,0x78b9c5a1a3c08cb7e638b898652500c7a6f2f47f,2017-09-28T20:09:34.000Z,0.0014,0x8d11ebf3d4220d5d2465a51144d2ef6a7af02589,buy,0x7268f9c2bc9c9e65b4a16888cb5672531ce8e945,0xb5e23af0764cebc6a1339519b04178e1170a8a43508983917c0154d639b84740
94,74.471,0.0893652,0x1310ee9166ddde6ea1e754957f0ed62551eba1ab,2017-09-28T18:28:20.000Z,0.0012,0x17ce95c70611ab7cd81f8e6764cdf11be4b4fce9,sell,0x7268f9c2bc9c9e65b4a16888cb5672531ce8e945,0xcb8a8b211550e1a81d03442872494cf5d39ab12d738a49bd0f6f7c2ad35dc902
95,1,0.00145,0xa0be78d2bac6a692adba423c7af50ec86a18bddf,2017-09-28T17:10:34.000Z,0.00145,0xed2fd9b1bbb02a4cfa167942f771f7cfb522a0e6,buy,0x7268f9c2bc9c9e65b4a16888cb5672531ce8e945,0x51af9b2978ca09f172f209e87ff8d792227398a53636629c748c988731d72c4e
96,211.34483102382615,0.016022051639916258,0x6a98a29aa33d70da419bde4a0524d7fc039c5c93,2017-09-28T13:01:37.000Z,0.00007581,0x6a98a29aa33d70da419bde4a0524d7fc039c5c93,sell,0x7268f9c2bc9c9e65b4a16888cb5672531ce8e945,0xe889e62aa85bc2fb7c6c929cbb31284387092bf41be9281cf36a5bc4e06eaa11
97,24.17446239523876,0.029009354874286512,0x1310ee9166ddde6ea1e754957f0ed62551eba1ab,2017-09-28T12:50:47.000Z,0.0012,0x22949452bf6ed03ef12893e5a0e546b3fc952620,sell,0x7268f9c2bc9c9e65b4a16888cb5672531ce8e945,0x6a04f9faa992613c2acc9945d517f2f526ddfb7fb65bd61f438553240718fd07
98,0.002413204946134633,0.000002895845935361,0x1310ee9166ddde6ea1e754957f0ed62551eba1ab,2017-09-28T12:41:59.000Z,0.001199999999999768,0x9ea25cd27438c796da06ab896ceab2b96c4fb2d3,sell,0x7268f9c2bc9c9e65b4a16888cb5672531ce8e945,0xf8fe54f9b06426ad8d2785c5e2c41f0bc79b8f63803ff5907cd3b79edc19c4a3
99,24.206858814676504,0.029048230577611803,0x1310ee9166ddde6ea1e754957f0ed62551eba1ab,2017-09-28T12:36:26.000Z,0.0012,0x9ea25cd27438c796da06ab896ceab2b96c4fb2d3,sell,0x7268f9c2bc9c9e65b4a16888cb5672531ce8e945,0x6e59b3db2cb873fcfd327fd51efe5f7a70af86190f1b3cefc12fabf0d609254b
100,127.14500149536437,0.15257400179443725,0x1310ee9166ddde6ea1e754957f0ed62551eba1ab,2017-09-28T08:40:25.000Z,0.0012,0x53908c0903b92745471e41aa9e30877723d5239b,sell,0x7268f9c2bc9c9e65b4a16888cb5672531ce8e945,0x090709613d10f72ecdc8e2a93e5408688ec82776931608d1c71b16dbb1d341ef
101,212,0.30634,0x6a98a29aa33d70da419bde4a0524d7fc039c5c93,2017-09-28T08:25:44.000Z,0.001445,0x560e57f35d5353a103448338de6d9855549496b5,buy,0x7268f9c2bc9c9e65b4a16888cb5672531ce8e945,0xeb531ec169cc80b2c97f8a0233991aa5eda425004ea132bef5498199520f1278
102,13.283,0.0185962,0x8d11ebf3d4220d5d2465a51144d2ef6a7af02589,2017-09-28T08:25:31.000Z,0.0014,0x53908c0903b92745471e41aa9e30877723d5239b,sell,0x7268f9c2bc9c9e65b4a16888cb5672531ce8e945,0x8ad05259ed8b42f536bb80f065dac969bc3d0f645297c009de2eb0626aea041e
103,24,0.03456,0xe0d463597d9a53a5fbb5d983427e23661cef6e58,2017-09-28T08:25:13.000Z,0.00144,0x8bb13705ad9c5a63b58677958d34f143d36fbb3e,buy,0x7268f9c2bc9c9e65b4a16888cb5672531ce8e945,0xc50d820088ec259010d3b36654a5df8443b61682e09cf523544c80396824e862
104,83,0.10043,0x5a2617ccdf75ed7997ce598796996031087f536e,2017-09-27T20:31:31.000Z,0.00121,0x766e133887556174be28be5e010c324f6195690a,sell,0x7268f9c2bc9c9e65b4a16888cb5672531ce8e945,0xe42777b292e961a32457eec1bf08bd43ed797e3e277b52b312a6eba940556114
105,835,1.002167,0xbcce870909b3dbbe28f744f69b080dbdeeb7748a,2017-09-27T16:27:54.000Z,0.0012002,0x766e133887556174be28be5e010c324f6195690a,sell,0x7268f9c2bc9c9e65b4a16888cb5672531ce8e945,0x78c8c21fdd24694d67bbc88b78b50115936b93a82012c8850df2f2a288f1e7f4
106,2.9907287409032,0.00418702023726448,0x8d11ebf3d4220d5d2465a51144d2ef6a7af02589,2017-09-27T01:58:04.000Z,0.0014,0x971f30c325d9924ad472adf0bf98702502baad93,sell,0x7268f9c2bc9c9e65b4a16888cb5672531ce8e945,0x1072fc2469e67269b519353b718aec3432aba77d75931927c1a2d8eb4d992768
107,78.75585684378427,0.11025819958129797,0x8d11ebf3d4220d5d2465a51144d2ef6a7af02589,2017-09-26T18:16:04.000Z,0.0014,0x00e3f02d441b2ad4315874571de3c39bc29918ae,sell,0x7268f9c2bc9c9e65b4a16888cb5672531ce8e945,0x2d9a405ae80a0881f515c0ab8d0e3b97c83ddd47d24210b2fcf20b546adcf098
108,10,0.012001,0x677f6219a6b86ac29bbbc75777220a7ff8517322,2017-09-26T18:07:13.000Z,0.0012001,0xbd942aec76657fd5349e9602d5ed1794c91ae925,sell,0x7268f9c2bc9c9e65b4a16888cb5672531ce8e945,0xe40b7fd32885e2fc7d27b9685b8b43d3d7d23d57c566910573f7aa35495e9e46
109,10.878536870896305,0.019472580998904386,0x78b9c5a1a3c08cb7e638b898652500c7a6f2f47f,2017-09-26T16:56:19.000Z,0.00179,0x26d459c36daa5105084e70e7213e62b867d5d94b,buy,0x7268f9c2bc9c9e65b4a16888cb5672531ce8e945,0x773e3fb10ca125113d6a472e20240f4d4e79b2a25f3549aba7eec80322a166bc
110,48.970192403549,0.0685582693649686,0x8d11ebf3d4220d5d2465a51144d2ef6a7af02589,2017-09-26T11:32:34.000Z,0.0014,0x75b94b59e59f31f1c1744396c189a4f22cc569e2,sell,0x7268f9c2bc9c9e65b4a16888cb5672531ce8e945,0x203c7d4ffe2671ed86e8e0e4be5cf28e8ca8a167015c1d133d9b784dd4febc51
111,1,0.00184,0xb52687509884fb1ebf45046a5a8f6bf6c48eeba6,2017-09-26T09:39:15.000Z,0.00184,0xacee7d11d13aefc626cbf120911fc9ea46dcead0,buy,0x7268f9c2bc9c9e65b4a16888cb5672531ce8e945,0x571bb00a6523bcf16dab96f158f39cb67cbda3d8edb597fd2e77569c8b51678c
112,10,0.012,0x677f6219a6b86ac29bbbc75777220a7ff8517322,2017-09-26T01:52:38.000Z,0.0012,0xbd942aec76657fd5349e9602d5ed1794c91ae925,sell,0x7268f9c2bc9c9e65b4a16888cb5672531ce8e945,0x79bb40c280a2f03d323da5b4f331dcad85001e2deabfa594553f57a511236b30
113,3,0.004053,0x971f30c325d9924ad472adf0bf98702502baad93,2017-09-26T01:38:26.000Z,0.001351,0xbd942aec76657fd5349e9602d5ed1794c91ae925,sell,0x7268f9c2bc9c9e65b4a16888cb5672531ce8e945,0xf68629729466460a555d717b6c56f147ce36e339972919dcdfae65780af99024
114,71,0.10011,0xdedd2f9c09e210245e2076655548a7a2d0eb6e94,2017-09-26T01:35:07.000Z,0.00141,0xe1bc412cc359c301c138a94f453b9eaeca35ae13,buy,0x7268f9c2bc9c9e65b4a16888cb5672531ce8e945,0x6234f0bb8c894a482d8330f4400630e45de5eeacf53e46dafda653e2fa54ff84
115,17.33654532476802,0.024288499999999998,0x5a2617ccdf75ed7997ce598796996031087f536e,2017-09-26T01:03:08.000Z,0.001401,0xe913c0f42fb60f85bd43bdddaf4e004135ef318c,sell,0x7268f9c2bc9c9e65b4a16888cb5672531ce8e945,0x9ae98d1777fdee63933078e446e3244edf543fd0a10a7e41ea268603283ef87f
116,50,0.0705,0x5a2617ccdf75ed7997ce598796996031087f536e,2017-09-26T00:55:34.000Z,0.00141,0xe1bc412cc359c301c138a94f453b9eaeca35ae13,buy,0x7268f9c2bc9c9e65b4a16888cb5672531ce8e945,0x8fa53fab915ae2a3f3345f375dd23f2c17f0a9fb88204e5183881ff548f333fd
117,14.16187737449552,0.019968247098038683,0x766e133887556174be28be5e010c324f6195690a,2017-09-25T20:55:21.000Z,0.00141,0x004809ddce9e0c6801daf83f652c7dac4feec8a2,sell,0x7268f9c2bc9c9e65b4a16888cb5672531ce8e945,0xddf31e6851d6db2bd60c660f544a0cf98aa9f5d525ae583ca8725b07bfadd094
118,59.985046356295484,0.08457891536237663,0x766e133887556174be28be5e010c324f6195690a,2017-09-25T20:50:57.000Z,0.00141,0x5bc947356b9a75fdcb92f3eb550682941aca376b,sell,0x7268f9c2bc9c9e65b4a16888cb5672531ce8e945,0x8c9df86b5f261a9b0d16ad3d1814c8fcd24953a532e70e52ee9aa301b2b959c6
119,7.278645309260764,0.010262889886057676,0x766e133887556174be28be5e010c324f6195690a,2017-09-25T18:29:29.000Z,0.0014099999999999998,0x004809ddce9e0c6801daf83f652c7dac4feec8a2,sell,0x7268f9c2bc9c9e65b4a16888cb5672531ce8e945,0x97f9d505339e816090362f2ae05a342040b30294ae61b17dc92bfb495fb0cebc
120,5,0.01,0xe1e50e7ee27a4a915c35f321dd3aa80046ed2615,2017-09-25T16:53:13.000Z,0.002,0x26d459c36daa5105084e70e7213e62b867d5d94b,sell,0x7268f9c2bc9c9e65b4a16888cb5672531ce8e945,0x41950e3297bc858f584130dc846e9869e3d8e1311eefd5189a141237a058abce
121,279.8260650981956,0.39175649113747385,0x766e133887556174be28be5e010c324f6195690a,2017-09-25T13:25:13.000Z,0.0014,0xebb8f6860b17d73c19ad5c3b95df5629c1f6e011,sell,0x7268f9c2bc9c9e65b4a16888cb5672531ce8e945,0xf2a7e303b872841a1cbafe9db25d6192f5481593a1d2115279d76eb7c16daf2f
122,146.99,0.264582,0xce0404f4d097495a275bd60e0e7a26c982c73a01,2017-09-25T12:12:24.000Z,0.0018,0x766e133887556174be28be5e010c324f6195690a,buy,0x7268f9c2bc9c9e65b4a16888cb5672531ce8e945,0x84d2e41490c98c86b8b58bb9bb340f7727759cfb1760a9897214d76dd68f4606
123,143.162,0.25625998,0xce0404f4d097495a275bd60e0e7a26c982c73a01,2017-09-25T12:11:49.000Z,0.00179,0x26d459c36daa5105084e70e7213e62b867d5d94b,buy,0x7268f9c2bc9c9e65b4a16888cb5672531ce8e945,0xa7e22684163bfda5bad15af4afa71bd251100b053d4d09849786703a77507f74
124,34.197,0.061212629965803,0xce0404f4d097495a275bd60e0e7a26c982c73a01,2017-09-25T12:09:37.000Z,0.001789999999,0xbcce870909b3dbbe28f744f69b080dbdeeb7748a,buy,0x7268f9c2bc9c9e65b4a16888cb5672531ce8e945,0x9561c7464f1c747599cd690ccc088cc6e311b75a7a4ecf2a6ef6c2b083b94944
125,240,0.4056,0xce0404f4d097495a275bd60e0e7a26c982c73a01,2017-09-25T12:08:15.000Z,0.00169,0x26d459c36daa5105084e70e7213e62b867d5d94b,buy,0x7268f9c2bc9c9e65b4a16888cb5672531ce8e945,0x2476883e63b07c1f2bcdb267ef4f33235d98abd109ed1e1d9d53ae1b9bd82b3d
126,121.62296879673013,0.1702721563154222,0x766e133887556174be28be5e010c324f6195690a,2017-09-25T11:50:25.000Z,0.0014,0x7e84a6e7a515f835d3b218a66298c45d623615f8,sell,0x7268f9c2bc9c9e65b4a16888cb5672531ce8e945,0x115076e16fde3b0ae707d37b37d64268f0b10462e21325e9c362cf586bbcaff5
127,0.27932960909459753,0.0005,0xc886b21b865e7c90432d9b8bdb14ad254f2232f5,2017-09-25T11:15:11.000Z,0.001789999999,0xbcce870909b3dbbe28f744f69b080dbdeeb7748a,buy,0x7268f9c2bc9c9e65b4a16888cb5672531ce8e945,0xd8cc7b160ad69d19948c13ac82d240f574ddeaec16dda274fa3a36fc1be53598
128,0.27932960909459753,0.0005,0xe37bd4d49c619e748d4efe74525489d26b6aff43,2017-09-25T10:51:05.000Z,0.001789999999,0xbcce870909b3dbbe28f744f69b080dbdeeb7748a,buy,0x7268f9c2bc9c9e65b4a16888cb5672531ce8e945,0x438544e16f4ea6faea27660c78debe4e0244d082335ccde5bb27d85edcd84f03
129,120,0.168,0x26d459c36daa5105084e70e7213e62b867d5d94b,2017-09-25T10:32:52.000Z,0.0014,0x2140dba207a095fb022e32b6ca30bfa48c44b4ab,buy,0x7268f9c2bc9c9e65b4a16888cb5672531ce8e945,0x231b645c943f24a8671e44f14c7fd56ae9ae57c545f32419125527a800a00013
130,0.27932960893854747,0.0005,0x23ee598e50ff1b1bde1022bf3c8a41d4c23321a0,2017-09-25T01:08:20.000Z,0.00179,0x26d459c36daa5105084e70e7213e62b867d5d94b,buy,0x7268f9c2bc9c9e65b4a16888cb5672531ce8e945,0x5de500e541693e938d02d056cc7ba9d3c1c630c81c5a1672fa9658d1f0821ad7
131,15.04794437244542,0.021067122121423587,0x766e133887556174be28be5e010c324f6195690a,2017-09-25T01:07:23.000Z,0.0014,0xbbccdde05bb038091ce8c4279a8544eccb8fdb2c,sell,0x7268f9c2bc9c9e65b4a16888cb5672531ce8e945,0xb704e7b7090cff6b83a7f5364315c911f9c362a1d1286d8c77fcc2bf5bfc9098
132,105.469,0.142594088,0x26d459c36daa5105084e70e7213e62b867d5d94b,2017-09-25T01:05:01.000Z,0.001352,0xbbccdde05bb038091ce8c4279a8544eccb8fdb2c,sell,0x7268f9c2bc9c9e65b4a16888cb5672531ce8e945,0x171e647d328d4280bdd0301277cd20ad23ae66fdd3572063c68c324683b150e7
133,0.27932960893854747,0.0005,0xe5a759eb3e214ff0a2bbbea31acc41c9bf27b239,2017-09-25T00:53:05.000Z,0.00179,0x26d459c36daa5105084e70e7213e62b867d5d94b,buy,0x7268f9c2bc9c9e65b4a16888cb5672531ce8e945,0xc0360ce8fe1ee84ea6c078a46f8f845b0ceec7988bd2cb4f4bf652b14fba33f9
134,0.27932960893854747,0.0005,0x160506e5a5ce5dadd43623689f53d5aa1f288f0f,2017-09-25T00:26:17.000Z,0.00179,0x26d459c36daa5105084e70e7213e62b867d5d94b,buy,0x7268f9c2bc9c9e65b4a16888cb5672531ce8e945,0x2e492618d7975b8b59c6f9a084a876e94cd65a87ecfad9a8ddbe342bbe8ca978
135,144.53095404246835,0.1954058498654172,0x26d459c36daa5105084e70e7213e62b867d5d94b,2017-09-24T17:51:57.000Z,0.001352,0xdb2790babd053b21cf548077953a9f25d9de9e0c,sell,0x7268f9c2bc9c9e65b4a16888cb5672531ce8e945,0xaf07940eb9f5e03da8c63672cdcf75a042cca69e720e70e8f4ed5b8aad56ff71
136,146.99431761539228,0.19844232878077958,0x766e133887556174be28be5e010c324f6195690a,2017-09-24T12:43:18.000Z,0.00135,0x008e78c32ccba36fcef6fa918dd40abd0ecf590c,sell,0x7268f9c2bc9c9e65b4a16888cb5672531ce8e945,0xc2dd34f87a2f41ba9d50e5b06a26393f5e5c5c1d05c3fe06dc47cb5d318c5a11
137,71.01589584821511,0.17896005753750208,0xdedd2f9c09e210245e2076655548a7a2d0eb6e94,2017-09-24T02:00:55.000Z,0.00252,0x26d459c36daa5105084e70e7213e62b867d5d94b,buy,0x7268f9c2bc9c9e65b4a16888cb5672531ce8e945,0xd2d2777ebdc27e409e4a975da94871fa76cde30adf5574f58125b30f00f5c6e6
138,29,0.0696,0xdedd2f9c09e210245e2076655548a7a2d0eb6e94,2017-09-24T01:55:43.000Z,0.0024,0x5aaf12239f8b8a9c0c984f1f1f9d9a31f28360e4,buy,0x7268f9c2bc9c9e65b4a16888cb5672531ce8e945,0x95f679760d81bdfe6036294b6d0844e3f8d88cbea27d8986621e6e29e1a56cde
139,89.36974789915966,0.2127,0xdedd2f9c09e210245e2076655548a7a2d0eb6e94,2017-09-24T01:45:27.000Z,0.00238,0x5aaf12239f8b8a9c0c984f1f1f9d9a31f28360e4,buy,0x7268f9c2bc9c9e65b4a16888cb5672531ce8e945,0x76273fb4fdcd2e9443be758502b51b9f17a8ed6bd624bb9120754625c23710a3
140,200,0.47,0xdedd2f9c09e210245e2076655548a7a2d0eb6e94,2017-09-24T01:32:16.000Z,0.00235,0x26d459c36daa5105084e70e7213e62b867d5d94b,buy,0x7268f9c2bc9c9e65b4a16888cb5672531ce8e945,0xbbfa40a014b1e2e55352a4ffde11f305929fa9ff588f9befca2368f597312341
141,26.641,0.0559461,0xdedd2f9c09e210245e2076655548a7a2d0eb6e94,2017-09-24T00:55:42.000Z,0.0021,0x26d459c36daa5105084e70e7213e62b867d5d94b,buy,0x7268f9c2bc9c9e65b4a16888cb5672531ce8e945,0xf3d2e95567009d85d9b153a1e00f538fc3cdaf54d9e835147fe551a9d12bb590
142,0.21008403361344538,0.0005,0xc22f5ab4f1591613a92b4d172cc7f4e4a5af58cd,2017-09-23T23:32:29.000Z,0.00238,0x5aaf12239f8b8a9c0c984f1f1f9d9a31f28360e4,buy,0x7268f9c2bc9c9e65b4a16888cb5672531ce8e945,0x318f273fc23e3db9411c9fce233b83dfaa9ac4c5d551880f3863c1bcbc20a060
143,0.21008403361344538,0.0005,0x452b06f1c61cff4c9bebaa405319a7c3b12553a2,2017-09-23T23:31:57.000Z,0.00238,0x5aaf12239f8b8a9c0c984f1f1f9d9a31f28360e4,buy,0x7268f9c2bc9c9e65b4a16888cb5672531ce8e945,0x7f72b4b6780012026768b2b1e1b0124b41b64051e91d6aa09e8d533764c951b1
144,0.21008403361344538,0.0005,0x2ba19ec4bcd5ae8de66b110bde5ebf41092bd02f,2017-09-23T23:26:18.000Z,0.00238,0x5aaf12239f8b8a9c0c984f1f1f9d9a31f28360e4,buy,0x7268f9c2bc9c9e65b4a16888cb5672531ce8e945,0x699ffe6e4fc410bdefa3f210b61da1c644ed3b7ffe29f7e5ea93363e19cdf184
145,0.02401700621482892,0.000026872147913647,0xdedd2f9c09e210245e2076655548a7a2d0eb6e94,2017-09-23T20:11:26.000Z,0.0011188799999999675,0x0b15dd0ecd4af78ca437c0dfe9a54875b8759ba7,sell,0x7268f9c2bc9c9e65b4a16888cb5672531ce8e945,0xd44cafc67a16262bd987187403810829e5b8e2a47e0a53a7471da558487fdbd2
146,240.91458934094888,0.26503254887987127,0xa1bdc06ce0336bfc35164ed25509fc63e61bf083,2017-09-23T19:46:14.000Z,0.00110011,0x0b15dd0ecd4af78ca437c0dfe9a54875b8759ba7,sell,0x7268f9c2bc9c9e65b4a16888cb5672531ce8e945,0x8924cb93aef7bd978b3fcb04e759febccb59b6ebe3dd1ed5e415f37e73f96ecf
147,0.00718348391977119,0.000007902622494979,0xa1bdc06ce0336bfc35164ed25509fc63e61bf083,2017-09-23T17:59:36.000Z,0.0011001099999999326,0x4a62bce8e35b276489ccbe7966d3dac1c8322fad,sell,0x7268f9c2bc9c9e65b4a16888cb5672531ce8e945,0x403a6d83dbd577fa7a5f65e6619dee47390445c81af95495798a927f4af83bf0
148,72.05752719922481,0.0792712062471392,0xa1bdc06ce0336bfc35164ed25509fc63e61bf083,2017-09-23T17:51:02.000Z,0.00110011,0x4a62bce8e35b276489ccbe7966d3dac1c8322fad,sell,0x7268f9c2bc9c9e65b4a16888cb5672531ce8e945,0xc9aa028b6e107710956c46e8d92a354844dd2c12c8bf1cf0ce27448cfdd47ac4
149,0.25,0.0005,0x18a902dc44442205b4ba2b1dc038e67506d22c55,2017-09-23T16:38:33.000Z,0.002,0xabd5084e4a8aba850a5f1a9090208c3beb6758ab,buy,0x7268f9c2bc9c9e65b4a16888cb5672531ce8e945,0x5326ea0423a755972be33a4ee720b0488d35d27bc3df1284e9e08d8e33d68b1d
150,0.25,0.0005,0xd868b838b5de79f1e540b5d83c9e9a3d0b3810cd,2017-09-23T16:37:28.000Z,0.002,0xabd5084e4a8aba850a5f1a9090208c3beb6758ab,buy,0x7268f9c2bc9c9e65b4a16888cb5672531ce8e945,0xc4950db9a94dd5ddc5e4b14628180c12fa5bfceb9655ec41fe089825866a5c45
151,0.1,0.00026,0x18bc639218a3abdf0772a49c3c4ea2ee9148ddc4,2017-09-23T09:22:59.000Z,0.0026,0x8909e1a4f31fc2214ea6c4a917268b833b00c000,buy,0x7268f9c2bc9c9e65b4a16888cb5672531ce8e945,0x081950f5bf4ab869d5152f97d95a1aa69c52c679c2313f722b2b2a1c50de9935
152,0.5,0.0013,0x636d925f140f761f7a0e600db2177dd068ddada1,2017-09-23T09:12:02.000Z,0.0026,0x8909e1a4f31fc2214ea6c4a917268b833b00c000,buy,0x7268f9c2bc9c9e65b4a16888cb5672531ce8e945,0xb88e194dfb8c5ac173c16c530e15ebeb66cef1a06796e2a85664582fd97d1baf
153,54.8903395703539,0.054895828604310935,0xa1bdc06ce0336bfc35164ed25509fc63e61bf083,2017-09-23T06:36:31.000Z,0.0010001,0x1ed014aec47fae44c9e55bac7662c0b78ae61798,sell,0x7268f9c2bc9c9e65b4a16888cb5672531ce8e945,0xffdf38dcd7b4ff17d80898cf5274dd61e9f3154a5080c2345adfb44ab077ce3c
154,1,0.002699999,0x0c3d0fc12a1ab89e3b00180bf9988762a44d69d4,2017-09-23T02:59:09.000Z,0.002699999,0x47c76471be50316c664bcd7454bf19a1b825db78,buy,0x7268f9c2bc9c9e65b4a16888cb5672531ce8e945,0x204ce516074efa9c5ff00af76d152b615ee717c9ebd1c8ddf8a3eb9f9bf3d06c
155,168.56848026418365,0.16856848026418364,0x8909e1a4f31fc2214ea6c4a917268b833b00c000,2017-09-23T02:56:42.000Z,0.001,0xad2ba0c0c09bcf8b365c10561db43f4472ab792a,sell,0x7268f9c2bc9c9e65b4a16888cb5672531ce8e945,0x686f4346d92b4b9b71299e8583e178b8b306f120b8920da8c06bea58f4d2ce0a
156,100,0.1101,0x8909e1a4f31fc2214ea6c4a917268b833b00c000,2017-09-23T02:50:03.000Z,0.001101,0xad2ba0c0c09bcf8b365c10561db43f4472ab792a,sell,0x7268f9c2bc9c9e65b4a16888cb5672531ce8e945,0x3be1184c2a8ea0f6355139f5e5e5567e82aec14c4f920957a7de222d6aa8e4a8
157,25,0.0277775,0x944201a8c09fbc0a343dda7bd92ed432c1c2f290,2017-09-23T02:46:50.000Z,0.0011111,0xad2ba0c0c09bcf8b365c10561db43f4472ab792a,sell,0x7268f9c2bc9c9e65b4a16888cb5672531ce8e945,0x3b655271decdfec44d9bb30713bf7e87b81057f7c2d8313a3c12fbf580f224ce
158,80,0.096,0x8909e1a4f31fc2214ea6c4a917268b833b00c000,2017-09-23T02:43:58.000Z,0.0012,0xad2ba0c0c09bcf8b365c10561db43f4472ab792a,sell,0x7268f9c2bc9c9e65b4a16888cb5672531ce8e945,0xf2f2ad6776863da981c03eb78779cccda369ea5dae3a453917543a882c765b2b
159,4,0.00592,0x8909e1a4f31fc2214ea6c4a917268b833b00c000,2017-09-22T23:43:58.000Z,0.00148,0x971f30c325d9924ad472adf0bf98702502baad93,buy,0x7268f9c2bc9c9e65b4a16888cb5672531ce8e945,0xa148ee639930f25a3bf6b5d04260fb1d7c4f6411f7a9880f995b78f520b7cb4b
160,290,0.4321,0xce0404f4d097495a275bd60e0e7a26c982c73a01,2017-09-22T23:29:56.000Z,0.00149,0x26d459c36daa5105084e70e7213e62b867d5d94b,buy,0x7268f9c2bc9c9e65b4a16888cb5672531ce8e945,0xa49fc93636388debf0b4c5ef4782fdf96a382ff8fc57cdd1484c2acff848f78f
161,122.72,0.18408,0xce0404f4d097495a275bd60e0e7a26c982c73a01,2017-09-22T23:29:56.000Z,0.0015,0xd0fcf0e701dd9c7678b59b1e5c63ce4381e2d1eb,buy,0x7268f9c2bc9c9e65b4a16888cb5672531ce8e945,0x19182c9e7550a1b1df43c6df835d1ca94d3f72c76080f4bffc097d77144d9c02
162,285,0.41325,0xce0404f4d097495a275bd60e0e7a26c982c73a01,2017-09-22T23:29:34.000Z,0.00145,0x26d459c36daa5105084e70e7213e62b867d5d94b,buy,0x7268f9c2bc9c9e65b4a16888cb5672531ce8e945,0xe32c5676074eb7363dbd3e69127360ecaa74ef64d887b93f008092226f339d44
163,48.073624169197814,0.040867387906235064,0xa1bdc06ce0336bfc35164ed25509fc63e61bf083,2017-09-22T20:01:25.000Z,0.0008501,0x614719e6fa5f4dbe45692049cecd5bed81a30de6,sell,0x7268f9c2bc9c9e65b4a16888cb5672531ce8e945,0xb5e6af423972b65b52365d6afc4a997ae229fd513b87196ffa23f947c8ba1d5d
164,7028.26,21.08478,0x099c1ce9f8e59e9ba95f4f8dfc3a5e7a62e9031e,2017-09-22T20:00:47.000Z,0.003,0x099c1ce9f8e59e9ba95f4f8dfc3a5e7a62e9031e,buy,0x7268f9c2bc9c9e65b4a16888cb5672531ce8e945,0x5bee605bbcf57fbf643fdf9c810127d927f6ef0e74008b612c43ac49502346ee
165,252.59845130233504,0.21218497248002313,0xa1bdc06ce0336bfc35164ed25509fc63e61bf083,2017-09-22T17:05:10.000Z,0.000840009,0xf212d080ac4975e4522d15fe22df5934e9d638cb,sell,0x7268f9c2bc9c9e65b4a16888cb5672531ce8e945,0xe683f08579c9bbf277221041d1017ca31d56e2b4a33fe1ed6bd622e4c70d7e38
166,240.86531751570132,0.20232879363572923,0xa1bdc06ce0336bfc35164ed25509fc63e61bf083,2017-09-22T16:05:45.000Z,0.0008400079999999999,0x8e9dd2e382c248fc6b976a2751982e8e6cade8e3,sell,0x7268f9c2bc9c9e65b4a16888cb5672531ce8e945,0xbe043b2dd38286a8ba5612f785a50f0c2915d69d8e9e0bd9a88b84a58314a938
167,7,0.01043,0x78b9c5a1a3c08cb7e638b898652500c7a6f2f47f,2017-09-22T15:52:50.000Z,0.00149,0x26d459c36daa5105084e70e7213e62b867d5d94b,buy,0x7268f9c2bc9c9e65b4a16888cb5672531ce8e945,0x170ab94913b32a0db0bab155c7933e8d37e0640e8062478d72009b445f8b06ab
168,0.000000000000007952,0.000000000000000006,0xa1bdc06ce0336bfc35164ed25509fc63e61bf083,2017-09-22T15:52:50.000Z,0.0007545271629778672,0x8e9dd2e382c248fc6b976a2751982e8e6cade8e3,sell,0x7268f9c2bc9c9e65b4a16888cb5672531ce8e945,0x02b26aad738f4210302a8e4670999b15678a786e6db6fc1d270b3b6b42852b62
169,106,0.07526848,0xa1bdc06ce0336bfc35164ed25509fc63e61bf083,2017-09-22T14:22:17.000Z,0.00071008,0xfe347c5c6050bb2775a4d36b7b701a1915d4d7af,buy,0x7268f9c2bc9c9e65b4a16888cb5672531ce8e945,0xaaffd4877e8defdb94ef9c5fc61246ed45ef2f2e514cb973cc5b0772f2e05237
170,24.082,0.01710014656,0xa1bdc06ce0336bfc35164ed25509fc63e61bf083,2017-09-22T14:05:04.000Z,0.00071008,0x1215ef16fc8eeef3cfa66322e600e68d5c527e9d,buy,0x7268f9c2bc9c9e65b4a16888cb5672531ce8e945,0x803a6e1de65bf47c74b6644b1ea2ee96c46e8487093eda0260ac237a254d3320
171,71.7774897816768,0.05096775994417306,0xa1bdc06ce0336bfc35164ed25509fc63e61bf083,2017-09-22T13:25:12.000Z,0.00071008,0x675fbf29bca94ed50185aa54c240dd9706eba536,sell,0x7268f9c2bc9c9e65b4a16888cb5672531ce8e945,0x9f5fd04bfb1a84497f7f312362ac8cc1f4c58469a9bac00bb8269d343eaeafc5
172,24.02552088525571,0.017060041870202373,0xa1bdc06ce0336bfc35164ed25509fc63e61bf083,2017-09-22T11:48:18.000Z,0.00071008,0x062889a5112e58c23914fabbbe91626dab8ce4b8,sell,0x7268f9c2bc9c9e65b4a16888cb5672531ce8e945,0x2a17fc0c38c5b73e1ec4fafed48dd875c5141cd693dfda29e09c39026d429c37
173,250,0.225,0xce0404f4d097495a275bd60e0e7a26c982c73a01,2017-09-22T07:02:56.000Z,0.0009,0x008e78c32ccba36fcef6fa918dd40abd0ecf590c,sell,0x7268f9c2bc9c9e65b4a16888cb5672531ce8e945,0x7eee2728fe66a796aac2b6d2da8421474dadf0042b4aef4ee47c699e0db85592
174,250,0.225,0xce0404f4d097495a275bd60e0e7a26c982c73a01,2017-09-22T07:00:44.000Z,0.0009,0x008e78c32ccba36fcef6fa918dd40abd0ecf590c,sell,0x7268f9c2bc9c9e65b4a16888cb5672531ce8e945,0xa49651af10398ad9bf701ee2f2e22fe11503cf9cec0849fa8c767edabcc9773d
175,250,0.225,0xce0404f4d097495a275bd60e0e7a26c982c73a01,2017-09-22T07:00:44.000Z,0.0009,0x008e78c32ccba36fcef6fa918dd40abd0ecf590c,sell,0x7268f9c2bc9c9e65b4a16888cb5672531ce8e945,0xfdb20eeb6b0ecdd27a92a388a122aa32a281b6e7705ae622d6f4d525d6b9e3b0
176,100,0.09001,0x8909e1a4f31fc2214ea6c4a917268b833b00c000,2017-09-22T07:00:24.000Z,0.0009001,0x008e78c32ccba36fcef6fa918dd40abd0ecf590c,sell,0x7268f9c2bc9c9e65b4a16888cb5672531ce8e945,0xc4d0eeaaf6ea028fa7d1cea61a806a6ef1431795e361c8a68e61c5cbe38d3acd
177,0.2702702702702703,0.0005,0x999dbc9673afdd6b6c140c261297f89de35ff1b3,2017-09-22T06:38:37.000Z,0.00185,0x26d459c36daa5105084e70e7213e62b867d5d94b,buy,0x7268f9c2bc9c9e65b4a16888cb5672531ce8e945,0x254b10abe87fb198d8e493a415b5e32cd9866d952333ed2e28835ed464b051b4
178,0.2702702702702703,0.0005,0x999dbc9673afdd6b6c140c261297f89de35ff1b3,2017-09-22T05:43:59.000Z,0.00185,0x26d459c36daa5105084e70e7213e62b867d5d94b,buy,0x7268f9c2bc9c9e65b4a16888cb5672531ce8e945,0x08fad7a7b7f3ff64723900ebd47ff1d860020f873375bd7f52a68e1ee2eb7dbd
179,0.2702702702702703,0.0005,0x8612d2a48328bbf318b856ed0daaa4a7034383d0,2017-09-22T05:38:17.000Z,0.00185,0x26d459c36daa5105084e70e7213e62b867d5d94b,buy,0x7268f9c2bc9c9e65b4a16888cb5672531ce8e945,0x88be708fa2b310979c3673d75954e37f9bb6f2580b6ccd3c2e9ff7bb8ee8a603
180,0.2702702702702703,0.0005,0x10c12555236fa11fc988be565ab70c82a4660ecf,2017-09-22T05:37:35.000Z,0.00185,0x26d459c36daa5105084e70e7213e62b867d5d94b,buy,0x7268f9c2bc9c9e65b4a16888cb5672531ce8e945,0x9f1f8d558532e0d742a9de9081ce0b2166bdf453b2db2cb0648d69b143f5ef64
181,0.2702702702702703,0.0005,0x7ed2114439b24152cf18c02c10cae681a7ca2adc,2017-09-22T05:27:20.000Z,0.00185,0x26d459c36daa5105084e70e7213e62b867d5d94b,buy,0x7268f9c2bc9c9e65b4a16888cb5672531ce8e945,0xcf9d4f797962f97d3fdf267ad6a5b1f8bc3cecb6ac2cf421542724c1d7274f2e
182,0.2702702702702703,0.0005,0x8f28b1970e72adb11173044ebc762800e3128238,2017-09-22T05:27:20.000Z,0.00185,0x26d459c36daa5105084e70e7213e62b867d5d94b,buy,0x7268f9c2bc9c9e65b4a16888cb5672531ce8e945,0x981f85abbf0277d7be14ea4eb18347da504ed3d8d2459a77f26c6e4ee1097ac2
183,0.2702702702702703,0.0005,0x03dd03643b71b06642179afb38211c0f45699bc5,2017-09-22T05:11:38.000Z,0.00185,0x26d459c36daa5105084e70e7213e62b867d5d94b,buy,0x7268f9c2bc9c9e65b4a16888cb5672531ce8e945,0x13ff5af22f2047134f9c7e527267f22926bf3727ebef8b582b72c2dcc3646b5b
184,39.45775452031654,0.0729968458625856,0x45163fee6bdb8c545b7ff0fcb8afde5391eaefa7,2017-09-22T03:40:12.000Z,0.00185,0x26d459c36daa5105084e70e7213e62b867d5d94b,buy,0x7268f9c2bc9c9e65b4a16888cb5672531ce8e945,0x84970b67783f535665a3c099a931938ec6a73780ce95bd85067d90c46ae4a944
185,0.01,0.0000185,0xab550bae4df060851327fb9f2e1403f4dd6eb08a,2017-09-22T03:36:59.000Z,0.00185,0x26d459c36daa5105084e70e7213e62b867d5d94b,buy,0x7268f9c2bc9c9e65b4a16888cb5672531ce8e945,0xbdfb43ab3a46c595496278314d22c56897a233f9bb1eb05f78df542c22a9b299
186,0.000920088,0.4140396,0xa1bdc06ce0336bfc35164ed25509fc63e61bf083,2017-09-22T03:34:32.000Z,450,0x96373170538a83c7674ef92f41d195203a8abe09,sell,0x7268f9c2bc9c9e65b4a16888cb5672531ce8e945,0x6816f49c0930b8bf8541c8fb8e12782bec11ad40bba947aab0cd3d64651de7cf
187,119.98666930288216,0.10810798904189682,0xa1bdc06ce0336bfc35164ed25509fc63e61bf083,2017-09-22T01:07:25.000Z,0.000901,0x5205815447da31282860f04556820f08c370b967,sell,0x7268f9c2bc9c9e65b4a16888cb5672531ce8e945,0x5e4ef6a82f0be949a10c8b1a41e43d1cb07394126cf1f99a54c88417a0b8cb00
188,100.36885038297338,0.09043233419505901,0xa1bdc06ce0336bfc35164ed25509fc63e61bf083,2017-09-22T00:32:52.000Z,0.000901,0x393fe22c9f23b2d6300fe46f739181986ce2793c,sell,0x7268f9c2bc9c9e65b4a16888cb5672531ce8e945,0xed205a5fc66622e9622af9ea2ca642846aa09f4d337156b4089e9fc530d788b7
189,19.938191606021334,0.01796431063702522,0xa1bdc06ce0336bfc35164ed25509fc63e61bf083,2017-09-22T00:24:54.000Z,0.000901,0x393fe22c9f23b2d6300fe46f739181986ce2793c,sell,0x7268f9c2bc9c9e65b4a16888cb5672531ce8e945,0x6eb51a96c945ffee6f315b99564c811157a79acc93dbdfedf0e9153ea2562eb0
190,100,0.2,0x84e53c7f9f690240ebc1900125dabcf06027d816,2017-09-21T23:25:00.000Z,0.002,0x63cd73ba1c5a082b039e87657e1e7f6cfb7bf208,buy,0x7268f9c2bc9c9e65b4a16888cb5672531ce8e945,0x9128654081bbf15e14d5738bb1f4f836805d6165382eeaace5d2474a14b7db61
191,10,0.02,0x84e53c7f9f690240ebc1900125dabcf06027d816,2017-09-21T23:24:50.000Z,0.002,0x4d8ae174b1b59611d4531719c684e309a12f1f41,buy,0x7268f9c2bc9c9e65b4a16888cb5672531ce8e945,0x372e6d818933e41d342d69672b9cffa09bfffe020af4165255c4ec55f36ee5d6
192,13.43,0.0264571,0x84e53c7f9f690240ebc1900125dabcf06027d816,2017-09-21T23:24:19.000Z,0.00197,0x26d459c36daa5105084e70e7213e62b867d5d94b,buy,0x7268f9c2bc9c9e65b4a16888cb5672531ce8e945,0x6bf305c36cb5a2157988b8466b36fa274a65a141db6da1cb7f77d5105ca97b56
193,100,0.1969999999,0x84e53c7f9f690240ebc1900125dabcf06027d816,2017-09-21T23:23:48.000Z,0.001969999999,0xbcce870909b3dbbe28f744f69b080dbdeeb7748a,buy,0x7268f9c2bc9c9e65b4a16888cb5672531ce8e945,0x6b0b2cd8e824683ae51fadb6e9bf946d48b8ad31bc756b8eb4ca09c1d3dd17df
194,61.25,0.12005,0x84e53c7f9f690240ebc1900125dabcf06027d816,2017-09-21T23:21:05.000Z,0.00196,0x5c21287adbcb63026aedadaabc2026c4dd0854d9,buy,0x7268f9c2bc9c9e65b4a16888cb5672531ce8e945,0x3399d0002e91642ac8c56e2a1e0e50ab652eccc5303f4d93b434e26cd4f61b4a
195,26.4708,0.0397062,0x45163fee6bdb8c545b7ff0fcb8afde5391eaefa7,2017-09-21T23:17:59.000Z,0.0015,0xb31d8a077038d6bdcf2a01d9e8a3e8b3301ab17a,buy,0x7268f9c2bc9c9e65b4a16888cb5672531ce8e945,0xb7b6c6c6dc0b3b60379283e1db764806032660364be35b2df063643d0a1746f4
196,100,0.145,0x45163fee6bdb8c545b7ff0fcb8afde5391eaefa7,2017-09-21T22:06:06.000Z,0.00145,0x26d459c36daa5105084e70e7213e62b867d5d94b,buy,0x7268f9c2bc9c9e65b4a16888cb5672531ce8e945,0xefda169d43cc6e9b3fda1de7c7b3b5d38c18df8c5f069e50115ad10ab76a820e
197,34.135109455849175,0.01365404378233967,0x8909e1a4f31fc2214ea6c4a917268b833b00c000,2017-09-21T21:59:21.000Z,0.00039999999999999996,0x36fb0deff92e912cedf395370b7665346d637ff5,sell,0x7268f9c2bc9c9e65b4a16888cb5672531ce8e945,0x00fecc2499d72cf694e8da74a2c358d6dbcf298abe16a1a9c67979235371965b
198,134.75583266256538,0.061987683024780076,0xbcce870909b3dbbe28f744f69b080dbdeeb7748a,2017-09-21T16:10:58.000Z,0.00046,0xae1664b464fdb9772e8d5f2e8ec340398137ffec,sell,0x7268f9c2bc9c9e65b4a16888cb5672531ce8e945,0x3c400fff03e13ff706f018a34c0da30b1ae58381c91577f6f8430c157dcc4442
199,4.671314185634816,0.00326991992994437,0xb700402053ac42638c83b9a791f03f4c9bf16854,2017-09-21T16:02:10.000Z,0.0006999999999999998,0xae1664b464fdb9772e8d5f2e8ec340398137ffec,sell,0x7268f9c2bc9c9e65b4a16888cb5672531ce8e945,0xe00bac9a7de81c85acd8b2d937dfadbe04be43e08ca06324c61e741030fd1d91
200,2.969,0.002377836472,0x971f30c325d9924ad472adf0bf98702502baad93,2017-09-21T15:52:09.000Z,0.000800888,0xae1664b464fdb9772e8d5f2e8ec340398137ffec,sell,0x7268f9c2bc9c9e65b4a16888cb5672531ce8e945,0x25773c141768b1770e95d31ca05f88f86ebfe4529edbccfaba6ab08aae55f5b6
201,74,0.14578,0x5a0500e8677cb6427124f3b8ae66df76bbd6a622,2017-09-21T14:02:58.000Z,0.00197,0x26d459c36daa5105084e70e7213e62b867d5d94b,buy,0x7268f9c2bc9c9e65b4a16888cb5672531ce8e945,0x4f1a1565688a00177516042e1a3ff5ea6c0ff157f07d0eeff07fe20472489f61
202,59.85,0.089775,0xce0404f4d097495a275bd60e0e7a26c982c73a01,2017-09-21T12:07:34.000Z,0.0015,0xa903a5996c5cacfba18439d7e14c33eaf93d9cf7,buy,0x7268f9c2bc9c9e65b4a16888cb5672531ce8e945,0x2c839b3186ec0151b8f09a4b33d90d092b7728e68e9d315be23a95786a8b0f25
203,1019.59,1.427426,0xce0404f4d097495a275bd60e0e7a26c982c73a01,2017-09-21T12:01:26.000Z,0.0014,0x1fdf047bf7a114b37e7936d01e9cad754ad18803,buy,0x7268f9c2bc9c9e65b4a16888cb5672531ce8e945,0x5c321165ab29dc2763b0409a68f63cf7e0ded6c0c8edb21cc90509c23582195e
204,65.56065696341342,0.026224262785365368,0x8909e1a4f31fc2214ea6c4a917268b833b00c000,2017-09-21T07:40:11.000Z,0.00039999999999999996,0x584e9c20775461884c00bba8e16ccf215e1a5efb,sell,0x7268f9c2bc9c9e65b4a16888cb5672531ce8e945,0x65822fc51f09064125d0ba0eeeaad1289cda913f8b172fa4837e5402e7f6aaee
205,20,0.0137,0x0c1638b3c19007dbca251001457eda977b536985,2017-09-21T07:38:21.000Z,0.000685,0x584e9c20775461884c00bba8e16ccf215e1a5efb,sell,0x7268f9c2bc9c9e65b4a16888cb5672531ce8e945,0x3b391b4dbac5e7e88c176fd7215474d328aedb1b320775e3ffa5f327015953d8
206,10.25,0.0082,0x5c21287adbcb63026aedadaabc2026c4dd0854d9,2017-09-21T07:37:47.000Z,0.0008,0x584e9c20775461884c00bba8e16ccf215e1a5efb,sell,0x7268f9c2bc9c9e65b4a16888cb5672531ce8e945,0xc2affdd0aee40e0627bb5aead4cb77439d293b552d216ef9b1c7569ff32ea2ad
207,0.031,0.000024827528,0x971f30c325d9924ad472adf0bf98702502baad93,2017-09-21T07:37:47.000Z,0.000800888,0xad008c3f3a816eab62a522b6ee7f96eb989106dd,sell,0x7268f9c2bc9c9e65b4a16888cb5672531ce8e945,0xdafe0f58c5824a830e08a480bddfc8b9123d679ed09075ef0fc3a239ac3c6b92
208,36.785,0.02946066508,0xa1bdc06ce0336bfc35164ed25509fc63e61bf083,2017-09-21T07:37:47.000Z,0.000800888,0x584e9c20775461884c00bba8e16ccf215e1a5efb,sell,0x7268f9c2bc9c9e65b4a16888cb5672531ce8e945,0x79a3d16a4d6cd482cc253003cb712f00f593762756ffdb2eb3a968766dc54573
209,313.2145913652502,0.2508498076493325,0xa1bdc06ce0336bfc35164ed25509fc63e61bf083,2017-09-21T07:14:30.000Z,0.000800888,0xad008c3f3a816eab62a522b6ee7f96eb989106dd,sell,0x7268f9c2bc9c9e65b4a16888cb5672531ce8e945,0xb27ee33ccc2bba3692e9170cbdcfad7cad3c4b69dbb7636604ac4e2afcfc5d6f
210,580,0.522,0x8909e1a4f31fc2214ea6c4a917268b833b00c000,2017-09-21T07:12:01.000Z,0.0009,0xad008c3f3a816eab62a522b6ee7f96eb989106dd,sell,0x7268f9c2bc9c9e65b4a16888cb5672531ce8e945,0x1e4bf8d447336952e97be538319108a323486f9b452803db6766052a68278593
211,242.587,0.2183283,0x8909e1a4f31fc2214ea6c4a917268b833b00c000,2017-09-21T04:48:01.000Z,0.0009,0xf68ceb8b6fbcb4375a8bc66d25a9c8dacbd07354,buy,0x7268f9c2bc9c9e65b4a16888cb5672531ce8e945,0xa8c9336c1c89f1b720a6cddbdb632ca71dd1ee92077e0f7f6b450c80c8db1b09
212,50,0.05,0xb700402053ac42638c83b9a791f03f4c9bf16854,2017-09-21T03:51:16.000Z,0.001,0xa903a5996c5cacfba18439d7e14c33eaf93d9cf7,sell,0x7268f9c2bc9c9e65b4a16888cb5672531ce8e945,0x1ad6057cdc6a00fbb878b80ebc59a4bf3517f2642e1776b26743da872f70e883
213,1,0.0008,0x5c21287adbcb63026aedadaabc2026c4dd0854d9,2017-09-21T03:10:37.000Z,0.0008,0xae1664b464fdb9772e8d5f2e8ec340398137ffec,sell,0x7268f9c2bc9c9e65b4a16888cb5672531ce8e945,0x1a1584c0c4d9b8a971745b91914afdfbec3ad0ab7b2d44d42e8e95863dcf5f7e
214,143.83981087201104,0.40275147044163095,0xae1664b464fdb9772e8d5f2e8ec340398137ffec,2017-09-21T00:55:54.000Z,0.0028,0x76f0a6a6c37757adf2e935bb62592eddf7290952,buy,0x7268f9c2bc9c9e65b4a16888cb5672531ce8e945,0x3c793ebf4fc545e685c5091169d796f8331ec54fc618f4175f6d682444d89f74
215,143.938,0.1151504,0xa1bdc06ce0336bfc35164ed25509fc63e61bf083,2017-09-21T00:35:40.000Z,0.0008,0x8f14c76695583a938b0a32e922a20cdbce33e77c,buy,0x7268f9c2bc9c9e65b4a16888cb5672531ce8e945,0x4f763d56a2314964d9390180fa9c53927ae4ae9334b999186581c5612471c610
216,0.625,0.0005,0x42c24a83bded723edfdf5883bc7efb30bc1a1bf3,2017-09-21T00:20:48.000Z,0.0008,0x8f14c76695583a938b0a32e922a20cdbce33e77c,buy,0x7268f9c2bc9c9e65b4a16888cb5672531ce8e945,0x17b797b285a03bd3e8057822cbb67d4bbb07c7fac879c86363e59fd465687f1b
217,50,0.04,0x5c21287adbcb63026aedadaabc2026c4dd0854d9,2017-09-20T23:29:30.000Z,0.0008,0x099c1ce9f8e59e9ba95f4f8dfc3a5e7a62e9031e,sell,0x7268f9c2bc9c9e65b4a16888cb5672531ce8e945,0x138334903bbc10a289d22aac2a1e2bd2d956350835b5c66532d9b24d3c41f42f
218,18,0.0153,0x4faccae6b5a7e279e27b16c9802200673b45b688,2017-09-20T23:29:22.000Z,0.00085,0x099c1ce9f8e59e9ba95f4f8dfc3a5e7a62e9031e,sell,0x7268f9c2bc9c9e65b4a16888cb5672531ce8e945,0x34611355ba7809e147d8e995d6e1173e73d2c9f1016bf0104f58a68aecdec24f
219,8.505718172855735,0.008590775354584293,0x8909e1a4f31fc2214ea6c4a917268b833b00c000,2017-09-20T22:56:03.000Z,0.0010099999999999998,0xd11b56fc6f5105821c9ad5dc9cdd0f99cda6bdb8,sell,0x7268f9c2bc9c9e65b4a16888cb5672531ce8e945,0xec999e617ffabf9a781e195cb86a3524398406d85fee56c427f194d93921e33c
220,50,0.05,0xb700402053ac42638c83b9a791f03f4c9bf16854,2017-09-20T22:55:45.000Z,0.001,0xd11b56fc6f5105821c9ad5dc9cdd0f99cda6bdb8,sell,0x7268f9c2bc9c9e65b4a16888cb5672531ce8e945,0x0c87aa69058a9956e767b7e2065214b76aa2ec6c60b70f168021cedf130d594b
221,896.9148817992616,0.9238223282532394,0x1fdf047bf7a114b37e7936d01e9cad754ad18803,2017-09-20T22:55:30.000Z,0.0010299999999999999,0xd11b56fc6f5105821c9ad5dc9cdd0f99cda6bdb8,sell,0x7268f9c2bc9c9e65b4a16888cb5672531ce8e945,0xa731992f4c90b58d9ce9e651945956afd78e977b8ce0aeaa85c1a94e44f4c071
222,4,0.00424,0xb700402053ac42638c83b9a791f03f4c9bf16854,2017-09-20T22:55:30.000Z,0.00106,0xd11b56fc6f5105821c9ad5dc9cdd0f99cda6bdb8,sell,0x7268f9c2bc9c9e65b4a16888cb5672531ce8e945,0xf9cc3ad45fd075ed1396c0bd79630e130a07dcc9a4238e43adacac91bb82f2c0
223,103.08511820073845,0.1061776717467606,0x1fdf047bf7a114b37e7936d01e9cad754ad18803,2017-09-20T21:57:39.000Z,0.0010299999999999999,0xe835ec939021aa1189d4ddf3ae1544b62f9579ab,sell,0x7268f9c2bc9c9e65b4a16888cb5672531ce8e945,0xdcd44640c9bebd280b4acd8d197bd60fcd6175fe197110e4123605056e1af573
224,0.9977123885724435,0.001122515233546581,0x971f30c325d9924ad472adf0bf98702502baad93,2017-09-20T21:52:01.000Z,0.001125088999999999,0xe835ec939021aa1189d4ddf3ae1544b62f9579ab,sell,0x7268f9c2bc9c9e65b4a16888cb5672531ce8e945,0x23166ec5a0af7b3143055a5fcaf419e755d2366aed2f34e2b1ab184ac05f786d
225,213.22254513338186,0.23454479964672004,0x0224124d4ad34407b5cf329530efdc20515c97f3,2017-09-20T21:49:05.000Z,0.0011,0xe835ec939021aa1189d4ddf3ae1544b62f9579ab,sell,0x7268f9c2bc9c9e65b4a16888cb5672531ce8e945,0x4c00dd257fb212947c2e2ba546c78fcfa11cc1eb1cf01fb1de5593fc1724c1d5
226,2,0.00232,0xb700402053ac42638c83b9a791f03f4c9bf16854,2017-09-20T21:47:17.000Z,0.00116,0xe835ec939021aa1189d4ddf3ae1544b62f9579ab,sell,0x7268f9c2bc9c9e65b4a16888cb5672531ce8e945,0xf056a2caa2525f99ad1f1252e29f917f5d555ed10f9efa3fd9b441ec8290ea33
227,63.448,0.1839992,0x5a0500e8677cb6427124f3b8ae66df76bbd6a622,2017-09-20T21:41:24.000Z,0.0029,0x26d459c36daa5105084e70e7213e62b867d5d94b,buy,0x7268f9c2bc9c9e65b4a16888cb5672531ce8e945,0xd475099bdbad0cceaf22183ed5932bd0df8948b7e00aa38490a9f55a7cb9255b
228,144.1152427474828,0.1585267670222311,0x0224124d4ad34407b5cf329530efdc20515c97f3,2017-09-20T21:39:44.000Z,0.0011,0x65f2dddf638c7a7118b22d610c9aeba141f2467f,sell,0x7268f9c2bc9c9e65b4a16888cb5672531ce8e945,0x5b880353afd6ec1f857a6b43cd15c32614f7a712141b92a2e87bc20145401ac4
229,144.562,0.144562,0x65f2dddf638c7a7118b22d610c9aeba141f2467f,2017-09-20T21:39:44.000Z,0.001,0x8fa51425073e9da2e4fbffebeabfa3caa05c5951,buy,0x7268f9c2bc9c9e65b4a16888cb5672531ce8e945,0x5b880353afd6ec1f857a6b43cd15c32614f7a712141b92a2e87bc20145401ac4
230,0.1724137931034483,0.0005,0x42c24a83bded723edfdf5883bc7efb30bc1a1bf3,2017-09-20T21:02:56.000Z,0.0029,0x26d459c36daa5105084e70e7213e62b867d5d94b,buy,0x7268f9c2bc9c9e65b4a16888cb5672531ce8e945,0x2e35f902643b9ca69310212fa7faed93ed3e2e0a816dcc80785495eadc1cf2c0
231,199.72884083143458,0.2256935901395211,0x26d459c36daa5105084e70e7213e62b867d5d94b,2017-09-20T20:35:11.000Z,0.00113,0xbdf03f8079dfcfd32051210bb5868bb850502672,sell,0x7268f9c2bc9c9e65b4a16888cb5672531ce8e945,0x1f76f5f4cea91a78fdc19721b8eea602e8f20d6944732278e2c63be2394c3bd7
232,13.5,0.0405,0x78b9c5a1a3c08cb7e638b898652500c7a6f2f47f,2017-09-20T20:31:46.000Z,0.003,0x099c1ce9f8e59e9ba95f4f8dfc3a5e7a62e9031e,buy,0x7268f9c2bc9c9e65b4a16888cb5672531ce8e945,0xf44823ad98aa5f90edf5179380d85dd1753d8dda891e61a9bb722675f848c2ab
233,80,0.24,0x5a0500e8677cb6427124f3b8ae66df76bbd6a622,2017-09-20T20:01:41.000Z,0.003,0x099c1ce9f8e59e9ba95f4f8dfc3a5e7a62e9031e,buy,0x7268f9c2bc9c9e65b4a16888cb5672531ce8e945,0xa37db8c06650a09102d43d856e6c2b935f8d181a723aa56d300b4a92764104b0
234,23.810828254118636,0.0452381926,0x5a0500e8677cb6427124f3b8ae66df76bbd6a622,2017-09-20T19:57:57.000Z,0.0018999,0x4374b0a44d757da9df1721fcaf2cc37bb0872ca9,buy,0x7268f9c2bc9c9e65b4a16888cb5672531ce8e945,0xaa0e92d84f51c66f6cda020b25ce7730ca010cbb5b715be9b9d2063a24134c0f
235,72,0.0792,0x78b9c5a1a3c08cb7e638b898652500c7a6f2f47f,2017-09-20T19:52:19.000Z,0.0011,0x6ea442c42b3d41b6f1d636a3fcb04ccb5c31ac87,buy,0x7268f9c2bc9c9e65b4a16888cb5672531ce8e945,0xe976a107c20bd63056d5f7faf7d960f875a6315fce0ac05ae4c26cc7f6d7e26b
236,0.000000228031442142,0.000000000256555667,0x971f30c325d9924ad472adf0bf98702502baad93,2017-09-20T18:04:42.000Z,0.0011250889990874037,0xad4c884d7ea44c29246895b2fe7c9dfa63e5546a,sell,0x7268f9c2bc9c9e65b4a16888cb5672531ce8e945,0xae7f71ec71132d61c1d2ceb3f3ee13632deb2849ff24d1aad8d3f65d94bd984b
237,0.00228738339611432,0.00000257350989775,0x971f30c325d9924ad472adf0bf98702502baad93,2017-09-20T18:00:02.000Z,0.0011250889999996222,0xad4c884d7ea44c29246895b2fe7c9dfa63e5546a,sell,0x7268f9c2bc9c9e65b4a16888cb5672531ce8e945,0x4aecc7c76aa827a856e494c17efe2a5275f0847496b19444f957981a498a11d1
238,22.944742846422738,0.02523921713106501,0x0224124d4ad34407b5cf329530efdc20515c97f3,2017-09-20T17:56:37.000Z,0.0011,0xad4c884d7ea44c29246895b2fe7c9dfa63e5546a,sell,0x7268f9c2bc9c9e65b4a16888cb5672531ce8e945,0xee3236b160327ff7d0e20f8d206b1763c07adaa97e9cc349dc16a148856e933c
239,0.26317174588136216,0.0005,0x0f657c396dfcd6c59bb82b89fc3adbe5f90ce153,2017-09-20T17:46:02.000Z,0.0018999,0x4374b0a44d757da9df1721fcaf2cc37bb0872ca9,buy,0x7268f9c2bc9c9e65b4a16888cb5672531ce8e945,0x71bc78b400f32740ac18986f5f3fc2706dcf8ceea7349964d325ad9ed9e97bd8
240,749.038,0.842733665344,0xa1bdc06ce0336bfc35164ed25509fc63e61bf083,2017-09-20T17:44:59.000Z,0.001125088,0x099c1ce9f8e59e9ba95f4f8dfc3a5e7a62e9031e,sell,0x7268f9c2bc9c9e65b4a16888cb5672531ce8e945,0x548b60de230a98783a90f802c10fd09c8c28c32089c9007c0283a9d3f24e3405
241,99,0.1188,0xb700402053ac42638c83b9a791f03f4c9bf16854,2017-09-20T17:43:49.000Z,0.0012,0x099c1ce9f8e59e9ba95f4f8dfc3a5e7a62e9031e,sell,0x7268f9c2bc9c9e65b4a16888cb5672531ce8e945,0xf53d7c4d1dd9fc3a847b1e4bc7c71fee89313b40f4ccd0917fc82a43fe42fa49
242,1,0.0012,0xb700402053ac42638c83b9a791f03f4c9bf16854,2017-09-20T17:42:50.000Z,0.0012,0xad4c884d7ea44c29246895b2fe7c9dfa63e5546a,sell,0x7268f9c2bc9c9e65b4a16888cb5672531ce8e945,0xd8e242e33b3f1f4b7abfe3e11a5ed744ce86831ed6e0bd5b95ef300635702dfb
243,99.99999372352721,0.124999992154409,0xb700402053ac42638c83b9a791f03f4c9bf16854,2017-09-20T17:10:25.000Z,0.00125,0x099c1ce9f8e59e9ba95f4f8dfc3a5e7a62e9031e,sell,0x7268f9c2bc9c9e65b4a16888cb5672531ce8e945,0xf271ada7fc47a8102a11584ddbe94ac3c43318cb9443aaeb7f63cae27196fdcd
244,132.20075557805296,0.1659119482504565,0x26d459c36daa5105084e70e7213e62b867d5d94b,2017-09-20T17:10:03.000Z,0.001255,0x099c1ce9f8e59e9ba95f4f8dfc3a5e7a62e9031e,sell,0x7268f9c2bc9c9e65b4a16888cb5672531ce8e945,0xdbc268e5463b8e632867359ac907cf3c09cebe408854431589f0c4bdc99cec8c
245,0.00000627647279397,0.000000007845590992,0xb700402053ac42638c83b9a791f03f4c9bf16854,2017-09-20T17:04:21.000Z,0.001249999999926312,0xad4c884d7ea44c29246895b2fe7c9dfa63e5546a,sell,0x7268f9c2bc9c9e65b4a16888cb5672531ce8e945,0xc0c1dfb98b7e3962ab915d52c9794afb747a92cf472b1b393c77a92d3282a5a6
246,172.79924442194704,0.2168630517495435,0x26d459c36daa5105084e70e7213e62b867d5d94b,2017-09-20T16:39:06.000Z,0.001255,0x212ffb2f514957761d3b8870508f3a1458431460,sell,0x7268f9c2bc9c9e65b4a16888cb5672531ce8e945,0xf80c7ddc9411102f0fa7f25afd6e61cadcd8c4f1c49b9ec6b27b8cf80bfdc738
247,1076,1.210595764,0x9bcc36c21d6ef560e8f0748dac90e48d5d9f1e1d,2017-09-20T16:03:13.000Z,0.001125089,0x099c1ce9f8e59e9ba95f4f8dfc3a5e7a62e9031e,sell,0x7268f9c2bc9c9e65b4a16888cb5672531ce8e945,0x83db89823595a87ce59e1fd9070dc4d226da4548a26a74e0748a5cbf03bc9338
248,21,0.0399,0x09f99b00170fb41860572b387bc7193dfddaf9d7,2017-09-20T15:23:25.000Z,0.0019,0x099c1ce9f8e59e9ba95f4f8dfc3a5e7a62e9031e,sell,0x7268f9c2bc9c9e65b4a16888cb5672531ce8e945,0xdbf63cdc5310a19edc3029fb38ecc45ba2a3dd15f9aa5e09e6f9c3471946a590
249,66.68,0.07502086784,0xa1bdc06ce0336bfc35164ed25509fc63e61bf083,2017-09-20T15:14:16.000Z,0.001125088,0xa2ea70de2e941ed57f37180e1414e3013deb3333,buy,0x7268f9c2bc9c9e65b4a16888cb5672531ce8e945,0xb0158178b5fffd0a1fe9989d9993f4e2fe3908356d57b10669ee79119960ad87
250,173.32,0.19500025216,0x212ffb2f514957761d3b8870508f3a1458431460,2017-09-20T14:58:22.000Z,0.001125088,0xa2ea70de2e941ed57f37180e1414e3013deb3333,buy,0x7268f9c2bc9c9e65b4a16888cb5672531ce8e945,0x0e4dc6a1b52e251c4f64a14a4eb663cb321995da91edd87d766e7c0dbca1d37b
251,157.465,0.1771638715,0x26d459c36daa5105084e70e7213e62b867d5d94b,2017-09-20T13:27:28.000Z,0.0011251,0x099c1ce9f8e59e9ba95f4f8dfc3a5e7a62e9031e,sell,0x7268f9c2bc9c9e65b4a16888cb5672531ce8e945,0x2679b0da26c862bc774643bf8c0797390497eada9b907550f923f25a91bd90d1
252,122.44442229089822,0.1377607501864221,0xa1bdc06ce0336bfc35164ed25509fc63e61bf083,2017-09-20T12:46:38.000Z,0.001125088,0x1b7a7bbf7029e435d2f7cb78a17ff120b793d8bb,sell,0x7268f9c2bc9c9e65b4a16888cb5672531ce8e945,0x56d43b8b1ddcc550101e939348d128d804be57215094f9ab73079f52b2fd52ff
253,24.0545,0.03608175,0xa1bdc06ce0336bfc35164ed25509fc63e61bf083,2017-09-20T12:07:14.000Z,0.0015,0xbeb70d4f88997c2ebaf651b780e1f81fb5a5c104,buy,0x7268f9c2bc9c9e65b4a16888cb5672531ce8e945,0xf5d1bc2e5edfc1b4888d5e8e8c4ccb68720f328a8b6215c8a42fa8e4b09ba081
254,59.32188715925826,0.06673712305416554,0x26d459c36daa5105084e70e7213e62b867d5d94b,2017-09-20T11:48:00.000Z,0.001125,0xfa22486e98415d00054f7fb76c2428b3140fa987,sell,0x7268f9c2bc9c9e65b4a16888cb5672531ce8e945,0x84eaa07b17b04b10a4bebd393e62e3213b2ed7bd21bab7489e355264a511afdf
255,339.535,0.42441875,0x26d459c36daa5105084e70e7213e62b867d5d94b,2017-09-20T11:34:46.000Z,0.00125,0xa31e33b9050b726d7cc56887613b27edb10f1b72,buy,0x7268f9c2bc9c9e65b4a16888cb5672531ce8e945,0x2c68fbd74ff2d77ac60a5251eb6a827f1fe633c978909d9110d49e3f62a926bf
256,105,0.1995,0x0224124d4ad34407b5cf329530efdc20515c97f3,2017-09-20T10:01:29.000Z,0.0019,0x212ffb2f514957761d3b8870508f3a1458431460,buy,0x7268f9c2bc9c9e65b4a16888cb5672531ce8e945,0xdc77a92e47b1a4e9bb1d4c77776b3845eb7c07b08c09f5c4c095449a59749de8
257,220,0.242,0x0224124d4ad34407b5cf329530efdc20515c97f3,2017-09-20T09:51:23.000Z,0.0011,0xabd5084e4a8aba850a5f1a9090208c3beb6758ab,sell,0x7268f9c2bc9c9e65b4a16888cb5672531ce8e945,0x95683cd5256bc801127848777e6a143799ef1e3dbbfb2dc2204787e66729effb
258,42.11394442700703,0.04632533886970773,0x0224124d4ad34407b5cf329530efdc20515c97f3,2017-09-20T09:51:12.000Z,0.0011,0x0d97ea364ef8e8c2700ad9742f28567ef9b3674d,sell,0x7268f9c2bc9c9e65b4a16888cb5672531ce8e945,0x5ddf18147ef20798f3ee72283fdbce8fe25872473005733b5407b4c1f96f22f7
259,80.24125211843285,0.08826537733027615,0x0224124d4ad34407b5cf329530efdc20515c97f3,2017-09-20T09:41:47.000Z,0.0011,0x8d3ea82192afaaecf3675ed7686de1d3d83005de,sell,0x7268f9c2bc9c9e65b4a16888cb5672531ce8e945,0xb157401cb900540bad8238833851b774d5c218a4ad5c74f5af52e22bd06bf854
260,26.044,0.039066,0xa1bdc06ce0336bfc35164ed25509fc63e61bf083,2017-09-20T03:52:34.000Z,0.0015,0xa4f370baa4603752a9c35619b6de94ddbf0b64ed,buy,0x7268f9c2bc9c9e65b4a16888cb5672531ce8e945,0x52e79002bc7f084959bae4d9643e8e96cfae763546dcdbdb25ba50563cabf057
261,15.333,0.0229995,0x2220feb5adfe3c314afb4aff6d312c74b3ff87a4,2017-09-20T03:41:30.000Z,0.0015,0xa4f370baa4603752a9c35619b6de94ddbf0b64ed,buy,0x7268f9c2bc9c9e65b4a16888cb5672531ce8e945,0x51da278ef0b53499144c222423bc90e7091f60c2fd028e966a9fa8c4ac4bfbb2
262,42,0.0504,0x8909e1a4f31fc2214ea6c4a917268b833b00c000,2017-09-19T23:31:54.000Z,0.0012,0x099c1ce9f8e59e9ba95f4f8dfc3a5e7a62e9031e,sell,0x7268f9c2bc9c9e65b4a16888cb5672531ce8e945,0xbba683ecb24b2aa7004b969f28799930002d739784706ec7eea90af9945f5f13
263,458.96234337355025,0.4635519668072858,0x8909e1a4f31fc2214ea6c4a917268b833b00c000,2017-09-19T23:22:06.000Z,0.00101,0x8ef0283051b5d557969f84314d02585f9f9ea3ef,sell,0x7268f9c2bc9c9e65b4a16888cb5672531ce8e945,0xc33f5dc695dd8e33554b08a98137168d8a4bbc5c05ce2df144a309376b092ad1
264,0.000398763832120425,0.000000677898514604,0x677f6219a6b86ac29bbbc75777220a7ff8517322,2017-09-19T23:06:40.000Z,0.0016999999999981882,0x099c1ce9f8e59e9ba95f4f8dfc3a5e7a62e9031e,sell,0x7268f9c2bc9c9e65b4a16888cb5672531ce8e945,0x99db1d91e56f259316fe201220374a6bbf1aabb75247fc22803629b850bf7ac8
265,23.529,0.0399993,0x677f6219a6b86ac29bbbc75777220a7ff8517322,2017-09-19T23:06:36.000Z,0.0017,0xad008c3f3a816eab62a522b6ee7f96eb989106dd,sell,0x7268f9c2bc9c9e65b4a16888cb5672531ce8e945,0x106145b3f400b59af6acf4baa2c14fe5cc381832a0c7ab66afd11819db290bcc
266,40,0.072,0x677f6219a6b86ac29bbbc75777220a7ff8517322,2017-09-19T22:48:17.000Z,0.0018,0x8ef0283051b5d557969f84314d02585f9f9ea3ef,sell,0x7268f9c2bc9c9e65b4a16888cb5672531ce8e945,0xbf0852026a811cead902665321261bd1d243d82f30c303ce084ebf8f9bc6c60d
267,84.2,0.128826,0x86cb43603a81beebaa765ecec97926f0857bfbb4,2017-09-19T21:44:01.000Z,0.00153,0x099c1ce9f8e59e9ba95f4f8dfc3a5e7a62e9031e,sell,0x7268f9c2bc9c9e65b4a16888cb5672531ce8e945,0x112c4e2397ef3a9767300b73a3d3515237a78f9ffbd63353833a6bc5e3fe5094
268,240,0.3648,0x26d459c36daa5105084e70e7213e62b867d5d94b,2017-09-19T21:43:53.000Z,0.00152,0x099c1ce9f8e59e9ba95f4f8dfc3a5e7a62e9031e,sell,0x7268f9c2bc9c9e65b4a16888cb5672531ce8e945,0x77accd11933805e16ec64c3b1ad5f9684482dd83aca9635d2d53a79565398304
269,19,0.038,0x8909e1a4f31fc2214ea6c4a917268b833b00c000,2017-09-19T21:32:20.000Z,0.002,0xabd5084e4a8aba850a5f1a9090208c3beb6758ab,buy,0x7268f9c2bc9c9e65b4a16888cb5672531ce8e945,0x53855a7c924b6b9ba281c544bbca5e99c39759e060b2b9a4ee7471d2f00ded74
270,119.629149636128,0.17944372445419202,0xad008c3f3a816eab62a522b6ee7f96eb989106dd,2017-09-19T21:25:51.000Z,0.0015,0x695f7ca2b214b12912a8f74ab689907666cad96c,sell,0x7268f9c2bc9c9e65b4a16888cb5672531ce8e945,0x2ecffbaed5373f16fdff633bdef9574094371a0ee4d69d448a23369c708b671c
271,754.35317589574,1.1315297638436101,0xad008c3f3a816eab62a522b6ee7f96eb989106dd,2017-09-19T21:08:19.000Z,0.0015,0x00b19952244e428b037ca235a4cc698657687ebf,sell,0x7268f9c2bc9c9e65b4a16888cb5672531ce8e945,0xdad9641b835db3a839907ab408142982265495513945269ec6b8a4c3ce314bef
272,0.000000000079758825,0.000000000000119638,0xad008c3f3a816eab62a522b6ee7f96eb989106dd,2017-09-19T21:02:57.000Z,0.0014999970222730839,0x8e9dd2e382c248fc6b976a2751982e8e6cade8e3,sell,0x7268f9c2bc9c9e65b4a16888cb5672531ce8e945,0x649ee3f192a0e6c3c83094c57dc7f3b6581de8f2e24ca3ce309a94004def5de8
273,0.000000800060770855,0.000000000400030385,0xad008c3f3a816eab62a522b6ee7f96eb989106dd,2017-09-19T21:01:59.000Z,0.0004999999994656656,0x8e9dd2e382c248fc6b976a2751982e8e6cade8e3,sell,0x7268f9c2bc9c9e65b4a16888cb5672531ce8e945,0xeb8ab828cf862ea4b5f3defcdefcca8a5239993967bc5ec08f761f44c012a017
274,45.54281726647393,0.0683142258997109,0xad008c3f3a816eab62a522b6ee7f96eb989106dd,2017-09-19T20:59:27.000Z,0.0015,0xa4df59f2462378b90921f06a969a5b0588718328,sell,0x7268f9c2bc9c9e65b4a16888cb5672531ce8e945,0xa1a7f4f0da4f782601fcb5f608ef71e77bc3ac50b9709b4242d0723cb5c5d00b
275,35.8,0.054058,0x86cb43603a81beebaa765ecec97926f0857bfbb4,2017-09-19T20:03:28.000Z,0.00151,0x9ea7056ae5376e9feb89becc77b396546ef124f4,sell,0x7268f9c2bc9c9e65b4a16888cb5672531ce8e945,0x4c4317848c7ce53ebc30ad96144ee2f87cb9dd54c19821f1a57eef5befbf19db
276,2.8959276018099547,0.006399999999999999,0x0224124d4ad34407b5cf329530efdc20515c97f3,2017-09-19T19:25:07.000Z,0.0022099999999999997,0x0d97ea364ef8e8c2700ad9742f28567ef9b3674d,sell,0x7268f9c2bc9c9e65b4a16888cb5672531ce8e945,0x5a324dabf0b2a9634705e1ee7ab67cc1dfc35efedee1c29ae81c88cc0816c441
277,105,0.1785,0x212ffb2f514957761d3b8870508f3a1458431460,2017-09-19T19:08:47.000Z,0.0017,0x00b19952244e428b037ca235a4cc698657687ebf,sell,0x7268f9c2bc9c9e65b4a16888cb5672531ce8e945,0x1f8c7d12941354a04be21347dcc4caecb7bd820d660f2d224e6569e00ec304f7
278,340,0.5782652,0xa1bdc06ce0336bfc35164ed25509fc63e61bf083,2017-09-19T19:08:42.000Z,0.00170078,0x00b19952244e428b037ca235a4cc698657687ebf,sell,0x7268f9c2bc9c9e65b4a16888cb5672531ce8e945,0xca5797285a487f6e3135f30030285d4f2838aca7201d654822f6b48d1680befd
279,120,0.192,0x695f7ca2b214b12912a8f74ab689907666cad96c,2017-09-19T19:03:10.000Z,0.0016,0xcd371e6ee9dbc386f85b8eab0c9711368d404618,sell,0x7268f9c2bc9c9e65b4a16888cb5672531ce8e945,0x82218f4acdd129e96fa5b3ab2457b2464ab0a756331b5842ade457a227488e5a
280,0.000000000000016,0.000000000000000048,0x8e9dd2e382c248fc6b976a2751982e8e6cade8e3,2017-09-19T18:58:02.000Z,0.003,0xbb63b95b480ed42f51ba7cf85e2b18ad17ddc290,buy,0x7268f9c2bc9c9e65b4a16888cb5672531ce8e945,0x422e1148959fbb38e0ee6f7ea4ed53e0c8a1e71589fa5da186cc8bd5b482cd77
281,0.000000000089053584,0.000000000000471984,0x8e9dd2e382c248fc6b976a2751982e8e6cade8e3,2017-09-19T18:46:38.000Z,0.005300000053900133,0x0d97ea364ef8e8c2700ad9742f28567ef9b3674d,buy,0x7268f9c2bc9c9e65b4a16888cb5672531ce8e945,0x07644a7aeaae97e540403ab5ec7d064c62fa25ba361a379ef6c8311ab54bcac7
282,0.000000802451889661,0.000000004734466149,0x8e9dd2e382c248fc6b976a2751982e8e6cade8e3,2017-09-19T18:38:06.000Z,0.005900000000000125,0x004809ddce9e0c6801daf83f652c7dac4feec8a2,buy,0x7268f9c2bc9c9e65b4a16888cb5672531ce8e945,0xfdb33e6e50992c143e45152d4cd228ff96bc9af5a99660027fbafabaf6180d9a
283,43.45,0.0960245,0xa1bdc06ce0336bfc35164ed25509fc63e61bf083,2017-09-19T18:26:07.000Z,0.00221,0x004809ddce9e0c6801daf83f652c7dac4feec8a2,sell,0x7268f9c2bc9c9e65b4a16888cb5672531ce8e945,0xfca07b2aba07e790238279588b137438f59ec21c42032e1043dfea2909f94647
284,5.833,0.01294926,0xe0d463597d9a53a5fbb5d983427e23661cef6e58,2017-09-19T18:14:20.000Z,0.00222,0x46ab6f91e27f98638104ddc615c976f6f3022f1f,sell,0x7268f9c2bc9c9e65b4a16888cb5672531ce8e945,0x930cb3f0ffa7795e54d81d2e3fdcf1839d43106802d4cde93a5e8195b95f5dea
285,0.00791523832362,0.00004749142994172,0x8e9dd2e382c248fc6b976a2751982e8e6cade8e3,2017-09-19T18:14:20.000Z,0.006,0xa4f370baa4603752a9c35619b6de94ddbf0b64ed,buy,0x7268f9c2bc9c9e65b4a16888cb5672531ce8e945,0xf9723810f724fcc8e913cb566096162c2262c77df858d50f6638178b9ae55907
286,79.39775562423155,0.4763865337453893,0x8e9dd2e382c248fc6b976a2751982e8e6cade8e3,2017-09-19T18:12:22.000Z,0.006,0xa4f370baa4603752a9c35619b6de94ddbf0b64ed,buy,0x7268f9c2bc9c9e65b4a16888cb5672531ce8e945,0x27c8120553f5c45b4b7cbd4b6fccfdab3332c93bc9e8e10f4b1940ea07e21270
287,360,0.7956,0x0224124d4ad34407b5cf329530efdc20515c97f3,2017-09-19T18:05:00.000Z,0.00221,0x46ab6f91e27f98638104ddc615c976f6f3022f1f,sell,0x7268f9c2bc9c9e65b4a16888cb5672531ce8e945,0x16e3642b4f2678dc1646fdb505ef4b543293c09ebf1b04326cfdc4f38191c52f
288,36.52,0.193556,0x8e9dd2e382c248fc6b976a2751982e8e6cade8e3,2017-09-19T17:31:27.000Z,0.0053,0x0d97ea364ef8e8c2700ad9742f28567ef9b3674d,buy,0x7268f9c2bc9c9e65b4a16888cb5672531ce8e945,0x087c2fa82dc6058d7680d039b37f992610f72df09aced59be88ac5f077f7f89f
289,8.479656461196706,0.04494217924434254,0x254b4f563ebf0ae31e7efc4af493943a61d8d9b1,2017-09-19T17:14:36.000Z,0.0053,0x0d97ea364ef8e8c2700ad9742f28567ef9b3674d,buy,0x7268f9c2bc9c9e65b4a16888cb5672531ce8e945,0xb2914b95aa5370e71d9079da9d8e99c3c44e3e98c77457eb94c3d8aefb6800b8
290,30,0.135,0x254b4f563ebf0ae31e7efc4af493943a61d8d9b1,2017-09-19T16:57:35.000Z,0.0045,0x0d97ea364ef8e8c2700ad9742f28567ef9b3674d,buy,0x7268f9c2bc9c9e65b4a16888cb5672531ce8e945,0x1da6863a1275325a966889c2e473cc72f06c3aff443ec75f889ea3b182e88e84
291,175,0.3885,0xe0d463597d9a53a5fbb5d983427e23661cef6e58,2017-09-19T16:57:09.000Z,0.00222,0x004809ddce9e0c6801daf83f652c7dac4feec8a2,sell,0x7268f9c2bc9c9e65b4a16888cb5672531ce8e945,0xc8a3aacf86a641972d6a2b4cf17eaac50e682771cbd72ce7bfe6e57ed387db3d
292,1,0.0045,0x254b4f563ebf0ae31e7efc4af493943a61d8d9b1,2017-09-19T16:44:46.000Z,0.0045,0x0d97ea364ef8e8c2700ad9742f28567ef9b3674d,buy,0x7268f9c2bc9c9e65b4a16888cb5672531ce8e945,0x1680c9678415407b907c193dd830f5e0d4a25cbe05d9d6239a4da7356972bcf9
293,479.2602930914166,1.0591652477320308,0xa1bdc06ce0336bfc35164ed25509fc63e61bf083,2017-09-19T16:27:20.000Z,0.00221,0xbe1e955955dccb3caa93cae9517c2ffee89026f3,sell,0x7268f9c2bc9c9e65b4a16888cb5672531ce8e945,0x4346c2afad7b11649b42a37269a2f5ebea1d9c801dd4c57c14c7dcd9a49aa88a
294,119.5,0.264095,0xa1bdc06ce0336bfc35164ed25509fc63e61bf083,2017-09-19T15:59:26.000Z,0.00221,0xeafe7689690e21e15a55fd7d551b09b15b33ebd5,sell,0x7268f9c2bc9c9e65b4a16888cb5672531ce8e945,0x6e668462fbd66c9304f3b588b7e3c1f91b65fa9741f7803db9753b79ce2845ac
295,143.84903267375574,0.3179063622090002,0xa1bdc06ce0336bfc35164ed25509fc63e61bf083,2017-09-19T15:51:54.000Z,0.00221,0x3e246d0453d08ea726a39560ede13551bb73dfb4,sell,0x7268f9c2bc9c9e65b4a16888cb5672531ce8e945,0xce126bc1c09f8f1c38946286053b10e568ccf79b746358aa1fd3e4a213c9f81b
296,0.06295929859630678,0.000139140049897837,0xa1bdc06ce0336bfc35164ed25509fc63e61bf083,2017-09-19T15:51:28.000Z,0.002209999999999984,0xad4c884d7ea44c29246895b2fe7c9dfa63e5546a,sell,0x7268f9c2bc9c9e65b4a16888cb5672531ce8e945,0x7af064c7003b05a3f935a62b4f98e7ad0d91a268fff66eb7df5780ddf1c57550
297,0.002380120380682908,0.000005260066041309,0xa1bdc06ce0336bfc35164ed25509fc63e61bf083,2017-09-19T15:24:55.000Z,0.0022099999999999047,0xbdf03f8079dfcfd32051210bb5868bb850502672,sell,0x7268f9c2bc9c9e65b4a16888cb5672531ce8e945,0x73a8b35c77280371ea10472cd2129127767a8314e3d76260983c1a2b3b0b1f91
298,23.874987538630247,0.05276372246037284,0xa1bdc06ce0336bfc35164ed25509fc63e61bf083,2017-09-19T15:00:13.000Z,0.00221,0xbdf03f8079dfcfd32051210bb5868bb850502672,sell,0x7268f9c2bc9c9e65b4a16888cb5672531ce8e945,0x8c7fbe3762c9f5b5eb31808bde55704e726b56bb9d1e9b1423b74b7bc08f22fb
299,21,0.04641,0xac99d9a7a036bd83a194fd4601af4e913e3e3035,2017-09-19T13:55:38.000Z,0.00221,0xbdf03f8079dfcfd32051210bb5868bb850502672,buy,0x7268f9c2bc9c9e65b4a16888cb5672531ce8e945,0x9c24fd1c70c258d35ef9b2d4a43a205524856144ed3825a02c3ab343bd9f8c35
300,17,0.0425,0x0af93837166270bf4b89fd91dd200da9c92a4e31,2017-09-19T13:43:28.000Z,0.0025,0x39dc3f7adc8cad2b03c831c7771a25d4fb99021e,sell,0x7268f9c2bc9c9e65b4a16888cb5672531ce8e945,0xb4c03a830b5a40862bb026c5250e064edd0f145b91d2fc07bb57c6b047d1766a
301,17.051,0.03768271,0x39dc3f7adc8cad2b03c831c7771a25d4fb99021e,2017-09-19T13:43:28.000Z,0.00221,0xbdf03f8079dfcfd32051210bb5868bb850502672,buy,0x7268f9c2bc9c9e65b4a16888cb5672531ce8e945,0xb4c03a830b5a40862bb026c5250e064edd0f145b91d2fc07bb57c6b047d1766a
302,39.27823746386203,0.08641212242049646,0x8909e1a4f31fc2214ea6c4a917268b833b00c000,2017-09-19T07:53:46.000Z,0.0022,0x2d8560b3b88cb3a2d049e5dd4a6e75724c2a4c83,sell,0x7268f9c2bc9c9e65b4a16888cb5672531ce8e945,0xa8f933f40b5d0f301766c772f8bba2e0a083b06da9572fadd4ca2646c3da7656
303,80,0.192,0x8909e1a4f31fc2214ea6c4a917268b833b00c000,2017-09-19T07:47:59.000Z,0.0024,0x2d8560b3b88cb3a2d049e5dd4a6e75724c2a4c83,sell,0x7268f9c2bc9c9e65b4a16888cb5672531ce8e945,0xd33d94c6980d87998771d2f3e4770f1dab686ce150cab1d9219a63e616584577
304,120,0.2892,0x86cb43603a81beebaa765ecec97926f0857bfbb4,2017-09-19T07:39:51.000Z,0.00241,0x2d8560b3b88cb3a2d049e5dd4a6e75724c2a4c83,sell,0x7268f9c2bc9c9e65b4a16888cb5672531ce8e945,0x816c084e73729d54fe5b61c46969c8aece66ab0423cd3de73bfb7e6ddae37771
305,0.1,0.001,0x0024a5046fd95c5eee6db19a69ef7ed3bacd50f1,2017-09-19T06:25:44.000Z,0.01,0x3c6311fa725a1a4545de9421d005a04afa993f58,buy,0x7268f9c2bc9c9e65b4a16888cb5672531ce8e945,0x82c248fd5e343ecc8d1983301694cc554631a4d810b76300ff75b3018ee407ae
306,50.50754423921268,0.1111165973262679,0x8909e1a4f31fc2214ea6c4a917268b833b00c000,2017-09-19T04:53:38.000Z,0.0022,0xc035576ae4d9b3f1c5dc19aaa6f51b3ba1ccc444,sell,0x7268f9c2bc9c9e65b4a16888cb5672531ce8e945,0x0ca460ef369e084fad64ac6a1f625c7fc4b6e2cb6a14813c433167ea45dc6b38
307,188.351,0.89466725,0xe1e50e7ee27a4a915c35f321dd3aa80046ed2615,2017-09-19T04:40:10.000Z,0.00475,0xc035576ae4d9b3f1c5dc19aaa6f51b3ba1ccc444,sell,0x7268f9c2bc9c9e65b4a16888cb5672531ce8e945,0x5b96c2b7b849cf84066b0c7f8e91aa4a7f3abf0544db8e6a5ded263cf9a946eb
308,0.3144,0.00166632,0x2339c6f3b957a03f6684385a854ca7a414207929,2017-09-19T04:00:51.000Z,0.0053,0x958888271322e19c4b261905802d746cdf697b38,sell,0x7268f9c2bc9c9e65b4a16888cb5672531ce8e945,0x227f5f69447e74265f7d15cd7434a1c04df82a8e35a94917b9ade4fe45dd104f
309,11.649,0.05533275,0xe1e50e7ee27a4a915c35f321dd3aa80046ed2615,2017-09-19T03:56:27.000Z,0.00475,0x958888271322e19c4b261905802d746cdf697b38,sell,0x7268f9c2bc9c9e65b4a16888cb5672531ce8e945,0x778429c77cebafcecb0b1ad40754315176dcd69b4ebe96fb0d801f64817d0528
310,11.987565253309148,0.059937826266545736,0x0224124d4ad34407b5cf329530efdc20515c97f3,2017-09-19T03:53:47.000Z,0.005,0x958888271322e19c4b261905802d746cdf697b38,sell,0x7268f9c2bc9c9e65b4a16888cb5672531ce8e945,0x2753cdda90016b5adf06d091f824760d3cce0d870ee74f8616c76af3ed4d78b9
311,112.30774491965246,0.5334617883683492,0x0224124d4ad34407b5cf329530efdc20515c97f3,2017-09-19T03:46:48.000Z,0.00475,0xa693d26d330e0989b23e7918bf258593d4e09210,buy,0x7268f9c2bc9c9e65b4a16888cb5672531ce8e945,0x50bf5ada70cc69b9640382c48c64df678ac0ba39aab6e8370cc999a47ee3de35
312,1,0.00475,0xd6f29f2fb0a1dc783aeab42ce7ce9276f8e14a54,2017-09-19T03:06:49.000Z,0.00475,0xa693d26d330e0989b23e7918bf258593d4e09210,buy,0x7268f9c2bc9c9e65b4a16888cb5672531ce8e945,0x47b91ec58408a09d5235cf1e1421cfcf0ad8b9e5d04920efd3226ecbbeacec09
313,31.102255080347533,0.14773571163165078,0x39dc3f7adc8cad2b03c831c7771a25d4fb99021e,2017-09-19T02:53:01.000Z,0.00475,0xa693d26d330e0989b23e7918bf258593d4e09210,buy,0x7268f9c2bc9c9e65b4a16888cb5672531ce8e945,0xfe636611687d8b457d2648012e8ed08ff0ab734742aedf58e3bf7f990136dd4b
314,31.009227398153076,0.16124798247039598,0xa1bdc06ce0336bfc35164ed25509fc63e61bf083,2017-09-19T02:53:01.000Z,0.0052,0x39dc3f7adc8cad2b03c831c7771a25d4fb99021e,sell,0x7268f9c2bc9c9e65b4a16888cb5672531ce8e945,0xfe636611687d8b457d2648012e8ed08ff0ab734742aedf58e3bf7f990136dd4b
315,4.020772601846925,0.020908017529604014,0xa1bdc06ce0336bfc35164ed25509fc63e61bf083,2017-09-19T02:21:52.000Z,0.0052,0x958888271322e19c4b261905802d746cdf697b38,sell,0x7268f9c2bc9c9e65b4a16888cb5672531ce8e945,0xa88e225644c7c9b79d5eefafbd9acc3ccad481e25a22fdd9ee6aa66a3ed8118f
316,19.97,0.103844,0xa1bdc06ce0336bfc35164ed25509fc63e61bf083,2017-09-19T02:09:12.000Z,0.0052,0x958888271322e19c4b261905802d746cdf697b38,sell,0x7268f9c2bc9c9e65b4a16888cb5672531ce8e945,0x110c7ac9e4d37839622365e9ea57e335c779f82b699d49141eae3a3d44cc87bb
317,75.70972383159257,0.4012615363074406,0x8909e1a4f31fc2214ea6c4a917268b833b00c000,2017-09-19T02:03:21.000Z,0.0053,0x958888271322e19c4b261905802d746cdf697b38,sell,0x7268f9c2bc9c9e65b4a16888cb5672531ce8e945,0xfd62525cebe9efc883efb47061ccfe634529fb4b783d3150521ca5b01569335d
318,49.97274091331672,0.2648555268405786,0x8909e1a4f31fc2214ea6c4a917268b833b00c000,2017-09-19T01:22:35.000Z,0.0053,0x8510b567fcec3a8c4bb7b205f985a24fcfbc2f50,sell,0x7268f9c2bc9c9e65b4a16888cb5672531ce8e945,0x2ca002f5ad4ac383e6fb546a6181f1609409d5658e0383324165d2e23d21f61b
319,0.035808607697629155,0.000189785620797434,0x8909e1a4f31fc2214ea6c4a917268b833b00c000,2017-09-19T01:04:46.000Z,0.005299999999999985,0x01cbf0c746a217a3147fd051a3fd8c83ca00a330,sell,0x7268f9c2bc9c9e65b4a16888cb5672531ce8e945,0xab64cc2c3cf44657af4ccbf67c14adfd4d36251b6a500d1e0f90f0b3800f6125
320,74.28172664739309,0.3936931512311833,0x8909e1a4f31fc2214ea6c4a917268b833b00c000,2017-09-19T00:58:12.000Z,0.0053,0x8ef0283051b5d557969f84314d02585f9f9ea3ef,sell,0x7268f9c2bc9c9e65b4a16888cb5672531ce8e945,0xaed9507015ed09ba4ca7a20ef7d44945e4af68bb66a728a9023ed9556f365788
321,100,0.501,0xa1bdc06ce0336bfc35164ed25509fc63e61bf083,2017-09-18T23:24:09.000Z,0.00501,0x8ef0283051b5d557969f84314d02585f9f9ea3ef,sell,0x7268f9c2bc9c9e65b4a16888cb5672531ce8e945,0x15a1a6a366567d8679f96d57a1472c20f6de89faf9a6be080600ebc733d0bf64
322,100,0.51,0x958888271322e19c4b261905802d746cdf697b38,2017-09-18T23:24:09.000Z,0.0051,0x8ef0283051b5d557969f84314d02585f9f9ea3ef,sell,0x7268f9c2bc9c9e65b4a16888cb5672531ce8e945,0x783ed3a523831c8e38bf2342f81ab96ac05a6f2b61157cae1fa3b4bb061a1829
323,188,0.9964,0x8909e1a4f31fc2214ea6c4a917268b833b00c000,2017-09-18T23:21:02.000Z,0.0053,0x8ef0283051b5d557969f84314d02585f9f9ea3ef,sell,0x7268f9c2bc9c9e65b4a16888cb5672531ce8e945,0xe0e0ead28eca54196d8eda09ad07a2068e7c49d6817294638b8d127e4e3f4f6b
324,150,0.75,0x0224124d4ad34407b5cf329530efdc20515c97f3,2017-09-18T23:17:08.000Z,0.005,0x8ef0283051b5d557969f84314d02585f9f9ea3ef,sell,0x7268f9c2bc9c9e65b4a16888cb5672531ce8e945,0x67fbd95d65e01dcdb5f3e4153154fde8cf4b890a575d9646fe8e478d7968fa18
325,88,0.44968,0xa1bdc06ce0336bfc35164ed25509fc63e61bf083,2017-09-18T23:16:47.000Z,0.00511,0x8ef0283051b5d557969f84314d02585f9f9ea3ef,sell,0x7268f9c2bc9c9e65b4a16888cb5672531ce8e945,0xe1dd25d2f819017a42c70243f1792ae594b3c429843581e5600bf1190fe77491
326,12,0.0636,0x8909e1a4f31fc2214ea6c4a917268b833b00c000,2017-09-18T22:16:33.000Z,0.0053,0x41184fbe07770e7738a958ac113dd7598182c365,sell,0x7268f9c2bc9c9e65b4a16888cb5672531ce8e945,0x5dda680a98d9a2b2627d530fd51877c4babd8685f26442640cea7536b6c33c69
327,6,0.0318,0x2339c6f3b957a03f6684385a854ca7a414207929,2017-09-18T21:55:47.000Z,0.0053,0x41184fbe07770e7738a958ac113dd7598182c365,sell,0x7268f9c2bc9c9e65b4a16888cb5672531ce8e945,0x8ecbd47b03557f46061430d66a4bc16e4f918f3ac7266cf2f9a0805bb0656338
328,1,0.0053,0x2339c6f3b957a03f6684385a854ca7a414207929,2017-09-18T21:55:04.000Z,0.0053,0x41184fbe07770e7738a958ac113dd7598182c365,sell,0x7268f9c2bc9c9e65b4a16888cb5672531ce8e945,0x03da59fb00321696de6144d745054ebc3d89c27004be8397ec3d6611e0757868
329,1,0.0057,0x5695b06071cdf4e1a08d00418b8d8e07fe327f94,2017-09-18T21:51:56.000Z,0.0057,0x41184fbe07770e7738a958ac113dd7598182c365,sell,0x7268f9c2bc9c9e65b4a16888cb5672531ce8e945,0xec6571e2b519fab42045f6998c341958d034c1369883629bde5057ef2c375ee3
330,3,0.0195,0x6a88f73b93efde109b107086e9665680049f22e1,2017-09-18T21:50:41.000Z,0.0065,0x41184fbe07770e7738a958ac113dd7598182c365,sell,0x7268f9c2bc9c9e65b4a16888cb5672531ce8e945,0x5b19bfb126bb3f1bef502d618f2764661939efcee56c1d86ae43becf31da11d9
331,15,0.09825,0x057ed433468485ed84c1e61a212b93bbfbb5cef9,2017-09-18T21:32:19.000Z,0.00655,0x3c6311fa725a1a4545de9421d005a04afa993f58,sell,0x7268f9c2bc9c9e65b4a16888cb5672531ce8e945,0x64cc904a6ffe46422873e0b7fe783cf6f63180fd2849848929b9c7cb6d761ab0
332,44.29473725007533,0.2879157921254896,0x766e133887556174be28be5e010c324f6195690a,2017-09-18T21:23:11.000Z,0.0065,0x3c6311fa725a1a4545de9421d005a04afa993f58,sell,0x7268f9c2bc9c9e65b4a16888cb5672531ce8e945,0x8bf3062e41dbd8adf980d5d20f691944321094d9e5c42848190ca739caaac477
333,184.24740110108658,1.1976081071570628,0x766e133887556174be28be5e010c324f6195690a,2017-09-18T20:46:09.000Z,0.0065,0x382fc39fc87533728ea3de19c73e5b9bc1b582ce,sell,0x7268f9c2bc9c9e65b4a16888cb5672531ce8e945,0x3d79aed4d6a6da2290bcc6a92e329ee6cc13ce5c20427965797ccd6e2edab48c
334,50,0.33,0x26d459c36daa5105084e70e7213e62b867d5d94b,2017-09-18T20:43:03.000Z,0.0066,0x382fc39fc87533728ea3de19c73e5b9bc1b582ce,sell,0x7268f9c2bc9c9e65b4a16888cb5672531ce8e945,0x36f17e83d8561ed56951874de9239e09801b359011237fbf74d9718339c0be9e
335,50,0.33,0x26d459c36daa5105084e70e7213e62b867d5d94b,2017-09-18T20:42:21.000Z,0.0066,0x382fc39fc87533728ea3de19c73e5b9bc1b582ce,sell,0x7268f9c2bc9c9e65b4a16888cb5672531ce8e945,0x36f17e83d8561ed56951874de9239e09801b359011237fbf74d9718339c0be9e
336,41.957,0.2769162,0xe0d463597d9a53a5fbb5d983427e23661cef6e58,2017-09-18T20:33:07.000Z,0.0066,0x382fc39fc87533728ea3de19c73e5b9bc1b582ce,buy,0x7268f9c2bc9c9e65b4a16888cb5672531ce8e945,0x33a29823ff1767331781a0524436de9c89d4791b97cc56e27720632464630bce
337,8.042598145748181,0.053081147761937994,0x39dc3f7adc8cad2b03c831c7771a25d4fb99021e,2017-09-18T20:27:02.000Z,0.0066,0x382fc39fc87533728ea3de19c73e5b9bc1b582ce,buy,0x7268f9c2bc9c9e65b4a16888cb5672531ce8e945,0x5246748d4559ab700dbdccbaf1845c2a30cd20f6e24f4fe85943f70376c7d197
338,8.0185425181936,0.0561297976273552,0xc4a69c40c37a26cc54dc3fcd22eaa24e5a84dd52,2017-09-18T20:27:02.000Z,0.007,0x39dc3f7adc8cad2b03c831c7771a25d4fb99021e,sell,0x7268f9c2bc9c9e65b4a16888cb5672531ce8e945,0x5246748d4559ab700dbdccbaf1845c2a30cd20f6e24f4fe85943f70376c7d197
339,5.9814574818064,0.0418702023726448,0xc4a69c40c37a26cc54dc3fcd22eaa24e5a84dd52,2017-09-18T19:46:36.000Z,0.007,0x382fc39fc87533728ea3de19c73e5b9bc1b582ce,sell,0x7268f9c2bc9c9e65b4a16888cb5672531ce8e945,0x4c7cd6f23e9ec3885ce82d4acdbd1b0edbc35cef3cf16e436a11c361020eb131
340,6,0.12,0x9bcc36c21d6ef560e8f0748dac90e48d5d9f1e1d,2017-09-18T19:24:39.000Z,0.02,0x766e133887556174be28be5e010c324f6195690a,sell,0x7268f9c2bc9c9e65b4a16888cb5672531ce8e945,0xf1f7e3bfc86bac202af16de33e346c6a75b5e78e97b5bb18790843661e3dbbc7
341,22.237065098195593,0.14454092313827135,0x766e133887556174be28be5e010c324f6195690a,2017-09-18T18:14:44.000Z,0.0065,0xfbf8ed6b881ae566f4f77223aa363d464dfa4507,sell,0x7268f9c2bc9c9e65b4a16888cb5672531ce8e945,0x9518e339660cf571c9f58dc11b4b5efa443ed5580f6efa8da23e11dec4560e03
342,50,0.325,0x766e133887556174be28be5e010c324f6195690a,2017-09-18T18:12:41.000Z,0.0065,0xfbf8ed6b881ae566f4f77223aa363d464dfa4507,sell,0x7268f9c2bc9c9e65b4a16888cb5672531ce8e945,0x6986ea9c96e2d83d800b0de93fbc4bf6c95fea35faa96d3dcd79535c3e205801
343,149.22079655064252,0.9699351775791764,0x766e133887556174be28be5e010c324f6195690a,2017-09-18T18:12:36.000Z,0.0065,0x212ffb2f514957761d3b8870508f3a1458431460,sell,0x7268f9c2bc9c9e65b4a16888cb5672531ce8e945,0xa6878f199cee3b362c47d09d8fbc064f59d446953420fc00a29ac50f48c17c79
344,50,0.325,0x766e133887556174be28be5e010c324f6195690a,2017-09-18T18:10:03.000Z,0.0065,0xfbf8ed6b881ae566f4f77223aa363d464dfa4507,sell,0x7268f9c2bc9c9e65b4a16888cb5672531ce8e945,0xbefa9452a2946babf3d21e8932482d836f93c6d8915d38c35e09c4772156b6ed
345,29.2289321835,0.4384339827525,0x09f99b00170fb41860572b387bc7193dfddaf9d7,2017-09-18T17:57:03.000Z,0.015,0x212ffb2f514957761d3b8870508f3a1458431460,sell,0x7268f9c2bc9c9e65b4a16888cb5672531ce8e945,0xf023db34c978fe1d906cfddec01f6e44558f52a3647835eba1bcc5c2830c8f9c
346,0.7710678165,0.0115660172475,0x09f99b00170fb41860572b387bc7193dfddaf9d7,2017-09-18T17:52:34.000Z,0.015,0x73b7424a32b34806f9ba10129843ce9cc3069397,sell,0x7268f9c2bc9c9e65b4a16888cb5672531ce8e945,0xc2ae1c05def617ede945293d91d1ea98f34135f9ad6bda4977db2a39d500d0c3
347,0.7733957377,0.007733957377,0x73b7424a32b34806f9ba10129843ce9cc3069397,2017-09-18T17:52:34.000Z,0.01,0x6ac7fed3f6770ef05c55ef8405e0f718ba47914a,buy,0x7268f9c2bc9c9e65b4a16888cb5672531ce8e945,0xc2ae1c05def617ede945293d91d1ea98f34135f9ad6bda4977db2a39d500d0c3
348,0.000242702307158624,0.000007232528753327,0x6e21cf1b1cd858a600375dd7e9a829062cf3054b,2017-09-18T07:04:37.000Z,0.02980000000000002,0x8ac745bf1b0bd6b42f64bcf5f8cce2d834d68501,buy,0x7268f9c2bc9c9e65b4a16888cb5672531ce8e945,0x56add5a5ce6628bee6bf3b343c8c8f65b389a6291847924b88d345fa3ced4580
349,133,0.00000133,0x584e9c20775461884c00bba8e16ccf215e1a5efb,2017-09-18T04:46:23.000Z,0.00000001,0x77d180fc487742695e9aedb3f3dcda55711fce50,sell,0x7268f9c2bc9c9e65b4a16888cb5672531ce8e945,0xfbea873fee3d3af06638649333c1fcec9d43d090c81b19c2258d4dc3e9a4977c
350,128,0.51200128,0x3c6311fa725a1a4545de9421d005a04afa993f58,2017-09-18T04:13:36.000Z,0.00400001,0x6ac7fed3f6770ef05c55ef8405e0f718ba47914a,sell,0x7268f9c2bc9c9e65b4a16888cb5672531ce8e945,0x7f2b6cc7e7f991e347efe1d77a410bc5763a04a95b57af5bf1c22f97c6ccf17f
351,100.06758941591895,0.4158363715352691,0xdedd2f9c09e210245e2076655548a7a2d0eb6e94,2017-09-18T04:09:02.000Z,0.004155555,0x6ac7fed3f6770ef05c55ef8405e0f718ba47914a,sell,0x7268f9c2bc9c9e65b4a16888cb5672531ce8e945,0x2ceb82b62df0b67df55f790e841780259a99f5379104a6614f4a3481dade8cd9
352,100,0.42,0x695f7ca2b214b12912a8f74ab689907666cad96c,2017-09-18T04:08:27.000Z,0.0042,0x6ac7fed3f6770ef05c55ef8405e0f718ba47914a,sell,0x7268f9c2bc9c9e65b4a16888cb5672531ce8e945,0x7e82362d6c424f793ef842906719cb085b61ef3e817da8a4fb694c7006971888
353,60,0.336,0x695f7ca2b214b12912a8f74ab689907666cad96c,2017-09-18T04:08:27.000Z,0.0056,0x6ac7fed3f6770ef05c55ef8405e0f718ba47914a,sell,0x7268f9c2bc9c9e65b4a16888cb5672531ce8e945,0x653248eb0f60e79915d0477b9482966400f067df76e20f520ce4e6d25e22fbcf
354,150,0.75,0x3cb319e3dc7432c795b70ffaa05e90ba46107305,2017-09-18T03:59:25.000Z,0.005,0x6ac7fed3f6770ef05c55ef8405e0f718ba47914a,sell,0x7268f9c2bc9c9e65b4a16888cb5672531ce8e945,0xd911a189930459007382e48cc40b588db21556ae70c0f9c1256ed7a6a0a9721f
355,179,0.9845,0x212ffb2f514957761d3b8870508f3a1458431460,2017-09-18T03:59:25.000Z,0.0055,0x6ac7fed3f6770ef05c55ef8405e0f718ba47914a,sell,0x7268f9c2bc9c9e65b4a16888cb5672531ce8e945,0x5229508165544e831e5d5550c87e50c311a05a7082ac26571e1c2398f81a171c
356,100,2.2,0x63cd73ba1c5a082b039e87657e1e7f6cfb7bf208,2017-09-18T03:28:12.000Z,0.022,0x6c8cd8af0eb6d143f03facc4375c29d62631ff45,buy,0x7268f9c2bc9c9e65b4a16888cb5672531ce8e945,0xe9ff5b953575d95a3d3ed7f1133811169eddefd1645ebc6c2408f0be48f65acd
357,104.16624871566873,2.69165586681288,0xa57c2bed7d84125c3c086aece171bd2641d623bd,2017-09-18T00:32:59.000Z,0.02584,0x8909e1a4f31fc2214ea6c4a917268b833b00c000,buy,0x7268f9c2bc9c9e65b4a16888cb5672531ce8e945,0xf00fbaab1c38602fc5798c51cbac7ee3919313340ac556328fc7b810def3a387
358,0.387,0.01000008,0x07af3242931816ad0ead91b44a2216dba6df7e28,2017-09-18T00:19:01.000Z,0.02584,0x8909e1a4f31fc2214ea6c4a917268b833b00c000,buy,0x7268f9c2bc9c9e65b4a16888cb5672531ce8e945,0x6af1cd651e64fb50e65bb641ab0c3fc00fe90955abf3f2642dd28d2eb5a46eec
359,0.6031659958307376,0.002653930381655245,0xa1c89086fc0c9471cc24112d550cfad21f993167,2017-09-17T22:39:41.000Z,0.004399999999999999,0x5558647b57c6be0cd4a08fe2725965f1d9237ae7,sell,0x7268f9c2bc9c9e65b4a16888cb5672531ce8e945,0x5dca4f05312220cd42f774fb51bc2a9b24af7191a688b74e75b245e4ca4efe01
360,4,0.11996,0x48dc6826e3bbba8d2e4e079abe3763922791448c,2017-09-17T22:38:08.000Z,0.02999,0x8909e1a4f31fc2214ea6c4a917268b833b00c000,buy,0x7268f9c2bc9c9e65b4a16888cb5672531ce8e945,0x601ad19704b2250e728066d709be20eb9346c9ab38687d63d57ddea4d9508644
361,0.605035810417813,0.018145023954430208,0x5558647b57c6be0cd4a08fe2725965f1d9237ae7,2017-09-17T22:36:51.000Z,0.02999,0x8909e1a4f31fc2214ea6c4a917268b833b00c000,buy,0x7268f9c2bc9c9e65b4a16888cb5672531ce8e945,0x298994f937957544351f85beadada203ed274585beaf39492c46c9d0a034cc38
362,23.93241058408105,0.09945244846473093,0xdedd2f9c09e210245e2076655548a7a2d0eb6e94,2017-09-17T22:35:11.000Z,0.004155555,0x7bcc57d9f73eca0ef8bf8ed9a59f86dda93a2565,sell,0x7268f9c2bc9c9e65b4a16888cb5672531ce8e945,0xd06537c3389e26bedf1ecaf712d2cc40ae86cd22cae628897a3b54312b75483f
363,1,0.0055,0x6c8cd8af0eb6d143f03facc4375c29d62631ff45,2017-09-17T22:29:02.000Z,0.0055,0x7bcc57d9f73eca0ef8bf8ed9a59f86dda93a2565,sell,0x7268f9c2bc9c9e65b4a16888cb5672531ce8e945,0x55e7dfb6fb165d325cb094a81ccb20d2bcdd081453cd440c80d1499a8633405d
364,106.6537180250081,0.46927635931003564,0xa1c89086fc0c9471cc24112d550cfad21f993167,2017-09-17T21:42:17.000Z,0.0044,0x86cb43603a81beebaa765ecec97926f0857bfbb4,sell,0x7268f9c2bc9c9e65b4a16888cb5672531ce8e945,0xc8e93d0f97c27bac8a773a4d7985a7ef996067be4c315114d02aa65f8039e5b2
365,13.049506928329388,0.07829704156997633,0xe0d463597d9a53a5fbb5d983427e23661cef6e58,2017-09-17T21:39:02.000Z,0.006,0x39dc3f7adc8cad2b03c831c7771a25d4fb99021e,sell,0x7268f9c2bc9c9e65b4a16888cb5672531ce8e945,0x274cb5b7cf24582f688142987c5fd4557d6306b16dab91fe00504bea80f5f307
366,13.088655449114375,0.057590083976103254,0x39dc3f7adc8cad2b03c831c7771a25d4fb99021e,2017-09-17T21:39:02.000Z,0.0044,0x86cb43603a81beebaa765ecec97926f0857bfbb4,buy,0x7268f9c2bc9c9e65b4a16888cb5672531ce8e945,0x274cb5b7cf24582f688142987c5fd4557d6306b16dab91fe00504bea80f5f307
367,39.892409162305356,0.17552660031414355,0xa1c89086fc0c9471cc24112d550cfad21f993167,2017-09-17T21:16:02.000Z,0.0044,0xfbce0cbb70bd0bf43b11f721beaf941980c5ff4a,sell,0x7268f9c2bc9c9e65b4a16888cb5672531ce8e945,0x0275bc20ed0182bbcb638aa7916b2311a4cd03019cb7402cd228bc051ce99b70
368,21,0.1073331,0x057ed433468485ed84c1e61a212b93bbfbb5cef9,2017-09-17T21:14:45.000Z,0.0051111,0xfbce0cbb70bd0bf43b11f721beaf941980c5ff4a,sell,0x7268f9c2bc9c9e65b4a16888cb5672531ce8e945,0xd23e67042da536c1d49fa7cf7a59b635407d5e0ea373b01d5648ae2899984380
369,150,0.615,0xcc7d22cc9f8bd885ff57f9ddb715e88cb637b3cf,2017-09-17T21:12:36.000Z,0.0041,0xfbce0cbb70bd0bf43b11f721beaf941980c5ff4a,sell,0x7268f9c2bc9c9e65b4a16888cb5672531ce8e945,0xb01198f10430ef9503c5bb937447e861fc8abe0c8206a5670c3bbe2ecfe4aea3
370,10.43960554266351,0.07829704156997633,0xe0d463597d9a53a5fbb5d983427e23661cef6e58,2017-09-17T21:05:56.000Z,0.0075,0xfbce0cbb70bd0bf43b11f721beaf941980c5ff4a,sell,0x7268f9c2bc9c9e65b4a16888cb5672531ce8e945,0x2e7c167247c7509a86a05a6cd891039e8a4b0fc5a38b869c4e509b9046cfdc3d
371,25.974,0.194805,0xe0d463597d9a53a5fbb5d983427e23661cef6e58,2017-09-17T20:56:43.000Z,0.0075,0x8ac745bf1b0bd6b42f64bcf5f8cce2d834d68501,sell,0x7268f9c2bc9c9e65b4a16888cb5672531ce8e945,0x8736c329f99065c8dc8f140ad929e73371d60158b2da354ce9dbf12de16f5b1c
372,0.000000000282297244,0.000282297244209385,0x9145efc2581633f0dd778fe4e3b06fde63cc6284,2017-09-17T20:37:56.000Z,1000000.0007417182,0x057ed433468485ed84c1e61a212b93bbfbb5cef9,buy,0x7268f9c2bc9c9e65b4a16888cb5672531ce8e945,0xdee0436be56319ff8d150cb9f7d6e28b2039c6c0bb5c72926848f92f0cb94d61
373,0.01,0.000361,0xd22264eac18c6eab7fbfdd9a9789a6ef2909f93a,2017-09-17T20:37:23.000Z,0.0361,0x8ac745bf1b0bd6b42f64bcf5f8cce2d834d68501,buy,0x7268f9c2bc9c9e65b4a16888cb5672531ce8e945,0xd060bff76f8f2323b7d8b22a508215830f3ca54413ce2ab4fb00b6e7241a5cc0
374,120,0.9,0xe0d463597d9a53a5fbb5d983427e23661cef6e58,2017-09-17T20:34:58.000Z,0.0075,0x8ac745bf1b0bd6b42f64bcf5f8cce2d834d68501,sell,0x7268f9c2bc9c9e65b4a16888cb5672531ce8e945,0x8d7ececd7e9c3dbd0b4d806f84d57a6a7cef70bddc2b6312506605b120a0dac7
375,100,0.6,0xe0d463597d9a53a5fbb5d983427e23661cef6e58,2017-09-17T20:30:47.000Z,0.006,0x8ac745bf1b0bd6b42f64bcf5f8cce2d834d68501,sell,0x7268f9c2bc9c9e65b4a16888cb5672531ce8e945,0x7dd65ba407a8eef5cf0aee54d51be75e8cc548c2936cebe24bf3797a879cb1a9
376,100,0.7,0x8909e1a4f31fc2214ea6c4a917268b833b00c000,2017-09-17T20:30:06.000Z,0.007,0x8ac745bf1b0bd6b42f64bcf5f8cce2d834d68501,sell,0x7268f9c2bc9c9e65b4a16888cb5672531ce8e945,0xa8d51de790d0840d0750c2a12e6a2f9e18bb9d0961399198a9167d462c8c7e36
377,359.19614381491806,1.5804630327856395,0xa1c89086fc0c9471cc24112d550cfad21f993167,2017-09-17T20:27:38.000Z,0.0044,0x01cbf0c746a217a3147fd051a3fd8c83ca00a330,sell,0x7268f9c2bc9c9e65b4a16888cb5672531ce8e945,0x0937298cf29664b5a37e31f41e25a7bd314397a669c404e8a4675df5e5fcac17
378,100,1.1,0x8909e1a4f31fc2214ea6c4a917268b833b00c000,2017-09-17T20:25:50.000Z,0.011,0x8ac745bf1b0bd6b42f64bcf5f8cce2d834d68501,sell,0x7268f9c2bc9c9e65b4a16888cb5672531ce8e945,0xaab0f8786e50260184b5c0bd1605fac3bf106d776b407207abe83f1c66821a76
