,amount,amountBase,buyer,date,price,seller,side,tokenAddr,txHash
0,10000,0.01979999,0x75768239a714dcf95fb1ef6797df67cb55f9bf5f,2017-11-02T13:29:36.000Z,0.000001979999,0x429c7cf947d18c6e14660975ba5272621a618b36,buy,0xb518d165398d9057ea8b73096edda5c7754bcd62,0x357824f113cef197907477616ca1565bd9184380973dc84c1b176f539fb189d9
1,996.9095803010667,0.000409729837503738,0xea77e83c306f3e3f4654e2b2e272306efc94c9bd,2017-11-02T12:57:44.000Z,0.00000041099999999999,0x3ea19c19e3d98af9de024a2a52fb50bcdf2f93ef,sell,0xb518d165398d9057ea8b73096edda5c7754bcd62,0x58fb8de4d3f715876009e703eca9975e1edb28e1f163314881e52b392d42b639
2,9411.768,0.003962354328,0x5d26ca4ee3be471a4c5eeccb3bac220603387c77,2017-11-01T05:03:32.000Z,0.000000421,0xc05eb25915a202c6ac9f3d9c11ab4044b6c25326,sell,0xb518d165398d9057ea8b73096edda5c7754bcd62,0x8eaf1c9f4f853229c99ae2e91db6a22ae7e4675b7e0e04e2737cc292ab5f0832
3,2723.5771428294715,0.001146625977131207,0x5d26ca4ee3be471a4c5eeccb3bac220603387c77,2017-11-01T04:46:56.000Z,0.00000042099999999999,0xca768633c810b5e5d3f620955d627e97b18ea021,sell,0xb518d165398d9057ea8b73096edda5c7754bcd62,0x7ae8a2dd843b22778802c266c162b31c2a4cdac100da3b206ae59f1dbc62d407
4,18941.282025720266,0.007792443425381317,0x429c7cf947d18c6e14660975ba5272621a618b36,2017-10-31T16:21:47.000Z,0.00000041139999999999,0x9291a9f87d5912e44eb1118a39bd63c3a9001e01,sell,0xb518d165398d9057ea8b73096edda5c7754bcd62,0xb70d22d6782c4cec2713f4235d404fcb0640a40df6503dfbd95c6453ceccdb57
5,112.51125112511251,0.0005,0x34f9560c63078eb61872a4dc2ccd20e21c34feaf,2017-10-31T04:58:36.000Z,0.000004444,0x5e4c8b04c9753ad2bcd2b5d82281b8546df27b50,buy,0xb518d165398d9057ea8b73096edda5c7754bcd62,0x5d5e2dfe64e63b6da7a469463f76e45d93d4eadbb606314cfb5fbdbd171da123
6,996.9095803010667,0.000245239756754062,0xdbbae39c54992479faac890e81eb4d8579b951d6,2017-10-30T08:12:33.000Z,0.00000024599999999999,0x0753f446779b6ba8b7d0cfa83fee89eb9322686c,sell,0xb518d165398d9057ea8b73096edda5c7754bcd62,0x21dad176e4c70d00cdd19ea5dea4f3bf0ba35584cc1f6cf87d99fba40eba5538
7,2000,0.004,0xd70bca39e5d99671ef6a6be62c1624df419a13c0,2017-10-29T22:05:18.000Z,0.000002,0x8747499a65278b91f61492ac8207408490858859,buy,0xb518d165398d9057ea8b73096edda5c7754bcd62,0xc09b03d69b4b7f612cc6233df82744a85658e4eb1b84c3fb8f4aa9b167d5b574
8,2000,0.00398,0xd70bca39e5d99671ef6a6be62c1624df419a13c0,2017-10-29T22:03:31.000Z,0.00000199,0xacba24578577004624344761f641a710800ee012,buy,0xb518d165398d9057ea8b73096edda5c7754bcd62,0x78e5bdfe1e743fd77a6ac2e92690229c939942468c17114bd43f1e725f8f24de
9,33000,0.06534,0xd70bca39e5d99671ef6a6be62c1624df419a13c0,2017-10-29T22:02:31.000Z,0.00000198,0x5d26ca4ee3be471a4c5eeccb3bac220603387c77,buy,0xb518d165398d9057ea8b73096edda5c7754bcd62,0x17638dc6f2c86250dd54eb4df25d57c0c7d2bbc250cf40f0992234ce7eac22dd
10,2469,0.0046911,0xd70bca39e5d99671ef6a6be62c1624df419a13c0,2017-10-29T21:59:51.000Z,0.0000019,0xacba24578577004624344761f641a710800ee012,buy,0xb518d165398d9057ea8b73096edda5c7754bcd62,0xc222b621641f474daae13b7a51e60c14a7314d8b45f8ab7a30b8f448b48f532a
11,996.9095803010667,0.000115641511314923,0xdbbae39c54992479faac890e81eb4d8579b951d6,2017-10-29T20:37:32.000Z,0.00000011599999999999,0x1a334a6974070c52ab42701c113929b294f5d67b,sell,0xb518d165398d9057ea8b73096edda5c7754bcd62,0xde0c7062a71f7d3a9186f72381ec9f1f1aa312aac890f0b1dd2ac1f7128067bf
12,20,0.001035554,0x5e4c8b04c9753ad2bcd2b5d82281b8546df27b50,2017-10-28T00:48:18.000Z,0.0000517777,0x5e4c8b04c9753ad2bcd2b5d82281b8546df27b50,buy,0xb518d165398d9057ea8b73096edda5c7754bcd62,0xd3ce07758313d4f9f33d6848b3f904bdaea4105d876c0f015f3714fca56e857d
13,11,0.0005695547,0x5e4c8b04c9753ad2bcd2b5d82281b8546df27b50,2017-10-28T00:43:21.000Z,0.0000517777,0x5e4c8b04c9753ad2bcd2b5d82281b8546df27b50,buy,0xb518d165398d9057ea8b73096edda5c7754bcd62,0xeae9b931363a587d208557b9122c53b016a7b96bd024ac1f16cc6977cad9750e
14,20,0.0005398,0x5e4c8b04c9753ad2bcd2b5d82281b8546df27b50,2017-10-28T00:41:30.000Z,0.00002699,0x5e4c8b04c9753ad2bcd2b5d82281b8546df27b50,buy,0xb518d165398d9057ea8b73096edda5c7754bcd62,0x7df4f51bd5a61ecc239d9f9a33b5eac07ac8d482481da1e508fce71352bdb72d
15,10,0.000517777,0x5e4c8b04c9753ad2bcd2b5d82281b8546df27b50,2017-10-28T00:41:30.000Z,0.0000517777,0x5e4c8b04c9753ad2bcd2b5d82281b8546df27b50,buy,0xb518d165398d9057ea8b73096edda5c7754bcd62,0x715188c01f2f27bbfff2d16592cb62cd09851007f6f41464131095f2f8251d5e
16,10,0.00099999,0x5e4c8b04c9753ad2bcd2b5d82281b8546df27b50,2017-10-28T00:39:10.000Z,0.000099999,0x5e4c8b04c9753ad2bcd2b5d82281b8546df27b50,buy,0xb518d165398d9057ea8b73096edda5c7754bcd62,0xaff73f5e56d225a022119859666bb26916b13c48e4b2545cb132e8ba11f44d7b
17,20,0.001035554,0x5e4c8b04c9753ad2bcd2b5d82281b8546df27b50,2017-10-28T00:38:56.000Z,0.0000517777,0x5e4c8b04c9753ad2bcd2b5d82281b8546df27b50,buy,0xb518d165398d9057ea8b73096edda5c7754bcd62,0xd392abbcb3c1f98c897dc9eaef461bf95673ae972461c3bd1c29e64f9efedb3f
18,30,0.001553331,0x5e4c8b04c9753ad2bcd2b5d82281b8546df27b50,2017-10-28T00:38:42.000Z,0.0000517777,0x5e4c8b04c9753ad2bcd2b5d82281b8546df27b50,buy,0xb518d165398d9057ea8b73096edda5c7754bcd62,0x41d1492a6efd4d74d1040c390f0ddbf2e6160aeb2970c7c3659cd6e3a2c73fe9
19,1000,0.001905,0x11f5503defcce34fbbc25d3219f791b3a76a894f,2017-10-27T16:38:28.000Z,0.000001905,0x5e4c8b04c9753ad2bcd2b5d82281b8546df27b50,sell,0xb518d165398d9057ea8b73096edda5c7754bcd62,0xb7754571b39ef5c45e8c6d8330ef02189a9a081efe9d0c4290221af391911bc9
20,3000,0.0057,0x077664018c741c2df811ecd2f0ed6668c89bbb49,2017-10-27T16:16:40.000Z,0.0000019,0xacba24578577004624344761f641a710800ee012,buy,0xb518d165398d9057ea8b73096edda5c7754bcd62,0xd3c7a75d44f05ed85ec12d9858aca18cdd05059a2623868f11f9bef924f9591b
21,996.9095803010667,0.00059814574818064,0xea77e83c306f3e3f4654e2b2e272306efc94c9bd,2017-10-26T17:28:49.000Z,0.00000059999999999999,0x73d923358c8def832e4f7d5bc9fddb1ed5920b6a,sell,0xb518d165398d9057ea8b73096edda5c7754bcd62,0xef14700d422938ce417be2512f0834373196808b20c2b67a334c0cb776dadfa1
22,3000,0.0069,0x37dd4e5111c436147b1ff6821983bcf81fb23352,2017-10-24T20:00:50.000Z,0.0000023,0xf84f518a7faba122f5769528472a84e8814f2d95,buy,0xb518d165398d9057ea8b73096edda5c7754bcd62,0x7d85d7af0cab931b41efe2b644151bdf5b425f510a745dd31050848d17bd2ea0
23,5000,0.013,0xb85d14ab22a69276e57f24130ce4215e5ffe7dc0,2017-10-24T11:20:54.000Z,0.0000026,0x5d26ca4ee3be471a4c5eeccb3bac220603387c77,buy,0xb518d165398d9057ea8b73096edda5c7754bcd62,0x12380472e75489e9e0d7ecd8372bb376e89bd536c7270039e79e7acfe62b5299
24,996.9095803010667,0.000418702023726448,0xce7b624f9fa42ae81acec1f9fb6e995a93aeda25,2017-10-23T23:49:21.000Z,0.00000041999999999999,0x0374bab1bf3dbb4cc79a585332ac76a3194b581b,sell,0xb518d165398d9057ea8b73096edda5c7754bcd62,0x601d30e997af1222c68286d152e34d6e113e4ed9569a1773f50a24edc41ec2aa
25,1000,0.003897,0x54b59cbea68b581f1fa6ae1c3d5ea0643e8e2378,2017-10-23T15:36:30.000Z,0.000003897,0xf4b6e090b49b4edf517fce9e5b99d07281b0da48,buy,0xb518d165398d9057ea8b73096edda5c7754bcd62,0xa407f58348ba9df7a597c5114384a7b757bce0c284398e3636993d25c0e9ff28
26,5981.457480804491,0.002482304854533863,0x5e4c8b04c9753ad2bcd2b5d82281b8546df27b50,2017-10-23T05:49:21.000Z,0.00000041499999999999,0x480581861e193f7e1e5683b8c491d21f0ce6f62b,sell,0xb518d165398d9057ea8b73096edda5c7754bcd62,0x8759e225e2a08c0a1e46bc3b67d04127486cb3ab8102e307cc5d7989b02c06ee
27,100000,0.0411,0x5e4c8b04c9753ad2bcd2b5d82281b8546df27b50,2017-10-23T00:17:42.000Z,0.000000411,0x6a391cfa58bd417f4a07eded5662584795b08147,sell,0xb518d165398d9057ea8b73096edda5c7754bcd62,0x88bc0d764a3789bca36c379e88e70bd011277d05946f23c1b3c81d5bf1f52763
28,2000,0.00876,0x27849f835bb345a26dffbfa7a8863c387b546730,2017-10-22T17:42:01.000Z,0.00000438,0x0286b9d0e740f8bc25b217fe187df2b615eeb5ae,buy,0xb518d165398d9057ea8b73096edda5c7754bcd62,0xeb31ec130809f84e851b3ebfdaa266b4cc7ea227695b8bb308ce790522c6ecd0
29,2093.51011863224,0.000837404047452896,0x5e4c8b04c9753ad2bcd2b5d82281b8546df27b50,2017-10-22T07:29:08.000Z,0.00000039999999999999,0x423b2a3ffb546d0cbaf25af92b3684a753dede35,sell,0xb518d165398d9057ea8b73096edda5c7754bcd62,0x257520864f0d4461c829e076e0dc3a854285328432d815c07e8ca09c5f12e9c4
30,996.9095803010667,0.000398763832120426,0x5e4c8b04c9753ad2bcd2b5d82281b8546df27b50,2017-10-22T02:54:40.000Z,0.00000039999999999999,0x6a3f805d42c9865cbf3a8d4b177d674441f3ed2f,sell,0xb518d165398d9057ea8b73096edda5c7754bcd62,0xff6e0896c5484ebeeeefafc8aa586e252b62dc5fc8550fa8d3a0aed9086e34da
31,51972.80684842512,0.020789122739370045,0x5e4c8b04c9753ad2bcd2b5d82281b8546df27b50,2017-10-21T23:47:43.000Z,0.00000039999999999999,0xe2e584319f57671638cb28321b830e4a79d47218,sell,0xb518d165398d9057ea8b73096edda5c7754bcd62,0xafe0c0335aad5cb0178babcddb48dd218337613de4480a84edbb5c38fdaa2ecb
32,0.993828711296049,0.000000269327580761,0xdbbae39c54992479faac890e81eb4d8579b951d6,2017-10-21T01:49:12.000Z,0.00000027099999999976,0x0a790ab519b15fb06dbb7b71ab6137890135510a,sell,0xb518d165398d9057ea8b73096edda5c7754bcd62,0x6945490a48a947b2f81d50f5643174bfc4a03ab383465f36724fd440938c418e
33,9969.095803010667,0.002791346824842986,0xacba24578577004624344761f641a710800ee012,2017-10-21T01:48:00.000Z,0.00000027999999999999,0x0a790ab519b15fb06dbb7b71ab6137890135510a,sell,0xb518d165398d9057ea8b73096edda5c7754bcd62,0x2e39835ccad03865ace0f0f66ade4c5e4809e188bd98f81c6d9e201d5df78332
34,0.0993828711296049,0.000000029814861338,0xe673b1ea0c5d49462ce27cff1d58177af5de7dfa,2017-10-20T21:48:44.000Z,0.00000029999999999113,0xa2de2eea94869c0377a4465396a0d022975dd993,sell,0xb518d165398d9057ea8b73096edda5c7754bcd62,0xb6f329c6c5ac1035b385619419134e5e135fd8da5f8d9923bed968faa604a879
35,996.9095803010667,0.00029907287409032,0xe673b1ea0c5d49462ce27cff1d58177af5de7dfa,2017-10-20T21:46:54.000Z,0.00000029999999999999,0xa2de2eea94869c0377a4465396a0d022975dd993,sell,0xb518d165398d9057ea8b73096edda5c7754bcd62,0x7d1df188e3aaca77237318ade365be84c549618286e59dfd9dd50682765ddad4
36,1000,0.0059,0xd8d06134e33e921cd7a7487a3e38cdbe82564f9c,2017-10-20T20:23:53.000Z,0.0000059,0x5da8edec8e3385e5808599463abfbc7efd1d8a3e,buy,0xb518d165398d9057ea8b73096edda5c7754bcd62,0x4a891bab47189f220596968e6152511aa0104299b5c4c2fdd48bbdd361732fca
37,999.0396019009858,0.005893334611613915,0xd8d06134e33e921cd7a7487a3e38cdbe82564f9c,2017-10-20T20:19:58.000Z,0.000005899,0xc11f32a3d45a3dc54b34234dd2b9f46292e69c02,buy,0xb518d165398d9057ea8b73096edda5c7754bcd62,0x3562ad683227770eea58a91f817b03df5959ec86a1a3b5afe0348d4e2e7034dd
38,0.000095733462790303,0.000000000564731697,0xd8d06134e33e921cd7a7487a3e38cdbe82564f9c,2017-10-20T20:16:20.000Z,0.00000589900000000002,0xc11f32a3d45a3dc54b34234dd2b9f46292e69c02,buy,0xb518d165398d9057ea8b73096edda5c7754bcd62,0xbf79b112743c193cfac534c82bf9ad816cc25a81f1ad100504312255139a262d
39,0.9603023655514494,0.000005664823654388,0xd8d06134e33e921cd7a7487a3e38cdbe82564f9c,2017-10-20T20:13:25.000Z,0.000005899,0xc11f32a3d45a3dc54b34234dd2b9f46292e69c02,buy,0xb518d165398d9057ea8b73096edda5c7754bcd62,0xf66cb4d16808ebd64c10212087eb185dbd1d39cddf72c8e05e8dbe2ca3cc7780
40,9969.095803010667,0.0568238460771608,0xd8d06134e33e921cd7a7487a3e38cdbe82564f9c,2017-10-20T20:12:42.000Z,0.0000057,0x5d26ca4ee3be471a4c5eeccb3bac220603387c77,buy,0xb518d165398d9057ea8b73096edda5c7754bcd62,0x69cf4c91cf31a15bd489b6dd061d0d0bb7d02824cf07e9f49925157c6f9c3585
41,0.1,0.00000063,0x6cdea8e07bf82d7a07dbf36642d6e5be8623845c,2017-10-20T03:06:23.000Z,0.0000063,0x5e4c8b04c9753ad2bcd2b5d82281b8546df27b50,buy,0xb518d165398d9057ea8b73096edda5c7754bcd62,0xa748ee379acc09cb73af6d0ede6f742d127ce21f50e3b4998a6d727f25a873a7
42,2000,0.0134,0x304c929780c19ae230022779a75b451f63d4705f,2017-10-19T18:29:14.000Z,0.0000067,0xdb04553c2d797f8b8a9055acd1a456e31b4e7817,buy,0xb518d165398d9057ea8b73096edda5c7754bcd62,0x86cebde46e92355ffe00954453adab156a0be0a16777e17d9642a10e2841e101
43,996.9095803010667,0.000265177948360083,0xdbbae39c54992479faac890e81eb4d8579b951d6,2017-10-19T16:37:35.000Z,0.00000026599999999999,0xab84e55942fd1bb60409f1d2623387decaac8fcf,sell,0xb518d165398d9057ea8b73096edda5c7754bcd62,0x83fe43982f6c250d9ace793071e2abf2b98b08e5377a17605f507db06fc5fec4
44,5500,0.043945,0x2a2ceb256a17fafd0a1e7485d8d9b5fda8fc9003,2017-10-19T03:38:50.000Z,0.00000799,0x5e4c8b04c9753ad2bcd2b5d82281b8546df27b50,buy,0xb518d165398d9057ea8b73096edda5c7754bcd62,0x2c592370cdc0478b2dce6723699edd9104f03f13fef9114f767ee76e62324ef7
45,7500,0.06,0xbc43454e4b5c4cdbb2099449b76e11664307a1f2,2017-10-18T19:58:42.000Z,0.000008,0x5d26ca4ee3be471a4c5eeccb3bac220603387c77,buy,0xb518d165398d9057ea8b73096edda5c7754bcd62,0xd8c3f1b5b66709517c40af36daf264719c9239ab44e741e7ebbc6b08ae5de4d7
46,1,0.000009995,0x3ac636ac5c3a2576156ac5f10066ca68abe0ad54,2017-10-18T17:22:04.000Z,0.000009995,0xa9f83e7a00b84bfde3140a95d2588a73d0895a13,buy,0xb518d165398d9057ea8b73096edda5c7754bcd62,0x16c1a679d65524c3790b2ba25e3eeb027871094f0711ed01fae2e6b26ab63e8d
47,58.8235294117647,0.0005,0x379374d13077e8867ef31803c37baf9785a17c00,2017-10-18T15:13:58.000Z,0.0000085,0x5d26ca4ee3be471a4c5eeccb3bac220603387c77,buy,0xb518d165398d9057ea8b73096edda5c7754bcd62,0xb81fd37c62375d1af0bb4365248acb48968de5182f3d46487f9a57cfbe7628ee
48,58.8235294117647,0.0005,0xf9695cd65d6dfdf257fab76a3eb0cb8f001971cc,2017-10-18T15:12:58.000Z,0.0000085,0x5d26ca4ee3be471a4c5eeccb3bac220603387c77,buy,0xb518d165398d9057ea8b73096edda5c7754bcd62,0x1956b9f1eeb4205ffc694ec88401160aac88c84cc2bc7aa37602beb7a4591ecc
49,58.8235294117647,0.0005,0xcd912af5286dc0b0a23edb30209734ecb60838b3,2017-10-18T15:11:06.000Z,0.0000085,0x5d26ca4ee3be471a4c5eeccb3bac220603387c77,buy,0xb518d165398d9057ea8b73096edda5c7754bcd62,0x311a87672b871ffebd3e272248dfae51717f54ca0bb97aefb78a80f4049fc6ea
50,58.8235294117647,0.0005,0x16e5d97bbc92417e051e3b2cabfbf8ceea2acb9c,2017-10-17T17:43:38.000Z,0.0000085,0x5d26ca4ee3be471a4c5eeccb3bac220603387c77,buy,0xb518d165398d9057ea8b73096edda5c7754bcd62,0x73cd07ec944bc65eacc5f19583a2a2a1d706ef0ae8f59ad9c8855fb042e6059d
51,58.8235294117647,0.0005,0x42c24a83bded723edfdf5883bc7efb30bc1a1bf3,2017-10-17T15:22:37.000Z,0.0000085,0x5d26ca4ee3be471a4c5eeccb3bac220603387c77,buy,0xb518d165398d9057ea8b73096edda5c7754bcd62,0x475809d5e15dea09ccfb8b3e542357eb7e3baaab877d1cb9d8563c0da462eb37
52,56688,0.012584736,0x5d26ca4ee3be471a4c5eeccb3bac220603387c77,2017-10-17T03:47:34.000Z,0.000000222,0x5e4c8b04c9753ad2bcd2b5d82281b8546df27b50,sell,0xb518d165398d9057ea8b73096edda5c7754bcd62,0xce2dba346090a6ca65f06436679340c3d2363dac935045388bbcbec42e002877
53,996.9095803010667,0.000108663144252816,0x5e4c8b04c9753ad2bcd2b5d82281b8546df27b50,2017-10-16T10:44:32.000Z,0.00000010899999999999,0x564e3148d17182b94859ee2ab827989a7ec6700a,sell,0xb518d165398d9057ea8b73096edda5c7754bcd62,0x66a48b79e5738ee8d8112f59a1276a5904dd259397c3cfcb0b953e356e35aa1b
54,6800,0.068,0x27849f835bb345a26dffbfa7a8863c387b546730,2017-10-15T14:30:46.000Z,0.00001,0x5173f41944484b17271f9ae37e3f86c05eb520c2,buy,0xb518d165398d9057ea8b73096edda5c7754bcd62,0x8881afdbcd25d13ac7d063fb7a36a90a2178f68797f2e5888733450e396c6186
55,8006.180839397866,0.008014187020237264,0xf36990a2cb4d609e0a7d4f3bf884c0342d81fd3d,2017-10-15T04:30:25.000Z,0.00000100099999999999,0x6a391cfa58bd417f4a07eded5662584795b08147,sell,0xb518d165398d9057ea8b73096edda5c7754bcd62,0xc8e736931c271d80a374181eb0cecc585c70add2562b5cd972bb1c812269c2e9
56,100000,0.1005,0x5e4c8b04c9753ad2bcd2b5d82281b8546df27b50,2017-10-14T23:28:12.000Z,0.000001005,0x6a391cfa58bd417f4a07eded5662584795b08147,sell,0xb518d165398d9057ea8b73096edda5c7754bcd62,0xab91e356ce228614c62a00747b6d57a4e8650fde192a864b2ec20217e44db3c3
57,200000,0.201,0x5e4c8b04c9753ad2bcd2b5d82281b8546df27b50,2017-10-14T23:13:01.000Z,0.000001005,0xe2e584319f57671638cb28321b830e4a79d47218,sell,0xb518d165398d9057ea8b73096edda5c7754bcd62,0xaa72428f0ab1e8f062611b43802f713ff2580410b02a3b8b188562e188eddf20
58,0.000001005015043956,0.000000000091456369,0xfe423f6b9b3aa093cc08831d9b106027f97e132e,2017-10-14T19:45:11.000Z,0.00009100000000000397,0x480581861e193f7e1e5683b8c491d21f0ce6f62b,buy,0xb518d165398d9057ea8b73096edda5c7754bcd62,0x4bdc3f39823d40d61cb0431235a37e528ff50dd82b052ba7d4b3025b1963b7c7
59,0.000001001999998824,0.1001999998824,0x5e4c8b04c9753ad2bcd2b5d82281b8546df27b50,2017-10-14T19:45:11.000Z,100000,0xfe423f6b9b3aa093cc08831d9b106027f97e132e,sell,0xb518d165398d9057ea8b73096edda5c7754bcd62,0x4bdc3f39823d40d61cb0431235a37e528ff50dd82b052ba7d4b3025b1963b7c7
60,1993.8191606021335,0.001995812979762735,0xf36990a2cb4d609e0a7d4f3bf884c0342d81fd3d,2017-10-14T19:22:18.000Z,0.00000100099999999999,0x14d6d0f3d430455b5c1f169e28548bbc61d79cda,sell,0xb518d165398d9057ea8b73096edda5c7754bcd62,0x109a8cc46bf0b7c8ba9277e9e061fbe43f2a973b5ba0dd32c4a3d35061a34ce8
61,97299.019,0.097493617038,0x5e4c8b04c9753ad2bcd2b5d82281b8546df27b50,2017-10-14T18:44:16.000Z,0.000001002,0x5dc1aed39d37faee01929ecee63f8195ba1a3a40,sell,0xb518d165398d9057ea8b73096edda5c7754bcd62,0x55ba3d918277ef914c35e4b7be443ba00dcf478be9589f012cb442262232f0b9
62,14660.406597061901,0.014689727410256023,0x5e4c8b04c9753ad2bcd2b5d82281b8546df27b50,2017-10-14T14:24:08.000Z,0.00000100199999999999,0xf09d14f29c141522e00e664f7e31684680f5b2b9,sell,0xb518d165398d9057ea8b73096edda5c7754bcd62,0x02e882dc7805a28b45c41369c414dd29a9a5a1a0f4452788ddc2182521922b77
63,3040.574219918253,0.003046655368358089,0x5e4c8b04c9753ad2bcd2b5d82281b8546df27b50,2017-10-14T14:06:15.000Z,0.00000100199999999999,0xaeb95b0cdcbbeff590e6c81ad173301f18d89dcb,sell,0xb518d165398d9057ea8b73096edda5c7754bcd62,0xf8bb27e49e31e481014b1ae28dd4b9031a034e78ae49e9ac2b7a56231fd6bb9e
64,1,0.000000001,0x78b0e4933f5b7d90102367e28efcde256998411e,2017-10-13T06:23:12.000Z,0.000000001,0xf09d14f29c141522e00e664f7e31684680f5b2b9,sell,0xb518d165398d9057ea8b73096edda5c7754bcd62,0xdba81240a836c8ffb1853adc7cacd361f7a1a9cd0856c12502440e4d5fd621f0
65,1000,0.010001,0xf36990a2cb4d609e0a7d4f3bf884c0342d81fd3d,2017-10-12T23:54:20.000Z,0.000010001,0x7eb6472e318231060e61134e9e1fa1b6d370005b,sell,0xb518d165398d9057ea8b73096edda5c7754bcd62,0xfe77ba6a07be1610d546e225539de26aa3906236686e0e60dc2fcc3d154cf7c7
66,4509.271,0.054111252,0x641cf5dec78db66010db72471a3fafcc9c168557,2017-10-12T23:06:21.000Z,0.000012,0x5dc1aed39d37faee01929ecee63f8195ba1a3a40,sell,0xb518d165398d9057ea8b73096edda5c7754bcd62,0x2b68aa5754daedc246939bed86b8d227676ceacd84ea271389b3df7ae0cfc831
67,4150,0.0498,0x2a2ceb256a17fafd0a1e7485d8d9b5fda8fc9003,2017-10-12T23:01:52.000Z,0.000012,0xc456e22c41945be59d83f8e9bf121b1d8a635286,buy,0xb518d165398d9057ea8b73096edda5c7754bcd62,0xbbfa92590e6e882c36d65e0ed3cd1f48ddc052eca38476a47d61ed0cae2d2a22
68,3072.824721832704,0.043019546105657856,0x641cf5dec78db66010db72471a3fafcc9c168557,2017-10-12T22:53:20.000Z,0.00001399999999999999,0xe2e584319f57671638cb28321b830e4a79d47218,sell,0xb518d165398d9057ea8b73096edda5c7754bcd62,0x0f5b6fe8864c73e159fa511127fd27314e4de6c0ce84f3b93091351e34b56d63
69,1988.983672145962,0.02784577141004347,0x641cf5dec78db66010db72471a3fafcc9c168557,2017-10-12T21:40:38.000Z,0.00001399999999999999,0xc8cd137d8ad0646de03b86316bcf5ecca9e9b401,sell,0xb518d165398d9057ea8b73096edda5c7754bcd62,0x06b2881eaa5c8b59c313d8e0a8aab1790fc2e7e4530a24ad9e497e6297f27b0c
70,999.8509256933056,0.01609759990366222,0xccef1314ac229a0a3680dc4f02ca7ba8838140bc,2017-10-12T21:29:16.000Z,0.00001609999999999999,0xc8cd137d8ad0646de03b86316bcf5ecca9e9b401,sell,0xb518d165398d9057ea8b73096edda5c7754bcd62,0xba3460370139526e8a0d42a8b0c5970642cbb2beee17fa5bdf0a71ab93a70536
71,100500,0.2412,0x641cf5dec78db66010db72471a3fafcc9c168557,2017-10-12T21:10:02.000Z,0.0000024,0x5dc1aed39d37faee01929ecee63f8195ba1a3a40,sell,0xb518d165398d9057ea8b73096edda5c7754bcd62,0x4f201b127af4f43e5ec6d8c520e6703cf5ba6b8b6daf1a2e59ac84474908261e
72,32.11107137010947,0.000545888213291861,0xca768633c810b5e5d3f620955d627e97b18ea021,2017-10-12T19:55:34.000Z,0.000017,0xe390ba2177daca1fc1772a3788504b915e67a458,buy,0xb518d165398d9057ea8b73096edda5c7754bcd62,0x97036e8c23215900eebcf28a5de7091c9fed853c0168d70c3038028c88cf73cf
73,996.9095803010667,0.016947462865118133,0x564109f0557b21c23681a29bee0d58f2afa4b624,2017-10-12T19:45:42.000Z,0.00001699999999999999,0xb392a23fc325d36a590ec4962cd5f12e2b382d61,sell,0xb518d165398d9057ea8b73096edda5c7754bcd62,0x8eac114ebdd44221ec70ccb712de5f672df1d776eaef035c3d8b07526f310a89
74,250000,0.50225,0x5173f41944484b17271f9ae37e3f86c05eb520c2,2017-10-12T17:05:54.000Z,0.000002009,0x5dc1aed39d37faee01929ecee63f8195ba1a3a40,sell,0xb518d165398d9057ea8b73096edda5c7754bcd62,0xf1d8cb61c1862698cfa393cfd0c8d51fccb7c9e4082211901f72d434f2c02697
75,25000,0.050225,0x5173f41944484b17271f9ae37e3f86c05eb520c2,2017-10-12T17:05:54.000Z,0.000002009,0x6a391cfa58bd417f4a07eded5662584795b08147,sell,0xb518d165398d9057ea8b73096edda5c7754bcd62,0x6b0b49f0202524ffec820b82b4e91a940a043bd49b875c22cadec38db0ecf482
76,500,0.0085005,0x971f30c325d9924ad472adf0bf98702502baad93,2017-10-12T15:54:59.000Z,0.000017001,0x77259b80b0b7ecbfb7baaa675b9026fd3765f789,sell,0xb518d165398d9057ea8b73096edda5c7754bcd62,0x58cb07299c2aaf138a7c129f80fb29ab488352d0632ad38d35d4801b3d6e3a97
77,995,0.016915,0x564109f0557b21c23681a29bee0d58f2afa4b624,2017-10-12T06:05:11.000Z,0.000017,0x379c59ff0c9220af5cdd6141e175ef661ee2b7f7,sell,0xb518d165398d9057ea8b73096edda5c7754bcd62,0x865bae86b7914762a86ee21a9a1ebbd360760332fe2cd81ef27a611248226782
78,996.9095803010667,0.016947462865118133,0x564109f0557b21c23681a29bee0d58f2afa4b624,2017-10-12T01:56:29.000Z,0.00001699999999999999,0xaa569b62d106d4d59773c55e230d0373cd82f6a5,sell,0xb518d165398d9057ea8b73096edda5c7754bcd62,0x99c91cebdb0638e06547dd114bc555a423b935fcba101015aa7758a82976da6a
79,969.9247401988406,0.01648872058338029,0x564109f0557b21c23681a29bee0d58f2afa4b624,2017-10-12T00:48:55.000Z,0.00001699999999999999,0x0f59208676de5d71a0c0ce9efe70faf69d3adbea,sell,0xb518d165398d9057ea8b73096edda5c7754bcd62,0x4249186e60672507db9cecf8401a94eff8709743e036031b9af2eddb1f2326c3
80,1023.9965035957557,0.020479930071915113,0x7c17326ef8d803b1191a27ba830f5b2d8cdca869,2017-10-12T00:34:24.000Z,0.00002,0x0f59208676de5d71a0c0ce9efe70faf69d3adbea,sell,0xb518d165398d9057ea8b73096edda5c7754bcd62,0x3449126fd1206b9fc425078cbc94e34987df60761adf85915b35b8e8d255f8cb
81,201.20439640419315,0.004024087928083862,0x7c17326ef8d803b1191a27ba830f5b2d8cdca869,2017-10-11T18:47:57.000Z,0.00001999999999999999,0x08eef4b6ec3b21ee1281e7dd3b2009492a9905bc,sell,0xb518d165398d9057ea8b73096edda5c7754bcd62,0x8228c5880f885ecc2cf1c5653b30cc7256499476f49e90142a68b33cd2e514d5
82,706.09,0.01553398,0xca768633c810b5e5d3f620955d627e97b18ea021,2017-10-11T18:41:46.000Z,0.000022,0x08eef4b6ec3b21ee1281e7dd3b2009492a9905bc,sell,0xb518d165398d9057ea8b73096edda5c7754bcd62,0xc0ae68093eaad52ce05f908eae4fdccb6c01f8f884678704c170928d11160251
83,89.69451641770075,0.001973369055705834,0x8426442fbf70b0a5a6079a7c43f7afaabc24dc03,2017-10-11T18:25:55.000Z,0.00002200099999999999,0x08eef4b6ec3b21ee1281e7dd3b2009492a9905bc,sell,0xb518d165398d9057ea8b73096edda5c7754bcd62,0xdb1ece23c45c49aae718c08ca907610e2fcf8cf36d809298a55c836c4098dba8
84,10000,0.31,0xf09d14f29c141522e00e664f7e31684680f5b2b9,2017-10-11T16:02:35.000Z,0.000031,0x5dc1aed39d37faee01929ecee63f8195ba1a3a40,buy,0xb518d165398d9057ea8b73096edda5c7754bcd62,0x9e87e5390ce56a8d0356056ba788e2f36ca234e131d0127f3c6ddb39d903c286
85,4706.856857512793,0.1459125625828966,0xf09d14f29c141522e00e664f7e31684680f5b2b9,2017-10-11T14:12:47.000Z,0.000031,0x5dc1aed39d37faee01929ecee63f8195ba1a3a40,buy,0xb518d165398d9057ea8b73096edda5c7754bcd62,0xb83cf41974fdb90e6b843e2ce4b6d5578f1b74ed6fc8aa1e29ae53dec52b8820
86,1000,0.022,0x35e1fddb2c5335f16ea2199da46f74dbd7fee87c,2017-10-11T14:02:48.000Z,0.000022,0xcc20809d35d8465efcde023cb95fc092eec0e135,buy,0xb518d165398d9057ea8b73096edda5c7754bcd62,0x89b86a9f08bdfa6f09f3a6d2b42fb5338156c2b65697291c21f9b016d972e3f9
87,996.9095803010667,0.021932010766623468,0xca768633c810b5e5d3f620955d627e97b18ea021,2017-10-11T11:08:35.000Z,0.00002199999999999999,0x52cd8588ea1314854797d98674efd8016c6333b1,sell,0xb518d165398d9057ea8b73096edda5c7754bcd62,0x1fbadf9628c38dceb591c18396badfe105b43662dc0e71314f49818ba0c1ab66
88,360.30548358229925,0.007927080944294165,0x8426442fbf70b0a5a6079a7c43f7afaabc24dc03,2017-10-11T10:39:36.000Z,0.00002200099999999999,0x874d5efcbd0a8e116f8ba806eca894b59e33031a,sell,0xb518d165398d9057ea8b73096edda5c7754bcd62,0xac428a3c8ddffee7dc5188dfb44f83ba65ac43c5d11d4daf3d753a7d531d80d9
89,2,0.000062,0xbf52f67f8524587d6a7ab1f1f8d092c635b9587f,2017-10-11T10:09:21.000Z,0.000031,0x5dc1aed39d37faee01929ecee63f8195ba1a3a40,buy,0xb518d165398d9057ea8b73096edda5c7754bcd62,0xbd8fa8c891f4c9c58b26070e274aef6b67dab69fd50bed9d15a1b58a9592d283
90,996.9095803010667,0.021932010766623468,0xca768633c810b5e5d3f620955d627e97b18ea021,2017-10-11T09:03:26.000Z,0.00002199999999999999,0xd68561fab1e913e128edcfddac8b45337e0821a8,sell,0xb518d165398d9057ea8b73096edda5c7754bcd62,0x2b835939c7764b3582b8ed280e584c3a06ce31c650cd7fd20995a034a69b5285
91,2195.122,0.090000002,0xe775dc6bafa80509486798acbca2e39872c85156,2017-10-11T05:58:27.000Z,0.000041,0x5dc1aed39d37faee01929ecee63f8195ba1a3a40,buy,0xb518d165398d9057ea8b73096edda5c7754bcd62,0x5efad973d04f0764d26650bc75bed3941cc872b27f6b5ee34b5733f389edb1cb
92,48000,1.008,0x641cf5dec78db66010db72471a3fafcc9c168557,2017-10-11T02:44:35.000Z,0.000021,0xe2e584319f57671638cb28321b830e4a79d47218,sell,0xb518d165398d9057ea8b73096edda5c7754bcd62,0x20462307ecf5cab324e8a7b6208ad88a466f3b4616669cc712c6e95319a26116
93,4996.909,0.364769360091,0x35e1fddb2c5335f16ea2199da46f74dbd7fee87c,2017-10-11T02:13:35.000Z,0.000072999,0xee5a2149a3048957ba56421745462591c44d0ce7,buy,0xb518d165398d9057ea8b73096edda5c7754bcd62,0x678473e989ede98a5b0ba025ef21bb08a67dd431ccdfa54d765947f29f6a5fc2
94,10000,0.73,0xc05eb25915a202c6ac9f3d9c11ab4044b6c25326,2017-10-11T01:26:23.000Z,0.000073,0x641cf5dec78db66010db72471a3fafcc9c168557,sell,0xb518d165398d9057ea8b73096edda5c7754bcd62,0x3700fe2f1bae7090ab07386f08e7b961cf040ea5807c10b414b6c30396df40a2
95,18000,0.2538,0x9291a9f87d5912e44eb1118a39bd63c3a9001e01,2017-10-11T01:21:26.000Z,0.0000141,0xe2e584319f57671638cb28321b830e4a79d47218,sell,0xb518d165398d9057ea8b73096edda5c7754bcd62,0x38af632db32315acd2cb7f3685964344cf804993a1fdb61dc03b07b9efcc7dcb
96,0.14907430669440735,0.000002400096337779,0xccef1314ac229a0a3680dc4f02ca7ba8838140bc,2017-10-11T00:48:39.000Z,0.00001609999999999357,0xbb98132ef2aae915cb5c09a7456a77890bafac84,sell,0xb518d165398d9057ea8b73096edda5c7754bcd62,0xbb641f9d635a3c0662d3bfe08f698c8e7492367a8c1b20d7294b98a6ea534a23
97,1495.3643704516,0.10914664539926229,0xc05eb25915a202c6ac9f3d9c11ab4044b6c25326,2017-10-11T00:32:42.000Z,0.00007298999999999999,0xbb98132ef2aae915cb5c09a7456a77890bafac84,sell,0xb518d165398d9057ea8b73096edda5c7754bcd62,0x5526e701a73cbe3f768d68b33b6ae1be2c6caf1181dfec3133618015b95e41eb
98,929.7952714540352,0.06786575686343002,0xc05eb25915a202c6ac9f3d9c11ab4044b6c25326,2017-10-11T00:22:24.000Z,0.00007298999999999999,0x8a3a64ba369697a84ce95cfaa2040c9367d8f35a,sell,0xb518d165398d9057ea8b73096edda5c7754bcd62,0x4c2c3b06cf36a295bebfb19fed80fe47ba6a1249e7e14817d4b9db11726bf8f5
99,932.5779458375125,0.05595467675025075,0x8a3a64ba369697a84ce95cfaa2040c9367d8f35a,2017-10-11T00:18:41.000Z,0.00006,0x568e99cb621ea393f193e154ad023fe032d708d2,buy,0xb518d165398d9057ea8b73096edda5c7754bcd62,0x05537366f2c215a7ff8d99c42c69e111dd57d42f08806b2a0a1c9d934dbe6bca
100,1000,0.059999,0x7aa6e2506316f6d613277d4f2f4e4e1dc55e528e,2017-10-11T00:18:27.000Z,0.000059999,0x9c87d761dce93fc8de514a729b660d9da9f7a5a8,buy,0xb518d165398d9057ea8b73096edda5c7754bcd62,0xc671fdc5a949fe098c2364a728ac04ee57b1533b6fd7607c1a518a63b75a7106
101,997,0.07277103,0xc05eb25915a202c6ac9f3d9c11ab4044b6c25326,2017-10-11T00:18:27.000Z,0.00007299,0x7aa6e2506316f6d613277d4f2f4e4e1dc55e528e,sell,0xb518d165398d9057ea8b73096edda5c7754bcd62,0xc671fdc5a949fe098c2364a728ac04ee57b1533b6fd7607c1a518a63b75a7106
102,996.9095803010667,0.07276443026617485,0xc05eb25915a202c6ac9f3d9c11ab4044b6c25326,2017-10-11T00:17:15.000Z,0.00007298999999999999,0x8a3a64ba369697a84ce95cfaa2040c9367d8f35a,sell,0xb518d165398d9057ea8b73096edda5c7754bcd62,0x9ddc772215a22cb0e464bebe5b8df31ba703057a84c2ac8a2c100702d1c155c0
103,1001.794437244541,0.0499895424185026,0xfe423f6b9b3aa093cc08831d9b106027f97e132e,2017-10-11T00:14:56.000Z,0.0000499,0xff97e52008f9bfe46a7aa6facc0320937fd18c06,buy,0xb518d165398d9057ea8b73096edda5c7754bcd62,0x414515a3fce788fb30671205702d5a56bf7030ec789524618fc421b2d2f0d105
104,998.7890539328074,0.07290161304655561,0xc05eb25915a202c6ac9f3d9c11ab4044b6c25326,2017-10-11T00:14:56.000Z,0.00007298999999999999,0xfe423f6b9b3aa093cc08831d9b106027f97e132e,sell,0xb518d165398d9057ea8b73096edda5c7754bcd62,0x414515a3fce788fb30671205702d5a56bf7030ec789524618fc421b2d2f0d105
105,996.9095803010667,0.07276443026617485,0xc05eb25915a202c6ac9f3d9c11ab4044b6c25326,2017-10-11T00:14:02.000Z,0.00007298999999999999,0x65f2dddf638c7a7118b22d610c9aeba141f2467f,sell,0xb518d165398d9057ea8b73096edda5c7754bcd62,0x2d206a6900b92e73d345de5ea63efc0ccd09a74ff5de5c4befbbfc9511d84971
106,1000,0.048999,0x65f2dddf638c7a7118b22d610c9aeba141f2467f,2017-10-11T00:14:02.000Z,0.000048999,0x984499cff33a132a577b2fc4a40386b60930a751,buy,0xb518d165398d9057ea8b73096edda5c7754bcd62,0x2d206a6900b92e73d345de5ea63efc0ccd09a74ff5de5c4befbbfc9511d84971
107,1000,0.045,0xfe423f6b9b3aa093cc08831d9b106027f97e132e,2017-10-11T00:12:39.000Z,0.000045,0x54d5ce24863dcbc8df067801f7a6796145a5f1d0,buy,0xb518d165398d9057ea8b73096edda5c7754bcd62,0xf9c54583c1f8a6cb07889346b57087c3dc0eeb80e244baa3568c061233921cbe
108,997,0.07277103,0xc05eb25915a202c6ac9f3d9c11ab4044b6c25326,2017-10-11T00:12:39.000Z,0.00007299,0xfe423f6b9b3aa093cc08831d9b106027f97e132e,sell,0xb518d165398d9057ea8b73096edda5c7754bcd62,0xf9c54583c1f8a6cb07889346b57087c3dc0eeb80e244baa3568c061233921cbe
109,8350,0.12609335,0x5e4c8b04c9753ad2bcd2b5d82281b8546df27b50,2017-10-10T23:57:31.000Z,0.000015101,0x5dc1aed39d37faee01929ecee63f8195ba1a3a40,sell,0xb518d165398d9057ea8b73096edda5c7754bcd62,0x56d22288f6cf4f65df8ccfb3bbcad65e926ff202cc797785fb85cd099d6c7496
110,2000,0.145998,0xc05eb25915a202c6ac9f3d9c11ab4044b6c25326,2017-10-10T21:55:13.000Z,0.00007299899999999998,0xfe423f6b9b3aa093cc08831d9b106027f97e132e,sell,0xb518d165398d9057ea8b73096edda5c7754bcd62,0xe9c033c488acf9d53cf070bd94d446a9cc7a055ce86b7dddc0ec736125caa910
111,2006.0180541624875,0.12036108324974924,0xfe423f6b9b3aa093cc08831d9b106027f97e132e,2017-10-10T21:55:13.000Z,0.00006,0x568e99cb621ea393f193e154ad023fe032d708d2,buy,0xb518d165398d9057ea8b73096edda5c7754bcd62,0xe9c033c488acf9d53cf070bd94d446a9cc7a055ce86b7dddc0ec736125caa910
112,1000,0.015,0x641cf5dec78db66010db72471a3fafcc9c168557,2017-10-10T20:38:25.000Z,0.000015,0xfeceebb2385384cff016f9b508a81dfc2265fe46,buy,0xb518d165398d9057ea8b73096edda5c7754bcd62,0xdf5c8ca0aac22b8e9445e38a4416325321cb32d0cb106aa0f2bd4ceb89b9921c
113,17944.3724454192,0.2512212142358688,0x641cf5dec78db66010db72471a3fafcc9c168557,2017-10-10T13:00:14.000Z,0.00001399999999999999,0xff97e52008f9bfe46a7aa6facc0320937fd18c06,sell,0xb518d165398d9057ea8b73096edda5c7754bcd62,0x1d92285d7ea4f1b961dbaf40b7f3f42360d86e3b19b9f2bb764b013888713164
114,1993.8191606021335,0.027913468248429867,0x641cf5dec78db66010db72471a3fafcc9c168557,2017-10-10T12:49:13.000Z,0.00001399999999999999,0x7b1b4a2e1652fc6e4f09d906fc9b2a0ca0b83971,sell,0xb518d165398d9057ea8b73096edda5c7754bcd62,0xbde5ea87c4a887c5fb4d8e996a8e1050ecef68773dfee621985d2aa011c7f90e
115,1794.43724454192,0.02153324693450304,0x1749bb6e4080ebd7317ce5d8f9fb63fbfe58d27c,2017-10-10T10:11:31.000Z,0.00001199999999999999,0xaec280d467b77b277f41e76872146ed560325fec,sell,0xb518d165398d9057ea8b73096edda5c7754bcd62,0x27b4f8a7dd79b5fc70e68ab1925c9ec02fa5cb1c5785f9faa5d4065609b90c84
116,508.6582543465633,0.02034633017386253,0xcdfb3244f20e645777717977ea9e7de427e3be5d,2017-10-10T07:17:44.000Z,0.00004,0xe2e584319f57671638cb28321b830e4a79d47218,buy,0xb518d165398d9057ea8b73096edda5c7754bcd62,0xed8f5212a62b44b6c18913d0b3a1948d40669b071e63b03352da7a05d9daa6b6
117,5000,0.1,0x641cf5dec78db66010db72471a3fafcc9c168557,2017-10-10T06:12:52.000Z,0.00002,0x6a391cfa58bd417f4a07eded5662584795b08147,sell,0xb518d165398d9057ea8b73096edda5c7754bcd62,0xb5f21c373893668b7d1d01f8c7c0d8e39cfcef3f4b2d6dc6ba77d28ef9500c64
118,25000,0.225,0x641cf5dec78db66010db72471a3fafcc9c168557,2017-10-10T05:58:39.000Z,0.000009,0xe2e584319f57671638cb28321b830e4a79d47218,sell,0xb518d165398d9057ea8b73096edda5c7754bcd62,0x4847da45ad366997ee4b16eb95168d8e906f8833f7f79ab84d73fd55d328bc5c
119,500,0.0100005,0xf36990a2cb4d609e0a7d4f3bf884c0342d81fd3d,2017-10-10T05:43:27.000Z,0.000020001,0x51feb09f82313a99cb0d90be3702df6d7a3e1caa,sell,0xb518d165398d9057ea8b73096edda5c7754bcd62,0xdf1cf1c0b4e84d84783baa914cafc38456e5c487df1be520f4016898f69d07e8
120,825.041,0.016666653241,0x5d5065b42bdee0274e394ba9042c21e1818c69cf,2017-10-10T05:32:48.000Z,0.000020201,0x51feb09f82313a99cb0d90be3702df6d7a3e1caa,sell,0xb518d165398d9057ea8b73096edda5c7754bcd62,0xfe78b5b14fd51864728d9480d114c05249eeec6bec9a49fde20ba9ad4c75bcd4
121,75,0.00375,0xd960ae5f5294d1c06af036e78bcd9dca1e7840b8,2017-10-09T23:43:14.000Z,0.00005,0x5dc1aed39d37faee01929ecee63f8195ba1a3a40,buy,0xb518d165398d9057ea8b73096edda5c7754bcd62,0x152b3cc0ce2447308d48af233993f0de1ba007a1e07d4daed09bb0543b62dd7c
122,6000,0.33,0x641cf5dec78db66010db72471a3fafcc9c168557,2017-10-09T23:19:11.000Z,0.000055,0xe2e584319f57671638cb28321b830e4a79d47218,buy,0xb518d165398d9057ea8b73096edda5c7754bcd62,0x9728fc63df272eda8a04acebd6027cdeef5f8dc6e91c71e4bb3a55700822e5e2
123,996.9095803010667,0.011963911873193102,0xee5a2149a3048957ba56421745462591c44d0ce7,2017-10-09T23:03:25.000Z,0.00001200099999999999,0xf85a5f48a7de7ac2b760689f2c227c92e26f9ea5,sell,0xb518d165398d9057ea8b73096edda5c7754bcd62,0xba209b4f902c647aecc26da92b0bfe497fc58e5bf4343b618b12c6995b180d36
124,4000,0.22,0xee5a2149a3048957ba56421745462591c44d0ce7,2017-10-09T22:53:12.000Z,0.000055,0xe2e584319f57671638cb28321b830e4a79d47218,buy,0xb518d165398d9057ea8b73096edda5c7754bcd62,0xb35e3005e3f9053a0f6a2f6dba07abab5dc9cffe3fdf280075f37f1214ff4b3c
125,996.9095803010667,0.0119629149636128,0x641cf5dec78db66010db72471a3fafcc9c168557,2017-10-09T22:08:18.000Z,0.00001199999999999999,0x1bc17feec575562e9666445da7b08343295219d3,sell,0xb518d165398d9057ea8b73096edda5c7754bcd62,0x1e170f77ad7ca531758e9a48ae95b7c463bb6b880ec419e3e12b0de6f8aef1d2
126,996.9095803010667,0.0119629149636128,0x641cf5dec78db66010db72471a3fafcc9c168557,2017-10-09T21:39:09.000Z,0.00001199999999999999,0xf547ea0e553b3852e42760818a98aa732854a4e3,sell,0xb518d165398d9057ea8b73096edda5c7754bcd62,0xf5060442dff39337aade9d0083159707558b09ee4ed962f1789523f489533a68
127,996.9095803010667,0.0119629149636128,0x641cf5dec78db66010db72471a3fafcc9c168557,2017-10-09T21:18:39.000Z,0.00001199999999999999,0x40068d2eefb8f1dc7f73437d44d306d899edd669,sell,0xb518d165398d9057ea8b73096edda5c7754bcd62,0x4713962d33263b5dcb4cfd994158f32224501d9f0a8f2b20d8f2dad0bf509412
128,25,0.00125,0x0024a5046fd95c5eee6db19a69ef7ed3bacd50f1,2017-10-09T20:53:53.000Z,0.00005,0x5dc1aed39d37faee01929ecee63f8195ba1a3a40,buy,0xb518d165398d9057ea8b73096edda5c7754bcd62,0x8fadc0cf4a1e6758a1888e04b7cbffa0cdcc154c048e1ba641d2fc94e136ad84
129,1000,0.082,0xc6660a835c352bf39d6b5b170c65d8e3f03a6b6a,2017-10-09T20:46:52.000Z,0.000082,0x480581861e193f7e1e5683b8c491d21f0ce6f62b,buy,0xb518d165398d9057ea8b73096edda5c7754bcd62,0x60a30bc5455fd1794df0b5a3ff170421ef08c12b8ad1275e138560a665d99b4a
130,1000,0.0839,0xda1e4bc4eb9377e87295dec147922eaa3f509fcc,2017-10-09T20:36:57.000Z,0.0000839,0x480581861e193f7e1e5683b8c491d21f0ce6f62b,buy,0xb518d165398d9057ea8b73096edda5c7754bcd62,0x504863190a8db99ab9af84e668fde7d5a8a0b1fbb670e0fb543ff99d5dd54e5a
131,1000,0.065,0x641cf5dec78db66010db72471a3fafcc9c168557,2017-10-09T19:16:27.000Z,0.000065,0xe2e584319f57671638cb28321b830e4a79d47218,buy,0xb518d165398d9057ea8b73096edda5c7754bcd62,0x239e5a80377df6f3627ee8d0141a54e5e04ab255115a2b072abbd4a9ac11d1eb
132,1000,0.05,0x641cf5dec78db66010db72471a3fafcc9c168557,2017-10-09T18:50:17.000Z,0.00005,0xe2e584319f57671638cb28321b830e4a79d47218,buy,0xb518d165398d9057ea8b73096edda5c7754bcd62,0x88b9b18bb5153021129d6a358c5faf693b35cc22079b45104a8de2cd97e0d407
133,500,0.0225,0x641cf5dec78db66010db72471a3fafcc9c168557,2017-10-09T18:47:39.000Z,0.000045,0xe2e584319f57671638cb28321b830e4a79d47218,buy,0xb518d165398d9057ea8b73096edda5c7754bcd62,0x3e7236213ef0f55bedd77e799475061d13574a1952c72fb8b93ce22cc7b83bb1
134,638.5775694185957,0.06066486909476659,0x9a8249c97a61591d42ef64b7909d4207799ff5f9,2017-10-09T17:09:36.000Z,0.000095,0x874d5efcbd0a8e116f8ba806eca894b59e33031a,buy,0xb518d165398d9057ea8b73096edda5c7754bcd62,0xa9b23b7aebc55529b4e4c54d0d13d1ad9dfb0a3d646496b39f226d46fb30cb69
135,1000,0.04,0x9a8249c97a61591d42ef64b7909d4207799ff5f9,2017-10-09T17:08:28.000Z,0.00004,0xe2e584319f57671638cb28321b830e4a79d47218,buy,0xb518d165398d9057ea8b73096edda5c7754bcd62,0x982ad03d424ae2f4c2f80b272b4074195f759b567122642e266e2f46194d70c2
136,1000,0.09,0x5dc1aed39d37faee01929ecee63f8195ba1a3a40,2017-10-09T15:43:08.000Z,0.00009,0x480581861e193f7e1e5683b8c491d21f0ce6f62b,buy,0xb518d165398d9057ea8b73096edda5c7754bcd62,0xee290fa76f4a87f80293ad5b247fc18107096537184f855fcb9753b9340326b1
137,6767.588,0.06767588,0x8cd1ac31b6c6e2456a501b8c3a8731d066fc31cb,2017-10-09T14:27:07.000Z,0.00001,0xf01a8001bb63886e8806642c8e3cfc587f534cfe,buy,0xb518d165398d9057ea8b73096edda5c7754bcd62,0xe5941b6e9a107a468ee766e9eb49b913ac6084570467bb5e37737a11e3d8b2ca
138,1000,0.009,0x8cd1ac31b6c6e2456a501b8c3a8731d066fc31cb,2017-10-09T14:24:14.000Z,0.000009,0x491abe8711af71efb086b827a4c7d68905efb0fa,buy,0xb518d165398d9057ea8b73096edda5c7754bcd62,0xa11b6e6e0774a1f9535a36d5a94213359b1ade007209c600f5bb8415b06fd297
139,1000,0.01,0xe2e584319f57671638cb28321b830e4a79d47218,2017-10-09T06:56:41.000Z,0.00001,0xf01a8001bb63886e8806642c8e3cfc587f534cfe,sell,0xb518d165398d9057ea8b73096edda5c7754bcd62,0xa06484560744c843e3826311dd93eedd11beedd8a951144c48b60a47700eb0ed
140,2938.596,0.02938596,0x568e99cb621ea393f193e154ad023fe032d708d2,2017-10-09T06:53:10.000Z,0.00001,0xf01a8001bb63886e8806642c8e3cfc587f534cfe,sell,0xb518d165398d9057ea8b73096edda5c7754bcd62,0x7ff69f9f93ee67eefbaecc37cebae3cc7f5f734df34453385e2bfd005cc8d92a
141,84000,0.840672,0x8cd1ac31b6c6e2456a501b8c3a8731d066fc31cb,2017-10-09T06:51:34.000Z,0.000010008,0xf01a8001bb63886e8806642c8e3cfc587f534cfe,sell,0xb518d165398d9057ea8b73096edda5c7754bcd62,0xa5dafd2e3486c8c03f3ed0a2a5b28384dfb1324afada1e01a91c211e89f2702a
142,500,0.05,0x5dc1aed39d37faee01929ecee63f8195ba1a3a40,2017-10-09T04:32:12.000Z,0.0001,0xe2e584319f57671638cb28321b830e4a79d47218,buy,0xb518d165398d9057ea8b73096edda5c7754bcd62,0xbfd9cc70c2b7b451d221e188b08a6dcd33f2a6faa143cc25e0d83cad65df4852
143,25000,0.3972,0x8cd1ac31b6c6e2456a501b8c3a8731d066fc31cb,2017-10-09T04:13:08.000Z,0.000015888,0x5dc1aed39d37faee01929ecee63f8195ba1a3a40,sell,0xb518d165398d9057ea8b73096edda5c7754bcd62,0x6f166819d0d64fd2f5bc95352de187f07c02024bdacb71eb5a3db0a19450d87b
144,10000,0.16,0x0a790ab519b15fb06dbb7b71ab6137890135510a,2017-10-09T04:07:05.000Z,0.000016,0xf01a8001bb63886e8806642c8e3cfc587f534cfe,sell,0xb518d165398d9057ea8b73096edda5c7754bcd62,0x2641d1921ab3d0cdb1f327b8572b7a8c90e136a9412660dcec6d2925ca615e12
145,100000,1.009,0xf01a8001bb63886e8806642c8e3cfc587f534cfe,2017-10-09T03:49:00.000Z,0.00001009,0x5dc1aed39d37faee01929ecee63f8195ba1a3a40,sell,0xb518d165398d9057ea8b73096edda5c7754bcd62,0x3ccf952ebd8025d413a6ce61077ad606afed2b6a2394032e92d6def84c3fe0d2
146,95000,1.50936,0x8cd1ac31b6c6e2456a501b8c3a8731d066fc31cb,2017-10-09T03:47:12.000Z,0.000015888,0x6a391cfa58bd417f4a07eded5662584795b08147,sell,0xb518d165398d9057ea8b73096edda5c7754bcd62,0x6dee063b19c40df7255835aa003c75f58079e75318d41ff77795cf0537e74ea7
147,1000,0.1,0x5dc1aed39d37faee01929ecee63f8195ba1a3a40,2017-10-09T03:03:07.000Z,0.0001,0x6a391cfa58bd417f4a07eded5662584795b08147,buy,0xb518d165398d9057ea8b73096edda5c7754bcd62,0x0d00b28d4bf88068fb22bedc0bcbc29497bb86fe9feb89046a52d5ae3bc7f8fb
148,996.9095803010667,0.029907287409032,0x6a391cfa58bd417f4a07eded5662584795b08147,2017-10-09T02:48:56.000Z,0.00002999999999999999,0x8f351d5a44b8eeb3405172a0cfd87566f0b22da2,sell,0xb518d165398d9057ea8b73096edda5c7754bcd62,0x922ffb441ca886992d58b5fcf1ffcd2aad5bcb3ba2d1c0690c4fe853071eb173
149,1000,0.03,0xf01a8001bb63886e8806642c8e3cfc587f534cfe,2017-10-09T02:47:21.000Z,0.00003,0x6a391cfa58bd417f4a07eded5662584795b08147,buy,0xb518d165398d9057ea8b73096edda5c7754bcd62,0xe9fc82bcc3f785bebbed03da1a44097197c2dc83e40ce601a0fb486529bf0c06
150,1000,0.02,0xf01a8001bb63886e8806642c8e3cfc587f534cfe,2017-10-09T02:43:16.000Z,0.00002,0x89b7039b4b51d7c2336c0efbcdc9a07a53130921,buy,0xb518d165398d9057ea8b73096edda5c7754bcd62,0x695769c68064ee950ffc6ebaa389192be6b5af58cfeb18035b1f37b2d3d61350
151,1000,0.02,0xf01a8001bb63886e8806642c8e3cfc587f534cfe,2017-10-09T02:42:43.000Z,0.00002,0x6a391cfa58bd417f4a07eded5662584795b08147,buy,0xb518d165398d9057ea8b73096edda5c7754bcd62,0x4d55af4ce21ab1c4ece51e002619d0db162eb65abc807a4baa6365fde90ba5f4
152,2.461751069432916,0.000024834144788439,0x8cd1ac31b6c6e2456a501b8c3a8731d066fc31cb,2017-10-09T02:38:54.000Z,0.00001008799999999989,0x5dc1aed39d37faee01929ecee63f8195ba1a3a40,sell,0xb518d165398d9057ea8b73096edda5c7754bcd62,0x17e0e2dab9cb44674b558051b2567691527400f2fc17e4b753bf281df1bd827a
153,24693.82497748158,0.24911130637283418,0x8cd1ac31b6c6e2456a501b8c3a8731d066fc31cb,2017-10-09T02:34:09.000Z,0.00001008799999999999,0x5dc1aed39d37faee01929ecee63f8195ba1a3a40,sell,0xb518d165398d9057ea8b73096edda5c7754bcd62,0x613fb178d4304a8d84ff015e1b017363e431bef1fbe49654d9cfeca1ca3a160f
154,1000,0.01,0xf01a8001bb63886e8806642c8e3cfc587f534cfe,2017-10-08T23:28:22.000Z,0.00001,0x6a391cfa58bd417f4a07eded5662584795b08147,buy,0xb518d165398d9057ea8b73096edda5c7754bcd62,0x5be96c3a203f81bda5af6b81eb524d058236f744d9482e98f397bedc15810075
155,130,0.0208481,0x9a8249c97a61591d42ef64b7909d4207799ff5f9,2017-10-08T17:08:20.000Z,0.00016037,0x5dc1aed39d37faee01929ecee63f8195ba1a3a40,buy,0xb518d165398d9057ea8b73096edda5c7754bcd62,0xfa2200db1f51c8fe2a976e6ed2e3822cb4e533f19d78cc2fe0b2cc82573172cb
156,5030,0.8066611,0x9a8249c97a61591d42ef64b7909d4207799ff5f9,2017-10-08T17:02:24.000Z,0.00016037,0x5dc1aed39d37faee01929ecee63f8195ba1a3a40,buy,0xb518d165398d9057ea8b73096edda5c7754bcd62,0xc66760bc11f0168f6e06755b02dad34661a726fae112382a1707ffc9a68f6ee2
157,280,0.008988,0x9a8249c97a61591d42ef64b7909d4207799ff5f9,2017-10-08T17:00:05.000Z,0.0000321,0x5dc1aed39d37faee01929ecee63f8195ba1a3a40,buy,0xb518d165398d9057ea8b73096edda5c7754bcd62,0x3dd1c6c4a3c0b4e12c7739592fea75f9888109915f18a39ee9f6c393564ae31e
158,2000,0.06,0x9a8249c97a61591d42ef64b7909d4207799ff5f9,2017-10-08T16:55:28.000Z,0.00003,0x66fa1e1af25d7661001301ab556c1eff78e2dbf9,buy,0xb518d165398d9057ea8b73096edda5c7754bcd62,0xb5d4f143d7b45b6c9cbb4a756d3dd9978c18277dbae9624f11663f9addeea479
159,47700,0.477,0xaf3dcb11288f0b740288a9cb93db030bdd8e1b0e,2017-10-08T08:11:15.000Z,0.00001,0xe2e584319f57671638cb28321b830e4a79d47218,buy,0xb518d165398d9057ea8b73096edda5c7754bcd62,0x371a58d0a9b00aa367b9c1f5bdc3e2b1b5971759f47ddafd876158b1fcc549be
160,2000,0.02,0xe673b1ea0c5d49462ce27cff1d58177af5de7dfa,2017-10-08T06:01:37.000Z,0.00001,0xe2e584319f57671638cb28321b830e4a79d47218,buy,0xb518d165398d9057ea8b73096edda5c7754bcd62,0x54794ed51cae8d66d682888dbbbe3469fd7509142dc5bcd29632257261e5c057
161,300,0.003,0xe673b1ea0c5d49462ce27cff1d58177af5de7dfa,2017-10-08T05:08:56.000Z,0.00001,0xe2e584319f57671638cb28321b830e4a79d47218,buy,0xb518d165398d9057ea8b73096edda5c7754bcd62,0x8104ec3faf5324333c7eec4b23f5f8ecb188d8dafffd91320c0e8d51970a1075
162,333.333,0.0999999,0x607f2bcafec5b41a6e00b4d5a318d9bd8794ec36,2017-10-08T00:07:53.000Z,0.0003,0x6a391cfa58bd417f4a07eded5662584795b08147,buy,0xb518d165398d9057ea8b73096edda5c7754bcd62,0x78bc144bc04c5c5c51e236ec2157dafea181e6aba3601248097a6a128dfa48f0
163,100.624,0.0301872,0xe2e584319f57671638cb28321b830e4a79d47218,2017-10-07T23:57:46.000Z,0.0003,0x6a391cfa58bd417f4a07eded5662584795b08147,buy,0xb518d165398d9057ea8b73096edda5c7754bcd62,0x88ab7f1d5c2ce8573cd06ace98e7e683f8c5262f00cb2291731f502b7866341e
164,1000,0.2,0xe2e584319f57671638cb28321b830e4a79d47218,2017-10-07T21:24:53.000Z,0.0002,0xe2e584319f57671638cb28321b830e4a79d47218,sell,0xb518d165398d9057ea8b73096edda5c7754bcd62,0xd837b1e66afa8ef2b5df673595f0900b14c322c7c5aca77291f8a06552aea454
165,130.3758349117735,0.03911275047353205,0x5dc1aed39d37faee01929ecee63f8195ba1a3a40,2017-10-07T20:30:35.000Z,0.0003,0x6a391cfa58bd417f4a07eded5662584795b08147,buy,0xb518d165398d9057ea8b73096edda5c7754bcd62,0x0ae850e8fa78d48a05a5fcf0b14cf0bdaef6bdfec7841d351a582097d61b5507
166,500,0.015,0xe2e584319f57671638cb28321b830e4a79d47218,2017-10-07T20:25:39.000Z,0.00003,0x6a391cfa58bd417f4a07eded5662584795b08147,buy,0xb518d165398d9057ea8b73096edda5c7754bcd62,0xb59ae1a4493c228f66aefaa5a4d7a8d48ecb71488bcb2c664dbd5ab7f7d1a84e
167,200,0.016122,0x607f2bcafec5b41a6e00b4d5a318d9bd8794ec36,2017-10-07T05:45:08.000Z,0.00008061,0x5dc1aed39d37faee01929ecee63f8195ba1a3a40,buy,0xb518d165398d9057ea8b73096edda5c7754bcd62,0x3f136cfef00bf9367dc91ffb7432fb5522c373472b96cc9e8ac4a6bc0a90871f
168,720,0.023112,0x607f2bcafec5b41a6e00b4d5a318d9bd8794ec36,2017-10-07T05:31:00.000Z,0.0000321,0x5dc1aed39d37faee01929ecee63f8195ba1a3a40,buy,0xb518d165398d9057ea8b73096edda5c7754bcd62,0xf31f961116fb3ab0793a19f91680345280078344a9140a22a4f3307a3796d731
