,amount,amountBase,buyer,date,price,seller,side,tokenAddr,txHash
0,0.4633920296570899,0.0005,0x4fda9e6bcd83af6c5cc771b5d20accc2b7720074,2017-11-02T14:27:43.000Z,0.001079,0x1eaa18a0e964d346f2b5182be3f97d7aab5145b9,buy,0x9214ec02cb71cba0ada6896b8da260736a67ab10,0x5e5d7c979d3121b891f543c48ae35d79069cb9939b1dfab0162d7556ad3bb324
1,4135,3.92825,0x8c7cf524485145fbd2b0480546c5350576e8c3f2,2017-11-02T14:21:22.000Z,0.00095,0x28369454ae5db003005fbc1eafc2f281fd87548d,buy,0x9214ec02cb71cba0ada6896b8da260736a67ab10,0x26a330bdbb277f7185b50451cb3f71fab53ed2ef3e815f2ba43d87ed811d780f
2,0.4633920296570899,0.0005,0x3075f7f189912f4f425dd7021b9c396434197477,2017-11-02T14:21:22.000Z,0.001079,0x1eaa18a0e964d346f2b5182be3f97d7aab5145b9,buy,0x9214ec02cb71cba0ada6896b8da260736a67ab10,0xc987e010f23d9092325e910ff33e5aaaa806f602882f851c5f582a3a0fa9247c
3,1391.991,1.391991,0x8c7cf524485145fbd2b0480546c5350576e8c3f2,2017-11-02T13:08:22.000Z,0.001,0x79281c48941aaab69f16e7b01bc8d62bda23e4d2,buy,0x9214ec02cb71cba0ada6896b8da260736a67ab10,0xb2b066f098996adcd079a8d2a19b45e14a6152287dca1b0f9b1b738e98967406
4,0.01937347946053177,0.000018424198340445,0x8c7cf524485145fbd2b0480546c5350576e8c3f2,2017-11-02T13:05:48.000Z,0.0009510009999999909,0x4b3fe742e58fe1030456846b6c108c9a89d33015,sell,0x9214ec02cb71cba0ada6896b8da260736a67ab10,0x6f0c1b47d7eb2450f1621d13db8a51cb433d41333a19522ba735732850d00633
5,1660,1.65834,0xf6f0fc2f99f6efbe0a992447c2f7e7e3ecae2def,2017-11-02T13:05:17.000Z,0.000999,0x3d0d217074fa119d0225efa72ab866e2f2e9636f,buy,0x9214ec02cb71cba0ada6896b8da260736a67ab10,0x3e1454eee9557f3c3eb22c7d732a8570c67f1fdd9db7a4652b403efe090209cc
6,1000,0.999,0xf6f0fc2f99f6efbe0a992447c2f7e7e3ecae2def,2017-11-02T13:04:00.000Z,0.000999,0x1eaa18a0e964d346f2b5182be3f97d7aab5145b9,buy,0x9214ec02cb71cba0ada6896b8da260736a67ab10,0xf8dee6a47400c5cba3118f5600f43c1e693bc948a332c34ab57555481252254d
7,34.49307147841691,0.03276841790449606,0x4d25819e9de2a2eeeddca953d1ef0182680a7054,2017-11-02T12:16:22.000Z,0.00095,0xd7dd052ff73d9177f884592814f844a7788787d1,sell,0x9214ec02cb71cba0ada6896b8da260736a67ab10,0x8a0fbc2728acee7010e493c9182ecd7a3db72f303e5b44f64034a7d3d0dfb278
8,94.56505,0.08690528095,0xf6f0fc2f99f6efbe0a992447c2f7e7e3ecae2def,2017-11-02T09:59:01.000Z,0.000919,0x39dc3f7adc8cad2b03c831c7771a25d4fb99021e,sell,0x9214ec02cb71cba0ada6896b8da260736a67ab10,0x9af78b374477ceeec5b363aa3f51c09d4ad3bd7801f330a768ebfc749f684547
9,281.69751293765836,0.30705028910204757,0xad1c934cd5af354e238cde58a60f2a51dad1e411,2017-11-02T07:48:46.000Z,0.00109,0xb798caf4b017605aeb55089ba436a0cfd9388be1,buy,0x9214ec02cb71cba0ada6896b8da260736a67ab10,0x644a4fcd096bf284623c4b36ee952b5bca1b875036f3bd8d2c565df227305433
10,178.399,0.1962389,0x4d09eeafd6c3b3dfeca75c663b9ecbf65f8c6df3,2017-11-02T04:58:17.000Z,0.0011,0x54409c45877a9877a724bdfc941dd5a16ac0f0c8,buy,0x9214ec02cb71cba0ada6896b8da260736a67ab10,0x043e3ab9cbb475d131502e0cb8dd5ee0f98ff938ec180a9adff0c2202716a555
11,145,0.1305,0x4d25819e9de2a2eeeddca953d1ef0182680a7054,2017-11-02T03:35:55.000Z,0.0009,0xc587f51cf78211dc71cd5039835baa608d064831,sell,0x9214ec02cb71cba0ada6896b8da260736a67ab10,0x8d9233554ef56cccc9f42a9512e40656cae637072d6e84450720fe141badf399
12,500,0.455,0xe50d9b2aa75010a564231fd52762ed85ad06ef91,2017-11-02T03:33:21.000Z,0.00091,0xc587f51cf78211dc71cd5039835baa608d064831,sell,0x9214ec02cb71cba0ada6896b8da260736a67ab10,0xd598ff2403383239f3766cd52c300980066aa8767878d86ad569119ead91e446
13,1000,0.9105,0xf2bf7bcf983d02c898ca50b7c815955a8acb42a7,2017-11-02T03:33:06.000Z,0.0009105,0xc587f51cf78211dc71cd5039835baa608d064831,sell,0x9214ec02cb71cba0ada6896b8da260736a67ab10,0x23f06264cb67e8974ce9077e311cf5cc8b54acb52fdac9f8a6489d49b6c72412
14,321.60054558142485,0.35376060013956734,0xdd34c5e3477bcdd614b5c7e474cc879c3575ca0e,2017-11-02T02:23:24.000Z,0.0011,0x54409c45877a9877a724bdfc941dd5a16ac0f0c8,buy,0x9214ec02cb71cba0ada6896b8da260736a67ab10,0x8553a1252c67c5a728b425176090821a7f22c3e0885d0d9caed12da57ce4a5f5
15,157.91047751968895,0.13897701126507825,0xc4f83678cf2e6d89fa31f2ca5126fe7ec1096eb6,2017-11-02T01:43:22.000Z,0.0008801,0x177c1283dba007987f1957a4eb1330b95caf0c91,sell,0x9214ec02cb71cba0ada6896b8da260736a67ab10,0x6ab47188db1dd7afc654ea7ba8ddb06e473bd56cf8c55565bb1622daad5651a8
16,3568.334,3.1403123367,0x8b8cec1ac92cb3b3bb2a00d394aa9474f91ba05d,2017-11-02T00:53:32.000Z,0.00088005,0x2850668857e0599aa54ce1687435f7940f7ff699,buy,0x9214ec02cb71cba0ada6896b8da260736a67ab10,0x833cf70a06de34162e4ca1f20908c1855fd306c3d7274e9e78bdaa23ee009d0f
17,250,0.2200125,0x4d25819e9de2a2eeeddca953d1ef0182680a7054,2017-11-02T00:51:47.000Z,0.00088005,0x2850668857e0599aa54ce1687435f7940f7ff699,buy,0x9214ec02cb71cba0ada6896b8da260736a67ab10,0xb94f725edf3ff7a642c1dd4f0d28de3f118127ef8c499eba4efd1c238e5d36d5
18,8.715894113983671,0.007757145761445466,0x99bc37ffa8c3b9e6f4792abf009cc294b34947bc,2017-11-02T00:51:09.000Z,0.00089,0x1d5321e125f6c7079a716705541c7b371ca79e69,sell,0x9214ec02cb71cba0ada6896b8da260736a67ab10,0x67f3f7d170c8d2d283aa0650cfb1928cd1101042e3c5664dc02331b654dd56be
19,8.742041796325621,0.007693433882856363,0x1d5321e125f6c7079a716705541c7b371ca79e69,2017-11-02T00:51:09.000Z,0.00088005,0x2850668857e0599aa54ce1687435f7940f7ff699,buy,0x9214ec02cb71cba0ada6896b8da260736a67ab10,0x67f3f7d170c8d2d283aa0650cfb1928cd1101042e3c5664dc02331b654dd56be
20,500,0.440025,0xf7bc4e2c7c7e42d808ce3b510ae6d06e887eff7d,2017-11-02T00:44:32.000Z,0.00088005,0x2850668857e0599aa54ce1687435f7940f7ff699,buy,0x9214ec02cb71cba0ada6896b8da260736a67ab10,0x94b2b4c76ba16579e137e1297e98a81bd44cc609af361fa5b1a88b18fdfdb45f
21,700,0.616035,0x4d25819e9de2a2eeeddca953d1ef0182680a7054,2017-11-02T00:44:32.000Z,0.00088005,0x2850668857e0599aa54ce1687435f7940f7ff699,buy,0x9214ec02cb71cba0ada6896b8da260736a67ab10,0x8b2e517fe3584f5dcad81f9ab9447f3b0f037a188d7f16653eddf285718ffe44
22,750,0.6600375,0x4d25819e9de2a2eeeddca953d1ef0182680a7054,2017-11-02T00:43:21.000Z,0.00088005,0x2850668857e0599aa54ce1687435f7940f7ff699,buy,0x9214ec02cb71cba0ada6896b8da260736a67ab10,0x48107ddb52e787e0d029b3a6445e291e353b3d47df59ba5c6e483e5057a38520
23,2495.9237954674463,2.196537736201126,0xf7bc4e2c7c7e42d808ce3b510ae6d06e887eff7d,2017-11-02T00:39:45.000Z,0.00088005,0x2850668857e0599aa54ce1687435f7940f7ff699,buy,0x9214ec02cb71cba0ada6896b8da260736a67ab10,0x537afa605f43f8a6f9ad3535912cc466832098b442a602e4b77d61120cdc9a94
24,1950,1.7160975,0x4d25819e9de2a2eeeddca953d1ef0182680a7054,2017-11-02T00:38:57.000Z,0.00088005,0x2850668857e0599aa54ce1687435f7940f7ff699,buy,0x9214ec02cb71cba0ada6896b8da260736a67ab10,0xced3398fba68d300fd6d15dd1a5f6da86e43fb3bef30d8efccdafc3373910d50
25,500,0.5,0x4d25819e9de2a2eeeddca953d1ef0182680a7054,2017-11-02T00:33:31.000Z,0.001,0x422d7c1f2f04e7582163d1381a436516f4de3c2a,sell,0x9214ec02cb71cba0ada6896b8da260736a67ab10,0x770d13396b1c02107b4a77afa7b4e1d58bab60ebcbc454b5b84a14f0ed5610a5
26,501.9999999999999,0.44178509999999993,0x422d7c1f2f04e7582163d1381a436516f4de3c2a,2017-11-02T00:33:31.000Z,0.00088005,0x2850668857e0599aa54ce1687435f7940f7ff699,buy,0x9214ec02cb71cba0ada6896b8da260736a67ab10,0x770d13396b1c02107b4a77afa7b4e1d58bab60ebcbc454b5b84a14f0ed5610a5
27,2254.17,2.25417,0x4d25819e9de2a2eeeddca953d1ef0182680a7054,2017-11-02T00:29:29.000Z,0.001,0x7f4694b98adbe6bb850a753b1ace3df947cae4b1,buy,0x9214ec02cb71cba0ada6896b8da260736a67ab10,0xba8dac0e7d3a84bbba79bd7bb00a447e54421cce954d0f5aa0b01f6e505d92be
28,1000,0.999,0x4d25819e9de2a2eeeddca953d1ef0182680a7054,2017-11-02T00:27:29.000Z,0.000999,0x1eaa18a0e964d346f2b5182be3f97d7aab5145b9,buy,0x9214ec02cb71cba0ada6896b8da260736a67ab10,0x8adc37dbc73a81bd9960924454718ff911eac0e0a0eb5c383df6d931bf0e09a1
29,3500,3.5,0x4d25819e9de2a2eeeddca953d1ef0182680a7054,2017-11-02T00:23:33.000Z,0.001,0x7f4694b98adbe6bb850a753b1ace3df947cae4b1,buy,0x9214ec02cb71cba0ada6896b8da260736a67ab10,0x3d4ae04e585facd04d6eaee34cb1b46ecfe0ced1ab8ff0472c2291917ddeaaa8
30,1730,1.73,0x6896c3e49a2ff559b270f85928b3584fd3725356,2017-11-01T22:13:24.000Z,0.001,0x7f4694b98adbe6bb850a753b1ace3df947cae4b1,buy,0x9214ec02cb71cba0ada6896b8da260736a67ab10,0x3e54c4cd7600c3b1f8d65f4959c4dac21c39c2e12cda456f19a6c6b0f7f2cc55
31,4.829740803509121,0.004829740803509121,0x3d9ed1f909b0b08bfba8c5bb4485adada31a7319,2017-11-01T20:57:04.000Z,0.001,0x7f4694b98adbe6bb850a753b1ace3df947cae4b1,buy,0x9214ec02cb71cba0ada6896b8da260736a67ab10,0x37ae6eaca5f02bb492f12efedb6586f4e85ef0e70fb3e4af1268ee4ce3b12a0c
32,979,0.978021,0xaf757182aa813cbd53b4dc145f3573ae71c44b07,2017-11-01T20:46:17.000Z,0.000999,0x1eaa18a0e964d346f2b5182be3f97d7aab5145b9,buy,0x9214ec02cb71cba0ada6896b8da260736a67ab10,0x07236500acd66889240820b6afec731f1f36a0f5c90ec0bd522a244208fbc7c5
33,21,0.020979,0x3d9ed1f909b0b08bfba8c5bb4485adada31a7319,2017-11-01T20:44:09.000Z,0.000999,0x1eaa18a0e964d346f2b5182be3f97d7aab5145b9,buy,0x9214ec02cb71cba0ada6896b8da260736a67ab10,0x5c847404a26f56a3cd4d0f13cfbe2e60ebd50e0a034015f765acaee8b05d7673
34,800,0.984,0xf366d7f31c2855600f5347d4c40927f6777739ee,2017-11-01T18:56:49.000Z,0.00123,0x9da7ad646dc636de4bbc54ece8723a2bc346ca36,buy,0x9214ec02cb71cba0ada6896b8da260736a67ab10,0x7e02ef8c74371f25790f32656c53dabbba36652ab41e47289a13920906cce496
35,1,0.00088006,0xceed13dd47c7bb5165ddaaef3acb3752109b713b,2017-11-01T18:15:48.000Z,0.00088006,0xa107cfeb78725ab7c9e10f0d787a1d21b8678b26,sell,0x9214ec02cb71cba0ada6896b8da260736a67ab10,0xd3f5be86dd5d812e68c9e2133d1f80ba8b35658e8018a1fa0a63e30df89f86a5
36,8,0.01,0x7048a87163f00c74d63725379a8c677f5eb4ef02,2017-11-01T18:09:22.000Z,0.00125,0x48f9b81f75b3e9166d1e58413699321cc1335a08,buy,0x9214ec02cb71cba0ada6896b8da260736a67ab10,0xf1baa50ba0e95e4c20c3fe8edca08bae0381d014045a0e4943f428d52ab44b27
37,12.96,0.01296,0x7048a87163f00c74d63725379a8c677f5eb4ef02,2017-11-01T17:47:41.000Z,0.001,0xbc038b240ee697dba09accec51de849b66af77df,buy,0x9214ec02cb71cba0ada6896b8da260736a67ab10,0x7c9f4a5426bf8f5d6ef43767949dd1681616fc055f2ce769a3da495d19bb287e
38,0.026237077978215693,0.000023090202845508,0xceed13dd47c7bb5165ddaaef3acb3752109b713b,2017-11-01T17:36:08.000Z,0.0008800599999999809,0x9d4a2627eaca69ce74b4abc5cb22bcbd5bc26f1e,sell,0x9214ec02cb71cba0ada6896b8da260736a67ab10,0x5f6f58217a96ef9c42a3a6b0fa7603bd749978e404e2b824a2c70a05c5655b6c
39,263.1841291994816,0.23161782474329579,0xceed13dd47c7bb5165ddaaef3acb3752109b713b,2017-11-01T17:35:37.000Z,0.00088006,0x9d4a2627eaca69ce74b4abc5cb22bcbd5bc26f1e,sell,0x9214ec02cb71cba0ada6896b8da260736a67ab10,0x396ef2272b1c6ec5bee92c8ae42379a1ed4ff6e1da677205c52e9daed9f43ba6
40,0.001,0.5,0x9bf4b5571b0e5a3bd23ebf2255493a2dbc20138b,2017-11-01T17:24:43.000Z,500,0xd8be8871c52b91a1f4f8457baf0dc0946d931132,buy,0x9214ec02cb71cba0ada6896b8da260736a67ab10,0x5c791236ef69567cb99fa649703d42a0c81fdaa770fd992e19fe8ae92c3f0cf7
41,0.001,0.25,0x9bf4b5571b0e5a3bd23ebf2255493a2dbc20138b,2017-11-01T17:21:00.000Z,250,0x48f9b81f75b3e9166d1e58413699321cc1335a08,buy,0x9214ec02cb71cba0ada6896b8da260736a67ab10,0xdd4ef84685cf4526f394d58dad1a71e27d814bbaadb53dd70edd184a4ca3f778
42,311,0.311,0x693de8556b4118333a571c4263c9b28698125f54,2017-11-01T16:07:44.000Z,0.001,0xc9d56287b414e1aa0963016aa721b527f095fd9c,sell,0x9214ec02cb71cba0ada6896b8da260736a67ab10,0xfb2cc7492a1768ce313d506310a6caf9f9302e79832d8121ba5aa0682ec52b81
43,311.933,0.27451663665,0xc9d56287b414e1aa0963016aa721b527f095fd9c,2017-11-01T16:07:44.000Z,0.00088005,0x09e396aca9535fffc68c72f880ab36e252b73a43,buy,0x9214ec02cb71cba0ada6896b8da260736a67ab10,0xfb2cc7492a1768ce313d506310a6caf9f9302e79832d8121ba5aa0682ec52b81
44,300,0.3,0xd1e1108256970af9757930d5c074771aa6648621,2017-11-01T15:47:17.000Z,0.001,0x7f4694b98adbe6bb850a753b1ace3df947cae4b1,buy,0x9214ec02cb71cba0ada6896b8da260736a67ab10,0x2dd1d57cccd384713b80887ec109e3a5adb01a22def11ad0b46e01daa014dbef
45,500,0.545,0xaf757182aa813cbd53b4dc145f3573ae71c44b07,2017-11-01T14:06:52.000Z,0.00109,0x1eaa18a0e964d346f2b5182be3f97d7aab5145b9,buy,0x9214ec02cb71cba0ada6896b8da260736a67ab10,0x61a882f5bd2ff4ffe54c019e59ff6fda24c82234768ac4299df67860a4d202c8
46,240.18044063403448,0.19455672485295583,0x1b128e5962c0fa231328bfcecd7f5d3d72e295ae,2017-11-01T13:53:22.000Z,0.000810044,0x4b7c1695c547062a0a52173053ed29a330c3a547,sell,0x9214ec02cb71cba0ada6896b8da260736a67ab10,0x1fe0ccc37b330659e24c51df784e98e54487aa8b7b2507e01c1e56e5e7686bd5
47,25,0.02125,0xd8be8871c52b91a1f4f8457baf0dc0946d931132,2017-11-01T13:52:45.000Z,0.00085,0x4b7c1695c547062a0a52173053ed29a330c3a547,sell,0x9214ec02cb71cba0ada6896b8da260736a67ab10,0x552c9acd7a60912e0a5967270494d0afd5b6c1c85b38734649a4dc8c2feb9ad8
48,500,0.56,0xaf757182aa813cbd53b4dc145f3573ae71c44b07,2017-11-01T13:48:10.000Z,0.00112,0x54409c45877a9877a724bdfc941dd5a16ac0f0c8,buy,0x9214ec02cb71cba0ada6896b8da260736a67ab10,0x6b2f6471c6c2a2ca572828747725b495d18ca8590030467cec32b061611458f4
49,1200,1.08,0x78695ad3dd1bad00cae93512eec4ebf7c7a8da63,2017-11-01T13:38:17.000Z,0.0009,0x7f4694b98adbe6bb850a753b1ace3df947cae4b1,sell,0x9214ec02cb71cba0ada6896b8da260736a67ab10,0x0cd5434999e92d673898dba6fc8b5d92c000978f7da9482c7ffa5ee037f7c5bd
50,550,0.495,0x4d25819e9de2a2eeeddca953d1ef0182680a7054,2017-11-01T13:38:17.000Z,0.0009,0x7f4694b98adbe6bb850a753b1ace3df947cae4b1,sell,0x9214ec02cb71cba0ada6896b8da260736a67ab10,0x9edfacdc0b29ee0c7fa0c247a06e71aa51552079422f85bff080eb5328270235
51,2000,1.8,0x54409c45877a9877a724bdfc941dd5a16ac0f0c8,2017-11-01T13:38:17.000Z,0.0009,0x7f4694b98adbe6bb850a753b1ace3df947cae4b1,sell,0x9214ec02cb71cba0ada6896b8da260736a67ab10,0x14ae5e11f7f54f4ae0d7bd8ea7c6aea5f8d49418406028c42cf959102963f9f6
52,621.4676009703386,0.5655355168830081,0x4d25819e9de2a2eeeddca953d1ef0182680a7054,2017-11-01T13:36:36.000Z,0.00091,0x7f4694b98adbe6bb850a753b1ace3df947cae4b1,sell,0x9214ec02cb71cba0ada6896b8da260736a67ab10,0x1c7e752a2b0fa98828b56df030a0d6f36a2ca7d1b2262ab3677a387bc1f16da0
53,1571,1.429611571,0x3d0d217074fa119d0225efa72ab866e2f2e9636f,2017-11-01T13:36:30.000Z,0.000910001,0x7f4694b98adbe6bb850a753b1ace3df947cae4b1,sell,0x9214ec02cb71cba0ada6896b8da260736a67ab10,0x42b4e285d8322a4c2b366e3ef167c39785ed22c19b1fe86c90ea1a29b8e5b9f9
54,0.03773249591603483,0.000034336571283591,0x4d25819e9de2a2eeeddca953d1ef0182680a7054,2017-11-01T13:23:29.000Z,0.0009099999999999816,0x5fb0649ecfb37ae4e94d1a5ec3c1498cf8e30ffb,sell,0x9214ec02cb71cba0ada6896b8da260736a67ab10,0x42829939c87c66674e4d0d63ebc2ae7fc1399e4d093d8fd92bd16d6278a21684
55,378.4946665337454,0.3444301465457083,0x4d25819e9de2a2eeeddca953d1ef0182680a7054,2017-11-01T13:22:28.000Z,0.00091,0x5fb0649ecfb37ae4e94d1a5ec3c1498cf8e30ffb,sell,0x9214ec02cb71cba0ada6896b8da260736a67ab10,0x5b139fe7ee84c80145872b682299c480dd5d1c66dd7b574042b6e88e80b7e727
56,444,0.404059536,0x1b128e5962c0fa231328bfcecd7f5d3d72e295ae,2017-11-01T13:21:52.000Z,0.000910044,0x5fb0649ecfb37ae4e94d1a5ec3c1498cf8e30ffb,sell,0x9214ec02cb71cba0ada6896b8da260736a67ab10,0xd2f7f05c3dda0e656eac07da52f7a215e10530e4a08722c383ef058dc900074c
57,8.141141468111517,0.010176426835139396,0xf44072eda87ede9613b6ae1b812de8a60ade27a2,2017-11-01T13:16:23.000Z,0.00125,0x48f9b81f75b3e9166d1e58413699321cc1335a08,buy,0x9214ec02cb71cba0ada6896b8da260736a67ab10,0x846c93f2ef6f2f00f4f1319b62ec1dbdb8aec5068c5b0a38075fca1d09d52318
58,8.116718043707182,0.07305046239336464,0x3d0d217074fa119d0225efa72ab866e2f2e9636f,2017-11-01T13:16:23.000Z,0.009,0xf44072eda87ede9613b6ae1b812de8a60ade27a2,sell,0x9214ec02cb71cba0ada6896b8da260736a67ab10,0x846c93f2ef6f2f00f4f1319b62ec1dbdb8aec5068c5b0a38075fca1d09d52318
59,8.973,0.080757,0x3d0d217074fa119d0225efa72ab866e2f2e9636f,2017-11-01T13:16:19.000Z,0.009,0xf44072eda87ede9613b6ae1b812de8a60ade27a2,sell,0x9214ec02cb71cba0ada6896b8da260736a67ab10,0x93ae4479dd77d6a7987a85251d2c7c5e686ca161cbe93ec7476d1fba9e4acc09
60,9,0.01125,0xf44072eda87ede9613b6ae1b812de8a60ade27a2,2017-11-01T13:16:19.000Z,0.00125,0x48f9b81f75b3e9166d1e58413699321cc1335a08,buy,0x9214ec02cb71cba0ada6896b8da260736a67ab10,0x93ae4479dd77d6a7987a85251d2c7c5e686ca161cbe93ec7476d1fba9e4acc09
61,9,0.01098,0x5ae933bfbbaa04c3e05ae56295138174ada9799c,2017-11-01T13:16:13.000Z,0.00122,0x1eaa18a0e964d346f2b5182be3f97d7aab5145b9,buy,0x9214ec02cb71cba0ada6896b8da260736a67ab10,0xc89ea273507b97cf01eaed7d71204c3b9d0626d2f41585fbc6ce0dda668b75e3
62,8.973,0.080757,0x3d0d217074fa119d0225efa72ab866e2f2e9636f,2017-11-01T13:16:13.000Z,0.009,0x5ae933bfbbaa04c3e05ae56295138174ada9799c,sell,0x9214ec02cb71cba0ada6896b8da260736a67ab10,0xc89ea273507b97cf01eaed7d71204c3b9d0626d2f41585fbc6ce0dda668b75e3
63,8.973,0.080757,0x3d0d217074fa119d0225efa72ab866e2f2e9636f,2017-11-01T13:16:05.000Z,0.009,0xf44072eda87ede9613b6ae1b812de8a60ade27a2,sell,0x9214ec02cb71cba0ada6896b8da260736a67ab10,0xc1755abcb952de86a4f52c9acf54da68c83d826a6bfe15454be2cf93a799b1e1
64,9,0.01125,0xf44072eda87ede9613b6ae1b812de8a60ade27a2,2017-11-01T13:16:05.000Z,0.00125,0x48f9b81f75b3e9166d1e58413699321cc1335a08,buy,0x9214ec02cb71cba0ada6896b8da260736a67ab10,0xf621f66c901fb3853e822a868453e37f5fee7a40e6f2e80fc628dd2dc8048112
65,9.035999999999998,0.011023919999999998,0x422d7c1f2f04e7582163d1381a436516f4de3c2a,2017-11-01T13:16:05.000Z,0.00122,0x1eaa18a0e964d346f2b5182be3f97d7aab5145b9,buy,0x9214ec02cb71cba0ada6896b8da260736a67ab10,0x4414b6547e7ddcf7d7e7e24b3d6a0671fce42f21b111e02cee1a925260bcf4d1
66,8.973,0.080757,0x3d0d217074fa119d0225efa72ab866e2f2e9636f,2017-11-01T13:16:05.000Z,0.009,0xf44072eda87ede9613b6ae1b812de8a60ade27a2,sell,0x9214ec02cb71cba0ada6896b8da260736a67ab10,0xfde0dd9581c79a84bff534e571bad1364fd571348387fc61a7d3221588dd958c
67,9,0.081,0x3d0d217074fa119d0225efa72ab866e2f2e9636f,2017-11-01T13:16:05.000Z,0.009,0xd815bbdb973fcfae73f27ddc9a135e377028c1c5,sell,0x9214ec02cb71cba0ada6896b8da260736a67ab10,0x31c0862416d7f166a80218f6395256588dcb4a574d79f522acba4d3eb14fb10a
68,9,0.01125,0xf44072eda87ede9613b6ae1b812de8a60ade27a2,2017-11-01T13:16:05.000Z,0.00125,0x48f9b81f75b3e9166d1e58413699321cc1335a08,buy,0x9214ec02cb71cba0ada6896b8da260736a67ab10,0x63d4c75a0eebba3e3f3cd05f52b24eb6fa1a8ec71ef87f57ec6e53903b4b8b36
69,9,0.081,0x3d0d217074fa119d0225efa72ab866e2f2e9636f,2017-11-01T13:16:05.000Z,0.009,0x422d7c1f2f04e7582163d1381a436516f4de3c2a,sell,0x9214ec02cb71cba0ada6896b8da260736a67ab10,0x4414b6547e7ddcf7d7e7e24b3d6a0671fce42f21b111e02cee1a925260bcf4d1
70,9.027,0.01101294,0xd815bbdb973fcfae73f27ddc9a135e377028c1c5,2017-11-01T13:16:05.000Z,0.00122,0x1eaa18a0e964d346f2b5182be3f97d7aab5145b9,buy,0x9214ec02cb71cba0ada6896b8da260736a67ab10,0x31c0862416d7f166a80218f6395256588dcb4a574d79f522acba4d3eb14fb10a
71,8.973,0.080757,0x3d0d217074fa119d0225efa72ab866e2f2e9636f,2017-11-01T13:16:05.000Z,0.009,0xf44072eda87ede9613b6ae1b812de8a60ade27a2,sell,0x9214ec02cb71cba0ada6896b8da260736a67ab10,0x63d4c75a0eebba3e3f3cd05f52b24eb6fa1a8ec71ef87f57ec6e53903b4b8b36
72,8.973,0.080757,0x3d0d217074fa119d0225efa72ab866e2f2e9636f,2017-11-01T13:16:05.000Z,0.009,0xf44072eda87ede9613b6ae1b812de8a60ade27a2,sell,0x9214ec02cb71cba0ada6896b8da260736a67ab10,0xf621f66c901fb3853e822a868453e37f5fee7a40e6f2e80fc628dd2dc8048112
73,9,0.01125,0xf44072eda87ede9613b6ae1b812de8a60ade27a2,2017-11-01T13:16:05.000Z,0.00125,0x48f9b81f75b3e9166d1e58413699321cc1335a08,buy,0x9214ec02cb71cba0ada6896b8da260736a67ab10,0xc1755abcb952de86a4f52c9acf54da68c83d826a6bfe15454be2cf93a799b1e1
74,9,0.01125,0xf44072eda87ede9613b6ae1b812de8a60ade27a2,2017-11-01T13:16:05.000Z,0.00125,0x48f9b81f75b3e9166d1e58413699321cc1335a08,buy,0x9214ec02cb71cba0ada6896b8da260736a67ab10,0xfde0dd9581c79a84bff534e571bad1364fd571348387fc61a7d3221588dd958c
75,401.2,0.489464,0x0cd2795a623adeb9370e2895e8d7526a6e4c556d,2017-11-01T12:04:43.000Z,0.00122,0x1eaa18a0e964d346f2b5182be3f97d7aab5145b9,buy,0x9214ec02cb71cba0ada6896b8da260736a67ab10,0xedbf4e7003de6d4b20c43d7e9dc1a97d1606b82274a9b92eedb09e59044e5b33
76,400,0.492,0xf845d0cf7d49304a17a40e2e1fd80ed7fbe19ed8,2017-11-01T12:04:43.000Z,0.00123,0x0cd2795a623adeb9370e2895e8d7526a6e4c556d,sell,0x9214ec02cb71cba0ada6896b8da260736a67ab10,0xedbf4e7003de6d4b20c43d7e9dc1a97d1606b82274a9b92eedb09e59044e5b33
77,550,0.6765,0xf845d0cf7d49304a17a40e2e1fd80ed7fbe19ed8,2017-11-01T12:02:14.000Z,0.00123,0x4d25819e9de2a2eeeddca953d1ef0182680a7054,sell,0x9214ec02cb71cba0ada6896b8da260736a67ab10,0x4a1a201f31de8191062339e5b8879ae209a4149a5a8767e07396105f68718557
78,287,0.287,0x795ccbc71632c79db5ed5cb3abcd2eab07807454,2017-11-01T10:53:42.000Z,0.001,0x4d25819e9de2a2eeeddca953d1ef0182680a7054,sell,0x9214ec02cb71cba0ada6896b8da260736a67ab10,0xecd2790f1b79b9229a48658e274fc8a000e583d8dba3ffe624a23848d62d37d9
79,0.8588585318884837,0.007729726786996353,0x3d0d217074fa119d0225efa72ab866e2f2e9636f,2017-11-01T09:52:35.000Z,0.009,0xf44072eda87ede9613b6ae1b812de8a60ade27a2,sell,0x9214ec02cb71cba0ada6896b8da260736a67ab10,0x94d5ffb623a7d9078ea17d96412fa68e1762cb3349514fb92ac175c0f2df1fa4
80,0.8614428604698927,0.001188791147448452,0xf44072eda87ede9613b6ae1b812de8a60ade27a2,2017-11-01T09:52:35.000Z,0.00138,0xb49fda420b9ce7334c6446af26f06225cbecb401,buy,0x9214ec02cb71cba0ada6896b8da260736a67ab10,0x94d5ffb623a7d9078ea17d96412fa68e1762cb3349514fb92ac175c0f2df1fa4
81,9.035999999999998,0.011746799999999996,0x422d7c1f2f04e7582163d1381a436516f4de3c2a,2017-11-01T09:51:48.000Z,0.0013,0x54409c45877a9877a724bdfc941dd5a16ac0f0c8,buy,0x9214ec02cb71cba0ada6896b8da260736a67ab10,0xdb296bf1988c5e692ae094409607023e21f8d6cbf94b8a417afb4fa100dbc330
82,9,0.081,0x3d0d217074fa119d0225efa72ab866e2f2e9636f,2017-11-01T09:51:48.000Z,0.009,0x422d7c1f2f04e7582163d1381a436516f4de3c2a,sell,0x9214ec02cb71cba0ada6896b8da260736a67ab10,0xdb296bf1988c5e692ae094409607023e21f8d6cbf94b8a417afb4fa100dbc330
83,1100,1.21,0x7d10bc73cc7bc1f67ff97280ee644b384ae92078,2017-11-01T08:52:27.000Z,0.0011,0x4d25819e9de2a2eeeddca953d1ef0182680a7054,sell,0x9214ec02cb71cba0ada6896b8da260736a67ab10,0x8f2c2870eb71b672c8ecb07efe241af66088a55225281b602a3ed19587a73c6d
84,910,1.1011,0x795ccbc71632c79db5ed5cb3abcd2eab07807454,2017-11-01T08:50:26.000Z,0.00121,0x1eaa18a0e964d346f2b5182be3f97d7aab5145b9,buy,0x9214ec02cb71cba0ada6896b8da260736a67ab10,0xd42776fff5e76dca0a02bd6c5319b4d84d9141fce4c4ba4ba783234e65c2f36f
85,1000,1.206,0x795ccbc71632c79db5ed5cb3abcd2eab07807454,2017-11-01T08:49:35.000Z,0.001206,0x54409c45877a9877a724bdfc941dd5a16ac0f0c8,buy,0x9214ec02cb71cba0ada6896b8da260736a67ab10,0x4d0eadf64dd77cf8f94866a70d758a740367e9cc699da47e30cb46b254677569
86,86,0.0946,0x7d10bc73cc7bc1f67ff97280ee644b384ae92078,2017-11-01T08:46:00.000Z,0.0011,0xfd2418617b08030afb197f64ec6325673b539f7c,buy,0x9214ec02cb71cba0ada6896b8da260736a67ab10,0x45cbf80689bceb14aa760f0545904191b0ab2283b074b95007b1e31d27cc7ff4
87,40.378,0.044375422,0x7d10bc73cc7bc1f67ff97280ee644b384ae92078,2017-11-01T08:45:23.000Z,0.001099,0x9da7ad646dc636de4bbc54ece8723a2bc346ca36,buy,0x9214ec02cb71cba0ada6896b8da260736a67ab10,0x889d415fd89b1d2e96006fb1133d0b6eee89c2d145515fdb3f62e32fab242c18
88,909.6215371168615,0.9996740692914308,0x7d10bc73cc7bc1f67ff97280ee644b384ae92078,2017-11-01T08:37:09.000Z,0.001099,0x9da7ad646dc636de4bbc54ece8723a2bc346ca36,buy,0x9214ec02cb71cba0ada6896b8da260736a67ab10,0x27ba1642bb7846705dd3affecbf7d16b4bde8ba51374dcd1948e632274a87b0d
89,50,0.05495,0x4d25819e9de2a2eeeddca953d1ef0182680a7054,2017-11-01T08:07:49.000Z,0.001099,0x9da7ad646dc636de4bbc54ece8723a2bc346ca36,buy,0x9214ec02cb71cba0ada6896b8da260736a67ab10,0x34f9817ae5e367cd7197c66b3c482045629dd9d44fa81f11d8c3ac14324fd58f
90,39.082830862647,0.03135224691801542,0x8b8cec1ac92cb3b3bb2a00d394aa9474f91ba05d,2017-11-01T07:34:12.000Z,0.0008022,0xf4ab2798015d5c228c43e26f98fc3b49d4c555c1,sell,0x9214ec02cb71cba0ada6896b8da260736a67ab10,0x7772d6a4314ccfe31b9341d29bdfaecc42264b21d9466f0b994b50304f9986df
91,39.87638321204267,0.03198883461270063,0x8b8cec1ac92cb3b3bb2a00d394aa9474f91ba05d,2017-11-01T07:26:46.000Z,0.0008022,0xf4ab2798015d5c228c43e26f98fc3b49d4c555c1,sell,0x9214ec02cb71cba0ada6896b8da260736a67ab10,0xe92f689f6e8d2021341297fdc7b822824718d168b68e151d7308a11d563350ea
92,307.23158209550394,0.24609249725849866,0x957de35805a9b7810000546a2f14035685969ea0,2017-11-01T06:23:15.000Z,0.000801,0x2c6dc25b5243447b3f6fc8f3205ddd0545218145,sell,0x9214ec02cb71cba0ada6896b8da260736a67ab10,0xfafd10e3c60da47b73faf30edfdf1c2fddbf423d38d48f702efe4b606700e16f
93,20,0.01800002,0xe146142131ba3daa2751d0346df4e381711c411b,2017-11-01T06:21:36.000Z,0.000900001,0x2c6dc25b5243447b3f6fc8f3205ddd0545218145,sell,0x9214ec02cb71cba0ada6896b8da260736a67ab10,0x6c76dbe4c61ccc492b882e1ceb39c79e9349070838517aa053558e86cab9c537
94,1200,0.972,0x4d25819e9de2a2eeeddca953d1ef0182680a7054,2017-11-01T06:21:36.000Z,0.00081,0x2c6dc25b5243447b3f6fc8f3205ddd0545218145,sell,0x9214ec02cb71cba0ada6896b8da260736a67ab10,0xd50fd00d77167657419aa84ac4db7b16cba7ef7665c090c8a700dfe490209f8a
95,22,0.02024,0xd8be8871c52b91a1f4f8457baf0dc0946d931132,2017-11-01T06:21:08.000Z,0.00092,0x2c6dc25b5243447b3f6fc8f3205ddd0545218145,sell,0x9214ec02cb71cba0ada6896b8da260736a67ab10,0xf1cd5f8ce7cb13b5adef0018773613b9786348e3a15c06b22b3a9e1f146994b2
96,30,0.0270003,0xf2d403aec27ef17b54b090f02fb7487d226aaa54,2017-11-01T06:21:08.000Z,0.00090001,0x2c6dc25b5243447b3f6fc8f3205ddd0545218145,sell,0x9214ec02cb71cba0ada6896b8da260736a67ab10,0x9a28c5e5e3cfe2908e5703a5f410f0ce3b4e653cd07cdd4783900f2e3bfe253c
97,300,0.270003,0xf2d403aec27ef17b54b090f02fb7487d226aaa54,2017-11-01T05:41:20.000Z,0.00090001,0x9da7ad646dc636de4bbc54ece8723a2bc346ca36,sell,0x9214ec02cb71cba0ada6896b8da260736a67ab10,0x3c702b077f88fc78fdedb4d0bf692c88897e54f74bd2937a9350015f58526c96
98,3000,2.70003,0xf2d403aec27ef17b54b090f02fb7487d226aaa54,2017-11-01T05:28:08.000Z,0.00090001,0x9da7ad646dc636de4bbc54ece8723a2bc346ca36,sell,0x9214ec02cb71cba0ada6896b8da260736a67ab10,0xe1ded06398747d5e5af6b73e0a4ad5d1e80b6b97297422085aa54b36bd05cd27
99,657.960322998704,0.5921656066194796,0x4d25819e9de2a2eeeddca953d1ef0182680a7054,2017-11-01T05:14:59.000Z,0.000900002,0x9eef45004ee9a4995bb10517f07a4dbb3f02b251,sell,0x9214ec02cb71cba0ada6896b8da260736a67ab10,0xef2fbfa32b095c31e4dccd2dd82e51509ce7e1f27ca557ff6ad265d0d013687e
100,2000,2,0xcf65c379431c70f0bc9d9886c5c9dadbd6c21a64,2017-11-01T04:07:21.000Z,0.001,0x9da7ad646dc636de4bbc54ece8723a2bc346ca36,sell,0x9214ec02cb71cba0ada6896b8da260736a67ab10,0x3820fd60cd462ed9456969be9c3ebc6c8c8c272a4e16735f203f599c8ec218f4
101,117.76866963411827,0.1177687874027879,0x54409c45877a9877a724bdfc941dd5a16ac0f0c8,2017-11-01T04:06:56.000Z,0.001000001,0x9da7ad646dc636de4bbc54ece8723a2bc346ca36,sell,0x9214ec02cb71cba0ada6896b8da260736a67ab10,0x08a0517183d7ea2723ce38155c1b27e6070371346c002acb163e012b9eac7a23
102,70.987,0.078085841974,0x6afc2d3e5bda7402f3e6279692709be8f100006d,2017-11-01T04:05:16.000Z,0.001100002,0x54409c45877a9877a724bdfc941dd5a16ac0f0c8,sell,0x9214ec02cb71cba0ada6896b8da260736a67ab10,0x925a6f5cf99529ad3ac5ce42f35b55f88224c945c2c03755db542c0712f9471a
103,997.0090511811729,0.9970100481902241,0x54409c45877a9877a724bdfc941dd5a16ac0f0c8,2017-11-01T04:00:06.000Z,0.001000001,0x9da7ad646dc636de4bbc54ece8723a2bc346ca36,sell,0x9214ec02cb71cba0ada6896b8da260736a67ab10,0x7a3f3024b799d8b1c14c0fc2765aeac77eec7474d748bc64861f2c1703318916
104,997.792398345311,0.9977933961377093,0x54409c45877a9877a724bdfc941dd5a16ac0f0c8,2017-11-01T03:46:02.000Z,0.001000001,0x9da7ad646dc636de4bbc54ece8723a2bc346ca36,sell,0x9214ec02cb71cba0ada6896b8da260736a67ab10,0x635252ef1a588c75dc99f03c5eca21321dc6a2535bcdc3afb654da51efce9055
105,548.3002691655867,0.5483008174658558,0x54409c45877a9877a724bdfc941dd5a16ac0f0c8,2017-11-01T02:13:39.000Z,0.001000001,0xec1420b16c82d73e6076a60ce368388f22dd2bc2,sell,0x9214ec02cb71cba0ada6896b8da260736a67ab10,0x28615c3f01d25f69d83277aceaed07b31d0c678db4f209e88c1a185dd27f9c94
106,45,0.05445,0x4d25819e9de2a2eeeddca953d1ef0182680a7054,2017-11-01T01:42:17.000Z,0.00121,0x1eaa18a0e964d346f2b5182be3f97d7aab5145b9,buy,0x9214ec02cb71cba0ada6896b8da260736a67ab10,0x64675dd4e200cd47aba464145fa01bf3cdcc1edfea96cfb1abbe7faf1d718013
107,0.0137,0.0000137000137,0x54409c45877a9877a724bdfc941dd5a16ac0f0c8,2017-10-31T23:57:35.000Z,0.001000001,0x6f32259c9deb25f94f7a7719d92d94e5bf0ac2fa,sell,0x9214ec02cb71cba0ada6896b8da260736a67ab10,0xbe300ea45088d590e9d846e4fce47332ca2805e2aca95e4883edb84a1080a051
108,137.95561459475627,0.13795575255037085,0x54409c45877a9877a724bdfc941dd5a16ac0f0c8,2017-10-31T23:56:51.000Z,0.001000001,0x6f32259c9deb25f94f7a7719d92d94e5bf0ac2fa,sell,0x9214ec02cb71cba0ada6896b8da260736a67ab10,0xba82312860cd0f95a482d4edf65cdcc8d1af88dbb4928903cdffd5792395451c
109,20.1,0.020100402,0xe146142131ba3daa2751d0346df4e381711c411b,2017-10-31T23:54:21.000Z,0.00100002,0x6f32259c9deb25f94f7a7719d92d94e5bf0ac2fa,sell,0x9214ec02cb71cba0ada6896b8da260736a67ab10,0xee1511782674f38e26fbfaa81aab14ac61449a3a5317daf4c9f3504d9c86ba62
110,105.141,0.115655310282,0x6afc2d3e5bda7402f3e6279692709be8f100006d,2017-10-31T23:54:09.000Z,0.001100002,0x6f32259c9deb25f94f7a7719d92d94e5bf0ac2fa,sell,0x9214ec02cb71cba0ada6896b8da260736a67ab10,0x9c84ada310098373d83f61e091713790397108f370fd79a0e60efb7a7dfd55e1
111,1.1602970790549296,0.001160298239352008,0x54409c45877a9877a724bdfc941dd5a16ac0f0c8,2017-10-31T22:58:58.000Z,0.0010000009999999993,0x8d98c9c7e663225bbd29167184d8af9f32cf15e5,sell,0x9214ec02cb71cba0ada6896b8da260736a67ab10,0xe1ba8fc7c183de86eb61267dc3c65e331dc67386bab07993fe0911614b2431d4
112,500,0.5005,0x957de35805a9b7810000546a2f14035685969ea0,2017-10-31T22:57:00.000Z,0.001001,0x8d98c9c7e663225bbd29167184d8af9f32cf15e5,sell,0x9214ec02cb71cba0ada6896b8da260736a67ab10,0x5f7f8664e85c34eccd27dfd022dae099e41292f37e42c940dfe4669653f64b8d
113,11,0.011880022,0xb20cc9af424a31f06f578ce55e01833cb3299cf2,2017-10-31T22:57:00.000Z,0.001080002,0x8d98c9c7e663225bbd29167184d8af9f32cf15e5,sell,0x9214ec02cb71cba0ada6896b8da260736a67ab10,0x7d6f39d24ffadea679d48b8bd6e848c1230e513255856f8c44845f9bc2853611
114,320,0.33600064,0x54409c45877a9877a724bdfc941dd5a16ac0f0c8,2017-10-31T22:47:04.000Z,0.001050002,0x8d98c9c7e663225bbd29167184d8af9f32cf15e5,sell,0x9214ec02cb71cba0ada6896b8da260736a67ab10,0x1bf64a05a00e62cbe311f89bc00acb59f5564f0db3b6dfb6922de4803da325bb
115,800,0.84,0x4d25819e9de2a2eeeddca953d1ef0182680a7054,2017-10-31T22:47:04.000Z,0.00105,0x8d98c9c7e663225bbd29167184d8af9f32cf15e5,sell,0x9214ec02cb71cba0ada6896b8da260736a67ab10,0x4127c14fc890374ca30f80c81b325bb2662d3ac35b619185bfa353c6210573dc
116,1000,1.08,0x4d25819e9de2a2eeeddca953d1ef0182680a7054,2017-10-31T22:47:04.000Z,0.00108,0x8d98c9c7e663225bbd29167184d8af9f32cf15e5,sell,0x9214ec02cb71cba0ada6896b8da260736a67ab10,0xd61c314e5f9c0e615fa08683a2e3d224e379032863d605d8061f976320a6ba33
117,500,0.525,0x995cb17d48effe27b4245f6a6412d87ea0492320,2017-10-31T22:47:04.000Z,0.00105,0x8d98c9c7e663225bbd29167184d8af9f32cf15e5,sell,0x9214ec02cb71cba0ada6896b8da260736a67ab10,0x75ea34285982d23e89236d69d061b426fed184337be61a11f4637a40a419e2a4
118,298.383,0.322253938383,0x22fe86d82ffc3d68c9dc286aa4f6c86b5a2c235b,2017-10-31T22:47:04.000Z,0.001080001,0x8d98c9c7e663225bbd29167184d8af9f32cf15e5,sell,0x9214ec02cb71cba0ada6896b8da260736a67ab10,0x128c828c9a0efb91a49b0f31eabfd499b746e332e23c0027f65ca03ecbd15d5e
119,1280,1.4208,0x795ccbc71632c79db5ed5cb3abcd2eab07807454,2017-10-31T22:47:00.000Z,0.00111,0x8d98c9c7e663225bbd29167184d8af9f32cf15e5,sell,0x9214ec02cb71cba0ada6896b8da260736a67ab10,0x9ed2c9cf424ff8db7cbcdaee12c92b3022fd3f3f7cd309c755d870b169a5fa49
120,316.186,0.34464274,0x4d25819e9de2a2eeeddca953d1ef0182680a7054,2017-10-31T22:45:55.000Z,0.00109,0x8d98c9c7e663225bbd29167184d8af9f32cf15e5,sell,0x9214ec02cb71cba0ada6896b8da260736a67ab10,0x84f833a7e3b49040fae089adacf7237fc1dbe9c0e3cc9eccde2c7746c7dc4ee6
121,138.133,0.1519463,0x4d25819e9de2a2eeeddca953d1ef0182680a7054,2017-10-31T22:45:55.000Z,0.0011,0x8d98c9c7e663225bbd29167184d8af9f32cf15e5,sell,0x9214ec02cb71cba0ada6896b8da260736a67ab10,0xd69df3cf7b2d14f25e93339dc259fc7478f48cde7efa98dd5626913282a3cc61
122,1000,1.09,0x0cd2795a623adeb9370e2895e8d7526a6e4c556d,2017-10-31T22:24:40.000Z,0.00109,0x9da7ad646dc636de4bbc54ece8723a2bc346ca36,buy,0x9214ec02cb71cba0ada6896b8da260736a67ab10,0x606da77f543020cc669f1b633b1313a2dcf748f7d21335daac6399d74222e381
123,378.8718390505098,0.41675978069923886,0x6afc2d3e5bda7402f3e6279692709be8f100006d,2017-10-31T22:24:40.000Z,0.001100002,0x0cd2795a623adeb9370e2895e8d7526a6e4c556d,sell,0x9214ec02cb71cba0ada6896b8da260736a67ab10,0x606da77f543020cc669f1b633b1313a2dcf748f7d21335daac6399d74222e381
124,166.43740319583466,0.18308114351541813,0x4d25819e9de2a2eeeddca953d1ef0182680a7054,2017-10-31T22:24:40.000Z,0.0011,0x0cd2795a623adeb9370e2895e8d7526a6e4c556d,sell,0x9214ec02cb71cba0ada6896b8da260736a67ab10,0x606da77f543020cc669f1b633b1313a2dcf748f7d21335daac6399d74222e381
125,451.69973083441334,0.49687015561758546,0x0a7914e4aa693e40dd5e55c78f72568be0c52884,2017-10-31T22:24:40.000Z,0.001100001,0x0cd2795a623adeb9370e2895e8d7526a6e4c556d,sell,0x9214ec02cb71cba0ada6896b8da260736a67ab10,0x606da77f543020cc669f1b633b1313a2dcf748f7d21335daac6399d74222e381
126,1000,1.1,0x4d25819e9de2a2eeeddca953d1ef0182680a7054,2017-10-31T22:22:33.000Z,0.0011,0x9da7ad646dc636de4bbc54ece8723a2bc346ca36,buy,0x9214ec02cb71cba0ada6896b8da260736a67ab10,0xa254b884091312afdbb2d19776f4e86c807fb3c529e7a86f9e44301ffe480dd0
127,45,0.05445,0x3d9ed1f909b0b08bfba8c5bb4485adada31a7319,2017-10-31T21:59:09.000Z,0.00121,0x1eaa18a0e964d346f2b5182be3f97d7aab5145b9,buy,0x9214ec02cb71cba0ada6896b8da260736a67ab10,0x73de3a4ab10382c8966c3a290a544a0d6e28ba5adce672856a0a108fa517940f
128,575.2168278337155,0.6384906788954242,0x795ccbc71632c79db5ed5cb3abcd2eab07807454,2017-10-31T18:28:02.000Z,0.00111,0x693b9c4da4ccffd528126121c711d5e6637473c3,sell,0x9214ec02cb71cba0ada6896b8da260736a67ab10,0x3485f03f5cc2bd3943b1d3374cc470e50c5a194445adb01023ff8ab61d3371a5
129,548.3002691655867,0.6031308443824145,0x0a7914e4aa693e40dd5e55c78f72568be0c52884,2017-10-31T15:58:23.000Z,0.001100001,0xc5859d4f42f0e4fc2ed10c399a7f67e8f2d834c0,sell,0x9214ec02cb71cba0ada6896b8da260736a67ab10,0x814589458a107d157f8456624ba0310264ef4bf71622dc801eafe1f0164d1cc9
130,98.6940484498056,0.10856345329478616,0x4d25819e9de2a2eeeddca953d1ef0182680a7054,2017-10-31T13:10:50.000Z,0.0011,0xd325f013d064d4769f0013bf9322179e0987b01d,sell,0x9214ec02cb71cba0ada6896b8da260736a67ab10,0x6d756a04f5d2750eca16eec665e467f1c31b36949256fc60b3ce053daffa7836
131,246.735121124514,0.2714086332369654,0x4d25819e9de2a2eeeddca953d1ef0182680a7054,2017-10-31T12:36:22.000Z,0.0011,0x4461c9e445efb0162c3b75fc9d1445dfca350ce9,sell,0x9214ec02cb71cba0ada6896b8da260736a67ab10,0xe2cc72b2b7ba64f1663b0c03a1c4287f0863d41532666664a079cb414de4f5e1
132,1000,1.21,0x061288c0332e41d187a707b15d5e76ac74f6f927,2017-10-31T09:31:02.000Z,0.00121,0x1eaa18a0e964d346f2b5182be3f97d7aab5145b9,buy,0x9214ec02cb71cba0ada6896b8da260736a67ab10,0x18cbac1cb6f126a35ba75f649c8ffade5650398a8423fd35dfa33fffd5ea8db1
133,183.81389078198916,0.2003571409523682,0x4d25819e9de2a2eeeddca953d1ef0182680a7054,2017-10-31T08:44:09.000Z,0.00109,0x105b5e3647ce8dded672844020ef7945e66c9125,sell,0x9214ec02cb71cba0ada6896b8da260736a67ab10,0xc43ba72b90d4eb939fc07407fb21525675d37807326896ed4a0a3bdfe0b46df6
134,500,0.65,0x4d25819e9de2a2eeeddca953d1ef0182680a7054,2017-10-31T06:48:06.000Z,0.0013,0x4d25819e9de2a2eeeddca953d1ef0182680a7054,buy,0x9214ec02cb71cba0ada6896b8da260736a67ab10,0x69b31d55f6b2bce68cd7de8764575d2a9435612a9b98b1ece899c9fef247a063
135,500,0.575,0x4d25819e9de2a2eeeddca953d1ef0182680a7054,2017-10-31T06:45:45.000Z,0.00115,0xc85df2ab0e639741b3691010091ed1b2d14b6c96,buy,0x9214ec02cb71cba0ada6896b8da260736a67ab10,0x9184b9486fdaa16f10660a6f2763b0c3e11f3916fbbc6529925a18514921bc17
136,153,0.18359999847,0x4d25819e9de2a2eeeddca953d1ef0182680a7054,2017-10-31T06:42:35.000Z,0.00119999999,0x9da7ad646dc636de4bbc54ece8723a2bc346ca36,buy,0x9214ec02cb71cba0ada6896b8da260736a67ab10,0xbc32e8035c5da77364ab1b10a9ee44143a0b18dec2f6cabe4136c7a37431acff
137,294.54,0.323994,0x4d25819e9de2a2eeeddca953d1ef0182680a7054,2017-10-31T06:24:28.000Z,0.0011,0x966753017a623c034625a2814978959a468dc0af,buy,0x9214ec02cb71cba0ada6896b8da260736a67ab10,0x16b4fc995a3f0ad53fcac8183e921daedcd7e102e1cb10fef5f197ba8fc9a3b9
138,1000,1.1,0x4d25819e9de2a2eeeddca953d1ef0182680a7054,2017-10-31T05:54:45.000Z,0.0011,0x966753017a623c034625a2814978959a468dc0af,buy,0x9214ec02cb71cba0ada6896b8da260736a67ab10,0xcb082ca19b7c44698a76f6810a2f8667a4e50bc9b0658b07eef780b3570fdec9
139,1000,1.09,0x4d25819e9de2a2eeeddca953d1ef0182680a7054,2017-10-31T05:45:59.000Z,0.00109,0x966753017a623c034625a2814978959a468dc0af,sell,0x9214ec02cb71cba0ada6896b8da260736a67ab10,0x73a333eaa8bdc57984ef1b1293999c2b83817e66df18c7c115f74505fc3346bf
140,451.10081476006366,0.49621089623607,0x4d25819e9de2a2eeeddca953d1ef0182680a7054,2017-10-31T05:45:59.000Z,0.0011,0x966753017a623c034625a2814978959a468dc0af,sell,0x9214ec02cb71cba0ada6896b8da260736a67ab10,0x3cfa19be34e19a627f8c70710969225a82867662e7003023aa53fa5a04970ae8
141,0.3805377759849,0.00041859155358339,0x4d25819e9de2a2eeeddca953d1ef0182680a7054,2017-10-31T05:28:01.000Z,0.0011,0xe444a40689f51f63bcd29910622035707d533d29,sell,0x9214ec02cb71cba0ada6896b8da260736a67ab10,0xb121f71c9c60082fcfec2d45e409cf795599283acaa2c155b2a3855482f5f707
142,173.51864746395145,0.1908705122103466,0x4d25819e9de2a2eeeddca953d1ef0182680a7054,2017-10-31T03:00:21.000Z,0.0011,0xacf8a13805d2f5af377adfb32eecd2a1146e3f8d,sell,0x9214ec02cb71cba0ada6896b8da260736a67ab10,0x141b06477d46f26fbdbe68305060a6f5e7c5c519265fce4510f41186784be7ee
143,324.5937593460273,0.35867610407736017,0x4d25819e9de2a2eeeddca953d1ef0182680a7054,2017-10-31T02:59:21.000Z,0.001105,0xacf8a13805d2f5af377adfb32eecd2a1146e3f8d,sell,0x9214ec02cb71cba0ada6896b8da260736a67ab10,0xd2162f54f64d03208dd8d401bd9da73a09720262b3e6415aa98ded7154958c94
144,375.4062406539727,0.4148238959226398,0x4d25819e9de2a2eeeddca953d1ef0182680a7054,2017-10-31T02:36:08.000Z,0.001105,0x93b4b6910822c9f5d3708c0161468cc1d700110e,sell,0x9214ec02cb71cba0ada6896b8da260736a67ab10,0xd68866cdc5023a7cbac3b83c59f20760b1abf77666525dc99b404c59cdc03eea
145,310,0.3472,0x4d25819e9de2a2eeeddca953d1ef0182680a7054,2017-10-31T02:30:47.000Z,0.00112,0x93b4b6910822c9f5d3708c0161468cc1d700110e,sell,0x9214ec02cb71cba0ada6896b8da260736a67ab10,0x9ebbfea9c797ddbfc4a75368ade2af0d7deefb3b3cec877ca11d4292b91f7e82
146,1,0.0016,0x4d25819e9de2a2eeeddca953d1ef0182680a7054,2017-10-31T00:51:48.000Z,0.0016,0x96c49dc213f37c596cf99fc833c8b57fc6876091,buy,0x9214ec02cb71cba0ada6896b8da260736a67ab10,0xcf7dd676b478dd48c65f32e4facf686f8f40b8e7bd6e463a93b6c36624c6aaf5
147,94,0.11279999906,0xd1e1108256970af9757930d5c074771aa6648621,2017-10-31T00:26:33.000Z,0.00119999999,0x9da7ad646dc636de4bbc54ece8723a2bc346ca36,buy,0x9214ec02cb71cba0ada6896b8da260736a67ab10,0x4ca1e0695cb32f8ad3b58fdb211f66f1cba62c5c5d7a22360db623a103e2bf0d
148,821.04,0.903144,0xd1e1108256970af9757930d5c074771aa6648621,2017-10-31T00:24:42.000Z,0.0011,0xd8c40ab89a5cf71eb1320907a594aaaa45a13e4a,buy,0x9214ec02cb71cba0ada6896b8da260736a67ab10,0x7f0572edb03a15d5984c1e4769dbe177c082d5b39f83457fbc4b9c20e2ea0b14
149,81,0.09801,0x4d25819e9de2a2eeeddca953d1ef0182680a7054,2017-10-31T00:21:52.000Z,0.00121,0x3ef010d024c6898ac17a9d448f10d7a164eadb54,buy,0x9214ec02cb71cba0ada6896b8da260736a67ab10,0x545fb5f9de2925bf9e439d24f354713da3847bddb1d6d671fdd30b296e974065
150,13.412421493370552,0.01459275482205164,0x9da7ad646dc636de4bbc54ece8723a2bc346ca36,2017-10-30T20:07:14.000Z,0.001088003,0xdf7beec4a75b0971e48530c14d67385cee710b65,sell,0x9214ec02cb71cba0ada6896b8da260736a67ab10,0xfa58696a69a8bb03046c0a26753a20e5785379231e702a115694572c0a7638d3
151,0.01,0.000011,0x0c4085d8e714ca77ac5f46cd2b80a92d238a7cd3,2017-10-30T20:02:18.000Z,0.0011,0xdf7beec4a75b0971e48530c14d67385cee710b65,buy,0x9214ec02cb71cba0ada6896b8da260736a67ab10,0xc4536c1e5784c64f6a75e644ccc1a29685c111d499ebb27c34881a728f93f440
152,89.721862227096,0.09761765526866713,0x9da7ad646dc636de4bbc54ece8723a2bc346ca36,2017-10-30T16:19:36.000Z,0.001088003,0xa30fb51883c38b64568bd64b4d56855433186563,sell,0x9214ec02cb71cba0ada6896b8da260736a67ab10,0x36028fe7e8c21e7d51c80a0bc1c797da6d6dabcd79df48721e31c8cb4882d5f4
153,144.7512710597149,0.15748981716678298,0x9da7ad646dc636de4bbc54ece8723a2bc346ca36,2017-10-30T14:41:00.000Z,0.001088003,0x620fd39abd7cd237acfc264c5e66f7bde0a2e705,sell,0x9214ec02cb71cba0ada6896b8da260736a67ab10,0x90afae773c08b977cf18fea4d11482297f25ab2a99cab4d09c8a3f0a85919028
154,320,0.3904,0x0f7130c8a23442d4099fbe86f7108831053d1065,2017-10-30T13:15:27.000Z,0.00122,0x54409c45877a9877a724bdfc941dd5a16ac0f0c8,sell,0x9214ec02cb71cba0ada6896b8da260736a67ab10,0x42137dad01a8448e7449eb4cf6127abde07519f53133b889b9e33b392710e1c9
155,119.9,0.14388,0xda65c9aef0981f922c7e9c2b9805de8c2a8b47f6,2017-10-30T11:45:47.000Z,0.0012,0x06d41af444aad04d58937c365a580fa021f48233,buy,0x9214ec02cb71cba0ada6896b8da260736a67ab10,0xffa74233913749d3720f1cbf43fcc66d6c1b2c31a994632435eb18c1a01abab9
156,870.4958540636349,1.0402425456060436,0xda65c9aef0981f922c7e9c2b9805de8c2a8b47f6,2017-10-30T11:26:40.000Z,0.001195,0x4d25819e9de2a2eeeddca953d1ef0182680a7054,buy,0x9214ec02cb71cba0ada6896b8da260736a67ab10,0x3e1486e72bfa85f1f175fe80cc5bd1687f4a4d0b27947af0a7f1b1b993d4aa6e
157,578.229,0.68809251,0xda65c9aef0981f922c7e9c2b9805de8c2a8b47f6,2017-10-30T11:24:56.000Z,0.00119,0x1eaa18a0e964d346f2b5182be3f97d7aab5145b9,buy,0x9214ec02cb71cba0ada6896b8da260736a67ab10,0xe2754a267ee5bc7a77aef77907b2fd439fedea750756b41762e9d3a1dfb91f27
158,0.000000002150313807,0.000000000002569625,0xda65c9aef0981f922c7e9c2b9805de8c2a8b47f6,2017-10-30T11:20:57.000Z,0.0011950000002953058,0x4d25819e9de2a2eeeddca953d1ef0182680a7054,buy,0x9214ec02cb71cba0ada6896b8da260736a67ab10,0x23ab6dd4b44ecfd97924d779f19507ba136801d4912e92f7911eadc468518b5b
159,0.000021660420769747,0.000000025775900716,0xda65c9aef0981f922c7e9c2b9805de8c2a8b47f6,2017-10-30T11:19:52.000Z,0.0011900000000000493,0x1eaa18a0e964d346f2b5182be3f97d7aab5145b9,buy,0x9214ec02cb71cba0ada6896b8da260736a67ab10,0x926fee0965029aeb9650db9c5917b95188121ca835482cf6772c01833b7c664d
160,0.21727568074355294,0.000258558060084828,0xda65c9aef0981f922c7e9c2b9805de8c2a8b47f6,2017-10-30T11:18:03.000Z,0.00119,0x1eaa18a0e964d346f2b5182be3f97d7aab5145b9,buy,0x9214ec02cb71cba0ada6896b8da260736a67ab10,0xc71121789965ab06a920e018d1f23413c5255c6dd3620599f055f80219f0ace2
161,321,0.38199,0x39f5306e13c3fa1b71048fa993615025f3dc34b5,2017-10-30T11:09:56.000Z,0.00119,0x1eaa18a0e964d346f2b5182be3f97d7aab5145b9,buy,0x9214ec02cb71cba0ada6896b8da260736a67ab10,0xcadbc98e7dd5440c28462951e942e7dedb68942e04bf5593de57ac5a01547b38
162,145.61653861732236,0.15726600732324678,0x22fe86d82ffc3d68c9dc286aa4f6c86b5a2c235b,2017-10-30T10:51:24.000Z,0.001080001,0x4b53727cd23065152a872c4c5dce4868a663489a,sell,0x9214ec02cb71cba0ada6896b8da260736a67ab10,0xe6571b875a23ff3851673273301b12823cb760bab460e00502034f4147fd0cd0
163,525.3559821664645,0.5715883593090777,0x07ff3463620606e7483f074c44fc25c32383bc79,2017-10-30T10:49:00.000Z,0.001088002,0x4b53727cd23065152a872c4c5dce4868a663489a,sell,0x9214ec02cb71cba0ada6896b8da260736a67ab10,0x637c94b79c80c6abc67a1eeb9c63606df11335cd70704a12ab5f10790b6f480b
164,100.55341761847258,0.11965856696598237,0x5188db3cef896033fbaf525334c410cee067792f,2017-10-30T10:17:09.000Z,0.00119,0x1eaa18a0e964d346f2b5182be3f97d7aab5145b9,buy,0x9214ec02cb71cba0ada6896b8da260736a67ab10,0x6d04ba34d08a0779502dd051e5b4c95d145613ae5495c91a7f3629209eef655a
165,4.644017833535465,0.005052700690922253,0x07ff3463620606e7483f074c44fc25c32383bc79,2017-10-30T10:14:46.000Z,0.0010880019999999998,0x28845e6e3c5a350cfadf14bf263e00fd5ec42a61,sell,0x9214ec02cb71cba0ada6896b8da260736a67ab10,0xab6b4d6a49a548bc87cc4a2c4e1af34be85fbdd49462e74d6f1c349b376e9b18
166,70,0.07616014,0x07ff3463620606e7483f074c44fc25c32383bc79,2017-10-30T10:11:52.000Z,0.001088002,0x28845e6e3c5a350cfadf14bf263e00fd5ec42a61,sell,0x9214ec02cb71cba0ada6896b8da260736a67ab10,0x3f30116cffc4da75dfc16ae778c2fcbaadc380d03858a8ef99a1ee0332179c17
167,10,0.011,0xd8be8871c52b91a1f4f8457baf0dc0946d931132,2017-10-30T10:09:42.000Z,0.0011,0x28845e6e3c5a350cfadf14bf263e00fd5ec42a61,sell,0x9214ec02cb71cba0ada6896b8da260736a67ab10,0xf3f84fb41fbf95b86baa8953102f088741aa7fa774d0a4911036effc6dbf5970
168,2.184770399980633,0.002403247439978696,0x4d25819e9de2a2eeeddca953d1ef0182680a7054,2017-10-30T10:09:42.000Z,0.0011,0x28845e6e3c5a350cfadf14bf263e00fd5ec42a61,sell,0x9214ec02cb71cba0ada6896b8da260736a67ab10,0xcf80bf90fb170009613fbcfec15741f34e262fb46fe958b16fbb36d6c885accd
169,400,0.4352008,0x07ff3463620606e7483f074c44fc25c32383bc79,2017-10-30T10:02:37.000Z,0.001088002,0x28845e6e3c5a350cfadf14bf263e00fd5ec42a61,sell,0x9214ec02cb71cba0ada6896b8da260736a67ab10,0x855db2f6c37b62848361861fae724d03016a952ca313096229a02007b1a5d275
170,11,0.012100011,0xb20cc9af424a31f06f578ce55e01833cb3299cf2,2017-10-30T10:02:04.000Z,0.001100001,0x28845e6e3c5a350cfadf14bf263e00fd5ec42a61,sell,0x9214ec02cb71cba0ada6896b8da260736a67ab10,0x09c5cf5ed10cbe54ece6ca6093246580e45f0c7a00ac9552c72753c9043388ff
171,177.58,0.19338462,0x9c232158b5e0f9a23bf9a399cd9197c7f131d13b,2017-10-30T10:02:04.000Z,0.001089,0x28845e6e3c5a350cfadf14bf263e00fd5ec42a61,sell,0x9214ec02cb71cba0ada6896b8da260736a67ab10,0xa052dc96c78a4b5c93cc743a76e7933efb0f42c54a5fd1a5465365aff63b2c0d
172,1900,2.0691,0xf2d403aec27ef17b54b090f02fb7487d226aaa54,2017-10-30T09:53:47.000Z,0.001089,0x28845e6e3c5a350cfadf14bf263e00fd5ec42a61,sell,0x9214ec02cb71cba0ada6896b8da260736a67ab10,0xd7dc5a331d6882cbd734f4c55b84bd885c57c5c374cad2ea2eb6d685760a938e
173,706,0.768834706,0x4d2a92834185cd798f0bbd3143119a9342a8df7d,2017-10-30T09:53:22.000Z,0.001089001,0x28845e6e3c5a350cfadf14bf263e00fd5ec42a61,sell,0x9214ec02cb71cba0ada6896b8da260736a67ab10,0x8c94b6ed7a63d25d5e6cafb87289a2295f79cda4bc7657d9a72bd8cee5c3b8ac
174,330,0.3597,0xf4352e9f52a5f299a3557330907623232e9b9e37,2017-10-30T09:53:22.000Z,0.00109,0x28845e6e3c5a350cfadf14bf263e00fd5ec42a61,sell,0x9214ec02cb71cba0ada6896b8da260736a67ab10,0x9c420eacd623b338f76a2b570b728c6a12ab615ea0c238795a03b0b3ab94beb4
175,45,0.053775,0x795ccbc71632c79db5ed5cb3abcd2eab07807454,2017-10-30T09:47:08.000Z,0.001195,0x4d25819e9de2a2eeeddca953d1ef0182680a7054,buy,0x9214ec02cb71cba0ada6896b8da260736a67ab10,0x868c718d665201c327983aa8520df72945ba172a07411cb2dcc64e4b5cc5d508
176,1084.5041459342149,1.2959824543913867,0x1cd746cc5562922512f2102e840c929345bba193,2017-10-30T09:40:52.000Z,0.001195,0x4d25819e9de2a2eeeddca953d1ef0182680a7054,buy,0x9214ec02cb71cba0ada6896b8da260736a67ab10,0x949beca4ed07c51e2ca3debb1ad8553ca0b9282449155a62e3fc6d35c15b737d
177,10,0.0119,0xe8e311545cc2117b7a2fcbff0b78b348ec6164e8,2017-10-30T09:26:32.000Z,0.00119,0xdc8e809056056ad4cf9fb81ea6c769da121bbd85,buy,0x9214ec02cb71cba0ada6896b8da260736a67ab10,0x09e3693825692f0fe1dcc2742d017ebc83eb319431d43b21ccbc224694201fa9
178,500,0.5450005,0x42f69c6ad371b450e18e52fb8e7046533742b91a,2017-10-30T09:22:53.000Z,0.001090001,0x28845e6e3c5a350cfadf14bf263e00fd5ec42a61,sell,0x9214ec02cb71cba0ada6896b8da260736a67ab10,0xc0af4f217b28160e306f713360e32c8ef42803f472597ea2fd2316ba1883617b
179,416.507,0.456075165,0x9c232158b5e0f9a23bf9a399cd9197c7f131d13b,2017-10-30T09:22:53.000Z,0.001095,0x28845e6e3c5a350cfadf14bf263e00fd5ec42a61,sell,0x9214ec02cb71cba0ada6896b8da260736a67ab10,0xa610e5f4281f745ce90cdceaba6c5b6dd3d52edf04cbc5ae134bcafd7b1ab2ce
180,2500,2.775,0x795ccbc71632c79db5ed5cb3abcd2eab07807454,2017-10-30T09:22:08.000Z,0.00111,0x28845e6e3c5a350cfadf14bf263e00fd5ec42a61,sell,0x9214ec02cb71cba0ada6896b8da260736a67ab10,0x613802e49534b9dd2964b117d78b931da6062109e8bd6c6ac4572043e0ad8e3d
181,1000,1.10001,0x9da7ad646dc636de4bbc54ece8723a2bc346ca36,2017-10-30T09:22:08.000Z,0.00110001,0x28845e6e3c5a350cfadf14bf263e00fd5ec42a61,sell,0x9214ec02cb71cba0ada6896b8da260736a67ab10,0xc902f8d7ad302941a2dadfd0126da1ff8015d0e165c2348fb15fd2bb65b3b4ca
182,83.4927218409327,0.09142453041582131,0x9c232158b5e0f9a23bf9a399cd9197c7f131d13b,2017-10-30T08:01:31.000Z,0.001095,0x1d5321e125f6c7079a716705541c7b371ca79e69,sell,0x9214ec02cb71cba0ada6896b8da260736a67ab10,0x8b72cbe0267beeec43e3e6996fd6c33c49da1f3774f9a4b76297c91a3b963fc8
183,83.74320000645551,0.08960522400690739,0x1d5321e125f6c7079a716705541c7b371ca79e69,2017-10-30T08:01:31.000Z,0.00107,0xe9d0055fa61f80727fc6bcef2cea1bfa2be5cd6b,buy,0x9214ec02cb71cba0ada6896b8da260736a67ab10,0x8b72cbe0267beeec43e3e6996fd6c33c49da1f3774f9a4b76297c91a3b963fc8
184,726.0720295935639,0.7986792325529203,0x4d25819e9de2a2eeeddca953d1ef0182680a7054,2017-10-30T08:01:09.000Z,0.0011,0x273a5d3e6721b9f5c1a6474f560c1334c63dda01,sell,0x9214ec02cb71cba0ada6896b8da260736a67ab10,0x405318f33aadb1a34ef39e20c02e78625aea772507e495f175959dffe2005b40
185,728.2567999935445,0.7792347759930927,0x273a5d3e6721b9f5c1a6474f560c1334c63dda01,2017-10-30T08:01:09.000Z,0.00107,0xe9d0055fa61f80727fc6bcef2cea1bfa2be5cd6b,buy,0x9214ec02cb71cba0ada6896b8da260736a67ab10,0x405318f33aadb1a34ef39e20c02e78625aea772507e495f175959dffe2005b40
186,1351.8786323176842,1.4870664955494524,0x4d25819e9de2a2eeeddca953d1ef0182680a7054,2017-10-30T07:28:01.000Z,0.0011,0xcef01dfe48077d5ea00cf1ffd949c62026af577e,sell,0x9214ec02cb71cba0ada6896b8da260736a67ab10,0x97cbd67caa160fea2d99a792368213cf04158aa807ee5cc20c8f8b9b37d46d33
187,160,0.17600176,0xcb5af8f7e1c95aeb566cf675456f7be8965bd292,2017-10-30T07:22:43.000Z,0.001100011,0xcef01dfe48077d5ea00cf1ffd949c62026af577e,sell,0x9214ec02cb71cba0ada6896b8da260736a67ab10,0x5555cfbc6f5d19d9eb29ab8fff6de5dab74a21dbfd4ac64f2967dd01f265369b
188,84.35155906778355,0.09278781154482979,0xff3baeddc9d2fdfedf591adec76546365230b2e3,2017-10-30T07:22:43.000Z,0.001100013,0xcef01dfe48077d5ea00cf1ffd949c62026af577e,sell,0x9214ec02cb71cba0ada6896b8da260736a67ab10,0x5c2fd4d2c9d8c67d54c8d24065c001b620d0b4fa98dd22fbc38563969b020f1a
189,373.5,0.410853735,0x70629d245c50a2cad3868c33dbb0d24df4edd8b3,2017-10-30T07:22:43.000Z,0.00110001,0xcef01dfe48077d5ea00cf1ffd949c62026af577e,sell,0x9214ec02cb71cba0ada6896b8da260736a67ab10,0x9baecbc06ab66456afd3bfa40d4451489904f5ec0a40511c0feafa4bdf2f7d63
190,59.241351809390885,0.0651662571279035,0xff3baeddc9d2fdfedf591adec76546365230b2e3,2017-10-30T07:03:32.000Z,0.001100013,0xccf13c050f1be41bcbeb9e6d1178f6b510beab89,sell,0x9214ec02cb71cba0ada6896b8da260736a67ab10,0xcea672ce14e8e4934e846b4e329017a026b61950bf8316ce3328dc57a00e4f8c
191,125,0.14375,0x4d25819e9de2a2eeeddca953d1ef0182680a7054,2017-10-30T07:00:38.000Z,0.00115,0xccf13c050f1be41bcbeb9e6d1178f6b510beab89,sell,0x9214ec02cb71cba0ada6896b8da260736a67ab10,0x93b12b2e9efbbf461d3a7fd0bc8af3622811ce0fda699121fce3073bcaa7569c
192,75,0.08625,0x4d25819e9de2a2eeeddca953d1ef0182680a7054,2017-10-30T06:29:58.000Z,0.00115,0xcef01dfe48077d5ea00cf1ffd949c62026af577e,sell,0x9214ec02cb71cba0ada6896b8da260736a67ab10,0x1ab92699241bc9e1f458b42a4ce2a68f53edfae73cc3e3e3339d4802402aa6d4
193,343,0.409885,0x4d25819e9de2a2eeeddca953d1ef0182680a7054,2017-10-30T05:48:15.000Z,0.001195,0xfbf7dc0756a9768d0c71aea5f8421f3b1eaee7d1,buy,0x9214ec02cb71cba0ada6896b8da260736a67ab10,0xd951c6355e726b322df10c8cd5e0bc53f9d5a5eb5450cd5d5ddbfbf77c15bb15
194,271.4086332369654,0.29854949656066193,0x4d25819e9de2a2eeeddca953d1ef0182680a7054,2017-10-30T03:05:56.000Z,0.0011,0xd9ec0e1a53b799b009aeef95d9e7a4bba7f41538,sell,0x9214ec02cb71cba0ada6896b8da260736a67ab10,0x16dce70bbcf90a3044a71d8b4f8f0b183f8f7a1e69db7d1472570a4ff3281859
195,0.3345667694901,0.00036802344643911,0x4d25819e9de2a2eeeddca953d1ef0182680a7054,2017-10-30T02:56:29.000Z,0.0011,0x16e5d97bbc92417e051e3b2cabfbf8ceea2acb9c,sell,0x9214ec02cb71cba0ada6896b8da260736a67ab10,0x4fb3cf99271b289c98200b211fe922a64ee1902141da447a6b052b69a21b6eea
196,3307.0362537334972,3.604669516569512,0xff3baeddc9d2fdfedf591adec76546365230b2e3,2017-10-30T01:05:04.000Z,0.00109,0xd3a5e587ff77541e849f85f6dc00abf4080b989a,sell,0x9214ec02cb71cba0ada6896b8da260736a67ab10,0xe4209a9865c0e92907a9abcd19c6e9933c5de063bca3a1e486567598c2f146a5
197,3317.288,3.61584392,0xd3a5e587ff77541e849f85f6dc00abf4080b989a,2017-10-30T00:55:57.000Z,0.00109,0xd3a5e587ff77541e849f85f6dc00abf4080b989a,buy,0x9214ec02cb71cba0ada6896b8da260736a67ab10,0xac4ea7506d58ba62259162bfc41cb1f0d2019df35bd3fd801c4fe823f1fc7047
198,1280,1.39264128,0x4d2a92834185cd798f0bbd3143119a9342a8df7d,2017-10-30T00:19:44.000Z,0.001088001,0xd3a5e587ff77541e849f85f6dc00abf4080b989a,sell,0x9214ec02cb71cba0ada6896b8da260736a67ab10,0xea591132ca8b23040e3f48acd5587629285f4c58953749032afef1ec3b072792
199,485.0218682751038,0.528091810177933,0x3936968cf999728de3dbf7afecb7ee3d9c02b381,2017-10-30T00:19:34.000Z,0.0010888,0xd3a5e587ff77541e849f85f6dc00abf4080b989a,sell,0x9214ec02cb71cba0ada6896b8da260736a67ab10,0x85bac507b267c86a25681e76f0bcacb2c1e75b50d5b5f0e5596dfb6e3da5a91d
200,300,0.3267,0xe4bbba7bedcb7bab98a14e59a723d4338abc1e62,2017-10-30T00:19:34.000Z,0.001089,0xd3a5e587ff77541e849f85f6dc00abf4080b989a,sell,0x9214ec02cb71cba0ada6896b8da260736a67ab10,0x7435c1de9c03d883f73eb0bdde0b3d2d9df145ea96e3befa21847c4bb7ec1c04
201,5.658,0.0062238,0xd3a5e587ff77541e849f85f6dc00abf4080b989a,2017-10-29T23:09:35.000Z,0.0011,0xe8b6530aec8c1197444d2b1259846f2d1c4549de,buy,0x9214ec02cb71cba0ada6896b8da260736a67ab10,0x606d075d4f95bda0ddbb345373eb5d362a83cc1ae97c7a51192bebc05e2f9b68
202,8.743709699930216,0.009607238469895325,0x3936968cf999728de3dbf7afecb7ee3d9c02b381,2017-10-29T23:00:00.000Z,0.0010987599999999998,0xe8b6530aec8c1197444d2b1259846f2d1c4549de,sell,0x9214ec02cb71cba0ada6896b8da260736a67ab10,0x5d5f67d711c03b049745683813ceb67149bbb1d91ce68e1d6737c7610ed2b729
203,1515.858,1.63718727432,0xa2fcc08aad98b17094d8215b8d75b7b73a1337d3,2017-10-29T22:59:02.000Z,0.00108004,0xe8b6530aec8c1197444d2b1259846f2d1c4549de,sell,0x9214ec02cb71cba0ada6896b8da260736a67ab10,0x776117aad80ea4312a6ae9fe0b4a2b97cbe4a33f17dfff27a450b9e944a8d728
204,822.4197235378737,0.8956150789327445,0x9c232158b5e0f9a23bf9a399cd9197c7f131d13b,2017-10-29T22:58:07.000Z,0.001089,0xe8b6530aec8c1197444d2b1259846f2d1c4549de,sell,0x9214ec02cb71cba0ada6896b8da260736a67ab10,0x7be86e57f3c981ba5ebd08799abbd58e495fbfb82aeeccb23f5388c55b74c699
205,278.44069007669015,0.303778792873669,0x07ff3463620606e7483f074c44fc25c32383bc79,2017-10-29T22:57:47.000Z,0.001091,0xe8b6530aec8c1197444d2b1259846f2d1c4549de,sell,0x9214ec02cb71cba0ada6896b8da260736a67ab10,0xc99ebe9d67be2a2978100399bf7eae1e4af71f0c3ea34ff2a1375e330725cbb8
206,279.62735410858284,0.34394164555355683,0x691471873c5fd418872d0964ffce4bbf505d45b1,2017-10-29T22:48:24.000Z,0.00123,0x1eaa18a0e964d346f2b5182be3f97d7aab5145b9,buy,0x9214ec02cb71cba0ada6896b8da260736a67ab10,0x9e37868251c877a98366734e3700791cc929b8fba26b264a698289842d7d5086
207,1000,1.099,0x9da7ad646dc636de4bbc54ece8723a2bc346ca36,2017-10-29T22:40:23.000Z,0.001099,0xd3a5e587ff77541e849f85f6dc00abf4080b989a,sell,0x9214ec02cb71cba0ada6896b8da260736a67ab10,0x3619a8fa7431d33be5036f5efe8a89faf6f7f3a8288e6d38e817003785d1d640
208,1,0.001110301,0xf36990a2cb4d609e0a7d4f3bf884c0342d81fd3d,2017-10-29T22:22:04.000Z,0.001110301,0xe8b6530aec8c1197444d2b1259846f2d1c4549de,sell,0x9214ec02cb71cba0ada6896b8da260736a67ab10,0x9fb590d7d66fb3ed6ce990a875dab3e83962e2a7cb34f78a6f26255699fb56c0
209,394.7761937992224,0.43070082743495164,0x07ff3463620606e7483f074c44fc25c32383bc79,2017-10-29T21:03:53.000Z,0.001091,0x5acca8e15f3ab7a93e49e77487e1e4e623b94148,sell,0x9214ec02cb71cba0ada6896b8da260736a67ab10,0x049372737dc052180ae7e21d35c34fc0cda3f09d589b5bc0771a1685ffb140d6
210,199.38191766651377,0.2631841313197982,0xd0226d1336fb8b157090199f735cbd499dc37854,2017-10-29T19:26:17.000Z,0.00132,0xacf8a13805d2f5af377adfb32eecd2a1146e3f8d,buy,0x9214ec02cb71cba0ada6896b8da260736a67ab10,0x44b5495f62dbf161465a8953065662294b560a7fa442f109ee822301b8faee68
211,0.016112799588168938,0.000021268895456383,0xd0226d1336fb8b157090199f735cbd499dc37854,2017-10-29T19:23:15.000Z,0.00132,0xacf8a13805d2f5af377adfb32eecd2a1146e3f8d,buy,0x9214ec02cb71cba0ada6896b8da260736a67ab10,0xbd578e26510d4a6dcc5ac0d1dafd66c5bf4cc431ddc6f7b54cd60d2e8377d834
212,274.1501345827933,0.2990977968298275,0x07ff3463620606e7483f074c44fc25c32383bc79,2017-10-29T19:15:18.000Z,0.001091,0x7b75f70907a300672beb8137fe0f4e6535b9b03d,sell,0x9214ec02cb71cba0ada6896b8da260736a67ab10,0xc56b280336ac48c1b22058caf848630e781a3d3fe41823ddc6c2463adeb6aa50
213,77.36018377282875,0.09670022971603594,0xd0226d1336fb8b157090199f735cbd499dc37854,2017-10-29T18:59:38.000Z,0.00125,0x1eaa18a0e964d346f2b5182be3f97d7aab5145b9,buy,0x9214ec02cb71cba0ada6896b8da260736a67ab10,0x49f6c53db9e78d3b549a459bc69e90b60d699c597921f009c0c6577188e0b646
214,52.63298154129408,0.05742258286155184,0x07ff3463620606e7483f074c44fc25c32383bc79,2017-10-29T18:13:52.000Z,0.001091,0xf7f1196baa8faabdc1268a4afc8c704e1b13a62a,sell,0x9214ec02cb71cba0ada6896b8da260736a67ab10,0x9445c6f5fda3bc701e1717255e63ed23f5dd91383223a4a14724f70b7787bc1d
215,0.003856215927912275,0.000004281556544761,0xd0226d1336fb8b157090199f735cbd499dc37854,2017-10-29T18:11:24.000Z,0.0011103000000000003,0xf7f1196baa8faabdc1268a4afc8c704e1b13a62a,buy,0x9214ec02cb71cba0ada6896b8da260736a67ab10,0xf2eb6bfd3f9310645ac2f93807174ecfe4dc47043b868ec217b1cd6712486a1a
216,265.3105254389116,0.3316381567986395,0x28ed0ada17bb25e719bfcd67f486c631cf901ffe,2017-10-29T17:44:13.000Z,0.00125,0x1eaa18a0e964d346f2b5182be3f97d7aab5145b9,buy,0x9214ec02cb71cba0ada6896b8da260736a67ab10,0xda1ac188a1f8e8cedaf9cf535bd75b30f18151a6fc1614ba8dcf00295760b90c
217,342.3387498753863,0.37314923736417105,0xfbf7dc0756a9768d0c71aea5f8421f3b1eaee7d1,2017-10-29T16:50:40.000Z,0.00109,0xf6c3fa243990868e8536f63123905577f8203497,sell,0x9214ec02cb71cba0ada6896b8da260736a67ab10,0xef2ef2e89d3704b0b06a6f269ec7d728e242c27916070899658d55cc6930e687
218,1000,1.091,0x07ff3463620606e7483f074c44fc25c32383bc79,2017-10-29T16:49:43.000Z,0.001091,0xf6c3fa243990868e8536f63123905577f8203497,sell,0x9214ec02cb71cba0ada6896b8da260736a67ab10,0x2ef21d148aaaaa3a9005cc62ec94787a2796afe59e491c7e075f359998516a5d
219,1000,1.28,0x6b97c3ca0c0bca75dccdc29ad07a9aae6b1e2b0c,2017-10-29T15:33:56.000Z,0.00128,0xfbf7dc0756a9768d0c71aea5f8421f3b1eaee7d1,buy,0x9214ec02cb71cba0ada6896b8da260736a67ab10,0x6e9b055d637a356830ece053dbf9e2a8c4fb03a6e6ac4a34f775da9121f2fdf1
220,40,0.0508,0xc1c59390f2aaa7def424605d96769ef7a7c64916,2017-10-29T15:01:29.000Z,0.00127,0x1eaa18a0e964d346f2b5182be3f97d7aab5145b9,buy,0x9214ec02cb71cba0ada6896b8da260736a67ab10,0x6e816c388f6006ea528ba730d96e956402e748cb194a782b45ad0a12bbfd6f9d
221,27.648290300069785,0.030378835450104676,0x3936968cf999728de3dbf7afecb7ee3d9c02b381,2017-10-29T14:44:56.000Z,0.00109876,0xb622dd83e08f62d823eb7f622f96ee1d853d2ba5,sell,0x9214ec02cb71cba0ada6896b8da260736a67ab10,0x9429d8ba9a8fc0cce3989e99a22c80c74700ca767833d3ee5a0df13f2d27c9c0
222,70,0.077,0x5f0ab7f2422038ad38a818a9f7a4ea4f832e1dbe,2017-10-29T14:42:52.000Z,0.0011,0xb622dd83e08f62d823eb7f622f96ee1d853d2ba5,sell,0x9214ec02cb71cba0ada6896b8da260736a67ab10,0xa6776cc78208f6a8362e623d9ef239e158061b967a9b54bbd029bad3bf4287ac
223,277.7399251234895,0.3024035082143805,0x99bc37ffa8c3b9e6f4792abf009cc294b34947bc,2017-10-29T13:44:20.000Z,0.001088801,0xe4ef6a44061b9c4fbf67b404c9eed0ab015778b9,sell,0x9214ec02cb71cba0ada6896b8da260736a67ab10,0x84184b2147c942b78f217099b260f305b03a02828baf544cdef73b3141065ac2
224,1200,1.306656,0xd2fa772e0f27f2e72f6952333660be32f509666f,2017-10-29T13:43:24.000Z,0.00108888,0xe4ef6a44061b9c4fbf67b404c9eed0ab015778b9,sell,0x9214ec02cb71cba0ada6896b8da260736a67ab10,0x157ce7b65f918244f8b4108f3a74c6e64e57ebf383a84a017e461b874ad694c9
225,300,0.33,0x8990fe450374c061dd344ff1d31fe62df6ea30b5,2017-10-29T13:42:18.000Z,0.0011,0xe4ef6a44061b9c4fbf67b404c9eed0ab015778b9,sell,0x9214ec02cb71cba0ada6896b8da260736a67ab10,0xdfd65e5c3c39f634a8ac56520ac9826cb86efe7375e457ede7fab17be3b56a24
226,205.037,0.2276525811,0x877f11895defdaa53b5b56f8f298cc6062438c8e,2017-10-29T13:40:55.000Z,0.0011103,0xe4ef6a44061b9c4fbf67b404c9eed0ab015778b9,sell,0x9214ec02cb71cba0ada6896b8da260736a67ab10,0x9df052514a467319c2f3a768df60ae04154158f2465245bc3d06e2996c9234f6
227,240.2439930889859,0.26426839239788447,0xf7bc4e2c7c7e42d808ce3b510ae6d06e887eff7d,2017-10-29T13:39:49.000Z,0.0011,0xe4ef6a44061b9c4fbf67b404c9eed0ab015778b9,sell,0x9214ec02cb71cba0ada6896b8da260736a67ab10,0x599f4de0f470811377851ef004f9b2003e4de1363f9686f2ed2e7a645ed47dac
228,177.54959625162,0.19796797737015254,0x9da7ad646dc636de4bbc54ece8723a2bc346ca36,2017-10-29T13:39:24.000Z,0.001115001,0xe4ef6a44061b9c4fbf67b404c9eed0ab015778b9,sell,0x9214ec02cb71cba0ada6896b8da260736a67ab10,0x2ec49c9945e3972a72b2dd6a4c1a7bba81f35a17e00f364bb297500b98dc5ffc
229,1000,1.13,0x9c232158b5e0f9a23bf9a399cd9197c7f131d13b,2017-10-29T13:31:36.000Z,0.00113,0xe4ef6a44061b9c4fbf67b404c9eed0ab015778b9,sell,0x9214ec02cb71cba0ada6896b8da260736a67ab10,0x87a1cca46bb901068f9ffeb365efab8ea027757b3aa1f98379aba87ba147b16b
230,1000,1.135,0xfbf7dc0756a9768d0c71aea5f8421f3b1eaee7d1,2017-10-29T13:30:26.000Z,0.001135,0xe4ef6a44061b9c4fbf67b404c9eed0ab015778b9,sell,0x9214ec02cb71cba0ada6896b8da260736a67ab10,0xfbf5f1d7aa9c5b4e53a55b4e6c9badfab63a6222f702000110a89caf81ef3cd9
231,400,0.456,0x4d25819e9de2a2eeeddca953d1ef0182680a7054,2017-10-29T13:30:00.000Z,0.00114,0xe4ef6a44061b9c4fbf67b404c9eed0ab015778b9,sell,0x9214ec02cb71cba0ada6896b8da260736a67ab10,0xcedc7529bd7bdf57165567f1cad215f4a0ad7c45b5b312631a3fc6a1947fe497
232,1,0.002099,0x4d25819e9de2a2eeeddca953d1ef0182680a7054,2017-10-29T12:46:09.000Z,0.002099,0xa86d6ff058c34b38aa35b2893f45a362de891242,buy,0x9214ec02cb71cba0ada6896b8da260736a67ab10,0x95cfdef8ac6f4abd6f884da933cbd1ae6f8d36aa9ce765c40a68d03c10b29a8e
233,296.608543968,0.33665069740368,0x4d25819e9de2a2eeeddca953d1ef0182680a7054,2017-10-29T12:34:24.000Z,0.001135,0x31372c9425e2ba853e9d1be4374727f8f7c3b8f7,buy,0x9214ec02cb71cba0ada6896b8da260736a67ab10,0x2813890979263f12d0e1118f420a56003c1d7366011be09145496d1abf62bf7b
234,720,0.94968,0x795ccbc71632c79db5ed5cb3abcd2eab07807454,2017-10-29T12:03:06.000Z,0.001319,0xd3a5e587ff77541e849f85f6dc00abf4080b989a,buy,0x9214ec02cb71cba0ada6896b8da260736a67ab10,0xe28b82e5d7503a77ed7655b1986b944e41730a3fec9c5a01ae40af3aa2c880df
235,500,0.645,0xaf757182aa813cbd53b4dc145f3573ae71c44b07,2017-10-29T11:10:34.000Z,0.00129,0x1eaa18a0e964d346f2b5182be3f97d7aab5145b9,buy,0x9214ec02cb71cba0ada6896b8da260736a67ab10,0xab6d8c1037c1292375899b72ee3a86150f869d089675248fc41e9f07ae8561b4
236,888,0.991008,0xea7302e16118f0a1e91d8e9e03f9b98c0d4fb06a,2017-10-29T10:52:16.000Z,0.001116,0xd3a5e587ff77541e849f85f6dc00abf4080b989a,sell,0x9214ec02cb71cba0ada6896b8da260736a67ab10,0x45fb51e4553094511ea95f9f6a1f65f5b7f69c5576004928b45ec29f0e9216a5
237,822.45040374838,0.9170330226298474,0x9da7ad646dc636de4bbc54ece8723a2bc346ca36,2017-10-29T10:06:34.000Z,0.001115001,0xab8f0799acb97942d88a12a167da5d9d27b45a38,sell,0x9214ec02cb71cba0ada6896b8da260736a67ab10,0xac5b7b66d6fc491e1952096245829d6befd8c2ac95e349859d18d16bb7340dbb
238,1116.5387299371946,1.2281926029309143,0xf7bc4e2c7c7e42d808ce3b510ae6d06e887eff7d,2017-10-29T07:56:34.000Z,0.0011,0x3814a2f48bc96d73ef786b7b443e075c70617c76,sell,0x9214ec02cb71cba0ada6896b8da260736a67ab10,0xd25b6bd02d6ac6ba109754dd69b6171be6f29b52ced4390165b55bdb8851adc8
239,1000,1.110302,0xa3b2ceb252ec28d6bb74c78831ebfa56829ff4ed,2017-10-29T07:50:33.000Z,0.001110302,0x3814a2f48bc96d73ef786b7b443e075c70617c76,sell,0x9214ec02cb71cba0ada6896b8da260736a67ab10,0x0a9c40aa16a179e84d4240615e60f389d36e2a2ca5e510eed257fac7999bc059
240,294.9625090718772,0.32749687382250525,0x877f11895defdaa53b5b56f8f298cc6062438c8e,2017-10-29T03:07:59.000Z,0.0011103,0xb35b418fd5a73b8d2531b1a8a99a07664fda4cd3,sell,0x9214ec02cb71cba0ada6896b8da260736a67ab10,0x8a6384dcead40f6ae972b441b41a3ff2626ecaa408b92cb31f14fc4272840125
241,750,0.832725,0x877f11895defdaa53b5b56f8f298cc6062438c8e,2017-10-29T01:41:53.000Z,0.0011103,0x4d25819e9de2a2eeeddca953d1ef0182680a7054,sell,0x9214ec02cb71cba0ada6896b8da260736a67ab10,0x4621fff4ca1305f99b8e77d9c5491c823449781a4383bc96f876752167f63647
242,0.000002433966992481,0.0000000032371761,0xefb5717e387fd3e000751389b71c2a3a12c6cb2b,2017-10-29T00:27:36.000Z,0.0013300000000001108,0x6e5ab10cb48232e95e871873d02d7aa38f8c0e27,buy,0x9214ec02cb71cba0ada6896b8da260736a67ab10,0x7134e34ec0db5cdaec447ebdc56faff07c097a0397e8b4594b119bfa8bc68459
243,0.024415122893466167,0.00003247211344831,0xefb5717e387fd3e000751389b71c2a3a12c6cb2b,2017-10-29T00:21:00.000Z,0.00133,0x6e5ab10cb48232e95e871873d02d7aa38f8c0e27,buy,0x9214ec02cb71cba0ada6896b8da260736a67ab10,0x9062f7c47b35cebd573a86612efd0f8566284521c87bb682dcd9804006cdb7cf
244,19.576,0.02564456,0x418093bc5a2c439652b29cce5daa04df002db800,2017-10-28T22:55:28.000Z,0.00131,0x22eb520ce1f1eaffade7c4ff769fff8599c1b24a,buy,0x9214ec02cb71cba0ada6896b8da260736a67ab10,0x1614b20e833653a76067483078e858f0dcdf487ff8a9da7a6b138ec577fd9a74
245,1000,1.32,0x418093bc5a2c439652b29cce5daa04df002db800,2017-10-28T22:52:13.000Z,0.00132,0x1eaa18a0e964d346f2b5182be3f97d7aab5145b9,buy,0x9214ec02cb71cba0ada6896b8da260736a67ab10,0x0269647ecc6d4015af6528b5be3dc14374169736065a4827eca5c2ea43713516
246,113.92830534351145,0.12404525278632061,0x1d5321e125f6c7079a716705541c7b371ca79e69,2017-10-28T21:15:07.000Z,0.001088801,0xee88b84a838e94bf43d659b544fe847a0228cce7,buy,0x9214ec02cb71cba0ada6896b8da260736a67ab10,0xc5b7b8422a1700033e342ce8279edd7c4674a9a390a548c9f45c56675d5d0ffb
247,113.58754271536536,0.12494629698690189,0xf7bc4e2c7c7e42d808ce3b510ae6d06e887eff7d,2017-10-28T21:15:07.000Z,0.0011,0x1d5321e125f6c7079a716705541c7b371ca79e69,sell,0x9214ec02cb71cba0ada6896b8da260736a67ab10,0xc5b7b8422a1700033e342ce8279edd7c4674a9a390a548c9f45c56675d5d0ffb
248,0.23928215353938184,0.000287141216350947,0xadfac97883d508f98bf12e07a22a5348598a5a16,2017-10-28T21:14:49.000Z,0.0012000109999999993,0x1d5321e125f6c7079a716705541c7b371ca79e69,sell,0x9214ec02cb71cba0ada6896b8da260736a67ab10,0x8b406e36e37bade38879a652f9c4238895ad0d809c6f521dcd1bcaae2e9c6928
249,0.24,0.000264,0x1d5321e125f6c7079a716705541c7b371ca79e69,2017-10-28T21:14:49.000Z,0.0011,0xee88b84a838e94bf43d659b544fe847a0228cce7,buy,0x9214ec02cb71cba0ada6896b8da260736a67ab10,0x8b406e36e37bade38879a652f9c4238895ad0d809c6f521dcd1bcaae2e9c6928
250,3.828175572519084,0.00501491,0x289c7209887dcc05a91655f1d6a466ae8bd41de3,2017-10-28T21:08:48.000Z,0.00131,0x273a5d3e6721b9f5c1a6474f560c1334c63dda01,sell,0x9214ec02cb71cba0ada6896b8da260736a67ab10,0xef27e60198038a3c9abfb63e86d55e1f9cca1e98e19596e1d16a9b90df0e96a6
251,3.839694656488549,0.004223664122137404,0x273a5d3e6721b9f5c1a6474f560c1334c63dda01,2017-10-28T21:08:48.000Z,0.0011,0xee88b84a838e94bf43d659b544fe847a0228cce7,buy,0x9214ec02cb71cba0ada6896b8da260736a67ab10,0xef27e60198038a3c9abfb63e86d55e1f9cca1e98e19596e1d16a9b90df0e96a6
252,480.6027693099096,0.6440077108752789,0x28ed0ada17bb25e719bfcd67f486c631cf901ffe,2017-10-28T21:03:51.000Z,0.00134,0x1eaa18a0e964d346f2b5182be3f97d7aab5145b9,buy,0x9214ec02cb71cba0ada6896b8da260736a67ab10,0x0669bd8970d0420c54203f7a12340d7bf2fef952502e457ef31dd9b98e29c2d6
253,31.563198413793245,0.04134778992206915,0x28ed0ada17bb25e719bfcd67f486c631cf901ffe,2017-10-28T20:57:14.000Z,0.00131,0x22eb520ce1f1eaffade7c4ff769fff8599c1b24a,buy,0x9214ec02cb71cba0ada6896b8da260736a67ab10,0xa2b51a09f128063cb152a8a90a358a3072f5f0bfe4cbc343f72141b9127ae2bd
254,0.3816793893129771,0.0005,0x34f9560c63078eb61872a4dc2ccd20e21c34feaf,2017-10-28T20:56:44.000Z,0.00131,0x22eb520ce1f1eaffade7c4ff769fff8599c1b24a,buy,0x9214ec02cb71cba0ada6896b8da260736a67ab10,0x09692e41e83be72cc6025098c90bb5c9d1868e0ec74a1330647ec3dee67dee87
255,0.3816793893129771,0.0005,0xe444a40689f51f63bcd29910622035707d533d29,2017-10-28T20:56:37.000Z,0.00131,0x22eb520ce1f1eaffade7c4ff769fff8599c1b24a,buy,0x9214ec02cb71cba0ada6896b8da260736a67ab10,0x8a66402da1c4cc249db8b3d94107eda82150375a950563d621176c5c15b8cdf4
256,200,0.268,0x28ed0ada17bb25e719bfcd67f486c631cf901ffe,2017-10-28T20:54:53.000Z,0.00134,0xacf8a13805d2f5af377adfb32eecd2a1146e3f8d,buy,0x9214ec02cb71cba0ada6896b8da260736a67ab10,0xcee6098e449536518a38cacec4b94682fac9e221ef6a0abe818ada467b6902a5
257,200,0.2678,0x28ed0ada17bb25e719bfcd67f486c631cf901ffe,2017-10-28T20:54:34.000Z,0.001339,0xacf8a13805d2f5af377adfb32eecd2a1146e3f8d,buy,0x9214ec02cb71cba0ada6896b8da260736a67ab10,0x845812b368290590c0fabbf018b42fccf6e35876cfd69e2528e1d8ad9d9cddb0
258,3,0.00393,0xaf757182aa813cbd53b4dc145f3573ae71c44b07,2017-10-28T17:54:16.000Z,0.00131,0x289c7209887dcc05a91655f1d6a466ae8bd41de3,buy,0x9214ec02cb71cba0ada6896b8da260736a67ab10,0xfa6a711d75b35d173374c4bcd9fefa6c6fecf5f30f20890fc0ccf4fa04684ace
259,163,0.2119,0x289c7209887dcc05a91655f1d6a466ae8bd41de3,2017-10-28T16:51:40.000Z,0.0013,0xd3a5e587ff77541e849f85f6dc00abf4080b989a,sell,0x9214ec02cb71cba0ada6896b8da260736a67ab10,0xe490bb249a14b8c729e1c29b79784b283f360b66225e7d13a9e2f30fde2aeeaf
260,280.4023391831874,0.30844257310150613,0xf7bc4e2c7c7e42d808ce3b510ae6d06e887eff7d,2017-10-28T16:37:29.000Z,0.0011,0x1ed014aec47fae44c9e55bac7662c0b78ae61798,sell,0x9214ec02cb71cba0ada6896b8da260736a67ab10,0xd4e3dd81202d74a850d3d0091dc8f05b168527c8090efd64ac182d4860a61fc3
261,249.22739507526668,0.27415013458279336,0xf7bc4e2c7c7e42d808ce3b510ae6d06e887eff7d,2017-10-28T16:20:23.000Z,0.0011,0x3c7839b400ed9830e97d75c3a1371b5cca7d74c3,sell,0x9214ec02cb71cba0ada6896b8da260736a67ab10,0xd5bf65890e85bfeb4fb425c9cce9232c35b0d4cdf236ce60df834b624bb34825
262,463.608,0.50939392608,0x3936968cf999728de3dbf7afecb7ee3d9c02b381,2017-10-28T16:08:44.000Z,0.00109876,0xbd9125f952f4d22481d8aef2807816a8e44634fd,sell,0x9214ec02cb71cba0ada6896b8da260736a67ab10,0x24c4843d4895574474b61f5762502540faa8a7363e4ee0107e0ac44be1678fa4
263,1000,1.32,0x3c5d9d96dc123f67f83f2341b067c2a64cf21787,2017-10-28T15:36:14.000Z,0.00132,0x1eaa18a0e964d346f2b5182be3f97d7aab5145b9,buy,0x9214ec02cb71cba0ada6896b8da260736a67ab10,0x9368f65908d8ed43bc51af40d7519120bf69fbf2f7d5f438c356f5732f7bbe6e
264,127,0.16891,0xaf757182aa813cbd53b4dc145f3573ae71c44b07,2017-10-28T13:41:30.000Z,0.00133,0x1eaa18a0e964d346f2b5182be3f97d7aab5145b9,buy,0x9214ec02cb71cba0ada6896b8da260736a67ab10,0xc4a38e6f2927b7275ab8f69e08448d8bb356f9043a19515b5f119b3e43d7b41d
265,73,0.09709,0x5bc95a05820c49cca418727d9a343bb1e09eff8a,2017-10-28T13:08:18.000Z,0.00133,0x1eaa18a0e964d346f2b5182be3f97d7aab5145b9,buy,0x9214ec02cb71cba0ada6896b8da260736a67ab10,0xb71e848228a04c72fbf84dccf22d8ccee03cbfe5e4a100e5df0ceae22800146b
266,900,1.197,0x289c7209887dcc05a91655f1d6a466ae8bd41de3,2017-10-28T12:32:30.000Z,0.00133,0x99bc37ffa8c3b9e6f4792abf009cc294b34947bc,sell,0x9214ec02cb71cba0ada6896b8da260736a67ab10,0xd558882eeeaa9e907b334c27a0ccca1e038cb5b164d608b2cf00768ac5e2fb9a
267,200,0.268,0xcef01dfe48077d5ea00cf1ffd949c62026af577e,2017-10-28T10:27:26.000Z,0.00134,0xacf8a13805d2f5af377adfb32eecd2a1146e3f8d,buy,0x9214ec02cb71cba0ada6896b8da260736a67ab10,0xcd22538cd3abfd1e20236c695da4780c3eadbba8c1b2a14bdb580986f3a4f75f
268,179,0.238607,0xcef01dfe48077d5ea00cf1ffd949c62026af577e,2017-10-28T10:24:41.000Z,0.001333,0x54409c45877a9877a724bdfc941dd5a16ac0f0c8,buy,0x9214ec02cb71cba0ada6896b8da260736a67ab10,0xcdb4c0491cc3de336ca8ec8d4e7cb6bf8fdebf8d1ea44d768a0c6bd4cc47576c
269,100,0.1333,0xcef01dfe48077d5ea00cf1ffd949c62026af577e,2017-10-28T10:24:41.000Z,0.001333,0xacf8a13805d2f5af377adfb32eecd2a1146e3f8d,buy,0x9214ec02cb71cba0ada6896b8da260736a67ab10,0xf0528ddf24adbd398bea9a6f9e829115ab3a11dde1d94f44ea2503afb106bb54
270,37.305,0.0497238345,0xcef01dfe48077d5ea00cf1ffd949c62026af577e,2017-10-28T10:23:39.000Z,0.0013329,0xacf8a13805d2f5af377adfb32eecd2a1146e3f8d,buy,0x9214ec02cb71cba0ada6896b8da260736a67ab10,0x6f356cb6bed4e544562a6bb4fad5d48c354a3ed325c19bb463a8c3abfb021bd0
271,1372,1.8287388,0xcef01dfe48077d5ea00cf1ffd949c62026af577e,2017-10-28T10:23:39.000Z,0.0013329,0x46b234c291fe47dfaf7e1ee285aa13f406cbef8c,buy,0x9214ec02cb71cba0ada6896b8da260736a67ab10,0x903681066240ea8c85aa0b07877884caf1770e39c797d5f3476d40ff03a815e8
272,162.69456982285578,0.21685559211688446,0xcef01dfe48077d5ea00cf1ffd949c62026af577e,2017-10-28T09:56:04.000Z,0.0013329,0xacf8a13805d2f5af377adfb32eecd2a1146e3f8d,buy,0x9214ec02cb71cba0ada6896b8da260736a67ab10,0x1e2dde167c5186b34b7cc5e8f2341d3d8155081063dd45bd6fbf01e00bcdec1f
273,3.030605124115243,0.003939786661349815,0x4d25819e9de2a2eeeddca953d1ef0182680a7054,2017-10-28T06:50:23.000Z,0.0012999999999999997,0xb49fda420b9ce7334c6446af26f06225cbecb401,sell,0x9214ec02cb71cba0ada6896b8da260736a67ab10,0xfddc3ff338a4a67bf888eb7610fb49ca6d605129270f278cba0270d12f4470dd
274,35.034,0.046700322,0x28369454ae5db003005fbc1eafc2f281fd87548d,2017-10-28T04:51:39.000Z,0.001333,0x07ff3463620606e7483f074c44fc25c32383bc79,sell,0x9214ec02cb71cba0ada6896b8da260736a67ab10,0x33d7a2bb5f98771f7d297e634d00588c742ff4fdfdfe1d9f542d4776430c203b
275,100,0.1333,0x28369454ae5db003005fbc1eafc2f281fd87548d,2017-10-28T04:50:10.000Z,0.001333,0x07ff3463620606e7483f074c44fc25c32383bc79,sell,0x9214ec02cb71cba0ada6896b8da260736a67ab10,0xbbad41c418cbaf6e6aa7ca61abe358f94319b3aaab7c99b7056cdbf39b8da9e7
276,100,0.1333,0xe1226c4d0a752a3ef42ee783aa1b4ac1abe47a8e,2017-10-28T04:09:56.000Z,0.001333,0xacf8a13805d2f5af377adfb32eecd2a1146e3f8d,buy,0x9214ec02cb71cba0ada6896b8da260736a67ab10,0x79380e45207ea7c4670a5812853ef3a4f0615fbaf2f4bb19bc84e162d8163bc1
277,521,0.694493,0xf3743c6d0b8ee64a0fc0a395d9ba8eb028e1d2b5,2017-10-28T03:21:15.000Z,0.001333,0x54409c45877a9877a724bdfc941dd5a16ac0f0c8,buy,0x9214ec02cb71cba0ada6896b8da260736a67ab10,0x7256cca72f69533293b325a3be5f88e71513b504afeb2d7cc50ec5e795446bfe
278,302.163,0.3928119,0x28369454ae5db003005fbc1eafc2f281fd87548d,2017-10-28T03:05:42.000Z,0.0013,0x54409c45877a9877a724bdfc941dd5a16ac0f0c8,sell,0x9214ec02cb71cba0ada6896b8da260736a67ab10,0x26d9d7676d81fde3dba5d2f7c5ce6b0525e4f42d9ab1efdb7ffb1d22e8ee6270
279,697.8367062107467,0.9071877180739707,0x28369454ae5db003005fbc1eafc2f281fd87548d,2017-10-28T03:02:17.000Z,0.0013,0xa2fcc08aad98b17094d8215b8d75b7b73a1337d3,sell,0x9214ec02cb71cba0ada6896b8da260736a67ab10,0x8a5ecd0708d3c086e60a5e71de0b7fd4cb3699fbe62e52504aea381b8c69cde5
280,2200,2.86,0x28369454ae5db003005fbc1eafc2f281fd87548d,2017-10-28T02:50:48.000Z,0.0013,0x54409c45877a9877a724bdfc941dd5a16ac0f0c8,sell,0x9214ec02cb71cba0ada6896b8da260736a67ab10,0x6f24bfbb8fec5a54386950bcccf961c2867970248d674d75930f173b8df79826
281,800,1.04,0x28369454ae5db003005fbc1eafc2f281fd87548d,2017-10-28T02:45:40.000Z,0.0013,0x54409c45877a9877a724bdfc941dd5a16ac0f0c8,sell,0x9214ec02cb71cba0ada6896b8da260736a67ab10,0x7b0ed83c3a0b0e39affe9158a5037ff0c1fa98324b37581dac1bb122ed7baad7
282,6.969394875884757,0.009060213338650184,0x4d25819e9de2a2eeeddca953d1ef0182680a7054,2017-10-28T02:39:35.000Z,0.0013,0xa87a6017687f5d7607a4dde37624fa8eec9b0d45,sell,0x9214ec02cb71cba0ada6896b8da260736a67ab10,0x54be6402f39b4f5a5ab78c725f7163f3ed6e49b4c398a100cbb980ab79e50fb3
283,100,0.134,0x4d25819e9de2a2eeeddca953d1ef0182680a7054,2017-10-28T02:12:22.000Z,0.00134,0x1eaa18a0e964d346f2b5182be3f97d7aab5145b9,buy,0x9214ec02cb71cba0ada6896b8da260736a67ab10,0x7ada4be5be0626ec03ae21d7ae9d06069555a3791a28111341e2bca87621b390
284,361,0.38266,0x4d25819e9de2a2eeeddca953d1ef0182680a7054,2017-10-28T02:09:26.000Z,0.00106,0x48fb0d0f2a203ae587acc88032e4bda24097d5d5,buy,0x9214ec02cb71cba0ada6896b8da260736a67ab10,0x4ef2c9536f37dbd8d8540cef25d71f8b5c3d7fb80fad0f27c835e425fdb0e9b2
285,200,0.212,0xe1226c4d0a752a3ef42ee783aa1b4ac1abe47a8e,2017-10-28T02:01:34.000Z,0.00106,0x48fb0d0f2a203ae587acc88032e4bda24097d5d5,buy,0x9214ec02cb71cba0ada6896b8da260736a67ab10,0x3461bf04ccf52015b53cd2ac85bf6cbedbda2fff1ec195152a0dd9c7165fb68f
286,9.969095803010667,0.01993819160602133,0x78c302780dac4ad0d62c2db0045468d1b1b5a637,2017-10-28T00:57:46.000Z,0.002,0x70629d245c50a2cad3868c33dbb0d24df4edd8b3,buy,0x9214ec02cb71cba0ada6896b8da260736a67ab10,0x0903458e0456162f1c289956d27006aeb5c1417f067739f0ec48b189c46ca858
287,5864.790615577859,5.864790615577859,0x1eaa18a0e964d346f2b5182be3f97d7aab5145b9,2017-10-28T00:38:42.000Z,0.001,0x8e12c0703faae87342c03ad17196f30ddc525319,buy,0x9214ec02cb71cba0ada6896b8da260736a67ab10,0xc2efa2af6b535b9eceee4ed09593451a2bb7690a2f5a70d7b019c3e6dfff4354
288,3,0.003363,0x07ff3463620606e7483f074c44fc25c32383bc79,2017-10-28T00:07:45.000Z,0.001121,0xa87a6017687f5d7607a4dde37624fa8eec9b0d45,sell,0x9214ec02cb71cba0ada6896b8da260736a67ab10,0x151b23f323f8aafc6274116c2ea19f6a80a7a87467f07485e3442af30c13590f
289,10,0.01,0xa87a6017687f5d7607a4dde37624fa8eec9b0d45,2017-10-28T00:03:14.000Z,0.001,0x8e12c0703faae87342c03ad17196f30ddc525319,buy,0x9214ec02cb71cba0ada6896b8da260736a67ab10,0x12ff65ba2a1f4f1e78b95108932f7ab01869489539a06b94a8c3eec5b79b5d3a
290,2.473557,0.00299300397,0x22fe86d82ffc3d68c9dc286aa4f6c86b5a2c235b,2017-10-28T00:03:14.000Z,0.00121,0x7aa6e2506316f6d613277d4f2f4e4e1dc55e528e,sell,0x9214ec02cb71cba0ada6896b8da260736a67ab10,0x5cd30f9adb391a2bbe556e3ed4293e2c3c4f521d594cd5ca383ea56afb9c07ef
291,2.481,0.002481,0x7aa6e2506316f6d613277d4f2f4e4e1dc55e528e,2017-10-28T00:03:14.000Z,0.001,0x8e12c0703faae87342c03ad17196f30ddc525319,buy,0x9214ec02cb71cba0ada6896b8da260736a67ab10,0x5cd30f9adb391a2bbe556e3ed4293e2c3c4f521d594cd5ca383ea56afb9c07ef
292,250,0.25,0x3c7839b400ed9830e97d75c3a1371b5cca7d74c3,2017-10-28T00:00:03.000Z,0.001,0x8e12c0703faae87342c03ad17196f30ddc525319,buy,0x9214ec02cb71cba0ada6896b8da260736a67ab10,0x451f908d7c245fe5b609315c21011bde9590dc443c3f78cad8b1d2a20f5ac807
293,0.09,0.00009,0x1d5321e125f6c7079a716705541c7b371ca79e69,2017-10-27T23:43:52.000Z,0.001,0x8e12c0703faae87342c03ad17196f30ddc525319,buy,0x9214ec02cb71cba0ada6896b8da260736a67ab10,0xb448bc63b1ab8fcc2a8576873974c48253c078c3598c7f0ed3c4bb96a311ed0d
294,0.0897308075772682,0.000113060817547357,0xe146142131ba3daa2751d0346df4e381711c411b,2017-10-27T23:43:52.000Z,0.0012599999999999896,0x1d5321e125f6c7079a716705541c7b371ca79e69,sell,0x9214ec02cb71cba0ada6896b8da260736a67ab10,0xb448bc63b1ab8fcc2a8576873974c48253c078c3598c7f0ed3c4bb96a311ed0d
295,0.234,0.000234,0x1d5321e125f6c7079a716705541c7b371ca79e69,2017-10-27T23:35:38.000Z,0.001,0x8e12c0703faae87342c03ad17196f30ddc525319,buy,0x9214ec02cb71cba0ada6896b8da260736a67ab10,0xe724bedf02e58d1143cbe02d146dc1e24f387c1a0019c9e7aa723016b2b026b4
296,0.2333000997008973,0.000298740777666999,0x9c232158b5e0f9a23bf9a399cd9197c7f131d13b,2017-10-27T23:35:38.000Z,0.0012805,0x1d5321e125f6c7079a716705541c7b371ca79e69,sell,0x9214ec02cb71cba0ada6896b8da260736a67ab10,0xe724bedf02e58d1143cbe02d146dc1e24f387c1a0019c9e7aa723016b2b026b4
297,800,0.8,0x302110e72e8bca84ee4c2cef1c7e78e68768bccb,2017-10-27T23:32:34.000Z,0.001,0x8e12c0703faae87342c03ad17196f30ddc525319,buy,0x9214ec02cb71cba0ada6896b8da260736a67ab10,0xb084ab090a19ceec78bbbf447920e2c84bf0c619d7aeba07ac761908f82d8fbd
298,1.0468594217347955,0.001322183449651046,0xa86d6ff058c34b38aa35b2893f45a362de891242,2017-10-27T23:30:01.000Z,0.0012629999999999991,0x1d5321e125f6c7079a716705541c7b371ca79e69,sell,0x9214ec02cb71cba0ada6896b8da260736a67ab10,0x6de430537d7d997da6c666012175d0fa9dff04cf9e8d4be9e3e2eb94b8cee3d3
299,1.05,0.00105,0x1d5321e125f6c7079a716705541c7b371ca79e69,2017-10-27T23:30:01.000Z,0.001,0x8e12c0703faae87342c03ad17196f30ddc525319,buy,0x9214ec02cb71cba0ada6896b8da260736a67ab10,0x6de430537d7d997da6c666012175d0fa9dff04cf9e8d4be9e3e2eb94b8cee3d3
300,1.5,0.0015,0x1d5321e125f6c7079a716705541c7b371ca79e69,2017-10-27T23:27:50.000Z,0.001,0x8e12c0703faae87342c03ad17196f30ddc525319,buy,0x9214ec02cb71cba0ada6896b8da260736a67ab10,0x3dc026091dd29fce97a2316d7caab59d136f8aabaeedf9cafb7115a5dac0c758
301,1.4955134596211366,0.001911266201395812,0x79281c48941aaab69f16e7b01bc8d62bda23e4d2,2017-10-27T23:27:50.000Z,0.0012779999999999996,0x1d5321e125f6c7079a716705541c7b371ca79e69,sell,0x9214ec02cb71cba0ada6896b8da260736a67ab10,0x3dc026091dd29fce97a2316d7caab59d136f8aabaeedf9cafb7115a5dac0c758
302,1.4955134596211366,0.001911266201395812,0x79281c48941aaab69f16e7b01bc8d62bda23e4d2,2017-10-27T23:27:21.000Z,0.0012779999999999996,0x1d5321e125f6c7079a716705541c7b371ca79e69,sell,0x9214ec02cb71cba0ada6896b8da260736a67ab10,0x382350df1911d5c0091a0f28fc31ecb711adfc33a1d40efc29895f370a464ab0
303,1.5,0.0015,0x1d5321e125f6c7079a716705541c7b371ca79e69,2017-10-27T23:27:21.000Z,0.001,0x8e12c0703faae87342c03ad17196f30ddc525319,buy,0x9214ec02cb71cba0ada6896b8da260736a67ab10,0x382350df1911d5c0091a0f28fc31ecb711adfc33a1d40efc29895f370a464ab0
304,2.1116650049850447,0.002705047094715852,0x22fe86d82ffc3d68c9dc286aa4f6c86b5a2c235b,2017-10-27T23:23:39.000Z,0.0012810019999999998,0x1d5321e125f6c7079a716705541c7b371ca79e69,sell,0x9214ec02cb71cba0ada6896b8da260736a67ab10,0x92c77f8e9bdbe1e728e39896736cd6ef9d321a81072b5a15550f34731aa8fafa
305,2.118,0.002118,0x1d5321e125f6c7079a716705541c7b371ca79e69,2017-10-27T23:23:39.000Z,0.001,0x8e12c0703faae87342c03ad17196f30ddc525319,buy,0x9214ec02cb71cba0ada6896b8da260736a67ab10,0x92c77f8e9bdbe1e728e39896736cd6ef9d321a81072b5a15550f34731aa8fafa
306,1235,1.235,0x65f2dddf638c7a7118b22d610c9aeba141f2467f,2017-10-27T23:20:59.000Z,0.001,0x8e12c0703faae87342c03ad17196f30ddc525319,buy,0x9214ec02cb71cba0ada6896b8da260736a67ab10,0x76a0eb09e574e1872a3a1723fa96fb6dc9d0e6ed7365b8e00d783aa5a25dd487
307,1231.1833316718173,1.2681200628053035,0x99bc37ffa8c3b9e6f4792abf009cc294b34947bc,2017-10-27T23:20:59.000Z,0.001030001,0x65f2dddf638c7a7118b22d610c9aeba141f2467f,sell,0x9214ec02cb71cba0ada6896b8da260736a67ab10,0x76a0eb09e574e1872a3a1723fa96fb6dc9d0e6ed7365b8e00d783aa5a25dd487
308,2.991,0.00376866,0xcf65c379431c70f0bc9d9886c5c9dadbd6c21a64,2017-10-27T23:16:08.000Z,0.00126,0x273a5d3e6721b9f5c1a6474f560c1334c63dda01,sell,0x9214ec02cb71cba0ada6896b8da260736a67ab10,0xfea0121dcc8b447dc2cbfa7cdc3f5320b1b3b19940cd579295460ce8c3a0476f
309,3500,3.5,0xd3a5e587ff77541e849f85f6dc00abf4080b989a,2017-10-27T23:16:08.000Z,0.001,0x8e12c0703faae87342c03ad17196f30ddc525319,buy,0x9214ec02cb71cba0ada6896b8da260736a67ab10,0xe10bb5a3d53797dd0b55e6d6d4acd56be932f62957077c31787b47116bb94006
310,3,0.003,0x273a5d3e6721b9f5c1a6474f560c1334c63dda01,2017-10-27T23:16:08.000Z,0.001,0x8e12c0703faae87342c03ad17196f30ddc525319,buy,0x9214ec02cb71cba0ada6896b8da260736a67ab10,0xfea0121dcc8b447dc2cbfa7cdc3f5320b1b3b19940cd579295460ce8c3a0476f
311,9,0.009090009,0x54409c45877a9877a724bdfc941dd5a16ac0f0c8,2017-10-27T23:14:26.000Z,0.001010001,0x6fb5aed8e3b51450f01235cd6f3ffa10f68845d0,sell,0x9214ec02cb71cba0ada6896b8da260736a67ab10,0xd541513e7851ed0a276a6734d896629814fddc7ef1f305e526f24f352030047c
312,30,0.0309,0x1eaa18a0e964d346f2b5182be3f97d7aab5145b9,2017-10-27T23:14:26.000Z,0.00103,0x6fb5aed8e3b51450f01235cd6f3ffa10f68845d0,sell,0x9214ec02cb71cba0ada6896b8da260736a67ab10,0xf75ea5df020d29209e9d28692db8e0c4c0c24d3eed9e2361a2c82a6770749423
313,0.9,0.0011538,0x9c232158b5e0f9a23bf9a399cd9197c7f131d13b,2017-10-27T23:14:05.000Z,0.001282,0x6fb5aed8e3b51450f01235cd6f3ffa10f68845d0,sell,0x9214ec02cb71cba0ada6896b8da260736a67ab10,0xe94994fbb27fbe3827304194723ad673c2dab194a6561aeb45c5bf8596028746
314,2.7,0.003508056,0xc63a3fcfa013bfe4bae4e35b3d41d06c89f4b249,2017-10-27T23:14:03.000Z,0.00129928,0x6fb5aed8e3b51450f01235cd6f3ffa10f68845d0,sell,0x9214ec02cb71cba0ada6896b8da260736a67ab10,0x5072bfcadd7a5821ba0553ac83e04e61f85e3deda1678909717b15ea27ec2729
315,5000,5,0xd3a5e587ff77541e849f85f6dc00abf4080b989a,2017-10-27T23:14:03.000Z,0.001,0x8e12c0703faae87342c03ad17196f30ddc525319,buy,0x9214ec02cb71cba0ada6896b8da260736a67ab10,0x59a4ff42b33daf309ff65bb16a2f155f7023f62715fdf4bf3454cf86d993a273
316,5000,5,0x257d18e0ca659ca88b34ca43749e91ade50a999a,2017-10-27T23:10:03.000Z,0.001,0x8e12c0703faae87342c03ad17196f30ddc525319,buy,0x9214ec02cb71cba0ada6896b8da260736a67ab10,0x14b9db2ff085f6000e7e912fbf5e2e43b44655a55bf0bdc20b5e3fc1b459b298
317,3.125,0.003125,0x273a5d3e6721b9f5c1a6474f560c1334c63dda01,2017-10-27T23:05:15.000Z,0.001,0x8e12c0703faae87342c03ad17196f30ddc525319,buy,0x9214ec02cb71cba0ada6896b8da260736a67ab10,0x980f7286d4d026114e31882355af74b9501b21f7c2b257fc64e8dff4d956d487
318,3.115625000000001,0.003988,0x31b18e35ab2290f24fc02e37d95fb73740d86958,2017-10-27T23:05:15.000Z,0.0012799999999999997,0x273a5d3e6721b9f5c1a6474f560c1334c63dda01,sell,0x9214ec02cb71cba0ada6896b8da260736a67ab10,0x980f7286d4d026114e31882355af74b9501b21f7c2b257fc64e8dff4d956d487
319,3.670621074668527,0.003670621074668527,0x273a5d3e6721b9f5c1a6474f560c1334c63dda01,2017-10-27T23:04:55.000Z,0.001,0x8e12c0703faae87342c03ad17196f30ddc525319,buy,0x9214ec02cb71cba0ada6896b8da260736a67ab10,0xf925500786c545729c0bc8ad07995e3b732849f9d71ecd15c35e0f549b1e4a4e
320,3.659609211444522,0.004757491974877878,0x4d25819e9de2a2eeeddca953d1ef0182680a7054,2017-10-27T23:04:55.000Z,0.0013,0x273a5d3e6721b9f5c1a6474f560c1334c63dda01,sell,0x9214ec02cb71cba0ada6896b8da260736a67ab10,0xf925500786c545729c0bc8ad07995e3b732849f9d71ecd15c35e0f549b1e4a4e
321,2991,3.020912991,0x54409c45877a9877a724bdfc941dd5a16ac0f0c8,2017-10-27T23:04:43.000Z,0.001010001,0x273a5d3e6721b9f5c1a6474f560c1334c63dda01,sell,0x9214ec02cb71cba0ada6896b8da260736a67ab10,0x4b02457edc39878b620646ab30b0eba5099b05ad4e788b8dff22ad8c43954d3f
322,4.44676334747238,0.00444676334747238,0x273a5d3e6721b9f5c1a6474f560c1334c63dda01,2017-10-27T23:04:43.000Z,0.001,0x8e12c0703faae87342c03ad17196f30ddc525319,buy,0x9214ec02cb71cba0ada6896b8da260736a67ab10,0xbf6b1ee3c9ee68f7fdbf82ca03ea4972d87846c06cd32cad0d9aeb316a109160
323,3000,3,0x273a5d3e6721b9f5c1a6474f560c1334c63dda01,2017-10-27T23:04:43.000Z,0.001,0x8e12c0703faae87342c03ad17196f30ddc525319,buy,0x9214ec02cb71cba0ada6896b8da260736a67ab10,0x4b02457edc39878b620646ab30b0eba5099b05ad4e788b8dff22ad8c43954d3f
324,4.433423057429963,0.005683648359625212,0x1716407edd41c461d7cb57189f3eb054dd58e432,2017-10-27T23:04:43.000Z,0.001282,0x273a5d3e6721b9f5c1a6474f560c1334c63dda01,sell,0x9214ec02cb71cba0ada6896b8da260736a67ab10,0xbf6b1ee3c9ee68f7fdbf82ca03ea4972d87846c06cd32cad0d9aeb316a109160
325,30,0.03,0x273a5d3e6721b9f5c1a6474f560c1334c63dda01,2017-10-27T23:04:43.000Z,0.001,0x8e12c0703faae87342c03ad17196f30ddc525319,buy,0x9214ec02cb71cba0ada6896b8da260736a67ab10,0x62e2fae80c484e2b767d74ff20b6e9bfce32694e37229484e6cc9e0514cab4ba
326,29.91,0.0334992,0xe146142131ba3daa2751d0346df4e381711c411b,2017-10-27T23:04:43.000Z,0.00112,0x273a5d3e6721b9f5c1a6474f560c1334c63dda01,sell,0x9214ec02cb71cba0ada6896b8da260736a67ab10,0x62e2fae80c484e2b767d74ff20b6e9bfce32694e37229484e6cc9e0514cab4ba
327,5.994,0.005994,0x1d5321e125f6c7079a716705541c7b371ca79e69,2017-10-27T23:04:35.000Z,0.001,0x8e12c0703faae87342c03ad17196f30ddc525319,buy,0x9214ec02cb71cba0ada6896b8da260736a67ab10,0xaf4aeb2618be5e2358c644a4e5845d7c0552820949d152dfad1c128ea6ac0441
328,5.976071784646062,0.007655353932203389,0x4d2a92834185cd798f0bbd3143119a9342a8df7d,2017-10-27T23:04:35.000Z,0.001281001,0x1d5321e125f6c7079a716705541c7b371ca79e69,sell,0x9214ec02cb71cba0ada6896b8da260736a67ab10,0xaf4aeb2618be5e2358c644a4e5845d7c0552820949d152dfad1c128ea6ac0441
329,78,0.078,0x273a5d3e6721b9f5c1a6474f560c1334c63dda01,2017-10-27T23:04:25.000Z,0.001,0x8e12c0703faae87342c03ad17196f30ddc525319,buy,0x9214ec02cb71cba0ada6896b8da260736a67ab10,0x89e3ddee8dad64956e351c6cae885a540389d210724868add38cee0f64d839e9
330,1994,2.033881994,0x54409c45877a9877a724bdfc941dd5a16ac0f0c8,2017-10-27T23:04:25.000Z,0.001020001,0x273a5d3e6721b9f5c1a6474f560c1334c63dda01,sell,0x9214ec02cb71cba0ada6896b8da260736a67ab10,0xba21fa677319b1813addd6d581fce61762196cdaecea078ad52e132d49d5e3cb
331,30,0.03,0x273a5d3e6721b9f5c1a6474f560c1334c63dda01,2017-10-27T23:04:25.000Z,0.001,0x8e12c0703faae87342c03ad17196f30ddc525319,buy,0x9214ec02cb71cba0ada6896b8da260736a67ab10,0xaac0cb95093d730115b07c364e2bd0646efe4a845fb4ae2ddb270facc0583f5b
332,80,0.08,0x273a5d3e6721b9f5c1a6474f560c1334c63dda01,2017-10-27T23:04:25.000Z,0.001,0x8e12c0703faae87342c03ad17196f30ddc525319,buy,0x9214ec02cb71cba0ada6896b8da260736a67ab10,0xfc89db8a153ca4ba4f86bc7a52f6d2035f7a79082c2767546360519c8d16150c
333,77.766,0.099579363,0x9c232158b5e0f9a23bf9a399cd9197c7f131d13b,2017-10-27T23:04:25.000Z,0.0012805,0x273a5d3e6721b9f5c1a6474f560c1334c63dda01,sell,0x9214ec02cb71cba0ada6896b8da260736a67ab10,0x89e3ddee8dad64956e351c6cae885a540389d210724868add38cee0f64d839e9
334,79.76,0.09571287736,0xadfac97883d508f98bf12e07a22a5348598a5a16,2017-10-27T23:04:25.000Z,0.001200011,0x273a5d3e6721b9f5c1a6474f560c1334c63dda01,sell,0x9214ec02cb71cba0ada6896b8da260736a67ab10,0xfc89db8a153ca4ba4f86bc7a52f6d2035f7a79082c2767546360519c8d16150c
335,2000,2,0x273a5d3e6721b9f5c1a6474f560c1334c63dda01,2017-10-27T23:04:25.000Z,0.001,0x8e12c0703faae87342c03ad17196f30ddc525319,buy,0x9214ec02cb71cba0ada6896b8da260736a67ab10,0xba21fa677319b1813addd6d581fce61762196cdaecea078ad52e132d49d5e3cb
336,29.91,0.0376866,0xe146142131ba3daa2751d0346df4e381711c411b,2017-10-27T23:04:25.000Z,0.00126,0x273a5d3e6721b9f5c1a6474f560c1334c63dda01,sell,0x9214ec02cb71cba0ada6896b8da260736a67ab10,0xaac0cb95093d730115b07c364e2bd0646efe4a845fb4ae2ddb270facc0583f5b
337,1000,1,0x273a5d3e6721b9f5c1a6474f560c1334c63dda01,2017-10-27T23:04:03.000Z,0.001,0x8e12c0703faae87342c03ad17196f30ddc525319,buy,0x9214ec02cb71cba0ada6896b8da260736a67ab10,0x751ef9253cf1011696cb48dca2f990d9ff9cceabdcdd6aea9a90ebb1bf84220d
338,348.95,0.44072385,0xa86d6ff058c34b38aa35b2893f45a362de891242,2017-10-27T23:04:03.000Z,0.001263,0x273a5d3e6721b9f5c1a6474f560c1334c63dda01,sell,0x9214ec02cb71cba0ada6896b8da260736a67ab10,0x403cfd477764302dd75b108be6083694028b8f50458801a6b3473d354f24632d
339,997,1.03688,0x07ff3463620606e7483f074c44fc25c32383bc79,2017-10-27T23:04:03.000Z,0.00104,0x273a5d3e6721b9f5c1a6474f560c1334c63dda01,sell,0x9214ec02cb71cba0ada6896b8da260736a67ab10,0x751ef9253cf1011696cb48dca2f990d9ff9cceabdcdd6aea9a90ebb1bf84220d
340,350,0.35,0x273a5d3e6721b9f5c1a6474f560c1334c63dda01,2017-10-27T23:04:03.000Z,0.001,0x8e12c0703faae87342c03ad17196f30ddc525319,buy,0x9214ec02cb71cba0ada6896b8da260736a67ab10,0x403cfd477764302dd75b108be6083694028b8f50458801a6b3473d354f24632d
341,997,1.117637,0x07ff3463620606e7483f074c44fc25c32383bc79,2017-10-27T23:04:03.000Z,0.001121,0x273a5d3e6721b9f5c1a6474f560c1334c63dda01,sell,0x9214ec02cb71cba0ada6896b8da260736a67ab10,0xb128b42989aaef07ec66a2de6eeb664461ee14a9ec98da8f9183c6f7fc79806e
342,1000,1,0x273a5d3e6721b9f5c1a6474f560c1334c63dda01,2017-10-27T23:04:03.000Z,0.001,0x8e12c0703faae87342c03ad17196f30ddc525319,buy,0x9214ec02cb71cba0ada6896b8da260736a67ab10,0xb128b42989aaef07ec66a2de6eeb664461ee14a9ec98da8f9183c6f7fc79806e
343,299.1,0.3834462,0x9c232158b5e0f9a23bf9a399cd9197c7f131d13b,2017-10-27T23:04:03.000Z,0.001282,0x273a5d3e6721b9f5c1a6474f560c1334c63dda01,sell,0x9214ec02cb71cba0ada6896b8da260736a67ab10,0xe4e4aa5219a7bbe7dd046d478177b3c9a98d2d8d34e8af5e0b33d64faedb72b7
344,300,0.3,0x273a5d3e6721b9f5c1a6474f560c1334c63dda01,2017-10-27T23:04:03.000Z,0.001,0x8e12c0703faae87342c03ad17196f30ddc525319,buy,0x9214ec02cb71cba0ada6896b8da260736a67ab10,0xe4e4aa5219a7bbe7dd046d478177b3c9a98d2d8d34e8af5e0b33d64faedb72b7
345,500,0.5,0x273a5d3e6721b9f5c1a6474f560c1334c63dda01,2017-10-27T23:03:41.000Z,0.001,0x8e12c0703faae87342c03ad17196f30ddc525319,buy,0x9214ec02cb71cba0ada6896b8da260736a67ab10,0x3e75cc9a51295119cebc88872df8d72411880d2e7a5cbbbe633071f6560e99ad
346,500,0.5,0x273a5d3e6721b9f5c1a6474f560c1334c63dda01,2017-10-27T23:03:41.000Z,0.001,0x8e12c0703faae87342c03ad17196f30ddc525319,buy,0x9214ec02cb71cba0ada6896b8da260736a67ab10,0x5e665b197adb157780ff082dfacc7e6753a9d3b85b884c809987389769e230ab
347,824.519,0.99766799,0x22fe86d82ffc3d68c9dc286aa4f6c86b5a2c235b,2017-10-27T23:03:41.000Z,0.00121,0x273a5d3e6721b9f5c1a6474f560c1334c63dda01,sell,0x9214ec02cb71cba0ada6896b8da260736a67ab10,0x4210c4408987488a0e4924c043034b74ced05b0f30904ab4d555bfa778aa3c63
348,498.5,0.637083,0x79281c48941aaab69f16e7b01bc8d62bda23e4d2,2017-10-27T23:03:41.000Z,0.001278,0x273a5d3e6721b9f5c1a6474f560c1334c63dda01,sell,0x9214ec02cb71cba0ada6896b8da260736a67ab10,0x5e665b197adb157780ff082dfacc7e6753a9d3b85b884c809987389769e230ab
349,706,0.706,0x273a5d3e6721b9f5c1a6474f560c1334c63dda01,2017-10-27T23:03:41.000Z,0.001,0x8e12c0703faae87342c03ad17196f30ddc525319,buy,0x9214ec02cb71cba0ada6896b8da260736a67ab10,0xfcec50347e3c6623231cca73bc15abd82612b81ea2a1befca7c90e6a0693bfc5
350,703.882,0.901674249764,0x22fe86d82ffc3d68c9dc286aa4f6c86b5a2c235b,2017-10-27T23:03:41.000Z,0.001281002,0x273a5d3e6721b9f5c1a6474f560c1334c63dda01,sell,0x9214ec02cb71cba0ada6896b8da260736a67ab10,0xfcec50347e3c6623231cca73bc15abd82612b81ea2a1befca7c90e6a0693bfc5
351,498.5,0.637083,0x79281c48941aaab69f16e7b01bc8d62bda23e4d2,2017-10-27T23:03:41.000Z,0.001278,0x273a5d3e6721b9f5c1a6474f560c1334c63dda01,sell,0x9214ec02cb71cba0ada6896b8da260736a67ab10,0x3e75cc9a51295119cebc88872df8d72411880d2e7a5cbbbe633071f6560e99ad
352,827,0.827,0x273a5d3e6721b9f5c1a6474f560c1334c63dda01,2017-10-27T23:03:41.000Z,0.001,0x8e12c0703faae87342c03ad17196f30ddc525319,buy,0x9214ec02cb71cba0ada6896b8da260736a67ab10,0x4210c4408987488a0e4924c043034b74ced05b0f30904ab4d555bfa778aa3c63
353,900,0.9,0x273a5d3e6721b9f5c1a6474f560c1334c63dda01,2017-10-27T23:03:29.000Z,0.001,0x8e12c0703faae87342c03ad17196f30ddc525319,buy,0x9214ec02cb71cba0ada6896b8da260736a67ab10,0x2fa0f1e92e5dcda3ca9957bda0eb41fe5c8eb04a91a1dee99094403c8bfa9c30
354,897.3,1.165843944,0xc63a3fcfa013bfe4bae4e35b3d41d06c89f4b249,2017-10-27T23:03:29.000Z,0.00129928,0x273a5d3e6721b9f5c1a6474f560c1334c63dda01,sell,0x9214ec02cb71cba0ada6896b8da260736a67ab10,0x2fa0f1e92e5dcda3ca9957bda0eb41fe5c8eb04a91a1dee99094403c8bfa9c30
355,997,1.25622,0xcf65c379431c70f0bc9d9886c5c9dadbd6c21a64,2017-10-27T23:03:29.000Z,0.00126,0x273a5d3e6721b9f5c1a6474f560c1334c63dda01,sell,0x9214ec02cb71cba0ada6896b8da260736a67ab10,0xddacd7c7d21dbf89194523d735092dcf9481707055f387eacc7e528260764ff0
356,1992.006,2.551761678006,0x4d2a92834185cd798f0bbd3143119a9342a8df7d,2017-10-27T23:03:29.000Z,0.001281001,0x273a5d3e6721b9f5c1a6474f560c1334c63dda01,sell,0x9214ec02cb71cba0ada6896b8da260736a67ab10,0xc038a2aa4e1ff231ba96bacd382fda0d4b9e824816a7d49f8d0bdc9c18eb4fd6
357,1000,1,0x273a5d3e6721b9f5c1a6474f560c1334c63dda01,2017-10-27T23:03:29.000Z,0.001,0x8e12c0703faae87342c03ad17196f30ddc525319,buy,0x9214ec02cb71cba0ada6896b8da260736a67ab10,0xddacd7c7d21dbf89194523d735092dcf9481707055f387eacc7e528260764ff0
358,10000,10,0x273a5d3e6721b9f5c1a6474f560c1334c63dda01,2017-10-27T23:03:29.000Z,0.001,0x8e12c0703faae87342c03ad17196f30ddc525319,buy,0x9214ec02cb71cba0ada6896b8da260736a67ab10,0x8633558a320a36779995030491042b774c5a390bbc6cb06f51d4be5c9b5471fa
359,1998,1.998,0x273a5d3e6721b9f5c1a6474f560c1334c63dda01,2017-10-27T23:03:29.000Z,0.001,0x8e12c0703faae87342c03ad17196f30ddc525319,buy,0x9214ec02cb71cba0ada6896b8da260736a67ab10,0xc038a2aa4e1ff231ba96bacd382fda0d4b9e824816a7d49f8d0bdc9c18eb4fd6
360,9970,10.2691,0x1eaa18a0e964d346f2b5182be3f97d7aab5145b9,2017-10-27T23:03:29.000Z,0.00103,0x273a5d3e6721b9f5c1a6474f560c1334c63dda01,sell,0x9214ec02cb71cba0ada6896b8da260736a67ab10,0x8633558a320a36779995030491042b774c5a390bbc6cb06f51d4be5c9b5471fa
361,4012,4.012,0xd815bbdb973fcfae73f27ddc9a135e377028c1c5,2017-10-27T23:03:10.000Z,0.001,0x8e12c0703faae87342c03ad17196f30ddc525319,buy,0x9214ec02cb71cba0ada6896b8da260736a67ab10,0xa583aa8ef3c73b85ad2e768d60fb645d83cbd21b2b26fd68c1c7ffffbbb308e8
362,4000,5,0x257d18e0ca659ca88b34ca43749e91ade50a999a,2017-10-27T23:03:10.000Z,0.00125,0xd815bbdb973fcfae73f27ddc9a135e377028c1c5,sell,0x9214ec02cb71cba0ada6896b8da260736a67ab10,0xa583aa8ef3c73b85ad2e768d60fb645d83cbd21b2b26fd68c1c7ffffbbb308e8
363,5,0.0175,0x4d25819e9de2a2eeeddca953d1ef0182680a7054,2017-10-27T18:22:02.000Z,0.0035,0xb77c1f7c6f3b44bcfce50cea8ae13d9237b99ee4,buy,0x9214ec02cb71cba0ada6896b8da260736a67ab10,0xff13e55384ca9097680ff003e711bc63df74198477ca4f9313469cb99adeb431
364,10,0.02,0x4d25819e9de2a2eeeddca953d1ef0182680a7054,2017-10-27T17:33:41.000Z,0.002,0x70629d245c50a2cad3868c33dbb0d24df4edd8b3,buy,0x9214ec02cb71cba0ada6896b8da260736a67ab10,0xcabbe5d993ad14dc4df9711a6eb05327d674fb8a0b72be6ed0dd279b78dc8b9c
365,42,0.062958,0x4d25819e9de2a2eeeddca953d1ef0182680a7054,2017-10-27T17:23:23.000Z,0.001499,0x93ebf02aaf630a9b7fbe2a505f2df1c1ad3eba6a,buy,0x9214ec02cb71cba0ada6896b8da260736a67ab10,0x191e7b7f5357e7f0d1ef1704cf836fb9028f01960cb32664f84ab234845766d8
366,795.5532366525276,1.0198992493885404,0x1716407edd41c461d7cb57189f3eb054dd58e432,2017-10-27T16:21:56.000Z,0.001282,0x6d91f54040d517e2da18aff74f1a6ecd087b839d,sell,0x9214ec02cb71cba0ada6896b8da260736a67ab10,0xcaf084a568d963cf364b0dacdb803e323415801328d39aa9c1fbc3593766f319
367,320,0.4128,0x2f5d1c980253e40e28024e0ac3002c894819293f,2017-10-27T16:21:10.000Z,0.00129,0x6d91f54040d517e2da18aff74f1a6ecd087b839d,sell,0x9214ec02cb71cba0ada6896b8da260736a67ab10,0xcf0271012b3bd92af955aca4ced083b7c955f5175632dd58a3a4448886cc93d0
368,380,0.494,0x4d25819e9de2a2eeeddca953d1ef0182680a7054,2017-10-27T16:20:57.000Z,0.0013,0x6d91f54040d517e2da18aff74f1a6ecd087b839d,sell,0x9214ec02cb71cba0ada6896b8da260736a67ab10,0x7b486686d9a774d6aa4a4e707784d0faaeaa7fa6f63e4811d1ca0d2d56ec06f6
369,900,1.17,0x4d25819e9de2a2eeeddca953d1ef0182680a7054,2017-10-27T15:23:08.000Z,0.0013,0x6fb5aed8e3b51450f01235cd6f3ffa10f68845d0,sell,0x9214ec02cb71cba0ada6896b8da260736a67ab10,0xff2dea1771e54f7f602afe34b0ebed30d27fc074ca54b7e18136462419eaa05b
370,48.82294885853853,0.06347032174558867,0xb49fda420b9ce7334c6446af26f06225cbecb401,2017-10-27T15:22:23.000Z,0.00130001,0x6fb5aed8e3b51450f01235cd6f3ffa10f68845d0,sell,0x9214ec02cb71cba0ada6896b8da260736a67ab10,0x73de2e9cc9aa76464d75cab3d91a3240110c71500dc0258e2bc76179a5bdcd12
371,71.27903499152627,0.09266345827933406,0xb49fda420b9ce7334c6446af26f06225cbecb401,2017-10-27T13:19:59.000Z,0.00130001,0x5dbf62e6d6fd32382afba35cfd6e6b05cfa4cefe,sell,0x9214ec02cb71cba0ada6896b8da260736a67ab10,0x18a594a99bfe6db0b9731fab468a6ed491cac1febf41abecc861273122cb5a6d
372,32.8980161499352,0.04276774997507726,0xb49fda420b9ce7334c6446af26f06225cbecb401,2017-10-27T12:19:43.000Z,0.0013000099999999999,0x92c7a1c38a2fc7f5e7a9486dcfb814656b835453,sell,0x9214ec02cb71cba0ada6896b8da260736a67ab10,0xb4a54895b15ac17116eb53968d647ec44e084d89da72098a5fae6f72f9d0daf3
373,30,0.0441,0xe8e1a7df8756e4c5a123d11463cb1a02c152aa00,2017-10-27T12:11:49.000Z,0.00147,0xe39d61b353d12ea42452ac06e5aa7a39703cfe05,buy,0x9214ec02cb71cba0ada6896b8da260736a67ab10,0x3eb361e562f9fb935b61d85e2de2fbabebb01c1306e86e5ac70de645a38a6af6
374,960,1.343904,0x795ccbc71632c79db5ed5cb3abcd2eab07807454,2017-10-27T10:44:19.000Z,0.0013999,0xe4ef6a44061b9c4fbf67b404c9eed0ab015778b9,buy,0x9214ec02cb71cba0ada6896b8da260736a67ab10,0x272018c0154b877d4f9b9fbb46e4770c47d1ff99ff5ad7c767a8fd47caa198ec
375,47,0.0657953,0x47af1437f674d4e79a66bf0ad6cc48d6979dc61d,2017-10-27T09:43:19.000Z,0.0013999,0xacf8a13805d2f5af377adfb32eecd2a1146e3f8d,buy,0x9214ec02cb71cba0ada6896b8da260736a67ab10,0x35110fbc7b74d003a5ae70164d85159241eabf0c66d005b99a2ad9a67be1a3e2
376,1633.706,2.28700869234,0x47af1437f674d4e79a66bf0ad6cc48d6979dc61d,2017-10-27T09:40:06.000Z,0.00139989,0x83083178cd24948420182fe358b7ad32de83a493,buy,0x9214ec02cb71cba0ada6896b8da260736a67ab10,0x0d7d517d98485e38c58f8534d1c1d0c2c5b7cda27fc1d178f428ba0862e0e890
377,216.32937892533147,0.2812281926029309,0x4d25819e9de2a2eeeddca953d1ef0182680a7054,2017-10-27T08:53:26.000Z,0.0013,0xa339f1f075a5a79f665f022c393d7239d60b0e3b,sell,0x9214ec02cb71cba0ada6896b8da260736a67ab10,0x4faa22e66d31dddaee91b5a23232aef922d0e80b22549c6cbe8896c0c70cdb14
378,1,0.0006,0xadfac97883d508f98bf12e07a22a5348598a5a16,2017-10-27T07:14:16.000Z,0.0006,0x4d25819e9de2a2eeeddca953d1ef0182680a7054,sell,0x9214ec02cb71cba0ada6896b8da260736a67ab10,0x3b15827c50876a0400ff7d965e301276e6c94165c17ba5676fb382219ae42278
379,3.939170040178281,0.005514404747545174,0xde8beacfbdd7b7737e53b9997cdc240879dd5b29,2017-10-27T05:02:47.000Z,0.00139989,0x83083178cd24948420182fe358b7ad32de83a493,buy,0x9214ec02cb71cba0ada6896b8da260736a67ab10,0x8d77f09108d7956d5aa5565462d3a24246f5319a8515efb2912bb7eac9ac384c
380,14,0.01959846,0xde8beacfbdd7b7737e53b9997cdc240879dd5b29,2017-10-27T04:55:04.000Z,0.00139989,0x83083178cd24948420182fe358b7ad32de83a493,buy,0x9214ec02cb71cba0ada6896b8da260736a67ab10,0x040d376675be7485f4a7f4d932c77c0483586bab78ee9cf49cba017599f3ba85
381,300,0.3494997,0x273a5d3e6721b9f5c1a6474f560c1334c63dda01,2017-10-27T04:53:22.000Z,0.001164999,0x47b64c800161cc82d81ca055a90ee5c5550ef11d,buy,0x9214ec02cb71cba0ada6896b8da260736a67ab10,0xffe3cf74c335eb41062c776f867efd9bfaf2a02ad862382a926e560ff9ac43ce
382,299.1,0.3831471,0x22fe86d82ffc3d68c9dc286aa4f6c86b5a2c235b,2017-10-27T04:53:22.000Z,0.001281,0x273a5d3e6721b9f5c1a6474f560c1334c63dda01,sell,0x9214ec02cb71cba0ada6896b8da260736a67ab10,0xffe3cf74c335eb41062c776f867efd9bfaf2a02ad862382a926e560ff9ac43ce
383,1348.3543868629934,1.8875478226256357,0xde8beacfbdd7b7737e53b9997cdc240879dd5b29,2017-10-27T04:49:08.000Z,0.00139989,0x83083178cd24948420182fe358b7ad32de83a493,buy,0x9214ec02cb71cba0ada6896b8da260736a67ab10,0x44c63fb03660fb2b64a90a64f69e502ea55a36a6283172d728d7505634cb4315
