,amount,amountBase,buyer,date,price,seller,side,tokenAddr,txHash
0,525.65617389,0.000420524939112,0x7e1e88f8b509f9cf701d309f56aae0e3ca6bb266,2017-11-02T09:32:06.000Z,0.0000008,0x890fb358a28f43f014244baa59c609f00c921def,sell,0x9e77d5a1251b6f7d456722a6eac6d2d5980bd891,0xdac3bbaa44c365df5b7ddbde00d6e3fae9825f4d53504352937a29e360b0b6ec
1,333.33333333,0.0005,0x3075f7f189912f4f425dd7021b9c396434197477,2017-11-02T08:02:07.000Z,0.000001500000000015,0xc69e3cd404c4eee62a9ba237a6ce76a49980bf9a,buy,0x9e77d5a1251b6f7d456722a6eac6d2d5980bd891,0x76e1278e6f3e341af0795656f2a32badfb20fbc385bf4f06a13bea5fcf563916
2,333.33333333,0.0005,0x4fda9e6bcd83af6c5cc771b5d20accc2b7720074,2017-11-02T07:58:25.000Z,0.000001500000000015,0xc69e3cd404c4eee62a9ba237a6ce76a49980bf9a,buy,0x9e77d5a1251b6f7d456722a6eac6d2d5980bd891,0x095fa97315bf8f5cf2d50cd69586661bdf7198634067995201cac22796161d5b
3,336.096788,0.00020501904068,0xea77e83c306f3e3f4654e2b2e272306efc94c9bd,2017-11-02T07:17:36.000Z,0.00000061,0x87f357f24bd9836621a6d1ad5a52888c5ca2be6d,sell,0x9e77d5a1251b6f7d456722a6eac6d2d5980bd891,0x528f85bb5c14e7569ab6973b79fd90e4f5ca3fd34488d6ae94c400ba8446b76d
4,4014.41903688,0.0024487956124968,0xea77e83c306f3e3f4654e2b2e272306efc94c9bd,2017-11-02T06:22:09.000Z,0.00000061,0xb4a7bd835a0a7bee4f1bb36eb4ae7997aa2062d0,sell,0x9e77d5a1251b6f7d456722a6eac6d2d5980bd891,0xeb3cf40c5418bfe84904df510449092e96cbfa0c707fa42b811b7a18669ce892
5,30455.542,0.0319783191,0x565082e07c6b7799872dcbc27b36be7762bd5a39,2017-11-01T23:51:33.000Z,0.00000105,0x488f18d46f9105ff554ab4a66874f3989a1a8783,buy,0x9e77d5a1251b6f7d456722a6eac6d2d5980bd891,0x02193d7dc5816c5acb1b9263bb5f7e41b9ebded99b319e82a48c650a76a2d00a
6,18190.608,0.0172810776,0x565082e07c6b7799872dcbc27b36be7762bd5a39,2017-11-01T23:50:14.000Z,0.00000095,0x488f18d46f9105ff554ab4a66874f3989a1a8783,buy,0x9e77d5a1251b6f7d456722a6eac6d2d5980bd891,0xb0a25561756230fe09a7ef4bd645c110dc4e1a8c6cb1794df83a16001854ef23
7,1809.39163365,0.001718922051968802,0x81df114b711dcf8e5c539870100367c5bc98c29d,2017-11-01T23:22:59.000Z,0.00000095000000000071,0x488f18d46f9105ff554ab4a66874f3989a1a8783,buy,0x9e77d5a1251b6f7d456722a6eac6d2d5980bd891,0x7249f10189fc6f60d8f5a93172ce8914917561bc5ff63294bc8083017deebfe4
8,223.77480904,0.00009130012208832,0xb38926a4f69c5dfb02397d7519a67304e2c4fbcb,2017-11-01T22:42:13.000Z,0.000000408,0x9c1875fa2a0db875ef8b81e045d29ac6642a0857,sell,0x9e77d5a1251b6f7d456722a6eac6d2d5980bd891,0xd8296746bbd0574b9ac6fc289ef662ea914ce8eaf560e1ae8d331d71403aa2b0
9,264.05243744,0.00010773339447552,0xb38926a4f69c5dfb02397d7519a67304e2c4fbcb,2017-11-01T21:40:09.000Z,0.000000408,0x405c548321f8dd153c33454790109a5fe14e246c,sell,0x9e77d5a1251b6f7d456722a6eac6d2d5980bd891,0x7e4c6976f49cb61e28858574722ee12f13207cc04d712e0862f2ea7cfc75efc2
10,297.06910262,0.00012120419386896,0x107d35bdbb393d33d6d9ce4127883b057b8e6187,2017-11-01T18:41:41.000Z,0.000000408,0x1b6572f89d7d320e044b0a218e3c68c8198c2c40,sell,0x9e77d5a1251b6f7d456722a6eac6d2d5980bd891,0x4790f03183c257f13cd1a68ba8d785b4add501f39c310c4bc39bd005c5563a56
11,133.94676502,0.00005465028012816,0x107d35bdbb393d33d6d9ce4127883b057b8e6187,2017-11-01T18:35:32.000Z,0.000000408,0x78a7f4859f41fcf7b7babdfe07033fb6a311afc1,sell,0x9e77d5a1251b6f7d456722a6eac6d2d5980bd891,0x40e6e267701d8d8e5370b0df6ce0155f53a7d8e15c094c15346524fe52b7c6cc
12,14848.96809533,0.00604353001479931,0x272da413b84dcb2d5ad945a3d46806e22c75e04e,2017-11-01T14:03:57.000Z,0.000000407,0xbfce4713723a2cfd174371dae89e97b75e7842de,sell,0x9e77d5a1251b6f7d456722a6eac6d2d5980bd891,0xac487b6b9ff598306420202c8ad37fbee2e57207b44033f8f2b761bab0e7e7d0
13,15000,0.006105,0x3cc20253b2f7ceeec87ed6db1facdd622f975d3c,2017-11-01T14:00:27.000Z,0.000000407,0xbfce4713723a2cfd174371dae89e97b75e7842de,sell,0x9e77d5a1251b6f7d456722a6eac6d2d5980bd891,0x4224e15428e51fa536540eb731a8b6e34e7f298a851b7a35d5c291dd0a4b952c
14,20000,0.012,0xb49b884b29e25ba3ab4d772c1b9322886a7696d7,2017-11-01T13:58:02.000Z,0.0000006,0xbfce4713723a2cfd174371dae89e97b75e7842de,sell,0x9e77d5a1251b6f7d456722a6eac6d2d5980bd891,0x497980509f50d1ee66d568362b6ef1f0803b9d4a24299ec80a41b296365ced8f
15,1326.829,0.00108799978,0x7c1a00f41b5d6751664ce402549395e1f5d6635b,2017-11-01T11:42:56.000Z,0.00000082,0xb017853e62caa85483017df1c1463cdcb7df9d85,sell,0x9e77d5a1251b6f7d456722a6eac6d2d5980bd891,0x7cdf226734a6d36b008de24c44cb8a4364550a962b1843178d8e031fb6182044
16,8362.28494046,0.006689827952368,0x7e1e88f8b509f9cf701d309f56aae0e3ca6bb266,2017-11-01T10:52:13.000Z,0.0000008,0xbfb7819128f8256df9ad57e44337d988a860f92b,sell,0x9e77d5a1251b6f7d456722a6eac6d2d5980bd891,0xb925c847d6e2cac928bf17adfaa33e8ff86a93c1bf0dc77d910831d9272d01e4
17,1606.96109295,0.001317708256915109,0xbf3ff66b9f477e3c6f3b8b2c6053e398a243e6c1,2017-11-01T10:49:19.000Z,0.00000082000009999999,0xbfb7819128f8256df9ad57e44337d988a860f92b,sell,0x9e77d5a1251b6f7d456722a6eac6d2d5980bd891,0x3108beb74926232ab1acceb5d01391a807a6638ee02da418cbb2386c62a08f5a
18,170.11065696,0.000139490755718265,0xbf3ff66b9f477e3c6f3b8b2c6053e398a243e6c1,2017-11-01T09:30:32.000Z,0.00000082000009999999,0x35c41897f9d50c7a726394cfe6e6deb6a2c1e133,sell,0x9e77d5a1251b6f7d456722a6eac6d2d5980bd891,0x2a2678b5d70a51159530ba3d79a1349247ee4d0b48a2a306dcc1878fbb4f6c77
19,462.56604525,0.000379304203361604,0xbf3ff66b9f477e3c6f3b8b2c6053e398a243e6c1,2017-11-01T07:24:30.000Z,0.00000082000009999999,0x1f9bfbdb87c4f928320e079223f8098ba3cf63eb,sell,0x9e77d5a1251b6f7d456722a6eac6d2d5980bd891,0x7c61a68dcc63bafc9a2c71280f66d49da10c53ff2ab36e42cadff8b02504b4a7
20,310.95902701,0.000254986433244102,0xbf3ff66b9f477e3c6f3b8b2c6053e398a243e6c1,2017-11-01T03:35:07.000Z,0.00000082000009999999,0xd14a86c1d73c2b583b540838ad2c541182138484,sell,0x9e77d5a1251b6f7d456722a6eac6d2d5980bd891,0x6037b2c50a7f5fec9c25f722b3722919f0a11caf21513940576b5b24288436f1
21,10000,0.0105,0xbfce4713723a2cfd174371dae89e97b75e7842de,2017-10-31T20:40:37.000Z,0.00000105,0x488f18d46f9105ff554ab4a66874f3989a1a8783,buy,0x9e77d5a1251b6f7d456722a6eac6d2d5980bd891,0x9b9d32d7f062ad345463128c2d9bcec673bba26480deec91fac6edb6ab6b4a3e
22,10000,0.011,0x0a23e3542ea05bcf2dea1ae66eef33543c71b891,2017-10-31T16:50:07.000Z,0.0000011,0xc69e3cd404c4eee62a9ba237a6ce76a49980bf9a,buy,0x9e77d5a1251b6f7d456722a6eac6d2d5980bd891,0x3d2040bf3d33a2010797405587f45f45ce34eecd53056b8c3a261ed6ae9812b1
23,696.83979663,0.000571408702920579,0xbf3ff66b9f477e3c6f3b8b2c6053e398a243e6c1,2017-10-31T15:59:08.000Z,0.00000082000009999999,0x6af70ceb9f95f1251957654b68f6314dd9c3ae5e,sell,0x9e77d5a1251b6f7d456722a6eac6d2d5980bd891,0x4d2987c612ed9e0a0b2fbfe00080cbee3e9f2986b2126aa53bfa28f72b5722a4
24,1169.00189002,0.000958581666716589,0xbf3ff66b9f477e3c6f3b8b2c6053e398a243e6c1,2017-10-31T15:16:04.000Z,0.00000082000009999999,0x0f665cf72dab02b78e40a576e45211825eb6df5a,sell,0x9e77d5a1251b6f7d456722a6eac6d2d5980bd891,0x6a61b091db3015e3086105300c755644b8c6ca37e8d51f8a13766f52d6229ff5
25,5000,0.0055,0xd7a4fc2eda6a6db74cdca7278329986de8bae727,2017-10-31T13:42:56.000Z,0.0000011,0xc69e3cd404c4eee62a9ba237a6ce76a49980bf9a,buy,0x9e77d5a1251b6f7d456722a6eac6d2d5980bd891,0x68617dcb545f6891cb488e944aeed5e018f60056d2873a17ae904c4a4ca9b414
26,35000,0.0287000035,0xbf3ff66b9f477e3c6f3b8b2c6053e398a243e6c1,2017-10-31T10:28:43.000Z,0.0000008200001,0x272da413b84dcb2d5ad945a3d46806e22c75e04e,sell,0x9e77d5a1251b6f7d456722a6eac6d2d5980bd891,0x6ba9bee2679900c0317719c6ee857af9b3bdbb5c5180d1d30cc63b55454451fb
27,40322.26082673,0.03310457613874533,0x4ba054cf489d9de38525a2f1b76244fd3de4692e,2017-10-31T09:20:16.000Z,0.000000821,0x272da413b84dcb2d5ad945a3d46806e22c75e04e,sell,0x9e77d5a1251b6f7d456722a6eac6d2d5980bd891,0xb5b7875f8737cbd75fb1f47e96c9853a95caf9bcd6ce43f6782cca5450536c68
28,9677.73917327,0.00794542386125467,0x4ba054cf489d9de38525a2f1b76244fd3de4692e,2017-10-31T06:50:48.000Z,0.000000821,0x935ff6f507d8f55aff8d7b181e3b5f952485937a,sell,0x9e77d5a1251b6f7d456722a6eac6d2d5980bd891,0xae5975c3c9de195e00a154516d41f8195adbd1c7e3faa44b7cdc629226829211
29,1276,0.0015312,0xab45233b06b1d1f452901661f6a931c9da663cc0,2017-10-31T00:52:10.000Z,0.0000012,0xc8d8059a6672518ddbcc6b69d4854d2d6c55314e,buy,0x9e77d5a1251b6f7d456722a6eac6d2d5980bd891,0xa74b6a5f3c905c4f5fb22bec16addcf0f6b70e25c3b5f44ec64c243d227b94e9
30,50000,0.065,0x557458cf2d822645f47164d59c727fad98509450,2017-10-30T23:58:01.000Z,0.0000013,0x488f18d46f9105ff554ab4a66874f3989a1a8783,buy,0x9e77d5a1251b6f7d456722a6eac6d2d5980bd891,0x1cc6745cf10cfee78a892e4b06bd9bc30eae3e882f60fe43c0b6c78d57a995e9
31,583.56149118,0.000478520481123749,0xbf3ff66b9f477e3c6f3b8b2c6053e398a243e6c1,2017-10-30T20:37:44.000Z,0.00000082000009999999,0xe1e1d0d73eeb29d0632bc4c7871bfc74dbed0741,sell,0x9e77d5a1251b6f7d456722a6eac6d2d5980bd891,0x83537c2a5045041e02957f809341012215dc36b9ce58ca53c54e8118bd736b8b
32,996.95927675,0.000817506606935,0x318bd73023babf737e865228faad489024bad0ca,2017-10-30T18:49:52.000Z,0.00000082,0x7d26bbdde8d8c34d58d7b2d72042e64be90a9153,sell,0x9e77d5a1251b6f7d456722a6eac6d2d5980bd891,0x9a6cd41fd049e3c31e8b43704987a4591cbd6f9e8120388b95d90ce7cec3e111
33,498.45479015,0.000408732927923,0x318bd73023babf737e865228faad489024bad0ca,2017-10-30T18:14:29.000Z,0.00000082,0x7d26bbdde8d8c34d58d7b2d72042e64be90a9153,sell,0x9e77d5a1251b6f7d456722a6eac6d2d5980bd891,0x8d16946a66e2e1930307514623b26e9297264e3cc866d39d2fa2488bcb7c14fb
34,143.40528011,0.0001175923296902,0x318bd73023babf737e865228faad489024bad0ca,2017-10-30T17:08:54.000Z,0.00000082,0xb3e30dea4952551d57cbbd64ab850965179ad2d5,sell,0x9e77d5a1251b6f7d456722a6eac6d2d5980bd891,0x8d861ab254e6abf1930712ce6972c3e2b2226edf4f5d1923419975685ec294e5
35,3490.95066615,0.002862579546243,0x318bd73023babf737e865228faad489024bad0ca,2017-10-30T15:18:35.000Z,0.00000082,0xb9b65361c4da42b14b935bc778f141afa5d71558,sell,0x9e77d5a1251b6f7d456722a6eac6d2d5980bd891,0x78e1b300df07f9d46f73fd3fe0321753c507203c5c2d8179fd435e1b1f03f7d3
36,416.35131093,0.0003414080749626,0x318bd73023babf737e865228faad489024bad0ca,2017-10-30T12:33:49.000Z,0.00000082,0x952c73db8f515b7d84a7d4f8c7bf1a2880be7f25,sell,0x9e77d5a1251b6f7d456722a6eac6d2d5980bd891,0x65980b5745e3069e58bb0b7f45814e8c7fceae0bb09152c24e59b87459c9ef08
37,80245.525,0.09629463,0xa5924ff5b33ab87d8733bcfb4c82ef8400df01ef,2017-10-30T05:00:55.000Z,0.0000012,0x485d715fb51c67579ca3dcc0fcf7edd165b2d659,buy,0x9e77d5a1251b6f7d456722a6eac6d2d5980bd891,0xb07b846851cd3b5e467e4e1f4f24d189c84b360521e53ec06dc9f0c9d139d9d2
38,1030.242,0.000866433522,0xa5924ff5b33ab87d8733bcfb4c82ef8400df01ef,2017-10-30T02:04:25.000Z,0.000000841,0x16e5d97bbc92417e051e3b2cabfbf8ceea2acb9c,sell,0x9e77d5a1251b6f7d456722a6eac6d2d5980bd891,0xccd6857812816783ea965385cd1332ed2cc9410b87c166282fa9686af340b640
39,0.59814574,0.0029907287409032,0xb51eb99f0f4bea0dce089900afa9e1526aa9a6de,2017-10-30T01:26:53.000Z,0.005000000068383334,0x2a0197507398019c56307b2833ca8889954e2d04,buy,0x9e77d5a1251b6f7d456722a6eac6d2d5980bd891,0x5f8f59732ffb601990cc73d2da60005909519c3e6ad915a649ecc2d63a83c44f
40,245.5258698,0.000206241730632,0x485d715fb51c67579ca3dcc0fcf7edd165b2d659,2017-10-29T19:06:34.000Z,0.00000084,0xbdad771e20c39f35fd04871106788c9745b5eb27,sell,0x9e77d5a1251b6f7d456722a6eac6d2d5980bd891,0x472a06fb60f1aaf60fd6a28ba26cc086dd26e37d26b67c71bf641ff0bffbd818
41,443.62476323,0.00044362476323,0xdbbae39c54992479faac890e81eb4d8579b951d6,2017-10-29T17:37:22.000Z,0.000001,0x0969078a4270593681dd3c97f5d2e47dd55dacf1,sell,0x9e77d5a1251b6f7d456722a6eac6d2d5980bd891,0xcb34ee984ff7fa145d4cdf3bbdbb2cbb26266e21d4f7526bd2199a0be9d9c9f0
42,10003.53,0.01000353,0xdbbae39c54992479faac890e81eb4d8579b951d6,2017-10-29T13:43:24.000Z,0.000001,0x24bf5f007e4b06f5777c460fb02d3521c1b521a8,buy,0x9e77d5a1251b6f7d456722a6eac6d2d5980bd891,0x4689706097d07765f2170fd0e35d04b8366b5a68edf6ec3eb3420a2140126dba
43,0.49691436,0.000000397531488,0x7e1e88f8b509f9cf701d309f56aae0e3ca6bb266,2017-10-29T10:50:27.000Z,0.0000008,0x100993c77871a796f4601071032c2aa39b99c56c,sell,0x9e77d5a1251b6f7d456722a6eac6d2d5980bd891,0x7e1d8280287965aa2b8d6544308c78d63a9e19a052dcbcf6e1780c067d7f6d2d
44,9689.96112052,0.00968996112052,0x102c3bf8a7e84383f2e9bb35f0bba8d17f3be442,2017-10-29T10:42:44.000Z,0.000001,0x726a858c46e3477b4479b12f04bd3fc4e463e954,sell,0x9e77d5a1251b6f7d456722a6eac6d2d5980bd891,0x9a5fabf35f227ef0de1283d8499c595eb5ca2a0d25ad543c6d5ae80b33a51432
45,10000,0.01002,0x9d3aeaca91a54a6b4588d2821ea105521ab0a4d3,2017-10-29T10:41:28.000Z,0.000001002,0x726a858c46e3477b4479b12f04bd3fc4e463e954,sell,0x9e77d5a1251b6f7d456722a6eac6d2d5980bd891,0x0cc15c47657551f2c9054686576743b35c8b7f9a445643c8a68a452e2f33623e
46,80000,0.0804,0x485d715fb51c67579ca3dcc0fcf7edd165b2d659,2017-10-29T10:41:28.000Z,0.000001005,0x726a858c46e3477b4479b12f04bd3fc4e463e954,sell,0x9e77d5a1251b6f7d456722a6eac6d2d5980bd891,0xf24e0b45266b18f3a401946d66430958efdac5dee179784d76f8c5e4402ad263
47,40000,0.0408,0x86d4b794a7ffa3a3ea81421107cf26b7ad1b3d44,2017-10-29T09:38:12.000Z,0.00000102,0x726a858c46e3477b4479b12f04bd3fc4e463e954,sell,0x9e77d5a1251b6f7d456722a6eac6d2d5980bd891,0x727c2ebbe887c66d6556c280a12ff5339c696844e8ac18c0fdb4304a896b7287
48,1779.341,0.002144105905,0x86d4b794a7ffa3a3ea81421107cf26b7ad1b3d44,2017-10-29T09:37:17.000Z,0.000001205,0x726a858c46e3477b4479b12f04bd3fc4e463e954,sell,0x9e77d5a1251b6f7d456722a6eac6d2d5980bd891,0xeec196ae8beaa57171fa0bfe041f98a89f15d6c9f3852a7d71c3b636cdea1643
49,30000,0.039,0xc3a4dd160d68592387244ae374cab304e0dc4780,2017-10-29T09:33:47.000Z,0.0000013,0x726a858c46e3477b4479b12f04bd3fc4e463e954,sell,0x9e77d5a1251b6f7d456722a6eac6d2d5980bd891,0x05cf1da555135756ec2f832988322751fba35a2d1bc387607e5d42bd32cee9ad
50,10000,0.0115,0xdbbae39c54992479faac890e81eb4d8579b951d6,2017-10-29T07:14:09.000Z,0.00000115,0x272da413b84dcb2d5ad945a3d46806e22c75e04e,sell,0x9e77d5a1251b6f7d456722a6eac6d2d5980bd891,0x8e8d452ec21c49fe138a00be09868df6097e90e88f9cd78554d7410c3df23ead
51,30012.001,0.03481392116,0x02f516ad79119c74cf1f47ab610023337b3bd8d3,2017-10-29T07:11:45.000Z,0.00000116,0x272da413b84dcb2d5ad945a3d46806e22c75e04e,sell,0x9e77d5a1251b6f7d456722a6eac6d2d5980bd891,0xbe27c8c310f610e6c75bfc06e348f1c4d3b02fb8ab115ce01bd218b57ac8f6d2
52,10000,0.01165,0xbf3ff66b9f477e3c6f3b8b2c6053e398a243e6c1,2017-10-29T07:11:09.000Z,0.000001165,0x272da413b84dcb2d5ad945a3d46806e22c75e04e,sell,0x9e77d5a1251b6f7d456722a6eac6d2d5980bd891,0xe2fb4c85d0facd394b18743975471aadd76c5770a57d9a2b0f94ec66976e16cb
53,45344.781,0.052826669865,0xc69e3cd404c4eee62a9ba237a6ce76a49980bf9a,2017-10-29T07:10:19.000Z,0.000001165,0x272da413b84dcb2d5ad945a3d46806e22c75e04e,sell,0x9e77d5a1251b6f7d456722a6eac6d2d5980bd891,0x5350513abca70f0a8bf56889bdf03ba7d54fdb848eae0a2a3fc8bd86bcd3270f
54,10181.692,0.012228212092,0xce385eb7ec5eb29302050828f69fcff5e0a88d14,2017-10-29T07:10:03.000Z,0.000001201,0x272da413b84dcb2d5ad945a3d46806e22c75e04e,sell,0x9e77d5a1251b6f7d456722a6eac6d2d5980bd891,0xe419c74138a1c6de46d0846ff9e017e21f0cdd5d7848011b22f08f3f4d7c2828
55,10.94680104,0.00001314710804904,0xce385eb7ec5eb29302050828f69fcff5e0a88d14,2017-10-29T07:02:14.000Z,0.000001201,0x9869f389b5fe3543bf60b21096c235d02d0686e1,sell,0x9e77d5a1251b6f7d456722a6eac6d2d5980bd891,0x3fd4b78b3a02368be4595ddb11e8ea75e221b99e1c4869dd1e58fe3045c3fb7d
56,109807.36115619,0.13187864074858419,0xce385eb7ec5eb29302050828f69fcff5e0a88d14,2017-10-29T06:59:47.000Z,0.000001201,0x9869f389b5fe3543bf60b21096c235d02d0686e1,sell,0x9e77d5a1251b6f7d456722a6eac6d2d5980bd891,0x894c95ee3f014da142b82247a603385bf1f64ae20f6f7d7877d7e1d6fd0fa596
57,28220.6586646,0.034005893690843,0x86d4b794a7ffa3a3ea81421107cf26b7ad1b3d44,2017-10-29T06:59:08.000Z,0.000001205,0x9869f389b5fe3543bf60b21096c235d02d0686e1,sell,0x9e77d5a1251b6f7d456722a6eac6d2d5980bd891,0x9db83e1b5599aab971fb5612911649fc0f5367d3081e45de09ac1112c19bfbbe
58,21362.817,0.02798529027,0x02f516ad79119c74cf1f47ab610023337b3bd8d3,2017-10-29T06:58:55.000Z,0.00000131,0x9869f389b5fe3543bf60b21096c235d02d0686e1,sell,0x9e77d5a1251b6f7d456722a6eac6d2d5980bd891,0xca580457e47645ab241d0ebfdedaefa1ff5f6744e3fdbff17046d82aaa2e8988
59,40000,0.05244,0x715cde20fbf6e150cff8d3c6d67db661dbbdc775,2017-10-29T06:58:43.000Z,0.000001311,0x9869f389b5fe3543bf60b21096c235d02d0686e1,sell,0x9e77d5a1251b6f7d456722a6eac6d2d5980bd891,0xd12a31b3e35d5c7ad5bdbd46aafb6532c9dd24cd6c626a2215cffab0e5a8a809
60,5000,0.007,0x16c30df542fcc6ac9d898f3b04ca06f88874f4dd,2017-10-29T05:59:13.000Z,0.0000014,0x06c6fea19f72ffeccb0326805b723ae3cae131ca,sell,0x9e77d5a1251b6f7d456722a6eac6d2d5980bd891,0x5cb56608181e767ca50baf227d20ce561989ae5698ef2056599e510e353694a9
61,0.12154497,0.0000001592239107,0x02f516ad79119c74cf1f47ab610023337b3bd8d3,2017-10-29T00:49:15.000Z,0.00000131,0xd7a12a0492a1decdb8417734167c43c89ec802a8,sell,0x9e77d5a1251b6f7d456722a6eac6d2d5980bd891,0x65e8dd9e865bbf1a24c44f3f7d62b1c868f29f91ba96990eb5a9247b89024d41
62,4124.27600784,0.005567772610584,0x935ff6f507d8f55aff8d7b181e3b5f952485937a,2017-10-28T23:32:14.000Z,0.00000135,0x02f516ad79119c74cf1f47ab610023337b3bd8d3,sell,0x9e77d5a1251b6f7d456722a6eac6d2d5980bd891,0x42d2a855cc72b03ae138099472cd65f194248f2e16efc84aae81209267a1c74c
63,854.259,0.00115324965,0xdbbae39c54992479faac890e81eb4d8579b951d6,2017-10-28T21:38:44.000Z,0.00000135,0x12986cd77b7494830c0739f54b2e682cff07b77e,buy,0x9e77d5a1251b6f7d456722a6eac6d2d5980bd891,0xaf7a82e97f7b7c37ca76b1cb1998227c3f46a9fe1829ae50cb940160bc8f2a26
64,370.37037037,0.0005,0x34f9560c63078eb61872a4dc2ccd20e21c34feaf,2017-10-28T20:13:17.000Z,0.00000135000000000135,0x12986cd77b7494830c0739f54b2e682cff07b77e,buy,0x9e77d5a1251b6f7d456722a6eac6d2d5980bd891,0x892a14a2ed59af91f47851845b554833881c203c9c3d84db5bdfabf1d2ef548e
65,20000,0.04,0x0cf71832adae37bbdb22704d1a6b402de9b40827,2017-10-28T17:10:26.000Z,0.000002,0x488f18d46f9105ff554ab4a66874f3989a1a8783,buy,0x9e77d5a1251b6f7d456722a6eac6d2d5980bd891,0xe835080459241dfe3dd318e9214c0e8fd22955d99703a5b01e4f344af900aedf
66,10000,0.02,0x0cf71832adae37bbdb22704d1a6b402de9b40827,2017-10-28T17:09:57.000Z,0.000002,0x488f18d46f9105ff554ab4a66874f3989a1a8783,buy,0x9e77d5a1251b6f7d456722a6eac6d2d5980bd891,0x3939aa61b08c81ea37d8325ca96d5cffa54d91a9ab7927dcd14a17d73161f1ed
67,17150,0.0343,0x0cf71832adae37bbdb22704d1a6b402de9b40827,2017-10-28T17:08:39.000Z,0.000002,0x99590cdc1e8d54b281b96416c359b9b2eedc4314,sell,0x9e77d5a1251b6f7d456722a6eac6d2d5980bd891,0x744b18fac6a255fe5600e8f08fdc6e37800a396dc5c65ca1735a075155f899b6
68,22389.85115334,0.04477970230668,0x0cf71832adae37bbdb22704d1a6b402de9b40827,2017-10-28T16:58:16.000Z,0.000002,0xbb99248a99566f835526be70cfbd07476a0b1b29,sell,0x9e77d5a1251b6f7d456722a6eac6d2d5980bd891,0x051bb37413ddc092bb9a3c0df386af0fc496b7b68c531f5374223e607eef2260
69,113321.70819267,0.2243769822214866,0x0cf71832adae37bbdb22704d1a6b402de9b40827,2017-10-28T16:47:50.000Z,0.00000198,0x68ca7fc4bfc3bb2a9cf6f45736dcadc2c427c5a0,sell,0x9e77d5a1251b6f7d456722a6eac6d2d5980bd891,0x76cf7145ef05a1ca6e60eb2a41a09226135d973b318bf183addbf7fa2fcf0458
70,511.91206135,0.001013585881473,0x0cf71832adae37bbdb22704d1a6b402de9b40827,2017-10-28T16:24:33.000Z,0.00000198,0x1219d3a907e11bb8dd4b0018414186d16b5f7e8b,sell,0x9e77d5a1251b6f7d456722a6eac6d2d5980bd891,0xbb0c2598e072504b2e0d03c90fd7dbc8f61c4b846d9eacb9142ea560f37748ea
71,9151,0.01811898,0x35384da841d9c85551ad24e634f8d979f5a06aa1,2017-10-28T16:17:47.000Z,0.00000198,0x935ff6f507d8f55aff8d7b181e3b5f952485937a,buy,0x9e77d5a1251b6f7d456722a6eac6d2d5980bd891,0xef04dca2123ab7ee19e623930d57fa6df1da3f864b32a2b032de54767fd4a7e0
72,3215.61858239,0.00594567875883911,0x0cf71832adae37bbdb22704d1a6b402de9b40827,2017-10-28T16:13:56.000Z,0.000001849,0xd7226c1a96a531372302e59f90472c6e3ae194a1,sell,0x9e77d5a1251b6f7d456722a6eac6d2d5980bd891,0x802a3c6035643407da8ff48677b6f0b96ea66e1bbeed17d72fd7fe3376c65be5
73,50000,0.09245,0x0cf71832adae37bbdb22704d1a6b402de9b40827,2017-10-28T16:03:37.000Z,0.000001849,0x86d4b794a7ffa3a3ea81421107cf26b7ad1b3d44,sell,0x9e77d5a1251b6f7d456722a6eac6d2d5980bd891,0x317557ec6b6380409f034ff037533ea787e3503a8bd403c91c6bf01b5012cb55
74,10000,0.0151,0xdbbae39c54992479faac890e81eb4d8579b951d6,2017-10-28T15:44:26.000Z,0.00000151,0x488f18d46f9105ff554ab4a66874f3989a1a8783,buy,0x9e77d5a1251b6f7d456722a6eac6d2d5980bd891,0xf9fb4ea8f57ca36f88bdc4a285acaf52148765826e91b6abc80d4a25b29b3068
75,5582.69364968,0.007536636427068,0x935ff6f507d8f55aff8d7b181e3b5f952485937a,2017-10-28T15:31:41.000Z,0.00000135,0x552dfe81ec889851479d034b6b474ae4a64ffb4a,sell,0x9e77d5a1251b6f7d456722a6eac6d2d5980bd891,0x9cf2027aa62fa34c7759c04916c96bcb79758d71a7f6751c21bdda9fa73919f8
76,28637.06112952,0.0375145500796712,0x02f516ad79119c74cf1f47ab610023337b3bd8d3,2017-10-28T12:56:35.000Z,0.00000131,0x98d7d86a36abf430d6311d8685e9760a85b222dd,sell,0x9e77d5a1251b6f7d456722a6eac6d2d5980bd891,0xc318bc5f71d9d16085eb82fad9c7ac89edbdb86831e74b11d6f76ca7fa5e6bf6
77,156.25934964,0.0002117314187622,0xcaeb48fd6741bd9c10872af91d3710ec8ee45a1a,2017-10-28T12:37:21.000Z,0.000001355,0x5bc95a05820c49cca418727d9a343bb1e09eff8a,sell,0x9e77d5a1251b6f7d456722a6eac6d2d5980bd891,0x6a530ed35595ec8172ba4eab4c0e1bbc173ed150b0ee84ff41a8df9590227d80
78,10000,0.0145,0x47dfd83e0eedfea1544d04e473abb55d95ed4e43,2017-10-28T11:54:04.000Z,0.00000145,0x68ca7fc4bfc3bb2a9cf6f45736dcadc2c427c5a0,sell,0x9e77d5a1251b6f7d456722a6eac6d2d5980bd891,0x7f14f71e8f177005980ae188d4d7422ea62783c7084fafc527a3f3eb6da26394
79,10000,0.01401,0xbf3ff66b9f477e3c6f3b8b2c6053e398a243e6c1,2017-10-28T11:54:04.000Z,0.000001401,0x68ca7fc4bfc3bb2a9cf6f45736dcadc2c427c5a0,sell,0x9e77d5a1251b6f7d456722a6eac6d2d5980bd891,0x99376945e611e46cb1fb3b391c9f864ec175cbc99b17565a2b074dc1ed229f16
80,10000,0.01402,0x47dfd83e0eedfea1544d04e473abb55d95ed4e43,2017-10-28T11:54:04.000Z,0.000001402,0x68ca7fc4bfc3bb2a9cf6f45736dcadc2c427c5a0,sell,0x9e77d5a1251b6f7d456722a6eac6d2d5980bd891,0xa43cd508e43ff4939a50036debe8c71ff1537a9bf1fc94e4590070f935effe29
81,10000,0.01403,0xbf3ff66b9f477e3c6f3b8b2c6053e398a243e6c1,2017-10-28T11:54:04.000Z,0.000001403,0x68ca7fc4bfc3bb2a9cf6f45736dcadc2c427c5a0,sell,0x9e77d5a1251b6f7d456722a6eac6d2d5980bd891,0xa59b50d069002ec5b120bfb82de6930634611da24ae5f892e9619310a687c92d
82,94.82281033,0.00013758789778883,0xbf3ff66b9f477e3c6f3b8b2c6053e398a243e6c1,2017-10-28T10:42:59.000Z,0.000001451,0x62f0e6551c0f43ec78aa08d588c45988a4ee9420,sell,0x9e77d5a1251b6f7d456722a6eac6d2d5980bd891,0x148c79cfd57341d9cb2d4be2228f2f669b2d4c976f0cd662e797eeeb1149f89a
83,10000,0.02,0x102c3bf8a7e84383f2e9bb35f0bba8d17f3be442,2017-10-28T10:17:46.000Z,0.000002,0x68ca7fc4bfc3bb2a9cf6f45736dcadc2c427c5a0,sell,0x9e77d5a1251b6f7d456722a6eac6d2d5980bd891,0xb7b8f867a315531df27ebacea52831a77b563ecc4036725ac1f65b01bad068c3
84,4000,0.008,0x102c3bf8a7e84383f2e9bb35f0bba8d17f3be442,2017-10-28T10:00:58.000Z,0.000002,0x548d500e7d1584aff5c4e51d49bc52cbe35dc80f,sell,0x9e77d5a1251b6f7d456722a6eac6d2d5980bd891,0x3d31608a9ce53d84cf8dc1d92c4241e28fca0e38a2c8fa4f494822f474af1a96
85,5000,0.0099,0x9f4864255b14e1515f0af13e395adbcd0f421b20,2017-10-28T09:27:02.000Z,0.00000198,0x68ca7fc4bfc3bb2a9cf6f45736dcadc2c427c5a0,buy,0x9e77d5a1251b6f7d456722a6eac6d2d5980bd891,0x9e8c87b7de3cf51dbe8a3063dc7164c5a922e5c007e7ad81ab4e5927eb6d2068
86,25176.99401949,0.04985044815860982,0xea917e28a855a5f29cb5317c80eb0215aa597f4e,2017-10-28T09:20:25.000Z,0.00000198000000000077,0x68ca7fc4bfc3bb2a9cf6f45736dcadc2c427c5a0,buy,0x9e77d5a1251b6f7d456722a6eac6d2d5980bd891,0x95e41c53c25791d9204ae57bb73b44f9bb6ce12eb3435d4dc3392302c3fee178
87,15504.11676105,0.0190700636160915,0x62f0e6551c0f43ec78aa08d588c45988a4ee9420,2017-10-28T09:17:17.000Z,0.00000123,0x18c657a2403e75ed03a885622031e6c9985fe212,sell,0x9e77d5a1251b6f7d456722a6eac6d2d5980bd891,0xafbedd714033a6c619c7acfc626f6ce41636fa06f27b8a61c64a17ead68d1fa4
88,19788.65516897,0.02299441730634314,0x0cf71832adae37bbdb22704d1a6b402de9b40827,2017-10-28T07:21:35.000Z,0.000001162,0x5efdca26e7cbb98c4f23a46d7a724c6c9148d0cf,sell,0x9e77d5a1251b6f7d456722a6eac6d2d5980bd891,0x90e61004f5c4ccd77229ed9524d0ea036a3fe05a40bfec658bee3ac4e2a46506
89,20000,0.0232,0x132d1c6564ec904fc549620b3d6c56036bebc911,2017-10-28T06:00:20.000Z,0.00000116,0x98d7d86a36abf430d6311d8685e9760a85b222dd,sell,0x9e77d5a1251b6f7d456722a6eac6d2d5980bd891,0x3c0c67cd7f93c294d087f15eae52dd72577277828d324de783d4d6d95616bce8
90,11163.42373229,0.021210505091351,0x98d7d86a36abf430d6311d8685e9760a85b222dd,2017-10-28T05:56:08.000Z,0.0000019,0x98d7d86a36abf430d6311d8685e9760a85b222dd,sell,0x9e77d5a1251b6f7d456722a6eac6d2d5980bd891,0xf3627df88f31943d0112da6f2f76a4e4d15f5e525b43b4b110f05187b5c71a32
91,6681.947,0.0106911152,0x68ca7fc4bfc3bb2a9cf6f45736dcadc2c427c5a0,2017-10-28T05:48:05.000Z,0.0000016,0x98d7d86a36abf430d6311d8685e9760a85b222dd,sell,0x9e77d5a1251b6f7d456722a6eac6d2d5980bd891,0x2de26e8684e21265e9d20f38d5fbf872408547e38df9897d7c463892a26c3196
92,6574.61868209,0.010519389891344,0xaf20875362aa6b395237e3777ae3872977d5cd03,2017-10-28T05:48:05.000Z,0.0000016,0x98d7d86a36abf430d6311d8685e9760a85b222dd,sell,0x9e77d5a1251b6f7d456722a6eac6d2d5980bd891,0x6de85b867a48dba44fadf9a2097b63fc2bcef31d6f0c14a20e48e74a641ffd67
93,327.32381156,0.000523718098496,0x68ca7fc4bfc3bb2a9cf6f45736dcadc2c427c5a0,2017-10-28T05:13:49.000Z,0.0000016,0xa87a6017687f5d7607a4dde37624fa8eec9b0d45,sell,0x9e77d5a1251b6f7d456722a6eac6d2d5980bd891,0xe5f8a1c9e22b8b990873d52a189321fe66e489d521403981aa8bf9be101d6a5e
94,13425.38131791,0.021480610108656,0xaf20875362aa6b395237e3777ae3872977d5cd03,2017-10-28T04:36:02.000Z,0.0000016,0xdde2c69ebc3ab3b343c871f3e9c2a70e18700810,sell,0x9e77d5a1251b6f7d456722a6eac6d2d5980bd891,0x7f2fa7ea78ba5ce1d605cba798a03628dbc5c31995a0fe1870d9c86e61bdfecd
95,2990.7287409,0.00478516598544,0x68ca7fc4bfc3bb2a9cf6f45736dcadc2c427c5a0,2017-10-28T04:32:53.000Z,0.0000016,0xbd56fe45cafbc7b90619e0b14b65a0a2b5c9da39,sell,0x9e77d5a1251b6f7d456722a6eac6d2d5980bd891,0x467054eb7c8458018b173b57b841b0e9570b6af8ebf09f9e82ca9ce076a0eac6
96,2000,0.005198,0x45744ee04d65c42b1dcb09455e8719417c3669c0,2017-10-28T03:20:29.000Z,0.000002599,0xdde2c69ebc3ab3b343c871f3e9c2a70e18700810,buy,0x9e77d5a1251b6f7d456722a6eac6d2d5980bd891,0x5cd8862dfd4206c2be0c802b71dd05b5abec3e7f48fbc4817c60defd77fb85d2
97,50000,0.08,0x68ca7fc4bfc3bb2a9cf6f45736dcadc2c427c5a0,2017-10-28T03:00:59.000Z,0.0000016,0x5efdca26e7cbb98c4f23a46d7a724c6c9148d0cf,sell,0x9e77d5a1251b6f7d456722a6eac6d2d5980bd891,0xc10199c71a72175915c47624f76a69645a3c4f9b8d08a451c685a72b372976bd
98,18563.885,0.033414993,0x68ca7fc4bfc3bb2a9cf6f45736dcadc2c427c5a0,2017-10-28T02:28:27.000Z,0.0000018,0x18c657a2403e75ed03a885622031e6c9985fe212,sell,0x9e77d5a1251b6f7d456722a6eac6d2d5980bd891,0x5da110ee1d2a0fc248dc88667356d13a8e22a6e1612d4f8585d31e5e2b78007b
99,10000,0.018,0x68ca7fc4bfc3bb2a9cf6f45736dcadc2c427c5a0,2017-10-28T02:28:27.000Z,0.0000018,0x18c657a2403e75ed03a885622031e6c9985fe212,sell,0x9e77d5a1251b6f7d456722a6eac6d2d5980bd891,0x252bf125207881c5aaa315335deb21a0de4afeea34a05c46dffc8d600bef8199
100,10163.866,0.0188031521,0xbfce4713723a2cfd174371dae89e97b75e7842de,2017-10-28T02:24:36.000Z,0.00000185,0x18c657a2403e75ed03a885622031e6c9985fe212,sell,0x9e77d5a1251b6f7d456722a6eac6d2d5980bd891,0x7bd42eaebec6158e5f57a645d03fa4c5006e5f7c1a7a4436f5ec7906ba6df168
101,1049.96532801,0.001994934123219,0x98d7d86a36abf430d6311d8685e9760a85b222dd,2017-10-28T02:23:50.000Z,0.0000019,0x18c657a2403e75ed03a885622031e6c9985fe212,sell,0x9e77d5a1251b6f7d456722a6eac6d2d5980bd891,0x207d255e86bf220c97e87fa9e05fd03a0e27a12fe7669717405db2d5f1b9b31a
102,4833,0.00894105,0xbfce4713723a2cfd174371dae89e97b75e7842de,2017-10-28T01:46:02.000Z,0.00000185,0xc8cd137d8ad0646de03b86316bcf5ecca9e9b401,sell,0x9e77d5a1251b6f7d456722a6eac6d2d5980bd891,0xa5a1ea8f9379f1c9a221663d26fe4e90d42f02ee831139b4ccbe6b119398d314
103,3.13389643,0.0000057977083955,0xbfce4713723a2cfd174371dae89e97b75e7842de,2017-10-28T01:42:40.000Z,0.00000185,0x9869f389b5fe3543bf60b21096c235d02d0686e1,sell,0x9e77d5a1251b6f7d456722a6eac6d2d5980bd891,0x6fb71f4b6db3752d400a6950790abd8cbb83fb9bca2e1c0c5aecaae932509199
104,31436.1149551,0.05658500691918,0x68ca7fc4bfc3bb2a9cf6f45736dcadc2c427c5a0,2017-10-28T01:42:12.000Z,0.0000018,0x9869f389b5fe3543bf60b21096c235d02d0686e1,sell,0x9e77d5a1251b6f7d456722a6eac6d2d5980bd891,0xe2ee88c8fad465643d19b37a0f0820800cf31675ad7196aa7ec66eec22b50178
105,50000,0.09275,0x86d4b794a7ffa3a3ea81421107cf26b7ad1b3d44,2017-10-28T01:41:02.000Z,0.000001855,0x9869f389b5fe3543bf60b21096c235d02d0686e1,sell,0x9e77d5a1251b6f7d456722a6eac6d2d5980bd891,0x5e59ee13ff3e74290eaf4dc93a6ababc7900859cc2843d12aa8b2803a01781c9
106,160000,0.2896,0x2b11807dbfc49bd0e21c5ace44d7a2191d992421,2017-10-28T01:39:27.000Z,0.00000181,0x9869f389b5fe3543bf60b21096c235d02d0686e1,sell,0x9e77d5a1251b6f7d456722a6eac6d2d5980bd891,0x488cddbd2bb03e2cd3c34c5a077205a97017ba38af0421c4718767de6c178bbd
107,20000,0.03802,0x543a235a9515b2b10489bccd1a0287f34df5848c,2017-10-28T01:38:54.000Z,0.000001901,0x9869f389b5fe3543bf60b21096c235d02d0686e1,sell,0x9e77d5a1251b6f7d456722a6eac6d2d5980bd891,0x47c6d2d6a918bf20637ab800ec42eb5efe1e5e5fe183615d106dd2a40acdcace
108,35360.79968947,0.0689535593944665,0x98d7d86a36abf430d6311d8685e9760a85b222dd,2017-10-28T01:38:39.000Z,0.00000195,0x9869f389b5fe3543bf60b21096c235d02d0686e1,sell,0x9e77d5a1251b6f7d456722a6eac6d2d5980bd891,0x572af6715577077bc048877d69b009941feae445d01dcc0ce1905d278617deaa
109,4639.20031053,0.0090464406055335,0x98d7d86a36abf430d6311d8685e9760a85b222dd,2017-10-28T01:25:14.000Z,0.00000195,0xf26a55ed2bcdef30f8582b8eadb3600da4397190,sell,0x9e77d5a1251b6f7d456722a6eac6d2d5980bd891,0xaafa3a2944fe0a2c237dc9bb9f6aec5bb09b445429a82fd82a9ce02ce1a00dab
110,25000,0.06,0xbfce4713723a2cfd174371dae89e97b75e7842de,2017-10-28T01:25:14.000Z,0.0000024,0x9869f389b5fe3543bf60b21096c235d02d0686e1,buy,0x9e77d5a1251b6f7d456722a6eac6d2d5980bd891,0x6f951b35b0324bf8241662593e98f21a2f9d900e7fb489ac7da952808ac796c0
111,11065.69634134,0.021024823048546,0x98d7d86a36abf430d6311d8685e9760a85b222dd,2017-10-28T01:16:42.000Z,0.0000019,0x43a0fb558385c0dc5f30560f22d3714b77caef53,sell,0x9e77d5a1251b6f7d456722a6eac6d2d5980bd891,0x31ff2009a1faf31dfcf16067e339ba507d6d274144ebd2040723ad8b061827d1
112,5000,0.009255,0xbf3ff66b9f477e3c6f3b8b2c6053e398a243e6c1,2017-10-28T00:37:23.000Z,0.000001851,0x18c657a2403e75ed03a885622031e6c9985fe212,sell,0x9e77d5a1251b6f7d456722a6eac6d2d5980bd891,0xf5eda6178b673daaac913ecbab03d378b07b2b72b686fa109579eda106d5d70d
113,500,0.00155,0xab45233b06b1d1f452901661f6a931c9da663cc0,2017-10-28T00:11:30.000Z,0.0000031,0x488f18d46f9105ff554ab4a66874f3989a1a8783,buy,0x9e77d5a1251b6f7d456722a6eac6d2d5980bd891,0xe20c9bc0e60ef7996b4de91323addc9b93b7295b87f9b7fb710870aa8806b0bd
114,321.771,0.001125876729,0xab45233b06b1d1f452901661f6a931c9da663cc0,2017-10-28T00:11:30.000Z,0.000003499,0x662160d0201bacbc8ea04709e8f8f724d5efe8ba,buy,0x9e77d5a1251b6f7d456722a6eac6d2d5980bd891,0x9057c333115886765980dfacad1199ba7f3e2ced6ed7c5e8b45eb3c6783e6dc1
115,10000,0.035,0x309da4ad891e21b1527af45a802fcaf97bd1e380,2017-10-27T23:45:10.000Z,0.0000035,0x488f18d46f9105ff554ab4a66874f3989a1a8783,buy,0x9e77d5a1251b6f7d456722a6eac6d2d5980bd891,0x38877edd815dee458577cecdfe7d47222ab29c2d6a2ca71871e3e92fc9206823
116,40000,0.072,0x68ca7fc4bfc3bb2a9cf6f45736dcadc2c427c5a0,2017-10-27T23:33:36.000Z,0.0000018,0x272da413b84dcb2d5ad945a3d46806e22c75e04e,sell,0x9e77d5a1251b6f7d456722a6eac6d2d5980bd891,0x585792e2f2deb3712bdb4068f8ddcedd45d912da2d6992920c0ad4b715030491
117,18000,0.0342,0x548d500e7d1584aff5c4e51d49bc52cbe35dc80f,2017-10-27T23:32:38.000Z,0.0000019,0x272da413b84dcb2d5ad945a3d46806e22c75e04e,sell,0x9e77d5a1251b6f7d456722a6eac6d2d5980bd891,0x41c139a9f620e46c753eaec570d1fca4a88d82603f2739471ffe17dd7ed3106f
118,22000,0.04202,0xbb99248a99566f835526be70cfbd07476a0b1b29,2017-10-27T23:32:34.000Z,0.00000191,0x272da413b84dcb2d5ad945a3d46806e22c75e04e,sell,0x9e77d5a1251b6f7d456722a6eac6d2d5980bd891,0xb990a945ec1bb74895d1efe741b2ef8d4df0298f9cba8937d7fcf3f5416d8bf2
119,50000,0.0975,0x523732949909c491079f7d7385d425157b27845a,2017-10-27T23:11:29.000Z,0.00000195,0x272da413b84dcb2d5ad945a3d46806e22c75e04e,sell,0x9e77d5a1251b6f7d456722a6eac6d2d5980bd891,0x6383f893537a0104c75f0431b4468b0514e9b3e70ef3919c6463f0fc6211e7b3
120,500,0.00155,0x02f516ad79119c74cf1f47ab610023337b3bd8d3,2017-10-27T22:42:47.000Z,0.0000031,0x488f18d46f9105ff554ab4a66874f3989a1a8783,buy,0x9e77d5a1251b6f7d456722a6eac6d2d5980bd891,0xc12ae84a7822b293471a32308e410006b6500a1227a8c2720460e24956797c34
121,10000,0.021,0x4454847b528907f6819a6696491370060a37e5d0,2017-10-27T22:33:02.000Z,0.0000021,0x488f18d46f9105ff554ab4a66874f3989a1a8783,buy,0x9e77d5a1251b6f7d456722a6eac6d2d5980bd891,0x5a3e7c034eb7d58d0ca3f49a912034c4bb2cf4ba91bc2ee5a7b68dd98ed96419
122,20000,0.042,0x68ca7fc4bfc3bb2a9cf6f45736dcadc2c427c5a0,2017-10-27T22:31:23.000Z,0.0000021,0x488f18d46f9105ff554ab4a66874f3989a1a8783,buy,0x9e77d5a1251b6f7d456722a6eac6d2d5980bd891,0xaaf7da16660a89b0a2653806a28b05c436c30caa2c23bed39239ffb1e13d9126
123,5000,0.010995,0xc8f0f7ee5ab3ef98804438550111bc2c115c96dc,2017-10-27T22:26:34.000Z,0.000002199,0x488f18d46f9105ff554ab4a66874f3989a1a8783,buy,0x9e77d5a1251b6f7d456722a6eac6d2d5980bd891,0x6e2645749f61585b71e9c6326e8c16cacffe5a3664203149d39109fb6100b287
124,5000,0.010995,0xdbbae39c54992479faac890e81eb4d8579b951d6,2017-10-27T22:25:10.000Z,0.000002199,0x488f18d46f9105ff554ab4a66874f3989a1a8783,buy,0x9e77d5a1251b6f7d456722a6eac6d2d5980bd891,0x4038bd2695f9056a998ee58f3c39fd573507362adad815d1f7015b82141a1212
125,5000,0.010995,0xc8f0f7ee5ab3ef98804438550111bc2c115c96dc,2017-10-27T22:24:55.000Z,0.000002199,0x488f18d46f9105ff554ab4a66874f3989a1a8783,buy,0x9e77d5a1251b6f7d456722a6eac6d2d5980bd891,0x2d3e4359f894ea31f6e55b061ccbdd5219c357adf0fee8c51ce36cd06686189b
126,5000,0.010995,0xc8f0f7ee5ab3ef98804438550111bc2c115c96dc,2017-10-27T22:24:10.000Z,0.000002199,0x488f18d46f9105ff554ab4a66874f3989a1a8783,buy,0x9e77d5a1251b6f7d456722a6eac6d2d5980bd891,0x33c9d964f487ca526cc5c95757d1df04b76566469fcce75f2cb75893793cb47f
127,10000,0.02999,0x68ca7fc4bfc3bb2a9cf6f45736dcadc2c427c5a0,2017-10-27T22:23:39.000Z,0.000002999,0x488f18d46f9105ff554ab4a66874f3989a1a8783,buy,0x9e77d5a1251b6f7d456722a6eac6d2d5980bd891,0x4d3c9f47a0be23f8dca49d8ce256fb436c0f8b7d29603796755a8323639bec77
128,4000,0.028,0x68ca7fc4bfc3bb2a9cf6f45736dcadc2c427c5a0,2017-10-27T22:23:39.000Z,0.000007,0x0216facf7143763f55643e8164f4bb5b18809ec9,buy,0x9e77d5a1251b6f7d456722a6eac6d2d5980bd891,0x74522300b2d59436686016d4b9a737e15395e9856e0db62ce1448183de1abd64
129,0.00000054,0.000000000004667139,0xa4714f884bc82599fd0ed391ae8747e07454cc8d,2017-10-27T22:22:37.000Z,0.00000864285,0x272da413b84dcb2d5ad945a3d46806e22c75e04e,buy,0x9e77d5a1251b6f7d456722a6eac6d2d5980bd891,0x3eb287019a2269254bf975c906713667f2bc117712f3c2ab5661548bb1d52bfa
130,1000,0.005,0xdbbae39c54992479faac890e81eb4d8579b951d6,2017-10-27T22:20:26.000Z,0.000005,0xcaeb48fd6741bd9c10872af91d3710ec8ee45a1a,buy,0x9e77d5a1251b6f7d456722a6eac6d2d5980bd891,0xcc834b60f7c1ddb4c064ff53cf273bddfe9b73947b348cbc95480973fb86f702
131,0.00550842,0.000000046816068168,0xa4714f884bc82599fd0ed391ae8747e07454cc8d,2017-10-27T22:20:26.000Z,0.00000849900119598723,0x272da413b84dcb2d5ad945a3d46806e22c75e04e,buy,0x9e77d5a1251b6f7d456722a6eac6d2d5980bd891,0x5d6864046db4d0df320caa1f9c81dfc5512bcefe8a9bee1b25c298aefab1de4f
132,20422,0.061245578,0x77e38518025269c88d15159ecfc776f1ba028dcf,2017-10-27T22:18:20.000Z,0.000002999,0xaf20875362aa6b395237e3777ae3872977d5cd03,buy,0x9e77d5a1251b6f7d456722a6eac6d2d5980bd891,0xaeabd27ca2ebc38ecdeb9ab12c8b8c3169a07f63e99e5d61f63b98c0a36c1a0a
133,16725,0.05014155,0x77e38518025269c88d15159ecfc776f1ba028dcf,2017-10-27T22:18:20.000Z,0.000002998,0xef338b64436aba142c34021af82ae6ab7a554a87,buy,0x9e77d5a1251b6f7d456722a6eac6d2d5980bd891,0x7f0d588acb350b9a4c45925e8721227c5f3dc6e9fed882e462bc7c0919dbacdf
134,30000,0.04494,0xda1f3895c87d58cfe321c248e427ceb66d53ec80,2017-10-27T22:05:22.000Z,0.000001498,0xef338b64436aba142c34021af82ae6ab7a554a87,buy,0x9e77d5a1251b6f7d456722a6eac6d2d5980bd891,0x3edec3a8995b312ae4a47fb66dc59525e7d233e7b9e0b98b8a792a5981a67eea
135,22608.84287751,0.052000338618273,0x77e38518025269c88d15159ecfc776f1ba028dcf,2017-10-27T22:02:12.000Z,0.0000023,0xdbbae39c54992479faac890e81eb4d8579b951d6,buy,0x9e77d5a1251b6f7d456722a6eac6d2d5980bd891,0x398d2ba737a773cfbf8651751bfb666f23afd5936b995bc70f55086a137a22e7
136,77481,0.1472139,0x77e38518025269c88d15159ecfc776f1ba028dcf,2017-10-27T22:01:17.000Z,0.0000019,0xce385eb7ec5eb29302050828f69fcff5e0a88d14,buy,0x9e77d5a1251b6f7d456722a6eac6d2d5980bd891,0xbab6c08e834e9198ef46728715a495d00d7d12cc95c06c62813e958cf4d61165
137,10000,0.019,0x43a0fb558385c0dc5f30560f22d3714b77caef53,2017-10-27T21:49:38.000Z,0.0000019,0x8f57a7801963c702ec833de0888eb53a56d5a142,buy,0x9e77d5a1251b6f7d456722a6eac6d2d5980bd891,0xf904bd40fdefd8bd94fdc4ca9037416a6ee3c79842a9b4f581acd670c87ba605
138,43405.479,0.065021407542,0x272da413b84dcb2d5ad945a3d46806e22c75e04e,2017-10-27T21:48:09.000Z,0.000001498,0x02f516ad79119c74cf1f47ab610023337b3bd8d3,buy,0x9e77d5a1251b6f7d456722a6eac6d2d5980bd891,0x76e58c5c5d427d6eee7d2a00fe1fed72eed97b4bed4b1e4ca119b6d84a93b45d
139,15000,0.0255,0x272da413b84dcb2d5ad945a3d46806e22c75e04e,2017-10-27T21:47:43.000Z,0.0000017,0x488f18d46f9105ff554ab4a66874f3989a1a8783,buy,0x9e77d5a1251b6f7d456722a6eac6d2d5980bd891,0x295173ce86658d3a32990816fb4797187c931f90969068ede8eea13ffa1d2121
140,10000,0.016,0x272da413b84dcb2d5ad945a3d46806e22c75e04e,2017-10-27T21:46:47.000Z,0.0000016,0x488f18d46f9105ff554ab4a66874f3989a1a8783,buy,0x9e77d5a1251b6f7d456722a6eac6d2d5980bd891,0xa8dd69a20a3a0bace8ec7519ac91a6e8c4625edea7224bc08a344cdec9ae0d56
141,10000,0.015,0x272da413b84dcb2d5ad945a3d46806e22c75e04e,2017-10-27T21:46:05.000Z,0.0000015,0x488f18d46f9105ff554ab4a66874f3989a1a8783,buy,0x9e77d5a1251b6f7d456722a6eac6d2d5980bd891,0x925d54d2cd860529986c7900b3ca116f83e329554889996673e7a99776823977
142,24435.376,0.036628628624,0x272da413b84dcb2d5ad945a3d46806e22c75e04e,2017-10-27T21:46:03.000Z,0.000001499,0xef338b64436aba142c34021af82ae6ab7a554a87,buy,0x9e77d5a1251b6f7d456722a6eac6d2d5980bd891,0x7ccd93830910ef2079d0f58e36f3d9b20df9edd4d6b4fe00cddab4279204cd4a
143,36350,0.0490725,0x272da413b84dcb2d5ad945a3d46806e22c75e04e,2017-10-27T21:41:31.000Z,0.00000135,0x488f18d46f9105ff554ab4a66874f3989a1a8783,buy,0x9e77d5a1251b6f7d456722a6eac6d2d5980bd891,0x3d35ccbd858141fcf7421a482a36296fb707cf79517054fb7caa2defbd9694ef
144,1100,0.001485,0x43a0fb558385c0dc5f30560f22d3714b77caef53,2017-10-27T21:30:09.000Z,0.00000135,0x488f18d46f9105ff554ab4a66874f3989a1a8783,buy,0x9e77d5a1251b6f7d456722a6eac6d2d5980bd891,0x91b3e4ce7a3a810ed91cb2a4265219e84475e006e31766b1d2e10ba9094cc0e4
145,7550,0.0101925,0x9d3aeaca91a54a6b4588d2821ea105521ab0a4d3,2017-10-27T21:10:26.000Z,0.00000135,0x488f18d46f9105ff554ab4a66874f3989a1a8783,buy,0x9e77d5a1251b6f7d456722a6eac6d2d5980bd891,0x1b396b3b546652831d95ea570a9b9ebcdb01b4abdf80846b51a232cb7b9384dc
146,7541.9976155,0.0102194067690025,0xc69e3cd404c4eee62a9ba237a6ce76a49980bf9a,2017-10-27T21:09:57.000Z,0.000001355,0xc5ff06991dbaf57bef6dd7a75056e62b7a2383fb,sell,0x9e77d5a1251b6f7d456722a6eac6d2d5980bd891,0xab60ceae20025fcca1a55a51259aa6865113d2fdfdb53a03cc451d63f1815b45
147,7564.62360835,0.01133937078891665,0xc5ff06991dbaf57bef6dd7a75056e62b7a2383fb,2017-10-27T21:09:57.000Z,0.000001499,0xef338b64436aba142c34021af82ae6ab7a554a87,buy,0x9e77d5a1251b6f7d456722a6eac6d2d5980bd891,0xab60ceae20025fcca1a55a51259aa6865113d2fdfdb53a03cc451d63f1815b45
148,5813.24396966,0.0078769455788893,0xc69e3cd404c4eee62a9ba237a6ce76a49980bf9a,2017-10-27T21:07:37.000Z,0.000001355,0x9d3aeaca91a54a6b4588d2821ea105521ab0a4d3,sell,0x9e77d5a1251b6f7d456722a6eac6d2d5980bd891,0xf3967913ed1c8de08615d693a460d23041106edd280037fe24f2e46cf191862e
149,119.82055627,0.00016235685374585,0xc69e3cd404c4eee62a9ba237a6ce76a49980bf9a,2017-10-27T20:52:36.000Z,0.000001355,0x68b4683475747e28a83596e94b58187d452099cf,sell,0x9e77d5a1251b6f7d456722a6eac6d2d5980bd891,0x1bdfc31eea5c870efb28e21617943f91b0d1bb0cfdbf9b94140451319c24820c
150,524.76954245,0.00071106273001975,0xc69e3cd404c4eee62a9ba237a6ce76a49980bf9a,2017-10-27T20:31:48.000Z,0.000001355,0x49b27c452166cccb9be69085637c1751edbfa8a4,sell,0x9e77d5a1251b6f7d456722a6eac6d2d5980bd891,0xa8d1c98139b79ecaff6b184cf7f3481a6254f97641dc6b82c0d767c4ed8150d2
151,0.16831612,0.0000002280683426,0xc69e3cd404c4eee62a9ba237a6ce76a49980bf9a,2017-10-27T19:58:48.000Z,0.000001355,0x1b6572f89d7d320e044b0a218e3c68c8198c2c40,sell,0x9e77d5a1251b6f7d456722a6eac6d2d5980bd891,0xa744aa16716a2d1761aeb4678271ab60bf1a008d6fe7aa0e43b0f380d938bd9a
152,49999,0.06699866,0xc12787b02b996c0c23de426b60c4dd59548a5f86,2017-10-27T18:14:00.000Z,0.00000134,0x9b072daf558fb87322fbb1877eb6724d5e0b9129,buy,0x9e77d5a1251b6f7d456722a6eac6d2d5980bd891,0x878bbcaa7399ba98c87477309bb969bd107ad3970bda99b33a1d6c02e695605b
153,40000,0.052,0x272da413b84dcb2d5ad945a3d46806e22c75e04e,2017-10-27T16:31:20.000Z,0.0000013,0x488f18d46f9105ff554ab4a66874f3989a1a8783,buy,0x9e77d5a1251b6f7d456722a6eac6d2d5980bd891,0x4c311527aaefe5a9a73b96c58ac464eb1db0b959005da582fe2b86ae7c1f8740
154,157150,0.18858,0x99590cdc1e8d54b281b96416c359b9b2eedc4314,2017-10-27T16:28:43.000Z,0.0000012,0x06c6fea19f72ffeccb0326805b723ae3cae131ca,buy,0x9e77d5a1251b6f7d456722a6eac6d2d5980bd891,0xd349b245146681cd58717976f80bba6ed6223530ac43ca706a439fb64aa743d9
155,4153.78991792,0.004984547901505333,0x698b665812179c71fb120e91367e5b5c742ff8f1,2017-10-27T15:30:33.000Z,0.00000120000000000032,0x488f18d46f9105ff554ab4a66874f3989a1a8783,buy,0x9e77d5a1251b6f7d456722a6eac6d2d5980bd891,0x8cce176968071425dc528d07f58bde40d304085d5d9e15d3ba2a06150b8625cd
156,10000,0.0099,0x98d7d86a36abf430d6311d8685e9760a85b222dd,2017-10-27T14:11:24.000Z,0.00000099,0xdbbae39c54992479faac890e81eb4d8579b951d6,sell,0x9e77d5a1251b6f7d456722a6eac6d2d5980bd891,0x5bc1fe72cd0825fee4c1094e51f433b6f44892dd92f38543a4f7d652e9a7d6e0
157,15467,0.01840573,0xdde2c69ebc3ab3b343c871f3e9c2a70e18700810,2017-10-27T12:17:21.000Z,0.00000119,0x9381d0481ded41eb49f18f3066d6db046e290467,buy,0x9e77d5a1251b6f7d456722a6eac6d2d5980bd891,0xd3e04c5dc5c0e19f72251644cf72128c0cb4c0d307e3f8ec52ee95a5ea29693f
158,54893.491,0.065817295709,0x5439925bccf22ae57c3feeebe89b4066f88beb69,2017-10-27T11:44:50.000Z,0.000001199,0x32f33fb3ef5f4f11d9304bfcf472285c600cfa87,buy,0x9e77d5a1251b6f7d456722a6eac6d2d5980bd891,0x24495865db4abc560fc891de9112f3d4260609ef3a84c0bc28fd8eea5dce4f8b
159,116.95344432,0.000105258099888,0x9d3aeaca91a54a6b4588d2821ea105521ab0a4d3,2017-10-27T11:25:47.000Z,0.0000009,0x6f253fbe6bd605ec6ece281ffccedf37fbff0079,sell,0x9e77d5a1251b6f7d456722a6eac6d2d5980bd891,0xea807416a0b127ac726cc13757c94ab9c4114a8cb3358eacb305abb6c8f596ec
160,4984.5479015,0.00448609311135,0x9d3aeaca91a54a6b4588d2821ea105521ab0a4d3,2017-10-27T11:25:47.000Z,0.0000009,0x100993c77871a796f4601071032c2aa39b99c56c,sell,0x9e77d5a1251b6f7d456722a6eac6d2d5980bd891,0xcadabe64235b9b1a41c17eff5eff350f945130b0c1b60150c19dcb6d7bb9441d
161,408.35709301,0.000367521383709,0x9d3aeaca91a54a6b4588d2821ea105521ab0a4d3,2017-10-27T10:56:57.000Z,0.0000009,0xcb8cf80755de7ea67fb2fdc4ff9100ff34b3e474,sell,0x9e77d5a1251b6f7d456722a6eac6d2d5980bd891,0x5f5befc57abc096ca18fe9e29a27edbf10997fec0b5fd89efa65c5bc2dae7104
162,1732.1807475,0.00197468605215,0xab45233b06b1d1f452901661f6a931c9da663cc0,2017-10-27T10:14:23.000Z,0.00000114,0x07f964abfc00f9571b392d78d0e8d0a303f527e9,buy,0x9e77d5a1251b6f7d456722a6eac6d2d5980bd891,0x1959dd7092034770f3ba770f4aa5d6d355166d12030b44e0afec2647cc12d439
163,1732.1807475,0.00197468605215,0xab45233b06b1d1f452901661f6a931c9da663cc0,2017-10-27T10:13:28.000Z,0.00000114,0x07f964abfc00f9571b392d78d0e8d0a303f527e9,buy,0x9e77d5a1251b6f7d456722a6eac6d2d5980bd891,0x1959dd7092034770f3ba770f4aa5d6d355166d12030b44e0afec2647cc12d439
164,2713.17971336,0.00217597013011472,0xcaeb48fd6741bd9c10872af91d3710ec8ee45a1a,2017-10-27T09:49:57.000Z,0.000000802,0x07f964abfc00f9571b392d78d0e8d0a303f527e9,sell,0x9e77d5a1251b6f7d456722a6eac6d2d5980bd891,0x78e4b18e3221600bac955b6cfb5122d306bce3b35b785fc5cc8fdc2f8f4fde42
165,6000,0.00486,0xf66bdd1d3e936ba74f920cf81338b3418d232fff,2017-10-27T09:49:13.000Z,0.00000081,0x07f964abfc00f9571b392d78d0e8d0a303f527e9,sell,0x9e77d5a1251b6f7d456722a6eac6d2d5980bd891,0x5029d9be503786c25888c56b7601c45e7bcf9a86223f8f686f637f115e173f95
166,9500,0.0077045,0x24bf5f007e4b06f5777c460fb02d3521c1b521a8,2017-10-27T09:49:02.000Z,0.000000811,0x07f964abfc00f9571b392d78d0e8d0a303f527e9,sell,0x9e77d5a1251b6f7d456722a6eac6d2d5980bd891,0x569714dddb745130fd01d4ebdb2d9d13044f01f576a2ab641e16fd0c92ddc125
167,70000,0.203,0x5efdca26e7cbb98c4f23a46d7a724c6c9148d0cf,2017-10-27T07:37:27.000Z,0.0000029,0x8d6e0a79003a9d49e68a6b82bbd497189f019905,buy,0x9e77d5a1251b6f7d456722a6eac6d2d5980bd891,0x3501a335a06294df723c9f4d8fa92ef269789e7ca9fdd6cfee5da18c308e9150
168,5000,0.00595,0xdbaf12d05b2bd9e5ecfbde9383a0a9ced64a26c2,2017-10-27T07:15:41.000Z,0.00000119,0x9381d0481ded41eb49f18f3066d6db046e290467,buy,0x9e77d5a1251b6f7d456722a6eac6d2d5980bd891,0xf233e0e26f13588f9ee04573696a87fa28b608efde4e99a69ca20efd0c6352c0
169,60464.229,0.072496610571,0x18c657a2403e75ed03a885622031e6c9985fe212,2017-10-27T05:19:36.000Z,0.000001199,0x24418ab1b19550b380652432eac1ab37bf3d0fa9,buy,0x9e77d5a1251b6f7d456722a6eac6d2d5980bd891,0x1899c1d1c9ff80245f624950dcb1a5e4405c9135110404e23b2a71222c1a8fc0
170,5106.50851013,0.00612270370365291,0xf2dbb776790dbd4744dd3c22d0e0801dfbd6b9f1,2017-10-27T02:41:50.000Z,0.00000119900000000137,0x32f33fb3ef5f4f11d9304bfcf472285c600cfa87,buy,0x9e77d5a1251b6f7d456722a6eac6d2d5980bd891,0x77c92c1ca0e21b284910e75020780622ba548e823b4a8c842718364cca11ad62
171,9151.77050719,0.010972972838128108,0x935ff6f507d8f55aff8d7b181e3b5f952485937a,2017-10-27T01:37:09.000Z,0.00000119900000000079,0x24418ab1b19550b380652432eac1ab37bf3d0fa9,buy,0x9e77d5a1251b6f7d456722a6eac6d2d5980bd891,0xa4e8755b471b9868c712fa2cd12fa85211361ea5ba2c4c011a5e0a9ed951f7bc
172,258.38600338,0.00020722557471076,0xcaeb48fd6741bd9c10872af91d3710ec8ee45a1a,2017-10-26T23:48:28.000Z,0.000000802,0x2f5ef20e13dabb4a1e9555b46ff2aaabda770dd0,sell,0x9e77d5a1251b6f7d456722a6eac6d2d5980bd891,0x4665b043e58b4035ea5519e1d29d778a62547b4c89cd5e44f5eb2c4dde51c6e1
173,204.55858441,0.00016405598469682,0xcaeb48fd6741bd9c10872af91d3710ec8ee45a1a,2017-10-26T21:10:25.000Z,0.000000802,0x036f037aca95ecbc846ff9859ef3a2f20513881f,sell,0x9e77d5a1251b6f7d456722a6eac6d2d5980bd891,0x3cce886badd4f9b19d61b9cc90d10451f9a649df545b7b4eaa376437c8b2d61f
174,10000,0.012,0x086b45fa5ff7e6956b1bf4d8befd2232ce2145e7,2017-10-26T20:45:27.000Z,0.0000012,0x488f18d46f9105ff554ab4a66874f3989a1a8783,buy,0x9e77d5a1251b6f7d456722a6eac6d2d5980bd891,0xec644cdacc10694141bcd07ce7041487c1555730b7125fdfe37a50568eae2bc9
175,143,0.0001573,0x8e29b4932e438ad7880d11aeb9b892c7452be628,2017-10-26T20:45:19.000Z,0.0000011,0x124b1d9f62fdabef0d01f1c39612f7b9b86a7a0d,sell,0x9e77d5a1251b6f7d456722a6eac6d2d5980bd891,0x1657582e72751aa4303e4bf22ce7317e8e1e28e9bf77fcdfdb18a76a86d8d6ce
176,3000,0.004497,0xbd56fe45cafbc7b90619e0b14b65a0a2b5c9da39,2017-10-26T20:10:02.000Z,0.000001499,0xef338b64436aba142c34021af82ae6ab7a554a87,buy,0x9e77d5a1251b6f7d456722a6eac6d2d5980bd891,0xef47c5aab1bf1ff53f6f869468eca0f4a6d6dc4b73fa2a816ba81617247bd516
177,20000,0.022,0x9381d0481ded41eb49f18f3066d6db046e290467,2017-10-26T20:07:04.000Z,0.0000011,0x488f18d46f9105ff554ab4a66874f3989a1a8783,buy,0x9e77d5a1251b6f7d456722a6eac6d2d5980bd891,0xb63fbda0ca465f027f381a170930d8b526e1b85d8c8a069a904044483fddac77
178,5000,0.00625,0xb49b884b29e25ba3ab4d772c1b9322886a7696d7,2017-10-26T19:00:50.000Z,0.00000125,0x272da413b84dcb2d5ad945a3d46806e22c75e04e,sell,0x9e77d5a1251b6f7d456722a6eac6d2d5980bd891,0xc200f7f5728ed28ad553ea57f9b4c01ac9f394c4a3b7f2878df1d48d23062070
179,49998.387,0.0649979031,0x9b072daf558fb87322fbb1877eb6724d5e0b9129,2017-10-26T18:53:05.000Z,0.0000013,0x272da413b84dcb2d5ad945a3d46806e22c75e04e,sell,0x9e77d5a1251b6f7d456722a6eac6d2d5980bd891,0x025c761dc70ae0313343a24c5fd7cc745fd3c7b162c111631adb2bbd085306ba
180,1.6129997,0.00000209689961,0x9b072daf558fb87322fbb1877eb6724d5e0b9129,2017-10-26T18:36:19.000Z,0.0000013,0x23ca50828542a820ed3f18acafddcd18432170e3,sell,0x9e77d5a1251b6f7d456722a6eac6d2d5980bd891,0x25028f4fadfa4c5642a1980a60fa95d3785cb442434e026354f8997e72e29930
181,20422,0.030633,0xaf20875362aa6b395237e3777ae3872977d5cd03,2017-10-26T16:15:02.000Z,0.0000015,0x95e27da67ce117a2b95d1dd628e7c26864904fbf,buy,0x9e77d5a1251b6f7d456722a6eac6d2d5980bd891,0x99c42e6bc9001316db262febfa996517a1985f33d0b0f20c7268c0a0323df130
182,37550,0.0431825,0xee72cd07a36d08f5fafff2214857a8221a3314be,2017-10-26T14:50:14.000Z,0.00000115,0xc3cfba0e7ff8409ef66ef79fa0f21d972ae3ae91,buy,0x9e77d5a1251b6f7d456722a6eac6d2d5980bd891,0x2ecf84075b9a385397ead2c2e11667ef60090bc1047e61832d23cf0176d178d1
183,10000,0.0115,0x3da475f79a8d6c5e3cce4c166f666bb2864a9c9b,2017-10-26T14:40:39.000Z,0.00000115,0xc3cfba0e7ff8409ef66ef79fa0f21d972ae3ae91,buy,0x9e77d5a1251b6f7d456722a6eac6d2d5980bd891,0x1010dd80bfb881a7e0a60b720b42b55415a8c190cabbcfe6a8c511534a96c611
184,79760,0.11964,0xd26c0059f2eaf35d0cd3389be87e2f715c21e02f,2017-10-26T14:11:30.000Z,0.0000015,0xd2ea382e498316d91b9de8557670149b479721a0,sell,0x9e77d5a1251b6f7d456722a6eac6d2d5980bd891,0x81468ce3fa1b3b3808c90d2bbd2bf1a36f65de3e60c9c924931aa625a48b629b
185,80000,0.092,0xd2ea382e498316d91b9de8557670149b479721a0,2017-10-26T14:11:30.000Z,0.00000115,0xc3cfba0e7ff8409ef66ef79fa0f21d972ae3ae91,buy,0x9e77d5a1251b6f7d456722a6eac6d2d5980bd891,0x81468ce3fa1b3b3808c90d2bbd2bf1a36f65de3e60c9c924931aa625a48b629b
186,100000,0.109,0x86d4b794a7ffa3a3ea81421107cf26b7ad1b3d44,2017-10-26T13:21:35.000Z,0.00000109,0xef338b64436aba142c34021af82ae6ab7a554a87,buy,0x9e77d5a1251b6f7d456722a6eac6d2d5980bd891,0x29fb6baaa20c6b3dfa3ab75a3175fb4d3fba891f67a135c4d7f5512d1f125096
187,60002.961,0.059942958039,0x32f33fb3ef5f4f11d9304bfcf472285c600cfa87,2017-10-26T12:31:25.000Z,0.000000999,0xaf4bf246c4ef219fcf92b6d82f387a4638db89c4,buy,0x9e77d5a1251b6f7d456722a6eac6d2d5980bd891,0xe290487a8d4f5a42ecc6f5d0a22274877dc7ed741f503ae8438567526e97a16b
188,241.14644601,0.00019315830325401,0x11a985d42d6fa4cac941943a63f362c3497fa0fe,2017-10-26T11:57:00.000Z,0.000000801,0x3f43c6ec4a8da1d9aa474fcb5aaf3cf320fb039b,sell,0x9e77d5a1251b6f7d456722a6eac6d2d5980bd891,0x843b007cc072f228f3363530bea58f1d550f08c32a44df987c4b1fca7903653b
189,110000,0.1089,0xab45233b06b1d1f452901661f6a931c9da663cc0,2017-10-26T09:03:40.000Z,0.00000099,0x24418ab1b19550b380652432eac1ab37bf3d0fa9,buy,0x9e77d5a1251b6f7d456722a6eac6d2d5980bd891,0xb1afa945ae1e4a61da99050604def8a944ca5522f3550dfcd4b71acb6a970292
190,3502.77801618,0.002802222412944,0x7e1e88f8b509f9cf701d309f56aae0e3ca6bb266,2017-10-26T07:21:11.000Z,0.0000008,0xa1719da09b61c6d1fe0b1254b7e5374904e03cc2,sell,0x9e77d5a1251b6f7d456722a6eac6d2d5980bd891,0x9a6ceeaad0f8f1c1c05c3cbbfd6ade4c83d7e9841c4062613de3edef51ac2bff
191,20000,0.0198,0xd9f016e453de48d877e3f199e8fa4aadca2e979c,2017-10-26T07:14:03.000Z,0.00000099,0x24418ab1b19550b380652432eac1ab37bf3d0fa9,buy,0x9e77d5a1251b6f7d456722a6eac6d2d5980bd891,0x000d103e3c460e2e6cef396a5289406b0f7eab98da8332ea467233faafa4cb6a
192,10000,0.0099,0xef735ff43107ddc1ea7c452c95dbedf42687d13f,2017-10-26T03:07:05.000Z,0.00000099,0x24418ab1b19550b380652432eac1ab37bf3d0fa9,buy,0x9e77d5a1251b6f7d456722a6eac6d2d5980bd891,0xe326cc6987470c2cc40a8886da09c3ccc7a9040f2c7e66170330f64dca378fb9
193,50000,0.0495,0xc9c037ba9220b095de19e6c1bed65af450637f94,2017-10-26T01:18:11.000Z,0.00000099,0x24418ab1b19550b380652432eac1ab37bf3d0fa9,buy,0x9e77d5a1251b6f7d456722a6eac6d2d5980bd891,0x65c7112cb7e12adabe57015bc0ea14345b77be13c25ec029b81ea86b79a39da8
194,513.78681203,0.00050813515709767,0xab45233b06b1d1f452901661f6a931c9da663cc0,2017-10-26T00:37:51.000Z,0.000000989,0x92e67ad23a8b6eeb784a34f5b382a541c421babf,buy,0x9e77d5a1251b6f7d456722a6eac6d2d5980bd891,0x97a2817b78a47252d84c39203149279303c8297a1e10f32ed249c5ff6cea51be
195,957,0.0010527,0xab45233b06b1d1f452901661f6a931c9da663cc0,2017-10-26T00:24:51.000Z,0.0000011,0xc293492784ab0fb363f99b27115f2b336b86512a,buy,0x9e77d5a1251b6f7d456722a6eac6d2d5980bd891,0xf6a9e16af14e33086afdb89784920700a27d134ceeaee4a56be34d101b47f65f
196,10000,0.0099,0x0216facf7143763f55643e8164f4bb5b18809ec9,2017-10-25T23:33:55.000Z,0.00000099,0x24418ab1b19550b380652432eac1ab37bf3d0fa9,buy,0x9e77d5a1251b6f7d456722a6eac6d2d5980bd891,0xb63451c75445f936f2026caa617db0243421a8e97ecf5103d26960d6a912c505
197,20000,0.01008,0x107d35bdbb393d33d6d9ce4127883b057b8e6187,2017-10-25T20:47:39.000Z,0.000000504,0x1990e237b113303630a032e95079a0afa62e4282,sell,0x9e77d5a1251b6f7d456722a6eac6d2d5980bd891,0x85d7859327de9ebf024ec4aef824507c44ba727fb20cfa04bd7b93535e99c58c
198,18000,0.01116,0xf757f42ac03f16b9d0e4ec16ba096e1a02bd746b,2017-10-25T20:47:23.000Z,0.00000062,0x1990e237b113303630a032e95079a0afa62e4282,sell,0x9e77d5a1251b6f7d456722a6eac6d2d5980bd891,0xa48f04ad08b90264c36075adc77900fd51bdd29e4e873bbdc3ff2baf89786ecc
199,10000,0.00612,0xd960ae5f5294d1c06af036e78bcd9dca1e7840b8,2017-10-25T20:47:23.000Z,0.000000612,0x1990e237b113303630a032e95079a0afa62e4282,sell,0x9e77d5a1251b6f7d456722a6eac6d2d5980bd891,0x99900a61bd94c9c42f4fd49054b6ed89fe6a7d1c8a50c2fced93f6cc528b79aa
200,1348.98913368,0.0008363732628816,0xcaeb48fd6741bd9c10872af91d3710ec8ee45a1a,2017-10-25T18:11:42.000Z,0.00000062,0x7d9277950b3d011c19ceb62634392f8855974118,sell,0x9e77d5a1251b6f7d456722a6eac6d2d5980bd891,0x63ed3345e66eb35307337afa84d97f4151d3f5080b1888ba2ed995d9e8e5729c
201,0.05252359,0.0000000325646258,0xcaeb48fd6741bd9c10872af91d3710ec8ee45a1a,2017-10-25T16:57:23.000Z,0.00000062,0x3028ce7fa2b86b9d09780d7714a30c16224a2af6,sell,0x9e77d5a1251b6f7d456722a6eac6d2d5980bd891,0x574815a2a744ddd8d097cd6ab266a8d18668677fed2bf9684eb51703afbf05eb
202,526.86412122,0.0003266557551564,0xcaeb48fd6741bd9c10872af91d3710ec8ee45a1a,2017-10-25T16:56:15.000Z,0.00000062,0x3028ce7fa2b86b9d09780d7714a30c16224a2af6,sell,0x9e77d5a1251b6f7d456722a6eac6d2d5980bd891,0x09d0fc8c1325f4821faf9c9531ea28bbb63618587c8d8309c7743228bc395321
203,595.15501943,0.0003689961120466,0xcaeb48fd6741bd9c10872af91d3710ec8ee45a1a,2017-10-25T16:46:41.000Z,0.00000062,0xf2dbb776790dbd4744dd3c22d0e0801dfbd6b9f1,sell,0x9e77d5a1251b6f7d456722a6eac6d2d5980bd891,0x180619bd56105f1ebfeb1f5c6a68b9cf2fdd0109fe167426cd61792280792338
204,5000,0.00575,0xb85d14ab22a69276e57f24130ce4215e5ffe7dc0,2017-10-25T13:19:37.000Z,0.00000115,0xc3cfba0e7ff8409ef66ef79fa0f21d972ae3ae91,buy,0x9e77d5a1251b6f7d456722a6eac6d2d5980bd891,0xa6d71061b357d7440cd4e19047af3e0d32cf05d5b8a66087b0ecb141486afb24
205,4000,0.004,0xab45233b06b1d1f452901661f6a931c9da663cc0,2017-10-25T09:50:40.000Z,0.000001,0x1829ee60346d0cfdea1132e0bea6503cb623a73c,buy,0x9e77d5a1251b6f7d456722a6eac6d2d5980bd891,0x242a3d1eddd9f482dddce168de3301dea6cab67bf6d6c98b512b3f8ff5fb335b
206,409.72560929,0.0002540298777598,0xcaeb48fd6741bd9c10872af91d3710ec8ee45a1a,2017-10-25T08:25:51.000Z,0.00000062,0xd05d924aadc5617670a4172210291386faf29e9b,sell,0x9e77d5a1251b6f7d456722a6eac6d2d5980bd891,0x878908dd97a8f534c13da785c1f47ccd1d7f35abe7e1d6c9e327ac4e871e1ef6
207,117.19270262,0.00007183912670606,0xdbbae39c54992479faac890e81eb4d8579b951d6,2017-10-25T01:06:43.000Z,0.000000613,0x83ed35c2af39a05971f44dbe95a27fa0fff8c569,sell,0x9e77d5a1251b6f7d456722a6eac6d2d5980bd891,0xc342a849ee3e0519b5d8028f5e6c9555fcb97dface4588a150721cd2a27fe168
208,108.44718428,0.00007059911696628,0x803200fc0dab136e406d0f2f021dd15b1b23095c,2017-10-24T19:39:57.000Z,0.000000651,0x0c16bc745fde16093d73b7544d5bf30a1341b796,sell,0x9e77d5a1251b6f7d456722a6eac6d2d5980bd891,0x758f9f7b0401f1bc7655f39abc6892d0247b465d0c9b9834544141e7c37a304e
209,19572,0.0127218,0x2bb2d041dcbe0fe7fd2c8e8f10bbe980a148798c,2017-10-24T19:24:06.000Z,0.00000065,0xa42a317e1d9ad2a29ef0047b5dc307ee5988b0a8,sell,0x9e77d5a1251b6f7d456722a6eac6d2d5980bd891,0x88a3f6da198915e10246c2d9a64242b9a6c381a3593a7efae3726bd6647f894b
210,427.57651281,0.0002779247333265,0x2bb2d041dcbe0fe7fd2c8e8f10bbe980a148798c,2017-10-24T17:30:10.000Z,0.00000065,0x8b99cbf93999994d0667a2e01c3bf51bd79ed7c6,sell,0x9e77d5a1251b6f7d456722a6eac6d2d5980bd891,0x98f48a20913230382556d7d043c0d524c67634e34da7c04483ee1c371c1e324c
211,862.826,0.001725652,0xd42f262d24e0e06b44188d0a15e5d58393836e16,2017-10-24T17:24:54.000Z,0.000002,0x20c7eb8436056b952032d44c602c1c7f32464e06,buy,0x9e77d5a1251b6f7d456722a6eac6d2d5980bd891,0xd45e4f63f3dad851ccc0441ce1c059b9680e3c5531de4943d9ee62d0e48cfde0
212,20000,0.014,0x95e27da67ce117a2b95d1dd628e7c26864904fbf,2017-10-24T17:01:52.000Z,0.0000007,0x6bb286efda69a1dd493d9626c05c5fd36fc32244,sell,0x9e77d5a1251b6f7d456722a6eac6d2d5980bd891,0x986aec527b9317114a659fc90d4cc06e6d663292995cac35d3a7d2967fd2a3df
213,4000,0.00324,0x1829ee60346d0cfdea1132e0bea6503cb623a73c,2017-10-24T17:01:22.000Z,0.00000081,0x6bb286efda69a1dd493d9626c05c5fd36fc32244,sell,0x9e77d5a1251b6f7d456722a6eac6d2d5980bd891,0x666ef56e690f058f942b34bb92acfd94c234ebe92041047f378ec74fcf85c7aa
214,50000,0.05,0x1990e237b113303630a032e95079a0afa62e4282,2017-10-24T16:59:27.000Z,0.000001,0x6bb286efda69a1dd493d9626c05c5fd36fc32244,sell,0x9e77d5a1251b6f7d456722a6eac6d2d5980bd891,0x8efa10fce30b1be31d54b4c77dca660ab34b26c15e472531944dbc8310202503
215,9000,0.0135,0x02f516ad79119c74cf1f47ab610023337b3bd8d3,2017-10-24T16:27:34.000Z,0.0000015,0x6bb286efda69a1dd493d9626c05c5fd36fc32244,buy,0x9e77d5a1251b6f7d456722a6eac6d2d5980bd891,0x5905e3c2e38bcb9502e3c4dfb7903034e2aa0b622be80dc40332c44e9904558f
216,3042,0.00398502,0x02f516ad79119c74cf1f47ab610023337b3bd8d3,2017-10-24T16:22:34.000Z,0.00000131,0x1829ee60346d0cfdea1132e0bea6503cb623a73c,buy,0x9e77d5a1251b6f7d456722a6eac6d2d5980bd891,0xae6ced97ab7b81b2ec40e825ed5471ee687901e8625aadb5f6ff73809cbe0be6
217,23099,0.0323386,0x02f516ad79119c74cf1f47ab610023337b3bd8d3,2017-10-24T16:21:16.000Z,0.0000014,0x40de6250458e6c9b41e7609dbb39172816dba22b,buy,0x9e77d5a1251b6f7d456722a6eac6d2d5980bd891,0x07bc739b9102ed11cd5f5edd091409a383792f444f174396886a5fecfc3087bd
218,0.00041051,0.000000000369459,0x02f516ad79119c74cf1f47ab610023337b3bd8d3,2017-10-24T16:08:39.000Z,0.0000009,0xc8f27c96c7e8d1a1a09bbc8f1988b4cff10898cb,sell,0x9e77d5a1251b6f7d456722a6eac6d2d5980bd891,0xfba3c2516fc9c172c029c87236124404ad552d992701abc72e758e56d9beed09
219,0.05835033,0.0000000245071386,0xe1e1d0d73eeb29d0632bc4c7871bfc74dbed0741,2017-10-24T14:59:56.000Z,0.00000042,0x3b8b8995ddaa7475ad6f7cf67639e90e2a83bcf9,sell,0x9e77d5a1251b6f7d456722a6eac6d2d5980bd891,0xde4f81a719623cd41fffc56978ab509db922192951eba6720dd04fb5f6e95df1
220,585.31214439,0.0002458311006438,0xe1e1d0d73eeb29d0632bc4c7871bfc74dbed0741,2017-10-24T14:58:42.000Z,0.00000042,0x3b8b8995ddaa7475ad6f7cf67639e90e2a83bcf9,sell,0x9e77d5a1251b6f7d456722a6eac6d2d5980bd891,0xee53b64cc7e4e9417ac1f87d5cfd0eb48f78f7feee73ebc8eaf03889e7c7eec0
221,69789.365,0.09142406815,0xa5924ff5b33ab87d8733bcfb4c82ef8400df01ef,2017-10-24T14:55:17.000Z,0.00000131,0x8b02ca8bbe15163fb25c9e70ee2d9e3b92a1bdd0,buy,0x9e77d5a1251b6f7d456722a6eac6d2d5980bd891,0xc5e3174a31d082e8c90fad6d736f9b5b8cf1512c299aed553fa465b1120be929
222,8000,0.01048,0x02f516ad79119c74cf1f47ab610023337b3bd8d3,2017-10-24T14:34:44.000Z,0.00000131,0x8b02ca8bbe15163fb25c9e70ee2d9e3b92a1bdd0,buy,0x9e77d5a1251b6f7d456722a6eac6d2d5980bd891,0xee1141480c7838f753422e25bda72e2e0015e7fc1bc9f2042ff4ebbada39bd4c
223,1000,0.0015,0x6a82342937003d8b273d605bf78deaebdf756e12,2017-10-24T10:25:04.000Z,0.0000015,0x6bb286efda69a1dd493d9626c05c5fd36fc32244,buy,0x9e77d5a1251b6f7d456722a6eac6d2d5980bd891,0xb48962578f8531692188b5708ea98f3b0ed3c1ff49deab3b01f0ee447204b448
224,0.08137272,0.00000004971873192,0xdbbae39c54992479faac890e81eb4d8579b951d6,2017-10-24T10:24:06.000Z,0.000000611,0xc8f27c96c7e8d1a1a09bbc8f1988b4cff10898cb,sell,0x9e77d5a1251b6f7d456722a6eac6d2d5980bd891,0xa532412822857a9bf95cf693ef0745437abfa40e885260bdf91592316165cdd2
225,816.24962615,0.00049872852157765,0xdbbae39c54992479faac890e81eb4d8579b951d6,2017-10-24T10:15:12.000Z,0.000000611,0xc8f27c96c7e8d1a1a09bbc8f1988b4cff10898cb,sell,0x9e77d5a1251b6f7d456722a6eac6d2d5980bd891,0xf6d27e594072d79ce2e2a59dd4081c8296ac1b789f605ab9d4ac10f057a1a86d
226,820.096,0.001640192,0xab45233b06b1d1f452901661f6a931c9da663cc0,2017-10-24T06:59:18.000Z,0.000002,0x808794aa3a7b2ccbef5899c08f686635a5d8a4e9,buy,0x9e77d5a1251b6f7d456722a6eac6d2d5980bd891,0x41357f870a38cc5f820a65d49244c3b9d7c0dcf64ee587c348df31f22cd08482
227,2500,0.003725,0xab45233b06b1d1f452901661f6a931c9da663cc0,2017-10-24T06:57:46.000Z,0.00000149,0xdbbae39c54992479faac890e81eb4d8579b951d6,buy,0x9e77d5a1251b6f7d456722a6eac6d2d5980bd891,0x0e58a4fb1fed4ec0cb2456b0b79a0fb9bf2f72f83baf0c9277d7f56ac558d2d3
228,39003.09,0.03900309,0x8b02ca8bbe15163fb25c9e70ee2d9e3b92a1bdd0,2017-10-24T04:29:00.000Z,0.000001,0x488f18d46f9105ff554ab4a66874f3989a1a8783,buy,0x9e77d5a1251b6f7d456722a6eac6d2d5980bd891,0x551d779459294a9acdfc48b51a330e57f0846d26ab00a33ccf9f6d09a9303965
229,27156.07465,0.024440467185,0x8b02ca8bbe15163fb25c9e70ee2d9e3b92a1bdd0,2017-10-24T04:26:06.000Z,0.0000009,0xe1e1d0d73eeb29d0632bc4c7871bfc74dbed0741,buy,0x9e77d5a1251b6f7d456722a6eac6d2d5980bd891,0xd7c59715fa904e05d395df7ac3beee1610e736b492557a363310f79b7e14f3cc
230,125.00081812,0.00006262540987812,0x543a235a9515b2b10489bccd1a0287f34df5848c,2017-10-24T04:24:14.000Z,0.000000501,0xd1869bf1ac6536f30c46e8f70d2f3e8ad23ebf7c,sell,0x9e77d5a1251b6f7d456722a6eac6d2d5980bd891,0xaab6f8f35b1b2770c2fe1c002991cce847746636e4bdf2c0e11c79f4432d386d
231,3052,0.002740696,0x8b02ca8bbe15163fb25c9e70ee2d9e3b92a1bdd0,2017-10-24T04:18:36.000Z,0.000000898,0xdbbae39c54992479faac890e81eb4d8579b951d6,buy,0x9e77d5a1251b6f7d456722a6eac6d2d5980bd891,0x4baa0c0fbdaa6339766bf574cd74afa6e9654b4ea4dcff5cb474567ee079aba5
232,8232.035,0.0072441908,0x8b02ca8bbe15163fb25c9e70ee2d9e3b92a1bdd0,2017-10-24T04:17:22.000Z,0.00000088,0x808794aa3a7b2ccbef5899c08f686635a5d8a4e9,buy,0x9e77d5a1251b6f7d456722a6eac6d2d5980bd891,0x77b392ecb33ca84b33165261746de10a0240d0249bc4031eed5a62ed3aa20ea6
233,333.9647094,0.000293888944272754,0xc293492784ab0fb363f99b27115f2b336b86512a,2017-10-24T03:43:12.000Z,0.00000088000000000225,0x808794aa3a7b2ccbef5899c08f686635a5d8a4e9,buy,0x9e77d5a1251b6f7d456722a6eac6d2d5980bd891,0x97cb18dbaf1a4858dcf4cb5427ea190f28a6900d97bd8f9392905b16176dd6b7
234,27156.07468709,0.0114055513685778,0xe1e1d0d73eeb29d0632bc4c7871bfc74dbed0741,2017-10-23T23:45:25.000Z,0.00000042,0x803e7acdb76f217ee255df3bc95923587db80db4,sell,0x9e77d5a1251b6f7d456722a6eac6d2d5980bd891,0x79e3893be9e87f91735e86cfc339334263f910a0d4c16e260e25f1e7c1188bc6
235,5000,0.00225,0xdbbae39c54992479faac890e81eb4d8579b951d6,2017-10-23T23:44:28.000Z,0.00000045,0x803e7acdb76f217ee255df3bc95923587db80db4,sell,0x9e77d5a1251b6f7d456722a6eac6d2d5980bd891,0x061daf50e4c458e764a3751b96bdd088154bef5c1a29f7dd462919a7cf12b0b1
236,996.9095803,0.000996909580301066,0x7f737569526f43d7b5ced06403f4fbb3b14bbde3,2017-10-23T20:59:54.000Z,0.00000100000000000106,0x488f18d46f9105ff554ab4a66874f3989a1a8783,buy,0x9e77d5a1251b6f7d456722a6eac6d2d5980bd891,0xdfd458473a069de4b411ac10c7b652da0a668af7f99cb4d8653737e0a0858f4c
237,100000,0.0958,0x06c6fea19f72ffeccb0326805b723ae3cae131ca,2017-10-23T13:56:53.000Z,0.000000958,0x24418ab1b19550b380652432eac1ab37bf3d0fa9,buy,0x9e77d5a1251b6f7d456722a6eac6d2d5980bd891,0x290443792dae2e133fee345e769def1430a42bf28d7fb969a69d200214cd042f
238,57150,0.05469255,0x06c6fea19f72ffeccb0326805b723ae3cae131ca,2017-10-23T13:56:30.000Z,0.000000957,0xdbbae39c54992479faac890e81eb4d8579b951d6,buy,0x9e77d5a1251b6f7d456722a6eac6d2d5980bd891,0x39c6c901274e13928564a62c5b694aea19e474ba2c2e3e399c4ec0badb7cc26e
239,6350,0.00607695,0xd4504ceded844c0bbdf74de176edbe357995be7d,2017-10-23T11:04:21.000Z,0.000000957,0xdbbae39c54992479faac890e81eb4d8579b951d6,buy,0x9e77d5a1251b6f7d456722a6eac6d2d5980bd891,0xc4f2846b9e1e4cc709bf6988b135d2acf206eac3614d6a1cc8fc3381a593a79d
240,2920.25421194,0.001314114395373,0x61a8039a2a68e6bc9a4eef5d1705a0561915a4b3,2017-10-23T08:27:03.000Z,0.00000045,0x0f060e902d8116cb8aa39896ef22b909ca349f89,sell,0x9e77d5a1251b6f7d456722a6eac6d2d5980bd891,0xc4c2b9b7fbd096d87765c3c49dc497582040006f8a63a24c9a1496603b63e67d
241,7050.945,0.006747754365,0xab45233b06b1d1f452901661f6a931c9da663cc0,2017-10-23T08:04:02.000Z,0.000000957,0x971f30c325d9924ad472adf0bf98702502baad93,buy,0x9e77d5a1251b6f7d456722a6eac6d2d5980bd891,0xa90c90a86be8063da0e9068b74d2aba6dbbf60a2fedac705e16cb39857fd95dc
242,120000,0.1194,0x23901886602bd6725d2f8e7d076e28be9f4f2cf3,2017-10-23T06:42:37.000Z,0.000000995,0xdbbae39c54992479faac890e81eb4d8579b951d6,buy,0x9e77d5a1251b6f7d456722a6eac6d2d5980bd891,0x657714f02ae1fb7eef1db12572a98eea6eca4a5be6a7dde3f3add989e6b60c03
243,4.21470851,0.0000018966188295,0x61a8039a2a68e6bc9a4eef5d1705a0561915a4b3,2017-10-23T06:19:35.000Z,0.00000045,0x9822d473b37741449b7e3b956c3e537792fbca46,sell,0x9e77d5a1251b6f7d456722a6eac6d2d5980bd891,0x4b1435f0bf897a9ae7bb3d4a67603430ce141dd8e3b36e27219e67fd10623ac5
244,8566,0.0051396,0x808794aa3a7b2ccbef5899c08f686635a5d8a4e9,2017-10-23T06:08:05.000Z,0.0000006,0x488f18d46f9105ff554ab4a66874f3989a1a8783,buy,0x9e77d5a1251b6f7d456722a6eac6d2d5980bd891,0x2170f73cf1c52f85bc87b40ace164538e40e45f977cac81f1a719a5a1a4dc304
245,5600,0.00336,0x552dfe81ec889851479d034b6b474ae4a64ffb4a,2017-10-23T04:00:27.000Z,0.0000006,0x488f18d46f9105ff554ab4a66874f3989a1a8783,buy,0x9e77d5a1251b6f7d456722a6eac6d2d5980bd891,0x7c3b0976d71fc30bac74f8cf35d74ae1523db59e1de364613a013a44cee2f2ac
246,0.64894254,0.00000026671538394,0x272da413b84dcb2d5ad945a3d46806e22c75e04e,2017-10-22T23:00:21.000Z,0.000000411,0x2870841abe904e21be3341adf039cab51267e772,sell,0x9e77d5a1251b6f7d456722a6eac6d2d5980bd891,0x497c2ac8eef61a4efd0f87c8d60cf32120c45b65cd008c7a9a8813453bcb151f
247,85000,0.051,0x272da413b84dcb2d5ad945a3d46806e22c75e04e,2017-10-22T19:57:19.000Z,0.0000006,0x488f18d46f9105ff554ab4a66874f3989a1a8783,buy,0x9e77d5a1251b6f7d456722a6eac6d2d5980bd891,0x447ab4db3b81cf130cd9c5dfb2c920e393a1a1686c5e89b7b05084def40e3c9c
248,169458.67809789,0.06947822747881299,0x24418ab1b19550b380652432eac1ab37bf3d0fa9,2017-10-22T18:02:32.000Z,0.00000041000099999999,0x229f58d5ff796eb6b9b4cfbadf74b18037389e64,sell,0x9e77d5a1251b6f7d456722a6eac6d2d5980bd891,0x64c8ffa9dd46b5e94c64467cde41ccd3efddc73874e5c92a6340d5407b758604
249,200158.01016847,0.08206498432708287,0x24418ab1b19550b380652432eac1ab37bf3d0fa9,2017-10-22T13:57:13.000Z,0.00000041000099999999,0x3ed5ab3de43a93a8e444945c45f6d4fe322a6608,sell,0x9e77d5a1251b6f7d456722a6eac6d2d5980bd891,0x9429cae1dc19b00f0151036d46acac2cad30a6ce714ac78713544a19d264467a
250,833.33333333,0.0005,0x16e5d97bbc92417e051e3b2cabfbf8ceea2acb9c,2017-10-22T13:36:35.000Z,0.0000006000000000024,0x488f18d46f9105ff554ab4a66874f3989a1a8783,buy,0x9e77d5a1251b6f7d456722a6eac6d2d5980bd891,0x9cdf4ac80ca8132953567ca255714de5396f7cd375bdc0bbc6764a20a2fe0b82
251,8877.09229363,0.00492678622296465,0x8b182a4526944fa498970732a69a95d281c3c8a9,2017-10-21T11:15:39.000Z,0.000000555,0x81df114b711dcf8e5c539870100367c5bc98c29d,sell,0x9e77d5a1251b6f7d456722a6eac6d2d5980bd891,0xf696729f67443173600e6fa00c93c22d6e5c2de4a319b12b52a3f8d273c1a2e7
252,997.5,0.0009905175,0x82d99d98115565d2a58e99fc53704cee56e3c0de,2017-10-21T08:16:02.000Z,0.000000993,0x971f30c325d9924ad472adf0bf98702502baad93,buy,0x9e77d5a1251b6f7d456722a6eac6d2d5980bd891,0x301e5cd62e6c5307d3a3f59f6af0e5e9e7e8073fc489809f91c2e72fb8e21a8d
253,70000,0.0483,0x272da413b84dcb2d5ad945a3d46806e22c75e04e,2017-10-21T07:54:09.000Z,0.00000069,0x488f18d46f9105ff554ab4a66874f3989a1a8783,buy,0x9e77d5a1251b6f7d456722a6eac6d2d5980bd891,0x2c4f8b12f4fa1a98fef4c08552d66c5a1117bdb2f582e60dd1145b74dc2064ac
254,80000,0.0552,0x272da413b84dcb2d5ad945a3d46806e22c75e04e,2017-10-21T07:52:38.000Z,0.00000069,0x488f18d46f9105ff554ab4a66874f3989a1a8783,buy,0x9e77d5a1251b6f7d456722a6eac6d2d5980bd891,0x2400fc5e42012a97cafeb2470176a237be8aa7789e289e124969c445c6dcecd9
255,200000,0.118,0xdbbae39c54992479faac890e81eb4d8579b951d6,2017-10-20T18:38:05.000Z,0.00000059,0x488f18d46f9105ff554ab4a66874f3989a1a8783,buy,0x9e77d5a1251b6f7d456722a6eac6d2d5980bd891,0x41f9eb01c8c9f286547e60a86fe3bad2e828ec481afe1b511731e086d3b0f14f
256,1,0.000001898,0x6cdea8e07bf82d7a07dbf36642d6e5be8623845c,2017-10-20T02:05:28.000Z,0.000001898,0x971f30c325d9924ad472adf0bf98702502baad93,buy,0x9e77d5a1251b6f7d456722a6eac6d2d5980bd891,0xd4806c082a450414832eaa3556a1fdab56fde9c2bef518bc52d11a25ee297434
257,1122.90770637,0.00062321377703535,0x8b182a4526944fa498970732a69a95d281c3c8a9,2017-10-19T22:49:17.000Z,0.000000555,0x1eaca5ce9332d3839d685b60b2745ca5f6817c55,sell,0x9e77d5a1251b6f7d456722a6eac6d2d5980bd891,0x17602e7d2672369d9a79ba02fddd4d7e8dbec0ec69e94c030f0c8ae7012b0f7f
258,10000,0.00604,0x8b182a4526944fa498970732a69a95d281c3c8a9,2017-10-19T22:45:59.000Z,0.000000604,0x1eaca5ce9332d3839d685b60b2745ca5f6817c55,sell,0x9e77d5a1251b6f7d456722a6eac6d2d5980bd891,0xc8bf93286071122e43c3f79ec13994cb052d03ca512e354a3e01b2c4aefdc2f0
259,18577.86767671,0.0133760647272312,0x6bb286efda69a1dd493d9626c05c5fd36fc32244,2017-10-19T22:26:53.000Z,0.00000072,0x1eaca5ce9332d3839d685b60b2745ca5f6817c55,sell,0x9e77d5a1251b6f7d456722a6eac6d2d5980bd891,0xe305efbca448cc91546e747020c7fc99a4420535057032247c72753028cfeaa5
260,70000,0.0497,0x8d6e0a79003a9d49e68a6b82bbd497189f019905,2017-10-19T22:26:53.000Z,0.00000071,0x1eaca5ce9332d3839d685b60b2745ca5f6817c55,sell,0x9e77d5a1251b6f7d456722a6eac6d2d5980bd891,0xcbf604d938d42864c79470b27d1ce7b6c5d73903dd125690cb669d9005e91a2c
261,0.09979035,0.000000071849052,0x6bb286efda69a1dd493d9626c05c5fd36fc32244,2017-10-19T21:46:30.000Z,0.00000072,0x4ed62da676eb1a89400e2e5a448ddb556b42aeb8,sell,0x9e77d5a1251b6f7d456722a6eac6d2d5980bd891,0x10c164a976e5b57fadb4d4fbdd5e4e3c0b59e9eb4f5d379bf5798773047897e2
262,0.99700897,0.0000007178464584,0x6bb286efda69a1dd493d9626c05c5fd36fc32244,2017-10-19T21:18:03.000Z,0.00000072,0x4ed62da676eb1a89400e2e5a448ddb556b42aeb8,sell,0x9e77d5a1251b6f7d456722a6eac6d2d5980bd891,0x9f5f0052bb394760e9cbd8df3a2a67e160f63e110622adb8682b6f9b2ff1af74
263,44863.02761439,0.0323013798823608,0x6bb286efda69a1dd493d9626c05c5fd36fc32244,2017-10-19T21:03:57.000Z,0.00000072,0x8b1cd3a978d1e6b4a8580f175fa45dda4a973968,sell,0x9e77d5a1251b6f7d456722a6eac6d2d5980bd891,0x959a85ec224a506d0b1bdc149c5432c9044860ad92c7e9e5b882defa5ecc2ec5
264,0.99690958,0.0000007177748976,0x6bb286efda69a1dd493d9626c05c5fd36fc32244,2017-10-19T21:03:07.000Z,0.00000072,0x4ed62da676eb1a89400e2e5a448ddb556b42aeb8,sell,0x9e77d5a1251b6f7d456722a6eac6d2d5980bd891,0xd12bc3ad3cc0239ff6c53ab06a4a386c9076823db00334ae765e81b5bfc8e199
265,26557.011,0.01912104792,0x6bb286efda69a1dd493d9626c05c5fd36fc32244,2017-10-19T20:58:57.000Z,0.00000072,0x006f11323d586ae28609e72d28f1d7f06ddead9e,sell,0x9e77d5a1251b6f7d456722a6eac6d2d5980bd891,0xcf84e30df7e7b9daa3bbb09272fdcc2823c0e1099053160f7e245dc6fdb837f9
266,250,0.000875,0xa170489e0120c05837a9a208ab127cfcc07f2290,2017-10-18T22:20:29.000Z,0.0000035,0xfaf5c682c4013a87c89f7d53348950eba6cc7e87,buy,0x9e77d5a1251b6f7d456722a6eac6d2d5980bd891,0xd0ed23e5a96c18bbe4d4f395bbc458f4df19b32ae6be50e09ca20e0e3a3a6f91
267,1,0.000002,0x3ac636ac5c3a2576156ac5f10066ca68abe0ad54,2017-10-18T16:22:15.000Z,0.000002,0x81df114b711dcf8e5c539870100367c5bc98c29d,buy,0x9e77d5a1251b6f7d456722a6eac6d2d5980bd891,0xa96413a596c1b8c1b91a93e46f5a7ab8565f62d4de9acabe50c1dd5b3b79d53d
268,263.15789473,0.0005,0x379374d13077e8867ef31803c37baf9785a17c00,2017-10-18T15:06:00.000Z,0.0000019000000000494,0xce385eb7ec5eb29302050828f69fcff5e0a88d14,buy,0x9e77d5a1251b6f7d456722a6eac6d2d5980bd891,0x1228f01cedb0bde5ad67f79ec0f21a855138fce9d394783f4236c8c655fdf3df
269,263.15789473,0.0005,0xf9695cd65d6dfdf257fab76a3eb0cb8f001971cc,2017-10-18T15:02:56.000Z,0.0000019000000000494,0xce385eb7ec5eb29302050828f69fcff5e0a88d14,buy,0x9e77d5a1251b6f7d456722a6eac6d2d5980bd891,0x3edc7e75d7523fd60ec9bd300b734381a84c1765b478cf54b436662f1e5a9c3c
270,5000,0.00345,0xcaeb48fd6741bd9c10872af91d3710ec8ee45a1a,2017-10-17T18:52:22.000Z,0.00000069,0x5c07db9b35187bad4f43668f9bc7af11a03bb9fd,sell,0x9e77d5a1251b6f7d456722a6eac6d2d5980bd891,0xdc5230db89f36f9348eaf4e6909639d733fdbd256df6a0bdd98627ff13993a93
271,200,0.0005,0x16e5d97bbc92417e051e3b2cabfbf8ceea2acb9c,2017-10-17T17:17:01.000Z,0.0000025,0x488f18d46f9105ff554ab4a66874f3989a1a8783,buy,0x9e77d5a1251b6f7d456722a6eac6d2d5980bd891,0xdea0d68b78d06e9097096091dbddcf003d25f8181c963684e3b2ff1ca630fa4e
272,2800,0.007,0xc9d5df0081a3f79f0d60182ceff1a157d688288a,2017-10-17T15:47:30.000Z,0.0000025,0x488f18d46f9105ff554ab4a66874f3989a1a8783,buy,0x9e77d5a1251b6f7d456722a6eac6d2d5980bd891,0x947894112e7c830a8359d41047a7de0687217ed149f763d1aa773fdfb4aa7c5a
273,311.6556932,0.003739868318478516,0xaf99e6fdd9b62f9afa144c27af85e0746c544be9,2017-10-17T06:57:34.000Z,0.00001200000000025193,0xdbbae39c54992479faac890e81eb4d8579b951d6,buy,0x9e77d5a1251b6f7d456722a6eac6d2d5980bd891,0x655fe7d63e529ddd4b374989ae7ad92f8aedb89b408a3f43f819d0f0a5b13321
274,10000,0.25,0xaf99e6fdd9b62f9afa144c27af85e0746c544be9,2017-10-17T06:57:12.000Z,0.000025,0x2b8d5964860c6aebf881fd6b89bfc6cf361c7247,buy,0x9e77d5a1251b6f7d456722a6eac6d2d5980bd891,0x7c31876a00097fe1df23888c64ef84a955d229aea91f24756b74d900c05f40ab
275,50000,0.05,0xaf99e6fdd9b62f9afa144c27af85e0746c544be9,2017-10-17T06:56:43.000Z,0.000001,0x488f18d46f9105ff554ab4a66874f3989a1a8783,buy,0x9e77d5a1251b6f7d456722a6eac6d2d5980bd891,0x5f56b3e928d741333372e29c91a0040de73c79a8f3615089549deb094e5973d6
276,149499.499,0.149349999501,0xaf99e6fdd9b62f9afa144c27af85e0746c544be9,2017-10-17T06:56:19.000Z,0.000000999,0x488f18d46f9105ff554ab4a66874f3989a1a8783,buy,0x9e77d5a1251b6f7d456722a6eac6d2d5980bd891,0x5daeb0e13ff691305eb7f0895155d9f80842ff88b2aa1adc09b253443bc8cbc9
277,35001.968,0.035001968,0xaf99e6fdd9b62f9afa144c27af85e0746c544be9,2017-10-17T06:56:19.000Z,0.000001,0x8f9afc0931303e8878e24ea8946156d260f217d8,buy,0x9e77d5a1251b6f7d456722a6eac6d2d5980bd891,0x8d8ac055eb8125d9539dc74ebc32033d05bd230d1ec227cf14b75289af5b624d
278,500.5005005,0.0005,0xcd912af5286dc0b0a23edb30209734ecb60838b3,2017-10-17T04:57:26.000Z,0.00000099900000000099,0x488f18d46f9105ff554ab4a66874f3989a1a8783,buy,0x9e77d5a1251b6f7d456722a6eac6d2d5980bd891,0x049d21ea074781f867ab56b60bcb695433ec9c50c63628d2e6fc4958e5bff41c
279,0.00019468,0.00000000013024092,0xa2c07f21330ea28073d6217d42ba52f4ffdb76c2,2017-10-16T14:56:52.000Z,0.000000669,0xa6d57b017bcb0daa8d8c887360bef33306846f3b,sell,0x9e77d5a1251b6f7d456722a6eac6d2d5980bd891,0xb4b6059e4928c7e2150c22a6e59a1570fbb82e8c2167732b6daac0a5f3376ef4
280,1.6129997,0.0000010790967993,0xa2c07f21330ea28073d6217d42ba52f4ffdb76c2,2017-10-16T14:24:06.000Z,0.000000669,0xa6d57b017bcb0daa8d8c887360bef33306846f3b,sell,0x9e77d5a1251b6f7d456722a6eac6d2d5980bd891,0xdf57e7591f99927fa7c98e68911b36de1c7ff887d035106fca3a4b738e18eb8b
281,3073.13679148,0.00205592851350012,0xa2c07f21330ea28073d6217d42ba52f4ffdb76c2,2017-10-16T07:28:36.000Z,0.000000669,0xacce16bb49ffe0450aa8ffd4fa7c24b0af2d83ca,sell,0x9e77d5a1251b6f7d456722a6eac6d2d5980bd891,0x7a5f2d3a793213ed137fbc6db92455c62d47a7f14b0291294204bf0b7ce68ebb
282,20,0.00082,0xa170489e0120c05837a9a208ab127cfcc07f2290,2017-10-15T22:22:21.000Z,0.000041,0x229f58d5ff796eb6b9b4cfbadf74b18037389e64,buy,0x9e77d5a1251b6f7d456722a6eac6d2d5980bd891,0x524aa4ce43a7d8b573147519654ce51776ab1948b67dae78c1cde99f3624f30f
283,100000,0.106,0x5c07db9b35187bad4f43668f9bc7af11a03bb9fd,2017-10-14T16:03:56.000Z,0.00000106,0x488f18d46f9105ff554ab4a66874f3989a1a8783,buy,0x9e77d5a1251b6f7d456722a6eac6d2d5980bd891,0x1692b62c7b957c4c9d309940af823b0316876a37f3546abe730db25e29e8dd02
284,2075.107,0.0013853414332,0x5d5065b42bdee0274e394ba9042c21e1818c69cf,2017-10-12T06:10:11.000Z,0.0000006676,0xacce16bb49ffe0450aa8ffd4fa7c24b0af2d83ca,sell,0x9e77d5a1251b6f7d456722a6eac6d2d5980bd891,0xb456aa3749ddf4eb357566760494bb5215b05a2e7242e10018b4f9ccc75cd9d9
285,20000,0.0402,0x2b8d5964860c6aebf881fd6b89bfc6cf361c7247,2017-10-11T22:52:01.000Z,0.00000201,0xef338b64436aba142c34021af82ae6ab7a554a87,buy,0x9e77d5a1251b6f7d456722a6eac6d2d5980bd891,0x104b3d0c6478fae2e948f4d512f9ff1bc4f5bb6e34803f7c0f0f6b90ffe2d111
286,2068.79777015,0.00138402570823035,0x27849f835bb345a26dffbfa7a8863c387b546730,2017-10-11T18:16:07.000Z,0.000000669,0xacce16bb49ffe0450aa8ffd4fa7c24b0af2d83ca,sell,0x9e77d5a1251b6f7d456722a6eac6d2d5980bd891,0xc167fe68ab4050af90533faa61d8aa081d37b1c6b4b228e93a131f19eb1e3b3e
287,22931.20222985,0.01534097429176965,0x27849f835bb345a26dffbfa7a8863c387b546730,2017-10-11T13:14:34.000Z,0.000000669,0x491abe8711af71efb086b827a4c7d68905efb0fa,sell,0x9e77d5a1251b6f7d456722a6eac6d2d5980bd891,0x83d60cd398eafbf88a877a08327d9177540fdea1382a347b34a76573153eae79
288,46213,0.0878047,0x41d496d95ba5ac3906c74d031f57ab4a9cda23f1,2017-10-11T01:12:27.000Z,0.0000019,0x6a338004695688c3545864e8f19db7435932f2e5,buy,0x9e77d5a1251b6f7d456722a6eac6d2d5980bd891,0xeea0373da1c766b5ddf44a10adb92747d1b05c14725e331a978a4d2a69914ad8
289,50000,0.1005,0x41d496d95ba5ac3906c74d031f57ab4a9cda23f1,2017-10-10T22:34:36.000Z,0.00000201,0x488f18d46f9105ff554ab4a66874f3989a1a8783,buy,0x9e77d5a1251b6f7d456722a6eac6d2d5980bd891,0x7db3eab25b04fb61d1a89bc93fc4793785a94f5d5c00b89848d11d9d4f4e5d0f
290,100000,0.066,0x8c90cab04e1b0257832bb4a930b9b1e4a6f3c40f,2017-10-10T17:39:54.000Z,0.00000066,0x488f18d46f9105ff554ab4a66874f3989a1a8783,buy,0x9e77d5a1251b6f7d456722a6eac6d2d5980bd891,0x7fa91c795e0dc302c0cda110815bd89988c3e11af86705e299a0ed9c7fecee5d
291,22889.56756815,0.01528107530849694,0x5d5065b42bdee0274e394ba9042c21e1818c69cf,2017-10-10T07:22:39.000Z,0.0000006676,0x491abe8711af71efb086b827a4c7d68905efb0fa,sell,0x9e77d5a1251b6f7d456722a6eac6d2d5980bd891,0x03773081b30d028c2a2cee34df30894359e8eae6407bcc083360c358f8483d09
292,7996.774,0.005349841806,0x971f30c325d9924ad472adf0bf98702502baad93,2017-10-10T07:21:10.000Z,0.000000669,0x491abe8711af71efb086b827a4c7d68905efb0fa,sell,0x9e77d5a1251b6f7d456722a6eac6d2d5980bd891,0xf2707628ff022fad7616366c8719450cd8908d74341a5ff32563b37a5a50a243
293,3.226,0.000002158194,0x971f30c325d9924ad472adf0bf98702502baad93,2017-10-10T04:10:01.000Z,0.000000669,0xc0b6ebf6485ff134453e537139cab5a340125287,sell,0x9e77d5a1251b6f7d456722a6eac6d2d5980bd891,0xceb5865440bd622e954db574023343d6eed20b9d1a0af87b91c4d374f361ba2e
294,10000,0.0066,0x64ef1975158f85a23a661d5c205d083a3b3ea6a1,2017-10-09T22:33:52.000Z,0.00000066,0x488f18d46f9105ff554ab4a66874f3989a1a8783,buy,0x9e77d5a1251b6f7d456722a6eac6d2d5980bd891,0xfdf393395ae5d9ebb71e5c18b278a8b79f3383a796991ddc2b373d232e45db65
295,10000,0.035,0xdbbae39c54992479faac890e81eb4d8579b951d6,2017-10-09T02:40:13.000Z,0.0000035,0x6a338004695688c3545864e8f19db7435932f2e5,buy,0x9e77d5a1251b6f7d456722a6eac6d2d5980bd891,0x46499196a999b024db6172dbe98a8a34d42460a92135b896141926a906aabdaf
296,6000,0.054,0x5c07db9b35187bad4f43668f9bc7af11a03bb9fd,2017-10-08T20:33:36.000Z,0.000009,0x8c90cab04e1b0257832bb4a930b9b1e4a6f3c40f,buy,0x9e77d5a1251b6f7d456722a6eac6d2d5980bd891,0x2637accaa001c3e84aa1eb1ee8de759ca4f51c1565f00f440c802b218a4ffeb8
297,34893.94875884,0.01922656576612084,0xcfcf0442507964d063bc7b20719f807d2da90318,2017-10-08T11:41:37.000Z,0.000000551,0xa4b17bf844aa4d5ec8377f6ed04729a58e9dcdb1,sell,0x9e77d5a1251b6f7d456722a6eac6d2d5980bd891,0x698e37b6a1925563e1d141e42c480658d734ae99227e537da1134ef2ffbfdd12
298,3785.714,0.052999996,0x27849f835bb345a26dffbfa7a8863c387b546730,2017-10-08T11:37:00.000Z,0.000014,0x6a338004695688c3545864e8f19db7435932f2e5,buy,0x9e77d5a1251b6f7d456722a6eac6d2d5980bd891,0xf8cedc62bd3e148d3f57947bba0524344945d7e38a6753db513c18c2b8ac98dc
299,2.91948721,0.00006422871866088,0x913d0761676ea51e226f6b092f2844e77d7d47d6,2017-10-08T05:46:41.000Z,0.00002200000001400245,0x6a338004695688c3545864e8f19db7435932f2e5,buy,0x9e77d5a1251b6f7d456722a6eac6d2d5980bd891,0x5dbb3534f41a781658316777ab5ce8456f40332664a988cb7df2a1378090a3cb
300,23851.85799831,1.121037325920913,0x5a79d9aa3a4917c085491e76ec1397c59d66cebf,2017-10-07T16:50:46.000Z,0.00004700000000001437,0x8c90cab04e1b0257832bb4a930b9b1e4a6f3c40f,buy,0x9e77d5a1251b6f7d456722a6eac6d2d5980bd891,0xc42f97c39b0dc3713284ab41181f11cfde7eed08d0a5bc7b6d8684df5f53bb15
301,25000,2.49995,0x5a79d9aa3a4917c085491e76ec1397c59d66cebf,2017-10-07T16:34:25.000Z,0.000099998,0x272da413b84dcb2d5ad945a3d46806e22c75e04e,buy,0x9e77d5a1251b6f7d456722a6eac6d2d5980bd891,0x4b144078124645a1162629f1916d04b32ef3fc31f1407e893a9209be5cf3b399
302,1998,0.199798002,0x5a79d9aa3a4917c085491e76ec1397c59d66cebf,2017-10-07T16:33:03.000Z,0.000099999,0x19a42f144849454fdb2b1c956e511ef111bb9017,buy,0x9e77d5a1251b6f7d456722a6eac6d2d5980bd891,0xba3c69871359e90a62dfde48b8fc94a969e47aef92ed6cbbea4f2cea20baa31f
303,4975,0.243770025,0x5a79d9aa3a4917c085491e76ec1397c59d66cebf,2017-10-07T16:32:44.000Z,0.000048999,0x78b0e4933f5b7d90102367e28efcde256998411e,buy,0x9e77d5a1251b6f7d456722a6eac6d2d5980bd891,0xb62aab1102a8ac138ca63caae92fcb12c1eb1d956f09dd28eaa519a2ccc909c7
304,24000,0.228,0x5a79d9aa3a4917c085491e76ec1397c59d66cebf,2017-10-07T16:28:09.000Z,0.0000095,0x4d4f1d5ab3847a73283190382b7b8cb9ee672048,buy,0x9e77d5a1251b6f7d456722a6eac6d2d5980bd891,0x41ba002aab5a89f28d03a2fee9a0786373f19d824c8a52c850b11d59b03adfa9
305,4850,0.23656845,0x5a79d9aa3a4917c085491e76ec1397c59d66cebf,2017-10-07T16:28:09.000Z,0.000048777,0x8b182a4526944fa498970732a69a95d281c3c8a9,buy,0x9e77d5a1251b6f7d456722a6eac6d2d5980bd891,0xd65fd333f968a2461a26b88fb9bf274ea3e868f591520c73699f535af79e4836
306,2000,0.096,0x5a79d9aa3a4917c085491e76ec1397c59d66cebf,2017-10-07T16:28:09.000Z,0.000048,0xdbbae39c54992479faac890e81eb4d8579b951d6,buy,0x9e77d5a1251b6f7d456722a6eac6d2d5980bd891,0x2475f5c15082b8a9abf4c16877a338650df16b0fbc02211ea5a5a36466161226
307,4000,0.188,0x5a79d9aa3a4917c085491e76ec1397c59d66cebf,2017-10-07T16:28:09.000Z,0.000047,0x8b182a4526944fa498970732a69a95d281c3c8a9,buy,0x9e77d5a1251b6f7d456722a6eac6d2d5980bd891,0x022ee88e1c88a6c0719570bbe043986011ccea65f08acf7ec04dff00708615a1
308,13684.211,0.13684211,0x5a79d9aa3a4917c085491e76ec1397c59d66cebf,2017-10-07T16:28:09.000Z,0.00001,0x8d6e0a79003a9d49e68a6b82bbd497189f019905,buy,0x9e77d5a1251b6f7d456722a6eac6d2d5980bd891,0xbd92d8002bf115e463f80ec2c8fcf6332111e5495bbbcee4ae88152e7bde1255
309,1000,0.035,0x5a79d9aa3a4917c085491e76ec1397c59d66cebf,2017-10-07T16:28:09.000Z,0.000035,0xdbbae39c54992479faac890e81eb4d8579b951d6,buy,0x9e77d5a1251b6f7d456722a6eac6d2d5980bd891,0x6b199581b097551fa233b437ca3e8497a4ccea72c6cd6f58ca18cf8bd94db530
310,5000,0.018,0x8d5ebdf9d7107bd8c63e490fe616d4b89184807c,2017-10-07T14:31:47.000Z,0.0000036,0x006f11323d586ae28609e72d28f1d7f06ddead9e,buy,0x9e77d5a1251b6f7d456722a6eac6d2d5980bd891,0x36402273856481a040ad9577ae6d11c4adc2fab07d30b568a5b45a4156411c02
311,4000,0.0132,0x8d5ebdf9d7107bd8c63e490fe616d4b89184807c,2017-10-07T14:27:13.000Z,0.0000033,0x006f11323d586ae28609e72d28f1d7f06ddead9e,buy,0x9e77d5a1251b6f7d456722a6eac6d2d5980bd891,0x9392f02703812fec8c831a4ccc8e95d14d56ce229c7dd4a6cb34949f1f30c27f
312,1250,0.0041,0x8d5ebdf9d7107bd8c63e490fe616d4b89184807c,2017-10-07T14:09:28.000Z,0.00000328,0xd14a86c1d73c2b583b540838ad2c541182138484,buy,0x9e77d5a1251b6f7d456722a6eac6d2d5980bd891,0x50ccf6975ba8c46ba292861a0623a68300dde27e36705702968d480ac5ddd965
313,1750,0.0057575,0x8d5ebdf9d7107bd8c63e490fe616d4b89184807c,2017-10-07T13:49:25.000Z,0.00000329,0xd14a86c1d73c2b583b540838ad2c541182138484,buy,0x9e77d5a1251b6f7d456722a6eac6d2d5980bd891,0xa7477e039a863bcedeb0c25e790d7e8210728ffba884067025382a03b49214ef
314,685.71650557,0.3291439226774003,0x5a79d9aa3a4917c085491e76ec1397c59d66cebf,2017-10-07T11:34:23.000Z,0.000480000000005542,0xdbbae39c54992479faac890e81eb4d8579b951d6,buy,0x9e77d5a1251b6f7d456722a6eac6d2d5980bd891,0x07e8ee1b39c63412a3c6fa30287994dff9d6ba40c3007935564016785fd8eb6a
315,5000,0.0175,0x5a79d9aa3a4917c085491e76ec1397c59d66cebf,2017-10-07T11:32:19.000Z,0.0000035,0x006f11323d586ae28609e72d28f1d7f06ddead9e,buy,0x9e77d5a1251b6f7d456722a6eac6d2d5980bd891,0xd58ea4573d0adc745744c5e23ebfbc7d35a4ab2276b882898c3eb773b2de79c9
316,4450,0.01513,0x5a79d9aa3a4917c085491e76ec1397c59d66cebf,2017-10-07T11:32:07.000Z,0.0000034,0x006f11323d586ae28609e72d28f1d7f06ddead9e,buy,0x9e77d5a1251b6f7d456722a6eac6d2d5980bd891,0x9085ed70e35d9b517fc534da3b2667c21ab6d54de24ea3ae0aad3ef0cbb4bb9f
317,60140.536,0.1924497152,0x5a79d9aa3a4917c085491e76ec1397c59d66cebf,2017-10-07T11:31:04.000Z,0.0000032,0x61b3b420cd544e64cdc4dc3cfca79108ee9022a0,buy,0x9e77d5a1251b6f7d456722a6eac6d2d5980bd891,0xa93545466fbac5f3b853ec29afd2785332a3b493ff5d5bb9cc7c3a47c826b84f
318,15898.19,0.050874208,0x5a79d9aa3a4917c085491e76ec1397c59d66cebf,2017-10-07T11:27:57.000Z,0.0000032,0x61b3b420cd544e64cdc4dc3cfca79108ee9022a0,buy,0x9e77d5a1251b6f7d456722a6eac6d2d5980bd891,0x278f60aea12871e5716e884018779f0f0a895b67195037b7065ba24ee867c384
319,23895.92,0.076466944,0x5a79d9aa3a4917c085491e76ec1397c59d66cebf,2017-10-07T11:27:57.000Z,0.0000032,0x61b3b420cd544e64cdc4dc3cfca79108ee9022a0,buy,0x9e77d5a1251b6f7d456722a6eac6d2d5980bd891,0x3b61c3ba4880f2deed16d052b9df1cc5f410acace4220a4f6526862f69f83d94
320,6081.148,0.0194596736,0x5a79d9aa3a4917c085491e76ec1397c59d66cebf,2017-10-07T11:23:04.000Z,0.0000032,0x61b3b420cd544e64cdc4dc3cfca79108ee9022a0,buy,0x9e77d5a1251b6f7d456722a6eac6d2d5980bd891,0xee1ea6dbab70801a0c0063ea6e5f77f4a34f31e64e061f8f6c45ead2116d2039
321,16095,0.0402375,0x5a79d9aa3a4917c085491e76ec1397c59d66cebf,2017-10-07T11:23:00.000Z,0.0000025,0xc3a4dd160d68592387244ae374cab304e0dc4780,buy,0x9e77d5a1251b6f7d456722a6eac6d2d5980bd891,0x40cde144a6b2ab8c4d77047cafda8368d8d90b2970707df59e39a678cd6365c5
322,519027.05183186,1.153278109170393,0x5a79d9aa3a4917c085491e76ec1397c59d66cebf,2017-10-07T11:21:53.000Z,0.000002222,0x64dcca9d2091012bd3e1e5235d703f72f4d65746,buy,0x9e77d5a1251b6f7d456722a6eac6d2d5980bd891,0x8f77ff0393fea34c3fcd5c9e53d6094e03a5a3d132fbe2c8051b0966304cdd31
323,14401.44,0.03199999968,0x5a79d9aa3a4917c085491e76ec1397c59d66cebf,2017-10-07T11:21:16.000Z,0.000002222,0x64dcca9d2091012bd3e1e5235d703f72f4d65746,buy,0x9e77d5a1251b6f7d456722a6eac6d2d5980bd891,0xc6321b670a5671889ddce5df01dfcd1945ef0eded4eb59fa96bd30b78bd3d7d6
324,45000,0.067455,0x5a79d9aa3a4917c085491e76ec1397c59d66cebf,2017-10-07T11:15:12.000Z,0.000001499,0xef338b64436aba142c34021af82ae6ab7a554a87,buy,0x9e77d5a1251b6f7d456722a6eac6d2d5980bd891,0x5f86ac23e6b813fda4ee172802afaefafff0199fe48f73ffb0c09de8b0867749
325,64579.45616814,0.09686918425221207,0x15dbb6a4bf87ee1a103211e33dae36b56ae365fb,2017-10-05T21:57:31.000Z,0.00000150000000000003,0x64dcca9d2091012bd3e1e5235d703f72f4d65746,buy,0x9e77d5a1251b6f7d456722a6eac6d2d5980bd891,0x76bae855613e889a4349850788ff5c82937b34b05fcac4348ff3b83cc57098f7
326,6081.14843983,0.002432459375932,0x61b3b420cd544e64cdc4dc3cfca79108ee9022a0,2017-10-05T06:15:00.000Z,0.0000004,0x8c7385066cd3512865dd58d1d9d3ca8378d83c09,sell,0x9e77d5a1251b6f7d456722a6eac6d2d5980bd891,0x31dbaf949b5b9af46b19aace03436d1798f88488260b39811787f3a31888c660
327,60140.53641996,0.024056214567984,0x61b3b420cd544e64cdc4dc3cfca79108ee9022a0,2017-10-03T08:44:22.000Z,0.0000004,0x4dca30bcc9c9db4408141cd67b1515e689f546d8,sell,0x9e77d5a1251b6f7d456722a6eac6d2d5980bd891,0xef459359f63595160b7d1491aaaa51940abaf91eb3963baaa1e15342ff279349
328,9976.1,0.0045191733,0x035392de57aa4fe343d86494103dbe1b068a56c6,2017-10-03T08:41:51.000Z,0.000000453,0x4dca30bcc9c9db4408141cd67b1515e689f546d8,sell,0x9e77d5a1251b6f7d456722a6eac6d2d5980bd891,0x3d3cb0723bb22858c1f5c4cab2d43f0918361be2095b062ef573c41ee32daf09
329,23.89979925,0.00001082660906025,0x035392de57aa4fe343d86494103dbe1b068a56c6,2017-10-03T08:11:47.000Z,0.000000453,0x4c725e97432c5d571000d778b641f57c8105d1b1,sell,0x9e77d5a1251b6f7d456722a6eac6d2d5980bd891,0x325209ff32462c224c3f4f46384312948c4b7afe28f4156dbe8539d8bd743ae4
330,1.1,0.00000352,0x58319288a01eff24620ee5237315f9e1e9dc0e36,2017-09-30T01:09:25.000Z,0.0000032,0x61b3b420cd544e64cdc4dc3cfca79108ee9022a0,buy,0x9e77d5a1251b6f7d456722a6eac6d2d5980bd891,0x3567452ad3136aa70697c88044c08ebab0663156f7fe21be55dbb442045a6850
331,19.04396371,0.00000858882763321,0x971f30c325d9924ad472adf0bf98702502baad93,2017-09-29T18:11:26.000Z,0.000000451,0x039593f9d775901445427684fae0837eeff37963,sell,0x9e77d5a1251b6f7d456722a6eac6d2d5980bd891,0x1375df0787723216ecf9e7f2c45edc5398f43f470309af593f6e291846535ba3
332,2000,0.0064,0x3908ed8333e4ba274bed2b930c198fd4ff8f03c3,2017-09-29T13:04:43.000Z,0.0000032,0x61b3b420cd544e64cdc4dc3cfca79108ee9022a0,buy,0x9e77d5a1251b6f7d456722a6eac6d2d5980bd891,0x5f1b20eba26ca7ab4068b2217fcbb7819d21ead04bed95ae30ea60031812e6eb
333,2000,0.005,0x3908ed8333e4ba274bed2b930c198fd4ff8f03c3,2017-09-29T12:33:13.000Z,0.0000025,0xc3a4dd160d68592387244ae374cab304e0dc4780,buy,0x9e77d5a1251b6f7d456722a6eac6d2d5980bd891,0xa813b20fb4f9e80be9fac19ae1d3d74d2cc295a1b07fefdff48ab7875679f50f
334,13.44105441,0.00000606191553891,0x971f30c325d9924ad472adf0bf98702502baad93,2017-09-29T10:55:41.000Z,0.000000451,0xf7f491b7986c6e1ff9fa26d9ee430d69f02160d6,sell,0x9e77d5a1251b6f7d456722a6eac6d2d5980bd891,0x8e44211051166ed46abc3411d17ee92e6315438cdc6f1d84964c804ea1e0cde8
335,10966.00538331,0.006579603229986,0x81df114b711dcf8e5c539870100367c5bc98c29d,2017-09-28T10:47:17.000Z,0.0000006,0xb83a6f00dc60276c2b2a64dbe3019a9de77ef4f7,sell,0x9e77d5a1251b6f7d456722a6eac6d2d5980bd891,0x24225921afedbf041daf8a6fae23332ddad3671347c7ccc67a4058fb2bdbadef
336,1,0.000003199,0xa0be78d2bac6a692adba423c7af50ec86a18bddf,2017-09-28T04:59:31.000Z,0.000003199,0x19a42f144849454fdb2b1c956e511ef111bb9017,buy,0x9e77d5a1251b6f7d456722a6eac6d2d5980bd891,0xcf402da0cadcd790c5047555588ac70591a59630c11c139289adf904ebaee1d1
337,49025.56789355,0.05000607925143037,0x09c450150abc14c949a942d2e7573b7ce0bc5dad,2017-09-27T02:55:10.000Z,0.00000102000000000019,0x1fdf047bf7a114b37e7936d01e9cad754ad18803,buy,0x9e77d5a1251b6f7d456722a6eac6d2d5980bd891,0x1fe931f3cdd1250bb417188a2acceb5bddb21e5c0512b84d263754b4bb1f1360
338,974.43210644,0.000993920748569631,0x09c450150abc14c949a942d2e7573b7ce0bc5dad,2017-09-26T13:08:14.000Z,0.00000102000000000085,0x1fdf047bf7a114b37e7936d01e9cad754ad18803,buy,0x9e77d5a1251b6f7d456722a6eac6d2d5980bd891,0x725726f477e88eb9649ca547187bfbbd0325f2f6c8482f31aae6aa067c0e91df
339,16.95894101,0.00000680053534501,0x971f30c325d9924ad472adf0bf98702502baad93,2017-09-26T06:26:04.000Z,0.000000401,0xcfc36d02f7b68b0d9cf5eeae4ab04b93cc6fa818,sell,0x9e77d5a1251b6f7d456722a6eac6d2d5980bd891,0x0e0affc81c7f784049d35fc80305f9d02dd39cee16aaba08bb340d5e5c67094d
340,480.76923076,0.0005,0xc886b21b865e7c90432d9b8bdb14ad254f2232f5,2017-09-25T03:20:58.000Z,0.00000104000000001996,0x9e6c03145b92c74b907cbcfe3fdadddfef3cec1e,buy,0x9e77d5a1251b6f7d456722a6eac6d2d5980bd891,0x2efd6a6650274f12afdddc1a221204befc5de7ad1fcc9d7f3363d44acd6ddf88
341,480.76923076,0.0005,0xe37bd4d49c619e748d4efe74525489d26b6aff43,2017-09-25T03:15:27.000Z,0.00000104000000001996,0x9e6c03145b92c74b907cbcfe3fdadddfef3cec1e,buy,0x9e77d5a1251b6f7d456722a6eac6d2d5980bd891,0x53d39d3a0516011f0e43624d5673a2f1ade963ee711b54d1e6da9c0affcfd6e3
342,200,0.00096,0xa170489e0120c05837a9a208ab127cfcc07f2290,2017-09-25T00:36:14.000Z,0.0000048,0xdbbae39c54992479faac890e81eb4d8579b951d6,buy,0x9e77d5a1251b6f7d456722a6eac6d2d5980bd891,0x437fa3505b7e5dd04708d9eab9bd1c800a42a90cef3f604860605957bfec5d8b
343,480.76923076,0.0005,0x23ee598e50ff1b1bde1022bf3c8a41d4c23321a0,2017-09-25T00:13:10.000Z,0.00000104000000001996,0x9e6c03145b92c74b907cbcfe3fdadddfef3cec1e,buy,0x9e77d5a1251b6f7d456722a6eac6d2d5980bd891,0xe3020a0ae2873c6a456db54bffd4b7778627aca7670cb7e62f9b16be828cc025
344,480.76923076,0.0005,0xe5a759eb3e214ff0a2bbbea31acc41c9bf27b239,2017-09-24T23:44:53.000Z,0.00000104000000001996,0x9e6c03145b92c74b907cbcfe3fdadddfef3cec1e,buy,0x9e77d5a1251b6f7d456722a6eac6d2d5980bd891,0x5afbe3530cc42657554a076a3592f9a556d0f2d593d71af004a2fdf7a5768f98
345,480.76923076,0.0005,0x160506e5a5ce5dadd43623689f53d5aa1f288f0f,2017-09-24T23:37:39.000Z,0.00000104000000001996,0x9e6c03145b92c74b907cbcfe3fdadddfef3cec1e,buy,0x9e77d5a1251b6f7d456722a6eac6d2d5980bd891,0xb5ec4c4fb1162077d39aee0a72b648cc20f6f83e349b7408621bc7323124c660
346,4093.421,0.00421622363,0xa170489e0120c05837a9a208ab127cfcc07f2290,2017-09-24T00:50:23.000Z,0.00000103,0x971f30c325d9924ad472adf0bf98702502baad93,buy,0x9e77d5a1251b6f7d456722a6eac6d2d5980bd891,0x0b88118b6ff08af69fa4133c5490339006c3797b4f46ab47fc01bf93088edd34
347,550,0.00187,0xa170489e0120c05837a9a208ab127cfcc07f2290,2017-09-24T00:43:56.000Z,0.0000034,0x006f11323d586ae28609e72d28f1d7f06ddead9e,buy,0x9e77d5a1251b6f7d456722a6eac6d2d5980bd891,0xe0062e797931206a94f35c08a7fa5adea0553183cc6b733c15fbbd0449836935
348,476.64442326,0.0005,0xc22f5ab4f1591613a92b4d172cc7f4e4a5af58cd,2017-09-23T23:26:18.000Z,0.00000104900000000054,0x971f30c325d9924ad472adf0bf98702502baad93,buy,0x9e77d5a1251b6f7d456722a6eac6d2d5980bd891,0x02d5c301267c9263d190a7303f71100305e670b2d358c4307175f51c506b0d88
349,476.64442326,0.0005,0x452b06f1c61cff4c9bebaa405319a7c3b12553a2,2017-09-23T23:25:37.000Z,0.00000104900000000054,0x971f30c325d9924ad472adf0bf98702502baad93,buy,0x9e77d5a1251b6f7d456722a6eac6d2d5980bd891,0x444ce3f1aa55d382d4be5188c9fb298028b4c5c6a827a1f22beb5c06b00469d9
350,476.64442326,0.0005,0x2ba19ec4bcd5ae8de66b110bde5ebf41092bd02f,2017-09-23T19:17:44.000Z,0.00000104900000000054,0x971f30c325d9924ad472adf0bf98702502baad93,buy,0x9e77d5a1251b6f7d456722a6eac6d2d5980bd891,0x8ba85c37674ee4e317653f984c12fde29e4552231ca74db80b8326544edb014c
351,476.64442326,0.0005,0x18a902dc44442205b4ba2b1dc038e67506d22c55,2017-09-23T15:52:23.000Z,0.00000104900000000054,0x971f30c325d9924ad472adf0bf98702502baad93,buy,0x9e77d5a1251b6f7d456722a6eac6d2d5980bd891,0x2364faeb21d730b7cce97617e95f1ea2ddcc7d3c01f2d3c5e0049aaa090ca6d3
352,476.19047619,0.0005,0xd868b838b5de79f1e540b5d83c9e9a3d0b3810cd,2017-09-23T15:29:10.000Z,0.00000105000000000105,0xef338b64436aba142c34021af82ae6ab7a554a87,buy,0x9e77d5a1251b6f7d456722a6eac6d2d5980bd891,0xa04eea5c8d49c5cbef89d8c7a6fc10cc3230de60814c25a0905171b29ff0980b
353,1.78402193,0.000000713608772,0x61b3b420cd544e64cdc4dc3cfca79108ee9022a0,2017-09-23T14:39:53.000Z,0.0000004,0x94a2b835deee69ddd6073451b700c5daba97d72b,sell,0x9e77d5a1251b6f7d456722a6eac6d2d5980bd891,0x1d674ecb6ce97ad18677b9715824ce926727de822c2a882d70f9427cb65d6ff7
354,17895.52387598,0.007158209550392,0x61b3b420cd544e64cdc4dc3cfca79108ee9022a0,2017-09-23T14:37:01.000Z,0.0000004,0x94a2b835deee69ddd6073451b700c5daba97d72b,sell,0x9e77d5a1251b6f7d456722a6eac6d2d5980bd891,0xad06e3934e5246391afc0f53b8eaa35cc49e1e2899d0b01f4c9d93b75f557dff
355,7000,0.002955232,0x9d384fe998564e20926deb1f9bcafcc071cdd4e9,2017-09-23T14:32:58.000Z,0.000000422176,0x94a2b835deee69ddd6073451b700c5daba97d72b,sell,0x9e77d5a1251b6f7d456722a6eac6d2d5980bd891,0xbbd5c4b2917d6d44afbee929e33d7cd49592e038637416b7628719e326e9ad99
356,6000,0.002538,0x971f30c325d9924ad472adf0bf98702502baad93,2017-09-23T14:32:07.000Z,0.000000423,0x94a2b835deee69ddd6073451b700c5daba97d72b,sell,0x9e77d5a1251b6f7d456722a6eac6d2d5980bd891,0x76b0f33b5c7d369fb1b6eb5f542725059b4c7aea36a4e050bb07256807fe13f8
357,476.19047619,0.0005,0x999dbc9673afdd6b6c140c261297f89de35ff1b3,2017-09-22T05:13:36.000Z,0.00000105000000000105,0xef338b64436aba142c34021af82ae6ab7a554a87,buy,0x9e77d5a1251b6f7d456722a6eac6d2d5980bd891,0x81c819431e1831bdbbd5a3cc8764741a0599810a8e308bc164df343d98131684
358,476.19047619,0.0005,0x8612d2a48328bbf318b856ed0daaa4a7034383d0,2017-09-22T04:59:08.000Z,0.00000105000000000105,0xef338b64436aba142c34021af82ae6ab7a554a87,buy,0x9e77d5a1251b6f7d456722a6eac6d2d5980bd891,0xba7c7a58f47cf7ea7755f1316089e6bdbce120d7328133091b3062b9c44135e7
359,476.19047619,0.0005,0x10c12555236fa11fc988be565ab70c82a4660ecf,2017-09-22T04:56:56.000Z,0.00000105000000000105,0xef338b64436aba142c34021af82ae6ab7a554a87,buy,0x9e77d5a1251b6f7d456722a6eac6d2d5980bd891,0xcddd750cad70b173d649ab790fb3dd7e39ab71fa09b5d448d2385aa27b007be0
360,476.19047619,0.0005,0x8f28b1970e72adb11173044ebc762800e3128238,2017-09-22T04:44:16.000Z,0.00000105000000000105,0xef338b64436aba142c34021af82ae6ab7a554a87,buy,0x9e77d5a1251b6f7d456722a6eac6d2d5980bd891,0x4eaf1d54374baf9ef9116f53944a0310fa8a9a685c5516a5e6ca87e765892064
361,476.19047619,0.0005,0x7ed2114439b24152cf18c02c10cae681a7ca2adc,2017-09-22T04:40:31.000Z,0.00000105000000000105,0xef338b64436aba142c34021af82ae6ab7a554a87,buy,0x9e77d5a1251b6f7d456722a6eac6d2d5980bd891,0xb8a183d9fa9639b3f2eba3d1432295a3a1eba27bbad0ab75611f3f890c935fa7
362,476.19047619,0.0005,0x03dd03643b71b06642179afb38211c0f45699bc5,2017-09-22T04:24:26.000Z,0.00000105000000000105,0xef338b64436aba142c34021af82ae6ab7a554a87,buy,0x9e77d5a1251b6f7d456722a6eac6d2d5980bd891,0xe07a0773acf2ae845a67fece41290e47a84d6cf8028ecf2515992b790ddf4d6b
363,1.98467596,0.000000793870384,0x61b3b420cd544e64cdc4dc3cfca79108ee9022a0,2017-09-19T06:54:30.000Z,0.0000004,0x491abe8711af71efb086b827a4c7d68905efb0fa,sell,0x9e77d5a1251b6f7d456722a6eac6d2d5980bd891,0xbb5c2310b8ac1788b0b2d8109450341325117a7f2d812d6ff73311a55ae73aa4
364,250,0.0012,0xa170489e0120c05837a9a208ab127cfcc07f2290,2017-09-19T01:28:57.000Z,0.0000048,0xdbbae39c54992479faac890e81eb4d8579b951d6,buy,0x9e77d5a1251b6f7d456722a6eac6d2d5980bd891,0x4d965edf68c9722c115d6da630055e2cea6166096448a29f4a4f8fe19a8debc7
365,500,0.00165,0xa170489e0120c05837a9a208ab127cfcc07f2290,2017-09-19T01:28:57.000Z,0.0000033,0x006f11323d586ae28609e72d28f1d7f06ddead9e,buy,0x9e77d5a1251b6f7d456722a6eac6d2d5980bd891,0xedabc09307424b6ddcdb6f56a72150a8628ef2e1a9e2ec3ac3113a9f9e109cb9
366,4000,0.0128,0x08bc9fcd9724843c677670ae8c264598704ae124,2017-09-18T22:51:44.000Z,0.0000032,0x006f11323d586ae28609e72d28f1d7f06ddead9e,buy,0x9e77d5a1251b6f7d456722a6eac6d2d5980bd891,0x56e32e534ca201412403181ab1fceba32a6183334a2aa91f2579744522babfc3
367,3987.6383212,0.00159505532848,0x61b3b420cd544e64cdc4dc3cfca79108ee9022a0,2017-09-18T20:57:18.000Z,0.0000004,0x49b27c452166cccb9be69085637c1751edbfa8a4,sell,0x9e77d5a1251b6f7d456722a6eac6d2d5980bd891,0x3690b318959bfb03904255838074807f330ac0c7e6b897e3e4370615d8b192d0
368,19908.28450396,0.007963313801584,0x61b3b420cd544e64cdc4dc3cfca79108ee9022a0,2017-09-18T20:43:55.000Z,0.0000004,0x491abe8711af71efb086b827a4c7d68905efb0fa,sell,0x9e77d5a1251b6f7d456722a6eac6d2d5980bd891,0x98465e74aacb41d4f07a2c9e7031e6ed0fe5ac91c0d0e5869c924416b55e68d5
369,10000,0.0045,0xdbbae39c54992479faac890e81eb4d8579b951d6,2017-09-18T20:37:25.000Z,0.00000045,0x491abe8711af71efb086b827a4c7d68905efb0fa,sell,0x9e77d5a1251b6f7d456722a6eac6d2d5980bd891,0xf4de849e6432fc12ee653a3d5a8006827332147de883e5fa29dfd2c50831b60b
370,45000,0.056205,0x21595c64e047ce7c63e299440c7827e9935a57fd,2017-09-18T15:49:54.000Z,0.000001249,0x47e9cfa8c920dd158260ceeedf0176cf01d225e1,buy,0x9e77d5a1251b6f7d456722a6eac6d2d5980bd891,0xc69dd4db75b9fb5ed1796d42101c0c9a346942ff4559e442f710009da4ca28fe
371,70500,0.0846,0x21595c64e047ce7c63e299440c7827e9935a57fd,2017-09-18T15:48:29.000Z,0.0000012,0xef338b64436aba142c34021af82ae6ab7a554a87,buy,0x9e77d5a1251b6f7d456722a6eac6d2d5980bd891,0xa277db3be815daeaba6ea2f9c64a91600d39cf50cf6332c3d7df0211786637e6
372,9500,0.010545,0x21595c64e047ce7c63e299440c7827e9935a57fd,2017-09-18T15:47:20.000Z,0.00000111,0x029fad5ca06e33602d8831347d6bae3bbda0a3e2,buy,0x9e77d5a1251b6f7d456722a6eac6d2d5980bd891,0x65888f53f67063b92d68376c2423c63c2bb2d70c1c30a8511be49e14e58af931
373,1000,0.001249,0xb4302256506c8ca0381bc19de012dc8315f8632d,2017-09-18T02:51:22.000Z,0.000001249,0x47e9cfa8c920dd158260ceeedf0176cf01d225e1,buy,0x9e77d5a1251b6f7d456722a6eac6d2d5980bd891,0x1cfbefe08bc2c860fc179055ffa64363f233dc5bda03e3ae4943081a4558745a
374,1000,0.001249,0xa170489e0120c05837a9a208ab127cfcc07f2290,2017-09-17T22:47:16.000Z,0.000001249,0x47e9cfa8c920dd158260ceeedf0176cf01d225e1,buy,0x9e77d5a1251b6f7d456722a6eac6d2d5980bd891,0xa4fd67be542c3cf7f0d53d1147a951475ada9f5a0c3286d757bfd35c69a86db8
375,108542.07692307,0.135460512,0x21595c64e047ce7c63e299440c7827e9935a57fd,2017-09-16T23:41:30.000Z,0.00000124800000000007,0xfb43b93274458e051254a5bb579d0cf36796a00a,buy,0x9e77d5a1251b6f7d456722a6eac6d2d5980bd891,0xc3e0ac282267d37b87d8ba36885c5a0c25cc20910a9463d727911dccf8f61688
376,1,0.000001248,0xd6f29f2fb0a1dc783aeab42ce7ce9276f8e14a54,2017-09-16T18:44:03.000Z,0.000001248,0xfb43b93274458e051254a5bb579d0cf36796a00a,buy,0x9e77d5a1251b6f7d456722a6eac6d2d5980bd891,0xe93bcd560dfd78396a6b361e962147622cbae2f2a661a56618d219e82dd57703
377,400.64102564,0.0005,0x42c24a83bded723edfdf5883bc7efb30bc1a1bf3,2017-09-16T17:01:29.000Z,0.00000124800000000319,0xfb43b93274458e051254a5bb579d0cf36796a00a,buy,0x9e77d5a1251b6f7d456722a6eac6d2d5980bd891,0xc087ee857d27902b5e62f6161c323c6c1d3232d5b29cb2ac9a87f42576477acd
378,400.64102564,0.0005,0x0f657c396dfcd6c59bb82b89fc3adbe5f90ce153,2017-09-16T15:19:51.000Z,0.00000124800000000319,0xfb43b93274458e051254a5bb579d0cf36796a00a,buy,0x9e77d5a1251b6f7d456722a6eac6d2d5980bd891,0x6cb11ac97e9f0ec02b2ebf17616aec49953b7bda894d0bb4f8fc732f0c3fac4c
