,amount,amountBase,buyer,date,price,seller,side,tokenAddr,txHash
0,51.839298175655465,0.008449805602631841,0x92d74cd001dfd7bb50294003fca8b48bf3ab6dd2,2017-11-02T14:22:26.000Z,0.00016299999999999998,0xb496bdbe5e0f282c4cf9bf937453592904139129,sell,0xf8e386eda857484f5a12e4b5daa9984e06e73705,0x7a807742b6d3bb96cb1cf38d5f8b8df28c9312dc8df043758918575299d877a7
1,0.000099382871129605,0.000000016199407994,0x92d74cd001dfd7bb50294003fca8b48bf3ab6dd2,2017-11-02T13:48:07.000Z,0.00016299999999873604,0xf63473fc91c01a809d3915f626dde9f17366ed52,sell,0xf8e386eda857484f5a12e4b5daa9984e06e73705,0xfcc204f0375b7b5a0ab9fcfc8d57a8701ce003adf460022cf5e6def115395e42
2,0.9969095803010667,0.000162496261589073,0x92d74cd001dfd7bb50294003fca8b48bf3ab6dd2,2017-11-02T13:35:48.000Z,0.0001629999999999991,0xf63473fc91c01a809d3915f626dde9f17366ed52,sell,0xf8e386eda857484f5a12e4b5daa9984e06e73705,0xc3e264f51cf6e8908977b912d447d455e9f91aeea034ca50fe9bacadfd9ab6ea
3,2.6737967914438503,0.0005,0x42c24a83bded723edfdf5883bc7efb30bc1a1bf3,2017-11-02T12:38:22.000Z,0.000187,0xa29a81fc67779c0a040fba21b302706402169290,buy,0xf8e386eda857484f5a12e4b5daa9984e06e73705,0x4494a009a45f2697915a808cf956cf101da01d6148553987ea2f3e5c21b87aec
4,2.6737967914438503,0.0005,0x4fda9e6bcd83af6c5cc771b5d20accc2b7720074,2017-11-02T12:02:09.000Z,0.000187,0xa29a81fc67779c0a040fba21b302706402169290,buy,0xf8e386eda857484f5a12e4b5daa9984e06e73705,0x3273dc6b0a7a4d4132d2138d086dcb5c8240a93908a0bb0476cf6ad0ed962f4b
5,2.6737967914438503,0.0005,0x3075f7f189912f4f425dd7021b9c396434197477,2017-11-02T11:47:23.000Z,0.000187,0xa29a81fc67779c0a040fba21b302706402169290,buy,0xf8e386eda857484f5a12e4b5daa9984e06e73705,0xe6553335f1926ac9c25a8282e243ad2aded62e2f5129af1f75482612f1cfeaaf
6,200,0.0354,0x273a5d3e6721b9f5c1a6474f560c1334c63dda01,2017-11-02T09:07:54.000Z,0.000177,0x16be677f3e6c83365142fa37ae3a91252e0c9561,buy,0xf8e386eda857484f5a12e4b5daa9984e06e73705,0x2ce0a0d989f2b565795cdf0a12ed49ef9909955cd0583c442c60e2e306cee2ce
7,199.4,0.0362908,0x51f2ad62552c62c7f888acf5ff89d6d9496cd0ab,2017-11-02T09:07:54.000Z,0.000182,0x273a5d3e6721b9f5c1a6474f560c1334c63dda01,sell,0xf8e386eda857484f5a12e4b5daa9984e06e73705,0x2ce0a0d989f2b565795cdf0a12ed49ef9909955cd0583c442c60e2e306cee2ce
8,0.9969095803010667,0.000162496261589073,0x92d74cd001dfd7bb50294003fca8b48bf3ab6dd2,2017-11-02T02:47:43.000Z,0.0001629999999999991,0x00505d0a66a0646c85095bbfd75f57c4e1c431ba,sell,0xf8e386eda857484f5a12e4b5daa9984e06e73705,0x5681da3bdbe23705841c7fb57234ad449d9b4189811932e5fbbc42d83d438d4e
9,10,0.00188999,0x8789e871447813be951bd69a24fd6f15a1d544b5,2017-11-02T02:40:43.000Z,0.000188999,0xb49fda420b9ce7334c6446af26f06225cbecb401,buy,0xf8e386eda857484f5a12e4b5daa9984e06e73705,0x2c6cfadf7c3705a7799b24b2e6ff644b7adec30d6a437c4d289317636bf8838e
10,0.051428053834454375,0.000008357058748098,0xfbf7dc0756a9768d0c71aea5f8421f3b1eaee7d1,2017-11-02T01:31:27.000Z,0.00016249999999998373,0xad0ff2f92ff4bae4b62d29c94e10ea39589c10d9,sell,0xf8e386eda857484f5a12e4b5daa9984e06e73705,0x199f827bf6201b41746c337741f9184cd4c8c39fb2320e5ef960fd7bfe859377
11,515.8748080134119,0.08382965630217942,0xfbf7dc0756a9768d0c71aea5f8421f3b1eaee7d1,2017-11-02T01:19:41.000Z,0.0001625,0xad0ff2f92ff4bae4b62d29c94e10ea39589c10d9,sell,0xf8e386eda857484f5a12e4b5daa9984e06e73705,0x2fc1ae2c5bb9f40023fb6e6e6004802d6bda51d415db5bc5abd3464669ad1dbe
12,24.922739507526668,0.004062406539726846,0x92d74cd001dfd7bb50294003fca8b48bf3ab6dd2,2017-11-02T01:15:14.000Z,0.00016299999999999995,0xac00f6b3fb1f653ae92589f6d40e8473ec8d3a1b,sell,0xf8e386eda857484f5a12e4b5daa9984e06e73705,0xf8900485e58b7fcab9904d09d8d25f163c351d9fa4b109e3caf0d63afc6be3d7
13,3788.950154520985,0.6157044001096601,0xfbf7dc0756a9768d0c71aea5f8421f3b1eaee7d1,2017-11-02T00:51:09.000Z,0.0001625,0x763d360993e5fc2f9c58f4d8f7e4a48d3c1a7dbc,sell,0xf8e386eda857484f5a12e4b5daa9984e06e73705,0x35dfb0314238354e1363b2bdf1a9d1459df14e777188abbd86529950b026ccf8
14,149.53643704516,0.02437443923836108,0x92d74cd001dfd7bb50294003fca8b48bf3ab6dd2,2017-11-01T19:04:20.000Z,0.00016299999999999998,0xf155eac36ea8e082bdcd673c58608d6f02e4225c,sell,0xf8e386eda857484f5a12e4b5daa9984e06e73705,0x541c57dd8396e8a01dc545e8cba917a21107507fe9ddb3281696cba095df4358
15,24.922739507526668,0.004062406539726846,0x92d74cd001dfd7bb50294003fca8b48bf3ab6dd2,2017-11-01T18:35:32.000Z,0.00016299999999999995,0x236eb09f0701b2e5132834ebde8047b1db69c95a,sell,0xf8e386eda857484f5a12e4b5daa9984e06e73705,0x73b2952e73959d5a4db770b889dae2b6d220c9c25a1f3936208a3e70fdbd4ab1
16,4880,0.97599024,0xf5da0a103d57eaaad5c1bae57f128f3763a9f639,2017-11-01T16:18:18.000Z,0.000199998,0xae7836ae8169e711f0db5e732ada0de9c3971f33,buy,0xf8e386eda857484f5a12e4b5daa9984e06e73705,0xd251e4b6e84d2bf82ec82d2baeeffd04530404014e69bf5858c42d7e35c0fcf0
17,1620,0.30456,0xf5da0a103d57eaaad5c1bae57f128f3763a9f639,2017-11-01T16:15:12.000Z,0.000188,0x29fbc96a9f47f3f78057a47ac1897520eb2a2dd0,buy,0xf8e386eda857484f5a12e4b5daa9984e06e73705,0xf6b4ec59386148ea0d39c768c3ca1a1a07672e4477d1bc395ff41992ef1c413f
18,35.99704022594607,0.005867517556829209,0xfbf7dc0756a9768d0c71aea5f8421f3b1eaee7d1,2017-11-01T15:52:31.000Z,0.00016299999999999998,0x806abee2e25d479c6eb1e6c13dfd019a6d8f9ca7,sell,0xf8e386eda857484f5a12e4b5daa9984e06e73705,0xffdb2ca3b0c611e4d630c9fd017591816b598bbfc846238f2afb56e7d2b02c8d
19,117.412,0.021368984,0x51f2ad62552c62c7f888acf5ff89d6d9496cd0ab,2017-11-01T15:51:44.000Z,0.000182,0x806abee2e25d479c6eb1e6c13dfd019a6d8f9ca7,sell,0xf8e386eda857484f5a12e4b5daa9984e06e73705,0x57ba781971c0f0259d297a0919eea60c779136d11085b9d3168bc0d6021985a0
20,59,0.0111392,0xf29cdd1dfe955a0a5260a500bcf0ce1f73a07056,2017-11-01T15:50:55.000Z,0.0001888,0x806abee2e25d479c6eb1e6c13dfd019a6d8f9ca7,sell,0xf8e386eda857484f5a12e4b5daa9984e06e73705,0x8d90862351e70814404d2d9cdf9f540892ee917fcc11d832f05f1012221cbb2e
21,175,0.033040175,0x6c9df1c7ad7fee8cea6b0b8eb8e56f52986a20dd,2017-11-01T15:50:48.000Z,0.000188801,0x806abee2e25d479c6eb1e6c13dfd019a6d8f9ca7,sell,0xf8e386eda857484f5a12e4b5daa9984e06e73705,0x81a040d31b93db32f63ee7244d74e01ec40146f0af4c204ba65334577379d9d3
22,56.011,0.010574988822,0xb49fda420b9ce7334c6446af26f06225cbecb401,2017-11-01T15:50:45.000Z,0.000188802,0x806abee2e25d479c6eb1e6c13dfd019a6d8f9ca7,sell,0xf8e386eda857484f5a12e4b5daa9984e06e73705,0x28c7456f647a9dcbc99bd7537041c6ce5510ebbe168e4ff373c45f3f39e94f7d
23,55.08085737722183,0.010399376034534235,0xf187eb34073c29ed27a39fb07f3cdd5ad75c99be,2017-11-01T15:50:45.000Z,0.00018880199999999999,0x806abee2e25d479c6eb1e6c13dfd019a6d8f9ca7,sell,0xf8e386eda857484f5a12e4b5daa9984e06e73705,0x46971c832685ab412b211da7f616357a580a0cd262bbba4bd21e0b7c5900ca01
24,4000,0.646,0x9c232158b5e0f9a23bf9a399cd9197c7f131d13b,2017-11-01T11:42:23.000Z,0.0001615,0xe8cdcef18ba33fcaa12cc254ff417c240e38243e,sell,0xf8e386eda857484f5a12e4b5daa9984e06e73705,0x328fcc97a67f89bcdc2df54d400a0656f52a9846b2642c5c901feddcdfd6e2da
25,45771.834,7.369265274,0xdcd1965f236729943b371c018c2eb0f2d03fa43a,2017-11-01T11:38:55.000Z,0.000161,0xe8cdcef18ba33fcaa12cc254ff417c240e38243e,sell,0xf8e386eda857484f5a12e4b5daa9984e06e73705,0xbc07c7dd21c5d8ce0043d5b23350c0e6d60f65c8e6f90b8d6f16ce697aeb8458
26,0.9969095803010667,0.000188218522580001,0xf187eb34073c29ed27a39fb07f3cdd5ad75c99be,2017-11-01T09:20:38.000Z,0.000188801999999999,0x95123c29f29c90c0395bec5250779d456ee8d26a,sell,0xf8e386eda857484f5a12e4b5daa9984e06e73705,0x4272e45700d16c3ab434e360cdc609359138bde2b98dd4ca271f8df835bbce9f
27,0.000099382871129605,0.000000018763684835,0xf187eb34073c29ed27a39fb07f3cdd5ad75c99be,2017-10-31T23:19:14.000Z,0.00018880199999988243,0x85340638f7fd12497c9e4f816dc3ef2557d2fc1c,sell,0xf8e386eda857484f5a12e4b5daa9984e06e73705,0x37908c64acd4b9e5b08f7885de74c300f977dbff6861aef7d8cbbbcff563793c
28,0.9969095803010667,0.000188218522580001,0xf187eb34073c29ed27a39fb07f3cdd5ad75c99be,2017-10-31T23:18:15.000Z,0.000188801999999999,0x85340638f7fd12497c9e4f816dc3ef2557d2fc1c,sell,0xf8e386eda857484f5a12e4b5daa9984e06e73705,0xccaade73d0a1e7dac46670c3b1720c0787795d75b53f1e5a11f73b1f657fa0fc
29,72.108936922983,0.013614239399996115,0xb49fda420b9ce7334c6446af26f06225cbecb401,2017-10-31T22:37:40.000Z,0.00018880099999999997,0x6c723da0e2243be0d60a23801c00039b98ce35d6,sell,0xf8e386eda857484f5a12e4b5daa9984e06e73705,0x43c9be03fde2a71fc5d80c60e3948865a3c5845c2da7ca812606ba445e803388
30,1766.185,0.333455728,0xcc24d8fd93eadc300d08b0dfe6536897a81d06ea,2017-10-31T22:37:05.000Z,0.0001888,0x6c723da0e2243be0d60a23801c00039b98ce35d6,sell,0xf8e386eda857484f5a12e4b5daa9984e06e73705,0x94047c1d193a6f9d7b033285f452170d5901f15ebe474c893d459f03f5fec002
31,181.2660617263417,0.03422321371999504,0xb49fda420b9ce7334c6446af26f06225cbecb401,2017-10-31T18:57:04.000Z,0.000188801,0x0af69da5a1557bd16f14e51e21749166eb5dd58a,sell,0xf8e386eda857484f5a12e4b5daa9984e06e73705,0x3d04dc3f9736b91d3fb80782b690125f6cf799c570f15fb5f928821ecb2a5e7f
32,1812.5399744425467,0.3422075471747528,0xcc24d8fd93eadc300d08b0dfe6536897a81d06ea,2017-10-31T15:35:34.000Z,0.00018879999999999998,0x6c723da0e2243be0d60a23801c00039b98ce35d6,sell,0xf8e386eda857484f5a12e4b5daa9984e06e73705,0xf7839c083a2b96b9a1a73e01f75f741982f87357159e186dbf9e42e9e6f86396
33,1018.48363318712,0.19228970994572825,0xcc24d8fd93eadc300d08b0dfe6536897a81d06ea,2017-10-31T14:36:23.000Z,0.00018879999999999998,0x6c723da0e2243be0d60a23801c00039b98ce35d6,sell,0xf8e386eda857484f5a12e4b5daa9984e06e73705,0x8ec6ebc1a76226a0aafd5b7fe0d1ae7b22cba733adaec84f2a69505e2b8322b6
34,299.07287409032,0.05646525770112651,0xb49fda420b9ce7334c6446af26f06225cbecb401,2017-10-31T12:34:13.000Z,0.000188801,0x8fe3f22aeedc2d274c95c68ba12695c358c6f084,sell,0xf8e386eda857484f5a12e4b5daa9984e06e73705,0xc5231586f621d574e57ac38c6b3d02712c25a6b0e7098e186abf6320181130d6
35,0.002484571778240123,0.000000469092120875,0xf187eb34073c29ed27a39fb07f3cdd5ad75c99be,2017-10-31T08:45:40.000Z,0.0001888019999998826,0xc83f3a18574537d5ce4def4dcef818115636f3b8,sell,0xf8e386eda857484f5a12e4b5daa9984e06e73705,0xba0b99b0d4a8afc6f57c208d32b798881e7ef2e07e230ac62f77894db8e820f6
36,24.922739507526668,0.004705463064500049,0xf187eb34073c29ed27a39fb07f3cdd5ad75c99be,2017-10-31T08:45:01.000Z,0.00018880199999999996,0xc83f3a18574537d5ce4def4dcef818115636f3b8,sell,0xf8e386eda857484f5a12e4b5daa9984e06e73705,0xe792339cfa949a97947a49439ee825833161821cb6e73945d04975de7aefa2bf
37,1302,0.2458176,0xcc24d8fd93eadc300d08b0dfe6536897a81d06ea,2017-10-31T07:28:09.000Z,0.0001888,0x20a3eb708c6613e7e8edef518627a21ac7a7fa86,buy,0xf8e386eda857484f5a12e4b5daa9984e06e73705,0x9a9d8902cf163b97eafb6268d960f6ea802c92044f22c4755baca20b31b98e60
38,114.64460173462267,0.021645015452098494,0xb49fda420b9ce7334c6446af26f06225cbecb401,2017-10-31T05:08:46.000Z,0.000188801,0x961717a39f8eb1978086950c3142cca6feaaf468,sell,0xf8e386eda857484f5a12e4b5daa9984e06e73705,0x37be78693ba194a94d69008153cb8f88f718e711c58ae9f24ab83b2dfe9ba7cb
39,2.2465276545307,0.000424593726706302,0xfbf7dc0756a9768d0c71aea5f8421f3b1eaee7d1,2017-10-31T04:49:09.000Z,0.00018899999999999985,0xe444a40689f51f63bcd29910622035707d533d29,sell,0xf8e386eda857484f5a12e4b5daa9984e06e73705,0x767daa3b4a39cd36568b581c3e2be20fdf2cb3da7ec97f2aa88beaae07e30c61
40,0.001,0.000000249,0x0c4085d8e714ca77ac5f46cd2b80a92d238a7cd3,2017-10-31T01:35:18.000Z,0.000249,0x4acef8d79830d9d663e97628d2b3fb31877394f9,buy,0xf8e386eda857484f5a12e4b5daa9984e06e73705,0xe9716b2a25de14398e4f79280cbbd16963a2481fefb1743cf8a375f545af4a91
41,0.039753148451841955,0.000007505394427707,0xcc24d8fd93eadc300d08b0dfe6536897a81d06ea,2017-10-30T10:39:17.000Z,0.00018879999999998082,0x62b5eb093fce6dc00ecbc8e36e4514988c4ceee4,sell,0xf8e386eda857484f5a12e4b5daa9984e06e73705,0x262cd974387f2f778dc18c04500ded5a786f63f7c7f8852160b1d4a002b9f578
42,398.7638321204267,0.07528661150433656,0xcc24d8fd93eadc300d08b0dfe6536897a81d06ea,2017-10-30T10:38:05.000Z,0.00018879999999999998,0x62b5eb093fce6dc00ecbc8e36e4514988c4ceee4,sell,0xf8e386eda857484f5a12e4b5daa9984e06e73705,0x70158e318e8e0a5595016a16f3a89e33201c115d9b1dadbcaeec81e56eacb8b4
43,10,0.00255,0x8789e871447813be951bd69a24fd6f15a1d544b5,2017-10-30T10:05:15.000Z,0.000255,0x4fe66c963fe9e3c996b4af51d7547d7ba819dfa1,buy,0xf8e386eda857484f5a12e4b5daa9984e06e73705,0x98d21bbeae9adf387252e0995a9ad9d05aab3fb8382f2071aeea7e9729368329
44,3.9876383212042668,0.000752866115043365,0xcc24d8fd93eadc300d08b0dfe6536897a81d06ea,2017-10-30T08:42:39.000Z,0.00018879999999999985,0x7c838d644d5b60a023afed7497c311fa78175a6d,sell,0xf8e386eda857484f5a12e4b5daa9984e06e73705,0xc9383d7ee7f4169c9a806888d0753afa9206c58fc58aae6ab8ff40249ad91694
45,10.966005383311733,0.002061619978067989,0xb49fda420b9ce7334c6446af26f06225cbecb401,2017-10-30T06:17:43.000Z,0.00018800099999999998,0x8988156d003068f226aff6d4abaf8fc880a84c47,sell,0xf8e386eda857484f5a12e4b5daa9984e06e73705,0xa74eed1577e82d39dedb22b1957b05b95e5ac84439c980b6b1d9ca15cbf2e8bf
46,1.9938191606021334,0.000374838002193201,0xfbf7dc0756a9768d0c71aea5f8421f3b1eaee7d1,2017-10-30T05:28:01.000Z,0.00018799999999999996,0xd42bd417c8e5042efe018f9bc49e28807a3d4b1f,sell,0xf8e386eda857484f5a12e4b5daa9984e06e73705,0xfba06fa8d77d46936ea50fd90ac94143169ed2421aa1e0d5e5a1659ec49ba9f9
47,1.9938191606021334,0.000398165686372246,0x28ed0ada17bb25e719bfcd67f486c631cf901ffe,2017-10-29T17:42:48.000Z,0.00019969999999999998,0xe4bac8191754b79f955d06eca8d95faec6b57e24,sell,0xf8e386eda857484f5a12e4b5daa9984e06e73705,0x0d03197ef310ecdac0b85eeb3e0934f9e1c4df8ea4a86b5ee6301ba3628fbe79
48,99.69095803010667,0.018143854052437444,0x1a98b91d4bf41cb018af83349fb9b0409c4cad72,2017-10-29T10:06:13.000Z,0.000182001,0x368674b5b7bd3ec1d97954d63ffdbc367166a3ae,sell,0xf8e386eda857484f5a12e4b5daa9984e06e73705,0x20c6b46e4d763ca709e134eaf57ca3de5cfdde1df0874013f85efd89e000c18b
49,1.9938191606021334,0.000362875087229588,0x51f2ad62552c62c7f888acf5ff89d6d9496cd0ab,2017-10-29T08:31:23.000Z,0.00018199999999999987,0x63ddb0d7750aa11251330fea651e2a7fa1db53df,sell,0xf8e386eda857484f5a12e4b5daa9984e06e73705,0x2fd4b05b743d60c59eea59cb6b79cdbad61a0dccf3a721c25867ac442db85774
50,3500,0.77665,0xf5da0a103d57eaaad5c1bae57f128f3763a9f639,2017-10-29T04:35:07.000Z,0.0002219,0xa29a81fc67779c0a040fba21b302706402169290,buy,0xf8e386eda857484f5a12e4b5daa9984e06e73705,0xbdba9d56429a6f449f09cf2d6e7003ed31ed6249386db097e1dffcf76c5d54a4
51,2.253267237494367,0.0005,0xe444a40689f51f63bcd29910622035707d533d29,2017-10-28T20:39:58.000Z,0.0002219,0xa29a81fc67779c0a040fba21b302706402169290,buy,0xf8e386eda857484f5a12e4b5daa9984e06e73705,0x7fc7377adb9403a016ed49db253421ebc56f328a36cd53440057d048bb2b113a
52,2.253267237494367,0.0005,0x34f9560c63078eb61872a4dc2ccd20e21c34feaf,2017-10-28T20:38:16.000Z,0.0002219,0xa29a81fc67779c0a040fba21b302706402169290,buy,0xf8e386eda857484f5a12e4b5daa9984e06e73705,0xe1badbde123f8a46133072a0b62464ea6dafa5a8bb32ba5bfe5e3036490a88ae
53,274.1501345827933,0.05474778187618383,0x28ed0ada17bb25e719bfcd67f486c631cf901ffe,2017-10-28T20:37:21.000Z,0.0001997,0xf043ad8f43927607c3434f518379ce6b8f638d42,sell,0xf8e386eda857484f5a12e4b5daa9984e06e73705,0xaf9adb483dea4c5c512051ae30444a8d5a52e3994a29af720dff65d9d6b66b29
54,1.9938191606021334,0.000398165686372246,0x28ed0ada17bb25e719bfcd67f486c631cf901ffe,2017-10-28T19:53:43.000Z,0.00019969999999999998,0xdf51dfab651a74bd8ce4453c417280b4e40ec8b6,sell,0xf8e386eda857484f5a12e4b5daa9984e06e73705,0xa354424d72386190914f636528d16d525cb7b38ba5603306244c7967a96249af
55,4415.870402168876,0.9798816422412737,0xcb53d1019213bdb866e83d4e3dbebb476b0eef94,2017-10-28T18:08:13.000Z,0.0002219,0xa29a81fc67779c0a040fba21b302706402169290,buy,0xf8e386eda857484f5a12e4b5daa9984e06e73705,0x7c4e437e3454544195b266e14e51626e8e84929753624957e5b219b9d9779d63
56,4570,1.01407843,0xcb53d1019213bdb866e83d4e3dbebb476b0eef94,2017-10-28T18:06:01.000Z,0.000221899,0xae7836ae8169e711f0db5e732ada0de9c3971f33,buy,0xf8e386eda857484f5a12e4b5daa9984e06e73705,0xe47287ace0e2664217a2b7bfdb9dc388c579174130ff5653e175c5fb87fa3a14
57,1898.4152025519945,0.3436340342291391,0x3dee4a4e076e8d82859d241db0baf46f112cfa23,2017-10-28T17:12:04.000Z,0.000181011,0x1ed014aec47fae44c9e55bac7662c0b78ae61798,sell,0xf8e386eda857484f5a12e4b5daa9984e06e73705,0xacad98b91ae357350bbd3b0bce9579ee8c4238742af8919db85ced9d75134429
58,15.920645997408036,0.002881827973282823,0xb49fda420b9ce7334c6446af26f06225cbecb401,2017-10-28T16:14:08.000Z,0.00018101199999999998,0x6b8db9d872f808cd0bff94b33009c8fdf302d0ec,sell,0xf8e386eda857484f5a12e4b5daa9984e06e73705,0xabbb6e2ad0b88d8a9700c1d0faf0e9647f3daecd8721df970a453e522e494e58
59,10,0.001839,0x8988156d003068f226aff6d4abaf8fc880a84c47,2017-10-28T16:06:31.000Z,0.0001839,0x6b8db9d872f808cd0bff94b33009c8fdf302d0ec,sell,0xf8e386eda857484f5a12e4b5daa9984e06e73705,0xc04cc15978ff71aeb6c8630d807d5bf961f2558a6e5e6b21e784153a9427fb61
60,289.9999999982307,0.0649570999996037,0xa5f282efd8db8c66dc5dcfb5ab3bfccb2637d783,2017-10-28T14:20:07.000Z,0.00022399,0xd5d91a22f6f37b4a22a070f71e8de00f61edfaa0,buy,0xf8e386eda857484f5a12e4b5daa9984e06e73705,0xcac7437f703d9fd6d48c82e6d22a537422cb4774192ed738c86d3143fdf5d357
61,151.81,0.0318801,0xa5f282efd8db8c66dc5dcfb5ab3bfccb2637d783,2017-10-28T14:19:10.000Z,0.00021,0x6c9df1c7ad7fee8cea6b0b8eb8e56f52986a20dd,buy,0xf8e386eda857484f5a12e4b5daa9984e06e73705,0x48dadebc2aa5c2f9c016c0d7d7b19c52940e4266d2efae29d56631a6c9c63cc2
62,5000,1.109495,0x6108fbac1ac70954c9973023bed7d5e00630f26b,2017-10-28T14:18:19.000Z,0.000221899,0xae7836ae8169e711f0db5e732ada0de9c3971f33,buy,0xf8e386eda857484f5a12e4b5daa9984e06e73705,0x9e5612db3174be495a95c38a55d309a85246cf3b9149e10e11beb0b790d0b416
63,949.623,0.1899246,0x6108fbac1ac70954c9973023bed7d5e00630f26b,2017-10-28T14:17:12.000Z,0.0002,0xf5d1d8285e32f6750ae08ee025d44b97cbcbc9f3,buy,0xf8e386eda857484f5a12e4b5daa9984e06e73705,0xd66adec415b14dfe2f9a3885287c79d190da04303b77490e6943ec068a84b863
64,0.000000000000190476,0.00000000000000004,0xa5f282efd8db8c66dc5dcfb5ab3bfccb2637d783,2017-10-28T13:38:44.000Z,0.00021000021000021,0x6c9df1c7ad7fee8cea6b0b8eb8e56f52986a20dd,buy,0xf8e386eda857484f5a12e4b5daa9984e06e73705,0x7305deeb9d6d0e73205d4c48ca26a9673576cdd26382d739811255818f832413
65,0.000000001769293272,0.000000000000396304,0xa5f282efd8db8c66dc5dcfb5ab3bfccb2637d783,2017-10-28T13:35:55.000Z,0.00022399000000266774,0xd5d91a22f6f37b4a22a070f71e8de00f61edfaa0,buy,0xf8e386eda857484f5a12e4b5daa9984e06e73705,0x265974e4a1756279be386d9d31fe90933431dc9015732fc9d8889ec03e702fe8
66,0.000018930070690476,0.000000003975314845,0xa5f282efd8db8c66dc5dcfb5ab3bfccb2637d783,2017-10-28T13:34:00.000Z,0.00021000000000000212,0x6c9df1c7ad7fee8cea6b0b8eb8e56f52986a20dd,buy,0xf8e386eda857484f5a12e4b5daa9984e06e73705,0x4132ba001b2dd6005c355ff131ab7f3fe414ac92cd6db55177372c317881c533
67,0.1898875391049619,0.000039876383212042,0xa5f282efd8db8c66dc5dcfb5ab3bfccb2637d783,2017-10-28T13:32:03.000Z,0.00021,0x6c9df1c7ad7fee8cea6b0b8eb8e56f52986a20dd,buy,0xf8e386eda857484f5a12e4b5daa9984e06e73705,0x5578fe53b8568b04b301ced8d298155b6cb2b641cf57af2e1bcac1a719512313
68,25,0.005375,0xf00118adac77d70abb28b6b27cb8f18a6d62750c,2017-10-28T12:40:38.000Z,0.000215,0xf5d1d8285e32f6750ae08ee025d44b97cbcbc9f3,buy,0xf8e386eda857484f5a12e4b5daa9984e06e73705,0x75c14a685ed19d49272c9b8948de3ad466a903b9c598785fd943053915a56ea9
69,1363.5178317972486,0.2931563338364085,0x28ed0ada17bb25e719bfcd67f486c631cf901ffe,2017-10-28T12:29:06.000Z,0.000215,0xf5d1d8285e32f6750ae08ee025d44b97cbcbc9f3,buy,0xf8e386eda857484f5a12e4b5daa9984e06e73705,0x74abdcd7262d547a03501f6b58648ac48b6c340866ce2d3fbc7f9f70fdd3a065
70,24.922739507526668,0.004977071079653075,0x28ed0ada17bb25e719bfcd67f486c631cf901ffe,2017-10-28T12:07:31.000Z,0.00019969999999999998,0x4a51a658c342e64acfde23b4a61226f6df238aab,sell,0xf8e386eda857484f5a12e4b5daa9984e06e73705,0x485bcefd9a2a405262d6b7247c726802862f3064eb5d9be1670752f9a13e3068
71,25,0.0045975,0x4a51a658c342e64acfde23b4a61226f6df238aab,2017-10-28T12:06:46.000Z,0.0001839,0xdf233f0f18f6ab1a5cc48b655e01f8094d182a39,buy,0xf8e386eda857484f5a12e4b5daa9984e06e73705,0xcd9ba7487817f7a4734da10780ee0d6abb990e99c01c12d1e00dd00bd12aa903
72,600.1395673412421,0.10863186322400559,0x3dee4a4e076e8d82859d241db0baf46f112cfa23,2017-10-28T11:43:13.000Z,0.000181011,0x87fb7962f4e898968b1cfbd05aa2fbb6833f608a,sell,0xf8e386eda857484f5a12e4b5daa9984e06e73705,0x73870119710c58b53d98f5fd55ae2da7ffc59704a436629b1de526fc01966537
73,89.11075665437144,0.01942605583989632,0xe121cb63c3f6e80eb2600532d43ebbad54ddb61a,2017-10-28T07:30:57.000Z,0.000217999,0xf5d1d8285e32f6750ae08ee025d44b97cbcbc9f3,sell,0xf8e386eda857484f5a12e4b5daa9984e06e73705,0xdbd57c3eea373313f7a1279dd97d697e3cf9894d21154e66797ec2c8c74593f0
74,4595.802,1.0198084638,0x0fcfd73a7066b0a705392d10b95ea64fb3345a1f,2017-10-28T06:50:23.000Z,0.0002219,0xa29a81fc67779c0a040fba21b302706402169290,sell,0xf8e386eda857484f5a12e4b5daa9984e06e73705,0xa6bc320092e8bea1ac01194267bd66b2b380ac88238aecb2bf3b80dc09313e8c
75,5000,1.095,0x273a5d3e6721b9f5c1a6474f560c1334c63dda01,2017-10-28T06:48:51.000Z,0.000219,0xa29a81fc67779c0a040fba21b302706402169290,buy,0xf8e386eda857484f5a12e4b5daa9984e06e73705,0x51cac8e5ec75880679c1e715181c07b87de7dc1736024ec76fe3311336b47178
76,4934,1.075612,0x273a5d3e6721b9f5c1a6474f560c1334c63dda01,2017-10-28T06:48:51.000Z,0.000218,0xfbf7dc0756a9768d0c71aea5f8421f3b1eaee7d1,buy,0xf8e386eda857484f5a12e4b5daa9984e06e73705,0x41ac4ead3f11c71144916a423fa181583ec66913cbe42b996ec79b771c350c07
77,4919.198,1.0915700362,0x0fcfd73a7066b0a705392d10b95ea64fb3345a1f,2017-10-28T06:48:51.000Z,0.0002219,0x273a5d3e6721b9f5c1a6474f560c1334c63dda01,sell,0xf8e386eda857484f5a12e4b5daa9984e06e73705,0x41ac4ead3f11c71144916a423fa181583ec66913cbe42b996ec79b771c350c07
78,4985,1.1061715,0x0fcfd73a7066b0a705392d10b95ea64fb3345a1f,2017-10-28T06:48:51.000Z,0.0002219,0x273a5d3e6721b9f5c1a6474f560c1334c63dda01,sell,0xf8e386eda857484f5a12e4b5daa9984e06e73705,0x51cac8e5ec75880679c1e715181c07b87de7dc1736024ec76fe3311336b47178
79,680.8892433456285,0.14843317416010368,0xe121cb63c3f6e80eb2600532d43ebbad54ddb61a,2017-10-28T06:34:33.000Z,0.000217999,0xe2eabfc1e89a462bbd2ba188cd8a9591a9a0d04e,sell,0xf8e386eda857484f5a12e4b5daa9984e06e73705,0x2a9460119091f6743096c307728dc5d8a80c4d898852443600c59ba7bf2ce83e
80,1269.99,0.27685655001,0xe121cb63c3f6e80eb2600532d43ebbad54ddb61a,2017-10-28T04:43:13.000Z,0.000217999,0xb49fda420b9ce7334c6446af26f06225cbecb401,buy,0xf8e386eda857484f5a12e4b5daa9984e06e73705,0xe8627f8833e01eab225612c80c977780f65a7b1eb6a19c1cd874cbe7d6974777
81,10,0.00218,0x8789e871447813be951bd69a24fd6f15a1d544b5,2017-10-28T01:49:31.000Z,0.000218,0xfbf7dc0756a9768d0c71aea5f8421f3b1eaee7d1,buy,0xf8e386eda857484f5a12e4b5daa9984e06e73705,0x4f40f7584edc27cc801bbd83cf6eececbba9328155e432093ea4aa687adc5c73
82,10,0.00218,0x8789e871447813be951bd69a24fd6f15a1d544b5,2017-10-28T01:49:21.000Z,0.000218,0xfbf7dc0756a9768d0c71aea5f8421f3b1eaee7d1,buy,0xf8e386eda857484f5a12e4b5daa9984e06e73705,0x4f40f7584edc27cc801bbd83cf6eececbba9328155e432093ea4aa687adc5c73
83,71.40464559864421,0.013209859435749177,0x168ca0dbf235c3b0f7ccc6d40d0621fde9eb31ca,2017-10-27T21:38:43.000Z,0.000185,0xa3438804f8ee626bdfc14b2727e9eb5fea04640a,sell,0xf8e386eda857484f5a12e4b5daa9984e06e73705,0xee5513108c7b47bdf4ae0e6397825ad26ba24ea1fefc5020866041881fb0f78f
84,2866.669180026805,0.516000452404825,0x0fcfd73a7066b0a705392d10b95ea64fb3345a1f,2017-10-27T13:19:42.000Z,0.00017999999999999998,0xa29a81fc67779c0a040fba21b302706402169290,sell,0xf8e386eda857484f5a12e4b5daa9984e06e73705,0x6b6439616aed70236843978e41668752585201a4e10f5a3d23e206c76423a28e
85,4000,0.884,0x0fcfd73a7066b0a705392d10b95ea64fb3345a1f,2017-10-27T13:15:41.000Z,0.000221,0xa29a81fc67779c0a040fba21b302706402169290,sell,0xf8e386eda857484f5a12e4b5daa9984e06e73705,0x5acf3dd2355fde1f2e672e8f16f9f36e1eafa9ae4566afacc6e93005b1f363b9
86,10,0.002219,0x8789e871447813be951bd69a24fd6f15a1d544b5,2017-10-27T11:52:34.000Z,0.0002219,0xa29a81fc67779c0a040fba21b302706402169290,buy,0xf8e386eda857484f5a12e4b5daa9984e06e73705,0xfb7ea94184f4184b9b5948e4b84138d74cffde7719875f09d3e8355ef7c851a0
87,25,0.004025,0xb49fda420b9ce7334c6446af26f06225cbecb401,2017-10-27T09:49:57.000Z,0.000161,0xd8a4730d956e1b1084d97812d9236426f92a042c,buy,0xf8e386eda857484f5a12e4b5daa9984e06e73705,0x4213910e93d1a50d49f5eb99c1a402943f7149d41fad4984f82c3c163795877b
88,10,0.0022398,0x8789e871447813be951bd69a24fd6f15a1d544b5,2017-10-27T08:31:21.000Z,0.00022398,0xb49fda420b9ce7334c6446af26f06225cbecb401,buy,0xf8e386eda857484f5a12e4b5daa9984e06e73705,0xce9cb265b036bc8a322a90fa7dfc884d5d64764202edc6a8469187e3c53a1045
89,505,0.08686,0xb49fda420b9ce7334c6446af26f06225cbecb401,2017-10-27T08:20:07.000Z,0.000172,0x3dee4a4e076e8d82859d241db0baf46f112cfa23,buy,0xf8e386eda857484f5a12e4b5daa9984e06e73705,0xc99eef221642fa840abbe6585a4f4cfe7ff3a773b4c1d36095bf8fdd843c78bc
90,24.922739507526668,0.004012561060711793,0xdcd1965f236729943b371c018c2eb0f2d03fa43a,2017-10-27T07:56:36.000Z,0.00016099999999999998,0xa1052732e8e20f22b5063002a81c059833fe04e3,sell,0xf8e386eda857484f5a12e4b5daa9984e06e73705,0x5572f637879f5c64ad8e03c691f6525959cdca4797f0660654bc8d9241403497
91,0.9969095803010667,0.000160502442428471,0xdcd1965f236729943b371c018c2eb0f2d03fa43a,2017-10-27T07:34:14.000Z,0.00016099999999999925,0x25ceac4b0fd802c4b9df7dd7c730d6c25903b11c,sell,0xf8e386eda857484f5a12e4b5daa9984e06e73705,0x745605c0a387519a161b3e1e4051b07132f037bd759b03c746dc7a984f1cad4d
92,1380,0.2346,0x138f0c559bbbe5f6c87c1abc20d8cdbc9ed392a3,2017-10-27T07:23:47.000Z,0.00017,0x3dee4a4e076e8d82859d241db0baf46f112cfa23,sell,0xf8e386eda857484f5a12e4b5daa9984e06e73705,0x6b9df1238efe1ac041fd5003fb5043c1e1d608baddcbeb11887516359a37e30b
93,1000,0.170001,0xb9f1a043bf2efc5820babadf1c244a378c577fa6,2017-10-27T07:23:06.000Z,0.000170001,0x3dee4a4e076e8d82859d241db0baf46f112cfa23,sell,0xf8e386eda857484f5a12e4b5daa9984e06e73705,0x879bb37a7e0196310870b962384f9936df2c7603d1046d4c548754a710c6b74a
94,2891.0377828730934,0.47080839397866614,0x3dee4a4e076e8d82859d241db0baf46f112cfa23,2017-10-27T06:37:01.000Z,0.000162851,0x1349177a47b9c42c45be6bf2831784ea8d84363b,sell,0xf8e386eda857484f5a12e4b5daa9984e06e73705,0xaa3d65776d647d24542bf396521fb9e3cde302ad583a2a4efae69892214768c7
95,499,0.1137221,0xe08c5c6d17be3ab837b421723e9215bb9902c9f1,2017-10-26T20:11:30.000Z,0.0002279,0xa29a81fc67779c0a040fba21b302706402169290,buy,0xf8e386eda857484f5a12e4b5daa9984e06e73705,0x22667c9a907f3b8d489a3c692a8ea814f4ac1d113fc4abf82194c89312254b1b
96,0.000163,1.055588,0xadd992e5d841d2113f77e345a360d2f48eeec3e8,2017-10-26T13:00:26.000Z,6476,0x3ac636ac5c3a2576156ac5f10066ca68abe0ad54,sell,0xf8e386eda857484f5a12e4b5daa9984e06e73705,0x8b35192b3826f469c9f1d9bdaf25fc572f81bc5301f25f7a646f5ce0da7946d2
97,19821.553575418842,3.2110916792178528,0x00a0467ba8aa28179c420961df887546fca30b2b,2017-10-26T12:41:40.000Z,0.00016199999999999998,0xe8cdcef18ba33fcaa12cc254ff417c240e38243e,sell,0xf8e386eda857484f5a12e4b5daa9984e06e73705,0x762280273339c151eca73adadb90d26815301f0f1c1bce4541eb3a623b2729fd
98,39997.009,6.599506485,0xd797fcc03ba4ca17fa03f3f366a959f229bd2e69,2017-10-26T12:36:37.000Z,0.000165,0xe8cdcef18ba33fcaa12cc254ff417c240e38243e,sell,0xf8e386eda857484f5a12e4b5daa9984e06e73705,0xfa59b20a5de64790171aeb1533062473867816fb9d0f2619f36004f78f09a174
99,0.9969095803010667,0.000165486990329977,0xadd992e5d841d2113f77e345a360d2f48eeec3e8,2017-10-26T09:09:09.000Z,0.00016599999999999991,0x6a9a81d05f3fa7e70f3aa898eb7fbb0430f145ff,sell,0xf8e386eda857484f5a12e4b5daa9984e06e73705,0x7724b587b1f2bc00c69d050d33c7dbfa0ab6556e4da5810562f5db91e0ef22a5
100,5,0.0012,0x8789e871447813be951bd69a24fd6f15a1d544b5,2017-10-26T07:13:42.000Z,0.00024,0xaac27baada6d41249761e1a5ddf643bb81047e95,buy,0xf8e386eda857484f5a12e4b5daa9984e06e73705,0x0db8d421423c464a22d53c6a82fc31c3ab6e77b9c6c6d8c185bb96946a750ff2
101,0.9969095803010667,0.000165486990329977,0xadd992e5d841d2113f77e345a360d2f48eeec3e8,2017-10-26T04:36:55.000Z,0.00016599999999999991,0xbfb2649f846cf8d8d25c623585000611d1b6c5b2,sell,0xf8e386eda857484f5a12e4b5daa9984e06e73705,0x4a03cfdd593c96cb1b753dd9af371508af3724da73a44978eec0f3e86b5c0379
102,10,0.00245,0x8789e871447813be951bd69a24fd6f15a1d544b5,2017-10-26T03:06:04.000Z,0.000245,0xfbf7dc0756a9768d0c71aea5f8421f3b1eaee7d1,buy,0xf8e386eda857484f5a12e4b5daa9984e06e73705,0xaa8ed064de78d2b4b31695c6f450996bb45677796e2311142ba944c8dc5b8f85
103,2.9907287409032,0.000493470242249028,0xd797fcc03ba4ca17fa03f3f366a959f229bd2e69,2017-10-25T22:42:41.000Z,0.000165,0xa6bae6a84f7131f65891cee52ab215a277e5d482,sell,0xf8e386eda857484f5a12e4b5daa9984e06e73705,0x22dac75981313537aadbeed1b1bb970f2cb23a0f20851edc1069e197149fa1ff
104,0.9969095803010667,0.000162079553384508,0x3dee4a4e076e8d82859d241db0baf46f112cfa23,2017-10-25T19:05:18.000Z,0.00016258199999999998,0x302b55b3e8bfff5d0ff9ac6837e1759f02afdd05,sell,0xf8e386eda857484f5a12e4b5daa9984e06e73705,0xa9d374722204533a1b4188ba5f1f2e8758c323804cd4f89c2d7133f947b084ef
105,0.000000009907573635,0.000000000001610476,0xbf5575539772089b672bad685645b4a1e5c39a43,2017-10-25T14:26:00.000Z,0.00016254999047503926,0xf1791651f3a2a0a94f068ae122675aab7e434866,sell,0xf8e386eda857484f5a12e4b5daa9984e06e73705,0x02c5e9b52a4d0651d9aee7d4aa2242f4cc0cc61b69c8d8253452e5b595476e9c
106,0.000099382871129605,0.000000016154685702,0xbf5575539772089b672bad685645b4a1e5c39a43,2017-10-25T14:21:57.000Z,0.00016254999999881979,0xf1791651f3a2a0a94f068ae122675aab7e434866,sell,0xf8e386eda857484f5a12e4b5daa9984e06e73705,0x07f0a88d3604f866753b9fed06d8974a44c24cf541173835ecbf5cbaba8c3fa1
107,0.9969095803010667,0.000162047652277938,0xbf5575539772089b672bad685645b4a1e5c39a43,2017-10-25T14:20:55.000Z,0.0001625499999999996,0xf1791651f3a2a0a94f068ae122675aab7e434866,sell,0xf8e386eda857484f5a12e4b5daa9984e06e73705,0xde42ee2e5ed29a9258e3ef7f08c20e770fb46e491c0b9777b1f305bb6dff2077
108,1.9938191606021334,0.000324095304555876,0xbf5575539772089b672bad685645b4a1e5c39a43,2017-10-25T14:09:19.000Z,0.0001625499999999996,0x30a7a63344525f50969d7d90fa2b794065f0d04b,sell,0xf8e386eda857484f5a12e4b5daa9984e06e73705,0x1881721c32084bb4b9dea0a58909c15645d9ebbc09f7be7547b1275b9a7f1ef3
109,4145,0.733665,0x00a0467ba8aa28179c420961df887546fca30b2b,2017-10-25T11:32:33.000Z,0.000177,0xa29a81fc67779c0a040fba21b302706402169290,buy,0xf8e386eda857484f5a12e4b5daa9984e06e73705,0xfe56be59be562a18ce4fd3fcc7e1975ce130b502ae78a739d6cad72a250e6c63
110,1499,0.242838,0x00a0467ba8aa28179c420961df887546fca30b2b,2017-10-25T11:24:17.000Z,0.000162,0x787cc065966f8db25acf86be9ac191d84eb64809,buy,0xf8e386eda857484f5a12e4b5daa9984e06e73705,0x15fd8549acdea87008dc71641a3d4debea06dc99147f9eb75474d6bbeeb68865
111,0.9969095803010667,0.000161499352008772,0x00a0467ba8aa28179c420961df887546fca30b2b,2017-10-25T09:45:13.000Z,0.0001619999999999992,0xed8fbbb9258cd3d79e8f8fc63cec9e09222180e2,sell,0xf8e386eda857484f5a12e4b5daa9984e06e73705,0x942c3636a99960995b4231deff4b9a74f5367a72f80669d2180c77446e6ebac0
112,300,0.0531,0x8fe3f22aeedc2d274c95c68ba12695c358c6f084,2017-10-25T05:20:31.000Z,0.000177,0xa29a81fc67779c0a040fba21b302706402169290,buy,0xf8e386eda857484f5a12e4b5daa9984e06e73705,0x869693638b39b0c3d01794af79b0a534be6827df3a4498bc7472b7da86d33cff
113,1.9938191606021334,0.000321004884856943,0xdcd1965f236729943b371c018c2eb0f2d03fa43a,2017-10-24T20:17:36.000Z,0.00016099999999999977,0xb290e60a9526c22b353ea842e70bb73e985e660b,sell,0xf8e386eda857484f5a12e4b5daa9984e06e73705,0x7b4713e07f3546315bd01dee7c49f2ec5c6826ef0b6da8c596323ed88db45d4d
114,24.922739507526668,0.004012561060711793,0xdcd1965f236729943b371c018c2eb0f2d03fa43a,2017-10-24T16:20:15.000Z,0.00016099999999999998,0x0a074bde66e3f051033577794a655b17b84b0e51,sell,0xf8e386eda857484f5a12e4b5daa9984e06e73705,0x34f2c877f107a07915f6258b5880bbca5631701c5e84d82cbe9a795164e09653
115,4445,0.786765,0x3698f751d4614ccb0b6f33256dd7b73cdb2f8df9,2017-10-24T15:12:37.000Z,0.000177,0xa29a81fc67779c0a040fba21b302706402169290,sell,0xf8e386eda857484f5a12e4b5daa9984e06e73705,0x3f7dca04541af2a44035496c614bf11d41c6f8c37b3bb049e154ad1c887fe9a5
116,4954,0.881812,0x3698f751d4614ccb0b6f33256dd7b73cdb2f8df9,2017-10-24T15:12:37.000Z,0.000178,0xa29a81fc67779c0a040fba21b302706402169290,sell,0xf8e386eda857484f5a12e4b5daa9984e06e73705,0x78da98100fab7fc7193f76df96d84ee7c2505ff59763e52c0d094e3b4086940f
117,26.9165586681288,0.004312032698634233,0xe5f01e7b865336f94da8444c5f95bc224d8796cf,2017-10-24T14:23:57.000Z,0.00016019999999999996,0x1521e5141545090bc80fafa7c2a5f4b75221c845,sell,0xf8e386eda857484f5a12e4b5daa9984e06e73705,0xef3b70bde2a80fa4164246f705ece1b7979d247f3765f6205f9beeed490fcb96
118,555,0.098235,0xb5058689ba841b3d96ba07848eee583871ac1d38,2017-10-24T12:51:18.000Z,0.000177,0xa29a81fc67779c0a040fba21b302706402169290,buy,0xf8e386eda857484f5a12e4b5daa9984e06e73705,0x25dbd0fbafb8c84413af410c39f37666409997f9a67d67a5dc4964a32f95f41f
119,10,0.00179,0x8789e871447813be951bd69a24fd6f15a1d544b5,2017-10-24T09:02:26.000Z,0.000179,0xa29a81fc67779c0a040fba21b302706402169290,buy,0xf8e386eda857484f5a12e4b5daa9984e06e73705,0xddc50e8031483b673e32abcf7a8463b91e55e05f17ebbc30ebae61ff53ca8da7
120,24.922739507526668,0.003987638321204266,0x2505fc886f39398732f144154b678ee1905024c1,2017-10-24T08:37:42.000Z,0.00015999999999999996,0x0881e242a1e9f9ba80d0800834dae4549d4a3fd8,sell,0xf8e386eda857484f5a12e4b5daa9984e06e73705,0x03347878bb6c374a2a4f4d7f17791c464473f85dd38c9ae9a62d6ef4b3b93021
121,362.5125746186821,0.058002011938989136,0x2505fc886f39398732f144154b678ee1905024c1,2017-10-24T02:59:27.000Z,0.00015999999999999999,0x4753141445054f3f4dcda3ae7477758c0078377b,sell,0xf8e386eda857484f5a12e4b5daa9984e06e73705,0x88f38f610a16f3822ae972eb6f68cfac0e5dd1912cc3e67bf6b1ae12034e5f25
122,0.9969095803010667,0.000161499352008772,0x43130148060f177c78825cbd5a0d0a18879b18bc,2017-10-24T01:16:19.000Z,0.0001619999999999992,0xead54315b670d3a71d7a65b5a993e1838e697aca,sell,0xf8e386eda857484f5a12e4b5daa9984e06e73705,0xc3a222390f437961dbbb53dd797bab176c2df8dafcabea8a4e827746afc34906
123,50,0.00895,0xadd992e5d841d2113f77e345a360d2f48eeec3e8,2017-10-24T00:01:31.000Z,0.000179,0xa29a81fc67779c0a040fba21b302706402169290,buy,0xf8e386eda857484f5a12e4b5daa9984e06e73705,0xf116cd124f8aac2b164d9303f82ce50af525b261906f95a04a5f011053224f99
124,498.45479015053337,0.07975276642408534,0x2505fc886f39398732f144154b678ee1905024c1,2017-10-23T22:10:41.000Z,0.00015999999999999999,0xbc06520c969a5b52ca0a3de15e014a8f5fc6ab15,sell,0xf8e386eda857484f5a12e4b5daa9984e06e73705,0x00f9f967f62a0034738c459bb2e2c31c3ff24f4bca5a1a96478853af4eaf2759
125,2060,0.36874,0x009e0fd4709cff482a3eb4f8afc8f3cf0a527744,2017-10-23T20:11:24.000Z,0.000179,0xa29a81fc67779c0a040fba21b302706402169290,buy,0xf8e386eda857484f5a12e4b5daa9984e06e73705,0x2f06b068fb853c1910560caff29b74d4d5e81a754b13399225f2bdd9b282f726
126,5000,0.805,0x9c232158b5e0f9a23bf9a399cd9197c7f131d13b,2017-10-23T19:56:17.000Z,0.000161,0x322b9edf3bb170964ccac3ac0e68a6b4dc489095,sell,0xf8e386eda857484f5a12e4b5daa9984e06e73705,0x8c82defba10895844066749823e0580d30be0a7d26cf26e5f0204b159f0a26a4
127,25,0.0045,0xadd992e5d841d2113f77e345a360d2f48eeec3e8,2017-10-23T14:24:42.000Z,0.00018,0xcfbcd44e01a23a59a0ad24037d2e6c1b9738adce,buy,0xf8e386eda857484f5a12e4b5daa9984e06e73705,0x2699736e6d4c0a0e2eb6270d881fa9a6b7192ecda44c256bcbac021056de3763
128,0.20174494544096055,0.000032682681161435,0x43130148060f177c78825cbd5a0d0a18879b18bc,2017-10-23T10:12:01.000Z,0.00016199999999999697,0xf18521dc5c211dc0ed6c85b034d4f46d456950bb,sell,0xf8e386eda857484f5a12e4b5daa9984e06e73705,0x524c87b40d44a10d982adb9a3242014c4256f03a059914ea073e946d89937506
129,2023.7035477182753,0.3278399747303606,0x43130148060f177c78825cbd5a0d0a18879b18bc,2017-10-23T10:03:30.000Z,0.00016199999999999998,0xf18521dc5c211dc0ed6c85b034d4f46d456950bb,sell,0xf8e386eda857484f5a12e4b5daa9984e06e73705,0x4353a987179648edffaf99053fdc8f715773ef10e2ac10e548f92d8237bce101
130,2.98591038265012,0.000546421600024971,0x168ca0dbf235c3b0f7ccc6d40d0621fde9eb31ca,2017-10-23T09:28:41.000Z,0.00018299999999999965,0xf18521dc5c211dc0ed6c85b034d4f46d456950bb,sell,0xf8e386eda857484f5a12e4b5daa9984e06e73705,0xcd691c9cc85f5c02faad8f2a51f4cd317188f67b990ad1bb5de26712ed25079a
131,2.6107963955094324,0.000477775740378226,0x168ca0dbf235c3b0f7ccc6d40d0621fde9eb31ca,2017-10-23T09:25:07.000Z,0.00018299999999999995,0xf6a7222207c2e93d2013c76310316b5204fe89f5,sell,0xf8e386eda857484f5a12e4b5daa9984e06e73705,0x3ff7d01c62591634803bd246d3655a95cd3ef088a7438674459ca57a2a385793
132,1841.971,0.333398592971,0x6108fbac1ac70954c9973023bed7d5e00630f26b,2017-10-23T09:23:38.000Z,0.000181001,0xf6a7222207c2e93d2013c76310316b5204fe89f5,sell,0xf8e386eda857484f5a12e4b5daa9984e06e73705,0x3f7ef5aafd573059f1f57fa28fc7d94faeaef6d499bed454f536109e2e7ef5a0
133,1158.0286433551146,0.20960434247591908,0x6108fbac1ac70954c9973023bed7d5e00630f26b,2017-10-23T09:01:41.000Z,0.000181001,0xf6a7222207c2e93d2013c76310316b5204fe89f5,sell,0xf8e386eda857484f5a12e4b5daa9984e06e73705,0xa620a392938399c9bbb53d3fcb57cc0070f4bf89457c499be300803e5cc0e55c
134,311.0268891098821,0.05694902339601942,0x200c227e4227c4d24bbea017e4939e7c0053bccc,2017-10-23T09:00:04.000Z,0.00018309999999999998,0xf6a7222207c2e93d2013c76310316b5204fe89f5,sell,0xf8e386eda857484f5a12e4b5daa9984e06e73705,0x827b62a678b8149dd3442f5958531b10bc9e8fc9410a2e2af22c969eb0b53d69
135,315.494,0.058050896,0x168ca0dbf235c3b0f7ccc6d40d0621fde9eb31ca,2017-10-23T08:59:25.000Z,0.000184,0xf6a7222207c2e93d2013c76310316b5204fe89f5,sell,0xf8e386eda857484f5a12e4b5daa9984e06e73705,0xd387f9f27275d572889fd55ef39b30c45ebb33e6031a96828278b74acde09519
136,0.9969095803010667,0.000183431362775396,0x168ca0dbf235c3b0f7ccc6d40d0621fde9eb31ca,2017-10-23T08:47:18.000Z,0.00018399999999999973,0x7757104e32c3853b1c8b35229b5f06ee663ad23d,sell,0xf8e386eda857484f5a12e4b5daa9984e06e73705,0x09c23cd9b37e67e9bdd2655c7a726f6bc49a6759e016cc4dcc87eafb26945c43
137,3000,0.552,0x2505fc886f39398732f144154b678ee1905024c1,2017-10-23T08:34:15.000Z,0.000184,0x9e1477cd68e8e375705ccb3dcf5764fe901de3ef,sell,0xf8e386eda857484f5a12e4b5daa9984e06e73705,0x6a25676d531cdd00a6a7fd7e9c8923e7543247b410dc9a84e0a661f495909857
138,133.50893106269106,0.024565643315535155,0x168ca0dbf235c3b0f7ccc6d40d0621fde9eb31ca,2017-10-23T07:42:35.000Z,0.000184,0xab296c308b24c972b60a662262f144eeefc27ec8,sell,0xf8e386eda857484f5a12e4b5daa9984e06e73705,0x84f25546d479cd0ea63d3af4316672963c9bd99c112fcf96e09438106f8f5668
139,975.077,0.176495762539,0xde05e601f672aacd0a4ebfa311085f89a77b9e64,2017-10-23T07:40:19.000Z,0.000181007,0xab296c308b24c972b60a662262f144eeefc27ec8,sell,0xf8e386eda857484f5a12e4b5daa9984e06e73705,0x9bba8087d5a85ba7e8d3684b4a55360d782b7c43add90d47d9387ed9d6293213
140,444.24358953305193,0.08196294226884808,0xb49fda420b9ce7334c6446af26f06225cbecb401,2017-10-23T05:30:32.000Z,0.00018449999999999999,0x9e1477cd68e8e375705ccb3dcf5764fe901de3ef,sell,0xf8e386eda857484f5a12e4b5daa9984e06e73705,0xcf99cbfb0d826bbc6f16371092d4d90ffc8fec01da8f2ce2cef5c12d5cc4cb68
141,2999.003,0.5443190445,0x9c232158b5e0f9a23bf9a399cd9197c7f131d13b,2017-10-23T05:30:32.000Z,0.0001815,0x9e1477cd68e8e375705ccb3dcf5764fe901de3ef,sell,0xf8e386eda857484f5a12e4b5daa9984e06e73705,0x352589ad84729492fbe5b5fee3cb1c0d161196304b17e98863124ec63e3e860d
142,115.7564104669481,0.021357057731151922,0xb49fda420b9ce7334c6446af26f06225cbecb401,2017-10-23T05:27:28.000Z,0.00018449999999999999,0x8cb649f655e89c270c9129f800449ec5267bad6e,sell,0xf8e386eda857484f5a12e4b5daa9984e06e73705,0x0034ddf516cba84bd118fbdafa82843e079a055075031c6200cefc29d854b913
143,8.858170150153903,0.001634332392703395,0x9c232158b5e0f9a23bf9a399cd9197c7f131d13b,2017-10-23T05:22:04.000Z,0.00018449999999999999,0x8cb649f655e89c270c9129f800449ec5267bad6e,sell,0xf8e386eda857484f5a12e4b5daa9984e06e73705,0x73ed3d322144f2af36b08c73f45ea07e99b9feb70bf280313939bc98805c43ac
144,88.97311089011785,0.01629097660398058,0x200c227e4227c4d24bbea017e4939e7c0053bccc,2017-10-22T23:33:36.000Z,0.00018309999999999998,0x3efd9b0bd8e4595bc494539aca584821950106ee,sell,0xf8e386eda857484f5a12e4b5daa9984e06e73705,0xd386da3288a17b1fcd3ecca4513974c7edfadd2c3120114e7ff6b7b166042eb1
145,600,0.10986,0x200c227e4227c4d24bbea017e4939e7c0053bccc,2017-10-22T23:30:23.000Z,0.0001831,0x3efd9b0bd8e4595bc494539aca584821950106ee,sell,0xf8e386eda857484f5a12e4b5daa9984e06e73705,0x3c73a3cfaf3471a10387960f3b1722bc8762056484ad3ba6c212a8ba86e7c9fc
146,260,0.04797,0x9c232158b5e0f9a23bf9a399cd9197c7f131d13b,2017-10-22T23:27:14.000Z,0.0001845,0x3efd9b0bd8e4595bc494539aca584821950106ee,sell,0xf8e386eda857484f5a12e4b5daa9984e06e73705,0x6d25b5029a6d64b5afd9d29af445d2ace9659490e34193ee4ee1bb23e805ebdd
147,189.83926727145848,0.03502534481158409,0x9c232158b5e0f9a23bf9a399cd9197c7f131d13b,2017-10-22T22:33:25.000Z,0.00018449999999999999,0xf6a7222207c2e93d2013c76310316b5204fe89f5,sell,0xf8e386eda857484f5a12e4b5daa9984e06e73705,0x8182b743952cf8aeec48982af50423f25555d391b20e13fe490b97e0c761539a
148,2111.497338772187,0.38957125900346845,0x9c232158b5e0f9a23bf9a399cd9197c7f131d13b,2017-10-22T22:16:52.000Z,0.00018449999999999999,0x3efd9b0bd8e4595bc494539aca584821950106ee,sell,0xf8e386eda857484f5a12e4b5daa9984e06e73705,0x813803399c9103b004b501d91b27f3ecc8e40e7926460cf760afd5b6461c7934
149,375,0.1086375,0x041b9aca8fe6520cb928392f64aa6971ee636d7c,2017-10-22T21:59:05.000Z,0.0002897,0xa29a81fc67779c0a040fba21b302706402169290,buy,0xf8e386eda857484f5a12e4b5daa9984e06e73705,0xe8b60e89b000432afdb193f0feb09628068b3ec1bb823a2864439c362ec45ba2
150,940,0.272318,0x041b9aca8fe6520cb928392f64aa6971ee636d7c,2017-10-22T21:47:39.000Z,0.0002897,0xa29a81fc67779c0a040fba21b302706402169290,buy,0xf8e386eda857484f5a12e4b5daa9984e06e73705,0xc2db28411ab41965e6c548936ed59b94184caa11410a73d56866934d71a96e91
151,1330,0.385301,0x041b9aca8fe6520cb928392f64aa6971ee636d7c,2017-10-22T21:40:28.000Z,0.0002897,0xa29a81fc67779c0a040fba21b302706402169290,buy,0xf8e386eda857484f5a12e4b5daa9984e06e73705,0x45a7c06e6a0cb6b15656f62de2642a78625b9d8fad8ae0365ef3408f9af3312a
152,21,0.0042,0x041b9aca8fe6520cb928392f64aa6971ee636d7c,2017-10-22T21:32:11.000Z,0.0002,0xf6a7222207c2e93d2013c76310316b5204fe89f5,buy,0xf8e386eda857484f5a12e4b5daa9984e06e73705,0x85085aeea7cc8d1205647303d7d5cf4c6bc40ca6b08a20034d95c645282b7eb5
153,165.077,0.031569490557,0xb49fda420b9ce7334c6446af26f06225cbecb401,2017-10-22T20:49:19.000Z,0.000191241,0xf6a7222207c2e93d2013c76310316b5204fe89f5,sell,0xf8e386eda857484f5a12e4b5daa9984e06e73705,0x849532b0c3c88fc77159e7ba01ae11833e784c5f8514020d9d5c9e303fb24d29
154,24.922739507526668,0.004766249626158907,0xb49fda420b9ce7334c6446af26f06225cbecb401,2017-10-22T20:41:06.000Z,0.00019124099999999998,0x54b4e3fb904aadbf7d80aae42306b35b398e41d0,sell,0xf8e386eda857484f5a12e4b5daa9984e06e73705,0x3c98a2873bf46c8bb64ee4b0f0a8d7c55ec34a11e0b45312d75b0122500ce16b
155,1000,0.19124,0x200c227e4227c4d24bbea017e4939e7c0053bccc,2017-10-22T20:23:34.000Z,0.00019124,0xf6a7222207c2e93d2013c76310316b5204fe89f5,sell,0xf8e386eda857484f5a12e4b5daa9984e06e73705,0x0a1a511489ce932e9498d587674fb119fff6d3858ce12551119ff84deb3a8fa5
156,2179.151762511716,0.631300265599644,0x5f605ab04ebe26ab23388328d291c9fb71429b21,2017-10-22T20:10:09.000Z,0.0002897,0xa29a81fc67779c0a040fba21b302706402169290,buy,0xf8e386eda857484f5a12e4b5daa9984e06e73705,0x34f325636035208898e7a4c06881a714883f3ccefbf956f9426574107c93de2c
157,222,0.0642912,0x5f605ab04ebe26ab23388328d291c9fb71429b21,2017-10-22T20:07:22.000Z,0.0002896,0x64acad5962c53fd4ab1ecc06d162bf836ab2fd04,buy,0xf8e386eda857484f5a12e4b5daa9984e06e73705,0xce193b96532bb7cb3007e9efeea7dc7f2eea45fdc3983f841a0095a8814d5172
158,364,0.105414036,0x5f605ab04ebe26ab23388328d291c9fb71429b21,2017-10-22T20:06:50.000Z,0.000289599,0xb49fda420b9ce7334c6446af26f06225cbecb401,buy,0xf8e386eda857484f5a12e4b5daa9984e06e73705,0x6b0d5a09afd801222418f431dd52eefe339f4894932328ac72b005f884c614c1
159,1382,0.40035158,0x5f605ab04ebe26ab23388328d291c9fb71429b21,2017-10-22T20:06:15.000Z,0.00028969,0x2475fe4d7a9d7d2e7908baf6697b801596bf5148,buy,0xf8e386eda857484f5a12e4b5daa9984e06e73705,0xc7f086fb06e78d68da61650c6b450e4fb981ddc0afe71a3259f66057466e693b
160,429.8052238062008,0.07929906379224404,0x9c232158b5e0f9a23bf9a399cd9197c7f131d13b,2017-10-22T15:54:51.000Z,0.00018449999999999999,0x3efd9b0bd8e4595bc494539aca584821950106ee,sell,0xf8e386eda857484f5a12e4b5daa9984e06e73705,0x0db308ff28e9f9b095fe8696cd55259eeb71a14fc8105cabfbef6476a5e0bb32
161,4954.46,0.9165751,0xfbf7dc0756a9768d0c71aea5f8421f3b1eaee7d1,2017-10-22T15:53:51.000Z,0.000185,0x3efd9b0bd8e4595bc494539aca584821950106ee,sell,0xf8e386eda857484f5a12e4b5daa9984e06e73705,0xc166f17b104fc1dced766824a7aa9a0b0f1990002646b0ba3c167fbf2ea48893
162,99,0.028697823,0x368674b5b7bd3ec1d97954d63ffdbc367166a3ae,2017-10-22T09:48:10.000Z,0.000289877,0xb49fda420b9ce7334c6446af26f06225cbecb401,buy,0xf8e386eda857484f5a12e4b5daa9984e06e73705,0x99a91c3abebba5be92254bc766ac2a5a7593367e439dbfdba435ab29c3fc0eb6
163,10,0.00289877,0x8789e871447813be951bd69a24fd6f15a1d544b5,2017-10-22T09:37:29.000Z,0.000289877,0xb49fda420b9ce7334c6446af26f06225cbecb401,buy,0xf8e386eda857484f5a12e4b5daa9984e06e73705,0xa994ba6b97b6c264cbf2e26fb900b40d77f0c3577b73d12a9e6eddb1eff48431
164,0.9969095803010667,0.000182434453195095,0x168ca0dbf235c3b0f7ccc6d40d0621fde9eb31ca,2017-10-22T09:19:55.000Z,0.00018299999999999979,0x80d36b7b2cccce5abe5c0605e79ce6630f5b69b6,sell,0xf8e386eda857484f5a12e4b5daa9984e06e73705,0x7d914d1ad14ced337d9f42e4b5cff311cc6301b6f0028f1f4b05815cae1eb7e2
165,10,0.00289877,0x8789e871447813be951bd69a24fd6f15a1d544b5,2017-10-22T07:00:11.000Z,0.000289877,0xb49fda420b9ce7334c6446af26f06225cbecb401,buy,0xf8e386eda857484f5a12e4b5daa9984e06e73705,0x9ba09d94581d3b913a833f59f09b396470d73a7539318d2fc5374c2293632c40
166,0.9969095803010667,0.000180939088824643,0x9c232158b5e0f9a23bf9a399cd9197c7f131d13b,2017-10-22T05:11:52.000Z,0.0001814999999999994,0x7d764fb24e2aed6d02ac0edec5f7dbb1e73af018,sell,0xf8e386eda857484f5a12e4b5daa9984e06e73705,0x78c03ecf99376275b5c2c18b11340126b294602e3df65eb51e3f9b78ac346402
167,10,0.00289878,0x8789e871447813be951bd69a24fd6f15a1d544b5,2017-10-22T03:39:08.000Z,0.000289878,0xa54b88fcb5dc39e97d12e79aafaa28702204344f,buy,0xf8e386eda857484f5a12e4b5daa9984e06e73705,0xae232303d02e6b28c08f3c4a6bf491193838ce41a3fd9d7b8b71773a430cc4f0
168,24.922739507526668,0.004511190310038879,0xde05e601f672aacd0a4ebfa311085f89a77b9e64,2017-10-21T23:44:29.000Z,0.00018100699999999998,0x7644972c02fbc91ed2fd5ee0bb7b6bb3d67e7ffd,sell,0xf8e386eda857484f5a12e4b5daa9984e06e73705,0x9cb82e0491683ffef5510dadbd95d3cb0cfd9e14e0da46a9ce228c2148ee3da1
169,2793.3406440035887,0.5056225899710897,0x6108fbac1ac70954c9973023bed7d5e00630f26b,2017-10-21T14:58:30.000Z,0.00018101,0x765c80af38d7dd4efa8649c93d457ea6ccb842a7,sell,0xf8e386eda857484f5a12e4b5daa9984e06e73705,0x1e6c05b50a537f76c4513452b519bfec314deff945bfc233d3c9408767cbdd6f
170,1000,0.288,0x6108fbac1ac70954c9973023bed7d5e00630f26b,2017-10-21T14:15:05.000Z,0.000288,0x4a8a2e1738c8a6fa3c2d6781f9d4fa50143d18da,buy,0xf8e386eda857484f5a12e4b5daa9984e06e73705,0xfb40831105777f8585dcc0e4a572fb7cbf08ebcb3dc670e3e003ac330984ec48
171,15,0.004199685,0x8789e871447813be951bd69a24fd6f15a1d544b5,2017-10-21T13:43:08.000Z,0.000279979,0x756e8259c266229d687df5cafa7b1293ca3f6a1a,buy,0xf8e386eda857484f5a12e4b5daa9984e06e73705,0xcded180ebc604d38320ad47ec613c3166853e620b7e7b90e94b8582afefa66e6
172,0.9969095803010667,0.00017950353902901,0x0ae2d2b3a41f08ea2674178a6ea95a916aef0e6b,2017-10-21T11:07:39.000Z,0.00018005999999999993,0x3162f2032ddce11a87098cc13fcc6117ebe92f95,sell,0xf8e386eda857484f5a12e4b5daa9984e06e73705,0x67d369690afa3b426fa112b2efacdaed6147032d350e6d8ae54c0409ac640e96
173,10,0.002799,0x8789e871447813be951bd69a24fd6f15a1d544b5,2017-10-21T06:26:10.000Z,0.0002799,0xa54b88fcb5dc39e97d12e79aafaa28702204344f,buy,0xf8e386eda857484f5a12e4b5daa9984e06e73705,0x397b83aded6e7545bb9693d973142a88658b52053bc68ec287c0c5b986b6e3a8
174,6979.363971687768,1.2565646894626656,0x3dee4a4e076e8d82859d241db0baf46f112cfa23,2017-10-21T04:09:30.000Z,0.00018004,0xb358d3dbc9e487a58f22dcc3a0c6acf9db585b22,sell,0xf8e386eda857484f5a12e4b5daa9984e06e73705,0x4b9b085d4c868298ef1ff180245bfef3f2d01d6c7865381662adaa0a35927ba0
175,10,0.00279979,0x8789e871447813be951bd69a24fd6f15a1d544b5,2017-10-21T02:17:07.000Z,0.000279979,0x756e8259c266229d687df5cafa7b1293ca3f6a1a,buy,0xf8e386eda857484f5a12e4b5daa9984e06e73705,0xc6457b7390b626ee28c08b519a26cd86d08f14c025c36f43f10c0553082a4f4c
176,8.605628162338013,0.001549185181784089,0x3dee4a4e076e8d82859d241db0baf46f112cfa23,2017-10-20T23:30:42.000Z,0.00018002,0xbb3d24900039279dda91d1713a2f30277ade8f97,sell,0xf8e386eda857484f5a12e4b5daa9984e06e73705,0xb125b6d1812fe42486b82a2aabea8ec8d111818e3d5085168b691044545761dc
177,16.318738175831246,0.003263747635166249,0x5804cf9eaa96f26ef35acc6858e1c19a1eaaf32c,2017-10-20T23:29:27.000Z,0.00019999999999999998,0xbb3d24900039279dda91d1713a2f30277ade8f97,sell,0xf8e386eda857484f5a12e4b5daa9984e06e73705,0x98a693cb949c755c3c6c7c65271c3138cf8459ee92b0149d01e8aa74e52b7336
178,0.3208851157762248,0.000064177023155244,0x5804cf9eaa96f26ef35acc6858e1c19a1eaaf32c,2017-10-20T20:59:09.000Z,0.000199999999999997,0xf3ba9fffa6166cca9f5e38b04e2791b5e8b19dea,sell,0xf8e386eda857484f5a12e4b5daa9984e06e73705,0xfdbebffd0f0eaab6e5c4548336266fd3e6ed82c64417b800ffe72ca930a6f138
179,3218.798596351311,0.579448123315163,0x3dee4a4e076e8d82859d241db0baf46f112cfa23,2017-10-20T20:51:29.000Z,0.00018002,0xf3ba9fffa6166cca9f5e38b04e2791b5e8b19dea,sell,0xf8e386eda857484f5a12e4b5daa9984e06e73705,0x2d0384399ef6fcd1c86a9fcc94bcc9a138b9104d75f3bf3d2b06d258e123be82
180,170.37594996539443,0.0477015177194112,0x4da4ee0ffa7dda1761d4d2ac0da11f382df2f23a,2017-10-20T19:14:36.000Z,0.000279978,0xa54b88fcb5dc39e97d12e79aafaa28702204344f,buy,0xf8e386eda857484f5a12e4b5daa9984e06e73705,0xed39378da2e5f9bb4e1069dc1395c49fca2d2f52a2aba5cb44c71590a449f058
181,161.4993520087728,0.03233217027215631,0x168ca0dbf235c3b0f7ccc6d40d0621fde9eb31ca,2017-10-20T18:03:40.000Z,0.0002002,0x186dfb5b5d02cfe9ed2a0a08b4a053b4bda53426,sell,0xf8e386eda857484f5a12e4b5daa9984e06e73705,0x7203fd14664fc192fe4b934fff1f5fd085b8417b6e08d1c61682942296121c38
182,1025.0598840484352,0.20521698878649672,0x168ca0dbf235c3b0f7ccc6d40d0621fde9eb31ca,2017-10-20T16:52:28.000Z,0.0002002,0x884246cb490205f1183ac60f937bbca2d99f76b2,sell,0xf8e386eda857484f5a12e4b5daa9984e06e73705,0xcab218243c956d88aa8081fb4dbcf0d393da0bc38e44be6a855f173389b52c0d
183,1.9938191606021334,0.000398763832120426,0x5804cf9eaa96f26ef35acc6858e1c19a1eaaf32c,2017-10-20T14:31:37.000Z,0.00019999999999999966,0x7d5bce0360c329f8d3c2819a1e5542725fa2ba70,sell,0xf8e386eda857484f5a12e4b5daa9984e06e73705,0x030c7c5fffe72add1adbceefe0e2ac2222668c679bf23fb8af132258bd825bed
184,25,0.00699975,0xe5540b5f89d84893833ab4d1a77d37ccb3e33890,2017-10-20T12:43:12.000Z,0.00027999,0xecf50fa02188c92393ebd3f3affdfae84ea679af,buy,0xf8e386eda857484f5a12e4b5daa9984e06e73705,0x8b9e91e320e14c0d0fc645790654ee0348bc7f1a239f7049d20cf1d727e9c271
185,448.60931113548,0.08972186222709601,0x5804cf9eaa96f26ef35acc6858e1c19a1eaaf32c,2017-10-20T09:11:21.000Z,0.00019999999999999998,0x1019a5495ad9b529ed29f848c8d0334dc5b95b5b,sell,0xf8e386eda857484f5a12e4b5daa9984e06e73705,0xdd8b36932a903927788204a1655911caa21733102a6e6ce10aba8de77c039bf2
186,6764.985187228211,1.8941282025720267,0x34ec553463eea3dd21ba831a89270a890f7682de,2017-10-20T08:44:16.000Z,0.00027999,0xa54b88fcb5dc39e97d12e79aafaa28702204344f,buy,0xf8e386eda857484f5a12e4b5daa9984e06e73705,0xa8469b0d9cb29cc413639ba7078a23cf45d593b466473b2b9fde67f4a9087ae7
187,10,0.0027999,0x8789e871447813be951bd69a24fd6f15a1d544b5,2017-10-20T06:51:56.000Z,0.00027999,0xa54b88fcb5dc39e97d12e79aafaa28702204344f,buy,0xf8e386eda857484f5a12e4b5daa9984e06e73705,0x3b12345ef1132e2c35ab3dfd75ebe3e0fa5b2663d6e7165dc5bf10c5e65cffdc
188,31.857246412310385,0.006371449282462076,0x5804cf9eaa96f26ef35acc6858e1c19a1eaaf32c,2017-10-20T06:05:18.000Z,0.00019999999999999998,0x3dee4a4e076e8d82859d241db0baf46f112cfa23,sell,0xf8e386eda857484f5a12e4b5daa9984e06e73705,0xa26ee6ae1af29575e62ba8ec18593821cc1d2137b41b51e15954c2719ffdf489
189,10,0.0028,0x8789e871447813be951bd69a24fd6f15a1d544b5,2017-10-20T04:47:50.000Z,0.00028,0x322b9edf3bb170964ccac3ac0e68a6b4dc489095,buy,0xf8e386eda857484f5a12e4b5daa9984e06e73705,0xefc5bebbda95f4c82c07e8e1b59c82133094cc8deda52667b55926da2c231fb1
190,1.9938191606021334,0.000398763832120426,0x3dee4a4e076e8d82859d241db0baf46f112cfa23,2017-10-20T03:00:10.000Z,0.00019999999999999966,0x9cd5a717bafac18ef2d676a5934cc363483f3916,sell,0xf8e386eda857484f5a12e4b5daa9984e06e73705,0x191ff4cc86e8e2c120c85faee7a5cee72671c9b23495cd25d0a66b67fbd4e29f
191,1.9938191606021334,0.000398763832120426,0x3dee4a4e076e8d82859d241db0baf46f112cfa23,2017-10-20T01:27:02.000Z,0.00019999999999999966,0x8a937b4dee4f923d0374a6767f955ab0e01dceaa,sell,0xf8e386eda857484f5a12e4b5daa9984e06e73705,0xbaf0a8e87a891f11d82b56c3ab19ee46f764f187c3651a99c0348292c6618110
192,24.922739507526668,0.004984547901505333,0x3dee4a4e076e8d82859d241db0baf46f112cfa23,2017-10-19T19:56:31.000Z,0.00019999999999999998,0xad33f43cb3ddc2dbd5a5eb09b12423066041a219,sell,0xf8e386eda857484f5a12e4b5daa9984e06e73705,0x9c9749dee9e226efd71045482d4db628c860164f0e7e7262ad3bbd4067199f42
193,0.9969095803010667,0.000199381916060213,0x3dee4a4e076e8d82859d241db0baf46f112cfa23,2017-10-19T16:06:30.000Z,0.00019999999999999966,0xbc2c613e7e8f15f6b6f9ebb1d3784e62f59fcd73,sell,0xf8e386eda857484f5a12e4b5daa9984e06e73705,0x50b47c1e7e91c39cd5cd3394637f745752ed73d618580505bf035076091ed036
194,0.9969095803010667,0.000199381916060213,0x3dee4a4e076e8d82859d241db0baf46f112cfa23,2017-10-19T15:51:44.000Z,0.00019999999999999966,0xfd2a9c892b135220578ac9165909c7eaf44a6e48,sell,0xf8e386eda857484f5a12e4b5daa9984e06e73705,0x50bdd93b86eabbe1560e57c97e1dfd26d0e523359b9541048b4ccd517e0777f9
195,0.9,0.00018,0x5804cf9eaa96f26ef35acc6858e1c19a1eaaf32c,2017-10-19T15:44:20.000Z,0.0002,0x003b23eaeddac06ea5e946b3914e851133e644cb,sell,0xf8e386eda857484f5a12e4b5daa9984e06e73705,0x56ac4dc9fce768a1ecb06b90ad74f9952f8c2c3a7b875fe0cb020e62957fac8d
196,1,0.00028,0x6cdea8e07bf82d7a07dbf36642d6e5be8623845c,2017-10-19T14:36:10.000Z,0.00028,0x322b9edf3bb170964ccac3ac0e68a6b4dc489095,buy,0xf8e386eda857484f5a12e4b5daa9984e06e73705,0x164774d3f2c7711a6b4883be94963b826c61cd196ed32a389a2118d77df4ee92
197,1,0.0002,0x3dee4a4e076e8d82859d241db0baf46f112cfa23,2017-10-19T13:12:39.000Z,0.0002,0x003b23eaeddac06ea5e946b3914e851133e644cb,sell,0xf8e386eda857484f5a12e4b5daa9984e06e73705,0xb8be29f5313358d8d18ee10750e6bd3fbe5798544868286e31209b97312fcf8e
198,970.168,0.2251759928,0x9c232158b5e0f9a23bf9a399cd9197c7f131d13b,2017-10-19T12:49:36.000Z,0.0002321,0x322b9edf3bb170964ccac3ac0e68a6b4dc489095,sell,0xf8e386eda857484f5a12e4b5daa9984e06e73705,0x21198f550833c0204202e4077ec113c2438ad7237eb38a4652e962e165af5863
199,282.92,0.06535452,0x5dfe4fea312bb1c115291b42500b2b9ec786879f,2017-10-19T12:49:36.000Z,0.000231,0x322b9edf3bb170964ccac3ac0e68a6b4dc489095,sell,0xf8e386eda857484f5a12e4b5daa9984e06e73705,0x4724ff218948df3b3c7022ec11bf82f3aeabc9be9dc79f1b5dbbefb5e83336f0
200,24.922739507526668,0.005784567839696939,0x9c232158b5e0f9a23bf9a399cd9197c7f131d13b,2017-10-19T11:43:51.000Z,0.00023209999999999998,0x632c219677b3e781143a9ddcc1849d0c06b65854,sell,0xf8e386eda857484f5a12e4b5daa9984e06e73705,0x2a9f232afe6f8ca4be403c3a87b330cc75f9a17ec9268fef84e77375d12b16ed
201,83.11060116657269,0.02409210106616609,0x4b1edc27d3870e2b47a797acb6195004a42444a0,2017-10-19T10:11:05.000Z,0.00028988,0x2475fe4d7a9d7d2e7908baf6697b801596bf5148,buy,0xf8e386eda857484f5a12e4b5daa9984e06e73705,0x38bcda569eabea4f412e7643e1465e3a6c79c94f65c41fd17b3df03fe8c43ce2
202,50,0.011605,0x8789e871447813be951bd69a24fd6f15a1d544b5,2017-10-19T05:31:44.000Z,0.0002321,0x72d7f251cc24b6e1b667d6ed900f298fcfb45d7b,buy,0xf8e386eda857484f5a12e4b5daa9984e06e73705,0x38a4e11ad8b2ba44b490d182ee30b1ce673acfda0fe6c6bea2515e0478d05b6a
203,10,0.00289888,0x8789e871447813be951bd69a24fd6f15a1d544b5,2017-10-19T05:31:44.000Z,0.000289888,0xae7836ae8169e711f0db5e732ada0de9c3971f33,buy,0xf8e386eda857484f5a12e4b5daa9984e06e73705,0x89aa626db72eb1237931e69f97ce6ee16d62d82fd8078fdc5fd0f8ab9ba9bfb0
204,10,0.00289888,0x8789e871447813be951bd69a24fd6f15a1d544b5,2017-10-19T03:44:24.000Z,0.000289888,0xae7836ae8169e711f0db5e732ada0de9c3971f33,buy,0xf8e386eda857484f5a12e4b5daa9984e06e73705,0x229c52a24ce6cd6f6270f8e58bd4e2d045b35b31fec284cb8277d0403e9450fa
205,25,0.00675,0x8789e871447813be951bd69a24fd6f15a1d544b5,2017-10-19T03:44:00.000Z,0.00027,0xc79ab1cb52c8c6cbbc7e8992d78037a3b5d75c35,buy,0xf8e386eda857484f5a12e4b5daa9984e06e73705,0xd2ae95914673e9ed7d8388d03421ab6963702c7e8f204634edd9c5930317e370
206,0.9969095803010667,0.000231382713587877,0x9c232158b5e0f9a23bf9a399cd9197c7f131d13b,2017-10-19T01:24:31.000Z,0.0002320999999999994,0x8f3687b7ed758fbf896aa710424b2a7a6d2d4455,sell,0xf8e386eda857484f5a12e4b5daa9984e06e73705,0xd12ee6ed61facef200c228cdeb4f752f36e03fa7389b4fb455a2c96b5a8f0375
207,9,0.002608983,0x8789e871447813be951bd69a24fd6f15a1d544b5,2017-10-18T23:41:31.000Z,0.000289887,0xfd2418617b08030afb197f64ec6325673b539f7c,buy,0xf8e386eda857484f5a12e4b5daa9984e06e73705,0x614a7f21d34e05021a79653cfea62a174a6a44bc2cedb14851316612b4c095e8
208,1994.8160701824345,0.46299680988934305,0x9c232158b5e0f9a23bf9a399cd9197c7f131d13b,2017-10-18T21:51:38.000Z,0.00023209999999999998,0x168f06edcf1681958e219251eee314e55446561a,sell,0xf8e386eda857484f5a12e4b5daa9984e06e73705,0xe3c8cc3a0025740dd3ac408ced31038a3699b4b4b3d8685cd940bb666f60c6b2
209,5997.009271259097,1.391965821951949,0x3dee4a4e076e8d82859d241db0baf46f112cfa23,2017-10-18T21:44:32.000Z,0.00023211,0xa29a81fc67779c0a040fba21b302706402169290,sell,0xf8e386eda857484f5a12e4b5daa9984e06e73705,0xc29e635874da9ec14680248c5aac5e6e0cfeff39877fe4a43ca222e62e85ac1f
210,9592.388038688749,2.2254340249757893,0x17ba17970e4918d21db88e474d24d350be22dd1c,2017-10-18T21:44:32.000Z,0.000232,0xa29a81fc67779c0a040fba21b302706402169290,sell,0xf8e386eda857484f5a12e4b5daa9984e06e73705,0x07fbf356d6b2a6a29f65f7b5e3ef14111b6f352a4d4bdeebcba4a350d9d4176d
211,5000,1.16,0x9c232158b5e0f9a23bf9a399cd9197c7f131d13b,2017-10-18T21:44:32.000Z,0.000232,0xa29a81fc67779c0a040fba21b302706402169290,sell,0xf8e386eda857484f5a12e4b5daa9984e06e73705,0x91469e7bad7219caaadaa9909291b422bded530d6d26280eb0568d488dad4e4d
212,5000,1.16,0x9c232158b5e0f9a23bf9a399cd9197c7f131d13b,2017-10-18T21:44:32.000Z,0.000232,0xa29a81fc67779c0a040fba21b302706402169290,sell,0xf8e386eda857484f5a12e4b5daa9984e06e73705,0x26eef2522c9539ed8963fe171796fbdd628d295a2ffbd7232dd704a7ca05cc7f
213,0.9969095803010667,0.00023139268268368,0x3dee4a4e076e8d82859d241db0baf46f112cfa23,2017-10-18T20:13:08.000Z,0.0002321099999999994,0x7f696be5611f37442a183000948b7d266aba865c,sell,0xf8e386eda857484f5a12e4b5daa9984e06e73705,0x6086f0345bc7666e8dcf09403acb82da0eb4f04b675d7834943e7a62862bff43
214,0.9969095803010667,0.00023139268268368,0x3dee4a4e076e8d82859d241db0baf46f112cfa23,2017-10-18T19:23:48.000Z,0.0002321099999999994,0x01669fe4d8196c981ecbffe5631b1874c818245e,sell,0xf8e386eda857484f5a12e4b5daa9984e06e73705,0xc09c3639aadef3e809f45c44d9832ee1b09a6264ed62d780545370c72a8f7ad3
215,1,0.00029,0x3ac636ac5c3a2576156ac5f10066ca68abe0ad54,2017-10-18T16:26:21.000Z,0.00029,0xa37b91282070d07599e26becb7a11b2a78c4660b,buy,0xf8e386eda857484f5a12e4b5daa9984e06e73705,0xb212953ea301330416eb270d16be1a454da109d4b1567f2df8fd04c8b23fdb72
216,9969.095803010667,2.3138271358787756,0x9c232158b5e0f9a23bf9a399cd9197c7f131d13b,2017-10-18T16:25:00.000Z,0.00023209999999999998,0xa6d2da2d6605530e12e18315f1f8d6e3deaf0752,sell,0xf8e386eda857484f5a12e4b5daa9984e06e73705,0x35fe91d8502fa50408ecba460a3e9e5d2323716ad6f2b2ff44670c5a73bb4469
217,0.9969095803010667,0.00023139268268368,0x3dee4a4e076e8d82859d241db0baf46f112cfa23,2017-10-18T16:02:54.000Z,0.0002321099999999994,0x23bdfccd84c08d2820bf0aa8c2047b6eaaa75b87,sell,0xf8e386eda857484f5a12e4b5daa9984e06e73705,0xbcc440be8bfc47be6bce955b1a6374a5bc725c26de889bc9296edb713a631869
218,1.7248040622585274,0.0005,0xf9695cd65d6dfdf257fab76a3eb0cb8f001971cc,2017-10-18T15:17:29.000Z,0.000289888,0xae7836ae8169e711f0db5e732ada0de9c3971f33,buy,0xf8e386eda857484f5a12e4b5daa9984e06e73705,0x1049a2ab35138f353d13f5faac92a132d375f3fdd51d60f21e6f5a6a3d0442e7
219,1.7248040622585274,0.0005,0x379374d13077e8867ef31803c37baf9785a17c00,2017-10-18T15:17:16.000Z,0.000289888,0xae7836ae8169e711f0db5e732ada0de9c3971f33,buy,0xf8e386eda857484f5a12e4b5daa9984e06e73705,0x16e54641ca09456cb00f9100ec13d2bccb7435b7ed4da62e66b95d0b1f82b3e0
220,567.4309598335857,0.1644914260842385,0x09b4198c44fa9ab70a0248f58180ed569a1e769e,2017-10-18T14:15:02.000Z,0.000289888,0xae7836ae8169e711f0db5e732ada0de9c3971f33,buy,0xf8e386eda857484f5a12e4b5daa9984e06e73705,0x89b7f00e786a2a57ce2bba1d8c799248e892017959db634d0ce74702b37cc904
221,46.53465860821501,0.013495050996382355,0x09b4198c44fa9ab70a0248f58180ed569a1e769e,2017-10-18T13:21:50.000Z,0.00029,0xa37b91282070d07599e26becb7a11b2a78c4660b,buy,0xf8e386eda857484f5a12e4b5daa9984e06e73705,0xd59888a9baebb8341df84a606a42b2a88a879fb9fea0ba1924fd909f3a2eca4c
222,10,0.0028999,0x8789e871447813be951bd69a24fd6f15a1d544b5,2017-10-18T10:59:08.000Z,0.00028999,0x2475fe4d7a9d7d2e7908baf6697b801596bf5148,buy,0xf8e386eda857484f5a12e4b5daa9984e06e73705,0x44acf6107d133d13085cfd5248a9eb7595ac18f3653eb83a6d3dac5d1988b324
223,2000,0.52,0x17ba17970e4918d21db88e474d24d350be22dd1c,2017-10-18T09:36:45.000Z,0.00026,0x0a56aa3e1d99cc75b8aa2c020d1c56e33834ff71,buy,0xf8e386eda857484f5a12e4b5daa9984e06e73705,0x93699dad9055f690962a61e403b09ba93b38b728088f1c8e0ccf28aaa8b1ad8b
224,24.922739507526668,0.005782100488485694,0x3dee4a4e076e8d82859d241db0baf46f112cfa23,2017-10-18T08:47:35.000Z,0.000232001,0xfa4e7035b34294407e5df1603215983d65e5a773,sell,0xf8e386eda857484f5a12e4b5daa9984e06e73705,0x77bc82ad68def91cf24af8df1fd2d36dc4e67b9470036f607bce9409ae59be34
225,661.9479613199082,0.15357258897418005,0x3dee4a4e076e8d82859d241db0baf46f112cfa23,2017-10-18T07:50:46.000Z,0.000232001,0x74f355aeddfe000c50701d15594e37af63fddaa4,sell,0xf8e386eda857484f5a12e4b5daa9984e06e73705,0xaae85997e7140cba351edd59ccdd31daab11087b20081682cb5c97b20f62b122
226,0.9969095803010667,0.000231284019539427,0x3dee4a4e076e8d82859d241db0baf46f112cfa23,2017-10-18T05:55:22.000Z,0.00023200099999999923,0x927d62fed24dff8ea8abd3f2a1a8e3d930f37844,sell,0xf8e386eda857484f5a12e4b5daa9984e06e73705,0xa9bbcc32f4eaaceba5e0b8dc11b4a69f9ae31eeaa3645bd6aa5d9ef9298a648c
227,10,0.00298,0x8789e871447813be951bd69a24fd6f15a1d544b5,2017-10-18T00:16:55.000Z,0.000298,0xae7836ae8169e711f0db5e732ada0de9c3971f33,buy,0xf8e386eda857484f5a12e4b5daa9984e06e73705,0x515cca77134eeee33def15635daccdddb77d9be66aa29b2a804f4619887d0910
228,983.9497557571528,0.22827634333565947,0x17ba17970e4918d21db88e474d24d350be22dd1c,2017-10-17T21:07:42.000Z,0.000232,0x33cf99f1bae597f146786bc42d739123f184a91d,sell,0xf8e386eda857484f5a12e4b5daa9984e06e73705,0xc4caa32f9b3fc2215940164bc77b177bc3f7f36fd56b7f202db1896ceb7bc1d2
229,4362.675705313528,1.0121407636327384,0x17ba17970e4918d21db88e474d24d350be22dd1c,2017-10-17T21:04:33.000Z,0.000232,0xcb9e58ec85d56aa39a6246bc1e94236299c65133,sell,0xf8e386eda857484f5a12e4b5daa9984e06e73705,0x038551182d492c5f540fbef7953bb130528aed1c09a99f03fa1fefab17e0de11
230,49.845479015053336,0.011564151131492372,0x17ba17970e4918d21db88e474d24d350be22dd1c,2017-10-17T20:45:49.000Z,0.00023199999999999997,0xf81b3beedd011a715cacb3724873ddcc3053f6ef,sell,0xf8e386eda857484f5a12e4b5daa9984e06e73705,0xb5bd36e5e0da1f3dda715c7f09d596cb0025b49e516005c62d667db49134908e
231,10,0.00308,0x8789e871447813be951bd69a24fd6f15a1d544b5,2017-10-17T19:59:04.000Z,0.000308,0x59e486aeafd43c3563f4179ca6e19f5e306d4938,buy,0xf8e386eda857484f5a12e4b5daa9984e06e73705,0x76a390873e2dd029d58993dc7269776781c35ce6610166adbcecdf71611bdaf0
232,88.27586206896552,0.0256,0x8789e871447813be951bd69a24fd6f15a1d544b5,2017-10-17T19:58:40.000Z,0.00029,0x58e469ba4a09fd051c215fdbf43422d6cd47f9ef,buy,0xf8e386eda857484f5a12e4b5daa9984e06e73705,0x45bf7ac20a3670787bd2694dfa8d07e945f213764e205993ca8642f126501d38
233,10,0.0029,0x8789e871447813be951bd69a24fd6f15a1d544b5,2017-10-17T19:58:06.000Z,0.00029,0x58e469ba4a09fd051c215fdbf43422d6cd47f9ef,buy,0xf8e386eda857484f5a12e4b5daa9984e06e73705,0x1f8a1722894c5fba9155cbea98fdf8db0c6c4a870291dfedf3aec33a05d085ba
234,26.9165586681288,0.006244668527564549,0x3dee4a4e076e8d82859d241db0baf46f112cfa23,2017-10-17T19:31:49.000Z,0.00023200099999999996,0x25f1a5d4e4ac5a3f7e51b5bdd046c6eb0fe910fa,sell,0xf8e386eda857484f5a12e4b5daa9984e06e73705,0x87c5d4b13eed3aa4dcf3f4257cd320e57dd7804eac390c35c5d36923e1566453
235,1.9938191606021334,0.000462568039078855,0x3dee4a4e076e8d82859d241db0baf46f112cfa23,2017-10-17T18:33:03.000Z,0.00023200099999999972,0xbb602b4b1a78191fb8fdc8691b065fd849af1a4a,sell,0xf8e386eda857484f5a12e4b5daa9984e06e73705,0xc715cfc4494830d588e1c01d4aa46658801c6da6a8c7a183bdf1f3dbb2b6a1cf
236,1.7241379310344827,0.0005,0x16e5d97bbc92417e051e3b2cabfbf8ceea2acb9c,2017-10-17T17:51:03.000Z,0.00029,0x58e469ba4a09fd051c215fdbf43422d6cd47f9ef,buy,0xf8e386eda857484f5a12e4b5daa9984e06e73705,0xda0f4590d3403ede7e704e36f81dca4849e2c894a08141cc96274995fcd3e31c
237,0.9969095803010667,0.000231284019539427,0x3dee4a4e076e8d82859d241db0baf46f112cfa23,2017-10-17T15:46:58.000Z,0.00023200099999999923,0x9866acadc94e0f591c972366fd1f80a19dc3bc43,sell,0xf8e386eda857484f5a12e4b5daa9984e06e73705,0x183b987f3b49c2dfe65499dde4960e2fc4618c83930c98d9d08e1a859e22eca8
238,0.9969095803010667,0.000230286113049546,0x5dfe4fea312bb1c115291b42500b2b9ec786879f,2017-10-17T10:17:56.000Z,0.0002309999999999996,0x5a90b11f3f6cbfd2984c434db09c03e3a5475228,sell,0xf8e386eda857484f5a12e4b5daa9984e06e73705,0x1bf2b64b643922c4fe75015f01df2bcacaa8a9001397774f6e27abc9c4087aa9
239,1.6672224074691564,0.0005,0xcd912af5286dc0b0a23edb30209734ecb60838b3,2017-10-17T05:29:19.000Z,0.0002999,0xa37b91282070d07599e26becb7a11b2a78c4660b,buy,0xf8e386eda857484f5a12e4b5daa9984e06e73705,0x579871713f97b32ad95b645632561c538db1529d7bd6d31431a2dae4fcc421cb
240,10,0.002999,0x8789e871447813be951bd69a24fd6f15a1d544b5,2017-10-17T03:26:50.000Z,0.0002999,0xa37b91282070d07599e26becb7a11b2a78c4660b,buy,0xf8e386eda857484f5a12e4b5daa9984e06e73705,0xdd2ad6f32736d83a8d429409867554b19a2ea0c518577d01b24a13da539541eb
241,4481.169391196046,1.0082631130191102,0x3dee4a4e076e8d82859d241db0baf46f112cfa23,2017-10-17T02:55:20.000Z,0.000225,0x5988659fb9da04b7d24cca9533c55982efb7d4ec,sell,0xf8e386eda857484f5a12e4b5daa9984e06e73705,0x4c77cd05dbd62d314a8197cc6ac08e6e4578f8713e0357949c89bd1d34d0265b
242,730.309,0.1753471909,0xf03af1891534c133d7847241a60840fadcfa442d,2017-10-17T02:52:10.000Z,0.0002401,0x5988659fb9da04b7d24cca9533c55982efb7d4ec,sell,0xf8e386eda857484f5a12e4b5daa9984e06e73705,0x0f03f62b30cd62078d7c794fef858b16279d983abe6ff3624ad4542e53c17805
243,4758.1545929125095,1.1419571022990023,0x09da87cf3b8ccc1bf2104dae5a30185e1cec247c,2017-10-17T02:48:49.000Z,0.00023999999999999998,0x5988659fb9da04b7d24cca9533c55982efb7d4ec,sell,0xf8e386eda857484f5a12e4b5daa9984e06e73705,0x9e3794f66b969c5b7f4f9a638588afe768a5530e8a3f22aa53e94823803bd036
244,10,0.003,0x8789e871447813be951bd69a24fd6f15a1d544b5,2017-10-16T23:43:20.000Z,0.0003,0x3fd59feadff684ba75ad21780d0dad9adaa528a3,buy,0xf8e386eda857484f5a12e4b5daa9984e06e73705,0x9d64db1974a0dd33823a10751a7cff33ab84e56e5aa129a5635f8fa442e39e8c
245,99.69095803010667,0.02393579902302861,0xf03af1891534c133d7847241a60840fadcfa442d,2017-10-16T22:58:57.000Z,0.00024009999999999998,0xe5b96bbbdb17c687a8529461b1e7397d3c271249,sell,0xf8e386eda857484f5a12e4b5daa9984e06e73705,0xdaeb968447fe8e0701a040631ee7f59ce97f4de217a2e03b77542f99a2acd69f
246,1075.178740420824,0.25804289770099775,0x09da87cf3b8ccc1bf2104dae5a30185e1cec247c,2017-10-16T16:38:53.000Z,0.00023999999999999998,0x3dee4a4e076e8d82859d241db0baf46f112cfa23,sell,0xf8e386eda857484f5a12e4b5daa9984e06e73705,0xfa152a49dd304ced430e634d6c108ecb3df4c18c2d1a60e77c4c670097632465
247,0.001978414815577046,0.000000474839339886,0x3dee4a4e076e8d82859d241db0baf46f112cfa23,2017-10-16T16:37:52.000Z,0.00024000999999967306,0x4238aaacf2e9875bf207717d6e86de66761775ee,sell,0xf8e386eda857484f5a12e4b5daa9984e06e73705,0x8fe3308c2bd50c0b1b2e4bd5dbe18b539243d4a5f9c6a7e4a83836d984b0d525
248,1076.6622238440439,0.258409700344809,0x3dee4a4e076e8d82859d241db0baf46f112cfa23,2017-10-16T16:34:29.000Z,0.00024001,0xb602623ae24818bb99fc6d1a58d9a2bd53ef050c,sell,0xf8e386eda857484f5a12e4b5daa9984e06e73705,0x5bbce9e53339e2bce0b02145b816a33858f5b311ad8ad62fb477135118b0e587
249,1,0.00024001,0x3dee4a4e076e8d82859d241db0baf46f112cfa23,2017-10-16T16:33:44.000Z,0.00024001,0x4238aaacf2e9875bf207717d6e86de66761775ee,sell,0xf8e386eda857484f5a12e4b5daa9984e06e73705,0xa56bd0e380116b59a90eadb667da6c8a25f9b466fe7cf4eb3b8030aa312bdf39
250,0.9969095803010667,0.000230286113049546,0x5dfe4fea312bb1c115291b42500b2b9ec786879f,2017-10-16T12:08:49.000Z,0.0002309999999999996,0x1899a21760650d300930da2bf4df4f17089d3a1d,sell,0xf8e386eda857484f5a12e4b5daa9984e06e73705,0xbe6457b7a289a1a0e8340b72ddefd802ef44fb9e8abb2ba2bed32d049b297afb
251,100.36743096401156,0.02318487655268667,0x5dfe4fea312bb1c115291b42500b2b9ec786879f,2017-10-16T11:31:49.000Z,0.00023099999999999998,0xb5b23ff755c1c62b637114e932ff914a159eeafb,sell,0xf8e386eda857484f5a12e4b5daa9984e06e73705,0x469c05d26e99aafaaf9d9f8fceaa682244f2d0582a5cdb7da594a9e7e5cf4f8e
252,10,0.0033,0x8789e871447813be951bd69a24fd6f15a1d544b5,2017-10-16T08:02:43.000Z,0.00033,0x59e486aeafd43c3563f4179ca6e19f5e306d4938,buy,0xf8e386eda857484f5a12e4b5daa9984e06e73705,0x405ac2032cf2696b9899d206726c4cb77ebb70bba85da8cbdf5e8d1930495b4e
253,25,0.00825,0x8789e871447813be951bd69a24fd6f15a1d544b5,2017-10-16T02:43:43.000Z,0.00033,0x85cd36ab363e041fe4e12baa39bc004b352e27a2,buy,0xf8e386eda857484f5a12e4b5daa9984e06e73705,0xc65ff139f28ecd21df57c5ee405f0b8215894f1852377faaa9fe48f314ed2ec6
254,50,0.0125,0x8909e1a4f31fc2214ea6c4a917268b833b00c000,2017-10-16T01:49:47.000Z,0.00025,0xb425020c938069298f5fbd4ac89ee7d936627b14,sell,0xf8e386eda857484f5a12e4b5daa9984e06e73705,0xf2409ea12c21c2b33433ffb5f454915f4949f7ef77371ef97c512f2624e90f7a
255,10,0.0033,0x8789e871447813be951bd69a24fd6f15a1d544b5,2017-10-15T14:12:39.000Z,0.00033,0x59e486aeafd43c3563f4179ca6e19f5e306d4938,buy,0xf8e386eda857484f5a12e4b5daa9984e06e73705,0x01b98668d031d6a7f1fd89528654b2fb53b46b30e5bf8e9730d27a3a499fe7b5
256,100.38879473631742,0.024796032299870402,0x3dee4a4e076e8d82859d241db0baf46f112cfa23,2017-10-15T10:39:06.000Z,0.000247,0xf56a5813467b2b28d095877a40df468290e747e4,sell,0xf8e386eda857484f5a12e4b5daa9984e06e73705,0xa921b8ff7f3f3695d009bc5a3e447d72f94f235337ed0f7733237be600ff7f18
257,24.922739507526668,0.006155916658359086,0x3dee4a4e076e8d82859d241db0baf46f112cfa23,2017-10-15T08:52:07.000Z,0.000247,0x3ad5a3c5455db2208dfbd92575abd3c0a8be39e1,sell,0xf8e386eda857484f5a12e4b5daa9984e06e73705,0x3efca16903881a1ff682fd48efbb4c2dc505fe99902cbb381adf21996da69c40
258,797.4815020696334,0.19697793101119945,0x3dee4a4e076e8d82859d241db0baf46f112cfa23,2017-10-15T06:45:01.000Z,0.000247,0x333b0f0e93464593153f9186b8b326b7dbd6273f,sell,0xf8e386eda857484f5a12e4b5daa9984e06e73705,0xd0cc983a3b4e70a1be91d896fa0b1d0ec13282941ea733ecfa6eaf421af49cb1
259,759.271,0.20500317,0x9e3f38f86911c631d84415293df03c0bc9bb1638,2017-10-15T06:38:46.000Z,0.00027,0x333b0f0e93464593153f9186b8b326b7dbd6273f,sell,0xf8e386eda857484f5a12e4b5daa9984e06e73705,0xbebece044416bde5bb3dbff58f06f647ae6cbed3c7125458d8ff04b3f033308c
260,140.07726049247333,0.0399220192403549,0x0b0444691425c2183a5b9b33cf336cc421c2c939,2017-10-15T06:33:24.000Z,0.000285,0x333b0f0e93464593153f9186b8b326b7dbd6273f,sell,0xf8e386eda857484f5a12e4b5daa9984e06e73705,0xee5fa4759ea09d5a81fd911c5618bb4fe195e96f74f00706769cf858c2efe76a
261,2990.7287409032,0.8074967600438641,0x9e3f38f86911c631d84415293df03c0bc9bb1638,2017-10-15T06:11:24.000Z,0.00027,0x99bc37ffa8c3b9e6f4792abf009cc294b34947bc,sell,0xf8e386eda857484f5a12e4b5daa9984e06e73705,0x34228291a737a1178f1f5d23817deeb96f4c216bf8525d257aede200850126ba
262,24.922739507526668,0.0071029807596451,0x0b0444691425c2183a5b9b33cf336cc421c2c939,2017-10-15T05:57:37.000Z,0.000285,0xc6f004e13340ae659f5a731ab0f3d37ad0d35147,sell,0xf8e386eda857484f5a12e4b5daa9984e06e73705,0x25e75c2d44e921c383781b7aadb087eb41cbadbddd0982d6a6fa1a8a8fb4cd25
263,10,0.0033,0x8789e871447813be951bd69a24fd6f15a1d544b5,2017-10-15T05:31:59.000Z,0.00033,0x59e486aeafd43c3563f4179ca6e19f5e306d4938,buy,0xf8e386eda857484f5a12e4b5daa9984e06e73705,0x5012be616f9de0aedd7e4689fdb3a46e5231fcd34baf74bd4e9a30ee91f5c0d0
264,24.922739507526668,0.006729762735519888,0x3dee4a4e076e8d82859d241db0baf46f112cfa23,2017-10-15T03:19:25.000Z,0.00027002499999999996,0xd34583ba107d205af3037a02f391f6503dcdebc5,sell,0xf8e386eda857484f5a12e4b5daa9984e06e73705,0xf54c9072261d5d92423cbf23faa02e9ae2485bbbcc1730595835d3c041abdea5
265,10,0.0033,0x8789e871447813be951bd69a24fd6f15a1d544b5,2017-10-15T02:26:39.000Z,0.00033,0x59e486aeafd43c3563f4179ca6e19f5e306d4938,buy,0xf8e386eda857484f5a12e4b5daa9984e06e73705,0x6b07fc8ef3ad404a81d17fe269291ce97982424b0225fbdd430103e8429e0b60
266,2498,0.6245,0xfe423f6b9b3aa093cc08831d9b106027f97e132e,2017-10-15T01:37:00.000Z,0.00025,0x4ce3b4256378c7a702cf50627272ee266c91b76c,buy,0xf8e386eda857484f5a12e4b5daa9984e06e73705,0xb289489e81233faf7e34f8136ea87d7075da4987cb629fa6375523aae14f45b1
267,2490.506,0.67249888265,0x3dee4a4e076e8d82859d241db0baf46f112cfa23,2017-10-15T01:37:00.000Z,0.000270025,0xfe423f6b9b3aa093cc08831d9b106027f97e132e,sell,0xf8e386eda857484f5a12e4b5daa9984e06e73705,0xb289489e81233faf7e34f8136ea87d7075da4987cb629fa6375523aae14f45b1
268,424.18502641810386,0.1145405617585485,0x3dee4a4e076e8d82859d241db0baf46f112cfa23,2017-10-15T00:16:12.000Z,0.00027002499999999996,0xe8cdcef18ba33fcaa12cc254ff417c240e38243e,sell,0xf8e386eda857484f5a12e4b5daa9984e06e73705,0x63170e1d60e325b0dd0909188137f8c3cd130588406b3223fc1d517f4cb1ff20
269,21500,5.805,0x3f5a9d88dda7ac0a03422aa5f5b0d6ed13256178,2017-10-15T00:14:32.000Z,0.00027,0xe8cdcef18ba33fcaa12cc254ff417c240e38243e,sell,0xf8e386eda857484f5a12e4b5daa9984e06e73705,0x32132883eb26e889e171600b53d00dbd9fb3ea3f83792c45901e41ebd61af588
270,10,0.0033,0x8789e871447813be951bd69a24fd6f15a1d544b5,2017-10-14T22:58:39.000Z,0.00033,0x59e486aeafd43c3563f4179ca6e19f5e306d4938,buy,0xf8e386eda857484f5a12e4b5daa9984e06e73705,0x3a4ee19407edb18172556d606280161427d3e2c2bc5811e63606202c9e83d333
271,24.922739507526668,0.006729762735519888,0x3dee4a4e076e8d82859d241db0baf46f112cfa23,2017-10-14T19:20:24.000Z,0.00027002499999999996,0xdf78cf07ef59411f3e747c54ecd0fe5aa66f54fe,sell,0xf8e386eda857484f5a12e4b5daa9984e06e73705,0xd9637e19d86faedf88f1b59820cae09ca1d760e84d2cba3bea9cdbfb4fa45300
272,26.9165586681288,0.007268143754361479,0x3dee4a4e076e8d82859d241db0baf46f112cfa23,2017-10-14T18:59:50.000Z,0.00027002499999999996,0x5f19b49693f2c537226c1c75ae0f2881795e43cd,sell,0xf8e386eda857484f5a12e4b5daa9984e06e73705,0x0f09bf2208513fc523ddcc306efd3471e51b30fbe890e505df0a798ec6cdd741
273,24.922739507526668,0.006729762735519888,0x3dee4a4e076e8d82859d241db0baf46f112cfa23,2017-10-14T18:44:12.000Z,0.00027002499999999996,0x0fd037d6ff6df7e462b36fb1793d6c2a53bb872a,sell,0xf8e386eda857484f5a12e4b5daa9984e06e73705,0xfce2cbf98efa4dc3978bacbb1674f7bb75141fd74dfea143ca7d6e14fff0efcb
274,24.922739507526668,0.006729762735519888,0x3dee4a4e076e8d82859d241db0baf46f112cfa23,2017-10-14T18:31:29.000Z,0.00027002499999999996,0x9bade2672149119afd0b0f35e2fef89946ddde0f,sell,0xf8e386eda857484f5a12e4b5daa9984e06e73705,0x1772b70c1b37d8de3a917adbb5c2116d5c3b90270d614c726125f960ac92feaf
275,272.727,0.08999991,0xf56a5813467b2b28d095877a40df468290e747e4,2017-10-14T16:14:24.000Z,0.00033,0x59e486aeafd43c3563f4179ca6e19f5e306d4938,buy,0xf8e386eda857484f5a12e4b5daa9984e06e73705,0x2b8a3c9ba71c08a7162a7aa1f8f66f7b559cdd1630cfb25bdb034cf54711bb26
276,99.69095803010667,0.026919050942079553,0x3dee4a4e076e8d82859d241db0baf46f112cfa23,2017-10-14T11:54:57.000Z,0.00027002499999999996,0x87b422d166adccdf614fdad15175fdcdaf98fcb9,sell,0xf8e386eda857484f5a12e4b5daa9984e06e73705,0xc026dde114b3fa1a001926a6d79d959da4c7845684fe2b2ef1e2e6629d4d2987
277,24.922739507526668,0.006729762735519888,0x3dee4a4e076e8d82859d241db0baf46f112cfa23,2017-10-14T10:30:01.000Z,0.00027002499999999996,0xac3327da2c123c7f9aa64003a72c5548b01fb0ee,sell,0xf8e386eda857484f5a12e4b5daa9984e06e73705,0xf4bc20c15ed5cc73e324db2dcca1b7aa551c1da46d0347820ef10ecc8bbaaf6f
278,180,0.0594,0xb602623ae24818bb99fc6d1a58d9a2bd53ef050c,2017-10-14T10:06:50.000Z,0.00033,0x59e486aeafd43c3563f4179ca6e19f5e306d4938,buy,0xf8e386eda857484f5a12e4b5daa9984e06e73705,0xdf07bd770c45565f0e8e46d75c2190d0f8fe20cb1b807ab20f27eba083f73e7c
279,24.922739507526668,0.006729762735519888,0x3dee4a4e076e8d82859d241db0baf46f112cfa23,2017-10-14T09:14:55.000Z,0.00027002499999999996,0x9543d245e566f9ea0d00134f75f06f41eb55b21b,sell,0xf8e386eda857484f5a12e4b5daa9984e06e73705,0x2cdc1ae3243cf0c7e98974f17bf4e1fe03176d317414b1966e7668601b8dbddf
280,92.565,0.025085115,0x7b521dd7d98bbd54d369770583b3c7478e9ae534,2017-10-14T08:10:33.000Z,0.000271,0xee33ba113e263f66603b56ae24145853af80e917,sell,0xf8e386eda857484f5a12e4b5daa9984e06e73705,0x0e387aedf403d71483a5edc013d390f268eb2167df3058037b368edbaeff32d6
281,387.43495164988536,0.10499487189711892,0x7b521dd7d98bbd54d369770583b3c7478e9ae534,2017-10-14T06:54:58.000Z,0.000271,0xc370be1c1ce33e0f69ce376640fac9a5dc2bbb10,sell,0xf8e386eda857484f5a12e4b5daa9984e06e73705,0x031b52c303f4a53c39837058a3907535a06f6322d1bd93199ed1efc44652adc5
282,0.0993828711296049,0.000026835859776771,0x3dee4a4e076e8d82859d241db0baf46f112cfa23,2017-10-14T06:25:38.000Z,0.0002700249999999943,0x717387664d840e39dc1d9c1aed9f26445cda8623,sell,0xf8e386eda857484f5a12e4b5daa9984e06e73705,0xcedde27fd518e6e687b3c7ef89ea05dbe8639418c0aac0e9ffcc97190c6b85f4
283,996.9095803010667,0.26919050942079553,0x3dee4a4e076e8d82859d241db0baf46f112cfa23,2017-10-14T06:24:30.000Z,0.00027002499999999996,0x717387664d840e39dc1d9c1aed9f26445cda8623,sell,0xf8e386eda857484f5a12e4b5daa9984e06e73705,0xfd3e7a87348da706b77703090259f5044fd868e2541a4ab5b6ddb82098b5e09f
284,10,0.0034899,0x8789e871447813be951bd69a24fd6f15a1d544b5,2017-10-14T02:05:56.000Z,0.00034899,0x2475fe4d7a9d7d2e7908baf6697b801596bf5148,buy,0xf8e386eda857484f5a12e4b5daa9984e06e73705,0xe5d40f92a122bf48ceaed34f9e44c82a66f432032c0ce561d2e680c4f12fb5e0
285,24.922739507526668,0.006729762735519888,0x3dee4a4e076e8d82859d241db0baf46f112cfa23,2017-10-13T23:51:31.000Z,0.00027002499999999996,0x634cfe23d2ae62c144c4cb6b1db65d8d57a9a022,sell,0xf8e386eda857484f5a12e4b5daa9984e06e73705,0x24da61d77a81a5e68fad7d4c1c59d9ca26e2c1d7064c5166889fad591fb62d6e
286,20.27903378569801,0.005475846097983105,0x3dee4a4e076e8d82859d241db0baf46f112cfa23,2017-10-13T18:32:50.000Z,0.00027002499999999996,0x0e2412a03ac1695d5d18df3d95c941490be63e24,sell,0xf8e386eda857484f5a12e4b5daa9984e06e73705,0xbbd5a964470354314fd15c358c58d80fe45c33d1d54fd906289f7a3530cfadc4
287,4.644168703455958,0.001323588080484947,0x0b0444691425c2183a5b9b33cf336cc421c2c939,2017-10-13T18:30:25.000Z,0.00028499999999999977,0x0e2412a03ac1695d5d18df3d95c941490be63e24,sell,0xf8e386eda857484f5a12e4b5daa9984e06e73705,0x2209985878449dcf586172042a2c804b1dfe1ceca2031c101c24e298aca16ded
288,30.683879972086533,0.008744905792044661,0x0b0444691425c2183a5b9b33cf336cc421c2c939,2017-10-13T10:18:45.000Z,0.000285,0x1fd99363276eb8c6f3009e2fad6a6743617d1f1b,sell,0xf8e386eda857484f5a12e4b5daa9984e06e73705,0x41dc8bedf64ef1cd88ad34ae820853fb75d9b05c6e29a4afa909a39958c897fa
289,365,0.0993603,0x3dee4a4e076e8d82859d241db0baf46f112cfa23,2017-10-13T09:36:27.000Z,0.00027222,0x3f778b05be6f09bb1a8a4d78c4a92290d8aa4200,sell,0xf8e386eda857484f5a12e4b5daa9984e06e73705,0x7e3d9b88d51dd14c5e041efb948b06d758266e475b50c3d15a14567e0524032b
290,10,0.00349,0x8789e871447813be951bd69a24fd6f15a1d544b5,2017-10-13T02:35:54.000Z,0.000349,0xfe42527c921c1f3af4f194ed227faa0ece4ebf76,buy,0xf8e386eda857484f5a12e4b5daa9984e06e73705,0xf633078893d700e03ca5dcbddb4ccf66fb8b2ffa98053a11edca70c1139d1c3f
291,25,0.007275,0x8789e871447813be951bd69a24fd6f15a1d544b5,2017-10-13T02:33:32.000Z,0.000291,0xb4b8444f616f4e7ec1b5faaf30e9b628cdaf4e4c,buy,0xf8e386eda857484f5a12e4b5daa9984e06e73705,0x9171999fffcd89b6b27fbd4c94c1d736346136a3e493f07a007df5d338159d5c
292,1485.3496707716251,0.40431366573370714,0x2475fe4d7a9d7d2e7908baf6697b801596bf5148,2017-10-12T22:31:23.000Z,0.00027220099999999996,0x01cbf0c746a217a3147fd051a3fd8c83ca00a330,sell,0xf8e386eda857484f5a12e4b5daa9984e06e73705,0xcdd68cf2ebcc024c0848c325f593b56ac3d4f7d6521edaf30fcf7f241428809e
293,4000,1.136004,0x3dee4a4e076e8d82859d241db0baf46f112cfa23,2017-10-12T21:50:14.000Z,0.000284001,0x01cbf0c746a217a3147fd051a3fd8c83ca00a330,sell,0xf8e386eda857484f5a12e4b5daa9984e06e73705,0x26239edc715bcff20aed514b10c88b4fc8caf82156805531d9a679486c3696d4
294,3000,0.85203,0x6108fbac1ac70954c9973023bed7d5e00630f26b,2017-10-12T21:48:16.000Z,0.00028401,0x01cbf0c746a217a3147fd051a3fd8c83ca00a330,sell,0xf8e386eda857484f5a12e4b5daa9984e06e73705,0x9e0fa703cc577c7b8f0463d2923808a2253461e30ac1f0de065e9610b770bc73
295,2999.931,0.860980197,0x4551780a758b32889495a279268fd219f5c3774a,2017-10-12T21:48:09.000Z,0.000287,0x01cbf0c746a217a3147fd051a3fd8c83ca00a330,sell,0xf8e386eda857484f5a12e4b5daa9984e06e73705,0x90d953ad8d8f0c2646c2bf6bd3307cbe682d3fe75ea999ba2547efeb2236a073
296,0.06851879942239895,0.000019664895434228,0x4551780a758b32889495a279268fd219f5c3774a,2017-10-12T19:35:08.000Z,0.00028699999999999266,0x10c3406b5b684048c07fc3ecadf29a61bf6d9d89,sell,0xf8e386eda857484f5a12e4b5daa9984e06e73705,0x196a5d51514d5ef1e72b2bed2aa8fd346aad69e51c3f5d52e0fbd3a8ceebe5b1
297,3423,0.999516,0x906c707244231642476b810f734f994289eac4d2,2017-10-12T18:38:32.000Z,0.000292,0xa29a81fc67779c0a040fba21b302706402169290,sell,0xf8e386eda857484f5a12e4b5daa9984e06e73705,0x514384d5f4e7265c3e9e0845f0c8804f2e8129eed476d897621e1757aa92e8e3
298,3000,0.8766,0x3dee4a4e076e8d82859d241db0baf46f112cfa23,2017-10-12T18:37:05.000Z,0.0002922,0xa29a81fc67779c0a040fba21b302706402169290,sell,0xf8e386eda857484f5a12e4b5daa9984e06e73705,0x29955a507747d7354fbcbfd42ccbbae9c9376274d3ae1c10fb12545fa61b4d22
299,3412,0.999716,0x906c707244231642476b810f734f994289eac4d2,2017-10-12T18:36:34.000Z,0.000293,0xa29a81fc67779c0a040fba21b302706402169290,sell,0xf8e386eda857484f5a12e4b5daa9984e06e73705,0x31e3cc9a06005574fabc5640026682591b9abb70354f562a19d5a6d61c15d343
300,10,0.003499,0x8789e871447813be951bd69a24fd6f15a1d544b5,2017-10-12T15:16:56.000Z,0.0003499,0x2505fc886f39398732f144154b678ee1905024c1,buy,0xf8e386eda857484f5a12e4b5daa9984e06e73705,0xed8d500e3fec3267961286778c3bbe174519fa489a4767c9eea344f5cb3a296a
301,170.4715382314824,0.049624264779184524,0x3dee4a4e076e8d82859d241db0baf46f112cfa23,2017-10-12T13:32:59.000Z,0.0002911,0x7f554de2a5da29e6b71fe8215bc25665bf3ce390,sell,0xf8e386eda857484f5a12e4b5daa9984e06e73705,0x81be5d4fe3149ec3dd4eeae0774c81b1f4262873e97c34f6fc947d6ff4268f2d
302,0.002484571778240123,0.000000723258844645,0x3dee4a4e076e8d82859d241db0baf46f112cfa23,2017-10-12T13:23:46.000Z,0.00029109999999971835,0x0d6baf35b4982a7cb84ffe8eb786607d1abef2e1,sell,0xf8e386eda857484f5a12e4b5daa9984e06e73705,0x1f15461ced70c290bc8bc7fbbebd1999d4aa4078ed86aaeb36a402b00968b489
303,24.922739507526668,0.007255009470641012,0x3dee4a4e076e8d82859d241db0baf46f112cfa23,2017-10-12T13:20:45.000Z,0.0002911,0x0d6baf35b4982a7cb84ffe8eb786607d1abef2e1,sell,0xf8e386eda857484f5a12e4b5daa9984e06e73705,0x01befebbe9f7ccf0dbfe26a6d2cf30dd97297eeb08aa41684f1640ef6e9c253e
304,687.312077006084,0.20007654561647104,0x3dee4a4e076e8d82859d241db0baf46f112cfa23,2017-10-12T13:13:06.000Z,0.0002911,0x10c3406b5b684048c07fc3ecadf29a61bf6d9d89,sell,0xf8e386eda857484f5a12e4b5daa9984e06e73705,0x20fc380a36a6009a3c12446d4100f882e3a160dd783976d787cb0b023d7366fa
305,3430,1.00156,0x906c707244231642476b810f734f994289eac4d2,2017-10-12T13:09:22.000Z,0.000292,0x10c3406b5b684048c07fc3ecadf29a61bf6d9d89,sell,0xf8e386eda857484f5a12e4b5daa9984e06e73705,0xcf4bacc85339f5133b4a548863d40c1fbf870aaa7e25fecaeab2cb140a9ebd0f
306,49.845479015053336,0.01450503439338052,0x906c707244231642476b810f734f994289eac4d2,2017-10-12T11:29:52.000Z,0.00029099999999999997,0x5cb9c6a832282df6f9772de0f29a5233e0a651f0,sell,0xf8e386eda857484f5a12e4b5daa9984e06e73705,0xf4b746ed9aee08b62e5d2e5c33fb79a385cfcec361b067061b9636db3a73191e
307,93.71426770615305,0.02727085190249054,0x906c707244231642476b810f734f994289eac4d2,2017-10-12T09:22:07.000Z,0.00029099999999999997,0xc02ccbd7f3f74376c137220b4ab9e8f1c3124eb5,sell,0xf8e386eda857484f5a12e4b5daa9984e06e73705,0xd37378d1d2cca443b8b98bd66728acdbd96c5d97e8053aecfb20d0030e7ed712
308,723.8237468234875,0.21721950642172858,0x88650fdbfbb5c7933eb52008c4387050b963747d,2017-10-12T09:19:03.000Z,0.0003001,0xc02ccbd7f3f74376c137220b4ab9e8f1c3124eb5,sell,0xf8e386eda857484f5a12e4b5daa9984e06e73705,0xfba82c1a6cb14252ba67b1691ea21cfeb6cc8d3cdf2b5dd2d6d94108b0d690f2
309,72.26725555519718,0.02384819433321507,0x114349472a7d50fb081dc3e19dc3992da7abd08e,2017-10-12T08:23:19.000Z,0.00033,0x10c3406b5b684048c07fc3ecadf29a61bf6d9d89,buy,0xf8e386eda857484f5a12e4b5daa9984e06e73705,0xee5b762f7d83c2ab24210ac50502a768b829a1aa2de483722b7bd2e46f7703fc
310,276.1762531765126,0.08288049357827143,0x88650fdbfbb5c7933eb52008c4387050b963747d,2017-10-12T06:55:23.000Z,0.0003001,0x36fef8678944d9fea67ea28f23fef98098de0995,sell,0xf8e386eda857484f5a12e4b5daa9984e06e73705,0x5876574a2da39add2cc0c1b55919afab1a31050a47a89e95019e50f717c82222
311,1183.45,0.402373,0x8789e871447813be951bd69a24fd6f15a1d544b5,2017-10-12T04:18:21.000Z,0.00034,0x4068e68fea95e1da1bc69db44a54f1f676d6f31c,buy,0xf8e386eda857484f5a12e4b5daa9984e06e73705,0x985e376e4afdbae565e4e8dc2c1abb3ac489216e682c391627be4b30d4d4cc29
312,24.922739507526668,0.003763333665636526,0x9d397615d90b791d4bc088484964e04dcf130804,2017-10-12T02:30:55.000Z,0.00015099999999999996,0x9bfc3d49e4df2bceefe32c2e6ed93870205cc307,sell,0xf8e386eda857484f5a12e4b5daa9984e06e73705,0x069e7ba13f24791e5c38c38e5eb0a0aa8c826bb442897a841dca8d02ceda1522
313,10,0.0034,0x8789e871447813be951bd69a24fd6f15a1d544b5,2017-10-12T00:22:46.000Z,0.00034,0x4068e68fea95e1da1bc69db44a54f1f676d6f31c,buy,0xf8e386eda857484f5a12e4b5daa9984e06e73705,0xc246f41385d109782ad3fdd582f3163df3e85fab9c34374015937bc4332593f6
314,24.922739507526668,0.007227594457182733,0x8909e1a4f31fc2214ea6c4a917268b833b00c000,2017-10-12T00:16:01.000Z,0.00028999999999999995,0x08f616102a5c60e80907591a6cdb7360347180e5,sell,0xf8e386eda857484f5a12e4b5daa9984e06e73705,0xc2919d732f8e078ce60f3d714f51c65f93a83d2ba555e9cb90ecacf8bff53609
315,25,0.007125,0xa7f1df70df174d29e32bf783088d848d8c9e96d0,2017-10-11T22:39:41.000Z,0.000285,0x8b5da3e29e968b743a8fb00914c5053bdf750e6e,buy,0xf8e386eda857484f5a12e4b5daa9984e06e73705,0xf7a0a6a03b4ed4ec75cd1affdc779a7f2400654c33c6638d7648318bacacd69b
316,3473.083,1.00722880083,0x3dee4a4e076e8d82859d241db0baf46f112cfa23,2017-10-11T20:06:00.000Z,0.00029001,0x4068e68fea95e1da1bc69db44a54f1f676d6f31c,sell,0xf8e386eda857484f5a12e4b5daa9984e06e73705,0x6c366673b874b90fd33ea26320170157f59386c7720b20de31978ba76d0032aa
317,3450,1.0005,0x906c707244231642476b810f734f994289eac4d2,2017-10-11T20:06:00.000Z,0.00029,0x4068e68fea95e1da1bc69db44a54f1f676d6f31c,sell,0xf8e386eda857484f5a12e4b5daa9984e06e73705,0x6f715558f1876a70f7bb0b274d8388ee25643a4ae13feb038f7eddf6cfd350c9
318,1.9938191606021334,0.000578227494766224,0x3dee4a4e076e8d82859d241db0baf46f112cfa23,2017-10-11T19:37:46.000Z,0.0002900099999999996,0x43b2126e7a22e0c288dfb469e3de4d2c097f3ca0,sell,0xf8e386eda857484f5a12e4b5daa9984e06e73705,0x3e1593e19c810395617637f25c2e8db3f0957de37a9711258424fc734a2323ec
319,10,0.0035,0x8789e871447813be951bd69a24fd6f15a1d544b5,2017-10-11T18:10:45.000Z,0.00035,0x4068e68fea95e1da1bc69db44a54f1f676d6f31c,buy,0xf8e386eda857484f5a12e4b5daa9984e06e73705,0xde9bc15632c66001802b2a8737f2ac1decdad52aa9de2c16439903890ca8255a
320,24.922739507526668,0.007227843684577808,0x3dee4a4e076e8d82859d241db0baf46f112cfa23,2017-10-11T18:10:16.000Z,0.00029000999999999994,0x1af57b15f375396dab8ed0446782188849059cd4,sell,0xf8e386eda857484f5a12e4b5daa9984e06e73705,0x75376d6de2647a9cd22955bcf69ed4c5c2f5492e1e1c5e6521da97c1bc6b6708
321,1093.7364915310798,0.38280777203587796,0x263c5bb6519d9c712e7178d12e95fe7e27e870ad,2017-10-11T12:36:29.000Z,0.00035,0x4068e68fea95e1da1bc69db44a54f1f676d6f31c,buy,0xf8e386eda857484f5a12e4b5daa9984e06e73705,0x28912533c6dbcf6f3bd02e6ee6079920df8709e1a112c74cfd1aefb7bd5447bb
322,100,0.0336969,0x263c5bb6519d9c712e7178d12e95fe7e27e870ad,2017-10-11T12:34:20.000Z,0.000336969,0x27a86abf8ddcb96ce1b822eb883fd03d795de462,buy,0xf8e386eda857484f5a12e4b5daa9984e06e73705,0xf3e7cf88b4514ea248d415642dbf61b07044f34931122be307f4235322522afa
323,3,0.00105,0xbf52f67f8524587d6a7ab1f1f8d092c635b9587f,2017-10-11T09:40:35.000Z,0.00035,0x4068e68fea95e1da1bc69db44a54f1f676d6f31c,buy,0xf8e386eda857484f5a12e4b5daa9984e06e73705,0x43f3bfcdeff78d73f881669b4aa8855da8136596a211a1521c01fd550ce43f6c
324,173,0.06055,0x0fd779cd18d4330e6b12fabfc2f115b56f63bbec,2017-10-11T09:00:50.000Z,0.00035,0x4068e68fea95e1da1bc69db44a54f1f676d6f31c,buy,0xf8e386eda857484f5a12e4b5daa9984e06e73705,0x9665aa008ed4a8e3392f6b9c9aa6021ccd2b32cab5aa1555a2449208e1a217be
325,27,0.009423,0x0fd779cd18d4330e6b12fabfc2f115b56f63bbec,2017-10-11T08:50:35.000Z,0.000349,0x98d7d86a36abf430d6311d8685e9760a85b222dd,buy,0xf8e386eda857484f5a12e4b5daa9984e06e73705,0x775e3771acba01d588a8aabcdb73c2fa036aa6ddf81b1c99e1aa646d77fe98ed
326,25,0.0075,0x0fd779cd18d4330e6b12fabfc2f115b56f63bbec,2017-10-11T08:49:47.000Z,0.0003,0x834c6a2bb7ff4b457498b45af98409e710abbadb,buy,0xf8e386eda857484f5a12e4b5daa9984e06e73705,0xb8a1e3c1a117d6669d23c2283041fd2809ee76c93b80e148b5d4a89e6a8320c5
327,22.928920346924535,0.00687867610407736,0x906c707244231642476b810f734f994289eac4d2,2017-10-11T07:35:23.000Z,0.0003,0xcc20809d35d8465efcde023cb95fc092eec0e135,sell,0xf8e386eda857484f5a12e4b5daa9984e06e73705,0x95fbd4562adb5e5686a116a6e0ffdd6c9a8cdbf5cdb867e307c1b99240c8ffa9
328,10,0.0036,0x8789e871447813be951bd69a24fd6f15a1d544b5,2017-10-11T05:14:40.000Z,0.00036,0xcc20809d35d8465efcde023cb95fc092eec0e135,buy,0xf8e386eda857484f5a12e4b5daa9984e06e73705,0x70c88a4ce7e86e31f13894e6dc9d260374b665396e84449e1a85b1ac87c87446
329,1393.6795932608911,0.41810387797826737,0x906c707244231642476b810f734f994289eac4d2,2017-10-11T02:42:25.000Z,0.0003,0x4b1b13449a5e824dd40ae09685063c85ad2f926e,sell,0xf8e386eda857484f5a12e4b5daa9984e06e73705,0x960654516834d7d4d21fd890f8b7895826c5cf9acceab16b3281d04b07e1aec1
330,5,0.0018,0x8789e871447813be951bd69a24fd6f15a1d544b5,2017-10-11T01:05:44.000Z,0.00036,0x09a777ddb21e5497ba19672635ad6317b3508495,buy,0xf8e386eda857484f5a12e4b5daa9984e06e73705,0x66da2229b12cd0331ea0de9e4807c7839b90535b4519ff4d621a3878a3b1a65d
331,84.95162070169899,0.029733067245594644,0xce9f96c00a744d18e1960975146f8ac185168a40,2017-10-10T21:16:48.000Z,0.00035,0x4068e68fea95e1da1bc69db44a54f1f676d6f31c,buy,0xf8e386eda857484f5a12e4b5daa9984e06e73705,0x90a8ae6fb364b3277f2c2340aa8ad052a7583628c149a3d820321533fdc51404
332,3520,0.99968,0x906c707244231642476b810f734f994289eac4d2,2017-10-10T13:13:50.000Z,0.000284,0xa29a81fc67779c0a040fba21b302706402169290,sell,0xf8e386eda857484f5a12e4b5daa9984e06e73705,0xf1cb621b82fa0c0e69fbe68489018ac66cfbcab1794f8cbb9ccb304e52ade14d
333,3520,0.99968,0x906c707244231642476b810f734f994289eac4d2,2017-10-10T13:04:47.000Z,0.000284,0xa29a81fc67779c0a040fba21b302706402169290,sell,0xf8e386eda857484f5a12e4b5daa9984e06e73705,0x37d595868e47de65b722bb8b1dca675d301461bd9c75b9e2bba7958b86630651
334,3520,0.99968,0x906c707244231642476b810f734f994289eac4d2,2017-10-10T12:56:25.000Z,0.000284,0xa29a81fc67779c0a040fba21b302706402169290,sell,0xf8e386eda857484f5a12e4b5daa9984e06e73705,0x581bd4ca3259090c0f72e4f4983cfe8296716bc7ffb3f0065d8b8f35a2903442
335,3520,0.99968,0x906c707244231642476b810f734f994289eac4d2,2017-10-10T12:15:52.000Z,0.000284,0xa29a81fc67779c0a040fba21b302706402169290,sell,0xf8e386eda857484f5a12e4b5daa9984e06e73705,0xb93dcf1ead354cccf9e997f6fceabb112d1cccd2d04e3fd3baf44c051fd9dd06
336,4091.351,1.26831881,0x669f0ab96fd3beb68bc836bb874894bbb516331a,2017-10-10T12:02:39.000Z,0.00031,0x7e553dd612eac97478a7618b7717e35ec3a56add,buy,0xf8e386eda857484f5a12e4b5daa9984e06e73705,0x0cb8692ac0ce03adee97602bb26586a9239f2b78864fc3efee9528d5d0665c72
337,2412.10565550722,0.7477527532072382,0xf81ab81ca1a6a19cc7b69b2c7876ff6543060598,2017-10-10T11:54:34.000Z,0.00031,0x7e553dd612eac97478a7618b7717e35ec3a56add,buy,0xf8e386eda857484f5a12e4b5daa9984e06e73705,0xf97ad6ff213796cb89820aa3ff486c4bb1aaa04a39e0c65fca0e3fb4cc2118fd
338,208.52927513781148,0.05859672631372503,0x906c707244231642476b810f734f994289eac4d2,2017-10-10T11:48:29.000Z,0.000281,0x24f2f618af29c432595999eda7ea3c5f421dc0a2,sell,0xf8e386eda857484f5a12e4b5daa9984e06e73705,0x637a7ba9cf34e37bbedddb2f20c6767241e706f466f4499ff96dfa895b38e8bc
339,5000,1.55,0x956dc60c714883c17a7d0828d2178d51c5e377e1,2017-10-10T11:45:45.000Z,0.00031,0x7e553dd612eac97478a7618b7717e35ec3a56add,buy,0xf8e386eda857484f5a12e4b5daa9984e06e73705,0x2fc31460db00fd796598aded9c9cf3c6b670a4d93a80fdd12c8f01ccdcc66084
340,2283.443296149778,0.7078674218064311,0xf81ab81ca1a6a19cc7b69b2c7876ff6543060598,2017-10-10T11:37:32.000Z,0.00031,0x7e553dd612eac97478a7618b7717e35ec3a56add,buy,0xf8e386eda857484f5a12e4b5daa9984e06e73705,0x1fa35cc766bb22c8318e2f1ab784cc3b8ce6774245710bbfdb8eb3b0ab767203
341,2038.4460528260604,0.572803340844123,0x906c707244231642476b810f734f994289eac4d2,2017-10-10T11:37:21.000Z,0.000281,0x79be04cb83a36114272286146667e0f7e52e01fc,sell,0xf8e386eda857484f5a12e4b5daa9984e06e73705,0x25a387965e2ae3a61b1d69cbc5f657fcb6285d5cb6dee479ffcd9d6f54a4ab73
342,1000,0.28,0x200c227e4227c4d24bbea017e4939e7c0053bccc,2017-10-10T11:35:34.000Z,0.00028,0x79be04cb83a36114272286146667e0f7e52e01fc,sell,0xf8e386eda857484f5a12e4b5daa9984e06e73705,0x40725fe36968ddb3a70acab229318a17b99327da028c292af820a7389fdbd83f
343,171,0.04959,0x7f554de2a5da29e6b71fe8215bc25665bf3ce390,2017-10-10T11:22:27.000Z,0.00029,0x24f2f618af29c432595999eda7ea3c5f421dc0a2,sell,0xf8e386eda857484f5a12e4b5daa9984e06e73705,0x07e36967532040d19dcdd9c9c5f46dfcbb9f0f5685fe896d591950c768c6b1b0
344,617.4589073871,0.179063083142259,0x200c227e4227c4d24bbea017e4939e7c0053bccc,2017-10-10T11:21:11.000Z,0.00029,0x24f2f618af29c432595999eda7ea3c5f421dc0a2,sell,0xf8e386eda857484f5a12e4b5daa9984e06e73705,0xbca3e5d0bc9b6af3369d5272ab6d4d2db6b519f6847396d8e052d95f7e9a1074
345,10,0.0036,0x8789e871447813be951bd69a24fd6f15a1d544b5,2017-10-10T11:19:04.000Z,0.00036,0x09a777ddb21e5497ba19672635ad6317b3508495,buy,0xf8e386eda857484f5a12e4b5daa9984e06e73705,0xb5858cf89498c94433c2e6ed273696ebb07be1e8234bf94b060d249bfde04d5d
346,2067.2513053874395,0.6181081403108444,0xf81ab81ca1a6a19cc7b69b2c7876ff6543060598,2017-10-10T11:18:14.000Z,0.000299,0x79be04cb83a36114272286146667e0f7e52e01fc,buy,0xf8e386eda857484f5a12e4b5daa9984e06e73705,0xfe3529dea2c245b637850f3a56b84149b2a0f9ff08b7670b8ea4571793db01da
347,3520,0.99968,0x906c707244231642476b810f734f994289eac4d2,2017-10-10T10:33:32.000Z,0.000284,0xa29a81fc67779c0a040fba21b302706402169290,sell,0xf8e386eda857484f5a12e4b5daa9984e06e73705,0xd69b8e47bf1146f4e72dd6701c04f0dad1e6f92ff0eb3e3b1406f97129794da0
348,8.7,0.002523,0x200c227e4227c4d24bbea017e4939e7c0053bccc,2017-10-10T10:02:23.000Z,0.00029,0xea725351314704e9c636b4cb32b36a7d560f6e1c,sell,0xf8e386eda857484f5a12e4b5daa9984e06e73705,0x92ea06f43a010f8893cfeb4ff8457a1f553005854fe5171ff4528eee04ac8725
349,8.002789362473333,0.002332813099160976,0x5d5065b42bdee0274e394ba9042c21e1818c69cf,2017-10-10T09:56:35.000Z,0.00029149999999999993,0xea725351314704e9c636b4cb32b36a7d560f6e1c,sell,0xf8e386eda857484f5a12e4b5daa9984e06e73705,0xff47d48eaff7b08d08e2eb6909ef1049bf64bee671bf82cbae531a89a37c1005
350,8.196947313320871,0.002411141068855378,0x8cbd8790c7d3632c0f8e9a2134d87dfdaee256fc,2017-10-10T09:55:56.000Z,0.00029415109999999985,0xea725351314704e9c636b4cb32b36a7d560f6e1c,sell,0xf8e386eda857484f5a12e4b5daa9984e06e73705,0x5394011d9de54939d266cfe74448a2fed1017c1b1db52712c1d4dbab8d561d0b
351,0.037,0.0000108835907,0x8cbd8790c7d3632c0f8e9a2134d87dfdaee256fc,2017-10-10T08:44:38.000Z,0.0002941511,0x6c045098b411eae976a0c460cb67c9057a365920,sell,0xf8e386eda857484f5a12e4b5daa9984e06e73705,0x782542cb12fb49f710942953cca782ef99ff9ca6e1ca3afe31676abef7c6b1c9
352,3520,0.99968,0x906c707244231642476b810f734f994289eac4d2,2017-10-10T08:43:59.000Z,0.000284,0xa29a81fc67779c0a040fba21b302706402169290,sell,0xf8e386eda857484f5a12e4b5daa9984e06e73705,0x66960456825b0b32c4a7aa4ed782d89680f1399e7338a700673bd1617d932e49
353,373.8410926129,0.108413916857741,0x200c227e4227c4d24bbea017e4939e7c0053bccc,2017-10-10T08:34:18.000Z,0.00029,0x6c045098b411eae976a0c460cb67c9057a365920,sell,0xf8e386eda857484f5a12e4b5daa9984e06e73705,0x2a6b161052738401a0acb901f78c16bebbedd00a80d2adc93587bf72cc8edc79
354,3520,0.99968,0x906c707244231642476b810f734f994289eac4d2,2017-10-10T08:11:18.000Z,0.000284,0xa29a81fc67779c0a040fba21b302706402169290,sell,0xf8e386eda857484f5a12e4b5daa9984e06e73705,0x6ac7b5a24164911625bb385a414c787f930c238e654d1cca3887fe1036180253
355,3520,0.99968,0x906c707244231642476b810f734f994289eac4d2,2017-10-10T08:09:10.000Z,0.000284,0xa29a81fc67779c0a040fba21b302706402169290,sell,0xf8e386eda857484f5a12e4b5daa9984e06e73705,0x4392275ff8d406f860b130def2f81bfea9789ae872593cd617d83661d55f17ce
356,10,0.0036,0x8789e871447813be951bd69a24fd6f15a1d544b5,2017-10-10T08:01:02.000Z,0.00036,0x09a777ddb21e5497ba19672635ad6317b3508495,buy,0xf8e386eda857484f5a12e4b5daa9984e06e73705,0xa604efc0d6d6c153e684888e00d6f146cc85c3f73feb396a77ca15d34f12d3ee
357,25,0.008,0x79be04cb83a36114272286146667e0f7e52e01fc,2017-10-10T07:14:36.000Z,0.00032,0x0e6c84212cdaaaf11932361f00ad8fa83b51db17,buy,0xf8e386eda857484f5a12e4b5daa9984e06e73705,0x5d42f415f671b0052b811b4d3c837667de7f208ddfdf67c1ca6cff498db3bff7
358,490,0.1548351,0x79be04cb83a36114272286146667e0f7e52e01fc,2017-10-10T07:12:33.000Z,0.00031599,0x8923ba8200ff143843766cb299423d94f2e9e98d,buy,0xf8e386eda857484f5a12e4b5daa9984e06e73705,0xecb5296cc98cc196a8f1dd20fd6e5d62234c80c644baa1b6514428319fdb86bd
359,4600,1.2926,0x79be04cb83a36114272286146667e0f7e52e01fc,2017-10-10T07:08:25.000Z,0.000281,0xa29a81fc67779c0a040fba21b302706402169290,sell,0xf8e386eda857484f5a12e4b5daa9984e06e73705,0xbe8f072e8db3bc7e3a2274eb63ed263435b29f68db3e1a954acd49352ec062d5
360,3520,0.99968,0x906c707244231642476b810f734f994289eac4d2,2017-10-10T07:01:05.000Z,0.000284,0xa29a81fc67779c0a040fba21b302706402169290,sell,0xf8e386eda857484f5a12e4b5daa9984e06e73705,0x036d5e0b348902d57f35e50c3295fe35dee26f10ad6dedef1468c98268211db7
361,10,0.0031599,0x8789e871447813be951bd69a24fd6f15a1d544b5,2017-10-10T06:34:29.000Z,0.00031599,0x8923ba8200ff143843766cb299423d94f2e9e98d,buy,0xf8e386eda857484f5a12e4b5daa9984e06e73705,0xb0f80387d7ddc3bb34159a188e1a8c48b64166a7a1239f1384b9a01d88991dba
362,3520,0.99968,0x906c707244231642476b810f734f994289eac4d2,2017-10-10T05:45:18.000Z,0.000284,0xa29a81fc67779c0a040fba21b302706402169290,sell,0xf8e386eda857484f5a12e4b5daa9984e06e73705,0x74a5ce40cdb3a818d87c0c20b5aa8fde47bfd5ede8d6b8300bc9647b5686597b
363,5001,1.640328,0x19fff3b449a3a58a48c7f1d838761f5721401d26,2017-10-10T03:59:36.000Z,0.000328,0x79be04cb83a36114272286146667e0f7e52e01fc,buy,0xf8e386eda857484f5a12e4b5daa9984e06e73705,0xc1fa8a8be6bc76d3a0958cbd9d36ec2eb9ff0ed45d3f11d63eb2900d0bd716d5
364,4990,1.397699,0x79be04cb83a36114272286146667e0f7e52e01fc,2017-10-10T01:49:27.000Z,0.0002801,0xa29a81fc67779c0a040fba21b302706402169290,sell,0xf8e386eda857484f5a12e4b5daa9984e06e73705,0x1c971351955e30a4773c5a02f1c744e1e7591e1c4ece0a9ffcdee2a632b46c7e
365,4872.435630909247,1.6030313225691424,0x2249189fb2eea9d8449196c09cc171a8cf3bac88,2017-10-10T01:20:22.000Z,0.000329,0x79be04cb83a36114272286146667e0f7e52e01fc,buy,0xf8e386eda857484f5a12e4b5daa9984e06e73705,0x53e2429d72fa80284c3e884c993e292be223198f2d4dd3493543181a79ac6fc4
366,713.986641411624,0.24275545807995214,0xf81ab81ca1a6a19cc7b69b2c7876ff6543060598,2017-10-09T21:49:28.000Z,0.00034,0x79be04cb83a36114272286146667e0f7e52e01fc,buy,0xf8e386eda857484f5a12e4b5daa9984e06e73705,0x8a255890e520174900c1a5cfe555b071d02953291558ccb25432582983137003
367,435.76158353833273,0.15251699,0xefaa9e5a331ad704ae0a372f440e9f9c1344d394,2017-10-09T21:40:33.000Z,0.000350001,0x79be04cb83a36114272286146667e0f7e52e01fc,sell,0xf8e386eda857484f5a12e4b5daa9984e06e73705,0xf69481e7f3d29563ae92f12f2c5284e9f1f589b635a04f16812b566d7e3a48a7
368,960,0.336,0xefaa9e5a331ad704ae0a372f440e9f9c1344d394,2017-10-09T20:49:26.000Z,0.00035,0x79be04cb83a36114272286146667e0f7e52e01fc,buy,0xf8e386eda857484f5a12e4b5daa9984e06e73705,0x89e7b915c206dec5203e2777f86ac66971a6f5dafb009e5eea4868f78921eb12
