,amount,amountBase,buyer,date,price,seller,side,tokenAddr,txHash
0,9786.841719,0.019573683438,0xd237b2548226e703974390d86c6fb79d1f6025d9,2017-11-01T19:52:36.000Z,0.000002,0x9316a1d5856e872908311a4f9cf3ec86955aee13,sell,0x1245de75147f5cd80a2826e7ff935f7aeefb6016,0x86e72218fc07ad08945b37da313183b0a781f496f160e6467fade7244b396385
1,50213.158281,0.100426316562,0xd237b2548226e703974390d86c6fb79d1f6025d9,2017-11-01T19:42:04.000Z,0.000002,0x94d845ee4a1f5c86b6194e37bc3f9956234fa206,sell,0x1245de75147f5cd80a2826e7ff935f7aeefb6016,0xd6edc5c5763f7bcd6145d5947ec4746f32af2e0bf9bf878e14f87c53a2ca5d29
2,9849.466653,0.029558249425653,0xaf711adb6b0699ef56d92d689c344a62858677f5,2017-10-31T15:58:23.000Z,0.000003001,0x8f1448ec7c3d149e1801095e3cd1fc97acad992c,sell,0x1245de75147f5cd80a2826e7ff935f7aeefb6016,0x50c36fb3da16f681528ffde6096d4ed008ece1e4d403b9ecb24786cb2f192d10
3,16.535,0.00349989731,0x18d75ed5cdd83c97a5d7d318435c2ad017d0c42e,2017-10-30T20:54:48.000Z,0.000211666,0x97c5c53f8acac416f87a884f6f923ae063ebaacd,sell,0x1245de75147f5cd80a2826e7ff935f7aeefb6016,0xc25ca0ec4fc0a3b1c329fda098db6f9e86077c2484fd4028a40abd9c80a5fc2b
4,34.748212,0.000277985696000001,0xc9d56287b414e1aa0963016aa721b527f095fd9c,2017-10-30T20:27:54.000Z,0.00000800000000000002,0x97bb447b8b9c6e8fc625d50e4ad6780dbe54dea9,buy,0x1245de75147f5cd80a2826e7ff935f7aeefb6016,0xbd8352be12910dd7c7d526e06e83fd383468f2a01eeb01c4ad08c26332734855
5,34.64428,0.00733301617048,0x18d75ed5cdd83c97a5d7d318435c2ad017d0c42e,2017-10-30T20:27:54.000Z,0.000211666,0xc9d56287b414e1aa0963016aa721b527f095fd9c,sell,0x1245de75147f5cd80a2826e7ff935f7aeefb6016,0xbd8352be12910dd7c7d526e06e83fd383468f2a01eeb01c4ad08c26332734855
6,254.223367,0.000763178547734,0x94d845ee4a1f5c86b6194e37bc3f9956234fa206,2017-10-30T18:59:42.000Z,0.000003002,0x29bf0b78ff772c92ac8fd416e615973a716c9854,sell,0x1245de75147f5cd80a2826e7ff935f7aeefb6016,0x6aa7c93c694f19f258e17d566ccbbe2da86f70c5e467a96017f3a4945eee576c
7,50114.595705,0.15044401630641,0x94d845ee4a1f5c86b6194e37bc3f9956234fa206,2017-10-30T18:47:56.000Z,0.000003002,0x29bf0b78ff772c92ac8fd416e615973a716c9854,sell,0x1245de75147f5cd80a2826e7ff935f7aeefb6016,0x17e424e4e3feb3583ec25e78f3958dd5240678034d66078f4cea433926332a0c
8,20000,0.1,0x9316a1d5856e872908311a4f9cf3ec86955aee13,2017-10-30T18:45:59.000Z,0.000005,0x29bf0b78ff772c92ac8fd416e615973a716c9854,sell,0x1245de75147f5cd80a2826e7ff935f7aeefb6016,0xbc8cd8e4e294bd0ac552891522cb56a6a55029d0b040ea188944500bee56f29c
9,2000,0.01,0xd6818884c14cf6cb08c2e8705c52305ff7c547b0,2017-10-30T09:35:21.000Z,0.000005,0x29bf0b78ff772c92ac8fd416e615973a716c9854,sell,0x1245de75147f5cd80a2826e7ff935f7aeefb6016,0x765c9b419f356cf4346a531921b4329435470b4cb30cb6b0101554f1d7fae2bd
10,2000,0.010002,0x97c5c53f8acac416f87a884f6f923ae063ebaacd,2017-10-30T09:34:16.000Z,0.000005001,0x29bf0b78ff772c92ac8fd416e615973a716c9854,sell,0x1245de75147f5cd80a2826e7ff935f7aeefb6016,0xf97e381844b28ae08382e30bca0eadb6b168adc94e8a5becd13424d85c353cf8
11,20000,0.1004,0xd237b2548226e703974390d86c6fb79d1f6025d9,2017-10-30T09:33:23.000Z,0.00000502,0x29bf0b78ff772c92ac8fd416e615973a716c9854,sell,0x1245de75147f5cd80a2826e7ff935f7aeefb6016,0x075f0054bf1d4ec5f301b0cde3c0a284cb706a2fccd532b2d81d8e5f1e9e2982
12,199.746586,0.001597972691892696,0x3d2ddd55c3a0c42b0dff3e5c654c760f65d663e3,2017-10-29T23:49:12.000Z,0.00000800000001948817,0x97bb447b8b9c6e8fc625d50e4ad6780dbe54dea9,buy,0x1245de75147f5cd80a2826e7ff935f7aeefb6016,0x9e3b29e4279955d871a1f6244a6c450e85aecfaa4939f4018694701168b64c6c
13,98.073,0.02059533,0xffe9735ecee5a3b9d043c09d4d2c5ee1df08473b,2017-10-29T22:02:21.000Z,0.00021,0x29bf0b78ff772c92ac8fd416e615973a716c9854,sell,0x1245de75147f5cd80a2826e7ff935f7aeefb6016,0x0b415eec15c3cc5853160e19c98cdf1557d1cd1c9ff3631d087f10de95aa24a3
14,13.235,0.00280139951,0x18d75ed5cdd83c97a5d7d318435c2ad017d0c42e,2017-10-29T21:59:56.000Z,0.000211666,0x29bf0b78ff772c92ac8fd416e615973a716c9854,sell,0x1245de75147f5cd80a2826e7ff935f7aeefb6016,0x99af5f38db72e6f2f421c06454d578d6881dadd1ca6d1503c7fd3c1d4d53eb3b
15,200,0.0421332002,0xffe9735ecee5a3b9d043c09d4d2c5ee1df08473b,2017-10-29T21:58:35.000Z,0.000210666001,0x29bf0b78ff772c92ac8fd416e615973a716c9854,sell,0x1245de75147f5cd80a2826e7ff935f7aeefb6016,0xf32e7c9a9472ac406f9be02573ad8384e09b6bbc93ded2ac8104f31f64ce87b1
16,150,0.0375,0x18d75ed5cdd83c97a5d7d318435c2ad017d0c42e,2017-10-29T21:58:07.000Z,0.00025,0x29bf0b78ff772c92ac8fd416e615973a716c9854,sell,0x1245de75147f5cd80a2826e7ff935f7aeefb6016,0x8fafd04b9b13f74fb9c57969b7cd373939c2e4b87d9fe71ef57af5efc9df0f3f
17,120,0.03024,0x16ba478e043497620b646b5eb0c63323006b4ad3,2017-10-29T21:58:07.000Z,0.000252,0x29bf0b78ff772c92ac8fd416e615973a716c9854,sell,0x1245de75147f5cd80a2826e7ff935f7aeefb6016,0xb82d799479b06ccb9b7a31f5bbfe27529d7d47d5b0ef61e14e0a6e6adfaa60dc
18,750.772605,0.17417924436,0x8f1448ec7c3d149e1801095e3cd1fc97acad992c,2017-10-29T21:56:44.000Z,0.000232,0x29bf0b78ff772c92ac8fd416e615973a716c9854,sell,0x1245de75147f5cd80a2826e7ff935f7aeefb6016,0xa1770b96c6f0ad985f2f00053d7479a40c2ca63971de072ab2716423fbe733dd
19,99.888784,0.0250720947728784,0x00ac8a2bf7d97b363667aae3995192abada3c471,2017-10-29T21:56:44.000Z,0.0002510001,0x29bf0b78ff772c92ac8fd416e615973a716c9854,sell,0x1245de75147f5cd80a2826e7ff935f7aeefb6016,0x1dcd45dd1f899f82625076279e5af82035f55a9a2c7f2047dbac74e2b6a3141c
20,500,0.1165,0xcddb14d18ef1369cf43b9fcffcd4c44e2e0d000a,2017-10-29T21:54:11.000Z,0.000233,0x29bf0b78ff772c92ac8fd416e615973a716c9854,sell,0x1245de75147f5cd80a2826e7ff935f7aeefb6016,0x5b7835f779b107f4c9c08899294e13a58d701aeec4600d16eb8f200b4c07b7d8
21,750,0.18825,0x16ba478e043497620b646b5eb0c63323006b4ad3,2017-10-29T21:53:49.000Z,0.000251,0x29bf0b78ff772c92ac8fd416e615973a716c9854,sell,0x1245de75147f5cd80a2826e7ff935f7aeefb6016,0x376f3f7da160e54e40da443b3c36a0a3dbeaa831e8e5efcba6b6b292ec30b09d
22,1000,0.22,0xffe9735ecee5a3b9d043c09d4d2c5ee1df08473b,2017-10-29T21:53:23.000Z,0.00022,0x29bf0b78ff772c92ac8fd416e615973a716c9854,sell,0x1245de75147f5cd80a2826e7ff935f7aeefb6016,0x6e3a8f822f7d629ea2392d493b52abf5ffa17c14955e9412f30e62486caba6f7
23,100,0.026,0xe5437ef3a1816c19c11bd2d842f4626b2978ec46,2017-10-29T21:52:40.000Z,0.00026,0x29bf0b78ff772c92ac8fd416e615973a716c9854,sell,0x1245de75147f5cd80a2826e7ff935f7aeefb6016,0x076e09212ca240b23e62504267df504cb4f588f7c64aff90a18af7448c2ac171
24,750,0.195000075,0x00ac8a2bf7d97b363667aae3995192abada3c471,2017-10-29T21:52:40.000Z,0.0002600001,0x29bf0b78ff772c92ac8fd416e615973a716c9854,sell,0x1245de75147f5cd80a2826e7ff935f7aeefb6016,0xa3164a07546875e788acbe0fa11eb22675bd2e42783f138fa8210f874366366d
25,3500,0.805,0x8f1448ec7c3d149e1801095e3cd1fc97acad992c,2017-10-29T21:51:21.000Z,0.00023,0x29bf0b78ff772c92ac8fd416e615973a716c9854,sell,0x1245de75147f5cd80a2826e7ff935f7aeefb6016,0x0bb9f51243f7140d3293d00ec76f75a639ab4fbd0d17787dbb259edacd271004
26,249.227395,0.05782075564,0x8f1448ec7c3d149e1801095e3cd1fc97acad992c,2017-10-29T20:22:40.000Z,0.000232,0x18f02ccfb1d6ebee436b0881403d4d4eed2651ce,sell,0x1245de75147f5cd80a2826e7ff935f7aeefb6016,0xc0d14a49223de9ab09bb43a2615cab805fb3c858bc34af53bfa7a3549b548a56
27,155,0.1116,0x16ba478e043497620b646b5eb0c63323006b4ad3,2017-10-29T20:00:30.000Z,0.00072,0xf81b3beedd011a715cacb3724873ddcc3053f6ef,sell,0x1245de75147f5cd80a2826e7ff935f7aeefb6016,0x1182aa9b3a14eeb61f59abdb56b05aaaf60f6f4b4fee359b52e0af6ef75d18be
28,6500,1.43,0x68015ed84b7396967ff9b73dee09223a71c25a3a,2017-10-29T19:27:26.000Z,0.00022,0x29bf0b78ff772c92ac8fd416e615973a716c9854,sell,0x1245de75147f5cd80a2826e7ff935f7aeefb6016,0x814a15d30d55176161d2d3e2808b4cc5ac708b53499e7afdce697b0febbb5f6d
29,33.028317,0.023780388794736318,0x16ba478e043497620b646b5eb0c63323006b4ad3,2017-10-29T19:26:43.000Z,0.0007200000167957791,0x92aa1c3176b932591922954e6308431d5c66bc3d,buy,0x1245de75147f5cd80a2826e7ff935f7aeefb6016,0xe06d879dc5f573b006d904c71e6d666d837f5a4936ea685d08daa43efe998ea4
30,200,0.044,0xffe9735ecee5a3b9d043c09d4d2c5ee1df08473b,2017-10-29T19:16:32.000Z,0.00022,0x29bf0b78ff772c92ac8fd416e615973a716c9854,sell,0x1245de75147f5cd80a2826e7ff935f7aeefb6016,0xdc4e694c6721ea6269e8c1ceb464c6e439279320b90ebd33f394d787bf06967b
31,830,0.1743,0x8f1448ec7c3d149e1801095e3cd1fc97acad992c,2017-10-29T19:10:44.000Z,0.00021,0x29bf0b78ff772c92ac8fd416e615973a716c9854,sell,0x1245de75147f5cd80a2826e7ff935f7aeefb6016,0xe024f3d970743b4488ff06a6e79e16cf36d17308dff6df019bc78f44989e037b
32,3500,0.77,0x68015ed84b7396967ff9b73dee09223a71c25a3a,2017-10-29T18:52:44.000Z,0.00022,0x29bf0b78ff772c92ac8fd416e615973a716c9854,sell,0x1245de75147f5cd80a2826e7ff935f7aeefb6016,0xaec6e38cc8666ea6c7accde625aada677186b0a255707c9403864eecba2c57f8
33,101.926584,0.02140458264,0xffe9735ecee5a3b9d043c09d4d2c5ee1df08473b,2017-10-29T17:41:45.000Z,0.00021,0x29bf0b78ff772c92ac8fd416e615973a716c9854,sell,0x1245de75147f5cd80a2826e7ff935f7aeefb6016,0x41e0bca5fd3ade624e78a8e75930cd97af2cc97200517ace27cf442aebe6cda2
34,750.74776,0.3153140592,0x8f1448ec7c3d149e1801095e3cd1fc97acad992c,2017-10-29T17:41:29.000Z,0.00042,0x29bf0b78ff772c92ac8fd416e615973a716c9854,sell,0x1245de75147f5cd80a2826e7ff935f7aeefb6016,0xd58d87d8d58015ef07b247c6af5226a0bd9cc66e6b0ff1669df113450c8386e9
35,181,0.07421,0x1ef1ed5304c5eb5022f827787e60ef7bebffb212,2017-10-29T17:41:29.000Z,0.00041,0x29bf0b78ff772c92ac8fd416e615973a716c9854,sell,0x1245de75147f5cd80a2826e7ff935f7aeefb6016,0x3e45adea97906afdc40b7a9c73e226d68447722f7efec7f0f534f2439de413a7
36,0.024845,0.0000104349,0x8f1448ec7c3d149e1801095e3cd1fc97acad992c,2017-10-29T17:31:41.000Z,0.00042,0x2440cb52f4cbb73952be1eeb3fa3488cb2ca3e9f,sell,0x1245de75147f5cd80a2826e7ff935f7aeefb6016,0xc194dae90d595a6cd3c42d5bc2ff36e8d2f5cfd378468e71a4ed6973272cdf06
37,249.227395,0.1046755059,0x8f1448ec7c3d149e1801095e3cd1fc97acad992c,2017-10-29T17:30:31.000Z,0.00042,0x2440cb52f4cbb73952be1eeb3fa3488cb2ca3e9f,sell,0x1245de75147f5cd80a2826e7ff935f7aeefb6016,0x89ad4e917a0a454707c54f58859733134439b00ba05f56ab8708e4932b40329e
38,250,0.18,0x8f1448ec7c3d149e1801095e3cd1fc97acad992c,2017-10-29T16:52:42.000Z,0.00072,0x550a62a93191f9fee41eba8ac0d28e191a5c9fcf,buy,0x1245de75147f5cd80a2826e7ff935f7aeefb6016,0x9a23adb1a62ffd5d7ecf1a59202617e6428d79f33038c980ab36e8dcb59644f6
39,215.311,0.15502392,0x243d25fa46782c9bcd20f306894f6774e095cfc5,2017-10-29T16:04:13.000Z,0.00072,0x07a5b48fbba6b2e0849609bd64b6c2ebdd21eafe,buy,0x1245de75147f5cd80a2826e7ff935f7aeefb6016,0x4cd39b608f4ec8a1ae7e75771ee053d803cc47c314d5c913563569af9bd7ffea
40,100,0.041,0x1ef1ed5304c5eb5022f827787e60ef7bebffb212,2017-10-29T15:18:39.000Z,0.00041,0x24c4e918a0cff62faff4a39e75968d4a58bab227,sell,0x1245de75147f5cd80a2826e7ff935f7aeefb6016,0x4f5120f14f6ecd6194e209a8209f6e16e8b4a5d5e9beace80c7f49ee574ce2d8
41,79,0.03239,0x1ef1ed5304c5eb5022f827787e60ef7bebffb212,2017-10-29T13:05:58.000Z,0.00041,0x24c4e918a0cff62faff4a39e75968d4a58bab227,sell,0x1245de75147f5cd80a2826e7ff935f7aeefb6016,0xf4dc7a78053b7437e17aea6228a4911d5ee612dfcec539e35859b443e0ebc9ec
42,40,0.0164,0x1ef1ed5304c5eb5022f827787e60ef7bebffb212,2017-10-29T11:23:07.000Z,0.00041,0x24c4e918a0cff62faff4a39e75968d4a58bab227,sell,0x1245de75147f5cd80a2826e7ff935f7aeefb6016,0x604dacbea9575707808eeb9ca15b37e42b457233665a2de995db92a2da591f67
43,34.68851,0.024975727275692965,0xbb99248a99566f835526be70cfbd07476a0b1b29,2017-10-29T08:35:48.000Z,0.000720000002182076,0x07a5b48fbba6b2e0849609bd64b6c2ebdd21eafe,buy,0x1245de75147f5cd80a2826e7ff935f7aeefb6016,0xb810aaf019bbeeac9eb51001339105cf8735351a2c1090ba0bae0e3adec41c64
44,0.024845,0.000009938,0x4767a566ade759265d940462fd315f9022114324,2017-10-29T05:51:49.000Z,0.0004,0x66e219f485d32691d9c8a2cfdab34676bbd4fa93,sell,0x1245de75147f5cd80a2826e7ff935f7aeefb6016,0x90903a9c3f7b425a12cdafc1e368bfc11ccd0bc6047d78092d0a7aead5b4231a
45,337.14764,0.20498576512810288,0xcbaae569d9ecbd35ff827e314dc79973f0b35b4d,2017-10-29T01:43:27.000Z,0.0006080000000240337,0x4767a566ade759265d940462fd315f9022114324,buy,0x1245de75147f5cd80a2826e7ff935f7aeefb6016,0x543f4e83501c11cc67b8161091e588f1ba4131460a05cf168fa0d423de834d67
46,3000,1.824,0x8f1448ec7c3d149e1801095e3cd1fc97acad992c,2017-10-29T00:05:35.000Z,0.000608,0x4767a566ade759265d940462fd315f9022114324,buy,0x1245de75147f5cd80a2826e7ff935f7aeefb6016,0x5aa536703c55ec03a8a7655215eb05ce1938e958e78d9e8add47b9a5e3d05fdd
47,50,0.0295,0x8f1448ec7c3d149e1801095e3cd1fc97acad992c,2017-10-29T00:03:35.000Z,0.00059,0xedf96d80281019a6735968316c57bcc3a271abc5,buy,0x1245de75147f5cd80a2826e7ff935f7aeefb6016,0x6fbaef558c2ab1b645ff0db59ada68e4ca765b1e485ae936f32946258eed8cd5
48,250,0.125,0x8f1448ec7c3d149e1801095e3cd1fc97acad992c,2017-10-29T00:03:35.000Z,0.0005,0xe092544d354d07965dff1b2ce4cd5e81ba0b83da,buy,0x1245de75147f5cd80a2826e7ff935f7aeefb6016,0x19344e1968e0e999b87ab1152785d2faca5c1846a27f037e8932d09928e563e8
49,250,0.125,0x243d25fa46782c9bcd20f306894f6774e095cfc5,2017-10-28T23:12:22.000Z,0.0005,0xbbe18dfd758ffb3a2acbcbb215e351e59176f63e,buy,0x1245de75147f5cd80a2826e7ff935f7aeefb6016,0xc48fbb449c9a2bf21a2a8710097f185a563f11828f6c06643ae03cd9116e1ed2
50,250,0.12475,0x243d25fa46782c9bcd20f306894f6774e095cfc5,2017-10-28T23:12:22.000Z,0.000499,0xcdb00838bc5c1f3b939840cfcbbf03b7fba0dadb,buy,0x1245de75147f5cd80a2826e7ff935f7aeefb6016,0xd7baab74caa4a89662c4998c6dbf6dc24848ba4b9a4bb2b88f5ac52c894c0189
51,359,0.1791051,0x243d25fa46782c9bcd20f306894f6774e095cfc5,2017-10-28T23:12:13.000Z,0.0004989,0xd6818884c14cf6cb08c2e8705c52305ff7c547b0,buy,0x1245de75147f5cd80a2826e7ff935f7aeefb6016,0x3012c763144e87ad7047c0f5c57fc4abc3b7475e6f6860339da9e5fd048ccfb6
52,250,0.1125,0x243d25fa46782c9bcd20f306894f6774e095cfc5,2017-10-28T23:12:13.000Z,0.00045,0xf6081ac9c1bec3513d4545c17034b1353230f8b0,buy,0x1245de75147f5cd80a2826e7ff935f7aeefb6016,0xdbe06c41b6326826eee6871a195f1b560ac24d583446e5236e4084d89c1568d4
53,250,0.112499975,0x8f1448ec7c3d149e1801095e3cd1fc97acad992c,2017-10-28T17:42:55.000Z,0.0004499999,0xaf16c600c47670445026aae2da88ac706e20818d,buy,0x1245de75147f5cd80a2826e7ff935f7aeefb6016,0x2b8993e1fe1130e6b63370e2808928e92a559137680e9893466f75c76b59373c
54,250,0.112499975,0x8f1448ec7c3d149e1801095e3cd1fc97acad992c,2017-10-28T17:42:55.000Z,0.0004499999,0x1ef5e9a3099f483c66874756ddf65be26bc0ef33,buy,0x1245de75147f5cd80a2826e7ff935f7aeefb6016,0x095ac03293cf3ca85390c700aee24730da2da771f9f8db0bfbc8f1e1a83ae126
55,250,0.1,0x8f1448ec7c3d149e1801095e3cd1fc97acad992c,2017-10-28T17:42:33.000Z,0.0004,0x104b8743d50f914ec83648eea2b6b87339fac8a2,buy,0x1245de75147f5cd80a2826e7ff935f7aeefb6016,0xbcfa72928c8e6a3be1d675bc38c0bafe55a77e0513875c6ec4650809b1a114e9
56,325,0.113749675,0xbb99248a99566f835526be70cfbd07476a0b1b29,2017-10-28T17:08:49.000Z,0.000349999,0xb518b80e7b53b78bf5c43cc10aeacd91a303766b,buy,0x1245de75147f5cd80a2826e7ff935f7aeefb6016,0x254510f32a983c4fc322dc5f8a5167b23a42e17edfb5ae9d767bdc50c4b8d8cf
57,329,0.114821,0x8f1448ec7c3d149e1801095e3cd1fc97acad992c,2017-10-28T17:00:32.000Z,0.000349,0x7adc947493b5933e209385a9aff9e4082decf10d,buy,0x1245de75147f5cd80a2826e7ff935f7aeefb6016,0x245f84d5085f061e663ca713fe31425f29f08b004e544e0c65c08de9b57291d5
58,526.011,0.18410385,0x8f1448ec7c3d149e1801095e3cd1fc97acad992c,2017-10-28T16:59:27.000Z,0.00035,0x7c17326ef8d803b1191a27ba830f5b2d8cdca869,buy,0x1245de75147f5cd80a2826e7ff935f7aeefb6016,0x967164c416adb856cffde6c8b10294a48b462bfea9f197ad02b4c4899bcd07e6
59,398.769242,0.07576615598,0x243d25fa46782c9bcd20f306894f6774e095cfc5,2017-10-28T14:12:07.000Z,0.00019,0x975ea36be13fd6a5d46395e93b0f17ab0c8e3469,sell,0x1245de75147f5cd80a2826e7ff935f7aeefb6016,0x3dedcdd12acdc2f6c4d1c83418472a1b637fb62fbcc12f1551a6addc9390368d
60,250,0.06675,0x29bf0b78ff772c92ac8fd416e615973a716c9854,2017-10-28T13:33:15.000Z,0.000267,0x90cd663bc29c6e1756588168ab22cce84823598d,buy,0x1245de75147f5cd80a2826e7ff935f7aeefb6016,0xc417c373f994950c1c2b23f3e6f43c6a193b149150771689a21e26ac90a44f78
61,250,0.075,0x243d25fa46782c9bcd20f306894f6774e095cfc5,2017-10-28T10:45:27.000Z,0.0003,0xb5e5495b25d654f1916bf5cedc8bb6550ebc0e59,buy,0x1245de75147f5cd80a2826e7ff935f7aeefb6016,0xa8fb209d4965966d15e4f60b8031ef9209d476ad7b9ce8b55ca7512d52f6e1c3
62,13888.919878,4.861121957506779,0x7bbaa958719c8f86939aaa5e480716b1648af924,2017-10-28T10:05:28.000Z,0.00035000000001488804,0x7c17326ef8d803b1191a27ba830f5b2d8cdca869,buy,0x1245de75147f5cd80a2826e7ff935f7aeefb6016,0x36857cd0267279194cc570f84bb75396350982562aa0f309a1df8883033043da
63,100,0.038,0x3d2ddd55c3a0c42b0dff3e5c654c760f65d663e3,2017-10-28T02:03:24.000Z,0.00038,0xffe9735ecee5a3b9d043c09d4d2c5ee1df08473b,buy,0x1245de75147f5cd80a2826e7ff935f7aeefb6016,0x781a7905390a6287b62abd47baaba92e9054e6809e75bef69095adee0de18e65
64,810.798989,0.3194548020055773,0xee8a389281f18c33c6c52ed3ec407529dfc08b27,2017-10-28T01:22:49.000Z,0.00039400000041881807,0xd62fac74b4030b6eb3cc1b0810a705c4dc8534a6,buy,0x1245de75147f5cd80a2826e7ff935f7aeefb6016,0xee11702ac50fe6e68727d2ff7dd88e79db0965230df7c99e6527e5ad26613704
65,139.490579,0.023852889009,0x94d845ee4a1f5c86b6194e37bc3f9956234fa206,2017-10-27T18:19:20.000Z,0.000171,0x80b283dc9a8a2219781475288fa9d50337c5a061,sell,0x1245de75147f5cd80a2826e7ff935f7aeefb6016,0xecd4377255d2a31a1e2a0412acc618ba532a0a2a8cf34372ff89fdb81dc3af6f
66,359,0.06462,0xd6818884c14cf6cb08c2e8705c52305ff7c547b0,2017-10-27T18:17:23.000Z,0.00018,0x80b283dc9a8a2219781475288fa9d50337c5a061,sell,0x1245de75147f5cd80a2826e7ff935f7aeefb6016,0xab6a658ed093b3291c81f24c31d7effa3e6368a840f1bd1ae6a3125e0ea29f8f
67,135,0.0567,0xee8a389281f18c33c6c52ed3ec407529dfc08b27,2017-10-27T17:31:57.000Z,0.00042,0x3d2ddd55c3a0c42b0dff3e5c654c760f65d663e3,buy,0x1245de75147f5cd80a2826e7ff935f7aeefb6016,0xaeb1dcc8cbd8f6c8a28bb411eb9b40df2cda0de4e3b9ec6ee98f6dc5abc2281e
68,9,0.00207,0xa02b35982ce4b3ac8dec63160f45b6b040188b8d,2017-10-27T17:10:34.000Z,0.00023,0x94d845ee4a1f5c86b6194e37bc3f9956234fa206,sell,0x1245de75147f5cd80a2826e7ff935f7aeefb6016,0xb01b7ae0c4e7001b25d1c4f84bdc7d7b2cfa315c0eeab6092b7dd02c9a04d774
69,249.227395,0.04187020236,0x94d845ee4a1f5c86b6194e37bc3f9956234fa206,2017-10-27T16:52:45.000Z,0.000168,0x5351ed65ea96588e2c55caf4abfd10fe3548540e,sell,0x1245de75147f5cd80a2826e7ff935f7aeefb6016,0xdfaa382b0d966358d3305b1da4cd34f6f064202167d558c2da7fe0566a839bb9
70,249.227395,0.04187020236,0x94d845ee4a1f5c86b6194e37bc3f9956234fa206,2017-10-27T15:50:10.000Z,0.000168,0x5d3c2a23df34c670ea959025f18016b2566f9639,sell,0x1245de75147f5cd80a2826e7ff935f7aeefb6016,0xfecb5a47c2b10fe39afb0813319be1b3af5369d4442b58ed91f98cd8b44edc32
71,141,0.03243,0xa02b35982ce4b3ac8dec63160f45b6b040188b8d,2017-10-27T15:20:19.000Z,0.00023,0x94d845ee4a1f5c86b6194e37bc3f9956234fa206,sell,0x1245de75147f5cd80a2826e7ff935f7aeefb6016,0x905162f2a43b8406b856c8c20c613eb0f11d8824df80b823eb934310c3ba5ad4
72,250,0.06675,0xe2e53a44f71aaa1d2aa0f81dd3963f41efdfcb77,2017-10-27T15:17:17.000Z,0.000267,0x94d845ee4a1f5c86b6194e37bc3f9956234fa206,sell,0x1245de75147f5cd80a2826e7ff935f7aeefb6016,0xfd373311b6d42b20f26b84fafe303ecf774c20b1d5b7bb9c9b0784ddb6a0194d
73,588,0.156996,0x55c78eaa8acd93be89295301f2d1a05fb4c805a4,2017-10-27T15:17:03.000Z,0.000267,0x94d845ee4a1f5c86b6194e37bc3f9956234fa206,sell,0x1245de75147f5cd80a2826e7ff935f7aeefb6016,0xeb16a423567f7462f539dd3c7147de995e2c27f684a4fe8296957a1fbd272ccc
74,250,0.0875,0x40068d2eefb8f1dc7f73437d44d306d899edd669,2017-10-27T12:17:41.000Z,0.00035,0x7b878c0b68f5903eb3802d84adf39684be3f97a5,buy,0x1245de75147f5cd80a2826e7ff935f7aeefb6016,0xaa854395ec4bfa0e6ac345a256351d170ea1a51cebce23e0db04f6fb46cf162f
75,250,0.075,0x40068d2eefb8f1dc7f73437d44d306d899edd669,2017-10-27T12:17:32.000Z,0.0003,0x72277df4ca90d6271cec4ad644a2993136fd6006,buy,0x1245de75147f5cd80a2826e7ff935f7aeefb6016,0x82d39bf9fa8d47ea9af3ec7eae53bce23ad443ce9002f09216f0d2f5f663d4e5
76,50,0.01449995,0x7b1b4a2e1652fc6e4f09d906fc9b2a0ca0b83971,2017-10-27T11:49:13.000Z,0.000289999,0x913f7e43372774b1be764a2670bd102878c6c314,buy,0x1245de75147f5cd80a2826e7ff935f7aeefb6016,0xc0e3fd746f3f3911f7f3b0cd2d32898482aa9556a781cbd116a175101e70b357
77,136.774681,0.03419367025,0x68b4683475747e28a83596e94b58187d452099cf,2017-10-27T11:47:28.000Z,0.00025,0x3ea8a88dc7c5930c6ee57228a7bfe43a4f876fd3,buy,0x1245de75147f5cd80a2826e7ff935f7aeefb6016,0x7e2b69ce5b426479d87b227e8950149343a842a5557ff2c00bd71413952def40
78,200,0.049,0x68b4683475747e28a83596e94b58187d452099cf,2017-10-27T11:47:28.000Z,0.000245,0x9b072daf558fb87322fbb1877eb6724d5e0b9129,buy,0x1245de75147f5cd80a2826e7ff935f7aeefb6016,0x06cb4ef6725b3f4cda36e7b519d2da8fa8a3c08606522b4be85009ce708174a6
79,250,0.0675,0x68b4683475747e28a83596e94b58187d452099cf,2017-10-27T11:47:28.000Z,0.00027,0xffe9735ecee5a3b9d043c09d4d2c5ee1df08473b,buy,0x1245de75147f5cd80a2826e7ff935f7aeefb6016,0x4c26cc6961b535a0ef7e42a2b547ef2d046fe3ef85d793b4f192701cdec01647
80,116.7,0.0308088,0x68b4683475747e28a83596e94b58187d452099cf,2017-10-27T11:47:28.000Z,0.000264,0x874d5efcbd0a8e116f8ba806eca894b59e33031a,buy,0x1245de75147f5cd80a2826e7ff935f7aeefb6016,0x73c07f7092450ca70f60af879ca716d0f42256f2dfd260393fac679836580f40
81,1100,0.176,0xee8a389281f18c33c6c52ed3ec407529dfc08b27,2017-10-27T08:40:54.000Z,0.00016,0x2fdc8493e25ca5af28958941c74fae631bc99319,sell,0x1245de75147f5cd80a2826e7ff935f7aeefb6016,0x6de91e4e7cb92be67d2fe096b815bf047fb2c375554744fe9a88e8d13ad51f13
82,249.227395,0.0387548599225,0x45bb90d2188da25d0def69d0314ef8d44b6e9fbf,2017-10-27T04:37:20.000Z,0.0001555,0x5740241812f338b0650d59ff2c40c2f82792cba0,sell,0x1245de75147f5cd80a2826e7ff935f7aeefb6016,0x80fa6fc7b68e071a6acefc23aeae940cb3c69a92bc1634904764c3e1e0cdf6ff
83,150.773,0.023822134,0x243d25fa46782c9bcd20f306894f6774e095cfc5,2017-10-27T03:21:51.000Z,0.000158,0x3ea8a88dc7c5930c6ee57228a7bfe43a4f876fd3,sell,0x1245de75147f5cd80a2826e7ff935f7aeefb6016,0x4796f832575566a918acbeeaf849ed4ae9e6166b35683f9e9489ebe20b503969
84,249.227395,0.03937792841,0x243d25fa46782c9bcd20f306894f6774e095cfc5,2017-10-27T03:09:47.000Z,0.000158,0xa87a6017687f5d7607a4dde37624fa8eec9b0d45,sell,0x1245de75147f5cd80a2826e7ff935f7aeefb6016,0x2edcecc2c39f2059c4927d34729834e54bb97fda9886bed6df4cfb84dd644140
85,2500,0.425,0x4695d9a8b31416934f0d27aee0b7b3f556bd98e6,2017-10-27T03:08:01.000Z,0.00017,0x94d845ee4a1f5c86b6194e37bc3f9956234fa206,sell,0x1245de75147f5cd80a2826e7ff935f7aeefb6016,0xf9fc99afd049bb5c82b3bc79737352e956150b64b5d7f01f1a94bf3ff9cb667a
86,1500,0.22815,0x4767a566ade759265d940462fd315f9022114324,2017-10-26T23:05:29.000Z,0.0001521,0x2fdc8493e25ca5af28958941c74fae631bc99319,sell,0x1245de75147f5cd80a2826e7ff935f7aeefb6016,0xead7e7d453b3b73167853a637c436d3911d44dec7d73e7cc88a1373ac7f59618
87,800,0.1224,0x4767a566ade759265d940462fd315f9022114324,2017-10-26T22:07:35.000Z,0.000153,0x29bf0b78ff772c92ac8fd416e615973a716c9854,sell,0x1245de75147f5cd80a2826e7ff935f7aeefb6016,0xc290bf2b1c5f017bc13c9b1702eb2face815cfa117e019b767353e739a8e3909
88,500,0.0765000055,0x7bbaa958719c8f86939aaa5e480716b1648af924,2017-10-26T22:07:06.000Z,0.000153000011,0x29bf0b78ff772c92ac8fd416e615973a716c9854,sell,0x1245de75147f5cd80a2826e7ff935f7aeefb6016,0x39588f942f3727368c63379acd635d73770e6f8725a3ce58cce96d485a4c4ec0
89,336.578667,0.05385258672,0x9d3aeaca91a54a6b4588d2821ea105521ab0a4d3,2017-10-26T21:33:29.000Z,0.00016,0x243d25fa46782c9bcd20f306894f6774e095cfc5,sell,0x1245de75147f5cd80a2826e7ff935f7aeefb6016,0x532991b9a66165d1c74aa7c2aebe11d0e95cd471f0d69d67252d658b604037d9
90,249.227395,0.01744591765,0x243d25fa46782c9bcd20f306894f6774e095cfc5,2017-10-26T20:23:25.000Z,0.00007,0x66e219f485d32691d9c8a2cfdab34676bbd4fa93,sell,0x1245de75147f5cd80a2826e7ff935f7aeefb6016,0x55489a8e259a15f1cb7298923555f140c255bbc59259d5c8bbd8d14142e31240
91,200,0.0294,0x9b072daf558fb87322fbb1877eb6724d5e0b9129,2017-10-26T19:52:54.000Z,0.000147,0x29bf0b78ff772c92ac8fd416e615973a716c9854,sell,0x1245de75147f5cd80a2826e7ff935f7aeefb6016,0xd1b96e4b3d34c538224e88ed9bdb3b9105d9f17fbe951a23d38f4ffc15347134
92,150,0.02295,0x4767a566ade759265d940462fd315f9022114324,2017-10-26T17:22:03.000Z,0.000153,0x29bf0b78ff772c92ac8fd416e615973a716c9854,sell,0x1245de75147f5cd80a2826e7ff935f7aeefb6016,0x96207682fd5fe2652caa2462167654c6a84a8036447bbc05a228311f9e4adad8
93,100,0.01530000001,0x7bbaa958719c8f86939aaa5e480716b1648af924,2017-10-26T17:22:03.000Z,0.0001530000001,0x29bf0b78ff772c92ac8fd416e615973a716c9854,sell,0x1245de75147f5cd80a2826e7ff935f7aeefb6016,0x6161372e6947c92193e3a240cb9e0b9e1aa284177544dbb804e5e39ea31a3c39
94,850,0.13005,0x4767a566ade759265d940462fd315f9022114324,2017-10-26T14:40:07.000Z,0.000153,0x29bf0b78ff772c92ac8fd416e615973a716c9854,sell,0x1245de75147f5cd80a2826e7ff935f7aeefb6016,0xda69a25d5c2a3a2802d22b7afd3c61527eb3c5c289e73c728456e2110198fcf7
95,494,0.074594,0x4767a566ade759265d940462fd315f9022114324,2017-10-26T14:39:14.000Z,0.000151,0x29bf0b78ff772c92ac8fd416e615973a716c9854,sell,0x1245de75147f5cd80a2826e7ff935f7aeefb6016,0xdafbff82a69fab753b337203764b6baae3c32ab076cfff4b57b66783ca43d3c2
96,900,0.1368,0x4767a566ade759265d940462fd315f9022114324,2017-10-26T14:39:14.000Z,0.000152,0x29bf0b78ff772c92ac8fd416e615973a716c9854,sell,0x1245de75147f5cd80a2826e7ff935f7aeefb6016,0xd57114a0e87527985507cd5bfb9389672491da4ead343cee4523d402c36f9bcf
97,249.227395,0.03738410925,0x7bbaa958719c8f86939aaa5e480716b1648af924,2017-10-26T11:01:31.000Z,0.00015,0x5a28be0c2bb51163de498bc6be83d4f143e6b631,sell,0x1245de75147f5cd80a2826e7ff935f7aeefb6016,0xc68f5348d925ab5172238d1eb121d25592bafc3ce4e96905a761c2952c45c17b
98,250,0.0725,0x3d2ddd55c3a0c42b0dff3e5c654c760f65d663e3,2017-10-26T10:17:41.000Z,0.00029,0x94d845ee4a1f5c86b6194e37bc3f9956234fa206,buy,0x1245de75147f5cd80a2826e7ff935f7aeefb6016,0xb187eaca843fd1f809d4ec6a671f16509d3e42ae72749d3378f663af36442813
99,54.259312,0.00868148992,0x7adc947493b5933e209385a9aff9e4082decf10d,2017-10-26T09:11:16.000Z,0.00016,0x975ea36be13fd6a5d46395e93b0f17ab0c8e3469,sell,0x1245de75147f5cd80a2826e7ff935f7aeefb6016,0x7f364de9e31fb4bf6454b40f8aa916c2f7f1e426480c299dafbfc96294903dfb
100,1000,0.15,0x72488b3f00dd0507a0981b2d801d10cb36e8a8d1,2017-10-26T09:05:11.000Z,0.00015,0x29bf0b78ff772c92ac8fd416e615973a716c9854,sell,0x1245de75147f5cd80a2826e7ff935f7aeefb6016,0x5a2c166941c6cbd3492f60857244b37a882faadfe8a5030d778ed901a267d451
101,2000,0.43,0x7bbaa958719c8f86939aaa5e480716b1648af924,2017-10-26T09:04:03.000Z,0.000215,0x29bf0b78ff772c92ac8fd416e615973a716c9854,sell,0x1245de75147f5cd80a2826e7ff935f7aeefb6016,0x4fc927f8ed75e187d129e7b4d50d3a87aa71db9c2108643da789744652eddd8a
102,1140,0.2451,0x7bbaa958719c8f86939aaa5e480716b1648af924,2017-10-26T07:50:14.000Z,0.000215,0x29bf0b78ff772c92ac8fd416e615973a716c9854,sell,0x1245de75147f5cd80a2826e7ff935f7aeefb6016,0x2e173e3b03fea04f751a15c15f0555e9c4efcb0a591181e7a27b03d87832883e
103,10,0.0025,0x7adc947493b5933e209385a9aff9e4082decf10d,2017-10-26T07:05:59.000Z,0.00025,0x7fb30face695357c2b487c52516b00bae7c7be73,buy,0x1245de75147f5cd80a2826e7ff935f7aeefb6016,0x8959cad7f6bc55710cce1bb3174145b9590a8b9e30c351bb36055843ead7427d
104,200,0.0579998,0x0769c6dc319efa81f6ad6653f81a8e458df3bdf2,2017-10-26T07:03:41.000Z,0.000289999,0x913f7e43372774b1be764a2670bd102878c6c314,buy,0x1245de75147f5cd80a2826e7ff935f7aeefb6016,0x3b7ed09421a34bae976cd2391e418aceb1f5787d510b10f25eae415fe188cd76
105,140,0.035,0x7adc947493b5933e209385a9aff9e4082decf10d,2017-10-26T07:02:12.000Z,0.00025,0x7fb30face695357c2b487c52516b00bae7c7be73,buy,0x1245de75147f5cd80a2826e7ff935f7aeefb6016,0xee79aecdd329b6818224d308c7a3376f7269316e153fe25a07f2940f61542b12
106,350,0.0875,0x4695d9a8b31416934f0d27aee0b7b3f556bd98e6,2017-10-26T02:42:25.000Z,0.00025,0x7fb30face695357c2b487c52516b00bae7c7be73,buy,0x1245de75147f5cd80a2826e7ff935f7aeefb6016,0x8b7542ba8923eb24dc0c5c0b5fa89528645a96b06d8afe929e8931b034831cb2
107,100,0.025,0xee8a389281f18c33c6c52ed3ec407529dfc08b27,2017-10-26T00:28:40.000Z,0.00025,0x9b072daf558fb87322fbb1877eb6724d5e0b9129,buy,0x1245de75147f5cd80a2826e7ff935f7aeefb6016,0x4be1b436e4ad872e099e170df7c25536aa8790a65d79137c72973ad6a8a5b62a
108,2000,0.3,0xee8a389281f18c33c6c52ed3ec407529dfc08b27,2017-10-25T22:24:13.000Z,0.00015,0x29bf0b78ff772c92ac8fd416e615973a716c9854,sell,0x1245de75147f5cd80a2826e7ff935f7aeefb6016,0x920ccde790b2b9be3fd5c3e5fec6d75ca8149c897fd004e7eed1edbeb7a42c07
109,1000,0.15,0xee8a389281f18c33c6c52ed3ec407529dfc08b27,2017-10-25T22:20:45.000Z,0.00015,0x29bf0b78ff772c92ac8fd416e615973a716c9854,sell,0x1245de75147f5cd80a2826e7ff935f7aeefb6016,0xe2a4af51d5f1940850b356683e31cb89ac5b6f851a3834cd262b56f75648c97d
110,100,0.0155,0x9b072daf558fb87322fbb1877eb6724d5e0b9129,2017-10-25T20:09:49.000Z,0.000155,0x2fdc8493e25ca5af28958941c74fae631bc99319,sell,0x1245de75147f5cd80a2826e7ff935f7aeefb6016,0x8b11d0cbc939326a3fd9cb54050a38f2f7a1c8f0493544c7223207b41faca1e7
111,250,0.0375,0xffe9735ecee5a3b9d043c09d4d2c5ee1df08473b,2017-10-25T20:06:18.000Z,0.00015,0x2fdc8493e25ca5af28958941c74fae631bc99319,sell,0x1245de75147f5cd80a2826e7ff935f7aeefb6016,0x7b3e582edd6e195f8ce8348872a95183e2919c1d5b71489ce93d101773341818
112,2500,0.38,0x94d845ee4a1f5c86b6194e37bc3f9956234fa206,2017-10-25T19:47:24.000Z,0.000152,0x29bf0b78ff772c92ac8fd416e615973a716c9854,sell,0x1245de75147f5cd80a2826e7ff935f7aeefb6016,0xd4704478eda6d7bf5a9847097da7045f93f9fb8aec48a0394cc68cfa0e7f3e99
113,1000,0.153,0x94d845ee4a1f5c86b6194e37bc3f9956234fa206,2017-10-25T19:47:09.000Z,0.000153,0x29bf0b78ff772c92ac8fd416e615973a716c9854,sell,0x1245de75147f5cd80a2826e7ff935f7aeefb6016,0x237a5764381835354e179ff9e45892828e89a582ebd39e17fee2cf0bd7d9aac5
114,300,0.0666,0xd31fef7b65f64c15000ca8d24a7832846d6d65df,2017-10-25T18:14:55.000Z,0.000222,0x94d845ee4a1f5c86b6194e37bc3f9956234fa206,sell,0x1245de75147f5cd80a2826e7ff935f7aeefb6016,0xae3341a7eec0f5cadb671b847f188d566b94d842b5847f144a217eee5b9c9adb
115,2200,0.4884,0xd31fef7b65f64c15000ca8d24a7832846d6d65df,2017-10-25T18:12:17.000Z,0.000222,0x94d845ee4a1f5c86b6194e37bc3f9956234fa206,sell,0x1245de75147f5cd80a2826e7ff935f7aeefb6016,0x16fc666b72be4a7e104351fbb40ad1b60884393c5d01010bc882ce512a983ba7
116,250,0.04275,0x94d845ee4a1f5c86b6194e37bc3f9956234fa206,2017-10-25T16:37:23.000Z,0.000171,0xb4066e3f167a4e5b7b97cca2b163ee396cfd0a1d,sell,0x1245de75147f5cd80a2826e7ff935f7aeefb6016,0xb77bb5c8e7b7afe3561a860000c0a5779b7f897c6e10d205779960ba4951e037
117,1000,0.212,0xee8a389281f18c33c6c52ed3ec407529dfc08b27,2017-10-25T16:27:27.000Z,0.000212,0x94d845ee4a1f5c86b6194e37bc3f9956234fa206,sell,0x1245de75147f5cd80a2826e7ff935f7aeefb6016,0x8c96889cf5fe1aa96e4e750729f5de12938de99e79a3532876a281b5627d791a
118,345.024923,0.08625623075,0x4695d9a8b31416934f0d27aee0b7b3f556bd98e6,2017-10-25T16:15:15.000Z,0.00025,0x49f85e575535134ca100cf512c96525e992922d1,buy,0x1245de75147f5cd80a2826e7ff935f7aeefb6016,0x8cc66fc8162705f409a9ad32255fbcd3c87c2b042e322222aaba387c874f660c
119,1000,0.17,0x7c17326ef8d803b1191a27ba830f5b2d8cdca869,2017-10-25T15:30:43.000Z,0.00017,0x29bf0b78ff772c92ac8fd416e615973a716c9854,sell,0x1245de75147f5cd80a2826e7ff935f7aeefb6016,0xebce4a9965bc83f9a23fd1ad238ed231ff265e4137a04dcf18c22ee1890f9443
120,1000,0.17,0x7c17326ef8d803b1191a27ba830f5b2d8cdca869,2017-10-25T15:30:14.000Z,0.00017,0x2fdc8493e25ca5af28958941c74fae631bc99319,sell,0x1245de75147f5cd80a2826e7ff935f7aeefb6016,0xff641b0a2d2327abcb11c08444bbed3e1c882056f5bf8b018003175c4a741d95
121,1494.106,0.25399802,0x7c17326ef8d803b1191a27ba830f5b2d8cdca869,2017-10-25T15:26:16.000Z,0.00017,0x2fdc8493e25ca5af28958941c74fae631bc99319,sell,0x1245de75147f5cd80a2826e7ff935f7aeefb6016,0xe985818aa5f564b8c9256545783e948d5b2cbcd834e155e5c9425b4b093716a2
122,1000,0.171,0x94d845ee4a1f5c86b6194e37bc3f9956234fa206,2017-10-25T15:25:37.000Z,0.000171,0x29bf0b78ff772c92ac8fd416e615973a716c9854,sell,0x1245de75147f5cd80a2826e7ff935f7aeefb6016,0x28e03f281b3054a41bb6b56fe6ade843cf1431ccebd4197ad0ddf9d332244b2d
123,850.773,0.145482183,0x94d845ee4a1f5c86b6194e37bc3f9956234fa206,2017-10-25T15:22:34.000Z,0.000171,0x29bf0b78ff772c92ac8fd416e615973a716c9854,sell,0x1245de75147f5cd80a2826e7ff935f7aeefb6016,0x364c95da454da1ee0ac1bf9f3d1b1f580a06d5117b9fc147c3b41ee434eb7372
124,249.227395,0.042617884545,0x94d845ee4a1f5c86b6194e37bc3f9956234fa206,2017-10-25T15:01:22.000Z,0.000171,0x0eded189ff081c434a725026534b898ad131139e,sell,0x1245de75147f5cd80a2826e7ff935f7aeefb6016,0x9c9ad4468e67d61870ce39423b28d2425a933f950e89f8ee247f32ce17420da0
125,920.825,0.15654025,0x7c17326ef8d803b1191a27ba830f5b2d8cdca869,2017-10-25T14:56:16.000Z,0.00017,0x2fdc8493e25ca5af28958941c74fae631bc99319,sell,0x1245de75147f5cd80a2826e7ff935f7aeefb6016,0x509a7de1895acf14d1b271a5d2708f44c42532a63f120562c8897e810e4e764a
126,900,0.1539,0x94d845ee4a1f5c86b6194e37bc3f9956234fa206,2017-10-25T14:54:47.000Z,0.000171,0x2fdc8493e25ca5af28958941c74fae631bc99319,sell,0x1245de75147f5cd80a2826e7ff935f7aeefb6016,0xf92c1d892ca367d08edcf4e1a8db2e6378c0cc298bf7c7d5ef530c548119e904
127,95.772605,0.020591110075,0x49f85e575535134ca100cf512c96525e992922d1,2017-10-25T14:41:55.000Z,0.000215,0x975ea36be13fd6a5d46395e93b0f17ab0c8e3469,sell,0x1245de75147f5cd80a2826e7ff935f7aeefb6016,0xecf6d56dced8987df3d474fb010b018a2ce65ab6e5234b496f49a2c23451d851
128,249.227395,0.053583889925,0x49f85e575535134ca100cf512c96525e992922d1,2017-10-25T14:32:49.000Z,0.000215,0x9664ed0820a10e95851480b9821532994b7bd9d1,sell,0x1245de75147f5cd80a2826e7ff935f7aeefb6016,0x0195cf886072891b34db8eef1e5b7b171c10cf59b079f0be51dd1af1a36f0cfc
129,300,0.09,0x235a9dcaa2ab621da5779417f5b05c9a8b9fa6f7,2017-10-25T13:50:06.000Z,0.0003,0x29bf0b78ff772c92ac8fd416e615973a716c9854,sell,0x1245de75147f5cd80a2826e7ff935f7aeefb6016,0x40763d1a3f522532c6de97f3e27689e4dcd41b02c4010e62fe3503b6b7faafc4
130,700,0.21,0x235a9dcaa2ab621da5779417f5b05c9a8b9fa6f7,2017-10-25T13:48:31.000Z,0.0003,0x243d25fa46782c9bcd20f306894f6774e095cfc5,sell,0x1245de75147f5cd80a2826e7ff935f7aeefb6016,0x952ac54bbceb2d8b17e9c71b0252acc2cb5fca81b8f1f8fd3c5ee9a0f04f6121
131,471,0.1413,0x235a9dcaa2ab621da5779417f5b05c9a8b9fa6f7,2017-10-25T13:45:12.000Z,0.0003,0x29bf0b78ff772c92ac8fd416e615973a716c9854,sell,0x1245de75147f5cd80a2826e7ff935f7aeefb6016,0x40202a2d6a1c6341ebd782557cd8c995bf8a79b5739910b5e620ac8e82d24f3e
132,594,0.1782,0x235a9dcaa2ab621da5779417f5b05c9a8b9fa6f7,2017-10-25T13:37:41.000Z,0.0003,0x4a1ee0184f90b3673d76c12c89ff125449f4af63,sell,0x1245de75147f5cd80a2826e7ff935f7aeefb6016,0x6a99e68d19227af3ba1bbca108e101139a41be3ceaf0cbc54c8f97091f55d6e6
133,935,0.2805,0x235a9dcaa2ab621da5779417f5b05c9a8b9fa6f7,2017-10-25T13:34:44.000Z,0.0003,0x29bf0b78ff772c92ac8fd416e615973a716c9854,sell,0x1245de75147f5cd80a2826e7ff935f7aeefb6016,0xc2205b305f0cb4ef33000e868b949e1644d150782d8eaf255f049d1bc41f57ab
134,750.772845,0.2252318535,0x7c17326ef8d803b1191a27ba830f5b2d8cdca869,2017-10-25T12:55:31.000Z,0.0003,0x4a1ee0184f90b3673d76c12c89ff125449f4af63,sell,0x1245de75147f5cd80a2826e7ff935f7aeefb6016,0x2d7f057264fe21691359e1b524c9392e5de649d072c129eb78c6bcfa794ac51d
135,249.227395,0.0747682185,0x7c17326ef8d803b1191a27ba830f5b2d8cdca869,2017-10-25T12:53:23.000Z,0.0003,0x49f85e575535134ca100cf512c96525e992922d1,sell,0x1245de75147f5cd80a2826e7ff935f7aeefb6016,0x89bcdaf06cc253c0d327c5457ac247b0a9cb8e71397c91cddd777cbe0b0eec3b
136,3510.816,1.0532448,0x7c17326ef8d803b1191a27ba830f5b2d8cdca869,2017-10-25T12:49:25.000Z,0.0003,0x29bf0b78ff772c92ac8fd416e615973a716c9854,sell,0x1245de75147f5cd80a2826e7ff935f7aeefb6016,0x1ed79f9d32745aad3ebc3c6260cb8797095eae19d1c736e28294254a8095f1f2
137,249.227395,0.0747682185,0x7c17326ef8d803b1191a27ba830f5b2d8cdca869,2017-10-25T12:37:36.000Z,0.0003,0xbe3ad56c09b8fa187b5b74c0ac0275b53ad535de,sell,0x1245de75147f5cd80a2826e7ff935f7aeefb6016,0x9984f9a43fef82ea5264cb5e7a16f4d53b5a3a02ba483f9cdf6e24ed1f1e12e9
138,2741.501345,0.8224504035,0x7c17326ef8d803b1191a27ba830f5b2d8cdca869,2017-10-25T12:36:10.000Z,0.0003,0x94d845ee4a1f5c86b6194e37bc3f9956234fa206,sell,0x1245de75147f5cd80a2826e7ff935f7aeefb6016,0x14b48656da3c467b7236c57733289c0b46b81cd8d9b10fb4a9f0cf6a274ccd19
139,498.45479,0.149536437,0x7c17326ef8d803b1191a27ba830f5b2d8cdca869,2017-10-25T12:32:12.000Z,0.0003,0x3c0ffdd74190942dfe6b3c2f15518c27d98aa260,sell,0x1245de75147f5cd80a2826e7ff935f7aeefb6016,0xe56916578aafd10589d699188cb318ea8c80053ec171b43a6070ed020a150833
140,762.674,0.2288022,0x7c17326ef8d803b1191a27ba830f5b2d8cdca869,2017-10-25T12:08:32.000Z,0.0003,0x29bf0b78ff772c92ac8fd416e615973a716c9854,sell,0x1245de75147f5cd80a2826e7ff935f7aeefb6016,0xb63aa8de3667065d842f46a777806482f84b585eb454f126386a9e5f1ec90ba5
141,0.024845,0.0000074535,0x7c17326ef8d803b1191a27ba830f5b2d8cdca869,2017-10-25T12:07:17.000Z,0.0003,0x3d2ddd55c3a0c42b0dff3e5c654c760f65d663e3,sell,0x1245de75147f5cd80a2826e7ff935f7aeefb6016,0xaf1aa8fce3a994feabda92deef363b1ba755bb8f4b625a0a587c63a9a1ab7b68
142,237.301595,0.0711904785,0x7c17326ef8d803b1191a27ba830f5b2d8cdca869,2017-10-25T12:05:26.000Z,0.0003,0x9b072daf558fb87322fbb1877eb6724d5e0b9129,sell,0x1245de75147f5cd80a2826e7ff935f7aeefb6016,0x3f5d943b223b7488b8485f69e1afdedb29a4c22c8377a9cd4f9405d82ce2051a
143,501.545,0.1504635,0x7c17326ef8d803b1191a27ba830f5b2d8cdca869,2017-10-25T12:01:17.000Z,0.0003,0x29bf0b78ff772c92ac8fd416e615973a716c9854,sell,0x1245de75147f5cd80a2826e7ff935f7aeefb6016,0xe04902c6f49ad91be9a19ef6c322d23fcce783c3b664e73c7e50d7933413655c
144,249.227395,0.0747682185,0x7c17326ef8d803b1191a27ba830f5b2d8cdca869,2017-10-25T11:58:09.000Z,0.0003,0x14d6d0f3d430455b5c1f169e28548bbc61d79cda,sell,0x1245de75147f5cd80a2826e7ff935f7aeefb6016,0x80b08400467bae61114b48fdc7d99605d89f3fbbaa428358f934e4fe9bd74cd9
145,249.227395,0.0747682185,0x7c17326ef8d803b1191a27ba830f5b2d8cdca869,2017-10-25T11:56:03.000Z,0.0003,0x3d2ddd55c3a0c42b0dff3e5c654c760f65d663e3,sell,0x1245de75147f5cd80a2826e7ff935f7aeefb6016,0xf4006cf090ffe61dea56d34f64e08b212f5623e0d44068e72506c871b9c18963
146,249.227395,0.0548300269,0x57d0dc585f7db514d82d44af8adbb4c96a15704f,2017-10-25T11:00:38.000Z,0.00022,0xcc076a3dfe85c239e8b28ed75cce9959f8b3b360,sell,0x1245de75147f5cd80a2826e7ff935f7aeefb6016,0x1695d1f2d3d592b6ee961f0909b71528bceb74af524a4b3335f6fbae57c01ab4
147,2.400325,0.000720097697138869,0xbb99248a99566f835526be70cfbd07476a0b1b29,2017-10-25T10:51:44.000Z,0.0003000000821300736,0x9b072daf558fb87322fbb1877eb6724d5e0b9129,buy,0x1245de75147f5cd80a2826e7ff935f7aeefb6016,0x1b815be73f5f1d6700fe29815e4b0cb0cc164b7aa301f4dab3767698c2514e02
148,9.562445,0.002868733568662568,0x7bbaa958719c8f86939aaa5e480716b1648af924,2017-10-25T10:30:04.000Z,0.00030000000718044057,0x9b072daf558fb87322fbb1877eb6724d5e0b9129,buy,0x1245de75147f5cd80a2826e7ff935f7aeefb6016,0x814da4ef19816fc8acfbd66666d29ec1b29e593a91d95fe2948a434303a839c4
149,8.204,0.0026261004,0x235a9dcaa2ab621da5779417f5b05c9a8b9fa6f7,2017-10-25T09:52:59.000Z,0.0003201,0x7bbaa958719c8f86939aaa5e480716b1648af924,sell,0x1245de75147f5cd80a2826e7ff935f7aeefb6016,0x765278e9b5a1cbdf8cfcc849e06dc407d9870b4d79c334c4de8247519e86e7b6
150,1360,0.29988,0x7bbaa958719c8f86939aaa5e480716b1648af924,2017-10-25T09:45:13.000Z,0.0002205,0x235a9dcaa2ab621da5779417f5b05c9a8b9fa6f7,sell,0x1245de75147f5cd80a2826e7ff935f7aeefb6016,0xa7dec7740a4823632bb54f7bc09303cb215e953d02c2c72fae8100fb5c8b58e8
151,498.45479,0.109909281195,0x7bbaa958719c8f86939aaa5e480716b1648af924,2017-10-25T08:55:25.000Z,0.0002205,0x38223b8ebc6d6f404f887df06c334c4702a55711,sell,0x1245de75147f5cd80a2826e7ff935f7aeefb6016,0x53d6314c4c222edbd9bc3deada2d00146e5cbe0edad26b51bd93ba6c5d0a4b5d
152,498.45479,0.1096600538,0x57d0dc585f7db514d82d44af8adbb4c96a15704f,2017-10-25T07:32:23.000Z,0.00022,0xcbaae569d9ecbd35ff827e314dc79973f0b35b4d,sell,0x1245de75147f5cd80a2826e7ff935f7aeefb6016,0x2dfe895d695fe33f48e22c315ba4056c96799fc9e38852c24b25cc74ef76e68d
153,249.227395,0.0548300269,0x57d0dc585f7db514d82d44af8adbb4c96a15704f,2017-10-25T04:27:28.000Z,0.00022,0x72ec545f3f301d888a676c3e696032157cbb524e,sell,0x1245de75147f5cd80a2826e7ff935f7aeefb6016,0x1159d09d4bd35b18c0e2d50b0940724ec0ad6b8eac99e74f1407b936215b9e5a
154,250,0.055,0x9b072daf558fb87322fbb1877eb6724d5e0b9129,2017-10-25T03:23:14.000Z,0.00022,0x9b284dae4fb437e3ad894e276779aac86ec6d7cc,buy,0x1245de75147f5cd80a2826e7ff935f7aeefb6016,0x9ba70c8b2ee045efdc8e078ad9a306e2fcdd66d288285b11eee90b9b0bfad075
155,249.227395,0.0548300269,0x57d0dc585f7db514d82d44af8adbb4c96a15704f,2017-10-25T02:49:35.000Z,0.00022,0x567a965250a94a9cd93e76bd4e985fdda7e06efb,sell,0x1245de75147f5cd80a2826e7ff935f7aeefb6016,0x584a9de6a936bfa2f70ce31aa19cf34ef361400b1691ce125c55eae333ad513a
156,211.231183,0.04858317209,0xee8a389281f18c33c6c52ed3ec407529dfc08b27,2017-10-24T22:32:23.000Z,0.00023,0x55c6afe9031ce70ecc400d5adf9d5b86690a1b5d,sell,0x1245de75147f5cd80a2826e7ff935f7aeefb6016,0xe9ece1767d58085e134749e8bee9518619eafc31c4994ecc190c6ad8668acf1e
157,38,0.00912,0x3ea8a88dc7c5930c6ee57228a7bfe43a4f876fd3,2017-10-24T22:31:36.000Z,0.00024,0x55c6afe9031ce70ecc400d5adf9d5b86690a1b5d,sell,0x1245de75147f5cd80a2826e7ff935f7aeefb6016,0xacea664be1fce3d84ed0410308e971a2a1d5231cbb2f41017ed54e09fe3eb520
158,140,0.042,0xb4066e3f167a4e5b7b97cca2b163ee396cfd0a1d,2017-10-24T20:05:36.000Z,0.0003,0x5c42c1c22443b017b48081a97e5c328c6ba53c56,buy,0x1245de75147f5cd80a2826e7ff935f7aeefb6016,0xc9f1471565846e73d2398fbe9ee04b2a4e264e4877a34a073df4d2278062a352
159,249.227395,0.05732230085,0xee8a389281f18c33c6c52ed3ec407529dfc08b27,2017-10-24T20:04:43.000Z,0.00023,0x002e63b969ecc547aee74447b32829977f1e4659,sell,0x1245de75147f5cd80a2826e7ff935f7aeefb6016,0x8f2e793d37ffc601fb73cc47e68c0b75f0ea6c451691ea8209a4ec2c4551634f
160,100.242249,0.02305571727,0xee8a389281f18c33c6c52ed3ec407529dfc08b27,2017-10-24T17:58:33.000Z,0.00023,0xab84e55942fd1bb60409f1d2623387decaac8fcf,sell,0x1245de75147f5cd80a2826e7ff935f7aeefb6016,0xcbe9e04504891f8e44f82bae4b76d127643e7a3ebb71e45225cc3b078a2209c2
161,498.45479,0.1146446017,0xee8a389281f18c33c6c52ed3ec407529dfc08b27,2017-10-24T17:41:38.000Z,0.00023,0x403eda1dabfd4458136478f8d28e6e4b4d807749,sell,0x1245de75147f5cd80a2826e7ff935f7aeefb6016,0x6045022456b1c24ef08778f0f356f7701b027b5e56929533a456d5c101b37def
162,1,0.0003,0x7bbaa958719c8f86939aaa5e480716b1648af924,2017-10-24T15:54:15.000Z,0.0003,0x5c42c1c22443b017b48081a97e5c328c6ba53c56,buy,0x1245de75147f5cd80a2826e7ff935f7aeefb6016,0x058d908dfb284998255dd609f32f1e9e6bc72139d3b7b8bd3220564a9709a6a5
163,249.227395,0.0351410377722605,0x29bf0b78ff772c92ac8fd416e615973a716c9854,2017-10-24T13:18:10.000Z,0.0001409999,0x77efab41da4e0b3063eecfc22a57b663a5f1e5b9,sell,0x1245de75147f5cd80a2826e7ff935f7aeefb6016,0xd2f8389b5ce4cf8151428a41f7324df444e8712712230d996b776fd462ee0ec0
164,250,0.1025,0x403eda1dabfd4458136478f8d28e6e4b4d807749,2017-10-24T10:56:26.000Z,0.00041,0x97800a1a81bb1e4422d9baf1c907e9bac55f8f35,buy,0x1245de75147f5cd80a2826e7ff935f7aeefb6016,0x1f74660fa0eb7c45d178343019e0a89e4862ae9eda2b7bcf0ce492f2e57abca8
165,1,0.00041,0x3ac636ac5c3a2576156ac5f10066ca68abe0ad54,2017-10-24T09:35:44.000Z,0.00041,0x34d4ecd77d6378ebdda1c62a38881e4587109181,buy,0x1245de75147f5cd80a2826e7ff935f7aeefb6016,0x40f9401004fe8ddf1da3f989394bd744ab7db094c51008f57c8f93edab374a4e
166,41,0.007995,0x5c42c1c22443b017b48081a97e5c328c6ba53c56,2017-10-24T09:17:32.000Z,0.000195,0x423b2a3ffb546d0cbaf25af92b3684a753dede35,sell,0x1245de75147f5cd80a2826e7ff935f7aeefb6016,0x2fa3e426ed17c3e3518e1cbc6e5eff5c15945be0905d8ac3fc18f8c860d79893
167,100,0.0195,0x5c42c1c22443b017b48081a97e5c328c6ba53c56,2017-10-24T08:58:37.000Z,0.000195,0x423b2a3ffb546d0cbaf25af92b3684a753dede35,sell,0x1245de75147f5cd80a2826e7ff935f7aeefb6016,0xbcb3038b23b5e555945139a18f2845548e4098efc94bfbe9c94f9b8e680c0148
168,25,0.0125,0xee8a389281f18c33c6c52ed3ec407529dfc08b27,2017-10-24T02:47:25.000Z,0.0005,0xd1ae0289821f95d94f71262f1c0131083896ba8e,buy,0x1245de75147f5cd80a2826e7ff935f7aeefb6016,0x207ed675e23eacbfdd5d07197d1e5a52e15e2d69ed115175f18885d7eea500a7
169,4,0.002,0xee8a389281f18c33c6c52ed3ec407529dfc08b27,2017-10-24T02:45:39.000Z,0.0005,0xd1ae0289821f95d94f71262f1c0131083896ba8e,buy,0x1245de75147f5cd80a2826e7ff935f7aeefb6016,0xdfbd0e4d81d299748a885e1d36773bbb955fc716fe168f445c7617aa0a765a6d
170,2,0.0008,0xee8a389281f18c33c6c52ed3ec407529dfc08b27,2017-10-24T02:35:27.000Z,0.0004,0x2fdc8493e25ca5af28958941c74fae631bc99319,buy,0x1245de75147f5cd80a2826e7ff935f7aeefb6016,0x93074aaa9b3acea2862c6b6860bbca34044201a909033107fd79c90c4a8c8899
171,6.3,0.002457,0x29bf0b78ff772c92ac8fd416e615973a716c9854,2017-10-24T01:36:39.000Z,0.00039,0xee8a389281f18c33c6c52ed3ec407529dfc08b27,sell,0x1245de75147f5cd80a2826e7ff935f7aeefb6016,0x3d9d40e9b54f926d2bced6551d25f6b9643cc47c657373dac0827d7730a5d449
172,15,0.006,0x2fdc8493e25ca5af28958941c74fae631bc99319,2017-10-24T01:35:36.000Z,0.0004,0xee8a389281f18c33c6c52ed3ec407529dfc08b27,sell,0x1245de75147f5cd80a2826e7ff935f7aeefb6016,0x75fe717a70ac5e9f76df5f8eb6fe45400c995426371ab51ae38e5126361f3b95
173,2,0.0008,0x1d5321e125f6c7079a716705541c7b371ca79e69,2017-10-24T01:34:26.000Z,0.0004,0x2fdc8493e25ca5af28958941c74fae631bc99319,buy,0x1245de75147f5cd80a2826e7ff935f7aeefb6016,0xed3f297c4b02b2c2ba78c8667304d56742fa2c004ac523b7f7ca9a9db6fe76cb
174,23,0.00828,0x29bf0b78ff772c92ac8fd416e615973a716c9854,2017-10-24T01:34:26.000Z,0.00036,0xee8a389281f18c33c6c52ed3ec407529dfc08b27,sell,0x1245de75147f5cd80a2826e7ff935f7aeefb6016,0xd089470f2b66f559c4ae7121fc02b1282fda651189c89516c39fb1732e56029c
175,1.994017,0.00097706833,0x29bf0b78ff772c92ac8fd416e615973a716c9854,2017-10-24T01:34:26.000Z,0.00049,0x1d5321e125f6c7079a716705541c7b371ca79e69,sell,0x1245de75147f5cd80a2826e7ff935f7aeefb6016,0xed3f297c4b02b2c2ba78c8667304d56742fa2c004ac523b7f7ca9a9db6fe76cb
176,15,0.006,0x2fdc8493e25ca5af28958941c74fae631bc99319,2017-10-24T01:33:41.000Z,0.0004,0xee8a389281f18c33c6c52ed3ec407529dfc08b27,sell,0x1245de75147f5cd80a2826e7ff935f7aeefb6016,0x45a5d4b3894468911a6dce886e5439684bd20049f02c3f3c362a6c5d81603c20
177,2,0.00098,0x29bf0b78ff772c92ac8fd416e615973a716c9854,2017-10-24T01:33:30.000Z,0.00049,0xee8a389281f18c33c6c52ed3ec407529dfc08b27,sell,0x1245de75147f5cd80a2826e7ff935f7aeefb6016,0xfa3ec826d8b75c1d1715ca703b0a5d66728cef5ad7880b468b1dcb3ad224d3a7
178,2,0.0008,0x1d5321e125f6c7079a716705541c7b371ca79e69,2017-10-24T01:31:25.000Z,0.0004,0x2fdc8493e25ca5af28958941c74fae631bc99319,buy,0x1245de75147f5cd80a2826e7ff935f7aeefb6016,0x9ad9a09a68dce5c1c5b8fbc9537aa39f9ac8f961d2183b6ebb0500a2ae424ef2
179,1.994017,0.00097706833,0x29bf0b78ff772c92ac8fd416e615973a716c9854,2017-10-24T01:31:25.000Z,0.00049,0x1d5321e125f6c7079a716705541c7b371ca79e69,sell,0x1245de75147f5cd80a2826e7ff935f7aeefb6016,0x9ad9a09a68dce5c1c5b8fbc9537aa39f9ac8f961d2183b6ebb0500a2ae424ef2
180,15,0.006,0x2fdc8493e25ca5af28958941c74fae631bc99319,2017-10-24T01:29:57.000Z,0.0004,0xee8a389281f18c33c6c52ed3ec407529dfc08b27,sell,0x1245de75147f5cd80a2826e7ff935f7aeefb6016,0xc0afe62cf5ca78dd4f106f210ac11489c6ffa4f8aceb04dea667d5592a13a0a5
181,40,0.0152,0x243d25fa46782c9bcd20f306894f6774e095cfc5,2017-10-24T01:27:38.000Z,0.00038,0xee8a389281f18c33c6c52ed3ec407529dfc08b27,sell,0x1245de75147f5cd80a2826e7ff935f7aeefb6016,0xb323a4925c58f613466a10f7f0910db2b89a14cbe07ff358fce36c36b487a397
182,249.227395,0.099690958,0xd1ae0289821f95d94f71262f1c0131083896ba8e,2017-10-24T00:37:38.000Z,0.0004,0x1490f0244299d7659d72e4e0d869b4db34cdb0fe,sell,0x1245de75147f5cd80a2826e7ff935f7aeefb6016,0x71d513b1e8b171ce39be91606cd9855c156433fd2930601c85bef58d388cb395
183,250,0.1,0xd1ae0289821f95d94f71262f1c0131083896ba8e,2017-10-24T00:35:42.000Z,0.0004,0x2fdc8493e25ca5af28958941c74fae631bc99319,sell,0x1245de75147f5cd80a2826e7ff935f7aeefb6016,0x70304da67b980fbedb105be8fc727b1ea87596e5ceacf18904d99ad46fe7d108
184,250,0.1,0xd1ae0289821f95d94f71262f1c0131083896ba8e,2017-10-24T00:35:39.000Z,0.0004,0x29bf0b78ff772c92ac8fd416e615973a716c9854,sell,0x1245de75147f5cd80a2826e7ff935f7aeefb6016,0x9a668a3bae4f22cc0d69363c767c602a7149769b1414f57aedd5bf7e7c2b9842
185,250,0.1,0xd1ae0289821f95d94f71262f1c0131083896ba8e,2017-10-24T00:32:43.000Z,0.0004,0x2fdc8493e25ca5af28958941c74fae631bc99319,sell,0x1245de75147f5cd80a2826e7ff935f7aeefb6016,0xd4d6edf698dabe57f80370ad5610414a0c9cf4568952f111009e517538335a88
186,249.227395,0.1046755059,0xee8a389281f18c33c6c52ed3ec407529dfc08b27,2017-10-24T00:21:24.000Z,0.00042,0x6efbe67b51b12ca6c8d10fa7de4de0739e8d533f,sell,0x1245de75147f5cd80a2826e7ff935f7aeefb6016,0x1f649dba8ae0d161543fba61e05b60bd8e475228430c0483c679f63230005d12
187,200,0.11,0x2fdc8493e25ca5af28958941c74fae631bc99319,2017-10-24T00:14:46.000Z,0.00055,0x823f8b05c17d430671cfcd3f6c5a411ed2032b7f,buy,0x1245de75147f5cd80a2826e7ff935f7aeefb6016,0x54a7c5a0025b8809899ed4fd7bb8da33968670ee4949b8bc2ada15b2e4345a08
188,5,0.00225,0xd1ae0289821f95d94f71262f1c0131083896ba8e,2017-10-24T00:03:10.000Z,0.00045,0x2fdc8493e25ca5af28958941c74fae631bc99319,buy,0x1245de75147f5cd80a2826e7ff935f7aeefb6016,0x7ba0170b2fef3eb3ea8e9ddf9b69062f7e5edb208a2a049197c291ecd1fc7cb3
189,249.227395,0.099690958,0xee8a389281f18c33c6c52ed3ec407529dfc08b27,2017-10-24T00:01:54.000Z,0.0004,0x986fe610f50475350aecd06783f9d4ce581bf947,sell,0x1245de75147f5cd80a2826e7ff935f7aeefb6016,0x23cde4fa3d4112a7cb1ce65db2c37c4dc47a9fdf6c0214b305cd1e8baa932274
190,250,0.1,0xee8a389281f18c33c6c52ed3ec407529dfc08b27,2017-10-23T23:58:29.000Z,0.0004,0x2fdc8493e25ca5af28958941c74fae631bc99319,sell,0x1245de75147f5cd80a2826e7ff935f7aeefb6016,0x9f6957a356862912634fdad6997ddc1833c6379cc0e69a9710b59c995c9cce8d
191,110,0.0495,0xee8a389281f18c33c6c52ed3ec407529dfc08b27,2017-10-23T23:46:43.000Z,0.00045,0x2fdc8493e25ca5af28958941c74fae631bc99319,buy,0x1245de75147f5cd80a2826e7ff935f7aeefb6016,0x28d810a2847d5429ce66cbf1e10ead418080d07c7bce6349495fff233d26bda9
192,99.690958,0.03738410925,0x59382d769b963da21aeb2304d4098ad64bcd3a69,2017-10-23T23:32:47.000Z,0.000375,0x3439ea50ed00e9ba69d195eb0b5b403b3ba5fba2,sell,0x1245de75147f5cd80a2826e7ff935f7aeefb6016,0x1b6c228e7b9733c94b180e7f4763692edfe40d8c34500846ae2a805cadec4a53
193,40,0.018,0x3439ea50ed00e9ba69d195eb0b5b403b3ba5fba2,2017-10-23T23:10:59.000Z,0.00045,0x2fdc8493e25ca5af28958941c74fae631bc99319,buy,0x1245de75147f5cd80a2826e7ff935f7aeefb6016,0xb12a866d5bebefe9c5b0aaf7858f3bcd99672587647281c03dda993caa04479e
194,30,0.012,0x3439ea50ed00e9ba69d195eb0b5b403b3ba5fba2,2017-10-23T23:08:13.000Z,0.0004,0x362ca6a6ac1f24dd40bfab8f794b6e4a6f65ce67,sell,0x1245de75147f5cd80a2826e7ff935f7aeefb6016,0x35a498f1175460d4394a1b44ca547cff387a54fbc83112051d233b72c08b03d2
195,30,0.0114,0x3439ea50ed00e9ba69d195eb0b5b403b3ba5fba2,2017-10-23T22:44:35.000Z,0.00038,0x362ca6a6ac1f24dd40bfab8f794b6e4a6f65ce67,sell,0x1245de75147f5cd80a2826e7ff935f7aeefb6016,0x01ad211e9f0f7941ff69b357fb1338df943b5e09798a96d8ce48d88c5b63fd15
196,200,0.102,0x29bf0b78ff772c92ac8fd416e615973a716c9854,2017-10-23T21:55:18.000Z,0.00051,0x2fdc8493e25ca5af28958941c74fae631bc99319,buy,0x1245de75147f5cd80a2826e7ff935f7aeefb6016,0xff4e5e83ec0138951ab562a2469e0b21ff923cce2889e28021f8a91c903921a0
197,50,0.0205,0xedf96d80281019a6735968316c57bcc3a271abc5,2017-10-23T20:53:01.000Z,0.00041,0xcb6473204671311ee3f4caf23cfc71b1b38f43c8,buy,0x1245de75147f5cd80a2826e7ff935f7aeefb6016,0xe0064da5e6cc97eeaa710620fe63aef4dd6a50f1656cc1aa2951bcb38b4c9253
198,200,0.082,0x235a9dcaa2ab621da5779417f5b05c9a8b9fa6f7,2017-10-23T20:36:59.000Z,0.00041,0xcb6473204671311ee3f4caf23cfc71b1b38f43c8,buy,0x1245de75147f5cd80a2826e7ff935f7aeefb6016,0xdf9599e33ad6846df18ea7318728dae03b8035e71f2b5ea2eeb4551ea5a818b6
199,250,0.10125,0x34d4ecd77d6378ebdda1c62a38881e4587109181,2017-10-23T20:36:04.000Z,0.000405,0x2fdc8493e25ca5af28958941c74fae631bc99319,buy,0x1245de75147f5cd80a2826e7ff935f7aeefb6016,0x2c1464804d691102547797fbc4e7d818fcd95fc3b3effe7e5cdcb5dfccb20097
200,224,0.087472,0x235a9dcaa2ab621da5779417f5b05c9a8b9fa6f7,2017-10-23T20:35:26.000Z,0.0003905,0x2fdc8493e25ca5af28958941c74fae631bc99319,buy,0x1245de75147f5cd80a2826e7ff935f7aeefb6016,0x939cf3ba5d6987b31040c6b1d93892441a269c43342c8e761bc787f4fa6bfbc3
201,100,0.038,0x235a9dcaa2ab621da5779417f5b05c9a8b9fa6f7,2017-10-23T20:35:10.000Z,0.00038,0x5c42c1c22443b017b48081a97e5c328c6ba53c56,buy,0x1245de75147f5cd80a2826e7ff935f7aeefb6016,0x6b0b541fa8bd24f46c21cad769bfa024be11b25c87c4e98048118bf3575e8eaa
202,99.999927,0.037499972625,0xee8a389281f18c33c6c52ed3ec407529dfc08b27,2017-10-23T20:30:24.000Z,0.000375,0x3439ea50ed00e9ba69d195eb0b5b403b3ba5fba2,buy,0x1245de75147f5cd80a2826e7ff935f7aeefb6016,0xad010efb32075e2b99cf0acada3a4a82e81974d0a0cf1a5b79d29e1b7621ba17
203,250,0.09375,0xee8a389281f18c33c6c52ed3ec407529dfc08b27,2017-10-23T20:27:27.000Z,0.000375,0x4a6b1a04704f50e863973a1de0de310415e41141,buy,0x1245de75147f5cd80a2826e7ff935f7aeefb6016,0x847867d60f7d3fff6ddfd143be684b8dcd26c4ec9ed8601eafe53143fc8f1122
204,100,0.0375,0x4a1ee0184f90b3673d76c12c89ff125449f4af63,2017-10-23T20:26:21.000Z,0.000375,0x3439ea50ed00e9ba69d195eb0b5b403b3ba5fba2,buy,0x1245de75147f5cd80a2826e7ff935f7aeefb6016,0x6aa3f630fc42aa734e2e6a817122815151178a59c72c0e154480c5600160b7e1
205,184,0.0644,0xee8a389281f18c33c6c52ed3ec407529dfc08b27,2017-10-23T20:24:28.000Z,0.00035,0x34d4ecd77d6378ebdda1c62a38881e4587109181,buy,0x1245de75147f5cd80a2826e7ff935f7aeefb6016,0x35e1bce1bb97fa61e4c5564f80f2c7dbdfa77fd51bdd0dd30df1394bfa38326f
206,250,0.08475,0x4a1ee0184f90b3673d76c12c89ff125449f4af63,2017-10-23T20:10:53.000Z,0.000339,0x2fdc8493e25ca5af28958941c74fae631bc99319,buy,0x1245de75147f5cd80a2826e7ff935f7aeefb6016,0x613ff12728d80eaf8853f98ce48a25400aa3bef87a1e79333e85c0723eea73c5
207,197.4,0.0592203948,0x235a9dcaa2ab621da5779417f5b05c9a8b9fa6f7,2017-10-23T20:00:20.000Z,0.000300002,0x975ea36be13fd6a5d46395e93b0f17ab0c8e3469,sell,0x1245de75147f5cd80a2826e7ff935f7aeefb6016,0x5ee92d2826b3d12d3e0ee980e764f658a9deaae5acf8b376d6498443588f8304
208,300,0.1047,0xd62fac74b4030b6eb3cc1b0810a705c4dc8534a6,2017-10-23T19:45:05.000Z,0.000349,0x2fdc8493e25ca5af28958941c74fae631bc99319,buy,0x1245de75147f5cd80a2826e7ff935f7aeefb6016,0xf9094b4565c73db577d7c65d45d0ff1d8608b4e51c7006db84e362f8e3a5a305
209,100,0.033,0x2fdc8493e25ca5af28958941c74fae631bc99319,2017-10-23T19:35:31.000Z,0.00033,0x29bf0b78ff772c92ac8fd416e615973a716c9854,buy,0x1245de75147f5cd80a2826e7ff935f7aeefb6016,0x14f76a6aa9fa1314529fbab85aa42d4551786f44af216b59593ac32dd5dba9a0
210,185,0.0666,0x29bf0b78ff772c92ac8fd416e615973a716c9854,2017-10-23T19:35:31.000Z,0.00036,0x2fdc8493e25ca5af28958941c74fae631bc99319,buy,0x1245de75147f5cd80a2826e7ff935f7aeefb6016,0xaf3d4cd6e09bf7d92afe5293daa47b43e4897371657bb7fca5bfc59cb6dab272
211,249,0.074700249,0xee8a389281f18c33c6c52ed3ec407529dfc08b27,2017-10-23T19:27:42.000Z,0.000300001,0x2fdc8493e25ca5af28958941c74fae631bc99319,sell,0x1245de75147f5cd80a2826e7ff935f7aeefb6016,0xe6038b127a9536695380266235880c109aa4bdbb27f3b5a32375aab153db8974
212,249.227395,0.074768467727395,0xee8a389281f18c33c6c52ed3ec407529dfc08b27,2017-10-23T19:24:25.000Z,0.000300001,0x6772af38e83757a530edd65d17519ae1d4c8c9aa,sell,0x1245de75147f5cd80a2826e7ff935f7aeefb6016,0x28a3aa0abf50b2904af0e4b6d018e4929d04df6d506785f35dbdb06c2af0aea2
213,33,0.009900033,0xee8a389281f18c33c6c52ed3ec407529dfc08b27,2017-10-23T19:10:52.000Z,0.000300001,0x2fdc8493e25ca5af28958941c74fae631bc99319,sell,0x1245de75147f5cd80a2826e7ff935f7aeefb6016,0x7fb0d8c429bc3ec54b61a6cfa32aca23eb1d5a73c6503f6bd6feb8d93ba34824
214,33,0.009900033,0xee8a389281f18c33c6c52ed3ec407529dfc08b27,2017-10-23T19:10:52.000Z,0.000300001,0x2fdc8493e25ca5af28958941c74fae631bc99319,sell,0x1245de75147f5cd80a2826e7ff935f7aeefb6016,0x79b4d7b39613ab01472fdfb7eee3f8e4ee115ec77f933841391f087e20d7dc5f
215,33,0.009900033,0xee8a389281f18c33c6c52ed3ec407529dfc08b27,2017-10-23T19:10:52.000Z,0.000300001,0x2fdc8493e25ca5af28958941c74fae631bc99319,sell,0x1245de75147f5cd80a2826e7ff935f7aeefb6016,0xfe62559d91813259e7e06cf96cd0a036912e425eb31a33adb4a5a1f9f01a7089
216,33,0.009900033,0xee8a389281f18c33c6c52ed3ec407529dfc08b27,2017-10-23T19:10:52.000Z,0.000300001,0x2fdc8493e25ca5af28958941c74fae631bc99319,sell,0x1245de75147f5cd80a2826e7ff935f7aeefb6016,0xa951837efd2b02585a9b9c106df05298d6688fc8e06d2b26a10735c5f22209b6
217,33,0.01155,0x2fdc8493e25ca5af28958941c74fae631bc99319,2017-10-23T19:10:52.000Z,0.00035,0x34d4ecd77d6378ebdda1c62a38881e4587109181,buy,0x1245de75147f5cd80a2826e7ff935f7aeefb6016,0x4a19c29dba7b8b493ba03ec7fb92d40dbf96dc2a584ff57e1432af5de0a3c791
218,33,0.01155,0x2fdc8493e25ca5af28958941c74fae631bc99319,2017-10-23T19:10:52.000Z,0.00035,0x34d4ecd77d6378ebdda1c62a38881e4587109181,buy,0x1245de75147f5cd80a2826e7ff935f7aeefb6016,0x1ce862933b676a0cbfd163aac156f1dd38d4d0dc6012184c719e62c840dbea88
219,33,0.009900033,0xee8a389281f18c33c6c52ed3ec407529dfc08b27,2017-10-23T19:10:52.000Z,0.000300001,0x2fdc8493e25ca5af28958941c74fae631bc99319,sell,0x1245de75147f5cd80a2826e7ff935f7aeefb6016,0x5c06559255bf74866846ca7537ff2092d94e12bf93a3a0097c102b201772860e
220,33,0.009900033,0xee8a389281f18c33c6c52ed3ec407529dfc08b27,2017-10-23T19:06:59.000Z,0.000300001,0x2fdc8493e25ca5af28958941c74fae631bc99319,sell,0x1245de75147f5cd80a2826e7ff935f7aeefb6016,0x49ad07fef9b2566bb41ddce3a05cd6ca09a5415197611099faba04e782e6fa94
221,221.545,0.0664635,0x235a9dcaa2ab621da5779417f5b05c9a8b9fa6f7,2017-10-23T18:55:12.000Z,0.0003,0x2fdc8493e25ca5af28958941c74fae631bc99319,sell,0x1245de75147f5cd80a2826e7ff935f7aeefb6016,0x8b58f29a2f24efd91135588e05e706769a0455a4f2dd13787920566829c7067c
222,249.227395,0.0747682185,0x235a9dcaa2ab621da5779417f5b05c9a8b9fa6f7,2017-10-23T18:54:06.000Z,0.0003,0x2f44f41d28eb82547e07abb16096aca2c3c40f84,sell,0x1245de75147f5cd80a2826e7ff935f7aeefb6016,0xb8d5d83e1cae57e2e5027243a789663cef0a75ef0de9c5879ec7a7e046b69a63
223,249.227395,0.0747682185,0x235a9dcaa2ab621da5779417f5b05c9a8b9fa6f7,2017-10-23T18:12:38.000Z,0.0003,0x2e1b98f7135e8bbea88cb6132fc1ceac9e4a2041,sell,0x1245de75147f5cd80a2826e7ff935f7aeefb6016,0xf3bd37b3c0267a72483023a77e36f49f1558bee52ba807804d375012fae8bcb4
224,250,0.0925,0xf2850d2aa67ee4ff98236b78eb2dd474163ec246,2017-10-23T17:54:08.000Z,0.00037,0xe4b61857107db94a1a8ea87044766acb927d175e,buy,0x1245de75147f5cd80a2826e7ff935f7aeefb6016,0x9b084ed7b55f27308502e9b9ad905150d9b15660617b93019f7a3ff46dc6c334
225,250,0.075,0xd62fac74b4030b6eb3cc1b0810a705c4dc8534a6,2017-10-23T17:34:47.000Z,0.0003,0xa12fbfc4e85f658cf4f2674c81b497e9213a9217,buy,0x1245de75147f5cd80a2826e7ff935f7aeefb6016,0x79897dbfba54c9734ddc117a6c77284daec33cd972eebe88f497118430ce29aa
226,149,0.03725,0xd62fac74b4030b6eb3cc1b0810a705c4dc8534a6,2017-10-23T17:21:47.000Z,0.00025,0xab84e55942fd1bb60409f1d2623387decaac8fcf,sell,0x1245de75147f5cd80a2826e7ff935f7aeefb6016,0xe6d9a8340f90a539a5f20e4e5c6bd9a115db5030138b257ac48e67b8e8bbc892
227,249.227395,0.06230684875,0x2fdc8493e25ca5af28958941c74fae631bc99319,2017-10-23T17:04:55.000Z,0.00025,0xb425020c938069298f5fbd4ac89ee7d936627b14,sell,0x1245de75147f5cd80a2826e7ff935f7aeefb6016,0x6851c6d4f6cd6a8c8d839b3b1afae8fd910e3c04913684adb5344f4cf514ec11
228,108.016,0.03888576,0x3439ea50ed00e9ba69d195eb0b5b403b3ba5fba2,2017-10-23T16:59:47.000Z,0.00036,0x423b2a3ffb546d0cbaf25af92b3684a753dede35,sell,0x1245de75147f5cd80a2826e7ff935f7aeefb6016,0x7d9d2f3531f0bb4072be09f75f160eac5287973719fb2a35334ecb8c4fdb11c6
229,91.983927,0.03311421372,0x3439ea50ed00e9ba69d195eb0b5b403b3ba5fba2,2017-10-23T16:51:08.000Z,0.00036,0x0a7c835e82f5421595b258fa94ed0b1ece049f2a,sell,0x1245de75147f5cd80a2826e7ff935f7aeefb6016,0x5388d0abcbf7ce0a38cc09869b64548587bfa90f0fb25fdb5ae76a1f0a0450b2
230,1000,0.2865,0x2fdc8493e25ca5af28958941c74fae631bc99319,2017-10-23T16:49:34.000Z,0.0002865,0x0a7c835e82f5421595b258fa94ed0b1ece049f2a,sell,0x1245de75147f5cd80a2826e7ff935f7aeefb6016,0xdb1a4f37ba7de3750f65438309bbf8f9a85aa954d8790ea74eb9565e9876ac55
231,602.772605,0.181434554105,0xd62fac74b4030b6eb3cc1b0810a705c4dc8534a6,2017-10-23T16:49:19.000Z,0.000301,0x0a7c835e82f5421595b258fa94ed0b1ece049f2a,sell,0x1245de75147f5cd80a2826e7ff935f7aeefb6016,0xe52dc6152d89390f1a5dab97621523c2d6291409db31abde8f3ce50461af2133
232,50,0.0175,0x29bf0b78ff772c92ac8fd416e615973a716c9854,2017-10-23T16:49:08.000Z,0.00035,0x0a7c835e82f5421595b258fa94ed0b1ece049f2a,sell,0x1245de75147f5cd80a2826e7ff935f7aeefb6016,0x02c80aa4e61e1e1fac659f947cb5217849f63026d40ac443c208198a64b0e43f
233,25,0.0097625,0xee8a389281f18c33c6c52ed3ec407529dfc08b27,2017-10-23T16:42:46.000Z,0.0003905,0x2fdc8493e25ca5af28958941c74fae631bc99319,buy,0x1245de75147f5cd80a2826e7ff935f7aeefb6016,0xf77de935e6ea7e8c01cacf4d748f6883a5221bf5ef6ed3e2c84223c243bc9830
234,28,0.011284,0x2fdc8493e25ca5af28958941c74fae631bc99319,2017-10-23T16:36:52.000Z,0.000403,0x30da07c0540834c4a933f3b5545960ab6edfa32f,buy,0x1245de75147f5cd80a2826e7ff935f7aeefb6016,0x08a09921745ff80ea9fedf3a3c8ce2f7b3c3a51d155d537a7f197c19c9125f3d
235,170,0.06851,0xee8a389281f18c33c6c52ed3ec407529dfc08b27,2017-10-23T16:30:02.000Z,0.000403,0x30da07c0540834c4a933f3b5545960ab6edfa32f,buy,0x1245de75147f5cd80a2826e7ff935f7aeefb6016,0x325c280e5fe12236dd0a62ec0b82f039aa56cec11c78c516e5549b07309a86ff
236,52,0.020956,0x243d25fa46782c9bcd20f306894f6774e095cfc5,2017-10-23T16:28:23.000Z,0.000403,0x30da07c0540834c4a933f3b5545960ab6edfa32f,buy,0x1245de75147f5cd80a2826e7ff935f7aeefb6016,0x7c5ec2fc238922fd2b0fb25b808e64c6a38043e80178b0b0224e34f47ae22b87
237,249.227395,0.075017445895,0xd62fac74b4030b6eb3cc1b0810a705c4dc8534a6,2017-10-23T15:45:52.000Z,0.000301,0x4c8c4e09e6f281a2372355b6b4785bace328047a,sell,0x1245de75147f5cd80a2826e7ff935f7aeefb6016,0x001956842cff072c69c66222235b7288e1b9e590ff81e404df42d43e81dac727
238,250,0.1,0xf2850d2aa67ee4ff98236b78eb2dd474163ec246,2017-10-23T15:45:52.000Z,0.0004,0x289638bfe1b0e2e7353513e85657a2c20423f7d1,buy,0x1245de75147f5cd80a2826e7ff935f7aeefb6016,0x39e63dbd052f2ee98f829779f0cdacc61c99e6e0fb4489775c1b6536c18f37aa
239,200,0.072,0xf2850d2aa67ee4ff98236b78eb2dd474163ec246,2017-10-23T15:45:52.000Z,0.00036,0x1125feecfcb7576c795cfd094ba5a1a0c6fbb799,buy,0x1245de75147f5cd80a2826e7ff935f7aeefb6016,0x945b2b2260632a8c0a95676a253838390caafac46007cefc5108841d9be86662
240,50,0.0175,0xf2850d2aa67ee4ff98236b78eb2dd474163ec246,2017-10-23T15:45:08.000Z,0.00035,0x1125feecfcb7576c795cfd094ba5a1a0c6fbb799,buy,0x1245de75147f5cd80a2826e7ff935f7aeefb6016,0x7947a6216f46edde8c34c91517d73133be48bf399f8bf582add4fe894091db7d
241,200,0.069,0xf2850d2aa67ee4ff98236b78eb2dd474163ec246,2017-10-23T15:45:08.000Z,0.000345,0x3439ea50ed00e9ba69d195eb0b5b403b3ba5fba2,buy,0x1245de75147f5cd80a2826e7ff935f7aeefb6016,0xa06dc8951e4799609da4764883bc248c5f635dd405ce50f7b240c9354bc62a4c
242,48,0.014448,0xd62fac74b4030b6eb3cc1b0810a705c4dc8534a6,2017-10-23T15:34:46.000Z,0.000301,0x5c42c1c22443b017b48081a97e5c328c6ba53c56,sell,0x1245de75147f5cd80a2826e7ff935f7aeefb6016,0xb828f5d5ca485e256b374996db3bb75efb422f37b0479bd2a5a844bb4c091d75
243,100,0.0301,0xd62fac74b4030b6eb3cc1b0810a705c4dc8534a6,2017-10-23T15:33:37.000Z,0.000301,0x2fdc8493e25ca5af28958941c74fae631bc99319,sell,0x1245de75147f5cd80a2826e7ff935f7aeefb6016,0xea7f1a1e6b9acd0d26990ce87b5df2072c99d50f86ecf483d9a9f4c024874b4b
244,100,0.03,0x4a1ee0184f90b3673d76c12c89ff125449f4af63,2017-10-23T15:33:07.000Z,0.0003,0x29bf0b78ff772c92ac8fd416e615973a716c9854,sell,0x1245de75147f5cd80a2826e7ff935f7aeefb6016,0xab82ac2cb72566db7b8f8393457ded02c5f6cf1a33125cc6dd2e31cd2006aacf
245,500,0.17,0xd62fac74b4030b6eb3cc1b0810a705c4dc8534a6,2017-10-23T15:32:50.000Z,0.00034,0x2a0197507398019c56307b2833ca8889954e2d04,buy,0x1245de75147f5cd80a2826e7ff935f7aeefb6016,0x1d53dbdfdff7a9b42355f74e62d91665a8d5e327c705b16fecdc5af400a84006
246,150,0.045,0x4a1ee0184f90b3673d76c12c89ff125449f4af63,2017-10-23T15:31:52.000Z,0.0003,0x2fdc8493e25ca5af28958941c74fae631bc99319,sell,0x1245de75147f5cd80a2826e7ff935f7aeefb6016,0x79c9aecee259dd487152c98825279837d1afcf2dc363a43fbf25364822241b15
247,250,0.085,0xd62fac74b4030b6eb3cc1b0810a705c4dc8534a6,2017-10-23T15:27:40.000Z,0.00034,0x6bb665019956b9b728419f193aa22920daea3325,buy,0x1245de75147f5cd80a2826e7ff935f7aeefb6016,0x6c85e120093169f85917e1fb250fe40519599b1e6ff334b67e779f52152ccf79
248,1750.772605,0.5952626857,0x4a1ee0184f90b3673d76c12c89ff125449f4af63,2017-10-23T15:20:20.000Z,0.00034,0x2fdc8493e25ca5af28958941c74fae631bc99319,sell,0x1245de75147f5cd80a2826e7ff935f7aeefb6016,0x1097ee1ab5c0c85d1638a03b1b6553248a71f1a6feec93082057e3fa8807f73b
249,249.227395,0.0847373143,0x4a1ee0184f90b3673d76c12c89ff125449f4af63,2017-10-23T15:19:26.000Z,0.00034,0x56662b0762823767e6a641eddb2bc779751aaee6,sell,0x1245de75147f5cd80a2826e7ff935f7aeefb6016,0x1b449da22b41a30bc642223b4cb3e33a105d546be276642fc8cf0e11f472daf4
250,50.772605,0.01472405545,0x362ca6a6ac1f24dd40bfab8f794b6e4a6f65ce67,2017-10-23T15:17:55.000Z,0.00029,0x5c42c1c22443b017b48081a97e5c328c6ba53c56,sell,0x1245de75147f5cd80a2826e7ff935f7aeefb6016,0x980a5738ed234347f7152b4a11965c1b7ddff341f558789529182419cd6be023
251,50,0.015,0x3439ea50ed00e9ba69d195eb0b5b403b3ba5fba2,2017-10-23T15:17:39.000Z,0.0003,0x5c42c1c22443b017b48081a97e5c328c6ba53c56,sell,0x1245de75147f5cd80a2826e7ff935f7aeefb6016,0xcecd36152a3cdaefe703db0b7336aba70733d30f774aa32ea65465015261e2a8
252,150,0.045,0x3439ea50ed00e9ba69d195eb0b5b403b3ba5fba2,2017-10-23T15:15:56.000Z,0.0003,0x2fdc8493e25ca5af28958941c74fae631bc99319,sell,0x1245de75147f5cd80a2826e7ff935f7aeefb6016,0x80b658ebe2af92287374e78d55176fba3f462975c4e5af778fddab1e8fa3e854
253,249.227395,0.07227594455,0x362ca6a6ac1f24dd40bfab8f794b6e4a6f65ce67,2017-10-23T15:13:41.000Z,0.00029,0x69b519f912881a972d30e969f3ceb8e5e1f636dd,sell,0x1245de75147f5cd80a2826e7ff935f7aeefb6016,0xd6aa9275c9c372ab4406399871971d388fb161f76a0b124f5f8ae0ce921327bb
254,30,0.0087,0x362ca6a6ac1f24dd40bfab8f794b6e4a6f65ce67,2017-10-23T15:12:04.000Z,0.00029,0x2fdc8493e25ca5af28958941c74fae631bc99319,sell,0x1245de75147f5cd80a2826e7ff935f7aeefb6016,0x46c2bc817c7b3a3812709aa95d20dec28cfbb82601d93525d84f137c56c47ad5
255,150,0.051,0xd62fac74b4030b6eb3cc1b0810a705c4dc8534a6,2017-10-23T15:08:22.000Z,0.00034,0x3439ea50ed00e9ba69d195eb0b5b403b3ba5fba2,buy,0x1245de75147f5cd80a2826e7ff935f7aeefb6016,0x90371e8dd21281319be4e41503897a14796642a3aaffa02627c79d4dc01cccac
256,250,0.0825,0x2fdc8493e25ca5af28958941c74fae631bc99319,2017-10-23T15:01:35.000Z,0.00033,0x29bf0b78ff772c92ac8fd416e615973a716c9854,buy,0x1245de75147f5cd80a2826e7ff935f7aeefb6016,0x916f4f2b4cb9904233aef3a336f82e92804907ac78485a201f7ba7cf78acf158
257,250,0.0825,0x29bf0b78ff772c92ac8fd416e615973a716c9854,2017-10-23T15:00:25.000Z,0.00033,0x5c42c1c22443b017b48081a97e5c328c6ba53c56,sell,0x1245de75147f5cd80a2826e7ff935f7aeefb6016,0x4cf36a2c2e70512591de70fc74e761965c6a2f6baf6b8f724af5d6660c0f39e7
258,150,0.045,0x3439ea50ed00e9ba69d195eb0b5b403b3ba5fba2,2017-10-23T14:51:29.000Z,0.0003,0x2fdc8493e25ca5af28958941c74fae631bc99319,sell,0x1245de75147f5cd80a2826e7ff935f7aeefb6016,0x9b3e5152f2e00e1578075e79f04d420fa7cb0cc22ad11f614d38525643b15ade
259,250,0.08,0xd62fac74b4030b6eb3cc1b0810a705c4dc8534a6,2017-10-23T14:45:52.000Z,0.00032,0x81955fbe886b258fcc69eb2899ce5e3fc0b32792,buy,0x1245de75147f5cd80a2826e7ff935f7aeefb6016,0x03e17bfcc887d32a282656eb9535b5cd264945e4417299bd97dafbafa9961bb2
260,150,0.05025,0xd62fac74b4030b6eb3cc1b0810a705c4dc8534a6,2017-10-23T14:41:38.000Z,0.000335,0x3439ea50ed00e9ba69d195eb0b5b403b3ba5fba2,buy,0x1245de75147f5cd80a2826e7ff935f7aeefb6016,0x13222a1cb530768b020882e9959670996b3fb5903c5ec7078c940080e56caf77
261,99.242348,0.0223295283,0x243d25fa46782c9bcd20f306894f6774e095cfc5,2017-10-23T14:39:56.000Z,0.000225,0xbfabba641941642a046d060de0afcb7c6ca05c46,sell,0x1245de75147f5cd80a2826e7ff935f7aeefb6016,0xff30e3595c54ef0c3d1d9b74ad67b6facc938e5dda927de098808f18f00f319e
262,250,0.056,0x5c42c1c22443b017b48081a97e5c328c6ba53c56,2017-10-23T14:38:07.000Z,0.000224,0x51bff6f116cd1d9bffb0248a669bbd86635d92f8,buy,0x1245de75147f5cd80a2826e7ff935f7aeefb6016,0x8efce27ad0e142a54682a644d66388ac364d32ae1416273c92bc0316de3e83af
263,150,0.03975,0x3439ea50ed00e9ba69d195eb0b5b403b3ba5fba2,2017-10-23T14:35:50.000Z,0.000265,0xbfabba641941642a046d060de0afcb7c6ca05c46,sell,0x1245de75147f5cd80a2826e7ff935f7aeefb6016,0x061de258c7c8b08806a68fe61c4ea4bd608028f8c0d10c744390a6207bca3cb4
264,50,0.0175,0x29bf0b78ff772c92ac8fd416e615973a716c9854,2017-10-23T14:27:59.000Z,0.00035,0x874d5efcbd0a8e116f8ba806eca894b59e33031a,sell,0x1245de75147f5cd80a2826e7ff935f7aeefb6016,0x86b883b7c4749fc4281b3c513983ef0e0bf97d2a38c3b370ff53117d6ed76cd3
265,50,0.0185,0x29bf0b78ff772c92ac8fd416e615973a716c9854,2017-10-23T14:26:31.000Z,0.00037,0x874d5efcbd0a8e116f8ba806eca894b59e33031a,sell,0x1245de75147f5cd80a2826e7ff935f7aeefb6016,0x53fb9afdfe290103051ce69aad15a4e400f8203af862d97eb2308d31e0592e97
266,250,0.1,0xd62fac74b4030b6eb3cc1b0810a705c4dc8534a6,2017-10-23T14:25:49.000Z,0.0004,0xc6934e0cc0e6c97f7fadb37a6428c84cf8dfa3bd,buy,0x1245de75147f5cd80a2826e7ff935f7aeefb6016,0x761f1ee0a99928a15021e86a33073c738ed603e46e320b844025b3043e573f5c
267,33,0.01286967,0x2fdc8493e25ca5af28958941c74fae631bc99319,2017-10-23T14:25:38.000Z,0.00038999,0x874d5efcbd0a8e116f8ba806eca894b59e33031a,buy,0x1245de75147f5cd80a2826e7ff935f7aeefb6016,0xed5175b4b25185856d604ed1a6e195f040715d3e6bbbe25696bef655de502300
268,250,0.1,0xd62fac74b4030b6eb3cc1b0810a705c4dc8534a6,2017-10-23T14:24:59.000Z,0.0004,0xba95b4a5b130c4c1d27dc9e8adcf7f087cdb4c52,buy,0x1245de75147f5cd80a2826e7ff935f7aeefb6016,0xf86d420c1d39b5e96985f7bf36a2a550506283050c9a3e780b7d0149a54085d7
269,50,0.0185,0x29bf0b78ff772c92ac8fd416e615973a716c9854,2017-10-23T14:23:15.000Z,0.00037,0x8a7bda8b25472ff30d4abdc403c5ccf03118a1ef,sell,0x1245de75147f5cd80a2826e7ff935f7aeefb6016,0x31fa91bcedb5b7e049019147231ac0b6513711c18c9b72dc93abecb7c72dfc2e
270,149.237364,0.03283222008,0x235a9dcaa2ab621da5779417f5b05c9a8b9fa6f7,2017-10-23T14:19:37.000Z,0.00022,0x0e1f2339386173311b757641e3d6133c87c71324,sell,0x1245de75147f5cd80a2826e7ff935f7aeefb6016,0xfe81a27cef663542a99051052980ea44458350ca0717e18c6bb396d4a5b0ad06
271,100,0.032,0x243d25fa46782c9bcd20f306894f6774e095cfc5,2017-10-23T14:18:32.000Z,0.00032,0x0e1f2339386173311b757641e3d6133c87c71324,sell,0x1245de75147f5cd80a2826e7ff935f7aeefb6016,0x9f99abb567b6074304ba35a244e92e5b7e37b98c6e82eb32675343b7bb87a8f3
272,27,0.01053,0xee8a389281f18c33c6c52ed3ec407529dfc08b27,2017-10-23T14:17:53.000Z,0.00039,0x2fdc8493e25ca5af28958941c74fae631bc99319,buy,0x1245de75147f5cd80a2826e7ff935f7aeefb6016,0x1f952650e184168b139c888c95924b09c3fc693ef8804af2ec1715f632b9dd19
273,150,0.0585,0xee8a389281f18c33c6c52ed3ec407529dfc08b27,2017-10-23T14:16:15.000Z,0.00039,0x2fdc8493e25ca5af28958941c74fae631bc99319,buy,0x1245de75147f5cd80a2826e7ff935f7aeefb6016,0x1951628b447c5a345bc66cbfe3596bae64359b524311fe223ba0e76c3cb9c21b
274,250,0.0975,0xee8a389281f18c33c6c52ed3ec407529dfc08b27,2017-10-23T14:12:05.000Z,0.00039,0xc329a8a7e7d71146a018e7765fab94e74f1a12b6,buy,0x1245de75147f5cd80a2826e7ff935f7aeefb6016,0x72cf85645309f42aa196b915d6ab908a4b55146f5e4158b53c26a121f91197e9
275,250,0.097,0xee8a389281f18c33c6c52ed3ec407529dfc08b27,2017-10-23T14:10:51.000Z,0.000388,0x6821b62f2a11b20fa3697d056844c83658184a8b,buy,0x1245de75147f5cd80a2826e7ff935f7aeefb6016,0x569dff842f7a8e415d1bd40e64dc6e2948626bdf15e5bafb0d74b8c0df5f0f38
276,250,0.09724975,0xd62fac74b4030b6eb3cc1b0810a705c4dc8534a6,2017-10-23T14:09:18.000Z,0.000388999,0xd562f90fb7bcd0cfc18411eefc125c70447f6210,buy,0x1245de75147f5cd80a2826e7ff935f7aeefb6016,0x56d8761a6bdb3eb07876adf749ef88fa28689d33f4ce67783d37675a290d6640
277,250,0.09625,0xee8a389281f18c33c6c52ed3ec407529dfc08b27,2017-10-23T14:08:02.000Z,0.000385,0xe408f784458ea8becf9f12872ea78f10e06cfba8,buy,0x1245de75147f5cd80a2826e7ff935f7aeefb6016,0x0c61a825e0e5adbc1c1dd5fd4b45c4440fe87fd2d45f6514ef3c60ca2d37a1f8
278,250,0.09675,0x243d25fa46782c9bcd20f306894f6774e095cfc5,2017-10-23T14:07:45.000Z,0.000387,0x94d845ee4a1f5c86b6194e37bc3f9956234fa206,buy,0x1245de75147f5cd80a2826e7ff935f7aeefb6016,0xf6d95f133e63df372b69f76d7025ca64182337c848b1199995514aee6401ce6c
279,250,0.0962475,0xee8a389281f18c33c6c52ed3ec407529dfc08b27,2017-10-23T14:07:07.000Z,0.00038499,0x49f85e575535134ca100cf512c96525e992922d1,buy,0x1245de75147f5cd80a2826e7ff935f7aeefb6016,0x666310471e78aec31b4819d254baefe9f45b1f88effa11658c044a1ea6fba94d
280,250,0.095,0xd62fac74b4030b6eb3cc1b0810a705c4dc8534a6,2017-10-23T14:06:22.000Z,0.00038,0x2fdc8493e25ca5af28958941c74fae631bc99319,buy,0x1245de75147f5cd80a2826e7ff935f7aeefb6016,0xd8c67b0cff8590c8345f011a182ee2b3657d4ce061f1874b69bdc58a7e55a26d
281,250,0.0925,0xee8a389281f18c33c6c52ed3ec407529dfc08b27,2017-10-23T14:03:16.000Z,0.00037,0x2fdc8493e25ca5af28958941c74fae631bc99319,buy,0x1245de75147f5cd80a2826e7ff935f7aeefb6016,0xe1699bcf0196ddf3d54bc0246aeaffdc695fc13daf06bc96d61506137ea4924e
282,150,0.0495,0xee8a389281f18c33c6c52ed3ec407529dfc08b27,2017-10-23T13:57:43.000Z,0.00033,0x2fdc8493e25ca5af28958941c74fae631bc99319,buy,0x1245de75147f5cd80a2826e7ff935f7aeefb6016,0x9fccaca45830671ada9d83e9beb231040965c237e76b8de986cfeb484068b06c
283,100,0.032,0xd62fac74b4030b6eb3cc1b0810a705c4dc8534a6,2017-10-23T13:55:44.000Z,0.00032,0x3439ea50ed00e9ba69d195eb0b5b403b3ba5fba2,buy,0x1245de75147f5cd80a2826e7ff935f7aeefb6016,0xeba61dfa4a687bf6c610c114e1578b81a8230573147a349bbd1e4aecefc25a04
284,250,0.0825,0xd62fac74b4030b6eb3cc1b0810a705c4dc8534a6,2017-10-23T13:53:42.000Z,0.00033,0x2fdc8493e25ca5af28958941c74fae631bc99319,buy,0x1245de75147f5cd80a2826e7ff935f7aeefb6016,0x2d37f71b96a3baccace6293cb01650d112272b6f9f5ec9c42cc284813b5d3f80
285,249.227395,0.049845479,0x243d25fa46782c9bcd20f306894f6774e095cfc5,2017-10-23T13:52:41.000Z,0.0002,0x243d25fa46782c9bcd20f306894f6774e095cfc5,sell,0x1245de75147f5cd80a2826e7ff935f7aeefb6016,0x31e121e46755d743e1458b2017be3651ec04700825dcfc864388bffaa681de6a
286,250,0.0825,0xee8a389281f18c33c6c52ed3ec407529dfc08b27,2017-10-23T13:52:41.000Z,0.00033,0x2fdc8493e25ca5af28958941c74fae631bc99319,buy,0x1245de75147f5cd80a2826e7ff935f7aeefb6016,0xff77a705f7ccfb77db684650a2d0beadfdd3000581cff56f2c69977f996be418
287,250,0.08,0xee8a389281f18c33c6c52ed3ec407529dfc08b27,2017-10-23T13:51:28.000Z,0.00032,0x5c42c1c22443b017b48081a97e5c328c6ba53c56,buy,0x1245de75147f5cd80a2826e7ff935f7aeefb6016,0x916ff18f63958ebfa2dc5212fde2d4d83744d00fa55527442aa400dbb5dd34df
288,250,0.08,0xee8a389281f18c33c6c52ed3ec407529dfc08b27,2017-10-23T13:51:15.000Z,0.00032,0x5c42c1c22443b017b48081a97e5c328c6ba53c56,buy,0x1245de75147f5cd80a2826e7ff935f7aeefb6016,0x916ff18f63958ebfa2dc5212fde2d4d83744d00fa55527442aa400dbb5dd34df
289,100,0.029,0x243d25fa46782c9bcd20f306894f6774e095cfc5,2017-10-23T13:43:26.000Z,0.00029,0x2fdc8493e25ca5af28958941c74fae631bc99319,buy,0x1245de75147f5cd80a2826e7ff935f7aeefb6016,0x6152394ec3d82b65cb1ecc0e664d824d94e07c841d646b99e89d0382a9aa908c
290,250,0.065,0xd62fac74b4030b6eb3cc1b0810a705c4dc8534a6,2017-10-23T13:37:29.000Z,0.00026,0x2fdc8493e25ca5af28958941c74fae631bc99319,buy,0x1245de75147f5cd80a2826e7ff935f7aeefb6016,0x60d88d1dc68056adc2d1ca6d0f4de5a0254df0226b65586b8357dd9914b20c99
291,250,0.0625,0xee8a389281f18c33c6c52ed3ec407529dfc08b27,2017-10-23T13:36:21.000Z,0.00025,0xfbc52d77d786b3b9c40ebdeacd7139dcb77f655f,buy,0x1245de75147f5cd80a2826e7ff935f7aeefb6016,0x3ba970fded086ee866af75d2f28a683d003eb0facf76ec7b3e8e6e9f0682d3e1
292,150,0.0285,0x243d25fa46782c9bcd20f306894f6774e095cfc5,2017-10-23T13:31:08.000Z,0.00019,0x3439ea50ed00e9ba69d195eb0b5b403b3ba5fba2,buy,0x1245de75147f5cd80a2826e7ff935f7aeefb6016,0x8fb1b4d8406ac843858b297153fdced3834eba7e196cfcc9897ae9210fef5749
293,250,0.05,0xee8a389281f18c33c6c52ed3ec407529dfc08b27,2017-10-23T13:25:22.000Z,0.0002,0xedf96d80281019a6735968316c57bcc3a271abc5,buy,0x1245de75147f5cd80a2826e7ff935f7aeefb6016,0x4ccf2ab498e561d11566f7c0791666c539d5573b975c2ffbc0cf40ccecea6b7c
294,149,0.003427149,0x2a3ac54431fe70441b8147c32c66ad675681656e,2017-10-23T09:47:06.000Z,0.000023001,0xb9b65361c4da42b14b935bc778f141afa5d71558,sell,0x1245de75147f5cd80a2826e7ff935f7aeefb6016,0xcc6108b72870ee132ae83efe0042b623b7d961306a4da343f7f98779e9dd1498
295,100,0.00251,0xe673b1ea0c5d49462ce27cff1d58177af5de7dfa,2017-10-23T09:43:52.000Z,0.0000251,0xb9b65361c4da42b14b935bc778f141afa5d71558,sell,0x1245de75147f5cd80a2826e7ff935f7aeefb6016,0x43c02b616cb06db53b6be7a2f872296e8777a2c891ce9ef07cddc78e40e72716
296,249.227395,0.004236865715,0x975ea36be13fd6a5d46395e93b0f17ab0c8e3469,2017-10-23T06:06:00.000Z,0.000017,0xc6757a2b8e1fcda85dbaf0ed45133de95ab8a8c5,sell,0x1245de75147f5cd80a2826e7ff935f7aeefb6016,0xc392a8facb4eaa67f00e31dd07e6511e6c49332754169d56bfa911110f6b4307
297,0.000003,0.000000000051,0x975ea36be13fd6a5d46395e93b0f17ab0c8e3469,2017-10-23T05:52:01.000Z,0.000017,0x8573ee5247b043fc05e1e9405286c3b3dfa27cbc,sell,0x1245de75147f5cd80a2826e7ff935f7aeefb6016,0xc5ef0401a8433d0d1bef4a6f95ebabef64df4bf2174329d90a1531c320ae124c
298,0.024845,0.000000422365,0x975ea36be13fd6a5d46395e93b0f17ab0c8e3469,2017-10-23T05:51:40.000Z,0.000017,0x8573ee5247b043fc05e1e9405286c3b3dfa27cbc,sell,0x1245de75147f5cd80a2826e7ff935f7aeefb6016,0x2ab7a9b3cf365ac177faa9de20cb6dda207a7b66c1ad831517a4b64702cd0174
299,249.227395,0.004236865715,0x975ea36be13fd6a5d46395e93b0f17ab0c8e3469,2017-10-23T05:49:19.000Z,0.000017,0x8573ee5247b043fc05e1e9405286c3b3dfa27cbc,sell,0x1245de75147f5cd80a2826e7ff935f7aeefb6016,0x9f303f193b6329e2dd02c33bd7ca0ba9b8d3bc54ec896cd8b98d3005e78c170f
