,amount,amountBase,buyer,date,price,seller,side,tokenAddr,txHash
0,0.3,0.001503,0x273a5d3e6721b9f5c1a6474f560c1334c63dda01,2017-11-02T15:13:29.000Z,0.00501,0x74f355aeddfe000c50701d15594e37af63fddaa4,buy,0x2e071d2966aa7d8decb1005885ba1977d6038a65,0x8843fdc71afdd1c82d9e272a68a287e297b8e64bc51fd8dee50ffd36d7db5a80
1,0.2991,0.00242271,0xa2177f1c7b7552c69de0899c937e549987fad35d,2017-11-02T15:13:29.000Z,0.0081,0x273a5d3e6721b9f5c1a6474f560c1334c63dda01,sell,0x2e071d2966aa7d8decb1005885ba1977d6038a65,0x8843fdc71afdd1c82d9e272a68a287e297b8e64bc51fd8dee50ffd36d7db5a80
2,40,0.37996,0x869224885efe1684205ec49887dead497bc92de0,2017-11-02T15:05:24.000Z,0.009499,0x74f355aeddfe000c50701d15594e37af63fddaa4,sell,0x2e071d2966aa7d8decb1005885ba1977d6038a65,0x8707279bf55b07c2f1191969ba75362453867e1638fdf751ab15c585782b2b81
3,5.498,0.0456334,0x492842125e4c3a7d10cda0e0291ea22788e4ad60,2017-11-02T15:03:33.000Z,0.0083,0xedb95e40c8de076d3d3b17206582cfc7132675f2,sell,0x2e071d2966aa7d8decb1005885ba1977d6038a65,0x88037d189be45edd5a5cf63fdc581cf6a6bd0608e034fc84d7fa824343937554
4,100,0.85,0x3a5db26628d8ec738f8164d0a585946afbfb3332,2017-11-02T15:02:41.000Z,0.0085,0x74f355aeddfe000c50701d15594e37af63fddaa4,sell,0x2e071d2966aa7d8decb1005885ba1977d6038a65,0xe129914fd78dcd5c6f2344f1f038a6d3f182bbb77655e4a85aef525a44af0ad6
5,43.95,0.399945,0xc7a5f848d14ad9617e9680c71846e12ddaaf0f36,2017-11-02T14:57:27.000Z,0.0091,0x74f355aeddfe000c50701d15594e37af63fddaa4,sell,0x2e071d2966aa7d8decb1005885ba1977d6038a65,0xcf0955b00844aa88d99d617cece3940111a57142a983fbfa8baa91c1ba203ad8
6,89.85598117499485,0.8931594672813313,0xceaf5253efcef56b61be369b928213d091f81a9a,2017-11-02T12:57:44.000Z,0.0099399,0x9be96a6e861d2e5aff1fe0738bed664b6f0b543e,buy,0x2e071d2966aa7d8decb1005885ba1977d6038a65,0x1c689ab6fa057723db4331017ce0e962252dabb5fee8e5ec3eda1b3d51f5d2d4
7,11.981963927839798,0.1138286573144781,0xceaf5253efcef56b61be369b928213d091f81a9a,2017-11-02T12:55:51.000Z,0.0095,0x74f355aeddfe000c50701d15594e37af63fddaa4,buy,0x2e071d2966aa7d8decb1005885ba1977d6038a65,0xf3ea680e9d6e47774862b38b0c55587672f2896a66b32d12f1c1e878f8467399
8,15.753060432803267,0.14965407411163104,0xddec833d7f85da97954238fb4e46fc2f23118c25,2017-11-02T12:13:24.000Z,0.0095,0x74f355aeddfe000c50701d15594e37af63fddaa4,buy,0x2e071d2966aa7d8decb1005885ba1977d6038a65,0xc09fca628cc9eff4d64f9bf40cde19bc64ac7b6d5c8b099257811a0aafe66df4
9,50,0.475,0xc59b83ff69f2c02f53d0a29aaa28b4a896d9e76e,2017-11-02T11:38:09.000Z,0.0095,0x74f355aeddfe000c50701d15594e37af63fddaa4,buy,0x2e071d2966aa7d8decb1005885ba1977d6038a65,0x1f9d09ac7320a0db6932c6a645494f86fc98915ef7b5d1d8726fefa2fa47bb84
10,22.264975639356933,0.2115172685738909,0x37b18d9218b116cc0b4afb93bda9b3ae6fce3f46,2017-11-02T11:35:12.000Z,0.0095,0x74f355aeddfe000c50701d15594e37af63fddaa4,buy,0x2e071d2966aa7d8decb1005885ba1977d6038a65,0x388ea2b3074eabdf5405d14bc1d627e5a8f836acef63e8f2be5d4c8a53799472
11,0.0503018108651911,0.0005,0x4fda9e6bcd83af6c5cc771b5d20accc2b7720074,2017-11-02T09:43:54.000Z,0.00994000000000001,0x9be96a6e861d2e5aff1fe0738bed664b6f0b543e,buy,0x2e071d2966aa7d8decb1005885ba1977d6038a65,0x33e372acb722aabd77edf3692e2d06b64c8b8995bf03e828f4efce1af4bc553f
12,0.0503018108651911,0.0005,0x3075f7f189912f4f425dd7021b9c396434197477,2017-11-02T09:34:08.000Z,0.00994000000000001,0x9be96a6e861d2e5aff1fe0738bed664b6f0b543e,buy,0x2e071d2966aa7d8decb1005885ba1977d6038a65,0xc4ce3fc4b99b5dede16a675f554c40b86414bcb76cc7f40fa837fb5ec2d5f0e0
13,70,0.6958,0xa3c55cdef38319e613f7b0593b224448944a9b1d,2017-11-02T09:15:46.000Z,0.00994,0x9be96a6e861d2e5aff1fe0738bed664b6f0b543e,buy,0x2e071d2966aa7d8decb1005885ba1977d6038a65,0x54a04fca85491413e8c384ee47d4fcaa0e216b0d27658323d6176682c3575c8f
14,0.1207458159720537,0.001002190272568045,0x492842125e4c3a7d10cda0e0291ea22788e4ad60,2017-11-02T09:02:45.000Z,0.008299999999999995,0xd5764d17ec84d312bcb183cfdd2c8b25f7687ebb,sell,0x2e071d2966aa7d8decb1005885ba1977d6038a65,0x2236aef75574246464aa56a4402b7fc08c8be143bdf4cfab33a45db65e044dc1
15,1000,8.301,0x9be96a6e861d2e5aff1fe0738bed664b6f0b543e,2017-11-02T09:02:45.000Z,0.008301,0xd5764d17ec84d312bcb183cfdd2c8b25f7687ebb,sell,0x2e071d2966aa7d8decb1005885ba1977d6038a65,0xc74ce6abd10f88998711c8096aed522420b32d4f8912d14f5580f2d1b834d6f4
16,500,4,0x25b33418506e43a02bab5522c543ede920d3b0ff,2017-11-02T08:37:54.000Z,0.008,0xd5764d17ec84d312bcb183cfdd2c8b25f7687ebb,sell,0x2e071d2966aa7d8decb1005885ba1977d6038a65,0xbc9a8e93b49ba87ccf36078acbad85246d60b189ca89c17b5ff4a981dfe44e1b
17,650,5.3788423,0x41f176b9b38f35d046c042783b7f673df90f6822,2017-11-02T08:37:49.000Z,0.008275142,0xd5764d17ec84d312bcb183cfdd2c8b25f7687ebb,sell,0x2e071d2966aa7d8decb1005885ba1977d6038a65,0x09089ba7c68f707ac7ddc85aed97bd6701ba72916490d0dac374a92d1bd59598
18,30,0.249,0x793cdfbcc4fbdf5cab4690fc2635e5a5d88d9f38,2017-11-02T08:37:18.000Z,0.0083,0xd5764d17ec84d312bcb183cfdd2c8b25f7687ebb,sell,0x2e071d2966aa7d8decb1005885ba1977d6038a65,0xb381f8af26c566d73822005f73f82462fe17e4c09f9e8a3a23db09e7be7345ca
19,94.381,0.7833623,0x492842125e4c3a7d10cda0e0291ea22788e4ad60,2017-11-02T08:37:18.000Z,0.0083,0xd5764d17ec84d312bcb183cfdd2c8b25f7687ebb,sell,0x2e071d2966aa7d8decb1005885ba1977d6038a65,0x758f0cd9b5dbb8f05716368927400790c52ffb26dba90d3abb4c5b946dd6216e
20,1000,8.301,0x9be96a6e861d2e5aff1fe0738bed664b6f0b543e,2017-11-02T08:35:34.000Z,0.008301,0xd5764d17ec84d312bcb183cfdd2c8b25f7687ebb,sell,0x2e071d2966aa7d8decb1005885ba1977d6038a65,0xf410bf652baa66172e1b7ab1fb20f19c62440c3fa302fa6a4cea9ebf3de6d304
21,4.893,0.0450180465,0x1cb5f0297eab6b1a27351c1314b5bc74ee720aa0,2017-11-02T06:25:32.000Z,0.0092005,0x25b33418506e43a02bab5522c543ede920d3b0ff,sell,0x2e071d2966aa7d8decb1005885ba1977d6038a65,0x973011d8cd98edbaaa20c79cff29f8ea662b67b4ab1bb6283d70b4cbee7d9890
22,400,2.32,0x74f355aeddfe000c50701d15594e37af63fddaa4,2017-11-02T06:13:39.000Z,0.0058,0xd5764d17ec84d312bcb183cfdd2c8b25f7687ebb,sell,0x2e071d2966aa7d8decb1005885ba1977d6038a65,0x605ae24d4325a613149b6512460857376f2e97bac23e5ef5beaf93633fafd9f1
23,80,0.576,0x71c3e4c1986ee20ad871556cade3fb2efd80f28e,2017-11-02T06:13:34.000Z,0.0072,0xd5764d17ec84d312bcb183cfdd2c8b25f7687ebb,sell,0x2e071d2966aa7d8decb1005885ba1977d6038a65,0x1d076541a4af55176aa848558fcd270c1e0793018d381a25974db3d5d959c3db
24,40,0.32324,0x850b57fa5e6cf7dd624ac9287a2c7c79b342d7a8,2017-11-02T06:13:25.000Z,0.008081,0xd5764d17ec84d312bcb183cfdd2c8b25f7687ebb,sell,0x2e071d2966aa7d8decb1005885ba1977d6038a65,0x6155f33191385fb2f11ac97405d14851148ad0b7a7e2405af1195526bd4e0198
25,11.57,0.0934856,0x6e1f291b9358214d1c2e12f266e1e15775bd12bc,2017-11-02T06:13:25.000Z,0.00808,0xd5764d17ec84d312bcb183cfdd2c8b25f7687ebb,sell,0x2e071d2966aa7d8decb1005885ba1977d6038a65,0xbad072efc22179cc06b638e7c64da104132713a86b4f17745f0429442d4580eb
26,38,0.304,0x76275a6a84f12a5c7891e38a4a424467dcd8cd39,2017-11-02T06:13:25.000Z,0.008,0xd5764d17ec84d312bcb183cfdd2c8b25f7687ebb,sell,0x2e071d2966aa7d8decb1005885ba1977d6038a65,0xc6eb4849765c3a0aad1cd330236e7cc0846e76e6acbc420ab88c6513a83486cd
27,85,0.663,0x71c3e4c1986ee20ad871556cade3fb2efd80f28e,2017-11-02T06:13:25.000Z,0.0078,0xd5764d17ec84d312bcb183cfdd2c8b25f7687ebb,sell,0x2e071d2966aa7d8decb1005885ba1977d6038a65,0x245ce1fba7f9d7f70ca54ee2a76e95606adfa9e5da26cee91c6e895f7463b77d
28,70,0.588,0x71c3e4c1986ee20ad871556cade3fb2efd80f28e,2017-11-02T06:12:28.000Z,0.0084,0xd5764d17ec84d312bcb183cfdd2c8b25f7687ebb,sell,0x2e071d2966aa7d8decb1005885ba1977d6038a65,0x439fd0fd14c02e09fa255526acd22db5f36f5a2a84f114d2514caebca94c7508
29,291.89,2.714577,0xf0163f66ec80dda288e753e0a62c8eb71cd38684,2017-11-02T06:12:27.000Z,0.0093,0xd5764d17ec84d312bcb183cfdd2c8b25f7687ebb,sell,0x2e071d2966aa7d8decb1005885ba1977d6038a65,0x8775b21550a0e204250966ffdec64de905f20296c2d23c1896916e8f24c3f8e8
30,75,0.675,0x71c3e4c1986ee20ad871556cade3fb2efd80f28e,2017-11-02T06:12:27.000Z,0.009,0xd5764d17ec84d312bcb183cfdd2c8b25f7687ebb,sell,0x2e071d2966aa7d8decb1005885ba1977d6038a65,0xdd2b68aa54015ebbe22e97047d3d75aa2a9f2146a5ce48bbbaf16ba9d3a14fd6
31,2175,20.01002175,0xbc2900b2731157e68a1c01db25d7878623ba291b,2017-11-02T06:09:10.000Z,0.00920001,0xd5764d17ec84d312bcb183cfdd2c8b25f7687ebb,sell,0x2e071d2966aa7d8decb1005885ba1977d6038a65,0xc6694dfc49c52e6568143d217b360b9bd03a2a62bd1b824b35f286e0a17cef11
32,666,6.127207326,0x9c076455b231a5a4371d42ee0f5323d964417bda,2017-11-02T06:08:58.000Z,0.009200011,0xd5764d17ec84d312bcb183cfdd2c8b25f7687ebb,sell,0x2e071d2966aa7d8decb1005885ba1977d6038a65,0xc2267674c830d8fb9b1dc158553dd167307f1bfc71010c5adee0caa826e7a984
33,83.107,0.7646259535,0x1cb5f0297eab6b1a27351c1314b5bc74ee720aa0,2017-11-02T06:08:58.000Z,0.0092005,0xd5764d17ec84d312bcb183cfdd2c8b25f7687ebb,sell,0x2e071d2966aa7d8decb1005885ba1977d6038a65,0x4849b7db670b666c0c8b845769f3cdc7db2ad0f2c6f481169f1203dd302cf3f8
34,100,0.936,0xf0163f66ec80dda288e753e0a62c8eb71cd38684,2017-11-02T06:08:31.000Z,0.00936,0xd5764d17ec84d312bcb183cfdd2c8b25f7687ebb,sell,0x2e071d2966aa7d8decb1005885ba1977d6038a65,0x346dbf25a1ee902e5a5be04e62ebeb4ec375838ecbed354ea29badbc262f6c55
35,21,0.1974,0x17f20515dd55fb487a56482b7a41883726f211bd,2017-11-02T06:08:31.000Z,0.0094,0xd5764d17ec84d312bcb183cfdd2c8b25f7687ebb,sell,0x2e071d2966aa7d8decb1005885ba1977d6038a65,0xcaaecccaaa134966b62a3a51d5a9926364c6aa21c119c0f77b92f3984efdd320
36,8.9,0.08455,0x55c6c9d943a08b9e39e0ea27c50f0f6b16898f92,2017-11-02T06:08:16.000Z,0.0095,0xd5764d17ec84d312bcb183cfdd2c8b25f7687ebb,sell,0x2e071d2966aa7d8decb1005885ba1977d6038a65,0x9eb990c0038346a92199c73d732cc90cdba0bacd4e0a7a49e638f5f791a8259f
37,105,1.00905,0xdda3ff82def15fab2eca2f56229edbf62a1a2dc9,2017-11-02T06:08:08.000Z,0.00961,0xd5764d17ec84d312bcb183cfdd2c8b25f7687ebb,sell,0x2e071d2966aa7d8decb1005885ba1977d6038a65,0x08745c8ed9c772e0ba291782d6d95174f3ab225336ee36e61b8ddea9f04f9db0
38,50,0.48,0x71c3e4c1986ee20ad871556cade3fb2efd80f28e,2017-11-02T06:08:01.000Z,0.0096,0xd5764d17ec84d312bcb183cfdd2c8b25f7687ebb,sell,0x2e071d2966aa7d8decb1005885ba1977d6038a65,0xd094f7dfa26ca9e578574b90bdb01b11f44e4034444985ff21875faa1bb157d0
39,0.1748477969436649,0.001680462176425563,0x454e76c762efc04273cb62ad91d9ff216f1a0337,2017-11-02T06:07:37.000Z,0.009610999999999998,0xd5764d17ec84d312bcb183cfdd2c8b25f7687ebb,sell,0x2e071d2966aa7d8decb1005885ba1977d6038a65,0xc80e8c284448cbf42919ece227403aa61378ee495ca3b1e3b4813a1f6ad2db92
40,100,0.9611,0x79f9d8e0a4742982da7a6456b8729b0e047a04a7,2017-11-02T06:07:23.000Z,0.009611,0xd5764d17ec84d312bcb183cfdd2c8b25f7687ebb,sell,0x2e071d2966aa7d8decb1005885ba1977d6038a65,0x55cd5a2dae486c9819a01cfbfc2d2377fd809e7620647c8d3c19e57913196ea9
41,54,0.5238,0xdd0bd57f387393b1f3d0d80a8f47ac53c1b9b2a0,2017-11-02T06:07:09.000Z,0.0097,0xd5764d17ec84d312bcb183cfdd2c8b25f7687ebb,sell,0x2e071d2966aa7d8decb1005885ba1977d6038a65,0xe6a78450dc92ee65e13e6afe768aa7df638ac16e059049af2b95b3d18ea06b19
42,0.2,0.00196,0x454e76c762efc04273cb62ad91d9ff216f1a0337,2017-11-02T06:07:09.000Z,0.0098,0xd5764d17ec84d312bcb183cfdd2c8b25f7687ebb,sell,0x2e071d2966aa7d8decb1005885ba1977d6038a65,0x07fa88706969551c4d6e5b080f7ba73dd5974a66f019f3d24436836f57a33452
43,44.322,0.464893458,0x1dc4cf41ce1f397033dea502528b753b4d028009,2017-11-02T04:03:14.000Z,0.010489,0xb8dd9811d6cf2e6bb69d4db7e6134cbeda4c79a1,buy,0x2e071d2966aa7d8decb1005885ba1977d6038a65,0xbb5fe3374eba538ead47e813d12317d7e5fb04624fe0993e9ee817dad9c6c57d
44,50,0.5245,0x1dc4cf41ce1f397033dea502528b753b4d028009,2017-11-02T04:03:14.000Z,0.01049,0xa2177f1c7b7552c69de0899c937e549987fad35d,buy,0x2e071d2966aa7d8decb1005885ba1977d6038a65,0xa19cbe9e2f79a40869914e83d34389364e54949a465639794d268771c6373a90
45,108.90057492089714,1.142367030920211,0x9ca910038faea585b3fb52374b5557d14b2b32c3,2017-11-02T02:51:02.000Z,0.01049,0xa2177f1c7b7552c69de0899c937e549987fad35d,buy,0x2e071d2966aa7d8decb1005885ba1977d6038a65,0x554e9a630ba3f8f85c8d581a88d8374dc3b60d43fb5588fc785cc4f09e5adf06
46,100,1.049,0x9ca910038faea585b3fb52374b5557d14b2b32c3,2017-11-02T02:48:49.000Z,0.01049,0x49dc235474e153367b593cab41b56dff301fbea0,buy,0x2e071d2966aa7d8decb1005885ba1977d6038a65,0xa16d1652181e9dbaeb558b4490dc3b4c28824b98cdb452a870be0832f624ea49
47,0.0000000000004252,0.000000000000004593,0xdfd9faaa660efc76291873fce2c09c8f35686930,2017-11-02T00:09:15.000Z,0.010801975540921918,0x454e76c762efc04273cb62ad91d9ff216f1a0337,buy,0x2e071d2966aa7d8decb1005885ba1977d6038a65,0xbc4ca17fa624fe9201719c739245556c3741c9f1212fb845159cf731f5125593
48,0.0000000042657609,0.000000000046070218,0xdfd9faaa660efc76291873fce2c09c8f35686930,2017-11-02T00:01:12.000Z,0.010800000065638934,0x454e76c762efc04273cb62ad91d9ff216f1a0337,buy,0x2e071d2966aa7d8decb1005885ba1977d6038a65,0xcd93990772e223450fcdef2a898fa86102ebe131a991fe3c5733bed30ec6ac7d
49,0.0000427898472919,0.000000462130350753,0xdfd9faaa660efc76291873fce2c09c8f35686930,2017-11-01T23:57:25.000Z,0.010800000000011217,0x454e76c762efc04273cb62ad91d9ff216f1a0337,buy,0x2e071d2966aa7d8decb1005885ba1977d6038a65,0x6cd0552072c03e10994c1d45027450ad5941c85275a65f57013a8537f5ced342
50,0.2726840910823505,0.00463562954839996,0xdfd9faaa660efc76291873fce2c09c8f35686930,2017-11-01T23:53:41.000Z,0.017000000000000005,0x6e1f291b9358214d1c2e12f266e1e15775bd12bc,buy,0x2e071d2966aa7d8decb1005885ba1977d6038a65,0x7a002aed99c47126c40799967229ba1cf6144ccd480d17d245db34dc24064d9f
51,5,0.055125,0x36407ef4b1d3af82bc4f2c72549ec269ebacd0ea,2017-11-01T17:13:16.000Z,0.011025,0x0db5e7924d87d2ec27876882e7af911a58050dd1,buy,0x2e071d2966aa7d8decb1005885ba1977d6038a65,0x6c3f83c13ef4e54043b665ba6606cbfeb47bb5619997949077e72cb3c6d72ac0
52,0.2,0.00212,0x36407ef4b1d3af82bc4f2c72549ec269ebacd0ea,2017-11-01T17:12:08.000Z,0.0106,0x454e76c762efc04273cb62ad91d9ff216f1a0337,buy,0x2e071d2966aa7d8decb1005885ba1977d6038a65,0x91ca5145634fbcd928a98d5c11377b3061e7f7683dd86a8d136d7578fa1e242b
53,35,0.349125,0xde7f305eb22e87c54fc7604933d52b7f2b393891,2017-11-01T16:15:33.000Z,0.009975,0xd6ad47611a81d12f64d9f5d5f3016932d9ec6764,buy,0x2e071d2966aa7d8decb1005885ba1977d6038a65,0xa74d963099250ffdd17cecaf8f2f2cc0d6dc850f3e93896908beb13c0cbfd403
54,182,1.81545,0x366793b71fdf50d6214bf6f21059522777752093,2017-11-01T15:15:20.000Z,0.009975,0x6fb5aed8e3b51450f01235cd6f3ffa10f68845d0,sell,0x2e071d2966aa7d8decb1005885ba1977d6038a65,0x98c76edb7ad14e1de737e9dbde65034133d107a7a87264103374eeac4e6864e5
55,100,0.998,0xf0163f66ec80dda288e753e0a62c8eb71cd38684,2017-11-01T15:11:53.000Z,0.00998,0x6fb5aed8e3b51450f01235cd6f3ffa10f68845d0,sell,0x2e071d2966aa7d8decb1005885ba1977d6038a65,0xd8849449f05cbeede2473c7fa8f746395d9ba127d95f7d9386bfe9c465b7e8c7
56,80.06180839397867,0.7994171568138769,0x15bbcf76110505d3be5a9eb10c63f57f66d20c40,2017-11-01T15:11:39.000Z,0.009985,0x6fb5aed8e3b51450f01235cd6f3ffa10f68845d0,sell,0x2e071d2966aa7d8decb1005885ba1977d6038a65,0x5dbf8afcd487b78574d0cc1001e32851fb4cacc1099a362f5df585d6ce13e6ca
57,1,0.01,0xc9087108b890f9aee9c5b878c6f062a2b0c730f3,2017-11-01T15:11:14.000Z,0.01,0x6fb5aed8e3b51450f01235cd6f3ffa10f68845d0,sell,0x2e071d2966aa7d8decb1005885ba1977d6038a65,0xc880fac40b11180f72e8215b9ba4e1c4bccf1a91b456e7b17b69e26d2c1bfd64
58,19.938191606021334,0.19908284318612302,0x15bbcf76110505d3be5a9eb10c63f57f66d20c40,2017-11-01T15:01:52.000Z,0.009984999999999999,0x01356a9f103f2acb766f8723ee23e38ec847fb48,sell,0x2e071d2966aa7d8decb1005885ba1977d6038a65,0xd66c551b9f1c33a54de14161f003750143c969127617407b8f18c769746f2308
59,6,0.0645,0x0d98a5a59945cc1c088dc7db23581a66b3b6a8e0,2017-11-01T06:24:23.000Z,0.01075,0xa2177f1c7b7552c69de0899c937e549987fad35d,buy,0x2e071d2966aa7d8decb1005885ba1977d6038a65,0xc7baec7167b5419c582d5c97a5ae8ab69c80cca0785e3ba7e3d4e31a851af1df
60,1500,15,0xde7f305eb22e87c54fc7604933d52b7f2b393891,2017-11-01T03:38:19.000Z,0.01,0xd999935b4c0930edf8b9c47d0e66476d42a3e175,sell,0x2e071d2966aa7d8decb1005885ba1977d6038a65,0x9faa596c260bdb22a1773d915ae2803e48642389d088c3ac800219dea810ef50
61,300,3.03,0xf0163f66ec80dda288e753e0a62c8eb71cd38684,2017-11-01T03:38:06.000Z,0.0101,0xd999935b4c0930edf8b9c47d0e66476d42a3e175,sell,0x2e071d2966aa7d8decb1005885ba1977d6038a65,0x41fb3acc081720df6c18e7e179f1f5587b2c1412389ebc62dd1b7eb5e5a5688a
62,120,1.2132,0x8b84a01f601858926999386833f218a75579ca8e,2017-11-01T03:37:59.000Z,0.01011,0xd999935b4c0930edf8b9c47d0e66476d42a3e175,sell,0x2e071d2966aa7d8decb1005885ba1977d6038a65,0x2d743d20f273dc681df0bbe73b850a4a380912feb31df1bede64413364155188
63,250,2.52775,0xf0163f66ec80dda288e753e0a62c8eb71cd38684,2017-11-01T03:37:50.000Z,0.010111,0xd999935b4c0930edf8b9c47d0e66476d42a3e175,sell,0x2e071d2966aa7d8decb1005885ba1977d6038a65,0xcecefd8e63b4c476a6936d72bae3bfd4494aadcdbb4d0d322a3669479ce6f2fe
64,71.7,0.75285,0x2dc09b5d37b3c594c7fa2aceb0f356c414c52462,2017-11-01T03:37:42.000Z,0.0105,0xd999935b4c0930edf8b9c47d0e66476d42a3e175,sell,0x2e071d2966aa7d8decb1005885ba1977d6038a65,0x59ffb2eeb3beda944611df2808401aa9003b1b916817f9de7c2b3f83c8668cf2
65,90.3626412534629,0.984049163250211,0xceaf5253efcef56b61be369b928213d091f81a9a,2017-10-31T18:15:19.000Z,0.01089,0xa2177f1c7b7552c69de0899c937e549987fad35d,buy,0x2e071d2966aa7d8decb1005885ba1977d6038a65,0xd5f69e9698bdb148166e10975bf0afd8affb6449199eaf3747d4a43aab5502ad
66,80,0.8080008,0x49dc235474e153367b593cab41b56dff301fbea0,2017-10-31T17:18:15.000Z,0.01010001,0x66d4bacfe61df23be813089a7a6d1a749a5c936a,sell,0x2e071d2966aa7d8decb1005885ba1977d6038a65,0x1ce6ba2d0c106668316a407d1b17848577a83c7e294176245ad0e1f80d8f4fcf
67,20,0.2080002,0x49dc235474e153367b593cab41b56dff301fbea0,2017-10-31T17:17:49.000Z,0.01040001,0x66d4bacfe61df23be813089a7a6d1a749a5c936a,sell,0x2e071d2966aa7d8decb1005885ba1977d6038a65,0x9c93f4cfbec4865fea7437d22d773ffbbf9fb9ce0c9ca5e594ebe85e98ca7268
68,480,4.8,0x97315609fbc62bc48eb45c8690b75ceddd20dd1e,2017-10-31T17:16:03.000Z,0.01,0x66d4bacfe61df23be813089a7a6d1a749a5c936a,sell,0x2e071d2966aa7d8decb1005885ba1977d6038a65,0xd89d441d8a8dc46048e8c4309807e2080d30b01940462cd60add2be68d70cd60
69,300,3.003,0xa2177f1c7b7552c69de0899c937e549987fad35d,2017-10-31T17:15:01.000Z,0.01001,0x66d4bacfe61df23be813089a7a6d1a749a5c936a,sell,0x2e071d2966aa7d8decb1005885ba1977d6038a65,0x50ea8cb4b079bc526e13d7c76e6efa09434b1c2d16459a6a6257c2fc8b4e8ed6
70,505,5.05505,0xa2177f1c7b7552c69de0899c937e549987fad35d,2017-10-31T17:12:36.000Z,0.01001,0x66d4bacfe61df23be813089a7a6d1a749a5c936a,sell,0x2e071d2966aa7d8decb1005885ba1977d6038a65,0x7f5312e2c6e7339961f08ce92e28467920dd1293b20a5d5c73caef250f4b3156
71,0.05,0.0005455,0x5971f9b8c955285dcd49d4951a33a613d3e2701b,2017-10-31T17:12:36.000Z,0.01091,0xdda3ff82def15fab2eca2f56229edbf62a1a2dc9,buy,0x2e071d2966aa7d8decb1005885ba1977d6038a65,0xc271b9b9f86b705acf2282654b420bd6a58d6319c37ed4c955af2f54285f33ec
72,1000,10,0xde7f305eb22e87c54fc7604933d52b7f2b393891,2017-10-31T17:11:04.000Z,0.01,0x66d4bacfe61df23be813089a7a6d1a749a5c936a,sell,0x2e071d2966aa7d8decb1005885ba1977d6038a65,0x8a7dd73d78959d305f473ba934ab35c42c03a5604e73969b5d6580916b980f9c
73,1,0.01091,0x422d7c1f2f04e7582163d1381a436516f4de3c2a,2017-10-31T17:10:23.000Z,0.01091,0xdda3ff82def15fab2eca2f56229edbf62a1a2dc9,buy,0x2e071d2966aa7d8decb1005885ba1977d6038a65,0xb17f3e241b8d8da274c52d06065710f2deb9807fd00d5ec306d8ea217e249c72
74,150,1.5015,0x5becd859fe01f0a2ea2020ee8d7499c2530d6122,2017-10-31T17:03:55.000Z,0.01001,0x66d4bacfe61df23be813089a7a6d1a749a5c936a,sell,0x2e071d2966aa7d8decb1005885ba1977d6038a65,0x546d059a77b64740a915f5edaec036a30d970c67c5df0f40b982d69455024946
75,484.953,4.9950159,0xa2177f1c7b7552c69de0899c937e549987fad35d,2017-10-31T17:03:35.000Z,0.0103,0x66d4bacfe61df23be813089a7a6d1a749a5c936a,sell,0x2e071d2966aa7d8decb1005885ba1977d6038a65,0x1b658a2a17014ed7d1fdc0d475cbb86076bb4934e4dc62a4df222f702bad74ad
76,1108.4337407836483,12.070843437133929,0xde7f305eb22e87c54fc7604933d52b7f2b393891,2017-10-31T16:22:13.000Z,0.01089,0xa2177f1c7b7552c69de0899c937e549987fad35d,buy,0x2e071d2966aa7d8decb1005885ba1977d6038a65,0x4d14a9a8c9c0c93f79f56547a3f6cb948408f204a751492d69c48638a90cff23
77,91.56625921635177,0.9971565628660708,0xceaf5253efcef56b61be369b928213d091f81a9a,2017-10-31T15:54:15.000Z,0.01089,0xa2177f1c7b7552c69de0899c937e549987fad35d,buy,0x2e071d2966aa7d8decb1005885ba1977d6038a65,0x95cda9355d32a3026ee322560e3ad2c8b07bac2fbea4e5b4479ea0acf3c90cc1
78,100,1,0x3a5db26628d8ec738f8164d0a585946afbfb3332,2017-10-31T14:21:57.000Z,0.01,0x66d4bacfe61df23be813089a7a6d1a749a5c936a,sell,0x2e071d2966aa7d8decb1005885ba1977d6038a65,0x5e75b4c6b28f62a5d406544333159c47491940c11f76489c2eb12ab2369bd020
79,280.04760840548647,2.8004760840548646,0xde7f305eb22e87c54fc7604933d52b7f2b393891,2017-10-31T14:21:24.000Z,0.01,0x66d4bacfe61df23be813089a7a6d1a749a5c936a,sell,0x2e071d2966aa7d8decb1005885ba1977d6038a65,0x1e309734e6506f52aecb1ffef33248413272982fb7f45bec1117939d7c643143
80,719.9523915945135,7.199523915945135,0xde7f305eb22e87c54fc7604933d52b7f2b393891,2017-10-31T13:44:33.000Z,0.01,0xe809d458ea42a11be877d91929280a798a17cea0,sell,0x2e071d2966aa7d8decb1005885ba1977d6038a65,0x5b4d590dc5a1c420d080a071f0ae2968389f12021f26c4206ef28f35471f6029
81,500,5,0xe33939f494c37ba86a0d4d35dda9aba36ce6dbac,2017-10-31T13:18:18.000Z,0.01,0x6fb5aed8e3b51450f01235cd6f3ffa10f68845d0,sell,0x2e071d2966aa7d8decb1005885ba1977d6038a65,0xc95c4bce3432b39db9965028076023d55ae74d03c920a185f00566a8ee435541
82,569.429,5.69429,0x1d7384d546de28d682ec9a73c2aba056c72364cb,2017-10-31T13:09:41.000Z,0.01,0xd999935b4c0930edf8b9c47d0e66476d42a3e175,sell,0x2e071d2966aa7d8decb1005885ba1977d6038a65,0xa7f11bbb782b5eab758f03e194476c747fe03ca99088154e744bcb96c37d86a3
83,159,1.59318,0x454e76c762efc04273cb62ad91d9ff216f1a0337,2017-10-31T13:08:01.000Z,0.01002,0xd999935b4c0930edf8b9c47d0e66476d42a3e175,sell,0x2e071d2966aa7d8decb1005885ba1977d6038a65,0x6aa69aea2143be874cdd335b94815d75b5908b450d169bcf97dfd1940ab5293c
84,526.439,5.275445219,0x1d7384d546de28d682ec9a73c2aba056c72364cb,2017-10-31T13:06:29.000Z,0.010021,0xd999935b4c0930edf8b9c47d0e66476d42a3e175,sell,0x2e071d2966aa7d8decb1005885ba1977d6038a65,0x2f31ade77f4145c67a971d13e5102539ffc52dac9808313bed97e7b68be007e4
85,30,0.303,0xcf5fc15d82a33845f6acdc6068b8dab269c56c7e,2017-10-31T12:38:28.000Z,0.0101,0x6fb5aed8e3b51450f01235cd6f3ffa10f68845d0,sell,0x2e071d2966aa7d8decb1005885ba1977d6038a65,0xb1a4fc3aeb4a5008fb32799021cb086afcaac236f28602837c13203c8fcabf01
86,404.5607052138372,4.0541028269478625,0x1d7384d546de28d682ec9a73c2aba056c72364cb,2017-10-31T12:33:12.000Z,0.010021,0x445e2763f58d6e50fdfb1592e90e007d260a8b9b,sell,0x2e071d2966aa7d8decb1005885ba1977d6038a65,0x77b5c1b92e583b2ddf859e0fa21d6f13ca0471e756bbd635a8ec25991db276f4
87,500,5.0505,0xf0163f66ec80dda288e753e0a62c8eb71cd38684,2017-10-31T10:41:23.000Z,0.010101,0xd5764d17ec84d312bcb183cfdd2c8b25f7687ebb,sell,0x2e071d2966aa7d8decb1005885ba1977d6038a65,0x7a398a9d71c020556eafd2388d54071f1607b56f2d93eb487375bee83e1ce255
88,45,0.495,0x1d428e4d7b36b4d114db519982e77d3fe3371632,2017-10-31T09:50:50.000Z,0.011,0xd5764d17ec84d312bcb183cfdd2c8b25f7687ebb,buy,0x2e071d2966aa7d8decb1005885ba1977d6038a65,0xdc0059f295d173040d6338256ff0e745c9c530609e88ae0e5f7ebba35c294090
89,172.5759126335267,1.744742476724955,0x2bc9842431f9700969534d10c102a51caf13b925,2017-10-31T09:14:36.000Z,0.01011,0xd5764d17ec84d312bcb183cfdd2c8b25f7687ebb,sell,0x2e071d2966aa7d8decb1005885ba1977d6038a65,0x018790131779e66fa5570fbf56db144dc36e1473d6e4545e79a70598029acee1
90,235.047,2.4209841,0xa2177f1c7b7552c69de0899c937e549987fad35d,2017-10-31T09:09:41.000Z,0.0103,0xd5764d17ec84d312bcb183cfdd2c8b25f7687ebb,sell,0x2e071d2966aa7d8decb1005885ba1977d6038a65,0x514566273caa33f8fcbacb5b59a53514771d1eb24bf94932e4230be0cae1a32e
91,350,3.64,0xdda3ff82def15fab2eca2f56229edbf62a1a2dc9,2017-10-31T07:44:45.000Z,0.0104,0xd5764d17ec84d312bcb183cfdd2c8b25f7687ebb,sell,0x2e071d2966aa7d8decb1005885ba1977d6038a65,0x298326326702306e915786604b5c67eaf13245d5f401eb49b35908cfdc4dce9e
92,62.95468141032,0.6547916413487384,0xf0163f66ec80dda288e753e0a62c8eb71cd38684,2017-10-31T07:44:20.000Z,0.010401,0xd5764d17ec84d312bcb183cfdd2c8b25f7687ebb,sell,0x2e071d2966aa7d8decb1005885ba1977d6038a65,0x44ca7c34abf236c9db03866db5f89e7df53361f5556636d8e7e912854ee91d04
93,910.8565200637306,10.411090024328441,0xa2ba72eda57c8ad103df0020e26f6906b3ce9512,2017-10-31T04:30:00.000Z,0.01143,0xa2177f1c7b7552c69de0899c937e549987fad35d,buy,0x2e071d2966aa7d8decb1005885ba1977d6038a65,0xba50503bb55f3f94a1a109ae256d428482094b817ed3ef336aca90fccacac5a2
94,0.04531858968,0.00047135865126168,0xf0163f66ec80dda288e753e0a62c8eb71cd38684,2017-10-31T04:08:00.000Z,0.010401,0xe444a40689f51f63bcd29910622035707d533d29,sell,0x2e071d2966aa7d8decb1005885ba1977d6038a65,0xfb1f658f936ad231d32d97ad654045e4605ec0a4bc89e1600e2a73662b6670b7
95,4,0.04592,0x2a2b563aeec1ce4ba4b7666ad68faa1476fc7cd7,2017-10-31T01:52:25.000Z,0.01148,0xd42bd417c8e5042efe018f9bc49e28807a3d4b1f,buy,0x2e071d2966aa7d8decb1005885ba1977d6038a65,0x9efa5208ef1d585305e60e0f04327989930ce6683abe48ce473b6e8a97a4799a
96,37,0.384837,0xf0163f66ec80dda288e753e0a62c8eb71cd38684,2017-10-31T01:39:29.000Z,0.010401,0xd02e4dfb47555722c26724ff05597ef74830c54c,sell,0x2e071d2966aa7d8decb1005885ba1977d6038a65,0x6d7364dd60a0aeeb792adca7ad81d452ae94a52a4760b57216cfd2a2b86f15d0
97,100,1.0401,0xf0163f66ec80dda288e753e0a62c8eb71cd38684,2017-10-31T01:39:29.000Z,0.010401,0xd02e4dfb47555722c26724ff05597ef74830c54c,sell,0x2e071d2966aa7d8decb1005885ba1977d6038a65,0x128e9f4f561c8be4ac73aa32b3a91dc2b748304e2665b12fb40f6a3cfa6114a7
98,170,1.9295,0xde7f305eb22e87c54fc7604933d52b7f2b393891,2017-10-30T23:55:17.000Z,0.01135,0xdda3ff82def15fab2eca2f56229edbf62a1a2dc9,buy,0x2e071d2966aa7d8decb1005885ba1977d6038a65,0xec9ade884c18cb8b65b89a46932c01b9e8a42ee5451a25ce4ad00397b0caf64e
99,150,1.713,0xde7f305eb22e87c54fc7604933d52b7f2b393891,2017-10-30T23:53:40.000Z,0.01142,0xdda3ff82def15fab2eca2f56229edbf62a1a2dc9,buy,0x2e071d2966aa7d8decb1005885ba1977d6038a65,0xa776eeb98229c93800e86f39d9c28a3c445852bac4657ac9213bbfa678812bbb
100,300,3.42,0xde7f305eb22e87c54fc7604933d52b7f2b393891,2017-10-30T23:53:40.000Z,0.0114,0x2bc9842431f9700969534d10c102a51caf13b925,buy,0x2e071d2966aa7d8decb1005885ba1977d6038a65,0x8bf11703cf2df9480dbadba0f7e744727a0b39073ab0ae0da06975af11d734a9
101,95,1.0868,0xde7f305eb22e87c54fc7604933d52b7f2b393891,2017-10-30T23:53:40.000Z,0.01144,0x492842125e4c3a7d10cda0e0291ea22788e4ad60,buy,0x2e071d2966aa7d8decb1005885ba1977d6038a65,0x81732c91e42fbf8ce04a65246eee19266ec59971a30883fda4d4861a82a53ba9
102,69,0.691449,0x1d7384d546de28d682ec9a73c2aba056c72364cb,2017-10-30T23:51:26.000Z,0.010021,0x2fa6c619dcccbd1c360fb21b819a8d700b4280a6,sell,0x2e071d2966aa7d8decb1005885ba1977d6038a65,0xcdc86ede2ed0b3448ff500840b7fe4515751989c5a2d6fe44af63f6925eea276
103,250,2.575,0x25b33418506e43a02bab5522c543ede920d3b0ff,2017-10-30T22:33:09.000Z,0.0103,0xdc687ad89ce2a35cb8be58fbf5c241a541499c30,sell,0x2e071d2966aa7d8decb1005885ba1977d6038a65,0x4187923b41c613832725270aa57086d5cee02e2d66aae9fc790cdaf45ec78f59
104,85,0.92735,0xdda3ff82def15fab2eca2f56229edbf62a1a2dc9,2017-10-30T22:33:00.000Z,0.01091,0xdc687ad89ce2a35cb8be58fbf5c241a541499c30,sell,0x2e071d2966aa7d8decb1005885ba1977d6038a65,0xc73a05ee2d05d5947cd64f722a80f9893fc0170bc582d510ab386bb3d41a2a41
105,15,0.16365,0xdda3ff82def15fab2eca2f56229edbf62a1a2dc9,2017-10-30T22:09:19.000Z,0.01091,0x8b84a01f601858926999386833f218a75579ca8e,sell,0x2e071d2966aa7d8decb1005885ba1977d6038a65,0x80fdb85d0150e6fe598258e1dbd1e022fdc98959235d206330fa6bfe8dc24a80
106,33.82656264267647,0.386637611005792,0xfe1b80ecc5704b9f7c059af0d3d52f4a25bd4b40,2017-10-30T21:53:22.000Z,0.01143,0x8b84a01f601858926999386833f218a75579ca8e,buy,0x2e071d2966aa7d8decb1005885ba1977d6038a65,0xb6e640c07653998ca52103572bcbefa1320f87b02acd3e9ada6bb9881e62d3a9
107,102,1.050600102,0x6a1424bb183b5f458c309a2db47b07dc131d8040,2017-10-30T20:56:03.000Z,0.010300001,0xdc687ad89ce2a35cb8be58fbf5c241a541499c30,sell,0x2e071d2966aa7d8decb1005885ba1977d6038a65,0x11fb1cceb34a411e905f49b916b77723c1b2dc12618f1892fc473321c7ecae62
108,200,2.1724,0xf0163f66ec80dda288e753e0a62c8eb71cd38684,2017-10-30T20:55:44.000Z,0.010862,0xdc687ad89ce2a35cb8be58fbf5c241a541499c30,sell,0x2e071d2966aa7d8decb1005885ba1977d6038a65,0x10a0c65977cf5fc1dac426b55061d7a3ded828108d13af867b97ef4d134f6149
109,1000,10.5,0x1d8ad0b07f67b701f591cd00ee70164c4daf944f,2017-10-30T20:54:53.000Z,0.0105,0xdc687ad89ce2a35cb8be58fbf5c241a541499c30,sell,0x2e071d2966aa7d8decb1005885ba1977d6038a65,0x7a4b99ad88476818e6ec449ee7c832cfd245324d05e56f79c6a52d2457c4d25c
110,100,1.0861,0x492842125e4c3a7d10cda0e0291ea22788e4ad60,2017-10-30T20:54:53.000Z,0.010861,0xdc687ad89ce2a35cb8be58fbf5c241a541499c30,sell,0x2e071d2966aa7d8decb1005885ba1977d6038a65,0x33257024d3216128ffe3e9a862c28739e56cd68193c8a3a14ce4afe775f92739
111,300,3.09,0xf0163f66ec80dda288e753e0a62c8eb71cd38684,2017-10-30T20:54:53.000Z,0.0103,0xdc687ad89ce2a35cb8be58fbf5c241a541499c30,sell,0x2e071d2966aa7d8decb1005885ba1977d6038a65,0x3d8179d05acdc007e66b18b160f035087df3a315bb15418a50ec49c21281f330
112,970.82,9.999543082,0x84c378e255b91996ed968e45c5beeb2f1db12d0a,2017-10-30T20:54:53.000Z,0.0103001,0xdc687ad89ce2a35cb8be58fbf5c241a541499c30,sell,0x2e071d2966aa7d8decb1005885ba1977d6038a65,0xd538d4c534e902cbc5caaf334cada60c092c7bfe7be107f84f5c641073af8f90
113,145,1.57499,0xc046470980f8c5f83870881f002050309cf2b105,2017-10-30T20:54:48.000Z,0.010862,0xdc687ad89ce2a35cb8be58fbf5c241a541499c30,sell,0x2e071d2966aa7d8decb1005885ba1977d6038a65,0x5ac3e23d2337ee31780c5f062475f537fa404a4f7a19a856a7a145f005609f6c
114,20,0.218,0x2fa6c619dcccbd1c360fb21b819a8d700b4280a6,2017-10-30T20:53:49.000Z,0.0109,0xdc687ad89ce2a35cb8be58fbf5c241a541499c30,sell,0x2e071d2966aa7d8decb1005885ba1977d6038a65,0xc675533b6981ef90cbfc564d28ba1bb5103b1da6c256fd07036bbed8a7e9027b
115,825,9.03375,0xa2177f1c7b7552c69de0899c937e549987fad35d,2017-10-30T20:53:45.000Z,0.01095,0xdc687ad89ce2a35cb8be58fbf5c241a541499c30,sell,0x2e071d2966aa7d8decb1005885ba1977d6038a65,0x9a183933123a4208f9db375fe109809bbf6b163c5327363aa3004d3a2d423920
116,1.525,0.01675975,0x4cc34cc03fb09119bef8e9c49e6a95b3f70608be,2017-10-30T20:53:45.000Z,0.01099,0xdc687ad89ce2a35cb8be58fbf5c241a541499c30,sell,0x2e071d2966aa7d8decb1005885ba1977d6038a65,0x82e1f5e634eb44db795b149eca93c936136a65c07748af9bed158b351cb98981
117,780,9.0402,0x5f2c204a0ff76b48a9342c703c84f223f84ac6a7,2017-10-30T20:32:43.000Z,0.01159,0xa2177f1c7b7552c69de0899c937e549987fad35d,buy,0x2e071d2966aa7d8decb1005885ba1977d6038a65,0x6d975758b0044301a686efa82926065749ce724026f0d9aff194c9b19b94646a
118,112.05,1.23255,0xd02e4dfb47555722c26724ff05597ef74830c54c,2017-10-30T19:21:30.000Z,0.011,0xd5764d17ec84d312bcb183cfdd2c8b25f7687ebb,sell,0x2e071d2966aa7d8decb1005885ba1977d6038a65,0x341f69b7422e155ff91e56137dc97b372a8e5e3be456475e441f5e244beadf83
119,232,2.61696,0x2bc9842431f9700969534d10c102a51caf13b925,2017-10-30T19:20:46.000Z,0.01128,0xd5764d17ec84d312bcb183cfdd2c8b25f7687ebb,sell,0x2e071d2966aa7d8decb1005885ba1977d6038a65,0x04225a4a8e1790a384f906d2250d08a66416d7c3fd173b8d1dfde38966da3f7a
120,32.03966410306855,0.3620482043646746,0xdda3ff82def15fab2eca2f56229edbf62a1a2dc9,2017-10-30T18:59:49.000Z,0.0113,0xd5764d17ec84d312bcb183cfdd2c8b25f7687ebb,sell,0x2e071d2966aa7d8decb1005885ba1977d6038a65,0x67ca0be0f7d7aba160c0a7fdf50665656a3b6d60acfeab1032ad0174deadb466
121,68,0.76704,0x2bc9842431f9700969534d10c102a51caf13b925,2017-10-30T18:57:47.000Z,0.01128,0xd5764d17ec84d312bcb183cfdd2c8b25f7687ebb,sell,0x2e071d2966aa7d8decb1005885ba1977d6038a65,0xfa985111920864b52268bdc61b1e170c2a5797961bd106c3ae71b0d0b1a57f71
122,117,1.3455,0xde7f305eb22e87c54fc7604933d52b7f2b393891,2017-10-30T17:11:33.000Z,0.0115,0xdda3ff82def15fab2eca2f56229edbf62a1a2dc9,buy,0x2e071d2966aa7d8decb1005885ba1977d6038a65,0x05d30e52b0c24e2a2fdea5fb502c4f4b724a7bf128d3f9c2ca511314a5ec8e3e
123,300,3.42,0xde7f305eb22e87c54fc7604933d52b7f2b393891,2017-10-30T17:10:51.000Z,0.0114,0x2bc9842431f9700969534d10c102a51caf13b925,buy,0x2e071d2966aa7d8decb1005885ba1977d6038a65,0xcf9308c2cffb87a018d7aa6a7ea6f375afbef5b2b2a27c17578c414b75f54342
124,614.6,6.94498,0xde7f305eb22e87c54fc7604933d52b7f2b393891,2017-10-30T17:10:42.000Z,0.0113,0x9a576a64b3cdd05fc9de13482f9ec484fb83dce4,buy,0x2e071d2966aa7d8decb1005885ba1977d6038a65,0xd83cea8ce9d93815f0dc7615b796bcae7eafb3e3b80fccaeae8e82f09ae815f6
125,15.1,0.17063,0x735b71a05531bf047bc799caab80b02d4a44f29e,2017-10-30T16:49:47.000Z,0.0113,0x9a576a64b3cdd05fc9de13482f9ec484fb83dce4,buy,0x2e071d2966aa7d8decb1005885ba1977d6038a65,0x8f3d6bd6d9d4499027d459fb2a8ad7f844ba89424e9c9bc1f9297be6315f3f53
126,204,2.295,0xa2177f1c7b7552c69de0899c937e549987fad35d,2017-10-30T14:26:38.000Z,0.01125,0xdc687ad89ce2a35cb8be58fbf5c241a541499c30,sell,0x2e071d2966aa7d8decb1005885ba1977d6038a65,0x2debb2c31361bf15c5d560c2d2ef1d5a21bc7dfa6d0e27edd7ee48dcf323ab8f
127,249.914,2.7990368,0xf0163f66ec80dda288e753e0a62c8eb71cd38684,2017-10-30T14:26:38.000Z,0.0112,0xdc687ad89ce2a35cb8be58fbf5c241a541499c30,sell,0x2e071d2966aa7d8decb1005885ba1977d6038a65,0xcc6d6ce0d0634ae182c0d156517378a9f190fe5c75caf37022dc0fd0fb5f026c
128,300,3.384,0x2bc9842431f9700969534d10c102a51caf13b925,2017-10-30T14:26:00.000Z,0.01128,0xdc687ad89ce2a35cb8be58fbf5c241a541499c30,sell,0x2e071d2966aa7d8decb1005885ba1977d6038a65,0x8c1887268797e97891019539eb9acbe24ec12d7d8c65b778119ec4c45180e1b3
129,117,1.3221,0xdda3ff82def15fab2eca2f56229edbf62a1a2dc9,2017-10-30T14:26:00.000Z,0.0113,0xdc687ad89ce2a35cb8be58fbf5c241a541499c30,sell,0x2e071d2966aa7d8decb1005885ba1977d6038a65,0xd23d1dd409621b162415a25a90d58cee437de86622ea927e8ee8f2f59a35860f
130,370,4.329,0x82c8492e4ec124f097becec001d8b089bd144ae1,2017-10-30T14:11:29.000Z,0.0117,0x9a576a64b3cdd05fc9de13482f9ec484fb83dce4,buy,0x2e071d2966aa7d8decb1005885ba1977d6038a65,0x7584807f0251659dd3b47f81afa13405aba36536970d1d07246b0b571fd43a5c
131,105,1.25895,0x82c8492e4ec124f097becec001d8b089bd144ae1,2017-10-30T13:57:54.000Z,0.01199,0xdda3ff82def15fab2eca2f56229edbf62a1a2dc9,buy,0x2e071d2966aa7d8decb1005885ba1977d6038a65,0xa51402ff00305423778f058a4717d1ae0a24a369d291a0908a22544ab086b0d4
132,200,2.26,0xdda3ff82def15fab2eca2f56229edbf62a1a2dc9,2017-10-30T13:56:13.000Z,0.0113,0x9a576a64b3cdd05fc9de13482f9ec484fb83dce4,sell,0x2e071d2966aa7d8decb1005885ba1977d6038a65,0x86772f920741596595ce13e66bc454d47489533350a3fe763a8ffb7bb44ab7ee
133,125.119,1.4764042,0x82c8492e4ec124f097becec001d8b089bd144ae1,2017-10-30T13:55:28.000Z,0.0118,0xc046470980f8c5f83870881f002050309cf2b105,buy,0x2e071d2966aa7d8decb1005885ba1977d6038a65,0x3723ba6d62394f428b3380a6afdce014aae39cb6b45fbb5e4927b50d21e4cceb
134,125.119,1.4764042,0x82c8492e4ec124f097becec001d8b089bd144ae1,2017-10-30T13:55:24.000Z,0.0118,0xc046470980f8c5f83870881f002050309cf2b105,buy,0x2e071d2966aa7d8decb1005885ba1977d6038a65,0x3723ba6d62394f428b3380a6afdce014aae39cb6b45fbb5e4927b50d21e4cceb
135,8.450912956902165,0.09972077289144556,0xe1420b828cd2cb6c0d0488992e8176c25b4d7748,2017-10-30T13:12:00.000Z,0.0118,0xc046470980f8c5f83870881f002050309cf2b105,buy,0x2e071d2966aa7d8decb1005885ba1977d6038a65,0xf46138801b6950d330032c5cae5e6c6355dc694fea9ab60c918a2793f91aea8f
136,39.88,0.4701852,0xdda3ff82def15fab2eca2f56229edbf62a1a2dc9,2017-10-30T12:19:20.000Z,0.01179,0x8b84a01f601858926999386833f218a75579ca8e,buy,0x2e071d2966aa7d8decb1005885ba1977d6038a65,0xab9d81f5d5a7ab224c1733984a3501fcbbb8957718c8a73fe97ca392d45c8eb4
137,50,0.5995,0x1d428e4d7b36b4d114db519982e77d3fe3371632,2017-10-30T10:15:51.000Z,0.01199,0xdda3ff82def15fab2eca2f56229edbf62a1a2dc9,buy,0x2e071d2966aa7d8decb1005885ba1977d6038a65,0x0f0f4237720d49e0fcaa9fd7469684855f35f193060632a5dad85b78d170dfc1
138,90,1.08,0x4cc34cc03fb09119bef8e9c49e6a95b3f70608be,2017-10-30T05:13:52.000Z,0.012,0x09d390e78faa3eca8c6e3c0bb3c6cbcaf679a44c,buy,0x2e071d2966aa7d8decb1005885ba1977d6038a65,0xd5c2fee2af78f3cab1f4db92a463972a8eb6f63d6280dfd7ce5c10a75ce2643d
139,82.9927225600638,0.9959126707207656,0xf2acab17021480de7310a6816b1ac796b0eb0c12,2017-10-30T03:55:43.000Z,0.012,0x09d390e78faa3eca8c6e3c0bb3c6cbcaf679a44c,buy,0x2e071d2966aa7d8decb1005885ba1977d6038a65,0x2120aa126705f3b0e0f1098d92630f47e1972ba66b339c4cd421b4d13265e6aa
140,0.0422819751,0.00047355812112,0xf0163f66ec80dda288e753e0a62c8eb71cd38684,2017-10-30T02:13:20.000Z,0.0112,0x16e5d97bbc92417e051e3b2cabfbf8ceea2acb9c,sell,0x2e071d2966aa7d8decb1005885ba1977d6038a65,0xb8d8dc52e272bec07ccb5f1f1b8cdd109f180f6b4f9c3e031e0df18ad7504b8c
141,0.04342373575,0.0004863458404,0xf0163f66ec80dda288e753e0a62c8eb71cd38684,2017-10-30T02:13:01.000Z,0.0112,0x379374d13077e8867ef31803c37baf9785a17c00,sell,0x2e071d2966aa7d8decb1005885ba1977d6038a65,0x99eb755d68c6f528f44dcaf4d6241243768e561cdfb3a2387ce01a8ce498e14a
142,50,0.56,0xf0163f66ec80dda288e753e0a62c8eb71cd38684,2017-10-30T02:02:31.000Z,0.0112,0x829ee8815677e6db239b7e8531710d17748786bf,sell,0x2e071d2966aa7d8decb1005885ba1977d6038a65,0x9b9233fc9a494a2c96b23d3c8d3903a85ca3948a4df912be81806f35189bfed3
143,150,1.8,0x89809d4c349bf4e6485bd809e19da531c9c5ac0e,2017-10-30T01:09:57.000Z,0.012,0x09d390e78faa3eca8c6e3c0bb3c6cbcaf679a44c,buy,0x2e071d2966aa7d8decb1005885ba1977d6038a65,0xbbd07532bc60a6abc5dd8b57bc1240e0cefd99924c6683a35579aa2f7b45bf12
144,11.630611770179112,0.13956734124214934,0x632c4648943adc2dcade9942e1f76ea7bc5e370d,2017-10-30T00:33:07.000Z,0.012,0x09d390e78faa3eca8c6e3c0bb3c6cbcaf679a44c,buy,0x2e071d2966aa7d8decb1005885ba1977d6038a65,0xd24228960d39cec29863af63b4437aca412be9e8c46511b9d50ba1f2b3268794
145,53.428,0.627779,0xf0163f66ec80dda288e753e0a62c8eb71cd38684,2017-10-29T22:54:10.000Z,0.01175,0x1d7384d546de28d682ec9a73c2aba056c72364cb,buy,0x2e071d2966aa7d8decb1005885ba1977d6038a65,0x28c5b41f67a9d75fd37d8a296d71486f7e0c9110973697f775562fe1f94b31a9
146,1.732,0.020351,0x9d482aa44e48999975c59275ec646598e738516c,2017-10-29T22:40:30.000Z,0.01175,0x1d7384d546de28d682ec9a73c2aba056c72364cb,buy,0x2e071d2966aa7d8decb1005885ba1977d6038a65,0xbd493c7794c4955a6fcf84ff7934203ecac282e59b77785d321711d58781a3a9
147,155,1.8197,0xf0163f66ec80dda288e753e0a62c8eb71cd38684,2017-10-29T21:50:00.000Z,0.01174,0xdda3ff82def15fab2eca2f56229edbf62a1a2dc9,buy,0x2e071d2966aa7d8decb1005885ba1977d6038a65,0xf579b593c8adaa340b9d3fd4371a1bf9c42dcbc8f7b24f4d3724a462e7053c39
148,213.99022646816147,2.5143851610008974,0xb15f40fefd534e7ce4332a5744d82e85faa19581,2017-10-29T21:42:16.000Z,0.01175,0x1d7384d546de28d682ec9a73c2aba056c72364cb,buy,0x2e071d2966aa7d8decb1005885ba1977d6038a65,0x6cd018fda5e2a8f4bae69b06657d114b5aeba3e25d2a97c81563377b126f0d4a
149,140,1.6436,0xb15f40fefd534e7ce4332a5744d82e85faa19581,2017-10-29T21:38:41.000Z,0.01174,0xa2177f1c7b7552c69de0899c937e549987fad35d,buy,0x2e071d2966aa7d8decb1005885ba1977d6038a65,0x2c4de4c293a072cedec3485807acdfd819d5265439ca65f31d4e539d6739b3d6
150,120,1.404,0xb15f40fefd534e7ce4332a5744d82e85faa19581,2017-10-29T21:38:25.000Z,0.0117,0x2bc9842431f9700969534d10c102a51caf13b925,buy,0x2e071d2966aa7d8decb1005885ba1977d6038a65,0x6a7d2bffac59c5af66fc2eca8f35ebefc6239e17700fa1904ed5dae723d18abe
151,42.4,0.4664,0xd02e4dfb47555722c26724ff05597ef74830c54c,2017-10-29T21:33:19.000Z,0.011,0x8b84a01f601858926999386833f218a75579ca8e,sell,0x2e071d2966aa7d8decb1005885ba1977d6038a65,0x01ebfd156910971701c16fefd73bfe7cf8a3b455adfb8b9a5bfa4329c9ea00e8
152,50,0.587,0x486ac172e03b10da4d9eae422525d034009cd4f3,2017-10-29T21:26:29.000Z,0.01174,0xa2177f1c7b7552c69de0899c937e549987fad35d,buy,0x2e071d2966aa7d8decb1005885ba1977d6038a65,0x8350e4383f587617378754ca298466bb881bdf823efcfea7ed724c28a2ecbfdb
153,155,1.7205,0xdda3ff82def15fab2eca2f56229edbf62a1a2dc9,2017-10-29T21:26:13.000Z,0.0111,0x2bc9842431f9700969534d10c102a51caf13b925,sell,0x2e071d2966aa7d8decb1005885ba1977d6038a65,0x4df9569655e28f76acd035831e2fb87db2f7d28052ab7c96e9bab47a4cacff57
154,210.8495412387923,2.4774821095558095,0xceaf5253efcef56b61be369b928213d091f81a9a,2017-10-29T20:57:43.000Z,0.01175,0x1d7384d546de28d682ec9a73c2aba056c72364cb,buy,0x2e071d2966aa7d8decb1005885ba1977d6038a65,0xb30a2da4e43776ede9c3b08d25627f0499d9180a8416cbe22e7d083433805272
155,195,2.2815,0xceaf5253efcef56b61be369b928213d091f81a9a,2017-10-29T20:56:08.000Z,0.0117,0xa2177f1c7b7552c69de0899c937e549987fad35d,buy,0x2e071d2966aa7d8decb1005885ba1977d6038a65,0x29593483e2722c5a142bc542c705be00369016a33fb8608c1a8de2d31c1a2da8
156,32.08993402503521,0.37545222809291195,0xceaf5253efcef56b61be369b928213d091f81a9a,2017-10-29T20:55:27.000Z,0.0117,0xdda3ff82def15fab2eca2f56229edbf62a1a2dc9,buy,0x2e071d2966aa7d8decb1005885ba1977d6038a65,0x67271a8477826d73c28a382f44fbe0794413a392edc03ee1944bfc2c8e9bf508
157,86.9100659749648,1.016847771907088,0x0c54d54f8371017473b2d5add81908b775b5a800,2017-10-29T19:06:55.000Z,0.0117,0xdda3ff82def15fab2eca2f56229edbf62a1a2dc9,buy,0x2e071d2966aa7d8decb1005885ba1977d6038a65,0x9507e857aa93298fa31c83637b124a863f8a3dfdaf946b8376baf3aa15c972bb
158,20,0.235,0x1d428e4d7b36b4d114db519982e77d3fe3371632,2017-10-29T13:19:25.000Z,0.01175,0x1d7384d546de28d682ec9a73c2aba056c72364cb,buy,0x2e071d2966aa7d8decb1005885ba1977d6038a65,0x3e691e64a7d2faca6cf32388d3fdf8cf1cf18d1163c1346518318d58c7093b3d
159,69.3,0.75537,0xdda3ff82def15fab2eca2f56229edbf62a1a2dc9,2017-10-29T12:13:26.000Z,0.0109,0x8b84a01f601858926999386833f218a75579ca8e,sell,0x2e071d2966aa7d8decb1005885ba1977d6038a65,0x2c4e80e441abd21dafdd3025448123e0b202048019b241ed3e3cb1634ec77fee
160,180,2.106,0x2dc09b5d37b3c594c7fa2aceb0f356c414c52462,2017-10-29T11:02:40.000Z,0.0117,0xa2177f1c7b7552c69de0899c937e549987fad35d,sell,0x2e071d2966aa7d8decb1005885ba1977d6038a65,0x126221a52689d9782cf1b73855308a34599ebb400f8c9697524bfa457aa6048c
161,1.7,0.020043,0xdf537fe9b791ac57c4d5e94f6b2fa8d989d7f793,2017-10-29T10:43:55.000Z,0.01179,0x8b84a01f601858926999386833f218a75579ca8e,buy,0x2e071d2966aa7d8decb1005885ba1977d6038a65,0x87eee41531551df5bef0ba103d00ecd5b5f50a2f4f4a3af280285375eb59a2c3
162,50.689747847473285,0.5525182515374588,0xdda3ff82def15fab2eca2f56229edbf62a1a2dc9,2017-10-29T07:43:48.000Z,0.0109,0x3dee4a4e076e8d82859d241db0baf46f112cfa23,sell,0x2e071d2966aa7d8decb1005885ba1977d6038a65,0xe3e11b952fe086fa9436e2e87d5876a4e0b6eebe560c894ba49ac2328ead75b2
163,12.6867855355094,0.14082331944415435,0x4cc34cc03fb09119bef8e9c49e6a95b3f70608be,2017-10-29T07:42:35.000Z,0.0111,0x3dee4a4e076e8d82859d241db0baf46f112cfa23,sell,0x2e071d2966aa7d8decb1005885ba1977d6038a65,0x4d5cabfd8ede6706cb395b590247d3c435c9bcce708ce9076cac11261b12163a
164,5,0.059,0x4cc34cc03fb09119bef8e9c49e6a95b3f70608be,2017-10-29T07:19:01.000Z,0.0118,0x2bc9842431f9700969534d10c102a51caf13b925,buy,0x2e071d2966aa7d8decb1005885ba1977d6038a65,0xfc920e56693b41843ae2866d2b92b8209779be636bb6e15421dd1aa36745666b
165,20.477194337838313,0.2416308931864921,0xdd0bd57f387393b1f3d0d80a8f47ac53c1b9b2a0,2017-10-29T07:11:45.000Z,0.0118,0x2bc9842431f9700969534d10c102a51caf13b925,buy,0x2e071d2966aa7d8decb1005885ba1977d6038a65,0xf11b3ee3e1116d7b656dbe8956d159e6d7abb9bd212415d0e1ea6001daddd1f5
166,5.262,0.061825869,0xdd0bd57f387393b1f3d0d80a8f47ac53c1b9b2a0,2017-10-29T07:09:22.000Z,0.0117495,0x0a0bc1a04d648ebc413ee99d4b1fe855ffb7eeb4,buy,0x2e071d2966aa7d8decb1005885ba1977d6038a65,0x61e8999d76314e9410c575c697a457cf6727911bc967881f2f9504d68ece8925
167,106,1.2508,0xdd0bd57f387393b1f3d0d80a8f47ac53c1b9b2a0,2017-10-29T07:09:22.000Z,0.0118,0xdda3ff82def15fab2eca2f56229edbf62a1a2dc9,buy,0x2e071d2966aa7d8decb1005885ba1977d6038a65,0x7ee789702995ec232bdfc7790369cd748872b0a4d0abb6099800be061436f48d
168,267.688,3.1319496,0xdd0bd57f387393b1f3d0d80a8f47ac53c1b9b2a0,2017-10-29T07:09:16.000Z,0.0117,0x1d7384d546de28d682ec9a73c2aba056c72364cb,buy,0x2e071d2966aa7d8decb1005885ba1977d6038a65,0x436380ad7ecaca2f66d5e02f0c76c3f7e77128ac02c4edeafce9c4b83d239895
169,247.13193364977278,2.8914436237023415,0xdd0bd57f387393b1f3d0d80a8f47ac53c1b9b2a0,2017-10-29T06:27:27.000Z,0.0117,0x1d7384d546de28d682ec9a73c2aba056c72364cb,buy,0x2e071d2966aa7d8decb1005885ba1977d6038a65,0xefe3693dd9c46ca5393d6e7df7a20323e3c37aacab645701ee269e776bd514d6
170,29,0.3393,0xa3c55cdef38319e613f7b0593b224448944a9b1d,2017-10-29T05:22:06.000Z,0.0117,0x1d7384d546de28d682ec9a73c2aba056c72364cb,buy,0x2e071d2966aa7d8decb1005885ba1977d6038a65,0x3ad5c3f310a264314de98833cf4840277571a970e42e989ea370d6cf1fa57e70
171,29.933,0.3412362,0x0ad747e3c2ad81b8ffa61df6c6223b01c21c8ffc,2017-10-29T04:47:32.000Z,0.0114,0xd999935b4c0930edf8b9c47d0e66476d42a3e175,sell,0x2e071d2966aa7d8decb1005885ba1977d6038a65,0xa869ddaf00d0bbb8330bceef57dd679ccb89e5e807ff37335a8769bc4e7e7047
172,0.066920235700927,0.000736122592710198,0x1d5321e125f6c7079a716705541c7b371ca79e69,2017-10-29T04:12:39.000Z,0.011000000000000015,0xddc94bc4f885d9565a0ba6d3e0eb197049e116c5,buy,0x2e071d2966aa7d8decb1005885ba1977d6038a65,0x0ea5a28c466aec43b3f048161567cf68aee689b711a5ccaad761e9a790d94302
173,0.0667200754745034,0.000760608860409338,0x0ad747e3c2ad81b8ffa61df6c6223b01c21c8ffc,2017-10-29T04:12:39.000Z,0.011399999999999988,0x1d5321e125f6c7079a716705541c7b371ca79e69,sell,0x2e071d2966aa7d8decb1005885ba1977d6038a65,0x0ea5a28c466aec43b3f048161567cf68aee689b711a5ccaad761e9a790d94302
174,20,0.23398,0x1d428e4d7b36b4d114db519982e77d3fe3371632,2017-10-29T01:43:27.000Z,0.011699,0xa2177f1c7b7552c69de0899c937e549987fad35d,buy,0x2e071d2966aa7d8decb1005885ba1977d6038a65,0x302c239806f217a8337900ddc87dd8a38c0d0676868b8448367a1e7af937aab2
175,44.31087971250243,0.5183929817565659,0xa15921fd278baf6479531e32e9dd87b85bc0d8a2,2017-10-29T00:56:49.000Z,0.011699,0xa2177f1c7b7552c69de0899c937e549987fad35d,buy,0x2e071d2966aa7d8decb1005885ba1977d6038a65,0x0fe97999594e0ef72c9d7b6dbfad530dbb34bf3e0eeb827a419d096fa5fcd995
176,46,0.514576286,0x0ad747e3c2ad81b8ffa61df6c6223b01c21c8ffc,2017-10-28T23:13:43.000Z,0.011186441,0x1d7384d546de28d682ec9a73c2aba056c72364cb,sell,0x2e071d2966aa7d8decb1005885ba1977d6038a65,0x88158f258baae596939bd9b10cdf57075997611c38feff56a09181edc8a2cccd
177,0.2545409371380228,0.0029907287409032,0xa3c55cdef38319e613f7b0593b224448944a9b1d,2017-10-28T22:27:31.000Z,0.011749500000000005,0x0a0bc1a04d648ebc413ee99d4b1fe855ffb7eeb4,buy,0x2e071d2966aa7d8decb1005885ba1977d6038a65,0x7e99bfd2bcdf3773f312c6a83f313764b8cc869a166be2e433c18e52c2c6d331
178,0.0425531914893617,0.0005,0x34f9560c63078eb61872a4dc2ccd20e21c34feaf,2017-10-28T20:22:06.000Z,0.01175,0xa2177f1c7b7552c69de0899c937e549987fad35d,buy,0x2e071d2966aa7d8decb1005885ba1977d6038a65,0x4f3e70916f4dcba0c84584b15d2292e6b66dfd844a18cae9cb648568afa7b85a
179,0.0454545454545454,0.0005,0xe444a40689f51f63bcd29910622035707d533d29,2017-10-28T20:17:38.000Z,0.011000000000000013,0xddc94bc4f885d9565a0ba6d3e0eb197049e116c5,buy,0x2e071d2966aa7d8decb1005885ba1977d6038a65,0xb3c7d5f33390a0b8f3edc81782c13cdb50fa8520c4c211cc5eebff09e51c60b3
180,12,0.132,0x36282355dc35bc527c43dcdb9dfceeb1bbe99639,2017-10-28T19:47:52.000Z,0.011,0xddc94bc4f885d9565a0ba6d3e0eb197049e116c5,buy,0x2e071d2966aa7d8decb1005885ba1977d6038a65,0xfec127cfceeee5070a9bb7f506321b11b10fb1c97de2062a172a190415a6f12f
181,36.313822361080526,0.3994520459718858,0x0fa5a018897b81d22ecf79726382726ea4aa5ac8,2017-10-28T19:14:35.000Z,0.011,0xddc94bc4f885d9565a0ba6d3e0eb197049e116c5,buy,0x2e071d2966aa7d8decb1005885ba1977d6038a65,0x90788eae82cfce6ebaf4f308e0ffd82cfbfdc705b3eee2da52fa2ec4b90e7826
182,35,0.37275,0xf0163f66ec80dda288e753e0a62c8eb71cd38684,2017-10-28T19:08:08.000Z,0.01065,0x8b84a01f601858926999386833f218a75579ca8e,sell,0x2e071d2966aa7d8decb1005885ba1977d6038a65,0x5799bc82cd7a6b0fe61734f042f6e76de138f8795b29e5da4f016dd1add4b359
183,100,1.065,0xf0163f66ec80dda288e753e0a62c8eb71cd38684,2017-10-28T19:08:08.000Z,0.01065,0x8b84a01f601858926999386833f218a75579ca8e,sell,0x2e071d2966aa7d8decb1005885ba1977d6038a65,0xa982a73919c69d59bc6987ff7bda67e34e5da13cdc644e507ede0f91f5682e0c
184,108.4179044960622,1.1546506828830625,0xf0163f66ec80dda288e753e0a62c8eb71cd38684,2017-10-28T17:55:50.000Z,0.01065,0x038b23e1d4d404d716d643ecebcbb738d81f6957,sell,0x2e071d2966aa7d8decb1005885ba1977d6038a65,0x42effb19c995ea68238d0e32fea404b59efd1cfedd7f971eed7044015babc187
185,47.109620507284745,0.5017174584025825,0xf0163f66ec80dda288e753e0a62c8eb71cd38684,2017-10-28T16:36:23.000Z,0.01065,0x1ed014aec47fae44c9e55bac7662c0b78ae61798,sell,0x2e071d2966aa7d8decb1005885ba1977d6038a65,0xfa31f067868615e762125afafb4400ea958e98f6067bca871ed4e7a28ad0d585
186,135.77908483700529,1.4419738809689961,0x8b84a01f601858926999386833f218a75579ca8e,2017-10-28T14:16:48.000Z,0.01062,0x613769272e6c234aeea92ca4995515a87516d3f0,sell,0x2e071d2966aa7d8decb1005885ba1977d6038a65,0x93e76d36e75d529b798be9ba48a4476dfa4fdc5521f23352590990238b475502
187,0.0000099075204336,0.0000001051187918,0x1d7384d546de28d682ec9a73c2aba056c72364cb,2017-10-28T11:46:01.000Z,0.010609999999949937,0xdc687ad89ce2a35cb8be58fbf5c241a541499c30,sell,0x2e071d2966aa7d8decb1005885ba1977d6038a65,0xd0ae277e4ea51d6daac9f5cb0891f9825b235e626dcf4c822b2d87caf6b023c6
188,0.0993823374686505,0.001054446600542381,0x1d7384d546de28d682ec9a73c2aba056c72364cb,2017-10-28T11:45:41.000Z,0.010609999999999993,0xdc687ad89ce2a35cb8be58fbf5c241a541499c30,sell,0x2e071d2966aa7d8decb1005885ba1977d6038a65,0xa74f013715ab1799743009bafed93e91de2c5f528c2645f4b972348229af35c4
189,996.9042271480336,10.577153850040636,0x1d7384d546de28d682ec9a73c2aba056c72364cb,2017-10-28T11:43:44.000Z,0.01061,0xdc687ad89ce2a35cb8be58fbf5c241a541499c30,sell,0x2e071d2966aa7d8decb1005885ba1977d6038a65,0x259372875ad93cd445951c94cac7e29b55d6778bb08a6befc1ea3b9ebf88162f
190,9.974978655757656,0.10583452353758872,0x1d7384d546de28d682ec9a73c2aba056c72364cb,2017-10-28T11:41:29.000Z,0.01061,0x26539df76c5f561ff432bf155c94889a56c27f33,sell,0x2e071d2966aa7d8decb1005885ba1977d6038a65,0x33ce1e372d564856c43757e443edb15c4911131d5b3ca6e75240912e5ddf2876
191,0.148642486365709,0.001577096780340172,0x1d7384d546de28d682ec9a73c2aba056c72364cb,2017-10-28T11:36:57.000Z,0.010609999999999996,0xdc687ad89ce2a35cb8be58fbf5c241a541499c30,sell,0x2e071d2966aa7d8decb1005885ba1977d6038a65,0x16679fc8c88669827e32e216d920016ebc84a8a94ab18a687c32d7a0d6b3f148
192,1491.0327807344263,15.819857803592262,0x1d7384d546de28d682ec9a73c2aba056c72364cb,2017-10-28T11:35:04.000Z,0.01061,0xdc687ad89ce2a35cb8be58fbf5c241a541499c30,sell,0x2e071d2966aa7d8decb1005885ba1977d6038a65,0xb982df2bb6ff56971cccfbaaa32902d3bda9cbb45e581e818bc85d37bd7e4282
193,6.66,0.072594,0xdda3ff82def15fab2eca2f56229edbf62a1a2dc9,2017-10-28T11:34:26.000Z,0.0109,0xdc687ad89ce2a35cb8be58fbf5c241a541499c30,sell,0x2e071d2966aa7d8decb1005885ba1977d6038a65,0x5f2ed414329a1b5501e2d0801073687548aac250562c1316aeb7e41e6a42e763
194,301,3.19662,0x2bc9842431f9700969534d10c102a51caf13b925,2017-10-28T11:32:49.000Z,0.01062,0xdc687ad89ce2a35cb8be58fbf5c241a541499c30,sell,0x2e071d2966aa7d8decb1005885ba1977d6038a65,0xbb52ed5703e1008b9ca59b8bf6a7d3f21a59a45feceef844a97730a93f21eed1
195,50,0.53105,0x7ad142d22559f0accac224f9b363009762228206,2017-10-28T11:32:49.000Z,0.010621,0xdc687ad89ce2a35cb8be58fbf5c241a541499c30,sell,0x2e071d2966aa7d8decb1005885ba1977d6038a65,0xee7d18f68a094895106591365dabf037f51f26d5ce105d8b745c9d363508aa30
196,715.5838,7.599499956,0x84c378e255b91996ed968e45c5beeb2f1db12d0a,2017-10-28T11:32:49.000Z,0.01062,0xdc687ad89ce2a35cb8be58fbf5c241a541499c30,sell,0x2e071d2966aa7d8decb1005885ba1977d6038a65,0xff994638ee7717c38ccd44b49ffab518a68ef99aece8431fd6a325f337cd7b54
197,100,1.091,0xdda3ff82def15fab2eca2f56229edbf62a1a2dc9,2017-10-28T11:32:49.000Z,0.01091,0xdc687ad89ce2a35cb8be58fbf5c241a541499c30,sell,0x2e071d2966aa7d8decb1005885ba1977d6038a65,0x4d665cf590e95a0edf2430cb5797f91e70b071715eddf32c5e61120629f0091e
198,315.7468199981491,3.365861101180269,0xd999935b4c0930edf8b9c47d0e66476d42a3e175,2017-10-28T11:32:49.000Z,0.01066,0xdc687ad89ce2a35cb8be58fbf5c241a541499c30,sell,0x2e071d2966aa7d8decb1005885ba1977d6038a65,0x42ad5ff2bf0a5d0fee3ac04d4b8d98c4fb63335589c10f0db6211ddf92de40b8
199,1311.2469345030406,14.423716279533446,0xd999935b4c0930edf8b9c47d0e66476d42a3e175,2017-10-28T11:29:49.000Z,0.011,0xdc687ad89ce2a35cb8be58fbf5c241a541499c30,sell,0x2e071d2966aa7d8decb1005885ba1977d6038a65,0x9c8fe3806447555951fddf22292625b1dcf23e3acd6ad631644799872eb98334
200,446,4.9952,0xd42bd417c8e5042efe018f9bc49e28807a3d4b1f,2017-10-28T11:29:38.000Z,0.0112,0xdc687ad89ce2a35cb8be58fbf5c241a541499c30,sell,0x2e071d2966aa7d8decb1005885ba1977d6038a65,0xe1e7f5005deb3655c3cb0a421c1b12d0b9b3ee642d29fc61e36229d9a82e32b3
201,236.36,2.623596,0x4cc34cc03fb09119bef8e9c49e6a95b3f70608be,2017-10-28T11:29:38.000Z,0.0111,0xdc687ad89ce2a35cb8be58fbf5c241a541499c30,sell,0x2e071d2966aa7d8decb1005885ba1977d6038a65,0x7bd887ac561e8154c02f3e3494f1bb668ee797d08a1ab99f35d16f06ef60f40c
202,228.32070581198286,2.568607940384807,0xa2177f1c7b7552c69de0899c937e549987fad35d,2017-10-28T11:29:31.000Z,0.01125,0xdc687ad89ce2a35cb8be58fbf5c241a541499c30,sell,0x2e071d2966aa7d8decb1005885ba1977d6038a65,0x6b9a7367ea8ac33836b3221e0f698dd655cb3a2d91a83bbb32beb7010abb8058
203,44.5,0.499735,0xffc790b9e7ed74588c71eaef5c50dceb6ecf56c1,2017-10-28T11:29:31.000Z,0.01123,0xdc687ad89ce2a35cb8be58fbf5c241a541499c30,sell,0x2e071d2966aa7d8decb1005885ba1977d6038a65,0x149844823c7729f2cad0cb8d34cca6eb1d3fe6b170108ac3214384ce89d3a161
204,47.3,0.530706,0xdd0bd57f387393b1f3d0d80a8f47ac53c1b9b2a0,2017-10-28T11:29:31.000Z,0.01122,0xdc687ad89ce2a35cb8be58fbf5c241a541499c30,sell,0x2e071d2966aa7d8decb1005885ba1977d6038a65,0xd3cba9286660acfe81322c42ac4338c0c99620934943372ee7a1af219cafa937
205,59.92,0.7154448,0x4cc34cc03fb09119bef8e9c49e6a95b3f70608be,2017-10-28T10:12:39.000Z,0.01194,0x8b84a01f601858926999386833f218a75579ca8e,buy,0x2e071d2966aa7d8decb1005885ba1977d6038a65,0xb61850da08ab1dd0041137957c10a01916906c2cf32b4a701e936386087c2b04
206,6.679294188017146,0.07514205961519291,0xa2177f1c7b7552c69de0899c937e549987fad35d,2017-10-28T09:37:31.000Z,0.01125,0x88978ae8618b15bdaf1c4267e9a990203237b282,sell,0x2e071d2966aa7d8decb1005885ba1977d6038a65,0x88afa0eb9a5e946e3cbd66017b55bc9ce85d107e0c65b369f3802e9f92963cee
207,33,0.39435,0xdfd9faaa660efc76291873fce2c09c8f35686930,2017-10-28T09:32:55.000Z,0.01195,0x8b84a01f601858926999386833f218a75579ca8e,sell,0x2e071d2966aa7d8decb1005885ba1977d6038a65,0x9eb725ec3cdfd8275199674be275ec7f803ad9c3f07b1e92df7bf45fbb1ab9a6
208,75,0.89625,0xdd0bd57f387393b1f3d0d80a8f47ac53c1b9b2a0,2017-10-28T05:24:00.000Z,0.01195,0xa2177f1c7b7552c69de0899c937e549987fad35d,buy,0x2e071d2966aa7d8decb1005885ba1977d6038a65,0x2fc70247f6a53786a18fd3b6b64ab7e79803b58bf88ad35c5d650c9ac82896b2
209,25.073328001104525,0.2996262696131991,0x2b981863a0fbf4e07c8508623de8bd6d4b28419c,2017-10-28T02:27:06.000Z,0.01195,0xa2177f1c7b7552c69de0899c937e549987fad35d,buy,0x2e071d2966aa7d8decb1005885ba1977d6038a65,0x2362a6a9fab4b392beddf1477169163327b3b31479c35bb6d88a2314e0701cbf
210,120,1.434,0x2b981863a0fbf4e07c8508623de8bd6d4b28419c,2017-10-28T02:25:48.000Z,0.01195,0xa2177f1c7b7552c69de0899c937e549987fad35d,buy,0x2e071d2966aa7d8decb1005885ba1977d6038a65,0x813ca69f6ce254d5f1f4370553cc0b7e936224926f6e7821c4fd8e8b5e5f434e
211,100,1.19,0x2b981863a0fbf4e07c8508623de8bd6d4b28419c,2017-10-28T02:25:06.000Z,0.0119,0xcdd42b8524906a8969061cbc8a84183b955e8792,buy,0x2e071d2966aa7d8decb1005885ba1977d6038a65,0x89cf3c2161c35d54aaa896f434b4bf960bb8b96783c6d190420efa07b2265eaa
212,25.923,0.308457777,0x2b981863a0fbf4e07c8508623de8bd6d4b28419c,2017-10-28T02:24:57.000Z,0.011899,0x2fa6c619dcccbd1c360fb21b819a8d700b4280a6,buy,0x2e071d2966aa7d8decb1005885ba1977d6038a65,0xe4ccc234dcdf7855ce0a142d414cf9064b28e6f1038cd727936ec2a9a83d61b3
213,76.75306549695942,0.8442837204665536,0xd999935b4c0930edf8b9c47d0e66476d42a3e175,2017-10-28T01:24:30.000Z,0.011,0x009d5e2510fcab4483c80b5e9c42d421dfc65ab4,sell,0x2e071d2966aa7d8decb1005885ba1977d6038a65,0xfa9730431ff9d52f1bc5050756c95674b31ea53aed97151d406d563c81792106
214,20.077,0.238896223,0xdf537fe9b791ac57c4d5e94f6b2fa8d989d7f793,2017-10-28T01:06:46.000Z,0.011899,0x2fa6c619dcccbd1c360fb21b819a8d700b4280a6,buy,0x2e071d2966aa7d8decb1005885ba1977d6038a65,0x69115f9e2812153c4828d89796dc090da5ab5d5cea7b545b8c2755a30c0f8325
215,205,2.30625,0xa2177f1c7b7552c69de0899c937e549987fad35d,2017-10-27T23:56:38.000Z,0.01125,0x6fb5aed8e3b51450f01235cd6f3ffa10f68845d0,sell,0x2e071d2966aa7d8decb1005885ba1977d6038a65,0xdc033d13751c14bd4470ad54a563c77896e10d8740af20cdff737a68b5ac2660
216,500,5.625,0xa2177f1c7b7552c69de0899c937e549987fad35d,2017-10-27T23:11:15.000Z,0.01125,0x6fb5aed8e3b51450f01235cd6f3ffa10f68845d0,sell,0x2e071d2966aa7d8decb1005885ba1977d6038a65,0x0330b89a734003be8af46472f71025ff6a365b87fb009dc8815d9453faf3fe77
217,100,1.12500000000001,0xbcce870909b3dbbe28f744f69b080dbdeeb7748a,2017-10-27T23:07:54.000Z,0.0112500000000001,0x6fb5aed8e3b51450f01235cd6f3ffa10f68845d0,sell,0x2e071d2966aa7d8decb1005885ba1977d6038a65,0xc3df5b823fcf4e32d3527cb845b4fbf7db673b5d5cf8bcb45cdc6ea4398ed42a
218,71.15739385279808,0.8538887262335769,0xceaf5253efcef56b61be369b928213d091f81a9a,2017-10-27T22:29:14.000Z,0.012,0x09d390e78faa3eca8c6e3c0bb3c6cbcaf679a44c,buy,0x2e071d2966aa7d8decb1005885ba1977d6038a65,0x366474a88848828464bc4b7315b04c6d6deed5e5a3fe10622259f070adc72743
219,200,2.4,0xceaf5253efcef56b61be369b928213d091f81a9a,2017-10-27T22:28:05.000Z,0.012,0xdc687ad89ce2a35cb8be58fbf5c241a541499c30,buy,0x2e071d2966aa7d8decb1005885ba1977d6038a65,0x69432387f07bcb16d267a0e8f461be9b7b8574b7e21ed7fa9764919169d15928
220,550,6.5945,0xceaf5253efcef56b61be369b928213d091f81a9a,2017-10-27T22:26:55.000Z,0.01199,0xa2177f1c7b7552c69de0899c937e549987fad35d,buy,0x2e071d2966aa7d8decb1005885ba1977d6038a65,0x953fba1ec2ad3607fc953ec84759f3ea54a8405988b525434af12e8c1b79725b
221,51.93260463401105,0.6205946253764321,0xceaf5253efcef56b61be369b928213d091f81a9a,2017-10-27T22:26:09.000Z,0.01195,0xa2177f1c7b7552c69de0899c937e549987fad35d,buy,0x2e071d2966aa7d8decb1005885ba1977d6038a65,0x269f1047b24393db8542738f6a86e511de2abfd42f785f0bdbcfc0abeba89a4b
222,398.06739536598894,4.756905374623568,0xceaf5253efcef56b61be369b928213d091f81a9a,2017-10-27T22:18:04.000Z,0.01195,0xa2177f1c7b7552c69de0899c937e549987fad35d,buy,0x2e071d2966aa7d8decb1005885ba1977d6038a65,0xfd6c2b627b2f84031da92c3eaff6c3989bc3cd5d9d3544b27394688077cf8914
223,150,1.725,0xceaf5253efcef56b61be369b928213d091f81a9a,2017-10-27T22:16:43.000Z,0.0115,0xdc687ad89ce2a35cb8be58fbf5c241a541499c30,buy,0x2e071d2966aa7d8decb1005885ba1977d6038a65,0x624d814aa68234cca089f3d45c10744b2de026cd3894dab5a7f4ff4c9ee1d893
224,174,1.9923,0xceaf5253efcef56b61be369b928213d091f81a9a,2017-10-27T22:14:12.000Z,0.01145,0x25b33418506e43a02bab5522c543ede920d3b0ff,buy,0x2e071d2966aa7d8decb1005885ba1977d6038a65,0xf207e35d40f718d38bbef5027674446ed0978638a8575da548de93fb0a2a5624
225,50,0.5725,0xa75fcdf436c9713b3757819f1fb235918749c3ba,2017-10-27T21:53:25.000Z,0.01145,0x25b33418506e43a02bab5522c543ede920d3b0ff,buy,0x2e071d2966aa7d8decb1005885ba1977d6038a65,0x7fb92c2a6e544821bcb212d6a662d158b4dcc1ae2df3eaad4f4d3f97a817debf
226,112,1.232,0xd999935b4c0930edf8b9c47d0e66476d42a3e175,2017-10-27T21:34:33.000Z,0.011,0x8b84a01f601858926999386833f218a75579ca8e,sell,0x2e071d2966aa7d8decb1005885ba1977d6038a65,0xad25c01be7bcd683eb0e965f01f4c5faf2505e451221ea2e92739130c72ac497
227,1,0.01145,0x70d941c319ab76da287f3605efee38406087643e,2017-10-27T17:54:47.000Z,0.01145,0x25b33418506e43a02bab5522c543ede920d3b0ff,buy,0x2e071d2966aa7d8decb1005885ba1977d6038a65,0x29f9591f5d814ef9ceebcce27f395ed9532197512271189cc8969d9fdd20695e
228,40.56848190964514,0.43205433639456897,0xbcce870909b3dbbe28f744f69b080dbdeeb7748a,2017-10-27T15:40:18.000Z,0.0106500001,0x697249b9977fe7ff727ce717a7c0c4b8d4ae41c8,sell,0x2e071d2966aa7d8decb1005885ba1977d6038a65,0xea2136bac7cea4f59504c9af1a9cd1d5ecd25875134cbd187db943897ad95231
229,86,0.946,0x1d7384d546de28d682ec9a73c2aba056c72364cb,2017-10-27T12:29:37.000Z,0.011,0xdc687ad89ce2a35cb8be58fbf5c241a541499c30,buy,0x2e071d2966aa7d8decb1005885ba1977d6038a65,0x89593322192837c13e7125d3d01d5c4897ad4504c6b7340f360b5fe9c0e311f7
230,5.743,0.0631724257,0x1d7384d546de28d682ec9a73c2aba056c72364cb,2017-10-27T12:29:28.000Z,0.0109999,0xe809d458ea42a11be877d91929280a798a17cea0,buy,0x2e071d2966aa7d8decb1005885ba1977d6038a65,0x5a3049fa2d99471b85e233ff36756ad6da4e1e9908ddfa6d339f7ddf4f92be24
231,94.25657042426286,1.0368128490098492,0xceaf5253efcef56b61be369b928213d091f81a9a,2017-10-27T11:49:13.000Z,0.0109999,0xe809d458ea42a11be877d91929280a798a17cea0,buy,0x2e071d2966aa7d8decb1005885ba1977d6038a65,0x141fd3df7bc3ae2c0090df9ffa50dfcdf2d4ce2dd3ba70bed04b3a5de4f42c3a
232,14,0.154,0x2fa6c619dcccbd1c360fb21b819a8d700b4280a6,2017-10-27T10:39:42.000Z,0.011,0xdc687ad89ce2a35cb8be58fbf5c241a541499c30,buy,0x2e071d2966aa7d8decb1005885ba1977d6038a65,0xde2ab54535339e5a7ca53c3f420bccc9bcae4df614f88eccd875b9e135be7b2e
233,225,2.3625,0x25b33418506e43a02bab5522c543ede920d3b0ff,2017-10-27T05:16:07.000Z,0.0105,0x445e2763f58d6e50fdfb1592e90e007d260a8b9b,sell,0x2e071d2966aa7d8decb1005885ba1977d6038a65,0xeae2590e263af1ebcf61c228f986ce3945b3565841b7544999268b25e05e88cf
234,0.5,0.00605,0x94b0bf6dd676f7b4884557735945b927535fd822,2017-10-26T23:54:43.000Z,0.0121,0x5becd859fe01f0a2ea2020ee8d7499c2530d6122,buy,0x2e071d2966aa7d8decb1005885ba1977d6038a65,0x3e0a43e37ffdc19fdca3078a21294b2ad6de343e0957b5a9b8bf78f43d4c6b85
235,100,1.15,0x204ea35e8374793d92cc7baa8d03bb68544a2f23,2017-10-26T23:41:19.000Z,0.0115,0x5becd859fe01f0a2ea2020ee8d7499c2530d6122,buy,0x2e071d2966aa7d8decb1005885ba1977d6038a65,0xc79a62e7a06400bd170a18118563bff3b0a76d9b91971e3847b04ad2de2850c7
236,63.983151109492965,0.7677914149988047,0x6207b0ffdf1e0e9911d27c7fc7a72f2372c50b70,2017-10-26T20:06:48.000Z,0.0119999,0x1c28d725c5c9c9c4ea3558f4f6887ea8dfc83fce,buy,0x2e071d2966aa7d8decb1005885ba1977d6038a65,0xdb7f1d7fa92cc180e994900cb9c2609310e29cdb948c358521718facb53e17fb
237,0.0097,0.000098455,0x17f20515dd55fb487a56482b7a41883726f211bd,2017-10-26T20:02:58.000Z,0.01015,0x317daa07dc155c2b6c0ac55116a5c9547617bc45,sell,0x2e071d2966aa7d8decb1005885ba1977d6038a65,0xb8bc22e0ca11b5d2937c7926d85f75e36072a8f9bf016e042d497b01125e79fb
238,972.1487134582793,9.731208621717377,0xd999935b4c0930edf8b9c47d0e66476d42a3e175,2017-10-26T20:02:08.000Z,0.01001,0x317daa07dc155c2b6c0ac55116a5c9547617bc45,sell,0x2e071d2966aa7d8decb1005885ba1977d6038a65,0x85355ecd01bed56512f94e30cbeb8e25a55c43c228c33bc213b17ba999fcd4e5
239,100,1.04,0x6c36f3c98a409911a148272740b32ba5a64ee5b1,2017-10-26T19:58:06.000Z,0.0104,0x317daa07dc155c2b6c0ac55116a5c9547617bc45,sell,0x2e071d2966aa7d8decb1005885ba1977d6038a65,0x214107ad89a3342f5cede0426ad58ad7a6c13d31cdf12110758eb19e144eadb5
240,100,1.03,0x7ad142d22559f0accac224f9b363009762228206,2017-10-26T19:56:27.000Z,0.0103,0x317daa07dc155c2b6c0ac55116a5c9547617bc45,sell,0x2e071d2966aa7d8decb1005885ba1977d6038a65,0xb2b3600af8d726c863d650749ebbda4123b69bb173423e5506a67012e0f9a32f
241,10,0.105,0x30ad3b0451b2595263b68fd4e04e5c3d052d3698,2017-10-26T19:56:24.000Z,0.0105,0x317daa07dc155c2b6c0ac55116a5c9547617bc45,sell,0x2e071d2966aa7d8decb1005885ba1977d6038a65,0x8a71134cec9aeef767668fa507a79f5c8976b5a880fb1d34b7bbed2d493e7533
242,47.1,0.499731,0x0fa5a018897b81d22ecf79726382726ea4aa5ac8,2017-10-26T19:56:13.000Z,0.01061,0x317daa07dc155c2b6c0ac55116a5c9547617bc45,sell,0x2e071d2966aa7d8decb1005885ba1977d6038a65,0x81c0e04b52efb3658e8243a64d6e723882d82ce9511825764db9ee7ab17731d9
243,91,1.001,0xf843c6ffd80855c09d640b0b54305258748f88c9,2017-10-26T19:56:08.000Z,0.011,0x317daa07dc155c2b6c0ac55116a5c9547617bc45,sell,0x2e071d2966aa7d8decb1005885ba1977d6038a65,0xede3ff365b047f9e7fa67e6a345cda590ee7af316dd2f4927dcc9b9a6b32c26e
244,1000,10.4001,0x84c378e255b91996ed968e45c5beeb2f1db12d0a,2017-10-26T19:55:21.000Z,0.0104001,0x317daa07dc155c2b6c0ac55116a5c9547617bc45,sell,0x2e071d2966aa7d8decb1005885ba1977d6038a65,0xfe5dc9e5c2dbfff4790ac6d7744e336ebf342db7edc6571bb989613b143c4aaf
245,283,2.9998,0xd02e4dfb47555722c26724ff05597ef74830c54c,2017-10-26T19:55:18.000Z,0.0106,0x317daa07dc155c2b6c0ac55116a5c9547617bc45,sell,0x2e071d2966aa7d8decb1005885ba1977d6038a65,0x58dc34ce138a78673cb4eb697aa380af6d9ab88744f1d7479691a8bcc6cff63a
246,200,2.098,0x4cc34cc03fb09119bef8e9c49e6a95b3f70608be,2017-10-26T19:55:18.000Z,0.01049,0x317daa07dc155c2b6c0ac55116a5c9547617bc45,sell,0x2e071d2966aa7d8decb1005885ba1977d6038a65,0xf69a9e511c6084fa28d80b73f2c0015bc0f4cb9651a2a0309e5be2047f08bc15
247,1000,11.00001,0x84c378e255b91996ed968e45c5beeb2f1db12d0a,2017-10-26T19:54:16.000Z,0.01100001,0x317daa07dc155c2b6c0ac55116a5c9547617bc45,sell,0x2e071d2966aa7d8decb1005885ba1977d6038a65,0x9e1f59607fb5e3410ca9fb69a9bf2da3f326d48e43cae62f905d3d27a6bf8cbe
248,408.007,4.4881178007,0x84c378e255b91996ed968e45c5beeb2f1db12d0a,2017-10-26T19:54:16.000Z,0.0110001,0x317daa07dc155c2b6c0ac55116a5c9547617bc45,sell,0x2e071d2966aa7d8decb1005885ba1977d6038a65,0x7e7900c92029debb655eb178b978c7e89322fc88058db4bd4aa2cfb55da364ee
249,41.992822251021835,0.46192524404346524,0x84c378e255b91996ed968e45c5beeb2f1db12d0a,2017-10-26T19:08:34.000Z,0.0110001,0x6335cc16a800385b5d1a5bfb5166e71146800514,sell,0x2e071d2966aa7d8decb1005885ba1977d6038a65,0x04bf7e1521c252f61b43d8897b8fa840e308798abb0f339b51b5fdfb8dc78771
250,13.652027688908365,0.17652208322035406,0xfc36cf9684253b69bfb68b431e304adb66519e60,2017-10-26T17:36:45.000Z,0.0129301,0xc4092f51ebed74fb74484bded74e1ebb4c5f0b05,buy,0x2e071d2966aa7d8decb1005885ba1977d6038a65,0x426d8e9b36ff82614a393298e13ab30cc12e54297d4202ce0af8b5448ba1d989
251,250,3.125,0x204ea35e8374793d92cc7baa8d03bb68544a2f23,2017-10-26T17:24:13.000Z,0.0125,0xdc687ad89ce2a35cb8be58fbf5c241a541499c30,buy,0x2e071d2966aa7d8decb1005885ba1977d6038a65,0x691ffdce88cd9bb0832b7d34585d3ace7e47685257bf5464d527f930cb8c3663
252,30,0.36,0x204ea35e8374793d92cc7baa8d03bb68544a2f23,2017-10-26T17:23:15.000Z,0.012,0x829ee8815677e6db239b7e8531710d17748786bf,buy,0x2e071d2966aa7d8decb1005885ba1977d6038a65,0x94fd851bbf75252a51c81298c445fd6396f1da6cde1ff26a7e0119e2284e3304
253,96.30575579643495,1.1797455085063282,0x204ea35e8374793d92cc7baa8d03bb68544a2f23,2017-10-26T17:22:17.000Z,0.01225,0x829ee8815677e6db239b7e8531710d17748786bf,buy,0x2e071d2966aa7d8decb1005885ba1977d6038a65,0xb47d676aa0f4c41ed392cb86bd06de78ef2007eb8a59e99b27ecb4d2d21755ec
254,1000,12.389999,0x204ea35e8374793d92cc7baa8d03bb68544a2f23,2017-10-26T17:22:03.000Z,0.012389999,0x1f9b145fdaef2b82aef29c2f3c9b875a8b017512,buy,0x2e071d2966aa7d8decb1005885ba1977d6038a65,0x6ce653b8c92fb7d34d355237f9d8819364d78b9cbc935f277db63e097e1095ac
255,80,0.9552,0x204ea35e8374793d92cc7baa8d03bb68544a2f23,2017-10-26T17:21:23.000Z,0.01194,0x492842125e4c3a7d10cda0e0291ea22788e4ad60,buy,0x2e071d2966aa7d8decb1005885ba1977d6038a65,0x416c6b064287590178ccb62fe7acbc22abf8ec3683944b9f4bc856b3022b38e8
256,200,2.4,0x204ea35e8374793d92cc7baa8d03bb68544a2f23,2017-10-26T17:18:56.000Z,0.012,0xdc687ad89ce2a35cb8be58fbf5c241a541499c30,buy,0x2e071d2966aa7d8decb1005885ba1977d6038a65,0x1f6cfda738bb9ef092de6287888f3ee812ba020eb193fe689c75b5716bcd8cda
257,495,5.88555,0x204ea35e8374793d92cc7baa8d03bb68544a2f23,2017-10-26T17:18:00.000Z,0.01189,0xa2177f1c7b7552c69de0899c937e549987fad35d,buy,0x2e071d2966aa7d8decb1005885ba1977d6038a65,0xd53a3ba3f543c1f9c46b5625da28a2fd97ab0b94575fd9054186d610e38d734f
258,63.985,0.7358275,0x204ea35e8374793d92cc7baa8d03bb68544a2f23,2017-10-26T17:03:43.000Z,0.0115,0xdc687ad89ce2a35cb8be58fbf5c241a541499c30,buy,0x2e071d2966aa7d8decb1005885ba1977d6038a65,0xb5710a0c0e761ea30d9dd646a271d23b8ae7f5fcc07d54a9acf8222ab35fc08d
259,0.015,0.0001725,0x273a5d3e6721b9f5c1a6474f560c1334c63dda01,2017-10-26T16:49:59.000Z,0.0115,0xdc687ad89ce2a35cb8be58fbf5c241a541499c30,buy,0x2e071d2966aa7d8decb1005885ba1977d6038a65,0x8422050a7223f618975a21a9da8e513b78675c95e878587f03f4fbac292f5dd5
260,0.014955,0.0014955,0xc9087108b890f9aee9c5b878c6f062a2b0c730f3,2017-10-26T16:49:59.000Z,0.1,0x273a5d3e6721b9f5c1a6474f560c1334c63dda01,sell,0x2e071d2966aa7d8decb1005885ba1977d6038a65,0x8422050a7223f618975a21a9da8e513b78675c95e878587f03f4fbac292f5dd5
261,86,0.989,0x038b23e1d4d404d716d643ecebcbb738d81f6957,2017-10-26T16:06:48.000Z,0.0115,0xdc687ad89ce2a35cb8be58fbf5c241a541499c30,buy,0x2e071d2966aa7d8decb1005885ba1977d6038a65,0xaabd02163f8483b9d95baffbe1795b21923633b7aeb8df1f8a4e1362274f5107
262,22.754,0.250294,0x038b23e1d4d404d716d643ecebcbb738d81f6957,2017-10-26T16:04:53.000Z,0.011,0xdc687ad89ce2a35cb8be58fbf5c241a541499c30,buy,0x2e071d2966aa7d8decb1005885ba1977d6038a65,0x3e009420cd0f77240cbffcb6ab90bb522c11bd05338df7e3a0067b58a730ff94
263,5,0.055,0x1d5321e125f6c7079a716705541c7b371ca79e69,2017-10-26T16:02:23.000Z,0.011,0xdc687ad89ce2a35cb8be58fbf5c241a541499c30,buy,0x2e071d2966aa7d8decb1005885ba1977d6038a65,0x8b1f872a582de4382751eddb35ed01f33a166d6123befbe7caaceba89f8b4de0
264,4.985044865403789,0.05533399800598205,0xc9087108b890f9aee9c5b878c6f062a2b0c730f3,2017-10-26T16:02:23.000Z,0.0111,0x1d5321e125f6c7079a716705541c7b371ca79e69,sell,0x2e071d2966aa7d8decb1005885ba1977d6038a65,0x8b1f872a582de4382751eddb35ed01f33a166d6123befbe7caaceba89f8b4de0
265,50,0.550005,0x84c378e255b91996ed968e45c5beeb2f1db12d0a,2017-10-26T14:44:02.000Z,0.0110001,0xe026a60bed392313e0dd24310db38be527fee96f,sell,0x2e071d2966aa7d8decb1005885ba1977d6038a65,0x0fcab08c47429e448cddf906e1008d775173878b093db9583a8f7e5f121f4e63
266,500,5.50005,0x84c378e255b91996ed968e45c5beeb2f1db12d0a,2017-10-26T13:42:12.000Z,0.0110001,0x66d4bacfe61df23be813089a7a6d1a749a5c936a,sell,0x2e071d2966aa7d8decb1005885ba1977d6038a65,0x1727960352d1a8a90b1fb859ef563cd78a085152bf2eeaacbbb33aa51c16307a
267,32,0.352,0x2fa6c619dcccbd1c360fb21b819a8d700b4280a6,2017-10-26T10:43:53.000Z,0.011,0xdc687ad89ce2a35cb8be58fbf5c241a541499c30,buy,0x2e071d2966aa7d8decb1005885ba1977d6038a65,0x192d8e4c9f0303fc0ed25686649ee64ed9fda6ff7eccb1c75d712ceba26d4de7
268,40,0.44,0x80bb174e2bf5f69d405c7b391c28f508d090011c,2017-10-26T09:40:35.000Z,0.011,0xdc687ad89ce2a35cb8be58fbf5c241a541499c30,buy,0x2e071d2966aa7d8decb1005885ba1977d6038a65,0x39a5dfdf64b07fd5a5275bb5b4bd38a0232b8800769069f695b7423797aac275
269,0.2455116411850535,0.002700628053035589,0x80bb174e2bf5f69d405c7b391c28f508d090011c,2017-10-26T09:33:24.000Z,0.011000000000000003,0xdc687ad89ce2a35cb8be58fbf5c241a541499c30,buy,0x2e071d2966aa7d8decb1005885ba1977d6038a65,0x5c23e96889757d5a943ca3643769a616cf7007b076df0c7443d2e837ee4e0ae4
270,40.69424420356504,0.49850449149367176,0x697249b9977fe7ff727ce717a7c0c4b8d4ae41c8,2017-10-26T02:03:25.000Z,0.01225,0x829ee8815677e6db239b7e8531710d17748786bf,buy,0x2e071d2966aa7d8decb1005885ba1977d6038a65,0xff81ed65c0a357277a94f484eb010a54d055c982d26470c8f1a0c88d9abfb83b
271,8.674,0.0936792,0xc4092f51ebed74fb74484bded74e1ebb4c5f0b05,2017-10-26T01:46:38.000Z,0.0108,0x829ee8815677e6db239b7e8531710d17748786bf,sell,0x2e071d2966aa7d8decb1005885ba1977d6038a65,0x5f857578678c65c59ee444854521eb1d56db67a60d4004b2512a6e998804beda
272,35.03090419698933,0.38533994616688266,0x426af47455dbe35d62b6f32f4e700c65be3dedf0,2017-10-26T01:44:55.000Z,0.011,0x829ee8815677e6db239b7e8531710d17748786bf,sell,0x2e071d2966aa7d8decb1005885ba1977d6038a65,0x201d35355084f633a2be776f6b98b638b848ab5fb30c47888a40a01073e15ba1
273,9.969095803010667,0.10966005383311733,0x426af47455dbe35d62b6f32f4e700c65be3dedf0,2017-10-26T01:44:23.000Z,0.011,0x7e086c4654c502ca50f2123895ab4e4fb64b82f5,sell,0x2e071d2966aa7d8decb1005885ba1977d6038a65,0xc033be195702f513213cb792909f626e802bda1be9bba51d38d21780b4e98885
274,30,0.327,0xe026a60bed392313e0dd24310db38be527fee96f,2017-10-25T23:26:59.000Z,0.0109,0x1ed014aec47fae44c9e55bac7662c0b78ae61798,sell,0x2e071d2966aa7d8decb1005885ba1977d6038a65,0x0b7def6df866b3a884e5f6c12144ffb7e79ddd8cd8aca53da180713d79527046
275,1,0.0125,0xedf5de3807d23e5d85b0caa1e10d52b85c2a6965,2017-10-25T23:23:57.000Z,0.0125,0xa2177f1c7b7552c69de0899c937e549987fad35d,buy,0x2e071d2966aa7d8decb1005885ba1977d6038a65,0xbec7cde9b5db80ba5ccf57bd2429614cf36347c179234c511f2ea658e48e5675
276,97,0.9894,0x204ea35e8374793d92cc7baa8d03bb68544a2f23,2017-10-25T22:37:32.000Z,0.0102,0xfa9e416e112d0eb80a9f9b2026b23cb6c816725f,sell,0x2e071d2966aa7d8decb1005885ba1977d6038a65,0x765eec2d3d86ce3970e4f7cd5f478857f1afdce79b1bbf51f4029536325288e7
277,20.217,0.22339785,0x40473b43caf2df22f28423d7cff014e9e132614b,2017-10-25T22:36:38.000Z,0.01105,0xfa9e416e112d0eb80a9f9b2026b23cb6c816725f,sell,0x2e071d2966aa7d8decb1005885ba1977d6038a65,0x7416bd6681c4a47db2fb28f36926bada96208da941a1d576b69b80285296b16b
278,30,0.333,0xe026a60bed392313e0dd24310db38be527fee96f,2017-10-25T22:36:38.000Z,0.0111,0xfa9e416e112d0eb80a9f9b2026b23cb6c816725f,sell,0x2e071d2966aa7d8decb1005885ba1977d6038a65,0xfe71b3438567e568d308d5b350049f30bc2ee4a1f8b6a7580daefa5377bf4d21
279,95,0.9975,0x654983fdef17aa7ae0fbb5ce73f5deb484d8b5ea,2017-10-25T22:36:32.000Z,0.0105,0xfa9e416e112d0eb80a9f9b2026b23cb6c816725f,sell,0x2e071d2966aa7d8decb1005885ba1977d6038a65,0xf03aeb8535c05dbba796d6d170abe3eb4a30a0915ef5a140dd171ae32af1bae6
280,600,6.6,0x2bc9842431f9700969534d10c102a51caf13b925,2017-10-25T22:29:49.000Z,0.011,0xfa9e416e112d0eb80a9f9b2026b23cb6c816725f,sell,0x2e071d2966aa7d8decb1005885ba1977d6038a65,0x30211ca77f5109a7a2612d17ad9e023cb24ec02c855a82e90913b0d31e74785b
281,40,0.42,0xebb282ab49fe60425d898f976ec2c8eb2712729b,2017-10-25T22:12:22.000Z,0.0105,0xfa9e416e112d0eb80a9f9b2026b23cb6c816725f,sell,0x2e071d2966aa7d8decb1005885ba1977d6038a65,0x9413b5161cbce46c6415bf44f50240a8388f1c94dd2038a7a9f910badf7783ba
282,77,0.79695,0x17f20515dd55fb487a56482b7a41883726f211bd,2017-10-25T22:08:08.000Z,0.01035,0xfa9e416e112d0eb80a9f9b2026b23cb6c816725f,sell,0x2e071d2966aa7d8decb1005885ba1977d6038a65,0x698b555e7d094ed2d94f5916396c8189ef33dcfa889037a0d7a3418d8d764fa2
283,45.5,0.5005,0x57e51f08aa54ec6c53f48086fe367e027fc5155f,2017-10-25T22:05:47.000Z,0.011,0xfa9e416e112d0eb80a9f9b2026b23cb6c816725f,sell,0x2e071d2966aa7d8decb1005885ba1977d6038a65,0xf2b2c28ddb400fa6bb393e1c30c3e4255532dde8516b3d35cadca51d46a7cbf9
284,84,0.9366,0x40473b43caf2df22f28423d7cff014e9e132614b,2017-10-25T22:05:42.000Z,0.01115,0xfa9e416e112d0eb80a9f9b2026b23cb6c816725f,sell,0x2e071d2966aa7d8decb1005885ba1977d6038a65,0x71955f85f27d1c54622356c87bb090e3ef572555e9ed936f0824a8e77a35ced3
285,475,4.84975,0x993646440ec8f0f995f6deae3a91143cfc791102,2017-10-25T22:03:09.000Z,0.01021,0xfa9e416e112d0eb80a9f9b2026b23cb6c816725f,sell,0x2e071d2966aa7d8decb1005885ba1977d6038a65,0xdbf8b2bb7215078c8cb0d8693414498ca0841982c290a44c428dd507d31480d2
286,104.1021041378106,1.1451231455159165,0xddc94bc4f885d9565a0ba6d3e0eb197049e116c5,2017-10-25T22:01:15.000Z,0.011,0xfa9e416e112d0eb80a9f9b2026b23cb6c816725f,sell,0x2e071d2966aa7d8decb1005885ba1977d6038a65,0xe4cd974697d13bee3fc096802fbb1c39821dc1017ae4f9eedc1770f376be8686
287,300,3.093,0x6fb5aed8e3b51450f01235cd6f3ffa10f68845d0,2017-10-25T21:59:13.000Z,0.01031,0xfa9e416e112d0eb80a9f9b2026b23cb6c816725f,sell,0x2e071d2966aa7d8decb1005885ba1977d6038a65,0x08f555c0c889f397cbdcade8ab3cf2c5a613f24b89b99d97dcbd482ba9faa648
288,50,0.575,0xddc94bc4f885d9565a0ba6d3e0eb197049e116c5,2017-10-25T20:15:57.000Z,0.0115,0x66d4bacfe61df23be813089a7a6d1a749a5c936a,sell,0x2e071d2966aa7d8decb1005885ba1977d6038a65,0x0171169ba7169df03ab2ade3724cd67b4db4aabe4cda48124e772bb8389f06aa
289,201,2.21101809,0xc4092f51ebed74fb74484bded74e1ebb4c5f0b05,2017-10-25T20:15:57.000Z,0.01100009,0x66d4bacfe61df23be813089a7a6d1a749a5c936a,sell,0x2e071d2966aa7d8decb1005885ba1977d6038a65,0x757ef3a57e205eaeac84f49577bcebd57a52566783f2e7a6e7dbb42667b783af
290,0.1,0.001295,0x0b773d7819259d78757b26dc4148812d35676d8f,2017-10-25T19:47:09.000Z,0.01295,0xa2177f1c7b7552c69de0899c937e549987fad35d,buy,0x2e071d2966aa7d8decb1005885ba1977d6038a65,0x5bb9f4b724a0c3ac37d7bd21517411c530a8b2577edf587d563ddccc59000fa2
291,25,0.275,0x30ad3b0451b2595263b68fd4e04e5c3d052d3698,2017-10-25T18:43:18.000Z,0.011,0x66d4bacfe61df23be813089a7a6d1a749a5c936a,sell,0x2e071d2966aa7d8decb1005885ba1977d6038a65,0xbceb673f82013e2758f984c501019b98d509fa9bdbd3d49c8ec1afcb952af713
292,259.17,2.980455,0xa88bf0252f81b2e9b476aa1298055a58f83c3215,2017-10-25T18:42:54.000Z,0.0115,0x66d4bacfe61df23be813089a7a6d1a749a5c936a,sell,0x2e071d2966aa7d8decb1005885ba1977d6038a65,0x63d22a539122985278ffc7b9604f5d6dd34f6178145800f2c450315eac265ea0
293,99.923,1.298999,0xbc2900b2731157e68a1c01db25d7878623ba291b,2017-10-25T18:21:47.000Z,0.013,0x66d4bacfe61df23be813089a7a6d1a749a5c936a,buy,0x2e071d2966aa7d8decb1005885ba1977d6038a65,0xbd3d0ad7effb0236c75d3c73f72fa81cd7f1d16785b40862882e8f19a4399977
294,100,1.3,0xbc2900b2731157e68a1c01db25d7878623ba291b,2017-10-25T18:21:47.000Z,0.013,0xdc687ad89ce2a35cb8be58fbf5c241a541499c30,buy,0x2e071d2966aa7d8decb1005885ba1977d6038a65,0x9a73bf7694859fcd60f45d20dc6beaad42df81c89680c5ac7744092af13e2ca6
295,200,2.5,0xbc2900b2731157e68a1c01db25d7878623ba291b,2017-10-25T18:20:04.000Z,0.0125,0x4cc34cc03fb09119bef8e9c49e6a95b3f70608be,buy,0x2e071d2966aa7d8decb1005885ba1977d6038a65,0xde5e48339ec7b80fa7cca3cf7c68359b9b14238caee141ca46813d859365d43c
296,100,1.2,0xbc2900b2731157e68a1c01db25d7878623ba291b,2017-10-25T18:20:04.000Z,0.012,0xdc687ad89ce2a35cb8be58fbf5c241a541499c30,buy,0x2e071d2966aa7d8decb1005885ba1977d6038a65,0x2414e2eab23678bd9b2cd8ca28eac7015f887b98f8db2933cfcc008939245a62
297,99.9198717948718,1.247,0xbc2900b2731157e68a1c01db25d7878623ba291b,2017-10-25T18:20:04.000Z,0.01248,0x66d4bacfe61df23be813089a7a6d1a749a5c936a,buy,0x2e071d2966aa7d8decb1005885ba1977d6038a65,0xfb9688301ace72c853d86de0b8ccb7ce22e96358c5d99c3e414e21daed794f23
298,99.91666666666667,1.199,0xbc2900b2731157e68a1c01db25d7878623ba291b,2017-10-25T18:18:34.000Z,0.012,0x66d4bacfe61df23be813089a7a6d1a749a5c936a,buy,0x2e071d2966aa7d8decb1005885ba1977d6038a65,0x5ee512a609cf15fcaa8c3bec64916318ae285134e0098fcb240222b2e5650c5e
299,100,1.25,0xbc2900b2731157e68a1c01db25d7878623ba291b,2017-10-25T18:18:34.000Z,0.0125,0xdc687ad89ce2a35cb8be58fbf5c241a541499c30,buy,0x2e071d2966aa7d8decb1005885ba1977d6038a65,0xbc51b87708021cde866f687d6355c40f58985fcdd1bdf8e570884a92b8661991
300,20,0.24,0xbc2900b2731157e68a1c01db25d7878623ba291b,2017-10-25T18:18:34.000Z,0.012,0x30ad3b0451b2595263b68fd4e04e5c3d052d3698,buy,0x2e071d2966aa7d8decb1005885ba1977d6038a65,0xbee41b644a38db10ef6dce51ff28d7c404230a7c1dd1fb382f2a5d9193914dc9
301,197.301,2.34590889,0xbc2900b2731157e68a1c01db25d7878623ba291b,2017-10-25T18:18:34.000Z,0.01189,0x9be96a6e861d2e5aff1fe0738bed664b6f0b543e,buy,0x2e071d2966aa7d8decb1005885ba1977d6038a65,0x51ec3c0fca70aced5233a927f5d3cd2225119c97bfe36e6db31a3f5fbd9d3293
302,200,2.3778,0xbc2900b2731157e68a1c01db25d7878623ba291b,2017-10-25T18:18:28.000Z,0.011889,0xe809d458ea42a11be877d91929280a798a17cea0,buy,0x2e071d2966aa7d8decb1005885ba1977d6038a65,0x0e005ede50a88f6802162d84a9fdd6c2d712d72452264a5ddafe35e20803a499
303,40,0.4,0x6fb5aed8e3b51450f01235cd6f3ffa10f68845d0,2017-10-25T15:37:08.000Z,0.01,0xc4e2d48b0483dbd0080cec9879904faa9f4567ca,sell,0x2e071d2966aa7d8decb1005885ba1977d6038a65,0x1116393bd9f4f57116fc52bb38cfba1e0e00bc34c0b54bb35ea48416dae6410a
304,56,0.58856,0x17f20515dd55fb487a56482b7a41883726f211bd,2017-10-25T15:36:14.000Z,0.01051,0xc4e2d48b0483dbd0080cec9879904faa9f4567ca,sell,0x2e071d2966aa7d8decb1005885ba1977d6038a65,0x82e77e972388f4be0f2d7fdc98371722901902f163e850bdbd54c31b7d5a66d9
305,0.107107061723555,0.001232802280438118,0x17f20515dd55fb487a56482b7a41883726f211bd,2017-10-25T15:34:22.000Z,0.01151,0xc4e2d48b0483dbd0080cec9879904faa9f4567ca,sell,0x2e071d2966aa7d8decb1005885ba1977d6038a65,0x3b02226e252366589250627449e8204d6b2a94867d4cb1e5ac6779b7f704c157
306,25.920706715566844,0.2983473342961744,0x17f20515dd55fb487a56482b7a41883726f211bd,2017-10-25T15:00:44.000Z,0.01151,0xe2eabfc1e89a462bbd2ba188cd8a9591a9a0d04e,sell,0x2e071d2966aa7d8decb1005885ba1977d6038a65,0xdefae0eaee5a7572a1a5a0cd28324678271f6486f5796b05cb0571de18bfb9cc
307,110,1.3079,0x6fb5aed8e3b51450f01235cd6f3ffa10f68845d0,2017-10-25T14:34:09.000Z,0.01189,0x9be96a6e861d2e5aff1fe0738bed664b6f0b543e,buy,0x2e071d2966aa7d8decb1005885ba1977d6038a65,0xcd89f34cf824063bb4af293b45ebff1388ff9557c591104ae85cbc5e0ec18492
308,8.9721862227096,0.1032698634233875,0x17f20515dd55fb487a56482b7a41883726f211bd,2017-10-25T14:25:20.000Z,0.01151,0xde7e14702b43ab77e29032ffd6e1916adf3ce206,sell,0x2e071d2966aa7d8decb1005885ba1977d6038a65,0x1446539378d53858d5a746f2145f1888ca33d665a3d0bac92a7a1f297c2370e1
309,22.681952716217673,0.26968841779582814,0xceaf5253efcef56b61be369b928213d091f81a9a,2017-10-25T13:53:39.000Z,0.01189,0x9be96a6e861d2e5aff1fe0738bed664b6f0b543e,buy,0x2e071d2966aa7d8decb1005885ba1977d6038a65,0x2801dcf12c53a02aaf3eec81d41185e7b7868a29ba2bd80dbb8632312f0c06a9
310,50,0.5875,0xebb282ab49fe60425d898f976ec2c8eb2712729b,2017-10-25T13:36:00.000Z,0.01175,0x71c3e4c1986ee20ad871556cade3fb2efd80f28e,buy,0x2e071d2966aa7d8decb1005885ba1977d6038a65,0x36f7c6af216c05f626c0fd0e8abb81e30e226c1e2e14693a5bea84a6c8336c48
311,50,0.57,0xebb282ab49fe60425d898f976ec2c8eb2712729b,2017-10-25T13:35:34.000Z,0.0114,0x71c3e4c1986ee20ad871556cade3fb2efd80f28e,buy,0x2e071d2966aa7d8decb1005885ba1977d6038a65,0x846f52141b29d4a356891216f8205e6780975f0416b71635f7bc32389db244b4
312,15,0.1725,0xceaf5253efcef56b61be369b928213d091f81a9a,2017-10-25T13:34:31.000Z,0.0115,0x30ad3b0451b2595263b68fd4e04e5c3d052d3698,buy,0x2e071d2966aa7d8decb1005885ba1977d6038a65,0xd4da2fc00e873c8248af724d270d7f4bd8f3a974808ccb4c8cd79c02e8a8a340
313,50,0.565,0xceaf5253efcef56b61be369b928213d091f81a9a,2017-10-25T13:32:47.000Z,0.0113,0x71c3e4c1986ee20ad871556cade3fb2efd80f28e,buy,0x2e071d2966aa7d8decb1005885ba1977d6038a65,0x6b9f6f4a4a7a8402ab6a55bb4107aca52176c2f040c4dcad88f81d6f53b9e38d
314,10.55860056022553,0.11181557993278836,0xebb282ab49fe60425d898f976ec2c8eb2712729b,2017-10-25T13:26:37.000Z,0.01059,0x492842125e4c3a7d10cda0e0291ea22788e4ad60,buy,0x2e071d2966aa7d8decb1005885ba1977d6038a65,0x3e9eb1b5f876e91074e5945ce483b5ff3901db330a1527d2f4b9d6d09172a583
315,313.009485565311,3.721682783371548,0xfc36cf9684253b69bfb68b431e304adb66519e60,2017-10-25T13:17:32.000Z,0.01189,0x9be96a6e861d2e5aff1fe0738bed664b6f0b543e,buy,0x2e071d2966aa7d8decb1005885ba1977d6038a65,0x0edc28cacb5c44c0997d265e701f60d05a9de6b79879e7f1dbfa489b6fab38e5
316,50,0.575,0xfc36cf9684253b69bfb68b431e304adb66519e60,2017-10-25T13:15:13.000Z,0.0115,0x71c3e4c1986ee20ad871556cade3fb2efd80f28e,buy,0x2e071d2966aa7d8decb1005885ba1977d6038a65,0xeeabb40451f9af944777601417699f8fdc937c977ea12603bb64202c0c7598b7
317,50,0.585,0xfc36cf9684253b69bfb68b431e304adb66519e60,2017-10-25T13:15:07.000Z,0.0117,0x71c3e4c1986ee20ad871556cade3fb2efd80f28e,buy,0x2e071d2966aa7d8decb1005885ba1977d6038a65,0x0c73733c75d330f4cff1df0993a066befc7c40fb2a9cf1651e0140ab33b0566a
318,100,1.1,0xfc36cf9684253b69bfb68b431e304adb66519e60,2017-10-25T13:12:57.000Z,0.011,0xdc687ad89ce2a35cb8be58fbf5c241a541499c30,buy,0x2e071d2966aa7d8decb1005885ba1977d6038a65,0xd628fc002ab683df7c79ac36753a203ab1df0d5c2df4b0ad6cf85d32b0cde4ce
319,152.116,1.8177862,0xd9d191d43434299d7cb34e2fc542ec5c71858284,2017-10-25T13:09:15.000Z,0.01195,0x366793b71fdf50d6214bf6f21059522777752093,buy,0x2e071d2966aa7d8decb1005885ba1977d6038a65,0x278b2bdc6317e0c6d6a027f15022bd7bc997ac2606f71ea003cb068074b8b5d4
320,100,1.15,0xd9d191d43434299d7cb34e2fc542ec5c71858284,2017-10-25T13:08:52.000Z,0.0115,0xdc687ad89ce2a35cb8be58fbf5c241a541499c30,buy,0x2e071d2966aa7d8decb1005885ba1977d6038a65,0xa0a83fd74b956f6e15796edd91a21e0b1669a02b3fdfb2a0a7ed0f047a18c7aa
321,11.9,0.126021,0xd895e6e5e0a13ec2a16e7bddd6c1151b01128488,2017-10-25T12:58:54.000Z,0.01059,0x492842125e4c3a7d10cda0e0291ea22788e4ad60,buy,0x2e071d2966aa7d8decb1005885ba1977d6038a65,0xa303be86ac9043d32d6412b94e0b98e51dabe7afd3fa810fa8a4be32b7a4c25f
322,8,0.08456,0xd895e6e5e0a13ec2a16e7bddd6c1151b01128488,2017-10-25T12:56:18.000Z,0.01057,0xe026a60bed392313e0dd24310db38be527fee96f,buy,0x2e071d2966aa7d8decb1005885ba1977d6038a65,0xb69a886de4980724fa408f6535a04307422c40081bd5dd5ad5f3b26d5f714b6b
323,232.002,2.452029138,0xd895e6e5e0a13ec2a16e7bddd6c1151b01128488,2017-10-25T12:54:44.000Z,0.010569,0x9be96a6e861d2e5aff1fe0738bed664b6f0b543e,buy,0x2e071d2966aa7d8decb1005885ba1977d6038a65,0x88439bda5745f079ac5360c1fbadbebc877ac760ea12d14e7338d650cc852c2c
324,50,0.52716,0xd895e6e5e0a13ec2a16e7bddd6c1151b01128488,2017-10-25T12:54:33.000Z,0.0105432,0x4cc34cc03fb09119bef8e9c49e6a95b3f70608be,buy,0x2e071d2966aa7d8decb1005885ba1977d6038a65,0x4d448b69703cf87ed9bc5da6387c0c0453cfee237a0a2bef4f60361cb9a6bc4e
325,150,1.58148,0x6fb5aed8e3b51450f01235cd6f3ffa10f68845d0,2017-10-25T12:22:19.000Z,0.0105432,0x4cc34cc03fb09119bef8e9c49e6a95b3f70608be,buy,0x2e071d2966aa7d8decb1005885ba1977d6038a65,0x9324d67c39cc1569f6da4c8c284c6fc4b5589ca4a9d54bacda2af4185a6ce953
326,0.1097237261758686,0.001156488073893656,0x6fb5aed8e3b51450f01235cd6f3ffa10f68845d0,2017-10-25T12:20:44.000Z,0.01054000000000001,0xfbf7dc0756a9768d0c71aea5f8421f3b1eaee7d1,buy,0x2e071d2966aa7d8decb1005885ba1977d6038a65,0x459df832aaa982d0f5e2ecff2c5d7c6c394e5cd7e442f3b3202c9329be120e1b
327,70,0.7371,0x6fb5aed8e3b51450f01235cd6f3ffa10f68845d0,2017-10-25T12:20:44.000Z,0.01053,0xe026a60bed392313e0dd24310db38be527fee96f,buy,0x2e071d2966aa7d8decb1005885ba1977d6038a65,0xf9b6c92a66d98f5155898c431fabb1ac23721adab58774c9e3923cf67eb84f86
328,91,0.95732,0x6fb5aed8e3b51450f01235cd6f3ffa10f68845d0,2017-10-25T12:11:36.000Z,0.01052,0xfbf7dc0756a9768d0c71aea5f8421f3b1eaee7d1,buy,0x2e071d2966aa7d8decb1005885ba1977d6038a65,0x7aa79425287cdeb6978f1ffa74cfde4a48cab6bc9a33d1e85b1499b565db978a
329,18.404443906597447,0.17760288369866536,0xddc94bc4f885d9565a0ba6d3e0eb197049e116c5,2017-10-25T09:46:08.000Z,0.00965,0x3df86cefaecfaa31be2f74f8f832cb4ef62b79f8,sell,0x2e071d2966aa7d8decb1005885ba1977d6038a65,0x085450379d96333476dbbb85b1cf872c0907d832c949185b2fece2c657943c6d
330,475,4.583755225,0xe809d458ea42a11be877d91929280a798a17cea0,2017-10-25T09:41:16.000Z,0.009650011,0x3df86cefaecfaa31be2f74f8f832cb4ef62b79f8,sell,0x2e071d2966aa7d8decb1005885ba1977d6038a65,0x9960155d8b53ccb4e523bb341fe3a36f7aaf8bd890ec521b3cae48dbb35a70b7
331,69.16489866387361,0.6715911660262127,0xe026a60bed392313e0dd24310db38be527fee96f,2017-10-25T09:36:12.000Z,0.00971,0x3df86cefaecfaa31be2f74f8f832cb4ef62b79f8,sell,0x2e071d2966aa7d8decb1005885ba1977d6038a65,0x89aaeed1c6523385ae45e93bcb246c7491281acbcfc395cf75da2789add4193d
332,19.390936148979932,0.18867380872957473,0x492842125e4c3a7d10cda0e0291ea22788e4ad60,2017-10-25T09:36:12.000Z,0.00973,0x3df86cefaecfaa31be2f74f8f832cb4ef62b79f8,sell,0x2e071d2966aa7d8decb1005885ba1977d6038a65,0xfab3fa251fd4f695f7df07c8fd516922bc77f6df4e627123d66d9b9a66534204
333,54,0.5238,0xa2177f1c7b7552c69de0899c937e549987fad35d,2017-10-25T09:36:12.000Z,0.0097,0x3df86cefaecfaa31be2f74f8f832cb4ef62b79f8,sell,0x2e071d2966aa7d8decb1005885ba1977d6038a65,0xad378fff8cc6c6bd58c76a68bab55e47b24371e4a9a49f4ffb3bb370430cd98b
334,10.609063851020068,0.10322619127042526,0x492842125e4c3a7d10cda0e0291ea22788e4ad60,2017-10-25T08:33:57.000Z,0.009729999999999999,0xe2eabfc1e89a462bbd2ba188cd8a9591a9a0d04e,sell,0x2e071d2966aa7d8decb1005885ba1977d6038a65,0xe5bbc0042430d5742b1e701d6486be92af04eee52ba13778da310ac309365860
335,9,0.09486,0xde7e14702b43ab77e29032ffd6e1916adf3ce206,2017-10-25T07:21:21.000Z,0.01054,0xfbf7dc0756a9768d0c71aea5f8421f3b1eaee7d1,buy,0x2e071d2966aa7d8decb1005885ba1977d6038a65,0x3ab27525aae5b407882f519703785065b2f8d36fdf4c8f4f565b0427e7c0d67e
336,99.69095803010667,0.970989931213239,0xfbf7dc0756a9768d0c71aea5f8421f3b1eaee7d1,2017-10-25T05:38:51.000Z,0.00974,0xc4e2d48b0483dbd0080cec9879904faa9f4567ca,sell,0x2e071d2966aa7d8decb1005885ba1977d6038a65,0xda3fa299bf730b70f00dda159bd77b712bb548f1b2a11869ebf941509a029cc9
337,47,0.49585,0x5becd859fe01f0a2ea2020ee8d7499c2530d6122,2017-10-24T19:51:34.000Z,0.01055,0xa2177f1c7b7552c69de0899c937e549987fad35d,buy,0x2e071d2966aa7d8decb1005885ba1977d6038a65,0x00b1d84153c2c440f0742ee8d47b526667b09c701e615c9ac641dcada06fdeef
338,172.097,1.7725991,0x0a439c68e2f4c8156d1cb2d3ed3fcbe53426ef8e,2017-10-24T19:06:50.000Z,0.0103,0x980561d80f2475bdb0587566d6b37379de971a81,buy,0x2e071d2966aa7d8decb1005885ba1977d6038a65,0x07b51e72b8cb74a055472ed946c90502b14dc5a0f7cd1d30be8ae4d7303fc2c4
339,48,0.4944,0x5becd859fe01f0a2ea2020ee8d7499c2530d6122,2017-10-24T18:43:21.000Z,0.0103,0x980561d80f2475bdb0587566d6b37379de971a81,buy,0x2e071d2966aa7d8decb1005885ba1977d6038a65,0x2fedb54b6204f3c67814e228aecd47a03edeff136322c5c33e7aeec1c43c9ce4
340,100,1,0xa8ccb60891781c2f78c5a34a21278d1096f4df30,2017-10-24T18:31:58.000Z,0.01,0x980561d80f2475bdb0587566d6b37379de971a81,sell,0x2e071d2966aa7d8decb1005885ba1977d6038a65,0x7ebd28eb7b28537c39d112bcc8c8438983191a788775b0a41a438376461da7f3
341,11,0.116259,0x5becd859fe01f0a2ea2020ee8d7499c2530d6122,2017-10-24T18:06:14.000Z,0.010569,0x9be96a6e861d2e5aff1fe0738bed664b6f0b543e,buy,0x2e071d2966aa7d8decb1005885ba1977d6038a65,0xbc2eaaaed4e83365f7311ee95df938cee95a8c9461651a547024ff0b658908c0
342,36,0.38016,0x5becd859fe01f0a2ea2020ee8d7499c2530d6122,2017-10-24T18:05:14.000Z,0.01056,0xfbf7dc0756a9768d0c71aea5f8421f3b1eaee7d1,buy,0x2e071d2966aa7d8decb1005885ba1977d6038a65,0x4aada61f5a13f94058585e375e6d7357d73dc4b165a32a923ee030cc20db1f65
343,47,0.496743,0x5becd859fe01f0a2ea2020ee8d7499c2530d6122,2017-10-24T17:40:27.000Z,0.010569,0x9be96a6e861d2e5aff1fe0738bed664b6f0b543e,buy,0x2e071d2966aa7d8decb1005885ba1977d6038a65,0x25b62ea9b794708ba7816faf17f757495760444446229688b61802fb8555d438
344,7.97527763392854,0.07743994582544612,0xe026a60bed392313e0dd24310db38be527fee96f,2017-10-24T07:46:40.000Z,0.00971,0x3f7c7a6b445d99b5db7d4f3de1d4e63a8335b33f,sell,0x2e071d2966aa7d8decb1005885ba1977d6038a65,0xdf537bada86ea1db877051c80d98e3e716a845ad7c246adf553ec39728036431
345,0.0099459371853245,0.0000965750500695,0xe026a60bed392313e0dd24310db38be527fee96f,2017-10-24T07:39:07.000Z,0.00970999999999991,0x3f7c7a6b445d99b5db7d4f3de1d4e63a8335b33f,sell,0x2e071d2966aa7d8decb1005885ba1977d6038a65,0xbe4dc144435a95c5e4f505530a7eee1efaa372240b8d5a7f96a7079c4341fb17
346,20.95181770029622,0.22187974944613698,0x9830242fe206809b66f57a150311aa925b96ac59,2017-10-24T07:02:55.000Z,0.01059,0x492842125e4c3a7d10cda0e0291ea22788e4ad60,buy,0x2e071d2966aa7d8decb1005885ba1977d6038a65,0x942b1f1626dd610a855ab4184818aa95b6c5f4964a3567e6a6c8fe9eef903ac1
347,100,1.058,0x9830242fe206809b66f57a150311aa925b96ac59,2017-10-24T06:58:08.000Z,0.01058,0xe026a60bed392313e0dd24310db38be527fee96f,buy,0x2e071d2966aa7d8decb1005885ba1977d6038a65,0xbfc61565db6ec3beb0f7699ed8d0ce9d71a8f7df682e29aeab490ffbeb27fd70
348,6.58958173947825,0.06978367062107467,0x8c2af9275f41814c61130166d78cb577e6d71d3c,2017-10-24T06:21:33.000Z,0.01059,0x492842125e4c3a7d10cda0e0291ea22788e4ad60,buy,0x2e071d2966aa7d8decb1005885ba1977d6038a65,0xaf1ef45209562bca4e21e25f90d72c41d756e5fb255fb1721e39208d0dba83ac
349,63.5812343039308,0.6739610836216665,0xd6a74eb1661b262a1699ff4b8c4a6ce59624a50b,2017-10-24T04:55:05.000Z,0.0106,0xfbf7dc0756a9768d0c71aea5f8421f3b1eaee7d1,buy,0x2e071d2966aa7d8decb1005885ba1977d6038a65,0xe4324de3a27bfd34846ed2c0256982020ea89f9b2ae1e8a7b420a6b0ee601eae
350,50,0.535,0x5a7f52c42526ddb16755d0681ddc80be166c2ff6,2017-10-24T04:37:22.000Z,0.0107,0x8658c7e8be379543eef958493ba7f12504b9898a,buy,0x2e071d2966aa7d8decb1005885ba1977d6038a65,0x56c11459ced06d02960f4b5ef5b8e51ebc188cdeeb31f88ba05eb60f89fd199c
351,30.7799,0.32318895,0xd6a74eb1661b262a1699ff4b8c4a6ce59624a50b,2017-10-24T04:26:06.000Z,0.0105,0x49dc235474e153367b593cab41b56dff301fbea0,buy,0x2e071d2966aa7d8decb1005885ba1977d6038a65,0xa58653230775f5bad352455ce960e703f795f86aa3d1ca2e38a84afa31302ed8
352,1.0806483035669796,0.010266158883886307,0x55c6c9d943a08b9e39e0ea27c50f0f6b16898f92,2017-10-23T20:16:12.000Z,0.0095,0x1e6e34e497ba2ee163bb703b991fd06966427091,sell,0x2e071d2966aa7d8decb1005885ba1977d6038a65,0xc30357c36f5d0fbdd066e53f1f53a5f361c7c4c1b4ba9bd765cf9bbcb03a5c01
353,26,0.247,0x36282355dc35bc527c43dcdb9dfceeb1bbe99639,2017-10-23T20:14:02.000Z,0.0095,0x1e6e34e497ba2ee163bb703b991fd06966427091,sell,0x2e071d2966aa7d8decb1005885ba1977d6038a65,0xfc64865cb2f5fad099db9e6c5df0cd6dc08ce5b6cc39bd237bf18501ebd8447c
354,10,0.095,0x30ad3b0451b2595263b68fd4e04e5c3d052d3698,2017-10-23T20:14:02.000Z,0.0095,0x1e6e34e497ba2ee163bb703b991fd06966427091,sell,0x2e071d2966aa7d8decb1005885ba1977d6038a65,0xbe2e3384a087d49e38a57f430941fab1bad539e0537beb11fff8a0263d2c282a
355,6.7,0.06901,0x88978ae8618b15bdaf1c4267e9a990203237b282,2017-10-23T20:03:44.000Z,0.0103,0x49dc235474e153367b593cab41b56dff301fbea0,sell,0x2e071d2966aa7d8decb1005885ba1977d6038a65,0x1f2e5e76b6e4d4921ee45ab458072321b238665fa8e75e3e201a97f91794a104
356,37.5,0.3495000375,0x49dc235474e153367b593cab41b56dff301fbea0,2017-10-23T19:55:50.000Z,0.009320001,0xfa9e416e112d0eb80a9f9b2026b23cb6c816725f,sell,0x2e071d2966aa7d8decb1005885ba1977d6038a65,0xa3bd57b0246b40fee0c55d27d3324b2aa22df25b494ab3b3ff19bf8254ad0b22
357,15,0.15375,0x30ad3b0451b2595263b68fd4e04e5c3d052d3698,2017-10-23T19:55:31.000Z,0.01025,0x1e6e34e497ba2ee163bb703b991fd06966427091,sell,0x2e071d2966aa7d8decb1005885ba1977d6038a65,0x268fa8c0fb5cccdb7bf5d910e8ddee6e8ba5c2a1a24f8897ac2e72af1db6492b
358,56,0.5376,0xf9e6eeb0f65fc7769f0dd7c1320a6b90d4fe4a4b,2017-10-23T19:55:12.000Z,0.0096,0x1e6e34e497ba2ee163bb703b991fd06966427091,sell,0x2e071d2966aa7d8decb1005885ba1977d6038a65,0xf617798d4494a1951e2d12abd05ddea6c8669acf6050aeaf39adf4e097eae7ae
359,25,0.25,0x30ad3b0451b2595263b68fd4e04e5c3d052d3698,2017-10-23T19:54:27.000Z,0.01,0x1e6e34e497ba2ee163bb703b991fd06966427091,sell,0x2e071d2966aa7d8decb1005885ba1977d6038a65,0x0c3818fede41018d02f2101ee3f40d2f99a20027b8443bdb4c85a566da2264d1
360,300,2.76630063,0xaf0c072c79c02cf191999f780be88a7323ec4342,2017-10-23T19:52:18.000Z,0.0092210021,0xfa9e416e112d0eb80a9f9b2026b23cb6c816725f,sell,0x2e071d2966aa7d8decb1005885ba1977d6038a65,0xcf04277fd244acc745d5a850307ef0f0f68218805db801a0a90b8b88c2213ea7
361,101,0.9696,0xddc94bc4f885d9565a0ba6d3e0eb197049e116c5,2017-10-23T19:51:07.000Z,0.0096,0xfa9e416e112d0eb80a9f9b2026b23cb6c816725f,sell,0x2e071d2966aa7d8decb1005885ba1977d6038a65,0x07f2376a14df1d9eeac4ec848412fdb3c2bf2eb593f012cd1201e0811899c4c6
362,100,1.036,0x492842125e4c3a7d10cda0e0291ea22788e4ad60,2017-10-23T19:30:06.000Z,0.01036,0x8658c7e8be379543eef958493ba7f12504b9898a,sell,0x2e071d2966aa7d8decb1005885ba1977d6038a65,0x5c004c26a252a718d7af11b028dc82c296f335a1a8b7a896b9978095b11f06ee
363,34.273751370750674,0.3547676004386402,0x8a98535e7fb63e74f48ff9432b9d0af00a30cec2,2017-10-23T14:19:28.000Z,0.010351,0x0a896fada5c1b4bb187a4bea3afca092cb2e93ef,sell,0x2e071d2966aa7d8decb1005885ba1977d6038a65,0x219406153b2da091192a13be7a8d883b453a2c2fcefb262d0c77c5256ebd5bd9
364,100,1.035,0xfbf7dc0756a9768d0c71aea5f8421f3b1eaee7d1,2017-10-23T13:24:06.000Z,0.01035,0xd999935b4c0930edf8b9c47d0e66476d42a3e175,sell,0x2e071d2966aa7d8decb1005885ba1977d6038a65,0xf31413da79d5a1dcbcac5677880cc426850c777b005bccbe33e57f3331f7c6e0
365,94,1.1157706,0x4200c8696fce03c15c626a33af8d0be26b36a5b1,2017-10-23T11:20:06.000Z,0.0118699,0x8a98535e7fb63e74f48ff9432b9d0af00a30cec2,buy,0x2e071d2966aa7d8decb1005885ba1977d6038a65,0xe2e5d5daf3410fce6294c1450afe2de8ec784c126d28a102cbbaf391bceda15e
366,0.0714285714285714,0.001,0x4a57d0208164a1c1c63c75395dc444428a07b50a,2017-10-23T09:14:38.000Z,0.014000000000000005,0x1d32bc42fb0286d19074a3694df581d6572b85a6,buy,0x2e071d2966aa7d8decb1005885ba1977d6038a65,0x83f6f35f25b12d5f8fe4ce075295b0c01bcd6a7f6b4e1180c4df10a19e43f771
367,0.068073519400953,0.001,0x4a57d0208164a1c1c63c75395dc444428a07b50a,2017-10-23T08:57:00.000Z,0.014690000000000007,0x30ad3b0451b2595263b68fd4e04e5c3d052d3698,buy,0x2e071d2966aa7d8decb1005885ba1977d6038a65,0x716439b263e564f853200b4019b57bd46a948ec16816c8b5061ffa29884b0e97
368,0.0841049966778526,0.001,0x4a57d0208164a1c1c63c75395dc444428a07b50a,2017-10-23T08:37:13.000Z,0.011889900000000004,0x1f9b145fdaef2b82aef29c2f3c9b875a8b017512,buy,0x2e071d2966aa7d8decb1005885ba1977d6038a65,0xd26089a5015bd9bae3567788338644e65645fa1edd79a598b50edcd478019d95
369,0.0841049966778526,0.001,0x4a57d0208164a1c1c63c75395dc444428a07b50a,2017-10-23T08:21:50.000Z,0.011889900000000004,0x1f9b145fdaef2b82aef29c2f3c9b875a8b017512,buy,0x2e071d2966aa7d8decb1005885ba1977d6038a65,0x94f2483ccd3ba68b5298875e4af37cdf2dcda6b38962f3e7a784899ba0ef49c4
370,0.0841042893187552,0.001,0x4a57d0208164a1c1c63c75395dc444428a07b50a,2017-10-23T08:05:39.000Z,0.011890000000000008,0x9be96a6e861d2e5aff1fe0738bed664b6f0b543e,buy,0x2e071d2966aa7d8decb1005885ba1977d6038a65,0x3e784e0dfe995b9f502a6294a13cb7356edd0b5b153403d4a3a8d25f1d727a33
371,0.0746268656716417,0.001,0x4a57d0208164a1c1c63c75395dc444428a07b50a,2017-10-23T07:49:38.000Z,0.013400000000000016,0x66d4bacfe61df23be813089a7a6d1a749a5c936a,buy,0x2e071d2966aa7d8decb1005885ba1977d6038a65,0x984c59bfc685c527d3f2206d31d89b829ceba4bbbc0391ebc080bbddc3573567
372,0.074074074074074,0.001,0x4a57d0208164a1c1c63c75395dc444428a07b50a,2017-10-23T07:31:34.000Z,0.013500000000000014,0x1d32bc42fb0286d19074a3694df581d6572b85a6,buy,0x2e071d2966aa7d8decb1005885ba1977d6038a65,0x6f009e24c1ca2c4885513eedce82e50a9bef09c1594e4f5a403a3fc8df8b4167
373,9.188863555813773,0.10916369904306764,0x9e473585850109cd5528df94a4c969d07edecb7f,2017-10-23T07:22:37.000Z,0.01188,0xd999935b4c0930edf8b9c47d0e66476d42a3e175,buy,0x2e071d2966aa7d8decb1005885ba1977d6038a65,0x1cad94e98e0df6855509a69311bfb366f7d689a5c574fa1c0ab2939cae9cc303
374,19.833,0.237996,0x9e473585850109cd5528df94a4c969d07edecb7f,2017-10-23T07:19:57.000Z,0.012,0x30ad3b0451b2595263b68fd4e04e5c3d052d3698,buy,0x2e071d2966aa7d8decb1005885ba1977d6038a65,0x314ad9af8848c748b64a615c8f63e0b4ffdb654847ae67062090869b4ab88837
375,25,0.2875,0x9e473585850109cd5528df94a4c969d07edecb7f,2017-10-23T07:19:23.000Z,0.0115,0x30ad3b0451b2595263b68fd4e04e5c3d052d3698,buy,0x2e071d2966aa7d8decb1005885ba1977d6038a65,0x5867ae602d9f9f8987e01d33a909b5d3d0a42a08ce6e36dba82463532724ccef
376,1.4735179109488326,0.01690125043858311,0x9e473585850109cd5528df94a4c969d07edecb7f,2017-10-23T07:19:11.000Z,0.01147,0x492842125e4c3a7d10cda0e0291ea22788e4ad60,buy,0x2e071d2966aa7d8decb1005885ba1977d6038a65,0xaa6570c87baf5a2a498218d548539207dd81c8eb862b9ec95c517f005b969264
377,42.6,0.489048,0x9e473585850109cd5528df94a4c969d07edecb7f,2017-10-23T07:19:11.000Z,0.01148,0x66d4bacfe61df23be813089a7a6d1a749a5c936a,buy,0x2e071d2966aa7d8decb1005885ba1977d6038a65,0x8b84d7a47ae7c372a290dc4faa57252fa6ef3987f665572c2f7166a3eeae84d6
378,0.0836820083682008,0.001,0x4a57d0208164a1c1c63c75395dc444428a07b50a,2017-10-23T07:15:05.000Z,0.011950000000000006,0x366793b71fdf50d6214bf6f21059522777752093,buy,0x2e071d2966aa7d8decb1005885ba1977d6038a65,0x84cec94389c2babc8f97ddbb048fe32f73c6ebfda701c8e46b58f7393b343abb
379,15.767,0.1765904,0x445e2763f58d6e50fdfb1592e90e007d260a8b9b,2017-10-23T07:06:14.000Z,0.0112,0x71c3e4c1986ee20ad871556cade3fb2efd80f28e,buy,0x2e071d2966aa7d8decb1005885ba1977d6038a65,0x7321bb4faba9bd4793685a8e4b062f54be5037409a7d8bcea72dd6aaf62193a9
380,100,1.119,0x445e2763f58d6e50fdfb1592e90e007d260a8b9b,2017-10-23T07:06:04.000Z,0.01119,0x492842125e4c3a7d10cda0e0291ea22788e4ad60,buy,0x2e071d2966aa7d8decb1005885ba1977d6038a65,0x5fe3724db4f69bcddacc475c7923afe1747ae7d22814879343754cb57f49df95
381,0.0833333333333333,0.001,0x4a57d0208164a1c1c63c75395dc444428a07b50a,2017-10-23T06:55:15.000Z,0.012000000000000005,0x30ad3b0451b2595263b68fd4e04e5c3d052d3698,buy,0x2e071d2966aa7d8decb1005885ba1977d6038a65,0x67d7d4f0bf7b8b1c3f3c6d260b429e378b17c946d0329c3cf6159fdef5c9b225
382,0.0833333333333333,0.001,0x4a57d0208164a1c1c63c75395dc444428a07b50a,2017-10-23T06:33:42.000Z,0.012000000000000005,0x30ad3b0451b2595263b68fd4e04e5c3d052d3698,buy,0x2e071d2966aa7d8decb1005885ba1977d6038a65,0xa16a2971c9efd825b4e9eb3461885064a21b3546174df01ae7556a2c0014ab01
383,56.18682085534842,0.5337749666862726,0xe809d458ea42a11be877d91929280a798a17cea0,2017-10-23T06:25:00.000Z,0.009500003,0x0f5ae453ca7fa133eaa3cf2129bacedf5454973e,sell,0x2e071d2966aa7d8decb1005885ba1977d6038a65,0xa4fe0125fcb8db44eac27f010c3ad91b64c0f6377c24fae49d3bf328f265bfc9
384,0.0833333333333333,0.001,0x4a57d0208164a1c1c63c75395dc444428a07b50a,2017-10-23T06:11:34.000Z,0.012000000000000005,0x66d4bacfe61df23be813089a7a6d1a749a5c936a,buy,0x2e071d2966aa7d8decb1005885ba1977d6038a65,0x13d4c89012ef0f27b7d707c61ba218a70557cd0be0005bc2ad2c5e521cba2254
385,0.0801282051282051,0.001,0x4a57d0208164a1c1c63c75395dc444428a07b50a,2017-10-23T05:14:31.000Z,0.012480000000000005,0x66d4bacfe61df23be813089a7a6d1a749a5c936a,buy,0x2e071d2966aa7d8decb1005885ba1977d6038a65,0xd39a3b5bcde96cf463fce95104edc732c48fba0b4a9ace30082c1beeb84bfda9
386,0.0769230769230769,0.001,0x4a57d0208164a1c1c63c75395dc444428a07b50a,2017-10-23T05:02:10.000Z,0.013000000000000005,0x66d4bacfe61df23be813089a7a6d1a749a5c936a,buy,0x2e071d2966aa7d8decb1005885ba1977d6038a65,0x85bca6ff5bd751baef13dd9a3c2463ba28dee1be0ff57ff547ccafac52674e79
387,0.9969095803010666,0.009470644003588873,0xe809d458ea42a11be877d91929280a798a17cea0,2017-10-23T03:47:44.000Z,0.009500003,0x7d053385a05276eedcaf706325ae34ae544741a6,sell,0x2e071d2966aa7d8decb1005885ba1977d6038a65,0x2a2c181d9e132b92447a6ae5d15d3c94ab06f354efea537dad8742d64d280a40
