,amount,amountBase,buyer,date,price,seller,side,tokenAddr,txHash
0,656,0.000269908284318612,0xa34c7d4de5d9bc06e125c4489328b84a4a5e68b8,2017-11-02T11:08:15.000Z,0.00000041144555536373,0x6cfa3cd4eec0fe046bba83a65d35a4ed98edc388,buy,0x08d32b0da63e2c3bcf8019c9c5d849d7a9d791e6,0xff67a3345bc0f9697d4d93bc1305391bce2f8cb6364a1c661f6da73390e6e6f4
1,3834,0.001575914664539926,0x7678e42fca3292f8cb3e3817e2b5073416743c7a,2017-11-02T10:14:32.000Z,0.00000041103668871672,0x6cfa3cd4eec0fe046bba83a65d35a4ed98edc388,buy,0x08d32b0da63e2c3bcf8019c9c5d849d7a9d791e6,0x6267edf66628d6a46f5d1a4432e7a8bae45d1b75258d30cdbd04bf62fea0fcde
2,1216,0.0005,0x4fda9e6bcd83af6c5cc771b5d20accc2b7720074,2017-11-02T09:25:05.000Z,0.00000041118421052631,0x6cfa3cd4eec0fe046bba83a65d35a4ed98edc388,buy,0x08d32b0da63e2c3bcf8019c9c5d849d7a9d791e6,0x96de222d374057078229199235b3b11e03ce558be6d6e3c0479d26dcc4f545f9
3,1216,0.0005,0x3075f7f189912f4f425dd7021b9c396434197477,2017-11-02T09:22:33.000Z,0.00000041118421052631,0x6cfa3cd4eec0fe046bba83a65d35a4ed98edc388,buy,0x08d32b0da63e2c3bcf8019c9c5d849d7a9d791e6,0x7d00dcb2c4af915925e99b2ed2db15e4e51862ea3829aae025fb8dc0e7331402
4,807993,0.267445683,0x6cfa3cd4eec0fe046bba83a65d35a4ed98edc388,2017-11-02T08:09:41.000Z,0.000000331,0xa1619bda3f5160d19df5f9358f76a3e9bc893ed6,sell,0x08d32b0da63e2c3bcf8019c9c5d849d7a9d791e6,0x4fb150bcf970a5e084144df4dcaf3345b05bf4367c6be0aa72e6bde0d32a41e3
5,48065,0.016101775,0x6cfa3cd4eec0fe046bba83a65d35a4ed98edc388,2017-11-02T01:05:59.000Z,0.000000335,0xc4a69c40c37a26cc54dc3fcd22eaa24e5a84dd52,sell,0x08d32b0da63e2c3bcf8019c9c5d849d7a9d791e6,0x932f95d31720cfb5d9c2e9da9eb75bef291f31569b3172af10c427af199cd4f7
6,25000,0.0084,0x2c36df3bff8db346c3a6f1995d0a48db1027ccb9,2017-11-02T01:05:39.000Z,0.000000336,0xc4a69c40c37a26cc54dc3fcd22eaa24e5a84dd52,sell,0x08d32b0da63e2c3bcf8019c9c5d849d7a9d791e6,0x03cb1c39953046ecf945fa37029720ed0e8a67dc6410600bf0b0e8792f43bd39
7,1682000,0.699712,0x2364e6ea3e35a8fa696fa56f2e56ab62e0583f28,2017-11-01T20:57:15.000Z,0.000000416,0x6cfa3cd4eec0fe046bba83a65d35a4ed98edc388,buy,0x08d32b0da63e2c3bcf8019c9c5d849d7a9d791e6,0x287b8ff4dfc9b72197db7ec237d9b068778ccd0d4a4d426e5430fad42e6bf930
8,149486,0.06203669,0x2364e6ea3e35a8fa696fa56f2e56ab62e0583f28,2017-11-01T20:02:33.000Z,0.000000415,0x7e826e85cba4d3aaaa1b484f53be01d10f527fd6,buy,0x08d32b0da63e2c3bcf8019c9c5d849d7a9d791e6,0xa5d64c7c5da64ecbab89a96ed10ffaf6a0f273182812fc752e9fd3a856020f9a
9,637908,0.21625088546017424,0x327de23f8dd66a9ab2b517c41bd3f123796d03eb,2017-11-01T17:58:23.000Z,0.00000033900011515794,0xdef0083fea701af025c19bdf0d328d5a44eac384,buy,0x08d32b0da63e2c3bcf8019c9c5d849d7a9d791e6,0x9c07f5e027a74529ca7fd884676866bf7bffa7b5f0e478af4167370d065a02bb
10,16449,0.005576462218708585,0x8ae2b34e5f22a783a7ee0f5970a16eeb37c18a74,2017-11-01T17:44:14.000Z,0.00000033901527258244,0xdef0083fea701af025c19bdf0d328d5a44eac384,buy,0x08d32b0da63e2c3bcf8019c9c5d849d7a9d791e6,0xe6dfc44e3ed4a5ebe84cf6438881046f4860570b19b13a0dff27d68d608490a2
11,1500000,0.5085,0x327de23f8dd66a9ab2b517c41bd3f123796d03eb,2017-11-01T17:40:38.000Z,0.000000339,0xdef0083fea701af025c19bdf0d328d5a44eac384,buy,0x08d32b0da63e2c3bcf8019c9c5d849d7a9d791e6,0xdc916e339270e974c529b5d8c9316c3ca29c624a306b80f5ee865be8044b2a91
12,1000000,0.339,0x327de23f8dd66a9ab2b517c41bd3f123796d03eb,2017-11-01T17:31:47.000Z,0.000000339,0xdef0083fea701af025c19bdf0d328d5a44eac384,buy,0x08d32b0da63e2c3bcf8019c9c5d849d7a9d791e6,0x2b23aeb81d1586af32ed82371ea01de49ef2b2bd74593fa1c7801eb47caba577
13,5000,0.001695,0x327de23f8dd66a9ab2b517c41bd3f123796d03eb,2017-11-01T17:12:40.000Z,0.000000339,0xdef0083fea701af025c19bdf0d328d5a44eac384,buy,0x08d32b0da63e2c3bcf8019c9c5d849d7a9d791e6,0xebed8e1e47a83a0fff2d367d14be35fa9a78325204e78896274dc8575743da28
14,40641,0.01377731332111717,0x0fe73b7e4aeb944b13650922598d9f1c0953d19c,2017-11-01T16:46:54.000Z,0.00000033900035238102,0xdef0083fea701af025c19bdf0d328d5a44eac384,buy,0x08d32b0da63e2c3bcf8019c9c5d849d7a9d791e6,0xe0e4a1fb448ce14b68d55d627bca8874b84b784f39b469bac9b008616e2a9eaa
15,480000,0.1992,0xb7199a06a04af4a80b4df4d6afce42851d76beb1,2017-11-01T10:31:02.000Z,0.000000415,0x7e826e85cba4d3aaaa1b484f53be01d10f527fd6,buy,0x08d32b0da63e2c3bcf8019c9c5d849d7a9d791e6,0x54376c2ccefcbf73066cf7801d5500d7614ffb98c2c61e477f16c1243e2eaf04
16,50602,0.02099983,0x8ae2b34e5f22a783a7ee0f5970a16eeb37c18a74,2017-11-01T10:26:12.000Z,0.000000415,0x7e826e85cba4d3aaaa1b484f53be01d10f527fd6,buy,0x08d32b0da63e2c3bcf8019c9c5d849d7a9d791e6,0x56d3b1a57afc49e368af54d5694658e64dcb9b689e2117d5e2c7c69891a244f6
17,122891,0.050999765,0x8ae2b34e5f22a783a7ee0f5970a16eeb37c18a74,2017-11-01T08:22:41.000Z,0.000000415,0x7e826e85cba4d3aaaa1b484f53be01d10f527fd6,buy,0x08d32b0da63e2c3bcf8019c9c5d849d7a9d791e6,0xd78f8c5f88271df4820e87e85585e586e979ad47f7665fdfa90f329267d80a05
18,121924,0.0508423885953544,0x8ae2b34e5f22a783a7ee0f5970a16eeb37c18a74,2017-11-01T04:51:43.000Z,0.00000041700066102944,0x7e826e85cba4d3aaaa1b484f53be01d10f527fd6,buy,0x08d32b0da63e2c3bcf8019c9c5d849d7a9d791e6,0x1ec9982a84ba21bc0f1536bad7cfddd01c9a56f8596607ff7fa6aca93c1e36eb
19,26470,0.0089998,0x91aea740b33068ba9d3a3d0753aedd58038e9e5f,2017-11-01T01:15:10.000Z,0.00000034,0x77a8c9ad0ec1029dedac08efb4aaeb2ba6de0414,sell,0x08d32b0da63e2c3bcf8019c9c5d849d7a9d791e6,0x796323c3037945c570d7cf382ba13cc59aeec7df35a7902aa0e214c998031100
20,5219,0.00177446,0x6cfa3cd4eec0fe046bba83a65d35a4ed98edc388,2017-11-01T01:12:08.000Z,0.00000034,0x77a8c9ad0ec1029dedac08efb4aaeb2ba6de0414,sell,0x08d32b0da63e2c3bcf8019c9c5d849d7a9d791e6,0xd5dc9436c862130c09d25c851e94d953f24fcab248efcf3dbfb598850942d751
21,150000,0.0546,0x060afe88bb72f6d0a7203a81a7163064a095d089,2017-11-01T01:10:52.000Z,0.000000364,0x77a8c9ad0ec1029dedac08efb4aaeb2ba6de0414,sell,0x08d32b0da63e2c3bcf8019c9c5d849d7a9d791e6,0xe22b646abac0ce6d5382ed6aca827cef2e6b2c4f59ff1691cd35638d1b7d0ac5
22,1495434,0.4486302,0x0845ad270268891eb78c056035d6ecd6b06c2ed4,2017-11-01T01:08:10.000Z,0.0000003,0x1451dbe4304a60b5b25b4d98b355effd440417af,sell,0x08d32b0da63e2c3bcf8019c9c5d849d7a9d791e6,0xa6b333f88e7cdbf5072d9eb6f24168a158d98c4caa279406965ab104f91c2415
23,200000,0.07,0x91aea740b33068ba9d3a3d0753aedd58038e9e5f,2017-11-01T01:03:12.000Z,0.00000035,0x77a8c9ad0ec1029dedac08efb4aaeb2ba6de0414,sell,0x08d32b0da63e2c3bcf8019c9c5d849d7a9d791e6,0x305bc5403d4f092f71abd6f8c0fc04642d7fe9091bb3ccd97da92660b892c717
24,10000,0.00365,0x899888f5f43a4521dcb8163622853168b11c9f2f,2017-11-01T01:02:30.000Z,0.000000365,0x77a8c9ad0ec1029dedac08efb4aaeb2ba6de0414,sell,0x08d32b0da63e2c3bcf8019c9c5d849d7a9d791e6,0x772694953caca610042e724d88fa7a1960110341831e1a53a306dab14241b31a
25,3464064,1.0392192,0x0845ad270268891eb78c056035d6ecd6b06c2ed4,2017-10-31T23:30:19.000Z,0.0000003,0xb00548770ea87482f024cd4292a975fea72e8f01,sell,0x08d32b0da63e2c3bcf8019c9c5d849d7a9d791e6,0xdb05bd49f689b6c4d39efd030d28ab5949a6af7c83a838ef1b48a2b5657da0d1
26,6000000,2.04,0x8619b431c8f9c530a21062e9b74d4c935722fe58,2017-10-31T23:28:35.000Z,0.00000034,0xb00548770ea87482f024cd4292a975fea72e8f01,sell,0x08d32b0da63e2c3bcf8019c9c5d849d7a9d791e6,0xe19c46817d275ec87b824a0a19cae8e618e63ef3a677826354def20274d4edb5
27,6429968,2.34700261968,0x0845ad270268891eb78c056035d6ecd6b06c2ed4,2017-10-31T23:28:03.000Z,0.00000036501,0xb00548770ea87482f024cd4292a975fea72e8f01,sell,0x08d32b0da63e2c3bcf8019c9c5d849d7a9d791e6,0x411a78262bb0a625d343e2b62967c3143a450dd1e16098fa25d7b33d13f815ac
28,5980000,2.18868,0xda2370d11bc87c01b33c91240cf11fd18a972e68,2017-10-31T23:28:03.000Z,0.000000366,0xb00548770ea87482f024cd4292a975fea72e8f01,sell,0x08d32b0da63e2c3bcf8019c9c5d849d7a9d791e6,0xbd5a56097c7f54c81b40f2bdcfe1cc8f9aa7c486414894a12aae347613464b12
29,570032,0.20806738032,0x0845ad270268891eb78c056035d6ecd6b06c2ed4,2017-10-31T16:17:23.000Z,0.00000036501,0x433fffb2083d7879d212905019a73792b6c23442,sell,0x08d32b0da63e2c3bcf8019c9c5d849d7a9d791e6,0x35baacac56b00f0904c75fc106538ab4d8f53e76953398bc6bdbc1d8ebda971b
30,9400000,3.478,0xe0b1429a80e34ae3dc29b1c75403020543a8620e,2017-10-31T16:16:28.000Z,0.00000037,0x433fffb2083d7879d212905019a73792b6c23442,sell,0x08d32b0da63e2c3bcf8019c9c5d849d7a9d791e6,0xd8428d66dbad13af17d53989de1a491a342c1cadb0a89020ac47cc379902e131
31,149,0.000053789,0xda2370d11bc87c01b33c91240cf11fd18a972e68,2017-10-31T07:38:50.000Z,0.000000361,0x338f9aa610f0fcc84e09927b63f4e0e61310b6fa,sell,0x08d32b0da63e2c3bcf8019c9c5d849d7a9d791e6,0x8330a0ade966a68d4c722928061b475c4ecb26b2c7e1388d95e3354d585596dc
32,1495364,0.539826404,0xda2370d11bc87c01b33c91240cf11fd18a972e68,2017-10-31T07:37:13.000Z,0.000000361,0x338f9aa610f0fcc84e09927b63f4e0e61310b6fa,sell,0x08d32b0da63e2c3bcf8019c9c5d849d7a9d791e6,0x477f63c57787bbc1654563b4e226793375405b605585d36d976e57a5d5f9d076
33,15000,0.006285,0x960fba43e000c3695a3a2ef7f5f16a78911aa6c4,2017-10-31T07:27:47.000Z,0.000000419,0x6cfa3cd4eec0fe046bba83a65d35a4ed98edc388,buy,0x08d32b0da63e2c3bcf8019c9c5d849d7a9d791e6,0xd0c3349439ab2e0d1f82c404c9e41291923fa30a8204c7a33a7d614893851627
34,0,0,0xda2370d11bc87c01b33c91240cf11fd18a972e68,2017-10-31T07:00:54.000Z,NaN,0xe444a40689f51f63bcd29910622035707d533d29,sell,0x08d32b0da63e2c3bcf8019c9c5d849d7a9d791e6,0x36a237de4923eb8cf89434924a718aa2928d440b24220deffbdaedbebdcbc3e7
35,100000,0.09,0xedeb4b92c7a5ef2a67ab2f21fa3c424e5a61e331,2017-10-31T05:07:24.000Z,0.0000009,0x91aea740b33068ba9d3a3d0753aedd58038e9e5f,buy,0x08d32b0da63e2c3bcf8019c9c5d849d7a9d791e6,0x98a341bdf290e392fed1cab3f1389f7c3bafd271654857f1f721e5384a654e7a
36,0,0,0xda2370d11bc87c01b33c91240cf11fd18a972e68,2017-10-31T04:07:01.000Z,NaN,0xe444a40689f51f63bcd29910622035707d533d29,sell,0x08d32b0da63e2c3bcf8019c9c5d849d7a9d791e6,0xabb4e215af6fca1f4e67b0e387fab17090ca2d33659f1428545a3fd1fea26f25
37,1080482,0.36196147,0x6cfa3cd4eec0fe046bba83a65d35a4ed98edc388,2017-10-31T00:57:02.000Z,0.000000335,0xdb1dc0ae2eab3fececcda0f7c538602ffc479f19,sell,0x08d32b0da63e2c3bcf8019c9c5d849d7a9d791e6,0x8e7c887e9ce32f2fc83e5f834c2e5bde1ba2b6a261e211b1a903467a3356b1ed
38,999831,0.341942202,0xec10d0305eb34843a73c71e821ab8ed0a580d34d,2017-10-31T00:48:32.000Z,0.000000342,0xdb1dc0ae2eab3fececcda0f7c538602ffc479f19,sell,0x08d32b0da63e2c3bcf8019c9c5d849d7a9d791e6,0x5c7a8095325637089c8942a678cfc8dc2fb598c519c160eecf463d6024ed4030
39,169,0.000057798,0xec10d0305eb34843a73c71e821ab8ed0a580d34d,2017-10-31T00:44:05.000Z,0.000000342,0xdb1dc0ae2eab3fececcda0f7c538602ffc479f19,sell,0x08d32b0da63e2c3bcf8019c9c5d849d7a9d791e6,0x97adea31f6b0de045b6f05d8588a3d39bd4528e71f232dd4307aa0184484d5d3
40,1683328,0.57233152,0x6cfa3cd4eec0fe046bba83a65d35a4ed98edc388,2017-10-30T21:03:56.000Z,0.00000034,0xdb1dc0ae2eab3fececcda0f7c538602ffc479f19,sell,0x08d32b0da63e2c3bcf8019c9c5d849d7a9d791e6,0x9b5e0febb357b4bf020d4888a81638c47900e8c79275b5be981142879980dbf0
41,2500,0.00106,0xf18c01caa5d4b06727341dc0043562811be23f46,2017-10-30T20:53:45.000Z,0.000000424,0xe0b1429a80e34ae3dc29b1c75403020543a8620e,sell,0x08d32b0da63e2c3bcf8019c9c5d849d7a9d791e6,0x78f10f4317d37773b3691807b8c22b90cdde8a021bce8cc0e0a11234cf2e76b6
42,1248547,0.420760339,0x6cfa3cd4eec0fe046bba83a65d35a4ed98edc388,2017-10-30T20:43:51.000Z,0.000000337,0xdb1dc0ae2eab3fececcda0f7c538602ffc479f19,sell,0x08d32b0da63e2c3bcf8019c9c5d849d7a9d791e6,0x8cb3b5d77b9c5be6d749c82fd78bf6d7570b9275bebca98bf5b5f84dd82ec73d
43,1000000,0.4,0x2fd192bda0997a28a879ab44f75648291408a02e,2017-10-30T17:46:02.000Z,0.0000004,0xe0b1429a80e34ae3dc29b1c75403020543a8620e,sell,0x08d32b0da63e2c3bcf8019c9c5d849d7a9d791e6,0x092dd65cb42eba0f6d25a20aabdbdbaaaacbb14d65c8baeda8afdb407d3eb864
44,760685,0.3225305844559284,0x3b9a70072b474b72a2373715f51b09105b1e81d9,2017-10-30T17:33:43.000Z,0.00000042400018990242,0x6cfa3cd4eec0fe046bba83a65d35a4ed98edc388,buy,0x08d32b0da63e2c3bcf8019c9c5d849d7a9d791e6,0xdf4198fe2735ad290cfb003abce5f83a86b9348f8c90a943dfade8c0a3d40773
45,1015215,0.425375085,0x3b9a70072b474b72a2373715f51b09105b1e81d9,2017-10-30T17:29:36.000Z,0.000000419,0x6cfa3cd4eec0fe046bba83a65d35a4ed98edc388,buy,0x08d32b0da63e2c3bcf8019c9c5d849d7a9d791e6,0x8ca903c35a858aa4692f997841b76c6813822aca0c6c393e970602e4747a1700
46,1620000,0.648,0x2fd192bda0997a28a879ab44f75648291408a02e,2017-10-30T16:42:12.000Z,0.0000004,0x8525d6b6a002a83241be49cbd6877b3ceb59976a,buy,0x08d32b0da63e2c3bcf8019c9c5d849d7a9d791e6,0x86d037c6ce4e9a9f16b7bbf79f61b6380f61d21a746eab73bcb2b6c18dade280
47,2999999,1.049999999840096,0xda2370d11bc87c01b33c91240cf11fd18a972e68,2017-10-30T07:22:01.000Z,0.0000003500001166134,0x650d7913a9840987d80b5e8646f8ef9f82cf30e5,buy,0x08d32b0da63e2c3bcf8019c9c5d849d7a9d791e6,0x4ecd9685035f530de00550476a459743d4756eb188e12d3348fde2d3abfb6c4c
48,1015215,0.3553253291,0x6cfa3cd4eec0fe046bba83a65d35a4ed98edc388,2017-10-30T06:10:16.000Z,0.00000035000007791453,0x650d7913a9840987d80b5e8646f8ef9f82cf30e5,buy,0x08d32b0da63e2c3bcf8019c9c5d849d7a9d791e6,0x7a44be5334e2e4163684bca9f66a7f4f5fd90169195db4267491f5fdd02d919d
49,924903,0.323716321059904,0x7e826e85cba4d3aaaa1b484f53be01d10f527fd6,2017-10-30T06:03:11.000Z,0.00000035000029306846,0x650d7913a9840987d80b5e8646f8ef9f82cf30e5,buy,0x08d32b0da63e2c3bcf8019c9c5d849d7a9d791e6,0x4a9b4aba4b18100fcc004654dc127965e1d64f7fc834cfc76e3f1316305d154d
50,880000,0.352,0xec8bce8226cc92ce463c7df5fdbd10cfda50af31,2017-10-30T05:08:53.000Z,0.0000004,0x8525d6b6a002a83241be49cbd6877b3ceb59976a,buy,0x08d32b0da63e2c3bcf8019c9c5d849d7a9d791e6,0x7ea84b7b784d170c7b1bbf6c6a111a93fc0a1ae4f738c30f404325021cf4821e
51,0,0,0xe0b1429a80e34ae3dc29b1c75403020543a8620e,2017-10-30T03:40:17.000Z,NaN,0x379374d13077e8867ef31803c37baf9785a17c00,sell,0x08d32b0da63e2c3bcf8019c9c5d849d7a9d791e6,0xed213b4ccc69980fdc9baf312c67e8321f8e98f29a87659807de5675a267968a
52,0,0,0xe0b1429a80e34ae3dc29b1c75403020543a8620e,2017-10-30T03:38:41.000Z,NaN,0x16e5d97bbc92417e051e3b2cabfbf8ceea2acb9c,sell,0x08d32b0da63e2c3bcf8019c9c5d849d7a9d791e6,0x90b4564d0c55bca20447ffd9b769c788610c869fd787386af3acfef27195002d
53,150530,0.05991094,0x07f44e667b4d2034ab4b5e28b179b0e87624b1b8,2017-10-30T03:16:47.000Z,0.000000398,0x3dee4a4e076e8d82859d241db0baf46f112cfa23,buy,0x08d32b0da63e2c3bcf8019c9c5d849d7a9d791e6,0x83579146e17d01d1d409d695ddd38f605ef54de8e594ce8210647db6d3cf8313
54,0,0,0xe0b1429a80e34ae3dc29b1c75403020543a8620e,2017-10-30T02:13:20.000Z,NaN,0x16e5d97bbc92417e051e3b2cabfbf8ceea2acb9c,sell,0x08d32b0da63e2c3bcf8019c9c5d849d7a9d791e6,0x494bcdf444ad72453c57660a015d1c75d0894815d6ca4e9b7eeedc27db97cd03
55,0,0,0xe0b1429a80e34ae3dc29b1c75403020543a8620e,2017-10-30T02:10:20.000Z,NaN,0x379374d13077e8867ef31803c37baf9785a17c00,sell,0x08d32b0da63e2c3bcf8019c9c5d849d7a9d791e6,0x151ae64e9903aa6a1182d4ebf596639be92ce82194da3f6b44e9a5719c963046
56,10000,0.00429,0xdd8804e408a21dc344e2a480dd207dea38f325ce,2017-10-30T01:25:17.000Z,0.000000429,0x6cfa3cd4eec0fe046bba83a65d35a4ed98edc388,sell,0x08d32b0da63e2c3bcf8019c9c5d849d7a9d791e6,0xff868aa657859782b98f9a6bdfacc666419238fc11d37ef9a4eddb6257a4452e
57,95000,0.038,0x993d6dd1866cefe6e18b1450263bad6c9f06015e,2017-10-29T23:15:48.000Z,0.0000004,0x6cfa3cd4eec0fe046bba83a65d35a4ed98edc388,sell,0x08d32b0da63e2c3bcf8019c9c5d849d7a9d791e6,0x47e2e86e7eb4a0873a9d3a206de347fcd9ad5f61df60d97358c1e44fa91f6ff6
58,150530,0.05057808,0x3dee4a4e076e8d82859d241db0baf46f112cfa23,2017-10-29T14:24:10.000Z,0.000000336,0x1036d2a34e8c9c687a02124256971698c1ef1e4d,sell,0x08d32b0da63e2c3bcf8019c9c5d849d7a9d791e6,0x92985098aab6320797659da5180e35ed6064aa64d6c2d7eda441a4dfbebd411a
59,4771225,1.598360375,0xe0b1429a80e34ae3dc29b1c75403020543a8620e,2017-10-28T21:24:34.000Z,0.000000335,0x0a5d0c6910d52715abaec240d167add3c2dce207,sell,0x08d32b0da63e2c3bcf8019c9c5d849d7a9d791e6,0xb29f5d67b1baafa316886ed8c46857788bb1acdef369b2ebf388c208741e295f
60,2197642,0.80213933,0x1060b59c3c1a3ececde2aada80ec71459a6f3ed5,2017-10-28T21:23:01.000Z,0.000000365,0x0a5d0c6910d52715abaec240d167add3c2dce207,sell,0x08d32b0da63e2c3bcf8019c9c5d849d7a9d791e6,0x5f8f2ca2afcc2370e310d206c00d262eaaebc378e4a720323a8a4fd9c261c700
61,250000,0.0925,0x91aea740b33068ba9d3a3d0753aedd58038e9e5f,2017-10-28T21:21:40.000Z,0.00000037,0x0a5d0c6910d52715abaec240d167add3c2dce207,sell,0x08d32b0da63e2c3bcf8019c9c5d849d7a9d791e6,0xfc7d1ed5d379a57dc2599efb00786ad959a999ccdac2a85099c0db4434815ad8
62,3000000,1.113,0xe0b1429a80e34ae3dc29b1c75403020543a8620e,2017-10-28T21:20:31.000Z,0.000000371,0x0a5d0c6910d52715abaec240d167add3c2dce207,sell,0x08d32b0da63e2c3bcf8019c9c5d849d7a9d791e6,0xde59ab1b865c3a11ef0ac6c87eea2d28929380358eae10a7a6f31dab6e91176e
63,1170,0.0005,0x34f9560c63078eb61872a4dc2ccd20e21c34feaf,2017-10-28T20:20:24.000Z,0.00000042735042735042,0x1060b59c3c1a3ececde2aada80ec71459a6f3ed5,buy,0x08d32b0da63e2c3bcf8019c9c5d849d7a9d791e6,0x6e07aaa19c6fa33a1707a0c850eac426c27d44a29a9d82c606339860ce6ece84
64,1170,0.0005,0xe444a40689f51f63bcd29910622035707d533d29,2017-10-28T20:17:06.000Z,0.00000042735042735042,0x1060b59c3c1a3ececde2aada80ec71459a6f3ed5,buy,0x08d32b0da63e2c3bcf8019c9c5d849d7a9d791e6,0x657ded11c799b9d803f845a2bf4519fedc5192bf1ccb5c08651457cd3ab0df8c
65,2778,0.001389,0xaa1355520d66fa39891fea4812e81bb21382d5df,2017-10-28T18:58:39.000Z,0.0000005,0x91aea740b33068ba9d3a3d0753aedd58038e9e5f,buy,0x08d32b0da63e2c3bcf8019c9c5d849d7a9d791e6,0x7672439fa24f7d95f8e0dcdff2e663e3f223a665d685d44adb1cc2985e89bc37
66,50000,0.045,0xaa1355520d66fa39891fea4812e81bb21382d5df,2017-10-28T18:57:09.000Z,0.0000009,0x91aea740b33068ba9d3a3d0753aedd58038e9e5f,buy,0x08d32b0da63e2c3bcf8019c9c5d849d7a9d791e6,0x7a8a5baca4732dda3fb3a1c5ebf82ddabc026fcafd938444d06e4e271a80e5d6
67,250000,0.1225,0xaa1355520d66fa39891fea4812e81bb21382d5df,2017-10-28T18:50:51.000Z,0.00000049,0x91aea740b33068ba9d3a3d0753aedd58038e9e5f,buy,0x08d32b0da63e2c3bcf8019c9c5d849d7a9d791e6,0x8d9b35d519ea9f43b6582926680c06087cd6a6cf62f4edcfc5c7d6e3ba46ff02
68,50000,0.0375,0xaa1355520d66fa39891fea4812e81bb21382d5df,2017-10-28T18:49:50.000Z,0.00000075,0x91aea740b33068ba9d3a3d0753aedd58038e9e5f,buy,0x08d32b0da63e2c3bcf8019c9c5d849d7a9d791e6,0x030cd94fa9ef1664f19284b1064597ac61d4479537eb39c2b7835cd57ca669a6
69,194103,0.082881981,0xaa1355520d66fa39891fea4812e81bb21382d5df,2017-10-28T18:49:42.000Z,0.000000427,0x1060b59c3c1a3ececde2aada80ec71459a6f3ed5,buy,0x08d32b0da63e2c3bcf8019c9c5d849d7a9d791e6,0x4214ea85c6bfbee7f9eac2ae76fc6da95b866285ba20e014241b7600ea5b4432
70,608907,0.260003289,0x6907a08e868e2bce91cac5b5ad6a71e41811ce7d,2017-10-28T15:33:26.000Z,0.000000427,0x1060b59c3c1a3ececde2aada80ec71459a6f3ed5,buy,0x08d32b0da63e2c3bcf8019c9c5d849d7a9d791e6,0x403a8213d7bf7ff4f153723b7faf5977648c215d27d5750c0e424d47f0e46056
71,453362,0.1935858182554931,0x6907a08e868e2bce91cac5b5ad6a71e41811ce7d,2017-10-28T15:04:18.000Z,0.00000042700053876481,0x1060b59c3c1a3ececde2aada80ec71459a6f3ed5,buy,0x08d32b0da63e2c3bcf8019c9c5d849d7a9d791e6,0xf9f06cf525a958331ec272242c4bcf116bd4a08bda83717fd96d7505cd4542d5
72,937731,0.398535675,0x6907a08e868e2bce91cac5b5ad6a71e41811ce7d,2017-10-28T15:02:24.000Z,0.000000425,0x1060b59c3c1a3ececde2aada80ec71459a6f3ed5,buy,0x08d32b0da63e2c3bcf8019c9c5d849d7a9d791e6,0xc7d48d55a4bfc9046a237629a1875b7a2d84e3e3507f7cd49cde713a4d4981be
73,9,0.00000306,0xe0b1429a80e34ae3dc29b1c75403020543a8620e,2017-10-28T14:52:24.000Z,0.00000034,0x06747454ee98c3a1a85c7ff8d5f3f28c8abc70cc,sell,0x08d32b0da63e2c3bcf8019c9c5d849d7a9d791e6,0x653108c7992b7797706c8b3640ee83cf738d26ee321f8502fea543ad61b37b15
74,89691,0.03049494,0xe0b1429a80e34ae3dc29b1c75403020543a8620e,2017-10-28T14:51:02.000Z,0.00000034,0x06747454ee98c3a1a85c7ff8d5f3f28c8abc70cc,sell,0x08d32b0da63e2c3bcf8019c9c5d849d7a9d791e6,0xac19e85ceb706928f779e98e5dbb267631296cb347b49f2ee76668423fb82dfa
75,10000,0.00351,0xec670ebbd986f392d85b38f586c7dfa4df3a4b88,2017-10-28T14:49:26.000Z,0.000000351,0x06747454ee98c3a1a85c7ff8d5f3f28c8abc70cc,sell,0x08d32b0da63e2c3bcf8019c9c5d849d7a9d791e6,0xd0c8392507cb52c41d2a7aa4d1fd529ade085530d15743fb8e14dd0e23e3d219
76,21851,0.00764785,0x1060b59c3c1a3ececde2aada80ec71459a6f3ed5,2017-10-28T03:00:59.000Z,0.00000035,0xb34f8e5c10cb528e2c3a42f0e7fb95d4a8fe1f8f,buy,0x08d32b0da63e2c3bcf8019c9c5d849d7a9d791e6,0xd1148886f683ee87cb986ba56f5cf347444942e21f2daf2860c9012d7f9bead2
77,1500000,0.495,0xe0b1429a80e34ae3dc29b1c75403020543a8620e,2017-10-28T02:07:33.000Z,0.00000033,0xb34f8e5c10cb528e2c3a42f0e7fb95d4a8fe1f8f,sell,0x08d32b0da63e2c3bcf8019c9c5d849d7a9d791e6,0xdc73b89393121ba61feb5e66f34f7e85035f16e3e9404a6615627510e919dfa0
78,96758,0.039090232,0x514ea68b4e66e76a2820cd79f335f096f61daad3,2017-10-28T01:24:30.000Z,0.000000404,0x3dee4a4e076e8d82859d241db0baf46f112cfa23,buy,0x08d32b0da63e2c3bcf8019c9c5d849d7a9d791e6,0x7623fd6d087328043243e80730e25cb152a241692ded2e248d9f48bc455b4764
79,996909,0.34891815,0xe0b1429a80e34ae3dc29b1c75403020543a8620e,2017-10-28T01:24:30.000Z,0.00000035,0xb34f8e5c10cb528e2c3a42f0e7fb95d4a8fe1f8f,sell,0x08d32b0da63e2c3bcf8019c9c5d849d7a9d791e6,0x9fa6ea36314f798344371a5db572218d22aa98fc409410b7be093da4c0477621
80,100000,0.0404,0xb012e699f0e6173de418f7f977cdb3a8c0933ecd,2017-10-27T20:16:41.000Z,0.000000404,0x3dee4a4e076e8d82859d241db0baf46f112cfa23,buy,0x08d32b0da63e2c3bcf8019c9c5d849d7a9d791e6,0x59fd00f3ac5c0be31baae4b123541e1df0d78acb58328d06c2f080064f00ddd9
81,4984,0.001869,0xe0b1429a80e34ae3dc29b1c75403020543a8620e,2017-10-27T12:12:41.000Z,0.000000375,0x1f0a0cfc5fc960584314517e4967cc6f7dc8ac89,sell,0x08d32b0da63e2c3bcf8019c9c5d849d7a9d791e6,0x36642e313d27e0f3b3ad4d7f6b6fa0f17a3767774d19790cd1e270b94b1a9f63
82,21864,0.008199,0xe0b1429a80e34ae3dc29b1c75403020543a8620e,2017-10-27T11:08:39.000Z,0.000000375,0x75f157da5b8fe9cc61c40e8f9ba22d99cebc55d2,sell,0x08d32b0da63e2c3bcf8019c9c5d849d7a9d791e6,0x4b9c356c6877f2bd603c4bb6510a0ee63379e243d9305a1bbab5add537905253
83,250000,0.101,0xd3e3f95f2ad753c03793c0d1af8dce59418f3180,2017-10-27T04:44:16.000Z,0.000000404,0x1060b59c3c1a3ececde2aada80ec71459a6f3ed5,sell,0x08d32b0da63e2c3bcf8019c9c5d849d7a9d791e6,0xde47d82f56f948103064c4c34f0bc98ffd22da506263f25b52e39b9200200e61
84,210800,0.07905,0xe0b1429a80e34ae3dc29b1c75403020543a8620e,2017-10-27T01:06:33.000Z,0.000000375,0xc9242dbb5fed3fdaf7f74f45719142c5d4c0da7a,sell,0x08d32b0da63e2c3bcf8019c9c5d849d7a9d791e6,0x66a5aade7130dcfa235f8c7bdfa76e067e3eca1289d38d9a2ed7d4405227ccb0
85,99991,0.037496625,0xe0b1429a80e34ae3dc29b1c75403020543a8620e,2017-10-27T00:42:43.000Z,0.000000375,0xc9242dbb5fed3fdaf7f74f45719142c5d4c0da7a,sell,0x08d32b0da63e2c3bcf8019c9c5d849d7a9d791e6,0x3891783f373ece90adf6b60566b5fab5791a515e092bf32252651e7ddbfad429
86,30,0.00001125,0xe0b1429a80e34ae3dc29b1c75403020543a8620e,2017-10-27T00:37:13.000Z,0.000000375,0xc9242dbb5fed3fdaf7f74f45719142c5d4c0da7a,sell,0x08d32b0da63e2c3bcf8019c9c5d849d7a9d791e6,0xbfd077c9d865b7e404de4e7cbbc3a686fc0a8a49bcd1824c69fe52d22c2e3ab0
87,250000,0.105,0x3b9a70072b474b72a2373715f51b09105b1e81d9,2017-10-26T20:01:47.000Z,0.00000042,0xc51e66fadc27ab84325a41e016e035a4665611c5,buy,0x08d32b0da63e2c3bcf8019c9c5d849d7a9d791e6,0xb1b7bfce3764f9d66269786b5635c1c3c145a095a2ebd16a7c74544f50678654
88,369047,0.15499974,0xa6001f571c3573e340beb6f3d33895bc3a45c883,2017-10-26T16:35:31.000Z,0.00000042,0xe0b1429a80e34ae3dc29b1c75403020543a8620e,sell,0x08d32b0da63e2c3bcf8019c9c5d849d7a9d791e6,0x09077b9832d09f6099a638778170b8c97769b97e10da014855c73cbfb6a34199
89,10000,0.00425,0x4179e2c2f127d21994f5a9c124c03e086ad74d1d,2017-10-26T09:50:35.000Z,0.000000425,0x1060b59c3c1a3ececde2aada80ec71459a6f3ed5,buy,0x08d32b0da63e2c3bcf8019c9c5d849d7a9d791e6,0x5076cef795e21027d64e81c9b66adc83de21517412546f67028a73f452f5a7e9
90,235000,0.099875,0xb995d88b2cd680de5d6f8b7f28c5041d231c4ef0,2017-10-25T17:29:33.000Z,0.000000425,0x1060b59c3c1a3ececde2aada80ec71459a6f3ed5,buy,0x08d32b0da63e2c3bcf8019c9c5d849d7a9d791e6,0x05f7726fd65a8e0351ca8f07537383f44e40b35e712f751e30a25b153cbd7962
91,134582,0.04777661,0xe0b1429a80e34ae3dc29b1c75403020543a8620e,2017-10-25T15:14:41.000Z,0.000000355,0xcf085317456133e93d72ab5fc56025d8d3802c38,sell,0x08d32b0da63e2c3bcf8019c9c5d849d7a9d791e6,0x8a67a353f007e6cc53289674a1b111d1005ad1fefbe39fb84bf772d1805044d4
92,1970953,0.82780026,0x29b8eca0a380c562a00b7e5d1fbc624e5be736a5,2017-10-25T14:47:24.000Z,0.00000042,0xba731793fe7ff79f04b01bfdcdca930684d005a8,buy,0x08d32b0da63e2c3bcf8019c9c5d849d7a9d791e6,0x4f4d9425a893c5172bb9b5fbedf29cf1b2de203961e50e18b553c87e705bde21
93,20000,0.0084,0xb85d14ab22a69276e57f24130ce4215e5ffe7dc0,2017-10-25T13:36:45.000Z,0.00000042,0xba731793fe7ff79f04b01bfdcdca930684d005a8,buy,0x08d32b0da63e2c3bcf8019c9c5d849d7a9d791e6,0x4e142336249cb9037fdc786f25d5fb3d1dff27021d9451f8cc37097f8f04b636
94,5000,0.00215,0x565082e07c6b7799872dcbc27b36be7762bd5a39,2017-10-25T13:19:28.000Z,0.00000043,0x715cde20fbf6e150cff8d3c6d67db661dbbdc775,buy,0x08d32b0da63e2c3bcf8019c9c5d849d7a9d791e6,0xa640aa0e21734af09e746eda944179ab9706b0a204aaacc46b317ccb6beafb26
95,2668002,0.92046069,0x1060b59c3c1a3ececde2aada80ec71459a6f3ed5,2017-10-25T04:41:18.000Z,0.000000345,0x2fd192bda0997a28a879ab44f75648291408a02e,buy,0x08d32b0da63e2c3bcf8019c9c5d849d7a9d791e6,0x613f4e428faa3bb74e0ad65c99ed4f9bb952e5f7d9b8872661ca998ecac91742
96,365008,0.15695344,0x6907a08e868e2bce91cac5b5ad6a71e41811ce7d,2017-10-25T02:04:02.000Z,0.00000043,0x66e56be69fdbe88fb1bb3b0d6264638bfc4887bc,buy,0x08d32b0da63e2c3bcf8019c9c5d849d7a9d791e6,0x65621035a763dfcbf6ca762987fd10ea354d4a07bc8a3668bbcb417da8806ae2
97,185000,0.07955,0x6907a08e868e2bce91cac5b5ad6a71e41811ce7d,2017-10-25T01:56:53.000Z,0.00000043,0x66e56be69fdbe88fb1bb3b0d6264638bfc4887bc,buy,0x08d32b0da63e2c3bcf8019c9c5d849d7a9d791e6,0xcbc470d8af376dcd66b576289d09ef47dda2ecf52ed6d8e7190e297a5752c9e3
98,124992,0.0537340608,0x6907a08e868e2bce91cac5b5ad6a71e41811ce7d,2017-10-25T01:53:39.000Z,0.0000004299,0xb1cf04a487b86763224c2492bde95c0d6ab50ccc,buy,0x08d32b0da63e2c3bcf8019c9c5d849d7a9d791e6,0x43b0897bc097eb5b7111e48aa44b812908a953a953c83f04a90a456e8a3348f6
99,325000,0.1397175,0x6907a08e868e2bce91cac5b5ad6a71e41811ce7d,2017-10-25T01:50:36.000Z,0.0000004299,0xb1cf04a487b86763224c2492bde95c0d6ab50ccc,buy,0x08d32b0da63e2c3bcf8019c9c5d849d7a9d791e6,0xa81bbb98aaf3f866371828eabd3f656b3daf56ab6b24411e1dc43bbbed17dfcb
100,4500000,1.8,0xd410568a668477071515f83ff1782e5cd44a39b6,2017-10-24T20:57:39.000Z,0.0000004,0xe0b1429a80e34ae3dc29b1c75403020543a8620e,sell,0x08d32b0da63e2c3bcf8019c9c5d849d7a9d791e6,0x83e81be62e32b0862888fe2361d7fcb6affcb6fe96dde3238a94a016f2f9ebff
101,15303,0.013757397,0x7a77d16b1314ad3d106c0ad564a044fc0fc86383,2017-10-24T17:50:32.000Z,0.000000899,0xe5f80b82b325740196728fdc27130ce20166cc43,buy,0x08d32b0da63e2c3bcf8019c9c5d849d7a9d791e6,0x47be9e2486c3a59640e2577ce5503563958938ee8bec0145ac5d37b57a9a642c
102,196758,0.067291236,0x3dee4a4e076e8d82859d241db0baf46f112cfa23,2017-10-24T17:30:27.000Z,0.000000342,0x0ffffa6ce80eee2139e8b4c76a5a210dff49a48c,sell,0x08d32b0da63e2c3bcf8019c9c5d849d7a9d791e6,0x8585b33b078a0a7eb0fcde806098e9d1c23bef3f0e6cb10b4cc8cee562df3527
103,5693,0.001941313,0xd410568a668477071515f83ff1782e5cd44a39b6,2017-10-24T09:07:00.000Z,0.000000341,0x68ca7fc4bfc3bb2a9cf6f45736dcadc2c427c5a0,sell,0x08d32b0da63e2c3bcf8019c9c5d849d7a9d791e6,0x36fd3f8f7d641084bc7a981db4ae61416acbd5fa546b77c996e837ee9524bf7b
104,2542119,0.86432046,0xe0b1429a80e34ae3dc29b1c75403020543a8620e,2017-10-24T05:38:25.000Z,0.00000034,0x190f0723374774dc44fa2a1ffa68f44b8274dec4,sell,0x08d32b0da63e2c3bcf8019c9c5d849d7a9d791e6,0x568a3fe831dbd7c0b520420d59c1b8a4c4a0d9fc544259b1253b2d643df0b146
105,34459,0.01481737,0xadc2b6934278e379c0bcabfccca5d042b02578b4,2017-10-24T01:40:57.000Z,0.00000043,0x66e56be69fdbe88fb1bb3b0d6264638bfc4887bc,buy,0x08d32b0da63e2c3bcf8019c9c5d849d7a9d791e6,0x32d007312e9ef46a75c0d27deb1e05e19b4f0e13463296813a110dc5eec30bfd
106,2399998,1.03199914,0x413e6a62483dd278a8dba9b9b0bd6d87b5e01062,2017-10-24T00:21:08.000Z,0.00000043,0x66e56be69fdbe88fb1bb3b0d6264638bfc4887bc,buy,0x08d32b0da63e2c3bcf8019c9c5d849d7a9d791e6,0xafbecdf0992a2ba666eed0d4ff620119b7592001ee9fd4e6cde5ec263bf7aef0
107,100000,0.043,0xadc2b6934278e379c0bcabfccca5d042b02578b4,2017-10-23T21:11:47.000Z,0.00000043,0x66e56be69fdbe88fb1bb3b0d6264638bfc4887bc,buy,0x08d32b0da63e2c3bcf8019c9c5d849d7a9d791e6,0x315b3861d20e9c4be657d59c3f0b3e62c8105770fca679cdb269b3c8ccda6463
108,500000,0.215,0x1fd29d9b7a3217e242c0eb9cbe8d82798e7d9a01,2017-10-23T19:11:41.000Z,0.00000043,0x66e56be69fdbe88fb1bb3b0d6264638bfc4887bc,buy,0x08d32b0da63e2c3bcf8019c9c5d849d7a9d791e6,0x05c7dbf041663fde4d2a1f53442bec46c526077f9ff1dc757fe1a5e3efc1e856
109,1000000,0.43,0x2abc5a2deeb700445970d15b870977919822ec2f,2017-10-23T18:37:08.000Z,0.00000043,0xe0b1429a80e34ae3dc29b1c75403020543a8620e,sell,0x08d32b0da63e2c3bcf8019c9c5d849d7a9d791e6,0xded2a80c6272f7211f24da19cffcd92ba987697d70fa27d36a77be21ac81908c
110,399126,0.171225182271,0x2abc5a2deeb700445970d15b870977919822ec2f,2017-10-23T17:55:26.000Z,0.00000042900032137971,0xe5f80b82b325740196728fdc27130ce20166cc43,buy,0x08d32b0da63e2c3bcf8019c9c5d849d7a9d791e6,0xddeb8d3d64192b78d63417ba604fe503a4998cfd31d5df247807284f148fa014
111,4999,0.0016999626,0xe0b1429a80e34ae3dc29b1c75403020543a8620e,2017-10-23T17:09:51.000Z,0.00000034006053210642,0x0f4bddccfc4834685642b812b0fffd5ec2139fee,buy,0x08d32b0da63e2c3bcf8019c9c5d849d7a9d791e6,0xa1f9560fc7ee55f73c6eca472b551e3a2ad7d5ffcb7ca51217e0370c99ab7d87
112,200000,0.0858,0x87a8f137b97c570a90629c1d0e1721e674f69def,2017-10-23T16:32:20.000Z,0.000000429,0xe5f80b82b325740196728fdc27130ce20166cc43,buy,0x08d32b0da63e2c3bcf8019c9c5d849d7a9d791e6,0x79c9d08bec61b1dc9e149bfa9f83f348c222e0a7b54f7b49bc65af2d452d55e2
113,873,0.000374817601510322,0x78c3743e6113a4e4d6427ec5ff0a00f41d50bad9,2017-10-23T14:09:50.000Z,0.00000042934433162694,0xe5f80b82b325740196728fdc27130ce20166cc43,buy,0x08d32b0da63e2c3bcf8019c9c5d849d7a9d791e6,0x2fc04c386857d7ac168acb4c6affb328fa8540e1f814749555fec12009bcc3e0
114,1061,0.00047745,0x0e3984f7eb6d9dc41c9ba5e67d4c37b8a6fbd65a,2017-10-23T03:44:31.000Z,0.00000045,0x1d5321e125f6c7079a716705541c7b371ca79e69,sell,0x08d32b0da63e2c3bcf8019c9c5d849d7a9d791e6,0x6106b1c5be33cf405ea83775322b19cac8fb409a06ece566647fe994ea21887a
115,1065,0.0004473,0x1d5321e125f6c7079a716705541c7b371ca79e69,2017-10-23T03:44:31.000Z,0.00000042,0x1579c988f8c718e170406a057ac44bf7a61feda7,buy,0x08d32b0da63e2c3bcf8019c9c5d849d7a9d791e6,0x6106b1c5be33cf405ea83775322b19cac8fb409a06ece566647fe994ea21887a
116,356000,0.14952,0x1d5321e125f6c7079a716705541c7b371ca79e69,2017-10-23T03:33:14.000Z,0.00000042,0x1579c988f8c718e170406a057ac44bf7a61feda7,buy,0x08d32b0da63e2c3bcf8019c9c5d849d7a9d791e6,0x5e07230ea5921379fd35697858b275ff96ac4a6f4dbbff7cc3290b3153fcedf1
117,354935,0.15972075,0x0e3984f7eb6d9dc41c9ba5e67d4c37b8a6fbd65a,2017-10-23T03:33:14.000Z,0.00000045,0x1d5321e125f6c7079a716705541c7b371ca79e69,sell,0x08d32b0da63e2c3bcf8019c9c5d849d7a9d791e6,0x5e07230ea5921379fd35697858b275ff96ac4a6f4dbbff7cc3290b3153fcedf1
118,22500,0.00945,0x179c6ae2129da08767391429911ef1ea32c7b6d4,2017-10-23T02:32:19.000Z,0.00000042,0x1579c988f8c718e170406a057ac44bf7a61feda7,buy,0x08d32b0da63e2c3bcf8019c9c5d849d7a9d791e6,0xcf7173f58c8282e4c724ffa217bfdc2de1bbbb48d5438cfbbc0cb70085d34aca
119,90000,0.0378,0x87a8f137b97c570a90629c1d0e1721e674f69def,2017-10-22T23:32:16.000Z,0.00000042,0x1579c988f8c718e170406a057ac44bf7a61feda7,buy,0x08d32b0da63e2c3bcf8019c9c5d849d7a9d791e6,0xa2238721412fb0ff8b5e3560f5d9cedbcc04b80c69f32a6ce2403beb8884f1fe
120,2000000,0.86,0x7b7c8575b792193a7c09e87d2a2deb85f64a1c86,2017-10-22T18:57:24.000Z,0.00000043,0xe0b1429a80e34ae3dc29b1c75403020543a8620e,buy,0x08d32b0da63e2c3bcf8019c9c5d849d7a9d791e6,0x8c7d5345fe398163de484502386af7ed3bc2715e890bf7f047e868fc0cdb741b
121,1103715,0.43044885,0x7b7c8575b792193a7c09e87d2a2deb85f64a1c86,2017-10-22T18:56:17.000Z,0.00000039,0x1060b59c3c1a3ececde2aada80ec71459a6f3ed5,buy,0x08d32b0da63e2c3bcf8019c9c5d849d7a9d791e6,0x60f2f1b9123a78bce80a6a584f8991e8b12630cd67230cef18e4e7b0799e2d87
122,176000,0.068288,0x3dee4a4e076e8d82859d241db0baf46f112cfa23,2017-10-22T16:08:25.000Z,0.000000388,0x048942b623c64cbad213a69835ccd6beedaca173,buy,0x08d32b0da63e2c3bcf8019c9c5d849d7a9d791e6,0x76857899e736ca4a9216ae3b71f99c1602f69e9e7e1de4dbf1df440f6ad38a44
123,6917143,2.690768645283,0x3dee4a4e076e8d82859d241db0baf46f112cfa23,2017-10-22T16:07:34.000Z,0.00000038900000264314,0x1060b59c3c1a3ececde2aada80ec71459a6f3ed5,buy,0x08d32b0da63e2c3bcf8019c9c5d849d7a9d791e6,0x8dd055f290f79059b1456d8d92168704d36683be2fe68e90d9b605ce8fa786a1
124,3746889,1.453792932,0x3dee4a4e076e8d82859d241db0baf46f112cfa23,2017-10-22T16:06:35.000Z,0.000000388,0xe1e1d0d73eeb29d0632bc4c7871bfc74dbed0741,buy,0x08d32b0da63e2c3bcf8019c9c5d849d7a9d791e6,0x5a92670540ac8d9cadafa945ec2dccdc9470c81b7d4903c34732c46143cf1bc4
125,3446889,0.348135789,0xe1e1d0d73eeb29d0632bc4c7871bfc74dbed0741,2017-10-22T12:01:01.000Z,0.000000101,0x4d517d272ce8d879d8891518e70153b49d2cdb96,buy,0x08d32b0da63e2c3bcf8019c9c5d849d7a9d791e6,0xb04a55add9cfee54bbdea733167518e8bb41ab6ced97c297e7221cf05b29e95d
126,3000,0.001002,0x0b2de009825eac9a347868b44349aa32e91ef81f,2017-10-22T11:16:14.000Z,0.000000334,0x4d517d272ce8d879d8891518e70153b49d2cdb96,sell,0x08d32b0da63e2c3bcf8019c9c5d849d7a9d791e6,0xab0cccc4a277debd5a248e816464d5cec759b0dc6173f41d49ebc0783b068e13
127,105987,0.03285597,0xe0b1429a80e34ae3dc29b1c75403020543a8620e,2017-10-22T10:33:54.000Z,0.00000031,0x4d517d272ce8d879d8891518e70153b49d2cdb96,sell,0x08d32b0da63e2c3bcf8019c9c5d849d7a9d791e6,0x29ac96797db3ba611f9666ba0584b5ee4fb73fb5d763213892fc005c48ab489f
128,2000000,0.66,0xe0b1429a80e34ae3dc29b1c75403020543a8620e,2017-10-22T10:32:00.000Z,0.00000033,0x4d517d272ce8d879d8891518e70153b49d2cdb96,sell,0x08d32b0da63e2c3bcf8019c9c5d849d7a9d791e6,0xb186d220cb673ff93f1965e455cf041b7e9606d3851117f28f76fabcbd3808f1
129,3500000,1.1375,0x0e64cbca254788df4a8d29e3721d077d91d0d92a,2017-10-22T10:31:59.000Z,0.000000325,0x4d517d272ce8d879d8891518e70153b49d2cdb96,sell,0x08d32b0da63e2c3bcf8019c9c5d849d7a9d791e6,0xbf0d1de12caeef01ad43bbe49eb35b4d8824271af85ad05d26350410b91bec17
130,3500000,1.12,0xe0b1429a80e34ae3dc29b1c75403020543a8620e,2017-10-22T10:31:59.000Z,0.00000032,0x4d517d272ce8d879d8891518e70153b49d2cdb96,sell,0x08d32b0da63e2c3bcf8019c9c5d849d7a9d791e6,0x5be40b99f27acd210af7d86a9033eccd92881c9c30146dbbe058171e10c69c82
131,5700928,1.898409024,0x09a99a4e50720d60cd6fd1f6519bc1b94e0d526b,2017-10-22T10:31:40.000Z,0.000000333,0x4d517d272ce8d879d8891518e70153b49d2cdb96,sell,0x08d32b0da63e2c3bcf8019c9c5d849d7a9d791e6,0xef35c33ee777f94058f7bfbf9058746bc1366025a0bef1de00574b4f0799a189
132,299072,0.099590976,0x09a99a4e50720d60cd6fd1f6519bc1b94e0d526b,2017-10-22T03:04:49.000Z,0.000000333,0xc9242dbb5fed3fdaf7f74f45719142c5d4c0da7a,sell,0x08d32b0da63e2c3bcf8019c9c5d849d7a9d791e6,0x94ca4cf9f6fd6e361855d0d5e9ce794b0826119576b59eab9f56993cf3b2145f
133,1003009,0.3901705115346038,0xd445f61ebca3d6b4c57eef1f39fdab6595ef8972,2017-10-21T06:36:37.000Z,0.000000389000010503,0x1060b59c3c1a3ececde2aada80ec71459a6f3ed5,buy,0x08d32b0da63e2c3bcf8019c9c5d849d7a9d791e6,0xa1ca0017aa90d401266f2c433ea03271260992d6d655183f1a6f4ed8ccf64ab3
134,999999,0.40999959,0xf88ff10ac6c66b467e8e5fb991626041e19597d2,2017-10-21T06:36:37.000Z,0.00000041,0xd445f61ebca3d6b4c57eef1f39fdab6595ef8972,sell,0x08d32b0da63e2c3bcf8019c9c5d849d7a9d791e6,0xa1ca0017aa90d401266f2c433ea03271260992d6d655183f1a6f4ed8ccf64ab3
135,4211,0.002105878472607732,0x30d5e67f7f2cd3dd957b035ffd5c10c6305ba19f,2017-10-21T04:30:11.000Z,0.00000050008987713315,0x239f5191710153aad1f628ad124b046facb9e9c6,buy,0x08d32b0da63e2c3bcf8019c9c5d849d7a9d791e6,0xb6f0a24de45471ed4c3b11ab183a736e8204895899aa698aa7f428021755f59b
136,174221,0.07665762099280725,0x30d5e67f7f2cd3dd957b035ffd5c10c6305ba19f,2017-10-21T04:27:03.000Z,0.0000004400021868363,0xb1cf04a487b86763224c2492bde95c0d6ab50ccc,buy,0x08d32b0da63e2c3bcf8019c9c5d849d7a9d791e6,0xeec9e844317024de24d7e6ca9273cbbb6afc5f889dec84dda97af04f8702fd4f
137,12,0.000005516584829266,0x30d5e67f7f2cd3dd957b035ffd5c10c6305ba19f,2017-10-21T04:25:10.000Z,0.00000045971540243883,0xb1cf04a487b86763224c2492bde95c0d6ab50ccc,buy,0x08d32b0da63e2c3bcf8019c9c5d849d7a9d791e6,0xf174a194223490070940b10d9b47f3e13b85b307aadc9c5482ca6bc8aa285463
138,6300,0.0024507,0x78c3743e6113a4e4d6427ec5ff0a00f41d50bad9,2017-10-20T20:51:29.000Z,0.000000389,0x1060b59c3c1a3ececde2aada80ec71459a6f3ed5,buy,0x08d32b0da63e2c3bcf8019c9c5d849d7a9d791e6,0x4fcfe859ca3a55d6ccca1c6123a980db2a495be7f3292409e2891607238f5d8f
139,40000,0.01556,0x78c3743e6113a4e4d6427ec5ff0a00f41d50bad9,2017-10-20T20:47:36.000Z,0.000000389,0x1060b59c3c1a3ececde2aada80ec71459a6f3ed5,buy,0x08d32b0da63e2c3bcf8019c9c5d849d7a9d791e6,0xfbb4ca904662e9b10006021d99b4bc53f1053b67fc309d44a686943efe26f379
140,1532524,0.5961519290200379,0x78c3743e6113a4e4d6427ec5ff0a00f41d50bad9,2017-10-20T20:34:27.000Z,0.00000038900006069727,0x1060b59c3c1a3ececde2aada80ec71459a6f3ed5,buy,0x08d32b0da63e2c3bcf8019c9c5d849d7a9d791e6,0x0fc88581873678b8bdb4f22bd34fb7e3b0c4ac58ae232c80eda6c8517223a053
141,125765,0.055336862422363485,0x30d5e67f7f2cd3dd957b035ffd5c10c6305ba19f,2017-10-20T19:24:42.000Z,0.00000044000208660886,0xb1cf04a487b86763224c2492bde95c0d6ab50ccc,buy,0x08d32b0da63e2c3bcf8019c9c5d849d7a9d791e6,0x6872e695be3bd7bc504b3de803f3f62b9272804a03c66ffbdd0fb6214bfe36fb
142,35,0.000013882326291916,0x78c3743e6113a4e4d6427ec5ff0a00f41d50bad9,2017-10-20T19:20:41.000Z,0.00000039663789405474,0x1060b59c3c1a3ececde2aada80ec71459a6f3ed5,buy,0x08d32b0da63e2c3bcf8019c9c5d849d7a9d791e6,0x1271924772903d30de2400cb39783eb6e373dafcb1be27198e32c27940b0058b
143,987,0.000384292132972711,0x6a85e6b68993b993be387b4a6319297e9ea8d5d7,2017-10-20T01:34:27.000Z,0.00000038935373148197,0x1060b59c3c1a3ececde2aada80ec71459a6f3ed5,buy,0x08d32b0da63e2c3bcf8019c9c5d849d7a9d791e6,0x5ce4bca439f69a8452c32a2ee95e1a01ea5375e000f1dc38d24437c41bfe8cbb
144,287337,0.0862011,0x0e64cbca254788df4a8d29e3721d077d91d0d92a,2017-10-19T23:00:18.000Z,0.0000003,0xa50624a4184e72460f66c1b69409d78d69496fd4,sell,0x08d32b0da63e2c3bcf8019c9c5d849d7a9d791e6,0x1fd77013227f7a2c00fcc72bdca00768c049048f74c5a750734d4f5df3e37ec6
145,1894013,0.58714403,0xe0b1429a80e34ae3dc29b1c75403020543a8620e,2017-10-19T22:54:53.000Z,0.00000031,0x5cea17e4239e49104a410c7878964ab3c8cf4423,sell,0x08d32b0da63e2c3bcf8019c9c5d849d7a9d791e6,0xd0f2506acc9037e73e925fbc04039682e8461d887bdc413f515b6d8c36244cf5
146,3534,0.00169632,0xf88ff10ac6c66b467e8e5fb991626041e19597d2,2017-10-19T03:33:26.000Z,0.00000048,0x1060b59c3c1a3ececde2aada80ec71459a6f3ed5,sell,0x08d32b0da63e2c3bcf8019c9c5d849d7a9d791e6,0x194506881dea567f0297e20bd44f9b916ffb5351e241f68a0824d7cff8b474bc
147,180541,0.06824473420260782,0xd445f61ebca3d6b4c57eef1f39fdab6595ef8972,2017-10-19T02:34:05.000Z,0.00000037800130830452,0xda2370d11bc87c01b33c91240cf11fd18a972e68,buy,0x08d32b0da63e2c3bcf8019c9c5d849d7a9d791e6,0x0f6005466145d60c54fce3875ef6f0cb5e4bc8a9fa524713a9551aee6ad679e9
148,179999,0.08639952,0xf88ff10ac6c66b467e8e5fb991626041e19597d2,2017-10-19T02:34:05.000Z,0.00000048,0xd445f61ebca3d6b4c57eef1f39fdab6595ef8972,sell,0x08d32b0da63e2c3bcf8019c9c5d849d7a9d791e6,0x0f6005466145d60c54fce3875ef6f0cb5e4bc8a9fa524713a9551aee6ad679e9
149,1322,0.0005,0x42c24a83bded723edfdf5883bc7efb30bc1a1bf3,2017-10-18T20:05:18.000Z,0.00000037821482602118,0xda2370d11bc87c01b33c91240cf11fd18a972e68,buy,0x08d32b0da63e2c3bcf8019c9c5d849d7a9d791e6,0x6914f71f93d2f9f31e572b64bfb3392a4914c85bd3a0f84e898be6fc0ea2ec0c
150,1322,0.0005,0x379374d13077e8867ef31803c37baf9785a17c00,2017-10-18T19:53:29.000Z,0.00000037821482602118,0xda2370d11bc87c01b33c91240cf11fd18a972e68,buy,0x08d32b0da63e2c3bcf8019c9c5d849d7a9d791e6,0xc7086005e894fe7ec6ad7e4fd91241bd12c45796791facfc7287b3d1a9174092
151,1322,0.0005,0x42c24a83bded723edfdf5883bc7efb30bc1a1bf3,2017-10-18T18:39:24.000Z,0.00000037821482602118,0xda2370d11bc87c01b33c91240cf11fd18a972e68,buy,0x08d32b0da63e2c3bcf8019c9c5d849d7a9d791e6,0x1254613ad605232d5e2961f5cd2dc58b42310ae4ff3d8b071dac2d7594b35d91
152,1322,0.0005,0x379374d13077e8867ef31803c37baf9785a17c00,2017-10-18T18:33:08.000Z,0.00000037821482602118,0xda2370d11bc87c01b33c91240cf11fd18a972e68,buy,0x08d32b0da63e2c3bcf8019c9c5d849d7a9d791e6,0xd29ea447be7d7d5f69d106186c40404e2eb70946dde3f2a8bf190382e264a902
153,1322,0.0005,0x379374d13077e8867ef31803c37baf9785a17c00,2017-10-18T17:22:04.000Z,0.00000037821482602118,0xda2370d11bc87c01b33c91240cf11fd18a972e68,buy,0x08d32b0da63e2c3bcf8019c9c5d849d7a9d791e6,0xb28cd1fe36c75698e969c5cab62b07c18aeabfc4dedc5d168fc0c3672e5bdd73
154,1322,0.0005,0xf9695cd65d6dfdf257fab76a3eb0cb8f001971cc,2017-10-18T17:15:46.000Z,0.00000037821482602118,0xda2370d11bc87c01b33c91240cf11fd18a972e68,buy,0x08d32b0da63e2c3bcf8019c9c5d849d7a9d791e6,0x0c5b239997c9f13fdc31e52005968a89324228880d2a8ea901bc122855abeb02
155,1322,0.0005,0x42c24a83bded723edfdf5883bc7efb30bc1a1bf3,2017-10-18T17:12:38.000Z,0.00000037821482602118,0xda2370d11bc87c01b33c91240cf11fd18a972e68,buy,0x08d32b0da63e2c3bcf8019c9c5d849d7a9d791e6,0x05757742cbdca10c40a999601bbaca292d15011a7741315d804e126db6e75162
156,1,0.00000039,0x3ac636ac5c3a2576156ac5f10066ca68abe0ad54,2017-10-18T16:49:35.000Z,0.00000039,0x1060b59c3c1a3ececde2aada80ec71459a6f3ed5,buy,0x08d32b0da63e2c3bcf8019c9c5d849d7a9d791e6,0x7a4ad66ee5127eb141afc09463012bbb2266a3d86ca0b16b1af407576064da89
157,1322,0.0005,0xcd912af5286dc0b0a23edb30209734ecb60838b3,2017-10-18T16:39:38.000Z,0.00000037821482602118,0xda2370d11bc87c01b33c91240cf11fd18a972e68,buy,0x08d32b0da63e2c3bcf8019c9c5d849d7a9d791e6,0x4214de2805859e56433ccdc8875df178e0bf3b7a21acad5a80e3fc19ec986353
158,1322,0.0005,0xf9695cd65d6dfdf257fab76a3eb0cb8f001971cc,2017-10-18T15:57:37.000Z,0.00000037821482602118,0xda2370d11bc87c01b33c91240cf11fd18a972e68,buy,0x08d32b0da63e2c3bcf8019c9c5d849d7a9d791e6,0x1dcf09eedc07b67a05b3418f97cfec49df5aa36ac5132c12443d7c3fa274a5be
159,1322,0.0005,0x42c24a83bded723edfdf5883bc7efb30bc1a1bf3,2017-10-18T15:56:16.000Z,0.00000037821482602118,0xda2370d11bc87c01b33c91240cf11fd18a972e68,buy,0x08d32b0da63e2c3bcf8019c9c5d849d7a9d791e6,0x24c191e23183776599f0f8724ca047239b783af249b9853dfde26283bd707fb5
160,1322,0.0005,0x379374d13077e8867ef31803c37baf9785a17c00,2017-10-18T15:54:48.000Z,0.00000037821482602118,0xda2370d11bc87c01b33c91240cf11fd18a972e68,buy,0x08d32b0da63e2c3bcf8019c9c5d849d7a9d791e6,0x8723cce9f8289d6582271e1885c9da01e5c5b80c1b7f40d939a6e6f3d21ab9db
161,1322,0.0005,0x16e5d97bbc92417e051e3b2cabfbf8ceea2acb9c,2017-10-18T15:39:47.000Z,0.00000037821482602118,0xda2370d11bc87c01b33c91240cf11fd18a972e68,buy,0x08d32b0da63e2c3bcf8019c9c5d849d7a9d791e6,0x9abca2afb328a2cdaf581046df1525b4de3dc75f255dec47c69a9293a118e3ab
162,2500,0.000945,0x636d925f140f761f7a0e600db2177dd068ddada1,2017-10-18T15:24:52.000Z,0.000000378,0xda2370d11bc87c01b33c91240cf11fd18a972e68,buy,0x08d32b0da63e2c3bcf8019c9c5d849d7a9d791e6,0xe3c4dff2e381b561641ba2fd218405895ca661eaa9a89caf672c599d27ebd1fa
163,1322,0.0005,0x379374d13077e8867ef31803c37baf9785a17c00,2017-10-18T15:11:53.000Z,0.00000037821482602118,0xda2370d11bc87c01b33c91240cf11fd18a972e68,buy,0x08d32b0da63e2c3bcf8019c9c5d849d7a9d791e6,0x95db7c9c1e5563c5610dbae68cfe0ebdb222ec91961b634da479bd11ce761f8b
164,1322,0.0005,0x42c24a83bded723edfdf5883bc7efb30bc1a1bf3,2017-10-18T15:11:06.000Z,0.00000037821482602118,0xda2370d11bc87c01b33c91240cf11fd18a972e68,buy,0x08d32b0da63e2c3bcf8019c9c5d849d7a9d791e6,0x34a13046fdeb73600e4a0ee0bc8e41c79cd2050d3ee9e27be47dabae13860786
165,1322,0.0005,0xf9695cd65d6dfdf257fab76a3eb0cb8f001971cc,2017-10-18T15:06:36.000Z,0.00000037821482602118,0xda2370d11bc87c01b33c91240cf11fd18a972e68,buy,0x08d32b0da63e2c3bcf8019c9c5d849d7a9d791e6,0x99b3a2d65d5ad5f2443dcc9e385aa2c1271c6c68745a08ae10f2f77e11f84a06
166,1322,0.0005,0xcd912af5286dc0b0a23edb30209734ecb60838b3,2017-10-18T15:03:54.000Z,0.00000037821482602118,0xda2370d11bc87c01b33c91240cf11fd18a972e68,buy,0x08d32b0da63e2c3bcf8019c9c5d849d7a9d791e6,0xcdd3cae0e192584d0bbfdfa62b386e03e75bfe2cc4fe58b291047f6d88665b69
167,368395,0.139253615034194,0x78c3743e6113a4e4d6427ec5ff0a00f41d50bad9,2017-10-18T13:43:35.000Z,0.0000003780008280085,0xda2370d11bc87c01b33c91240cf11fd18a972e68,buy,0x08d32b0da63e2c3bcf8019c9c5d849d7a9d791e6,0xb5e6ebb40f0465d0cbf1703893fac459beb0061a9a517f4f569a8a743f37aa34
168,1600000,0.6048,0x78c3743e6113a4e4d6427ec5ff0a00f41d50bad9,2017-10-18T13:28:31.000Z,0.000000378,0xda2370d11bc87c01b33c91240cf11fd18a972e68,buy,0x08d32b0da63e2c3bcf8019c9c5d849d7a9d791e6,0x40c1503ea97d0f758f6c294ed5b39236141f3d59347d083ba124e4e1e4cc8e78
169,1322,0.0005,0x42c24a83bded723edfdf5883bc7efb30bc1a1bf3,2017-10-18T13:16:56.000Z,0.00000037821482602118,0xda2370d11bc87c01b33c91240cf11fd18a972e68,buy,0x08d32b0da63e2c3bcf8019c9c5d849d7a9d791e6,0x64da624a171c4ac39f61e2faa9f8e2d2a7fe90ea16560f77da83d015653a38ec
170,12000,0.0036,0x78c3743e6113a4e4d6427ec5ff0a00f41d50bad9,2017-10-18T05:02:47.000Z,0.0000003,0x558f72bb1e5e297a1efed0e6f6996b7e0c902bfe,sell,0x08d32b0da63e2c3bcf8019c9c5d849d7a9d791e6,0xb9ff5656bc21ca0f7b54f655a23e7c9df66ac482ff44f91cad30ace6ba9dec84
171,500000,0.1895,0x179c6ae2129da08767391429911ef1ea32c7b6d4,2017-10-18T03:00:14.000Z,0.000000379,0xba731793fe7ff79f04b01bfdcdca930684d005a8,buy,0x08d32b0da63e2c3bcf8019c9c5d849d7a9d791e6,0x5132ce74a7e831cbc2f03640bdd4fcf5e0a1a4c8083f95da687da04203616209
172,1319,0.0005,0xcd912af5286dc0b0a23edb30209734ecb60838b3,2017-10-18T02:38:41.000Z,0.00000037907505686125,0xba731793fe7ff79f04b01bfdcdca930684d005a8,buy,0x08d32b0da63e2c3bcf8019c9c5d849d7a9d791e6,0x92c1caa17cc6b66a0067b1a1e526d344a705fbd4f6176ee1a09e424cf4d9eba1
173,50000,0.02,0xf4fd890e3ed61a67a6ad80d2c56bbee6eba18f96,2017-10-17T22:52:56.000Z,0.0000004,0x1060b59c3c1a3ececde2aada80ec71459a6f3ed5,sell,0x08d32b0da63e2c3bcf8019c9c5d849d7a9d791e6,0xcc4bee703b4ada09fab98587e4db1a2f5c9a2f5a5a3dea1fb80c96af23bc214e
174,152911,0.0458733,0x78c3743e6113a4e4d6427ec5ff0a00f41d50bad9,2017-10-17T22:41:06.000Z,0.0000003,0x46c24e504d8d29a34e7daa3ab20e32f6e3d5eccb,sell,0x08d32b0da63e2c3bcf8019c9c5d849d7a9d791e6,0xaafbf9f8ebcaca0b3f8d259976d807f05f413461216db81fe2cbfcf7eac73ec6
175,3845,0.00149955,0x670524c23e0eaee139b7c018b828455f59f256a9,2017-10-17T22:39:45.000Z,0.00000039,0x46c24e504d8d29a34e7daa3ab20e32f6e3d5eccb,sell,0x08d32b0da63e2c3bcf8019c9c5d849d7a9d791e6,0x28335876606d3dda7e301ef1131fe8ad416a46cce1fa3cb0b6c84d50e712587d
176,1315,0.0005,0xcd912af5286dc0b0a23edb30209734ecb60838b3,2017-10-17T21:42:28.000Z,0.00000038022813688212,0xda2370d11bc87c01b33c91240cf11fd18a972e68,buy,0x08d32b0da63e2c3bcf8019c9c5d849d7a9d791e6,0x729f4f036f815c768e3a4e0f30d25a264c04ae36fe2c6992564f38d421597cf9
177,1282,0.0005,0x42c24a83bded723edfdf5883bc7efb30bc1a1bf3,2017-10-17T19:13:29.000Z,0.00000039001560062402,0x1060b59c3c1a3ececde2aada80ec71459a6f3ed5,buy,0x08d32b0da63e2c3bcf8019c9c5d849d7a9d791e6,0xe2ae59cb8f9a25e03691b45ae289a868dd0a26061ae8b7045ed3e88abda7c512
178,1440,0.0005,0x16e5d97bbc92417e051e3b2cabfbf8ceea2acb9c,2017-10-17T17:25:10.000Z,0.00000034722222222222,0x2475fe4d7a9d7d2e7908baf6697b801596bf5148,buy,0x08d32b0da63e2c3bcf8019c9c5d849d7a9d791e6,0xa633e6780f8bc17a350a5d0073acf8678cf251f69abfd5b37ea6afffbe6ac16a
179,60877,0.02374203,0x6907a08e868e2bce91cac5b5ad6a71e41811ce7d,2017-10-17T15:23:36.000Z,0.00000039,0x1060b59c3c1a3ececde2aada80ec71459a6f3ed5,buy,0x08d32b0da63e2c3bcf8019c9c5d849d7a9d791e6,0x87eeaf74081b10338249eb0ddab6e07070a1fa3f8e0e334c00e65d9c271e8ecd
180,614123,0.23950818274986602,0x6907a08e868e2bce91cac5b5ad6a71e41811ce7d,2017-10-17T15:16:38.000Z,0.00000039000034642875,0x1060b59c3c1a3ececde2aada80ec71459a6f3ed5,buy,0x08d32b0da63e2c3bcf8019c9c5d849d7a9d791e6,0xe9b47d808d38a44a9ca1c4dc49d81f31ec37bf0a60272eaf3ec9796141d326a6
181,5000000,2.22,0xd047f7330d98264db44bc3e96e4b1b8593949e00,2017-10-17T15:13:13.000Z,0.000000444,0x09a99a4e50720d60cd6fd1f6519bc1b94e0d526b,buy,0x08d32b0da63e2c3bcf8019c9c5d849d7a9d791e6,0x96cdfa2ed939662a037d5e47fc0d8cb44e03281cdbb4ec1387f0325edc504e50
182,1440,0.0005,0x42c24a83bded723edfdf5883bc7efb30bc1a1bf3,2017-10-17T15:07:42.000Z,0.00000034722222222222,0x2475fe4d7a9d7d2e7908baf6697b801596bf5148,buy,0x08d32b0da63e2c3bcf8019c9c5d849d7a9d791e6,0xd10f857e5b0d48f5f9b65ad634bc6aa0440c339da665b761f9240bee9a22f747
183,750000,0.33,0xd047f7330d98264db44bc3e96e4b1b8593949e00,2017-10-17T14:46:20.000Z,0.00000044,0xb1cf04a487b86763224c2492bde95c0d6ab50ccc,buy,0x08d32b0da63e2c3bcf8019c9c5d849d7a9d791e6,0x1e9d00860bf84142920ca77d024037b94fcb61c72ca7a0c96996d2e7fd736023
184,1947047,0.7354000001394,0xd047f7330d98264db44bc3e96e4b1b8593949e00,2017-10-17T14:41:09.000Z,0.00000037770017885515,0x12d00b993bfd0422d6bde9aa63d96e0ab74fb636,buy,0x08d32b0da63e2c3bcf8019c9c5d849d7a9d791e6,0xc045c8691a90294f1856d8a7c4521b53855ddec304322cb17c8c6ce59f887289
185,144,0.00003888,0xe0b1429a80e34ae3dc29b1c75403020543a8620e,2017-10-17T12:00:11.000Z,0.00000027,0xfe43780884e43212998841091f574d94a4819a2d,sell,0x08d32b0da63e2c3bcf8019c9c5d849d7a9d791e6,0xc7b4229fcbe7464e0646a263cf6cfdf1f4cb3852e89564ba40ee9f9b3bc66082
186,1436468,0.38784636,0xe0b1429a80e34ae3dc29b1c75403020543a8620e,2017-10-17T11:58:49.000Z,0.00000027,0xfe43780884e43212998841091f574d94a4819a2d,sell,0x08d32b0da63e2c3bcf8019c9c5d849d7a9d791e6,0xe0fee87160ae702fc131ed66eafe01d05dc02209c70ac41f32c997b838217540
187,1440,0.0005,0xcd912af5286dc0b0a23edb30209734ecb60838b3,2017-10-17T05:06:33.000Z,0.00000034722222222222,0x2475fe4d7a9d7d2e7908baf6697b801596bf5148,buy,0x08d32b0da63e2c3bcf8019c9c5d849d7a9d791e6,0x606b26dd5c5fd08d071d80ca01bb47366133e242c45fee664291b77dc33af114
188,2881,0.000999999868,0xc9242dbb5fed3fdaf7f74f45719142c5d4c0da7a,2017-10-17T03:50:23.000Z,0.0000003471016549809,0x2475fe4d7a9d7d2e7908baf6697b801596bf5148,buy,0x08d32b0da63e2c3bcf8019c9c5d849d7a9d791e6,0xcc60f4b060d50e29d6b31c8e85a9f3e168671b1ad0604e5c538f527b3b691ef5
189,52952,0.0199999998606,0xc9242dbb5fed3fdaf7f74f45719142c5d4c0da7a,2017-10-17T03:47:44.000Z,0.00000037770055636425,0x12d00b993bfd0422d6bde9aa63d96e0ab74fb636,buy,0x08d32b0da63e2c3bcf8019c9c5d849d7a9d791e6,0xbaf0183ad686e9feceae16c028e7c410d086978bac81b4bce3ff58e06c21c631
190,20000,0.003,0xa7d9d38e558bb10d4bdfdee18f6883cef4c62ddf,2017-10-17T03:44:13.000Z,0.00000015,0xc9242dbb5fed3fdaf7f74f45719142c5d4c0da7a,sell,0x08d32b0da63e2c3bcf8019c9c5d849d7a9d791e6,0xae4910d17139f681e1d56bfc13625022a1d609d3a61a598ad4bedb8d3fd21a88
191,575970,0.20043785956615912,0xc9242dbb5fed3fdaf7f74f45719142c5d4c0da7a,2017-10-17T03:42:42.000Z,0.00000034800052010722,0xafb5285e6e6f2feb8a95d2c56fb30d73f491fc10,buy,0x08d32b0da63e2c3bcf8019c9c5d849d7a9d791e6,0x2182fb830ce2145e9a53785ceb9c5ed763faea890057fa4afef7f61963e2556f
192,1156816,0.40257210029141394,0x2dd49d88652ce229335e670d3ea2d3c34c4600ed,2017-10-16T20:35:45.000Z,0.00000034800011435821,0xafb5285e6e6f2feb8a95d2c56fb30d73f491fc10,buy,0x08d32b0da63e2c3bcf8019c9c5d849d7a9d791e6,0x78c8b841e072bfd96cd79b3565fb7eba4d2bacb73f96ba21067c53c1fb2721de
193,100000,0.0347,0xe58ea8a73b6d7386fbb397d155b3e979d3c65187,2017-10-16T16:43:02.000Z,0.000000347,0x2475fe4d7a9d7d2e7908baf6697b801596bf5148,buy,0x08d32b0da63e2c3bcf8019c9c5d849d7a9d791e6,0xc6086e8389cfc35bd404cee70bac465c37f12933d674b98ecbf81e2debf2727a
194,986969,0.26648163,0x49637ff06669ebb3fc4325bfa0bc53e442b9db6a,2017-10-16T13:31:07.000Z,0.00000027,0xb5b23ff755c1c62b637114e932ff914a159eeafb,sell,0x08d32b0da63e2c3bcf8019c9c5d849d7a9d791e6,0x119180ba26f0210139f387e1167e931ad6ef58d065bfdef626f1e2afaaa0a65a
195,1440922,0.49999999993,0xfe43780884e43212998841091f574d94a4819a2d,2017-10-16T08:38:11.000Z,0.00000034700004575542,0x2475fe4d7a9d7d2e7908baf6697b801596bf5148,buy,0x08d32b0da63e2c3bcf8019c9c5d849d7a9d791e6,0x58c9b61c9917851e0fff743c93bebe56efc6c455d524239343660dffec71ff30
196,1436781,0.499999999932,0x49637ff06669ebb3fc4325bfa0bc53e442b9db6a,2017-10-15T15:09:49.000Z,0.00000034800014750473,0xafb5285e6e6f2feb8a95d2c56fb30d73f491fc10,buy,0x08d32b0da63e2c3bcf8019c9c5d849d7a9d791e6,0x5aae963807150669f103e0cd229bc7300eb928d133762194cfc3ffee65cc6e44
197,1308571,0.40565701,0x3dee4a4e076e8d82859d241db0baf46f112cfa23,2017-10-15T06:18:23.000Z,0.00000031,0xfc4e04506820096c597b23894f9fdcdcf87f7fe0,buy,0x08d32b0da63e2c3bcf8019c9c5d849d7a9d791e6,0x9d662afd7d4339b4f8759827219d58bc2d069828a22427c4caa7105c353d94a2
198,930431,0.32379004021042695,0xfc4e04506820096c597b23894f9fdcdcf87f7fe0,2017-10-15T01:14:42.000Z,0.00000034800005611423,0xafb5285e6e6f2feb8a95d2c56fb30d73f491fc10,buy,0x08d32b0da63e2c3bcf8019c9c5d849d7a9d791e6,0x4e1dea5e8327bd0e6c5799f6f41004ca94763808929a3b2c93714bf0abd6b697
199,325000,0.113425,0x6907a08e868e2bce91cac5b5ad6a71e41811ce7d,2017-10-14T15:31:52.000Z,0.000000349,0x2475fe4d7a9d7d2e7908baf6697b801596bf5148,buy,0x08d32b0da63e2c3bcf8019c9c5d849d7a9d791e6,0xd1225f6220011fac065311f6b23de7ce36040ea6c2925b55c60ccfa68fe49f88
200,55000,0.019195,0xddfb59b876e8b8b09e404324935c9f1364a20659,2017-10-14T13:37:33.000Z,0.000000349,0x2475fe4d7a9d7d2e7908baf6697b801596bf5148,buy,0x08d32b0da63e2c3bcf8019c9c5d849d7a9d791e6,0xb74229c2827248aaa3bc62087f79cf05082312c720508f801f2751664c96db9f
201,150000,0.0525,0x71f5dce1717283c2ad48e8da83ed8d87db7b792a,2017-10-14T11:33:28.000Z,0.00000035,0x46c24e504d8d29a34e7daa3ab20e32f6e3d5eccb,sell,0x08d32b0da63e2c3bcf8019c9c5d849d7a9d791e6,0xb63dc8de81fce7d1f1cd584cbe7d3a1f3a238c691f94e6c677303369f9a9fa59
202,200000,0.07,0xe58ea8a73b6d7386fbb397d155b3e979d3c65187,2017-10-13T20:48:40.000Z,0.00000035,0xfc4e04506820096c597b23894f9fdcdcf87f7fe0,buy,0x08d32b0da63e2c3bcf8019c9c5d849d7a9d791e6,0x363529a938c8289084571ee3aa389eed5d9bdca51c41b2afe59d42d6a6513ea4
203,392277,0.1372972578737071,0x1579c988f8c718e170406a057ac44bf7a61feda7,2017-10-13T19:59:10.000Z,0.00000035000078483751,0xfc4e04506820096c597b23894f9fdcdcf87f7fe0,buy,0x08d32b0da63e2c3bcf8019c9c5d849d7a9d791e6,0x0219e9d64ad24acc518cc516bd70f30e1d2b950d8386fea1e367f9d8cf7cab54
204,1026000,0.265734,0x3dee4a4e076e8d82859d241db0baf46f112cfa23,2017-10-13T14:59:37.000Z,0.000000259,0x65919f4824cf41db56c2b4acb6a29b19aaf600a5,sell,0x08d32b0da63e2c3bcf8019c9c5d849d7a9d791e6,0x0afeda9c12d6f4aa280c72cf9111322b266466311a5d4c590d2fbb23c4a7da2c
205,3000000,0.777,0x3dee4a4e076e8d82859d241db0baf46f112cfa23,2017-10-13T14:39:25.000Z,0.000000259,0x65919f4824cf41db56c2b4acb6a29b19aaf600a5,sell,0x08d32b0da63e2c3bcf8019c9c5d849d7a9d791e6,0x0bc024f8b64d4851c0c29888a56ccf0ad5101c60a9d6285efc34242612815a84
206,1930000,0.5018,0x2475fe4d7a9d7d2e7908baf6697b801596bf5148,2017-10-13T14:37:22.000Z,0.00000026,0x65919f4824cf41db56c2b4acb6a29b19aaf600a5,sell,0x08d32b0da63e2c3bcf8019c9c5d849d7a9d791e6,0xb6367cc0102fcab5896935f1d56449f0daf52d45a981fcaec14534b03ce28279
207,35893,0.009511645,0x9adce261bd078192e788fd87e0112fa50ae5b770,2017-10-13T14:36:55.000Z,0.000000265,0x65919f4824cf41db56c2b4acb6a29b19aaf600a5,sell,0x08d32b0da63e2c3bcf8019c9c5d849d7a9d791e6,0xae71fecdb9e414ee14b2e02a04d43836d85cfb196d5056939c2c8e00549e538f
208,200000,0.053,0x9adce261bd078192e788fd87e0112fa50ae5b770,2017-10-13T14:23:07.000Z,0.000000265,0x65919f4824cf41db56c2b4acb6a29b19aaf600a5,sell,0x08d32b0da63e2c3bcf8019c9c5d849d7a9d791e6,0x7da35077dde3dc33a22b509f1dc948fb1361f70d178824098edc6d1928995bf4
209,690359,0.178802981,0x3dee4a4e076e8d82859d241db0baf46f112cfa23,2017-10-13T09:29:22.000Z,0.000000259,0x1451dbe4304a60b5b25b4d98b355effd440417af,sell,0x08d32b0da63e2c3bcf8019c9c5d849d7a9d791e6,0xab6b9c86c7e5687dbd0de7898f69e2bdb35bb1cb91d11ea48435dadc3992a36e
210,2879125,0.809034125,0x3dee4a4e076e8d82859d241db0baf46f112cfa23,2017-10-13T04:47:56.000Z,0.000000281,0x65919f4824cf41db56c2b4acb6a29b19aaf600a5,sell,0x08d32b0da63e2c3bcf8019c9c5d849d7a9d791e6,0x7db653ab79f967729144f437f46d92e7790339441212825f935f46379826558a
211,100000,0.029,0x9adce261bd078192e788fd87e0112fa50ae5b770,2017-10-13T04:47:00.000Z,0.00000029,0x65919f4824cf41db56c2b4acb6a29b19aaf600a5,sell,0x08d32b0da63e2c3bcf8019c9c5d849d7a9d791e6,0x15d767a9b61c4889df195931c0e3be22944f798888bc843f752c1e47b064ebd1
212,120875,0.033965875,0x3dee4a4e076e8d82859d241db0baf46f112cfa23,2017-10-12T21:50:14.000Z,0.000000281,0xc9a93d56409115d490cf1569adf93800749451ab,sell,0x08d32b0da63e2c3bcf8019c9c5d849d7a9d791e6,0x8504f71c0a322b44f6b7cbc3669add5657a8d214d931cb3c8ca533208347b881
213,2160745,0.6914384,0xf6fb7a4de4bf4bc746783abc63000b0148dac855,2017-10-12T20:20:33.000Z,0.00000032,0x7e826e85cba4d3aaaa1b484f53be01d10f527fd6,buy,0x08d32b0da63e2c3bcf8019c9c5d849d7a9d791e6,0xefb32c52a9fa21c0d84d5904f2c9f32f496b0f181191931347346a8bd80378af
214,3756470,1.1645057,0xf6fb7a4de4bf4bc746783abc63000b0148dac855,2017-10-12T20:19:15.000Z,0.00000031,0xd3e28313346b024f0106fee40b47f7870808abb6,buy,0x08d32b0da63e2c3bcf8019c9c5d849d7a9d791e6,0xb32ebd0134eec963fbaf6ce2423baa937797e9010fe31a7b380941b50ff0044c
215,288237,0.09742414913767321,0xa50624a4184e72460f66c1b69409d78d69496fd4,2017-10-12T16:15:11.000Z,0.00000033800014966042,0x8799e8fe11b2ac73cd9da93083905e7a7d8b7fee,buy,0x08d32b0da63e2c3bcf8019c9c5d849d7a9d791e6,0x88a3d3f9989ba5fcb027a992e23998209bed1b89ff374c1c11e981ceccb8f794
216,10000,0.0034,0xe58ea8a73b6d7386fbb397d155b3e979d3c65187,2017-10-11T19:25:03.000Z,0.00000034,0xfc4e04506820096c597b23894f9fdcdcf87f7fe0,buy,0x08d32b0da63e2c3bcf8019c9c5d849d7a9d791e6,0xc1e8240e400ab06342ecef88a808c3e028f26a828f742941b6db3148ce5af1ef
217,335578,0.11409653146137215,0x300cbb52c8a9c6d23418ba4ba9977aa89025eb72,2017-10-11T18:29:16.000Z,0.00000034000003415412,0xfc4e04506820096c597b23894f9fdcdcf87f7fe0,buy,0x08d32b0da63e2c3bcf8019c9c5d849d7a9d791e6,0x05447b0798ed0a1a4773059c9476c3912c6c25f1bfe1fc80282fde843a1c1d33
218,5000,0.00125,0xf6fb7a4de4bf4bc746783abc63000b0148dac855,2017-10-10T22:04:41.000Z,0.00000025,0x91aea740b33068ba9d3a3d0753aedd58038e9e5f,sell,0x08d32b0da63e2c3bcf8019c9c5d849d7a9d791e6,0x852d6de95e34b3aab22b01c8543d1b3a9b57af48c10cbac3364ed5f03778881c
219,4927536,1.70000000004,0xae7644d60803c58228cff41037e72f5ce6c454ec,2017-10-10T12:13:38.000Z,0.00000034500001624341,0xfc4e04506820096c597b23894f9fdcdcf87f7fe0,buy,0x08d32b0da63e2c3bcf8019c9c5d849d7a9d791e6,0xd0cf1f7db7161cb0b8fedc2ff7236b304fb46d5b58152d122f23243495465055
220,3756470,1.2959824543913867,0xd3e28313346b024f0106fee40b47f7870808abb6,2017-10-10T12:05:48.000Z,0.00000034500008103123,0xfc4e04506820096c597b23894f9fdcdcf87f7fe0,buy,0x08d32b0da63e2c3bcf8019c9c5d849d7a9d791e6,0x73290c1301e49b1a2c6b9242e808a6fb17674f4d3c8fc429e3910eff621fb8ff
221,3816157,1.24025129995,0xae7644d60803c58228cff41037e72f5ce6c454ec,2017-10-10T11:55:22.000Z,0.00000032500007204892,0xfc4e04506820096c597b23894f9fdcdcf87f7fe0,buy,0x08d32b0da63e2c3bcf8019c9c5d849d7a9d791e6,0x95c2d9b5aab955b82232962f3937976a82ffa6b37e98c0b3b42d0828a46867b7
222,337972,0.10646118,0x5cfb38c0d2966fae716323e6bb438e73e4d51666,2017-10-10T09:11:34.000Z,0.000000315,0x3793583f5226a67942242a7af4cea7f5d813d017,sell,0x08d32b0da63e2c3bcf8019c9c5d849d7a9d791e6,0xef20daafd902190ebc98670081e662656d28028badc39aeefc3924cb138ef13e
223,6734985,1.69721622,0x835d9f4df3e7dac9a3242fdd1768338e3a84fc90,2017-10-10T07:57:07.000Z,0.000000252,0x3793583f5226a67942242a7af4cea7f5d813d017,sell,0x08d32b0da63e2c3bcf8019c9c5d849d7a9d791e6,0x3ba5b5355483f655867f13c4a910313e9e22691a4cf300884fbe4f6042f9bdff
224,435000,0.137025,0x5cfb38c0d2966fae716323e6bb438e73e4d51666,2017-10-10T07:55:19.000Z,0.000000315,0x3793583f5226a67942242a7af4cea7f5d813d017,sell,0x08d32b0da63e2c3bcf8019c9c5d849d7a9d791e6,0x2fbcdaa7b21135fc527bee193780ad414d8b8f5544563368684ff93391ae4e60
225,20000,0.0065,0xe58ea8a73b6d7386fbb397d155b3e979d3c65187,2017-10-10T02:36:22.000Z,0.000000325,0xfc4e04506820096c597b23894f9fdcdcf87f7fe0,buy,0x08d32b0da63e2c3bcf8019c9c5d849d7a9d791e6,0x7d5eef7aea3f05cd132115759bfa6c769b1b95b1cbf85f90d17effb509f0eded
226,5000,0.001625,0xe58ea8a73b6d7386fbb397d155b3e979d3c65187,2017-10-10T02:35:54.000Z,0.000000325,0xe73afbee7a63774c83f202d6292b66e34105830c,buy,0x08d32b0da63e2c3bcf8019c9c5d849d7a9d791e6,0xe32b0b072cf088fa43c0a7ab2ec68c561981dbb20218590d9498eb161771d206
227,1,0.000000315,0x5cfb38c0d2966fae716323e6bb438e73e4d51666,2017-10-09T13:59:28.000Z,0.000000315,0xcece9aafbc76ecbf228c616b31a4419d86caed11,sell,0x08d32b0da63e2c3bcf8019c9c5d849d7a9d791e6,0x9f1c06d87514d142e228504e9d3d8a9f0a1c8f0b3182bfdb8fa4efdd8226c4fd
228,4984,0.00156996,0x5cfb38c0d2966fae716323e6bb438e73e4d51666,2017-10-09T13:58:27.000Z,0.000000315,0xcece9aafbc76ecbf228c616b31a4419d86caed11,sell,0x08d32b0da63e2c3bcf8019c9c5d849d7a9d791e6,0xa8ca774822f3a8fbead3baae07402034cd032020b95c598ab65ed996a5aa1526
229,6153846,2.00000000005,0x835d9f4df3e7dac9a3242fdd1768338e3a84fc90,2017-10-09T09:05:58.000Z,0.00000032500000813312,0xfc4e04506820096c597b23894f9fdcdcf87f7fe0,buy,0x08d32b0da63e2c3bcf8019c9c5d849d7a9d791e6,0xc33d3ffcf0651ff344ac6e4a0e2cc05ca0bbea2afd2fba8a72fec68ac292a198
230,10000,0.00325,0x06c8376e49cab859dfe9bab99acf54dc6cb54dfd,2017-10-09T03:33:55.000Z,0.000000325,0xfc4e04506820096c597b23894f9fdcdcf87f7fe0,buy,0x08d32b0da63e2c3bcf8019c9c5d849d7a9d791e6,0x3ae9be60e77d3ca8eac0e8c8894ebd575a5561089c7057c3122420b8c739c2e7
231,20000,0.00654,0x9adce261bd078192e788fd87e0112fa50ae5b770,2017-10-08T09:05:30.000Z,0.000000327,0xc444784cee62fcd4b02684e0f2827a51ad6a19f4,buy,0x08d32b0da63e2c3bcf8019c9c5d849d7a9d791e6,0xeab07f3bc8e0bf80a5178e8844e030fb3d76305abd328ffde5f02f47d6a1fd95
232,1957132,0.636067981575,0x9adce261bd078192e788fd87e0112fa50ae5b770,2017-10-08T09:04:26.000Z,0.00000032500004168088,0xfc4e04506820096c597b23894f9fdcdcf87f7fe0,buy,0x08d32b0da63e2c3bcf8019c9c5d849d7a9d791e6,0xab6b271673762582164f062b177d482bda33b6492584c876f819d2d6cd555795
233,307692,0.1000000001,0x9adce261bd078192e788fd87e0112fa50ae5b770,2017-10-08T08:00:29.000Z,0.00000032500032532532,0xfc4e04506820096c597b23894f9fdcdcf87f7fe0,buy,0x08d32b0da63e2c3bcf8019c9c5d849d7a9d791e6,0x97247f20db86f4bb8f57ef7f6b34e578215f83b5be4aa16c6253a8e1cdc46df7
234,3029424,0.9845628,0x9adce261bd078192e788fd87e0112fa50ae5b770,2017-10-08T07:12:48.000Z,0.000000325,0xfc4e04506820096c597b23894f9fdcdcf87f7fe0,buy,0x08d32b0da63e2c3bcf8019c9c5d849d7a9d791e6,0xe6c9c97f729fcf23745d2a93d7f35cb6d44dee798a72b9c6fdd0a54cca2c4823
235,10000,0.00325,0x9adce261bd078192e788fd87e0112fa50ae5b770,2017-10-08T07:00:37.000Z,0.000000325,0xfc4e04506820096c597b23894f9fdcdcf87f7fe0,buy,0x08d32b0da63e2c3bcf8019c9c5d849d7a9d791e6,0x0c1d5fb921e6259421e42ecfbedd8491442999eea3e47cd31a76073451fd645f
236,2687054,0.8732927924033641,0xea09f5ddf7e0fb8ad9e3b0d525a36c3e86de21a0,2017-10-07T22:43:47.000Z,0.00000032500009021157,0xfc4e04506820096c597b23894f9fdcdcf87f7fe0,buy,0x08d32b0da63e2c3bcf8019c9c5d849d7a9d791e6,0xa24fc9b465fc5533a567693ff776924aaac7a91761e1b2f461a0ec11615b5faf
237,1,0.000000598145748181,0xea09f5ddf7e0fb8ad9e3b0d525a36c3e86de21a0,2017-10-07T22:14:44.000Z,0.000000598145748181,0xfc4e04506820096c597b23894f9fdcdcf87f7fe0,buy,0x08d32b0da63e2c3bcf8019c9c5d849d7a9d791e6,0xb5fde7eb91db0b9cd74e5609f2ea0f8da3b9b8e3e05a88be46d8cd1a78c888aa
238,460000,0.1495,0x227c1b1a3141ad366feee95494e368ed4f528ae7,2017-10-07T19:32:50.000Z,0.000000325,0xfc4e04506820096c597b23894f9fdcdcf87f7fe0,buy,0x08d32b0da63e2c3bcf8019c9c5d849d7a9d791e6,0xce78f3ef4474a1884d052faea8544875f6e1648abaebd85cfb432250c245b06b
239,3913,0.001271725,0x8799e8fe11b2ac73cd9da93083905e7a7d8b7fee,2017-10-07T18:07:28.000Z,0.000000325,0x27b1a60e29f389cdd231108b8e3282f575d1b474,sell,0x08d32b0da63e2c3bcf8019c9c5d849d7a9d791e6,0x83fe2575c690abe83a68a8b7b96fa0faa229d2dd84a26522de5d306f3db5878a
240,53763,0.01666653,0x5d5065b42bdee0274e394ba9042c21e1818c69cf,2017-10-07T18:01:57.000Z,0.00000031,0x27b1a60e29f389cdd231108b8e3282f575d1b474,sell,0x08d32b0da63e2c3bcf8019c9c5d849d7a9d791e6,0xdb1b8b69871df4bcb7552ee3ed871621dceb594b93cdfa7f3212ff47f4c318f0
241,300000,0.0948,0xe1e1d0d73eeb29d0632bc4c7871bfc74dbed0741,2017-10-07T18:01:25.000Z,0.000000316,0x27b1a60e29f389cdd231108b8e3282f575d1b474,sell,0x08d32b0da63e2c3bcf8019c9c5d849d7a9d791e6,0x96f0a5b5dde9c298d872c5d59644adc2790e32de00c0a5c8f89fd558ff621597
242,307692,0.1000000001,0x46c24e504d8d29a34e7daa3ab20e32f6e3d5eccb,2017-10-07T16:42:50.000Z,0.00000032500032532532,0xfc4e04506820096c597b23894f9fdcdcf87f7fe0,buy,0x08d32b0da63e2c3bcf8019c9c5d849d7a9d791e6,0x884380977626a2b42443b0665e5a253ac3042bd0a1e430e75cc84622c86fb283
243,306002,0.0994509644963707,0x0cc60d479744fbc81f472c6dfb5203cc5ab51956,2017-10-07T15:08:51.000Z,0.00000032500102775919,0xfc4e04506820096c597b23894f9fdcdcf87f7fe0,buy,0x08d32b0da63e2c3bcf8019c9c5d849d7a9d791e6,0x0d67d35ec7a8a0b29a0c2bae0f994191ca9c6d1e62003557e4c483b7913a2cca
244,285000,0.09975,0x8799e8fe11b2ac73cd9da93083905e7a7d8b7fee,2017-10-07T12:51:08.000Z,0.00000035,0x0cc60d479744fbc81f472c6dfb5203cc5ab51956,buy,0x08d32b0da63e2c3bcf8019c9c5d849d7a9d791e6,0x550f035b177eedbd32092026cff11b5e6b8339b74596d878047d8a81c9a23b81
245,284999,0.09262486309440733,0x0cc60d479744fbc81f472c6dfb5203cc5ab51956,2017-10-07T11:09:41.000Z,0.00000032500065998269,0xfc4e04506820096c597b23894f9fdcdcf87f7fe0,buy,0x08d32b0da63e2c3bcf8019c9c5d849d7a9d791e6,0x5f7b52f848ec9c7324014e99f40470b3359351dafba4ad292459b372094e1993
246,650000,0.21125,0x09a99a4e50720d60cd6fd1f6519bc1b94e0d526b,2017-10-07T07:42:42.000Z,0.000000325,0xfc4e04506820096c597b23894f9fdcdcf87f7fe0,buy,0x08d32b0da63e2c3bcf8019c9c5d849d7a9d791e6,0x78a74d30723494c8d5e16dcfd19bf3fcff48773bd628d82a577191388d2d1252
247,3767038,1.18661697,0x1060b59c3c1a3ececde2aada80ec71459a6f3ed5,2017-10-07T06:23:19.000Z,0.000000315,0xfc4e04506820096c597b23894f9fdcdcf87f7fe0,buy,0x08d32b0da63e2c3bcf8019c9c5d849d7a9d791e6,0xaaedcd0c513a886daa7031da565b92397263822a27f4f8fe0e19fae63807ace8
248,10000,0.003999,0x06c8376e49cab859dfe9bab99acf54dc6cb54dfd,2017-10-07T05:38:31.000Z,0.0000003999,0xe5f80b82b325740196728fdc27130ce20166cc43,buy,0x08d32b0da63e2c3bcf8019c9c5d849d7a9d791e6,0x3c82afc5b8d2ef15513611dc094367a93916396aba7b69bcd7c7accb7d7fa3e9
249,38159,0.0572385,0x3730fb664467628e1b26581acdbb60d67c986a40,2017-10-07T02:00:05.000Z,0.0000015,0x10238512aef4225c3f351255ba072984ac97b1fd,buy,0x08d32b0da63e2c3bcf8019c9c5d849d7a9d791e6,0x5cf5fb67f7aa6a1d9c6ff75caefcd16693248f3a4442a97042cad033df40c3a3
250,50000,0.05,0x3730fb664467628e1b26581acdbb60d67c986a40,2017-10-07T01:51:25.000Z,0.000001,0x81a908a61ba7a0ca929b86736468ac95c2c1323c,buy,0x08d32b0da63e2c3bcf8019c9c5d849d7a9d791e6,0x4a8b572ca4ba0858b8d11ae1a7479d27902fa577c099b6939ed583489f73931d
251,2207,0.08830745185325489,0x3730fb664467628e1b26581acdbb60d67c986a40,2017-10-07T01:38:47.000Z,0.00004001243853794965,0x91aea740b33068ba9d3a3d0753aedd58038e9e5f,buy,0x08d32b0da63e2c3bcf8019c9c5d849d7a9d791e6,0x8071188bcf915942a3d9fcd95c42581161a9db0fb28b429b9cdb9b870d8f2002
252,139604,0.05304962215650135,0x5ae19b3b14810b49126ea3fd40248b412f806eeb,2017-10-06T09:35:34.000Z,0.00000038000073175912,0x0cc60d479744fbc81f472c6dfb5203cc5ab51956,buy,0x08d32b0da63e2c3bcf8019c9c5d849d7a9d791e6,0x49a8a2b308c254b5492f4d46695d8561c8c50b92dd44bc4bf1cea7246c87e5aa
253,1995,0.000758377843498649,0x5ae19b3b14810b49126ea3fd40248b412f806eeb,2017-10-06T09:31:49.000Z,0.00000038013926992413,0x0cc60d479744fbc81f472c6dfb5203cc5ab51956,buy,0x08d32b0da63e2c3bcf8019c9c5d849d7a9d791e6,0x64d5146d92cc3d6446ae3146feed69e6271e69bf60edeb7c69de8ef8913dbbbf
254,14,0.00000434,0x0cc60d479744fbc81f472c6dfb5203cc5ab51956,2017-10-06T03:45:37.000Z,0.00000031,0xbb5bab0a7b4deae363d90cee87a2fcbe91e06c81,sell,0x08d32b0da63e2c3bcf8019c9c5d849d7a9d791e6,0x52b2c078d0e008264407658f29dbab57baa9e685d49e7d4653587d02ff4ddc38
255,141586,0.04389166,0x0cc60d479744fbc81f472c6dfb5203cc5ab51956,2017-10-06T03:42:21.000Z,0.00000031,0xbb5bab0a7b4deae363d90cee87a2fcbe91e06c81,sell,0x08d32b0da63e2c3bcf8019c9c5d849d7a9d791e6,0xd1ade9263ba91c18acd001ddd3dab5c3fe723c687289590a94a1ee106a7c6bfa
256,865250,0.335717,0x5ae19b3b14810b49126ea3fd40248b412f806eeb,2017-10-06T00:04:58.000Z,0.000000388,0xa4041c2c155f143c8cbd22289b3f20fec2c155e0,buy,0x08d32b0da63e2c3bcf8019c9c5d849d7a9d791e6,0x650eececcd3dabca017458cdd860b961dfae0b4626d318a18119d82ba1edbe40
257,425,0.027625,0x7e9ce501d342611ca4692399a2475910f2069af5,2017-10-05T20:07:35.000Z,0.000065,0x1060b59c3c1a3ececde2aada80ec71459a6f3ed5,sell,0x08d32b0da63e2c3bcf8019c9c5d849d7a9d791e6,0xa390f02dec3ad31ec6a518df84f711a91a9506e8c0c5242283c3a8309602f603
258,236369,0.072328914,0xb859a03b8dc2f3cbfc65b41eea76499b839211b2,2017-10-05T16:37:14.000Z,0.000000306,0xaa85b24ac88a0a235f1977821194adce1cda9144,sell,0x08d32b0da63e2c3bcf8019c9c5d849d7a9d791e6,0xdb7be24b7950f726d2aba55d6e79e8f3fe94b75ab1583a3a2a720f4559c58c60
259,197368,0.07499999998,0x0ffffa6ce80eee2139e8b4c76a5a210dff49a48c,2017-10-05T12:12:50.000Z,0.00000038000081056706,0x0cc60d479744fbc81f472c6dfb5203cc5ab51956,buy,0x08d32b0da63e2c3bcf8019c9c5d849d7a9d791e6,0x62a89b2708430b618e740205689e2bd4c30269c0d88084c2c668c9756e499cd5
260,134448,0.04840128,0x1060b59c3c1a3ececde2aada80ec71459a6f3ed5,2017-10-05T05:42:28.000Z,0.00000036,0xa4041c2c155f143c8cbd22289b3f20fec2c155e0,sell,0x08d32b0da63e2c3bcf8019c9c5d849d7a9d791e6,0x3ab7ab6063b1e7a4069b11c1994df18dd9178a02d652d9ed9bc0ab001d099d66
261,20512,0.00800000019,0x66e510605e6559e93f7f78643123eb9d514fdbd6,2017-10-05T00:51:31.000Z,0.00000039001560988689,0x0cc60d479744fbc81f472c6dfb5203cc5ab51956,buy,0x08d32b0da63e2c3bcf8019c9c5d849d7a9d791e6,0xcbd43f5e86a808a151ef033ea40e0d3553676349256cd70302e9fbc6d35fac3b
262,376192,0.13542912,0x1060b59c3c1a3ececde2aada80ec71459a6f3ed5,2017-10-04T21:18:19.000Z,0.00000036,0x0cc60d479744fbc81f472c6dfb5203cc5ab51956,sell,0x08d32b0da63e2c3bcf8019c9c5d849d7a9d791e6,0x19b1ff58a09b32d683868ec9b81ca08684e4d6371e01224f86bf94be43803f24
263,852839,0.31555043,0x5f246470e3103948fa2b04d1c237b799c0d09fbe,2017-10-04T21:15:40.000Z,0.00000037,0x0cc60d479744fbc81f472c6dfb5203cc5ab51956,sell,0x08d32b0da63e2c3bcf8019c9c5d849d7a9d791e6,0xad310365caf49fa60702079969ec62b3ce80cdba01efd6cec109efce820b44a0
264,1146342,0.41268312,0x5f246470e3103948fa2b04d1c237b799c0d09fbe,2017-10-04T20:18:02.000Z,0.00000036,0x0cc60d479744fbc81f472c6dfb5203cc5ab51956,sell,0x08d32b0da63e2c3bcf8019c9c5d849d7a9d791e6,0xfa55ce52d196e90a8d8a4c1736a12eec61dada59e2b8612aeb70bb916b0b8cfb
265,1068019,0.38448684,0x1060b59c3c1a3ececde2aada80ec71459a6f3ed5,2017-10-04T18:27:48.000Z,0.00000036,0x0cc60d479744fbc81f472c6dfb5203cc5ab51956,sell,0x08d32b0da63e2c3bcf8019c9c5d849d7a9d791e6,0xc015d15f06f6c0483030d0a5e898b61269aa6976efaf8ee36cd75d5d921db1df
266,2581748,0.94233802,0x1060b59c3c1a3ececde2aada80ec71459a6f3ed5,2017-10-04T12:12:22.000Z,0.000000365,0x880ef5b46cf7b039273259683d5fac258209b2cb,sell,0x08d32b0da63e2c3bcf8019c9c5d849d7a9d791e6,0x237cdf3390429c7cd0e112ddb23745d61bacbde80fe9706520d43659162cb3f3
267,4984,0.00184408,0xe8d06cb608f6725c9a56c661cef34419bf1ee8ec,2017-10-04T10:58:53.000Z,0.00000037,0x0f2fe0ff5994459742d1587958084259ed5e9d46,sell,0x08d32b0da63e2c3bcf8019c9c5d849d7a9d791e6,0xc4c05463a176341a4325ffe732bb185dd456369eb575bee0f830727cc5b5ae1c
268,996911,0.363872515,0x1060b59c3c1a3ececde2aada80ec71459a6f3ed5,2017-10-04T04:21:23.000Z,0.000000365,0xa4041c2c155f143c8cbd22289b3f20fec2c155e0,sell,0x08d32b0da63e2c3bcf8019c9c5d849d7a9d791e6,0xd6b82ab324a3e208b14aa056122c215a650f6f7ac15e9b2c7f89389eafb813b3
269,1000000,0.42,0xbe7e74a655a8aba90b6081e7db5d9fde82705710,2017-10-04T01:48:57.000Z,0.00000042,0x0845ad270268891eb78c056035d6ecd6b06c2ed4,sell,0x08d32b0da63e2c3bcf8019c9c5d849d7a9d791e6,0x5a0aba3e18e3f18705bb0bb295bc5382d221c1a71862615a9459cccf851d3d1f
270,1500000,0.6285,0xdf6453a8256d0397c5757fada7d6711a728e9f41,2017-10-03T23:54:17.000Z,0.000000419,0x1060b59c3c1a3ececde2aada80ec71459a6f3ed5,buy,0x08d32b0da63e2c3bcf8019c9c5d849d7a9d791e6,0x489289332ce4e53c06e7bf459a7efc142d1c7ac7cc59e362f50744e6c1672c19
271,500000,0.2095,0xa4a427e29022187fc470d001423cbbf9084b4a3f,2017-10-03T21:25:46.000Z,0.000000419,0x1060b59c3c1a3ececde2aada80ec71459a6f3ed5,buy,0x08d32b0da63e2c3bcf8019c9c5d849d7a9d791e6,0xcaaf1e30a921541e4670326424b4c95ee3512e5fee647d2e15fc62033fa27693
272,185730,0.07429224663555402,0x5ae19b3b14810b49126ea3fd40248b412f806eeb,2017-10-03T20:41:21.000Z,0.00000040000132792523,0xa4041c2c155f143c8cbd22289b3f20fec2c155e0,buy,0x08d32b0da63e2c3bcf8019c9c5d849d7a9d791e6,0x64a4334f18e7bd96b138eb551c4d3f69376a728a10fdaacd592a9a01e80ef1f6
273,79,0.000031902741794848,0x5ae19b3b14810b49126ea3fd40248b412f806eeb,2017-10-03T18:35:57.000Z,0.00000040383217461832,0xa4041c2c155f143c8cbd22289b3f20fec2c155e0,buy,0x08d32b0da63e2c3bcf8019c9c5d849d7a9d791e6,0x594dc87b138d53bebb23808763676257588588775c3119dc4deeb41958630285
274,3884,0.001553850622651128,0x1575e2b9522f808677727f2076edf2409a96afbf,2017-10-03T17:22:36.000Z,0.00000040006452694416,0xa4041c2c155f143c8cbd22289b3f20fec2c155e0,buy,0x08d32b0da63e2c3bcf8019c9c5d849d7a9d791e6,0xe6dfab52387ddb836ddafb8b4afa0de4f918f9e6c809334ba47f2a3b702475f7
275,38996,0.0136486,0x06c8376e49cab859dfe9bab99acf54dc6cb54dfd,2017-10-03T07:59:23.000Z,0.00000035,0xa4041c2c155f143c8cbd22289b3f20fec2c155e0,sell,0x08d32b0da63e2c3bcf8019c9c5d849d7a9d791e6,0x4d2aecfda14e68c91f63498518a9b6cf8cbec13c138bd6fc27ad6e0e1bb2257d
276,15294,0.00550584,0x3baf90f8ef27f0cca2c1e0c8a9252af167213fd8,2017-10-03T07:53:21.000Z,0.00000036,0xa4041c2c155f143c8cbd22289b3f20fec2c155e0,sell,0x08d32b0da63e2c3bcf8019c9c5d849d7a9d791e6,0x6ce83762c266107897dfd6f7c0090c74bf02aad24879fe2bf22a9a020bf650cd
277,50000,0.018,0x21c8353710cdc939d2fda0845731847b9581371d,2017-10-03T07:51:28.000Z,0.00000036,0xa4041c2c155f143c8cbd22289b3f20fec2c155e0,sell,0x08d32b0da63e2c3bcf8019c9c5d849d7a9d791e6,0x96cf241365e0f03cd979c23665f70c3a54aefb382e31dc5c9015ace25897cbef
278,50000,0.018,0x21c8353710cdc939d2fda0845731847b9581371d,2017-10-03T07:47:49.000Z,0.00000036,0xa4041c2c155f143c8cbd22289b3f20fec2c155e0,sell,0x08d32b0da63e2c3bcf8019c9c5d849d7a9d791e6,0x791bdf8390e745db0d245d576bebfb135e6f6fa29ab502ee2ffe1c2a506ce10d
279,50000,0.018,0x21c8353710cdc939d2fda0845731847b9581371d,2017-10-03T07:46:41.000Z,0.00000036,0xa4041c2c155f143c8cbd22289b3f20fec2c155e0,sell,0x08d32b0da63e2c3bcf8019c9c5d849d7a9d791e6,0x09edaee453695328730a25dd6d0e08d8f6f7c1633d58de4db985357ee2b294ec
280,1351350,0.4999995,0xa36a24233168cca326767224ad7e7006a5cb6bb7,2017-10-03T07:44:25.000Z,0.00000037,0xa4041c2c155f143c8cbd22289b3f20fec2c155e0,sell,0x08d32b0da63e2c3bcf8019c9c5d849d7a9d791e6,0xbdc95a8bf7cac76f96130f00d26a1c74dae116928a747c900e908543060911e0
281,984706,0.35449416,0x3baf90f8ef27f0cca2c1e0c8a9252af167213fd8,2017-10-03T07:03:12.000Z,0.00000036,0x0cc60d479744fbc81f472c6dfb5203cc5ab51956,sell,0x08d32b0da63e2c3bcf8019c9c5d849d7a9d791e6,0xd787f3240f6ec3423a3b9f15b13bbdf93b27e0866f5929d584e4f043466b9c9b
282,727310,0.3200164029441142,0x5ae19b3b14810b49126ea3fd40248b412f806eeb,2017-10-02T20:14:04.000Z,0.00000044000000404794,0x1060b59c3c1a3ececde2aada80ec71459a6f3ed5,buy,0x08d32b0da63e2c3bcf8019c9c5d849d7a9d791e6,0xc9c86cc5f7ea78057b5cad2aabe5394138cf40d0fd447bcf7fb0405111a5df11
283,2200000,0.968,0x65919f4824cf41db56c2b4acb6a29b19aaf600a5,2017-10-02T17:51:37.000Z,0.00000044,0x1060b59c3c1a3ececde2aada80ec71459a6f3ed5,buy,0x08d32b0da63e2c3bcf8019c9c5d849d7a9d791e6,0x73da25396e9916ea1dd7768bfa3fb5b83a21607fb1f7fe7087879c56ae8b70a9
284,192131,0.0845379324095447,0x5ae19b3b14810b49126ea3fd40248b412f806eeb,2017-10-02T17:29:05.000Z,0.00000044000152192797,0x1060b59c3c1a3ececde2aada80ec71459a6f3ed5,buy,0x08d32b0da63e2c3bcf8019c9c5d849d7a9d791e6,0xfb8613146dc52ab5681060440d9f9b50cedc00c24641c88c0d7dc959dd19e596
285,4500000,2.0205,0x65919f4824cf41db56c2b4acb6a29b19aaf600a5,2017-10-02T11:34:21.000Z,0.000000449,0x1060b59c3c1a3ececde2aada80ec71459a6f3ed5,buy,0x08d32b0da63e2c3bcf8019c9c5d849d7a9d791e6,0xcb0990fbadb4f3a67376b18d88a282a6d685504b115d26f3e8a1453b8fa999d0
286,2492272,0.87232012272,0xba731793fe7ff79f04b01bfdcdca930684d005a8,2017-10-02T10:48:54.000Z,0.00000035001,0x46dc6b56513ae75026900e7fd27aaf835cd0163a,sell,0x08d32b0da63e2c3bcf8019c9c5d849d7a9d791e6,0x4de368ba1aeba58316a52db1413cf430ccd7d6feaf3b4b7d28044c6b8c10a618
287,10000,0.0045,0x06c8376e49cab859dfe9bab99acf54dc6cb54dfd,2017-10-02T09:42:23.000Z,0.00000045,0x0845ad270268891eb78c056035d6ecd6b06c2ed4,buy,0x08d32b0da63e2c3bcf8019c9c5d849d7a9d791e6,0xe79b15ddae743db4acc1f6f458a64dec4b9e4be83541298f384f0ff738cfafa7
288,1177777,0.5300000001,0x1575e2b9522f808677727f2076edf2409a96afbf,2017-10-02T05:22:04.000Z,0.00000045000029725491,0x0845ad270268891eb78c056035d6ecd6b06c2ed4,buy,0x08d32b0da63e2c3bcf8019c9c5d849d7a9d791e6,0x340b9c91ff2e2a155794633ab69f9daba30bac67bf9896effccc70086fa7ba66
289,200000,0.09,0x73a2bd158e30741f4c402c1a1a2ec0440647ffb3,2017-10-02T04:18:59.000Z,0.00000045,0x0845ad270268891eb78c056035d6ecd6b06c2ed4,buy,0x08d32b0da63e2c3bcf8019c9c5d849d7a9d791e6,0xdfff09d0e6cc3a2f6c422a3a8811885eeb56ec2aac3ebab6befb5e03c6d8463d
290,1,0.00000045,0x0249924245a19aa2d7f5ddb0739a7132b7d094ab,2017-10-02T01:53:04.000Z,0.00000045,0x0845ad270268891eb78c056035d6ecd6b06c2ed4,buy,0x08d32b0da63e2c3bcf8019c9c5d849d7a9d791e6,0xf380bbcce0c78c9cd72cfae33397b3e502d507316dc5ba5ef9df9421d2ffaf2d
291,500000,0.225,0x2a37aa5e418efbecb227f33ba02e8cd5f79e9c69,2017-10-02T01:09:18.000Z,0.00000045,0x6ef3672ba69e125f0e0337407ccfdce8ddbda7d1,buy,0x08d32b0da63e2c3bcf8019c9c5d849d7a9d791e6,0x02435128e001f1f6977edf72ddcf8ee1f652522339f9065a0764302d7867982f
292,19069516,8.00919672,0x66e56be69fdbe88fb1bb3b0d6264638bfc4887bc,2017-10-02T00:39:06.000Z,0.00000042,0x1060b59c3c1a3ececde2aada80ec71459a6f3ed5,sell,0x08d32b0da63e2c3bcf8019c9c5d849d7a9d791e6,0x4aa987cf1ca28f1972120a951d7e4893b19958ca35663466a598998c43d917f6
293,6334846,2.66063532,0x66e56be69fdbe88fb1bb3b0d6264638bfc4887bc,2017-10-02T00:36:25.000Z,0.00000042,0x1060b59c3c1a3ececde2aada80ec71459a6f3ed5,sell,0x08d32b0da63e2c3bcf8019c9c5d849d7a9d791e6,0x727fe3b6ea8c0d6d04dc3a34de7f27063159077a388f126fd17bbe95add6ab72
294,8286336,3.48026112,0x66e56be69fdbe88fb1bb3b0d6264638bfc4887bc,2017-10-02T00:22:41.000Z,0.00000042,0x5ef52c9f4066693a5c3145715f427f1aefe35c41,sell,0x08d32b0da63e2c3bcf8019c9c5d849d7a9d791e6,0x73da50cd96f5c9f1402e4fc8a2ad2bdf1288cdba9f30b8aa1c1695f5db952f54
295,44836640,18.8313888,0x66e56be69fdbe88fb1bb3b0d6264638bfc4887bc,2017-10-02T00:18:26.000Z,0.00000042,0x1060b59c3c1a3ececde2aada80ec71459a6f3ed5,sell,0x08d32b0da63e2c3bcf8019c9c5d849d7a9d791e6,0x30067200397c1811e52ecbe7b9f524247486a8d73d0aff26a8d9ca820e490f2f
296,6330375,2.6587575,0x66e56be69fdbe88fb1bb3b0d6264638bfc4887bc,2017-10-02T00:11:20.000Z,0.00000042,0x1060b59c3c1a3ececde2aada80ec71459a6f3ed5,sell,0x08d32b0da63e2c3bcf8019c9c5d849d7a9d791e6,0x98b9a490dca5f252f3f45f065ae3bd9e8fa9b67d0d003629d4ae3fc1f7e025ea
297,7730644,3.24687048,0x66e56be69fdbe88fb1bb3b0d6264638bfc4887bc,2017-10-01T23:53:38.000Z,0.00000042,0x5ef52c9f4066693a5c3145715f427f1aefe35c41,sell,0x08d32b0da63e2c3bcf8019c9c5d849d7a9d791e6,0xba33a07d5dc5891985ab9bf5ed9c26c9752c5149cca670fc485d344fc63b93b0
298,618785,0.2598897,0x66e56be69fdbe88fb1bb3b0d6264638bfc4887bc,2017-10-01T22:34:44.000Z,0.00000042,0x0cc60d479744fbc81f472c6dfb5203cc5ab51956,sell,0x08d32b0da63e2c3bcf8019c9c5d849d7a9d791e6,0x616eaf792adee8f5c1f746958509ce41013f37581af49d7e899dd2a3e3e423d5
299,599959,0.199786347,0x09a99a4e50720d60cd6fd1f6519bc1b94e0d526b,2017-10-01T14:09:10.000Z,0.000000333,0x3dee4a4e076e8d82859d241db0baf46f112cfa23,sell,0x08d32b0da63e2c3bcf8019c9c5d849d7a9d791e6,0x12f399b4d2afa46728f85cb349de457a46573d928133b5c3796eeee13cc32a72
300,41,0.000013653,0x09a99a4e50720d60cd6fd1f6519bc1b94e0d526b,2017-10-01T14:07:11.000Z,0.000000333,0x65919f4824cf41db56c2b4acb6a29b19aaf600a5,sell,0x08d32b0da63e2c3bcf8019c9c5d849d7a9d791e6,0xebf781623ad7937ff57dd98e437b4567d09833c9075bf8b1dbfd432eaec809e0
301,418378,0.139738252,0x3dee4a4e076e8d82859d241db0baf46f112cfa23,2017-10-01T14:06:06.000Z,0.000000334,0x65919f4824cf41db56c2b4acb6a29b19aaf600a5,sell,0x08d32b0da63e2c3bcf8019c9c5d849d7a9d791e6,0xa0180303f9178ecab599e6a07e262867cb9281c557e5a7f04312c40cadeeb72a
302,10000,0.004,0x1575e2b9522f808677727f2076edf2409a96afbf,2017-10-01T14:02:10.000Z,0.0000004,0x65919f4824cf41db56c2b4acb6a29b19aaf600a5,sell,0x08d32b0da63e2c3bcf8019c9c5d849d7a9d791e6,0xe7cdd223b86ca1f8b42e10ea6421da75bd0c8f2dee74ce78d64763c0fb5746c2
303,1500000,0.6795,0x3dee4a4e076e8d82859d241db0baf46f112cfa23,2017-10-01T13:59:36.000Z,0.000000453,0x65919f4824cf41db56c2b4acb6a29b19aaf600a5,sell,0x08d32b0da63e2c3bcf8019c9c5d849d7a9d791e6,0x872c921027dfda6c84725801a95edec3a638d12d13e25e8171571d3e345517af
304,200000,0.0908,0x34b62809df67ca50355e34c62035f0f349e001c7,2017-10-01T13:59:30.000Z,0.000000454,0x65919f4824cf41db56c2b4acb6a29b19aaf600a5,sell,0x08d32b0da63e2c3bcf8019c9c5d849d7a9d791e6,0x7600212009c92ab3650ca5a047b2f88959acc3ef345e5401ec7ceaf0b40c1e21
305,50000,0.02625,0x81a908a61ba7a0ca929b86736468ac95c2c1323c,2017-10-01T13:59:17.000Z,0.000000525,0x65919f4824cf41db56c2b4acb6a29b19aaf600a5,sell,0x08d32b0da63e2c3bcf8019c9c5d849d7a9d791e6,0xaadb98da8f024fb0e1767f02f6cceec36606877bc5c8f4b20e7ba89dd0860ad7
306,15000,0.00825,0x10238512aef4225c3f351255ba072984ac97b1fd,2017-10-01T13:59:01.000Z,0.00000055,0x65919f4824cf41db56c2b4acb6a29b19aaf600a5,sell,0x08d32b0da63e2c3bcf8019c9c5d849d7a9d791e6,0xd9434bad1700d147b76b7f97abe60402f50edb26dfb026b8e3c8706114b1cc21
307,6000,0.005868,0x3ee0a5d5a0bd2619be64ac5ecd9467339a8aaf7a,2017-10-01T09:29:41.000Z,0.000000978,0x7bda9f73556103e64dde7cbc84336fe01900f069,buy,0x08d32b0da63e2c3bcf8019c9c5d849d7a9d791e6,0xca814ad0359d8b6e89f806c0b0975a867f0b12ac67bf8cb58312aaaa777d5004
308,20422,0.019972980642894784,0x1579c988f8c718e170406a057ac44bf7a61feda7,2017-10-01T09:24:15.000Z,0.00000097801295871583,0x7bda9f73556103e64dde7cbc84336fe01900f069,buy,0x08d32b0da63e2c3bcf8019c9c5d849d7a9d791e6,0x47a63cc3d824e7e1bc21d1388cd7436551079d75ad6d19f5e22f0f1102e16e5b
309,2000000,0.906,0x3dee4a4e076e8d82859d241db0baf46f112cfa23,2017-10-01T09:21:26.000Z,0.000000453,0x3ee0a5d5a0bd2619be64ac5ecd9467339a8aaf7a,sell,0x08d32b0da63e2c3bcf8019c9c5d849d7a9d791e6,0x6d95ea8285e2c139ee63651ad9770e301118a1280501410cd9a514f91b6b0162
310,99998,0.07699846,0x1579c988f8c718e170406a057ac44bf7a61feda7,2017-10-01T06:55:28.000Z,0.00000077,0xf732b16f5aee6cd2db5b30a7a3860764a48b19ff,buy,0x08d32b0da63e2c3bcf8019c9c5d849d7a9d791e6,0xde60c9e0e18c32bbfff858c4ab1cdc5e8f3525916a22a0ecdc7baa6279f25aa2
311,129603,0.058580556,0x4f95587007ddfec638a458c1331bb6c0563eff6c,2017-09-30T14:12:00.000Z,0.000000452,0xd683c748ab173af4d82a4609e17ddcd8a6f8de35,sell,0x08d32b0da63e2c3bcf8019c9c5d849d7a9d791e6,0x19b4d324e635b63c9c551b8edab6790058eda2424ac8b8c00f4d2254397f8b6f
312,242800,0.1214,0x4f95587007ddfec638a458c1331bb6c0563eff6c,2017-09-30T13:57:24.000Z,0.0000005,0xd683c748ab173af4d82a4609e17ddcd8a6f8de35,sell,0x08d32b0da63e2c3bcf8019c9c5d849d7a9d791e6,0xaba1e70732ce805c6beda17c4d7d4bafc34ddb80aa9c52b0f0216566819dbbd4
313,325500,0.1793505,0x9cdc370013229bf5ac914f78681d8479ab79c5a9,2017-09-30T13:48:54.000Z,0.000000551,0xd683c748ab173af4d82a4609e17ddcd8a6f8de35,sell,0x08d32b0da63e2c3bcf8019c9c5d849d7a9d791e6,0x853f47d9013655e45f88a4fd24ce18b5e41bbb555eed26b1bd96eec47283a6a9
314,100000,0.075,0x5d489b1402793f6f897e19c718909e815c8d0375,2017-09-30T07:28:26.000Z,0.00000075,0x248f61f97c436a62f6756dd52128eb5e32426049,sell,0x08d32b0da63e2c3bcf8019c9c5d849d7a9d791e6,0x135b51b4405bb8196a0e86f3e3ee782e4b15480e05bbe210e29a5c2d7313b18a
315,2000001,2.000001,0x3ee0a5d5a0bd2619be64ac5ecd9467339a8aaf7a,2017-09-30T00:59:49.000Z,0.000001,0xd683c748ab173af4d82a4609e17ddcd8a6f8de35,buy,0x08d32b0da63e2c3bcf8019c9c5d849d7a9d791e6,0x104329825abc9aa3cd1b7d975d2f65e8a699145ce69a9ac898e22999d184e85f
316,2000000,1.98,0x3ee0a5d5a0bd2619be64ac5ecd9467339a8aaf7a,2017-09-29T23:27:48.000Z,0.00000099,0xf7720e6ee82d214b444154e75b0eb7a8d9bfd37d,buy,0x08d32b0da63e2c3bcf8019c9c5d849d7a9d791e6,0x03dede97e70619ed67ebf65c3cd3287445518828fb424de14196683f77a1acc9
317,999999,0.724999999275,0x3ee0a5d5a0bd2619be64ac5ecd9467339a8aaf7a,2017-09-29T20:31:36.000Z,0.00000072500072427572,0xf7720e6ee82d214b444154e75b0eb7a8d9bfd37d,buy,0x08d32b0da63e2c3bcf8019c9c5d849d7a9d791e6,0x8f92860bed42c11731a707e0e005b4979b23e63ab5635e6039d81f408a7d9ee2
318,10000,0.01,0x10238512aef4225c3f351255ba072984ac97b1fd,2017-09-29T13:11:55.000Z,0.000001,0x4f95587007ddfec638a458c1331bb6c0563eff6c,sell,0x08d32b0da63e2c3bcf8019c9c5d849d7a9d791e6,0x0ece1d0a465629871789267881eafec5264c7876cfe4e1947a55d47c86f57c7a
319,2632000,2.00032,0x2a37aa5e418efbecb227f33ba02e8cd5f79e9c69,2017-09-29T11:56:36.000Z,0.00000076,0xac2bdff6c600af0d197d238121b20d2648549675,buy,0x08d32b0da63e2c3bcf8019c9c5d849d7a9d791e6,0x2010b548b3da34e2c0f1277d53aff412cb795f50ba3287fb7611108ce9a106fc
320,784431,0.5883234274802126,0x2a37aa5e418efbecb227f33ba02e8cd5f79e9c69,2017-09-29T11:49:25.000Z,0.00000075000022625344,0xf01bddaf7a9dc5f7382a9385aba23d546ee8f5ff,buy,0x08d32b0da63e2c3bcf8019c9c5d849d7a9d791e6,0x13a875c62e66096ed521f8cbdce5ade7c71e5ca6648934ba1af517ce7e9a7719
321,977776,0.7088876,0x2a37aa5e418efbecb227f33ba02e8cd5f79e9c69,2017-09-29T11:18:58.000Z,0.000000725,0x1ed3e17b4a36344b9f9a5dd0cee0d7e6f3fe8045,buy,0x08d32b0da63e2c3bcf8019c9c5d849d7a9d791e6,0xd080b7a79f61dbbcb4943f3aaaa86e73a08349a80e6e7c58d9de756fbd38af75
322,1363411,0.550818044,0x4f95587007ddfec638a458c1331bb6c0563eff6c,2017-09-29T02:46:52.000Z,0.000000404,0x9b7a8b471ad9a43e36d69ab971c7a03c6f5b5b41,sell,0x08d32b0da63e2c3bcf8019c9c5d849d7a9d791e6,0xb2da0280c93f6016dc349c2aa0039551e4ee5b45790896e7c81e17a9510ac5cd
323,697836,0.284019252,0x7bda9f73556103e64dde7cbc84336fe01900f069,2017-09-29T01:55:38.000Z,0.000000407,0x9b7a8b471ad9a43e36d69ab971c7a03c6f5b5b41,sell,0x08d32b0da63e2c3bcf8019c9c5d849d7a9d791e6,0xf192236c6f1efd076542dca7729d83f7393eed177c38d1795ced44fb8aca4a65
324,3568,0.002676572519787403,0x1579c988f8c718e170406a057ac44bf7a61feda7,2017-09-29T00:33:11.000Z,0.00000075016045958167,0xf01bddaf7a9dc5f7382a9385aba23d546ee8f5ff,buy,0x08d32b0da63e2c3bcf8019c9c5d849d7a9d791e6,0xd94b24a741a66a76d9fb777f515f0a5bb6d6f8d1e95620c66e3cdf396fd6639c
325,50000,0.0375,0xc7cd828fd452e460382dbc44d4f71c9b89b0f371,2017-09-28T22:31:27.000Z,0.00000075,0xf01bddaf7a9dc5f7382a9385aba23d546ee8f5ff,buy,0x08d32b0da63e2c3bcf8019c9c5d849d7a9d791e6,0xb2c516d0ee827b5974e1893016f7e8cbffc5e10744ba9263467a05d03fe6e970
326,1,0.000000997,0xa0be78d2bac6a692adba423c7af50ec86a18bddf,2017-09-28T05:17:15.000Z,0.000000997,0xda2370d11bc87c01b33c91240cf11fd18a972e68,buy,0x08d32b0da63e2c3bcf8019c9c5d849d7a9d791e6,0x414343399ccee44bda084a954165f981f3a6df697d8e6d62d344b714768e1c71
327,21932,0.008816664,0x75f157da5b8fe9cc61c40e8f9ba22d99cebc55d2,2017-09-27T17:55:07.000Z,0.000000402,0x11147e61c9cc786dff1d7b7e59833b06bf01d678,sell,0x08d32b0da63e2c3bcf8019c9c5d849d7a9d791e6,0x0390ff0cca3875500bb121edfd969f755c317582b84316f1d29605c79358f7eb
328,29907,0.029907287409032,0x128a87e803b569993075bb4f237c0f1f24bb7f5d,2017-09-27T12:03:17.000Z,0.00000100000961009235,0xf6fb7a4de4bf4bc746783abc63000b0148dac855,buy,0x08d32b0da63e2c3bcf8019c9c5d849d7a9d791e6,0x2740fcf59a83b5d81f5292a6e5144d58b3a6461d8cecbac5cce08f21be148517
329,5000,0.007925,0x3908ed8333e4ba274bed2b930c198fd4ff8f03c3,2017-09-27T08:35:43.000Z,0.000001585,0xe5f80b82b325740196728fdc27130ce20166cc43,buy,0x08d32b0da63e2c3bcf8019c9c5d849d7a9d791e6,0x56e18c0fa38e72583815035f6e4a3e0833b65bf2a2eac35d9d5de21e5f921923
330,6000,0.006,0xa0e8d87e5caf8424c86c8d95d99d6394dc04ad22,2017-09-27T08:27:53.000Z,0.000001,0x09a99a4e50720d60cd6fd1f6519bc1b94e0d526b,buy,0x08d32b0da63e2c3bcf8019c9c5d849d7a9d791e6,0xc5e3c113467d12505049ad1e1b41a3d80aa2770846ea6f857718d29e55ae7350
331,494000,0.494,0x37d68ee0e964d991376687415d1d90acbf50fcb3,2017-09-27T06:54:35.000Z,0.000001,0x09a99a4e50720d60cd6fd1f6519bc1b94e0d526b,buy,0x08d32b0da63e2c3bcf8019c9c5d849d7a9d791e6,0x867888a7299e35d74ba7b632b7019d68fe7c13d42d60e147b10168c7544bd4bb
332,393220,0.392826914865,0x37d68ee0e964d991376687415d1d90acbf50fcb3,2017-09-27T06:04:55.000Z,0.00000099900034297594,0x7bda9f73556103e64dde7cbc84336fe01900f069,buy,0x08d32b0da63e2c3bcf8019c9c5d849d7a9d791e6,0x72b6163796b1a9388662685c766c77a55add444783b4487d6e681a7dd67923a3
333,106779,0.10667308487816335,0x9cdc370013229bf5ac914f78681d8479ab79c5a9,2017-09-27T03:28:51.000Z,0.00000099900809033764,0x7bda9f73556103e64dde7cbc84336fe01900f069,buy,0x08d32b0da63e2c3bcf8019c9c5d849d7a9d791e6,0x0ade16ceae504df78b3e9f37c365458879983a443c5ee8402dd04cacaca2130c
334,50000,0.07995,0xe58ea8a73b6d7386fbb397d155b3e979d3c65187,2017-09-26T06:06:07.000Z,0.000001599,0x5ae19b3b14810b49126ea3fd40248b412f806eeb,buy,0x08d32b0da63e2c3bcf8019c9c5d849d7a9d791e6,0x9789fd64c6aa15f02c679be5ff3da2334063c6a1e10460e37ef39456f2684ca4
335,246123,0.031011498,0xda2370d11bc87c01b33c91240cf11fd18a972e68,2017-09-26T04:51:09.000Z,0.000000126,0x3885c5f00744d4d665e0de5d306c68935a9369e2,sell,0x08d32b0da63e2c3bcf8019c9c5d849d7a9d791e6,0xb1eb58ab549b81eaede0182057c0fcd923f4dfddb0eb552958190746a43bdae4
336,580301,0.036558963,0xe5f80b82b325740196728fdc27130ce20166cc43,2017-09-26T01:38:26.000Z,0.000000063,0x0b26c31d9d2683ee211a56ff9d5db5e35bba7776,sell,0x08d32b0da63e2c3bcf8019c9c5d849d7a9d791e6,0xe91c7f1d0202018d5ccdac5f92d018eb69d08951b4338591ae851bcf8c5363f0
337,38000000,4.75,0x4ab5bfddafbd1507707415be517699d09fd16158,2017-09-26T01:36:34.000Z,0.000000125,0x0b26c31d9d2683ee211a56ff9d5db5e35bba7776,sell,0x08d32b0da63e2c3bcf8019c9c5d849d7a9d791e6,0x2ff4b33a8e0632e48369e10a8d56966089c95b7b202ed5cfc58ea36a1b703266
338,300000,0.0999,0x09a99a4e50720d60cd6fd1f6519bc1b94e0d526b,2017-09-26T01:36:05.000Z,0.000000333,0x0b26c31d9d2683ee211a56ff9d5db5e35bba7776,sell,0x08d32b0da63e2c3bcf8019c9c5d849d7a9d791e6,0xfd68f32bd55009766184e5ebcb3fb46789448cc929ab0fe6d947162bc075e7be
339,1000000,0.4,0x3baf90f8ef27f0cca2c1e0c8a9252af167213fd8,2017-09-26T01:35:07.000Z,0.0000004,0x0b26c31d9d2683ee211a56ff9d5db5e35bba7776,sell,0x08d32b0da63e2c3bcf8019c9c5d849d7a9d791e6,0xb040707b27fccd19543a4567dffc547afe92804d78e1fb5816a36dc9f5fce247
340,100000,0.18,0x9e9108a4d37d8021421b6386bdc95ed1c2f0eae5,2017-09-26T00:18:49.000Z,0.0000018,0xdab937f88b94822dfc3eec797f70e7f121a56c46,buy,0x08d32b0da63e2c3bcf8019c9c5d849d7a9d791e6,0x8b6ce6569e379f74694ad388d4551c0651812845bff66e79c6bed5b429674dd2
341,387288,0.7745760633250399,0x7fafb5b56c4602617add0d6a95c52ea70bf670c4,2017-09-26T00:15:42.000Z,0.00000200000016350891,0x5ae19b3b14810b49126ea3fd40248b412f806eeb,buy,0x08d32b0da63e2c3bcf8019c9c5d849d7a9d791e6,0x214dab2011fb760b9d075f5d336212a84ea97384472cbfa114002f0f929b8869
342,489629,0.660999995,0x7fafb5b56c4602617add0d6a95c52ea70bf670c4,2017-09-26T00:14:43.000Z,0.00000135000172579647,0x5ae19b3b14810b49126ea3fd40248b412f806eeb,buy,0x08d32b0da63e2c3bcf8019c9c5d849d7a9d791e6,0x910cc42c724660c1820205656ab98e80f028d6c25f57f54e7e0f734c7c093494
343,891573,1.18579257,0x7fafb5b56c4602617add0d6a95c52ea70bf670c4,2017-09-26T00:14:24.000Z,0.00000133000053837431,0xda2370d11bc87c01b33c91240cf11fd18a972e68,buy,0x08d32b0da63e2c3bcf8019c9c5d849d7a9d791e6,0x8d17cec75c66a5a9f1ff61488efdcb6aff2bcb3d70f2a0ccc78b4f4e5d1c912f
344,1000000,0.799,0x7fafb5b56c4602617add0d6a95c52ea70bf670c4,2017-09-26T00:12:50.000Z,0.000000799,0xda2370d11bc87c01b33c91240cf11fd18a972e68,buy,0x08d32b0da63e2c3bcf8019c9c5d849d7a9d791e6,0x64b95c5e4347c40defef787b3082e442df2eda9e0989d62ce59e9c2922ec230b
345,1370314,0.9592198,0x7fafb5b56c4602617add0d6a95c52ea70bf670c4,2017-09-26T00:10:29.000Z,0.0000007,0xe0b1429a80e34ae3dc29b1c75403020543a8620e,buy,0x08d32b0da63e2c3bcf8019c9c5d849d7a9d791e6,0x08fe1c0d9db32687897afbf92eebdf150a1f28a3248675fb11be56bdf80133d0
346,615636,0.4309452,0x65919f4824cf41db56c2b4acb6a29b19aaf600a5,2017-09-25T23:21:52.000Z,0.0000007,0xe0b1429a80e34ae3dc29b1c75403020543a8620e,buy,0x08d32b0da63e2c3bcf8019c9c5d849d7a9d791e6,0xeb5b4402f875dc244dd9cb32690f32baf1a73314c213aec1a95426cebec7cabf
347,100,0.00005,0xf6fb7a4de4bf4bc746783abc63000b0148dac855,2017-09-25T21:08:44.000Z,0.0000005,0x44e81551ff896c49401866311c6c89faefa9198b,sell,0x08d32b0da63e2c3bcf8019c9c5d849d7a9d791e6,0x1c5f91895317dfa67499f5e1645e863a5e78b90c019dddb9b897c01c673430c8
348,996909,0.4984545,0xf6fb7a4de4bf4bc746783abc63000b0148dac855,2017-09-25T20:50:57.000Z,0.0000005,0x44e81551ff896c49401866311c6c89faefa9198b,sell,0x08d32b0da63e2c3bcf8019c9c5d849d7a9d791e6,0xd57f31694e4762b8179bf5a1983d1bedf3390330cd25e3081539979416f3b5ba
349,625,0.0005,0xc886b21b865e7c90432d9b8bdb14ad254f2232f5,2017-09-25T18:44:20.000Z,0.0000008,0xe0b1429a80e34ae3dc29b1c75403020543a8620e,buy,0x08d32b0da63e2c3bcf8019c9c5d849d7a9d791e6,0x10d8d066a74920d3d7320032a34b9248f022e97db1f7441830c59cb2642690e1
350,2250,0.0018,0x2aabd901349e260aac247ce983394fea94402594,2017-09-25T17:52:00.000Z,0.0000008,0xe0b1429a80e34ae3dc29b1c75403020543a8620e,buy,0x08d32b0da63e2c3bcf8019c9c5d849d7a9d791e6,0xaa0a4dd060a74721eae5ae2e87ee020007bc9c72e18f5ca01d81f385bcc4c804
351,625,0.0005,0x23ee598e50ff1b1bde1022bf3c8a41d4c23321a0,2017-09-25T17:08:37.000Z,0.0000008,0xe0b1429a80e34ae3dc29b1c75403020543a8620e,buy,0x08d32b0da63e2c3bcf8019c9c5d849d7a9d791e6,0xbc4b44dd2c7b8f59f009d43db1b7129b7de161454f47cf66d9f5aaa4a5c1e21a
352,625,0.0005,0xe37bd4d49c619e748d4efe74525489d26b6aff43,2017-09-25T16:24:36.000Z,0.0000008,0xe0b1429a80e34ae3dc29b1c75403020543a8620e,buy,0x08d32b0da63e2c3bcf8019c9c5d849d7a9d791e6,0xbc38669bfd57bdf10c41bc35e9920248ef8c862844ee78e94f2d914044de2a43
353,375,0.0005,0x23ee598e50ff1b1bde1022bf3c8a41d4c23321a0,2017-09-25T15:52:47.000Z,0.00000133333333333333,0xda2370d11bc87c01b33c91240cf11fd18a972e68,buy,0x08d32b0da63e2c3bcf8019c9c5d849d7a9d791e6,0xd2b81ba37a3fd8fc1670566a4f3844927ed8bb7f7a6db5d958fdebf97f95ef6f
354,375,0.0005,0x160506e5a5ce5dadd43623689f53d5aa1f288f0f,2017-09-25T14:44:33.000Z,0.00000133333333333333,0xda2370d11bc87c01b33c91240cf11fd18a972e68,buy,0x08d32b0da63e2c3bcf8019c9c5d849d7a9d791e6,0x63a658001dd8ab79e53ae44b8ff87fd9164d68974e9bf60ba6c585a6c15a6174
355,625,0.0005,0xe5a759eb3e214ff0a2bbbea31acc41c9bf27b239,2017-09-25T14:43:14.000Z,0.0000008,0xe0b1429a80e34ae3dc29b1c75403020543a8620e,buy,0x08d32b0da63e2c3bcf8019c9c5d849d7a9d791e6,0xb29ffd0c8396cf28cb8ceba83d4187a56940353564a39a1c4918b691db8939d5
356,9272,0.0064904,0x4454847b528907f6819a6696491370060a37e5d0,2017-09-25T11:52:10.000Z,0.0000007,0xe0b1429a80e34ae3dc29b1c75403020543a8620e,sell,0x08d32b0da63e2c3bcf8019c9c5d849d7a9d791e6,0xd9e2bf1523888d8fffbf50bc7ac51c8213d8a43e2a03f459f7f994b2c37c476e
357,2990728,2.0935096,0x4454847b528907f6819a6696491370060a37e5d0,2017-09-25T11:25:41.000Z,0.0000007,0xddd64e0278aef0494c694dcbbb5e45a293a25b5d,sell,0x08d32b0da63e2c3bcf8019c9c5d849d7a9d791e6,0x16181cdabb4abe6fe2402bf9aa6b02bef850c0699696dbef8ee701be3611c2aa
358,375,0.0005,0x452b06f1c61cff4c9bebaa405319a7c3b12553a2,2017-09-25T10:54:51.000Z,0.00000133333333333333,0xda2370d11bc87c01b33c91240cf11fd18a972e68,buy,0x08d32b0da63e2c3bcf8019c9c5d849d7a9d791e6,0xbcb8b0f139ecd7a1eb369f65485bbca108cc117c65734cef16692ac149653840
359,375,0.0005,0x03dd03643b71b06642179afb38211c0f45699bc5,2017-09-25T10:09:26.000Z,0.00000133333333333333,0xda2370d11bc87c01b33c91240cf11fd18a972e68,buy,0x08d32b0da63e2c3bcf8019c9c5d849d7a9d791e6,0x5fcd67e6b060de320b818b8e0f5e36feb7965b11f802e799d87993dfbae6fbd0
360,370,0.0005,0x452b06f1c61cff4c9bebaa405319a7c3b12553a2,2017-09-25T09:54:56.000Z,0.00000135135135135135,0x5ae19b3b14810b49126ea3fd40248b412f806eeb,buy,0x08d32b0da63e2c3bcf8019c9c5d849d7a9d791e6,0x9f02af06c0b97556586d3b4e2d65913a259f4cf3a4d9b3b22bcfe6afc2721f26
361,375,0.0005,0x23ee598e50ff1b1bde1022bf3c8a41d4c23321a0,2017-09-25T09:17:36.000Z,0.00000133333333333333,0xda2370d11bc87c01b33c91240cf11fd18a972e68,buy,0x08d32b0da63e2c3bcf8019c9c5d849d7a9d791e6,0x9818ce57d694827a9cb3d8ce6ba3a988a240841427f9b856ceaccc1e5569ba08
362,375,0.0005,0x8f28b1970e72adb11173044ebc762800e3128238,2017-09-25T08:43:17.000Z,0.00000133333333333333,0xda2370d11bc87c01b33c91240cf11fd18a972e68,buy,0x08d32b0da63e2c3bcf8019c9c5d849d7a9d791e6,0xbafe3b6c28ca4c164ed5cf0549cc556559b0e75446bd09499d4bad4221cbbfda
363,400,0.0005,0x10c12555236fa11fc988be565ab70c82a4660ecf,2017-09-25T08:23:04.000Z,0.00000125,0x4ab5bfddafbd1507707415be517699d09fd16158,buy,0x08d32b0da63e2c3bcf8019c9c5d849d7a9d791e6,0xf467ed14d746cb9b5bf5602949a4ee1b890e4dff0d88da3fe474d9a0a617526a
364,370,0.0005,0x7ed2114439b24152cf18c02c10cae681a7ca2adc,2017-09-25T08:00:51.000Z,0.00000135135135135135,0x5ae19b3b14810b49126ea3fd40248b412f806eeb,buy,0x08d32b0da63e2c3bcf8019c9c5d849d7a9d791e6,0x71167de9029ec3f3a2ea62a46f33b67ae3f6d62f494fbf59fd94f14032790152
365,370,0.0005,0xe5a759eb3e214ff0a2bbbea31acc41c9bf27b239,2017-09-25T07:56:54.000Z,0.00000135135135135135,0x5ae19b3b14810b49126ea3fd40248b412f806eeb,buy,0x08d32b0da63e2c3bcf8019c9c5d849d7a9d791e6,0xe0c49460fd65664986edb309516a78f61fa951c6374fb819507afe908eccdb1d
366,370,0.0005,0x160506e5a5ce5dadd43623689f53d5aa1f288f0f,2017-09-25T07:39:51.000Z,0.00000135135135135135,0x5ae19b3b14810b49126ea3fd40248b412f806eeb,buy,0x08d32b0da63e2c3bcf8019c9c5d849d7a9d791e6,0x985a06689a250a4cacce59ef307ecf14fab9dac274aae543d21bae7d96f5bcde
367,370,0.0005,0x03dd03643b71b06642179afb38211c0f45699bc5,2017-09-25T06:04:26.000Z,0.00000135135135135135,0x5ae19b3b14810b49126ea3fd40248b412f806eeb,buy,0x08d32b0da63e2c3bcf8019c9c5d849d7a9d791e6,0x60e713fa03078fe35f77a3c88c22deb1f4b76d7d1d81b580358093756f157abe
368,370,0.0005,0x10c12555236fa11fc988be565ab70c82a4660ecf,2017-09-25T05:24:12.000Z,0.00000135135135135135,0x5ae19b3b14810b49126ea3fd40248b412f806eeb,buy,0x08d32b0da63e2c3bcf8019c9c5d849d7a9d791e6,0x70a2e141a76468b97607811ea15cea4db4fbf479e87bb5338c60fcdef1d05cb9
369,370,0.0005,0x160506e5a5ce5dadd43623689f53d5aa1f288f0f,2017-09-25T04:09:35.000Z,0.00000135135135135135,0x5ae19b3b14810b49126ea3fd40248b412f806eeb,buy,0x08d32b0da63e2c3bcf8019c9c5d849d7a9d791e6,0xf87fdf1a90375ea99b98102bc3422081380d2210863b4e8a7a4074d6a919194c
370,370,0.0005,0xc22f5ab4f1591613a92b4d172cc7f4e4a5af58cd,2017-09-25T04:00:54.000Z,0.00000135135135135135,0x5ae19b3b14810b49126ea3fd40248b412f806eeb,buy,0x08d32b0da63e2c3bcf8019c9c5d849d7a9d791e6,0xcecb0045ffff85608e0f1691287e638f4d597d203e53200659979622fa7f4325
371,370,0.0005,0xc886b21b865e7c90432d9b8bdb14ad254f2232f5,2017-09-25T03:58:37.000Z,0.00000135135135135135,0x5ae19b3b14810b49126ea3fd40248b412f806eeb,buy,0x08d32b0da63e2c3bcf8019c9c5d849d7a9d791e6,0x71b4097d73220e201688c08cc2b4255b1c0ee277fc428e9d2c08ebfd8e1f7676
372,370,0.0005,0xe37bd4d49c619e748d4efe74525489d26b6aff43,2017-09-25T03:43:57.000Z,0.00000135135135135135,0x5ae19b3b14810b49126ea3fd40248b412f806eeb,buy,0x08d32b0da63e2c3bcf8019c9c5d849d7a9d791e6,0x4d9c5f728c624326f2c26183c4500a47245d3161aa822d90ce88be395268c417
373,370,0.0005,0x452b06f1c61cff4c9bebaa405319a7c3b12553a2,2017-09-25T03:41:33.000Z,0.00000135135135135135,0x5ae19b3b14810b49126ea3fd40248b412f806eeb,buy,0x08d32b0da63e2c3bcf8019c9c5d849d7a9d791e6,0x903571d09e2739b0fd6d7257d7c362799f283786a61ffe9f62ea6a1031d7a50f
374,370,0.0005,0x8612d2a48328bbf318b856ed0daaa4a7034383d0,2017-09-25T03:11:50.000Z,0.00000135135135135135,0x5ae19b3b14810b49126ea3fd40248b412f806eeb,buy,0x08d32b0da63e2c3bcf8019c9c5d849d7a9d791e6,0x00ab59ddece455a3133b29f0cfcfd037d10b7fe7656030553d9d06c3d506a004
375,370,0.0005,0x160506e5a5ce5dadd43623689f53d5aa1f288f0f,2017-09-25T02:27:11.000Z,0.00000135135135135135,0x5ae19b3b14810b49126ea3fd40248b412f806eeb,buy,0x08d32b0da63e2c3bcf8019c9c5d849d7a9d791e6,0xdb0730f2ef52e79abb14c3bb28ef5d113c830b40ec7ea5db171bf3bb1925f890
376,370,0.0005,0xc22f5ab4f1591613a92b4d172cc7f4e4a5af58cd,2017-09-25T01:50:52.000Z,0.00000135135135135135,0x5ae19b3b14810b49126ea3fd40248b412f806eeb,buy,0x08d32b0da63e2c3bcf8019c9c5d849d7a9d791e6,0x3eeecd2dda63b5328429372c343ad9d7a31917c8b6cd29e6d623125005f082fc
377,370,0.0005,0x452b06f1c61cff4c9bebaa405319a7c3b12553a2,2017-09-25T01:41:32.000Z,0.00000135135135135135,0x5ae19b3b14810b49126ea3fd40248b412f806eeb,buy,0x08d32b0da63e2c3bcf8019c9c5d849d7a9d791e6,0xccc46a23f05f43d878da7b36f6cae88a2295fd4e2e726b6bce0d8f4532985762
378,370,0.0005,0x8612d2a48328bbf318b856ed0daaa4a7034383d0,2017-09-25T01:12:22.000Z,0.00000135135135135135,0x5ae19b3b14810b49126ea3fd40248b412f806eeb,buy,0x08d32b0da63e2c3bcf8019c9c5d849d7a9d791e6,0xdd73c44e4837a703c6db76d825c70810aa01a248330e7762bccc0e9d773144fb
379,370,0.0005,0x7ed2114439b24152cf18c02c10cae681a7ca2adc,2017-09-25T01:05:01.000Z,0.00000135135135135135,0x5ae19b3b14810b49126ea3fd40248b412f806eeb,buy,0x08d32b0da63e2c3bcf8019c9c5d849d7a9d791e6,0x662a11e0f793c7216f429b2e099d976832fd5f17bcdf0ceec087e19c0f54f772
380,370,0.0005,0x03dd03643b71b06642179afb38211c0f45699bc5,2017-09-25T00:53:27.000Z,0.00000135135135135135,0x5ae19b3b14810b49126ea3fd40248b412f806eeb,buy,0x08d32b0da63e2c3bcf8019c9c5d849d7a9d791e6,0x4ca9b46eeda0096fe988883f2221c9bb3428dcf407649370322094c09b778992
381,370,0.0005,0x10c12555236fa11fc988be565ab70c82a4660ecf,2017-09-25T00:41:27.000Z,0.00000135135135135135,0x5ae19b3b14810b49126ea3fd40248b412f806eeb,buy,0x08d32b0da63e2c3bcf8019c9c5d849d7a9d791e6,0x62241dfa3503f656c04b4045df50bd0962394151564f15a68387fe853ec5bacc
382,370,0.0005,0x8f28b1970e72adb11173044ebc762800e3128238,2017-09-25T00:26:12.000Z,0.00000135135135135135,0x5ae19b3b14810b49126ea3fd40248b412f806eeb,buy,0x08d32b0da63e2c3bcf8019c9c5d849d7a9d791e6,0x2fb2a66a446599277133c5dc218f77d0361596144b32aeef4994016e973cd565
