,amount,amountBase,buyer,date,price,seller,side,tokenAddr,txHash
0,1.567398119122257,0.0005,0x3075f7f189912f4f425dd7021b9c396434197477,2017-11-02T16:02:16.000Z,0.000319,0x8d71cd37bc1c715f6d4e9b5d68aa17a8b42cac87,buy,0xd3c00772b24d997a812249ca637a921e81357701,0x9dba6cf797dcebb7dcf60ecfcc20e23dfbeac758711183ba7e24d2afb596d9b0
1,2368.707,0.4737414,0x63b54a1e9efca81f20dcdcf66d9679efbff52e51,2017-11-02T14:24:20.000Z,0.0002,0xd401b223b669b6807f744496f07225022db15337,sell,0xd3c00772b24d997a812249ca637a921e81357701,0x1c3aea8557e6935e516daaede9dbfafb9160cd23e97cfe878a9b3b16ade8a287
2,1500,0.3333,0x8d71cd37bc1c715f6d4e9b5d68aa17a8b42cac87,2017-11-02T14:24:18.000Z,0.0002222,0xd401b223b669b6807f744496f07225022db15337,sell,0xd3c00772b24d997a812249ca637a921e81357701,0x69b0c357f305cfc38ba21b4894690e213d64923d02f68b43eef868b9853812e4
3,1046.107,0.2429060454,0x50687aff84edbd13b4f03403ff8a677d20a8c04b,2017-11-02T14:23:04.000Z,0.0002322,0xd401b223b669b6807f744496f07225022db15337,sell,0xd3c00772b24d997a812249ca637a921e81357701,0x205cdb56cbc07463d2965bbe07414082fe08f11018eccb40dd3a2255e16578c9
4,453.89293191107566,0.10539393878975177,0x50687aff84edbd13b4f03403ff8a677d20a8c04b,2017-11-02T14:13:54.000Z,0.00023219999999999998,0xddf452f3237bb350cf534f7f8ecaa469c4763d00,sell,0xd3c00772b24d997a812249ca637a921e81357701,0xc39a51106c37ebeec14c86fdf66d1ce45c9f18d883e79302add1ee50862d4e92
5,14900,3.30929,0x6f3605744f547ac8d6494a64292b4e7e292a2ba2,2017-11-02T14:12:34.000Z,0.0002221,0xddf452f3237bb350cf534f7f8ecaa469c4763d00,sell,0xd3c00772b24d997a812249ca637a921e81357701,0xe2af6999e0a14c81066587a54573b917d4fa39a0a33f26d586e9d4bdcbcebeef
6,10,0.0032,0xdac59ec90895d084616b779f2dc305a137476a03,2017-11-02T13:31:54.000Z,0.00032,0x4d88bcf547e577f77cc371db302737f8df6c1e51,buy,0xd3c00772b24d997a812249ca637a921e81357701,0x42b4a0a226c48376a7b82e02a657c144e5586b7cebb43d765f4d9b9ed26e8ba1
7,1993.8191606021335,0.43864021533246933,0x47c965caead95d3f16c3b1e4bc7ac48e3702f5b3,2017-11-01T20:43:19.000Z,0.00021999999999999998,0x3ab9e5252a79123adcb3ee2f35ad64c3ea8c5bf3,sell,0xd3c00772b24d997a812249ca637a921e81357701,0x78d71109172c62af8183c8a79090ee967816a8ce1e0942ad92e5087902e94c06
8,120,0.03,0x284b79f9a7eb223bb218bc69544cf89a7140a780,2017-11-01T19:29:17.000Z,0.00025,0x6cac786adf18329afc3d74b71cbee49d64e97dba,sell,0xd3c00772b24d997a812249ca637a921e81357701,0x37d3b7618e4815ba17c9f31dbdcf6b3a5d432f4589343a4013d55ed15cca39ee
9,583.0588727811903,0.1690870731065452,0xfb3c71bdf0af0efa63a57fd6030c57f3cbc846e1,2017-11-01T19:27:46.000Z,0.00029,0x6cac786adf18329afc3d74b71cbee49d64e97dba,sell,0xd3c00772b24d997a812249ca637a921e81357701,0xbf312a31a169160e412d0951e89ba63cc2f5f31f2d8cd0726dc40215ee9431fa
10,1694.9667821281416,0.49154036681716107,0xfb3c71bdf0af0efa63a57fd6030c57f3cbc846e1,2017-11-01T16:20:37.000Z,0.00029,0x8d71cd37bc1c715f6d4e9b5d68aa17a8b42cac87,sell,0xd3c00772b24d997a812249ca637a921e81357701,0x0d4af270d4ad63cd6f714fd3b9a9cae9b1428da7ff162bb59dc3f3d36e364964
11,583.6586471936995,0.1225683159106769,0xddeccc80d6c93cea83be545ca79ef6c36b327347,2017-10-31T12:51:57.000Z,0.00020999999999999998,0x8db0a78550d2a61cee55b57bc70764b2932b4a27,sell,0xd3c00772b24d997a812249ca637a921e81357701,0x492e9fb79b571398d96984264b075926b55107036244fdc729d9aa5665aa8751
12,1700,0.46308153,0x8d71cd37bc1c715f6d4e9b5d68aa17a8b42cac87,2017-10-31T12:48:46.000Z,0.0002724009,0x8db0a78550d2a61cee55b57bc70764b2932b4a27,sell,0xd3c00772b24d997a812249ca637a921e81357701,0x9d8bade851855af6ec73ae72a259cbda0ec928541fbc09ac7e13c78f13b8f061
13,1000,0.275,0xf24d42930f969751dd64e89485134bd1c2e4ad7e,2017-10-31T12:47:01.000Z,0.000275,0x8db0a78550d2a61cee55b57bc70764b2932b4a27,sell,0xd3c00772b24d997a812249ca637a921e81357701,0x4e595d20a7e87d1c431be10f1a9f831ce351234cecdac605f88864ada7aa2de6
14,1998.337,0.551541012,0x1fdf047bf7a114b37e7936d01e9cad754ad18803,2017-10-31T12:46:56.000Z,0.000276,0x8db0a78550d2a61cee55b57bc70764b2932b4a27,sell,0xd3c00772b24d997a812249ca637a921e81357701,0x254561ee35d71440558af613c8c6bef9e398b7a82e0e6a77920074615ce6d720
15,700,0.1939,0x99090ee21f11ad4ad78ca611c9720ec812426e0d,2017-10-31T12:45:19.000Z,0.000277,0x8db0a78550d2a61cee55b57bc70764b2932b4a27,sell,0xd3c00772b24d997a812249ca637a921e81357701,0x5ea013ec646e033817e9d545182530c2126718efa62acad9c7f98352457d4904
16,1.6627901485668,0.000458930081004436,0x1fdf047bf7a114b37e7936d01e9cad754ad18803,2017-10-31T06:04:19.000Z,0.0002759999999999995,0xe444a40689f51f63bcd29910622035707d533d29,sell,0xd3c00772b24d997a812249ca637a921e81357701,0x08738eb3e44db2121e8c8dfb936fa2c5d27aba1a40e8d54dcb366c4419386991
17,3131.2929917256506,0.6262585983451301,0x63b54a1e9efca81f20dcdcf66d9679efbff52e51,2017-10-30T20:11:51.000Z,0.00019999999999999998,0x1a2e43ca1455161466902e395790138da8b6c315,sell,0xd3c00772b24d997a812249ca637a921e81357701,0x219a22c5214f43eceb79b14e049ff10be4091e8a7fc97edc0666454047ae902a
18,506.53614009902634,0.18995105253713487,0x91154148d0a1f58041526448857f5edd0d4331cd,2017-10-30T05:37:23.000Z,0.000375,0x9b0ff208b9904d7769d36527695e27805180d79f,buy,0xd3c00772b24d997a812249ca637a921e81357701,0x5b4482174d504e9d16af98ae0cbca5696d1ee31f63e0e5d6640a3b1260bcfa8d
19,11000,2.9964,0x6f3605744f547ac8d6494a64292b4e7e292a2ba2,2017-10-30T05:28:01.000Z,0.0002724,0x954c45ac02de2b6b1fc115c29cca00e7fd56dcd6,buy,0xd3c00772b24d997a812249ca637a921e81357701,0x0b2b625beb0c95ce1d46add72e23cdab26425d38b78f5625f999cc517e2ab523
20,1.5106654339233,0.00041150677486614,0xf36990a2cb4d609e0a7d4f3bf884c0342d81fd3d,2017-10-30T03:11:23.000Z,0.0002724009999999994,0x379374d13077e8867ef31803c37baf9785a17c00,sell,0xd3c00772b24d997a812249ca637a921e81357701,0x706bb6d64240cd0c93d8d826e2d1b7041564e47c138096d491087035c8b75b30
21,1.507422094165,0.00041062328587264,0xf36990a2cb4d609e0a7d4f3bf884c0342d81fd3d,2017-10-30T03:11:23.000Z,0.0002724009999999999,0x16e5d97bbc92417e051e3b2cabfbf8ceea2acb9c,sell,0xd3c00772b24d997a812249ca637a921e81357701,0xa86e9c9da2ddcded38e5a227519f466ca0c8fc21787d960edd680bf6e9d19fa4
22,0.10932115824256539,0.00002976815138945,0xb742b2e0489bfcb82e70d8a462434be7a93937d1,2017-10-29T21:04:05.000Z,0.0002722999999999949,0xae62c1ac0af16b82eb2e9f506fcca5c61faccc6d,sell,0xd3c00772b24d997a812249ca637a921e81357701,0x864320cf43555b0d59968189e62425b9d7248459b1b8ee736bbe206dc575ceed
23,1096.6005383311733,0.2851173462266972,0x24418ab1b19550b380652432eac1ab37bf3d0fa9,2017-10-29T21:01:15.000Z,0.00026000109999999997,0xae62c1ac0af16b82eb2e9f506fcca5c61faccc6d,sell,0xd3c00772b24d997a812249ca637a921e81357701,0xdda4bf190434b9f35d423ea207f217d57615b8e39fa4f6b0247b978d5569da26
24,2,0.0007692,0x0b773d7819259d78757b26dc4148812d35676d8f,2017-10-29T15:28:39.000Z,0.0003846,0xec6b91f7801a857b9d3a9475a1b9d563c1921503,buy,0xd3c00772b24d997a812249ca637a921e81357701,0xd31559d96b492be030f54966aeb6371cd48a9e5c35a12ea39c9b6b0bb8e409b7
25,2851.275450679078,1.0966005383311734,0x65b21d4fcd12ba86fcad7ea4beb8b85b8e1cf110,2017-10-29T15:23:44.000Z,0.0003846,0xec6b91f7801a857b9d3a9475a1b9d563c1921503,buy,0xd3c00772b24d997a812249ca637a921e81357701,0xd56baffca97e8d557a77cccf47054dfbc185e9868fbcf40ec13451f958cc4b13
26,2860,1.099956,0xcb2541a64c5bc823347d9e17f7d0c8c9d70b6c2a,2017-10-29T15:21:26.000Z,0.0003846,0xec6b91f7801a857b9d3a9475a1b9d563c1921503,buy,0xd3c00772b24d997a812249ca637a921e81357701,0x0b36bf0694d61d2d72fc09a133d593ad60c41be48593602f39b8265cca30ba59
27,5510.5,2.116020979,0xcb2541a64c5bc823347d9e17f7d0c8c9d70b6c2a,2017-10-29T15:19:55.000Z,0.000383998,0x1f30bff0c8296c1c59f184b0ecd2f7e99b2c0d74,buy,0xd3c00772b24d997a812249ca637a921e81357701,0x19996a0bda5ed18833a6ae9374947aa2cd007b98866b205afda195d21b0ee7c1
28,6000,2.292,0xcb2541a64c5bc823347d9e17f7d0c8c9d70b6c2a,2017-10-29T15:19:36.000Z,0.000382,0x3d01b31cf2cd9bff5981b0257600384619fe65ab,buy,0xd3c00772b24d997a812249ca637a921e81357701,0x0cc0cce613076e9583858cd74bd2822627c5bdc36f6b2638164d909a21254802
29,2620.648,0.993225592,0xcb2541a64c5bc823347d9e17f7d0c8c9d70b6c2a,2017-10-29T14:51:32.000Z,0.000379,0xf65fa33c1a81b8e33c5e86d5122c35b29d6b5905,buy,0xd3c00772b24d997a812249ca637a921e81357701,0x663be50053496ff96a8667f9a5c87abf21073c1f0df01ba753f6218dc94fd16e
30,3999.992,1.511996976,0xcb2541a64c5bc823347d9e17f7d0c8c9d70b6c2a,2017-10-29T14:50:01.000Z,0.000378,0x69247f8ece87f0a0c8b54d426c0f363b39afd428,buy,0xd3c00772b24d997a812249ca637a921e81357701,0xaa21e0411f42dcd0c53cb491c09478d7a12ee242361b9ded20a98196cf856799
31,6000,2.28,0xcb2541a64c5bc823347d9e17f7d0c8c9d70b6c2a,2017-10-29T14:49:48.000Z,0.00038,0x3d01b31cf2cd9bff5981b0257600384619fe65ab,buy,0xd3c00772b24d997a812249ca637a921e81357701,0xad84588b61f49530d786a4a0f9bc5e344bb46a739d03664ffdf9aac620a37406
32,12000,4.572,0xcb2541a64c5bc823347d9e17f7d0c8c9d70b6c2a,2017-10-29T14:49:48.000Z,0.000381,0x3d01b31cf2cd9bff5981b0257600384619fe65ab,buy,0xd3c00772b24d997a812249ca637a921e81357701,0xb8744c5a96068edd69cc7e3033202a50ce3592ecb30d9aa8aebc1f100db06837
33,400,0.1512,0x9264f91fede245ef41a87b1adccaad5d6bc1c4c4,2017-10-29T13:58:19.000Z,0.000378,0x69247f8ece87f0a0c8b54d426c0f363b39afd428,buy,0xd3c00772b24d997a812249ca637a921e81357701,0xedf599bb187860041c876a125212940258fce910c41a5b0649655e18df5c97ad
34,301.62,0.11401236,0x9264f91fede245ef41a87b1adccaad5d6bc1c4c4,2017-10-29T13:40:01.000Z,0.000378,0xcf7008288b39e3e236543143e900b3593b914a94,buy,0xd3c00772b24d997a812249ca637a921e81357701,0x715bdc398d07db9f5bc68cec7851035d0e8f37ff3fd4e1a62949687672729327
35,50,0.0189,0xb2fdce0acc7b25776199fdb79c49f22c9adb4cf6,2017-10-29T13:38:55.000Z,0.000378,0xcf7008288b39e3e236543143e900b3593b914a94,buy,0xd3c00772b24d997a812249ca637a921e81357701,0x22d58508b3cff854d79d8f555352b1939815ba45b3f2a22c6f30b6f196773ad0
36,0.007887529454730159,0.000002981486133888,0x9264f91fede245ef41a87b1adccaad5d6bc1c4c4,2017-10-29T13:10:35.000Z,0.000378,0x69247f8ece87f0a0c8b54d426c0f363b39afd428,buy,0xd3c00772b24d997a812249ca637a921e81357701,0xc3abdf129a93734c9f8c3dc6b36bb6e9fbbdd38faf0a54e27412edbb4fd32291
37,79.35188359002127,0.030074363880618064,0xb2fdce0acc7b25776199fdb79c49f22c9adb4cf6,2017-10-29T12:55:12.000Z,0.000379,0xf65fa33c1a81b8e33c5e86d5122c35b29d6b5905,buy,0xd3c00772b24d997a812249ca637a921e81357701,0xd1a78bd6635263e53345f29d6de6e04b75a665460ed5658fed25019d0416a67d
38,596.1088389151525,0.22926345944676765,0x63b54a1e9efca81f20dcdcf66d9679efbff52e51,2017-10-29T09:35:23.000Z,0.00038459999999999997,0xf65fa33c1a81b8e33c5e86d5122c35b29d6b5905,sell,0xd3c00772b24d997a812249ca637a921e81357701,0xbbcb7aa22ad19d415dd740c31a10294cab8c9c64461bd59f2b3a7b566ec60069
39,6989.8584388395975,2.688299555577709,0x63b54a1e9efca81f20dcdcf66d9679efbff52e51,2017-10-29T09:17:25.000Z,0.00038459999999999997,0x9778550d76b07ac9f5e57392f68ecdf6efc1774e,sell,0xd3c00772b24d997a812249ca637a921e81357701,0x9d7cfd939b83fb473bd5e0c663f602da4fe06a690e0409a90f833fb4eaf8ff50
40,5405.032722245251,2.0787755849755234,0x63b54a1e9efca81f20dcdcf66d9679efbff52e51,2017-10-29T08:58:12.000Z,0.00038459999999999997,0xd445f61ebca3d6b4c57eef1f39fdab6595ef8972,sell,0xd3c00772b24d997a812249ca637a921e81357701,0x404d761e10938f38218f9c5e9c14902911a4a6f5ccfc82e27f04e6c026767afb
41,5421.2966120814945,2.060092712590968,0xd445f61ebca3d6b4c57eef1f39fdab6595ef8972,2017-10-29T08:58:12.000Z,0.00038,0xba99b74dc0482561228f6b2d232429123e29758e,buy,0xd3c00772b24d997a812249ca637a921e81357701,0x404d761e10938f38218f9c5e9c14902911a4a6f5ccfc82e27f04e6c026767afb
42,78.70338791850526,0.029907287409032,0x9264f91fede245ef41a87b1adccaad5d6bc1c4c4,2017-10-29T08:27:39.000Z,0.00038,0xba99b74dc0482561228f6b2d232429123e29758e,buy,0xd3c00772b24d997a812249ca637a921e81357701,0xd59f44de6d608597505cea3663457d679685e577104dfb8b88f39fbd0d93afae
43,744.206617226394,0.1860523985132157,0x6f3605744f547ac8d6494a64292b4e7e292a2ba2,2017-10-29T05:00:30.000Z,0.00025000099999999997,0x54cb357f8b221bac33b325d5fe78fd0f906c1872,sell,0xd3c00772b24d997a812249ca637a921e81357701,0xa66edc18a7a86df1b18a96367e2227aca5bd1ceeca4ab604482c125405060951
44,500,0.13,0xb17f730fe51ac299320880f4fae0545135d7aff2,2017-10-29T04:59:31.000Z,0.00026,0x54cb357f8b221bac33b325d5fe78fd0f906c1872,sell,0xd3c00772b24d997a812249ca637a921e81357701,0xfc8b829288206ecb7a94919adc1ff4267d6027c87a559352b79d989648077749
45,2325.5,0.616280755,0x851638b1a455db32e74a51d8d963910049597fc8,2017-10-29T04:57:58.000Z,0.00026501,0x54cb357f8b221bac33b325d5fe78fd0f906c1872,sell,0xd3c00772b24d997a812249ca637a921e81357701,0xb754575125e0dc1f1f8b1a0dfc9e60e5e7b09548b8fea5fb35f62a9878615a34
46,18850,4.99525,0xe2f1b5c78e180089f418a451b86a99fe3d1bb2f0,2017-10-29T04:56:44.000Z,0.000265,0x54cb357f8b221bac33b325d5fe78fd0f906c1872,sell,0xd3c00772b24d997a812249ca637a921e81357701,0xa97f4981e9f8fd6a39fe6ba0bf71d2d6e1e134c43f82871cbfa7ba0d73ed0625
47,3000,0.9,0x36183b5a55b176d9ea3f25728979bb3607c238dd,2017-10-29T03:21:39.000Z,0.0003,0xae837ff40aae021d613a60897d5b2202fbbbf851,buy,0xd3c00772b24d997a812249ca637a921e81357701,0x1a4be15e5473dbe61d7de94998610f12eb1ae8df572737ed3413c8477219a2e8
48,11260,3.378,0x17076da9abcc88a9ca1bd008e8cc47a6cc2b2aed,2017-10-29T03:12:26.000Z,0.0003,0xae837ff40aae021d613a60897d5b2202fbbbf851,sell,0xd3c00772b24d997a812249ca637a921e81357701,0x16fc95ac2251f1f04c12441b6b732d3cd250bccea99acef6e96cfe5e3fede554
49,6790.969696969697,2.24102,0x36183b5a55b176d9ea3f25728979bb3607c238dd,2017-10-29T01:37:30.000Z,0.00033,0x43b2126e7a22e0c288dfb469e3de4d2c097f3ca0,buy,0xd3c00772b24d997a812249ca637a921e81357701,0x2c3b5bb97a4f7fb19cbf19d6ff653c26169a55a5410162075fb162ece78cb891
50,7300,2.409,0x7ac7279adad4a24a7f6fb43e2edcc45c620418a8,2017-10-29T01:33:27.000Z,0.00033,0x43b2126e7a22e0c288dfb469e3de4d2c097f3ca0,buy,0xd3c00772b24d997a812249ca637a921e81357701,0xcf1651fb633d096579ba025ea7ab77752022750c4b0b697ac9597d5dca397cef
51,2819.4329380698223,0.9301309262692343,0x7ac7279adad4a24a7f6fb43e2edcc45c620418a8,2017-10-29T01:30:21.000Z,0.0003299,0x24418ab1b19550b380652432eac1ab37bf3d0fa9,buy,0xd3c00772b24d997a812249ca637a921e81357701,0x8eaa9774c4279c670fa990a7043e154085dba31babaea3cb906ea7674b74ba94
52,2298.493,0.6893180507,0x36183b5a55b176d9ea3f25728979bb3607c238dd,2017-10-29T00:25:39.000Z,0.0002999,0xfd26f25d6588b752a90e600aff038a654d64a42c,buy,0xd3c00772b24d997a812249ca637a921e81357701,0xf20db71b11e95c26f0dfb7f52943876b2da8d0bbb51a820f2f0ef9d15c320fc7
53,17000,5.0983,0x7ac7279adad4a24a7f6fb43e2edcc45c620418a8,2017-10-28T23:46:45.000Z,0.0002999,0xfd26f25d6588b752a90e600aff038a654d64a42c,buy,0xd3c00772b24d997a812249ca637a921e81357701,0x4eff61567aacb5630f4dad8f55d74fa78ab2f4f0fa5e505be99f18700799f42c
54,2700,0.80973,0x36183b5a55b176d9ea3f25728979bb3607c238dd,2017-10-28T23:39:51.000Z,0.0002999,0xfd26f25d6588b752a90e600aff038a654d64a42c,buy,0xd3c00772b24d997a812249ca637a921e81357701,0x0c8e3205f6332845311b9cef84906d7de3ff2ba50a0aa81055cf3ede893d106f
55,18.664,0.0055954672,0x36183b5a55b176d9ea3f25728979bb3607c238dd,2017-10-28T23:37:47.000Z,0.0002998,0x8d71cd37bc1c715f6d4e9b5d68aa17a8b42cac87,buy,0xd3c00772b24d997a812249ca637a921e81357701,0x3d6ef05e1cfc9180e55452a650fd2915c9a30085fd958ff1f1e9d8a8a5a0bfa5
56,1.667778519012675,0.0005,0x34f9560c63078eb61872a4dc2ccd20e21c34feaf,2017-10-28T22:24:18.000Z,0.0002998,0x8d71cd37bc1c715f6d4e9b5d68aa17a8b42cac87,buy,0xd3c00772b24d997a812249ca637a921e81357701,0x2105a180278ffbf0ab296e05a07374aa8d2f8c350a9370acb01a935ad169812b
57,1.667778519012675,0.0005,0xe444a40689f51f63bcd29910622035707d533d29,2017-10-28T22:19:57.000Z,0.0002998,0x8d71cd37bc1c715f6d4e9b5d68aa17a8b42cac87,buy,0xd3c00772b24d997a812249ca637a921e81357701,0x6d48d6db09a1c2adedacb3ec4aec98dcf15c6faf2bd80a1eb559b5e785f40c86
58,1.502266299312149,0.000375566574828037,0x36183b5a55b176d9ea3f25728979bb3607c238dd,2017-10-28T21:09:17.000Z,0.00024999999999999984,0xd5d299c4bc8b09015e5d5784743e2e64de0f9fe3,sell,0xd3c00772b24d997a812249ca637a921e81357701,0x1f4910849abd1c651124dd2c44724cb22f665b3fff2a8d23111cddf5423392b7
59,2200,0.616,0xe2f1b5c78e180089f418a451b86a99fe3d1bb2f0,2017-10-28T21:07:17.000Z,0.00028,0xd5d299c4bc8b09015e5d5784743e2e64de0f9fe3,buy,0xd3c00772b24d997a812249ca637a921e81357701,0x57cc7f9ce7bbd34adbed05340112662b41191d010bea616b4d8f79e3c204b243
60,1.5069233248400167,0.000451926305119521,0xd5d299c4bc8b09015e5d5784743e2e64de0f9fe3,2017-10-28T17:55:34.000Z,0.0002999,0xfd26f25d6588b752a90e600aff038a654d64a42c,buy,0xd3c00772b24d997a812249ca637a921e81357701,0x9914b66afacc8c3531ee82cf80a283fee55dbd115199cade5dcea7ccd3ea01ee
61,1100,0.3278,0x23ad7cc0c6b744b811a3f5cea790fec9a11f2230,2017-10-28T17:26:50.000Z,0.000298,0xbd9125f952f4d22481d8aef2807816a8e44634fd,buy,0xd3c00772b24d997a812249ca637a921e81357701,0xe30e43c95b1278e93694ae045c5427194b2b15c4a27553330bc852e7dbfdbf0b
62,1491.1800030102977,0.35788320072247143,0x851638b1a455db32e74a51d8d963910049597fc8,2017-10-28T17:11:43.000Z,0.00023999999999999998,0x1ed014aec47fae44c9e55bac7662c0b78ae61798,sell,0xd3c00772b24d997a812249ca637a921e81357701,0x3c764946455732cbdb9d51ed408f9fc5c0feebc8f9a798d8de795dc1447cc784
63,226,0.0677548,0xb2fdce0acc7b25776199fdb79c49f22c9adb4cf6,2017-10-28T14:41:24.000Z,0.0002998,0x8d71cd37bc1c715f6d4e9b5d68aa17a8b42cac87,buy,0xd3c00772b24d997a812249ca637a921e81357701,0x17bd3ff9a87c30d508f50203ef16fc09b5bb86137f276daf9c0e6ca96d72e7bf
64,660,0.197175,0x97079c598f01269a9128cad8e2d1eb0a00b07cd3,2017-10-28T12:39:41.000Z,0.00029875,0x8d71cd37bc1c715f6d4e9b5d68aa17a8b42cac87,buy,0xd3c00772b24d997a812249ca637a921e81357701,0x81730e602d82f714ba4163efc6ce044a05b8cb272886738ab56a6490b6b343a5
65,340,0.101575,0xb2fdce0acc7b25776199fdb79c49f22c9adb4cf6,2017-10-28T06:10:32.000Z,0.00029875,0x8d71cd37bc1c715f6d4e9b5d68aa17a8b42cac87,buy,0xd3c00772b24d997a812249ca637a921e81357701,0x74dfed01148aa1c7f8817a22aea0641416ec80062bbb713bc75b49595460e9c4
66,825.7750971986841,0.1899282806134483,0x24418ab1b19550b380652432eac1ab37bf3d0fa9,2017-10-28T05:19:05.000Z,0.00023000001,0x3a7cfadd98ad8b6d24ec8ed402ee62cfff6fa0e0,sell,0xd3c00772b24d997a812249ca637a921e81357701,0x18c8384de1cde8bff5a72d43aab2e7e9251f65b9c33e64c9e5e41f44e73c2e72
67,3000,0.72,0x77591f76c59d0cff0b1a4c5d1a918e2c802c8440,2017-10-28T05:17:41.000Z,0.00024,0x3a7cfadd98ad8b6d24ec8ed402ee62cfff6fa0e0,sell,0xd3c00772b24d997a812249ca637a921e81357701,0x1791f49cfbead309ae05995b08ea5271a58ce9ac7b332f85e52e098d57ec7073
68,5000,1.25,0x36183b5a55b176d9ea3f25728979bb3607c238dd,2017-10-28T05:17:04.000Z,0.00025,0x3a7cfadd98ad8b6d24ec8ed402ee62cfff6fa0e0,sell,0xd3c00772b24d997a812249ca637a921e81357701,0x516e0fe0893ffbd1243e981708bb7c7419381f0cf435da0638338482abf8a10a
69,5555,1.49985,0x6db4c297e7b4bee3b35c0c68d5179525747ceb78,2017-10-28T05:13:42.000Z,0.00027,0x3a7cfadd98ad8b6d24ec8ed402ee62cfff6fa0e0,sell,0xd3c00772b24d997a812249ca637a921e81357701,0x79a501f04352ee02ff5bf9bad801a295a4f5159b87905a4990c112dfad061ef2
70,5576,1.61704,0x4ae303c2d6ab5bec9929b9f31e62fb1a80125ae2,2017-10-28T04:55:17.000Z,0.00029,0x3a7cfadd98ad8b6d24ec8ed402ee62cfff6fa0e0,buy,0xd3c00772b24d997a812249ca637a921e81357701,0x6e3844289ccefdfdb802cf6c64242f9249bdddfb87cf4d691635a40aca0eca3c
71,10000,2.9,0x4ae303c2d6ab5bec9929b9f31e62fb1a80125ae2,2017-10-28T04:51:39.000Z,0.00029,0x3a7cfadd98ad8b6d24ec8ed402ee62cfff6fa0e0,buy,0xd3c00772b24d997a812249ca637a921e81357701,0xc578de82d1a49810bb8260289082807018077c058fa54d3b3fb59c4f1b851671
72,3000,0.87,0x4ae303c2d6ab5bec9929b9f31e62fb1a80125ae2,2017-10-28T04:49:10.000Z,0.00029,0x3a7cfadd98ad8b6d24ec8ed402ee62cfff6fa0e0,buy,0xd3c00772b24d997a812249ca637a921e81357701,0xa741d5c35fae10b484541287d0660791d7265b4de332c779d391c8d7f1a37827
73,1000,0.3,0x4ae303c2d6ab5bec9929b9f31e62fb1a80125ae2,2017-10-28T04:41:42.000Z,0.0003,0xea8c046cd9f2228e7dbd9e03fc79e141c945cca4,buy,0xd3c00772b24d997a812249ca637a921e81357701,0xf0982575d690bdb21a55816f8dd846690b1d9011e6744c24bcedf5d372de5560
74,1000,0.2999,0x4ae303c2d6ab5bec9929b9f31e62fb1a80125ae2,2017-10-28T04:39:52.000Z,0.0002999,0x24418ab1b19550b380652432eac1ab37bf3d0fa9,buy,0xd3c00772b24d997a812249ca637a921e81357701,0x6671d1e759e35163dbb2d2409b648a443943fe5b50837a4bdb7125bbdba5bc3b
75,3888,0.972,0xe2f1b5c78e180089f418a451b86a99fe3d1bb2f0,2017-10-27T21:15:03.000Z,0.00025,0x51dc4be759f6109c78940645ecf0c0e64a30505f,buy,0xd3c00772b24d997a812249ca637a921e81357701,0xe1fcc66f78104c5153376f107ba79c8a5b93e8801918f20ece2d99a7985998e0
76,200,0.05,0xdbc2b2caccf143b0d2fca3086ed4d87b70009808,2017-10-27T21:09:38.000Z,0.00025,0x51dc4be759f6109c78940645ecf0c0e64a30505f,buy,0xd3c00772b24d997a812249ca637a921e81357701,0x376c4813cddce10c08e176960d60dc4f5c588a8e39395c7bf65cc9fe4a66d476
77,1000,0.206,0xea8c046cd9f2228e7dbd9e03fc79e141c945cca4,2017-10-27T17:20:57.000Z,0.000206,0x104dbb1c8c4c7f87da69aba86a29b2ef48a01005,sell,0xd3c00772b24d997a812249ca637a921e81357701,0x48d06b14b3a6745dfb4a298890c6b6c96ef68ebc422292e7955691aa10f4384d
78,200,0.056,0x36183b5a55b176d9ea3f25728979bb3607c238dd,2017-10-27T17:19:25.000Z,0.00028,0x104dbb1c8c4c7f87da69aba86a29b2ef48a01005,sell,0xd3c00772b24d997a812249ca637a921e81357701,0xb277d2b327db5f3a16aff5f303551dd174877b6fdbc958f1d7039d3fdfcfdffe
79,800,0.224,0x957c22c11dfa83629144e281ef066378d5bd0c23,2017-10-27T17:19:25.000Z,0.00028,0x104dbb1c8c4c7f87da69aba86a29b2ef48a01005,sell,0xd3c00772b24d997a812249ca637a921e81357701,0x3c755b25531f816112461f118ae5a546c487ebb9b83180d8b1add9ef6f55acd6
80,190.03090419698933,0.0570092712590968,0x36183b5a55b176d9ea3f25728979bb3607c238dd,2017-10-27T17:19:25.000Z,0.0003,0x104dbb1c8c4c7f87da69aba86a29b2ef48a01005,sell,0xd3c00772b24d997a812249ca637a921e81357701,0xa57e82f10e7432710a112cb277b2f9687e041f5b65c8e3b8120f0c0ed49f3741
81,9.969095803010667,0.0029907287409032,0x36183b5a55b176d9ea3f25728979bb3607c238dd,2017-10-27T14:36:24.000Z,0.0003,0xc8287e69a92793c4d10612ddb72739862db30cfe,sell,0xd3c00772b24d997a812249ca637a921e81357701,0x12bd63f5e784e47f7a4d90d27307b18bc2dca482acf24f578c69377f4b50dca9
82,0.161,0.0000531139,0xc99e7826b55c3bef1cbce70e0281e776c7a4b01b,2017-10-27T12:09:04.000Z,0.0003299,0x24418ab1b19550b380652432eac1ab37bf3d0fa9,buy,0xd3c00772b24d997a812249ca637a921e81357701,0xbab1ce1b314c3f8f00d4d70b5eaffd0b847b24cdeb8f34d038dbd685986a2c80
83,1386.839,0.422510209223,0xc99e7826b55c3bef1cbce70e0281e776c7a4b01b,2017-10-27T11:54:41.000Z,0.000304657,0x927a4460df1ba655363dde2fe1b2a07d3a209e83,buy,0xd3c00772b24d997a812249ca637a921e81357701,0xf172af2615886b6940e14d056f3f7262b5d926b2bc7aa82e6b90148dd7ebd66c
84,3000,0.8865,0xc99e7826b55c3bef1cbce70e0281e776c7a4b01b,2017-10-27T11:53:17.000Z,0.0002955,0x24418ab1b19550b380652432eac1ab37bf3d0fa9,buy,0xd3c00772b24d997a812249ca637a921e81357701,0x9dd00767a1c59095b89bf705bc3eef21c6b997c254baa3422198d3f34d4d3bc1
85,3000,0.9135,0xc99e7826b55c3bef1cbce70e0281e776c7a4b01b,2017-10-27T11:53:17.000Z,0.0003045,0x24418ab1b19550b380652432eac1ab37bf3d0fa9,buy,0xd3c00772b24d997a812249ca637a921e81357701,0x80dcb65632ae191d11b489ec3756578ac470793a455bf5963ce5fd6ad852b7ed
86,1000,0.200888,0x6f3605744f547ac8d6494a64292b4e7e292a2ba2,2017-10-26T17:08:23.000Z,0.000200888,0xe4c59fa43d877dc7cdac4bab5dd121cf05e05b20,sell,0xd3c00772b24d997a812249ca637a921e81357701,0xf61a1764edce5292366598e4899fd83ef54a1ed593355d99bfee557147a98acc
87,260,0.0624,0xb494cfe633ccce58a6d9ec49b5f1a332a89d2ca5,2017-10-26T16:58:29.000Z,0.00024,0xe4c59fa43d877dc7cdac4bab5dd121cf05e05b20,sell,0xd3c00772b24d997a812249ca637a921e81357701,0x3d47bceea9e2f953d189444c4d1517761f85a36e01feae77a36f46097f38d13f
88,190,0.0475,0x369652284a6c2d9955b930052c9d4736df638234,2017-10-26T08:23:45.000Z,0.00025,0x51dc4be759f6109c78940645ecf0c0e64a30505f,buy,0xd3c00772b24d997a812249ca637a921e81357701,0x70851202098a1143bb6bf27d73c2e057739f3e9782b3389475cad093bb17933c
89,7407.466208974706,1.4880710717885108,0x6f3605744f547ac8d6494a64292b4e7e292a2ba2,2017-10-26T07:13:42.000Z,0.00020088799999999998,0x78fbf5608928b9afd0bc4ece1c7e7622c8f19992,sell,0xd3c00772b24d997a812249ca637a921e81357701,0xff427d1e9beb8418c21edd7356ad708d963a7329c29d78dda79f3c5e3cf74821
90,1.08,0.00027,0xdac59ec90895d084616b779f2dc305a137476a03,2017-10-26T04:03:02.000Z,0.00025,0x51dc4be759f6109c78940645ecf0c0e64a30505f,buy,0xd3c00772b24d997a812249ca637a921e81357701,0x7000f2d89e0c3837395933db8e7ec761d4e9e9113bfdeef863c65ee59a9957f9
91,98.91994816070182,0.024729987040175455,0xdac59ec90895d084616b779f2dc305a137476a03,2017-10-26T03:59:54.000Z,0.00025,0x51dc4be759f6109c78940645ecf0c0e64a30505f,buy,0xd3c00772b24d997a812249ca637a921e81357701,0x1ca04f25462b577bb5c010ccc014605bab8ebe0a87f83f66c31973d50d5ff081
92,1993.8191606021335,0.41872395573721466,0x24418ab1b19550b380652432eac1ab37bf3d0fa9,2017-10-25T19:20:43.000Z,0.000210011,0xea8c046cd9f2228e7dbd9e03fc79e141c945cca4,sell,0xd3c00772b24d997a812249ca637a921e81357701,0x0fa33827cf7555f17a8e55949e26036412dd8a042e6b034d4e7c38870fed8bd5
93,285.1161399661051,0.05987724055428172,0x8d71cd37bc1c715f6d4e9b5d68aa17a8b42cac87,2017-10-25T06:32:15.000Z,0.00021001,0xa192020a40449f2d1510f4a18344403796457567,sell,0xd3c00772b24d997a812249ca637a921e81357701,0x5f605bd888f68bdad3ae32d6fd8b19477852ffc63cc9f41ab4180fa1b866d609
94,249.22739507526668,0.054830026916558666,0x851638b1a455db32e74a51d8d963910049597fc8,2017-10-25T04:26:23.000Z,0.00021999999999999998,0x254b7ca28b2187527b2ec194fc5746e0dfafe0af,sell,0xd3c00772b24d997a812249ca637a921e81357701,0x8e75431dad599c838b55a5e4feafdca03d4342a5ac6401bce0128691a90ae087
95,2000,0.42,0xea8c046cd9f2228e7dbd9e03fc79e141c945cca4,2017-10-24T21:04:26.000Z,0.00021,0xd88a83b0a13d3cca6118985573ef142956aa0bce,sell,0xd3c00772b24d997a812249ca637a921e81357701,0x4652a522527ccaec9be13df00f03a34a6bb2efd56ba7f065e7ee1df38e757344
96,10000,3.0468,0x022a152ff6618ababd84b1061998b3d04c8710fd,2017-10-24T18:11:05.000Z,0.00030468,0x78fbf5608928b9afd0bc4ece1c7e7622c8f19992,buy,0xd3c00772b24d997a812249ca637a921e81357701,0x1a17c4f9d1d0936449ee666e6e3dffb39baa2e69272d8c326b355107c04351d0
97,749.9,0.2284772823,0xff8e82dc0bef4721cda861e31701ba35b088587e,2017-10-24T17:48:56.000Z,0.000304677,0x695f7ca2b214b12912a8f74ab689907666cad96c,buy,0xd3c00772b24d997a812249ca637a921e81357701,0xab97b2ed86edaae73dca2269b7468e8087172aceaf63342f0d87a4e5840f3ded
98,600,0.182994,0xb189865225b8af5b42779bd7e35a71517cd5211f,2017-10-24T17:34:20.000Z,0.00030499,0x8d71cd37bc1c715f6d4e9b5d68aa17a8b42cac87,buy,0xd3c00772b24d997a812249ca637a921e81357701,0x3a2ef5190ce1ce35c0231821da00bc400f38cadea791491a10e4a6d4ef86b775
99,0.1382415737412804,0.000024884036239725,0x927a4460df1ba655363dde2fe1b2a07d3a209e83,2017-10-24T14:29:44.000Z,0.00018000399999999682,0xc8ba30f49ffaf2cc3f031fb065ad5277759d3242,sell,0xd3c00772b24d997a812249ca637a921e81357701,0x0bc199227712ca8cef2fd6f512304d4dd4e723dfd474febfc6c6eddb63b766bc
100,1386.7012261987838,0.24961176752068587,0x927a4460df1ba655363dde2fe1b2a07d3a209e83,2017-10-24T14:27:20.000Z,0.000180004,0xc8ba30f49ffaf2cc3f031fb065ad5277759d3242,sell,0xd3c00772b24d997a812249ca637a921e81357701,0xabf203c6ddeee969516ac4e81186c8ddd092c340cd68431eb39b31ca91b1a546
101,3000,0.5400123,0x24418ab1b19550b380652432eac1ab37bf3d0fa9,2017-10-24T14:25:39.000Z,0.0001800041,0xc8ba30f49ffaf2cc3f031fb065ad5277759d3242,sell,0xd3c00772b24d997a812249ca637a921e81357701,0x601c570bf0ce42651542c6a0d6e1a4a95aaa9713d0812a1eb01e8f34913de9eb
102,650,0.19804135,0xdbc2b2caccf143b0d2fca3086ed4d87b70009808,2017-10-24T12:28:01.000Z,0.000304679,0x8d71cd37bc1c715f6d4e9b5d68aa17a8b42cac87,buy,0xd3c00772b24d997a812249ca637a921e81357701,0x2c552e12ee343dbf74498a997dad3a75c80d83d482976b0457c838c5d26f6b09
103,1220.2003268483988,0.21963727903303865,0x8d71cd37bc1c715f6d4e9b5d68aa17a8b42cac87,2017-10-24T09:24:13.000Z,0.000180001,0x2bba88a7bb8a823a307e8dd90432d41ca63e94a6,sell,0xd3c00772b24d997a812249ca637a921e81357701,0x9cf44c4cf83f1396cc4998b02e578c1128124fdfd0cfbcd5707ef6619fdd1944
104,330,0.066033,0x0deed30f8ac251e2295a1c78d770e826f3220c61,2017-10-24T09:23:25.000Z,0.0002001,0x2bba88a7bb8a823a307e8dd90432d41ca63e94a6,sell,0xd3c00772b24d997a812249ca637a921e81357701,0x5f78bbbc65371e78a63bc2e6ed55a4367929b61dfd51a400cbc35bc04384912c
105,750,0.150075,0x695f7ca2b214b12912a8f74ab689907666cad96c,2017-10-24T09:23:02.000Z,0.0002001,0x2bba88a7bb8a823a307e8dd90432d41ca63e94a6,sell,0xd3c00772b24d997a812249ca637a921e81357701,0x7a6fd63e21dea9d8d46d9bc09bb2b730bd779212b63b2bddda8a38583272d26d
106,1000,0.2002,0x15f8e988924cf1593e8d19942508d62732d38898,2017-10-24T09:22:59.000Z,0.0002002,0x2bba88a7bb8a823a307e8dd90432d41ca63e94a6,sell,0xd3c00772b24d997a812249ca637a921e81357701,0x01d0ae6a133283441cc76fe232db1e4118e784d57bf8ba1972206bb7956ef43f
107,99.47861628950254,0.02250126717575516,0x368f9f2cdbf512dd0458e012fd014a1296812958,2017-10-24T09:22:59.000Z,0.00022619199999999998,0x2bba88a7bb8a823a307e8dd90432d41ca63e94a6,sell,0xd3c00772b24d997a812249ca637a921e81357701,0x4978974a1e7223fe10cb33380ae21fdcdc87c4ee17ea5e948fa5f304578f89c7
108,120.62605921642907,0.027284649586282524,0x368f9f2cdbf512dd0458e012fd014a1296812958,2017-10-24T06:19:23.000Z,0.00022619199999999998,0x785fb67b605f82b7bb152d4e933742abdc78d9f7,sell,0xd3c00772b24d997a812249ca637a921e81357701,0x5f2b2265403f4eb4c0289d715de5b69713af36ff33e5bed0b64f005827f888d7
109,1000,0.233,0x15f8e988924cf1593e8d19942508d62732d38898,2017-10-24T01:15:51.000Z,0.000233,0xd88a83b0a13d3cca6118985573ef142956aa0bce,sell,0xd3c00772b24d997a812249ca637a921e81357701,0x81f762f585b95ce3480e76396a28413cf0baf6c6153fa81e5cefcca3f76bfa4b
110,729.792,0.17004154329792,0x24418ab1b19550b380652432eac1ab37bf3d0fa9,2017-10-24T01:14:53.000Z,0.00023300001,0xd88a83b0a13d3cca6118985573ef142956aa0bce,sell,0xd3c00772b24d997a812249ca637a921e81357701,0xcb53376aaa7b303e9045512775ca7e7d0746a054cd025813daebe3b19df1e27a
111,164.75,0.03838691475,0x8d71cd37bc1c715f6d4e9b5d68aa17a8b42cac87,2017-10-24T01:14:45.000Z,0.000233001,0xd88a83b0a13d3cca6118985573ef142956aa0bce,sell,0xd3c00772b24d997a812249ca637a921e81357701,0xd0e1f59a6770ed8f8020362038d1b2a6ad1194853c92e30f5619eb9bdc2e8110
112,10613.947616655432,2.473049794680716,0x6f3605744f547ac8d6494a64292b4e7e292a2ba2,2017-10-23T21:41:53.000Z,0.000233,0x78fbf5608928b9afd0bc4ece1c7e7622c8f19992,sell,0xd3c00772b24d997a812249ca637a921e81357701,0x4a84b834768346fc40c6291f5ed4b67a4017b83501ed6255dd438840a47a83e3
113,0.000474849671203913,0.00000011064044824,0x8d71cd37bc1c715f6d4e9b5d68aa17a8b42cac87,2017-10-23T20:43:43.000Z,0.00023300099999961474,0x5d26ca4ee3be471a4c5eeccb3bac220603387c77,sell,0xd3c00772b24d997a812249ca637a921e81357701,0xb4473d49effaa3b060a6cc0a49567c0cbfacbbd9caacd4457ae5e93248885d7e
114,4386.402153324693,1.0220317017246536,0x6f3605744f547ac8d6494a64292b4e7e292a2ba2,2017-10-23T20:21:15.000Z,0.000233,0xac7feb9cb64dc73c76913945383cf8570d6ae335,sell,0xd3c00772b24d997a812249ca637a921e81357701,0xe9fe80db931155e5f512b041a129238d38b5aa902ef6818f77825de57cfb784c
115,1270.207967222257,0.29595846906486556,0x24418ab1b19550b380652432eac1ab37bf3d0fa9,2017-10-23T16:04:51.000Z,0.00023300000999999999,0xe70a443b193f5e82f4f8775004c5bf8d1bfdce54,sell,0xd3c00772b24d997a812249ca637a921e81357701,0x037212b712541219e1ad957da4fe033d8162bb4fa7d614d3fa605e50a4233c8d
116,800,0.253992,0xb189865225b8af5b42779bd7e35a71517cd5211f,2017-10-23T15:58:55.000Z,0.00031749,0x8d71cd37bc1c715f6d4e9b5d68aa17a8b42cac87,buy,0xd3c00772b24d997a812249ca637a921e81357701,0xb317859ba935e88b2e2ce66150f52f22c6f6e2a30d45837c24e6c53df4524eb5
117,49.11920151351486,0.01497153262131933,0x8805f2849de02dfb77fe47bf12f4026ad5968893,2017-10-23T13:22:29.000Z,0.0003048,0x78fbf5608928b9afd0bc4ece1c7e7622c8f19992,buy,0xd3c00772b24d997a812249ca637a921e81357701,0x799f9a6da05141568c700e7d8fda0d88ee8f43c53eb309448c0002125cd7ea45
118,588.7261300990551,0.17944372445419202,0x8805f2849de02dfb77fe47bf12f4026ad5968893,2017-10-23T13:16:54.000Z,0.0003048,0x78fbf5608928b9afd0bc4ece1c7e7622c8f19992,buy,0xd3c00772b24d997a812249ca637a921e81357701,0x37436dd74357551dfaa3af7a18db6c1bff6ca42f057cc3c560841af682a1f37b
119,1238.7583137941672,0.37757353404446214,0x8805f2849de02dfb77fe47bf12f4026ad5968893,2017-10-23T13:08:11.000Z,0.0003048,0x78fbf5608928b9afd0bc4ece1c7e7622c8f19992,buy,0xd3c00772b24d997a812249ca637a921e81357701,0x86263c7183abb9900b04b4a962cb769b477dbf64f28d3119a0c83530bd66f25b
120,1000,0.3,0x8805f2849de02dfb77fe47bf12f4026ad5968893,2017-10-23T13:06:35.000Z,0.0003,0x1fdf047bf7a114b37e7936d01e9cad754ad18803,buy,0xd3c00772b24d997a812249ca637a921e81357701,0x610ee36f4e271d9c3517f3bf03ea90b1c1dacf9c357cc56700d0434e6daa6180
121,400,0.119996,0x8805f2849de02dfb77fe47bf12f4026ad5968893,2017-10-23T13:05:52.000Z,0.00029999,0x8d71cd37bc1c715f6d4e9b5d68aa17a8b42cac87,buy,0xd3c00772b24d997a812249ca637a921e81357701,0xce2a2e39c2693f80be8cb21a51e8e508cc9d77a00f824156eb0846be51b1091f
122,10156.714,2.3665174090142,0x6f3605744f547ac8d6494a64292b4e7e292a2ba2,2017-10-23T08:28:29.000Z,0.0002330003,0x78fbf5608928b9afd0bc4ece1c7e7622c8f19992,sell,0xd3c00772b24d997a812249ca637a921e81357701,0x96fc7e85b3e30b1a1c6ed0ee53076a8f2fe613f7abba910806f0877bef403ab3
123,843.2858139766723,0.19648584764230884,0x6f3605744f547ac8d6494a64292b4e7e292a2ba2,2017-10-23T07:37:28.000Z,0.0002330003,0xf84899cfe0cebc5bca951cb878314f9f0c35d675,sell,0xd3c00772b24d997a812249ca637a921e81357701,0xa7c75377fc9401b0f66ff731343a9b10582c9d0679e9781088c4d3a490fcbba2
124,3.0303030303030303,0.001,0x4a57d0208164a1c1c63c75395dc444428a07b50a,2017-10-23T05:33:24.000Z,0.00033,0x43b2126e7a22e0c288dfb469e3de4d2c097f3ca0,buy,0xd3c00772b24d997a812249ca637a921e81357701,0x43a882feaea5206b69b5a880f8e67fa4008c498b9f8e2b7e6052d4a2f77e6f8e
125,1096.6005383311733,0.2555090220317017,0x8d71cd37bc1c715f6d4e9b5d68aa17a8b42cac87,2017-10-23T04:41:33.000Z,0.000233001,0xa2b16e3b6b64771396c925e61fefd851e757e38e,sell,0xd3c00772b24d997a812249ca637a921e81357701,0x005f78c3e4f22865c9bcbab158258fee0253f4e78a906f9eeb598c02903a4e72
126,0.986979383797685,0.000229967183404244,0x8d71cd37bc1c715f6d4e9b5d68aa17a8b42cac87,2017-10-23T04:37:52.000Z,0.00023300099999999958,0x9ebce71785facafc68c7a38bb92d77ba6e6e6602,sell,0xd3c00772b24d997a812249ca637a921e81357701,0xb5febcac3fb2c124cd19b68b3bdd8a4de9fb92a9904c5a76860429245ea762a9
127,0.9969095803010667,0.000232280929119728,0x8d71cd37bc1c715f6d4e9b5d68aa17a8b42cac87,2017-10-23T04:05:04.000Z,0.00023300099999999915,0x7d053385a05276eedcaf706325ae34ae544741a6,sell,0xd3c00772b24d997a812249ca637a921e81357701,0x1b4b0708424ce0193cb6c94aa9a6842ef9e94f380fbb5b412d47a07512cd2bdd
128,736.665,0.171643681665,0x8d71cd37bc1c715f6d4e9b5d68aa17a8b42cac87,2017-10-23T03:43:18.000Z,0.000233001,0x9ebce71785facafc68c7a38bb92d77ba6e6e6602,sell,0xd3c00772b24d997a812249ca637a921e81357701,0xa81082e2e6b7d671546347af8212493f9c6c2c2d70a120f0b8f04f4973fa923c
129,4000,0.9332,0x82d99d98115565d2a58e99fc53704cee56e3c0de,2017-10-23T03:41:00.000Z,0.0002333,0x9ebce71785facafc68c7a38bb92d77ba6e6e6602,sell,0xd3c00772b24d997a812249ca637a921e81357701,0x553ebe1fbd612dd8263e5d9cc089520728ffe0a42612cd6fc579552ce6ce61ed
130,200,0.061358,0xb2fdce0acc7b25776199fdb79c49f22c9adb4cf6,2017-10-22T23:34:24.000Z,0.00030679,0x78fbf5608928b9afd0bc4ece1c7e7622c8f19992,buy,0xd3c00772b24d997a812249ca637a921e81357701,0xc105509353dc6a59b6e2300eb1b07571e384e902f3f4c24191d90d85f46a5ada
131,1659.891806888756,0.5094207955341593,0x64a23b57bede3ff90c459ec683f6f973bcd5f081,2017-10-22T14:15:41.000Z,0.0003069,0x78fbf5608928b9afd0bc4ece1c7e7622c8f19992,buy,0xd3c00772b24d997a812249ca637a921e81357701,0x8a21fd33d0cd78e6f88f432f23ddde2504ff39117a37eb0ad7093f5e3a33bfd6
132,0.000010265408087947,0.000000003151480283,0x64a23b57bede3ff90c459ec683f6f973bcd5f081,2017-10-22T14:10:44.000Z,0.0003070000000000264,0x9b0ff208b9904d7769d36527695e27805180d79f,buy,0xd3c00772b24d997a812249ca637a921e81357701,0x1256e1866deec6769bebf2d0b4061ea41fffccf97f749154b68d8a48c920db3a
133,0.10300586090542196,0.000031612498711874,0x64a23b57bede3ff90c459ec683f6f973bcd5f081,2017-10-22T14:08:13.000Z,0.0003069,0x78fbf5608928b9afd0bc4ece1c7e7622c8f19992,buy,0xd3c00772b24d997a812249ca637a921e81357701,0x34b14a8f40fc2beb8dce9c2f03199adf9061ce73624561eaa6dc47d20a92ebd6
134,90,0.117,0xd4b5b1f3c0f1ba76d2eeca64718f953a062fda96,2017-10-22T13:24:26.000Z,0.0013,0xbcd46d430bc50a04b649e4334bd44a95b06d0a80,buy,0xd3c00772b24d997a812249ca637a921e81357701,0xda9eaa9e039378531ef44ea82f2a51dde3f4b2f2c09726d685961c95d9c27022
135,636.0283122320806,0.14755856843784268,0x15f8e988924cf1593e8d19942508d62732d38898,2017-10-22T11:54:30.000Z,0.000232,0x3c5dfa0a74c1e783b94a8a3fc1080965561d5a4a,sell,0xd3c00772b24d997a812249ca637a921e81357701,0x275494728762a0cb894a96848dfc084f30d34871e691f77b17182a19ac1c86ac
136,3400,1.02,0x860cc66aaeaa70668e319c7a2812078d406ecf85,2017-10-22T07:05:49.000Z,0.0003,0xc99e7826b55c3bef1cbce70e0281e776c7a4b01b,buy,0xd3c00772b24d997a812249ca637a921e81357701,0xab39995a33ccd062db4720e879c9cdd53ebc41a08973e15a48e541eecee07a44
137,800,0.239992,0x860cc66aaeaa70668e319c7a2812078d406ecf85,2017-10-22T07:04:46.000Z,0.00029999,0x8d71cd37bc1c715f6d4e9b5d68aa17a8b42cac87,buy,0xd3c00772b24d997a812249ca637a921e81357701,0xf469b6eeb9b0d4daa63f30f582f0ee5ca95982696ff550a6263fcc31312d80ca
138,1000,0.295899,0x860cc66aaeaa70668e319c7a2812078d406ecf85,2017-10-22T07:04:46.000Z,0.000295899,0xc99e7826b55c3bef1cbce70e0281e776c7a4b01b,buy,0xd3c00772b24d997a812249ca637a921e81357701,0x897d467f5f56aa74210e01e5ba06d5722b8210558b85d1616db9112c20dd8158
139,22000,6.5098,0x54cb357f8b221bac33b325d5fe78fd0f906c1872,2017-10-22T05:06:55.000Z,0.0002959,0x15618b604bb1adfe5c450b84ecff2ef01bf4e615,buy,0xd3c00772b24d997a812249ca637a921e81357701,0x0a01ce58e55f7322bf0fcb2fc957b0b22c1994790acf723efef4ba0cc81cfcf9
140,1000.1192064599741,0.23302777510517397,0x9b0ff208b9904d7769d36527695e27805180d79f,2017-10-21T23:48:39.000Z,0.000233,0xe70a443b193f5e82f4f8775004c5bf8d1bfdce54,sell,0xd3c00772b24d997a812249ca637a921e81357701,0x0e4aa1a25bb4c4e50b691c7ea8cd32574ca8c23aabadb11d1c2a48dec575dc5c
141,990.808,0.23085827390808,0x24418ab1b19550b380652432eac1ab37bf3d0fa9,2017-10-21T23:47:53.000Z,0.00023300001,0xe70a443b193f5e82f4f8775004c5bf8d1bfdce54,sell,0xd3c00772b24d997a812249ca637a921e81357701,0x1b76a55371eb2c718cbfcfb8358fcad47f42c0d0f2d566361dd30be59e636df7
142,1000,0.23301,0x8d71cd37bc1c715f6d4e9b5d68aa17a8b42cac87,2017-10-21T23:47:43.000Z,0.00023301,0xe70a443b193f5e82f4f8775004c5bf8d1bfdce54,sell,0xd3c00772b24d997a812249ca637a921e81357701,0x0a5a853a3646a2a90928bd45f0d48cd36f70996618bb403dab7f9f12a176c404
143,300,0.0957,0xed14c7d6ba3de845bbcdf9c6051dda1acbd5769f,2017-10-21T19:09:05.000Z,0.000319,0x225faf3833b6f47b2319e3da1856031839a34813,buy,0xd3c00772b24d997a812249ca637a921e81357701,0xca9636bd5b06f1fd1f91528c1bbae5e41a1f6ebdbb98c7fa668a783b5f45437f
144,13779.895324494068,3.1169020832379624,0x368f9f2cdbf512dd0458e012fd014a1296812958,2017-10-21T18:10:42.000Z,0.00022619199999999998,0xa63bc011f55d8f2d60c0ff23082d712d10d909b6,sell,0xd3c00772b24d997a812249ca637a921e81357701,0xab3a679f65fa470b51d07e28106951bf0f7c6042055234f231e7c9839a23b4fb
145,0.21864231648513077,0.000050943661927458,0x24418ab1b19550b380652432eac1ab37bf3d0fa9,2017-10-21T17:40:29.000Z,0.0002330000099999971,0x684d8908430c84029b4e8b8e74f94860dab94a38,sell,0xd3c00772b24d997a812249ca637a921e81357701,0x80ec74520e97dc9e01b4cc907a9043c3a3c87649e0127b111bc63c41eb350e86
146,2193.2010766623466,0.5110158508623268,0x9b0ff208b9904d7769d36527695e27805180d79f,2017-10-21T17:26:20.000Z,0.000233,0x684d8908430c84029b4e8b8e74f94860dab94a38,sell,0xd3c00772b24d997a812249ca637a921e81357701,0xa449dc8845e9d8759a349073397f971d4e010b10806746f1819047dbdac66124
147,0.10057546558316015,0.00002343408448663,0x24418ab1b19550b380652432eac1ab37bf3d0fa9,2017-10-21T16:51:23.000Z,0.00023300000999999034,0x9abc6158bc80830c3ca4fb55ad815b52065154d4,sell,0xd3c00772b24d997a812249ca637a921e81357701,0xa69e94bd0976be3d5782064108784a108126f905316fdd6f5209ac031a51a1ee
148,1008.8724952646795,0.23506730148539529,0x24418ab1b19550b380652432eac1ab37bf3d0fa9,2017-10-21T16:44:01.000Z,0.00023300000999999999,0x9abc6158bc80830c3ca4fb55ad815b52065154d4,sell,0xd3c00772b24d997a812249ca637a921e81357701,0xacaea797790ef4e0f3d7c0a258796a9d1c19a02355bd412f1ca5c07e6ca0b5bb
149,2741.671,0.76766788,0x9b0ff208b9904d7769d36527695e27805180d79f,2017-10-21T15:42:32.000Z,0.00028,0x225faf3833b6f47b2319e3da1856031839a34813,sell,0xd3c00772b24d997a812249ca637a921e81357701,0xe5f3ec342de500eb662b73f17f51194ae0d8689b14cdfa02533d31776054861c
150,0.11550454553674609,0.000030031181839553,0x15f8e988924cf1593e8d19942508d62732d38898,2017-10-21T06:03:09.000Z,0.00025999999999999147,0x749655d51ad1860b496b8f8df72f1b8e6ff2895d,sell,0xd3c00772b24d997a812249ca637a921e81357701,0x9febe656df82bcdb78d3fb5bfbc0d9803c36d564be1eaac2ea64d2b34d5780a1
151,1158.6260962791,0.324415306958148,0x9b0ff208b9904d7769d36527695e27805180d79f,2017-10-21T06:01:25.000Z,0.00028,0x749655d51ad1860b496b8f8df72f1b8e6ff2895d,sell,0xd3c00772b24d997a812249ca637a921e81357701,0x648d302fe9066c1e5cc103b3c9af5ead19c8c9d4629a82cb467ff2221641b337
152,1000,0.281,0x1fdf047bf7a114b37e7936d01e9cad754ad18803,2017-10-21T05:59:02.000Z,0.000281,0x749655d51ad1860b496b8f8df72f1b8e6ff2895d,sell,0xd3c00772b24d997a812249ca637a921e81357701,0x9d566aefce49839e43ff6c3a26553234d172c7fa2b8df254ea1bf51ddae3b372
153,792.8655123876765,0.2259666710304878,0x36183b5a55b176d9ea3f25728979bb3607c238dd,2017-10-21T05:56:30.000Z,0.000285,0x749655d51ad1860b496b8f8df72f1b8e6ff2895d,sell,0xd3c00772b24d997a812249ca637a921e81357701,0x338e7d9d8ac2042502eca00453611103c612036798c26dec5ace90dfe5b9a2ef
154,111,0.03663,0xc9cac38ae57d0c6c0429bf94fa974faf0e218baf,2017-10-21T05:56:30.000Z,0.00033,0x749655d51ad1860b496b8f8df72f1b8e6ff2895d,sell,0xd3c00772b24d997a812249ca637a921e81357701,0x614188cd13db39eba021d3d06573007c4f33ef4d6aec913232ae60dced3e88a1
155,7.134487612323511,0.0020333289695122,0x36183b5a55b176d9ea3f25728979bb3607c238dd,2017-10-21T05:28:05.000Z,0.0002849999999999999,0xc0db53f7a4f6ee1d8d635adffd51ebc25634e35f,sell,0xd3c00772b24d997a812249ca637a921e81357701,0x64cd4f4c12b0a4cd9d2b0bc0d40f12d52f45ae86e25277c75a9bef2a2e24da80
156,7989.481445241356,2.628539395484406,0x54cb357f8b221bac33b325d5fe78fd0f906c1872,2017-10-21T02:18:51.000Z,0.000329,0x1f30bff0c8296c1c59f184b0ecd2f7e99b2c0d74,buy,0xd3c00772b24d997a812249ca637a921e81357701,0x791dd7906b65aa38e4559063ddc059145dd9025b4a587d27dd911675debd1246
157,2500,0.75,0x5495b81b3654bae90ccc264b39ab0e51b395d58e,2017-10-21T01:46:58.000Z,0.0003,0x8d71cd37bc1c715f6d4e9b5d68aa17a8b42cac87,sell,0xd3c00772b24d997a812249ca637a921e81357701,0xc86d4e399203f5a4fa122fe61846d8b8d60be752b06a5e47ee5a107d79f01837
158,16129,4.99999,0x9aea7a2af78d831870a4d3ab7426b175e3f98eaf,2017-10-21T00:17:22.000Z,0.00031,0xa63bc011f55d8f2d60c0ff23082d712d10d909b6,sell,0xd3c00772b24d997a812249ca637a921e81357701,0xd9fc365350f728d1008cb2a8464eec8634707dfba5f24f734820eef41f12fb12
159,500,0.15,0x15f8e988924cf1593e8d19942508d62732d38898,2017-10-20T12:36:17.000Z,0.0003,0xb1576a6a8cb5d1e03ee6dfc01f30c35ed1275d6c,buy,0xd3c00772b24d997a812249ca637a921e81357701,0x9b44aa2186dab896044b871e35c15e585e777238a73ab6089e8c0553bf34a3d1
160,3000,0.99,0x15f8e988924cf1593e8d19942508d62732d38898,2017-10-20T11:26:30.000Z,0.00033,0x43b2126e7a22e0c288dfb469e3de4d2c097f3ca0,buy,0xd3c00772b24d997a812249ca637a921e81357701,0x32020e3a925071614e56572d36acd378264b2edd08a85658267ffc003bd6dec7
161,78.44772313946943,0.02582051893729439,0x15f8e988924cf1593e8d19942508d62732d38898,2017-10-20T11:16:00.000Z,0.000329143,0x71ca3f6e9e6680c73f912ac2c3921c7833a59e92,buy,0xd3c00772b24d997a812249ca637a921e81357701,0x49d96ed109aaddbfbac346d34f0e06db04f02c1259be6ad79e14dd7077ffd32d
162,1970,0.64840974,0x15f8e988924cf1593e8d19942508d62732d38898,2017-10-20T11:13:18.000Z,0.000329142,0x4d88bcf547e577f77cc371db302737f8df6c1e51,buy,0xd3c00772b24d997a812249ca637a921e81357701,0xc4cd7d85606a63c86e79d9f0883f7da2a9f5b15540a8031be18ca0d0afebc219
163,99.69095921901551,0.02791346858132434,0x9b0ff208b9904d7769d36527695e27805180d79f,2017-10-20T09:41:22.000Z,0.00028,0x488049319c07a4a5f11151adbe786771d9f74770,sell,0xd3c00772b24d997a812249ca637a921e81357701,0xc0cdcb80c869329967c49c903950a083ea62c717e66e82b3e3610abf051ba787
164,0.011925944535552587,0.000003339264469954,0x9b0ff208b9904d7769d36527695e27805180d79f,2017-10-20T09:12:00.000Z,0.00027999999999993926,0x488049319c07a4a5f11151adbe786771d9f74770,sell,0xd3c00772b24d997a812249ca637a921e81357701,0x25e3f2195b7b1ab6cf4018c7b82c5550de92b30c29478065a670f7f4ae9a9820
165,30,0.00987426,0x96373170538a83c7674ef92f41d195203a8abe09,2017-10-19T23:36:27.000Z,0.000329142,0x4d88bcf547e577f77cc371db302737f8df6c1e51,buy,0xd3c00772b24d997a812249ca637a921e81357701,0x4c72bae6a3b904f17223045c6c336e8096fa621efdca68e93ef4056af494399c
166,9921.55227686053,3.2656094810627057,0x9202b9433be1425c3c1b11bd602c035e40ceb2f3,2017-10-19T21:05:33.000Z,0.000329143,0x71ca3f6e9e6680c73f912ac2c3921c7833a59e92,buy,0xd3c00772b24d997a812249ca637a921e81357701,0x4b601288b3abb7e847c88c1fba1f7a02e123004dfba957d2994c1a4ff1730e9e
167,1621,0.533539182,0x9202b9433be1425c3c1b11bd602c035e40ceb2f3,2017-10-19T21:01:57.000Z,0.000329142,0x8d71cd37bc1c715f6d4e9b5d68aa17a8b42cac87,buy,0xd3c00772b24d997a812249ca637a921e81357701,0x48326a0b1a49ff454cb15066c3a4b74fce5a5473c0ae3c2dac447fba090a4fc6
168,1000,0.325,0x15f8e988924cf1593e8d19942508d62732d38898,2017-10-19T19:25:10.000Z,0.000325,0x8f3687b7ed758fbf896aa710424b2a7a6d2d4455,buy,0xd3c00772b24d997a812249ca637a921e81357701,0x972c298333a1b1f78df6eeda545a7d1f305a50fb762276b957bfb5d9db889ef8
169,1,0.00032998,0x6cdea8e07bf82d7a07dbf36642d6e5be8623845c,2017-10-19T14:24:17.000Z,0.00032998,0x8d71cd37bc1c715f6d4e9b5d68aa17a8b42cac87,buy,0xd3c00772b24d997a812249ca637a921e81357701,0x07e7ee8dcb35fe0f1e1fc0269f37d9530bdb9606dda33c71383781882b88ee3e
170,20845.10471249844,6.8786761040773605,0x54cb357f8b221bac33b325d5fe78fd0f906c1872,2017-10-19T04:23:00.000Z,0.00032999,0x9ebce71785facafc68c7a38bb92d77ba6e6e6602,buy,0xd3c00772b24d997a812249ca637a921e81357701,0x57b78b6216296d5556845e2cbaeca4c74e2ea4200c6b5c023f441d5245e56ea4
171,1567.4400088466657,0.3652135220612731,0x9b0ff208b9904d7769d36527695e27805180d79f,2017-10-19T03:01:29.000Z,0.000233,0xa91c7fe56503888ad7ef3e492aec1d63f028f6c7,sell,0xd3c00772b24d997a812249ca637a921e81357701,0x9e12eeae58279ad992f5d4b42cb1600e36873642254e2d9c7eca84433dac0738
172,2000,0.56,0x36183b5a55b176d9ea3f25728979bb3607c238dd,2017-10-19T03:00:46.000Z,0.00028,0xa91c7fe56503888ad7ef3e492aec1d63f028f6c7,sell,0xd3c00772b24d997a812249ca637a921e81357701,0xf64496c46cf5178c6a091121e56eb895bc7754d47763a6c9af221951d30b4455
173,788,0.25994544,0x6304890db7676b9b05dda66a0da4e35910de4274,2017-10-18T22:03:33.000Z,0.00032988,0x8d71cd37bc1c715f6d4e9b5d68aa17a8b42cac87,buy,0xd3c00772b24d997a812249ca637a921e81357701,0xeca6e82bd1d59dc93cea7046bcaf250aec3ec662ef5630ffc1701ff426405871
174,500,0.1648885,0x6304890db7676b9b05dda66a0da4e35910de4274,2017-10-18T22:01:11.000Z,0.000329777,0x695f7ca2b214b12912a8f74ab689907666cad96c,buy,0xd3c00772b24d997a812249ca637a921e81357701,0x6890ca79b478e42a181c8117306a8d3b9e694d2ae39f5b53bcb79b1742274fb2
175,23.11460319384204,0.007668731901620974,0xd512a6c7dc7e7bf94e03260340885d0e253e7df7,2017-10-18T20:37:39.000Z,0.00033177,0xd88a83b0a13d3cca6118985573ef142956aa0bce,buy,0xd3c00772b24d997a812249ca637a921e81357701,0xdf235e1bdbb1d21ca1500a6f6408266e9ab06b090bd35ba49deb9928159ca460
176,287,0.09471,0xdbc2b2caccf143b0d2fca3086ed4d87b70009808,2017-10-18T18:08:59.000Z,0.00033,0x43b2126e7a22e0c288dfb469e3de4d2c097f3ca0,buy,0xd3c00772b24d997a812249ca637a921e81357701,0x23916ebb631d9563fe24133809bd5687e186454cf06974b8fd81ca6c2285301c
177,2000,0.65976,0xfb7841ac011090acd01aff299582c09079fffb1b,2017-10-18T17:40:47.000Z,0.00032988,0x8d71cd37bc1c715f6d4e9b5d68aa17a8b42cac87,buy,0xd3c00772b24d997a812249ca637a921e81357701,0xc838755dc37461a88e542ca2ffc4c7b2cfd4ce578307cdf68b472fa48d0e566f
178,1,0.00033,0x3ac636ac5c3a2576156ac5f10066ca68abe0ad54,2017-10-18T17:38:28.000Z,0.00033,0x43b2126e7a22e0c288dfb469e3de4d2c097f3ca0,buy,0xd3c00772b24d997a812249ca637a921e81357701,0xd572e20f5ecc931750ff452eff7d66ecf7a98d8d15e2ee471f4a8e96b0f748fd
179,1.5151974302251583,0.0005,0xf9695cd65d6dfdf257fab76a3eb0cb8f001971cc,2017-10-18T15:38:24.000Z,0.00032999,0x9ebce71785facafc68c7a38bb92d77ba6e6e6602,buy,0xd3c00772b24d997a812249ca637a921e81357701,0xf7d62f423773ebf24df370a328d8c9d955d4dc307c6ec8de16d37539e8f74f2d
180,1.5151974302251583,0.0005,0x379374d13077e8867ef31803c37baf9785a17c00,2017-10-18T15:37:34.000Z,0.00032999,0x9ebce71785facafc68c7a38bb92d77ba6e6e6602,buy,0xd3c00772b24d997a812249ca637a921e81357701,0x89bc67cdc017c6b87e210f87572147556100731c011f2d9098d0395ba81b08d0
181,2788,0.473962788,0x8d71cd37bc1c715f6d4e9b5d68aa17a8b42cac87,2017-10-18T15:33:22.000Z,0.000170001,0xb08219fc1ed91a1313bb5feecec63aef0c7568f1,sell,0xd3c00772b24d997a812249ca637a921e81357701,0xcd8df55006d04723b4a633bfeea6bb63acce8cd0b8a8922a02c6a1345ec2e24f
182,3200,0.5600032,0x979aeda7863b556d33702eacc851ebcdf4de0259,2017-10-18T15:28:45.000Z,0.000175001,0xb08219fc1ed91a1313bb5feecec63aef0c7568f1,sell,0xd3c00772b24d997a812249ca637a921e81357701,0x8e024530aa5f8029d0ec8550a28cf6c527cd1475a554b5c2ba938ce3310e9a53
183,3000,0.525006,0x8d71cd37bc1c715f6d4e9b5d68aa17a8b42cac87,2017-10-18T15:26:42.000Z,0.000175002,0xb08219fc1ed91a1313bb5feecec63aef0c7568f1,sell,0xd3c00772b24d997a812249ca637a921e81357701,0xa1d9bffafc0ec0d9c2a0999f82e8b6ed820fcc10012ca974f6b1c12f55a4f359
184,2618,0.86394,0xefd013cadb82f28b92a49fda136d2123b71ba25d,2017-10-18T13:33:54.000Z,0.00033,0x43b2126e7a22e0c288dfb469e3de4d2c097f3ca0,buy,0xd3c00772b24d997a812249ca637a921e81357701,0x3615a4d9dadddc45d3cf74596f1d118999cb76fbf51fde68c622e8cd5306c59f
185,2568.1033954760783,0.8475306187818064,0x6f3605744f547ac8d6494a64292b4e7e292a2ba2,2017-10-18T10:46:45.000Z,0.000330022,0xc0db53f7a4f6ee1d8d635adffd51ebc25634e35f,buy,0xd3c00772b24d997a812249ca637a921e81357701,0x0dd45de1b38dd392ee14b7260ff7a18419aedc3d64cd03685968accfdf320fc1
186,19010,6.2733,0x6f3605744f547ac8d6494a64292b4e7e292a2ba2,2017-10-18T10:42:32.000Z,0.00033,0x43b2126e7a22e0c288dfb469e3de4d2c097f3ca0,buy,0xd3c00772b24d997a812249ca637a921e81357701,0x3260c7de336f4ab7f7fff8c8912d74045b539fa51123d66fe1e7bea027b135b5
187,250,0.0825055,0x179c6ae2129da08767391429911ef1ea32c7b6d4,2017-10-18T03:05:09.000Z,0.000330022,0xc0db53f7a4f6ee1d8d635adffd51ebc25634e35f,buy,0xd3c00772b24d997a812249ca637a921e81357701,0x4f8a41653936f02cd14474b805600f5509756d3a19d5d325ff51de1a3917fcdb
188,3003.09,0.600618,0x9b0ff208b9904d7769d36527695e27805180d79f,2017-10-18T02:43:45.000Z,0.0002,0xcf0dbf7b0439f57528c45367927df876141f8a1e,sell,0xd3c00772b24d997a812249ca637a921e81357701,0x5693d445e2f05133de9cda59ae6f519fab9d7a7bab91f5fd3c1b4a4e70748a85
189,3003.09,0.600618,0x9b0ff208b9904d7769d36527695e27805180d79f,2017-10-18T02:43:34.000Z,0.0002,0xcf0dbf7b0439f57528c45367927df876141f8a1e,sell,0xd3c00772b24d997a812249ca637a921e81357701,0x5693d445e2f05133de9cda59ae6f519fab9d7a7bab91f5fd3c1b4a4e70748a85
190,1.5119443604475356,0.0005,0x16e5d97bbc92417e051e3b2cabfbf8ceea2acb9c,2017-10-17T18:38:22.000Z,0.0003307,0xd88a83b0a13d3cca6118985573ef142956aa0bce,buy,0xd3c00772b24d997a812249ca637a921e81357701,0xd9750821e6132b05f484726d45865a9610ef0fe9b162f2f376c32c22371e5e66
191,1.5053756966126035,0.0005,0xcd912af5286dc0b0a23edb30209734ecb60838b3,2017-10-17T06:16:59.000Z,0.000332143,0x71ca3f6e9e6680c73f912ac2c3921c7833a59e92,buy,0xd3c00772b24d997a812249ca637a921e81357701,0x992a264f4eaee080eb211b9527e2cc07f7f3c3a0455c6ad317cdfe66a023e2dd
192,10000,3.33,0x6db4c297e7b4bee3b35c0c68d5179525747ceb78,2017-10-17T05:04:55.000Z,0.000333,0x9315f51a5678286f45f7ab087c11371218bad4fd,buy,0xd3c00772b24d997a812249ca637a921e81357701,0x441a3c76051c455cd37b71d8f42350e21e3b9f0dc08264359bacdd6c2316aafa
193,4449.023,1.3347069,0x6db4c297e7b4bee3b35c0c68d5179525747ceb78,2017-10-17T04:58:58.000Z,0.0003,0x09840c28d82feb998b03123666fae237de636583,buy,0xd3c00772b24d997a812249ca637a921e81357701,0x4e8a3fac4544a9564b79e9a76d58068b352428bfa6364b265301c1166176446e
194,199.43161649517958,0.05982948494855388,0x6304890db7676b9b05dda66a0da4e35910de4274,2017-10-16T23:16:05.000Z,0.0003,0x09840c28d82feb998b03123666fae237de636583,buy,0xd3c00772b24d997a812249ca637a921e81357701,0x1fcd869a18de3ee161d5f778fd772ec758604878229c98b1143acaea59f88fea
195,498.54506314643527,0.14956351894393058,0x6304890db7676b9b05dda66a0da4e35910de4274,2017-10-16T22:58:11.000Z,0.0003,0x09840c28d82feb998b03123666fae237de636583,buy,0xd3c00772b24d997a812249ca637a921e81357701,0xc3769ee53f53c17a5c151dc1694ce76ff04fa979b48481b0df58120bedafa9d0
196,70,0.021,0x36183b5a55b176d9ea3f25728979bb3607c238dd,2017-10-16T20:52:19.000Z,0.0003,0xbb5a3d4ee794799cc6c90f01c5ec6bb315a22a95,buy,0xd3c00772b24d997a812249ca637a921e81357701,0x03a7aeb36df06d9c00886e307c9ea3de769390eff6a7836fb76621a6ac19bb2f
197,100,0.03,0xd512a6c7dc7e7bf94e03260340885d0e253e7df7,2017-10-16T14:36:06.000Z,0.0003,0xbb5a3d4ee794799cc6c90f01c5ec6bb315a22a95,buy,0xd3c00772b24d997a812249ca637a921e81357701,0x6806c2449b10291caac25406631a8813a7f110a0f327ad22b3df50cc414a833a
198,996.9095803010667,0.19938191606021333,0x9b0ff208b9904d7769d36527695e27805180d79f,2017-10-16T12:01:05.000Z,0.00019999999999999998,0x20f3027ff5affdfada79581122dcbd9309e4bf46,sell,0xd3c00772b24d997a812249ca637a921e81357701,0x619cbbcc177cbbcfa02d2091ce9c744b81fb1ccbe2b17b7567261c3f6d29d197
199,1370,0.411,0xe2f1b5c78e180089f418a451b86a99fe3d1bb2f0,2017-10-15T13:39:33.000Z,0.0003,0xea44af68f839c11ed1730839af6e11fbdc63a10d,buy,0xd3c00772b24d997a812249ca637a921e81357701,0x6f9f6672bd23c7da6547c218c8dca5b5e278224e18819e88007191c10d186883
200,2313,0.67077,0xe2f1b5c78e180089f418a451b86a99fe3d1bb2f0,2017-10-15T13:36:28.000Z,0.00029,0x3dee4a4e076e8d82859d241db0baf46f112cfa23,buy,0xd3c00772b24d997a812249ca637a921e81357701,0x69670b154bff63a8677ea29d49c136c1470af069329414b2946e685f64a32e56
201,188.235,0.0564705,0xe2f1b5c78e180089f418a451b86a99fe3d1bb2f0,2017-10-15T13:32:12.000Z,0.0003,0x09840c28d82feb998b03123666fae237de636583,buy,0xd3c00772b24d997a812249ca637a921e81357701,0x56f1c8c764f56059b3bb118ff59bf1d2811bce11f55c6a5071eac66e463ed7cc
202,3691.521,1.1074563,0xe2f1b5c78e180089f418a451b86a99fe3d1bb2f0,2017-10-15T13:20:43.000Z,0.0003,0x09840c28d82feb998b03123666fae237de636583,buy,0xd3c00772b24d997a812249ca637a921e81357701,0xaab9e8396ca014a84b0fbfe68c69c2159425f292bd5519cbcb9a7e1ca9514b57
203,1500,0.45,0xe2f1b5c78e180089f418a451b86a99fe3d1bb2f0,2017-10-15T12:45:36.000Z,0.0003,0xea44af68f839c11ed1730839af6e11fbdc63a10d,buy,0xd3c00772b24d997a812249ca637a921e81357701,0x323e5dd06112c6c20bba35f0930e8778120e5d4037a8afa7fec846c45d8394d4
204,1571.2210611617954,0.46351021304272966,0xf9853ff789b6cf3e7da9fdd5e732b9b55d30ff05,2017-10-15T04:51:36.000Z,0.000295,0x3dee4a4e076e8d82859d241db0baf46f112cfa23,buy,0xd3c00772b24d997a812249ca637a921e81357701,0x2044a302b640830c69dc6558ebe4a5b7e425c3850de3f70f31899bc7098a49db
205,15500,4.522435,0xf9853ff789b6cf3e7da9fdd5e732b9b55d30ff05,2017-10-15T04:49:10.000Z,0.00029177,0xd88a83b0a13d3cca6118985573ef142956aa0bce,buy,0xd3c00772b24d997a812249ca637a921e81357701,0xcefdc018e8e8cd0626e45768fb6bbce3efc388297c70953651dd9a65fa0e5212
206,250,0.0725,0x36183b5a55b176d9ea3f25728979bb3607c238dd,2017-10-15T04:42:45.000Z,0.00029,0xea44af68f839c11ed1730839af6e11fbdc63a10d,buy,0xd3c00772b24d997a812249ca637a921e81357701,0x7441c60b51acdb2f1e3bdec8c068d384f96e86566cbeded0af47a329af063173
207,1250,0.3625,0x36183b5a55b176d9ea3f25728979bb3607c238dd,2017-10-15T04:21:50.000Z,0.00029,0xea44af68f839c11ed1730839af6e11fbdc63a10d,buy,0xd3c00772b24d997a812249ca637a921e81357701,0xf079e9cee43d2d7454a833b9b0091169612ad69ec17e0b6ccbef15736eb5245b
208,1500,0.435,0x36183b5a55b176d9ea3f25728979bb3607c238dd,2017-10-15T04:18:47.000Z,0.00029,0xea44af68f839c11ed1730839af6e11fbdc63a10d,buy,0xd3c00772b24d997a812249ca637a921e81357701,0xbb7e09dcbe1a0b80b513566daad931660488c2f913d815554216a3b49df6a3bd
209,580,0.223067942,0x564bdbb6382309ed96072ddb271a79e6e9718d7d,2017-10-15T02:32:23.000Z,0.0003845999,0xad340745670a6f6603008d0277bcce84a28c32a5,buy,0xd3c00772b24d997a812249ca637a921e81357701,0x38e239e6f337ab4ac023063365d9b1580ffc24bc9a224b2fbc1372c33b6ff6a0
210,300,0.09,0x5c07db9b35187bad4f43668f9bc7af11a03bb9fd,2017-10-14T16:00:53.000Z,0.0003,0x09840c28d82feb998b03123666fae237de636583,buy,0xd3c00772b24d997a812249ca637a921e81357701,0x7c25d13cdd57b68720ca3e623e365ed2f83f95b466a72880fd1f3e7f5749ed6e
211,0.8151640864690272,0.000240473405508363,0x4469ac0adee9cb011a0eaa57425c2b6a7bbc2556,2017-10-14T15:31:28.000Z,0.000295,0x3dee4a4e076e8d82859d241db0baf46f112cfa23,buy,0xd3c00772b24d997a812249ca637a921e81357701,0x159445f6a1052a84c3dde708fb18d9d6e27bb1b12860a44b0ca69b0bd1358145
212,999.9003090419699,0.10776625560761639,0x695f7ca2b214b12912a8f74ab689907666cad96c,2017-10-14T15:20:17.000Z,0.000107777,0xcbbe76a9a51c17988281663aa3c37c060b377acc,sell,0xd3c00772b24d997a812249ca637a921e81357701,0x44d2f13c796c7986728b2b4c908e100394e6e5d879cda56d8854769aaef554f9
213,114.13331655112307,0.033669328382581305,0x179c6ae2129da08767391429911ef1ea32c7b6d4,2017-10-14T13:23:32.000Z,0.000295,0x3dee4a4e076e8d82859d241db0baf46f112cfa23,buy,0xd3c00772b24d997a812249ca637a921e81357701,0xa70536ad0b1eb3924e7f6b92dabd316e51ff89c8d4eef64c176e0af03f0b68c3
214,664.7646675262158,0.19942940025786476,0x58fc3333334c9f2f479529bdf16424272b0370ae,2017-10-14T11:54:19.000Z,0.0003,0x09840c28d82feb998b03123666fae237de636583,buy,0xd3c00772b24d997a812249ca637a921e81357701,0xce19d950b1084f282f89a4ab644b5713fbb3bb126e357bc5c33b709aaf5a5af9
215,135.63,0.0162756,0x9b0ff208b9904d7769d36527695e27805180d79f,2017-10-14T05:32:19.000Z,0.00012,0xd18ae395f93d7050aa231cae046ce417f0475b22,buy,0xd3c00772b24d997a812249ca637a921e81357701,0x91c77f8eefc6310b8294aca04fe0d26c11ff34eba2ff20d3d54317146de3ae19
216,4000,1.2,0x46dc6b56513ae75026900e7fd27aaf835cd0163a,2017-10-14T04:05:22.000Z,0.0003,0x09840c28d82feb998b03123666fae237de636583,buy,0xd3c00772b24d997a812249ca637a921e81357701,0xae375fbda77cdea4cd6c0889aa48d49179763c247f6fe1bd1612cde64ad08aab
217,859.525,0.221766904775,0xad340745670a6f6603008d0277bcce84a28c32a5,2017-10-14T03:46:17.000Z,0.000258011,0x09840c28d82feb998b03123666fae237de636583,sell,0xd3c00772b24d997a812249ca637a921e81357701,0x26771d1c89f0a617fd9a6a2495525b9cfbf152793060131cd416040ff8bebd69
218,3000,0.825,0x9b0ff208b9904d7769d36527695e27805180d79f,2017-10-14T02:30:52.000Z,0.000275,0x09840c28d82feb998b03123666fae237de636583,sell,0xd3c00772b24d997a812249ca637a921e81357701,0x5e753e2a1e203e01353608abd56b0ef7bbcf54b005df3eafee09e02f5b0046d7
219,282.44996855043786,0.09320848962164449,0x706bc317d2f94e2bf479d04dfc822d2aa51eabba,2017-10-14T01:48:20.000Z,0.00033,0xbb5a3d4ee794799cc6c90f01c5ec6bb315a22a95,sell,0xd3c00772b24d997a812249ca637a921e81357701,0x4407c3710173a5f9e58e12e3d1849fe521c4ddd086e33b2378e7715239770f81
220,4000,1.1004,0x3dee4a4e076e8d82859d241db0baf46f112cfa23,2017-10-14T00:51:50.000Z,0.0002751,0x09840c28d82feb998b03123666fae237de636583,sell,0xd3c00772b24d997a812249ca637a921e81357701,0x6954da47437649e53dc612c2be292f7972840da0db9ee7ff882f51774c705795
221,1181.9205623856367,0.4763139866414116,0x58fc3333334c9f2f479529bdf16424272b0370ae,2017-10-13T23:01:43.000Z,0.000403,0x9b0ff208b9904d7769d36527695e27805180d79f,buy,0xd3c00772b24d997a812249ca637a921e81357701,0x6d7a62eda88230c33fc84a5a964a5b113086766531b8125bcc3ed23079b9df71
222,2098.80924800621,0.7975475142423598,0x41951225ff2851251f552a409533183bfc91217f,2017-10-13T22:37:09.000Z,0.00038,0x502a250a6e6184940aa1948a0c4238be7c42051e,buy,0xd3c00772b24d997a812249ca637a921e81357701,0xe79c50126d03cd153171c2e935653ba350fed89074d9b440c3f29f8795541453
223,125,0.04,0x91ce8057d177b885669417acaccad32186394cce,2017-10-13T21:41:51.000Z,0.00032,0x09840c28d82feb998b03123666fae237de636583,sell,0xd3c00772b24d997a812249ca637a921e81357701,0x4fef14784fc8504c2c84727e7d5509026331465c3ca38bd0dcebaaca68e031b4
224,726.471,0.24700014,0x41951225ff2851251f552a409533183bfc91217f,2017-10-13T19:31:01.000Z,0.00034,0xd3c7d671e67549e54ff47ec38d3d78fb88b89b3a,buy,0xd3c00772b24d997a812249ca637a921e81357701,0xd28834844d82e0f1001ddf4630436205f5887294750b4263eb792f06537e64df
225,73.529,0.02499986,0x502a250a6e6184940aa1948a0c4238be7c42051e,2017-10-13T15:39:06.000Z,0.00034,0xd3c7d671e67549e54ff47ec38d3d78fb88b89b3a,buy,0xd3c00772b24d997a812249ca637a921e81357701,0xaf90af450276a3e1d905e9808bf4dca9c7566f312352aa603a65df6cb320975c
226,1500,0.51,0x502a250a6e6184940aa1948a0c4238be7c42051e,2017-10-13T15:10:28.000Z,0.00034,0xd3c7d671e67549e54ff47ec38d3d78fb88b89b3a,sell,0xd3c00772b24d997a812249ca637a921e81357701,0x09be1e62a90c0b3933ea33a4b4eeec875c25805804361bd1b0c33b013d3fcdf8
227,1179.2346250005137,0.45990150375020034,0x46580b9a64022ac0a3d283ce7c9ee9d9e0f59050,2017-10-13T04:03:52.000Z,0.00039,0x502a250a6e6184940aa1948a0c4238be7c42051e,buy,0xd3c00772b24d997a812249ca637a921e81357701,0x6c273603d6a16f5de7b7f3873bb18bf65f5604077593609528e638027a5d2bc3
228,6584,2.56776,0x46580b9a64022ac0a3d283ce7c9ee9d9e0f59050,2017-10-13T04:01:53.000Z,0.00039,0x533fc711beaafd047d5509125dde5a8bccb1f8de,buy,0xd3c00772b24d997a812249ca637a921e81357701,0x5f674bb479535a440b61d1de414663c9e1ebb7b8e002942778342502c943a822
229,191.75225446282357,0.07478337924050119,0x98fca61382765e3f7f05aa5d181a6fca2987465d,2017-10-13T00:52:03.000Z,0.00039,0x502a250a6e6184940aa1948a0c4238be7c42051e,buy,0xd3c00772b24d997a812249ca637a921e81357701,0x6a678040861d7f5e5b16ab905a63ec3a50abc1aa8086a0ec4bbee73320711806
230,2.480595630843688,0.000818596558178417,0x706bc317d2f94e2bf479d04dfc822d2aa51eabba,2017-10-13T00:48:26.000Z,0.00032999999999999994,0x41951225ff2851251f552a409533183bfc91217f,sell,0xd3c00772b24d997a812249ca637a921e81357701,0xbc915d2a5a4cc4a547ece3dbcec2a2575cdcf7f591ef6bafcb39f6dbdac30537
231,2193.2010766623466,0.6601535240753663,0x9b0ff208b9904d7769d36527695e27805180d79f,2017-10-13T00:02:32.000Z,0.000301,0x6c0c7d087c20f4ccf683147d4d756ac7f4a71b57,sell,0xd3c00772b24d997a812249ca637a921e81357701,0x0e4521740c4f44595fa572137d9fa2a4f5688352447e701641e48b712d0aa312
232,0.00000000017,0.0000000000000663,0xd5df876618365d18133a7b78d63d58793bf6954e,2017-10-12T19:43:22.000Z,0.00039,0x502a250a6e6184940aa1948a0c4238be7c42051e,buy,0xd3c00772b24d997a812249ca637a921e81357701,0xda2e0969d3bec004443861ec88543d0efcbbcb0737fd1ecb86252cfe00397edc
233,213.33865018442827,0.07040175456086133,0x706bc317d2f94e2bf479d04dfc822d2aa51eabba,2017-10-12T17:04:15.000Z,0.00033,0xcf1b28cf98190af63361adb105b36c8d565e3d19,sell,0xd3c00772b24d997a812249ca637a921e81357701,0x062a67bad05c35c18069f081e235d964b40a1250adfa917d4d1a7296a3f50fa8
234,14953.643704516,4.456200777589473,0x979aeda7863b556d33702eacc851ebcdf4de0259,2017-10-12T16:30:18.000Z,0.000298001,0x9d9b95f1e99eb3dc3291d61924d9768aa08235b4,sell,0xd3c00772b24d997a812249ca637a921e81357701,0x47e3d4ead28d149e293fc3b1a86b430db5ce9f5bd9cee2dcf89570dcaae9398f
235,321.7307856342902,0.10617115925931576,0x706bc317d2f94e2bf479d04dfc822d2aa51eabba,2017-10-12T16:17:46.000Z,0.00033,0xc6f781aba6232641260eb66ea49889728d244234,sell,0xd3c00772b24d997a812249ca637a921e81357701,0x02b1f0549450c585807e32788a05183073071f0843c04911e30e357032b5fec6
236,600,0.204,0x502a250a6e6184940aa1948a0c4238be7c42051e,2017-10-12T16:14:48.000Z,0.00034,0xc6f781aba6232641260eb66ea49889728d244234,sell,0xd3c00772b24d997a812249ca637a921e81357701,0xd627dc4d37033f940406968dffd0c57e8a3274c3b4c6a5130e7b93371a244dfb
237,276.0903694407381,0.09387072560985095,0x1870543be1136ab8b71d82c6edfbd12d139c1cbf,2017-10-12T16:13:20.000Z,0.00033999999999999997,0xc6f781aba6232641260eb66ea49889728d244234,sell,0xd3c00772b24d997a812249ca637a921e81357701,0x6cdfc945bb58f9fa5f158d77a740f2cbf9d8f5b65145abea3d833612d6575d7b
238,2000,0.6022,0x3dee4a4e076e8d82859d241db0baf46f112cfa23,2017-10-12T16:06:40.000Z,0.0003011,0xcf1b28cf98190af63361adb105b36c8d565e3d19,sell,0xd3c00772b24d997a812249ca637a921e81357701,0xfc95b2b2cb15738b95fc7ae5520c0e9960a49536ff7b8d22979d7c3afd39f219
239,227,0.07718,0x1870543be1136ab8b71d82c6edfbd12d139c1cbf,2017-10-12T08:27:32.000Z,0.00034,0x41951225ff2851251f552a409533183bfc91217f,sell,0xd3c00772b24d997a812249ca637a921e81357701,0xaa949b9a34d91e3e29b7fea6aa008fc19982c6da0228170eabe91dd3cb3f814b
240,230.1692854772993,0.08976602133614672,0x41951225ff2851251f552a409533183bfc91217f,2017-10-12T06:12:29.000Z,0.00039,0x502a250a6e6184940aa1948a0c4238be7c42051e,buy,0xd3c00772b24d997a812249ca637a921e81357701,0xf7142e6b775fcfb8e45e5c55ca92095570b43f08cba1151547e45ecd97f1f324
241,996.9096305592619,0.33894927439014905,0x1870543be1136ab8b71d82c6edfbd12d139c1cbf,2017-10-12T05:18:57.000Z,0.00033999999999999997,0x4c725e97432c5d571000d778b641f57c8105d1b1,sell,0xd3c00772b24d997a812249ca637a921e81357701,0xcd7da8aea4efeaef48e07eb42457dffe71fb2002800c8246fc7d7b53223e5c5f
242,296.84383505919345,0.11576909567308545,0x179c6ae2129da08767391429911ef1ea32c7b6d4,2017-10-12T02:06:17.000Z,0.00039,0x502a250a6e6184940aa1948a0c4238be7c42051e,buy,0xd3c00772b24d997a812249ca637a921e81357701,0x6ba1ad318d09a9ca890c4c4935a0649569555f838847736b946695c54a64fc17
243,2,0.00078,0xbf52f67f8524587d6a7ab1f1f8d092c635b9587f,2017-10-11T16:39:38.000Z,0.00039,0x502a250a6e6184940aa1948a0c4238be7c42051e,buy,0xd3c00772b24d997a812249ca637a921e81357701,0x78b333c35a96ca26c8954f1c6cd4c229d4c5d708eacb9b60b6f5da2d58d9bb17
244,1761.787,0.710000161,0x54cb357f8b221bac33b325d5fe78fd0f906c1872,2017-10-11T16:31:16.000Z,0.000403,0x9b0ff208b9904d7769d36527695e27805180d79f,buy,0xd3c00772b24d997a812249ca637a921e81357701,0x13b6976f2bf52be4182f7de9308321c5ede3f7ce3a59ab3a5e2542cfeb717ad8
245,0.0993828711296049,0.000032796347472769,0x395fafcdd89179a24ce8c7dd6b1eed682ba71aa9,2017-10-11T13:10:37.000Z,0.0003299999999999938,0x113a72e2219927781fb0a5765a3c13567c664138,sell,0xd3c00772b24d997a812249ca637a921e81357701,0x28814c9e9797bb5e9368ec082a85a6b9671c57c64134f7386e61016f976fee6b
246,375,0.15,0x540aebaf657ba062ef368ea2edb37074de292a77,2017-10-11T12:17:50.000Z,0.0004,0x706bc317d2f94e2bf479d04dfc822d2aa51eabba,buy,0xd3c00772b24d997a812249ca637a921e81357701,0xead8266b6ed8939d7cb5395b5122ef2b1d33594a834698c2fc7080d635ba9034
247,250,0.1,0x540aebaf657ba062ef368ea2edb37074de292a77,2017-10-11T12:07:49.000Z,0.0004,0x706bc317d2f94e2bf479d04dfc822d2aa51eabba,buy,0xd3c00772b24d997a812249ca637a921e81357701,0x25b5eb5f64af9e5b0147f3946960683d5402eed67b1a00cba78daa6dadd16738
248,996.9095803010667,0.328980161499352,0x395fafcdd89179a24ce8c7dd6b1eed682ba71aa9,2017-10-11T09:51:40.000Z,0.00033,0x113a72e2219927781fb0a5765a3c13567c664138,sell,0xd3c00772b24d997a812249ca637a921e81357701,0xb629eb8190a30cd3a78018971b1622a42e5483dfea040c273976e46dbb41895a
249,266.297,0.107850285,0x46580b9a64022ac0a3d283ce7c9ee9d9e0f59050,2017-10-10T20:48:56.000Z,0.000405,0xea44af68f839c11ed1730839af6e11fbdc63a10d,buy,0xd3c00772b24d997a812249ca637a921e81357701,0x5c8584549e9d3af7dd78f7f6eb5a8e1616d7f0a0a99d27789287dcd511f062fb
250,1070,0.428,0x46580b9a64022ac0a3d283ce7c9ee9d9e0f59050,2017-10-10T20:48:28.000Z,0.0004,0x03233566efbb28f2dc5498d695f83adb8b558c6e,buy,0xd3c00772b24d997a812249ca637a921e81357701,0xfa2b92fc70bd830ee59ef2bc7091d9376f2a8d7aed34f164544a176c39c81312
251,30,0.012,0xcf7008288b39e3e236543143e900b3593b914a94,2017-10-10T20:02:28.000Z,0.0004,0x03233566efbb28f2dc5498d695f83adb8b558c6e,buy,0xd3c00772b24d997a812249ca637a921e81357701,0xc2832ba95c6ee86cbb8fe2a07cc67ba6fd524b04a41f6f28a094b358aa9ed6b7
252,700,0.2821,0x1b2e6025df15d32c35e63017381f3886ee18fa85,2017-10-10T18:15:31.000Z,0.000403,0x851638b1a455db32e74a51d8d963910049597fc8,sell,0xd3c00772b24d997a812249ca637a921e81357701,0x7c41e7ff68670f75a0247061cc02bfd5ccd75980effb972f2785b89ea624abee
253,3300,1.32,0xf65fa33c1a81b8e33c5e86d5122c35b29d6b5905,2017-10-10T17:08:03.000Z,0.0004,0x03233566efbb28f2dc5498d695f83adb8b558c6e,buy,0xd3c00772b24d997a812249ca637a921e81357701,0x74495fe667663fe58b384ed1b7f952ed1b0b865356dc8581a0a9f62fbf85e58a
254,5.5,0.002475,0xd88a83b0a13d3cca6118985573ef142956aa0bce,2017-10-10T13:35:43.000Z,0.00045,0x533fc711beaafd047d5509125dde5a8bccb1f8de,buy,0xd3c00772b24d997a812249ca637a921e81357701,0x914057731c87b9384489541bd97c0a6c4a8e70bfb3f9991415e0403eaa40e5e2
255,365,0.147095,0x99ec2a9eeba68daa62a5c6929f1b557a6f6600e0,2017-10-10T12:58:51.000Z,0.000403,0xd88a83b0a13d3cca6118985573ef142956aa0bce,sell,0xd3c00772b24d997a812249ca637a921e81357701,0x20417306eff8865ffd89dd8c76b121b2810085217427a67aa64050832a870649
256,3000,1.2,0x54cb357f8b221bac33b325d5fe78fd0f906c1872,2017-10-10T05:29:49.000Z,0.0004,0xbb5a3d4ee794799cc6c90f01c5ec6bb315a22a95,buy,0xd3c00772b24d997a812249ca637a921e81357701,0xbf1a0bc0704f4b72e80d678c2088ec5724561751283e63224747f4aa6babcec2
257,3891,1.128393891,0x979aeda7863b556d33702eacc851ebcdf4de0259,2017-10-10T03:38:06.000Z,0.000290001,0xd88a83b0a13d3cca6118985573ef142956aa0bce,sell,0xd3c00772b24d997a812249ca637a921e81357701,0xdd8ecf16093e76cbc6f31fd5d3a804b7b9580a252d5a8b2b91df1822636c95b8
258,2093.51011863224,0.5652477320307048,0xd3eb46fe0b16307ea72dd2d8d95dbfd4c7ebeddb,2017-10-10T02:12:02.000Z,0.00027,0x5e2113ed022feebc901825f5ac0f57d84023a297,sell,0xd3c00772b24d997a812249ca637a921e81357701,0x22546672e195d333de8c6e6fb86d55529d241d4ff207a37b0a1d5b3664b91fcf
259,2500,0.80005,0x3dee4a4e076e8d82859d241db0baf46f112cfa23,2017-10-09T21:07:44.000Z,0.00032002,0x9310929406050fcca085623b26611fedb1222cac,sell,0xd3c00772b24d997a812249ca637a921e81357701,0x62bcadacaa3e68ad0ca6db889aeb6c02f83fcdf36465bd25c5be651bced6711d
260,5007,1.60224,0x860cc66aaeaa70668e319c7a2812078d406ecf85,2017-10-09T21:02:51.000Z,0.00032,0x9310929406050fcca085623b26611fedb1222cac,sell,0xd3c00772b24d997a812249ca637a921e81357701,0x25bd0552e71a5cbb059ca04b59b6457340d3240f93e84381cb067d4ef2c15942
261,1360,0.5508,0xf6fb7a4de4bf4bc746783abc63000b0148dac855,2017-10-09T20:14:49.000Z,0.000405,0xea44af68f839c11ed1730839af6e11fbdc63a10d,buy,0xd3c00772b24d997a812249ca637a921e81357701,0xc49131058715d3259e07f7fb56a2269c4294aa69a10110e166dee28b129b7b9e
262,296.296,0.11999988,0x16d6054521a23d9ec93d84eed8756574a2835236,2017-10-09T19:52:00.000Z,0.000405,0xea44af68f839c11ed1730839af6e11fbdc63a10d,buy,0xd3c00772b24d997a812249ca637a921e81357701,0x1f35fd35456d51c44bcfed82f48e9510ceda761807e85e99916dbff984f3a3a1
263,407.407,0.164999835,0x9b4e5df3ee92137f3b459819defc5d0e7f0ef03b,2017-10-09T19:20:46.000Z,0.000405,0xea44af68f839c11ed1730839af6e11fbdc63a10d,buy,0xd3c00772b24d997a812249ca637a921e81357701,0xfeafe1bd83503aa50fb199120fc699ec36162fe5426068485660c9d74f9cb5fa
264,50,0.0195,0x16d6054521a23d9ec93d84eed8756574a2835236,2017-10-09T19:10:37.000Z,0.00039,0xccb9be2484993461f8011a0fd0b42def8561fd90,buy,0xd3c00772b24d997a812249ca637a921e81357701,0xb2e67c8911558b5ba0ba5707d6152598d08dfe9162642c0240715ab7ce71de9b
265,1990,0.796,0x9b4e5df3ee92137f3b459819defc5d0e7f0ef03b,2017-10-09T18:48:42.000Z,0.0004,0x89fcb62aa1042ffbec885339842b54194ad035ba,buy,0xd3c00772b24d997a812249ca637a921e81357701,0x342d2cdfb864fa7ecdbbc5ca439a625bea12463b390e945ab5b684ad1c1a945a
266,779.84787407,0.3032672412683416,0x5ae933bfbbaa04c3e05ae56295138174ada9799c,2017-10-09T18:37:47.000Z,0.00038888,0x4bf37db6c16f5663e00936986b5b4d5278f84000,buy,0xd3c00772b24d997a812249ca637a921e81357701,0x51d826702659bd0cb9e879286d54ef095cf2b7c58e2d7b200790785cfc897b7c
267,777.50833044779,0.31566838216180276,0x9b4e5df3ee92137f3b459819defc5d0e7f0ef03b,2017-10-09T18:37:47.000Z,0.000406,0x5ae933bfbbaa04c3e05ae56295138174ada9799c,sell,0xd3c00772b24d997a812249ca637a921e81357701,0x51d826702659bd0cb9e879286d54ef095cf2b7c58e2d7b200790785cfc897b7c
268,2193,0.70176,0x860cc66aaeaa70668e319c7a2812078d406ecf85,2017-10-09T15:39:08.000Z,0.00032,0x3316263c19bed1a29a88f3d7f8e95b15eae9a385,sell,0xd3c00772b24d997a812249ca637a921e81357701,0x522b34a70724d667399112c39ccb330cdff686a99ef46ea12fac828817b0ec15
269,6.723158209550394,0.002218642209151629,0x2fe39391ed1ab7d122df167c42f87c0aa85e05ab,2017-10-09T11:35:35.000Z,0.00032999999999999984,0x3bcf5411935f1ccefbb1a80c7d1356f0de4f4b2f,sell,0xd3c00772b24d997a812249ca637a921e81357701,0x9c9e9b1f6e4721e0e5d8ffd692b6c84af4aba33d42a2d5dc0ec49c7dbd98347c
270,6.744,0.001686,0x3bcf5411935f1ccefbb1a80c7d1356f0de4f4b2f,2017-10-09T11:32:39.000Z,0.00025,0x82d99d98115565d2a58e99fc53704cee56e3c0de,buy,0xd3c00772b24d997a812249ca637a921e81357701,0x18ca1c70e5e766967d4a1e01bccccf0668f60da2b5bbd170d457fad3cab8523f
271,6.701,0.002599988,0x82d99d98115565d2a58e99fc53704cee56e3c0de,2017-10-09T07:52:54.000Z,0.000388,0x502a250a6e6184940aa1948a0c4238be7c42051e,buy,0xd3c00772b24d997a812249ca637a921e81357701,0xc65e64c9543ff6aa426d664947ddc44c5d6e098a707c0e01b21c7b8dc38aff6f
272,100,0.0388,0xbdade1d21d2c6e8ea484339cafa7f91236e3894c,2017-10-08T23:59:08.000Z,0.000388,0x502a250a6e6184940aa1948a0c4238be7c42051e,buy,0xd3c00772b24d997a812249ca637a921e81357701,0xeaf72242ee61813f1515f132e587c4ccb7764b2cd9ad3867cb9772e95e33d745
273,1800,0.71856,0x749655d51ad1860b496b8f8df72f1b8e6ff2895d,2017-10-08T23:33:29.000Z,0.0003992,0xea44af68f839c11ed1730839af6e11fbdc63a10d,buy,0xd3c00772b24d997a812249ca637a921e81357701,0xba2645d01288528c243e9d62e091cf6cf8577b0d42f8901ff314f23dcdb86d3c
274,99.99999999999866,0.03879999999999948,0x749655d51ad1860b496b8f8df72f1b8e6ff2895d,2017-10-08T23:24:04.000Z,0.000388,0xea44af68f839c11ed1730839af6e11fbdc63a10d,buy,0xd3c00772b24d997a812249ca637a921e81357701,0x8aebb12e62e635447161ccb3c26452680bbcfbbfdeb5dc68c0eaf5d490074072
275,0.5041399562814584,0.000141159187758808,0xa9c1a214dfdfee7565fb0cb7912af9ea2b04b4ab,2017-10-08T23:20:32.000Z,0.0002799999999999993,0x4c725e97432c5d571000d778b641f57c8105d1b1,sell,0xd3c00772b24d997a812249ca637a921e81357701,0x6ee9a66a40409e94a7bbf39b6c51011763545f2eb42cbd67a53409be990c9a63
276,0.000067853928566666,0.000000024427414284,0xde2d2e7eb340e4a1b9855bfe96156b4a2d023ab3,2017-10-08T22:58:24.000Z,0.00036000000000000355,0xa09382e04d4a3ec1af446775486daa7e9b002c03,buy,0xd3c00772b24d997a812249ca637a921e81357701,0x657abdeb3cdc6a87dfbaffdad3540a948206ce92eed9d1ab2b3a05da5e7862e4
277,1171.7949461024061,0.4335641183399408,0x749655d51ad1860b496b8f8df72f1b8e6ff2895d,2017-10-08T22:24:32.000Z,0.00036999999,0x979aeda7863b556d33702eacc851ebcdf4de0259,buy,0xd3c00772b24d997a812249ca637a921e81357701,0xc2a0fdfec8cc61540cca2d03bfbb9ceb0d8b54a6138e1ad8af72b268510ebb0a
278,53.51159115,0.01666666666798785,0x5d5065b42bdee0274e394ba9042c21e1818c69cf,2017-10-08T21:58:35.000Z,0.000311459,0x4bf37db6c16f5663e00936986b5b4d5278f84000,sell,0xd3c00772b24d997a812249ca637a921e81357701,0xb6884f36da21cd17786543403d7682166751f96dd9b72b9f89b728023936e02d
279,200,0.062444,0x1ade487e30de63c8ad9427fe72c01de6e308ef31,2017-10-08T21:58:01.000Z,0.00031222,0x4bf37db6c16f5663e00936986b5b4d5278f84000,sell,0xd3c00772b24d997a812249ca637a921e81357701,0xaa439b1191362675bd09b65c956dd7235a96f47824c47f10a35725710308657b
280,212.82183563052752,0.07874407705507683,0x6c54af8b8e4fcdc50b1fedd366dc18aaa965f8b3,2017-10-08T21:55:40.000Z,0.00036999999,0x979aeda7863b556d33702eacc851ebcdf4de0259,buy,0xd3c00772b24d997a812249ca637a921e81357701,0x56a87e210703c5605fa54d5881edffad0c2e26abcef07b905672916d2341dc6d
281,1810,0.56512001,0x979aeda7863b556d33702eacc851ebcdf4de0259,2017-10-08T21:55:21.000Z,0.000312221,0x4bf37db6c16f5663e00936986b5b4d5278f84000,sell,0xd3c00772b24d997a812249ca637a921e81357701,0x141bcdc056b379d09dc398d60794696a95e5dcac53cc4569f0b0c299fd965078
282,100,0.0312221,0x979aeda7863b556d33702eacc851ebcdf4de0259,2017-10-08T21:53:28.000Z,0.000312221,0x4bf37db6c16f5663e00936986b5b4d5278f84000,sell,0xd3c00772b24d997a812249ca637a921e81357701,0x3dc4f94484664be1f83acb646992a78806150c7fc4ffb355302f3e5f02f2fdff
283,50,0.019,0xccb9be2484993461f8011a0fd0b42def8561fd90,2017-10-08T21:52:09.000Z,0.00038,0x4bf37db6c16f5663e00936986b5b4d5278f84000,sell,0xd3c00772b24d997a812249ca637a921e81357701,0x05bdcaaa37fcc3796e08521732dfc8fb4c580cfd40cc51e57d73a73224819688
284,93.09983090765762,0.03444693650483501,0x29969d3635c94035bc15e58c57695f649e4318da,2017-10-08T21:22:08.000Z,0.00036999999,0x979aeda7863b556d33702eacc851ebcdf4de0259,buy,0xd3c00772b24d997a812249ca637a921e81357701,0x0e83f38b608f154d3e7bcc4ee9d141518e1b48f14d48b3843aa4681cf708200c
285,600,0.221999994,0xc6f781aba6232641260eb66ea49889728d244234,2017-10-08T20:36:26.000Z,0.00036999999,0x979aeda7863b556d33702eacc851ebcdf4de0259,buy,0xd3c00772b24d997a812249ca637a921e81357701,0x880f5d9d3bbe28756b8f1ad55dcb4488fff39e75a498d29792376389021b309b
286,24.324,0.00899987975676,0xcf7008288b39e3e236543143e900b3593b914a94,2017-10-08T20:34:31.000Z,0.00036999999,0x979aeda7863b556d33702eacc851ebcdf4de0259,buy,0xd3c00772b24d997a812249ca637a921e81357701,0x0ae6a86cd50f32cd28c097e34d46ec3f4f026f51dc7395dbf72de1a6a4bed4b9
287,297.297,0.10999988702703,0xcf7008288b39e3e236543143e900b3593b914a94,2017-10-08T20:27:10.000Z,0.00036999999,0x979aeda7863b556d33702eacc851ebcdf4de0259,buy,0xd3c00772b24d997a812249ca637a921e81357701,0xfb0ec5075bed1010db4ccd3d2f2a8b2072cbecbaf333a1d08fc74f5f94403aa0
288,600,0.221999994,0xc6f781aba6232641260eb66ea49889728d244234,2017-10-08T20:19:01.000Z,0.00036999999,0x979aeda7863b556d33702eacc851ebcdf4de0259,buy,0xd3c00772b24d997a812249ca637a921e81357701,0xba178b4ec5d3f9c9fea4629281ffe6ba23dab246555a4459a62bc8653fc8f75f
289,0.000000000001329896,0.000000000000000516,0xc6f781aba6232641260eb66ea49889728d244234,2017-10-08T20:11:33.000Z,0.0003880002646823511,0xea44af68f839c11ed1730839af6e11fbdc63a10d,buy,0xd3c00772b24d997a812249ca637a921e81357701,0xd60b0f9a849d77704c46eddfc1d7e0cd22395936afd4ebfd22a84603bfd4e525
290,0.000000013988665242,0.000000000005175806,0xc6f781aba6232641260eb66ea49889728d244234,2017-10-08T20:09:23.000Z,0.00036999999002478094,0x979aeda7863b556d33702eacc851ebcdf4de0259,buy,0xd3c00772b24d997a812249ca637a921e81357701,0xe630452ab808c5aeb9d28c143699be9320d27e4bbd0725bcc1ba17138f67d757
291,0.000140320271084331,0.000000051918498898,0xc6f781aba6232641260eb66ea49889728d244234,2017-10-08T20:06:06.000Z,0.0003699999900000017,0x979aeda7863b556d33702eacc851ebcdf4de0259,buy,0xd3c00772b24d997a812249ca637a921e81357701,0xbaeaf4e9692ad277008f4d0e2b801b1ab06971aaa2e6f1f56b35bfd98d4ff59c
292,1100,0.3949,0x46580b9a64022ac0a3d283ce7c9ee9d9e0f59050,2017-10-08T20:03:57.000Z,0.000359,0x3c64e00abcbcce5ed075f017d4ad372bdcff00d9,buy,0xd3c00772b24d997a812249ca637a921e81357701,0xf8f76c4844069ee9cc3aa49f2cba9cf75ec320ae2171e4061b5b37d1692344f4
293,526.331,0.18947916,0x46580b9a64022ac0a3d283ce7c9ee9d9e0f59050,2017-10-08T20:02:55.000Z,0.00036,0xa09382e04d4a3ec1af446775486daa7e9b002c03,buy,0xd3c00772b24d997a812249ca637a921e81357701,0x753f9c528ba13eaa87e0a1fe592617b9ed6b895fd1f132bca46c161cfc89a2f4
294,1.4466512845557082,0.000520794462440055,0xc6f781aba6232641260eb66ea49889728d244234,2017-10-08T19:56:23.000Z,0.00036,0xa09382e04d4a3ec1af446775486daa7e9b002c03,buy,0xd3c00772b24d997a812249ca637a921e81357701,0xb3688e02c755e95c6f8d66bc0bf0af3085c1a50a3f9dcc5d5eb0ffbe93ad4a1a
295,0.6622470251490629,0.000245031392682683,0xde2d2e7eb340e4a1b9855bfe96156b4a2d023ab3,2017-10-08T19:49:18.000Z,0.00036999999,0x979aeda7863b556d33702eacc851ebcdf4de0259,buy,0xd3c00772b24d997a812249ca637a921e81357701,0x769d17ea4081aa198d8b7fa7cddd9c7d6baf1a2018e7b6db1e80cf519a366f9a
296,3341.2835271902077,1.1360363992446707,0xd37d88d01d9ea4b27a33c161706ed9720a97716e,2017-10-08T19:33:53.000Z,0.00034,0x41951225ff2851251f552a409533183bfc91217f,buy,0xd3c00772b24d997a812249ca637a921e81357701,0x2573f39139a4c9d7c5501f4b917159434ee60a1331763b24cb6367c6688686f8
297,203.8025532406331,0.06929286810181526,0x676da05fa6892e77e6c11983ff1d59e592dda7dd,2017-10-08T19:27:58.000Z,0.00034,0x41951225ff2851251f552a409533183bfc91217f,buy,0xd3c00772b24d997a812249ca637a921e81357701,0x6cdb8f49f92be57c648b2283fe02f0db55d946beebfe07fb032cce97d355fdae
298,250,0.085,0x254b7ca28b2187527b2ec194fc5746e0dfafe0af,2017-10-08T19:25:15.000Z,0.00034,0x41951225ff2851251f552a409533183bfc91217f,buy,0xd3c00772b24d997a812249ca637a921e81357701,0x50bde9dfeee07ecb56bc9b5f3bc8bcd69d048c40b41bfff84b78d0ea8b11dd36
299,76.471,0.02600014,0x676da05fa6892e77e6c11983ff1d59e592dda7dd,2017-10-08T19:24:45.000Z,0.00034,0x41951225ff2851251f552a409533183bfc91217f,buy,0xd3c00772b24d997a812249ca637a921e81357701,0xd7fd3c34bcad1b987173e396430490e84bf5bb6017c36df16b5347b6964be106
300,161.7426259791591,0.05984477161228887,0x9b4e5df3ee92137f3b459819defc5d0e7f0ef03b,2017-10-08T19:19:11.000Z,0.00037,0x41951225ff2851251f552a409533183bfc91217f,buy,0xd3c00772b24d997a812249ca637a921e81357701,0xf47577b6b3cf0c83be869a63c8f6461980d1baf2f04ab0a692cc3e1319584524
301,2000,0.68,0x89fcb62aa1042ffbec885339842b54194ad035ba,2017-10-08T19:09:42.000Z,0.00034,0x41951225ff2851251f552a409533183bfc91217f,buy,0xd3c00772b24d997a812249ca637a921e81357701,0x99f8665e680d64174d3c5506d996b98b2b5d8e5dfb75cf2f9c4d24b74337566a
302,972.222,0.34999992,0x54cb357f8b221bac33b325d5fe78fd0f906c1872,2017-10-08T14:31:31.000Z,0.00036,0xa09382e04d4a3ec1af446775486daa7e9b002c03,buy,0xd3c00772b24d997a812249ca637a921e81357701,0x82f01fa849b159233d6191ac83174e83cf1ed7d6f8cc19a9e3f82290c1f66f2f
303,2437.3023365189006,0.7591221857321767,0x979aeda7863b556d33702eacc851ebcdf4de0259,2017-10-08T10:12:41.000Z,0.00031146,0xb736b76c9ec0bb180460ed6842dffb93458d45a8,sell,0xd3c00772b24d997a812249ca637a921e81357701,0x99045688697158fafd7841e51c0e8c4465924da6e071db7bec4e8a0d297ff3aa
304,144.50850073568398,0.04624272023541887,0x50687aff84edbd13b4f03403ff8a677d20a8c04b,2017-10-08T10:08:37.000Z,0.00032,0xb736b76c9ec0bb180460ed6842dffb93458d45a8,sell,0xd3c00772b24d997a812249ca637a921e81357701,0x93912e6277af882350a8b2dfeed51e8dc66f321731d0a3423312057c44ca7c26
305,1500,0.48000015,0x979aeda7863b556d33702eacc851ebcdf4de0259,2017-10-08T10:06:24.000Z,0.0003200001,0xb736b76c9ec0bb180460ed6842dffb93458d45a8,sell,0xd3c00772b24d997a812249ca637a921e81357701,0xa8bfbd0ea5b2d7c551328ba0b5ffc4efd419eb7df11aa56cb81d722a10a581de
306,1900,0.627,0x502a250a6e6184940aa1948a0c4238be7c42051e,2017-10-08T10:03:16.000Z,0.00033,0xb736b76c9ec0bb180460ed6842dffb93458d45a8,sell,0xd3c00772b24d997a812249ca637a921e81357701,0x57e564eea314bc4fdaca4d326d76859f8c1351ca305ce346c6e69c52f88bd4f4
307,500,0.165561,0x4c725e97432c5d571000d778b641f57c8105d1b1,2017-10-08T09:35:38.000Z,0.000331122,0x41951225ff2851251f552a409533183bfc91217f,sell,0xd3c00772b24d997a812249ca637a921e81357701,0x689d87fb07bee1a7d82e06934a065cbf4c398fad020140c780a1e25bf600b5f1
308,1500,0.4995,0xa60bd46ad365d15a5c209d69add767a6f61997ac,2017-10-08T07:49:54.000Z,0.000333,0x41951225ff2851251f552a409533183bfc91217f,sell,0xd3c00772b24d997a812249ca637a921e81357701,0x2d81986330b0440615e89e67dc49a72da8fb964e74137dd25139ef6921d14b03
309,1500,0.4995,0xa60bd46ad365d15a5c209d69add767a6f61997ac,2017-10-08T07:42:32.000Z,0.000333,0x41951225ff2851251f552a409533183bfc91217f,sell,0xd3c00772b24d997a812249ca637a921e81357701,0x2e4d195b27b21b5fb3ef5b74c3f533f393d0cb0b928d9ea6c00f51815cb2ff81
310,32,0.010688,0xa60bd46ad365d15a5c209d69add767a6f61997ac,2017-10-08T07:29:31.000Z,0.000334,0x41951225ff2851251f552a409533183bfc91217f,sell,0xd3c00772b24d997a812249ca637a921e81357701,0x01d13e0a106631f380b8624f6431b7feeea86ff4451c53f9904e5098a2d8504f
311,100,0.037,0x54cb357f8b221bac33b325d5fe78fd0f906c1872,2017-10-08T06:56:46.000Z,0.00037,0xea44af68f839c11ed1730839af6e11fbdc63a10d,buy,0xd3c00772b24d997a812249ca637a921e81357701,0x70ec4fdca60acf803293f16e4d80c95e3736ad74b79a8559b4b8a335014d936e
312,904.858,0.350180046,0x54cb357f8b221bac33b325d5fe78fd0f906c1872,2017-10-08T06:54:40.000Z,0.000387,0xacc97fc2a7f1a1ddeb7a32457f7ca7ef8a8c5929,buy,0xd3c00772b24d997a812249ca637a921e81357701,0x2efc8658cfee6a7818cfe9b2f1c45b0ac9c3936bd8032d9e10e66b938412c704
313,13860,4.851,0x54cb357f8b221bac33b325d5fe78fd0f906c1872,2017-10-08T06:50:26.000Z,0.00035,0xd0688e7a444d19ef2a94f14dfaf104a86b8acf5c,buy,0xd3c00772b24d997a812249ca637a921e81357701,0xc3f4b797137de6c204974f300670a47ac04834cc9b12d6247cc8ce70d48fc8a7
314,1443.299,0.560000012,0x54cb357f8b221bac33b325d5fe78fd0f906c1872,2017-10-08T00:26:36.000Z,0.000388,0x502a250a6e6184940aa1948a0c4238be7c42051e,buy,0xd3c00772b24d997a812249ca637a921e81357701,0xa73b65920f87e520bafe462698ca4f59848e2e2e5a9e7482c474a8fcddc82e69
315,1,0.000387,0x7d053385a05276eedcaf706325ae34ae544741a6,2017-10-07T23:57:46.000Z,0.000387,0xacc97fc2a7f1a1ddeb7a32457f7ca7ef8a8c5929,buy,0xd3c00772b24d997a812249ca637a921e81357701,0xb2686319ae34bc105a962277f189222c7a19be09699e265dec744bc0debad726
316,2722.157,1.001753776,0xa60bd46ad365d15a5c209d69add767a6f61997ac,2017-10-07T23:14:06.000Z,0.000368,0xd13f3d62d14db8f986910b863f0241fb91947102,buy,0xd3c00772b24d997a812249ca637a921e81357701,0x3a1d60db77096c55eb245abc30606cb1e4be916681a7b1554539299b53dd4426
317,119.629149636128,0.03725969494566843,0x979aeda7863b556d33702eacc851ebcdf4de0259,2017-10-07T20:13:46.000Z,0.00031146,0x488049319c07a4a5f11151adbe786771d9f74770,sell,0xd3c00772b24d997a812249ca637a921e81357701,0xa8dcff467bad6ff97d56f0f6eb15a89df62d1db8ba4e4187593d4d2b87a326f5
318,2000,0.76,0x50687aff84edbd13b4f03403ff8a677d20a8c04b,2017-10-07T14:52:05.000Z,0.00038,0x9212a5b79548913c7b927a9e7a1ce039bf3f080b,buy,0xd3c00772b24d997a812249ca637a921e81357701,0xa0cf937030c2c09bdd3ef1dd896b6575b799ac61e255fdf37f0fb0fc37075c02
319,2.442,0.000999999,0xe985ac05f01f7fa12e3322003e88bde06e6fe042,2017-10-07T13:44:45.000Z,0.0004095,0xfca3786b4cbcbacbeddaf288dece577da7aef7b2,buy,0xd3c00772b24d997a812249ca637a921e81357701,0x4c3204302240aa0b997ce7e753d17dec4e2584406e27781485c86ad0328a4b59
320,2450,0.9506,0xd5df876618365d18133a7b78d63d58793bf6954e,2017-10-07T11:58:17.000Z,0.000388,0x502a250a6e6184940aa1948a0c4238be7c42051e,buy,0xd3c00772b24d997a812249ca637a921e81357701,0x965a9c4b62e0133f7719822eeac4765b67067a802230d732c4412886e754d9cc
321,730,0.283897,0xd5df876618365d18133a7b78d63d58793bf6954e,2017-10-07T11:55:57.000Z,0.0003889,0x8d71cd37bc1c715f6d4e9b5d68aa17a8b42cac87,buy,0xd3c00772b24d997a812249ca637a921e81357701,0xc407665721e53d716c17addb8cfd81b33605ef8a7134d6071527f8a20dd9ffc3
322,6820,2.65229118,0xd5df876618365d18133a7b78d63d58793bf6954e,2017-10-07T11:50:14.000Z,0.000388899,0xa71c3636d816ec66438fcf8966add1f648a194c7,buy,0xd3c00772b24d997a812249ca637a921e81357701,0xd7b9290a7baa713304a6372341c795b78f550e574f2cf0ba4bd996cafd49c041
323,990.9281228192602,0.308633482205164,0x979aeda7863b556d33702eacc851ebcdf4de0259,2017-10-07T09:26:50.000Z,0.000311459,0xb084bfd3de0ba4e39acccb9df6b731b3e854d9b7,sell,0xd3c00772b24d997a812249ca637a921e81357701,0x5d0a561f810ea34c4ae2516770b46725b49f864aaf0bdaafe8c1930fc0cecd09
324,2000,0.63,0x860cc66aaeaa70668e319c7a2812078d406ecf85,2017-10-07T09:11:25.000Z,0.000315,0xb084bfd3de0ba4e39acccb9df6b731b3e854d9b7,sell,0xd3c00772b24d997a812249ca637a921e81357701,0xf6e89ecabc5f9ceb491d404731396db8678ef2b813b3b265776e60ba32dbf14b
325,0.248,0.0000744,0x683216af894a9d88c402705c813a41eebb31ceaa,2017-10-07T07:14:12.000Z,0.0003,0x4069c009e0ca460b9194458959fe0e7172d635b9,sell,0xd3c00772b24d997a812249ca637a921e81357701,0x3e14413034b8d1314d6147f2571196ebaaecdc1b7db1bee6966efacda503fc44
326,31499,12.221612,0x1953e953ef75e0d98b079dadc98d8c5688ca1d28,2017-10-07T01:14:22.000Z,0.000388,0x53490f81b1372069e5e05f6aa985822938839d41,buy,0xd3c00772b24d997a812249ca637a921e81357701,0x782a5ffb8c2af3f11de253f46dd3077fadf78806889299613dac913f4ae4c290
327,5000,1.945,0x1953e953ef75e0d98b079dadc98d8c5688ca1d28,2017-10-07T00:48:16.000Z,0.000389,0xacc97fc2a7f1a1ddeb7a32457f7ca7ef8a8c5929,buy,0xd3c00772b24d997a812249ca637a921e81357701,0xf415704dfcb3892fbaa09048b17ff099645327be0d2a057a07ee442815b946ae
328,4081.8959037805544,1.5878575065706355,0x1953e953ef75e0d98b079dadc98d8c5688ca1d28,2017-10-06T23:23:57.000Z,0.00038899999999999997,0xacc97fc2a7f1a1ddeb7a32457f7ca7ef8a8c5929,sell,0xd3c00772b24d997a812249ca637a921e81357701,0x0704a84a8d946c65d0307cbf50db405ef5c9065d6ce15bb72f0a5b1e2d55c0b1
329,918.1040962194458,0.3571424934293644,0x1953e953ef75e0d98b079dadc98d8c5688ca1d28,2017-10-06T23:23:14.000Z,0.00038899999999999997,0x7aa6e2506316f6d613277d4f2f4e4e1dc55e528e,sell,0xd3c00772b24d997a812249ca637a921e81357701,0xc07dc4efa7f8abfcc2ee9b8b876aca99fad2cd1ccb6aa3afc6c37e5a0a634ec7
330,920.8666963083708,0.3499293445971809,0x7aa6e2506316f6d613277d4f2f4e4e1dc55e528e,2017-10-06T23:23:14.000Z,0.00038,0x9212a5b79548913c7b927a9e7a1ce039bf3f080b,buy,0xd3c00772b24d997a812249ca637a921e81357701,0xc07dc4efa7f8abfcc2ee9b8b876aca99fad2cd1ccb6aa3afc6c37e5a0a634ec7
331,732.5271657860632,0.19778379981656863,0x8d71cd37bc1c715f6d4e9b5d68aa17a8b42cac87,2017-10-06T22:55:05.000Z,0.000270002,0xb97e812d5bcb97ea51fec8d3a557a321095173f7,sell,0xd3c00772b24d997a812249ca637a921e81357701,0x7f34057452184c58b729d233f76b51d000ac3e691f1c2581317c9e12747ca68f
332,498.0997,0.14942991,0x683216af894a9d88c402705c813a41eebb31ceaa,2017-10-06T22:18:18.000Z,0.0003,0x4c725e97432c5d571000d778b641f57c8105d1b1,sell,0xd3c00772b24d997a812249ca637a921e81357701,0x2640a3e80cac7293aa607b17faad1fb230395f7039af11545c2b5aa94ac17b3f
333,3052.632,1.16000016,0x54cb357f8b221bac33b325d5fe78fd0f906c1872,2017-10-06T20:33:39.000Z,0.00038,0x9212a5b79548913c7b927a9e7a1ce039bf3f080b,buy,0xd3c00772b24d997a812249ca637a921e81357701,0xedc5eab9d9168723b029780e474ac643ce96e68e5e47b611da1670d93ed10152
334,2000,0.731598,0x54cb357f8b221bac33b325d5fe78fd0f906c1872,2017-10-06T20:22:55.000Z,0.000365799,0x979aeda7863b556d33702eacc851ebcdf4de0259,buy,0xd3c00772b24d997a812249ca637a921e81357701,0x615d1b90aad1afa2ab48c169a4cde5fc41c27741ed912fbebd8a7f558821bcf7
335,2000,0.729998,0x54cb357f8b221bac33b325d5fe78fd0f906c1872,2017-10-06T20:18:34.000Z,0.000364999,0x979aeda7863b556d33702eacc851ebcdf4de0259,buy,0xd3c00772b24d997a812249ca637a921e81357701,0x4a94076f370c8dfdbdbf7334326a18e9815c26c80b5de6e81b9b0caea4fa2c98
336,7604.023,2.775468395,0x54cb357f8b221bac33b325d5fe78fd0f906c1872,2017-10-06T20:00:21.000Z,0.000365,0xab0afc6f0c1d3b2e0f3650ee9b92e1c6f0098bc1,buy,0xd3c00772b24d997a812249ca637a921e81357701,0xfe253d02f8adae76f604a5a9d7814624917ecd8e80c80c0ff52f1b15f5d993e0
337,997.0189014593092,0.29910567043779274,0x683216af894a9d88c402705c813a41eebb31ceaa,2017-10-06T17:43:26.000Z,0.0003,0x4c725e97432c5d571000d778b641f57c8105d1b1,sell,0xd3c00772b24d997a812249ca637a921e81357701,0xf5875cb5b1dbfe557f4a7e8857485e226a30eac7a814ea113ecff7f32d368ac9
338,3150,0.945,0x683216af894a9d88c402705c813a41eebb31ceaa,2017-10-06T17:23:50.000Z,0.0003,0x8022050049b4280f94931643a5d1017d56765ca0,buy,0xd3c00772b24d997a812249ca637a921e81357701,0x35b1ec58ed0e02c2eb8f3f6d5f6f78ca0f1050281bee7c2b7dddb673ce7909bf
339,3890.411,1.420000015,0x54cb357f8b221bac33b325d5fe78fd0f906c1872,2017-10-06T15:29:36.000Z,0.000365,0xab0afc6f0c1d3b2e0f3650ee9b92e1c6f0098bc1,buy,0xd3c00772b24d997a812249ca637a921e81357701,0xc60c6261cccea43a4249070479f887c9d64b964d75818e781bb29e6c14070c01
340,2000,0.54202,0x3dee4a4e076e8d82859d241db0baf46f112cfa23,2017-10-06T14:04:25.000Z,0.00027101,0xa09382e04d4a3ec1af446775486daa7e9b002c03,sell,0xd3c00772b24d997a812249ca637a921e81357701,0x07c4a34384aae47a5105031ddd0c7f3afb35c0ef8714966f6e349088c1de9932
341,250,0.0625,0x9b0ff208b9904d7769d36527695e27805180d79f,2017-10-06T08:30:49.000Z,0.00025,0xce111032b300dbdb1eb1f9b38a99c7c97d6bf491,buy,0xd3c00772b24d997a812249ca637a921e81357701,0xaf59124e2e4723b83e1a0d21b75619b6859290edaa2d1687eb2f8f19599588b7
342,4135,1.120589135,0x979aeda7863b556d33702eacc851ebcdf4de0259,2017-10-06T07:47:59.000Z,0.000271001,0xce111032b300dbdb1eb1f9b38a99c7c97d6bf491,sell,0xd3c00772b24d997a812249ca637a921e81357701,0x4cb9d3f24de42e28cad73b37387b26592dea1f8a1e981dbd01e0c639f200d712
343,2990,0.9269,0x36183b5a55b176d9ea3f25728979bb3607c238dd,2017-10-06T03:06:12.000Z,0.00031,0x4469ac0adee9cb011a0eaa57425c2b6a7bbc2556,buy,0xd3c00772b24d997a812249ca637a921e81357701,0xe127e471dbcc87f154ed27f500ea39db7be8fe4fec9d67c534918e08c15d4b50
344,1282,0.34614,0x36183b5a55b176d9ea3f25728979bb3607c238dd,2017-10-06T03:02:00.000Z,0.00027,0x458341f6e0e1f926abff3f93bced131597008906,buy,0xd3c00772b24d997a812249ca637a921e81357701,0x721c50ce3f9dce81ce7f17ad627895a3bb5f88558e92bf6217a20eeb887f0eed
345,750,0.2325,0x7aa6e2506316f6d613277d4f2f4e4e1dc55e528e,2017-10-06T00:57:09.000Z,0.00031,0x4469ac0adee9cb011a0eaa57425c2b6a7bbc2556,buy,0xd3c00772b24d997a812249ca637a921e81357701,0x9f1ded27c96c5b374ded81e3f7e8cdd4d9e47ae671539ce00490f252b23704b4
346,747.75,0.23928,0x0ee627198b95f8102e694c031d06d88232e4ae01,2017-10-06T00:57:09.000Z,0.00032,0x7aa6e2506316f6d613277d4f2f4e4e1dc55e528e,sell,0xd3c00772b24d997a812249ca637a921e81357701,0x9f1ded27c96c5b374ded81e3f7e8cdd4d9e47ae671539ce00490f252b23704b4
347,1500,0.495,0x0ee627198b95f8102e694c031d06d88232e4ae01,2017-10-06T00:45:11.000Z,0.00033,0x72166452cd811e97bc63e651297282a048b7eaf5,buy,0xd3c00772b24d997a812249ca637a921e81357701,0x1e64d721ff67ce69c07e9a09689a6c53087930e15142b47fc2a2e0d2543bbfed
348,2990.7287409032,0.7775924633635729,0x979aeda7863b556d33702eacc851ebcdf4de0259,2017-10-05T20:15:50.000Z,0.000260001,0xa91c7fe56503888ad7ef3e492aec1d63f028f6c7,sell,0xd3c00772b24d997a812249ca637a921e81357701,0x57c8deecfa4a542617ebb663b199684117bbd56e30a3edc16a3fb8d161cf6497
349,0.0447222920083222,0.000011538753838775,0x3dee4a4e076e8d82859d241db0baf46f112cfa23,2017-10-05T02:15:23.000Z,0.00025800899999999546,0x6e6c130bdc85fdc61f40920722217c5919af5a03,sell,0xd3c00772b24d997a812249ca637a921e81357701,0xea7fe1dcdde070815f114a3d7594853e9bfb3eee905b009ddf4a3724c4d8da23
350,448.60931113548,0.11574523975675406,0x3dee4a4e076e8d82859d241db0baf46f112cfa23,2017-10-05T01:25:38.000Z,0.000258009,0x6e6c130bdc85fdc61f40920722217c5919af5a03,sell,0xd3c00772b24d997a812249ca637a921e81357701,0x0915ba3c8eca01bef971393d98c4dcfb3db182cc0f87574b476feb414fc68cba
351,26.50130369162916,0.01007049540281908,0x9729ce3be112f474124a5ee158aeeb10607cd592,2017-10-05T01:11:27.000Z,0.00038,0x9212a5b79548913c7b927a9e7a1ce039bf3f080b,buy,0xd3c00772b24d997a812249ca637a921e81357701,0x8f799afec9e73948b6570ba04fbb5e265f5bb3fed690d9c2d27c1553b5cc92b0
352,497.072,0.128249049648,0x3dee4a4e076e8d82859d241db0baf46f112cfa23,2017-10-04T22:27:43.000Z,0.000258009,0xf603b731c162b4a9a3ee71dc945b51eb8ebe8467,sell,0xd3c00772b24d997a812249ca637a921e81357701,0xc3a715fb4c2ee8a27a36f6e0e8e2a0cbfdb62938874c81d92b3487ce584b6dec
353,1937.917,0.500000027253,0x3dee4a4e076e8d82859d241db0baf46f112cfa23,2017-10-04T22:21:30.000Z,0.000258009,0xf603b731c162b4a9a3ee71dc945b51eb8ebe8467,sell,0xd3c00772b24d997a812249ca637a921e81357701,0x0aa0764f7bbcce54e823c1372d9eb8f642ab876279d53fa8eb365358945f3113
354,9.905471925925838,0.002674477419999975,0x0deed30f8ac251e2295a1c78d770e826f3220c61,2017-10-04T22:15:30.000Z,0.0002699999999999999,0xf603b731c162b4a9a3ee71dc945b51eb8ebe8467,sell,0xd3c00772b24d997a812249ca637a921e81357701,0x8d97627b418128c971e3577f77ecc967c05488a6b78629ce1d46f877dcdced16
355,4000,1.1,0x502a250a6e6184940aa1948a0c4238be7c42051e,2017-10-04T22:06:02.000Z,0.000275,0xf603b731c162b4a9a3ee71dc945b51eb8ebe8467,sell,0xd3c00772b24d997a812249ca637a921e81357701,0xe3f46fd46fd56fbccb4a93587d75aabb6a076a4f8e11892c84bc972380b4aa54
356,200,0.065,0x0deed30f8ac251e2295a1c78d770e826f3220c61,2017-10-04T21:53:02.000Z,0.000325,0xf603b731c162b4a9a3ee71dc945b51eb8ebe8467,sell,0xd3c00772b24d997a812249ca637a921e81357701,0x7159383fe16c0c97c1317a44a9a604d54cd8398aba31ec9d989eaebfccdd03d5
357,74.798,0.03107782102,0xb97e812d5bcb97ea51fec8d3a557a321095173f7,2017-10-04T13:13:50.000Z,0.00041549,0x02c61c69007ef4baa1225936f079a453be7c69e5,buy,0xd3c00772b24d997a812249ca637a921e81357701,0x8fd0ace5250c30bf56114b67e8e6e1171337e979e8124aa7a4ca22c8913f60f9
358,3645.5767589518628,1.1848160922361144,0x979aeda7863b556d33702eacc851ebcdf4de0259,2017-10-04T04:11:56.000Z,0.000325001,0xf603b731c162b4a9a3ee71dc945b51eb8ebe8467,sell,0xd3c00772b24d997a812249ca637a921e81357701,0x5b9c793be80b34a10c8c6e1558dbfa3f8d2e32af99178ccde3b7d4e924a73d08
359,1103.3994616688267,0.3751558169674011,0x9b0ff208b9904d7769d36527695e27805180d79f,2017-10-04T03:28:04.000Z,0.00033999999999999997,0xf603b731c162b4a9a3ee71dc945b51eb8ebe8467,sell,0xd3c00772b24d997a812249ca637a921e81357701,0xcf7c7749e0878b1f4a8506d23814a434567f824665d9ba440ac150bba476b09f
360,13301.007,5.51978489493,0x1953e953ef75e0d98b079dadc98d8c5688ca1d28,2017-10-03T23:54:15.000Z,0.00041499,0x9ebce71785facafc68c7a38bb92d77ba6e6e6602,buy,0xd3c00772b24d997a812249ca637a921e81357701,0xf455a94c240d348bfeac87adc1a066aceb0375d3ce03c5fbbc28a78482054699
361,4400,1.826,0x1953e953ef75e0d98b079dadc98d8c5688ca1d28,2017-10-03T23:07:58.000Z,0.000415,0x502a250a6e6184940aa1948a0c4238be7c42051e,buy,0xd3c00772b24d997a812249ca637a921e81357701,0x4439b55a4f66877ca3ab745b31db8be49d99daf9abef8af3063ced90191bbf13
362,750,0.31125,0x1953e953ef75e0d98b079dadc98d8c5688ca1d28,2017-10-03T13:25:16.000Z,0.000415,0xfca3786b4cbcbacbeddaf288dece577da7aef7b2,buy,0xd3c00772b24d997a812249ca637a921e81357701,0xc1a92fe8dd9da7b537c9ccea2d5e45f007efb32edcbe5112cffc6683999c0dca
363,1096.6005383311733,0.3728441830325989,0x9b0ff208b9904d7769d36527695e27805180d79f,2017-10-03T08:19:47.000Z,0.00033999999999999997,0x4c725e97432c5d571000d778b641f57c8105d1b1,sell,0xd3c00772b24d997a812249ca637a921e81357701,0x28fd6d741138e6e3c1c4eea106c968a9779479f09a11ef2e8b5f9c828c572879
364,1000,0.30001,0x8d71cd37bc1c715f6d4e9b5d68aa17a8b42cac87,2017-10-03T07:59:57.000Z,0.00030001,0x458341f6e0e1f926abff3f93bced131597008906,sell,0xd3c00772b24d997a812249ca637a921e81357701,0x28cd668a14e6a8debce8505c2b139711949cc9048fba82586487ec410c878715
365,12541.744,5.192282016,0x1953e953ef75e0d98b079dadc98d8c5688ca1d28,2017-10-03T04:29:31.000Z,0.000414,0x02c61c69007ef4baa1225936f079a453be7c69e5,buy,0xd3c00772b24d997a812249ca637a921e81357701,0x3748980f2820309573067dd0bee092371ffcb9405ba096c1a070bdcb38c5b396
366,3997.619,1.67899998,0x1953e953ef75e0d98b079dadc98d8c5688ca1d28,2017-10-03T04:22:26.000Z,0.00042,0xfca3786b4cbcbacbeddaf288dece577da7aef7b2,buy,0xd3c00772b24d997a812249ca637a921e81357701,0x2cde76015f85bbf8488f878f6ef6650d83c03979aeeb13dfa932a490b597aeb7
367,74.798,0.027301120404,0x02c61c69007ef4baa1225936f079a453be7c69e5,2017-10-03T02:19:42.000Z,0.000364998,0x5d26ca4ee3be471a4c5eeccb3bac220603387c77,buy,0xd3c00772b24d997a812249ca637a921e81357701,0x9107f9a470de1896496696bb4d9eec309013f5ecc6d9d944d8ded126d34bb7a8
368,821.256,0.339999984,0x63becab887243f39b04a89bee3a6d1965d5454da,2017-10-03T02:13:07.000Z,0.000414,0x02c61c69007ef4baa1225936f079a453be7c69e5,buy,0xd3c00772b24d997a812249ca637a921e81357701,0xabe58ea9f8de86ae04386746a8e5d084a588009a61cf172aee1b209092788726
369,22,0.008029956,0x94a2b835deee69ddd6073451b700c5daba97d72b,2017-10-02T23:24:36.000Z,0.000364998,0x5d26ca4ee3be471a4c5eeccb3bac220603387c77,buy,0xd3c00772b24d997a812249ca637a921e81357701,0x68eccb70738536c7e73a848d2bb265cb39a95cf281ec137da1a7cb27d4132847
370,150,0.0547497,0x94a2b835deee69ddd6073451b700c5daba97d72b,2017-10-02T23:18:12.000Z,0.000364998,0x5d26ca4ee3be471a4c5eeccb3bac220603387c77,buy,0xd3c00772b24d997a812249ca637a921e81357701,0x5822298d8cfe3226b42a1e840bdadc9072f4bcfdd5989b97d762020ba37e0bf7
371,1400,0.476,0x860cc66aaeaa70668e319c7a2812078d406ecf85,2017-10-02T23:12:28.000Z,0.00034,0x65421b215b8d905beb11204ef1ee9c62ef2a0fa8,buy,0xd3c00772b24d997a812249ca637a921e81357701,0xe1f7d0428eec524e5fed91026c3d57c56426daf3d4946e7fb2e02280c518d6ec
372,1,0.00045,0xfca3786b4cbcbacbeddaf288dece577da7aef7b2,2017-10-02T21:43:39.000Z,0.00045,0xfca3786b4cbcbacbeddaf288dece577da7aef7b2,buy,0xd3c00772b24d997a812249ca637a921e81357701,0x0e75c7d4b15e94736cd44406f683204f706bcf9820006a02696827ff3b209f40
373,200,0.068,0x36183b5a55b176d9ea3f25728979bb3607c238dd,2017-10-02T21:40:04.000Z,0.00034,0x65421b215b8d905beb11204ef1ee9c62ef2a0fa8,buy,0xd3c00772b24d997a812249ca637a921e81357701,0xd4843c4d4a308232bf32403e15881a4f7d1ab2066d7dbb5de71669e23648a674
374,1.1904761904761905,0.0005,0x350f6f675b20d606bb7f6c412ef4775c9bc57168,2017-10-02T21:34:28.000Z,0.00042,0xfca3786b4cbcbacbeddaf288dece577da7aef7b2,buy,0xd3c00772b24d997a812249ca637a921e81357701,0x95101a2de876ca1115048107d4966a8f65f5e0d45b060769f94e3e866cdc9aa4
375,1.1904761904761905,0.0005,0x3bfdec5343e950ce45522eef9948c977631b4000,2017-10-02T21:32:56.000Z,0.00042,0xfca3786b4cbcbacbeddaf288dece577da7aef7b2,buy,0xd3c00772b24d997a812249ca637a921e81357701,0x173980636aba22548f3098ed2e92d04b7a16fd3e23ea69a312f44a706137fc94
376,4200,1.428,0x36183b5a55b176d9ea3f25728979bb3607c238dd,2017-10-02T20:56:10.000Z,0.00034,0x65421b215b8d905beb11204ef1ee9c62ef2a0fa8,buy,0xd3c00772b24d997a812249ca637a921e81357701,0x27a4a58786234909aef016feca55b539ce87f8e42ee47d20157a5537c419a8d9
377,193.30080940978516,0.06552897438991717,0x36183b5a55b176d9ea3f25728979bb3607c238dd,2017-10-02T20:48:41.000Z,0.000339,0x1fdf047bf7a114b37e7936d01e9cad754ad18803,buy,0xd3c00772b24d997a812249ca637a921e81357701,0x647d5a38cee6383af69c5f8e848112a07a8401b9eead9c155ee8dc6a24d7ebac
378,800,0.272,0xf6fb7a4de4bf4bc746783abc63000b0148dac855,2017-10-02T20:40:22.000Z,0.00034,0x65421b215b8d905beb11204ef1ee9c62ef2a0fa8,buy,0xd3c00772b24d997a812249ca637a921e81357701,0xc998c941dcab5de4a53c6d0d2796bff2f5eb929bb3a8cf979a6238530a59ac5a
