,amount,amountBase,buyer,date,price,seller,side,tokenAddr,txHash
0,0.002701873147484649,0.000008267731831303,0x86ab939f2e755f5bbb342c518c20b7f05e4dd181,2017-11-02T11:43:59.000Z,0.0030599999999999902,0xd8b4301f97492fdb0d2de7a53ba8af6622aba80c,sell,0xffe8196bc259e8dedc544d935786aa4709ec3e64,0xc5413dceb0b72806ba5b637ae4dd6ee991adda449b4893a34d1f625ae03b1469
1,27.102489542418503,0.08293361799980062,0x86ab939f2e755f5bbb342c518c20b7f05e4dd181,2017-11-02T11:41:35.000Z,0.00306,0xd8b4301f97492fdb0d2de7a53ba8af6622aba80c,sell,0xffe8196bc259e8dedc544d935786aa4709ec3e64,0x099c2e4c37fda41b304676f9b9be4d288cbd8712555699dc8b760f79483d1564
2,0.14925373134328357,0.0005,0x4fda9e6bcd83af6c5cc771b5d20accc2b7720074,2017-11-02T11:40:30.000Z,0.00335,0xd59280c8ea49acd62c56d6bc5688324f07b95786,buy,0xffe8196bc259e8dedc544d935786aa4709ec3e64,0xf607866c984e34112875e65c1cefd1bb41da8fb7b7ffaf3bee938d187497b1c6
3,84.83527435864043,0.2595959395374397,0x86ab939f2e755f5bbb342c518c20b7f05e4dd181,2017-11-02T11:33:10.000Z,0.00306,0x5e70df6141285385d68fef85f3597bf863936867,sell,0xffe8196bc259e8dedc544d935786aa4709ec3e64,0x6799016e013da6059128eb4aa95575fb7d9a43ac753e754fad47c66b8c7ad79b
4,0.14925373134328357,0.0005,0x3075f7f189912f4f425dd7021b9c396434197477,2017-11-02T11:29:35.000Z,0.00335,0xd59280c8ea49acd62c56d6bc5688324f07b95786,buy,0xffe8196bc259e8dedc544d935786aa4709ec3e64,0x80d8db46853e4a6e1b5f1d0b6d4958e897368b5bfbf0e47f34b78e81c09bf24c
5,85.09825571703043,0.21700055207842758,0x5e70df6141285385d68fef85f3597bf863936867,2017-11-02T09:57:26.000Z,0.00255,0x39dc3f7adc8cad2b03c831c7771a25d4fb99021e,sell,0xffe8196bc259e8dedc544d935786aa4709ec3e64,0x5cc03854dbae114f416a20c3904f1337c5831abe026413032141e54afcb451eb
6,290.38179351277347,0.7404735734575723,0x76200775127f855fd99574a997d05f974762a6a0,2017-11-02T08:11:17.000Z,0.00255,0x1b922638d38d114e8546d72b1a70a1851c61fc92,sell,0xffe8196bc259e8dedc544d935786aa4709ec3e64,0xce724ad08d98e1b32046f223ce302e863ac857ae8f7a408e9c1f54a1c434edf8
7,29.703,0.079693149,0xed485300d4d21198928b8a6ec0f85b0056955c22,2017-11-02T08:10:25.000Z,0.002683,0x1b922638d38d114e8546d72b1a70a1851c61fc92,sell,0xffe8196bc259e8dedc544d935786aa4709ec3e64,0x13ed23e74c1a218da5366503c7eb2f7e6949019f5b0c6b132ce1ada3ff7f045e
8,9.297,0.024943851,0xed485300d4d21198928b8a6ec0f85b0056955c22,2017-11-02T08:06:45.000Z,0.002683,0x1b922638d38d114e8546d72b1a70a1851c61fc92,sell,0xffe8196bc259e8dedc544d935786aa4709ec3e64,0x0a50fa12b54d697cd140172db77a0bc754ea71623b2ca335f3f90888d3bd7d63
9,111.333,0.333999111333,0x8cac912e58391c02f938393c9435b9938bd6c16a,2017-11-02T08:02:18.000Z,0.003000001,0x1b922638d38d114e8546d72b1a70a1851c61fc92,sell,0xffe8196bc259e8dedc544d935786aa4709ec3e64,0x01e479dd3d115b2e6d69b919f5411d2eff8c9a5b376e61465afaab03a73a2c2d
10,135,0.405135,0x4d0a638f6d827ce52fe43443336a894fe8abb2c3,2017-11-02T08:01:42.000Z,0.003001,0x1b922638d38d114e8546d72b1a70a1851c61fc92,sell,0xffe8196bc259e8dedc544d935786aa4709ec3e64,0x7fa059739147647ccb50cc6c804fafcadc0ea4758acef3f918bb82754bebe580
11,148.8419291546207,0.45396788392159304,0x612e902119734edad054602dee314e8eb1c8e705,2017-11-02T07:59:57.000Z,0.00305,0x1b922638d38d114e8546d72b1a70a1851c61fc92,sell,0xffe8196bc259e8dedc544d935786aa4709ec3e64,0x7f3d2dbb378b904e37811669e01799bd1b0f9961b3395628687218fbd9b549b1
12,0.5139282006504589,0.001593177422016422,0x4fdef1bb3043d4d0bdde38cea5b48ba88baf5cb2,2017-11-02T07:59:57.000Z,0.003099999999999999,0x1b922638d38d114e8546d72b1a70a1851c61fc92,sell,0xffe8196bc259e8dedc544d935786aa4709ec3e64,0x8944646a367d3cf4d3968152d227ee7d7d17de13d819f084167a9f5d58f3509c
13,0.5139282006504589,0.001593177422016422,0x4fdef1bb3043d4d0bdde38cea5b48ba88baf5cb2,2017-11-02T07:58:52.000Z,0.003099999999999999,0x1b922638d38d114e8546d72b1a70a1851c61fc92,sell,0xffe8196bc259e8dedc544d935786aa4709ec3e64,0x8944646a367d3cf4d3968152d227ee7d7d17de13d819f084167a9f5d58f3509c
14,530.6,1.5918,0xeee66de32105ffdc26ff191039c4ddae1ad4c51c,2017-11-02T07:39:17.000Z,0.003,0x281e6ff96c4a8a20b1e0c610d62098580a8a0623,sell,0xffe8196bc259e8dedc544d935786aa4709ec3e64,0x7ce6c61b5c07bd90d1a46523a1124dc942feacf0decc76a8c92584be7368a9be
15,34.115901570132586,0.1040534997889044,0x612e902119734edad054602dee314e8eb1c8e705,2017-11-02T06:22:52.000Z,0.00305,0x8628bf4d0b75cefb9333f1517bd5865cbf93cea5,sell,0xffe8196bc259e8dedc544d935786aa4709ec3e64,0x8c2cb383afd06c924f3d2b608aa109c70cc5d908093944b4e41ca17fdf2cefd4
16,8.064843868494796,0.025001015992333866,0xca46904d366193d2035bf84b77259dc970120875,2017-11-02T05:47:43.000Z,0.0031,0xe7d2ac0d53175a43869a366d76a52e81e1a4068c,sell,0xffe8196bc259e8dedc544d935786aa4709ec3e64,0x4fb8d1ceb88058639c7934476fa1d833392727996a4495d2ec8c329a6d154a99
17,10,0.0315,0x7f293efc39f6b9b99a19b985f86f2fca3f153712,2017-11-02T05:44:20.000Z,0.00315,0xe7d2ac0d53175a43869a366d76a52e81e1a4068c,sell,0xffe8196bc259e8dedc544d935786aa4709ec3e64,0xee974ec182f6e4ad69fb6a5f08795d63899d75d200738219d74736df3964fcc6
18,0.004689678922863796,0.000014538004660877,0x4fdef1bb3043d4d0bdde38cea5b48ba88baf5cb2,2017-11-02T02:41:02.000Z,0.0030999999999998364,0x00505d0a66a0646c85095bbfd75f57c4e1c431ba,sell,0xffe8196bc259e8dedc544d935786aa4709ec3e64,0x5490f1df70a69eb73255c66861570452f868d13a731236b597968943917fb727
19,47.042169275246735,0.14347861628950254,0x612e902119734edad054602dee314e8eb1c8e705,2017-11-02T02:37:48.000Z,0.00305,0x00505d0a66a0646c85095bbfd75f57c4e1c431ba,sell,0xffe8196bc259e8dedc544d935786aa4709ec3e64,0x6c218462b77c6531af81055c003beb65b35ac459091066960d032fb42cb97fdd
20,80,0.24577088,0xab89360ddba16872c5f3e24c7aceafec74421f54,2017-11-02T02:34:23.000Z,0.003072136,0x00505d0a66a0646c85095bbfd75f57c4e1c431ba,sell,0xffe8196bc259e8dedc544d935786aa4709ec3e64,0x38506082268f4c0972e2b336d5bac0c10778fbeb6802eda08400d8e70a32392c
21,34,0.1054,0x4fdef1bb3043d4d0bdde38cea5b48ba88baf5cb2,2017-11-02T02:33:21.000Z,0.0031,0x00505d0a66a0646c85095bbfd75f57c4e1c431ba,sell,0xffe8196bc259e8dedc544d935786aa4709ec3e64,0xc6c34482c0bccb17de5082abafb507349a728c183a3727dd678f77cd8f54738d
22,136.48138212042667,0.4230922845733227,0x4fdef1bb3043d4d0bdde38cea5b48ba88baf5cb2,2017-11-02T02:31:11.000Z,0.0031,0xaac27baada6d41249761e1a5ddf643bb81047e95,sell,0xffe8196bc259e8dedc544d935786aa4709ec3e64,0x84de0abf8790aab8016a07f9da0887edc3c20faa26a9b7351aff55aa9e92ef06
23,0.1,0.000365,0xe2b48b3dd0b33283b4802e63e65518f27e635054,2017-11-02T01:43:58.000Z,0.00365,0xf8c8cbe52a143ecb34a797cc135c711c3e8499cc,buy,0xffe8196bc259e8dedc544d935786aa4709ec3e64,0xbdbd1619b229447c26b10d91226bb2816fc166bbec048ee71cd411c286afd596
24,0.1,0.00035,0xed2ca7381d82f8fb9bcc54ea6ab6526e35aece25,2017-11-02T01:43:58.000Z,0.0035,0x9f04783da4791f63f0a9b4301be3cd9038340314,buy,0xffe8196bc259e8dedc544d935786aa4709ec3e64,0x71347c15b159c25097798513b50b6184dbeaa697c018f8165a5276768ec54dfd
25,412.5791626119019,1.2501148627140626,0x76200775127f855fd99574a997d05f974762a6a0,2017-11-02T00:34:26.000Z,0.00303,0x9dd88b1688123b181e09bb98554e31354e8ceb1b,sell,0xffe8196bc259e8dedc544d935786aa4709ec3e64,0x9afafa520fcf964ea53744b525586076baa378373c4a31ffec2349e7a044b3ed
26,342.9906542056075,1.101,0x366e1a97483a0477d70877f30f474192d821493c,2017-11-02T00:06:52.000Z,0.00321,0x9f04783da4791f63f0a9b4301be3cd9038340314,sell,0xffe8196bc259e8dedc544d935786aa4709ec3e64,0x97cb88974a7e403c12e90d234f1b42a4c807426a8eacc7c88dcd1b6d9cab2364
27,221,0.71162,0x84c3c4f4101457da2920de7d9c66d97b564ee4d5,2017-11-02T00:06:49.000Z,0.00322,0x9f04783da4791f63f0a9b4301be3cd9038340314,sell,0xffe8196bc259e8dedc544d935786aa4709ec3e64,0xe1adb2579364fe18ace10ed58fdda52e0c1d3fa678f56c21e4e023914ad9d0c8
28,45.60434385818096,0.16828002883668775,0x60b00d7b7acf54634e3c7dc9b9c69d657bbf2bae,2017-11-01T22:27:03.000Z,0.00369,0xda00f1f70614c53b77180496bf9d1b1ac9d42774,buy,0xffe8196bc259e8dedc544d935786aa4709ec3e64,0xe3fa7d7d189dce5801dfe1ead98d77aab3e5ae3c6c74eeccf35b169e01005362
29,103,0.35535,0xfee484f6b4229be466c5b1e24043d2e168296576,2017-11-01T20:59:04.000Z,0.00345,0x76200775127f855fd99574a997d05f974762a6a0,sell,0xffe8196bc259e8dedc544d935786aa4709ec3e64,0x5dd4e72e902d7841f6bbe37609f3702b293dd097b2b4dbdc15c1b02156c6c02b
30,3449,11.00231,0x8b8cec1ac92cb3b3bb2a00d394aa9474f91ba05d,2017-11-01T20:41:05.000Z,0.00319,0x76200775127f855fd99574a997d05f974762a6a0,sell,0xffe8196bc259e8dedc544d935786aa4709ec3e64,0x5eb32bd81a32ce2289a1d0e2c784e0e6922fd52d2aead77e873e239de94d44a0
31,1543.211,4.9382752,0x8b8cec1ac92cb3b3bb2a00d394aa9474f91ba05d,2017-11-01T20:41:05.000Z,0.0032,0x76200775127f855fd99574a997d05f974762a6a0,sell,0xffe8196bc259e8dedc544d935786aa4709ec3e64,0x1b732bf100e0c9b676f95d6ddbef5a4cedb5c3154d0d3b31302a35ee86d76abb
32,426,1.4058,0xc9b2378bbc6b1f48e0f58c76f2d994c60648c333,2017-11-01T20:41:05.000Z,0.0033,0x76200775127f855fd99574a997d05f974762a6a0,sell,0xffe8196bc259e8dedc544d935786aa4709ec3e64,0xceacb6ea79445ac12a09f99fd293465ed1b75c0ff479d03be70a15780e7bd6f2
33,426,1.4058,0xc9b2378bbc6b1f48e0f58c76f2d994c60648c333,2017-11-01T20:40:47.000Z,0.0033,0x76200775127f855fd99574a997d05f974762a6a0,sell,0xffe8196bc259e8dedc544d935786aa4709ec3e64,0xceacb6ea79445ac12a09f99fd293465ed1b75c0ff479d03be70a15780e7bd6f2
34,207.8068396712862,0.7273239388495017,0x76200775127f855fd99574a997d05f974762a6a0,2017-11-01T20:11:59.000Z,0.0035,0xf8c8cbe52a143ecb34a797cc135c711c3e8499cc,buy,0xffe8196bc259e8dedc544d935786aa4709ec3e64,0x1603ac1b49e05832984934e494576213adac3b49c4fc09c639a1fa3a1292c909
35,291.31658084772766,1.0936024445023695,0xc9b2378bbc6b1f48e0f58c76f2d994c60648c333,2017-11-01T20:04:37.000Z,0.003754,0x273a5d3e6721b9f5c1a6474f560c1334c63dda01,sell,0xffe8196bc259e8dedc544d935786aa4709ec3e64,0xe7d12023a71c8c3ec95657693a814c2b999b20969be1b8dc74f9e12afceba8f8
36,292.1931603287138,1.0226760611504984,0x273a5d3e6721b9f5c1a6474f560c1334c63dda01,2017-11-01T20:04:37.000Z,0.0035,0xf8c8cbe52a143ecb34a797cc135c711c3e8499cc,buy,0xffe8196bc259e8dedc544d935786aa4709ec3e64,0xe7d12023a71c8c3ec95657693a814c2b999b20969be1b8dc74f9e12afceba8f8
37,500,1.625,0x76200775127f855fd99574a997d05f974762a6a0,2017-11-01T19:32:07.000Z,0.00325,0xf8c8cbe52a143ecb34a797cc135c711c3e8499cc,sell,0xffe8196bc259e8dedc544d935786aa4709ec3e64,0x611074aeb13bebe24c06eafaeea45b81177e676533c58ac644a796adf6838202
38,199,0.711624,0x76200775127f855fd99574a997d05f974762a6a0,2017-11-01T19:24:49.000Z,0.003576,0x84c3c4f4101457da2920de7d9c66d97b564ee4d5,buy,0xffe8196bc259e8dedc544d935786aa4709ec3e64,0x511fb8ffb0a100e3e2b2bae4c5be2fcdefc8a85cc4f18f345fd0bf9a14c7dfee
39,16.788661033483155,0.05372371530714609,0x8b8cec1ac92cb3b3bb2a00d394aa9474f91ba05d,2017-11-01T19:19:38.000Z,0.0032,0xb734e80437b211b7d950aa56e2aba48eb37b7e5d,sell,0xffe8196bc259e8dedc544d935786aa4709ec3e64,0xeb64ff224b757941c87325c9c14bb00e74a18918d3556b8a5f08db22d329b782
40,31,0.1023,0x49ef69ad25f2f37761fd336a6024360e243614f3,2017-11-01T19:17:23.000Z,0.0033,0x76200775127f855fd99574a997d05f974762a6a0,sell,0xffe8196bc259e8dedc544d935786aa4709ec3e64,0x35b0e21b496750b32aa13ab24356f3f6293e1abb350d53b879e478bb3681316d
41,125,0.4109408875,0x4f4a3b9060434913e68fcc02b1c3a9a656bb3152,2017-11-01T19:14:56.000Z,0.0032875271,0x76200775127f855fd99574a997d05f974762a6a0,sell,0xffe8196bc259e8dedc544d935786aa4709ec3e64,0x64d1c5f657df2080885e286e3eb98faee4534143810f189fb7c2d6f25c0a32e2
42,1240,4.0052,0x8b8cec1ac92cb3b3bb2a00d394aa9474f91ba05d,2017-11-01T19:14:35.000Z,0.00323,0x76200775127f855fd99574a997d05f974762a6a0,sell,0xffe8196bc259e8dedc544d935786aa4709ec3e64,0xdfc7e1721b5a3ee0e4879b538f2e78aa05211facbae3e9433c5e9b2cb46cad6b
43,100.83,0.3357639,0x0785fa40aa4834f71f182c2ff2e00b15ebd96d38,2017-11-01T19:14:27.000Z,0.00333,0x76200775127f855fd99574a997d05f974762a6a0,sell,0xffe8196bc259e8dedc544d935786aa4709ec3e64,0xea8636a248eee156230fb23df84b58859a4cd4c4c42be5a80b3f722a97ceb39f
44,300,1.004343,0xab89360ddba16872c5f3e24c7aceafec74421f54,2017-11-01T19:12:23.000Z,0.00334781,0x76200775127f855fd99574a997d05f974762a6a0,sell,0xffe8196bc259e8dedc544d935786aa4709ec3e64,0xbb4d2fa9b248a8f5334955d3688e4d43f449ec67cb362e1b2303120934f6b22b
45,200,0.6644,0x39f8cf09e87314e2a5b321153672831b125e7c2c,2017-11-01T19:12:23.000Z,0.003322,0x76200775127f855fd99574a997d05f974762a6a0,sell,0xffe8196bc259e8dedc544d935786aa4709ec3e64,0x982cdd8e80cb583ea8cab968242c167c3ff93f690ba23e04e59cc2156e9b070d
46,500,1.675,0x0785fa40aa4834f71f182c2ff2e00b15ebd96d38,2017-11-01T19:09:44.000Z,0.00335,0x76200775127f855fd99574a997d05f974762a6a0,sell,0xffe8196bc259e8dedc544d935786aa4709ec3e64,0x130787c8b6912fccbf1b9cea785ec9aae4b799732e53687510776381515f027b
47,321.231,1.14037326231,0x3dee4a4e076e8d82859d241db0baf46f112cfa23,2017-11-01T19:09:27.000Z,0.00355001,0x76200775127f855fd99574a997d05f974762a6a0,sell,0xffe8196bc259e8dedc544d935786aa4709ec3e64,0xea5810705d170926da2fb5e5335911c42655280f76b94a5d1b7bcb68f666e5a1
48,500,1.7,0x0785fa40aa4834f71f182c2ff2e00b15ebd96d38,2017-11-01T19:04:35.000Z,0.0034,0x76200775127f855fd99574a997d05f974762a6a0,sell,0xffe8196bc259e8dedc544d935786aa4709ec3e64,0x8da20b1fa6bcfef3462ad49e0ac83fffeeb57719e0ddfdf6f75dbdbd5044cdcd
49,150,0.5312505,0xab89360ddba16872c5f3e24c7aceafec74421f54,2017-11-01T19:04:20.000Z,0.00354167,0x76200775127f855fd99574a997d05f974762a6a0,sell,0xffe8196bc259e8dedc544d935786aa4709ec3e64,0x8d6dc8c7bf7ec0bba09edbb35530c69ff5114dc7deaf32347be02e355d2e5e30
50,60,0.20646,0x4d0a638f6d827ce52fe43443336a894fe8abb2c3,2017-11-01T19:04:20.000Z,0.003441,0x76200775127f855fd99574a997d05f974762a6a0,sell,0xffe8196bc259e8dedc544d935786aa4709ec3e64,0x645cf59d296b1471b231b2eadc935db4b613813565cb827abf1eb7bb40cc7d10
51,22.379651277428806,0.07944999999999999,0xca46904d366193d2035bf84b77259dc970120875,2017-11-01T19:04:09.000Z,0.0035501,0x76200775127f855fd99574a997d05f974762a6a0,sell,0xffe8196bc259e8dedc544d935786aa4709ec3e64,0x714ce25f0d53ee606c9c692536d661747a012e526531d10faf02f098d71bd82b
52,41.325,0.1469517,0x11d22bd50a6b44880479e41ad18f64da99cd94bc,2017-11-01T19:04:09.000Z,0.003556,0x00f68a79bf71103ab23794c973f92e8dc66db429,buy,0xffe8196bc259e8dedc544d935786aa4709ec3e64,0x94e7a711379b0c5b8991675742884cc6e9082a9712b96a89902c6961588a0d87
53,33.783,0.119966439687,0xab89360ddba16872c5f3e24c7aceafec74421f54,2017-11-01T19:04:09.000Z,0.003551089,0x76200775127f855fd99574a997d05f974762a6a0,sell,0xffe8196bc259e8dedc544d935786aa4709ec3e64,0x73fb324b32f5039584abd67eab6cabb34ad7077f3d893f1b06a32b9c4df453ef
54,296.59555378327184,1.06062570032898,0x00450dacaf9b1565770e3bea4cd2dad4532de4b3,2017-11-01T19:04:09.000Z,0.003576,0x76200775127f855fd99574a997d05f974762a6a0,sell,0xffe8196bc259e8dedc544d935786aa4709ec3e64,0x4815332193eb0ad3c4295b48a1be03606a7464df8d7158a58c0679cbb253fbee
55,3.4044462167281426,0.012174299671019838,0x00450dacaf9b1565770e3bea4cd2dad4532de4b3,2017-11-01T18:41:10.000Z,0.0035759999999999998,0x38cde1ef8b525264ac033d40ca97343eccdf3a70,sell,0xffe8196bc259e8dedc544d935786aa4709ec3e64,0xeb5f612ccc5dc821137a0ad75c584ec4f5434fbdb3eb01348ccf471668d2a963
56,66.21667939387898,0.2351413218121303,0xab89360ddba16872c5f3e24c7aceafec74421f54,2017-11-01T18:24:49.000Z,0.003551089,0x9fe5d6bec1f5f5b993891f27f0a20c20feab0d29,sell,0xffe8196bc259e8dedc544d935786aa4709ec3e64,0x2cd06b98f5f5b8fb8f452d0bea3b9a0dfd3392d6a94730c96b4eb8f01851da49
57,75,0.285,0x59e9442d8ddc010f8f5a980c92eb795e32526c6d,2017-11-01T17:57:02.000Z,0.0038,0x00c2fbd6a3c3277538f3aa28d17093bc1b8be0d7,buy,0xffe8196bc259e8dedc544d935786aa4709ec3e64,0x08dddf13dfb9bbe2a3ea9fb29186494b785b639c63a488f511f81d663130a00c
58,46,0.18814,0xa7cffdfd8834c4c644b9a08e3925a13fc7cbe43e,2017-11-01T17:53:05.000Z,0.00409,0x54804cbd6db2362656f743e4c4306dd4f98e6580,buy,0xffe8196bc259e8dedc544d935786aa4709ec3e64,0xf84da07e1f40f2512668eede84528cb0ca18b8aa3f235d45e6e60134600e3eb4
59,743.2507499532999,2.657939006907996,0xa7cffdfd8834c4c644b9a08e3925a13fc7cbe43e,2017-11-01T17:16:44.000Z,0.0035761,0x8c084eb4ca0ebb6956d267d07e5a0c1f04db4221,sell,0xffe8196bc259e8dedc544d935786aa4709ec3e64,0xa390241b19dd8f1297d7036fa6059dc51b71fe8463532b432b1ed51d037b5378
60,9,0.03645,0xa7cffdfd8834c4c644b9a08e3925a13fc7cbe43e,2017-11-01T15:07:54.000Z,0.00405,0xeb9713d19ae7926a03429e86ede72477d50fd360,buy,0xffe8196bc259e8dedc544d935786aa4709ec3e64,0xe7307406a969e585727b6de4116f30c13681c60f3a9f5073aebfc4b2d1290006
61,1,0.003576,0xa7cffdfd8834c4c644b9a08e3925a13fc7cbe43e,2017-11-01T14:48:37.000Z,0.003576,0x84c3c4f4101457da2920de7d9c66d97b564ee4d5,buy,0xffe8196bc259e8dedc544d935786aa4709ec3e64,0x7f5287adf29dc66e76d6c8a43ec5f2dd1e211c0fd3f292dfd059923fa3618a26
62,0.2008006683617343,0.000718866392735008,0x27c35e3d36861c7cb41d90de261d963920602510,2017-11-01T12:57:56.000Z,0.0035799999999999964,0xba918113878613b7c0590b4e2d4dba57f3869cdb,sell,0xffe8196bc259e8dedc544d935786aa4709ec3e64,0x3a65fa27b73c93328c2cfb586082945d8e9e79f0386fb16d766381f33761f90d
63,2014.2315043365568,7.210948785524873,0x27c35e3d36861c7cb41d90de261d963920602510,2017-11-01T12:57:12.000Z,0.00358,0xba918113878613b7c0590b4e2d4dba57f3869cdb,sell,0xffe8196bc259e8dedc544d935786aa4709ec3e64,0xfe78397c843d338b883ebf8557aaff230ce2439fe64b09f9adc1f1218adda225
64,5.583631869205463,0.019989402091755558,0x27c35e3d36861c7cb41d90de261d963920602510,2017-11-01T12:37:24.000Z,0.00358,0xa473351a3a2f446bcb305b767b30366c2e92669a,sell,0xffe8196bc259e8dedc544d935786aa4709ec3e64,0xead294ae2b130622b53e1ce0f4b6fef74c473342ec144e0d8a6b8b928ffca8c1
65,20.50244242847174,0.07380879274249826,0x27c35e3d36861c7cb41d90de261d963920602510,2017-11-01T11:54:51.000Z,0.0036,0x1451dbe4304a60b5b25b4d98b355effd440417af,sell,0xffe8196bc259e8dedc544d935786aa4709ec3e64,0xcadf4308792c0e6bf3498c08e687416e3117a0091dd2c8aed58de47fb7c9830f
66,60.27016249626159,0.21546583092413518,0x27c35e3d36861c7cb41d90de261d963920602510,2017-11-01T11:06:54.000Z,0.003575,0x1c2dab0bc25205e34c7787ccf5f20b9a20b0b410,sell,0xffe8196bc259e8dedc544d935786aa4709ec3e64,0x59e49040e87abc264ec627a7a3f489c92253c66b9f9455f5e32e17319fb6416f
67,21.780293968697038,0.07732026139181418,0x3dee4a4e076e8d82859d241db0baf46f112cfa23,2017-11-01T10:17:59.000Z,0.00355001,0x7963bb5c1b6cdbda1f6d40a7750f9f02c2e0207f,sell,0xffe8196bc259e8dedc544d935786aa4709ec3e64,0x0554b2ac65bedf9137f24d258a4a0225f106b5277465913004c6ee1cf092c824
68,56.988336157910474,0.20230916324394377,0x3dee4a4e076e8d82859d241db0baf46f112cfa23,2017-11-01T09:25:38.000Z,0.00355001,0xc592f48de2c33de713aaa614186929db982ee3f5,sell,0xffe8196bc259e8dedc544d935786aa4709ec3e64,0xf64b6dcfc0d95f4563746e06123cac2f75885259230d5813f16acab3c4ce6ee4
69,509.717,1.87575856,0x366e1a97483a0477d70877f30f474192d821493c,2017-11-01T08:44:37.000Z,0.00368,0x338f9aa610f0fcc84e09927b63f4e0e61310b6fa,sell,0xffe8196bc259e8dedc544d935786aa4709ec3e64,0x50e7697f9139382848caf69fd8602a383c6b5f64df9613fa450cb1a602271070
70,6.282524175057322,0.023119688964210947,0x366e1a97483a0477d70877f30f474192d821493c,2017-11-01T08:22:49.000Z,0.00368,0x046f5b22e4ec4c5f1263ee11e1496fdcd2aafe3f,sell,0xffe8196bc259e8dedc544d935786aa4709ec3e64,0x7112c6cecd710c832230f3111152f44d83dd7a340dd83170dec4892d98c12e72
71,100,0.36,0x76200775127f855fd99574a997d05f974762a6a0,2017-11-01T04:18:08.000Z,0.0036,0x9da7ad646dc636de4bbc54ece8723a2bc346ca36,sell,0xffe8196bc259e8dedc544d935786aa4709ec3e64,0x8d394184fd80c848e9addb49989dd5e7404f12e4ce579ebbd56287ca20bbfd08
72,193,0.72568,0xb0bfd8b2b0a4432fa5b3afca24dd1fe9440aea60,2017-11-01T04:17:44.000Z,0.00376,0x9da7ad646dc636de4bbc54ece8723a2bc346ca36,sell,0xffe8196bc259e8dedc544d935786aa4709ec3e64,0x1cc9c52d4d18cb936fd4ef42e51c451a5f2d97262cc15a26549bafd62f413594
73,13.081679433755358,0.050429874217126906,0xc5c751ddaa97754342d53c0ef212b44c3455c166,2017-11-01T04:17:04.000Z,0.003855,0x9da7ad646dc636de4bbc54ece8723a2bc346ca36,sell,0xffe8196bc259e8dedc544d935786aa4709ec3e64,0xf1ba397c7539464fe7a1392c750deb144fe246f5480f00d63102b6116893f7d7
74,1062.732,3.985245,0x344d8ac9da76b9139f3b2335e50ee66255b6660c,2017-11-01T04:14:28.000Z,0.00375,0x9da7ad646dc636de4bbc54ece8723a2bc346ca36,sell,0xffe8196bc259e8dedc544d935786aa4709ec3e64,0x8d528795f5d1acbce37524dbff4c257f9b85b067a8644b6f59ea422e0bbc5c48
75,0.00392,0.07448,0x633ffa7ab3ebfe7ae0ba88a8c340d015b0bf3eee,2017-11-01T02:09:50.000Z,19,0x422d7c1f2f04e7582163d1381a436516f4de3c2a,sell,0xffe8196bc259e8dedc544d935786aa4709ec3e64,0x653d71feef6579555de9e15b431b03e1e4be8373043c798be69280171071c7cd
76,471,1.77096,0xb0bfd8b2b0a4432fa5b3afca24dd1fe9440aea60,2017-11-01T00:32:16.000Z,0.00376,0x2ad9a5e333e7b3fa4ddc65c65c0016f432218756,sell,0xffe8196bc259e8dedc544d935786aa4709ec3e64,0x5a8f3ef8552f8a7335fc15ab396ba35d617e26809cacfbcc671474e31f7ad827
77,0.566,0.0023206,0x76200775127f855fd99574a997d05f974762a6a0,2017-10-31T23:57:31.000Z,0.0041,0x1f6a434fa26e656e50f466155191ee267f5fb9df,buy,0xffe8196bc259e8dedc544d935786aa4709ec3e64,0x2e5a9d519dd7c625f5018dc67e722b3616085d6fb5896438af108c816d649b10
78,5.8,0.0231942,0x76200775127f855fd99574a997d05f974762a6a0,2017-10-31T23:49:42.000Z,0.003999,0x05711e000a291e32512c1db11975e49b6ca6ac14,buy,0xffe8196bc259e8dedc544d935786aa4709ec3e64,0x8bc56e990005aadaead853ad1bcb4e56b312217324c48411fd0eb34a6261a5e5
79,4.2,0.0167958,0x76200775127f855fd99574a997d05f974762a6a0,2017-10-31T23:48:45.000Z,0.003999,0x05711e000a291e32512c1db11975e49b6ca6ac14,buy,0xffe8196bc259e8dedc544d935786aa4709ec3e64,0xa739e7e224880cca35b7679b256a16e08c17eb5cab109af392d1762a32ec400b
80,4.2,0.0167958,0x76200775127f855fd99574a997d05f974762a6a0,2017-10-31T23:48:14.000Z,0.003999,0x05711e000a291e32512c1db11975e49b6ca6ac14,buy,0xffe8196bc259e8dedc544d935786aa4709ec3e64,0x4c05f171519c6bd3149702449e891b24edf7b9cf87ae4bf2732cb4a56479d4a9
81,25,0.099975,0x76200775127f855fd99574a997d05f974762a6a0,2017-10-31T23:48:04.000Z,0.003999,0x05711e000a291e32512c1db11975e49b6ca6ac14,buy,0xffe8196bc259e8dedc544d935786aa4709ec3e64,0x7857bc19179443f1bc9e20cea0ecc3e8a77a720879f60dac4d9de815a8b2e406
82,5,0.019995,0x76200775127f855fd99574a997d05f974762a6a0,2017-10-31T23:47:04.000Z,0.003999,0x05711e000a291e32512c1db11975e49b6ca6ac14,buy,0xffe8196bc259e8dedc544d935786aa4709ec3e64,0x986785665be763236fba0c3b81f9bb088e86a91079ef55b784594d4d36e2753b
83,8.598,0.034383402,0x76200775127f855fd99574a997d05f974762a6a0,2017-10-31T23:46:16.000Z,0.003999,0x05711e000a291e32512c1db11975e49b6ca6ac14,buy,0xffe8196bc259e8dedc544d935786aa4709ec3e64,0xee57a394515b6b8dec5a5e5d5f40c9af53afdcd8b9dee5fa4c813d713f4cc7f8
84,49.847597447911475,0.19216248816169873,0xc5c751ddaa97754342d53c0ef212b44c3455c166,2017-10-31T23:44:21.000Z,0.003855,0x38449f7b41793eedc220eb6307a36ebd1ebb7fca,sell,0xffe8196bc259e8dedc544d935786aa4709ec3e64,0x44cdc17bd3fc4e5e758435306e1cbe87053e2e836d0599d8d02a6fcceff1663e
85,37.07072311833317,0.14290763762117437,0xc5c751ddaa97754342d53c0ef212b44c3455c166,2017-10-31T21:59:15.000Z,0.003855,0x7d281290a012805bbebd54791a9df6c2bb30b2f2,sell,0xffe8196bc259e8dedc544d935786aa4709ec3e64,0x2974449635082b81e1001c64cc65d75029da8790bb78d88c6669aae778ab90a0
86,158.97810591841474,0.6357534455677406,0x11cb23cdcfc75c9afcc415dd5cd29d26550a0a5d,2017-10-31T21:17:45.000Z,0.003999,0x05711e000a291e32512c1db11975e49b6ca6ac14,buy,0xffe8196bc259e8dedc544d935786aa4709ec3e64,0x01d29012c5e331cde6d024b14e22b85fe88612d148dbcb2f891e1a92d7d21abf
87,498.50448158609817,1.9212362720328222,0x11cb23cdcfc75c9afcc415dd5cd29d26550a0a5d,2017-10-31T20:49:13.000Z,0.003854,0xb00548770ea87482f024cd4292a975fea72e8f01,sell,0xffe8196bc259e8dedc544d935786aa4709ec3e64,0x6a64f8ce2f85bd9421bcfdbe6916c8ae76b8be354c1593833b30e154f11a50cd
88,2487.347450670769,9.586237074885144,0x11cb23cdcfc75c9afcc415dd5cd29d26550a0a5d,2017-10-31T20:25:02.000Z,0.003854,0xf323e7da819a63050fca32808fb478040d34956a,sell,0xffe8196bc259e8dedc544d935786aa4709ec3e64,0x4118d4cdfaed05bfdf0c7fc45e0bebb85e8360f83345ff8f576ba591d3c22428
89,182.43463604253535,0.6848596237036776,0xc9b2378bbc6b1f48e0f58c76f2d994c60648c333,2017-10-31T19:28:35.000Z,0.003754,0x8cba8f92256e1e30a8ba70a3dff3e5dfe2a001af,sell,0xffe8196bc259e8dedc544d935786aa4709ec3e64,0xa668d7cec406248d4d26e2517a5d4b7da582fa5d1ad77aab80c944bedeaf298b
90,11.62,0.04646838,0x76200775127f855fd99574a997d05f974762a6a0,2017-10-31T19:16:57.000Z,0.003999,0x05711e000a291e32512c1db11975e49b6ca6ac14,buy,0xffe8196bc259e8dedc544d935786aa4709ec3e64,0x0c14ac2d1a4ee7eb37f12ed5a52391c4f2330a0f9300955cfde3daa7e47464a9
91,49.845479015053336,0.18711992822251022,0xc9b2378bbc6b1f48e0f58c76f2d994c60648c333,2017-10-31T17:24:41.000Z,0.003754,0x9065557ea0ef03b41220f5e9238687802f06b64c,sell,0xffe8196bc259e8dedc544d935786aa4709ec3e64,0x4d967b62849482e0efae0587a6669aca830d44c21964d3436d07d68908d7a1c5
92,61.52672461369754,0.23097132419982055,0xc9b2378bbc6b1f48e0f58c76f2d994c60648c333,2017-10-31T17:24:41.000Z,0.003754,0xc6fc6835ce16679c89567c0b33604d1e9a71bf99,sell,0xffe8196bc259e8dedc544d935786aa4709ec3e64,0x06c07ef9f6b7a7e201648b822a9134982d043188682c8c45867da810aec2a89e
93,0.997,0.0057826,0x0c8c4024829d2aefe3b711b78f3852961661eb57,2017-10-31T16:44:29.000Z,0.0058,0xf44072eda87ede9613b6ae1b812de8a60ade27a2,sell,0xffe8196bc259e8dedc544d935786aa4709ec3e64,0x999c45742578adcc66d796ba9cb7aec6495d683b197d139ee5112527299596b0
94,1,0.003999,0xf44072eda87ede9613b6ae1b812de8a60ade27a2,2017-10-31T16:44:29.000Z,0.003999,0x05711e000a291e32512c1db11975e49b6ca6ac14,buy,0xffe8196bc259e8dedc544d935786aa4709ec3e64,0x999c45742578adcc66d796ba9cb7aec6495d683b197d139ee5112527299596b0
95,4.1885180709799625,0.015870294970943076,0x76200775127f855fd99574a997d05f974762a6a0,2017-10-31T15:43:33.000Z,0.003789,0x2d7ad46c8c2128b37f7bbf1d70f81db34d1176ba,sell,0xffe8196bc259e8dedc544d935786aa4709ec3e64,0x72ddba492f883abf9c0ceae68641ad53f702641acbe6e16f70fa94ca2086fe53
96,54.6944763246817,0.20723737079421897,0x76200775127f855fd99574a997d05f974762a6a0,2017-10-31T15:38:58.000Z,0.003789,0x009a12d4290630bc01fd82516ac57c1dc6a9bcfb,sell,0xffe8196bc259e8dedc544d935786aa4709ec3e64,0xe181c551fb3d75efe93441dd4c57ce448a3d1f0b6946c7059149ebce3802580b
97,49.85,0.186962425,0x009a12d4290630bc01fd82516ac57c1dc6a9bcfb,2017-10-31T15:13:04.000Z,0.0037505,0x38449f7b41793eedc220eb6307a36ebd1ebb7fca,sell,0xffe8196bc259e8dedc544d935786aa4709ec3e64,0x772c278adc69f75114a900df5c3e467bb6659aab08cfcadabfbeafaddd831826
98,5.013799114160876,0.018804253577660367,0x009a12d4290630bc01fd82516ac57c1dc6a9bcfb,2017-10-31T15:09:49.000Z,0.0037505,0xb1cd4caee91590056c4bcb8fa67fa6914df4101b,sell,0xffe8196bc259e8dedc544d935786aa4709ec3e64,0xfe9f71c41f0da15228b3d1a4b6de0a6f54024e44ce571951279077c9f3b3d071
99,20.956787745349178,0.08173147220686179,0x76200775127f855fd99574a997d05f974762a6a0,2017-10-31T15:08:39.000Z,0.0039,0xb1cd4caee91590056c4bcb8fa67fa6914df4101b,sell,0xffe8196bc259e8dedc544d935786aa4709ec3e64,0x7f39101d6595ee976632d6c19449f044d63272d1d3bf7f2d9046f8beb39d915d
100,3.4044462167281426,0.013277340245239756,0x76200775127f855fd99574a997d05f974762a6a0,2017-10-31T14:26:54.000Z,0.0039,0x6ba8322e3c02c28bba6c894912769bbe21447160,sell,0xffe8196bc259e8dedc544d935786aa4709ec3e64,0xd83442cb5661459e76c17b8782dbda8ca5ed0569c795d4f3dbe336519e2dd927
101,420,1.61212086,0x76200775127f855fd99574a997d05f974762a6a0,2017-10-31T14:22:26.000Z,0.003838383,0x6e1801a6c4860f390d485ce43927cf2f140f07e5,sell,0xffe8196bc259e8dedc544d935786aa4709ec3e64,0x230a1638f0bf445528cac5dbbde5af7c297d9eeccbf83bfa2210e8fd0d692150
102,1544.8315190193443,5.932153033034282,0xf1ea52ac3b0998b76e2db8394f91224c06beef1c,2017-10-31T14:22:26.000Z,0.00384,0x6e1801a6c4860f390d485ce43927cf2f140f07e5,sell,0xffe8196bc259e8dedc544d935786aa4709ec3e64,0x0a09a6ffa531e340d4f366ed88ae4f622b87dc1835d088b13eb2ec6360e6a84c
103,71.00667929418802,0.27266571949636126,0xf1e91394331bd2e1493e2e67c0082157f09756e9,2017-10-31T14:22:13.000Z,0.003840001,0x6e1801a6c4860f390d485ce43927cf2f140f07e5,sell,0xffe8196bc259e8dedc544d935786aa4709ec3e64,0x051263f893b5a88dd37736c868d430813c24ee0fd9d3f34c0129202ee660509e
104,26,0.1001,0x128bab5f74529c899fa4d0c0c8182f250933a462,2017-10-31T14:22:11.000Z,0.00385,0x6e1801a6c4860f390d485ce43927cf2f140f07e5,sell,0xffe8196bc259e8dedc544d935786aa4709ec3e64,0xabf8ac831595398a581d1fb12b3748d2f94025663520cda9a9c87ecb2fa91d5c
105,30,0.1185,0x279cdd763b7d89bd19ce0877464e3f7a2fef511e,2017-10-31T14:21:57.000Z,0.00395,0x6e1801a6c4860f390d485ce43927cf2f140f07e5,sell,0xffe8196bc259e8dedc544d935786aa4709ec3e64,0x3fd60b5e6e3651381ecf8a2ba4daebd145cee88694df2aa6b95b34c14ad686ef
106,169.39049257302364,0.6504594914804107,0xf1ea52ac3b0998b76e2db8394f91224c06beef1c,2017-10-31T13:38:56.000Z,0.00384,0xfa45c6991a2c3d74ada3a279e21135133ce3da8a,sell,0xffe8196bc259e8dedc544d935786aa4709ec3e64,0xc7f00d0a254b5b186adadca9dc2c063499fd094eef994f9fcbede9c75065059a
107,1500,5.85,0x9b12d296a33f888e4f636107fbea1468167ff43c,2017-10-31T13:02:47.000Z,0.0039,0x6e1801a6c4860f390d485ce43927cf2f140f07e5,sell,0xffe8196bc259e8dedc544d935786aa4709ec3e64,0x8e1a66309fa437176c4686878221efb16691a0e83c1ac3ad8baa55b178372a98
108,1256.993320705812,4.826855608503639,0xf1e91394331bd2e1493e2e67c0082157f09756e9,2017-10-31T12:54:04.000Z,0.003840001,0x0fd9bf643a96d338b4212080e188493121273ed9,sell,0xffe8196bc259e8dedc544d935786aa4709ec3e64,0x22046a3882293129e0acb560341d516620c627210b02702e1db17bb0da9a8fc3
109,0.1,0.000421,0x6cdea8e07bf82d7a07dbf36642d6e5be8623845c,2017-10-31T10:56:15.000Z,0.00421,0xf1ea52ac3b0998b76e2db8394f91224c06beef1c,buy,0xffe8196bc259e8dedc544d935786aa4709ec3e64,0x4db9c3d9e2d52df5f89edfd1951f58c2e3666acdf8392533691ab80e67be8f65
110,26.9165586681288,0.1076662346725152,0x7a7c8ea9ecec9dfe225dd07b8c75e54a6ab83bcf,2017-10-31T09:27:00.000Z,0.004,0x46c8609a5048dc6e14ebfeb9762dd9fa275d5490,sell,0xffe8196bc259e8dedc544d935786aa4709ec3e64,0x14537455cd16285a63fb622ef104f31c62d0d83ad83ec682ebc0cf00834276b1
111,128,0.512,0x7a7c8ea9ecec9dfe225dd07b8c75e54a6ab83bcf,2017-10-31T09:00:36.000Z,0.004,0xe7ac4b81e00ec85d1ddd448fd7b640d62bb2e7c4,buy,0xffe8196bc259e8dedc544d935786aa4709ec3e64,0x37d316c6b07fd3743bdc3b22d96d099595ce539619904dc6f7b5badf60a7045b
112,70.3857441691498,0.27450440225968425,0x76200775127f855fd99574a997d05f974762a6a0,2017-10-31T08:47:14.000Z,0.0039,0x26c119a083cdace31da3863c804f30d54352b116,sell,0xffe8196bc259e8dedc544d935786aa4709ec3e64,0xf33be8a49d64130f86fb2d658d670c1f45c72f4d32a9b6dd001c7ecc99279616
113,79.15858427111249,0.30951006450004986,0x161f5ce5a04311c77acef3c72c47d45f251db0ea,2017-10-31T08:42:54.000Z,0.00391,0x26c119a083cdace31da3863c804f30d54352b116,sell,0xffe8196bc259e8dedc544d935786aa4709ec3e64,0x816229a660b3f356780a296ea620e9a1ee5713afd40f8b9eaeb51024e2ee0ad3
114,90,0.351,0x161f5ce5a04311c77acef3c72c47d45f251db0ea,2017-10-31T08:29:33.000Z,0.0039,0x1db2844cda66df40d32411c5d82bce627b753393,buy,0xffe8196bc259e8dedc544d935786aa4709ec3e64,0x34a9a14c8482cf950cffdfb5f9d70e556d5db68a7ca47e189655adc8498404c3
115,60.39639335350671,0.23554593407867616,0x76200775127f855fd99574a997d05f974762a6a0,2017-10-31T08:01:04.000Z,0.0039,0x5ce541582b480ddb717b2c8784108f63173c1bbb,sell,0xffe8196bc259e8dedc544d935786aa4709ec3e64,0x38da05c258cfc97b4daf465394dee5e75ad44ad1f7f1b60f02b80525aeac25fa
116,63.3180061808394,0.24694022410527366,0x76200775127f855fd99574a997d05f974762a6a0,2017-10-31T07:50:56.000Z,0.0039,0x437cb37e60578627ce012bdf52323b35ac19bac6,sell,0xffe8196bc259e8dedc544d935786aa4709ec3e64,0xf36fd60963b21c2ca1b9574bd42647c24bb3169864fd171614001181118a2421
117,1000,3.84,0xf1ea52ac3b0998b76e2db8394f91224c06beef1c,2017-10-31T07:49:03.000Z,0.00384,0x437cb37e60578627ce012bdf52323b35ac19bac6,sell,0xffe8196bc259e8dedc544d935786aa4709ec3e64,0x82d67b03cf76a411e776493e93e2549a361a2cfaec7451da05af56120a424ead
118,100,0.3888,0x76200775127f855fd99574a997d05f974762a6a0,2017-10-31T07:48:37.000Z,0.003888,0x437cb37e60578627ce012bdf52323b35ac19bac6,sell,0xffe8196bc259e8dedc544d935786aa4709ec3e64,0x84aa8e467cf8c37c8e93181649244561faa7e9fef11fbeae47fd577c0f464b7a
119,24.5,0.095256,0xaef4f3d964f9e3036f4fc94f3dfacbd19e79d210,2017-10-31T07:48:37.000Z,0.003888,0x437cb37e60578627ce012bdf52323b35ac19bac6,sell,0xffe8196bc259e8dedc544d935786aa4709ec3e64,0xe935072365654249bcf67c6f02940bacb4506a4ed81bc80e06952d6bcbc23023
120,5,0.0195,0x76200775127f855fd99574a997d05f974762a6a0,2017-10-31T07:42:58.000Z,0.0039,0xe7d2ac0d53175a43869a366d76a52e81e1a4068c,sell,0xffe8196bc259e8dedc544d935786aa4709ec3e64,0x3cbf0ff5a6dcbff35b82952b610043b6da15bbcafb689fdda3125946759eec09
121,50,0.195,0x76200775127f855fd99574a997d05f974762a6a0,2017-10-31T07:17:53.000Z,0.0039,0xe7d2ac0d53175a43869a366d76a52e81e1a4068c,sell,0xffe8196bc259e8dedc544d935786aa4709ec3e64,0x07e5e6fe469fd1653a66136b60478eaf59eefbee2b61b14ec5c4cd17396cf551
122,26.53862233442677,0.1035006271042644,0x76200775127f855fd99574a997d05f974762a6a0,2017-10-31T07:17:53.000Z,0.0039,0xbfdebf87cd9a51ba9b88bb1ee0480b1bb9fc5a99,sell,0xffe8196bc259e8dedc544d935786aa4709ec3e64,0xf950ba8d6154822771a4f539349b3d562da4f74f3f252caef6f645bc70da21fb
123,25.77578059455285,0.10310569995627085,0xb0a77c3b16472bf05d3cedb12c117884d19422a3,2017-10-31T07:14:41.000Z,0.0040001,0xbfdebf87cd9a51ba9b88bb1ee0480b1bb9fc5a99,sell,0xffe8196bc259e8dedc544d935786aa4709ec3e64,0x01767d94309e5de6cfb690754cf95a83bea22ff520450854feb89753025a4f9f
124,35,0.14035,0xd98a3954353055ab642c9159c7f3b25dac2dc29b,2017-10-31T06:28:51.000Z,0.00401,0xe7d2ac0d53175a43869a366d76a52e81e1a4068c,sell,0xffe8196bc259e8dedc544d935786aa4709ec3e64,0xf06ce692777f8b85171848526440b814e4fd38c23dc60d63dc47fcca399fc9f5
125,0.1186915444143,0.000474778046811641,0xb0a77c3b16472bf05d3cedb12c117884d19422a3,2017-10-31T04:40:37.000Z,0.004000099999999996,0xe444a40689f51f63bcd29910622035707d533d29,sell,0xffe8196bc259e8dedc544d935786aa4709ec3e64,0xe2ff623fd3bcdcdbb9db4e6ae64bfa661722c2ac5c6fe9890998f034f2f3f5b3
126,250,1.025,0xf8c8cbe52a143ecb34a797cc135c711c3e8499cc,2017-10-31T04:33:52.000Z,0.0041,0x6e1801a6c4860f390d485ce43927cf2f140f07e5,sell,0xffe8196bc259e8dedc544d935786aa4709ec3e64,0x5d3330ac1019a96b42262a97cef47cddc26bd65fd83b5039ea6dfe2d67be45c9
127,33.47622370650982,0.13390824244840993,0xb0a77c3b16472bf05d3cedb12c117884d19422a3,2017-10-31T04:21:42.000Z,0.0040001,0xe93269252a9dc93baaf3ad137a9bee83f9c9b398,sell,0xffe8196bc259e8dedc544d935786aa4709ec3e64,0x3d3b37e8b47cf52615b5e3ec9d4448667559460a1a8d9238331c9a2f20255f2e
128,40.629304154523034,0.1625212795485076,0xb0a77c3b16472bf05d3cedb12c117884d19422a3,2017-10-31T04:01:32.000Z,0.0040001,0x2a02904c2d7510a28d184387aab187478182a60b,sell,0xffe8196bc259e8dedc544d935786aa4709ec3e64,0xd1b0f4d8c5ab7d5c364b774e83e778c9567503fac8f7a85aa82df1c288ce6ce4
129,731.545,2.92618,0x2455d499c6340eb130d816798c4cb8d22e4d5a2d,2017-10-31T01:34:37.000Z,0.004,0x6e1801a6c4860f390d485ce43927cf2f140f07e5,sell,0xffe8196bc259e8dedc544d935786aa4709ec3e64,0x8ff5778154917aa9af6d21778c8b347b810feb5df5997794912737bd6a61005d
130,498.45479015053337,1.9938191606021334,0x2455d499c6340eb130d816798c4cb8d22e4d5a2d,2017-10-31T01:28:31.000Z,0.004,0xb00548770ea87482f024cd4292a975fea72e8f01,sell,0xffe8196bc259e8dedc544d935786aa4709ec3e64,0x23eb67e5717261dd0a1c996eb5b8a2b6eeb99d9b614001772815f32b378cd1a3
131,0.02,0.0000928,0x0c4085d8e714ca77ac5f46cd2b80a92d238a7cd3,2017-10-31T00:19:48.000Z,0.00464,0x11d22bd50a6b44880479e41ad18f64da99cd94bc,buy,0xffe8196bc259e8dedc544d935786aa4709ec3e64,0x92c7413a65316e57543a3ba177b5182b854e2fe391cec7b75be46a591729615a
132,163.8579022937378,0.6554316091749511,0x9dd88b1688123b181e09bb98554e31354e8ceb1b,2017-10-30T23:51:26.000Z,0.004,0x64be2031029ec6ba890aa473d718064b1aa6570d,sell,0xffe8196bc259e8dedc544d935786aa4709ec3e64,0x1ee19ae730ee0e4e69794272b6558d122867b5b712ec8d5e5df2dca94bf19a96
133,250,1.0125,0x9dd88b1688123b181e09bb98554e31354e8ceb1b,2017-10-30T23:49:01.000Z,0.00405,0x64be2031029ec6ba890aa473d718064b1aa6570d,sell,0xffe8196bc259e8dedc544d935786aa4709ec3e64,0x6cb951ee03e4908c4d5a4f073e144db1b9257784bfffe2eb01ef960d4cbf7d76
134,101,0.40804,0x76200775127f855fd99574a997d05f974762a6a0,2017-10-30T23:49:01.000Z,0.00404,0x64be2031029ec6ba890aa473d718064b1aa6570d,sell,0xffe8196bc259e8dedc544d935786aa4709ec3e64,0x4e0e9caaa673cddeb7ca38bd17a8acc6573111ea5a16cbfb46ab312274f9b175
135,124.832,0.50806624,0x0ee9835b4f0e1ae8e631d8197a4a642f417d257e,2017-10-30T23:48:40.000Z,0.00407,0x64be2031029ec6ba890aa473d718064b1aa6570d,sell,0xffe8196bc259e8dedc544d935786aa4709ec3e64,0x4b23dd78e2e3c591d6748ea88fd538d913a7e4d1fe47fdf85153c5effe4890fe
136,100,0.408,0x76200775127f855fd99574a997d05f974762a6a0,2017-10-30T23:47:58.000Z,0.00408,0x64be2031029ec6ba890aa473d718064b1aa6570d,sell,0xffe8196bc259e8dedc544d935786aa4709ec3e64,0x1b7d6ae1717d48065c7fe14af869acc84a919c2a3caad2b65698fecd05004f9c
137,250,1.0225,0x11d22bd50a6b44880479e41ad18f64da99cd94bc,2017-10-30T23:46:15.000Z,0.00409,0x64be2031029ec6ba890aa473d718064b1aa6570d,sell,0xffe8196bc259e8dedc544d935786aa4709ec3e64,0xa4a4d72ac6c2d64134b4dbee01fe38ff59e20bc6b06b993645bda2df1353b40b
138,482,2.0244,0x1a73697f496ea3ef8914e992e7f126ac01a710a2,2017-10-30T23:44:17.000Z,0.0042,0x64be2031029ec6ba890aa473d718064b1aa6570d,sell,0xffe8196bc259e8dedc544d935786aa4709ec3e64,0xac70f4d0ddb7d4fa44b15da9500e08a203be412363beb712048da4004582cfec
139,10,0.04799,0x2455d499c6340eb130d816798c4cb8d22e4d5a2d,2017-10-30T23:20:54.000Z,0.004799,0x00c2fbd6a3c3277538f3aa28d17093bc1b8be0d7,buy,0xffe8196bc259e8dedc544d935786aa4709ec3e64,0xff431c57b9ccd5e5ea63e33d4c80018f163a73d43ef144504f70c02f2965483a
140,50,0.23995,0x2455d499c6340eb130d816798c4cb8d22e4d5a2d,2017-10-30T23:20:45.000Z,0.004799,0x76200775127f855fd99574a997d05f974762a6a0,sell,0xffe8196bc259e8dedc544d935786aa4709ec3e64,0x582c3cef078236458f118da5e78f445bc88f0a90c1539127d904d67049e8cd3b
141,14.773104233815154,0.07089612721807892,0xf50e4286a0c34d9b10b9cfa544c4bc4ad32c0a42,2017-10-30T23:18:18.000Z,0.004799,0x00c2fbd6a3c3277538f3aa28d17093bc1b8be0d7,buy,0xffe8196bc259e8dedc544d935786aa4709ec3e64,0xe3ab923da50550a2c1b989aefd1bda9fdddd755b8a35b3e89a126b01c0170e94
142,450,2.15955,0xf323e7da819a63050fca32808fb478040d34956a,2017-10-30T23:17:05.000Z,0.004799,0x00c2fbd6a3c3277538f3aa28d17093bc1b8be0d7,buy,0xffe8196bc259e8dedc544d935786aa4709ec3e64,0x54a4e2a79556db8a6545f97758261ac9fce83ba01de16ca9ccebfb909f8a570f
143,22.311,0.105954939,0xf50e4286a0c34d9b10b9cfa544c4bc4ad32c0a42,2017-10-30T23:16:04.000Z,0.004749,0x6086d973e49cbd211eb73eacf15ee9cad4f09190,buy,0xffe8196bc259e8dedc544d935786aa4709ec3e64,0x5664be07fb29116457537514ce624971eed1401d61279df7201a6be51e8fe217
144,6,0.02844,0x76200775127f855fd99574a997d05f974762a6a0,2017-10-30T23:14:33.000Z,0.00474,0xcc16e731603785a71da1ecdd99acb29ae1cf85d3,buy,0xffe8196bc259e8dedc544d935786aa4709ec3e64,0xb364b105fbaa05500492dab22d25a56780cc80d49515ed71b503d5a35046ac93
145,500,2.4,0xf323e7da819a63050fca32808fb478040d34956a,2017-10-30T23:14:33.000Z,0.0048,0x76200775127f855fd99574a997d05f974762a6a0,sell,0xffe8196bc259e8dedc544d935786aa4709ec3e64,0xae048483baded1e39e80750915d14af3234a54db2417a497396045ca2d4781b2
146,5,0.02397,0x76200775127f855fd99574a997d05f974762a6a0,2017-10-30T23:14:33.000Z,0.004794,0x492842125e4c3a7d10cda0e0291ea22788e4ad60,buy,0xffe8196bc259e8dedc544d935786aa4709ec3e64,0x43636f7417d31133ea133de50459521c87ad7b3662a0302299b1067c28f19c11
147,6,0.02844,0x76200775127f855fd99574a997d05f974762a6a0,2017-10-30T23:13:47.000Z,0.00474,0xcc16e731603785a71da1ecdd99acb29ae1cf85d3,buy,0xffe8196bc259e8dedc544d935786aa4709ec3e64,0xb364b105fbaa05500492dab22d25a56780cc80d49515ed71b503d5a35046ac93
148,500,2.4,0xf323e7da819a63050fca32808fb478040d34956a,2017-10-30T23:13:47.000Z,0.0048,0x76200775127f855fd99574a997d05f974762a6a0,sell,0xffe8196bc259e8dedc544d935786aa4709ec3e64,0xae048483baded1e39e80750915d14af3234a54db2417a497396045ca2d4781b2
149,5,0.02397,0x76200775127f855fd99574a997d05f974762a6a0,2017-10-30T23:13:47.000Z,0.004794,0x492842125e4c3a7d10cda0e0291ea22788e4ad60,buy,0xffe8196bc259e8dedc544d935786aa4709ec3e64,0x43636f7417d31133ea133de50459521c87ad7b3662a0302299b1067c28f19c11
150,500,2.4,0xf323e7da819a63050fca32808fb478040d34956a,2017-10-30T23:12:40.000Z,0.0048,0x76200775127f855fd99574a997d05f974762a6a0,sell,0xffe8196bc259e8dedc544d935786aa4709ec3e64,0x4973cf45dd84377de7704075fbbaf65f3a4b6dc29afc03c5b0f7641625e29907
151,0.03460508637901588,0.000166104414619276,0xf323e7da819a63050fca32808fb478040d34956a,2017-10-30T23:12:30.000Z,0.0047999999999999935,0x76200775127f855fd99574a997d05f974762a6a0,sell,0xffe8196bc259e8dedc544d935786aa4709ec3e64,0x60576badb581f314b821128c162a874f1f84d2fd322a467f0d18db5bf21cd969
152,347.12362146790827,1.6661933830459599,0xf323e7da819a63050fca32808fb478040d34956a,2017-10-30T23:11:34.000Z,0.0048,0x76200775127f855fd99574a997d05f974762a6a0,sell,0xffe8196bc259e8dedc544d935786aa4709ec3e64,0xbbacd22cf12968693003d6bcc620594879d950658963810713b360e3f7a2c4b3
153,700,3.325,0xd445f61ebca3d6b4c57eef1f39fdab6595ef8972,2017-10-30T23:11:19.000Z,0.00475,0x6e1801a6c4860f390d485ce43927cf2f140f07e5,buy,0xffe8196bc259e8dedc544d935786aa4709ec3e64,0x7f8c98db20336b8fbf640f2a3fb299e129478563f184ef22453964d1642eabb6
154,697.9,3.34992,0xf323e7da819a63050fca32808fb478040d34956a,2017-10-30T23:11:19.000Z,0.0048,0xd445f61ebca3d6b4c57eef1f39fdab6595ef8972,sell,0xffe8196bc259e8dedc544d935786aa4709ec3e64,0x7f8c98db20336b8fbf640f2a3fb299e129478563f184ef22453964d1642eabb6
155,1000,4.75,0xd56e286c06dc71000e85cf3d70c6c9165b631667,2017-10-30T23:03:18.000Z,0.00475,0x76200775127f855fd99574a997d05f974762a6a0,sell,0xffe8196bc259e8dedc544d935786aa4709ec3e64,0x21673c41cbce9b24eda9539b89bbf710e5a3759310931ed933928ddbf9e426f9
156,1000,4.75,0xd56e286c06dc71000e85cf3d70c6c9165b631667,2017-10-30T23:02:27.000Z,0.00475,0x76200775127f855fd99574a997d05f974762a6a0,sell,0xffe8196bc259e8dedc544d935786aa4709ec3e64,0xed4c88ac8a243274dac9af2b56e9be48ec3fdf78b6bf6393bb0577b64e10aed0
157,14,0.06636,0x6dab1a65d3132354a613368f81104c2a658f3a9a,2017-10-30T22:17:19.000Z,0.00474,0xcc16e731603785a71da1ecdd99acb29ae1cf85d3,buy,0xffe8196bc259e8dedc544d935786aa4709ec3e64,0xaf33086ce01e3c07036d364d97f107722502c5f8d13c1f30a736492215e73ad9
158,15.916368667131891,0.0647796204752268,0x0ee9835b4f0e1ae8e631d8197a4a642f417d257e,2017-10-30T21:24:30.000Z,0.00407,0x136d44a5049cddbec4d0b6923c4fe81f9c144e4d,sell,0xffe8196bc259e8dedc544d935786aa4709ec3e64,0x4cf9c412d7c32ed8f2a7c1f78d411b577398f4fa364d6088ae13a54a4ee58bda
159,4.2,0.01764,0x76200775127f855fd99574a997d05f974762a6a0,2017-10-30T21:19:17.000Z,0.0042,0x6086d973e49cbd211eb73eacf15ee9cad4f09190,sell,0xffe8196bc259e8dedc544d935786aa4709ec3e64,0xc339c9c933790300559e6b9d55104e54f2dceab65f0c1ff644194e09ca7105f5
160,32.25158914365467,0.1312639678146745,0x0ee9835b4f0e1ae8e631d8197a4a642f417d257e,2017-10-30T21:12:25.000Z,0.00407,0x5740241812f338b0650d59ff2c40c2f82792cba0,sell,0xffe8196bc259e8dedc544d935786aa4709ec3e64,0xe122af192c67f652b3c109bb096a3d7b74e9f39094dd51b49c38b8955e9298db
161,500,2.3745,0xb8e1ba2fd4fd2a58026ebc1f457a1e8bdc5f7431,2017-10-30T21:07:26.000Z,0.004749,0x5e70df6141285385d68fef85f3597bf863936867,buy,0xffe8196bc259e8dedc544d935786aa4709ec3e64,0x27d15528987a01d0951f7e5bfd0d8c130d048296654a34ce356799fa0790b371
162,60.523,0.28687902,0xb8e1ba2fd4fd2a58026ebc1f457a1e8bdc5f7431,2017-10-30T20:44:38.000Z,0.00474,0x76200775127f855fd99574a997d05f974762a6a0,buy,0xffe8196bc259e8dedc544d935786aa4709ec3e64,0xc6cb92995c860ae07b5359e209b95cd25390d8e9f4103583c6f5c1861d12b609
163,59.539,0.27685635,0xb8e1ba2fd4fd2a58026ebc1f457a1e8bdc5f7431,2017-10-30T20:44:38.000Z,0.00465,0x9dd88b1688123b181e09bb98554e31354e8ceb1b,buy,0xffe8196bc259e8dedc544d935786aa4709ec3e64,0x46e93da0ec0dd78b61b297d08ce83ca2b1610c98610ef190ed024942f71a72a7
164,59.53925572226099,0.23815702288904397,0x9dd88b1688123b181e09bb98554e31354e8ceb1b,2017-10-30T20:40:28.000Z,0.004,0xa1f7d1c0d98190e1ef2052392dfcfe631ac56b00,sell,0xffe8196bc259e8dedc544d935786aa4709ec3e64,0x8457c1b3b90aec34ed4349a626578a12b0ee0c0faf95647ec2f0b409c0a15d6f
165,300,1.425,0xb8e1ba2fd4fd2a58026ebc1f457a1e8bdc5f7431,2017-10-30T20:32:37.000Z,0.00475,0x6e1801a6c4860f390d485ce43927cf2f140f07e5,buy,0xffe8196bc259e8dedc544d935786aa4709ec3e64,0x41fa10b021760d1a7894d8d124d4629ed4613b0c12f183230c85eb4f04bd4ec6
166,80,0.376,0xb8e1ba2fd4fd2a58026ebc1f457a1e8bdc5f7431,2017-10-30T20:29:37.000Z,0.0047,0x76200775127f855fd99574a997d05f974762a6a0,buy,0xffe8196bc259e8dedc544d935786aa4709ec3e64,0xf08930f9b54904af83782171bc6cafc2faaf938a297a449b730b73f6363b30ab
167,148,0.70152,0xb8e1ba2fd4fd2a58026ebc1f457a1e8bdc5f7431,2017-10-30T20:29:37.000Z,0.00474,0x0ee9835b4f0e1ae8e631d8197a4a642f417d257e,buy,0xffe8196bc259e8dedc544d935786aa4709ec3e64,0xb315c234369b083210b549160c6dcfe5145897df5649c89d7f9d6fed58ab84d7
168,120,0.56388,0xb8e1ba2fd4fd2a58026ebc1f457a1e8bdc5f7431,2017-10-30T20:26:24.000Z,0.004699,0x492842125e4c3a7d10cda0e0291ea22788e4ad60,buy,0xffe8196bc259e8dedc544d935786aa4709ec3e64,0xe84db7260b3f650a82858e279d6fda57346a9541423ebf66e8f324d0e32298ae
169,37.15362,0.16719129,0xb8e1ba2fd4fd2a58026ebc1f457a1e8bdc5f7431,2017-10-30T20:26:24.000Z,0.0045,0x53925f22d7c86090894e2b6edad982dbe8f98d3d,buy,0xffe8196bc259e8dedc544d935786aa4709ec3e64,0xfd94f73cc08253c24d8215c6a6505302a82ec15cc93c92101bc81ac177150856
170,3.8,0.016036,0xb8e1ba2fd4fd2a58026ebc1f457a1e8bdc5f7431,2017-10-30T20:26:03.000Z,0.00422,0x3df86cefaecfaa31be2f74f8f832cb4ef62b79f8,buy,0xffe8196bc259e8dedc544d935786aa4709ec3e64,0x16eae9fae7da92861c26e1f9fa3dbe5eb76cf979e2ebd8e21a2e161a8b4f6c81
171,24.2,0.102124,0x8c2af9275f41814c61130166d78cb577e6d71d3c,2017-10-30T20:04:54.000Z,0.00422,0x3df86cefaecfaa31be2f74f8f832cb4ef62b79f8,buy,0xffe8196bc259e8dedc544d935786aa4709ec3e64,0xacc9d1d62a06fd33d28503c3a0c83ee0df2aeb471fe52012f36a36f012b4b6f0
172,22.975,0.0919,0x161f5ce5a04311c77acef3c72c47d45f251db0ea,2017-10-30T20:03:35.000Z,0.004,0x981ba820974f9d581db0b77ecccdb15fa0a82f48,sell,0xffe8196bc259e8dedc544d935786aa4709ec3e64,0xd1eb4e6e065b597ed95af29bff1249127c0817338d75968ebc3403fbdc41e7d9
173,34.8,0.14616,0x8c2af9275f41814c61130166d78cb577e6d71d3c,2017-10-30T20:01:45.000Z,0.0042,0x4a524378b327033d82b8de7bb12b71422d24002b,buy,0xffe8196bc259e8dedc544d935786aa4709ec3e64,0xdd2f011b54fd1c8890e9a1eec1eefd0fc66fbc7fb3cdaf0139bd7beb53b9808a
174,1.9090818462765426,0.00763632738510617,0x161f5ce5a04311c77acef3c72c47d45f251db0ea,2017-10-30T19:58:04.000Z,0.003999999999999999,0xe350ff7da4eb736284900af29ee141742db52f90,sell,0xffe8196bc259e8dedc544d935786aa4709ec3e64,0xd907d5f2b54196aab9e93a4684e6937bb4f5639c184f5b091e425f765aae2f84
175,56.725152028710994,0.22690060811484397,0x161f5ce5a04311c77acef3c72c47d45f251db0ea,2017-10-30T19:22:37.000Z,0.004,0x9631312a75bccfc530a43d9e0e0fc3a8372a8d0c,sell,0xffe8196bc259e8dedc544d935786aa4709ec3e64,0xa02c308fdabdcef260dd8b66c3fa1bea15fd8311689d6d8cf3fbc7dcd83536a4
176,6.021501033070038,0.02402578912194945,0x2455d499c6340eb130d816798c4cb8d22e4d5a2d,2017-10-30T18:46:15.000Z,0.00399,0xbef2af02a27dd69b2ce91f14d67e8f85ec116483,sell,0xffe8196bc259e8dedc544d935786aa4709ec3e64,0x80963cb7ef7ace63e97bf0fb9cc9633e5a79bd801ea15dddc3fc484cebf688cc
177,99,0.39699,0x2455d499c6340eb130d816798c4cb8d22e4d5a2d,2017-10-30T18:42:22.000Z,0.00401,0x06811a2b589d9a80d20925ab683a32ef796b4648,sell,0xffe8196bc259e8dedc544d935786aa4709ec3e64,0xeb9a278e0e0bb75259bd5521da5630d9dd608607def5f2d648f108ff2b4d5b5c
178,4.2,0.01764,0x76200775127f855fd99574a997d05f974762a6a0,2017-10-30T18:41:49.000Z,0.0042,0x4a524378b327033d82b8de7bb12b71422d24002b,buy,0xffe8196bc259e8dedc544d935786aa4709ec3e64,0xf942276bcdefdcce9027b6060009e3bb1fae03b8cbe3529b5247ebec4fb4c514
179,11.989862725550793,0.048487004862127404,0x64be2031029ec6ba890aa473d718064b1aa6570d,2017-10-30T18:40:48.000Z,0.004044,0xbef2af02a27dd69b2ce91f14d67e8f85ec116483,sell,0xffe8196bc259e8dedc544d935786aa4709ec3e64,0x8733fcda505d930d7ddaa2bb582c8e3958508eaa6678bae2a8f2a6ca346a582a
180,15.8,0.06636,0x76200775127f855fd99574a997d05f974762a6a0,2017-10-30T18:34:11.000Z,0.0042,0x4a524378b327033d82b8de7bb12b71422d24002b,buy,0xffe8196bc259e8dedc544d935786aa4709ec3e64,0x791009efa5731edc4a563b22d28b9b280e8513123b4d5f0ebd394fde11c50de6
181,1,0.0042,0xf072c436b5268f1e9225665ac73131bfcc23cedc,2017-10-30T18:34:11.000Z,0.0042,0x4a524378b327033d82b8de7bb12b71422d24002b,buy,0xffe8196bc259e8dedc544d935786aa4709ec3e64,0x67acfc856a0c509f0216e466f0f16d5d66638b2c69628a5ec2de95d0598a8a34
182,201.377,0.814368588,0x64be2031029ec6ba890aa473d718064b1aa6570d,2017-10-30T18:28:31.000Z,0.004044,0xf072c436b5268f1e9225665ac73131bfcc23cedc,sell,0xffe8196bc259e8dedc544d935786aa4709ec3e64,0x17c2c4b08ceb317b7312a0febc4006f02213e6d089ce7982492bc297d0ba6e16
183,50,0.2022,0x64be2031029ec6ba890aa473d718064b1aa6570d,2017-10-30T18:28:11.000Z,0.004044,0x0c8c4024829d2aefe3b711b78f3852961661eb57,sell,0xffe8196bc259e8dedc544d935786aa4709ec3e64,0x98bf9ed0e22e9a8ef014113320f8c2fdd314231f0c49d82c842c54bd78f3c568
184,9.633137274449208,0.038956407137872594,0x64be2031029ec6ba890aa473d718064b1aa6570d,2017-10-30T18:26:14.000Z,0.004044,0x9ca2c4e9d7c1ef97fb754d4c831025894659f9b6,sell,0xffe8196bc259e8dedc544d935786aa4709ec3e64,0x906d35ef06a85bf41163225a85517ed75cb2476f111a9666158a7a8d39c1e85f
185,500.06,2.1102532,0x094c7ad79894d5e187bd8d8eedabf655808c3b2e,2017-10-30T18:02:10.000Z,0.00422,0x3df86cefaecfaa31be2f74f8f832cb4ef62b79f8,buy,0xffe8196bc259e8dedc544d935786aa4709ec3e64,0x516602b2d9ed5060e1bb1cf4fdb743af0871507e56661a71f13396950800d08b
186,140,0.5908,0x279cdd763b7d89bd19ce0877464e3f7a2fef511e,2017-10-30T18:01:22.000Z,0.00422,0x76200775127f855fd99574a997d05f974762a6a0,sell,0xffe8196bc259e8dedc544d935786aa4709ec3e64,0xe5431d70027db385f6e66708580383bf42ad420a9dd639c56da600c499eadacb
187,33,0.13332,0x64be2031029ec6ba890aa473d718064b1aa6570d,2017-10-30T17:35:31.000Z,0.00404,0x6dab1a65d3132354a613368f81104c2a658f3a9a,sell,0xffe8196bc259e8dedc544d935786aa4709ec3e64,0xc2bbb4402a88ec5852aa2c1eea004febaeca15a08c5f90eb2de4dfb3b956a3b2
188,4.2,0.01764,0x76200775127f855fd99574a997d05f974762a6a0,2017-10-30T17:32:06.000Z,0.0042,0x4a524378b327033d82b8de7bb12b71422d24002b,buy,0xffe8196bc259e8dedc544d935786aa4709ec3e64,0xe89a124d183203bf54d1cf28fddcfcc5f12e0eaae299ace1a3c990e5fec7fe3c
189,10.916,0.0458472,0x76200775127f855fd99574a997d05f974762a6a0,2017-10-30T17:30:16.000Z,0.0042,0x4a524378b327033d82b8de7bb12b71422d24002b,buy,0xffe8196bc259e8dedc544d935786aa4709ec3e64,0x02340baa174d15ed6c9120f5df53d95b1dd5649a8b3947f47df1ac81d20680ed
190,1170,4.797,0x64be2031029ec6ba890aa473d718064b1aa6570d,2017-10-30T17:27:07.000Z,0.0041,0x251402227bce7264aa6c3813ecd6f1e89946e232,buy,0xffe8196bc259e8dedc544d935786aa4709ec3e64,0xaf6ebb6b1768d06b686d6377f5c147712809f234c40e6a1f640c1e91af8fd6c8
191,30,0.123,0x76200775127f855fd99574a997d05f974762a6a0,2017-10-30T17:26:21.000Z,0.0041,0x251402227bce7264aa6c3813ecd6f1e89946e232,buy,0xffe8196bc259e8dedc544d935786aa4709ec3e64,0x914a46afa6b4957c364186b0a8ace91682e7dfeda4c05219fb87f16e49258e0d
192,63.31,0.259571,0x76200775127f855fd99574a997d05f974762a6a0,2017-10-30T17:25:38.000Z,0.0041,0x251402227bce7264aa6c3813ecd6f1e89946e232,buy,0xffe8196bc259e8dedc544d935786aa4709ec3e64,0x69e0e10033297c8ef44eb8e4805791559e97cbf3b74c4299442af8d59594804e
193,70,0.287,0x76200775127f855fd99574a997d05f974762a6a0,2017-10-30T17:23:43.000Z,0.0041,0x251402227bce7264aa6c3813ecd6f1e89946e232,buy,0xffe8196bc259e8dedc544d935786aa4709ec3e64,0xa9faeebf0ebb87ba35527607976ec1b5a7ec26e7c86bd2c57a6425ff3a2da56a
194,176.69,0.724429,0x8cba8f92256e1e30a8ba70a3dff3e5dfe2a001af,2017-10-30T17:23:35.000Z,0.0041,0x251402227bce7264aa6c3813ecd6f1e89946e232,buy,0xffe8196bc259e8dedc544d935786aa4709ec3e64,0x4e3329f3e4fed6f1ca668665d65505aa8e31435c9921fcad8345dea4e719e68a
195,440,1.804,0x76200775127f855fd99574a997d05f974762a6a0,2017-10-30T17:18:33.000Z,0.0041,0x251402227bce7264aa6c3813ecd6f1e89946e232,buy,0xffe8196bc259e8dedc544d935786aa4709ec3e64,0xa9b289fafd17c6a592f52e80a1a22c9ec9398569d825443f1aa61b58327244ab
196,40,0.164,0x76200775127f855fd99574a997d05f974762a6a0,2017-10-30T17:17:58.000Z,0.0041,0x251402227bce7264aa6c3813ecd6f1e89946e232,buy,0xffe8196bc259e8dedc544d935786aa4709ec3e64,0xd473c6b3bef723cdc199aca9c1fd9fd24e18b77cecc322c926b68c5ffcf2badd
197,39.632,0.1624912,0x76200775127f855fd99574a997d05f974762a6a0,2017-10-30T17:16:46.000Z,0.0041,0x251402227bce7264aa6c3813ecd6f1e89946e232,buy,0xffe8196bc259e8dedc544d935786aa4709ec3e64,0xa649d4ffe50772af8601ccbd7557a03d57677c8c0dec8710820e0dc23fd74754
198,0.8228428103777793,0.003464168231690451,0x76200775127f855fd99574a997d05f974762a6a0,2017-10-30T17:15:47.000Z,0.00421,0xf1ea52ac3b0998b76e2db8394f91224c06beef1c,buy,0xffe8196bc259e8dedc544d935786aa4709ec3e64,0x88c7328be7ebb208ab9d97b99bd92cffcff27d6cd1b4423a2268a09a1971cca5
199,25.095,0.10038,0x76200775127f855fd99574a997d05f974762a6a0,2017-10-30T17:15:13.000Z,0.004,0xe722d80424379e1de99f050bff9e2ff592b61158,buy,0xffe8196bc259e8dedc544d935786aa4709ec3e64,0xca9f586258a561a13d7e94ada7968bbf8b94f2ec2a60710265c3ca4d5e75cc91
200,20,0.08,0x76200775127f855fd99574a997d05f974762a6a0,2017-10-30T17:15:03.000Z,0.004,0x90264e2f501a90eeaf3a0bab597f6a032edfc75b,buy,0xffe8196bc259e8dedc544d935786aa4709ec3e64,0x6f2534545a17c75e45538bc66924b1dfe8bdda03f4f922408b389cf512426525
201,2.54211942976772,0.009637428970192404,0x279cdd763b7d89bd19ce0877464e3f7a2fef511e,2017-10-30T17:10:42.000Z,0.0037911,0x527ba55695e50989195defa3b946f8649e3f4f47,sell,0xffe8196bc259e8dedc544d935786aa4709ec3e64,0x6b17f57e1a18d6f80cb2c84821c7edca8187e19f77faa09f2440ef2957a85446
202,8.58646204565846,0.032552136261295786,0x279cdd763b7d89bd19ce0877464e3f7a2fef511e,2017-10-30T16:55:46.000Z,0.0037911,0x67c1559f671935e1601eba3d688f029f87a00db6,sell,0xffe8196bc259e8dedc544d935786aa4709ec3e64,0x5537ec1679fc4b183b2a24b19c930ce4520ee0cfc9b44c5fbbcaf44b31374b03
203,0.007615450766267279,0.000028870935399995,0x279cdd763b7d89bd19ce0877464e3f7a2fef511e,2017-10-30T16:53:04.000Z,0.003791099999999884,0xdf78cf07ef59411f3e747c54ecd0fe5aa66f54fe,sell,0xffe8196bc259e8dedc544d935786aa4709ec3e64,0x4891257fd1099a4935ab41eff88cd9e4a74ae83f1e8f814b4dc5e0041a27553c
204,76.39058663642707,0.28646469988660156,0x344d8ac9da76b9139f3b2335e50ee66255b6660c,2017-10-30T16:50:14.000Z,0.00375,0xdf78cf07ef59411f3e747c54ecd0fe5aa66f54fe,sell,0xffe8196bc259e8dedc544d935786aa4709ec3e64,0x0fff9333f80a9a4567fa0616a8661623b0beb92e401ee0f80483d5ccd4b6e579
205,41.44,0.1554,0x344d8ac9da76b9139f3b2335e50ee66255b6660c,2017-10-30T16:48:53.000Z,0.00375,0x9b155a5a1d7852bd9e38acc8e8b685d35d3d77a3,sell,0xffe8196bc259e8dedc544d935786aa4709ec3e64,0xc8eca3d31ab08c24e6fd037898f2bc6c9395984092ca06ade63143f3204a9379
206,60.98860358887449,0.22870726345827933,0x344d8ac9da76b9139f3b2335e50ee66255b6660c,2017-10-30T16:48:24.000Z,0.00375,0x182abee507aceb3f5be075de41a62edcf5411917,sell,0xffe8196bc259e8dedc544d935786aa4709ec3e64,0x8b8b3f29ddbff453a62f7ba85bd777d4f40f4f8a8cc81c9f1f55dd7d1eb936e0
207,58.44880869305154,0.21918303259894328,0x344d8ac9da76b9139f3b2335e50ee66255b6660c,2017-10-30T16:41:12.000Z,0.00375,0x952f900b78b932ccc2ce131fd19751db71031e2b,sell,0xffe8196bc259e8dedc544d935786aa4709ec3e64,0x845bb035a358c27ce0ca6df3fa96db2c5a314460489991d2f934d0d9623f40cb
208,100,0.3777,0x76200775127f855fd99574a997d05f974762a6a0,2017-10-30T16:39:49.000Z,0.003777,0x952f900b78b932ccc2ce131fd19751db71031e2b,sell,0xffe8196bc259e8dedc544d935786aa4709ec3e64,0x4ed46f8cae644e9b9f02c9696e931516ef194625a99cf7c9d38c1ed838d41c56
209,268.036586581597,1.0158586631442528,0x7a10005d17e1b9123b4e738bbb33200ae7c490ba,2017-10-30T16:35:21.000Z,0.00379,0x8cba8f92256e1e30a8ba70a3dff3e5dfe2a001af,sell,0xffe8196bc259e8dedc544d935786aa4709ec3e64,0xd8a612be22fad1202549e8704e529059bc3f34bacdbd2c686e3e2abc35148896
210,296,1.122136,0xc9b2378bbc6b1f48e0f58c76f2d994c60648c333,2017-10-30T16:35:02.000Z,0.003791,0x8cba8f92256e1e30a8ba70a3dff3e5dfe2a001af,sell,0xffe8196bc259e8dedc544d935786aa4709ec3e64,0x5cd5d48c4fb9e1b9f4deb21279080163b31dee7f79d8a90319c4e6218a45ee71
211,56.96341341840295,0.21589133685574718,0x7a10005d17e1b9123b4e738bbb33200ae7c490ba,2017-10-30T16:33:01.000Z,0.00379,0x77259b80b0b7ecbfb7baaa675b9026fd3765f789,sell,0xffe8196bc259e8dedc544d935786aa4709ec3e64,0x5449c5ff3f925820a16fa7f65e6abb1a3d9cc821d6396690a013a3c787560889
212,67.264,0.254123392,0x6e1801a6c4860f390d485ce43927cf2f140f07e5,2017-10-30T16:27:10.000Z,0.003778,0x0082dfdb640969497b2d1d3aeb4df0ef86dbf421,buy,0xffe8196bc259e8dedc544d935786aa4709ec3e64,0xcf8e3a62e1a16f5e22f92ebe241b167e71dc53ee6f42c73577e7c49a2b79f81f
213,38.1851,0.146248933,0x76200775127f855fd99574a997d05f974762a6a0,2017-10-30T16:25:37.000Z,0.00383,0x273a5d3e6721b9f5c1a6474f560c1334c63dda01,sell,0xffe8196bc259e8dedc544d935786aa4709ec3e64,0x0082d4580b3986e95599667c212cff70c540068467dd071af6651e89c9708ca4
214,38.3,0.1446974,0x273a5d3e6721b9f5c1a6474f560c1334c63dda01,2017-10-30T16:25:37.000Z,0.003778,0x0082dfdb640969497b2d1d3aeb4df0ef86dbf421,buy,0xffe8196bc259e8dedc544d935786aa4709ec3e64,0x0082d4580b3986e95599667c212cff70c540068467dd071af6651e89c9708ca4
215,28.900408732927925,0.10901234174060413,0xc9b2378bbc6b1f48e0f58c76f2d994c60648c333,2017-10-30T16:19:36.000Z,0.003772,0x47e9cfa8c920dd158260ceeedf0176cf01d225e1,sell,0xffe8196bc259e8dedc544d935786aa4709ec3e64,0x910995af0bf1ff46297be1d0cda86b22712ed2d81f877902d252720759461839
216,27.771765048350115,0.10469955423227993,0x76200775127f855fd99574a997d05f974762a6a0,2017-10-30T15:52:44.000Z,0.00377,0xb639b33a1be6fc5926f33d3576121946b7b4d9a7,sell,0xffe8196bc259e8dedc544d935786aa4709ec3e64,0xbfdadcf62e53c4d3de77e162040038b83a3cd7c44bf9dcf08a6f5504756768fb
217,42.54445264143323,0.16039258645820328,0x76200775127f855fd99574a997d05f974762a6a0,2017-10-30T15:48:36.000Z,0.00377,0xa87a6017687f5d7607a4dde37624fa8eec9b0d45,sell,0xffe8196bc259e8dedc544d935786aa4709ec3e64,0x9df7d605ec348c6dd596ee2727d910df67186c3c50e59d955382d4ceae9cdff6
218,18,0.06786,0x76200775127f855fd99574a997d05f974762a6a0,2017-10-30T15:33:37.000Z,0.00377,0xec1ae7a44a78cdb611e6b56a28da1cc11a0521d4,sell,0xffe8196bc259e8dedc544d935786aa4709ec3e64,0xc3d04c68ea8178711d75c3ebd95bd0ec015d241a73fa5c72b151a6a0eabf1e85
219,364.78194297677203,1.5320841605024424,0xcb905422f21f848887a5c6f320ac4570476ea01f,2017-10-30T15:20:37.000Z,0.0042,0x76200775127f855fd99574a997d05f974762a6a0,sell,0xffe8196bc259e8dedc544d935786aa4709ec3e64,0xa39e5a08bb2ad583040dd202073d292c9f6749fc7b51581d93a51a06466f8ee2
220,80.36639716877679,0.3375388681088625,0xcb905422f21f848887a5c6f320ac4570476ea01f,2017-10-30T15:20:10.000Z,0.0042,0xfb62a2744ebc69c375ea1eefcb7adb5c5f661065,sell,0xffe8196bc259e8dedc544d935786aa4709ec3e64,0xbdc3e190255620b07392f15ddc074cbdbf8a0097e1dc83657782f5f959595572
221,47.8516598544512,0.20097697138869505,0xcb905422f21f848887a5c6f320ac4570476ea01f,2017-10-30T15:18:35.000Z,0.0042,0xa3406b9ef2aab95b0f2431982fefdc0de4662313,sell,0xffe8196bc259e8dedc544d935786aa4709ec3e64,0x3c45c527d7c12227b3306c6cbeaddc61a7b75fcfa95379552b7526d043df0c0b
222,21.489,0.08917935,0x6dab1a65d3132354a613368f81104c2a658f3a9a,2017-10-30T15:15:52.000Z,0.00415,0xfb62a2744ebc69c375ea1eefcb7adb5c5f661065,sell,0xffe8196bc259e8dedc544d935786aa4709ec3e64,0x735922bf00048068b70b1c93c49866f7d6b7a493d626bf71131ad200f68c7d03
223,30.789,0.12777435,0x6dab1a65d3132354a613368f81104c2a658f3a9a,2017-10-30T15:03:57.000Z,0.00415,0x76200775127f855fd99574a997d05f974762a6a0,sell,0xffe8196bc259e8dedc544d935786aa4709ec3e64,0x0187b43145cbb4413a2fd71e71464efde60952ba31c35e19a660faaba6763923
224,7.721860897127377,0.032045722723078617,0x6dab1a65d3132354a613368f81104c2a658f3a9a,2017-10-30T15:01:12.000Z,0.00415,0xad5b3fbc469313e21efe4117627a658424091b0a,sell,0xffe8196bc259e8dedc544d935786aa4709ec3e64,0x5af2b26f6be2d9f07a88aa6c010ce59de8a36a5de3ecc7adc04b9a9b70555671
225,200,0.818,0x344d8ac9da76b9139f3b2335e50ee66255b6660c,2017-10-30T14:44:13.000Z,0.00409,0xad5b3fbc469313e21efe4117627a658424091b0a,sell,0xffe8196bc259e8dedc544d935786aa4709ec3e64,0x171a696159dd24d0e64cf881b33cc51ef8582de87a09ca99ceec7b8cf43e2924
226,125,0.5,0x492842125e4c3a7d10cda0e0291ea22788e4ad60,2017-10-30T14:43:27.000Z,0.004,0x76200775127f855fd99574a997d05f974762a6a0,sell,0xffe8196bc259e8dedc544d935786aa4709ec3e64,0x7cc3b6740bd3cd860b6fcf410622b2488cbe9da9180b02e1d276cd6106db9932
227,731.6,2.99956,0xa62630e2cc8e53453302404eb80f03b45328e660,2017-10-30T14:42:28.000Z,0.0041,0x76200775127f855fd99574a997d05f974762a6a0,sell,0xffe8196bc259e8dedc544d935786aa4709ec3e64,0xb2f835a2b13e1ab3b08205292153a39976aad661d858107088aa6b62701c73cc
228,93,0.38037,0x0ee9835b4f0e1ae8e631d8197a4a642f417d257e,2017-10-30T14:42:13.000Z,0.00409,0x76200775127f855fd99574a997d05f974762a6a0,sell,0xffe8196bc259e8dedc544d935786aa4709ec3e64,0x3735f2bb6807742c843952d19e5afae7893bc2c09b8c75f6089db5366f787d3c
229,50,0.205,0x9065557ea0ef03b41220f5e9238687802f06b64c,2017-10-30T14:41:56.000Z,0.0041,0x76200775127f855fd99574a997d05f974762a6a0,sell,0xffe8196bc259e8dedc544d935786aa4709ec3e64,0x5a1d0675ddb3ce16e9f4727c37cec42ab4725cb94bf966ab28fb7924b2ded8d2
230,26,0.108160026,0x65026441b2a3f9799cf13f18700db1540411e2a5,2017-10-30T14:41:56.000Z,0.004160001,0x76200775127f855fd99574a997d05f974762a6a0,sell,0xffe8196bc259e8dedc544d935786aa4709ec3e64,0x1932568842d99fff821720c67280d65ffdef688605de65bbebea558ec4c598b1
231,200,0.832002,0xad5b3fbc469313e21efe4117627a658424091b0a,2017-10-30T14:41:33.000Z,0.00416001,0x76200775127f855fd99574a997d05f974762a6a0,sell,0xffe8196bc259e8dedc544d935786aa4709ec3e64,0x6858c74a91dc386814f089663ce965eb5923d9c5d444df26f11ff0cdc89828a0
232,500,2.0800005,0x5e70df6141285385d68fef85f3597bf863936867,2017-10-30T14:41:33.000Z,0.004160001,0x76200775127f855fd99574a997d05f974762a6a0,sell,0xffe8196bc259e8dedc544d935786aa4709ec3e64,0x3ffaa30226aea53b969d53691503c350943cfee6b1f574399e2b0ae5090468a5
233,5,0.0239,0x327de23f8dd66a9ab2b517c41bd3f123796d03eb,2017-10-30T14:09:40.000Z,0.00478,0xf1ea52ac3b0998b76e2db8394f91224c06beef1c,buy,0xffe8196bc259e8dedc544d935786aa4709ec3e64,0x73af4aaca7d072660b705ef4fb746f639f07ad4df721d47f1706cfdfebb8fd4a
234,50,0.2389995,0x50af1719afddfd539fbc0b53b0be582f5b7b9abf,2017-10-30T14:08:49.000Z,0.00477999,0xad5b3fbc469313e21efe4117627a658424091b0a,buy,0xffe8196bc259e8dedc544d935786aa4709ec3e64,0x3b9befa11b65dd9dfee02f5fbc0135c99d5cb6263cc83a8f4381e3f63a0d6dcc
235,50,0.2389995,0x7509e4cc3fc2313abcccff156f14b82ad0790482,2017-10-30T14:07:58.000Z,0.00477999,0xad5b3fbc469313e21efe4117627a658424091b0a,buy,0xffe8196bc259e8dedc544d935786aa4709ec3e64,0x3ee0e9bcc7785c0aa192123edb8a6d4fd3db2cfceba461dd5be39cb3cb63ff06
236,50,0.2389995,0x7509e4cc3fc2313abcccff156f14b82ad0790482,2017-10-30T14:07:33.000Z,0.00477999,0xad5b3fbc469313e21efe4117627a658424091b0a,buy,0xffe8196bc259e8dedc544d935786aa4709ec3e64,0x13fd0d5891574ef8181828564dda14b912c025f157eafe0f93de1450f9c4f3d3
237,8.340843031462162,0.040027704873902614,0xad5b3fbc469313e21efe4117627a658424091b0a,2017-10-30T13:59:00.000Z,0.0047989999,0xca46904d366193d2035bf84b77259dc970120875,sell,0xffe8196bc259e8dedc544d935786aa4709ec3e64,0xe0bcbab28c0fe92a7efdcee8713443291edddf8abbd3367c9c4a0721fe253dbc
238,1213.5779084837006,5.109162994716379,0xf1ea52ac3b0998b76e2db8394f91224c06beef1c,2017-10-30T13:55:41.000Z,0.00421,0x64be2031029ec6ba890aa473d718064b1aa6570d,sell,0xffe8196bc259e8dedc544d935786aa4709ec3e64,0xbb2c40fbc3c336a9cf787f7dada046d82a6c80df899461fbb283a411a932eb68
239,40,0.1700004,0xcac1151940f16509eea48ddfeb7cb890dc6c67d5,2017-10-30T13:53:59.000Z,0.00425001,0x64be2031029ec6ba890aa473d718064b1aa6570d,sell,0xffe8196bc259e8dedc544d935786aa4709ec3e64,0x59dfd992dd73a9fc9409fc2916049589e794df99f589ac8e989057f694e23d3a
240,150,0.6375015,0xad5b3fbc469313e21efe4117627a658424091b0a,2017-10-30T13:53:30.000Z,0.00425001,0x64be2031029ec6ba890aa473d718064b1aa6570d,sell,0xffe8196bc259e8dedc544d935786aa4709ec3e64,0xa2027af0fa2e2487993425da78e7788b48cd99197c01d80b4b78187f09121584
241,30,0.1278,0xd98a3954353055ab642c9159c7f3b25dac2dc29b,2017-10-30T13:53:15.000Z,0.00426,0x64be2031029ec6ba890aa473d718064b1aa6570d,sell,0xffe8196bc259e8dedc544d935786aa4709ec3e64,0x20f6d365c32daab65e2c84d0db0e8594f82c0ca9a0e968dbdd5efef6602cc85d
242,49.85586565373119,0.239258299272256,0xc3c280afcbbe2f8580c520b595fc31697e178683,2017-10-30T12:16:26.000Z,0.004799,0x00c2fbd6a3c3277538f3aa28d17093bc1b8be0d7,buy,0xffe8196bc259e8dedc544d935786aa4709ec3e64,0x65f3537bc20cea3100b93037b2bfd55015728ab3d6a1af338ec1e89f59cc8e5c
243,16,0.076784,0x235a9dcaa2ab621da5779417f5b05c9a8b9fa6f7,2017-10-30T10:14:46.000Z,0.004799,0x00c2fbd6a3c3277538f3aa28d17093bc1b8be0d7,buy,0xffe8196bc259e8dedc544d935786aa4709ec3e64,0x787785354bbb6b730acd5e4cf83160ff8dbbe38d7f53013a9d0fd55321174d3c
244,335,1.57785,0x235a9dcaa2ab621da5779417f5b05c9a8b9fa6f7,2017-10-30T10:12:06.000Z,0.00471,0x00c2fbd6a3c3277538f3aa28d17093bc1b8be0d7,buy,0xffe8196bc259e8dedc544d935786aa4709ec3e64,0x61a1911f02478181c701375aa19f130bd1e671b604bbc810bab506fbbc861290
245,150,0.705,0x26c119a083cdace31da3863c804f30d54352b116,2017-10-30T08:27:32.000Z,0.0047,0xf1ea52ac3b0998b76e2db8394f91224c06beef1c,buy,0xffe8196bc259e8dedc544d935786aa4709ec3e64,0x037ceb19348b9388cda9d597e00108e64a2eeb468d6db1c527007c8ceedf504f
246,1328.43,5.446563,0x64be2031029ec6ba890aa473d718064b1aa6570d,2017-10-30T08:11:07.000Z,0.0041,0x00c2fbd6a3c3277538f3aa28d17093bc1b8be0d7,sell,0xffe8196bc259e8dedc544d935786aa4709ec3e64,0x5772f9f5b3ab44107c66b19e4f6ec721a8cee1ef99945a2a812126d30660f3f1
247,109.57,0.449237,0x64be2031029ec6ba890aa473d718064b1aa6570d,2017-10-30T08:09:01.000Z,0.0041,0x338f9aa610f0fcc84e09927b63f4e0e61310b6fa,sell,0xffe8196bc259e8dedc544d935786aa4709ec3e64,0xd4d72bf7688dc7ad760fab9a9bfbb91b6dc30a0de5adea64817dd179d018a7b7
248,36.42,0.15085164,0x952a83c53b77b288ef03606656a21b50e7861abc,2017-10-30T08:04:35.000Z,0.004142,0x338f9aa610f0fcc84e09927b63f4e0e61310b6fa,sell,0xffe8196bc259e8dedc544d935786aa4709ec3e64,0x64319252cdc41e50cb6e4decff7bcacabe2dc897d561d35c1a9477a67f84d0f6
249,1.8959148936170214,0.008910799999999998,0x11016e7a7c92b01412cdc19ae1628bb76f808cab,2017-10-30T08:04:20.000Z,0.004699999999999999,0x338f9aa610f0fcc84e09927b63f4e0e61310b6fa,sell,0xffe8196bc259e8dedc544d935786aa4709ec3e64,0xcd8e63d76fb9ee416d1d1548c5ba29f5d1b9051d13dbae77703476d87091410d
250,211,0.9917,0x11016e7a7c92b01412cdc19ae1628bb76f808cab,2017-10-30T07:56:08.000Z,0.0047,0xca46904d366193d2035bf84b77259dc970120875,sell,0xffe8196bc259e8dedc544d935786aa4709ec3e64,0xef45357a56ac663cfec8a2d1e92ec9bbff57966b103041b7979f31082b68c80b
251,212,0.9964,0x11016e7a7c92b01412cdc19ae1628bb76f808cab,2017-10-30T07:51:58.000Z,0.0047,0xf1ea52ac3b0998b76e2db8394f91224c06beef1c,buy,0xffe8196bc259e8dedc544d935786aa4709ec3e64,0x172296ad3876c77457635eeb173c1e403773de420569ac1862f8d01987384ca8
252,297.891,1.39115097,0xc9d56287b414e1aa0963016aa721b527f095fd9c,2017-10-30T06:48:33.000Z,0.00467,0xf1ea52ac3b0998b76e2db8394f91224c06beef1c,buy,0xffe8196bc259e8dedc544d935786aa4709ec3e64,0x5742004c1d57256afd63bc4d40230e4a3ec1e2e8a7cf0aa09d0365cc2e18f4ee
253,297,1.9899,0x82216962bd2a06f0dd016b7d2ffdf8a83c011f89,2017-10-30T06:48:33.000Z,0.0067,0xc9d56287b414e1aa0963016aa721b527f095fd9c,sell,0xffe8196bc259e8dedc544d935786aa4709ec3e64,0x5742004c1d57256afd63bc4d40230e4a3ec1e2e8a7cf0aa09d0365cc2e18f4ee
254,290,1.363,0x2ad9a5e333e7b3fa4ddc65c65c0016f432218756,2017-10-30T06:39:42.000Z,0.0047,0xf1ea52ac3b0998b76e2db8394f91224c06beef1c,buy,0xffe8196bc259e8dedc544d935786aa4709ec3e64,0xad729184bf3be9e850c28535e5c17c0d82a0de31addd91bebba24bd3e31e51e7
255,100,0.4718,0xf1ea52ac3b0998b76e2db8394f91224c06beef1c,2017-10-30T06:04:16.000Z,0.004718,0x492842125e4c3a7d10cda0e0291ea22788e4ad60,buy,0xffe8196bc259e8dedc544d935786aa4709ec3e64,0xd0198049585959e04d34b2eba157aa52dc9439573ddd47832f12ff3616f4480d
256,82,0.38458,0xf1ea52ac3b0998b76e2db8394f91224c06beef1c,2017-10-30T06:04:07.000Z,0.00469,0x0ee9835b4f0e1ae8e631d8197a4a642f417d257e,buy,0xffe8196bc259e8dedc544d935786aa4709ec3e64,0xb0c409fc00b1eeda044edcba9834fca6d62c5e0d412aae5689bf28f8946a6ed2
257,399.465,1.8778769757,0xf1ea52ac3b0998b76e2db8394f91224c06beef1c,2017-10-30T06:02:48.000Z,0.00470098,0x5e70df6141285385d68fef85f3597bf863936867,buy,0xffe8196bc259e8dedc544d935786aa4709ec3e64,0x97cb9a2497e3a28db3da691cc7414ffc93d1e9c38d5b727dc64bffef0802cde6
258,500,2.375,0xf1ea52ac3b0998b76e2db8394f91224c06beef1c,2017-10-30T06:02:48.000Z,0.00475,0x6e1801a6c4860f390d485ce43927cf2f140f07e5,buy,0xffe8196bc259e8dedc544d935786aa4709ec3e64,0x16a253348cdce37ddb5bc7ad69b3efde78e347f37bc2bd913148d0703fd7cde9
259,156.95,0.7455125,0xf1ea52ac3b0998b76e2db8394f91224c06beef1c,2017-10-30T06:02:48.000Z,0.00475,0x6e1801a6c4860f390d485ce43927cf2f140f07e5,buy,0xffe8196bc259e8dedc544d935786aa4709ec3e64,0xc3126c416b666fd33891bb246aabd85a05d89be5166c13dcd79f19d36c66caca
260,500,2.25,0xf1ea52ac3b0998b76e2db8394f91224c06beef1c,2017-10-30T06:02:03.000Z,0.0045,0x6e1801a6c4860f390d485ce43927cf2f140f07e5,buy,0xffe8196bc259e8dedc544d935786aa4709ec3e64,0x7361e1d7e19cbcaf5e112dbab4113462de8819ec5720d1b5fcbcc31e36adf812
261,277,1.22988,0xf1ea52ac3b0998b76e2db8394f91224c06beef1c,2017-10-30T06:01:56.000Z,0.00444,0x9dd88b1688123b181e09bb98554e31354e8ceb1b,buy,0xffe8196bc259e8dedc544d935786aa4709ec3e64,0xbfb9855921c8690769957cb237aeca1d2afe94a2532179224425ec653db190aa
262,237.317,1.05606065,0xf1ea52ac3b0998b76e2db8394f91224c06beef1c,2017-10-30T06:01:56.000Z,0.00445,0x009a12d4290630bc01fd82516ac57c1dc6a9bcfb,buy,0xffe8196bc259e8dedc544d935786aa4709ec3e64,0x9740c756ebba31b2113204814b391977d6d2747c2656bd7ae43b4fd676c6380f
263,158.37,0.712665,0xf1ea52ac3b0998b76e2db8394f91224c06beef1c,2017-10-30T06:01:56.000Z,0.0045,0x06811a2b589d9a80d20925ab683a32ef796b4648,buy,0xffe8196bc259e8dedc544d935786aa4709ec3e64,0x93868abd7b8323ec45e2a5ee0a931ecee5fbf4c20743411491d66af5b31cb779
264,16.580059863348023,0.10213316875822381,0x5ae14393db27b65529f4de49a9fc6181ce422b9a,2017-10-30T04:51:14.000Z,0.00616,0xc9d56287b414e1aa0963016aa721b527f095fd9c,sell,0xffe8196bc259e8dedc544d935786aa4709ec3e64,0x16617b6ae71c4a4655d80d432de72b329da4bbaec110ded4f909a4507412c4c8
265,16.629800042938065,0.0748341001932213,0xc9d56287b414e1aa0963016aa721b527f095fd9c,2017-10-30T04:51:14.000Z,0.0045,0x06811a2b589d9a80d20925ab683a32ef796b4648,buy,0xffe8196bc259e8dedc544d935786aa4709ec3e64,0x16617b6ae71c4a4655d80d432de72b329da4bbaec110ded4f909a4507412c4c8
266,342.0238120011248,2.1752714443271537,0x5ae14393db27b65529f4de49a9fc6181ce422b9a,2017-10-30T04:41:40.000Z,0.00636,0xc9d56287b414e1aa0963016aa721b527f095fd9c,sell,0xffe8196bc259e8dedc544d935786aa4709ec3e64,0xc06c73a65429db8a390851906c00e530d121c55f32477e83aeb664582e7a4f3f
267,343.0498834371282,1.6294869463263588,0xc9d56287b414e1aa0963016aa721b527f095fd9c,2017-10-30T04:41:40.000Z,0.00475,0x6e1801a6c4860f390d485ce43927cf2f140f07e5,buy,0xffe8196bc259e8dedc544d935786aa4709ec3e64,0xc06c73a65429db8a390851906c00e530d121c55f32477e83aeb664582e7a4f3f
268,0.599,0.0022762599,0x86ab939f2e755f5bbb342c518c20b7f05e4dd181,2017-10-30T03:26:42.000Z,0.0038001,0x39f8cf09e87314e2a5b321153672831b125e7c2c,sell,0xffe8196bc259e8dedc544d935786aa4709ec3e64,0x9a485438561a6660971a3ba74c47c9402a8bd0fca6b876657dd399a6587bc5a2
269,0.03547814515907278,0.000147287874409342,0x2455d499c6340eb130d816798c4cb8d22e4d5a2d,2017-10-30T03:06:37.000Z,0.004151509999999993,0x1d5321e125f6c7079a716705541c7b371ca79e69,sell,0xffe8196bc259e8dedc544d935786aa4709ec3e64,0x068342fa6a57be5a064ac9371385726a49940963dec18eba20ae7cbef53b9f40
270,0.03558457959455,0.000134509710867399,0x1d5321e125f6c7079a716705541c7b371ca79e69,2017-10-30T03:06:37.000Z,0.00378,0x009a12d4290630bc01fd82516ac57c1dc6a9bcfb,buy,0xffe8196bc259e8dedc544d935786aa4709ec3e64,0x068342fa6a57be5a064ac9371385726a49940963dec18eba20ae7cbef53b9f40
271,80,0.3024,0x42f69c6ad371b450e18e52fb8e7046533742b91a,2017-10-30T03:06:14.000Z,0.00378,0x009a12d4290630bc01fd82516ac57c1dc6a9bcfb,buy,0xffe8196bc259e8dedc544d935786aa4709ec3e64,0x602ce4a9541393d3dc419fc348494187ab4eee8ca31c2927011de16692852917
272,0.0691555333998006,0.000276622133599202,0xa7d3aa01d021c362143422e32c099a34d5fbe320,2017-10-30T03:00:53.000Z,0.003999999999999994,0x1d5321e125f6c7079a716705541c7b371ca79e69,sell,0xffe8196bc259e8dedc544d935786aa4709ec3e64,0xb59166556f8f4f25a532b52081343c7900c190c00bb4d96f3b2d75b316730117
273,0.069363,0.00026219214,0x1d5321e125f6c7079a716705541c7b371ca79e69,2017-10-30T03:00:53.000Z,0.00378,0x009a12d4290630bc01fd82516ac57c1dc6a9bcfb,buy,0xffe8196bc259e8dedc544d935786aa4709ec3e64,0xb59166556f8f4f25a532b52081343c7900c190c00bb4d96f3b2d75b316730117
274,0.10043982302801693,0.000379662531045904,0x1d5321e125f6c7079a716705541c7b371ca79e69,2017-10-30T02:59:05.000Z,0.00378,0x009a12d4290630bc01fd82516ac57c1dc6a9bcfb,buy,0xffe8196bc259e8dedc544d935786aa4709ec3e64,0x00024d71f170b2bab672e05f5b3d8ab27fbbc0ab2d3cf43a8d47ee19f05609c8
275,0.10013940481357621,0.000481670537153301,0xe3c7464459f2bd3321d28f655d2abbc172cce178,2017-10-30T02:59:05.000Z,0.004809999999999995,0x1d5321e125f6c7079a716705541c7b371ca79e69,sell,0xffe8196bc259e8dedc544d935786aa4709ec3e64,0x00024d71f170b2bab672e05f5b3d8ab27fbbc0ab2d3cf43a8d47ee19f05609c8
276,33.58038083236706,0.1269338395463475,0x1d5321e125f6c7079a716705541c7b371ca79e69,2017-10-30T02:58:18.000Z,0.00378,0x009a12d4290630bc01fd82516ac57c1dc6a9bcfb,buy,0xffe8196bc259e8dedc544d935786aa4709ec3e64,0x54ec8ddea5630895747dd85125031c60e25180a3be08e7335f621c50d5fc4296
277,33.47994100933904,0.16103851625492083,0xe3c7464459f2bd3321d28f655d2abbc172cce178,2017-10-30T02:58:18.000Z,0.00481,0x1d5321e125f6c7079a716705541c7b371ca79e69,sell,0xffe8196bc259e8dedc544d935786aa4709ec3e64,0x54ec8ddea5630895747dd85125031c60e25180a3be08e7335f621c50d5fc4296
278,137.81602285846608,0.5209445664050019,0xd815bbdb973fcfae73f27ddc9a135e377028c1c5,2017-10-30T02:57:42.000Z,0.00378,0x009a12d4290630bc01fd82516ac57c1dc6a9bcfb,buy,0xffe8196bc259e8dedc544d935786aa4709ec3e64,0xa5cbc0ea0b0bbf35658c6c2733e64f6ed3ca8b05642baf1571abebce0362730d
279,137.4025747898907,0.6609063847393742,0xe3c7464459f2bd3321d28f655d2abbc172cce178,2017-10-30T02:57:42.000Z,0.00481,0xd815bbdb973fcfae73f27ddc9a135e377028c1c5,sell,0xffe8196bc259e8dedc544d935786aa4709ec3e64,0xa5cbc0ea0b0bbf35658c6c2733e64f6ed3ca8b05642baf1571abebce0362730d
280,683.8998168479521,2.4996538305792653,0x3fef3e85b09a340029b9eee96c63c239a22e7a36,2017-10-30T02:54:29.000Z,0.003655,0x009a12d4290630bc01fd82516ac57c1dc6a9bcfb,buy,0xffe8196bc259e8dedc544d935786aa4709ec3e64,0x4ef00c94d4434396b5d2f89edb0780cf2e4c62196ef108192457eecc200d1310
281,1,0.003655,0x273a5d3e6721b9f5c1a6474f560c1334c63dda01,2017-10-30T02:52:52.000Z,0.003655,0x009a12d4290630bc01fd82516ac57c1dc6a9bcfb,buy,0xffe8196bc259e8dedc544d935786aa4709ec3e64,0x04c585d811be07127216fe492e3101af2579877b07f5a211d4ee842465fb211b
282,0.997,0.0046859,0x69f9a06cbf2069d529f77007cc6600f252b8851f,2017-10-30T02:52:52.000Z,0.0047,0x273a5d3e6721b9f5c1a6474f560c1334c63dda01,sell,0xffe8196bc259e8dedc544d935786aa4709ec3e64,0x04c585d811be07127216fe492e3101af2579877b07f5a211d4ee842465fb211b
283,1,0.0045,0x69f9a06cbf2069d529f77007cc6600f252b8851f,2017-10-30T02:51:03.000Z,0.0045,0x06811a2b589d9a80d20925ab683a32ef796b4648,buy,0xffe8196bc259e8dedc544d935786aa4709ec3e64,0xfac4d62b75544904d330679b85876539eb96df539b9b87daebf11b08626057c4
284,0.0047,0.0188,0x69f9a06cbf2069d529f77007cc6600f252b8851f,2017-10-30T02:50:45.000Z,4,0x273a5d3e6721b9f5c1a6474f560c1334c63dda01,sell,0xffe8196bc259e8dedc544d935786aa4709ec3e64,0x10996899bb9701ff2ee838150d7cbf19a868311f09d823a14fe26e1de1c4f982
285,0.04475519197072963,0.000169174625649358,0x1d5321e125f6c7079a716705541c7b371ca79e69,2017-10-30T02:49:53.000Z,0.00378,0x009a12d4290630bc01fd82516ac57c1dc6a9bcfb,buy,0xffe8196bc259e8dedc544d935786aa4709ec3e64,0x3071467377ef3308b2dc81116ff49aa2b1447b14b8a40049bb431c4c88a296cb
286,0.04462132798676932,0.000183839826684161,0x6298448ff723eaf439db9f565bd827a870336609,2017-10-30T02:49:53.000Z,0.004119998999999986,0x1d5321e125f6c7079a716705541c7b371ca79e69,sell,0xffe8196bc259e8dedc544d935786aa4709ec3e64,0x3071467377ef3308b2dc81116ff49aa2b1447b14b8a40049bb431c4c88a296cb
287,1,0.007,0x69f9a06cbf2069d529f77007cc6600f252b8851f,2017-10-30T02:48:10.000Z,0.007,0x10b102fab72a36ac46a8adbd51162d4c67304b90,buy,0xffe8196bc259e8dedc544d935786aa4709ec3e64,0xd59728675fd67a46388f88cc6b7b7fc958364558bf0da644a9173d7bfdb0ec84
288,68.5975684805147,0.25072411279628126,0x42f69c6ad371b450e18e52fb8e7046533742b91a,2017-10-30T02:48:07.000Z,0.003655,0x009a12d4290630bc01fd82516ac57c1dc6a9bcfb,buy,0xffe8196bc259e8dedc544d935786aa4709ec3e64,0x105ce582a1f58a1bf03143ec02b16a11aa64713a0b83db2fdda00ae8563a9127
289,1,0.0045,0x69f9a06cbf2069d529f77007cc6600f252b8851f,2017-10-30T02:48:07.000Z,0.0045,0x06811a2b589d9a80d20925ab683a32ef796b4648,buy,0xffe8196bc259e8dedc544d935786aa4709ec3e64,0x18fa7d06ce6c48b85a34ce6d70b15b732869556ea6fb0f043377f863ad3df56b
290,2,0.009588,0x69f9a06cbf2069d529f77007cc6600f252b8851f,2017-10-30T02:47:48.000Z,0.004794,0x492842125e4c3a7d10cda0e0291ea22788e4ad60,buy,0xffe8196bc259e8dedc544d935786aa4709ec3e64,0xc21eef581eb1de013e7adc8d25e178e90422bc48c60a1974aaaa0112d066c9ee
291,0.28440395678676966,0.001180717246798113,0xf4352e9f52a5f299a3557330907623232e9b9e37,2017-10-30T02:47:41.000Z,0.004151549999999998,0x69f9a06cbf2069d529f77007cc6600f252b8851f,sell,0xffe8196bc259e8dedc544d935786aa4709ec3e64,0xae58a35ec7bb4425a98bc5af588658e105d891897f5888294073830359013cbc
292,0.358,0.001474960358,0x2b08d832361d6a75363962d3541df33630d16d3d,2017-10-30T02:47:12.000Z,0.004120001,0x69f9a06cbf2069d529f77007cc6600f252b8851f,sell,0xffe8196bc259e8dedc544d935786aa4709ec3e64,0x167e10b26e18f652b5f73e1b420657a7c5691d3217c29bf1429134439aabcfc3
293,1.1159908370688265,0.004015335031773638,0x69f9a06cbf2069d529f77007cc6600f252b8851f,2017-10-30T02:47:01.000Z,0.003598,0x009a12d4290630bc01fd82516ac57c1dc6a9bcfb,buy,0xffe8196bc259e8dedc544d935786aa4709ec3e64,0x8ded6862c6375da1ee42303fdd67f9109feb4178e61cc0b33341f5c42ac9cbf8
294,100,0.3655,0x3fef3e85b09a340029b9eee96c63c239a22e7a36,2017-10-30T02:47:01.000Z,0.003655,0x009a12d4290630bc01fd82516ac57c1dc6a9bcfb,buy,0xffe8196bc259e8dedc544d935786aa4709ec3e64,0xb9e8742641a3d49fb5cbcbb78bfe8820623f6a5f0d1f66eedd59a5239783335b
295,0.000128695257098927,0.000000534284794609,0xf4352e9f52a5f299a3557330907623232e9b9e37,2017-10-30T02:47:01.000Z,0.004151549999999608,0x69f9a06cbf2069d529f77007cc6600f252b8851f,sell,0xffe8196bc259e8dedc544d935786aa4709ec3e64,0x040fbcf71e006cb7c4d288e679757e574f30ff75bf57112f21a4b13e187d198e
296,1,0.0045,0x69f9a06cbf2069d529f77007cc6600f252b8851f,2017-10-30T02:47:01.000Z,0.0045,0x06811a2b589d9a80d20925ab683a32ef796b4648,buy,0xffe8196bc259e8dedc544d935786aa4709ec3e64,0xb224afaee4a8bf92b3489c5422173ba3be4f713bf7ba4e0bda55aeb9b1849dff
297,816.7801515443275,2.6545354925190643,0x0785fa40aa4834f71f182c2ff2e00b15ebd96d38,2017-10-30T02:47:01.000Z,0.00325,0xcaf218065acf4f8b65209748fd52cb72f5f7cc29,sell,0xffe8196bc259e8dedc544d935786aa4709ec3e64,0x9ea75229f8af3c179d29b5a6f34d1e626d02c431a05667e335142b9356d636a0
298,2,0.01,0x69f9a06cbf2069d529f77007cc6600f252b8851f,2017-10-30T02:47:01.000Z,0.005,0xb2e8b66928ccedbdf08a2433d70f07942a5e24dd,buy,0xffe8196bc259e8dedc544d935786aa4709ec3e64,0x6c794f71b2e5bc8ba3f5eea09b59c568eddd18b05d91ab61a0637aa1f037ff54
299,50.25852048844763,0.1649720857477147,0xab89360ddba16872c5f3e24c7aceafec74421f54,2017-10-30T02:45:13.000Z,0.00328247,0xcaf218065acf4f8b65209748fd52cb72f5f7cc29,sell,0xffe8196bc259e8dedc544d935786aa4709ec3e64,0x28d720b052e75cf146bb0c57cf1c8006555b0bd709a2a231de547b4e9c90f881
300,20,0.0742,0xcc16e731603785a71da1ecdd99acb29ae1cf85d3,2017-10-30T02:44:28.000Z,0.00371,0xcaf218065acf4f8b65209748fd52cb72f5f7cc29,sell,0xffe8196bc259e8dedc544d935786aa4709ec3e64,0x1e5fbb50b221075f7739d2d7714eec23d5b61e1f204a3572a24a37e27cf7e726
301,10,0.03811,0xb236b907580361fd4f87b759de68ca5c206644af,2017-10-30T02:44:22.000Z,0.003811,0xcaf218065acf4f8b65209748fd52cb72f5f7cc29,sell,0xffe8196bc259e8dedc544d935786aa4709ec3e64,0x6d670c2bd49f420dc8a4199b32802ad19c2df88c2b5a39b07f853c34914073e9
302,333,1.10889,0x5ae14393db27b65529f4de49a9fc6181ce422b9a,2017-10-30T02:43:25.000Z,0.00333,0xcaf218065acf4f8b65209748fd52cb72f5f7cc29,sell,0xffe8196bc259e8dedc544d935786aa4709ec3e64,0xf3b29e2536fb87820b0286cb9a04d3c8bc8d258ee5ba41d2be322c38c46f054b
303,100,0.355,0x5ae14393db27b65529f4de49a9fc6181ce422b9a,2017-10-30T02:42:53.000Z,0.00355,0xcaf218065acf4f8b65209748fd52cb72f5f7cc29,sell,0xffe8196bc259e8dedc544d935786aa4709ec3e64,0x9d908432dd9f47f0bea445aaa06438a24c3960e1e77c3c503e45615bcc515779
304,277,1.01105,0x9dd88b1688123b181e09bb98554e31354e8ceb1b,2017-10-30T02:41:10.000Z,0.00365,0xcaf218065acf4f8b65209748fd52cb72f5f7cc29,sell,0xffe8196bc259e8dedc544d935786aa4709ec3e64,0xda6628e63c9f2a9e49d81d51472609869fb2dc628ffb16c17c9055102c4246fa
305,50,0.185005,0x179db9068c45e6617c13176c4c5082c9e5e347fc,2017-10-30T02:40:56.000Z,0.0037001,0xcaf218065acf4f8b65209748fd52cb72f5f7cc29,sell,0xffe8196bc259e8dedc544d935786aa4709ec3e64,0x5197311987a6d8f587656650661bd7fd015849d3f3336f1e21e10b8da7596b5d
306,50,0.1875,0xd2352e24bff9216c1c6bb065fc7e0ba90ccc3132,2017-10-30T02:40:43.000Z,0.00375,0xcaf218065acf4f8b65209748fd52cb72f5f7cc29,sell,0xffe8196bc259e8dedc544d935786aa4709ec3e64,0x399c6b1e9900354985540fcf3c701942607c3be2471815a0eaf959ed0b68b21c
307,30,0.10965,0x1d5321e125f6c7079a716705541c7b371ca79e69,2017-10-30T02:40:13.000Z,0.003655,0x009a12d4290630bc01fd82516ac57c1dc6a9bcfb,buy,0xffe8196bc259e8dedc544d935786aa4709ec3e64,0x0bc70fb2af30d51a1b2de2d17115790cc25638615b1b568df99466f5d8698cf5
308,29.91026919242273,0.11515453639082751,0x7f293efc39f6b9b99a19b985f86f2fca3f153712,2017-10-30T02:40:13.000Z,0.00385,0x1d5321e125f6c7079a716705541c7b371ca79e69,sell,0xffe8196bc259e8dedc544d935786aa4709ec3e64,0x0bc70fb2af30d51a1b2de2d17115790cc25638615b1b568df99466f5d8698cf5
309,11.82594195192215,0.049095516272824324,0x2455d499c6340eb130d816798c4cb8d22e4d5a2d,2017-10-30T02:39:52.000Z,0.00415151,0x273a5d3e6721b9f5c1a6474f560c1334c63dda01,sell,0xffe8196bc259e8dedc544d935786aa4709ec3e64,0x578002c7623ea9b49404dc32b7885ec0a7f698de618c9e25664d77dcd68be9b0
310,4.8,0.017544,0xd2ea382e498316d91b9de8557670149b479721a0,2017-10-30T02:39:52.000Z,0.003655,0x009a12d4290630bc01fd82516ac57c1dc6a9bcfb,buy,0xffe8196bc259e8dedc544d935786aa4709ec3e64,0x7835e837a67948c729775e1706a7c3b2e94841bdc63d9be1e0b8b7e2399cdca2
311,4.7856,0.0198674184,0xf9411ccabda4627f4b703d1c52d6221b171f4a5c,2017-10-30T02:39:52.000Z,0.0041515,0xd2ea382e498316d91b9de8557670149b479721a0,sell,0xffe8196bc259e8dedc544d935786aa4709ec3e64,0x7835e837a67948c729775e1706a7c3b2e94841bdc63d9be1e0b8b7e2399cdca2
312,14.91839732357691,0.05452674221767361,0xd2ea382e498316d91b9de8557670149b479721a0,2017-10-30T02:39:52.000Z,0.003655,0x009a12d4290630bc01fd82516ac57c1dc6a9bcfb,buy,0xffe8196bc259e8dedc544d935786aa4709ec3e64,0x8d839ae6fc3dca2b50791357960045ce4847cd4565f011986e5a9d8a2f72303e
313,11.8615265315167,0.042677772460397084,0x273a5d3e6721b9f5c1a6474f560c1334c63dda01,2017-10-30T02:39:52.000Z,0.003598,0x009a12d4290630bc01fd82516ac57c1dc6a9bcfb,buy,0xffe8196bc259e8dedc544d935786aa4709ec3e64,0x578002c7623ea9b49404dc32b7885ec0a7f698de618c9e25664d77dcd68be9b0
314,14.873642131606182,0.06127939070857534,0x6298448ff723eaf439db9f565bd827a870336609,2017-10-30T02:39:52.000Z,0.004119999,0xd2ea382e498316d91b9de8557670149b479721a0,sell,0xffe8196bc259e8dedc544d935786aa4709ec3e64,0x8d839ae6fc3dca2b50791357960045ce4847cd4565f011986e5a9d8a2f72303e
315,94.8442173479562,0.3466556144067799,0x273a5d3e6721b9f5c1a6474f560c1334c63dda01,2017-10-30T02:39:39.000Z,0.003655,0x009a12d4290630bc01fd82516ac57c1dc6a9bcfb,buy,0xffe8196bc259e8dedc544d935786aa4709ec3e64,0xf9842df1d96dc7287caa56c73d2901f912e0948a5747c6d69a197242723bf226
316,94.55968469591234,0.39256925899931483,0xf4352e9f52a5f299a3557330907623232e9b9e37,2017-10-30T02:39:39.000Z,0.00415155,0x273a5d3e6721b9f5c1a6474f560c1334c63dda01,sell,0xffe8196bc259e8dedc544d935786aa4709ec3e64,0xf9842df1d96dc7287caa56c73d2901f912e0948a5747c6d69a197242723bf226
317,1500,5.5575,0x009a12d4290630bc01fd82516ac57c1dc6a9bcfb,2017-10-30T02:39:17.000Z,0.003705,0xcaf218065acf4f8b65209748fd52cb72f5f7cc29,sell,0xffe8196bc259e8dedc544d935786aa4709ec3e64,0x84157d4048cbb14da9387e82cde15bb1aff4fc4366b270e757123e153f3199e0
318,300,1.1151,0x0785fa40aa4834f71f182c2ff2e00b15ebd96d38,2017-10-30T02:38:21.000Z,0.003717,0xcaf218065acf4f8b65209748fd52cb72f5f7cc29,sell,0xffe8196bc259e8dedc544d935786aa4709ec3e64,0xff535b603f87308eaef73463da1ae17dc19c3f2c509c6108eb8595f38c6e46b8
319,300,1.1181,0x0785fa40aa4834f71f182c2ff2e00b15ebd96d38,2017-10-30T02:38:21.000Z,0.003727,0xcaf218065acf4f8b65209748fd52cb72f5f7cc29,sell,0xffe8196bc259e8dedc544d935786aa4709ec3e64,0x1a91b897cb1ff06eed543680d6e007d0b2281acbc42b1e3907fcf0ccf503e173
320,125,0.47501375,0x86ab939f2e755f5bbb342c518c20b7f05e4dd181,2017-10-30T02:37:37.000Z,0.00380011,0xcaf218065acf4f8b65209748fd52cb72f5f7cc29,sell,0xffe8196bc259e8dedc544d935786aa4709ec3e64,0xf803a35894c2f85424a05c406a0a6b8849c2ae08755178d1d83d58bc7d98a452
321,13.433507666685346,0.05104732913340431,0x6dab1a65d3132354a613368f81104c2a658f3a9a,2017-10-30T02:37:37.000Z,0.0038,0xcaf218065acf4f8b65209748fd52cb72f5f7cc29,sell,0xffe8196bc259e8dedc544d935786aa4709ec3e64,0x684851957a618e360802a20c0c014cb8728fa6946b56aaa080e8addb5ab9a27b
322,350,1.33004025,0xa9b99cb789c360f60cbae181e0e0c2908f36439a,2017-10-30T02:36:36.000Z,0.003800115,0xcaf218065acf4f8b65209748fd52cb72f5f7cc29,sell,0xffe8196bc259e8dedc544d935786aa4709ec3e64,0x54448a10fc779c3c2128f357774f02ce9ce6a4a63e81f9e4108dc0212f277dc7
323,0.1557826520438,0.000646739469092437,0xf4352e9f52a5f299a3557330907623232e9b9e37,2017-10-30T02:30:49.000Z,0.004151549999999994,0x16e5d97bbc92417e051e3b2cabfbf8ceea2acb9c,sell,0xffe8196bc259e8dedc544d935786aa4709ec3e64,0xdf5bff08f0c3596b4a961aed542bd09ec9ea5b4050c2b4cb8ae5ae5dcce2c5d4
324,0.1384734684833,0.000574873989143104,0x2455d499c6340eb130d816798c4cb8d22e4d5a2d,2017-10-30T02:28:32.000Z,0.0041515099999999945,0x379374d13077e8867ef31803c37baf9785a17c00,sell,0xffe8196bc259e8dedc544d935786aa4709ec3e64,0x25176894f907ff829546b8740a9af95e1ab14f53f67c917eea89f34e7edd3174
325,1226.472,4.905888,0x9f04783da4791f63f0a9b4301be3cd9038340314,2017-10-30T02:26:38.000Z,0.004,0xcaf218065acf4f8b65209748fd52cb72f5f7cc29,sell,0xffe8196bc259e8dedc544d935786aa4709ec3e64,0x1278d497bf8948c41a9ad9bc259e2e0c26e6656d88e8247b782f2b18fbc90229
326,18.004737612142634,0.07201895044857054,0x9f04783da4791f63f0a9b4301be3cd9038340314,2017-10-30T02:15:22.000Z,0.004,0xab296c308b24c972b60a662262f144eeefc27ec8,sell,0xffe8196bc259e8dedc544d935786aa4709ec3e64,0x377e2646234b5654e46f55a28fb82d0e54fff511dbcd1defccbc824aac8084f7
327,5.522987402772982,0.022091949611091927,0x9f04783da4791f63f0a9b4301be3cd9038340314,2017-10-30T02:02:15.000Z,0.004,0xab296c308b24c972b60a662262f144eeefc27ec8,sell,0xffe8196bc259e8dedc544d935786aa4709ec3e64,0x3db6b7a41206e6023a8055fff65a571a2c0f8e9d05dca9d0e9c4578725db86cf
328,102.223,0.4191143,0x9da7ad646dc636de4bbc54ece8723a2bc346ca36,2017-10-30T02:00:30.000Z,0.0041,0xab296c308b24c972b60a662262f144eeefc27ec8,sell,0xffe8196bc259e8dedc544d935786aa4709ec3e64,0x43598ba21e1dc3bf9cf79b322f2cac84a005204d1b98f1ef3981e61431771928
329,97.77663721577854,0.400884212584692,0x9da7ad646dc636de4bbc54ece8723a2bc346ca36,2017-10-30T01:48:44.000Z,0.0041,0xab296c308b24c972b60a662262f144eeefc27ec8,sell,0xffe8196bc259e8dedc544d935786aa4709ec3e64,0x7d4ec4022878186b835dbbfe51d46d4c8b955a1bab22326d45f9106f09ea167c
330,478.126,1.984940089,0x0785fa40aa4834f71f182c2ff2e00b15ebd96d38,2017-10-30T01:02:12.000Z,0.0041515,0xba918113878613b7c0590b4e2d4dba57f3869cdb,sell,0xffe8196bc259e8dedc544d935786aa4709ec3e64,0x22fe623408330567b09b7fb1356d4d0f911cc1c59ba673ed41c7d2a7f1c9dce4
331,295.6554032512172,1.2274134065974283,0x0785fa40aa4834f71f182c2ff2e00b15ebd96d38,2017-10-30T00:39:02.000Z,0.0041515,0x9778550d76b07ac9f5e57392f68ecdf6efc1774e,sell,0xffe8196bc259e8dedc544d935786aa4709ec3e64,0xfe906157efae4cdc49bcedbcfa668d9bab79d334a5008d65a0eb0a8cc0ee6bcf
332,226.218491675805,0.9391460681921044,0x0785fa40aa4834f71f182c2ff2e00b15ebd96d38,2017-10-30T00:15:48.000Z,0.0041515,0xe2eabfc1e89a462bbd2ba188cd8a9591a9a0d04e,sell,0xffe8196bc259e8dedc544d935786aa4709ec3e64,0x88b2bf0dad3320050bdae03488a90e18e1ec71360ee2bf1f7c5c73d736de72dc
333,21.077,0.0969542,0x60e92146776cc211da395176e66b7d60a1a9c17a,2017-10-30T00:14:49.000Z,0.0046,0xe2eabfc1e89a462bbd2ba188cd8a9591a9a0d04e,sell,0xffe8196bc259e8dedc544d935786aa4709ec3e64,0xcf935f77ab6c57d26b9f7750725b23d9f097da99e9ca4beb3f9529519cc376e8
334,10.922509749775696,0.050243544848968195,0x60e92146776cc211da395176e66b7d60a1a9c17a,2017-10-29T23:29:37.000Z,0.0046,0xf20c2032a6d8bdad0454ac8ac6d6d57f16478469,sell,0xffe8196bc259e8dedc544d935786aa4709ec3e64,0xd1c84b957258dce0dff15da508f7f0f8988faf37dfa485d5536449d75ba81e78
335,25.97049147642309,0.10699839891237165,0x6298448ff723eaf439db9f565bd827a870336609,2017-10-29T22:10:33.000Z,0.004119999,0x1703319dd06ce6952eea7b729a5e580109b24a5f,sell,0xffe8196bc259e8dedc544d935786aa4709ec3e64,0x9724a3c168ca1f1e4474b562e28701c4204d3312bbba8d7cd2a7b31fb2c6092a
336,31.3,0.148362,0xd2352e24bff9216c1c6bb065fc7e0ba90ccc3132,2017-10-29T21:02:38.000Z,0.00474,0xa7d3aa01d021c362143422e32c099a34d5fbe320,buy,0xffe8196bc259e8dedc544d935786aa4709ec3e64,0xe3f03313a6cecab27b7b2143d191dd37b857784ee6cd4e2592d36d7ab49c5d7c
337,32,0.1312096,0x0ee9835b4f0e1ae8e631d8197a4a642f417d257e,2017-10-29T20:04:53.000Z,0.0041003,0xadb2a296b5543be7546733c0b9a5ca731b604d80,sell,0xffe8196bc259e8dedc544d935786aa4709ec3e64,0x9a64d3a3894577719b04299c7561b8883115ac291f2b2d75a91a973070ecfc8a
338,1,0.00381,0x5e70df6141285385d68fef85f3597bf863936867,2017-10-29T19:26:04.000Z,0.00381,0xfb15776a5bb6a85a87efb7dc41cd431065d747ae,buy,0xffe8196bc259e8dedc544d935786aa4709ec3e64,0xecb2c9fc3b2403b0cef3543f7d6cc71e538aa39bad89b37e2cf5fad39b902d20
339,50,0.205015,0x0ee9835b4f0e1ae8e631d8197a4a642f417d257e,2017-10-29T19:26:04.000Z,0.0041003,0xadb2a296b5543be7546733c0b9a5ca731b604d80,sell,0xffe8196bc259e8dedc544d935786aa4709ec3e64,0xd6e56c533c8290ee88b0327d35c8dda39631a231323c7a12681a1abbef6d8988
340,39.78930758663587,0.2061086132987738,0xfb15776a5bb6a85a87efb7dc41cd431065d747ae,2017-10-29T19:15:51.000Z,0.00518,0x39f8cf09e87314e2a5b321153672831b125e7c2c,buy,0xffe8196bc259e8dedc544d935786aa4709ec3e64,0xb6cfeb379c7c715dd16b5c42641402a72c20626f206423062af10b724ea886a0
341,3.415,0.03415,0xfb15776a5bb6a85a87efb7dc41cd431065d747ae,2017-10-29T19:09:31.000Z,0.01,0x636f84872a16063dbaacfd3debc848e68ff07168,buy,0xffe8196bc259e8dedc544d935786aa4709ec3e64,0xca016dc0e35347306e08e752718e4549ab85aad6dd6d91dd972d89b6c204f2e4
342,500,2.06,0xfd4fb1da00f55acce00f30462280f409b65d4547,2017-10-29T18:38:33.000Z,0.00412,0x5ae14393db27b65529f4de49a9fc6181ce422b9a,sell,0xffe8196bc259e8dedc544d935786aa4709ec3e64,0x7bf7e90364badb25c6c29bb1988eda511d2bfadc89d8c7c2e532d61a02f1fdc8
343,97,0.399737,0x492842125e4c3a7d10cda0e0291ea22788e4ad60,2017-10-29T18:38:33.000Z,0.004121,0x5ae14393db27b65529f4de49a9fc6181ce422b9a,sell,0xffe8196bc259e8dedc544d935786aa4709ec3e64,0x67b3c7de381a27da27f7d52d8752eabcce1a6e9781b827ff236566eed65dd160
344,160.65673322748788,0.6941977442759751,0xfd4fb1da00f55acce00f30462280f409b65d4547,2017-10-29T18:37:41.000Z,0.004321,0x5ae14393db27b65529f4de49a9fc6181ce422b9a,sell,0xffe8196bc259e8dedc544d935786aa4709ec3e64,0x183ec0c63a3279ad4f0784a04ede3f5fc61039da8c6932655fc7b3c00c550dd4
345,22,0.095084,0x7f293efc39f6b9b99a19b985f86f2fca3f153712,2017-10-29T18:36:59.000Z,0.004322,0x5ae14393db27b65529f4de49a9fc6181ce422b9a,sell,0xffe8196bc259e8dedc544d935786aa4709ec3e64,0x5e165e09dbda4dd9a0b1cc2fdde1c09e08da14c4853aede1324dcad4b427b410
346,339.3432667725121,1.4663022557240248,0xfd4fb1da00f55acce00f30462280f409b65d4547,2017-10-29T18:35:12.000Z,0.004321,0xf1ea52ac3b0998b76e2db8394f91224c06beef1c,sell,0xffe8196bc259e8dedc544d935786aa4709ec3e64,0x23cde71117699051666d665c9363353ca1db9ff11f551377c7be2e29013beb76
347,1329,5.742610329,0x2b08d832361d6a75363962d3541df33630d16d3d,2017-10-29T18:34:20.000Z,0.004321001,0xf1ea52ac3b0998b76e2db8394f91224c06beef1c,sell,0xffe8196bc259e8dedc544d935786aa4709ec3e64,0x3e46db93f7ba5dd8c057a4f4a738b4bdf2931e05c4c3376ab206e6cae270612b
348,531,2.548269,0x2b08d832361d6a75363962d3541df33630d16d3d,2017-10-29T17:47:58.000Z,0.004799,0x00c2fbd6a3c3277538f3aa28d17093bc1b8be0d7,buy,0xffe8196bc259e8dedc544d935786aa4709ec3e64,0x7a7d6538230b846152542fd0d93588b1338c885faaa40c547ec824d331e4b965
349,291.6,1.39968,0x1a73697f496ea3ef8914e992e7f126ac01a710a2,2017-10-29T17:45:07.000Z,0.0048,0x6e1801a6c4860f390d485ce43927cf2f140f07e5,buy,0xffe8196bc259e8dedc544d935786aa4709ec3e64,0xee4fad96fb807410e09651d3d1e396b054a99b893a8532dec19f2a2b299a7795
350,301.082,1.444892518,0x1a73697f496ea3ef8914e992e7f126ac01a710a2,2017-10-29T17:41:00.000Z,0.004799,0xca46904d366193d2035bf84b77259dc970120875,buy,0xffe8196bc259e8dedc544d935786aa4709ec3e64,0x797fd35ef710d1c2d0b5a03951399385e252a655f12b1f64c2cd74eb14d583f7
351,537,2.56149,0x1a73697f496ea3ef8914e992e7f126ac01a710a2,2017-10-29T17:40:14.000Z,0.00477,0x00c2fbd6a3c3277538f3aa28d17093bc1b8be0d7,buy,0xffe8196bc259e8dedc544d935786aa4709ec3e64,0x1d0c9c843902f70f52214425c3d8133d341a7a32d32e527dbc6fd97036a400d3
352,208.4,1.00032,0x21a775081785bdf863a533a8e6a6ef5b58d52d17,2017-10-29T17:00:59.000Z,0.0048,0x6e1801a6c4860f390d485ce43927cf2f140f07e5,buy,0xffe8196bc259e8dedc544d935786aa4709ec3e64,0x33da8fd93c71076db6ce525c7c10ac43af4731a0ae8c0fa2ff84ba8a59ba9cb6
353,72.7,0.340963,0x1a73697f496ea3ef8914e992e7f126ac01a710a2,2017-10-29T16:57:39.000Z,0.00469,0x0ee9835b4f0e1ae8e631d8197a4a642f417d257e,buy,0xffe8196bc259e8dedc544d935786aa4709ec3e64,0xfc3dd3b9e83ca36c535fd7c017b5eef25b394f74e0f840426bfa5625e0984a4f
354,500,2.375,0x1a73697f496ea3ef8914e992e7f126ac01a710a2,2017-10-29T16:57:39.000Z,0.00475,0xba918113878613b7c0590b4e2d4dba57f3869cdb,buy,0xffe8196bc259e8dedc544d935786aa4709ec3e64,0x48b0c5bdc1826ebf06df25bda7d355d8d07513dcdbfc33deb2ee7418148abf0b
355,50,0.2325,0x1a73697f496ea3ef8914e992e7f126ac01a710a2,2017-10-29T16:57:39.000Z,0.00465,0x5ae14393db27b65529f4de49a9fc6181ce422b9a,buy,0xffe8196bc259e8dedc544d935786aa4709ec3e64,0x82cc792780bc54b3a8645d83f3dc8c91e830e195bb6ea26bc0f96d1e1bf692d1
356,90,0.41301,0x1a73697f496ea3ef8914e992e7f126ac01a710a2,2017-10-29T16:57:03.000Z,0.004589,0x492842125e4c3a7d10cda0e0291ea22788e4ad60,buy,0xffe8196bc259e8dedc544d935786aa4709ec3e64,0xd40791ebf964cb35930347a7a3c438028572d17cf2ede532394bcdc9e542f968
357,16.826,0.0639388,0xfd4fb1da00f55acce00f30462280f409b65d4547,2017-10-29T16:38:34.000Z,0.0038,0xc3c7a43c8e9d68e5536bfd9660197747b255924a,buy,0xffe8196bc259e8dedc544d935786aa4709ec3e64,0xefbf4ee36aa15d6b511867ad95218b90207c7853831ba9f5e00e449557a97ad2
358,5.555,0.0216645,0xfd4fb1da00f55acce00f30462280f409b65d4547,2017-10-29T16:26:52.000Z,0.0039,0x1a73697f496ea3ef8914e992e7f126ac01a710a2,buy,0xffe8196bc259e8dedc544d935786aa4709ec3e64,0xd1b17c20f4996af1104f12334d87bc5a5e17eec31fd12924c9a026dda34f52b2
359,10,0.03999,0xfd4fb1da00f55acce00f30462280f409b65d4547,2017-10-29T16:26:52.000Z,0.003999,0x1a73697f496ea3ef8914e992e7f126ac01a710a2,buy,0xffe8196bc259e8dedc544d935786aa4709ec3e64,0x19c8e780442ee7466b35d08c017d53574380faba756203fde8616cebd54bc75f
360,3.415,0.013318496585,0xfd4fb1da00f55acce00f30462280f409b65d4547,2017-10-29T16:26:52.000Z,0.003899999,0x88e6436f37cb5479b3af0d92ca1351841cdb0c48,buy,0xffe8196bc259e8dedc544d935786aa4709ec3e64,0x50da98a487347736620cdee7725a3032c411d6c2d03d80b5d9929bd809bbc617
361,2.947,0.01152277,0xfd4fb1da00f55acce00f30462280f409b65d4547,2017-10-29T16:26:52.000Z,0.00391,0x1a73697f496ea3ef8914e992e7f126ac01a710a2,buy,0xffe8196bc259e8dedc544d935786aa4709ec3e64,0xf6cf1235f572a0da69b5835c36ced81609a0532171accffdea3fc93bfd6cdee9
362,398.46475924633637,1.4942432456385206,0x5e70df6141285385d68fef85f3597bf863936867,2017-10-29T15:47:38.000Z,0.003750001,0x4f4a3b9060434913e68fcc02b1c3a9a656bb3152,sell,0xffe8196bc259e8dedc544d935786aa4709ec3e64,0x39289f98ccc4d4a7640080ed8aa8de4596d81569e7243b9cb3d82ee4064f80dd
363,100,0.385,0x6dab1a65d3132354a613368f81104c2a658f3a9a,2017-10-29T15:46:19.000Z,0.00385,0x4f4a3b9060434913e68fcc02b1c3a9a656bb3152,sell,0xffe8196bc259e8dedc544d935786aa4709ec3e64,0xdbc1d4601728c34801edcd2b61a87b9684b40f304b0690e068a0178345655697
364,23.4812432640126,0.08805466224004725,0x1a73697f496ea3ef8914e992e7f126ac01a710a2,2017-10-29T15:05:48.000Z,0.00375,0x7ab42988b4e1c6031e487819028ea0f5c9a65750,sell,0xffe8196bc259e8dedc544d935786aa4709ec3e64,0xc410718f7d1faf73db2637413b4753f5449e3d088f207b6fd6ba5e6a5bc88cdc
365,360,1.35,0x1a73697f496ea3ef8914e992e7f126ac01a710a2,2017-10-29T14:43:51.000Z,0.00375,0x5ae14393db27b65529f4de49a9fc6181ce422b9a,sell,0xffe8196bc259e8dedc544d935786aa4709ec3e64,0xce9f0e20407b0d67f6d29b35f23f11e5333191e6b74892fe3d8d16ef7273c0cc
366,3.5856025807177243,0.013983850064799123,0x0ee9835b4f0e1ae8e631d8197a4a642f417d257e,2017-10-29T14:29:16.000Z,0.0039,0xf1ea52ac3b0998b76e2db8394f91224c06beef1c,buy,0xffe8196bc259e8dedc544d935786aa4709ec3e64,0xdfe51d3cfdafb76aa2cd01187479721be8acc5cb790983607e838f74af8284ff
367,0.017044377742236622,0.000081983456940158,0xe3c7464459f2bd3321d28f655d2abbc172cce178,2017-10-29T14:05:06.000Z,0.0048099999999999905,0x1d5321e125f6c7079a716705541c7b371ca79e69,sell,0xffe8196bc259e8dedc544d935786aa4709ec3e64,0xdee15873855dbb94a3ad933976c1baa36191d28d33ecd7a447f3a88b6ba8a313
368,0.01709551087546333,0.000066672492414307,0x1d5321e125f6c7079a716705541c7b371ca79e69,2017-10-29T14:05:06.000Z,0.0039000000000000003,0xf1ea52ac3b0998b76e2db8394f91224c06beef1c,buy,0xffe8196bc259e8dedc544d935786aa4709ec3e64,0xdee15873855dbb94a3ad933976c1baa36191d28d33ecd7a447f3a88b6ba8a313
369,23.121,0.0901719,0x273a5d3e6721b9f5c1a6474f560c1334c63dda01,2017-10-29T14:03:06.000Z,0.0039,0xf1ea52ac3b0998b76e2db8394f91224c06beef1c,buy,0xffe8196bc259e8dedc544d935786aa4709ec3e64,0x53de26b9afe555134aa4bb63ca9151814c6b9851a978fbe07b4dad2d580e7a09
370,247.06,0.975887,0x1a73697f496ea3ef8914e992e7f126ac01a710a2,2017-10-29T14:03:06.000Z,0.00395,0xfd0fe438cf033aab2a6998a95f2614d231ab8e04,buy,0xffe8196bc259e8dedc544d935786aa4709ec3e64,0x34ac9a9af2e94c5ade6ed7a6e67e4e3afe7727cc82fce7b00dfb029dea73c9e2
371,23.051637,0.092206548,0xa7d3aa01d021c362143422e32c099a34d5fbe320,2017-10-29T14:03:06.000Z,0.004,0x273a5d3e6721b9f5c1a6474f560c1334c63dda01,sell,0xffe8196bc259e8dedc544d935786aa4709ec3e64,0x53de26b9afe555134aa4bb63ca9151814c6b9851a978fbe07b4dad2d580e7a09
372,468.629,2.01041841,0x1a73697f496ea3ef8914e992e7f126ac01a710a2,2017-10-29T14:02:36.000Z,0.00429,0xa7d3aa01d021c362143422e32c099a34d5fbe320,buy,0xffe8196bc259e8dedc544d935786aa4709ec3e64,0x675cce0851958394cbe51af51c9238e7e6c0c4dc2b2e922a519ef1489e64396d
373,500,2.15,0x1a73697f496ea3ef8914e992e7f126ac01a710a2,2017-10-29T14:01:00.000Z,0.0043,0xba918113878613b7c0590b4e2d4dba57f3869cdb,buy,0xffe8196bc259e8dedc544d935786aa4709ec3e64,0x260f585387edd8dbf298770e0d34a2916cd17d32f1925f7ab28add59010e94a9
374,31.910831010954546,0.11838918305064136,0xf1ea52ac3b0998b76e2db8394f91224c06beef1c,2017-10-29T13:25:29.000Z,0.0037099999999999998,0x2256c01a9c0e2de68cb7d27f7e39dc4e1c7d3783,sell,0xffe8196bc259e8dedc544d935786aa4709ec3e64,0x7018a84aa1fb66b38d43e0f32c7f55700efba5071ef9cbba74ad460c6acc4fb8
375,16,0.0631984,0x30d8f333929a22fbab23e5b39168893a6b614a1f,2017-10-29T13:06:44.000Z,0.0039499,0x2256c01a9c0e2de68cb7d27f7e39dc4e1c7d3783,buy,0xffe8196bc259e8dedc544d935786aa4709ec3e64,0xd7ab0215dee87146efe4504f06250a8fe425d8688b3e247283e984bb30827f37
376,8.25,0.033,0xa7d3aa01d021c362143422e32c099a34d5fbe320,2017-10-29T12:58:42.000Z,0.004,0x5ae14393db27b65529f4de49a9fc6181ce422b9a,sell,0xffe8196bc259e8dedc544d935786aa4709ec3e64,0x162b6934c52c2d2c8a0ad957ba0b5cf7ee40c94f71ea5343ef9e2661b30386fe
377,48.00929942108717,0.18723626774223998,0x2256c01a9c0e2de68cb7d27f7e39dc4e1c7d3783,2017-10-29T12:57:13.000Z,0.0039,0xfd0fe438cf033aab2a6998a95f2614d231ab8e04,sell,0xffe8196bc259e8dedc544d935786aa4709ec3e64,0xe811a5020d9ed827d3c6376f661b42fa168cae2952e9787c28b8abc0aa203d00
378,10.889948082136655,0.04464878713676029,0x0ee9835b4f0e1ae8e631d8197a4a642f417d257e,2017-10-29T12:52:19.000Z,0.0041,0xfd0fe438cf033aab2a6998a95f2614d231ab8e04,sell,0xffe8196bc259e8dedc544d935786aa4709ec3e64,0x34b71ab27cb50f3beefb0f6eab5839e74d4dad7de1843290ef080063fccb2426
379,468.629,1.874516,0xa7d3aa01d021c362143422e32c099a34d5fbe320,2017-10-29T12:52:10.000Z,0.004,0xfd0fe438cf033aab2a6998a95f2614d231ab8e04,sell,0xffe8196bc259e8dedc544d935786aa4709ec3e64,0xf35fadb9ec909cb6c369e7bd1f4d5e7a75c86ea26d540a2debb512039f76d65f
380,4.551660013305804,0.018661806054553795,0x0ee9835b4f0e1ae8e631d8197a4a642f417d257e,2017-10-29T12:45:44.000Z,0.0041,0x2256c01a9c0e2de68cb7d27f7e39dc4e1c7d3783,sell,0xffe8196bc259e8dedc544d935786aa4709ec3e64,0xc30e771713ecb3b4d9ab9f5b2e9b6d448cbfbb5097ead43021d356571514d149
381,53.55839190455754,0.2195894068086859,0x0ee9835b4f0e1ae8e631d8197a4a642f417d257e,2017-10-29T12:33:48.000Z,0.0041,0x5900e4fe283620c9833d0ea69d66034dfde642c9,sell,0xffe8196bc259e8dedc544d935786aa4709ec3e64,0x09d660b6bb870d1801e8a7dee09c2a89af76b83e3a17050b46c06be5bd342196
