,amount,amountBase,buyer,date,price,seller,side,tokenAddr,txHash
0,1280,0.9984,0x2b501dd3fd1cc30114f1e2ccdec8080cd603137f,2017-11-02T12:52:02.000Z,0.00078,0x3a73def5c97d90f86ebf559b543782ff74c959a5,sell,0x5ca9a71b1d01849c0a95490cc00559717fcf0d1d,0x85ed24a9665be68dd4dde7a9763a7f180efcdffd80a30f9940b54f6fd9fc16a6
1,500,0.3905,0x08883166cc38107ecf98e7b01bea7c904f481cae,2017-11-02T12:32:02.000Z,0.000781,0x3a73def5c97d90f86ebf559b543782ff74c959a5,sell,0x5ca9a71b1d01849c0a95490cc00559717fcf0d1d,0x484e7013517a20b595368f4cf61bcddba9e6a0c7137be1a48b9b655ce40f2b19
2,662.296878899727,0.5040079248426922,0x1c5068e0d1031b3b0c4932f4c0b71708e17f1367,2017-11-02T12:22:34.000Z,0.000761,0x3a73def5c97d90f86ebf559b543782ff74c959a5,sell,0x5ca9a71b1d01849c0a95490cc00559717fcf0d1d,0x3c3a28ebf90a96114c055629f6b3b7af99fa5b59c9114e1dbdc28fe280b767ce
3,2236.762,1.69993912,0x6fcf7af8feb49f47da5b17847f61fa2d5e660dc0,2017-11-02T12:22:22.000Z,0.00076,0x3a73def5c97d90f86ebf559b543782ff74c959a5,sell,0x5ca9a71b1d01849c0a95490cc00559717fcf0d1d,0x149d57233af95713a8802652dd07585484111e20071363f052e8dde105cf5102
4,800,0.632,0xded0faffa28b383092fdf0200182836d75fe60ee,2017-11-02T12:22:04.000Z,0.00079,0x3a73def5c97d90f86ebf559b543782ff74c959a5,sell,0x5ca9a71b1d01849c0a95490cc00559717fcf0d1d,0x1784d2c8ea5c97013edfaa14da4c4955e44515c7dd5d454a652d46ee2e2c7036
5,630.2644653101923,0.5483300848198673,0x6b5b39d1726523d829e589945c6eeb9b3e8a3296,2017-11-02T11:39:39.000Z,0.00087,0x6e1801a6c4860f390d485ce43927cf2f140f07e5,buy,0x5ca9a71b1d01849c0a95490cc00559717fcf0d1d,0xc2692c04c145776b9ce2b837392286fb21d9cb5b73473aaaa553db0b94554104
6,1,0.00087,0x94b0bf6dd676f7b4884557735945b927535fd822,2017-11-02T10:46:55.000Z,0.00087,0x6e1801a6c4860f390d485ce43927cf2f140f07e5,buy,0x5ca9a71b1d01849c0a95490cc00559717fcf0d1d,0x7aeb72260cd7e6871522dee51ddcc9ad0852da65bb780d329f4231b7c9e3bb7c
7,3337.703121100273,2.5399920751573077,0x1c5068e0d1031b3b0c4932f4c0b71708e17f1367,2017-11-02T09:55:24.000Z,0.000761,0x2239fec82ce92162aca7e523f56f60f65cb5a305,sell,0x5ca9a71b1d01849c0a95490cc00559717fcf0d1d,0x32009443cc87371f7110e1934ea9dc4e76aeeff86ffd432383d8eb79f7516891
8,200,0.156,0x462cdf194d12c5168e804fe7d91e639fb3bed21d,2017-11-02T09:53:43.000Z,0.00078,0x2239fec82ce92162aca7e523f56f60f65cb5a305,sell,0x5ca9a71b1d01849c0a95490cc00559717fcf0d1d,0xb30d55583cc34610b291be86e5bd41b45886a615850be33dfcc1856ff3432ccc
9,450,0.3465,0xb9f1a043bf2efc5820babadf1c244a378c577fa6,2017-11-02T09:52:41.000Z,0.00077,0x2239fec82ce92162aca7e523f56f60f65cb5a305,sell,0x5ca9a71b1d01849c0a95490cc00559717fcf0d1d,0xdc8fcd62134b0904b4af60a69a0bb0cae23025333e4964dc24d69d0d3a7da7be
10,5959,4.528845959,0x7e217bcc36159e8b8fa74079e36d150db6fe75b6,2017-11-02T08:25:52.000Z,0.000760001,0x3a73def5c97d90f86ebf559b543782ff74c959a5,sell,0x5ca9a71b1d01849c0a95490cc00559717fcf0d1d,0x65630f9e9e811568a8e22af84cde564cd8242cad17a95e5c8cf274d77d12acd1
11,711.225,0.57609225,0x37fc391b0058a0ad32cd96345057ab5fdf34c24d,2017-11-02T06:46:31.000Z,0.00081,0x2239fec82ce92162aca7e523f56f60f65cb5a305,buy,0x5ca9a71b1d01849c0a95490cc00559717fcf0d1d,0xa19394ee269543e2f77926917b524597a5a2e8c87ce99ff00b07a5a7c696fdac
12,0.6172839506172839,0.0005,0x3075f7f189912f4f425dd7021b9c396434197477,2017-11-02T06:21:22.000Z,0.00081,0x2239fec82ce92162aca7e523f56f60f65cb5a305,buy,0x5ca9a71b1d01849c0a95490cc00559717fcf0d1d,0xfd64e3a1020f8064b6eac58e5be5803bc725c5527dddb41c35925f5d1b5df752
13,0.6172839506172839,0.0005,0x4fda9e6bcd83af6c5cc771b5d20accc2b7720074,2017-11-02T06:16:32.000Z,0.00081,0x2239fec82ce92162aca7e523f56f60f65cb5a305,buy,0x5ca9a71b1d01849c0a95490cc00559717fcf0d1d,0xf4fbbc1573a57b58398925b7bcddc831f20fc8885e7f530d3d319998db41aa8e
14,941,0.715160941,0x7e217bcc36159e8b8fa74079e36d150db6fe75b6,2017-11-02T06:09:10.000Z,0.000760001,0xe62b49dd208f7c0f0be52be7667c8a92d5ce7cc2,sell,0x5ca9a71b1d01849c0a95490cc00559717fcf0d1d,0xf63899996143d3fb95996a66cb1cf63bdbdc5ed8f0aa95426a2fa0f97fd14c0f
15,280,0.2268,0xa621fc02023cfac06cb31142e9ef3917afbb83fc,2017-11-02T05:02:28.000Z,0.00081,0x2239fec82ce92162aca7e523f56f60f65cb5a305,buy,0x5ca9a71b1d01849c0a95490cc00559717fcf0d1d,0x47ad838b2fd534df13ec319a35750d33157611e19fe0c274617123c1bebcece9
16,1770,1.416,0xa621fc02023cfac06cb31142e9ef3917afbb83fc,2017-11-02T04:59:53.000Z,0.0008,0x2239fec82ce92162aca7e523f56f60f65cb5a305,buy,0x5ca9a71b1d01849c0a95490cc00559717fcf0d1d,0xae981db8725a5f2406d9e8c0de5cf79d82eadd31ee478afd39dac43ac65f0809
17,444.58882193764106,0.3421422196985504,0xa621fc02023cfac06cb31142e9ef3917afbb83fc,2017-11-02T04:58:36.000Z,0.00076957,0x59e4aca8f2d20f800afe4ecdad2e853fd8b553a2,buy,0x5ca9a71b1d01849c0a95490cc00559717fcf0d1d,0x9a134020f507657cc3f0780455433772e3bc988e10a1538c4d8878b4726f93ab
18,1209,0.93093,0xc05eb25915a202c6ac9f3d9c11ab4044b6c25326,2017-11-02T04:44:09.000Z,0.00077,0x9f18b49bb00c24769aaec553641bcad225298662,buy,0x5ca9a71b1d01849c0a95490cc00559717fcf0d1d,0xe9b552ef6753cc754061e094760caf1787c30a95121e0db7650784320fd3b059
19,2637.2886728728986,2.004339391383403,0x6fcf7af8feb49f47da5b17847f61fa2d5e660dc0,2017-11-02T02:35:47.000Z,0.00076,0x22701cde349bc4cc64276676f827269b4bf1eb34,sell,0x5ca9a71b1d01849c0a95490cc00559717fcf0d1d,0xa98837e0a2a148ffd1b0782a1b270af72cdecca17d50e79fe47204f60797188f
20,54.86990329977071,0.04170118137772904,0xc57f23b724e68bba5e294ec20a9c9513e99aec90,2017-11-02T02:28:18.000Z,0.000760001,0x22701cde349bc4cc64276676f827269b4bf1eb34,sell,0x5ca9a71b1d01849c0a95490cc00559717fcf0d1d,0x324d1f6c10020621aa6867a52189ea09179acdbdad258884f3f0a02ae9dfa7ca
21,15.13009670022929,0.01149888862227096,0xc57f23b724e68bba5e294ec20a9c9513e99aec90,2017-11-02T01:04:00.000Z,0.000760001,0xa54ffa43d11698bc300d924781518b71dd10f0a8,sell,0x5ca9a71b1d01849c0a95490cc00559717fcf0d1d,0x2c0998c5e2a2777f26fc43c863219958298a5d8da09d27ebc93347f112c85c2a
22,1286.7924499935905,0.9676679223951801,0x67b12ec22e7898bc4eedf5290741df88e508f171,2017-11-01T22:58:32.000Z,0.000752,0xeb1766ec75b40cf9ce25dc3de02ea591d0c07ab7,sell,0x5ca9a71b1d01849c0a95490cc00559717fcf0d1d,0xd67e64f5be3eab753a3d7b8ebc67dd2fc95cfd8fa46df3f74e788b71d5cbc115
23,184,0.139846624,0x1f1eb634f27878d05682e577fc4d4df5e616e71b,2017-11-01T22:56:27.000Z,0.000760036,0xeb1766ec75b40cf9ce25dc3de02ea591d0c07ab7,sell,0x5ca9a71b1d01849c0a95490cc00559717fcf0d1d,0x3d30db9ee4e1442c6aeaf6e37332bd4b33a12fd95fd9c93c137807c9b4d2f7cc
24,208.58964447545446,0.1585356390285465,0x1f1eb634f27878d05682e577fc4d4df5e616e71b,2017-11-01T22:56:05.000Z,0.000760036,0xeb1766ec75b40cf9ce25dc3de02ea591d0c07ab7,sell,0x5ca9a71b1d01849c0a95490cc00559717fcf0d1d,0xe7005b0688213eec4f3050aeffe1daa480fda18443554295ed49ac9d8d51b046
25,1315,0.9995315,0x27ae807f933e8a1544efa3132e9a082d60961d78,2017-11-01T22:53:54.000Z,0.0007601,0xeb1766ec75b40cf9ce25dc3de02ea591d0c07ab7,sell,0x5ca9a71b1d01849c0a95490cc00559717fcf0d1d,0x1dffccd34ca9eaa18bc4b8878dc779af9e42e37ee9ad9dbfef64f5a6edc5877a
26,1295.4111780623589,0.9969095803014496,0x651264c2513774bd0d1b97c3418110b09f2fa0a7,2017-11-01T17:59:50.000Z,0.00076957,0x59e4aca8f2d20f800afe4ecdad2e853fd8b553a2,buy,0x5ca9a71b1d01849c0a95490cc00559717fcf0d1d,0x7fb78b23a287b96bb523dc3efe11319c657483891c611a8b713ac3e4a40056b7
27,1560,1.2005292,0xdb95ffc525554da455565b6f68c2c3b0b74e8a16,2017-11-01T17:59:25.000Z,0.00076957,0x59e4aca8f2d20f800afe4ecdad2e853fd8b553a2,buy,0x5ca9a71b1d01849c0a95490cc00559717fcf0d1d,0xa25ed6a56dbac65fc0711fa931086cad3c292b7b4a0eda49c8e281a2f1d23f34
28,1211.552,0.920781943104,0x4929f899edbdb3dc6527712daf7e08c5af163f01,2017-11-01T15:11:04.000Z,0.000760002,0x3a73def5c97d90f86ebf559b543782ff74c959a5,sell,0x5ca9a71b1d01849c0a95490cc00559717fcf0d1d,0xc31df98c2477b5c3b7697cba8c2dfbf864dc8bd1e04dcc36a1b647d937c71537
29,1800.657,1.370299977,0x5914b83e532d7d2aa1b7538e18ddb7dbc0a027fa,2017-11-01T14:56:08.000Z,0.000761,0x3a73def5c97d90f86ebf559b543782ff74c959a5,sell,0x5ca9a71b1d01849c0a95490cc00559717fcf0d1d,0x80a48285b71478a4dfcabb01adf9f9caebb42692cfc0b0099796b716310205a0
30,110,0.0847,0x5914b83e532d7d2aa1b7538e18ddb7dbc0a027fa,2017-11-01T14:48:22.000Z,0.00077,0x3a73def5c97d90f86ebf559b543782ff74c959a5,sell,0x5ca9a71b1d01849c0a95490cc00559717fcf0d1d,0xbee068b5fd9261b9b61f0ff0c8b2a54737f7acac897d06880a6cf960bd55509e
31,3285,2.49660657,0x4929f899edbdb3dc6527712daf7e08c5af163f01,2017-11-01T14:21:45.000Z,0.000760002,0x3a73def5c97d90f86ebf559b543782ff74c959a5,sell,0x5ca9a71b1d01849c0a95490cc00559717fcf0d1d,0x3ebddcfa0f6ffdd3742579753d23d16b6369d1b63f3b189a6c5a4fdff5fdbd97
32,778.4103555245456,0.5916198929714535,0x1f1eb634f27878d05682e577fc4d4df5e616e71b,2017-11-01T13:23:47.000Z,0.000760036,0x6c723da0e2243be0d60a23801c00039b98ce35d6,sell,0x5ca9a71b1d01849c0a95490cc00559717fcf0d1d,0xfce4f4ef049c5488fd11b2a30fb7cb6e80c84e0d7e81614c2b6db2c252188763
33,8.540431323081512,0.006917749371696024,0xef363244508c67f52560a6a7a3d66bad6100247e,2017-11-01T13:21:52.000Z,0.00081,0x2239fec82ce92162aca7e523f56f60f65cb5a305,buy,0x5ca9a71b1d01849c0a95490cc00559717fcf0d1d,0xdb24c32033448a46bc20412373de7fccd4836b87c58a9042e782183d3c7547d0
34,107.532,0.08279964,0x5914b83e532d7d2aa1b7538e18ddb7dbc0a027fa,2017-11-01T13:21:17.000Z,0.00077,0x6c723da0e2243be0d60a23801c00039b98ce35d6,sell,0x5ca9a71b1d01849c0a95490cc00559717fcf0d1d,0x6d0581527358ac8a5bccc56d3d26c1aa42604793f871e8daf58c17f571e4a60a
35,1093.0436243856266,0.8307514110599297,0xb7d3cc921b3208302079f2e4e19b525969d1a174,2017-11-01T13:20:51.000Z,0.0007600349999999999,0x6c723da0e2243be0d60a23801c00039b98ce35d6,sell,0x5ca9a71b1d01849c0a95490cc00559717fcf0d1d,0x56cd2ad92d9a63e6069aac52119ea2312d07b8c21ad025a3bdbbc7cb21f20157
36,658.0225,0.5073353475,0xef363244508c67f52560a6a7a3d66bad6100247e,2017-11-01T13:14:57.000Z,0.000771,0x3a73def5c97d90f86ebf559b543782ff74c959a5,sell,0x5ca9a71b1d01849c0a95490cc00559717fcf0d1d,0x77c2a97d43aa8a115ae181521aa96a0e65f68052f96b213d3bc64b9417178891
37,1040,0.8112,0x34a0e8081340d93aae4af9703742f358c43ec3a0,2017-11-01T13:14:57.000Z,0.00078,0x3a73def5c97d90f86ebf559b543782ff74c959a5,sell,0x5ca9a71b1d01849c0a95490cc00559717fcf0d1d,0x627d4818f6216b7faf9a0c970fede098db117dabcfee9f4238589f96aff80a9c
38,69.9775,0.0539526525,0xef363244508c67f52560a6a7a3d66bad6100247e,2017-11-01T12:56:52.000Z,0.000771,0x1aa7e20656f755f935223342abfab5a5c2d6fc72,sell,0x5ca9a71b1d01849c0a95490cc00559717fcf0d1d,0x1bffdb676a01e940729cc94e26b0f25b848ea8f96fe675b165b763678853f1a6
39,10,0.0081,0x5914b83e532d7d2aa1b7538e18ddb7dbc0a027fa,2017-11-01T12:53:25.000Z,0.00081,0x1aa7e20656f755f935223342abfab5a5c2d6fc72,sell,0x5ca9a71b1d01849c0a95490cc00559717fcf0d1d,0x2c3b2bfdd1c62706f4df6c5bab60092ba9baf595683ef4670a5cc999006a80ed
40,10,0.00810001,0x5914b83e532d7d2aa1b7538e18ddb7dbc0a027fa,2017-11-01T12:51:58.000Z,0.000810001,0x1aa7e20656f755f935223342abfab5a5c2d6fc72,sell,0x5ca9a71b1d01849c0a95490cc00559717fcf0d1d,0x38536a5b0631c0f4939c890c18923be73adf16cff22990102fdcb9283422f9e6
41,3899.9563756143734,2.9641033439400704,0xb7d3cc921b3208302079f2e4e19b525969d1a174,2017-11-01T12:49:44.000Z,0.0007600349999999999,0x3a73def5c97d90f86ebf559b543782ff74c959a5,sell,0x5ca9a71b1d01849c0a95490cc00559717fcf0d1d,0x06ba6dcf019022fa905f853bc5e014c931c60a2fecb44c584f382736ad2a2d14
42,1000,0.771,0xef363244508c67f52560a6a7a3d66bad6100247e,2017-11-01T12:42:12.000Z,0.000771,0x3a73def5c97d90f86ebf559b543782ff74c959a5,sell,0x5ca9a71b1d01849c0a95490cc00559717fcf0d1d,0x0cbc9b5292a2c15160afdd5a65e1e2ffd02a125643e62d36fd928570f1e88f2f
43,999,0.80919,0xef363244508c67f52560a6a7a3d66bad6100247e,2017-11-01T12:35:48.000Z,0.00081,0x2239fec82ce92162aca7e523f56f60f65cb5a305,buy,0x5ca9a71b1d01849c0a95490cc00559717fcf0d1d,0x6e99e494a948b7e1154ba0265126ef9807a2a7bfa61f8d351209d10d54a1bede
44,2007,1.525390245,0xb7d3cc921b3208302079f2e4e19b525969d1a174,2017-11-01T12:22:34.000Z,0.000760035,0x3a73def5c97d90f86ebf559b543782ff74c959a5,sell,0x5ca9a71b1d01849c0a95490cc00559717fcf0d1d,0xb5a081ea26e4fe54a3b3ef7fa961970589ed5de700059ee0394931a2533d0a39
45,13,0.009880468,0x1f1eb634f27878d05682e577fc4d4df5e616e71b,2017-11-01T11:48:18.000Z,0.000760036,0x91bff8a22b483e1ac522b259a662dbab431cd651,sell,0x5ca9a71b1d01849c0a95490cc00559717fcf0d1d,0x4d895b29aa21e65db376b2251f91793ab52703dcd91fb3e3f21a5d399efbb2c3
46,999.9996407725007,0.7829997187248681,0xbc3e403236a5ae3751411391bab7db0406fad9e6,2017-11-01T11:31:30.000Z,0.000783,0x3a73def5c97d90f86ebf559b543782ff74c959a5,sell,0x5ca9a71b1d01849c0a95490cc00559717fcf0d1d,0x44df9a1cdbcdff3ed11ff86c2fd1c8432b18a9e9122a2e8099f54c420a0bcf31
47,0.000359227499344763,0.000000281275131986,0xbc3e403236a5ae3751411391bab7db0406fad9e6,2017-11-01T11:23:15.000Z,0.000782999999997357,0xbc3e403236a5ae3751411391bab7db0406fad9e6,sell,0x5ca9a71b1d01849c0a95490cc00559717fcf0d1d,0xace030a1fe486fcfcc92d6023b483f218214fe3b42b2e2acb87fd710b08457ab
48,2000,1.6,0x4929f899edbdb3dc6527712daf7e08c5af163f01,2017-11-01T11:05:11.000Z,0.0008,0x2239fec82ce92162aca7e523f56f60f65cb5a305,buy,0x5ca9a71b1d01849c0a95490cc00559717fcf0d1d,0x548e28c1bcf13769162beb2f609b98c75816083f06224eab6a2216d0a11151d0
49,230,0.18009,0xa8ebce443fddd76cc1ab018d96b4f5e3b629f1e6,2017-11-01T10:48:39.000Z,0.000783,0x2239fec82ce92162aca7e523f56f60f65cb5a305,buy,0x5ca9a71b1d01849c0a95490cc00559717fcf0d1d,0xa485823165a437839ca3b9468c432a40048fa31efeef9a4d0368c3e64e6d91f8
50,350.107,0.29408988,0xc065170a270d5f29f78ba0542733e26aa2502689,2017-11-01T10:30:01.000Z,0.00084,0x22701cde349bc4cc64276676f827269b4bf1eb34,buy,0x5ca9a71b1d01849c0a95490cc00559717fcf0d1d,0x97de050cf0abad67acb466d72b7953af70f07f5cac1aa3976b9c79150b5b53f6
51,2349.8928874473945,1.9739100254558113,0xa621fc02023cfac06cb31142e9ef3917afbb83fc,2017-11-01T09:19:20.000Z,0.00084,0x22701cde349bc4cc64276676f827269b4bf1eb34,buy,0x5ca9a71b1d01849c0a95490cc00559717fcf0d1d,0x5a5b443bf211e191504fe09dfba455941ed8ddffffe533dca373e7bda9d9ea44
52,151.43156215731233,0.12720251221214235,0x67b12ec22e7898bc4eedf5290741df88e508f171,2017-11-01T09:17:11.000Z,0.00084,0xa3b2ceb252ec28d6bb74c78831ebfa56829ff4ed,sell,0x5ca9a71b1d01849c0a95490cc00559717fcf0d1d,0xae28c16516fed955c991c94ecae7e0a3126a22abd1f5f5c8faed7c4d7256e8ba
53,151.901,0.11696377,0xa3b2ceb252ec28d6bb74c78831ebfa56829ff4ed,2017-11-01T06:12:26.000Z,0.00077,0x619741507837ec9c297cb9e7b9d07e433c247d09,buy,0x5ca9a71b1d01849c0a95490cc00559717fcf0d1d,0x2983bb86de772fe7afdb775fa2f55540a5737d357c85f90c7f4ad04a04bae911
54,55,0.04235,0x2dd96a23e4056e7d4fa16f5a9d1c76cc4d51d192,2017-11-01T05:58:38.000Z,0.00077,0x619741507837ec9c297cb9e7b9d07e433c247d09,buy,0x5ca9a71b1d01849c0a95490cc00559717fcf0d1d,0x84519a132345654d87b0ea3a6bb4c300b0ce52462ccf69672deddbfe325a0a6f
55,50,0.038,0x4929f899edbdb3dc6527712daf7e08c5af163f01,2017-11-01T04:49:37.000Z,0.00076,0x08883166cc38107ecf98e7b01bea7c904f481cae,buy,0x5ca9a71b1d01849c0a95490cc00559717fcf0d1d,0xf1fbea91de9cc6773aa0374289d2b279941f5d93ffa34bd8a2e353cfe04d40d8
56,260,0.1976,0xc065170a270d5f29f78ba0542733e26aa2502689,2017-11-01T03:22:32.000Z,0.00076,0x08883166cc38107ecf98e7b01bea7c904f481cae,buy,0x5ca9a71b1d01849c0a95490cc00559717fcf0d1d,0xbab202102f44cf098c073148d04b7f5d96958ababc0ef8e69f6f535b3cebf37b
57,50,0.038,0xc065170a270d5f29f78ba0542733e26aa2502689,2017-11-01T02:55:25.000Z,0.00076,0x08883166cc38107ecf98e7b01bea7c904f481cae,buy,0x5ca9a71b1d01849c0a95490cc00559717fcf0d1d,0xb98b9e7909c6d691e351726376a1f77391127b274ff65f4c0d9094c16c972d97
58,390,0.2964,0x40c276db8e457faadce59d7b3f71f596923b4af9,2017-11-01T02:52:21.000Z,0.00076,0x08883166cc38107ecf98e7b01bea7c904f481cae,buy,0x5ca9a71b1d01849c0a95490cc00559717fcf0d1d,0x2cc622d8bc920cad0a2f22c873477e960d41c565ae21f6ab83a0c54ac44645ef
59,6214.543,4.9716344,0x4d3e20eb41b24a87ef4d6e735b938620c5105eeb,2017-11-01T02:34:10.000Z,0.0008,0x22701cde349bc4cc64276676f827269b4bf1eb34,buy,0x5ca9a71b1d01849c0a95490cc00559717fcf0d1d,0x4242e3d19b7b361b19b5a49f3007bb638bd836ffd1f8450bfe0ac8940c5d8b12
60,3785.4567865742815,3.028365429259425,0x4929f899edbdb3dc6527712daf7e08c5af163f01,2017-11-01T01:49:59.000Z,0.0008,0x22701cde349bc4cc64276676f827269b4bf1eb34,buy,0x5ca9a71b1d01849c0a95490cc00559717fcf0d1d,0xe86914a50393946dbcae384a5db4612792b8318e8392e92b79d5b07f17fe45fb
61,206.9006436299319,0.1477314044652876,0x619741507837ec9c297cb9e7b9d07e433c247d09,2017-10-31T19:10:41.000Z,0.000714021,0x4b43041e418b16bb7dcf94a09f721cc73574fc04,sell,0x5ca9a71b1d01849c0a95490cc00559717fcf0d1d,0xe445d529f17f0ce79d7f7b80407db3d507552e080cd15925442bf643573859f5
62,92.211,0.07192458,0xff41f187213dcb08a3ec55d00e937911b80f77f7,2017-10-31T18:59:08.000Z,0.00078,0x4b43041e418b16bb7dcf94a09f721cc73574fc04,sell,0x5ca9a71b1d01849c0a95490cc00559717fcf0d1d,0xef514d826b4cf0049ee133e3746e7b1df66f974988548ec866536295ac2291ef
63,7.788854550892234,0.006075306549695942,0xff41f187213dcb08a3ec55d00e937911b80f77f7,2017-10-31T16:04:52.000Z,0.0007799999999999999,0x6c723da0e2243be0d60a23801c00039b98ce35d6,sell,0x5ca9a71b1d01849c0a95490cc00559717fcf0d1d,0x1866c4fe39f980db4ebd72c177f033bf2bf4726987b3404ee490120159230b8f
64,5,0.00415,0x367d4c0f20546e3c4a0f252fe8163bceb69d4cab,2017-10-31T16:03:21.000Z,0.00083,0x6c723da0e2243be0d60a23801c00039b98ce35d6,sell,0x5ca9a71b1d01849c0a95490cc00559717fcf0d1d,0x8d022981e23e6f88b9b84dcb46771a5e80d7f2d8d80dc0a7d8d76bed312cc41b
65,300,0.24,0x0ce361dcb9a24b6211b7ef736731087221e12d8c,2017-10-31T16:00:48.000Z,0.0008,0x3df86cefaecfaa31be2f74f8f832cb4ef62b79f8,sell,0x5ca9a71b1d01849c0a95490cc00559717fcf0d1d,0xe1d530d120765a2076b80aac8d9b68083d073ef73ca9eaff80c88342318024e2
66,380,0.304,0x11bbc285031c6cbdba65f7f18a03fae8094bfd69,2017-10-31T16:00:48.000Z,0.0008,0x3df86cefaecfaa31be2f74f8f832cb4ef62b79f8,sell,0x5ca9a71b1d01849c0a95490cc00559717fcf0d1d,0x13d1ce66a2d045540f18f76b70234d636521d10907811cb5ade8d9a3a5c568af
67,14.3768693918246,0.011789032901296173,0x1d5321e125f6c7079a716705541c7b371ca79e69,2017-10-31T15:39:58.000Z,0.00082,0x3df86cefaecfaa31be2f74f8f832cb4ef62b79f8,buy,0x5ca9a71b1d01849c0a95490cc00559717fcf0d1d,0x96e2d8c9fb7359a19fbee93b4b074bf5a2be9696f72efff140bb5d9ef0a28b9f
68,14.333867788459223,0.011897110264421154,0x1c5068e0d1031b3b0c4932f4c0b71708e17f1367,2017-10-31T15:39:58.000Z,0.00083,0x1d5321e125f6c7079a716705541c7b371ca79e69,sell,0x5ca9a71b1d01849c0a95490cc00559717fcf0d1d,0x96e2d8c9fb7359a19fbee93b4b074bf5a2be9696f72efff140bb5d9ef0a28b9f
69,220,0.18106,0xbfbdd7f780e8f8185051642cca63bdf74727e167,2017-10-31T15:38:58.000Z,0.000823,0x3df86cefaecfaa31be2f74f8f832cb4ef62b79f8,sell,0x5ca9a71b1d01849c0a95490cc00559717fcf0d1d,0xc874379f88f51061d895a5cfac65543a85aaf9942608b0ec96f52de19aa4ddc9
70,633,0.520959633,0x036c13cfa0f7f37f864872e10f32209944490c53,2017-10-31T15:38:29.000Z,0.000823001,0x3df86cefaecfaa31be2f74f8f832cb4ef62b79f8,sell,0x5ca9a71b1d01849c0a95490cc00559717fcf0d1d,0xc30de6505844a68c590d2e51cb8aeba07917d62aefbeae04b0c3c0b54b33a09f
71,2600,2.1398,0x2dfb6ab0e0cc50e42bf5f7f87262b27f4a7cde9e,2017-10-31T15:08:05.000Z,0.000823,0x3a73def5c97d90f86ebf559b543782ff74c959a5,sell,0x5ca9a71b1d01849c0a95490cc00559717fcf0d1d,0x44898f2e6828a218070a20e35346eaee3cd6682135cb204e8bda6f02444d2353
72,634.3975675406241,0.5271843786262586,0xeabb57ddb0e199650fb5f09e069ae7e12a951c1a,2017-10-31T15:06:43.000Z,0.000831,0x3a73def5c97d90f86ebf559b543782ff74c959a5,sell,0x5ca9a71b1d01849c0a95490cc00559717fcf0d1d,0x2012527a89b58449bbacb95b09b8e48896bed859d71f90f288651ebe0f3ef9a9
73,150,0.1349985,0x651264c2513774bd0d1b97c3418110b09f2fa0a7,2017-10-31T15:02:39.000Z,0.00089999,0x3a73def5c97d90f86ebf559b543782ff74c959a5,buy,0x5ca9a71b1d01849c0a95490cc00559717fcf0d1d,0x9ee4511184bdbedca25017faff5b980571076953646049f0626e205876831a50
74,4,0.00359996,0xef363244508c67f52560a6a7a3d66bad6100247e,2017-10-31T14:35:21.000Z,0.00089999,0x3a73def5c97d90f86ebf559b543782ff74c959a5,buy,0x5ca9a71b1d01849c0a95490cc00559717fcf0d1d,0x4175f4a7dd5bfb9b451b61df3edb4f47b1e741652015be26e8bf1a127ab2081d
75,1000,0.92,0xf533f835828925ac63680fe60e18289943afbd42,2017-10-31T14:02:56.000Z,0.00092,0x1ed6e4623c84d86a170b9a500a2e6ea1d29cd292,buy,0x5ca9a71b1d01849c0a95490cc00559717fcf0d1d,0xb2179ce25a03d047ae70e18b7e63ad251fabc1803af7100cfabae1a15dc5fffd
76,114.699,0.10437609,0xf533f835828925ac63680fe60e18289943afbd42,2017-10-31T14:02:34.000Z,0.00091,0x6e1801a6c4860f390d485ce43927cf2f140f07e5,buy,0x5ca9a71b1d01849c0a95490cc00559717fcf0d1d,0xf36c72791537582c03ddb6b9312eca147622299750f017a917b9303af11328a5
77,387.591778335005,0.34495668271815444,0xf533f835828925ac63680fe60e18289943afbd42,2017-10-31T14:02:13.000Z,0.00089,0xbe4736749ef1e1c1e686bb161fb17cdd4aea563e,buy,0x5ca9a71b1d01849c0a95490cc00559717fcf0d1d,0x7f21bf1e3ef5d263bc40bbe867feeba0466f6a7536a456866bb63e12904d3062
78,7600,6.688,0xf533f835828925ac63680fe60e18289943afbd42,2017-10-31T14:00:50.000Z,0.00088,0x6e1801a6c4860f390d485ce43927cf2f140f07e5,buy,0x5ca9a71b1d01849c0a95490cc00559717fcf0d1d,0xb9f5ec368911c68ac7b63eda46126d82ed5f80d39620796a272e289d07b979ba
79,1035.912,0.8805252,0xf533f835828925ac63680fe60e18289943afbd42,2017-10-31T13:59:39.000Z,0.00085,0x3a73def5c97d90f86ebf559b543782ff74c959a5,buy,0x5ca9a71b1d01849c0a95490cc00559717fcf0d1d,0x7758ff5c67948e572cf2a4a7755d857b2ce423e14d4bf3f2356b3ee39a69d433
80,10200,8.976,0xf533f835828925ac63680fe60e18289943afbd42,2017-10-31T13:52:01.000Z,0.00088,0x6e1801a6c4860f390d485ce43927cf2f140f07e5,buy,0x5ca9a71b1d01849c0a95490cc00559717fcf0d1d,0x02322da61c34fc20d63b341095d29e2a9ecd6c7b4224eb4514680b0cf145fea6
81,164.08764700570433,0.13947449995484867,0xf694ef95683407a0d71b02de80c44d3ac54919a7,2017-10-31T13:02:29.000Z,0.00085,0x3a73def5c97d90f86ebf559b543782ff74c959a5,buy,0x5ca9a71b1d01849c0a95490cc00559717fcf0d1d,0x81855a5c7aab4e6aa99b946c1e7ac0644cdc3e85fe7120fcfc0fba6f20006485
82,608,0.505248,0xeabb57ddb0e199650fb5f09e069ae7e12a951c1a,2017-10-31T12:59:14.000Z,0.000831,0x3a73def5c97d90f86ebf559b543782ff74c959a5,sell,0x5ca9a71b1d01849c0a95490cc00559717fcf0d1d,0x6699b78a156da54646c25a6bba25804dbca9902f6651ee4894c594c3390c4cbf
83,47.60243245937593,0.0395576213737414,0xeabb57ddb0e199650fb5f09e069ae7e12a951c1a,2017-10-31T12:46:56.000Z,0.000831,0x3849abe6e51232114e18d2ac76955bd14fd9c645,sell,0x5ca9a71b1d01849c0a95490cc00559717fcf0d1d,0x00cd43f2876dcb3613a3705b2b5becfc78915c4f25eca3992daf862dc334f5d9
84,100,0.088,0x651264c2513774bd0d1b97c3418110b09f2fa0a7,2017-10-31T11:11:39.000Z,0.00088,0x6e1801a6c4860f390d485ce43927cf2f140f07e5,buy,0x5ca9a71b1d01849c0a95490cc00559717fcf0d1d,0x01c42693bdc5e4812f48dacddbb18c62ddfcbdf27f7a729ae49e0d957201eb26
85,1135,0.9988,0xf533f835828925ac63680fe60e18289943afbd42,2017-10-31T10:57:12.000Z,0.00088,0xeabb57ddb0e199650fb5f09e069ae7e12a951c1a,sell,0x5ca9a71b1d01849c0a95490cc00559717fcf0d1d,0x5d26af1aea60ff211dc12dfd070d5411e532cb99942cf1405863b3afc8ea61c8
86,100,0.088,0x651264c2513774bd0d1b97c3418110b09f2fa0a7,2017-10-31T10:46:06.000Z,0.00088,0x6e1801a6c4860f390d485ce43927cf2f140f07e5,buy,0x5ca9a71b1d01849c0a95490cc00559717fcf0d1d,0xd007e8bea26b068f591039e646d348003c52328171e6f343d5f8d7804d84515f
87,0.6231306081754,0.000517198404785582,0x1c5068e0d1031b3b0c4932f4c0b71708e17f1367,2017-10-31T03:39:20.000Z,0.00083,0xe444a40689f51f63bcd29910622035707d533d29,sell,0x5ca9a71b1d01849c0a95490cc00559717fcf0d1d,0xed424f1343275b0deee35193466173c2120b58931cc2a787ad8a93d601f4e3bd
88,400,0.3292,0x2dfb6ab0e0cc50e42bf5f7f87262b27f4a7cde9e,2017-10-31T03:09:43.000Z,0.000823,0x961c26543da1b75dab96ae986a921fffc92cfa7e,sell,0x5ca9a71b1d01849c0a95490cc00559717fcf0d1d,0x789338fd321de14b9059b51c146d12f6afd3ed5cb7846975e1a0104c6fc90a47
89,410.237,0.342547895,0x2b501dd3fd1cc30114f1e2ccdec8080cd603137f,2017-10-31T01:52:53.000Z,0.000835,0xbaccfcfded9fcea89a5294cafdfb56e3284b2ba6,sell,0x5ca9a71b1d01849c0a95490cc00559717fcf0d1d,0xe0abd6fc17880be0539c5b6fc63f1bdf055347f4c8b5d792cf79fa0bb0d96fb5
90,136.35723389526328,0.11413100477033537,0x462cdf194d12c5168e804fe7d91e639fb3bed21d,2017-10-31T01:51:33.000Z,0.000837,0xbaccfcfded9fcea89a5294cafdfb56e3284b2ba6,sell,0x5ca9a71b1d01849c0a95490cc00559717fcf0d1d,0xeb168347f9d79e89af740556241024d83faaa1c9abd73a0fe734551053fd967c
91,60.227,0.050530453,0x462cdf194d12c5168e804fe7d91e639fb3bed21d,2017-10-31T01:48:54.000Z,0.000839,0xbaccfcfded9fcea89a5294cafdfb56e3284b2ba6,sell,0x5ca9a71b1d01849c0a95490cc00559717fcf0d1d,0x8840c2d32f957cdffc7b8b07d302abdaaf1cf525dca75793aa30c6a1c488b76d
92,200,0.1676,0x462cdf194d12c5168e804fe7d91e639fb3bed21d,2017-10-31T01:47:53.000Z,0.000838,0xbaccfcfded9fcea89a5294cafdfb56e3284b2ba6,sell,0x5ca9a71b1d01849c0a95490cc00559717fcf0d1d,0x80890200a288782c6ad0d5535be27fdba15d9dced02cfb2e3c083af997bd54e9
93,50,0.045,0x684562397249c51fefda988ec4efcbbc05816a4c,2017-10-31T01:01:56.000Z,0.0009,0xbaccfcfded9fcea89a5294cafdfb56e3284b2ba6,sell,0x5ca9a71b1d01849c0a95490cc00559717fcf0d1d,0x9e128042c0e40b016738f6df420d006e449c34fb32c52c8b5bd7e1e547dfebda
94,0.001,0.00000089,0x0c4085d8e714ca77ac5f46cd2b80a92d238a7cd3,2017-10-31T00:51:19.000Z,0.00089,0xbe4736749ef1e1c1e686bb161fb17cdd4aea563e,buy,0x5ca9a71b1d01849c0a95490cc00559717fcf0d1d,0x8ad025b388ed0ec329524ed3c057e07c9bd764d6bcd1047fe9adda3471ca921f
95,899.762734124215,0.7513018829937195,0x2b501dd3fd1cc30114f1e2ccdec8080cd603137f,2017-10-31T00:49:58.000Z,0.000835,0x1e1c41fc446112bde3d67d98fc942502a5534d9f,sell,0x5ca9a71b1d01849c0a95490cc00559717fcf0d1d,0x55a8c4c66bcb0dc24970ceaa925cd74757f1919c7e418d6cbbf49871050b1f9e
96,200,0.168,0x462cdf194d12c5168e804fe7d91e639fb3bed21d,2017-10-30T23:33:05.000Z,0.00084,0xbaccfcfded9fcea89a5294cafdfb56e3284b2ba6,sell,0x5ca9a71b1d01849c0a95490cc00559717fcf0d1d,0x196a86b25adf143df539958847d25e3593e130ff314f79b143579870c1c7e271
97,48.66494452433425,0.040927218344965106,0x453437f0ff9bb83fcb257363dbdcaea76b67e1ba,2017-10-30T23:31:44.000Z,0.000841,0xbaccfcfded9fcea89a5294cafdfb56e3284b2ba6,sell,0x5ca9a71b1d01849c0a95490cc00559717fcf0d1d,0xe395f335d5d4665ffaaa02bca8e06e3f77037ac160f4d19dde83920de36df5f0
98,200.213,0.168379133,0xabfe744984c759d9b711f9bae32d323b37eec27a,2017-10-30T22:53:57.000Z,0.000841,0x3a73def5c97d90f86ebf559b543782ff74c959a5,sell,0x5ca9a71b1d01849c0a95490cc00559717fcf0d1d,0xdb4e980dce67a677b85889c6494c33452e8d2ef92698cb2f89036bedf772add8
99,1119.476622470342,0.9425993161200279,0xb9e813007801fd095f6076a762c204e4887885d5,2017-10-30T22:53:57.000Z,0.000842,0x3a73def5c97d90f86ebf559b543782ff74c959a5,sell,0x5ca9a71b1d01849c0a95490cc00559717fcf0d1d,0x22c3b7e217a89459e749154db1afbd2ba357f8cfa54a0845f1215f69eb1a49f7
100,2799.7866029936517,2.354620533117661,0xabfe744984c759d9b711f9bae32d323b37eec27a,2017-10-30T22:41:53.000Z,0.000841,0x3a73def5c97d90f86ebf559b543782ff74c959a5,sell,0x5ca9a71b1d01849c0a95490cc00559717fcf0d1d,0x565cb6609cae150342960b2c6679c1638972ec4b097d2a10d46faef1f93d089f
101,80.52337752965806,0.06780068387997208,0xb9e813007801fd095f6076a762c204e4887885d5,2017-10-30T22:18:05.000Z,0.000842,0x1bf546e7e42ebc76c270f84dc9f5f3e2e8e7276d,sell,0x5ca9a71b1d01849c0a95490cc00559717fcf0d1d,0x89fa0cf9e458c2cb8650b5ef8669603023d1f392b5e724888aacd601cce81515
102,10,0.0089,0x1d5321e125f6c7079a716705541c7b371ca79e69,2017-10-30T17:52:58.000Z,0.00089,0xbe4736749ef1e1c1e686bb161fb17cdd4aea563e,buy,0x5ca9a71b1d01849c0a95490cc00559717fcf0d1d,0x78c63d00820430e079acb6f5fc3c76c1ecfaaed64dfcc7fbadf560a0fbd0994c
103,9.970089730807578,0.009072781655034895,0x453437f0ff9bb83fcb257363dbdcaea76b67e1ba,2017-10-30T17:52:58.000Z,0.00091,0x1d5321e125f6c7079a716705541c7b371ca79e69,sell,0x5ca9a71b1d01849c0a95490cc00559717fcf0d1d,0x78c63d00820430e079acb6f5fc3c76c1ecfaaed64dfcc7fbadf560a0fbd0994c
104,802.407221664995,0.7141424272818455,0xd445f61ebca3d6b4c57eef1f39fdab6595ef8972,2017-10-30T17:35:31.000Z,0.00089,0xbe4736749ef1e1c1e686bb161fb17cdd4aea563e,buy,0x5ca9a71b1d01849c0a95490cc00559717fcf0d1d,0x3be66b1816ffbd17018c64997f8a3389c08c7a3bee8daf28e555e322998989f0
105,800,0.7288,0xb9e813007801fd095f6076a762c204e4887885d5,2017-10-30T17:35:31.000Z,0.000911,0xd445f61ebca3d6b4c57eef1f39fdab6595ef8972,sell,0x5ca9a71b1d01849c0a95490cc00559717fcf0d1d,0x3be66b1816ffbd17018c64997f8a3389c08c7a3bee8daf28e555e322998989f0
106,39.7729646182279,0.03336951731469321,0x462cdf194d12c5168e804fe7d91e639fb3bed21d,2017-10-30T13:58:38.000Z,0.000839,0x3dee4a4e076e8d82859d241db0baf46f112cfa23,sell,0x5ca9a71b1d01849c0a95490cc00559717fcf0d1d,0xc8a7a6e73ffb37424b1251289f99256da69ad6ad29df4a58740b2130664944ac
107,1950,1.638,0x34a0e8081340d93aae4af9703742f358c43ec3a0,2017-10-30T12:29:34.000Z,0.00084,0x3a73def5c97d90f86ebf559b543782ff74c959a5,sell,0x5ca9a71b1d01849c0a95490cc00559717fcf0d1d,0x55455817b66f8df65598c922419cff71269021f8a2d9737684c4cfc9c4e1fbf9
108,3560,2.9904,0x11bbc285031c6cbdba65f7f18a03fae8094bfd69,2017-10-30T11:19:09.000Z,0.00084,0x3a73def5c97d90f86ebf559b543782ff74c959a5,sell,0x5ca9a71b1d01849c0a95490cc00559717fcf0d1d,0xddbbe7fb4c9b4992b39d0882295bcdfdf93288e9209b23920043a1b07e6b9416
109,2000,1.66,0x6f9fcac7ac5e87ec747d47e81a42e8ca6b73e95a,2017-10-30T10:58:30.000Z,0.00083,0xbaccfcfded9fcea89a5294cafdfb56e3284b2ba6,sell,0x5ca9a71b1d01849c0a95490cc00559717fcf0d1d,0x1f8a5ef0d48d7f4a560b787fd6f3da0dff9011e6afdb7d53abd5204dbd70a595
110,1200,1.021476,0xe18f24a2cf789b6a5f288622a0a18e9caa43eea3,2017-10-30T10:51:26.000Z,0.00085123,0xbaccfcfded9fcea89a5294cafdfb56e3284b2ba6,sell,0x5ca9a71b1d01849c0a95490cc00559717fcf0d1d,0xc6440514d5b7e4bd4e5621d197e93a9a6b92fcf52afe3eccd3ef360da6630ebc
111,39.87638321204267,0.03281830325989433,0x3dee4a4e076e8d82859d241db0baf46f112cfa23,2017-10-30T07:16:25.000Z,0.000823001,0x8cc4d8315e5c73276342c83bca878d5ebdcb644e,sell,0x5ca9a71b1d01849c0a95490cc00559717fcf0d1d,0x2b1b64ed9fb64c3a4f946c92ab60a492c1692e9d09d33ed579de29fe142e5ec0
112,0.4411544128674,0.000362628927377002,0x1c5068e0d1031b3b0c4932f4c0b71708e17f1367,2017-10-30T01:52:55.000Z,0.0008219999999999982,0x379374d13077e8867ef31803c37baf9785a17c00,sell,0x5ca9a71b1d01849c0a95490cc00559717fcf0d1d,0x6e8cc394fae12a88fcff16b4b5d18d37c5cc360d227124dca3f1449e3dc14ca2
113,0.4403788783826,0.000361991438030497,0x1c5068e0d1031b3b0c4932f4c0b71708e17f1367,2017-10-30T01:52:37.000Z,0.0008219999999999995,0x16e5d97bbc92417e051e3b2cabfbf8ceea2acb9c,sell,0x5ca9a71b1d01849c0a95490cc00559717fcf0d1d,0x27f8da6d2c17e9fa355fa80989e74b07f174ef6a2dfa1ff959dfc6e4fd333310
114,0.000822,0.822,0xeabb57ddb0e199650fb5f09e069ae7e12a951c1a,2017-10-29T20:33:09.000Z,1000,0x96373170538a83c7674ef92f41d195203a8abe09,sell,0x5ca9a71b1d01849c0a95490cc00559717fcf0d1d,0xc9de0b85ec43d88dcf3b6ef00c95a8da87617e449a882bd0e7adf4ff6988e3b4
115,1000,0.8999,0x2aff3281ba1c2f5b0fc7ef3583002ef2d62d173e,2017-10-29T19:54:11.000Z,0.0008999,0xeabb57ddb0e199650fb5f09e069ae7e12a951c1a,sell,0x5ca9a71b1d01849c0a95490cc00559717fcf0d1d,0x2624e1ad451888fd1ae4e01b70abb7047ba12f1c41004427d969238a1eca9dfa
116,1,0.0008999,0x0b773d7819259d78757b26dc4148812d35676d8f,2017-10-29T15:56:00.000Z,0.0008999,0x6e1801a6c4860f390d485ce43927cf2f140f07e5,buy,0x5ca9a71b1d01849c0a95490cc00559717fcf0d1d,0xcca9655ffc16d118aaab66f02e7636afb98f12fd9f2e550ba93592bd9d4f11c7
117,348.91835310537334,0.2864619678995115,0x1f9ba7ebe95836d829d901f6a774c25d2a5fae22,2017-10-29T15:51:02.000Z,0.000821,0x7530f85827154ce178ff6c0710af07520663f9d5,sell,0x5ca9a71b1d01849c0a95490cc00559717fcf0d1d,0x1d6f57b05eac88113e745dc012e1c2e6715f13dc7f40031934e8d2bd42d97b0a
118,850,0.70975,0x34a0e8081340d93aae4af9703742f358c43ec3a0,2017-10-29T15:11:31.000Z,0.000835,0x3a73def5c97d90f86ebf559b543782ff74c959a5,sell,0x5ca9a71b1d01849c0a95490cc00559717fcf0d1d,0x215596f6c2e85498635dbb5f53b4d8aa9167f43fa43a5cd42bd1227f7a11ce42
119,3778.408,3.4001893592,0xbc3e403236a5ae3751411391bab7db0406fad9e6,2017-10-29T14:31:10.000Z,0.0008999,0x3a73def5c97d90f86ebf559b543782ff74c959a5,sell,0x5ca9a71b1d01849c0a95490cc00559717fcf0d1d,0x3675515a474f5c2f0d462e22d909a274ab013ccfd7b5427883e5ecdfe263e9e7
120,1000,0.8999,0xbc3e403236a5ae3751411391bab7db0406fad9e6,2017-10-29T14:29:16.000Z,0.0008999,0x3a73def5c97d90f86ebf559b543782ff74c959a5,sell,0x5ca9a71b1d01849c0a95490cc00559717fcf0d1d,0x2f3fc0a8f4e680aed59a856b0dfd93ef09b2e058318c51daa07599c041b65117
121,280,0.251972,0x34a0e8081340d93aae4af9703742f358c43ec3a0,2017-10-29T14:07:14.000Z,0.0008999,0x6e1801a6c4860f390d485ce43927cf2f140f07e5,buy,0x5ca9a71b1d01849c0a95490cc00559717fcf0d1d,0xa660caf4edc5f5304e8862ed66b6da58d56887608c75231849cf24ebb243382e
122,250,0.224975,0x34a0e8081340d93aae4af9703742f358c43ec3a0,2017-10-29T13:58:29.000Z,0.0008999,0x6e1801a6c4860f390d485ce43927cf2f140f07e5,buy,0x5ca9a71b1d01849c0a95490cc00559717fcf0d1d,0x07709d096dcf7893bcc4f433301dd907b85145a4780316c0a3932855a1c51178
123,997.0203603411046,0.89721862227096,0xbc3e403236a5ae3751411391bab7db0406fad9e6,2017-10-29T13:53:53.000Z,0.0008999,0x6e1801a6c4860f390d485ce43927cf2f140f07e5,buy,0x5ca9a71b1d01849c0a95490cc00559717fcf0d1d,0x8439795886f8a0e3555b205f5ca2aeb83489aad0c64612ed4274dd056f8cb462
124,2891.654629319136,2.3740484506710104,0x1f9ba7ebe95836d829d901f6a774c25d2a5fae22,2017-10-29T13:05:03.000Z,0.000821,0x3a73def5c97d90f86ebf559b543782ff74c959a5,sell,0x5ca9a71b1d01849c0a95490cc00559717fcf0d1d,0x4a2eb78dcad89951be22785bb4acc7aea3a58b3a84900a8f3a314b615efd3d70
125,2433,1.999926,0x1c566c0e2306b486673d1bda54c79617d65f6602,2017-10-29T13:02:44.000Z,0.000822,0x3a73def5c97d90f86ebf559b543782ff74c959a5,sell,0x5ca9a71b1d01849c0a95490cc00559717fcf0d1d,0xf8927ade3d557b5c7ebf1bb6518005c4b4ab4fc212949b4142e7bf18d5e5fad9
126,1000,0.8999,0x1d886becdbe02398a9f9b6cf7feb55c1a9509e39,2017-10-29T12:42:42.000Z,0.0008999,0x6e1801a6c4860f390d485ce43927cf2f140f07e5,buy,0x5ca9a71b1d01849c0a95490cc00559717fcf0d1d,0xab545917b0b7888c79b94f622b439ce2c84b33a343732f356c39e0233c9044a4
127,40,0.036,0xb995d88b2cd680de5d6f8b7f28c5041d231c4ef0,2017-10-29T12:37:55.000Z,0.0009,0x3a73def5c97d90f86ebf559b543782ff74c959a5,buy,0x5ca9a71b1d01849c0a95490cc00559717fcf0d1d,0xbcb447f3154cd983a2b558b9a553ff0b443c2603cd04e942a4db4ce3a1545935
128,22,0.0198,0xf694ef95683407a0d71b02de80c44d3ac54919a7,2017-10-29T12:25:47.000Z,0.0009,0x3a73def5c97d90f86ebf559b543782ff74c959a5,buy,0x5ca9a71b1d01849c0a95490cc00559717fcf0d1d,0x99fa7e9af9f2ee056d0121943cf1c8b70706cea5e7f76590a696f902827856ed
129,0.2922914617937078,0.000263062315614337,0xf694ef95683407a0d71b02de80c44d3ac54919a7,2017-10-29T12:22:23.000Z,0.0009,0x3a73def5c97d90f86ebf559b543782ff74c959a5,buy,0x5ca9a71b1d01849c0a95490cc00559717fcf0d1d,0xa8540801458fa63ff32b3d4bf468b622f5d2f1d941f4496291ad43ebdb553163
130,31,0.0279,0xf694ef95683407a0d71b02de80c44d3ac54919a7,2017-10-29T12:08:26.000Z,0.0009,0x3a73def5c97d90f86ebf559b543782ff74c959a5,buy,0x5ca9a71b1d01849c0a95490cc00559717fcf0d1d,0xf985bc6aa335469bf65d39c9e60e9811692b897b0cbf5b050df1886881235828
131,930,0.76353,0x1f9ba7ebe95836d829d901f6a774c25d2a5fae22,2017-10-29T11:47:33.000Z,0.000821,0x3a73def5c97d90f86ebf559b543782ff74c959a5,sell,0x5ca9a71b1d01849c0a95490cc00559717fcf0d1d,0xc23b4ffb957db18ccfdeb600a733c5b0bdb5f416b75b89529afdd7e10e9174f6
132,1210,1.0043,0x45a0d44a0e7aa4768292d8ff74b364b574221829,2017-10-29T10:13:03.000Z,0.00083,0xef363244508c67f52560a6a7a3d66bad6100247e,sell,0x5ca9a71b1d01849c0a95490cc00559717fcf0d1d,0x0d2bfe16975d17587b9b2b42301e011a46ef71cc81cf91d4ebe4bfb9c308a581
133,1318.853506510161,1.0960991492605947,0x05538691ba01dbc144bd64133571d141650dcd26,2017-10-29T04:08:07.000Z,0.0008311,0x3df86cefaecfaa31be2f74f8f832cb4ef62b79f8,buy,0x5ca9a71b1d01849c0a95490cc00559717fcf0d1d,0xd0d072beac94ab55329349d06c37184040ed4439246d2c625b9a82a70dc52659
134,7730,6.53185,0x05538691ba01dbc144bd64133571d141650dcd26,2017-10-29T04:08:07.000Z,0.000845,0x6e1801a6c4860f390d485ce43927cf2f140f07e5,buy,0x5ca9a71b1d01849c0a95490cc00559717fcf0d1d,0xf97a161f7b3c279e93d80c4e20361a8048782f225b4987376cedae62b5b12e87
135,521.146493489839,0.4331248507394052,0x34a0e8081340d93aae4af9703742f358c43ec3a0,2017-10-29T04:02:40.000Z,0.0008311,0x3df86cefaecfaa31be2f74f8f832cb4ef62b79f8,buy,0x5ca9a71b1d01849c0a95490cc00559717fcf0d1d,0x9dbc66a0666d8cb82009a465a28515b9562df5dd25baaf4700196899ffcda608
136,6.5,0.0052,0x34a0e8081340d93aae4af9703742f358c43ec3a0,2017-10-29T04:00:06.000Z,0.0008,0xb35772d1ec873bfa74b3e30ca15e76b0ac275751,buy,0x5ca9a71b1d01849c0a95490cc00559717fcf0d1d,0xaf2b89c63b6e16ec19e9415f9785741a3c59996bcaafcfe551a25bb87e1ef403
137,1600.077,1.3298239947,0x44c00774cf5be0860e97470693e4f1a0bc48cb33,2017-10-29T01:35:07.000Z,0.0008311,0x3df86cefaecfaa31be2f74f8f832cb4ef62b79f8,buy,0x5ca9a71b1d01849c0a95490cc00559717fcf0d1d,0x366147f271ff278baa1959c565e64eaa5d96959fb69a08ff2aca7a7c21a76887
138,1000,0.70101,0x3dee4a4e076e8d82859d241db0baf46f112cfa23,2017-10-28T21:34:38.000Z,0.00070101,0x799671dd187ac29ae1f50f75e3e3fec2282471d7,sell,0x5ca9a71b1d01849c0a95490cc00559717fcf0d1d,0xb4daa55d4ab591e015e344cef6c2a8f322ea2ac63a8cc44f589aa1906b57b234
139,0.625,0.0005,0x34f9560c63078eb61872a4dc2ccd20e21c34feaf,2017-10-28T20:01:38.000Z,0.0008,0x863de0ea6ef7b3c70ff197570e333ca4bff3f068,buy,0x5ca9a71b1d01849c0a95490cc00559717fcf0d1d,0x22fb2581963109da633158c9d0f571fea2c79b274e3ef15f7e0fb75cda14753b
140,0.625,0.0005,0xe444a40689f51f63bcd29910622035707d533d29,2017-10-28T20:01:23.000Z,0.0008,0x863de0ea6ef7b3c70ff197570e333ca4bff3f068,buy,0x5ca9a71b1d01849c0a95490cc00559717fcf0d1d,0xc54c1297e5e4ae0c583b6fd22a4676262660b83bc90b88f608692357265640ab
141,2200,1.542222,0x3dee4a4e076e8d82859d241db0baf46f112cfa23,2017-10-28T19:51:53.000Z,0.00070101,0xe8894a5f4d74a5ea75f4a0c4067a7e5d8fc300f2,sell,0x5ca9a71b1d01849c0a95490cc00559717fcf0d1d,0x6bc80373c1ea2eee1d70e44153158c75dea9a0d358eda71f6b61328fa832ce65
142,109.758,0.0823185,0xa3d7dedda551204ccb03bd79aa87824cc453b8de,2017-10-28T19:48:11.000Z,0.00075,0xe8894a5f4d74a5ea75f4a0c4067a7e5d8fc300f2,sell,0x5ca9a71b1d01849c0a95490cc00559717fcf0d1d,0xdc80f06ce3d9b7583265dc2716ab92c729abc03fa4acddd74792bf91458582c7
143,121.6876171288704,0.09248380589411279,0x583b640795999aa2bb22c1a62a91336ff9d325bb,2017-10-28T19:47:04.000Z,0.00076001,0xe8894a5f4d74a5ea75f4a0c4067a7e5d8fc300f2,sell,0x5ca9a71b1d01849c0a95490cc00559717fcf0d1d,0x3b44b6e3f896c0879ddb4bd9fe7879354170b24bd4a54fff5cc1fa137576cd83
144,259.082,0.19949314,0x05538691ba01dbc144bd64133571d141650dcd26,2017-10-28T19:45:57.000Z,0.00077,0xe8894a5f4d74a5ea75f4a0c4067a7e5d8fc300f2,sell,0x5ca9a71b1d01849c0a95490cc00559717fcf0d1d,0x757067b1ddae0cd8bd0eb111b51b4b7943caac516f2ceb85bd4319bb63b1d9f8
145,230,0.17710023,0xb9f1a043bf2efc5820babadf1c244a378c577fa6,2017-10-28T19:44:51.000Z,0.000770001,0xe8894a5f4d74a5ea75f4a0c4067a7e5d8fc300f2,sell,0x5ca9a71b1d01849c0a95490cc00559717fcf0d1d,0x7d197a4d96414ae888b8b6c256a23abfb914ca5c0c66f2315f5e43cdcd734ff1
146,5382,3.939624,0xeabb57ddb0e199650fb5f09e069ae7e12a951c1a,2017-10-28T19:43:28.000Z,0.000732,0xe8894a5f4d74a5ea75f4a0c4067a7e5d8fc300f2,sell,0x5ca9a71b1d01849c0a95490cc00559717fcf0d1d,0x8559b835f93e1fd020af37e6309a0a7f69883307ebe49c6aab78069cfa6468d6
147,490.9178607235701,0.37800675275714896,0x05538691ba01dbc144bd64133571d141650dcd26,2017-10-28T16:46:34.000Z,0.00077,0x1ed014aec47fae44c9e55bac7662c0b78ae61798,sell,0x5ca9a71b1d01849c0a95490cc00559717fcf0d1d,0x247472d78ebbcc7efde7dc786f32b2cd4639d8233079a8735ed6fa0d4e62d2ce
148,690,0.58305,0x2d903b732b836b29dbad9523d25cb40fa70cc79d,2017-10-28T08:45:03.000Z,0.000845,0x6e1801a6c4860f390d485ce43927cf2f140f07e5,buy,0x5ca9a71b1d01849c0a95490cc00559717fcf0d1d,0x4643f747ebe652b7de47c6e2d698f4264e0a58967d80142fb57ad45b2545dd2d
149,1639.8648866015103,1.215139880971719,0x322ebf85955b119a0c30dc3040347a5ac704d152,2017-10-28T08:21:50.000Z,0.000741,0xe3036c2a94f6532f4e4a9e28394033b255365ed1,sell,0x5ca9a71b1d01849c0a95490cc00559717fcf0d1d,0x0c06f2dba793a778e27ea1490125c4addc0d273ddd558c9992fe40afe1306dbc
150,4.72852079812718,0.003596087352183701,0xcaeb48fd6741bd9c10872af91d3710ec8ee45a1a,2017-10-28T07:36:43.000Z,0.0007605099999999998,0x6f9fcac7ac5e87ec747d47e81a42e8ca6b73e95a,sell,0x5ca9a71b1d01849c0a95490cc00559717fcf0d1d,0xed7bba036812c7cc1b9c2bdd960ac8b76c9ac5f19c64279a634b0e087f14cf44
151,0.2714792018728201,0.000206462647816298,0xcaeb48fd6741bd9c10872af91d3710ec8ee45a1a,2017-10-28T04:56:52.000Z,0.0007605099999999985,0xbaccfcfded9fcea89a5294cafdfb56e3284b2ba6,sell,0x5ca9a71b1d01849c0a95490cc00559717fcf0d1d,0x8cf88e8eb9e80d29cfee152163b59764bfceb77be37f2c4edcc09a5adb7da349
152,2723.207873986258,2.042405905489694,0xa3d7dedda551204ccb03bd79aa87824cc453b8de,2017-10-28T04:56:27.000Z,0.00075,0xbaccfcfded9fcea89a5294cafdfb56e3284b2ba6,sell,0x5ca9a71b1d01849c0a95490cc00559717fcf0d1d,0x4a4fc07fe50299f8a1b6f7ecc69d7345784958fce9de876762c5fb34183a6a83
153,602.5707828414635,0.45831594,0x036c13cfa0f7f37f864872e10f32209944490c53,2017-10-28T04:56:14.000Z,0.000760601,0xbaccfcfded9fcea89a5294cafdfb56e3284b2ba6,sell,0x5ca9a71b1d01849c0a95490cc00559717fcf0d1d,0x4388c208d3e1ea89aaf12b0fe813981b0fcfc193fe1b7121c69ac322f7d7f832
154,11057.074,8.303862574,0x322ebf85955b119a0c30dc3040347a5ac704d152,2017-10-28T04:55:39.000Z,0.000751,0xbaccfcfded9fcea89a5294cafdfb56e3284b2ba6,sell,0x5ca9a71b1d01849c0a95490cc00559717fcf0d1d,0x8a926fd17f3d5eb1dfd502bf509378294125940c523b5074a42380240de3ee10
155,5986.804,4.532010628,0x336707214137ab2035aa724e0378baf0e50af962,2017-10-28T04:55:39.000Z,0.000757,0xbaccfcfded9fcea89a5294cafdfb56e3284b2ba6,sell,0x5ca9a71b1d01849c0a95490cc00559717fcf0d1d,0x307480a5ee1db0c6c00b7ca4ee3913b997ef1edbdf286edec95876152e9c898d
156,1221.652,0.919903956,0x322ebf85955b119a0c30dc3040347a5ac704d152,2017-10-28T04:55:39.000Z,0.000753,0xbaccfcfded9fcea89a5294cafdfb56e3284b2ba6,sell,0x5ca9a71b1d01849c0a95490cc00559717fcf0d1d,0xbc183937dcd3943b2cac230e362d934bc8803fb70966d8e1ea65f5975c869b8e
157,1000,0.757001,0x54409c45877a9877a724bdfc941dd5a16ac0f0c8,2017-10-28T04:55:39.000Z,0.000757001,0xbaccfcfded9fcea89a5294cafdfb56e3284b2ba6,sell,0x5ca9a71b1d01849c0a95490cc00559717fcf0d1d,0xdb230caac511eba9de1b8dee07d8aa6dcac567d6f821db99df226140f8e25476
158,660,0.50200326,0x036c13cfa0f7f37f864872e10f32209944490c53,2017-10-28T04:55:17.000Z,0.000760611,0xbaccfcfded9fcea89a5294cafdfb56e3284b2ba6,sell,0x5ca9a71b1d01849c0a95490cc00559717fcf0d1d,0x1b42fb97d15fcaa65a478cd0d06e9b4326bed9250d070ac584871f0fec5f7843
159,920.232,0.69938552232,0x583b640795999aa2bb22c1a62a91336ff9d325bb,2017-10-28T04:55:17.000Z,0.00076001,0xbaccfcfded9fcea89a5294cafdfb56e3284b2ba6,sell,0x5ca9a71b1d01849c0a95490cc00559717fcf0d1d,0x06fd8f760bb004efd91f423bdf21f94412eb2872f5e4334d4478855f6d63bcd2
160,679.1859177892497,0.5165888090705033,0x336707214137ab2035aa724e0378baf0e50af962,2017-10-28T04:55:17.000Z,0.0007606,0xbaccfcfded9fcea89a5294cafdfb56e3284b2ba6,sell,0x5ca9a71b1d01849c0a95490cc00559717fcf0d1d,0x864ab81482eaa4ab2808557bb716581bffd30f43e846a9932cb2fe703dda052b
161,1180,0.9971,0x34a0e8081340d93aae4af9703742f358c43ec3a0,2017-10-28T02:10:38.000Z,0.000845,0x6e1801a6c4860f390d485ce43927cf2f140f07e5,buy,0x5ca9a71b1d01849c0a95490cc00559717fcf0d1d,0xcb61f658c3c2861f8402a4707d11cbc0d3ea1916e177a6baf5f85ba0b7dc0431
162,19320.81408221075,14.695411190929496,0x336707214137ab2035aa724e0378baf0e50af962,2017-10-28T02:08:29.000Z,0.0007606,0xbaccfcfded9fcea89a5294cafdfb56e3284b2ba6,sell,0x5ca9a71b1d01849c0a95490cc00559717fcf0d1d,0xe2466a7509a5613942c8ac9c8d489aabe94bd282efc8e973a94ad19adc5e67bf
163,513,0.39501,0x22f685544f3e4c1fd952dda049f25c19aaa4f237,2017-10-28T02:04:23.000Z,0.00077,0xbaccfcfded9fcea89a5294cafdfb56e3284b2ba6,sell,0x5ca9a71b1d01849c0a95490cc00559717fcf0d1d,0xc645c395fe1cd5733c0e82f3def544e1d783aadf55b896bcbd151de955c97d72
164,45.611,0.0356039466,0x336707214137ab2035aa724e0378baf0e50af962,2017-10-28T02:04:16.000Z,0.0007806,0xbaccfcfded9fcea89a5294cafdfb56e3284b2ba6,sell,0x5ca9a71b1d01849c0a95490cc00559717fcf0d1d,0x3770a224dcf64a6d037e59a13d1bd21581a730858ef5ec60a963651d9593dd85
165,400,0.338,0x34a0e8081340d93aae4af9703742f358c43ec3a0,2017-10-28T02:02:42.000Z,0.000845,0x6e1801a6c4860f390d485ce43927cf2f140f07e5,buy,0x5ca9a71b1d01849c0a95490cc00559717fcf0d1d,0xf379f67d1522e81accbe26ce7a4aeb20b0671926c96ca2f5614036770b6cc93e
166,9954.388656035853,7.770395784901588,0x336707214137ab2035aa724e0378baf0e50af962,2017-10-28T01:51:02.000Z,0.0007806,0xbaccfcfded9fcea89a5294cafdfb56e3284b2ba6,sell,0x5ca9a71b1d01849c0a95490cc00559717fcf0d1d,0xe3ab4dabf1c76d3b7f844813eadbfbf62b96ecbbb222a88284a827eb0f5ab050
167,3853.6900138769815,2.917243340504875,0x336707214137ab2035aa724e0378baf0e50af962,2017-10-27T21:06:03.000Z,0.000757,0x3c3aef0043c8629556d0b20425aca08a1509d1dc,sell,0x5ca9a71b1d01849c0a95490cc00559717fcf0d1d,0x5914b657db41acf2709dc0a4ce1435428961940834b14464a66c89482208aed9
168,1703.09,1.2943484,0x9e74b8b6351c2d32e6b5e7f02f641187927dd329,2017-10-27T21:05:00.000Z,0.00076,0x3c3aef0043c8629556d0b20425aca08a1509d1dc,sell,0x5ca9a71b1d01849c0a95490cc00559717fcf0d1d,0x75cfd103979ac39de6e9aabc1ae2233b3c17d1393242b66419763a74448e6632
169,907.981,0.69007463981,0x583b640795999aa2bb22c1a62a91336ff9d325bb,2017-10-27T21:05:00.000Z,0.00076001,0x3c3aef0043c8629556d0b20425aca08a1509d1dc,sell,0x5ca9a71b1d01849c0a95490cc00559717fcf0d1d,0x44a97bb09654c8e6164d9d32a5bd407901dfd05328b8578f224005fef5693e82
170,0.0993828711296049,0.000075531975887211,0x583b640795999aa2bb22c1a62a91336ff9d325bb,2017-10-27T18:37:46.000Z,0.0007600099999999999,0xbb34bd34499f075f7b2dbb97a6094fd560eb1e5b,sell,0x5ca9a71b1d01849c0a95490cc00559717fcf0d1d,0x2be40f41065cbc86b2d869f98fab703bb033280dce3a87e35db870ea4bb2b0b2
171,996.9095803010667,0.7576512810288107,0x9e74b8b6351c2d32e6b5e7f02f641187927dd329,2017-10-27T18:36:20.000Z,0.00076,0xbb34bd34499f075f7b2dbb97a6094fd560eb1e5b,sell,0x5ca9a71b1d01849c0a95490cc00559717fcf0d1d,0x38ab3ade44947d9c9b5aa72b3ade2904909ced99a77e6aa463dfe9980e835a28
172,899.708,0.68377808,0x6965a6bb1da52e8678f1cc789492c9203226bf30,2017-10-27T17:35:18.000Z,0.00076,0xe56be81797e2616b7d4c57c892dbecda35045fa1,buy,0x5ca9a71b1d01849c0a95490cc00559717fcf0d1d,0xb91251abbe6229a68b57b312eb200e405fb85ef379840ec3f8128cadd9b6ee02
173,108,0.091476,0xf867ee2275f35da5a0db4a85dc6c8345b59cb91b,2017-10-27T11:29:17.000Z,0.000847,0x6e1801a6c4860f390d485ce43927cf2f140f07e5,buy,0x5ca9a71b1d01849c0a95490cc00559717fcf0d1d,0xe6c4185b89d1d07fe5b6057f1e4b39c0efd09028e9aa67742f4ea0e8646e234b
174,1200,1.0164,0xf867ee2275f35da5a0db4a85dc6c8345b59cb91b,2017-10-27T11:26:09.000Z,0.000847,0x6e1801a6c4860f390d485ce43927cf2f140f07e5,buy,0x5ca9a71b1d01849c0a95490cc00559717fcf0d1d,0x6fc980a7be9cdb2bd9cf84bac0328f7597ca814e45afdac4e1495304c855fd31
175,39.336,0.0334316664,0x67b12ec22e7898bc4eedf5290741df88e508f171,2017-10-27T10:27:29.000Z,0.0008499,0x6f9fcac7ac5e87ec747d47e81a42e8ca6b73e95a,sell,0x5ca9a71b1d01849c0a95490cc00559717fcf0d1d,0x027455df5a1c1d297b29a1466c4e886538f509dec3db61a6300d1ea129cfe31d
176,4400,3.73956,0x6f9fcac7ac5e87ec747d47e81a42e8ca6b73e95a,2017-10-27T09:45:13.000Z,0.0008499,0x6e1801a6c4860f390d485ce43927cf2f140f07e5,buy,0x5ca9a71b1d01849c0a95490cc00559717fcf0d1d,0x50c37b98ba407baa0ba0b42eb010cbffc5600497b568ff53b7a763fd028942c1
177,648.75,0.55130775,0x6f9fcac7ac5e87ec747d47e81a42e8ca6b73e95a,2017-10-27T09:44:43.000Z,0.0008498,0x2cf1bc72c2aa695e7f0dac1015cb8d108d43592e,buy,0x5ca9a71b1d01849c0a95490cc00559717fcf0d1d,0xc3cc6ce2e371924192b0504cc378fbf00c66155df85ce1f71ee5614d880a8184
178,885.9645452995713,0.7529812670501057,0x67b12ec22e7898bc4eedf5290741df88e508f171,2017-10-27T08:56:12.000Z,0.0008499,0x956dc60c714883c17a7d0828d2178d51c5e377e1,sell,0x5ca9a71b1d01849c0a95490cc00559717fcf0d1d,0x70b4d36858536cf472edce18cbc4c8d79a7d048bd2652fe47f3fce0a822ffce4
179,4974.6991082856275,4.227996772131955,0x67b12ec22e7898bc4eedf5290741df88e508f171,2017-10-27T08:47:45.000Z,0.0008499,0x3df86cefaecfaa31be2f74f8f832cb4ef62b79f8,sell,0x5ca9a71b1d01849c0a95490cc00559717fcf0d1d,0xb8f1e006600f47ff2a0afebef1d555d9f13579b07d5c7c281e689109e3958454
180,159.50553284817067,0.1207456883660652,0x336707214137ab2035aa724e0378baf0e50af962,2017-10-27T08:13:35.000Z,0.000757,0xe9fb24a2e690897465846563ed08051382621ef3,sell,0x5ca9a71b1d01849c0a95490cc00559717fcf0d1d,0x3b132832e012b4a9c951de32769608479ca2f7c2702f8df689483f9a5ae91589
181,650,0.5525,0x5b6cb5e6c9af1e2cc48105b2295024f3b508c85b,2017-10-27T02:10:43.000Z,0.00085,0xe56be81797e2616b7d4c57c892dbecda35045fa1,buy,0x5ca9a71b1d01849c0a95490cc00559717fcf0d1d,0x721b08c1635e98cf5488e1745fff6fce8820c35562ef03a7ae668bdcbc15dbe6
182,328.3920908396659,0.27913327721371606,0x34a0e8081340d93aae4af9703742f358c43ec3a0,2017-10-27T01:53:31.000Z,0.00085,0xe56be81797e2616b7d4c57c892dbecda35045fa1,buy,0x5ca9a71b1d01849c0a95490cc00559717fcf0d1d,0xae797cb3f6e657dfb279b79a76f0d2787f1fd6408775ab95bd8bd687344963fe
183,4649.1206755213125,3.8587701606826896,0x3df86cefaecfaa31be2f74f8f832cb4ef62b79f8,2017-10-26T17:34:48.000Z,0.00083,0xe56be81797e2616b7d4c57c892dbecda35045fa1,buy,0x5ca9a71b1d01849c0a95490cc00559717fcf0d1d,0xd8d78ecbd4a95c61da324786c768d7ad64f68072ebcd15e5480cda0c8d02620c
184,5000,4.15,0x3df86cefaecfaa31be2f74f8f832cb4ef62b79f8,2017-10-26T17:33:57.000Z,0.00083,0xe56be81797e2616b7d4c57c892dbecda35045fa1,buy,0x5ca9a71b1d01849c0a95490cc00559717fcf0d1d,0x3495f5af4a6a65660f8d509b08b24d6cfcb835043ff9dd2659119b6c3bcb61e0
185,0.7015986041874377,0.000596358813559322,0xb9f1a043bf2efc5820babadf1c244a378c577fa6,2017-10-26T17:31:11.000Z,0.00085,0x1d5321e125f6c7079a716705541c7b371ca79e69,sell,0x5ca9a71b1d01849c0a95490cc00559717fcf0d1d,0x7c49fb526a755fc4503f0fc760119c2e031e6fed6c48954b25a70dd963a007e3
186,0.7037034,0.000584073822,0x1d5321e125f6c7079a716705541c7b371ca79e69,2017-10-26T17:31:11.000Z,0.00083,0xe56be81797e2616b7d4c57c892dbecda35045fa1,buy,0x5ca9a71b1d01849c0a95490cc00559717fcf0d1d,0x7c49fb526a755fc4503f0fc760119c2e031e6fed6c48954b25a70dd963a007e3
187,7315,6.07145,0x3df86cefaecfaa31be2f74f8f832cb4ef62b79f8,2017-10-26T17:24:51.000Z,0.00083,0xe56be81797e2616b7d4c57c892dbecda35045fa1,buy,0x5ca9a71b1d01849c0a95490cc00559717fcf0d1d,0xd7fbabd10fc833283d46f85ce8e5f4a1947730ae419e874446bfca85bc85a7ba
188,600.6078210786874,0.4985044914953105,0x0d11b03220ed774e937bc9566c83c9be051ac8b1,2017-10-26T17:17:32.000Z,0.00083,0xe56be81797e2616b7d4c57c892dbecda35045fa1,buy,0x5ca9a71b1d01849c0a95490cc00559717fcf0d1d,0x0b027ca4281cf110fa040a1677b67cee99e39efeb75e3b827f2e06600a96d070
189,1500,1.245,0xdb95ffc525554da455565b6f68c2c3b0b74e8a16,2017-10-26T17:12:04.000Z,0.00083,0xe56be81797e2616b7d4c57c892dbecda35045fa1,buy,0x5ca9a71b1d01849c0a95490cc00559717fcf0d1d,0xb193517e618e6013f0c58202fa0f92627803b9b50b66cfa61eea1f5b2e7bb5d1
190,0.816501830506488,0.000677696519320384,0x057945a7d42cce6f453a99b93e340ef7f00d3d1c,2017-10-26T15:53:47.000Z,0.0008299999999999988,0xb9f1a043bf2efc5820babadf1c244a378c577fa6,sell,0x5ca9a71b1d01849c0a95490cc00559717fcf0d1d,0x87e7161309267ab8d332d38e35f5ed2e762b3193f712c9c3f944ddb940518164
191,6,0.00498006,0xcaeb48fd6741bd9c10872af91d3710ec8ee45a1a,2017-10-26T15:53:34.000Z,0.00083001,0xb9f1a043bf2efc5820babadf1c244a378c577fa6,sell,0x5ca9a71b1d01849c0a95490cc00559717fcf0d1d,0x1c82d508604792b3ca9f1e757a73e4335a2791a032e49ab399f48b2d86f0f32c
192,700,0.581,0xdb95ffc525554da455565b6f68c2c3b0b74e8a16,2017-10-26T15:52:20.000Z,0.00083,0xe56be81797e2616b7d4c57c892dbecda35045fa1,buy,0x5ca9a71b1d01849c0a95490cc00559717fcf0d1d,0x4d373ded04a7dd45f393ec48d876f03b7788fba9628a0435ec86fbd106ea2a02
193,219,0.1817919,0x057945a7d42cce6f453a99b93e340ef7f00d3d1c,2017-10-26T15:46:38.000Z,0.0008301,0xb9f1a043bf2efc5820babadf1c244a378c577fa6,sell,0x5ca9a71b1d01849c0a95490cc00559717fcf0d1d,0xcaba238a3fe1deb99b6bf591dd0a4d99437f18bd8292cceac1272de1046346c6
194,233.8640966,0.19878448211,0xb9f1a043bf2efc5820babadf1c244a378c577fa6,2017-10-26T15:33:09.000Z,0.00085,0xd53955fa72ae2844f9add18bb455898af8e470f1,sell,0x5ca9a71b1d01849c0a95490cc00559717fcf0d1d,0x4c310a5a17fa74cb2b6cd8515bb18518264fb14348351959bb30ea6b8c50ec4d
195,234.5678,0.194691274,0xd53955fa72ae2844f9add18bb455898af8e470f1,2017-10-26T15:33:09.000Z,0.00083,0xe56be81797e2616b7d4c57c892dbecda35045fa1,buy,0x5ca9a71b1d01849c0a95490cc00559717fcf0d1d,0x4c310a5a17fa74cb2b6cd8515bb18518264fb14348351959bb30ea6b8c50ec4d
196,100,0.08,0x28ef6c0161667aac9268f93250a7798591c428ff,2017-10-26T12:27:11.000Z,0.0008,0x00ffde76efa9b8a8688a96112ebd0223b7fe7bd1,sell,0x5ca9a71b1d01849c0a95490cc00559717fcf0d1d,0xa38bfc3be13e297879ab97a69ba12c4a48e470e10b673c77d1bddf80cabfd1d3
197,500,0.415005,0xe121cb63c3f6e80eb2600532d43ebbad54ddb61a,2017-10-26T12:27:00.000Z,0.00083001,0x00ffde76efa9b8a8688a96112ebd0223b7fe7bd1,sell,0x5ca9a71b1d01849c0a95490cc00559717fcf0d1d,0xc45e21827d2fbe1cdb644ba3b5ec2ecb5eccdb858839bda93c0ed65e69af0065
198,500,0.45,0xe121cb63c3f6e80eb2600532d43ebbad54ddb61a,2017-10-26T04:54:56.000Z,0.0009,0xe8894a5f4d74a5ea75f4a0c4067a7e5d8fc300f2,sell,0x5ca9a71b1d01849c0a95490cc00559717fcf0d1d,0x40b1671505eaa709ed4693c4a583b390a3c7aea0401e1e5910a29317bab30e93
199,292.6806898614296,0.24292497258498655,0x057945a7d42cce6f453a99b93e340ef7f00d3d1c,2017-10-26T01:38:19.000Z,0.00083,0x048942b623c64cbad213a69835ccd6beedaca173,sell,0x5ca9a71b1d01849c0a95490cc00559717fcf0d1d,0xabfed6bff9b7ed4f4fd144c464eb88e96c714b680cb52651a5dc8ee0a39eccd8
200,46,0.039192,0xe0a5e728e6a38940f0c940bf59fa524d8956f7bd,2017-10-26T01:29:10.000Z,0.000852,0x048942b623c64cbad213a69835ccd6beedaca173,sell,0x5ca9a71b1d01849c0a95490cc00559717fcf0d1d,0x2c64feb2dc6e28a8bddb2958242971430a552c9ba074b7b910979e91aa5ec966
201,11,0.0099,0x98ba59be73e20d3cc86d5759766ad80930e2f85c,2017-10-25T22:26:29.000Z,0.0009,0x048942b623c64cbad213a69835ccd6beedaca173,buy,0x5ca9a71b1d01849c0a95490cc00559717fcf0d1d,0x2d44b7167755148aaadcf528bb8d2df1162e9d93cf759098e7bfbbaf4c6b2179
202,198.7759650173812,0.168959570264774,0xe0a5e728e6a38940f0c940bf59fa524d8956f7bd,2017-10-25T08:03:56.000Z,0.00085,0x3dee4a4e076e8d82859d241db0baf46f112cfa23,sell,0x5ca9a71b1d01849c0a95490cc00559717fcf0d1d,0x8cea0e23942bb81148fd58f462b3859f05b8c4b4cd142cb39400eaa0d28d0b93
203,145,0.1305,0x832030c575d60f5334eebaf6f84c8c891e63490f,2017-10-25T05:55:59.000Z,0.0009,0x3df86cefaecfaa31be2f74f8f832cb4ef62b79f8,buy,0x5ca9a71b1d01849c0a95490cc00559717fcf0d1d,0xa7dd9a92422b0637593373096c2e46834485875dd4890705e19319feece64882
204,199.39185633288977,0.15552764185821735,0x3dee4a4e076e8d82859d241db0baf46f112cfa23,2017-10-25T05:34:34.000Z,0.00078001,0x9822d473b37741449b7e3b956c3e537792fbca46,sell,0x5ca9a71b1d01849c0a95490cc00559717fcf0d1d,0xf32f797cdcda37b33d7b06c16b33c9ce486cb8c23074ab5fb7816c084e94c6df
205,2215.381011533769,1.9938429103803923,0xbe856c2de4731b0eb1f03bec519d41e65eeb6246,2017-10-25T05:19:05.000Z,0.0009,0x3df86cefaecfaa31be2f74f8f832cb4ef62b79f8,buy,0x5ca9a71b1d01849c0a95490cc00559717fcf0d1d,0xd2c9c5ea7621789490c2f96269014ce289f9825eee755ede635c892b83ccedca
206,264.70447301625205,0.23823402571462685,0xbe856c2de4731b0eb1f03bec519d41e65eeb6246,2017-10-25T05:02:57.000Z,0.0009,0x3df86cefaecfaa31be2f74f8f832cb4ef62b79f8,buy,0x5ca9a71b1d01849c0a95490cc00559717fcf0d1d,0x2061085e4e7124e52ccaebfbd14d5d70f66660f88a70a63f93ccbc1714ce4229
207,180.86,0.1609654,0xbe856c2de4731b0eb1f03bec519d41e65eeb6246,2017-10-25T04:46:54.000Z,0.00089,0x3dee4a4e076e8d82859d241db0baf46f112cfa23,buy,0x5ca9a71b1d01849c0a95490cc00559717fcf0d1d,0xd5ea6af50092886a5ff48c767a986372b36709b530ceae60021f51cc087cf9c0
208,5,0.0041,0xedf5de3807d23e5d85b0caa1e10d52b85c2a6965,2017-10-25T01:50:36.000Z,0.00082,0x3dee4a4e076e8d82859d241db0baf46f112cfa23,buy,0x5ca9a71b1d01849c0a95490cc00559717fcf0d1d,0x58b4f25ba9c90dafac70bb86d42442d05e1ec36e4f60a1af0652c5a32e2d532e
209,0.02380219763554037,0.000018565714155721,0xe0a5e728e6a38940f0c940bf59fa524d8956f7bd,2017-10-25T01:48:54.000Z,0.0007799999999999794,0xbc8fdeb530a215ca8c1b69c29ab6192b6351ee1b,sell,0x5ca9a71b1d01849c0a95490cc00559717fcf0d1d,0xf425f536ea171df48a5f5cc61392c9071b644f976df93877957360b787326623
210,238.75984448210548,0.18623267869604226,0xe0a5e728e6a38940f0c940bf59fa524d8956f7bd,2017-10-25T01:47:13.000Z,0.00078,0xbc8fdeb530a215ca8c1b69c29ab6192b6351ee1b,sell,0x5ca9a71b1d01849c0a95490cc00559717fcf0d1d,0xd826dd1d589cac688f3267742962f1cccf84a02f0362051b233081479a043595
211,1000,0.785,0x6d30dfb392ae802411fb035a84e534c71387caf9,2017-10-25T01:46:58.000Z,0.000785,0xbc8fdeb530a215ca8c1b69c29ab6192b6351ee1b,sell,0x5ca9a71b1d01849c0a95490cc00559717fcf0d1d,0xf8099bf1e831e0ac8f20caeae8f6956b4270d6d0a413dc99d0e031d98aadd699
212,2500,1.9625,0x69f79acb7542a6a387e358a5c64e176e5e2f370f,2017-10-25T01:46:36.000Z,0.000785,0xbc8fdeb530a215ca8c1b69c29ab6192b6351ee1b,sell,0x5ca9a71b1d01849c0a95490cc00559717fcf0d1d,0x3eb353cd0611f8f8f23473c2fcff4a1607f363b4098fa8195207ac6032627229
213,49.49755077744519,0.04058799163750506,0x80614285b6c3e9718dc91d531994862109b2f62f,2017-10-25T00:25:21.000Z,0.00082,0x3dee4a4e076e8d82859d241db0baf46f112cfa23,buy,0x5ca9a71b1d01849c0a95490cc00559717fcf0d1d,0xa4e036c08341e3b6324ad33938548ebc1878f5d37a64a02d8191adae6ee43faf
214,1200,0.984,0x541e350501dd562d2e6d61ef0b60050eb11c09e7,2017-10-24T21:36:29.000Z,0.00082,0x3dee4a4e076e8d82859d241db0baf46f112cfa23,buy,0x5ca9a71b1d01849c0a95490cc00559717fcf0d1d,0x5341ff34db93d5e9bf0a784689bd7ab5f592504ebab78a8d5bf4a6c202915255
215,760.6420097697139,0.5727634333565945,0x322ebf85955b119a0c30dc3040347a5ac704d152,2017-10-24T19:32:55.000Z,0.000753,0x17446a88011069e5653db173413e89438c1af750,sell,0x5ca9a71b1d01849c0a95490cc00559717fcf0d1d,0xbfe39f1b149f14523e979695717379288262fdf7f97c003bffa1215794d381b1
216,0.30477821579231423,0.000229497996491612,0x3162f2032ddce11a87098cc13fcc6117ebe92f95,2017-10-24T19:18:15.000Z,0.0007529999999999979,0x5ee46c2637595728d99545669e3e1f1faa1417e5,sell,0x5ca9a71b1d01849c0a95490cc00559717fcf0d1d,0x97ebf128a731cd6e83b993b90a250bc656bd4912d9ec5fb0ac6541ae1e16ff7b
217,564.716,0.425231148,0x322ebf85955b119a0c30dc3040347a5ac704d152,2017-10-24T19:17:21.000Z,0.000753,0x5ee46c2637595728d99545669e3e1f1faa1417e5,sell,0x5ca9a71b1d01849c0a95490cc00559717fcf0d1d,0xb4dac55e8601c06e8dcc63e1393bbf0869debdf14a0efbb86cbdc0463f50abd9
218,21.33159704914777,0.01608402417505742,0xc1c910aea55c820024ed468c6e6b82230c66af13,2017-10-24T19:15:43.000Z,0.000754,0x5ee46c2637595728d99545669e3e1f1faa1417e5,sell,0x5ca9a71b1d01849c0a95490cc00559717fcf0d1d,0x4e5ba01a1f7ccf6545411bca05b2525ac5dc173d777b4db4db17b3b98565c1e9
219,2801.356187415562,2.103818496749087,0x739c5f6d73d483705a08f9a52c7cd61c7933573e,2017-10-24T19:15:29.000Z,0.000751,0x7c73b0a08ebb4e4c4cdce5f469e0ec4e8c788d84,buy,0x5ca9a71b1d01849c0a95490cc00559717fcf0d1d,0x9cf7d965f90d2fc9de041845b2b49cc4c56c96d6da79016e874311bb25d0e0ee
220,0.05862355092390013,0.000044026286743849,0x5ee46c2637595728d99545669e3e1f1faa1417e5,2017-10-24T19:15:06.000Z,0.000751,0x7c73b0a08ebb4e4c4cdce5f469e0ec4e8c788d84,buy,0x5ca9a71b1d01849c0a95490cc00559717fcf0d1d,0x899cd8ab5eddf541e68aac735c6e49951b10a57da1eed50392b6384b58e045b7
221,588.0528393176326,0.44162768232754207,0x5ee46c2637595728d99545669e3e1f1faa1417e5,2017-10-24T19:13:31.000Z,0.000751,0x7c73b0a08ebb4e4c4cdce5f469e0ec4e8c788d84,buy,0x5ca9a71b1d01849c0a95490cc00559717fcf0d1d,0x13c4256fa49e18c25f0cea578aaf007d9bea343d13d52866555017f73572dfcb
222,7089.200752666733,5.345257367510717,0xc1c910aea55c820024ed468c6e6b82230c66af13,2017-10-24T19:13:28.000Z,0.000754,0x7aa6e2506316f6d613277d4f2f4e4e1dc55e528e,sell,0x5ca9a71b1d01849c0a95490cc00559717fcf0d1d,0x60edf9627e7aa2760b7fcf370ce866612c079a6766503265af1c833b410581c2
223,7110.5323497158815,5.340009794636627,0x7aa6e2506316f6d613277d4f2f4e4e1dc55e528e,2017-10-24T19:13:28.000Z,0.000751,0x7c73b0a08ebb4e4c4cdce5f469e0ec4e8c788d84,buy,0x5ca9a71b1d01849c0a95490cc00559717fcf0d1d,0x60edf9627e7aa2760b7fcf370ce866612c079a6766503265af1c833b410581c2
224,1139.4676502841191,0.8591586083142259,0xc1c910aea55c820024ed468c6e6b82230c66af13,2017-10-24T19:09:39.000Z,0.000754,0x4c3bb0a99e2d3ee8e75dd6880288c8f9d30541b1,sell,0x5ca9a71b1d01849c0a95490cc00559717fcf0d1d,0xa5b6e5f1e603750d493f0a02aef742404f87af7e958f7dd5180ce54a2ac102cd
225,364.73271718192444,0.2990808280891781,0x6b5b39d1726523d829e589945c6eeb9b3e8a3296,2017-10-24T19:00:46.000Z,0.00082,0x3dee4a4e076e8d82859d241db0baf46f112cfa23,buy,0x5ca9a71b1d01849c0a95490cc00559717fcf0d1d,0x76a3e992d080146a2e2b6356095beac9f67a5727434ac298d7bcf9e88257e5f6
226,0.2933830909418012,0.000220917467479176,0x322ebf85955b119a0c30dc3040347a5ac704d152,2017-10-24T17:41:38.000Z,0.000752999999999999,0xf142f26d1cac4ba8a6e6d7974d243eda2fe5f4f9,sell,0x5ca9a71b1d01849c0a95490cc00559717fcf0d1d,0x9e0c8ab62bfeaae4017774515d6d324eb8d72aa0444b1f337232eeac423172e8
227,559,0.414219,0x322ebf85955b119a0c30dc3040347a5ac704d152,2017-10-24T17:32:34.000Z,0.000741,0xc30ff49429b3077fc2b9a910b072f2300dc41b9a,sell,0x5ca9a71b1d01849c0a95490cc00559717fcf0d1d,0xb500fca09a76e9edec3def81a04895ac7a724f8cc2e5d5a16a906468d85eef4b
228,2942.925785237208,2.210137264713143,0x322ebf85955b119a0c30dc3040347a5ac704d152,2017-10-24T17:31:36.000Z,0.000751,0xf142f26d1cac4ba8a6e6d7974d243eda2fe5f4f9,sell,0x5ca9a71b1d01849c0a95490cc00559717fcf0d1d,0xbd3c19fcb53fdde80148a0e16eb973e9ee6a1e3fdbb07a3ab6e53fb66931848a
229,1566.3258531403533,1.1796,0xe3373204b7c661d18cab875bd76626ff3233698f,2017-10-24T17:31:05.000Z,0.0007531,0xc30ff49429b3077fc2b9a910b072f2300dc41b9a,sell,0x5ca9a71b1d01849c0a95490cc00559717fcf0d1d,0x3f558dd18a398a25a0e1376d47c49693656f97822de5b1fd48b20a2a6359945c
230,11152.696540164485,8.397980494743857,0x322ebf85955b119a0c30dc3040347a5ac704d152,2017-10-24T17:31:05.000Z,0.000753,0x669f0ab96fd3beb68bc836bb874894bbb516331a,sell,0x5ca9a71b1d01849c0a95490cc00559717fcf0d1d,0xf7efcb442c1aab02a331c57a271afa277c3ecea317bf313e8dfb9c461d0e60b6
231,2667.0340536356566,2.0002755402267427,0xa3d7dedda551204ccb03bd79aa87824cc453b8de,2017-10-24T17:31:05.000Z,0.00075,0xbbe8a82dc936ac8a7f188624e42a1253dbb279ec,sell,0x5ca9a71b1d01849c0a95490cc00559717fcf0d1d,0xce559ef7fba59a9a123a09dfd6c6cf28d8926962c144a3204f13d8e148fcbed6
232,10,0.00921002,0xcaeb48fd6741bd9c10872af91d3710ec8ee45a1a,2017-10-24T17:30:27.000Z,0.000921002,0xf142f26d1cac4ba8a6e6d7974d243eda2fe5f4f9,sell,0x5ca9a71b1d01849c0a95490cc00559717fcf0d1d,0x06d76fb0d64b7fb44b42d8bcf58707696d0bd7f11018ade395f2134f16134e55
233,50.289,0.045964246578,0x9ba6f2851c8afe6be654fbd4c3dc7e9e64cffe53,2017-10-24T17:30:27.000Z,0.000914002,0xf142f26d1cac4ba8a6e6d7974d243eda2fe5f4f9,sell,0x5ca9a71b1d01849c0a95490cc00559717fcf0d1d,0x598907879ff328968aaa0e74c188ecbe36db8aea2c2116f31528d932c0f989af
234,15,0.013815,0xff41f187213dcb08a3ec55d00e937911b80f77f7,2017-10-24T17:30:27.000Z,0.000921,0xf142f26d1cac4ba8a6e6d7974d243eda2fe5f4f9,sell,0x5ca9a71b1d01849c0a95490cc00559717fcf0d1d,0x54ea557090e8dd8b37671993876623eeff0b24d819448893f88a1f55615b8e3d
235,3000,2.2599,0xe3373204b7c661d18cab875bd76626ff3233698f,2017-10-24T17:30:10.000Z,0.0007533,0xf142f26d1cac4ba8a6e6d7974d243eda2fe5f4f9,sell,0x5ca9a71b1d01849c0a95490cc00559717fcf0d1d,0x2cd26a3be4af9236f764c6e0ad4a929b0b510428510c3ff7349f8249a16624cc
236,50,0.0461001,0x9ba6f2851c8afe6be654fbd4c3dc7e9e64cffe53,2017-10-24T17:30:10.000Z,0.000922002,0xf142f26d1cac4ba8a6e6d7974d243eda2fe5f4f9,sell,0x5ca9a71b1d01849c0a95490cc00559717fcf0d1d,0x16193f2d994c6eb2831b7b92542ad7b928b399e74515573b3e03a657d96df4f6
237,261,0.209322,0x813bb360606cd236b5c2bdd30863088c726a18ac,2017-10-24T17:30:10.000Z,0.000802,0xf142f26d1cac4ba8a6e6d7974d243eda2fe5f4f9,sell,0x5ca9a71b1d01849c0a95490cc00559717fcf0d1d,0xb2a0ed982a450e0dcd8fa8e816adff4c503e24c2d89434e58572f5c17c35e5b4
238,10000,8.01,0x7c2b0444614da1808d2716622184a4bf02ff29df,2017-10-24T17:29:06.000Z,0.000801,0x669f0ab96fd3beb68bc836bb874894bbb516331a,sell,0x5ca9a71b1d01849c0a95490cc00559717fcf0d1d,0x6cefd23ceb39757c4f08fb6897553d7bb17fe1c9941fa08f3240740d6e3c8445
239,1800,1.441818,0x3dee4a4e076e8d82859d241db0baf46f112cfa23,2017-10-24T17:29:06.000Z,0.00080101,0x669f0ab96fd3beb68bc836bb874894bbb516331a,sell,0x5ca9a71b1d01849c0a95490cc00559717fcf0d1d,0xfcd4336dd28bc65fd5476983267489244290c275eed3873d807550387e442830
240,3400,2.856,0x0bbbedfbc145ec0618e9d3f6e29f37707648d70f,2017-10-24T17:28:32.000Z,0.00084,0x669f0ab96fd3beb68bc836bb874894bbb516331a,sell,0x5ca9a71b1d01849c0a95490cc00559717fcf0d1d,0xe567b7db73fb232b19890777da6a71114d3314b89c18e367588818ccd0a39d84
241,1000,0.900002,0x91c0b2dbc4bedb55a85f088ca863f4f112576120,2017-10-24T17:28:14.000Z,0.000900002,0x669f0ab96fd3beb68bc836bb874894bbb516331a,sell,0x5ca9a71b1d01849c0a95490cc00559717fcf0d1d,0x2717ef287ac461b3b41dcfd259ef16faff580de76b61c7e406019567dfe5a4c8
242,2000,1.821,0x30e346633e166710a11f51031ca77e5dfe952153,2017-10-24T17:28:14.000Z,0.0009105,0x669f0ab96fd3beb68bc836bb874894bbb516331a,sell,0x5ca9a71b1d01849c0a95490cc00559717fcf0d1d,0xaead1769b7d4799bae709182e650622dfecd2fd4d2dace46172d6c804dfa5b2c
243,3954.142,3.9098556096,0x58a8f5137694edd08964b5268f2e7a6ac514e19b,2017-10-24T11:31:02.000Z,0.0009888,0x3a73def5c97d90f86ebf559b543782ff74c959a5,buy,0x5ca9a71b1d01849c0a95490cc00559717fcf0d1d,0xc775777010ef6bdb25dab8b3e97e0cbc0d363155cd04bbb1a5efed031a4b9e78
244,2478.896,2.426839184,0x0bbbedfbc145ec0618e9d3f6e29f37707648d70f,2017-10-24T11:11:23.000Z,0.000979,0xc30ff49429b3077fc2b9a910b072f2300dc41b9a,buy,0x5ca9a71b1d01849c0a95490cc00559717fcf0d1d,0x0adcb5c1daaf9c7c80678c92f1a45ddb00320770008f63de573b3359bc60aef2
245,99.71087521719978,0.09113593937027104,0x9ba6f2851c8afe6be654fbd4c3dc7e9e64cffe53,2017-10-24T08:59:50.000Z,0.000914002,0x9822d473b37741449b7e3b956c3e537792fbca46,sell,0x5ca9a71b1d01849c0a95490cc00559717fcf0d1d,0xa77abf7476d8ce8c6f6f859de412a7202bab2a1452a5ce24d74e400ca14f2e23
246,80.75563010642675,0.07978656254514964,0x6b5b39d1726523d829e589945c6eeb9b3e8a3296,2017-10-24T06:57:51.000Z,0.000988,0x583b640795999aa2bb22c1a62a91336ff9d325bb,buy,0x5ca9a71b1d01849c0a95490cc00559717fcf0d1d,0xf3741c79be36fe50dee010591dd17c7cbd1c812ba239b1855049e383b40afa2b
247,339.0427946754617,0.3390088903959942,0x6b5b39d1726523d829e589945c6eeb9b3e8a3296,2017-10-24T06:48:18.000Z,0.0009999,0x6e1801a6c4860f390d485ce43927cf2f140f07e5,buy,0x5ca9a71b1d01849c0a95490cc00559717fcf0d1d,0x7bfbaa7053e04182b4e700f5ae7e52589b9952fc93b58866da49aba1c014309e
248,100,0.0924002,0x9ba6f2851c8afe6be654fbd4c3dc7e9e64cffe53,2017-10-24T06:42:57.000Z,0.000924002,0x3a73def5c97d90f86ebf559b543782ff74c959a5,sell,0x5ca9a71b1d01849c0a95490cc00559717fcf0d1d,0xfeb1b19ccc9d968aa4a2da59cc0b3d5e145e66b7912f227f01a2cabaa3a76f51
249,985.9567317880397,0.9080671359335164,0x5918c0ba4c600b617fe376d1408c9a5132707ba1,2017-10-24T06:41:40.000Z,0.000921001,0x3a73def5c97d90f86ebf559b543782ff74c959a5,sell,0x5ca9a71b1d01849c0a95490cc00559717fcf0d1d,0x692bbee9306828f03c7505d274a4be868798e9c1af7a01d115e82340e589b54d
250,1663.4456388399178,1.530386622189113,0x000b75fcdc15d41277deb033c72d2c8d774ccced,2017-10-24T06:41:40.000Z,0.00092001,0x3a73def5c97d90f86ebf559b543782ff74c959a5,sell,0x5ca9a71b1d01849c0a95490cc00559717fcf0d1d,0x93f8593c29018fa7011320d44510ff9f36d43f1776280564f3895c63c7e5a02f
251,150,0.1393503,0x9ba6f2851c8afe6be654fbd4c3dc7e9e64cffe53,2017-10-24T06:41:03.000Z,0.000929002,0x3a73def5c97d90f86ebf559b543782ff74c959a5,sell,0x5ca9a71b1d01849c0a95490cc00559717fcf0d1d,0x2e129d53c665658c77b613792174630273c7fa03b9cf77522c4acae24c3c597e
252,150,0.1390503,0x9ba6f2851c8afe6be654fbd4c3dc7e9e64cffe53,2017-10-24T06:41:03.000Z,0.000927002,0x3a73def5c97d90f86ebf559b543782ff74c959a5,sell,0x5ca9a71b1d01849c0a95490cc00559717fcf0d1d,0x75980eaaaa8242a61b7488516cbb0e297c8c4f1314d5234fe0083ddb85a68001
253,121,0.11253,0x057945a7d42cce6f453a99b93e340ef7f00d3d1c,2017-10-24T06:40:31.000Z,0.00093,0x3a73def5c97d90f86ebf559b543782ff74c959a5,sell,0x5ca9a71b1d01849c0a95490cc00559717fcf0d1d,0x958c9aa3dd23b852fb281c061d978f29ac936176751cd820fc0d9433cd0f55a6
254,598.2393861561269,0.5981795622175113,0x6b5b39d1726523d829e589945c6eeb9b3e8a3296,2017-10-24T06:29:46.000Z,0.0009999,0x6e1801a6c4860f390d485ce43927cf2f140f07e5,buy,0x5ca9a71b1d01849c0a95490cc00559717fcf0d1d,0x65844dc5cbcf5b693981695752590e9e8c586b3a01a4f6cc4ff15b53c8a65842
255,556.2787166042588,0.512333254271239,0x5918c0ba4c600b617fe376d1408c9a5132707ba1,2017-10-24T05:57:03.000Z,0.000921001,0x3a73def5c97d90f86ebf559b543782ff74c959a5,sell,0x5ca9a71b1d01849c0a95490cc00559717fcf0d1d,0x2ddac2bb1fb52df8b0aec0f585381e5b3fbaf0dad271a8319d0de2850612d5b7
256,4500,4.1445,0x6f9fcac7ac5e87ec747d47e81a42e8ca6b73e95a,2017-10-24T05:50:39.000Z,0.000921,0x3a73def5c97d90f86ebf559b543782ff74c959a5,sell,0x5ca9a71b1d01849c0a95490cc00559717fcf0d1d,0x560f42a0d7ff74049d684d0a8bda2b109f5757cb3bb6aa94241c1023c44e4cb5
257,3575.105,3.292671705,0x8016411fb173eab21335d99b872fcf6e4b2136ca,2017-10-24T05:50:39.000Z,0.000921,0x3a73def5c97d90f86ebf559b543782ff74c959a5,sell,0x5ca9a71b1d01849c0a95490cc00559717fcf0d1d,0x224213166ca7b8c780e7022aef2b87f43a65f872df5febdbeecad15314be1bf6
258,100,0.09999,0x34a0e8081340d93aae4af9703742f358c43ec3a0,2017-10-24T05:33:50.000Z,0.0009999,0x6e1801a6c4860f390d485ce43927cf2f140f07e5,buy,0x5ca9a71b1d01849c0a95490cc00559717fcf0d1d,0x61fe049d2dc7007defc3c98a5ba16afecc4ad1ccdbf3d0625198945405cf44d4
259,3334.9562573199933,3.0714980479479714,0x5918c0ba4c600b617fe376d1408c9a5132707ba1,2017-10-24T05:23:44.000Z,0.000921001,0x3a73def5c97d90f86ebf559b543782ff74c959a5,sell,0x5ca9a71b1d01849c0a95490cc00559717fcf0d1d,0x5c3dc2d400d6df6b91b00d4b2cc228e46b28632b63921cf229d450ecb117e229
260,122.80829428770811,0.11310656184727345,0x5918c0ba4c600b617fe376d1408c9a5132707ba1,2017-10-24T04:24:14.000Z,0.000921001,0xdb95ffc525554da455565b6f68c2c3b0b74e8a16,sell,0x5ca9a71b1d01849c0a95490cc00559717fcf0d1d,0xd5080815e57d9398f34497b0b611cae7e328cd36b9853d81176394bdcb15c325
261,1644.9484677499752,1.644948467749975,0xe3036c2a94f6532f4e4a9e28394033b255365ed1,2017-10-24T03:42:16.000Z,0.001,0x3a73def5c97d90f86ebf559b543782ff74c959a5,buy,0x5ca9a71b1d01849c0a95490cc00559717fcf0d1d,0x8379ac72892f8951e4edc9b96178d776a630d5f04d0cae858ad57a106a3fd0a2
262,2430.894676604388,2.2461491120771315,0x8016411fb173eab21335d99b872fcf6e4b2136ca,2017-10-24T03:18:53.000Z,0.000924001,0x3a73def5c97d90f86ebf559b543782ff74c959a5,sell,0x5ca9a71b1d01849c0a95490cc00559717fcf0d1d,0xcfdadaa2a4202795afc64818c3d794dd5dbcba0a172a5d3a4e21b7c1ed5e0118
263,25.416,0.025416,0x06417c68d192ce9f884117f1e9fb554b86a7c76c,2017-10-24T02:45:39.000Z,0.001,0x3a73def5c97d90f86ebf559b543782ff74c959a5,sell,0x5ca9a71b1d01849c0a95490cc00559717fcf0d1d,0xc524ce247a4b40db00b7eec13e401be8135f40967982a7fa754a3ce4582d175c
264,1985.146739390189,1.834277572343274,0x000b75fcdc15d41277deb033c72d2c8d774ccced,2017-10-24T02:45:39.000Z,0.000924001,0x3a73def5c97d90f86ebf559b543782ff74c959a5,sell,0x5ca9a71b1d01849c0a95490cc00559717fcf0d1d,0x56c20cd1b8ae2b8b4362483947060ae4e61ad0158ae4323caa593f4071788041
265,533.8709677424381,0.49650000000046746,0x90afa042ede1e017a0c1b36700ed2aa1b49dee70,2017-10-24T02:45:23.000Z,0.0009299999999999999,0x3a73def5c97d90f86ebf559b543782ff74c959a5,sell,0x5ca9a71b1d01849c0a95490cc00559717fcf0d1d,0xd1b3d40031e6f974c6f633da20bd58460a5725710e5660a37ea07ce98d991d1d
266,4974.583558868803,4.974583558868804,0x06417c68d192ce9f884117f1e9fb554b86a7c76c,2017-10-24T01:58:28.000Z,0.001,0x3a73def5c97d90f86ebf559b543782ff74c959a5,sell,0x5ca9a71b1d01849c0a95490cc00559717fcf0d1d,0x954bed1df10738d036e2f3a89914c38dab3ac0670b5d7a36624501b37b12b616
267,797,0.832068,0x3906cb7e313657cf39bae08a74cba4960f7f5b5b,2017-10-23T20:11:19.000Z,0.001044,0x6e1801a6c4860f390d485ce43927cf2f140f07e5,buy,0x5ca9a71b1d01849c0a95490cc00559717fcf0d1d,0xbcd73f60ef221047540fd7b6e8c2240027a224378a1da5539dea5576f0aeb85e
268,553,0.57512,0x00ffde76efa9b8a8688a96112ebd0223b7fe7bd1,2017-10-23T16:06:01.000Z,0.00104,0xfbf7dc0756a9768d0c71aea5f8421f3b1eaee7d1,buy,0x5ca9a71b1d01849c0a95490cc00559717fcf0d1d,0x2cc4da9640f51313f402976be04d17554e4cc8272b25264afb809318ed1e43c3
269,200,0.19,0xd98a3954353055ab642c9159c7f3b25dac2dc29b,2017-10-23T14:10:25.000Z,0.00095,0x090bea44aec26eda15fceda09e1aa85b8fd52087,sell,0x5ca9a71b1d01849c0a95490cc00559717fcf0d1d,0x9031d2eaf0e0b38fbe3450568845acb7cc122cb18aa668aa51e8c81d6dfaab60
270,200,0.209,0x9822d473b37741449b7e3b956c3e537792fbca46,2017-10-23T13:07:18.000Z,0.001045,0xfbf7dc0756a9768d0c71aea5f8421f3b1eaee7d1,buy,0x5ca9a71b1d01849c0a95490cc00559717fcf0d1d,0x55a0722d666f8fcacca8fa5092af215af0ca826ac9250f084fc92eded3916a09
271,746.7654415925346,0.7803698864641987,0x832030c575d60f5334eebaf6f84c8c891e63490f,2017-10-23T11:28:56.000Z,0.001045,0xfbf7dc0756a9768d0c71aea5f8421f3b1eaee7d1,buy,0x5ca9a71b1d01849c0a95490cc00559717fcf0d1d,0x916fccee9b06bae0fefef959025f8dd09d92a8d2cfa889e03b6e16b486003d90
272,0.04330413760877417,0.000045465014075452,0x9e1477cd68e8e375705ccb3dcf5764fe901de3ef,2017-10-23T10:25:53.000Z,0.0010499,0x583b640795999aa2bb22c1a62a91336ff9d325bb,buy,0x5ca9a71b1d01849c0a95490cc00559717fcf0d1d,0x9c20f0ba595f8e3e4dbe01b4b4dd24c475b8e1a3d43b77d1753a974526a7dbe6
273,317.02832400766886,0.33918860385580496,0x6b5b39d1726523d829e589945c6eeb9b3e8a3296,2017-10-23T06:29:31.000Z,0.0010699,0x583b640795999aa2bb22c1a62a91336ff9d325bb,buy,0x5ca9a71b1d01849c0a95490cc00559717fcf0d1d,0x907efa950a0913d5e156c01a9706efa0be798e88ec5ac26b8ea5e829b18eb170
274,1,0.00111,0x4a57d0208164a1c1c63c75395dc444428a07b50a,2017-10-23T06:06:33.000Z,0.00111,0xe8894a5f4d74a5ea75f4a0c4067a7e5d8fc300f2,buy,0x5ca9a71b1d01849c0a95490cc00559717fcf0d1d,0x0ff72e720cc30c6a7ac52482893d2b3ca5994bbf3da91926a287464ab5f655e9
275,2457.8805702322798,2.271084104775197,0x000b75fcdc15d41277deb033c72d2c8d774ccced,2017-10-23T05:27:28.000Z,0.000924001,0x3e612809b6706d73facd45d1dc9a1d33c93cb409,sell,0x5ca9a71b1d01849c0a95490cc00559717fcf0d1d,0x041c3fd3bea6ab4befd9f23efed29a2685a6917b586dfc7f1246f56cf88a2741
276,1500,1.3875,0xfbf7dc0756a9768d0c71aea5f8421f3b1eaee7d1,2017-10-23T05:23:57.000Z,0.000925,0x3e612809b6706d73facd45d1dc9a1d33c93cb409,sell,0x5ca9a71b1d01849c0a95490cc00559717fcf0d1d,0x4017f825a9183a2fda6c0017488d5fb6cd77d8549ef4b80ebff804f17282b802
277,0.9969095803010667,0.000921145449107765,0x000b75fcdc15d41277deb033c72d2c8d774ccced,2017-10-23T03:36:33.000Z,0.0009240009999999991,0x7d053385a05276eedcaf706325ae34ae544741a6,sell,0x5ca9a71b1d01849c0a95490cc00559717fcf0d1d,0x30ad04e8250fb49165d021af6c9a8cb60b261f9c5d76421cebb20c9d22ba6c5a
278,0.05542023333305721,0.000051208351019978,0x000b75fcdc15d41277deb033c72d2c8d774ccced,2017-10-23T03:17:22.000Z,0.0009240009999999963,0xb64924d3c6e9d55383564f3fdcad6b83819b1afb,sell,0x5ca9a71b1d01849c0a95490cc00559717fcf0d1d,0x063daed6eb1039882f9a8ca6c420a93bbb54f66c29d147f1510c30a208238107
279,555.9203605638969,0.5136709690814013,0x000b75fcdc15d41277deb033c72d2c8d774ccced,2017-10-23T03:15:24.000Z,0.000924001,0xb64924d3c6e9d55383564f3fdcad6b83819b1afb,sell,0x5ca9a71b1d01849c0a95490cc00559717fcf0d1d,0x3c9384580d3e16936e19f49e59c0c3ca6e966f9630de50acf4cdb0ee010328a3
280,65,0.06045,0x2574ec620b790e9f2483386ad5a09cf4b0b84115,2017-10-23T03:14:09.000Z,0.00093,0xb64924d3c6e9d55383564f3fdcad6b83819b1afb,sell,0x5ca9a71b1d01849c0a95490cc00559717fcf0d1d,0xb7aacc3fb6843ca9a45b527a2eddbcc57cb82c000242060edfba69bd7d36b7bf
281,370,0.3441,0x90874a143bec4765326b2f467955b2b850d97383,2017-10-23T03:12:29.000Z,0.00093,0xb64924d3c6e9d55383564f3fdcad6b83819b1afb,sell,0x5ca9a71b1d01849c0a95490cc00559717fcf0d1d,0xffcf2a04cda46dee14fd59581106ca5defaa8ad498b29902e5fd8e248c6ead6a
282,2,0.001904,0xcaeb48fd6741bd9c10872af91d3710ec8ee45a1a,2017-10-23T03:12:29.000Z,0.000952,0xb64924d3c6e9d55383564f3fdcad6b83819b1afb,sell,0x5ca9a71b1d01849c0a95490cc00559717fcf0d1d,0x6ad4ec975c12e0af330821ad2f4aafcec6e8cc21194cda9bb162267a409167aa
283,3,0.00324,0xcc85a79d9dc55f25ba5a90c3562282fdbf4bc49b,2017-10-23T03:11:20.000Z,0.00108,0xb64924d3c6e9d55383564f3fdcad6b83819b1afb,sell,0x5ca9a71b1d01849c0a95490cc00559717fcf0d1d,0x7b7c30c08ec7a03f7936bebe1d00dc40aa2f9b2f193b0d4bbdd90fbab0203fe5
284,1,0.00108,0xe1fa699860444be91d366c21de8fef56e3dec77a,2017-10-22T18:26:59.000Z,0.00108,0x90874a143bec4765326b2f467955b2b850d97383,buy,0x5ca9a71b1d01849c0a95490cc00559717fcf0d1d,0xddf5a074ad9c4a1672f646a294e4913ffd572901c5f1028f7c68aaca514c390b
285,1800.067679799862,1.9440730941838509,0xba55d0a8869bbfa0418ed1f61417054a1be1be84,2017-10-22T16:11:34.000Z,0.00108,0x90874a143bec4765326b2f467955b2b850d97383,buy,0x5ca9a71b1d01849c0a95490cc00559717fcf0d1d,0x4248b3cbf9bb7fc0bc4380ca389da662b64a914a5693da394d4efed6dc4b8047
286,701.9996590104655,0.6479456852666597,0x90874a143bec4765326b2f467955b2b850d97383,2017-10-22T10:45:12.000Z,0.000923,0x1e9d455ca30a816d646007eed6c92929c97e0f48,buy,0x5ca9a71b1d01849c0a95490cc00559717fcf0d1d,0xe808f4c5e6ac4ef05998a86a88a0d1f3de0a7ba59fbcd20805b9d6524720a186
287,0.000340989534452871,0.0000003147333403,0x90874a143bec4765326b2f467955b2b850d97383,2017-10-22T10:37:23.000Z,0.0009230000000000002,0x1e9d455ca30a816d646007eed6c92929c97e0f48,buy,0x5ca9a71b1d01849c0a95490cc00559717fcf0d1d,0xa2b4147b5543ff205fcbe7e103f3300a490706b2a14b136028a4acd397fb97d5
288,1800,1.962,0xf867ee2275f35da5a0db4a85dc6c8345b59cb91b,2017-10-22T02:38:54.000Z,0.00109,0x6e1801a6c4860f390d485ce43927cf2f140f07e5,buy,0x5ca9a71b1d01849c0a95490cc00559717fcf0d1d,0xc49b70e269cc527275c9e463f45e25c090f8ffe79e5bb6fa23324c06f8b42bf0
289,1096.6005383311733,1.0417935400259197,0x619741507837ec9c297cb9e7b9d07e433c247d09,2017-10-21T23:55:12.000Z,0.000950021,0x145c0c81448f6d980c4f8f226fcb7616879a7ea4,sell,0x5ca9a71b1d01849c0a95490cc00559717fcf0d1d,0x81f4ddf35d3c16f46f74602bbe5c379ad6939d2186e763e8aa51ff92312c8990
290,200,0.21998,0xada754b500d5b1f588a67c392e445f20beb5cb98,2017-10-21T20:05:01.000Z,0.0010999,0xe0e2e703d08aff26b9b1c702ddd28de8303adf28,buy,0x5ca9a71b1d01849c0a95490cc00559717fcf0d1d,0xf155c451e13bfacfb13a2d8314e8eb4fe1d3d1182325e526997d41bce262e203
291,0.5053432710615833,0.000505343271061583,0x1c5068e0d1031b3b0c4932f4c0b71708e17f1367,2017-10-21T10:53:20.000Z,0.0009999999999999994,0xc62b1d6d1e809663dcdbfb7887c9a3ca5e3fe969,sell,0x5ca9a71b1d01849c0a95490cc00559717fcf0d1d,0x1566d6094318b4ecc6f4b48ab014cf90dca004b8bb68ba63ad9c9f60d4b81cc8
292,1000,1,0x273a5d3e6721b9f5c1a6474f560c1334c63dda01,2017-10-21T08:34:02.000Z,0.001,0x680b99b1826e041f9546b82f9adf5edccea1672f,buy,0x5ca9a71b1d01849c0a95490cc00559717fcf0d1d,0x3001ad4596126c8be6b9eaf84adf5cbfec3bcbcd533dab7d9f81e2d84d947a1d
293,997,1.00697,0x000b75fcdc15d41277deb033c72d2c8d774ccced,2017-10-21T08:34:02.000Z,0.00101,0x273a5d3e6721b9f5c1a6474f560c1334c63dda01,sell,0x5ca9a71b1d01849c0a95490cc00559717fcf0d1d,0x3001ad4596126c8be6b9eaf84adf5cbfec3bcbcd533dab7d9f81e2d84d947a1d
294,412.3319674903522,0.41645528716525576,0x000b75fcdc15d41277deb033c72d2c8d774ccced,2017-10-21T07:26:25.000Z,0.00101,0xb27374a3f2e2120ebc86de9fbd25555baefb1b3f,sell,0x5ca9a71b1d01849c0a95490cc00559717fcf0d1d,0x3855c6090e464611bc0bc62316b8a644462c01907797016b29b477b2ff04fbf9
295,584.6358957232579,0.5910668905762138,0xd09efaa06a108fd9a6d698f8af0d2a6731a798f1,2017-10-21T07:20:00.000Z,0.001011,0xb27374a3f2e2120ebc86de9fbd25555baefb1b3f,sell,0x5ca9a71b1d01849c0a95490cc00559717fcf0d1d,0x76a77583982a931dede3efacbeb92a8cdb5b864903c858dcbbb121a7d087c83d
296,407.3641042767421,0.41184510942378627,0xd09efaa06a108fd9a6d698f8af0d2a6731a798f1,2017-10-21T06:35:47.000Z,0.001011,0x7fc805d30c906e8027e3472529f1b58865dc533d,sell,0x5ca9a71b1d01849c0a95490cc00559717fcf0d1d,0xf643bd36e07f6d5b0cf0ebb54de93f9fc2637f23ebad46db1d7cfd1586f16ed6
297,100,0.102,0xa03892c33058a56da3971f734b782909c2feb429,2017-10-21T06:30:52.000Z,0.00102,0x7fc805d30c906e8027e3472529f1b58865dc533d,sell,0x5ca9a71b1d01849c0a95490cc00559717fcf0d1d,0xdea7a3dd79e9c87c1e16e3a7d3f0f5c09b29c55460dcf3e39a06f11da487df1e
298,718,0.73954,0x91c0b2dbc4bedb55a85f088ca863f4f112576120,2017-10-21T06:28:15.000Z,0.00103,0x7fc805d30c906e8027e3472529f1b58865dc533d,sell,0x5ca9a71b1d01849c0a95490cc00559717fcf0d1d,0xd7705daea3e3ee62944635dc97f7a7962f5df7377a3d365de5bf1213d8a981a3
299,625,0.6875,0x91c0b2dbc4bedb55a85f088ca863f4f112576120,2017-10-21T04:53:23.000Z,0.0011,0xe28e920659ac540f9902414e0e0ff23a86712ed7,buy,0x5ca9a71b1d01849c0a95490cc00559717fcf0d1d,0xce17fdfdc4c6471332acc5d279ebb3d7a6310f8f1323071f44e057a41c1031a8
300,350,0.385,0x7530f85827154ce178ff6c0710af07520663f9d5,2017-10-21T04:31:30.000Z,0.0011,0xe28e920659ac540f9902414e0e0ff23a86712ed7,buy,0x5ca9a71b1d01849c0a95490cc00559717fcf0d1d,0xec59cc1e2cd98403e36779128c8b08219a06fe60f09d27c8fc295bcf39137fd2
301,0.00085,1.7,0x91c0b2dbc4bedb55a85f088ca863f4f112576120,2017-10-21T04:18:21.000Z,2000,0x3ac636ac5c3a2576156ac5f10066ca68abe0ad54,sell,0x5ca9a71b1d01849c0a95490cc00559717fcf0d1d,0xd6bce153423fb4a53b8826cca9b9b0c1fb5b3f0cd1f84cdbc316caef47ebe62a
302,0.0009,1.8,0x91c0b2dbc4bedb55a85f088ca863f4f112576120,2017-10-21T04:16:45.000Z,2000,0x3ac636ac5c3a2576156ac5f10066ca68abe0ad54,sell,0x5ca9a71b1d01849c0a95490cc00559717fcf0d1d,0x76fa06810b484fd0cfaae91fc4ccdcc04a22f7cd2b589fa8f079814b1f7e9278
303,25.14726869227916,0.027913468248429867,0x8739e5bf37b98f2e25654058acd98ab3eb64577b,2017-10-21T00:38:17.000Z,0.00111,0x000b75fcdc15d41277deb033c72d2c8d774ccced,buy,0x5ca9a71b1d01849c0a95490cc00559717fcf0d1d,0x35582af2f274fef49866937719db79513abbc688e7ff1b09539aa88ea4b3b1a0
304,342,0.37962,0x1da251119e3a70bcb4aed858bd2acccff2155077,2017-10-20T22:09:46.000Z,0.00111,0x000b75fcdc15d41277deb033c72d2c8d774ccced,sell,0x5ca9a71b1d01849c0a95490cc00559717fcf0d1d,0xb083c4fb03dce1bde67796b309b32243921dce653add479accdd4f7aa49dcf20
305,975,1.00425,0xe28e920659ac540f9902414e0e0ff23a86712ed7,2017-10-20T18:20:29.000Z,0.00103,0x1ed014aec47fae44c9e55bac7662c0b78ae61798,sell,0x5ca9a71b1d01849c0a95490cc00559717fcf0d1d,0x85f091da25d34dba621e954c81732aa892f901c37948ec5412a44228dac1d346
306,1525.1998731923836,1.694497059116738,0xed7a6e820ef5f1f62a33b699f5b28e3308a25d54,2017-10-20T17:31:00.000Z,0.001111,0xe0e2e703d08aff26b9b1c702ddd28de8303adf28,buy,0x5ca9a71b1d01849c0a95490cc00559717fcf0d1d,0x0bdad1bfd36b5ada96b64f01945e11c9950002b8a7672ff6fb3d1726fb5d0660
307,210,0.23688,0xf0a5fbea3c92dac6219c4c312e197fd4d355af10,2017-10-20T14:37:29.000Z,0.001128,0x9a9b1d3636dfba530a11c3ad4d920c9ccee1a981,buy,0x5ca9a71b1d01849c0a95490cc00559717fcf0d1d,0x1e9e1aed114664c61366452310dd88eb0684e32007bdbd5b7aebc978d5a7826c
308,290.06791380242896,0.3219724836415581,0xf0a5fbea3c92dac6219c4c312e197fd4d355af10,2017-10-20T14:35:06.000Z,0.00110999,0x000b75fcdc15d41277deb033c72d2c8d774ccced,buy,0x5ca9a71b1d01849c0a95490cc00559717fcf0d1d,0x6343be70376d174c073775b73650859f99c61cfdbf4954ccde0de6644db9f368
309,315.39823754694044,0.3217062022978792,0xd09efaa06a108fd9a6d698f8af0d2a6731a798f1,2017-10-20T08:20:24.000Z,0.00102,0x28845e6e3c5a350cfadf14bf263e00fd5ec42a61,sell,0x5ca9a71b1d01849c0a95490cc00559717fcf0d1d,0x89f3fb625275118badf956965962436b0193d3d67db2300fc7ec254d3b67316b
310,754.7589779712423,0.8377749179582993,0xc81fa65d02b624013d9982979f1cea78fabf2f86,2017-10-20T08:08:44.000Z,0.00110999,0x000b75fcdc15d41277deb033c72d2c8d774ccced,buy,0x5ca9a71b1d01849c0a95490cc00559717fcf0d1d,0x813063e04f67cd0844241a952a0e82a2334373eff1eb6424f87cd911b0a48395
311,100,0.1025,0xa03892c33058a56da3971f734b782909c2feb429,2017-10-20T08:02:30.000Z,0.001025,0x28845e6e3c5a350cfadf14bf263e00fd5ec42a61,sell,0x5ca9a71b1d01849c0a95490cc00559717fcf0d1d,0xaa3e7a4085cfaf8b99409d3a94cc4f200e9405bce1cab38dc76c35dc6a19722f
312,3,0.00332997,0x98e6abc306a6a04b67a274d7986d44760878fa48,2017-10-20T06:21:27.000Z,0.00110999,0x63db2eda400b2cfce53a3dffa1036974e6c8b853,sell,0x5ca9a71b1d01849c0a95490cc00559717fcf0d1d,0x38b4d7a4672aa11d10e0ec2829a0a4c615aadad3bcb77d6eea031a1c310925ba
313,379.45472670901944,0.38324927397610964,0x000b75fcdc15d41277deb033c72d2c8d774ccced,2017-10-20T06:00:38.000Z,0.00101,0x0f896622c28da2e3c583b64b3bee4ece239b3450,sell,0x5ca9a71b1d01849c0a95490cc00559717fcf0d1d,0xa0dab6ca9ec8ae925565b4bfceb94ed396211bdd5add1b9b0a3cf43896990a63
314,500,0.554995,0x2dd96a23e4056e7d4fa16f5a9d1c76cc4d51d192,2017-10-20T05:34:54.000Z,0.00110999,0x000b75fcdc15d41277deb033c72d2c8d774ccced,buy,0x5ca9a71b1d01849c0a95490cc00559717fcf0d1d,0x0049294c944036d7ee038586146ff668a3116966b97d6068491b40a4e4b9ac60
315,664.6067191705712,0.6712527863622769,0x000b75fcdc15d41277deb033c72d2c8d774ccced,2017-10-20T04:10:41.000Z,0.00101,0x28f86feac813ccf455527fd30ad3b5eb12268673,sell,0x5ca9a71b1d01849c0a95490cc00559717fcf0d1d,0xc2e13f2aeafcc3a093db92ad9507046319cd8da69909c0ab32841804c693ccae
316,15,0.01664985,0x98e6abc306a6a04b67a274d7986d44760878fa48,2017-10-20T03:59:13.000Z,0.00110999,0x583b640795999aa2bb22c1a62a91336ff9d325bb,sell,0x5ca9a71b1d01849c0a95490cc00559717fcf0d1d,0x64723854f130143099ea48b74094ddc5c28fe262220a853daefbe648400faeeb
317,194.04537191940014,0.21538842237681496,0x832030c575d60f5334eebaf6f84c8c891e63490f,2017-10-20T03:11:00.000Z,0.00110999,0x000b75fcdc15d41277deb033c72d2c8d774ccced,buy,0x5ca9a71b1d01849c0a95490cc00559717fcf0d1d,0xb708558b06d5ec10b37bbcbc431628264ae40c13e05d824dc2e12514b6a616ed
318,71.26357143,0.1557593628031224,0xe3c6632b5867d8139206b1a735556192e738dc07,2017-10-20T02:11:27.000Z,0.00218568,0xa53194e5e67e9eade3cfc81a6b5e426a46c58dfe,buy,0x5ca9a71b1d01849c0a95490cc00559717fcf0d1d,0x1b298a13077ba629ca682b86cca6bdfad4fb65ad3ff32f5e0470762af88a4ce4
319,2760.1277363069285,3.063714186023328,0x3fef3e85b09a340029b9eee96c63c239a22e7a36,2017-10-20T01:00:33.000Z,0.00110999,0x000b75fcdc15d41277deb033c72d2c8d774ccced,buy,0x5ca9a71b1d01849c0a95490cc00559717fcf0d1d,0x7731722124d61b8b3a75e61c02f742e1301448d8be90ce41f03e92c241def800
320,500,0.55,0xc95653ca489c7a507787a361897cee36561bd833,2017-10-20T00:52:53.000Z,0.0011,0x000b75fcdc15d41277deb033c72d2c8d774ccced,sell,0x5ca9a71b1d01849c0a95490cc00559717fcf0d1d,0x622718a1ed2992029eb3a81deb807c021583b55e2ba1be45b39865e18deb8700
321,4451,4.8961,0x3fef3e85b09a340029b9eee96c63c239a22e7a36,2017-10-20T00:52:46.000Z,0.0011,0x3df86cefaecfaa31be2f74f8f832cb4ef62b79f8,buy,0x5ca9a71b1d01849c0a95490cc00559717fcf0d1d,0x7358b21cfdb54b3b8d0a9a2b186adda16f4a32704c4f3acc784be8b1274ff1df
322,5000,5.05,0x000b75fcdc15d41277deb033c72d2c8d774ccced,2017-10-20T00:32:43.000Z,0.00101,0x7947168b6bd43f07ef745a3b0715d051f29c489b,sell,0x5ca9a71b1d01849c0a95490cc00559717fcf0d1d,0x1e73d14b7e7736749e20e6348803f215e2af5fb280f3e1a29352edf29f94ccb2
323,10,0.0111,0x4da4ee0ffa7dda1761d4d2ac0da11f382df2f23a,2017-10-19T17:01:15.000Z,0.00111,0x6e1801a6c4860f390d485ce43927cf2f140f07e5,buy,0x5ca9a71b1d01849c0a95490cc00559717fcf0d1d,0xb960aa78a91406eefd12439060dc811bc59500bd89c9d8d611de271706e3372a
324,1474.2937384699721,1.483139500900792,0x583b640795999aa2bb22c1a62a91336ff9d325bb,2017-10-19T16:50:58.000Z,0.001006,0xec4efee459ca695fb9823aa56706d8e74f2cbc9e,sell,0x5ca9a71b1d01849c0a95490cc00559717fcf0d1d,0xb6c12fc911bc2d2f9a255a2574ff325fba7990d9701225b9503ff2cd38265558
325,19.699851386611186,0.021669836525272303,0xea2996b9e0375f0251563bf581ac75a93380494b,2017-10-19T16:49:33.000Z,0.0010999999999999998,0xec4efee459ca695fb9823aa56706d8e74f2cbc9e,sell,0x5ca9a71b1d01849c0a95490cc00559717fcf0d1d,0x3635edc6042dd42bffee01456a365d196c4d1a9e38ed0b27ca646acf7979cf53
326,898.2015592663498,0.9970037307856483,0x34a0e8081340d93aae4af9703742f358c43ec3a0,2017-10-19T15:19:22.000Z,0.00111,0x6e1801a6c4860f390d485ce43927cf2f140f07e5,buy,0x5ca9a71b1d01849c0a95490cc00559717fcf0d1d,0xad23976ae78b567352502050404c9190dc269b9b8e144da7339f5d9c72c1dcbf
327,4545,4.9995,0xc1c910aea55c820024ed468c6e6b82230c66af13,2017-10-19T12:19:50.000Z,0.0011,0x6e1801a6c4860f390d485ce43927cf2f140f07e5,sell,0x5ca9a71b1d01849c0a95490cc00559717fcf0d1d,0x3430d7d25cac49b2511232a124a9619877ab88ce3b4027ea1bb4036c12352682
328,0.002,0.0000022,0xea2996b9e0375f0251563bf581ac75a93380494b,2017-10-19T12:06:48.000Z,0.0011,0x175b44f6de1919b0c57f828083b1a64f359d3aff,sell,0x5ca9a71b1d01849c0a95490cc00559717fcf0d1d,0x2d62ab7dfc53e6bcd8d81d6f671e8fc9a5ad1ba0acd9dd66c683c6790232d940
329,3000,3.3867,0x19d5b693ed57d1fcce5d48a26722e82de90750f0,2017-10-19T09:08:09.000Z,0.0011289,0xe0e2e703d08aff26b9b1c702ddd28de8303adf28,buy,0x5ca9a71b1d01849c0a95490cc00559717fcf0d1d,0xabfdbfd083b88948929d5833b884023fe515336dbfcf23c5c24f4fe88f6c4fe7
330,1871.742773568202,1.8820373588228272,0x36c43802cfc5f674591e3ad961ce80ee91ddc465,2017-10-19T07:10:09.000Z,0.0010054999999999999,0xda3a642a34306955c2c286afeb186618367e8616,sell,0x5ca9a71b1d01849c0a95490cc00559717fcf0d1d,0x4efba1072ac93350cc3631dae5266054cd9d3fbb0029be1ee4e43c934e6e1e4f
331,0.000031371575640707,0.000000035449880474,0x7a7595d57ba31096971eb9be8095505e3867584a,2017-10-19T06:44:48.000Z,0.0011300000000000348,0x7dede2f1641f7a4682209174ac9d78c56f9a74c6,buy,0x5ca9a71b1d01849c0a95490cc00559717fcf0d1d,0xb5b8bd77effbe51b89ba076e2e8b641c05344d55b844edeea8693ddf89c8fdd9
332,0.2981486133888147,0.000327963474727696,0xea2996b9e0375f0251563bf581ac75a93380494b,2017-10-19T05:46:03.000Z,0.0010999999999999994,0xa52a7e08300a8115ff5ca234b7bd962c7ad607ec,sell,0x5ca9a71b1d01849c0a95490cc00559717fcf0d1d,0x2e19a783ebdfd7c1931376fbfad11283aa15ad822f2f725560a988725a5e37b5
333,2990.7287409032,3.005682384607716,0x1b9a7d47fdf918f2a87812a7e0fff874bc420799,2017-10-19T05:43:47.000Z,0.001005,0xa52a7e08300a8115ff5ca234b7bd962c7ad607ec,sell,0x5ca9a71b1d01849c0a95490cc00559717fcf0d1d,0x2b256ac85e390cbe1f712cad94ac5b0dec562f68cd8601d07f9873d6ff9a28ef
334,35.965506928521584,0.03616331721662845,0x36c43802cfc5f674591e3ad961ce80ee91ddc465,2017-10-19T05:41:19.000Z,0.0010054999999999999,0xa2c64c54e178b9d7917295cac960e94d3e54b1aa,sell,0x5ca9a71b1d01849c0a95490cc00559717fcf0d1d,0x59fa243875379a1dcb1921e3b40d87ee975ac7791210d935d63f771646ec8b71
335,4910.361225530711,4.934913031658365,0x1b9a7d47fdf918f2a87812a7e0fff874bc420799,2017-10-19T03:35:27.000Z,0.001005,0x4769847b8da748a1aabff8ee554967bc0cfa6ae8,sell,0x5ca9a71b1d01849c0a95490cc00559717fcf0d1d,0x4be9710ce1495fda2de50379293c528e3bd3beb71aff9a313ab99355b8f208e8
336,199.78930373101775,0.20078825024967284,0x1b9a7d47fdf918f2a87812a7e0fff874bc420799,2017-10-19T03:33:49.000Z,0.001005,0x9822d473b37741449b7e3b956c3e537792fbca46,sell,0x5ca9a71b1d01849c0a95490cc00559717fcf0d1d,0x3e455e113aeaa68ad6cb5b1c1cc9875bb80c950f5c5d1de2ec940699fe36c714
337,68,0.07684,0x22f685544f3e4c1fd952dda049f25c19aaa4f237,2017-10-19T01:24:31.000Z,0.00113,0x7dede2f1641f7a4682209174ac9d78c56f9a74c6,buy,0x5ca9a71b1d01849c0a95490cc00559717fcf0d1d,0x95ea78e66335648fff3fb076eb2af361a211dc7e3967c4ad748092039ed45aa7
338,164,0.1804,0x22f685544f3e4c1fd952dda049f25c19aaa4f237,2017-10-19T01:07:45.000Z,0.0011,0x1583e4327b4ae78650939fe4a3977042a6dd07e6,buy,0x5ca9a71b1d01849c0a95490cc00559717fcf0d1d,0xbeb9b985042af93e6c34361d35eff84c7253e787f338dc4ae66948299e99ca20
339,49,0.0539,0x605b9b2c7a5da2d159916c3468a5f75962365f10,2017-10-18T20:24:12.000Z,0.0011,0x1583e4327b4ae78650939fe4a3977042a6dd07e6,buy,0x5ca9a71b1d01849c0a95490cc00559717fcf0d1d,0x106d5b89dff13133e2b7ec235d7ce54e291ba823c7e6a60a5de38a5a26d66d54
340,76,0.0836,0xfce2c6b3bf0fd7858ce0e9867ab9c0e228d36310,2017-10-18T19:18:17.000Z,0.0011,0x1583e4327b4ae78650939fe4a3977042a6dd07e6,buy,0x5ca9a71b1d01849c0a95490cc00559717fcf0d1d,0xcfc588b7724d86d4993964af4f5fb5b31c5dcc196f34939243da8a3a43911f45
341,10,0.0106,0xfce2c6b3bf0fd7858ce0e9867ab9c0e228d36310,2017-10-18T19:11:00.000Z,0.00106,0xb3d98d091d3229291823fcb828446f7e7f780a14,buy,0x5ca9a71b1d01849c0a95490cc00559717fcf0d1d,0xfefdafba815dff45e417f939447fcecb0305f6fd48c0659c595485b6729cd083
342,148.898,0.15783188,0x1b9a7d47fdf918f2a87812a7e0fff874bc420799,2017-10-18T18:27:00.000Z,0.00106,0xb3d98d091d3229291823fcb828446f7e7f780a14,sell,0x5ca9a71b1d01849c0a95490cc00559717fcf0d1d,0xb6ec04d23bac0691dbd824a1412e874992bd01a4c38c055692f6a5e4fd77b85d
343,751.1015869145242,0.7961676821293956,0x1b9a7d47fdf918f2a87812a7e0fff874bc420799,2017-10-18T17:43:35.000Z,0.00106,0x9af723cdc53e63f40881631bd588df2833893246,sell,0x5ca9a71b1d01849c0a95490cc00559717fcf0d1d,0xe0a6c1d103536444bc99873c3b0f0759c997b4f258f61435e51e21748363e892
344,2337.98,2.48527274,0x1b9a7d47fdf918f2a87812a7e0fff874bc420799,2017-10-18T17:42:56.000Z,0.001063,0x9af723cdc53e63f40881631bd588df2833893246,sell,0x5ca9a71b1d01849c0a95490cc00559717fcf0d1d,0xc0164cf71eb5640b1596a5366e0ed45c9da73a6e1c89c26740e4a369ae21ec39
345,1662.0198395919456,1.7667270894862381,0x1b9a7d47fdf918f2a87812a7e0fff874bc420799,2017-10-18T17:35:47.000Z,0.001063,0x9af723cdc53e63f40881631bd588df2833893246,sell,0x5ca9a71b1d01849c0a95490cc00559717fcf0d1d,0x6c3a8406c79059de26802d8c4dbaa3c644d2d0efcc445818baf4c97370203cb1
346,591.4079807264014,0.6328065393772495,0x1b9a7d47fdf918f2a87812a7e0fff874bc420799,2017-10-18T17:34:44.000Z,0.00107,0x9af723cdc53e63f40881631bd588df2833893246,sell,0x5ca9a71b1d01849c0a95490cc00559717fcf0d1d,0xef10c36dfd94591ebdddee16b68e318b96d0aa669c409199f67d19833b0dce16
347,120,0.1356,0x513c14de97a3678a5a34c4ed5e358195e03ccbc4,2017-10-18T17:34:22.000Z,0.00113,0x9af723cdc53e63f40881631bd588df2833893246,sell,0x5ca9a71b1d01849c0a95490cc00559717fcf0d1d,0x461f47bd1be945c85d6ab9929cae4f412af1cf9134a4d0c2009b1eed15e6d1a6
348,121.34383411424584,0.1298391159405842,0x12e969e45376497359cfb05053d43437bf924ef2,2017-10-18T17:34:22.000Z,0.00107001,0x9af723cdc53e63f40881631bd588df2833893246,sell,0x5ca9a71b1d01849c0a95490cc00559717fcf0d1d,0x65c6f8ca214a56e48e0896b65b9999fb79c39d2d4b57977ba06f4a1cd565a797
349,1078.6561658857543,1.1541728840594159,0x12e969e45376497359cfb05053d43437bf924ef2,2017-10-18T16:54:20.000Z,0.00107001,0xb3d9b4eb733f1cdb1994a880142d12c28a979ddc,sell,0x5ca9a71b1d01849c0a95490cc00559717fcf0d1d,0x48cafee0261da6e4e13b37bcc96ab1e665c80ee6b57ec290499f5985ff3c5055
350,758.5920192735986,0.8116934606227505,0x1b9a7d47fdf918f2a87812a7e0fff874bc420799,2017-10-18T16:40:58.000Z,0.00107,0xbbe8a82dc936ac8a7f188624e42a1253dbb279ec,sell,0x5ca9a71b1d01849c0a95490cc00559717fcf0d1d,0x0f0d7743523cea13a70ed2055e9618db3eb9909604364ffd7fbdd7ee73e959fc
351,1,0.00115,0x3ac636ac5c3a2576156ac5f10066ca68abe0ad54,2017-10-18T16:16:04.000Z,0.00115,0xe0e2e703d08aff26b9b1c702ddd28de8303adf28,buy,0x5ca9a71b1d01849c0a95490cc00559717fcf0d1d,0xa89515253c2986f685df67d3ad532afc1498db66ec4577ef2382a1ad45f91c65
352,0.4424778761061947,0.0005,0xf9695cd65d6dfdf257fab76a3eb0cb8f001971cc,2017-10-18T14:54:41.000Z,0.00113,0x7dede2f1641f7a4682209174ac9d78c56f9a74c6,buy,0x5ca9a71b1d01849c0a95490cc00559717fcf0d1d,0x4a9b84fcbef8119da891771d86800e21cf30e3abecdee616f99a6d12a978ee30
353,0.4424778761061947,0.0005,0x379374d13077e8867ef31803c37baf9785a17c00,2017-10-18T14:54:41.000Z,0.00113,0x7dede2f1641f7a4682209174ac9d78c56f9a74c6,buy,0x5ca9a71b1d01849c0a95490cc00559717fcf0d1d,0x6186032ffb6ec0ee7949d1c6b9bcc73ec885c8b9372b54d10417e6c542062776
354,100,0.113,0x1038a139278c8d4bdf8107568213a8e343440497,2017-10-18T14:38:27.000Z,0.00113,0x7dede2f1641f7a4682209174ac9d78c56f9a74c6,buy,0x5ca9a71b1d01849c0a95490cc00559717fcf0d1d,0x44ea4ef3dcac268c256a7df44e7dbbb56dd925d4ff831602526e7daede104109
355,932.1105458778745,0.9321105458778746,0x1b9a7d47fdf918f2a87812a7e0fff874bc420799,2017-10-18T13:43:00.000Z,0.001,0xd7e04ebc1a4b6b24ed5bac6709a0d3f919ae93f2,sell,0x5ca9a71b1d01849c0a95490cc00559717fcf0d1d,0x01cdc156636ea66509dc3d4637e26ac723b410a0da051e474abee4729d2085bc
356,50,0.0565,0x1b9a7d47fdf918f2a87812a7e0fff874bc420799,2017-10-18T13:16:56.000Z,0.00113,0x7dede2f1641f7a4682209174ac9d78c56f9a74c6,buy,0x5ca9a71b1d01849c0a95490cc00559717fcf0d1d,0xec70b7f1ad71ae9b0739482437f6bca81747317c85b30ddf9434fd18b07b6a07
357,835.773018440737,0.9444235108380328,0x34a0e8081340d93aae4af9703742f358c43ec3a0,2017-10-18T12:00:41.000Z,0.00113,0x7dede2f1641f7a4682209174ac9d78c56f9a74c6,buy,0x5ca9a71b1d01849c0a95490cc00559717fcf0d1d,0x8f53d02fd3bc0b1b9a6871f1656eeb90bf0d30566d324b4b5a8816d62f906cf0
358,618.5288749250394,0.6927523399160441,0x34a0e8081340d93aae4af9703742f358c43ec3a0,2017-10-18T11:56:05.000Z,0.00112,0x3a73def5c97d90f86ebf559b543782ff74c959a5,buy,0x5ca9a71b1d01849c0a95490cc00559717fcf0d1d,0x0830784b97249ee9c4802544b09f58178f9528c3d361e4a28a1ea48667ec7960
359,545.636,0.60565596,0x34a0e8081340d93aae4af9703742f358c43ec3a0,2017-10-18T11:55:32.000Z,0.00111,0x5a86ebf9a0e6f8181ed5143557f7b8ba89957fcc,buy,0x5ca9a71b1d01849c0a95490cc00559717fcf0d1d,0xd207038af61d345ee951f6a7dac7e88dab83e16ff090930dbf1f874fcfd2a3b5
360,100,0.1,0x34a0e8081340d93aae4af9703742f358c43ec3a0,2017-10-18T11:54:10.000Z,0.001,0x4bc673761bf3b4a8a40f389b0c5a87919b3d00a9,buy,0x5ca9a71b1d01849c0a95490cc00559717fcf0d1d,0xdb9974f2d56d2c4f5a9c9e8e33c8433bbacbdba9d4aca5d5fb8f37b55416460c
361,455.7511250749606,0.5104412600839559,0xfb953f0134321f289707846add49b1cbb0038fc7,2017-10-18T09:11:29.000Z,0.00112,0x3a73def5c97d90f86ebf559b543782ff74c959a5,buy,0x5ca9a71b1d01849c0a95490cc00559717fcf0d1d,0x921d49aa67088e9a573b900b51f80d6c117fe6aa9254814f0480de35c0ffc3e4
362,145,0.1624,0x2c34973c4c46f13534c81a893645f347b65c89d6,2017-10-18T07:29:26.000Z,0.00112,0x0f1b76410215ed963ea2c3d3eaddd4a56350b422,sell,0x5ca9a71b1d01849c0a95490cc00559717fcf0d1d,0x914dfa9176bf122200901ee482d2e50914d37d1db95681dc107788d2dc51f6c3
363,740,0.74,0xd277877f2cb1a5b722afa705a85724c0beccdd53,2017-10-18T07:25:26.000Z,0.001,0x0f1b76410215ed963ea2c3d3eaddd4a56350b422,sell,0x5ca9a71b1d01849c0a95490cc00559717fcf0d1d,0x35f786d06fc518eabd4598eefbfe9b07a9d8aa2915245a0b8700d3bf6f244273
364,901,0.9911,0x540c208386292b27f2a9bce7147f09b27c71dab0,2017-10-18T07:22:44.000Z,0.0011,0x6e1801a6c4860f390d485ce43927cf2f140f07e5,sell,0x5ca9a71b1d01849c0a95490cc00559717fcf0d1d,0x078b08200735846380cb61d575c0fc13d4a992a588f8b078dedcceaeb97aa649
365,112,0.11312,0x961c26543da1b75dab96ae986a921fffc92cfa7e,2017-10-18T06:35:36.000Z,0.00101,0x1bf546e7e42ebc76c270f84dc9f5f3e2e8e7276d,sell,0x5ca9a71b1d01849c0a95490cc00559717fcf0d1d,0xbe69a02f147ee5cf4f4d6fc78263fb7b4f0b6e967fc01b276a78f8c22c2e3bb2
366,70.9003539724103,0.07728138582992723,0x961c26543da1b75dab96ae986a921fffc92cfa7e,2017-10-18T06:22:15.000Z,0.00109,0x0bbbedfbc145ec0618e9d3f6e29f37707648d70f,buy,0x5ca9a71b1d01849c0a95490cc00559717fcf0d1d,0x41ca943d1cd9e89ffefdf6a8f07944df68f33426d98df52f18b5028a642d428a
367,0.692,0.00075428,0x9822d473b37741449b7e3b956c3e537792fbca46,2017-10-18T06:12:46.000Z,0.00109,0x0bbbedfbc145ec0618e9d3f6e29f37707648d70f,buy,0x5ca9a71b1d01849c0a95490cc00559717fcf0d1d,0xb2a81f676e4155938465d16f6961b4fb9f22efcc74256cdb045ff1575365974d
368,99.4076460275897,0.10835433417007277,0x9822d473b37741449b7e3b956c3e537792fbca46,2017-10-18T06:09:35.000Z,0.00109,0x0bbbedfbc145ec0618e9d3f6e29f37707648d70f,buy,0x5ca9a71b1d01849c0a95490cc00559717fcf0d1d,0x75cee871b169334a557e41324753ffee09da3c78829b1893eab47fc2893610b0
369,1829,1.99361,0x057945a7d42cce6f453a99b93e340ef7f00d3d1c,2017-10-18T06:04:37.000Z,0.00109,0x0bbbedfbc145ec0618e9d3f6e29f37707648d70f,buy,0x5ca9a71b1d01849c0a95490cc00559717fcf0d1d,0xfa13213fd1436e809bd0c060696e4d2da7b986b6f181d958316fff8984780ad5
370,9477.934037934307,9.477934037934308,0x6e1801a6c4860f390d485ce43927cf2f140f07e5,2017-10-18T05:55:07.000Z,0.001,0x0f1b76410215ed963ea2c3d3eaddd4a56350b422,buy,0x5ca9a71b1d01849c0a95490cc00559717fcf0d1d,0x31fc22849bd6413f0568c60c6e04ef772beee259a80240112213c29eaeb60919
371,500,0.5,0x2dd96a23e4056e7d4fa16f5a9d1c76cc4d51d192,2017-10-18T05:52:13.000Z,0.001,0x0f1b76410215ed963ea2c3d3eaddd4a56350b422,buy,0x5ca9a71b1d01849c0a95490cc00559717fcf0d1d,0x7e41df86b5122ae8949c32b738cdad1b8693248e02bac6c55763a609bfed5cdc
372,628.0659620656929,0.6280659620656929,0x813bb360606cd236b5c2bdd30863088c726a18ac,2017-10-18T05:48:25.000Z,0.001,0x0f1b76410215ed963ea2c3d3eaddd4a56350b422,buy,0x5ca9a71b1d01849c0a95490cc00559717fcf0d1d,0x08634182b82182a4a695b18267b983b18af6f05a07d0c514469f099c0f07f673
373,500,0.45125,0xea9baa40228bc00716858945b3b1c08c1c36c056,2017-10-18T02:16:55.000Z,0.0009025,0x3dee4a4e076e8d82859d241db0baf46f112cfa23,sell,0x5ca9a71b1d01849c0a95490cc00559717fcf0d1d,0xdd144a99613bee35fb65577cdc2d0fc2c40adcfb46f45b6742696d622e3005b2
374,30,0.0270753,0x9ba6f2851c8afe6be654fbd4c3dc7e9e64cffe53,2017-10-18T02:09:40.000Z,0.00090251,0x3dee4a4e076e8d82859d241db0baf46f112cfa23,sell,0x5ca9a71b1d01849c0a95490cc00559717fcf0d1d,0x05782a3263e7f634f01350b8be0fefa18885a178a423c063d1822d8a3dd4801b
375,30,0.0271503,0x9ba6f2851c8afe6be654fbd4c3dc7e9e64cffe53,2017-10-18T02:07:15.000Z,0.00090501,0x3dee4a4e076e8d82859d241db0baf46f112cfa23,sell,0x5ca9a71b1d01849c0a95490cc00559717fcf0d1d,0x5f6f38a7a93ad2ab8c435dd332138cb4154e5d8e8b28d9b336e1cf1a322eb458
376,30,0.0276003,0x9ba6f2851c8afe6be654fbd4c3dc7e9e64cffe53,2017-10-18T02:01:07.000Z,0.00092001,0x3dee4a4e076e8d82859d241db0baf46f112cfa23,sell,0x5ca9a71b1d01849c0a95490cc00559717fcf0d1d,0xa01cb052eb1528191ace21db365371e459f87458bcfca697b8c02071f2ba3da8
377,45.636,0.045225276,0x5a86ebf9a0e6f8181ed5143557f7b8ba89957fcc,2017-10-18T02:00:39.000Z,0.000991,0x3dee4a4e076e8d82859d241db0baf46f112cfa23,sell,0x5ca9a71b1d01849c0a95490cc00559717fcf0d1d,0xc300ec64e2ab277fdd62c1caecf73cda4f463143d8bdf15fc31c88639e316181
378,14.628,0.014628,0xff41f187213dcb08a3ec55d00e937911b80f77f7,2017-10-18T01:59:56.000Z,0.001,0x3dee4a4e076e8d82859d241db0baf46f112cfa23,sell,0x5ca9a71b1d01849c0a95490cc00559717fcf0d1d,0x1c66f4b1d80a46ab596d8a852e60dfbe4e83af7d951045a086547e93c952eb43
379,1993.8191606021335,1.5970491476423088,0x322ebf85955b119a0c30dc3040347a5ac704d152,2017-10-18T01:26:49.000Z,0.000801,0x889cf8d17cb591f99dc455e126ae31c43d3398bf,sell,0x5ca9a71b1d01849c0a95490cc00559717fcf0d1d,0x914ff6e62264ae1c8b40c39934393166e795bcb3a745ebbf3f41386a0060514d
