,amount,amountBase,buyer,date,price,seller,side,tokenAddr,txHash
0,2.3809524943310714,0.0005,0x4fda9e6bcd83af6c5cc771b5d20accc2b7720074,2017-11-02T07:38:20.000Z,0.00020999999,0x29bcddb0eae47c53f424bf9dbe7fda42accacdd3,buy,0x8aa33a7899fcc8ea5fbe6a608a109c3893a1b8b2,0xdc4002a0e693e62b4a5dee5c07492036d057d0605bb1d91b41b45bb71ab638d6
1,2.3809524943310714,0.0005,0x3075f7f189912f4f425dd7021b9c396434197477,2017-11-02T07:36:08.000Z,0.00020999999,0x29bcddb0eae47c53f424bf9dbe7fda42accacdd3,buy,0x8aa33a7899fcc8ea5fbe6a608a109c3893a1b8b2,0xed5f77d14fb957f4acccb1a9459a9f1944710a7ef291e416fb712bc49880d370
2,196,0.035280196,0x29bcddb0eae47c53f424bf9dbe7fda42accacdd3,2017-11-02T04:35:02.000Z,0.000180001,0x0c4a1d04c581bc7659b3f11bf261e716debc6e9f,sell,0x8aa33a7899fcc8ea5fbe6a608a109c3893a1b8b2,0xbf69d3de1bf4d9c3bcc1e286d20e182254045a569f79d29ec6f0e3e3e7437b6f
3,4631.641910078756,0.8336955438141761,0xf9a51086b5ed37c64187d70baf5c45ffeadf573b,2017-11-02T04:20:50.000Z,0.00017999999999999998,0xe28f4ff1394fd3058400e80d638982e2da55de31,sell,0x8aa33a7899fcc8ea5fbe6a608a109c3893a1b8b2,0x8828604433c6b0686a42e6986cfff58ba08aada753c87d4af0db49cdb5e13624
4,99.69095803010667,0.0179443724454192,0x0c4a1d04c581bc7659b3f11bf261e716debc6e9f,2017-11-02T01:11:20.000Z,0.00017999999999999998,0xa54ffa43d11698bc300d924781518b71dd10f0a8,sell,0x8aa33a7899fcc8ea5fbe6a608a109c3893a1b8b2,0x0dce61ba9fb0e127ca99302f42b42c617b6ef83aae3f4d3f66be82bdbdea1665
5,1994.8160701824345,0.34913470341939984,0x3dee4a4e076e8d82859d241db0baf46f112cfa23,2017-11-01T21:51:01.000Z,0.00017502099999999998,0xbb325a2ee38566c7a03010b2c4929fd99861bf36,sell,0x8aa33a7899fcc8ea5fbe6a608a109c3893a1b8b2,0xbf6fe2fffda9e97c1b8352c7c9f592548038c7cde690832908ebc503207d3f27
6,1993.8191606021335,0.348960223307746,0x3dee4a4e076e8d82859d241db0baf46f112cfa23,2017-11-01T21:44:47.000Z,0.00017502099999999998,0x0022ff9d0100e578b0b26297c543c4607ba08656,sell,0x8aa33a7899fcc8ea5fbe6a608a109c3893a1b8b2,0xf4c14216f7806e1f84cb8098ad6e6b8868eebfd2b0346d03268072a8e7031445
7,4289.446981329278,0.7507475895662129,0x0ce4b16411b408bc9f06d456175db3cc79b25299,2017-11-01T21:29:16.000Z,0.000175022,0x5ccba89b73b6ed1643fd0a989fd552a6bbe0efe9,sell,0x8aa33a7899fcc8ea5fbe6a608a109c3893a1b8b2,0x4229be3989cd168619910b6ed60a9f56d4ba1b5b404b0411df07e9e495c36de1
8,96.9648385130621,0.01745367093235118,0x0c4a1d04c581bc7659b3f11bf261e716debc6e9f,2017-11-01T21:27:21.000Z,0.00017999999999999998,0x5ccba89b73b6ed1643fd0a989fd552a6bbe0efe9,sell,0x8aa33a7899fcc8ea5fbe6a608a109c3893a1b8b2,0xce6f3367de1ad93832e1d0456416d61cf85cb308ff27a948c3ede2dfb1e86b4c
9,497.6632439437743,0.08710201628152726,0x0ce4b16411b408bc9f06d456175db3cc79b25299,2017-11-01T19:49:13.000Z,0.000175022,0x39c122da4cca59f5a1caf9aafb8ab780656e6b50,sell,0x8aa33a7899fcc8ea5fbe6a608a109c3893a1b8b2,0x018d78110584a1f7515b91ebd3536d5677a9af411e621237aa72a14bbfc8a824
10,3970.7466852756456,0.6949640556036287,0x3dee4a4e076e8d82859d241db0baf46f112cfa23,2017-11-01T16:06:47.000Z,0.00017502099999999998,0x390c53c853e9052ca08aebccd9bf700b67b73bc1,sell,0x8aa33a7899fcc8ea5fbe6a608a109c3893a1b8b2,0xa30e2bb196d9993c143f1f43956f325610e1ca0f390837300d88523c9a5b2603
11,2000,0.360002,0xba731793fe7ff79f04b01bfdcdca930684d005a8,2017-11-01T15:58:28.000Z,0.000180001,0x390c53c853e9052ca08aebccd9bf700b67b73bc1,sell,0x8aa33a7899fcc8ea5fbe6a608a109c3893a1b8b2,0x6baa7c3f331ddb4e01de8957ad9b432afaa46c8816f43b8facc066457768a1f5
12,1000,0.181,0xba731793fe7ff79f04b01bfdcdca930684d005a8,2017-11-01T13:06:07.000Z,0.000181,0x39c122da4cca59f5a1caf9aafb8ab780656e6b50,sell,0x8aa33a7899fcc8ea5fbe6a608a109c3893a1b8b2,0xf21283391d5a63bc4d8a1fe74dff13e016b622a95b99c5d653775df7429d80b9
13,258.1995812979763,0.04931612002791347,0xeb772f9b86bbbe88136ebc190170fc09b220b31a,2017-10-31T21:21:34.000Z,0.00019099999999999998,0xd46b3bab61fe0afc7442d1e9a9087170426e402c,sell,0x8aa33a7899fcc8ea5fbe6a608a109c3893a1b8b2,0x2604d53e659d92f0f52677a60ce7ee303d6b99f91e14af7dad15a60e1d3fbc2c
14,1993.8191606021335,0.37902502243046554,0x957de35805a9b7810000546a2f14035685969ea0,2017-10-31T17:59:16.000Z,0.00019009999999999999,0x68538b451d56b2507387b4297aed5a0e8455b099,sell,0x8aa33a7899fcc8ea5fbe6a608a109c3893a1b8b2,0xefc39beddecf27633d273908c150e9f6596b9ecfa70b5e41cf5f1f5c7da71b8c
15,15220.473055116758,2.892194289933286,0x632d7de0037bca4cdb13a4189473b7489e051dee,2017-10-31T11:40:09.000Z,0.00019002,0x4a8a287739ac4844e1260504ab4a479591726f1b,sell,0x8aa33a7899fcc8ea5fbe6a608a109c3893a1b8b2,0xe6a55f21e9ccc502e295dbe6ae74274898286a5d889680a7b4bfd4fb536dbab9
16,6998.021807593094,1.3298340840969156,0x3dee4a4e076e8d82859d241db0baf46f112cfa23,2017-10-31T11:39:42.000Z,0.00019003,0x4a8a287739ac4844e1260504ab4a479591726f1b,sell,0x8aa33a7899fcc8ea5fbe6a608a109c3893a1b8b2,0x395dc2a361acbbbd435be0b9372d4ab11f03edcefa40f20e5a540dda5cca1e4f
17,1.9781924069061,0.000375915903084366,0x3dee4a4e076e8d82859d241db0baf46f112cfa23,2017-10-31T03:53:28.000Z,0.0001900299999999999,0xe444a40689f51f63bcd29910622035707d533d29,sell,0x8aa33a7899fcc8ea5fbe6a608a109c3893a1b8b2,0x9ded5d2ab372eb85e6f3104f92f831214a22a8dd79eb977b452c9bad8541f6a8
18,3000,0.615033,0x2e26035b04213530deeea6a3874d0f4143bce939,2017-10-31T01:53:30.000Z,0.000205011,0x44e6c18115eddb6779cf155648e03733acb6ec60,sell,0x8aa33a7899fcc8ea5fbe6a608a109c3893a1b8b2,0xa0c99eccd6fe1f22f3cca81d6d183b8cc519c17b0810b143a5f93fec7f9046d7
19,3000,0.60003,0x2e26035b04213530deeea6a3874d0f4143bce939,2017-10-31T01:53:30.000Z,0.00020001,0x44e6c18115eddb6779cf155648e03733acb6ec60,sell,0x8aa33a7899fcc8ea5fbe6a608a109c3893a1b8b2,0xbc87f9c9afee5079441e33d41e7295724b4e84061c440f22aa673ed64aa4461d
20,20000,3.9004,0x632d7de0037bca4cdb13a4189473b7489e051dee,2017-10-31T01:53:30.000Z,0.00019502,0x44e6c18115eddb6779cf155648e03733acb6ec60,sell,0x8aa33a7899fcc8ea5fbe6a608a109c3893a1b8b2,0x85691c28b49ed12537b18f3cec568d990b5e09d2fc0cb93f873ccdb75622856a
21,7000,1.4357,0x3dee4a4e076e8d82859d241db0baf46f112cfa23,2017-10-31T01:52:53.000Z,0.0002051,0x44e6c18115eddb6779cf155648e03733acb6ec60,sell,0x8aa33a7899fcc8ea5fbe6a608a109c3893a1b8b2,0x1cb0da4c7352fefdd7c45916ecd873cc625f4d8fe9facb9826ed98b6552405b8
22,650.488,0.1405054730488,0x2e26035b04213530deeea6a3874d0f4143bce939,2017-10-31T01:51:33.000Z,0.0002160001,0x44e6c18115eddb6779cf155648e03733acb6ec60,sell,0x8aa33a7899fcc8ea5fbe6a608a109c3893a1b8b2,0xefd488e3a892c49b01eb47ce019ea892a5ee55130e78ca8fd47f93100e7caa53
23,1029.4515292875212,0.22143502394974585,0x92d59ff383d4952fd9a85854a28e5f3bcd8564e8,2017-10-31T01:51:33.000Z,0.0002151,0x44e6c18115eddb6779cf155648e03733acb6ec60,sell,0x8aa33a7899fcc8ea5fbe6a608a109c3893a1b8b2,0xfed7bef96f9b13691d643b52b106bbb7945990d352d96e2286bcd4eeadc581e6
24,2000,0.430202,0x2e26035b04213530deeea6a3874d0f4143bce939,2017-10-31T01:50:36.000Z,0.000215101,0x44e6c18115eddb6779cf155648e03733acb6ec60,sell,0x8aa33a7899fcc8ea5fbe6a608a109c3893a1b8b2,0xb89fca80ad53bd16d6e1c2dd07a820eab8dbeea5ffe77019c7de218af42142bd
25,6000,1.296,0xba731793fe7ff79f04b01bfdcdca930684d005a8,2017-10-31T01:50:27.000Z,0.000216,0x44e6c18115eddb6779cf155648e03733acb6ec60,sell,0x8aa33a7899fcc8ea5fbe6a608a109c3893a1b8b2,0xbbc7cf7ad6a78f1a858d312f6ff3e325158e1c95e55ad8fa19bb8f77e224007b
26,10000,2,0xa9b0f784e8b1b09587b86abf77dcb4e5104c3ce1,2017-10-31T01:47:53.000Z,0.0002,0x44e6c18115eddb6779cf155648e03733acb6ec60,sell,0x8aa33a7899fcc8ea5fbe6a608a109c3893a1b8b2,0xb68c3758819d308a041f78926de33c08ca47a23513639e48db8c36e0ffea6433
27,20000,4.004,0x632d7de0037bca4cdb13a4189473b7489e051dee,2017-10-31T01:47:44.000Z,0.0002002,0x44e6c18115eddb6779cf155648e03733acb6ec60,sell,0x8aa33a7899fcc8ea5fbe6a608a109c3893a1b8b2,0x5a90756bb56197682dbde76d54fc6f7e69f99bb564cd425e95d01de1424b4df2
28,20000,4.1002,0xd16034c50b30a3dca9b8829b78d1755a66c55866,2017-10-31T01:47:40.000Z,0.00020501,0x44e6c18115eddb6779cf155648e03733acb6ec60,sell,0x8aa33a7899fcc8ea5fbe6a608a109c3893a1b8b2,0x434ab989ff4b7c3ea4f479400a0995e6d7fafb0bf8a3d57a82fbaa776deda3a4
29,8000,1.7216,0xa9b0f784e8b1b09587b86abf77dcb4e5104c3ce1,2017-10-31T01:45:24.000Z,0.0002152,0x44e6c18115eddb6779cf155648e03733acb6ec60,sell,0x8aa33a7899fcc8ea5fbe6a608a109c3893a1b8b2,0x8fce3ffaa1fb19e0eb78b506813992d61d3bde068c0d9191f6bb0d8de7d24db3
30,10000,2.16001,0x92d59ff383d4952fd9a85854a28e5f3bcd8564e8,2017-10-31T01:44:00.000Z,0.000216001,0x44e6c18115eddb6779cf155648e03733acb6ec60,sell,0x8aa33a7899fcc8ea5fbe6a608a109c3893a1b8b2,0x9c492b4ae286fe5b09a6d450ca9f3d79a39c4a1f592205d5feea7047e1e5ccb9
31,0.001,0.000000249887,0x0c4085d8e714ca77ac5f46cd2b80a92d238a7cd3,2017-10-31T00:55:54.000Z,0.000249887,0xbcce870909b3dbbe28f744f69b080dbdeeb7748a,buy,0x8aa33a7899fcc8ea5fbe6a608a109c3893a1b8b2,0x5543180523b344c0f9cc875cd6d4048bd03966422d02e4d4a552547e01cfb827
32,5683.946034923821,1.2221052369689707,0xd16034c50b30a3dca9b8829b78d1755a66c55866,2017-10-30T04:30:27.000Z,0.00021501,0x4a8a287739ac4844e1260504ab4a479591726f1b,sell,0x8aa33a7899fcc8ea5fbe6a608a109c3893a1b8b2,0x439501fb5032ed2669c6d0f3cd7a64efb317d2df6a7c83685dc36fec3cf3076c
33,4287.1435872474485,0.943214460630311,0xd16034c50b30a3dca9b8829b78d1755a66c55866,2017-10-30T04:28:02.000Z,0.00022001,0x4a8a287739ac4844e1260504ab4a479591726f1b,sell,0x8aa33a7899fcc8ea5fbe6a608a109c3893a1b8b2,0x78573df446683bb5bd1b1444b3e37aa123288822a5f31711c8cce88ecd8f701a
34,15712.856412752551,3.456985539369689,0xd16034c50b30a3dca9b8829b78d1755a66c55866,2017-10-30T04:17:37.000Z,0.00022001,0x4a8a287739ac4844e1260504ab4a479591726f1b,sell,0x8aa33a7899fcc8ea5fbe6a608a109c3893a1b8b2,0xc31a256a2e2b342f83c498db2e9cadee96db1fd9efc6535897fa0fd2380e139b
35,3000,0.660033,0x2e26035b04213530deeea6a3874d0f4143bce939,2017-10-30T04:16:50.000Z,0.000220011,0x4a8a287739ac4844e1260504ab4a479591726f1b,sell,0x8aa33a7899fcc8ea5fbe6a608a109c3893a1b8b2,0x84d7c0094b2d50851acf7395de3f774e6c3f4f29147a30fc3885ddf9dcd7da5d
36,10000,2.28,0xb787711b90c7a1be361204ce79ecdaf06c0157d7,2017-10-30T04:16:32.000Z,0.000228,0x4a8a287739ac4844e1260504ab4a479591726f1b,sell,0x8aa33a7899fcc8ea5fbe6a608a109c3893a1b8b2,0xa9b8ebccd2c01551daca4f4cafb548f4000656fe26b6d884e88ab5ac55004b8d
37,3000,0.684003,0x2e26035b04213530deeea6a3874d0f4143bce939,2017-10-30T04:15:06.000Z,0.000228001,0x4a8a287739ac4844e1260504ab4a479591726f1b,sell,0x8aa33a7899fcc8ea5fbe6a608a109c3893a1b8b2,0x746a5d00279870495f278a73718f4927c7068381eec7d9360e4123089a767fd2
38,510.505,0.11742125505,0xd16034c50b30a3dca9b8829b78d1755a66c55866,2017-10-30T04:15:06.000Z,0.00023001,0x4a8a287739ac4844e1260504ab4a479591726f1b,sell,0x8aa33a7899fcc8ea5fbe6a608a109c3893a1b8b2,0x5d18ce5ad4071c558a9f07790d0865bfd25793282054722a573e0fb674496a04
39,997.922,0.23950128,0x82d99d98115565d2a58e99fc53704cee56e3c0de,2017-10-30T04:15:06.000Z,0.00024,0x4a8a287739ac4844e1260504ab4a479591726f1b,sell,0x8aa33a7899fcc8ea5fbe6a608a109c3893a1b8b2,0x81addfd0aa5312b12af59aaeb9c6221ce997297b9aeaca2ce3984b26acdc359e
40,1.6672948477887,0.000383494487939878,0xd16034c50b30a3dca9b8829b78d1755a66c55866,2017-10-30T01:59:06.000Z,0.00023000999999999946,0x379374d13077e8867ef31803c37baf9785a17c00,sell,0x8aa33a7899fcc8ea5fbe6a608a109c3893a1b8b2,0x7c2f671ad8ebf8171cc965341f4e72e197c590964393759a738d88279ac7b774
41,2.0779678471878,0.000498712283325072,0x82d99d98115565d2a58e99fc53704cee56e3c0de,2017-10-30T01:59:06.000Z,0.00024,0x16e5d97bbc92417e051e3b2cabfbf8ceea2acb9c,sell,0x8aa33a7899fcc8ea5fbe6a608a109c3893a1b8b2,0xdcf0b2aa5ce70c03c5cde60b7a246ccbb4cf21981e29ca574670827d8973fbab
42,1409.6301465457084,0.3242290300069784,0xd16034c50b30a3dca9b8829b78d1755a66c55866,2017-10-29T23:09:23.000Z,0.00023001,0xa557da67435af9ac2723c6a2d701b416b10ed59e,sell,0x8aa33a7899fcc8ea5fbe6a608a109c3893a1b8b2,0xf53181c0c0f4116c482b75b410fdcd061156cd54b1c175ba96b201e03167cb4e
43,2000,0.460022,0x2e26035b04213530deeea6a3874d0f4143bce939,2017-10-29T23:08:46.000Z,0.000230011,0xa557da67435af9ac2723c6a2d701b416b10ed59e,sell,0x8aa33a7899fcc8ea5fbe6a608a109c3893a1b8b2,0x988dafe676809a876e8f150d9f8f99b76b8aa6820fdc2b1b4cbeecf27e035e0c
44,8078.197150888502,1.8580661266758642,0xd16034c50b30a3dca9b8829b78d1755a66c55866,2017-10-29T13:51:18.000Z,0.00023001,0xf3019dc6a28af019e2d6730f3d2defe3bdb28e62,sell,0x8aa33a7899fcc8ea5fbe6a608a109c3893a1b8b2,0x9b564f0c13302bbe92cd05075874de9971247654592e422219508282e5e66da8
45,12500,3.1124999875,0x4268a24ae14e9c36be109e4fc7bac6ff54ef7c34,2017-10-29T03:10:38.000Z,0.000248999999,0xbcce870909b3dbbe28f744f69b080dbdeeb7748a,buy,0x8aa33a7899fcc8ea5fbe6a608a109c3893a1b8b2,0x2be53f0e1318a4e2b254e3d45443d829534b5695ed91da4de73fb2363784d72b
46,1349.5123985644502,0.3049911515879643,0x2e26035b04213530deeea6a3874d0f4143bce939,2017-10-29T00:57:41.000Z,0.00022600099999999998,0xdea025c3f2bc0f876f3649568e7c93d9396e6958,sell,0x8aa33a7899fcc8ea5fbe6a608a109c3893a1b8b2,0x4cdcb31c4f6a7a53a48222f3fca8346bfbcd512f70d8b447d11dd038246d24d1
47,644.371,0.1482697671,0xd16034c50b30a3dca9b8829b78d1755a66c55866,2017-10-29T00:47:28.000Z,0.0002301,0xdea025c3f2bc0f876f3649568e7c93d9396e6958,sell,0x8aa33a7899fcc8ea5fbe6a608a109c3893a1b8b2,0x6f8e27370665bd1ad81a78f4fbe7f872159a46d32902fa6e53053eb9cfad9eb5
48,1.8029477921900086,0.00041485828698292,0xd16034c50b30a3dca9b8829b78d1755a66c55866,2017-10-28T23:18:31.000Z,0.00023009999999999944,0x0ac7b6509b298bbf654f85e8ad5b7312193ab8d1,sell,0x8aa33a7899fcc8ea5fbe6a608a109c3893a1b8b2,0x0a0b165b8c86b652decb2e8cb88fefea8f411f0cec53904aa76c12ff046d9be0
49,18085.369303457977,4.1614434767256805,0xd16034c50b30a3dca9b8829b78d1755a66c55866,2017-10-28T23:12:13.000Z,0.00023009999999999998,0x0ac7b6509b298bbf654f85e8ad5b7312193ab8d1,sell,0x8aa33a7899fcc8ea5fbe6a608a109c3893a1b8b2,0xa336e8479562e75b6a20e002146d416bb6801382e421770149a7173343c9128d
50,6838.051896013264,1.6411324550431834,0xeb772f9b86bbbe88136ebc190170fc09b220b31a,2017-10-28T23:10:37.000Z,0.00023999999999999998,0x0ac7b6509b298bbf654f85e8ad5b7312193ab8d1,sell,0x8aa33a7899fcc8ea5fbe6a608a109c3893a1b8b2,0x9814b1f91477695d2f351df2b2be45e93b612c36469386b10f90d4f0bd870713
51,1.9841269841269842,0.0005,0x34f9560c63078eb61872a4dc2ccd20e21c34feaf,2017-10-28T20:09:35.000Z,0.000252,0xd16034c50b30a3dca9b8829b78d1755a66c55866,buy,0x8aa33a7899fcc8ea5fbe6a608a109c3893a1b8b2,0xcf0c65c73eead8cc44011f83993f101023e81d762a1c94093602fd6d53b0e50f
52,1.9841269841269842,0.0005,0xe444a40689f51f63bcd29910622035707d533d29,2017-10-28T20:07:33.000Z,0.000252,0xd16034c50b30a3dca9b8829b78d1755a66c55866,buy,0x8aa33a7899fcc8ea5fbe6a608a109c3893a1b8b2,0x3b6f31634f24fc587a810c58bf366053ed187039e226868b336efdcc8465b05b
53,422.68980471448,0.1014455531314752,0xeb772f9b86bbbe88136ebc190170fc09b220b31a,2017-10-28T19:14:01.000Z,0.00023999999999999998,0x5bb2a478386b25b9f8a7b1e97110d0f3989ecc30,sell,0x8aa33a7899fcc8ea5fbe6a608a109c3893a1b8b2,0xc4d2038ab5d0e17fec809cf05ea64070e2ae56dfbf1ea18a83dbdeda0cf9af23
54,4000,0.96,0xd16034c50b30a3dca9b8829b78d1755a66c55866,2017-10-28T18:32:52.000Z,0.00024,0xa630db8aff1937ec3f065afb21b7c203fa0af175,buy,0x8aa33a7899fcc8ea5fbe6a608a109c3893a1b8b2,0xdfa49f20d6ea3272afae684c4aaba17c4d391aa547b9a5f51efb48aae7f7c63b
55,239.258299272256,0.05742199182534144,0xeb772f9b86bbbe88136ebc190170fc09b220b31a,2017-10-28T17:55:34.000Z,0.00023999999999999998,0xe3a576e1e3f0d8519b617c01191712d8658ec96a,sell,0x8aa33a7899fcc8ea5fbe6a608a109c3893a1b8b2,0x40a3ed765d884dbc485e4a149d6563de4986967a560a97e5f3f0761c38182ff0
56,1196.9,0.299225,0xeb772f9b86bbbe88136ebc190170fc09b220b31a,2017-10-28T02:11:02.000Z,0.00025,0xd16034c50b30a3dca9b8829b78d1755a66c55866,buy,0x8aa33a7899fcc8ea5fbe6a608a109c3893a1b8b2,0xe14834125ac8dfb7042311c11dee6ea802751b5851b66c161075964c45464906
57,72.16481507327285,0.016605123948360084,0xd16034c50b30a3dca9b8829b78d1755a66c55866,2017-10-27T23:57:18.000Z,0.00023009999999999998,0x38a4ff00c207cbd78ab34b6ddd1b8754e4498508,sell,0x8aa33a7899fcc8ea5fbe6a608a109c3893a1b8b2,0xf031a2524c5a5b1eeae46d47cd23016183a0461c5094af8f042afa123b1131c0
58,299.07287409032,0.06881666832818263,0xd16034c50b30a3dca9b8829b78d1755a66c55866,2017-10-27T19:47:06.000Z,0.00023009999999999998,0x2cf1bc72c2aa695e7f0dac1015cb8d108d43592e,sell,0x8aa33a7899fcc8ea5fbe6a608a109c3893a1b8b2,0x01f1847e782d8695c868ecbc463c106b606fb5c0eabd7cae76672f9af1e7cd1c
59,897.21862227096,0.2064500049845479,0xd16034c50b30a3dca9b8829b78d1755a66c55866,2017-10-27T19:10:51.000Z,0.00023009999999999998,0x1bf15213224fb270d712efd7e189e23d5c0c57d8,sell,0x8aa33a7899fcc8ea5fbe6a608a109c3893a1b8b2,0x2390562fa8a3256657f4326417af7836370561a1e7e2ba19e494872b429d382c
60,3842.0287109959127,0.9028767470840394,0xd16034c50b30a3dca9b8829b78d1755a66c55866,2017-10-27T10:44:04.000Z,0.000235,0x41d496d95ba5ac3906c74d031f57ab4a9cda23f1,sell,0x8aa33a7899fcc8ea5fbe6a608a109c3893a1b8b2,0x019d7c8f21b9c5ab4abd1b70705b9556b1e09f3a97a0a8876ac984ac65f6c19d
61,16000,3.968,0xd16034c50b30a3dca9b8829b78d1755a66c55866,2017-10-26T21:18:26.000Z,0.000248,0x809dc23e62ad2a834df491d5e29ff2fac3373d66,sell,0x8aa33a7899fcc8ea5fbe6a608a109c3893a1b8b2,0x273856702488024e252feef01eb8f6b95189850f6a00ad28a047c9e274cdd592
62,15000,3.7503,0xd16034c50b30a3dca9b8829b78d1755a66c55866,2017-10-26T20:05:45.000Z,0.00025002,0x809dc23e62ad2a834df491d5e29ff2fac3373d66,sell,0x8aa33a7899fcc8ea5fbe6a608a109c3893a1b8b2,0x52ce537030527e8f1c7cbdac127ef4cfd1cbc986f7ba69105e3679d268deb76b
63,3588.87448908384,0.8975775097198684,0xd16034c50b30a3dca9b8829b78d1755a66c55866,2017-10-26T13:30:27.000Z,0.0002501,0xe6fe4cbee8d62718fadb696189a83aadcca8b4e3,sell,0x8aa33a7899fcc8ea5fbe6a608a109c3893a1b8b2,0xc827d68d6013538e98b162d7993433c478931261ef90e9a6a71e721d6352b927
64,4128.241611603144,0.9990385982495724,0x1ccb0927a54ecf90d082569f0f823e22c34c87fd,2017-10-26T04:34:57.000Z,0.000242001,0x4a8a287739ac4844e1260504ab4a479591726f1b,sell,0x8aa33a7899fcc8ea5fbe6a608a109c3893a1b8b2,0x489bcc235fe97e312770721a0c4e977c0dc153ca0990e82035f7abdc0de86562
65,5000,1.21005,0x3dee4a4e076e8d82859d241db0baf46f112cfa23,2017-10-26T04:33:59.000Z,0.00024201,0x4a8a287739ac4844e1260504ab4a479591726f1b,sell,0x8aa33a7899fcc8ea5fbe6a608a109c3893a1b8b2,0x4f9b19015dd81aacc656720436fedde810b3f59d5193ab03ef71726844e8963b
66,3967.7001295982454,0.960187399062905,0x1ccb0927a54ecf90d082569f0f823e22c34c87fd,2017-10-26T02:27:45.000Z,0.000242001,0x776d1fdae3453a2552f66c1cb9277371356fa1ec,sell,0x8aa33a7899fcc8ea5fbe6a608a109c3893a1b8b2,0x671fe8ac071c57c92430cf65f056e39e1f11f956b89fa4405a9864816d71053a
67,806.499850463563,0.19517296381218224,0xd16034c50b30a3dca9b8829b78d1755a66c55866,2017-10-26T02:10:02.000Z,0.000242,0x4efb789e4dc67e469799b91dca9ced6abd3c2414,sell,0x8aa33a7899fcc8ea5fbe6a608a109c3893a1b8b2,0x2047b89f724d314a8b60365d28765ef1aca59ceb85d524f2821651edec66c4ba
68,0.5,0.00011,0xd16034c50b30a3dca9b8829b78d1755a66c55866,2017-10-25T23:49:59.000Z,0.00022,0xde70fee2b4861d469985bc2eb7ae14c8c80d85da,sell,0x8aa33a7899fcc8ea5fbe6a608a109c3893a1b8b2,0xd9009e84b7e4f7216456c4175935adcb3c7be0621c8786807a2346869488e4a5
69,5313.124392383611,1.0626248784767223,0xa9b0f784e8b1b09587b86abf77dcb4e5104c3ce1,2017-10-25T23:48:27.000Z,0.00019999999999999998,0xde70fee2b4861d469985bc2eb7ae14c8c80d85da,sell,0x8aa33a7899fcc8ea5fbe6a608a109c3893a1b8b2,0xac7989f5580d40dfe720b5713f526fcef97fa8696680fded8f608b65dc6ce401
70,20000,4.44,0x1a5486b6d08a50a3f1082eee3633dc53c3d9da18,2017-10-25T23:48:10.000Z,0.000222,0xde70fee2b4861d469985bc2eb7ae14c8c80d85da,sell,0x8aa33a7899fcc8ea5fbe6a608a109c3893a1b8b2,0x9588c53f70817b977146661894ea226ffdbbe266868393ab925da6575950fc3e
71,3000,0.666003,0x2e26035b04213530deeea6a3874d0f4143bce939,2017-10-25T23:46:50.000Z,0.000222001,0xde70fee2b4861d469985bc2eb7ae14c8c80d85da,sell,0x8aa33a7899fcc8ea5fbe6a608a109c3893a1b8b2,0x90265366da14d08dd5d4173d9cd90b47782e9b6bdc7bd44d70b12b3e6bdd8a4c
72,1110.976,0.251081686976,0x3dee4a4e076e8d82859d241db0baf46f112cfa23,2017-10-25T23:46:17.000Z,0.000226001,0xde70fee2b4861d469985bc2eb7ae14c8c80d85da,sell,0x8aa33a7899fcc8ea5fbe6a608a109c3893a1b8b2,0x800ce49b6d0cac98a36c779ce6c961b3d908c54e92006d3c516fffafc70d25b3
73,5000,1.11005,0x3dee4a4e076e8d82859d241db0baf46f112cfa23,2017-10-25T23:46:17.000Z,0.00022201,0xde70fee2b4861d469985bc2eb7ae14c8c80d85da,sell,0x8aa33a7899fcc8ea5fbe6a608a109c3893a1b8b2,0x6d840472ea75466c8de5d6be5a670b3718a80d0b741bf514a884156f94ed29db
74,7000,1.5967,0x0ce4b16411b408bc9f06d456175db3cc79b25299,2017-10-25T23:45:57.000Z,0.0002281,0xde70fee2b4861d469985bc2eb7ae14c8c80d85da,sell,0x8aa33a7899fcc8ea5fbe6a608a109c3893a1b8b2,0xc4d607f5980b96fc682b69f5aec4b1033adff6a47a9d5de022b561984ff9e4b0
75,5000,1.130055,0x2e26035b04213530deeea6a3874d0f4143bce939,2017-10-25T23:45:57.000Z,0.000226011,0xde70fee2b4861d469985bc2eb7ae14c8c80d85da,sell,0x8aa33a7899fcc8ea5fbe6a608a109c3893a1b8b2,0x8b6d9f5ad990eda1449effb68a78eecfce95a50c5c51758251d8156f3aac94b0
76,10000,2.28,0x1a5486b6d08a50a3f1082eee3633dc53c3d9da18,2017-10-25T23:45:57.000Z,0.000228,0xde70fee2b4861d469985bc2eb7ae14c8c80d85da,sell,0x8aa33a7899fcc8ea5fbe6a608a109c3893a1b8b2,0x42fa5bd5ae05e6b82f8e1a78a342b826dc5e119c62c57a78e18aa9792ccdc422
77,13365.998,3.341512865998,0xd16034c50b30a3dca9b8829b78d1755a66c55866,2017-10-25T23:43:58.000Z,0.000250001,0xde70fee2b4861d469985bc2eb7ae14c8c80d85da,sell,0x8aa33a7899fcc8ea5fbe6a608a109c3893a1b8b2,0x568cf62aa3054237ae653d3af15376b67adaa55df485449ceaf24a737a0efa00
78,1678.0019070989665,0.4195021547766487,0xd16034c50b30a3dca9b8829b78d1755a66c55866,2017-10-25T23:43:03.000Z,0.00025000099999999997,0x1ed014aec47fae44c9e55bac7662c0b78ae61798,sell,0x8aa33a7899fcc8ea5fbe6a608a109c3893a1b8b2,0xeb83fbfa9080c5e5843d5d690e4383f0a66b3f773972d360c6e86afa1b3cae30
79,10966.005383311734,2.7416110058817664,0xd16034c50b30a3dca9b8829b78d1755a66c55866,2017-10-25T20:56:00.000Z,0.00025001,0x552ffd1a0de671e211cb4a3e82a2f7f19996cec8,sell,0x8aa33a7899fcc8ea5fbe6a608a109c3893a1b8b2,0x69562ad63ecdc9a4bb0fe9f57eeb58c509914999380b1f31d8b0e5d06a82e158
80,2990.7287409032,0.747712092513209,0xd16034c50b30a3dca9b8829b78d1755a66c55866,2017-10-25T20:34:42.000Z,0.00025001,0xae7c6278977c633e6e77eb2a08e884394d826c26,sell,0x8aa33a7899fcc8ea5fbe6a608a109c3893a1b8b2,0x21a095789c309f70dd6548d90a4cb0f7640490a8f2952cf509dd3e457ac30953
81,463.7970068247757,0.1057503555261171,0x6bad391397f5f6047d3b6752576ee1a4ae3d2927,2017-10-25T18:03:37.000Z,0.00022800999999999998,0x9f11f3757414ed99d322db68842d0b14cc5a6b2c,sell,0x8aa33a7899fcc8ea5fbe6a608a109c3893a1b8b2,0x324002e154d739b9a999fa915e1515cd20873cc40a335281e080b6c6c0d79c11
82,3889.023521550346,0.8789232048938997,0x3dee4a4e076e8d82859d241db0baf46f112cfa23,2017-10-25T12:07:05.000Z,0.00022600099999999998,0x255f8b318d6890d4bb898e769e2fa43bb6a187b5,sell,0x8aa33a7899fcc8ea5fbe6a608a109c3893a1b8b2,0xec9e45e1e1c094b58a7b22335ed3be88786bf472dcdae2f116d02936fec59e20
83,3404.9446715182935,0.7831372744492074,0x1a5486b6d08a50a3f1082eee3633dc53c3d9da18,2017-10-25T12:05:26.000Z,0.00022999999999999998,0x255f8b318d6890d4bb898e769e2fa43bb6a187b5,sell,0x8aa33a7899fcc8ea5fbe6a608a109c3893a1b8b2,0xf84cf3b3e8ef10fd7e19897c9002da9478c0a30b897c5da2581229fecc4d1488
84,280.124,0.07981293008,0xdea025c3f2bc0f876f3649568e7c93d9396e6958,2017-10-25T11:12:10.000Z,0.00028492,0x91c5970433f669c6a37dfc3d7c007d2ebc6fd3d9,buy,0x8aa33a7899fcc8ea5fbe6a608a109c3893a1b8b2,0x59e67a824af410df794ffd0876b6fec1015b9426e27cef10ccce036b31ffcac0
85,1595.0553284817067,0.3668627255507925,0x1a5486b6d08a50a3f1082eee3633dc53c3d9da18,2017-10-25T10:31:35.000Z,0.00022999999999999998,0x90b543a33d2d152807b118980b34ec08ebf9ed1b,sell,0x8aa33a7899fcc8ea5fbe6a608a109c3893a1b8b2,0x19b4377b75f4ce31f606a22c5c1dc299500682d58b659c14f1072f3e5ae63b2f
86,4400,0.968,0x7aa6e2506316f6d613277d4f2f4e4e1dc55e528e,2017-10-25T03:31:14.000Z,0.00022,0x8e12c0703faae87342c03ad17196f30ddc525319,buy,0x8aa33a7899fcc8ea5fbe6a608a109c3893a1b8b2,0x9775fb8000433fc46bcb4ce1bd0c1043e994b429d45143921f90345a1fdd0283
87,4386.8,1.00905217468,0xbcce870909b3dbbe28f744f69b080dbdeeb7748a,2017-10-25T03:31:14.000Z,0.0002300201,0x7aa6e2506316f6d613277d4f2f4e4e1dc55e528e,sell,0x8aa33a7899fcc8ea5fbe6a608a109c3893a1b8b2,0x9775fb8000433fc46bcb4ce1bd0c1043e994b429d45143921f90345a1fdd0283
88,9970,2.293320337,0xbcce870909b3dbbe28f744f69b080dbdeeb7748a,2017-10-25T03:27:27.000Z,0.0002300221,0x273a5d3e6721b9f5c1a6474f560c1334c63dda01,sell,0x8aa33a7899fcc8ea5fbe6a608a109c3893a1b8b2,0x49b9d9f478e3f19ffce5ed8bd9f46499e5e45ad45a65fbcd11765dc140a27f51
89,10000,2.2,0x273a5d3e6721b9f5c1a6474f560c1334c63dda01,2017-10-25T03:27:27.000Z,0.00022,0x8e12c0703faae87342c03ad17196f30ddc525319,buy,0x8aa33a7899fcc8ea5fbe6a608a109c3893a1b8b2,0x49b9d9f478e3f19ffce5ed8bd9f46499e5e45ad45a65fbcd11765dc140a27f51
90,19938.191606021333,4.586222709600239,0xe1e1d0d73eeb29d0632bc4c7871bfc74dbed0741,2017-10-25T03:13:18.000Z,0.000230022,0x8171340c6db18288ccddfa7520405b16db64ceea,sell,0x8aa33a7899fcc8ea5fbe6a608a109c3893a1b8b2,0xb192f5c3f6f99d785190f4bd926fd06ed87c0d787c10ef20788baf0888bcc359
91,5,0.0014246,0x0b773d7819259d78757b26dc4148812d35676d8f,2017-10-24T17:41:38.000Z,0.00028492,0x91c5970433f669c6a37dfc3d7c007d2ebc6fd3d9,buy,0x8aa33a7899fcc8ea5fbe6a608a109c3893a1b8b2,0xd607c29cb58116dc8fb65ac21b41c84e584633b5fe82506bc513efc3b64c8748
92,2000,0.46,0x2559e8f91fce20a5436ae4d20e3b3cc736fbd8cf,2017-10-24T08:15:52.000Z,0.00023,0x3a293bed8818746230a8f50e5aa8bbda9c10b7cc,buy,0x8aa33a7899fcc8ea5fbe6a608a109c3893a1b8b2,0xb074bf1e0da91a6e71d5fc127654744eb998eaa558bd658945d5e0c97282622a
93,0.31802518761473564,0.00007155630326369,0x2559e8f91fce20a5436ae4d20e3b3cc736fbd8cf,2017-10-24T01:08:15.000Z,0.00022500199999999764,0x4126b4809f749102565ab2f27347a0283794e0dc,sell,0x8aa33a7899fcc8ea5fbe6a608a109c3893a1b8b2,0xb627c42c88a088e2f941decdb00e9c0425084b596cb5aaa21a3cf9459bcd3ff6
94,1,0.000284,0xc4fc1690394caf190c4b76f7b3afbdb69932c719,2017-10-23T15:57:30.000Z,0.000284,0xb787711b90c7a1be361204ce79ecdaf06c0157d7,buy,0x8aa33a7899fcc8ea5fbe6a608a109c3893a1b8b2,0x21b67d60e0b65f472da05ff50902604b76d2ecd85a8cbccd53f00e8637d8b5b8
95,808.892,0.195752672892,0x2c588125082e49ffbb59b0c209654f6cbcf19f6e,2017-10-23T13:38:38.000Z,0.000242001,0x45214f73c569abd92f292f9ff7733abdf8cb838b,sell,0x8aa33a7899fcc8ea5fbe6a608a109c3893a1b8b2,0x00651e80124876858b1e00090d3028df208c5255dccf267a3cfc1be1af4ff2f9
96,3190.1106569634135,0.772009969095803,0x2c588125082e49ffbb59b0c209654f6cbcf19f6e,2017-10-23T07:04:45.000Z,0.000242001,0x4126b4809f749102565ab2f27347a0283794e0dc,sell,0x8aa33a7899fcc8ea5fbe6a608a109c3893a1b8b2,0x40874cf4b41a90d45e396f6cef7546d9f93d234980994dc1c8ec30139339609d
97,3.3333333333333335,0.001,0x4a57d0208164a1c1c63c75395dc444428a07b50a,2017-10-23T05:05:11.000Z,0.0003,0x809dc23e62ad2a834df491d5e29ff2fac3373d66,buy,0x8aa33a7899fcc8ea5fbe6a608a109c3893a1b8b2,0x9b6e1c035d4e237a40cac25ad58dad8bae25fd4266687503425d0843b51bc766
98,0.9969095803010667,0.000241253115342438,0x2c588125082e49ffbb59b0c209654f6cbcf19f6e,2017-10-23T03:44:28.000Z,0.00024200099999999956,0x7d053385a05276eedcaf706325ae34ae544741a6,sell,0x8aa33a7899fcc8ea5fbe6a608a109c3893a1b8b2,0x9f07daf17b988a08a4f1ac115007521d36ea8be770c1947b3cd354facd169974
99,1,0.00029,0xe1fa699860444be91d366c21de8fef56e3dec77a,2017-10-22T18:17:20.000Z,0.00029,0x25e199aeda3d9a05b9b5329ea0e465ae80e756dd,buy,0x8aa33a7899fcc8ea5fbe6a608a109c3893a1b8b2,0x364374c7f79698611186daf8885c17000378bff003bbecbde025cfd603cbf788
100,4700,0.5311094,0xc1913f681dac6675f5793b5cd6cd33db12ddb14a,2017-10-22T10:19:27.000Z,0.000113002,0x4d517d272ce8d879d8891518e70153b49d2cdb96,sell,0x8aa33a7899fcc8ea5fbe6a608a109c3893a1b8b2,0xaf0030492606ef733643508c3d11974951285abb579232f91796d1546fdb694c
101,351.55001981624883,0.08261425465681847,0x1a5486b6d08a50a3f1082eee3633dc53c3d9da18,2017-10-22T07:33:14.000Z,0.000235,0x1f65ba8cf181757a1a5006e59c6373f0468f16cd,sell,0x8aa33a7899fcc8ea5fbe6a608a109c3893a1b8b2,0x26c0e8d58cb26f2cb35b610bafdddb422c2b14bdc39d3364055306f55258f501
102,6000,1.470006,0x3dee4a4e076e8d82859d241db0baf46f112cfa23,2017-10-22T07:32:15.000Z,0.000245001,0x1f65ba8cf181757a1a5006e59c6373f0468f16cd,sell,0x8aa33a7899fcc8ea5fbe6a608a109c3893a1b8b2,0xf0766fc5ae1ae83f367b17d6757055ff100a96a503f178fcabbd4b26e32e5b92
103,2000,0.502004,0x2e26035b04213530deeea6a3874d0f4143bce939,2017-10-22T07:29:53.000Z,0.000251002,0x1f65ba8cf181757a1a5006e59c6373f0468f16cd,sell,0x8aa33a7899fcc8ea5fbe6a608a109c3893a1b8b2,0xca5e2c3b85b95d63ad3040dd7c0ef6a5956b8bb617be0785b1aac9e44c81905b
104,3000,0.753009,0x2e26035b04213530deeea6a3874d0f4143bce939,2017-10-22T07:29:53.000Z,0.000251003,0x1f65ba8cf181757a1a5006e59c6373f0468f16cd,sell,0x8aa33a7899fcc8ea5fbe6a608a109c3893a1b8b2,0x219f0a20bda5c803e56bebb1a1c3fdc64a0a028adc8897d62e60497ddaf2addc
105,60000,15.06,0x632d7de0037bca4cdb13a4189473b7489e051dee,2017-10-22T07:29:53.000Z,0.000251,0x1f65ba8cf181757a1a5006e59c6373f0468f16cd,sell,0x8aa33a7899fcc8ea5fbe6a608a109c3893a1b8b2,0xc4add634ff129e16738e11771cffdbece50dad6798c251daa66e3242a61b5e5e
106,2000,0.502002,0x2e26035b04213530deeea6a3874d0f4143bce939,2017-10-22T07:29:53.000Z,0.000251001,0x1f65ba8cf181757a1a5006e59c6373f0468f16cd,sell,0x8aa33a7899fcc8ea5fbe6a608a109c3893a1b8b2,0x50cfb59fe95f25df818cbe62093602cd9883c32cf76a523d2429da69a6f3184d
107,397.168776791945,0.10008653175157013,0xb787711b90c7a1be361204ce79ecdaf06c0157d7,2017-10-22T07:29:16.000Z,0.000252,0x1f65ba8cf181757a1a5006e59c6373f0468f16cd,sell,0x8aa33a7899fcc8ea5fbe6a608a109c3893a1b8b2,0xfafb8605f7ed42c2b1bc5523cf234814ddaca2765fb5e96c62922fe51434f2e7
108,5000,1.265,0x2559e8f91fce20a5436ae4d20e3b3cc736fbd8cf,2017-10-22T07:29:16.000Z,0.000253,0x1f65ba8cf181757a1a5006e59c6373f0468f16cd,sell,0x8aa33a7899fcc8ea5fbe6a608a109c3893a1b8b2,0x93822ce4f37fe5128233df3ea877122034a38030af8669ee8c8ac8b98e98a745
109,1011.964,0.26311064,0x2559e8f91fce20a5436ae4d20e3b3cc736fbd8cf,2017-10-22T07:29:08.000Z,0.00026,0x1f65ba8cf181757a1a5006e59c6373f0468f16cd,sell,0x8aa33a7899fcc8ea5fbe6a608a109c3893a1b8b2,0x0062116b136c858de814194613563f1498e47c15b8862370c4c68f5a5bf18ff1
110,0.3975314845184196,0.000103358185974789,0x2559e8f91fce20a5436ae4d20e3b3cc736fbd8cf,2017-10-22T05:19:00.000Z,0.00025999999999999976,0x6f7995b4cae23afb0afab7f3a1fa1b97c0908240,sell,0x8aa33a7899fcc8ea5fbe6a608a109c3893a1b8b2,0xdb7fb8757a5f25c46569b6964927b9d1efc082eff8f50854c8d4be4d6646ad65
111,3987.638321204267,1.0367859635131094,0x2559e8f91fce20a5436ae4d20e3b3cc736fbd8cf,2017-10-22T05:18:09.000Z,0.00026,0x6f7995b4cae23afb0afab7f3a1fa1b97c0908240,sell,0x8aa33a7899fcc8ea5fbe6a608a109c3893a1b8b2,0xe4478f2b8094c75b63270cbc7d830ffccd3ab8d89c22ef2c55a9a05acdd6834b
112,4000,1.1696,0x632d7de0037bca4cdb13a4189473b7489e051dee,2017-10-21T09:57:49.000Z,0.0002924,0xb787711b90c7a1be361204ce79ecdaf06c0157d7,buy,0x8aa33a7899fcc8ea5fbe6a608a109c3893a1b8b2,0x277a646bfba44d0dd2777ee33b0af476df02c4a9f69b1cbb10172b1e5646b65c
113,5000,1.462,0x632d7de0037bca4cdb13a4189473b7489e051dee,2017-10-21T09:57:49.000Z,0.0002924,0xba3955307c5029358dbbe4534acc26f80d87f1ef,buy,0x8aa33a7899fcc8ea5fbe6a608a109c3893a1b8b2,0xdc7d7a65830d36cf3cdba9f1aa6bfa353139472036e34a721c214000c2f452f2
114,59.278,0.01666660248,0x5d5065b42bdee0274e394ba9042c21e1818c69cf,2017-10-20T04:02:35.000Z,0.00028116,0x6a1eb61a8ba39437a87d8ef888a6f89c7bba8b26,sell,0x8aa33a7899fcc8ea5fbe6a608a109c3893a1b8b2,0x0a6f35b2e6f1889876b995d4b5bc247de6b0eb7485467a3b3fde726da9603f58
115,35.598914623763136,0.01011009175314873,0x47d727e765eb89338171545bcee661c53e35c6b1,2017-10-20T04:02:35.000Z,0.00028399999999999996,0x6a1eb61a8ba39437a87d8ef888a6f89c7bba8b26,sell,0x8aa33a7899fcc8ea5fbe6a608a109c3893a1b8b2,0xc4279964a3074171ea3a43a3d75c525d36793463260501362f48cbfc9df14466
116,30,0.008775,0x96373170538a83c7674ef92f41d195203a8abe09,2017-10-19T23:34:50.000Z,0.0002925,0xb787711b90c7a1be361204ce79ecdaf06c0157d7,buy,0x8aa33a7899fcc8ea5fbe6a608a109c3893a1b8b2,0x98e6ef7b846d4248edbb13127bea75dc714b46652e6ee7be6d251b4887adbc4a
117,744.6914564848968,0.18096002392582994,0x632d7de0037bca4cdb13a4189473b7489e051dee,2017-10-19T20:10:31.000Z,0.000243,0x95852572d90fbc970309a453960e7268ae0444bb,sell,0x8aa33a7899fcc8ea5fbe6a608a109c3893a1b8b2,0x52786f0f3049b77e7e3dd3bb05972490869e35326459301f628ad9ac1cb38aff
118,1,0.0002925,0x6cdea8e07bf82d7a07dbf36642d6e5be8623845c,2017-10-19T15:03:46.000Z,0.0002925,0xb787711b90c7a1be361204ce79ecdaf06c0157d7,buy,0x8aa33a7899fcc8ea5fbe6a608a109c3893a1b8b2,0x7c8e2e46a4e3c34c432e264acedefb7d556b504a278e0f76e1d71dc8ece11453
119,2.9814861338881467,0.000846742062024233,0x47d727e765eb89338171545bcee661c53e35c6b1,2017-10-19T15:02:38.000Z,0.00028399999999999975,0x45bd8d4f6b8116cea6b65dbc065b448a4bff761c,sell,0x8aa33a7899fcc8ea5fbe6a608a109c3893a1b8b2,0xd2a69c0d5624dc9c5390f04c927dac5303099b098df774e858c06e546fee8a50
120,29907.287409032,7.237653274847971,0xe1e1d0d73eeb29d0632bc4c7871bfc74dbed0741,2017-10-19T15:01:22.000Z,0.000242003,0x45bd8d4f6b8116cea6b65dbc065b448a4bff761c,sell,0x8aa33a7899fcc8ea5fbe6a608a109c3893a1b8b2,0x15fdaa5e423f3d1fa14c4bdc31cb8bba1b9a37aab952920af7005aefacfa993a
121,6961.419599242348,1.9770431661848271,0x47d727e765eb89338171545bcee661c53e35c6b1,2017-10-19T09:56:47.000Z,0.00028399999999999996,0x9778550d76b07ac9f5e57392f68ecdf6efc1774e,sell,0x8aa33a7899fcc8ea5fbe6a608a109c3893a1b8b2,0x2a9478474d7bab6b1f47c8bcc80c09727e81f7f7f5bea91565b9a8edcf788eb2
122,3103.5,0.9093255,0x47d727e765eb89338171545bcee661c53e35c6b1,2017-10-19T09:18:26.000Z,0.000293,0x92028995c0b8e0426ae660b920c50ee097d434d0,buy,0x8aa33a7899fcc8ea5fbe6a608a109c3893a1b8b2,0xb4f5762242859f950a6d31de4fcf42e1a8c4b26bd746b5713bd36ba359678e52
123,3000.819,0.87023751,0x47d727e765eb89338171545bcee661c53e35c6b1,2017-10-19T09:12:18.000Z,0.00029,0x1a5486b6d08a50a3f1082eee3633dc53c3d9da18,buy,0x8aa33a7899fcc8ea5fbe6a608a109c3893a1b8b2,0x3a1611e4df886205f66126f9d27ee55ed7c3b8bccab479a023cc0497fd1bb30e
124,1776,0.504384,0x47d727e765eb89338171545bcee661c53e35c6b1,2017-10-19T09:12:18.000Z,0.000284,0x0bbbedfbc145ec0618e9d3f6e29f37707648d70f,buy,0x8aa33a7899fcc8ea5fbe6a608a109c3893a1b8b2,0xd8600d71dbd25352bd965657e910ab38e58b402551ae16a405719dcdc56c4c66
125,3987.638321204267,0.8892433456285515,0x632d7de0037bca4cdb13a4189473b7489e051dee,2017-10-19T04:11:58.000Z,0.000223,0xeae19fb98c68427c20c414678aa2b90bc4daac91,sell,0x8aa33a7899fcc8ea5fbe6a608a109c3893a1b8b2,0xf4c02186966baea3dfab432ed51d149cf218c6f28643b22bd20da5c9369f7797
126,1.5,0.0004395,0x359a434bcd08ddc98f2f0ecbf5990cf922e953e6,2017-10-19T01:38:02.000Z,0.000293,0x92028995c0b8e0426ae660b920c50ee097d434d0,buy,0x8aa33a7899fcc8ea5fbe6a608a109c3893a1b8b2,0xa6c48cd2c161756e4ece47b79628fccd323a12acaec0af0c4ec231459ef3ba81
127,335,0.10016165,0x87eb8e079ded802c2ee2b34af5641884ae5aec05,2017-10-18T19:42:06.000Z,0.00029899,0x91c5970433f669c6a37dfc3d7c007d2ebc6fd3d9,buy,0x8aa33a7899fcc8ea5fbe6a608a109c3893a1b8b2,0xe505d9f142614689535e9a0b5dd5154aa245e72b69e2b37f9efd10a69fa77069
128,1993.8191606021335,0.4286711195294587,0x632d7de0037bca4cdb13a4189473b7489e051dee,2017-10-18T18:14:15.000Z,0.000215,0xa50382a9b22b0720698d39131fcbe289841a54bd,sell,0x8aa33a7899fcc8ea5fbe6a608a109c3893a1b8b2,0xb24bafd665185ce8797824c6b3fcad0b23d87b49b7d92b08d14d8b382e93e09d
129,1,0.0003,0x3ac636ac5c3a2576156ac5f10066ca68abe0ad54,2017-10-18T16:17:38.000Z,0.0003,0xba3955307c5029358dbbe4534acc26f80d87f1ef,buy,0x8aa33a7899fcc8ea5fbe6a608a109c3893a1b8b2,0xf16afbdb5209b404afe268c84230898a1ebe3e1c371b95ff9f023aed4d11d7ec
130,1.6722967323321851,0.0005,0x379374d13077e8867ef31803c37baf9785a17c00,2017-10-18T15:04:52.000Z,0.00029899,0x91c5970433f669c6a37dfc3d7c007d2ebc6fd3d9,buy,0x8aa33a7899fcc8ea5fbe6a608a109c3893a1b8b2,0x69ae1ea7896eea299b788cd92be6b956154ee6d6926c1139ed9182bbaf51e61d
131,1.6722967323321851,0.0005,0xf9695cd65d6dfdf257fab76a3eb0cb8f001971cc,2017-10-18T15:02:56.000Z,0.00029899,0x91c5970433f669c6a37dfc3d7c007d2ebc6fd3d9,buy,0x8aa33a7899fcc8ea5fbe6a608a109c3893a1b8b2,0x114997f0d9b18ce5b83fe42457e396e13dbe13e729483bfeeaa27446b2353eba
132,1493.2802990728742,0.27476357502940885,0x0bbbedfbc145ec0618e9d3f6e29f37707648d70f,2017-10-18T11:23:07.000Z,0.000184,0xca0644e787fe3b4df915ff6ad2e5de47b3d50997,sell,0x8aa33a7899fcc8ea5fbe6a608a109c3893a1b8b2,0x537baec3a97e1b67f2c969b4dc1d3d445c0efbacefbcc8511e419b9bd719545f
133,7748.844,1.43353614,0xf9a51086b5ed37c64187d70baf5c45ffeadf573b,2017-10-18T11:19:47.000Z,0.000185,0xca0644e787fe3b4df915ff6ad2e5de47b3d50997,sell,0x8aa33a7899fcc8ea5fbe6a608a109c3893a1b8b2,0x28a7ba53d50be0f0c9a4ad67894ceb51b85aad9ac7efcdceffdffd9dd45117cb
134,2251.1558968524805,0.4164638409177089,0xf9a51086b5ed37c64187d70baf5c45ffeadf573b,2017-10-18T04:59:37.000Z,0.000185,0x3dee4a4e076e8d82859d241db0baf46f112cfa23,sell,0x8aa33a7899fcc8ea5fbe6a608a109c3893a1b8b2,0xc98d983a8a93e4bc4bfba086f3aa0d6da3032c5588179cd8206aee6fdefffc5d
135,338.9492573023627,0.06304490080749676,0x3dee4a4e076e8d82859d241db0baf46f112cfa23,2017-10-17T19:43:38.000Z,0.00018600099999999998,0x25f1a5d4e4ac5a3f7e51b5bdd046c6eb0fe910fa,sell,0x8aa33a7899fcc8ea5fbe6a608a109c3893a1b8b2,0xac90ac0132d6963e6fe3c299cf67469b19196f40262a95fee0ec2fe5c876dbd5
136,897.21862227096,0.16688356096102083,0x3dee4a4e076e8d82859d241db0baf46f112cfa23,2017-10-17T19:25:55.000Z,0.00018600099999999998,0x43c5e7f15608018c510798b0e8c7ff649ac059d3,sell,0x8aa33a7899fcc8ea5fbe6a608a109c3893a1b8b2,0x2660f0644d3df6086ee5dbe50ddfd7f64aca29d572383a2edcb6af7a59f1438a
137,498.45479015053337,0.09271308942278936,0x3dee4a4e076e8d82859d241db0baf46f112cfa23,2017-10-17T18:23:29.000Z,0.00018600099999999998,0x914ee72f3492a0304d1fc94b83047d3e9530b959,sell,0x8aa33a7899fcc8ea5fbe6a608a109c3893a1b8b2,0xc42dedf28f7ee66c45db32971f6f1fc6205d7604a7739b7d905d50d8284e2bca
138,523.3780205008179,0.09734883519117263,0x3dee4a4e076e8d82859d241db0baf46f112cfa23,2017-10-17T17:49:28.000Z,0.00018600099999999998,0xd7e4dab80c668c831f06a3c811e6700ce27ae4b7,sell,0x8aa33a7899fcc8ea5fbe6a608a109c3893a1b8b2,0x997f46f3447d593aa7c69fb3c06a6872317484ee210e1bf20a7a9f0f826b6883
139,2.084201750729471,0.0005,0x16e5d97bbc92417e051e3b2cabfbf8ceea2acb9c,2017-10-17T17:14:18.000Z,0.0002399,0xf0163f66ec80dda288e753e0a62c8eb71cd38684,buy,0x8aa33a7899fcc8ea5fbe6a608a109c3893a1b8b2,0xe7a621ed10c90629eb307afd76cbd5c153ba9481c95a7d541b3c6334cf1d91aa
140,11,0.0026389,0x97079c598f01269a9128cad8e2d1eb0a00b07cd3,2017-10-17T14:07:08.000Z,0.0002399,0xf0163f66ec80dda288e753e0a62c8eb71cd38684,buy,0x8aa33a7899fcc8ea5fbe6a608a109c3893a1b8b2,0x03cf350801ae0cafd1d972291aa76fe82c26d6cd1e8229b101a4ae22f3bd0143
141,2.100840336134454,0.0005,0xcd912af5286dc0b0a23edb30209734ecb60838b3,2017-10-17T04:53:04.000Z,0.000238,0x632d7de0037bca4cdb13a4189473b7489e051dee,buy,0x8aa33a7899fcc8ea5fbe6a608a109c3893a1b8b2,0x6d792967bd3cb512e3c062114ac0e92328d1f6e8f85d094ec99cdc2f268ca6a3
142,1794.43724454192,0.31583889941182336,0xe1e1d0d73eeb29d0632bc4c7871bfc74dbed0741,2017-10-17T03:38:49.000Z,0.00017601,0xc109f54175ba9e43df802f458ecb68dceb673b01,sell,0x8aa33a7899fcc8ea5fbe6a608a109c3893a1b8b2,0x8dfdfa1f990859b4a982605479b2b2294c5acc9958ffcf4ec8cb584354da696c
143,681,0.14982,0x632d7de0037bca4cdb13a4189473b7489e051dee,2017-10-17T00:51:56.000Z,0.00022,0x9bbde356dbc8bafd6af10fe1b4886324b312464e,buy,0x8aa33a7899fcc8ea5fbe6a608a109c3893a1b8b2,0x721d795e603e252d8eaa2f59b24f4d74c14526289643efea6ef4f189dbd5f5ae
144,8256.332,1.890700028,0x632d7de0037bca4cdb13a4189473b7489e051dee,2017-10-17T00:50:34.000Z,0.000229,0x0f1b76410215ed963ea2c3d3eaddd4a56350b422,buy,0x8aa33a7899fcc8ea5fbe6a608a109c3893a1b8b2,0x761b94af824c76add185d93bd91aaa51929caf28389c118764e3099068f49d42
145,43.668,0.009999972,0xa10cefa3d041e48d2889f34c0341560929b43e39,2017-10-16T20:47:17.000Z,0.000229,0x0f1b76410215ed963ea2c3d3eaddd4a56350b422,buy,0x8aa33a7899fcc8ea5fbe6a608a109c3893a1b8b2,0x7f69f982a25244891f1f927019bd0252650f0572d99eeeec4062f9a184a1f0c0
146,1000,0.229,0x90ed00636b54a22c93964abab54c507026621b2a,2017-10-16T19:14:31.000Z,0.000229,0x0f1b76410215ed963ea2c3d3eaddd4a56350b422,buy,0x8aa33a7899fcc8ea5fbe6a608a109c3893a1b8b2,0x0a8e95bb9533e01da9ed5b5086743072a763a918cff68f792e0b4ad81769b624
147,282.6438042069584,0.04635358388994118,0x0bbbedfbc145ec0618e9d3f6e29f37707648d70f,2017-10-16T17:50:33.000Z,0.000164,0x992b4609935fe143891bfc7b69f18d12a87a9872,sell,0x8aa33a7899fcc8ea5fbe6a608a109c3893a1b8b2,0x9eb39cea66e655a42d4be631ebc38f9de11056e29b926b751b3f98bb847c44ae
148,9300,1.02579,0x0f1b76410215ed963ea2c3d3eaddd4a56350b422,2017-10-16T09:38:53.000Z,0.0001103,0x5dabadc33af25cdc6d68570df662d7a04ce129d6,sell,0x8aa33a7899fcc8ea5fbe6a608a109c3893a1b8b2,0x6941c645d45a9c05064b63eb5580c8bf1ae9fafa2a80e2f651afc49c328d1093
149,20000,2.4,0xa9b0f784e8b1b09587b86abf77dcb4e5104c3ce1,2017-10-16T09:34:53.000Z,0.00012,0x5dabadc33af25cdc6d68570df662d7a04ce129d6,sell,0x8aa33a7899fcc8ea5fbe6a608a109c3893a1b8b2,0x44a9c5bc050f05f477c86031f9a753595bf91d399fe1cee580e402da2e83a230
150,40000,6.844,0xe1e1d0d73eeb29d0632bc4c7871bfc74dbed0741,2017-10-16T09:31:54.000Z,0.0001711,0x5dabadc33af25cdc6d68570df662d7a04ce129d6,sell,0x8aa33a7899fcc8ea5fbe6a608a109c3893a1b8b2,0x2a24f5d536cd11d07787ef3c3bd0ec1161b9c3f0a191cdc903fce878fcd74ec1
151,30500.309,5.368054384,0x632d7de0037bca4cdb13a4189473b7489e051dee,2017-10-16T09:31:23.000Z,0.000176,0x5dabadc33af25cdc6d68570df662d7a04ce129d6,sell,0x8aa33a7899fcc8ea5fbe6a608a109c3893a1b8b2,0x3e5a1bca8635df897b68aea9910da022d87c81f05c387aa3c3e82d1bbe6fbb99
152,99.69095803010667,0.017545608613298774,0x632d7de0037bca4cdb13a4189473b7489e051dee,2017-10-16T06:59:47.000Z,0.000176,0x72f90eb02e45aec19fa7d8e012ddc17c632ccf15,sell,0x8aa33a7899fcc8ea5fbe6a608a109c3893a1b8b2,0x20fed3970186d4b4d241a951e4a16fe5cfe40eb129991ab3255435cb9830b694
153,10789.233376532748,1.7478558069983052,0x632d7de0037bca4cdb13a4189473b7489e051dee,2017-10-16T02:06:58.000Z,0.00016199999999999998,0x235f75df10eb13eded6fe70bd56762dae3196270,sell,0x8aa33a7899fcc8ea5fbe6a608a109c3893a1b8b2,0xd8a2e58b9f35ac2c2351c3a447a90e2365af9a0eeb3f35e23b2faad26817985d
154,20000,3.244,0xe1e1d0d73eeb29d0632bc4c7871bfc74dbed0741,2017-10-16T02:06:39.000Z,0.0001622,0x235f75df10eb13eded6fe70bd56762dae3196270,sell,0x8aa33a7899fcc8ea5fbe6a608a109c3893a1b8b2,0x387a3c606f3c181bf4436c7df9c3c2fef41e2b81a733699b37f620a73a67d7cb
155,598.14574818064,0.11065696341341841,0xc01e20d5dc444344127d86f998c6f714f5809383,2017-10-14T16:32:21.000Z,0.000185,0xdee68c8b5b594feac6eb5fd761a058c728a42476,sell,0x8aa33a7899fcc8ea5fbe6a608a109c3893a1b8b2,0x2ffc31bc2c665866f9189c992415b423f2ae536d2c1fe88db0561df7fec5adc3
156,4835,1.025044175,0x105a1374763f0ba6131bc1c4b842bb4a1a6eefc9,2017-10-13T17:54:47.000Z,0.000212005,0x522a39ed9e643c051cf0d7935e3e36669584d0e6,sell,0x8aa33a7899fcc8ea5fbe6a608a109c3893a1b8b2,0xb232b36a948e461474170fdf3e517ccbc2a6e6be4b6ad3c3f8589df8f4929b24
157,2415.067,0.5122357107,0xc01e20d5dc444344127d86f998c6f714f5809383,2017-10-13T17:51:27.000Z,0.0002121,0x522a39ed9e643c051cf0d7935e3e36669584d0e6,sell,0x8aa33a7899fcc8ea5fbe6a608a109c3893a1b8b2,0xad105e6c409fb26561714aebec0b3cca1e329a3eb2f0bcd330d3459da7afd964
158,36666,7.809858,0x0f1b76410215ed963ea2c3d3eaddd4a56350b422,2017-10-13T17:48:17.000Z,0.000213,0x522a39ed9e643c051cf0d7935e3e36669584d0e6,sell,0x8aa33a7899fcc8ea5fbe6a608a109c3893a1b8b2,0xa51f93933272f4cfa980cf91be3c68e1f4695ffc7716d145a6e66648e03b34ca
159,6000,1.278006,0x3dee4a4e076e8d82859d241db0baf46f112cfa23,2017-10-13T17:42:25.000Z,0.000213001,0x522a39ed9e643c051cf0d7935e3e36669584d0e6,sell,0x8aa33a7899fcc8ea5fbe6a608a109c3893a1b8b2,0x4577ede1082289ef542954ddc5fb6ab7efce8fb2c6eefd45ca4f2b45f26577dc
160,1027.8137772903997,0.22097996211743595,0x1a5486b6d08a50a3f1082eee3633dc53c3d9da18,2017-10-13T12:59:00.000Z,0.000215,0x9bbde356dbc8bafd6af10fe1b4886324b312464e,sell,0x8aa33a7899fcc8ea5fbe6a608a109c3893a1b8b2,0xe899ea789c8e9db329bcea979dd3e4c48203c706be59d0e0b9dd4ab0242bac03
161,450,0.11340495,0x36ae02c0a243c1021d9b9bd675802bf49c4162df,2017-10-13T12:57:45.000Z,0.000252011,0x9bbde356dbc8bafd6af10fe1b4886324b312464e,sell,0x8aa33a7899fcc8ea5fbe6a608a109c3893a1b8b2,0xdfa3aad108f4b29dd387d5cbd2abe227c6578718c52cf995fafa742d524408ae
162,8972.1862227096,1.9290200378825642,0x1a5486b6d08a50a3f1082eee3633dc53c3d9da18,2017-10-13T10:19:34.000Z,0.000215,0x97677751e84c0dc6b2f598fa35cac91c209e80d2,sell,0x8aa33a7899fcc8ea5fbe6a608a109c3893a1b8b2,0x423d3545d1efcf286bece9dd3c7672c95fa358dc8935c1ed9d7a732f36231a50
163,4032.7875493000174,1.0162624624236043,0x632d7de0037bca4cdb13a4189473b7489e051dee,2017-10-13T05:13:54.000Z,0.000252,0x0ce4b16411b408bc9f06d456175db3cc79b25299,sell,0x8aa33a7899fcc8ea5fbe6a608a109c3893a1b8b2,0x4279d6fe1718355c43e58526b9be10053fe80680d1a448c47e3aaad001133721
164,3644.5020436646396,0.9184145150034891,0x632d7de0037bca4cdb13a4189473b7489e051dee,2017-10-12T21:48:09.000Z,0.000252,0x4f9eab0394e41fc5d43f3bf99e92148399da77a3,sell,0x8aa33a7899fcc8ea5fbe6a608a109c3893a1b8b2,0x434993c8629e4a9ecf38f85188f4a7c430e0c36d87326585d9a3ac53b4d08996
165,36,0.009396,0xd7abd9d82fa7b9d25ae2f0bad3a2c9809dc9c422,2017-10-12T14:07:00.000Z,0.000261,0x9bbde356dbc8bafd6af10fe1b4886324b312464e,sell,0x8aa33a7899fcc8ea5fbe6a608a109c3893a1b8b2,0xa755b97b71061a8be598769a6358d10c3ddffd710e470cab98a50026e46e0671
166,4045.2515902570776,1.0517654134668402,0x0ce4b16411b408bc9f06d456175db3cc79b25299,2017-10-12T08:01:37.000Z,0.00026,0x89a03a29010c5929c3d2a7709ab162d166295b0c,sell,0x8aa33a7899fcc8ea5fbe6a608a109c3893a1b8b2,0xf21dbc5fdbe5f49f286b97a81c0ff663c8200019587c6b69c77290b16ef4d259
167,490,0.13818,0x632d7de0037bca4cdb13a4189473b7489e051dee,2017-10-11T21:25:36.000Z,0.000282,0x2657624b32f334571101af8ecd30a16ba895a7ee,sell,0x8aa33a7899fcc8ea5fbe6a608a109c3893a1b8b2,0x786b1110e3b3444f5d5dd3eb51b8bc8168719453ee10ff8221942ccfb0eb2f82
168,3344.593,0.99999986107,0x167d2ab5324d28fdc71d8362f42c705df112cd49,2017-10-11T20:08:58.000Z,0.00029899,0xad64261fe58b9142e384289515aebcc456dd7417,buy,0x8aa33a7899fcc8ea5fbe6a608a109c3893a1b8b2,0x70c769255f1a5e9639af095f2d4796db0d1c29755ca3d1e30d08fa978bc2ac90
169,270,0.080973,0xdea025c3f2bc0f876f3649568e7c93d9396e6958,2017-10-11T09:52:30.000Z,0.0002999,0xa99d3d94e9c7448de1f9d15eb6d22d91f7cc17a5,buy,0x8aa33a7899fcc8ea5fbe6a608a109c3893a1b8b2,0xb92ec02f5af49454a812c1ec42a50b7df076e787dc13aa66bd506d8fbc035e06
170,1449.876,0.4334978452896,0xdea025c3f2bc0f876f3649568e7c93d9396e6958,2017-10-11T09:50:45.000Z,0.0002989896,0xbcce870909b3dbbe28f744f69b080dbdeeb7748a,buy,0x8aa33a7899fcc8ea5fbe6a608a109c3893a1b8b2,0xed34b831a570d47c5f5cd312d97c5587b9e847006e3bb6c8b57c697e319d3650
171,11308.140206188406,3.3800031076297143,0x632d7de0037bca4cdb13a4189473b7489e051dee,2017-10-11T07:15:40.000Z,0.0002989,0x56a331aa13c963f3f57b3e474bf68316bc42c60c,buy,0x8aa33a7899fcc8ea5fbe6a608a109c3893a1b8b2,0x82eac3f79c46ac791c46f97a549039b93ac22bc16305b37d9c87526b86aab40a
172,7248.506,1.94977562894,0x75f157da5b8fe9cc61c40e8f9ba22d99cebc55d2,2017-10-11T00:45:11.000Z,0.00026899,0xad64261fe58b9142e384289515aebcc456dd7417,buy,0x8aa33a7899fcc8ea5fbe6a608a109c3893a1b8b2,0xbc7ebf2922ef96b3f09c18739282d97a1d5e6a166fcbe9989bda5e9eb44dcb7f
173,1304.891,0.2767809519664,0xbcce870909b3dbbe28f744f69b080dbdeeb7748a,2017-10-11T00:41:23.000Z,0.0002121104,0xf86b703db1fbf8f658a2cfdf63f339aad985ac37,sell,0x8aa33a7899fcc8ea5fbe6a608a109c3893a1b8b2,0x6c7dec10dea15f5bade243fd725630fea4ec7c3ea0659d1523fb47d58e4bc9eb
174,6691.699,1.80000011401,0x75f157da5b8fe9cc61c40e8f9ba22d99cebc55d2,2017-10-10T23:45:59.000Z,0.00026899,0xad64261fe58b9142e384289515aebcc456dd7417,buy,0x8aa33a7899fcc8ea5fbe6a608a109c3893a1b8b2,0x637d71619bbf61ac4680fa7acc25c554cbb0ea93008ccbfb18ec294fc6becbc1
175,5576,1.49988824,0xf732b16f5aee6cd2db5b30a7a3860764a48b19ff,2017-10-10T23:41:55.000Z,0.00026899,0xad64261fe58b9142e384289515aebcc456dd7417,buy,0x8aa33a7899fcc8ea5fbe6a608a109c3893a1b8b2,0xa3936ebbd8d9a098d5918468f2cfd21509d6e25c85a7a249bae377751e2d87d6
176,11152.831,3.00000001069,0xf142f26d1cac4ba8a6e6d7974d243eda2fe5f4f9,2017-10-10T23:37:39.000Z,0.00026899,0xad64261fe58b9142e384289515aebcc456dd7417,buy,0x8aa33a7899fcc8ea5fbe6a608a109c3893a1b8b2,0x16462bbf6db4330494a153d005e76fbc2bd7735d11759f3187f74bdff7cb6c07
177,3717,0.99983583,0xf732b16f5aee6cd2db5b30a7a3860764a48b19ff,2017-10-10T23:27:22.000Z,0.00026899,0xad64261fe58b9142e384289515aebcc456dd7417,buy,0x8aa33a7899fcc8ea5fbe6a608a109c3893a1b8b2,0xfa7968d1acd4bdac878d7e89f86e35b5e024a943cf7f4ce0bc99086a57a91fcd
178,7435.221,2.00000009679,0x75f157da5b8fe9cc61c40e8f9ba22d99cebc55d2,2017-10-10T23:26:23.000Z,0.00026899,0xad64261fe58b9142e384289515aebcc456dd7417,buy,0x8aa33a7899fcc8ea5fbe6a608a109c3893a1b8b2,0x404e852bb12b81d03514dfa088908acf2afdcf38b76675d560070045a5b96b86
179,8178.743,2.20000007957,0x75f157da5b8fe9cc61c40e8f9ba22d99cebc55d2,2017-10-10T23:21:55.000Z,0.00026899,0xad64261fe58b9142e384289515aebcc456dd7417,buy,0x8aa33a7899fcc8ea5fbe6a608a109c3893a1b8b2,0x384599906a7adc885761e25761f75efc7b5c0255b5587f710cf261e7a7747aff
180,12600.484567678586,3.38953034870554,0xa88e8178a080f80f489d6ef3f37ebd481484547b,2017-10-10T10:26:55.000Z,0.000269,0x632d7de0037bca4cdb13a4189473b7489e051dee,buy,0x8aa33a7899fcc8ea5fbe6a608a109c3893a1b8b2,0x0bf5299578df546b0b71f416a00a33c06074a334ca1d99a631ecd46c23a64bbb
181,578.8885370569365,0.16093101330182832,0x5ccba89b73b6ed1643fd0a989fd552a6bbe0efe9,2017-10-09T07:59:05.000Z,0.000278,0xe89a2a7a15cbaae3c58a03d79485373e216226d6,sell,0x8aa33a7899fcc8ea5fbe6a608a109c3893a1b8b2,0x6a4b13bccca0ac37c33b01225826e362d3023fd79c891c49928100de88e3398d
182,0.007950629690368392,0.000002210275053922,0x5ccba89b73b6ed1643fd0a989fd552a6bbe0efe9,2017-10-09T07:23:58.000Z,0.0002779999999999481,0x1099b992dffe76b4bdface01f3516aaca6309544,sell,0x8aa33a7899fcc8ea5fbe6a608a109c3893a1b8b2,0xaa95719126c53565f5b5ff85b0dd4cd95bd9869b319e08a10d069d461eca83af
183,79.75276642408534,0.022171269065895723,0x5ccba89b73b6ed1643fd0a989fd552a6bbe0efe9,2017-10-09T07:11:42.000Z,0.000278,0x1099b992dffe76b4bdface01f3516aaca6309544,sell,0x8aa33a7899fcc8ea5fbe6a608a109c3893a1b8b2,0x121175d7d89e3e22b0fb775b2fbfcacb1bd3783f189c3c96730b21423f2c8860
184,500,0.139,0x5ccba89b73b6ed1643fd0a989fd552a6bbe0efe9,2017-10-09T04:24:49.000Z,0.000278,0x6a1eb61a8ba39437a87d8ef888a6f89c7bba8b26,sell,0x8aa33a7899fcc8ea5fbe6a608a109c3893a1b8b2,0x17b2d88964d3857f1d4c75a6ca2052ae83c235cadffae472115c74b9275bca78
185,376.00445769973817,0.1045292392405272,0x5ccba89b73b6ed1643fd0a989fd552a6bbe0efe9,2017-10-09T03:46:16.000Z,0.000278,0x0ce4b16411b408bc9f06d456175db3cc79b25299,sell,0x8aa33a7899fcc8ea5fbe6a608a109c3893a1b8b2,0x2d5892bbcff3d55394f0129d83cd4bf3347ebc43cd4a90b3025320f11fd71f5d
186,1065.3462881895498,0.29616626811669483,0x5ccba89b73b6ed1643fd0a989fd552a6bbe0efe9,2017-10-08T22:56:41.000Z,0.000278,0xd4c0e225e5232d337d758c47415e37090ff24d17,sell,0x8aa33a7899fcc8ea5fbe6a608a109c3893a1b8b2,0xed3c665b3e4ff91fef59903fad037d9a59180d612b2986c3564b83f06587b373
187,3,0.000981,0x00fa15cc5ea762a2a53d364a46fb583ec50db671,2017-10-08T22:42:53.000Z,0.000327,0x56a331aa13c963f3f57b3e474bf68316bc42c60c,buy,0x8aa33a7899fcc8ea5fbe6a608a109c3893a1b8b2,0x6122454798dd91d1f9e15893cbc48d9ae83ce912158611c1e26ea457c8cf2cd3
188,75,0.025125,0x0adc54fbcb39e3bcb5a632b8e0e3dc8bfa0e2e47,2017-10-08T21:23:40.000Z,0.000335,0x6a1eb61a8ba39437a87d8ef888a6f89c7bba8b26,sell,0x8aa33a7899fcc8ea5fbe6a608a109c3893a1b8b2,0xbd7088e2778bc26f18a87c531995392c27962ded44f673f26d57bc7881bdc68c
189,1993.8191606021335,0.5403249925231781,0x1a5486b6d08a50a3f1082eee3633dc53c3d9da18,2017-10-08T20:19:25.000Z,0.000271,0xb8643478f578d7a90df455f098a81a4921a832c9,sell,0x8aa33a7899fcc8ea5fbe6a608a109c3893a1b8b2,0xd3878a30dbfddf975b72a8a8b51d790a14b58ee738adc701bbe689906d9658cf
190,7810,2.04622,0x632d7de0037bca4cdb13a4189473b7489e051dee,2017-10-08T18:16:57.000Z,0.000262,0x7250a3590fab3e1850a416f721481354adea9914,sell,0x8aa33a7899fcc8ea5fbe6a608a109c3893a1b8b2,0x58b661ca1a803a646cd82844a1197c908d2be4e96053ece1084de2c51c41c8fd
191,14123.218,3.8852972718,0x600bf5b4c26ab95cc6260e5fac8c77154308024e,2017-10-08T18:11:50.000Z,0.0002751,0x7250a3590fab3e1850a416f721481354adea9914,sell,0x8aa33a7899fcc8ea5fbe6a608a109c3893a1b8b2,0xf0d6d416015041df4e45fa24f10c634a7c517a98c4cbf2ddf69e5743cd6ebfb4
192,5876.781975874788,1.6167027215631542,0x600bf5b4c26ab95cc6260e5fac8c77154308024e,2017-10-08T17:34:04.000Z,0.00027509999999999996,0xe500b153319ce70d5c70e08a213ac27ff119383a,sell,0x8aa33a7899fcc8ea5fbe6a608a109c3893a1b8b2,0xd317ae4fd4152892744751e16bfeb6fa1f50cba433c0f93bf9423d8c92bc67f3
193,1679.9222410527366,0.4741076548699033,0x3dee4a4e076e8d82859d241db0baf46f112cfa23,2017-10-08T14:50:21.000Z,0.00028221999999999996,0x0c1cc12037bc7ab4e66f0905f7638bf4de3b99b9,sell,0x8aa33a7899fcc8ea5fbe6a608a109c3893a1b8b2,0x6df2d00d425082f9786d7156447d807e68181332dcc5c33cc2159a1626b9e946
194,5.99,0.00199997115,0x81a172067efc89cd3955c0053b4bc3a6f377a58e,2017-10-08T10:31:59.000Z,0.000333885,0xc86698b001fe9bce332be089f662b1bf6bb86840,buy,0x8aa33a7899fcc8ea5fbe6a608a109c3893a1b8b2,0x8f2e19e53bf991832ab293fcb67330ea7bbcd82b99b672339f9d2d40fdc71b03
195,7773.502143355598,2.1922830744691457,0xe1e1d0d73eeb29d0632bc4c7871bfc74dbed0741,2017-10-08T09:03:10.000Z,0.00028202,0x0a5ecc62f308e3f62846fa82270a53d4a15f2278,sell,0x8aa33a7899fcc8ea5fbe6a608a109c3893a1b8b2,0xcb97d9e46c15242dca796d129aaeab7fbe259f59009a5d82da313ad07504a13c
196,1794.43724454192,0.5063901904097299,0xe1e1d0d73eeb29d0632bc4c7871bfc74dbed0741,2017-10-08T04:57:25.000Z,0.0002822,0x7fa7139b088f4f5ab998b3e375351335a3d60ddf,sell,0x8aa33a7899fcc8ea5fbe6a608a109c3893a1b8b2,0xc9e3906cb9a01d3dd28d99264eefa02458f2e3b1d058a9c316761dc4c72e847f
197,1,0.000335,0x7d053385a05276eedcaf706325ae34ae544741a6,2017-10-07T21:31:45.000Z,0.000335,0x0ce4b16411b408bc9f06d456175db3cc79b25299,buy,0x8aa33a7899fcc8ea5fbe6a608a109c3893a1b8b2,0x2c7013493f781f57ea051629c52651ed1ced5cbd36141bbeaf8aa0f160a9a975
198,493.17381317914464,0.1489878089614196,0x3dee4a4e076e8d82859d241db0baf46f112cfa23,2017-10-07T13:53:17.000Z,0.00030209999999999997,0xd495826cabb093e7dca498d1a98e4dc55e0c29db,sell,0x8aa33a7899fcc8ea5fbe6a608a109c3893a1b8b2,0xe42863fe3e832a030ba1207eebe5907a5ff2dc868623122c25620912f8f3fd7b
199,125,0.04,0x4ec8264b52c79d09b613688369503a50af302241,2017-10-07T12:06:49.000Z,0.00032,0x4a8a287739ac4844e1260504ab4a479591726f1b,sell,0x8aa33a7899fcc8ea5fbe6a608a109c3893a1b8b2,0xabb03aab90e356a1052888e28955a557edea971a7fe0654194e1a6193da40ede
200,507.0648393978666,0.16226074860731732,0x4ec8264b52c79d09b613688369503a50af302241,2017-10-07T11:57:18.000Z,0.00031999999999999997,0x4a8a287739ac4844e1260504ab4a479591726f1b,sell,0x8aa33a7899fcc8ea5fbe6a608a109c3893a1b8b2,0x487d07b037c425df3ca4c7c80c3b3565eddd38cc5d0cfee333fb5d2fabf9b903
201,19999.999999999996,6.22,0xe1e1d0d73eeb29d0632bc4c7871bfc74dbed0741,2017-10-07T11:42:07.000Z,0.00031099999999999997,0x4a8a287739ac4844e1260504ab4a479591726f1b,sell,0x8aa33a7899fcc8ea5fbe6a608a109c3893a1b8b2,0xcd5888725feae1a54e4873eb64f5ca76ed77ef989624850d38ce2f33323e03cb
202,49999.999806066626,16.249999936971655,0xe89a2a7a15cbaae3c58a03d79485373e216226d6,2017-10-07T11:28:01.000Z,0.000325,0x4a8a287739ac4844e1260504ab4a479591726f1b,sell,0x8aa33a7899fcc8ea5fbe6a608a109c3893a1b8b2,0xf34fad7584fa659d84c954192ee9177fe4a08c71bb2eee16e8bf4a171d45d86a
203,0.000000000001927173,0.000000000000000599,0xe1e1d0d73eeb29d0632bc4c7871bfc74dbed0741,2017-10-07T11:19:28.000Z,0.0003108179701562859,0x4a8a287739ac4844e1260504ab4a479591726f1b,sell,0x8aa33a7899fcc8ea5fbe6a608a109c3893a1b8b2,0x86b835fac043b076947b4a55cc77f3910269eca095ee1136a7384247e3c7114b
204,0.000000019331476432,0.000000000006282729,0xe89a2a7a15cbaae3c58a03d79485373e216226d6,2017-10-07T11:09:37.000Z,0.00032499995652685905,0x4a8a287739ac4844e1260504ab4a479591726f1b,sell,0x8aa33a7899fcc8ea5fbe6a608a109c3893a1b8b2,0xd9199aed0360ba8c492dc9f8fead2c7753ee333f3c065a3f7a0764412b5c1eee
205,0.000193914040074927,0.000000063022063024,0xe89a2a7a15cbaae3c58a03d79485373e216226d6,2017-10-07T11:06:12.000Z,0.0003249999999981885,0x4a8a287739ac4844e1260504ab4a479591726f1b,sell,0x8aa33a7899fcc8ea5fbe6a608a109c3893a1b8b2,0xb98b87e1722cb2ada25ffa819ef5d1a570eb2f9aca82f83a228d2193ff08b100
206,377.3567616791098,0.12452773135410623,0x0ce4b16411b408bc9f06d456175db3cc79b25299,2017-10-07T10:53:25.000Z,0.00033,0x3dee4a4e076e8d82859d241db0baf46f112cfa23,sell,0x8aa33a7899fcc8ea5fbe6a608a109c3893a1b8b2,0x1f305c38fb2e1e057a3f1f2a1364d27e93c4f16a4a7566bb815dfb11fdd363e7
207,8290,2.9015,0x632d7de0037bca4cdb13a4189473b7489e051dee,2017-10-07T10:26:02.000Z,0.00035,0x0c1cc12037bc7ab4e66f0905f7638bf4de3b99b9,sell,0x8aa33a7899fcc8ea5fbe6a608a109c3893a1b8b2,0x3dede4acf573649c1ec65869838aef0a5820fcde291afbf60622fc4b717e8bfb
208,5,0.00184,0xeeb12121316645ac76b40ac9d130de4b2f655f6e,2017-10-07T10:18:08.000Z,0.000368,0xd495826cabb093e7dca498d1a98e4dc55e0c29db,buy,0x8aa33a7899fcc8ea5fbe6a608a109c3893a1b8b2,0x42aeeba55f6962b1f17faa41a2d8b9b8e2782b0f3f0e844d3361d0bfc0b7114d
209,5489,2.02538611,0x632d7de0037bca4cdb13a4189473b7489e051dee,2017-10-07T08:58:32.000Z,0.00036899,0xad64261fe58b9142e384289515aebcc456dd7417,buy,0x8aa33a7899fcc8ea5fbe6a608a109c3893a1b8b2,0x4de9c2c026d78e7a7a19dbd5dcdc38038df3c3211b2578d82ef48344b6147d2e
210,18066.614,6.630447338,0x632d7de0037bca4cdb13a4189473b7489e051dee,2017-10-07T08:56:16.000Z,0.000367,0x600bf5b4c26ab95cc6260e5fac8c77154308024e,buy,0x8aa33a7899fcc8ea5fbe6a608a109c3893a1b8b2,0xb2bf9a9eb4d00bcba5792a8b3d1b16119ac5ce41bc52ef4c54e79fc14671af02
211,1845.2298773928455,0.6616809817343005,0x23c09abbc301e4bd6396548f5f6005ab345afb7e,2017-10-07T08:38:36.000Z,0.00035859,0x6595732468a241312bc307f327ba0d64f02b3c20,buy,0x8aa33a7899fcc8ea5fbe6a608a109c3893a1b8b2,0xabc86d38ff6d5ab4827364ef07abb995ae540edca4bf6b384946d35c56e0aad0
212,13154.770122607155,4.717169018265699,0x632d7de0037bca4cdb13a4189473b7489e051dee,2017-10-07T08:32:34.000Z,0.00035859,0x6595732468a241312bc307f327ba0d64f02b3c20,buy,0x8aa33a7899fcc8ea5fbe6a608a109c3893a1b8b2,0xf0b0f8056f60fe4c502754aa4cded357d3a879846de553cb52eca4be5389b96f
213,5000,1.79295,0x632d7de0037bca4cdb13a4189473b7489e051dee,2017-10-07T08:14:35.000Z,0.00035859,0x6595732468a241312bc307f327ba0d64f02b3c20,buy,0x8aa33a7899fcc8ea5fbe6a608a109c3893a1b8b2,0x19e8c3f8290c223276933cee21c8a9984c7244232429b70f69d8defd788885f5
214,378.526567640315,0.12113228691057722,0x3dee4a4e076e8d82859d241db0baf46f112cfa23,2017-10-07T07:34:27.000Z,0.00032000999999999997,0x61c2eaa6d79b60b236decfec1d71b6e63ea3b744,sell,0x8aa33a7899fcc8ea5fbe6a608a109c3893a1b8b2,0x37c99bf924dba194c48ff3bb11c276c93a214e03a5445922048b1cd2a7156210
215,100,0.033,0x72f90eb02e45aec19fa7d8e012ddc17c632ccf15,2017-10-07T07:30:37.000Z,0.00033,0x61c2eaa6d79b60b236decfec1d71b6e63ea3b744,sell,0x8aa33a7899fcc8ea5fbe6a608a109c3893a1b8b2,0xe54fae593dbfb9764b7eaaa0619e8dfb5055467f361e36d515dd91e3b369cd3a
216,1933.3855250100676,0.7095524876786948,0x1ccb0927a54ecf90d082569f0f823e22c34c87fd,2017-10-07T03:26:57.000Z,0.000367,0x600bf5b4c26ab95cc6260e5fac8c77154308024e,buy,0x8aa33a7899fcc8ea5fbe6a608a109c3893a1b8b2,0x71652c98d182cdced9fdbfc6c2f799e53de7b2de532ad0901c86b6c1fd1d4a41
217,20000,6.8,0x92d59ff383d4952fd9a85854a28e5f3bcd8564e8,2017-10-06T22:48:53.000Z,0.00034,0x6595732468a241312bc307f327ba0d64f02b3c20,buy,0x8aa33a7899fcc8ea5fbe6a608a109c3893a1b8b2,0x4787612754d101e19cd4d9b7166b6bcba5d8961b9ec2f4187cbf8652d8683dc5
218,61331.792,21.6255898592,0x632d7de0037bca4cdb13a4189473b7489e051dee,2017-10-06T18:07:53.000Z,0.0003526,0xbfb50b318ebd18975bd60b8d21488a8595debe74,buy,0x8aa33a7899fcc8ea5fbe6a608a109c3893a1b8b2,0x7286f94de52ee9d3af79077ee0855f4b0862ed1417e358d4b75929b19ae5ad5d
219,16668.20759850259,5.877209999232014,0x632d7de0037bca4cdb13a4189473b7489e051dee,2017-10-06T17:19:59.000Z,0.0003526,0xbfb50b318ebd18975bd60b8d21488a8595debe74,buy,0x8aa33a7899fcc8ea5fbe6a608a109c3893a1b8b2,0x8da98b8802e9ba2f250e4739fb73cc8fcbe1be0cb4b14940f84a1c375bcc2151
220,99.116,0.03171712,0x4ec8264b52c79d09b613688369503a50af302241,2017-10-06T16:34:23.000Z,0.00032,0xd495826cabb093e7dca498d1a98e4dc55e0c29db,sell,0x8aa33a7899fcc8ea5fbe6a608a109c3893a1b8b2,0x85464af1bb1846775b0d4b8b7e595121138cbbf62813ef1c6dbafb064e815b48
221,500,0.175,0x632d7de0037bca4cdb13a4189473b7489e051dee,2017-10-06T16:22:52.000Z,0.00035,0x914ee72f3492a0304d1fc94b83047d3e9530b959,buy,0x8aa33a7899fcc8ea5fbe6a608a109c3893a1b8b2,0x6cd0466a92f32fff64402faff4b1e530eb93fbab83dc68a2e413b308ffd72604
222,999,0.3382614,0x632d7de0037bca4cdb13a4189473b7489e051dee,2017-10-06T16:22:36.000Z,0.0003386,0xd495826cabb093e7dca498d1a98e4dc55e0c29db,buy,0x8aa33a7899fcc8ea5fbe6a608a109c3893a1b8b2,0x202227b989e2218f66aa6939fa3fd7be8d887c57c48204c63ae32ef0a4652747
223,5996,2.03018564,0x632d7de0037bca4cdb13a4189473b7489e051dee,2017-10-06T16:18:53.000Z,0.00033859,0xe933b93898c9688ecb77949907c9437190be650a,buy,0x8aa33a7899fcc8ea5fbe6a608a109c3893a1b8b2,0xebde12f05fdb39f6cf0c253f8b67b7111e41837fb8227f93661f6c8de118b37e
224,1993.8191606021335,0.6380221313926827,0x4ec8264b52c79d09b613688369503a50af302241,2017-10-06T13:55:29.000Z,0.00031999999999999997,0x4a7ef8c589d5c1e5b13f040f1ef91e623a658de0,sell,0x8aa33a7899fcc8ea5fbe6a608a109c3893a1b8b2,0xe8babad2eada2125f6573ffec9ad7de8dbec19e9f2747cb83d80b95c61cd3886
225,500,0.1845,0xd495826cabb093e7dca498d1a98e4dc55e0c29db,2017-10-06T12:48:25.000Z,0.000369,0xd495826cabb093e7dca498d1a98e4dc55e0c29db,buy,0x8aa33a7899fcc8ea5fbe6a608a109c3893a1b8b2,0xde3999ecc9d57aadb4d844ac2850389f44f8b55d4f3606da086ba20ed64665af
226,400,0.128,0x4ec8264b52c79d09b613688369503a50af302241,2017-10-06T12:48:15.000Z,0.00032,0xd495826cabb093e7dca498d1a98e4dc55e0c29db,sell,0x8aa33a7899fcc8ea5fbe6a608a109c3893a1b8b2,0xa6506d8e2f0b60cec9e7ac4b71abfb0ce5ac0a12a870a6acd8979ea2d3c5dcd9
227,2,0.00067718,0x960b547fa23caeb25b9e36b915f58437a5db3405,2017-10-06T10:37:55.000Z,0.00033859,0xe933b93898c9688ecb77949907c9437190be650a,buy,0x8aa33a7899fcc8ea5fbe6a608a109c3893a1b8b2,0x70419c372c78e2a4d37e96df98db1ef6c6e267572af026e5818c8c1d2105e55c
228,7108.083415412222,1.9902633563154222,0x0ce4b16411b408bc9f06d456175db3cc79b25299,2017-10-06T05:32:02.000Z,0.00028,0x5297af4a463c39ca181a02c319d6a8bc26424fde,sell,0x8aa33a7899fcc8ea5fbe6a608a109c3893a1b8b2,0x49bd1015ea302c13e52cb71499a2e5324ff30a7ce26be9a4738a02d971338315
229,10000,3.2,0x632d7de0037bca4cdb13a4189473b7489e051dee,2017-10-05T23:31:20.000Z,0.00032,0xcf0dbf7b0439f57528c45367927df876141f8a1e,buy,0x8aa33a7899fcc8ea5fbe6a608a109c3893a1b8b2,0x597d5fd94ff69ddd48494a0b327fdc3b3d5cc9c5845ab9ef713244cd56363da6
230,552.353,0.1657059,0x632d7de0037bca4cdb13a4189473b7489e051dee,2017-10-05T21:02:51.000Z,0.0003,0xcf0dbf7b0439f57528c45367927df876141f8a1e,buy,0x8aa33a7899fcc8ea5fbe6a608a109c3893a1b8b2,0x961cf45221a1a47206e535080e1bfce7f43b8f606578e8f9d60b2258d3643374
231,4566.594,1.41564414,0x632d7de0037bca4cdb13a4189473b7489e051dee,2017-10-05T20:53:12.000Z,0.00031,0xcf0dbf7b0439f57528c45367927df876141f8a1e,buy,0x8aa33a7899fcc8ea5fbe6a608a109c3893a1b8b2,0x408c51d06c9e4087a072f660bc9029722779267105f81920f8511486c96dc943
232,4747.98,1.424394,0x669f0ab96fd3beb68bc836bb874894bbb516331a,2017-10-05T18:30:21.000Z,0.0003,0xcf0dbf7b0439f57528c45367927df876141f8a1e,buy,0x8aa33a7899fcc8ea5fbe6a608a109c3893a1b8b2,0xef2e294da9e2a1fb9913fa47894673e0bda28f1260947be08cf5caba60fcb657
233,3333,0.9999,0xf732b16f5aee6cd2db5b30a7a3860764a48b19ff,2017-10-05T18:28:36.000Z,0.0003,0xcf0dbf7b0439f57528c45367927df876141f8a1e,buy,0x8aa33a7899fcc8ea5fbe6a608a109c3893a1b8b2,0x3527a7bbb14a91aca4ecd0e7598fe098476ea5fd1e248c85fd1c1364b29f0550
234,3500,2.31,0xe89a2a7a15cbaae3c58a03d79485373e216226d6,2017-10-05T18:14:06.000Z,0.00066,0xcac0eb798903ffe73ab1776da3174e6e40e721c6,buy,0x8aa33a7899fcc8ea5fbe6a608a109c3893a1b8b2,0x80285275075fef4cda137135d35d6b507b965edb118473480a7e5ae460546cf0
235,1366.667,0.4100001,0x1a6b3ff9c17ba22980281cf2a5fa829b994bbd20,2017-10-05T18:10:08.000Z,0.0003,0xcf0dbf7b0439f57528c45367927df876141f8a1e,buy,0x8aa33a7899fcc8ea5fbe6a608a109c3893a1b8b2,0xaa31be95514ce1c6cb90a0f12301ef31f2f5df0b752878aba4c899688fff6107
236,7198.341,2.1595023,0x0ce4b16411b408bc9f06d456175db3cc79b25299,2017-10-05T18:07:41.000Z,0.0003,0xe37a419ed1876a33894e77db19685cdf818c03e6,buy,0x8aa33a7899fcc8ea5fbe6a608a109c3893a1b8b2,0x47f182bf88c902db260d6c8f502ef8fe6c9697533f1029d0519e2c113f5e4ddd
237,8232.291,2.38736439,0x632d7de0037bca4cdb13a4189473b7489e051dee,2017-10-05T16:49:49.000Z,0.00029,0xcf0dbf7b0439f57528c45367927df876141f8a1e,buy,0x8aa33a7899fcc8ea5fbe6a608a109c3893a1b8b2,0x96a0f21253334cbe32593ef79cdc4f455167ab01e7b018e84e0c4bfae25c0ec9
238,4627.4847971289,1.2494208952248032,0x632d7de0037bca4cdb13a4189473b7489e051dee,2017-10-05T16:27:19.000Z,0.00027,0x95a989504914386333ec1396bc229eaf61a96bb0,sell,0x8aa33a7899fcc8ea5fbe6a608a109c3893a1b8b2,0xf0a187590956880d750b0b7d5acc69cbaef272cdbc573c0b2f0c37d8348c8c29
239,1767.7087347201245,0.5126355330688361,0x4a8a287739ac4844e1260504ab4a479591726f1b,2017-10-05T15:23:20.000Z,0.00029,0xcf0dbf7b0439f57528c45367927df876141f8a1e,buy,0x8aa33a7899fcc8ea5fbe6a608a109c3893a1b8b2,0x0f462268cceb7ec1ca17d6f010c07a0c71c443682c3c633ba7db8bd2f62b919f
240,3500,1.155,0xe89a2a7a15cbaae3c58a03d79485373e216226d6,2017-10-05T15:15:13.000Z,0.00033,0xe89a2a7a15cbaae3c58a03d79485373e216226d6,buy,0x8aa33a7899fcc8ea5fbe6a608a109c3893a1b8b2,0x4ef10e51ce391fdde6b2921a6efc96bcdef7706ba9687d74f9fc9b7a6141bc16
241,3500,1.155,0xcac0eb798903ffe73ab1776da3174e6e40e721c6,2017-10-05T15:09:52.000Z,0.00033,0xe89a2a7a15cbaae3c58a03d79485373e216226d6,buy,0x8aa33a7899fcc8ea5fbe6a608a109c3893a1b8b2,0xeae3e5cb591a9ce52b8922294fca9fa274f44575633050ed7f410e7e89b5a325
242,3500,2.31,0xe89a2a7a15cbaae3c58a03d79485373e216226d6,2017-10-05T14:30:40.000Z,0.00066,0xe1821d597e7ffe1d523a0ffd121de7d4e6f2d299,buy,0x8aa33a7899fcc8ea5fbe6a608a109c3893a1b8b2,0x57b336035055d355961de6399162026465b5aa1d96738a6430239a02f51703fd
243,3500,1.155,0xe1821d597e7ffe1d523a0ffd121de7d4e6f2d299,2017-10-05T14:24:59.000Z,0.00033,0xe89a2a7a15cbaae3c58a03d79485373e216226d6,buy,0x8aa33a7899fcc8ea5fbe6a608a109c3893a1b8b2,0xbadaedeba7a5986dfe0467623226c7fee3d62f4061af0e8d9966fc2de2f0d325
244,2,0.00067718,0xbf52f67f8524587d6a7ab1f1f8d092c635b9587f,2017-10-05T14:04:12.000Z,0.00033859,0xe933b93898c9688ecb77949907c9437190be650a,buy,0x8aa33a7899fcc8ea5fbe6a608a109c3893a1b8b2,0x79fe0822f3babbab45c96a43bfea1e2b5c2868bca0f53ab90e4df559d6cd109e
245,10,0.00325,0xd8a62ad8a7efa8a3267932d2e478c026566fbe34,2017-10-05T12:10:50.000Z,0.000325,0xa931037c9f8c522704c1d27fc577565f42ccf45a,buy,0x8aa33a7899fcc8ea5fbe6a608a109c3893a1b8b2,0x245b3dbe465cffea4969d7e7a6a620ecc7a27ce689a47b4fc57f812693fb3af7
246,492.33,0.15508395,0x4a8a287739ac4844e1260504ab4a479591726f1b,2017-10-05T10:49:08.000Z,0.000315,0xc53539fd4d109840dbfe8c759ba7fc2e7200709b,buy,0x8aa33a7899fcc8ea5fbe6a608a109c3893a1b8b2,0xad452fafe8dce0e89faf67c323d5b5e8abee463d00d91015540e57d96c1c8e3c
247,14032.258,4.34999998,0x4a8a287739ac4844e1260504ab4a479591726f1b,2017-10-05T10:49:01.000Z,0.00031,0xe89a2a7a15cbaae3c58a03d79485373e216226d6,buy,0x8aa33a7899fcc8ea5fbe6a608a109c3893a1b8b2,0x61e410d950c64eab707e0ce8e088e22659ccd0b297c32112459cdd73f3622811
248,10967.742,3.40000002,0x4a8a287739ac4844e1260504ab4a479591726f1b,2017-10-05T10:37:22.000Z,0.00031,0xe89a2a7a15cbaae3c58a03d79485373e216226d6,buy,0x8aa33a7899fcc8ea5fbe6a608a109c3893a1b8b2,0x9281f9be56a166680b10747efcb954676561cdd9029087adfe8dd308110c5f76
249,1889.1436546705213,0.4968485594656565,0x1ccb0927a54ecf90d082569f0f823e22c34c87fd,2017-10-05T06:53:19.000Z,0.000263002,0x339b48a764e04f1174990ecaeb0369daa1ed0ae3,sell,0x8aa33a7899fcc8ea5fbe6a608a109c3893a1b8b2,0x3e2a81d699eb482c14831d82df3282e12560beca41e0158645fd31ed7ac0c608
250,2001.373829824362,0.5263653199914669,0x1ccb0927a54ecf90d082569f0f823e22c34c87fd,2017-10-05T06:44:14.000Z,0.000263002,0x1ed014aec47fae44c9e55bac7662c0b78ae61798,sell,0x8aa33a7899fcc8ea5fbe6a608a109c3893a1b8b2,0x2976b894013c220b0614bfb65e24a8626e5461cf8444f01253288c7a5eb75cab
251,20000,5.26004,0x600bf5b4c26ab95cc6260e5fac8c77154308024e,2017-10-05T06:17:59.000Z,0.000263002,0x339b48a764e04f1174990ecaeb0369daa1ed0ae3,sell,0x8aa33a7899fcc8ea5fbe6a608a109c3893a1b8b2,0xe9571d40dc3ac6870ba51e68fabbec56db8116a25fac2b5e81d05070e58752e5
252,2000,0.599998,0x4a8a287739ac4844e1260504ab4a479591726f1b,2017-10-05T03:55:47.000Z,0.000299999,0xe6392d0ae0b29df0bf524f1051682e71346363fc,buy,0x8aa33a7899fcc8ea5fbe6a608a109c3893a1b8b2,0x1a751c1c224e61e23a0d07f8a0d4a0cd554c372a050ba815b21dde05bb1801ab
253,1449.76,0.43347824,0x4a8a287739ac4844e1260504ab4a479591726f1b,2017-10-05T03:55:05.000Z,0.000299,0xd495826cabb093e7dca498d1a98e4dc55e0c29db,buy,0x8aa33a7899fcc8ea5fbe6a608a109c3893a1b8b2,0xeff8ec948517de92f2d86319f82a650e6cc8017455b261506ddb68ff893e8d82
254,1790,0.5191,0x4a8a287739ac4844e1260504ab4a479591726f1b,2017-10-05T03:51:12.000Z,0.00029,0x254fb89e4cab71708eaab16e067ca8156a38e18a,buy,0x8aa33a7899fcc8ea5fbe6a608a109c3893a1b8b2,0xecc954c67409d481ce5826c66aed4ad4c837109c55e54c46da1ce044477d1f8f
255,3000,0.9,0x273a5d3e6721b9f5c1a6474f560c1334c63dda01,2017-10-05T03:41:24.000Z,0.0003,0x339b48a764e04f1174990ecaeb0369daa1ed0ae3,buy,0x8aa33a7899fcc8ea5fbe6a608a109c3893a1b8b2,0xba9cb84bd8f1b6374d2383139e8552d062c6b2fb6c0342dc567adbe9d8a88175
256,2991,1.085735991,0x3dee4a4e076e8d82859d241db0baf46f112cfa23,2017-10-05T03:41:24.000Z,0.000363001,0x273a5d3e6721b9f5c1a6474f560c1334c63dda01,sell,0x8aa33a7899fcc8ea5fbe6a608a109c3893a1b8b2,0xba9cb84bd8f1b6374d2383139e8552d062c6b2fb6c0342dc567adbe9d8a88175
257,710,0.2059,0xc9a93d56409115d490cf1569adf93800749451ab,2017-10-05T03:16:43.000Z,0.00029,0x254fb89e4cab71708eaab16e067ca8156a38e18a,buy,0x8aa33a7899fcc8ea5fbe6a608a109c3893a1b8b2,0x1f9e3710cb552574c946a2f82cbb0e650b5b8f6a9b5d20e51ef86848eb403e38
258,1,0.000299,0x3e379f55f8faae407fae416f8ca096a82d2dee70,2017-10-05T01:15:12.000Z,0.000299,0xd495826cabb093e7dca498d1a98e4dc55e0c29db,buy,0x8aa33a7899fcc8ea5fbe6a608a109c3893a1b8b2,0x72119a5c9f7eab0a98d1aeb7a66cab3525a57fa93153b66e08ca13c6ed9a9572
259,2000,0.55,0xe89a2a7a15cbaae3c58a03d79485373e216226d6,2017-10-04T18:46:10.000Z,0.000275,0x244d39caeef917911aee2652b0af3e0ef5d51549,buy,0x8aa33a7899fcc8ea5fbe6a608a109c3893a1b8b2,0x32eea095a2c5feaa87d2d5bcb624819a25e231dcb6e20872e744a0f7eb6ffec7
260,15000,3.975,0x0ce4b16411b408bc9f06d456175db3cc79b25299,2017-10-04T17:17:37.000Z,0.000265,0x339b48a764e04f1174990ecaeb0369daa1ed0ae3,sell,0x8aa33a7899fcc8ea5fbe6a608a109c3893a1b8b2,0xa22843b89b84a01e8885294929e091363e210952009d50fb8e09f9be6a2e079d
261,5000,1.725,0x47d727e765eb89338171545bcee661c53e35c6b1,2017-10-04T14:33:16.000Z,0.000345,0x339b48a764e04f1174990ecaeb0369daa1ed0ae3,buy,0x8aa33a7899fcc8ea5fbe6a608a109c3893a1b8b2,0x396b89f361d2fb7a4f8a2705cfe97ac2fbb423dde2ec3959cd7f10a9fd7ee811
262,51.7490985312859,0.0201821484272015,0xb6ed27337d3bcf50b6e832af4938180972e35c0a,2017-10-04T12:08:29.000Z,0.00039,0xb6ed27337d3bcf50b6e832af4938180972e35c0a,buy,0x8aa33a7899fcc8ea5fbe6a608a109c3893a1b8b2,0x848e15c27412b13080edcd0b3e6339b46713b684f991ed1d9239acfad6392351
263,25000,9.55,0xe89a2a7a15cbaae3c58a03d79485373e216226d6,2017-10-04T10:52:54.000Z,0.000382,0x632d7de0037bca4cdb13a4189473b7489e051dee,buy,0x8aa33a7899fcc8ea5fbe6a608a109c3893a1b8b2,0x750d3480626560c6c57f72ec1ab78760b6e52bb43daf349f145d5c19374b5801
264,107.834,0.03450688,0xe89a2a7a15cbaae3c58a03d79485373e216226d6,2017-10-04T10:44:45.000Z,0.00032,0x254725732926fe73ab16ba7974a7ccbc5aa7f760,buy,0x8aa33a7899fcc8ea5fbe6a608a109c3893a1b8b2,0x1af4185b3d81503fc4789e55eec65d170a524d940b1b6b2f7756be142bc065de
265,5000,1.4995,0xe89a2a7a15cbaae3c58a03d79485373e216226d6,2017-10-04T10:33:48.000Z,0.0002999,0x339b48a764e04f1174990ecaeb0369daa1ed0ae3,buy,0x8aa33a7899fcc8ea5fbe6a608a109c3893a1b8b2,0x1fa21f3eb9073af2ce44f849cf0899ace9995168c2761f0b86638f8fa456b445
266,3987.638321204267,0.8653254909779683,0x1ccb0927a54ecf90d082569f0f823e22c34c87fd,2017-10-04T08:19:09.000Z,0.000217002,0x55053a93cfc3b04123d48f253701a6bff573d414,sell,0x8aa33a7899fcc8ea5fbe6a608a109c3893a1b8b2,0x89b005865ed0dc5dda686fd68a6578c29ccf314f0bb407c68709b75d653d4061
267,10742.869198653945,3.222753330904197,0x1ccb0927a54ecf90d082569f0f823e22c34c87fd,2017-10-04T05:56:21.000Z,0.00029999,0x632d7de0037bca4cdb13a4189473b7489e051dee,buy,0x8aa33a7899fcc8ea5fbe6a608a109c3893a1b8b2,0x3bc080d203fdcf556682703e73c08dc2424046424efb82f1c7e25a1d16af79ee
268,1.8,0.000539982,0x25ceac4b0fd802c4b9df7dd7c730d6c25903b11c,2017-10-04T05:49:20.000Z,0.00029999,0x632d7de0037bca4cdb13a4189473b7489e051dee,buy,0x8aa33a7899fcc8ea5fbe6a608a109c3893a1b8b2,0xf9c3519749986bd67bdea9b4c21d99410d24f1dfc25feb23e043525969666b8b
269,1000,0.28499,0x1ccb0927a54ecf90d082569f0f823e22c34c87fd,2017-10-04T03:42:31.000Z,0.00028499,0x254fb89e4cab71708eaab16e067ca8156a38e18a,buy,0x8aa33a7899fcc8ea5fbe6a608a109c3893a1b8b2,0xd87d93d600c864744cb19beb17162a482c5525ac2be21a75af5cb41ed7200f4a
270,503,0.135307,0x1ccb0927a54ecf90d082569f0f823e22c34c87fd,2017-10-04T03:41:54.000Z,0.000269,0x0ce4b16411b408bc9f06d456175db3cc79b25299,buy,0x8aa33a7899fcc8ea5fbe6a608a109c3893a1b8b2,0xd41586145d566c233675abc09322586b6d054a94d6eeecf4436a7d1a3f7b628f
271,20000,5.5,0x1ccb0927a54ecf90d082569f0f823e22c34c87fd,2017-10-04T02:20:51.000Z,0.000275,0x632d7de0037bca4cdb13a4189473b7489e051dee,buy,0x8aa33a7899fcc8ea5fbe6a608a109c3893a1b8b2,0x480c4d7961b05d6e0c2edd08a00c2019531660c8719e0c10ccc2fcd6afa58371
272,500,0.125,0x1ccb0927a54ecf90d082569f0f823e22c34c87fd,2017-10-04T02:19:37.000Z,0.00025,0x254fb89e4cab71708eaab16e067ca8156a38e18a,buy,0x8aa33a7899fcc8ea5fbe6a608a109c3893a1b8b2,0x17eba5ae3156a89ea21b393364fd30eee9f45be35f5c2988d2d078a6ecc0adad
273,0.005262422409183709,0.000001057746904245,0x23d3fd37fd9d7b37748444d8b324a5f60c3b3af6,2017-10-04T01:07:04.000Z,0.00020099999999982412,0x61fdaf07bb3998ba2785512c0ab3eab0a5cbe35b,sell,0x8aa33a7899fcc8ea5fbe6a608a109c3893a1b8b2,0x7dd31512e32d41ad493b8ab827f37fa69b76b37c50df5e9d63f2f1649d94d14d
274,52.78735918652178,0.010821408633236966,0x0ce4b16411b408bc9f06d456175db3cc79b25299,2017-10-04T00:58:25.000Z,0.000205,0x61fdaf07bb3998ba2785512c0ab3eab0a5cbe35b,sell,0x8aa33a7899fcc8ea5fbe6a608a109c3893a1b8b2,0x3cfe52569d8245271949cfb272618ab673e2db74464a95ac0444dc99d31cb8da
275,13390,2.678,0x632d7de0037bca4cdb13a4189473b7489e051dee,2017-10-04T00:53:02.000Z,0.0002,0x61fdaf07bb3998ba2785512c0ab3eab0a5cbe35b,sell,0x8aa33a7899fcc8ea5fbe6a608a109c3893a1b8b2,0x32c40b66c29c9e156a74ebe75ddcf98fd47b1fcaf3fba95e7e96732eaec16720
276,450,0.09225,0x0ce4b16411b408bc9f06d456175db3cc79b25299,2017-10-03T22:22:46.000Z,0.000205,0x714cf1e7d7ec9f915550faa450908aac31bc86f8,buy,0x8aa33a7899fcc8ea5fbe6a608a109c3893a1b8b2,0x26d30db2bb1004633c3b565e83d4a072a00df878f6b50db0657bb537eca35f45
277,973,0.24325,0x47d727e765eb89338171545bcee661c53e35c6b1,2017-10-03T22:05:15.000Z,0.00025,0x51908426de197677a73963581952dff87e825480,buy,0x8aa33a7899fcc8ea5fbe6a608a109c3893a1b8b2,0x4c8211db0a26d4c589651d718a733d269e877e2c9f7ea8fabeb1d89f98403dfb
278,110,0.02475,0xeb772f9b86bbbe88136ebc190170fc09b220b31a,2017-10-03T18:07:17.000Z,0.000225,0x5407440c855efee203bac302c775cf8cd982516b,buy,0x8aa33a7899fcc8ea5fbe6a608a109c3893a1b8b2,0xf4c6d50fc9f5259b8d25cf00e01ac1eb302fc8ef99d1c24226aa00981492c540
279,9000,1.89,0xeb772f9b86bbbe88136ebc190170fc09b220b31a,2017-10-03T17:55:06.000Z,0.00021,0x51908426de197677a73963581952dff87e825480,sell,0x8aa33a7899fcc8ea5fbe6a608a109c3893a1b8b2,0x15fdb812fcf712614262ff054422d1000fc685208b2a7ed2faa19d4952562ecf
280,1884,0.448392,0x632d7de0037bca4cdb13a4189473b7489e051dee,2017-10-03T16:49:42.000Z,0.000238,0x0f1b76410215ed963ea2c3d3eaddd4a56350b422,buy,0x8aa33a7899fcc8ea5fbe6a608a109c3893a1b8b2,0x9c385db982e177d8bb3bda7603603a5a9aa29e7f408e795afb1d06267c4de592
281,6386,1.40492,0x632d7de0037bca4cdb13a4189473b7489e051dee,2017-10-03T16:36:32.000Z,0.00022,0x0ce4b16411b408bc9f06d456175db3cc79b25299,buy,0x8aa33a7899fcc8ea5fbe6a608a109c3893a1b8b2,0x865d7ce21b3fda785eb66d690f61664ac78c1f4023851cae3b8ceb53f7d62048
282,4000,0.8,0x0ce4b16411b408bc9f06d456175db3cc79b25299,2017-10-03T14:09:18.000Z,0.0002,0x51908426de197677a73963581952dff87e825480,buy,0x8aa33a7899fcc8ea5fbe6a608a109c3893a1b8b2,0xb6baabb13cb2334a36e31b9e98f05dded19af4149174ad4e3aa3bb756a18365a
283,7997.416923274618,1.7114472215807683,0xe89a2a7a15cbaae3c58a03d79485373e216226d6,2017-10-03T10:21:05.000Z,0.000214,0x0bbbedfbc145ec0618e9d3f6e29f37707648d70f,buy,0x8aa33a7899fcc8ea5fbe6a608a109c3893a1b8b2,0xda3965244c97416769b2ff54b9579b850a300346997ff8629fd989220567bfc8
284,9999.999,2.1989997801,0xe89a2a7a15cbaae3c58a03d79485373e216226d6,2017-10-03T10:20:59.000Z,0.0002199,0x2a2480c152962f00012b342c787514a13841594d,buy,0x8aa33a7899fcc8ea5fbe6a608a109c3893a1b8b2,0x2b9b8a53702aaa2ae0d4b694df2f85950c27021da50590bb8f3df16b2b487027
285,602.583076725382,0.12895277841923178,0x0c4a1d04c581bc7659b3f11bf261e716debc6e9f,2017-10-03T04:43:58.000Z,0.000214,0x0bbbedfbc145ec0618e9d3f6e29f37707648d70f,buy,0x8aa33a7899fcc8ea5fbe6a608a109c3893a1b8b2,0x558a915fbae15a08b7055e3b501e3ba2ced82e7d0a26637d799917f5d6e9a71b
286,9812.606568591938,2.060647379404307,0x0c4a1d04c581bc7659b3f11bf261e716debc6e9f,2017-10-03T04:38:42.000Z,0.00021,0xad64261fe58b9142e384289515aebcc456dd7417,buy,0x8aa33a7899fcc8ea5fbe6a608a109c3893a1b8b2,0x56b436deae10dd64088a3bce11f09a121f06c7164313407101bf83f0cc83b82f
287,5000,1.0499999995,0x0c4a1d04c581bc7659b3f11bf261e716debc6e9f,2017-10-03T04:29:31.000Z,0.0002099999999,0x254fb89e4cab71708eaab16e067ca8156a38e18a,buy,0x8aa33a7899fcc8ea5fbe6a608a109c3893a1b8b2,0xcc206e82bb625aa9170eb6a94d24731c972981b5a0a28874d96726b1362fe41f
288,6168.339845133197,1.2891830276328382,0xeb772f9b86bbbe88136ebc190170fc09b220b31a,2017-10-03T03:33:47.000Z,0.000209,0xe20e30a6568d7bb626afd1c68d55efcf94924d77,buy,0x8aa33a7899fcc8ea5fbe6a608a109c3893a1b8b2,0xd023d1a68f4a1d593fce7aaff3d2a80ebd3a19cb83fa6a65fe6c1258a8b94acd
289,700.4601548668029,0.1463961723671618,0xeb772f9b86bbbe88136ebc190170fc09b220b31a,2017-10-03T03:27:13.000Z,0.000209,0xe20e30a6568d7bb626afd1c68d55efcf94924d77,buy,0x8aa33a7899fcc8ea5fbe6a608a109c3893a1b8b2,0x663fcc5c8c15cd86dc4974611c5c49b60161364b46ef6ace1659a7d34c3b173b
290,5000,1.0499999995,0xeb772f9b86bbbe88136ebc190170fc09b220b31a,2017-10-03T02:25:50.000Z,0.0002099999999,0x254fb89e4cab71708eaab16e067ca8156a38e18a,buy,0x8aa33a7899fcc8ea5fbe6a608a109c3893a1b8b2,0x3a861ff41a46e96a246eafc7a2ba6855a85bda325a74ca08bf929d30448969df
291,2386.6015352407535,0.4272016748080949,0x0ce4b16411b408bc9f06d456175db3cc79b25299,2017-10-03T02:13:07.000Z,0.000179,0x6d827ddbb006288773ede8daa1bee082ade6888e,sell,0x8aa33a7899fcc8ea5fbe6a608a109c3893a1b8b2,0xe6cdc23e2d77fa5fc6d0c5d706bbacf7164176b7571c638a1ed2ecc6f723e04e
292,714.25097398066,0.1285651753165188,0x23d3fd37fd9d7b37748444d8b324a5f60c3b3af6,2017-10-03T00:39:59.000Z,0.00017999999999999998,0xe99c6e74fd52e7f558024a5a427c66d77b9c94ba,sell,0x8aa33a7899fcc8ea5fbe6a608a109c3893a1b8b2,0x6c98ebb629c4d6f7e53421556522478f4230144ba18a4690565bcf37e15d69af
293,40187.39343140806,8.439352620595693,0x632d7de0037bca4cdb13a4189473b7489e051dee,2017-10-02T20:13:19.000Z,0.00021,0xad64261fe58b9142e384289515aebcc456dd7417,buy,0x8aa33a7899fcc8ea5fbe6a608a109c3893a1b8b2,0x8174b283e96f0ab5bc1ab2246e6d6934059ac175e3e3e3b33f0d5725378986a8
294,1000,0.207888,0x632d7de0037bca4cdb13a4189473b7489e051dee,2017-10-02T20:00:29.000Z,0.000207888,0x254fb89e4cab71708eaab16e067ca8156a38e18a,buy,0x8aa33a7899fcc8ea5fbe6a608a109c3893a1b8b2,0xefebc6d92c157222881a4fee209261516aaa5977e21be5dee15f031a06d5c2a8
295,5000,1.03999,0x632d7de0037bca4cdb13a4189473b7489e051dee,2017-10-02T19:43:24.000Z,0.000207998,0x254fb89e4cab71708eaab16e067ca8156a38e18a,buy,0x8aa33a7899fcc8ea5fbe6a608a109c3893a1b8b2,0x85438912057802f415497e78bedacc626b1b54b9ab4c516a9c5781d4d3631779
296,2028.87,0.421599186,0x632d7de0037bca4cdb13a4189473b7489e051dee,2017-10-02T19:39:43.000Z,0.0002078,0xe4bbba7bedcb7bab98a14e59a723d4338abc1e62,buy,0x8aa33a7899fcc8ea5fbe6a608a109c3893a1b8b2,0xe6c009fa87c9c2177e7e134f22a12cea140258622ad5ee3c29ada3c9b06038af
297,11.129814226523383,0.002312775396271559,0x632d7de0037bca4cdb13a4189473b7489e051dee,2017-10-02T14:36:15.000Z,0.0002078,0xe4bbba7bedcb7bab98a14e59a723d4338abc1e62,buy,0x8aa33a7899fcc8ea5fbe6a608a109c3893a1b8b2,0x1081ec1c3ed3cd5909503d44d5528ab683d630a5d562ff243da3866fc1a93ada
298,2.4925224327018,0.000424302093718827,0xb787711b90c7a1be361204ce79ecdaf06c0157d7,2017-10-02T05:57:20.000Z,0.00017022999999999984,0xc886b21b865e7c90432d9b8bdb14ad254f2232f5,sell,0x8aa33a7899fcc8ea5fbe6a608a109c3893a1b8b2,0xa7da94dea31d857aaef6d409da8de3dfb0a33e38d6151c422b87f06ea6540dbb
299,2041.672,0.34710465672,0xe4bbba7bedcb7bab98a14e59a723d4338abc1e62,2017-10-02T02:57:21.000Z,0.00017001,0x7947168b6bd43f07ef745a3b0715d051f29c489b,sell,0x8aa33a7899fcc8ea5fbe6a608a109c3893a1b8b2,0x3439df18357e197b3d95140dc6b02f33a378497a7fe46540f81e1dd18de51f8e
300,20000,3.40044,0x254fb89e4cab71708eaab16e067ca8156a38e18a,2017-10-02T02:46:21.000Z,0.000170022,0x7947168b6bd43f07ef745a3b0715d051f29c489b,sell,0x8aa33a7899fcc8ea5fbe6a608a109c3893a1b8b2,0x1a0eb7b32e5019f95ac0f4bd3770b63634928f9d9a206e5d34a83dbf39149e88
301,2.0857928307128,0.000355064513572239,0xb787711b90c7a1be361204ce79ecdaf06c0157d7,2017-10-02T02:33:23.000Z,0.00017022999999999954,0x160506e5a5ce5dadd43623689f53d5aa1f288f0f,sell,0x8aa33a7899fcc8ea5fbe6a608a109c3893a1b8b2,0xbed2d97267d0b1c8340d8738d7b15f1dcb72d7bbfa4544ae2286d2a78ddf4dfc
302,2.4925224327018,0.000424302093718827,0xb787711b90c7a1be361204ce79ecdaf06c0157d7,2017-10-01T23:38:57.000Z,0.00017022999999999984,0xe37bd4d49c619e748d4efe74525489d26b6aff43,sell,0x8aa33a7899fcc8ea5fbe6a608a109c3893a1b8b2,0x5125c679238b7f98614ee95a6316f86df2aa0db29103d85088dfab32aa4dc7ba
303,2.0857928307128,0.000355064513572239,0xb787711b90c7a1be361204ce79ecdaf06c0157d7,2017-10-01T22:06:37.000Z,0.00017022999999999954,0x2ba19ec4bcd5ae8de66b110bde5ebf41092bd02f,sell,0x8aa33a7899fcc8ea5fbe6a608a109c3893a1b8b2,0x9658fe39c02b683ad2efd466e5bac82cb5965cc5a64022fb301732290d9b443b
304,897,0.15269631,0xb787711b90c7a1be361204ce79ecdaf06c0157d7,2017-10-01T14:20:51.000Z,0.00017023,0x2e7021288a65c9111336b89027fe15cbe131f3ca,sell,0x8aa33a7899fcc8ea5fbe6a608a109c3893a1b8b2,0xc9e07f65c2b3bb1d1e429ea4bae0ff4454faaf928594600908157686bc37b228
305,2.0857928307128,0.000355064513572239,0xb787711b90c7a1be361204ce79ecdaf06c0157d7,2017-10-01T11:07:31.000Z,0.00017022999999999954,0x23ee598e50ff1b1bde1022bf3c8a41d4c23321a0,sell,0x8aa33a7899fcc8ea5fbe6a608a109c3893a1b8b2,0x0d0a7b4d751f3be8008d2307b621a31cbe80fb47115d8dffafd1860a463bc983
306,144.985,0.0246503497,0xbcce870909b3dbbe28f744f69b080dbdeeb7748a,2017-10-01T00:45:40.000Z,0.00017002,0xe985ac05f01f7fa12e3322003e88bde06e6fe042,sell,0x8aa33a7899fcc8ea5fbe6a608a109c3893a1b8b2,0xb097b97b85fe78dd4616d0c9683869fdba89235901be858e135a9e700c400a2d
307,9880,1.73888,0x632d7de0037bca4cdb13a4189473b7489e051dee,2017-09-30T20:06:09.000Z,0.000176,0xca99a92ec8af79d3e07361d131ad503d4480aa59,sell,0x8aa33a7899fcc8ea5fbe6a608a109c3893a1b8b2,0xbe55a53528f0fd11e82f61520345f93d41807690946309545899805595cc4e09
308,0.000000002802415389,0.000000000000476466,0xbcce870909b3dbbe28f744f69b080dbdeeb7748a,2017-09-30T03:52:10.000Z,0.00017001976290531996,0xc5edbbd2ca0357654ad0ea4793f8c5cecd30e254,sell,0x8aa33a7899fcc8ea5fbe6a608a109c3893a1b8b2,0x4aeec504170c8371b6af4889d2fb54e1b9e3e6759ba5d2396b2c555a92c07cee
309,0.000028111028757914,0.000000004779437109,0xbcce870909b3dbbe28f744f69b080dbdeeb7748a,2017-09-30T03:44:01.000Z,0.0001700199999850401,0xc5edbbd2ca0357654ad0ea4793f8c5cecd30e254,sell,0x8aa33a7899fcc8ea5fbe6a608a109c3893a1b8b2,0x22de98b3a86defc6bfc42717834f8920638ee6e9ea9d109131d694b9ee9d14be
310,8093.023,1.739999945,0xb787711b90c7a1be361204ce79ecdaf06c0157d7,2017-09-29T16:46:22.000Z,0.000215,0x632d7de0037bca4cdb13a4189473b7489e051dee,buy,0x8aa33a7899fcc8ea5fbe6a608a109c3893a1b8b2,0x9aaaada5e94553e52541b6b3e0c5bd2b931730d6026434dd60725c2035ce2f1c
311,0.001,0.0000001534,0x73e0a6b49af1bbf64f97f3f21054fe9242257a79,2017-09-29T14:35:51.000Z,0.0001534,0xb787711b90c7a1be361204ce79ecdaf06c0157d7,sell,0x8aa33a7899fcc8ea5fbe6a608a109c3893a1b8b2,0x24ba8f4ad7798f361c0a0b92a20d5013cdf565b508bb6660f0db906017d046e0
312,10033,1.505070396,0xf732b16f5aee6cd2db5b30a7a3860764a48b19ff,2017-09-28T23:15:33.000Z,0.000150012,0x412c99460ad82ae8d2c57cb5502c652e917cb7c4,buy,0x8aa33a7899fcc8ea5fbe6a608a109c3893a1b8b2,0x0f4d50d831498ce77c9b8d6b1e006def186fc2ee3289551d46e0d2d7f2cf2e42
313,297.339881659654,0.04376843058030107,0xd98a3954353055ab642c9159c7f3b25dac2dc29b,2017-09-28T20:32:36.000Z,0.0001472,0x412c99460ad82ae8d2c57cb5502c652e917cb7c4,sell,0x8aa33a7899fcc8ea5fbe6a608a109c3893a1b8b2,0x846f1a616899a5badd41a81f997f07ac99e320b4a301fbd4ecbbca66fb31c6e7
314,485.393,0.090768491,0x742dafaa0a39c0bd8ca04be2a139107ddf07cd57,2017-09-28T20:11:58.000Z,0.000187,0xe4bbba7bedcb7bab98a14e59a723d4338abc1e62,buy,0x8aa33a7899fcc8ea5fbe6a608a109c3893a1b8b2,0xf785ecef2129349539fed4ab114f7c7a8ee4ef8a0d218bf0887ca3884f01795d
315,21923.843,4.3825762157,0x742dafaa0a39c0bd8ca04be2a139107ddf07cd57,2017-09-28T20:11:30.000Z,0.0001999,0xba731793fe7ff79f04b01bfdcdca930684d005a8,buy,0x8aa33a7899fcc8ea5fbe6a608a109c3893a1b8b2,0x2fc15820a427ccf33b597d28951b6b11b699ebd5dffb2c6cd974f10b61c0db06
316,22390.087,4.03021566,0x742dafaa0a39c0bd8ca04be2a139107ddf07cd57,2017-09-28T19:15:31.000Z,0.00018,0xe89a2a7a15cbaae3c58a03d79485373e216226d6,buy,0x8aa33a7899fcc8ea5fbe6a608a109c3893a1b8b2,0x17c79f9d0075598fdd6f40f801d235a96bb645afbdbf2c3c210e3e8d4a20f2ef
317,1,0.0002,0x0249924245a19aa2d7f5ddb0739a7132b7d094ab,2017-09-28T15:13:12.000Z,0.0002,0x632d7de0037bca4cdb13a4189473b7489e051dee,buy,0x8aa33a7899fcc8ea5fbe6a608a109c3893a1b8b2,0x3a86e69bf8aa4910ac800159c43e320b670bcb3d347cb93dccd4392de9858912
318,4832.222,0.86979996,0xb1b60e41e220c0b3625e07bdff8a5d43339a90d3,2017-09-28T14:55:58.000Z,0.00018,0xe89a2a7a15cbaae3c58a03d79485373e216226d6,buy,0x8aa33a7899fcc8ea5fbe6a608a109c3893a1b8b2,0xed23246a4755304306ee1df534739fb4e43735f3b5193bb364f345d3b46ca4a3
319,7111.111,1.27999998,0xb1b60e41e220c0b3625e07bdff8a5d43339a90d3,2017-09-28T13:39:09.000Z,0.00018,0xe89a2a7a15cbaae3c58a03d79485373e216226d6,buy,0x8aa33a7899fcc8ea5fbe6a608a109c3893a1b8b2,0x38fc4aa583da4a3fbb4366c7396aa11cbdb2282d9ac398fc2806fa21e12eedca
320,21000,3.087042,0xc1913f681dac6675f5793b5cd6cd33db12ddb14a,2017-09-28T12:36:21.000Z,0.000147002,0xe89a2a7a15cbaae3c58a03d79485373e216226d6,sell,0x8aa33a7899fcc8ea5fbe6a608a109c3893a1b8b2,0x5611691d0b7e36437e430ea72c92fa1d3a1382afba00acbf4baf79157c2567c4
321,23873.29161656208,3.3422608263186913,0x632d7de0037bca4cdb13a4189473b7489e051dee,2017-09-28T12:30:31.000Z,0.00014,0x412c99460ad82ae8d2c57cb5502c652e917cb7c4,sell,0x8aa33a7899fcc8ea5fbe6a608a109c3893a1b8b2,0x3b418a0f062ad601caf42963f70625631750adb282ba83a42d67a7e976fcc1cd
322,8028.872,1.16418644,0xba731793fe7ff79f04b01bfdcdca930684d005a8,2017-09-28T12:18:53.000Z,0.000145,0x412c99460ad82ae8d2c57cb5502c652e917cb7c4,sell,0x8aa33a7899fcc8ea5fbe6a608a109c3893a1b8b2,0xb78652596d73f7ba3bb59761ea795acbf710ec2d1a40f42ef697b7e3b524858d
323,11111,1.66665,0xad2fdeed7f778298410af5863e904ba00ebbbada,2017-09-28T12:17:29.000Z,0.00015,0x412c99460ad82ae8d2c57cb5502c652e917cb7c4,sell,0x8aa33a7899fcc8ea5fbe6a608a109c3893a1b8b2,0xc88fde0acc02145e9a836831d8e9c73f06297b8d4fcd01936b4b091f3ebed8ca
324,2.4390243902439024,0.0005,0x3bfdec5343e950ce45522eef9948c977631b4000,2017-09-28T11:27:10.000Z,0.000205,0x632d7de0037bca4cdb13a4189473b7489e051dee,buy,0x8aa33a7899fcc8ea5fbe6a608a109c3893a1b8b2,0xf1d850ef39db081ab5931f3126682ab2d7c163a6ac6851264a9743ec79dea386
325,2.4390243902439024,0.0005,0x350f6f675b20d606bb7f6c412ef4775c9bc57168,2017-09-28T11:25:23.000Z,0.000205,0x632d7de0037bca4cdb13a4189473b7489e051dee,buy,0x8aa33a7899fcc8ea5fbe6a608a109c3893a1b8b2,0xbc26f7c76c18ce8e41f20eb1a9cb032c3ae374c01f652a4423326b94e9499948
326,3600,0.54,0xe89a2a7a15cbaae3c58a03d79485373e216226d6,2017-09-28T10:20:42.000Z,0.00015,0x550a4c3a9768dd992bf61a3bcc7b177d704b7612,buy,0x8aa33a7899fcc8ea5fbe6a608a109c3893a1b8b2,0x6dd12b9f275192b4582c59077ceab4f7cd822f295cf98f367ac8fda8160fc680
327,1819,0.29104,0xe89a2a7a15cbaae3c58a03d79485373e216226d6,2017-09-28T09:19:39.000Z,0.00016,0xcc24d8fd93eadc300d08b0dfe6536897a81d06ea,buy,0x8aa33a7899fcc8ea5fbe6a608a109c3893a1b8b2,0x0d872c4ab7ac75921fdb186e95f1aa7f4f63512aaab6ca5025595d392584b038
328,1000,0.15,0xe89a2a7a15cbaae3c58a03d79485373e216226d6,2017-09-28T09:19:12.000Z,0.00015,0xdb515a3ea13befc4acc0f2c27c0e4025a6665840,buy,0x8aa33a7899fcc8ea5fbe6a608a109c3893a1b8b2,0x880439c0d2803609aff9b751d5cb3382ef03ed3ce311002af80d980ab2ce7717
329,10000,1.47001,0x3dee4a4e076e8d82859d241db0baf46f112cfa23,2017-09-28T08:28:52.000Z,0.000147001,0x412c99460ad82ae8d2c57cb5502c652e917cb7c4,sell,0x8aa33a7899fcc8ea5fbe6a608a109c3893a1b8b2,0xc40fc3c1a24c29101deb4d073fa623ebfcfbcee730ec7da1f4c36d706cf9ef46
330,25498.99962227096,4.207332387774747,0x632d7de0037bca4cdb13a4189473b7489e051dee,2017-09-28T05:49:18.000Z,0.0001649999,0xbcce870909b3dbbe28f744f69b080dbdeeb7748a,buy,0x8aa33a7899fcc8ea5fbe6a608a109c3893a1b8b2,0x1aef4cc12d536be2f640bc29c3f3684666413577fe2d16aa6309395b24d6664d
331,9971.127977536371,1.4458135567427737,0xba731793fe7ff79f04b01bfdcdca930684d005a8,2017-09-28T05:03:08.000Z,0.000145,0xb787711b90c7a1be361204ce79ecdaf06c0157d7,sell,0x8aa33a7899fcc8ea5fbe6a608a109c3893a1b8b2,0xe0b45555133e18876f6575f0a175d61d6fad986f02d6ad99e07bff7e9c6adb34
332,1,0.0001649999,0xa0be78d2bac6a692adba423c7af50ec86a18bddf,2017-09-28T04:54:17.000Z,0.0001649999,0xbcce870909b3dbbe28f744f69b080dbdeeb7748a,buy,0x8aa33a7899fcc8ea5fbe6a608a109c3893a1b8b2,0xd6791a6ad86a542a69a68f56eee1eb53e68d9e09e35a10a7e9041a98e46617d5
333,96.26263200009014,0.013476768480012618,0x632d7de0037bca4cdb13a4189473b7489e051dee,2017-09-28T03:18:47.000Z,0.00014,0xee004e564e2d0f6ead3613df41b7f69bb76a73e0,sell,0x8aa33a7899fcc8ea5fbe6a608a109c3893a1b8b2,0xb3341573606856b3d6f50854cf9a68e277a2e54c135a6e9ebdeb1c7e64800028
334,749,0.119756112,0x632d7de0037bca4cdb13a4189473b7489e051dee,2017-09-28T02:59:05.000Z,0.000159888,0x254fb89e4cab71708eaab16e067ca8156a38e18a,buy,0x8aa33a7899fcc8ea5fbe6a608a109c3893a1b8b2,0xec90f8667d6e5ef43006fe9ae4ff5e3298bb933ba6e673be986719aac761faf3
335,26400,4.22136,0x632d7de0037bca4cdb13a4189473b7489e051dee,2017-09-28T02:52:12.000Z,0.0001599,0xee004e564e2d0f6ead3613df41b7f69bb76a73e0,buy,0x8aa33a7899fcc8ea5fbe6a608a109c3893a1b8b2,0x6650852a6312f3cb27983462af77e9df06efcf7e1af1b98778efdb8c1e5fd617
336,392.6428072973781,0.05104356494865916,0x632d7de0037bca4cdb13a4189473b7489e051dee,2017-09-28T02:29:54.000Z,0.00013,0x3254d934d7b4800e1c4af9d7ba537a4a3bf98a97,sell,0x8aa33a7899fcc8ea5fbe6a608a109c3893a1b8b2,0xc5be9a89cf224c848b5897a422d7e825b7cace68724e88b8ac07c46397aa7577
337,1950.0058859505427,0.23595071220001565,0xd2bc4e7ecfa4ec39069623854cd114dcd8771b84,2017-09-28T01:19:17.000Z,0.00012099999999999999,0x44e6c18115eddb6779cf155648e03733acb6ec60,sell,0x8aa33a7899fcc8ea5fbe6a608a109c3893a1b8b2,0xb537b9a2bfd8587e0175e4caa5232398446c72dbb82af5505d68791395414b8b
338,50309.04196989333,6.037085036387199,0xe89a2a7a15cbaae3c58a03d79485373e216226d6,2017-09-28T01:15:18.000Z,0.00011999999999999999,0x44e6c18115eddb6779cf155648e03733acb6ec60,sell,0x8aa33a7899fcc8ea5fbe6a608a109c3893a1b8b2,0xb91e2198398250df355722e4bc6c50e206b0705ec06bdbc4a9d988fad7a4a1ad
339,12500,1.5075,0x5938852c59e8d5c9e426a2558c2e2d84707b2c34,2017-09-28T01:15:09.000Z,0.0001206,0x44e6c18115eddb6779cf155648e03733acb6ec60,sell,0x8aa33a7899fcc8ea5fbe6a608a109c3893a1b8b2,0x3358e8652ff08a8bd32fac92653686417af254c23f73f7b84c7f01683e7cfe21
340,10000,1.28,0x2fd290debb4bb121fad58d3003d002a9e8076d42,2017-09-28T01:13:50.000Z,0.000128,0x44e6c18115eddb6779cf155648e03733acb6ec60,sell,0x8aa33a7899fcc8ea5fbe6a608a109c3893a1b8b2,0x87645b8cfe31b4c7a066b80d18af165c222ef07adf3bd948402df7a48517d932
341,485.3936846456088,0.07766298954329741,0xe4bbba7bedcb7bab98a14e59a723d4338abc1e62,2017-09-28T01:08:17.000Z,0.00016,0xee004e564e2d0f6ead3613df41b7f69bb76a73e0,sell,0x8aa33a7899fcc8ea5fbe6a608a109c3893a1b8b2,0x8b87cb20dae3f4d7baa54fccbbd08db569a1e40545eff5bd06659b34ad7c9b75
342,9.93828711296049,0.001202532740668219,0xd2bc4e7ecfa4ec39069623854cd114dcd8771b84,2017-09-28T01:01:21.000Z,0.00012099999999999997,0x1cfdb766748b08a1e5ce278900b162067fdd8995,sell,0x8aa33a7899fcc8ea5fbe6a608a109c3893a1b8b2,0xff82cec33c07f43583b52415bceb8cfca0e97ce85bdba791f85c862a39908db2
343,99690.95803010667,11.9629149636128,0xe89a2a7a15cbaae3c58a03d79485373e216226d6,2017-09-28T01:00:25.000Z,0.00011999999999999999,0x1cfdb766748b08a1e5ce278900b162067fdd8995,sell,0x8aa33a7899fcc8ea5fbe6a608a109c3893a1b8b2,0xd21a5a8b8d0fafeb6d1b5d402c6a5c50f3ca5f51959bbe34b8db35d6ec5270ba
344,20000,2.41,0xbcce870909b3dbbe28f744f69b080dbdeeb7748a,2017-09-27T23:25:01.000Z,0.0001205,0x412c99460ad82ae8d2c57cb5502c652e917cb7c4,sell,0x8aa33a7899fcc8ea5fbe6a608a109c3893a1b8b2,0xd8165adb7e23c9314e80f1b522ee9b38339c4dba13c3e676856d856047ce8e92
345,50000,6.255,0xad64261fe58b9142e384289515aebcc456dd7417,2017-09-27T23:22:40.000Z,0.0001251,0x412c99460ad82ae8d2c57cb5502c652e917cb7c4,sell,0x8aa33a7899fcc8ea5fbe6a608a109c3893a1b8b2,0xeeac363925d8b35f2dd877f6898d3eee21e3ab11c1dd69d57a6809437f254f02
346,10000,1.5011,0x3dee4a4e076e8d82859d241db0baf46f112cfa23,2017-09-27T23:21:21.000Z,0.00015011,0x412c99460ad82ae8d2c57cb5502c652e917cb7c4,sell,0x8aa33a7899fcc8ea5fbe6a608a109c3893a1b8b2,0x7ab07209eea227a68ef4f1006df07c78cdfc6c9d52c68b5ce4b3b6ae2af355dd
347,10000,1.52006,0x3dee4a4e076e8d82859d241db0baf46f112cfa23,2017-09-27T23:19:14.000Z,0.000152006,0x412c99460ad82ae8d2c57cb5502c652e917cb7c4,sell,0x8aa33a7899fcc8ea5fbe6a608a109c3893a1b8b2,0xce356b459708a89ede84a11f92d43db02c0887331fb958e744949a8bc1714c48
348,30000,4.59,0xee004e564e2d0f6ead3613df41b7f69bb76a73e0,2017-09-27T23:17:20.000Z,0.000153,0x412c99460ad82ae8d2c57cb5502c652e917cb7c4,sell,0x8aa33a7899fcc8ea5fbe6a608a109c3893a1b8b2,0x1e554ad285f29abcbebf1ca0fb35168393c9ab1742f845a2593ec0996a11d8d4
349,107.834,0.016606436,0x254725732926fe73ab16ba7974a7ccbc5aa7f760,2017-09-27T23:16:56.000Z,0.000154,0x412c99460ad82ae8d2c57cb5502c652e917cb7c4,sell,0x8aa33a7899fcc8ea5fbe6a608a109c3893a1b8b2,0xe59a5e6e84fb0943df9a1b53e377a8a398eff82d419d7759ba05e1724d725e4f
350,10000,1.54001,0x3dee4a4e076e8d82859d241db0baf46f112cfa23,2017-09-27T23:16:33.000Z,0.000154001,0x412c99460ad82ae8d2c57cb5502c652e917cb7c4,sell,0x8aa33a7899fcc8ea5fbe6a608a109c3893a1b8b2,0x437c1ec5f31c14add6987e0ca5a7925fe54f0a2a277d2918c3612aec8a27a756
351,6000,0.96,0xd2bc4e7ecfa4ec39069623854cd114dcd8771b84,2017-09-27T23:08:25.000Z,0.00016,0x412c99460ad82ae8d2c57cb5502c652e917cb7c4,sell,0x8aa33a7899fcc8ea5fbe6a608a109c3893a1b8b2,0xb43121aed0863c802012e5db924ffc649e1b365b20184e56df840394923380d1
352,1216.118,0.2264411716,0xba731793fe7ff79f04b01bfdcdca930684d005a8,2017-09-27T17:37:27.000Z,0.0001862,0x44e6c18115eddb6779cf155648e03733acb6ec60,sell,0x8aa33a7899fcc8ea5fbe6a608a109c3893a1b8b2,0x253b532194d9229a57044b422e4002f09b8b204bc398f763dc317804eeea541c
353,3564.238,0.662951832238,0x23d3fd37fd9d7b37748444d8b324a5f60c3b3af6,2017-09-27T17:24:49.000Z,0.000186001,0x44e6c18115eddb6779cf155648e03733acb6ec60,sell,0x8aa33a7899fcc8ea5fbe6a608a109c3893a1b8b2,0x76250c72ce32e8ad2ee795582e10d52c415cb0e71d6bd603848818dafa272e1f
354,1703.09,0.31847783,0xba731793fe7ff79f04b01bfdcdca930684d005a8,2017-09-27T17:24:05.000Z,0.000187,0x44e6c18115eddb6779cf155648e03733acb6ec60,sell,0x8aa33a7899fcc8ea5fbe6a608a109c3893a1b8b2,0x4d041170bc1964d9b718455e85ab2f1178e80861cbd9a1a3f563719260cdb7ad
355,3241.112551091616,0.615811384707407,0x0bbbedfbc145ec0618e9d3f6e29f37707648d70f,2017-09-27T17:23:50.000Z,0.00018999999999999998,0x44e6c18115eddb6779cf155648e03733acb6ec60,sell,0x8aa33a7899fcc8ea5fbe6a608a109c3893a1b8b2,0xf9c1065bbede78a07d1406145e7ef730b0b1c73f9fc377115670a2fc20cb5bad
356,358.887448908384,0.06818861529259296,0x0bbbedfbc145ec0618e9d3f6e29f37707648d70f,2017-09-27T17:12:32.000Z,0.00018999999999999998,0x5bc947356b9a75fdcb92f3eb550682941aca376b,sell,0x8aa33a7899fcc8ea5fbe6a608a109c3893a1b8b2,0x24695dafebdd1a8c381c06a77e2139116acff8148cc3c73a01cae7d61ae8a0af
357,5000,0.95,0x0bbbedfbc145ec0618e9d3f6e29f37707648d70f,2017-09-27T16:43:36.000Z,0.00019,0xcc24d8fd93eadc300d08b0dfe6536897a81d06ea,sell,0x8aa33a7899fcc8ea5fbe6a608a109c3893a1b8b2,0x991c13b45ab1df59fbe5929c4825c090111e39651eef3d446c1ae596c3c64c99
358,4602.781,0.8745288502781,0xbcce870909b3dbbe28f744f69b080dbdeeb7748a,2017-09-27T16:33:23.000Z,0.0001900001,0xcc24d8fd93eadc300d08b0dfe6536897a81d06ea,sell,0x8aa33a7899fcc8ea5fbe6a608a109c3893a1b8b2,0xea04138a638088aa6188659d4839e93476055eb918116fb486dc606cefe39009
359,897.21862227096,0.17047162795334464,0xbcce870909b3dbbe28f744f69b080dbdeeb7748a,2017-09-27T08:05:06.000Z,0.0001900001,0xb41a84ae7ae518633f1eea1d4f4d13c4cf8dd6a7,sell,0x8aa33a7899fcc8ea5fbe6a608a109c3893a1b8b2,0xe05133336d98392d78ce496167f36e1f061392d74e78bb36d07b9c73a18775f6
360,1,0.00022444,0x3e1efbdbf97ae2c12818d65416f4090870759016,2017-09-27T03:38:40.000Z,0.00022444,0x254fb89e4cab71708eaab16e067ca8156a38e18a,buy,0x8aa33a7899fcc8ea5fbe6a608a109c3893a1b8b2,0xd403590e4d734f6155ea89b02d457589c40b7a0cf2cd3c8ffc54a5a4c4d6ee77
361,500,0.1025,0x1e3dd9f656e475c5ad89a2d3e7a05c8de0469d78,2017-09-27T01:58:29.000Z,0.000205,0x5953aed67630b8d5337c02d56091b6535a42b992,sell,0x8aa33a7899fcc8ea5fbe6a608a109c3893a1b8b2,0x8b9f68621e668f2b6afbcd1f80da9c81d2a213f8e4aeff9e778eec75e2f15675
362,996.9095803010667,0.18642209151629946,0xba731793fe7ff79f04b01bfdcdca930684d005a8,2017-09-26T08:07:56.000Z,0.000187,0x4b43041e418b16bb7dcf94a09f721cc73574fc04,sell,0x8aa33a7899fcc8ea5fbe6a608a109c3893a1b8b2,0x5331798b5ca94fd93792faaf5cea3b7435d009ee42b453b8c2d16d3ee16d9393
363,1794.43724454192,0.33376891635928624,0xee004e564e2d0f6ead3613df41b7f69bb76a73e0,2017-09-26T04:01:45.000Z,0.000186002,0x00cb38aeb6dcc018e1ff51d2136f5f8468f6b661,sell,0x8aa33a7899fcc8ea5fbe6a608a109c3893a1b8b2,0xd3678f8ec440c6084c5bf1fa85fb28a9ae9ec1c93145857e59ea3aa3053850ed
364,9948.27833715482,1.8503996672674707,0xee004e564e2d0f6ead3613df41b7f69bb76a73e0,2017-09-26T01:43:32.000Z,0.000186002,0x0b26c31d9d2683ee211a56ff9d5db5e35bba7776,sell,0x8aa33a7899fcc8ea5fbe6a608a109c3893a1b8b2,0x13bd58a3ceb2b9c4cee04c1e010a0984136e0615350463a1838f6e9370343471
365,645.039,0.1290078,0x75f157da5b8fe9cc61c40e8f9ba22d99cebc55d2,2017-09-25T20:06:49.000Z,0.0002,0x42d0149efada7b21bcc323575ee3064e0484fa34,buy,0x8aa33a7899fcc8ea5fbe6a608a109c3893a1b8b2,0x09e6a83423895967192a2b04f28bd29cd2d48079d3c76b8fc0098f7e32c5710c
366,2619.405,0.523881,0x75f157da5b8fe9cc61c40e8f9ba22d99cebc55d2,2017-09-25T20:06:49.000Z,0.0002,0x100ed4532bf660b9a33447d8e2301f6e3ce96647,buy,0x8aa33a7899fcc8ea5fbe6a608a109c3893a1b8b2,0x75d3bdc25c751bdaf76aadf4544dc0cb17f78a57d85f9fa2546677821690b8e8
367,3829.3859967473395,0.765877199349468,0x75f157da5b8fe9cc61c40e8f9ba22d99cebc55d2,2017-09-25T20:06:49.000Z,0.0002,0x492d1c0b8e2e8aa317f318c844026e7ddc3946a7,buy,0x8aa33a7899fcc8ea5fbe6a608a109c3893a1b8b2,0xe81d26326579ab7039724ae8bdd413b042f9aa7728c3ecd696f6aceadeaaaf82
368,2.5,0.0005,0xc886b21b865e7c90432d9b8bdb14ad254f2232f5,2017-09-25T18:02:07.000Z,0.0002,0x42d0149efada7b21bcc323575ee3064e0484fa34,buy,0x8aa33a7899fcc8ea5fbe6a608a109c3893a1b8b2,0x3c4f3e4c83960a0f62fd12335a3ba5b5837db479207faf9048c11ede3b70d73c
369,2.5,0.0005,0xe37bd4d49c619e748d4efe74525489d26b6aff43,2017-09-25T15:40:17.000Z,0.0002,0x42d0149efada7b21bcc323575ee3064e0484fa34,buy,0x8aa33a7899fcc8ea5fbe6a608a109c3893a1b8b2,0xc32dc25db7d96eb6a97890d910dc256ae07e31ebe89e114410f271150b1b93c7
370,2176.877662683635,0.4518109588899885,0xee004e564e2d0f6ead3613df41b7f69bb76a73e0,2017-09-25T09:05:26.000Z,0.00020755,0x5ae933bfbbaa04c3e05ae56295138174ada9799c,sell,0x8aa33a7899fcc8ea5fbe6a608a109c3893a1b8b2,0x3451152cc871056f660daed85b94cd5a46286d4ed448474546b5bbd6bd720736
371,2183.427946523205,0.436685589304641,0x5ae933bfbbaa04c3e05ae56295138174ada9799c,2017-09-25T09:05:26.000Z,0.0002,0x492d1c0b8e2e8aa317f318c844026e7ddc3946a7,buy,0x8aa33a7899fcc8ea5fbe6a608a109c3893a1b8b2,0x3451152cc871056f660daed85b94cd5a46286d4ed448474546b5bbd6bd720736
372,2122.9801728384623,0.42459603456769246,0x5ae933bfbbaa04c3e05ae56295138174ada9799c,2017-09-25T03:51:34.000Z,0.0002,0x492d1c0b8e2e8aa317f318c844026e7ddc3946a7,buy,0x8aa33a7899fcc8ea5fbe6a608a109c3893a1b8b2,0x0915c8c58248fc343b2374dd0c13018a6d2430aaa1305f71005e9899e86fc54b
373,2116.611232319947,0.43930266126800493,0xee004e564e2d0f6ead3613df41b7f69bb76a73e0,2017-09-25T03:51:34.000Z,0.00020755,0x5ae933bfbbaa04c3e05ae56295138174ada9799c,sell,0x8aa33a7899fcc8ea5fbe6a608a109c3893a1b8b2,0x0915c8c58248fc343b2374dd0c13018a6d2430aaa1305f71005e9899e86fc54b
374,2064.205883890993,0.4128411767781986,0x5ae933bfbbaa04c3e05ae56295138174ada9799c,2017-09-25T03:48:54.000Z,0.0002,0x492d1c0b8e2e8aa317f318c844026e7ddc3946a7,buy,0x8aa33a7899fcc8ea5fbe6a608a109c3893a1b8b2,0xcb5869b52a167c880492b77eb9249a43cc90f5dab8ed540eb5a2abe55cfe6f16
375,2058.01326623932,0.42714065340797086,0xee004e564e2d0f6ead3613df41b7f69bb76a73e0,2017-09-25T03:48:54.000Z,0.00020755,0x5ae933bfbbaa04c3e05ae56295138174ada9799c,sell,0x8aa33a7899fcc8ea5fbe6a608a109c3893a1b8b2,0xcb5869b52a167c880492b77eb9249a43cc90f5dab8ed540eb5a2abe55cfe6f16
