,amount,amountBase,buyer,date,price,seller,side,tokenAddr,txHash
0,1300,0.975,0xd1f82e31d639eff069faf194d026fad8f87719c6,2017-11-02T12:34:51.000Z,0.00075,0x16f18a1128ceb213e151e3c127ccbf95f1dec0a1,buy,0x27054b13b1b798b345b591a4d22e6562d47ea75a,0x8766a8a9cc5a090650f47097d34f2a45d1c7346d6d01485ec5bf73c2d2d4a616
1,20,0.015,0xe673b1ea0c5d49462ce27cff1d58177af5de7dfa,2017-11-02T11:25:14.000Z,0.00075,0x16f18a1128ceb213e151e3c127ccbf95f1dec0a1,buy,0x27054b13b1b798b345b591a4d22e6562d47ea75a,0x4621f9f1b46141e79f3553007201090728913b476fdd960144a5df34790aa517
2,9900,7.227,0xb40adcb428df57565d616a1538d120676b24a248,2017-11-02T10:36:06.000Z,0.00073,0xd92d343151d4d2a818f19b5d49fe16c6820a5f1c,buy,0x27054b13b1b798b345b591a4d22e6562d47ea75a,0xa5f88187a583f503ee48b447099d3e949289139bfdc8d8393bab9c90156b2570
3,498.4547,0.3439342414547,0x840a570ebf6e0ee1ac387f1b63533eb4974778b9,2017-11-02T09:13:01.000Z,0.000690001,0xa512be805118987a5874be8d2c49fd3db649e0dd,sell,0x27054b13b1b798b345b591a4d22e6562d47ea75a,0xaebf5115de3b71bf7c2de19227c8935fb5d459181337769932105d864ccf5950
4,0.1288,0.000088872,0xab296c308b24c972b60a662262f144eeefc27ec8,2017-11-02T08:34:07.000Z,0.00069,0xab296c308b24c972b60a662262f144eeefc27ec8,sell,0x27054b13b1b798b345b591a4d22e6562d47ea75a,0x4a04292c32c85c26a6966e156b8fe346eaf49e8f1e164c75bbfec760ebb0f82d
5,300,0.204,0x297ac1d5b2ae89feff093956912d8da71be85002,2017-11-02T08:24:06.000Z,0.00068,0xa891183826af953fbc321aae437889544324aa2a,buy,0x27054b13b1b798b345b591a4d22e6562d47ea75a,0x6c4b692dcd16c7c69d23da6eaa1076145100a34dbdade40ac3e95f7751b21f08
6,0.6666,0.0005,0x3075f7f189912f4f425dd7021b9c396434197477,2017-11-02T07:09:11.000Z,0.00075007500750075,0x16f18a1128ceb213e151e3c127ccbf95f1dec0a1,buy,0x27054b13b1b798b345b591a4d22e6562d47ea75a,0x7662e40e59913c92bb0968c8e61c4eb479b6983015cc92102792a4efd049f3ce
7,3076,1.9994,0xbe856c2de4731b0eb1f03bec519d41e65eeb6246,2017-11-02T06:48:29.000Z,0.00065,0x8f7adf0f47272a8cafffca052e1481ef35c6bc7d,sell,0x27054b13b1b798b345b591a4d22e6562d47ea75a,0x50e6abcf2ea586605dad69b24555c4157dc1d4637a9ad3680e8d4bdb3b93b0ce
8,2063.6,1.568336,0xbab7cebed2d3cdd9cb9f5972139e5715cce79148,2017-11-02T06:34:24.000Z,0.00076,0xbc123910b8e860d2247c17df00163f59a5305386,buy,0x27054b13b1b798b345b591a4d22e6562d47ea75a,0xf956490792510d8a98b384684db15cdfb5561338dcfb8ede080348471e075e03
9,300,0.2157,0xbab7cebed2d3cdd9cb9f5972139e5715cce79148,2017-11-02T06:32:45.000Z,0.000719,0xd22ce2a3aa712d7cf5583b4ca88f181c8407610b,buy,0x27054b13b1b798b345b591a4d22e6562d47ea75a,0x6fe3a23c4a0add62c6b4d903822dbe2283b2aef831b13697bfbfb9343d430d3f
10,96.4,0.069408,0xbab7cebed2d3cdd9cb9f5972139e5715cce79148,2017-11-02T06:32:45.000Z,0.00072,0x5d77ceb2bba13aa68787f141635f015bf5b70278,buy,0x27054b13b1b798b345b591a4d22e6562d47ea75a,0xb838f92e8aedc5f83cb77471cb7902d051a13284a93508b4db4cf39b3a111bf5
11,1520,1.14912,0xbab7cebed2d3cdd9cb9f5972139e5715cce79148,2017-11-02T06:31:55.000Z,0.000756,0x00a5b10d1907851f6eb681c22b5eae7d72693fee,buy,0x27054b13b1b798b345b591a4d22e6562d47ea75a,0xe10e4073e7891ebb680158dc25e5bdce121250b314f534e48c0ab7b95da73cb8
12,1520,1.138328,0xbab7cebed2d3cdd9cb9f5972139e5715cce79148,2017-11-02T06:31:46.000Z,0.0007489,0x54f0995f21855cf0fe1fa9489517cee2dfc3803a,buy,0x27054b13b1b798b345b591a4d22e6562d47ea75a,0x7f5c74050c4c291b8e9c09b011f3da8eb390fc235e6a1d819c7864644f6ecaa9
13,2000,1.44,0xbab7cebed2d3cdd9cb9f5972139e5715cce79148,2017-11-02T06:30:53.000Z,0.00072,0x9835bb4ffb23f85aad3535803221cea84fa5d22b,buy,0x27054b13b1b798b345b591a4d22e6562d47ea75a,0x39b593ab8e4e321f243a0450b86b1d20fd4e76950e896292b06236bff4736d8c
14,2000,1.44,0x70d692072e72e1b4b26b01be1541cb46af42d8cb,2017-11-02T04:35:43.000Z,0.00072,0x5d77ceb2bba13aa68787f141635f015bf5b70278,buy,0x27054b13b1b798b345b591a4d22e6562d47ea75a,0x55b41999db1191d78496b0bedf630cb2bd6f3f58daefed723f38a8b9712a14c8
15,258.7922,0.16821493,0x2dfb6ab0e0cc50e42bf5f7f87262b27f4a7cde9e,2017-11-02T04:15:20.000Z,0.00065,0x7837ff6026d4aa9e63d5c3cf1964cdc6d4e02743,sell,0x27054b13b1b798b345b591a4d22e6562d47ea75a,0xecbb2ce5581f6af38c5bafd40ec4cc496f9a36e6f33774d30ff08f65bed4eba6
16,920,0.598000092,0xa3b2ceb252ec28d6bb74c78831ebfa56829ff4ed,2017-11-02T04:12:35.000Z,0.0006500001,0x7837ff6026d4aa9e63d5c3cf1964cdc6d4e02743,sell,0x27054b13b1b798b345b591a4d22e6562d47ea75a,0xa6ae478d75489d1a522a301f41c3890289fe0a0e97c78cf9c62ed0575ca91ff4
17,1399.0756,0.9103365450168899,0x2195de26f169f72f285632f7797a97207f0b2fad,2017-11-02T04:10:30.000Z,0.0006506700174149917,0x7837ff6026d4aa9e63d5c3cf1964cdc6d4e02743,sell,0x27054b13b1b798b345b591a4d22e6562d47ea75a,0x5e9d73e3797b6c2d20fece2e1b446e9e267746a3223ddd8edb3c2467b18790b3
18,712.236,0.474349176,0x46371f0751e243fef7b626031cffb8489d47e6c0,2017-11-02T04:04:22.000Z,0.000666,0x7837ff6026d4aa9e63d5c3cf1964cdc6d4e02743,sell,0x27054b13b1b798b345b591a4d22e6562d47ea75a,0xe9b70cdf9213ec5d71b5cebb6c064d331e1549be1c862d10faecf9ab69996903
19,398.7638,0.2655766908,0x46371f0751e243fef7b626031cffb8489d47e6c0,2017-11-02T03:54:09.000Z,0.000666,0xa406f04fd6b06e709b9e7cff1767d1b4f345a25f,sell,0x27054b13b1b798b345b591a4d22e6562d47ea75a,0x2643dbc2fa5d550f6b7358bdb04a7401b304a11a08bb23baa2a4ce8ced35f59f
20,81.754,0.05886288,0x335c0552eb130f3dfbe6efcb4d2895aed1e9938b,2017-11-02T02:40:43.000Z,0.00072,0xf44072eda87ede9613b6ae1b812de8a60ade27a2,sell,0x27054b13b1b798b345b591a4d22e6562d47ea75a,0x11010fb0838713c3d57617587c45a4e33456287d17246ac805e5dfc614c4e824
21,82,0.0570351,0xf44072eda87ede9613b6ae1b812de8a60ade27a2,2017-11-02T02:40:43.000Z,0.00069555,0x7c8ddb6bebcc8cd72a723cc5e8f973571c2ba444,buy,0x27054b13b1b798b345b591a4d22e6562d47ea75a,0x11010fb0838713c3d57617587c45a4e33456287d17246ac805e5dfc614c4e824
22,856.474,0.55671666474,0x3dee4a4e076e8d82859d241db0baf46f112cfa23,2017-11-02T01:41:08.000Z,0.00065001,0x70efbe60529951adfb8ef692e0bcf7be8a7a7fd6,sell,0x27054b13b1b798b345b591a4d22e6562d47ea75a,0x945d3fdebc2c480f715b0403bfb75b3c15abc058e698591f3dc0041d81e22752
23,1400,0.9114,0x2a581e091eddff9636c6d8d2f13d230b43683d00,2017-11-02T01:39:37.000Z,0.000651,0x70efbe60529951adfb8ef692e0bcf7be8a7a7fd6,sell,0x27054b13b1b798b345b591a4d22e6562d47ea75a,0x186228e26b29ebd746dd3c3247f3b1357a6c5e26a1b98e502b57f81121eb2499
24,3,0.00204,0x2dfb6ab0e0cc50e42bf5f7f87262b27f4a7cde9e,2017-11-02T01:39:30.000Z,0.00068,0x70efbe60529951adfb8ef692e0bcf7be8a7a7fd6,sell,0x27054b13b1b798b345b591a4d22e6562d47ea75a,0x6aff4bad2a99dd58729654e1534e67abb4c34ba4257f4601683f773d9c62f9fe
25,1393,0.906843,0x2195de26f169f72f285632f7797a97207f0b2fad,2017-11-02T01:36:54.000Z,0.000651,0x70efbe60529951adfb8ef692e0bcf7be8a7a7fd6,buy,0x27054b13b1b798b345b591a4d22e6562d47ea75a,0x5c583596648531e227fb5e1d99188b99d81039e2c31f3fb58e9218a56e150b42
26,1000,0.651,0xf44072eda87ede9613b6ae1b812de8a60ade27a2,2017-11-02T01:35:08.000Z,0.000651,0x70efbe60529951adfb8ef692e0bcf7be8a7a7fd6,buy,0x27054b13b1b798b345b591a4d22e6562d47ea75a,0x4f28a01d3c202ced74cc4e11462bb309ff9f71be9cf830c363b1c7572f54a1c3
27,997,0.67796,0x2dfb6ab0e0cc50e42bf5f7f87262b27f4a7cde9e,2017-11-02T01:35:08.000Z,0.00068,0xf44072eda87ede9613b6ae1b812de8a60ade27a2,sell,0x27054b13b1b798b345b591a4d22e6562d47ea75a,0x4f28a01d3c202ced74cc4e11462bb309ff9f71be9cf830c363b1c7572f54a1c3
28,871.1286,0.60591349773,0xad45bc113525029b88141b45c0819d8a4127ebd5,2017-11-02T01:33:21.000Z,0.00069555,0x70efbe60529951adfb8ef692e0bcf7be8a7a7fd6,sell,0x27054b13b1b798b345b591a4d22e6562d47ea75a,0x8edf005f52083df04ee4d893823f051ccd59d6233ac497a01d06298b03225b7e
29,780.6799,0.554282729,0x2dfb6ab0e0cc50e42bf5f7f87262b27f4a7cde9e,2017-11-01T23:24:34.000Z,0.00071,0x57fecdcee640b1b6e2b64943452053de487a8a6d,sell,0x27054b13b1b798b345b591a4d22e6562d47ea75a,0x0e0d97cc8666444f670ecc3d02a4dc1e21bfdab5a809dbbd458c84b0361041f0
30,5072,3.5504,0x739066ed2d1718fd100cec4d9f347382ec6440dc,2017-11-01T23:20:52.000Z,0.0007,0x57fecdcee640b1b6e2b64943452053de487a8a6d,sell,0x27054b13b1b798b345b591a4d22e6562d47ea75a,0x10ebb81304ec9a33b32c6139d18be8041e96a57c9e703baa83f4c4155bc8eecc
31,219.3201,0.155717271,0x2dfb6ab0e0cc50e42bf5f7f87262b27f4a7cde9e,2017-11-01T23:09:28.000Z,0.00071,0x6900bdd0145f870c7f730eeb04310c3452d8554d,sell,0x27054b13b1b798b345b591a4d22e6562d47ea75a,0x631af778a083ee7f4b1948f596e18c9a2719a9c6e75c4e4acadce71d527b93e1
32,209.0807,0.1492836198,0xc6939e988f4481b549ea7059cfcc42aab1f45bdb,2017-11-01T22:47:23.000Z,0.000714,0x16f18a1128ceb213e151e3c127ccbf95f1dec0a1,sell,0x27054b13b1b798b345b591a4d22e6562d47ea75a,0xfb91af9794a70418a6e25dbdafcf0f9aaf6bfdc1bb307409a1c5b3b39b0819c1
33,1290.9193,0.9217163802,0xc6939e988f4481b549ea7059cfcc42aab1f45bdb,2017-11-01T22:34:40.000Z,0.000714,0xab296c308b24c972b60a662262f144eeefc27ec8,sell,0x27054b13b1b798b345b591a4d22e6562d47ea75a,0xb63bea370a9268ad08c960de47293cd328645193c04bdb501fcc54bc8f15d3ca
34,208.908,0.15041376,0x2a581e091eddff9636c6d8d2f13d230b43683d00,2017-11-01T22:32:55.000Z,0.00072,0x16f18a1128ceb213e151e3c127ccbf95f1dec0a1,sell,0x27054b13b1b798b345b591a4d22e6562d47ea75a,0xa4452e59091156d1337663a5683ee7fcaac08ea12e42777dde6ab350bb87490f
35,1291.0917,0.929586024,0x2a581e091eddff9636c6d8d2f13d230b43683d00,2017-11-01T22:23:52.000Z,0.00072,0xab296c308b24c972b60a662262f144eeefc27ec8,sell,0x27054b13b1b798b345b591a4d22e6562d47ea75a,0x83065443406d44c47cbf9209fbdb37f66708b72344f6c2e872fd8a496f456e66
36,1000,0.72,0x2dfb6ab0e0cc50e42bf5f7f87262b27f4a7cde9e,2017-11-01T22:05:20.000Z,0.00072,0x16f18a1128ceb213e151e3c127ccbf95f1dec0a1,sell,0x27054b13b1b798b345b591a4d22e6562d47ea75a,0xd688494847a4d872206ad33921b42925aeb80ed88c1f1d00cde33258049e6a0a
37,1954.1699,1.4100996872915,0x14c32a94d825b0fbfc1a7024282f6bcaaa3082d1,2017-11-01T21:56:07.000Z,0.000721585,0x16f18a1128ceb213e151e3c127ccbf95f1dec0a1,sell,0x27054b13b1b798b345b591a4d22e6562d47ea75a,0xf8f4bce83c04abed59afebf109d1d35b6b37aeedfa04626863c9847e93c496ab
38,145.8301,0.1052288127085,0x14c32a94d825b0fbfc1a7024282f6bcaaa3082d1,2017-11-01T21:40:09.000Z,0.000721585,0x400acc76811731b8e8550ce928164f573adc25e6,sell,0x27054b13b1b798b345b591a4d22e6562d47ea75a,0xa292e44913fe34c7644e26f283dfed755e88c726b5d5d0ec53ce012e93a94777
39,2000,1.45,0xb7106cba24c8bb3b3970fc2c546336893b54ef7c,2017-11-01T21:38:41.000Z,0.000725,0x400acc76811731b8e8550ce928164f573adc25e6,sell,0x27054b13b1b798b345b591a4d22e6562d47ea75a,0x4696d5576d9861694f15051704a8a5630fef6723c3be4b0b15d423a08d8959a0
40,647,0.471394495,0x14c32a94d825b0fbfc1a7024282f6bcaaa3082d1,2017-11-01T21:36:46.000Z,0.000728585,0x400acc76811731b8e8550ce928164f573adc25e6,sell,0x27054b13b1b798b345b591a4d22e6562d47ea75a,0x92b93ef5232ef5d1005d4609549f767aec68976b0730738aa0090009d41d5b35
41,300,0.2185773,0xd81b0566f1fc9fd4f6bf1c1648442f81bb62d5cd,2017-11-01T21:36:30.000Z,0.000728591,0x400acc76811731b8e8550ce928164f573adc25e6,sell,0x27054b13b1b798b345b591a4d22e6562d47ea75a,0xb8f6ecc05d3d097634f9c6d6991d94e387caf1bad34ec599a77b36edc94bbf8d
42,197.285,0.145793615,0x11d336d59874c21b5cd34dc8e862a7e89db7f4a8,2017-11-01T21:36:22.000Z,0.000739,0x400acc76811731b8e8550ce928164f573adc25e6,sell,0x27054b13b1b798b345b591a4d22e6562d47ea75a,0x6e6ab7bf373406e23cb1af5311a264a8809d605ed9cac3b3f6b5fbbdd7ecae4c
43,300,0.22173,0xd22ce2a3aa712d7cf5583b4ca88f181c8407610b,2017-11-01T21:33:47.000Z,0.0007391,0x16f18a1128ceb213e151e3c127ccbf95f1dec0a1,sell,0x27054b13b1b798b345b591a4d22e6562d47ea75a,0x57f16763c55fe74d13bd9b169741bfdaeba6019b2c469d1e82b67f45c1cfdb7f
44,500,0.3845,0xad45bc113525029b88141b45c0819d8a4127ebd5,2017-11-01T18:47:46.000Z,0.000769,0xd22ce2a3aa712d7cf5583b4ca88f181c8407610b,buy,0x27054b13b1b798b345b591a4d22e6562d47ea75a,0x362ead2da6ad6ffafc1a878cc21b9fe4173d1b71f387df181bcf5da1209f22ff
45,750,0.576,0xad45bc113525029b88141b45c0819d8a4127ebd5,2017-11-01T18:44:32.000Z,0.000768,0x16f18a1128ceb213e151e3c127ccbf95f1dec0a1,buy,0x27054b13b1b798b345b591a4d22e6562d47ea75a,0x717a66226265b624c9bb9af968ba2e1614c9c681ff6c42fa437d1c4ccabe2e8d
46,31.257,0.023098923,0x11d336d59874c21b5cd34dc8e862a7e89db7f4a8,2017-11-01T18:36:04.000Z,0.000739,0x3efd9b0bd8e4595bc494539aca584821950106ee,sell,0x27054b13b1b798b345b591a4d22e6562d47ea75a,0x99d597173712ae9f295b1d2f75062699bddfe0306b77234ac2e60d8fe4f55bf7
47,1200,0.876,0xb7106cba24c8bb3b3970fc2c546336893b54ef7c,2017-11-01T18:35:30.000Z,0.00073,0x3efd9b0bd8e4595bc494539aca584821950106ee,sell,0x27054b13b1b798b345b591a4d22e6562d47ea75a,0x8ee5b37e9b048015600a9f5ea2db91fa6a415cd3de6ec01d5a8c5c390c7004a7
48,1413,1.029490605,0x14c32a94d825b0fbfc1a7024282f6bcaaa3082d1,2017-11-01T17:06:50.000Z,0.000728585,0xf09983fe7920997a800d0950512e7643d275530f,sell,0x27054b13b1b798b345b591a4d22e6562d47ea75a,0x320601acd102347b6f6933202b280ea7398a7633c1c23e61558a71822a162e42
49,175.2415,0.1295034685,0x11d336d59874c21b5cd34dc8e862a7e89db7f4a8,2017-11-01T16:08:02.000Z,0.000739,0xb3d98d091d3229291823fcb828446f7e7f780a14,sell,0x27054b13b1b798b345b591a4d22e6562d47ea75a,0xe5f5ef33cf481805aa38176626a3a3cf379a190c469ce76d9b3f8a9fb02e498c
50,1841.336,1.3646141096,0xda896bd9e964386f7343414a646c8ef75d5ae009,2017-11-01T16:04:10.000Z,0.0007411,0xb3d98d091d3229291823fcb828446f7e7f780a14,sell,0x27054b13b1b798b345b591a4d22e6562d47ea75a,0xe252fbe5dea77f7a2b8edd927aebe089516c68bdec3d137128e5a0dd7c5c2a40
51,1000,0.742,0x2dfb6ab0e0cc50e42bf5f7f87262b27f4a7cde9e,2017-11-01T16:04:06.000Z,0.000742,0xb3d98d091d3229291823fcb828446f7e7f780a14,sell,0x27054b13b1b798b345b591a4d22e6562d47ea75a,0xa71ee03fb66d0aa7617825f0c823569abcce50d99cc540b96f38452a900808fd
52,2484.7168,1.84142362048,0xda896bd9e964386f7343414a646c8ef75d5ae009,2017-11-01T15:59:16.000Z,0.0007411,0x3df86cefaecfaa31be2f74f8f832cb4ef62b79f8,sell,0x27054b13b1b798b345b591a4d22e6562d47ea75a,0x466a83a42131b581a041a3365b1ff151ec540cfa0b510057c4b6938a31f3b6d5
53,250.309,0.18773175,0xb7106cba24c8bb3b3970fc2c546336893b54ef7c,2017-11-01T15:58:28.000Z,0.00075,0x16f18a1128ceb213e151e3c127ccbf95f1dec0a1,sell,0x27054b13b1b798b345b591a4d22e6562d47ea75a,0xfaaf3643928529a67027ec27077b0f0b7437b34f17e7eccf7d2babb3b3ea7f7c
54,99.6909,0.074768175,0xb7106cba24c8bb3b3970fc2c546336893b54ef7c,2017-11-01T14:54:22.000Z,0.00075,0x1b1c185352e45359838a080260e1a08b98e1e8b7,sell,0x27054b13b1b798b345b591a4d22e6562d47ea75a,0x741bb8e4be5dbdd73e66edae3548103f9926f6ba7f6b5b0f5871f2358f486afa
55,500,0.375,0xb7106cba24c8bb3b3970fc2c546336893b54ef7c,2017-11-01T14:49:14.000Z,0.00075,0x16f18a1128ceb213e151e3c127ccbf95f1dec0a1,sell,0x27054b13b1b798b345b591a4d22e6562d47ea75a,0x8995346da6a5b6e03b3316efea302a156d4775c3983a81c07e3c3b788375fc8a
56,7.999,0.006087246999,0xa6bae6a84f7131f65891cee52ab215a277e5d482,2017-11-01T13:45:41.000Z,0.000761001,0x692306857d17a8f31bb5feb17cfe765773487e66,sell,0x27054b13b1b798b345b591a4d22e6562d47ea75a,0x0ec2f47b12515ec0f34db299c9d5d48bd4c1d7ab73c8049dbd63bff83b1089bc
57,673.9469,0.49946204759,0xda896bd9e964386f7343414a646c8ef75d5ae009,2017-11-01T13:11:17.000Z,0.0007411,0xcab71d365cfc3b927d50cfbca602f1082451a688,sell,0x27054b13b1b798b345b591a4d22e6562d47ea75a,0x8acee54c94767269eeca8789cf96edb9526f29475649e02069c418d74d62c953
58,322.9949,0.24615441329,0xd22ce2a3aa712d7cf5583b4ca88f181c8407610b,2017-11-01T13:08:43.000Z,0.0007621,0xcab71d365cfc3b927d50cfbca602f1082451a688,sell,0x27054b13b1b798b345b591a4d22e6562d47ea75a,0x39d4fdc795474419aac2121b254c9fa05ca0e15b4fc3930f1b9a934e2d09668d
59,150,0.114315,0xd22ce2a3aa712d7cf5583b4ca88f181c8407610b,2017-11-01T12:30:41.000Z,0.0007621,0x0163febdd1d67f640bb9c95f369ed5da265efcaa,sell,0x27054b13b1b798b345b591a4d22e6562d47ea75a,0x3320f78ea63bd3a0d3ec2d9224f8a0301b29b16bcc386215b898b12b57bc4d11
60,44.8,0.0349439552,0xac01f02587b18b034716ea59e6d2a01ff0dd486e,2017-11-01T12:30:27.000Z,0.000779999,0x0163febdd1d67f640bb9c95f369ed5da265efcaa,sell,0x27054b13b1b798b345b591a4d22e6562d47ea75a,0x0b5ac373262ef37321614a96df6752470224b64464624183721bc542260d9d5f
61,5312.1295,4.14346101,0x00e9007f40668774f5c1f7a233d77b64ec29270a,2017-11-01T12:16:23.000Z,0.00078,0x038b23e1d4d404d716d643ecebcbb738d81f6957,buy,0x27054b13b1b798b345b591a4d22e6562d47ea75a,0x5b4c613f18973b2c3cfb95a6616837c7e062690770aa0212b8a76e76397130ad
62,7120.877,5.48307529,0xc2832a0e76fa707f40c172d7d31144a19b10f583,2017-11-01T12:13:59.000Z,0.00077,0x59d10bc165b0613b379e23902cfb322207e867e5,buy,0x27054b13b1b798b345b591a4d22e6562d47ea75a,0x3c1721c967d979897d5e73e5ac75a481ec437ee28ab1248ec6d6e99d93b17fa8
63,5000,3.85,0x23c09abbc301e4bd6396548f5f6005ab345afb7e,2017-11-01T12:10:33.000Z,0.00077,0x59d10bc165b0613b379e23902cfb322207e867e5,buy,0x27054b13b1b798b345b591a4d22e6562d47ea75a,0x075635c2ce9e8724c9f2415e181b9d77459bc5f4ac0f6ad9f45f84ed92d088c5
64,7500,5.775,0x8b84a01f601858926999386833f218a75579ca8e,2017-11-01T12:10:33.000Z,0.00077,0x59d10bc165b0613b379e23902cfb322207e867e5,buy,0x27054b13b1b798b345b591a4d22e6562d47ea75a,0xb00ffcd7e63b36f120ad67325a703f6937f778dd82e42a36f01dfe29ad6e4f10
65,5000,3.85,0x23c09abbc301e4bd6396548f5f6005ab345afb7e,2017-11-01T12:09:23.000Z,0.00077,0x59d10bc165b0613b379e23902cfb322207e867e5,buy,0x27054b13b1b798b345b591a4d22e6562d47ea75a,0x8bbee914163630dad40eccaad73c9b1809e587855bcc002307f3b5b79db434bf
66,1111,0.85547,0x3efd9b0bd8e4595bc494539aca584821950106ee,2017-11-01T12:09:23.000Z,0.00077,0x59d10bc165b0613b379e23902cfb322207e867e5,buy,0x27054b13b1b798b345b591a4d22e6562d47ea75a,0x8030d4ab78aa7a8ed7ad3fbb5d5817697a3178725cd8b2b425138959a6cda698
67,3641.4426,2.803910834256605,0x8e69a7a7fa07ebd03ed04853b0aee4696ef6d414,2017-11-01T12:09:23.000Z,0.000770000008858194,0x59d10bc165b0613b379e23902cfb322207e867e5,buy,0x27054b13b1b798b345b591a4d22e6562d47ea75a,0x817093a76b89955fd036ad0b71f8a7e534139e60fa3145bcc9c65237d5596a9d
68,269.1655,0.207257435,0xf361e7f39beb5e1a3f7fef72abd805797f8c1e84,2017-11-01T11:42:31.000Z,0.00077,0x5cd978846ce925908ced324c6008acf8612d1281,sell,0x27054b13b1b798b345b591a4d22e6562d47ea75a,0x93089fbb1d1d28ecde7c14ed669c2c460b4a73c847e1bc33737c1356e333dd02
69,626.6799,0.48254356889143657,0x9b2a0ede7db1b79619e667c4b8693a65a291ece2,2017-11-01T11:31:36.000Z,0.0007700000732294693,0x59d10bc165b0613b379e23902cfb322207e867e5,buy,0x27054b13b1b798b345b591a4d22e6562d47ea75a,0xd9e04da39147687ac49e348ec50ba13950ec22d9efc666dcdf852a3e11ba182e
70,3300,2.57334,0x8e69a7a7fa07ebd03ed04853b0aee4696ef6d414,2017-11-01T10:05:52.000Z,0.0007798,0x0048a27710c2714b038186d055dd514688d8f707,buy,0x27054b13b1b798b345b591a4d22e6562d47ea75a,0xa3cb5b6f3e7076e917c2248eaac274e0c6931b086355e3328e8f7e7ff330704f
71,7500,5.84849628825,0x8e69a7a7fa07ebd03ed04853b0aee4696ef6d414,2017-11-01T10:05:52.000Z,0.0007797995051,0xda896bd9e964386f7343414a646c8ef75d5ae009,buy,0x27054b13b1b798b345b591a4d22e6562d47ea75a,0x7e8f0e5bb2024b509a09a1c5484d223f96678ca30957d85e061644531a780009
72,27,0.0205767,0xd22ce2a3aa712d7cf5583b4ca88f181c8407610b,2017-11-01T09:01:16.000Z,0.0007621,0xb10d4d83491e7be1f9451065c9dc5909b717a28c,sell,0x27054b13b1b798b345b591a4d22e6562d47ea75a,0xae216e3315417d0c3685cda139cc8bf13f00c1a2fd5f3b2174eb79b0fccd9647
73,5949.4297,4.5334654314,0x11d336d59874c21b5cd34dc8e862a7e89db7f4a8,2017-11-01T08:53:20.000Z,0.000762,0xb10d4d83491e7be1f9451065c9dc5909b717a28c,sell,0x27054b13b1b798b345b591a4d22e6562d47ea75a,0x11bda6734819f9927a014491511c164eb2a44029699ee927458c824c8d4f7807
74,0.0051,0.00000388671,0xd22ce2a3aa712d7cf5583b4ca88f181c8407610b,2017-11-01T08:40:12.000Z,0.0007621,0x65e44324f5a4edb9fa333b1e0185975641cd5029,sell,0x27054b13b1b798b345b591a4d22e6562d47ea75a,0x13a7bcbc1d656302726b1d77b981405a21779b0b1b724057f94f0a8b5fdde951
75,525.693,0.403732224,0x5f7269f2171f05759a8946831c2300720391320c,2017-11-01T08:09:46.000Z,0.000768,0x52b5051cde88424a5d244ac4d3f0e1027e5e53e6,sell,0x27054b13b1b798b345b591a4d22e6562d47ea75a,0x1e4366a8357328dec47adfa757d95c776635ef1a4426cb04c4b9b5a9f904e1ab
76,3290.1292,2.5070784504,0x11d336d59874c21b5cd34dc8e862a7e89db7f4a8,2017-11-01T08:08:41.000Z,0.000762,0x6fd7bbf2aff3b36361a19cea214866b88ab4f61d,sell,0x27054b13b1b798b345b591a4d22e6562d47ea75a,0x2827411d3cef26dd73302200199fe281fb6aceb60d4394599069e949137db045
77,620,0.49593676,0x4de135d199e58261b68d74c1b371d82ff42d0970,2017-11-01T07:48:02.000Z,0.000799898,0xda896bd9e964386f7343414a646c8ef75d5ae009,buy,0x27054b13b1b798b345b591a4d22e6562d47ea75a,0x6bda05a496c5bf6b91b3c70d357502e543e508710589379c491fe0d946fea410
78,260.4411,0.1984561182,0x11d336d59874c21b5cd34dc8e862a7e89db7f4a8,2017-11-01T07:29:38.000Z,0.000762,0xab296c308b24c972b60a662262f144eeefc27ec8,sell,0x27054b13b1b798b345b591a4d22e6562d47ea75a,0x7d5faef9bf59c0c3960297d7d2ce88926ae1a1ee9f6750652dbb41cf20df0af1
79,258,0.20124,0x19e80654656af3fa27ea3b8f68b04e070de14237,2017-11-01T07:28:36.000Z,0.00078,0xab296c308b24c972b60a662262f144eeefc27ec8,sell,0x27054b13b1b798b345b591a4d22e6562d47ea75a,0xbecf06fb67cf11dc1411795e6d842220188404a9a5c413684fe1a4691f6eee0a
80,570,0.45594186,0x0b90c9aef56233f157e445cd57fd4cba3d075525,2017-11-01T07:28:36.000Z,0.000799898,0xda896bd9e964386f7343414a646c8ef75d5ae009,buy,0x27054b13b1b798b345b591a4d22e6562d47ea75a,0x1851b02d99395e9caaad2d06059808c98249649987023ba273e008c280e47090
81,540,0.43194492,0x0b90c9aef56233f157e445cd57fd4cba3d075525,2017-11-01T07:24:30.000Z,0.000799898,0xda896bd9e964386f7343414a646c8ef75d5ae009,buy,0x27054b13b1b798b345b591a4d22e6562d47ea75a,0xf7de21b72fbdf9814eb25eec0b7e31b5a425163711364e6544eca3d683f1a11f
82,1390,1.11185822,0x0b90c9aef56233f157e445cd57fd4cba3d075525,2017-11-01T07:16:50.000Z,0.000799898,0xda896bd9e964386f7343414a646c8ef75d5ae009,buy,0x27054b13b1b798b345b591a4d22e6562d47ea75a,0xe9f5df1a0ef3d9bc9af2a6fb3c1ba651cd91526ebb21ad22d94784d767b0f250
83,3050,2.4396889,0x0b90c9aef56233f157e445cd57fd4cba3d075525,2017-11-01T07:10:15.000Z,0.000799898,0xda896bd9e964386f7343414a646c8ef75d5ae009,buy,0x27054b13b1b798b345b591a4d22e6562d47ea75a,0x3075f868c795ef899abe881c91474ae5abfda32e8645af3a44551ae8341469e2
84,2500,1.99975,0xae5af1ea210135172562db3e27a86a7c2251714e,2017-11-01T06:56:43.000Z,0.0007999,0xda896bd9e964386f7343414a646c8ef75d5ae009,buy,0x27054b13b1b798b345b591a4d22e6562d47ea75a,0xb92020c310da4c98ede17b1ffa605cc21ee3466d121a6f60551c935f18880be6
85,644,0.50232,0x692056ff9c8de42822433281c728cd784dfd615c,2017-11-01T06:51:41.000Z,0.00078,0xaa34321c9e8addf2ba4d703a98bf85943656a275,sell,0x27054b13b1b798b345b591a4d22e6562d47ea75a,0x7b43c0e371194484b3ecf4c9c97f29cd7cdaf689800054f123c1d04ec85ef44c
86,3500,2.799643,0xdf63ba615e42aa6fc37833ea66d1f554f9523bf2,2017-11-01T06:41:48.000Z,0.000799898,0xda896bd9e964386f7343414a646c8ef75d5ae009,buy,0x27054b13b1b798b345b591a4d22e6562d47ea75a,0x03c110a50b87a5b4e496970ee56b4e86c5f106fd9f1d45adc579bbecd2f2d52e
87,1500,1.199835,0x5f7269f2171f05759a8946831c2300720391320c,2017-11-01T06:40:15.000Z,0.00079989,0x09e396aca9535fffc68c72f880ab36e252b73a43,sell,0x27054b13b1b798b345b591a4d22e6562d47ea75a,0xf45f985c4cf88f95b57079bc354bfeebbd7d361a546602c2f75ae6e64f8dbc8b
88,893.1868,0.678821968,0xf985ad1c40e55dd2ba4e3ce289a9322a2ba0699c,2017-11-01T05:34:28.000Z,0.00076,0x6a912f36057ff7149c41c9140a30d5fe7cd1d7ff,sell,0x27054b13b1b798b345b591a4d22e6562d47ea75a,0x5949f13973cd0af1af7f0e8b1138181a949cefc20f0fb016058e6f96b529328b
89,500,0.38,0xc6939e988f4481b549ea7059cfcc42aab1f45bdb,2017-11-01T05:33:01.000Z,0.00076,0x6a912f36057ff7149c41c9140a30d5fe7cd1d7ff,buy,0x27054b13b1b798b345b591a4d22e6562d47ea75a,0x4fb78cf0f9e7a07ed294a037afbe4f6bbcdec4834d2c9a2b2a828bb5d55a05b9
90,7000,5.32,0xf985ad1c40e55dd2ba4e3ce289a9322a2ba0699c,2017-11-01T05:32:44.000Z,0.00076,0x6a912f36057ff7149c41c9140a30d5fe7cd1d7ff,sell,0x27054b13b1b798b345b591a4d22e6562d47ea75a,0x5ce221cf8f001f68d19bddcf920665d24b7fd33692c6fb4eb8f14a6aea57df10
91,5000,4,0xf985ad1c40e55dd2ba4e3ce289a9322a2ba0699c,2017-11-01T05:27:51.000Z,0.0008,0x09e396aca9535fffc68c72f880ab36e252b73a43,sell,0x27054b13b1b798b345b591a4d22e6562d47ea75a,0xed1efb6e6dae807cf249f95f9a011efdfbb89656e46e3105baf2a852d50cf78d
92,2744.2295,2.222825936119718,0x335c0552eb130f3dfbe6efcb4d2895aed1e9938b,2017-11-01T05:20:38.000Z,0.0008100000149840667,0x6a912f36057ff7149c41c9140a30d5fe7cd1d7ff,buy,0x27054b13b1b798b345b591a4d22e6562d47ea75a,0x9f2984cd9fe770d7b4bf49da92d3753412dff396570534432cfe919dfb69743c
93,0.1257,0.000104345213390401,0x0299ca909860f5d0cbc61faddb3fdd85a15b453c,2017-11-01T05:17:26.000Z,0.0008301130739093158,0x6e1801a6c4860f390d485ce43927cf2f140f07e5,buy,0x27054b13b1b798b345b591a4d22e6562d47ea75a,0xea57861a575b6a3f058d5c164a875c95579fd9046f9971130c47996152cb163a
94,1261.0684,1.0466868355191157,0x0299ca909860f5d0cbc61faddb3fdd85a15b453c,2017-11-01T05:16:30.000Z,0.0008300000503692867,0x6e1801a6c4860f390d485ce43927cf2f140f07e5,buy,0x27054b13b1b798b345b591a4d22e6562d47ea75a,0x8f8d7dc623c8475b85cbaff064167a045a69d09c4d90fb97ff183e7c2b2bc6ee
95,130,0.1079,0x0e0df4708975224b8b77a702ad88528c0eb6e9d6,2017-11-01T05:15:48.000Z,0.00083,0x6e1801a6c4860f390d485ce43927cf2f140f07e5,buy,0x27054b13b1b798b345b591a4d22e6562d47ea75a,0xa206b61857589bb92d521216fd49826eccdfbb97f1bf1d74647cc3c4727d21fd
96,3000,2.52,0x335c0552eb130f3dfbe6efcb4d2895aed1e9938b,2017-11-01T05:14:59.000Z,0.00084,0x54409c45877a9877a724bdfc941dd5a16ac0f0c8,buy,0x27054b13b1b798b345b591a4d22e6562d47ea75a,0x4086cd37f8dd5c1175c8eaee88af68a303d23b86ad70bd8c5c9a95a4fb764edb
97,917,0.77945,0x335c0552eb130f3dfbe6efcb4d2895aed1e9938b,2017-11-01T05:14:59.000Z,0.00085,0x6de94bca021be1d5c13b7e128644a674329ab2ab,buy,0x27054b13b1b798b345b591a4d22e6562d47ea75a,0x49489f45297268d50481e0b717d3fc6b2760d51208b8d6f53ff428d5cd8cf717
98,800,0.664,0xc6939e988f4481b549ea7059cfcc42aab1f45bdb,2017-11-01T05:14:39.000Z,0.00083,0x6e1801a6c4860f390d485ce43927cf2f140f07e5,buy,0x27054b13b1b798b345b591a4d22e6562d47ea75a,0x9c56a80f96bcf231ff33b8919457c90d044651c690de0f768cb13aff17686777
99,1.2591,0.001045104008653331,0xec8b412014f00795b618cbdd3005ecf921a82a6b,2017-11-01T05:11:35.000Z,0.0008300405119953387,0x6e1801a6c4860f390d485ce43927cf2f140f07e5,buy,0x27054b13b1b798b345b591a4d22e6562d47ea75a,0xcea93e425f3d82ffd94806b4a9b6c31d11cdb09cfdb35cbc918744895bbde10a
100,12630.6485,10.483438310801553,0xec8b412014f00795b618cbdd3005ecf921a82a6b,2017-11-01T05:10:48.000Z,0.0008300000044179484,0x6e1801a6c4860f390d485ce43927cf2f140f07e5,buy,0x27054b13b1b798b345b591a4d22e6562d47ea75a,0xa8886ba5a08b43fcaf4c7430a10a824040015893a8db253951199b6e8e738b00
101,1023.6436,0.82,0xec8b412014f00795b618cbdd3005ecf921a82a6b,2017-11-01T05:09:04.000Z,0.0008010600564493345,0x2195de26f169f72f285632f7797a97207f0b2fad,buy,0x27054b13b1b798b345b591a4d22e6562d47ea75a,0xd306f975231451638d1a8650bd14d6757c34e4d8b445995665eb69b19735f912
102,155,0.1209,0x0299ca909860f5d0cbc61faddb3fdd85a15b453c,2017-11-01T05:09:04.000Z,0.00078,0xd5e34c7312a26fbe82f0cd0ec345dd87a7d09c25,buy,0x27054b13b1b798b345b591a4d22e6562d47ea75a,0x39474f3e31ae9f1c0956544cb1eb193d45a711572026cc335b944820b15be87c
103,2980,2.384,0xec8b412014f00795b618cbdd3005ecf921a82a6b,2017-11-01T05:07:16.000Z,0.0008,0x09e396aca9535fffc68c72f880ab36e252b73a43,buy,0x27054b13b1b798b345b591a4d22e6562d47ea75a,0xc2c977c743f2200f4bae649bf247890fff153342cee54f673a9f696c2e40520d
104,300,0.2325,0xec8b412014f00795b618cbdd3005ecf921a82a6b,2017-11-01T05:06:54.000Z,0.000775,0x450573f9ec383956e44d7a62b363107594d76c70,buy,0x27054b13b1b798b345b591a4d22e6562d47ea75a,0x055e4a79dabe9dbe10d82a56ea04649d7a5d2acd39ca4509df15d210f68b5987
105,1510.486,1.0573402,0x23c09abbc301e4bd6396548f5f6005ab345afb7e,2017-11-01T05:04:28.000Z,0.0007,0x57fecdcee640b1b6e2b64943452053de487a8a6d,buy,0x27054b13b1b798b345b591a4d22e6562d47ea75a,0x59988b08a6374d7af2ccc5bedcb44069f9240e8426b53cde38dab4d5a1f4bd97
106,500,0.34925,0xa3b2ceb252ec28d6bb74c78831ebfa56829ff4ed,2017-11-01T05:03:13.000Z,0.0006985,0xb8bb4158e608a20ece08c17f8f1a39627446fac5,buy,0x27054b13b1b798b345b591a4d22e6562d47ea75a,0xc08b26a7425dee1be9fae4cb531fc14b822c96fe4d41615dec6e50d43f943c5b
107,5000,3.5,0x231b8b567722e274b8362a2d634a3cfc302337df,2017-11-01T05:03:13.000Z,0.0007,0x57fecdcee640b1b6e2b64943452053de487a8a6d,buy,0x27054b13b1b798b345b591a4d22e6562d47ea75a,0xeebd6f407a372d60ab7d97667a90deb18a90c3ed6b2801df2a3be4d52ce8b178
108,1250,0.875,0xec8b412014f00795b618cbdd3005ecf921a82a6b,2017-11-01T05:02:42.000Z,0.0007,0x034cf086897e54fb76a4d35489f5cfd94125c485,buy,0x27054b13b1b798b345b591a4d22e6562d47ea75a,0x91da5b850b9659c88e3b990c6adac83ec55d1431027ebdb834848dd8b400cb96
109,3000,2.1,0x54409c45877a9877a724bdfc941dd5a16ac0f0c8,2017-11-01T05:02:42.000Z,0.0007,0x57fecdcee640b1b6e2b64943452053de487a8a6d,buy,0x27054b13b1b798b345b591a4d22e6562d47ea75a,0x3cb32f63cd80eb0cdab4b2537e4c92f2c3a4d3d3b23ad6d9b61364642a5d4515
110,10000,6.83,0xec8b412014f00795b618cbdd3005ecf921a82a6b,2017-11-01T05:00:31.000Z,0.000683,0x57fecdcee640b1b6e2b64943452053de487a8a6d,buy,0x27054b13b1b798b345b591a4d22e6562d47ea75a,0xf6c15b41a600012c5934b01cc905caef4fdc0279ea1bea99e937f2d71324e1df
111,1548,1.05572052,0x23c09abbc301e4bd6396548f5f6005ab345afb7e,2017-11-01T05:00:31.000Z,0.00068199,0x953d1111662196af36e9d387c0f909e14111fa76,buy,0x27054b13b1b798b345b591a4d22e6562d47ea75a,0x26734119096f70850f35b988e1f06426283e4ac5b2e03a25dcd01c1ccd08b795
112,2231.9,1.5199239,0xf2d403aec27ef17b54b090f02fb7487d226aaa54,2017-11-01T05:00:17.000Z,0.000681,0xccf9a2f4b558d0a23d2f678adf2de1dc52fa343e,buy,0x27054b13b1b798b345b591a4d22e6562d47ea75a,0xd6c3b4270a81434f92869893d98fda80b798fa8fb8417687d1e2a6b1879169ec
113,16500,10.989,0x6e1801a6c4860f390d485ce43927cf2f140f07e5,2017-11-01T04:46:16.000Z,0.000666,0x72ae5d3a37ff1c133c91a307511cf41ce38791ba,buy,0x27054b13b1b798b345b591a4d22e6562d47ea75a,0x59dbff9acaf7cdba812cb1bd61e6a737d1cea993b63e5ed4c9ec0c4323a20ce8
114,1995.9636,1.26164859156,0x3833f8dbdbd6bdcb6a883ff209b869148965b364,2017-11-01T04:44:31.000Z,0.0006321,0xa8faf982180b4a3015b8b6a440d2b261c0d0ec3c,sell,0x27054b13b1b798b345b591a4d22e6562d47ea75a,0xedfd6a21b2dabd6512e42df051b8ebd495c405c25f11b61d60c81d4961eeadcc
115,1293.967,0.819999873257993,0x2195de26f169f72f285632f7797a97207f0b2fad,2017-11-01T04:43:24.000Z,0.0006337100353084684,0xa8faf982180b4a3015b8b6a440d2b261c0d0ec3c,sell,0x27054b13b1b798b345b591a4d22e6562d47ea75a,0x28e4ad9bf153e152f25c81395d5e5ccc5ba4303e8fde4d7e86ef58066f7290a8
116,582.2103,0.36801513063,0x3833f8dbdbd6bdcb6a883ff209b869148965b364,2017-11-01T03:44:30.000Z,0.0006321,0xee3f07980dcadfa90d7d1852d67531d045dbd140,sell,0x27054b13b1b798b345b591a4d22e6562d47ea75a,0x361c18e2a301fa9abcab7ac84da62884b4855d092d8ca7782ac0fa9356ae6afd
117,1989.8315,1.25777249115,0x3833f8dbdbd6bdcb6a883ff209b869148965b364,2017-11-01T02:37:30.000Z,0.0006321,0xd42bd417c8e5042efe018f9bc49e28807a3d4b1f,sell,0x27054b13b1b798b345b591a4d22e6562d47ea75a,0x0c1388ccbe351fc1f2648d57c8335c76d96c50481b71df66925349b5f4f85076
118,1204.7838,0.82,0x2a581e091eddff9636c6d8d2f13d230b43683d00,2017-11-01T00:28:41.000Z,0.0006806200415377431,0x2195de26f169f72f285632f7797a97207f0b2fad,buy,0x27054b13b1b798b345b591a4d22e6562d47ea75a,0x5bc4fd0fb456a52f5e1afd62e39cf11841fa428242175db3e8aa6e5156a0c871
119,5,0.00535,0x1ea9771f51c309da1f8d995398f13d28f0a4aea9,2017-10-31T23:22:58.000Z,0.00107,0xd5e34c7312a26fbe82f0cd0ec345dd87a7d09c25,buy,0x27054b13b1b798b345b591a4d22e6562d47ea75a,0x6e26cbc59c488860a91bf93c907925b33ba90c503b6e1febefa3cead2e77ec82
120,2791.3468,1.7588918196564,0x98b8f889dbe2b5c4c5879f65e13b24012f2afdce,2017-10-31T20:25:33.000Z,0.000630123,0xa1c1b6151d1263c5db49c2cdcdf301682ada6b94,sell,0x27054b13b1b798b345b591a4d22e6562d47ea75a,0x5831b07b5d978c0f253fac6cd16a642dcfc67ac9a4efe7619e0bdb2a294a3402
121,518,0.34706,0x4016b42d15de72392a4a161fc4f4df1b80b19599,2017-10-31T19:17:46.000Z,0.00067,0x339d41bfeda98b0b726a0f2e071ebfe8509086a3,buy,0x27054b13b1b798b345b591a4d22e6562d47ea75a,0x1be137ff0fcab1aaca99f1e56692e6584ba7a1a3d0bf0174997e41c76a2edf0e
122,50,0.03345,0x4016b42d15de72392a4a161fc4f4df1b80b19599,2017-10-31T19:16:23.000Z,0.000669,0x1b7688a79d07be5b3d03cfc59983c0d3ddf54de3,buy,0x27054b13b1b798b345b591a4d22e6562d47ea75a,0x8c806d886b398dc2815d42804ba73079088b71a7a001acdcf72bf6fd25ea5c75
123,295,0.19765,0x8a54776d821a12a368ef8fc44f573c8e1cb7b8e0,2017-10-31T18:59:03.000Z,0.00067,0x339d41bfeda98b0b726a0f2e071ebfe8509086a3,buy,0x27054b13b1b798b345b591a4d22e6562d47ea75a,0xc971db06c223fe8230d753b29b0852f357e4a2331aafc2b2d1ddb2036c7a5a73
124,50,0.031755,0x1b7688a79d07be5b3d03cfc59983c0d3ddf54de3,2017-10-31T18:38:34.000Z,0.0006351,0x187cd087369b76d9e095895fce43861cacc4ff7e,sell,0x27054b13b1b798b345b591a4d22e6562d47ea75a,0x15103a99eb6730bc017a1c4331b9411e0327a0ba5612ae47c3097189b4239c0b
125,2072.412,1.4135922252,0x4016b42d15de72392a4a161fc4f4df1b80b19599,2017-10-31T16:39:09.000Z,0.0006821,0x6f133b985501dbc3a697fb5244924b57c5ac8c72,buy,0x27054b13b1b798b345b591a4d22e6562d47ea75a,0x3a613b76b5b348b79437f41ba7782dc7e8a9b8ead6a13f5215b268707a3a9465
126,100,0.0683,0xbab7cebed2d3cdd9cb9f5972139e5715cce79148,2017-10-31T15:16:04.000Z,0.000683,0x6f133b985501dbc3a697fb5244924b57c5ac8c72,buy,0x27054b13b1b798b345b591a4d22e6562d47ea75a,0xc35c56d5c7182d99c0f5716bec797b28afea240be2434b76d1d8b077e2dc28a7
127,397.161,0.271260963,0xbab7cebed2d3cdd9cb9f5972139e5715cce79148,2017-10-31T15:14:57.000Z,0.000683,0x6f133b985501dbc3a697fb5244924b57c5ac8c72,buy,0x27054b13b1b798b345b591a4d22e6562d47ea75a,0x1db7a99923b58cab195bab354cc962d2cc5d96bca6ef6c84858186db9833999a
128,4259.321,2.909107724358,0xbab7cebed2d3cdd9cb9f5972139e5715cce79148,2017-10-31T15:12:27.000Z,0.000682998,0xd990b20677084e0ecc854a956cb15a401515dfe8,buy,0x27054b13b1b798b345b591a4d22e6562d47ea75a,0x4f28cbf04e9eebd92d6bfec75782908f7478d6fbc2ea012e09fe148292bd0103
129,15,0.0102,0xbab7cebed2d3cdd9cb9f5972139e5715cce79148,2017-10-31T15:12:27.000Z,0.00068,0x93f263bda652e5061386284a7d3b6ea0cdd27852,buy,0x27054b13b1b798b345b591a4d22e6562d47ea75a,0x6e6620dfbeb4533483aba91cfa7a17403c52895660bd91ecc5068d90f38428fe
130,3300,2.2538967,0xbab7cebed2d3cdd9cb9f5972139e5715cce79148,2017-10-31T15:10:59.000Z,0.000682999,0x4b7ef3c467974c144121f7952d2769cb18bd8656,buy,0x27054b13b1b798b345b591a4d22e6562d47ea75a,0xe95be472e1677f1ea09c410269a2694e9b10a4709b07770cd76a4d23a2abdc5c
131,28.518,0.01910706,0xbab7cebed2d3cdd9cb9f5972139e5715cce79148,2017-10-31T15:10:33.000Z,0.00067,0x5b324e6585487927c2c701287354b4293c8c0637,buy,0x27054b13b1b798b345b591a4d22e6562d47ea75a,0xbb94627d1d0e011bda95eb268864c4003039071ecbfa8b3db8dcb48a35021593
132,2300,1.5663,0xbab7cebed2d3cdd9cb9f5972139e5715cce79148,2017-10-31T15:10:33.000Z,0.000681,0x530f3806d9ac376c0140a4bbb5a705bcf3a49460,buy,0x27054b13b1b798b345b591a4d22e6562d47ea75a,0x166d9e5b7655d3b9d1c1eb8685f682bd969bb603fb2bed66fa13519a2ec7eb4e
133,625.613,0.416032645,0x863e273db47fd940ee1d20143ce27d8a206c533e,2017-10-31T14:33:12.000Z,0.000665,0xdb8eb119800a162017e669ccc5910cd65d6ff96a,buy,0x27054b13b1b798b345b591a4d22e6562d47ea75a,0x04dece589f8020dd6277a0cfddfdbb4dc9f35c7f0acab7eb89ed2efbed222541
134,1000,0.665,0x863e273db47fd940ee1d20143ce27d8a206c533e,2017-10-31T14:33:09.000Z,0.000665,0xdb8eb119800a162017e669ccc5910cd65d6ff96a,buy,0x27054b13b1b798b345b591a4d22e6562d47ea75a,0xcf066adcaa3cc895076f1ab59b7e87efe31c918f46dc60a7539fb9f23a2c071f
135,1000,0.665,0xcab71d365cfc3b927d50cfbca602f1082451a688,2017-10-31T13:36:31.000Z,0.000665,0xdb8eb119800a162017e669ccc5910cd65d6ff96a,buy,0x27054b13b1b798b345b591a4d22e6562d47ea75a,0x71bdd72fd6f2bc243842ab99826f8b6bad908632565d2ba8e61f8324ba2008f5
136,50,0.03325,0xc8d8737fff15b4e95d459375974556297dd069fa,2017-10-31T13:34:02.000Z,0.000665,0xdb8eb119800a162017e669ccc5910cd65d6ff96a,sell,0x27054b13b1b798b345b591a4d22e6562d47ea75a,0xe84d47f0e21db7eb125a04c063abdcf8f0bc1a1eee321c607915356a225fc2c8
137,982.7257,0.6682535150901944,0x23c09abbc301e4bd6396548f5f6005ab345afb7e,2017-10-31T10:07:52.000Z,0.0006800000397773197,0xdb8eb119800a162017e669ccc5910cd65d6ff96a,buy,0x27054b13b1b798b345b591a4d22e6562d47ea75a,0x12fab7cf26868eecfdfaa99c8431545f66ca7fe7d5b6c824fa881395a09a0797
138,1500,1.0185,0x23c09abbc301e4bd6396548f5f6005ab345afb7e,2017-10-31T10:07:52.000Z,0.000679,0xfbf7dc0756a9768d0c71aea5f8421f3b1eaee7d1,buy,0x27054b13b1b798b345b591a4d22e6562d47ea75a,0x8c659a3e2cbf4c9fad549e63f06659ded2fad2275f0abafb3015d69320c3e0d4
139,5000,3.419995,0x23c09abbc301e4bd6396548f5f6005ab345afb7e,2017-10-31T10:07:52.000Z,0.000683999,0xd990b20677084e0ecc854a956cb15a401515dfe8,buy,0x27054b13b1b798b345b591a4d22e6562d47ea75a,0x1f096525e971ebb20c383985f7afad1b3fa1dd7f72c6c097fa76ce7216b06bf1
140,841.831,0.54719015,0x5da8365a7d67ec3d09d72bcea2cc4fa6f640d26c,2017-10-31T09:27:45.000Z,0.00065,0xdb8eb119800a162017e669ccc5910cd65d6ff96a,sell,0x27054b13b1b798b345b591a4d22e6562d47ea75a,0x4cc554c06afc5a240df7f50ec4ed716b9c33ece340ae8668f215dc07b541fe1c
141,17.2742,0.011746484909805602,0xd7e2a9955d41e02d7132f5e51e15a2b297ea2efa,2017-10-31T08:36:57.000Z,0.0006800016735828925,0xdb8eb119800a162017e669ccc5910cd65d6ff96a,buy,0x27054b13b1b798b345b591a4d22e6562d47ea75a,0xbff7ee777d0fa6bd6b28a805fe2b6c8b990653dc15b5db7386a34a66106fb5f2
142,500,0.3443495,0x2c666e0f0171b06189370bac411a53e474a9f47d,2017-10-31T07:12:10.000Z,0.000688699,0xd990b20677084e0ecc854a956cb15a401515dfe8,buy,0x27054b13b1b798b345b591a4d22e6562d47ea75a,0xca0fe4925be1cd1e9fb0af8700be32cffc7363fe8dcd83c0aa55c5894e02469e
143,0,0,0x28e3834f4a5dc5ed1255b22e400b667641b5b8b6,2017-10-31T06:25:01.000Z,NaN,0xe444a40689f51f63bcd29910622035707d533d29,sell,0x27054b13b1b798b345b591a4d22e6562d47ea75a,0x2fc7ded17d011bf37cfda2c720bbc384b8d451807140aefc739aae8e0a78d129
144,771.3888,0.5206874879297114,0xa3b2ceb252ec28d6bb74c78831ebfa56829ff4ed,2017-10-31T05:30:16.000Z,0.0006750000621343109,0x870964902e694a613e109fd539990c60f2c45569,buy,0x27054b13b1b798b345b591a4d22e6562d47ea75a,0xe655c9141fdcddda212737395d44be355a52814ecb54ad200ea9f286e37c8515
145,0.003,0.00000195,0x5da8365a7d67ec3d09d72bcea2cc4fa6f640d26c,2017-10-31T04:33:26.000Z,0.00065,0x508e4a96dab9bd044d0bb654d623c4ef663dfc35,sell,0x27054b13b1b798b345b591a4d22e6562d47ea75a,0xcbba5adf9738aedb9b125c31055880b855387eb3e4a12aa6732939089c641380
146,0,0,0x5da8365a7d67ec3d09d72bcea2cc4fa6f640d26c,2017-10-31T03:45:39.000Z,NaN,0xe444a40689f51f63bcd29910622035707d533d29,sell,0x27054b13b1b798b345b591a4d22e6562d47ea75a,0x2547d69636a339a426552d32c38d10c226edda46c63ad51c284240137b6eacd6
147,386,0.2316,0x5b5dfd36d43a438f06060ca1ab5f5535b20518dc,2017-10-31T02:42:14.000Z,0.0006,0xe44056a57f5e1bc87aba73bd2d9c2f90e58860c7,sell,0x27054b13b1b798b345b591a4d22e6562d47ea75a,0xf61e4edbf1b8d786d27fa4831038ee723789d26464c5c3c345fec546267c9ae8
148,2127.71,1.3830115,0x28e3834f4a5dc5ed1255b22e400b667641b5b8b6,2017-10-31T02:39:26.000Z,0.00065,0xe44056a57f5e1bc87aba73bd2d9c2f90e58860c7,sell,0x27054b13b1b798b345b591a4d22e6562d47ea75a,0x9b15c31a0b2001115e626e9522e09f8f73371aabe095987405af680e2da0d27f
149,260,0.169,0x5da8365a7d67ec3d09d72bcea2cc4fa6f640d26c,2017-10-31T01:25:22.000Z,0.00065,0x83faa8e9f622ec31a09da27bd0a9a1441e38fce8,sell,0x27054b13b1b798b345b591a4d22e6562d47ea75a,0x411aae6082a6a69049368b6c2f6d44bc5b7cfaeacd84f0ee44841ff4530749cf
150,1500,0.975,0x5b3978bdee6d5bb2196575a07470d9ccadb08d84,2017-10-31T01:23:34.000Z,0.00065,0x83faa8e9f622ec31a09da27bd0a9a1441e38fce8,sell,0x27054b13b1b798b345b591a4d22e6562d47ea75a,0xac382b00d0fe4db9677745de5c7a61d5b1dd6f505b66cfeb5ddb52d56eb2d2ef
151,1530,0.9945,0x47a181d57da50fadaad0cc8e0a40369098aecd8a,2017-10-31T01:23:08.000Z,0.00065,0x83faa8e9f622ec31a09da27bd0a9a1441e38fce8,sell,0x27054b13b1b798b345b591a4d22e6562d47ea75a,0x4b683380c2747809f6e26b6a14e16c9f91806f81f5ca0da707dc8f3d89fbc19a
152,7.0411,0.004752762070288529,0x4ea9c94c8b33ee7fa141c0d1fbc782b47ce22b13,2017-10-31T00:50:44.000Z,0.0006750027794362427,0x870964902e694a613e109fd539990c60f2c45569,buy,0x27054b13b1b798b345b591a4d22e6562d47ea75a,0x164a95e6cd42524b8607e44dc7e4a879b4d2647cf24ebebc6b446dfa2542bea8
153,398.1656,0.25880764,0x5da8365a7d67ec3d09d72bcea2cc4fa6f640d26c,2017-10-30T22:02:03.000Z,0.00065,0xd00fee3b017fbbc979d3c48caee08a9e975fe724,sell,0x27054b13b1b798b345b591a4d22e6562d47ea75a,0x06196c24d6b99888ba72d65a76afa41a17e622b58b15867d48d6aefcdf8e5575
154,200,0.1302,0x2427be55bfae1ab071f96a31fba5dcc7afdc0c6c,2017-10-30T22:00:52.000Z,0.000651,0xd00fee3b017fbbc979d3c48caee08a9e975fe724,sell,0x27054b13b1b798b345b591a4d22e6562d47ea75a,0x065b5630e9511fc9b18706b1f7e8b2aa0642e95d2b0584d0cd2e8b830995ed48
155,2000,1.264,0xb6a34bd460f02241e80e031023ec20ce6fc310ae,2017-10-30T21:05:06.000Z,0.000632,0x917277cf370f1cea677e2cffb1ffbe9316e40560,sell,0x27054b13b1b798b345b591a4d22e6562d47ea75a,0x9b1b830f94e25c3660dadaeddd6bd65f320928ba2a13c1411c907cde9ed51bfb
156,4.677,0.003221045223,0x73ca63db611015808aacd9fe7d5499b97095a2d5,2017-10-30T20:24:07.000Z,0.000688699,0xd990b20677084e0ecc854a956cb15a401515dfe8,buy,0x27054b13b1b798b345b591a4d22e6562d47ea75a,0xc04312504de1fbb3165d447e12c3896297657393b022fba56d21b01de3522f86
157,1744.5917,1.099092771,0x0960da039bb8151cacfef620476e8baf34bd9565,2017-10-30T19:43:21.000Z,0.00063,0x4408d67f62db4b4fb954173dd9ff58e7fc710ec0,sell,0x27054b13b1b798b345b591a4d22e6562d47ea75a,0x7cb2faecb8084e2b6698dfb078027b87b63da2ad9d07268aa95435322ebdc668
158,2492.2739,1.570257170695,0x009a12d4290630bc01fd82516ac57c1dc6a9bcfb,2017-10-30T19:17:19.000Z,0.00063005,0xe11928ddafde413e1ec6c7d40f3a9b4c58bb73fb,sell,0x27054b13b1b798b345b591a4d22e6562d47ea75a,0xc1da642115675a50f2620aae32f23c056d7ed6fadfb1b6bcf1fa866b3783abfa
159,180.0595,0.11375439419914864,0x2195de26f169f72f285632f7797a97207f0b2fad,2017-10-30T18:20:57.000Z,0.0006317600248759361,0x009a12d4290630bc01fd82516ac57c1dc6a9bcfb,sell,0x27054b13b1b798b345b591a4d22e6562d47ea75a,0xf700f9cab101c36841035f7b3437eaaa72fdcd68eb7dd8f5668ad5e88702e355
160,0.001,0.0000006889,0x0c4085d8e714ca77ac5f46cd2b80a92d238a7cd3,2017-10-30T17:42:26.000Z,0.0006889,0x83faa8e9f622ec31a09da27bd0a9a1441e38fce8,buy,0x27054b13b1b798b345b591a4d22e6562d47ea75a,0x7e23b4e73b2a4b01dd1fa2d83500ebabe771f0f2ddb52b13d884d40c9cc37d89
161,61.1,0.03937284,0x41b282b77d7f5fc8e48d1a876e7523601043bf0f,2017-10-30T14:57:16.000Z,0.0006444,0x98b8f889dbe2b5c4c5879f65e13b24012f2afdce,buy,0x27054b13b1b798b345b591a4d22e6562d47ea75a,0xcc8c6499d724c57d0f48cb260c7b0f4c5041512e129c5bcdbb3d590fa73f1eb9
162,514.0437,0.31749395578993067,0x2195de26f169f72f285632f7797a97207f0b2fad,2017-10-30T14:47:01.000Z,0.0006176400095749266,0xa9eb194adff1094aa4cd6d812211d6e79a5bf6b8,sell,0x27054b13b1b798b345b591a4d22e6562d47ea75a,0x14b3227906d05a4f8e9e53b6ba7ab4039d9586a9dc58fb439bf06668046b2034
163,201.811,0.1288361424,0xfb5b94169946f550728d92ae7ecc1a9e3bf4a911,2017-10-30T14:44:13.000Z,0.0006384,0xa9eb194adff1094aa4cd6d812211d6e79a5bf6b8,sell,0x27054b13b1b798b345b591a4d22e6562d47ea75a,0x7cefc0e8fa6098243a83faf7b3444429f16b1e5bd336bb17e76e31365d2b97c1
164,220,0.1408,0x5ecf48a02fe28af80f38171e3c593f9d8e537498,2017-10-30T14:44:13.000Z,0.00064,0xa9eb194adff1094aa4cd6d812211d6e79a5bf6b8,sell,0x27054b13b1b798b345b591a4d22e6562d47ea75a,0xa22ed9df27abfd6e34952a07efc419eb0095d269b9434570a0bd57b92bafb7e0
165,61.103,0.039418217433,0x98b8f889dbe2b5c4c5879f65e13b24012f2afdce,2017-10-30T14:43:27.000Z,0.000645111,0xa9eb194adff1094aa4cd6d812211d6e79a5bf6b8,sell,0x27054b13b1b798b345b591a4d22e6562d47ea75a,0x4f92ccdcf4de4bb84033ea8352945d9c205bd8655949ad4796dff35164885791
166,1114.8464,0.66890784,0x98b8f889dbe2b5c4c5879f65e13b24012f2afdce,2017-10-30T14:19:14.000Z,0.0006,0x804ee30f7a471419c17b56695fc42267af4f9656,sell,0x27054b13b1b798b345b591a4d22e6562d47ea75a,0x5879cd2f54487cc257438bd5f89c8601ac6d5fac5401a9c40fbe8dcdfa7ea814
167,5000,3.0005,0x3dee4a4e076e8d82859d241db0baf46f112cfa23,2017-10-30T14:17:02.000Z,0.0006001,0x804ee30f7a471419c17b56695fc42267af4f9656,sell,0x27054b13b1b798b345b591a4d22e6562d47ea75a,0x1004efd9d4e2b0d1fd6497909d438e3ca9e249afac1c52bde96b0eecb8552c73
168,1280.2298,0.82,0x2195de26f169f72f285632f7797a97207f0b2fad,2017-10-30T14:16:39.000Z,0.0006405100084375477,0x804ee30f7a471419c17b56695fc42267af4f9656,sell,0x27054b13b1b798b345b591a4d22e6562d47ea75a,0x950fba954b3ff775760faecee6bc14c23cd82a3bc5718fb8cc681298e7b5c783
169,3000,1.80339,0x3dee4a4e076e8d82859d241db0baf46f112cfa23,2017-10-30T14:10:53.000Z,0.00060113,0x804ee30f7a471419c17b56695fc42267af4f9656,sell,0x27054b13b1b798b345b591a4d22e6562d47ea75a,0x997ac42517341f031e6e4d4a2f92f29904c79517fb6c4c7661834670b6107659
170,4000,2.40448,0xa54b88fcb5dc39e97d12e79aafaa28702204344f,2017-10-30T14:10:53.000Z,0.00060112,0x804ee30f7a471419c17b56695fc42267af4f9656,sell,0x27054b13b1b798b345b591a4d22e6562d47ea75a,0x5d956aa687d8031eb6e9d74dcba386e536f9cf58a654841d669daf413b19b951
171,2092,1.330512,0x48e7d4016f024710b693dcc544775fa7e041c7ce,2017-10-30T14:10:35.000Z,0.000636,0x804ee30f7a471419c17b56695fc42267af4f9656,sell,0x27054b13b1b798b345b591a4d22e6562d47ea75a,0x0c7a80f80b634c3e69d8f19f2216df1b94f3426a1117019341c65ccdef85e0b3
172,10000,6.311,0x4c1bcc8f570e9f98fab0eae6b14f4df6e90cb8f7,2017-10-30T14:10:35.000Z,0.0006311,0x804ee30f7a471419c17b56695fc42267af4f9656,sell,0x27054b13b1b798b345b591a4d22e6562d47ea75a,0x19ec59ac7678cdd6eff41f10572ae5315f7d6d86dc129a814091a569414f385f
173,869.3395,0.554638601,0x530c354a6e7bd80d6f0bdc82e37381a17db25398,2017-10-30T14:10:24.000Z,0.000638,0x804ee30f7a471419c17b56695fc42267af4f9656,sell,0x27054b13b1b798b345b591a4d22e6562d47ea75a,0x8733f08d9a7847c7ff4aec20b43123a923d41fb93770922e56b9bcfca8931ee6
174,2000,1.277,0x2559e8f91fce20a5436ae4d20e3b3cc736fbd8cf,2017-10-30T14:10:24.000Z,0.0006385,0x804ee30f7a471419c17b56695fc42267af4f9656,sell,0x27054b13b1b798b345b591a4d22e6562d47ea75a,0xe575819e41dc10646e192ff0db82896af19ed4fdfc02f8db90136ae83f5d6dc6
175,38000,24.51,0x41b282b77d7f5fc8e48d1a876e7523601043bf0f,2017-10-30T14:08:49.000Z,0.000645,0x804ee30f7a471419c17b56695fc42267af4f9656,sell,0x27054b13b1b798b345b591a4d22e6562d47ea75a,0x659dd03f30a76b90b6d48ee9bcab92e290b539192ecc24ee69dc417ca807b64c
176,8000,5.136792,0x65a83820d3a8cd3c72e1b7f8b9e95c1571f0b062,2017-10-30T14:08:49.000Z,0.000642099,0x804ee30f7a471419c17b56695fc42267af4f9656,sell,0x27054b13b1b798b345b591a4d22e6562d47ea75a,0x5057af4730f7937c55663c6c0e425e76963b5791f1a657343182d794f4b0e335
177,400,0.256,0xc6939e988f4481b549ea7059cfcc42aab1f45bdb,2017-10-30T14:08:49.000Z,0.00064,0x804ee30f7a471419c17b56695fc42267af4f9656,sell,0x27054b13b1b798b345b591a4d22e6562d47ea75a,0xcc8e56a69c2af7ba3a3861da0d127ae270aea4e5446a8771e26379aaa91a7eb9
178,1278.3138,0.82,0x2195de26f169f72f285632f7797a97207f0b2fad,2017-10-30T14:08:49.000Z,0.0006414700365434528,0x804ee30f7a471419c17b56695fc42267af4f9656,sell,0x27054b13b1b798b345b591a4d22e6562d47ea75a,0x3367263dd5d494a54e280310499fb231e0a630c0f07b6153fbb0998e84c6e204
179,8900,5.696,0x0ddd05d6973ec7a42c120227018383f86929a617,2017-10-30T14:08:49.000Z,0.00064,0x804ee30f7a471419c17b56695fc42267af4f9656,sell,0x27054b13b1b798b345b591a4d22e6562d47ea75a,0xf962cfb5b655dff828006bfcd06b26c876ea22019ebfdccab1fd1745129813a6
180,14938.8965,9.6372464600115,0x98b8f889dbe2b5c4c5879f65e13b24012f2afdce,2017-10-30T14:08:28.000Z,0.000645111,0x804ee30f7a471419c17b56695fc42267af4f9656,sell,0x27054b13b1b798b345b591a4d22e6562d47ea75a,0xfaa3f62c8dda6f3ad9ca18ce8a321f4229535836d43d9e43f1957ea5d11c8c35
181,1500,0.99315,0xa7a7fc79a7357e7ba8a73016283fef99a069f6e9,2017-10-30T14:08:28.000Z,0.0006621,0x804ee30f7a471419c17b56695fc42267af4f9656,sell,0x27054b13b1b798b345b591a4d22e6562d47ea75a,0x0c35566f92d5dddfc5b716a7a01da43cf27bdc49e24979903c50c552c2b92572
182,617.29,0.408988884595,0x1804111464a198d8b0450bdbf7cb9fd65a903baf,2017-10-30T14:08:28.000Z,0.0006625555,0x804ee30f7a471419c17b56695fc42267af4f9656,sell,0x27054b13b1b798b345b591a4d22e6562d47ea75a,0xef9f4cae6879423fd084a97ceb4ea209dadd7267a00b8dbadae6c48b9a6f5997
183,130,0.090077,0xa1383af9b0c8d60da182f1ed8618787528eb720b,2017-10-30T13:20:53.000Z,0.0006929,0x6f133b985501dbc3a697fb5244924b57c5ac8c72,sell,0x27054b13b1b798b345b591a4d22e6562d47ea75a,0xe314a22cbf81cec84716984055c2036b00023e409ae66463cc1760d86dfa1de8
184,2500,1.516275,0x3dee4a4e076e8d82859d241db0baf46f112cfa23,2017-10-30T13:08:57.000Z,0.00060651,0x5b5dfd36d43a438f06060ca1ab5f5535b20518dc,sell,0x27054b13b1b798b345b591a4d22e6562d47ea75a,0x33ce732fd566272c07e75826e89fc1ac5909a1ca4467d15fb5aaecb35043d759
185,3714.4822,2.37392557402,0x0076c3d27f52ee938e37964c98d89e35b300afad,2017-10-30T04:16:32.000Z,0.0006391,0x92fd11d1d04c635dd0bb32549949f268c5ae1cbb,sell,0x27054b13b1b798b345b591a4d22e6562d47ea75a,0x2fc8d6ecd01f069b6b74255a32eaa2765f9b22051543dc447fc4134b8969cead
186,3040,1.9456,0x00a5b10d1907851f6eb681c22b5eae7d72693fee,2017-10-30T02:34:57.000Z,0.00064,0xc835e39b6846923038afb14aad65e5f2ccf59303,sell,0x27054b13b1b798b345b591a4d22e6562d47ea75a,0xf860f05de869ac60752b0a9e35b578f7e5d45e7aeeb6679748ef169aa5238d98
187,38.7302,0.026916781306527245,0x4ea9c94c8b33ee7fa141c0d1fbc782b47ce22b13,2017-10-30T02:22:44.000Z,0.0006949817276060347,0x2195de26f169f72f285632f7797a97207f0b2fad,buy,0x27054b13b1b798b345b591a4d22e6562d47ea75a,0xf03a205c602eac5fd9d64f65dd38c016a09416dc07a57506a7ab9df5378a151c
188,9.652,0.0062738,0xfc644ea1a3fe5e7854be5431078803d1cbee6bee,2017-10-30T02:02:58.000Z,0.00065,0xc835e39b6846923038afb14aad65e5f2ccf59303,sell,0x27054b13b1b798b345b591a4d22e6562d47ea75a,0xb46c5bada58002096ae346ce55284573574f550ef292e0aa1d518cdcc424f5b0
189,90.237,0.05955642,0x3db250eecaa20afe1ab464e2583fda663f764729,2017-10-30T02:02:58.000Z,0.00066,0xc835e39b6846923038afb14aad65e5f2ccf59303,sell,0x27054b13b1b798b345b591a4d22e6562d47ea75a,0x537c6cd0ad06f9b95f61f1a6af6afabb8092e64cd5357b423fe44137c35ef041
190,55,0.03630055,0x8398f28f8225515162157a0a33242ac51c4218f8,2017-10-30T02:02:15.000Z,0.00066001,0xc835e39b6846923038afb14aad65e5f2ccf59303,sell,0x27054b13b1b798b345b591a4d22e6562d47ea75a,0x342addb17c551b4ff2ef09420d2151422f9a1f085f0bccaf3208d641d9171390
191,149.9999,0.10457250504881155,0x7434dcca9f6faf4e8eca1f9daf1f1265a1eba9e3,2017-10-30T00:36:38.000Z,0.0006971504984257426,0x2195de26f169f72f285632f7797a97207f0b2fad,buy,0x27054b13b1b798b345b591a4d22e6562d47ea75a,0x819b78f27b414f4ac5e681bdb1d71d1064c25e32c164cd2f8fa493137656c7a6
192,79.7627,0.052643382,0x3db250eecaa20afe1ab464e2583fda663f764729,2017-10-29T23:14:12.000Z,0.00066,0x3e43b4e95d6e2c8bff378b6726ec513edaf42549,sell,0x27054b13b1b798b345b591a4d22e6562d47ea75a,0x99cb18f8ce1803ca871ab199a7c246bd33e9893b3e169c5ccfa568b82948643e
193,498.4547,0.31821348048,0xfb5b94169946f550728d92ae7ecc1a9e3bf4a911,2017-10-29T22:57:08.000Z,0.0006384,0xb00548770ea87482f024cd4292a975fea72e8f01,sell,0x27054b13b1b798b345b591a4d22e6562d47ea75a,0x4b0cafcc550f8f98d71730c4a987f975856ab64239bd8791f7a44263baa68586
194,3333,2.3331,0x0a5d0c6910d52715abaec240d167add3c2dce207,2017-10-29T22:52:12.000Z,0.0007,0x41b282b77d7f5fc8e48d1a876e7523601043bf0f,buy,0x27054b13b1b798b345b591a4d22e6562d47ea75a,0x3a9e3d6367e374cce94a45892c002d3fc20474814ce5d63c91a1d9a6bb20bc03
195,110,0.077329989,0x8ac7cd3fb322303e0ef64fed8c200afd03541da2,2017-10-29T21:25:51.000Z,0.0007029999,0xba7e1694f3d7c47e93813aecca907c74999bafac,buy,0x27054b13b1b798b345b591a4d22e6562d47ea75a,0x6d1bd08a72d0c0e00fa781389e7992764e9f7e3e07ba05ac97a78a3d459c703c
196,5300,3.71,0x8ac7cd3fb322303e0ef64fed8c200afd03541da2,2017-10-29T21:23:02.000Z,0.0007,0x41b282b77d7f5fc8e48d1a876e7523601043bf0f,buy,0x27054b13b1b798b345b591a4d22e6562d47ea75a,0x3f09bc8569f023d74468f2daaea161eeca00f399bde3e97f015eea020735cfed
197,0.3478,0.00022607,0xfc644ea1a3fe5e7854be5431078803d1cbee6bee,2017-10-29T20:02:38.000Z,0.00065,0x03d7326f53715d4a042bd1fa12669eb420e87b5b,sell,0x27054b13b1b798b345b591a4d22e6562d47ea75a,0x4017d70622ab1992ff7bdbd742ba38f47a18f2db19be4dda94c4e0dfaeff70b3
198,3488.2903,2.23320345006,0x41b282b77d7f5fc8e48d1a876e7523601043bf0f,2017-10-29T19:34:36.000Z,0.0006402,0x03d7326f53715d4a042bd1fa12669eb420e87b5b,sell,0x27054b13b1b798b345b591a4d22e6562d47ea75a,0x5b6afca688c39e927f87ba440115ff4e55f67a290c4ab76a27564d1ea6cb335b
199,624.0124,0.4432485527204295,0xe121cb63c3f6e80eb2600532d43ebbad54ddb61a,2017-10-29T14:40:28.000Z,0.000710320103767857,0x2195de26f169f72f285632f7797a97207f0b2fad,buy,0x27054b13b1b798b345b591a4d22e6562d47ea75a,0x2810011c823820c49de008db2833a5ad68e3404bea9ffa9ae56ad28f8942a4f9
200,503.4575,0.3576159922535278,0x530c354a6e7bd80d6f0bdc82e37381a17db25398,2017-10-29T14:39:13.000Z,0.0007103201208712311,0x2195de26f169f72f285632f7797a97207f0b2fad,buy,0x27054b13b1b798b345b591a4d22e6562d47ea75a,0xe400087982d7f18f928d809b12816006209255526666fce53acb6f8d348a2a62
201,500,0.355,0xe121cb63c3f6e80eb2600532d43ebbad54ddb61a,2017-10-29T14:37:49.000Z,0.00071,0x98daed5acb38e5edf7bc98e7757fca9201b47f7b,buy,0x27054b13b1b798b345b591a4d22e6562d47ea75a,0x450be227208330694b40e1a291c79deda6e4fbf03fd13ddfb7d42011d2dc62b5
202,3489.2955,2.2715313705,0xecc996953e976a305ee585a9c7bbbcc85d1c467b,2017-10-29T13:55:52.000Z,0.000651,0x26febc7e9e08c70836b9a512d138b46c7e50c4a9,sell,0x27054b13b1b798b345b591a4d22e6562d47ea75a,0xf6e67e51037dc8dbe6dba91f8487d9e841e3f83a8993b342e41c5182e24d71ea
203,2,0.00136224,0xda896bd9e964386f7343414a646c8ef75d5ae009,2017-10-29T13:45:52.000Z,0.00068112,0x3ce05d6861f087011e64bd3bc11c4ab74f3dfe3b,sell,0x27054b13b1b798b345b591a4d22e6562d47ea75a,0x93d1f90c128b294b210f28ceb587cd91acc10cd3d3f87d41f064cdaa7c4bd705
204,434.897,0.29621704464,0xd17bc0dc5ac31ab5cbe30b36309fe845b69f66ab,2017-10-29T12:54:56.000Z,0.00068112,0xf72a24ecefe559c885b175b341be3930a2d7d342,sell,0x27054b13b1b798b345b591a4d22e6562d47ea75a,0x5c2a56eba114c7fd9ce0ad5748a7d004842e3df964807993893938bb421286d0
205,0.0299,0.000020365488,0xd17bc0dc5ac31ab5cbe30b36309fe845b69f66ab,2017-10-29T12:07:35.000Z,0.00068112,0xbf3ff66b9f477e3c6f3b8b2c6053e398a243e6c1,sell,0x27054b13b1b798b345b591a4d22e6562d47ea75a,0x2984e45ecc1aacc9508130169a69dfca84c04c99a78d3a9862c85bc6b4464adc
206,299.0728,0.203704465536,0xd17bc0dc5ac31ab5cbe30b36309fe845b69f66ab,2017-10-29T12:03:50.000Z,0.00068112,0xbf3ff66b9f477e3c6f3b8b2c6053e398a243e6c1,sell,0x27054b13b1b798b345b591a4d22e6562d47ea75a,0xf04292089e999bf0bbd759d490eff285c559be5fb32bbedb535b5eb5d855870b
207,500,0.34995,0x3ce05d6861f087011e64bd3bc11c4ab74f3dfe3b,2017-10-29T09:53:51.000Z,0.0006999,0x953d1111662196af36e9d387c0f909e14111fa76,buy,0x27054b13b1b798b345b591a4d22e6562d47ea75a,0x11f5c197cffd0b560036828a7e92ead0386cb62c6e2bfba788eb57b88ff1d286
208,696,0.48546,0x3ce05d6861f087011e64bd3bc11c4ab74f3dfe3b,2017-10-29T09:53:51.000Z,0.0006975,0x7fccf060abf989d5675fa0a3dd7f5ee2a5945837,buy,0x27054b13b1b798b345b591a4d22e6562d47ea75a,0xfe0540b14a5db77d350d88cd22d2a69c9000d051a52b7dd7c28f6a7f3a69c87f
209,2,0.001386424,0xda896bd9e964386f7343414a646c8ef75d5ae009,2017-10-29T07:14:58.000Z,0.000693212,0x7fccf060abf989d5675fa0a3dd7f5ee2a5945837,sell,0x27054b13b1b798b345b591a4d22e6562d47ea75a,0x047e1376fe2fabeb608cc2d1afc09410289ab2d11c6120ed98b7acc1082c08e8
210,99.7338,0.06367005792,0xfb5b94169946f550728d92ae7ecc1a9e3bf4a911,2017-10-29T07:10:03.000Z,0.0006384,0xf155eac36ea8e082bdcd673c58608d6f02e4225c,sell,0x27054b13b1b798b345b591a4d22e6562d47ea75a,0xcd8b3a2e5c0f66c8650ec4358256480e9e6799113d4915c212c693f4f2d84868
211,146,0.10439,0x3094fde727fa2d25d78af4d2c73d53de262a7fd8,2017-10-29T05:32:42.000Z,0.000715,0x2b5ed4b7619e845766c3ac8aa0d6e922540d6882,buy,0x27054b13b1b798b345b591a4d22e6562d47ea75a,0x6705e11948790839558878ed8d85fd928d363ba14a6ec456ab9d4d96331ce002
212,136,0.09724,0x3094fde727fa2d25d78af4d2c73d53de262a7fd8,2017-10-29T05:22:35.000Z,0.000715,0x2b5ed4b7619e845766c3ac8aa0d6e922540d6882,buy,0x27054b13b1b798b345b591a4d22e6562d47ea75a,0x16cf5250c749b981b1ed86426a74d8589da77d94b7d386c37cc27da707dde6e5
213,20,0.01438,0x148d0a9062f83b533033c617646820015aa2ea02,2017-10-29T03:39:09.000Z,0.000719,0x0cccfb3476efda0a3ab319e97a7767409eee39e3,buy,0x27054b13b1b798b345b591a4d22e6562d47ea75a,0x294aee91392e25ec848c260fb54fe64a87f49b8a9ebc7c23199db023e4d04138
214,1.75,0.00122871,0xda896bd9e964386f7343414a646c8ef75d5ae009,2017-10-29T03:30:19.000Z,0.00070212,0x7fccf060abf989d5675fa0a3dd7f5ee2a5945837,sell,0x27054b13b1b798b345b591a4d22e6562d47ea75a,0x0fb5378ab24f9e24adb2f12db94b8dc0f42e41cf7c6e59d498ae6789db45f598
215,1.75,0.00125046621,0xda896bd9e964386f7343414a646c8ef75d5ae009,2017-10-29T00:06:45.000Z,0.00071455212,0x82af6f6edd116fbf357aa5bb7668f58f969f723c,sell,0x27054b13b1b798b345b591a4d22e6562d47ea75a,0x1bff907707159c7341358f61e1175f7c45a629949328d8a5101ad88011afa60f
216,348.9183,0.220205828313,0x41b282b77d7f5fc8e48d1a876e7523601043bf0f,2017-10-28T23:09:24.000Z,0.00063111,0x6dc8a351ce571992b0d4f86becce5a9b5bf9fa1e,sell,0x27054b13b1b798b345b591a4d22e6562d47ea75a,0xa5f0c2ba40125360531a81012c47efa5f0d94879cf32b37b96626e7cf2ce6d80
217,3988,2.51686668,0x41b282b77d7f5fc8e48d1a876e7523601043bf0f,2017-10-28T22:58:57.000Z,0.00063111,0xd445f61ebca3d6b4c57eef1f39fdab6595ef8972,sell,0x27054b13b1b798b345b591a4d22e6562d47ea75a,0xa029b3ba621554b48b51cde21fbd74699326e81f7e4eea07804bd9741fe432e7
218,4000,2.4,0xd445f61ebca3d6b4c57eef1f39fdab6595ef8972,2017-10-28T22:58:57.000Z,0.0006,0x431aaa37a3134ce0c520f2fb6fa96cb1a5b18a79,buy,0x27054b13b1b798b345b591a4d22e6562d47ea75a,0xa029b3ba621554b48b51cde21fbd74699326e81f7e4eea07804bd9741fe432e7
219,69.9999,0.05096560296634582,0x5529e973758f038035e6edffb2a17347b3d1e261,2017-10-28T22:07:48.000Z,0.000728081082492201,0x2195de26f169f72f285632f7797a97207f0b2fad,buy,0x27054b13b1b798b345b591a4d22e6562d47ea75a,0x9f50d76813ab9073a1a32122c44d5dc54db48d66df5ca27e5d9ca3141e2b4211
220,69.9999,0.05096560296634582,0x5529e973758f038035e6edffb2a17347b3d1e261,2017-10-28T21:54:50.000Z,0.000728081082492201,0x2195de26f169f72f285632f7797a97207f0b2fad,buy,0x27054b13b1b798b345b591a4d22e6562d47ea75a,0xc9eedaf910fd10a38e273ddbe9613bebbc7d0c558ed476f2adf33f578101170b
221,2492.2739,1.5726397845434,0xd990b20677084e0ecc854a956cb15a401515dfe8,2017-10-28T21:08:48.000Z,0.000631006,0x880eb4c667bb59d5a8754d2c648d7ef5a3fc4041,sell,0x27054b13b1b798b345b591a4d22e6562d47ea75a,0x6ea980fc1792e89a3399cc09a7bc9e0c94f4b0db9f1f485edd8098dc611ddfe3
222,493.4702,0.3113826570212,0xd990b20677084e0ecc854a956cb15a401515dfe8,2017-10-28T20:46:50.000Z,0.000631006,0x5c9fd0e3c9a8042d356763d466031f82ce94a06a,sell,0x27054b13b1b798b345b591a4d22e6562d47ea75a,0x8804058bdc3f456bed728552ea34c7480163e266e0f816dd12e92e0ee6876c58
223,996.9095,0.629055875957,0xd990b20677084e0ecc854a956cb15a401515dfe8,2017-10-28T20:32:49.000Z,0.000631006,0x89a992323cbd5e0a207825ecb278f5b5cffad4c3,sell,0x27054b13b1b798b345b591a4d22e6562d47ea75a,0x43f8a92c97f1ee4acabba63b1946ba0394648d1afaf9503b02932fa23e3d04ce
224,0.0128,0.0000080768256,0xd990b20677084e0ecc854a956cb15a401515dfe8,2017-10-28T18:55:39.000Z,0.000631002,0x4db3b6e5d539d8cbdeec7d949d7892ef1d50c23b,sell,0x27054b13b1b798b345b591a4d22e6562d47ea75a,0x1a209eae750fa4579d002d458e904fc73445fcaf6ba02e163a95482d2a9cefce
225,128.3699,0.0810016636398,0xd990b20677084e0ecc854a956cb15a401515dfe8,2017-10-28T18:54:33.000Z,0.000631002,0x4db3b6e5d539d8cbdeec7d949d7892ef1d50c23b,sell,0x27054b13b1b798b345b591a4d22e6562d47ea75a,0xef24c99b913b0c5b3d98420b891f1a1150f9e2d82e145d3336a50d374a15f273
226,60,0.03786012,0xaab9ace9eaf702131e2a1091f7d7568216aff40c,2017-10-28T18:52:29.000Z,0.000631002,0x4db3b6e5d539d8cbdeec7d949d7892ef1d50c23b,sell,0x27054b13b1b798b345b591a4d22e6562d47ea75a,0x9d8b51d64f838107e31e746fbf68360aef43fc70e4f46cf0c2060442c2ef0231
227,1139.046,0.6899999394229961,0x2195de26f169f72f285632f7797a97207f0b2fad,2017-10-28T18:50:31.000Z,0.0006057700386314478,0x4db3b6e5d539d8cbdeec7d949d7892ef1d50c23b,sell,0x27054b13b1b798b345b591a4d22e6562d47ea75a,0x127c5f792b34c674c8cc6ade066f39cd4e6f6101eb2c6f70770ec4b2753bd3ae
228,1863,1.149659163,0x378bc8bb4c5fe540abd4a3e296420ad32ccd561c,2017-10-28T18:48:00.000Z,0.000617101,0x4db3b6e5d539d8cbdeec7d949d7892ef1d50c23b,sell,0x27054b13b1b798b345b591a4d22e6562d47ea75a,0x8a9c1e48c7abe006d8dca12ba2fed6cbdb6cf954333c65a5755e2ba79c192ff0
229,246,0.1599,0xe5a0f0b527a9bcd42cad0027b99e162088b7f240,2017-10-28T18:34:46.000Z,0.00065,0x7c9318a5bceae60d056cade2ad12fc7d65d6d15a,buy,0x27054b13b1b798b345b591a4d22e6562d47ea75a,0x115bc4bc6f2594d71971a4d33b13ddfed4fd12f2c4e1c9d189b6b918b7e0d2b8
230,54,0.0351,0x5d2ba7d1f80e353b48ec8a214a21d1e3d6951a3a,2017-10-28T18:27:40.000Z,0.00065,0x7c9318a5bceae60d056cade2ad12fc7d65d6d15a,buy,0x27054b13b1b798b345b591a4d22e6562d47ea75a,0xf2f058c42dc7d38200ff4e3da7eec8f781c73d8a2613373bdb39647021d09aeb
231,221.1168,0.15146503948069245,0xe5a0f0b527a9bcd42cad0027b99e162088b7f240,2017-10-28T18:12:30.000Z,0.000685000142371328,0x450573f9ec383956e44d7a62b363107594d76c70,buy,0x27054b13b1b798b345b591a4d22e6562d47ea75a,0xc4aafb9fa73dc079fa57fc2213cdb5349cb2af6defba02d2fa27cdb4e12406ab
232,80,0.0576,0xcdd727af7a8d3b6991410b6596b261caacfe9843,2017-10-28T18:09:00.000Z,0.00072,0x46371f0751e243fef7b626031cffb8489d47e6c0,buy,0x27054b13b1b798b345b591a4d22e6562d47ea75a,0x1ced90a3f2e22a09bcaa67c488a590081af0f2bcdeb6508c5d36057c594b1de4
233,0.9835,0.0006205894835,0x3ce05d6861f087011e64bd3bc11c4ab74f3dfe3b,2017-10-28T17:48:06.000Z,0.000631001,0xde57392f4ee115dfd457404215ecb590bf6c9fc2,sell,0x27054b13b1b798b345b591a4d22e6562d47ea75a,0x4cb0fd1ec49a26fceb3e7b798c742ee6a81c1f154beef2e1e1e5148f62bb99e9
234,9864.4203,6.2244590737203,0x3ce05d6861f087011e64bd3bc11c4ab74f3dfe3b,2017-10-28T17:47:07.000Z,0.000631001,0xde57392f4ee115dfd457404215ecb590bf6c9fc2,sell,0x27054b13b1b798b345b591a4d22e6562d47ea75a,0xeeffdfa983ce313abea32ac816738a67aee10e7b0eaa400cfc7be1fa2fde56bb
235,78.8831,0.05403496051930754,0x0e34fb8fb1ec873118824f75edf0f04fa2462f0a,2017-10-28T16:25:20.000Z,0.0006850004692932648,0x450573f9ec383956e44d7a62b363107594d76c70,buy,0x27054b13b1b798b345b591a4d22e6562d47ea75a,0x85a3a13a39c50e06310c55226890d6aabf81a301f26f5992ea8938af22a53e9d
236,37.8459,0.025735279999998712,0x0e34fb8fb1ec873118824f75edf0f04fa2462f0a,2017-10-28T16:24:09.000Z,0.0006800017967599849,0x7496747f049d0e2d5ad03f8880e1f2247bbdc97d,buy,0x27054b13b1b798b345b591a4d22e6562d47ea75a,0xdddc48d90f7a5f61848789a4161d85b7f239256b3435675e83d2bfa39a62ef2d
237,87.0861,0.0598281507,0x2b5ed4b7619e845766c3ac8aa0d6e922540d6882,2017-10-28T16:21:02.000Z,0.000687,0x3ce05d6861f087011e64bd3bc11c4ab74f3dfe3b,sell,0x27054b13b1b798b345b591a4d22e6562d47ea75a,0x5797a353040b2251dde14ea17d3ba13febb46bc497550d39079e8043e618bcc3
238,1669.275,1.043632399275,0xd990b20677084e0ecc854a956cb15a401515dfe8,2017-10-28T16:11:46.000Z,0.000625201,0xb3d98d091d3229291823fcb828446f7e7f780a14,sell,0x27054b13b1b798b345b591a4d22e6562d47ea75a,0x83a148b47d2981a56ecd22fd02d90ebef11105e0ea5c32705a6ca9edb6511bda
239,689.929,0.4314126037,0x48e7d4016f024710b693dcc544775fa7e041c7ce,2017-10-28T16:08:37.000Z,0.0006253,0xb3d98d091d3229291823fcb828446f7e7f780a14,sell,0x27054b13b1b798b345b591a4d22e6562d47ea75a,0x69aa25e99fce7e73840fcf47f83bd9431b0f2239c884622e5caaf49119b47712
240,4100,2.56291,0x4c1bcc8f570e9f98fab0eae6b14f4df6e90cb8f7,2017-10-28T16:08:37.000Z,0.0006251,0xb3d98d091d3229291823fcb828446f7e7f780a14,sell,0x27054b13b1b798b345b591a4d22e6562d47ea75a,0x4021bf889358cdd4306fb140977b08a91442dbe5401ab86edb77cdd75c7d1efe
241,3983.6875,2.4906054086875,0xd990b20677084e0ecc854a956cb15a401515dfe8,2017-10-28T15:46:26.000Z,0.000625201,0xb3d98d091d3229291823fcb828446f7e7f780a14,sell,0x27054b13b1b798b345b591a4d22e6562d47ea75a,0x012aee986f258551be600f38713644721d07d90a29a57dba4ac6073d325f7d79
242,0.0627,0.00003920631,0x48e7d4016f024710b693dcc544775fa7e041c7ce,2017-10-28T15:32:07.000Z,0.0006253,0x6c723da0e2243be0d60a23801c00039b98ce35d6,sell,0x27054b13b1b798b345b591a4d22e6562d47ea75a,0x069624f21dbe8d024f6ff2e9a45c15e4d40d1f764abea24bbd53d9965e045e8e
243,628.008,0.3926934024,0x48e7d4016f024710b693dcc544775fa7e041c7ce,2017-10-28T15:31:41.000Z,0.0006253,0x6c723da0e2243be0d60a23801c00039b98ce35d6,sell,0x27054b13b1b798b345b591a4d22e6562d47ea75a,0xa9cb3440d3a5b6473ab4e7ab6c430abd8c6f2a3fb7a8ca290a0fdaea1dd70d40
244,15999.925,9.999953125,0x3ce05d6861f087011e64bd3bc11c4ab74f3dfe3b,2017-10-28T15:30:54.000Z,0.000625,0x6c723da0e2243be0d60a23801c00039b98ce35d6,sell,0x27054b13b1b798b345b591a4d22e6562d47ea75a,0xe58adf5b32399ab830cba5070ab69b3e5396ac5ae22339c0b6ae56e6ae37e0ea
245,27067,16.925022167,0x41b282b77d7f5fc8e48d1a876e7523601043bf0f,2017-10-28T15:30:54.000Z,0.000625301,0x6c723da0e2243be0d60a23801c00039b98ce35d6,sell,0x27054b13b1b798b345b591a4d22e6562d47ea75a,0xf3887cc508104a8297b47085696cb87b88a692051ef207c10fbbc944c592fe97
246,2493.7613,1.49625678,0xd445f61ebca3d6b4c57eef1f39fdab6595ef8972,2017-10-28T14:48:00.000Z,0.0006,0x431aaa37a3134ce0c520f2fb6fa96cb1a5b18a79,buy,0x27054b13b1b798b345b591a4d22e6562d47ea75a,0xeacf5e327f43f6ea2997d6b5feb4e593352eacbd1965eec2229fe2d35cf8987a
247,489.7649,0.30620101548,0x41b282b77d7f5fc8e48d1a876e7523601043bf0f,2017-10-28T14:48:00.000Z,0.0006252,0x5ae933bfbbaa04c3e05ae56295138174ada9799c,sell,0x27054b13b1b798b345b591a4d22e6562d47ea75a,0xadc2475ef4da9c72846278fd391a4f412bf5e62e16eb35b488467ee9d186ea9e
248,2486.28,1.554422256,0x41b282b77d7f5fc8e48d1a876e7523601043bf0f,2017-10-28T14:48:00.000Z,0.0006252,0xd445f61ebca3d6b4c57eef1f39fdab6595ef8972,sell,0x27054b13b1b798b345b591a4d22e6562d47ea75a,0xeacf5e327f43f6ea2997d6b5feb4e593352eacbd1965eec2229fe2d35cf8987a
249,491.2387,0.29474322,0x5ae933bfbbaa04c3e05ae56295138174ada9799c,2017-10-28T14:48:00.000Z,0.0006,0x431aaa37a3134ce0c520f2fb6fa96cb1a5b18a79,buy,0x27054b13b1b798b345b591a4d22e6562d47ea75a,0xadc2475ef4da9c72846278fd391a4f412bf5e62e16eb35b488467ee9d186ea9e
250,0.0747,0.0000466875,0x3ce05d6861f087011e64bd3bc11c4ab74f3dfe3b,2017-10-28T14:17:12.000Z,0.000625,0xecc996953e976a305ee585a9c7bbbcc85d1c467b,sell,0x27054b13b1b798b345b591a4d22e6562d47ea75a,0x044962af2a09157032bb681eb16dae30e571b74e8b9668a39c9a84f78e2c2ed1
251,5689.365,3.908593755,0xbc123910b8e860d2247c17df00163f59a5305386,2017-10-28T13:55:08.000Z,0.000687,0x9af723cdc53e63f40881631bd588df2833893246,buy,0x27054b13b1b798b345b591a4d22e6562d47ea75a,0x31cc8d4b2f77fc64b72a2255932c63f7a458016f72629317d913efc7c72f9d1e
252,1140.614,0.7038733556456,0x00e9007f40668774f5c1f7a233d77b64ec29270a,2017-10-28T11:19:18.000Z,0.0006171004,0x9cc70180769967ed38af69549938ad6d3c18b071,sell,0x27054b13b1b798b345b591a4d22e6562d47ea75a,0x54c43cffcefcae66cb63932a8a1b1309a329e6afc8436d58773466222c7f298f
253,3289.8016,2.03013788328064,0x00e9007f40668774f5c1f7a233d77b64ec29270a,2017-10-28T11:18:28.000Z,0.0006171004,0x02d13c88671be2360335f901c0c115c4a9d4403e,sell,0x27054b13b1b798b345b591a4d22e6562d47ea75a,0x11688426d9ef4f6ba187f8f63535293b02a110b4423ff8b3dbb594318fe9527c
254,2948.4956,1.8195166917999748,0x41b282b77d7f5fc8e48d1a876e7523601043bf0f,2017-10-28T11:08:37.000Z,0.0006171000193454501,0x436fd842656aeb292c3c6bc68a3af3040876b288,buy,0x27054b13b1b798b345b591a4d22e6562d47ea75a,0xf949a22be9cdeb07c280899ff910b5cc318128bba56ef5cca9e5ec0b53542b14
255,351.5043,0.21691330820002527,0x3ce05d6861f087011e64bd3bc11c4ab74f3dfe3b,2017-10-28T11:07:42.000Z,0.0006171000132858268,0x436fd842656aeb292c3c6bc68a3af3040876b288,buy,0x27054b13b1b798b345b591a4d22e6562d47ea75a,0x1941923c0715b570a9e0d32100e36367ebbbc106651a30bb83ef071a7d3901c7
256,3289.8016,2.03013656736,0x41b282b77d7f5fc8e48d1a876e7523601043bf0f,2017-10-28T11:07:29.000Z,0.0006171,0xbd31660926cd7ee8354286f1d3fcc28450658841,sell,0x27054b13b1b798b345b591a4d22e6562d47ea75a,0x9e9a0efcd8f2347cb7e6f39e13d98f92432ae35ab952b656dd6e6971a8ca1180
257,2293.1,1.41507201,0x41b282b77d7f5fc8e48d1a876e7523601043bf0f,2017-10-28T11:00:14.000Z,0.0006171,0x273a5d3e6721b9f5c1a6474f560c1334c63dda01,sell,0x27054b13b1b798b345b591a4d22e6562d47ea75a,0x08af780707284e7cfd7b58cd5f65eb4a29ceb3fff403c5eefc14037d37899b18
258,2300,1.403,0x273a5d3e6721b9f5c1a6474f560c1334c63dda01,2017-10-28T11:00:14.000Z,0.00061,0xd9a5d0c759044aacce40110cae4540a555c56edd,buy,0x27054b13b1b798b345b591a4d22e6562d47ea75a,0x08af780707284e7cfd7b58cd5f65eb4a29ceb3fff403c5eefc14037d37899b18
259,6061.3468,3.818648484,0x1ac08693285c460b743a9ee7f47739fd274cc344,2017-10-28T10:56:51.000Z,0.00063,0x41b282b77d7f5fc8e48d1a876e7523601043bf0f,sell,0x27054b13b1b798b345b591a4d22e6562d47ea75a,0x33b44d19ba0b9534e0d33b9ef8228aa978230d5defeb969a401bc199b46eb8cc
260,112,0.073920112,0x11199a3ae5e4d6d9aded522f14f9cfcb82cb0607,2017-10-28T10:54:29.000Z,0.000660001,0x41b282b77d7f5fc8e48d1a876e7523601043bf0f,sell,0x27054b13b1b798b345b591a4d22e6562d47ea75a,0x848f31ab5013d4f570db7b7e3287b3ae2a4e5a22c13015f0a3b0c5977ab1e8dc
261,2377.1146,1.54512449,0x3ce05d6861f087011e64bd3bc11c4ab74f3dfe3b,2017-10-28T10:52:33.000Z,0.00065,0x41b282b77d7f5fc8e48d1a876e7523601043bf0f,sell,0x27054b13b1b798b345b591a4d22e6562d47ea75a,0x20fa01e538a648bce082889ca848a9bc96015722486fb611e92cec4d04259bd9
262,12899.0137,8.384358905,0x3ce05d6861f087011e64bd3bc11c4ab74f3dfe3b,2017-10-28T10:41:14.000Z,0.00065,0x945df54583eb102061f57d3b4f3e499d7acc49b7,sell,0x27054b13b1b798b345b591a4d22e6562d47ea75a,0xf852e644c3980a069254f3e8c83e35463221da47bc28b582b7136e98899f1b26
263,223.8717,0.145516605,0x3ce05d6861f087011e64bd3bc11c4ab74f3dfe3b,2017-10-28T10:36:51.000Z,0.00065,0xab296c308b24c972b60a662262f144eeefc27ec8,sell,0x27054b13b1b798b345b591a4d22e6562d47ea75a,0x050166ac39499a1de85583991c21ad69ef09098a5f1dcc1e7fd9541a900efd20
264,947.1806,0.6166145706,0x41b282b77d7f5fc8e48d1a876e7523601043bf0f,2017-10-28T10:36:08.000Z,0.000651,0xab296c308b24c972b60a662262f144eeefc27ec8,sell,0x27054b13b1b798b345b591a4d22e6562d47ea75a,0x763203da0eb7ea76fd1cb427b625e39aa2a5d6878e85f86ee6426821681e4dfc
265,688.2558,0.4480545258,0x41b282b77d7f5fc8e48d1a876e7523601043bf0f,2017-10-28T10:33:36.000Z,0.000651,0x4fc95165832dcfcfc69099e5311ff109bdcfcb91,sell,0x27054b13b1b798b345b591a4d22e6562d47ea75a,0xfe57b7480b71e959d7b184e9e1ee6f3db8e9cf316ea0fdb6c9d664fbcdd9cc37
266,3987.5636,2.5959039036,0x41b282b77d7f5fc8e48d1a876e7523601043bf0f,2017-10-28T10:33:03.000Z,0.000651,0x8ed6b77b287c05d6063d5cd5794908e7215d3be8,sell,0x27054b13b1b798b345b591a4d22e6562d47ea75a,0x89c9bf504400f4a66eaa836da6998fd3cff261e0f55787481cbc8c0345799376
267,17000,10.88,0x1ac08693285c460b743a9ee7f47739fd274cc344,2017-10-28T10:31:16.000Z,0.00064,0x8ed6b77b287c05d6063d5cd5794908e7215d3be8,sell,0x27054b13b1b798b345b591a4d22e6562d47ea75a,0xb07dddf651a16921a6110bcd06696cec92acb56e7821029ee433c6c1050f6e34
268,9.5819,0.0063240635819,0xf91de74033fde729d98b98546fb3692a8596d3c9,2017-10-28T10:28:40.000Z,0.000660001,0x4fc95165832dcfcfc69099e5311ff109bdcfcb91,sell,0x27054b13b1b798b345b591a4d22e6562d47ea75a,0xbff203d80d3935293b2e9939cada4f33d05fd14ff73bbe78d7c1b3735f5ff9c1
269,702.9564,0.453406878,0x41b282b77d7f5fc8e48d1a876e7523601043bf0f,2017-10-28T10:21:07.000Z,0.000645,0xaf110ca411b627b215f5e445f175650db3a9b740,sell,0x27054b13b1b798b345b591a4d22e6562d47ea75a,0xbca0a5d69dd3dc086db90ddfb3468a9d0233324ba63b9fece659e885f0359eef
270,7,0.00462,0xc835e39b6846923038afb14aad65e5f2ccf59303,2017-10-28T10:17:51.000Z,0.00066,0xaf110ca411b627b215f5e445f175650db3a9b740,buy,0x27054b13b1b798b345b591a4d22e6562d47ea75a,0xe2189c76bfcef4d835a45b4fe447798201b4d606939e560b9b5e6f6d0b75ce7c
271,37.8644,0.02499052773178645,0x7496747f049d0e2d5ad03f8880e1f2247bbdc97d,2017-10-28T10:15:26.000Z,0.0006600006267572298,0xaf110ca411b627b215f5e445f175650db3a9b740,buy,0x27054b13b1b798b345b591a4d22e6562d47ea75a,0xba945b2d219a5c591db705974cc3a93b1c3e901e89504a0a1867f7e9afc737dd
272,7.2348,0.0049703076,0x2b5ed4b7619e845766c3ac8aa0d6e922540d6882,2017-10-28T10:15:26.000Z,0.000687,0xc835e39b6846923038afb14aad65e5f2ccf59303,sell,0x27054b13b1b798b345b591a4d22e6562d47ea75a,0x5707739fb5dc3eecf4621ff9fd586a29ccb8b3cd441858f553ec31f9a4598a7a
273,0.0002,0.0000001320002,0xf91de74033fde729d98b98546fb3692a8596d3c9,2017-10-28T09:33:31.000Z,0.000660001,0xde57392f4ee115dfd457404215ecb590bf6c9fc2,sell,0x27054b13b1b798b345b591a4d22e6562d47ea75a,0x4a21e7044c6b057c80b6300390569256b1f4ab8109fb26216bc33245733558ee
274,1.5582,0.00098306838,0x1ac08693285c460b743a9ee7f47739fd274cc344,2017-10-28T09:32:51.000Z,0.0006309,0xde57392f4ee115dfd457404215ecb590bf6c9fc2,sell,0x27054b13b1b798b345b591a4d22e6562d47ea75a,0x58fe920371d6486c63317090daa88bbb1c7b66a83224823d5d7421a3c3d5398f
275,15629.662,9.69039044,0x1ac08693285c460b743a9ee7f47739fd274cc344,2017-10-28T09:31:33.000Z,0.00062,0xde57392f4ee115dfd457404215ecb590bf6c9fc2,sell,0x27054b13b1b798b345b591a4d22e6562d47ea75a,0x9d7c6d2bc19d1e4da2d2b42369517fc77446d199d985d89b6e80a379dfa9e2ee
276,300,0.1923,0x91bf3a2f3e98e51925711a15d578bb107513da4c,2017-10-28T09:30:57.000Z,0.000641,0xde57392f4ee115dfd457404215ecb590bf6c9fc2,sell,0x27054b13b1b798b345b591a4d22e6562d47ea75a,0x5b2f57dd8b29d8a1a9c7c4da5ec047f77f4ca14b23d9e8a06f6df5322b27b385
277,5000,3.1545,0xc30ff49429b3077fc2b9a910b072f2300dc41b9a,2017-10-28T09:30:57.000Z,0.0006309,0xde57392f4ee115dfd457404215ecb590bf6c9fc2,sell,0x27054b13b1b798b345b591a4d22e6562d47ea75a,0x321a79a5d899fc45755f6f8800e14653f8b02b560345ec7ac7b40b65a267e3f8
278,399.687,0.25979655,0xd81b0566f1fc9fd4f6bf1c1648442f81bb62d5cd,2017-10-28T09:30:26.000Z,0.00065,0xde57392f4ee115dfd457404215ecb590bf6c9fc2,sell,0x27054b13b1b798b345b591a4d22e6562d47ea75a,0x3b2a1f70eb94611dadb8eb6949e4b2508ce09da9c6386761f2584dda3bf3e9da
279,1500,0.9750015,0xf91de74033fde729d98b98546fb3692a8596d3c9,2017-10-28T09:30:21.000Z,0.000650001,0xde57392f4ee115dfd457404215ecb590bf6c9fc2,sell,0x27054b13b1b798b345b591a4d22e6562d47ea75a,0x58ab6d2b8994c845dea8896eb54929162ea3e0ef1264631fa8220b354a597896
280,200,0.13002,0x0e34c7532be7f6ce83375cdc8abaf6a3c063d710,2017-10-28T09:30:16.000Z,0.0006501,0xde57392f4ee115dfd457404215ecb590bf6c9fc2,sell,0x27054b13b1b798b345b591a4d22e6562d47ea75a,0xf036b19df64549639227515bb0ba449144ae99eb89b073a963b96a9ed59a0acd
281,63.1036,0.0416484391036,0xf91de74033fde729d98b98546fb3692a8596d3c9,2017-10-28T08:42:55.000Z,0.000660001,0x9e1477cd68e8e375705ccb3dcf5764fe901de3ef,sell,0x27054b13b1b798b345b591a4d22e6562d47ea75a,0xa57132f2235b0e0fd8f1560d4c3602d76554446f1aece7a2a37f0626727e1856
282,759.092,0.50100072,0xde745ead5a437252501782afe0a725311053c3ab,2017-10-28T08:41:57.000Z,0.00066,0x9e1477cd68e8e375705ccb3dcf5764fe901de3ef,sell,0x27054b13b1b798b345b591a4d22e6562d47ea75a,0x5c2cd7253aba3334f722643bbbac1639fb955450dd0aa75e4a64e8522bfdfe2b
283,332.7406,0.22130577306,0x8a6a6e3169dd6f172cc3908a094b4727dfea4552,2017-10-28T08:39:39.000Z,0.0006651,0x9e1477cd68e8e375705ccb3dcf5764fe901de3ef,sell,0x27054b13b1b798b345b591a4d22e6562d47ea75a,0x629aad555f3c9138c3c09d7a24fe061d2ab8132205cd59988484b59bec5145dc
284,3000,2.061,0xbc123910b8e860d2247c17df00163f59a5305386,2017-10-28T08:30:33.000Z,0.000687,0x9af723cdc53e63f40881631bd588df2833893246,buy,0x27054b13b1b798b345b591a4d22e6562d47ea75a,0x9d4605595207a76a685b570af142af1c828cdc2cad58f21da44330f40fd78806
285,17.2594,0.01147922694,0x8a6a6e3169dd6f172cc3908a094b4727dfea4552,2017-10-28T08:10:52.000Z,0.0006651,0x58ad6261e08a6ba21346690fd69eda41a6b93e3a,sell,0x27054b13b1b798b345b591a4d22e6562d47ea75a,0x2d39f7c4ccb82276d7a969e4781367f7037b640262627ad29161d3b0f8a7b733
286,332.492,0.228422004,0x2b5ed4b7619e845766c3ac8aa0d6e922540d6882,2017-10-28T07:05:18.000Z,0.000687,0x9af723cdc53e63f40881631bd588df2833893246,sell,0x27054b13b1b798b345b591a4d22e6562d47ea75a,0xc226b3d8c9902f9e3a681428f394f0493b8dd31df716316bce31621f8dc46fdc
287,612.6568,0.421011626392,0xd25116f5ef5fac45fd59ee5a86909b694aa53138,2017-10-28T07:05:13.000Z,0.00068719,0x9af723cdc53e63f40881631bd588df2833893246,sell,0x27054b13b1b798b345b591a4d22e6562d47ea75a,0x31c559e0b08e3e633003d000dca68195daf9c5a14a871c534a5c62b0a025c347
288,1927.3143,1.2720293653143,0xf91de74033fde729d98b98546fb3692a8596d3c9,2017-10-28T07:01:30.000Z,0.000660001,0x98b8f889dbe2b5c4c5879f65e13b24012f2afdce,sell,0x27054b13b1b798b345b591a4d22e6562d47ea75a,0xb8547f8a8f6119cd0dfa5242674a45ee498804e2350f8f377764c74fa7bf43a3
289,1126.6244,0.774205021436,0xd25116f5ef5fac45fd59ee5a86909b694aa53138,2017-10-28T07:00:50.000Z,0.00068719,0x2195de26f169f72f285632f7797a97207f0b2fad,sell,0x27054b13b1b798b345b591a4d22e6562d47ea75a,0x00b57dd7857d6c041a33bf3a5ab171710ddf3b390e594bc28cedf340a0055ea1
290,1337.917,0.919148979,0x2b5ed4b7619e845766c3ac8aa0d6e922540d6882,2017-10-28T06:59:45.000Z,0.000687,0x9778550d76b07ac9f5e57392f68ecdf6efc1774e,sell,0x27054b13b1b798b345b591a4d22e6562d47ea75a,0xb60935a4bb54bcbcb59ebc2574fcf74dbe83a71f28474a14ae4aeeba38579f6d
291,3644,2.499787644,0x378bc8bb4c5fe540abd4a3e296420ad32ccd561c,2017-10-28T06:59:06.000Z,0.000686001,0x9778550d76b07ac9f5e57392f68ecdf6efc1774e,sell,0x27054b13b1b798b345b591a4d22e6562d47ea75a,0x3a198d652288a10869a5ef81b77e7d1b02f3fddff5faaf1d010a1d9688c38515
292,10355.196,7.103664456,0x3ce05d6861f087011e64bd3bc11c4ab74f3dfe3b,2017-10-28T06:58:22.000Z,0.000686,0x98b8f889dbe2b5c4c5879f65e13b24012f2afdce,sell,0x27054b13b1b798b345b591a4d22e6562d47ea75a,0x2bb6a449f993f1662a15d87847cca9c47a96097ac28c77d50ba474493d2f32b1
293,9965.1081,6.8360641566,0x3ce05d6861f087011e64bd3bc11c4ab74f3dfe3b,2017-10-28T06:53:49.000Z,0.000686,0x9778550d76b07ac9f5e57392f68ecdf6efc1774e,sell,0x27054b13b1b798b345b591a4d22e6562d47ea75a,0xa1cd912cc15fb1498f8d6b85a2ef589749ba1d353eb0ce387e436e6b1c997b51
294,1128.6196,0.775576102924,0xd25116f5ef5fac45fd59ee5a86909b694aa53138,2017-10-28T06:49:11.000Z,0.00068719,0x2195de26f169f72f285632f7797a97207f0b2fad,sell,0x27054b13b1b798b345b591a4d22e6562d47ea75a,0x80012dd9b7691b9adc1074a3a23e0fb674ba5eecd18ceab192ae2cafb3283785
295,0.8316,0.0005704776,0x3ce05d6861f087011e64bd3bc11c4ab74f3dfe3b,2017-10-28T06:45:38.000Z,0.000686,0x9af723cdc53e63f40881631bd588df2833893246,sell,0x27054b13b1b798b345b591a4d22e6562d47ea75a,0x10731d0a2efefdc59990c632da78e1047ba026e92e148219a67c4b7f7fd6ae45
296,8340.4312,5.7215358032,0x3ce05d6861f087011e64bd3bc11c4ab74f3dfe3b,2017-10-28T06:45:10.000Z,0.000686,0x9af723cdc53e63f40881631bd588df2833893246,sell,0x27054b13b1b798b345b591a4d22e6562d47ea75a,0x5730ee07cb144336310634c0b88b8355a1860bd0931368087af516c4980a7908
297,1131.1023,0.777282189537,0xd25116f5ef5fac45fd59ee5a86909b694aa53138,2017-10-28T06:31:29.000Z,0.00068719,0x2195de26f169f72f285632f7797a97207f0b2fad,sell,0x27054b13b1b798b345b591a4d22e6562d47ea75a,0x985e80035519bc59f7352cb8cd260ec2148ee97d7a50323a612cb66eb172c0c1
298,0.9969,0.000685059711,0xd25116f5ef5fac45fd59ee5a86909b694aa53138,2017-10-28T06:27:48.000Z,0.00068719,0xc0663f6730271424a51b9f5870aedecb0a57788c,sell,0x27054b13b1b798b345b591a4d22e6562d47ea75a,0xe04eb84dc02af2c5f652863c5ad8b00e4c9e5efc4990cfecbcd794749ae93a07
299,400,0.2748008,0x8398f28f8225515162157a0a33242ac51c4218f8,2017-10-28T02:32:58.000Z,0.000687002,0x46371f0751e243fef7b626031cffb8489d47e6c0,sell,0x27054b13b1b798b345b591a4d22e6562d47ea75a,0xdc94d1aa907fbf511694288bb20e75215f4899bd0309d9364c66809604f57513
300,235,0.161445,0x2b5ed4b7619e845766c3ac8aa0d6e922540d6882,2017-10-28T00:36:00.000Z,0.000687,0x678211b04dd46958818b1c19aa68b1e919de749d,sell,0x27054b13b1b798b345b591a4d22e6562d47ea75a,0x720fb658c48095aee788ca30b5b24db26263158584ec778ea1a8ece0f8e4fc7e
301,420,0.28896,0x7ca6f32042316d0a3015299ef37474fdab6da71a,2017-10-28T00:34:14.000Z,0.000688,0x678211b04dd46958818b1c19aa68b1e919de749d,sell,0x27054b13b1b798b345b591a4d22e6562d47ea75a,0x15fd1f06786bb742a6606aa5b64c264ad9388032965220a5db8c7e8a36566c18
302,1000,0.68801,0x953d1111662196af36e9d387c0f909e14111fa76,2017-10-28T00:33:30.000Z,0.00068801,0x678211b04dd46958818b1c19aa68b1e919de749d,sell,0x27054b13b1b798b345b591a4d22e6562d47ea75a,0xe9a481582a13b89ccc9ba53ba35429bb8d5d8c16c9cdda64dfa49a7fdcd693d4
303,3838.4327,2.6331648322,0x3ce05d6861f087011e64bd3bc11c4ab74f3dfe3b,2017-10-27T21:48:34.000Z,0.000686,0x6e05d10b3e6ab715fe2256b55833cf9006ba898d,sell,0x27054b13b1b798b345b591a4d22e6562d47ea75a,0x45f1fc56fe914bfec077ce9e323bf1cf1f48700fc80dc06d34ab461bf5da7438
304,449,0.30981,0x3ce05d6861f087011e64bd3bc11c4ab74f3dfe3b,2017-10-27T21:47:32.000Z,0.00069,0x6e05d10b3e6ab715fe2256b55833cf9006ba898d,sell,0x27054b13b1b798b345b591a4d22e6562d47ea75a,0x7eba7c858a8e9f3f16173464605553b31f94edbafeb8cfb4b37ffbec8e8d7ce6
305,4300,3.01,0x4d308c991859d59fa9086ad18cbdd9c4534c9fcd,2017-10-27T21:46:58.000Z,0.0007,0x6e05d10b3e6ab715fe2256b55833cf9006ba898d,sell,0x27054b13b1b798b345b591a4d22e6562d47ea75a,0x5fa621419c805af7e12afae8f02232f0cd96378cc01f22da081c1e3558f6c761
306,166.719,0.11670663438,0x650d39cd34a3690eab0a6dedb7ba415ebcfa1cd3,2017-10-27T21:21:52.000Z,0.00070002,0xc835e39b6846923038afb14aad65e5f2ccf59303,sell,0x27054b13b1b798b345b591a4d22e6562d47ea75a,0x5f070152c1717a3d9b3c9e6099bd0403190ac7cb83fab40d1cfe538233048293
307,550,0.3850055,0x798f782d0e5ddf90dcb75d1d175e35d06b89a162,2017-10-27T21:21:52.000Z,0.00070001,0xc835e39b6846923038afb14aad65e5f2ccf59303,sell,0x27054b13b1b798b345b591a4d22e6562d47ea75a,0x3fc3844ccc163a09b234706dd78cdff25b45042629b804032700c95f35d711f2
308,200,0.1400042,0x901e9ffe28c136759399025ef9d2da2ca9089bd2,2017-10-27T21:20:44.000Z,0.000700021,0xc835e39b6846923038afb14aad65e5f2ccf59303,sell,0x27054b13b1b798b345b591a4d22e6562d47ea75a,0x28992abf75185e9c9367c6a5c1d64206bd870a1efcca22f73a7a9306adff636e
309,37,0.02590074,0x650d39cd34a3690eab0a6dedb7ba415ebcfa1cd3,2017-10-27T20:20:53.000Z,0.00070002,0x8494569482f623631ced45d2707e79561baf9098,sell,0x27054b13b1b798b345b591a4d22e6562d47ea75a,0x4dbd06283cc0c491cd275763daec9b759bc018c6f7e7cf297dabb8f556aef52e
310,1.6,0.001300784,0xda896bd9e964386f7343414a646c8ef75d5ae009,2017-10-27T19:45:02.000Z,0.00081299,0xc835e39b6846923038afb14aad65e5f2ccf59303,sell,0x27054b13b1b798b345b591a4d22e6562d47ea75a,0xf996dec06b4f6a883403285c5f862dfb490298a6a25efbf6d2db59b27f027422
311,4000,3.2,0x4d308c991859d59fa9086ad18cbdd9c4534c9fcd,2017-10-27T18:43:05.000Z,0.0008,0xc835e39b6846923038afb14aad65e5f2ccf59303,sell,0x27054b13b1b798b345b591a4d22e6562d47ea75a,0x601d9465d3cb9ba5d69596a78b93715987e6e6f79ca829672730774398cca8eb
312,2000,1.8,0x57fecdcee640b1b6e2b64943452053de487a8a6d,2017-10-27T18:35:38.000Z,0.0009,0x6de94bca021be1d5c13b7e128644a674329ab2ab,buy,0x27054b13b1b798b345b591a4d22e6562d47ea75a,0xb67f071ee512d1a8b94080e470d6f8b77212d095ce94a3a1d3d59712aa4d48d5
313,1000,0.95,0x57fecdcee640b1b6e2b64943452053de487a8a6d,2017-10-27T18:35:26.000Z,0.00095,0x5a8ff72b45d22df3a9e7f7233036a5165fc87ab5,buy,0x27054b13b1b798b345b591a4d22e6562d47ea75a,0x3c99a99c42856f66fbe592f2f64e25f6ce19240d75dfbc7623cf139e169a2f23
314,520,0.4576,0x57fecdcee640b1b6e2b64943452053de487a8a6d,2017-10-27T18:34:36.000Z,0.00088,0x798f782d0e5ddf90dcb75d1d175e35d06b89a162,buy,0x27054b13b1b798b345b591a4d22e6562d47ea75a,0x5da97534d26599f5099a06e6405dfde58cb16b3a54e76da752c1ff14739e9ea5
315,999.99,0.799992,0x57fecdcee640b1b6e2b64943452053de487a8a6d,2017-10-27T18:34:36.000Z,0.0008,0xf3e28453c74609cd275de994bc5bbae3ccbcfa56,buy,0x27054b13b1b798b345b591a4d22e6562d47ea75a,0x84a36f1df56e7088969750fc8bb6eee1c29e98c4e506621f01753115702d91d7
316,250,0.236999725,0x57fecdcee640b1b6e2b64943452053de487a8a6d,2017-10-27T18:34:36.000Z,0.0009479989,0x953d1111662196af36e9d387c0f909e14111fa76,buy,0x27054b13b1b798b345b591a4d22e6562d47ea75a,0x5da4d2f564c55ca373af06025675bd08c44729789e4fd8f476e82c703a419db9
317,30,0.0297003,0x57fecdcee640b1b6e2b64943452053de487a8a6d,2017-10-27T18:34:36.000Z,0.00099001,0xfdca363d6fd3c138078623ee5aec918661aae5c9,buy,0x27054b13b1b798b345b591a4d22e6562d47ea75a,0x2d20daa547ba6ab3f63cbc0f0f0931d5ba0ce46092e81bc93ada1dd516a4a790
318,251,0.20051888,0x57fecdcee640b1b6e2b64943452053de487a8a6d,2017-10-27T18:22:02.000Z,0.00079888,0x953d1111662196af36e9d387c0f909e14111fa76,buy,0x27054b13b1b798b345b591a4d22e6562d47ea75a,0x098f8356bf94a1fe3959e67ba95b0cfbd166dc73d15288518bb8288f98a6dda7
319,1000,0.796998888,0x57fecdcee640b1b6e2b64943452053de487a8a6d,2017-10-27T18:20:51.000Z,0.000796998888,0x953d1111662196af36e9d387c0f909e14111fa76,buy,0x27054b13b1b798b345b591a4d22e6562d47ea75a,0x1fd9f4ad6d1a4b7955e02d1b1c1db41db71c6aaa6f5283f2385f167b379dc959
320,7036.4638,5.558806402,0x57fecdcee640b1b6e2b64943452053de487a8a6d,2017-10-27T18:17:57.000Z,0.00079,0xbc123910b8e860d2247c17df00163f59a5305386,buy,0x27054b13b1b798b345b591a4d22e6562d47ea75a,0xda1a11a7634080e9dcc0c557a30f10082eb9a1f946b67231c559f57606ac1431
321,2800,2.2092,0x57fecdcee640b1b6e2b64943452053de487a8a6d,2017-10-27T18:17:44.000Z,0.000789,0xbf6ac42a910327f8734297240c8be6c85893c46f,buy,0x27054b13b1b798b345b591a4d22e6562d47ea75a,0x52fb03589403e124d418e832abf227a011fe12c7f200eb537da44b1debac93bd
322,4204.4645,3.176346795815,0x57fecdcee640b1b6e2b64943452053de487a8a6d,2017-10-27T18:17:44.000Z,0.00075547,0x4f5dbdd3ee40f15a83d3bd8b446a010df26510ba,buy,0x27054b13b1b798b345b591a4d22e6562d47ea75a,0xd694c3224f72dcf6d5ee8294487d7c119573f6dc9ad1ba9a7802c66c3e68d0f8
323,0.002,0.0000015494,0x93d580fcd6ba22914916d1d1d0b8b7b3864b6de0,2017-10-27T16:59:42.000Z,0.0007747,0x4f5dbdd3ee40f15a83d3bd8b446a010df26510ba,buy,0x27054b13b1b798b345b591a4d22e6562d47ea75a,0xc3e3f362b3a667413f3bce7a902caf19ad28518685cb7b573066bc5cb3c67502
324,481,0.34151,0x3ce05d6861f087011e64bd3bc11c4ab74f3dfe3b,2017-10-27T16:56:30.000Z,0.00071,0x1b7688a79d07be5b3d03cfc59983c0d3ddf54de3,buy,0x27054b13b1b798b345b591a4d22e6562d47ea75a,0x187a2402bbbda0ffe8b973a096b77a8161dc8659c8411709610f9685fbd30bd9
325,0.0006,0.192,0x5dbf62e6d6fd32382afba35cfd6e6b05cfa4cefe,2017-10-27T16:52:45.000Z,320,0x3ac636ac5c3a2576156ac5f10066ca68abe0ad54,sell,0x27054b13b1b798b345b591a4d22e6562d47ea75a,0x9133798961999f0438165d32a9654c591139f59fa17a7a9c9f4ef110ff4c92ec
326,179,0.12305713,0x4f5dbdd3ee40f15a83d3bd8b446a010df26510ba,2017-10-27T16:42:32.000Z,0.00068747,0xf155eac36ea8e082bdcd673c58608d6f02e4225c,sell,0x27054b13b1b798b345b591a4d22e6562d47ea75a,0x2515f3860f7a41e0893d886935765f5f13736f4c25ef43295335a0140b576b14
327,151.2103,0.103952544941,0x4f5dbdd3ee40f15a83d3bd8b446a010df26510ba,2017-10-27T16:38:36.000Z,0.00068747,0x206751daf683e30fa8175f3ac1bb45a5c80b2213,sell,0x27054b13b1b798b345b591a4d22e6562d47ea75a,0x84ca04c93d5c9c8c185f90ddefbcf2bcc80e8b30005025ef592a165a364911ea
328,300,0.2367,0x589720385662de2f98f7d9a74b0dacb257511900,2017-10-27T15:47:53.000Z,0.000789,0xfbf7dc0756a9768d0c71aea5f8421f3b1eaee7d1,buy,0x27054b13b1b798b345b591a4d22e6562d47ea75a,0x53df8034363b4756614385dd725152a4d06aa834e600d62cd1b06dcc5a408404
329,2677.9644,1.841020186068,0x4f5dbdd3ee40f15a83d3bd8b446a010df26510ba,2017-10-27T15:45:30.000Z,0.00068747,0x187cd087369b76d9e095895fce43861cacc4ff7e,sell,0x27054b13b1b798b345b591a4d22e6562d47ea75a,0xd733d54294983d9f33519f19d663de611938ba737d2fb5de2ac75c1f1dbef596
330,1196.2918,0.822414723746,0x4f5dbdd3ee40f15a83d3bd8b446a010df26510ba,2017-10-27T15:42:40.000Z,0.00068747,0x90bb44ee2e9afebe694874f184eb11a917cbdea6,sell,0x27054b13b1b798b345b591a4d22e6562d47ea75a,0x16064c9b3299b018c759f6b7a852fcaa4c7fc544c06fdd1c9c8896a7cfc35117
331,481,0.3295331,0x1b7688a79d07be5b3d03cfc59983c0d3ddf54de3,2017-10-27T15:31:56.000Z,0.0006851,0xa9a4f98ad888d7cb6905618e26c6c845f45732ef,sell,0x27054b13b1b798b345b591a4d22e6562d47ea75a,0xffdb2e482b3ffbf658817e113eb2ea52787af01fbb275ead30161c1443b66dae
332,9714.0083,6.848375873659719,0xaabc85e28806929dc6f19dd1d3d61cc7886e48e4,2017-10-27T14:12:40.000Z,0.0007050000022812127,0xbc123910b8e860d2247c17df00163f59a5305386,buy,0x27054b13b1b798b345b591a4d22e6562d47ea75a,0x5b183883b8b270ee0726cbbc47f9730bd280be3d48ca4d580f33e205133d581f
333,1678,1.146074,0x48e7d4016f024710b693dcc544775fa7e041c7ce,2017-10-27T13:32:59.000Z,0.000683,0xbc123910b8e860d2247c17df00163f59a5305386,sell,0x27054b13b1b798b345b591a4d22e6562d47ea75a,0xd6ad7e4f25083b26c91b669ccda20fda425b54141df2a1a006c238f674fd44ec
334,1450,0.99992,0xe6613641b7183fcd219e11950a07c5f21a8c559c,2017-10-27T12:54:13.000Z,0.0006896,0x8ed6b77b287c05d6063d5cd5794908e7215d3be8,sell,0x27054b13b1b798b345b591a4d22e6562d47ea75a,0x7b2fe3a76efb42da804d476d13b84dfbfe9535b6530573878cc39a37fb008e45
335,1450,0.99992,0xe6613641b7183fcd219e11950a07c5f21a8c559c,2017-10-27T12:54:02.000Z,0.0006896,0x8ed6b77b287c05d6063d5cd5794908e7215d3be8,sell,0x27054b13b1b798b345b591a4d22e6562d47ea75a,0x7b2fe3a76efb42da804d476d13b84dfbfe9535b6530573878cc39a37fb008e45
336,1250,0.8620025,0x034cf086897e54fb76a4d35489f5cfd94125c485,2017-10-27T12:54:02.000Z,0.000689602,0x8ed6b77b287c05d6063d5cd5794908e7215d3be8,sell,0x27054b13b1b798b345b591a4d22e6562d47ea75a,0xd80da639c20a4249636a7b0e10542cbf36b9cd39a08216c049a19539a3393a59
337,3529.293,2.433803982093,0x954e7e743893221fd182d74bc5bbab0b426d3119,2017-10-27T12:53:22.000Z,0.000689601,0x8ed6b77b287c05d6063d5cd5794908e7215d3be8,sell,0x27054b13b1b798b345b591a4d22e6562d47ea75a,0x06e0ae4ec77d6023279378558aefa5ccf076340a9c49e8045a52e598d93e8a01
338,89.7224,0.0618726567624,0x954e7e743893221fd182d74bc5bbab0b426d3119,2017-10-27T10:29:13.000Z,0.000689601,0x787ae41b030be8e26cf26e443ed18715a0f391e9,sell,0x27054b13b1b798b345b591a4d22e6562d47ea75a,0xf2d70a525b4326335adb373ebf9213458d73a9938b2d3a9ff01a93efe91f150f
339,4.9845,0.0034373161845,0x954e7e743893221fd182d74bc5bbab0b426d3119,2017-10-27T10:20:10.000Z,0.000689601,0x787ae41b030be8e26cf26e443ed18715a0f391e9,sell,0x27054b13b1b798b345b591a4d22e6562d47ea75a,0xe5e2dce7635d5e95a3d26053b2589108b68498d99d289c8bc9fcb1735c61a79e
340,0.3233,0.000229579280189873,0x73ca63db611015808aacd9fe7d5499b97095a2d5,2017-10-27T09:34:21.000Z,0.0007101122183417042,0x8ed6b77b287c05d6063d5cd5794908e7215d3be8,buy,0x27054b13b1b798b345b591a4d22e6562d47ea75a,0xb7721ed1366dc33d1bf50b33f2012a35240279fd60ac3747189984bea0346c99
341,2070,1.466595,0x3ce05d6861f087011e64bd3bc11c4ab74f3dfe3b,2017-10-27T08:56:18.000Z,0.0007085,0xc835e39b6846923038afb14aad65e5f2ccf59303,buy,0x27054b13b1b798b345b591a4d22e6562d47ea75a,0x7fe87058505c5b426eae707c0bd5ff4533a857cf34555c0b8319f4d3192a2df6
342,354.786,0.25189806,0x3ce05d6861f087011e64bd3bc11c4ab74f3dfe3b,2017-10-27T07:49:00.000Z,0.00071,0xbc123910b8e860d2247c17df00163f59a5305386,buy,0x27054b13b1b798b345b591a4d22e6562d47ea75a,0xb5cc27c41cb113094c6787f854e617ebc93da0dbe8a53f2a1d9c20b50ed5632d
343,1329.6018,0.9559836996856781,0xb1455f4084cfd6495af7683a6414393a46a07bab,2017-10-27T06:38:54.000Z,0.0007190000041258052,0x57fecdcee640b1b6e2b64943452053de487a8a6d,buy,0x27054b13b1b798b345b591a4d22e6562d47ea75a,0xc3976a3993432de6d934e94bcfe8c6490feb0b104586bf0a380c506f84b4f427
344,200,0.1436,0xb1455f4084cfd6495af7683a6414393a46a07bab,2017-10-27T06:38:04.000Z,0.000718,0xfbf7dc0756a9768d0c71aea5f8421f3b1eaee7d1,buy,0x27054b13b1b798b345b591a4d22e6562d47ea75a,0xd7e455d21a9a31e9570014f247c414d82e91205150fa0ec89b404a06c38b9463
345,2436.2699,1.7297516632227372,0xb1455f4084cfd6495af7683a6414393a46a07bab,2017-10-27T06:37:41.000Z,0.0007100000140471863,0xbc123910b8e860d2247c17df00163f59a5305386,buy,0x27054b13b1b798b345b591a4d22e6562d47ea75a,0x50d6e8d8db322216e2a6c9b600a2d73dd06435286031f696654c04ad25adab4b
346,91.891,0.06524261,0xb1455f4084cfd6495af7683a6414393a46a07bab,2017-10-27T06:37:41.000Z,0.00071,0xbdc058e69ad60873787e67fe22ef40e6a82032e6,buy,0x27054b13b1b798b345b591a4d22e6562d47ea75a,0xed2fd8c82ddf8ad694b015ae6f987c01415e3d0e2557f0c56ae78befdb6312f6
347,808.1085,0.5737571021616428,0x22e4c3ceea3b8e8838b4c084e6c9353f338a0258,2017-10-27T06:26:19.000Z,0.0007100000831096848,0xbdc058e69ad60873787e67fe22ef40e6a82032e6,buy,0x27054b13b1b798b345b591a4d22e6562d47ea75a,0x535f886ae425933479a038a7bfcceefab00b95f1c2d97f307747737ee2b758a1
348,260,0.182,0x22e4c3ceea3b8e8838b4c084e6c9353f338a0258,2017-10-27T06:24:37.000Z,0.0007,0x17ec0d4b35e7b773a0103a7e2d25fc457df834af,buy,0x27054b13b1b798b345b591a4d22e6562d47ea75a,0x78ba26081e5ce771b1b67e44c710384d98621eb3ed4b6a42a9e43822a52c66ca
349,674,0.471799326,0x22e4c3ceea3b8e8838b4c084e6c9353f338a0258,2017-10-27T06:24:37.000Z,0.000699999,0x7503e0454db70e3837b4bac0261583fbd09e649f,buy,0x27054b13b1b798b345b591a4d22e6562d47ea75a,0x5778a0c2398c6d44b2edd3a6c72c3219dd05c6c8dff648e5b4fd58e60794a87e
350,4563.73,3.240248336776868,0x2ff73383f87ca273fc9f17d10409505f1eb7d97e,2017-10-27T05:09:48.000Z,0.0007100000080585109,0xbc123910b8e860d2247c17df00163f59a5305386,buy,0x27054b13b1b798b345b591a4d22e6562d47ea75a,0x06295bca5ebbe7bf9fef8c77e0b6b0a69af2f7614e770da68b77c2e86df22f58
351,954.3207,0.6871109560593645,0xe96783249d79b0c489353a40d79c421e5f103aac,2017-10-27T03:41:52.000Z,0.0007200000545512263,0x8ed6b77b287c05d6063d5cd5794908e7215d3be8,buy,0x27054b13b1b798b345b591a4d22e6562d47ea75a,0x811fd85106281833a6ec552cd96ddd4d9cf5c796266ff891f7f987fe038ddb33
352,2292.892,1.6050317372544,0x840a570ebf6e0ee1ac387f1b63533eb4974778b9,2017-10-27T03:19:27.000Z,0.0007000032,0x726f9333bf4c231d6b7d60946e485d4391d0f0c8,sell,0x27054b13b1b798b345b591a4d22e6562d47ea75a,0xb39f24a5f13f64f2e3eb5fec81e8c161290c5c5f223ab4e77b5aea5609bbcafa
353,2292.892,1.6050317372544,0x840a570ebf6e0ee1ac387f1b63533eb4974778b9,2017-10-27T03:19:03.000Z,0.0007000032,0x726f9333bf4c231d6b7d60946e485d4391d0f0c8,sell,0x27054b13b1b798b345b591a4d22e6562d47ea75a,0xb39f24a5f13f64f2e3eb5fec81e8c161290c5c5f223ab4e77b5aea5609bbcafa
354,2229.3875,1.5159835,0x3ce05d6861f087011e64bd3bc11c4ab74f3dfe3b,2017-10-27T02:54:23.000Z,0.00068,0x081ef6f10c4b56158da70171ff00f6f3e1771865,sell,0x27054b13b1b798b345b591a4d22e6562d47ea75a,0xe7b4737b4ac38a35a3d2bb04f6634e1208f8a618ef6a52e17d025fdb3d08b36a
355,37,0.02553,0x11199a3ae5e4d6d9aded522f14f9cfcb82cb0607,2017-10-27T02:53:32.000Z,0.00069,0x081ef6f10c4b56158da70171ff00f6f3e1771865,sell,0x27054b13b1b798b345b591a4d22e6562d47ea75a,0x2ab2f4123a435aaecda7189859e19d070bf5df64f089d7bb262bd9fef4e2b7e8
356,1400,0.959308,0xc4c3f11db23126544b4bc14ab6a3e44abe90401e,2017-10-27T02:53:32.000Z,0.00068522,0x081ef6f10c4b56158da70171ff00f6f3e1771865,sell,0x27054b13b1b798b345b591a4d22e6562d47ea75a,0x835993c6d2aeaeb67ff61c34bba5fd9d7e428eab298c3d0729b7aafc12d5475e
357,80,0.05624704,0x4be7bced82b314ad60dc69274a75757e7d5d93a3,2017-10-27T02:53:10.000Z,0.000703088,0x081ef6f10c4b56158da70171ff00f6f3e1771865,sell,0x27054b13b1b798b345b591a4d22e6562d47ea75a,0x4a19f7b78534888fd2912ab4ea1e01ba97799067e35c7987adde979e6f5b8c8d
358,1000,0.7,0xed9d2dd36a71170c2fb8c067da42433a82a2f6a2,2017-10-27T02:53:10.000Z,0.0007,0x081ef6f10c4b56158da70171ff00f6f3e1771865,sell,0x27054b13b1b798b345b591a4d22e6562d47ea75a,0x7e81dc320ca9bf13b76d9508bff10d8ed1c4755d507ff4e9c9fe17c4d3b6afa6
359,2311,1.622578521,0x840a570ebf6e0ee1ac387f1b63533eb4974778b9,2017-10-27T02:47:04.000Z,0.000702111,0x8ed6b77b287c05d6063d5cd5794908e7215d3be8,sell,0x27054b13b1b798b345b591a4d22e6562d47ea75a,0x7f36f41ef366da0abb54e4b0e70adbfa7bedbb10ae9be1f7d0e3f22cccd6530c
360,2078,1.460834,0x48e7d4016f024710b693dcc544775fa7e041c7ce,2017-10-27T02:47:04.000Z,0.000703,0x8ed6b77b287c05d6063d5cd5794908e7215d3be8,sell,0x27054b13b1b798b345b591a4d22e6562d47ea75a,0x80d526bf1954cb4c5f71ab639a009dc2fbfc08bfc48ccb8c24ee0b5333236422
361,1462,1.02790296,0x2559e8f91fce20a5436ae4d20e3b3cc736fbd8cf,2017-10-27T02:46:46.000Z,0.00070308,0x8ed6b77b287c05d6063d5cd5794908e7215d3be8,sell,0x27054b13b1b798b345b591a4d22e6562d47ea75a,0xa6df06df475ff6996d165767191087c378cedcc01b5b1275a7c255cb882424f3
362,14926.054,10.494195120266,0x65a83820d3a8cd3c72e1b7f8b9e95c1571f0b062,2017-10-27T02:46:46.000Z,0.000703079,0x8ed6b77b287c05d6063d5cd5794908e7215d3be8,sell,0x27054b13b1b798b345b591a4d22e6562d47ea75a,0x41af3dd8b78d1fa80d74b941bafc03bd8426e27ae1c9015308618c413381284b
363,2394.3686,1.6844383101,0x14c32a94d825b0fbfc1a7024282f6bcaaa3082d1,2017-10-27T02:46:46.000Z,0.0007035,0x8ed6b77b287c05d6063d5cd5794908e7215d3be8,sell,0x27054b13b1b798b345b591a4d22e6562d47ea75a,0x28fee892a627d502c04a527985fa2e0360439973996677ed550507963250ef12
364,605.6314,0.4260616899,0x14c32a94d825b0fbfc1a7024282f6bcaaa3082d1,2017-10-27T02:32:13.000Z,0.0007035,0x3be98009f357ebbc5a9b8c6814f8bcaa849d8d95,sell,0x27054b13b1b798b345b591a4d22e6562d47ea75a,0x514cc9c73c7f193d840c66710ef71d2bc691b0702ffdd1e19adede753a5927aa
365,3000,2.13,0xef66384848890f9d9bdb3f6cde9a4481fff69d25,2017-10-27T02:03:33.000Z,0.00071,0x8ed6b77b287c05d6063d5cd5794908e7215d3be8,sell,0x27054b13b1b798b345b591a4d22e6562d47ea75a,0x1be1d7261aef48a08692ce3537d8764b19bcee6e8be76fe47b608a429b25450a
366,9995,7.35622005,0x70c4bcc07a2bfc0cff3c7099b4a9e0ebca181c02,2017-10-26T22:16:18.000Z,0.00073599,0xbd8f695e5214f3eda8fa07182fc2456ee3e525c4,buy,0x27054b13b1b798b345b591a4d22e6562d47ea75a,0x6f07f350f5fda5bca73af4582bae84dc0dacbf15094cedd9daac50dabd2d8f57
367,917,0.64473353,0x70c4bcc07a2bfc0cff3c7099b4a9e0ebca181c02,2017-10-26T22:16:18.000Z,0.00070309,0x872c1e623ba45e9670e4dbe89bdfdab450a5843c,sell,0x27054b13b1b798b345b591a4d22e6562d47ea75a,0xfd2948e9228cf43118c8fc716c8f8f09299fec7f6c7a0248dacb712647d3e9d1
368,3284.817,2.30948913636,0x3ce05d6861f087011e64bd3bc11c4ab74f3dfe3b,2017-10-26T21:07:06.000Z,0.00070308,0xea686c8373bc9a0e21e398c4dc54761905ab84d0,sell,0x27054b13b1b798b345b591a4d22e6562d47ea75a,0xb8749424a80916aa77cbb4e8ac1fbc9b634438814495d1d0225b0bc126a8cfff
369,2000,1.40616,0x3ce05d6861f087011e64bd3bc11c4ab74f3dfe3b,2017-10-26T20:39:39.000Z,0.00070308,0x90f9365e2b015c514f54e0a4ae6c76d6ecb906f0,sell,0x27054b13b1b798b345b591a4d22e6562d47ea75a,0xaaeb08f2faa03a01572bfdafd86b54c46709863ea02d04aa6976c5ee683d4b65
370,1.9938,0.001401800904,0x3ce05d6861f087011e64bd3bc11c4ab74f3dfe3b,2017-10-26T20:10:46.000Z,0.00070308,0xb4c432a9559a4f1464d2bff9fcbbdc14f1c39dec,sell,0x27054b13b1b798b345b591a4d22e6562d47ea75a,0xcebb3a31ce5ecf49528f64786aa1d55eb6353defa716c89f8dbb2a9bcb78e942
371,248.5,0.1801625,0xaa4b6d882ccace49c6fc8a1634e39fbf95d816e2,2017-10-26T20:03:42.000Z,0.000725,0xed8966537aeebd9209de3802c6eeafcce0af7717,buy,0x27054b13b1b798b345b591a4d22e6562d47ea75a,0x81f5b1c104c621e4851c602ce6152f4c83fe1662d7eb5e491654e02cd6db249e
372,500,0.36,0x265fe558fc9f3a4460850bb9b0b85206145e6de2,2017-10-26T19:54:16.000Z,0.00072,0xed8966537aeebd9209de3802c6eeafcce0af7717,sell,0x27054b13b1b798b345b591a4d22e6562d47ea75a,0x8323cc6d59c57fe85a027e827afb772beaf4e5a6a6321180964c8cb7fb569a30
373,130.0498,0.091435413384,0x3ce05d6861f087011e64bd3bc11c4ab74f3dfe3b,2017-10-26T19:05:21.000Z,0.00070308,0xba2b7c60111387f6253704f9edc6417c6a6c1429,sell,0x27054b13b1b798b345b591a4d22e6562d47ea75a,0xc4cfa4af2ac6a799ff33ad590e59669478e694c95de25e6e7bcf4756ae5e59cd
374,1849,1.299996769,0x3f6001d3e24208e901dbc2c1dc96b1115ea6a913,2017-10-26T19:03:06.000Z,0.000703081,0xba2b7c60111387f6253704f9edc6417c6a6c1429,sell,0x27054b13b1b798b345b591a4d22e6562d47ea75a,0xa14bbfe635631bf2cb043d1beafade9ce5277ed7690cd2e0588831624ab4b122
375,0,0,0x7d053385a05276eedcaf706325ae34ae544741a6,2017-10-26T18:58:53.000Z,NaN,0x4a57d0208164a1c1c63c75395dc444428a07b50a,sell,0x27054b13b1b798b345b591a4d22e6562d47ea75a,0xff9114cbd0b723d7874145c182854f3e48a8db7fe674d2e15f57d7c1abf0b6b0
376,0.0009,0.0009,0x7d053385a05276eedcaf706325ae34ae544741a6,2017-10-26T18:58:15.000Z,1,0x4a57d0208164a1c1c63c75395dc444428a07b50a,sell,0x27054b13b1b798b345b591a4d22e6562d47ea75a,0x772cd16501b692e0f221bb0336079a8518b4ebf591271536c55c4186a8640902
377,498.9662,0.350813155896,0x3ce05d6861f087011e64bd3bc11c4ab74f3dfe3b,2017-10-26T18:43:35.000Z,0.00070308,0x257bad6b5497fe86daa1ef915173861c9a4c6c2a,sell,0x27054b13b1b798b345b591a4d22e6562d47ea75a,0xdabf7c2f0e5c15d07912fe72968c9966d754ffd7214fa55d967ee52082f8ac30
378,1214.819,0.892891965,0xaa4b6d882ccace49c6fc8a1634e39fbf95d816e2,2017-10-26T17:55:07.000Z,0.000735,0x945df54583eb102061f57d3b4f3e499d7acc49b7,buy,0x27054b13b1b798b345b591a4d22e6562d47ea75a,0xaedf2db1f55ca302c3ebc5125f443e74364b2ab44b79e61dbff1056d227c1b23
379,1030,0.762097,0xaa4b6d882ccace49c6fc8a1634e39fbf95d816e2,2017-10-26T17:33:01.000Z,0.0007399,0xda896bd9e964386f7343414a646c8ef75d5ae009,buy,0x27054b13b1b798b345b591a4d22e6562d47ea75a,0x8e045a78aef7a6e7afcb276eda487b02c100ace7ec57af3d2bb5f417550a1bb1
380,399,0.2952201,0x945df54583eb102061f57d3b4f3e499d7acc49b7,2017-10-26T17:09:40.000Z,0.0007399,0x048b16c92491be83e80af753a87d3aecd71bd5a5,buy,0x27054b13b1b798b345b591a4d22e6562d47ea75a,0x514db33631627e9258081a6643743627386d9615321928b74bc75ded80e5d56d
381,45,0.03177009,0x945df54583eb102061f57d3b4f3e499d7acc49b7,2017-10-26T17:09:40.000Z,0.000706002,0x9b66f49bdfa0625a08a532c4fa3bafe0da9bcd6b,buy,0x27054b13b1b798b345b591a4d22e6562d47ea75a,0xa55f8fd22429f5cff46ef05fa45dcfe3f591b5ef309660540f30a2e006d7e4a1
382,770,0.5621,0x945df54583eb102061f57d3b4f3e499d7acc49b7,2017-10-26T17:09:09.000Z,0.00073,0xa9eb194adff1094aa4cd6d812211d6e79a5bf6b8,buy,0x27054b13b1b798b345b591a4d22e6562d47ea75a,0xb61bf8cfa8d34f3d90aea5d7314e27858f296845bf48450286250f619f07d579
383,73.9457,0.0519896688103,0x65a83820d3a8cd3c72e1b7f8b9e95c1571f0b062,2017-10-26T16:40:22.000Z,0.000703079,0x23ca50828542a820ed3f18acafddcd18432170e3,sell,0x27054b13b1b798b345b591a4d22e6562d47ea75a,0x748096b6e6907d4dadfe1e57a72fb1aa1616c311c76ee65d9ba219d3641455eb
384,275,0.194150275,0x8398f28f8225515162157a0a33242ac51c4218f8,2017-10-26T16:38:33.000Z,0.000706001,0x23ca50828542a820ed3f18acafddcd18432170e3,sell,0x27054b13b1b798b345b591a4d22e6562d47ea75a,0x97bb85c0aa01c6f73bd3047ce7f34b17b88a6f7914d1fd481df8bb54975a373f
385,1350,0.9531027,0x3efd9b0bd8e4595bc494539aca584821950106ee,2017-10-26T16:12:52.000Z,0.000706002,0x9b66f49bdfa0625a08a532c4fa3bafe0da9bcd6b,buy,0x27054b13b1b798b345b591a4d22e6562d47ea75a,0x21a5d8df803905671d9c6fce56c01eaa0b9b2b2f1888ba315aa63418508e65f2
386,555,0.39183111,0x3efd9b0bd8e4595bc494539aca584821950106ee,2017-10-26T16:08:55.000Z,0.000706002,0x9b66f49bdfa0625a08a532c4fa3bafe0da9bcd6b,buy,0x27054b13b1b798b345b591a4d22e6562d47ea75a,0x611bde4431c61ad15d7893e833b7abc60c56bf0a5871524d7feb609422ca4a07
