,amount,amountBase,buyer,date,price,seller,side,tokenAddr,txHash
0,16.16179005,0.01616179005,0x2a4a9e9b0b0b31663d94384ba31824019936dff5,2017-10-29T03:58:13.000Z,0.001,0x0ec8071672424b1bbe96e1ea4b8b5ad81fe295a9,sell,0xf814d88af9f624257880ae1c6b519d87116810e8,0x9352a066b38be38694cfeeafd70428eef3e29a6c366762f0bfeeaee6ee2ad8b1
1,60.35697678,0.045267732585,0xeff21ff58567c4f59002ed7ac7126b19c40cb8d9,2017-10-29T03:57:19.000Z,0.00075,0x0ec8071672424b1bbe96e1ea4b8b5ad81fe295a9,sell,0xf814d88af9f624257880ae1c6b519d87116810e8,0xc55a86c21192b050eb28969751068ad4e12610bcd47314f7f0cd2bf7752175ed
2,25,0.03625,0xeff21ff58567c4f59002ed7ac7126b19c40cb8d9,2017-10-29T03:56:53.000Z,0.00145,0x0ec8071672424b1bbe96e1ea4b8b5ad81fe295a9,sell,0xf814d88af9f624257880ae1c6b519d87116810e8,0xc0f549f2329bfb1cb5289d6d9f3e182903ce99c8bfecf2e9c7d6f280cf110999
3,100,0.15,0xeff21ff58567c4f59002ed7ac7126b19c40cb8d9,2017-10-29T03:55:59.000Z,0.0015,0x0ec8071672424b1bbe96e1ea4b8b5ad81fe295a9,sell,0xf814d88af9f624257880ae1c6b519d87116810e8,0x15a71cc5861c053a7350b54f2a4871ed9d23b19326efcbb803117248ccd81936
4,50,0.0875,0xeff21ff58567c4f59002ed7ac7126b19c40cb8d9,2017-10-29T00:05:42.000Z,0.00175,0xeff21ff58567c4f59002ed7ac7126b19c40cb8d9,buy,0xf814d88af9f624257880ae1c6b519d87116810e8,0x12ef4ad3c5c18facccaabd958d3655a6617ad2760a4b96690057b874455b2064
5,69.91,0.104865,0xeff21ff58567c4f59002ed7ac7126b19c40cb8d9,2017-10-28T22:43:56.000Z,0.0015,0xeff21ff58567c4f59002ed7ac7126b19c40cb8d9,buy,0xf814d88af9f624257880ae1c6b519d87116810e8,0x606415e9fde597138084a20e021018c7f4ec6fbd6dac3905996cd4669b2841d5
6,30,0.0465,0xeff21ff58567c4f59002ed7ac7126b19c40cb8d9,2017-10-28T22:40:51.000Z,0.00155,0xe0fda40ed2db6505c7d9b47249ef869031ae84cb,sell,0xf814d88af9f624257880ae1c6b519d87116810e8,0x7422c286cce2beeafc46666a548a78dc71c84129b3898573df005454577a6258
7,30.09,0.045135,0xe0fda40ed2db6505c7d9b47249ef869031ae84cb,2017-10-28T22:40:51.000Z,0.0015,0xeff21ff58567c4f59002ed7ac7126b19c40cb8d9,buy,0xf814d88af9f624257880ae1c6b519d87116810e8,0x7422c286cce2beeafc46666a548a78dc71c84129b3898573df005454577a6258
8,70,0.175,0x2a4a9e9b0b0b31663d94384ba31824019936dff5,2017-10-28T22:30:36.000Z,0.0025,0xeff21ff58567c4f59002ed7ac7126b19c40cb8d9,buy,0xf814d88af9f624257880ae1c6b519d87116810e8,0xa1c2e56c17f59866e97f4751ed7e9020ed2d693aead576c328fb39fe3c9b35f1
9,40.17946162,0.06026919243,0xeff21ff58567c4f59002ed7ac7126b19c40cb8d9,2017-10-28T22:22:51.000Z,0.0015,0x2a4a9e9b0b0b31663d94384ba31824019936dff5,sell,0xf814d88af9f624257880ae1c6b519d87116810e8,0x3add1371e76ea77ef95388659e2c6b8dbec9c0dbfe343c46145b6d45b125d108
10,40,0.056,0xe0fda40ed2db6505c7d9b47249ef869031ae84cb,2017-10-28T22:22:15.000Z,0.0014,0xeff21ff58567c4f59002ed7ac7126b19c40cb8d9,buy,0xf814d88af9f624257880ae1c6b519d87116810e8,0x4e37660d97ef9cdc70898d834086be8b99e4e4a9cb260115dba217c47880c309
11,59.82053838,0.08973080757,0xeff21ff58567c4f59002ed7ac7126b19c40cb8d9,2017-10-28T22:22:15.000Z,0.0015,0xe0fda40ed2db6505c7d9b47249ef869031ae84cb,sell,0xf814d88af9f624257880ae1c6b519d87116810e8,0x4e37660d97ef9cdc70898d834086be8b99e4e4a9cb260115dba217c47880c309
12,20,0.027,0xe0fda40ed2db6505c7d9b47249ef869031ae84cb,2017-10-28T22:22:15.000Z,0.00135,0xeff21ff58567c4f59002ed7ac7126b19c40cb8d9,buy,0xf814d88af9f624257880ae1c6b519d87116810e8,0x4e37660d97ef9cdc70898d834086be8b99e4e4a9cb260115dba217c47880c309
13,25,0.04,0xeff21ff58567c4f59002ed7ac7126b19c40cb8d9,2017-10-28T22:21:06.000Z,0.0016,0x2a4a9e9b0b0b31663d94384ba31824019936dff5,sell,0xf814d88af9f624257880ae1c6b519d87116810e8,0x4d30b54434ec7e830f0d21f2ad61e54e21744a23409e83a601c6b82219fbdbb4
14,50,0.08,0x2a4a9e9b0b0b31663d94384ba31824019936dff5,2017-10-28T22:12:52.000Z,0.0016,0xeff21ff58567c4f59002ed7ac7126b19c40cb8d9,buy,0xf814d88af9f624257880ae1c6b519d87116810e8,0x9f53644592bd701041165d597a3d8f0f1a9a03e099e8e61cdcb72ab7bd2ef933
15,20,0.026,0x2a4a9e9b0b0b31663d94384ba31824019936dff5,2017-10-28T22:12:39.000Z,0.0013,0x2a4a9e9b0b0b31663d94384ba31824019936dff5,buy,0xf814d88af9f624257880ae1c6b519d87116810e8,0x5084326fc1973733c3c386504d36afe36c8ec5a582510d1d59247f24db6933c7
16,50,0.075,0x2a4a9e9b0b0b31663d94384ba31824019936dff5,2017-10-28T22:12:39.000Z,0.0015,0xeff21ff58567c4f59002ed7ac7126b19c40cb8d9,buy,0xf814d88af9f624257880ae1c6b519d87116810e8,0x0aadb086bfcae70ebbdff13d0229c551aac923bd125a74d9d107d9db0cce777e
17,100,0.135,0x2a4a9e9b0b0b31663d94384ba31824019936dff5,2017-10-28T22:12:39.000Z,0.00135,0x2a4a9e9b0b0b31663d94384ba31824019936dff5,buy,0xf814d88af9f624257880ae1c6b519d87116810e8,0xfe89bf0891cea076567e45a7ce7e4e725fb0ae9c995287071a349764eb19b54a
18,10,0.013,0xeff21ff58567c4f59002ed7ac7126b19c40cb8d9,2017-10-28T22:11:30.000Z,0.0013,0x2a4a9e9b0b0b31663d94384ba31824019936dff5,buy,0xf814d88af9f624257880ae1c6b519d87116810e8,0x5c14adce54ef8df2e4eb8780fa7e458b993ffefbbb97190c4c48e0200f2ad0dc
19,30,0.0255,0xeff21ff58567c4f59002ed7ac7126b19c40cb8d9,2017-10-28T22:09:36.000Z,0.00085,0x2a4a9e9b0b0b31663d94384ba31824019936dff5,sell,0xf814d88af9f624257880ae1c6b519d87116810e8,0x86fbb9a2de3d4b3fc7f0ff6af26e94c9d396d1041945105a63a76879f3ceff4e
20,43.167,0.04100865,0xeff21ff58567c4f59002ed7ac7126b19c40cb8d9,2017-10-28T22:09:05.000Z,0.00095,0x2a4a9e9b0b0b31663d94384ba31824019936dff5,sell,0xf814d88af9f624257880ae1c6b519d87116810e8,0x6a1437b6cdce3aff75bfd2abbdfa718e803117417cb8b7f65889560e3b036a8e
21,100,0.09,0x2a4a9e9b0b0b31663d94384ba31824019936dff5,2017-10-28T21:53:31.000Z,0.0009,0xeff21ff58567c4f59002ed7ac7126b19c40cb8d9,sell,0xf814d88af9f624257880ae1c6b519d87116810e8,0x028aede7b7e5d6f13e03a9bff4674cc4bdba8e5ba9c67af403708d35c21263f0
22,75,0.09375,0x2a4a9e9b0b0b31663d94384ba31824019936dff5,2017-10-28T21:53:31.000Z,0.00125,0x2a4a9e9b0b0b31663d94384ba31824019936dff5,buy,0xf814d88af9f624257880ae1c6b519d87116810e8,0xaf97bfae95aaedf3d9c3b6451bab78cd0a99d203eb8a3bb2a4d47d0e58a2df56
23,41,0.05125,0x2a4a9e9b0b0b31663d94384ba31824019936dff5,2017-10-28T21:52:22.000Z,0.00125,0x2a4a9e9b0b0b31663d94384ba31824019936dff5,buy,0xf814d88af9f624257880ae1c6b519d87116810e8,0x9bcb7c19b089545f20ece0f594f835cdc388cf636ca2edfea246d01729b8d99e
24,15,0.0165,0x2a4a9e9b0b0b31663d94384ba31824019936dff5,2017-10-28T21:52:05.000Z,0.0011,0x2a4a9e9b0b0b31663d94384ba31824019936dff5,buy,0xf814d88af9f624257880ae1c6b519d87116810e8,0x7c77a749e8785853ef4734357e063a9ebbe76d85c095c9025dbe2d0ca3df09b4
25,15,0.0165,0x2a4a9e9b0b0b31663d94384ba31824019936dff5,2017-10-28T21:48:57.000Z,0.0011,0x2a4a9e9b0b0b31663d94384ba31824019936dff5,buy,0xf814d88af9f624257880ae1c6b519d87116810e8,0xefbb8f342bb25f744d76f263734774328641d2d5e85fd90af845b7722ec6222d
26,25.224,0.025224,0x2a4a9e9b0b0b31663d94384ba31824019936dff5,2017-10-28T21:48:46.000Z,0.001,0x2a4a9e9b0b0b31663d94384ba31824019936dff5,buy,0xf814d88af9f624257880ae1c6b519d87116810e8,0x920408ef52df32d41d8a952bf83c69bc20060a3135d06e02955bb8451d9c21fe
27,74.77589473,0.07477589473139448,0xeff21ff58567c4f59002ed7ac7126b19c40cb8d9,2017-10-28T21:45:26.000Z,0.001000000000018649,0x2a4a9e9b0b0b31663d94384ba31824019936dff5,buy,0xf814d88af9f624257880ae1c6b519d87116810e8,0x9deb082a75b858361f0b3a19e05cd753a4ed091e5879b1eeba405f35cc61b4a9
28,50,0.0475,0xeff21ff58567c4f59002ed7ac7126b19c40cb8d9,2017-10-28T21:44:39.000Z,0.00095,0x2a4a9e9b0b0b31663d94384ba31824019936dff5,sell,0xf814d88af9f624257880ae1c6b519d87116810e8,0xa9f820910fa49138e589e680c74ba3365695d8c3efceb7fd7c1c1d37efa0dd98
29,34,0.0425,0xeff21ff58567c4f59002ed7ac7126b19c40cb8d9,2017-10-28T21:37:41.000Z,0.00125,0x2a4a9e9b0b0b31663d94384ba31824019936dff5,buy,0xf814d88af9f624257880ae1c6b519d87116810e8,0x93d1e20838395e8e94fa3b209a2ccd59948621aab1713235c9b3a4ee85a12c0c
30,206.419,0.1651352,0x2a4a9e9b0b0b31663d94384ba31824019936dff5,2017-10-28T21:34:38.000Z,0.0008,0xeff21ff58567c4f59002ed7ac7126b19c40cb8d9,sell,0xf814d88af9f624257880ae1c6b519d87116810e8,0xebeffc229f8a961ec39be32ae3f6e5cecae6d8c54ab82fe7eff2915697518a81
31,50,0.055,0x2a4a9e9b0b0b31663d94384ba31824019936dff5,2017-10-28T21:29:40.000Z,0.0011,0x2a4a9e9b0b0b31663d94384ba31824019936dff5,buy,0xf814d88af9f624257880ae1c6b519d87116810e8,0x7a5d170e4a06c5e511da6bbf1f63dcf4c5832f75df6506e484692b34f4fc5b7d
32,106.8325525,0.101490924875,0xeff21ff58567c4f59002ed7ac7126b19c40cb8d9,2017-10-28T21:27:58.000Z,0.00095,0x2a4a9e9b0b0b31663d94384ba31824019936dff5,sell,0xf814d88af9f624257880ae1c6b519d87116810e8,0x41546e5a0839215664e3301b7f6769f8f0cc2934d306d03f652777325b938e81
33,50,0.07,0xeff21ff58567c4f59002ed7ac7126b19c40cb8d9,2017-10-28T21:26:21.000Z,0.0014,0x2a4a9e9b0b0b31663d94384ba31824019936dff5,buy,0xf814d88af9f624257880ae1c6b519d87116810e8,0x4910a2c9e93cd94fbf4efa8cb763613abebbc3ecc7e96eb9fddfe4dbe0533f06
34,50,0.05,0xeff21ff58567c4f59002ed7ac7126b19c40cb8d9,2017-10-28T21:25:47.000Z,0.001,0x2a4a9e9b0b0b31663d94384ba31824019936dff5,buy,0xf814d88af9f624257880ae1c6b519d87116810e8,0xb992c70172415e1dc72f5c64d2cb77985bea1bc3351fe39a361af59d7a8ba7b8
35,30,0.0375,0xeff21ff58567c4f59002ed7ac7126b19c40cb8d9,2017-10-28T21:25:47.000Z,0.00125,0x2a4a9e9b0b0b31663d94384ba31824019936dff5,buy,0xf814d88af9f624257880ae1c6b519d87116810e8,0x22a9494dfbe9107c75421503d946adc7049b48616fe27348f94efbfd41ed9108
36,29.99983384,0.03599980061808394,0xeff21ff58567c4f59002ed7ac7126b19c40cb8d9,2017-10-28T21:25:47.000Z,0.0012000000003361331,0xeff21ff58567c4f59002ed7ac7126b19c40cb8d9,buy,0xf814d88af9f624257880ae1c6b519d87116810e8,0xd774fc0c9379657c77afe426933d36c501b41297c9da0f044ba92d40f3c21775
37,0.00016615,0.00000019938191606,0x2a4a9e9b0b0b31663d94384ba31824019936dff5,2017-10-28T21:11:30.000Z,0.0012000115321095395,0xeff21ff58567c4f59002ed7ac7126b19c40cb8d9,buy,0xf814d88af9f624257880ae1c6b519d87116810e8,0x843c7f9e7e23d462c64a03f26e05acfa06560eeb50c10ed19562bc57612f20c7
38,20,0.02,0xeff21ff58567c4f59002ed7ac7126b19c40cb8d9,2017-10-28T21:06:43.000Z,0.001,0xeff21ff58567c4f59002ed7ac7126b19c40cb8d9,buy,0xf814d88af9f624257880ae1c6b519d87116810e8,0x8449c24ea5a26f32a8bd8a0ccdc57214d5976cfbe887b2a9aeee7c188e34a182
39,50,0.0475,0xeff21ff58567c4f59002ed7ac7126b19c40cb8d9,2017-10-28T21:06:12.000Z,0.00095,0xeff21ff58567c4f59002ed7ac7126b19c40cb8d9,buy,0xf814d88af9f624257880ae1c6b519d87116810e8,0xa9c9953c500f52ff1cbe3672af47332a47bfe2bc067f858022dd8e133e0d1336
40,20,0.019,0xeff21ff58567c4f59002ed7ac7126b19c40cb8d9,2017-10-28T21:05:46.000Z,0.00095,0xeff21ff58567c4f59002ed7ac7126b19c40cb8d9,sell,0xf814d88af9f624257880ae1c6b519d87116810e8,0x29716f92a525c10f05aecd963be13c67176f6cc193b39b647a41bc8a49fb6c11
41,50,0.045,0xeff21ff58567c4f59002ed7ac7126b19c40cb8d9,2017-10-28T21:05:36.000Z,0.0009,0xeff21ff58567c4f59002ed7ac7126b19c40cb8d9,sell,0xf814d88af9f624257880ae1c6b519d87116810e8,0x782d6f202a26bcaa00a07fc5b91fca6105cdfe27ebdb82d2df717d62bec37584
42,50,0.044975,0xeff21ff58567c4f59002ed7ac7126b19c40cb8d9,2017-10-28T21:04:11.000Z,0.0008995,0xeff21ff58567c4f59002ed7ac7126b19c40cb8d9,sell,0xf814d88af9f624257880ae1c6b519d87116810e8,0xf5dbdd7bceae49563a9b2e073847d29d85af94e7193d06ed08a9520036d1d558
43,197.938,0.1781442,0xeff21ff58567c4f59002ed7ac7126b19c40cb8d9,2017-10-28T21:01:32.000Z,0.0009,0x35134eb7361b42cc38ac2b057c8344dd21237649,buy,0xf814d88af9f624257880ae1c6b519d87116810e8,0xeb0e6c1d635882e10a4ae00fe7d25119907c3b5d40073844332ec54e2446e508
44,5,0.0044975,0xeff21ff58567c4f59002ed7ac7126b19c40cb8d9,2017-10-28T21:01:14.000Z,0.0008995,0xeff21ff58567c4f59002ed7ac7126b19c40cb8d9,buy,0xf814d88af9f624257880ae1c6b519d87116810e8,0x0641130500bf24eae0baaf7fbc6d963405aef3e128dc0dcbdd70cee12fe347e7
45,10,0.00895,0xeff21ff58567c4f59002ed7ac7126b19c40cb8d9,2017-10-28T21:01:05.000Z,0.000895,0xeff21ff58567c4f59002ed7ac7126b19c40cb8d9,buy,0xf814d88af9f624257880ae1c6b519d87116810e8,0xd0b6420ba9e39bd4ad52061065401931064bb45f3ccda87a650ebbb0b3aee36e
46,20,0.0178,0xeff21ff58567c4f59002ed7ac7126b19c40cb8d9,2017-10-28T20:59:26.000Z,0.00089,0xeff21ff58567c4f59002ed7ac7126b19c40cb8d9,buy,0xf814d88af9f624257880ae1c6b519d87116810e8,0x335c4cbefc8540fdbe3976bc8eb72c940cc3150c98e9928f724f5b1c3143d8d8
47,50,0.0445,0xeff21ff58567c4f59002ed7ac7126b19c40cb8d9,2017-10-28T20:55:25.000Z,0.00089,0xeff21ff58567c4f59002ed7ac7126b19c40cb8d9,sell,0xf814d88af9f624257880ae1c6b519d87116810e8,0x504bacc400b19217901f31f3958dd3b31117fbc06b47d934e5305ee7f8531b5b
48,50,0.04,0xeff21ff58567c4f59002ed7ac7126b19c40cb8d9,2017-10-28T20:53:58.000Z,0.0008,0xeff21ff58567c4f59002ed7ac7126b19c40cb8d9,sell,0xf814d88af9f624257880ae1c6b519d87116810e8,0x588a34b3ae3a9b5e99810f1511e32e33baab9961e4efa48a5c47743d0328cc8b
49,57,0.0513,0xeff21ff58567c4f59002ed7ac7126b19c40cb8d9,2017-10-28T20:49:42.000Z,0.0009,0x35134eb7361b42cc38ac2b057c8344dd21237649,buy,0xf814d88af9f624257880ae1c6b519d87116810e8,0xa5913df8247ce7ad6a7d4804a6c9fb42d240f5d78fbe92bdbfa2d05e71b5b3cc
50,293.581,0.2348648,0x2a4a9e9b0b0b31663d94384ba31824019936dff5,2017-10-28T08:18:01.000Z,0.0008,0x35134eb7361b42cc38ac2b057c8344dd21237649,sell,0xf814d88af9f624257880ae1c6b519d87116810e8,0x53b79bb3e14c4713efa796cb0b3ae8630e287ab73fd6ac08fec14d30ddd51d65
51,200,0.17,0x2a4a9e9b0b0b31663d94384ba31824019936dff5,2017-10-28T06:08:34.000Z,0.00085,0x35134eb7361b42cc38ac2b057c8344dd21237649,sell,0xf814d88af9f624257880ae1c6b519d87116810e8,0xf09a058f7d39b4c6c7c5574ddda737e45a21537cc8901f52be8a82e8ce246ff3
52,50,0.045,0x2a4a9e9b0b0b31663d94384ba31824019936dff5,2017-10-28T03:27:32.000Z,0.0009,0x35134eb7361b42cc38ac2b057c8344dd21237649,buy,0xf814d88af9f624257880ae1c6b519d87116810e8,0x4ecb336e18af7a8b53ef9e0b1f567510cee2b3848c8bba37628659d11d037de4
53,50,0.093868485,0xb078c6e41d824d7a9b5debc1b962f150cf8c297a,2017-10-24T20:10:07.000Z,0.0018773697,0x49286e532bcbf87996d50336aa19b6ef4c3656c4,buy,0xf814d88af9f624257880ae1c6b519d87116810e8,0x0ddec5ce42408ba0383603a9ae5c13c95a9952e4fdbc35579ce8065ed18a9694
54,100,0.2,0xb078c6e41d824d7a9b5debc1b962f150cf8c297a,2017-10-24T08:52:47.000Z,0.002,0x9c18a412b5123cdb81f12eba329d7c388e19db58,sell,0xf814d88af9f624257880ae1c6b519d87116810e8,0x2b33481c933f05b761b38fd5034b55e8ac7d825d7393431669ab9df83016dfe4
55,100,0.3,0xb078c6e41d824d7a9b5debc1b962f150cf8c297a,2017-10-24T08:52:21.000Z,0.003,0x9c18a412b5123cdb81f12eba329d7c388e19db58,sell,0xf814d88af9f624257880ae1c6b519d87116810e8,0x2a06cc36f8fce05f8a5740758d546f80a3e2505cc812ecdbed61611cf6d9269c
56,100,0.4,0xb078c6e41d824d7a9b5debc1b962f150cf8c297a,2017-10-24T08:51:24.000Z,0.004,0x9c18a412b5123cdb81f12eba329d7c388e19db58,sell,0xf814d88af9f624257880ae1c6b519d87116810e8,0x9ddc1ff2cf2b67814888130192c007e471fcf42833045a89e2134dd307f9e58d
57,1,0.01,0xb078c6e41d824d7a9b5debc1b962f150cf8c297a,2017-10-24T08:15:39.000Z,0.01,0x0ec8071672424b1bbe96e1ea4b8b5ad81fe295a9,buy,0xf814d88af9f624257880ae1c6b519d87116810e8,0x1c5c799909152b80c3137077e53eaa7be74ac08c9d9f76c35cbae3d85bcf0b7e
58,0.99614703,0.09961470386374068,0xdba356df3056635da3229708437d3383a9b303f4,2017-10-23T15:27:14.000Z,0.10000000086708151,0xdba356df3056635da3229708437d3383a9b303f4,buy,0xf814d88af9f624257880ae1c6b519d87116810e8,0xb8c34fdc72ddc8ee443f0c56c6204d552403d7827a2353a35b6fcb605ccae632
59,0.99913518,0.09991351809390889,0xdba356df3056635da3229708437d3383a9b303f4,2017-10-23T15:20:20.000Z,0.10000000009399017,0xdba356df3056635da3229708437d3383a9b303f4,buy,0xf814d88af9f624257880ae1c6b519d87116810e8,0x90e17bb6cdf032127243646b50fc7f1e74df3e31832a6932540cb26d1f3f2ba1
60,1,0.1,0xdba356df3056635da3229708437d3383a9b303f4,2017-10-23T15:17:39.000Z,0.1,0xdba356df3056635da3229708437d3383a9b303f4,buy,0xf814d88af9f624257880ae1c6b519d87116810e8,0xbf43ce0ae53054fb98ddf4fecc110426bff73ecc035f99db0e2d6fb41617a8ec
61,1,0.1,0xdba356df3056635da3229708437d3383a9b303f4,2017-10-23T15:15:17.000Z,0.1,0xdba356df3056635da3229708437d3383a9b303f4,buy,0xf814d88af9f624257880ae1c6b519d87116810e8,0x4c4ef0f4ebb6b3d651e6345c2a2e8df2235ae4a68fd7987d1a6e948cecd81cb5
62,1,0.1,0xdba356df3056635da3229708437d3383a9b303f4,2017-10-23T15:13:41.000Z,0.1,0xdba356df3056635da3229708437d3383a9b303f4,buy,0xf814d88af9f624257880ae1c6b519d87116810e8,0xa019acd810637509b0ef004ebe4655b5fa12bdd937e550b1052ff322500124a0
63,1,0.1,0xdba356df3056635da3229708437d3383a9b303f4,2017-10-23T15:11:31.000Z,0.1,0xdba356df3056635da3229708437d3383a9b303f4,buy,0xf814d88af9f624257880ae1c6b519d87116810e8,0xa4a44c1148669226a789faaebd3ae6c52db15665444d03b4516063a58bf62c87
64,1,0.1,0xdba356df3056635da3229708437d3383a9b303f4,2017-10-23T15:10:31.000Z,0.1,0xdba356df3056635da3229708437d3383a9b303f4,buy,0xf814d88af9f624257880ae1c6b519d87116810e8,0x931061531ea047a8faf501630b24b95d97c520b6cacd09586200876c2801f876
65,1,0.1,0xdba356df3056635da3229708437d3383a9b303f4,2017-10-23T15:09:27.000Z,0.1,0xdba356df3056635da3229708437d3383a9b303f4,buy,0xf814d88af9f624257880ae1c6b519d87116810e8,0x11fc266cb8083505ca83f6fbaa12b918efb48d98ac9718a677d708e133d8184d
66,1,0.1,0xdba356df3056635da3229708437d3383a9b303f4,2017-10-23T15:07:49.000Z,0.1,0xdba356df3056635da3229708437d3383a9b303f4,buy,0xf814d88af9f624257880ae1c6b519d87116810e8,0xd066c487fe69bf05c2b9c98d73933ffb11c3f96f1c42d9af9b7f15837222605a
67,1,0.1,0xdba356df3056635da3229708437d3383a9b303f4,2017-10-23T15:05:14.000Z,0.1,0xdba356df3056635da3229708437d3383a9b303f4,buy,0xf814d88af9f624257880ae1c6b519d87116810e8,0x626bc06844119bd4de68ba524d81422de1d25d83075b221ada8a7a0828420a39
68,1,0.1,0xdba356df3056635da3229708437d3383a9b303f4,2017-10-23T15:01:35.000Z,0.1,0xdba356df3056635da3229708437d3383a9b303f4,buy,0xf814d88af9f624257880ae1c6b519d87116810e8,0x4f8c097807de2ebf497bd7e449dd059b5cceca1fc32092c37115ce0a17860299
69,1,0.1,0xdba356df3056635da3229708437d3383a9b303f4,2017-10-23T14:59:47.000Z,0.1,0xdba356df3056635da3229708437d3383a9b303f4,buy,0xf814d88af9f624257880ae1c6b519d87116810e8,0xde31a022617f55e2e63ce22039945fb4380bf4a750646f83659bc79134d3bd5c
70,1,0.1,0xdba356df3056635da3229708437d3383a9b303f4,2017-10-23T14:57:58.000Z,0.1,0xdba356df3056635da3229708437d3383a9b303f4,buy,0xf814d88af9f624257880ae1c6b519d87116810e8,0xbe52b4adf7770ebc4789ad1f040efc45d63a6523a633d75cfb8cf064e29fad94
71,1,0.1,0xdba356df3056635da3229708437d3383a9b303f4,2017-10-23T14:56:51.000Z,0.1,0xdba356df3056635da3229708437d3383a9b303f4,buy,0xf814d88af9f624257880ae1c6b519d87116810e8,0xf1498995490a705f4c432dc3ddbc2924c898e827508541aaf779f0b217aec998
72,1,0.1,0xdba356df3056635da3229708437d3383a9b303f4,2017-10-23T14:54:40.000Z,0.1,0xdba356df3056635da3229708437d3383a9b303f4,buy,0xf814d88af9f624257880ae1c6b519d87116810e8,0x10c0e2752b0a9614aef3e838cba19b8d8b52e148cfc2e60d22727b9d0791bdf7
73,1,0.1,0xdba356df3056635da3229708437d3383a9b303f4,2017-10-23T14:52:21.000Z,0.1,0xdba356df3056635da3229708437d3383a9b303f4,buy,0xf814d88af9f624257880ae1c6b519d87116810e8,0xe69e275b7fdceefc57548afd7531a357ed9c68919daeaf6f5b484c29641ad1b9
74,1,0.1,0xdba356df3056635da3229708437d3383a9b303f4,2017-10-23T14:50:34.000Z,0.1,0xdba356df3056635da3229708437d3383a9b303f4,buy,0xf814d88af9f624257880ae1c6b519d87116810e8,0xb96ce37e83d9241fb98b15f6abcea8b8b6d2791b5b8fc815066df7f6d43197b8
75,1,0.1,0xdba356df3056635da3229708437d3383a9b303f4,2017-10-23T14:48:55.000Z,0.1,0xdba356df3056635da3229708437d3383a9b303f4,buy,0xf814d88af9f624257880ae1c6b519d87116810e8,0xf4fec16bd83d494e647924431d00a80a32a066a6ea38cca844042e380c41f283
76,1,0.1,0xdba356df3056635da3229708437d3383a9b303f4,2017-10-23T14:47:04.000Z,0.1,0xdba356df3056635da3229708437d3383a9b303f4,buy,0xf814d88af9f624257880ae1c6b519d87116810e8,0xe5d5cde77114f942215a3abe75b706a44ba324c9df570c3b7b06b3240d5bf237
77,1,0.1,0xdba356df3056635da3229708437d3383a9b303f4,2017-10-23T14:45:12.000Z,0.1,0xdba356df3056635da3229708437d3383a9b303f4,buy,0xf814d88af9f624257880ae1c6b519d87116810e8,0x43512ef2bdb3b3076a252b441768ad013b76af936478157f743f464d06b50da2
78,1,0.1,0xdba356df3056635da3229708437d3383a9b303f4,2017-10-23T14:43:51.000Z,0.1,0xdba356df3056635da3229708437d3383a9b303f4,buy,0xf814d88af9f624257880ae1c6b519d87116810e8,0xc8281c039391fda090001a44e2fd5b1ee04839736856a34b2a87cddb8f0f0a05
79,1,0.1,0xdba356df3056635da3229708437d3383a9b303f4,2017-10-23T14:42:41.000Z,0.1,0xdba356df3056635da3229708437d3383a9b303f4,buy,0xf814d88af9f624257880ae1c6b519d87116810e8,0x25b54ef58671c004bc70a78ecd74d35db92cad1557861179cc98c685d16ac14b
80,1,0.1,0xdba356df3056635da3229708437d3383a9b303f4,2017-10-23T14:41:38.000Z,0.1,0xdba356df3056635da3229708437d3383a9b303f4,buy,0xf814d88af9f624257880ae1c6b519d87116810e8,0x265178f3d07bc66d79a40ed96a8c9469fd4bc3181e4838aea90bce81485a8026
81,1,0.1,0xdba356df3056635da3229708437d3383a9b303f4,2017-10-23T14:40:23.000Z,0.1,0xdba356df3056635da3229708437d3383a9b303f4,buy,0xf814d88af9f624257880ae1c6b519d87116810e8,0xf5962920433566d3bc57e9f61e74d062df239c2fa50ed2b9dcb7f88a091ce4d3
82,1,0.1,0xdba356df3056635da3229708437d3383a9b303f4,2017-10-23T14:38:39.000Z,0.1,0xdba356df3056635da3229708437d3383a9b303f4,buy,0xf814d88af9f624257880ae1c6b519d87116810e8,0x3c424c16cc1c39e70345ec10c235252f6888096708f7a3d15fa773214d9b4d7c
83,1,0.1,0xdba356df3056635da3229708437d3383a9b303f4,2017-10-23T14:37:17.000Z,0.1,0xdba356df3056635da3229708437d3383a9b303f4,buy,0xf814d88af9f624257880ae1c6b519d87116810e8,0xee4bce2f3a6341d4f16eab79e4a406b04e46d8109bd42d6fc0c2fe3a18682691
84,1,0.1,0xdba356df3056635da3229708437d3383a9b303f4,2017-10-23T14:35:04.000Z,0.1,0xdba356df3056635da3229708437d3383a9b303f4,buy,0xf814d88af9f624257880ae1c6b519d87116810e8,0x2f6640dcd1793963eee4ea1b03d70ae535d57a0ee84d1cc10c30a95495fcc00c
85,1,0.1,0xdba356df3056635da3229708437d3383a9b303f4,2017-10-23T14:33:46.000Z,0.1,0xdba356df3056635da3229708437d3383a9b303f4,buy,0xf814d88af9f624257880ae1c6b519d87116810e8,0x8614da41aeb26ccb991e029091992ad8d82a3bf28f03c81076d74fdadd12d575
86,1,0.1,0xdba356df3056635da3229708437d3383a9b303f4,2017-10-23T14:29:41.000Z,0.1,0xdba356df3056635da3229708437d3383a9b303f4,buy,0xf814d88af9f624257880ae1c6b519d87116810e8,0x71014c5424960f36999dc0eb2f56e870b70c67252aa6611ca141c4062d851a64
87,1,0.1,0xdba356df3056635da3229708437d3383a9b303f4,2017-10-23T14:27:46.000Z,0.1,0xdba356df3056635da3229708437d3383a9b303f4,buy,0xf814d88af9f624257880ae1c6b519d87116810e8,0x35c922234f1c24ef7d4b28ef96a018db5cce1ed3699e14e9c7589e1b58c269ed
88,1,0.1,0xdba356df3056635da3229708437d3383a9b303f4,2017-10-23T14:26:31.000Z,0.1,0xdba356df3056635da3229708437d3383a9b303f4,buy,0xf814d88af9f624257880ae1c6b519d87116810e8,0x73b8d8f91900e8899b2b1a6a49bae427c28147488c3bd990f862414486d9f18a
89,1,0.1,0xdba356df3056635da3229708437d3383a9b303f4,2017-10-23T14:24:42.000Z,0.1,0xdba356df3056635da3229708437d3383a9b303f4,buy,0xf814d88af9f624257880ae1c6b519d87116810e8,0x5c78a507f905721e7b2fb4f5114630ee5d1f848439764e79aa334fbc4a767369
90,1,0.1,0xdba356df3056635da3229708437d3383a9b303f4,2017-10-23T14:22:36.000Z,0.1,0xdba356df3056635da3229708437d3383a9b303f4,buy,0xf814d88af9f624257880ae1c6b519d87116810e8,0x1cfb79f5c024e955f963b096392a01187716598e7d2776347bb795e304645496
91,1,0.1,0xdba356df3056635da3229708437d3383a9b303f4,2017-10-23T14:21:40.000Z,0.1,0xdba356df3056635da3229708437d3383a9b303f4,buy,0xf814d88af9f624257880ae1c6b519d87116810e8,0x480e53d5d827d70d2deda9aa4cd8012ad11b3d01c320a4dcfe2f480e12c093c1
92,1,0.1,0xdba356df3056635da3229708437d3383a9b303f4,2017-10-23T14:19:28.000Z,0.1,0xdba356df3056635da3229708437d3383a9b303f4,buy,0xf814d88af9f624257880ae1c6b519d87116810e8,0x16e67733ceac89f4e7c6c1375ea00b3753538df7f9546476a7a5db58a7c46f4b
93,1,0.1,0xdba356df3056635da3229708437d3383a9b303f4,2017-10-23T14:17:53.000Z,0.1,0xdba356df3056635da3229708437d3383a9b303f4,buy,0xf814d88af9f624257880ae1c6b519d87116810e8,0x5038ac76bbf311bd86dddb1075e60656e4afe43c6ae13682bdd966a4bdf8526f
94,1,0.1,0xdba356df3056635da3229708437d3383a9b303f4,2017-10-23T14:16:15.000Z,0.1,0xdba356df3056635da3229708437d3383a9b303f4,buy,0xf814d88af9f624257880ae1c6b519d87116810e8,0xe0e307d9a58e2c4b1edca4f8e73efa6f0cc034f900e080de4928cf1a8c7c340c
95,1,0.1,0xdba356df3056635da3229708437d3383a9b303f4,2017-10-23T14:14:34.000Z,0.1,0xdba356df3056635da3229708437d3383a9b303f4,buy,0xf814d88af9f624257880ae1c6b519d87116810e8,0x62f091e9fe70b3dfe5d8c446c0d153450f5287a9c04e6f90f2a8b727e2f7b10d
96,1,0.1,0xdba356df3056635da3229708437d3383a9b303f4,2017-10-23T14:13:16.000Z,0.1,0xdba356df3056635da3229708437d3383a9b303f4,buy,0xf814d88af9f624257880ae1c6b519d87116810e8,0x7d8290dc0c251e7086ad8c96c59ffb90024712f46389ba1f3cc1b0d41dcb7e6d
97,1,0.1,0xdba356df3056635da3229708437d3383a9b303f4,2017-10-23T14:11:36.000Z,0.1,0xdba356df3056635da3229708437d3383a9b303f4,buy,0xf814d88af9f624257880ae1c6b519d87116810e8,0x8c5a1af5b6062da67e46e8accd63c8233836e3f92b9ec3cb89987a06143eef80
98,1,0.1,0xdba356df3056635da3229708437d3383a9b303f4,2017-10-23T14:09:43.000Z,0.1,0xdba356df3056635da3229708437d3383a9b303f4,buy,0xf814d88af9f624257880ae1c6b519d87116810e8,0x054cbf797af34a7e0ec3b294555fc23d1b1aa4690db7a81cf5522ce055ca07fd
99,1,0.1,0xdba356df3056635da3229708437d3383a9b303f4,2017-10-23T14:08:02.000Z,0.1,0xdba356df3056635da3229708437d3383a9b303f4,buy,0xf814d88af9f624257880ae1c6b519d87116810e8,0x53dbe0b73cbed42c8df879e98a301f37accd2260c0b030e53244cf33ea5c6b29
100,1,0.1,0xdba356df3056635da3229708437d3383a9b303f4,2017-10-23T14:07:07.000Z,0.1,0xdba356df3056635da3229708437d3383a9b303f4,buy,0xf814d88af9f624257880ae1c6b519d87116810e8,0xd0a9678c768a4c9fa5a79b96e162f304cd343ca08dd97cd067efaa78d4750371
101,1,0.1,0xdba356df3056635da3229708437d3383a9b303f4,2017-10-23T14:06:02.000Z,0.1,0xdba356df3056635da3229708437d3383a9b303f4,buy,0xf814d88af9f624257880ae1c6b519d87116810e8,0x22e67cb6e39cdb8f4048a07f6b6e6e1151416809d5a7ece35b482bcb2b062eeb
102,1,0.1,0xdba356df3056635da3229708437d3383a9b303f4,2017-10-23T14:03:54.000Z,0.1,0xdba356df3056635da3229708437d3383a9b303f4,buy,0xf814d88af9f624257880ae1c6b519d87116810e8,0x3b6480448b6818a638b114d1333d18a5d7f3b7b9c3a688cbfc30f97b48273a17
103,1,0.1,0xdba356df3056635da3229708437d3383a9b303f4,2017-10-23T14:02:48.000Z,0.1,0xdba356df3056635da3229708437d3383a9b303f4,buy,0xf814d88af9f624257880ae1c6b519d87116810e8,0x7c604f781572f465062a802e12a9117709abd5287f10946a4dd6606db97e97da
104,1,0.1,0xdba356df3056635da3229708437d3383a9b303f4,2017-10-23T14:01:24.000Z,0.1,0xdba356df3056635da3229708437d3383a9b303f4,buy,0xf814d88af9f624257880ae1c6b519d87116810e8,0x5093327d5a4f57df7af44e91853adf0b6dc91eba3951a4cb41c43090ed9daecc
105,1,0.1,0xdba356df3056635da3229708437d3383a9b303f4,2017-10-23T13:59:51.000Z,0.1,0xdba356df3056635da3229708437d3383a9b303f4,buy,0xf814d88af9f624257880ae1c6b519d87116810e8,0x94a832e98282a335635004c4b5138085d89f3b912a0cdf333029bf6c38b8f711
106,1,0.1,0xdba356df3056635da3229708437d3383a9b303f4,2017-10-23T13:58:35.000Z,0.1,0xdba356df3056635da3229708437d3383a9b303f4,buy,0xf814d88af9f624257880ae1c6b519d87116810e8,0xa36e5d18ecb55555857d6e373fc68b9c7175b016687bc33706e411a8eb760ef9
107,1,0.1,0xdba356df3056635da3229708437d3383a9b303f4,2017-10-23T13:57:43.000Z,0.1,0xdba356df3056635da3229708437d3383a9b303f4,buy,0xf814d88af9f624257880ae1c6b519d87116810e8,0x7145b558f8790994e363ba2bfe42e8c96956fd0f38edb67278d8f1f7cd450725
108,1,0.1,0xdba356df3056635da3229708437d3383a9b303f4,2017-10-23T13:56:30.000Z,0.1,0xdba356df3056635da3229708437d3383a9b303f4,buy,0xf814d88af9f624257880ae1c6b519d87116810e8,0x8c7adc9962208c77da52c87f57c94c4e67497349d5391a335c62cfdb2794c396
109,1,0.1,0xdba356df3056635da3229708437d3383a9b303f4,2017-10-23T13:54:59.000Z,0.1,0xdba356df3056635da3229708437d3383a9b303f4,buy,0xf814d88af9f624257880ae1c6b519d87116810e8,0x8f6f236e0022f25412b8e56cc2b38a4dd18077023d65f39abd974a79c0419ba3
110,1,0.1,0xdba356df3056635da3229708437d3383a9b303f4,2017-10-23T13:54:06.000Z,0.1,0xdba356df3056635da3229708437d3383a9b303f4,buy,0xf814d88af9f624257880ae1c6b519d87116810e8,0x2575f6fe4aaacd451630e1693d5fb2f4c7ea7af1ed5f63767ebcdb5eae24f0eb
111,1,0.1,0xdba356df3056635da3229708437d3383a9b303f4,2017-10-23T13:53:08.000Z,0.1,0xdba356df3056635da3229708437d3383a9b303f4,buy,0xf814d88af9f624257880ae1c6b519d87116810e8,0x81a8998c0cb9d6db799f8f7a63fd9ded33dba3da2435c5b2a0625700cf5c3a74
112,1,0.1,0xdba356df3056635da3229708437d3383a9b303f4,2017-10-23T13:51:28.000Z,0.1,0xdba356df3056635da3229708437d3383a9b303f4,buy,0xf814d88af9f624257880ae1c6b519d87116810e8,0xacdfb0c71be8b7e9e72c6938b377fb698b5846f09f7ab4d01a84d92db127b8ad
113,1,0.1,0xdba356df3056635da3229708437d3383a9b303f4,2017-10-23T13:51:15.000Z,0.1,0xdba356df3056635da3229708437d3383a9b303f4,buy,0xf814d88af9f624257880ae1c6b519d87116810e8,0xacdfb0c71be8b7e9e72c6938b377fb698b5846f09f7ab4d01a84d92db127b8ad
114,1,0.1,0xdba356df3056635da3229708437d3383a9b303f4,2017-10-23T13:49:32.000Z,0.1,0xdba356df3056635da3229708437d3383a9b303f4,buy,0xf814d88af9f624257880ae1c6b519d87116810e8,0x79130627ed946b3fd1f34aa6b4d40f820512da0ac2eef8e7504c72442825fd35
115,1,0.1,0xdba356df3056635da3229708437d3383a9b303f4,2017-10-23T13:48:05.000Z,0.1,0xdba356df3056635da3229708437d3383a9b303f4,buy,0xf814d88af9f624257880ae1c6b519d87116810e8,0x2e93fbff699047084f4a27319aeed987221a2cc1b339e9a9cadf8e24d65bba52
116,1,0.1,0xdba356df3056635da3229708437d3383a9b303f4,2017-10-23T13:47:16.000Z,0.1,0xdba356df3056635da3229708437d3383a9b303f4,buy,0xf814d88af9f624257880ae1c6b519d87116810e8,0x187a288bd7336af75b722f04bf22b5a2a6290f745f38900fea7d4a6e80bfb08c
117,1,0.1,0xdba356df3056635da3229708437d3383a9b303f4,2017-10-23T13:46:14.000Z,0.1,0xdba356df3056635da3229708437d3383a9b303f4,buy,0xf814d88af9f624257880ae1c6b519d87116810e8,0x5f0668109b64edb1f336727a8c579a146bf58ea270c3e25981fc81b3af6dc3a2
118,1,0.1,0xdba356df3056635da3229708437d3383a9b303f4,2017-10-23T13:45:04.000Z,0.1,0xdba356df3056635da3229708437d3383a9b303f4,buy,0xf814d88af9f624257880ae1c6b519d87116810e8,0x713a04d99d51c05605f1ea9db8eca0c935f28364c99920199f0602795c2c59a9
119,1,0.1,0xdba356df3056635da3229708437d3383a9b303f4,2017-10-23T13:44:08.000Z,0.1,0xdba356df3056635da3229708437d3383a9b303f4,buy,0xf814d88af9f624257880ae1c6b519d87116810e8,0x990be6ec5febc8102ba8646b51e9e471b0898d071c2d379d2b9cfc6fb79ce8ab
120,1,0.1,0xdba356df3056635da3229708437d3383a9b303f4,2017-10-23T13:41:04.000Z,0.1,0xdba356df3056635da3229708437d3383a9b303f4,buy,0xf814d88af9f624257880ae1c6b519d87116810e8,0x8cbda92456bae566c4d1b503a8677614f98b6bc6544ef34694ab97eacd601097
121,1,0.1,0xdba356df3056635da3229708437d3383a9b303f4,2017-10-23T13:39:56.000Z,0.1,0xdba356df3056635da3229708437d3383a9b303f4,buy,0xf814d88af9f624257880ae1c6b519d87116810e8,0xf3a524c2b2592f3eb061ead25ba2d0a9a4d2234ab1825131c6be80eb2a230088
122,1,0.1,0xdba356df3056635da3229708437d3383a9b303f4,2017-10-23T13:38:38.000Z,0.1,0xdba356df3056635da3229708437d3383a9b303f4,buy,0xf814d88af9f624257880ae1c6b519d87116810e8,0xeeb81489cb26d0fce5eaa66561476161ad9f30065aa4b0934c9dbefa8b18731a
123,1,0.1,0xdba356df3056635da3229708437d3383a9b303f4,2017-10-23T13:37:15.000Z,0.1,0xdba356df3056635da3229708437d3383a9b303f4,buy,0xf814d88af9f624257880ae1c6b519d87116810e8,0x21d7f4e43166b9d3dbc3d9ac74a8278c835aecf0ded51c20ff3608c609e1c382
124,1,0.1,0xdba356df3056635da3229708437d3383a9b303f4,2017-10-23T13:33:35.000Z,0.1,0xdba356df3056635da3229708437d3383a9b303f4,buy,0xf814d88af9f624257880ae1c6b519d87116810e8,0xedaeec2076bfe84d4dbf9234ed83f6220b4ecd9bf2737ab4adc059d97187d09e
125,1,0.059,0xdba356df3056635da3229708437d3383a9b303f4,2017-10-23T13:29:44.000Z,0.059,0xdba356df3056635da3229708437d3383a9b303f4,buy,0xf814d88af9f624257880ae1c6b519d87116810e8,0x1ed6ac25ce4d5e2ad01c66926aa35786640f35e898b5bc0c799877e974873edf
126,1,0.02,0xdba356df3056635da3229708437d3383a9b303f4,2017-10-23T13:26:41.000Z,0.02,0xdba356df3056635da3229708437d3383a9b303f4,buy,0xf814d88af9f624257880ae1c6b519d87116810e8,0xa4d751638b9bfd5ef24d590c9591344b948a89472af46f0e20489f7f33599835
127,298.588,0.298588,0xb078c6e41d824d7a9b5debc1b962f150cf8c297a,2017-10-23T12:46:15.000Z,0.001,0x0ec8071672424b1bbe96e1ea4b8b5ad81fe295a9,sell,0xf814d88af9f624257880ae1c6b519d87116810e8,0x3446dfd4a0f3272dfe030f543e8cd175d3883b12c546ec3a46e5c15f7ae2da0a
128,697.53763333,0.69753763333,0xb078c6e41d824d7a9b5debc1b962f150cf8c297a,2017-10-23T10:32:19.000Z,0.001,0x8441a69d45512fc15d993f0b3eb0390f55fa1514,sell,0xf814d88af9f624257880ae1c6b519d87116810e8,0xe24911346f154ee2b502157df1c431ba0a10cae7cf67a56f71f4f616acd34e82
129,1,0.05,0x3ac636ac5c3a2576156ac5f10066ca68abe0ad54,2017-10-23T10:25:09.000Z,0.05,0x590f2679f2a2b32b148c6d8e6fd0afd7824b0637,buy,0xf814d88af9f624257880ae1c6b519d87116810e8,0x066b3a3fea55f38374b90c5ea54d73091ab158d9565ed7261106381f7448e7d1
130,100,0.1225761,0xb078c6e41d824d7a9b5debc1b962f150cf8c297a,2017-10-23T10:24:47.000Z,0.001225761,0x8441a69d45512fc15d993f0b3eb0390f55fa1514,sell,0xf814d88af9f624257880ae1c6b519d87116810e8,0x5942f2345f5f5f998869edc153dee83e9265c3023760d979fd21c9b3cc3b55f6
131,1,0.029,0xb078c6e41d824d7a9b5debc1b962f150cf8c297a,2017-10-23T09:16:33.000Z,0.029,0xdba356df3056635da3229708437d3383a9b303f4,sell,0xf814d88af9f624257880ae1c6b519d87116810e8,0xddca800cbe66f4f8ed8c8821d62f7f6db3062adae6791ef547acce9073abee25
132,5,0.145,0xb078c6e41d824d7a9b5debc1b962f150cf8c297a,2017-10-23T08:58:13.000Z,0.029,0x38a935d6d28940c45125d77a0d409c27526ca3db,buy,0xf814d88af9f624257880ae1c6b519d87116810e8,0x3dd7ba3771c8e7f161158a37fffd91d40a6fbddb5a6d07de113c03e07b8f71e5
133,0.996,0.01992,0xb078c6e41d824d7a9b5debc1b962f150cf8c297a,2017-10-23T08:47:18.000Z,0.02,0x387cdcf86d1193bb75084f4d9eb207e3ecf50143,buy,0xf814d88af9f624257880ae1c6b519d87116810e8,0x9f38221ca8fc2f3d9b5428dc4cf5ad4bf6149f522017bb451b8f28624f7fec81
134,10,0.01225761,0xb078c6e41d824d7a9b5debc1b962f150cf8c297a,2017-10-23T08:46:06.000Z,0.001225761,0x39e828fed299d91984925307e1cbafce807cc420,buy,0xf814d88af9f624257880ae1c6b519d87116810e8,0x1397f52686f53917799ad865e1c63be7d69144ef6c61d3a62c5341b295d20621
135,10,0.01225761,0xb078c6e41d824d7a9b5debc1b962f150cf8c297a,2017-10-23T08:44:58.000Z,0.001225761,0x39e828fed299d91984925307e1cbafce807cc420,buy,0xf814d88af9f624257880ae1c6b519d87116810e8,0x05a7ca74a059b22f38f13690d2131c38a67b157051d5f527606a5b988f9be030
136,10,0.01225761,0xb078c6e41d824d7a9b5debc1b962f150cf8c297a,2017-10-23T08:43:59.000Z,0.001225761,0x39e828fed299d91984925307e1cbafce807cc420,buy,0xf814d88af9f624257880ae1c6b519d87116810e8,0xc5aabebb3a53f51cbf18b800f4f7744ef5429fed33a93def45f2ce22bdeb0c47
137,10,0.01,0x4b7c56efbda4fd4660b5c62e6fa011a1b0c952df,2017-10-22T09:49:16.000Z,0.001,0x590f2679f2a2b32b148c6d8e6fd0afd7824b0637,sell,0xf814d88af9f624257880ae1c6b519d87116810e8,0xeedfadc51353a7dd7ca4600b05df520294170549d538cff669d0ecc0a4a65430
138,0.99556375,0.019911275047353204,0x387cdcf86d1193bb75084f4d9eb207e3ecf50143,2017-10-18T20:50:42.000Z,0.020000000047564213,0xb94edd9db183654dc0e26484d9275ab4c44736e9,buy,0xf814d88af9f624257880ae1c6b519d87116810e8,0xfd8b409f8d3e6bc562ed7934fa4ce352dca8367ed598cd3c695d07fbd481e5b9
139,500,0.5,0x53fb06b9298cc54148182471db449bac212d7622,2017-10-18T03:38:35.000Z,0.001,0xbb74dc60c8865ae3746eab00e998665b9a3f6155,buy,0xf814d88af9f624257880ae1c6b519d87116810e8,0x183898d4061a21ec02b0749e4983457180ad4ca754d6c441fd8de7d5c3acc50f
140,5.98744492,0.01993819160602133,0xb94edd9db183654dc0e26484d9275ab4c44736e9,2017-10-17T11:03:14.000Z,0.0033300000037447246,0x9c18a412b5123cdb81f12eba329d7c388e19db58,buy,0xf814d88af9f624257880ae1c6b519d87116810e8,0x5595b86c3e2561743b7ba66f6b452a627824cef4519575fe67cfc687e701be77
141,1,0.07,0x0cee850d87e2dfc56c34cadcebfc0a689ea063bb,2017-10-17T06:40:55.000Z,0.07,0xdba356df3056635da3229708437d3383a9b303f4,buy,0xf814d88af9f624257880ae1c6b519d87116810e8,0xbcf25e25383eadc3a408137da17cffe3087e2494c02d0b87ca54777c506e9e38
142,1,0.06,0xdba356df3056635da3229708437d3383a9b303f4,2017-10-17T06:22:30.000Z,0.06,0x0cee850d87e2dfc56c34cadcebfc0a689ea063bb,buy,0xf814d88af9f624257880ae1c6b519d87116810e8,0x646a1ba4fa8003d2e960d43ef495b58655a9f771c9ee34d65ba05d3c270e8cd7
143,1,0.06,0x0cee850d87e2dfc56c34cadcebfc0a689ea063bb,2017-10-17T05:51:15.000Z,0.06,0xdba356df3056635da3229708437d3383a9b303f4,buy,0xf814d88af9f624257880ae1c6b519d87116810e8,0x185711055f7c1fcc686ac4eafa10fb12fd15f31bf6cbe88c6e7bc83d59c4011e
144,1,0.06,0xdba356df3056635da3229708437d3383a9b303f4,2017-10-17T05:41:13.000Z,0.06,0x0cee850d87e2dfc56c34cadcebfc0a689ea063bb,buy,0xf814d88af9f624257880ae1c6b519d87116810e8,0x2cf4bb82dbdda500e6a2fc4fde7165d378563c705a8b3e407cc47cf21e0cc247
145,1,0.07,0x0cee850d87e2dfc56c34cadcebfc0a689ea063bb,2017-10-17T05:35:11.000Z,0.07,0xdba356df3056635da3229708437d3383a9b303f4,buy,0xf814d88af9f624257880ae1c6b519d87116810e8,0x20d0589a6e0241c050d6ee56235271b22525a8926ceb3f0dd37a6c214e410bb5
146,1,0.06,0xdba356df3056635da3229708437d3383a9b303f4,2017-10-17T05:25:19.000Z,0.06,0x0cee850d87e2dfc56c34cadcebfc0a689ea063bb,buy,0xf814d88af9f624257880ae1c6b519d87116810e8,0x1e8eea7cd813cd957c28e0ac576e766747d578c7308a0b6aa8ed1064556ce0e2
147,1,0.06,0x0cee850d87e2dfc56c34cadcebfc0a689ea063bb,2017-10-17T05:18:47.000Z,0.06,0xdba356df3056635da3229708437d3383a9b303f4,buy,0xf814d88af9f624257880ae1c6b519d87116810e8,0xb6a7889678a74d552341d202fbc56f96457c1a317b54abdb54b8c46667400f0b
148,1,0.06,0xdba356df3056635da3229708437d3383a9b303f4,2017-10-17T05:12:05.000Z,0.06,0x0cee850d87e2dfc56c34cadcebfc0a689ea063bb,buy,0xf814d88af9f624257880ae1c6b519d87116810e8,0xe8304623d9338f7c7931da031653d1bc229197585030aeba44a12dc53cc5996b
149,5,0.095,0x0cee850d87e2dfc56c34cadcebfc0a689ea063bb,2017-10-17T04:49:50.000Z,0.019,0xdba356df3056635da3229708437d3383a9b303f4,buy,0xf814d88af9f624257880ae1c6b519d87116810e8,0x3b3c9a972fc38a40397e7cc9a65413df2f7ee4fef55d5f4090d941c4b3dcc540
150,1,0.05,0xdba356df3056635da3229708437d3383a9b303f4,2017-10-17T04:31:04.000Z,0.05,0x0cee850d87e2dfc56c34cadcebfc0a689ea063bb,buy,0xf814d88af9f624257880ae1c6b519d87116810e8,0x57740da020d8d17480e729781a068268b6a2b97c1fb79c1d4f44934759e06100
151,1,0.02,0xdba356df3056635da3229708437d3383a9b303f4,2017-10-16T07:26:56.000Z,0.02,0xb94edd9db183654dc0e26484d9275ab4c44736e9,buy,0xf814d88af9f624257880ae1c6b519d87116810e8,0xafac6a417a15e1736638506a52ba4b0560927875ee3a15e8ac5c3f63bcaf389f
152,3,0.00999,0x0ec8071672424b1bbe96e1ea4b8b5ad81fe295a9,2017-10-14T13:05:52.000Z,0.00333,0xbb74dc60c8865ae3746eab00e998665b9a3f6155,buy,0xf814d88af9f624257880ae1c6b519d87116810e8,0x96e3cbb29c6ec9eaaf12b2f00621533b7352449ea2483fd147315421c1ce3174
153,1,0.009,0x387cdcf86d1193bb75084f4d9eb207e3ecf50143,2017-10-14T10:15:03.000Z,0.009,0x387cdcf86d1193bb75084f4d9eb207e3ecf50143,buy,0xf814d88af9f624257880ae1c6b519d87116810e8,0xbeb88b4f2f7fe9de740bb2bce3a0a507cc36de4639fe04e48b987f4d9552b102
154,1,0.001,0x07883597cd09ae7e2d3a6028f3228ccbec08605e,2017-10-14T08:51:27.000Z,0.001,0x0ec8071672424b1bbe96e1ea4b8b5ad81fe295a9,sell,0xf814d88af9f624257880ae1c6b519d87116810e8,0x7f69798a5b31c83d46d6956cc153ff0c606873e2833ff5b490de446ebbde5720
