,amount,amountBase,buyer,date,price,seller,side,tokenAddr,txHash
0,0.6675567423230975,0.0005,0x4fda9e6bcd83af6c5cc771b5d20accc2b7720074,2017-11-02T12:35:43.000Z,0.000749,0x087bb798614391b9229276e82cb335cb9ec381fb,buy,0x1db186898bccde66fa64a50e4d81078951a30dbe,0x9f4e4fcf7608a017fbc2c8e86ffb0e98293264959f983511b559b62f85fe1292
1,0.6675567423230975,0.0005,0x3075f7f189912f4f425dd7021b9c396434197477,2017-11-02T12:10:59.000Z,0.000749,0x087bb798614391b9229276e82cb335cb9ec381fb,buy,0x1db186898bccde66fa64a50e4d81078951a30dbe,0x91540bc291a06cf9b12d0412812f6e23acb8bfa0ce239d235e2de4c28b69d85d
2,0.6711409395973155,0.0005,0x34f9560c63078eb61872a4dc2ccd20e21c34feaf,2017-10-28T20:44:13.000Z,0.000745,0x66fa1e1af25d7661001301ab556c1eff78e2dbf9,buy,0x1db186898bccde66fa64a50e4d81078951a30dbe,0xb80a2dea269578df8f2f11211208c90b2fa2631c38ee1e36097f7b6735544cd9
3,0.6711409395973155,0.0005,0xe444a40689f51f63bcd29910622035707d533d29,2017-10-28T20:44:13.000Z,0.000745,0x66fa1e1af25d7661001301ab556c1eff78e2dbf9,buy,0x1db186898bccde66fa64a50e4d81078951a30dbe,0x1562a0c116a9ebee0cb21195efd8cbece1198a1fca5af412c81b2b2389070a5c
4,39.658123317799486,0.029743552830226297,0x300cfba7ad8703b71e6381c7ea86eca21fb81ab3,2017-10-25T18:27:29.000Z,0.000749999,0x0773dd752384d3d8714ceb1c28a199591c63cddc,buy,0x1db186898bccde66fa64a50e4d81078951a30dbe,0x705263da2bff52b4f891d1832f3e6a24c7e474c235bb6b731a1623729372113a
5,57.999995999992,0.02899994,0x300cfba7ad8703b71e6381c7ea86eca21fb81ab3,2017-10-25T18:25:42.000Z,0.000499999,0x0b2de009825eac9a347868b44349aa32e91ef81f,buy,0x1db186898bccde66fa64a50e4d81078951a30dbe,0x18396853e6826ddc8e3fe8fd1852de6ac3b7063620ab3542de54a7f72dd60ce4
6,500,0.015005,0x49d5ad43314e611bb927896f9fcadebcd42acbc6,2017-10-25T16:19:52.000Z,0.00003001,0x300cfba7ad8703b71e6381c7ea86eca21fb81ab3,sell,0x1db186898bccde66fa64a50e4d81078951a30dbe,0x8fe48e9f185cc86842d6679a3d7d5a475a05fb839a45f4491e8c51e80ef6a374
7,1,0.00006,0x3ac636ac5c3a2576156ac5f10066ca68abe0ad54,2017-10-23T02:16:51.000Z,0.00006,0x300cfba7ad8703b71e6381c7ea86eca21fb81ab3,buy,0x1db186898bccde66fa64a50e4d81078951a30dbe,0x8d2f10dda61faba7db594d85b04070e3ece6ffff59345db6df85b3cb7c0f3ad5
8,126.4736034710308,0.000633885700596806,0x8b182a4526944fa498970732a69a95d281c3c8a9,2017-10-23T02:15:52.000Z,0.00000501199999999999,0xa87a6017687f5d7607a4dde37624fa8eec9b0d45,sell,0x1db186898bccde66fa64a50e4d81078951a30dbe,0x249634aadd91d10a3c364e913444bcc9be8227a32cbe3184c28a9ce975192509
9,1,0.000015,0x6cdea8e07bf82d7a07dbf36642d6e5be8623845c,2017-10-22T04:15:10.000Z,0.000015,0x300cfba7ad8703b71e6381c7ea86eca21fb81ab3,buy,0x1db186898bccde66fa64a50e4d81078951a30dbe,0xdd6ca7b24b51e7bcf3978cfdde1ee6d3133c06d3393fc111ea310b32d6e74d2c
10,33.333333333333336,0.0005,0x16e5d97bbc92417e051e3b2cabfbf8ceea2acb9c,2017-10-22T00:37:12.000Z,0.000015,0x300cfba7ad8703b71e6381c7ea86eca21fb81ab3,buy,0x1db186898bccde66fa64a50e4d81078951a30dbe,0x5de8a12cec5e1b1f9fc77d0f3a36e3f375e948fe3fd719e5a9c195ac08f13dfa
11,33.333333333333336,0.0005,0x42c24a83bded723edfdf5883bc7efb30bc1a1bf3,2017-10-22T00:33:24.000Z,0.000015,0x300cfba7ad8703b71e6381c7ea86eca21fb81ab3,buy,0x1db186898bccde66fa64a50e4d81078951a30dbe,0xea05f9a3138cf2e19c011d628e18ba3d5c9f0c71452503c63fa0e9d73c119a6f
12,33.333333333333336,0.0005,0x379374d13077e8867ef31803c37baf9785a17c00,2017-10-22T00:32:22.000Z,0.000015,0x300cfba7ad8703b71e6381c7ea86eca21fb81ab3,buy,0x1db186898bccde66fa64a50e4d81078951a30dbe,0x2ccaf0dece91855770514392df73e1f5316bbc83aa8c0e804eded50ee2b6a947
13,33.333333333333336,0.0005,0xf9695cd65d6dfdf257fab76a3eb0cb8f001971cc,2017-10-22T00:29:47.000Z,0.000015,0x300cfba7ad8703b71e6381c7ea86eca21fb81ab3,buy,0x1db186898bccde66fa64a50e4d81078951a30dbe,0xda966285faa505ef6fe0c18b8ef0fb506301b4d919ed2b20d98374233e1aa301
14,33.333333333333336,0.0005,0xcd912af5286dc0b0a23edb30209734ecb60838b3,2017-10-22T00:26:56.000Z,0.000015,0x300cfba7ad8703b71e6381c7ea86eca21fb81ab3,buy,0x1db186898bccde66fa64a50e4d81078951a30dbe,0xac1cac44f521eb9a9b90d7b1ef6585cf8dee1fb8ac2e39cdd24cc5dd033990ec
15,8.333333333333334,0.0005,0xf9695cd65d6dfdf257fab76a3eb0cb8f001971cc,2017-10-18T16:05:31.000Z,0.00006,0x300cfba7ad8703b71e6381c7ea86eca21fb81ab3,buy,0x1db186898bccde66fa64a50e4d81078951a30dbe,0x01746e2bad0b3065f83e9d9df61b1176c4c708ab94358f0cbcfa2dd96be27902
16,8.333333333333334,0.0005,0x379374d13077e8867ef31803c37baf9785a17c00,2017-10-18T16:05:13.000Z,0.00006,0x300cfba7ad8703b71e6381c7ea86eca21fb81ab3,buy,0x1db186898bccde66fa64a50e4d81078951a30dbe,0xba875688500bb795b2174a7b7a2d617551d4ebc5ab6e68e85c87c306ce69188d
17,1.000002000004,0.0005,0xf9695cd65d6dfdf257fab76a3eb0cb8f001971cc,2017-10-18T15:19:02.000Z,0.000499999,0x0b2de009825eac9a347868b44349aa32e91ef81f,buy,0x1db186898bccde66fa64a50e4d81078951a30dbe,0xdf14fd33cf25af201c5a84fbe91e0113f152bc521fb4672321df66b9c3cde32e
18,1.000002000004,0.0005,0x379374d13077e8867ef31803c37baf9785a17c00,2017-10-18T15:18:47.000Z,0.000499999,0x0b2de009825eac9a347868b44349aa32e91ef81f,buy,0x1db186898bccde66fa64a50e4d81078951a30dbe,0x794a34fcdc87edbe240eaf6f40ccfe8685157e12cb21cdf1698c84cc64f19f5b
19,4,0.0005,0x16e5d97bbc92417e051e3b2cabfbf8ceea2acb9c,2017-10-17T17:54:02.000Z,0.000125,0x300cfba7ad8703b71e6381c7ea86eca21fb81ab3,buy,0x1db186898bccde66fa64a50e4d81078951a30dbe,0x3909f17dc41ea476eb65e4d3ff97fbcc97071de65e10836a3276d8188a4f3e3a
20,4,0.0005,0x42c24a83bded723edfdf5883bc7efb30bc1a1bf3,2017-10-17T15:42:15.000Z,0.000125,0x300cfba7ad8703b71e6381c7ea86eca21fb81ab3,buy,0x1db186898bccde66fa64a50e4d81078951a30dbe,0xd563491e53401a891da58eb83e6775d1b43d64fce107db3927b0be04a22885ff
21,4,0.0005,0xcd912af5286dc0b0a23edb30209734ecb60838b3,2017-10-17T05:37:17.000Z,0.000125,0x300cfba7ad8703b71e6381c7ea86eca21fb81ab3,buy,0x1db186898bccde66fa64a50e4d81078951a30dbe,0x6eef5bb3b663010f8997e09f9e3b6196857c223d285e93a7305c54110120731e
22,1000,0.005058,0x78b0e4933f5b7d90102367e28efcde256998411e,2017-10-15T22:02:00.000Z,0.000005058,0x300cfba7ad8703b71e6381c7ea86eca21fb81ab3,sell,0x1db186898bccde66fa64a50e4d81078951a30dbe,0x2e2c2d0ebe93bde45890d581edb5e42997383261bc233c1c9c0a1928e10ef826
23,261.84,0.00132464856,0xf36990a2cb4d609e0a7d4f3bf884c0342d81fd3d,2017-10-15T22:00:22.000Z,0.000005059,0x300cfba7ad8703b71e6381c7ea86eca21fb81ab3,sell,0x1db186898bccde66fa64a50e4d81078951a30dbe,0xc093c49640d3d00f7354a1c2177da012487ea8e975b66887bea788f48050cdfb
24,50,0.00499995,0x1145141a19698b2f6f1dba4645bd6cf61f4e4177,2017-10-15T08:40:58.000Z,0.000099999,0xf36990a2cb4d609e0a7d4f3bf884c0342d81fd3d,buy,0x1db186898bccde66fa64a50e4d81078951a30dbe,0x7899215f487c10e886084ecb5d017c154255197f0db8ca5ca70a36920f62189a
25,60,0.00299994,0x1145141a19698b2f6f1dba4645bd6cf61f4e4177,2017-10-15T08:40:58.000Z,0.000049999,0x0b2de009825eac9a347868b44349aa32e91ef81f,buy,0x1db186898bccde66fa64a50e4d81078951a30dbe,0xf422f26acc9e5cdb022a38eba2ee1695a519695e418c2d4622c85fa7a020f3f0
26,50,0.00499995,0x1145141a19698b2f6f1dba4645bd6cf61f4e4177,2017-10-15T08:40:58.000Z,0.000099999,0xf36990a2cb4d609e0a7d4f3bf884c0342d81fd3d,buy,0x1db186898bccde66fa64a50e4d81078951a30dbe,0xe74d7010533dacd4c17f0dff8da02eca16cbb5ab2671ea05efd27682452aca99
27,1738.16,0.00879335144,0xf36990a2cb4d609e0a7d4f3bf884c0342d81fd3d,2017-10-12T16:15:49.000Z,0.000005059,0x300cfba7ad8703b71e6381c7ea86eca21fb81ab3,sell,0x1db186898bccde66fa64a50e4d81078951a30dbe,0x987b26c493f8cafc5d8a0e7bfbcb5d3208db6b99a0437bd0cb94c94ee44af945
28,3261.84,0.016666697664,0x5d5065b42bdee0274e394ba9042c21e1818c69cf,2017-10-12T02:27:31.000Z,0.0000051096,0x300cfba7ad8703b71e6381c7ea86eca21fb81ab3,sell,0x1db186898bccde66fa64a50e4d81078951a30dbe,0x7cfa68cbdcbebc85b55cc8de8ead5651105060a842e0b21612d9f288d0b92648
