,amount,amountBase,buyer,date,price,seller,side,tokenAddr,txHash
0,50,0.0042,0x8b182a4526944fa498970732a69a95d281c3c8a9,2017-11-02T10:42:38.000Z,0.000084,0xf7ad633dafe13782e5edaeb45c3a14899acc0b4e,buy,0x6025f65f6b2f93d8ed1efedc752acfd4bdbcec3e,0x5413a216f72b3b672930865b14da0415d22170422105d8268f9056082f8945a2
1,5.9523809523809526,0.0005,0x4fda9e6bcd83af6c5cc771b5d20accc2b7720074,2017-11-02T10:21:23.000Z,0.000084,0xf7ad633dafe13782e5edaeb45c3a14899acc0b4e,buy,0x6025f65f6b2f93d8ed1efedc752acfd4bdbcec3e,0xb424745eb69847205b4d780577a673bd46f323e943f85a71a70b882efcf14998
2,5.813953488372093,0.0005,0x3075f7f189912f4f425dd7021b9c396434197477,2017-11-02T10:08:48.000Z,0.000086,0x3c4e6a67e36bb05c4487d2c9e5defa771650d402,buy,0x6025f65f6b2f93d8ed1efedc752acfd4bdbcec3e,0x896b295dd6bd5cd947d2dafb6c5882bbef8a298bc3d8dff3884ce3a5a9e29640
3,9785.073610358382,0.7338805207768787,0x9c8849d266376239d363832d4984d55308385082,2017-11-02T09:52:41.000Z,0.000075,0x3c4e6a67e36bb05c4487d2c9e5defa771650d402,sell,0x6025f65f6b2f93d8ed1efedc752acfd4bdbcec3e,0x4190b6a815e4f6e65b7d3af4c44afe800165047c7b779b3e1c73e1e8dc6e4abb
4,3544.9263896416173,0.2658694792231213,0x9c8849d266376239d363832d4984d55308385082,2017-11-02T09:33:54.000Z,0.000075,0xe026a60bed392313e0dd24310db38be527fee96f,sell,0x6025f65f6b2f93d8ed1efedc752acfd4bdbcec3e,0xca9a1d32976397b96075b0d53c68e0e70b97f113234e4de8b5b382876fca5505
5,20000,1.7,0x182d93637adee1973aaca0a7ac1a2620d5b3ab12,2017-11-02T09:24:30.000Z,0.000085,0xeb5099a3c5f94a03fda7291695fd8e907f06a576,buy,0x6025f65f6b2f93d8ed1efedc752acfd4bdbcec3e,0xb36859dc1423798ce7ee105c7abd6599a1c8285f284e43cdcb7524b200243337
6,49,0.0042385,0x08633ba8540a230b5be19211578e8d08f4fb1323,2017-11-02T09:20:43.000Z,0.0000865,0xe6ddb134e88059a792e6e31ef4bd96943fecacea,buy,0x6025f65f6b2f93d8ed1efedc752acfd4bdbcec3e,0x3959eebbd4b17aa51189efca527d1284c10f313cbe7ef805d5c78730456c41b6
7,500,0.04325,0x08633ba8540a230b5be19211578e8d08f4fb1323,2017-11-02T09:06:17.000Z,0.0000865,0xe6ddb134e88059a792e6e31ef4bd96943fecacea,buy,0x6025f65f6b2f93d8ed1efedc752acfd4bdbcec3e,0xed69b5af2618ea289b2b53e7d2a999c766e1a0ea7e9fa762484b6ae941c2ff6e
8,25.02247526322421,0.002164444110268894,0x08633ba8540a230b5be19211578e8d08f4fb1323,2017-11-02T08:42:54.000Z,0.0000865,0xe6ddb134e88059a792e6e31ef4bd96943fecacea,buy,0x6025f65f6b2f93d8ed1efedc752acfd4bdbcec3e,0xc29e51e5a63e5429dbc13fbf398754ae4b3db19c564ed0a653f4ab8d35041897
9,8151.340450162904,0.7165028255693192,0x9cd36f61b1240eaab57c480799cffdd87b727fad,2017-11-02T07:51:20.000Z,0.0000879,0x3c4e6a67e36bb05c4487d2c9e5defa771650d402,buy,0x6025f65f6b2f93d8ed1efedc752acfd4bdbcec3e,0xf1dd3f7c6ffb49bcdafd99b8fc2a666c535861b46cf61ea06785e86580cae18f
10,3555.9156614495064,0.2457137722061609,0xe026a60bed392313e0dd24310db38be527fee96f,2017-11-02T07:44:49.000Z,0.00006909999999999999,0xabdda95296bee3062ac3ded6bc2d68c29f691bbb,sell,0x6025f65f6b2f93d8ed1efedc752acfd4bdbcec3e,0x9340af1ce5348ab1919249f4c3d911099dd33c61e44e71e0c6382b5846bae607
11,996.9095803010667,0.06798923337653275,0x279cfa8b9821e0e947e1bf21ac6ebd07ed1e6431,2017-11-02T07:05:22.000Z,0.00006819999999999999,0xc56c8c66c5bf94cbe3ebae84fa02fb461efff778,sell,0x6025f65f6b2f93d8ed1efedc752acfd4bdbcec3e,0x4e3eb82a01a3d3f1ae00405d87587ab9e0437ca913d01af0b1155351115e77a5
12,106.91394155094657,0.007280839419619461,0xb1dad5ae05a2c4d1f80bf667289926c765ed0edb,2017-11-02T05:31:20.000Z,0.00006809999999999999,0xd8b50d899ca5ae70e95210520301b6a9ac0cd9e8,sell,0x6025f65f6b2f93d8ed1efedc752acfd4bdbcec3e,0x8d484e134fd34515d15a38f994e2bdcb2db8916711300428e51a865061db5e28
13,1500,0.134535,0x448344236e3ea01538b5cb400c13c78219f6d253,2017-11-02T05:20:44.000Z,0.00008969,0xd92ce5941305b7cf1e5cc5713b93db2b651a4fdf,buy,0x6025f65f6b2f93d8ed1efedc752acfd4bdbcec3e,0x5b06256af95f28d0fbed7dfac03dbfc8aef0ae79a54d70a50e046aaefb01e92e
14,118,0.009558,0x6a9b36c815a150f6b6f53ab268b7025aa11769ea,2017-11-02T05:18:30.000Z,0.000081,0x369652284a6c2d9955b930052c9d4736df638234,sell,0x6025f65f6b2f93d8ed1efedc752acfd4bdbcec3e,0xe488fcf3187e27114b4cc2de4f6cb8fc5a083b52469bf01c5288889dad1b9d3f
15,40000,3.56,0x448344236e3ea01538b5cb400c13c78219f6d253,2017-11-02T05:15:33.000Z,0.000089,0xce94b53893f7f88e8f9858c0d21944b9f9b0cf79,buy,0x6025f65f6b2f93d8ed1efedc752acfd4bdbcec3e,0x60f916e4d36963ea6550ea718c2aa61756372fb4d52ed7b93fbcce6007d36f93
16,3923.6447014255805,0.26720020416708207,0xb1dad5ae05a2c4d1f80bf667289926c765ed0edb,2017-11-02T04:53:12.000Z,0.00006809999999999999,0x1dbefb7fd039d77c46c8e5f1a355c6c921198054,sell,0x6025f65f6b2f93d8ed1efedc752acfd4bdbcec3e,0x72938b114964a2cf3ae8f4ba56e0e1eba37fc47050b4f9c209ad7747f613e98a
17,12275.43936589164,0.8360801752108795,0x3186a46fd56588b63bdbdfe79d3cbab8495b199a,2017-11-02T04:50:38.000Z,0.00006811,0x5e4c8b04c9753ad2bcd2b5d82281b8546df27b50,sell,0x6025f65f6b2f93d8ed1efedc752acfd4bdbcec3e,0x9a13f406ee351a8afd7f738ca193ab400d587b5a9f864218faba70b48573c3c9
18,996.9095803010667,0.0807496760043864,0x08137885f097675c7a79e976544734e1325faaae,2017-11-02T04:39:31.000Z,0.00008099999999999999,0xd237b2548226e703974390d86c6fb79d1f6025d9,sell,0x6025f65f6b2f93d8ed1efedc752acfd4bdbcec3e,0x22e26374bf292ed7272a9beb20158c789d125eeb4a1b24ac752dbd3402bea913
19,5.982053838484546,0.000937328015952143,0xc21e2dc25f7ebcf2eaee88d6a558a60acb471ada,2017-11-02T03:50:14.000Z,0.0001566899999999999,0x1d5321e125f6c7079a716705541c7b371ca79e69,sell,0x6025f65f6b2f93d8ed1efedc752acfd4bdbcec3e,0xb88ef40cf1489fbb1adf648470a16f2c9d80f0aa31e71900af4556bcdb1e00af
20,6,0.00053934,0x1d5321e125f6c7079a716705541c7b371ca79e69,2017-11-02T03:50:14.000Z,0.00008989,0x5e4c8b04c9753ad2bcd2b5d82281b8546df27b50,buy,0x6025f65f6b2f93d8ed1efedc752acfd4bdbcec3e,0xb88ef40cf1489fbb1adf648470a16f2c9d80f0aa31e71900af4556bcdb1e00af
21,4.549937370333844,0.000409494363330046,0x1d5321e125f6c7079a716705541c7b371ca79e69,2017-11-02T03:35:55.000Z,0.00009,0x0e2fcafe0a0da19f14c57b875a96868e79977c47,buy,0x6025f65f6b2f93d8ed1efedc752acfd4bdbcec3e,0x809ea5abcfed70210ad97edfb33b051d6fd041cac7685140e4209b85a5060aed
22,4.53632838517831,0.00077113046219646,0xc21e2dc25f7ebcf2eaee88d6a558a60acb471ada,2017-11-02T03:35:55.000Z,0.0001699899999999998,0x1d5321e125f6c7079a716705541c7b371ca79e69,sell,0x6025f65f6b2f93d8ed1efedc752acfd4bdbcec3e,0x809ea5abcfed70210ad97edfb33b051d6fd041cac7685140e4209b85a5060aed
23,1,0.00008989,0xe2b48b3dd0b33283b4802e63e65518f27e635054,2017-11-02T02:19:30.000Z,0.00008989,0x5e4c8b04c9753ad2bcd2b5d82281b8546df27b50,buy,0x6025f65f6b2f93d8ed1efedc752acfd4bdbcec3e,0x214cc2ec644345777e945b2b22076742d981a4d17e016310aa8545d4b66867df
24,1,0.00008989,0xed2ca7381d82f8fb9bcc54ea6ab6526e35aece25,2017-11-02T02:19:30.000Z,0.00008989,0x5e4c8b04c9753ad2bcd2b5d82281b8546df27b50,buy,0x6025f65f6b2f93d8ed1efedc752acfd4bdbcec3e,0x862bca88dcef01d46e4dfba5d58effda76758638706bced7656d76bda8c63490
25,3689.3820761660186,0.2767036557124514,0x38ab523d0ca6c61c8787b82274d9e827d69fee96,2017-11-02T01:55:13.000Z,0.000075,0x75768239a714dcf95fb1ef6797df67cb55f9bf5f,sell,0x6025f65f6b2f93d8ed1efedc752acfd4bdbcec3e,0x9fbd6cbec0374e681d3a5936bd163230eaf4a82388ded08070f2b3b98befdc6e
26,185.41365850200305,0.012978956095140212,0x179db9068c45e6617c13176c4c5082c9e5e347fc,2017-11-02T01:31:31.000Z,0.00007,0xd8b50d899ca5ae70e95210520301b6a9ac0cd9e8,sell,0x6025f65f6b2f93d8ed1efedc752acfd4bdbcec3e,0x63047baabe4bbec76ba5e07fa2d6ca22ca9c0167cb325687f81dfb442e1bc2a9
27,54.441,0.004055908941,0xdf04829ed7aad07edf5c95eaf7ab7b924f38ce6e,2017-11-02T01:31:27.000Z,0.000074501,0xd8b50d899ca5ae70e95210520301b6a9ac0cd9e8,sell,0x6025f65f6b2f93d8ed1efedc752acfd4bdbcec3e,0xfc138611325c38af0a4075148f486373d7b840cff498ea125e851af99551f8b6
28,8,0.001199999992,0x5e4c8b04c9753ad2bcd2b5d82281b8546df27b50,2017-11-02T00:26:57.000Z,0.000149999999,0x5e4c8b04c9753ad2bcd2b5d82281b8546df27b50,buy,0x6025f65f6b2f93d8ed1efedc752acfd4bdbcec3e,0xdffc6fe11dd99c5c737e336081db94813b282ce48c078ae2ac2e58f1a22765f9
29,10,0.00149999999,0x5e4c8b04c9753ad2bcd2b5d82281b8546df27b50,2017-11-02T00:25:54.000Z,0.000149999999,0x5e4c8b04c9753ad2bcd2b5d82281b8546df27b50,buy,0x6025f65f6b2f93d8ed1efedc752acfd4bdbcec3e,0x78a58417deda3955be228e6c9a050a8b5e5c1e7e7bbb0d4f5937ddd0375c23d6
30,2000,0.14,0xf7ad633dafe13782e5edaeb45c3a14899acc0b4e,2017-11-02T00:17:51.000Z,0.00007,0x75768239a714dcf95fb1ef6797df67cb55f9bf5f,sell,0x6025f65f6b2f93d8ed1efedc752acfd4bdbcec3e,0x9b2824bdd4df22cd4aa4b25786450947d6c2419e05dee13165e714658a2baf49
31,4000,0.28,0xf6feba5084a812ba0a7eb824d1d2355611eb9d9f,2017-11-02T00:17:42.000Z,0.00007,0x75768239a714dcf95fb1ef6797df67cb55f9bf5f,sell,0x6025f65f6b2f93d8ed1efedc752acfd4bdbcec3e,0x2b42021574c0d956c6ccb46006d24b03a8f1b792ec6d43127c8cd1d43c3531d9
32,10,0.001189,0x5e4c8b04c9753ad2bcd2b5d82281b8546df27b50,2017-11-02T00:13:14.000Z,0.0001189,0x5e4c8b04c9753ad2bcd2b5d82281b8546df27b50,buy,0x6025f65f6b2f93d8ed1efedc752acfd4bdbcec3e,0x9e7fb0e0945b65d8b871b7df0f27b2e51fec833290e7fa17dc6bb9bd58ab0ad7
33,1000,0.149999999,0x5e4c8b04c9753ad2bcd2b5d82281b8546df27b50,2017-11-01T23:00:52.000Z,0.000149999999,0x5e4c8b04c9753ad2bcd2b5d82281b8546df27b50,buy,0x6025f65f6b2f93d8ed1efedc752acfd4bdbcec3e,0xd970ae380db5249cc4d4b4bf07cd10559bd6ca1d97a37876ae2206ba92ee2c6d
34,2663.506772074097,0.26632404213968897,0xff90080d7db05ced501f273548841a2c39cf6463,2017-11-01T22:57:36.000Z,0.00009999,0x5e4c8b04c9753ad2bcd2b5d82281b8546df27b50,buy,0x6025f65f6b2f93d8ed1efedc752acfd4bdbcec3e,0x17ae37cf5ce92928ef96c6e2d8f5e8a346b04b4cba6442af794685ac581bbea7
35,3000,0.449999997,0x5e4c8b04c9753ad2bcd2b5d82281b8546df27b50,2017-11-01T22:55:01.000Z,0.000149999999,0x5e4c8b04c9753ad2bcd2b5d82281b8546df27b50,buy,0x6025f65f6b2f93d8ed1efedc752acfd4bdbcec3e,0x5d248b0a855f1284421da114560ae2754e525b240260a36d374ee762f3b27976
36,1000,0.149999999,0x5e4c8b04c9753ad2bcd2b5d82281b8546df27b50,2017-11-01T22:53:47.000Z,0.000149999999,0x5e4c8b04c9753ad2bcd2b5d82281b8546df27b50,buy,0x6025f65f6b2f93d8ed1efedc752acfd4bdbcec3e,0xfd5971a2f2343aa482fbc5a5bbaf227cacd7244ee645baa67201f62651ef5160
37,10,0.00149999999,0x5e4c8b04c9753ad2bcd2b5d82281b8546df27b50,2017-11-01T22:50:09.000Z,0.000149999999,0x5e4c8b04c9753ad2bcd2b5d82281b8546df27b50,buy,0x6025f65f6b2f93d8ed1efedc752acfd4bdbcec3e,0x650b61bfe3666c1116e6d3f25f94f5301da5efecaab55064ed01b4c6adb4defe
38,320.79241560142026,0.032079241560142024,0xa56f4cdf31e3723cdb04d1d3963586fb5c99ac2f,2017-11-01T22:39:54.000Z,0.0001,0x0fd1035b4135c1747133e3c8ede600b5c3ff5485,buy,0x6025f65f6b2f93d8ed1efedc752acfd4bdbcec3e,0x48d3e9f2d6e510ecbbd09253e472b8e2b8c0a525ee9ec03d903b4da4a45f481f
39,5000,0.4095,0x1aa7e20656f755f935223342abfab5a5c2d6fc72,2017-11-01T22:39:54.000Z,0.0000819,0x5e4c8b04c9753ad2bcd2b5d82281b8546df27b50,sell,0x6025f65f6b2f93d8ed1efedc752acfd4bdbcec3e,0x285043fbd864391b1addd85bebcfe944d7647c5af414c53d4819e88655ca5013
40,300,0.0329997,0x7ae95541c6ec1862e3cd5bfcf12e50b120755c99,2017-11-01T22:02:08.000Z,0.000109999,0xf382c75c7edaf46a12b918128174cbf83a08f0d3,sell,0x6025f65f6b2f93d8ed1efedc752acfd4bdbcec3e,0x0ce8bc2c7f13d1b5f2be1754c23b40607f57b23e4101bf3fff741b1caf224da3
41,180,0.0198,0x2bcac1543df88ce6066c9ff02fabea2fac0aaddd,2017-11-01T21:59:21.000Z,0.00011,0x3c4e6a67e36bb05c4487d2c9e5defa771650d402,buy,0x6025f65f6b2f93d8ed1efedc752acfd4bdbcec3e,0x7c14100c742b7dd1cf6364be456ff8841f80ed024f390592639add1b6b58bba8
42,469.43841829730485,0.05163775657428524,0x405c548321f8dd153c33454790109a5fe14e246c,2017-11-01T21:56:27.000Z,0.000109999,0xf382c75c7edaf46a12b918128174cbf83a08f0d3,buy,0x6025f65f6b2f93d8ed1efedc752acfd4bdbcec3e,0x3273b7ca0cb29b1cd9acde309e8b25cd5da67eb49d0f9accf156638f20cd0c72
43,400,0.044,0xba2236d9a90dd62e9f08a64d4928bb4791c6834a,2017-11-01T21:55:27.000Z,0.00011,0x3c4e6a67e36bb05c4487d2c9e5defa771650d402,buy,0x6025f65f6b2f93d8ed1efedc752acfd4bdbcec3e,0xfde8107ed3bfb829b848b65583a8a15179811bcc4365fdc153212ce33b281f22
44,5,0.0005945,0x5e4c8b04c9753ad2bcd2b5d82281b8546df27b50,2017-11-01T21:26:31.000Z,0.0001189,0x5e4c8b04c9753ad2bcd2b5d82281b8546df27b50,buy,0x6025f65f6b2f93d8ed1efedc752acfd4bdbcec3e,0xa0e8ecf300d09f755ea1536b3a28315a5b46eb4dbf41c902f53c12e2668dc05f
45,950,0.1045,0x4ece962915b52e6e3fdd5d3894280e9671fab1b6,2017-11-01T21:03:42.000Z,0.00011,0x3c4e6a67e36bb05c4487d2c9e5defa771650d402,buy,0x6025f65f6b2f93d8ed1efedc752acfd4bdbcec3e,0x5adf39ab1460c268ae8f583acf6cf6d4cf2c58d73c315127d28aa6423cdd96fd
46,10,0.00149999999,0x5e4c8b04c9753ad2bcd2b5d82281b8546df27b50,2017-11-01T20:31:59.000Z,0.000149999999,0x5e4c8b04c9753ad2bcd2b5d82281b8546df27b50,buy,0x6025f65f6b2f93d8ed1efedc752acfd4bdbcec3e,0x938439ab48f6fbe2a2925853fef4bba7926cdc2883dc92763c40623239e41d49
47,1000,0.117,0x4ece962915b52e6e3fdd5d3894280e9671fab1b6,2017-11-01T20:18:36.000Z,0.000117,0x179db9068c45e6617c13176c4c5082c9e5e347fc,buy,0x6025f65f6b2f93d8ed1efedc752acfd4bdbcec3e,0xa5f63ebf864b26b60da1b48c19eac92a8e3d249b120e4c5670b18147078d573f
48,1,0.0001189,0x5e4c8b04c9753ad2bcd2b5d82281b8546df27b50,2017-11-01T20:13:53.000Z,0.0001189,0x5e4c8b04c9753ad2bcd2b5d82281b8546df27b50,buy,0x6025f65f6b2f93d8ed1efedc752acfd4bdbcec3e,0x94c553cc0151ac5a09a175aa90a0c3aaeb61f76893e58ee6f8d1ee501b250c9d
49,8,0.001199999992,0x5e4c8b04c9753ad2bcd2b5d82281b8546df27b50,2017-11-01T20:12:59.000Z,0.000149999999,0x5e4c8b04c9753ad2bcd2b5d82281b8546df27b50,buy,0x6025f65f6b2f93d8ed1efedc752acfd4bdbcec3e,0x3734c0cd6190bb2ce994087f95868e7f528aa1bb0482a9b1b140d9614cf65ea4
50,4900,0.573251,0x4ece962915b52e6e3fdd5d3894280e9671fab1b6,2017-11-01T20:11:39.000Z,0.00011699,0x07f44e667b4d2034ab4b5e28b179b0e87624b1b8,buy,0x6025f65f6b2f93d8ed1efedc752acfd4bdbcec3e,0x5179d2a8769b342d8c8680dd2625f1b38907898f09b96d117fd6c4b9a96337fd
51,5,0.000749999995,0x5e4c8b04c9753ad2bcd2b5d82281b8546df27b50,2017-11-01T19:44:52.000Z,0.000149999999,0x5e4c8b04c9753ad2bcd2b5d82281b8546df27b50,buy,0x6025f65f6b2f93d8ed1efedc752acfd4bdbcec3e,0x4f2d0c4c1b6f6717c615a7f15bc6f4a4a8fc1d1985cc2662eb14eac654cb90e1
52,10,0.00149999999,0x5e4c8b04c9753ad2bcd2b5d82281b8546df27b50,2017-11-01T19:43:54.000Z,0.000149999999,0x5e4c8b04c9753ad2bcd2b5d82281b8546df27b50,buy,0x6025f65f6b2f93d8ed1efedc752acfd4bdbcec3e,0xd475827cdc04c07f90af1f414acda97b9923f70fa334924da8de802702a9a3fc
53,694.0680137028972,0.08259409363064477,0x4ef7a8c795f77b29d07a47073b708a277e3a9dfc,2017-11-01T19:28:19.000Z,0.000119,0x3c4e6a67e36bb05c4487d2c9e5defa771650d402,buy,0x6025f65f6b2f93d8ed1efedc752acfd4bdbcec3e,0x146319002326d18ecc60f640e0f2357c3367048ec004f5ff03682112531c8f21
54,715.9223016429723,0.061569317941295616,0x07f44e667b4d2034ab4b5e28b179b0e87624b1b8,2017-11-01T19:24:38.000Z,0.00008599999999999999,0xd6059aa323a6a3590394fef14b870ff44811c0ff,sell,0x6025f65f6b2f93d8ed1efedc752acfd4bdbcec3e,0x2593d7bc8aff6b8c59fd7b0e7b2d165c57bde8fb2486796b3c67afcd6711725b
55,800,0.088,0x07f44e667b4d2034ab4b5e28b179b0e87624b1b8,2017-11-01T19:24:09.000Z,0.00011,0x6e20fc98c86d303fa8d3dc182fa739cde1046faf,buy,0x6025f65f6b2f93d8ed1efedc752acfd4bdbcec3e,0xaf721a3b89d5132f917b0144e8bf85046180a250c746bce65a5dacaef6050612
56,1400,0.133,0x07f44e667b4d2034ab4b5e28b179b0e87624b1b8,2017-11-01T19:22:17.000Z,0.000095,0x6e20fc98c86d303fa8d3dc182fa739cde1046faf,buy,0x6025f65f6b2f93d8ed1efedc752acfd4bdbcec3e,0x0c10a4bbcbb863c1ebaa2d6889f02a5db7ed809fea2a9b0c78affb743093d62c
57,1994,0.189429998006,0x07f44e667b4d2034ab4b5e28b179b0e87624b1b8,2017-11-01T19:22:07.000Z,0.000094999999,0x4ef101828052e3b1340145926be230bda53e112b,buy,0x6025f65f6b2f93d8ed1efedc752acfd4bdbcec3e,0x8f024eda6eca9c39abb4cd30ba8dd3883c54e04c861d075a8d51993d9356f461
58,5,0.000749999995,0x5e4c8b04c9753ad2bcd2b5d82281b8546df27b50,2017-11-01T18:59:54.000Z,0.000149999999,0x5e4c8b04c9753ad2bcd2b5d82281b8546df27b50,buy,0x6025f65f6b2f93d8ed1efedc752acfd4bdbcec3e,0x327dd23c3aea4847b177121c8b9ff0cb30f4a851e7eaf7164ea78c6d2b8b3625
59,4971.685774100289,0.33807463263881965,0xa11f36555b15d08f63fe4c1da229574871e1fdb1,2017-11-01T18:55:17.000Z,0.00006799999999999999,0x2161ea28bf193f85eed28485ebd1e80cfd2c3cbe,sell,0x6025f65f6b2f93d8ed1efedc752acfd4bdbcec3e,0x6ab4e95f746a937d37395f569a9b9f7e3439bb7f696417802f70e946eae67ada
60,5982.45,0.4068066,0x5c5d2fa3384cd2c93338cda30066d11201b1239c,2017-11-01T18:51:50.000Z,0.000068,0xd433ff14078a9185ce9d096147fa4fecd00d7148,buy,0x6025f65f6b2f93d8ed1efedc752acfd4bdbcec3e,0x8ffd3ba326013b74ccaf34edc589f7a9938b80ee4a9ef993764e7957daf6b0f3
61,200,0.0149,0x368094be78b725fb5a43e30e72652af809fcb045,2017-11-01T18:51:24.000Z,0.0000745,0x2161ea28bf193f85eed28485ebd1e80cfd2c3cbe,sell,0x6025f65f6b2f93d8ed1efedc752acfd4bdbcec3e,0x58ce59795352cc8634cb59dbbaf8409f77aee58085ad16693497fb82ed36cf3d
62,2200,0.154,0x6e20fc98c86d303fa8d3dc182fa739cde1046faf,2017-11-01T18:51:24.000Z,0.00007,0x2161ea28bf193f85eed28485ebd1e80cfd2c3cbe,sell,0x6025f65f6b2f93d8ed1efedc752acfd4bdbcec3e,0x45c103c35478a03b5f1c53d4d0a4f99b8b2d9d3d8e76719a9a6c3961c00b1b36
63,1000,0.070002,0xf6feba5084a812ba0a7eb824d1d2355611eb9d9f,2017-11-01T18:51:24.000Z,0.000070002,0x2161ea28bf193f85eed28485ebd1e80cfd2c3cbe,sell,0x6025f65f6b2f93d8ed1efedc752acfd4bdbcec3e,0xbb034b00d5c81d49625edb745d2cd4dd33d4ad8349cf349abef7d9d2baa8ba6b
64,10,0.00149999999,0x5e4c8b04c9753ad2bcd2b5d82281b8546df27b50,2017-11-01T18:49:59.000Z,0.000149999999,0x5e4c8b04c9753ad2bcd2b5d82281b8546df27b50,buy,0x6025f65f6b2f93d8ed1efedc752acfd4bdbcec3e,0x336216f6e7b2a3f3291763bcce79e784293a06b070848eb0397c99009d8e40ae
65,5.982053838484546,0.000795613160518444,0xd85a83108b781f3ced41e40588d9e5a5f3a27188,2017-11-01T18:45:23.000Z,0.00013299999999999987,0x1d5321e125f6c7079a716705541c7b371ca79e69,sell,0x6025f65f6b2f93d8ed1efedc752acfd4bdbcec3e,0x916a69bcebcfeec817d5fd9458d5d4d6cd6726fa98050bb417894403c41ce7a2
66,6,0.000689999999994,0x1d5321e125f6c7079a716705541c7b371ca79e69,2017-11-01T18:45:23.000Z,0.000114999999999,0x4ef101828052e3b1340145926be230bda53e112b,buy,0x6025f65f6b2f93d8ed1efedc752acfd4bdbcec3e,0x916a69bcebcfeec817d5fd9458d5d4d6cd6726fa98050bb417894403c41ce7a2
67,49,0.006076,0x2161ea28bf193f85eed28485ebd1e80cfd2c3cbe,2017-11-01T18:39:52.000Z,0.000124,0x2161ea28bf193f85eed28485ebd1e80cfd2c3cbe,buy,0x6025f65f6b2f93d8ed1efedc752acfd4bdbcec3e,0xafd8466e6f5f31f15a8b22992c52d93dc6b05843e3bf8954f53afa390c4e0ad9
68,55,0.0074195,0x2161ea28bf193f85eed28485ebd1e80cfd2c3cbe,2017-11-01T18:37:30.000Z,0.0001349,0x2161ea28bf193f85eed28485ebd1e80cfd2c3cbe,buy,0x6025f65f6b2f93d8ed1efedc752acfd4bdbcec3e,0xd215b599318683980c76014ae9aeadd9bca251d7c22cd41640c1fb8d3706847c
69,54,0.0072846,0x2161ea28bf193f85eed28485ebd1e80cfd2c3cbe,2017-11-01T18:37:30.000Z,0.0001349,0x2161ea28bf193f85eed28485ebd1e80cfd2c3cbe,buy,0x6025f65f6b2f93d8ed1efedc752acfd4bdbcec3e,0xf3a9928af5da5fb6a6915144dab9e6fcaff75bfe8a2c07d413e9c53a1561dc67
70,275,0.033,0x1322bcb439f944d244af6ad9cda05a9dbb64c7ea,2017-11-01T18:36:04.000Z,0.00012,0x75768239a714dcf95fb1ef6797df67cb55f9bf5f,buy,0x6025f65f6b2f93d8ed1efedc752acfd4bdbcec3e,0x5f0e6eb2035c334bfcc73780bc9850c9a87657f1fb17266a0d5b1ef95e976aa3
71,57.79425861841741,0.007513253620394263,0x2161ea28bf193f85eed28485ebd1e80cfd2c3cbe,2017-11-01T18:29:09.000Z,0.00013,0x2161ea28bf193f85eed28485ebd1e80cfd2c3cbe,buy,0x6025f65f6b2f93d8ed1efedc752acfd4bdbcec3e,0xd18617976ef9072043756623003401aeaab10d9c4c3d923357f7d0e0138b259b
72,57.96762405772873,0.007535791127504735,0x2161ea28bf193f85eed28485ebd1e80cfd2c3cbe,2017-11-01T18:28:23.000Z,0.00013,0x2161ea28bf193f85eed28485ebd1e80cfd2c3cbe,buy,0x6025f65f6b2f93d8ed1efedc752acfd4bdbcec3e,0x8c2f6ccbc20523209e8e9fab74c20fed917d040567c789ec3a70389d7b6dbcfc
73,2691.0098670596326,0.3228942739484853,0xd433ff14078a9185ce9d096147fa4fecd00d7148,2017-11-01T18:24:14.000Z,0.00011999,0xcc6fed415553c4c680f8323980dd1e37b2d3c309,buy,0x6025f65f6b2f93d8ed1efedc752acfd4bdbcec3e,0x6ad0a44ec6b5051cb22aa4e945a6c37fd3b7f6a3f24bc563c01697a4db7d0d57
74,3291.4447844491206,0.3110415321304419,0xd433ff14078a9185ce9d096147fa4fecd00d7148,2017-11-01T18:24:00.000Z,0.0000945,0x76be6d6ad321c7391f5736db90f4f76b8de74022,buy,0x6025f65f6b2f93d8ed1efedc752acfd4bdbcec3e,0xeeb0e72b024c0ba34571462c2aeca7ac5a406f527ef0c691787dad467bb55d62
75,500,0.04725,0xb85d14ab22a69276e57f24130ce4215e5ffe7dc0,2017-11-01T18:22:54.000Z,0.0000945,0x76be6d6ad321c7391f5736db90f4f76b8de74022,buy,0x6025f65f6b2f93d8ed1efedc752acfd4bdbcec3e,0xf3ac96389095df4f2434f085641db6a27f31f20775831a3649a52bd55c4261a6
76,10.554802733324212,0.000997428858299138,0x600ad96f349986170b734e6057a8c94e79f45186,2017-11-01T18:21:08.000Z,0.0000945,0x76be6d6ad321c7391f5736db90f4f76b8de74022,buy,0x6025f65f6b2f93d8ed1efedc752acfd4bdbcec3e,0x8cd2ab7f3633431806543a230f63c0deb7e213fcd55d96652cb97b299429684f
77,1.341,0.0001267245,0xabdda95296bee3062ac3ded6bc2d68c29f691bbb,2017-11-01T18:20:37.000Z,0.0000945,0x76be6d6ad321c7391f5736db90f4f76b8de74022,buy,0x6025f65f6b2f93d8ed1efedc752acfd4bdbcec3e,0x1bfcb9380b1cbbd367ea8ade7ef643a1ba855388704de62450299d2e23b0bc32
78,5.849999999990669,0.005849999999990669,0x92035fc46b47262ac52f29234c6ba7c8859cf206,2017-11-01T18:20:37.000Z,0.001,0x24c4e918a0cff62faff4a39e75968d4a58bab227,buy,0x6025f65f6b2f93d8ed1efedc752acfd4bdbcec3e,0x4707ddccd0ddd6ecd9561e9693c6a27a6af618549661ad8ab0afc4d5a072d183
79,500,0.5,0x92035fc46b47262ac52f29234c6ba7c8859cf206,2017-11-01T18:19:08.000Z,0.001,0x8027cb9fd18f935bb06cc98e0dfd48d074f87dc2,buy,0x6025f65f6b2f93d8ed1efedc752acfd4bdbcec3e,0xa00b35c3c01fe5b276f3e5b0df1a3e1a9ef2b75a35adac2859bbb80518ce5311
80,0.45006262966615496,0.000076506146416949,0xc21e2dc25f7ebcf2eaee88d6a558a60acb471ada,2017-11-01T18:18:32.000Z,0.00016998999999999847,0x1d5321e125f6c7079a716705541c7b371ca79e69,sell,0x6025f65f6b2f93d8ed1efedc752acfd4bdbcec3e,0xb38338539bf7e0e896d46d2a3b0015aa8ad0e65a03dc9849ee1e0ed5557e7b44
81,0.45141281755515344,0.000042658511258962,0x1d5321e125f6c7079a716705541c7b371ca79e69,2017-11-01T18:18:32.000Z,0.0000945,0x76be6d6ad321c7391f5736db90f4f76b8de74022,buy,0x6025f65f6b2f93d8ed1efedc752acfd4bdbcec3e,0xb38338539bf7e0e896d46d2a3b0015aa8ad0e65a03dc9849ee1e0ed5557e7b44
82,0.3149313045363141,0.00002047053479486,0x346eb8847ec84aae1463b80163a097ad3b24514d,2017-11-01T18:17:18.000Z,0.00006499999999999867,0xc21e2dc25f7ebcf2eaee88d6a558a60acb471ada,sell,0x6025f65f6b2f93d8ed1efedc752acfd4bdbcec3e,0xaab02adfcb358f1b094d1079278d34c24120511e6e94488f7f2404c3e77e9e45
83,484,0.038719516,0xdbf291e4e90486552c952fe6c1b2179c5aae9127,2017-11-01T18:17:05.000Z,0.000079999,0xc21e2dc25f7ebcf2eaee88d6a558a60acb471ada,buy,0x6025f65f6b2f93d8ed1efedc752acfd4bdbcec3e,0x6ee1a5abdc40b6187c6cbc28adfbb57a8fea9c1416fae90383d6a5bf618b58a3
84,0.03246894096865505,0.000002143307262281,0xdf805c0631c979b700c058a96a6dd25fed307695,2017-11-01T18:14:54.000Z,0.00006601099999997263,0x59b5a04c039e46a46d435f1282193416d78b8f98,sell,0x6025f65f6b2f93d8ed1efedc752acfd4bdbcec3e,0x73811d89d7583a6818683dbfbd2025c5f177fb9486750ede8dfb0fd9db738f47
85,325.69594685657876,0.02149951514794962,0xdf805c0631c979b700c058a96a6dd25fed307695,2017-11-01T18:13:43.000Z,0.00006601099999999999,0x59b5a04c039e46a46d435f1282193416d78b8f98,sell,0x6025f65f6b2f93d8ed1efedc752acfd4bdbcec3e,0x3b17406c05114579a3ce742efcf4ec48736a8954566fbef8adb9a4742042b919
86,300,0.0239997,0x9542d5ea0317bf04f2bd8c694644713e30880c1b,2017-11-01T18:11:59.000Z,0.000079999,0xc21e2dc25f7ebcf2eaee88d6a558a60acb471ada,buy,0x6025f65f6b2f93d8ed1efedc752acfd4bdbcec3e,0xb1d15dc8825e7e424c5bd142f175eb3822899994fcb0b2f4bf17b9a7164f3aa2
87,0.4961169074900805,0.000030511189810639,0x9cd36f61b1240eaab57c480799cffdd87b727fad,2017-11-01T18:10:02.000Z,0.00006149999999999808,0x9f14a821f23039266839233cd27d09e1eba9b83c,sell,0x6025f65f6b2f93d8ed1efedc752acfd4bdbcec3e,0xf97e62b30e3a0adcf41eeebd8b8ad5d8c746d2b7f0e588fc93f313ccfdf5d611
88,4976.548699032997,0.30605774499052935,0x9cd36f61b1240eaab57c480799cffdd87b727fad,2017-11-01T18:09:22.000Z,0.00006149999999999999,0x9f14a821f23039266839233cd27d09e1eba9b83c,sell,0x6025f65f6b2f93d8ed1efedc752acfd4bdbcec3e,0x6d5cd07c0d918ca2a1b6830c34c6591326072be3a5a45aaba71de0a404913a79
89,8,0.0012,0x2161ea28bf193f85eed28485ebd1e80cfd2c3cbe,2017-11-01T18:09:09.000Z,0.00015,0x2161ea28bf193f85eed28485ebd1e80cfd2c3cbe,buy,0x6025f65f6b2f93d8ed1efedc752acfd4bdbcec3e,0xa1923107a9b09c72d178393d1e0c0969ad0643d4592a5f1ea773fcf7127e8787
90,122.43844083341641,0.00808228391785465,0xdf805c0631c979b700c058a96a6dd25fed307695,2017-11-01T18:09:09.000Z,0.00006601099999999999,0x68ca7fc4bfc3bb2a9cf6f45736dcadc2c427c5a0,sell,0x6025f65f6b2f93d8ed1efedc752acfd4bdbcec3e,0x0d26b1b52387c27746db56474929d9cb8628729ae13a3393da5590a0e7da2a41
91,17000,1.0455,0x9cd36f61b1240eaab57c480799cffdd87b727fad,2017-11-01T18:07:58.000Z,0.0000615,0x68ca7fc4bfc3bb2a9cf6f45736dcadc2c427c5a0,sell,0x6025f65f6b2f93d8ed1efedc752acfd4bdbcec3e,0x756f4174df533ed4d8c34f1eee2ca2942098c7e29f3fdaac7b0a3a540ff981a0
92,1993.8191606021335,0.13956734124214934,0x75768239a714dcf95fb1ef6797df67cb55f9bf5f,2017-11-01T18:07:11.000Z,0.00007,0xe6465ac907376074fbe4b900d0ab806dbf14dbde,sell,0x6025f65f6b2f93d8ed1efedc752acfd4bdbcec3e,0xa8f8961268ab2508c5d9d509375b9c7e9e6791870865ddb22896f6a5f0fd628d
93,8,0.001151992,0xc21e2dc25f7ebcf2eaee88d6a558a60acb471ada,2017-11-01T18:06:18.000Z,0.000143999,0x2161ea28bf193f85eed28485ebd1e80cfd2c3cbe,sell,0x6025f65f6b2f93d8ed1efedc752acfd4bdbcec3e,0xcdc958d50913db7bd8f6f172862b443c8e9ce3e357158de3a231f4a695ca5760
94,883.7484842962629,0.05833712119688061,0xdf805c0631c979b700c058a96a6dd25fed307695,2017-11-01T18:05:05.000Z,0.00006601099999999999,0x2daf797758a4372812bc67d6d166b3a387dcfd78,sell,0x6025f65f6b2f93d8ed1efedc752acfd4bdbcec3e,0xfdf226cc89057f2017aee4844dc0f2efd7a3e65218e00cfdff749b766b888ae2
95,2000,0.1322000002,0x4ef101828052e3b1340145926be230bda53e112b,2017-11-01T18:04:00.000Z,0.0000661000001,0x2daf797758a4372812bc67d6d166b3a387dcfd78,sell,0x6025f65f6b2f93d8ed1efedc752acfd4bdbcec3e,0xf9167fd16e121d3e80aad7b029962a30bf3d4922126d0f165b3822853676e671
96,8,0.00119992,0xc21e2dc25f7ebcf2eaee88d6a558a60acb471ada,2017-11-01T18:04:00.000Z,0.00014999,0x1dbefb7fd039d77c46c8e5f1a355c6c921198054,sell,0x6025f65f6b2f93d8ed1efedc752acfd4bdbcec3e,0x49da11486952fdc8bb261740d9770db450a21d47bbce74987ac1067d8c59b260
97,1000,0.07,0xf6feba5084a812ba0a7eb824d1d2355611eb9d9f,2017-11-01T18:03:57.000Z,0.00007,0x2daf797758a4372812bc67d6d166b3a387dcfd78,sell,0x6025f65f6b2f93d8ed1efedc752acfd4bdbcec3e,0xc0e08185d94c2bd65a009fef2784663b769910c7b18d7e8359f8149f51cebeb0
98,8,0.00119992,0xc21e2dc25f7ebcf2eaee88d6a558a60acb471ada,2017-11-01T18:03:10.000Z,0.00014999,0x1dbefb7fd039d77c46c8e5f1a355c6c921198054,sell,0x6025f65f6b2f93d8ed1efedc752acfd4bdbcec3e,0xf26ea0c11c9256ce6a9c7be746cfa9f2cceb0ba876578f51e3d50950de836fb8
99,8,0.00111992,0xc21e2dc25f7ebcf2eaee88d6a558a60acb471ada,2017-11-01T18:02:32.000Z,0.00013999,0x1dbefb7fd039d77c46c8e5f1a355c6c921198054,sell,0x6025f65f6b2f93d8ed1efedc752acfd4bdbcec3e,0x06143a38b154030f2c46f03f3693f5ba8b6c755d0048554411bc54e964783f59
100,8,0.00127992,0xc21e2dc25f7ebcf2eaee88d6a558a60acb471ada,2017-11-01T18:02:32.000Z,0.00015999,0x1dbefb7fd039d77c46c8e5f1a355c6c921198054,sell,0x6025f65f6b2f93d8ed1efedc752acfd4bdbcec3e,0x598267827126a96c45e42f3f6e391995c4b6cdf75136ed033b29e33e36c45dbe
101,8,0.00111992,0xc21e2dc25f7ebcf2eaee88d6a558a60acb471ada,2017-11-01T18:02:32.000Z,0.00013999,0x1dbefb7fd039d77c46c8e5f1a355c6c921198054,sell,0x6025f65f6b2f93d8ed1efedc752acfd4bdbcec3e,0x24a5cd0bede09ae11637fdebd3641b27638409db20dc46c7f290f27f2dc0bc87
102,1000,0.1,0xe6465ac907376074fbe4b900d0ab806dbf14dbde,2017-11-01T18:01:59.000Z,0.0001,0x9f14a821f23039266839233cd27d09e1eba9b83c,buy,0x6025f65f6b2f93d8ed1efedc752acfd4bdbcec3e,0x957872ec66bb1722bcc9e67dee91110831feead40db2f564d2819077bd68803e
103,3000,0.228,0x3c4e6a67e36bb05c4487d2c9e5defa771650d402,2017-11-01T18:01:36.000Z,0.000076,0x2daf797758a4372812bc67d6d166b3a387dcfd78,sell,0x6025f65f6b2f93d8ed1efedc752acfd4bdbcec3e,0x121dcaf84e1171d6bdab5efeddff37ba1bc815f63c5995cd6bb8226d7fc99276
104,5614,0.426669614,0x5e4c8b04c9753ad2bcd2b5d82281b8546df27b50,2017-11-01T18:01:29.000Z,0.000076001,0x2daf797758a4372812bc67d6d166b3a387dcfd78,sell,0x6025f65f6b2f93d8ed1efedc752acfd4bdbcec3e,0x55076de794c3cad777d49f0c2106606cc4d3cef779364c2b572b028f2f4aa3a7
105,8,0.00135992,0xc21e2dc25f7ebcf2eaee88d6a558a60acb471ada,2017-11-01T18:00:51.000Z,0.00016999,0x2161ea28bf193f85eed28485ebd1e80cfd2c3cbe,sell,0x6025f65f6b2f93d8ed1efedc752acfd4bdbcec3e,0xcf3ec37589c13dc64beffb5e5d4264f8056987196badb27c4d933929be5ea0de
106,8,0.00127992,0xc21e2dc25f7ebcf2eaee88d6a558a60acb471ada,2017-11-01T18:00:51.000Z,0.00015999,0x1dbefb7fd039d77c46c8e5f1a355c6c921198054,sell,0x6025f65f6b2f93d8ed1efedc752acfd4bdbcec3e,0xfa2dfc730269304b78eca3f188178a19c952638e5a4ae9437f609bc490b6065e
107,8,0.00127992,0xc21e2dc25f7ebcf2eaee88d6a558a60acb471ada,2017-11-01T18:00:51.000Z,0.00015999,0x1dbefb7fd039d77c46c8e5f1a355c6c921198054,sell,0x6025f65f6b2f93d8ed1efedc752acfd4bdbcec3e,0x8948f7580ca698dc56187eb9b0307a0699d7cbc4eae1c80e5fdf1b0ece969a1c
108,8,0.00127992,0xc21e2dc25f7ebcf2eaee88d6a558a60acb471ada,2017-11-01T17:59:19.000Z,0.00015999,0x9f14a821f23039266839233cd27d09e1eba9b83c,sell,0x6025f65f6b2f93d8ed1efedc752acfd4bdbcec3e,0xd53fe46d395527b01ec246dd44b2125cf8354ba792b1c3860be68d0fa43f1f87
109,9.39669543367787,0.001033542530750229,0xc4337c118bbd48dfb9b575409e9f5828734f653f,2017-11-01T17:58:23.000Z,0.00010999,0xc21e2dc25f7ebcf2eaee88d6a558a60acb471ada,buy,0x6025f65f6b2f93d8ed1efedc752acfd4bdbcec3e,0xa306fe2c7336b57151a9b7b8130de5f19733b3d2cf9db9e174ee468500cb9b5f
110,8,0.0010736,0xc21e2dc25f7ebcf2eaee88d6a558a60acb471ada,2017-11-01T17:58:23.000Z,0.0001342,0x1567591981207815cbeefe0381f491000f5d302a,sell,0x6025f65f6b2f93d8ed1efedc752acfd4bdbcec3e,0xc6a3769c84aa248fa58cc567296372a131a27dcc90ae6591f51b1cdb7425e3f8
111,10,0.00163,0x68ca7fc4bfc3bb2a9cf6f45736dcadc2c427c5a0,2017-11-01T17:57:53.000Z,0.000163,0xcc6fed415553c4c680f8323980dd1e37b2d3c309,sell,0x6025f65f6b2f93d8ed1efedc752acfd4bdbcec3e,0xee4139b54f2829920ae5ddb63133009ab542ebd4775307a1f19e349b5235122e
112,8,0.0011536,0xc21e2dc25f7ebcf2eaee88d6a558a60acb471ada,2017-11-01T17:57:53.000Z,0.0001442,0x1567591981207815cbeefe0381f491000f5d302a,sell,0x6025f65f6b2f93d8ed1efedc752acfd4bdbcec3e,0xc480872a8db1f46d467b1e99c9dd4b4008b98ae2c07a369ffd8389e503f84484
113,3240,0.499608,0xc4337c118bbd48dfb9b575409e9f5828734f653f,2017-11-01T17:57:02.000Z,0.0001542,0x422d7c1f2f04e7582163d1381a436516f4de3c2a,sell,0x6025f65f6b2f93d8ed1efedc752acfd4bdbcec3e,0xc96daa12fdf5a0bf62d5e08409207e697d8fb406186d11d109c37fbe269ee094
114,3252.959999999999,0.3935691244799999,0x422d7c1f2f04e7582163d1381a436516f4de3c2a,2017-11-01T17:57:02.000Z,0.000120988,0xcc6fed415553c4c680f8323980dd1e37b2d3c309,buy,0x6025f65f6b2f93d8ed1efedc752acfd4bdbcec3e,0xc96daa12fdf5a0bf62d5e08409207e697d8fb406186d11d109c37fbe269ee094
115,10,0.00176,0x68ca7fc4bfc3bb2a9cf6f45736dcadc2c427c5a0,2017-11-01T17:56:22.000Z,0.000176,0x4a1ee0184f90b3673d76c12c89ff125449f4af63,sell,0x6025f65f6b2f93d8ed1efedc752acfd4bdbcec3e,0xd7d5f4bba9f548614c038e53a6e66ef238a8fef83f1623e6f1e3f1a8ff3450cf
116,10,0.00143,0x68ca7fc4bfc3bb2a9cf6f45736dcadc2c427c5a0,2017-11-01T17:56:22.000Z,0.000143,0x2161ea28bf193f85eed28485ebd1e80cfd2c3cbe,sell,0x6025f65f6b2f93d8ed1efedc752acfd4bdbcec3e,0x818e0927acd2d7dc26c3b720d2c1ddb253c9b24bacbaaa4e883d8ff0d31e41e5
117,8,0.0013936,0xc21e2dc25f7ebcf2eaee88d6a558a60acb471ada,2017-11-01T17:56:22.000Z,0.0001742,0x1dbefb7fd039d77c46c8e5f1a355c6c921198054,sell,0x6025f65f6b2f93d8ed1efedc752acfd4bdbcec3e,0x44891733e6fa7ff3bd3efee68d5581e2722df07fcd8159d791dbdde070071307
118,8,0.0012336,0xc21e2dc25f7ebcf2eaee88d6a558a60acb471ada,2017-11-01T17:54:11.000Z,0.0001542,0x2161ea28bf193f85eed28485ebd1e80cfd2c3cbe,sell,0x6025f65f6b2f93d8ed1efedc752acfd4bdbcec3e,0x407fc8e63c144cbbddf69b3671d67962c6708ac9a75b262bc5d4a12878694374
119,4386,0.333340386,0x5e4c8b04c9753ad2bcd2b5d82281b8546df27b50,2017-11-01T17:53:48.000Z,0.000076001,0xfe737759f9f7ec05535c1b092d3d5392577f9e12,sell,0x6025f65f6b2f93d8ed1efedc752acfd4bdbcec3e,0xce859923c118098ca9e43ac798976b5249b482667c22fc2d6daccd9a14f0e559
120,1000,0.119,0x1863a1ce2a91ed88ed221e122462b52c406846eb,2017-11-01T17:52:56.000Z,0.000119,0x9d3aeaca91a54a6b4588d2821ea105521ab0a4d3,buy,0x6025f65f6b2f93d8ed1efedc752acfd4bdbcec3e,0x825a1c4536abc893a526206889a439a5844be3f4a0219c3afe4ac610e95b014a
121,8,0.0011536,0xc21e2dc25f7ebcf2eaee88d6a558a60acb471ada,2017-11-01T17:52:23.000Z,0.0001442,0x2161ea28bf193f85eed28485ebd1e80cfd2c3cbe,sell,0x6025f65f6b2f93d8ed1efedc752acfd4bdbcec3e,0xfcc5df869b1a23409edb34a6836222b601075fd3ae038af062bf0df6454000c2
122,1000,0.12099,0x1dbefb7fd039d77c46c8e5f1a355c6c921198054,2017-11-01T17:52:23.000Z,0.00012099,0x179db9068c45e6617c13176c4c5082c9e5e347fc,buy,0x6025f65f6b2f93d8ed1efedc752acfd4bdbcec3e,0x8ba2b4463ed8d5a52af6a781ab1c9ac1bd87be6b0364dc7edf72c6dca2561928
123,8,0.0010767992,0xc21e2dc25f7ebcf2eaee88d6a558a60acb471ada,2017-11-01T17:52:23.000Z,0.0001345999,0xabdda95296bee3062ac3ded6bc2d68c29f691bbb,sell,0x6025f65f6b2f93d8ed1efedc752acfd4bdbcec3e,0x292bec071e8b88af7e3b92e1661dff7952185786c0fbdb952f8554479813ff88
124,347.8195972472636,0.04208617126691889,0xd8b50d899ca5ae70e95210520301b6a9ac0cd9e8,2017-11-01T17:52:09.000Z,0.000121,0x9d3aeaca91a54a6b4588d2821ea105521ab0a4d3,buy,0x6025f65f6b2f93d8ed1efedc752acfd4bdbcec3e,0x1e6591bc9f584fc904f35fcdcef7125ef96fe9ed2b2aa1f59cee41e416b44797
125,8,0.0012336,0xc21e2dc25f7ebcf2eaee88d6a558a60acb471ada,2017-11-01T17:52:09.000Z,0.0001542,0x2161ea28bf193f85eed28485ebd1e80cfd2c3cbe,sell,0x6025f65f6b2f93d8ed1efedc752acfd4bdbcec3e,0x5441bbcb94149694b4454ea7bf2fb01a45eab3dbaf627901066ed9e00a918ae0
126,5000,0.4,0x9f14a821f23039266839233cd27d09e1eba9b83c,2017-11-01T17:50:51.000Z,0.00008,0x2daf797758a4372812bc67d6d166b3a387dcfd78,sell,0x6025f65f6b2f93d8ed1efedc752acfd4bdbcec3e,0x1cb7f7e44ebdff8ead020fe9e364a02ed82e720ba84f1b4e1535bfee0ee3df85
127,8,0.001087992,0xc21e2dc25f7ebcf2eaee88d6a558a60acb471ada,2017-11-01T17:49:37.000Z,0.000135999,0xabdda95296bee3062ac3ded6bc2d68c29f691bbb,sell,0x6025f65f6b2f93d8ed1efedc752acfd4bdbcec3e,0x7fd7a76eb9090500101293ac3d8b546cd896fbfcbd1f61a4d61ac36275f7792f
128,8,0.001087992,0xc21e2dc25f7ebcf2eaee88d6a558a60acb471ada,2017-11-01T17:49:37.000Z,0.000135999,0xabdda95296bee3062ac3ded6bc2d68c29f691bbb,sell,0x6025f65f6b2f93d8ed1efedc752acfd4bdbcec3e,0xf9686a0c3eb7dcc7d10dc2a1eb8243c30840219129532b7807e3cc5265855053
129,1000,0.12,0x9f14a821f23039266839233cd27d09e1eba9b83c,2017-11-01T17:48:41.000Z,0.00012,0x9d3aeaca91a54a6b4588d2821ea105521ab0a4d3,buy,0x6025f65f6b2f93d8ed1efedc752acfd4bdbcec3e,0xd0cd5220028af681b276f9e76627127f3a16bffb0b5593467fccfdf89b6c78a6
130,26.47727272727272,0.003203723522727272,0x273a5d3e6721b9f5c1a6474f560c1334c63dda01,2017-11-01T17:48:18.000Z,0.000120999,0x1567591981207815cbeefe0381f491000f5d302a,buy,0x6025f65f6b2f93d8ed1efedc752acfd4bdbcec3e,0x3984205b4b33102abb16031034a790963d09b742a9b5e7ae7b80e060b8882703
131,26.39784090909091,0.00464602,0x8bf746fa0d5aec52a77941a4c7e16c6167917dd9,2017-11-01T17:48:18.000Z,0.000176,0x273a5d3e6721b9f5c1a6474f560c1334c63dda01,sell,0x6025f65f6b2f93d8ed1efedc752acfd4bdbcec3e,0x3984205b4b33102abb16031034a790963d09b742a9b5e7ae7b80e060b8882703
132,8,0.001167992,0xc21e2dc25f7ebcf2eaee88d6a558a60acb471ada,2017-11-01T17:48:08.000Z,0.000145999,0xabdda95296bee3062ac3ded6bc2d68c29f691bbb,sell,0x6025f65f6b2f93d8ed1efedc752acfd4bdbcec3e,0x8a46d6d2815e478a81278741c44e279b40b76b0fc19bd59de3455b6369e0f940
133,8,0.001087992,0xc21e2dc25f7ebcf2eaee88d6a558a60acb471ada,2017-11-01T17:48:08.000Z,0.000135999,0xabdda95296bee3062ac3ded6bc2d68c29f691bbb,sell,0x6025f65f6b2f93d8ed1efedc752acfd4bdbcec3e,0xe0396a073f00ca4e22d6473cf7a026dd14094aee891d3863798a4e7857e1924f
134,1246.25,0.21934,0x8bf746fa0d5aec52a77941a4c7e16c6167917dd9,2017-11-01T17:47:57.000Z,0.000176,0x273a5d3e6721b9f5c1a6474f560c1334c63dda01,sell,0x6025f65f6b2f93d8ed1efedc752acfd4bdbcec3e,0xab8dfac7552958165c27298d96c6d1c9e134c541f39715f42500bc14b079d381
135,1250,0.15236,0x273a5d3e6721b9f5c1a6474f560c1334c63dda01,2017-11-01T17:47:57.000Z,0.000121888,0xc21e2dc25f7ebcf2eaee88d6a558a60acb471ada,buy,0x6025f65f6b2f93d8ed1efedc752acfd4bdbcec3e,0xab8dfac7552958165c27298d96c6d1c9e134c541f39715f42500bc14b079d381
136,8,0.001167992,0xc21e2dc25f7ebcf2eaee88d6a558a60acb471ada,2017-11-01T17:47:33.000Z,0.000145999,0xabdda95296bee3062ac3ded6bc2d68c29f691bbb,sell,0x6025f65f6b2f93d8ed1efedc752acfd4bdbcec3e,0x4d6e77f8c1ad30ab1aa09c763353f9483a5c056111a756b80a9976851d8cde67
137,2500,0.2025,0x179db9068c45e6617c13176c4c5082c9e5e347fc,2017-11-01T17:47:09.000Z,0.000081,0x2daf797758a4372812bc67d6d166b3a387dcfd78,sell,0x6025f65f6b2f93d8ed1efedc752acfd4bdbcec3e,0x8ec7d3a3b6bb5e9915d4ba48cae75b492b07769288861900d19c5e8bbdfa5657
138,10000,0.8101,0x5e4c8b04c9753ad2bcd2b5d82281b8546df27b50,2017-11-01T17:46:59.000Z,0.00008101,0x2daf797758a4372812bc67d6d166b3a387dcfd78,sell,0x6025f65f6b2f93d8ed1efedc752acfd4bdbcec3e,0xcf3aad331d39907ebc973d1ddd78d841f9fe774ef42b0fd6971e0bf5378de8f2
139,8,0.001167992,0xc21e2dc25f7ebcf2eaee88d6a558a60acb471ada,2017-11-01T17:46:25.000Z,0.000145999,0xabdda95296bee3062ac3ded6bc2d68c29f691bbb,sell,0x6025f65f6b2f93d8ed1efedc752acfd4bdbcec3e,0x8ca09271d7d9634b5af71a65a17ec3fd8607b1d962f8ea7a5f1600edd2401d49
140,8,0.001167992,0xc21e2dc25f7ebcf2eaee88d6a558a60acb471ada,2017-11-01T17:46:25.000Z,0.000145999,0xabdda95296bee3062ac3ded6bc2d68c29f691bbb,sell,0x6025f65f6b2f93d8ed1efedc752acfd4bdbcec3e,0x44099399fe39e3cb6b36249b7506781254885b0df336dea25647a2308fa868f6
141,8,0.001247992,0xc21e2dc25f7ebcf2eaee88d6a558a60acb471ada,2017-11-01T17:46:01.000Z,0.000155999,0xabdda95296bee3062ac3ded6bc2d68c29f691bbb,sell,0x6025f65f6b2f93d8ed1efedc752acfd4bdbcec3e,0xc80944e412da57145738412ac994e702f88e47395ce090bc5b2884c0d72f906f
142,3000,0.371997,0x1dbefb7fd039d77c46c8e5f1a355c6c921198054,2017-11-01T17:46:01.000Z,0.000123999,0xc21e2dc25f7ebcf2eaee88d6a558a60acb471ada,buy,0x6025f65f6b2f93d8ed1efedc752acfd4bdbcec3e,0x5e095838d3f340231d8a241dd8a17a52a08ea76070fdf6aca4abc22a2ed544c4
143,1000,0.123999,0xe6465ac907376074fbe4b900d0ab806dbf14dbde,2017-11-01T17:46:01.000Z,0.000123999,0xc21e2dc25f7ebcf2eaee88d6a558a60acb471ada,buy,0x6025f65f6b2f93d8ed1efedc752acfd4bdbcec3e,0x33f152501cf18d667edcb20cd73e87333ded56edda5ac252980c5c099d482640
144,8,0.001407992,0xc21e2dc25f7ebcf2eaee88d6a558a60acb471ada,2017-11-01T17:45:33.000Z,0.000175999,0xabdda95296bee3062ac3ded6bc2d68c29f691bbb,sell,0x6025f65f6b2f93d8ed1efedc752acfd4bdbcec3e,0xc06fb4b26bc81922ad0222604a75922d4b8cdff6d1123d2eb546509eee95666f
145,1000,0.123999,0xd237b2548226e703974390d86c6fb79d1f6025d9,2017-11-01T17:45:27.000Z,0.000123999,0xc21e2dc25f7ebcf2eaee88d6a558a60acb471ada,buy,0x6025f65f6b2f93d8ed1efedc752acfd4bdbcec3e,0x5ff4b63fa187f952e8c3af21a634c830fe8c6784ae073d407cba9ead9cd3c704
146,4060.016952311321,0.5034380420696515,0x0f708bb6340efe1ae0a69cea648a31ed46e64f15,2017-11-01T17:45:27.000Z,0.000123999,0xc21e2dc25f7ebcf2eaee88d6a558a60acb471ada,buy,0x6025f65f6b2f93d8ed1efedc752acfd4bdbcec3e,0x82bc064359af7ecc0e94e519efe241ef260e782e87d4e90fa2502acd939aa12e
147,326.70560429183416,0.041818317349354775,0x59b5a04c039e46a46d435f1282193416d78b8f98,2017-11-01T17:44:23.000Z,0.000128,0x9d3aeaca91a54a6b4588d2821ea105521ab0a4d3,buy,0x6025f65f6b2f93d8ed1efedc752acfd4bdbcec3e,0xb90e6fc33f91a6bc48c3dc16c4ca0ccb1ef5d1f659dd3cc66f7b0a88cd21aaa7
148,8,0.001407992,0xc21e2dc25f7ebcf2eaee88d6a558a60acb471ada,2017-11-01T17:44:23.000Z,0.000175999,0xabdda95296bee3062ac3ded6bc2d68c29f691bbb,sell,0x6025f65f6b2f93d8ed1efedc752acfd4bdbcec3e,0x11037bdbe23c0f51f1b093758b755e6666c814349ad29547d4c86b1616406a5d
149,1000,0.124,0x0f708bb6340efe1ae0a69cea648a31ed46e64f15,2017-11-01T17:44:23.000Z,0.000124,0x9d3aeaca91a54a6b4588d2821ea105521ab0a4d3,buy,0x6025f65f6b2f93d8ed1efedc752acfd4bdbcec3e,0xce8c28589c3263f0187fc68c3857b5ab51da3128519a3e4bbb414249cfbb6a29
150,700.428,0.093156223572,0x9e3b09384abeb8b965c3f8eb4a3ac3847836b031,2017-11-01T17:44:14.000Z,0.000132999,0xcc6fed415553c4c680f8323980dd1e37b2d3c309,buy,0x6025f65f6b2f93d8ed1efedc752acfd4bdbcec3e,0x18c129bbf3ae423a6bf923aec1dbaea212d58d05d4402dd4f916be670edae0dc
151,8,0.001327992,0xc21e2dc25f7ebcf2eaee88d6a558a60acb471ada,2017-11-01T17:44:14.000Z,0.000165999,0xabdda95296bee3062ac3ded6bc2d68c29f691bbb,sell,0x6025f65f6b2f93d8ed1efedc752acfd4bdbcec3e,0xca9854cd43bd4218d2d6d29241b38a62f949abef7b2b19cea06e7868a818312a
152,4000,0.5,0x0f708bb6340efe1ae0a69cea648a31ed46e64f15,2017-11-01T17:44:14.000Z,0.000125,0xfe737759f9f7ec05535c1b092d3d5392577f9e12,buy,0x6025f65f6b2f93d8ed1efedc752acfd4bdbcec3e,0x507644476a36adcccdd6bc0ca8d9e6aa1927c508c14329d4e831efb2eaab4cc4
153,600,0.078,0xa273ed9670fcbc3c1b9fe5b483f193501512f062,2017-11-01T17:43:45.000Z,0.00013,0x9d3aeaca91a54a6b4588d2821ea105521ab0a4d3,sell,0x6025f65f6b2f93d8ed1efedc752acfd4bdbcec3e,0x0056b44943bbc9728526216fce20c4c5e512a3cc18a6c5b55f5b9edc5bdc6047
154,8,0.001327992,0xc21e2dc25f7ebcf2eaee88d6a558a60acb471ada,2017-11-01T17:41:51.000Z,0.000165999,0xabdda95296bee3062ac3ded6bc2d68c29f691bbb,sell,0x6025f65f6b2f93d8ed1efedc752acfd4bdbcec3e,0x9a17dfa269032194338a815319dc792113c41e3028ce1b61b78fbe3f8989fed0
155,8,0.001327992,0xc21e2dc25f7ebcf2eaee88d6a558a60acb471ada,2017-11-01T17:41:51.000Z,0.000165999,0x179db9068c45e6617c13176c4c5082c9e5e347fc,sell,0x6025f65f6b2f93d8ed1efedc752acfd4bdbcec3e,0xc51be4e6a5ba06c28e6ecd17eb7ded4ea5445cae26c5ede620fcdb031d3f2b86
156,6452.79,0.83240991,0x1d8a54cca8c998af9ed83d5c4b548229e9336c8d,2017-11-01T17:41:12.000Z,0.000129,0x967e5a1610575e15ea2b27822ac32dbeaee098dd,buy,0x6025f65f6b2f93d8ed1efedc752acfd4bdbcec3e,0x7215e166765c1bc89fdeaa431e81937856c334a64d40b387d3356c23fbabde32
157,10,0.00135999,0xc21e2dc25f7ebcf2eaee88d6a558a60acb471ada,2017-11-01T17:41:12.000Z,0.000135999,0xabdda95296bee3062ac3ded6bc2d68c29f691bbb,sell,0x6025f65f6b2f93d8ed1efedc752acfd4bdbcec3e,0x74c834c179ec85f3f9ee56bda5316100e36d69237d542c92ee6fe443b9a36b50
158,10,0.00145999,0xc21e2dc25f7ebcf2eaee88d6a558a60acb471ada,2017-11-01T17:40:38.000Z,0.000145999,0xabdda95296bee3062ac3ded6bc2d68c29f691bbb,sell,0x6025f65f6b2f93d8ed1efedc752acfd4bdbcec3e,0x48b9d402791352c23b13f1f4bd76518dcc23eb8dae9ca3b4cfbc8175e9fe6b0d
159,485,0.242015,0x9bf4b5571b0e5a3bd23ebf2255493a2dbc20138b,2017-11-01T17:40:38.000Z,0.000499,0xb47959d3b0b0436be20c0fb8004a97028ca9af43,buy,0x6025f65f6b2f93d8ed1efedc752acfd4bdbcec3e,0xe6c122943bdb53cfc3f21b03943d653c1f0179c30be3f0ef5d6860f6a7a12ec8
160,10,0.00145999,0xc21e2dc25f7ebcf2eaee88d6a558a60acb471ada,2017-11-01T17:40:22.000Z,0.000145999,0xabdda95296bee3062ac3ded6bc2d68c29f691bbb,sell,0x6025f65f6b2f93d8ed1efedc752acfd4bdbcec3e,0x961935a1441468b456e865574e4ccf76d99b04bb1b9543f205d32020c05da278
161,2000,0.24,0x1d8a54cca8c998af9ed83d5c4b548229e9336c8d,2017-11-01T17:39:50.000Z,0.00012,0x9f14a821f23039266839233cd27d09e1eba9b83c,buy,0x6025f65f6b2f93d8ed1efedc752acfd4bdbcec3e,0x7a464443d71aa1792e04489710fff4d62d610cea6b0b61a1039ce3fff66fb418
162,8,0.001327992,0xc21e2dc25f7ebcf2eaee88d6a558a60acb471ada,2017-11-01T17:39:40.000Z,0.000165999,0x1567591981207815cbeefe0381f491000f5d302a,sell,0x6025f65f6b2f93d8ed1efedc752acfd4bdbcec3e,0x532033578f9b81ae04e4188c59e3c0cbbf60758f952d1e71e255d4b9e031d886
163,1440.876,0.15849636,0x2161ea28bf193f85eed28485ebd1e80cfd2c3cbe,2017-11-01T17:39:25.000Z,0.00011,0x967e5a1610575e15ea2b27822ac32dbeaee098dd,sell,0x6025f65f6b2f93d8ed1efedc752acfd4bdbcec3e,0xf94e436aaed3071a01d104ce998b10ff1120360eaeecc75acb2338a7090440f1
164,10,0.0013444,0xc21e2dc25f7ebcf2eaee88d6a558a60acb471ada,2017-11-01T17:39:25.000Z,0.00013444,0x179db9068c45e6617c13176c4c5082c9e5e347fc,sell,0x6025f65f6b2f93d8ed1efedc752acfd4bdbcec3e,0xc995233b7e4df5fe7a407f6e36c6f4e74f049a332c825c2d77bfa7ed1758818f
165,10,0.0013444,0xc21e2dc25f7ebcf2eaee88d6a558a60acb471ada,2017-11-01T17:38:40.000Z,0.00013444,0x179db9068c45e6617c13176c4c5082c9e5e347fc,sell,0x6025f65f6b2f93d8ed1efedc752acfd4bdbcec3e,0xf0871ba37cdc1406e84e7431fae587729e91384d3231ee70f311f6b85374fbe0
166,1000,0.12,0x273a5d3e6721b9f5c1a6474f560c1334c63dda01,2017-11-01T17:38:40.000Z,0.00012,0x9f14a821f23039266839233cd27d09e1eba9b83c,buy,0x6025f65f6b2f93d8ed1efedc752acfd4bdbcec3e,0x99ae1632e18496d575912f86060b5c4a3f89690a2e875ffa0c2a95c1517c2edb
167,997,0.134595,0x5079bc1b774e1056ea5563286705a58e551c4cde,2017-11-01T17:38:40.000Z,0.000135,0x273a5d3e6721b9f5c1a6474f560c1334c63dda01,sell,0x6025f65f6b2f93d8ed1efedc752acfd4bdbcec3e,0x99ae1632e18496d575912f86060b5c4a3f89690a2e875ffa0c2a95c1517c2edb
168,8,0.001327992,0xc21e2dc25f7ebcf2eaee88d6a558a60acb471ada,2017-11-01T17:38:12.000Z,0.000165999,0x179db9068c45e6617c13176c4c5082c9e5e347fc,sell,0x6025f65f6b2f93d8ed1efedc752acfd4bdbcec3e,0x9eda0751b2db8f3883e750948e41d94c65af575d3a30817a6954e890791b1008
169,0.001,0.00000059876,0xc21e2dc25f7ebcf2eaee88d6a558a60acb471ada,2017-11-01T17:36:42.000Z,0.00059876,0xc21e2dc25f7ebcf2eaee88d6a558a60acb471ada,buy,0x6025f65f6b2f93d8ed1efedc752acfd4bdbcec3e,0x41c75efd1302647553c223bfcfe55cfd71d6d0c63f096901168c09d24d80cd97
170,8,0.001327992,0xc21e2dc25f7ebcf2eaee88d6a558a60acb471ada,2017-11-01T17:36:08.000Z,0.000165999,0x4a1ee0184f90b3673d76c12c89ff125449f4af63,sell,0x6025f65f6b2f93d8ed1efedc752acfd4bdbcec3e,0x9ac97d7622daf8a3aad582e4e3be40c31e2075fa083068af4b60c23f77791d49
171,2000,0.262,0x273a5d3e6721b9f5c1a6474f560c1334c63dda01,2017-11-01T17:35:54.000Z,0.000131,0x967e5a1610575e15ea2b27822ac32dbeaee098dd,buy,0x6025f65f6b2f93d8ed1efedc752acfd4bdbcec3e,0x7545e0758969f20749d1ca3aa3ef2fa0c273c5e39eb45e88f7b5b79ea02a22b2
172,1994,0.265202,0xd85a83108b781f3ced41e40588d9e5a5f3a27188,2017-11-01T17:35:54.000Z,0.000133,0x273a5d3e6721b9f5c1a6474f560c1334c63dda01,sell,0x6025f65f6b2f93d8ed1efedc752acfd4bdbcec3e,0x7545e0758969f20749d1ca3aa3ef2fa0c273c5e39eb45e88f7b5b79ea02a22b2
173,10000,1.349,0xf382c75c7edaf46a12b918128174cbf83a08f0d3,2017-11-01T17:35:37.000Z,0.0001349,0xcc6fed415553c4c680f8323980dd1e37b2d3c309,buy,0x6025f65f6b2f93d8ed1efedc752acfd4bdbcec3e,0xa7c127bb3929d8406faa732c161de8ce8b5490fd960ec38fd4fb1afae93f715a
174,740,0.0998852,0x50923479a9634c1f2c74a4b87ece58c8caf8dfb9,2017-11-01T17:34:14.000Z,0.00013498,0x6b5d6262b03237df86e6ebace74c1e17a5b1a191,sell,0x6025f65f6b2f93d8ed1efedc752acfd4bdbcec3e,0xb0e2c9a9649a2803d36a1ffdc793e6e2d82fe6732959e4a29326d6d7faad82c6
175,3700,0.499426,0xabdda95296bee3062ac3ded6bc2d68c29f691bbb,2017-11-01T17:31:47.000Z,0.00013498,0x2daf797758a4372812bc67d6d166b3a387dcfd78,buy,0x6025f65f6b2f93d8ed1efedc752acfd4bdbcec3e,0xf6d029211b8c429fce23ea3003fd0de07d9bd07b3e5fbec96fd999c36b0b12c6
176,89.05351415423232,0.012020443340538279,0x00965498ad146825b0d04554a85825055feed354,2017-11-01T17:31:47.000Z,0.00013498,0x2daf797758a4372812bc67d6d166b3a387dcfd78,buy,0x6025f65f6b2f93d8ed1efedc752acfd4bdbcec3e,0xde53fc7d0b9cac879a5e0db87eb6641597965c651e46c0765156112ba7eace90
177,1000,0.13498,0x1567591981207815cbeefe0381f491000f5d302a,2017-11-01T17:30:30.000Z,0.00013498,0x2daf797758a4372812bc67d6d166b3a387dcfd78,buy,0x6025f65f6b2f93d8ed1efedc752acfd4bdbcec3e,0xd8ba9f573bb59e8a56a558942fd3c0eda8b2f8af7b918ccb41c3253c71bf97df
178,369,0.04981131,0xcb20cfcd83997bdb2fe5d75b7c5a4d075171bec6,2017-11-01T17:30:04.000Z,0.00013499,0x42bf324c66fac47a7bd1afc2ecb588cd0cfa465a,buy,0x6025f65f6b2f93d8ed1efedc752acfd4bdbcec3e,0x74413c60ff631d4cb9ef3f86837e0b6e545571c0f70ff6331d1ef91fa7df4c52
179,2750,0.37125,0xfdbfe837205f397a51d9f003aa2f21c6f1014eb4,2017-11-01T17:29:19.000Z,0.000135,0x6348883dbbedd9d647504fb40f1ee55f715a9507,buy,0x6025f65f6b2f93d8ed1efedc752acfd4bdbcec3e,0xe7a65b1c1c9175e8590efc3b5d80b4e8795d460320e68f0861f22bfd89c08d80
180,4300,0.580414,0xfe737759f9f7ec05535c1b092d3d5392577f9e12,2017-11-01T17:29:19.000Z,0.00013498,0x2daf797758a4372812bc67d6d166b3a387dcfd78,buy,0x6025f65f6b2f93d8ed1efedc752acfd4bdbcec3e,0x3c8d3c2bd8ec6568de30456acd0ed54f360ad9f17803ef708ddef20defac203e
181,548.2202496684445,0.07400425150274331,0x4a1ee0184f90b3673d76c12c89ff125449f4af63,2017-11-01T17:28:39.000Z,0.00013499,0x42bf324c66fac47a7bd1afc2ecb588cd0cfa465a,buy,0x6025f65f6b2f93d8ed1efedc752acfd4bdbcec3e,0x995129175e0611891dc196a933bfcb815cf94cbc943cde48a41da5b4c6d7cf8e
182,2000,0.24996,0x68ca7fc4bfc3bb2a9cf6f45736dcadc2c427c5a0,2017-11-01T17:27:06.000Z,0.00012498,0xf6feba5084a812ba0a7eb824d1d2355611eb9d9f,buy,0x6025f65f6b2f93d8ed1efedc752acfd4bdbcec3e,0xe26bb02989c9310741009412223a125fa1cb641a5251ea23cb2231a4bbf93bb4
183,5143.818,0.6427200591,0x68ca7fc4bfc3bb2a9cf6f45736dcadc2c427c5a0,2017-11-01T17:27:06.000Z,0.00012495,0x90b62b836e863840af67a32e7370245563032538,buy,0x6025f65f6b2f93d8ed1efedc752acfd4bdbcec3e,0x37889a18488bcd8d203d1d2612f175f932f4a360e9dc1155be57cc5b248cc7d1
184,10000,1.25,0x68ca7fc4bfc3bb2a9cf6f45736dcadc2c427c5a0,2017-11-01T17:26:04.000Z,0.000125,0x0e2fcafe0a0da19f14c57b875a96868e79977c47,buy,0x6025f65f6b2f93d8ed1efedc752acfd4bdbcec3e,0x17e173d26e62e229f9476b7210ce0ff623a1aa3a5600497e6620e1e1b77d4fe1
185,4100,0.512295,0xfe737759f9f7ec05535c1b092d3d5392577f9e12,2017-11-01T17:25:55.000Z,0.00012495,0x90b62b836e863840af67a32e7370245563032538,buy,0x6025f65f6b2f93d8ed1efedc752acfd4bdbcec3e,0x6860d91ede57ffe17aa35e195e0fa94a8adeec75663c30dccb83e770b3a0872a
186,718.1416607780656,0.08973180051421929,0xd6059aa323a6a3590394fef14b870ff44811c0ff,2017-11-01T17:25:36.000Z,0.00012495,0x90b62b836e863840af67a32e7370245563032538,buy,0x6025f65f6b2f93d8ed1efedc752acfd4bdbcec3e,0xa9d431739b2531bb572161daceb2ce0c8a37c1fbac4ca1f101ede94c0ff10827
187,5011,0.616353,0x2161ea28bf193f85eed28485ebd1e80cfd2c3cbe,2017-11-01T17:24:24.000Z,0.000123,0xb38bc467ab6d5ff0dd261828682eaa169feacb80,buy,0x6025f65f6b2f93d8ed1efedc752acfd4bdbcec3e,0xc87a46e30b2653e2c720f31f9923bb833b23957a6318af755418176c1024549f
188,145.572,0.01746864,0x2161ea28bf193f85eed28485ebd1e80cfd2c3cbe,2017-11-01T17:24:02.000Z,0.00012,0x0e2fcafe0a0da19f14c57b875a96868e79977c47,buy,0x6025f65f6b2f93d8ed1efedc752acfd4bdbcec3e,0xfdb879cd36048aa858e3d2191529c842f38970aa47f2a615637770bb9fe9322a
189,200,0.024,0x380b2791da751b9c48cb209cbcfd2df1d7853458,2017-11-01T17:22:56.000Z,0.00012,0x0e2fcafe0a0da19f14c57b875a96868e79977c47,buy,0x6025f65f6b2f93d8ed1efedc752acfd4bdbcec3e,0x4a29d8ae8307d67eea8d2823489216e6875db04e4a63f70650df1c049df8767a
190,5000,0.615,0x75768239a714dcf95fb1ef6797df67cb55f9bf5f,2017-11-01T17:22:56.000Z,0.000123,0xb38bc467ab6d5ff0dd261828682eaa169feacb80,buy,0x6025f65f6b2f93d8ed1efedc752acfd4bdbcec3e,0x1ecbef7490a3517db17181fc82e5ff997aa80b2e9bf789a89dcd3cfd49448d8e
191,3000,0.36,0x75768239a714dcf95fb1ef6797df67cb55f9bf5f,2017-11-01T17:22:11.000Z,0.00012,0x0e2fcafe0a0da19f14c57b875a96868e79977c47,buy,0x6025f65f6b2f93d8ed1efedc752acfd4bdbcec3e,0xf6c9af3f561a331e85a47d95c1b56bc12b0ab2e79b228a507da9446ddd1fe41d
192,16654.427867059632,1.9985313440471557,0xcc6fed415553c4c680f8323980dd1e37b2d3c309,2017-11-01T17:22:11.000Z,0.00012,0x0e2fcafe0a0da19f14c57b875a96868e79977c47,buy,0x6025f65f6b2f93d8ed1efedc752acfd4bdbcec3e,0x1f16f721d258f732cbd6b662545b5063743f204d55c0a64a0c7cf96bf08b9d61
193,1850,0.205165,0x2161ea28bf193f85eed28485ebd1e80cfd2c3cbe,2017-11-01T17:21:47.000Z,0.0001109,0x6b5d6262b03237df86e6ebace74c1e17a5b1a191,buy,0x6025f65f6b2f93d8ed1efedc752acfd4bdbcec3e,0xa3c9262000773d9080c6d753a384900075a3d14248c5108be6a3dae0a6b8019e
194,1850,0.205165,0x2161ea28bf193f85eed28485ebd1e80cfd2c3cbe,2017-11-01T17:21:15.000Z,0.0001109,0x6b5d6262b03237df86e6ebace74c1e17a5b1a191,buy,0x6025f65f6b2f93d8ed1efedc752acfd4bdbcec3e,0xa3c9262000773d9080c6d753a384900075a3d14248c5108be6a3dae0a6b8019e
195,150,0.016635,0x97c5c53f8acac416f87a884f6f923ae063ebaacd,2017-11-01T17:18:33.000Z,0.0001109,0x6b5d6262b03237df86e6ebace74c1e17a5b1a191,buy,0x6025f65f6b2f93d8ed1efedc752acfd4bdbcec3e,0x1d5631c66e9c5fd8eb9c91e870487d34b302f40c2a819c68252b2810a2d2f9ba
196,3000,0.33,0x9f14a821f23039266839233cd27d09e1eba9b83c,2017-11-01T17:15:43.000Z,0.00011,0x3c4e6a67e36bb05c4487d2c9e5defa771650d402,buy,0x6025f65f6b2f93d8ed1efedc752acfd4bdbcec3e,0x7af548a96a0b88169811e9b6b68bbd97763ab1a4701500da6029df0be672a40d
197,3452,0.37966822,0x76be6d6ad321c7391f5736db90f4f76b8de74022,2017-11-01T17:13:16.000Z,0.000109985,0x6f7a96b8827bc9cd936d75faa904c9c036cfef64,buy,0x6025f65f6b2f93d8ed1efedc752acfd4bdbcec3e,0xf9372cba8c5bf38d423014baabd61ad7c1496ea1121ed05046160a9463cb303e
198,7100,0.639,0x97e89387a41b15f74d08ed1f162c75e1a6d2fc37,2017-11-01T16:53:42.000Z,0.00009,0x9288f40797ab4f303460de67a4e8d981a5f270cf,buy,0x6025f65f6b2f93d8ed1efedc752acfd4bdbcec3e,0xc21218fdf7d3f3d4ca29a8dfa1e0640134eec1b471cb4e724d425b4817436174
199,9897.988923997655,0.7918391139198124,0x967e5a1610575e15ea2b27822ac32dbeaee098dd,2017-11-01T16:31:38.000Z,0.00008,0x97e89387a41b15f74d08ed1f162c75e1a6d2fc37,buy,0x6025f65f6b2f93d8ed1efedc752acfd4bdbcec3e,0x4f7d8128cd31c85cc345114939580f0f8b80e9efa0967953d71056804c7089c2
200,9897.988923997655,0.7918391139198124,0x967e5a1610575e15ea2b27822ac32dbeaee098dd,2017-11-01T16:31:32.000Z,0.00008,0x97e89387a41b15f74d08ed1f162c75e1a6d2fc37,buy,0x6025f65f6b2f93d8ed1efedc752acfd4bdbcec3e,0x4f7d8128cd31c85cc345114939580f0f8b80e9efa0967953d71056804c7089c2
201,102.01107600234506,0.008160886080187606,0x4dfbbf6972005c51b23b626c8597c24012a5914e,2017-11-01T16:29:59.000Z,0.00008,0x97e89387a41b15f74d08ed1f162c75e1a6d2fc37,buy,0x6025f65f6b2f93d8ed1efedc752acfd4bdbcec3e,0x5b45c9ce409332626d9121b32fc43d0c49f37172ca342468da9da86bd61ed995
202,269.054,0.01883378,0xdbf291e4e90486552c952fe6c1b2179c5aae9127,2017-11-01T16:14:57.000Z,0.00007,0x1dfb9ec6ddc2119baaa1070f4204e5bdc0380671,buy,0x6025f65f6b2f93d8ed1efedc752acfd4bdbcec3e,0x0fe67b9cc8fa096ae73da044ac36fbef40c1e745a350c8bc33777091f94c565b
203,10000,0.69,0x97e89387a41b15f74d08ed1f162c75e1a6d2fc37,2017-11-01T16:02:28.000Z,0.000069,0x97e89387a41b15f74d08ed1f162c75e1a6d2fc37,buy,0x6025f65f6b2f93d8ed1efedc752acfd4bdbcec3e,0x1b30926aaa43e52b87353f6066475822021f5b0595ac13027c109f44c45218c1
204,1600,0.112016,0x21c159442709bffe85de00ee37a95faf07ea9289,2017-11-01T13:23:47.000Z,0.00007001,0x1692cf1396192961e5bc4fb2848d7234e1f4c864,sell,0x6025f65f6b2f93d8ed1efedc752acfd4bdbcec3e,0xc548c4b45e1a43092549c64852ea3cd117a14952a7d7dd15154d06b432169262
205,5982.053779041079,0.44865403342808097,0x0e2fcafe0a0da19f14c57b875a96868e79977c47,2017-11-01T09:50:46.000Z,0.000075,0x5e06bf9cacbeeb55d8739332b73a786a8286103a,sell,0x6025f65f6b2f93d8ed1efedc752acfd4bdbcec3e,0x27ce09bdf69e85a413040d99a815ba6bf055aef3d5a350aca96d2381f22058b1
206,5981.457561066989,0.4486093170800242,0x0e2fcafe0a0da19f14c57b875a96868e79977c47,2017-11-01T09:17:16.000Z,0.000075,0x5e06bf9cacbeeb55d8739332b73a786a8286103a,sell,0x6025f65f6b2f93d8ed1efedc752acfd4bdbcec3e,0x3d551c22d16825de6aa108585a57ff03558746e5ef2bd00c9cda2415485e2d6a
207,25000,3,0xdcbee69e508c35b34e86000042a849897eaf42ef,2017-11-01T04:51:15.000Z,0.00012,0x9288f40797ab4f303460de67a4e8d981a5f270cf,buy,0x6025f65f6b2f93d8ed1efedc752acfd4bdbcec3e,0xa038acad0d95aa8f0f74bfbf7b7a4f0781f2c12c861d7dc80bea3afd7f585374
208,3451.79969095803,0.2285091395414216,0x6f7a96b8827bc9cd936d75faa904c9c036cfef64,2017-11-01T04:44:31.000Z,0.0000662,0x0fd1035b4135c1747133e3c8ede600b5c3ff5485,sell,0x6025f65f6b2f93d8ed1efedc752acfd4bdbcec3e,0x169130ed28cf963ee6bfa98856402204966108984267d4174b6bc8e44a13e7dd
209,2529.91,0.2023928,0xa1dc29270c60dd37d64643d20151b7ee1806b776,2017-11-01T04:38:09.000Z,0.00008,0x0fd1035b4135c1747133e3c8ede600b5c3ff5485,sell,0x6025f65f6b2f93d8ed1efedc752acfd4bdbcec3e,0x794ba8c1aa0608ff6cf046c1ed563a2bb50b5804c9d1f00055da70eab20dd9c6
210,0.993828711296049,0.000079506296903683,0xa1dc29270c60dd37d64643d20151b7ee1806b776,2017-11-01T04:35:04.000Z,0.00007999999999999907,0xcc6986f999dd7a192602409df868f3be86c4689d,sell,0x6025f65f6b2f93d8ed1efedc752acfd4bdbcec3e,0x77d38c4e664a99a65c5f970a9a8e363e63e94609d5915894192adcc29435bae9
211,9969.095803010667,0.7975276642408533,0xa1dc29270c60dd37d64643d20151b7ee1806b776,2017-11-01T04:26:59.000Z,0.00007999999999999999,0xcc6986f999dd7a192602409df868f3be86c4689d,sell,0x6025f65f6b2f93d8ed1efedc752acfd4bdbcec3e,0x59f5ed4b81a5c6f65417b7c2c31c6b381b254553bdedcc613e4ab83fcab2dbdc
212,22000,2.97,0x9288f40797ab4f303460de67a4e8d981a5f270cf,2017-11-01T02:02:11.000Z,0.000135,0xdcbee69e508c35b34e86000042a849897eaf42ef,buy,0x6025f65f6b2f93d8ed1efedc752acfd4bdbcec3e,0x4441e7dd6114649da9e724b912c2ddcdee4115fa354c8052806e13227d3473a0
213,10000,1.39,0x9288f40797ab4f303460de67a4e8d981a5f270cf,2017-11-01T01:03:12.000Z,0.000139,0x9288f40797ab4f303460de67a4e8d981a5f270cf,buy,0x6025f65f6b2f93d8ed1efedc752acfd4bdbcec3e,0x4fd490829c6d5f2d19d255fa0228e0d76adf7c13b65ce11f02fd0df4735d02ac
214,2.7090194994768555,0.000173648149916466,0x2daf797758a4372812bc67d6d166b3a387dcfd78,2017-10-31T23:59:52.000Z,0.00006409999999999984,0xd64f9a51bae07df65a546408507e5163c7a1648e,sell,0x6025f65f6b2f93d8ed1efedc752acfd4bdbcec3e,0x2549a411f4a8b0282a25713aa9be32893e9d912a48e0c9438122e6797f26307c
215,22000,3.3,0xdcbee69e508c35b34e86000042a849897eaf42ef,2017-10-31T23:51:08.000Z,0.00015,0x9288f40797ab4f303460de67a4e8d981a5f270cf,buy,0x6025f65f6b2f93d8ed1efedc752acfd4bdbcec3e,0xf568d5297fc105053b6924c147b467773d09213b82aa60b81e9e118b213b1da9
216,27174.174599252336,1.7418645918120748,0x2daf797758a4372812bc67d6d166b3a387dcfd78,2017-10-31T23:48:45.000Z,0.00006409999999999999,0xd64f9a51bae07df65a546408507e5163c7a1648e,sell,0x6025f65f6b2f93d8ed1efedc752acfd4bdbcec3e,0x9368e736216201c5557981e9fc4ee6fe5fd3b4b0b1bd46847679a8c031d1c42d
217,12000,1.212,0x2daf797758a4372812bc67d6d166b3a387dcfd78,2017-10-31T23:47:27.000Z,0.000101,0xd64f9a51bae07df65a546408507e5163c7a1648e,sell,0x6025f65f6b2f93d8ed1efedc752acfd4bdbcec3e,0xdfadbfb2e4abfb66630afaeb61abecff4254d9f38995a280a7d74856c46981b7
218,40515,3.848925,0x0e2fcafe0a0da19f14c57b875a96868e79977c47,2017-10-31T23:47:27.000Z,0.000095,0xd64f9a51bae07df65a546408507e5163c7a1648e,sell,0x6025f65f6b2f93d8ed1efedc752acfd4bdbcec3e,0xf5f127632330bb7a555347727dc794ad74445a142a693484ef381d5993712d52
219,5061.808,0.516304416,0xe80eefd9eb693fdb70b3c1311eb438eedf94921b,2017-10-31T23:47:04.000Z,0.000102,0xd64f9a51bae07df65a546408507e5163c7a1648e,sell,0x6025f65f6b2f93d8ed1efedc752acfd4bdbcec3e,0x607f95dabb9a8c0eab7cdcabb0dd563e8fec09340a9af509c248bbe152c07f17
220,22000,3.388,0x9288f40797ab4f303460de67a4e8d981a5f270cf,2017-10-31T23:46:08.000Z,0.000154,0xdcbee69e508c35b34e86000042a849897eaf42ef,buy,0x6025f65f6b2f93d8ed1efedc752acfd4bdbcec3e,0x801411c2a0cc65077dfd61cfa77088f65b57371e4540bf9b1ee397c353aebb76
221,2141.7825615621746,0.3212673842343262,0x66ba7e4d074192839652a4042a6fa9ad96bab92d,2017-10-31T23:31:50.000Z,0.00015,0x76be6d6ad321c7391f5736db90f4f76b8de74022,sell,0x6025f65f6b2f93d8ed1efedc752acfd4bdbcec3e,0x495fce32fc5ea1a3883d640ac368466d3712ce9e7dfc59a9726f7d203d57f365
222,6168.76357583634,0.986940484498056,0x64878c73d60202e7a279da24f8d12e8ca5e37759,2017-10-31T22:35:46.000Z,0.00015999,0x90b62b836e863840af67a32e7370245563032538,buy,0x6025f65f6b2f93d8ed1efedc752acfd4bdbcec3e,0x3f98df401f780b81581df1e763913d441b0fbc4204c307fe4d0c000b99b4d8c9
223,8868.274457301688,1.418835230423697,0x32622a2ecd18e251ff2dfb07af60b00d87dc0d4b,2017-10-31T22:33:02.000Z,0.00015999,0x90b62b836e863840af67a32e7370245563032538,buy,0x6025f65f6b2f93d8ed1efedc752acfd4bdbcec3e,0x87653a3ea752f793d45e5106b0beb05c0ee0434b81f41bd96623cee27e73f8f9
224,17000,2.55,0xdcbee69e508c35b34e86000042a849897eaf42ef,2017-10-31T21:59:53.000Z,0.00015,0x9288f40797ab4f303460de67a4e8d981a5f270cf,buy,0x6025f65f6b2f93d8ed1efedc752acfd4bdbcec3e,0xce41ebc7da550fc9dbb505edeb109ae49c911c4708b377ee38ab2553d524a776
225,19938.191606021333,2.033695543814176,0xe80eefd9eb693fdb70b3c1311eb438eedf94921b,2017-10-31T21:57:11.000Z,0.00010199999999999999,0x7d6df8556afea421f6fe82233ab0bc9ed8a509f5,sell,0x6025f65f6b2f93d8ed1efedc752acfd4bdbcec3e,0x1fa4fc436bb0e47c0cbaeaa382188cf5ab155fc401b4bb801152552391a76a12
226,42,0.006678,0x97e89387a41b15f74d08ed1f162c75e1a6d2fc37,2017-10-31T21:23:59.000Z,0.000159,0x24c4e918a0cff62faff4a39e75968d4a58bab227,buy,0x6025f65f6b2f93d8ed1efedc752acfd4bdbcec3e,0x97b306fffbd76955a84a8fcd2ee8afd9e634339665a7f3f6abb436479ef360be
227,10000,1.58,0x97e89387a41b15f74d08ed1f162c75e1a6d2fc37,2017-10-31T21:13:03.000Z,0.000158,0xdcbee69e508c35b34e86000042a849897eaf42ef,buy,0x6025f65f6b2f93d8ed1efedc752acfd4bdbcec3e,0x58c937d35f708f5602b2da1af7e5f847a061286e16a3dd347c7af1438a9ba384
228,300,0.0465,0x9cd36f61b1240eaab57c480799cffdd87b727fad,2017-10-31T20:02:45.000Z,0.000155,0xec8d94eced26f21aa0646b64b03b431096ea95e9,buy,0x6025f65f6b2f93d8ed1efedc752acfd4bdbcec3e,0x6673826b9aeeaf55ffa6cbb248b30a3b5e5503baefb3e0e7fe5e9ed13d4d6e65
229,700,0.0924,0x9cd36f61b1240eaab57c480799cffdd87b727fad,2017-10-31T19:28:31.000Z,0.000132,0xaa5a8763179d7e24b0230e981cf7cd5d9fa7cff8,buy,0x6025f65f6b2f93d8ed1efedc752acfd4bdbcec3e,0x56f45aa7def31858c7f70bca3180f3d6003a58003c25452abdda752d4c2227ff
230,1000,0.15,0x9cd36f61b1240eaab57c480799cffdd87b727fad,2017-10-31T19:28:25.000Z,0.00015,0xd92ce5941305b7cf1e5cc5713b93db2b651a4fdf,buy,0x6025f65f6b2f93d8ed1efedc752acfd4bdbcec3e,0xa961c748ccd942dac538d1564bf82f99484731dfdfbf032004e06da43aa0acdd
231,200,0.026,0x9cd36f61b1240eaab57c480799cffdd87b727fad,2017-10-31T19:28:25.000Z,0.00013,0x1309767bf5262b7efe0bc0296948129eef5f8249,buy,0x6025f65f6b2f93d8ed1efedc752acfd4bdbcec3e,0xb9ba8ee1c927fa79a68c14f8a630e287f658c0f1ed8427043f07930279f6a896
232,5000,0.7,0x9cd36f61b1240eaab57c480799cffdd87b727fad,2017-10-31T19:26:13.000Z,0.00014,0x4dd169d27d081eaf17f60d7b98f8a9689355c908,buy,0x6025f65f6b2f93d8ed1efedc752acfd4bdbcec3e,0x0cada23c97b2ecbab346a13a2484b0959eb898687a168fa61c1abe68d0d2e9e2
233,300,0.028197,0xec8d94eced26f21aa0646b64b03b431096ea95e9,2017-10-31T18:35:51.000Z,0.00009399,0xaa5a8763179d7e24b0230e981cf7cd5d9fa7cff8,buy,0x6025f65f6b2f93d8ed1efedc752acfd4bdbcec3e,0x17ceb639ba8a6bde2d0156469e5fb1830f8fd6589e0d8cf40fc3d918c65ffa76
234,1985,0.188575,0x0e2fcafe0a0da19f14c57b875a96868e79977c47,2017-10-31T18:16:04.000Z,0.000095,0x8b182a4526944fa498970732a69a95d281c3c8a9,sell,0x6025f65f6b2f93d8ed1efedc752acfd4bdbcec3e,0xcd40e422cb1402a9ec9d1335073f83dd37926df11e4860262890422aa4fcd0d3
235,19000,2.508,0x9288f40797ab4f303460de67a4e8d981a5f270cf,2017-10-31T17:48:28.000Z,0.000132,0x97e89387a41b15f74d08ed1f162c75e1a6d2fc37,buy,0x6025f65f6b2f93d8ed1efedc752acfd4bdbcec3e,0x11a8045ec96d4ce36a088c32d368789e48939b812a8447bb88c47e8fc8337614
236,79.95934173325317,0.005197357212661456,0x5b47d6648e6db8e7f543ad21b548d98a45c3f925,2017-10-31T16:19:16.000Z,0.000065,0x1804206b5be10e6d88ee076f73c6e9b50097f236,sell,0x6025f65f6b2f93d8ed1efedc752acfd4bdbcec3e,0x85927fb6334aafd0b8f959a2c041561091211031d7bf08a7eabb9fa956bfadb0
237,19000,3.04,0x97e89387a41b15f74d08ed1f162c75e1a6d2fc37,2017-10-31T16:18:50.000Z,0.00016,0x9288f40797ab4f303460de67a4e8d981a5f270cf,buy,0x6025f65f6b2f93d8ed1efedc752acfd4bdbcec3e,0xa6ba3fb8e3ef834290da4927a89d45ab92e0aa08023a85c637a16245c19314a5
238,23127.211,2.3127211,0xd45927654fa17cad6b21472c76d825672b59c0c3,2017-10-31T15:58:09.000Z,0.0001,0xce94b53893f7f88e8f9858c0d21944b9f9b0cf79,sell,0x6025f65f6b2f93d8ed1efedc752acfd4bdbcec3e,0x927e12508319473dbbfc2e95c419c0f4945d5acd16bf2d6c7d3089ddd0b48d6e
239,9300,1.302,0x9288f40797ab4f303460de67a4e8d981a5f270cf,2017-10-31T15:56:43.000Z,0.00014,0x97e89387a41b15f74d08ed1f162c75e1a6d2fc37,buy,0x6025f65f6b2f93d8ed1efedc752acfd4bdbcec3e,0x7c3bc7a121ee1922da3d44ee3132fdd667ba651188df4e3dfb317b3eefd0f11b
240,10000,1,0xd45927654fa17cad6b21472c76d825672b59c0c3,2017-10-31T15:56:36.000Z,0.0001,0x3ba2112383b52d416eba58c4d2824df0b984bd9c,sell,0x6025f65f6b2f93d8ed1efedc752acfd4bdbcec3e,0x00a858d022b33532e31dd9a68d5e0be371ddd5cde61806ec01168f95e141d55e
241,5125.332,0.71754648,0xd45927654fa17cad6b21472c76d825672b59c0c3,2017-10-31T15:56:26.000Z,0.00014,0xe6ddb134e88059a792e6e31ef4bd96943fecacea,buy,0x6025f65f6b2f93d8ed1efedc752acfd4bdbcec3e,0xd7bd8c22da30ca73839dcd1b40e875e7fbd69727beb02d7cb36be2f9f7e1db8e
242,12900,1.806,0xd45927654fa17cad6b21472c76d825672b59c0c3,2017-10-31T15:56:26.000Z,0.00014,0x97e89387a41b15f74d08ed1f162c75e1a6d2fc37,buy,0x6025f65f6b2f93d8ed1efedc752acfd4bdbcec3e,0x02dd65a69445f183f5b464430e70ebeee3a544916ec3753044765334d01db4b4
243,10000,1,0xd45927654fa17cad6b21472c76d825672b59c0c3,2017-10-31T15:53:42.000Z,0.0001,0x3ba2112383b52d416eba58c4d2824df0b984bd9c,sell,0x6025f65f6b2f93d8ed1efedc752acfd4bdbcec3e,0x14e52c508dcd91d2d14db80c70cd7ad586be3a03c345d5b585243b648b0762b4
244,6872.788627091848,0.6872788627091848,0xd45927654fa17cad6b21472c76d825672b59c0c3,2017-10-31T15:53:42.000Z,0.00009999999999999999,0x45bb90d2188da25d0def69d0314ef8d44b6e9fbf,sell,0x6025f65f6b2f93d8ed1efedc752acfd4bdbcec3e,0x6930738f13c6f31dbfa288f954605430bcaccf9c64f2dfa37f88b7ca0d4951fc
245,5000,0.5,0xd45927654fa17cad6b21472c76d825672b59c0c3,2017-10-31T15:52:58.000Z,0.0001,0x235af55837a049754258b98eac0e0830605b1951,buy,0x6025f65f6b2f93d8ed1efedc752acfd4bdbcec3e,0xe7f014113683ff46b4b174f2c761873b6642982a76531589efbe736bfd69b613
246,11000,1.98,0x97e89387a41b15f74d08ed1f162c75e1a6d2fc37,2017-10-31T15:27:36.000Z,0.00018,0x9288f40797ab4f303460de67a4e8d981a5f270cf,buy,0x6025f65f6b2f93d8ed1efedc752acfd4bdbcec3e,0x74f8deece8f649244442bc82342660f2ed5879915de47170ef3caa88c308b219
247,500,0.04,0x5702c4d0cad96be96a2499e675f450c8b69dfc35,2017-10-31T15:25:25.000Z,0.00008,0xe80eefd9eb693fdb70b3c1311eb438eedf94921b,sell,0x6025f65f6b2f93d8ed1efedc752acfd4bdbcec3e,0x689910e4c270348b637b720d29780da0ebeaa9dccfb3835c430460925b632375
248,1500,0.12015,0x42bf324c66fac47a7bd1afc2ecb588cd0cfa465a,2017-10-31T15:25:07.000Z,0.0000801,0xe80eefd9eb693fdb70b3c1311eb438eedf94921b,sell,0x6025f65f6b2f93d8ed1efedc752acfd4bdbcec3e,0xd51d72f6a2cf508451fdab7eee093971d674cf4c44793899e4d97aece2ea5904
249,1539.4506762860276,0.1616423210100329,0x9c8849d266376239d363832d4984d55308385082,2017-10-31T15:24:57.000Z,0.00010499999999999999,0xe80eefd9eb693fdb70b3c1311eb438eedf94921b,sell,0x6025f65f6b2f93d8ed1efedc752acfd4bdbcec3e,0xe78b578ee264e06d8f46a1803fb374e8c77aad962b9a3f1e055f93b620be4b8a
250,11000,1.177,0x836cbb758a24baa77d3d0136666aff9b8b162b9a,2017-10-31T15:24:39.000Z,0.000107,0xe80eefd9eb693fdb70b3c1311eb438eedf94921b,sell,0x6025f65f6b2f93d8ed1efedc752acfd4bdbcec3e,0xe84ab2845fadf7e991425bee43e635988ca64b994be1e1cb1fc0a87367c8bc7a
251,10000,0.8,0x958444fbcd8b4b26dafaa133ac6c47130bce01ce,2017-10-31T15:24:29.000Z,0.00008,0xe80eefd9eb693fdb70b3c1311eb438eedf94921b,sell,0x6025f65f6b2f93d8ed1efedc752acfd4bdbcec3e,0x5668876206fd8ad05fd44ae30e450136798d2378aec9cec7981a5d28449e295b
252,10200,1.9278,0x9288f40797ab4f303460de67a4e8d981a5f270cf,2017-10-31T15:20:29.000Z,0.000189,0x97e89387a41b15f74d08ed1f162c75e1a6d2fc37,buy,0x6025f65f6b2f93d8ed1efedc752acfd4bdbcec3e,0xd963dbd192a3bd0f9272b2de9065fcc471d56505330dfc8395fe2c786e191ba9
253,7500,1.425,0x97e89387a41b15f74d08ed1f162c75e1a6d2fc37,2017-10-31T15:07:31.000Z,0.00019,0x9288f40797ab4f303460de67a4e8d981a5f270cf,buy,0x6025f65f6b2f93d8ed1efedc752acfd4bdbcec3e,0xcc520e38ebf0f45b14ace84c16c21e44065565ed387a7ea32cd491b7490514ab
254,0.28314885603209455,0.000029730629883369,0x9c8849d266376239d363832d4984d55308385082,2017-10-31T15:04:50.000Z,0.00010499999999999672,0xf142f26d1cac4ba8a6e6d7974d243eda2fe5f4f9,sell,0x6025f65f6b2f93d8ed1efedc752acfd4bdbcec3e,0xf28e86dd7b277a2469927b68eeedf5b75b8490e4c8aac8b13376d4d71d8659a1
255,2840.2661748579403,0.29822794836008376,0x9c8849d266376239d363832d4984d55308385082,2017-10-31T15:03:24.000Z,0.00010499999999999999,0xf142f26d1cac4ba8a6e6d7974d243eda2fe5f4f9,sell,0x6025f65f6b2f93d8ed1efedc752acfd4bdbcec3e,0xbce2992b8bd5016eec5f04bbeeaeee8fda1bcf78e8d63afa49aee41506fcb942
256,670,0.07035,0x9c8849d266376239d363832d4984d55308385082,2017-10-31T14:45:03.000Z,0.000105,0x138af7a30c7b4ac9afb8c05eea7dc08f41a5c2f1,sell,0x6025f65f6b2f93d8ed1efedc752acfd4bdbcec3e,0x42f947b01867351ea86fb6946b49b68378b428526e61b0e52d4e3f7f291feea6
257,80,0.02,0x1804206b5be10e6d88ee076f73c6e9b50097f236,2017-10-31T14:38:50.000Z,0.00025,0xce94b53893f7f88e8f9858c0d21944b9f9b0cf79,buy,0x6025f65f6b2f93d8ed1efedc752acfd4bdbcec3e,0x4a9aa0452f7694a6709f03379630448e9619bf9d88a7f2630a0a6a375505e58d
258,1.4955134596211366,0.00119790628115653,0x42bf324c66fac47a7bd1afc2ecb588cd0cfa465a,2017-10-31T14:36:23.000Z,0.0008009999999999997,0x1d5321e125f6c7079a716705541c7b371ca79e69,sell,0x6025f65f6b2f93d8ed1efedc752acfd4bdbcec3e,0x8ab4cc002d2f21352d3818675ec60331062e86636367849a628ab9f461c926d5
259,1.5,0.000375,0x1d5321e125f6c7079a716705541c7b371ca79e69,2017-10-31T14:36:23.000Z,0.00025,0xce94b53893f7f88e8f9858c0d21944b9f9b0cf79,buy,0x6025f65f6b2f93d8ed1efedc752acfd4bdbcec3e,0x8ab4cc002d2f21352d3818675ec60331062e86636367849a628ab9f461c926d5
260,498.5,0.3992985,0x42bf324c66fac47a7bd1afc2ecb588cd0cfa465a,2017-10-31T14:36:03.000Z,0.000801,0x273a5d3e6721b9f5c1a6474f560c1334c63dda01,sell,0x6025f65f6b2f93d8ed1efedc752acfd4bdbcec3e,0xbf6188850f7526000918a5fc13f8fa20fc7d6105e2d1372d48b0e9f3d6e42f44
261,500,0.125,0x273a5d3e6721b9f5c1a6474f560c1334c63dda01,2017-10-31T14:36:03.000Z,0.00025,0xce94b53893f7f88e8f9858c0d21944b9f9b0cf79,buy,0x6025f65f6b2f93d8ed1efedc752acfd4bdbcec3e,0xbf6188850f7526000918a5fc13f8fa20fc7d6105e2d1372d48b0e9f3d6e42f44
262,1000,0.0989,0x836cbb758a24baa77d3d0136666aff9b8b162b9a,2017-10-31T14:02:13.000Z,0.0000989,0xf6feba5084a812ba0a7eb824d1d2355611eb9d9f,buy,0x6025f65f6b2f93d8ed1efedc752acfd4bdbcec3e,0x3a4e2b75a602098deaafb51606fd5226f8e4b678748d124bbffd6259234b6d26
263,198.803969095803,0.01986051651267072,0x836cbb758a24baa77d3d0136666aff9b8b162b9a,2017-10-31T14:02:13.000Z,0.0000999,0x1309767bf5262b7efe0bc0296948129eef5f8249,buy,0x6025f65f6b2f93d8ed1efedc752acfd4bdbcec3e,0x9ba486f54d082f6ed0b7a61096a9f960ebd20e8198c7dbc085a6acd3030192da
264,670,0.06566,0x836cbb758a24baa77d3d0136666aff9b8b162b9a,2017-10-31T14:02:01.000Z,0.000098,0x138af7a30c7b4ac9afb8c05eea7dc08f41a5c2f1,buy,0x6025f65f6b2f93d8ed1efedc752acfd4bdbcec3e,0x3b68e8426b6b8cb192beec0816556e905047cfc9e234f14eb53f50f9b7f6fbbf
265,39999.885,3.959988615,0xe6ddb134e88059a792e6e31ef4bd96943fecacea,2017-10-31T13:56:05.000Z,0.000099,0x7dc7271b32e55478cce7d09ef1bb3be5b55b8164,buy,0x6025f65f6b2f93d8ed1efedc752acfd4bdbcec3e,0x60b3a3e49f89871de75f864bc173c093dcd3a14c0d001a7f8a4ceb5066455e8b
266,0.11452248251525253,0.00001133772576901,0xe6ddb134e88059a792e6e31ef4bd96943fecacea,2017-10-31T13:53:16.000Z,0.000099,0x7dc7271b32e55478cce7d09ef1bb3be5b55b8164,buy,0x6025f65f6b2f93d8ed1efedc752acfd4bdbcec3e,0xb3d611362fc7f22f063eb01f7463b02c613843d3fd77a0dba57f0547a9ee93fc
267,999,0.092906001,0x9c8849d266376239d363832d4984d55308385082,2017-10-31T13:52:30.000Z,0.000092999,0xd92ce5941305b7cf1e5cc5713b93db2b651a4fdf,buy,0x6025f65f6b2f93d8ed1efedc752acfd4bdbcec3e,0x6ac4eb840cc9e74818393695512e6ea4a2fb894c1f72067df370edd3a3aa7274
268,500,0.046499,0x9c8849d266376239d363832d4984d55308385082,2017-10-31T12:54:23.000Z,0.000092998,0xaa5a8763179d7e24b0230e981cf7cd5d9fa7cff8,buy,0x6025f65f6b2f93d8ed1efedc752acfd4bdbcec3e,0x59a2e34ac14ac339a36ceb72f9d0ec818e0c9b94eeb5ab43c5139390644affc6
269,3000,0.27897,0x9c8849d266376239d363832d4984d55308385082,2017-10-31T12:30:32.000Z,0.00009299,0x179db9068c45e6617c13176c4c5082c9e5e347fc,buy,0x6025f65f6b2f93d8ed1efedc752acfd4bdbcec3e,0x37ff93337f5bcb7d3d32998b12791e4e2186a4857706178368eb3306704da9bd
270,6621,0.61568679,0x836cbb758a24baa77d3d0136666aff9b8b162b9a,2017-10-31T11:42:52.000Z,0.00009299,0x3c4e6a67e36bb05c4487d2c9e5defa771650d402,buy,0x6025f65f6b2f93d8ed1efedc752acfd4bdbcec3e,0xbcd8d6f7fc61a15fe99bb2948ade4d387fd4a92f5e120ecfd19cdee5331d1b40
271,1,0.000092999,0x6cdea8e07bf82d7a07dbf36642d6e5be8623845c,2017-10-31T10:21:15.000Z,0.000092999,0xd92ce5941305b7cf1e5cc5713b93db2b651a4fdf,buy,0x6025f65f6b2f93d8ed1efedc752acfd4bdbcec3e,0x054361b045b9345501cec8fdfbbcf6fcf24782f6fcdc8ca8d6ba673b33081503
272,11000,1.022989,0xdcbee69e508c35b34e86000042a849897eaf42ef,2017-10-31T06:39:04.000Z,0.000092999,0xdcbee69e508c35b34e86000042a849897eaf42ef,buy,0x6025f65f6b2f93d8ed1efedc752acfd4bdbcec3e,0x9ffc6de737c262ac606663d0dbbc077659467696f5dd078e735d865d77460f6f
273,17000,1.580983,0x9288f40797ab4f303460de67a4e8d981a5f270cf,2017-10-31T06:23:18.000Z,0.000092999,0x97e89387a41b15f74d08ed1f162c75e1a6d2fc37,buy,0x6025f65f6b2f93d8ed1efedc752acfd4bdbcec3e,0x73684c8d77377f731ebcf07526cb18c2e1adf8c1e1ceacd67372890a24a36168
274,1222.8895396660107,0.113728727188939,0xe6ddb134e88059a792e6e31ef4bd96943fecacea,2017-10-31T06:17:20.000Z,0.000093,0x3c4e6a67e36bb05c4487d2c9e5defa771650d402,buy,0x6025f65f6b2f93d8ed1efedc752acfd4bdbcec3e,0xd0c440ad2a1e44ed173d8578a278ddf5776785beb5265afa5661620ba87f1470
275,5000,0.464975,0xe6ddb134e88059a792e6e31ef4bd96943fecacea,2017-10-31T06:14:45.000Z,0.000092995,0x6f7a96b8827bc9cd936d75faa904c9c036cfef64,buy,0x6025f65f6b2f93d8ed1efedc752acfd4bdbcec3e,0x041a16bfa8e63120c6261ec94fbf82d473f2bce05a1ea6ecfd8b98e9814e2b7c
276,21900,2.0365686,0x97e89387a41b15f74d08ed1f162c75e1a6d2fc37,2017-10-31T06:13:42.000Z,0.000092994,0x9288f40797ab4f303460de67a4e8d981a5f270cf,buy,0x6025f65f6b2f93d8ed1efedc752acfd4bdbcec3e,0x6057c5aaa266402efc9fce504b092c6e4708cbe9e36b7a4be3096103b01305e5
277,900,0.0666,0xe6ddb134e88059a792e6e31ef4bd96943fecacea,2017-10-31T06:10:58.000Z,0.000074,0x5702c4d0cad96be96a2499e675f450c8b69dfc35,buy,0x6025f65f6b2f93d8ed1efedc752acfd4bdbcec3e,0xaf547654ddbdac210ccbe2f6fe48f7e3f1aafb5411c477f3aa4cd24e1cce3c99
278,500,0.0345,0xe6ddb134e88059a792e6e31ef4bd96943fecacea,2017-10-31T06:10:58.000Z,0.000069,0x7fff29fa84c411d4e01016126e3db3b86e90dafe,buy,0x6025f65f6b2f93d8ed1efedc752acfd4bdbcec3e,0xaa8d33f780bef1032e3cab4c2f1d2f4a84e3c4091a8c8cd370c6507b356cfa11
279,10000,0.74,0xcc6986f999dd7a192602409df868f3be86c4689d,2017-10-31T06:08:43.000Z,0.000074,0x3c4e6a67e36bb05c4487d2c9e5defa771650d402,buy,0x6025f65f6b2f93d8ed1efedc752acfd4bdbcec3e,0xb9f4e42543cc9d5aa1d08e7173ddb66a8198cf2615fdb6e8d7d869fff240774b
280,26000,1.79374,0x9288f40797ab4f303460de67a4e8d981a5f270cf,2017-10-31T06:04:46.000Z,0.00006899,0x97e89387a41b15f74d08ed1f162c75e1a6d2fc37,buy,0x6025f65f6b2f93d8ed1efedc752acfd4bdbcec3e,0xeb19d108d172dd386da15f18adb708abb18ea2c169ae8e96b471ad94e56dfbe1
281,2000,0.10002,0x5b47d6648e6db8e7f543ad21b548d98a45c3f925,2017-10-31T06:00:09.000Z,0.00005001,0x45bb90d2188da25d0def69d0314ef8d44b6e9fbf,sell,0x6025f65f6b2f93d8ed1efedc752acfd4bdbcec3e,0xdcb153535c1212c307eb4c940a5c95a2fd8a949d80b52831731499b1f384e643
282,1200,0.0744,0xdbf291e4e90486552c952fe6c1b2179c5aae9127,2017-10-31T05:58:34.000Z,0.000062,0x1309767bf5262b7efe0bc0296948129eef5f8249,buy,0x6025f65f6b2f93d8ed1efedc752acfd4bdbcec3e,0xf9e719f874b9e26b91f8e41466c6cc8dc161863a2900260c98bfd007b971c6f2
283,500,0.0305,0xdbf291e4e90486552c952fe6c1b2179c5aae9127,2017-10-31T05:58:03.000Z,0.000061,0xd960ae5f5294d1c06af036e78bcd9dca1e7840b8,buy,0x6025f65f6b2f93d8ed1efedc752acfd4bdbcec3e,0x112d2bfe82e277d75138b201d36d700832a9d0cb549f02210d172f936c3ed354
284,30000,1.8297,0x97e89387a41b15f74d08ed1f162c75e1a6d2fc37,2017-10-31T05:12:24.000Z,0.00006099,0x9288f40797ab4f303460de67a4e8d981a5f270cf,buy,0x6025f65f6b2f93d8ed1efedc752acfd4bdbcec3e,0x3e6c519d195ee6300e5c12e567a0dad0d9043e6052120b26d0f0b32a5417caab
285,0.0993828711296049,0.000004521920636397,0x836cbb758a24baa77d3d0136666aff9b8b162b9a,2017-10-31T05:08:46.000Z,0.00004549999999999977,0x397d1df72547f92738bffb3579f067d22e254e1b,sell,0x6025f65f6b2f93d8ed1efedc752acfd4bdbcec3e,0x5b160809ac9eccf792feb3598b579d3bda0def38f20933eacedc2ff1a428da6d
286,35000,2.1,0x9288f40797ab4f303460de67a4e8d981a5f270cf,2017-10-31T05:07:24.000Z,0.00006,0x97e89387a41b15f74d08ed1f162c75e1a6d2fc37,buy,0x6025f65f6b2f93d8ed1efedc752acfd4bdbcec3e,0x107221b9e557f4fc67584e23951e78a12c4a99e21f20530d29dce5a34e180364
287,996.9095803010667,0.04984547901505333,0xe6ddb134e88059a792e6e31ef4bd96943fecacea,2017-10-31T05:06:47.000Z,0.00004999999999999999,0x397d1df72547f92738bffb3579f067d22e254e1b,sell,0x6025f65f6b2f93d8ed1efedc752acfd4bdbcec3e,0xb7e7fb365b8bb82246e178164171c7166ece13c3670d0a770c039aec779d0602
288,15000,0.9,0xdcbee69e508c35b34e86000042a849897eaf42ef,2017-10-31T04:29:12.000Z,0.00006,0x9288f40797ab4f303460de67a4e8d981a5f270cf,buy,0x6025f65f6b2f93d8ed1efedc752acfd4bdbcec3e,0xeec159f7afb0143b72b3eecd11dbc2a442e25b651dd426f8f0be22c782ee05ee
289,10000,0.6,0x9288f40797ab4f303460de67a4e8d981a5f270cf,2017-10-31T04:20:30.000Z,0.00006,0xdcbee69e508c35b34e86000042a849897eaf42ef,buy,0x6025f65f6b2f93d8ed1efedc752acfd4bdbcec3e,0x94ef685493ec6b1b5c447bd8fbca03dc1bfbd2787fd7f4ccba3d6c84a83740be
290,25000,1.25,0xe6ddb134e88059a792e6e31ef4bd96943fecacea,2017-10-31T04:17:44.000Z,0.00005,0x9288f40797ab4f303460de67a4e8d981a5f270cf,buy,0x6025f65f6b2f93d8ed1efedc752acfd4bdbcec3e,0xc590b9a968e330d5590fc7dbb09e28e24983a96a398e94f7ebfa007f332abe3b
291,17.8037316621563,0.000818971656459189,0xe6ddb134e88059a792e6e31ef4bd96943fecacea,2017-10-31T04:12:45.000Z,0.00004599999999999995,0xe444a40689f51f63bcd29910622035707d533d29,sell,0x6025f65f6b2f93d8ed1efedc752acfd4bdbcec3e,0x1cd8c79f0490c57cc6f831d151c3b17e59f6c7f6990b3cada106b6893bc47597
292,20000,1.21,0x9288f40797ab4f303460de67a4e8d981a5f270cf,2017-10-31T03:03:03.000Z,0.0000605,0xdcbee69e508c35b34e86000042a849897eaf42ef,buy,0x6025f65f6b2f93d8ed1efedc752acfd4bdbcec3e,0x8371c091010e6abd4965d95c9a5c1c0adc229acd2ec9b26122ac2bd83b45b522
293,25000,1.5125,0xdcbee69e508c35b34e86000042a849897eaf42ef,2017-10-31T02:11:55.000Z,0.0000605,0x9288f40797ab4f303460de67a4e8d981a5f270cf,buy,0x6025f65f6b2f93d8ed1efedc752acfd4bdbcec3e,0x612a1fa1f45484c27e4ce1154350b973c04b7718fd0f07f05c68ba116f45e507
294,996.9095803010667,0.045359385903698535,0x836cbb758a24baa77d3d0136666aff9b8b162b9a,2017-10-31T02:11:01.000Z,0.00004549999999999999,0x0399c48b2d2fb91254b4c723e0c8475ee335b4b4,sell,0x6025f65f6b2f93d8ed1efedc752acfd4bdbcec3e,0x2adfcc95c7f8b147d079a231f1008a97b90e1cf3e1a2f9e230389f30c83f3c57
295,15000,0.9,0x9288f40797ab4f303460de67a4e8d981a5f270cf,2017-10-31T01:56:00.000Z,0.00006,0xdcbee69e508c35b34e86000042a849897eaf42ef,buy,0x6025f65f6b2f93d8ed1efedc752acfd4bdbcec3e,0x81a5ba827b41b189514a4bbb92ae6b443440dc6df0effabf8a952125952133a7
296,20000,1.2,0xdcbee69e508c35b34e86000042a849897eaf42ef,2017-10-31T01:46:37.000Z,0.00006,0x9288f40797ab4f303460de67a4e8d981a5f270cf,buy,0x6025f65f6b2f93d8ed1efedc752acfd4bdbcec3e,0xda9961e539a2b67d0f689a86486c46aa7c0bba404a08a19db3489da577eeeb94
297,2500,0.15,0x76be6d6ad321c7391f5736db90f4f76b8de74022,2017-10-30T23:08:36.000Z,0.00006,0xf6feba5084a812ba0a7eb824d1d2355611eb9d9f,buy,0x6025f65f6b2f93d8ed1efedc752acfd4bdbcec3e,0x4022f15a9ce56f03b541650a072e736df5920fc8b163bd05a7c3ef97aa169ccb
298,5000,0.3,0x85323d3df924f720d26b59bdd1c799a8093a3594,2017-10-30T22:57:24.000Z,0.00006,0xddb38be7ef79ca91d3d65f796260d6192fa6fc07,buy,0x6025f65f6b2f93d8ed1efedc752acfd4bdbcec3e,0x4c82a62b917328f83567c7705990995ac5acc455edaef41e2ecad364771b4e07
299,996.9095803010667,0.04087329279234373,0x836cbb758a24baa77d3d0136666aff9b8b162b9a,2017-10-30T21:40:47.000Z,0.00004099999999999999,0xff9b7a8ce8f18fd0192d0d2343d66f3de4498161,sell,0x6025f65f6b2f93d8ed1efedc752acfd4bdbcec3e,0x09418d42e4922639cad94d065818896d0e76e7f43d1b84d2bcafa9c9f6bd01f8
300,600,0.0240006,0x0e2fcafe0a0da19f14c57b875a96868e79977c47,2017-10-30T20:18:32.000Z,0.000040001,0x1309767bf5262b7efe0bc0296948129eef5f8249,sell,0x6025f65f6b2f93d8ed1efedc752acfd4bdbcec3e,0x6b492baf359d8d475e6a8492f1a8bed313a849bb7fbe5c370afe0f8b6b24a47e
301,498,0.019920498,0x0e2fcafe0a0da19f14c57b875a96868e79977c47,2017-10-30T19:45:17.000Z,0.000040001,0x077664018c741c2df811ecd2f0ed6668c89bbb49,sell,0x6025f65f6b2f93d8ed1efedc752acfd4bdbcec3e,0xe509ecc86705be5ecf46463c8c3199cbf6c448331acb25e088b1d7f1598ecd85
302,500,0.02,0xdbf291e4e90486552c952fe6c1b2179c5aae9127,2017-10-30T17:17:36.000Z,0.00004,0xc3d71f188d12a920772693cd15afd22bac596fff,buy,0x6025f65f6b2f93d8ed1efedc752acfd4bdbcec3e,0x9371178d67f94db468a98c2450baf0b2cb5ce081ea6d48a06c52c7d6d6b9cafb
303,2492.770964184051,0.09971083856736204,0xe80eefd9eb693fdb70b3c1311eb438eedf94921b,2017-10-30T17:06:20.000Z,0.00003999999999999999,0x80ad7165f29f97896a0b5758193879de34fd9712,sell,0x6025f65f6b2f93d8ed1efedc752acfd4bdbcec3e,0x31fe438acc41b0e49583c35e39c0cf38e9cc66f34fadec279cce67f20ed8e64b
304,19878.37703120327,0.7951350812481308,0xe80eefd9eb693fdb70b3c1311eb438eedf94921b,2017-10-30T16:43:49.000Z,0.00003999999999999999,0x0c28e0c8326f3517dd7e05cb78e6f14e8e789d54,sell,0x6025f65f6b2f93d8ed1efedc752acfd4bdbcec3e,0x1fd3484c098841e327ba32ff02ed1ffffa210d94caef7f09aad5929b0bbedbbd
305,20000,0.8,0xe80eefd9eb693fdb70b3c1311eb438eedf94921b,2017-10-30T16:43:04.000Z,0.00004,0x0c28e0c8326f3517dd7e05cb78e6f14e8e789d54,sell,0x6025f65f6b2f93d8ed1efedc752acfd4bdbcec3e,0x70c68234e2c880c2c52ed69fbcb03255246391dd8c50bb72a532f2bd7259ce15
306,0.7950629690368392,0.000031803313824442,0x958444fbcd8b4b26dafaa133ac6c47130bce01ce,2017-10-30T13:41:43.000Z,0.00004000099999999924,0x5e06bf9cacbeeb55d8739332b73a786a8286103a,sell,0x6025f65f6b2f93d8ed1efedc752acfd4bdbcec3e,0xf0994fef1ca7a1411713a3e995a11a866aebaeedf042d4c21498c292092f37f9
307,7975.276642408534,0.3191705712291895,0x32622a2ecd18e251ff2dfb07af60b00d87dc0d4b,2017-10-30T13:39:55.000Z,0.00004001999999999999,0x5e06bf9cacbeeb55d8739332b73a786a8286103a,sell,0x6025f65f6b2f93d8ed1efedc752acfd4bdbcec3e,0x392d2ec70ab120e4705df5d623161bac32bce016d8bea93a2e6421a114a88345
308,1,0.000000001,0x035392de57aa4fe343d86494103dbe1b068a56c6,2017-10-30T12:59:09.000Z,0.000000001,0x958444fbcd8b4b26dafaa133ac6c47130bce01ce,sell,0x6025f65f6b2f93d8ed1efedc752acfd4bdbcec3e,0x23490f065f3c98369c7d40e3a5b03745632d5267d53899fcd03c4d7ca45298b9
309,1,0.000000001,0x035392de57aa4fe343d86494103dbe1b068a56c6,2017-10-30T12:59:01.000Z,0.000000001,0x958444fbcd8b4b26dafaa133ac6c47130bce01ce,sell,0x6025f65f6b2f93d8ed1efedc752acfd4bdbcec3e,0x4b8dd45e9e1a2077611724e5dd7b76af10c29f5124ef20d2b5510cb9cc2bd2de
310,1,0.000000001,0x035392de57aa4fe343d86494103dbe1b068a56c6,2017-10-30T12:58:37.000Z,0.000000001,0x958444fbcd8b4b26dafaa133ac6c47130bce01ce,sell,0x6025f65f6b2f93d8ed1efedc752acfd4bdbcec3e,0xe967f9425756210d35d1e4ef21e7010b084ab528721516355a0b943e8d2dd9df
311,1,0.000000001,0x035392de57aa4fe343d86494103dbe1b068a56c6,2017-10-30T12:57:59.000Z,0.000000001,0x958444fbcd8b4b26dafaa133ac6c47130bce01ce,sell,0x6025f65f6b2f93d8ed1efedc752acfd4bdbcec3e,0xe91fbfed47ae743947a20e2a4c8ee3657df7e5c0aeb9aa3e9e290e3140681319
312,1,0.000000001,0x035392de57aa4fe343d86494103dbe1b068a56c6,2017-10-30T12:57:59.000Z,0.000000001,0x958444fbcd8b4b26dafaa133ac6c47130bce01ce,sell,0x6025f65f6b2f93d8ed1efedc752acfd4bdbcec3e,0x0074776fbaa68b891b1e4ae6a955cef0040900878b5cad8b85488a6555bf9f1c
313,1,0.000000001,0x035392de57aa4fe343d86494103dbe1b068a56c6,2017-10-30T12:57:23.000Z,0.000000001,0x958444fbcd8b4b26dafaa133ac6c47130bce01ce,sell,0x6025f65f6b2f93d8ed1efedc752acfd4bdbcec3e,0x428b0184742cf94b5e9ce7b5f14cbabec83f253d79d03805a46ad07e85598835
314,6000,0.24,0x32622a2ecd18e251ff2dfb07af60b00d87dc0d4b,2017-10-30T12:56:35.000Z,0.00004,0x958444fbcd8b4b26dafaa133ac6c47130bce01ce,sell,0x6025f65f6b2f93d8ed1efedc752acfd4bdbcec3e,0xe55191c69746809f38510247518b5375f511cc3df41bb0051575b6a61158dd0d
315,1495,0.0598,0x32622a2ecd18e251ff2dfb07af60b00d87dc0d4b,2017-10-30T11:19:52.000Z,0.00004,0x1804206b5be10e6d88ee076f73c6e9b50097f236,buy,0x6025f65f6b2f93d8ed1efedc752acfd4bdbcec3e,0xff1e541e3caacda9b182021e3b07382281263966540168a64af8c2801f0e2aa0
316,1000,0.036021,0xaa5a8763179d7e24b0230e981cf7cd5d9fa7cff8,2017-10-30T11:08:13.000Z,0.000036021,0x958444fbcd8b4b26dafaa133ac6c47130bce01ce,sell,0x6025f65f6b2f93d8ed1efedc752acfd4bdbcec3e,0x153d920a8e23e7c0671df39d60a5dd3b0745d1bb26817ea107fcf8e11bf734a3
317,500,0.0190005,0xaa5a8763179d7e24b0230e981cf7cd5d9fa7cff8,2017-10-30T11:07:57.000Z,0.000038001,0x958444fbcd8b4b26dafaa133ac6c47130bce01ce,sell,0x6025f65f6b2f93d8ed1efedc752acfd4bdbcec3e,0xb99446e24a12e25e56612ca05ae254716c12b682ad367a3678c6f9b5147fe0bc
318,15000,0.6,0x4dd169d27d081eaf17f60d7b98f8a9689355c908,2017-10-30T11:07:48.000Z,0.00004,0x958444fbcd8b4b26dafaa133ac6c47130bce01ce,sell,0x6025f65f6b2f93d8ed1efedc752acfd4bdbcec3e,0x1d0b4f532543351b8b83342f4e32fb637535a53e20b807f19a7f6ba046ec57e0
319,825.4035031726224,0.03301696553040807,0x0e2fcafe0a0da19f14c57b875a96868e79977c47,2017-10-30T09:58:55.000Z,0.00004000099999999999,0x1e71d58dbce68549948bdbd7b026501c4e17231e,sell,0x6025f65f6b2f93d8ed1efedc752acfd4bdbcec3e,0x6b67c8d985e65076cf1a202eb1dcac438031363f5bded7df905612c861cea8b4
320,18.7478182226543,0.000712417092460863,0xe6ddb134e88059a792e6e31ef4bd96943fecacea,2017-10-30T02:15:55.000Z,0.00003799999999999997,0x16e5d97bbc92417e051e3b2cabfbf8ceea2acb9c,sell,0x6025f65f6b2f93d8ed1efedc752acfd4bdbcec3e,0xce9af68d361bcd1250e6e3272000b687151e60ff3bd3c7727de93da8eaa7b1b8
321,30.9822552231434,0.001177325698479449,0xe6ddb134e88059a792e6e31ef4bd96943fecacea,2017-10-30T02:15:22.000Z,0.00003799999999999999,0x379374d13077e8867ef31803c37baf9785a17c00,sell,0x6025f65f6b2f93d8ed1efedc752acfd4bdbcec3e,0xcc2f8c9d7ffcfd6ce170056fd84f3c5af899f981b73ff29316b44eafd6d47e4d
322,2000,0.11,0xe6ddb134e88059a792e6e31ef4bd96943fecacea,2017-10-29T23:02:38.000Z,0.000055,0x45bb90d2188da25d0def69d0314ef8d44b6e9fbf,buy,0x6025f65f6b2f93d8ed1efedc752acfd4bdbcec3e,0x40b660322daf60a08fe92aebcb98a6d31c4a8b65950a2cde6a96b8a5f6aa50f2
323,5000,0.180105,0x6f7a96b8827bc9cd936d75faa904c9c036cfef64,2017-10-29T22:26:38.000Z,0.000036021,0x45bb90d2188da25d0def69d0314ef8d44b6e9fbf,sell,0x6025f65f6b2f93d8ed1efedc752acfd4bdbcec3e,0xf3785ae4e0389a280199a831f01759ae06ef7929d3078a7922e12fee9ea9b36c
324,2500,0.09,0x4fe3e8a137680038f5c1a7262b8dfe96cc8a1f03,2017-10-29T21:50:59.000Z,0.000036,0x1804206b5be10e6d88ee076f73c6e9b50097f236,sell,0x6025f65f6b2f93d8ed1efedc752acfd4bdbcec3e,0x0be70dc8c3617d51baf8ee13d85c852180160ce3af3b9a7d3e5bce36d788145e
325,640,0.02304,0x4fe3e8a137680038f5c1a7262b8dfe96cc8a1f03,2017-10-29T20:52:37.000Z,0.000036,0x1804206b5be10e6d88ee076f73c6e9b50097f236,sell,0x6025f65f6b2f93d8ed1efedc752acfd4bdbcec3e,0xb0b4dc093d5e3a9e91d935d93f48af23ff14588640a8e16375dcc20cd7bfc7ff
326,10000,0.59,0x4fe3e8a137680038f5c1a7262b8dfe96cc8a1f03,2017-10-29T19:54:11.000Z,0.000059,0xae27ca9a19e0415e38e9e8642bf431f93951efed,buy,0x6025f65f6b2f93d8ed1efedc752acfd4bdbcec3e,0xe6cb4f168beb01599f397dbf761f897d6af9e8fe34f5c714c117a204f00599fa
327,1.4305170470395328,0.000050211148351087,0x3c4e6a67e36bb05c4487d2c9e5defa771650d402,2017-10-29T18:29:36.000Z,0.00003509999999999957,0xdb2d8c5a29256fe15b7c4586c110ad223f5f247c,sell,0x6025f65f6b2f93d8ed1efedc752acfd4bdbcec3e,0x3bc29dc2bfc843fe24e2701e2500a9a07a6f3aed57d0e4f3931307d7da1a8c30
328,348.91835310537334,0.012247034193998604,0x3c4e6a67e36bb05c4487d2c9e5defa771650d402,2017-10-29T17:25:45.000Z,0.00003509999999999999,0x3ffaf6d7382bb0bec6aaf56225ae8d0acf85a6e8,sell,0x6025f65f6b2f93d8ed1efedc752acfd4bdbcec3e,0x111051876a5f4a24e2010fa385c8d36661063750806eae5f1ca4402f6136c183
329,29438,1.4719,0xe6ddb134e88059a792e6e31ef4bd96943fecacea,2017-10-29T17:11:14.000Z,0.00005,0x653ec427aac069d11f52b60aedc826548873bf22,buy,0x6025f65f6b2f93d8ed1efedc752acfd4bdbcec3e,0x1cc619a05eba30c93153028d2df2c8fb7bd36160dcc85d3342de1258f8a44ca5
330,4740.268361601655,0.14363013135653013,0x3c4e6a67e36bb05c4487d2c9e5defa771650d402,2017-10-29T13:16:27.000Z,0.00003029999999999999,0x3e379f55f8faae407fae416f8ca096a82d2dee70,sell,0x6025f65f6b2f93d8ed1efedc752acfd4bdbcec3e,0x705e75463f563379fe3c109fce3266985a70b0fc4c64af63e5215c2a81384a4c
331,10000,0.30002,0x958444fbcd8b4b26dafaa133ac6c47130bce01ce,2017-10-29T13:13:58.000Z,0.000030002,0xe80eefd9eb693fdb70b3c1311eb438eedf94921b,sell,0x6025f65f6b2f93d8ed1efedc752acfd4bdbcec3e,0xa368e85e086358de6a19e87cf3ebf0472d7313d4a0ca56b691dd7c032dd9023c
332,20000,0.71,0x958444fbcd8b4b26dafaa133ac6c47130bce01ce,2017-10-29T12:21:13.000Z,0.0000355,0x0e8c0eb3eeeb6389f9930173d9db44aa87db5147,buy,0x6025f65f6b2f93d8ed1efedc752acfd4bdbcec3e,0xadc3ddb039eaa2b89f4322cbf4bbbcffbc4bea9ad72fd2d3dff48e9810999894
333,20000,0.68,0xe80eefd9eb693fdb70b3c1311eb438eedf94921b,2017-10-29T12:03:50.000Z,0.000034,0x9ea4534bb8384e5dc880a907f609d676691a99b5,buy,0x6025f65f6b2f93d8ed1efedc752acfd4bdbcec3e,0x0da02abf90c9737ac4914c82b690039343a5340d7cd0e6370e00ec085cc61f50
334,28068.99994777024,0.9543459982241881,0xe80eefd9eb693fdb70b3c1311eb438eedf94921b,2017-10-29T12:03:50.000Z,0.000034,0xd10b0067c90bb154c83d5495f7408b005cba0492,buy,0x6025f65f6b2f93d8ed1efedc752acfd4bdbcec3e,0xe530ca9435893af1f316fbe87f0789de498938d9e057218ae5fe4ced9914f4a7
335,11081.352,0.376765968,0xe80eefd9eb693fdb70b3c1311eb438eedf94921b,2017-10-29T12:02:15.000Z,0.000034,0xd10b0067c90bb154c83d5495f7408b005cba0492,buy,0x6025f65f6b2f93d8ed1efedc752acfd4bdbcec3e,0x1945b2206ff737514df9b185e038c317f1ebce800bfd8332eec4604e8c9be384
336,20000,0.64,0xe80eefd9eb693fdb70b3c1311eb438eedf94921b,2017-10-29T12:02:04.000Z,0.000032,0x3453011daa568b3fed926bb0cf5e0a7b62454c97,buy,0x6025f65f6b2f93d8ed1efedc752acfd4bdbcec3e,0xf73adac9b075eb330387537c5bae5c7be5fd32fed0867d5e1caedff48897a1c8
337,1508,0.03518164,0x958444fbcd8b4b26dafaa133ac6c47130bce01ce,2017-10-29T11:59:40.000Z,0.00002333,0xe80eefd9eb693fdb70b3c1311eb438eedf94921b,sell,0x6025f65f6b2f93d8ed1efedc752acfd4bdbcec3e,0x372d49a934578116c60080f0690e115c92bf92b6fcf642304a22b135b415ec38
338,5000,0.145,0x3c4e6a67e36bb05c4487d2c9e5defa771650d402,2017-10-29T11:58:48.000Z,0.000029,0x179db9068c45e6617c13176c4c5082c9e5e347fc,buy,0x6025f65f6b2f93d8ed1efedc752acfd4bdbcec3e,0xec170a27b1c9f5632aafe4c5d8c51a214e9c2226d3be3223a3a2806b6b1a95cd
339,13780.449,0.399619240551,0x3c4e6a67e36bb05c4487d2c9e5defa771650d402,2017-10-29T11:57:55.000Z,0.000028999,0x5c483d9853399d39f858803d1075be379bfb431c,buy,0x6025f65f6b2f93d8ed1efedc752acfd4bdbcec3e,0x8ad73109bef6220dfad1238052887c1d898344775f4489cde3e16e4b49e4fbbd
340,4543.302606021334,0.13130144531401655,0x3c4e6a67e36bb05c4487d2c9e5defa771650d402,2017-10-29T11:56:42.000Z,0.0000289,0x34b62809df67ca50355e34c62035f0f349e001c7,buy,0x6025f65f6b2f93d8ed1efedc752acfd4bdbcec3e,0xb3bac971c352ac0656a272f0c6ac9495d887b34636f078735ac1ded8b85920ba
341,5430.2,0.1547607,0x3c4e6a67e36bb05c4487d2c9e5defa771650d402,2017-10-29T10:13:03.000Z,0.0000285,0x79b5e2073b663c44870d7e744342f18a018b5c8c,buy,0x6025f65f6b2f93d8ed1efedc752acfd4bdbcec3e,0xade28ff771b6ce841b321ef9597077870c17be6ec190e442ab0f116f233c640c
342,60,0.00171,0x3c4e6a67e36bb05c4487d2c9e5defa771650d402,2017-10-29T08:52:58.000Z,0.0000285,0x79b5e2073b663c44870d7e744342f18a018b5c8c,buy,0x6025f65f6b2f93d8ed1efedc752acfd4bdbcec3e,0x809a2519b57942226f8eb74cec4ae564ae0401912aedf59160786c4efc5bef4a
343,20000,0.56,0x3c4e6a67e36bb05c4487d2c9e5defa771650d402,2017-10-29T08:51:33.000Z,0.000028,0xbabe38961cb3d28892d11567b73304e087bad1c6,buy,0x6025f65f6b2f93d8ed1efedc752acfd4bdbcec3e,0x37d779a5fe99fd32871acdff0698fa71334fdb3217f9b4236477b584378f773d
344,19940,0.55832,0x3c4e6a67e36bb05c4487d2c9e5defa771650d402,2017-10-29T08:50:51.000Z,0.000028,0x273a5d3e6721b9f5c1a6474f560c1334c63dda01,sell,0x6025f65f6b2f93d8ed1efedc752acfd4bdbcec3e,0x43ab1c9103040460fada648474c5bcf9f7d253219fe7907cc302698ce21c59d7
345,20000,0.55,0x273a5d3e6721b9f5c1a6474f560c1334c63dda01,2017-10-29T08:50:51.000Z,0.0000275,0x4a99129ce9faa5663ff615729c52fe94ab2ccbb0,buy,0x6025f65f6b2f93d8ed1efedc752acfd4bdbcec3e,0x43ab1c9103040460fada648474c5bcf9f7d253219fe7907cc302698ce21c59d7
346,9.8,0.0002793,0x665111e64f042ae32b94166aa82a9234c48c4a87,2017-10-29T03:59:37.000Z,0.0000285,0x79b5e2073b663c44870d7e744342f18a018b5c8c,buy,0x6025f65f6b2f93d8ed1efedc752acfd4bdbcec3e,0xe677fbc69d0e3eb5f00c89cade4174d6afc785b424d19eafbc8e0fd1d79dc5c5
347,650,0.0182,0x665111e64f042ae32b94166aa82a9234c48c4a87,2017-10-29T03:37:39.000Z,0.000028,0x13512137d004d3e8d919ced5f5f7119934917c11,buy,0x6025f65f6b2f93d8ed1efedc752acfd4bdbcec3e,0xeb2c6c7487274cf8f9e3440c296cabc537eb789b322922ad2c7c36d16bf989ab
348,16.184667,0.000453170676,0x1d5321e125f6c7079a716705541c7b371ca79e69,2017-10-29T02:10:46.000Z,0.000028,0x13512137d004d3e8d919ced5f5f7119934917c11,buy,0x6025f65f6b2f93d8ed1efedc752acfd4bdbcec3e,0x78e52a139fd0e99a449ea1be38a6a244292937227eae20f9daf73b1797fef990
349,16.136258225324028,0.000806796775007976,0xc21e2dc25f7ebcf2eaee88d6a558a60acb471ada,2017-10-29T02:10:46.000Z,0.00004999899999999999,0x1d5321e125f6c7079a716705541c7b371ca79e69,sell,0x6025f65f6b2f93d8ed1efedc752acfd4bdbcec3e,0x78e52a139fd0e99a449ea1be38a6a244292937227eae20f9daf73b1797fef990
350,5378.704333,0.268929837945667,0xc21e2dc25f7ebcf2eaee88d6a558a60acb471ada,2017-10-29T02:07:28.000Z,0.000049999,0x273a5d3e6721b9f5c1a6474f560c1334c63dda01,sell,0x6025f65f6b2f93d8ed1efedc752acfd4bdbcec3e,0xb282d4489aa3bad1c39a1b82dc70ec058fbd45ecf48cde281db4057e88871818
351,5394.889,0.1559122921,0x273a5d3e6721b9f5c1a6474f560c1334c63dda01,2017-10-29T02:07:28.000Z,0.0000289,0x34b62809df67ca50355e34c62035f0f349e001c7,buy,0x6025f65f6b2f93d8ed1efedc752acfd4bdbcec3e,0xb282d4489aa3bad1c39a1b82dc70ec058fbd45ecf48cde281db4057e88871818
352,17.857142857142858,0.0005,0x34f9560c63078eb61872a4dc2ccd20e21c34feaf,2017-10-28T20:28:37.000Z,0.000028,0x13512137d004d3e8d919ced5f5f7119934917c11,buy,0x6025f65f6b2f93d8ed1efedc752acfd4bdbcec3e,0x047a98df8240d910ab72bedba943713f29cd56b9433056b4c4b58d6b130460f8
353,17.857142857142858,0.0005,0xe444a40689f51f63bcd29910622035707d533d29,2017-10-28T20:20:24.000Z,0.000028,0x13512137d004d3e8d919ced5f5f7119934917c11,buy,0x6025f65f6b2f93d8ed1efedc752acfd4bdbcec3e,0x7f1ec1165ac55d5c2df0cba5ce3992fdcc55d0d9ff6cca89dea08146bbe9de23
354,5951.5,0.1666122425,0xfa6d69afc1bdde196c2bdacc9b67158c85ce4b71,2017-10-28T16:20:08.000Z,0.000027995,0x6f7a96b8827bc9cd936d75faa904c9c036cfef64,buy,0x6025f65f6b2f93d8ed1efedc752acfd4bdbcec3e,0xdd93987b6e8f76f2c64efdc9546b48972c364186be6270ec62bd50d44d793900
355,11528.262386601535,0.20520307048150732,0x475aba69cef06f6df05fd6f5d176f48f1d14118b,2017-10-28T15:07:20.000Z,0.00001779999999999999,0x8b728e8d8d704c7811865091c55a1b3dc34f7f1b,sell,0x6025f65f6b2f93d8ed1efedc752acfd4bdbcec3e,0x282a4408b06e4f4de3ba3d5b1d0769f1b9bcc7aebd0d23dcdb60b860ff78f91f
356,1719.0509532766173,0.04985075859406863,0x8b728e8d8d704c7811865091c55a1b3dc34f7f1b,2017-10-28T14:34:34.000Z,0.000028999,0x5c483d9853399d39f858803d1075be379bfb431c,buy,0x6025f65f6b2f93d8ed1efedc752acfd4bdbcec3e,0xb338b02653d947c83f9f9c69886dea67db29b8fc2f9416b38eee569c27c5bccc
357,1826.188175944796,0.05295945710239909,0x8b728e8d8d704c7811865091c55a1b3dc34f7f1b,2017-10-28T13:40:53.000Z,0.000029,0xbede750d17ab647cab6b45b8765347dff3fbb89a,buy,0x6025f65f6b2f93d8ed1efedc752acfd4bdbcec3e,0x411f99f36cdc8430b4ed16b7ffb9ecb180518933396a0c13cc8937be763216eb
358,4.8381046750695,0.000106438302851529,0x1d5321e125f6c7079a716705541c7b371ca79e69,2017-10-28T13:35:34.000Z,0.000022,0x0f5ef870283ca2d11b0a8c52cab654585b9b60d7,buy,0x6025f65f6b2f93d8ed1efedc752acfd4bdbcec3e,0xd12bea1c03b2c38a9c230c81bbc7c5e0e433efdbd2325f2313765e6de0271c6b
359,4.823633773748255,0.000125414478117454,0x8b728e8d8d704c7811865091c55a1b3dc34f7f1b,2017-10-28T13:35:34.000Z,0.00002599999999999986,0x1d5321e125f6c7079a716705541c7b371ca79e69,sell,0x6025f65f6b2f93d8ed1efedc752acfd4bdbcec3e,0xd12bea1c03b2c38a9c230c81bbc7c5e0e433efdbd2325f2313765e6de0271c6b
360,499.99999999999727,0.014499999999999921,0x8b728e8d8d704c7811865091c55a1b3dc34f7f1b,2017-10-28T13:32:03.000Z,0.000029,0xaa569b62d106d4d59773c55e230d0373cd82f6a5,buy,0x6025f65f6b2f93d8ed1efedc752acfd4bdbcec3e,0x0bc0aaf4eab6e7cee04df7776b8a6063a2d0aa1b1294b8d341faf5c123b23b74
361,129,0.00258,0x8b728e8d8d704c7811865091c55a1b3dc34f7f1b,2017-10-28T13:29:06.000Z,0.00002,0xdef0083fea701af025c19bdf0d328d5a44eac384,buy,0x6025f65f6b2f93d8ed1efedc752acfd4bdbcec3e,0x065167a8963d9cf41a1f004c6f1d70fec789a23d936b84d0fc5b03b13c5ab482
362,2720,0.0544,0x8b728e8d8d704c7811865091c55a1b3dc34f7f1b,2017-10-28T12:43:45.000Z,0.00002,0xdef0083fea701af025c19bdf0d328d5a44eac384,buy,0x6025f65f6b2f93d8ed1efedc752acfd4bdbcec3e,0xfbccbfc2e5ec993f3fc1e5c2cf583bb44a61dc47e8329796ac4951154824e198
363,19938.191606021333,0.34891835310537334,0x475aba69cef06f6df05fd6f5d176f48f1d14118b,2017-10-28T09:11:53.000Z,0.00001749999999999999,0xadfce5c44ffe15b64aa8f7dc1e21fbd8fd42aade,sell,0x6025f65f6b2f93d8ed1efedc752acfd4bdbcec3e,0xab5d910c4e73aa22447ba5fc47fbf67e898909a00d2c2774697385689ce83fb5
364,350,0.006125035,0x3ffaf6d7382bb0bec6aaf56225ae8d0acf85a6e8,2017-10-28T08:32:11.000Z,0.0000175001,0x1804206b5be10e6d88ee076f73c6e9b50097f236,sell,0x6025f65f6b2f93d8ed1efedc752acfd4bdbcec3e,0x269be67255d56507a85aef8e4e3af1816026d3d8d0e8a5d09ab627375540ef71
365,48381.04675069541,0.8466683181371697,0x475aba69cef06f6df05fd6f5d176f48f1d14118b,2017-10-28T05:51:11.000Z,0.00001749999999999999,0x0f5ef870283ca2d11b0a8c52cab654585b9b60d7,sell,0x6025f65f6b2f93d8ed1efedc752acfd4bdbcec3e,0x981b01d5225136381ced78f7539df449462b201ce5ad9d6c40f7f239e48005f3
366,702.6081173648132,0.012646946112566637,0x13512137d004d3e8d919ced5f5f7119934917c11,2017-10-28T04:29:38.000Z,0.00001799999999999999,0xa1dc29270c60dd37d64643d20151b7ee1806b776,sell,0x6025f65f6b2f93d8ed1efedc752acfd4bdbcec3e,0x60b17ac6704ce52be6045bb07699a863518569239577e0d9d5290500eab6a22c
367,500,0.0095,0x284b79f9a7eb223bb218bc69544cf89a7140a780,2017-10-28T04:29:11.000Z,0.000019,0xa1dc29270c60dd37d64643d20151b7ee1806b776,sell,0x6025f65f6b2f93d8ed1efedc752acfd4bdbcec3e,0x29d2ee27f745448328bf711725a9c91565ebb08f6620ef7790c6271e967a9eb6
368,500,0.011,0x284b79f9a7eb223bb218bc69544cf89a7140a780,2017-10-28T04:29:11.000Z,0.000022,0xa1dc29270c60dd37d64643d20151b7ee1806b776,sell,0x6025f65f6b2f93d8ed1efedc752acfd4bdbcec3e,0x92b3add8245ab7912b3c2e4e90798f56cfcf65f9bfdcbc7c34d3a908f7027624
369,1500,0.033,0x8b728e8d8d704c7811865091c55a1b3dc34f7f1b,2017-10-28T02:13:13.000Z,0.000022,0x0f5ef870283ca2d11b0a8c52cab654585b9b60d7,buy,0x6025f65f6b2f93d8ed1efedc752acfd4bdbcec3e,0xe399d296faa1c8734053c012995ab9417fe3e9334541fce01d56abc408476498
370,4884.856943475227,0.10746685275645498,0x8b728e8d8d704c7811865091c55a1b3dc34f7f1b,2017-10-28T01:44:35.000Z,0.00002199999999999999,0xee7d771fbf0aa4eed5444baf3f243f1f572e8fb5,sell,0x6025f65f6b2f93d8ed1efedc752acfd4bdbcec3e,0x6840a6cd255018d7874536eed47eb092de6785859b85f1b2a6445fc6d6b5a10c
371,5951.550326278438,0.1131389717025531,0x6f7a96b8827bc9cd936d75faa904c9c036cfef64,2017-10-27T07:49:48.000Z,0.00001900999999999999,0x4a1ee0184f90b3673d76c12c89ff125449f4af63,sell,0x6025f65f6b2f93d8ed1efedc752acfd4bdbcec3e,0xdbccbb197aa0f10026e29afe310382d523da025c08c10eef355d43ce0087c84b
372,10000,0.19,0xcf1b128aa69c1c59b88d9c76d3a8d2aab942b2a1,2017-10-27T07:48:28.000Z,0.000019,0x4a1ee0184f90b3673d76c12c89ff125449f4af63,sell,0x6025f65f6b2f93d8ed1efedc752acfd4bdbcec3e,0x1eea3f356b2dfe2e507ea60b0eb2236ed8fd9eb3453837eae3c65b8e76891c82
373,0.000000000002724137,0.000000000000000079,0xb11154b3b7836e26881b9b1c678a548ba09553a4,2017-10-27T06:33:41.000Z,0.00002900000991139579,0xaa569b62d106d4d59773c55e230d0373cd82f6a5,buy,0x6025f65f6b2f93d8ed1efedc752acfd4bdbcec3e,0xae9ea6692132cded7eeaf6fc252a000a83d9f2b46e609ab5ff2c5b94ece0f86c
374,1000,0.029,0xd3e3f95f2ad753c03793c0d1af8dce59418f3180,2017-10-27T04:43:22.000Z,0.000029,0xcf1b128aa69c1c59b88d9c76d3a8d2aab942b2a1,sell,0x6025f65f6b2f93d8ed1efedc752acfd4bdbcec3e,0xaa45cb7e5a4e72af8da8f373cb0e573b2d2515b6662d7425f9ef472e08527420
375,4000,0.115996,0xcf1b128aa69c1c59b88d9c76d3a8d2aab942b2a1,2017-10-27T04:42:56.000Z,0.000028999,0x44d83bb605c0d1f14ba7c6ba11f42986c5fed0b0,buy,0x6025f65f6b2f93d8ed1efedc752acfd4bdbcec3e,0x4d334014a7e2d6baf32ba31e66471af02bee1e2b82bfde48d8d9babcc3efe58b
376,16000,0.463984,0x4a1ee0184f90b3673d76c12c89ff125449f4af63,2017-10-27T04:29:49.000Z,0.000028999,0x44d83bb605c0d1f14ba7c6ba11f42986c5fed0b0,buy,0x6025f65f6b2f93d8ed1efedc752acfd4bdbcec3e,0xce9f67d963a5438a0ffbf76b9d0f283981ba7ec7bdcda96e1b5c2ecbe22c9f2f
377,2000,0.042,0xc21e2dc25f7ebcf2eaee88d6a558a60acb471ada,2017-10-26T20:24:42.000Z,0.000021,0xc21e2dc25f7ebcf2eaee88d6a558a60acb471ada,buy,0x6025f65f6b2f93d8ed1efedc752acfd4bdbcec3e,0x7c0b3fd8642d09aa61c317ef815913c759f3a21f0ddb845b4cafa2119c3fa42a
378,3260,0.0977674,0x836cbb758a24baa77d3d0136666aff9b8b162b9a,2017-10-26T20:06:38.000Z,0.00002999,0xc7f69616492dc7aee96fea640fb99e6fdfd7ab52,buy,0x6025f65f6b2f93d8ed1efedc752acfd4bdbcec3e,0xf54d3b440e245141d838f3c9f3a6ec4b012596f02154bf282c3ab7f7843a0f52
379,1640,0.03444,0xc21e2dc25f7ebcf2eaee88d6a558a60acb471ada,2017-10-26T18:25:22.000Z,0.000021,0x1804206b5be10e6d88ee076f73c6e9b50097f236,sell,0x6025f65f6b2f93d8ed1efedc752acfd4bdbcec3e,0x14ebda548303f5270f0a31402392bd074bc7ffa816c025b92ff67e4d778cb101
380,752,0.015792,0xc21e2dc25f7ebcf2eaee88d6a558a60acb471ada,2017-10-26T17:31:53.000Z,0.000021,0x1309767bf5262b7efe0bc0296948129eef5f8249,sell,0x6025f65f6b2f93d8ed1efedc752acfd4bdbcec3e,0xf3f3bef19a33a37dc32f7f2e6e906fd1a2349731ad44ea291dee7c1781d6a958
381,763.4847405142823,0.024736905592662745,0x799769824e23705ac0da64464dc1ecfb5b09e0ea,2017-10-26T15:51:47.000Z,0.0000324,0x45bb90d2188da25d0def69d0314ef8d44b6e9fbf,buy,0x6025f65f6b2f93d8ed1efedc752acfd4bdbcec3e,0x038d6f22970a9d69419f9536cf6ac3ae665e4a8ea2c68b31198d83c78012497c
