,amount,amountBase,buyer,date,price,seller,side,tokenAddr,txHash
0,105,0.15225,0xda335761adceaa57fe02367340c2e33ba185175e,2017-11-01T19:41:31.000Z,0.00145,0xfbf7dc0756a9768d0c71aea5f8421f3b1eaee7d1,buy,0x40395044ac3c0c57051906da938b54bd6557f212,0xd6378a86c8438ad641a03642f62f2a667023335573069e4511d3bc57e644e2f8
1,269,0.28514,0xfa740b9d9c10b556977f180938f6fb26538695b6,2017-11-01T06:37:53.000Z,0.00106,0x3efd9b0bd8e4595bc494539aca584821950106ee,sell,0x40395044ac3c0c57051906da938b54bd6557f212,0x75cbb9a23ad316d4f60df40f691b7e687c7d5986958e763c7524ad29bfd1549c
2,243.47257246,0.2605156525322,0xfbf7dc0756a9768d0c71aea5f8421f3b1eaee7d1,2017-11-01T04:52:45.000Z,0.00107,0x6c723da0e2243be0d60a23801c00039b98ce35d6,sell,0x40395044ac3c0c57051906da938b54bd6557f212,0x9912a8bc5193e436faa2d5a857922221633679fa7badf4300b381ca0330eb211
3,419.61918054,0.4489925231778,0xfbf7dc0756a9768d0c71aea5f8421f3b1eaee7d1,2017-11-01T04:41:41.000Z,0.00107,0x1422f4dbb503e88c2507e26691ea9e38fb7e2eaa,sell,0x40395044ac3c0c57051906da938b54bd6557f212,0x8bc6a21098f39624885984931548870de4fb68505e6483cdd03ddb2930efe0c0
4,61.8272302,0.066155136314,0xfbf7dc0756a9768d0c71aea5f8421f3b1eaee7d1,2017-11-01T03:58:58.000Z,0.00107,0x3dee4a4e076e8d82859d241db0baf46f112cfa23,sell,0x40395044ac3c0c57051906da938b54bd6557f212,0xa5ca0bd2067ee7e0167d5ec96f2d8c94d5d59f4469916ad6ac46a1d94de0a63f
5,84.82205163,0.0899113747278,0xfa740b9d9c10b556977f180938f6fb26538695b6,2017-10-31T22:14:46.000Z,0.00106,0x87d3da5a29e4f9813faa09a4a720b1c1610eafd8,sell,0x40395044ac3c0c57051906da938b54bd6557f212,0xe19afb5652e7dcf7b756640e81330bbebd2ccc12efe4882751c7168ac744dec8
6,1650,0.24915,0xd815bbdb973fcfae73f27ddc9a135e377028c1c5,2017-10-31T20:18:30.000Z,0.000151,0xfa740b9d9c10b556977f180938f6fb26538695b6,buy,0x40395044ac3c0c57051906da938b54bd6557f212,0xe7c91af3fd52f6ee97ef7caed3c52a42162a2b459ebbff6d14ec199f054a495f
7,1645.06480558,1.7437686939148,0xfa740b9d9c10b556977f180938f6fb26538695b6,2017-10-31T20:18:30.000Z,0.00106,0xd815bbdb973fcfae73f27ddc9a135e377028c1c5,sell,0x40395044ac3c0c57051906da938b54bd6557f212,0xe7c91af3fd52f6ee97ef7caed3c52a42162a2b459ebbff6d14ec199f054a495f
8,62.00777589,0.0561176572582089,0x3dee4a4e076e8d82859d241db0baf46f112cfa23,2017-10-31T19:00:02.000Z,0.00090501,0xc7228e4792323f13cc5e6894fd432e34d4712207,sell,0x40395044ac3c0c57051906da938b54bd6557f212,0x1ac2ebcea0cdcda91ed5dff2ca403a6b42df192a60cf757c895ece0983bb2383
9,100,0.104,0x6dbdcc79a940cb8912e60db0fa7e3aa9b22c29b8,2017-10-31T18:59:08.000Z,0.00104,0xc7228e4792323f13cc5e6894fd432e34d4712207,sell,0x40395044ac3c0c57051906da938b54bd6557f212,0x0ad70ea68b20cac46acae0f7fea55ff58ed46454d1f7ae84f9fa7ff80d8a2613
10,9.89,0.0119679879,0xeba9184e53134a3031839c34e53889a4b26e0ec3,2017-10-31T03:11:15.000Z,0.00121011,0x2d534326fc874454b4c218c78777656a2e8fd84b,buy,0x40395044ac3c0c57051906da938b54bd6557f212,0xfb666c788e7bb91efdb434c01f6bb0f4d315bf60b258d4bfb739aa4b42dd0108
11,513.2926131,0.621140524038441,0xfa740b9d9c10b556977f180938f6fb26538695b6,2017-10-31T01:36:04.000Z,0.00121011,0xe2eabfc1e89a462bbd2ba188cd8a9591a9a0d04e,sell,0x40395044ac3c0c57051906da938b54bd6557f212,0xbc0d724600dd69056191c0bbd099f7bda4ad5a1ec50d3a7e0d039d91693e012b
12,158.1796431,0.191414767911741,0xfa740b9d9c10b556977f180938f6fb26538695b6,2017-10-31T01:06:48.000Z,0.00121011,0x30c0d86b4256e9f4be9fe6278fd67e57dc68ba57,sell,0x40395044ac3c0c57051906da938b54bd6557f212,0x74c3f60f0b023236771303095717fa900c27e6912eab82972054878355a08c84
13,0.01,0.0000121011,0x0c4085d8e714ca77ac5f46cd2b80a92d238a7cd3,2017-10-31T01:06:04.000Z,0.00121011,0x2d534326fc874454b4c218c78777656a2e8fd84b,buy,0x40395044ac3c0c57051906da938b54bd6557f212,0x8bae3103f1fc5d22f1deebe24795551c4f0c36bf8988e4807acb6e6bd28530e6
14,1550.24971621,1.8759726840828832,0xfa740b9d9c10b556977f180938f6fb26538695b6,2017-10-30T17:40:35.000Z,0.00121011,0xf142f26d1cac4ba8a6e6d7974d243eda2fe5f4f9,sell,0x40395044ac3c0c57051906da938b54bd6557f212,0xb367fe584a4ca0923b89a210ebb429b7836edfebc817fefa598fa42f4b1a2ce0
15,744.3814176,0.900783397251936,0xfa740b9d9c10b556977f180938f6fb26538695b6,2017-10-30T17:39:37.000Z,0.00121011,0x6c723da0e2243be0d60a23801c00039b98ce35d6,sell,0x40395044ac3c0c57051906da938b54bd6557f212,0x1a12454c51d499bada72d83a038bb5fe4fa7bc6a1fad0a7241842e88ad4616a8
16,0.1,0.000121011,0x6cdea8e07bf82d7a07dbf36642d6e5be8623845c,2017-10-30T13:05:50.000Z,0.00121011,0x2d534326fc874454b4c218c78777656a2e8fd84b,buy,0x40395044ac3c0c57051906da938b54bd6557f212,0x39d4441feebc005cb43d7e29ee845597969e5b0ce71e15c6524e83417ef5e74d
17,339.92898207,0.4113514604927277,0xfa740b9d9c10b556977f180938f6fb26538695b6,2017-10-30T04:15:06.000Z,0.00121011,0xfbf7dc0756a9768d0c71aea5f8421f3b1eaee7d1,sell,0x40395044ac3c0c57051906da938b54bd6557f212,0x2545ef6d7f620a997f8672a55c2bef7d96e99b63ffbc3665170d87c3864d172d
18,0.311,0.00037634421,0xfa740b9d9c10b556977f180938f6fb26538695b6,2017-10-30T02:45:54.000Z,0.00121011,0x16e5d97bbc92417e051e3b2cabfbf8ceea2acb9c,sell,0x40395044ac3c0c57051906da938b54bd6557f212,0xbc5a619268a9df224f33e66a98017dd72701d3b2cb412331300e162f3b95af29
19,0.311,0.00037634421,0xfa740b9d9c10b556977f180938f6fb26538695b6,2017-10-30T02:44:22.000Z,0.00121011,0x379374d13077e8867ef31803c37baf9785a17c00,sell,0x40395044ac3c0c57051906da938b54bd6557f212,0x36de5d8381d0695acba687f15a5eff66f99c186978af283447c2e7086e861ea3
20,0.10950806,0.0001226512173612,0x0ce4b16411b408bc9f06d456175db3cc79b25299,2017-10-29T00:15:59.000Z,0.00112002,0xe97a3b785a8af6fd381e0e706a88abb3f43b3806,sell,0x40395044ac3c0c57051906da938b54bd6557f212,0x6e0180124379333651dbd457cf7b51f787570aced091270c9b3b713ad91e35c2
21,1098.47537343,1.2303143877490685,0x0ce4b16411b408bc9f06d456175db3cc79b25299,2017-10-29T00:15:01.000Z,0.00112002,0xe97a3b785a8af6fd381e0e706a88abb3f43b3806,sell,0x40395044ac3c0c57051906da938b54bd6557f212,0x988da5b625285a3c27f70a84d00172520b39f6964072762c612aa7b4d6a7e2e2
22,0.29761904,0.0005,0xe444a40689f51f63bcd29910622035707d533d29,2017-10-28T20:45:56.000Z,0.001680000043008001,0xfbf7dc0756a9768d0c71aea5f8421f3b1eaee7d1,buy,0x40395044ac3c0c57051906da938b54bd6557f212,0x787d390a5ee161e2509757df0b779beeb484f9a3e076626022bb84c81c1fc358
23,0.29761904,0.0005,0x34f9560c63078eb61872a4dc2ccd20e21c34feaf,2017-10-28T20:45:28.000Z,0.001680000043008001,0xfbf7dc0756a9768d0c71aea5f8421f3b1eaee7d1,buy,0x40395044ac3c0c57051906da938b54bd6557f212,0x272f119fedf44bfe3bab1844af6bcf28c3ba4f0fadea14798387e8a1b9a00a8f
24,0.00033349,0.0000003735088,0x0ce4b16411b408bc9f06d456175db3cc79b25299,2017-10-28T20:31:40.000Z,0.00112,0x01f25f711b4c140e73969dd65c58e1557d438543,sell,0x40395044ac3c0c57051906da938b54bd6557f212,0x77048d29de15580bb69c569e424eb1f17bf3b62f1b412d77c3bf707056bbd261
25,0.057,0.00006384,0x0ce4b16411b408bc9f06d456175db3cc79b25299,2017-10-28T20:28:53.000Z,0.00112,0x01f25f711b4c140e73969dd65c58e1557d438543,sell,0x40395044ac3c0c57051906da938b54bd6557f212,0x8ba694796c6aaa37be3cf1e149412f8cd5d727f7c93764eeb0baff52f6f58e2b
26,573.19110756,0.6419740404672,0x0ce4b16411b408bc9f06d456175db3cc79b25299,2017-10-28T20:27:53.000Z,0.00112,0x01f25f711b4c140e73969dd65c58e1557d438543,sell,0x40395044ac3c0c57051906da938b54bd6557f212,0x749bb760d57b6b8c3005db20d8fe89010b6700576863b278c52639a235442342
27,26.71287576,0.0339253522152,0x7f574658b1395427e48105dbf2ae305140c11a49,2017-10-28T14:02:33.000Z,0.00127,0xb5c713d2d8c53fb3475664f9454daca9cd7b52d3,buy,0x40395044ac3c0c57051906da938b54bd6557f212,0x1fd17bac5efd8fbae54f7bcd43de2cb7c42b123a5b34e76d2b7ab5f6297320b0
28,0.997,0.001266190997,0xf36990a2cb4d609e0a7d4f3bf884c0342d81fd3d,2017-10-28T08:28:56.000Z,0.001270001,0xb5c713d2d8c53fb3475664f9454daca9cd7b52d3,sell,0x40395044ac3c0c57051906da938b54bd6557f212,0x9a1ba103de58b8db733331e5256902fa70a1887866cc98256e6ae56968ed09d8
29,1015.9734822,1.21916817864,0x3dee4a4e076e8d82859d241db0baf46f112cfa23,2017-10-27T08:41:24.000Z,0.0012,0xa9d28feb8344a9f3ce80ac2e676f85a0f97af091,sell,0x40395044ac3c0c57051906da938b54bd6557f212,0xb3d4216ef2304ee78db04e4843924f5f808d03cc2d269e943a3cb82589efcf31
30,0.003,0.000003810003,0xf36990a2cb4d609e0a7d4f3bf884c0342d81fd3d,2017-10-26T01:42:10.000Z,0.001270001,0x009a12d4290630bc01fd82516ac57c1dc6a9bcfb,sell,0x40395044ac3c0c57051906da938b54bd6557f212,0x7e92b59de9ff114395e4b7312c32ad1a61c8c851334161f9a76a60b7d31b7619
31,12,0.02016,0x54b59cbea68b581f1fa6ae1c3d5ea0643e8e2378,2017-10-25T13:21:00.000Z,0.00168,0xfbf7dc0756a9768d0c71aea5f8421f3b1eaee7d1,buy,0x40395044ac3c0c57051906da938b54bd6557f212,0xfe75bc07592aa3d20d7b5e545097e815c36931536a79bf11bdb38cbb372757dc
32,34.86211132,0.04369969140173132,0x3dee4a4e076e8d82859d241db0baf46f112cfa23,2017-10-25T08:51:53.000Z,0.001253501,0x009a12d4290630bc01fd82516ac57c1dc6a9bcfb,sell,0x40395044ac3c0c57051906da938b54bd6557f212,0xbf1e29fccfc952a75cf47b6b29760e146c725e199721e052fd775d7e709b486a
33,34.97018387,0.04378267020524,0x009a12d4290630bc01fd82516ac57c1dc6a9bcfb,2017-10-25T04:44:40.000Z,0.001252,0x011a991df27fb53637b7319d3a43e91b5da5b4e8,sell,0x40395044ac3c0c57051906da938b54bd6557f212,0x4de00b49ad3fe14e58b698e50c06d50ec4bfae6f493517310182486ace6a4c24
34,155.31452497,0.2019104356062497,0x3dee4a4e076e8d82859d241db0baf46f112cfa23,2017-10-24T08:05:54.000Z,0.00130001,0x241f3fe431dc9d4169365d6a72a9c34257bbd3f1,sell,0x40395044ac3c0c57051906da938b54bd6557f212,0xa42bf7ef176c50ae70b41181e3a1112090a83361d04516e143359f664a85ca88
35,2631.80340943,3.4476624663533,0x9eb87a971beabc2ad91fd67ea2bf8a5347a45531,2017-10-24T04:53:56.000Z,0.00131,0x74735a48cee3770441652d6abbfb107b00cea5a7,sell,0x40395044ac3c0c57051906da938b54bd6557f212,0x70c3ee0d8b6869da96b4c0f08e58dd23c2d097a52c0f97a87c3079b95f4e2d81
36,1,0.00168,0x54b59cbea68b581f1fa6ae1c3d5ea0643e8e2378,2017-10-23T19:45:59.000Z,0.00168,0xfbf7dc0756a9768d0c71aea5f8421f3b1eaee7d1,buy,0x40395044ac3c0c57051906da938b54bd6557f212,0xf4bf578c414e5d10936e434d277aa979cd5246bb7a9f424f6c06256fbf89a615
37,2411.61392799,2.8457044350282,0x9eb87a971beabc2ad91fd67ea2bf8a5347a45531,2017-10-23T17:41:16.000Z,0.00118,0xea3f1b409f5e9211eed087c9f5f621d1249b3e7b,sell,0x40395044ac3c0c57051906da938b54bd6557f212,0xa757f16cd566c7a60400e1f0edd65c6474327b11ca512736da2f0413b4bbf835
38,354.578,0.41131048,0xfbf7dc0756a9768d0c71aea5f8421f3b1eaee7d1,2017-10-23T14:59:47.000Z,0.00116,0xea3f1b409f5e9211eed087c9f5f621d1249b3e7b,sell,0x40395044ac3c0c57051906da938b54bd6557f212,0x14b79c92f4aeac5c8a9b004cde44133cab143ba0d4be4eb46131c6250dd4eed1
39,1825.268,2.737902,0xf18521dc5c211dc0ed6c85b034d4f46d456950bb,2017-10-23T10:20:54.000Z,0.0015,0xe89a2a7a15cbaae3c58a03d79485373e216226d6,buy,0x40395044ac3c0c57051906da938b54bd6557f212,0x3c2572a0904902d6a29325dce09e7779eb2822500cc5da1ea6cdf2c2e23daf1b
40,2774.73166517,4.162097497756953,0xea3f1b409f5e9211eed087c9f5f621d1249b3e7b,2017-10-23T10:18:40.000Z,0.0015000000000007041,0xe89a2a7a15cbaae3c58a03d79485373e216226d6,buy,0x40395044ac3c0c57051906da938b54bd6557f212,0x87703fc5996dff3140b8e826e235e179d521eee0cc7900a4c7fa3c5fa5c7fcf8
41,300,0.45,0xf18521dc5c211dc0ed6c85b034d4f46d456950bb,2017-10-23T10:18:21.000Z,0.0015,0xe89a2a7a15cbaae3c58a03d79485373e216226d6,buy,0x40395044ac3c0c57051906da938b54bd6557f212,0x552bf18565d022c2d6fa9dace14965b0f8bb2c9e5c29a52adb1cc13a16738bb3
42,100,0.15,0xf18521dc5c211dc0ed6c85b034d4f46d456950bb,2017-10-23T10:14:34.000Z,0.0015,0xe89a2a7a15cbaae3c58a03d79485373e216226d6,buy,0x40395044ac3c0c57051906da938b54bd6557f212,0x6793bded4ad370f7db466f35f696b08c63adbe6e39522095c9b468c43733e1aa
43,0.1302088,0.000105469128,0x3a0cc8afecbb6fe9567cd7e6dac685287f7a217d,2017-10-23T00:24:28.000Z,0.00081,0x57ff69166046245772dd53b9b079beeff1eaf58f,sell,0x40395044ac3c0c57051906da938b54bd6557f212,0x1a036f9d7e9bfd9f702b881bc4ed8dd3ccaba35a4412b22be2d8b18424dbc906
44,1306.12443724,1.044899549792,0xe89a2a7a15cbaae3c58a03d79485373e216226d6,2017-10-23T00:23:43.000Z,0.0008,0x57ff69166046245772dd53b9b079beeff1eaf58f,sell,0x40395044ac3c0c57051906da938b54bd6557f212,0x53dde61629c29a89336941170b433a63d7bee28ac85424666d5b40934773c1a0
45,2000,1.64002,0x3dee4a4e076e8d82859d241db0baf46f112cfa23,2017-10-23T00:22:05.000Z,0.00082001,0x57ff69166046245772dd53b9b079beeff1eaf58f,sell,0x40395044ac3c0c57051906da938b54bd6557f212,0x67938f70e3a8130ee850474ce483291dd640b6f4d499c4f6fade20915dafd4fb
46,680,0.816,0x43130148060f177c78825cbd5a0d0a18879b18bc,2017-10-23T00:22:05.000Z,0.0012,0x57ff69166046245772dd53b9b079beeff1eaf58f,sell,0x40395044ac3c0c57051906da938b54bd6557f212,0x00793adf832fe8b86ccea790b75e93163352002c4998ef0445b7250087a202bc
47,1300,1.30143,0x3dee4a4e076e8d82859d241db0baf46f112cfa23,2017-10-23T00:22:05.000Z,0.0010011,0x57ff69166046245772dd53b9b079beeff1eaf58f,sell,0x40395044ac3c0c57051906da938b54bd6557f212,0xdb0850697610319365c101b300f598913596346993a549ccacb48ab08c4791fb
48,1200,1.32012,0x3dee4a4e076e8d82859d241db0baf46f112cfa23,2017-10-23T00:22:05.000Z,0.0011001,0x57ff69166046245772dd53b9b079beeff1eaf58f,sell,0x40395044ac3c0c57051906da938b54bd6557f212,0x2fab7f8329710291b08a22a4d630cad0fb28c33e80e71d279718f560b57f2d48
49,2000,1.6222,0x3dee4a4e076e8d82859d241db0baf46f112cfa23,2017-10-23T00:22:05.000Z,0.0008111,0x57ff69166046245772dd53b9b079beeff1eaf58f,sell,0x40395044ac3c0c57051906da938b54bd6557f212,0x03685579752c0ba5ffe485830883021e216ace01c837038d5c795a145d33454f
50,9000,7.299999,0xb902ba6e3272e66c74035d7e30f4fa9279bd56f9,2017-10-23T00:22:05.000Z,0.000811111,0x57ff69166046245772dd53b9b079beeff1eaf58f,sell,0x40395044ac3c0c57051906da938b54bd6557f212,0x21091efb3ae9dbfc6897fd9e1936267f77cbb482a3caa791dc7c7cd8c761ae01
51,735.859,0.8831043859,0x3dee4a4e076e8d82859d241db0baf46f112cfa23,2017-10-23T00:21:30.000Z,0.0012001,0x57ff69166046245772dd53b9b079beeff1eaf58f,sell,0x40395044ac3c0c57051906da938b54bd6557f212,0x819119de1df723554237e5b65c8b0d860ab3e8feb7871967a3ed00fb8e3b3abd
52,464.14092989,0.557015529960989,0x3dee4a4e076e8d82859d241db0baf46f112cfa23,2017-10-22T22:45:38.000Z,0.0012001,0x0775b13094d38f51b5c8ea0f693a6fba317c220b,sell,0x40395044ac3c0c57051906da938b54bd6557f212,0x396602051a850a33e60b0c43ccc530823f4720d2e49dc59bff815868e7a4d738
53,465.57976678,0.8101087942060609,0x0775b13094d38f51b5c8ea0f693a6fba317c220b,2017-10-21T22:59:24.000Z,0.0017400000000190319,0x5b6d4235581e83ce2a544a807e86e70196063623,buy,0x40395044ac3c0c57051906da938b54bd6557f212,0xf80bbfac43c0c5fe92f6c0a1121eac7b87ebe93e909e58c41b1165848fbc835e
54,50,0.085,0x2346ec020397e426a781d0ad2b55e6b71432808f,2017-10-21T21:29:34.000Z,0.0017,0x7637925fac0e96f666aa5f6bf40742852c28c64c,buy,0x40395044ac3c0c57051906da938b54bd6557f212,0x51de925f20a68df92bb5f22f3d309a9d8d4ff30465afe0e8682bd9e21ecf0ca5
55,150,0.255,0xbbdfb5c8f0e14eb1718e3983ffc4e446e428a4fe,2017-10-21T00:46:05.000Z,0.0017,0x7637925fac0e96f666aa5f6bf40742852c28c64c,buy,0x40395044ac3c0c57051906da938b54bd6557f212,0x25f61aae8259797e04bcfef252b99bf45a4fc314df55af36a20550c85e76e108
56,1,0.00173,0x3ac636ac5c3a2576156ac5f10066ca68abe0ad54,2017-10-18T16:55:02.000Z,0.00173,0x7637925fac0e96f666aa5f6bf40742852c28c64c,buy,0x40395044ac3c0c57051906da938b54bd6557f212,0x8a6c35554a2ccd0b834c7a2c099bbeae45698d0a2a9417a170bcad9666978a14
57,0.31250019,0.0005,0x379374d13077e8867ef31803c37baf9785a17c00,2017-10-18T15:19:26.000Z,0.0015999990272005916,0xf735e0fb87a3e556fa34cef82158a3c19d980964,buy,0x40395044ac3c0c57051906da938b54bd6557f212,0x82e7d0f36ce487ddd0e10567a648e3e46271f52d7f31e69554ec83433f4b9f9a
58,0.31250019,0.0005,0xf9695cd65d6dfdf257fab76a3eb0cb8f001971cc,2017-10-18T15:19:26.000Z,0.0015999990272005916,0xf735e0fb87a3e556fa34cef82158a3c19d980964,buy,0x40395044ac3c0c57051906da938b54bd6557f212,0x26eac10279c794aca9734f3cdc2875a081daf36f1c8572b3769ca064529d8b8f
59,0.00671195,0.00000671195,0x3dee4a4e076e8d82859d241db0baf46f112cfa23,2017-10-18T09:14:41.000Z,0.001,0x5a90b11f3f6cbfd2984c434db09c03e3a5475228,sell,0x40395044ac3c0c57051906da938b54bd6557f212,0x5545d002a9e07595848965d49ced7e9beb49401237d37025746595d1082b0987
60,0.31250019,0.0005,0x16e5d97bbc92417e051e3b2cabfbf8ceea2acb9c,2017-10-17T17:58:57.000Z,0.0015999990272005916,0xf735e0fb87a3e556fa34cef82158a3c19d980964,buy,0x40395044ac3c0c57051906da938b54bd6557f212,0x43a3a0efb4b0b1fbef0e33a47a144cef0655d89446d96cb983cc358f56454cf4
61,0.3125,0.0005,0xcd912af5286dc0b0a23edb30209734ecb60838b3,2017-10-17T05:37:50.000Z,0.0016,0xef9fdcecbb234a8b28334344ca6f9dafb6db6683,buy,0x40395044ac3c0c57051906da938b54bd6557f212,0xe6be2ac70ba4a1125b7d70494ccc1adb119b04ba1b296ce97243d36b8c0904d7
62,197,0.22261,0x29b8eca0a380c562a00b7e5d1fbc624e5be736a5,2017-10-16T14:08:28.000Z,0.00113,0x3dee4a4e076e8d82859d241db0baf46f112cfa23,sell,0x40395044ac3c0c57051906da938b54bd6557f212,0x1a844aef6d780ffa56d389e877f3c3139f32983d317220face50720bb9b77ebb
63,0.2283105,0.0005,0x350f6f675b20d606bb7f6c412ef4775c9bc57168,2017-10-15T20:46:31.000Z,0.0021900000219,0x9270dda6d7d1cff98c68fa963d11274bea602502,buy,0x40395044ac3c0c57051906da938b54bd6557f212,0x92d4012176d34580085fa418426ae766fcd6363c4eace7a0bb8ba567db812228
64,0.2283105,0.0005,0x3bfdec5343e950ce45522eef9948c977631b4000,2017-10-15T20:46:31.000Z,0.0021900000219,0x9270dda6d7d1cff98c68fa963d11274bea602502,buy,0x40395044ac3c0c57051906da938b54bd6557f212,0x30e6a8cfef5f04ab8116bc1c0a5b113b4af09d14edda12c02a260b30541821fe
65,8.18453604,0.00818453604,0x3dee4a4e076e8d82859d241db0baf46f112cfa23,2017-10-15T13:18:52.000Z,0.001,0x4b2e87745c3a11e50d5bb4d83a763f95069852a5,sell,0x40395044ac3c0c57051906da938b54bd6557f212,0xc289dc14f74e59ccf31d423b3455d990921de95389daa82c4328e3aa9fdb7ef4
66,190,0.247,0x979165d2277911b198c1c17bb04f5c9c300e6b91,2017-10-14T15:49:47.000Z,0.0013,0x3dee4a4e076e8d82859d241db0baf46f112cfa23,sell,0x40395044ac3c0c57051906da938b54bd6557f212,0xa5501adc3e941ddbdad0075736efa42b443c7b5fd99149550474323ccc2585df
67,277.53863026,0.3608029947243026,0x3dee4a4e076e8d82859d241db0baf46f112cfa23,2017-10-13T08:09:07.000Z,0.00130001,0xe89a2a7a15cbaae3c58a03d79485373e216226d6,sell,0x40395044ac3c0c57051906da938b54bd6557f212,0x8a21cdbaacdf0640b84ace726409b9d79cbfbe42de5be6a8a34ea2dd5d4b9e6c
68,610.1046755,0.793142179196755,0x3dee4a4e076e8d82859d241db0baf46f112cfa23,2017-10-13T07:48:36.000Z,0.00130001,0xab296c308b24c972b60a662262f144eeefc27ec8,sell,0x40395044ac3c0c57051906da938b54bd6557f212,0xd6f44307fe7a9a1c01d00b2e0c27a3c0ede908dd4c9b55a3be55b674c4a79ff6
69,112.35669424,0.1460648260789424,0x3dee4a4e076e8d82859d241db0baf46f112cfa23,2017-10-12T17:58:03.000Z,0.00130001,0x884246cb490205f1183ac60f937bbca2d99f76b2,sell,0x40395044ac3c0c57051906da938b54bd6557f212,0xc190214879f7123fa2b36072c6c428ce903f0882c29f2b0bbe1682886e130a36
70,1181.70932007,1.536222116091,0xe89a2a7a15cbaae3c58a03d79485373e216226d6,2017-10-12T15:03:43.000Z,0.0013,0xe8820697823675fe0dd42cbd5c2eb01cbc2999c2,sell,0x40395044ac3c0c57051906da938b54bd6557f212,0xb7e4a7fae708470d72e0674c1a9e047e6a1c0237bac7c478fbf19bf2f1229a14
71,80,0.10400008,0x36ae02c0a243c1021d9b9bd675802bf49c4162df,2017-10-12T14:55:40.000Z,0.001300001,0xe8820697823675fe0dd42cbd5c2eb01cbc2999c2,sell,0x40395044ac3c0c57051906da938b54bd6557f212,0xe60410c7083b67e190f732845d78094050693c210e40065f14ba9b297487e20e
72,729.2,0.9494184,0x7637925fac0e96f666aa5f6bf40742852c28c64c,2017-10-12T14:52:02.000Z,0.001302,0xe8820697823675fe0dd42cbd5c2eb01cbc2999c2,sell,0x40395044ac3c0c57051906da938b54bd6557f212,0x2f9c7370ca4c33a3844939dfb11237516ad0a4b9277fd3ddd2c6c88a9b636b21
73,1000,1.3022,0x3dee4a4e076e8d82859d241db0baf46f112cfa23,2017-10-12T14:49:06.000Z,0.0013022,0xe8820697823675fe0dd42cbd5c2eb01cbc2999c2,sell,0x40395044ac3c0c57051906da938b54bd6557f212,0x11b585336014e04cadd08d91c433b661947e4d511d3d3dcea03ec561f30011a0
74,10,0.0160003,0x5d5065b42bdee0274e394ba9042c21e1818c69cf,2017-10-09T21:20:24.000Z,0.00160003,0x884246cb490205f1183ac60f937bbca2d99f76b2,sell,0x40395044ac3c0c57051906da938b54bd6557f212,0xc16e8b663ff2f9e134d2e48da30275b4207a672e5ad06129531d3631bd450a13
75,47.5289955,0.0760463928,0x3dee4a4e076e8d82859d241db0baf46f112cfa23,2017-10-08T22:04:29.000Z,0.0016,0xbfb50b318ebd18975bd60b8d21488a8595debe74,sell,0x40395044ac3c0c57051906da938b54bd6557f212,0x7441e9a3dc26f51ae303d81f044d898c60eac04c130a6be3923753fbb17531c7
76,7.47,0.0163593,0xdbcbec09b690d9391cafe261d13dc053dacdde7c,2017-10-07T19:29:56.000Z,0.00219,0xe4f789a179d1af8335c3a53d95af3cca1c47a56f,buy,0x40395044ac3c0c57051906da938b54bd6557f212,0x47474b9971594effe8f2c9d15f66b0ac6e7a0c36be4344bbdc3244bcfafee7c5
77,36.53,0.0800007,0xb7e17d6397a1279366908f32c0e963c9eac191f1,2017-10-07T16:25:20.000Z,0.00219,0xe4f789a179d1af8335c3a53d95af3cca1c47a56f,buy,0x40395044ac3c0c57051906da938b54bd6557f212,0xbfe080071e27a5863cfde97a5550a14e1bd79b44c62a29022200e9f24625960d
78,169,0.27040507,0x04abf492d5a407550c7129e72294a3b7a2ffc6dc,2017-10-07T11:13:05.000Z,0.00160003,0x884246cb490205f1183ac60f937bbca2d99f76b2,sell,0x40395044ac3c0c57051906da938b54bd6557f212,0x42e38c1157a0a0681797a6a1dee9e61c5b8db0d16ecf9edbd516b63608eba6e1
79,6,0.01314,0x755dfe72cff68f68627b7a6ce5ef96ece2bfcfdc,2017-10-06T15:55:10.000Z,0.00219,0xe4f789a179d1af8335c3a53d95af3cca1c47a56f,buy,0x40395044ac3c0c57051906da938b54bd6557f212,0x9c3e539d321833605f9b2c02e13233b510958ac402503f845da08d19677e8774
80,10,0.0219,0x2d534326fc874454b4c218c78777656a2e8fd84b,2017-10-06T06:34:31.000Z,0.00219,0xe89a2a7a15cbaae3c58a03d79485373e216226d6,sell,0x40395044ac3c0c57051906da938b54bd6557f212,0x108b0c851d03e83e270da106f398968511e952a0997c2fc73045adf33b5993a3
81,72.915,0.160413,0x755dfe72cff68f68627b7a6ce5ef96ece2bfcfdc,2017-10-06T03:29:49.000Z,0.0022,0xe89a2a7a15cbaae3c58a03d79485373e216226d6,buy,0x40395044ac3c0c57051906da938b54bd6557f212,0xbc54006218084f9d3b3c2197c269d0e819619f3f74a51b0209a3cb2403156dcb
82,227.08498454,0.4995869659938429,0x755dfe72cff68f68627b7a6ce5ef96ece2bfcfdc,2017-10-06T03:24:37.000Z,0.00220000000002573,0xe89a2a7a15cbaae3c58a03d79485373e216226d6,buy,0x40395044ac3c0c57051906da938b54bd6557f212,0x7d8087b1dead29228527e86cf6fa1e1dbb067e767597eaec97f8ba3de5413a08
83,700,1.54,0x755dfe72cff68f68627b7a6ce5ef96ece2bfcfdc,2017-10-06T02:18:36.000Z,0.0022,0xe89a2a7a15cbaae3c58a03d79485373e216226d6,buy,0x40395044ac3c0c57051906da938b54bd6557f212,0x54d829067f5e09842099462c68d598c756947318e9a1ff4acac213b04f808f8a
84,47.575,0.0999075,0xb6eee08dd1fd9a5b6f45328b9196db505e754a68,2017-10-05T14:57:26.000Z,0.0021,0xe4f789a179d1af8335c3a53d95af3cca1c47a56f,buy,0x40395044ac3c0c57051906da938b54bd6557f212,0xf11018087bc42ecdbba0b560136ef9d24eae59c0f65149fd7be6ff0b3dbd3bcb
85,494.03026662,0.7904563310762659,0x3dee4a4e076e8d82859d241db0baf46f112cfa23,2017-10-04T15:27:18.000Z,0.001600016,0xbfb50b318ebd18975bd60b8d21488a8595debe74,sell,0x40395044ac3c0c57051906da938b54bd6557f212,0x73dc26a59d6e8f357dbc00e2b87f3105c799c2e9fd90430a7e347fd7eefc7ef0
86,72.464,0.1666672,0x7791f89e603835a6d67939712cfad31db6a1b94c,2017-09-30T18:01:54.000Z,0.0023,0xe89a2a7a15cbaae3c58a03d79485373e216226d6,buy,0x40395044ac3c0c57051906da938b54bd6557f212,0xe71f02df0dd1754327fa0577a8521427116ea204a79e7a391b4b2d94748396f1
87,0.59367986,0.0009498937127986,0x3dee4a4e076e8d82859d241db0baf46f112cfa23,2017-09-30T14:48:45.000Z,0.00160001,0xe8820697823675fe0dd42cbd5c2eb01cbc2999c2,sell,0x40395044ac3c0c57051906da938b54bd6557f212,0xa4f4ea7361cb7079701c595f38cb6792626e655dc6c765df203c49e632d780e1
88,801.440048,1.28231209120048,0x3dee4a4e076e8d82859d241db0baf46f112cfa23,2017-09-30T14:21:44.000Z,0.00160001,0xe8820697823675fe0dd42cbd5c2eb01cbc2999c2,sell,0x40395044ac3c0c57051906da938b54bd6557f212,0xf0dd3830ff503319d5a4c00a9bdcc734e00670ca74f2e3b25ec0676ad32345d2
89,587,0.9979,0x5b6d4235581e83ce2a544a807e86e70196063623,2017-09-30T14:17:27.000Z,0.0017,0xe8820697823675fe0dd42cbd5c2eb01cbc2999c2,sell,0x40395044ac3c0c57051906da938b54bd6557f212,0xbabc3d5d4d28082228114f3a40071c76ca63ddf8b62b3a3b288500614df9eeb7
90,600,1.020006,0x3dee4a4e076e8d82859d241db0baf46f112cfa23,2017-09-30T14:13:41.000Z,0.00170001,0xe8820697823675fe0dd42cbd5c2eb01cbc2999c2,sell,0x40395044ac3c0c57051906da938b54bd6557f212,0xe87322bcc710b7e9fd2209f3be553b24fb29f2c16b9a870e398258f1d43dfbc2
91,4.984,0.009968,0x03797dc036af11910f7a7e30d791d2bcb5e4a7ca,2017-09-30T14:12:00.000Z,0.002,0xe8820697823675fe0dd42cbd5c2eb01cbc2999c2,sell,0x40395044ac3c0c57051906da938b54bd6557f212,0x5753f4ce529c9ff6562647432c6da60b19fcf9a71497c5e48580778364f53389
92,1,0.0023,0xa0be78d2bac6a692adba423c7af50ec86a18bddf,2017-09-28T12:58:20.000Z,0.0023,0xe89a2a7a15cbaae3c58a03d79485373e216226d6,buy,0x40395044ac3c0c57051906da938b54bd6557f212,0x962b6efbb07e51d5ff9033eee58e9e3cf3b6ddaf24114fa593a6a177dfa08971
93,150.8,0.33176,0x15f3719e4d502c8720e6e6ac3d01ccc888ee6f1e,2017-09-28T08:13:43.000Z,0.0022,0x3dee4a4e076e8d82859d241db0baf46f112cfa23,buy,0x40395044ac3c0c57051906da938b54bd6557f212,0x928ac7a0401d3167bb2f513a4a90cd9ac4d38fdc0115c68311d58a81ba3408e8
94,150.80315154,0.23457430222047,0x3dee4a4e076e8d82859d241db0baf46f112cfa23,2017-09-28T05:05:33.000Z,0.0015555,0x1ed014aec47fae44c9e55bac7662c0b78ae61798,sell,0x40395044ac3c0c57051906da938b54bd6557f212,0xcc3f348e856d174471ad7bd6edee1dcda58a671dff9b9254a4b33203ad6ff938
95,103.4861928,0.161438460768,0xd98a3954353055ab642c9159c7f3b25dac2dc29b,2017-09-27T17:07:21.000Z,0.00156,0x5bc947356b9a75fdcb92f3eb550682941aca376b,sell,0x40395044ac3c0c57051906da938b54bd6557f212,0xa80244c2c79a8dc668b4cc39db5b33c8b84918f8d4f0e87c8710213f775ffcbc
96,5428.98713986,7.057683281818,0xe89a2a7a15cbaae3c58a03d79485373e216226d6,2017-09-27T13:49:44.000Z,0.0013,0x30e346633e166710a11f51031ca77e5dfe952153,sell,0x40395044ac3c0c57051906da938b54bd6557f212,0xafbbcf2d3613c8a64a6dbe2bfc8622dd4977796a894885916c3c035134e1eca6
97,86.608,0.21652,0x7a9fdbd9ed444d8cdd2513c66474602f68c138f3,2017-09-27T03:45:16.000Z,0.0025,0xe89a2a7a15cbaae3c58a03d79485373e216226d6,buy,0x40395044ac3c0c57051906da938b54bd6557f212,0x0da098621a02f868c7f4edd79b0beb619006113ad375372f5859436a8b031d9b
98,7950,15.9,0x669f0ab96fd3beb68bc836bb874894bbb516331a,2017-09-26T19:49:09.000Z,0.002,0xe89a2a7a15cbaae3c58a03d79485373e216226d6,buy,0x40395044ac3c0c57051906da938b54bd6557f212,0x1b70dd671fd87016e85f1a345dcc343c93635f11f95845a0aa7465dee79e7ebc
99,50,0.1,0x1422f4dbb503e88c2507e26691ea9e38fb7e2eaa,2017-09-26T17:11:38.000Z,0.002,0xe89a2a7a15cbaae3c58a03d79485373e216226d6,buy,0x40395044ac3c0c57051906da938b54bd6557f212,0x1607628acbc5e4500985d10da1df50444953a29d86bb9094f8ef40717419d6a9
100,4.20990811,0.005051889732,0x4b2e87745c3a11e50d5bb4d83a763f95069852a5,2017-09-25T10:48:19.000Z,0.0012,0xabbff179b926e6f24f9d636a4b48b5453fdf3b69,sell,0x40395044ac3c0c57051906da938b54bd6557f212,0x9504930d272c040b2544d9845aa486f9b709ec3e5be7a728c94a5d0d703026f2
101,20,0.039998,0x4d8249161f6b88162612ffb49da8e91ed7c99ab0,2017-09-25T02:12:48.000Z,0.0019999,0x3dee4a4e076e8d82859d241db0baf46f112cfa23,buy,0x40395044ac3c0c57051906da938b54bd6557f212,0xf398772f953d9eb063942d27ffb5942b62a93af046db2358233ccd4791c66c01
102,0.2500125,0.0005,0x23ee598e50ff1b1bde1022bf3c8a41d4c23321a0,2017-09-25T00:33:43.000Z,0.00199990000499975,0x3dee4a4e076e8d82859d241db0baf46f112cfa23,buy,0x40395044ac3c0c57051906da938b54bd6557f212,0x68237461288adbb38dff093513ed8faaa481c82a13166ba28eac554399c2ec6b
103,0.2500125,0.0005,0xe5a759eb3e214ff0a2bbbea31acc41c9bf27b239,2017-09-25T00:19:30.000Z,0.00199990000499975,0x3dee4a4e076e8d82859d241db0baf46f112cfa23,buy,0x40395044ac3c0c57051906da938b54bd6557f212,0x0b88ffbc9ca7d8a7fa061a76288e1b7645bb413a67ab7095a135e197dc1afb04
104,0.2500125,0.0005,0x160506e5a5ce5dadd43623689f53d5aa1f288f0f,2017-09-25T00:10:07.000Z,0.00199990000499975,0x3dee4a4e076e8d82859d241db0baf46f112cfa23,buy,0x40395044ac3c0c57051906da938b54bd6557f212,0x7381b12606adfa5341ab39f54e9b1b984511e2a4e303ec3983204287ab253696
105,0.249,0.00049799751,0x3706f7087d1e07976a2377555c37fb59f4d4ade5,2017-09-24T23:27:42.000Z,0.00199999,0xd868b838b5de79f1e540b5d83c9e9a3d0b3810cd,sell,0x40395044ac3c0c57051906da938b54bd6557f212,0x0ed47faba09eb55c1d75edca20e48f464c10d30625d3556cc43318340d9d6a67
106,0.224,0.00044799776,0x3706f7087d1e07976a2377555c37fb59f4d4ade5,2017-09-24T23:07:53.000Z,0.00199999,0x1f8ac99600c61189d92c85cc760735b9e0067a60,sell,0x40395044ac3c0c57051906da938b54bd6557f212,0x2e489e1b0268d7d6c1557f007adbd1626aa5febe3b6f961bfea12fb3f4b0ba7d
107,624,0.0000624,0x584e9c20775461884c00bba8e16ccf215e1a5efb,2017-09-24T04:00:19.000Z,0.0000001,0xeb9bfc15302ef4a3a7a484ef383ada02f9169b74,sell,0x40395044ac3c0c57051906da938b54bd6557f212,0x1b824e6f1e917e76d1a2990780d0ba7c8e91d3f06faadff3e5ff270a2bdb308b
108,0.2500125,0.0005,0xc22f5ab4f1591613a92b4d172cc7f4e4a5af58cd,2017-09-23T23:28:20.000Z,0.00199990000499975,0x3dee4a4e076e8d82859d241db0baf46f112cfa23,buy,0x40395044ac3c0c57051906da938b54bd6557f212,0x9c48d15c95db53b8ff6bd720cf6bc10a0ecd658b460b13b6bc86a152c569bb54
109,0.2500125,0.0005,0x452b06f1c61cff4c9bebaa405319a7c3b12553a2,2017-09-23T23:28:20.000Z,0.00199990000499975,0x3dee4a4e076e8d82859d241db0baf46f112cfa23,buy,0x40395044ac3c0c57051906da938b54bd6557f212,0x292cbfb3533beac479c083956377ca86a3278870f8224f863a628271edf401aa
110,0.2500125,0.0005,0x2ba19ec4bcd5ae8de66b110bde5ebf41092bd02f,2017-09-23T19:18:29.000Z,0.00199990000499975,0x3dee4a4e076e8d82859d241db0baf46f112cfa23,buy,0x40395044ac3c0c57051906da938b54bd6557f212,0xe889954d49eafcdb0c6e9f2d0bb6e586e98329c685538d9810c696fb0ee463d6
111,0.2500125,0.0005,0x18a902dc44442205b4ba2b1dc038e67506d22c55,2017-09-23T16:24:55.000Z,0.00199990000499975,0x3dee4a4e076e8d82859d241db0baf46f112cfa23,buy,0x40395044ac3c0c57051906da938b54bd6557f212,0xe96641cfc9434991dcdf31e43b617eaefb6440113fd36f90210bf8d984a3aab2
112,0.2500125,0.0005,0xd868b838b5de79f1e540b5d83c9e9a3d0b3810cd,2017-09-23T16:23:28.000Z,0.00199990000499975,0x3dee4a4e076e8d82859d241db0baf46f112cfa23,buy,0x40395044ac3c0c57051906da938b54bd6557f212,0x4df3e4f9cee2ba8204c3635d64575ed62c324c8dc1ef4135a0fc663a4865e9f2
113,13.95673412,0.0279133286726588,0x3706f7087d1e07976a2377555c37fb59f4d4ade5,2017-09-23T14:42:41.000Z,0.00199999,0xe72cb9f5b712fb94bd1b8b9589c2bf80efdbae34,sell,0x40395044ac3c0c57051906da938b54bd6557f212,0x1b45275a53c8ab385af5327baf7d90a09b946148a2ff2d6fc889c0da51370685
114,0.99695942,0.001993819160602133,0x039593f9d775901445427684fae0837eeff37963,2017-09-23T13:49:27.000Z,0.00199990001659459,0x3dee4a4e076e8d82859d241db0baf46f112cfa23,buy,0x40395044ac3c0c57051906da938b54bd6557f212,0x8261bec2b62fa76d6080743fa6dc23986238825c8767542f583b4cd35f08d4e3
115,0.224,0.00044799776,0x3706f7087d1e07976a2377555c37fb59f4d4ade5,2017-09-23T13:47:53.000Z,0.00199999,0x0f657c396dfcd6c59bb82b89fc3adbe5f90ce153,sell,0x40395044ac3c0c57051906da938b54bd6557f212,0xa923e52c0863459c9724beb5924486ec95267685ca8a7ad1af9b5832adf3a196
116,1,0.0019999,0x636d925f140f761f7a0e600db2177dd068ddada1,2017-09-23T10:36:00.000Z,0.0019999,0x3dee4a4e076e8d82859d241db0baf46f112cfa23,buy,0x40395044ac3c0c57051906da938b54bd6557f212,0x13f112f7063dc0dcc492a1308ccd2ac56b1b9b57ac467808c8c9bee47ad2ce2c
117,1,0.0019999,0x18bc639218a3abdf0772a49c3c4ea2ee9148ddc4,2017-09-23T09:38:19.000Z,0.0019999,0x3dee4a4e076e8d82859d241db0baf46f112cfa23,buy,0x40395044ac3c0c57051906da938b54bd6557f212,0x69cbf6c6c33023e6ef117cf62bc2416e25fde2e93345eb68df42c809a28f70f8
118,1,0.0019999,0x0c3d0fc12a1ab89e3b00180bf9988762a44d69d4,2017-09-23T07:05:38.000Z,0.0019999,0x3dee4a4e076e8d82859d241db0baf46f112cfa23,buy,0x40395044ac3c0c57051906da938b54bd6557f212,0x1b8019a8235d31b57bc8cf108c851856c8468649d888863321a9c6234567eee3
119,121.98656843,0.195178509488,0x3dee4a4e076e8d82859d241db0baf46f112cfa23,2017-09-22T13:07:12.000Z,0.0016,0x00c0798c0df1e87069417e76b8ca4fa089d051f1,sell,0x40395044ac3c0c57051906da938b54bd6557f212,0x1cc9f5955003330df3bc54975340776a04e8570269a613764108da1f39fe201b
120,0.38789135,0.00062062616,0x3dee4a4e076e8d82859d241db0baf46f112cfa23,2017-09-22T11:09:12.000Z,0.0016,0x5c029c3bd7369d67645957bca367b988b4339688,sell,0x40395044ac3c0c57051906da938b54bd6557f212,0x8760272ef5575ae200d795e614246e56a01dd23cccd03216d7947bb19e6eece4
121,3890.93809191,3.89093809191,0xe89a2a7a15cbaae3c58a03d79485373e216226d6,2017-09-22T11:06:12.000Z,0.001,0x5c029c3bd7369d67645957bca367b988b4339688,sell,0x40395044ac3c0c57051906da938b54bd6557f212,0xa407c3a43844597179e574b9c4c6cfd8369844780bbf5c3a11a6a0cf1e0ac723
122,140.56425082,0.224902801312,0x3dee4a4e076e8d82859d241db0baf46f112cfa23,2017-09-22T10:31:09.000Z,0.0016,0x460d8aed23115d1339fd5405e96d14f4dbd80a6a,sell,0x40395044ac3c0c57051906da938b54bd6557f212,0x09b5e5c1895ebc56a0cf25e5726644f4541b63a6d9152fbe9466aacda9e63fe3
123,0.22727272,0.0005,0x999dbc9673afdd6b6c140c261297f89de35ff1b3,2017-09-22T06:05:38.000Z,0.0022000000704000024,0x647d6be738c8a8370f96fa89376a75529f7ba400,buy,0x40395044ac3c0c57051906da938b54bd6557f212,0xd9ae45e8a6dc442535feb9be1282007a7459eb506907491bdeda772845dde4f4
124,0.22727272,0.0005,0x999dbc9673afdd6b6c140c261297f89de35ff1b3,2017-09-22T05:30:28.000Z,0.0022000000704000024,0x647d6be738c8a8370f96fa89376a75529f7ba400,buy,0x40395044ac3c0c57051906da938b54bd6557f212,0x4e7afe7089e9232db87ecc29505e197c1a1e5a68530cdd7602609c622b503b92
125,0.22727272,0.0005,0x8612d2a48328bbf318b856ed0daaa4a7034383d0,2017-09-22T05:23:58.000Z,0.0022000000704000024,0x647d6be738c8a8370f96fa89376a75529f7ba400,buy,0x40395044ac3c0c57051906da938b54bd6557f212,0x90ffb2a3c773b83489695fd4c2de9c6968f689292a091201295d7061049e8a44
126,0.22727272,0.0005,0x10c12555236fa11fc988be565ab70c82a4660ecf,2017-09-22T05:14:41.000Z,0.0022000000704000024,0x647d6be738c8a8370f96fa89376a75529f7ba400,buy,0x40395044ac3c0c57051906da938b54bd6557f212,0x6ceabc632bfc1d979d8693f1f4cbce8ee66f4e55aa1f1be26b946c40069dbcb7
127,0.455,0.001001,0x19b78488b79c6a45d4e060f05a2b35c4873f25c5,2017-09-22T05:09:50.000Z,0.0022,0x647d6be738c8a8370f96fa89376a75529f7ba400,buy,0x40395044ac3c0c57051906da938b54bd6557f212,0x732874babd78f92b8c3217c224a89f18c982863758cc27c7b3af5f2951f850a7
128,0.22727272,0.0005,0x8f28b1970e72adb11173044ebc762800e3128238,2017-09-22T05:05:59.000Z,0.0022000000704000024,0x647d6be738c8a8370f96fa89376a75529f7ba400,buy,0x40395044ac3c0c57051906da938b54bd6557f212,0xfb532cf5711f922f01449bf3991122cdb2e9f87795e5bbd551cec550bb546f8d
129,0.22727272,0.0005,0x7ed2114439b24152cf18c02c10cae681a7ca2adc,2017-09-22T05:04:27.000Z,0.0022000000704000024,0x647d6be738c8a8370f96fa89376a75529f7ba400,buy,0x40395044ac3c0c57051906da938b54bd6557f212,0xee909f08fc32c78e5dfd1e1657f7dfe34facb3929e2d11311ad50a8ce8f0e0bc
130,0.22727272,0.0005,0x03dd03643b71b06642179afb38211c0f45699bc5,2017-09-22T04:56:56.000Z,0.0022000000704000024,0x647d6be738c8a8370f96fa89376a75529f7ba400,buy,0x40395044ac3c0c57051906da938b54bd6557f212,0x6315fca2f342b92a03b2761701eb290c0ddec5909b760dad0e763cda7ae44994
131,45.455,0.100001,0xdd69ac836b4c1856290696a2c89f2503781ed11c,2017-09-21T07:48:09.000Z,0.0022,0x647d6be738c8a8370f96fa89376a75529f7ba400,buy,0x40395044ac3c0c57051906da938b54bd6557f212,0xb3e2cadb814c6785267372d0ccb4cecfd3667efd23855d2191e9d74c0d314709
132,0.222,0.00036408,0x42cd573e485a8822dcd3ee8bd65d20c5b486057b,2017-09-19T19:44:25.000Z,0.00164,0x8b24d80c6dd6e1af5a000e03ca8f00886a05f6f5,sell,0x40395044ac3c0c57051906da938b54bd6557f212,0x8ff05cbb98ce35847ac8c99a11a83f491ea9e25d8c5609649a06e54d7441b8ce
133,99.61095136,0.1633629563399136,0x3dee4a4e076e8d82859d241db0baf46f112cfa23,2017-09-19T18:07:37.000Z,0.00164001,0x2b3f1961d3feec7fc8dfad0933be177e772f8f5c,sell,0x40395044ac3c0c57051906da938b54bd6557f212,0x30e4bcdef9edfd2b36456ab1214e30cc6bf1f000506f59a6f7ac1f10f8de9b5d
134,0.221,0.00036244221,0x3dee4a4e076e8d82859d241db0baf46f112cfa23,2017-09-19T14:56:48.000Z,0.00164001,0x4c2fb430e95954bcfa54ce4741a9fc2ff6e415ad,sell,0x40395044ac3c0c57051906da938b54bd6557f212,0xbc7b57c7c8b15b9efdb722e313504f22c3e47ffa4eec4e39444664a0c7d7d081
135,174,0.28536,0x42cd573e485a8822dcd3ee8bd65d20c5b486057b,2017-09-18T18:18:43.000Z,0.00164,0x746abfc1c7025742fbce3cac3a560bedf69d12cb,sell,0x40395044ac3c0c57051906da938b54bd6557f212,0x42e8999bb23eb1cd085557d7a086b9b7ade61d91d0d9c0e9c29553357a7f9cdc
136,598.15035894,0.9809606071580106,0x3dee4a4e076e8d82859d241db0baf46f112cfa23,2017-09-18T15:37:11.000Z,0.00163999,0x924faf35ff382ccb27df0537f53137cbf99d1e60,sell,0x40395044ac3c0c57051906da938b54bd6557f212,0x33aeaa3be0f7a4dc9833725399d7acb36384c564250aa0483f728c3e3f85cb6c
137,26.7201541,0.043553851183,0x3dee4a4e076e8d82859d241db0baf46f112cfa23,2017-09-16T23:55:30.000Z,0.00163,0xaba13099d371a483dbf6cfd5ca654c7a3547cc74,sell,0x40395044ac3c0c57051906da938b54bd6557f212,0x07310c27e32ba12d90ac4eedefabee1e0ac24e530dcc23f74eb2659b652c06e7
138,194.90328538,0.38980657076,0x7297e768614f2a316f0fc400b2260c5349fbbfb4,2017-09-16T22:45:58.000Z,0.002,0xf142f26d1cac4ba8a6e6d7974d243eda2fe5f4f9,sell,0x40395044ac3c0c57051906da938b54bd6557f212,0xbe0311e4b64bc2e78657c7294a1b3324dc8ddc54318e1afc4d0c1fcdb443b062
139,0.22522522,0.0005,0x42c24a83bded723edfdf5883bc7efb30bc1a1bf3,2017-09-16T17:29:34.000Z,0.0022200000515040013,0x647d6be738c8a8370f96fa89376a75529f7ba400,buy,0x40395044ac3c0c57051906da938b54bd6557f212,0x86a7133f6ce267f8cb1f27fe88ec23177bffa912997bfd41bb3d64a9aa7e9963
140,0.22522522,0.0005,0x0f657c396dfcd6c59bb82b89fc3adbe5f90ce153,2017-09-16T15:51:30.000Z,0.0022200000515040013,0x647d6be738c8a8370f96fa89376a75529f7ba400,buy,0x40395044ac3c0c57051906da938b54bd6557f212,0x2db1d76b3534df9846895dc76308983598f00d3085794477e3ae59a4331a584c
141,0.22522522,0.0005,0x1f8ac99600c61189d92c85cc760735b9e0067a60,2017-09-16T15:45:19.000Z,0.0022200000515040013,0x647d6be738c8a8370f96fa89376a75529f7ba400,buy,0x40395044ac3c0c57051906da938b54bd6557f212,0x313293ffb3af2dead67a20ee92c29b0543e45553402e67537595a5bd85eba03e
142,1300,2.925,0x30e346633e166710a11f51031ca77e5dfe952153,2017-09-15T15:40:51.000Z,0.00225,0x647d6be738c8a8370f96fa89376a75529f7ba400,buy,0x40395044ac3c0c57051906da938b54bd6557f212,0x1af4254ff6e5548296b154bf13c75045c6ea2ef573576bc9d4ea03ed06f74892
143,743.46924533,1.189550792528,0x3dee4a4e076e8d82859d241db0baf46f112cfa23,2017-09-15T12:24:47.000Z,0.0016,0x85a778379884fc0b00e026522115f4131e29c90f,sell,0x40395044ac3c0c57051906da938b54bd6557f212,0xd62d0ec8d19df18018af9a530cc8806e1bad90d417e98f00478669740fe512e0
144,0.22321428,0.0005,0x8b24d80c6dd6e1af5a000e03ca8f00886a05f6f5,2017-09-15T04:22:17.000Z,0.0022400000573440013,0xe4f789a179d1af8335c3a53d95af3cca1c47a56f,buy,0x40395044ac3c0c57051906da938b54bd6557f212,0x5e0a7f44993caf5b52b1c1b1087bac1ec04b888cb1a4d3eed8eea1d2b0693a25
145,1,0.00224,0xd6f29f2fb0a1dc783aeab42ce7ce9276f8e14a54,2017-09-15T01:54:43.000Z,0.00224,0xe4f789a179d1af8335c3a53d95af3cca1c47a56f,buy,0x40395044ac3c0c57051906da938b54bd6557f212,0x36e799bf59d68c82cb14a0bc5576d3e39d4ea6df96043828daca28eea6660538
146,115,0.25875,0x4d8249161f6b88162612ffb49da8e91ed7c99ab0,2017-09-14T20:03:58.000Z,0.00225,0x647d6be738c8a8370f96fa89376a75529f7ba400,buy,0x40395044ac3c0c57051906da938b54bd6557f212,0xe6269c2eda3a6ad4024b8f9ef6614e3aca8aff930818d371dad5c46e775448ec
147,200,0.45,0x80009cd3ac6446bfb1a7eeb876a2dbb5283c92a4,2017-09-14T19:49:20.000Z,0.00225,0x647d6be738c8a8370f96fa89376a75529f7ba400,buy,0x40395044ac3c0c57051906da938b54bd6557f212,0xfeb9466365a9171f82cee22a3b9c708ea0d4e61250fc218d23c96c609c79c4c6
148,293.62960343,0.45953035873091036,0x1e582de78c1cc083a3390a464cfd5e8a591c26dc,2017-09-14T11:34:09.000Z,0.0015650001,0x160899413cea05fe6af76e11aa6afaf5c8f742fc,sell,0x40395044ac3c0c57051906da938b54bd6557f212,0x51d5b68a6e2127fd21bdee7a17bf5682d574859dbffcbb5b198308c61c7fe8cd
149,160.08987517,0.25070074451622,0x3c28722d3b3c2d7482c9add171147c756d998ab2,2017-09-14T11:29:35.000Z,0.001566,0x160899413cea05fe6af76e11aa6afaf5c8f742fc,sell,0x40395044ac3c0c57051906da938b54bd6557f212,0x8dec0b2b3c86facd955fb16cd9e6af58744d7affffba92feb28ba2f9385ed77b
150,800,1.28,0x3dee4a4e076e8d82859d241db0baf46f112cfa23,2017-09-14T11:23:36.000Z,0.0016,0x160899413cea05fe6af76e11aa6afaf5c8f742fc,sell,0x40395044ac3c0c57051906da938b54bd6557f212,0x0e7c6942bbdb90b89f962625b50db442c2b220b7173d490778de9500ff0d1371
151,625,1.0000000625,0x1e582de78c1cc083a3390a464cfd5e8a591c26dc,2017-09-14T11:23:36.000Z,0.0016000001,0x160899413cea05fe6af76e11aa6afaf5c8f742fc,sell,0x40395044ac3c0c57051906da938b54bd6557f212,0xc2c82cbef833855a44f7e7c076f70855a54c7b4df8de4ceebea831c0c166c1eb
152,555,0.89355,0xfcabc518aff7e576b89a2f394167c77080246318,2017-09-14T11:23:13.000Z,0.00161,0x160899413cea05fe6af76e11aa6afaf5c8f742fc,sell,0x40395044ac3c0c57051906da938b54bd6557f212,0x157f1438fd4a2d2a6bfc574edd37ddc64689001ddfa9afaf6f22726d0838f02c
153,550,0.891,0xf518f89a2a3464b9d653faeec4e5b89f482846d8,2017-09-14T11:22:06.000Z,0.00162,0x160899413cea05fe6af76e11aa6afaf5c8f742fc,sell,0x40395044ac3c0c57051906da938b54bd6557f212,0x392e4df1ccc7097b9bcfad71b3b847a1eea23ff6128c8307f5a4a140ae696d26
154,0.22222222,0.0005,0x4c2fb430e95954bcfa54ce4741a9fc2ff6e415ad,2017-09-13T21:12:46.000Z,0.0022500000225000004,0x647d6be738c8a8370f96fa89376a75529f7ba400,buy,0x40395044ac3c0c57051906da938b54bd6557f212,0x1afa3040d060fdca91bc951851ec52f8abd32f5ba1773bd45273b98ecb33e95f
155,59.43638306,0.0927207575736,0xf518f89a2a3464b9d653faeec4e5b89f482846d8,2017-09-11T20:45:58.000Z,0.00156,0x6c740de60199b0634e9fc683dcba6061abc1ddd6,sell,0x40395044ac3c0c57051906da938b54bd6557f212,0x017f5a42d264fa738d5244deb4d366a4cb4e6559a07832c1530ce2a2a0724baa
156,516,1.29,0x30e346633e166710a11f51031ca77e5dfe952153,2017-09-11T14:33:48.000Z,0.0025,0xfcdb6997561f2af72c0cbcc27cdb4b59d8d4a871,buy,0x40395044ac3c0c57051906da938b54bd6557f212,0x22ecf41eb5b9ca0dafc5959e61bc4d3881b00d6cde08e4a87ab857f53d11e46c
157,35.4949656,0.05377487998299312,0x00e9007f40668774f5c1f7a233d77b64ec29270a,2017-09-11T05:30:07.000Z,0.0015150002,0x4aaec9735b4c4a41322d9b3f24f4f0165a50e38c,sell,0x40395044ac3c0c57051906da938b54bd6557f212,0xf758f88934bf7b67a735c99e0a1ae10f3c3bb61ce669ff756e14f67d47ccec33
158,1,0.0025,0x0024a5046fd95c5eee6db19a69ef7ed3bacd50f1,2017-09-10T12:01:22.000Z,0.0025,0xe4f789a179d1af8335c3a53d95af3cca1c47a56f,buy,0x40395044ac3c0c57051906da938b54bd6557f212,0x7cedc25d68d8a921b3508e899c59781cc90964aa61ca095247eb08b03a822df1
159,4.985,0.007502425997,0x00e9007f40668774f5c1f7a233d77b64ec29270a,2017-09-10T06:04:56.000Z,0.0015050002,0x6d3d0dfa885186833d6cf04f7890aab7d3b43cd1,sell,0x40395044ac3c0c57051906da938b54bd6557f212,0xdd0619f3ef05307fedc27aef68a64eca265d3791ceb0b233b189914eefdc395d
160,0.2,0.0005,0x64b604630e055318093215b7ed41697ca4fb5de6,2017-09-10T04:07:39.000Z,0.0025,0xe4f789a179d1af8335c3a53d95af3cca1c47a56f,buy,0x40395044ac3c0c57051906da938b54bd6557f212,0x1f86d8030df3fc63d629745dfa18457758ef7b4a7055000a4f3ec23938d01c01
161,0.06244792,0.000165486990329977,0x9af723cdc53e63f40881631bd588df2833893246,2017-09-09T18:29:38.000Z,0.0026500000373107222,0x922abcd6ac7fa7b3aff3edd324da138f2fc063b0,buy,0x40395044ac3c0c57051906da938b54bd6557f212,0x8effe18a526b2ee3e5f56934b09b0353366bd4725d465bd819713eb199c67103
162,1500,4.499999985,0x30e346633e166710a11f51031ca77e5dfe952153,2017-09-09T12:30:38.000Z,0.00299999999,0x00e9007f40668774f5c1f7a233d77b64ec29270a,buy,0x40395044ac3c0c57051906da938b54bd6557f212,0x16c1b6adef5f239c7e3729e6b3c352b9e0b6b517906b7bc7ccb8f5f255384095
163,1.99381916,0.002996889840586316,0x00e9007f40668774f5c1f7a233d77b64ec29270a,2017-09-09T11:50:57.000Z,0.0015030901,0x39fd60c5d585644e2d6084b0d659adbe86d450ed,sell,0x40395044ac3c0c57051906da938b54bd6557f212,0x9dde813ef06c490e8d41bf15fe963a4c95dc919e644974d7ed5a53ab069f3060
164,219.63712491,0.329872997902329,0x6c36f3c98a409911a148272740b32ba5a64ee5b1,2017-09-09T08:25:35.000Z,0.0015019,0xe95d69be9424131cc656402996b51c4d153d7726,sell,0x40395044ac3c0c57051906da938b54bd6557f212,0x529a0753193f39a7fb5988df4ddae458d4eb794fe856e9473aac74f276ca9ab7
165,450,1.3483845,0x30e346633e166710a11f51031ca77e5dfe952153,2017-09-08T21:44:41.000Z,0.00299641,0x6c36f3c98a409911a148272740b32ba5a64ee5b1,buy,0x40395044ac3c0c57051906da938b54bd6557f212,0x6d78191fcf806be0554ca9bf293384546b530ae7dd316ac9283450736430db69
166,53,0.0694300053,0x1e582de78c1cc083a3390a464cfd5e8a591c26dc,2017-09-08T12:16:00.000Z,0.0013100001,0x763461e16d1e7a2cff2f99aa11071e123e700f25,sell,0x40395044ac3c0c57051906da938b54bd6557f212,0xcab3ce9079e7c185e370bce8c40ef91532de77ec3319ffdb4ff845de8aca222f
167,957.49327113,1.2543161851803,0xbdf2937c8f736d3855b77214a07724120d9b4c5b,2017-09-08T06:42:23.000Z,0.00131,0x2e280b5ece9f08fc3ec91c6243f5be7a3ca83cc3,sell,0x40395044ac3c0c57051906da938b54bd6557f212,0xfdfa18f577cb6b45c6799c546eaded873032581c1de36da0cf8d4eca2b410a95
168,67.358,0.1818666,0x37dd4e5111c436147b1ff6821983bcf81fb23352,2017-09-07T18:30:02.000Z,0.0027,0xe4f789a179d1af8335c3a53d95af3cca1c47a56f,buy,0x40395044ac3c0c57051906da938b54bd6557f212,0x4c3be07d6cdb281ca27468b686961bce0f0b9aa151f72d7e5e044f06806420d7
169,8.30724753,0.00913806366272283,0xb902ba6e3272e66c74035d7e30f4fa9279bd56f9,2017-09-07T05:34:32.000Z,0.001100011,0x0a2f62fe0774414131717d32f72fce14d6bd3747,sell,0x40395044ac3c0c57051906da938b54bd6557f212,0xe71eb6294c3889a6a0b8d8cab173a7bec70ac6b536c92dcf7249e5736acb1b34
170,11.99680988,0.01319662283290868,0xb902ba6e3272e66c74035d7e30f4fa9279bd56f9,2017-09-06T21:05:21.000Z,0.001100011,0xd9023e99f0354c0fee4fd4ff1d811dbbcc054f81,sell,0x40395044ac3c0c57051906da938b54bd6557f212,0x5334ddddc806b3f321e3fff15932372912743b8cbe63594bd3129f5721c5e17f
171,118.29975572,0.24854778676772,0xecebd78ea12b3471a93d98d2d5180cbcbd86d508,2017-09-06T11:24:56.000Z,0.002101,0x48f5e132129f98d089d33700d8fd9cc622f73aaa,sell,0x40395044ac3c0c57051906da938b54bd6557f212,0xa4ba72fcbc601d4d9c5b68c1690ed330fdafb9e08a08d46a699ef975833beb0c
172,149.53643704,0.31417605422104,0xecebd78ea12b3471a93d98d2d5180cbcbd86d508,2017-09-06T07:58:46.000Z,0.002101,0x817c7c4d26ed095f2165ff8bee29df95acb97da6,sell,0x40395044ac3c0c57051906da938b54bd6557f212,0x79ea1cacd6843878bc4d37c81da8edf46111dc395d3c84c581b84f34a6ed3ab1
173,4.85560554,0.00971606668554,0x2e280b5ece9f08fc3ec91c6243f5be7a3ca83cc3,2017-09-05T17:54:50.000Z,0.002001,0xf142f26d1cac4ba8a6e6d7974d243eda2fe5f4f9,sell,0x40395044ac3c0c57051906da938b54bd6557f212,0xf96c30a6c7d9ec0494a909694d49ad83859c05efb2feedd70a5bbbc888a2865e
174,200,0.4376,0xb7f79a9752dfff5453cdcf04dcf4664d76c9f3f6,2017-09-05T17:53:02.000Z,0.002188,0xf142f26d1cac4ba8a6e6d7974d243eda2fe5f4f9,sell,0x40395044ac3c0c57051906da938b54bd6557f212,0xa01ebba89f712454dcec9e9c6d5a3543e5b1f62da599a475384af304132dceee
175,8.333,0.0199992,0x0a2f62fe0774414131717d32f72fce14d6bd3747,2017-09-05T08:39:59.000Z,0.0024,0x2e280b5ece9f08fc3ec91c6243f5be7a3ca83cc3,buy,0x40395044ac3c0c57051906da938b54bd6557f212,0xdfe997197740ca86f069b1df2ffbb6fdb1d52c971b4fcb928b19ea25fd793e7d
176,100,0.23,0x2e280b5ece9f08fc3ec91c6243f5be7a3ca83cc3,2017-09-04T21:42:35.000Z,0.0023,0x1fdf047bf7a114b37e7936d01e9cad754ad18803,buy,0x40395044ac3c0c57051906da938b54bd6557f212,0x2f5a231e91007626290fa9d9c45be8f8b85813558d0afb68427a022abd6c7ff8
177,200,0.45,0x2e280b5ece9f08fc3ec91c6243f5be7a3ca83cc3,2017-09-04T21:26:31.000Z,0.00225,0x2e280b5ece9f08fc3ec91c6243f5be7a3ca83cc3,buy,0x40395044ac3c0c57051906da938b54bd6557f212,0xdcb66ac7bb2c6c0c1181cb18f6676798ac51b815ce9585998639cb824b922432
178,976.48,1.855312,0x2e280b5ece9f08fc3ec91c6243f5be7a3ca83cc3,2017-09-04T17:21:08.000Z,0.0019,0x7cbc4e0d168744912c5afc081499145bbdc51e69,sell,0x40395044ac3c0c57051906da938b54bd6557f212,0x30dd7c1f6fac03d704a4e73502272751c51422b59aa963a31b72015c2fb06027
179,191.55795083,0.3831356321289355,0xd00ab8daa3bf34c6dce0b277c8a4351931f7e163,2017-09-04T17:18:11.000Z,0.002000103,0x7cbc4e0d168744912c5afc081499145bbdc51e69,sell,0x40395044ac3c0c57051906da938b54bd6557f212,0x02463837bad8fe30a07c2a72f2b8df1f15ca88f5682c14c4bcf7b862107a3c03
180,100,0.201,0x1fdf047bf7a114b37e7936d01e9cad754ad18803,2017-09-04T17:17:26.000Z,0.00201,0x7cbc4e0d168744912c5afc081499145bbdc51e69,sell,0x40395044ac3c0c57051906da938b54bd6557f212,0xa86f6b26ebb4f912f89897de036826291496d62c753c0b90438107295c0ee243
181,497.493,1.2934818,0x30e346633e166710a11f51031ca77e5dfe952153,2017-09-04T16:15:23.000Z,0.0026,0x2e280b5ece9f08fc3ec91c6243f5be7a3ca83cc3,buy,0x40395044ac3c0c57051906da938b54bd6557f212,0x7c5558be1067a71dbb0f0f3d700565ffb6e4254ebdfb135f8833d48926fd4929
182,0.00039384,0.00000078772056552,0xd00ab8daa3bf34c6dce0b277c8a4351931f7e163,2017-09-04T14:18:15.000Z,0.002000103,0x93bf27a3512f28a4ce66ebd0bc0fc8dfd0602448,sell,0x40395044ac3c0c57051906da938b54bd6557f212,0x9a22e854224cff9c48f6524927e03f5ff26d6b6c9b9c8ec0d74a8ba15eb70287
183,99.69103636,0.19939234089674507,0xd00ab8daa3bf34c6dce0b277c8a4351931f7e163,2017-09-04T14:04:00.000Z,0.002000103,0xbdf2937c8f736d3855b77214a07724120d9b4c5b,sell,0x40395044ac3c0c57051906da938b54bd6557f212,0x0ae6a3997673a00daea825fa96080f51af250193f32c1cdd9760ff0ff065022e
184,8.75061897,0.01750213925375391,0xd00ab8daa3bf34c6dce0b277c8a4351931f7e163,2017-09-04T13:35:22.000Z,0.002000103,0x669f0ab96fd3beb68bc836bb874894bbb516331a,sell,0x40395044ac3c0c57051906da938b54bd6557f212,0xf4ebddfe47c05a6fba7c5d08c82dd7b9a401389abd7ea2c0f61e456c9a385c50
185,387.45887748,0.774956500847748,0x2e280b5ece9f08fc3ec91c6243f5be7a3ca83cc3,2017-09-04T13:32:20.000Z,0.0020001,0x669f0ab96fd3beb68bc836bb874894bbb516331a,sell,0x40395044ac3c0c57051906da938b54bd6557f212,0x0923d6021ab0f43a58b5d5fbbcfb2ba41535d84ea99e1cf0ee143cc7ff0883ae
186,300,0.6000303,0xd00ab8daa3bf34c6dce0b277c8a4351931f7e163,2017-09-04T13:31:51.000Z,0.002000101,0x669f0ab96fd3beb68bc836bb874894bbb516331a,sell,0x40395044ac3c0c57051906da938b54bd6557f212,0x80bd628db8088d0ee37baec9e850a74efdfcd4e9122b6053f7843e7ad9f3a25b
187,12.54112252,0.025083499152252,0x2e280b5ece9f08fc3ec91c6243f5be7a3ca83cc3,2017-09-03T22:51:49.000Z,0.0020001,0x164d92a6126ebf0f354fa098e173f1a50277fdd2,sell,0x40395044ac3c0c57051906da938b54bd6557f212,0x853b7d04f45a7cc364db89e5f18ea6bb2d00bae65cfe9fd9f4161a78010bf551
188,300,0.63,0x2e280b5ece9f08fc3ec91c6243f5be7a3ca83cc3,2017-09-03T22:47:12.000Z,0.0021,0x164d92a6126ebf0f354fa098e173f1a50277fdd2,sell,0x40395044ac3c0c57051906da938b54bd6557f212,0x0de0bd1c07b71eeb49a903ae759ef4401bc434125398eb7162e55dd54d51d6ef
189,100,0.21,0xbdf2937c8f736d3855b77214a07724120d9b4c5b,2017-09-03T17:38:14.000Z,0.0021,0x922abcd6ac7fa7b3aff3edd324da138f2fc063b0,buy,0x40395044ac3c0c57051906da938b54bd6557f212,0xc59639e9ac684caa085117fb8ccb8fba09b2238577ae8f6fcf72c4380d680ce0
190,682.324,1.84226797676,0x30e346633e166710a11f51031ca77e5dfe952153,2017-09-03T12:40:54.000Z,0.00269999,0x1a4cfe7277bfdbd108ef42a3db9e8a1c05428c6c,buy,0x40395044ac3c0c57051906da938b54bd6557f212,0x33a3cf0f62b9ba843a7f9812160215228b4bf1a16b6b6753a77ad2d5c3394a72
191,64.815,0.1750005,0x87104f4d2258a85570e12dc07c99737bc228e38e,2017-09-02T14:57:05.000Z,0.0027,0x2e280b5ece9f08fc3ec91c6243f5be7a3ca83cc3,buy,0x40395044ac3c0c57051906da938b54bd6557f212,0xfbfc717d919bf1d8916e7caa5c35900a3ef08cba15d8e44483c575222216e051
192,237.72970604,0.6418702063327225,0x0248cf74ed50adcf0c050a7ca4136dcb90520f84,2017-09-02T14:32:23.000Z,0.002700000000103994,0x2e280b5ece9f08fc3ec91c6243f5be7a3ca83cc3,buy,0x40395044ac3c0c57051906da938b54bd6557f212,0xe82f024bf34f621843bde1008fd49054f4df72a1738599b148aad4129548b867
193,16.878,0.033756,0xe4f789a179d1af8335c3a53d95af3cca1c47a56f,2017-09-02T11:02:25.000Z,0.002,0x42af36b3080ed6b470fc0cd2649cdeb86f9c1c9a,sell,0x40395044ac3c0c57051906da938b54bd6557f212,0xd306246f1317390c79bfb7423c586a41c241970fa1cdb615ada51d62ac96e8e7
194,0.00506187,0.00001012374,0xe4f789a179d1af8335c3a53d95af3cca1c47a56f,2017-09-02T03:16:27.000Z,0.002,0x5dacbdd20b9eafaaa30bfad3b2af1793036d65f3,sell,0x40395044ac3c0c57051906da938b54bd6557f212,0xa72bcab4b32db605b0d64648423b54075bdbfab8586cda5173fcfd3c1a11dee4
195,50.77567703,0.10155135406,0xe4f789a179d1af8335c3a53d95af3cca1c47a56f,2017-09-02T03:04:23.000Z,0.002,0x5dacbdd20b9eafaaa30bfad3b2af1793036d65f3,sell,0x40395044ac3c0c57051906da938b54bd6557f212,0xd136feb50b21f556c2768f162fd5ce43999ecff86fd0787c4e0a4c59e3618b1c
196,369,0.738,0x3252b8bb3b2dc39b994173477f9842d0a1e428ed,2017-09-02T02:56:37.000Z,0.002,0x5dacbdd20b9eafaaa30bfad3b2af1793036d65f3,sell,0x40395044ac3c0c57051906da938b54bd6557f212,0xafcf96137490750ade48533bf40c70f701d8738e0eeb0ebc05e6b37fcd0d4240
197,100,0.2,0x95fdffb33690407f5d4a943a8a725ece16ccea3b,2017-09-02T02:33:33.000Z,0.002,0x5dacbdd20b9eafaaa30bfad3b2af1793036d65f3,buy,0x40395044ac3c0c57051906da938b54bd6557f212,0x6146e96e6d150cd8ea19fffcfc95c4450771a0bf94c9d1a6e287fb6439d26fed
198,99.7,0.205382,0xe4f789a179d1af8335c3a53d95af3cca1c47a56f,2017-09-02T02:33:33.000Z,0.00206,0x95fdffb33690407f5d4a943a8a725ece16ccea3b,sell,0x40395044ac3c0c57051906da938b54bd6557f212,0x6146e96e6d150cd8ea19fffcfc95c4450771a0bf94c9d1a6e287fb6439d26fed
199,478.95991837,0.95791983674,0x39dc3f7adc8cad2b03c831c7771a25d4fb99021e,2017-09-02T02:33:28.000Z,0.002,0x5dacbdd20b9eafaaa30bfad3b2af1793036d65f3,buy,0x40395044ac3c0c57051906da938b54bd6557f212,0xc450fd5ef2c1da566c20469af492edbfbb2b7d9676ef18b829df539fb8dab13b
200,477.52733637,0.9789310395585,0x2e280b5ece9f08fc3ec91c6243f5be7a3ca83cc3,2017-09-02T02:33:28.000Z,0.00205,0x39dc3f7adc8cad2b03c831c7771a25d4fb99021e,sell,0x40395044ac3c0c57051906da938b54bd6557f212,0xc450fd5ef2c1da566c20469af492edbfbb2b7d9676ef18b829df539fb8dab13b
201,17.87732677,0.040223091371398664,0x42af36b3080ed6b470fc0cd2649cdeb86f9c1c9a,2017-09-02T00:35:59.000Z,0.0022499500002929503,0xbdf2937c8f736d3855b77214a07724120d9b4c5b,buy,0x40395044ac3c0c57051906da938b54bd6557f212,0xdefc92d39bb2bc17e20ee7ab44c04f0cbc9f0dc1e0d91dcfbb46dd8a03c57b5f
202,42.09267322,0.09470641012860133,0xad4c4b0e13568ffdc643dcebd94c9b4293a39aa8,2017-09-01T22:23:09.000Z,0.002249950000410103,0xbdf2937c8f736d3855b77214a07724120d9b4c5b,buy,0x40395044ac3c0c57051906da938b54bd6557f212,0x49ef97ef076449e75ce4a0da2849d2bc1d273d81f4fff31ddffa3939fd084dc0
203,9.9690958,0.02043664639,0x2e280b5ece9f08fc3ec91c6243f5be7a3ca83cc3,2017-09-01T20:49:32.000Z,0.00205,0x42af36b3080ed6b470fc0cd2649cdeb86f9c1c9a,sell,0x40395044ac3c0c57051906da938b54bd6557f212,0xf7bfb5feb8cc0b27278f92b7eb0dd772d3246a2973bc2b0df09127a1f5d53cb8
204,10,0.0224995,0x42af36b3080ed6b470fc0cd2649cdeb86f9c1c9a,2017-09-01T20:47:22.000Z,0.00224995,0xbdf2937c8f736d3855b77214a07724120d9b4c5b,buy,0x40395044ac3c0c57051906da938b54bd6557f212,0x041330309872e163057855f4abae2f1fad582cfbe37ec787d21d9d6d822c4bd6
205,69.97007857,0.13301311936157,0xbdf2937c8f736d3855b77214a07724120d9b4c5b,2017-08-31T21:32:19.000Z,0.001901,0x922abcd6ac7fa7b3aff3edd324da138f2fc063b0,sell,0x40395044ac3c0c57051906da938b54bd6557f212,0x12026d9a1872195e57f511c8bd185e34305fb8b2fb46a14e6fae2da6dc9bd293
206,369.2,0.77532,0x43130148060f177c78825cbd5a0d0a18879b18bc,2017-08-31T21:13:26.000Z,0.0021,0x12f3bca1f82e24f64bd4bc5381367ed0bc72947e,buy,0x40395044ac3c0c57051906da938b54bd6557f212,0x206cd27d3ffa1b646aaa0a9ea785fab55282e010b67b21362ec847d2e9486d13
207,0.00000005,0.00000000002250855,0xb902ba6e3272e66c74035d7e30f4fa9279bd56f9,2017-08-30T16:25:20.000Z,0.000450171,0x922abcd6ac7fa7b3aff3edd324da138f2fc063b0,sell,0x40395044ac3c0c57051906da938b54bd6557f212,0xd41da9c63a17141ab6d5da66db20388acb28995f79bd68d0f3a821463636fd31
208,0.05,0.000145,0x98f0deb428b74fb5302d250af5d55e77c8519f2a,2017-08-30T13:40:15.000Z,0.0029,0x48f5e132129f98d089d33700d8fd9cc622f73aaa,buy,0x40395044ac3c0c57051906da938b54bd6557f212,0x7dce21021b45ec1c1be026ae0bbff12081be76aece129f4fe829e6637bae9ad2
209,495.4640614,1.11479413815,0x2e280b5ece9f08fc3ec91c6243f5be7a3ca83cc3,2017-08-30T05:54:34.000Z,0.00225,0xb7a12d4870f71ccbe363cb4a876a55194a091d70,sell,0x40395044ac3c0c57051906da938b54bd6557f212,0xfcfcefed8b8182d0cdd46a8e366de3ff27e0f184281af3614f7c0a1bcaaa1001
210,500,1.15,0x2e280b5ece9f08fc3ec91c6243f5be7a3ca83cc3,2017-08-30T05:51:29.000Z,0.0023,0xb7a12d4870f71ccbe363cb4a876a55194a091d70,sell,0x40395044ac3c0c57051906da938b54bd6557f212,0xc22e16fb7986c17671c4ee985cc8f02c927503cfe55b000ef0f7e280b94f701d
211,500,1.175,0x2e280b5ece9f08fc3ec91c6243f5be7a3ca83cc3,2017-08-30T05:51:28.000Z,0.00235,0xb7a12d4870f71ccbe363cb4a876a55194a091d70,sell,0x40395044ac3c0c57051906da938b54bd6557f212,0x65573250915e2584500ac3b27417737113448e1622b33ee09fb7eca57b759613
212,16.897,0.0490013,0x7791f89e603835a6d67939712cfad31db6a1b94c,2017-08-30T04:32:35.000Z,0.0029,0x48f5e132129f98d089d33700d8fd9cc622f73aaa,buy,0x40395044ac3c0c57051906da938b54bd6557f212,0xeeb4df6924f9676a0aec4df72fdb608496e65df22160f15850c2c4199158bb8a
213,0.00049691,0.000001192584,0x2e280b5ece9f08fc3ec91c6243f5be7a3ca83cc3,2017-08-30T04:07:19.000Z,0.0024,0x922abcd6ac7fa7b3aff3edd324da138f2fc063b0,sell,0x40395044ac3c0c57051906da938b54bd6557f212,0x2b18b3f1892c1c670cf5b57cc6eb406c36b72983b4a27c5e40eca968388e52ae
214,4.9845479,0.01196291496,0x2e280b5ece9f08fc3ec91c6243f5be7a3ca83cc3,2017-08-30T03:51:39.000Z,0.0024,0x922abcd6ac7fa7b3aff3edd324da138f2fc063b0,sell,0x40395044ac3c0c57051906da938b54bd6557f212,0xfbff769c831af23be0cffe77852bfe6c87294523afcb9ebdfdfa814c5e12e7b7
215,51.9567203,0.109110151764406,0x15e1e939f9f3c7273803145ac8daf5efa5b44ede,2017-08-30T01:19:00.000Z,0.00210002,0x299e9bf4b7a384a702dc9905f18b67a215fbbaac,sell,0x40395044ac3c0c57051906da938b54bd6557f212,0xdf74a83bfb6e400d29d4377de583c7f0ecca2c20e4fc578bf6faff1bcf08d98c
216,500,1.2,0x2e280b5ece9f08fc3ec91c6243f5be7a3ca83cc3,2017-08-29T17:42:44.000Z,0.0024,0x4717c48e3f3d63d01ee7452fcea47cb522c56a99,sell,0x40395044ac3c0c57051906da938b54bd6557f212,0x557c633672526220bdf8d9fc518cd064941a4b80f183dc491d7a784c764c123c
217,144.99,0.347976,0x2e280b5ece9f08fc3ec91c6243f5be7a3ca83cc3,2017-08-29T16:52:26.000Z,0.0024,0x2abd94b8ee46ccefbd200f5f289749d285a05858,buy,0x40395044ac3c0c57051906da938b54bd6557f212,0x00608eb85ee619d2241a2e377c7846982440443ed2599c5547daa597ed552d1c
218,473.65,1.184125,0x2e280b5ece9f08fc3ec91c6243f5be7a3ca83cc3,2017-08-29T11:36:54.000Z,0.0025,0xdb3f409292000fc59daa68e0a0e913235e9e6a84,sell,0x40395044ac3c0c57051906da938b54bd6557f212,0x38a25ad37d2817b373437ab3f45f238566810058258692894c9a042334692b4d
219,1.92093609,0.004802340225,0x2e280b5ece9f08fc3ec91c6243f5be7a3ca83cc3,2017-08-29T07:47:13.000Z,0.0025,0xbc360671093dfb7b55e8c8b9ef3cfd7f070c988a,sell,0x40395044ac3c0c57051906da938b54bd6557f212,0x135b5ca8d06df7672d399f999595b3e0146ea6fbd0cd6c19471fbcc5dbdbeea0
220,24.429,0.0610725,0x2e280b5ece9f08fc3ec91c6243f5be7a3ca83cc3,2017-08-29T07:17:13.000Z,0.0025,0xbc360671093dfb7b55e8c8b9ef3cfd7f070c988a,sell,0x40395044ac3c0c57051906da938b54bd6557f212,0xcb8f68bc6e84bd42dcd96bd1cec9a48011e3f86b866e112b207ea476840025fb
221,50,0.125,0x2e280b5ece9f08fc3ec91c6243f5be7a3ca83cc3,2017-08-29T06:27:10.000Z,0.0025,0xbc360671093dfb7b55e8c8b9ef3cfd7f070c988a,buy,0x40395044ac3c0c57051906da938b54bd6557f212,0xb9714c2f5a6bb61d730534bff0624eb51540045187f6cf52788ddcd6bd4399a7
222,22.274,0.055685,0x2e280b5ece9f08fc3ec91c6243f5be7a3ca83cc3,2017-08-29T05:20:28.000Z,0.0025,0xbc360671093dfb7b55e8c8b9ef3cfd7f070c988a,sell,0x40395044ac3c0c57051906da938b54bd6557f212,0x290c237815ba0e5221416b973eb6b3d7bad8d5b2687bb6f54c62452453c8510c
223,238.49327698,0.59623319245,0x2e280b5ece9f08fc3ec91c6243f5be7a3ca83cc3,2017-08-29T03:53:22.000Z,0.0025,0x2e280b5ece9f08fc3ec91c6243f5be7a3ca83cc3,sell,0x40395044ac3c0c57051906da938b54bd6557f212,0xb911fc377cacbd748f2f4ae1009d84073a28244b168f8db0b30116604a643a0c
224,239.23260614,0.59808151535,0x2e280b5ece9f08fc3ec91c6243f5be7a3ca83cc3,2017-08-29T01:33:40.000Z,0.0025,0xdb3f409292000fc59daa68e0a0e913235e9e6a84,sell,0x40395044ac3c0c57051906da938b54bd6557f212,0x5ed856e43499af4f29de8b74fa94ae532f82e874185f85e0ca8fa07ff5336762
225,500,1.275,0x2e280b5ece9f08fc3ec91c6243f5be7a3ca83cc3,2017-08-29T01:11:56.000Z,0.00255,0xfc51a19bea9693d8c23bf3cf61bc46f4a125b22c,sell,0x40395044ac3c0c57051906da938b54bd6557f212,0xb16f47c7a42ffaab3dadfa4889ed5352b9d53a0bf0a39d72882429d7999c3658
226,500,1.3,0x2e280b5ece9f08fc3ec91c6243f5be7a3ca83cc3,2017-08-29T01:05:51.000Z,0.0026,0xfc51a19bea9693d8c23bf3cf61bc46f4a125b22c,sell,0x40395044ac3c0c57051906da938b54bd6557f212,0xd8552ae746ce5d6eebe4065fb3e12838376606dc4d8ec51cfd6d2cb67d3a5fd6
227,500,1.3,0x2e280b5ece9f08fc3ec91c6243f5be7a3ca83cc3,2017-08-28T23:46:22.000Z,0.0026,0xfc51a19bea9693d8c23bf3cf61bc46f4a125b22c,sell,0x40395044ac3c0c57051906da938b54bd6557f212,0x98aacfe3d101b8202606a86b97d800c2d9b32280d2c5d0ccca85ae199b7b44ee
228,500,1.3,0x2e280b5ece9f08fc3ec91c6243f5be7a3ca83cc3,2017-08-28T23:12:12.000Z,0.0026,0xfc51a19bea9693d8c23bf3cf61bc46f4a125b22c,sell,0x40395044ac3c0c57051906da938b54bd6557f212,0x9c3913ed1db724aaa07e5802ee60f73853a9b15efb80a2794e0b560812160f5a
229,46.25044278,0.11562610695,0x2e280b5ece9f08fc3ec91c6243f5be7a3ca83cc3,2017-08-28T19:19:32.000Z,0.0025,0x924faf35ff382ccb27df0537f53137cbf99d1e60,sell,0x40395044ac3c0c57051906da938b54bd6557f212,0x839b1eb4bfad3c8bfa028b0594b6a6428836fa398f348cd123ff02cc2bafabde
230,100,0.26,0x2e280b5ece9f08fc3ec91c6243f5be7a3ca83cc3,2017-08-28T19:18:46.000Z,0.0026,0x924faf35ff382ccb27df0537f53137cbf99d1e60,sell,0x40395044ac3c0c57051906da938b54bd6557f212,0x046db411ebeb54f1f021345249e0301988840e00681853c70d2f85b3df2cc17c
231,38.19160603,0.103117336281,0x2e280b5ece9f08fc3ec91c6243f5be7a3ca83cc3,2017-08-28T19:15:57.000Z,0.0027,0x924faf35ff382ccb27df0537f53137cbf99d1e60,sell,0x40395044ac3c0c57051906da938b54bd6557f212,0xc2dfa2347b88fa28f9e61195c2279b0fda289a2121d7dbfeeb57debd1a89c244
232,61.80839397,0.166882663719,0x2e280b5ece9f08fc3ec91c6243f5be7a3ca83cc3,2017-08-28T17:45:27.000Z,0.0027,0x924faf35ff382ccb27df0537f53137cbf99d1e60,sell,0x40395044ac3c0c57051906da938b54bd6557f212,0x03e6af43bf8b1b9ef2ef26edfa6988698a9edeca37f2567708e7b5f79f9e5aab
233,135.135,0.3999996,0x924faf35ff382ccb27df0537f53137cbf99d1e60,2017-08-28T17:45:23.000Z,0.00296,0xdb3f409292000fc59daa68e0a0e913235e9e6a84,buy,0x40395044ac3c0c57051906da938b54bd6557f212,0xca409f3bea14bcef4fea127fc1d1d7da53c64cc4cd77d76b89f52c9b4544269c
234,212,0.4664,0xbdf2937c8f736d3855b77214a07724120d9b4c5b,2017-08-28T11:55:13.000Z,0.0022,0x9ffe1731d80dd99769245969f58fa5d2695c931c,sell,0x40395044ac3c0c57051906da938b54bd6557f212,0x1fe1c2272521f5416f80cdc8a5341d292e1d86854dedb38ab7b1387790fa5a44
235,50,0.148,0xf07aee0be850844828a9d2efdd1e57cef2e465f3,2017-08-28T01:34:36.000Z,0.00296,0xdb3f409292000fc59daa68e0a0e913235e9e6a84,buy,0x40395044ac3c0c57051906da938b54bd6557f212,0xc1a2fee190b98f4b14a3cfec05d94732aa742ecce1b4a6a4d88ef91620c34a2b
236,89,0.2447411,0x55162cace8a5ce7bd21062e0a04237f1a84d1d7a,2017-08-27T20:48:28.000Z,0.0027499,0x48ae7ea7038973e4dd8316cb37ffd01a8b3b9828,buy,0x40395044ac3c0c57051906da938b54bd6557f212,0x14a79e7c094217133f83a5593d93f7e1e668ce0e82ad1f8335fb549e7bc9d4e1
237,412.662,1.0935543,0x669f0ab96fd3beb68bc836bb874894bbb516331a,2017-08-27T13:01:39.000Z,0.00265,0x773d706e8bb9e8b3f2694eae2896c6d3aee2003e,buy,0x40395044ac3c0c57051906da938b54bd6557f212,0x2a19384cca09f44aec5138d214a2e614098094d99e3bc81a01bd9896b1efca43
238,700,1.855,0x669f0ab96fd3beb68bc836bb874894bbb516331a,2017-08-27T12:30:39.000Z,0.00265,0x773d706e8bb9e8b3f2694eae2896c6d3aee2003e,buy,0x40395044ac3c0c57051906da938b54bd6557f212,0x231eeff4c2c1e439f5ef14b00b9d3acdd16aa89d5919e5d4399d1b24b8612e8a
239,26,0.0689,0x38d77d10ac2dd55ae9eb220e77f6bf323933d094,2017-08-27T11:09:30.000Z,0.00265,0x773d706e8bb9e8b3f2694eae2896c6d3aee2003e,buy,0x40395044ac3c0c57051906da938b54bd6557f212,0x345fb459b7185f36177ca3fabb4f09f69d8ee49593b514049ad0c72767605985
240,40,0.106,0x38d77d10ac2dd55ae9eb220e77f6bf323933d094,2017-08-27T11:03:14.000Z,0.00265,0x773d706e8bb9e8b3f2694eae2896c6d3aee2003e,buy,0x40395044ac3c0c57051906da938b54bd6557f212,0x5a2991173544088a4c698c596c7dd6050be92e8cc00e6503d05317770aac1de8
241,18.868,0.0500002,0xf2f0b0e0a08aeb91e52c5da559ec084b838dbb96,2017-08-27T09:36:21.000Z,0.00265,0x773d706e8bb9e8b3f2694eae2896c6d3aee2003e,buy,0x40395044ac3c0c57051906da938b54bd6557f212,0x7572ede1586a2305d3c818074a457bbf1f8b0a6fd691068aa35cd11dc711c1c1
242,200,0.53,0x2e280b5ece9f08fc3ec91c6243f5be7a3ca83cc3,2017-08-26T12:11:56.000Z,0.00265,0xdb3f409292000fc59daa68e0a0e913235e9e6a84,sell,0x40395044ac3c0c57051906da938b54bd6557f212,0x51f8d4674d836f7889cd14dbd297870d3ce282fd153c5f52610fe52838e76012
243,62.03870681,0.173708379068,0x15e1e939f9f3c7273803145ac8daf5efa5b44ede,2017-08-26T12:10:25.000Z,0.0028,0xdb3f409292000fc59daa68e0a0e913235e9e6a84,sell,0x40395044ac3c0c57051906da938b54bd6557f212,0x6c23dd392075e7c7cb4b5c73fb53ac641f1571c9c8e637f73c26fd09c36a4a3f
244,4,0.0104,0xf3bc01c1fe30d59267e23e49d6aae9353428a3a7,2017-08-26T00:52:56.000Z,0.0026,0xdb3f409292000fc59daa68e0a0e913235e9e6a84,sell,0x40395044ac3c0c57051906da938b54bd6557f212,0x68694d4811711a4253446d1977533e905a23628f22a81c7f56a3d45067440ca6
245,200,0.53,0x2e280b5ece9f08fc3ec91c6243f5be7a3ca83cc3,2017-08-26T00:52:20.000Z,0.00265,0xdb3f409292000fc59daa68e0a0e913235e9e6a84,sell,0x40395044ac3c0c57051906da938b54bd6557f212,0xcf463268fd9f2c06724c5760bc7cbc051f3705e8fd0a3c1ee83f358fff04d191
246,3.97467849,0.0101354301495,0x2e280b5ece9f08fc3ec91c6243f5be7a3ca83cc3,2017-08-25T17:00:56.000Z,0.00255,0x5e0e9e75c83ff64cf6ad27789d85175921b54200,sell,0x40395044ac3c0c57051906da938b54bd6557f212,0xb42677c439282c6920b177ef1d67e4218740a0dda6daf0c47d4380bcc35ad5c1
247,1,0.003498,0xbb325a2ee38566c7a03010b2c4929fd99861bf36,2017-08-25T12:05:23.000Z,0.003498,0xe809d458ea42a11be877d91929280a798a17cea0,buy,0x40395044ac3c0c57051906da938b54bd6557f212,0x459d0e60369f64051205f244cb2218be0a6a94d55150386e23e9a8fc47098823
248,17.801,0.0605234,0x7791f89e603835a6d67939712cfad31db6a1b94c,2017-08-25T09:18:45.000Z,0.0034,0xaba1b455b57f37c55741ce1346b754417191b50c,buy,0x40395044ac3c0c57051906da938b54bd6557f212,0xf5e0dcc2559cf38dc99899a54b876a08ae021f63b1b2505153cf6b1086e45ae3
249,98.19559365,0.23566942476,0x2e280b5ece9f08fc3ec91c6243f5be7a3ca83cc3,2017-08-25T08:01:14.000Z,0.0024,0x45ca6360ea1189d9b5485bd5bbc69f1cdc898b43,sell,0x40395044ac3c0c57051906da938b54bd6557f212,0x7edee0fc7a1dd6f1925251868408fae7b0ca4824dc41111a831505842e6f0e27
250,500,1.3,0x2e280b5ece9f08fc3ec91c6243f5be7a3ca83cc3,2017-08-25T07:24:48.000Z,0.0026,0x45ca6360ea1189d9b5485bd5bbc69f1cdc898b43,sell,0x40395044ac3c0c57051906da938b54bd6557f212,0x792166b797b794dfff3c6f34c74febb48c8dffde8c7207003ecbf29eb399783c
251,5,0.015,0x6d3d0dfa885186833d6cf04f7890aab7d3b43cd1,2017-08-24T20:20:27.000Z,0.003,0x2e280b5ece9f08fc3ec91c6243f5be7a3ca83cc3,buy,0x40395044ac3c0c57051906da938b54bd6557f212,0xb9642618291e402456f3e9aaa700de6d6b1857627a117e2536d7f328ca0f8601
252,400,1,0x2e280b5ece9f08fc3ec91c6243f5be7a3ca83cc3,2017-08-24T13:12:33.000Z,0.0025,0x2e280b5ece9f08fc3ec91c6243f5be7a3ca83cc3,sell,0x40395044ac3c0c57051906da938b54bd6557f212,0x77e6861c35b365464787ee0b0f009d48df626bbf048bb3f61dd5ae5af5833ff8
253,73.38251421,0.1467658356276563,0xb902ba6e3272e66c74035d7e30f4fa9279bd56f9,2017-08-24T06:50:01.000Z,0.002000011,0x5de71f8f8ca9ff4985a0b4e6749d166435787ecf,sell,0x40395044ac3c0c57051906da938b54bd6557f212,0xfc3de8683addf83dcfbd478d5dcd37791d1db4d46a5cade320f6cc12c6f762fe
254,450,1.05075,0x300beba42e13571933a3081544269906747d8e39,2017-08-24T06:36:50.000Z,0.002335,0x5de71f8f8ca9ff4985a0b4e6749d166435787ecf,sell,0x40395044ac3c0c57051906da938b54bd6557f212,0xf141298ebd1fc983135dd01df73d69432bc89a7686e84fc2e23d8dd7d5f4a443
255,26.305,0.063132,0x2e280b5ece9f08fc3ec91c6243f5be7a3ca83cc3,2017-08-24T06:29:31.000Z,0.0024,0x5de71f8f8ca9ff4985a0b4e6749d166435787ecf,sell,0x40395044ac3c0c57051906da938b54bd6557f212,0x85d72930a0025cdfb2c79417b926b330ee78de491b0fefaa319a181b6af2076c
256,200,0.5,0x2e280b5ece9f08fc3ec91c6243f5be7a3ca83cc3,2017-08-24T06:29:06.000Z,0.0025,0x5de71f8f8ca9ff4985a0b4e6749d166435787ecf,sell,0x40395044ac3c0c57051906da938b54bd6557f212,0x9b4888fc429409e75518d74e272980e5eeeffa82b5ee76c51a9d8a8f7df8d466
257,3026.61748579,6.053268264372344,0xb902ba6e3272e66c74035d7e30f4fa9279bd56f9,2017-08-23T23:33:31.000Z,0.002000011,0x373a30993c7b5d69f7e7cc9845bb3a170622174b,sell,0x40395044ac3c0c57051906da938b54bd6557f212,0xfbda13273e5ed94f34275113746371331bfb768af8fb0b954492a8b4b17af527
258,103.92375002,0.3221636250747011,0x29156b109979c6acbffc8f702f9b3a41e4168b4d,2017-08-23T12:05:38.000Z,0.003100000000122215,0x2e280b5ece9f08fc3ec91c6243f5be7a3ca83cc3,buy,0x40395044ac3c0c57051906da938b54bd6557f212,0xc6f88b1a1d22401496d5faf79c1ad9d61a086d4f025357b9d95768bf54e695b1
259,2,0.0062,0x669f0ab96fd3beb68bc836bb874894bbb516331a,2017-08-23T11:30:36.000Z,0.0031,0x2e280b5ece9f08fc3ec91c6243f5be7a3ca83cc3,buy,0x40395044ac3c0c57051906da938b54bd6557f212,0x8733659f1e743673acbfc245582d163e48da49d5d1aba40283a6b7a6bf4f9805
260,374.51,1.12353,0x2eff0b1e34873b871c53cce407e92c9a27e7e7e4,2017-08-23T00:26:33.000Z,0.003,0x5ce7fbecfe975e5688a446c3e596da8b86f7c1dc,buy,0x40395044ac3c0c57051906da938b54bd6557f212,0x8ed498fa5ccc57b39fffc707ec23aa3ed8bdb023c3655336ab34700ed324e171
261,104,0.3224,0x7b521dd7d98bbd54d369770583b3c7478e9ae534,2017-08-22T11:59:52.000Z,0.0031,0xdb3f409292000fc59daa68e0a0e913235e9e6a84,sell,0x40395044ac3c0c57051906da938b54bd6557f212,0xef7a48681557a9d62235758d4b0798ad60c60fc4e861219e3ffc09aca5869741
262,100,0.31,0x0cfe62f8c87667f20c13f348b7e77e207aa461c5,2017-08-21T22:50:55.000Z,0.0031,0x2e280b5ece9f08fc3ec91c6243f5be7a3ca83cc3,buy,0x40395044ac3c0c57051906da938b54bd6557f212,0xcd4969e31d4eba05b67c3b786aa168628ea412b1e2865055099fd6d4f5c7ae5d
263,55.625,0.178,0x0496c43f8fbf04481b6c4c042dc36797266d9682,2017-08-21T13:39:28.000Z,0.0032,0x2e280b5ece9f08fc3ec91c6243f5be7a3ca83cc3,sell,0x40395044ac3c0c57051906da938b54bd6557f212,0x6c1c850fc8e7ed342de26c59e5d8fba7c5286ce0d64989912544ec5a5eab4b2f
264,154,0.4979898,0x7b521dd7d98bbd54d369770583b3c7478e9ae534,2017-08-21T13:35:43.000Z,0.0032337,0x2e280b5ece9f08fc3ec91c6243f5be7a3ca83cc3,sell,0x40395044ac3c0c57051906da938b54bd6557f212,0xa4db20d9e6f73e6ec1328301f8dd71ed7fd656ea50afaad4bbbfdd534e79a7fc
265,320.00000001,1.034784,0x7cd14a607ff8748c639a83a5d78a885730de29c0,2017-08-21T08:40:03.000Z,0.003233699999898947,0x5ce7fbecfe975e5688a446c3e596da8b86f7c1dc,buy,0x40395044ac3c0c57051906da938b54bd6557f212,0x4279a306e3f4b5eaed1148161f16cbf5c0a0b7415927b8bc377756fb3d245738
266,1000,3.0002,0x4717c48e3f3d63d01ee7452fcea47cb522c56a99,2017-08-21T07:02:35.000Z,0.0030002,0x5ce7fbecfe975e5688a446c3e596da8b86f7c1dc,sell,0x40395044ac3c0c57051906da938b54bd6557f212,0xa4de43793f175b00190c83bf589362ac79c5af8f9f04818a5b680b38ea5b6ac4
267,51.605,0.1668750885,0x1816dddb4ed2a96f99c3ec5aba218eed503b148f,2017-08-21T05:05:09.000Z,0.0032337,0xdb3f409292000fc59daa68e0a0e913235e9e6a84,sell,0x40395044ac3c0c57051906da938b54bd6557f212,0x8bbe3d02bb0f1e001b0ee5421eaaa966ff88d3d7b61f9d307e033e4b63792780
268,0.01987658,0.000064274896746,0x1816dddb4ed2a96f99c3ec5aba218eed503b148f,2017-08-21T04:47:53.000Z,0.0032337,0xdb3f409292000fc59daa68e0a0e913235e9e6a84,sell,0x40395044ac3c0c57051906da938b54bd6557f212,0xce1e259ad5db3eda3613cd6068b10451e1dbea37ec58fabefd8453e134177e8d
269,100,0.34,0x2e280b5ece9f08fc3ec91c6243f5be7a3ca83cc3,2017-08-20T08:43:33.000Z,0.0034,0xf735e0fb87a3e556fa34cef82158a3c19d980964,sell,0x40395044ac3c0c57051906da938b54bd6557f212,0xdbc7d79e2e95a0e0fef64fa29d1260e33880764723b7356f3a75ac60f925c516
270,200,0.6802,0xe809d458ea42a11be877d91929280a798a17cea0,2017-08-20T08:40:59.000Z,0.003401,0xf735e0fb87a3e556fa34cef82158a3c19d980964,sell,0x40395044ac3c0c57051906da938b54bd6557f212,0x6e6fadfbbf2e5926684317cd1d5edb050675841b7f0788ca5c89a7d56a12398b
271,10,0.038999,0xf4354e790255f752eb46733eb37ae51012f5bbd9,2017-08-20T07:06:33.000Z,0.0038999,0xe809d458ea42a11be877d91929280a798a17cea0,buy,0x40395044ac3c0c57051906da938b54bd6557f212,0x2f829239f1e335cc4f7351ffe2d2f9cf1f848dd84a188e0142b3228343c9a61c
272,62.657,0.25000143,0x48ae7ea7038973e4dd8316cb37ffd01a8b3b9828,2017-08-20T00:35:38.000Z,0.00399,0x2e280b5ece9f08fc3ec91c6243f5be7a3ca83cc3,buy,0x40395044ac3c0c57051906da938b54bd6557f212,0x8228b7fe7ed53d3d288cebd26b21ac6a28a6822619869fdb88ce36e5f82cc1ff
273,56.75,0.2043,0x2e280b5ece9f08fc3ec91c6243f5be7a3ca83cc3,2017-08-19T23:19:27.000Z,0.0036,0x1fdf047bf7a114b37e7936d01e9cad754ad18803,buy,0x40395044ac3c0c57051906da938b54bd6557f212,0xc27073686281d86afb125b2a1218682557a9f33a6d2ee8256feb5b90b8a5a95e
274,199.93021632,0.646514340513984,0x1816dddb4ed2a96f99c3ec5aba218eed503b148f,2017-08-19T18:31:53.000Z,0.0032337,0xd607d781a1d4eccdb45101b9e9c11777b438c9da,sell,0x40395044ac3c0c57051906da938b54bd6557f212,0x424bfb1199b8f36c683267f8febbd8e0e536861f6ca88511480eca340c180fbd
275,129.59824543,0.419081846246991,0x1816dddb4ed2a96f99c3ec5aba218eed503b148f,2017-08-19T14:43:51.000Z,0.0032337,0xd607d781a1d4eccdb45101b9e9c11777b438c9da,sell,0x40395044ac3c0c57051906da938b54bd6557f212,0x40896e7ea587145e0c99d552c0a317787d7c040962e1a0bc0c72a8c79be93bd3
276,19.46465032,0.062942839739784,0x1816dddb4ed2a96f99c3ec5aba218eed503b148f,2017-08-19T12:03:50.000Z,0.0032337,0xd0a7aeff1c017fcd86888f5acfe0752735914dce,sell,0x40395044ac3c0c57051906da938b54bd6557f212,0x4fd0b01e1bff40de2a09a2e4d03caea664240ef61b636b7619fe39e2c4c919d9
277,199.38191606,0.644741301963222,0x1816dddb4ed2a96f99c3ec5aba218eed503b148f,2017-08-19T09:12:03.000Z,0.0032337,0xdb3f409292000fc59daa68e0a0e913235e9e6a84,sell,0x40395044ac3c0c57051906da938b54bd6557f212,0xa1d93702fefd6b1f955599a49cae966e636bb5e471149d75a59e35e82539dc4a
278,300,1.07997,0x1816dddb4ed2a96f99c3ec5aba218eed503b148f,2017-08-19T02:12:42.000Z,0.0035999,0xe809d458ea42a11be877d91929280a798a17cea0,buy,0x40395044ac3c0c57051906da938b54bd6557f212,0x73a799da9deaf06e046ab4a5aae3d366b38b82310e0e7aeaccf5f7cbb9cd20aa
279,135.61348497,0.43857401039298,0x48f5e132129f98d089d33700d8fd9cc622f73aaa,2017-08-19T01:48:38.000Z,0.003234,0xd607d781a1d4eccdb45101b9e9c11777b438c9da,sell,0x40395044ac3c0c57051906da938b54bd6557f212,0x58660185550f829b4a9aced0f0ae4f3848b5cc148340e844529254faf203533c
280,165.45690012,0.6121903649928008,0xf9506abdd249914a46f178d0d5291fc5a4b969d8,2017-08-18T21:07:57.000Z,0.0036999990000344558,0x8a09575d6bd491b7d82ad062651beb62964b24d2,buy,0x40395044ac3c0c57051906da938b54bd6557f212,0x0599d6a32cb40ac1f90615edd2e310bedffab27aaf9cfd9b1fc7c15912f9b2c2
281,8.10799999,0.02999959189,0x2f5aec7639b9f38abe7ef719c089439f223d4ba5,2017-08-18T19:34:28.000Z,0.003699999004316723,0x8a09575d6bd491b7d82ad062651beb62964b24d2,buy,0x40395044ac3c0c57051906da938b54bd6557f212,0xa88b1c7585b054340a5194a51614d9ca503f3c07273bcc58e590dad4a8eb2606
282,269.43509987,0.9969096001171992,0x69af23d4635db6d92d078939631c5db64588aa17,2017-08-18T19:22:31.000Z,0.0036999990001235885,0x8a09575d6bd491b7d82ad062651beb62964b24d2,buy,0x40395044ac3c0c57051906da938b54bd6557f212,0xa8d92d6d11397fab9ba351112719ad2ad82ab51fb3443df9729c36354f535b77
283,140,0.4508,0x19ff2a1920c9b21551c26ce61582b9c75e245c2d,2017-08-18T16:33:49.000Z,0.00322,0x78b0e4933f5b7d90102367e28efcde256998411e,sell,0x40395044ac3c0c57051906da938b54bd6557f212,0x9895c8d53ee1170109b6182f89d251e597c190d552942e51d98c25b493eb72ff
284,180,0.594,0x2e280b5ece9f08fc3ec91c6243f5be7a3ca83cc3,2017-08-18T16:29:24.000Z,0.0033,0x78b0e4933f5b7d90102367e28efcde256998411e,sell,0x40395044ac3c0c57051906da938b54bd6557f212,0xec20f737a5d2ee7256a3ec0b3a668d6358cfc5137a6adb8458da2916dd5eea60
285,180,0.594,0x2e280b5ece9f08fc3ec91c6243f5be7a3ca83cc3,2017-08-18T16:22:53.000Z,0.0033,0x78b0e4933f5b7d90102367e28efcde256998411e,sell,0x40395044ac3c0c57051906da938b54bd6557f212,0x938cc86917a1d24f0e3cc09fd220d964902f0c81fcf3aad453ab522271ccc851
286,6,0.024,0x78b0e4933f5b7d90102367e28efcde256998411e,2017-08-18T15:31:35.000Z,0.004,0xe809d458ea42a11be877d91929280a798a17cea0,buy,0x40395044ac3c0c57051906da938b54bd6557f212,0x8e285aa4604fe361fcda206cb8f495357e704431273cbdb598debb66f3a378d3
287,500,1.75,0x2e280b5ece9f08fc3ec91c6243f5be7a3ca83cc3,2017-08-18T14:59:25.000Z,0.0035,0x78b0e4933f5b7d90102367e28efcde256998411e,sell,0x40395044ac3c0c57051906da938b54bd6557f212,0xe4ffb90cec479e8e34b8539237be88cbf83c9cd8bf9d302868e578c17fc9f697
288,571.66881141,1.83562855343751,0x000b75fcdc15d41277deb033c72d2c8d774ccced,2017-08-18T10:15:15.000Z,0.003211,0xad86e8f5cc8833d500536fb12953a00012cdc527,sell,0x40395044ac3c0c57051906da938b54bd6557f212,0x86751fde2215f33eb66f32b660eb8d87992484966d2099e6df897da0cc475d96
289,2.41910725,0.007770172487,0x1fdf047bf7a114b37e7936d01e9cad754ad18803,2017-08-18T10:09:35.000Z,0.003212,0xad86e8f5cc8833d500536fb12953a00012cdc527,sell,0x40395044ac3c0c57051906da938b54bd6557f212,0xd7f0ed3d96d0e3ef85eaec87a19ca077ab425c6014eedc5d1ac6f5e9df5b9fd9
290,2000.808,6.424594488,0x000b75fcdc15d41277deb033c72d2c8d774ccced,2017-08-18T10:09:35.000Z,0.003211,0xad86e8f5cc8833d500536fb12953a00012cdc527,sell,0x40395044ac3c0c57051906da938b54bd6557f212,0xc5e35fd15886542ee124d5552d888e62688a67db4a43bf2776d4bcc7d55ee54d
291,300,1.005,0xe809d458ea42a11be877d91929280a798a17cea0,2017-08-18T10:08:49.000Z,0.00335,0xad86e8f5cc8833d500536fb12953a00012cdc527,sell,0x40395044ac3c0c57051906da938b54bd6557f212,0x77083a450d16fb3426c7c7363c4309ba0dd1f4e7d70d36b2d23684120d7afb93
292,187.179,0.7299981,0xb3ea64e272b91d927afbda27ab781c5f74a82d15,2017-08-18T07:34:51.000Z,0.0039,0x2e280b5ece9f08fc3ec91c6243f5be7a3ca83cc3,buy,0x40395044ac3c0c57051906da938b54bd6557f212,0xf199b62acb80fcf3e8aa30d217ea7708f932ba51aff83a2bde6e65d9cccd1ebf
293,12.821,0.0500019,0x7791f89e603835a6d67939712cfad31db6a1b94c,2017-08-18T07:21:24.000Z,0.0039,0x2e280b5ece9f08fc3ec91c6243f5be7a3ca83cc3,buy,0x40395044ac3c0c57051906da938b54bd6557f212,0xdf36576287bda13a134f464041617903e5ff752b2795c5964c2d9c0769ae5481
294,43.49749136,0.1483264455376,0x2e280b5ece9f08fc3ec91c6243f5be7a3ca83cc3,2017-08-18T05:18:25.000Z,0.00341,0x9ff829434b54ac9b68f7ea28e5bb5e475ce19972,sell,0x40395044ac3c0c57051906da938b54bd6557f212,0xcf7b4439e30ba46fc0b4bb53c67e3365ac06521fee18f421fe697ee64f18d022
295,2.232,0.00999936,0x9ff829434b54ac9b68f7ea28e5bb5e475ce19972,2017-08-18T05:12:29.000Z,0.00448,0x2e280b5ece9f08fc3ec91c6243f5be7a3ca83cc3,buy,0x40395044ac3c0c57051906da938b54bd6557f212,0x9de2319a3af10ba292086dacbae73136899962a743b2f45dba943f3eda761f0a
296,200,0.7,0x2e280b5ece9f08fc3ec91c6243f5be7a3ca83cc3,2017-08-18T04:50:16.000Z,0.0035,0x9ff829434b54ac9b68f7ea28e5bb5e475ce19972,sell,0x40395044ac3c0c57051906da938b54bd6557f212,0xf77da191b16dc233894456da83a8490edd6b28a84f5d138cb6050b00d5140b8c
297,1000,0.01,0x78b0e4933f5b7d90102367e28efcde256998411e,2017-08-18T04:22:11.000Z,0.00001,0x9ff829434b54ac9b68f7ea28e5bb5e475ce19972,sell,0x40395044ac3c0c57051906da938b54bd6557f212,0x74d4167f97f027439e2dc4634a631d0d8221447c839e4e975e8b3a448d15ce3c
298,2.21535462,0.009969095803010666,0xb3ea64e272b91d927afbda27ab781c5f74a82d15,2017-08-17T16:43:11.000Z,0.004500000005872949,0x1fdf047bf7a114b37e7936d01e9cad754ad18803,buy,0x40395044ac3c0c57051906da938b54bd6557f212,0xb7de53937456b37293a6ba25388e42ebeb552cbfa1a3b90b7cb218c0f2c520af
299,19.522,0.0839446,0xd0a7aeff1c017fcd86888f5acfe0752735914dce,2017-08-17T15:30:33.000Z,0.0043,0x2e280b5ece9f08fc3ec91c6243f5be7a3ca83cc3,buy,0x40395044ac3c0c57051906da938b54bd6557f212,0x6438ad577a5a3fe17b2c860276609ff72861718ed6b11844bc9b87c36b4ae34a
300,0.00673276,0.000030297460708511,0x5a90b11f3f6cbfd2984c434db09c03e3a5475228,2017-08-17T09:10:45.000Z,0.004500006046333302,0x1fdf047bf7a114b37e7936d01e9cad754ad18803,buy,0x40395044ac3c0c57051906da938b54bd6557f212,0xeebc1538e9b1e37af83de96fe9473a1a8c7e89d0812fd4c592a2535c9aefa6d0
301,19.522,0.078088,0x2e280b5ece9f08fc3ec91c6243f5be7a3ca83cc3,2017-08-17T02:30:05.000Z,0.004,0x0496c43f8fbf04481b6c4c042dc36797266d9682,buy,0x40395044ac3c0c57051906da938b54bd6557f212,0x2aa9d0db57dc2556472e9c0d2f129fedf228b5c3d5fbcbc6e16994b29d28634b
302,26.646,0.085586952,0x1fdf047bf7a114b37e7936d01e9cad754ad18803,2017-08-16T22:01:04.000Z,0.003212,0x2b3f1961d3feec7fc8dfad0933be177e772f8f5c,sell,0x40395044ac3c0c57051906da938b54bd6557f212,0x212782ff32e66d0df1bce3fd487f28a4b7377d6bf6f42fe7172d116167016805
303,4,0.012852,0xabbff179b926e6f24f9d636a4b48b5453fdf3b69,2017-08-16T21:58:59.000Z,0.003213,0x2b3f1961d3feec7fc8dfad0933be177e772f8f5c,sell,0x40395044ac3c0c57051906da938b54bd6557f212,0xb6e80d7b1afd528ec11cb444004f72f71cecf1697df26c6b18864ba14962cd4c
304,100.19240354,0.32171780776694,0x000b75fcdc15d41277deb033c72d2c8d774ccced,2017-08-16T14:06:39.000Z,0.003211,0xc94d156c898a7864c172754cb047da31621d67d3,sell,0x40395044ac3c0c57051906da938b54bd6557f212,0x268860656bcbc133d9b00d11827d158ba153b38b7161ad960b57f43401d7aeb2
305,52.11778614,0.2444324170348457,0x299e9bf4b7a384a702dc9905f18b67a215fbbaac,2017-08-16T13:34:26.000Z,0.004690000000733832,0x57b103e4afc3d2c34f29d5f6ce32e120d5bb71c3,buy,0x40395044ac3c0c57051906da938b54bd6557f212,0x3d0c27b34acae1028ac930b07a2aa3acd97971b692d704b583bdfef252b60278
