,amount,amountBase,buyer,date,price,seller,side,tokenAddr,txHash
0,0.2994011976047904,0.0005,0x3075f7f189912f4f425dd7021b9c396434197477,2017-11-02T15:30:23.000Z,0.00167,0x011d510f7ac2d020037418ef3ff7607c33eb62b4,buy,0x006bea43baa3f7a6f765f14f10a1a1b08334ef45,0xedb859b7f3ef6d6607acbd4bb906959df7e457eff55b4f1a7cfaedc7fe5889d6
1,2392.58299272256,3.495566144950653,0xf1984203af60fb1ccd5d89cd58de96e48e314980,2017-11-02T14:57:19.000Z,0.001461001,0xddf452f3237bb350cf534f7f8ecaa469c4763d00,sell,0x006bea43baa3f7a6f765f14f10a1a1b08334ef45,0xf12c8c6ca682e5956f0891f1d15f6de26fd90f11072329213f39bfe5df73824e
2,32.18991127504735,0.04828486691257103,0x547269c54497404c144bfb5063ca41d51b7b5a88,2017-11-02T10:31:08.000Z,0.0015,0x793807e7fcc3bc4705dcd8eb802ac06a5f580a3d,sell,0x006bea43baa3f7a6f765f14f10a1a1b08334ef45,0xabe008867c84b4f1adafba346327d9ccc7e3365d3d2f7dc9a2c85522c7df505f
3,89.34216275353455,0.13401324413030183,0x547269c54497404c144bfb5063ca41d51b7b5a88,2017-11-02T10:26:37.000Z,0.0015,0x6e9c874a50c37e2bf31dc46225347459152104b5,sell,0x006bea43baa3f7a6f765f14f10a1a1b08334ef45,0x34d1edf6f85f9ab9df3ceaf4905c44df83377eeb4af9291330e12dcd766d979f
4,230,0.3473,0xa4a427e29022187fc470d001423cbbf9084b4a3f,2017-11-02T10:25:32.000Z,0.00151,0x6e9c874a50c37e2bf31dc46225347459152104b5,sell,0x006bea43baa3f7a6f765f14f10a1a1b08334ef45,0x8052f8e7ab86612b8d052df9495b2c2e4f7f07fbda5ef6fbd8dce62cf936fa98
5,22.153324693450305,0.03236600737713089,0x1a5486b6d08a50a3f1082eee3633dc53c3d9da18,2017-11-02T00:45:47.000Z,0.001461,0xa54ffa43d11698bc300d924781518b71dd10f0a8,sell,0x006bea43baa3f7a6f765f14f10a1a1b08334ef45,0x2e7caffc071a9913dcdbcf26302e871da7888825ec86e60a08953edd5f01764e
6,336.3877840992922,0.4911702315846836,0xf1984203af60fb1ccd5d89cd58de96e48e314980,2017-11-01T23:24:20.000Z,0.001460131,0xdc7865a73154c3b10cf63837a4060daa50f5771a,sell,0x006bea43baa3f7a6f765f14f10a1a1b08334ef45,0x490872d3cb8b6d1b8063fa69830fe5a5989967a70895f5b27c7b38bddaf20370
7,109.8385441371339,0.18562713959175628,0xd11661c334430209f66f2840998671850eca05b6,2017-11-01T20:15:49.000Z,0.00169,0x011d510f7ac2d020037418ef3ff7607c33eb62b4,buy,0x006bea43baa3f7a6f765f14f10a1a1b08334ef45,0x163c7be871c3c23d0060b3f0d0fae32df26c93628bb4d030bd30e85050cd5b96
8,436,0.654,0xf1984203af60fb1ccd5d89cd58de96e48e314980,2017-11-01T19:26:06.000Z,0.0015,0xae11081597121016b114450ec197f1927e36dfa9,buy,0x006bea43baa3f7a6f765f14f10a1a1b08334ef45,0x6687ae79511e61903f7a85c69f03c80d6c8300c9bb04130558d2559ee5a5467c
9,27.818,0.043090082,0xf1984203af60fb1ccd5d89cd58de96e48e314980,2017-11-01T18:35:32.000Z,0.001549,0xc369a9254bf81943cd3e9abe6764e73202c99385,buy,0x006bea43baa3f7a6f765f14f10a1a1b08334ef45,0xae9b153e63a180397ef6b51bcc64a6aa8b8a434b75165d505bf47d56433716f2
10,495.117,0.7857011673,0x547269c54497404c144bfb5063ca41d51b7b5a88,2017-11-01T17:33:02.000Z,0.0015869,0x09bf40596e308379e4730f127fb8a8e10492898d,buy,0x006bea43baa3f7a6f765f14f10a1a1b08334ef45,0xc316fc10f8ddfea4a058e6ba4bb4ba0ceb97a8e589ece5972edbb232d6284439
11,8.9721862227096,0.013009759744791146,0x3dee4a4e076e8d82859d241db0baf46f112cfa23,2017-11-01T17:33:02.000Z,0.00145001,0xfacf569d196e88e5e1508c7c73edfe35770d196c,sell,0x006bea43baa3f7a6f765f14f10a1a1b08334ef45,0xc76c425d9072ec070fd98bb177430393c55551c844841041c071db08cc64d623
12,1022.241,1.620251985,0x547269c54497404c144bfb5063ca41d51b7b5a88,2017-11-01T17:30:04.000Z,0.001585,0x011d510f7ac2d020037418ef3ff7607c33eb62b4,buy,0x006bea43baa3f7a6f765f14f10a1a1b08334ef45,0x0ec22b25cb595650794700038f690311c8da9e62d6a5527604b72efd23a7a3a2
13,362,0.5611,0x547269c54497404c144bfb5063ca41d51b7b5a88,2017-11-01T16:10:46.000Z,0.00155,0x493a2afd4d49a26fe1d9e2009af23308676a0657,buy,0x006bea43baa3f7a6f765f14f10a1a1b08334ef45,0xe8200fa3f89fc73fac130d9afc3abb8f2da40286b5d0bd25d2538c0c2d15bb31
14,199.969,0.3097517610341,0x547269c54497404c144bfb5063ca41d51b7b5a88,2017-11-01T16:08:51.000Z,0.0015489989,0x0aa9e5d62f8a852a6baac786c43f2ea64a4ebc8d,buy,0x006bea43baa3f7a6f765f14f10a1a1b08334ef45,0x2567eeb8dc104e76616a58f8b6dc170004c64c365f4a1f1ac6703da4408275a9
15,0.002663917460898635,0.00000373001722875,0x773b938a8cfb69af5203dd269a7c60d0ac1ae6c5,2017-11-01T09:20:14.000Z,0.001400199999999899,0xa18f410cdeea7148dd2f51c217173637f5691243,sell,0x006bea43baa3f7a6f765f14f10a1a1b08334ef45,0x5977f5408b00955b9c6062e2c5d8b6ad09b76861edb383a964d620c8472224c5
16,7.9752766424085335,0.011165387299371946,0x244beb883da53d9f6169762af296e944aba5bb84,2017-11-01T02:07:13.000Z,0.0013999999999999998,0x18c657a2403e75ed03a885622031e6c9985fe212,sell,0x006bea43baa3f7a6f765f14f10a1a1b08334ef45,0x5497dc4f3110ba8ea984511c7d1c1971b37402dcde10d17fbb461bb4c1a90040
17,0.14750913004131672,0.000206512782057843,0x244beb883da53d9f6169762af296e944aba5bb84,2017-10-31T22:58:58.000Z,0.0013999999999999974,0x528749de69b785aff477cafae58c98b98550f3ac,sell,0x006bea43baa3f7a6f765f14f10a1a1b08334ef45,0x2d8324fa76672991451808cb43163ef00a99c37bfcc896fd2f7b24f691eeba15
18,1479.664083444448,1.9398396133956712,0x0ce4b16411b408bc9f06d456175db3cc79b25299,2017-10-31T22:47:00.000Z,0.0013109999999999999,0x528749de69b785aff477cafae58c98b98550f3ac,sell,0x006bea43baa3f7a6f765f14f10a1a1b08334ef45,0x8610a0394981e334950cfcd3a63e73f63c07afa24a7a763cc3415c368f495169
19,200,0.27463,0x200c227e4227c4d24bbea017e4939e7c0053bccc,2017-10-31T22:33:54.000Z,0.00137315,0x528749de69b785aff477cafae58c98b98550f3ac,sell,0x006bea43baa3f7a6f765f14f10a1a1b08334ef45,0x1dfc5c2fa149c8850552f57b377ad1b782f54f5d0de642a922520014eb038621
20,300,0.4119453,0x5668944c89953f704bf6719c67f57431bfa71225,2017-10-31T22:27:11.000Z,0.001373151,0x528749de69b785aff477cafae58c98b98550f3ac,sell,0x006bea43baa3f7a6f765f14f10a1a1b08334ef45,0x25797960ddae5dc4f3d94839567bcf3a7caabca7ba83f604ce7dbaeb7ee8b08b
21,11,0.01551,0xd6146c64896d92d4d32c37cb06779ddf20a05c82,2017-10-31T22:24:42.000Z,0.00141,0x528749de69b785aff477cafae58c98b98550f3ac,sell,0x006bea43baa3f7a6f765f14f10a1a1b08334ef45,0x1df0838d7b8bb1e25fd027a7e4d2f4152d8c67e54076b249bd9b4d9be1b74d98
22,501,0.750498,0x279cdd763b7d89bd19ce0877464e3f7a2fef511e,2017-10-31T13:34:02.000Z,0.001498,0xf1984203af60fb1ccd5d89cd58de96e48e314980,sell,0x006bea43baa3f7a6f765f14f10a1a1b08334ef45,0xadfecd2fac6866dd10d6bf00ff060824c4f65f73ef0352f1828da39dc1820b81
23,1,0.001498,0x0b773d7819259d78757b26dc4148812d35676d8f,2017-10-31T12:19:11.000Z,0.001498,0xa18f410cdeea7148dd2f51c217173637f5691243,buy,0x006bea43baa3f7a6f765f14f10a1a1b08334ef45,0x2063cf88669ab0f675c864933b27a19b01a6ced323c209ddce55d56d3ea72f16
24,65.359,0.09280978,0xf1984203af60fb1ccd5d89cd58de96e48e314980,2017-10-31T09:33:57.000Z,0.00142,0x527e6009e17c7e85ca8c3912accd8f0e12b89e2b,buy,0x006bea43baa3f7a6f765f14f10a1a1b08334ef45,0x449bfaa2c35505d0c0beac88871324b43738e71de0575fa0121c904ecf6d5d66
25,0.3140185741986,0.000436485818136054,0xfbf7dc0756a9768d0c71aea5f8421f3b1eaee7d1,2017-10-31T05:49:56.000Z,0.00139,0xe444a40689f51f63bcd29910622035707d533d29,sell,0x006bea43baa3f7a6f765f14f10a1a1b08334ef45,0xe966bb80b588018f3eedae40dd468ec474605d8d596100a07c2fc6dfe2fd7afb
26,846.7754800088533,1.1685594769424976,0x2256c01a9c0e2de68cb7d27f7e39dc4e1c7d3783,2017-10-31T04:01:32.000Z,0.001380011,0xa81d30697eaf18bc2d0b6a87ec5aa22e0506be42,sell,0x006bea43baa3f7a6f765f14f10a1a1b08334ef45,0x4bd065615dd48cfcb934f979d821c8ec1f3f76f3fb8b4336a8fd6a96fa511b62
27,200,0.2804,0x5668944c89953f704bf6719c67f57431bfa71225,2017-10-31T03:59:48.000Z,0.001402,0xa81d30697eaf18bc2d0b6a87ec5aa22e0506be42,sell,0x006bea43baa3f7a6f765f14f10a1a1b08334ef45,0x8ecc0f66b9c56455155f34a3c3bdd641751838a614e5ac61543359faa19fe549
28,100,0.15,0x085b49359e681524c631a82465bfc79b6eb68ce5,2017-10-31T00:24:42.000Z,0.0015,0x6e9c874a50c37e2bf31dc46225347459152104b5,buy,0x006bea43baa3f7a6f765f14f10a1a1b08334ef45,0x10f6cbd4eaed5775dbd5a90f6f302de296f9f60c4dd53f8d6d64583fcce3192c
29,32.599,0.04824652,0x790dda3b970f85b7b59052a3eb9fd9a5f6e675e9,2017-10-30T22:49:37.000Z,0.00148,0xf1984203af60fb1ccd5d89cd58de96e48e314980,sell,0x006bea43baa3f7a6f765f14f10a1a1b08334ef45,0x254d2519f835aabd6dfe08df929d50a1d2eaee77da91a0015d4442536e1288b2
30,1000,1.499999,0x011d510f7ac2d020037418ef3ff7607c33eb62b4,2017-10-30T21:00:06.000Z,0.001499999,0xf1984203af60fb1ccd5d89cd58de96e48e314980,buy,0x006bea43baa3f7a6f765f14f10a1a1b08334ef45,0xf9596e594849343c1082d743aa9f70a5b99b67ae2c2e8ae99bb364ad2337846e
31,0.01,0.00001499999,0x0c4085d8e714ca77ac5f46cd2b80a92d238a7cd3,2017-10-30T20:05:58.000Z,0.001499999,0xf1984203af60fb1ccd5d89cd58de96e48e314980,buy,0x006bea43baa3f7a6f765f14f10a1a1b08334ef45,0x97e573b0005fd46b98c6a20544b1dd7c085263ac46165c676ddb96c172e5c519
32,1500,2.25,0x011d510f7ac2d020037418ef3ff7607c33eb62b4,2017-10-30T18:29:54.000Z,0.0015,0x04f8873d8eaa3fc4ae7fa70a9d147f754c0bc150,buy,0x006bea43baa3f7a6f765f14f10a1a1b08334ef45,0x6c1a2b67f3a3969dd55454613be369cb5d11ce160ff319fbfced744f19b8750c
33,106.336,0.157589952,0x8d18377e912b4315407b959ef2b49ccac6b5f6a2,2017-10-30T17:54:29.000Z,0.001482,0xf1984203af60fb1ccd5d89cd58de96e48e314980,sell,0x006bea43baa3f7a6f765f14f10a1a1b08334ef45,0xfd811162673a1bfb3d0637e5eaa12cba3517204e1e792c0f5df521bf524df761
34,5000,7.310005,0x27ae0b19dddc9749318e610bc7598d3bef7b6701,2017-10-30T17:43:21.000Z,0.001462001,0x04f8873d8eaa3fc4ae7fa70a9d147f754c0bc150,sell,0x006bea43baa3f7a6f765f14f10a1a1b08334ef45,0x5811daeece1762ebee794871cf2f2cc1fe0bcf3ddd423abf24bbf62aecce0214
35,7000,10.234,0x7c2b0444614da1808d2716622184a4bf02ff29df,2017-10-30T17:42:16.000Z,0.001462,0x04f8873d8eaa3fc4ae7fa70a9d147f754c0bc150,sell,0x006bea43baa3f7a6f765f14f10a1a1b08334ef45,0xec27cbef28c9844f4f466a13a56968d92c5a70e129668ee487ab94e29ac264ee
36,93.66369025079253,0.13880958895167453,0x8d18377e912b4315407b959ef2b49ccac6b5f6a2,2017-10-30T15:21:52.000Z,0.001482,0x8a249cdb0dcb54e7ba0ab703b801f53900d28c05,sell,0x006bea43baa3f7a6f765f14f10a1a1b08334ef45,0x1b57a122389807eab23298417499189d8d4a517b0137302b740001432e708e10
37,650,0.952315,0xa18f410cdeea7148dd2f51c217173637f5691243,2017-10-30T15:20:37.000Z,0.0014651,0x8a249cdb0dcb54e7ba0ab703b801f53900d28c05,sell,0x006bea43baa3f7a6f765f14f10a1a1b08334ef45,0xefd1d75dbeb35a693233b3519f20473e8e7adef57646bb77b2815dc11c474d88
38,0.008,0.00001184,0x790dda3b970f85b7b59052a3eb9fd9a5f6e675e9,2017-10-30T11:25:39.000Z,0.00148,0x7e26731ae8c3783d5e15e477a8de517a04e20b40,sell,0x006bea43baa3f7a6f765f14f10a1a1b08334ef45,0xf550c39a2a9c790264d111ec200ff23505ff7f29e4627e00abfd1c4a2a293a61
39,82.25607055192077,0.12173898441684275,0x790dda3b970f85b7b59052a3eb9fd9a5f6e675e9,2017-10-30T11:23:35.000Z,0.00148,0x7e26731ae8c3783d5e15e477a8de517a04e20b40,sell,0x006bea43baa3f7a6f765f14f10a1a1b08334ef45,0x69097a037402189bd5f18ed9db84804e677f16bf1603ee989e4aeeae0ef71369
40,432.422,0.639984992422,0xc11f32a3d45a3dc54b34234dd2b9f46292e69c02,2017-10-30T11:22:38.000Z,0.0014800009999999999,0x7e26731ae8c3783d5e15e477a8de517a04e20b40,sell,0x006bea43baa3f7a6f765f14f10a1a1b08334ef45,0x6c2f9377e7afa02591053f885ca74bdd598f1968f70ba7aa30afd3b3a9703fe2
41,200,0.2960004,0x5668944c89953f704bf6719c67f57431bfa71225,2017-10-30T11:20:57.000Z,0.001480002,0x7e26731ae8c3783d5e15e477a8de517a04e20b40,sell,0x006bea43baa3f7a6f765f14f10a1a1b08334ef45,0x8277fe06ddbe7b5967279b5cf0e4afab3e2dd45bcfc3dde62c9c58cf7c45a7ba
42,163.60480803447484,0.24540721205171223,0x82d99d98115565d2a58e99fc53704cee56e3c0de,2017-10-30T11:19:30.000Z,0.0015,0x7e26731ae8c3783d5e15e477a8de517a04e20b40,sell,0x006bea43baa3f7a6f765f14f10a1a1b08334ef45,0xc8c5f49273d2eb36818ecec0e0aa9a3a9e19edcc20714b49a8d1761f495db7d1
43,59.22039386068448,0.08883059079102672,0x7ad7c8af1e6f4a2e894fb39f8ff67e433b2f1978,2017-10-30T09:23:11.000Z,0.0015,0x6e9c874a50c37e2bf31dc46225347459152104b5,buy,0x006bea43baa3f7a6f765f14f10a1a1b08334ef45,0xdfce5c8e5bcd734d09c4cce5445444146f5535e416f50c70ede6c7e7f64c4ce8
44,37.4758249426777,0.05621373741401655,0x82d99d98115565d2a58e99fc53704cee56e3c0de,2017-10-30T07:41:07.000Z,0.0015,0xcea5cd5cffada9d5c6a17c57b3656c7692994e5a,sell,0x006bea43baa3f7a6f765f14f10a1a1b08334ef45,0x78f98c83541cee2c143f15f7251079ee6bcc824a2a405f852910f331e495db16
45,198.38500647991228,0.2975775097198684,0x82d99d98115565d2a58e99fc53704cee56e3c0de,2017-10-30T04:19:43.000Z,0.0015,0x43de78247865f64c7a7bd8eaec0df39351ed9d45,sell,0x006bea43baa3f7a6f765f14f10a1a1b08334ef45,0xcb003b8111fbfadd29235c41ab10339aed98bf3eb95e48417c18838bf391fc89
46,0.2669225136754,0.0004003837705131,0x82d99d98115565d2a58e99fc53704cee56e3c0de,2017-10-30T03:02:04.000Z,0.0015,0x16e5d97bbc92417e051e3b2cabfbf8ceea2acb9c,sell,0x006bea43baa3f7a6f765f14f10a1a1b08334ef45,0xc6f01ab496321160460413d37c5e2d909d56e7b4baff0e9ae15482c2491861bf
47,0.2674380292598,0.0004011570438897,0x82d99d98115565d2a58e99fc53704cee56e3c0de,2017-10-30T02:59:05.000Z,0.0015,0x379374d13077e8867ef31803c37baf9785a17c00,sell,0x006bea43baa3f7a6f765f14f10a1a1b08334ef45,0xf8256afb9ea80a9c53c804d20213553ba0e09fed2006de6c5d0f7e75f8e98cfc
48,0.011,0.000016280010999999,0xc11f32a3d45a3dc54b34234dd2b9f46292e69c02,2017-10-30T01:32:04.000Z,0.001480000999999909,0x77c0016fea4b7c41cb7867518f23a5cde66f8cd4,sell,0x006bea43baa3f7a6f765f14f10a1a1b08334ef45,0x57684b059c9ca6fdf886dc2f1bb1e784206383a98156f7b3b038ef525d4020e8
49,110.65696341341841,0.16377241650882265,0xc11f32a3d45a3dc54b34234dd2b9f46292e69c02,2017-10-30T01:27:30.000Z,0.0014800009999999999,0x77c0016fea4b7c41cb7867518f23a5cde66f8cd4,sell,0x006bea43baa3f7a6f765f14f10a1a1b08334ef45,0xb18b014c41b3b16eae7aa7b22d2325be0206293a46b5600975b2c6ab4c60f67c
50,996.9098514055921,1.4754275769901277,0xc11f32a3d45a3dc54b34234dd2b9f46292e69c02,2017-10-29T22:12:02.000Z,0.0014800009999999999,0x35622db1b45d8e42cbce42acb0629f10d0648bfc,sell,0x006bea43baa3f7a6f765f14f10a1a1b08334ef45,0x9956384083d905e3379b0f9a9e142034bd39517366571f609116889835adba50
51,1,0.001480123,0xac9302f10740e0b0149449ffb3b792c8e31515f0,2017-10-29T13:51:14.000Z,0.001480123,0x0f935f0343be7527facf5e4a3c547d25bdcb7942,sell,0x006bea43baa3f7a6f765f14f10a1a1b08334ef45,0x9b035a0b80abc07e1a42d710a3d83394281064bfd34f82bc13d4e5e1cb457e24
52,41.8702023726448,0.061344033496161895,0xa18f410cdeea7148dd2f51c217173637f5691243,2017-10-29T11:17:09.000Z,0.0014651,0xa3406b9ef2aab95b0f2431982fefdc0de4662313,sell,0x006bea43baa3f7a6f765f14f10a1a1b08334ef45,0x04d3dbd65bb15e9b58be93b2cb60731b79a49c23f2e7ea265cdd06cc8acd8dd2
53,149.07718831219898,0.21841298859620273,0xa18f410cdeea7148dd2f51c217173637f5691243,2017-10-29T04:20:26.000Z,0.0014651,0x98b8f889dbe2b5c4c5879f65e13b24012f2afdce,sell,0x006bea43baa3f7a6f765f14f10a1a1b08334ef45,0x3650c2120cdc5a54ca98a22811684a5daf56f8bb116aa414e465292cb1662b25
54,448.5552814907612,0.6571783429121143,0xa18f410cdeea7148dd2f51c217173637f5691243,2017-10-29T02:20:06.000Z,0.0014651,0x31df6b9b0ec0403d9efd4fc1cb48eb34305dd7e8,sell,0x006bea43baa3f7a6f765f14f10a1a1b08334ef45,0xc8e30575e6c8bbb57dfe3b23eba7cd0653e547d2ec36fb951db82eec08855e0a
55,50,0.0735,0x1b265160f0cea50a34405cd2e187c49f0bab5d61,2017-10-29T02:13:03.000Z,0.00147,0x31df6b9b0ec0403d9efd4fc1cb48eb34305dd7e8,sell,0x006bea43baa3f7a6f765f14f10a1a1b08334ef45,0x7e1d6f0c4986c4b20fc53ca1c2a911ebc0e8a56f720294805537a03b7eea4aac
56,0.31496062992125984,0.0005,0xe444a40689f51f63bcd29910622035707d533d29,2017-10-28T21:04:11.000Z,0.0015875,0x09bf40596e308379e4730f127fb8a8e10492898d,buy,0x006bea43baa3f7a6f765f14f10a1a1b08334ef45,0xba689f819e034d2281be8e28bfa353fc469626194598814d6906f9406e2cde36
57,0.31496062992125984,0.0005,0x34f9560c63078eb61872a4dc2ccd20e21c34feaf,2017-10-28T21:03:19.000Z,0.0015875,0x09bf40596e308379e4730f127fb8a8e10492898d,buy,0x006bea43baa3f7a6f765f14f10a1a1b08334ef45,0x7a08c4131291d29489df1655679aaa10a663e2f51691c78342a6b5d2b2a7db1c
58,91.17363960910193,0.1367604594136529,0x011d510f7ac2d020037418ef3ff7607c33eb62b4,2017-10-28T17:25:34.000Z,0.0015,0x1ed014aec47fae44c9e55bac7662c0b78ae61798,sell,0x006bea43baa3f7a6f765f14f10a1a1b08334ef45,0x228ca9f2b3254a6e8b99d5e260a0ca91a86737a1a8fa61c05551406a3300aedd
59,5,0.007937,0xf00118adac77d70abb28b6b27cb8f18a6d62750c,2017-10-28T12:42:57.000Z,0.0015874,0xf1984203af60fb1ccd5d89cd58de96e48e314980,buy,0x006bea43baa3f7a6f765f14f10a1a1b08334ef45,0xd171b3d501aa5225ac8cae150cc2f234e82ef0ee790219668b883b0c8267d0a3
60,1993.8191606021335,2.9169574319609213,0x92d59ff383d4952fd9a85854a28e5f3bcd8564e8,2017-10-28T12:14:47.000Z,0.0014629999999999999,0xfb9e00a0adc832f82631a2d6f5467d802296249d,sell,0x006bea43baa3f7a6f765f14f10a1a1b08334ef45,0x6c44085b30f5e392ce545ce4d6892e10f5721a29760db18fd261829650fa8c0c
61,958.0286338259446,1.401595891287357,0x92d59ff383d4952fd9a85854a28e5f3bcd8564e8,2017-10-28T12:01:06.000Z,0.0014629999999999999,0x31df6b9b0ec0403d9efd4fc1cb48eb34305dd7e8,sell,0x006bea43baa3f7a6f765f14f10a1a1b08334ef45,0x9a932beb7d35b26e92c1047fef40c2c4bc8360ca4a69ebd109424832b8c3faae
62,143.88262952063306,0.21294787439946167,0xd5840247f1e80d7d5d262e4687db4fa683b9eed7,2017-10-28T12:00:00.000Z,0.001480011,0x31df6b9b0ec0403d9efd4fc1cb48eb34305dd7e8,sell,0x006bea43baa3f7a6f765f14f10a1a1b08334ef45,0x3a340942e521c7b6c514677e9e54b76bd2dccc5256d9b607b9ab2d5a9d926ee9
63,1,0.001587,0x00fa15cc5ea762a2a53d364a46fb583ec50db671,2017-10-28T09:59:49.000Z,0.001587,0xf1984203af60fb1ccd5d89cd58de96e48e314980,buy,0x006bea43baa3f7a6f765f14f10a1a1b08334ef45,0xd6b64c40451f8d334dabbcb5385e52e6447a92a4622d6ae57ddbe18eeea0db93
64,375,0.5953125,0x05076a8e1dfb79704b07cb855800865943425dae,2017-10-28T04:20:19.000Z,0.0015875,0x09bf40596e308379e4730f127fb8a8e10492898d,buy,0x006bea43baa3f7a6f765f14f10a1a1b08334ef45,0x21d1da471ba01f64bd837639a89b5bba24d1e5f2474b63bad78e6a10eeb0013f
65,132.09644630467054,0.1916851532327074,0xf1984203af60fb1ccd5d89cd58de96e48e314980,2017-10-27T23:23:36.000Z,0.0014511,0x4afb16001acf68b6ac17c25b9dcb290aa8eac0b6,sell,0x006bea43baa3f7a6f765f14f10a1a1b08334ef45,0x349deff31d682cfce665c0259d7c528b37b7bd5b49dd9600d11bba687c3c9601
66,1000,1.451,0x35622db1b45d8e42cbce42acb0629f10d0648bfc,2017-10-27T23:20:59.000Z,0.001451,0x4afb16001acf68b6ac17c25b9dcb290aa8eac0b6,sell,0x006bea43baa3f7a6f765f14f10a1a1b08334ef45,0xe37cb19c8c0b7296fed1b72f9f2db5bc12e58ebdbcad0bcf15cd46e01fb203b9
67,93.89392432440908,0.13896404083329303,0xd5840247f1e80d7d5d262e4687db4fa683b9eed7,2017-10-27T23:20:42.000Z,0.001480011,0x4afb16001acf68b6ac17c25b9dcb290aa8eac0b6,sell,0x006bea43baa3f7a6f765f14f10a1a1b08334ef45,0x0c528f57141a305509c984ad4259a03cecb47b35f605ce0e6883e81243f6f069
68,120,0.178932,0xfa39526a1acacd424b1b324fb3afc8cd5f777716,2017-10-27T23:19:31.000Z,0.0014911,0x4afb16001acf68b6ac17c25b9dcb290aa8eac0b6,sell,0x006bea43baa3f7a6f765f14f10a1a1b08334ef45,0xec5b82b7d23e46552d670f05c697c2ab50a72569a6b922fb02ee2dd2591599a4
69,29.25275737079551,0.046511708703020634,0xc4017e43345fe87dba22e89ed415ea7e0f25a829,2017-10-27T12:07:00.000Z,0.001589994,0x09bf40596e308379e4730f127fb8a8e10492898d,buy,0x006bea43baa3f7a6f765f14f10a1a1b08334ef45,0x6a93bacd1c00db27a7cc926926632e272770d681826319757e67ab880259a537
70,395.7731033795235,0.5936596550692852,0x4445292834c734ded62ac0681d3de0ba39ed77a2,2017-10-27T11:21:22.000Z,0.0015,0x56c59518891fe9d96a9583452f3107eb2ca29229,sell,0x006bea43baa3f7a6f765f14f10a1a1b08334ef45,0x54811769bf5d26e90a6158e693bc56d883565c42e7d0041efac2419db7515ad5
71,47.247532648788756,0.07087129897318313,0x011d510f7ac2d020037418ef3ff7607c33eb62b4,2017-10-27T08:28:20.000Z,0.0015,0xad7944e6baa2ffcfbe96329f07b3bef456d18287,sell,0x006bea43baa3f7a6f765f14f10a1a1b08334ef45,0xbf4cd723baadbec6975ac2a438f18dac19025d17582963ebe2af60450bb3e148
72,0.038,0.000057,0x011d510f7ac2d020037418ef3ff7607c33eb62b4,2017-10-27T08:05:54.000Z,0.0015,0xa9d28feb8344a9f3ce80ac2e676f85a0f97af091,sell,0x006bea43baa3f7a6f765f14f10a1a1b08334ef45,0x12a8095d13ddee7384ab84a9b91912a621e093c03d8b88ef3844ab7a29fbbe90
73,383.78227494766224,0.5756734124214934,0x011d510f7ac2d020037418ef3ff7607c33eb62b4,2017-10-27T08:03:28.000Z,0.0015,0xa9d28feb8344a9f3ce80ac2e676f85a0f97af091,sell,0x006bea43baa3f7a6f765f14f10a1a1b08334ef45,0xae2e26fec1b819e88b3385446baaa8d654b31a834156116c3387f9537cebb6b1
74,13794,23.408418,0xe7044ccfbbd56dc173eb5caca0b42e6b1dff150a,2017-10-27T05:52:23.000Z,0.001697,0x04f8873d8eaa3fc4ae7fa70a9d147f754c0bc150,buy,0x006bea43baa3f7a6f765f14f10a1a1b08334ef45,0xf9b816bf186cb44e95c19ec40a77693d2b6ff39a59c540a8b7c93108a7f94ac9
75,248.10587179742797,0.37215880769614196,0x4445292834c734ded62ac0681d3de0ba39ed77a2,2017-10-26T21:55:47.000Z,0.0015,0x241f3fe431dc9d4169365d6a72a9c34257bbd3f1,sell,0x006bea43baa3f7a6f765f14f10a1a1b08334ef45,0xedd6883c78ae587827be7923ecb5cc2732d25d11c16249ee3b6c771e27bdee99
76,57.58741731433375,0.08638112597150062,0x4445292834c734ded62ac0681d3de0ba39ed77a2,2017-10-26T17:08:05.000Z,0.0015,0x7530f85827154ce178ff6c0710af07520663f9d5,sell,0x006bea43baa3f7a6f765f14f10a1a1b08334ef45,0x4746774830a72f4e77daac097446b8e6f579cd27e4e3c2b0cc235b887a46d887
77,93.74338448214915,0.1406150767232237,0x4445292834c734ded62ac0681d3de0ba39ed77a2,2017-10-26T12:01:25.000Z,0.0015,0xa0f7337919aa18fd1b5f7760073617c106c0dbe5,sell,0x006bea43baa3f7a6f765f14f10a1a1b08334ef45,0x5c882cf092066aa20578707f61677d71a172b4c976b48f22fa6531d770be4ccd
78,4.969594257800818,0.007355054167082045,0xd5840247f1e80d7d5d262e4687db4fa683b9eed7,2017-10-26T05:41:54.000Z,0.0014800109999999998,0x333eede1d8891bddeb6e3797f81bf8283397cd4c,sell,0x006bea43baa3f7a6f765f14f10a1a1b08334ef45,0x4d1c4563d1c2995a0473dcc8e25f14321ed9e4f18f71a3f17059ef562b91c2dc
79,5,0.007400055,0xd5840247f1e80d7d5d262e4687db4fa683b9eed7,2017-10-26T05:28:39.000Z,0.001480011,0x333eede1d8891bddeb6e3797f81bf8283397cd4c,sell,0x006bea43baa3f7a6f765f14f10a1a1b08334ef45,0x49f4f5f83bc417f3ea9c7f26e6c2dc7e3620606d0a6c5510faed84f70726edad
80,11,0.01628011,0xf1984203af60fb1ccd5d89cd58de96e48e314980,2017-10-25T19:06:41.000Z,0.00148001,0x5688a154f4375994e70eff044790e59ae0dd1aad,buy,0x006bea43baa3f7a6f765f14f10a1a1b08334ef45,0x254195c68da7d9ca366e8da8f98c6de3b6bbeda085da9407648f1889566e87b9
81,10.458,0.015488298,0xf1984203af60fb1ccd5d89cd58de96e48e314980,2017-10-25T18:29:17.000Z,0.001481,0x1d3aae726b1967c2695f6340570ecfc574ea2cf9,buy,0x006bea43baa3f7a6f765f14f10a1a1b08334ef45,0xb77d06f9de9ab78af84270852074f8a88d3827fea8b419da36ec3e3fb8e58d9a
82,122,0.1952,0x2f03730f177b572acdfe98b2e542242e2747db8b,2017-10-25T11:53:31.000Z,0.0016,0x7ad7c8af1e6f4a2e894fb39f8ff67e433b2f1978,buy,0x006bea43baa3f7a6f765f14f10a1a1b08334ef45,0xc3a71513dbbd8941c27fb62c0a37141b423fc13ada805111c4f89b0cdbeef069
83,58,0.0983738,0x658ff16d586190ae8b8ef21187ac21808837f1b5,2017-10-25T06:06:57.000Z,0.0016961,0xf7156a5bd1e403984a2218b1f6d2d36615a57933,buy,0x006bea43baa3f7a6f765f14f10a1a1b08334ef45,0xbd8493f27aae3e33a2aeaa07ccc7361e07aefcca3f25620b229399d2b0fa7064
84,222.9,0.367785,0x658ff16d586190ae8b8ef21187ac21808837f1b5,2017-10-25T06:02:33.000Z,0.00165,0x403ebcff76e64851ad32c434dcbcd5d73178690d,buy,0x006bea43baa3f7a6f765f14f10a1a1b08334ef45,0x2fe7a4686e0bf784b4eb64783e9c201618b0551a1d6773ab37556eb33a4020f4
85,21.864231648513076,0.032033285788236505,0x658ff16d586190ae8b8ef21187ac21808837f1b5,2017-10-25T05:56:57.000Z,0.0014651,0x009a12d4290630bc01fd82516ac57c1dc6a9bcfb,sell,0x006bea43baa3f7a6f765f14f10a1a1b08334ef45,0xedb54770f1097551bce2cfd1ae561149a8331b1a4de4b7e66536fc35d80a809a
86,21.932010766623467,0.031801415611604024,0x009a12d4290630bc01fd82516ac57c1dc6a9bcfb,2017-10-25T03:45:51.000Z,0.00145,0x4fd3d398b6a3f3105377f79df5273ef03306531c,sell,0x006bea43baa3f7a6f765f14f10a1a1b08334ef45,0x0ae44e8b19ef9e5ea2a5b6c5a89fb575c551f004e4790183b71064825fc820a4
87,0.5,0.000825,0xe1fa699860444be91d366c21de8fef56e3dec77a,2017-10-25T02:24:29.000Z,0.00165,0x403ebcff76e64851ad32c434dcbcd5d73178690d,buy,0x006bea43baa3f7a6f765f14f10a1a1b08334ef45,0xc1baee352f72240205be103368694b535f147404b92159b9da878fbd30886451
88,20,0.03299998,0xf1984203af60fb1ccd5d89cd58de96e48e314980,2017-10-24T20:53:49.000Z,0.001649999,0xf1984203af60fb1ccd5d89cd58de96e48e314980,buy,0x006bea43baa3f7a6f765f14f10a1a1b08334ef45,0x777a35d70984de9d65dbe55092755fa924f2580c2c7c2b19bba49605ac6da40f
89,2193.2010766623466,3.0924135180939087,0xf1984203af60fb1ccd5d89cd58de96e48e314980,2017-10-24T19:53:58.000Z,0.00141,0x599c07d4eab0b2c307d8b15a3ef627f787f57cfb,sell,0x006bea43baa3f7a6f765f14f10a1a1b08334ef45,0xd265f066291da513c40e814512bd12c897ce83a399c516e1a70b4ca4165cd7b1
90,239,0.34655,0xf1984203af60fb1ccd5d89cd58de96e48e314980,2017-10-24T17:55:13.000Z,0.00145,0x024d89e9ed78e00392440ecbfacc5c1d4ad8924d,buy,0x006bea43baa3f7a6f765f14f10a1a1b08334ef45,0xfd828b0565100b4adab4dba320aa00b3227ef6cd79ca16fad6d8158781c25b61
91,14.955,0.020937,0xf1984203af60fb1ccd5d89cd58de96e48e314980,2017-10-24T16:58:56.000Z,0.0014,0xa5f282efd8db8c66dc5dcfb5ab3bfccb2637d783,buy,0x006bea43baa3f7a6f765f14f10a1a1b08334ef45,0xd100686af063b64ac070ae36fee08746aa509ffd6b841abc176ecf21c78e39d9
92,149.5393275959668,0.2063826654197285,0x98b8f889dbe2b5c4c5879f65e13b24012f2afdce,2017-10-24T14:19:38.000Z,0.001380123,0xa39708cbf95731feaeb7f927bc1ef98b7f690870,sell,0x006bea43baa3f7a6f765f14f10a1a1b08334ef45,0x8977c4bfe2a6dc9873adc7f4f5b00b29bb4f0bae0ccab082caa21e3d15f68214
93,10.748755438436783,0.014833400741352584,0x7b6b2f3c88ce2ecedc01c545f13faf36034d772f,2017-10-24T14:11:52.000Z,0.001380011,0xe126c701fadcc72bbc7161a3419cc958044e738f,sell,0x006bea43baa3f7a6f765f14f10a1a1b08334ef45,0x3d9988511f8b1acb877cf833421b4ee9949f46a15df663930e8b521f6a9321c7
94,44.309984466305146,0.06775443712641321,0x493a2afd4d49a26fe1d9e2009af23308676a0657,2017-10-24T14:10:09.000Z,0.0015291009,0xe126c701fadcc72bbc7161a3419cc958044e738f,sell,0x006bea43baa3f7a6f765f14f10a1a1b08334ef45,0xd6e74730e84a2c9a8324763efd09d34a12c390cc758c16ab49545f3729a174e4
95,100,0.152911,0x493a2afd4d49a26fe1d9e2009af23308676a0657,2017-10-24T14:09:22.000Z,0.00152911,0xe126c701fadcc72bbc7161a3419cc958044e738f,sell,0x006bea43baa3f7a6f765f14f10a1a1b08334ef45,0x3268ce5c4f178a87d7fca984a5c40b86495eb029aa86e706b0d12b07bc1a7ecf
96,99.003,0.151474689003,0x493a2afd4d49a26fe1d9e2009af23308676a0657,2017-10-24T14:07:34.000Z,0.001530001,0xe126c701fadcc72bbc7161a3419cc958044e738f,sell,0x006bea43baa3f7a6f765f14f10a1a1b08334ef45,0x9ffef57a2fa3d5bcd992be92c147c43187656b51507f0b86cecc22f057e5b89d
97,97.5775097198684,0.1493030548898415,0xf7156a5bd1e403984a2218b1f6d2d36615a57933,2017-10-24T11:31:52.000Z,0.001530097,0xe5f01e7b865336f94da8444c5f95bc224d8796cf,sell,0x006bea43baa3f7a6f765f14f10a1a1b08334ef45,0xef6fff9b54e085e121d824db41e2c7167d4b13f7e7ced831ee2f27db5e7a552d
98,14.922739507526668,0.022833238952248033,0xf7156a5bd1e403984a2218b1f6d2d36615a57933,2017-10-24T07:42:25.000Z,0.001530097,0x2c758850b2d90bde3067462ee53ab0737cdb8a6c,sell,0x006bea43baa3f7a6f765f14f10a1a1b08334ef45,0xe9aaeb0145aa597d85edff56b197ba1cbd21a6ec0c576ac4f431ad83b2593e81
99,356.40685244498906,0.5453370557055205,0xf7156a5bd1e403984a2218b1f6d2d36615a57933,2017-10-24T06:54:23.000Z,0.001530097,0x5c87dd923e0a136284a9adbbb01e8c1a5e6ae872,sell,0x006bea43baa3f7a6f765f14f10a1a1b08334ef45,0x8c35666df1ae8031a76cfefe815e3455e0cb4073b380aa1ee2f96cda5e9c86b4
100,2200,3.52,0xcd60a8311a3b1f369828bc506ed838ad0d6c6f65,2017-10-23T22:35:22.000Z,0.0016,0xf1984203af60fb1ccd5d89cd58de96e48e314980,sell,0x006bea43baa3f7a6f765f14f10a1a1b08334ef45,0xa2731b16a59c45318c14aa2fbb13707ab0ba476c7c1ce19e75d06fb6cf5acc50
101,1280,2.0868224,0xcd60a8311a3b1f369828bc506ed838ad0d6c6f65,2017-10-23T22:30:43.000Z,0.00163033,0xf7156a5bd1e403984a2218b1f6d2d36615a57933,buy,0x006bea43baa3f7a6f765f14f10a1a1b08334ef45,0x114ebd646c33d4fcd50fdf998639f33f4b5c7942f9f59079254a0e765ef36ddc
102,173,0.278876,0xcd60a8311a3b1f369828bc506ed838ad0d6c6f65,2017-10-23T22:29:30.000Z,0.001612,0x9b0ff208b9904d7769d36527695e27805180d79f,buy,0x006bea43baa3f7a6f765f14f10a1a1b08334ef45,0x5facec1741b21a24294f67e60dc6e31dcbe5cdb5dffe5cd9065a7eb813e05b96
103,50,0.0806,0x0eafd90631f121fc3504a100512bc4577176cb2f,2017-10-23T20:51:26.000Z,0.001612,0x9b0ff208b9904d7769d36527695e27805180d79f,buy,0x006bea43baa3f7a6f765f14f10a1a1b08334ef45,0x50aacfb04ab52cc950931f37b7bacecb4ca49255a0aca3bbc888cdda07f3716f
104,17,0.027404,0xff64f34e8511693e3dffa0e1fe037a6a65f3937b,2017-10-23T14:53:35.000Z,0.001612,0x9b0ff208b9904d7769d36527695e27805180d79f,buy,0x006bea43baa3f7a6f765f14f10a1a1b08334ef45,0xb004eb954ce2430626e317daf32b13914069a3e2fc968e607a3e0a6ff4a02446
105,0.9969095803010667,0.001525272654770212,0x493a2afd4d49a26fe1d9e2009af23308676a0657,2017-10-23T04:03:01.000Z,0.0015300009999999996,0x7d053385a05276eedcaf706325ae34ae544741a6,sell,0x006bea43baa3f7a6f765f14f10a1a1b08334ef45,0x65a01af086da39345d29cc7165ea8ee03379ae9e5eb62986a975d38873c3cc7b
106,1,0.001739,0x4a57d0208164a1c1c63c75395dc444428a07b50a,2017-10-23T03:19:36.000Z,0.001739,0x9b0ff208b9904d7769d36527695e27805180d79f,buy,0x006bea43baa3f7a6f765f14f10a1a1b08334ef45,0x499e5bdb81b63553e6f6d5793f6a70f0137cbbc69c641797a4af4c3c0cc22e84
107,2000,3.060004,0x11199a3ae5e4d6d9aded522f14f9cfcb82cb0607,2017-10-23T02:27:01.000Z,0.001530002,0x98b8f889dbe2b5c4c5879f65e13b24012f2afdce,sell,0x006bea43baa3f7a6f765f14f10a1a1b08334ef45,0x1d63ef04fb32bc41d0e817cac04f97a4e8921f0a8d70a2f09b19a3d4f7829314
108,89.63592862127405,0.1371429707905493,0x82d99d98115565d2a58e99fc53704cee56e3c0de,2017-10-23T00:16:01.000Z,0.00153,0x57ff69166046245772dd53b9b079beeff1eaf58f,sell,0x006bea43baa3f7a6f765f14f10a1a1b08334ef45,0x70cdb3e7e8a299186f52f7ffd1a875f1927dbe0ac7deba385cd5deb0b1925bca
109,4666,6.999,0x0f1b76410215ed963ea2c3d3eaddd4a56350b422,2017-10-23T00:13:08.000Z,0.0015,0x57ff69166046245772dd53b9b079beeff1eaf58f,sell,0x006bea43baa3f7a6f765f14f10a1a1b08334ef45,0x21cd925c3554ece0343283e2e80ebcec4eb7d5e22a5208015c8746b48b6aba0d
110,7000,10.508638,0x98b8f889dbe2b5c4c5879f65e13b24012f2afdce,2017-10-23T00:12:44.000Z,0.001501234,0x57ff69166046245772dd53b9b079beeff1eaf58f,sell,0x006bea43baa3f7a6f765f14f10a1a1b08334ef45,0x0e96f671ccc14a959d440309db6815ae3a34a733a1f54b731ca7a5c0aa004c50
111,4.535281669591686,0.00693490328272615,0x493a2afd4d49a26fe1d9e2009af23308676a0657,2017-10-22T20:12:48.000Z,0.0015291009,0x3c3cdb34ada3442b243f143cadd70c0e7e487362,sell,0x006bea43baa3f7a6f765f14f10a1a1b08334ef45,0x6eade0a18a563da509ad50f2c96abde916af4ced3161e0a17bc799e1e02d16e3
112,194.24982554082345,0.2974936078157711,0x200c227e4227c4d24bbea017e4939e7c0053bccc,2017-10-22T20:11:58.000Z,0.0015315,0x3c3cdb34ada3442b243f143cadd70c0e7e487362,sell,0x006bea43baa3f7a6f765f14f10a1a1b08334ef45,0x6b47348496f3ad527ac460abf292acad0585dfa6c16180cef1a467611bd6362f
113,5.750174459176553,0.00880639218422889,0x200c227e4227c4d24bbea017e4939e7c0053bccc,2017-10-22T19:18:43.000Z,0.0015314999999999999,0xa300e3aa8e5c53a93e598ba6e685a84a9cd1059c,sell,0x006bea43baa3f7a6f765f14f10a1a1b08334ef45,0xed9fc25167680efbd46b3c687d4eb5fe97289329e86162e91e2d88f497e93baa
114,0.5,0.000815,0xe1fa699860444be91d366c21de8fef56e3dec77a,2017-10-22T18:29:46.000Z,0.00163,0xf1984203af60fb1ccd5d89cd58de96e48e314980,buy,0x006bea43baa3f7a6f765f14f10a1a1b08334ef45,0x1ad503918aa903f275b088a51b52e85036f7eb5c8bad22b0a5f73b62a01e13d1
115,110.65696341341841,0.16709201475426178,0x80780100a0d7286aa1463cc88c585cd8bb520e9c,2017-10-22T15:28:07.000Z,0.00151,0x0528a94e35ea989ed42b98f2bc09e2d849a87025,sell,0x006bea43baa3f7a6f765f14f10a1a1b08334ef45,0x361bd115879a9a896ec3643b97716ca79b4445c51cdb5b6bf5964601e43f333d
116,4.851958927325292,0.007419134762536137,0x493a2afd4d49a26fe1d9e2009af23308676a0657,2017-10-22T15:08:16.000Z,0.0015291008999999997,0xa11a417a6b88c8bd07de814e81fb96dfcf87d60f,sell,0x006bea43baa3f7a6f765f14f10a1a1b08334ef45,0xed5aa6998d8ad1da11a370c8988c22b7236dbd0c28f2ebeb256f25693f1a61e5
117,111,0.16983,0x0528a94e35ea989ed42b98f2bc09e2d849a87025,2017-10-22T15:07:20.000Z,0.00153,0xa11a417a6b88c8bd07de814e81fb96dfcf87d60f,sell,0x006bea43baa3f7a6f765f14f10a1a1b08334ef45,0x93289d2237b2752226c8234c912f1ae44a6d308b4c53b917c4ec001fc8c94201
118,15,0.015000015,0xf36990a2cb4d609e0a7d4f3bf884c0342d81fd3d,2017-10-22T14:56:49.000Z,0.001000001,0xa5f282efd8db8c66dc5dcfb5ab3bfccb2637d783,sell,0x006bea43baa3f7a6f765f14f10a1a1b08334ef45,0xe260dd1ff74360db15902ac512f885aa6e6886344a4f59d96ae5effe54cb0343
119,108.66314425281627,0.1661569116738112,0x493a2afd4d49a26fe1d9e2009af23308676a0657,2017-10-22T13:43:31.000Z,0.0015291009,0xfbcd524d38039fcb319b1984be1cbb7ea956721c,sell,0x006bea43baa3f7a6f765f14f10a1a1b08334ef45,0x91ac40199c3a189107e7ed267736015f79aa49ec96c48149b7ade17db49acf7b
120,300,0.465,0xfcbd4e101074615d6db43f94eef63ec9306feabc,2017-10-22T12:10:43.000Z,0.00155,0x746e17548b63b0689e054d84a09abe1f5b70672c,sell,0x006bea43baa3f7a6f765f14f10a1a1b08334ef45,0x5014e876befb3ee8ebdb307d590e6de5ef1d66ed1a053a756e69e260dda6e6b8
121,212.514,0.33152184,0xd5840247f1e80d7d5d262e4687db4fa683b9eed7,2017-10-22T11:58:04.000Z,0.00156,0x746e17548b63b0689e054d84a09abe1f5b70672c,sell,0x006bea43baa3f7a6f765f14f10a1a1b08334ef45,0xcd395e09db00de24b855518de2c04858e736ab080c9755f30226988c3e293a40
122,800,1.2480008,0xc11f32a3d45a3dc54b34234dd2b9f46292e69c02,2017-10-22T11:57:20.000Z,0.001560001,0x746e17548b63b0689e054d84a09abe1f5b70672c,sell,0x006bea43baa3f7a6f765f14f10a1a1b08334ef45,0x9184ac63f3adc3ca13e2cc7f9ddf61fd95394a5b0f7dbba70f7e6eb43a6c8725
123,147.5419013069952,0.2331162040650524,0xfcbd4e101074615d6db43f94eef63ec9306feabc,2017-10-22T08:19:08.000Z,0.00158,0xad5b3fbc469313e21efe4117627a658424091b0a,sell,0x006bea43baa3f7a6f765f14f10a1a1b08334ef45,0xd5cc5cf18ce84abea4f99a37814a5b5effa88bd73606c26ee9ff95517bd48f82
124,50.24912803499279,0.0794941205513586,0xfcbd4e101074615d6db43f94eef63ec9306feabc,2017-10-22T02:13:13.000Z,0.001582,0x3dee4a4e076e8d82859d241db0baf46f112cfa23,sell,0x006bea43baa3f7a6f765f14f10a1a1b08334ef45,0x4fd636a2cab0e3191d7d96ab5ec70613624f078d7f0ed383e34c4dc6287b1fef
125,40,0.06788,0x2346ec020397e426a781d0ad2b55e6b71432808f,2017-10-21T21:41:02.000Z,0.001697,0xf1984203af60fb1ccd5d89cd58de96e48e314980,buy,0x006bea43baa3f7a6f765f14f10a1a1b08334ef45,0xa4e30666078f9179e9fed06abc001cd2d1f1321ce63302699c285f7de8d4c564
126,22,0.0350922,0x4fd3d398b6a3f3105377f79df5273ef03306531c,2017-10-21T20:20:16.000Z,0.0015951,0xf1984203af60fb1ccd5d89cd58de96e48e314980,sell,0x006bea43baa3f7a6f765f14f10a1a1b08334ef45,0xe3ff7f137505dab2384f4e554149b2070a304a0c076794ee3ab0604d9c124caf
127,128.11450731324263,0.20267715056954982,0xfcbd4e101074615d6db43f94eef63ec9306feabc,2017-10-21T19:03:57.000Z,0.001582,0xee90cace416ba8102d019b6598930813367167cb,sell,0x006bea43baa3f7a6f765f14f10a1a1b08334ef45,0x1c68388eca2a361c72088c99f60bf62ef7050449ea721274c948acb2d9546a77
128,500,0.7915,0xfd1f3c7cce5d3d96945fd300e7b183b2f0f1c482,2017-10-21T19:03:05.000Z,0.001583,0xee90cace416ba8102d019b6598930813367167cb,sell,0x006bea43baa3f7a6f765f14f10a1a1b08334ef45,0x8cbe46273fa162fda2a9cab6d2f3a3e05426fc522466b8202134ed8b12e4c774
129,163.6,0.26176,0xf7156a5bd1e403984a2218b1f6d2d36615a57933,2017-10-21T18:02:02.000Z,0.0016,0x746e17548b63b0689e054d84a09abe1f5b70672c,sell,0x006bea43baa3f7a6f765f14f10a1a1b08334ef45,0x28682ee501c164dc1c96d2364596d0499f1dbc0a09bd25ad4fbfe45587a2280c
130,640,1.024,0xf7156a5bd1e403984a2218b1f6d2d36615a57933,2017-10-21T18:01:01.000Z,0.0016,0x746e17548b63b0689e054d84a09abe1f5b70672c,sell,0x006bea43baa3f7a6f765f14f10a1a1b08334ef45,0xdfe2c6647aca496e72ff18ceb2323f547283a80cbf9c5e8cc6f96e0dfcce6112
131,476.3995446237092,0.7622392713979347,0xf7156a5bd1e403984a2218b1f6d2d36615a57933,2017-10-21T17:53:18.000Z,0.0016,0x5c71f7ca58238adbffcb03ce76fb2f8640a015c5,sell,0x006bea43baa3f7a6f765f14f10a1a1b08334ef45,0x2d8860a296719de3ff1642e7b3af97edb3f39abfb5b82116f97f5412a64bb8d0
132,35.988435848868505,0.05693370551290998,0xfcbd4e101074615d6db43f94eef63ec9306feabc,2017-10-21T08:09:33.000Z,0.001582,0x3a627b8be352c55d376c49f4a4c023e749671f2d,sell,0x006bea43baa3f7a6f765f14f10a1a1b08334ef45,0x3a67a5ab1dcb0f072e208d9c99eb70d639b5b54614e4281dd5cbe1d725c65a16
133,300,0.47553,0xfcbd4e101074615d6db43f94eef63ec9306feabc,2017-10-21T08:08:49.000Z,0.0015851,0x3a627b8be352c55d376c49f4a4c023e749671f2d,sell,0x006bea43baa3f7a6f765f14f10a1a1b08334ef45,0xc55e9fd9225d12be01e1fcc873cd7ae60eea30b801bd4f93dafcd53776152fdc
134,33.76593830800818,0.058415073272854154,0x7530f85827154ce178ff6c0710af07520663f9d5,2017-10-21T06:13:26.000Z,0.00173,0xfd1f3c7cce5d3d96945fd300e7b183b2f0f1c482,buy,0x006bea43baa3f7a6f765f14f10a1a1b08334ef45,0x3ab338568cf199236a0060bb29457c2bc338af60396ff64403cd865075074f6e
135,24,0.04128,0x7530f85827154ce178ff6c0710af07520663f9d5,2017-10-21T06:11:32.000Z,0.00172,0xfbf7dc0756a9768d0c71aea5f8421f3b1eaee7d1,buy,0x006bea43baa3f7a6f765f14f10a1a1b08334ef45,0xa90843a5854c9592f5307fbc80a96495e08f0c897c3e8d88d9c62218e7649442
136,548.3002691655867,0.8668632738510617,0x2256c01a9c0e2de68cb7d27f7e39dc4e1c7d3783,2017-10-21T03:12:46.000Z,0.001581001,0x1632aed965879e3f001fb9c50af3a2de125d7b1d,sell,0x006bea43baa3f7a6f765f14f10a1a1b08334ef45,0x1d6f234a44341f723f763c0b7fe82d0f45724e779e40985a2e1fa96014afe8d5
137,2,0.0034698,0xd1f6f7607d6891e2dfda76380145f1f314e79db8,2017-10-21T01:42:52.000Z,0.0017349,0xad5b3fbc469313e21efe4117627a658424091b0a,buy,0x006bea43baa3f7a6f765f14f10a1a1b08334ef45,0x9b79cd7580b7b54a836910859019b77f7a9b8bee029f56eb45076604c6cd5b18
138,0.001585000009999911,1.585000009999911,0xfd1f3c7cce5d3d96945fd300e7b183b2f0f1c482,2017-10-21T01:37:39.000Z,1000,0xd445f61ebca3d6b4c57eef1f39fdab6595ef8972,sell,0x006bea43baa3f7a6f765f14f10a1a1b08334ef45,0xe48cceea1ddf75bfae1e6ceed0314fdab5913cc8a02344becc83f9a54fb86ea0
139,0.001589769317953772,0.000002758090789718,0xd445f61ebca3d6b4c57eef1f39fdab6595ef8972,2017-10-21T01:37:39.000Z,0.0017349000000000006,0xad5b3fbc469313e21efe4117627a658424091b0a,buy,0x006bea43baa3f7a6f765f14f10a1a1b08334ef45,0xe48cceea1ddf75bfae1e6ceed0314fdab5913cc8a02344becc83f9a54fb86ea0
140,337,0.58301,0x1da251119e3a70bcb4aed858bd2acccff2155077,2017-10-20T22:29:29.000Z,0.00173,0xf1984203af60fb1ccd5d89cd58de96e48e314980,sell,0x006bea43baa3f7a6f765f14f10a1a1b08334ef45,0x5195e3133136a1bff7d445bedbc54f81b14d0356eb78a887e55d7ed07b6e6433
141,20,0.0346,0x2346ec020397e426a781d0ad2b55e6b71432808f,2017-10-20T22:17:23.000Z,0.00173,0xf1984203af60fb1ccd5d89cd58de96e48e314980,buy,0x006bea43baa3f7a6f765f14f10a1a1b08334ef45,0x04d8231cd5453d461d8851ba5d8450edb086930ad3397bf723314b5f762e8b99
142,507.970591499222,0.8036094757517692,0xf1984203af60fb1ccd5d89cd58de96e48e314980,2017-10-20T18:22:53.000Z,0.001582,0x1ed014aec47fae44c9e55bac7662c0b78ae61798,sell,0x006bea43baa3f7a6f765f14f10a1a1b08334ef45,0xaed809eac180594f45c42f7bdab057edd9066df095fb310f1e9f9c230469dccb
143,353.90290100687866,0.5595204864918751,0x0b4e625885f2b687a5bb328d63f7a49c66ad1904,2017-10-20T17:04:29.000Z,0.001581,0x1fa3d79db65b63fa68fe8e00b775826c5f52bddb,sell,0x006bea43baa3f7a6f765f14f10a1a1b08334ef45,0x1b2c9bcc57c003ca3975e807fa7f649843c097e5ca0d086b73d0eecd72d5a469
144,996.9082832095719,1.5711274543382852,0x35622db1b45d8e42cbce42acb0629f10d0648bfc,2017-10-20T16:55:09.000Z,0.001576,0x23bdfccd84c08d2820bf0aa8c2047b6eaaa75b87,sell,0x006bea43baa3f7a6f765f14f10a1a1b08334ef45,0x004270c7f1a08624a9efa0766cb9d872aa4ddc1ace5281d492b0fbd8673e1e9d
145,327.42298873537766,0.5160186302469552,0x35622db1b45d8e42cbce42acb0629f10d0648bfc,2017-10-20T16:08:21.000Z,0.001576,0x05840362302427aac5f90edd1c43c205d5f62260,sell,0x006bea43baa3f7a6f765f14f10a1a1b08334ef45,0x61695d1127e66c36b9979fe43f34cd9409748a69d667f80830983fe19460feeb
146,24.92,0.039249,0xfbf7dc0756a9768d0c71aea5f8421f3b1eaee7d1,2017-10-20T14:50:07.000Z,0.001575,0x88eb88c3e05307a5dbff1a05416b3dd48667fe87,sell,0x006bea43baa3f7a6f765f14f10a1a1b08334ef45,0xb69f9bba5889692d0f6c4b54b5a844460bc3cb3375e1630dd066e4b8ecf7c8f5
147,199.38191606021334,0.30704815073272856,0x3c3cdb34ada3442b243f143cadd70c0e7e487362,2017-10-20T05:26:12.000Z,0.00154,0xb902ba6e3272e66c74035d7e30f4fa9279bd56f9,sell,0x006bea43baa3f7a6f765f14f10a1a1b08334ef45,0xf40315b700fa3fe5c50cf70beb9e931f87a1dc608f540f08baeb9bc61b046a92
148,110.8326,0.176223834,0x98e6abc306a6a04b67a274d7986d44760878fa48,2017-10-20T04:39:49.000Z,0.00159,0x5dba9c095c08f49dccf0f9666103dbd4da48b6f8,sell,0x006bea43baa3f7a6f765f14f10a1a1b08334ef45,0xc069503dd6e671364ee8b07a714ddcefc5ac1454476302c4d44d2ecbd8287fc7
149,240,0.3804,0x9b0ff208b9904d7769d36527695e27805180d79f,2017-10-20T04:39:49.000Z,0.001585,0x5dba9c095c08f49dccf0f9666103dbd4da48b6f8,sell,0x006bea43baa3f7a6f765f14f10a1a1b08334ef45,0xc72ccaa1c5a790c97bde36864702eac2fb922e29c91897a3f4b251b4d550e280
150,951.151,1.49330707,0x790dda3b970f85b7b59052a3eb9fd9a5f6e675e9,2017-10-20T04:39:49.000Z,0.00157,0x5dba9c095c08f49dccf0f9666103dbd4da48b6f8,sell,0x006bea43baa3f7a6f765f14f10a1a1b08334ef45,0x779d4d019401e921781c1080eb7bc0c2dc2bfb339583c0d309d0fcf4bf7351c3
151,50,0.08744945,0x75af23a6ab7a646fbb35ced88e1aaac3f9a3ed7d,2017-10-19T21:34:36.000Z,0.001748989,0xad5b3fbc469313e21efe4117627a658424091b0a,buy,0x006bea43baa3f7a6f765f14f10a1a1b08334ef45,0x68f0b0a4015d0525db05ca5fe21c036dac119d99e548d7ed2157afe9b3de8154
152,48.84856943475227,0.07669225401256106,0x790dda3b970f85b7b59052a3eb9fd9a5f6e675e9,2017-10-19T19:53:10.000Z,0.00157,0xad33f43cb3ddc2dbd5a5eb09b12423066041a219,sell,0x006bea43baa3f7a6f765f14f10a1a1b08334ef45,0xbacdb802aa013c75501a5bca4a207fd8eb1c922e9d00e3115ca68548f9b924af
153,900,1.584,0x858ec666efa263876651529871b15a0a14770b6b,2017-10-19T12:42:16.000Z,0.00176,0xf1984203af60fb1ccd5d89cd58de96e48e314980,buy,0x006bea43baa3f7a6f765f14f10a1a1b08334ef45,0xee8208ec485da8fb4d5ee42d8a78d91def8ad7172396ee52d3debce311a4e681
154,4805,7.399704805,0x2256c01a9c0e2de68cb7d27f7e39dc4e1c7d3783,2017-10-19T10:56:48.000Z,0.001540001,0x04f8873d8eaa3fc4ae7fa70a9d147f754c0bc150,sell,0x006bea43baa3f7a6f765f14f10a1a1b08334ef45,0x7bbb8283537ddf4d6d4ddfed90ac1280795471df9ece083d7e75641f2194fbfb
155,10,0.018492,0x8abf98207ad56cb4ec656502ce429fb0deabe671,2017-10-19T08:53:24.000Z,0.0018492,0xd22264eac18c6eab7fbfdd9a9789a6ef2909f93a,buy,0x006bea43baa3f7a6f765f14f10a1a1b08334ef45,0x7a9c16985700199ee15edb7e52a4206a647b12b48b9aa5d3e6df79621812a519
156,49.845479015053336,0.07577160801515302,0x3dee4a4e076e8d82859d241db0baf46f112cfa23,2017-10-19T03:56:03.000Z,0.00152013,0x1780340a5340b3530af097b9cbff2c35d4a68c95,sell,0x006bea43baa3f7a6f765f14f10a1a1b08334ef45,0x35595cdac83d7595f079b02a1b5371a646cf7dc79d3a2c79a4455855077b7037
157,59.17193311234076,0.09646977771104251,0x72f90eb02e45aec19fa7d8e012ddc17c632ccf15,2017-10-18T18:34:40.000Z,0.00163033,0xf1984203af60fb1ccd5d89cd58de96e48e314980,sell,0x006bea43baa3f7a6f765f14f10a1a1b08334ef45,0x4e3ea44370e48d5a0696b0bb614610c092fb1120d98a57d378911114dc50d7ed
158,1,0.00185,0x3ac636ac5c3a2576156ac5f10066ca68abe0ad54,2017-10-18T16:43:52.000Z,0.00185,0x23bdfccd84c08d2820bf0aa8c2047b6eaaa75b87,buy,0x006bea43baa3f7a6f765f14f10a1a1b08334ef45,0x87f86a2ec094abcd93de2fce65ed3eb0295225889b2fa984b0012b0b62c97d8d
159,0.26824034334763946,0.0005,0xf9695cd65d6dfdf257fab76a3eb0cb8f001971cc,2017-10-18T15:37:02.000Z,0.001864,0xf1984203af60fb1ccd5d89cd58de96e48e314980,buy,0x006bea43baa3f7a6f765f14f10a1a1b08334ef45,0x97f67d3665b8ea22a4e4df436eda17ec19553b30915df43c774af409f48653f7
160,0.26824034334763946,0.0005,0x379374d13077e8867ef31803c37baf9785a17c00,2017-10-18T15:34:36.000Z,0.001864,0xf1984203af60fb1ccd5d89cd58de96e48e314980,buy,0x006bea43baa3f7a6f765f14f10a1a1b08334ef45,0x9f1509847d615829162e9bb76b5323c325bbd92c1f6ee9a3671f511ba4666a4b
161,10.828066887659244,0.017653322288957492,0x72f90eb02e45aec19fa7d8e012ddc17c632ccf15,2017-10-18T14:06:16.000Z,0.00163033,0xf7156a5bd1e403984a2218b1f6d2d36615a57933,sell,0x006bea43baa3f7a6f765f14f10a1a1b08334ef45,0x260e9809f75f7e9b94b1c5ac56d0fb15adf6422c4c73363bbfc6dbd7822451eb
162,203.09,0.3310367,0x1106632c6a9e5bede1dd6b08c188dd61922cdbdf,2017-10-18T14:04:42.000Z,0.00163,0xf7156a5bd1e403984a2218b1f6d2d36615a57933,sell,0x006bea43baa3f7a6f765f14f10a1a1b08334ef45,0xfe7248b83b75c9052fdfc8e1c4daddef6c333f10980718599b0da3e30724f81d
163,86.81385211843286,0.1415067525807498,0x98e6abc306a6a04b67a274d7986d44760878fa48,2017-10-18T14:04:31.000Z,0.001630002,0xf7156a5bd1e403984a2218b1f6d2d36615a57933,sell,0x006bea43baa3f7a6f765f14f10a1a1b08334ef45,0x82eca99dfff3a847a686fb95dfa9da9b65a1dff9f6d94e227629b847af2caf50
164,500,0.8150155,0xf1cc647bb15a5ab7667feff7e7c80914374589a1,2017-10-18T14:04:31.000Z,0.001630031,0xf7156a5bd1e403984a2218b1f6d2d36615a57933,sell,0x006bea43baa3f7a6f765f14f10a1a1b08334ef45,0x7979a5d45f088b9440a5b7df320532788513eed937ed145d7a71e896dd765c43
165,1.3418311021696563,0.001745723605753824,0xf36990a2cb4d609e0a7d4f3bf884c0342d81fd3d,2017-10-18T14:04:11.000Z,0.0013010009999999993,0xf7156a5bd1e403984a2218b1f6d2d36615a57933,sell,0x006bea43baa3f7a6f765f14f10a1a1b08334ef45,0x8ca5691ed4ae88ce45c794b3068940f2bbd776107d288885892fe4f27db577a2
166,996.9095803010667,1.6249626158907386,0x1106632c6a9e5bede1dd6b08c188dd61922cdbdf,2017-10-18T11:51:04.000Z,0.00163,0x64e3b846da55147b1b0bb93d98d11b60e910890a,sell,0x006bea43baa3f7a6f765f14f10a1a1b08334ef45,0x7e3fbf3992f5e7727c177b88d991814d28028c5f58bd358d6af79cdd45ed1488
167,24.01874788156714,0.0391506070844502,0x98e6abc306a6a04b67a274d7986d44760878fa48,2017-10-18T11:20:37.000Z,0.001630002,0x1583229b26f6bf65117dc8b08badc373b430bf63,sell,0x006bea43baa3f7a6f765f14f10a1a1b08334ef45,0xe17c1c90814b6052af2e7ae59b4d57821c790ae6a632ac9c2dc314459c3f4792
168,50,0.08150015,0x318acb24cf301a1582e41275fca45567fc7bcdb1,2017-10-18T11:16:16.000Z,0.001630003,0x1583229b26f6bf65117dc8b08badc373b430bf63,sell,0x006bea43baa3f7a6f765f14f10a1a1b08334ef45,0x55e2dda641042a4e91907b9c8d7e3678c9fc2d44b93303e0c161d4616bae1fe9
169,40,0.0652002,0x66477b1f7b3455ac9880d579f044736b3fd490a6,2017-10-18T11:16:16.000Z,0.001630005,0x1583229b26f6bf65117dc8b08badc373b430bf63,sell,0x006bea43baa3f7a6f765f14f10a1a1b08334ef45,0xdb0e75793e2fc2b6976c6341bdfc57cffe513617732760d10f3a47c646173885
170,32.598,0.05313506598,0x318acb24cf301a1582e41275fca45567fc7bcdb1,2017-10-18T11:16:03.000Z,0.00163001,0x1583229b26f6bf65117dc8b08badc373b430bf63,sell,0x006bea43baa3f7a6f765f14f10a1a1b08334ef45,0xc75cb1d2c17ff86f669a647857d87434571b9086857256b78ddd552a1bde81f2
171,1600,2.6080064,0x3f441403c9f9f93b13711db4d4a2e4eed9ada767,2017-10-18T09:59:24.000Z,0.001630004,0x04f8873d8eaa3fc4ae7fa70a9d147f754c0bc150,sell,0x006bea43baa3f7a6f765f14f10a1a1b08334ef45,0x96043e6f902a4e608fb3728420095fef6a9cf8f31dfdea741e9cfed1fcdc9b3d
172,0.001734628632696124,0.000002827462017581,0x318acb24cf301a1582e41275fca45567fc7bcdb1,2017-10-18T09:39:29.000Z,0.0016300099999999947,0xc8376be96074905c666caacd4c4529b6324642b8,sell,0x006bea43baa3f7a6f765f14f10a1a1b08334ef45,0xff8a3015f8d804fe3d946a90f5904d14e6edf698c6d20e63c3daa43551bdd7db
173,17.400059814574817,0.028362271498355098,0x318acb24cf301a1582e41275fca45567fc7bcdb1,2017-10-18T09:37:59.000Z,0.0016300099999999999,0xc8376be96074905c666caacd4c4529b6324642b8,sell,0x006bea43baa3f7a6f765f14f10a1a1b08334ef45,0xc46ad8ba4d63e11fa0da0818077f267ca9a2e6dde77d6d6d0513a65cfcf02fde
174,182,0.29848,0xf63b73a7d0bb9814aed1547d57ff019bc12b7177,2017-10-18T09:34:09.000Z,0.00164,0xc8376be96074905c666caacd4c4529b6324642b8,sell,0x006bea43baa3f7a6f765f14f10a1a1b08334ef45,0x5aeeb221140b03e502aed9e675a0a564277f5a6dd78c1989a2c19ca500ffcaa0
175,99.96905415858951,0.16295009811139335,0x0aa9e5d62f8a852a6baac786c43f2ea64a4ebc8d,2017-10-18T07:00:49.000Z,0.0016300054,0xea1639abd5f694178189a4b323ba0279fe853912,sell,0x006bea43baa3f7a6f765f14f10a1a1b08334ef45,0x346b53e0e39e698b69d56c48629ea30c3ac096a2a46380755e781e2c7b322fc7
176,190,0.3097,0xf082e67d73561f40c30a9cd41a1b24999ef57362,2017-10-17T23:26:43.000Z,0.00163,0x758fa8d8641663d2e10526928975f04e619f88cf,sell,0x006bea43baa3f7a6f765f14f10a1a1b08334ef45,0xbbf57c2c081ea1c243f471a734c6ff691bfebdcc390cb7e5ced882826a3d37fd
177,3000,4.890006,0x7b6b2f3c88ce2ecedc01c545f13faf36034d772f,2017-10-17T23:25:28.000Z,0.001630002,0x758fa8d8641663d2e10526928975f04e619f88cf,sell,0x006bea43baa3f7a6f765f14f10a1a1b08334ef45,0x2b676ec1daf34d2c2bf25f9ecd9a1773f81b55be72599bcfed0b10adc2830200
178,415.5138559732825,0.6772880007503064,0x7b6b2f3c88ce2ecedc01c545f13faf36034d772f,2017-10-17T18:52:22.000Z,0.001630001,0x4afb16001acf68b6ac17c25b9dcb290aa8eac0b6,sell,0x006bea43baa3f7a6f765f14f10a1a1b08334ef45,0x135a3ad873b165dd50aa2dc2e1982c7beef4f1942e1e71fffafe69053a990383
179,0.2677232812165346,0.0005,0x16e5d97bbc92417e051e3b2cabfbf8ceea2acb9c,2017-10-17T18:30:40.000Z,0.0018676,0xf1984203af60fb1ccd5d89cd58de96e48e314980,buy,0x006bea43baa3f7a6f765f14f10a1a1b08334ef45,0xb42d979b81b6a49fdfe1b3ba531b32b5655e275830e8be3b31e6755a683548eb
180,3,0.0056031,0xe90379a8a74f550d491e991e1dacc1a98dd467a6,2017-10-17T15:13:36.000Z,0.0018677,0xf1984203af60fb1ccd5d89cd58de96e48e314980,buy,0x006bea43baa3f7a6f765f14f10a1a1b08334ef45,0x87ef00e05cfb1ee9a1b6e989bfa28a03a859bea9bbc8c59270eaabf617cd426e
181,165.34250004698572,0.26454800007517715,0xf1cc647bb15a5ab7667feff7e7c80914374589a1,2017-10-17T06:16:41.000Z,0.0016,0x47a181d57da50fadaad0cc8e0a40369098aecd8a,sell,0x006bea43baa3f7a6f765f14f10a1a1b08334ef45,0x29c139ae35fff7bd56277fe68a40c9a752286a1c458db3279ca2211f6a098618
182,200,0.32,0xf1cc647bb15a5ab7667feff7e7c80914374589a1,2017-10-17T06:16:41.000Z,0.0016,0xf1984203af60fb1ccd5d89cd58de96e48e314980,sell,0x006bea43baa3f7a6f765f14f10a1a1b08334ef45,0x7a6f4ad419e9286f9b36c7edd292e6407030b92b7b1ebd257b16ab32cfbfaf90
183,0.26752302570682257,0.0005,0xcd912af5286dc0b0a23edb30209734ecb60838b3,2017-10-17T06:11:38.000Z,0.001868998,0x746e17548b63b0689e054d84a09abe1f5b70672c,buy,0x006bea43baa3f7a6f765f14f10a1a1b08334ef45,0xe75d6f62402ad79529fbf2624f78840979a50440f485a8af1b50d87341a71ad6
184,34.657499953014295,0.05545199992482287,0xf1cc647bb15a5ab7667feff7e7c80914374589a1,2017-10-16T22:19:25.000Z,0.0016,0x34ae323ac946e90fa328d8d3c3c932dca4e4fa4c,sell,0x006bea43baa3f7a6f765f14f10a1a1b08334ef45,0xae130e24245245568676d98565661f247408d602c71e47380482a1ff91a5c576
185,75.4346771257844,0.12371324765967205,0x04d5a4748ab863f26cfdd5d45a230c6e7da8818f,2017-10-16T22:17:39.000Z,0.001640005,0x34ae323ac946e90fa328d8d3c3c932dca4e4fa4c,sell,0x006bea43baa3f7a6f765f14f10a1a1b08334ef45,0x8fa82265b7df577fbe2481896497a553bda5b38a717f01bb98219ecf5c123784
186,60,0.0996,0x62cfc31f574f8ec9719d719709bcce9866becacd,2017-10-16T22:17:25.000Z,0.00166,0x34ae323ac946e90fa328d8d3c3c932dca4e4fa4c,sell,0x006bea43baa3f7a6f765f14f10a1a1b08334ef45,0x1813916faa4c9bba9963c65098255f5775018414b7803d1a8ecba5d73a06c8cc
187,129.007,0.21415162,0x7015687743469905ca86f93d49f232ab61d3f297,2017-10-16T22:17:02.000Z,0.00166,0x34ae323ac946e90fa328d8d3c3c932dca4e4fa4c,sell,0x006bea43baa3f7a6f765f14f10a1a1b08334ef45,0x2050be422b797915893d5e36f8f34f355ac08a691cdc7ca178dd9f9398b4c91c
188,21.3268871467594,0.035402632663620606,0x7015687743469905ca86f93d49f232ab61d3f297,2017-10-16T19:29:18.000Z,0.00166,0x008cd39b569505e006ec93689add83999e96ab12,sell,0x006bea43baa3f7a6f765f14f10a1a1b08334ef45,0x2e7c05d34f02bd5c14ad2d1111e7a3d04bd02a9a76125d1af25d21bf58849a2b
189,310,0.51150031,0x5668944c89953f704bf6719c67f57431bfa71225,2017-10-16T18:06:02.000Z,0.001650001,0xe8c5bfd660b129781fca784d8b5cbc02e85a2ed9,sell,0x006bea43baa3f7a6f765f14f10a1a1b08334ef45,0xd55534c973587352629eff4d1719eb60d0573d5722fa6f5ee7ae02b0162492ed
190,785.664,1.29635345664,0x60143b6b44b8a04723fa4848f5b68310044fb176,2017-10-16T18:03:11.000Z,0.00165001,0xe8c5bfd660b129781fca784d8b5cbc02e85a2ed9,sell,0x006bea43baa3f7a6f765f14f10a1a1b08334ef45,0x779fb2718b719c34de3905f8e7f70db0542f38dc485ac7ec9ff4fde0eb0446ef
191,13.956734124214934,0.023726448011165385,0xd6146c64896d92d4d32c37cb06779ddf20a05c82,2017-10-16T17:27:13.000Z,0.0017,0xe8c5bfd660b129781fca784d8b5cbc02e85a2ed9,sell,0x006bea43baa3f7a6f765f14f10a1a1b08334ef45,0x647fcb1315f3ed0f68fcf49c2b366fcd9094fb83996bae92d4d6227d75c257d3
192,7,0.0119,0xd6146c64896d92d4d32c37cb06779ddf20a05c82,2017-10-16T14:21:52.000Z,0.0017,0x82f96c0ee37f137df235df9424773a0e09c24bef,sell,0x006bea43baa3f7a6f765f14f10a1a1b08334ef45,0x3a46fe964bd542a7e69e9460e244d99ed69540fcb2955f381fd19726abd17bc7
193,214.33555976472934,0.35365581696740106,0x60143b6b44b8a04723fa4848f5b68310044fb176,2017-10-16T07:07:55.000Z,0.00165001,0xb30de0863ab68ac068922f477097710a31e0c69f,sell,0x006bea43baa3f7a6f765f14f10a1a1b08334ef45,0xd75cd612b59efa60c15991842dbe3bcf2c70e4808d6fb5c96003e2516a1c5c3e
194,49.66603529059914,0.08244561858239458,0x7015687743469905ca86f93d49f232ab61d3f297,2017-10-16T02:52:11.000Z,0.00166,0x9fc54ec6e174daab67dc510342eee6c91cf1ac3b,sell,0x006bea43baa3f7a6f765f14f10a1a1b08334ef45,0x7f1b0e633cd3f372178c4ac4265596ebb17f8c7b933c71cba6fd5df2c3ada472
195,60,0.09960012,0xfe2d60c5c957458709b4a78e43f2bac591cdabaf,2017-10-16T02:48:23.000Z,0.001660002,0x9fc54ec6e174daab67dc510342eee6c91cf1ac3b,sell,0x006bea43baa3f7a6f765f14f10a1a1b08334ef45,0xeb6fa114577f543b857ab3bb60da996965c2628bfcd1ec2b7f787eea55cc5136
196,18.668718732229713,0.034891835310537335,0x7988f1fbc10543b7a8b593c3b20d5cdff8fae87c,2017-10-15T17:39:05.000Z,0.001869,0xf1984203af60fb1ccd5d89cd58de96e48e314980,buy,0x006bea43baa3f7a6f765f14f10a1a1b08334ef45,0xf125c41f952b641d02e1ddd2fb93c873ff7a5280d9f472534e40232255f0115e
197,50,0.093495,0xf1984203af60fb1ccd5d89cd58de96e48e314980,2017-10-15T13:14:52.000Z,0.0018699,0xf1984203af60fb1ccd5d89cd58de96e48e314980,buy,0x006bea43baa3f7a6f765f14f10a1a1b08334ef45,0xbafc7731adc50f186a48d8bc14440b8002e2522c6e58dab46e90c4c7a07860b8
198,330,0.5643,0xe6f099e0ca5d1bc724da20501dcb285d9a49798a,2017-10-15T09:48:06.000Z,0.00171,0xf1984203af60fb1ccd5d89cd58de96e48e314980,sell,0x006bea43baa3f7a6f765f14f10a1a1b08334ef45,0xe76b16ad094394557ebdecc654fb3cba668ced6898a6958f4fb093df21ffeb1f
199,200,0.356,0xd44fb4855f37f3988086c46e8eee730ec30ac04a,2017-10-15T08:19:49.000Z,0.00178,0xf1984203af60fb1ccd5d89cd58de96e48e314980,sell,0x006bea43baa3f7a6f765f14f10a1a1b08334ef45,0xcb075a37a7ad021d9a896d93241a75f30961d7ff57e85cadbc93c9769d3daf5c
200,0.00000012969622032,0.000000000242531932,0xd44fb4855f37f3988086c46e8eee730ec30ac04a,2017-10-15T07:19:34.000Z,0.0018700000000123364,0x23bdfccd84c08d2820bf0aa8c2047b6eaaa75b87,buy,0x006bea43baa3f7a6f765f14f10a1a1b08334ef45,0x6cb3be7b9431d72f0f6dfd84f7e6693c97011b8291040a0a9fa5839ee2796320
201,0.001300982782252406,0.000002432837802812,0xd44fb4855f37f3988086c46e8eee730ec30ac04a,2017-10-15T07:07:48.000Z,0.0018700000000000006,0x23bdfccd84c08d2820bf0aa8c2047b6eaaa75b87,buy,0x006bea43baa3f7a6f765f14f10a1a1b08334ef45,0xa2b5e93ec6b8dff0b40ae961f6d331013d91253187c85689f2ead7b9d4a79c74
202,99.71159706972225,0.16851269875942765,0x2256c01a9c0e2de68cb7d27f7e39dc4e1c7d3783,2017-10-15T05:35:06.000Z,0.001690001,0xf365529cdc15503af164914d8699d091e8ec1973,sell,0x006bea43baa3f7a6f765f14f10a1a1b08334ef45,0x2fb545cfba767d201fcefe6cf73ba53585afd5f06b1254be00a251232b6e7f75
203,0.07975276642409393,2.0636028312234305,0x39cf09323822aee79f73bc55aa377de6ad98ddab,2017-10-15T04:24:59.000Z,25.875,0x5ed51eb964acd313d42debf0b481854cd6850df1,buy,0x006bea43baa3f7a6f765f14f10a1a1b08334ef45,0x4f3902d55c0d41e38342a5d12315fde6ff95dc65058e9f1f1e66d34c7b5bf491
204,1,0.001888888,0xb40a42f314f6bd4c66f7f951d6172d60f659c631,2017-10-15T04:05:56.000Z,0.001888888,0xfd1f3c7cce5d3d96945fd300e7b183b2f0f1c482,buy,0x006bea43baa3f7a6f765f14f10a1a1b08334ef45,0xc2da662609e1bda96d5f9016b44f90188c827ac02e5d1c6d1d2442719302432b
205,1,0.0018887,0xb40a42f314f6bd4c66f7f951d6172d60f659c631,2017-10-15T04:05:43.000Z,0.0018887,0x3970bfdc6bfec512c94ebe41249502293e460580,buy,0x006bea43baa3f7a6f765f14f10a1a1b08334ef45,0x6a4e3a230a8da520ee19c0b515194150101f4ff0ff04ec67870404633ceacd2a
206,37.592,0.0710000104,0xcea5cd5cffada9d5c6a17c57b3656c7692994e5a,2017-10-15T03:42:33.000Z,0.0018887,0x3970bfdc6bfec512c94ebe41249502293e460580,buy,0x006bea43baa3f7a6f765f14f10a1a1b08334ef45,0x0cf94d05e7debc48e2d7e1dcc25e2fd5874083ea6ebf26116c983308b45b9c10
207,55.29069932059186,0.09233557844678704,0xfd1f3c7cce5d3d96945fd300e7b183b2f0f1c482,2017-10-14T23:42:23.000Z,0.001670002,0x362e614d543e1906de7d1692951cbbfa50d56905,sell,0x006bea43baa3f7a6f765f14f10a1a1b08334ef45,0x927af774e075485b064b33d1f8ef7711db3bd90b4ba93fe660923510f362da8f
208,115,0.2024,0x7380a4de5cc265bb98db87efd4e4b7f7e4992d22,2017-10-14T16:56:47.000Z,0.00176,0xfd1f3c7cce5d3d96945fd300e7b183b2f0f1c482,sell,0x006bea43baa3f7a6f765f14f10a1a1b08334ef45,0x62d949cb889e18259bb88fe35affc9feb3d190e4335472a82c44fd91f50fbcd2
209,121.62296879673013,0.1994617904496062,0xfd1f3c7cce5d3d96945fd300e7b183b2f0f1c482,2017-10-14T10:34:00.000Z,0.001640001,0x5d0c04e1ece713b5b789941b8eca8baaaa4d19bc,sell,0x006bea43baa3f7a6f765f14f10a1a1b08334ef45,0xef3990a2830392b877871f96b097768c8be7bb7f987e33fb46a47c13f176dc1d
210,189,0.3590622,0xfd1f3c7cce5d3d96945fd300e7b183b2f0f1c482,2017-10-14T09:14:55.000Z,0.0018998,0xfd1f3c7cce5d3d96945fd300e7b183b2f0f1c482,buy,0x006bea43baa3f7a6f765f14f10a1a1b08334ef45,0x04a1098ddd243dfe82b81a56784b1ff978acbab36d12ee6b0183a2d2360c99ba
211,118.40460441793554,0.19181545915705558,0xbab8df5cea95a948f48faddf288c91716fc99ce7,2017-10-14T08:02:38.000Z,0.00162,0xb311a1c1b446c885c6560f25a0768289c5a8475f,sell,0x006bea43baa3f7a6f765f14f10a1a1b08334ef45,0x55a7f2e6061c0456c41ceb6e4b61e93ba1a0f7d33192232e677ecf6e04550dcc
212,189,0.3590622,0xfd1f3c7cce5d3d96945fd300e7b183b2f0f1c482,2017-10-14T07:39:28.000Z,0.0018998,0xf1984203af60fb1ccd5d89cd58de96e48e314980,sell,0x006bea43baa3f7a6f765f14f10a1a1b08334ef45,0x59ab7317af97b7d1f9dc9a32e80e74265937652c31b8d496a0764bd279470032
213,189.5822648114178,0.32892674610592837,0xfd1f3c7cce5d3d96945fd300e7b183b2f0f1c482,2017-10-14T01:37:29.000Z,0.001735008,0xea1639abd5f694178189a4b323ba0279fe853912,sell,0x006bea43baa3f7a6f765f14f10a1a1b08334ef45,0x04ec3e191008d6da765a13d6b8291a74b80c4db5aa009dab506c410dae3e9cfd
214,280,0.4956,0x6392394ba251fb382f445f0c967d3afa37977987,2017-10-14T01:05:58.000Z,0.00177,0xea1639abd5f694178189a4b323ba0279fe853912,sell,0x006bea43baa3f7a6f765f14f10a1a1b08334ef45,0x9d26b3f9ed2725b2e121d3e9e5aaca7dd542abac09804e2edf7e49920ddf7175
215,0.0895,10.0061,0x5ed51eb964acd313d42debf0b481854cd6850df1,2017-10-14T00:18:04.000Z,111.8,0xec61339a88862f26d4c2894ba418fcee0bb8ff63,buy,0x006bea43baa3f7a6f765f14f10a1a1b08334ef45,0x6c2bcd6189838c30903343da45cf8a12013e48a3685e66456cdf3785fd492562
216,102.48322820012787,0.18139531391422634,0x9b0ff208b9904d7769d36527695e27805180d79f,2017-10-13T14:33:03.000Z,0.00177,0xa537d985a15358e5095fa653a184454c2f142544,sell,0x006bea43baa3f7a6f765f14f10a1a1b08334ef45,0x2017a99f2dcf1b04a61f3e40fe71839020ba37c8f94244a54e01b7f1e6931f29
217,1379,2.44779395,0x9bfe9106fde08901ef109f1d1b3bd28ab59d1502,2017-10-13T06:47:22.000Z,0.00177505,0xf1984203af60fb1ccd5d89cd58de96e48e314980,sell,0x006bea43baa3f7a6f765f14f10a1a1b08334ef45,0x349fa2f0898e51c9360f8aca9357c5d7565962209ff1018937b20471973808d3
218,270.4645598644203,0.5409291197288406,0xaecf85d7618199d9e8f9942067e1a364ec2be51f,2017-10-12T14:12:49.000Z,0.002,0xfd1f3c7cce5d3d96945fd300e7b183b2f0f1c482,sell,0x006bea43baa3f7a6f765f14f10a1a1b08334ef45,0x4012dd361f9390db8fba1077f89c680dacb4584a6c6254fa922f5b2f5af0981b
219,112,0.2240112,0xf7156a5bd1e403984a2218b1f6d2d36615a57933,2017-10-12T13:40:21.000Z,0.0020001,0xfd1f3c7cce5d3d96945fd300e7b183b2f0f1c482,sell,0x006bea43baa3f7a6f765f14f10a1a1b08334ef45,0x0c00a6153531e62c794873e5c396a38c275c8cc520081e881b809afbe74707ab
220,800,1.64,0x70e0a5d967972ae244baa0351931727495ae780b,2017-10-12T13:32:43.000Z,0.00205,0xfd1f3c7cce5d3d96945fd300e7b183b2f0f1c482,sell,0x006bea43baa3f7a6f765f14f10a1a1b08334ef45,0x6178534ecf7cd64d1b1adea36073f9fe77e8c2ee80e5ab39d718701adbbe8f7e
221,254.5543119187661,0.5345640550294088,0x4a89b16c313c86d3e759e4f4b339e6c0490af525,2017-10-12T13:04:53.000Z,0.0021,0x04f8873d8eaa3fc4ae7fa70a9d147f754c0bc150,buy,0x006bea43baa3f7a6f765f14f10a1a1b08334ef45,0x3b4167968e9b70e357a93d75fc465b00fa7f4ae2aa1fb8524ea94c0f69e46813
222,600,1.2599988,0x4a89b16c313c86d3e759e4f4b339e6c0490af525,2017-10-12T12:50:08.000Z,0.002099998,0x0b1f768fb64521f5f3527e020cb9837198819b85,buy,0x006bea43baa3f7a6f765f14f10a1a1b08334ef45,0xa6050b73f8b3defe231f2fc99038e70efc3856746e7ba54e3263a5e0b67b56cb
223,29.5354401355797,0.05907088027115941,0xaecf85d7618199d9e8f9942067e1a364ec2be51f,2017-10-12T12:21:16.000Z,0.002,0x549d163be1135f593f5950d63f2d1d1676b895e5,sell,0x006bea43baa3f7a6f765f14f10a1a1b08334ef45,0xc7310c74a3b600bfe73d91085ab556483ae31fd0186309e169d2a1b0f48fce52
224,1.5452098494666533,0.003244940683879972,0x790dda3b970f85b7b59052a3eb9fd9a5f6e675e9,2017-10-12T11:36:35.000Z,0.0021,0x8e2b8ae81cd7f1435dfac63e61f60fb826f83677,sell,0x006bea43baa3f7a6f765f14f10a1a1b08334ef45,0xa529c52ec890f3231fea69b80de26c326474b10699cfcbe248976fda91dd5014
225,500,1.005,0x75ce1a99c16789d8f1156f762fbf36b837580d1f,2017-10-12T11:32:06.000Z,0.00201,0xfd1f3c7cce5d3d96945fd300e7b183b2f0f1c482,sell,0x006bea43baa3f7a6f765f14f10a1a1b08334ef45,0xb60926584ff7c56ab14e421a907da79c94b3446112bac7f365e5218f7bb218fe
226,200,0.406004,0xad5b3fbc469313e21efe4117627a658424091b0a,2017-10-12T11:28:17.000Z,0.00203002,0xfd1f3c7cce5d3d96945fd300e7b183b2f0f1c482,sell,0x006bea43baa3f7a6f765f14f10a1a1b08334ef45,0x88dfc887d6057ebe3df138698e8df34aafeaa7bc019bc17fa98b2af1da009598
227,40,0.0820004,0x27849f835bb345a26dffbfa7a8863c387b546730,2017-10-12T11:28:10.000Z,0.00205001,0x362e614d543e1906de7d1692951cbbfa50d56905,sell,0x006bea43baa3f7a6f765f14f10a1a1b08334ef45,0xe718c0f37a57a42447b5664a5bb989859af58dc907fada84a66500f2064cc1da
228,71.00488485694348,0.14556711444521983,0x88650fdbfbb5c7933eb52008c4387050b963747d,2017-10-12T11:25:59.000Z,0.0020501,0x362e614d543e1906de7d1692951cbbfa50d56905,sell,0x006bea43baa3f7a6f765f14f10a1a1b08334ef45,0xd684447dcc76fe6ca20e823713b695f20cc91d2451400f095a6d1b3587f402b5
229,431.935,0.872509131935,0xf0d1ec207732b2717170ed007265436e53358904,2017-10-12T11:22:50.000Z,0.002020001,0xfd1f3c7cce5d3d96945fd300e7b183b2f0f1c482,sell,0x006bea43baa3f7a6f765f14f10a1a1b08334ef45,0xb3373a6a31b2efea5698b4e02d61fe5f16fe8edca6a01e6b48523b243901bd61
230,910.7725311534244,1.8397696206552288,0x1793623255b0dcce82f176f6ac1864aa7e28994d,2017-10-12T11:05:58.000Z,0.00202001,0xfd1f3c7cce5d3d96945fd300e7b183b2f0f1c482,sell,0x006bea43baa3f7a6f765f14f10a1a1b08334ef45,0xc980b2dd47d21809d3460111cc99e6ffe58f359abb0fa08e3a7dbfe177b78100
231,990,1.999899,0x0b4e625885f2b687a5bb328d63f7a49c66ad1904,2017-10-12T10:59:03.000Z,0.0020201,0xfd1f3c7cce5d3d96945fd300e7b183b2f0f1c482,sell,0x006bea43baa3f7a6f765f14f10a1a1b08334ef45,0x971a97560729f35d2493530e481583e4ae4baba49870980868c99c08258f31ff
232,500,1.0250065,0xfd1f3c7cce5d3d96945fd300e7b183b2f0f1c482,2017-10-12T10:37:23.000Z,0.002050013,0xecc996953e976a305ee585a9c7bbbcc85d1c467b,sell,0x006bea43baa3f7a6f765f14f10a1a1b08334ef45,0x7edbd6100461889d7c8d66eebc0f1bc3e7e83118574d2171e271337c7167c698
233,500,1.0250075,0xfd1f3c7cce5d3d96945fd300e7b183b2f0f1c482,2017-10-12T10:33:38.000Z,0.002050015,0xecc996953e976a305ee585a9c7bbbcc85d1c467b,sell,0x006bea43baa3f7a6f765f14f10a1a1b08334ef45,0x6303a2651ed47d997551c762b1f7a353d49ad9e507df75f403ef7f734db6ae53
234,1000,2.03001,0x1793623255b0dcce82f176f6ac1864aa7e28994d,2017-10-12T10:30:24.000Z,0.00203001,0xecc996953e976a305ee585a9c7bbbcc85d1c467b,sell,0x006bea43baa3f7a6f765f14f10a1a1b08334ef45,0x555fa5670e91d813dd5a88fd28bbf6e3d4b217fd3af94f7a8e135fa1b0ebde39
235,1000,2.05,0x6a83e46f4fe5a2b284325090c80e7d866aaa2106,2017-10-12T10:29:58.000Z,0.00205,0xecc996953e976a305ee585a9c7bbbcc85d1c467b,sell,0x006bea43baa3f7a6f765f14f10a1a1b08334ef45,0x858c8af9a4a33bee67d5004f91458929a6be939580d47795754eae635318489d
236,500,1.0250085,0xfd1f3c7cce5d3d96945fd300e7b183b2f0f1c482,2017-10-12T10:27:50.000Z,0.002050017,0xecc996953e976a305ee585a9c7bbbcc85d1c467b,sell,0x006bea43baa3f7a6f765f14f10a1a1b08334ef45,0x29e79d5b3f450c10449ad69e1c68df8c45485f39ef3ed7bd476dca4c60d341f4
237,28.995115143056523,0.05944288555478018,0x88650fdbfbb5c7933eb52008c4387050b963747d,2017-10-12T10:17:14.000Z,0.0020501,0xa39708cbf95731feaeb7f927bc1ef98b7f690870,sell,0x006bea43baa3f7a6f765f14f10a1a1b08334ef45,0xde38521888a1051fa8b4345e553bb7dc16bd384d58e83866bcb225832834b43b
238,498.45479015053337,1.0467550593161201,0x790dda3b970f85b7b59052a3eb9fd9a5f6e675e9,2017-10-12T09:25:45.000Z,0.0021,0xb94239d041c29535139a3617293e77819ee4184a,sell,0x006bea43baa3f7a6f765f14f10a1a1b08334ef45,0x8ffc511e3356a2ee77fabfc4114fa209dcb861e3a01110db5ee8e727e9b649a1
239,3000,6.15006,0x2256c01a9c0e2de68cb7d27f7e39dc4e1c7d3783,2017-10-12T06:18:34.000Z,0.00205002,0x04f8873d8eaa3fc4ae7fa70a9d147f754c0bc150,sell,0x006bea43baa3f7a6f765f14f10a1a1b08334ef45,0xbbfa5e5b7b6f68c1b443a522e4e3353c4844a7578f3d925647ef82af5dbcb0ae
240,2065.5698025208358,4.9875000583291795,0xd06cb59872373585c0880da4996caad9ea011307,2017-10-12T04:30:06.000Z,0.002414588,0x746e17548b63b0689e054d84a09abe1f5b70672c,buy,0x006bea43baa3f7a6f765f14f10a1a1b08334ef45,0x5638caa05f70fd26c70e4efb93a358595d1bfcd5c4127b133ee2906090c0d629
241,59.814574818064,0.12262059615192902,0x2256c01a9c0e2de68cb7d27f7e39dc4e1c7d3783,2017-10-12T02:28:16.000Z,0.002050012,0xac388b4559ae597b1554e433ab09b690507a100f,sell,0x006bea43baa3f7a6f765f14f10a1a1b08334ef45,0xb6986ec9c0d52cd0d5bfe5995e9c269e3e3b59369592815433b097bb42c9c459
242,2000,4.080026,0x91ab10dba1a8338277aae1b723b739eefb7ea202,2017-10-11T20:51:48.000Z,0.002040013,0x04f8873d8eaa3fc4ae7fa70a9d147f754c0bc150,sell,0x006bea43baa3f7a6f765f14f10a1a1b08334ef45,0x8a8e82ae3b08e1cc066ebf6975f7f215f9147e3e7428b29dc9cca9ea5da75cc3
243,3725,7.599,0xc3b63ec04531870fbd29a859d2f11509e4f05143,2017-10-11T18:36:22.000Z,0.00204,0x04f8873d8eaa3fc4ae7fa70a9d147f754c0bc150,sell,0x006bea43baa3f7a6f765f14f10a1a1b08334ef45,0x60052567bc342dfeaca518df39923f31feaa74f3904124c7b0f48ef127ac2251
244,68.06499850463562,0.13749136504436246,0xf0d1ec207732b2717170ed007265436e53358904,2017-10-11T03:05:38.000Z,0.002020001,0xe57f8364c4a07e8b586882c2337afc2c981b969e,sell,0x006bea43baa3f7a6f765f14f10a1a1b08334ef45,0xbc1f89923886237317fe8b3249aa4c72dacd3f1210f66b1631f6a4632e8a9830
245,89.22746884657562,0.18024037934477122,0x1793623255b0dcce82f176f6ac1864aa7e28994d,2017-10-11T02:29:44.000Z,0.00202001,0x90fd2243e7c19eefb0c486d01d2ca09565a57df4,sell,0x006bea43baa3f7a6f765f14f10a1a1b08334ef45,0xe3b490862ef207328b68b939cfefdc584dae4a3d7884ee5a2ffc37ad39e8a323
246,19.445283331074528,0.039279511219337204,0xf1984203af60fb1ccd5d89cd58de96e48e314980,2017-10-10T21:23:54.000Z,0.002020002,0x19ae4df762dcbc1278846d73d0a3d70b800ab48c,sell,0x006bea43baa3f7a6f765f14f10a1a1b08334ef45,0xdbcff356d8ddd0b296b2f1109160afdeb24d435c6a98f1e08a7d06c8c8a23615
247,9.467,0.019123358934,0xa9054eb702f16540298cc78ef0ce2132e6a8d1af,2017-10-10T21:22:58.000Z,0.002020002,0x19ae4df762dcbc1278846d73d0a3d70b800ab48c,sell,0x006bea43baa3f7a6f765f14f10a1a1b08334ef45,0x30341beed28040924d6755c30e61487f2ce8a0b17616d45a9e19fbccc27e0715
248,19.698933306749076,0.03979188467749975,0xf1984203af60fb1ccd5d89cd58de96e48e314980,2017-10-10T20:02:28.000Z,0.002020002,0x8934211e1de5ac2726a495a1a26db45a692789b7,sell,0x006bea43baa3f7a6f765f14f10a1a1b08334ef45,0x0feca01672044e5add1b4521db42ccbb7b7f0edc7628be03c0e8e719259b4ab4
249,80,0.16160024,0x36ae02c0a243c1021d9b9bd675802bf49c4162df,2017-10-10T19:46:35.000Z,0.002020003,0x8934211e1de5ac2726a495a1a26db45a692789b7,sell,0x006bea43baa3f7a6f765f14f10a1a1b08334ef45,0x0742bcc7213a9ec65a073ae1415062804d4dfeec5fa0c3b4bd4ba2cfe54e5825
250,460,1.13942,0xa9054eb702f16540298cc78ef0ce2132e6a8d1af,2017-10-10T19:05:35.000Z,0.002477,0xf1984203af60fb1ccd5d89cd58de96e48e314980,buy,0x006bea43baa3f7a6f765f14f10a1a1b08334ef45,0x2dfc11413aaa6ab0190742396c4f0351e38e454078c3e80d4c5d04d638d67d72
251,111,0.28749,0xff3bcaa5518f8035b41eee88de7c4cbfd5c3a22d,2017-10-10T16:57:50.000Z,0.00259,0xfd1f3c7cce5d3d96945fd300e7b183b2f0f1c482,buy,0x006bea43baa3f7a6f765f14f10a1a1b08334ef45,0xb66b746cbf37df61e05b22a3433fccb39150b999c46e395b100874c28bb0922e
252,999.1616657068969,2.547862247552587,0x7e84761fcfaab03d7cf6c95d90e150882b2dbaff,2017-10-10T13:51:44.000Z,0.00255,0xc3b63ec04531870fbd29a859d2f11509e4f05143,buy,0x006bea43baa3f7a6f765f14f10a1a1b08334ef45,0x34b9baef1954ded95fd90de925d278ad7dad062c528e40675609e1ff9fcf2e8d
253,671,1.71104329,0x7e84761fcfaab03d7cf6c95d90e150882b2dbaff,2017-10-10T13:48:06.000Z,0.00254999,0xfd1f3c7cce5d3d96945fd300e7b183b2f0f1c482,buy,0x006bea43baa3f7a6f765f14f10a1a1b08334ef45,0x612f0a4df5737152de62d60f8baf4d3b32a950d7bfc2f47d3989b61888801987
254,671,1.71102987,0x7e84761fcfaab03d7cf6c95d90e150882b2dbaff,2017-10-10T13:44:28.000Z,0.00254997,0xfd1f3c7cce5d3d96945fd300e7b183b2f0f1c482,buy,0x006bea43baa3f7a6f765f14f10a1a1b08334ef45,0x0416a7c8b231cff3663b18a4bc2deeb1810387b16ce67b14154a452d0401384c
255,1,0.00255,0xdd3b7b82caa14a588410caa5e37bc9c9c02f27ce,2017-10-10T13:35:02.000Z,0.00255,0xc3b63ec04531870fbd29a859d2f11509e4f05143,buy,0x006bea43baa3f7a6f765f14f10a1a1b08334ef45,0xf6b442b5e036e74251574b66a2a7be4698de776b9d5d0316994f8492c316cca5
256,1804.5758149735818,3.6452431462466355,0xe1e1d0d73eeb29d0632bc4c7871bfc74dbed0741,2017-10-10T12:34:23.000Z,0.00202,0xbab8df5cea95a948f48faddf288c91716fc99ce7,sell,0x006bea43baa3f7a6f765f14f10a1a1b08334ef45,0x6fb775f79f741d83006117d0f520d24a7ddfcf1345f1301750ddb1146468a78a
257,16.295498849136298,0.03291690767525532,0xe1e1d0d73eeb29d0632bc4c7871bfc74dbed0741,2017-10-10T12:13:53.000Z,0.00202,0x3c7f1d234d85a3edeb7209cd173f91b08e347c48,sell,0x006bea43baa3f7a6f765f14f10a1a1b08334ef45,0x4fdf9947eafd633443f5c84d97d0ccf9dd4a9587c4d4c395fcdef3c07e7afafe
258,25,0.05050025,0x04d5a4748ab863f26cfdd5d45a230c6e7da8818f,2017-10-10T12:01:42.000Z,0.00202001,0x3c7f1d234d85a3edeb7209cd173f91b08e347c48,sell,0x006bea43baa3f7a6f765f14f10a1a1b08334ef45,0x0c982e11fc9b046e2e432d5857d25df5ddad0873c93a24defd261f7bab4a61c4
259,10.75330583952131,0.023119607554970816,0x6a83e46f4fe5a2b284325090c80e7d866aaa2106,2017-10-10T11:55:25.000Z,0.00215,0x3c7f1d234d85a3edeb7209cd173f91b08e347c48,sell,0x006bea43baa3f7a6f765f14f10a1a1b08334ef45,0x01f712a12146f54f91301b7f9d6587b46aeff46893ad3b0e84e6c459b20208eb
260,500,1.07505,0x1793623255b0dcce82f176f6ac1864aa7e28994d,2017-10-10T11:21:11.000Z,0.0021501,0xbab8df5cea95a948f48faddf288c91716fc99ce7,sell,0x006bea43baa3f7a6f765f14f10a1a1b08334ef45,0xfc7935d956e7b122a72250f52de0ee50debd13ebb7d3b82059462689c88d11d5
261,4000,8.0808,0xe1e1d0d73eeb29d0632bc4c7871bfc74dbed0741,2017-10-10T11:18:16.000Z,0.0020202,0xbab8df5cea95a948f48faddf288c91716fc99ce7,sell,0x006bea43baa3f7a6f765f14f10a1a1b08334ef45,0x6d79e9d05e3f08edaef2ea2f79109b48522236ab7dad82276eb6945bf7de3af1
262,2326.702,4.83954016,0x2256c01a9c0e2de68cb7d27f7e39dc4e1c7d3783,2017-10-10T08:32:00.000Z,0.00208,0xfd1f3c7cce5d3d96945fd300e7b183b2f0f1c482,sell,0x006bea43baa3f7a6f765f14f10a1a1b08334ef45,0x9b7a959ec27fcb93f2d90201151a15ffee2d58b1ca44573e3d73ce766f8546ac
263,168,0.34272168,0x2256c01a9c0e2de68cb7d27f7e39dc4e1c7d3783,2017-10-10T08:09:16.000Z,0.00204001,0x842ccf4b31a7facc427488b977e599de4e965807,sell,0x006bea43baa3f7a6f765f14f10a1a1b08334ef45,0xf54080974938de5e1b15d9926f9e10759de860aa2891ec8294737101e6ddd20c
264,1000,2.16,0x1793623255b0dcce82f176f6ac1864aa7e28994d,2017-10-10T08:04:47.000Z,0.00216,0xc3b63ec04531870fbd29a859d2f11509e4f05143,sell,0x006bea43baa3f7a6f765f14f10a1a1b08334ef45,0xa73c0851b9b8eeaed2edcf7df477afd799eb816b0e4b68c98cde82309deea920
265,998,2.17564,0x1793623255b0dcce82f176f6ac1864aa7e28994d,2017-10-10T08:04:47.000Z,0.00218,0xc3b63ec04531870fbd29a859d2f11509e4f05143,sell,0x006bea43baa3f7a6f765f14f10a1a1b08334ef45,0x5a8ec8593776f3e66b900fc42fad71735a09a047fe0f8670f086df59513ec0a5
266,1000,2.2,0x1793623255b0dcce82f176f6ac1864aa7e28994d,2017-10-10T08:03:40.000Z,0.0022,0xc3b63ec04531870fbd29a859d2f11509e4f05143,sell,0x006bea43baa3f7a6f765f14f10a1a1b08334ef45,0x5b76e62f34179e6b774c531bd0614158fe64985d0a157f921ba798bd8b9f3ddc
267,111.111111,0.22666666644,0xfd1f3c7cce5d3d96945fd300e7b183b2f0f1c482,2017-10-10T07:57:00.000Z,0.00204,0x842ccf4b31a7facc427488b977e599de4e965807,sell,0x006bea43baa3f7a6f765f14f10a1a1b08334ef45,0xafb54f9d070238ec4b0e7bd602246fa03defb1fb02823e40af161f5b7d7098e4
268,120,0.25800012,0xc11f32a3d45a3dc54b34234dd2b9f46292e69c02,2017-10-10T07:48:49.000Z,0.002150001,0xc3b63ec04531870fbd29a859d2f11509e4f05143,sell,0x006bea43baa3f7a6f765f14f10a1a1b08334ef45,0xb42dd87e73ab960c869ed3bbe3881741e51792e0afaebda374038e5249d8d034
269,2367,5.0892867,0x2256c01a9c0e2de68cb7d27f7e39dc4e1c7d3783,2017-10-10T07:46:40.000Z,0.0021501,0xc3b63ec04531870fbd29a859d2f11509e4f05143,sell,0x006bea43baa3f7a6f765f14f10a1a1b08334ef45,0xcbb12592065ac7de2dca1f6e7ac681f33e550e088a3ce3c662f57a704d7cbb39
270,50,0.1092,0x04d5a4748ab863f26cfdd5d45a230c6e7da8818f,2017-10-10T07:37:40.000Z,0.002184,0x842ccf4b31a7facc427488b977e599de4e965807,sell,0x006bea43baa3f7a6f765f14f10a1a1b08334ef45,0x88473bf5fd2b1be70aa4176801af1f7cc6b90a546e913e197303484352ac010f
271,554.953397399673,1.2109083131260865,0xc5a4d23d19f5fd5861c7614b156a5602f7620b4e,2017-10-10T07:36:10.000Z,0.002182,0x842ccf4b31a7facc427488b977e599de4e965807,sell,0x006bea43baa3f7a6f765f14f10a1a1b08334ef45,0x5b58609d7090cdc816b7ba553fc1a0a72082c7595b53c12325cce86733ac9b9d
272,2000,4.36006,0xf0db14cfbd57f5bfe7cad9c6a9e0f12349c04620,2017-10-10T07:35:35.000Z,0.00218003,0x842ccf4b31a7facc427488b977e599de4e965807,sell,0x006bea43baa3f7a6f765f14f10a1a1b08334ef45,0x311d35029f763cf5f2ba70b6682e1adc6d558c3e8e0dc41325280d85c98bf219
273,286.046602600327,0.6241536868739135,0xc5a4d23d19f5fd5861c7614b156a5602f7620b4e,2017-10-10T07:34:24.000Z,0.002182,0xc3b63ec04531870fbd29a859d2f11509e4f05143,sell,0x006bea43baa3f7a6f765f14f10a1a1b08334ef45,0xdc27cb1e21d443a952e0cbec65985b76f4c52556783747ed2a43c8b85e89cd44
274,500,1.0915005,0xc11f32a3d45a3dc54b34234dd2b9f46292e69c02,2017-10-10T07:32:07.000Z,0.002183001,0xc3b63ec04531870fbd29a859d2f11509e4f05143,sell,0x006bea43baa3f7a6f765f14f10a1a1b08334ef45,0x983e93e618fdba3f5a458dd8c8d22ef1e8965dc4a3fb66fd83ce4a91caf82138
275,560,1.22248,0xfd1f3c7cce5d3d96945fd300e7b183b2f0f1c482,2017-10-10T07:31:57.000Z,0.002183,0xc3b63ec04531870fbd29a859d2f11509e4f05143,sell,0x006bea43baa3f7a6f765f14f10a1a1b08334ef45,0x1ad41f5f1b4bcf39cfad30d62ec45e949f3cd847426f2223e4bc37dfbdd742e7
276,500,1.0915005,0xc11f32a3d45a3dc54b34234dd2b9f46292e69c02,2017-10-10T07:31:37.000Z,0.002183001,0xc3b63ec04531870fbd29a859d2f11509e4f05143,sell,0x006bea43baa3f7a6f765f14f10a1a1b08334ef45,0x983e93e618fdba3f5a458dd8c8d22ef1e8965dc4a3fb66fd83ce4a91caf82138
277,500,1.105,0x1106632c6a9e5bede1dd6b08c188dd61922cdbdf,2017-10-10T07:31:13.000Z,0.00221,0xc3b63ec04531870fbd29a859d2f11509e4f05143,sell,0x006bea43baa3f7a6f765f14f10a1a1b08334ef45,0xd80844d344471384c3c3614e407d9c2dc155446333bedc3db6614da23856b2b7
278,489.349,1.08146618349,0x3dee4a4e076e8d82859d241db0baf46f112cfa23,2017-10-10T07:28:54.000Z,0.00221001,0xc3b63ec04531870fbd29a859d2f11509e4f05143,sell,0x006bea43baa3f7a6f765f14f10a1a1b08334ef45,0x07b1738aa4c919645f066adf81f272bff453bb924ec78fa272641876d8a10fc6
279,190,0.4313,0xb3b841d4cc67bf53125c64051ca32be3acc66d11,2017-10-10T07:28:15.000Z,0.00227,0xc3b63ec04531870fbd29a859d2f11509e4f05143,sell,0x006bea43baa3f7a6f765f14f10a1a1b08334ef45,0xec9b9d6c3401106be280a1598211fe0685418112ac825cc2c8e6105f218d071c
280,2533,5.69925,0xc3b63ec04531870fbd29a859d2f11509e4f05143,2017-10-10T06:36:20.000Z,0.00225,0x842ccf4b31a7facc427488b977e599de4e965807,sell,0x006bea43baa3f7a6f765f14f10a1a1b08334ef45,0x0cb305c6f0efd60c0e19f31cecf995ca1182b9f887e5569c4935453bc7eb27aa
281,1,0.002699,0xf1984203af60fb1ccd5d89cd58de96e48e314980,2017-10-09T22:48:43.000Z,0.002699,0xf1984203af60fb1ccd5d89cd58de96e48e314980,buy,0x006bea43baa3f7a6f765f14f10a1a1b08334ef45,0x20e4f166413da5bfc8de2239304e2b44049683ba3a824a0e931fc0449459f8bc
282,126.36,0.3159,0x0a5d0c6910d52715abaec240d167add3c2dce207,2017-10-09T21:39:09.000Z,0.0025,0x78eb6d58539c88773e5fb2a1cec7f413cb2cc720,buy,0x006bea43baa3f7a6f765f14f10a1a1b08334ef45,0xdf62a288b2fe899cb553532c593e4d1dfe1afe8b0964dd9c9e6f19a5326b9320
283,28.7,0.071463,0x0a5d0c6910d52715abaec240d167add3c2dce207,2017-10-09T21:39:09.000Z,0.00249,0x70c7c7c51974fba2dfde14a861b572f2a73e77a9,buy,0x006bea43baa3f7a6f765f14f10a1a1b08334ef45,0x042f12c61cbe654713d9c4d71720fde7c0314749213cac57c67703f71fc76e72
284,10.650981955936597,0.02353877663243944,0x3dee4a4e076e8d82859d241db0baf46f112cfa23,2017-10-09T19:36:22.000Z,0.00221001,0x3f2076bb9c3d3e735ec4368bbd57096101eb081e,sell,0x006bea43baa3f7a6f765f14f10a1a1b08334ef45,0x48762f26d72179bb896f6a75757d3141752d7d7943fbdc5f839e6d86bd9eccf4
285,309.1158828594424,0.7727866159897774,0x1106632c6a9e5bede1dd6b08c188dd61922cdbdf,2017-10-09T18:31:55.000Z,0.00249999,0x2493304d62f3a4e9c2cb9ee1954fbb864ddeea84,buy,0x006bea43baa3f7a6f765f14f10a1a1b08334ef45,0x7664c8643b209fa96d69ce96c001d245bc8097d28c7ba58acf092695d918bf38
286,100,0.25,0xefaa9e5a331ad704ae0a372f440e9f9c1344d394,2017-10-09T18:25:56.000Z,0.0025,0xf7156a5bd1e403984a2218b1f6d2d36615a57933,sell,0x006bea43baa3f7a6f765f14f10a1a1b08334ef45,0x600a2de586e6c41e75522bd855cc3874f1ea50c0bc9bc83969fb71eedd113850
287,6.359039572380094,0.013989887059236206,0xb3b841d4cc67bf53125c64051ca32be3acc66d11,2017-10-09T17:23:45.000Z,0.0022,0x168ecdcb9b0b080c78fabbeb8a96d47078fa0da6,sell,0x006bea43baa3f7a6f765f14f10a1a1b08334ef45,0x01dc12c2adf52d518423e50fb092081831de7baa569d37af7efe3a8e68e0a0c2
288,80,0.1999992,0xe2bc16dd94a1f95d68505fa07845c9cfaf4cb97a,2017-10-09T16:48:49.000Z,0.00249999,0x2493304d62f3a4e9c2cb9ee1954fbb864ddeea84,buy,0x006bea43baa3f7a6f765f14f10a1a1b08334ef45,0x582287de8583229c3524348a4d0aca22a176b455137e541b3e18785738774267
289,157.51171368756854,0.3438483860033895,0x5c87dd923e0a136284a9adbbb01e8c1a5e6ae872,2017-10-09T15:03:19.000Z,0.002183002,0xc51f85c1dbf33dfa8c9fb77f0a31bce70721e371,sell,0x006bea43baa3f7a6f765f14f10a1a1b08334ef45,0x9cb9834f1450fb12b04921fca1f3af300ff8761c093c7efe61cb48adb36e8469
290,78.7521171405576,0.1968795053302226,0x858ec666efa263876651529871b15a0a14770b6b,2017-10-09T13:12:23.000Z,0.00249999,0x2493304d62f3a4e9c2cb9ee1954fbb864ddeea84,buy,0x006bea43baa3f7a6f765f14f10a1a1b08334ef45,0x8d87c03bb4f8e97e40e75bc8e0210431a9a37d7195e95b08be5035f1accb1023
291,400.002,1.00000099998,0x858ec666efa263876651529871b15a0a14770b6b,2017-10-09T13:06:01.000Z,0.00249999,0x2493304d62f3a4e9c2cb9ee1954fbb864ddeea84,buy,0x006bea43baa3f7a6f765f14f10a1a1b08334ef45,0xea395a43c34aee6703f7aff3f005bf79b0428ac759fdc415ab1a735ba481c972
292,20,0.0499998,0xdd69ac836b4c1856290696a2c89f2503781ed11c,2017-10-09T07:48:12.000Z,0.00249999,0x2493304d62f3a4e9c2cb9ee1954fbb864ddeea84,buy,0x006bea43baa3f7a6f765f14f10a1a1b08334ef45,0x3eb23823e8d2b779482e34de4e0d38c53c19c6971f6cd6ea7061adc494339bbe
293,406.4390389791646,0.8250712491277041,0xfd1f3c7cce5d3d96945fd300e7b183b2f0f1c482,2017-10-09T04:51:26.000Z,0.00203,0x8ef42653cd5420da899975c6145d331d7ae622f6,sell,0x006bea43baa3f7a6f765f14f10a1a1b08334ef45,0x765e86dbc5fd244b42471b2b7f1c95acce370ae1bd65d00c8e4978724a9d6aaf
294,500,1.0500005,0xfd1f3c7cce5d3d96945fd300e7b183b2f0f1c482,2017-10-09T04:47:55.000Z,0.002100001,0x8ef42653cd5420da899975c6145d331d7ae622f6,sell,0x006bea43baa3f7a6f765f14f10a1a1b08334ef45,0xf5f1c6e0abfc0cd86b4c5adc8203374b03e0dbea9979a1909f9c237e18b9b4ef
295,500,1.05,0xdab88650aa87fed83ab60b01829c32ec0561dd2e,2017-10-09T04:40:05.000Z,0.0021,0x8ef42653cd5420da899975c6145d331d7ae622f6,sell,0x006bea43baa3f7a6f765f14f10a1a1b08334ef45,0x00645a510c4be0a7df396a34c577b3d6d7a69c8829f9413bfb57b93b5805b7e3
296,196,0.4312,0xfd1f3c7cce5d3d96945fd300e7b183b2f0f1c482,2017-10-09T04:34:53.000Z,0.0022,0x8ef42653cd5420da899975c6145d331d7ae622f6,sell,0x006bea43baa3f7a6f765f14f10a1a1b08334ef45,0x74d5bff85c5f3f091bbd13e66c181c7f3aa0e4d8383940ad041fb2b0d3506e88
297,3600,7.92,0x4115a16c445b1b6af4481338370370dfb6b1bfa3,2017-10-09T04:23:43.000Z,0.0022,0x04f8873d8eaa3fc4ae7fa70a9d147f754c0bc150,sell,0x006bea43baa3f7a6f765f14f10a1a1b08334ef45,0x24d2359a45c5d62f1c590ef0414133fabc1dc8aea4498abd8c0e05f469bcde37
298,31.3355947299378,0.06580474893286938,0xfd1f3c7cce5d3d96945fd300e7b183b2f0f1c482,2017-10-09T03:23:10.000Z,0.0021,0xe0c50d14808f5c270caaa232e5798c047783ee85,sell,0x006bea43baa3f7a6f765f14f10a1a1b08334ef45,0xa629d762bd03a020d6e64f8144150307384c22d75b733680c993fa21ff2ae2f5
299,500,1.25,0xdab88650aa87fed83ab60b01829c32ec0561dd2e,2017-10-09T02:42:43.000Z,0.0025,0x47a181d57da50fadaad0cc8e0a40369098aecd8a,sell,0x006bea43baa3f7a6f765f14f10a1a1b08334ef45,0xeff1309fb78af07bdd2512204a4c699e13cf3c8fd1513c98b61f33fd470eaa7a
300,300,0.750003,0x3dee4a4e076e8d82859d241db0baf46f112cfa23,2017-10-09T02:35:21.000Z,0.00250001,0x47a181d57da50fadaad0cc8e0a40369098aecd8a,sell,0x006bea43baa3f7a6f765f14f10a1a1b08334ef45,0x644aafaeef0e65b8aee8d2df190f8bf3b03c0f7276c4a7cc4878913bba5f4914
301,12,0.0311904,0xc11f32a3d45a3dc54b34234dd2b9f46292e69c02,2017-10-09T02:34:44.000Z,0.0025992,0x47a181d57da50fadaad0cc8e0a40369098aecd8a,sell,0x006bea43baa3f7a6f765f14f10a1a1b08334ef45,0x234578217b417df11a7b9d531c4fd855f8b2c0afc59861c8a834a55103f8b47b
302,1.827,0.0047502,0x45bbe31e71cc5450adb489eb797f5de895e28961,2017-10-09T02:34:02.000Z,0.0026,0x47a181d57da50fadaad0cc8e0a40369098aecd8a,sell,0x006bea43baa3f7a6f765f14f10a1a1b08334ef45,0xeb47c6b33dda78356b3740d0c9d855a780f35f9fd6d5caedcc169d52ceee0fd2
303,0.905,0.002353,0xf1984203af60fb1ccd5d89cd58de96e48e314980,2017-10-08T22:58:24.000Z,0.0026,0xe0c50d14808f5c270caaa232e5798c047783ee85,buy,0x006bea43baa3f7a6f765f14f10a1a1b08334ef45,0x058b8f90588df175e618ef8ffeb07080b2e592fac8dfe8c42bbeb40a6dcef35d
304,0.11798589719047692,0.00030676333269524,0xf1984203af60fb1ccd5d89cd58de96e48e314980,2017-10-08T22:36:48.000Z,0.0026,0xe0c50d14808f5c270caaa232e5798c047783ee85,buy,0x006bea43baa3f7a6f765f14f10a1a1b08334ef45,0xef0e3e5b1ad9208c0ee83aab20f2b3677d0e77856177637cdf873f32da827c37
305,1183.5165347176737,3.0771429902659517,0xf1984203af60fb1ccd5d89cd58de96e48e314980,2017-10-08T21:02:43.000Z,0.0026,0xe0c50d14808f5c270caaa232e5798c047783ee85,buy,0x006bea43baa3f7a6f765f14f10a1a1b08334ef45,0xf44aa17698b4111a19ebae7fdace8cb02d2e5a366d2b9f67beb04b00d1082019
306,715.4602896944832,1.8601967532056563,0xbbe8a82dc936ac8a7f188624e42a1253dbb279ec,2017-10-08T20:57:25.000Z,0.0026,0xe0c50d14808f5c270caaa232e5798c047783ee85,buy,0x006bea43baa3f7a6f765f14f10a1a1b08334ef45,0x0d86357c188aa7626d2c21b435149eb2ca4a1dff5784f8aab45e113d442580d9
307,284.642,0.7400692,0x45bbe31e71cc5450adb489eb797f5de895e28961,2017-10-08T20:43:20.000Z,0.0026,0x90fd2243e7c19eefb0c486d01d2ca09565a57df4,sell,0x006bea43baa3f7a6f765f14f10a1a1b08334ef45,0xb31f54b326df66447abe386524280e8acd2c9827c655e24a62b668830cb46a2b
308,375,1.075874625,0x90fd2243e7c19eefb0c486d01d2ca09565a57df4,2017-10-08T19:56:28.000Z,0.002868999,0xf1984203af60fb1ccd5d89cd58de96e48e314980,sell,0x006bea43baa3f7a6f765f14f10a1a1b08334ef45,0x7dce567b8bde6922ce49441a703606d1e2a19040706151d2405f4f628a507ef8
309,100.35757548265859,0.2609296962549123,0x45bbe31e71cc5450adb489eb797f5de895e28961,2017-10-08T19:05:55.000Z,0.0026,0xa537d985a15358e5095fa653a184454c2f142544,sell,0x006bea43baa3f7a6f765f14f10a1a1b08334ef45,0xa4f67f082d1b386f53e1533924b2fcd634de9e37ff7c7759ef4f504ece35bb1b
310,80,0.22952,0x74157c2362f9db24a462c15df04a7a099684a8a4,2017-10-08T18:58:45.000Z,0.002869,0xf1984203af60fb1ccd5d89cd58de96e48e314980,sell,0x006bea43baa3f7a6f765f14f10a1a1b08334ef45,0x012a05c89b9650a0c39e0d3bddd17215a16c0df105afcc39a88b0ef8238f3b2f
311,110,0.3157,0x0a5d0c6910d52715abaec240d167add3c2dce207,2017-10-08T15:44:14.000Z,0.00287,0x5ad0822abd18fa50acf1e150893b8a4cafc67fc2,buy,0x006bea43baa3f7a6f765f14f10a1a1b08334ef45,0xe453cdf815dfcb9c58c7f349dba976e184bd6d287e6fdd42620739daa06c8ccc
312,69.223,0.190363042331,0x0a5d0c6910d52715abaec240d167add3c2dce207,2017-10-08T15:40:31.000Z,0.002749997,0xad5b3fbc469313e21efe4117627a658424091b0a,buy,0x006bea43baa3f7a6f765f14f10a1a1b08334ef45,0xe46f7e33a365c2e8574a76775b15cf6d142682b348a307e6dadffc55561d0739
313,349,0.94579,0x0a5d0c6910d52715abaec240d167add3c2dce207,2017-10-08T15:30:34.000Z,0.00271,0x9b0ff208b9904d7769d36527695e27805180d79f,buy,0x006bea43baa3f7a6f765f14f10a1a1b08334ef45,0x7cfcce91990643c1536fca6c7994459573330ef126e165a819135e6bc02690da
314,7500,15.375,0x00a43fb9553007f0760e6e563c0eec78810d33a0,2017-10-08T15:26:59.000Z,0.00205,0x04f8873d8eaa3fc4ae7fa70a9d147f754c0bc150,sell,0x006bea43baa3f7a6f765f14f10a1a1b08334ef45,0xa5634b435ad8a2a1a3c6e4efe2443f4bcbaf4a66b8202be2e8668569ddd79b94
315,200,0.54,0xf1984203af60fb1ccd5d89cd58de96e48e314980,2017-10-08T15:26:40.000Z,0.0027,0x193af26ed85463023c3dbfd0f527ff9d233376c6,buy,0x006bea43baa3f7a6f765f14f10a1a1b08334ef45,0x60d66d2255fb4af947e95f034c13055aa1ec6f5ccc0ed32efede3206493d9b21
316,108.151,0.27686656,0x057ed433468485ed84c1e61a212b93bbfbb5cef9,2017-10-08T14:44:06.000Z,0.00256,0x3dee4a4e076e8d82859d241db0baf46f112cfa23,sell,0x006bea43baa3f7a6f765f14f10a1a1b08334ef45,0x2be4270536dfd477e565678cd6319bbd5ce5368f114a0efdc326e5dbf375b1a8
317,91.8485440653942,0.23513227280740914,0x057ed433468485ed84c1e61a212b93bbfbb5cef9,2017-10-08T13:36:22.000Z,0.0025599999999999998,0xbd5d6b0de430e51bf0c04f13bba61548ba70fba5,sell,0x006bea43baa3f7a6f765f14f10a1a1b08334ef45,0xea0b3c277d90a607da217f3ef587b7eabb403a858fd3b2d28c260840eb59bb33
318,400,1.024016,0x3dee4a4e076e8d82859d241db0baf46f112cfa23,2017-10-08T13:31:42.000Z,0.00256004,0xbd5d6b0de430e51bf0c04f13bba61548ba70fba5,sell,0x006bea43baa3f7a6f765f14f10a1a1b08334ef45,0x5342281f24af54cf5dd852d3c25dfa19270f4de7bceffa233e4430927cd22cf1
319,206.04857970887645,0.5357392883036004,0x2256c01a9c0e2de68cb7d27f7e39dc4e1c7d3783,2017-10-08T13:28:04.000Z,0.002600063,0xbd5d6b0de430e51bf0c04f13bba61548ba70fba5,sell,0x006bea43baa3f7a6f765f14f10a1a1b08334ef45,0x7bf5f2f2379d74ba07aa9f53f4f09913e206f9a1a16513e00c7b619f48abe2b4
320,4.9845479015053336,0.012960138570431661,0x2256c01a9c0e2de68cb7d27f7e39dc4e1c7d3783,2017-10-08T12:59:16.000Z,0.0026000629999999997,0xa7bd3d17a873b39a0eb05722f39bf9b28b4b01fc,sell,0x006bea43baa3f7a6f765f14f10a1a1b08334ef45,0xfd3dbd66cdf7b694bce523748c02ef91cebb0155474e3964ba655d9e584288f7
321,69.49633836844744,0.19938290988892463,0xaaa1e045efb41d973d5fd59db179fba485c9cc5c,2017-10-08T11:58:11.000Z,0.00286897,0xf1984203af60fb1ccd5d89cd58de96e48e314980,buy,0x006bea43baa3f7a6f765f14f10a1a1b08334ef45,0x5feb22b64a9a1e54f5fd344a4f9fcb4bded28cc29a5efaaef612334bcdb29b36
322,469.544412318842,1.2302063602753661,0xdab88650aa87fed83ab60b01829c32ec0561dd2e,2017-10-08T11:58:11.000Z,0.00262,0x5268aad792af5238325ecfdac320cef080487ba8,sell,0x006bea43baa3f7a6f765f14f10a1a1b08334ef45,0x8624144d363fa904ee372398fbcef2ae00db4144c04f06ac4be84395de7a28d3
323,3.474763263510166,0.009969095803010666,0xaaa1e045efb41d973d5fd59db179fba485c9cc5c,2017-10-08T11:45:01.000Z,0.002869,0xad5b3fbc469313e21efe4117627a658424091b0a,buy,0x006bea43baa3f7a6f765f14f10a1a1b08334ef45,0x81b9f74fadabfa2b93089fb63138a87b166d5f8d85c2f1391e61f462f356c1a4
324,199.38191606021334,0.5203871996809889,0x0b1f768fb64521f5f3527e020cb9837198819b85,2017-10-08T09:23:31.000Z,0.002610002,0x9b7e2697d1a213fc00162f7b453b64347186d367,sell,0x006bea43baa3f7a6f765f14f10a1a1b08334ef45,0x8e2db03a9a2ab65887be6e84c8cb42e5d0da3e07e1b41cf15369b396f8145b47
325,292.7810541652753,0.7612430376339907,0xf7156a5bd1e403984a2218b1f6d2d36615a57933,2017-10-08T05:45:24.000Z,0.002600042,0x1258ac82d244f6fd8199ec61d107e04b00148df6,sell,0x006bea43baa3f7a6f765f14f10a1a1b08334ef45,0x6c854b3787078454b438478d5b444548b88516353bf795f7c87c3e545eac4729
326,15,0.042,0xa14036f028c61c4bfd983bc342da1292e0d79b2d,2017-10-08T01:29:16.000Z,0.0028,0x47a181d57da50fadaad0cc8e0a40369098aecd8a,sell,0x006bea43baa3f7a6f765f14f10a1a1b08334ef45,0xb30cbc862ea04941ad62c3b0eb960ac59a2cef403d51a119e9c064447f7799da
327,0.5295173187549876,0.001519720000000001,0x6e9c874a50c37e2bf31dc46225347459152104b5,2017-10-08T01:28:53.000Z,0.002870009999999998,0x47a181d57da50fadaad0cc8e0a40369098aecd8a,sell,0x006bea43baa3f7a6f765f14f10a1a1b08334ef45,0x5b8c50a3c888681e7d80095e5f2de7658fe9bc69a5fa4ea666ab3913f42aedfb
328,50,0.13295,0x6b748128ecccddc9e797890f7dcc1f6c9bee8eac,2017-10-08T01:01:00.000Z,0.002659,0xb8186b97012530dceadc931136bf6cc7e4237f10,buy,0x006bea43baa3f7a6f765f14f10a1a1b08334ef45,0x98830ad8140b671ef7fda764c9b948ae2daa2e144768999a8acb66c731f2598e
329,4.176552686671319,0.012028471737613398,0x6e9c874a50c37e2bf31dc46225347459152104b5,2017-10-08T00:45:00.000Z,0.0028799999999999997,0xb8186b97012530dceadc931136bf6cc7e4237f10,sell,0x006bea43baa3f7a6f765f14f10a1a1b08334ef45,0x2aad530fb14299d1ee7981292246f50362a37741bb269da53b520eb87230239b
330,46.053,0.133001064,0x64c2f5140eb80bec1f779ad92c8e7986706091df,2017-10-07T23:53:09.000Z,0.002888,0x04f8873d8eaa3fc4ae7fa70a9d147f754c0bc150,buy,0x006bea43baa3f7a6f765f14f10a1a1b08334ef45,0x1fb08fa45ebdd760ca95906c97ffd573d764abd4080643f614f41053b92efaaf
331,1.9938191606021334,0.005742199182534144,0x6e9c874a50c37e2bf31dc46225347459152104b5,2017-10-07T23:14:26.000Z,0.0028799999999999997,0xa0d87ced7b9688373d1da7164b2f0ea4472ccb16,sell,0x006bea43baa3f7a6f765f14f10a1a1b08334ef45,0x09895742bbc118d992aee254481a91282c8b403197396bf481909351de8072a9
332,301.575,0.84742635315,0x2ef0bb40a46f3276bdc8433d0a7ae78a83e5de12,2017-10-07T23:02:06.000Z,0.002810002,0xf1984203af60fb1ccd5d89cd58de96e48e314980,sell,0x006bea43baa3f7a6f765f14f10a1a1b08334ef45,0x7afb2e7bbc96c31bbd7210c145036d9b2fdcce72a95fa12f8d8e1994ce26e1ff
333,1,0.002887998,0x7d053385a05276eedcaf706325ae34ae544741a6,2017-10-07T22:50:52.000Z,0.002887998,0x0b1f768fb64521f5f3527e020cb9837198819b85,buy,0x006bea43baa3f7a6f765f14f10a1a1b08334ef45,0xe4ec7e401457ecedde5953370f22c67b7cd31032f4eb7d29a97cf1105eade576
334,276.52489312403856,0.7936264432659907,0x652bf94db025def61d235c0a3eb986189c560a1f,2017-10-07T22:43:38.000Z,0.00287,0xf1984203af60fb1ccd5d89cd58de96e48e314980,sell,0x006bea43baa3f7a6f765f14f10a1a1b08334ef45,0x75f4253ed04bdc15b5ff68af47ceb8832c3ce6e854c03724c02a0771c0f26b71
335,1372.095,3.84187972095,0xdb87473c75ef9039b75b28d1752c632d361db407,2017-10-07T22:31:53.000Z,0.00280001,0x963b33cbf41234a655b414b9520a8ae117444029,sell,0x006bea43baa3f7a6f765f14f10a1a1b08334ef45,0x25a095295025268fd819d8fa9837ede6e11e630b91664d24d9e4ffcae764453a
336,870,2.4360696,0x5c9fd8842742f0130e1d252b7252a0fceb26cc27,2017-10-07T22:30:58.000Z,0.00280008,0x963b33cbf41234a655b414b9520a8ae117444029,sell,0x006bea43baa3f7a6f765f14f10a1a1b08334ef45,0xee9efce28c106789013a2d201859555bb581083dc7d723261b99de7d795f1194
337,500,1.43,0x652bf94db025def61d235c0a3eb986189c560a1f,2017-10-07T22:29:51.000Z,0.00286,0x963b33cbf41234a655b414b9520a8ae117444029,sell,0x006bea43baa3f7a6f765f14f10a1a1b08334ef45,0xa94a3c824dee1109d975acc517e7c9a0c094add4d63101811899b41009c13038
338,99.69095803010667,0.2871099591267072,0x6e9c874a50c37e2bf31dc46225347459152104b5,2017-10-07T20:39:28.000Z,0.00288,0x9e3a81d4cc2c6f621ad7cc7b97e6507cb068c5d3,sell,0x006bea43baa3f7a6f765f14f10a1a1b08334ef45,0x504e96f143451e8cf88cb8bd99c449948d7755500c0c70d312c6f97e075ca030
339,500,1.444,0xf7156a5bd1e403984a2218b1f6d2d36615a57933,2017-10-07T20:36:41.000Z,0.002888,0x04f8873d8eaa3fc4ae7fa70a9d147f754c0bc150,buy,0x006bea43baa3f7a6f765f14f10a1a1b08334ef45,0xf36ecc801fc97de26784c3551e329db605f201ee84abbd3d77dd80955f4b8794
340,3.3410052293993013,0.009648823102505182,0x3592c46b40123dd9ac242e37a94f4c8c082df439,2017-10-07T19:58:54.000Z,0.002888,0x04f8873d8eaa3fc4ae7fa70a9d147f754c0bc150,buy,0x006bea43baa3f7a6f765f14f10a1a1b08334ef45,0xbb55b4157bf07e1bd2ccabcc723c07219c95e8ad3dc78eb324ac773427a2f5d6
341,199.38191606021334,0.5742199182534145,0x6e9c874a50c37e2bf31dc46225347459152104b5,2017-10-07T19:48:27.000Z,0.00288,0x31660b3d44d2e32adf03dd49e009295a9ae60645,sell,0x006bea43baa3f7a6f765f14f10a1a1b08334ef45,0x1e07a7c90442d3d6a0b86e990fbd6e86b95aa1d77b5908b4863110a9e92b6078
342,11.773,0.034000424,0x3592c46b40123dd9ac242e37a94f4c8c082df439,2017-10-07T19:47:48.000Z,0.002888,0x04f8873d8eaa3fc4ae7fa70a9d147f754c0bc150,buy,0x006bea43baa3f7a6f765f14f10a1a1b08334ef45,0xe713b3875cf449115b1578dd2445a1338e7c3b4645ef34e5aaa514885e3af01d
343,744.46,2.15000048,0x3592c46b40123dd9ac242e37a94f4c8c082df439,2017-10-07T19:40:29.000Z,0.002888,0x04f8873d8eaa3fc4ae7fa70a9d147f754c0bc150,buy,0x006bea43baa3f7a6f765f14f10a1a1b08334ef45,0x7bb684ba2aabfdaff9ad4dda93648dc7f109a350adfe3666ff6e4649faca2b08
344,20,0.05776,0xeae46ec3c5f204697789b090d03d2d2c72791af6,2017-10-07T19:23:20.000Z,0.002888,0x04f8873d8eaa3fc4ae7fa70a9d147f754c0bc150,buy,0x006bea43baa3f7a6f765f14f10a1a1b08334ef45,0x7f39b5064550c55138623387f55d58987548973fc838710cf0e3b87334988fd9
345,2173.982795326112,6.261076972487589,0x9e0646b56567561387b07bb3381e073ed3700a4c,2017-10-07T19:03:15.000Z,0.002880003,0x04f8873d8eaa3fc4ae7fa70a9d147f754c0bc150,sell,0x006bea43baa3f7a6f765f14f10a1a1b08334ef45,0x4f5ef0c03d9e1b2807ffff4d38475d45582f81b181a6caa1110e543d36cc305d
346,20,0.06159994,0xeae46ec3c5f204697789b090d03d2d2c72791af6,2017-10-07T18:51:50.000Z,0.003079997,0xad5b3fbc469313e21efe4117627a658424091b0a,buy,0x006bea43baa3f7a6f765f14f10a1a1b08334ef45,0x071df6e08a20ec5b23bcc3c4accf16c1a797de67c844651e26c57a5302940a76
347,1196.29149636128,3.4453230983949754,0x9e0646b56567561387b07bb3381e073ed3700a4c,2017-10-07T18:10:14.000Z,0.002880003,0x6fc1fe7ec4efbad5ff35873037ce4a7f9d17b78d,sell,0x006bea43baa3f7a6f765f14f10a1a1b08334ef45,0xe42f546516557ca87ff68c899b97555a68cebc16dc00f416fcd17a3e6fb963c8
348,2684.725708312608,7.732018094117436,0x9e0646b56567561387b07bb3381e073ed3700a4c,2017-10-07T18:05:31.000Z,0.002880003,0x04f8873d8eaa3fc4ae7fa70a9d147f754c0bc150,sell,0x006bea43baa3f7a6f765f14f10a1a1b08334ef45,0x98ff1c40dc01932b5c56ea88f2e9ad826efcc15ddce0f5b5223a2af0403b12bd
349,220,0.63360066,0x9e0646b56567561387b07bb3381e073ed3700a4c,2017-10-07T17:55:11.000Z,0.002880003,0xe90fbd426541e386ee32cdc36b69029578aafc68,sell,0x006bea43baa3f7a6f765f14f10a1a1b08334ef45,0x26153cebaf89590f9b2a86748bbf918f7a25a354f0275188130db6fdbea38ab4
350,92.69863423387498,0.2669722519908284,0xad5b3fbc469313e21efe4117627a658424091b0a,2017-10-07T16:04:12.000Z,0.002880002,0x4409902568324a36ee95a184757e5ef8e7dd428c,sell,0x006bea43baa3f7a6f765f14f10a1a1b08334ef45,0x090923d77ceb25d8ccc4fbe031ba43b935afee8c094caf27fd872a04ec022227
351,100,0.28,0xb93a078abdb29806b94c4270494bd47a071abaaf,2017-10-07T15:55:54.000Z,0.0028,0xf431f2085f272d931421be1f765fb76c14494540,sell,0x006bea43baa3f7a6f765f14f10a1a1b08334ef45,0x7c806ab681dc1b97856c695a00c7b3d8b1377b92067ca6caa62ff3d49a50e5e6
352,399,1.236874863,0xe3c98212b878cf3b1fdcdbffa6131b4684b1f52e,2017-10-07T13:10:12.000Z,0.003099937,0xad5b3fbc469313e21efe4117627a658424091b0a,buy,0x006bea43baa3f7a6f765f14f10a1a1b08334ef45,0xdef1758aa2b71be5ef38201d2cdc50c6d06d7fa7f5d850055cb049aa87c28cd7
353,13.75675406240654,0.039619451699730836,0x6e9c874a50c37e2bf31dc46225347459152104b5,2017-10-07T12:43:00.000Z,0.00288,0x57b070709b9baffa065ec5a284ebf26b98398dcc,sell,0x006bea43baa3f7a6f765f14f10a1a1b08334ef45,0xc7cb835f12ed4dbb9c4ba2f3a9ddc20c7962cfbca444164bf400bd0c100cc06d
354,199.4,0.6181268396,0xe3c98212b878cf3b1fdcdbffa6131b4684b1f52e,2017-10-07T12:31:29.000Z,0.003099934,0xb4ece4ea5e7e47b0bf6025c36a8d19fa1cf2e314,buy,0x006bea43baa3f7a6f765f14f10a1a1b08334ef45,0x344529a397e09cb338d83b20b884331d88884b8c0e26a87ebbff189f84ede93a
355,207.03,0.64177912899,0xe3c98212b878cf3b1fdcdbffa6131b4684b1f52e,2017-10-07T12:28:06.000Z,0.003099933,0x227dce828d025b1df15a787b44e743ccbf8b950b,buy,0x006bea43baa3f7a6f765f14f10a1a1b08334ef45,0x5f82bf7c07dd1f922b4fa5bfeaacd7242b545bf9e8524eda64366acecc1fa44d
356,27.818,0.083454,0xe3c98212b878cf3b1fdcdbffa6131b4684b1f52e,2017-10-07T12:21:07.000Z,0.003,0x33c7f9f85b207f8831296752664130dad3b74544,buy,0x006bea43baa3f7a6f765f14f10a1a1b08334ef45,0x303085ee8c3b63a37a1277b05d36be6f725ed3c088b9192be856067112e4f656
357,39,0.117,0xe3c98212b878cf3b1fdcdbffa6131b4684b1f52e,2017-10-07T12:13:54.000Z,0.003,0x239916644a38ff220fd7138cfbef2323209a2795,buy,0x006bea43baa3f7a6f765f14f10a1a1b08334ef45,0x7a26181c4616e47af0085c437f5a9eea65cca5998e85f6598aadcac912278d46
358,223.47510687596142,0.6413735567340093,0x652bf94db025def61d235c0a3eb986189c560a1f,2017-10-07T11:24:30.000Z,0.00287,0xe6a34a5b4c10101e0863c92f4a4884d234b97109,sell,0x006bea43baa3f7a6f765f14f10a1a1b08334ef45,0x0b6274816f1674161f870772d2bbaa974d5c0f6fb73b4eed363bbdd58a41931f
359,160,0.48,0x6e9c874a50c37e2bf31dc46225347459152104b5,2017-10-07T11:23:00.000Z,0.003,0xe6a34a5b4c10101e0863c92f4a4884d234b97109,sell,0x006bea43baa3f7a6f765f14f10a1a1b08334ef45,0x8116684ee6facae732590fe86fbc821189c91853ec2bb1d3173ff8f1eee6fe4e
360,26.034018238009075,0.07810208074804546,0xc11f32a3d45a3dc54b34234dd2b9f46292e69c02,2017-10-07T11:21:53.000Z,0.003000001,0xe6a34a5b4c10101e0863c92f4a4884d234b97109,sell,0x006bea43baa3f7a6f765f14f10a1a1b08334ef45,0x029142d921426181b9331fc54c06f338fc26d989ddc451f84513184ae84be62d
361,0.2,0.0006000002,0xc11f32a3d45a3dc54b34234dd2b9f46292e69c02,2017-10-07T11:20:11.000Z,0.003000001,0x57b070709b9baffa065ec5a284ebf26b98398dcc,sell,0x006bea43baa3f7a6f765f14f10a1a1b08334ef45,0xf947f0e5ac1f7d55dca02ca203ccf36002d4dde9d085a1a644fa8204aa6a7686
362,500,1.500005,0xfd1f3c7cce5d3d96945fd300e7b183b2f0f1c482,2017-10-07T10:45:54.000Z,0.00300001,0xe6a34a5b4c10101e0863c92f4a4884d234b97109,sell,0x006bea43baa3f7a6f765f14f10a1a1b08334ef45,0xcad2fe22d0507caf720ff2f6991743768b4ab871e3437f3284ca20c8b521f96e
363,500,1.501,0xfd1f3c7cce5d3d96945fd300e7b183b2f0f1c482,2017-10-07T10:39:03.000Z,0.003002,0xe6a34a5b4c10101e0863c92f4a4884d234b97109,sell,0x006bea43baa3f7a6f765f14f10a1a1b08334ef45,0xb8c9698b66b2e1173d358d1d141256a0e05ca052175f25de5ae02b43deff7df3
364,1,0.003,0xab13b657aff57ceee2955d2128c34b37932f6f3a,2017-10-07T10:30:36.000Z,0.003,0x239916644a38ff220fd7138cfbef2323209a2795,buy,0x006bea43baa3f7a6f765f14f10a1a1b08334ef45,0x00a8037f44a7faee2d2a56f81a61ca7c2c02d75919e1ad04abbb968bab6ec6a8
365,1000,2.861,0xf1984203af60fb1ccd5d89cd58de96e48e314980,2017-10-07T09:38:10.000Z,0.002861,0x7ace67d195b425c4c96525f5374af6ae92d93dd8,buy,0x006bea43baa3f7a6f765f14f10a1a1b08334ef45,0x32cd1a7aa4019e3106916cf29378e5fed41d50e624eaf0a4b81b0ec69a044be8
366,207.03020638377635,0.5923142485848096,0x227dce828d025b1df15a787b44e743ccbf8b950b,2017-10-07T09:35:08.000Z,0.002861004,0xf365529cdc15503af164914d8699d091e8ec1973,sell,0x006bea43baa3f7a6f765f14f10a1a1b08334ef45,0x27aae03ddd317ea302c58d00dddffc90e87ed167d4db7b758f6854b8e08c7822
367,274,0.849388492,0x7380a4de5cc265bb98db87efd4e4b7f7e4992d22,2017-10-07T09:26:13.000Z,0.003099958,0x0b1f768fb64521f5f3527e020cb9837198819b85,buy,0x006bea43baa3f7a6f765f14f10a1a1b08334ef45,0xe53ecc3359e09741ce60f9c7007c3023d9242a1f4ec0030403b44d97d3db3e41
368,274,0.849388492,0x7380a4de5cc265bb98db87efd4e4b7f7e4992d22,2017-10-07T09:25:27.000Z,0.003099958,0x0b1f768fb64521f5f3527e020cb9837198819b85,buy,0x006bea43baa3f7a6f765f14f10a1a1b08334ef45,0xe53ecc3359e09741ce60f9c7007c3023d9242a1f4ec0030403b44d97d3db3e41
369,0.000235660485562905,0.000000674226063158,0x0b1f768fb64521f5f3527e020cb9837198819b85,2017-10-07T09:21:57.000Z,0.002861005999998368,0xf365529cdc15503af164914d8699d091e8ec1973,sell,0x006bea43baa3f7a6f765f14f10a1a1b08334ef45,0x29d66e572d2b104d34448b9a996597d670d742079187f40592e6a4efdde50e1f
370,270,0.81,0xf1984203af60fb1ccd5d89cd58de96e48e314980,2017-10-07T06:30:43.000Z,0.003,0x4115a16c445b1b6af4481338370370dfb6b1bfa3,buy,0x006bea43baa3f7a6f765f14f10a1a1b08334ef45,0x85cab0cb66abfbedb71b8112a5fec0f20d9bbfd640d53fa46c7405f669955b04
371,1,0.0033199,0xea7302e16118f0a1e91d8e9e03f9b98c0d4fb06a,2017-10-07T05:50:57.000Z,0.0033199,0xad5b3fbc469313e21efe4117627a658424091b0a,buy,0x006bea43baa3f7a6f765f14f10a1a1b08334ef45,0x31e0383b729be2fd3711be8a5f0b37be1395182ba6f6b88408bcf389b1a1bcbc
372,183,0.549183,0xa5d4a822602f3905f1308ef23e1b4c37a1b9b7f3,2017-10-07T05:28:08.000Z,0.003001,0xe6a34a5b4c10101e0863c92f4a4884d234b97109,sell,0x006bea43baa3f7a6f765f14f10a1a1b08334ef45,0xf7b4a6bf1ed073ce6ac48474340ec6b6bfa26f445a6bb8fbafe9a6493340eab0
373,400,1.2004004,0xad5b3fbc469313e21efe4117627a658424091b0a,2017-10-07T05:11:55.000Z,0.003001001,0xe6a34a5b4c10101e0863c92f4a4884d234b97109,sell,0x006bea43baa3f7a6f765f14f10a1a1b08334ef45,0x1bbf98e1432031a3f1f4f5e9e5cc5f4501c7e44e92b4b90fa5bc95f53173356a
374,497,1.491497,0xa5d4a822602f3905f1308ef23e1b4c37a1b9b7f3,2017-10-07T04:58:25.000Z,0.003001,0xe6a34a5b4c10101e0863c92f4a4884d234b97109,sell,0x006bea43baa3f7a6f765f14f10a1a1b08334ef45,0xbddfaed98016bbb7d555db935a2c514f94239678b3318b5ab1d212b42f73c0d7
375,1000,3.001003,0x0b1f768fb64521f5f3527e020cb9837198819b85,2017-10-07T04:48:07.000Z,0.003001003,0xe6a34a5b4c10101e0863c92f4a4884d234b97109,sell,0x006bea43baa3f7a6f765f14f10a1a1b08334ef45,0xece8f50487ede85384c487ddf183e17e1605e3caf431ad6964aef73ebee8b1d4
376,307.6722363910331,1.0306712246863217,0xf365529cdc15503af164914d8699d091e8ec1973,2017-10-07T04:28:00.000Z,0.0033499,0xda896bd9e964386f7343414a646c8ef75d5ae009,buy,0x006bea43baa3f7a6f765f14f10a1a1b08334ef45,0x17c9e59a516c27fef4e6919b5e421e65e3cc48560c1dd9ee6d1c1fafc2823979
377,200,0.52,0x9b0ff208b9904d7769d36527695e27805180d79f,2017-10-07T03:54:21.000Z,0.0026,0xf431f2085f272d931421be1f765fb76c14494540,sell,0x006bea43baa3f7a6f765f14f10a1a1b08334ef45,0xe57c06df4ca29bb0c9bcf7cdebe6f39dae91c3740fa122e7d10c6f2108cd564e
