,amount,amountBase,buyer,date,price,seller,side,tokenAddr,txHash
0,8,0.0296,0x8883aa40364c0080edabb6ad3661903039bd42b5,2017-10-31T15:57:07.000Z,0.0037,0x9f4fbcf0c4448a58fc59972e54fae6a6156f6e5c,sell,0x78cb641ed233beea4827b8b148e4bf0b17289eca,0xde148a9f45328f6affba85ea7f3e7c79c05facdf077de6c7d5cad199e769517f
1,47,0.17437,0x8883aa40364c0080edabb6ad3661903039bd42b5,2017-10-31T15:56:58.000Z,0.00371,0x9f4fbcf0c4448a58fc59972e54fae6a6156f6e5c,sell,0x78cb641ed233beea4827b8b148e4bf0b17289eca,0xa6bf660b611661e92554ddce35e9424eafc3a4b8228172b4dd1d9fd223bc54b3
2,61,0.22753,0x8883aa40364c0080edabb6ad3661903039bd42b5,2017-10-31T15:56:36.000Z,0.00373,0x9f4fbcf0c4448a58fc59972e54fae6a6156f6e5c,sell,0x78cb641ed233beea4827b8b148e4bf0b17289eca,0x178aae7343990c77ec028bbd2be7f25c91846cb2b11c5e1ad2c9bfa194d4e058
3,54,0.20682,0xc297bfd3a57980b405a516c96cd35e83c99b01d7,2017-10-30T16:51:00.000Z,0.00383,0x8883aa40364c0080edabb6ad3661903039bd42b5,buy,0x78cb641ed233beea4827b8b148e4bf0b17289eca,0x9adb64fc9ee93c378bf47926be3426b36cd47adbbcaf9239c11199db8f832418
4,31,0.1147,0x8883aa40364c0080edabb6ad3661903039bd42b5,2017-10-30T16:50:14.000Z,0.0037,0xc297bfd3a57980b405a516c96cd35e83c99b01d7,sell,0x78cb641ed233beea4827b8b148e4bf0b17289eca,0x6d652399b883b9ad9aafe91b46c74a7d0dad8a029e3677910ae54edce59f6c6b
5,69,0.25599,0x8883aa40364c0080edabb6ad3661903039bd42b5,2017-10-30T16:48:34.000Z,0.00371,0xc297bfd3a57980b405a516c96cd35e83c99b01d7,sell,0x78cb641ed233beea4827b8b148e4bf0b17289eca,0x4fd3f8d47735b829d83703ad16b65d089005e214359a12b8f1f218c7436d4447
6,100,0.38,0xc297bfd3a57980b405a516c96cd35e83c99b01d7,2017-10-30T16:44:30.000Z,0.0038,0x8883aa40364c0080edabb6ad3661903039bd42b5,buy,0x78cb641ed233beea4827b8b148e4bf0b17289eca,0x3ed18eed24d439233ed28d04e5b66eae4e5db93658e7c0a20537322ea018fa64
7,30,0.1113,0x8883aa40364c0080edabb6ad3661903039bd42b5,2017-10-30T16:38:22.000Z,0.00371,0xc297bfd3a57980b405a516c96cd35e83c99b01d7,sell,0x78cb641ed233beea4827b8b148e4bf0b17289eca,0x51005f8d01baae8402cbe97631d790c141cc3152d5155f18d5d9fd54f3b3dd65
8,29,0.10701,0x9173e470d127e2311fe72101e7414e34b8b00fe2,2017-10-28T10:11:41.000Z,0.00369,0xc297bfd3a57980b405a516c96cd35e83c99b01d7,sell,0x78cb641ed233beea4827b8b148e4bf0b17289eca,0x1ef69dce5ff0e325ea2d09e9f933e196bdf8bf060239132ad3e957c73eaa3dab
9,27,0.09963,0x9173e470d127e2311fe72101e7414e34b8b00fe2,2017-10-27T08:36:36.000Z,0.00369,0xc297bfd3a57980b405a516c96cd35e83c99b01d7,buy,0x78cb641ed233beea4827b8b148e4bf0b17289eca,0x53da7f10f53f1fa77cc8f85d8cad7c4e81ea8ac9913e92348bc10d22df24adcd
10,21,0.07665,0xc297bfd3a57980b405a516c96cd35e83c99b01d7,2017-10-27T08:32:23.000Z,0.00365,0x9173e470d127e2311fe72101e7414e34b8b00fe2,sell,0x78cb641ed233beea4827b8b148e4bf0b17289eca,0xf7861bf4cd88c0ea995387ce8375dc49866ab785ba352ba7af145ff2708755bb
11,21,0.0777,0xc297bfd3a57980b405a516c96cd35e83c99b01d7,2017-10-27T08:11:18.000Z,0.0037,0x9173e470d127e2311fe72101e7414e34b8b00fe2,sell,0x78cb641ed233beea4827b8b148e4bf0b17289eca,0x210432b3400bfe22b27782a0dc7b2e3c7131fe6d32b1af7e3b64c746023e4c50
12,29,0.1044,0x9173e470d127e2311fe72101e7414e34b8b00fe2,2017-10-27T08:08:01.000Z,0.0036,0xc297bfd3a57980b405a516c96cd35e83c99b01d7,buy,0x78cb641ed233beea4827b8b148e4bf0b17289eca,0xbcb2fe81b89f3317d0e4e18f434213042bcc2d6dc6573ba69f9b4d29740098d2
13,19,0.06555,0xc297bfd3a57980b405a516c96cd35e83c99b01d7,2017-10-27T07:43:53.000Z,0.00345,0x9173e470d127e2311fe72101e7414e34b8b00fe2,sell,0x78cb641ed233beea4827b8b148e4bf0b17289eca,0xaea18eefa4cfd59c6b70bca38c5cce74dda9d604136941d976bb9e20febc62ac
14,1,0.0033,0x3ac636ac5c3a2576156ac5f10066ca68abe0ad54,2017-10-27T07:32:33.000Z,0.0033,0x9f4fbcf0c4448a58fc59972e54fae6a6156f6e5c,buy,0x78cb641ed233beea4827b8b148e4bf0b17289eca,0x774e8b533bb30f4f36da74d00263d33df721ea299b30ce082c92e78daee52817
15,29,0.1015,0x9173e470d127e2311fe72101e7414e34b8b00fe2,2017-10-27T07:28:11.000Z,0.0035,0xc297bfd3a57980b405a516c96cd35e83c99b01d7,buy,0x78cb641ed233beea4827b8b148e4bf0b17289eca,0x026bf156098be76e0cd6bdb7ff55a86e0d0981a5e52c615b7e0793724444343d
16,21,0.0714,0x9173e470d127e2311fe72101e7414e34b8b00fe2,2017-10-27T07:26:05.000Z,0.0034,0xc297bfd3a57980b405a516c96cd35e83c99b01d7,buy,0x78cb641ed233beea4827b8b148e4bf0b17289eca,0x486742da3263cc9cab485918219d6a27a11740ff2522c92dd73cc7eb5c6b439c
17,2,0.0068,0x9173e470d127e2311fe72101e7414e34b8b00fe2,2017-10-27T06:58:08.000Z,0.0034,0xc297bfd3a57980b405a516c96cd35e83c99b01d7,buy,0x78cb641ed233beea4827b8b148e4bf0b17289eca,0xbf2148a97c256e57e1bc5dbe6f648d75d1df5cdb51e11e38f149338fa46bff0b
18,2,0.009969095803010666,0xc297bfd3a57980b405a516c96cd35e83c99b01d7,2017-10-26T11:33:12.000Z,0.004984547901505333,0x8883aa40364c0080edabb6ad3661903039bd42b5,buy,0x78cb641ed233beea4827b8b148e4bf0b17289eca,0x2a638830a1a97df9087ac0a72a54888e6af31d149b8f41dacc3a4e3ffe6dadc8
19,31,0.1116,0x9173e470d127e2311fe72101e7414e34b8b00fe2,2017-10-25T08:14:25.000Z,0.0036,0x8883aa40364c0080edabb6ad3661903039bd42b5,sell,0x78cb641ed233beea4827b8b148e4bf0b17289eca,0x9215b8b2878816b9014ffd90819d7192ea1635cab59aae093ca0c429f2b729c6
20,45,0.144,0x9173e470d127e2311fe72101e7414e34b8b00fe2,2017-10-25T08:12:11.000Z,0.0032,0x8883aa40364c0080edabb6ad3661903039bd42b5,buy,0x78cb641ed233beea4827b8b148e4bf0b17289eca,0xa7e00817e8bda3f60fb106a8f093461c7cf89b2fbbf2a15461f44b48b6f71868
21,31,0.1054,0x9173e470d127e2311fe72101e7414e34b8b00fe2,2017-10-25T08:08:53.000Z,0.0034,0x8883aa40364c0080edabb6ad3661903039bd42b5,sell,0x78cb641ed233beea4827b8b148e4bf0b17289eca,0x07496fe58f2f478093e5e4cf534bf0bfb153c60ce5e5bd9f80f86b4f9574ebb4
22,28,0.0924,0x9173e470d127e2311fe72101e7414e34b8b00fe2,2017-10-25T08:03:28.000Z,0.0033,0x8883aa40364c0080edabb6ad3661903039bd42b5,sell,0x78cb641ed233beea4827b8b148e4bf0b17289eca,0xe740704f0a4e2f0a770ce44f6c60536d732d65c172a6ebfca1b76b9ad7e668c7
23,28,0.098,0x9173e470d127e2311fe72101e7414e34b8b00fe2,2017-10-25T08:01:30.000Z,0.0035,0x8883aa40364c0080edabb6ad3661903039bd42b5,buy,0x78cb641ed233beea4827b8b148e4bf0b17289eca,0x1c440b2149cc8923808d72b61dbdc5804ff1d4cbece2b3717da38cad2e99119d
24,25,0.08725,0x8883aa40364c0080edabb6ad3661903039bd42b5,2017-10-25T07:59:02.000Z,0.00349,0x9173e470d127e2311fe72101e7414e34b8b00fe2,buy,0x78cb641ed233beea4827b8b148e4bf0b17289eca,0x668fb195306703f6e2a65c02a2de108a58c6b6e2d94b909da900d30e831077c6
25,27,0.09396,0x8883aa40364c0080edabb6ad3661903039bd42b5,2017-10-25T07:57:54.000Z,0.00348,0x9173e470d127e2311fe72101e7414e34b8b00fe2,buy,0x78cb641ed233beea4827b8b148e4bf0b17289eca,0xa362dab1c30d41260fd1f761a5d1c4946cd14038db11485a3fe0383407fd8544
26,29,0.0986,0x8883aa40364c0080edabb6ad3661903039bd42b5,2017-10-25T07:56:29.000Z,0.0034,0x9173e470d127e2311fe72101e7414e34b8b00fe2,buy,0x78cb641ed233beea4827b8b148e4bf0b17289eca,0x0cc450bd70df58c26b151926de7e36f3af379867b62ae6d2d3a564e2955fd970
27,23,0.08027,0x8883aa40364c0080edabb6ad3661903039bd42b5,2017-10-25T07:55:28.000Z,0.00349,0x9173e470d127e2311fe72101e7414e34b8b00fe2,buy,0x78cb641ed233beea4827b8b148e4bf0b17289eca,0xa3d91b0e5b186d973b9ecb0a6f905959d806c89adbe7bccadd05a54f1dd05314
28,27,0.0918,0x9173e470d127e2311fe72101e7414e34b8b00fe2,2017-10-25T07:51:35.000Z,0.0034,0x8883aa40364c0080edabb6ad3661903039bd42b5,buy,0x78cb641ed233beea4827b8b148e4bf0b17289eca,0xc37a04b82f5091494ddd55dfcff34ccdc09cb98dfe5ad3efad1cd69558820d2f
29,27,0.09126,0x9173e470d127e2311fe72101e7414e34b8b00fe2,2017-10-25T07:48:51.000Z,0.00338,0x8883aa40364c0080edabb6ad3661903039bd42b5,buy,0x78cb641ed233beea4827b8b148e4bf0b17289eca,0xd4fdfe5793cb69ecacd11e53169c50d3dcab796013d2eadb8e6df26306d0b779
30,21,0.07098,0x9173e470d127e2311fe72101e7414e34b8b00fe2,2017-10-25T07:47:41.000Z,0.00338,0x8883aa40364c0080edabb6ad3661903039bd42b5,buy,0x78cb641ed233beea4827b8b148e4bf0b17289eca,0x63a2f66c39ee4c46c0dc20e0f31d581d02753f96dd7cdf7a24e68906e2689f1b
31,27,0.09045,0x9173e470d127e2311fe72101e7414e34b8b00fe2,2017-10-25T07:46:02.000Z,0.00335,0x8883aa40364c0080edabb6ad3661903039bd42b5,buy,0x78cb641ed233beea4827b8b148e4bf0b17289eca,0xcfc305217e31a9596ed8f29b823909be8381eb9080441de3739b607cfab39a20
32,21,0.06951,0x8883aa40364c0080edabb6ad3661903039bd42b5,2017-10-25T07:44:37.000Z,0.00331,0x9173e470d127e2311fe72101e7414e34b8b00fe2,buy,0x78cb641ed233beea4827b8b148e4bf0b17289eca,0xf38eef681b67c593c56c514c7016e2a59ee4a2aad50b85fc14ae472a647d19ac
33,29,0.09715,0x8883aa40364c0080edabb6ad3661903039bd42b5,2017-10-25T07:40:08.000Z,0.00335,0x9173e470d127e2311fe72101e7414e34b8b00fe2,buy,0x78cb641ed233beea4827b8b148e4bf0b17289eca,0x88b6023c5b56cc6192ec35954ca6473cc49396d0910de05a775065ca2d6aafdb
34,33,0.1089,0x8883aa40364c0080edabb6ad3661903039bd42b5,2017-10-25T07:37:08.000Z,0.0033,0x9173e470d127e2311fe72101e7414e34b8b00fe2,buy,0x78cb641ed233beea4827b8b148e4bf0b17289eca,0xac0b1b8c83a45e8b1d3a5717659d7de239e742cb9c23a2c1c8d0b8103b394e8a
35,43,0.14061,0x8883aa40364c0080edabb6ad3661903039bd42b5,2017-10-25T07:36:07.000Z,0.00327,0x9173e470d127e2311fe72101e7414e34b8b00fe2,buy,0x78cb641ed233beea4827b8b148e4bf0b17289eca,0xdc82a099c68b5e5dc52b85ea6106ad2a4ad843681147f3461b33041983dcc17a
36,47,0.15275,0x8883aa40364c0080edabb6ad3661903039bd42b5,2017-10-25T07:34:36.000Z,0.00325,0x9173e470d127e2311fe72101e7414e34b8b00fe2,buy,0x78cb641ed233beea4827b8b148e4bf0b17289eca,0x4e1de510603adeb905144fdb29869b32a391e794dad57061b583c00a6d04a9a0
37,55,0.176,0x8883aa40364c0080edabb6ad3661903039bd42b5,2017-10-25T07:33:46.000Z,0.0032,0x9173e470d127e2311fe72101e7414e34b8b00fe2,buy,0x78cb641ed233beea4827b8b148e4bf0b17289eca,0xcdbcf81d0a51cdc76fd4aa6c43901821dec9e9af3915ae8eb2e266a7dfb95932
38,49,0.1568,0x9173e470d127e2311fe72101e7414e34b8b00fe2,2017-10-25T07:31:35.000Z,0.0032,0x8883aa40364c0080edabb6ad3661903039bd42b5,buy,0x78cb641ed233beea4827b8b148e4bf0b17289eca,0x5f937acf0fc9c7e14c0216045942ad6c2fbf526e964fe21f71218745b58449b6
39,53,0.1643,0x9173e470d127e2311fe72101e7414e34b8b00fe2,2017-10-25T07:31:12.000Z,0.0031,0x8883aa40364c0080edabb6ad3661903039bd42b5,buy,0x78cb641ed233beea4827b8b148e4bf0b17289eca,0xcdbcade1573d33b53b5bfe3de1d1f9b9f4172b7c1983d6c4c25c195701aacd55
40,37,0.1184,0x9173e470d127e2311fe72101e7414e34b8b00fe2,2017-10-25T07:28:38.000Z,0.0032,0x8883aa40364c0080edabb6ad3661903039bd42b5,buy,0x78cb641ed233beea4827b8b148e4bf0b17289eca,0x0534944a78177329985ba2723c8fec9b794cb886ab9c7794b727a50b0aec4ed5
41,29,0.09425,0x9173e470d127e2311fe72101e7414e34b8b00fe2,2017-10-25T07:27:34.000Z,0.00325,0x8883aa40364c0080edabb6ad3661903039bd42b5,buy,0x78cb641ed233beea4827b8b148e4bf0b17289eca,0xb571e89d22e527feca19863c445ab3719f3a4eb309b87c25b7e0e816b496ded0
42,41,0.1312,0x9173e470d127e2311fe72101e7414e34b8b00fe2,2017-10-25T07:26:10.000Z,0.0032,0x8883aa40364c0080edabb6ad3661903039bd42b5,buy,0x78cb641ed233beea4827b8b148e4bf0b17289eca,0xdf7e81133d4ee7595738b0ef492a839ce7d15e7d9bbb431634001a43313ebd13
43,38,0.12008,0x9173e470d127e2311fe72101e7414e34b8b00fe2,2017-10-25T07:25:11.000Z,0.00316,0x8883aa40364c0080edabb6ad3661903039bd42b5,buy,0x78cb641ed233beea4827b8b148e4bf0b17289eca,0xfbc0afe47005035d745f45f0d074c884097a65ef41e840c6b85395c62033fc03
44,27,0.0864,0x8883aa40364c0080edabb6ad3661903039bd42b5,2017-10-25T07:23:56.000Z,0.0032,0x9173e470d127e2311fe72101e7414e34b8b00fe2,buy,0x78cb641ed233beea4827b8b148e4bf0b17289eca,0xde039d7afbb67a919ebe316e0c5109f8a5497f281e10abcec5fb9961ea92b05e
45,61,0.19215,0x8883aa40364c0080edabb6ad3661903039bd42b5,2017-10-25T07:23:20.000Z,0.00315,0x9173e470d127e2311fe72101e7414e34b8b00fe2,buy,0x78cb641ed233beea4827b8b148e4bf0b17289eca,0x14e5922200caa67e52dc2063d99ec35c1e5ae8f57b0814b89df7e09801b84377
46,53,0.1643,0x8883aa40364c0080edabb6ad3661903039bd42b5,2017-10-25T07:21:59.000Z,0.0031,0x9173e470d127e2311fe72101e7414e34b8b00fe2,buy,0x78cb641ed233beea4827b8b148e4bf0b17289eca,0x752cefe2f8f49cf99eeb3a266149e84856da1af1351b21897ab9dc1a0d64d0bd
47,47,0.1551,0x8883aa40364c0080edabb6ad3661903039bd42b5,2017-10-25T07:19:18.000Z,0.0033,0x9173e470d127e2311fe72101e7414e34b8b00fe2,buy,0x78cb641ed233beea4827b8b148e4bf0b17289eca,0xe3e405be78d5f10fbaeab4f8e0b18e709992c0a9bab81df3cfc6e5867c0106e2
48,450,1.215,0x9f4fbcf0c4448a58fc59972e54fae6a6156f6e5c,2017-10-25T07:17:31.000Z,0.0027,0x8883aa40364c0080edabb6ad3661903039bd42b5,buy,0x78cb641ed233beea4827b8b148e4bf0b17289eca,0x95965e721c518973813d23317e3372fba667c3f2b8fd1ae75f75196091639ad3
49,36,0.1115387349217426,0x8883aa40364c0080edabb6ad3661903039bd42b5,2017-10-25T07:08:54.000Z,0.003098298192270628,0x9173e470d127e2311fe72101e7414e34b8b00fe2,buy,0x78cb641ed233beea4827b8b148e4bf0b17289eca,0xafb1fb314ccaa539f144ea8d719bb138b9f8aeddd1ad67e08401ca4fb257d065
50,39,0.101439,0x8883aa40364c0080edabb6ad3661903039bd42b5,2017-10-25T07:06:28.000Z,0.002601,0x9f4fbcf0c4448a58fc59972e54fae6a6156f6e5c,sell,0x78cb641ed233beea4827b8b148e4bf0b17289eca,0x77c11cb0e53846d891f4e3ffad15c635d742591a1735e41e8366eca330833156
51,44,0.114488,0x8883aa40364c0080edabb6ad3661903039bd42b5,2017-10-25T07:05:51.000Z,0.002602,0x9f4fbcf0c4448a58fc59972e54fae6a6156f6e5c,sell,0x78cb641ed233beea4827b8b148e4bf0b17289eca,0x3780ab433a8c58b8ff93c046c71342642f28508bcf7f1038e4f7f37f6c557bd7
52,51,0.132753,0x8883aa40364c0080edabb6ad3661903039bd42b5,2017-10-25T07:04:48.000Z,0.002603,0x9f4fbcf0c4448a58fc59972e54fae6a6156f6e5c,sell,0x78cb641ed233beea4827b8b148e4bf0b17289eca,0x04d6f7ef676a81306acc52fff36c0aa144037c88c34db05257ec497084b19df0
53,1,0.00266,0x0249924245a19aa2d7f5ddb0739a7132b7d094ab,2017-10-24T23:52:14.000Z,0.00266,0x9f4fbcf0c4448a58fc59972e54fae6a6156f6e5c,buy,0x78cb641ed233beea4827b8b148e4bf0b17289eca,0x84e060d2ad9ba66497cb02c14b5dbde75e9ee238cf9cc0f2769dcddd0aebac9e
54,69,0.18423,0x1d5321e125f6c7079a716705541c7b371ca79e69,2017-10-24T10:47:03.000Z,0.00267,0x9f4fbcf0c4448a58fc59972e54fae6a6156f6e5c,buy,0x78cb641ed233beea4827b8b148e4bf0b17289eca,0xb663e4778b1c346e8cdff729ba0cee1fd989a294c3ddfdea69a2b7b00b688f96
55,68,0.1904,0x8883aa40364c0080edabb6ad3661903039bd42b5,2017-10-24T10:47:03.000Z,0.0028,0x1d5321e125f6c7079a716705541c7b371ca79e69,sell,0x78cb641ed233beea4827b8b148e4bf0b17289eca,0xb663e4778b1c346e8cdff729ba0cee1fd989a294c3ddfdea69a2b7b00b688f96
56,79,0.21093,0x1d5321e125f6c7079a716705541c7b371ca79e69,2017-10-24T10:45:55.000Z,0.00267,0x9f4fbcf0c4448a58fc59972e54fae6a6156f6e5c,buy,0x78cb641ed233beea4827b8b148e4bf0b17289eca,0x6f6cc02cf09b48158d7696209277b46cfc5269acf5f44d3bf1e6418e9910a709
57,78,0.218478,0x8883aa40364c0080edabb6ad3661903039bd42b5,2017-10-24T10:45:55.000Z,0.002801,0x1d5321e125f6c7079a716705541c7b371ca79e69,sell,0x78cb641ed233beea4827b8b148e4bf0b17289eca,0x6f6cc02cf09b48158d7696209277b46cfc5269acf5f44d3bf1e6418e9910a709
58,97,0.3007,0x8883aa40364c0080edabb6ad3661903039bd42b5,2017-10-24T10:38:44.000Z,0.0031,0x9173e470d127e2311fe72101e7414e34b8b00fe2,buy,0x78cb641ed233beea4827b8b148e4bf0b17289eca,0x8be0bec9ac681a898024866aacc6d1565a97f5cd22ef45c578dcbff9cd067ecd
59,99,0.305415,0x9173e470d127e2311fe72101e7414e34b8b00fe2,2017-10-24T10:36:13.000Z,0.003085,0x8883aa40364c0080edabb6ad3661903039bd42b5,buy,0x78cb641ed233beea4827b8b148e4bf0b17289eca,0x23070475357f16fda5a1ff6ca4056f2217713dacaa46fd42db243fdf2131401e
60,99,0.305415,0x9173e470d127e2311fe72101e7414e34b8b00fe2,2017-10-24T10:35:59.000Z,0.003085,0x8883aa40364c0080edabb6ad3661903039bd42b5,buy,0x78cb641ed233beea4827b8b148e4bf0b17289eca,0x23070475357f16fda5a1ff6ca4056f2217713dacaa46fd42db243fdf2131401e
61,35,0.10815,0x8883aa40364c0080edabb6ad3661903039bd42b5,2017-10-24T10:28:51.000Z,0.00309,0x9173e470d127e2311fe72101e7414e34b8b00fe2,buy,0x78cb641ed233beea4827b8b148e4bf0b17289eca,0x93357ef997398ff20fe272016a4467d42b6cad074937a9cd644a5e16715c6900
62,49,0.1519,0x9173e470d127e2311fe72101e7414e34b8b00fe2,2017-10-24T10:05:25.000Z,0.0031,0x8883aa40364c0080edabb6ad3661903039bd42b5,buy,0x78cb641ed233beea4827b8b148e4bf0b17289eca,0xb2ce612b85fc97a121a45d6b46ee8cb16507097c61a7346616516ae4fd50f40f
63,43,0.13244,0x9173e470d127e2311fe72101e7414e34b8b00fe2,2017-10-24T09:42:51.000Z,0.00308,0x8883aa40364c0080edabb6ad3661903039bd42b5,buy,0x78cb641ed233beea4827b8b148e4bf0b17289eca,0x2bcfce007b766b0afa6d49f9a7784e6d7fc5f94c4757206ed9c46e982ed4ab72
64,91,0.27937,0x9173e470d127e2311fe72101e7414e34b8b00fe2,2017-10-24T09:42:21.000Z,0.00307,0x8883aa40364c0080edabb6ad3661903039bd42b5,buy,0x78cb641ed233beea4827b8b148e4bf0b17289eca,0x12f620ebe9931aa5e3bcd74d59da1b48742395799e329d02f6081d289b0b0327
65,70,0.2149,0x8883aa40364c0080edabb6ad3661903039bd42b5,2017-10-24T09:41:31.000Z,0.00307,0x9173e470d127e2311fe72101e7414e34b8b00fe2,buy,0x78cb641ed233beea4827b8b148e4bf0b17289eca,0x553ec7cc6957fa21c104863520662ff126c00e00ad8a921df5c3e1a5975cea53
66,84,0.25452,0x8883aa40364c0080edabb6ad3661903039bd42b5,2017-10-24T09:37:10.000Z,0.00303,0x9173e470d127e2311fe72101e7414e34b8b00fe2,buy,0x78cb641ed233beea4827b8b148e4bf0b17289eca,0xc874b065cc4759ec6e6829f67fa80ccd428550bfdf9fb282230740367124fc50
67,88,0.26752,0x9173e470d127e2311fe72101e7414e34b8b00fe2,2017-10-24T09:24:28.000Z,0.00304,0x8883aa40364c0080edabb6ad3661903039bd42b5,buy,0x78cb641ed233beea4827b8b148e4bf0b17289eca,0x7010d7c9b3ece447b085bb5aa627d5dc39afde32f2d80f57a900e08ba93673f0
68,53,0.15953,0x9173e470d127e2311fe72101e7414e34b8b00fe2,2017-10-24T09:20:46.000Z,0.00301,0x8883aa40364c0080edabb6ad3661903039bd42b5,buy,0x78cb641ed233beea4827b8b148e4bf0b17289eca,0x0c6625b0bbe5d240cc0a2b2fb2313fb3e917f734fe3b54b6d5f25e3f6a480b22
69,68,0.20672,0x9173e470d127e2311fe72101e7414e34b8b00fe2,2017-10-24T08:57:02.000Z,0.00304,0x8883aa40364c0080edabb6ad3661903039bd42b5,buy,0x78cb641ed233beea4827b8b148e4bf0b17289eca,0x902f894df998792fa6f83088ca74a5a0b588162dc5aa182130a10208e3f30611
70,58,0.17632,0x8883aa40364c0080edabb6ad3661903039bd42b5,2017-10-24T08:56:57.000Z,0.00304,0x1d5321e125f6c7079a716705541c7b371ca79e69,sell,0x78cb641ed233beea4827b8b148e4bf0b17289eca,0xc403dbdd9e4028c042e5633181952411e8715426bc713c00d6ddea239278a375
71,59,0.15871,0x1d5321e125f6c7079a716705541c7b371ca79e69,2017-10-24T08:56:57.000Z,0.00269,0x9f4fbcf0c4448a58fc59972e54fae6a6156f6e5c,buy,0x78cb641ed233beea4827b8b148e4bf0b17289eca,0xc403dbdd9e4028c042e5633181952411e8715426bc713c00d6ddea239278a375
72,74,0.22422,0x9173e470d127e2311fe72101e7414e34b8b00fe2,2017-10-24T08:56:31.000Z,0.00303,0x8883aa40364c0080edabb6ad3661903039bd42b5,buy,0x78cb641ed233beea4827b8b148e4bf0b17289eca,0x15e8fb8753b0d12702c1748b140786ebc8422b98bc563ad844c328f6aedfd1ba
73,65,0.1885,0x9173e470d127e2311fe72101e7414e34b8b00fe2,2017-10-24T08:52:03.000Z,0.0029,0x8883aa40364c0080edabb6ad3661903039bd42b5,buy,0x78cb641ed233beea4827b8b148e4bf0b17289eca,0xcdd1849d27e73e9e2115d9039465ca45d94877054e2bf5e0d6441b6981091922
74,67,0.20435,0x8883aa40364c0080edabb6ad3661903039bd42b5,2017-10-24T08:48:14.000Z,0.00305,0x1d5321e125f6c7079a716705541c7b371ca79e69,sell,0x78cb641ed233beea4827b8b148e4bf0b17289eca,0x6a3fea52573095d5baa567f1ff6aae17aa575193c93dabfa43b1507b412cd1a8
75,68,0.18292,0x1d5321e125f6c7079a716705541c7b371ca79e69,2017-10-24T08:48:14.000Z,0.00269,0x9f4fbcf0c4448a58fc59972e54fae6a6156f6e5c,buy,0x78cb641ed233beea4827b8b148e4bf0b17289eca,0x6a3fea52573095d5baa567f1ff6aae17aa575193c93dabfa43b1507b412cd1a8
76,66,0.17754,0x1d5321e125f6c7079a716705541c7b371ca79e69,2017-10-24T08:48:02.000Z,0.00269,0x9f4fbcf0c4448a58fc59972e54fae6a6156f6e5c,buy,0x78cb641ed233beea4827b8b148e4bf0b17289eca,0x01dcf07c0e8d541a19a57eb4b0ddc33f9230c33f15eaf208923b02e8ba4790b4
77,65,0.195,0x8883aa40364c0080edabb6ad3661903039bd42b5,2017-10-24T08:48:02.000Z,0.003,0x1d5321e125f6c7079a716705541c7b371ca79e69,sell,0x78cb641ed233beea4827b8b148e4bf0b17289eca,0x01dcf07c0e8d541a19a57eb4b0ddc33f9230c33f15eaf208923b02e8ba4790b4
78,111,0.33744,0x9173e470d127e2311fe72101e7414e34b8b00fe2,2017-10-24T08:45:57.000Z,0.00304,0x8883aa40364c0080edabb6ad3661903039bd42b5,buy,0x78cb641ed233beea4827b8b148e4bf0b17289eca,0x63366a53c1210003c3dea0ef2cebe42831dc5fe6501562635cc96161801a3e32
79,23,0.069069,0x9173e470d127e2311fe72101e7414e34b8b00fe2,2017-10-24T08:42:02.000Z,0.003003,0x8883aa40364c0080edabb6ad3661903039bd42b5,buy,0x78cb641ed233beea4827b8b148e4bf0b17289eca,0x5fef34aacc3ec29e94ef22f3a06a6bc000b43cf0f7a5154087b2a8158111831c
80,15,0.04035,0x1d5321e125f6c7079a716705541c7b371ca79e69,2017-10-24T08:40:09.000Z,0.00269,0x9f4fbcf0c4448a58fc59972e54fae6a6156f6e5c,buy,0x78cb641ed233beea4827b8b148e4bf0b17289eca,0x0854eec861ced1e0e47daed691bce76591fbaed0e5d08ebb6c8623f6df0a0783
81,14,0.042,0x8883aa40364c0080edabb6ad3661903039bd42b5,2017-10-24T08:40:09.000Z,0.003,0x1d5321e125f6c7079a716705541c7b371ca79e69,sell,0x78cb641ed233beea4827b8b148e4bf0b17289eca,0x0854eec861ced1e0e47daed691bce76591fbaed0e5d08ebb6c8623f6df0a0783
82,8,0.02,0x9173e470d127e2311fe72101e7414e34b8b00fe2,2017-10-24T08:39:49.000Z,0.0025,0x8883aa40364c0080edabb6ad3661903039bd42b5,buy,0x78cb641ed233beea4827b8b148e4bf0b17289eca,0x3017ab5f654edd4f8906ededcea5276d9358d69c3235a5613bca076f018a46e9
83,7,0.021,0x8883aa40364c0080edabb6ad3661903039bd42b5,2017-10-24T08:37:57.000Z,0.003,0x1d5321e125f6c7079a716705541c7b371ca79e69,sell,0x78cb641ed233beea4827b8b148e4bf0b17289eca,0xbd1ad96266eccdc890c4389041eb2b22d8331f020f25fdde92410413dbce420c
84,8,0.02,0x1d5321e125f6c7079a716705541c7b371ca79e69,2017-10-24T08:37:57.000Z,0.0025,0x8883aa40364c0080edabb6ad3661903039bd42b5,buy,0x78cb641ed233beea4827b8b148e4bf0b17289eca,0xbd1ad96266eccdc890c4389041eb2b22d8331f020f25fdde92410413dbce420c
85,8,0.024,0x8883aa40364c0080edabb6ad3661903039bd42b5,2017-10-24T08:37:06.000Z,0.003,0x1d5321e125f6c7079a716705541c7b371ca79e69,sell,0x78cb641ed233beea4827b8b148e4bf0b17289eca,0x1b25ff9f003749620426b9df8de2364be161b6db2712a36db376233c3b24ce8b
86,9,0.0225,0x1d5321e125f6c7079a716705541c7b371ca79e69,2017-10-24T08:37:06.000Z,0.0025,0x8883aa40364c0080edabb6ad3661903039bd42b5,buy,0x78cb641ed233beea4827b8b148e4bf0b17289eca,0x1b25ff9f003749620426b9df8de2364be161b6db2712a36db376233c3b24ce8b
87,1,0.003,0x8883aa40364c0080edabb6ad3661903039bd42b5,2017-10-24T08:35:55.000Z,0.003,0x9173e470d127e2311fe72101e7414e34b8b00fe2,sell,0x78cb641ed233beea4827b8b148e4bf0b17289eca,0x05cf3aab3fa58ab006a680043b0d8b1c82bfd902a717b5c12fb6832fbc3c6737
88,10,0.026,0x9173e470d127e2311fe72101e7414e34b8b00fe2,2017-10-24T08:35:55.000Z,0.0026,0x8883aa40364c0080edabb6ad3661903039bd42b5,buy,0x78cb641ed233beea4827b8b148e4bf0b17289eca,0xf46e96e8b32e6a61ea8e3b6b395999d47e2ed5cbbfc6b661ae447b4ae1db48aa
89,85,0.24905,0x8883aa40364c0080edabb6ad3661903039bd42b5,2017-10-24T08:31:43.000Z,0.00293,0x9173e470d127e2311fe72101e7414e34b8b00fe2,sell,0x78cb641ed233beea4827b8b148e4bf0b17289eca,0x53751d532fa8488d3a436bdc9445fd51f8bc343b06058491a909cb310c1ea8ed
90,91,0.27118,0x8883aa40364c0080edabb6ad3661903039bd42b5,2017-10-24T08:31:43.000Z,0.00298,0x9173e470d127e2311fe72101e7414e34b8b00fe2,sell,0x78cb641ed233beea4827b8b148e4bf0b17289eca,0xcb3dcd355b79fbdc5b64f57c8aa99effa585a426ea9c74e93848175baa38ed9f
91,55,0.154,0x8883aa40364c0080edabb6ad3661903039bd42b5,2017-10-24T08:29:34.000Z,0.0028,0x9173e470d127e2311fe72101e7414e34b8b00fe2,buy,0x78cb641ed233beea4827b8b148e4bf0b17289eca,0xbe16e45f8a64730f22857e2c07585851adba7dd5382608ef401c87a05df7f5ff
92,87,0.255345,0x8883aa40364c0080edabb6ad3661903039bd42b5,2017-10-24T08:24:23.000Z,0.002935,0x9173e470d127e2311fe72101e7414e34b8b00fe2,buy,0x78cb641ed233beea4827b8b148e4bf0b17289eca,0x7c1cd521317da831e5a33779c59a9f2c7faf36fd31e4ed77ef26467767473c30
93,90,0.2673,0x8883aa40364c0080edabb6ad3661903039bd42b5,2017-10-24T08:24:23.000Z,0.00297,0x9173e470d127e2311fe72101e7414e34b8b00fe2,buy,0x78cb641ed233beea4827b8b148e4bf0b17289eca,0x8dc96d05c2056d3e340caa99905e2e0c060566466d62e3c5d30fad7f58a3ac97
94,85,0.24905,0x8883aa40364c0080edabb6ad3661903039bd42b5,2017-10-24T08:24:13.000Z,0.00293,0x9173e470d127e2311fe72101e7414e34b8b00fe2,buy,0x78cb641ed233beea4827b8b148e4bf0b17289eca,0xfb52b2f0bbbdfe1fb4473c4e82bf002161c05ce26d99d87408f52215ff80e97d
95,73,0.219,0x9173e470d127e2311fe72101e7414e34b8b00fe2,2017-10-24T08:21:57.000Z,0.003,0x8883aa40364c0080edabb6ad3661903039bd42b5,buy,0x78cb641ed233beea4827b8b148e4bf0b17289eca,0x11a8406f8ec51d9f225ed10a859d787bef495a617e70bd23aaa431dc86101136
96,81,0.235143,0x9173e470d127e2311fe72101e7414e34b8b00fe2,2017-10-24T08:20:54.000Z,0.002903,0x8883aa40364c0080edabb6ad3661903039bd42b5,buy,0x78cb641ed233beea4827b8b148e4bf0b17289eca,0x50699fa2c152ad00d158827fdf20abc47b9e3eeb6bc8aa2f7cf8932c3fa6a530
97,112,0.325024,0x9173e470d127e2311fe72101e7414e34b8b00fe2,2017-10-24T08:20:18.000Z,0.002902,0x8883aa40364c0080edabb6ad3661903039bd42b5,buy,0x78cb641ed233beea4827b8b148e4bf0b17289eca,0xf5ec756a53c3d2163e2d220f84dba6f8342e44a168aac84ace9b2acb6c64c777
98,76,0.220476,0x9173e470d127e2311fe72101e7414e34b8b00fe2,2017-10-24T08:19:48.000Z,0.002901,0x8883aa40364c0080edabb6ad3661903039bd42b5,buy,0x78cb641ed233beea4827b8b148e4bf0b17289eca,0x3006cf268d1e0bae4b3d512e9c099a2a34a76531727cbb7f94fe63bc219e7ecc
99,88,0.246576,0x8883aa40364c0080edabb6ad3661903039bd42b5,2017-10-24T08:18:12.000Z,0.002802,0x9173e470d127e2311fe72101e7414e34b8b00fe2,sell,0x78cb641ed233beea4827b8b148e4bf0b17289eca,0xff7ee02069a32193e2b150ca89342504c9320f17bb1646aad2ee56dda404e3ac
100,99,0.277299,0x9173e470d127e2311fe72101e7414e34b8b00fe2,2017-10-24T08:16:59.000Z,0.002801,0x8883aa40364c0080edabb6ad3661903039bd42b5,buy,0x78cb641ed233beea4827b8b148e4bf0b17289eca,0x7bdba4ba26f9d035c09c8e2e52f53608db2c2d428eba0c0c7269436aecca2841
101,102,0.276318,0x9173e470d127e2311fe72101e7414e34b8b00fe2,2017-10-24T08:15:05.000Z,0.002709,0x8883aa40364c0080edabb6ad3661903039bd42b5,buy,0x78cb641ed233beea4827b8b148e4bf0b17289eca,0x1e1d0ed7a794d7cefc541d867873306027f0d24e4be9b4819c89b274ca4bada4
102,54,0.146178,0x9173e470d127e2311fe72101e7414e34b8b00fe2,2017-10-24T08:12:14.000Z,0.002707,0x8883aa40364c0080edabb6ad3661903039bd42b5,buy,0x78cb641ed233beea4827b8b148e4bf0b17289eca,0xcb6623dd24271332312ca5ef6a9cc9993fe05b288c00140b089a05bf555c0d19
103,53,0.143524,0x8883aa40364c0080edabb6ad3661903039bd42b5,2017-10-24T08:10:36.000Z,0.002708,0x9173e470d127e2311fe72101e7414e34b8b00fe2,sell,0x78cb641ed233beea4827b8b148e4bf0b17289eca,0x71bddb6d0f81d7978e1f190ae29dcb7179047f56cdcf01c097feb9949edad110
104,77,0.208439,0x8883aa40364c0080edabb6ad3661903039bd42b5,2017-10-24T08:09:43.000Z,0.002707,0x9173e470d127e2311fe72101e7414e34b8b00fe2,sell,0x78cb641ed233beea4827b8b148e4bf0b17289eca,0x4124d1bc9577c6ade6ddc07c83d3186bc579e18b14f7fe1cd66845e49accff0f
105,66,0.178596,0x8883aa40364c0080edabb6ad3661903039bd42b5,2017-10-24T08:09:29.000Z,0.002706,0x9173e470d127e2311fe72101e7414e34b8b00fe2,sell,0x78cb641ed233beea4827b8b148e4bf0b17289eca,0x6beee612713a255aea45a456c2a0f1d0d224b7e56aee6ce8a43ab71c7a1ff590
106,57,0.1541565,0x9173e470d127e2311fe72101e7414e34b8b00fe2,2017-10-24T08:06:42.000Z,0.0027045,0x8883aa40364c0080edabb6ad3661903039bd42b5,buy,0x78cb641ed233beea4827b8b148e4bf0b17289eca,0xceb6f865d770c8776627a22ec06fc383eda588df5a85ac779100196d17158c2b
107,75,0.21375,0x8883aa40364c0080edabb6ad3661903039bd42b5,2017-10-24T08:05:05.000Z,0.00285,0x9173e470d127e2311fe72101e7414e34b8b00fe2,buy,0x78cb641ed233beea4827b8b148e4bf0b17289eca,0x3e114055715c3d4405610bdc6a906e5f089e30d549d074b577e6ab782cdd4a50
108,60,0.174,0x8883aa40364c0080edabb6ad3661903039bd42b5,2017-10-24T08:04:28.000Z,0.0029,0x9173e470d127e2311fe72101e7414e34b8b00fe2,buy,0x78cb641ed233beea4827b8b148e4bf0b17289eca,0xdd4f5095fe9ee6225aa3e6c79ad884f114ad4517f43ebae22f0750e3e466fd20
109,55,0.154,0x8883aa40364c0080edabb6ad3661903039bd42b5,2017-10-24T08:03:50.000Z,0.0028,0x9173e470d127e2311fe72101e7414e34b8b00fe2,buy,0x78cb641ed233beea4827b8b148e4bf0b17289eca,0x8932e4bd86e3952394e10929013c9b9445d386c5f12a3e240cae29d4f5e9f378
110,80,0.216,0x8883aa40364c0080edabb6ad3661903039bd42b5,2017-10-24T08:02:27.000Z,0.0027,0x9173e470d127e2311fe72101e7414e34b8b00fe2,buy,0x78cb641ed233beea4827b8b148e4bf0b17289eca,0xc9155b08e8a625437ff8aabd6c4f058fea3a107d1f22bd93f65e439ba492538e
111,70,0.1925,0x8883aa40364c0080edabb6ad3661903039bd42b5,2017-10-24T08:02:18.000Z,0.00275,0x9173e470d127e2311fe72101e7414e34b8b00fe2,buy,0x78cb641ed233beea4827b8b148e4bf0b17289eca,0xdf986d31bcd650c31b5ba52f85b7b1510e4562fac60b24cb4ef5187331179f70
112,40,0.11,0x8883aa40364c0080edabb6ad3661903039bd42b5,2017-10-24T08:01:33.000Z,0.00275,0x9173e470d127e2311fe72101e7414e34b8b00fe2,buy,0x78cb641ed233beea4827b8b148e4bf0b17289eca,0xff22333de3467a86928f38ecf11c4e57fa1716702a31de5628fd30c69b0f380f
113,30,0.078,0x8883aa40364c0080edabb6ad3661903039bd42b5,2017-10-24T07:57:46.000Z,0.0026,0x9173e470d127e2311fe72101e7414e34b8b00fe2,buy,0x78cb641ed233beea4827b8b148e4bf0b17289eca,0x5722379d236b4c1a72edb3caca3161523a2dd8afa53be57faa071c9bf83a11f3
114,25,0.06375,0x8883aa40364c0080edabb6ad3661903039bd42b5,2017-10-24T07:57:30.000Z,0.00255,0x9173e470d127e2311fe72101e7414e34b8b00fe2,buy,0x78cb641ed233beea4827b8b148e4bf0b17289eca,0xc2493671e0ea0f512ab0c3091bbcc1c976975d21b5eb6aa57ef40a199fa14dd5
115,25,0.0625,0x8883aa40364c0080edabb6ad3661903039bd42b5,2017-10-24T07:55:27.000Z,0.0025,0x9173e470d127e2311fe72101e7414e34b8b00fe2,buy,0x78cb641ed233beea4827b8b148e4bf0b17289eca,0x7a88788554689f3bd86485ac59d55d2fc80d89c8b77808100619c70ed53556f2
116,10,0.028,0x8883aa40364c0080edabb6ad3661903039bd42b5,2017-10-24T07:53:55.000Z,0.0028,0x9173e470d127e2311fe72101e7414e34b8b00fe2,buy,0x78cb641ed233beea4827b8b148e4bf0b17289eca,0x521bea24eb8081887e679e320cfe9957e1b213dceb7f4f07e3a88509f5996dcc
117,84,0.2268,0x9173e470d127e2311fe72101e7414e34b8b00fe2,2017-10-24T06:41:03.000Z,0.0027,0x1d5321e125f6c7079a716705541c7b371ca79e69,sell,0x78cb641ed233beea4827b8b148e4bf0b17289eca,0x68cf0a23ccb39c21e484527386963d71dc44c0f2e0c60f1dadc4570c70141a00
118,85,0.221,0x1d5321e125f6c7079a716705541c7b371ca79e69,2017-10-24T06:41:03.000Z,0.0026,0x9173e470d127e2311fe72101e7414e34b8b00fe2,buy,0x78cb641ed233beea4827b8b148e4bf0b17289eca,0x68cf0a23ccb39c21e484527386963d71dc44c0f2e0c60f1dadc4570c70141a00
119,85,0.238,0x9173e470d127e2311fe72101e7414e34b8b00fe2,2017-10-24T06:34:13.000Z,0.0028,0x8883aa40364c0080edabb6ad3661903039bd42b5,sell,0x78cb641ed233beea4827b8b148e4bf0b17289eca,0xaa798f00089f687f9ed587896ae8fef2c43df648aaf460486c5f39c33498d05f
120,65,0.182,0x9173e470d127e2311fe72101e7414e34b8b00fe2,2017-10-24T06:34:13.000Z,0.0028,0x8883aa40364c0080edabb6ad3661903039bd42b5,sell,0x78cb641ed233beea4827b8b148e4bf0b17289eca,0xe8b9069172fcfd275e2cf072031077d8f0c543a08b19ec81c94ce350d24ffa5b
121,60,0.168,0x8883aa40364c0080edabb6ad3661903039bd42b5,2017-10-24T06:32:34.000Z,0.0028,0x9173e470d127e2311fe72101e7414e34b8b00fe2,buy,0x78cb641ed233beea4827b8b148e4bf0b17289eca,0x73a08901ad49ed32d02616c4794d7bf7b65afca580dd2ae65750bc55a377e7e2
122,55,0.15125,0x9173e470d127e2311fe72101e7414e34b8b00fe2,2017-10-24T06:30:33.000Z,0.00275,0x8883aa40364c0080edabb6ad3661903039bd42b5,sell,0x78cb641ed233beea4827b8b148e4bf0b17289eca,0x500e69dedc257dac943cba53376a7cc2ab046c17188ac3dc604531dd7c5bdd81
123,35,0.084,0x8883aa40364c0080edabb6ad3661903039bd42b5,2017-10-24T06:28:19.000Z,0.0024,0x9173e470d127e2311fe72101e7414e34b8b00fe2,buy,0x78cb641ed233beea4827b8b148e4bf0b17289eca,0x8a48b6ba5d49b2a1ad3ae54363547f8649de493d9540e9d64c6b87f44c931615
124,20,0.05,0x8883aa40364c0080edabb6ad3661903039bd42b5,2017-10-24T06:27:16.000Z,0.0025,0x9173e470d127e2311fe72101e7414e34b8b00fe2,buy,0x78cb641ed233beea4827b8b148e4bf0b17289eca,0x73cb361d9bf32787a018dc998e37ba59be17fb60e72a387f6df48b38b7dbf331
125,50,0.14,0x8883aa40364c0080edabb6ad3661903039bd42b5,2017-10-24T06:27:16.000Z,0.0028,0x9173e470d127e2311fe72101e7414e34b8b00fe2,buy,0x78cb641ed233beea4827b8b148e4bf0b17289eca,0x1f3f2060c356c2bd313ab7c6d0a253abacbc21099e7578d03fcf20b515f66601
126,39,0.1092,0x8883aa40364c0080edabb6ad3661903039bd42b5,2017-10-24T06:26:21.000Z,0.0028,0x9173e470d127e2311fe72101e7414e34b8b00fe2,buy,0x78cb641ed233beea4827b8b148e4bf0b17289eca,0x5d35532903818a85d10b2a092b06e25d0e045f1725ac1e92c6a5525b76e37ee0
127,101,0.273003,0x9173e470d127e2311fe72101e7414e34b8b00fe2,2017-10-24T06:23:50.000Z,0.002703,0x8883aa40364c0080edabb6ad3661903039bd42b5,buy,0x78cb641ed233beea4827b8b148e4bf0b17289eca,0x85cc325160adf89f293239892f6d15092170f05b5938e50ced2d566660d71e36
128,150,0.40515,0x9173e470d127e2311fe72101e7414e34b8b00fe2,2017-10-24T06:23:50.000Z,0.002701,0x8883aa40364c0080edabb6ad3661903039bd42b5,buy,0x78cb641ed233beea4827b8b148e4bf0b17289eca,0x8d1f0e5f77314d0580aeaa9c12db4a709f6f5d455eb0c3b4156ce63af12e133c
129,132,0.356664,0x9173e470d127e2311fe72101e7414e34b8b00fe2,2017-10-24T06:21:33.000Z,0.002702,0x8883aa40364c0080edabb6ad3661903039bd42b5,buy,0x78cb641ed233beea4827b8b148e4bf0b17289eca,0xebdb4da75ade21aff1db2bf6b72f57b9fda4a7d9872d90e2b983df7ecfbf6a45
130,200,0.5408,0x9173e470d127e2311fe72101e7414e34b8b00fe2,2017-10-24T06:20:02.000Z,0.002704,0x8883aa40364c0080edabb6ad3661903039bd42b5,buy,0x78cb641ed233beea4827b8b148e4bf0b17289eca,0xa0508d278e19d3e693de79dadda8f35e307beb5b8fc80049b774376c9e1c4e14
131,18,0.05156726413372657,0x8883aa40364c0080edabb6ad3661903039bd42b5,2017-10-23T17:35:35.000Z,0.002864848007429254,0x9173e470d127e2311fe72101e7414e34b8b00fe2,buy,0x78cb641ed233beea4827b8b148e4bf0b17289eca,0xafcb5c340b6146b320e95163c2a0a57c9c0f903a5a764b88db92f44b22427aa0
132,49,0.132594,0x8883aa40364c0080edabb6ad3661903039bd42b5,2017-10-23T17:34:07.000Z,0.002706,0x9173e470d127e2311fe72101e7414e34b8b00fe2,sell,0x78cb641ed233beea4827b8b148e4bf0b17289eca,0xabb19bd2e9a853aa82a1e90be9e330321729ec35115ea76b48707cd2cdff6e80
133,32,0.086496,0x8883aa40364c0080edabb6ad3661903039bd42b5,2017-10-23T17:22:06.000Z,0.002703,0x9173e470d127e2311fe72101e7414e34b8b00fe2,sell,0x78cb641ed233beea4827b8b148e4bf0b17289eca,0xa3b769c54f229192c6043c540ca42ea780ce59468b62bedac0827a139af5ed7b
134,69,0.186645,0x8883aa40364c0080edabb6ad3661903039bd42b5,2017-10-23T17:21:40.000Z,0.002705,0x9173e470d127e2311fe72101e7414e34b8b00fe2,sell,0x78cb641ed233beea4827b8b148e4bf0b17289eca,0xdcf660ad2d4dcdd54d0fcccd684f7307d375189882885f55f2131433fff4dc43
135,66,0.178332,0x8883aa40364c0080edabb6ad3661903039bd42b5,2017-10-23T17:21:07.000Z,0.002702,0x9173e470d127e2311fe72101e7414e34b8b00fe2,sell,0x78cb641ed233beea4827b8b148e4bf0b17289eca,0xc3280b0910df4762c6bb403e0280eac069aef53ee13bc4f1634261485aceea72
136,72,0.194688,0x8883aa40364c0080edabb6ad3661903039bd42b5,2017-10-23T17:19:47.000Z,0.002704,0x9173e470d127e2311fe72101e7414e34b8b00fe2,sell,0x78cb641ed233beea4827b8b148e4bf0b17289eca,0xe511132ed9226aa0dee3b5df949de5d4e79a09a7eab286f8f8c824ec13959001
137,44,0.11902,0x8883aa40364c0080edabb6ad3661903039bd42b5,2017-10-23T17:16:05.000Z,0.002705,0x9173e470d127e2311fe72101e7414e34b8b00fe2,sell,0x78cb641ed233beea4827b8b148e4bf0b17289eca,0xb72987780dfea898dbf39ff0d4ddee26bee3f8c399b208b918f9aacd3db05240
138,33,0.089298,0x8883aa40364c0080edabb6ad3661903039bd42b5,2017-10-23T17:16:05.000Z,0.002706,0x9173e470d127e2311fe72101e7414e34b8b00fe2,sell,0x78cb641ed233beea4827b8b148e4bf0b17289eca,0xc7a4ef37e3a963a102bcdd38d59c4a4d8a9d7d5e0130e39088bbc941e891726d
139,67,0.18023,0x9f4fbcf0c4448a58fc59972e54fae6a6156f6e5c,2017-10-23T16:28:53.000Z,0.00269,0x8883aa40364c0080edabb6ad3661903039bd42b5,sell,0x78cb641ed233beea4827b8b148e4bf0b17289eca,0x6179061740a902e458bc232f0a134f6e89aeb86f9267a87e25402bc29c5e6ded
140,171,0.45657,0x9f4fbcf0c4448a58fc59972e54fae6a6156f6e5c,2017-10-23T16:23:25.000Z,0.00267,0x8883aa40364c0080edabb6ad3661903039bd42b5,sell,0x78cb641ed233beea4827b8b148e4bf0b17289eca,0x5f9b12227ae66d30b33717f390745c9757896c1cd1cdf8b8a9f968153aaab87f
141,150,0.402,0x9f4fbcf0c4448a58fc59972e54fae6a6156f6e5c,2017-10-23T16:19:42.000Z,0.00268,0x8883aa40364c0080edabb6ad3661903039bd42b5,sell,0x78cb641ed233beea4827b8b148e4bf0b17289eca,0x0753d1871bc3503203154feab76c829106c882d0e3d61595ed50ff6d5a928a0b
142,33,0.089232,0x8883aa40364c0080edabb6ad3661903039bd42b5,2017-10-23T16:15:18.000Z,0.002704,0x9f4fbcf0c4448a58fc59972e54fae6a6156f6e5c,sell,0x78cb641ed233beea4827b8b148e4bf0b17289eca,0x1e990c89e59cf02b3c37fb243fb9b22f875ef491da9532e6247b8aed063c2efd
143,150,0.40575,0x8883aa40364c0080edabb6ad3661903039bd42b5,2017-10-23T16:14:35.000Z,0.002705,0x9f4fbcf0c4448a58fc59972e54fae6a6156f6e5c,sell,0x78cb641ed233beea4827b8b148e4bf0b17289eca,0xf71db2a4583599b481d3ecd0e095f942b6c906ecda80adcee968a1330061717e
144,200,0.5406,0x8883aa40364c0080edabb6ad3661903039bd42b5,2017-10-23T16:13:33.000Z,0.002703,0x9f4fbcf0c4448a58fc59972e54fae6a6156f6e5c,sell,0x78cb641ed233beea4827b8b148e4bf0b17289eca,0x65f3f7bc5105179e7ca582f4c249eb060a6c2e2c2d8f7a2e58fcfd12f0b2be04
145,61,0.16502513,0x8883aa40364c0080edabb6ad3661903039bd42b5,2017-10-22T14:20:01.000Z,0.00270533,0x9173e470d127e2311fe72101e7414e34b8b00fe2,sell,0x78cb641ed233beea4827b8b148e4bf0b17289eca,0x5a85728ab628af4001b55030008302b819b9d3b231d0588bbe542f1c4d484bb4
146,67,0.18126448,0x9173e470d127e2311fe72101e7414e34b8b00fe2,2017-10-22T14:20:01.000Z,0.00270544,0x8883aa40364c0080edabb6ad3661903039bd42b5,buy,0x78cb641ed233beea4827b8b148e4bf0b17289eca,0x02c5246f431775250ae9720fdc287239b53c555c101c9404a5bb155268601af1
147,50,0.135265,0x9173e470d127e2311fe72101e7414e34b8b00fe2,2017-10-22T14:02:20.000Z,0.0027053,0x8883aa40364c0080edabb6ad3661903039bd42b5,buy,0x78cb641ed233beea4827b8b148e4bf0b17289eca,0xe4af47da3e18e7719bed4c37c0c4a1f4403d008a72b33cea71b80c64bf911971
148,65,0.16835,0x9f4fbcf0c4448a58fc59972e54fae6a6156f6e5c,2017-10-22T13:45:00.000Z,0.00259,0x8883aa40364c0080edabb6ad3661903039bd42b5,sell,0x78cb641ed233beea4827b8b148e4bf0b17289eca,0xd7e42f3bd2b074ad1478a025bfbfb10c8bf6b144913b1d71be604d9a8be749b8
149,40,0.10012,0x9f4fbcf0c4448a58fc59972e54fae6a6156f6e5c,2017-10-22T13:41:49.000Z,0.002503,0x8883aa40364c0080edabb6ad3661903039bd42b5,sell,0x78cb641ed233beea4827b8b148e4bf0b17289eca,0x82d08c4d196909dbf862d7c98c613b2dc20196b08d3b413f53a4cacdd33bb193
150,100,0.2501,0x9f4fbcf0c4448a58fc59972e54fae6a6156f6e5c,2017-10-22T13:41:49.000Z,0.002501,0x8883aa40364c0080edabb6ad3661903039bd42b5,sell,0x78cb641ed233beea4827b8b148e4bf0b17289eca,0x169ac178229fbd601c8dd305999edf2580e7a0f47d1b4bd968c85d2370bc85a6
151,55,0.143,0x9f4fbcf0c4448a58fc59972e54fae6a6156f6e5c,2017-10-22T13:41:11.000Z,0.0026,0x8883aa40364c0080edabb6ad3661903039bd42b5,sell,0x78cb641ed233beea4827b8b148e4bf0b17289eca,0xa07504d540cbac1d782aafa45d0c2491f9b2d4e24d3ca5104aa90b3ec6712f04
152,240,0.649248,0x8883aa40364c0080edabb6ad3661903039bd42b5,2017-10-22T13:30:16.000Z,0.0027052,0x9f4fbcf0c4448a58fc59972e54fae6a6156f6e5c,sell,0x78cb641ed233beea4827b8b148e4bf0b17289eca,0xa75907c23203a0fe8c5e6ad706ad116d503567d4e365310182b3c8ff89c947d3
153,80,0.196,0x8883aa40364c0080edabb6ad3661903039bd42b5,2017-10-22T10:49:02.000Z,0.00245,0x9173e470d127e2311fe72101e7414e34b8b00fe2,buy,0x78cb641ed233beea4827b8b148e4bf0b17289eca,0xd0b1637775225ff94515df7a22e5c8d0e8c8a80ee19fda41c7a07ec02fe09743
154,170,0.408,0x9173e470d127e2311fe72101e7414e34b8b00fe2,2017-10-22T10:46:56.000Z,0.0024,0x8883aa40364c0080edabb6ad3661903039bd42b5,buy,0x78cb641ed233beea4827b8b148e4bf0b17289eca,0x214432d5415ebe295871da95aeede4e75948bd618732bc8f28f176cfb22793f9
155,150,0.375,0x8883aa40364c0080edabb6ad3661903039bd42b5,2017-10-22T10:45:36.000Z,0.0025,0x9173e470d127e2311fe72101e7414e34b8b00fe2,buy,0x78cb641ed233beea4827b8b148e4bf0b17289eca,0x438047fc6cd8f0f9d125494700001271412f7d724120425ccae17b80c0895c27
156,200,0.48,0x9173e470d127e2311fe72101e7414e34b8b00fe2,2017-10-22T10:33:00.000Z,0.0024,0x8883aa40364c0080edabb6ad3661903039bd42b5,buy,0x78cb641ed233beea4827b8b148e4bf0b17289eca,0x52e7799853b14b07d2082e20aecd10bd87a6205ca0484ca75a001e402c5ca993
157,500,1.2,0x8883aa40364c0080edabb6ad3661903039bd42b5,2017-10-22T10:29:40.000Z,0.0024,0x9173e470d127e2311fe72101e7414e34b8b00fe2,buy,0x78cb641ed233beea4827b8b148e4bf0b17289eca,0xbe448067a985f96c809be07dc904bc25a01b5a8636351d960907b0f82e2abb4a
158,100,0.2405,0x9173e470d127e2311fe72101e7414e34b8b00fe2,2017-10-22T10:20:37.000Z,0.002405,0x8883aa40364c0080edabb6ad3661903039bd42b5,sell,0x78cb641ed233beea4827b8b148e4bf0b17289eca,0x46ba3f25d4645499fd14622ac8b53874c902ff2b750e3402372fcecd8bcb3406
159,50,0.12,0x9f4fbcf0c4448a58fc59972e54fae6a6156f6e5c,2017-10-22T09:47:14.000Z,0.0024,0x9173e470d127e2311fe72101e7414e34b8b00fe2,buy,0x78cb641ed233beea4827b8b148e4bf0b17289eca,0x6492c6d9e56326917598ee7908802abeb29b4f11f2528c409f25235aab732412
160,100,0.2704,0x9f4fbcf0c4448a58fc59972e54fae6a6156f6e5c,2017-10-22T09:43:58.000Z,0.002704,0x9173e470d127e2311fe72101e7414e34b8b00fe2,buy,0x78cb641ed233beea4827b8b148e4bf0b17289eca,0x445214a8956381dbaba43f77af377d003e90d8a75dfe31aba839f9bd72a13e1a
161,108,0.108,0x8883aa40364c0080edabb6ad3661903039bd42b5,2017-10-22T09:43:06.000Z,0.001,0x9f4fbcf0c4448a58fc59972e54fae6a6156f6e5c,buy,0x78cb641ed233beea4827b8b148e4bf0b17289eca,0x0a0d0e073fcacfa779715dc48731f17b6fd62e9394fc937a7d5b3c9e6ceb4096
162,50,0.05,0x9173e470d127e2311fe72101e7414e34b8b00fe2,2017-10-22T09:40:14.000Z,0.001,0x9f4fbcf0c4448a58fc59972e54fae6a6156f6e5c,buy,0x78cb641ed233beea4827b8b148e4bf0b17289eca,0x76b67ce8b69fa09451465bc68827f57861cf22d95954153a5ce09fcaea87a722
163,600,1.623,0x9f4fbcf0c4448a58fc59972e54fae6a6156f6e5c,2017-10-22T09:39:32.000Z,0.002705,0x8883aa40364c0080edabb6ad3661903039bd42b5,buy,0x78cb641ed233beea4827b8b148e4bf0b17289eca,0x858cf5fd7e0b4e09dd2f317d8b9892b1142c38bc2bb809f932a0bee53dcc38f6
164,842,0.842,0x8883aa40364c0080edabb6ad3661903039bd42b5,2017-10-22T09:37:02.000Z,0.001,0x9f4fbcf0c4448a58fc59972e54fae6a6156f6e5c,buy,0x78cb641ed233beea4827b8b148e4bf0b17289eca,0xc2ac0c6c22bd4b53cbcf7241eac29b2d759ef2a2de70173ba6f92601eec2f2bf
165,311,0.8410062,0x9f4fbcf0c4448a58fc59972e54fae6a6156f6e5c,2017-10-22T09:35:33.000Z,0.0027042,0x8883aa40364c0080edabb6ad3661903039bd42b5,buy,0x78cb641ed233beea4827b8b148e4bf0b17289eca,0x17a50ec3892d05c42de14014f2361aac152fa84a4e1792b974440c067a756183
166,322,0.8697864,0x8883aa40364c0080edabb6ad3661903039bd42b5,2017-10-22T09:32:40.000Z,0.0027012,0x9f4fbcf0c4448a58fc59972e54fae6a6156f6e5c,buy,0x78cb641ed233beea4827b8b148e4bf0b17289eca,0xea1857fe6583df85b4a0ca162dae55b45f75162abeac3afed88c2142aa000fb1
167,325,0.8788325,0x9f4fbcf0c4448a58fc59972e54fae6a6156f6e5c,2017-10-22T09:30:33.000Z,0.0027041,0x8883aa40364c0080edabb6ad3661903039bd42b5,buy,0x78cb641ed233beea4827b8b148e4bf0b17289eca,0x27dfbcc2cee0fac4d5a6689909dfc2f267971de79f0ec0a4d2229e6752d2cdd2
168,314,0.848114,0x8883aa40364c0080edabb6ad3661903039bd42b5,2017-10-22T09:27:32.000Z,0.002701,0x9f4fbcf0c4448a58fc59972e54fae6a6156f6e5c,buy,0x78cb641ed233beea4827b8b148e4bf0b17289eca,0x08d6cfcbf48604b19fb5a1e1976d32319bb40497faa922898d3e68da77262e94
169,145,0.39208,0x9f4fbcf0c4448a58fc59972e54fae6a6156f6e5c,2017-10-22T09:24:04.000Z,0.002704,0x8883aa40364c0080edabb6ad3661903039bd42b5,buy,0x78cb641ed233beea4827b8b148e4bf0b17289eca,0x22e1def6251f7e988f2efe9cd36ed7a14c6f109ad938140f1cbd33f4376a4893
170,150,0.40545,0x8883aa40364c0080edabb6ad3661903039bd42b5,2017-10-22T09:21:06.000Z,0.002703,0x9f4fbcf0c4448a58fc59972e54fae6a6156f6e5c,buy,0x78cb641ed233beea4827b8b148e4bf0b17289eca,0xb72f69f950504122de524d7036540c201575e0beceb73dd7f3f83a6c25b57739
171,170,0.4590017,0x9f4fbcf0c4448a58fc59972e54fae6a6156f6e5c,2017-10-22T09:19:55.000Z,0.00270001,0x8883aa40364c0080edabb6ad3661903039bd42b5,buy,0x78cb641ed233beea4827b8b148e4bf0b17289eca,0x89db4e08079f1b1e7b4866e743674f947e698c162d9b4a2598f8912fcd1694b4
172,100,0.2703,0x8883aa40364c0080edabb6ad3661903039bd42b5,2017-10-22T09:16:37.000Z,0.002703,0x9f4fbcf0c4448a58fc59972e54fae6a6156f6e5c,buy,0x78cb641ed233beea4827b8b148e4bf0b17289eca,0x5e1846d175382b05ab78aae2baad65275f46f5e39fe13ccff63e4e3137bfb9fe
173,80,0.21878372,0x8883aa40364c0080edabb6ad3661903039bd42b5,2017-10-22T09:13:44.000Z,0.0027347965,0x9f4fbcf0c4448a58fc59972e54fae6a6156f6e5c,buy,0x78cb641ed233beea4827b8b148e4bf0b17289eca,0x4d6c0bd9438452977de534c6ef5ac2bd3952911d3d8e0efd784d930d7840f6f4
174,27,0.07389542418502641,0x2ad4fa8afa60331616662f9bf3d0295fe98e583c,2017-10-22T06:04:43.000Z,0.002736867562408386,0x9f4fbcf0c4448a58fc59972e54fae6a6156f6e5c,buy,0x78cb641ed233beea4827b8b148e4bf0b17289eca,0x6bd1f7890c597a4d488eb287672a09aac7f95ab63a31f08d3670876526cd2f57
175,25,0.0675,0x9f4fbcf0c4448a58fc59972e54fae6a6156f6e5c,2017-10-22T06:01:41.000Z,0.0027,0x2ad4fa8afa60331616662f9bf3d0295fe98e583c,buy,0x78cb641ed233beea4827b8b148e4bf0b17289eca,0xbf318967493b6ea8600d952f4f1862ddef9fa43d59a51ecef84fae8069d3f617
176,33,0.0825,0x2ad4fa8afa60331616662f9bf3d0295fe98e583c,2017-10-22T05:42:52.000Z,0.0025,0x9f4fbcf0c4448a58fc59972e54fae6a6156f6e5c,buy,0x78cb641ed233beea4827b8b148e4bf0b17289eca,0x23020eec49adf335846b35f9c16e15222f6761b8e37f1ef5982fa7dab28be82c
177,20,0.05,0x2ad4fa8afa60331616662f9bf3d0295fe98e583c,2017-10-22T05:40:47.000Z,0.0025,0x9f4fbcf0c4448a58fc59972e54fae6a6156f6e5c,buy,0x78cb641ed233beea4827b8b148e4bf0b17289eca,0x8edcccbf89591718bcfe8b8b998fa2bb66c3a5a750666f066698b771da502f03
178,14,0.035,0x9173e470d127e2311fe72101e7414e34b8b00fe2,2017-10-22T05:14:10.000Z,0.0025,0x2ad4fa8afa60331616662f9bf3d0295fe98e583c,sell,0x78cb641ed233beea4827b8b148e4bf0b17289eca,0xe530673c7668eea0b0de166dd0ae69cf14040dbee5d43ec554609c3d2ec79501
179,6,0.01602,0x9f4fbcf0c4448a58fc59972e54fae6a6156f6e5c,2017-10-22T05:12:18.000Z,0.00267,0x2ad4fa8afa60331616662f9bf3d0295fe98e583c,sell,0x78cb641ed233beea4827b8b148e4bf0b17289eca,0x17ad79bfca20e982fcd3b36580c7c20055afa5eba44dc4378431451108d9237a
180,30,0.081,0x9f4fbcf0c4448a58fc59972e54fae6a6156f6e5c,2017-10-22T05:10:44.000Z,0.0027,0x2ad4fa8afa60331616662f9bf3d0295fe98e583c,sell,0x78cb641ed233beea4827b8b148e4bf0b17289eca,0x11d76ca0508499baa12dfd0413e43818788c288a71033adf4658f0c4b3b8893a
181,2,0.005002,0x9173e470d127e2311fe72101e7414e34b8b00fe2,2017-10-22T05:08:18.000Z,0.002501,0x2ad4fa8afa60331616662f9bf3d0295fe98e583c,sell,0x78cb641ed233beea4827b8b148e4bf0b17289eca,0xc0f0c21200c01a792046d75b23b0a699698b935dc52985d8bae95a079bb9dd5e
182,1,0.0025,0x3fd3869f724831783bdf50f6fc84a6a3e51d1324,2017-10-22T05:04:32.000Z,0.0025,0x2ad4fa8afa60331616662f9bf3d0295fe98e583c,sell,0x78cb641ed233beea4827b8b148e4bf0b17289eca,0x1bacfa306347ea1440dee502bcab10a0f4a1f5f2dd9dfdb38ba312870cbc4f96
