,amount,amountBase,buyer,date,price,seller,side,tokenAddr,txHash
0,9.345794392523365,0.0005,0x4fda9e6bcd83af6c5cc771b5d20accc2b7720074,2017-11-02T14:09:15.000Z,0.0000535,0x082f3fe16bdc99144e8837010433b255c7eea666,buy,0xfb41f7b63c8e84f4ba1ecd4d393fd9daa5d14d61,0x8f7bf71554ed938adc58b0442cab2cb68c491b6663455dded10bfadd822b931a
1,200,0.0095,0x07f4b5dbd71cdb8cd3e3e229fad193b665453434,2017-11-02T14:02:58.000Z,0.0000475,0x082f3fe16bdc99144e8837010433b255c7eea666,sell,0xfb41f7b63c8e84f4ba1ecd4d393fd9daa5d14d61,0x37dcb489e0bbb41b7d704967960dc3795e168cede08a18f33cd0a71245edbd17
2,9.25925925925926,0.0005,0x3075f7f189912f4f425dd7021b9c396434197477,2017-11-02T13:50:13.000Z,0.000054,0x07f4b5dbd71cdb8cd3e3e229fad193b665453434,buy,0xfb41f7b63c8e84f4ba1ecd4d393fd9daa5d14d61,0x5be5238b5b8e7dd69d8170fc55ee61332a08429144379414c377f6103fc584d9
3,1182,0.0628824,0x4d69845e60df437e71d029f4909be51bd1232a99,2017-11-01T18:42:32.000Z,0.0000532,0x9bd9cc9388c4a38433c21fe19012eb791c8aa75f,buy,0xfb41f7b63c8e84f4ba1ecd4d393fd9daa5d14d61,0x9d38f0e9c748848efd8286a688c1e193d3114455d3e0da81f7074ecf3b6e854d
4,65.7960322998704,0.002184428272355697,0x9ca73101071b01c28bb9ec81608ee5014877ebe9,2017-10-31T17:39:04.000Z,0.00003319999999999999,0x81bff61f98508cf297742a250b6c05ed342b59a9,sell,0xfb41f7b63c8e84f4ba1ecd4d393fd9daa5d14d61,0x2b4565dc91384949a1fdb1e5d577419b5139896160426d0defb40c8f8c963cf3
5,73.77130894227894,0.00244920745688366,0x9ca73101071b01c28bb9ec81608ee5014877ebe9,2017-10-31T16:57:55.000Z,0.00003319999999999999,0xaf5c92ea5c7d4a7d71f78ac96afa715ced3d7f31,sell,0xfb41f7b63c8e84f4ba1ecd4d393fd9daa5d14d61,0x8ef98789a330d6427e4a653ae8de66edf568b52bcd34659c3931d1946fcd9cdd
6,73.77130894227894,0.00244920745688366,0x9ca73101071b01c28bb9ec81608ee5014877ebe9,2017-10-31T16:55:32.000Z,0.00003319999999999999,0xcbb20faf5fea7ae807eee83d41cde8eca5caec25,sell,0xfb41f7b63c8e84f4ba1ecd4d393fd9daa5d14d61,0x5c374d1cbafdc263e2df8051cc7156f858d44898bd55dd27bd8d907baae43959
7,1274,0.055300518,0xad7024ff124fb9dd2f81d675e6797d1a29f94d18,2017-10-30T21:43:05.000Z,0.000043407,0x7a4004d1f3cc58e28d436dd3b265a79e7237e281,buy,0xfb41f7b63c8e84f4ba1ecd4d393fd9daa5d14d61,0xc237cabc2ad14d29e8fbd188816b3be3f23683a087965906ccc5b70ab9e4f0e2
8,1,0.00009,0x6cdea8e07bf82d7a07dbf36642d6e5be8623845c,2017-10-30T12:44:40.000Z,0.00009,0x082f3fe16bdc99144e8837010433b255c7eea666,buy,0xfb41f7b63c8e84f4ba1ecd4d393fd9daa5d14d61,0x94991ccab13dd4bc12ac8fa56c18b895682ef45f90b34dcc7949e6a4deb991fc
9,1317,0.053997,0x07f4b5dbd71cdb8cd3e3e229fad193b665453434,2017-10-30T10:12:06.000Z,0.000041,0x2d0c0bc3ea6cb2039c0fc447f63727ee315c2748,buy,0xfb41f7b63c8e84f4ba1ecd4d393fd9daa5d14d61,0x6ae66a9d122882fca7c3ffa800e85bd5ba40e25ac440041ce9d6c306c7331c7f
10,1200.364713272814,0.037811488468093644,0x3a730f3323481de284c92ad82764d095f188b41b,2017-10-30T08:24:30.000Z,0.00003149999999999999,0xfd5332418a6d54c31d749657189cabcefa93c372,sell,0xfb41f7b63c8e84f4ba1ecd4d393fd9daa5d14d61,0x8f4baebd9dd44fd42892e989cdafb8d10b4b8cd9b6a36c3e6ab0a95978d7183d
11,858.4388395972485,0.027040823447313327,0xad7024ff124fb9dd2f81d675e6797d1a29f94d18,2017-10-30T00:21:10.000Z,0.00003149999999999999,0xfd5332418a6d54c31d749657189cabcefa93c372,sell,0xfb41f7b63c8e84f4ba1ecd4d393fd9daa5d14d61,0xc2e3b9ca19725a1ce42215b03de7ac7d731b1b3b736b8c8fbe0d0afe12a7a473
12,141.56116040275148,0.004459176552686671,0xad7024ff124fb9dd2f81d675e6797d1a29f94d18,2017-10-29T23:47:37.000Z,0.00003149999999999999,0x5d3c2a23df34c670ea959025f18016b2566f9639,sell,0xfb41f7b63c8e84f4ba1ecd4d393fd9daa5d14d61,0x3f41b7e365f02dfd82d64158e060e5ae917787ec62fbe0cf763ee20e216c0bcf
13,423.714,0.02965998,0xad7024ff124fb9dd2f81d675e6797d1a29f94d18,2017-10-29T20:09:18.000Z,0.00007,0x082f3fe16bdc99144e8837010433b255c7eea666,buy,0xfb41f7b63c8e84f4ba1ecd4d393fd9daa5d14d61,0x10c13453e3e866d5c49077f2fabfc9f26ce8a33077df37a867e5258dce33ab32
14,564.2508224504038,0.016927524673512113,0x9ca73101071b01c28bb9ec81608ee5014877ebe9,2017-10-29T16:04:13.000Z,0.00002999999999999999,0x65e44324f5a4edb9fa333b1e0185975641cd5029,sell,0xfb41f7b63c8e84f4ba1ecd4d393fd9daa5d14d61,0x09534815f3e2c883bc17c2fc1a4cad8727ad6beae2da25721997fa1f771b9248
15,7.142857142857143,0.0005,0x34f9560c63078eb61872a4dc2ccd20e21c34feaf,2017-10-28T20:52:37.000Z,0.00007,0x082f3fe16bdc99144e8837010433b255c7eea666,buy,0xfb41f7b63c8e84f4ba1ecd4d393fd9daa5d14d61,0xb9e77670d75a33a23dc94c551b05c4c0e5dfd7dfc6630fe4e24c0f6e3f4bcea2
16,7.142857142857143,0.0005,0xe444a40689f51f63bcd29910622035707d533d29,2017-10-28T20:51:35.000Z,0.00007,0x082f3fe16bdc99144e8837010433b255c7eea666,buy,0xfb41f7b63c8e84f4ba1ecd4d393fd9daa5d14d61,0x6fb0544b4edd7f22585d200cba5b68c11ff574a51e4ac4be2ac4d6bdbc9e4e51
17,458.5784069384907,0.013803210048848569,0x07f4b5dbd71cdb8cd3e3e229fad193b665453434,2017-10-28T15:45:20.000Z,0.00003009999999999999,0xab663197a868d9dc0b41ecd9b8c000d8c56336d5,sell,0xfb41f7b63c8e84f4ba1ecd4d393fd9daa5d14d61,0x41d21cb995fbd1236937fc8453bb3fcf7bf562946d21604206e3f88d56b6cbbc
18,300,0.0093,0x07f4b5dbd71cdb8cd3e3e229fad193b665453434,2017-10-28T13:10:54.000Z,0.000031,0xfd5332418a6d54c31d749657189cabcefa93c372,sell,0xfb41f7b63c8e84f4ba1ecd4d393fd9daa5d14d61,0x592d046a34fdb998fa963c8f48a3c74a95e531c40ef4ab5437212590ce29bfca
19,5,0.0004,0x49789798a40e086953386ccd6425d0d80d21baba,2017-10-26T21:39:51.000Z,0.00008,0x2d0c0bc3ea6cb2039c0fc447f63727ee315c2748,buy,0xfb41f7b63c8e84f4ba1ecd4d393fd9daa5d14d61,0xac425d8bacd89af03ac0ae40efc3cee39f4719b45fde6e563d045dbd73a5f376
20,439,0.032486,0x49789798a40e086953386ccd6425d0d80d21baba,2017-10-26T21:38:25.000Z,0.000074,0x69a0b8f0e64d39806b5d79eefb856c7bc8c00708,buy,0xfb41f7b63c8e84f4ba1ecd4d393fd9daa5d14d61,0x6007aa223b64293900b65030217c69b73c2cbb84fd8610e4cd27a4e82789a0ba
21,1750.638,0.13129785,0x68b4683475747e28a83596e94b58187d452099cf,2017-10-25T22:56:01.000Z,0.000075,0x5c868bfa7dda94e95a06780b163579eb712bf37c,sell,0xfb41f7b63c8e84f4ba1ecd4d393fd9daa5d14d61,0x57aec99b225394500e636ca6b383154e5f5edcceb53c6106deb2569b66c16ec5
22,50.859213467027764,0.003814441010027082,0x68b4683475747e28a83596e94b58187d452099cf,2017-10-25T09:36:12.000Z,0.000075,0xa87a6017687f5d7607a4dde37624fa8eec9b0d45,sell,0xfb41f7b63c8e84f4ba1ecd4d393fd9daa5d14d61,0xee4793d88bce4e2858f7593a841efdb72fee7d7bfe202e6821f88c9d25630dce
23,38,0.00285,0x68b4683475747e28a83596e94b58187d452099cf,2017-10-24T20:35:00.000Z,0.000075,0x9cf3194ab16d853c87e1354d7b2abf65752e88e1,sell,0xfb41f7b63c8e84f4ba1ecd4d393fd9daa5d14d61,0xb9f5528ab193e809888be473754867140e42fb73ffea4a80d7feed30ff1525c2
24,160.50244242847174,0.01203768318213538,0x68b4683475747e28a83596e94b58187d452099cf,2017-10-24T20:32:32.000Z,0.000075,0xd64ecb59427dd04779b3ebf3e484481013398020,sell,0xfb41f7b63c8e84f4ba1ecd4d393fd9daa5d14d61,0x43335b1943f145555aef32834c48b291593a95e524cbc457d732542bbb948f00
25,50,0.0099,0x49789798a40e086953386ccd6425d0d80d21baba,2017-10-24T19:52:58.000Z,0.000198,0x9254c14a43c4e3ee6c7f1e0c6933f44786c11c90,buy,0xfb41f7b63c8e84f4ba1ecd4d393fd9daa5d14d61,0x19bc2391c370e2775f02c163dd6c5026183ede2d8e9fa82321af6465e4cf44b9
26,561.77,0.0505593,0x68b4683475747e28a83596e94b58187d452099cf,2017-10-24T17:30:10.000Z,0.00009,0x07f4b5dbd71cdb8cd3e3e229fad193b665453434,buy,0xfb41f7b63c8e84f4ba1ecd4d393fd9daa5d14d61,0xf7ebd14d5d524363f845b4a5e4a15304905e8ea716bf69a991b7cd4c4303c8b9
27,265,0.033125,0x68b4683475747e28a83596e94b58187d452099cf,2017-10-24T17:28:41.000Z,0.000125,0x9254c14a43c4e3ee6c7f1e0c6933f44786c11c90,buy,0xfb41f7b63c8e84f4ba1ecd4d393fd9daa5d14d61,0xec1b47548f41edfbb516c81dc5037fcb3608b758e807d4b8875137bce9633c7b
28,773,0.08502227,0x68b4683475747e28a83596e94b58187d452099cf,2017-10-24T17:28:32.000Z,0.00010999,0x69a0b8f0e64d39806b5d79eefb856c7bc8c00708,buy,0xfb41f7b63c8e84f4ba1ecd4d393fd9daa5d14d61,0x6a27b491d04a183e5d7833e5d4a9e4102c8cb75ca9ae70137c547fbbbeb4e6b8
29,1700,0.187,0x68b4683475747e28a83596e94b58187d452099cf,2017-10-24T17:28:32.000Z,0.00011,0x3068ca34550f57b433ce19b4d93184e1860c1d11,buy,0xfb41f7b63c8e84f4ba1ecd4d393fd9daa5d14d61,0xc1b067a17d7211cbcc9044623224891841ad476c31cc6a9f1e1023938a5c9aa7
30,1000,0.07,0x68b4683475747e28a83596e94b58187d452099cf,2017-10-24T17:28:32.000Z,0.00007,0x07f4b5dbd71cdb8cd3e3e229fad193b665453434,buy,0xfb41f7b63c8e84f4ba1ecd4d393fd9daa5d14d61,0x10c0b36cfcc625e7065256beb9dce5d7bac4e8a5c65c99e605f6004746dff378
31,168.77028775552202,0.004388027481643572,0x07f4b5dbd71cdb8cd3e3e229fad193b665453434,2017-10-22T23:58:38.000Z,0.00002599999999999999,0xa87a6017687f5d7607a4dde37624fa8eec9b0d45,sell,0xfb41f7b63c8e84f4ba1ecd4d393fd9daa5d14d61,0x43b6c3d868b0d8d28b2bb1f3e00509ad8e861217a2a3b89ed11871c55468aa09
32,200,0.006,0x07f4b5dbd71cdb8cd3e3e229fad193b665453434,2017-10-22T23:57:11.000Z,0.00003,0xa87a6017687f5d7607a4dde37624fa8eec9b0d45,sell,0xfb41f7b63c8e84f4ba1ecd4d393fd9daa5d14d61,0x2947b7c9d2186939f221021103fee5bc6b241ca264081f610c7f9338376492be
33,80,0.0159196,0x49789798a40e086953386ccd6425d0d80d21baba,2017-10-19T09:21:28.000Z,0.000198995,0xbf1e36feb9f38240cd321ef90f711822574e363f,buy,0xfb41f7b63c8e84f4ba1ecd4d393fd9daa5d14d61,0xf8eb908163f8d68a46e343401ef1c18589387a32526007bbd7923a70feb3a4b1
34,276,0.05244,0x49789798a40e086953386ccd6425d0d80d21baba,2017-10-18T22:54:13.000Z,0.00019,0x5d3c2a23df34c670ea959025f18016b2566f9639,buy,0xfb41f7b63c8e84f4ba1ecd4d393fd9daa5d14d61,0xc148ecf416f95524adb3e431df1bf31b209557b785a5b15b9d2d11b4c9589c5c
35,1,0.00024999,0x3ac636ac5c3a2576156ac5f10066ca68abe0ad54,2017-10-18T20:53:53.000Z,0.00024999,0x691053a11b569b45eb2ff7788c4e138623812fa1,buy,0xfb41f7b63c8e84f4ba1ecd4d393fd9daa5d14d61,0xe55912339d9241efa0277b685363edb83cd940489c464d6a87627505297872ea
36,282,0.0560898,0x49789798a40e086953386ccd6425d0d80d21baba,2017-10-18T18:50:39.000Z,0.0001989,0xbf1e36feb9f38240cd321ef90f711822574e363f,buy,0xfb41f7b63c8e84f4ba1ecd4d393fd9daa5d14d61,0x87885844c80beadee7c7b096e1284096f18c6b6f000b8527562dfd3eccdebbef
37,35,0.006958,0x49789798a40e086953386ccd6425d0d80d21baba,2017-10-18T18:50:39.000Z,0.0001988,0xfe497f7c39a5b4e44247cedd347d527ac5823754,buy,0xfb41f7b63c8e84f4ba1ecd4d393fd9daa5d14d61,0x7a3b7116902f4e05498ca25718d2e4b02da34da689d53a142b200fd95a4beee0
38,0.040464054303755,0.000008092810860751,0x49789798a40e086953386ccd6425d0d80d21baba,2017-10-18T15:48:12.000Z,0.0002,0x3068ca34550f57b433ce19b4d93184e1860c1d11,buy,0xfb41f7b63c8e84f4ba1ecd4d393fd9daa5d14d61,0x7b67e783cb5fab37a595adfa2629dec873e4758713270026524e665b8f1d86d4
39,405.894928720965,0.081178985744193,0x49789798a40e086953386ccd6425d0d80d21baba,2017-10-18T15:46:52.000Z,0.0002,0x3068ca34550f57b433ce19b4d93184e1860c1d11,buy,0xfb41f7b63c8e84f4ba1ecd4d393fd9daa5d14d61,0xf6085554d359cd5f5396ce39377c736aba36f4c903db5c3f9f6a841480a8844c
40,20,0.0019998,0x49789798a40e086953386ccd6425d0d80d21baba,2017-10-18T15:45:59.000Z,0.00009999,0xf36990a2cb4d609e0a7d4f3bf884c0342d81fd3d,buy,0xfb41f7b63c8e84f4ba1ecd4d393fd9daa5d14d61,0xf58501dd4395c6768eeaa060f2517803cc8446b8a07313c8937f227df4b068e3
41,207.42857142857142,0.01452,0x49789798a40e086953386ccd6425d0d80d21baba,2017-10-18T15:44:42.000Z,0.00007,0x851d20b153d3f673e50d51b3425c1287d4495ff4,buy,0xfb41f7b63c8e84f4ba1ecd4d393fd9daa5d14d61,0x7e3a73832bc47055e4e0f2768a0660743469bfa44ebcde4863cc2bc619979493
42,7.142857142857143,0.0005,0xf9695cd65d6dfdf257fab76a3eb0cb8f001971cc,2017-10-18T15:25:17.000Z,0.00007,0x851d20b153d3f673e50d51b3425c1287d4495ff4,buy,0xfb41f7b63c8e84f4ba1ecd4d393fd9daa5d14d61,0x9210d4b89f3d588f93ebd314ba2ed53fc8b76c57884623dedbef3164867e657d
43,7.142857142857143,0.0005,0x379374d13077e8867ef31803c37baf9785a17c00,2017-10-18T15:24:52.000Z,0.00007,0x851d20b153d3f673e50d51b3425c1287d4495ff4,buy,0xfb41f7b63c8e84f4ba1ecd4d393fd9daa5d14d61,0xfb45fe9ea54793c51349178a98af68eaf162f2dc7db59f69fdc7fa850bbf7ffd
44,7.142857142857143,0.0005,0xcd912af5286dc0b0a23edb30209734ecb60838b3,2017-10-17T22:35:22.000Z,0.00007,0x851d20b153d3f673e50d51b3425c1287d4495ff4,buy,0xfb41f7b63c8e84f4ba1ecd4d393fd9daa5d14d61,0xffb56ab6af1b4528e441af8814d24e975bfa571903fb586d1cebc754d24d3af7
45,246.24352375247142,0.005417357522554371,0x3a730f3323481de284c92ad82764d095f188b41b,2017-10-17T22:09:29.000Z,0.00002199999999999999,0x9254c14a43c4e3ee6c7f1e0c6933f44786c11c90,sell,0xfb41f7b63c8e84f4ba1ecd4d393fd9daa5d14d61,0xc3f85d652109229cb75df78cbd81d190ac690e7d536e35cdafe73f1a67bb2ff7
46,1930.640871150139,0.03861281742300278,0x66a4e99923ff534c41936d0b28a13980b0a942f0,2017-10-17T18:44:57.000Z,0.00001999999999999999,0x9086f280b8a40a9ca72544495dcdcc0a6cb9a85b,sell,0xfb41f7b63c8e84f4ba1ecd4d393fd9daa5d14d61,0x7beece3d2b92268b92c00bf0b25cd3ce31e6f2753f425cbb692ab01b070e4c23
47,7.142857142857143,0.0005,0x16e5d97bbc92417e051e3b2cabfbf8ceea2acb9c,2017-10-17T18:06:33.000Z,0.00007,0x851d20b153d3f673e50d51b3425c1287d4495ff4,buy,0xfb41f7b63c8e84f4ba1ecd4d393fd9daa5d14d61,0xaf21efb0d6cd53d388126c4b690e666f84d9aaf07045b984a16fd7feceff7afd
48,5,0.0005,0x42c24a83bded723edfdf5883bc7efb30bc1a1bf3,2017-10-17T16:04:58.000Z,0.0001,0x9254c14a43c4e3ee6c7f1e0c6933f44786c11c90,buy,0xfb41f7b63c8e84f4ba1ecd4d393fd9daa5d14d61,0x9e7c1d1ffc2b3f0658d115bc19136d34742fdf61b1f2aa7d2a4512cf8aa17713
49,1.4388489208633093,0.0005,0xcd912af5286dc0b0a23edb30209734ecb60838b3,2017-10-17T05:49:39.000Z,0.0003475,0xbf1e36feb9f38240cd321ef90f711822574e363f,buy,0xfb41f7b63c8e84f4ba1ecd4d393fd9daa5d14d61,0x31853e82d04988b0f03d3d5935dbf6515a0f4278cf1d940d841a9db270eb0a50
50,38.92973514699489,0.002452573314260677,0x07f4b5dbd71cdb8cd3e3e229fad193b665453434,2017-10-17T03:49:17.000Z,0.00006299999999999997,0xa87a6017687f5d7607a4dde37624fa8eec9b0d45,sell,0xfb41f7b63c8e84f4ba1ecd4d393fd9daa5d14d61,0x5fc8de3264fed0b60deeaa5c6635302eab8f67bea6500e3e0d7e83acee09fddf
51,250,0.0100005,0xf36990a2cb4d609e0a7d4f3bf884c0342d81fd3d,2017-10-17T00:28:40.000Z,0.000040002,0xbf1e36feb9f38240cd321ef90f711822574e363f,sell,0xfb41f7b63c8e84f4ba1ecd4d393fd9daa5d14d61,0xd8e93be83c5b764b55e8aa3ffa47f23ca1332c32cc40911c2e05292b3d03e5f2
52,64.213,0.00385342213,0x07f4b5dbd71cdb8cd3e3e229fad193b665453434,2017-10-17T00:28:40.000Z,0.00006001,0xbf1e36feb9f38240cd321ef90f711822574e363f,sell,0xfb41f7b63c8e84f4ba1ecd4d393fd9daa5d14d61,0xe9dc6757cf56c3eb6620bba074f77c649439fe26e797bbc9562f1c312fb99dc2
53,350,0.021,0x9ca73101071b01c28bb9ec81608ee5014877ebe9,2017-10-16T22:15:50.000Z,0.00006,0xbf1e36feb9f38240cd321ef90f711822574e363f,sell,0xfb41f7b63c8e84f4ba1ecd4d393fd9daa5d14d61,0xfb9ca5d9e85d4d528a9e1651806b8997c51f528f49b14a130d4ceadcfd91c778
54,383,0.022980383,0x07f4b5dbd71cdb8cd3e3e229fad193b665453434,2017-10-16T15:47:27.000Z,0.000060001,0x9086f280b8a40a9ca72544495dcdcc0a6cb9a85b,sell,0xfb41f7b63c8e84f4ba1ecd4d393fd9daa5d14d61,0x60803b7a0dc7f56e0e15fed41a3fb91d0771fb998b929428e303bb0d2139c924
55,68.7867610407736,0.004127893530056823,0x07f4b5dbd71cdb8cd3e3e229fad193b665453434,2017-10-16T11:45:08.000Z,0.00006000999999999998,0x9254c14a43c4e3ee6c7f1e0c6933f44786c11c90,sell,0xfb41f7b63c8e84f4ba1ecd4d393fd9daa5d14d61,0x7a1c3c3e903ff511b6c3c701f14e8517503caeedd0b36cf5e4c2196e033530e5
56,1589.0738709999002,0.09216628451799422,0x9277ca62559cf21957596aadb0b6d8438f36de5f,2017-10-15T16:46:06.000Z,0.00005799999999999999,0xd6acd38e88079376aa5ce8642ae9b56570a847bd,sell,0xfb41f7b63c8e84f4ba1ecd4d393fd9daa5d14d61,0x471fa9ed524cc3037435f857c33cab1c33ab49dd020f12f4b7109cfc6108a2c9
57,1174.3295783072476,0.06811111554182035,0x9277ca62559cf21957596aadb0b6d8438f36de5f,2017-10-15T14:41:50.000Z,0.00005799999999999999,0xb2602ecc740f5d55b838c3da75d0c3525c2ccce7,sell,0xfb41f7b63c8e84f4ba1ecd4d393fd9daa5d14d61,0xe00497df8d1351c275f73c494b930a019d6f27a3ce0716f0b9d648672de651c3
58,405.0702648530051,0.02551942668573932,0x07f4b5dbd71cdb8cd3e3e229fad193b665453434,2017-10-15T14:30:02.000Z,0.00006299999999999999,0xafeaf4b3b77325a7357ccaf44ef6383ba0f644db,sell,0xfb41f7b63c8e84f4ba1ecd4d393fd9daa5d14d61,0x1b1d195002f573c0a4e009791d56381680eca51794fb9e6960afbc7677916605
59,1177.97,0.6949905203,0xb2602ecc740f5d55b838c3da75d0c3525c2ccce7,2017-10-14T08:41:55.000Z,0.00058999,0xe7a820315943083a81fc5e6ccd8793af98b2400a,buy,0xfb41f7b63c8e84f4ba1ecd4d393fd9daa5d14d61,0x12ff52b9dc5c7f2690847aea5fe3c8011057b2cc333fae6b92118326aae21966
60,60.898,0.03592982,0xe7a820315943083a81fc5e6ccd8793af98b2400a,2017-10-14T07:46:16.000Z,0.00059,0xe7a820315943083a81fc5e6ccd8793af98b2400a,buy,0xfb41f7b63c8e84f4ba1ecd4d393fd9daa5d14d61,0x10115116d2b8e78b53983c495df9c43199103c1451c959b00edf54cc90795dd5
61,500,0.2945,0xd6acd38e88079376aa5ce8642ae9b56570a847bd,2017-10-14T07:30:38.000Z,0.000589,0xafeaf4b3b77325a7357ccaf44ef6383ba0f644db,buy,0xfb41f7b63c8e84f4ba1ecd4d393fd9daa5d14d61,0x6dc6b5981578ee77b211d004b163c25a48c7587750a272dae50a7cce95a59ef1
62,906.3259826740494,0.5347323297776891,0xafeaf4b3b77325a7357ccaf44ef6383ba0f644db,2017-10-14T06:53:56.000Z,0.00059,0xe7a820315943083a81fc5e6ccd8793af98b2400a,buy,0xfb41f7b63c8e84f4ba1ecd4d393fd9daa5d14d61,0xca90d5675cd9d11a3df816c55db7c72631255df902a830d242db49378e5e4927
63,1253.7748578507044,0.7397271661319156,0x9086f280b8a40a9ca72544495dcdcc0a6cb9a85b,2017-10-14T06:51:06.000Z,0.00059,0xe7a820315943083a81fc5e6ccd8793af98b2400a,buy,0xfb41f7b63c8e84f4ba1ecd4d393fd9daa5d14d61,0x24f4236b35d930cf4c646021e01d586ca40a135f2e71288928116b51120ad3be
64,118.55747183730436,0.006876333366563652,0x9277ca62559cf21957596aadb0b6d8438f36de5f,2017-10-13T18:08:36.000Z,0.00005799999999999999,0xfe4856ea92a3d9fe3691f332cb5344072ac061d1,sell,0xfb41f7b63c8e84f4ba1ecd4d393fd9daa5d14d61,0x097386a7b33e885a36e51ceab769c9f6e74cc2bbb1e18260f06c680d5937638a
65,49.845479015053336,0.002891037782873093,0x9277ca62559cf21957596aadb0b6d8438f36de5f,2017-10-13T07:45:01.000Z,0.00005799999999999999,0x096267c09714c42bd30554a12976ea4fa2b78d9c,sell,0xfb41f7b63c8e84f4ba1ecd4d393fd9daa5d14d61,0xe70c6110c29375d575fb0312cb210385bb961110e58f8d53c2059cb21c7ed715
66,49.845479015053336,0.002891037782873093,0x9277ca62559cf21957596aadb0b6d8438f36de5f,2017-10-13T07:43:49.000Z,0.00005799999999999999,0x096267c09714c42bd30554a12976ea4fa2b78d9c,sell,0xfb41f7b63c8e84f4ba1ecd4d393fd9daa5d14d61,0xe70c6110c29375d575fb0312cb210385bb961110e58f8d53c2059cb21c7ed715
67,0.000816924150261016,0.000000481985248654,0x3a89cfa82cbc6f5636005f0217134e3d80556642,2017-10-12T11:15:24.000Z,0.0005900000000000007,0xe7a820315943083a81fc5e6ccd8793af98b2400a,buy,0xfb41f7b63c8e84f4ba1ecd4d393fd9daa5d14d61,0x19afcb40b6905c24578d7982b0531f9d3a80e4e63c680d1fe8b7fa0119fcb3bb
68,272.1842189213438,0.013609210946067192,0x9277ca62559cf21957596aadb0b6d8438f36de5f,2017-10-11T18:20:21.000Z,0.00004999999999999999,0x915ffa73bc66a598664fdc5d2837d85f3a398653,sell,0xfb41f7b63c8e84f4ba1ecd4d393fd9daa5d14d61,0xf49fa6888f7ab9af894a106bd9920a0e23429a5024daad4099aa7d746a09890c
69,20,0.002,0x07f4b5dbd71cdb8cd3e3e229fad193b665453434,2017-10-11T18:11:38.000Z,0.0001,0x915ffa73bc66a598664fdc5d2837d85f3a398653,sell,0xfb41f7b63c8e84f4ba1ecd4d393fd9daa5d14d61,0x15367c337cd40399a2d04571e2aab0654bb42b768f2dc9c0c5817b3f54ab0dd9
70,27,0.00405,0x07f4b5dbd71cdb8cd3e3e229fad193b665453434,2017-10-11T18:10:45.000Z,0.00015,0x915ffa73bc66a598664fdc5d2837d85f3a398653,sell,0xfb41f7b63c8e84f4ba1ecd4d393fd9daa5d14d61,0x24956d874bcbe9740f2bebbf756447154907603dae0e273e2dceb6cd18a01fa1
71,10,0.002,0x07f4b5dbd71cdb8cd3e3e229fad193b665453434,2017-10-11T18:10:16.000Z,0.0002,0x915ffa73bc66a598664fdc5d2837d85f3a398653,sell,0xfb41f7b63c8e84f4ba1ecd4d393fd9daa5d14d61,0x4b7ad2487b2869eea95ad79c19cabd1bcf36102b94687a124de70b9070a7539d
72,7,0.0021,0x07f4b5dbd71cdb8cd3e3e229fad193b665453434,2017-10-11T18:09:40.000Z,0.0003,0x915ffa73bc66a598664fdc5d2837d85f3a398653,sell,0xfb41f7b63c8e84f4ba1ecd4d393fd9daa5d14d61,0x037d51ffbdbe8d4298a440193c01281b5c501d00759507e09fdceca675cd5c45
73,17,0.0068,0x07f4b5dbd71cdb8cd3e3e229fad193b665453434,2017-10-11T12:36:29.000Z,0.0004,0xf75e1b6f5cfa94d6645bd9bd9649e977fa333968,sell,0xfb41f7b63c8e84f4ba1ecd4d393fd9daa5d14d61,0x43c36a933ba3af43fb5e5df0e0240756f95504b9fdc6dbc9ceaecf5ea79f3d71
74,10,0.0042,0x07f4b5dbd71cdb8cd3e3e229fad193b665453434,2017-10-11T11:57:50.000Z,0.00042,0xa87a6017687f5d7607a4dde37624fa8eec9b0d45,sell,0xfb41f7b63c8e84f4ba1ecd4d393fd9daa5d14d61,0xaba5da581c7b5db7f13a1803b51d57eb97797467d09aba2f3359a0b57d733288
75,10,0.0045,0x0024a5046fd95c5eee6db19a69ef7ed3bacd50f1,2017-10-11T11:52:41.000Z,0.00045,0xa87a6017687f5d7607a4dde37624fa8eec9b0d45,sell,0xfb41f7b63c8e84f4ba1ecd4d393fd9daa5d14d61,0x3bdda2069da12989ecc3b6970a8ac925d5ad4c03efc6717d37f8640ba3e2ba96
76,36.67,0.016666515,0x5d5065b42bdee0274e394ba9042c21e1818c69cf,2017-10-11T11:00:39.000Z,0.0004545,0x915ffa73bc66a598664fdc5d2837d85f3a398653,sell,0xfb41f7b63c8e84f4ba1ecd4d393fd9daa5d14d61,0x47c168b712a269f508ebf6aa31c746effdb2cbfb015fe0e48a81fbe448ba091e
77,50,0.035,0x1b11734fd00339de90d785f3f78d5ba42ad3ae96,2017-10-11T09:50:45.000Z,0.0007,0x3068ca34550f57b433ce19b4d93184e1860c1d11,buy,0xfb41f7b63c8e84f4ba1ecd4d393fd9daa5d14d61,0x1f021d3cf8035a294f4316f722a28ce52bc0f9e398b36e0f8d9b4b9d3747d484
78,15,0.00885,0x07f4b5dbd71cdb8cd3e3e229fad193b665453434,2017-10-10T19:26:45.000Z,0.00059,0xf75e1b6f5cfa94d6645bd9bd9649e977fa333968,sell,0xfb41f7b63c8e84f4ba1ecd4d393fd9daa5d14d61,0x54739c278b6d8238e57b46c52636cf2ff10b7cb77b8ccea95377caa4693bb2fb
79,15,0.00885,0x07f4b5dbd71cdb8cd3e3e229fad193b665453434,2017-10-10T19:25:26.000Z,0.00059,0xfe4856ea92a3d9fe3691f332cb5344072ac061d1,sell,0xfb41f7b63c8e84f4ba1ecd4d393fd9daa5d14d61,0x1e13f327f5fa5ecd24521787ab2233caa47e8406489b6f5898c4369f71a0da0d
80,10,0.01,0x07f4b5dbd71cdb8cd3e3e229fad193b665453434,2017-10-10T19:22:10.000Z,0.001,0xf75e1b6f5cfa94d6645bd9bd9649e977fa333968,sell,0xfb41f7b63c8e84f4ba1ecd4d393fd9daa5d14d61,0x079ecc7f8d9661c89dc4b58e8b0d9850eb9426955cce191a89a766b8ec5fef37
81,10,0.01,0x07f4b5dbd71cdb8cd3e3e229fad193b665453434,2017-10-10T19:02:48.000Z,0.001,0xf75e1b6f5cfa94d6645bd9bd9649e977fa333968,sell,0xfb41f7b63c8e84f4ba1ecd4d393fd9daa5d14d61,0xf76fd18e43ec465ee846dff473c298d40d3bd4ebae3c31384c1ca9d37222792f
82,10,0.0078,0x07f4b5dbd71cdb8cd3e3e229fad193b665453434,2017-10-10T19:02:44.000Z,0.00078,0xf75e1b6f5cfa94d6645bd9bd9649e977fa333968,sell,0xfb41f7b63c8e84f4ba1ecd4d393fd9daa5d14d61,0x37fb446e75ba0a667a914f1f931eddbe66e00958c76111cbd561012e20ce081c
83,10,0.01,0x07f4b5dbd71cdb8cd3e3e229fad193b665453434,2017-10-10T19:00:26.000Z,0.001,0xf75e1b6f5cfa94d6645bd9bd9649e977fa333968,sell,0xfb41f7b63c8e84f4ba1ecd4d393fd9daa5d14d61,0x9a705ce4165765e5a97988bf3ecd20032780bbc42e567e48149f78196f153da6
84,10,0.0097,0x07f4b5dbd71cdb8cd3e3e229fad193b665453434,2017-10-10T18:58:20.000Z,0.00097,0xf75e1b6f5cfa94d6645bd9bd9649e977fa333968,sell,0xfb41f7b63c8e84f4ba1ecd4d393fd9daa5d14d61,0x7f20813d68d6cd86e72d84533dabc0ef547f03f907c86dbdcf5b404d0933ab7b
85,12,0.01044,0x07f4b5dbd71cdb8cd3e3e229fad193b665453434,2017-10-10T18:52:00.000Z,0.00087,0xf75e1b6f5cfa94d6645bd9bd9649e977fa333968,sell,0xfb41f7b63c8e84f4ba1ecd4d393fd9daa5d14d61,0xec17b8a9b4e7b53af68f9c6015d39e00f327abeb7f71f8d4cad5cb7fff94fde8
86,10,0.0087,0x07f4b5dbd71cdb8cd3e3e229fad193b665453434,2017-10-10T18:43:57.000Z,0.00087,0xfe4856ea92a3d9fe3691f332cb5344072ac061d1,sell,0xfb41f7b63c8e84f4ba1ecd4d393fd9daa5d14d61,0xd0631c44714587e6a16c8a00e7c7782a436852ee61fe6cc25e2152261b829a95
87,10,0.009,0x07f4b5dbd71cdb8cd3e3e229fad193b665453434,2017-10-10T18:34:55.000Z,0.0009,0xf75e1b6f5cfa94d6645bd9bd9649e977fa333968,sell,0xfb41f7b63c8e84f4ba1ecd4d393fd9daa5d14d61,0xc08521f102fa07f69fa0317113418a493c80e857ecdaacd8113fab2337ed7a8c
88,10,0.009,0x07f4b5dbd71cdb8cd3e3e229fad193b665453434,2017-10-10T18:31:24.000Z,0.0009,0xf75e1b6f5cfa94d6645bd9bd9649e977fa333968,sell,0xfb41f7b63c8e84f4ba1ecd4d393fd9daa5d14d61,0x2d85e72a4023ddc53c451fe03d3f722048708fcb6da17182d10a73e569a1eaef
89,10,0.009,0x07f4b5dbd71cdb8cd3e3e229fad193b665453434,2017-10-10T18:24:45.000Z,0.0009,0xf75e1b6f5cfa94d6645bd9bd9649e977fa333968,sell,0xfb41f7b63c8e84f4ba1ecd4d393fd9daa5d14d61,0x13104a98a613af420e3629ece4ae0aed907dbb73a50186242db6b25afd3eca56
90,10,0.01,0x07f4b5dbd71cdb8cd3e3e229fad193b665453434,2017-10-10T18:18:46.000Z,0.001,0xf75e1b6f5cfa94d6645bd9bd9649e977fa333968,sell,0xfb41f7b63c8e84f4ba1ecd4d393fd9daa5d14d61,0x3356e69679f2245a1d2d1994b89caf99073ea27650bb83ad2461c34cd25b2939
91,5.896090279553937,0.004834794029234229,0x3a89cfa82cbc6f5636005f0217134e3d80556642,2017-10-07T20:13:46.000Z,0.00082,0xe7a820315943083a81fc5e6ccd8793af98b2400a,buy,0xfb41f7b63c8e84f4ba1ecd4d393fd9daa5d14d61,0x7d88057bb4a796a7468adf95db637e92a1809ed9313b641ea34d2fb90f22b946
92,0.022384287034935862,0.000020416708204565,0x3a89cfa82cbc6f5636005f0217134e3d80556642,2017-10-06T17:22:26.000Z,0.0009121,0xe7a820315943083a81fc5e6ccd8793af98b2400a,buy,0xfb41f7b63c8e84f4ba1ecd4d393fd9daa5d14d61,0x8447b1fd4a287588b09e01501e6d66b5e8eb5b6170e13d8c6f37a972b499910b
93,50,0.03885,0x096267c09714c42bd30554a12976ea4fa2b78d9c,2017-10-05T05:08:05.000Z,0.000777,0xe7a820315943083a81fc5e6ccd8793af98b2400a,buy,0xfb41f7b63c8e84f4ba1ecd4d393fd9daa5d14d61,0x232b84d60c4ca38845481bec8bf0eb6ef8374ab85ac6129e75c34106dc1040bb
