,amount,amountBase,buyer,date,price,seller,side,tokenAddr,txHash
0,20,0.0005,0x3075f7f189912f4f425dd7021b9c396434197477,2017-11-02T15:56:05.000Z,0.000025,0x5f3ec22cf5c45527887febc5a32db462be84604b,buy,0x83eea00d838f92dec4d1475697b9f4d3537b56e3,0x2610f2b6cd86585c66f811d60706888d20d0a482c9f6ed2dce80c7eaaf0bd5eb
1,74.76821852,0.001869205463,0xe47bbeac8f268d7126082d5574b6f027f95af5fb,2017-11-01T20:37:49.000Z,0.000025,0x6c08eaed4964f1dc7f9650e90aef9de9277d6cb2,sell,0x83eea00d838f92dec4d1475697b9f4d3537b56e3,0x44c52c357536b92bfba71747f9c56e10160b29fb333db8be228e9e336d2239c2
2,1223.81654136,0.030595413534,0xe47bbeac8f268d7126082d5574b6f027f95af5fb,2017-11-01T18:00:51.000Z,0.000025,0xe920fcc74c52fbab9dd937121e84dd7f00435016,sell,0x83eea00d838f92dec4d1475697b9f4d3537b56e3,0x400bf74fb88d82720c4d38347f45af8006c72b00868635a418a7b2ce057b9fa1
3,4714.93439308,0.118344853266308,0xc45bfa546c72c160e40a9b140d56e083cde3fc97,2017-11-01T09:58:21.000Z,0.0000251,0xf84bfa23c2ab766c47056011b26e2d12ade5c754,sell,0x83eea00d838f92dec4d1475697b9f4d3537b56e3,0x7aa9d51035685111451748e87d0a29f4ac770b7fa3eaa8d5f240abc2bbc408ce
4,46330,1.5001654,0x460d8aed23115d1339fd5405e96d14f4dbd80a6a,2017-11-01T01:29:51.000Z,0.00003238,0x4d63f7bc86b6c300953c7784a526a837200f06cb,buy,0x83eea00d838f92dec4d1475697b9f4d3537b56e3,0x452686fd2a959086c842b7d815e9a39e5a42f7b903f22561c51928afd74e0cc9
5,1200,0.038856,0xcf7008288b39e3e236543143e900b3593b914a94,2017-10-31T23:58:23.000Z,0.00003238,0x4d63f7bc86b6c300953c7784a526a837200f06cb,buy,0x83eea00d838f92dec4d1475697b9f4d3537b56e3,0x52214360ae40e1ca746cd4d2c914677e88bf8d9aa258d09212eae4893c749fae
6,49853.93181138,1.4956179543414,0x52fcce2900407c596016f2a261272966ca27cf7b,2017-10-31T20:18:28.000Z,0.00003,0x740d4b3119b956c1d19608da39730499dbce4c01,sell,0x83eea00d838f92dec4d1475697b9f4d3537b56e3,0x25fe6c58274002f6a924a5a0369553141d46413823c14272617fa3305420993a
7,30,0.000975,0x0b773d7819259d78757b26dc4148812d35676d8f,2017-10-31T12:41:47.000Z,0.0000325,0x740d4b3119b956c1d19608da39730499dbce4c01,buy,0x83eea00d838f92dec4d1475697b9f4d3537b56e3,0xe95f61cb1cb3ef26158e4eb42fcab87dbba63d20a36fdbfe50449f7a5daed5c4
8,1944.28529558,0.045885132975688,0xfbf7dc0756a9768d0c71aea5f8421f3b1eaee7d1,2017-10-31T11:59:17.000Z,0.0000236,0xbfb7819128f8256df9ad57e44337d988a860f92b,sell,0x83eea00d838f92dec4d1475697b9f4d3537b56e3,0x61f278baa9adee61aabfaa966f0bad26b86bd032dfa8fd9cd53f163fee792c19
9,766.57505891,0.026400078454126636,0x291e14d8f3632d4dc39dca11774537475006cee1,2017-10-31T11:11:39.000Z,0.00003443900000042415,0x508e4a96dab9bd044d0bb654d623c4ef663dfc35,buy,0x83eea00d838f92dec4d1475697b9f4d3537b56e3,0xf52dba20cd6b54ff02522977c06af95e699e994229c91ae1e2c7e3beb2f835a3
10,2800,0.0964292,0x29c3840928835c155ebe1453ad875b3e21b7dea2,2017-10-31T10:50:39.000Z,0.000034439,0x508e4a96dab9bd044d0bb654d623c4ef663dfc35,buy,0x83eea00d838f92dec4d1475697b9f4d3537b56e3,0x000839f54226221cc1be6bf10cfdd729b60ee6df18f97a29f03d3c9f443732a4
11,2000,0.068878,0x67d2bf1c8ce48498cf5233673f4aefed251414c2,2017-10-31T07:57:56.000Z,0.000034439,0x508e4a96dab9bd044d0bb654d623c4ef663dfc35,buy,0x83eea00d838f92dec4d1475697b9f4d3537b56e3,0xbbb6eea265e1506f79978773ba223c536cfb4e50947f711727dcbc9de486d78b
12,15.578,0.0003676408,0xfbf7dc0756a9768d0c71aea5f8421f3b1eaee7d1,2017-10-31T06:02:14.000Z,0.0000236,0xe444a40689f51f63bcd29910622035707d533d29,sell,0x83eea00d838f92dec4d1475697b9f4d3537b56e3,0x1f935106db55570964c36dd05dd4b4fe9531af495799dfa241594db405800b49
13,1000,0.034439,0x3edf71c889d26110c05ffa67ca650583da80a82b,2017-10-31T05:22:38.000Z,0.000034439,0x508e4a96dab9bd044d0bb654d623c4ef663dfc35,buy,0x83eea00d838f92dec4d1475697b9f4d3537b56e3,0x9bf9be82868eafcc9b62d1ad6bef5895a4727e1038aad8db89b2ca4d5bd54173
14,2272.70507475,0.07477199695947102,0x91154148d0a1f58041526448857f5edd0d4331cd,2017-10-31T03:45:39.000Z,0.00003290000000008625,0x4d63f7bc86b6c300953c7784a526a837200f06cb,buy,0x83eea00d838f92dec4d1475697b9f4d3537b56e3,0x0ee9241e65157e8b70a77166ff01c7deec690ebbcce4d1a7482a3348d03b6863
15,0.0001,0.00000000329,0x0c4085d8e714ca77ac5f46cd2b80a92d238a7cd3,2017-10-31T01:18:30.000Z,0.0000329,0x4d63f7bc86b6c300953c7784a526a837200f06cb,buy,0x83eea00d838f92dec4d1475697b9f4d3537b56e3,0x713f4e4d35ae71649940fa825bcde639289f57258bdcec31401820bef6156dcb
16,0.000002,0.0000000000658,0x3f27c6e4bb86725d1e2dc7c6610b7ab6d6d3a345,2017-10-31T00:28:52.000Z,0.0000329,0x4d63f7bc86b6c300953c7784a526a837200f06cb,buy,0x83eea00d838f92dec4d1475697b9f4d3537b56e3,0x2ad3343d0a64e332acdb9858b135ca0045cbf5e2c2ef70f1bcbab3b09237045a
17,0.0000329,0.0329,0xa6e104c9bd70ee2fa61edb16c33c585036f58b96,2017-10-31T00:24:45.000Z,1000,0x0249924245a19aa2d7f5ddb0739a7132b7d094ab,sell,0x83eea00d838f92dec4d1475697b9f4d3537b56e3,0xed647873556f6ff98ec5d1381133ed1c5cbbdbada15fb524bddeb4c0ef5e5e24
18,2400,0.07872,0x4e1a364104fa90e4a278b229664f98ffd7e1f308,2017-10-30T23:48:40.000Z,0.0000328,0xfbf7dc0756a9768d0c71aea5f8421f3b1eaee7d1,buy,0x83eea00d838f92dec4d1475697b9f4d3537b56e3,0xcaa2b3f57c2649c8b5c6d40789d3dbcabb27b2e3f4c6dc6e9a4c3ac87e12626b
19,500,0.01875,0x667fb05b27fefaf67e889f788dd411c38ee1f637,2017-10-30T23:26:26.000Z,0.0000375,0x0adc54fbcb39e3bcb5a632b8e0e3dc8bfa0e2e47,buy,0x83eea00d838f92dec4d1475697b9f4d3537b56e3,0x53c2632291e4778f57707d3a012de12b7361166a56f635a25e2724c2eb7fd5c3
20,100,0.0033,0x36513e2ee2751d2b679479424f0e9eb48695bfde,2017-10-30T19:10:29.000Z,0.000033,0xee5a2149a3048957ba56421745462591c44d0ce7,buy,0x83eea00d838f92dec4d1475697b9f4d3537b56e3,0x46300bcccb071cd7b5862206dda8902663eb599c1b3472842e418383f18abdee
21,9974.5082513,0.2493627062825,0xf95208f47a17888fb46131511a11d7c63498759c,2017-10-30T10:11:52.000Z,0.000025,0x097501c95264ad3204159efaefdc5820783dbeae,sell,0x83eea00d838f92dec4d1475697b9f4d3537b56e3,0x8801d48d76e5053b0c7b170c9024999b32377be6325475c91f7657443663e71c
22,2000,0.0712,0x3a127ea0fcbf99c78eb26654eb5071f5a17c4c26,2017-10-30T08:17:12.000Z,0.0000356,0x265e08e3fd6bacfb512af33c6a6e9bab3b5cb6e6,buy,0x83eea00d838f92dec4d1475697b9f4d3537b56e3,0x851a84cea07409f92399aa707897d5f02dd245079f8f8c660dbca68d1057ef9d
23,451.62759864,0.0117468338406264,0xc1c59390f2aaa7def424605d96769ef7a7c64916,2017-10-30T08:14:16.000Z,0.00002601,0x74e11bbe2fa8b1686c859ff23a869e392404e3c9,sell,0x83eea00d838f92dec4d1475697b9f4d3537b56e3,0x43bf68827a0338c572c41befd850405f3d6fb7312dd45d97986c11e503bee03b
24,40,0.00104044,0xf36990a2cb4d609e0a7d4f3bf884c0342d81fd3d,2017-10-30T08:12:05.000Z,0.000026011,0x4624c3879aef82a57b28bf3d77c3618d96d855fc,sell,0x83eea00d838f92dec4d1475697b9f4d3537b56e3,0xd624c624bf834ee1053cf177e1ff5cfae468c1b80b945ec89e8fa32602d1b57f
25,2800,0.09968,0xb2f0a333cb207205b4f2ae9c49653bfa0615caee,2017-10-30T07:53:39.000Z,0.0000356,0x265e08e3fd6bacfb512af33c6a6e9bab3b5cb6e6,buy,0x83eea00d838f92dec4d1475697b9f4d3537b56e3,0x2a9e53ffa8dc6b644121371ab10291ba0f50bea68da7b210f54bf51172fe3cdb
26,4857.63931811,0.1263471986640411,0xc1c59390f2aaa7def424605d96769ef7a7c64916,2017-10-30T06:29:34.000Z,0.00002601,0xe63faeefe2bbc40fc4d44e163561c871bdb16954,sell,0x83eea00d838f92dec4d1475697b9f4d3537b56e3,0x6eed20c1d8eb325053a862b55ba3270a7ce0a46b546805cc95ea736bf604c599
27,1000,0.0358,0x2ea6bd58bc3555faeebf4d5b31164d52079b9832,2017-10-30T03:23:22.000Z,0.0000358,0xfbf7dc0756a9768d0c71aea5f8421f3b1eaee7d1,buy,0x83eea00d838f92dec4d1475697b9f4d3537b56e3,0xbaa9b8f9602cfea90d4207dd8e8a1556c69b425e9d55ef8eb8a8326183b78dd7
28,500,0.0161,0xc1c59390f2aaa7def424605d96769ef7a7c64916,2017-10-29T14:54:50.000Z,0.0000322,0xf84bfa23c2ab766c47056011b26e2d12ade5c754,buy,0x83eea00d838f92dec4d1475697b9f4d3537b56e3,0xa799f0c27cd790290993275a6861cacb58ec57b352d153714cfe3193935a8c07
29,346.373608,0.011153230177774413,0x0bbb57db57004f00d88a6d115689eb0b645a0f0e,2017-10-29T07:33:53.000Z,0.00003220000000050354,0x8a424781254908e4bc40db921f969218eef3c81a,buy,0x83eea00d838f92dec4d1475697b9f4d3537b56e3,0xea92e149e39834a688c5cf83e22daea5bf8aabca2b427faa2e1fbaf774923494
30,8170.62639199,0.2630941698222256,0x36513e2ee2751d2b679479424f0e9eb48695bfde,2017-10-29T06:15:25.000Z,0.00003220000000001806,0x8a424781254908e4bc40db921f969218eef3c81a,buy,0x83eea00d838f92dec4d1475697b9f4d3537b56e3,0xbe62479165436881183b209bef449f571d7e3bc1032e2141cc56655a3fae0651
31,2000,0.0644,0x2ea6bd58bc3555faeebf4d5b31164d52079b9832,2017-10-29T06:05:31.000Z,0.0000322,0x8a424781254908e4bc40db921f969218eef3c81a,buy,0x83eea00d838f92dec4d1475697b9f4d3537b56e3,0xc56ea7f93a24440cf68f50723d15d64597b462a565cffa60ef5f739fada7eb1a
32,37200,1.394999999628,0x57756f0cb37e775226edefd59cd9b4de60d299a7,2017-10-29T00:52:44.000Z,0.00003749999999,0xb049ada212db741735b4859917f6969351fcb125,buy,0x83eea00d838f92dec4d1475697b9f4d3537b56e3,0x9cf8beed0e8345989b5e95290d4f0a9ee11fd0028a80e2f76c038e58bbec7017
33,15.625,0.0005,0x42c24a83bded723edfdf5883bc7efb30bc1a1bf3,2017-10-28T21:37:34.000Z,0.000032,0x0e4ad8029b466478a2e371db43a807a4bdb07a11,buy,0x83eea00d838f92dec4d1475697b9f4d3537b56e3,0x08898e48ebb9051636452f52ff539a3e043d027ef6b2ed1623c2874b7b0d4560
34,15.625,0.0005,0xe444a40689f51f63bcd29910622035707d533d29,2017-10-28T21:08:48.000Z,0.000032,0x0e4ad8029b466478a2e371db43a807a4bdb07a11,buy,0x83eea00d838f92dec4d1475697b9f4d3537b56e3,0x138709ef616e88b76508d8f4baeb649ad60333dd21504846e8fe965d0a407dbc
35,15.625,0.0005,0x34f9560c63078eb61872a4dc2ccd20e21c34feaf,2017-10-28T21:08:48.000Z,0.000032,0x0e4ad8029b466478a2e371db43a807a4bdb07a11,buy,0x83eea00d838f92dec4d1475697b9f4d3537b56e3,0x76e9e37b1dbd551101d178ddb98aa12aa1de8abc8a3c80b567e5e3fb500de072
36,74.36945469,0.00178568497656159,0x3e37e3d2e664dff18fded3f653b508652d9e4cc8,2017-10-28T20:38:40.000Z,0.000024011,0x888d1964bb7be8c18c4ad550ebdab83103e02fb0,sell,0x83eea00d838f92dec4d1475697b9f4d3537b56e3,0xfe086e69ab740cae46a8675fb3dd502eb56f4668f8e96048e29497403df74da0
37,66.658,0.0021463876,0x6742f656a2914cf8d0792b5d1ed8669e3da76692,2017-10-28T19:04:24.000Z,0.0000322,0xf84bfa23c2ab766c47056011b26e2d12ade5c754,sell,0x83eea00d838f92dec4d1475697b9f4d3537b56e3,0xd50c47ac97b632fc2522bd9e5892a0c1adfd409344fa9e8bcce4c0d2fb03d727
38,74.13672614,0.002387202581708,0x6742f656a2914cf8d0792b5d1ed8669e3da76692,2017-10-28T18:59:42.000Z,0.0000322,0xadf652ba851a9cb5b3735f351d8b83743e6fe999,sell,0x83eea00d838f92dec4d1475697b9f4d3537b56e3,0x650199ce32b92c2477ac6c2fab7bbd6759f7145981942192d103ae9d969ddf7d
39,21161.15,0.6813890302116115,0xb049ada212db741735b4859917f6969351fcb125,2017-10-28T18:58:28.000Z,0.00003220000001,0xadf652ba851a9cb5b3735f351d8b83743e6fe999,sell,0x83eea00d838f92dec4d1475697b9f4d3537b56e3,0x12c5cb463a54fdc2c68d8034e26e24247d82844c70fbaa0e4bb8d7ffeb86b4d3
40,9609.70757519,0.3094325840172151,0xb049ada212db741735b4859917f6969351fcb125,2017-10-28T18:27:40.000Z,0.00003220000000999999,0x9065557ea0ef03b41220f5e9238687802f06b64c,sell,0x83eea00d838f92dec4d1475697b9f4d3537b56e3,0x770d8a34a80438d53e7200f3d38428f2f3770fccc087e137687ebaafef6bfbbf
41,400,0.01288,0x36513e2ee2751d2b679479424f0e9eb48695bfde,2017-10-28T18:26:37.000Z,0.0000322,0x8a424781254908e4bc40db921f969218eef3c81a,buy,0x83eea00d838f92dec4d1475697b9f4d3537b56e3,0x5505dbea9c4bba2c77924ddebb50ad7285543fa8cc45278a5cf55048739d1941
42,13.33333333,0.0005,0xcd912af5286dc0b0a23edb30209734ecb60838b3,2017-10-28T17:45:38.000Z,0.000037500000009375,0xb049ada212db741735b4859917f6969351fcb125,buy,0x83eea00d838f92dec4d1475697b9f4d3537b56e3,0xc5d76c8ad47b4c6fd66cfe4ee767d348833d3800599819b3d32d4d192341ddcb
43,927.25253114,0.029857531511980524,0xb049ada212db741735b4859917f6969351fcb125,2017-10-28T17:34:43.000Z,0.00003220000000999999,0xf84bfa23c2ab766c47056011b26e2d12ade5c754,sell,0x83eea00d838f92dec4d1475697b9f4d3537b56e3,0x9fc2fd9efc9c3fbaff347eba17abf65542442ef5780ba17484d2a3d063a5251b
44,9012.36133504,0.29019803507841163,0xb049ada212db741735b4859917f6969351fcb125,2017-10-28T17:23:41.000Z,0.00003220000000999999,0xf20b267e0370c14b974791b613da1afecab869a8,sell,0x83eea00d838f92dec4d1475697b9f4d3537b56e3,0x6e2557b4a293b007ea3c27b90aa9e1ed2c4df67cf4d8d38998a3439c431f92ec
45,8077.66766057,0.2601008987511307,0xb049ada212db741735b4859917f6969351fcb125,2017-10-28T17:16:03.000Z,0.00003220000000999999,0x1ed014aec47fae44c9e55bac7662c0b78ae61798,sell,0x83eea00d838f92dec4d1475697b9f4d3537b56e3,0xa084ec5abebdbc9f203b6d9852ab23c45fea66dd82a66f414b0d3508e50aada3
46,994,0.03200680000994,0xb049ada212db741735b4859917f6969351fcb125,2017-10-28T17:09:00.000Z,0.00003220000001,0xf84bfa23c2ab766c47056011b26e2d12ade5c754,sell,0x83eea00d838f92dec4d1475697b9f4d3537b56e3,0xcbb854560519a0ffde020a529eaeb136cbe8c731b07ef4357eeffb37bfe598a7
47,296.12792995,0.009535319347351278,0xb049ada212db741735b4859917f6969351fcb125,2017-10-28T16:38:23.000Z,0.00003220000000999999,0xf84bfa23c2ab766c47056011b26e2d12ade5c754,sell,0x83eea00d838f92dec4d1475697b9f4d3537b56e3,0xb9519da0c925a958bf75f5864800a7fe83fdae4db714439e399d8dd2a696c03c
48,49845.96445671,1.6050400560045217,0xb049ada212db741735b4859917f6969351fcb125,2017-10-28T16:33:30.000Z,0.00003220000000999999,0x4b0925f7776c00378f9556fcd4b3aaf3efe0013f,sell,0x83eea00d838f92dec4d1475697b9f4d3537b56e3,0x3d6009c20013c7195d0f7ece45a210423c96f0bb3e0bec91a8235c5881f262e8
49,74.76821852,0.002407536637091682,0xb049ada212db741735b4859917f6969351fcb125,2017-10-28T16:22:44.000Z,0.00003220000000999999,0x68b4683475747e28a83596e94b58187d452099cf,sell,0x83eea00d838f92dec4d1475697b9f4d3537b56e3,0x7352d073dd58652f40a945280c78a035a52dfea156a066921d810da0d40fb113
50,2001,0.092043999,0xda335761adceaa57fe02367340c2e33ba185175e,2017-10-28T09:39:24.000Z,0.000045999,0x4d63f7bc86b6c300953c7784a526a837200f06cb,buy,0x83eea00d838f92dec4d1475697b9f4d3537b56e3,0x4f4a97eef81b46a5f4f5e72a707d59674c78c885a4d272201c10eb04344260a5
51,4172.21194995,0.13434522478839,0x6742f656a2914cf8d0792b5d1ed8669e3da76692,2017-10-28T09:13:52.000Z,0.0000322,0x448344236e3ea01538b5cb400c13c78219f6d253,sell,0x83eea00d838f92dec4d1475697b9f4d3537b56e3,0x5bbf914d70d36aa47508c27b5b8d441c8d3a42625d6ad603c5f66053c31d55fb
52,35707.731,1.142647395570773,0xb049ada212db741735b4859917f6969351fcb125,2017-10-28T09:12:47.000Z,0.0000320000001,0x448344236e3ea01538b5cb400c13c78219f6d253,sell,0x83eea00d838f92dec4d1475697b9f4d3537b56e3,0x0fc0d4a4dcc402e6bac2cda2a2dc4003c08291e9a6975679dfc8dc9dc9d64806
53,64292.26868283,2.057352604279787,0xb049ada212db741735b4859917f6969351fcb125,2017-10-28T08:39:03.000Z,0.00003200000009999999,0x097501c95264ad3204159efaefdc5820783dbeae,sell,0x83eea00d838f92dec4d1475697b9f4d3537b56e3,0x5afe7b6fcf4299f3a432f0a239abab26aad1c44f567bd041550f18a49a166043
54,3399.47760548,0.109803126657004,0xfbf7dc0756a9768d0c71aea5f8421f3b1eaee7d1,2017-10-28T03:00:27.000Z,0.0000323,0xa44678605b5f428129bf96dc68d323e2edcd5110,sell,0x83eea00d838f92dec4d1475697b9f4d3537b56e3,0xe5c1716878144417df848ec87aebda8eefe33fec27b51e6200888c57420a2fe5
55,583.19210447,0.018778785763934,0x6742f656a2914cf8d0792b5d1ed8669e3da76692,2017-10-27T22:42:47.000Z,0.0000322,0xc847559681f261b9c1481df5ff4f4ae014317da0,sell,0x83eea00d838f92dec4d1475697b9f4d3537b56e3,0xf19cd7cc95c03dca3521ee51e47b7a7ff130deeefeb62d8442bd7191ed5149ac
56,103.60198721,0.003335983988162,0x6742f656a2914cf8d0792b5d1ed8669e3da76692,2017-10-27T22:21:47.000Z,0.0000322,0xcc16e731603785a71da1ecdd99acb29ae1cf85d3,sell,0x83eea00d838f92dec4d1475697b9f4d3537b56e3,0x56f5dda410c5bbbe3df04cca7a959c49f076f25f5e4f12821376be0b56698583
57,0.19876574,0.000006400256828,0x6742f656a2914cf8d0792b5d1ed8669e3da76692,2017-10-27T20:57:54.000Z,0.0000322,0x80386b7d64963b5d929ff665d8e1cd75fab4bb00,sell,0x83eea00d838f92dec4d1475697b9f4d3537b56e3,0x50fcecf16289e1baadcba72ba5aae29ca1df7c878748bcae9c7b2ca958cf82b1
58,210,0.006762,0xc847559681f261b9c1481df5ff4f4ae014317da0,2017-10-27T17:46:11.000Z,0.0000322,0x4fd89aecf21f1b40f77a514651d490b86e83d655,buy,0x83eea00d838f92dec4d1475697b9f4d3537b56e3,0x8efe33f4d3e484f05f476e585ef8e34827878951f06cbc0d78a4090e362a0544
59,210.02337878,0.01218135596924,0x4fd89aecf21f1b40f77a514651d490b86e83d655,2017-10-27T17:11:27.000Z,0.000058,0xd2ea382e498316d91b9de8557670149b479721a0,sell,0x83eea00d838f92dec4d1475697b9f4d3537b56e3,0x2e3fe2b84c11bc87a927368e887a75c950ceafc0d601432715fd64fd6240d560
60,210.65534482,0.0102547021858376,0xd2ea382e498316d91b9de8557670149b479721a0,2017-10-27T17:11:27.000Z,0.00004868,0xf20b267e0370c14b974791b613da1afecab869a8,buy,0x83eea00d838f92dec4d1475697b9f4d3537b56e3,0x2e3fe2b84c11bc87a927368e887a75c950ceafc0d601432715fd64fd6240d560
61,375,0.0121125,0xc847559681f261b9c1481df5ff4f4ae014317da0,2017-10-27T17:10:34.000Z,0.0000323,0x4fd89aecf21f1b40f77a514651d490b86e83d655,buy,0x83eea00d838f92dec4d1475697b9f4d3537b56e3,0x7cc5c442108f4d33374c8dfc8f619459a1083529c20cad18115aea414ad52d59
62,1375,0.0807125,0x4fd89aecf21f1b40f77a514651d490b86e83d655,2017-10-27T16:48:26.000Z,0.0000587,0xaa85b24ac88a0a235f1977821194adce1cda9144,sell,0x83eea00d838f92dec4d1475697b9f4d3537b56e3,0x8f29a5246c83292eb4d11bcab8911fa6dae45c67fc6e5261278ee4beaf84ef4a
63,103.92315338,0.006100289103778287,0xcc16e731603785a71da1ecdd99acb29ae1cf85d3,2017-10-27T11:52:34.000Z,0.00005870000000358232,0x6742f656a2914cf8d0792b5d1ed8669e3da76692,buy,0x83eea00d838f92dec4d1475697b9f4d3537b56e3,0x89be0625a8e2b510d761d6718dece20e94128df17dd2704efe2498cdca65bbd6
64,1200,0.07044,0x003fea0b96b915a7442f1daf0369040480badcbc,2017-10-27T08:33:46.000Z,0.0000587,0x6742f656a2914cf8d0792b5d1ed8669e3da76692,buy,0x83eea00d838f92dec4d1475697b9f4d3537b56e3,0x59831ff8db2f008a59c16208535d8a5d39593c04fb5a0568227f542223458111
65,5000,0.2715,0x003fea0b96b915a7442f1daf0369040480badcbc,2017-10-27T08:28:27.000Z,0.0000543,0x6742f656a2914cf8d0792b5d1ed8669e3da76692,buy,0x83eea00d838f92dec4d1475697b9f4d3537b56e3,0xd730172fcf01f68ec8545a55c4e7d2f13b2131daff3b93eb47103de5db2a1c8c
66,10966,0.5943572,0x003fea0b96b915a7442f1daf0369040480badcbc,2017-10-27T08:11:53.000Z,0.0000542,0xfbf7dc0756a9768d0c71aea5f8421f3b1eaee7d1,buy,0x83eea00d838f92dec4d1475697b9f4d3537b56e3,0x559937b5120d5073659b876b4f39a9146bf56b18142a594f8f3300ddee4516e5
67,505.45603845,0.0192073294611,0x8799e8fe11b2ac73cd9da93083905e7a7d8b7fee,2017-10-27T08:11:53.000Z,0.000038,0x27564eb2a537d3526d57eab2b5c19ea708d77552,sell,0x83eea00d838f92dec4d1475697b9f4d3537b56e3,0x5cb3ce2b80423f80e19eebc0f7602a63d4ccb043925855ef11d6212575ac0437
68,320.7462819,0.0121883587122,0x8799e8fe11b2ac73cd9da93083905e7a7d8b7fee,2017-10-27T05:25:50.000Z,0.000038,0x0b9615a4b1fc27f29a287a0fc898114af8474d29,sell,0x83eea00d838f92dec4d1475697b9f4d3537b56e3,0xf716be68510adb0446e89a11d58624b644370a5e232c61659c6c50d9a8c49d31
69,10966.00532485,0.341042765602835,0xfbf7dc0756a9768d0c71aea5f8421f3b1eaee7d1,2017-10-27T02:05:23.000Z,0.0000311,0x000438f1de357e597b457decc8bf91964451518b,sell,0x83eea00d838f92dec4d1475697b9f4d3537b56e3,0xfe851e3f28443fbbe53ff298a5b25844edc1099c12a416b648d542fdb9a4f96d
70,600,0.0216,0xac5b8828d1c5758788fa5d7e0d8aa3d75b4f2d37,2017-10-27T01:45:39.000Z,0.000036,0x028766e77831ba458cf66e585e6341519706a266,buy,0x83eea00d838f92dec4d1475697b9f4d3537b56e3,0xaa0988d9b2cf8898db3028a5fc30be37f6dda2ecd70ba5a638e42702dfe1914f
71,29000,1.5515,0xa9b99cb789c360f60cbae181e0e0c2908f36439a,2017-10-27T01:14:57.000Z,0.0000535,0xfbf7dc0756a9768d0c71aea5f8421f3b1eaee7d1,buy,0x83eea00d838f92dec4d1475697b9f4d3537b56e3,0x850516440eebc421dff1b7a50a9dc4028cd8841b212d508ca243502ee0832364
72,507.02295217,0.018252775575824783,0x27564eb2a537d3526d57eab2b5c19ea708d77552,2017-10-27T01:08:38.000Z,0.0000359999,0x0aa9e5d62f8a852a6baac786c43f2ea64a4ebc8d,buy,0x83eea00d838f92dec4d1475697b9f4d3537b56e3,0x450972865054b7a8430cf129ed99ab6ab64576a17a2bfbcc8ec40eb1f6c8d7d4
73,200,0.00719998,0xe8e311545cc2117b7a2fcbff0b78b348ec6164e8,2017-10-27T00:53:59.000Z,0.0000359999,0x0aa9e5d62f8a852a6baac786c43f2ea64a4ebc8d,buy,0x83eea00d838f92dec4d1475697b9f4d3537b56e3,0xc0d1154cf817cfa9b36e8fd5ea13cdbdc325c6ba75a98deff2e9808cc9596300
74,500,0.03,0xaa1355520d66fa39891fea4812e81bb21382d5df,2017-10-26T20:50:02.000Z,0.00006,0x0adc54fbcb39e3bcb5a632b8e0e3dc8bfa0e2e47,buy,0x83eea00d838f92dec4d1475697b9f4d3537b56e3,0xdae3535427e8e524bba3828e53a3b11f527801e6881b2bd845829e99efbe06c0
75,4060,0.13601,0x37762170f59e85fb6c09ba67bac1a0ab72947471,2017-10-26T18:39:22.000Z,0.0000335,0x23ca50828542a820ed3f18acafddcd18432170e3,sell,0x83eea00d838f92dec4d1475697b9f4d3537b56e3,0xb5e2429e728852815f7f8f8719c03dc855c52c4fdfa3f9a903e707bb8a995aad
76,289.0601164,0.010810819447488866,0x36513e2ee2751d2b679479424f0e9eb48695bfde,2017-10-26T14:25:08.000Z,0.00003739990000048608,0x0aa9e5d62f8a852a6baac786c43f2ea64a4ebc8d,buy,0x83eea00d838f92dec4d1475697b9f4d3537b56e3,0x87f9dc10efbe00ad7bf2bd16e943ea5d077e2221ae2202cfaf64488874f77ea2
77,997,0.138583,0x8e6d9d4869a6e8e1889428e7e9182a3d83e9f290,2017-10-26T14:20:42.000Z,0.000139,0x273a5d3e6721b9f5c1a6474f560c1334c63dda01,sell,0x83eea00d838f92dec4d1475697b9f4d3537b56e3,0x4e199b891dfd610ef88454050ce23b99f0642151ed6f1d0cdaca448101da4636
78,1000,0.0374,0x273a5d3e6721b9f5c1a6474f560c1334c63dda01,2017-10-26T14:20:42.000Z,0.0000374,0xfbf7dc0756a9768d0c71aea5f8421f3b1eaee7d1,buy,0x83eea00d838f92dec4d1475697b9f4d3537b56e3,0x4e199b891dfd610ef88454050ce23b99f0642151ed6f1d0cdaca448101da4636
79,24864.298,0.932411175,0x36513e2ee2751d2b679479424f0e9eb48695bfde,2017-10-26T13:21:38.000Z,0.0000375,0xe1e1d0d73eeb29d0632bc4c7871bfc74dbed0741,buy,0x83eea00d838f92dec4d1475697b9f4d3537b56e3,0x81856ae9ff730ee3378215057235f25154a11bb1dd2d0f6eefc58013bcff9667
80,480.63187659,0.0149092008118218,0x37762170f59e85fb6c09ba67bac1a0ab72947471,2017-10-26T10:10:05.000Z,0.00003102,0xc7e85c4d0a076a16d45b82642e719a79f2ee4f7f,sell,0x83eea00d838f92dec4d1475697b9f4d3537b56e3,0x159f90278222b024d6c3758bdab84f2ef3900066bc888a412c37e2cb6a763024
81,1.07,0.00003317,0x8a424781254908e4bc40db921f969218eef3c81a,2017-10-26T05:38:15.000Z,0.000031,0x23ca50828542a820ed3f18acafddcd18432170e3,sell,0x83eea00d838f92dec4d1475697b9f4d3537b56e3,0xd8d38fcdb3d7d6ba773d3cc29ac02a762e791c2276907f6391339a6f0fe32193
82,10917.15285215,0.33843173841665,0x8a424781254908e4bc40db921f969218eef3c81a,2017-10-26T05:35:53.000Z,0.000031,0x23ca50828542a820ed3f18acafddcd18432170e3,sell,0x83eea00d838f92dec4d1475697b9f4d3537b56e3,0x0556721d4e291f0fcdd1c2d375dd32e5860ad4190d4cced7c8a76a229b7c4082
83,448.658,0.014357056,0xedefb704c441373990ddb3978b3008d6cff7f6e4,2017-10-26T05:28:03.000Z,0.000032,0x23ca50828542a820ed3f18acafddcd18432170e3,sell,0x83eea00d838f92dec4d1475697b9f4d3537b56e3,0x84a07b4bdbc1aea3e77657ee2f052585a7ac543f34fa1b72af9d750a765275db
84,651.34189284,0.02084294057088,0xedefb704c441373990ddb3978b3008d6cff7f6e4,2017-10-26T01:41:16.000Z,0.000032,0x74e11bbe2fa8b1686c859ff23a869e392404e3c9,sell,0x83eea00d838f92dec4d1475697b9f4d3537b56e3,0x7f42f21a292df4115249d4875561f6763f1df50af7000b62243c29cce4068b38
85,1000,0.034,0x0adc54fbcb39e3bcb5a632b8e0e3dc8bfa0e2e47,2017-10-25T21:30:37.000Z,0.000034,0x74e11bbe2fa8b1686c859ff23a869e392404e3c9,sell,0x83eea00d838f92dec4d1475697b9f4d3537b56e3,0x7e4c83c1d91ef93dec48eb02914563d7ee4a3c7d272d17917cbd7d3065305f07
86,2000,0.068,0x28ef6c0161667aac9268f93250a7798591c428ff,2017-10-25T21:30:09.000Z,0.000034,0x74e11bbe2fa8b1686c859ff23a869e392404e3c9,sell,0x83eea00d838f92dec4d1475697b9f4d3537b56e3,0xb4ff4af895d8e3ec5f166d3ef7069d93733810d8ddce2e2ba2a0d509d5030f51
87,2965.23388557,0.10081795210938,0xabdaac8cc185fe49bf723d9922eb4698ef0ee6b1,2017-10-25T21:28:48.000Z,0.000034,0x74e11bbe2fa8b1686c859ff23a869e392404e3c9,sell,0x83eea00d838f92dec4d1475697b9f4d3537b56e3,0x4e9034e4d381144ff7c6641d91cd40a38da1431c509accb4246e0260ccd9c3cd
88,2000,0.0682,0x23ca50828542a820ed3f18acafddcd18432170e3,2017-10-25T21:28:40.000Z,0.0000341,0x74e11bbe2fa8b1686c859ff23a869e392404e3c9,sell,0x83eea00d838f92dec4d1475697b9f4d3537b56e3,0x7954475e7269f0a175968355301b74b4422b8d50dedb1c28c50b4094eb788318
89,3500,0.1197,0x28c432f6a71e0fc884172ecb59c9e57911540486,2017-10-25T21:28:37.000Z,0.0000342,0x74e11bbe2fa8b1686c859ff23a869e392404e3c9,sell,0x83eea00d838f92dec4d1475697b9f4d3537b56e3,0xb1bd83e812f076fca3f1007dee3af1081929aaf73151e6067ca699aaada26f5a
90,1000,0.034201,0x60c797646b94c0f3a2a349c265f422360d7a8983,2017-10-25T21:21:49.000Z,0.000034201,0x8f2722f5b1e2963047154468237ebdbc7e1ab4c4,sell,0x83eea00d838f92dec4d1475697b9f4d3537b56e3,0x07d421762dc655594241c0271ddac281b7b38b3c30224aa2e06d01378655f972
91,494.5550393,0.01968279600917827,0x36513e2ee2751d2b679479424f0e9eb48695bfde,2017-10-25T18:33:07.000Z,0.00003979900000015684,0xe21b893a3f9a56f6a1e1171d8010131ed27cf03c,buy,0x83eea00d838f92dec4d1475697b9f4d3537b56e3,0x9afffdd870d252f6c17e96f02ff81b3653a5032d5af49c65f96dd9c5ab706d64
92,3987.63821094,0.13557969917196,0xabdaac8cc185fe49bf723d9922eb4698ef0ee6b1,2017-10-25T13:37:41.000Z,0.000034,0x23653fe88920240ec7339e4ddbd89dc0d9e9c9ac,sell,0x83eea00d838f92dec4d1475697b9f4d3537b56e3,0x278c680158343baebc7174f7d68af33c1e18552b7a18eedc664fdf5f3ff25afe
93,11095.89775631,0.378370113490171,0xdef0083fea701af025c19bdf0d328d5a44eac384,2017-10-25T12:58:52.000Z,0.0000341,0x448a701ecd1473c62ebb68363259f78b3cd24e6f,sell,0x83eea00d838f92dec4d1475697b9f4d3537b56e3,0x2c89709724cae526ba0e58d83d06d1ef4a486f404010bf7aeba999a33e0d4178
94,481.617,0.017819829,0xe8d354e910a3b9836f99ff22f16ff87cd7bef396,2017-10-25T09:57:21.000Z,0.000037,0xf84bfa23c2ab766c47056011b26e2d12ade5c754,buy,0x83eea00d838f92dec4d1475697b9f4d3537b56e3,0x4c8e34d32d5bf108b7d0e98abfd3edb8272ebf7d6a91016e232ceedd9422e48e
95,2990.7287409,0.1016847771906,0xabdaac8cc185fe49bf723d9922eb4698ef0ee6b1,2017-10-25T06:14:42.000Z,0.000034,0xe3ce4e6dee834490bf52447b95cbd3aee50a6d72,sell,0x83eea00d838f92dec4d1475697b9f4d3537b56e3,0x41177f65154dee7a8733054938c3b605e64f603ddfaec49e71b0a9f1e853ca92
96,56.39916259,0.00191757152806,0xabdaac8cc185fe49bf723d9922eb4698ef0ee6b1,2017-10-25T05:14:49.000Z,0.000034,0x74e11bbe2fa8b1686c859ff23a869e392404e3c9,sell,0x83eea00d838f92dec4d1475697b9f4d3537b56e3,0x47aa494a7ba44bf1895934f5d62464a2e83bfe63013b35522f30c29a986212c9
97,5939.58711145,0.197788250811285,0x6742f656a2914cf8d0792b5d1ed8669e3da76692,2017-10-25T02:22:56.000Z,0.0000333,0x1b73ab0c1a8e0c8a29c4cdbb3a7e0abaf9cfcca6,sell,0x83eea00d838f92dec4d1475697b9f4d3537b56e3,0xf786e0e08a7e381b6b7f0f482f4faa7b6dc63a5214a86dcff08cb852f79f0fc8
98,14000,0.4816,0x4d63f7bc86b6c300953c7784a526a837200f06cb,2017-10-25T02:22:12.000Z,0.0000344,0x1b73ab0c1a8e0c8a29c4cdbb3a7e0abaf9cfcca6,sell,0x83eea00d838f92dec4d1475697b9f4d3537b56e3,0xf74b0f002f80f3fce540b6c8c798d49494089b66185439ffa9358dc8428141a6
99,30466.328,1.084936406408,0x4b0925f7776c00378f9556fcd4b3aaf3efe0013f,2017-10-25T02:18:37.000Z,0.000035611,0xe1e1d0d73eeb29d0632bc4c7871bfc74dbed0741,sell,0x83eea00d838f92dec4d1475697b9f4d3537b56e3,0xe2bcc7a0968bb0abba3a367d557cf1a3195af63da88b546af2707cea78b148c4
100,4565.82058549,0.16436954107764,0xfbf7dc0756a9768d0c71aea5f8421f3b1eaee7d1,2017-10-25T02:18:37.000Z,0.000036,0xe1e1d0d73eeb29d0632bc4c7871bfc74dbed0741,sell,0x83eea00d838f92dec4d1475697b9f4d3537b56e3,0x71c62ba8144361a21aaafec2476c41370fec2f733bc1668339150d61334371d6
101,25434.17941451,0.91563045892236,0xfbf7dc0756a9768d0c71aea5f8421f3b1eaee7d1,2017-10-25T02:03:32.000Z,0.000036,0xe1e1d0d73eeb29d0632bc4c7871bfc74dbed0741,sell,0x83eea00d838f92dec4d1475697b9f4d3537b56e3,0x551b2eb9b44052104babd384ef4251099645673b7a4d11d949dec5ccee436865
102,9533.67192802,0.33950359102872024,0x4b0925f7776c00378f9556fcd4b3aaf3efe0013f,2017-10-25T01:38:45.000Z,0.000035611,0x1306cfd0419e55e09c3e1c98bbc21f2b2aaad6f4,sell,0x83eea00d838f92dec4d1475697b9f4d3537b56e3,0x8fa2893b1938ecdb32dfca55af562f1a86413df626cee0f5cd5907f8df9b56be
103,403.563,0.01614252,0x1b73ab0c1a8e0c8a29c4cdbb3a7e0abaf9cfcca6,2017-10-25T01:37:43.000Z,0.00004,0x1306cfd0419e55e09c3e1c98bbc21f2b2aaad6f4,sell,0x83eea00d838f92dec4d1475697b9f4d3537b56e3,0xde399eaf6bb07d762095c7eeae121f5542ff13957cac3d36aa4f181f12fb0fe0
104,996.317,0.03985268,0x1b73ab0c1a8e0c8a29c4cdbb3a7e0abaf9cfcca6,2017-10-25T00:09:46.000Z,0.00004,0x27d0d1bf330ddcd77efdeff02a745539978abf71,sell,0x83eea00d838f92dec4d1475697b9f4d3537b56e3,0xacca59d87a59bb4c869c8f02a1eda28dbc4fe6254a1acf3bed07468d7f4534b7
105,104.67550593,0.0041870202372,0x1b73ab0c1a8e0c8a29c4cdbb3a7e0abaf9cfcca6,2017-10-24T20:31:11.000Z,0.00004,0x54b4e3fb904aadbf7d80aae42306b35b398e41d0,sell,0x83eea00d838f92dec4d1475697b9f4d3537b56e3,0x7ac7166efbc2f9109a0b370fd955df96fce8ad2f94583b224ad8acf09660d411
106,10.80741109,0.0006484446654,0xd7aa1c710f46bb2b783fe6408f87c417bf0bb4a3,2017-10-24T19:52:58.000Z,0.00006,0x1d5321e125f6c7079a716705541c7b371ca79e69,sell,0x83eea00d838f92dec4d1475697b9f4d3537b56e3,0x8ce9bd8bc2c760c68919ae2922b7a267ec389f013095f462a2d9a761e404490c
107,10.83983333,0.000601610749815,0x1d5321e125f6c7079a716705541c7b371ca79e69,2017-10-24T19:52:58.000Z,0.0000555,0xf84bfa23c2ab766c47056011b26e2d12ade5c754,buy,0x83eea00d838f92dec4d1475697b9f4d3537b56e3,0x8ce9bd8bc2c760c68919ae2922b7a267ec389f013095f462a2d9a761e404490c
108,230.342892,0.0921371568,0x27d0d1bf330ddcd77efdeff02a745539978abf71,2017-10-24T19:39:47.000Z,0.0004,0x273a5d3e6721b9f5c1a6474f560c1334c63dda01,sell,0x83eea00d838f92dec4d1475697b9f4d3537b56e3,0x3bc26ae9d8026c5b4cb597c454bbcb9414a145e58bc601592276359b592423dc
109,231.036,0.012822498,0x273a5d3e6721b9f5c1a6474f560c1334c63dda01,2017-10-24T19:39:47.000Z,0.0000555,0xf84bfa23c2ab766c47056011b26e2d12ade5c754,buy,0x83eea00d838f92dec4d1475697b9f4d3537b56e3,0x3bc26ae9d8026c5b4cb597c454bbcb9414a145e58bc601592276359b592423dc
110,18350.84432557,0.7340337730228,0x1b73ab0c1a8e0c8a29c4cdbb3a7e0abaf9cfcca6,2017-10-24T17:15:27.000Z,0.00004,0xe9ec61742f0672c851e4413fb9eb305886fb8919,sell,0x83eea00d838f92dec4d1475697b9f4d3537b56e3,0x1b5768ac3c5bb7ae1732fc851a20139847b557318c94c49aebe23f389406d53a
111,144.6,0.005784,0x1b73ab0c1a8e0c8a29c4cdbb3a7e0abaf9cfcca6,2017-10-24T16:28:52.000Z,0.00004,0x143ecfee04a13884e5310fe20c61abb954fc5e09,sell,0x83eea00d838f92dec4d1475697b9f4d3537b56e3,0x5c9b231d8404ea75715c050a3fd2736e8fe78e26dc6af1b6832ea34d4eaabddf
112,64.67964402,0.00304000794858402,0xe21b893a3f9a56f6a1e1171d8010131ed27cf03c,2017-10-24T16:26:53.000Z,0.000047001,0x143ecfee04a13884e5310fe20c61abb954fc5e09,sell,0x83eea00d838f92dec4d1475697b9f4d3537b56e3,0xb4259b4ee763bd1a27fe249e3c249d1d67305c64aab239fbbd5913d3c4b9a41c
113,3002.705,0.135121725,0x23653fe88920240ec7339e4ddbd89dc0d9e9c9ac,2017-10-24T14:27:50.000Z,0.000045,0xe1e1d0d73eeb29d0632bc4c7871bfc74dbed0741,sell,0x83eea00d838f92dec4d1475697b9f4d3537b56e3,0x6ec7dd5df2255ee16ea048fed1de29a9f786383253bdcab80866aa109574f315
114,997.2948894,0.044878270023,0x23653fe88920240ec7339e4ddbd89dc0d9e9c9ac,2017-10-24T12:35:19.000Z,0.000045,0x3e43b4e95d6e2c8bff378b6726ec513edaf42549,sell,0x83eea00d838f92dec4d1475697b9f4d3537b56e3,0x3b834732e71af3664e01a7868c998c2ad43edd00f072cb96a8a64e7a486e34ff
115,625.15703389,0.04094778572031328,0x46ff9ef998f45d2ba1aa6b6644c0479a74c02a9c,2017-10-24T11:59:38.000Z,0.00006550000000082904,0xf84bfa23c2ab766c47056011b26e2d12ade5c754,buy,0x83eea00d838f92dec4d1475697b9f4d3537b56e3,0xc978a32c59698b2f960ff25b25a2bf43e76726fc311604b476281a309054d6fc
116,449.99973981,0.028484983529973,0xd7aa1c710f46bb2b783fe6408f87c417bf0bb4a3,2017-10-24T10:00:51.000Z,0.0000633,0xf84bfa23c2ab766c47056011b26e2d12ade5c754,sell,0x83eea00d838f92dec4d1475697b9f4d3537b56e3,0x8a5de27151a81747b1f18a759f79b300899fda18a01d5b34792b974a7c1ded54
117,0.00026019,0.000000016470027,0xd7aa1c710f46bb2b783fe6408f87c417bf0bb4a3,2017-10-24T08:36:25.000Z,0.0000633,0xf60e69ed3b8cbd43330e31893e28925c8880b2bf,sell,0x83eea00d838f92dec4d1475697b9f4d3537b56e3,0x0a38e9aee4386eb4cce16769ec203922eae86c63e89488cb7173483ffbe3f946
118,200,0.014798,0xd7aa1c710f46bb2b783fe6408f87c417bf0bb4a3,2017-10-24T06:06:00.000Z,0.00007399,0x6446896b10465549af133800f86155f48a188943,buy,0x83eea00d838f92dec4d1475697b9f4d3537b56e3,0x3e7a90c30dd442d8909137c275e14f5e14ab5bbe8cfc957ad7564dca16ce061a
119,2911.72445349,0.1035118043215695,0xe1e1d0d73eeb29d0632bc4c7871bfc74dbed0741,2017-10-24T04:12:30.000Z,0.00003555,0x9778550d76b07ac9f5e57392f68ecdf6efc1774e,sell,0x83eea00d838f92dec4d1475697b9f4d3537b56e3,0x38b57c2cadf887db0889168b49412eadefa72c4c954237f0415df1be70be3f9a
120,2800,0.210791,0x52877f055d3e1702cd5ca279cd88ed963bea7add,2017-10-24T04:09:16.000Z,0.0000752825,0xe1e1d0d73eeb29d0632bc4c7871bfc74dbed0741,sell,0x83eea00d838f92dec4d1475697b9f4d3537b56e3,0x747a2fcf6b0cf2f2f28fdd65bfe800e42d5ad023787139600c53c644b6fdb854
121,1534,0.10738,0x9736a16b07015a608518a47785818b6b4bde5233,2017-10-24T03:48:13.000Z,0.00007,0xd59280c8ea49acd62c56d6bc5688324f07b95786,buy,0x83eea00d838f92dec4d1475697b9f4d3537b56e3,0x3f43a3ce45321c416412687d200699864426dca31a4b661809cb664d639e4b56
122,200,0.01598,0x9736a16b07015a608518a47785818b6b4bde5233,2017-10-24T03:48:13.000Z,0.0000799,0x971f30c325d9924ad472adf0bf98702502baad93,buy,0x83eea00d838f92dec4d1475697b9f4d3537b56e3,0xcf433c60b5d820754d3145d02b858f51b59b2e87883c0f4b28e54c46fcb9144f
123,3000,0.24,0x9736a16b07015a608518a47785818b6b4bde5233,2017-10-24T03:48:13.000Z,0.00008,0xb21cc737227e04b4a36d12c0e9a455dd2d4a07f1,buy,0x83eea00d838f92dec4d1475697b9f4d3537b56e3,0xaf88996735a5c6a3a26329a89cdd45f4b3516fc08ec9d5035561f0384446ede7
124,250,0.01375,0xc36a96314ff0256bd1c9665c191c65b9efd583bf,2017-10-23T21:10:47.000Z,0.000055,0x6742f656a2914cf8d0792b5d1ed8669e3da76692,buy,0x83eea00d838f92dec4d1475697b9f4d3537b56e3,0x6d28b383777d5a001c5ff3ca10ed365cf7f48c1a7bca876fffee74b3314f9e67
125,1750,0.09625,0xee4e91f82a4857eee513648ca736ca71fdbddb96,2017-10-23T20:56:09.000Z,0.000055,0x6742f656a2914cf8d0792b5d1ed8669e3da76692,buy,0x83eea00d838f92dec4d1475697b9f4d3537b56e3,0x57643754a0075c801afce449c48fd451d409a059563959b17705b9869597f2fa
126,2000,0.11,0xc36a96314ff0256bd1c9665c191c65b9efd583bf,2017-10-23T20:47:58.000Z,0.000055,0x5da17644f34a493c1b67989f2d03f03e5c8516a0,buy,0x83eea00d838f92dec4d1475697b9f4d3537b56e3,0xbac9fa400d550830134c1f649d2bf9d646748e58a63c644544f56c97c92ccad8
127,21000,1.155,0xe21b893a3f9a56f6a1e1171d8010131ed27cf03c,2017-10-23T20:47:43.000Z,0.000055,0x6742f656a2914cf8d0792b5d1ed8669e3da76692,buy,0x83eea00d838f92dec4d1475697b9f4d3537b56e3,0xaa7b21b194ebb6261ab2ed99b9c3a16cd0d6126b14ba01f6c004d90538c3e767
128,1534.68003445,0.06906060155025,0xd59280c8ea49acd62c56d6bc5688324f07b95786,2017-10-23T20:06:07.000Z,0.000045,0x26cae83f14c493e7c68964d698398f6bab3711ef,sell,0x83eea00d838f92dec4d1475697b9f4d3537b56e3,0xc425a3c88613f48229a2c403fe6e2f0559e5ae983a529295c63416c9ece691d0
129,4984,0.2492,0x1306cfd0419e55e09c3e1c98bbc21f2b2aaad6f4,2017-10-23T17:18:46.000Z,0.00005,0xe1e1d0d73eeb29d0632bc4c7871bfc74dbed0741,buy,0x83eea00d838f92dec4d1475697b9f4d3537b56e3,0x737ed93d7aa747c70e0236504d3b165a83db8faeec249ea72ebca5c4a7a79447
130,4984,0.2636536,0x1306cfd0419e55e09c3e1c98bbc21f2b2aaad6f4,2017-10-23T05:51:40.000Z,0.0000529,0xfbf7dc0756a9768d0c71aea5f8421f3b1eaee7d1,buy,0x83eea00d838f92dec4d1475697b9f4d3537b56e3,0x199a5527ce861b61b220856e499edcd6d4a876039067f5583c702b6abf6dbebd
131,17.6056338,0.001,0x4a57d0208164a1c1c63c75395dc444428a07b50a,2017-10-23T05:24:07.000Z,0.000056800000009088,0xe1e1d0d73eeb29d0632bc4c7871bfc74dbed0741,buy,0x83eea00d838f92dec4d1475697b9f4d3537b56e3,0xc64cd0100ac0455599f451c8470e478051993b1b01f0f1855f1cb546710b7ad4
132,4984.5479015,0.17096999302145,0xfbf7dc0756a9768d0c71aea5f8421f3b1eaee7d1,2017-10-23T04:37:52.000Z,0.0000343,0x4b43041e418b16bb7dcf94a09f721cc73574fc04,sell,0x83eea00d838f92dec4d1475697b9f4d3537b56e3,0x80c755be5a57610ab4602a09d9ba6396784dda1801b67eabc86a23101051dbdf
133,0.99690958,0.000034094307636,0x0a1f14c312fb0163161306bc1cd4d89de00ad045,2017-10-23T04:05:04.000Z,0.0000342,0x7d053385a05276eedcaf706325ae34ae544741a6,sell,0x83eea00d838f92dec4d1475697b9f4d3537b56e3,0xe720a24bc4b3059bc55e445a2293839fa3d7c4fc55cb59ed46fe780359844a7a
134,212.35837727,0.008727929305797,0x05ba2697951537fa3838ac15dad54dea4ff453ac,2017-10-22T17:10:14.000Z,0.0000411,0xb8c4d3c48fd783800efae55dfcef124e7b4f56c9,sell,0x83eea00d838f92dec4d1475697b9f4d3537b56e3,0x492e70e6b310da0c50f041f1a61823bef280a7b3e8c3d567665c18efd059b97a
135,2687.16977371,0.14510716778034,0x23ca50828542a820ed3f18acafddcd18432170e3,2017-10-22T17:07:02.000Z,0.000054,0x530e5eb41c2d27aa50ada1f0519b6db1ebae7b54,sell,0x83eea00d838f92dec4d1475697b9f4d3537b56e3,0x9a1223a701681c482bfa64af13c5a68d5f221e5303fdba0351ae75dc288fab78
136,2312.83022629,0.12489283221966,0x23ca50828542a820ed3f18acafddcd18432170e3,2017-10-22T16:50:30.000Z,0.000054,0x530e5eb41c2d27aa50ada1f0519b6db1ebae7b54,sell,0x83eea00d838f92dec4d1475697b9f4d3537b56e3,0xb43a9d67fa68a3e399754a17694677b82afe3548f0abeded95f63895c934dea7
137,500,0.027,0xf9411ccabda4627f4b703d1c52d6221b171f4a5c,2017-10-22T16:48:44.000Z,0.000054,0xe1e1d0d73eeb29d0632bc4c7871bfc74dbed0741,buy,0x83eea00d838f92dec4d1475697b9f4d3537b56e3,0xccf6570570ef661724e369ae12bb8eea2c2113ed87762012407d688126ed73ca
138,344.7630609,0.01999625753246508,0xd5a0105bf611ba208b5f715664348233ec81ed0f,2017-10-21T23:51:59.000Z,0.00005800000000076887,0xe1e1d0d73eeb29d0632bc4c7871bfc74dbed0741,buy,0x83eea00d838f92dec4d1475697b9f4d3537b56e3,0x085f42bb891fddaccbbbeb11dddb5943ee5a7ee1e7997618d02a771e95981067
139,1000.132,0.0571075372,0xd5a0105bf611ba208b5f715664348233ec81ed0f,2017-10-21T23:46:44.000Z,0.0000571,0x3e7d005ed164cc1b2066279cf625a0960281dfb2,buy,0x83eea00d838f92dec4d1475697b9f4d3537b56e3,0xed61f037defcd40f5d4f7a200a0dfd94017b80d66d6a41767d9254dfec9d0373
140,300,0.0100206,0x326efcafc310081c2d44583dc4742c085e94c6e6,2017-10-21T23:21:39.000Z,0.000033402,0x374fbcabcdb2869544b5f5fcfc0e0f71552495aa,sell,0x83eea00d838f92dec4d1475697b9f4d3537b56e3,0xb169021f93552762649aeacefd150808406af912d157503bc8c67fb86cface8c
141,13943.36623187,0.573072352129857,0x05ba2697951537fa3838ac15dad54dea4ff453ac,2017-10-21T21:04:31.000Z,0.0000411,0x8b9276bb660560e17704006d1144cd930f70d9e3,sell,0x83eea00d838f92dec4d1475697b9f4d3537b56e3,0x5f7f5d7b2c508719c5c70ff65a713542347d0be24d2f7bee60024a2b69552ea3
142,4218.14894298,0.24465263869315124,0xe9ec61742f0672c851e4413fb9eb305886fb8919,2017-10-21T18:25:05.000Z,0.00005800000000007378,0xe1e1d0d73eeb29d0632bc4c7871bfc74dbed0741,buy,0x83eea00d838f92dec4d1475697b9f4d3537b56e3,0xa4118a9b88ff06bc4b142720baa3eefa43167337a6bc89647b009f50a0b250bb
143,7097,0.4052387,0xe9ec61742f0672c851e4413fb9eb305886fb8919,2017-10-21T18:23:43.000Z,0.0000571,0xfbf7dc0756a9768d0c71aea5f8421f3b1eaee7d1,buy,0x83eea00d838f92dec4d1475697b9f4d3537b56e3,0xdaf250b8c6bba94ca5ef7ad1e37e75bb2655ad819790ab9b3708e668b85b4636
144,3.47840049,0.000142962260139,0x05ba2697951537fa3838ac15dad54dea4ff453ac,2017-10-21T18:23:16.000Z,0.0000411,0x4d63f7bc86b6c300953c7784a526a837200f06cb,sell,0x83eea00d838f92dec4d1475697b9f4d3537b56e3,0xb60c90f6ba458b4b4e455a668d3b23285cc97ffe58e7146512c9eda70f36bfee
145,6600,0.3234,0xe9ec61742f0672c851e4413fb9eb305886fb8919,2017-10-21T18:22:37.000Z,0.000049,0xf082e67d73561f40c30a9cd41a1b24999ef57362,buy,0x83eea00d838f92dec4d1475697b9f4d3537b56e3,0x6e08087342ba1188c087b272f54fc52af52820fb0db5669106e8d63680e639b9
146,492.583,0.0236932423,0xe9ec61742f0672c851e4413fb9eb305886fb8919,2017-10-21T18:22:06.000Z,0.0000481,0xbfe2032313ade60e707dff437f41767e073ba639,buy,0x83eea00d838f92dec4d1475697b9f4d3537b56e3,0xae0b5394ab78d1007f39e8514a3450954efcb2ba531b56602d405082d7fa6f73
147,34891.83531053,1.434054431262783,0x05ba2697951537fa3838ac15dad54dea4ff453ac,2017-10-21T18:21:11.000Z,0.0000411,0x4d63f7bc86b6c300953c7784a526a837200f06cb,sell,0x83eea00d838f92dec4d1475697b9f4d3537b56e3,0x9d9aa656e54e655b8853b006fb72895046549dc96f54f3f9812b9e5ec2b78333
148,6600,0.30624,0xf082e67d73561f40c30a9cd41a1b24999ef57362,2017-10-21T14:04:04.000Z,0.0000464,0xe1e1d0d73eeb29d0632bc4c7871bfc74dbed0741,sell,0x83eea00d838f92dec4d1475697b9f4d3537b56e3,0x9906e64759d0755fd950f97d8a4bf53cc311d2a90ca772403ccc5d111e4ec8b9
149,5074.2909217,0.2354521730578017,0x4b0925f7776c00378f9556fcd4b3aaf3efe0013f,2017-10-21T14:04:04.000Z,0.000046401,0xe1e1d0d73eeb29d0632bc4c7871bfc74dbed0741,sell,0x83eea00d838f92dec4d1475697b9f4d3537b56e3,0xdec6d6e4a9e99f753da6a2e24f3136e375aaea9cd6f4323fee3042ba998510cb
150,2000,0.093002,0x28ef6c0161667aac9268f93250a7798591c428ff,2017-10-21T13:52:18.000Z,0.000046501,0xe1e1d0d73eeb29d0632bc4c7871bfc74dbed0741,sell,0x83eea00d838f92dec4d1475697b9f4d3537b56e3,0x3521603ba0a6f6b3185deafae047dd96dd85e81db01e0a16fa61dc7d04d54af7
151,0.49099972,0.00002278287800772,0x4b0925f7776c00378f9556fcd4b3aaf3efe0013f,2017-10-21T07:20:00.000Z,0.000046401,0x683005131979a6d623551dc77e8ea677fb5166bb,sell,0x83eea00d838f92dec4d1475697b9f4d3537b56e3,0x0f879f25b7cd9ad6c150dfffe5a281a263788f5a13d2d545e10c88c4a95cefa5
152,4925.21807858,0.2285350440641906,0x4b0925f7776c00378f9556fcd4b3aaf3efe0013f,2017-10-21T07:19:24.000Z,0.000046401,0x683005131979a6d623551dc77e8ea677fb5166bb,sell,0x83eea00d838f92dec4d1475697b9f4d3537b56e3,0x203ec10fe232ebc4b6dcb62ce0c9238d4c8ee9f1312201995b7d538ee2e31450
153,20000,0.94,0x6742f656a2914cf8d0792b5d1ed8669e3da76692,2017-10-21T07:18:52.000Z,0.000047,0x683005131979a6d623551dc77e8ea677fb5166bb,sell,0x83eea00d838f92dec4d1475697b9f4d3537b56e3,0x970b5a50fae6d7d55895f8c1bed2fb748bf047603dfc046b886536d6f8db0dd3
154,1000,0.0525,0x0330d87a06e404b0d829fad1794b85a779f5d574,2017-10-20T08:12:58.000Z,0.0000525,0x9778550d76b07ac9f5e57392f68ecdf6efc1774e,sell,0x83eea00d838f92dec4d1475697b9f4d3537b56e3,0xd5a83ac60e2f505865cb2baf84a0fe1362c94d60b12a4569a22d3aade80fc2d8
155,14000,0.728,0x90ca1894fbfa69eff6e2a89a53d87f66ccf97174,2017-10-20T08:12:44.000Z,0.000052,0x9778550d76b07ac9f5e57392f68ecdf6efc1774e,sell,0x83eea00d838f92dec4d1475697b9f4d3537b56e3,0xb1cc4baed60a2d9a828df91f19d3309c5238a291cf8b21b59b0ba92ea6ad959b
156,1320,0.06996,0x530e5eb41c2d27aa50ada1f0519b6db1ebae7b54,2017-10-20T07:54:32.000Z,0.000053,0xddfbdda55bdc949c34cd9e368b540a2616bb716c,sell,0x83eea00d838f92dec4d1475697b9f4d3537b56e3,0x409f4398a21805f69cbeb365767325ea23f6b4c86778ada1b4c64a2f343448a0
157,1000,0.069,0x90ca1894fbfa69eff6e2a89a53d87f66ccf97174,2017-10-19T19:13:20.000Z,0.000069,0x8f2722f5b1e2963047154468237ebdbc7e1ab4c4,buy,0x83eea00d838f92dec4d1475697b9f4d3537b56e3,0x95a4580bbfa3279f425520f0ffae3271aa0a18dd28716c44bacbcd1a7881d140
158,10,0.001,0x36513e2ee2751d2b679479424f0e9eb48695bfde,2017-10-19T18:48:02.000Z,0.0001,0x8b9276bb660560e17704006d1144cd930f70d9e3,buy,0x83eea00d838f92dec4d1475697b9f4d3537b56e3,0x6e5bd37278a2b8f5790088fe5ce4b0b8394faa82322f792e5d581637838d5371
159,1000,0.0544,0x530e5eb41c2d27aa50ada1f0519b6db1ebae7b54,2017-10-19T17:59:44.000Z,0.0000544,0x8f2722f5b1e2963047154468237ebdbc7e1ab4c4,buy,0x83eea00d838f92dec4d1475697b9f4d3537b56e3,0x6cfbf2c769a6cd5f881205513fe70812c187c4a8111fcb40aab61f574726f610
160,2926.81975719,0.129950797219236,0x6742f656a2914cf8d0792b5d1ed8669e3da76692,2017-10-19T16:32:10.000Z,0.0000444,0xee8a389281f18c33c6c52ed3ec407529dfc08b27,sell,0x83eea00d838f92dec4d1475697b9f4d3537b56e3,0x82711765793853b145668f6cc3fd5f3cf39aa3b1369777057615bda7631edfcd
161,1,0.0000655,0x6cdea8e07bf82d7a07dbf36642d6e5be8623845c,2017-10-19T14:31:34.000Z,0.0000655,0xfbf7dc0756a9768d0c71aea5f8421f3b1eaee7d1,buy,0x83eea00d838f92dec4d1475697b9f4d3537b56e3,0xf9048d3de7bc5b407f0b67c45c7a23ccb6746267f0ac2e210d511d76900dba7b
162,1795.03556416,0.0797713804712704,0xe1e1d0d73eeb29d0632bc4c7871bfc74dbed0741,2017-10-19T14:27:50.000Z,0.00004444,0x3e43b4e95d6e2c8bff378b6726ec513edaf42549,sell,0x83eea00d838f92dec4d1475697b9f4d3537b56e3,0x66dcf0cc711027d30bfaeb2b9852de6eb66ae864e83a32e6769a959cc19f3d8b
163,995.414,0.047779872,0x3e7d005ed164cc1b2066279cf625a0960281dfb2,2017-10-19T14:24:56.000Z,0.000048,0x3e43b4e95d6e2c8bff378b6726ec513edaf42549,sell,0x83eea00d838f92dec4d1475697b9f4d3537b56e3,0x1c3a330088d66142ead6a9b780e3161c0884e34503f56a83e28120246dcfb0b4
164,4.58578406,0.00022011763488,0x3e7d005ed164cc1b2066279cf625a0960281dfb2,2017-10-19T13:51:35.000Z,0.000048,0x4c57754ab203bc1e15af3235bfbada7d099e814b,sell,0x83eea00d838f92dec4d1475697b9f4d3537b56e3,0xe2efdf8865d62021988d3fc7ce01cc8602d558e3e42a022227c249682882f8f0
165,6443.95710995,0.36343918100118,0xf95208f47a17888fb46131511a11d7c63498759c,2017-10-19T13:09:25.000Z,0.0000564,0x63a738a1a1a46413da86271666349a59eef10ddd,sell,0x83eea00d838f92dec4d1475697b9f4d3537b56e3,0x3b9eae5930b3fccffb6b727880b77ce3d53d8f91bc86332a6ffcfbf7bebc83c0
166,7403.541,0.4227421911,0x4d63f7bc86b6c300953c7784a526a837200f06cb,2017-10-19T13:08:11.000Z,0.0000571,0x63a738a1a1a46413da86271666349a59eef10ddd,sell,0x83eea00d838f92dec4d1475697b9f4d3537b56e3,0x403fe99e93cb733ef600002020aebda1c7a2e5d37a74ed8b2562ad362294b21b
167,13596.459,0.7763578089,0x4d63f7bc86b6c300953c7784a526a837200f06cb,2017-10-19T12:30:11.000Z,0.0000571,0x88ad1ea01e9635ecadcff10a19c05d1b1cbe90b9,sell,0x83eea00d838f92dec4d1475697b9f4d3537b56e3,0x184b417e9c30fb58b83fb627b112fed6e3f8ce3faba7b7a2950bef98f0b5baad
168,2706.89655172,0.15699999999976,0x530e5eb41c2d27aa50ada1f0519b6db1ebae7b54,2017-10-19T12:26:30.000Z,0.000058,0x88ad1ea01e9635ecadcff10a19c05d1b1cbe90b9,sell,0x83eea00d838f92dec4d1475697b9f4d3537b56e3,0x5df91b208732c9fd965bda08f75f6e8ce9e35e1fe8e7a1635196e011ce5917e1
169,3677.49077859,0.21329446515822,0x530e5eb41c2d27aa50ada1f0519b6db1ebae7b54,2017-10-19T12:23:30.000Z,0.000058,0x88ad1ea01e9635ecadcff10a19c05d1b1cbe90b9,sell,0x83eea00d838f92dec4d1475697b9f4d3537b56e3,0xb7b52a86db57cef93e8b2f77ab457a0518beb6cbaad0c650fc4bfcd775264565
170,1322.50922141,0.07670553484178,0x530e5eb41c2d27aa50ada1f0519b6db1ebae7b54,2017-10-19T11:39:47.000Z,0.000058,0x3e7d005ed164cc1b2066279cf625a0960281dfb2,sell,0x83eea00d838f92dec4d1475697b9f4d3537b56e3,0xa70c277b37c0317e698f7ac9d2e54d1080c7b3e5aa95b021895954095834921f
171,1000,0.048,0x530e5eb41c2d27aa50ada1f0519b6db1ebae7b54,2017-10-19T09:45:17.000Z,0.000048,0x372b065a1f42babf93114aab36611b7591760054,sell,0x83eea00d838f92dec4d1475697b9f4d3537b56e3,0xe230128d3698d1117429355965816638efa9f4b8359f106dd6f9e3ff21e81c20
172,1641.17130718,0.06974978055515,0xd68770378df68422d49ab8da2cade727e761550c,2017-10-19T03:53:33.000Z,0.0000425,0xb2b8caebdd790765d69218483fb1966689bb6bc2,sell,0x83eea00d838f92dec4d1475697b9f4d3537b56e3,0x47075a5d456e06b00bf48d3a08a9894c316f92dc6acc94e202543174c23eddf0
173,3000,0.231,0x6a6fd86f0b1cf21271ef69c554e1dad0f892ba07,2017-10-19T02:46:50.000Z,0.000077,0x530e5eb41c2d27aa50ada1f0519b6db1ebae7b54,buy,0x83eea00d838f92dec4d1475697b9f4d3537b56e3,0xcc51e509819fc64e67a0e6c5f20df3229978436fbc9456f37bfb18394845b568
174,850,0.0472175,0x1ad4945f3607d57dcc8b6141adfc18cced044356,2017-10-19T02:07:00.000Z,0.00005555,0xee8a389281f18c33c6c52ed3ec407529dfc08b27,sell,0x83eea00d838f92dec4d1475697b9f4d3537b56e3,0xac1a78f9839f5803ee655303953f13e1bc7b3696db4ca3b6839ea765e73faa68
175,499,0.069361,0x4001e49b223c8ce19f7d0adccc0f5e9391ba4fe5,2017-10-19T01:38:02.000Z,0.000139,0x050f0cc82e02f4ecba86796d26f2adb33bb093dc,buy,0x83eea00d838f92dec4d1475697b9f4d3537b56e3,0x94eccf68b7d105a6366c9adadcc139e23b06761469b6da02a46f6b43fabdfb0c
176,399.52729916,0.03156265663364,0x4001e49b223c8ce19f7d0adccc0f5e9391ba4fe5,2017-10-19T01:27:56.000Z,0.000079,0xcfa8de15552d1cd0e07235340c87a22e55a0196d,buy,0x83eea00d838f92dec4d1475697b9f4d3537b56e3,0x8e45a4a2acbc3780c14b5a1aa3ed3f7361d91233ce057a494d6db20baff57056
177,3047.57009069,0.24075498959441932,0x4001e49b223c8ce19f7d0adccc0f5e9391ba4fe5,2017-10-19T01:24:11.000Z,0.000078999,0x00ac8a2bf7d97b363667aae3995192abada3c471,buy,0x83eea00d838f92dec4d1475697b9f4d3537b56e3,0x9a926788edbce0d5d7cc71c1a40ba9add863ecaf4403ef28dd31a46462bfcdd4
178,11000,0.616,0x36513e2ee2751d2b679479424f0e9eb48695bfde,2017-10-19T01:05:12.000Z,0.000056,0xe1e1d0d73eeb29d0632bc4c7871bfc74dbed0741,sell,0x83eea00d838f92dec4d1475697b9f4d3537b56e3,0x91ce8f32982123430d5d79d77cfc764d4e5205fb0c94a9d71ee5c85fcb982e74
179,30000,1.71,0x6742f656a2914cf8d0792b5d1ed8669e3da76692,2017-10-19T01:04:49.000Z,0.000057,0xe1e1d0d73eeb29d0632bc4c7871bfc74dbed0741,sell,0x83eea00d838f92dec4d1475697b9f4d3537b56e3,0x0fa14abea13772a07e657771103f2e2cc259797a366567cfffdb4e47385767cf
180,1684,0.095988,0xf51b0d92d808d5632a6d2b574b624d2313111d3b,2017-10-18T22:14:50.000Z,0.000057,0xe1e1d0d73eeb29d0632bc4c7871bfc74dbed0741,sell,0x83eea00d838f92dec4d1475697b9f4d3537b56e3,0x19833b00031d8a7b3cc9c46dab67e2deccbe431c0189d72f848237544f36e506
181,3788.44289844,0.2841294289407524,0xee8a389281f18c33c6c52ed3ec407529dfc08b27,2017-10-18T19:29:58.000Z,0.00007499900000017178,0x00ac8a2bf7d97b363667aae3995192abada3c471,buy,0x83eea00d838f92dec4d1475697b9f4d3537b56e3,0x77b7cc6f2d9403911ff5892cbfedcaa672a01302358e1974069179eb1c815734
182,16679.31349045,1.000758809427,0x27d0d1bf330ddcd77efdeff02a745539978abf71,2017-10-18T16:25:59.000Z,0.00006,0xd5e42078f9f75a5c6c6cdb1a87705acecabac272,sell,0x83eea00d838f92dec4d1475697b9f4d3537b56e3,0xb2627c51fe9fbbfe16f7b94d8666eec6bc8e7514381706def9cd1967e9a71ab9
183,1,0.000076999,0x3ac636ac5c3a2576156ac5f10066ca68abe0ad54,2017-10-18T16:21:52.000Z,0.000076999,0x00ac8a2bf7d97b363667aae3995192abada3c471,buy,0x83eea00d838f92dec4d1475697b9f4d3537b56e3,0xdc25798d1d74ba9c26bfbb091e87959ea224808f857ea20b99c0a41735f61b19
184,4089.65008473,0.2453790050838,0x27d0d1bf330ddcd77efdeff02a745539978abf71,2017-10-18T16:19:47.000Z,0.00006,0x0018bb2e2d85df0c70d0e76b6f1ccd7be18763ff,sell,0x83eea00d838f92dec4d1475697b9f4d3537b56e3,0x72d4ed6fe2f4f28d28ae2c52f02535bdd48c31bd65879dd0f397d5a7909366c0
185,6.49359082,0.0005,0xf9695cd65d6dfdf257fab76a3eb0cb8f001971cc,2017-10-18T15:38:04.000Z,0.00007699900006942537,0x00ac8a2bf7d97b363667aae3995192abada3c471,buy,0x83eea00d838f92dec4d1475697b9f4d3537b56e3,0x77b765eb9b2058b5d935c8e358bc30eef37e0502a61e5040d8c5312a5db22ccb
186,6.49359082,0.0005,0x379374d13077e8867ef31803c37baf9785a17c00,2017-10-18T15:37:02.000Z,0.00007699900006942537,0x00ac8a2bf7d97b363667aae3995192abada3c471,buy,0x83eea00d838f92dec4d1475697b9f4d3537b56e3,0x38e23fae475f00d9ccf787dbfd474f7aa38d2afdebdf31abea22148b2aa030ab
187,100,0.0066667,0x971f30c325d9924ad472adf0bf98702502baad93,2017-10-18T14:59:55.000Z,0.000066667,0xe1e1d0d73eeb29d0632bc4c7871bfc74dbed0741,sell,0x83eea00d838f92dec4d1475697b9f4d3537b56e3,0x8a666552c9702e609f203657c50871a9657b9f6484d88aea8934c08f0ad8a4ca
188,10000,0.666,0x6742f656a2914cf8d0792b5d1ed8669e3da76692,2017-10-18T14:59:07.000Z,0.0000666,0xe1e1d0d73eeb29d0632bc4c7871bfc74dbed0741,sell,0x83eea00d838f92dec4d1475697b9f4d3537b56e3,0x5ba5be2d60f73673579ae2c5986b78d89f6fc93967892c235991d59807572521
189,6850,0.45666895,0x00ac8a2bf7d97b363667aae3995192abada3c471,2017-10-18T14:58:01.000Z,0.000066667,0xe1e1d0d73eeb29d0632bc4c7871bfc74dbed0741,sell,0x83eea00d838f92dec4d1475697b9f4d3537b56e3,0x10a0549dd363b3c6e36346f20d8c166365a38ca7dd0b6cf9a006843ddb4364b6
190,601.31697885,0.040588896072375,0x5d7ab46fb3e00fb3baf7a91a6235c7b41a888581,2017-10-18T14:57:47.000Z,0.0000675,0xe1e1d0d73eeb29d0632bc4c7871bfc74dbed0741,sell,0x83eea00d838f92dec4d1475697b9f4d3537b56e3,0x03f3d9c9e7300a6d9c2450549c7c14c05e8389d2bb4bb6cd92118f85836a885d
191,13072.39698489,0.882386796480075,0xde0136dfe8c34265d5352540acf04c86e407dd0c,2017-10-18T14:56:24.000Z,0.0000675,0xe1e1d0d73eeb29d0632bc4c7871bfc74dbed0741,sell,0x83eea00d838f92dec4d1475697b9f4d3537b56e3,0xfcd166eb51b9518b66cb73672045798bf85707649f85608eeed131db7e1b37ee
192,6068.651,0.412668268,0xfbf7dc0756a9768d0c71aea5f8421f3b1eaee7d1,2017-10-18T14:56:16.000Z,0.000068,0xe1e1d0d73eeb29d0632bc4c7871bfc74dbed0741,sell,0x83eea00d838f92dec4d1475697b9f4d3537b56e3,0x36545ede766030f1a381e5c5e373d765c53e0c2d9c569b79c8e593d1c5632aab
193,100,0.0079,0xa6919c55da45eb052d21de7f79a75e2846b20bc9,2017-10-18T14:56:07.000Z,0.000079,0xe1e1d0d73eeb29d0632bc4c7871bfc74dbed0741,sell,0x83eea00d838f92dec4d1475697b9f4d3537b56e3,0x630461d4d04a8cc00051adbe95638b132ea60139cc53fa5a083cb3fb76bea953
194,99.898,0.008591228,0xa6919c55da45eb052d21de7f79a75e2846b20bc9,2017-10-18T14:18:06.000Z,0.000086,0x530e5eb41c2d27aa50ada1f0519b6db1ebae7b54,sell,0x83eea00d838f92dec4d1475697b9f4d3537b56e3,0x352db8b60231058395529c0de193ccef8efad71d3ac880bcf248f1804141998c
195,0.10164413,0.00000874139518,0xa6919c55da45eb052d21de7f79a75e2846b20bc9,2017-10-18T14:12:45.000Z,0.000086,0xfe9811239b185475385fc04821e145699f7c7661,sell,0x83eea00d838f92dec4d1475697b9f4d3537b56e3,0xf92cbe07984010513b4ec3769de0fb9bc1219407c3c2dc844f3cef62b436818f
196,1019.59226398,0.06933227395064,0xfbf7dc0756a9768d0c71aea5f8421f3b1eaee7d1,2017-10-18T14:10:41.000Z,0.000068,0xfe9811239b185475385fc04821e145699f7c7661,sell,0x83eea00d838f92dec4d1475697b9f4d3537b56e3,0xbd4a521f6492331f539fdc90f2280dba7b86f414c2132513b4c7814eaeebae4f
197,4000,0.3,0x12332c860b0d14d33d355a0b5f6a169a25aee000,2017-10-18T14:07:30.000Z,0.000075,0xfe9811239b185475385fc04821e145699f7c7661,sell,0x83eea00d838f92dec4d1475697b9f4d3537b56e3,0x9cdcc1c46000a103adca32683c8d47da6aa511c399a8ce3aba3ab7b910cf1712
198,2100,0.1827,0x5a7f52c42526ddb16755d0681ddc80be166c2ff6,2017-10-18T13:32:44.000Z,0.000087,0xcf5fc15d82a33845f6acdc6068b8dab269c56c7e,buy,0x83eea00d838f92dec4d1475697b9f4d3537b56e3,0x5cda8c0861143cd89f0fe5ada36313f4b052d6fcbdcc9a87f5da0f90c6000e54
199,6989.95903397,0.6011364769215433,0xee7b3f022559ec128baeb0d765080daa43ab253f,2017-10-18T12:59:55.000Z,0.00008600000000001762,0xfbf7dc0756a9768d0c71aea5f8421f3b1eaee7d1,buy,0x83eea00d838f92dec4d1475697b9f4d3537b56e3,0xe55174d75a8a82dc2231a948254f2f03b8370a1b1276d873508a848402d5b49a
200,6927.60301511,0.467613203519925,0xde0136dfe8c34265d5352540acf04c86e407dd0c,2017-10-18T12:23:18.000Z,0.0000675,0xe3f061d9724f0daacaada6438b32e7492f2bf251,sell,0x83eea00d838f92dec4d1475697b9f4d3537b56e3,0xdfd250e059e3e8d13bde6b92e8ec806c3a2ad0ba5b41be5ee1bd16dedd899c78
201,4465.254,0.314800407,0x9778550d76b07ac9f5e57392f68ecdf6efc1774e,2017-10-18T11:26:15.000Z,0.0000705,0x122f96f94880facdb7258a6cea71b1f8c024f387,buy,0x83eea00d838f92dec4d1475697b9f4d3537b56e3,0x64682c9700512fe0c38059cfa3515a78f2a9b3549edcfbf925da353678322401
202,1188.218,0.081987042,0x0f5facbaf6f3f8a24a3807e46eaa7ba309b32548,2017-10-18T11:17:03.000Z,0.000069,0xd5e42078f9f75a5c6c6cdb1a87705acecabac272,sell,0x83eea00d838f92dec4d1475697b9f4d3537b56e3,0x2cbf9cab0a74cadfc1ea1f20d60b32859dce3ce25b6b8a6268f7204f1afdf816
203,10000,0.7,0x508e4a96dab9bd044d0bb654d623c4ef663dfc35,2017-10-18T11:15:47.000Z,0.00007,0xd5e42078f9f75a5c6c6cdb1a87705acecabac272,sell,0x83eea00d838f92dec4d1475697b9f4d3537b56e3,0x029a527641cbe26df444061d4bd3e8f8e23903eba85030be7381a447a9646b8e
204,4014.15551717,0.282997963960485,0x0f5facbaf6f3f8a24a3807e46eaa7ba309b32548,2017-10-18T11:14:54.000Z,0.0000705,0xd5e42078f9f75a5c6c6cdb1a87705acecabac272,sell,0x83eea00d838f92dec4d1475697b9f4d3537b56e3,0x250bb6e459f0fba96599364aac272be45568b2606e1d288e4f536bcdfb170f59
205,7000,0.497,0xfbf7dc0756a9768d0c71aea5f8421f3b1eaee7d1,2017-10-18T11:14:33.000Z,0.000071,0xd5e42078f9f75a5c6c6cdb1a87705acecabac272,sell,0x83eea00d838f92dec4d1475697b9f4d3537b56e3,0x6071df9901824682e6ec5f61309eeb3a75a9f2658ace98cba24968e1b991fffb
206,5985.84448283,0.422002036039515,0x0f5facbaf6f3f8a24a3807e46eaa7ba309b32548,2017-10-18T09:39:26.000Z,0.0000705,0xe3f061d9724f0daacaada6438b32e7492f2bf251,sell,0x83eea00d838f92dec4d1475697b9f4d3537b56e3,0xb2f9668d402500e2464010d0edd91b6b13e5bd740cca7d240f5deb4d2dcd4f4f
207,4000,0.3,0x9778550d76b07ac9f5e57392f68ecdf6efc1774e,2017-10-18T09:32:45.000Z,0.000075,0xcfa8de15552d1cd0e07235340c87a22e55a0196d,buy,0x83eea00d838f92dec4d1475697b9f4d3537b56e3,0x58308de5b3eff314fc286a20329f1bce56842d36822f752b6c228d9bbf34ef6c
208,9071.05163908,0.7982525442398288,0x0f5facbaf6f3f8a24a3807e46eaa7ba309b32548,2017-10-18T07:20:01.000Z,0.00008800000000008696,0x74f355aeddfe000c50701d15594e37af63fddaa4,buy,0x83eea00d838f92dec4d1475697b9f4d3537b56e3,0x1b4072a9362f7bd4f05881067707e468688736e77b9282bcaf45cd02706058c7
209,2949.94836091,0.2595954557601712,0x530e5eb41c2d27aa50ada1f0519b6db1ebae7b54,2017-10-18T04:59:37.000Z,0.0000880000000000309,0x74f355aeddfe000c50701d15594e37af63fddaa4,buy,0x83eea00d838f92dec4d1475697b9f4d3537b56e3,0x16c9cd787ecb60aec955de3f10ea4dd716836372cd8c808b4cf332bc0de1d390
210,100,0.0066668,0x971f30c325d9924ad472adf0bf98702502baad93,2017-10-18T03:33:13.000Z,0.000066668,0x374fbcabcdb2869544b5f5fcfc0e0f71552495aa,sell,0x83eea00d838f92dec4d1475697b9f4d3537b56e3,0x26d780d102d4e75feec19e5421fa91d630780f18d921b64e127eabe116bf2b6d
211,1798.10780809,0.16182970272821243,0x3e43b4e95d6e2c8bff378b6726ec513edaf42549,2017-10-18T00:45:15.000Z,0.00009000000000006252,0x122f96f94880facdb7258a6cea71b1f8c024f387,buy,0x83eea00d838f92dec4d1475697b9f4d3537b56e3,0xa7e2be7b34b422398c2b2fee7cca0e187ee84e9b4232d12ee577ad8be8017096
212,65,0.00585,0x337ba02a94cfa87ff734406d45865bf338b2580f,2017-10-18T00:38:56.000Z,0.00009,0x122f96f94880facdb7258a6cea71b1f8c024f387,buy,0x83eea00d838f92dec4d1475697b9f4d3537b56e3,0xa8897c4d322650d8e0c23a9dfb6195c0b9e970fb6399e90728b967970854b933
213,67.061,0.00603549,0x5f3ec22cf5c45527887febc5a32db462be84604b,2017-10-17T22:34:59.000Z,0.00009,0x337ba02a94cfa87ff734406d45865bf338b2580f,sell,0x83eea00d838f92dec4d1475697b9f4d3537b56e3,0x90d59a251154884f62eb2a792baf63a0a0dd7cbe0465f07372133aec6725f5fb
214,95,0.009405,0xacce16bb49ffe0450aa8ffd4fa7c24b0af2d83ca,2017-10-17T22:21:19.000Z,0.000099,0xcfa8de15552d1cd0e07235340c87a22e55a0196d,buy,0x83eea00d838f92dec4d1475697b9f4d3537b56e3,0xddb76d79a7bc8e05718533fc2997a7c095f298cb29d67df57390eda6e0bc6ca5
215,4505.47270084,0.4460417973834102,0xfe423f6b9b3aa093cc08831d9b106027f97e132e,2017-10-17T21:55:16.000Z,0.00009900000000005553,0xcfa8de15552d1cd0e07235340c87a22e55a0196d,buy,0x83eea00d838f92dec4d1475697b9f4d3537b56e3,0xb70192042d3d4339e538f8221d8a36af9a7d32fb80df2fb1f1e31c0caec03c77
216,4491.95628273,0.5232679873752177,0x122f96f94880facdb7258a6cea71b1f8c024f387,2017-10-17T21:55:16.000Z,0.00011649,0xfe423f6b9b3aa093cc08831d9b106027f97e132e,sell,0x83eea00d838f92dec4d1475697b9f4d3537b56e3,0xb70192042d3d4339e538f8221d8a36af9a7d32fb80df2fb1f1e31c0caec03c77
217,1311.97965623,0.14025062525138868,0xd2ea382e498316d91b9de8557670149b479721a0,2017-10-17T21:51:55.000Z,0.00010690000000030615,0x488f18d46f9105ff554ab4a66874f3989a1a8783,buy,0x83eea00d838f92dec4d1475697b9f4d3537b56e3,0xf7a3e1406e6e94ecaa7ce98f5a187fa8316ca1c89f5192f72a6d572c4c99c386
218,1308.04371726,0.1523740126236174,0x122f96f94880facdb7258a6cea71b1f8c024f387,2017-10-17T21:51:55.000Z,0.00011649,0xd2ea382e498316d91b9de8557670149b479721a0,sell,0x83eea00d838f92dec4d1475697b9f4d3537b56e3,0xf7a3e1406e6e94ecaa7ce98f5a187fa8316ca1c89f5192f72a6d572c4c99c386
219,100,0.011649,0x96373170538a83c7674ef92f41d195203a8abe09,2017-10-17T21:27:14.000Z,0.00011649,0x2475fe4d7a9d7d2e7908baf6697b801596bf5148,buy,0x83eea00d838f92dec4d1475697b9f4d3537b56e3,0xe9aaae7d686016120ad7d92d0b6bb4bada8bb0d7de7e97f659d9c1cc89cff393
220,528.36207755,0.056481906090095,0x122f96f94880facdb7258a6cea71b1f8c024f387,2017-10-17T21:00:51.000Z,0.0001069,0x1ad5b64b9992b88b8c9467ebfaa218cbfa54f709,sell,0x83eea00d838f92dec4d1475697b9f4d3537b56e3,0x21e791960de8ee3434e762bd567b780320161ca2bfe58ae32c5f97a5836d0be4
221,93.53923519,0.009999344242478317,0xc21472bdc8b3778be0260d6c2728dfe1ea2c23f5,2017-10-17T19:03:17.000Z,0.00010690000000713407,0x488f18d46f9105ff554ab4a66874f3989a1a8783,buy,0x83eea00d838f92dec4d1475697b9f4d3537b56e3,0xdbd64d1eb968d40c2a04f246f2b8a9544a79012869226604dcef79e31583ca58
222,194.62365591,0.0181,0xc21472bdc8b3778be0260d6c2728dfe1ea2c23f5,2017-10-17T19:01:18.000Z,0.0000930000000019011,0x5045b2e7c9218f3e8ac939b129a537499fb11e1e,buy,0x83eea00d838f92dec4d1475697b9f4d3537b56e3,0xba3397b4c4cecce48fd9c2983d2345237ee121abb48f44587e46e662b3d969a4
223,5.37634408,0.0005,0x16e5d97bbc92417e051e3b2cabfbf8ceea2acb9c,2017-10-17T18:36:19.000Z,0.00009300000010416,0x5045b2e7c9218f3e8ac939b129a537499fb11e1e,buy,0x83eea00d838f92dec4d1475697b9f4d3537b56e3,0x48ac693125907319862ce7e83eb6ca59ec74af7f1f260e2d70a416c72805cb9a
224,950,0.0855,0xee7b3f022559ec128baeb0d765080daa43ab253f,2017-10-17T17:30:29.000Z,0.00009,0x0018bb2e2d85df0c70d0e76b6f1ccd7be18763ff,sell,0x83eea00d838f92dec4d1475697b9f4d3537b56e3,0x237e9072c0f2ceedc5c6b0d30c6247ab998573be19ec88e68604d7ec9dae879b
225,12356.35448621,1.445681118532549,0xa16ce0398e7a67de7defdef67f6c0a774b8411a0,2017-10-17T17:29:03.000Z,0.00011699900000003764,0x0f5facbaf6f3f8a24a3807e46eaa7ba309b32548,buy,0x83eea00d838f92dec4d1475697b9f4d3537b56e3,0x0f6eb9534579ecc66dc87c3044dc497a49a4bbcf9961478dd21f7225fbe4e6e0
226,3200,0.2912,0xf84bfa23c2ab766c47056011b26e2d12ade5c754,2017-10-17T17:26:24.000Z,0.000091,0x0018bb2e2d85df0c70d0e76b6f1ccd7be18763ff,sell,0x83eea00d838f92dec4d1475697b9f4d3537b56e3,0x8c063d54466a683f30c027652b4ed817a82de3055c8f2038c6c4c72834cc55d0
227,40,0.004276,0x0266783625bee262c1d55882205259e17a135d83,2017-10-17T17:24:03.000Z,0.0001069,0x488f18d46f9105ff554ab4a66874f3989a1a8783,buy,0x83eea00d838f92dec4d1475697b9f4d3537b56e3,0x7dab8413f471b56e14f1b27d8e31f38ff2c917a4969a8356c08362739af0407c
228,1100,0.12859,0xa16ce0398e7a67de7defdef67f6c0a774b8411a0,2017-10-17T17:23:13.000Z,0.0001169,0x488f18d46f9105ff554ab4a66874f3989a1a8783,buy,0x83eea00d838f92dec4d1475697b9f4d3537b56e3,0x2fb25fb4c51ac6c3bcab730b9fa1f49d030a8255304a1ec4d437f636a7b1873e
229,554.48110857,0.059274030506133,0x7aa6e2506316f6d613277d4f2f4e4e1dc55e528e,2017-10-17T17:21:02.000Z,0.0001069,0x488f18d46f9105ff554ab4a66874f3989a1a8783,buy,0x83eea00d838f92dec4d1475697b9f4d3537b56e3,0xfd2f9d6f6641f30e9fc5a06781982913f7d65851b06d3e9939a12f66747dce22
230,552.81766524,0.06136276084164,0xc21472bdc8b3778be0260d6c2728dfe1ea2c23f5,2017-10-17T17:21:02.000Z,0.000111,0x7aa6e2506316f6d613277d4f2f4e4e1dc55e528e,sell,0x83eea00d838f92dec4d1475697b9f4d3537b56e3,0xfd2f9d6f6641f30e9fc5a06781982913f7d65851b06d3e9939a12f66747dce22
231,1445.51889143,0.16045259694873,0xc21472bdc8b3778be0260d6c2728dfe1ea2c23f5,2017-10-17T16:57:50.000Z,0.000111,0xdaced166a3e114cf9a987c3dfec6333401a096f5,sell,0x83eea00d838f92dec4d1475697b9f4d3537b56e3,0xceac38918d48abe637061dd4d843a19655a7a0fcf68a1e2de7b8971d4d361ec6
232,250,0.03,0xf4fd890e3ed61a67a6ad80d2c56bbee6eba18f96,2017-10-17T16:42:02.000Z,0.00012,0xb2b8caebdd790765d69218483fb1966689bb6bc2,sell,0x83eea00d838f92dec4d1475697b9f4d3537b56e3,0x2f959b55a3727ad7a6b55c299f7e27c8b059faa5bc13c8db7d91d67b559afc5a
233,4.27715996,0.0005,0x42c24a83bded723edfdf5883bc7efb30bc1a1bf3,2017-10-17T16:37:24.000Z,0.0001169000001580488,0xeae46ec3c5f204697789b090d03d2d2c72791af6,buy,0x83eea00d838f92dec4d1475697b9f4d3537b56e3,0x3f4f550692ecfbe108e763d13c766729a0961835c1fbaa9f2dac104943244688
234,500,0.05845,0xe47bbeac8f268d7126082d5574b6f027f95af5fb,2017-10-17T16:19:44.000Z,0.0001169,0xeae46ec3c5f204697789b090d03d2d2c72791af6,buy,0x83eea00d838f92dec4d1475697b9f4d3537b56e3,0xf05e63be0033a75610565f083a328ae3aa6bdb0498e28517355b936c4eb8153c
235,500.4,0.060048,0x374fbcabcdb2869544b5f5fcfc0e0f71552495aa,2017-10-17T16:08:11.000Z,0.00012,0x93f263bda652e5061386284a7d3b6ea0cdd27852,buy,0x83eea00d838f92dec4d1475697b9f4d3537b56e3,0xacc7f7068661bc41f48ee09a98df1d1ebbf407eff6c934d7777db8845fa4ff82
236,8.554,0.0009999626,0x337ba02a94cfa87ff734406d45865bf338b2580f,2017-10-17T16:04:58.000Z,0.0001169,0xeae46ec3c5f204697789b090d03d2d2c72791af6,buy,0x83eea00d838f92dec4d1475697b9f4d3537b56e3,0x0face08762beed9042fde178441d69636ecfe76907d577874299dd41f2b8e91b
237,996.08306857,0.08964837264606171,0x0aa9e5d62f8a852a6baac786c43f2ea64a4ebc8d,2017-10-17T15:39:07.000Z,0.0000900009,0x3e43b4e95d6e2c8bff378b6726ec513edaf42549,sell,0x83eea00d838f92dec4d1475697b9f4d3537b56e3,0x2f2276f766a3ce384f858986464fe658b8779579df8e2e6803a31458bd53418d
238,1993.8191606,0.2233077459872,0xc21472bdc8b3778be0260d6c2728dfe1ea2c23f5,2017-10-17T15:18:13.000Z,0.000112,0x80386b7d64963b5d929ff665d8e1cd75fab4bb00,sell,0x83eea00d838f92dec4d1475697b9f4d3537b56e3,0x45a81006d4171e369fafca5e315ebaae9f8ebda50b8833ba746698619b50dc88
239,5505.47682592,0.6441407886327385,0xd047f7330d98264db44bc3e96e4b1b8593949e00,2017-10-17T15:09:47.000Z,0.00011700000000001789,0x6742f656a2914cf8d0792b5d1ed8669e3da76692,buy,0x83eea00d838f92dec4d1475697b9f4d3537b56e3,0xf9ff4b209b9e727eed761d98957a6506ead555b573c1bfead7a16b7e728d7671
240,74.376,0.00780948,0xc21472bdc8b3778be0260d6c2728dfe1ea2c23f5,2017-10-17T15:04:40.000Z,0.000105,0x5f3ec22cf5c45527887febc5a32db462be84604b,buy,0x83eea00d838f92dec4d1475697b9f4d3537b56e3,0x61fe59da2a7cafebc507f01bd58881ddc98b0f6fb6273adb8f88e237843ca188
241,213.01668824,0.024922739507526666,0xb8c4d3c48fd783800efae55dfcef124e7b4f56c9,2017-10-17T14:48:26.000Z,0.0001169990000006333,0x0f5facbaf6f3f8a24a3807e46eaa7ba309b32548,buy,0x83eea00d838f92dec4d1475697b9f4d3537b56e3,0xb103573fbd431c47586c267d4d338b5d94452c5ecbc000b8fba843fcd9e0b99a
242,1000,0.116999,0xf74a0293824dc6ff384cd60093a78766f07adef4,2017-10-17T14:07:19.000Z,0.000116999,0x0f5facbaf6f3f8a24a3807e46eaa7ba309b32548,buy,0x83eea00d838f92dec4d1475697b9f4d3537b56e3,0xbbddcc24bcec1ccad676ac08234b5b650ad7321c5493745239054b33b07354f5
243,7280.84817407,0.8518592363672615,0x337ba02a94cfa87ff734406d45865bf338b2580f,2017-10-17T13:29:33.000Z,0.00011700000000014716,0x6742f656a2914cf8d0792b5d1ed8669e3da76692,buy,0x83eea00d838f92dec4d1475697b9f4d3537b56e3,0x230976c426b66ed8ca846ce713c8513132025ee2503a53564a225619f1124754
244,1709.402,0.200000034,0x609a680235aecded7ce3e0135a3d1d66e1e89f1f,2017-10-17T13:29:03.000Z,0.000117,0x6742f656a2914cf8d0792b5d1ed8669e3da76692,buy,0x83eea00d838f92dec4d1475697b9f4d3537b56e3,0x3521b0191235845c66b916ede564ab0c8927fbd335f9f8593fb0cb36645b280e
245,162.393,0.018999981,0x9241691d9d7f9034ae8eb52749ebe7d828737155,2017-10-17T13:24:48.000Z,0.000117,0x6742f656a2914cf8d0792b5d1ed8669e3da76692,buy,0x83eea00d838f92dec4d1475697b9f4d3537b56e3,0x77156b595b8491dc1b5558a3ea0ecbf2c578ac443337c7eeb9aa86c1ab83eb0e
246,23000,2.3,0x3776b167fd1e956fa0fdc1d15032545283123d8f,2017-10-17T13:18:36.000Z,0.0001,0x8b9276bb660560e17704006d1144cd930f70d9e3,sell,0x83eea00d838f92dec4d1475697b9f4d3537b56e3,0xd120c999d36ba9c514669f3b29f06d10cf2b8f09cf8019ea959da31ad95858cd
247,341.88,0.03999996,0x9241691d9d7f9034ae8eb52749ebe7d828737155,2017-10-17T13:16:06.000Z,0.000117,0x6742f656a2914cf8d0792b5d1ed8669e3da76692,buy,0x83eea00d838f92dec4d1475697b9f4d3537b56e3,0xe5b2703b47b2aa37a4a375b5efd38a2792462da7e1e06ef1ce80811f9005cf44
248,24568.73491072,2.8254045147328,0xd047f7330d98264db44bc3e96e4b1b8593949e00,2017-10-17T13:07:38.000Z,0.000115,0xd1d5600bfb62fe34d557cc5596fb2307e6080ac4,buy,0x83eea00d838f92dec4d1475697b9f4d3537b56e3,0xe5d6d6059aea7d710349d1156a69bf57c08cb1f0c0492df975fe074f3e8c95f2
249,10300,1.1845,0x448a701ecd1473c62ebb68363259f78b3cd24e6f,2017-10-17T12:04:45.000Z,0.000115,0xd1d5600bfb62fe34d557cc5596fb2307e6080ac4,buy,0x83eea00d838f92dec4d1475697b9f4d3537b56e3,0x158f817f1bb72d244f5f5068ad963b6bd08441408b44259c6046b69e17150b64
250,2173.913,0.249999995,0xc3e709a81e14003133e94ac593c58c9e540d13ef,2017-10-17T10:49:17.000Z,0.000115,0xd1d5600bfb62fe34d557cc5596fb2307e6080ac4,buy,0x83eea00d838f92dec4d1475697b9f4d3537b56e3,0x7b758622386d522736e61a1283e63bceeb508f05704c46dad1303887da1ebdd9
251,286.957,0.033000055,0x4bdb44d2009b4e3410825db12d540c22c2171639,2017-10-17T09:30:13.000Z,0.000115,0xd1d5600bfb62fe34d557cc5596fb2307e6080ac4,buy,0x83eea00d838f92dec4d1475697b9f4d3537b56e3,0xff047a9b4a310a6b48a639a39bfb108b9b9a5c823d45d6c9a31d48c3819dfc06
252,996.478,0.0996478,0x4bdb44d2009b4e3410825db12d540c22c2171639,2017-10-17T09:29:43.000Z,0.0001,0xf60e69ed3b8cbd43330e31893e28925c8880b2bf,buy,0x83eea00d838f92dec4d1475697b9f4d3537b56e3,0x64400c3cdf03b93b477d1681d868c56679d517c28d63865486af2d830adb3290
253,74.36945469,0.0066932509221,0x5f3ec22cf5c45527887febc5a32db462be84604b,2017-10-17T08:43:08.000Z,0.00009,0x390c9a8c8df06123389704967c50206034fdbef3,sell,0x83eea00d838f92dec4d1475697b9f4d3537b56e3,0x676b7560f9a913d930f1900dcce204a0424280e8f2b65da6f62c5272721aa449
254,0.007,0.00000063,0x5f3ec22cf5c45527887febc5a32db462be84604b,2017-10-17T08:41:56.000Z,0.00009,0xdf78cf07ef59411f3e747c54ecd0fe5aa66f54fe,sell,0x83eea00d838f92dec4d1475697b9f4d3537b56e3,0xb5e7593794feb1f169c7463362298988466cf720df5a9de5bb3c2d3d808d1261
255,5250,0.49875,0x6a17d47dffe06a6767f47e29f0cc74af06d3ac3f,2017-10-17T08:06:22.000Z,0.000095,0x3dee4a4e076e8d82859d241db0baf46f112cfa23,sell,0x83eea00d838f92dec4d1475697b9f4d3537b56e3,0xf19cf0a0f801793713159714db52fa61ea49c056558109cba1a8700f5cbb78a5
256,200,0.024,0x75ba5e97caf179995b5383d91bdd9eade220c553,2017-10-17T07:53:58.000Z,0.00012,0x93f263bda652e5061386284a7d3b6ea0cdd27852,sell,0x83eea00d838f92dec4d1475697b9f4d3537b56e3,0xe78ea4638394140df7eb40d16c25090a1fd2ed52441b5de9e0f4ccbef66a05c7
257,41500,4.15,0x45012a5df9edb391c2d8ee480451ad837df52607,2017-10-17T06:54:09.000Z,0.0001,0x8b9276bb660560e17704006d1144cd930f70d9e3,sell,0x83eea00d838f92dec4d1475697b9f4d3537b56e3,0x36ebbc83ea24f79ec5e0389365cc3625e53fa3ce6988dede0d84b16eb9543680
258,3.97456279,0.0005,0xcd912af5286dc0b0a23edb30209734ecb60838b3,2017-10-17T06:16:21.000Z,0.0001258000002561288,0xeae46ec3c5f204697789b090d03d2d2c72791af6,buy,0x83eea00d838f92dec4d1475697b9f4d3537b56e3,0x807250cbd77fd73cef3ce489b4142e88586805751f42de6b1c5b80232174976a
259,6004.40060073,0.6004400600738306,0xe3f061d9724f0daacaada6438b32e7492f2bf251,2017-10-17T04:47:31.000Z,0.00010000000000013832,0x8b9276bb660560e17704006d1144cd930f70d9e3,buy,0x83eea00d838f92dec4d1475697b9f4d3537b56e3,0x6abe28a308e7959e82246a3132b1fefe5fa7505c00d35e95eb8193e1fd2ed67e
260,4401,0.4401,0x23ca50828542a820ed3f18acafddcd18432170e3,2017-10-17T04:29:03.000Z,0.0001,0x0018bb2e2d85df0c70d0e76b6f1ccd7be18763ff,sell,0x83eea00d838f92dec4d1475697b9f4d3537b56e3,0x73ac108646dc0059a7f19d8c38e8a939d1ef206da29fa59614e1e6b4c01926be
261,530,0.053,0x1ad5b64b9992b88b8c9467ebfaa218cbfa54f709,2017-10-17T04:06:50.000Z,0.0001,0x8b9276bb660560e17704006d1144cd930f70d9e3,buy,0x83eea00d838f92dec4d1475697b9f4d3537b56e3,0xa0f78151168c07e787dd2673166be14371a86c446bc86170c1942886dfb67128
262,100000,12,0x41893f963ee0b3b061b9f49c549dfab921133397,2017-10-17T04:02:32.000Z,0.00012,0x8b9276bb660560e17704006d1144cd930f70d9e3,buy,0x83eea00d838f92dec4d1475697b9f4d3537b56e3,0x3f671a50281aea321f693d99b83567d0ba37175a81a64aeed263c68ec42dc70c
263,80000,8,0xd5e42078f9f75a5c6c6cdb1a87705acecabac272,2017-10-17T03:05:18.000Z,0.0001,0x8b9276bb660560e17704006d1144cd930f70d9e3,buy,0x83eea00d838f92dec4d1475697b9f4d3537b56e3,0xdabff3b03e09956b0eeaadda37974d65ecdbbb20529b6f56fa30663c81f2bd0b
264,809.45939796,0.08094593979640295,0x05840362302427aac5f90edd1c43c205d5f62260,2017-10-17T02:37:59.000Z,0.00010000000000049782,0x8b9276bb660560e17704006d1144cd930f70d9e3,buy,0x83eea00d838f92dec4d1475697b9f4d3537b56e3,0x9ae1fb847837e4c8a3ad7ea932f51afb58f655e1561953f71de16ce215fbae44
265,200,0.018598,0x05840362302427aac5f90edd1c43c205d5f62260,2017-10-17T02:35:44.000Z,0.00009299,0x5045b2e7c9218f3e8ac939b129a537499fb11e1e,buy,0x83eea00d838f92dec4d1475697b9f4d3537b56e3,0xa857e26a0f2164821bf9ede699792ab56770b7aafc4446d928b1f579046d7d9f
266,1725.61215763,0.14495142124113447,0x05840362302427aac5f90edd1c43c205d5f62260,2017-10-17T02:32:50.000Z,0.00008400000000012429,0x6742f656a2914cf8d0792b5d1ed8669e3da76692,buy,0x83eea00d838f92dec4d1475697b9f4d3537b56e3,0xc1340b6ab56f045991bc2a908886af691a8d39e742899342859f2cc5ba1d402d
267,1000,0.084,0x4ec8264b52c79d09b613688369503a50af302241,2017-10-17T02:24:01.000Z,0.000084,0x6742f656a2914cf8d0792b5d1ed8669e3da76692,buy,0x83eea00d838f92dec4d1475697b9f4d3537b56e3,0xf702a702211185244bf78a1effc13eb02245e6e89fd7b59f3c916a9f60c8f20e
268,3802.58507496,0.3194171462968653,0x05840362302427aac5f90edd1c43c205d5f62260,2017-10-17T02:21:39.000Z,0.00008400000000005925,0x6742f656a2914cf8d0792b5d1ed8669e3da76692,buy,0x83eea00d838f92dec4d1475697b9f4d3537b56e3,0xa30b43642d1808d94df713e42974e1d8b2775ce0212370155fde349c9b146247
269,7408.11483096,0.6222816458006504,0xaaeb6f855c30a0e98ccb57bd5e3e0e902308060c,2017-10-17T02:02:48.000Z,0.0000840000000000014,0x6742f656a2914cf8d0792b5d1ed8669e3da76692,buy,0x83eea00d838f92dec4d1475697b9f4d3537b56e3,0x9be6ec36221e8afa2fa1d40917c25bd0f6f290a9a21245653b7a1cabd7bd2b82
270,2000,0.168,0xd6322a849f3e690693f115c380ab40d02172944a,2017-10-17T01:23:39.000Z,0.000084,0x6742f656a2914cf8d0792b5d1ed8669e3da76692,buy,0x83eea00d838f92dec4d1475697b9f4d3537b56e3,0x4bc69d4aea4a87e5abf0305ec641f8aa1e17eb2d19c5c8ac59cd9e7e7b0b205e
271,3166.5289982,0.2659884358488685,0x8f01fc9aa667bdba9eed7371c3d179da0ba1e03d,2017-10-17T01:01:00.000Z,0.00008400000000002163,0x6742f656a2914cf8d0792b5d1ed8669e3da76692,buy,0x83eea00d838f92dec4d1475697b9f4d3537b56e3,0x2a999bfab919ebfc28bfdb6093e41c94b8ef628721f4f0fbd00ed143ec881ca5
272,897.15893824,0.07536135081248131,0xb2b8caebdd790765d69218483fb1966689bb6bc2,2017-10-17T01:00:50.000Z,0.00008400000000035813,0x6742f656a2914cf8d0792b5d1ed8669e3da76692,buy,0x83eea00d838f92dec4d1475697b9f4d3537b56e3,0x7e912ab42bc9e5ece58f2efc45529c3ff8f11040161511646920d1af0c771b3f
273,9000,0.729,0x8f01fc9aa667bdba9eed7371c3d179da0ba1e03d,2017-10-17T00:54:46.000Z,0.000081,0x6742f656a2914cf8d0792b5d1ed8669e3da76692,buy,0x83eea00d838f92dec4d1475697b9f4d3537b56e3,0xe38a34df7e745813a04cb155fef67e3c55e8779a296122beeec941f79dc00e7c
274,1000,0.081,0xb2b8caebdd790765d69218483fb1966689bb6bc2,2017-10-17T00:34:30.000Z,0.000081,0x6742f656a2914cf8d0792b5d1ed8669e3da76692,buy,0x83eea00d838f92dec4d1475697b9f4d3537b56e3,0x5949ab5b45f65de5d64c34f130eb74d1a72330c4432274196cdf90861fe32eb4
275,19273.40078359,1.61896566582156,0x700a2ae2e1ebbf33a38763ed9ab73fc0479552c2,2017-10-16T23:07:18.000Z,0.000084,0xbd0cbddbd7addc67020f4ca41a98b7267ad8cecc,buy,0x83eea00d838f92dec4d1475697b9f4d3537b56e3,0xc6cc44ea3746cdc81377865572b4a3b4ca4bac5890759522cb7e20dbd34a9d81
276,183.915,0.0147132,0xb85d14ab22a69276e57f24130ce4215e5ffe7dc0,2017-10-16T21:24:40.000Z,0.00008,0x7e826e85cba4d3aaaa1b484f53be01d10f527fd6,buy,0x83eea00d838f92dec4d1475697b9f4d3537b56e3,0x8c4d9fa5870350b0a2743a8f24af31a5f84fbdf8ccfd1eafbd0320dc8e3fc337
277,1000,0.07,0x57e9d807c28e50432f39220ebcc01bc1ae07d7e1,2017-10-16T20:50:55.000Z,0.00007,0x8b9276bb660560e17704006d1144cd930f70d9e3,buy,0x83eea00d838f92dec4d1475697b9f4d3537b56e3,0x5c9f5b5d9e080144e3e1bcd4c3a883eb03e1e5bb3ff71ce7f07289f332f48171
278,10000,0.77,0x0018bb2e2d85df0c70d0e76b6f1ccd7be18763ff,2017-10-16T20:22:38.000Z,0.000077,0x6742f656a2914cf8d0792b5d1ed8669e3da76692,buy,0x83eea00d838f92dec4d1475697b9f4d3537b56e3,0x2e4de1fb5b559e7e16fcf2968c4ce179018bd128118ca1159d0f312b57e6f649
279,2678.981,0.200923575,0x0018bb2e2d85df0c70d0e76b6f1ccd7be18763ff,2017-10-16T20:20:19.000Z,0.000075,0xe1e1d0d73eeb29d0632bc4c7871bfc74dbed0741,buy,0x83eea00d838f92dec4d1475697b9f4d3537b56e3,0xeb6313c4607763910fbac82c70a3fc186595f3cc7d5b02692025374a67b3176d
280,751.79278131,0.04172600294826762,0x5de6c7e2a39746b2e04d456b9fbe3b844c6250c3,2017-10-16T19:33:20.000Z,0.000055502,0x1a89240dc344578f6951f041a856edbd9efa0cd7,sell,0x83eea00d838f92dec4d1475697b9f4d3537b56e3,0xb864fb8106b689b23515e07ca9f54410c65e8c376e4d12daf4f0a4e7f92b9b76
281,999.4008313,0.059964049878,0x4c95c574dae1b335c05ca778ea24b8d9dd515669,2017-10-16T19:31:11.000Z,0.00006,0x1a89240dc344578f6951f041a856edbd9efa0cd7,sell,0x83eea00d838f92dec4d1475697b9f4d3537b56e3,0xaad305210dc741cae4322367cd6c3b46de3abc7ef1d27be57fbe77a5cf115f2c
282,3200,0.1776064,0x5de6c7e2a39746b2e04d456b9fbe3b844c6250c3,2017-10-16T19:28:18.000Z,0.000055502,0x1a89240dc344578f6951f041a856edbd9efa0cd7,sell,0x83eea00d838f92dec4d1475697b9f4d3537b56e3,0xd1be256bb5a0d513dba6dedd34a94a2391139cc0b4e91837348a0b168ede3afb
283,0.5991687,0.000035950122,0x4c95c574dae1b335c05ca778ea24b8d9dd515669,2017-10-16T18:16:29.000Z,0.00006,0x0a72ebae0321b78bf42b5846c57f90d714a5cb31,sell,0x83eea00d838f92dec4d1475697b9f4d3537b56e3,0x9c8fbec8d5a1c7fdfebd92a4f97e076aa72a01ad032868c649c3358a8cdc3d24
284,6010.2612242,0.3335755082043242,0x4b0925f7776c00378f9556fcd4b3aaf3efe0013f,2017-10-16T18:14:28.000Z,0.000055501,0x0a72ebae0321b78bf42b5846c57f90d714a5cb31,sell,0x83eea00d838f92dec4d1475697b9f4d3537b56e3,0x6f4d17cc24b211bd327bd36cd637443e7e2a239e853a198cb3629dbf695d6361
285,5000,0.29001,0x5de6c7e2a39746b2e04d456b9fbe3b844c6250c3,2017-10-16T18:13:34.000Z,0.000058002,0x0a72ebae0321b78bf42b5846c57f90d714a5cb31,sell,0x83eea00d838f92dec4d1475697b9f4d3537b56e3,0xb60711754dc209e937fe190bebac17304697078c582c9e3e23aec910e1990017
286,8928.322,0.508923282322,0x4b0925f7776c00378f9556fcd4b3aaf3efe0013f,2017-10-16T18:11:31.000Z,0.000057001,0x0a72ebae0321b78bf42b5846c57f90d714a5cb31,sell,0x83eea00d838f92dec4d1475697b9f4d3537b56e3,0x40456003e1aebf15abe035d96d3932cc6dce5eb286ab7f85b39bfdbcc5435702
287,2352.00877281,0.14112993440369123,0x056056ce86b7d8108f7c1febac70d637d60ea042,2017-10-16T15:50:08.000Z,0.000060004,0x1a89240dc344578f6951f041a856edbd9efa0cd7,sell,0x83eea00d838f92dec4d1475697b9f4d3537b56e3,0x6973221bc625793081fed620c6679209ac2b5e35d96b97040a9b2fca20ef4805
288,573.22300867,0.03439567341223468,0x056056ce86b7d8108f7c1febac70d637d60ea042,2017-10-16T12:13:32.000Z,0.000060004,0xd17e01f38f53060a7c09e94bccf87f7040acfc7d,sell,0x83eea00d838f92dec4d1475697b9f4d3537b56e3,0x4fa695df2f224ab1346b0c35a04a907391dfa1cd97558e946bb67c9530b9e07d
289,74.76821852,0.00448639218407408,0x056056ce86b7d8108f7c1febac70d637d60ea042,2017-10-16T09:47:40.000Z,0.000060004,0xdf78cf07ef59411f3e747c54ecd0fe5aa66f54fe,sell,0x83eea00d838f92dec4d1475697b9f4d3537b56e3,0x186246b2c4bdd3c70b0e04d7fd549c171eef29fd63645cb83ea291923d821052
290,969.72050057,0.05624475875356057,0xe1e1d0d73eeb29d0632bc4c7871bfc74dbed0741,2017-10-16T01:55:08.000Z,0.000058001,0x36513e2ee2751d2b679479424f0e9eb48695bfde,sell,0x83eea00d838f92dec4d1475697b9f4d3537b56e3,0x7b361032e3b62f317b210bc1d9b6db8a5510b5af87d2b103ebac3d2c2f0462c6
291,1709.26082787,0.09913883727728787,0xe1e1d0d73eeb29d0632bc4c7871bfc74dbed0741,2017-10-15T23:20:46.000Z,0.000058001,0x3e43b4e95d6e2c8bff378b6726ec513edaf42549,sell,0x83eea00d838f92dec4d1475697b9f4d3537b56e3,0x57a424b180558a5aba92f6fdd6763dbc529e063ff101b12e58765f4f959b2cd1
292,1207.5,0.099015,0xf082ec1df8d837ab948ca54e9da31878cc3fb3c2,2017-10-15T17:33:32.000Z,0.000082,0x7e826e85cba4d3aaaa1b484f53be01d10f527fd6,sell,0x83eea00d838f92dec4d1475697b9f4d3537b56e3,0x77e6238f8fa1f5b52e0f89a2975b3e4d692b725334c293e59fd7e5a6c8db94ca
293,2492.5,0.204385,0xf082ec1df8d837ab948ca54e9da31878cc3fb3c2,2017-10-15T16:57:10.000Z,0.000082,0xd2ea382e498316d91b9de8557670149b479721a0,sell,0x83eea00d838f92dec4d1475697b9f4d3537b56e3,0xcca97debc44515a494f061f77075a0cdb9f477113f354f9d58da1eabcff2ea4d
294,2500,0.19725,0xd2ea382e498316d91b9de8557670149b479721a0,2017-10-15T16:57:10.000Z,0.0000789,0x488f18d46f9105ff554ab4a66874f3989a1a8783,buy,0x83eea00d838f92dec4d1475697b9f4d3537b56e3,0xcca97debc44515a494f061f77075a0cdb9f477113f354f9d58da1eabcff2ea4d
295,4122.3,0.3380286,0x361bcac42cd3522a9e0aada41072ef52f259a460,2017-10-15T15:43:51.000Z,0.000082,0x0d0361aff25610e84ba830b80e6e778a72682de6,buy,0x83eea00d838f92dec4d1475697b9f4d3537b56e3,0xee751b739589b8b8e0de6f96d2b0b51a62f88258fe6cca7066e9d1bd86b0c69d
296,48848.56943475,2.8332658757849347,0xe1e1d0d73eeb29d0632bc4c7871bfc74dbed0741,2017-10-15T15:40:26.000Z,0.000058001,0x7db8e55e6842f47d288686f09ef45bd006ce6660,sell,0x83eea00d838f92dec4d1475697b9f4d3537b56e3,0x12e78c4be9797634e1451bc0a13451c5ad474009776b5ecdb1f7cf8447876254
297,1263.172772,0.09979064898813678,0x448a701ecd1473c62ebb68363259f78b3cd24e6f,2017-10-15T15:25:28.000Z,0.00007900000000010827,0x1a89240dc344578f6951f041a856edbd9efa0cd7,buy,0x83eea00d838f92dec4d1475697b9f4d3537b56e3,0xf92bbf39332d4e02b7c961fcd79d64d040a15175790b15c704a83061e0b0fb56
298,3785.73258342,0.29907287409032,0xcf5fc15d82a33845f6acdc6068b8dab269c56c7e,2017-10-15T14:37:56.000Z,0.00007900000000003698,0x1a89240dc344578f6951f041a856edbd9efa0cd7,buy,0x83eea00d838f92dec4d1475697b9f4d3537b56e3,0xf046f73d0a2f7703fd413ccc5311608330683a2d5c281cdb485f1bd58f022218
299,800,0.0632,0x5c5d2fa3384cd2c93338cda30066d11201b1239c,2017-10-15T13:56:07.000Z,0.000079,0x1a89240dc344578f6951f041a856edbd9efa0cd7,buy,0x83eea00d838f92dec4d1475697b9f4d3537b56e3,0x577c776cde3bd70400eef31b096af2fb39398cae4a325cf613c22b318aec32a3
300,74.76821852,0.00426186322385852,0x4b0925f7776c00378f9556fcd4b3aaf3efe0013f,2017-10-15T06:06:55.000Z,0.000057001,0xc6f004e13340ae659f5a731ab0f3d37ad0d35147,sell,0x83eea00d838f92dec4d1475697b9f4d3537b56e3,0x35af45a1c167e015c795f8285e02c04d2ecaae5e24cb8cf18648abcfc4cb7e0f
301,996.90958435,0.05682484321753435,0x4b0925f7776c00378f9556fcd4b3aaf3efe0013f,2017-10-15T02:26:39.000Z,0.000057001,0xa537d985a15358e5095fa653a184454c2f142544,sell,0x83eea00d838f92dec4d1475697b9f4d3537b56e3,0x9f7b8dba08d266eabaf91f69869ab983b68bfdd23cd6aa7a596eecfb62670f75
302,725.79921641,0.06169293339504972,0x1f2c41b9fac1df21fc23c5c402d179e809bdab2b,2017-10-14T21:59:51.000Z,0.00008500000000027518,0xbd0cbddbd7addc67020f4ca41a98b7267ad8cecc,buy,0x83eea00d838f92dec4d1475697b9f4d3537b56e3,0xa0e5e3ea56891524e0d87e742c358fdd8a0854b414c3917b685b2cbb15e3b57a
303,20000,1.68,0x8bc7c1ce3948430f375005704a58792a8fff6a72,2017-10-14T21:10:05.000Z,0.000084,0x6742f656a2914cf8d0792b5d1ed8669e3da76692,buy,0x83eea00d838f92dec4d1475697b9f4d3537b56e3,0x52acd17289617b888767c0c4de000cf70c647d8abae05f252c7f1346aa738a5a
304,218,0.01304076,0x530e5eb41c2d27aa50ada1f0519b6db1ebae7b54,2017-10-14T18:29:48.000Z,0.00005982,0x536f64d331cffbd4d7b17f10e84c0724a85bc514,buy,0x83eea00d838f92dec4d1475697b9f4d3537b56e3,0x4a38214c880adba58e9d528b3aed691d72cba6af9f70e5e6030fb3c68f4aaf7c
305,26,0.00155532,0x4af8d92f5c4e58ac4eee96c62c41ed67e23abb03,2017-10-14T16:05:53.000Z,0.00005982,0x1a89240dc344578f6951f041a856edbd9efa0cd7,sell,0x83eea00d838f92dec4d1475697b9f4d3537b56e3,0x73a40156d904e4dbc8b3947d537f4aa56259d0168cc80c7b3b2dcfbf289518ff
306,74,0.00442668,0x4af8d92f5c4e58ac4eee96c62c41ed67e23abb03,2017-10-14T12:56:18.000Z,0.00005982,0xb5afb9dbc0ace3b351d174dea59cbf5ef4b91771,sell,0x83eea00d838f92dec4d1475697b9f4d3537b56e3,0xce4e488a8e2b049b48121c8acba228a51d41245ebbcc0a09d414a159e7a765ac
307,1994.0657067,0.1096736138685,0x85457717222ea049ec6564df10b853273ecd2d83,2017-10-14T12:08:51.000Z,0.000055,0x568e99cb621ea393f193e154ad023fe032d708d2,sell,0x83eea00d838f92dec4d1475697b9f4d3537b56e3,0x2ce9a91e6485a9ad701d06bad7f6b9c09f4a7e666ff120dd8cd21008be8bb033
308,1165,0.0696903,0x530e5eb41c2d27aa50ada1f0519b6db1ebae7b54,2017-10-14T07:32:47.000Z,0.00005982,0x536f64d331cffbd4d7b17f10e84c0724a85bc514,buy,0x83eea00d838f92dec4d1475697b9f4d3537b56e3,0x09ff0d77899eaaf1304ee25c0cce9c4ca8eab587cfb420e808ca3200f41dd3b1
309,10000,0.7501,0x3dee4a4e076e8d82859d241db0baf46f112cfa23,2017-10-14T03:25:42.000Z,0.00007501,0xad440e6b26dd3a044a97294bf87c017d7fb81c67,sell,0x83eea00d838f92dec4d1475697b9f4d3537b56e3,0x09ea2ab9a6281b63e4668aa1cfc995d5f7a1264d54714612bc41d8a61bbfeed5
310,10030,0.607818,0xad440e6b26dd3a044a97294bf87c017d7fb81c67,2017-10-14T03:22:19.000Z,0.0000606,0xfe9811239b185475385fc04821e145699f7c7661,buy,0x83eea00d838f92dec4d1475697b9f4d3537b56e3,0x45aa6b78a602541f4e6399b2a808340520e2c20fe6c1a63a34a888552cb461d8
311,12000,1.1759999988,0x0ae74fdb34e62cb6b1e426f79eef02baddf07f22,2017-10-13T23:34:50.000Z,0.0000979999999,0x1a89240dc344578f6951f041a856edbd9efa0cd7,buy,0x83eea00d838f92dec4d1475697b9f4d3537b56e3,0x8f2c72c5294dc2cd5b23e4af6b1f9346555d9037f5393966d7565c8da3701ba3
312,418.367,0.0409999659581633,0x3d4153f342a4cdfed09ce5b0e970221400f17abb,2017-10-13T23:06:32.000Z,0.0000979999999,0x1a89240dc344578f6951f041a856edbd9efa0cd7,buy,0x83eea00d838f92dec4d1475697b9f4d3537b56e3,0x4e8e554a574e5702f57d546e787416b0c50c2382ae247c3b5b7a4ba6e99d1b1a
313,18.477,0.00147816,0x5811d7ec71e45bf04b617a43f344cd86d8c715bd,2017-10-13T21:27:28.000Z,0.00008,0x6742f656a2914cf8d0792b5d1ed8669e3da76692,sell,0x83eea00d838f92dec4d1475697b9f4d3537b56e3,0x566ac170365ba8bf8bb1c06da8f16244eab4c9b1a1247aeb6b0c30c5866a0ea6
314,64.753,0.006151535,0xfe9811239b185475385fc04821e145699f7c7661,2017-10-13T19:21:39.000Z,0.000095,0x6742f656a2914cf8d0792b5d1ed8669e3da76692,sell,0x83eea00d838f92dec4d1475697b9f4d3537b56e3,0xad838b74a32068db7b7d43aaee994250ce0f1e073bc23a7125067468f5638b53
315,68.517,0.0067215177,0x2817c9eec8ebc47c11c729498870abd41a84f2fc,2017-10-13T19:21:39.000Z,0.0000981,0x6742f656a2914cf8d0792b5d1ed8669e3da76692,sell,0x83eea00d838f92dec4d1475697b9f4d3537b56e3,0xe2ba1abff8d4c0cc3d317198e5314d52feca186882dfc6d0552aae3fb4834b75
316,500,0.0489,0xf6bdc37264e415bf65c8a97c267d7f9ddccff712,2017-10-13T19:21:39.000Z,0.0000978,0x6742f656a2914cf8d0792b5d1ed8669e3da76692,sell,0x83eea00d838f92dec4d1475697b9f4d3537b56e3,0x4828fe4c29cc85410b7bb431e902e108f3fed7008f2fc5d53fe9d494f8b71ee1
317,32.007,0.002912637,0x000438f1de357e597b457decc8bf91964451518b,2017-10-13T19:21:39.000Z,0.000091,0x6742f656a2914cf8d0792b5d1ed8669e3da76692,sell,0x83eea00d838f92dec4d1475697b9f4d3537b56e3,0xbc33d367ff2629de3503a8e7d0e44065ad59ec197f0f1720416c2452b0132332
318,1330.772,0.0962148156,0x0d0361aff25610e84ba830b80e6e778a72682de6,2017-10-13T17:04:01.000Z,0.0000723,0x4b0925f7776c00378f9556fcd4b3aaf3efe0013f,sell,0x83eea00d838f92dec4d1475697b9f4d3537b56e3,0x1b1e8e74d33b4d1fcac5dce773636c2b4af3b6e9cd66e122b15a5d60bd7cbd4c
319,3574.03201175,0.08220631030226175,0x4b0925f7776c00378f9556fcd4b3aaf3efe0013f,2017-10-13T16:37:02.000Z,0.000023001,0x8b9276bb660560e17704006d1144cd930f70d9e3,sell,0x83eea00d838f92dec4d1475697b9f4d3537b56e3,0xc2e98f78f12fd2163edb6c1553eaa9126e97a813576319816689414d1e6e77b9
320,1725.172,0.120763765172,0x2475fe4d7a9d7d2e7908baf6697b801596bf5148,2017-10-13T16:37:02.000Z,0.000070001,0x8b9276bb660560e17704006d1144cd930f70d9e3,sell,0x83eea00d838f92dec4d1475697b9f4d3537b56e3,0x0394f90631b54244b7155e3c0b1a87fbdc489b1dc6b75214afc564ed68aae665
321,9093.94482405,0.646579476989955,0x6742f656a2914cf8d0792b5d1ed8669e3da76692,2017-10-13T16:37:02.000Z,0.0000711,0x8b9276bb660560e17704006d1144cd930f70d9e3,sell,0x83eea00d838f92dec4d1475697b9f4d3537b56e3,0x0017754bb6612b528df81011804141d7d1c668d7fe90dad1ce0a0b927609fcb9
322,19000.014,1.23500091,0x995cb17d48effe27b4245f6a6412d87ea0492320,2017-10-13T16:37:02.000Z,0.000065,0x8b9276bb660560e17704006d1144cd930f70d9e3,sell,0x83eea00d838f92dec4d1475697b9f4d3537b56e3,0x01dd3026f9aa59fd0774f6cd98d2ce0d62caa8e2d5273b325f42f431f8affcd4
323,30000,1.803,0x6742f656a2914cf8d0792b5d1ed8669e3da76692,2017-10-13T16:37:02.000Z,0.0000601,0x8b9276bb660560e17704006d1144cd930f70d9e3,sell,0x83eea00d838f92dec4d1475697b9f4d3537b56e3,0x0b89bc92e81eb498296a1581493fd0f5abb9b570841d2b651ffb4949d2275797
324,10000,0.71,0x6742f656a2914cf8d0792b5d1ed8669e3da76692,2017-10-13T16:36:23.000Z,0.000071,0x8b9276bb660560e17704006d1144cd930f70d9e3,sell,0x83eea00d838f92dec4d1475697b9f4d3537b56e3,0x1ea6df235b1d60abcb29e59688a1fbf42d47a9ebb9022d8205f8485392dee057
325,4271.60493827,0.311399999999883,0x9562387075449b4619d8c19a5e43b587ba988bee,2017-10-13T16:22:09.000Z,0.0000729,0x4b0925f7776c00378f9556fcd4b3aaf3efe0013f,sell,0x83eea00d838f92dec4d1475697b9f4d3537b56e3,0x923890382e77f8d41492d8b84d04ac27509c29804fd12203e126a80acab1fbd5
326,5518,0.40049644,0x6d4e2aaee184d0f13498fe6203a043606e208163,2017-10-13T16:21:34.000Z,0.00007258,0x4b0925f7776c00378f9556fcd4b3aaf3efe0013f,sell,0x83eea00d838f92dec4d1475697b9f4d3537b56e3,0x568ae0a7c81cb4f4c9ed2e6c931544608871ac9dec103b3747cf92665aa680de
327,20640.952,1.5129817816,0xe1e1d0d73eeb29d0632bc4c7871bfc74dbed0741,2017-10-13T16:20:18.000Z,0.0000733,0x4b0925f7776c00378f9556fcd4b3aaf3efe0013f,sell,0x83eea00d838f92dec4d1475697b9f4d3537b56e3,0xef408feb3f04cd4bf6e2c613b43cf3112d880cdebc103d2ca94b5a8aaf30a311
328,19359.04759485,1.419018188702505,0xe1e1d0d73eeb29d0632bc4c7871bfc74dbed0741,2017-10-13T15:07:20.000Z,0.0000733,0x4b0925f7776c00378f9556fcd4b3aaf3efe0013f,sell,0x83eea00d838f92dec4d1475697b9f4d3537b56e3,0x0f12f655360f4c1fffd015da0c8ed96ad44ee7fb6e6191801a1c5b198d9e44c3
329,10967.99294136,0.99808735766376,0x000438f1de357e597b457decc8bf91964451518b,2017-10-13T12:33:25.000Z,0.000091,0x9778550d76b07ac9f5e57392f68ecdf6efc1774e,sell,0x83eea00d838f92dec4d1475697b9f4d3537b56e3,0x71298e3f68379279c34997d9c5cfe7df1bf26e66e029fa84bb6e5baaac60fe5f
330,19937.19469644,1.61491277041164,0x6742f656a2914cf8d0792b5d1ed8669e3da76692,2017-10-13T10:07:08.000Z,0.000081,0x9778550d76b07ac9f5e57392f68ecdf6efc1774e,sell,0x83eea00d838f92dec4d1475697b9f4d3537b56e3,0x7f6baba9b19ee40d9a58e5c3490632699bca42160dea4a4b6a3b0b277840cc68
331,1602.041,0.157000018,0xeb174c842b4e8d2cc45047ae053aa06ff757dabd,2017-10-13T01:50:01.000Z,0.000098,0xe1e1d0d73eeb29d0632bc4c7871bfc74dbed0741,buy,0x83eea00d838f92dec4d1475697b9f4d3537b56e3,0x91f525712c18ece56e4a70d692603d1ae081e6bd5403bcdd7c80d6e4e453c5ef
332,1400,0.13188,0xeb174c842b4e8d2cc45047ae053aa06ff757dabd,2017-10-13T01:49:52.000Z,0.0000942,0xbfe2032313ade60e707dff437f41767e073ba639,buy,0x83eea00d838f92dec4d1475697b9f4d3537b56e3,0xd42ccd50dd211300ff02289d32976fce9dde4df7ad50db4df9d3d4a1b642ad2f
333,25000,2.5,0x2b62dd90d422b0cfc32caa7ff62445c530f6e848,2017-10-12T23:09:34.000Z,0.0001,0x8b9276bb660560e17704006d1144cd930f70d9e3,buy,0x83eea00d838f92dec4d1475697b9f4d3537b56e3,0x073def680364e37563576831039e16a88bc6faf78ba2e192c97cbec9edf712bf
334,8751.31878148,0.836188509570414,0x9bb41bb012508da5f295308fba8a826ef19f22fd,2017-10-12T22:40:26.000Z,0.00009555,0xe1e1d0d73eeb29d0632bc4c7871bfc74dbed0741,sell,0x83eea00d838f92dec4d1475697b9f4d3537b56e3,0xbfb7c3189264fc239b0c6509fa15611b18167ab8c48cd2118f71f587fe112fcd
335,10000,0.9553,0xfe9811239b185475385fc04821e145699f7c7661,2017-10-12T22:40:26.000Z,0.00009553,0xe1e1d0d73eeb29d0632bc4c7871bfc74dbed0741,sell,0x83eea00d838f92dec4d1475697b9f4d3537b56e3,0xea6275a878a1d32f9267d4cfc97428d4c5a37d4cf7e7e7529f038ad0d7b9e6be
336,352.6428073,0.034953955059576,0x2817c9eec8ebc47c11c729498870abd41a84f2fc,2017-10-12T22:40:26.000Z,0.00009912,0xe1e1d0d73eeb29d0632bc4c7871bfc74dbed0741,sell,0x83eea00d838f92dec4d1475697b9f4d3537b56e3,0x682e1cea71326bcc18195250b97fc3acc44b50b2851a518d37eb73811ecfc05f
337,1000,0.098,0xcf864d5b556e1aed49ff334feeb06d7112bc0f8d,2017-10-12T22:40:26.000Z,0.000098,0xe1e1d0d73eeb29d0632bc4c7871bfc74dbed0741,sell,0x83eea00d838f92dec4d1475697b9f4d3537b56e3,0x839905a049563beb830012a034508b24c960914152319dea3328971cfb22c5c5
338,1000,0.0981,0xd26f218adde8976bef853bcaf8bd663ec1c42092,2017-10-12T22:38:24.000Z,0.0000981,0xe1e1d0d73eeb29d0632bc4c7871bfc74dbed0741,sell,0x83eea00d838f92dec4d1475697b9f4d3537b56e3,0xb7cd54898107bd5ee5619f2cd1a867a8e3fc1ae9e6477df2043adf2a09fe20a9
339,207.3571927,0.020553244940424,0x2817c9eec8ebc47c11c729498870abd41a84f2fc,2017-10-12T20:48:51.000Z,0.00009912,0x206751daf683e30fa8175f3ac1bb45a5c80b2213,sell,0x83eea00d838f92dec4d1475697b9f4d3537b56e3,0xfaa288b69cd9cb4c1668804c0f78790c548574250bf7a79e2f99b88689d0389a
340,1935,0.1898235,0xd26f218adde8976bef853bcaf8bd663ec1c42092,2017-10-12T19:51:08.000Z,0.0000981,0x0ffffa6ce80eee2139e8b4c76a5a210dff49a48c,sell,0x83eea00d838f92dec4d1475697b9f4d3537b56e3,0x78b0b47a71b6d1fbab0afd3ae0565c26d8b2d6eeaeb6b56e5a763d53b52ac859
341,500,0.046,0x593e514440c1e8db4e117de66eb3d1af5301dc77,2017-10-12T19:12:48.000Z,0.000092,0xbfe2032313ade60e707dff437f41767e073ba639,buy,0x83eea00d838f92dec4d1475697b9f4d3537b56e3,0xb6ac8ed9aa303e19fbacea9c68e69ddc3f3409b97b874b8503332d6e5c942171
342,1000,0.0975,0x9197906167956f11c6151a4306e153402207ddbf,2017-10-12T16:32:18.000Z,0.0000975,0x488f18d46f9105ff554ab4a66874f3989a1a8783,buy,0x83eea00d838f92dec4d1475697b9f4d3537b56e3,0x0472feef15347b5b23f83de0bde1f45caec8da2e391966d061a0f41b889a68d8
343,846.939,0.083000022,0xd26f218adde8976bef853bcaf8bd663ec1c42092,2017-10-12T16:15:11.000Z,0.000098,0xffe59b6427d2c2e12562683155e391c45a4750b4,buy,0x83eea00d838f92dec4d1475697b9f4d3537b56e3,0xc6b169d67b3fe0cbb6a9200338f90664eea13acbf7643dc2a8383cb9096e50f5
344,153.061,0.014999978,0xf12d6a95981ec2324631dcd80cdfc9eafcd9661f,2017-10-12T13:18:13.000Z,0.000098,0xffe59b6427d2c2e12562683155e391c45a4750b4,buy,0x83eea00d838f92dec4d1475697b9f4d3537b56e3,0x3aae830353b4217f0fab5327df289084e8979bd9f45126200e6856f8a071aea2
345,74.76821852,0.007144103279586,0x9bb41bb012508da5f295308fba8a826ef19f22fd,2017-10-12T09:05:58.000Z,0.00009555,0x632c219677b3e781143a9ddcc1849d0c06b65854,sell,0x83eea00d838f92dec4d1475697b9f4d3537b56e3,0x28051276c169ce7a49542f48ba5d0ca9a0ec1b047cfa779bd41ac9e3830a239b
346,1220,0.11956,0x3bf407586c48b8881b9ef395cd3fcfa939905b14,2017-10-12T06:05:17.000Z,0.000098,0xe63faeefe2bbc40fc4d44e163561c871bdb16954,sell,0x83eea00d838f92dec4d1475697b9f4d3537b56e3,0x49635ed6e9a828eaa187b7e97227faccf4b1e0b148f34d10f182bd0c066eba9e
347,5000,0.47765,0xfe9811239b185475385fc04821e145699f7c7661,2017-10-12T06:05:11.000Z,0.00009553,0xe63faeefe2bbc40fc4d44e163561c871bdb16954,sell,0x83eea00d838f92dec4d1475697b9f4d3537b56e3,0xacd727822d20a9db95e9a49e7c20ae330517eaa46f179a12d4c24e241673c428
348,5000,0.5,0x056056ce86b7d8108f7c1febac70d637d60ea042,2017-10-12T04:58:54.000Z,0.0001,0x8b9276bb660560e17704006d1144cd930f70d9e3,buy,0x83eea00d838f92dec4d1475697b9f4d3537b56e3,0x10707971d4c77f50eac4cc68e3c21ecc93ebd80152c6d7084bd59c5168aae277
349,1280,0.128,0x530e5eb41c2d27aa50ada1f0519b6db1ebae7b54,2017-10-12T04:32:52.000Z,0.0001,0x8b9276bb660560e17704006d1144cd930f70d9e3,buy,0x83eea00d838f92dec4d1475697b9f4d3537b56e3,0x465bba0eea846393edf0f9d94a28e2409af12ee6f6546451cc111f2fdeb05003
350,1376.14000129,0.13761400012976646,0xde05e601f672aacd0a4ebfa311085f89a77b9e64,2017-10-12T04:22:00.000Z,0.00010000000000055696,0x8b9276bb660560e17704006d1144cd930f70d9e3,buy,0x83eea00d838f92dec4d1475697b9f4d3537b56e3,0xca206c2f925bdd803b4900ee0aa0160ee47b77e403d21709b82204c3b3f90df1
351,2901.633,0.284360034,0xde05e601f672aacd0a4ebfa311085f89a77b9e64,2017-10-12T04:17:59.000Z,0.000098,0x5f7188c06e07c1a3d2f83bf3c7e4ca71877afe58,buy,0x83eea00d838f92dec4d1475697b9f4d3537b56e3,0x970721e9c0a4ca80d981d1df0e77cf9a2f9e836fdca690f559699fd205223fab
352,918.367,0.089999966,0x3e799421ad7ca8de3ee650edd05a53423d008ced,2017-10-12T01:46:43.000Z,0.000098,0x5f7188c06e07c1a3d2f83bf3c7e4ca71877afe58,buy,0x83eea00d838f92dec4d1475697b9f4d3537b56e3,0x4a9bf8ed450ae0efed7afc8cf761db7963a9249854234c5f5ad81d7cc06da63a
353,3153.153,0.349999983,0x3e799421ad7ca8de3ee650edd05a53423d008ced,2017-10-12T00:48:31.000Z,0.000111,0x6742f656a2914cf8d0792b5d1ed8669e3da76692,buy,0x83eea00d838f92dec4d1475697b9f4d3537b56e3,0xf11fb3754b94881814cf17bed6fdaefa548806bc584728f573280187ba170b64
354,1150,0.1035115,0xaf859c7dc477ae70ff8c1ee8a25d65d800a90d90,2017-10-12T00:22:46.000Z,0.00009001,0x0ffffa6ce80eee2139e8b4c76a5a210dff49a48c,sell,0x83eea00d838f92dec4d1475697b9f4d3537b56e3,0xd91355dbdb7b4aa78ca779fdf01465a51ed3477bf4a2b08b3faadb44d4fafe49
355,1133.066,0.11897193,0x3e799421ad7ca8de3ee650edd05a53423d008ced,2017-10-12T00:02:08.000Z,0.000105,0x8b311a5e1f7bb92b6a4eaf95cf9b77dcf5afbc35,buy,0x83eea00d838f92dec4d1475697b9f4d3537b56e3,0xb48ad6c83a727415da12d3893ed790793525b0b7d7e81bfa2dec9752ee26bb7e
356,1845.558,0.167022999,0x5f7188c06e07c1a3d2f83bf3c7e4ca71877afe58,2017-10-11T22:58:33.000Z,0.0000905,0x36513e2ee2751d2b679479424f0e9eb48695bfde,sell,0x83eea00d838f92dec4d1475697b9f4d3537b56e3,0xb1af1d7bddd598493ab8e24d8c8ceea7962dbf6621d4aaaf0b965ba89d3e4fa2
357,5040,0.5544,0x302fd6d6b7088d1044fa5c65f5a1c5139489fa03,2017-10-11T22:57:17.000Z,0.00011,0x36513e2ee2751d2b679479424f0e9eb48695bfde,sell,0x83eea00d838f92dec4d1475697b9f4d3537b56e3,0xb38484339675eb4ff8abc2d9b40edb0dd8b5bd914f50e753952d853a5c8953a1
358,1006.18083939,0.10061808393978666,0x593e514440c1e8db4e117de66eb3d1af5301dc77,2017-10-11T22:24:08.000Z,0.00010000000000078182,0x488f18d46f9105ff554ab4a66874f3989a1a8783,buy,0x83eea00d838f92dec4d1475697b9f4d3537b56e3,0xe0a0608abcd6d38c8261d8ee35e2ec0708617c48d7dba9c9718e8be73cedfda3
359,0.00055191,0.000000049947855,0x5f7188c06e07c1a3d2f83bf3c7e4ca71877afe58,2017-10-11T21:50:31.000Z,0.0000905,0xc43aef7b739e87cc23a6f0c2773e3856d253bdec,sell,0x83eea00d838f92dec4d1475697b9f4d3537b56e3,0x504783113f1290655a9633214236d5197c2a45540b261f31516a8f3d6847e2a0
360,5.53612301,0.000501019132405,0x5f7188c06e07c1a3d2f83bf3c7e4ca71877afe58,2017-10-11T21:49:00.000Z,0.0000905,0xc43aef7b739e87cc23a6f0c2773e3856d253bdec,sell,0x83eea00d838f92dec4d1475697b9f4d3537b56e3,0xd1d8d9d265d94b2bed1581eb270d1529881ae16e358e41dbf7ee9d12e2e30a26
361,1973.905,0.1786384025,0x5f7188c06e07c1a3d2f83bf3c7e4ca71877afe58,2017-10-11T21:46:05.000Z,0.0000905,0xc43aef7b739e87cc23a6f0c2773e3856d253bdec,sell,0x83eea00d838f92dec4d1475697b9f4d3537b56e3,0x45e72d946e5f8db05f325002de981e6696d68ffeae9c43628ef2484aa2897318
362,1993.8191606,0.19938191606021333,0xddfbdda55bdc949c34cd9e368b540a2616bb716c,2017-10-11T21:25:13.000Z,0.00010000000000010699,0x488f18d46f9105ff554ab4a66874f3989a1a8783,buy,0x83eea00d838f92dec4d1475697b9f4d3537b56e3,0x66b88ae96e5039830ad8e262de5f0b67bcef6631fbe8cc91200f7a135f17bde6
363,240,0.024,0xeb9b719b0fd5bbc08e6d74186ddb5a3b7c515fc9,2017-10-11T19:28:28.000Z,0.0001,0xc43aef7b739e87cc23a6f0c2773e3856d253bdec,sell,0x83eea00d838f92dec4d1475697b9f4d3537b56e3,0xcc93c8748fe375576b2fa6e19a9db0039fc4c34f346dbc6516a5018c25820c95
364,150,0.0168,0x8b9276bb660560e17704006d1144cd930f70d9e3,2017-10-11T19:20:41.000Z,0.000112,0xc43aef7b739e87cc23a6f0c2773e3856d253bdec,sell,0x83eea00d838f92dec4d1475697b9f4d3537b56e3,0xab07859805c5d01ad9b44399c16b9ee63d5ed626a281556f7d974419b8d293bd
365,2000,0.2,0x0f1c1714510e15bfb053bc1b9252b711032b28de,2017-10-11T18:36:50.000Z,0.0001,0x488f18d46f9105ff554ab4a66874f3989a1a8783,buy,0x83eea00d838f92dec4d1475697b9f4d3537b56e3,0xee2c68591ecb52a17884a5c1aaab4e2dec927db4d15cbd265a897d0543f2a04d
366,74.76821852,0.0067298873489852,0xaf859c7dc477ae70ff8c1ee8a25d65d800a90d90,2017-10-11T18:10:16.000Z,0.00009001,0xac3327da2c123c7f9aa64003a72c5548b01fb0ee,sell,0x83eea00d838f92dec4d1475697b9f4d3537b56e3,0x6b81b6feb29f3b26895cc8efac9ac4c18bfc838645366c898bde80b5eb4d69ed
367,394.737,0.045000018,0x1fd4423570e59f02c5b7ce12ba1ce1737699b777,2017-10-11T17:19:03.000Z,0.000114,0x8b9276bb660560e17704006d1144cd930f70d9e3,buy,0x83eea00d838f92dec4d1475697b9f4d3537b56e3,0x245cf56d4618d07c657c60910ccc51a9f433af82d1cf6e5b9a96b6f4ea0ffe3b
368,127000,11.43,0x12332c860b0d14d33d355a0b5f6a169a25aee000,2017-10-11T16:36:39.000Z,0.00009,0x8b9276bb660560e17704006d1144cd930f70d9e3,sell,0x83eea00d838f92dec4d1475697b9f4d3537b56e3,0xd32f376bb8be873704be81b44bd1a2252687aae4bfd7ed36410292fa6366b848
369,125291.09,11.2761981,0x12332c860b0d14d33d355a0b5f6a169a25aee000,2017-10-11T16:35:49.000Z,0.00009,0x8b9276bb660560e17704006d1144cd930f70d9e3,sell,0x83eea00d838f92dec4d1475697b9f4d3537b56e3,0x7dd825103aae558bde5cb7b60c8b88ef15afae8b03f37c29fd9a54f107da0daa
370,20000,1.80022,0x1a89240dc344578f6951f041a856edbd9efa0cd7,2017-10-11T16:35:48.000Z,0.000090011,0x8b9276bb660560e17704006d1144cd930f70d9e3,sell,0x83eea00d838f92dec4d1475697b9f4d3537b56e3,0x98b414497d1a6258979b65417ed8c03f3719ea494ebfb59df73e969e21b86bb8
371,1708.90972026,0.1538018748234,0x12332c860b0d14d33d355a0b5f6a169a25aee000,2017-10-11T16:07:24.000Z,0.00009,0xc737468e0654f1a21ed4c22544d40fd49d69990a,sell,0x83eea00d838f92dec4d1475697b9f4d3537b56e3,0x9c1a43242907ea43162543831ccc91b83a8df72f3d333982b668fdaf5c0aae97
372,5150,0.53045,0x12332c860b0d14d33d355a0b5f6a169a25aee000,2017-10-11T14:57:34.000Z,0.000103,0xc43aef7b739e87cc23a6f0c2773e3856d253bdec,sell,0x83eea00d838f92dec4d1475697b9f4d3537b56e3,0x69c0d36db96534a962a573e5580d31dc052963ab72ed7bfe0891b681add081e9
373,2392.58330288,0.2751470798312,0xbfe2032313ade60e707dff437f41767e073ba639,2017-10-11T14:14:29.000Z,0.000115,0x02e7847d410e59e3fddac715be2fa17b6c21fa58,sell,0x83eea00d838f92dec4d1475697b9f4d3537b56e3,0x16289426c2c67603fa0c9fd34b1e65871ac08dafa53ff8f794ab8e753ff65d87
374,24.563,0.002284359,0x1fd4423570e59f02c5b7ce12ba1ce1737699b777,2017-10-11T13:48:17.000Z,0.000093,0x5045b2e7c9218f3e8ac939b129a537499fb11e1e,buy,0x83eea00d838f92dec4d1475697b9f4d3537b56e3,0xb99e9ba5990fc81c9873d7c469f1a5c8fc19c76385700235d01f34bd7f09713b
375,75.03624491,0.006978370777447581,0xa55a9a652c2139cedada15034eb41ec09985e669,2017-10-11T13:44:19.000Z,0.00009300000001089581,0x5045b2e7c9218f3e8ac939b129a537499fb11e1e,buy,0x83eea00d838f92dec4d1475697b9f4d3537b56e3,0xfc6db4276a89f1a1fc338670542f1df2943813f7459d2e8f9821d5dfe2cf2123
376,0.40073738,0.000037268576673649,0xa55a9a652c2139cedada15034eb41ec09985e669,2017-10-11T13:41:44.000Z,0.00009300000083258766,0x5045b2e7c9218f3e8ac939b129a537499fb11e1e,buy,0x83eea00d838f92dec4d1475697b9f4d3537b56e3,0x88c8e003661fe36a32db3aab0ec99d05c0b8668bfd641c5fda52cbf901e17757
377,10000,1,0x273a5d3e6721b9f5c1a6474f560c1334c63dda01,2017-10-11T13:23:45.000Z,0.0001,0x8b9276bb660560e17704006d1144cd930f70d9e3,buy,0x83eea00d838f92dec4d1475697b9f4d3537b56e3,0xfec67fb1a8e351f78b7ed96120b68a5c15fe35cdeecea9a3c2c6bdfba8ea4f10
378,9970,1.02691,0x12332c860b0d14d33d355a0b5f6a169a25aee000,2017-10-11T13:23:45.000Z,0.000103,0x273a5d3e6721b9f5c1a6474f560c1334c63dda01,sell,0x83eea00d838f92dec4d1475697b9f4d3537b56e3,0xfec67fb1a8e351f78b7ed96120b68a5c15fe35cdeecea9a3c2c6bdfba8ea4f10
379,10000,1,0xfe423f6b9b3aa093cc08831d9b106027f97e132e,2017-10-11T13:22:48.000Z,0.0001,0x8b9276bb660560e17704006d1144cd930f70d9e3,buy,0x83eea00d838f92dec4d1475697b9f4d3537b56e3,0x665559bcbcd55937e04b151739e8f460299604ce7352fe24f00f04c02613f218
