,amount,amountBase,buyer,date,price,seller,side,tokenAddr,txHash
0,0.42,0.0005,0x4fda9e6bcd83af6c5cc771b5d20accc2b7720074,2017-11-02T10:29:32.000Z,0.0011904761904761904,0x9d413c9f3650b2d7a264373bc89c457a05dedcae,buy,0xb802b24e0637c2b87d2e8b7784c055bbe921011a,0xbaa265f132d479c9c83b361b84c1c6be5a54168352d9e5cdb62d0ca12210f328
1,0.42,0.0005,0x3075f7f189912f4f425dd7021b9c396434197477,2017-11-02T10:13:14.000Z,0.0011904761904761904,0x9d413c9f3650b2d7a264373bc89c457a05dedcae,buy,0xb802b24e0637c2b87d2e8b7784c055bbe921011a,0x0e9395a2742d759edf65dc21955dbb2ca83e8ed5a7e3abeebb804fd12ca912ee
2,0.04,0.00001624,0x48eaedfa6ab55f414a433f0778f55ed9b827e822,2017-11-01T14:42:30.000Z,0.000406,0xd6a4c49d73364a5294efff05d2dad25eaa931d62,sell,0xb802b24e0637c2b87d2e8b7784c055bbe921011a,0x076b00d68f34947014132d3be91a397ee3230711f06a91321eeeb9b554a16a76
3,309.94,0.12583564,0x48eaedfa6ab55f414a433f0778f55ed9b827e822,2017-11-01T14:40:05.000Z,0.000406,0xd6a4c49d73364a5294efff05d2dad25eaa931d62,sell,0xb802b24e0637c2b87d2e8b7784c055bbe921011a,0xcf69b0de83bef6fc9388a962726260151b6681cca47706a62dc2a4dca3d7a342
4,2,0.001040002,0xf36990a2cb4d609e0a7d4f3bf884c0342d81fd3d,2017-11-01T14:38:17.000Z,0.000520001,0xd6a4c49d73364a5294efff05d2dad25eaa931d62,sell,0xb802b24e0637c2b87d2e8b7784c055bbe921011a,0xe34f8a0ac20b217a28c3a62d0210aefaa915171edbf5ae8e35da3707252631ec
5,50,0.03225,0x6d7ff4d014737ade242c42294de9cc8c6d4e2643,2017-11-01T14:36:31.000Z,0.000645,0xd6a4c49d73364a5294efff05d2dad25eaa931d62,sell,0xb802b24e0637c2b87d2e8b7784c055bbe921011a,0xbed1baf8440b9477e8f1cc54bda6208724e6ddde7e11eefbfd85f7b8e6f274b9
6,500,0.33,0x9d413c9f3650b2d7a264373bc89c457a05dedcae,2017-11-01T14:35:29.000Z,0.00066,0xd6a4c49d73364a5294efff05d2dad25eaa931d62,sell,0xb802b24e0637c2b87d2e8b7784c055bbe921011a,0x87d834baef10070916534f7ae25e9fe76141f44e05bca6115d52ee11e991d780
7,329.13,0.230391,0xfa3b38bf90db24019b94400b66fe57bde7cad810,2017-11-01T14:33:19.000Z,0.0007,0xd6a4c49d73364a5294efff05d2dad25eaa931d62,sell,0xb802b24e0637c2b87d2e8b7784c055bbe921011a,0x997a8c8d77e037c13998bb0b2acfefbe51df6ad8dbae70352dc7c19930ed2cd2
8,250,0.2,0xfa3b38bf90db24019b94400b66fe57bde7cad810,2017-11-01T14:30:05.000Z,0.0008,0xd6a4c49d73364a5294efff05d2dad25eaa931d62,sell,0xb802b24e0637c2b87d2e8b7784c055bbe921011a,0x0b04ea543e9bd14d0607c5d922ddb067e01efc7b43403a8df89557aa0dc4c81f
9,5.69,0.007397,0xfa3b38bf90db24019b94400b66fe57bde7cad810,2017-11-01T01:22:56.000Z,0.0013,0x0b6dbe9a51eefbf7e924b7257c7950402c80fe87,buy,0xb802b24e0637c2b87d2e8b7784c055bbe921011a,0x16edb1953fc44089e8f7605e2bc0af83bba40d18cf28f218c549950584dd6361
10,50,0.065,0xfa3b38bf90db24019b94400b66fe57bde7cad810,2017-11-01T01:22:56.000Z,0.0013,0x6d7ff4d014737ade242c42294de9cc8c6d4e2643,buy,0xb802b24e0637c2b87d2e8b7784c055bbe921011a,0x345d7cfadfb76b6f6a3e7cfc98e3adbbd90f614c2a0e53f94709d4196789f160
11,50,0.065,0xfa3b38bf90db24019b94400b66fe57bde7cad810,2017-11-01T01:22:46.000Z,0.0013,0x4f68ce6dfec9c34b6eece76cfc125f5d778a1d43,buy,0xb802b24e0637c2b87d2e8b7784c055bbe921011a,0xb3b81c56f541057dc24a4df549b8190ac1f313e106e5e0d9182e3593e74ed3a2
12,105,0.13125,0xfa3b38bf90db24019b94400b66fe57bde7cad810,2017-11-01T01:21:57.000Z,0.00125,0x5c4fa72c0199ca949e1abb046710ea46902f2ee3,buy,0xb802b24e0637c2b87d2e8b7784c055bbe921011a,0x210d01e67340a2dac98dd0bcec2847cc0b012c2be9a8e8ed6cfa0dd6179c8b71
13,114.46,0.1545212441431562,0xa6001f571c3573e340beb6f3d33895bc3a45c883,2017-10-31T18:49:35.000Z,0.0013500021329997923,0x48eaedfa6ab55f414a433f0778f55ed9b827e822,buy,0xb802b24e0637c2b87d2e8b7784c055bbe921011a,0x36aaa212d3feb89dd4ebf3b600fda3c45390aba31358862fdb3cfe5b0c26c835
14,631.55,0.6947094,0xd4a99a3e6a1a495ab95ea1a72a45f670ddbc0d96,2017-10-31T14:16:55.000Z,0.0011000069669859869,0x9adce261bd078192e788fd87e0112fa50ae5b770,buy,0xb802b24e0637c2b87d2e8b7784c055bbe921011a,0x9d594c20c7f90357a693b06cdc5b1d430f2832c8395f17622f886bf4f072fda9
15,450,0.4949505,0xd4a99a3e6a1a495ab95ea1a72a45f670ddbc0d96,2017-10-31T14:16:40.000Z,0.00109989,0x5c4fa72c0199ca949e1abb046710ea46902f2ee3,buy,0xb802b24e0637c2b87d2e8b7784c055bbe921011a,0x2fe748553b5cd86e816c1562b94a1da33c03609e10b6c22a94bf1c2c26892953
16,640,0.703936,0xd4a99a3e6a1a495ab95ea1a72a45f670ddbc0d96,2017-10-31T14:16:40.000Z,0.0010999,0x5c4fa72c0199ca949e1abb046710ea46902f2ee3,buy,0xb802b24e0637c2b87d2e8b7784c055bbe921011a,0x6e731430a8e0c84025f077e4bd8c14b8aa31f63e0fa40235f307bb76128e060c
17,120,0.126,0xd4a99a3e6a1a495ab95ea1a72a45f670ddbc0d96,2017-10-31T14:14:35.000Z,0.00105,0x9d413c9f3650b2d7a264373bc89c457a05dedcae,buy,0xb802b24e0637c2b87d2e8b7784c055bbe921011a,0xa080f9daa567f565a53072faac6a058f3a4fecaff75cdbb902f2df67a0720fb3
18,45,0.225,0x22ce09535577c224cc5f3da133be5b58a0a0c8f0,2017-10-31T13:00:34.000Z,0.005,0x22ce09535577c224cc5f3da133be5b58a0a0c8f0,buy,0xb802b24e0637c2b87d2e8b7784c055bbe921011a,0xcf0a374d06babebb92ac99eb6695f68f55233fa1585df8423b9d6bc736c6a83b
19,555,0.610389,0x5c4fa72c0199ca949e1abb046710ea46902f2ee3,2017-10-31T12:45:19.000Z,0.0010998,0x4a0424a7714ff91b10c5f22e3c316e030a65ee42,buy,0xb802b24e0637c2b87d2e8b7784c055bbe921011a,0x13d7539774ed1f488a22d6294d16258b8a761542c49911baa88d5b6fc7610369
20,5,0.00525,0x22ce09535577c224cc5f3da133be5b58a0a0c8f0,2017-10-31T09:48:12.000Z,0.00105,0x9d413c9f3650b2d7a264373bc89c457a05dedcae,buy,0xb802b24e0637c2b87d2e8b7784c055bbe921011a,0x53680c06cfe721b502b7d4f2893506799c400ab4bb7c89fbb10c17e9b67dd4e4
21,125,0.08,0x9d413c9f3650b2d7a264373bc89c457a05dedcae,2017-10-29T21:50:00.000Z,0.00064,0x1d41b83709e31ffc6bc124aeef276b188fd803fb,sell,0xb802b24e0637c2b87d2e8b7784c055bbe921011a,0x1909408f7830a3d32eaf8def994977d66fe96502d686d0799c39c1f1e97ef5eb
22,100,0.063,0xfa3b38bf90db24019b94400b66fe57bde7cad810,2017-10-29T17:03:16.000Z,0.00063,0xc737468e0654f1a21ed4c22544d40fd49d69990a,sell,0xb802b24e0637c2b87d2e8b7784c055bbe921011a,0xb9cad27a07744c652a44595f9b94d8876f2412b5cd0bfc1c86c70637ebd5437e
23,115,0.1035,0x12c535547350bb959bc354855083a229c2263759,2017-10-29T15:17:12.000Z,0.0009,0x00c80e131f0761af3152e7fa8d054468c135bfe0,sell,0xb802b24e0637c2b87d2e8b7784c055bbe921011a,0xae842d9cd4c4ceb94770844ac453a7a50713216c7eff63df01ae5bd51fd4e843
24,1000,1.2,0x34ff161641617a5f7b60bb74ac46fbcf06f34cc7,2017-10-29T07:57:31.000Z,0.0012,0x34ff161641617a5f7b60bb74ac46fbcf06f34cc7,buy,0xb802b24e0637c2b87d2e8b7784c055bbe921011a,0x57676aac0b9ff817f1409a1af5dbee3a3439d7869d06640ba4f56eca0fd332ae
25,1000,1.1,0x34ff161641617a5f7b60bb74ac46fbcf06f34cc7,2017-10-29T07:56:40.000Z,0.0011,0x34ff161641617a5f7b60bb74ac46fbcf06f34cc7,buy,0xb802b24e0637c2b87d2e8b7784c055bbe921011a,0xd547555d0fd55d58af5aa8942eb0228e454ae015d470bbca2145b45119bda1b7
26,40.85,0.04085,0xfa3b38bf90db24019b94400b66fe57bde7cad810,2017-10-29T01:48:04.000Z,0.001,0xe910eb0ca269e91ad38ca6db30905b87192cb398,buy,0xb802b24e0637c2b87d2e8b7784c055bbe921011a,0x83d2f315d0d127d2138df0d955b7bbe3838814a648e7bf56ae05af3b7e26a487
27,0.5,0.0005,0x34f9560c63078eb61872a4dc2ccd20e21c34feaf,2017-10-28T20:31:18.000Z,0.001,0xe910eb0ca269e91ad38ca6db30905b87192cb398,buy,0xb802b24e0637c2b87d2e8b7784c055bbe921011a,0x0d4ac195628c57dd08637b1045aeb1305c333fc5e103e162390789eade543248
28,0.5,0.0005,0xe444a40689f51f63bcd29910622035707d533d29,2017-10-28T20:22:15.000Z,0.001,0xe910eb0ca269e91ad38ca6db30905b87192cb398,buy,0xb802b24e0637c2b87d2e8b7784c055bbe921011a,0x3d83bb57335511f7e29ca9852756dd89c9ad19e5a33122e6177412230d22999f
29,251.28,0.150768,0xfa3b38bf90db24019b94400b66fe57bde7cad810,2017-10-28T17:25:05.000Z,0.0006,0x1ed014aec47fae44c9e55bac7662c0b78ae61798,sell,0xb802b24e0637c2b87d2e8b7784c055bbe921011a,0x98affa17b4b0dc165352d1d72502ed45dbdb5039b7d2a26deb5ba4951b59b18a
30,135,0.15525,0x5c4fa72c0199ca949e1abb046710ea46902f2ee3,2017-10-28T15:57:08.000Z,0.00115,0x4a0424a7714ff91b10c5f22e3c316e030a65ee42,buy,0xb802b24e0637c2b87d2e8b7784c055bbe921011a,0x28df29e341aaa3591a9aed59b9cb2bf72d2d52fa097b9238ed30b3c68df7da02
31,505,0.55549495,0x5c4fa72c0199ca949e1abb046710ea46902f2ee3,2017-10-28T15:56:04.000Z,0.00109999,0x4a0424a7714ff91b10c5f22e3c316e030a65ee42,buy,0xb802b24e0637c2b87d2e8b7784c055bbe921011a,0x2fb4d2230825d217aad5a2294a5b28b20bbd6c1f6e4a75e7e3a82837ebd74c0d
32,8,0.008,0x22a1cda93f351c6743462e5893c1bf5df4723f58,2017-10-27T20:53:51.000Z,0.001,0xe910eb0ca269e91ad38ca6db30905b87192cb398,buy,0xb802b24e0637c2b87d2e8b7784c055bbe921011a,0xfa994215cb2162e69ede78d54cf9c1385321f3379fa7fceda2cbda18d22dec41
33,135,0.148498515,0x4a0424a7714ff91b10c5f22e3c316e030a65ee42,2017-10-27T13:35:08.000Z,0.001099989,0x5c4fa72c0199ca949e1abb046710ea46902f2ee3,buy,0xb802b24e0637c2b87d2e8b7784c055bbe921011a,0x52ee685ab1764b555de9854973ea46a268e459e565a7dd6a405c313ba46492c0
34,120,0.1319988,0x5c4fa72c0199ca949e1abb046710ea46902f2ee3,2017-10-27T13:32:59.000Z,0.00109999,0x4a0424a7714ff91b10c5f22e3c316e030a65ee42,buy,0xb802b24e0637c2b87d2e8b7784c055bbe921011a,0xe3ca68f91ef4765c3a4946afeb841cca3ba4c793d4c5172e250051feb5ec9dcb
35,15,0.01649985,0x5c4fa72c0199ca949e1abb046710ea46902f2ee3,2017-10-27T13:30:18.000Z,0.00109999,0x4a0424a7714ff91b10c5f22e3c316e030a65ee42,buy,0xb802b24e0637c2b87d2e8b7784c055bbe921011a,0x48e1126b4aef9d15c6f43860be8e3c72d0d838f144dc09ac658a205c0147a870
36,15,0.01649985,0x5c4fa72c0199ca949e1abb046710ea46902f2ee3,2017-10-27T13:30:10.000Z,0.00109999,0x4a0424a7714ff91b10c5f22e3c316e030a65ee42,buy,0xb802b24e0637c2b87d2e8b7784c055bbe921011a,0x48e1126b4aef9d15c6f43860be8e3c72d0d838f144dc09ac658a205c0147a870
37,50,0.0285,0x6d7ff4d014737ade242c42294de9cc8c6d4e2643,2017-10-27T12:11:05.000Z,0.00057,0xe910eb0ca269e91ad38ca6db30905b87192cb398,sell,0xb802b24e0637c2b87d2e8b7784c055bbe921011a,0x13f7d3ed4391e159dca9d7b54382b61d636401ba7f6190468117631736c1e47c
38,36.28,0.0400894,0xaae942b3057a4d356f56aa20b5389bdc4037a81c,2017-10-26T13:59:31.000Z,0.001105,0x4a0424a7714ff91b10c5f22e3c316e030a65ee42,sell,0xb802b24e0637c2b87d2e8b7784c055bbe921011a,0x731822ecd847d7e19224012c268868bc107049fc0fd05b8785c6fd9d88135616
39,99.72,0.1101906,0xaae942b3057a4d356f56aa20b5389bdc4037a81c,2017-10-26T13:55:24.000Z,0.001105,0x9d413c9f3650b2d7a264373bc89c457a05dedcae,sell,0xb802b24e0637c2b87d2e8b7784c055bbe921011a,0x85185e105d617d319fa87e540ef4d8b7758f89dcd3fa2a1de78ccbcf8232c662
40,100,0.10999,0x9d413c9f3650b2d7a264373bc89c457a05dedcae,2017-10-26T13:54:12.000Z,0.0010999,0x8397b719f59d95d250cdabef8daaaba2865558a1,buy,0xb802b24e0637c2b87d2e8b7784c055bbe921011a,0x479c2640be7fe0f79141778bc5805f33db27b22a63c5ebca3531f56f38da8afd
41,1,0.001105,0x4a0424a7714ff91b10c5f22e3c316e030a65ee42,2017-10-26T05:17:20.000Z,0.001105,0x4a0424a7714ff91b10c5f22e3c316e030a65ee42,sell,0xb802b24e0637c2b87d2e8b7784c055bbe921011a,0xea6c6664c2d2e5186999a4c84b2fb487449547784717b34085c91a57ecba4def
42,100,0.11,0x8397b719f59d95d250cdabef8daaaba2865558a1,2017-10-26T04:42:47.000Z,0.0011,0x4a0424a7714ff91b10c5f22e3c316e030a65ee42,sell,0xb802b24e0637c2b87d2e8b7784c055bbe921011a,0x0094737cabff458bd7bfa1a2045c56d00fc205b2ea7c91d5c82778c6827f2fe2
43,100,0.10999,0xe910eb0ca269e91ad38ca6db30905b87192cb398,2017-10-26T01:25:00.000Z,0.0010999,0xd9f7127353985633b3419835a9d5b73508006938,buy,0xb802b24e0637c2b87d2e8b7784c055bbe921011a,0x93e242f93882c1e405779edd548a7b7f4fbc7fb09e4dc3815d9dfc7333137e56
44,10,0.011,0x38476ce24a34f769730122d85405deeda40cd464,2017-10-25T20:55:46.000Z,0.0011,0xd1d3393ff35fefa44b99745dd116ec4a34c48fe4,buy,0xb802b24e0637c2b87d2e8b7784c055bbe921011a,0xd3cda575521259e048a29a956136ccd129bab8b383fb8b7990f9da1c6789957d
45,18,0.0198,0x0943bdd830de5719479a01e3096ec52703b44083,2017-10-25T17:37:21.000Z,0.0011,0xd1d3393ff35fefa44b99745dd116ec4a34c48fe4,buy,0xb802b24e0637c2b87d2e8b7784c055bbe921011a,0x9c90cd0c09e9ab35fddbf91e6cefe237025ab12289f165cb700c303c32021e9f
46,300,0.33,0x4f68ce6dfec9c34b6eece76cfc125f5d778a1d43,2017-10-25T16:25:28.000Z,0.0011,0x9adce261bd078192e788fd87e0112fa50ae5b770,buy,0xb802b24e0637c2b87d2e8b7784c055bbe921011a,0x8ad49749fb2c345ec29ac51395bcb5f892a2e7d1f199f0fab5017258157185f8
47,93.47,0.09347,0xd1d3393ff35fefa44b99745dd116ec4a34c48fe4,2017-10-25T16:23:18.000Z,0.001,0x57e45515c679bb4a549304330e05714b7d9866fb,buy,0xb802b24e0637c2b87d2e8b7784c055bbe921011a,0x9f8a2d0101e4ec0d9e375c11f23a1a093777aa82c06abb9dc82a2a1cfa043eda
48,15,0.01497,0x0943bdd830de5719479a01e3096ec52703b44083,2017-10-25T16:16:46.000Z,0.000998,0x9d413c9f3650b2d7a264373bc89c457a05dedcae,buy,0xb802b24e0637c2b87d2e8b7784c055bbe921011a,0xcb298d71e75a03b4bd42adaae61fdc01f39f8cd01f85c8dbbaeaeef733220fd2
49,17.99,0.05397,0x0943bdd830de5719479a01e3096ec52703b44083,2017-10-25T16:15:44.000Z,0.003,0x69feaaa6f28bc5e8c6c533927c0a54ab6b1d7274,buy,0xb802b24e0637c2b87d2e8b7784c055bbe921011a,0xc24d6df9e2b47c2149e73f58290f3fc7f06204f2b46bbf97ac99a2d78beaa2be
50,10.27,0.010170042737892043,0x265ca90bd2ceb257be4370d0cbd6bf8e0a6688e1,2017-10-25T14:14:45.000Z,0.0009902670630858854,0x9d413c9f3650b2d7a264373bc89c457a05dedcae,buy,0xb802b24e0637c2b87d2e8b7784c055bbe921011a,0x1ddfc34f06e7312416dd55dddeb2b271212f5fed820a0dd890bd5262275b3e2c
51,11.25,0.01102598,0x265ca90bd2ceb257be4370d0cbd6bf8e0a6688e1,2017-10-25T14:14:28.000Z,0.0009800871111111111,0x9d413c9f3650b2d7a264373bc89c457a05dedcae,buy,0xb802b24e0637c2b87d2e8b7784c055bbe921011a,0x80d582d025d4bfbc7b7e71decd7627b4a85ac4ed9d4cef4bd5c3cedabf2e7a4a
52,1851,1.2957,0x265ca90bd2ceb257be4370d0cbd6bf8e0a6688e1,2017-10-25T14:13:29.000Z,0.0007,0x4456053e4815d4a01e62b109e28b311fc4c79ef6,buy,0xb802b24e0637c2b87d2e8b7784c055bbe921011a,0x0138b6b77c73a2baff2993a1faf71941d6753f0b749938ea7219cc28e453b436
53,241.59,0.12683499159,0xfa3b38bf90db24019b94400b66fe57bde7cad810,2017-10-25T10:46:51.000Z,0.000525001,0x8f75930c1b6d04028de07dfbadff422f07412aa0,sell,0xb802b24e0637c2b87d2e8b7784c055bbe921011a,0xa34a001270f4addc1877b68b955985716bd8f1637d0e5ec761b0c057415635bd
54,555,0.29193,0x4a0424a7714ff91b10c5f22e3c316e030a65ee42,2017-10-25T10:45:15.000Z,0.000526,0x8f75930c1b6d04028de07dfbadff422f07412aa0,sell,0xb802b24e0637c2b87d2e8b7784c055bbe921011a,0xe2cc34f022723e000ed58c0437a5b01832f2d7fa0ed06a785d623e11a5f64fe2
55,110,0.11002871,0x1d41b83709e31ffc6bc124aeef276b188fd803fb,2017-10-25T05:18:03.000Z,0.001000261,0x5c4fa72c0199ca949e1abb046710ea46902f2ee3,buy,0xb802b24e0637c2b87d2e8b7784c055bbe921011a,0x801f6c42933a1964ff1510f74c7cdb839bd9bf97608cf65835c4d7afdaa31d25
56,100,0.1249,0x1d41b83709e31ffc6bc124aeef276b188fd803fb,2017-10-25T05:12:55.000Z,0.001249,0x48eaedfa6ab55f414a433f0778f55ed9b827e822,buy,0xb802b24e0637c2b87d2e8b7784c055bbe921011a,0xcaaab4dce600ccd7842a05f196a55d8e4efd9ca0ddc53b430eec333a40e20481
57,180,0.17622,0x1d41b83709e31ffc6bc124aeef276b188fd803fb,2017-10-25T05:11:53.000Z,0.000979,0x9d413c9f3650b2d7a264373bc89c457a05dedcae,buy,0xb802b24e0637c2b87d2e8b7784c055bbe921011a,0x4781f5d849e258fdba9a7b876716f8bf1b6f16b6bc8b413fdb9defe88731201b
58,8.74,0.008573687216064675,0x5865bb6bbd8b3147276fa51a7c6147a951e9e68d,2017-10-25T03:23:42.000Z,0.0009809710773529376,0x9d413c9f3650b2d7a264373bc89c457a05dedcae,buy,0xb802b24e0637c2b87d2e8b7784c055bbe921011a,0xa07b45774c7f483b33c376b27cd3d9ba62022ec120863636e29965622f4ee35d
59,75,0.040125,0x9d413c9f3650b2d7a264373bc89c457a05dedcae,2017-10-25T03:13:18.000Z,0.000535,0x57e45515c679bb4a549304330e05714b7d9866fb,sell,0xb802b24e0637c2b87d2e8b7784c055bbe921011a,0x91252014706ef4e7c35d1a1151f216f77f0c5f3bcfd472d879aefedf493be95b
60,120,0.06432,0x9d413c9f3650b2d7a264373bc89c457a05dedcae,2017-10-25T03:13:18.000Z,0.000536,0x57e45515c679bb4a549304330e05714b7d9866fb,sell,0xb802b24e0637c2b87d2e8b7784c055bbe921011a,0x7c997467810b691a41f7ba1778f9f5c34fe4f9e9d646795693d52d01cb996be1
61,85,0.0442,0x959949dccaa920e42fa0c5495251d6dec54b1d0e,2017-10-25T03:13:18.000Z,0.00052,0x57e45515c679bb4a549304330e05714b7d9866fb,sell,0xb802b24e0637c2b87d2e8b7784c055bbe921011a,0x8beb724743afabc92cd4f9acd5a9c7a9503208a893521201c0682894268d3864
62,69.72,0.06902995726210795,0x08633ba8540a230b5be19211578e8d08f4fb1323,2017-10-25T02:06:30.000Z,0.0009901026572304641,0x9d413c9f3650b2d7a264373bc89c457a05dedcae,buy,0xb802b24e0637c2b87d2e8b7784c055bbe921011a,0xb7c3847a467dc12b21db24e47da8617f529b75eafd3c17f65794d1019d65b7ee
63,25,0.0245,0x08633ba8540a230b5be19211578e8d08f4fb1323,2017-10-25T02:04:58.000Z,0.00098,0x9d413c9f3650b2d7a264373bc89c457a05dedcae,buy,0xb802b24e0637c2b87d2e8b7784c055bbe921011a,0xb69f8a532ddbc30d6c4e18825a41c3719051e2c4a849260a060e162963ad4849
64,777,0.415695,0x4a0424a7714ff91b10c5f22e3c316e030a65ee42,2017-10-24T23:05:47.000Z,0.000535,0xbf6274166915ab70945edd329f6e19d995463e78,sell,0xb802b24e0637c2b87d2e8b7784c055bbe921011a,0x9d3ee3c9245027ddbeee419d96e516a6a6cdc4d517ac3bd8aa2625780f899784
65,5.69,0.00557051,0x0b6dbe9a51eefbf7e924b7257c7950402c80fe87,2017-10-24T23:04:36.000Z,0.000979,0xbf6274166915ab70945edd329f6e19d995463e78,sell,0xb802b24e0637c2b87d2e8b7784c055bbe921011a,0xb204d25c0cc1851281842ffb126686a0404df934796989a83e37b38468bf6102
66,5,0.025,0x22ce09535577c224cc5f3da133be5b58a0a0c8f0,2017-10-24T21:45:41.000Z,0.005,0x22ce09535577c224cc5f3da133be5b58a0a0c8f0,buy,0xb802b24e0637c2b87d2e8b7784c055bbe921011a,0xf164cf09987b557222ce36a22013c5e77175c473de893b79fe2bc5c6f2c75cc0
67,180,0.018,0x22ce09535577c224cc5f3da133be5b58a0a0c8f0,2017-10-24T20:45:17.000Z,0.0001,0x22ce09535577c224cc5f3da133be5b58a0a0c8f0,sell,0xb802b24e0637c2b87d2e8b7784c055bbe921011a,0x4834f5bf05034b4a89be3bf0c98dd39c4fa1bac1c637fa8039bbb46a4005ec35
68,0.1,0.000001,0xf1e65cd0b31fcb8713ac1902002b262d57c9da33,2017-10-24T19:30:44.000Z,0.00001,0x57b00c981363c67b11e07eaa71364bf20e8025fe,sell,0xb802b24e0637c2b87d2e8b7784c055bbe921011a,0xf9715a4b021ccc6837dd73317051dfba334f9224bb5d596a43e4f5ca9a845904
69,10,0.015,0x22ce09535577c224cc5f3da133be5b58a0a0c8f0,2017-10-24T19:18:45.000Z,0.0015,0x1ed014aec47fae44c9e55bac7662c0b78ae61798,buy,0xb802b24e0637c2b87d2e8b7784c055bbe921011a,0x4fed84ffd868409c73fca368498eb48d50097fc96449a210fd3a704749bee09f
70,118.9,0.01189,0x22ce09535577c224cc5f3da133be5b58a0a0c8f0,2017-10-24T14:52:27.000Z,0.0001,0x22ce09535577c224cc5f3da133be5b58a0a0c8f0,sell,0xb802b24e0637c2b87d2e8b7784c055bbe921011a,0x88385e03870f557a1af7e67aaa1d7e13707ed10c29d6c93a2c56bde007b18457
71,0.67,0.0000000067,0x57b00c981363c67b11e07eaa71364bf20e8025fe,2017-10-24T13:03:46.000Z,0.00000001,0x3d48587aa16d91a2e37198b5b428674bdaddf038,sell,0xb802b24e0637c2b87d2e8b7784c055bbe921011a,0x85fc5dac6eef913e8e95a69aa215971faf96475effa3efc2f159045a4567a267
72,1000,0.25,0x22ce09535577c224cc5f3da133be5b58a0a0c8f0,2017-10-24T07:44:11.000Z,0.00025,0x22ce09535577c224cc5f3da133be5b58a0a0c8f0,sell,0xb802b24e0637c2b87d2e8b7784c055bbe921011a,0x2a024429b806dc32430a15f37b15f677c83c6c3b944c13ffdb10da3a3c9d2c4e
73,1000,2.5,0x22ce09535577c224cc5f3da133be5b58a0a0c8f0,2017-10-24T07:43:24.000Z,0.0025,0x22ce09535577c224cc5f3da133be5b58a0a0c8f0,buy,0xb802b24e0637c2b87d2e8b7784c055bbe921011a,0xc61156e73b4d4d852f774cf46d073377f295d1d1aa81ff622794df5c5c304e91
74,1,0.001,0x22ce09535577c224cc5f3da133be5b58a0a0c8f0,2017-10-24T05:59:33.000Z,0.001,0x57e45515c679bb4a549304330e05714b7d9866fb,buy,0xb802b24e0637c2b87d2e8b7784c055bbe921011a,0x23d56328ccc448f9d8ff91ace2104254a7137e75eb44be7de9c4e2dc09b0569c
75,100,0.35,0x22ce09535577c224cc5f3da133be5b58a0a0c8f0,2017-10-24T05:29:03.000Z,0.0035,0x22ce09535577c224cc5f3da133be5b58a0a0c8f0,buy,0xb802b24e0637c2b87d2e8b7784c055bbe921011a,0xfec560491f6539a49032b8eec233d78d74021cb3f63dd59047428721947d4f0f
76,24.02,0.024026268567440934,0x628c21f700cf1dc5ac84e9be03ecd0c1f78664dd,2017-10-24T04:53:14.000Z,0.0010002609728326783,0x57e45515c679bb4a549304330e05714b7d9866fb,buy,0xb802b24e0637c2b87d2e8b7784c055bbe921011a,0x5625a8b5f3bf57455e45f8e5734d514732819c187708998fbf10bb9194ade322
77,27,0.026865,0x628c21f700cf1dc5ac84e9be03ecd0c1f78664dd,2017-10-24T04:52:40.000Z,0.000995,0x9d413c9f3650b2d7a264373bc89c457a05dedcae,buy,0xb802b24e0637c2b87d2e8b7784c055bbe921011a,0x95f6ca97cf01ed51b703f0ec806c745edd7a0af7fbf7e5da7db0f6c56fe71b70
78,23,0.022885,0x628c21f700cf1dc5ac84e9be03ecd0c1f78664dd,2017-10-24T04:50:55.000Z,0.000995,0x9d413c9f3650b2d7a264373bc89c457a05dedcae,buy,0xb802b24e0637c2b87d2e8b7784c055bbe921011a,0x580a3740a710a5c878cac79b54756e77f81943e7b2e58f932f781b4b0348c362
79,1,0.000000101,0xf36990a2cb4d609e0a7d4f3bf884c0342d81fd3d,2017-10-24T04:26:06.000Z,0.000000101,0x3d48587aa16d91a2e37198b5b428674bdaddf038,sell,0xb802b24e0637c2b87d2e8b7784c055bbe921011a,0x356d5ef12e253d47cc44d7e88c841b01941bc849a977ad4d7f700e09a4e3213a
80,1,0.000001,0x78b0e4933f5b7d90102367e28efcde256998411e,2017-10-24T04:18:40.000Z,0.000001,0x3d48587aa16d91a2e37198b5b428674bdaddf038,sell,0xb802b24e0637c2b87d2e8b7784c055bbe921011a,0x06787c8ef82e93dc90ba8df57c761beb83d8cb98ec9f225d15937ae7a0fef997
81,0.12,0.0000012,0x78b0e4933f5b7d90102367e28efcde256998411e,2017-10-24T04:00:52.000Z,0.00001,0xf1e65cd0b31fcb8713ac1902002b262d57c9da33,sell,0xb802b24e0637c2b87d2e8b7784c055bbe921011a,0x4f5f7d0af6b0f1a72df6fe41ec1c1bea90ad1a970ad0f19a93558d8f8112b2f3
82,0.83,0.00000830083,0xf36990a2cb4d609e0a7d4f3bf884c0342d81fd3d,2017-10-24T03:10:00.000Z,0.000010001,0x57b00c981363c67b11e07eaa71364bf20e8025fe,sell,0xb802b24e0637c2b87d2e8b7784c055bbe921011a,0x33d5d6e42ef63e5fb9674dd0cedb48745f275394c95d828044f0d7006d566245
83,1,0.0001,0x22ce09535577c224cc5f3da133be5b58a0a0c8f0,2017-10-24T02:15:58.000Z,0.0001,0xf1e65cd0b31fcb8713ac1902002b262d57c9da33,sell,0xb802b24e0637c2b87d2e8b7784c055bbe921011a,0xcc927591bfc8aa34bef19cefb19c3608a5c46f4c3854a5d6c6ba39227e29f541
84,0.1,0.00001,0x22ce09535577c224cc5f3da133be5b58a0a0c8f0,2017-10-24T01:56:52.000Z,0.0001,0xf1e65cd0b31fcb8713ac1902002b262d57c9da33,sell,0xb802b24e0637c2b87d2e8b7784c055bbe921011a,0xd27520ab8a983a495b49bafe17e817c0b77acacb1cf134f211623d139c0ebaa1
85,0.01,0.0000015,0x34ff161641617a5f7b60bb74ac46fbcf06f34cc7,2017-10-24T01:45:35.000Z,0.00015,0xf1e65cd0b31fcb8713ac1902002b262d57c9da33,sell,0xb802b24e0637c2b87d2e8b7784c055bbe921011a,0x706c3ecab396a78a8990006d2291348658fabf61731441f99303b632a711e4bd
86,0.02,0.00000200002,0xf36990a2cb4d609e0a7d4f3bf884c0342d81fd3d,2017-10-24T01:35:36.000Z,0.000100001,0xf1e65cd0b31fcb8713ac1902002b262d57c9da33,sell,0xb802b24e0637c2b87d2e8b7784c055bbe921011a,0xa8610ddb047ffd695da5a371193ccd29146fa3e42653d87af805f28f119a765d
87,230,0.05796,0x33ae987fae4d80ccb9e6cb53e4ea44135bd05adb,2017-10-24T01:24:38.000Z,0.000252,0x57e45515c679bb4a549304330e05714b7d9866fb,sell,0xb802b24e0637c2b87d2e8b7784c055bbe921011a,0xd72898f9de84765214520ee7cef3d422fe8fc8b978eb915fb471586b729c7631
88,45,0.02295,0x9d413c9f3650b2d7a264373bc89c457a05dedcae,2017-10-24T01:19:40.000Z,0.00051,0x57e45515c679bb4a549304330e05714b7d9866fb,sell,0xb802b24e0637c2b87d2e8b7784c055bbe921011a,0xbff9057899826a8badba77370991d2b822d803edd564eb909ea23bce0878fe2b
89,1000,0.510002,0x48eaedfa6ab55f414a433f0778f55ed9b827e822,2017-10-24T01:18:27.000Z,0.000510002,0x57e45515c679bb4a549304330e05714b7d9866fb,sell,0xb802b24e0637c2b87d2e8b7784c055bbe921011a,0xb9b0415696aea62a10d290637ee8b8fbface662ce890aeb242d0b9c08ce3c53d
90,304,0.15808,0xfa3b38bf90db24019b94400b66fe57bde7cad810,2017-10-24T01:18:07.000Z,0.00052,0x57e45515c679bb4a549304330e05714b7d9866fb,sell,0xb802b24e0637c2b87d2e8b7784c055bbe921011a,0x3d666f5aed20511ad50f1a255c72175bdcf255367beaa7e04f8bde1de9ef4102
91,10,0.0053,0x5c4fa72c0199ca949e1abb046710ea46902f2ee3,2017-10-24T01:18:07.000Z,0.00053,0x57e45515c679bb4a549304330e05714b7d9866fb,sell,0xb802b24e0637c2b87d2e8b7784c055bbe921011a,0x39c39bf83d858f006f2474a3144c410abec7f7b8248db75a401d496bfa349b54
92,1851,0.99954,0x4456053e4815d4a01e62b109e28b311fc4c79ef6,2017-10-24T01:17:36.000Z,0.00054,0x57e45515c679bb4a549304330e05714b7d9866fb,sell,0xb802b24e0637c2b87d2e8b7784c055bbe921011a,0x26dd38f565cdf7a8e6bea0a05ebcd07c47cf7610b7f9c6271711f3ace8c6e7db
93,100,0.054001,0x5c4fa72c0199ca949e1abb046710ea46902f2ee3,2017-10-24T01:17:36.000Z,0.00054001,0x57e45515c679bb4a549304330e05714b7d9866fb,sell,0xb802b24e0637c2b87d2e8b7784c055bbe921011a,0xd00ba857901f57f6e990814b29d2d1f48104b47119f361e8249214f495cd12c3
94,50,0.02725,0x9d413c9f3650b2d7a264373bc89c457a05dedcae,2017-10-24T01:17:36.000Z,0.000545,0x57e45515c679bb4a549304330e05714b7d9866fb,sell,0xb802b24e0637c2b87d2e8b7784c055bbe921011a,0x5a511681210f62b778c88105469d39e5afeffefccb67863aef44f72dabfd309e
95,100,0.054001,0x5c4fa72c0199ca949e1abb046710ea46902f2ee3,2017-10-24T01:17:32.000Z,0.00054001,0x57e45515c679bb4a549304330e05714b7d9866fb,sell,0xb802b24e0637c2b87d2e8b7784c055bbe921011a,0xd00ba857901f57f6e990814b29d2d1f48104b47119f361e8249214f495cd12c3
96,50,0.02725,0x9d413c9f3650b2d7a264373bc89c457a05dedcae,2017-10-24T01:17:32.000Z,0.000545,0x57e45515c679bb4a549304330e05714b7d9866fb,sell,0xb802b24e0637c2b87d2e8b7784c055bbe921011a,0x5a511681210f62b778c88105469d39e5afeffefccb67863aef44f72dabfd309e
97,1851,0.99954,0x4456053e4815d4a01e62b109e28b311fc4c79ef6,2017-10-24T01:17:32.000Z,0.00054,0x57e45515c679bb4a549304330e05714b7d9866fb,sell,0xb802b24e0637c2b87d2e8b7784c055bbe921011a,0x26dd38f565cdf7a8e6bea0a05ebcd07c47cf7610b7f9c6271711f3ace8c6e7db
98,413.97,0.20698541397,0xfa3b38bf90db24019b94400b66fe57bde7cad810,2017-10-22T15:40:07.000Z,0.000500001,0xecb03fa692b34b900e7824ecd3e87a03e9331cbb,sell,0xb802b24e0637c2b87d2e8b7784c055bbe921011a,0xd6676959e0c0165afa02086e93a4ded8f070967b1a6af90751ac50296c3e22a4
99,80,0.0312,0x9d413c9f3650b2d7a264373bc89c457a05dedcae,2017-10-22T15:38:42.000Z,0.00039,0xecb03fa692b34b900e7824ecd3e87a03e9331cbb,sell,0xb802b24e0637c2b87d2e8b7784c055bbe921011a,0x6c5cfcde65b72669b8ca9ed5293f4feb045a6f4729bcc54d348c366a5bda8444
100,1500,0.7650015,0xfa3b38bf90db24019b94400b66fe57bde7cad810,2017-10-22T15:37:38.000Z,0.000510001,0xecb03fa692b34b900e7824ecd3e87a03e9331cbb,sell,0xb802b24e0637c2b87d2e8b7784c055bbe921011a,0x156e89d236f5549b268c157b6392a9f53af1740782c5bdd9aaa058b7b8db9d4d
101,16,0.0176,0x08633ba8540a230b5be19211578e8d08f4fb1323,2017-10-22T13:02:51.000Z,0.0011,0x9adce261bd078192e788fd87e0112fa50ae5b770,buy,0xb802b24e0637c2b87d2e8b7784c055bbe921011a,0x1961df11c04ef1b4f3695e57b243b168a9e51d9162cd30d2febc2cffa3b41106
102,18.17,0.017906315,0x08633ba8540a230b5be19211578e8d08f4fb1323,2017-10-22T13:00:17.000Z,0.0009854878921298845,0x9d413c9f3650b2d7a264373bc89c457a05dedcae,buy,0xb802b24e0637c2b87d2e8b7784c055bbe921011a,0x37e8294c2114921e2a0c46f12283409174a465b88b752929eae11864f5de083f
103,1.71,0.001684883830060022,0x08633ba8540a230b5be19211578e8d08f4fb1323,2017-10-22T12:53:18.000Z,0.0009853121813216503,0x9d413c9f3650b2d7a264373bc89c457a05dedcae,buy,0xb802b24e0637c2b87d2e8b7784c055bbe921011a,0xe008611c042bf02c13804bf0e3a6c321f37c86bb63d925780a18f5b37c39bdee
104,0.05,0.00002500005,0xfa3b38bf90db24019b94400b66fe57bde7cad810,2017-10-22T12:19:47.000Z,0.000500001,0x5a41f8d78f711dd63b8fc66dc136e9d3b5e0b168,sell,0xb802b24e0637c2b87d2e8b7784c055bbe921011a,0x863594be57a100c6c0920077dfbbc9c42534a67d30a6806e8a5fa4bd7738f082
105,586.98,0.29349058698,0xfa3b38bf90db24019b94400b66fe57bde7cad810,2017-10-22T12:17:36.000Z,0.000500001,0x5a41f8d78f711dd63b8fc66dc136e9d3b5e0b168,sell,0xb802b24e0637c2b87d2e8b7784c055bbe921011a,0x60bbeab1e51057d0fd7e1a371a1df3c433be4940970170908fd40fd8ad741a76
106,5,0.004855,0xedf5de3807d23e5d85b0caa1e10d52b85c2a6965,2017-10-21T15:41:08.000Z,0.000971,0x5a41f8d78f711dd63b8fc66dc136e9d3b5e0b168,buy,0xb802b24e0637c2b87d2e8b7784c055bbe921011a,0xc9cf13d058d2d79d547da83ddb8e774da9ce0e79b8d932f2643e4fde4bb04443
107,149.53,0.164490080749676,0xade79203c0ad2da2678e18aa60e6c3886aebacc4,2017-10-21T10:05:02.000Z,0.0011000473533717382,0x9adce261bd078192e788fd87e0112fa50ae5b770,buy,0xb802b24e0637c2b87d2e8b7784c055bbe921011a,0x953eb807f022dfe4f47a2d5e0e5ce2610d70fbb88fa5570c529e0156d5f32236
108,600,0.5879994,0xd10b0067c90bb154c83d5495f7408b005cba0492,2017-10-20T18:32:40.000Z,0.000979999,0x48eaedfa6ab55f414a433f0778f55ed9b827e822,buy,0xb802b24e0637c2b87d2e8b7784c055bbe921011a,0xa7fc657cc3e5ec9b1285aacb81302e2534d8bc3f75b55ff4f7778916c8039089
109,0.13,0.0001274,0xc5847b34697e2ec7887f42fc171402ba0c977466,2017-10-20T11:18:00.000Z,0.00098,0x9d413c9f3650b2d7a264373bc89c457a05dedcae,buy,0xb802b24e0637c2b87d2e8b7784c055bbe921011a,0x98b07835b65d961f24c9a352f556e976fa9c6ef4fe2e283c2d601c0005fbda5f
110,100,0.35,0x22ce09535577c224cc5f3da133be5b58a0a0c8f0,2017-10-20T06:14:28.000Z,0.0035,0x22ce09535577c224cc5f3da133be5b58a0a0c8f0,buy,0xb802b24e0637c2b87d2e8b7784c055bbe921011a,0x9559d1cd66423d270a330d13abf1bc014c83ce3e52cae1f0995c29cc3a83a5e7
111,0.1,0.000097,0x6cdea8e07bf82d7a07dbf36642d6e5be8623845c,2017-10-19T23:40:16.000Z,0.00097,0x5a41f8d78f711dd63b8fc66dc136e9d3b5e0b168,buy,0xb802b24e0637c2b87d2e8b7784c055bbe921011a,0xf907996dac01a9889b24f566b37a35c90c17ce906d86b29bc22a0629b39ff0b8
112,797.53,0.9171595,0x8f75930c1b6d04028de07dfbadff422f07412aa0,2017-10-19T13:27:30.000Z,0.00115,0x65f2dddf638c7a7118b22d610c9aeba141f2467f,sell,0xb802b24e0637c2b87d2e8b7784c055bbe921011a,0x46c2951a83a09989eb77219200e5ef950e76421701c8c4a937593d95b2779022
113,800,0.799992,0x65f2dddf638c7a7118b22d610c9aeba141f2467f,2017-10-19T13:27:30.000Z,0.00099999,0x6d3c67636ac37d1199ae1d17f32d9036102c2397,buy,0xb802b24e0637c2b87d2e8b7784c055bbe921011a,0x46c2951a83a09989eb77219200e5ef950e76421701c8c4a937593d95b2779022
114,2.47,0.002477432296890672,0x86f07ee309655dbb0c169668f4e27848c0deda77,2017-10-19T13:27:30.000Z,0.0010030090270812437,0x5a41f8d78f711dd63b8fc66dc136e9d3b5e0b168,buy,0xb802b24e0637c2b87d2e8b7784c055bbe921011a,0x2291549a89b18f3c3ddd1a63d9d4f33ce72ee1f94006bd1f47262277d9ba18e4
115,2.46,0.002829,0x8f75930c1b6d04028de07dfbadff422f07412aa0,2017-10-19T13:27:30.000Z,0.00115,0x86f07ee309655dbb0c169668f4e27848c0deda77,sell,0xb802b24e0637c2b87d2e8b7784c055bbe921011a,0x2291549a89b18f3c3ddd1a63d9d4f33ce72ee1f94006bd1f47262277d9ba18e4
116,1,0.0011,0x3ac636ac5c3a2576156ac5f10066ca68abe0ad54,2017-10-19T11:39:47.000Z,0.0011,0x9adce261bd078192e788fd87e0112fa50ae5b770,buy,0xb802b24e0637c2b87d2e8b7784c055bbe921011a,0x167505660341ea2891b832f123af09c61384644e6fe89319c256fedd376b0304
117,20,0.0199998,0x27849f835bb345a26dffbfa7a8863c387b546730,2017-10-19T05:35:49.000Z,0.00099999,0x6d3c67636ac37d1199ae1d17f32d9036102c2397,buy,0xb802b24e0637c2b87d2e8b7784c055bbe921011a,0x14b86ff52cb423cd30f498b90fbc6942529a939f1de3d2fca7b7141ba0e8a81c
118,1,0.0011,0x636d925f140f761f7a0e600db2177dd068ddada1,2017-10-18T15:26:42.000Z,0.0011,0x9adce261bd078192e788fd87e0112fa50ae5b770,buy,0xb802b24e0637c2b87d2e8b7784c055bbe921011a,0x9c8cb68e511e03fd6d2f33f2ba851dfa974152c92bdf07254ef3d8e1399f48e5
119,0.45,0.0005,0x379374d13077e8867ef31803c37baf9785a17c00,2017-10-18T15:13:37.000Z,0.0011111111111111111,0x9adce261bd078192e788fd87e0112fa50ae5b770,buy,0xb802b24e0637c2b87d2e8b7784c055bbe921011a,0xecb9e0954a9df7853b70a098823341f8056178967e61992d92b24c5fbe0fd018
120,0.45,0.0005,0xf9695cd65d6dfdf257fab76a3eb0cb8f001971cc,2017-10-18T15:12:12.000Z,0.0011111111111111111,0x9adce261bd078192e788fd87e0112fa50ae5b770,buy,0xb802b24e0637c2b87d2e8b7784c055bbe921011a,0x4df9092ace7f1a92c03470abe0660fcc5f9325aa63ed86a8e28f54025d0c8ef4
121,687.88,0.6878872717375458,0xd10b0067c90bb154c83d5495f7408b005cba0492,2017-10-17T19:25:04.000Z,0.001000010571229787,0x6d3c67636ac37d1199ae1d17f32d9036102c2397,buy,0xb802b24e0637c2b87d2e8b7784c055bbe921011a,0x6791457d766755287975e100c6934da05659b1b00e4d81003b5507fbc50e42c1
122,0.5,0.0005,0x16e5d97bbc92417e051e3b2cabfbf8ceea2acb9c,2017-10-17T17:32:57.000Z,0.001,0x6d3c67636ac37d1199ae1d17f32d9036102c2397,buy,0xb802b24e0637c2b87d2e8b7784c055bbe921011a,0x6ba9d029065c6f822626238c8a3ce59e01ab472205cf06763cc0528b45266848
123,0.5,0.000126001,0x5a41f8d78f711dd63b8fc66dc136e9d3b5e0b168,2017-10-17T12:37:18.000Z,0.000252002,0x5a41f8d78f711dd63b8fc66dc136e9d3b5e0b168,sell,0xb802b24e0637c2b87d2e8b7784c055bbe921011a,0x0a34547ad38b454e2aa902fb14d6ef874a01c3576197c5e3016449479226f07f
124,0.5,0.0005,0xcd912af5286dc0b0a23edb30209734ecb60838b3,2017-10-17T05:13:18.000Z,0.001,0x6d3c67636ac37d1199ae1d17f32d9036102c2397,buy,0xb802b24e0637c2b87d2e8b7784c055bbe921011a,0xd0a9a0d8b9995afb703d823ac04deb8f5aecf5e42695018765edc6dabc50b19d
125,1471.64,0.73582,0xfa3b38bf90db24019b94400b66fe57bde7cad810,2017-10-16T12:15:20.000Z,0.0005,0x6d3c67636ac37d1199ae1d17f32d9036102c2397,sell,0xb802b24e0637c2b87d2e8b7784c055bbe921011a,0x6c82cf49053affad7432379f6665df7df03728701837a516357c003b4ea04672
126,528.36,0.26418,0xfa3b38bf90db24019b94400b66fe57bde7cad810,2017-10-16T12:10:21.000Z,0.0005,0x6d3c67636ac37d1199ae1d17f32d9036102c2397,sell,0xb802b24e0637c2b87d2e8b7784c055bbe921011a,0x68d28fba196485c5cc0e26a7ad74806a349391d8080ae315f51cbdb121d3408f
127,103.33,0.1002301,0x38e8c49c6ad23dc6184107f0daa1092b2db80f25,2017-10-15T17:42:21.000Z,0.00097,0x5a41f8d78f711dd63b8fc66dc136e9d3b5e0b168,sell,0xb802b24e0637c2b87d2e8b7784c055bbe921011a,0x313a998b634c149787f34779858faad1ff852fe39ac89041b4da373eb8bb2ab6
128,42.67,0.0413899,0x38e8c49c6ad23dc6184107f0daa1092b2db80f25,2017-10-15T15:17:36.000Z,0.00097,0x8f2b29ca0be12b6f7f9cb18be2d77e6bfde7efdf,buy,0xb802b24e0637c2b87d2e8b7784c055bbe921011a,0xec81771ab583a9eff57aedf2554c4a845bf38510c56a1aa87791d2dc730bc4cb
129,0,0,0xfa3b38bf90db24019b94400b66fe57bde7cad810,2017-10-15T05:59:07.000Z,NaN,0x999dbc9673afdd6b6c140c261297f89de35ff1b3,sell,0xb802b24e0637c2b87d2e8b7784c055bbe921011a,0x786d5bb1d51235b401b47a4010cafb22356d8bc2d6fb748aa218c0ed1b7e43c2
130,49.84,0.0483448,0x38e8c49c6ad23dc6184107f0daa1092b2db80f25,2017-10-15T04:18:47.000Z,0.00097,0x9d413c9f3650b2d7a264373bc89c457a05dedcae,sell,0xb802b24e0637c2b87d2e8b7784c055bbe921011a,0xc6186df66f72ffb654fb6435a9e664a0216172876c4823c3f70ba2eba60792c4
131,141.01,0.1367797,0x38e8c49c6ad23dc6184107f0daa1092b2db80f25,2017-10-15T03:42:33.000Z,0.00097,0x14d6a9617a144ac2ee29a309862a3d88ba2820d6,buy,0xb802b24e0637c2b87d2e8b7784c055bbe921011a,0x188c5f978cb9a7553cb5b9c2e5ff1ef75d6b08fd490a65d1bc50a25114d5518f
132,257.2,0.249484,0x38e8c49c6ad23dc6184107f0daa1092b2db80f25,2017-10-14T23:58:30.000Z,0.00097,0x86fc8e06af3d09776a128e921bc932bcc1c89a9d,sell,0xb802b24e0637c2b87d2e8b7784c055bbe921011a,0xdc8d8da7da0d79d9b72bc3ca03191e285976319fb9a0c3986b80522da7ebaa07
133,1000,1,0xb15056cb8ab7779888d8e463d75e42e2a94e335e,2017-10-13T22:14:34.000Z,0.001,0xa25784714a35da4ab9f50922ed535e0f5935faa2,buy,0xb802b24e0637c2b87d2e8b7784c055bbe921011a,0xcf7c54966d41ce4773ccee2bcaa25e487b16c52d47270e09a0db641eb0370536
134,3000,0.75,0x22ce09535577c224cc5f3da133be5b58a0a0c8f0,2017-10-12T13:23:56.000Z,0.00025,0x22ce09535577c224cc5f3da133be5b58a0a0c8f0,sell,0xb802b24e0637c2b87d2e8b7784c055bbe921011a,0x7be1ede80535cddfb9816f6673f70d88289710f30e921fb27d61bcd63a8ea343
135,50,0.0325,0x8c06fa866502ee6a4b04b22afbdf542fe6e49b30,2017-10-09T21:20:52.000Z,0.00065,0x6d3c67636ac37d1199ae1d17f32d9036102c2397,sell,0xb802b24e0637c2b87d2e8b7784c055bbe921011a,0xcc1d5e5329a7df91f676dbecf4d6e2f45eaf42c5d5149c85ccef015c9dabfb23
136,40.71,0.028497,0xfa3b38bf90db24019b94400b66fe57bde7cad810,2017-10-09T18:44:13.000Z,0.0007,0x6d3c67636ac37d1199ae1d17f32d9036102c2397,sell,0xb802b24e0637c2b87d2e8b7784c055bbe921011a,0xc3a58efe036c625889086c37cd80a1d030e9d4336b9100b757f442032b66bebc
137,1.71,0.0012141,0xa5e8ec84aca34e8ef6ae78f0735df247a941bcd1,2017-10-09T18:36:13.000Z,0.00071,0x6d3c67636ac37d1199ae1d17f32d9036102c2397,sell,0xb802b24e0637c2b87d2e8b7784c055bbe921011a,0x0ffe7d5de520ebc17b77e37ff667a101455b3622abfae09454a55be8edb65d0c
138,1945.02,1.4004144,0xfa3b38bf90db24019b94400b66fe57bde7cad810,2017-10-09T17:46:43.000Z,0.00072,0x6d3c67636ac37d1199ae1d17f32d9036102c2397,sell,0xb802b24e0637c2b87d2e8b7784c055bbe921011a,0x785af311d46fc54c5ed31fcab7688f94e5cb56fd9a0b72fbd2c9fec207378f38
139,4.98,0.0035856,0xfa3b38bf90db24019b94400b66fe57bde7cad810,2017-10-08T22:53:40.000Z,0.00072,0x693d443431b552186a74eff5a3fd8b13f8cdfbc9,sell,0xb802b24e0637c2b87d2e8b7784c055bbe921011a,0x814cba5c47f6f3bc2f6eb45d7b13aa3926677477d219be58c688c5728b375d64
140,23.47,0.0166637,0x5d5065b42bdee0274e394ba9042c21e1818c69cf,2017-10-07T12:42:28.000Z,0.00071,0x9d413c9f3650b2d7a264373bc89c457a05dedcae,sell,0xb802b24e0637c2b87d2e8b7784c055bbe921011a,0xc5e0a72365be0b2abed5cde95448dc97120e161197c41d89ba79782fb94b78f1
141,125,0.125,0x8c299ddfed9977dca71c6c0cc9ef25086d2053bb,2017-10-07T02:12:32.000Z,0.001,0x6d3c67636ac37d1199ae1d17f32d9036102c2397,buy,0xb802b24e0637c2b87d2e8b7784c055bbe921011a,0x88160c3d97a722f9197cb4f97683e7e97f9ed474488e027b93e8c27ca2ab5b44
142,50,0.0325,0xfa3b38bf90db24019b94400b66fe57bde7cad810,2017-10-04T23:48:14.000Z,0.00065,0x57e45515c679bb4a549304330e05714b7d9866fb,sell,0xb802b24e0637c2b87d2e8b7784c055bbe921011a,0x9b183bcaebc859cb03d6958ea64e97d36df81ea8bc751993c1e9d1423e22b1be
143,518.78,0.1919486,0x22ce09535577c224cc5f3da133be5b58a0a0c8f0,2017-10-04T07:29:23.000Z,0.00037,0x22ce09535577c224cc5f3da133be5b58a0a0c8f0,sell,0xb802b24e0637c2b87d2e8b7784c055bbe921011a,0x89ba7f3a56cc647a5c14292103ab259342decf5333b4ddb4ce6f8a5317f0dd11
144,100,0.1,0x097501c95264ad3204159efaefdc5820783dbeae,2017-10-04T06:32:28.000Z,0.001,0x6d3c67636ac37d1199ae1d17f32d9036102c2397,buy,0xb802b24e0637c2b87d2e8b7784c055bbe921011a,0x68ad0f868fb9bd08edcf678cc13dac9201d9d3b5d8fa6ecc08f979bf6ba42cee
145,304.83,0.2255742,0xfa3b38bf90db24019b94400b66fe57bde7cad810,2017-10-03T18:06:38.000Z,0.00074,0x9d413c9f3650b2d7a264373bc89c457a05dedcae,sell,0xb802b24e0637c2b87d2e8b7784c055bbe921011a,0x42984611fb38b3fe5346711dc1cce66576b51b81b9d60121d4bf3b8b0b1cee95
146,1000,0.8,0xa25784714a35da4ab9f50922ed535e0f5935faa2,2017-10-03T17:59:58.000Z,0.0008,0x9d413c9f3650b2d7a264373bc89c457a05dedcae,sell,0xb802b24e0637c2b87d2e8b7784c055bbe921011a,0xf68b8f9669d9476c0ad6dde7090abb23c7eb5982dbe689092985806988bb0c13
147,949.55,0.7121625,0xfa3b38bf90db24019b94400b66fe57bde7cad810,2017-10-02T21:26:26.000Z,0.00075,0xabe1704fdec51a8e3c1712c731e3386d27e8e721,sell,0xb802b24e0637c2b87d2e8b7784c055bbe921011a,0x3d466f4ff40c405c8bb2577ba7ef1ab29c86304578091901175e026c38cea1b2
148,600,0.4506,0x48eaedfa6ab55f414a433f0778f55ed9b827e822,2017-10-02T21:22:03.000Z,0.000751,0xabe1704fdec51a8e3c1712c731e3386d27e8e721,sell,0xb802b24e0637c2b87d2e8b7784c055bbe921011a,0xe89c9ce53918d42c8a461485e7417ff4f41b5b70a1b6c39b09331b92e8197697
149,10,0.01249992,0x57e45515c679bb4a549304330e05714b7d9866fb,2017-10-02T02:21:16.000Z,0.001249992,0x6d3c67636ac37d1199ae1d17f32d9036102c2397,buy,0xb802b24e0637c2b87d2e8b7784c055bbe921011a,0xcbf1daecd8e651e54678712415fe0d4db6a1808dd4d713780f378f6055e9329f
150,19.93,0.0149475,0xfa3b38bf90db24019b94400b66fe57bde7cad810,2017-10-01T22:10:53.000Z,0.00075,0x9c1b289210263135a61022624bd0d525d5befa12,sell,0xb802b24e0637c2b87d2e8b7784c055bbe921011a,0xdd3604f464285fac1f04ba12e5f4677635f0af63367a9e27ed52abd5bf8b913a
151,960,3.36,0x22ce09535577c224cc5f3da133be5b58a0a0c8f0,2017-09-29T19:50:47.000Z,0.0035,0x22ce09535577c224cc5f3da133be5b58a0a0c8f0,buy,0xb802b24e0637c2b87d2e8b7784c055bbe921011a,0x8e2ceba5f0af59632bbb607bcafadca21cf5f4663ca5fa886169cfb8a926938e
152,700,1.61,0x22ce09535577c224cc5f3da133be5b58a0a0c8f0,2017-09-29T19:48:14.000Z,0.0023,0x22ce09535577c224cc5f3da133be5b58a0a0c8f0,buy,0xb802b24e0637c2b87d2e8b7784c055bbe921011a,0xe33e65ccce2dfdf1f066634d193a10e5d040fa11c2bcf2363857d9dff4e2cef2
153,1,0.001349,0x0249924245a19aa2d7f5ddb0739a7132b7d094ab,2017-09-28T17:25:18.000Z,0.001349,0x693d443431b552186a74eff5a3fd8b13f8cdfbc9,buy,0xb802b24e0637c2b87d2e8b7784c055bbe921011a,0x03ff8fc4eda08d9aa63bfd132229d38ef88a7735bfaad6b2796ca22d73b5f4c2
154,14,0.018886,0x6e715cd8d0d1b8391d380ba66dafb05f85777532,2017-09-28T14:54:37.000Z,0.001349,0x693d443431b552186a74eff5a3fd8b13f8cdfbc9,buy,0xb802b24e0637c2b87d2e8b7784c055bbe921011a,0xecf9ab807faef6d6888c634045be60fd1eb178ae73b883db0d3b12c1adbbeee1
155,24,0.032376,0x6e715cd8d0d1b8391d380ba66dafb05f85777532,2017-09-28T14:45:18.000Z,0.001349,0x693d443431b552186a74eff5a3fd8b13f8cdfbc9,buy,0xb802b24e0637c2b87d2e8b7784c055bbe921011a,0x075d20bfe874738ff982098934f8545baaa589a70f32203f45744a5e32e85b59
156,1330,2.926,0x22ce09535577c224cc5f3da133be5b58a0a0c8f0,2017-09-28T14:09:34.000Z,0.0022,0x22ce09535577c224cc5f3da133be5b58a0a0c8f0,buy,0xb802b24e0637c2b87d2e8b7784c055bbe921011a,0x174b238a59b84355e7427af54458200827743e0b835e3fd60e8261984cef1a61
157,1,0.001349,0xa0be78d2bac6a692adba423c7af50ec86a18bddf,2017-09-28T05:36:59.000Z,0.001349,0x693d443431b552186a74eff5a3fd8b13f8cdfbc9,buy,0xb802b24e0637c2b87d2e8b7784c055bbe921011a,0x2a9a05d4ce0ea5a21160924f4087404e93fc9d16fd7ab683a3519b88497526aa
158,370,0.814,0x22ce09535577c224cc5f3da133be5b58a0a0c8f0,2017-09-27T09:32:25.000Z,0.0022,0x22ce09535577c224cc5f3da133be5b58a0a0c8f0,buy,0xb802b24e0637c2b87d2e8b7784c055bbe921011a,0x9dcd738f56099dfc3c599caf3ef938932420024d8cd8b310b1fe555e84c6b16c
159,4000,0.8,0x22ce09535577c224cc5f3da133be5b58a0a0c8f0,2017-09-27T07:07:41.000Z,0.0002,0x22ce09535577c224cc5f3da133be5b58a0a0c8f0,sell,0xb802b24e0637c2b87d2e8b7784c055bbe921011a,0xda5394f7e1e44387c512dfe4f7662dd105d02ad30d46b3ad5c3a796f4074b3ea
160,45,0.033750045,0x693d443431b552186a74eff5a3fd8b13f8cdfbc9,2017-09-26T22:45:34.000Z,0.000750001,0xabe1704fdec51a8e3c1712c731e3386d27e8e721,sell,0xb802b24e0637c2b87d2e8b7784c055bbe921011a,0x6b02e4d542bb589d1d46e58a8243fcfbf1f97559522c7d24a78116183d916f9f
161,959.87,0.7295012,0xfa3b38bf90db24019b94400b66fe57bde7cad810,2017-09-26T20:28:29.000Z,0.00076,0xabe1704fdec51a8e3c1712c731e3386d27e8e721,sell,0xb802b24e0637c2b87d2e8b7784c055bbe921011a,0xe4c81c3fa021701b337781d2da380e196d6e2e90eddb48285514b6de593362d1
162,240,0.84,0x22ce09535577c224cc5f3da133be5b58a0a0c8f0,2017-09-26T08:24:07.000Z,0.0035,0x22ce09535577c224cc5f3da133be5b58a0a0c8f0,buy,0xb802b24e0637c2b87d2e8b7784c055bbe921011a,0xe8409b329e832db2d7cdb6f6d7399365f420e30ad6dea2db0a027360cbcfd115
163,230,0.805,0x22ce09535577c224cc5f3da133be5b58a0a0c8f0,2017-09-26T07:48:51.000Z,0.0035,0x22ce09535577c224cc5f3da133be5b58a0a0c8f0,buy,0xb802b24e0637c2b87d2e8b7784c055bbe921011a,0x5d10b9f131d5b526bda19204ed794844d54657038c44dabcf05bb5a2e557f284
164,220,0.77,0x22ce09535577c224cc5f3da133be5b58a0a0c8f0,2017-09-25T20:32:42.000Z,0.0035,0x22ce09535577c224cc5f3da133be5b58a0a0c8f0,buy,0xb802b24e0637c2b87d2e8b7784c055bbe921011a,0xce074478e0bd53a03b9a7e809f3fed0f45437e864e79658be816254382817f7c
165,250,0.875,0x22ce09535577c224cc5f3da133be5b58a0a0c8f0,2017-09-25T20:31:45.000Z,0.0035,0x22ce09535577c224cc5f3da133be5b58a0a0c8f0,buy,0xb802b24e0637c2b87d2e8b7784c055bbe921011a,0xd463a8314a9ba23aaf9b91c85486efb314173b3ee62cabbc6c2f75de06b6cae8
166,200,0.7,0x22ce09535577c224cc5f3da133be5b58a0a0c8f0,2017-09-25T20:14:52.000Z,0.0035,0x22ce09535577c224cc5f3da133be5b58a0a0c8f0,buy,0xb802b24e0637c2b87d2e8b7784c055bbe921011a,0x0405ec1e069d35814ac44cbb28b51b984032e9e5433fc7342557f738362e345d
167,220,0.77,0x22ce09535577c224cc5f3da133be5b58a0a0c8f0,2017-09-25T11:32:18.000Z,0.0035,0x22ce09535577c224cc5f3da133be5b58a0a0c8f0,buy,0xb802b24e0637c2b87d2e8b7784c055bbe921011a,0x1a71ec2d6e452ff98a4b70fa54a07fef8d9b288aa88cf9bf3c532a47837b2ab5
168,290,0.667,0x22ce09535577c224cc5f3da133be5b58a0a0c8f0,2017-09-25T11:21:51.000Z,0.0023,0x22ce09535577c224cc5f3da133be5b58a0a0c8f0,buy,0xb802b24e0637c2b87d2e8b7784c055bbe921011a,0xca2334fae088afaf96984cc8fb441f892b6a50151ae9e426864a8539bab63d21
169,240,0.84,0x22ce09535577c224cc5f3da133be5b58a0a0c8f0,2017-09-25T11:10:53.000Z,0.0035,0x22ce09535577c224cc5f3da133be5b58a0a0c8f0,buy,0xb802b24e0637c2b87d2e8b7784c055bbe921011a,0x6d5b612f0d82cf578fa4cd45731aa24c5e2dd8523b9ea279ae932a950852cc8e
170,240,0.84,0x22ce09535577c224cc5f3da133be5b58a0a0c8f0,2017-09-25T11:02:26.000Z,0.0035,0x22ce09535577c224cc5f3da133be5b58a0a0c8f0,buy,0xb802b24e0637c2b87d2e8b7784c055bbe921011a,0x2a8bae83d617b58e083e0b782e4247b88fe889316a2ac5adaf40b4bd57dfa071
171,90,0.45,0x22ce09535577c224cc5f3da133be5b58a0a0c8f0,2017-09-25T08:22:59.000Z,0.005,0x22ce09535577c224cc5f3da133be5b58a0a0c8f0,buy,0xb802b24e0637c2b87d2e8b7784c055bbe921011a,0x059d0a562bd9c904b46a1d1d9a5a210d09be28aa1f9d3d71c6a27d93f54a2a08
172,0.34,0.0005,0xc886b21b865e7c90432d9b8bdb14ad254f2232f5,2017-09-25T04:10:24.000Z,0.0014705882352941176,0x57e45515c679bb4a549304330e05714b7d9866fb,buy,0xb802b24e0637c2b87d2e8b7784c055bbe921011a,0x373581a8ed160d609bcaa31c67aadaa9d93bdcd9caf282d639adce56418369da
173,0.34,0.0005,0xe37bd4d49c619e748d4efe74525489d26b6aff43,2017-09-25T04:06:21.000Z,0.0014705882352941176,0x57e45515c679bb4a549304330e05714b7d9866fb,buy,0xb802b24e0637c2b87d2e8b7784c055bbe921011a,0x8073c4ca3d8be71dbeeb2551014e9196ad209fbee5f6276addfcb1050551c903
174,0.34,0.0005,0x23ee598e50ff1b1bde1022bf3c8a41d4c23321a0,2017-09-25T00:19:17.000Z,0.0014705882352941176,0x57e45515c679bb4a549304330e05714b7d9866fb,buy,0xb802b24e0637c2b87d2e8b7784c055bbe921011a,0x4c1e197929d8975940a138e645353b0cffe546634464a6d2425ed6ebc21d97a0
175,0.13,0.0000988,0xfa3b38bf90db24019b94400b66fe57bde7cad810,2017-09-25T00:15:37.000Z,0.00076,0x57b00c981363c67b11e07eaa71364bf20e8025fe,sell,0xb802b24e0637c2b87d2e8b7784c055bbe921011a,0xbd53b72a97990388803bca43f8daea49bbfe67b2fbf3b6fd5d7a318500ae8bb9
176,0.34,0.0005,0xe5a759eb3e214ff0a2bbbea31acc41c9bf27b239,2017-09-25T00:10:08.000Z,0.0014705882352941176,0x57e45515c679bb4a549304330e05714b7d9866fb,buy,0xb802b24e0637c2b87d2e8b7784c055bbe921011a,0x4eb01f60daffa6ce09df15cac425167f30f8c52ba3540d5cbeb59181fdda1208
177,0.34,0.0005,0x160506e5a5ce5dadd43623689f53d5aa1f288f0f,2017-09-24T23:43:53.000Z,0.0014705882352941176,0x57e45515c679bb4a549304330e05714b7d9866fb,buy,0xb802b24e0637c2b87d2e8b7784c055bbe921011a,0xdd481704d003f0a1a8a93f755d339ce957aeeee16aaad6a010ec0144bc7bc117
178,73,0.1057624,0xc737468e0654f1a21ed4c22544d40fd49d69990a,2017-09-24T04:50:40.000Z,0.0014488,0x57e45515c679bb4a549304330e05714b7d9866fb,buy,0xb802b24e0637c2b87d2e8b7784c055bbe921011a,0x9d4a27ae065da156b1cbf61da910a504b55cdf431dbce5dc4d39b5b79f6c3fca
179,0.34,0.0005,0xc22f5ab4f1591613a92b4d172cc7f4e4a5af58cd,2017-09-23T23:28:12.000Z,0.0014705882352941176,0x57e45515c679bb4a549304330e05714b7d9866fb,buy,0xb802b24e0637c2b87d2e8b7784c055bbe921011a,0x868f7a25b1eb702a83ea521fd8ff7bd409985d3ad013ca3c145b831ef257f11b
180,0.34,0.0005,0x452b06f1c61cff4c9bebaa405319a7c3b12553a2,2017-09-23T23:28:12.000Z,0.0014705882352941176,0x57e45515c679bb4a549304330e05714b7d9866fb,buy,0xb802b24e0637c2b87d2e8b7784c055bbe921011a,0x24469c61f397deda410fc3816b1d87a63e12c074fbb53ea16ae96e16fe408b11
181,100,0.22,0x22ce09535577c224cc5f3da133be5b58a0a0c8f0,2017-09-23T22:16:58.000Z,0.0022,0x22ce09535577c224cc5f3da133be5b58a0a0c8f0,buy,0xb802b24e0637c2b87d2e8b7784c055bbe921011a,0x26339d0eac3d7296417f17378ee46c067b3483770866c28801802119876795ea
182,0.34,0.0005,0x2ba19ec4bcd5ae8de66b110bde5ebf41092bd02f,2017-09-23T19:17:59.000Z,0.0014705882352941176,0x57e45515c679bb4a549304330e05714b7d9866fb,buy,0xb802b24e0637c2b87d2e8b7784c055bbe921011a,0xbc0b99a760b4b8859a46354a56e429d98ad1f38656f0860c7b00159777445ebf
183,27.52,0.03987638321204267,0xc737468e0654f1a21ed4c22544d40fd49d69990a,2017-09-23T18:14:28.000Z,0.0014489964829957364,0x57e45515c679bb4a549304330e05714b7d9866fb,buy,0xb802b24e0637c2b87d2e8b7784c055bbe921011a,0x33c1c27d4e0aba40bef6c0d2e1ca7e364f0daf6247619157aeba7ecd6bdb7648
184,0.34,0.0005,0x18a902dc44442205b4ba2b1dc038e67506d22c55,2017-09-23T16:13:11.000Z,0.0014705882352941176,0x57e45515c679bb4a549304330e05714b7d9866fb,buy,0xb802b24e0637c2b87d2e8b7784c055bbe921011a,0xc87c85e8554090ba811d0b67071c52df6ca722ce7f962d5cd0fbb393da893575
185,0.34,0.0005,0xd868b838b5de79f1e540b5d83c9e9a3d0b3810cd,2017-09-23T16:02:02.000Z,0.0014705882352941176,0x57e45515c679bb4a549304330e05714b7d9866fb,buy,0xb802b24e0637c2b87d2e8b7784c055bbe921011a,0x394d3fa114213678f4cc894bf7a978a85b22c04d0ef6e2b1a843fec74dcb7904
186,55,0.079684,0x75f021b819ab1cd86a996d0385f7c5b4f72cd65a,2017-09-22T22:58:24.000Z,0.0014488,0x57e45515c679bb4a549304330e05714b7d9866fb,buy,0xb802b24e0637c2b87d2e8b7784c055bbe921011a,0x98763b782fa50c35fecd85ad1df8c8ab24a96464792415fad048f908a87374ab
187,100,0.14488,0xa0b8fd7459b9b3a8ffc6f085657aed7743fe77cc,2017-09-22T22:19:27.000Z,0.0014488,0x57e45515c679bb4a549304330e05714b7d9866fb,buy,0xb802b24e0637c2b87d2e8b7784c055bbe921011a,0xc6ce870b0be626e99679fe6022065cc25cfaf3c32c61cf82fcff55b4ff6c6470
188,1,0.0014487,0x57e45515c679bb4a549304330e05714b7d9866fb,2017-09-22T13:38:22.000Z,0.0014487,0x08633ba8540a230b5be19211578e8d08f4fb1323,buy,0xb802b24e0637c2b87d2e8b7784c055bbe921011a,0xe4319325676458e6f788f750082ffcd1b9dce72e45d271f83c95614d3b22366f
189,0.34,0.0005,0x999dbc9673afdd6b6c140c261297f89de35ff1b3,2017-09-22T05:50:14.000Z,0.0014705882352941176,0x57e45515c679bb4a549304330e05714b7d9866fb,buy,0xb802b24e0637c2b87d2e8b7784c055bbe921011a,0x9e22d96d72531dcee7a306a0ddd639aae4baea63530cd11bd2cbfdcae85b95f8
190,0.34,0.0005,0x999dbc9673afdd6b6c140c261297f89de35ff1b3,2017-09-22T05:23:58.000Z,0.0014705882352941176,0x57e45515c679bb4a549304330e05714b7d9866fb,buy,0xb802b24e0637c2b87d2e8b7784c055bbe921011a,0xb4afd6e6539650a48e1a27bb417f744a29bbe9f612c684e6b63241d6aa3b8ef6
191,0.34,0.0005,0x8612d2a48328bbf318b856ed0daaa4a7034383d0,2017-09-22T05:09:50.000Z,0.0014705882352941176,0x57e45515c679bb4a549304330e05714b7d9866fb,buy,0xb802b24e0637c2b87d2e8b7784c055bbe921011a,0x423dcd3084abc193ebd075738d8dc85544d7f8bfd98147ca6c3891279cc9ab25
192,0.34,0.0005,0x10c12555236fa11fc988be565ab70c82a4660ecf,2017-09-22T05:07:53.000Z,0.0014705882352941176,0x57e45515c679bb4a549304330e05714b7d9866fb,buy,0xb802b24e0637c2b87d2e8b7784c055bbe921011a,0x1ca95fb00df703c43a38a7fb39b949506db2752a5ba03404b808402aba8a591e
193,0.34,0.0005,0x8f28b1970e72adb11173044ebc762800e3128238,2017-09-22T04:56:56.000Z,0.0014705882352941176,0x57e45515c679bb4a549304330e05714b7d9866fb,buy,0xb802b24e0637c2b87d2e8b7784c055bbe921011a,0xb1b60832a877548af6e8e43b25791cc78c53b1269120d5fbf8071784d0e3a46b
194,0.34,0.0005,0x7ed2114439b24152cf18c02c10cae681a7ca2adc,2017-09-22T04:55:48.000Z,0.0014705882352941176,0x57e45515c679bb4a549304330e05714b7d9866fb,buy,0xb802b24e0637c2b87d2e8b7784c055bbe921011a,0x0f507ad49a8168b893202bea4984fea38eeefd7fc706547c0f4cd07ba6ab35da
195,0.34,0.0005,0x03dd03643b71b06642179afb38211c0f45699bc5,2017-09-22T04:41:12.000Z,0.0014705882352941176,0x57e45515c679bb4a549304330e05714b7d9866fb,buy,0xb802b24e0637c2b87d2e8b7784c055bbe921011a,0x6c80351d53af60dfc4adbba60d63b2b14504fbfd6d2a0abd7801c657ba4ba141
196,275.52,0.20664,0xfa3b38bf90db24019b94400b66fe57bde7cad810,2017-09-22T00:46:52.000Z,0.00075,0x56d484d8dc3b214be3258d3af55e54dac98f4c9e,sell,0xb802b24e0637c2b87d2e8b7784c055bbe921011a,0x848387f073a2b7659c3da392ae2d0bd8727e7dc9f1d5a7c7b9801d48c6b527fe
197,0.69,0.001000431,0x19b78488b79c6a45d4e060f05a2b35c4873f25c5,2017-09-21T22:56:42.000Z,0.0014499,0x57e45515c679bb4a549304330e05714b7d9866fb,buy,0xb802b24e0637c2b87d2e8b7784c055bbe921011a,0x48be4952be8a9a7a70523fb6e69dcec90f0b706e63be3cff6bf328deaacdcf29
198,60,0.3,0x22ce09535577c224cc5f3da133be5b58a0a0c8f0,2017-09-21T20:28:39.000Z,0.005,0x22ce09535577c224cc5f3da133be5b58a0a0c8f0,buy,0xb802b24e0637c2b87d2e8b7784c055bbe921011a,0x2e4f4d2aca493beb42ee56f2e1ae3c56ca0129302932e6c2a6f57e26db619d73
199,589.74,0.4599972,0xfa3b38bf90db24019b94400b66fe57bde7cad810,2017-09-20T21:04:03.000Z,0.00078,0x7ecbc907edb6f029f33b22c5da46cdcc8c3c52d2,sell,0xb802b24e0637c2b87d2e8b7784c055bbe921011a,0x07398c6eea21270ad8ea6bd8833e157298d12fe8bea3b6602197aad74a907732
200,10.24,0.014953643704516,0x054dfef1b9d3d38ae98012526e562ebe43828c77,2017-09-20T09:41:30.000Z,0.0014603167680191406,0x57e45515c679bb4a549304330e05714b7d9866fb,buy,0xb802b24e0637c2b87d2e8b7784c055bbe921011a,0x3aac27a2dfc0cce4c3f680558088295e3beb3401b445a35f449ef0c22ca7fbd3
201,20,0.02934,0x9c1b289210263135a61022624bd0d525d5befa12,2017-09-19T05:05:11.000Z,0.001467,0x5104efc872d45dba3a97bf02aebe240dfc283321,buy,0xb802b24e0637c2b87d2e8b7784c055bbe921011a,0x9bb95eecd3631bcb8f315588d70b676ef257f1d9305f87a065cc4873226fe19d
202,337.28,0.4954769484597747,0x49e584c6a9d5ba907a4bdc2795edb4a0d07b2699,2017-09-18T22:26:51.000Z,0.0014690374420652712,0x57e45515c679bb4a549304330e05714b7d9866fb,buy,0xb802b24e0637c2b87d2e8b7784c055bbe921011a,0xd8dfdc2a307ff1d0ed69564fa6611006156d6dec8a56198b52987c0d5b16f8c2
203,17,0.025041,0x49e584c6a9d5ba907a4bdc2795edb4a0d07b2699,2017-09-18T22:18:35.000Z,0.001473,0x48eaedfa6ab55f414a433f0778f55ed9b827e822,buy,0xb802b24e0637c2b87d2e8b7784c055bbe921011a,0xd3e12213c2559e017ce320b16d55c8e251da86bc00e24713f908e3b206933cfa
204,50,0.07365,0x49e584c6a9d5ba907a4bdc2795edb4a0d07b2699,2017-09-18T21:36:11.000Z,0.001473,0x48eaedfa6ab55f414a433f0778f55ed9b827e822,buy,0xb802b24e0637c2b87d2e8b7784c055bbe921011a,0xd96e0bd5bab42d54c629e93b926ce25e45c9b5c318a451372395ee4e7bf5ccdb
205,70,0.10283,0x14d6a9617a144ac2ee29a309862a3d88ba2820d6,2017-09-18T20:59:12.000Z,0.001469,0x73ed9d5ab5f15e9375cb190fb257c83c1658328d,sell,0xb802b24e0637c2b87d2e8b7784c055bbe921011a,0xa0a0b24bb36391dffa84dbcc1a85e3f85e3af1ef7727fdd73eb8f285e4334608
206,1.6,0.00144,0xc17c99ded450ab1dc45d486c10b93d66e0331b95,2017-09-18T04:08:27.000Z,0.0009,0x57e45515c679bb4a549304330e05714b7d9866fb,sell,0xb802b24e0637c2b87d2e8b7784c055bbe921011a,0x5c5b7b5a522282c63dac50edf87a88fcc7d5995be01d91aa40b00d946624113c
207,6.61,0.009721218703450303,0x7ecbc907edb6f029f33b22c5da46cdcc8c3c52d2,2017-09-17T20:34:58.000Z,0.0014706836162557192,0x57e45515c679bb4a549304330e05714b7d9866fb,buy,0xb802b24e0637c2b87d2e8b7784c055bbe921011a,0x613c4b88e739d2d65dc1c110503ce0da4b68064b749101a5eb6168cc21e56569
208,136,0.199784,0x7ecbc907edb6f029f33b22c5da46cdcc8c3c52d2,2017-09-17T20:18:01.000Z,0.001469,0x57e45515c679bb4a549304330e05714b7d9866fb,buy,0xb802b24e0637c2b87d2e8b7784c055bbe921011a,0xb13c755524cc1fd4fefb279ff8bc58cc2a76989e56d915e7931ff92260881901
209,200,0.294,0x7ecbc907edb6f029f33b22c5da46cdcc8c3c52d2,2017-09-17T20:01:30.000Z,0.00147,0x5348178509e3edd57cda957b238932846f24a2f4,buy,0xb802b24e0637c2b87d2e8b7784c055bbe921011a,0xc833cd7f030fb0388e6b679769218357fa2b0e33e0a23ffd7c5983c9e62f9147
210,93.96,0.13625,0x7ecbc907edb6f029f33b22c5da46cdcc8c3c52d2,2017-09-17T19:02:44.000Z,0.0014500851426138782,0xfff296c99cc3047dc1218a4c9d74ff86447d61c6,buy,0xb802b24e0637c2b87d2e8b7784c055bbe921011a,0x2ceb0e18d3321b3de86126fb0aa0af8121f626893a5c9b513d5c16e85597d3a7
211,155,0.22475,0x7ecbc907edb6f029f33b22c5da46cdcc8c3c52d2,2017-09-17T18:32:29.000Z,0.00145,0xfff296c99cc3047dc1218a4c9d74ff86447d61c6,buy,0xb802b24e0637c2b87d2e8b7784c055bbe921011a,0x49fc944db5d6e3a47881676797db6510e10e01f920759698eb49a59a8bb0a294
212,2.2,0.00308,0x89de9d9fa6e4cf42b607e0481c12a76e6edf585b,2017-09-16T22:26:08.000Z,0.0014,0x6ef1e84d5dafdf8ffb681091edd110220c4eb3f2,buy,0xb802b24e0637c2b87d2e8b7784c055bbe921011a,0xafd77af44093bc1df1d1f597757ec23c80a4f76d47ac3570a2fce3d9769e11a1
213,42.67,0.089607,0x8f2b29ca0be12b6f7f9cb18be2d77e6bfde7efdf,2017-09-16T21:42:21.000Z,0.0021,0x5ae933bfbbaa04c3e05ae56295138174ada9799c,sell,0xb802b24e0637c2b87d2e8b7784c055bbe921011a,0x1460cba40e6707519dbcb310c9972ececfe910b73305ed9a6a5cb4fd19dbc4f0
214,42.8,0.05992,0x5ae933bfbbaa04c3e05ae56295138174ada9799c,2017-09-16T21:42:21.000Z,0.0014,0x6ef1e84d5dafdf8ffb681091edd110220c4eb3f2,buy,0xb802b24e0637c2b87d2e8b7784c055bbe921011a,0x1460cba40e6707519dbcb310c9972ececfe910b73305ed9a6a5cb4fd19dbc4f0
215,0.34,0.0005,0x42c24a83bded723edfdf5883bc7efb30bc1a1bf3,2017-09-16T17:20:14.000Z,0.0014705882352941176,0xfff296c99cc3047dc1218a4c9d74ff86447d61c6,buy,0xb802b24e0637c2b87d2e8b7784c055bbe921011a,0x9b1f9493fc830e4514acca0c1b19d9eeeb87a4c1684ca802fe3c15a969df832d
216,110,0.253,0x22ce09535577c224cc5f3da133be5b58a0a0c8f0,2017-09-16T16:14:21.000Z,0.0023,0x22ce09535577c224cc5f3da133be5b58a0a0c8f0,buy,0xb802b24e0637c2b87d2e8b7784c055bbe921011a,0xc4df3bb9f787f6d7b2ca06f3b3b4ec0f230e40715588c8210ace7158c81e6c8c
217,0.34,0.0005,0x0f657c396dfcd6c59bb82b89fc3adbe5f90ce153,2017-09-16T15:43:15.000Z,0.0014705882352941176,0xfff296c99cc3047dc1218a4c9d74ff86447d61c6,buy,0xb802b24e0637c2b87d2e8b7784c055bbe921011a,0x54d28cbcaeeca8e57b194373e0e6adbed1baaf1c056be95695c09e8b4efa7d94
218,0.34,0.0005,0x1f8ac99600c61189d92c85cc760735b9e0067a60,2017-09-16T15:14:00.000Z,0.0014705882352941176,0xfff296c99cc3047dc1218a4c9d74ff86447d61c6,buy,0xb802b24e0637c2b87d2e8b7784c055bbe921011a,0x95a615f334c3589c90b0e5f0ab60d0398a4f59d0b6266368d6e6e71382f84d1c
219,200,0.44,0x22ce09535577c224cc5f3da133be5b58a0a0c8f0,2017-09-16T15:10:48.000Z,0.0022,0x22ce09535577c224cc5f3da133be5b58a0a0c8f0,buy,0xb802b24e0637c2b87d2e8b7784c055bbe921011a,0x319ca889bb06e10e7bd23dd50530bbd1a578205a6fbc734d0ef3a1efde166d32
220,0.33,0.0005,0x8b24d80c6dd6e1af5a000e03ca8f00886a05f6f5,2017-09-15T03:58:13.000Z,0.0015151515151515152,0xbc8fdeb530a215ca8c1b69c29ab6192b6351ee1b,buy,0xb802b24e0637c2b87d2e8b7784c055bbe921011a,0x04a161974d8ebbdac8a0ba5af3bac170c6eef97f0f16134f59b284c72f877d45
221,142.66,0.209999936,0x45521db5fd5d1cc05aeecdb85220d65c7d0f2b57,2017-09-14T21:44:23.000Z,0.0014720309547175102,0xbc8fdeb530a215ca8c1b69c29ab6192b6351ee1b,buy,0xb802b24e0637c2b87d2e8b7784c055bbe921011a,0x054d9177b22f5fa5dec34aca10a97fbe2059a67abc4e558197400af7c2bf0438
222,33.86,0.04984547901505333,0xa631422c0192d9082be50c2e526c913e0824e1eb,2017-09-14T21:42:50.000Z,0.0014721051097180548,0xbc8fdeb530a215ca8c1b69c29ab6192b6351ee1b,buy,0xb802b24e0637c2b87d2e8b7784c055bbe921011a,0x2e7e4a7adba5fdc645449ae33bc873223168fa4f0090e132b1ae09f57da52dd2
223,35,0.049,0x6ef1e84d5dafdf8ffb681091edd110220c4eb3f2,2017-09-14T21:25:09.000Z,0.0014,0x9d413c9f3650b2d7a264373bc89c457a05dedcae,sell,0xb802b24e0637c2b87d2e8b7784c055bbe921011a,0xca69d4703adce5d1e41ed0a0756cb99133349697ba8cfa17fdb93f2f1ce2d5d1
224,10,0.01475,0x6ef1e84d5dafdf8ffb681091edd110220c4eb3f2,2017-09-14T21:17:54.000Z,0.001475,0x9d413c9f3650b2d7a264373bc89c457a05dedcae,buy,0xb802b24e0637c2b87d2e8b7784c055bbe921011a,0xa1c72b23b291d29c0f49fac9e5c2e1f00c1ca3b4ec5219758941fcf431945fe5
225,0.33,0.0005,0x4c2fb430e95954bcfa54ce4741a9fc2ff6e415ad,2017-09-13T20:35:16.000Z,0.0015151515151515152,0xbc8fdeb530a215ca8c1b69c29ab6192b6351ee1b,buy,0xb802b24e0637c2b87d2e8b7784c055bbe921011a,0x964259a8170ae257b009527735576cadec4cb52053d9e2f92391eefaf2a3d118
226,450,0.9,0x22ce09535577c224cc5f3da133be5b58a0a0c8f0,2017-09-13T19:38:21.000Z,0.002,0x22ce09535577c224cc5f3da133be5b58a0a0c8f0,buy,0xb802b24e0637c2b87d2e8b7784c055bbe921011a,0x7f9228462ae653f200fd6c734939fd56c6fe2f6cf2440d250399462a95757233
227,4000,0.72,0x22ce09535577c224cc5f3da133be5b58a0a0c8f0,2017-09-13T19:34:46.000Z,0.00018,0x22ce09535577c224cc5f3da133be5b58a0a0c8f0,sell,0xb802b24e0637c2b87d2e8b7784c055bbe921011a,0xa3ebb12d8fe25d373c916442c70062ee2efb38d9cd029f2d14c818164ee08e81
228,398,0.29054,0xbc8fdeb530a215ca8c1b69c29ab6192b6351ee1b,2017-09-13T01:35:51.000Z,0.00073,0x62f5e5c4fdeafbd1b7f09d296123998c1f3a85ac,sell,0xb802b24e0637c2b87d2e8b7784c055bbe921011a,0xc911af2c3dc55d0eed34f2228514c6a211fea2224c562e7fce58e4352f19a686
229,582,0.41904,0xfa3b38bf90db24019b94400b66fe57bde7cad810,2017-09-10T21:59:28.000Z,0.00072,0x62f5e5c4fdeafbd1b7f09d296123998c1f3a85ac,sell,0xb802b24e0637c2b87d2e8b7784c055bbe921011a,0x716627efd6c7edbe2b34d74deb295259a408b08d834eeb26b5c72ba773fb07dd
230,56,0.0826952,0x08633ba8540a230b5be19211578e8d08f4fb1323,2017-09-10T21:20:55.000Z,0.0014767,0x57e45515c679bb4a549304330e05714b7d9866fb,buy,0xb802b24e0637c2b87d2e8b7784c055bbe921011a,0x98c81efb15756af70903e1a6a18b699417bbd88bfd212d772f86f375b316f8ff
231,10,0.014767,0x08633ba8540a230b5be19211578e8d08f4fb1323,2017-09-10T21:18:07.000Z,0.0014767,0x57e45515c679bb4a549304330e05714b7d9866fb,buy,0xb802b24e0637c2b87d2e8b7784c055bbe921011a,0xaadb0c2fd67266d76a451d6370237970aef6888663418fd698f3646ffcd8e9af
232,71.42,0.049994,0xfa3b38bf90db24019b94400b66fe57bde7cad810,2017-09-10T13:25:44.000Z,0.0007,0x08633ba8540a230b5be19211578e8d08f4fb1323,sell,0xb802b24e0637c2b87d2e8b7784c055bbe921011a,0x343713dc0dc7faa7165f4bc3a8efa12e8b90a74dd98b3b388ad3f38cdc0eece9
233,6.73,0.004711,0xfa3b38bf90db24019b94400b66fe57bde7cad810,2017-09-10T06:32:02.000Z,0.0007,0x6d3d0dfa885186833d6cf04f7890aab7d3b43cd1,sell,0xb802b24e0637c2b87d2e8b7784c055bbe921011a,0xb51982cda0916cc6500032d70729d72cd4e72f57108d474b31399bafb305d6b4
234,0.33,0.0005,0x64b604630e055318093215b7ed41697ca4fb5de6,2017-09-10T04:03:28.000Z,0.0015151515151515152,0x2e9e9df914946fd444ab4ef89ffa150209d4510b,buy,0xb802b24e0637c2b87d2e8b7784c055bbe921011a,0xca3340f73cbe22667cec1cd25fa715712fd19751f9619ed53c0f5c1827e6eee6
235,50,0.1,0x22ce09535577c224cc5f3da133be5b58a0a0c8f0,2017-09-08T06:55:11.000Z,0.002,0x22ce09535577c224cc5f3da133be5b58a0a0c8f0,buy,0xb802b24e0637c2b87d2e8b7784c055bbe921011a,0xc6bf4a438a04a6c4296df5c7a68f448a67018fd7b317a4082c35e974679947d3
236,30,0.0183,0x14d6a9617a144ac2ee29a309862a3d88ba2820d6,2017-09-08T00:54:24.000Z,0.00061,0x6d3c67636ac37d1199ae1d17f32d9036102c2397,sell,0xb802b24e0637c2b87d2e8b7784c055bbe921011a,0x1ea8cc72adf722478c5f791d7cb86925fd3d977c3bf495ae9c44a914d9437c04
237,2.67,0.003947871627953344,0x57b6eb8d4511445761e7112d42374f6895a4ca08,2017-09-06T18:26:45.000Z,0.0014786036059750351,0x0f7ce02f8af040579eb7a93549bdcc965fa8eb7b,buy,0xb802b24e0637c2b87d2e8b7784c055bbe921011a,0x5cd4220dfc4e820f9b1bd0f1b595c46cea0f9187887f6bbf0ba02d5312c2d17a
238,100,0.2,0x22ce09535577c224cc5f3da133be5b58a0a0c8f0,2017-09-06T13:46:25.000Z,0.002,0x22ce09535577c224cc5f3da133be5b58a0a0c8f0,buy,0xb802b24e0637c2b87d2e8b7784c055bbe921011a,0x8a92e97189da2467210b010e0d8c50183f757cc81af83ef12cba2b8e89cee66a
239,970.82,0.3592034,0x22ce09535577c224cc5f3da133be5b58a0a0c8f0,2017-09-06T10:51:02.000Z,0.00037,0x891548828dbcb33260dbda0f1526e82ad2d094db,sell,0xb802b24e0637c2b87d2e8b7784c055bbe921011a,0xbb2824390e9e7376dfb739b7331e3094f85da79345eb0ee8d34c044fcb2dd50d
240,500,0.21,0x48eaedfa6ab55f414a433f0778f55ed9b827e822,2017-09-06T09:06:59.000Z,0.00042,0x891548828dbcb33260dbda0f1526e82ad2d094db,sell,0xb802b24e0637c2b87d2e8b7784c055bbe921011a,0x156680f2bb32955bbcd02bf6e7761c41d2067bc919df448477626d599d21c82f
241,41.01,0.036917202,0x14d6a9617a144ac2ee29a309862a3d88ba2820d6,2017-09-06T09:06:23.000Z,0.0009002,0x891548828dbcb33260dbda0f1526e82ad2d094db,sell,0xb802b24e0637c2b87d2e8b7784c055bbe921011a,0xaa4f9bfe126b5ac57423e776f92f4cdc28fb3aa3b16ecc7c083a1dab88ea1cc2
242,183,0.1648647,0xfa3b38bf90db24019b94400b66fe57bde7cad810,2017-09-06T09:04:24.000Z,0.0009009,0x891548828dbcb33260dbda0f1526e82ad2d094db,sell,0xb802b24e0637c2b87d2e8b7784c055bbe921011a,0x21883d0f982b5048ff4b6a8a00ad8ba98939a2cb4c3004e49dbef87add69e09c
243,200,1,0x22ce09535577c224cc5f3da133be5b58a0a0c8f0,2017-09-05T05:53:20.000Z,0.005,0x22ce09535577c224cc5f3da133be5b58a0a0c8f0,buy,0xb802b24e0637c2b87d2e8b7784c055bbe921011a,0x75c7509951830bcefe06a27f93470a826bc3e641c3cb51739360c4f2cf9a3946
244,300,1.05,0x22ce09535577c224cc5f3da133be5b58a0a0c8f0,2017-09-05T05:52:46.000Z,0.0035,0x22ce09535577c224cc5f3da133be5b58a0a0c8f0,buy,0xb802b24e0637c2b87d2e8b7784c055bbe921011a,0xbbc6aefdcffab31440acb4ab119051d5fc0239b0a9c033eeb32dd4c061b83aba
245,415.67,0.540376052238941,0xfa3b38bf90db24019b94400b66fe57bde7cad810,2017-09-04T12:27:51.000Z,0.0013000121544468955,0x73ed9d5ab5f15e9375cb190fb257c83c1658328d,buy,0xb802b24e0637c2b87d2e8b7784c055bbe921011a,0x370d496b48b0d08f9595b31a786ec69cfd22f122ca66381599db94820c6b8e36
246,2584.32,3.359623947761059,0x4cf9e292b35cf89002b6bfc2a5af8bff3b04f723,2017-09-04T11:19:33.000Z,0.001300003075378072,0x73ed9d5ab5f15e9375cb190fb257c83c1658328d,buy,0xb802b24e0637c2b87d2e8b7784c055bbe921011a,0x81fe72ed6b7083bf787283ce8656730321f9b42ffdee918ddb9e69e1bff27b84
247,180,0.9,0x22ce09535577c224cc5f3da133be5b58a0a0c8f0,2017-09-04T09:26:12.000Z,0.005,0x22ce09535577c224cc5f3da133be5b58a0a0c8f0,buy,0xb802b24e0637c2b87d2e8b7784c055bbe921011a,0xd28a0e8113bf2f8088a57fb8a2b3edd6572ebe615570e8367f72190375a3cb20
248,6.76,0.009999519,0x6d3d0dfa885186833d6cf04f7890aab7d3b43cd1,2017-09-03T09:37:16.000Z,0.0014792187869822485,0x57e45515c679bb4a549304330e05714b7d9866fb,buy,0xb802b24e0637c2b87d2e8b7784c055bbe921011a,0x4ba3fd66c3b2ffd37d37d7ba9fe090e44de551450bcf9ae2cf7f567862f396f8
249,220,0.44,0x22ce09535577c224cc5f3da133be5b58a0a0c8f0,2017-09-03T07:50:38.000Z,0.002,0x22ce09535577c224cc5f3da133be5b58a0a0c8f0,buy,0xb802b24e0637c2b87d2e8b7784c055bbe921011a,0x9a47edf463eff6f797a4dc7c9306c5276aae520b305605ae53591352dc78c3b5
250,10,0.05,0x22ce09535577c224cc5f3da133be5b58a0a0c8f0,2017-09-02T20:21:16.000Z,0.005,0x22ce09535577c224cc5f3da133be5b58a0a0c8f0,buy,0xb802b24e0637c2b87d2e8b7784c055bbe921011a,0xdbc6b0ba5b84fae87b77f7f7a1a6d58f99820f6886ce288ba59c80597bd88cb4
251,200,0.5,0x34ff161641617a5f7b60bb74ac46fbcf06f34cc7,2017-09-02T13:59:31.000Z,0.0025,0x34ff161641617a5f7b60bb74ac46fbcf06f34cc7,buy,0xb802b24e0637c2b87d2e8b7784c055bbe921011a,0x3fc6fa5338b481b2191bbf8880076da03b92b8ba569da498e90e1223dee4aac7
252,208.25,0.187445825,0xfa3b38bf90db24019b94400b66fe57bde7cad810,2017-09-02T11:46:42.000Z,0.0009001,0x9a556f276b46c92358b306c538c7f16a39d85ed2,sell,0xb802b24e0637c2b87d2e8b7784c055bbe921011a,0xc37b1be87d2064ca2235e213f816a9afcc5799dd7e9e70c7f5e6acb42cdc89ad
253,200,0.18002,0xfa3b38bf90db24019b94400b66fe57bde7cad810,2017-09-02T09:51:31.000Z,0.0009001,0x9a556f276b46c92358b306c538c7f16a39d85ed2,sell,0xb802b24e0637c2b87d2e8b7784c055bbe921011a,0x5fc0b2f37283e316c91b0a93ac5b9efb78d4d06224597017443a6e84240890ed
254,2,0.002958,0x7bd02d3903fa837426cd80f163efb5207f2b4195,2017-09-02T02:26:24.000Z,0.001479,0x57e45515c679bb4a549304330e05714b7d9866fb,buy,0xb802b24e0637c2b87d2e8b7784c055bbe921011a,0x7fb0038a578a890083e80d736836180e11cc20c28fd4340b2a84532fb417f3da
255,5,0.007395,0x7bd02d3903fa837426cd80f163efb5207f2b4195,2017-09-02T02:20:03.000Z,0.001479,0x57e45515c679bb4a549304330e05714b7d9866fb,buy,0xb802b24e0637c2b87d2e8b7784c055bbe921011a,0x148207cb47149c97f937387e80e987c4d48023ffb6cd9c4a5d5953c3696b3341
256,4000,0.96,0x22ce09535577c224cc5f3da133be5b58a0a0c8f0,2017-09-01T21:22:06.000Z,0.00024,0x22ce09535577c224cc5f3da133be5b58a0a0c8f0,sell,0xb802b24e0637c2b87d2e8b7784c055bbe921011a,0x5563c37fe1c52dec2a30da19937cbd8d846a77cf17d83c482592c3810e9c786f
257,200,0.296,0x34ff161641617a5f7b60bb74ac46fbcf06f34cc7,2017-09-01T13:47:57.000Z,0.00148,0x34ff161641617a5f7b60bb74ac46fbcf06f34cc7,buy,0xb802b24e0637c2b87d2e8b7784c055bbe921011a,0x231e545dfb8757efef5eceb71647ec272c5c622293e1e131fecaaa086d46e94c
258,4.72,0.006998396572055842,0x5f559de381f661643d6ad890b44224123656c2f8,2017-09-01T13:39:14.000Z,0.0014827111381474241,0x34ff161641617a5f7b60bb74ac46fbcf06f34cc7,buy,0xb802b24e0637c2b87d2e8b7784c055bbe921011a,0x0de87e25f42280db2c35717b434a71df4cd05ec6ebedb80a8bddb6cf2f4b2be2
259,93,0.138477,0x34ff161641617a5f7b60bb74ac46fbcf06f34cc7,2017-09-01T13:05:48.000Z,0.001489,0x57e45515c679bb4a549304330e05714b7d9866fb,buy,0xb802b24e0637c2b87d2e8b7784c055bbe921011a,0xf27762db72b839d99b4d714a1de1adfcf7b0f285ee058f95ffa41fe9c532367a
260,7,0.010423,0x3fc35311e09c397e9f61aa2514fd09c9074d546c,2017-09-01T07:45:35.000Z,0.001489,0x57e45515c679bb4a549304330e05714b7d9866fb,buy,0xb802b24e0637c2b87d2e8b7784c055bbe921011a,0xb104220c587245ecf36241f66daec2adadddc3be20ebe9e593ebbc87d65e6ceb
261,34.11,0.030699,0xfa3b38bf90db24019b94400b66fe57bde7cad810,2017-09-01T06:13:14.000Z,0.0009,0xe0607bc2885d7d4a0ea2ccfedb36b3f068ef8ece,sell,0xb802b24e0637c2b87d2e8b7784c055bbe921011a,0x74a637fc173c39219c8f6a1336700e8ec9d86745a1f86cd947fb36aee4e29c22
262,334.95,0.13431528495,0x7bd02d3903fa837426cd80f163efb5207f2b4195,2017-09-01T00:22:38.000Z,0.000401001,0x6b860dae100dd27faba743140d6fabc6746ab0c1,sell,0xb802b24e0637c2b87d2e8b7784c055bbe921011a,0xdae753521d476e02de9e73670ee931006ca07d457f2faf5820e058ceaec2a630
263,20,0.04,0x22ce09535577c224cc5f3da133be5b58a0a0c8f0,2017-08-31T21:32:00.000Z,0.002,0x22ce09535577c224cc5f3da133be5b58a0a0c8f0,buy,0xb802b24e0637c2b87d2e8b7784c055bbe921011a,0x332c36c76161971930ffd6c26262941fa10c9ee7d206adfc720205c56d2ece61
264,510.4,0.188848,0x22ce09535577c224cc5f3da133be5b58a0a0c8f0,2017-08-31T09:24:55.000Z,0.00037,0x991dd8e7ea2c0ff6608081e153251b7df6f5da1d,sell,0xb802b24e0637c2b87d2e8b7784c055bbe921011a,0xde21f27feec13a83128de5460d1c6bee9fde1312476cff4c1cb08a1c5e480c75
265,2500,1.041075,0x57e45515c679bb4a549304330e05714b7d9866fb,2017-08-31T09:17:46.000Z,0.00041643,0x991dd8e7ea2c0ff6608081e153251b7df6f5da1d,sell,0xb802b24e0637c2b87d2e8b7784c055bbe921011a,0x89636113014052764fd492bc0e4cc5ddcffc1582db4cc82c9db247a9f9468557
266,3845,1.6011349,0xce7f06ba27b3e525ccdfc559cea9e523e5f91eae,2017-08-31T09:17:46.000Z,0.00041642,0x991dd8e7ea2c0ff6608081e153251b7df6f5da1d,sell,0xb802b24e0637c2b87d2e8b7784c055bbe921011a,0x70b8e7e9642e33ad04e53356ddd786fb0517cc5f32e7617b9c837f0d8ae1a029
267,2000,0.8,0x22ce09535577c224cc5f3da133be5b58a0a0c8f0,2017-08-31T09:17:46.000Z,0.0004,0x991dd8e7ea2c0ff6608081e153251b7df6f5da1d,sell,0xb802b24e0637c2b87d2e8b7784c055bbe921011a,0xd67dbf754d6f82c4c50e4085487e5eb7095062f1f5d468c01362115f4b1c8483
268,34.22,0.05099972,0xe0607bc2885d7d4a0ea2ccfedb36b3f068ef8ece,2017-08-31T05:56:35.000Z,0.0014903483343074225,0xabe1704fdec51a8e3c1712c731e3386d27e8e721,buy,0xb802b24e0637c2b87d2e8b7784c055bbe921011a,0xf0ec85a46d00ba72138915001d621b0e0a2170652fcfe32f5dd63407caa5359b
269,1302.31,1.9534723983332476,0xf178ed41e1f01f1f3c8cc546d911cef453dba1a9,2017-08-30T02:07:45.000Z,0.0015000056809309978,0x1ed014aec47fae44c9e55bac7662c0b78ae61798,buy,0xb802b24e0637c2b87d2e8b7784c055bbe921011a,0x8d1ac7e8841b6908a6c7c634a0a47888370b432f85a47c1a921cb477f3ab2672
270,700,1.0493,0xf178ed41e1f01f1f3c8cc546d911cef453dba1a9,2017-08-30T02:05:18.000Z,0.001499,0x57e45515c679bb4a549304330e05714b7d9866fb,buy,0xb802b24e0637c2b87d2e8b7784c055bbe921011a,0xcd01e9f2c55b2613adb4eb104e7e58b3ef0edd3fcf60c0e8753c7c37ee51e396
271,50,0.1,0x22ce09535577c224cc5f3da133be5b58a0a0c8f0,2017-08-27T20:02:10.000Z,0.002,0x22ce09535577c224cc5f3da133be5b58a0a0c8f0,buy,0xb802b24e0637c2b87d2e8b7784c055bbe921011a,0x1b49f6231ed5af90bb54c516bf7f179287077ecbe0cd29b6d78acec9b712875b
272,500,0.45,0x34ff161641617a5f7b60bb74ac46fbcf06f34cc7,2017-08-27T16:52:37.000Z,0.0009,0x991dd8e7ea2c0ff6608081e153251b7df6f5da1d,sell,0xb802b24e0637c2b87d2e8b7784c055bbe921011a,0x4e0da9c0240368e028d2978a7f866edb533e57a5535909db50b7b359d2b404a6
273,241.48,0.24148,0x9adce261bd078192e788fd87e0112fa50ae5b770,2017-08-27T16:49:05.000Z,0.001,0x991dd8e7ea2c0ff6608081e153251b7df6f5da1d,sell,0xb802b24e0637c2b87d2e8b7784c055bbe921011a,0x25d0d24e2821ee80a22ecf7513a21e54ed7598e4c3420fd1e22dfee6d5195262
274,900,0.9,0x9adce261bd078192e788fd87e0112fa50ae5b770,2017-08-27T16:37:09.000Z,0.001,0x991dd8e7ea2c0ff6608081e153251b7df6f5da1d,sell,0xb802b24e0637c2b87d2e8b7784c055bbe921011a,0xbde639315c2283d039bb019d08c47ed22991e434ff99a5c8e08760bd5e2dcdc4
275,226.33,0.3893027263685547,0xfa3b38bf90db24019b94400b66fe57bde7cad810,2017-08-26T11:19:57.000Z,0.0017200668332459448,0xabe1704fdec51a8e3c1712c731e3386d27e8e721,buy,0xb802b24e0637c2b87d2e8b7784c055bbe921011a,0x509b152517c70518f29c8b235be8052281b05a33dafea60decb461ade3111ed0
276,3,0.00519,0xff64f34e8511693e3dffa0e1fe037a6a65f3937b,2017-08-24T23:02:19.000Z,0.00173,0xabe1704fdec51a8e3c1712c731e3386d27e8e721,buy,0xb802b24e0637c2b87d2e8b7784c055bbe921011a,0x6ff3936ab8867941b43e9f14aeb7be95628003045d155399a3fa28fa336fab39
277,564.44,0.1298212,0x0003afa6dd16a9c9cdec9615c8f689bd11783e7d,2017-08-24T21:47:05.000Z,0.00023,0xbf6274166915ab70945edd329f6e19d995463e78,buy,0xb802b24e0637c2b87d2e8b7784c055bbe921011a,0xbf6785ddab17eaa9f85def54a40f82fcf569fb4cc4d3a2d00fcbec9ffa292e6b
278,562.74,0.50646712548,0x57e45515c679bb4a549304330e05714b7d9866fb,2017-08-24T21:47:05.000Z,0.000900002,0x0003afa6dd16a9c9cdec9615c8f689bd11783e7d,sell,0xb802b24e0637c2b87d2e8b7784c055bbe921011a,0x892fb7859494181e856ac272b4507b4fc0614db5c1df429aa33fffa4b061d62c
279,1509,2.1126,0xfa3b38bf90db24019b94400b66fe57bde7cad810,2017-08-23T03:48:11.000Z,0.0014,0x6f00896abeb33b9439b3b45ab18442adffa154ce,buy,0xb802b24e0637c2b87d2e8b7784c055bbe921011a,0xf4769afbfb1e23264dcc2c21c2294c40c3014365b9d2281bb92aefd75ccac5a7
280,9,0.018,0x22ce09535577c224cc5f3da133be5b58a0a0c8f0,2017-08-21T06:42:39.000Z,0.002,0x22ce09535577c224cc5f3da133be5b58a0a0c8f0,buy,0xb802b24e0637c2b87d2e8b7784c055bbe921011a,0xb3a5d132e379f170decfe685f2d68ba6b6aafad2328cb87e7b5f0e4b2ccc4f60
281,0.1,0.000171963821732929,0x1c6ec357e202b1bb672f41f3dffb0f9e1e90d332,2017-08-21T04:50:29.000Z,0.00171963821732929,0x0f7ce02f8af040579eb7a93549bdcc965fa8eb7b,buy,0xb802b24e0637c2b87d2e8b7784c055bbe921011a,0x43fae5e63dd6ff3027e64d8191871fc456a097722f51b4abd7e8cef728f7a21f
282,590,0.9971,0xf178ed41e1f01f1f3c8cc546d911cef453dba1a9,2017-08-21T02:43:00.000Z,0.00169,0x0f7ce02f8af040579eb7a93549bdcc965fa8eb7b,buy,0xb802b24e0637c2b87d2e8b7784c055bbe921011a,0xf3d8d8e7253b8826a1c0037e680cf7423ad914fb88ebf63417a92774ed79016f
283,10,0.0168397,0x69feaaa6f28bc5e8c6c533927c0a54ab6b1d7274,2017-08-21T02:25:21.000Z,0.00168397,0x0f7ce02f8af040579eb7a93549bdcc965fa8eb7b,sell,0xb802b24e0637c2b87d2e8b7784c055bbe921011a,0xaab286be908e41a066ec48c9ce9c50bacb50b0d03b343153531b0480a9765124
284,4.1,0.006978367062107466,0xf178ed41e1f01f1f3c8cc546d911cef453dba1a9,2017-08-20T20:51:20.000Z,0.0017020407468554795,0x73ed9d5ab5f15e9375cb190fb257c83c1658328d,buy,0xb802b24e0637c2b87d2e8b7784c055bbe921011a,0x25420f1be208c7df7108e923817063e5a0bd35308f345fe0e7ba12be2b5c1af4
285,210.79,0.1791715,0xfa3b38bf90db24019b94400b66fe57bde7cad810,2017-08-20T09:56:52.000Z,0.00085,0x1c6ec357e202b1bb672f41f3dffb0f9e1e90d332,sell,0xb802b24e0637c2b87d2e8b7784c055bbe921011a,0x80c7c04a3e335d9e9ce97dd9b9143c47b062658f24cce39029cd957c424586b3
286,7.99,0.013831992,0x69feaaa6f28bc5e8c6c533927c0a54ab6b1d7274,2017-08-18T18:51:14.000Z,0.0017311629536921151,0xabe1704fdec51a8e3c1712c731e3386d27e8e721,buy,0xb802b24e0637c2b87d2e8b7784c055bbe921011a,0x1c6b0f30d70a7d6a2852d9c36c563b10d19314a7c6bacd1cf757fa280f27dbf4
287,1678.62,1.342896,0xfa3b38bf90db24019b94400b66fe57bde7cad810,2017-08-18T08:08:42.000Z,0.0008,0x2d42b7be072d69379af9cc671b085a2cf9549a08,sell,0xb802b24e0637c2b87d2e8b7784c055bbe921011a,0x41dbb5f50f33744076376c81c79827fd393c8bd1e2d098533f914f297b13cd15
288,417,0.70473,0x2d42b7be072d69379af9cc671b085a2cf9549a08,2017-08-17T16:14:55.000Z,0.00169,0x054dfef1b9d3d38ae98012526e562ebe43828c77,buy,0xb802b24e0637c2b87d2e8b7784c055bbe921011a,0xffaf3219f22dd3506b17cdba53238a7ee2fa6fa0da19938ad8c74c18fc064be1
289,2.06,0.00086726,0x57e45515c679bb4a549304330e05714b7d9866fb,2017-08-17T06:05:07.000Z,0.000421,0x27bd48bd6358b6762eea8b72235eedb7ce50a504,sell,0xb802b24e0637c2b87d2e8b7784c055bbe921011a,0xa0606c5c834110a6309ae211e82276f8834b26d4e53767b26d23be18a868a5be
290,266.83,0.46268322,0x2d42b7be072d69379af9cc671b085a2cf9549a08,2017-08-17T01:59:43.000Z,0.001734,0x57e45515c679bb4a549304330e05714b7d9866fb,buy,0xb802b24e0637c2b87d2e8b7784c055bbe921011a,0x6f731b6190dd1b83877c26c6ebc44434c15e347545e9f357d23fbd6be34fc1ee
291,733.17,1.27131678,0x2d42b7be072d69379af9cc671b085a2cf9549a08,2017-08-16T21:03:57.000Z,0.001734,0x57e45515c679bb4a549304330e05714b7d9866fb,buy,0xb802b24e0637c2b87d2e8b7784c055bbe921011a,0xc5c6c3355c51fdcac051cfbf0ed3e8ce5e969976c5447f46ded1c1c3bc809575
