,amount,amountBase,buyer,date,price,seller,side,tokenAddr,txHash
0,480,0.48,0x9cfea500281ec966e5daeb9eb28ea4f8d5d193ad,2017-10-23T01:07:38.000Z,0.001,0xa16b6f443357f2305b76cc338e4c035548c6311d,sell,0x80963fb4bb2f3b2a6589f64f897bfb492afed944,0xe7762f56a4ac4829305d14b53e053ac6c50230d32eac8b85445ed1d95bd5a75a
1,206.73,0.20673185734924526,0x8dd353cef8ab39d4350303784a418fb11ef2b650,2017-10-23T01:04:40.000Z,0.0010000089844204771,0xa16b6f443357f2305b76cc338e4c035548c6311d,buy,0x80963fb4bb2f3b2a6589f64f897bfb492afed944,0x2bec55390528f7fbf66b453a2cce3c430172d84ab7aea4d1c9e56fc8163c2c20
2,107.84,0.11660522620650973,0xd173dfe71523a8e6b11327e8a553d5052c462953,2017-10-21T03:08:39.000Z,0.0010812799166033914,0x8dd353cef8ab39d4350303784a418fb11ef2b650,buy,0x80963fb4bb2f3b2a6589f64f897bfb492afed944,0xd023f55129795e2aa97017341bb9454caaa9d82459733997477db3a4015e14db
3,370,0.28906287,0xd173dfe71523a8e6b11327e8a553d5052c462953,2017-10-21T03:07:07.000Z,0.000781251,0x9cfea500281ec966e5daeb9eb28ea4f8d5d193ad,buy,0x80963fb4bb2f3b2a6589f64f897bfb492afed944,0x545b263e45fa33afaeeb7fe1188045d1c4c2cc7b293a61a7934163b9c6257f46
4,10,0.010002,0xd173dfe71523a8e6b11327e8a553d5052c462953,2017-10-20T09:47:46.000Z,0.0010002,0x9cfea500281ec966e5daeb9eb28ea4f8d5d193ad,buy,0x80963fb4bb2f3b2a6589f64f897bfb492afed944,0xe157045f601dd1bb051348e9971d12630980886c14f31e9a830ea685485e4ac5
5,100,0.0781251,0x1d5321e125f6c7079a716705541c7b371ca79e69,2017-10-20T08:29:53.000Z,0.000781251,0x9cfea500281ec966e5daeb9eb28ea4f8d5d193ad,buy,0x80963fb4bb2f3b2a6589f64f897bfb492afed944,0xa20a25f6e841aac03dc911d478c7efef2020ac18acbcc32a7dfeec11012bce33
6,99.7,0.0973072,0x9cfea500281ec966e5daeb9eb28ea4f8d5d193ad,2017-10-20T08:29:53.000Z,0.000976,0x1d5321e125f6c7079a716705541c7b371ca79e69,sell,0x80963fb4bb2f3b2a6589f64f897bfb492afed944,0xa20a25f6e841aac03dc911d478c7efef2020ac18acbcc32a7dfeec11012bce33
7,100,0.09076,0x9cfea500281ec966e5daeb9eb28ea4f8d5d193ad,2017-10-20T08:03:53.000Z,0.0009076,0x8dd353cef8ab39d4350303784a418fb11ef2b650,sell,0x80963fb4bb2f3b2a6589f64f897bfb492afed944,0x6f47c651e6417b6039e708a8929bbea659377987f22ea76104242bc6f469d3ac
8,149.55,0.16414608,0x9cfea500281ec966e5daeb9eb28ea4f8d5d193ad,2017-10-20T07:51:37.000Z,0.0010976,0x1d5321e125f6c7079a716705541c7b371ca79e69,sell,0x80963fb4bb2f3b2a6589f64f897bfb492afed944,0x7b9b4ede3f584f0644e80885b765d562438cc9886f908b208f6dee1c9262328c
9,150,0.11718765,0x1d5321e125f6c7079a716705541c7b371ca79e69,2017-10-20T07:51:37.000Z,0.000781251,0x9cfea500281ec966e5daeb9eb28ea4f8d5d193ad,buy,0x80963fb4bb2f3b2a6589f64f897bfb492afed944,0x7b9b4ede3f584f0644e80885b765d562438cc9886f908b208f6dee1c9262328c
10,4.05,0.003078,0x8dd353cef8ab39d4350303784a418fb11ef2b650,2017-10-20T06:53:54.000Z,0.00076,0x9cfea500281ec966e5daeb9eb28ea4f8d5d193ad,sell,0x80963fb4bb2f3b2a6589f64f897bfb492afed944,0xed0f676c30707b2ad43a2448214be5642784f52b2d6f4242bb1b276828e9e1e0
11,1,0.00101002,0x3ac636ac5c3a2576156ac5f10066ca68abe0ad54,2017-10-20T06:52:11.000Z,0.00101002,0x9cfea500281ec966e5daeb9eb28ea4f8d5d193ad,buy,0x80963fb4bb2f3b2a6589f64f897bfb492afed944,0xfef50c1f21c27c91d24ed1598e1de28aebc0f3760196454e042488bdfe16b55a
12,50,0.038,0x8dd353cef8ab39d4350303784a418fb11ef2b650,2017-10-20T06:51:56.000Z,0.00076,0x9cfea500281ec966e5daeb9eb28ea4f8d5d193ad,sell,0x80963fb4bb2f3b2a6589f64f897bfb492afed944,0xe42a4bc2cb1fc7ac9964cfea25a70a2ee2f8ad3985d21d4717edf1716022afdc
13,200,0.1562502,0x1d5321e125f6c7079a716705541c7b371ca79e69,2017-10-20T06:51:47.000Z,0.000781251,0x9cfea500281ec966e5daeb9eb28ea4f8d5d193ad,buy,0x80963fb4bb2f3b2a6589f64f897bfb492afed944,0x9a99f2bd29cbfefe61be77024001b1fbeab835fa625bf0ce722cb31d16906f99
14,199.4,0.195412,0x8dd353cef8ab39d4350303784a418fb11ef2b650,2017-10-20T06:51:47.000Z,0.00098,0x1d5321e125f6c7079a716705541c7b371ca79e69,sell,0x80963fb4bb2f3b2a6589f64f897bfb492afed944,0x9a99f2bd29cbfefe61be77024001b1fbeab835fa625bf0ce722cb31d16906f99
15,110,0.11,0xa16b6f443357f2305b76cc338e4c035548c6311d,2017-10-20T06:38:25.000Z,0.001,0x8dd353cef8ab39d4350303784a418fb11ef2b650,buy,0x80963fb4bb2f3b2a6589f64f897bfb492afed944,0x8b52592fd2c9582a5b037808ddd45ada263046a2757324c0a977ae4ff158aa27
16,88.12,0.110244375,0xa16b6f443357f2305b76cc338e4c035548c6311d,2017-10-20T06:38:25.000Z,0.0012510709827507943,0x8dd353cef8ab39d4350303784a418fb11ef2b650,buy,0x80963fb4bb2f3b2a6589f64f897bfb492afed944,0x296d630487e2a9c88de71cd7562c7f240f7497eeff44868ef32f92f5af13b5db
17,180,0.14062518,0x8dd353cef8ab39d4350303784a418fb11ef2b650,2017-10-20T06:19:55.000Z,0.000781251,0x9cfea500281ec966e5daeb9eb28ea4f8d5d193ad,buy,0x80963fb4bb2f3b2a6589f64f897bfb492afed944,0x0a724f51a8bd0f6db67194e696c6f2aac574e9a773e71ebc270769e286c6bd8b
18,91.87,0.11493518108393246,0x9cfea500281ec966e5daeb9eb28ea4f8d5d193ad,2017-10-20T06:15:58.000Z,0.0012510632533355008,0x8dd353cef8ab39d4350303784a418fb11ef2b650,buy,0x80963fb4bb2f3b2a6589f64f897bfb492afed944,0x6051d09d5b5d07692168daf9b9e12fbb2c7a68a80936fb84770402bd6054de44
19,10.77,0.01533463310227508,0x8dd353cef8ab39d4350303784a418fb11ef2b650,2017-10-20T06:14:28.000Z,0.0014238285146030716,0x9cfea500281ec966e5daeb9eb28ea4f8d5d193ad,buy,0x80963fb4bb2f3b2a6589f64f897bfb492afed944,0x3528f223547a618ea6f348339932d7f2a24b8d05f784729d2c51cb2340e07e3f
20,15.49,0.022187851575614863,0x8dd353cef8ab39d4350303784a418fb11ef2b650,2017-10-20T06:14:28.000Z,0.001432398423215937,0x9cfea500281ec966e5daeb9eb28ea4f8d5d193ad,buy,0x80963fb4bb2f3b2a6589f64f897bfb492afed944,0x1c114d75bf5fccef9692058214484b89ea3dd443f70837c0b1cfb1881da46fa0
21,200,0.17,0x9cfea500281ec966e5daeb9eb28ea4f8d5d193ad,2017-10-20T03:36:45.000Z,0.00085,0xd173dfe71523a8e6b11327e8a553d5052c462953,sell,0x80963fb4bb2f3b2a6589f64f897bfb492afed944,0xe5de39ec7958c5743a5b7928f10f8a52f19d13d13e45873391f6374e3a6fd3c5
22,200,0.1718,0x9cfea500281ec966e5daeb9eb28ea4f8d5d193ad,2017-10-19T12:51:04.000Z,0.000859,0xd173dfe71523a8e6b11327e8a553d5052c462953,sell,0x80963fb4bb2f3b2a6589f64f897bfb492afed944,0xddbf3328995417849e605b044c8765402ccb3597c5143b4f5ef78d053bcee960
23,100,0.1,0xd173dfe71523a8e6b11327e8a553d5052c462953,2017-10-19T12:45:01.000Z,0.001,0xa16b6f443357f2305b76cc338e4c035548c6311d,buy,0x80963fb4bb2f3b2a6589f64f897bfb492afed944,0x1ac7313d96a5fd555cc38ea05600146258cc25a0a475bb9ac195d645bd39342d
24,100,0.08,0x9cfea500281ec966e5daeb9eb28ea4f8d5d193ad,2017-10-19T11:18:53.000Z,0.0008,0x8dd353cef8ab39d4350303784a418fb11ef2b650,sell,0x80963fb4bb2f3b2a6589f64f897bfb492afed944,0x4bd7fbba8591c063460c145c23de1412a8f26e679faf2bbf677934e2687ee9e7
25,134.5,0.19265866642438514,0x0c9d3359a64db9a5dcd30c61d7946f1f14af98b2,2017-10-19T11:05:43.000Z,0.00143240644181699,0x9cfea500281ec966e5daeb9eb28ea4f8d5d193ad,buy,0x80963fb4bb2f3b2a6589f64f897bfb492afed944,0x20b09e7c636c321c326d196de2083718a35d34272d818f28778d9dee452d56be
26,99.7,0.111664,0x9cfea500281ec966e5daeb9eb28ea4f8d5d193ad,2017-10-19T11:04:44.000Z,0.00112,0x1d5321e125f6c7079a716705541c7b371ca79e69,sell,0x80963fb4bb2f3b2a6589f64f897bfb492afed944,0x9aa44377390167b54812e227fb99a0488af08e6728ac2919762977701524ba13
27,100,0.1,0x1d5321e125f6c7079a716705541c7b371ca79e69,2017-10-19T11:04:44.000Z,0.001,0xa16b6f443357f2305b76cc338e4c035548c6311d,buy,0x80963fb4bb2f3b2a6589f64f897bfb492afed944,0x9aa44377390167b54812e227fb99a0488af08e6728ac2919762977701524ba13
28,99.7,0.11964,0x9cfea500281ec966e5daeb9eb28ea4f8d5d193ad,2017-10-19T11:03:38.000Z,0.0012,0x1d5321e125f6c7079a716705541c7b371ca79e69,sell,0x80963fb4bb2f3b2a6589f64f897bfb492afed944,0x7b136d35bafb6e1d55bce898cf0ebdd76c0675867d844d3664cd62716789b8ed
29,100,0.1,0x1d5321e125f6c7079a716705541c7b371ca79e69,2017-10-19T11:03:38.000Z,0.001,0xa16b6f443357f2305b76cc338e4c035548c6311d,buy,0x80963fb4bb2f3b2a6589f64f897bfb492afed944,0x7b136d35bafb6e1d55bce898cf0ebdd76c0675867d844d3664cd62716789b8ed
30,180,0.2615814,0x0c9d3359a64db9a5dcd30c61d7946f1f14af98b2,2017-10-19T11:03:22.000Z,0.00145323,0x9cfea500281ec966e5daeb9eb28ea4f8d5d193ad,buy,0x80963fb4bb2f3b2a6589f64f897bfb492afed944,0x1cdfcde3fe9613ee53fd74f2d387c23f7a22a7d083622982234d36ac9901b535
31,80.33,0.10004537546787538,0x0c9d3359a64db9a5dcd30c61d7946f1f14af98b2,2017-10-19T11:03:22.000Z,0.001245429795442243,0x9cfea500281ec966e5daeb9eb28ea4f8d5d193ad,buy,0x80963fb4bb2f3b2a6589f64f897bfb492afed944,0x79b33df460eba3b8fab1de93ec7281f6640f41128e3b3637aca04e255d3bddab
32,100,0.112310202,0x9cfea500281ec966e5daeb9eb28ea4f8d5d193ad,2017-10-19T10:59:13.000Z,0.00112310202,0x0c9d3359a64db9a5dcd30c61d7946f1f14af98b2,buy,0x80963fb4bb2f3b2a6589f64f897bfb492afed944,0x97629976fd9e800053a76fd0a70e3c1d57a1044485fc9570374bdc46acace90c
33,79.49,0.080469550267182,0x9cfea500281ec966e5daeb9eb28ea4f8d5d193ad,2017-10-19T10:54:37.000Z,0.0010123229370635552,0x0c9d3359a64db9a5dcd30c61d7946f1f14af98b2,buy,0x80963fb4bb2f3b2a6589f64f897bfb492afed944,0x28a3fe49bf8d923f6049ec4488c3f1ea21016cfc67c881f4000c6f195cce1ca3
34,200,0.200352,0x9cfea500281ec966e5daeb9eb28ea4f8d5d193ad,2017-10-19T10:47:43.000Z,0.00100176,0x0c9d3359a64db9a5dcd30c61d7946f1f14af98b2,sell,0x80963fb4bb2f3b2a6589f64f897bfb492afed944,0xd974ed1aae18fcad64ed1dc8a48b6c03f154cac89a62023b285e2b53270be949
35,160,0.162816,0x9cfea500281ec966e5daeb9eb28ea4f8d5d193ad,2017-10-19T10:47:01.000Z,0.0010176,0x0c9d3359a64db9a5dcd30c61d7946f1f14af98b2,sell,0x80963fb4bb2f3b2a6589f64f897bfb492afed944,0x38a9b5a50c56944d13c85accd2feaa04ebbc51860d876c5dcafe723440b50492
36,160,0.162816,0x9cfea500281ec966e5daeb9eb28ea4f8d5d193ad,2017-10-19T10:47:00.000Z,0.0010176,0x0c9d3359a64db9a5dcd30c61d7946f1f14af98b2,sell,0x80963fb4bb2f3b2a6589f64f897bfb492afed944,0x38a9b5a50c56944d13c85accd2feaa04ebbc51860d876c5dcafe723440b50492
37,139.21,0.19811817397732495,0x0c9d3359a64db9a5dcd30c61d7946f1f14af98b2,2017-10-19T10:46:41.000Z,0.001423160505547913,0x9cfea500281ec966e5daeb9eb28ea4f8d5d193ad,buy,0x80963fb4bb2f3b2a6589f64f897bfb492afed944,0xdba2e9d50aee1d089cc0493dbbbaf454d7b22b7e48dca4c596814f829548086f
38,0.5,0.000514885093502184,0x8dd353cef8ab39d4350303784a418fb11ef2b650,2017-10-19T10:45:40.000Z,0.001029770187004368,0x0c9d3359a64db9a5dcd30c61d7946f1f14af98b2,buy,0x80963fb4bb2f3b2a6589f64f897bfb492afed944,0x74f6946559ffee8c5a3f6b6b5caa473500103877e4fab19e1739593987602c00
39,0.48,0.00051648,0x9cfea500281ec966e5daeb9eb28ea4f8d5d193ad,2017-10-19T10:41:27.000Z,0.001076,0x8dd353cef8ab39d4350303784a418fb11ef2b650,sell,0x80963fb4bb2f3b2a6589f64f897bfb492afed944,0x6fd1e1ea3116a47a308f0b6c4be23fb954fd57fde7741f84004b3be5fa935e66
40,99.66,0.12411276453212462,0x8dd353cef8ab39d4350303784a418fb11ef2b650,2017-10-19T10:35:42.000Z,0.0012453618756986214,0x9cfea500281ec966e5daeb9eb28ea4f8d5d193ad,buy,0x80963fb4bb2f3b2a6589f64f897bfb492afed944,0x547715c4cd76436dab4a988332a2c75883d1f3c6affdac3d866918dc2f9a6375
41,159.52,0.17164352,0x9cfea500281ec966e5daeb9eb28ea4f8d5d193ad,2017-10-19T10:35:22.000Z,0.001076,0x1d5321e125f6c7079a716705541c7b371ca79e69,sell,0x80963fb4bb2f3b2a6589f64f897bfb492afed944,0x8167580f748fd37f39392db4a6324dcc53f3289b3d91559a66ea779ffbd61931
42,160,0.16,0x1d5321e125f6c7079a716705541c7b371ca79e69,2017-10-19T10:35:22.000Z,0.001,0xa16b6f443357f2305b76cc338e4c035548c6311d,buy,0x80963fb4bb2f3b2a6589f64f897bfb492afed944,0x8167580f748fd37f39392db4a6324dcc53f3289b3d91559a66ea779ffbd61931
43,180,0.2615814,0x8dd353cef8ab39d4350303784a418fb11ef2b650,2017-10-19T10:35:04.000Z,0.00145323,0x9cfea500281ec966e5daeb9eb28ea4f8d5d193ad,buy,0x80963fb4bb2f3b2a6589f64f897bfb492afed944,0xa4ce851b495e83c657129839a7eda2f89b034cb75b193ce364a655b90d9e4140
44,180,0.198216,0x8dd353cef8ab39d4350303784a418fb11ef2b650,2017-10-19T10:35:04.000Z,0.0011012,0x0c9d3359a64db9a5dcd30c61d7946f1f14af98b2,buy,0x80963fb4bb2f3b2a6589f64f897bfb492afed944,0x36a19d49ecea909bbb56a7ac2b98e47be69f91e9a8cfb22b423e2b3e7c45120a
45,159.52,0.17164352,0x9cfea500281ec966e5daeb9eb28ea4f8d5d193ad,2017-10-19T10:34:40.000Z,0.001076,0x1d5321e125f6c7079a716705541c7b371ca79e69,sell,0x80963fb4bb2f3b2a6589f64f897bfb492afed944,0x8167580f748fd37f39392db4a6324dcc53f3289b3d91559a66ea779ffbd61931
46,180,0.2615814,0x8dd353cef8ab39d4350303784a418fb11ef2b650,2017-10-19T10:34:40.000Z,0.00145323,0x9cfea500281ec966e5daeb9eb28ea4f8d5d193ad,buy,0x80963fb4bb2f3b2a6589f64f897bfb492afed944,0xa4ce851b495e83c657129839a7eda2f89b034cb75b193ce364a655b90d9e4140
47,160,0.16,0x1d5321e125f6c7079a716705541c7b371ca79e69,2017-10-19T10:34:40.000Z,0.001,0xa16b6f443357f2305b76cc338e4c035548c6311d,buy,0x80963fb4bb2f3b2a6589f64f897bfb492afed944,0x8167580f748fd37f39392db4a6324dcc53f3289b3d91559a66ea779ffbd61931
48,160,0.16,0x1d5321e125f6c7079a716705541c7b371ca79e69,2017-10-19T10:33:58.000Z,0.001,0xa16b6f443357f2305b76cc338e4c035548c6311d,buy,0x80963fb4bb2f3b2a6589f64f897bfb492afed944,0xc9930e242b4dadd493ef3396a4c67cd5708b3bd6404d6982f9564757e7ce6f79
49,159.52,0.1690912,0x9cfea500281ec966e5daeb9eb28ea4f8d5d193ad,2017-10-19T10:33:58.000Z,0.00106,0x1d5321e125f6c7079a716705541c7b371ca79e69,sell,0x80963fb4bb2f3b2a6589f64f897bfb492afed944,0xc9930e242b4dadd493ef3396a4c67cd5708b3bd6404d6982f9564757e7ce6f79
50,197.65,0.17610615,0x0c9d3359a64db9a5dcd30c61d7946f1f14af98b2,2017-10-19T10:23:19.000Z,0.000891,0x9cfea500281ec966e5daeb9eb28ea4f8d5d193ad,sell,0x80963fb4bb2f3b2a6589f64f897bfb492afed944,0xb589749ac95f69ac5900e07a7cfc990af6f6428d23bad6071d205632f7385cc5
51,100,0.1231012,0x8dd353cef8ab39d4350303784a418fb11ef2b650,2017-10-19T10:20:09.000Z,0.001231012,0x0c9d3359a64db9a5dcd30c61d7946f1f14af98b2,buy,0x80963fb4bb2f3b2a6589f64f897bfb492afed944,0x846611b3b770fb9bb48f7973c42c3a23a68fc11051b63a263dc5e351851d396f
52,99.73,0.10081675781,0x0c9d3359a64db9a5dcd30c61d7946f1f14af98b2,2017-10-19T10:19:42.000Z,0.001010897,0x8dd353cef8ab39d4350303784a418fb11ef2b650,sell,0x80963fb4bb2f3b2a6589f64f897bfb492afed944,0x83e36e67a018eb980a103ab08696f10995359fed739010eeef3302011a383c9a
53,100,0.12310202,0x8dd353cef8ab39d4350303784a418fb11ef2b650,2017-10-19T10:19:42.000Z,0.0012310202,0x9cfea500281ec966e5daeb9eb28ea4f8d5d193ad,buy,0x80963fb4bb2f3b2a6589f64f897bfb492afed944,0xa6e6941301a436e6fd22a724a329395b09332a2c55a653f036bb3e330a3c4ee7
54,68,0.081736,0x0c9d3359a64db9a5dcd30c61d7946f1f14af98b2,2017-10-19T10:16:45.000Z,0.001202,0x8dd353cef8ab39d4350303784a418fb11ef2b650,buy,0x80963fb4bb2f3b2a6589f64f897bfb492afed944,0x6386f0ee1a2cd7bfa97911ee3a55add7d2f9862810c94fca23d6db5524b7556a
55,100,0.1202,0x0c9d3359a64db9a5dcd30c61d7946f1f14af98b2,2017-10-19T10:16:45.000Z,0.001202,0x8dd353cef8ab39d4350303784a418fb11ef2b650,buy,0x80963fb4bb2f3b2a6589f64f897bfb492afed944,0xbb115ce92980139e50b609a3c8a3e97f6925e96f480110f25f93cdf994d5affe
56,157,0.20441714,0x0c9d3359a64db9a5dcd30c61d7946f1f14af98b2,2017-10-19T10:16:01.000Z,0.00130202,0x9cfea500281ec966e5daeb9eb28ea4f8d5d193ad,buy,0x80963fb4bb2f3b2a6589f64f897bfb492afed944,0x92d346e49f3316bf5bcd41a7139f3e53c906f9a948b0f9f8562f373fefb2132b
57,120,0.1076772228,0x9cfea500281ec966e5daeb9eb28ea4f8d5d193ad,2017-10-19T10:14:14.000Z,0.00089731019,0x0c9d3359a64db9a5dcd30c61d7946f1f14af98b2,sell,0x80963fb4bb2f3b2a6589f64f897bfb492afed944,0x2a7ce8a9a06260cc8bb59f8602bf2989dfb6a20a092e6756e9d541cc04b2ba86
58,100,0.08731019,0x9cfea500281ec966e5daeb9eb28ea4f8d5d193ad,2017-10-19T10:10:11.000Z,0.0008731019,0x0c9d3359a64db9a5dcd30c61d7946f1f14af98b2,sell,0x80963fb4bb2f3b2a6589f64f897bfb492afed944,0x3dc7c26e73b177945109cb7b9afa29841e82f1e9a6b2a1162a93444aabb83df2
59,120,0.15722424,0x0c9d3359a64db9a5dcd30c61d7946f1f14af98b2,2017-10-19T10:10:11.000Z,0.001310202,0x9cfea500281ec966e5daeb9eb28ea4f8d5d193ad,buy,0x80963fb4bb2f3b2a6589f64f897bfb492afed944,0xa62688c3d8b30486ce999f919be31f2dbcdf0b293da18cbbf43423c9f45cefff
60,168,0.201936,0x9cfea500281ec966e5daeb9eb28ea4f8d5d193ad,2017-10-19T10:07:17.000Z,0.001202,0x8dd353cef8ab39d4350303784a418fb11ef2b650,buy,0x80963fb4bb2f3b2a6589f64f897bfb492afed944,0xf7071b0d5829be49d8064e67ab0fabd3d1629d97da36994d58e217e899d50f12
61,81.91,0.09010293473205444,0x9cfea500281ec966e5daeb9eb28ea4f8d5d193ad,2017-10-19T10:06:32.000Z,0.0011000236202179765,0x8dd353cef8ab39d4350303784a418fb11ef2b650,buy,0x80963fb4bb2f3b2a6589f64f897bfb492afed944,0x582b60135bbb892fd2b70fa98e9227557bca368b5a8b03b0bfcecf9fdcdfa63b
62,150,0.1480965285,0x8dd353cef8ab39d4350303784a418fb11ef2b650,2017-10-19T10:03:01.000Z,0.00098731019,0x9cfea500281ec966e5daeb9eb28ea4f8d5d193ad,sell,0x80963fb4bb2f3b2a6589f64f897bfb492afed944,0x0bced039f1d78d2b94f0b42f3f7a1f79219b7279ec23e97e2ddfee2dfb49aade
63,100,0.1019,0x8dd353cef8ab39d4350303784a418fb11ef2b650,2017-10-19T09:58:46.000Z,0.001019,0x9cfea500281ec966e5daeb9eb28ea4f8d5d193ad,sell,0x80963fb4bb2f3b2a6589f64f897bfb492afed944,0x74c97a925fe1e3a05ad2299dee2f80f3fa8929c040c6dde4bf4c6f8260adfa6c
64,180,0.16758342,0x8dd353cef8ab39d4350303784a418fb11ef2b650,2017-10-19T09:58:18.000Z,0.000931019,0x9cfea500281ec966e5daeb9eb28ea4f8d5d193ad,sell,0x80963fb4bb2f3b2a6589f64f897bfb492afed944,0x9a4240f4e997d6f731f187b5559a37deb83a373507b8d0ad3c2d672fca4aed58
65,119.08,0.13099505526794555,0x9cfea500281ec966e5daeb9eb28ea4f8d5d193ad,2017-10-19T09:57:20.000Z,0.0011000592481352498,0x8dd353cef8ab39d4350303784a418fb11ef2b650,buy,0x80963fb4bb2f3b2a6589f64f897bfb492afed944,0x23db6dbcaff39b9634e802f1dcfceb0c3a812b18bc00b61177a900e0d9c7b62c
66,100,0.1009999,0x9cfea500281ec966e5daeb9eb28ea4f8d5d193ad,2017-10-19T09:56:47.000Z,0.001009999,0x0c9d3359a64db9a5dcd30c61d7946f1f14af98b2,buy,0x80963fb4bb2f3b2a6589f64f897bfb492afed944,0x1f33b618e098c1e96bc6d22b0d324d2d78e75da778569120695e61ab0376462a
67,200,0.19462038,0x8dd353cef8ab39d4350303784a418fb11ef2b650,2017-10-19T09:55:56.000Z,0.0009731019,0x9cfea500281ec966e5daeb9eb28ea4f8d5d193ad,sell,0x80963fb4bb2f3b2a6589f64f897bfb492afed944,0x46d28a56793a32638460b6c6900b0d80d717ad8e9f242ef836acaaebdaed0848
68,200,0.2000002,0x9cfea500281ec966e5daeb9eb28ea4f8d5d193ad,2017-10-19T09:53:18.000Z,0.001000001,0x8dd353cef8ab39d4350303784a418fb11ef2b650,sell,0x80963fb4bb2f3b2a6589f64f897bfb492afed944,0x4eb0b064a50959b61e9d730b6e7f9a9f06d585b216f1ddb21c5c369fde81d363
69,150,0.15151515,0x9cfea500281ec966e5daeb9eb28ea4f8d5d193ad,2017-10-19T09:51:59.000Z,0.001010101,0x8dd353cef8ab39d4350303784a418fb11ef2b650,sell,0x80963fb4bb2f3b2a6589f64f897bfb492afed944,0x8a6343f1b7981efa0daa60e71856d038be34e031a5ac844a300b523df1c874ce
70,100,0.10100001,0x9cfea500281ec966e5daeb9eb28ea4f8d5d193ad,2017-10-19T09:51:29.000Z,0.0010100001,0x8dd353cef8ab39d4350303784a418fb11ef2b650,sell,0x80963fb4bb2f3b2a6589f64f897bfb492afed944,0x183504a632cc7a3add56ec12799384c19fb59420e5cf20f6b48e4cfc7743b5ab
71,168,0.20496,0x8dd353cef8ab39d4350303784a418fb11ef2b650,2017-10-19T09:50:37.000Z,0.00122,0x9cfea500281ec966e5daeb9eb28ea4f8d5d193ad,buy,0x80963fb4bb2f3b2a6589f64f897bfb492afed944,0x3800c1d54d0082a1b4f9a2306461c11bfbcb62e910b935d93f30d81d600257de
72,100,0.13,0x8dd353cef8ab39d4350303784a418fb11ef2b650,2017-10-19T09:50:12.000Z,0.0013,0xd173dfe71523a8e6b11327e8a553d5052c462953,buy,0x80963fb4bb2f3b2a6589f64f897bfb492afed944,0xa38d2ccd5f0a30a93bd3f51e920d1c2be4415d94d0913bf2cbbfeb5c5eb9e4df
73,200,0.2218,0x9cfea500281ec966e5daeb9eb28ea4f8d5d193ad,2017-10-19T09:45:17.000Z,0.001109,0x0c9d3359a64db9a5dcd30c61d7946f1f14af98b2,buy,0x80963fb4bb2f3b2a6589f64f897bfb492afed944,0x58a3831ff37290d9ed503d3c7ca39cc1d4e7481b1175381c0e87169d47445fbe
74,100,0.118809,0xd173dfe71523a8e6b11327e8a553d5052c462953,2017-10-19T09:45:17.000Z,0.00118809,0x8dd353cef8ab39d4350303784a418fb11ef2b650,buy,0x80963fb4bb2f3b2a6589f64f897bfb492afed944,0xfcf4584a4794b31dc2b5b087f9f03326bf4afd96b4694af8b246d7f1faa7d0f2
75,150,0.18135,0x9cfea500281ec966e5daeb9eb28ea4f8d5d193ad,2017-10-19T09:45:17.000Z,0.001209,0x0c9d3359a64db9a5dcd30c61d7946f1f14af98b2,buy,0x80963fb4bb2f3b2a6589f64f897bfb492afed944,0xd91cbb54a43807c2937ea942817a1a740228a3f115377f9dabddde484c59496c
76,20.45,0.0193279903,0x8dd353cef8ab39d4350303784a418fb11ef2b650,2017-10-19T09:42:37.000Z,0.000945134,0x0c9d3359a64db9a5dcd30c61d7946f1f14af98b2,sell,0x80963fb4bb2f3b2a6589f64f897bfb492afed944,0x092a013a8c0fbb1e35b08ecfa1072464cccb7c0c506be674ba1f18d93b20b11e
77,200,0.216605602,0x0c9d3359a64db9a5dcd30c61d7946f1f14af98b2,2017-10-19T09:41:45.000Z,0.00108302801,0x8dd353cef8ab39d4350303784a418fb11ef2b650,buy,0x80963fb4bb2f3b2a6589f64f897bfb492afed944,0xb528083039d6107b6656c3be0346ea17449325900850c9770b006ca50193757d
78,190,0.243219,0x0c9d3359a64db9a5dcd30c61d7946f1f14af98b2,2017-10-19T09:41:20.000Z,0.0012801,0x9cfea500281ec966e5daeb9eb28ea4f8d5d193ad,buy,0x80963fb4bb2f3b2a6589f64f897bfb492afed944,0x35bc17083e1cececd3f0370e82180cd85a997703129c45e8f975e3bea1133ae1
79,180,0.232349450418,0x0c9d3359a64db9a5dcd30c61d7946f1f14af98b2,2017-10-19T09:40:22.000Z,0.0012908302801,0x8dd353cef8ab39d4350303784a418fb11ef2b650,buy,0x80963fb4bb2f3b2a6589f64f897bfb492afed944,0xbf3037f7d325107a34cc1b432da1d709ecff7665608c5e99d02d989b95dc41f7
80,150,0.192015,0x8dd353cef8ab39d4350303784a418fb11ef2b650,2017-10-19T09:38:21.000Z,0.0012801,0x9cfea500281ec966e5daeb9eb28ea4f8d5d193ad,buy,0x80963fb4bb2f3b2a6589f64f897bfb492afed944,0x425a1c863ec107c86e1b8cfb3c32e768212eae724700fb5c3824f60b82b63839
81,100,0.1,0x8dd353cef8ab39d4350303784a418fb11ef2b650,2017-10-19T09:36:58.000Z,0.001,0xd173dfe71523a8e6b11327e8a553d5052c462953,buy,0x80963fb4bb2f3b2a6589f64f897bfb492afed944,0x0cf8ea3699dcbf86141edc4778250554354c0a3e6b364ceaca9af3e3def7a3f2
82,200,0.206020202,0x9cfea500281ec966e5daeb9eb28ea4f8d5d193ad,2017-10-19T09:36:58.000Z,0.00103010101,0x8dd353cef8ab39d4350303784a418fb11ef2b650,sell,0x80963fb4bb2f3b2a6589f64f897bfb492afed944,0x59294d30ce873e3264ab93dcd7c856e3aec5584adab8fe76df5d1b0aa4a4329e
83,100,0.118809,0x9cfea500281ec966e5daeb9eb28ea4f8d5d193ad,2017-10-19T09:34:45.000Z,0.00118809,0x8dd353cef8ab39d4350303784a418fb11ef2b650,buy,0x80963fb4bb2f3b2a6589f64f897bfb492afed944,0x52c723333fd933c25e6e58612a8046c1488525548ea2266ed9d09369f9000243
84,149.55,0.1413447897,0x8dd353cef8ab39d4350303784a418fb11ef2b650,2017-10-19T09:32:01.000Z,0.000945134,0x86f07ee309655dbb0c169668f4e27848c0deda77,sell,0x80963fb4bb2f3b2a6589f64f897bfb492afed944,0xdde9b605aaa3e46b1a59c344485fd2f201f5dae598159121c90d3e2c69ad6115
85,150,0.12015,0x86f07ee309655dbb0c169668f4e27848c0deda77,2017-10-19T09:32:01.000Z,0.000801,0x9cfea500281ec966e5daeb9eb28ea4f8d5d193ad,buy,0x80963fb4bb2f3b2a6589f64f897bfb492afed944,0xdde9b605aaa3e46b1a59c344485fd2f201f5dae598159121c90d3e2c69ad6115
86,200,0.20090268,0x8dd353cef8ab39d4350303784a418fb11ef2b650,2017-10-19T09:28:06.000Z,0.0010045134,0x9cfea500281ec966e5daeb9eb28ea4f8d5d193ad,sell,0x80963fb4bb2f3b2a6589f64f897bfb492afed944,0x4b480c916ae271f52b644ae1f2e03f1ff8e0376f8f438380c9595da89bf3d048
87,110,0.13302399,0x9cfea500281ec966e5daeb9eb28ea4f8d5d193ad,2017-10-19T09:27:11.000Z,0.001209309,0x0c9d3359a64db9a5dcd30c61d7946f1f14af98b2,buy,0x80963fb4bb2f3b2a6589f64f897bfb492afed944,0x6589bab1377b95788fcf547b1ea5c73be55f51046a55ac3d4a1b4e4c9100f019
88,48.72,0.0445792872,0x9cfea500281ec966e5daeb9eb28ea4f8d5d193ad,2017-10-19T09:25:34.000Z,0.00091501,0x0c9d3359a64db9a5dcd30c61d7946f1f14af98b2,buy,0x80963fb4bb2f3b2a6589f64f897bfb492afed944,0xd629f461a3fe37499460efdb0e2b9025fdb045ce8419e6e9158f0a6565915a87
89,28.94,0.0304257796,0x0c9d3359a64db9a5dcd30c61d7946f1f14af98b2,2017-10-19T09:21:28.000Z,0.00105134,0x8dd353cef8ab39d4350303784a418fb11ef2b650,sell,0x80963fb4bb2f3b2a6589f64f897bfb492afed944,0xc426c224cac699141f926da52ffbe1756d6eccf4260f856f4decdf660db2156a
90,150,0.1939635,0x8dd353cef8ab39d4350303784a418fb11ef2b650,2017-10-19T09:20:16.000Z,0.00129309,0x0c9d3359a64db9a5dcd30c61d7946f1f14af98b2,buy,0x80963fb4bb2f3b2a6589f64f897bfb492afed944,0x7d7ebe44e5df5cfefc63ba4fe96d7e29468e0cb9789a7688ec084a881da51c68
91,100,0.11809309,0x8dd353cef8ab39d4350303784a418fb11ef2b650,2017-10-19T09:19:21.000Z,0.0011809309,0x0c9d3359a64db9a5dcd30c61d7946f1f14af98b2,buy,0x80963fb4bb2f3b2a6589f64f897bfb492afed944,0xb957ea22fb668a4f7848b03938f8e455485a0ab052685ae79da6439c43a74245
92,130,0.1701849513,0x8dd353cef8ab39d4350303784a418fb11ef2b650,2017-10-19T09:18:26.000Z,0.00130911501,0x0c9d3359a64db9a5dcd30c61d7946f1f14af98b2,buy,0x80963fb4bb2f3b2a6589f64f897bfb492afed944,0xc897cf3df66d1cfee1b41fa8b1912af54444a43944652a8aa63dc6f77f5afbb0
93,71.06,0.0747082204,0x0c9d3359a64db9a5dcd30c61d7946f1f14af98b2,2017-10-19T09:16:53.000Z,0.00105134,0x1d5321e125f6c7079a716705541c7b371ca79e69,sell,0x80963fb4bb2f3b2a6589f64f897bfb492afed944,0xb705f5b16dabeff6824ca1e4010e8b3aa95b3d19220dda75299821a37588c7f1
94,71.28,0.0652219128,0x1d5321e125f6c7079a716705541c7b371ca79e69,2017-10-19T09:16:53.000Z,0.00091501,0x0c9d3359a64db9a5dcd30c61d7946f1f14af98b2,buy,0x80963fb4bb2f3b2a6589f64f897bfb492afed944,0xb705f5b16dabeff6824ca1e4010e8b3aa95b3d19220dda75299821a37588c7f1
95,149,0.135813649,0x0c9d3359a64db9a5dcd30c61d7946f1f14af98b2,2017-10-19T09:14:26.000Z,0.000911501,0x9cfea500281ec966e5daeb9eb28ea4f8d5d193ad,buy,0x80963fb4bb2f3b2a6589f64f897bfb492afed944,0x18f4cf719e823af9f1d1037938b57d2870cf4a44d6f1df327216495cc8ef0a4c
96,1.37,0.0013033358,0x9cfea500281ec966e5daeb9eb28ea4f8d5d193ad,2017-10-19T09:14:26.000Z,0.00095134,0x0c9d3359a64db9a5dcd30c61d7946f1f14af98b2,sell,0x80963fb4bb2f3b2a6589f64f897bfb492afed944,0xc90641591b4b8e04cf536c80a89f263d8ccec9da7decf95d14d2f2b2aeced9bf
97,100,0.10911501,0x0c9d3359a64db9a5dcd30c61d7946f1f14af98b2,2017-10-19T09:13:19.000Z,0.0010911501,0x9cfea500281ec966e5daeb9eb28ea4f8d5d193ad,buy,0x80963fb4bb2f3b2a6589f64f897bfb492afed944,0xa5ffc17c8e0c67446c8587fa4b23640efbafeeeaa19b0d252e3204334d66d7c2
98,180,0.144,0x0c9d3359a64db9a5dcd30c61d7946f1f14af98b2,2017-10-19T09:12:58.000Z,0.0008,0x8dd353cef8ab39d4350303784a418fb11ef2b650,buy,0x80963fb4bb2f3b2a6589f64f897bfb492afed944,0x084e1703638e28a905438d320fd7b9d58c32d0461a942f367dfb5ca5389519f5
99,180,0.171018,0x8dd353cef8ab39d4350303784a418fb11ef2b650,2017-10-19T09:12:18.000Z,0.0009501,0x0c9d3359a64db9a5dcd30c61d7946f1f14af98b2,buy,0x80963fb4bb2f3b2a6589f64f897bfb492afed944,0x4f60d7b302067560a5cc31aa9e52f2fb13e39b0a3fe5d94c84e6f7c55179cd34
100,209.24,0.167392,0x86f07ee309655dbb0c169668f4e27848c0deda77,2017-10-19T09:12:18.000Z,0.0008,0x8dd353cef8ab39d4350303784a418fb11ef2b650,buy,0x80963fb4bb2f3b2a6589f64f897bfb492afed944,0x03ec5d239f2212f81a09a1f76d06269e0de307aaeff06a5fb29ff79421d12bb7
101,208.63,0.1984780642,0x9cfea500281ec966e5daeb9eb28ea4f8d5d193ad,2017-10-19T09:12:18.000Z,0.00095134,0x86f07ee309655dbb0c169668f4e27848c0deda77,sell,0x80963fb4bb2f3b2a6589f64f897bfb492afed944,0x03ec5d239f2212f81a09a1f76d06269e0de307aaeff06a5fb29ff79421d12bb7
102,190,0.169007546,0x9cfea500281ec966e5daeb9eb28ea4f8d5d193ad,2017-10-19T09:11:30.000Z,0.0008895134,0x8dd353cef8ab39d4350303784a418fb11ef2b650,sell,0x80963fb4bb2f3b2a6589f64f897bfb492afed944,0x772c5dfd66171dd01ce8d6cef13b1cc1ca0f7193b2e15a1f7e4cebff402aa170
103,100,0.0991,0x9cfea500281ec966e5daeb9eb28ea4f8d5d193ad,2017-10-19T09:08:48.000Z,0.000991,0x8dd353cef8ab39d4350303784a418fb11ef2b650,buy,0x80963fb4bb2f3b2a6589f64f897bfb492afed944,0x7c65912d3fac86341b4cf8e671694af52eef130e826bae1b21086562bcafeecf
104,0,0,0x86f07ee309655dbb0c169668f4e27848c0deda77,2017-10-19T09:08:09.000Z,NaN,0x0c9d3359a64db9a5dcd30c61d7946f1f14af98b2,buy,0x80963fb4bb2f3b2a6589f64f897bfb492afed944,0xc0c39e6d2efe941ddb3cdc2b338d6ef04eb04808541db1804c2f6f121273ea85
105,0,0,0x0c9d3359a64db9a5dcd30c61d7946f1f14af98b2,2017-10-19T09:08:09.000Z,NaN,0x86f07ee309655dbb0c169668f4e27848c0deda77,sell,0x80963fb4bb2f3b2a6589f64f897bfb492afed944,0xc0c39e6d2efe941ddb3cdc2b338d6ef04eb04808541db1804c2f6f121273ea85
106,150,0.15201,0x0c9d3359a64db9a5dcd30c61d7946f1f14af98b2,2017-10-19T09:07:22.000Z,0.0010134,0x9cfea500281ec966e5daeb9eb28ea4f8d5d193ad,sell,0x80963fb4bb2f3b2a6589f64f897bfb492afed944,0xd4561721315daaf28a07f839f4bdd9c27288b3414da5f8b9491e47f11ef67ee8
107,100,0.101,0x9cfea500281ec966e5daeb9eb28ea4f8d5d193ad,2017-10-19T09:06:22.000Z,0.00101,0x0c9d3359a64db9a5dcd30c61d7946f1f14af98b2,buy,0x80963fb4bb2f3b2a6589f64f897bfb492afed944,0x404907604455020cd4b623737f83aa67bc354f44a862eeb05ecfcb1bc9e6c133
108,200,0.16,0x9cfea500281ec966e5daeb9eb28ea4f8d5d193ad,2017-10-19T09:05:54.000Z,0.0008,0x8dd353cef8ab39d4350303784a418fb11ef2b650,buy,0x80963fb4bb2f3b2a6589f64f897bfb492afed944,0xbe8b7b5b27ce1f3c5fa6047a8df85efeebc04fd8d568015ed337e4aa2831f8b6
109,50,0.04955,0x0c9d3359a64db9a5dcd30c61d7946f1f14af98b2,2017-10-19T09:02:26.000Z,0.000991,0x8dd353cef8ab39d4350303784a418fb11ef2b650,buy,0x80963fb4bb2f3b2a6589f64f897bfb492afed944,0xa83f7cf82e20ba48a2d2db4125688f126c5460558cb6fa56a8fdb1dd694ec9fd
110,150,0.12,0x0c9d3359a64db9a5dcd30c61d7946f1f14af98b2,2017-10-19T09:02:26.000Z,0.0008,0x8dd353cef8ab39d4350303784a418fb11ef2b650,buy,0x80963fb4bb2f3b2a6589f64f897bfb492afed944,0xcdf8d251212b1c5585c3312ce71f63e1a6ed74a9e0d43ea6b194d26a8b457392
111,100,0.08,0x0c9d3359a64db9a5dcd30c61d7946f1f14af98b2,2017-10-19T09:01:55.000Z,0.0008,0x8dd353cef8ab39d4350303784a418fb11ef2b650,buy,0x80963fb4bb2f3b2a6589f64f897bfb492afed944,0xa53b32b25bcdc83c859b6936f0035b3becee5573c66748963a2d780529b3f102
112,73.09,0.109635,0xa16b6f443357f2305b76cc338e4c035548c6311d,2017-10-19T09:01:08.000Z,0.0015,0x9cfea500281ec966e5daeb9eb28ea4f8d5d193ad,buy,0x80963fb4bb2f3b2a6589f64f897bfb492afed944,0x624d754e561a891c0d6f0ced8deba5f2eb9cbce5da330d5891080044e5589b8f
113,172.83,0.259254,0xa16b6f443357f2305b76cc338e4c035548c6311d,2017-10-19T09:00:23.000Z,0.0015000520742926575,0x9cfea500281ec966e5daeb9eb28ea4f8d5d193ad,buy,0x80963fb4bb2f3b2a6589f64f897bfb492afed944,0x7ddcdd38af5c91b34dcc37a9156b9687d425581febde8ed0527e033cf2e6de51
114,396,0.594,0xa16b6f443357f2305b76cc338e4c035548c6311d,2017-10-19T08:59:51.000Z,0.0015,0x0c9d3359a64db9a5dcd30c61d7946f1f14af98b2,buy,0x80963fb4bb2f3b2a6589f64f897bfb492afed944,0xf0bf4f4efe1b5c4e8b409cd908c23f2b1bd0a39a6e4b5528f1a1096b78072fbb
115,69.43,0.0645782316,0x9cfea500281ec966e5daeb9eb28ea4f8d5d193ad,2017-10-19T08:57:01.000Z,0.00093012,0xd173dfe71523a8e6b11327e8a553d5052c462953,sell,0x80963fb4bb2f3b2a6589f64f897bfb492afed944,0xb9da5be49c5988d8cbd8a3ef22f12d2e0f162ab62b695e6135356c16ac2862bb
116,200,0.2,0xa16b6f443357f2305b76cc338e4c035548c6311d,2017-10-19T08:55:10.000Z,0.001,0x9cfea500281ec966e5daeb9eb28ea4f8d5d193ad,buy,0x80963fb4bb2f3b2a6589f64f897bfb492afed944,0x4f9fef822a49efc79cf5a5338550387ae0c0abcec8a63c7d16473bdc9fd5725f
117,177.16,0.26574525406469224,0x0c9d3359a64db9a5dcd30c61d7946f1f14af98b2,2017-10-19T08:51:41.000Z,0.0015000296571725685,0x9cfea500281ec966e5daeb9eb28ea4f8d5d193ad,buy,0x80963fb4bb2f3b2a6589f64f897bfb492afed944,0xe25826867171b355fb784dda8301f7b88f1fc8e4534213aca2352a59ba6a1833
118,964.81,0.9648155807420753,0x8dd353cef8ab39d4350303784a418fb11ef2b650,2017-10-19T08:49:16.000Z,0.0010000057842912856,0xa16b6f443357f2305b76cc338e4c035548c6311d,buy,0x80963fb4bb2f3b2a6589f64f897bfb492afed944,0x52c413e9c32ce59f78d3a69d6d6dbba267278e7b64dabe80aea051d5d461594c
119,120,0.1092127332,0x0c9d3359a64db9a5dcd30c61d7946f1f14af98b2,2017-10-19T08:48:10.000Z,0.00091010611,0x8dd353cef8ab39d4350303784a418fb11ef2b650,sell,0x80963fb4bb2f3b2a6589f64f897bfb492afed944,0x3d0b6691256c255322d6647b37e70046989095bd35940677f18508925754486c
120,99.7,0.10579167,0x0c9d3359a64db9a5dcd30c61d7946f1f14af98b2,2017-10-19T08:46:51.000Z,0.0010611,0x1d5321e125f6c7079a716705541c7b371ca79e69,sell,0x80963fb4bb2f3b2a6589f64f897bfb492afed944,0xd9453ecd89ba2d53dc9d91e0f10e43c82ea3c673a7658efee343978daefea31f
121,100,0.0991,0x1d5321e125f6c7079a716705541c7b371ca79e69,2017-10-19T08:46:51.000Z,0.000991,0x8dd353cef8ab39d4350303784a418fb11ef2b650,buy,0x80963fb4bb2f3b2a6589f64f897bfb492afed944,0xd9453ecd89ba2d53dc9d91e0f10e43c82ea3c673a7658efee343978daefea31f
122,0.02,0.000018414,0x8dd353cef8ab39d4350303784a418fb11ef2b650,2017-10-19T08:37:59.000Z,0.0009207,0x0c9d3359a64db9a5dcd30c61d7946f1f14af98b2,sell,0x80963fb4bb2f3b2a6589f64f897bfb492afed944,0x62700d8b51151c4f2b9447f971a3f659891b996f6e50ad7c3642cac9fbeedf4e
123,168.78,0.155395746,0x8dd353cef8ab39d4350303784a418fb11ef2b650,2017-10-19T08:36:51.000Z,0.0009207,0x0c9d3359a64db9a5dcd30c61d7946f1f14af98b2,sell,0x80963fb4bb2f3b2a6589f64f897bfb492afed944,0xa0f815f1aef4118e168ce3385bea6d61c40e66d9b51bc54ef658d4f171d2e291
124,86.56,0.08314088,0x8dd353cef8ab39d4350303784a418fb11ef2b650,2017-10-19T08:36:01.000Z,0.0009605,0x0c9d3359a64db9a5dcd30c61d7946f1f14af98b2,sell,0x80963fb4bb2f3b2a6589f64f897bfb492afed944,0xc82f6168e8384f087c7873d05268786d4bc6356d0975116a203141dd3b6a5c9a
125,121.76,0.175145672,0x0c9d3359a64db9a5dcd30c61d7946f1f14af98b2,2017-10-19T08:35:07.000Z,0.00143845,0x8dd353cef8ab39d4350303784a418fb11ef2b650,buy,0x80963fb4bb2f3b2a6589f64f897bfb492afed944,0x7224d7b32fc0a848de7df6016b049b12cac1df0bf54ebc59b149a4f96edbdec4
126,100,0.145,0x0c9d3359a64db9a5dcd30c61d7946f1f14af98b2,2017-10-19T08:34:08.000Z,0.00145,0x8dd353cef8ab39d4350303784a418fb11ef2b650,buy,0x80963fb4bb2f3b2a6589f64f897bfb492afed944,0x12a95be6f9536d2fd0f32b83efaeca7fac2af025397a428821b0e851a777f692
127,56.1,0.08070206183963981,0x9cfea500281ec966e5daeb9eb28ea4f8d5d193ad,2017-10-19T08:30:20.000Z,0.0014385394267315474,0x8dd353cef8ab39d4350303784a418fb11ef2b650,buy,0x80963fb4bb2f3b2a6589f64f897bfb492afed944,0x30d1d357871f06b23f7c52b30af292d4d9e4bc7bbd12344e1418595f68ba12e9
128,150,0.18657675,0x9cfea500281ec966e5daeb9eb28ea4f8d5d193ad,2017-10-19T08:29:12.000Z,0.001243845,0x8dd353cef8ab39d4350303784a418fb11ef2b650,buy,0x80963fb4bb2f3b2a6589f64f897bfb492afed944,0x03043828e789cd2aa91927d009a076b27051e02ea62d0f7878c085e112ef088c
129,200,0.1921,0x9cfea500281ec966e5daeb9eb28ea4f8d5d193ad,2017-10-19T08:27:18.000Z,0.0009605,0x8dd353cef8ab39d4350303784a418fb11ef2b650,sell,0x80963fb4bb2f3b2a6589f64f897bfb492afed944,0x417e0ac763f43601e930bd2c5a02cd3b632579b13f057188963bada394720f45
130,220,0.180380772,0x8dd353cef8ab39d4350303784a418fb11ef2b650,2017-10-19T07:58:15.000Z,0.0008199126,0x9cfea500281ec966e5daeb9eb28ea4f8d5d193ad,sell,0x80963fb4bb2f3b2a6589f64f897bfb492afed944,0x608afd07fcf965292e03f1e33b2b46fe16083455ae2d0ac616e1c722572a9e40
131,80,0.10224,0x9cfea500281ec966e5daeb9eb28ea4f8d5d193ad,2017-10-19T07:58:12.000Z,0.001278,0x8dd353cef8ab39d4350303784a418fb11ef2b650,buy,0x80963fb4bb2f3b2a6589f64f897bfb492afed944,0xa51a419f63e17eda17e8b9fea1d1ddb7c6cfd9b1df567866d25bffedaf104c56
132,100,0.1289341,0x9cfea500281ec966e5daeb9eb28ea4f8d5d193ad,2017-10-19T07:50:38.000Z,0.001289341,0x8dd353cef8ab39d4350303784a418fb11ef2b650,buy,0x80963fb4bb2f3b2a6589f64f897bfb492afed944,0x56f1283693180e27e1d618fa028e04b54bd6109d2b06be0c9465d2745702e370
133,400,0.32796504,0x8dd353cef8ab39d4350303784a418fb11ef2b650,2017-10-19T07:48:58.000Z,0.0008199126,0x9cfea500281ec966e5daeb9eb28ea4f8d5d193ad,sell,0x80963fb4bb2f3b2a6589f64f897bfb492afed944,0xa316ffb74d2bad264c41bcbd5e3c18c17ca1e4890f8cba7e0092b8f250285bd3
134,130,0.1681433,0x9cfea500281ec966e5daeb9eb28ea4f8d5d193ad,2017-10-19T07:48:28.000Z,0.00129341,0x0c9d3359a64db9a5dcd30c61d7946f1f14af98b2,buy,0x80963fb4bb2f3b2a6589f64f897bfb492afed944,0xd48afba3341d0d26acb76103f4e7a60db112f066667feee63b0b362554778c21
135,120,0.16092,0x9cfea500281ec966e5daeb9eb28ea4f8d5d193ad,2017-10-19T07:47:55.000Z,0.001341,0x0c9d3359a64db9a5dcd30c61d7946f1f14af98b2,buy,0x80963fb4bb2f3b2a6589f64f897bfb492afed944,0x1615e1c04b92451aed74e6071287ddc52c56ae9c9459c2de0f095ada6765452b
136,140,0.181692,0x9cfea500281ec966e5daeb9eb28ea4f8d5d193ad,2017-10-19T07:45:31.000Z,0.0012978,0x8dd353cef8ab39d4350303784a418fb11ef2b650,buy,0x80963fb4bb2f3b2a6589f64f897bfb492afed944,0x6bff6805882b17acd78309c993a7d5ed71eab69447a162ffd034f9ec6e3df044
137,65.45,0.064877967,0x8dd353cef8ab39d4350303784a418fb11ef2b650,2017-10-19T07:38:38.000Z,0.00099126,0x0c9d3359a64db9a5dcd30c61d7946f1f14af98b2,sell,0x80963fb4bb2f3b2a6589f64f897bfb492afed944,0x19ddf158213db380fec7914f519599b8ba104df9fa7b5059447832c3e74f233a
138,50,0.067,0x0c9d3359a64db9a5dcd30c61d7946f1f14af98b2,2017-10-19T07:38:16.000Z,0.00134,0x9cfea500281ec966e5daeb9eb28ea4f8d5d193ad,buy,0x80963fb4bb2f3b2a6589f64f897bfb492afed944,0xedeb4a7765898cf30e34bbf8d37f1919b09092111fb5d05ec5fa500fda695519
139,150,0.21,0x0c9d3359a64db9a5dcd30c61d7946f1f14af98b2,2017-10-19T07:37:02.000Z,0.0014,0x9cfea500281ec966e5daeb9eb28ea4f8d5d193ad,buy,0x80963fb4bb2f3b2a6589f64f897bfb492afed944,0x18621e22df09b0c992d3853992c3379d0560543628cbe4151ccfab12e278bc45
140,200,0.28,0x0c9d3359a64db9a5dcd30c61d7946f1f14af98b2,2017-10-19T07:36:14.000Z,0.0014,0x9cfea500281ec966e5daeb9eb28ea4f8d5d193ad,buy,0x80963fb4bb2f3b2a6589f64f897bfb492afed944,0x9177302023f5544129f6aaff53a878b4d65a603ba1de066da54042a9430c650f
141,50.29,0.060348,0x9cfea500281ec966e5daeb9eb28ea4f8d5d193ad,2017-10-19T07:35:30.000Z,0.0012,0x1d5321e125f6c7079a716705541c7b371ca79e69,sell,0x80963fb4bb2f3b2a6589f64f897bfb492afed944,0x307ac253821d36830ccd64655e531e1357ffda2dd9066d9636165ab922490998
142,50.45,0.05045,0x1d5321e125f6c7079a716705541c7b371ca79e69,2017-10-19T07:35:30.000Z,0.001,0xa16b6f443357f2305b76cc338e4c035548c6311d,buy,0x80963fb4bb2f3b2a6589f64f897bfb492afed944,0x307ac253821d36830ccd64655e531e1357ffda2dd9066d9636165ab922490998
143,50,0.0652,0x0c9d3359a64db9a5dcd30c61d7946f1f14af98b2,2017-10-19T07:35:30.000Z,0.001304,0x9cfea500281ec966e5daeb9eb28ea4f8d5d193ad,buy,0x80963fb4bb2f3b2a6589f64f897bfb492afed944,0x492343145ebc3bd208ca6d723aa025cba33ed980217b75f848f1f18deb4d3943
144,200,0.2,0x1d5321e125f6c7079a716705541c7b371ca79e69,2017-10-19T07:30:22.000Z,0.001,0xa16b6f443357f2305b76cc338e4c035548c6311d,buy,0x80963fb4bb2f3b2a6589f64f897bfb492afed944,0x8e4b3b99f366eb0d872dd0538e408c846765042f27da0825d2abef006faeec8f
145,199.4,0.223328,0x9cfea500281ec966e5daeb9eb28ea4f8d5d193ad,2017-10-19T07:30:22.000Z,0.00112,0x1d5321e125f6c7079a716705541c7b371ca79e69,sell,0x80963fb4bb2f3b2a6589f64f897bfb492afed944,0x8e4b3b99f366eb0d872dd0538e408c846765042f27da0825d2abef006faeec8f
146,113.44,0.10895912,0x8dd353cef8ab39d4350303784a418fb11ef2b650,2017-10-19T07:27:08.000Z,0.0009605,0x8dd353cef8ab39d4350303784a418fb11ef2b650,sell,0x80963fb4bb2f3b2a6589f64f897bfb492afed944,0x44ce3778503921ed7fb2e8e0599d15eb1168f2a8ac5990a2451af5a57c70fd60
147,150,0.1201818975,0x86f07ee309655dbb0c169668f4e27848c0deda77,2017-10-19T07:26:58.000Z,0.00080121265,0x9cfea500281ec966e5daeb9eb28ea4f8d5d193ad,buy,0x80963fb4bb2f3b2a6589f64f897bfb492afed944,0x3dd4aeae2b736d8116407569cbe7946306f98c8882b5609d4f275d2657204b07
148,150,0.1201818975,0x86f07ee309655dbb0c169668f4e27848c0deda77,2017-10-19T07:26:58.000Z,0.00080121265,0x9cfea500281ec966e5daeb9eb28ea4f8d5d193ad,buy,0x80963fb4bb2f3b2a6589f64f897bfb492afed944,0xe5c2ea5838a592c72b47f01f53ed65a486a2c5cf4813574c03a9a203d0cb02c0
149,149.55,0.17946,0x9cfea500281ec966e5daeb9eb28ea4f8d5d193ad,2017-10-19T07:26:58.000Z,0.0012,0x86f07ee309655dbb0c169668f4e27848c0deda77,sell,0x80963fb4bb2f3b2a6589f64f897bfb492afed944,0x3dd4aeae2b736d8116407569cbe7946306f98c8882b5609d4f275d2657204b07
150,149.55,0.148242933,0x8dd353cef8ab39d4350303784a418fb11ef2b650,2017-10-19T07:26:58.000Z,0.00099126,0x86f07ee309655dbb0c169668f4e27848c0deda77,sell,0x80963fb4bb2f3b2a6589f64f897bfb492afed944,0xe5c2ea5838a592c72b47f01f53ed65a486a2c5cf4813574c03a9a203d0cb02c0
151,100,0.11265,0x9cfea500281ec966e5daeb9eb28ea4f8d5d193ad,2017-10-19T07:23:06.000Z,0.0011265,0x8dd353cef8ab39d4350303784a418fb11ef2b650,buy,0x80963fb4bb2f3b2a6589f64f897bfb492afed944,0x3f2eb885dc8a05b83e041c65aa9508f941db02c8e68242da7ad0bedca7f73dec
152,150,0.16818975,0x9cfea500281ec966e5daeb9eb28ea4f8d5d193ad,2017-10-19T07:22:33.000Z,0.001121265,0x8dd353cef8ab39d4350303784a418fb11ef2b650,buy,0x80963fb4bb2f3b2a6589f64f897bfb492afed944,0xc4459ace7e14a39d9fb97dc972939e4b4808fa59bf77b6cba47d8d0a12dd0bcb
153,200,0.24253,0x9cfea500281ec966e5daeb9eb28ea4f8d5d193ad,2017-10-19T07:21:53.000Z,0.00121265,0x8dd353cef8ab39d4350303784a418fb11ef2b650,buy,0x80963fb4bb2f3b2a6589f64f897bfb492afed944,0xa481d5b85ec6f462da8223309c5df51b8f85ae6888e9c9c782dd77a36f9b4674
154,91,0.115115,0x8dd353cef8ab39d4350303784a418fb11ef2b650,2017-10-19T07:20:11.000Z,0.001265,0x9cfea500281ec966e5daeb9eb28ea4f8d5d193ad,buy,0x80963fb4bb2f3b2a6589f64f897bfb492afed944,0xfa695dffbcd1683f75b74e916be287e1c7589ad3b5cbd7bd9ea9e4613b94b47b
155,400,0.37042,0x8dd353cef8ab39d4350303784a418fb11ef2b650,2017-10-19T07:15:58.000Z,0.00092605,0x9cfea500281ec966e5daeb9eb28ea4f8d5d193ad,sell,0x80963fb4bb2f3b2a6589f64f897bfb492afed944,0x46b1067e4788deb2b3c451216364f879cd6ce8a5ad623d91c89d3b90de6e3f82
156,150,0.1428015,0x9cfea500281ec966e5daeb9eb28ea4f8d5d193ad,2017-10-19T07:13:05.000Z,0.00095201,0x8dd353cef8ab39d4350303784a418fb11ef2b650,sell,0x80963fb4bb2f3b2a6589f64f897bfb492afed944,0x0563c12e6e589e474d0d14fdb832763ac1abb20871020b1e5038b90efa93dc8d
157,100,0.1,0x9cfea500281ec966e5daeb9eb28ea4f8d5d193ad,2017-10-19T07:12:03.000Z,0.001,0x8dd353cef8ab39d4350303784a418fb11ef2b650,sell,0x80963fb4bb2f3b2a6589f64f897bfb492afed944,0xea381ebf5d860d5477966be87d71da0a56e0e45ffc22b760f94d491ff28aabca
158,150,0.13575,0x9cfea500281ec966e5daeb9eb28ea4f8d5d193ad,2017-10-19T07:11:24.000Z,0.000905,0x8dd353cef8ab39d4350303784a418fb11ef2b650,sell,0x80963fb4bb2f3b2a6589f64f897bfb492afed944,0x16cdc1aeec1ad30754f932e0adf7762c3bcdd2246ae506c5aa87dea37d31d14b
159,120,0.14412,0x8dd353cef8ab39d4350303784a418fb11ef2b650,2017-10-19T07:10:46.000Z,0.001201,0x9cfea500281ec966e5daeb9eb28ea4f8d5d193ad,buy,0x80963fb4bb2f3b2a6589f64f897bfb492afed944,0x95bbf502e9b15c9aa9bc6edef06f34cacfb5a5dbe7bb867a95933e2c8fa2b52b
160,100,0.101201,0x8dd353cef8ab39d4350303784a418fb11ef2b650,2017-10-19T07:09:54.000Z,0.00101201,0x9cfea500281ec966e5daeb9eb28ea4f8d5d193ad,buy,0x80963fb4bb2f3b2a6589f64f897bfb492afed944,0x95c58fab9600cfe83283aed664b9bf9a2e39ba64fbc0c8663a6f1f58ee5e6fdc
161,150,0.168015,0x8dd353cef8ab39d4350303784a418fb11ef2b650,2017-10-19T07:08:54.000Z,0.0011201,0x9cfea500281ec966e5daeb9eb28ea4f8d5d193ad,buy,0x80963fb4bb2f3b2a6589f64f897bfb492afed944,0x5085fecf5367a523774481132787c933860085a4ece0117d5ca5a92d41f7173a
162,100,0.101,0x8dd353cef8ab39d4350303784a418fb11ef2b650,2017-10-19T07:07:40.000Z,0.00101,0x9cfea500281ec966e5daeb9eb28ea4f8d5d193ad,buy,0x80963fb4bb2f3b2a6589f64f897bfb492afed944,0xd5088810a63a281014589701bcc135e4f91629cfa3a5405fffe5a61742f56419
163,63.97,0.07742342809212,0x9cfea500281ec966e5daeb9eb28ea4f8d5d193ad,2017-10-19T06:58:23.000Z,0.001210308396,0x0c9d3359a64db9a5dcd30c61d7946f1f14af98b2,buy,0x80963fb4bb2f3b2a6589f64f897bfb492afed944,0x7d7ec69d371b5b9ebfb707d1077dc82d045ae94c91fc8da53eb14e10e7a58a1a
164,200,0.24212,0x9cfea500281ec966e5daeb9eb28ea4f8d5d193ad,2017-10-19T06:58:04.000Z,0.0012106,0x0c9d3359a64db9a5dcd30c61d7946f1f14af98b2,buy,0x80963fb4bb2f3b2a6589f64f897bfb492afed944,0x424564648203e15f7a558fc763c238c5354c1ead3c0803e1e41fab0f61fdf1ae
165,200,0.256792204212,0x9cfea500281ec966e5daeb9eb28ea4f8d5d193ad,2017-10-19T06:57:29.000Z,0.00128396102106,0x8dd353cef8ab39d4350303784a418fb11ef2b650,buy,0x80963fb4bb2f3b2a6589f64f897bfb492afed944,0xb65ee3e67eee40f5a3e7b386f5f7a8c783e63381731acb6b82a3d754d7fa143d
166,200,0.182,0xa16b6f443357f2305b76cc338e4c035548c6311d,2017-10-19T06:56:54.000Z,0.00091,0x9cfea500281ec966e5daeb9eb28ea4f8d5d193ad,sell,0x80963fb4bb2f3b2a6589f64f897bfb492afed944,0x48a52d1287fd7d5dea63a184d3cca9a9260380e6d4a71d7c9a0c5f5136fa5524
167,100,0.1308396,0x9cfea500281ec966e5daeb9eb28ea4f8d5d193ad,2017-10-19T06:55:16.000Z,0.001308396,0x8dd353cef8ab39d4350303784a418fb11ef2b650,buy,0x80963fb4bb2f3b2a6589f64f897bfb492afed944,0xb8cb592f57332e1bb72ca4270573f42910631ad7bdb3be8d28ec10913db23719
168,199,0.21951370804,0x9cfea500281ec966e5daeb9eb28ea4f8d5d193ad,2017-10-19T06:54:32.000Z,0.00110308396,0x0c9d3359a64db9a5dcd30c61d7946f1f14af98b2,buy,0x80963fb4bb2f3b2a6589f64f897bfb492afed944,0x5d6a50a5951fedabadd9e533b34cae88ad3a4b28517e475c6402b75664ee0fbe
169,1,0.00110308396,0x0249924245a19aa2d7f5ddb0739a7132b7d094ab,2017-10-18T19:41:08.000Z,0.00110308396,0x0c9d3359a64db9a5dcd30c61d7946f1f14af98b2,buy,0x80963fb4bb2f3b2a6589f64f897bfb492afed944,0x6fed8c4ef2a1dfed808e493e9b447cff324b2b57a3fb9d7f6b3194efc4859712
170,100,0.11308396,0xa16b6f443357f2305b76cc338e4c035548c6311d,2017-10-18T16:10:32.000Z,0.0011308396,0x0c9d3359a64db9a5dcd30c61d7946f1f14af98b2,buy,0x80963fb4bb2f3b2a6589f64f897bfb492afed944,0xc702fac0e4411c489fd856c4363f7e569a62ba000ca9d809c1737fb9099c4040
171,150,0.2094153159,0xa16b6f443357f2305b76cc338e4c035548c6311d,2017-10-18T14:32:24.000Z,0.001396102106,0x8dd353cef8ab39d4350303784a418fb11ef2b650,buy,0x80963fb4bb2f3b2a6589f64f897bfb492afed944,0xad31db7f49ba99f9c8bee45c755f5717f59ae003790b52ecd147cc5b538383be
172,212.93,0.2046302143058,0xa16b6f443357f2305b76cc338e4c035548c6311d,2017-10-18T14:31:56.000Z,0.00096102106,0x9cfea500281ec966e5daeb9eb28ea4f8d5d193ad,buy,0x80963fb4bb2f3b2a6589f64f897bfb492afed944,0xc1759b51bcfabd26e750b6d06df5b4c830f65ddfe78221d172a1061100c3a7a1
173,57.11,0.056894761727646646,0x0c9d3359a64db9a5dcd30c61d7946f1f14af98b2,2017-10-18T14:27:48.000Z,0.0009962311631526292,0x9cfea500281ec966e5daeb9eb28ea4f8d5d193ad,buy,0x80963fb4bb2f3b2a6589f64f897bfb492afed944,0x1971034725f5f1118c780d81c8e2c6860e444d019d28182dd068b181051597e3
174,300,0.2988306318,0x0c9d3359a64db9a5dcd30c61d7946f1f14af98b2,2017-10-18T14:26:55.000Z,0.000996102106,0x9cfea500281ec966e5daeb9eb28ea4f8d5d193ad,buy,0x80963fb4bb2f3b2a6589f64f897bfb492afed944,0x1856938ee67c38b5b118f38b14e9ca8982c424b854ded47d7d2cb4c67d2ef4f5
175,150,0.168159,0x8dd353cef8ab39d4350303784a418fb11ef2b650,2017-10-18T14:13:58.000Z,0.00112106,0x0c9d3359a64db9a5dcd30c61d7946f1f14af98b2,buy,0x80963fb4bb2f3b2a6589f64f897bfb492afed944,0x632aa9a2f85f5665951422780036d5ba8ac85108447814d3baed8f17f9c67945
176,170,0.18735802,0x8dd353cef8ab39d4350303784a418fb11ef2b650,2017-10-18T14:11:45.000Z,0.001102106,0x0c9d3359a64db9a5dcd30c61d7946f1f14af98b2,buy,0x80963fb4bb2f3b2a6589f64f897bfb492afed944,0x39f8185cc631c79bc991f5c0d3fe7393ff81dfbbbb9938bdca3ba5b063163ee9
177,134,0.11926,0x8dd353cef8ab39d4350303784a418fb11ef2b650,2017-10-18T14:06:25.000Z,0.00089,0x9cfea500281ec966e5daeb9eb28ea4f8d5d193ad,buy,0x80963fb4bb2f3b2a6589f64f897bfb492afed944,0xf522599e4c52f52d4c22d823b40d754230d7a74aed2e108513c93f19650a5eff
178,98,0.08722,0x1d5321e125f6c7079a716705541c7b371ca79e69,2017-10-18T14:03:45.000Z,0.00089,0x9cfea500281ec966e5daeb9eb28ea4f8d5d193ad,buy,0x80963fb4bb2f3b2a6589f64f897bfb492afed944,0xc29b009f441d1fdd38abcd0d25da2830b4b540373fec7b24bf883d12fc774b7e
179,97.7,0.095746,0x9cfea500281ec966e5daeb9eb28ea4f8d5d193ad,2017-10-18T14:03:45.000Z,0.00098,0x1d5321e125f6c7079a716705541c7b371ca79e69,sell,0x80963fb4bb2f3b2a6589f64f897bfb492afed944,0xc29b009f441d1fdd38abcd0d25da2830b4b540373fec7b24bf883d12fc774b7e
180,145.7,0.154442,0x9cfea500281ec966e5daeb9eb28ea4f8d5d193ad,2017-10-18T14:01:41.000Z,0.00106,0x8dd353cef8ab39d4350303784a418fb11ef2b650,buy,0x80963fb4bb2f3b2a6589f64f897bfb492afed944,0xcfed472bff9d9f80dc7e9ead552183d82ba809ac2f2e361dcd58c38de4d507a7
181,207,0.228942,0x9cfea500281ec966e5daeb9eb28ea4f8d5d193ad,2017-10-18T14:00:19.000Z,0.001106,0x8dd353cef8ab39d4350303784a418fb11ef2b650,buy,0x80963fb4bb2f3b2a6589f64f897bfb492afed944,0x2ea61a1338119854de383aa0a69da366c0ffafc8ada2cdfc719cae9720d1c38d
182,113,0.10057,0x0c9d3359a64db9a5dcd30c61d7946f1f14af98b2,2017-10-18T13:56:20.000Z,0.00089,0x9cfea500281ec966e5daeb9eb28ea4f8d5d193ad,buy,0x80963fb4bb2f3b2a6589f64f897bfb492afed944,0xd5eb13151f7a9e9d1ce15b4d99ed8c77799555cc44e70103bcb192e04c170744
183,200,0.178,0x0c9d3359a64db9a5dcd30c61d7946f1f14af98b2,2017-10-18T13:55:12.000Z,0.00089,0x9cfea500281ec966e5daeb9eb28ea4f8d5d193ad,buy,0x80963fb4bb2f3b2a6589f64f897bfb492afed944,0xe0485df825b4d5ded68c4cd001014d95494102ae6e001a63f537d166a7d40f2c
184,102,0.09996,0x9cfea500281ec966e5daeb9eb28ea4f8d5d193ad,2017-10-18T13:53:28.000Z,0.00098,0x8dd353cef8ab39d4350303784a418fb11ef2b650,sell,0x80963fb4bb2f3b2a6589f64f897bfb492afed944,0x95219a43ce049fce8324d5e85b65b73b15eade01165bd1139c9d77d7712d2d9c
185,205,0.18245,0x8dd353cef8ab39d4350303784a418fb11ef2b650,2017-10-18T13:52:26.000Z,0.00089,0x9cfea500281ec966e5daeb9eb28ea4f8d5d193ad,buy,0x80963fb4bb2f3b2a6589f64f897bfb492afed944,0x429e8fe04d9a445829ce8acae57041788f19a58114f6d7f23b0fc5aadf96b1dc
186,150,0.1335,0x8dd353cef8ab39d4350303784a418fb11ef2b650,2017-10-18T13:51:07.000Z,0.00089,0x9cfea500281ec966e5daeb9eb28ea4f8d5d193ad,buy,0x80963fb4bb2f3b2a6589f64f897bfb492afed944,0x7542014be2b55be9e6f2c3e9e96722c9c9265dbf6b45ea8b2cf2cbc5e37a638e
187,100,0.089,0x8dd353cef8ab39d4350303784a418fb11ef2b650,2017-10-18T13:50:17.000Z,0.00089,0x9cfea500281ec966e5daeb9eb28ea4f8d5d193ad,buy,0x80963fb4bb2f3b2a6589f64f897bfb492afed944,0x4cde1b232d54f2aee1a1db0c9ae67350e23855d5d1c04f8c7152dba99f4209fb
188,148,0.14948,0xa16b6f443357f2305b76cc338e4c035548c6311d,2017-10-18T13:41:37.000Z,0.00101,0x9cfea500281ec966e5daeb9eb28ea4f8d5d193ad,buy,0x80963fb4bb2f3b2a6589f64f897bfb492afed944,0x53a8be8b40f040dbc0a0a0de70a5a1fbde3cda980ae3193f921dc119ff7c12fc
189,218.9,0.23887038855979986,0xa16b6f443357f2305b76cc338e4c035548c6311d,2017-10-18T13:39:41.000Z,0.0010912306466870712,0x0c9d3359a64db9a5dcd30c61d7946f1f14af98b2,buy,0x80963fb4bb2f3b2a6589f64f897bfb492afed944,0xa39592dc4aa305eba689cb01b6cd72168d62eea374089e2458f49a4126f69dd5
190,213.22,0.232644342,0xa16b6f443357f2305b76cc338e4c035548c6311d,2017-10-18T13:38:49.000Z,0.0010911,0x8dd353cef8ab39d4350303784a418fb11ef2b650,buy,0x80963fb4bb2f3b2a6589f64f897bfb492afed944,0xfdd06299b6ac0cfefe2debbafe958642ee76cc70cd5d20785e2834fc26c0e971
191,500,0.5105,0xa16b6f443357f2305b76cc338e4c035548c6311d,2017-10-18T13:37:30.000Z,0.001021,0x9cfea500281ec966e5daeb9eb28ea4f8d5d193ad,buy,0x80963fb4bb2f3b2a6589f64f897bfb492afed944,0x874bf1bea3050f3bd451b446d6a446389b1dddd4eaae801491031888d4215eeb
192,100,0.110002,0xa16b6f443357f2305b76cc338e4c035548c6311d,2017-10-18T13:33:19.000Z,0.00110002,0x8dd353cef8ab39d4350303784a418fb11ef2b650,buy,0x80963fb4bb2f3b2a6589f64f897bfb492afed944,0x6651a6734aa0b52023f9733c0935c6ffa3d8553cf12b310058582edff8ff4d99
193,352,0.3856512,0xa16b6f443357f2305b76cc338e4c035548c6311d,2017-10-18T13:33:19.000Z,0.0010956,0x9cfea500281ec966e5daeb9eb28ea4f8d5d193ad,buy,0x80963fb4bb2f3b2a6589f64f897bfb492afed944,0xfb7194823f32b7775899c42eaded671492094d9c7ced71565ab9f151c8906363
194,160,0.176336,0xa16b6f443357f2305b76cc338e4c035548c6311d,2017-10-18T13:30:45.000Z,0.0011021,0x9cfea500281ec966e5daeb9eb28ea4f8d5d193ad,buy,0x80963fb4bb2f3b2a6589f64f897bfb492afed944,0x0a6ab45faa4f147d90626b20ca57799d993927b54a9fcd9c2de555e9d71bf73c
195,0.09,0.000102630484000135,0x9cfea500281ec966e5daeb9eb28ea4f8d5d193ad,2017-10-18T13:00:28.000Z,0.0011403387111126111,0x0c9d3359a64db9a5dcd30c61d7946f1f14af98b2,buy,0x80963fb4bb2f3b2a6589f64f897bfb492afed944,0xf7db78f208282182c5a89d096fce912c009f9286ea8b8503c97a53e3b6ffc28b
196,1029.48,1.0294863850053528,0x9cfea500281ec966e5daeb9eb28ea4f8d5d193ad,2017-10-18T12:59:55.000Z,0.0010000062021655134,0xa16b6f443357f2305b76cc338e4c035548c6311d,buy,0x80963fb4bb2f3b2a6589f64f897bfb492afed944,0x88b52b19f9b58ef8c29a18b3e62260a9136ca6044a8cf91211b1167bd33e419b
197,200,0.224020004,0x8dd353cef8ab39d4350303784a418fb11ef2b650,2017-10-18T12:16:56.000Z,0.00112010002,0x9cfea500281ec966e5daeb9eb28ea4f8d5d193ad,buy,0x80963fb4bb2f3b2a6589f64f897bfb492afed944,0x55a64adba4f868026012a1e4ef95698079cd0d1aa2669ee268aaefebd8cdcfa9
198,85.85,0.08688794483431889,0x8dd353cef8ab39d4350303784a418fb11ef2b650,2017-10-18T12:16:46.000Z,0.0010120902135622469,0x9cfea500281ec966e5daeb9eb28ea4f8d5d193ad,buy,0x80963fb4bb2f3b2a6589f64f897bfb492afed944,0x6a0690ee0b4328772795cf612150ae57de01afe785c8e4ffadaa10532e9a812a
199,100,0.10912010002,0xa16b6f443357f2305b76cc338e4c035548c6311d,2017-10-18T12:16:46.000Z,0.0010912010002,0x8dd353cef8ab39d4350303784a418fb11ef2b650,buy,0x80963fb4bb2f3b2a6589f64f897bfb492afed944,0x7022a270131ec6b9a45e3152432e654362e7154898e3ec902c934ff77d9fa07e
200,219,0.2389730190438,0xa16b6f443357f2305b76cc338e4c035548c6311d,2017-10-18T12:16:12.000Z,0.0010912010002,0x9cfea500281ec966e5daeb9eb28ea4f8d5d193ad,buy,0x80963fb4bb2f3b2a6589f64f897bfb492afed944,0x52b3221f51860fefd4711dd45ccd82a3acf56237b68b8e3efa4a3e724dee747f
201,150,0.168,0xa16b6f443357f2305b76cc338e4c035548c6311d,2017-10-18T12:15:43.000Z,0.00112,0x8dd353cef8ab39d4350303784a418fb11ef2b650,buy,0x80963fb4bb2f3b2a6589f64f897bfb492afed944,0x893319cf653aef462e8cd1b4edf485ff590d01994795d472bc2a6e79b082a814
202,200,0.24020004,0xa16b6f443357f2305b76cc338e4c035548c6311d,2017-10-18T12:15:20.000Z,0.0012010002,0x9cfea500281ec966e5daeb9eb28ea4f8d5d193ad,buy,0x80963fb4bb2f3b2a6589f64f897bfb492afed944,0x10f459371c6ff9a01f8e90f790fea551b250c5a888b9966f6f72f54d0ea95e60
203,100,0.1210002,0xa16b6f443357f2305b76cc338e4c035548c6311d,2017-10-18T12:14:41.000Z,0.001210002,0x8dd353cef8ab39d4350303784a418fb11ef2b650,buy,0x80963fb4bb2f3b2a6589f64f897bfb492afed944,0x2ab9e7d73f8509726961462dd793f309e7c23ef95153c1d8d738a9b79880de84
204,100,0.1210002,0xa16b6f443357f2305b76cc338e4c035548c6311d,2017-10-18T12:14:24.000Z,0.001210002,0x9cfea500281ec966e5daeb9eb28ea4f8d5d193ad,buy,0x80963fb4bb2f3b2a6589f64f897bfb492afed944,0xc2215839d5f4849b6ee12480c3df946c35c80385652eecd677a941e2cfb2b00b
205,120.14,0.1215861155776811,0x8dd353cef8ab39d4350303784a418fb11ef2b650,2017-10-18T12:14:20.000Z,0.001012036920073923,0x9cfea500281ec966e5daeb9eb28ea4f8d5d193ad,buy,0x80963fb4bb2f3b2a6589f64f897bfb492afed944,0x00169978a466e419e4206b7dcd8ef35283738a179384399e6782cc5a9cc9dd12
206,0.57,0.00062773986,0x9cfea500281ec966e5daeb9eb28ea4f8d5d193ad,2017-10-18T11:48:22.000Z,0.001101298,0x8dd353cef8ab39d4350303784a418fb11ef2b650,sell,0x80963fb4bb2f3b2a6589f64f897bfb492afed944,0xa54cc7cfd08767800e135a0068a0b72b1129f0e75b0b88e4bc95330a5b285c7e
207,31.39,0.03139,0x1d5321e125f6c7079a716705541c7b371ca79e69,2017-10-18T11:43:53.000Z,0.001,0xa16b6f443357f2305b76cc338e4c035548c6311d,buy,0x80963fb4bb2f3b2a6589f64f897bfb492afed944,0xe9739666f6c737a4a462d003e695bb5f3d916c7dfcb6e18f54bd0669a7ec776a
208,31.29,0.03748542,0x8dd353cef8ab39d4350303784a418fb11ef2b650,2017-10-18T11:43:53.000Z,0.001198,0x1d5321e125f6c7079a716705541c7b371ca79e69,sell,0x80963fb4bb2f3b2a6589f64f897bfb492afed944,0xe9739666f6c737a4a462d003e695bb5f3d916c7dfcb6e18f54bd0669a7ec776a
209,159.52,0.19110496,0x8dd353cef8ab39d4350303784a418fb11ef2b650,2017-10-18T11:42:24.000Z,0.001198,0x1d5321e125f6c7079a716705541c7b371ca79e69,sell,0x80963fb4bb2f3b2a6589f64f897bfb492afed944,0x0003c95760b671456f8d48f3616b4d4adb66c74a45720f5f2e3edfff4fe2ef58
210,160,0.16,0x1d5321e125f6c7079a716705541c7b371ca79e69,2017-10-18T11:42:24.000Z,0.001,0xa16b6f443357f2305b76cc338e4c035548c6311d,buy,0x80963fb4bb2f3b2a6589f64f897bfb492afed944,0x0003c95760b671456f8d48f3616b4d4adb66c74a45720f5f2e3edfff4fe2ef58
211,220,0.2228556,0x9cfea500281ec966e5daeb9eb28ea4f8d5d193ad,2017-10-18T11:40:08.000Z,0.00101298,0x8dd353cef8ab39d4350303784a418fb11ef2b650,sell,0x80963fb4bb2f3b2a6589f64f897bfb492afed944,0xd1923bf86f61856ffe91db6bc9425cb7d0ba955cfe63d092f24fe764ff327748
212,189.37,0.18937,0x1d5321e125f6c7079a716705541c7b371ca79e69,2017-10-18T11:40:08.000Z,0.001,0xa16b6f443357f2305b76cc338e4c035548c6311d,buy,0x80963fb4bb2f3b2a6589f64f897bfb492afed944,0x5760f70eb3d1be865255499683be773feeb375a3a0ee6683d502ada5784369de
213,188.8,0.2079250624,0x9cfea500281ec966e5daeb9eb28ea4f8d5d193ad,2017-10-18T11:40:08.000Z,0.001101298,0x1d5321e125f6c7079a716705541c7b371ca79e69,sell,0x80963fb4bb2f3b2a6589f64f897bfb492afed944,0x5760f70eb3d1be865255499683be773feeb375a3a0ee6683d502ada5784369de
214,0.75,0.00084735,0x9cfea500281ec966e5daeb9eb28ea4f8d5d193ad,2017-10-18T11:38:40.000Z,0.0011298,0x8dd353cef8ab39d4350303784a418fb11ef2b650,sell,0x80963fb4bb2f3b2a6589f64f897bfb492afed944,0x0d0bf916f75621b3117fc5827ca54395fe8268a26b5d99b34eee9466c69902ea
215,0.88,0.00105424,0x9cfea500281ec966e5daeb9eb28ea4f8d5d193ad,2017-10-18T11:38:40.000Z,0.001198,0x8dd353cef8ab39d4350303784a418fb11ef2b650,sell,0x80963fb4bb2f3b2a6589f64f897bfb492afed944,0x555fea07ed2e95b538a447fb988de2beab1ed3356f323c77f5ff7ba8b6e3a9cd
216,0.88,0.00105424,0x9cfea500281ec966e5daeb9eb28ea4f8d5d193ad,2017-10-18T11:38:28.000Z,0.001198,0x8dd353cef8ab39d4350303784a418fb11ef2b650,sell,0x80963fb4bb2f3b2a6589f64f897bfb492afed944,0x555fea07ed2e95b538a447fb988de2beab1ed3356f323c77f5ff7ba8b6e3a9cd
217,249.25,0.28160265,0x9cfea500281ec966e5daeb9eb28ea4f8d5d193ad,2017-10-18T11:38:05.000Z,0.0011298,0x1d5321e125f6c7079a716705541c7b371ca79e69,sell,0x80963fb4bb2f3b2a6589f64f897bfb492afed944,0x0f6e7952b18f28a1143c0ab2b39804324ae4a1e36250866baadcf89808b1a9f2
218,250,0.25,0x1d5321e125f6c7079a716705541c7b371ca79e69,2017-10-18T11:38:05.000Z,0.001,0xa16b6f443357f2305b76cc338e4c035548c6311d,buy,0x80963fb4bb2f3b2a6589f64f897bfb492afed944,0x0f6e7952b18f28a1143c0ab2b39804324ae4a1e36250866baadcf89808b1a9f2
219,129,0.14448,0x1d5321e125f6c7079a716705541c7b371ca79e69,2017-10-18T11:32:08.000Z,0.00112,0x9cfea500281ec966e5daeb9eb28ea4f8d5d193ad,buy,0x80963fb4bb2f3b2a6589f64f897bfb492afed944,0x35d10d7c819c5528f52e1b1ff7c0903545297155a1667eb0bdbf4fc50e45d24a
220,128.61,0.15407478,0x8dd353cef8ab39d4350303784a418fb11ef2b650,2017-10-18T11:32:08.000Z,0.001198,0x1d5321e125f6c7079a716705541c7b371ca79e69,sell,0x80963fb4bb2f3b2a6589f64f897bfb492afed944,0x35d10d7c819c5528f52e1b1ff7c0903545297155a1667eb0bdbf4fc50e45d24a
221,292.12,0.34995976,0x9cfea500281ec966e5daeb9eb28ea4f8d5d193ad,2017-10-18T11:30:41.000Z,0.001198,0x1d5321e125f6c7079a716705541c7b371ca79e69,sell,0x80963fb4bb2f3b2a6589f64f897bfb492afed944,0x6b17d058eea546e72bfaac929c2c4b71379b6b9abc081e5d4f7c1fcdf81f2926
222,293,0.293,0x1d5321e125f6c7079a716705541c7b371ca79e69,2017-10-18T11:30:41.000Z,0.001,0xa16b6f443357f2305b76cc338e4c035548c6311d,buy,0x80963fb4bb2f3b2a6589f64f897bfb492afed944,0x6b17d058eea546e72bfaac929c2c4b71379b6b9abc081e5d4f7c1fcdf81f2926
223,120,0.15576,0x9cfea500281ec966e5daeb9eb28ea4f8d5d193ad,2017-10-18T11:19:47.000Z,0.001298,0x8dd353cef8ab39d4350303784a418fb11ef2b650,sell,0x80963fb4bb2f3b2a6589f64f897bfb492afed944,0x998f79fb5e165a00ef527e39616be368f8d5b6f347b66a752b2128babc97115a
224,100,0.09,0x0c9d3359a64db9a5dcd30c61d7946f1f14af98b2,2017-10-18T11:13:25.000Z,0.0009,0x9cfea500281ec966e5daeb9eb28ea4f8d5d193ad,sell,0x80963fb4bb2f3b2a6589f64f897bfb492afed944,0xd14293acb41c73ab09d62ab40928453e87173d79421adb39f618bba6b3090826
225,120,0.1176,0x8dd353cef8ab39d4350303784a418fb11ef2b650,2017-10-18T11:12:37.000Z,0.00098,0x9cfea500281ec966e5daeb9eb28ea4f8d5d193ad,sell,0x80963fb4bb2f3b2a6589f64f897bfb492afed944,0x20f2a6238a7fc5097820cdb8d67abe13405f4921a50037adee81901a87d94f95
226,100,0.099,0x8dd353cef8ab39d4350303784a418fb11ef2b650,2017-10-18T11:12:35.000Z,0.00099,0x9cfea500281ec966e5daeb9eb28ea4f8d5d193ad,sell,0x80963fb4bb2f3b2a6589f64f897bfb492afed944,0x1706d4436064e6b665327a907a7b4cf9c3e1b289f292d16cba24a6fab5a254db
227,61.03,0.061119164915481715,0x8dd353cef8ab39d4350303784a418fb11ef2b650,2017-10-18T11:09:05.000Z,0.0010014610014006508,0x9cfea500281ec966e5daeb9eb28ea4f8d5d193ad,buy,0x80963fb4bb2f3b2a6589f64f897bfb492afed944,0x27a720d1d54708c2335120c4bf130ca282b96d0f2654d28cfb6b97eb10e4b7cd
228,300,0.3120570939,0xa16b6f443357f2305b76cc338e4c035548c6311d,2017-10-18T11:02:04.000Z,0.001040190313,0x9cfea500281ec966e5daeb9eb28ea4f8d5d193ad,buy,0x80963fb4bb2f3b2a6589f64f897bfb492afed944,0x562354ade8f4028ae8f83d154ea2fb03f9ce0a9326cb468634c51d0630754b13
229,130,0.13169,0x9cfea500281ec966e5daeb9eb28ea4f8d5d193ad,2017-10-18T11:01:21.000Z,0.001013,0x0c9d3359a64db9a5dcd30c61d7946f1f14af98b2,sell,0x80963fb4bb2f3b2a6589f64f897bfb492afed944,0xf340a5842bb92d42cdfcd08799ff834e778b04ae379566a2bdfcecbdedf156ff
230,238.96,0.2393014060235183,0x0c9d3359a64db9a5dcd30c61d7946f1f14af98b2,2017-10-18T11:01:02.000Z,0.0010014287162015327,0x9cfea500281ec966e5daeb9eb28ea4f8d5d193ad,buy,0x80963fb4bb2f3b2a6589f64f897bfb492afed944,0xbe3d10a3c36fb52e703ea4d8a1174333450bd458d7996d09705b2bed36fcc6bb
231,50,0.0553,0x0c9d3359a64db9a5dcd30c61d7946f1f14af98b2,2017-10-18T11:00:21.000Z,0.001106,0x9cfea500281ec966e5daeb9eb28ea4f8d5d193ad,buy,0x80963fb4bb2f3b2a6589f64f897bfb492afed944,0xa8951f0bb70298f8abe6f4101494e3c1539d67054acd6866eb61a58c471ff16d
232,74.24,0.07656434976094897,0x0c9d3359a64db9a5dcd30c61d7946f1f14af98b2,2017-10-18T11:00:03.000Z,0.0010313085905300238,0x9cfea500281ec966e5daeb9eb28ea4f8d5d193ad,buy,0x80963fb4bb2f3b2a6589f64f897bfb492afed944,0x91a2d809c74b0ed3e3d9fa51ac3d9dbb15e63e1b8683868213214168b9b976ce
233,122.9,0.1597872293894677,0xa16b6f443357f2305b76cc338e4c035548c6311d,2017-10-18T10:59:26.000Z,0.001300140190313,0x8dd353cef8ab39d4350303784a418fb11ef2b650,buy,0x80963fb4bb2f3b2a6589f64f897bfb492afed944,0x4c3b02f8f1c76afe8c8cc7926a9848f0d9a12eb4ab966226939e1bc77dc8af4d
234,140.07,0.156897727844,0xa16b6f443357f2305b76cc338e4c035548c6311d,2017-10-18T10:58:39.000Z,0.001120137987035054,0x9cfea500281ec966e5daeb9eb28ea4f8d5d193ad,buy,0x80963fb4bb2f3b2a6589f64f897bfb492afed944,0xad62d592f6bb4a7a6dd28192bf15eef1a87e585f410bf6c0bc6d208133568f86
235,100,0.110300140190313,0x0c9d3359a64db9a5dcd30c61d7946f1f14af98b2,2017-10-18T10:57:29.000Z,0.00110300140190313,0x8dd353cef8ab39d4350303784a418fb11ef2b650,buy,0x80963fb4bb2f3b2a6589f64f897bfb492afed944,0x03cc59a3dbd4c1a0c9171f757144f703c9a0d737286f8715180afcbf3fd164fb
236,119.03,0.1312915912035878,0x9cfea500281ec966e5daeb9eb28ea4f8d5d193ad,2017-10-18T10:56:12.000Z,0.0011030126119767102,0x8dd353cef8ab39d4350303784a418fb11ef2b650,buy,0x80963fb4bb2f3b2a6589f64f897bfb492afed944,0x26102614adf5c17084383b57025664b51d65fb5001913c2b5236d6d907ab1878
237,100,0.1,0x9cfea500281ec966e5daeb9eb28ea4f8d5d193ad,2017-10-18T10:55:16.000Z,0.001,0xa16b6f443357f2305b76cc338e4c035548c6311d,buy,0x80963fb4bb2f3b2a6589f64f897bfb492afed944,0xde1dcfdac31344b0b66f12abf0ad2e99608d003ead8f5238e6a8e61c241a1979
238,60.92,0.06824302831572783,0x8dd353cef8ab39d4350303784a418fb11ef2b650,2017-10-18T10:40:46.000Z,0.0011202072934295441,0x9cfea500281ec966e5daeb9eb28ea4f8d5d193ad,buy,0x80963fb4bb2f3b2a6589f64f897bfb492afed944,0x5e8a02a46ad9119999068ce9e85120f0297e113f58e3d496e48d4d58003498e9
239,281,0.449639393477953,0x8dd353cef8ab39d4350303784a418fb11ef2b650,2017-10-18T10:39:34.000Z,0.001600140190313,0x0c9d3359a64db9a5dcd30c61d7946f1f14af98b2,buy,0x80963fb4bb2f3b2a6589f64f897bfb492afed944,0xc38c361bab21c9dfa0ab540e66184a1857ed95fd028bbd08425008d2c337623e
240,0.73,0.00073949,0x9cfea500281ec966e5daeb9eb28ea4f8d5d193ad,2017-10-18T10:37:49.000Z,0.001013,0x8dd353cef8ab39d4350303784a418fb11ef2b650,sell,0x80963fb4bb2f3b2a6589f64f897bfb492afed944,0xeea4c5e7907d50ee30d9c04acdeadfb6053b5d824b91f754f5cfe9fc663ef357
241,280.15,0.2854826377263,0x0c9d3359a64db9a5dcd30c61d7946f1f14af98b2,2017-10-18T10:26:24.000Z,0.0010190349374488666,0x8dd353cef8ab39d4350303784a418fb11ef2b650,buy,0x80963fb4bb2f3b2a6589f64f897bfb492afed944,0xb45ac04cab72ce73f186fac0ef01400f452c1a6ad7d517dda8b1ab72962b4e67
242,228,0.31963391364,0x9cfea500281ec966e5daeb9eb28ea4f8d5d193ad,2017-10-18T10:22:23.000Z,0.00140190313,0x0c9d3359a64db9a5dcd30c61d7946f1f14af98b2,buy,0x80963fb4bb2f3b2a6589f64f897bfb492afed944,0xb1b6a97d600e0d5ddc69b21f593672e9ce3898ead18d21082ecc185a8e1fa1f9
243,0.02,0.000023248328440375,0x0c9d3359a64db9a5dcd30c61d7946f1f14af98b2,2017-10-18T10:20:38.000Z,0.00116241642201875,0x9cfea500281ec966e5daeb9eb28ea4f8d5d193ad,buy,0x80963fb4bb2f3b2a6589f64f897bfb492afed944,0x7981907badb7258f958f331a220316320fd832055c73b49d2958a24984da7fb4
244,228.84,0.2332039825854024,0x0c9d3359a64db9a5dcd30c61d7946f1f14af98b2,2017-10-18T10:18:41.000Z,0.001019070016541699,0x8dd353cef8ab39d4350303784a418fb11ef2b650,buy,0x80963fb4bb2f3b2a6589f64f897bfb492afed944,0x2a35fd8be02bad35084862ea2ba8c416358f1e61f1d19f6270d8b283da89d31f
245,162.73,0.16783050191061066,0x8dd353cef8ab39d4350303784a418fb11ef2b650,2017-10-18T10:16:16.000Z,0.0010313433411823921,0x9cfea500281ec966e5daeb9eb28ea4f8d5d193ad,buy,0x80963fb4bb2f3b2a6589f64f897bfb492afed944,0xce49979a05f820b88e2d9cbe067057ccb63fae4699129ff730299b69bb95cd9b
246,28.5,0.03448690233622416,0x8dd353cef8ab39d4350303784a418fb11ef2b650,2017-10-18T10:13:27.000Z,0.0012100667486394441,0x9cfea500281ec966e5daeb9eb28ea4f8d5d193ad,buy,0x80963fb4bb2f3b2a6589f64f897bfb492afed944,0xd3254fa78bcce368864f2f4890dcf47035debd8f376c111f8d28ee910fc3888c
247,201,0.2031306,0x8dd353cef8ab39d4350303784a418fb11ef2b650,2017-10-18T10:12:58.000Z,0.0010106,0x9cfea500281ec966e5daeb9eb28ea4f8d5d193ad,buy,0x80963fb4bb2f3b2a6589f64f897bfb492afed944,0xa0db9236e5d8849f9f7869d66b92094694d802eb1f85e8cb6f486d40dbb4fcd9
248,200,0.226,0x9cfea500281ec966e5daeb9eb28ea4f8d5d193ad,2017-10-18T10:10:26.000Z,0.00113,0x8dd353cef8ab39d4350303784a418fb11ef2b650,buy,0x80963fb4bb2f3b2a6589f64f897bfb492afed944,0x9b1461046b3df1027952444a3741db2ad06b8b68068a05bc2d7a9b00ef01d30a
249,120,0.159492,0x9cfea500281ec966e5daeb9eb28ea4f8d5d193ad,2017-10-18T10:09:53.000Z,0.0013291,0x8dd353cef8ab39d4350303784a418fb11ef2b650,buy,0x80963fb4bb2f3b2a6589f64f897bfb492afed944,0xc120353d687f4d349c3237b164b30bc45971cb4d95758c3ce7bae3bfdee0ad2d
250,150,0.1659,0x8dd353cef8ab39d4350303784a418fb11ef2b650,2017-10-18T09:55:40.000Z,0.001106,0x9cfea500281ec966e5daeb9eb28ea4f8d5d193ad,buy,0x80963fb4bb2f3b2a6589f64f897bfb492afed944,0x5f933e69501b58167b8562d1d864f9ae99dcf1ac968d14b02aa19c63b7bef565
251,50.46,0.06625398,0x9cfea500281ec966e5daeb9eb28ea4f8d5d193ad,2017-10-18T09:53:45.000Z,0.001313,0x8dd353cef8ab39d4350303784a418fb11ef2b650,sell,0x80963fb4bb2f3b2a6589f64f897bfb492afed944,0x934aaae86e8b2e271267ee0811869e922cd1a22d38d806dab7b5f5e6c355935b
252,100,0.1213,0x9cfea500281ec966e5daeb9eb28ea4f8d5d193ad,2017-10-18T09:52:39.000Z,0.001213,0x8dd353cef8ab39d4350303784a418fb11ef2b650,sell,0x80963fb4bb2f3b2a6589f64f897bfb492afed944,0xe19c1d42ddae8bd3a6ff86331c3bc5c784b79003cec905c85dc93db9a5d06acf
253,149.54,0.19634602,0x9cfea500281ec966e5daeb9eb28ea4f8d5d193ad,2017-10-18T09:51:08.000Z,0.001313,0x0c9d3359a64db9a5dcd30c61d7946f1f14af98b2,sell,0x80963fb4bb2f3b2a6589f64f897bfb492afed944,0xfa47f20a548328d975163100d1286722b1d64beab7bc27bbe9a7582bac65202d
254,150,0.159,0x0c9d3359a64db9a5dcd30c61d7946f1f14af98b2,2017-10-18T09:50:22.000Z,0.00106,0x9cfea500281ec966e5daeb9eb28ea4f8d5d193ad,buy,0x80963fb4bb2f3b2a6589f64f897bfb492afed944,0xe502228b14f8bef1dd370949762c3f1d00a2afc95c5df5792f83c94daaaa789c
255,271.49,0.32851309766377584,0x8dd353cef8ab39d4350303784a418fb11ef2b650,2017-10-18T09:43:00.000Z,0.0012100375618393894,0x9cfea500281ec966e5daeb9eb28ea4f8d5d193ad,buy,0x80963fb4bb2f3b2a6589f64f897bfb492afed944,0x347de7fe2399b9b64fa8b07bef26cdee9bb1251a729601c3837cd413c45c3e43
256,60,0.072793014,0x8dd353cef8ab39d4350303784a418fb11ef2b650,2017-10-18T09:41:26.000Z,0.0012132169,0x9cfea500281ec966e5daeb9eb28ea4f8d5d193ad,buy,0x80963fb4bb2f3b2a6589f64f897bfb492afed944,0x69458c1d1cb723983905090b42ef3acc1b143cd2be8d430fa73efb6aa29065b1
257,60,0.072078,0x8dd353cef8ab39d4350303784a418fb11ef2b650,2017-10-18T09:40:51.000Z,0.0012013,0x9cfea500281ec966e5daeb9eb28ea4f8d5d193ad,buy,0x80963fb4bb2f3b2a6589f64f897bfb492afed944,0xc27a78b153f5ff97f3118fb40f2238dbecefece062fcedff6fd05c47071c2cf5
258,46.88,0.0515757,0x8dd353cef8ab39d4350303784a418fb11ef2b650,2017-10-18T09:40:51.000Z,0.0011001642491467577,0x9cfea500281ec966e5daeb9eb28ea4f8d5d193ad,buy,0x80963fb4bb2f3b2a6589f64f897bfb492afed944,0x21336fc72976d65879a013bc4cfde7e5ad16c995a6a9bf9b8fe27c53e0b4a21c
259,76.71,0.07671,0x1d5321e125f6c7079a716705541c7b371ca79e69,2017-10-18T09:37:59.000Z,0.001,0xa16b6f443357f2305b76cc338e4c035548c6311d,buy,0x80963fb4bb2f3b2a6589f64f897bfb492afed944,0xe4760e36db2261ed01801f2819c06ddcb0c235be7bf8f09b1f4b72de8abe0e47
260,76.48,0.1009536,0x9cfea500281ec966e5daeb9eb28ea4f8d5d193ad,2017-10-18T09:37:59.000Z,0.00132,0x1d5321e125f6c7079a716705541c7b371ca79e69,sell,0x80963fb4bb2f3b2a6589f64f897bfb492afed944,0xe4760e36db2261ed01801f2819c06ddcb0c235be7bf8f09b1f4b72de8abe0e47
261,254.85,0.3649452,0x9cfea500281ec966e5daeb9eb28ea4f8d5d193ad,2017-10-18T09:31:58.000Z,0.001432,0x8dd353cef8ab39d4350303784a418fb11ef2b650,sell,0x80963fb4bb2f3b2a6589f64f897bfb492afed944,0x080046d515f75b047a0464fd78a9e37f684407e5b0c867053b378317fadd28de
262,50.57,0.0470361684,0x9cfea500281ec966e5daeb9eb28ea4f8d5d193ad,2017-10-18T09:25:05.000Z,0.00093012,0x0c9d3359a64db9a5dcd30c61d7946f1f14af98b2,sell,0x80963fb4bb2f3b2a6589f64f897bfb492afed944,0xd93292f8c44cba15ce03106be0373a325f6f6182380444839889d906ad8b2f0b
263,50,0.05660845,0x0c9d3359a64db9a5dcd30c61d7946f1f14af98b2,2017-10-18T09:24:28.000Z,0.001132169,0x9cfea500281ec966e5daeb9eb28ea4f8d5d193ad,buy,0x80963fb4bb2f3b2a6589f64f897bfb492afed944,0xc03f6cd36a568be8fa7bab1827d88e8ad4901d2f5f948a8d3a9c12b182b53629
264,159.62,0.1596241774990964,0xd173dfe71523a8e6b11327e8a553d5052c462953,2017-10-18T09:23:17.000Z,0.0010000261715267284,0xa16b6f443357f2305b76cc338e4c035548c6311d,buy,0x80963fb4bb2f3b2a6589f64f897bfb492afed944,0xe737da8d43db481a079f6286dc1491567602b309fcdd6e01a13174f1e4f14a1b
265,160,0.1601066576,0x9cfea500281ec966e5daeb9eb28ea4f8d5d193ad,2017-10-18T09:22:10.000Z,0.00100066661,0xd173dfe71523a8e6b11327e8a553d5052c462953,sell,0x80963fb4bb2f3b2a6589f64f897bfb492afed944,0xb42db93d09251b657c588903231b4a4cb19e4ec1121a5a1e821a4f83d406c09f
266,160,0.1616,0x9cfea500281ec966e5daeb9eb28ea4f8d5d193ad,2017-10-18T09:17:03.000Z,0.00101,0x8dd353cef8ab39d4350303784a418fb11ef2b650,sell,0x80963fb4bb2f3b2a6589f64f897bfb492afed944,0x36c34283bbb340d82036f184633d97a26238afab86b02ddd539d5a04e51ee436
267,203.11,0.22342408533546007,0x8dd353cef8ab39d4350303784a418fb11ef2b650,2017-10-18T09:15:52.000Z,0.0011000151904655608,0x9cfea500281ec966e5daeb9eb28ea4f8d5d193ad,buy,0x80963fb4bb2f3b2a6589f64f897bfb492afed944,0x6d59d1932e86b98fb42f15f8ff24f51c3602f10d3331ddfd3ba514bbd6a026a3
268,188,0.2068,0x8dd353cef8ab39d4350303784a418fb11ef2b650,2017-10-18T09:12:17.000Z,0.0011,0x0c9d3359a64db9a5dcd30c61d7946f1f14af98b2,buy,0x80963fb4bb2f3b2a6589f64f897bfb492afed944,0xd90989ea7421ad5967ec3e2502565da2d98fbb51f654b9923986f391146d8c86
269,300,0.6,0xa16b6f443357f2305b76cc338e4c035548c6311d,2017-10-18T09:03:37.000Z,0.002,0x8dd353cef8ab39d4350303784a418fb11ef2b650,buy,0x80963fb4bb2f3b2a6589f64f897bfb492afed944,0xe199532e21c89b4fdb62d0e4ad225fde29b34722f1b668971718643e88964caa
270,123.54,0.12354849343595148,0xd173dfe71523a8e6b11327e8a553d5052c462953,2017-10-18T09:00:57.000Z,0.0010000687504933745,0xa16b6f443357f2305b76cc338e4c035548c6311d,buy,0x80963fb4bb2f3b2a6589f64f897bfb492afed944,0x5ca70a31a1655544e306345fa5e00b6f9f9c8c22b1ef6c360153cc344a74a48d
271,55,0.047685,0x8dd353cef8ab39d4350303784a418fb11ef2b650,2017-10-18T08:59:54.000Z,0.000867,0x9cfea500281ec966e5daeb9eb28ea4f8d5d193ad,sell,0x80963fb4bb2f3b2a6589f64f897bfb492afed944,0x7b32b235f9e1b32c77d861205bf1ebad83e4b2a0c4a416e79a56f40ab9d46490
272,281.06,0.252954,0xa16b6f443357f2305b76cc338e4c035548c6311d,2017-10-18T08:59:54.000Z,0.0009,0x9cfea500281ec966e5daeb9eb28ea4f8d5d193ad,sell,0x80963fb4bb2f3b2a6589f64f897bfb492afed944,0x693e87a156fdcbddcafad49519fe816bae0a865c036ea8d1d530052c47798b87
273,112.15,0.12337247603115,0x9cfea500281ec966e5daeb9eb28ea4f8d5d193ad,2017-10-18T08:59:47.000Z,0.001100066661,0xd173dfe71523a8e6b11327e8a553d5052c462953,sell,0x80963fb4bb2f3b2a6589f64f897bfb492afed944,0x9c2b2068b94c1272011f9ddd51dd075e9134f37a6bf1a53e33ca53697890dcb0
274,175,0.175,0xd173dfe71523a8e6b11327e8a553d5052c462953,2017-10-18T08:58:38.000Z,0.001,0xa16b6f443357f2305b76cc338e4c035548c6311d,buy,0x80963fb4bb2f3b2a6589f64f897bfb492afed944,0xb456b5e6c60d03dd5d646b9124583f04d283a59c5a915a97eaace070db5b6e23
275,0.85,0.00093505666185,0x9cfea500281ec966e5daeb9eb28ea4f8d5d193ad,2017-10-18T08:58:16.000Z,0.001100066661,0xd173dfe71523a8e6b11327e8a553d5052c462953,sell,0x80963fb4bb2f3b2a6589f64f897bfb492afed944,0x45830a263ea5e9b0f86caef272539f287d88df6202a6c448083444fc6535c5da
276,80,0.08800533288,0x9cfea500281ec966e5daeb9eb28ea4f8d5d193ad,2017-10-18T08:57:05.000Z,0.001100066661,0xd173dfe71523a8e6b11327e8a553d5052c462953,sell,0x80963fb4bb2f3b2a6589f64f897bfb492afed944,0xb50b7219637773ad67534be3a76dd67d6fd7afd9eb1055c02ac5e763db186cb0
277,90,0.0871344,0x8dd353cef8ab39d4350303784a418fb11ef2b650,2017-10-18T08:53:28.000Z,0.00096816,0xd173dfe71523a8e6b11327e8a553d5052c462953,sell,0x80963fb4bb2f3b2a6589f64f897bfb492afed944,0xbfcc130494bf0c3aeb6d5f8864a153e905df7ecd063b1ebf1eebce9e51b35c86
278,29.17,0.03550307397069086,0xa16b6f443357f2305b76cc338e4c035548c6311d,2017-10-18T08:53:28.000Z,0.0012171091522348598,0x8dd353cef8ab39d4350303784a418fb11ef2b650,buy,0x80963fb4bb2f3b2a6589f64f897bfb492afed944,0xa348df6682fb464a0af433d8e68f3cfa11cc6b86ff43c6f6cf9e83b7e65a5642
279,0.01,0.000018814171333547,0x0c9d3359a64db9a5dcd30c61d7946f1f14af98b2,2017-10-18T08:52:42.000Z,0.0018814171333547,0xa16b6f443357f2305b76cc338e4c035548c6311d,buy,0x80963fb4bb2f3b2a6589f64f897bfb492afed944,0x5c41ce037606d2d43d4c8b65c2dbf14c3c4c3da1ae66833056e3e3f327ebf461
280,188.72,0.18872495264679492,0x0c9d3359a64db9a5dcd30c61d7946f1f14af98b2,2017-10-18T08:51:49.000Z,0.0010000262433594476,0xa16b6f443357f2305b76cc338e4c035548c6311d,buy,0x80963fb4bb2f3b2a6589f64f897bfb492afed944,0x5907867e7c3f650343605b2ec4cfb8c28304a206c88279b82f541efd25a0dea9
281,81,0.0726327,0x8dd353cef8ab39d4350303784a418fb11ef2b650,2017-10-18T08:50:37.000Z,0.0008967,0xa16b6f443357f2305b76cc338e4c035548c6311d,sell,0x80963fb4bb2f3b2a6589f64f897bfb492afed944,0xef66254e9711605053a9344e7e67d75dfcdeca825c0903b831c750078023463e
282,99,0.0773784,0x8dd353cef8ab39d4350303784a418fb11ef2b650,2017-10-18T08:50:37.000Z,0.0007816,0xa16b6f443357f2305b76cc338e4c035548c6311d,sell,0x80963fb4bb2f3b2a6589f64f897bfb492afed944,0x64438401073b84d5c58f7fac769c77b614aae6d72b780f80afeeb2315a9df3bf
283,75.82,0.09228192602930914,0xd173dfe71523a8e6b11327e8a553d5052c462953,2017-10-18T08:49:30.000Z,0.0012171185179281078,0x8dd353cef8ab39d4350303784a418fb11ef2b650,buy,0x80963fb4bb2f3b2a6589f64f897bfb492afed944,0x5761d79fb2455b865570db1173464a5f78530246e3b1e13611130e98dcefe33f
284,140,0.182,0xa16b6f443357f2305b76cc338e4c035548c6311d,2017-10-18T08:47:35.000Z,0.0013,0x0c9d3359a64db9a5dcd30c61d7946f1f14af98b2,buy,0x80963fb4bb2f3b2a6589f64f897bfb492afed944,0xf4c5a80e6c44fddf035d4ed98af22eeabb310dd0f31559ae4e0393ba5bfcedeb
285,105,0.092568,0x8dd353cef8ab39d4350303784a418fb11ef2b650,2017-10-18T08:34:24.000Z,0.0008816,0xd173dfe71523a8e6b11327e8a553d5052c462953,sell,0x80963fb4bb2f3b2a6589f64f897bfb492afed944,0x10d706580b6e20387cf1f52386768acb762912ebb54a57245a8ff537de285cc4
286,250,0.248253,0x9cfea500281ec966e5daeb9eb28ea4f8d5d193ad,2017-10-18T08:34:07.000Z,0.000993012,0xa16b6f443357f2305b76cc338e4c035548c6311d,sell,0x80963fb4bb2f3b2a6589f64f897bfb492afed944,0x466ae7b3b054133ef9dcd815fe5a8b670867d47834466151fe595b8257992c66
287,130,0.1755,0xa16b6f443357f2305b76cc338e4c035548c6311d,2017-10-18T08:33:52.000Z,0.00135,0x9cfea500281ec966e5daeb9eb28ea4f8d5d193ad,buy,0x80963fb4bb2f3b2a6589f64f897bfb492afed944,0x1de16c4949107e2282cfb5163a195cc582fe5988a61186d57f8db9c538262ec2
288,90,0.09288,0xa16b6f443357f2305b76cc338e4c035548c6311d,2017-10-18T08:33:52.000Z,0.001032,0x9cfea500281ec966e5daeb9eb28ea4f8d5d193ad,buy,0x80963fb4bb2f3b2a6589f64f897bfb492afed944,0x3b05c6a36c66e03ea2a700f924118a6df2e203c52c93ee9f0dea3d662410ffe5
289,18.94,0.017046,0xa16b6f443357f2305b76cc338e4c035548c6311d,2017-10-18T08:30:29.000Z,0.0009,0x8dd353cef8ab39d4350303784a418fb11ef2b650,sell,0x80963fb4bb2f3b2a6589f64f897bfb492afed944,0x04fe048f626c51dcb70e5d5eb7e7f7bdf706f27b916ddb157aac3fc5ee22fada
290,200,0.2638516,0x9cfea500281ec966e5daeb9eb28ea4f8d5d193ad,2017-10-18T08:28:47.000Z,0.001319258,0x8dd353cef8ab39d4350303784a418fb11ef2b650,buy,0x80963fb4bb2f3b2a6589f64f897bfb492afed944,0xb9243c50e86008a7ee7df1dfd7591f7c304aeee1b5b566e96eaee6d842b49ac7
291,316,0.3845404,0xa16b6f443357f2305b76cc338e4c035548c6311d,2017-10-18T08:20:31.000Z,0.0012169,0x9cfea500281ec966e5daeb9eb28ea4f8d5d193ad,buy,0x80963fb4bb2f3b2a6589f64f897bfb492afed944,0x1ba5e386f973d80cb90193ca64c76ecd7e591d9aa9436d620bdb57916f2bf7ff
292,50,0.05845,0xa16b6f443357f2305b76cc338e4c035548c6311d,2017-10-18T08:19:59.000Z,0.001169,0x9cfea500281ec966e5daeb9eb28ea4f8d5d193ad,buy,0x80963fb4bb2f3b2a6589f64f897bfb492afed944,0x0ffcfcf2be33c755e5f5177469baf0fa7b04dbcfa9d3e1b67179f286c8be82c6
293,500,0.45965,0x9cfea500281ec966e5daeb9eb28ea4f8d5d193ad,2017-10-18T08:19:14.000Z,0.0009193,0xa16b6f443357f2305b76cc338e4c035548c6311d,sell,0x80963fb4bb2f3b2a6589f64f897bfb492afed944,0xf37526c09cb5dcf59df0be1b8066ef2d1710716db092faf0c30e118f0d8d48e1
294,100,0.1,0x9cfea500281ec966e5daeb9eb28ea4f8d5d193ad,2017-10-18T08:18:47.000Z,0.001,0xa16b6f443357f2305b76cc338e4c035548c6311d,sell,0x80963fb4bb2f3b2a6589f64f897bfb492afed944,0xa8ce52ed703d5b045af57dc9f992e1522d8adcd789f5d3db717d50e313798c93
295,120,0.12144,0x9cfea500281ec966e5daeb9eb28ea4f8d5d193ad,2017-10-18T08:18:21.000Z,0.001012,0xa16b6f443357f2305b76cc338e4c035548c6311d,sell,0x80963fb4bb2f3b2a6589f64f897bfb492afed944,0x315e884861db38d13fb350dd7e21670697bd37e5bb5ef95dedab5c26269c952d
296,52.86,0.052865305054331575,0xd173dfe71523a8e6b11327e8a553d5052c462953,2017-10-18T08:16:53.000Z,0.0010001003604678694,0xa16b6f443357f2305b76cc338e4c035548c6311d,buy,0x80963fb4bb2f3b2a6589f64f897bfb492afed944,0x9d351615821ab25c43d6cf6fd4cc3b2cec03d6ffed89ce96837e256d6ba0d06c
297,100,0.1,0xd173dfe71523a8e6b11327e8a553d5052c462953,2017-10-18T08:11:02.000Z,0.001,0xa16b6f443357f2305b76cc338e4c035548c6311d,buy,0x80963fb4bb2f3b2a6589f64f897bfb492afed944,0x8ba305a4eaf4b5fbdef32eacfa85c2768e7b78e78ba51c21d861cb41c68e6ddb
298,47.7,0.080820495,0xa16b6f443357f2305b76cc338e4c035548c6311d,2017-10-18T08:10:11.000Z,0.00169435,0x9cfea500281ec966e5daeb9eb28ea4f8d5d193ad,buy,0x80963fb4bb2f3b2a6589f64f897bfb492afed944,0x431da38d84477796a8167933c9472cb1de44dbd14e2336660865ce96b067a7f4
299,50,0.0625,0xa16b6f443357f2305b76cc338e4c035548c6311d,2017-10-18T08:09:21.000Z,0.00125,0x9cfea500281ec966e5daeb9eb28ea4f8d5d193ad,buy,0x80963fb4bb2f3b2a6589f64f897bfb492afed944,0x45407669f6efc7c813dc666c338ce97d62defb314a39265b14b49fb7b94f8e8e
300,120,0.12,0x9cfea500281ec966e5daeb9eb28ea4f8d5d193ad,2017-10-18T08:08:54.000Z,0.001,0xa16b6f443357f2305b76cc338e4c035548c6311d,buy,0x80963fb4bb2f3b2a6589f64f897bfb492afed944,0x17bb29bf39ea367e2dc5c728d0314a8fb5432f9ce6a5bd2c81a60abf2b1b7327
301,110,0.158785,0xd173dfe71523a8e6b11327e8a553d5052c462953,2017-10-18T08:05:27.000Z,0.0014435,0x9cfea500281ec966e5daeb9eb28ea4f8d5d193ad,buy,0x80963fb4bb2f3b2a6589f64f897bfb492afed944,0xbe3a4613371376c100c1305d68973f882a3b13d080bc44da2cd34d5fabe9b488
302,100,0.1,0x9cfea500281ec966e5daeb9eb28ea4f8d5d193ad,2017-10-18T08:01:34.000Z,0.001,0xa16b6f443357f2305b76cc338e4c035548c6311d,buy,0x80963fb4bb2f3b2a6589f64f897bfb492afed944,0x4a146ed6f3be982d358bf89867165fab4db291c6b7629ccd1bffa5ff0cca2d7f
303,150,0.2241525,0xd173dfe71523a8e6b11327e8a553d5052c462953,2017-10-18T08:00:30.000Z,0.00149435,0x9cfea500281ec966e5daeb9eb28ea4f8d5d193ad,buy,0x80963fb4bb2f3b2a6589f64f897bfb492afed944,0xb9fe3e92d1d91d2383392fcbd4805122260c823c252d17575a2759a4ad67abae
304,90,0.2115,0xd173dfe71523a8e6b11327e8a553d5052c462953,2017-10-18T07:59:48.000Z,0.00235,0x9cfea500281ec966e5daeb9eb28ea4f8d5d193ad,buy,0x80963fb4bb2f3b2a6589f64f897bfb492afed944,0x077e987c7434beb3c97f09acd851f220b144fc3861868e80a783562f47e6e3a9
305,100,0.1,0xd173dfe71523a8e6b11327e8a553d5052c462953,2017-10-18T07:57:16.000Z,0.001,0xa16b6f443357f2305b76cc338e4c035548c6311d,buy,0x80963fb4bb2f3b2a6589f64f897bfb492afed944,0xf27a5560b6244f69d7d9a5d119d2280291c4dba3c174b6d8b0e9191e8436c4d9
306,14,0.0182,0xa16b6f443357f2305b76cc338e4c035548c6311d,2017-10-18T07:55:41.000Z,0.0013,0xebcf5026079dd9bc8cae4ceb0e3a1bc7a5f6b2b7,buy,0x80963fb4bb2f3b2a6589f64f897bfb492afed944,0xab6a8b5a1dc47b0f628213a0440372183550d8cb7e2f3c8a0bdb96c1e19be3a1
307,50,0.0475,0x9cfea500281ec966e5daeb9eb28ea4f8d5d193ad,2017-10-18T07:52:10.000Z,0.00095,0xa16b6f443357f2305b76cc338e4c035548c6311d,sell,0x80963fb4bb2f3b2a6589f64f897bfb492afed944,0xc1760f5404fb0251c2dba4eb3c4b996c4c7d54fd641f9587f831c14d658657b4
308,500,0.5,0x9cfea500281ec966e5daeb9eb28ea4f8d5d193ad,2017-10-18T07:50:58.000Z,0.001,0xa16b6f443357f2305b76cc338e4c035548c6311d,buy,0x80963fb4bb2f3b2a6589f64f897bfb492afed944,0xf4445c81b46ad0946c8993ca2db679d1a3455830320e784a6a30bc3d43ea2770
309,50,0.05,0xd173dfe71523a8e6b11327e8a553d5052c462953,2017-10-18T07:49:46.000Z,0.001,0xa16b6f443357f2305b76cc338e4c035548c6311d,buy,0x80963fb4bb2f3b2a6589f64f897bfb492afed944,0xc456961c9ead39e140dba58d8c47d94b43bf9034817420e11b99cabb91328787
310,79.76,0.07976250594545604,0xcfbaf6808ce9280a5940b99ef4a3a10f36ca7c6b,2017-10-18T07:35:01.000Z,0.0010000314185739222,0xa16b6f443357f2305b76cc338e4c035548c6311d,buy,0x80963fb4bb2f3b2a6589f64f897bfb492afed944,0x95cfcef82cdc0051b56a6481937a4441166f9bf8a7d72527e8c62463cfb0762c
311,98,0.098,0x9cfea500281ec966e5daeb9eb28ea4f8d5d193ad,2017-10-18T07:31:33.000Z,0.001,0xa16b6f443357f2305b76cc338e4c035548c6311d,buy,0x80963fb4bb2f3b2a6589f64f897bfb492afed944,0x9be78c64980120aeea55e782f40a8745d17f3d0e601f02df76e0f4177a2e7526
312,100,0.09,0xa16b6f443357f2305b76cc338e4c035548c6311d,2017-10-18T07:31:33.000Z,0.0009,0x9cfea500281ec966e5daeb9eb28ea4f8d5d193ad,sell,0x80963fb4bb2f3b2a6589f64f897bfb492afed944,0xb5da3710d9df9d011b7b3311164e71d6e22b3ba61d00df2d2bbc5a070d81508d
313,100,0.1,0x9cfea500281ec966e5daeb9eb28ea4f8d5d193ad,2017-10-18T07:29:26.000Z,0.001,0xa16b6f443357f2305b76cc338e4c035548c6311d,buy,0x80963fb4bb2f3b2a6589f64f897bfb492afed944,0xb74f2593c8c57ce41b620c73114b46e5469a716523822c509885cb9f50264108
314,10,0.012,0x0c9d3359a64db9a5dcd30c61d7946f1f14af98b2,2017-10-18T04:51:17.000Z,0.0012,0xa16b6f443357f2305b76cc338e4c035548c6311d,sell,0x80963fb4bb2f3b2a6589f64f897bfb492afed944,0xe82a0c44c1f5522596d09b2d105388515ea714f990420833e6565985f2cb0a5b
315,79,0.079,0x8dd353cef8ab39d4350303784a418fb11ef2b650,2017-10-17T13:36:54.000Z,0.001,0xa16b6f443357f2305b76cc338e4c035548c6311d,buy,0x80963fb4bb2f3b2a6589f64f897bfb492afed944,0x63803afe2cc9bf12c2b0b714486303ca1adb198c2be7ccbd6d57cd60fed792b7
316,50,0.05,0x8dd353cef8ab39d4350303784a418fb11ef2b650,2017-10-17T13:12:08.000Z,0.001,0xa16b6f443357f2305b76cc338e4c035548c6311d,buy,0x80963fb4bb2f3b2a6589f64f897bfb492afed944,0x5c5eb4c951ea48c59454ec00dbc79cdbe02a5bc66fa059320ce04c7e5d87914a
317,50,0.05,0x8dd353cef8ab39d4350303784a418fb11ef2b650,2017-10-17T13:09:40.000Z,0.001,0xa16b6f443357f2305b76cc338e4c035548c6311d,buy,0x80963fb4bb2f3b2a6589f64f897bfb492afed944,0xf62c772dc0c28764f861753f6c050597bd1182f705cefcce30f67d35652b5722
318,100,0.1,0x0c9d3359a64db9a5dcd30c61d7946f1f14af98b2,2017-10-17T09:21:53.000Z,0.001,0xa16b6f443357f2305b76cc338e4c035548c6311d,buy,0x80963fb4bb2f3b2a6589f64f897bfb492afed944,0x5c1465296d7c68f1dd4ef2530e9a65cd3c87dc483a0b34ad417f4462fb1a0be6
319,70,0.07,0x0c9d3359a64db9a5dcd30c61d7946f1f14af98b2,2017-10-17T08:35:15.000Z,0.001,0xa16b6f443357f2305b76cc338e4c035548c6311d,buy,0x80963fb4bb2f3b2a6589f64f897bfb492afed944,0x7c7140c2e699053204de18f64731b6e726a9b63463102379e1cee424966523d3
320,60,0.06,0x0c9d3359a64db9a5dcd30c61d7946f1f14af98b2,2017-10-17T08:33:17.000Z,0.001,0xa16b6f443357f2305b76cc338e4c035548c6311d,buy,0x80963fb4bb2f3b2a6589f64f897bfb492afed944,0xcdd227378b0c79536900e60312cecde28f155bce2a9981ff56a4ac96257bc265
321,70,0.07,0x8dd353cef8ab39d4350303784a418fb11ef2b650,2017-10-17T08:19:24.000Z,0.001,0xa16b6f443357f2305b76cc338e4c035548c6311d,buy,0x80963fb4bb2f3b2a6589f64f897bfb492afed944,0x37c0217b61d00300e0a50fa44a0a16df6efa472315e72a77b52a3e2e9b80cac0
322,100,0.1,0x9cfea500281ec966e5daeb9eb28ea4f8d5d193ad,2017-10-17T08:15:07.000Z,0.001,0xa16b6f443357f2305b76cc338e4c035548c6311d,buy,0x80963fb4bb2f3b2a6589f64f897bfb492afed944,0x944d707ce9e2ff7350c3662dbb668fc7aa8804c363d10b1211a4162fc3a476e6
323,14.86,0.029727843684577808,0xebcf5026079dd9bc8cae4ceb0e3a1bc7a5f6b2b7,2017-10-15T12:44:19.000Z,0.00200052783880066,0xa16b6f443357f2305b76cc338e4c035548c6311d,buy,0x80963fb4bb2f3b2a6589f64f897bfb492afed944,0xa68ec5c851acafd947049091bcf903d9f6d9162dd1495fde184e3592fd611579
324,48.84,0.09769713886950454,0xcfbaf6808ce9280a5940b99ef4a3a10f36ca7c6b,2017-10-15T01:26:12.000Z,0.002000350918704024,0xa16b6f443357f2305b76cc338e4c035548c6311d,buy,0x80963fb4bb2f3b2a6589f64f897bfb492afed944,0x6c173e9d5d5df2caf33932f06ae12b1ef38905af129345e5e4623e5e95fa7a92
325,20,0.04,0xebcf5026079dd9bc8cae4ceb0e3a1bc7a5f6b2b7,2017-10-14T06:25:38.000Z,0.002,0xa16b6f443357f2305b76cc338e4c035548c6311d,buy,0x80963fb4bb2f3b2a6589f64f897bfb492afed944,0x6413a91e7865cf56b96e99293ba5f62e68d2d23471a7c438d62008e71e803b1d
326,10,0.02,0xebcf5026079dd9bc8cae4ceb0e3a1bc7a5f6b2b7,2017-10-13T23:00:02.000Z,0.002,0xa16b6f443357f2305b76cc338e4c035548c6311d,buy,0x80963fb4bb2f3b2a6589f64f897bfb492afed944,0x1decf13948123e049937d483f65d53481767d3d6a77f30d9da4918719afcdf3c
