,amount,amountBase,buyer,date,price,seller,side,tokenAddr,txHash
0,1813.61315344,0.17953137967296687,0x0248cf74ed50adcf0c050a7ca4136dcb90520f84,2017-11-02T14:51:39.000Z,0.00009899100000043439,0x0d4f9e1211e77218b0b6a877961ce69ebdf5a27d,buy,0xc0eb85285d83217cd7c891702bcbc0fc401e2d9d,0xa9c4a2775b42306546dfd334f390ec0f4d33a819eaaa0b277578a247a2b834db
1,800,0.0791984,0x3e43b4e95d6e2c8bff378b6726ec513edaf42549,2017-11-02T13:20:22.000Z,0.000098998,0x61de80d95e4dc339c3340cba8cd697f9c89194c6,buy,0xc0eb85285d83217cd7c891702bcbc0fc401e2d9d,0xe183ebacca90c9d74549791128e032f816d218e0a522c7d8c0bfa40f0747a1f8
2,0.001,0.000000098998,0x273a5d3e6721b9f5c1a6474f560c1334c63dda01,2017-11-02T13:09:19.000Z,0.000098998,0x61de80d95e4dc339c3340cba8cd697f9c89194c6,buy,0xc0eb85285d83217cd7c891702bcbc0fc401e2d9d,0x640bd9d14f2fbc269a9c15c9b5531d018c28150bfad8d648aaa5a61fb61c219f
3,0.000997,0.000997,0xf47679c8a3893f57c788fbd83722aa250a1d9a04,2017-11-02T13:09:19.000Z,1,0x273a5d3e6721b9f5c1a6474f560c1334c63dda01,sell,0xc0eb85285d83217cd7c891702bcbc0fc401e2d9d,0x640bd9d14f2fbc269a9c15c9b5531d018c28150bfad8d648aaa5a61fb61c219f
4,15000,1.080825,0xe728f08815f3de1d1e176e6102c8a90979d72e46,2017-11-02T12:47:52.000Z,0.000072055,0x0248cf74ed50adcf0c050a7ca4136dcb90520f84,sell,0xc0eb85285d83217cd7c891702bcbc0fc401e2d9d,0x1872b5cfdefcc75ec6c0dfd9dfd4b595a02e06d23f34cc524712ee19b4cbb329
5,5.05060708,0.0005,0x4fda9e6bcd83af6c5cc771b5d20accc2b7720074,2017-11-02T11:51:19.000Z,0.0000989980000582425,0x61de80d95e4dc339c3340cba8cd697f9c89194c6,buy,0xc0eb85285d83217cd7c891702bcbc0fc401e2d9d,0xbbf7748ad4d2c66c9e9254c5dba8cd95521d14b347037695c9aa1a8bf080f616
6,5.05060708,0.0005,0x3075f7f189912f4f425dd7021b9c396434197477,2017-11-02T11:37:02.000Z,0.0000989980000582425,0x61de80d95e4dc339c3340cba8cd697f9c89194c6,buy,0xc0eb85285d83217cd7c891702bcbc0fc401e2d9d,0x1b71828403daa65054f60cef258f88727c36b8673765ed133e70271b23682d0c
7,13639.63862027,0.9827496022290738,0x0d4f9e1211e77218b0b6a877961ce69ebdf5a27d,2017-11-02T11:20:46.000Z,0.000072051,0x433fffb2083d7879d212905019a73792b6c23442,sell,0xc0eb85285d83217cd7c891702bcbc0fc401e2d9d,0x30308c0b2e998967210de49a28b13a67e94b5cf9739600234a251c3f27bd6328
8,57820.75565746,4.1660432658756505,0x0d4f9e1211e77218b0b6a877961ce69ebdf5a27d,2017-11-02T11:10:34.000Z,0.000072051,0xdc7439a92014f453c471839ab5bdfcf84a3dcdd4,sell,0xc0eb85285d83217cd7c891702bcbc0fc401e2d9d,0x19fcdfafe9b7f8ed4e4f1e01237772bf495f34c4d830698dd390150991fff1aa
9,15000,1.2135,0x0248cf74ed50adcf0c050a7ca4136dcb90520f84,2017-11-02T11:05:02.000Z,0.0000809,0x433fffb2083d7879d212905019a73792b6c23442,sell,0xc0eb85285d83217cd7c891702bcbc0fc401e2d9d,0x2bf446d7f7af932f8514e989246ad3a46b6b7871fc498cb72864246da1aca3d9
10,23194.705,1.878771105,0x0d4f9e1211e77218b0b6a877961ce69ebdf5a27d,2017-11-02T06:56:56.000Z,0.000081,0xa6dc476cb8db388604ae26d968abd8e9c6290301,buy,0xc0eb85285d83217cd7c891702bcbc0fc401e2d9d,0x68fbe117d25dd54cc9b4fa041536f4756c1d2e1eedfe4f153e0b7ae1834ebec4
11,194.88463749,0.01578565563689759,0x83c8a38c497721e6262bc365a2a967697837cb99,2017-11-02T02:06:12.000Z,0.00008100000000106518,0xa6dc476cb8db388604ae26d968abd8e9c6290301,buy,0xc0eb85285d83217cd7c891702bcbc0fc401e2d9d,0x4a7bd85b9c46a17e22298986b99389b46971eeda3164d0ec876bec6b0791bfe7
12,1900,0.1539,0x83c8a38c497721e6262bc365a2a967697837cb99,2017-11-02T02:02:07.000Z,0.000081,0xa6dc476cb8db388604ae26d968abd8e9c6290301,buy,0xc0eb85285d83217cd7c891702bcbc0fc401e2d9d,0xcf2b3027b7b6a177e5ddc815861fb51795d8140d158e8b0605fd300af4db13df
13,3160,0.25596,0x4b19cf91baa380024dbfc9303877b9e26010b6da,2017-11-02T01:23:59.000Z,0.000081,0xa6dc476cb8db388604ae26d968abd8e9c6290301,buy,0xc0eb85285d83217cd7c891702bcbc0fc401e2d9d,0x18c4197acb1aff7c3d3d01ff67c4a2be49a01d241b42baf1a2747ce6df541044
14,1329,0.1075161,0x045b4f21a31953f9a51f54124cf1d791dd030dc9,2017-11-02T01:09:12.000Z,0.0000809,0xfbf7dc0756a9768d0c71aea5f8421f3b1eaee7d1,buy,0xc0eb85285d83217cd7c891702bcbc0fc401e2d9d,0xe89a66f95f88737cb3385ce78977caa7932a3937e40b0face6c7e2208bc468f6
15,5000,0.3725,0xfff477529959e92603307a7d76b5f91669c246cc,2017-11-02T00:20:41.000Z,0.0000745,0x0248cf74ed50adcf0c050a7ca4136dcb90520f84,sell,0xc0eb85285d83217cd7c891702bcbc0fc401e2d9d,0x1fbcaa87605ec04947db546b5fbb21745ec84a2dcbf13d3640c32f64f3452701
16,1000,0.0742,0x952a83c53b77b288ef03606656a21b50e7861abc,2017-11-02T00:20:41.000Z,0.0000742,0x0248cf74ed50adcf0c050a7ca4136dcb90520f84,sell,0xc0eb85285d83217cd7c891702bcbc0fc401e2d9d,0x4d6819117b63d30c353f522eb4537d3689f2e2cd9d0d1b71245c546af8e24b91
17,9023.178,0.6731290788,0xed46d96ec620a878a86e223270d326eb9c518760,2017-11-02T00:20:04.000Z,0.0000746,0x0248cf74ed50adcf0c050a7ca4136dcb90520f84,sell,0xc0eb85285d83217cd7c891702bcbc0fc401e2d9d,0x0d39fa9d78530653a01835a09ee71a1862b2094d3aa4f876689cd5a87fb84642
18,1600,0.11936,0xca2832b263c862fb6a02653c7d7b74832fded5bf,2017-11-01T23:28:45.000Z,0.0000746,0xeff5e22ab9809b8e03ea9ea725b41fece4fe55b1,buy,0xc0eb85285d83217cd7c891702bcbc0fc401e2d9d,0x08876b3c371a27646efbca10fb876cdef74867b8d00f646bf86c9908df462ddd
19,997,0.099501597,0xecb8c1ff6cb58be2b2b13639b99abbbe912271e2,2017-11-01T23:27:18.000Z,0.000099801,0x273a5d3e6721b9f5c1a6474f560c1334c63dda01,sell,0xc0eb85285d83217cd7c891702bcbc0fc401e2d9d,0xcbf726bf517f088a0e898ca91f3c456be8a61e41dc39b9daea7b341527b3f248
20,1000,0.0746,0x273a5d3e6721b9f5c1a6474f560c1334c63dda01,2017-11-01T23:27:18.000Z,0.0000746,0xeff5e22ab9809b8e03ea9ea725b41fece4fe55b1,buy,0xc0eb85285d83217cd7c891702bcbc0fc401e2d9d,0xcbf726bf517f088a0e898ca91f3c456be8a61e41dc39b9daea7b341527b3f248
21,7476.82185225,0.55777091017785,0xed46d96ec620a878a86e223270d326eb9c518760,2017-11-01T23:26:13.000Z,0.0000746,0x46371f0751e243fef7b626031cffb8489d47e6c0,sell,0xc0eb85285d83217cd7c891702bcbc0fc401e2d9d,0xe9d98a249af76e80bb0c339f87084b892b266453c2d69cdbbde8ef2fb9094cc4
22,221.174,0.01769392,0xfff477529959e92603307a7d76b5f91669c246cc,2017-11-01T21:53:41.000Z,0.00008,0x3e2ee1b447815a295be9966b8387fb59299214db,sell,0xc0eb85285d83217cd7c891702bcbc0fc401e2d9d,0xb21fefbc5db15d1b6c240852c402740582f6e2b85c559c561218bb6db8c8ad88
23,378.82564051,0.0303060512408,0xfff477529959e92603307a7d76b5f91669c246cc,2017-11-01T16:54:53.000Z,0.00008,0x905464547593854dccf84a96e50d582f5bc1fd89,sell,0xc0eb85285d83217cd7c891702bcbc0fc401e2d9d,0x2593e98c2695bc82f3661e24180179ed881198c2f6e8f9d9c3147caca91677c3
24,340,0.03706,0x80f3c0ababdb3e1100cb79539c41c86578437f7d,2017-11-01T15:07:21.000Z,0.000109,0xfbf7dc0756a9768d0c71aea5f8421f3b1eaee7d1,buy,0xc0eb85285d83217cd7c891702bcbc0fc401e2d9d,0x25c2116d5f0cadc828ce7e6c5d64c5b5c94ef8cb27bdefe21923553dd774a13e
25,772.30169141,0.0679625488446479,0x80f3c0ababdb3e1100cb79539c41c86578437f7d,2017-11-01T15:05:17.000Z,0.00008800000000073533,0xfd2418617b08030afb197f64ec6325673b539f7c,buy,0xc0eb85285d83217cd7c891702bcbc0fc401e2d9d,0x737cbf12a79c1b35edf3e9eb5b729364aaa5ee28a902b05aa41be8ac0da0add8
26,187812.076,15.02496608,0xf47679c8a3893f57c788fbd83722aa250a1d9a04,2017-11-01T15:01:45.000Z,0.00008,0xa6dc476cb8db388604ae26d968abd8e9c6290301,sell,0xc0eb85285d83217cd7c891702bcbc0fc401e2d9d,0x38ba6a3f7b21aae245938420edd36700bf622227edaf0025a899fc7627dc002e
27,1211.96352328,0.10665279004898366,0x291e14d8f3632d4dc39dca11774537475006cee1,2017-11-01T14:04:58.000Z,0.00008800000000028354,0xfd2418617b08030afb197f64ec6325673b539f7c,buy,0xc0eb85285d83217cd7c891702bcbc0fc401e2d9d,0x79ef3066801ff733234581a227ea5e476b619c3f0c7055bf03f2206dbb583ea8
28,17718.15854552,1.4174526836416,0xf47679c8a3893f57c788fbd83722aa250a1d9a04,2017-11-01T07:28:49.000Z,0.00008,0x3fef3e85b09a340029b9eee96c63c239a22e7a36,sell,0xc0eb85285d83217cd7c891702bcbc0fc401e2d9d,0x7842f9842fd2cec84cbb1c0f0ddefeeaa344f0136c7f8a92dfb3ebd95bfc98a8
29,9969.09580301,0.7975276642408,0xf47679c8a3893f57c788fbd83722aa250a1d9a04,2017-11-01T06:48:42.000Z,0.00008,0x60684dfb5e9d6d43ac11d3cf95860a3e86ebc336,sell,0xc0eb85285d83217cd7c891702bcbc0fc401e2d9d,0x40327ce1ad556d640af1be2a31fcbb3694cb2ed672684852cd5c4f7fa1f94f54
30,10848.37005285,0.867869604228,0xf47679c8a3893f57c788fbd83722aa250a1d9a04,2017-11-01T05:45:02.000Z,0.00008,0x3fef3e85b09a340029b9eee96c63c239a22e7a36,sell,0xc0eb85285d83217cd7c891702bcbc0fc401e2d9d,0x28bc83edeb11061f158183dda5b86ce589bbb440dba2701cf924fe30de06163c
31,0.0001218,0.000000009744,0xf47679c8a3893f57c788fbd83722aa250a1d9a04,2017-11-01T05:40:35.000Z,0.00008,0x3fef3e85b09a340029b9eee96c63c239a22e7a36,sell,0xc0eb85285d83217cd7c891702bcbc0fc401e2d9d,0x0e1c0858e2a56fe334e7e60746954b1c371b76d53da471260689d1851513c86d
32,8,0.00064,0xf47679c8a3893f57c788fbd83722aa250a1d9a04,2017-11-01T04:51:52.000Z,0.00008,0x9da7ad646dc636de4bbc54ece8723a2bc346ca36,sell,0xc0eb85285d83217cd7c891702bcbc0fc401e2d9d,0xac1994c0bfb9d49cbf6a6ce5d6f5af0506571faeea68a6d35ef80205c65bd716
33,81941.77722632,6.5553421781056,0xf47679c8a3893f57c788fbd83722aa250a1d9a04,2017-11-01T04:50:34.000Z,0.00008,0x9da7ad646dc636de4bbc54ece8723a2bc346ca36,sell,0xc0eb85285d83217cd7c891702bcbc0fc401e2d9d,0xcc5b8a9ebdafc57424efbc9f3f24b000798d2b5f08d1ea7d2802f46e05963d34
34,3702.52218123,0.2962017744984,0xf47679c8a3893f57c788fbd83722aa250a1d9a04,2017-11-01T03:24:24.000Z,0.00008,0x074eb01c33023ac13034b0bdea31d67fb71d414e,sell,0xc0eb85285d83217cd7c891702bcbc0fc401e2d9d,0xed65c730388e28a183bb011742c716a3f2a4475fe519e6670449c3c4da290b7f
35,1476.15278529,0.12990144510636845,0xfff4ffcb6efec13038f09147b28582dd1038ea07,2017-11-01T02:22:40.000Z,0.00008800000000057476,0xfd2418617b08030afb197f64ec6325673b539f7c,buy,0xc0eb85285d83217cd7c891702bcbc0fc401e2d9d,0x327a88656181bab9fe75072d95f60578a05a82bc3d16ba92d02e877cf9dbee01
36,4000,0.356,0x75d636a7d03760f4ab77d139ec79599475686775,2017-10-31T22:40:39.000Z,0.000089,0x44525d0e03fedd63445fa53c9aed398ce9df5f06,buy,0xc0eb85285d83217cd7c891702bcbc0fc401e2d9d,0x10c2db27d01d1c5b0d76cc631466643f6c85917081f69e6e9233193145a09d1c
37,700,0.0623,0x540e0299db8b33ec1bde2c466bcc6466c8c62acf,2017-10-31T21:28:10.000Z,0.000089,0x44525d0e03fedd63445fa53c9aed398ce9df5f06,buy,0xc0eb85285d83217cd7c891702bcbc0fc401e2d9d,0x5568ac5bdea20b528e185fa4532ef236b436e3386a02e35cab12f23e067980e6
38,5500,0.451,0xfff477529959e92603307a7d76b5f91669c246cc,2017-10-31T17:09:43.000Z,0.000082,0x813078b302a6de97ce32e3c7a6bd61e2ffd80eb2,sell,0xc0eb85285d83217cd7c891702bcbc0fc401e2d9d,0xf358d0355959097f26eea765739b046680701a68fc2e4a9de79f9c279a557214
39,1,0.0000908,0x5d2ba7d1f80e353b48ec8a214a21d1e3d6951a3a,2017-10-31T07:57:26.000Z,0.0000908,0x3dee4a4e076e8d82859d241db0baf46f112cfa23,buy,0xc0eb85285d83217cd7c891702bcbc0fc401e2d9d,0xe169a2be7bfcfcd495948fd74b308d90919996ed5a7e877ca428e2796e742b33
40,16305.50639167,1.33705152411694,0x5417c0ba9f93872abf1916e2f0fa99cdde0ef2df,2017-10-31T03:24:02.000Z,0.000082,0xaa71db4119bd9bd7d9aba7c078e67b8084043fb3,sell,0xc0eb85285d83217cd7c891702bcbc0fc401e2d9d,0xca7163005a66680ab88e0598004b3e80b7764a2d437eda6237e0f21898d472ee
41,7000,0.616007,0x3dee4a4e076e8d82859d241db0baf46f112cfa23,2017-10-31T03:19:06.000Z,0.000088001,0xaa71db4119bd9bd7d9aba7c078e67b8084043fb3,sell,0xc0eb85285d83217cd7c891702bcbc0fc401e2d9d,0x5aea1af984e920c8a568c08a2c3773022100b02594f0fe1d27ba9b340b4fe8fc
42,22500,2.025,0x832b4a2c5d02b3e21c680a6145637de41b0133ae,2017-10-31T03:17:58.000Z,0.00009,0xaa71db4119bd9bd7d9aba7c078e67b8084043fb3,sell,0xc0eb85285d83217cd7c891702bcbc0fc401e2d9d,0x87840a15af389297422eb432d3bb3a234d4209f38cfcda7fade9344f96274edc
43,3900.309,0.378329973,0x4fe66c963fe9e3c996b4af51d7547d7ba819dfa1,2017-10-31T03:16:21.000Z,0.000097,0xaa71db4119bd9bd7d9aba7c078e67b8084043fb3,sell,0xc0eb85285d83217cd7c891702bcbc0fc401e2d9d,0x3610a5948c2d63bc5a019d3e07afe056cce28407c2b780edab4f52b483b833ae
44,0.001,0.0000001085,0x0c4085d8e714ca77ac5f46cd2b80a92d238a7cd3,2017-10-31T00:55:54.000Z,0.0001085,0xfbf7dc0756a9768d0c71aea5f8421f3b1eaee7d1,buy,0xc0eb85285d83217cd7c891702bcbc0fc401e2d9d,0x6cefb7c3e3527661d68f695b2cbd5e8ab73760df19265c4cc2f6d6727418a01d
45,99.69095803,0.00967002292891,0x4fe66c963fe9e3c996b4af51d7547d7ba819dfa1,2017-10-31T00:09:17.000Z,0.000097,0xa63f3b9db73f4ff327e4891d95071508e413a9ca,sell,0xc0eb85285d83217cd7c891702bcbc0fc401e2d9d,0x862eb8cefa8086d30f2441f1a228f68c3c392381e3fc1dfd147a764c53484301
46,10,0.00109,0x00fa15cc5ea762a2a53d364a46fb583ec50db671,2017-10-30T21:49:39.000Z,0.000109,0xca2832b263c862fb6a02653c7d7b74832fded5bf,buy,0xc0eb85285d83217cd7c891702bcbc0fc401e2d9d,0xc7415b3e3854c68f61828c9897700b54839dd9e2fc44ec9cde0b8e77b3dcafd9
47,655.32150333,0.065532150333,0x66c58939568f8ac1815faa4ed7592a22f633e2ca,2017-10-30T19:30:37.000Z,0.0001,0x8cba8f92256e1e30a8ba70a3dff3e5dfe2a001af,sell,0xc0eb85285d83217cd7c891702bcbc0fc401e2d9d,0x11bac3188ebad9859849fbc661043f3f834c90d9545983182ac82dfa66a83746
48,7549,0.724704,0xca2832b263c862fb6a02653c7d7b74832fded5bf,2017-10-30T19:28:03.000Z,0.000096,0x8cba8f92256e1e30a8ba70a3dff3e5dfe2a001af,sell,0xc0eb85285d83217cd7c891702bcbc0fc401e2d9d,0xfcb6b3ed666e460fc70fdc9de799653ac4aa392ef84671f3e4e93c6305fff715
49,3100,0.3193,0x4fe66c963fe9e3c996b4af51d7547d7ba819dfa1,2017-10-30T19:14:44.000Z,0.000103,0xe11928ddafde413e1ec6c7d40f3a9b4c58bb73fb,sell,0xc0eb85285d83217cd7c891702bcbc0fc401e2d9d,0x1339a8d0a5dfa9a5aefa0e9d3d759b6a85f0c67fce877997c0a38aa34b25befc
50,1061.151,0.109299614151,0x61de80d95e4dc339c3340cba8cd697f9c89194c6,2017-10-30T19:14:35.000Z,0.000103001,0xe11928ddafde413e1ec6c7d40f3a9b4c58bb73fb,sell,0xc0eb85285d83217cd7c891702bcbc0fc401e2d9d,0x3e91fc1c3463a3735450639d52c4ae570ca902c59fa511d1c22390276d9a5145
51,9300,0.9579186,0x9e50b4270ea9ac34f9d9d30a17499f0c7ccf2b54,2017-10-30T19:14:35.000Z,0.000103002,0xe11928ddafde413e1ec6c7d40f3a9b4c58bb73fb,sell,0xc0eb85285d83217cd7c891702bcbc0fc401e2d9d,0xa19a4c727e3d3921005f4a74aee9c85ef665c5e5472699ab18eb91d989885d59
52,5053.33466254,0.51544013557908,0x61de80d95e4dc339c3340cba8cd697f9c89194c6,2017-10-30T16:51:43.000Z,0.000102,0xda896bd9e964386f7343414a646c8ef75d5ae009,sell,0xc0eb85285d83217cd7c891702bcbc0fc401e2d9d,0x36a3e39008606476966779cd5619418a4bcd3eab9e81a5dcafdfd06eb3162be6
53,8229,0.905181771,0x8cba8f92256e1e30a8ba70a3dff3e5dfe2a001af,2017-10-30T16:50:14.000Z,0.000109999,0x9e50b4270ea9ac34f9d9d30a17499f0c7ccf2b54,buy,0xc0eb85285d83217cd7c891702bcbc0fc401e2d9d,0x557a3b217db20016fb4a97a4f3dab5e7f78a944e4833d7e6b21ec228ccc74480
54,3330.9311865,0.36640243051608695,0xa6dc476cb8db388604ae26d968abd8e9c6290301,2017-10-30T16:22:07.000Z,0.00011000000000032631,0xfbf7dc0756a9768d0c71aea5f8421f3b1eaee7d1,buy,0xc0eb85285d83217cd7c891702bcbc0fc401e2d9d,0x2ae53ca906a8ac0a34faf951e7d4a625afd755d7261da0d76073b97533818357
55,4374,0.481135626,0xa6dc476cb8db388604ae26d968abd8e9c6290301,2017-10-30T16:19:27.000Z,0.000109999,0x61de80d95e4dc339c3340cba8cd697f9c89194c6,buy,0xc0eb85285d83217cd7c891702bcbc0fc401e2d9d,0xf985841db0cbc9bc8759da10f70bc1bdd68746008d7be045408ef9291997dbcf
56,375,0.041249625,0x179c6ae2129da08767391429911ef1ea32c7b6d4,2017-10-30T15:54:53.000Z,0.000109999,0x61de80d95e4dc339c3340cba8cd697f9c89194c6,buy,0xc0eb85285d83217cd7c891702bcbc0fc401e2d9d,0xed3a35b9a089252132466a3a99d178ae63372edd47e4683d7d65dbab5c503da4
57,222.15731233,0.02132710198368,0xca2832b263c862fb6a02653c7d7b74832fded5bf,2017-10-30T15:10:16.000Z,0.000096,0x6ef6e0031e822a76777323c8cb3e5ed109b189a8,sell,0xc0eb85285d83217cd7c891702bcbc0fc401e2d9d,0x1b0898191852391184e5ad352eeb7428eb41ddc630307f85220f19eceeaae954
58,9399,1.024491,0xf6c96b23feb18fb3a3b9e017ebf73ece6bcacec6,2017-10-30T14:35:56.000Z,0.000109,0xca2832b263c862fb6a02653c7d7b74832fded5bf,sell,0xc0eb85285d83217cd7c891702bcbc0fc401e2d9d,0x648b7c79dfe4ab0753161955298e05fb6e27b03f6504992c0c2c76c3521effc7
59,9399.691,1.024566319,0xf6c96b23feb18fb3a3b9e017ebf73ece6bcacec6,2017-10-30T14:33:34.000Z,0.000109,0xfd4fb1da00f55acce00f30462280f409b65d4547,buy,0xc0eb85285d83217cd7c891702bcbc0fc401e2d9d,0x6d174a4a38440ba607cbaf99f58489f630b21ae5be36fc4e44b175641eb7e017
60,0.000098,0.6468,0xf6c96b23feb18fb3a3b9e017ebf73ece6bcacec6,2017-10-30T14:04:18.000Z,6600,0x273a5d3e6721b9f5c1a6474f560c1334c63dda01,sell,0xc0eb85285d83217cd7c891702bcbc0fc401e2d9d,0x61b44985ee693a8753d75d20781f09b574b299deb65e008af42df86048abcb36
61,40,0.00404,0xb19adca5a2f9b56b1bc211c34088582701c210d0,2017-10-30T07:37:35.000Z,0.000101,0x1fb9f5abd2c8c8e7e34f1738682d76d8704d1f8b,sell,0xc0eb85285d83217cd7c891702bcbc0fc401e2d9d,0x55afb86a934acdb595574c9ec5a46d47c4bcee054bdd98fe047f29c6e51aa91c
62,200,0.02,0x0803798dc78637f909267223bce037bf0452d991,2017-10-30T07:37:35.000Z,0.0001,0x1fb9f5abd2c8c8e7e34f1738682d76d8704d1f8b,sell,0xc0eb85285d83217cd7c891702bcbc0fc401e2d9d,0x6e4b88f0454a6472900663dc8bb0d17b3f30306462dfd3c298dadb552667076c
63,103.985,0.01060647,0x9e50b4270ea9ac34f9d9d30a17499f0c7ccf2b54,2017-10-30T07:37:24.000Z,0.000102,0x1fb9f5abd2c8c8e7e34f1738682d76d8704d1f8b,sell,0xc0eb85285d83217cd7c891702bcbc0fc401e2d9d,0x78cfa851093b69b1ec79bc54820c9ecef62635f81b0cb7e7a7c3a8d72e034206
64,55,0.005676,0x30cb8d8c27bd45f4196a57a7b0ee760df05395fb,2017-10-30T07:35:35.000Z,0.0001032,0x1fb9f5abd2c8c8e7e34f1738682d76d8704d1f8b,sell,0xc0eb85285d83217cd7c891702bcbc0fc401e2d9d,0xd8827e0417170d6b68d2d5dd08fc10b5d33b97d76f377f9bbf82dfa7bb612641
65,40,0.0042,0xb19adca5a2f9b56b1bc211c34088582701c210d0,2017-10-30T07:35:35.000Z,0.000105,0x1fb9f5abd2c8c8e7e34f1738682d76d8704d1f8b,sell,0xc0eb85285d83217cd7c891702bcbc0fc401e2d9d,0x8f84b169aaf02939f97bf35e65d29f1f134ef84e28715cfc0a90c8f8f41bbaa9
66,28.41681164,0.00298672057061056,0xbfbdd7f780e8f8185051642cca63bdf74727e167,2017-10-30T07:35:03.000Z,0.000105104,0x1fb9f5abd2c8c8e7e34f1738682d76d8704d1f8b,sell,0xc0eb85285d83217cd7c891702bcbc0fc401e2d9d,0x6e6530f36839d173855e472fac0b843fbd6c5774ea9b4aef7fefdfa52a113ef4
67,971.58318836,0.10211727942938945,0xbfbdd7f780e8f8185051642cca63bdf74727e167,2017-10-30T06:20:50.000Z,0.000105104,0xab296c308b24c972b60a662262f144eeefc27ec8,sell,0xc0eb85285d83217cd7c891702bcbc0fc401e2d9d,0x611f0528640dd841d68230ae38aeea306a66c800005be0132cb973726aa7f0fd
68,2500,0.2627625,0x9e50b4270ea9ac34f9d9d30a17499f0c7ccf2b54,2017-10-30T06:18:21.000Z,0.000105105,0xab296c308b24c972b60a662262f144eeefc27ec8,sell,0xc0eb85285d83217cd7c891702bcbc0fc401e2d9d,0xb2c57533cb3bdf7c36b4919081f042e6968d340017b361320c658107f0965182
69,4000,0.4084,0xc93501696c5941a24114df29dcae13c31650ecca,2017-10-30T04:25:32.000Z,0.0001021,0x4b2ed02fbd98452713a0add11f4cf690b4530009,sell,0xc0eb85285d83217cd7c891702bcbc0fc401e2d9d,0x062f08ffd65dd33de86c9dee0f5a29c8996c80ba6be7a18daea2a61c75270664
70,950.96245715,0.0999499580962936,0x056056ce86b7d8108f7c1febac70d637d60ea042,2017-10-30T03:45:32.000Z,0.000105104,0xab296c308b24c972b60a662262f144eeefc27ec8,sell,0xc0eb85285d83217cd7c891702bcbc0fc401e2d9d,0xd1ff1d7fda1260789eb4d1dcafd28487b2a22c051998ed71d91c7cf9dfd919e5
71,3000,0.3153,0xc93501696c5941a24114df29dcae13c31650ecca,2017-10-30T03:43:56.000Z,0.0001051,0xab296c308b24c972b60a662262f144eeefc27ec8,sell,0xc0eb85285d83217cd7c891702bcbc0fc401e2d9d,0x39b0611cfcc83f734660db5798a8210bb56a1b1561e59052e92a7f59474cfefb
72,5000,0.5825,0x2ea6bd58bc3555faeebf4d5b31164d52079b9832,2017-10-30T02:49:09.000Z,0.0001165,0xfbf7dc0756a9768d0c71aea5f8421f3b1eaee7d1,buy,0xc0eb85285d83217cd7c891702bcbc0fc401e2d9d,0x239bc141369fdd5e4d487eaeb8ba9d340a9eb7dd262cbbf6b227fd4b628b99fb
73,5.864,0.000616329856,0x056056ce86b7d8108f7c1febac70d637d60ea042,2017-10-30T02:31:44.000Z,0.000105104,0x16e5d97bbc92417e051e3b2cabfbf8ceea2acb9c,sell,0xc0eb85285d83217cd7c891702bcbc0fc401e2d9d,0x4be116d16fc0b2f8e1d5a6abd2f4832fbc19aad78e69d1a9bfbce2d7a9810e45
74,6.153,0.000646704912,0x056056ce86b7d8108f7c1febac70d637d60ea042,2017-10-30T02:31:33.000Z,0.000105104,0x379374d13077e8867ef31803c37baf9785a17c00,sell,0xc0eb85285d83217cd7c891702bcbc0fc401e2d9d,0xb5095445d5dde9c31aa61f79e555fc8c92e194f82c37b63e91c525535e3f5b36
75,99.5725491,0.0101564000082,0x9e50b4270ea9ac34f9d9d30a17499f0c7ccf2b54,2017-10-29T23:38:21.000Z,0.000102,0x3e43b4e95d6e2c8bff378b6726ec513edaf42549,sell,0xc0eb85285d83217cd7c891702bcbc0fc401e2d9d,0xe5b1744e5198f76fbdf2c7d0ebc313f75cb08ca9a8450c0ef278191c62324d13
76,1614.47390689,0.16951976022345,0x0295cb6cd98aa3f2a8ae832a1b9c6f2b8a7160df,2017-10-29T23:35:50.000Z,0.000105,0x3e43b4e95d6e2c8bff378b6726ec513edaf42549,sell,0xc0eb85285d83217cd7c891702bcbc0fc401e2d9d,0xd95839445ced2653c6c0e069ae0e3acd3b5d8aff6685e237c2600e237769cf2f
77,100,0.010999,0xb5d7db3523f6eb51e3f84ec21e627fbbef05f7de,2017-10-29T23:33:55.000Z,0.00010999,0x3e43b4e95d6e2c8bff378b6726ec513edaf42549,sell,0xc0eb85285d83217cd7c891702bcbc0fc401e2d9d,0xc27086cc486c30d11b070d415da996a0abe211cbf0a499386fe541766b271a57
78,180,0.01979982,0xc3e7f39030093ebebc1f8fd66f63a468ea91d3d9,2017-10-29T23:32:14.000Z,0.000109999,0x3e43b4e95d6e2c8bff378b6726ec513edaf42549,sell,0xc0eb85285d83217cd7c891702bcbc0fc401e2d9d,0x26966a7fa67b06027ad49afe270de462249d6c09610c4550c379e61b320b71e4
79,385.52609311,0.04048023977655,0x0295cb6cd98aa3f2a8ae832a1b9c6f2b8a7160df,2017-10-29T22:34:54.000Z,0.000105,0x3e43b4e95d6e2c8bff378b6726ec513edaf42549,sell,0xc0eb85285d83217cd7c891702bcbc0fc401e2d9d,0x983d64e09d26eea6d3069fce7e430f349b12af497ab737ae407b939e46b79b9f
80,895.592,0.0941267192,0xd2b04839bb1005731a0250888c45dfac7429150b,2017-10-29T22:32:53.000Z,0.0001051,0x3e43b4e95d6e2c8bff378b6726ec513edaf42549,sell,0xc0eb85285d83217cd7c891702bcbc0fc401e2d9d,0xee096f047cb6802e498be5466dc3dbaa7c1f618c2f15895737e148fdb5a67a37
81,9104.40757966,0.956873236622266,0xd2b04839bb1005731a0250888c45dfac7429150b,2017-10-29T21:31:27.000Z,0.0001051,0xab296c308b24c972b60a662262f144eeefc27ec8,sell,0xc0eb85285d83217cd7c891702bcbc0fc401e2d9d,0xb9c2717388f31df71985405f21ad98070599899db6fa99b1b38ada9ea249194f
82,1675,0.17755,0xf94571dbdff33446dabd17040cd6236b0d2c2545,2017-10-29T19:06:24.000Z,0.000106,0x0c66b630309b303f9b68d81e23a698a9ecf55f66,sell,0xc0eb85285d83217cd7c891702bcbc0fc401e2d9d,0xa78876760921f09e45ac2081c14a98ba502a4f1fe554722bdbfae5fe8b59cd24
83,12133.86357661,1.2133742237974234,0xa6dc476cb8db388604ae26d968abd8e9c6290301,2017-10-29T18:45:09.000Z,0.000099999,0xb00548770ea87482f024cd4292a975fea72e8f01,sell,0xc0eb85285d83217cd7c891702bcbc0fc401e2d9d,0xc919455ceb14b4b9ca89ba48d09c3385662c64c5eddc8dda36a470fa67f7ce90
84,2567.78303259,0.26191386932418,0x9e50b4270ea9ac34f9d9d30a17499f0c7ccf2b54,2017-10-29T17:15:06.000Z,0.000102,0x9d695a8167ca4186df3477ebc962ca5dd91f59c5,sell,0xc0eb85285d83217cd7c891702bcbc0fc401e2d9d,0xbf82ffac48af00dceee65bf7cf6d3570bf0a18bceb92e58067fd93e14e4b59aa
85,422.98787638,0.04441415000777638,0xa73de997a32a8f9bcefecc918c4aa607030761b8,2017-10-29T17:14:18.000Z,0.000105001,0x9d695a8167ca4186df3477ebc962ca5dd91f59c5,sell,0xc0eb85285d83217cd7c891702bcbc0fc401e2d9d,0x35d5102f6a5b88818f5ec5710b35b35820596a9c04f95bca0f818e052ef1d26a
86,1500,0.1754985,0x9822d473b37741449b7e3b956c3e537792fbca46,2017-10-29T16:44:42.000Z,0.000116999,0x9e50b4270ea9ac34f9d9d30a17499f0c7ccf2b54,buy,0xc0eb85285d83217cd7c891702bcbc0fc401e2d9d,0x492be365fd2f4a1e536ec7cd7d699d103b6fd72c50c13a6b0166f15ad5d88ee9
87,8265.08134175,0.9670145169851836,0x674c377f47493a89f3e1249bc11a2b85626c7755,2017-10-29T16:14:45.000Z,0.00011700000000005246,0xca2832b263c862fb6a02653c7d7b74832fded5bf,buy,0xc0eb85285d83217cd7c891702bcbc0fc401e2d9d,0x1f3a8a3d2f2bb5f46242e8f578ba3aac0e200147ec44d19c872ef53a8dd1d9e0
88,2918.43106267,0.3443719469644103,0x8dfd4f3a3b243a67bb8d2ff154ef85ccdc312568,2017-10-29T16:03:39.000Z,0.00011799900000014151,0x9e50b4270ea9ac34f9d9d30a17499f0c7ccf2b54,buy,0xc0eb85285d83217cd7c891702bcbc0fc401e2d9d,0x43e2d70f2f3556876c7a7c2938e712808cb2e98c78659aba4233f028ac55493f
89,17.295,0.002092695,0x261032737eb250b0688e81ce9628ec395601e19f,2017-10-29T15:02:26.000Z,0.000121,0x9e50b4270ea9ac34f9d9d30a17499f0c7ccf2b54,sell,0xc0eb85285d83217cd7c891702bcbc0fc401e2d9d,0x76787c1348735fe1b8d1b3c842cfdd9f1362abf4d884bcca81eba889b92cb9b0
90,6500,0.75725,0x261032737eb250b0688e81ce9628ec395601e19f,2017-10-29T14:59:07.000Z,0.0001165,0xca2832b263c862fb6a02653c7d7b74832fded5bf,sell,0xc0eb85285d83217cd7c891702bcbc0fc401e2d9d,0xd12510e6ccc8924e415f90559e65b8bbd008420ee1d6018c06b3286e3c2c52de
91,5765,0.686035,0x273a5d3e6721b9f5c1a6474f560c1334c63dda01,2017-10-29T14:52:29.000Z,0.000119,0xca2832b263c862fb6a02653c7d7b74832fded5bf,buy,0xc0eb85285d83217cd7c891702bcbc0fc401e2d9d,0xec4a39ab115dfaa5649a51f437e7c97be66d0d2e0907da488e056edfeba9695a
92,5747.705,0.695472305,0x261032737eb250b0688e81ce9628ec395601e19f,2017-10-29T14:52:29.000Z,0.000121,0x273a5d3e6721b9f5c1a6474f560c1334c63dda01,sell,0xc0eb85285d83217cd7c891702bcbc0fc401e2d9d,0xec4a39ab115dfaa5649a51f437e7c97be66d0d2e0907da488e056edfeba9695a
93,1420,0.1689658,0x13537c24abd15bd99904d0e2005b9ee86b54842b,2017-10-29T14:18:55.000Z,0.00011899,0x85adfb37f112765e439cc57f69aaaeed6ce9cf7f,buy,0xc0eb85285d83217cd7c891702bcbc0fc401e2d9d,0x35cd1caa8859be9fece5755faa7f3d0b3fb04886d37e5d620750f7e20126bc7b
94,3000,0.288012,0x056056ce86b7d8108f7c1febac70d637d60ea042,2017-10-29T13:58:58.000Z,0.000096004,0x03307f0fbf063a28e30719474c3d637e5ce1be35,sell,0xc0eb85285d83217cd7c891702bcbc0fc401e2d9d,0x6a7e773df3d3d863875a8196258338b63533bc6b66b830f4544db8198af7523c
95,3421.453,0.3643847445,0xfbf7dc0756a9768d0c71aea5f8421f3b1eaee7d1,2017-10-29T13:53:44.000Z,0.0001065,0x03307f0fbf063a28e30719474c3d637e5ce1be35,sell,0xc0eb85285d83217cd7c891702bcbc0fc401e2d9d,0x42300547e65580f0ae3bde4904b38747cf82969eff4eacf256eecf4c661da72b
96,6741.10258199,0.674110258199,0x5417c0ba9f93872abf1916e2f0fa99cdde0ef2df,2017-10-29T13:41:18.000Z,0.0001,0x3795f9907f35dd3df303ccee7078bc5f420d8ae1,sell,0xc0eb85285d83217cd7c891702bcbc0fc401e2d9d,0x7a2d51e0e0e09ecd7b6a2405a4316231ef2ff8553653b2880f9386136e1dfffc
97,489.36376165,0.052117240615725,0xfbf7dc0756a9768d0c71aea5f8421f3b1eaee7d1,2017-10-29T13:38:22.000Z,0.0001065,0x9778550d76b07ac9f5e57392f68ecdf6efc1774e,sell,0xc0eb85285d83217cd7c891702bcbc0fc401e2d9d,0xd34a12aa08ba8a72554dc22fdbaa90f1cfaa555a38c093045c7e14a65604d4a8
98,16557.61773419,1.75510747982414,0x3c1760fb8d441d540f2f78ea147410cc2fdbcc53,2017-10-29T13:37:08.000Z,0.000106,0x9778550d76b07ac9f5e57392f68ecdf6efc1774e,sell,0xc0eb85285d83217cd7c891702bcbc0fc401e2d9d,0xf9365ef83475a22d05450aa7fb8c62afda9dfec01a3e4afe13a7f107e06a2607
99,41394.74239189,4.139474239189,0x5417c0ba9f93872abf1916e2f0fa99cdde0ef2df,2017-10-29T13:35:04.000Z,0.0001,0x0e64cbca254788df4a8d29e3721d077d91d0d92a,sell,0xc0eb85285d83217cd7c891702bcbc0fc401e2d9d,0x07d64bf2a7042487e42324ee10fc99258385689f0946fe8959b9000b150a3256
100,4518.31248074,0.48120027919881,0xfbf7dc0756a9768d0c71aea5f8421f3b1eaee7d1,2017-10-29T13:24:47.000Z,0.0001065,0xe2eabfc1e89a462bbd2ba188cd8a9591a9a0d04e,sell,0xc0eb85285d83217cd7c891702bcbc0fc401e2d9d,0xdd43e41a2a81e1b734566be1144669dbb045ccbc5379ac06b6ba06953cd228de
101,61713.76706753,6.54165930915818,0x3c1760fb8d441d540f2f78ea147410cc2fdbcc53,2017-10-29T13:19:14.000Z,0.000106,0x9778550d76b07ac9f5e57392f68ecdf6efc1774e,sell,0xc0eb85285d83217cd7c891702bcbc0fc401e2d9d,0x73ced5bc39b88c60dae01a7b28ef82ad3f236fe0530303069da87e74e45850cb
102,30797.45424966,3.26453015046396,0x3c1760fb8d441d540f2f78ea147410cc2fdbcc53,2017-10-29T13:16:27.000Z,0.000106,0x9778550d76b07ac9f5e57392f68ecdf6efc1774e,sell,0xc0eb85285d83217cd7c891702bcbc0fc401e2d9d,0xfb91c1b96b844d1dae41bbf140a694f33124995ff261986974f99e401ef8c5ce
103,1570.87030206,0.16729768716939,0xfbf7dc0756a9768d0c71aea5f8421f3b1eaee7d1,2017-10-29T12:45:53.000Z,0.0001065,0x7de0ad86d760c305e8682f20f474206be7f53710,sell,0xc0eb85285d83217cd7c891702bcbc0fc401e2d9d,0x8ead3d42f4e58d46e6e87020aeeb36db6f5919ea1faa73ef7a04cfda27140939
104,1420,0.15194142,0x85adfb37f112765e439cc57f69aaaeed6ce9cf7f,2017-10-29T12:44:09.000Z,0.000107001,0x7de0ad86d760c305e8682f20f474206be7f53710,sell,0xc0eb85285d83217cd7c891702bcbc0fc401e2d9d,0x6eb8c0b9485cec47f3b151fe261ae6c09bc8e373d829a1bfb70aa8bd8963ac82
105,6.24589841,0.00066206523146,0x3c1760fb8d441d540f2f78ea147410cc2fdbcc53,2017-10-29T11:39:48.000Z,0.000106,0x65eb3bcb984ad4a14483440bb47e5ebb33242382,sell,0xc0eb85285d83217cd7c891702bcbc0fc401e2d9d,0x3ae5fde049af43082c630fea911d61d0fc91a5f5a00ad7a0d77a26a2943f2d44
106,9072.32806986,0.96166677540516,0x3c1760fb8d441d540f2f78ea147410cc2fdbcc53,2017-10-29T11:18:08.000Z,0.000106,0xd2b04839bb1005731a0250888c45dfac7429150b,sell,0xc0eb85285d83217cd7c891702bcbc0fc401e2d9d,0x926209b2fe1e652331ebee899b9742424d63c54b5cabd22655e3aaf45e1e70dc
107,62652.60691855,6.6411763333663,0x3c1760fb8d441d540f2f78ea147410cc2fdbcc53,2017-10-29T11:05:11.000Z,0.000106,0x65eb3bcb984ad4a14483440bb47e5ebb33242382,sell,0xc0eb85285d83217cd7c891702bcbc0fc401e2d9d,0x83a9b3cbbf455407be60c781658a30bcbb6c4aa56994130f2b3b6fa6ef001c79
108,3000,0.321,0x7de0ad86d760c305e8682f20f474206be7f53710,2017-10-29T11:04:21.000Z,0.000107,0x65eb3bcb984ad4a14483440bb47e5ebb33242382,sell,0xc0eb85285d83217cd7c891702bcbc0fc401e2d9d,0x4a4e1ef4e6d01534da2fd93c404c8eabea6c6dba8d052ecbe7b41d9b390f1e78
109,1640,0.17466,0x71d1c1d6be39bc175ac70d5dcdb29fa3e9b11320,2017-10-29T11:04:21.000Z,0.0001065,0x65eb3bcb984ad4a14483440bb47e5ebb33242382,sell,0xc0eb85285d83217cd7c891702bcbc0fc401e2d9d,0x4def94d8cfff1858aa37324fc52d0ea429e3078ff2b4eb1c3a25f2c0e085acee
110,64199.9800618,6.8051978865508,0x3c1760fb8d441d540f2f78ea147410cc2fdbcc53,2017-10-29T09:03:46.000Z,0.000106,0x23f2030563a7bbb9369eea4447eb1475f51b6bdf,sell,0xc0eb85285d83217cd7c891702bcbc0fc401e2d9d,0x163e35c601c66066dbbe51a0ef99d39d815cc36aaae9f16d9e6cb5feb041a267
111,390,0.041535,0x71d1c1d6be39bc175ac70d5dcdb29fa3e9b11320,2017-10-29T08:09:17.000Z,0.0001065,0x035392de57aa4fe343d86494103dbe1b068a56c6,sell,0xc0eb85285d83217cd7c891702bcbc0fc401e2d9d,0xe61f0d52684cf6f54dfd915058b44904481a778d4e392f7afbc728dbf75719f9
112,4570,0.486705,0x71d1c1d6be39bc175ac70d5dcdb29fa3e9b11320,2017-10-29T08:08:11.000Z,0.0001065,0x035392de57aa4fe343d86494103dbe1b068a56c6,sell,0xc0eb85285d83217cd7c891702bcbc0fc401e2d9d,0xf228b6d71221078053244c5f3a547a9e815a499ce0b1f1a3003710f0668959ea
113,26356.26878052,2.9283659553972354,0xf4381d04158f4809ce2324f48c465fe2ba79a884,2017-10-29T02:47:38.000Z,0.000111107,0x336707214137ab2035aa724e0378baf0e50af962,sell,0xc0eb85285d83217cd7c891702bcbc0fc401e2d9d,0x8d8532d1cfd1d520b6152e0bb722cd327e517e75b35b040c5aa52f06f262a01a
114,13470,1.50864,0x5933ec2852dc662a5df3ba42744a8472e17c7866,2017-10-29T02:47:26.000Z,0.000112,0x336707214137ab2035aa724e0378baf0e50af962,sell,0xc0eb85285d83217cd7c891702bcbc0fc401e2d9d,0xe79f127e7bcd77614ab6173efb71d02c433fc8128d708c457cd2a0ebb852064f
115,870,0.11484,0x8c0f97a597a9d77868c769c8807a0849bdd7fb7d,2017-10-29T01:47:17.000Z,0.000132,0x1df122223b8835ad5ddd5e358e41eece2959e7cb,buy,0xc0eb85285d83217cd7c891702bcbc0fc401e2d9d,0xb014f7aaac14c378c8d19d5a85851cc618a69528c17ed017b62c24fa7a2d816b
116,4475.73121948,0.49728506860276434,0xf4381d04158f4809ce2324f48c465fe2ba79a884,2017-10-29T01:02:12.000Z,0.000111107,0xb4b62ea3a57aabc61a50e8744376fd4c35419180,sell,0xc0eb85285d83217cd7c891702bcbc0fc401e2d9d,0xbeea02513fa7b824d68425298472fcd1cdaa9e02eb3c0cd774b033c989ed6f19
117,794.90999894,0.092686505876404,0x6c740de60199b0634e9fc683dcba6061abc1ddd6,2017-10-29T01:00:42.000Z,0.0001166,0xb4b62ea3a57aabc61a50e8744376fd4c35419180,sell,0xc0eb85285d83217cd7c891702bcbc0fc401e2d9d,0x0dc46303ac7cc38af21439fecd8bf4321224914424633f5c4d8d75373358ea10
118,3000,0.363,0xed4f187c08e2232411c85717f22e9a7624eb2381,2017-10-29T01:00:25.000Z,0.000121,0xb4b62ea3a57aabc61a50e8744376fd4c35419180,sell,0xc0eb85285d83217cd7c891702bcbc0fc401e2d9d,0x9a2adb4d3feb75ae4a169d00ec5185c1cfd145c23ca15e4a8cc105a8b4f0fadf
119,2957.9007152,0.3845270929769874,0xb4b62ea3a57aabc61a50e8744376fd4c35419180,2017-10-29T00:02:09.000Z,0.0001300000000003338,0x5933ec2852dc662a5df3ba42744a8472e17c7866,buy,0xc0eb85285d83217cd7c891702bcbc0fc401e2d9d,0x81d7ae977c90d79481f9f2c422faff71be0269a8eca6f16c46224a351bbe98db
120,5338,0.69394,0xb4b62ea3a57aabc61a50e8744376fd4c35419180,2017-10-29T00:01:57.000Z,0.00013,0x2e97778b97db81b62eb64103813e019f353537cd,buy,0xc0eb85285d83217cd7c891702bcbc0fc401e2d9d,0x4b21bcad14b72fd33469e986da0875490c7e6056c47520349cb03fb138fd29c9
121,900,0.117,0x6a777ac0e2f3bc28526da1451795a0c60ce6b150,2017-10-28T23:59:32.000Z,0.00013,0x2e97778b97db81b62eb64103813e019f353537cd,sell,0xc0eb85285d83217cd7c891702bcbc0fc401e2d9d,0x3fb947b2015ea56e8747358591b0145ecc14d7fe8e028c6a68ac84bf4364ffc6
122,770,0.1001,0x8441e4f954d9578e4005464b932055e5376d3cca,2017-10-28T22:10:40.000Z,0.00013,0x5933ec2852dc662a5df3ba42744a8472e17c7866,buy,0xc0eb85285d83217cd7c891702bcbc0fc401e2d9d,0x6a29692cbd58502c6f38b8059e8a38ad8968c3c62349395125ae77c6ce8f34a2
123,5962.57628479,0.7751349170230126,0x676673355a000bfbece32d046fbd252d3596b572,2017-10-28T21:53:31.000Z,0.00013000000000005244,0x5933ec2852dc662a5df3ba42744a8472e17c7866,buy,0xc0eb85285d83217cd7c891702bcbc0fc401e2d9d,0x6eb222b26f9b5ce5534c8c33ca3c8bc0799b660ac7e2b9c0a435aef1d9ddb59e
124,8385.03,1.089215397,0x676673355a000bfbece32d046fbd252d3596b572,2017-10-28T21:50:32.000Z,0.0001299,0xfbf7dc0756a9768d0c71aea5f8421f3b1eaee7d1,buy,0xc0eb85285d83217cd7c891702bcbc0fc401e2d9d,0x6d23d308e8541c091f97ec4f2dddee53ae3c98e84a08ec70059bbf54696ba38f
125,1607.27149992,0.20878456783969698,0x676673355a000bfbece32d046fbd252d3596b572,2017-10-28T21:42:19.000Z,0.00012990000000005536,0xfbf7dc0756a9768d0c71aea5f8421f3b1eaee7d1,buy,0xc0eb85285d83217cd7c891702bcbc0fc401e2d9d,0xd8a86989585234398d244586fac89b450dd28e2190b53dac2fd3353ef501b4d9
126,3000,0.3894,0x676673355a000bfbece32d046fbd252d3596b572,2017-10-28T21:40:30.000Z,0.0001298,0x9dd88b1688123b181e09bb98554e31354e8ceb1b,buy,0xc0eb85285d83217cd7c891702bcbc0fc401e2d9d,0x1282bca312736cf2ce470cd9b549e6cc981355be0e51b51e08deccb40728a07b
127,3.8491147,0.0005,0xe444a40689f51f63bcd29910622035707d533d29,2017-10-28T20:38:50.000Z,0.000129900000122106,0xfbf7dc0756a9768d0c71aea5f8421f3b1eaee7d1,buy,0xc0eb85285d83217cd7c891702bcbc0fc401e2d9d,0x62af2ea38a81ba8c515798714e2c9256038e8292ff7a015604af16bee4928a41
128,3.8491147,0.0005,0x34f9560c63078eb61872a4dc2ccd20e21c34feaf,2017-10-28T20:37:37.000Z,0.000129900000122106,0xfbf7dc0756a9768d0c71aea5f8421f3b1eaee7d1,buy,0xc0eb85285d83217cd7c891702bcbc0fc401e2d9d,0x5bec29cda5aba25d589b893b539f86ea6c16b9c2ddccb87894f34d20ea0d02ab
129,2205.09000106,0.257113494123596,0x6c740de60199b0634e9fc683dcba6061abc1ddd6,2017-10-28T16:43:46.000Z,0.0001166,0x1ed014aec47fae44c9e55bac7662c0b78ae61798,sell,0xc0eb85285d83217cd7c891702bcbc0fc401e2d9d,0x8d0fd981a756b44f99b1a95eb2805392fff04609179c6f6028808e455b9c22e4
130,1.55,0.0002015,0x9822d473b37741449b7e3b956c3e537792fbca46,2017-10-28T16:24:57.000Z,0.00013,0x5933ec2852dc662a5df3ba42744a8472e17c7866,buy,0xc0eb85285d83217cd7c891702bcbc0fc401e2d9d,0xcc7747c8c74b9937f925d17ae796f34e0283f0515c7e79d7e83a6f5827745bd7
131,3000,0.3633,0x9dd88b1688123b181e09bb98554e31354e8ceb1b,2017-10-28T12:41:47.000Z,0.0001211,0x402bea62d51ad0b19921e6a4f0fae91dc92f49dd,sell,0xc0eb85285d83217cd7c891702bcbc0fc401e2d9d,0x0b3ce58d392341e1f79cc7cb5d3ef64aa6e750e234e365b9b8f78adabbbd218e
132,61852,8.844836,0x974238b4404d99ac81576c71def4e06e7adbfe31,2017-10-28T11:54:04.000Z,0.000143,0xca2832b263c862fb6a02653c7d7b74832fded5bf,buy,0xc0eb85285d83217cd7c891702bcbc0fc401e2d9d,0x389410d1c7079194878577e2d1740e7cba5a4c8da050ceb87ef39ece8e9adc89
133,10000,1.3,0x974238b4404d99ac81576c71def4e06e7adbfe31,2017-10-28T11:53:37.000Z,0.00013,0x65eb3bcb984ad4a14483440bb47e5ebb33242382,buy,0xc0eb85285d83217cd7c891702bcbc0fc401e2d9d,0xeff4f0cb953354278b303a8788fd5767009fc9e15179c3ba3d90f3c8c7bc8f18
134,10000,1.28,0xd263c1afc85a744290fe135704d0681c5cb02c2c,2017-10-28T11:51:38.000Z,0.000128,0x65eb3bcb984ad4a14483440bb47e5ebb33242382,sell,0xc0eb85285d83217cd7c891702bcbc0fc401e2d9d,0xc356d26e22e184e5b45cac41ce7e42679dd236c204a28f46f1976a8c60377164
135,7750,0.99975,0x7ab42988b4e1c6031e487819028ea0f5c9a65750,2017-10-28T11:51:14.000Z,0.000129,0x65eb3bcb984ad4a14483440bb47e5ebb33242382,sell,0xc0eb85285d83217cd7c891702bcbc0fc401e2d9d,0x2b9f660c0814c6a23a4f318022fb3859e58d6bd6d476207e281a37bdf3f34091
136,10000,1.282,0xfbf7dc0756a9768d0c71aea5f8421f3b1eaee7d1,2017-10-28T11:42:22.000Z,0.0001282,0x5933ec2852dc662a5df3ba42744a8472e17c7866,sell,0xc0eb85285d83217cd7c891702bcbc0fc401e2d9d,0x1bad03fd20c93f4521d84ecaef56a5e13e7f64b7d06e7bf723c204f27da78e3b
137,498.45479114,0.0672913968039,0x9822d473b37741449b7e3b956c3e537792fbca46,2017-10-28T11:15:16.000Z,0.000135,0xaa71db4119bd9bd7d9aba7c078e67b8084043fb3,sell,0xc0eb85285d83217cd7c891702bcbc0fc401e2d9d,0xafe111ecc8a5d739e9fcd6799912e27f1e5925b57a4b52a80d85c9eaa57ea560
138,0.00993829,0.00000134166915,0x9822d473b37741449b7e3b956c3e537792fbca46,2017-10-28T11:11:38.000Z,0.000135,0xaa71db4119bd9bd7d9aba7c078e67b8084043fb3,sell,0xc0eb85285d83217cd7c891702bcbc0fc401e2d9d,0x6c830f56a5f3821b5df6e982268746907b09c0284aa32c548b4cc0a56b7d0bea
139,6312.43152352,0.80799123501056,0xf5c3aac0c835e888d0a4e7b10c51224621d5c02e,2017-10-28T11:08:37.000Z,0.000128,0xab296c308b24c972b60a662262f144eeefc27ec8,sell,0xc0eb85285d83217cd7c891702bcbc0fc401e2d9d,0xa01f2801b22d831448c7ad1c6741e112f9b38cf456e7c1dca4fb1097389cf318
140,0.61245703,0.00007839449984,0xf5c3aac0c835e888d0a4e7b10c51224621d5c02e,2017-10-28T10:58:14.000Z,0.000128,0xab296c308b24c972b60a662262f144eeefc27ec8,sell,0xc0eb85285d83217cd7c891702bcbc0fc401e2d9d,0xd9a4a625bb25c78c81d11628c13fc3bc4640cf52cbc8943cc127906dd33a5f5d
141,9000,1.1529,0xd2b04839bb1005731a0250888c45dfac7429150b,2017-10-28T10:44:00.000Z,0.0001281,0x3795f9907f35dd3df303ccee7078bc5f420d8ae1,sell,0xc0eb85285d83217cd7c891702bcbc0fc401e2d9d,0x19c298699da8020eb20bab4accec879aebb46423b1d07074345eac784e48bb6c
142,5640,0.78396,0x23f2030563a7bbb9369eea4447eb1475f51b6bdf,2017-10-28T10:34:39.000Z,0.000139,0xd2b04839bb1005731a0250888c45dfac7429150b,buy,0xc0eb85285d83217cd7c891702bcbc0fc401e2d9d,0x8fe08e7f9efa27e766e9fd0c563e6b066252e1b347af04c38bbcefaadee4b38d
143,24990,3.4983501,0x23f2030563a7bbb9369eea4447eb1475f51b6bdf,2017-10-28T10:33:36.000Z,0.00013999,0x388715261644447d03809a8bd851709315fe7003,buy,0xc0eb85285d83217cd7c891702bcbc0fc401e2d9d,0x6727994fdcc56b4ced30fc851b9fd17eac92b1e9fb9312f79470749afc261df8
144,33787,4.696393,0x23f2030563a7bbb9369eea4447eb1475f51b6bdf,2017-10-28T10:33:36.000Z,0.000139,0xca2832b263c862fb6a02653c7d7b74832fded5bf,buy,0xc0eb85285d83217cd7c891702bcbc0fc401e2d9d,0xf4667427e2014da89886f59661a4dd5606892f47288d0fb534658753b67b8fd4
145,99.69095803,0.012770411723643,0xd2b04839bb1005731a0250888c45dfac7429150b,2017-10-28T10:19:23.000Z,0.0001281,0xaa71db4119bd9bd7d9aba7c078e67b8084043fb3,sell,0xc0eb85285d83217cd7c891702bcbc0fc401e2d9d,0x744101f1ffcf25add92494277e90300bfe8b36e2a3a1937ad1d7a7694d3e9df1
146,2560,0.35584,0x701855273b899484cdc73be08ea29861b3c4b07a,2017-10-28T09:56:04.000Z,0.000139,0xd2b04839bb1005731a0250888c45dfac7429150b,buy,0xc0eb85285d83217cd7c891702bcbc0fc401e2d9d,0x5bed9cbc96e73f00cedb48c823b3574d7aefcc2f9b61601e8fcc09e9a8a52f72
147,1440,0.1944,0x701855273b899484cdc73be08ea29861b3c4b07a,2017-10-28T09:49:20.000Z,0.000135,0xf5c3aac0c835e888d0a4e7b10c51224621d5c02e,buy,0xc0eb85285d83217cd7c891702bcbc0fc401e2d9d,0xc0a89585e51cf3c2175d5a7dbf5e1c7637710481baaaf1266b9929e2b9d22dfc
148,1580,0.2211842,0x074eb01c33023ac13034b0bdea31d67fb71d414e,2017-10-28T08:54:05.000Z,0.00013999,0x388715261644447d03809a8bd851709315fe7003,buy,0xc0eb85285d83217cd7c891702bcbc0fc401e2d9d,0x99f3490ee3436cc88991dcb9567f6a7850d264d1437d2c50c90bb694a57b22e8
149,100,0.012,0xd263c1afc85a744290fe135704d0681c5cb02c2c,2017-10-28T08:13:56.000Z,0.00012,0x261032737eb250b0688e81ce9628ec395601e19f,buy,0xc0eb85285d83217cd7c891702bcbc0fc401e2d9d,0x5092c5b9485645ce74d073db7457f26d03b75ead4daf637e07c50715eab37156
150,1000,0.144868,0x074eb01c33023ac13034b0bdea31d67fb71d414e,2017-10-28T08:11:43.000Z,0.000144868,0xe163a2de09db61748235272dabde724d44fa48f5,buy,0xc0eb85285d83217cd7c891702bcbc0fc401e2d9d,0x254b5e5a563de9ce293ad5bd223904f46166c0fe3dd49fa6f1da68a0e4fb2202
151,1000,0.131,0x074eb01c33023ac13034b0bdea31d67fb71d414e,2017-10-28T08:10:04.000Z,0.000131,0x1fb9f5abd2c8c8e7e34f1738682d76d8704d1f8b,buy,0xc0eb85285d83217cd7c891702bcbc0fc401e2d9d,0x99f081197fbdc880458f3e34d9b7bde9a6a67f643d3b894af2c76c9f12de11c5
152,134,0.01606392,0x074eb01c33023ac13034b0bdea31d67fb71d414e,2017-10-28T08:09:44.000Z,0.00011988,0x261032737eb250b0688e81ce9628ec395601e19f,buy,0xc0eb85285d83217cd7c891702bcbc0fc401e2d9d,0x8eb95b671a5acd2050a8dd47dec494fb954463b8a6b21615fa5c7d08d39c5434
153,243,0.0310068,0xd263c1afc85a744290fe135704d0681c5cb02c2c,2017-10-28T08:09:10.000Z,0.0001276,0x261032737eb250b0688e81ce9628ec395601e19f,buy,0xc0eb85285d83217cd7c891702bcbc0fc401e2d9d,0xb6723a4192fabb4d013b21c67f1b50432184f5d011540f00e8ac456ece9dbef9
154,312,0.03886272,0xd263c1afc85a744290fe135704d0681c5cb02c2c,2017-10-28T08:04:35.000Z,0.00012456,0x261032737eb250b0688e81ce9628ec395601e19f,buy,0xc0eb85285d83217cd7c891702bcbc0fc401e2d9d,0x8a009a363fd6577f7c8740e0e262b234ce53598653ccb21b9f521299bab9297a
155,100,0.0115,0xd263c1afc85a744290fe135704d0681c5cb02c2c,2017-10-28T08:01:35.000Z,0.000115,0x261032737eb250b0688e81ce9628ec395601e19f,buy,0xc0eb85285d83217cd7c891702bcbc0fc401e2d9d,0x2953f7d0ee5b700603bca327c60bc7d79524bf76fc57cf575a06d3650b0f900b
156,71,0.008165,0xd263c1afc85a744290fe135704d0681c5cb02c2c,2017-10-28T07:57:31.000Z,0.000115,0x261032737eb250b0688e81ce9628ec395601e19f,buy,0xc0eb85285d83217cd7c891702bcbc0fc401e2d9d,0x12c655f6d04c3211cd5c21458e790193d7f9d56d465201fbb10d86821dcb4994
157,35,0.004025,0xb19adca5a2f9b56b1bc211c34088582701c210d0,2017-10-28T07:56:43.000Z,0.000115,0x261032737eb250b0688e81ce9628ec395601e19f,sell,0xc0eb85285d83217cd7c891702bcbc0fc401e2d9d,0x513155ef31648d4745cf838a959e3ec671266668ee2c984fedca97e0fe595703
158,996.9095803,0.112630844382294,0x261032737eb250b0688e81ce9628ec395601e19f,2017-10-28T07:56:05.000Z,0.00011298,0x01669fe4d8196c981ecbffe5631b1874c818245e,sell,0xc0eb85285d83217cd7c891702bcbc0fc401e2d9d,0xcb9bb65012cbc7079d52a0da6f97ed2ecc035d7795e88d246a5ede178d9f3610
159,35,0.004305,0xb19adca5a2f9b56b1bc211c34088582701c210d0,2017-10-28T07:55:51.000Z,0.000123,0x261032737eb250b0688e81ce9628ec395601e19f,sell,0xc0eb85285d83217cd7c891702bcbc0fc401e2d9d,0xd32324414df9ef4c3312ef4d0411c0ac8af9bc870acacdef0c2b751e8322bc50
160,229,0.026335,0xd2ea382e498316d91b9de8557670149b479721a0,2017-10-28T07:53:18.000Z,0.000115,0x261032737eb250b0688e81ce9628ec395601e19f,buy,0xc0eb85285d83217cd7c891702bcbc0fc401e2d9d,0x9f43c771dddf295bf509604645455c3403b1fe81dabf71ebbdfa76505264fdc1
161,228.313,0.029909003,0x1a0c07aff71af6ff88d05481d23afba20f7d9512,2017-10-28T07:53:18.000Z,0.000131,0xd2ea382e498316d91b9de8557670149b479721a0,sell,0xc0eb85285d83217cd7c891702bcbc0fc401e2d9d,0x9f43c771dddf295bf509604645455c3403b1fe81dabf71ebbdfa76505264fdc1
162,19167.30100051,2.1296979814676664,0xca2832b263c862fb6a02653c7d7b74832fded5bf,2017-10-28T07:21:44.000Z,0.000111111,0x3bf6e8e9759fe42f1f1a43a2d30fad255dec01fe,sell,0xc0eb85285d83217cd7c891702bcbc0fc401e2d9d,0x87093f925755262c864e6440a1ed515c7c773a2f5544495a3859d3b0371d2fac
163,3000,0.3708,0x1c412ea2c3132f611e42a963c33d2959e77aa41d,2017-10-28T07:16:22.000Z,0.0001236,0x3bf6e8e9759fe42f1f1a43a2d30fad255dec01fe,sell,0xc0eb85285d83217cd7c891702bcbc0fc401e2d9d,0x3f076d2e8f33060a0ed0e68a232e23808609b4210096cd845784dba96906a5fe
164,8482,1.024430514,0xf4381d04158f4809ce2324f48c465fe2ba79a884,2017-10-28T07:13:31.000Z,0.000120777,0x3bf6e8e9759fe42f1f1a43a2d30fad255dec01fe,sell,0xc0eb85285d83217cd7c891702bcbc0fc401e2d9d,0x89851746b23364097cf521d47f4b2c423c5c94a7e5a6c11d423dcfac84b45b6b
165,1000,0.1251,0xd2b04839bb1005731a0250888c45dfac7429150b,2017-10-28T06:53:13.000Z,0.0001251,0x1fb9f5abd2c8c8e7e34f1738682d76d8704d1f8b,sell,0xc0eb85285d83217cd7c891702bcbc0fc401e2d9d,0x9f2b86186d6fca2d55b0abeafff19ca53b129701792fa0d40bc83d747636b250
166,7200,0.90072,0xd2b04839bb1005731a0250888c45dfac7429150b,2017-10-28T06:25:24.000Z,0.0001251,0x5104efc872d45dba3a97bf02aebe240dfc283321,sell,0xc0eb85285d83217cd7c891702bcbc0fc401e2d9d,0xdc1fd2b9d23f0d720ddd81af30fa0a65d93dab885fe4281ec67bba125eaf5c17
167,440.258,0.056353024,0xf5c3aac0c835e888d0a4e7b10c51224621d5c02e,2017-10-28T06:24:23.000Z,0.000128,0x5104efc872d45dba3a97bf02aebe240dfc283321,sell,0xc0eb85285d83217cd7c891702bcbc0fc401e2d9d,0x40933e167b12b7d5ec6b7facfee52f5cd5d0a4b6bb303a52712faba0c5964ebe
168,2311,0.30043,0x44525d0e03fedd63445fa53c9aed398ce9df5f06,2017-10-28T06:24:23.000Z,0.00013,0x5104efc872d45dba3a97bf02aebe240dfc283321,sell,0xc0eb85285d83217cd7c891702bcbc0fc401e2d9d,0xf70ff7743aea5b496db60f44f046e3665b446766ff547c5c113879af059788c2
169,1.22167751,0.0001576696994406,0x5b42d5649195e98f7bbaf1080d34f9afd754f5da,2017-10-28T05:29:51.000Z,0.00012906,0x3fef3e85b09a340029b9eee96c63c239a22e7a36,sell,0xc0eb85285d83217cd7c891702bcbc0fc401e2d9d,0x40af243655dfd00ae20f30cd71d5aeff9dc7a0845a693453ce4791b89940b0ef
170,6143.55636948,0.7928873850450888,0x5b42d5649195e98f7bbaf1080d34f9afd754f5da,2017-10-28T05:28:28.000Z,0.00012906,0xab296c308b24c972b60a662262f144eeefc27ec8,sell,0xc0eb85285d83217cd7c891702bcbc0fc401e2d9d,0x22dd193e1d3f4c6534db55cb55a75198f18286c0dfab75edd5155c7b14cfc8d8
171,12254.6470325,1.6298680553225,0x5b42d5649195e98f7bbaf1080d34f9afd754f5da,2017-10-28T05:17:41.000Z,0.000133,0x3fef3e85b09a340029b9eee96c63c239a22e7a36,sell,0xc0eb85285d83217cd7c891702bcbc0fc401e2d9d,0x2e104b21152001f53756c46281d8852bc04c819cfdda3b8dae35ee6ad0e0b2d8
172,6364.38297916,0.84646293622828,0x5b42d5649195e98f7bbaf1080d34f9afd754f5da,2017-10-28T05:14:03.000Z,0.000133,0x3fef3e85b09a340029b9eee96c63c239a22e7a36,sell,0xc0eb85285d83217cd7c891702bcbc0fc401e2d9d,0x62b566a6dabb567bdaa4eaa021a132f7c1e00626743c81cb0beb9055b74d8ac7
173,4236.05783537,0.56763174993958,0x2ea6bd58bc3555faeebf4d5b31164d52079b9832,2017-10-28T05:12:52.000Z,0.000134,0x3fef3e85b09a340029b9eee96c63c239a22e7a36,sell,0xc0eb85285d83217cd7c891702bcbc0fc401e2d9d,0x4214ba5289a626eda8783744d672fbc4fe568f1a8ce6e85042eb40ebe5a785d1
174,6013.94216463,0.80586825006042,0x2ea6bd58bc3555faeebf4d5b31164d52079b9832,2017-10-28T04:57:34.000Z,0.000134,0xab296c308b24c972b60a662262f144eeefc27ec8,sell,0xc0eb85285d83217cd7c891702bcbc0fc401e2d9d,0x91b2e9587a95071f64cdf995534e70112616cf1a727bb7b59661fe035d36ffc5
175,5853.85338897,0.7610009405661,0x5b42d5649195e98f7bbaf1080d34f9afd754f5da,2017-10-28T03:07:47.000Z,0.00013,0xab296c308b24c972b60a662262f144eeefc27ec8,sell,0xc0eb85285d83217cd7c891702bcbc0fc401e2d9d,0x86a1c03f3e9df73175391d8156e341f017f146514ab7192f669265a466cbdefb
176,28800,4.176,0x229c5620230026a87392d086a2174debb88642f7,2017-10-28T02:50:48.000Z,0.000145,0xca2832b263c862fb6a02653c7d7b74832fded5bf,buy,0xc0eb85285d83217cd7c891702bcbc0fc401e2d9d,0x895528d0e6a40546bbf8149ee3414e6f3c95f05bca0db217cf2a237a815fca90
177,7500,1.0875,0x46371f0751e243fef7b626031cffb8489d47e6c0,2017-10-28T02:50:05.000Z,0.000145,0xca2832b263c862fb6a02653c7d7b74832fded5bf,buy,0xc0eb85285d83217cd7c891702bcbc0fc401e2d9d,0x345842a5b8fcbe0c9f235553678420ed4f1dba231cb9e2f01ce39e0d8102e1cf
178,1223,0.176112,0x229c5620230026a87392d086a2174debb88642f7,2017-10-28T02:49:00.000Z,0.000144,0xf5c3aac0c835e888d0a4e7b10c51224621d5c02e,buy,0xc0eb85285d83217cd7c891702bcbc0fc401e2d9d,0x9e8b6447236aaf07ad04b26342301ac04e9dc8828877e8330be7c3a19b05a592
179,20000,2.88,0x229c5620230026a87392d086a2174debb88642f7,2017-10-28T02:42:24.000Z,0.000144,0xf5c3aac0c835e888d0a4e7b10c51224621d5c02e,buy,0xc0eb85285d83217cd7c891702bcbc0fc401e2d9d,0xafc118a23b5862fde839c64d151e78876b6dcc218c8eed4d267303e325c2b8cc
180,845.65433363,0.1226198783770312,0x674c377f47493a89f3e1249bc11a2b85626c7755,2017-10-28T01:20:18.000Z,0.00014500000000080554,0xca2832b263c862fb6a02653c7d7b74832fded5bf,buy,0xc0eb85285d83217cd7c891702bcbc0fc401e2d9d,0x04d003c65f25dbc37c15fd318d46483c83495c933392ccefbee7982c05ee95a9
181,7345,1.0642905,0x9fc54ec6e174daab67dc510342eee6c91cf1ac3b,2017-10-28T00:45:18.000Z,0.0001449,0xd2b04839bb1005731a0250888c45dfac7429150b,buy,0xc0eb85285d83217cd7c891702bcbc0fc401e2d9d,0x7ace9f1b5cc442ece5c3257d37ef90a40814b478dff7c76680b6fd3a98ccee71
182,500,0.07,0x9fc54ec6e174daab67dc510342eee6c91cf1ac3b,2017-10-27T23:40:55.000Z,0.00014,0x13512137d004d3e8d919ced5f5f7119934917c11,buy,0xc0eb85285d83217cd7c891702bcbc0fc401e2d9d,0xa1373e4c4ae373476bc1f57a55c8e30975900aa17084c6cae2520e1ea1c419b1
183,39827.67916576,4.97845989572,0xca2832b263c862fb6a02653c7d7b74832fded5bf,2017-10-27T20:25:19.000Z,0.000125,0x73255d98f7ac75beb5397febd37db3b3650d8156,sell,0xc0eb85285d83217cd7c891702bcbc0fc401e2d9d,0xa82d2d5fb9851717b8f3e6e61c9f9f3d1c338bceff88f2c11b316fa1b19cb2cc
184,5069,0.6554217,0xda896bd9e964386f7343414a646c8ef75d5ae009,2017-10-27T20:20:14.000Z,0.0001293,0x73255d98f7ac75beb5397febd37db3b3650d8156,sell,0xc0eb85285d83217cd7c891702bcbc0fc401e2d9d,0xf936322a89d2e4a628c9a786cb33a682a7a6b6e28ad6f283e358f86c7fcc2c04
185,7500,0.969405,0x813078b302a6de97ce32e3c7a6bd61e2ffd80eb2,2017-10-27T20:20:14.000Z,0.000129254,0x73255d98f7ac75beb5397febd37db3b3650d8156,sell,0xc0eb85285d83217cd7c891702bcbc0fc401e2d9d,0x3b4555b26b27ffcd2b6b429084a136e81a300725f75916b22df8a42965d2fcc0
186,1060,0.1378,0x7346d32e8320bbd1e7de72bcbf14bef8708c52af,2017-10-27T20:20:14.000Z,0.00013,0x73255d98f7ac75beb5397febd37db3b3650d8156,sell,0xc0eb85285d83217cd7c891702bcbc0fc401e2d9d,0x7f0c93560e43986010cbecd737a1903c7c9e72dd1820a842e552696d90339f45
187,22446,2.873088,0xbcacd12c60a5a4dc708dc8c2ca463497bc0b81b6,2017-10-27T20:20:14.000Z,0.000128,0x73255d98f7ac75beb5397febd37db3b3650d8156,sell,0xc0eb85285d83217cd7c891702bcbc0fc401e2d9d,0x5570aeede551eba8a2b51a541a8255b993f9c44cce532bc935a4e51d2019bd4f
188,7300,0.93586,0x8293fdc6648dcd00b9194dfa0ab731b51e294f66,2017-10-27T20:20:14.000Z,0.0001282,0x73255d98f7ac75beb5397febd37db3b3650d8156,sell,0xc0eb85285d83217cd7c891702bcbc0fc401e2d9d,0x4febf80c3b229e2d5d3329955a4f725b7cb6bf992b7983e82b5414c249b15f39
189,7000,0.924,0xd2b04839bb1005731a0250888c45dfac7429150b,2017-10-27T20:19:22.000Z,0.000132,0x73255d98f7ac75beb5397febd37db3b3650d8156,sell,0xc0eb85285d83217cd7c891702bcbc0fc401e2d9d,0x8e0e9aa66b199ff7f232a92d64d4b69139ac8abb8c7b3ea0273178fdbf9b27e6
190,3815,0.499765,0x492842125e4c3a7d10cda0e0291ea22788e4ad60,2017-10-27T20:19:22.000Z,0.000131,0x73255d98f7ac75beb5397febd37db3b3650d8156,sell,0xc0eb85285d83217cd7c891702bcbc0fc401e2d9d,0x15a9341cfbd647ee8198e7ff1f9538e4e7bc148fe36f481b0eba4d8c29cc5789
191,27.266,0.0037654346,0x1804111464a198d8b0450bdbf7cb9fd65a903baf,2017-10-27T19:39:16.000Z,0.0001381,0x0c66b630309b303f9b68d81e23a698a9ecf55f66,sell,0xc0eb85285d83217cd7c891702bcbc0fc401e2d9d,0x5b69fced5a59ca6961daa1410fe9ec9690217ac6c221f555fd24e1841b98d2ec
192,15000,2.04,0x5d3fa618ddb6b8f2d400775cd550b300e63dcbdc,2017-10-27T19:04:40.000Z,0.000136,0x0c66b630309b303f9b68d81e23a698a9ecf55f66,sell,0xc0eb85285d83217cd7c891702bcbc0fc401e2d9d,0xa78cff7714205143286013c2f02cf189588e939612f28e2d937e8bc5c0499c22
193,500,0.06915,0x13512137d004d3e8d919ced5f5f7119934917c11,2017-10-27T19:04:08.000Z,0.0001383,0x0c66b630309b303f9b68d81e23a698a9ecf55f66,sell,0xc0eb85285d83217cd7c891702bcbc0fc401e2d9d,0xfc1146b27b6bf0a725e5660d696564be3831c460e680776002517da89e22c188
194,1169,0.18704,0x045b4f21a31953f9a51f54124cf1d791dd030dc9,2017-10-27T16:56:42.000Z,0.00016,0xe1821d597e7ffe1d523a0ffd121de7d4e6f2d299,buy,0xc0eb85285d83217cd7c891702bcbc0fc401e2d9d,0x261034f14acb8ddd1be592cf6bc4b7c3eb9b0b6ae8a4fb5ffb30405536e11cde
195,300,0.0434997,0x045b4f21a31953f9a51f54124cf1d791dd030dc9,2017-10-27T16:56:30.000Z,0.000144999,0xca8fb605770b7cb6bd60ce3b4932720b87f6a8f5,buy,0xc0eb85285d83217cd7c891702bcbc0fc401e2d9d,0xef0d724f007f8f02a677f0ec434e597dcf5a49c2d099e336688b81287c8cf918
196,346.069,0.04498897,0x7aa6e2506316f6d613277d4f2f4e4e1dc55e528e,2017-10-27T15:57:20.000Z,0.00013,0x04f97ac466db7ea5f1510be1e98d0b4f5ef91fd7,buy,0xc0eb85285d83217cd7c891702bcbc0fc401e2d9d,0x7b8eabc0cfdf985b9b80f3d705d950cfceda7e41a1f480aed4418d80f3fa40d2
197,345.030793,0.0476832555926,0xd2b04839bb1005731a0250888c45dfac7429150b,2017-10-27T15:57:20.000Z,0.0001382,0x7aa6e2506316f6d613277d4f2f4e4e1dc55e528e,sell,0xc0eb85285d83217cd7c891702bcbc0fc401e2d9d,0x7b8eabc0cfdf985b9b80f3d705d950cfceda7e41a1f480aed4418d80f3fa40d2
198,1200,0.1788,0x5776300ed4582980d081d693487d8e91c8eb5f75,2017-10-27T15:31:12.000Z,0.000149,0xca2832b263c862fb6a02653c7d7b74832fded5bf,buy,0xc0eb85285d83217cd7c891702bcbc0fc401e2d9d,0x7d69a4cf337e6bd1d63535cd74046410d29770d947c644db9597084e1fda7acc
199,2761,0.411389,0x5776300ed4582980d081d693487d8e91c8eb5f75,2017-10-27T15:30:55.000Z,0.000149,0x56a331aa13c963f3f57b3e474bf68316bc42c60c,buy,0xc0eb85285d83217cd7c891702bcbc0fc401e2d9d,0xf16f25d2afea4b80b63368dbc798f888a5cba2efdb499643cc465592370dda75
200,2000,0.298,0x5776300ed4582980d081d693487d8e91c8eb5f75,2017-10-27T15:30:55.000Z,0.000149,0x6f2f77791e8d219f73abaabdf45e7a91bf11b10a,buy,0xc0eb85285d83217cd7c891702bcbc0fc401e2d9d,0x6138790c29f6ff2b253f8a83345595353660863d78bcbb2f05e75565e12b527b
201,21500,3.2035,0x5776300ed4582980d081d693487d8e91c8eb5f75,2017-10-27T15:24:06.000Z,0.000149,0xca2832b263c862fb6a02653c7d7b74832fded5bf,buy,0xc0eb85285d83217cd7c891702bcbc0fc401e2d9d,0x5c2e483bda721fe42608cb64561ae25e186e3787e0bc735894d39a9f5e253ce3
202,452.573,0.062455526573,0xd20b849774c91fbf464a8375a97c7718b73a90e4,2017-10-27T14:44:18.000Z,0.000138001,0x04f97ac466db7ea5f1510be1e98d0b4f5ef91fd7,sell,0xc0eb85285d83217cd7c891702bcbc0fc401e2d9d,0x3854b42a24f0befb7a5845153c675af60cd5476b7d56790de377cfcb9b80a7f0
203,2150.241,0.311782794759,0x6f45cf56760ed1a988d7d845687adb01d6c42e86,2017-10-27T11:17:46.000Z,0.000144999,0x249c0c8291399b259711a497ab480b8b6105ea15,buy,0xc0eb85285d83217cd7c891702bcbc0fc401e2d9d,0x036807191538b05ec53bd118b1d1f97d39b67677687ddd29f9676d15ddb43f7e
204,8888,1.279872,0xb95d753d130b387f0189d67d6b46f023966ae6b6,2017-10-27T10:24:59.000Z,0.000144,0x0c66b630309b303f9b68d81e23a698a9ecf55f66,buy,0xc0eb85285d83217cd7c891702bcbc0fc401e2d9d,0x89c255cc428d5de76effa3c7db867b995bf36e3f516e4ddab53493b1c83fb229
205,1322,0.189707,0xb95d753d130b387f0189d67d6b46f023966ae6b6,2017-10-27T10:24:59.000Z,0.0001435,0xfbf7dc0756a9768d0c71aea5f8421f3b1eaee7d1,buy,0xc0eb85285d83217cd7c891702bcbc0fc401e2d9d,0x6e8cd7a40f5685b6da5241fc9652eff0d35bc39c3bf561af754a0981879fbdda
206,1215.32828532,0.167836836202692,0x1804111464a198d8b0450bdbf7cb9fd65a903baf,2017-10-27T09:49:13.000Z,0.0001381,0xc6117385806bb6c7868209509e1f60e69b438a67,sell,0xc0eb85285d83217cd7c891702bcbc0fc401e2d9d,0xa1bd95dd95fc5c128a0d01e319755b8d8a91d63b529e804574180aee4b60fc81
207,4750,0.655975,0x2ea6bd58bc3555faeebf4d5b31164d52079b9832,2017-10-27T09:16:41.000Z,0.0001381,0xc6117385806bb6c7868209509e1f60e69b438a67,buy,0xc0eb85285d83217cd7c891702bcbc0fc401e2d9d,0x964b68239e5fdabc967c672ab9e409c185226a0077395cb7b080012825673dfa
208,4000,0.5524,0x0b42689410ba244ab61a8f90a9bc28bad7fe8e94,2017-10-27T09:15:51.000Z,0.0001381,0xc6117385806bb6c7868209509e1f60e69b438a67,buy,0xc0eb85285d83217cd7c891702bcbc0fc401e2d9d,0x7410d370e2111a5715ec94fb62eac13c80f0d888e9e98bdc4bdc37331d143679
209,4700,0.65001,0x1804111464a198d8b0450bdbf7cb9fd65a903baf,2017-10-27T08:20:07.000Z,0.0001383,0x0c66b630309b303f9b68d81e23a698a9ecf55f66,sell,0xc0eb85285d83217cd7c891702bcbc0fc401e2d9d,0x4287fa32d39617590c97be29c5cfcebbf464d9296dbde0aff300cd5720db6929
210,10000,1.382,0x60684dfb5e9d6d43ac11d3cf95860a3e86ebc336,2017-10-27T08:20:07.000Z,0.0001382,0x0c66b630309b303f9b68d81e23a698a9ecf55f66,sell,0xc0eb85285d83217cd7c891702bcbc0fc401e2d9d,0xc7bdebc50b73c0d1f1e6672e5d4708736991e985fdb8d7268f50172dbe2562c7
211,3397.4266182,0.4688482707382182,0xd20b849774c91fbf464a8375a97c7718b73a90e4,2017-10-27T05:44:23.000Z,0.000138001,0x39b421eaf279c35f69afb85c8762d1d7a3511c98,sell,0xc0eb85285d83217cd7c891702bcbc0fc401e2d9d,0xd354578d2fb67a8f76797fb5e480e6769e43d9de84220a1eda94548c8186064b
212,20,0.00278,0xc3e7f39030093ebebc1f8fd66f63a468ea91d3d9,2017-10-27T05:42:04.000Z,0.000139,0x39b421eaf279c35f69afb85c8762d1d7a3511c98,sell,0xc0eb85285d83217cd7c891702bcbc0fc401e2d9d,0x9755c634a681e11fd70222bed3f6076a7ff12054d94862e4b36c4da7e28c19ea
213,331.358,0.047052836,0x5d787c33a3c7293e563d0586d06e84e83ea69e05,2017-10-27T05:41:23.000Z,0.000142,0x39b421eaf279c35f69afb85c8762d1d7a3511c98,sell,0xc0eb85285d83217cd7c891702bcbc0fc401e2d9d,0x9e0d6045fa87c8fbdf3ef5010b57e187c80a1675676abfe69a8260ea78fff056
214,3920,0.545664,0xc3e7f39030093ebebc1f8fd66f63a468ea91d3d9,2017-10-27T05:41:00.000Z,0.0001392,0x39b421eaf279c35f69afb85c8762d1d7a3511c98,sell,0xc0eb85285d83217cd7c891702bcbc0fc401e2d9d,0xa47f71f5c6a292d8030f2e33d3b364a09654c809d7472f6503b2d5c24d05c343
215,272.02754932,0.03862791200344,0x5d787c33a3c7293e563d0586d06e84e83ea69e05,2017-10-27T05:35:50.000Z,0.000142,0x5933ec2852dc662a5df3ba42744a8472e17c7866,sell,0xc0eb85285d83217cd7c891702bcbc0fc401e2d9d,0x1367bb68e2a5f16e97600cc3a9852787ac03399db1e685b8feb32e0e920b6909
216,1999.88252944,0.278583636350992,0x7b244d68eb56ecd987add165c1cdb374e0787b01,2017-10-27T05:34:32.000Z,0.0001393,0x5933ec2852dc662a5df3ba42744a8472e17c7866,sell,0xc0eb85285d83217cd7c891702bcbc0fc401e2d9d,0x0b0d1c3786929c61c507e996758a06a880e633f50876561ddb3279d54f1c41d4
217,4749,0.6615357,0x61de80d95e4dc339c3340cba8cd697f9c89194c6,2017-10-27T05:33:59.000Z,0.0001393,0x5933ec2852dc662a5df3ba42744a8472e17c7866,sell,0xc0eb85285d83217cd7c891702bcbc0fc401e2d9d,0x95f658b69eb336c3b59915e3c86db5b6125b1ff1fd959367b60da03af9d2fd6c
218,769.61419599,0.10928521583058,0x5d787c33a3c7293e563d0586d06e84e83ea69e05,2017-10-27T05:33:59.000Z,0.000142,0x78d92e35f1ce5275f909a80f3c515fc400dc92b7,sell,0xc0eb85285d83217cd7c891702bcbc0fc401e2d9d,0xce36df59d0618b5a766755e03f1b07998a5565dc778215be105f10ff559c0798
219,3000,0.4335,0x9d695a8167ca4186df3477ebc962ca5dd91f59c5,2017-10-27T05:22:40.000Z,0.0001445,0xfbf7dc0756a9768d0c71aea5f8421f3b1eaee7d1,buy,0xc0eb85285d83217cd7c891702bcbc0fc401e2d9d,0x474ce683a9b20bf5887f7389d4dc7ebd35b14a3a8c4bc80a06b57e10ee799ee2
220,1034.411,0.149989595,0x6fa0b1f4f0c303fe1d031a7eb3e4dc5f5c46aaf3,2017-10-27T04:39:46.000Z,0.000145,0xffc988fbe6746126d3eb0ff3472848352c093b0e,buy,0xc0eb85285d83217cd7c891702bcbc0fc401e2d9d,0x471dd468b778eb1612ca5e45e3dc092a541f676f3756e12101196a7b52829ede
221,0.11747056,0.000016363649008,0x7b244d68eb56ecd987add165c1cdb374e0787b01,2017-10-27T04:24:22.000Z,0.0001393,0x5933ec2852dc662a5df3ba42744a8472e17c7866,sell,0xc0eb85285d83217cd7c891702bcbc0fc401e2d9d,0x4f0eb3dec625ceb6d6d14b8b42ae8e0e254700fd04629874f054fe9e02fae458
222,2000,0.278,0xc3e7f39030093ebebc1f8fd66f63a468ea91d3d9,2017-10-27T03:29:04.000Z,0.000139,0x0c66b630309b303f9b68d81e23a698a9ecf55f66,sell,0xc0eb85285d83217cd7c891702bcbc0fc401e2d9d,0x5650e53b542d3909aac149539347ce04fb64248c8060fde80d8b9a1e896609de
223,20000,2.82,0xa5ae700e3b28d7b62557da89448534dd30e87835,2017-10-27T03:29:04.000Z,0.000141,0x0c66b630309b303f9b68d81e23a698a9ecf55f66,sell,0xc0eb85285d83217cd7c891702bcbc0fc401e2d9d,0x06f39ca1605d209c2b8fb9b6bf3d2daa92bfca4b82fb42f46a5de9e44aca180f
224,1885,0.265786885,0xb6b2543fcce0e7589048ca2ed93303a46f552089,2017-10-27T03:28:59.000Z,0.000141001,0x0c66b630309b303f9b68d81e23a698a9ecf55f66,sell,0xc0eb85285d83217cd7c891702bcbc0fc401e2d9d,0xc619917eb00cf9f69ea4dd5788353a3d8463980122ad48194cbd9555a811ecc1
225,2580.567,0.374182215,0x6fb9d5c7316cd93c31418bdf2881885cd74c584a,2017-10-27T03:28:53.000Z,0.000145,0x0c66b630309b303f9b68d81e23a698a9ecf55f66,sell,0xc0eb85285d83217cd7c891702bcbc0fc401e2d9d,0xd0bb47ff226fd4866da8d7fc1ae0ed9fd8bd59be6b7f2666b03202e50c1c162e
226,600,0.0867,0x83c8a38c497721e6262bc365a2a967697837cb99,2017-10-27T03:12:17.000Z,0.0001445,0xfbf7dc0756a9768d0c71aea5f8421f3b1eaee7d1,buy,0xc0eb85285d83217cd7c891702bcbc0fc401e2d9d,0x6ea1961ce17c412478982bd192e356c7114af6325fb2ca437584ae34bfc75419
227,1178.3471601,0.1708603382145,0x6fb9d5c7316cd93c31418bdf2881885cd74c584a,2017-10-27T03:10:36.000Z,0.000145,0x5933ec2852dc662a5df3ba42744a8472e17c7866,sell,0xc0eb85285d83217cd7c891702bcbc0fc401e2d9d,0x9f7164bbbc4ba92aebdcc381370a4774936baa4b103606fb67660d8e42a75d47
228,0.36294713,0.00005262733385,0x6fb9d5c7316cd93c31418bdf2881885cd74c584a,2017-10-27T03:09:40.000Z,0.000145,0x5933ec2852dc662a5df3ba42744a8472e17c7866,sell,0xc0eb85285d83217cd7c891702bcbc0fc401e2d9d,0x72b62dca97dff5feab5b45cb04af43ae97e3b14d000c9bd07b2f9990edb1d898
229,3640.72262719,0.52790478094255,0x6fb9d5c7316cd93c31418bdf2881885cd74c584a,2017-10-27T03:06:10.000Z,0.000145,0x5933ec2852dc662a5df3ba42744a8472e17c7866,sell,0xc0eb85285d83217cd7c891702bcbc0fc401e2d9d,0xbf1e6956f8cc64c92aba472ec4b1edc0204f5e0c229f8f513207a06654ff7ac5
230,2500,0.3725,0xde671fa84e29bed25b94f464b51abebb878d40b1,2017-10-27T02:00:32.000Z,0.000149,0xffc988fbe6746126d3eb0ff3472848352c093b0e,sell,0xc0eb85285d83217cd7c891702bcbc0fc401e2d9d,0x26a78fddcf0d5b7bb7aae971eac50a195c7e2c56e9b0c85cced6cf602da56d53
231,55,0.008195,0x437ed3e05ea1e2a168e9b21cbf3d328f11ed2383,2017-10-27T01:20:52.000Z,0.000149,0x56a331aa13c963f3f57b3e474bf68316bc42c60c,buy,0xc0eb85285d83217cd7c891702bcbc0fc401e2d9d,0xcb441578c7a79be78c6118cf4add5024980ba3a87a4bd4ffcc0aaf7058eb9c7b
232,9263.5783576,1.297178877414728,0xa5ae700e3b28d7b62557da89448534dd30e87835,2017-10-27T01:01:59.000Z,0.00014003,0x9778550d76b07ac9f5e57392f68ecdf6efc1774e,sell,0xc0eb85285d83217cd7c891702bcbc0fc401e2d9d,0xa4d8be7d475d8825315dd55c85551ec1bb2683f46e54880335aa35d22722dccd
233,3757,0.544765,0x44525d0e03fedd63445fa53c9aed398ce9df5f06,2017-10-27T00:42:43.000Z,0.000145,0xd7b857a341dc363c063f427472c9c1dab436a206,buy,0xc0eb85285d83217cd7c891702bcbc0fc401e2d9d,0x8046a5a0f31e29f5d9e14eca3e4450ca7c899e4acd9c59c340cea343eee33515
234,1530,0.221697,0x44525d0e03fedd63445fa53c9aed398ce9df5f06,2017-10-27T00:42:43.000Z,0.0001449,0xd2b04839bb1005731a0250888c45dfac7429150b,buy,0xc0eb85285d83217cd7c891702bcbc0fc401e2d9d,0x23f33b65d3466debb7bf261210e3ec98ecf1d0483b186c8dac19f7061444c212
235,2402.29,0.34833205,0x44525d0e03fedd63445fa53c9aed398ce9df5f06,2017-10-27T00:42:43.000Z,0.000145,0x5933ec2852dc662a5df3ba42744a8472e17c7866,buy,0xc0eb85285d83217cd7c891702bcbc0fc401e2d9d,0x9824394c72b8e518697773697c78940156d0302cab538620b3f6514a5bcf2e4c
236,500,0.0725,0xb7744241222f484084c5c1e76496c588f9301c86,2017-10-27T00:36:27.000Z,0.000145,0x5933ec2852dc662a5df3ba42744a8472e17c7866,buy,0xc0eb85285d83217cd7c891702bcbc0fc401e2d9d,0x7f2241154bd1b1697c84f871fa2f570147fefaa1af94bc1917f2994fff74f9b0
237,2142.8418,0.2999999948418,0xf6c96b23feb18fb3a3b9e017ebf73ece6bcacec6,2017-10-27T00:14:11.000Z,0.000140001,0x5933ec2852dc662a5df3ba42744a8472e17c7866,sell,0xc0eb85285d83217cd7c891702bcbc0fc401e2d9d,0xa60d811d961ef4b4e01b7b6ce81a5e63d244210c8f818c6463fbca612236e816
238,4921.92732547,0.6890698255658,0xfbf7dc0756a9768d0c71aea5f8421f3b1eaee7d1,2017-10-27T00:11:54.000Z,0.00014,0x5933ec2852dc662a5df3ba42744a8472e17c7866,sell,0xc0eb85285d83217cd7c891702bcbc0fc401e2d9d,0xa7c456fc252c704042a6588a10432830d0d2b9ea9d4e537a1498ef88e5dde8c7
239,4000,0.58,0x402bea62d51ad0b19921e6a4f0fae91dc92f49dd,2017-10-26T23:41:19.000Z,0.000145,0xd7b857a341dc363c063f427472c9c1dab436a206,buy,0xc0eb85285d83217cd7c891702bcbc0fc401e2d9d,0xa9699b6b031cb6517ba00843ee24f987742b152c87e1055d50711313edafac2d
240,3419.5639105,0.49549481063276707,0xa6592a06d94e35e983b48ba2627bdc46000c9240,2017-10-26T23:14:50.000Z,0.00014490000000038516,0xd2b04839bb1005731a0250888c45dfac7429150b,buy,0xc0eb85285d83217cd7c891702bcbc0fc401e2d9d,0x2f83c62ac20df9f634b5ad839eb6c5c35f784f9ca3fe0627e71dd901e63cb320
241,439,0.061021,0xc3e7f39030093ebebc1f8fd66f63a468ea91d3d9,2017-10-26T23:09:50.000Z,0.000139,0x00fd8e486a162e6b2128e52516c33cd1225e261b,sell,0xc0eb85285d83217cd7c891702bcbc0fc401e2d9d,0x10f468c9d0de132975077d2275460f1a8d072b337ffeb3a6f8055df79763ff42
242,69,0.010005,0x94b0bf6dd676f7b4884557735945b927535fd822,2017-10-26T22:33:45.000Z,0.000145,0xd7b857a341dc363c063f427472c9c1dab436a206,buy,0xc0eb85285d83217cd7c891702bcbc0fc401e2d9d,0x9becfd3117da138fe20faada3d5e61dd2e3205e10a18a5dc7b53209fec7b469d
243,3450,0.50025,0xa6592a06d94e35e983b48ba2627bdc46000c9240,2017-10-26T22:09:19.000Z,0.000145,0x5933ec2852dc662a5df3ba42744a8472e17c7866,buy,0xc0eb85285d83217cd7c891702bcbc0fc401e2d9d,0xfebcabd5a70ef5859263672c7f23d9a0a53bdc3efc18ece79451b46384d4ed52
244,5127.88863741,0.71277652059999,0x4f5b708f07918b6e469508c81b7f6a70ea6e66d9,2017-10-26T21:49:21.000Z,0.000139,0x56a331aa13c963f3f57b3e474bf68316bc42c60c,sell,0xc0eb85285d83217cd7c891702bcbc0fc401e2d9d,0x2598ac58c51931fc7499264830893636b9886092843de7892607a2ef8198d49a
245,3000,0.42,0xf5d1d8285e32f6750ae08ee025d44b97cbcbc9f3,2017-10-26T21:47:42.000Z,0.00014,0x5933ec2852dc662a5df3ba42744a8472e17c7866,sell,0xc0eb85285d83217cd7c891702bcbc0fc401e2d9d,0x8ddb83f0baa0beeda64af915f464a5e5e097a878f077f7fae5bf0eb3a8975e24
246,30,0.00426,0x6915a8561913b1bb98080a1eab63a11bd4fa488d,2017-10-26T21:44:15.000Z,0.000142,0x5933ec2852dc662a5df3ba42744a8472e17c7866,sell,0xc0eb85285d83217cd7c891702bcbc0fc401e2d9d,0x09c735f67e5d2aba2f706de6d2ff9e435fe23f90e8feeaafcaf374938447fcfc
247,5849.66602631,0.81310357765709,0x4f5b708f07918b6e469508c81b7f6a70ea6e66d9,2017-10-26T21:08:37.000Z,0.000139,0xa1c42ddddd1bae811bbc9e871bb19c7f3c413bad,sell,0xc0eb85285d83217cd7c891702bcbc0fc401e2d9d,0xf770330968a17b07fe1e73c76b39f0ee0ce5d04106047d2b32d0c02353186f9d
248,3410.93454628,0.47411990193292,0x4f5b708f07918b6e469508c81b7f6a70ea6e66d9,2017-10-26T21:02:06.000Z,0.000139,0xdc37dc8464153bcd37297bb311976832f31e2ab2,sell,0xc0eb85285d83217cd7c891702bcbc0fc401e2d9d,0x7b2d9cc094b90c0e85d470043c48f157c224b776174c0bccfdb3ec3af147cdd8
249,3145,0.449735,0xba0e739cdeaded6c6d1769c8dddd356f77dd7d08,2017-10-26T21:00:46.000Z,0.000143,0xdc37dc8464153bcd37297bb311976832f31e2ab2,sell,0xc0eb85285d83217cd7c891702bcbc0fc401e2d9d,0x32a40733926725c80ba4b116182b3533685d38f8ab928854355c36087015a537
250,4950,0.68805495,0xd2b04839bb1005731a0250888c45dfac7429150b,2017-10-26T20:52:30.000Z,0.000139001,0xdc37dc8464153bcd37297bb311976832f31e2ab2,sell,0xc0eb85285d83217cd7c891702bcbc0fc401e2d9d,0x4b793ddd68bc3351674a54d1b77c6cbf1d2e0bf03e9616cf4a713fc99f80dfc3
251,30000,4.05,0x5933ec2852dc662a5df3ba42744a8472e17c7866,2017-10-26T20:50:06.000Z,0.000135,0xdc37dc8464153bcd37297bb311976832f31e2ab2,sell,0xc0eb85285d83217cd7c891702bcbc0fc401e2d9d,0x6941d482ea1100b7e70d081a4d276c50ef2d9006934ed259feb3547f5cb7eceb
252,44.78,0.006251288,0x1804111464a198d8b0450bdbf7cb9fd65a903baf,2017-10-26T20:45:56.000Z,0.0001396,0xdc37dc8464153bcd37297bb311976832f31e2ab2,sell,0xc0eb85285d83217cd7c891702bcbc0fc401e2d9d,0x37ae3bc62562d6cc913b39fa412dfb959e80452ddb568e8e68215a71b89ded5e
253,4399.003,0.6145407191,0x9e50b4270ea9ac34f9d9d30a17499f0c7ccf2b54,2017-10-26T20:36:58.000Z,0.0001397,0xa1c42ddddd1bae811bbc9e871bb19c7f3c413bad,sell,0xc0eb85285d83217cd7c891702bcbc0fc401e2d9d,0x1145cfa38d90e4cdd0d50bff8aa376bfbc9c7fcb1965a28fb0627acaf80e8f0d
254,0.99690958,0.000139268268326,0x9e50b4270ea9ac34f9d9d30a17499f0c7ccf2b54,2017-10-26T20:22:16.000Z,0.0001397,0xb4c432a9559a4f1464d2bff9fcbbdc14f1c39dec,sell,0xc0eb85285d83217cd7c891702bcbc0fc401e2d9d,0x8b3dfea7525ae5bac2d26514e0067832fee4f299ba9a645189d7f0299039831c
255,560,0.088984,0xdc95e2a469799781f98a47a684cf2a8d7a9377bb,2017-10-26T20:17:02.000Z,0.0001589,0x5933ec2852dc662a5df3ba42744a8472e17c7866,buy,0xc0eb85285d83217cd7c891702bcbc0fc401e2d9d,0xc85ca2b87f5ea5f1c2ee7ba65e5c9d990fbfc7e5d8dbb1094a995f4355a826e8
256,1580,0.251062,0x6c4b44a333908d4104783c7fc4efe675dc9b2ff0,2017-10-26T20:14:19.000Z,0.0001589,0x5933ec2852dc662a5df3ba42744a8472e17c7866,buy,0xc0eb85285d83217cd7c891702bcbc0fc401e2d9d,0xc91172213ca610a8f5a5169ba7eca01aeed87a87f8761cb5f0e3c569b5d670d8
257,1000,0.1395,0x9e50b4270ea9ac34f9d9d30a17499f0c7ccf2b54,2017-10-26T19:46:39.000Z,0.0001395,0x16e0ddfe339beccedb729ce5670938712390cabe,buy,0xc0eb85285d83217cd7c891702bcbc0fc401e2d9d,0x395ed47e2e886230f97f2d0348fc9725f047a4ae22604ea3f65ebac6a2946d73
258,1000,0.139,0x420cc937b75c268df2c3e533e7ca5fb5e13c8f53,2017-10-26T19:44:58.000Z,0.000139,0x16e0ddfe339beccedb729ce5670938712390cabe,buy,0xc0eb85285d83217cd7c891702bcbc0fc401e2d9d,0xf7be3c8cbf51cfac2e498c00687fc04b1e0c9b0c17b4364d3e38c5cc245739b9
259,0.0821875,0.000011473375,0x1804111464a198d8b0450bdbf7cb9fd65a903baf,2017-10-26T19:44:58.000Z,0.0001396,0xdc9a1613faa3637ba6bcfef82e93c6819bbebd6a,sell,0xc0eb85285d83217cd7c891702bcbc0fc401e2d9d,0xa5ada1f45bcfed82ab52a75935060021c9a04466879516f74e00b19707f0631c
260,997.00896317,0.139282152154849,0x9e50b4270ea9ac34f9d9d30a17499f0c7ccf2b54,2017-10-26T19:41:25.000Z,0.0001397,0x00af9e1ce84465990b9109d682608613350ee9da,sell,0xc0eb85285d83217cd7c891702bcbc0fc401e2d9d,0x4fdfc1797c0025dc7e84d1d18bb9748e7730822f9b57d4e6159effe702c705ac
261,1000,0.1385,0x00af9e1ce84465990b9109d682608613350ee9da,2017-10-26T19:40:32.000Z,0.0001385,0x16e0ddfe339beccedb729ce5670938712390cabe,buy,0xc0eb85285d83217cd7c891702bcbc0fc401e2d9d,0x9635f51dc3dfaa385f1866c2ce345b773d2d0e406c6d60c2d4c7bea08e501435
262,996.9095803,0.13926826836791,0x9e50b4270ea9ac34f9d9d30a17499f0c7ccf2b54,2017-10-26T19:39:15.000Z,0.0001397,0x00af9e1ce84465990b9109d682608613350ee9da,sell,0xc0eb85285d83217cd7c891702bcbc0fc401e2d9d,0xe7178de6dade05113641a1c28fe28f3d3b109952d7320dfca6251fb8ed11253e
263,1000,0.138,0x00af9e1ce84465990b9109d682608613350ee9da,2017-10-26T19:38:53.000Z,0.000138,0x16e0ddfe339beccedb729ce5670938712390cabe,buy,0xc0eb85285d83217cd7c891702bcbc0fc401e2d9d,0x9f6256777f81583ab12291c3343cae6b90da95dc987e81b77f25d2ce2914ff65
264,996.9095803,0.13916857740988,0x1804111464a198d8b0450bdbf7cb9fd65a903baf,2017-10-26T19:24:20.000Z,0.0001396,0x956dc60c714883c17a7d0828d2178d51c5e377e1,sell,0xc0eb85285d83217cd7c891702bcbc0fc401e2d9d,0x5deb92791c76758cfaed1f62edcc34661a0ac948a0074c9bdb1cdb52fa12ab73
265,1000,0.15891,0x956dc60c714883c17a7d0828d2178d51c5e377e1,2017-10-26T19:22:34.000Z,0.00015891,0xf69d03a69b316538b6eafcd2b10b21235529a2bc,buy,0xc0eb85285d83217cd7c891702bcbc0fc401e2d9d,0xfbc30e7e77b3514ad53a2864c786bbebb7313b92612f08ae033d750e274e2c79
266,33952.36127342,5.398425442474222,0x1d5321e125f6c7079a716705541c7b371ca79e69,2017-10-26T19:19:02.000Z,0.00015900000000001303,0xca2832b263c862fb6a02653c7d7b74832fded5bf,buy,0xc0eb85285d83217cd7c891702bcbc0fc401e2d9d,0xbaea55ac650c61d45b10a7df4ccb8a234eb5e644d56d78125162e0ec3546f399
267,33850.80884687,5.4161294154992,0x9da7ad646dc636de4bbc54ece8723a2bc346ca36,2017-10-26T19:19:02.000Z,0.00016,0x1d5321e125f6c7079a716705541c7b371ca79e69,sell,0xc0eb85285d83217cd7c891702bcbc0fc401e2d9d,0xbaea55ac650c61d45b10a7df4ccb8a234eb5e644d56d78125162e0ec3546f399
268,824.42280589,0.1319076489424,0x9da7ad646dc636de4bbc54ece8723a2bc346ca36,2017-10-26T19:18:01.000Z,0.00016,0xdc9a1613faa3637ba6bcfef82e93c6819bbebd6a,sell,0xc0eb85285d83217cd7c891702bcbc0fc401e2d9d,0x0262ce81d7754cf74c3e1f71887b5b80b5e4ef4ce9e7ee3e60abc426e8e60338
269,0.49691436,0.0000795062976,0x9da7ad646dc636de4bbc54ece8723a2bc346ca36,2017-10-26T19:17:45.000Z,0.00016,0xad5b3fbc469313e21efe4117627a658424091b0a,sell,0xc0eb85285d83217cd7c891702bcbc0fc401e2d9d,0xaa75070c83457a89bd2a41a06e94ed60bdc116817e5eca4b6c2ca623c4c9465e
270,4984.54790252,0.7975276644032,0x9da7ad646dc636de4bbc54ece8723a2bc346ca36,2017-10-26T19:17:05.000Z,0.00016,0xad5b3fbc469313e21efe4117627a658424091b0a,sell,0xc0eb85285d83217cd7c891702bcbc0fc401e2d9d,0xef0a5c26c9c3b8fc7b032f9abab410c5e1667b21e8a8d7d42a37693beefb2d72
271,4235,0.6776,0x9da7ad646dc636de4bbc54ece8723a2bc346ca36,2017-10-26T19:16:22.000Z,0.00016,0x12b541e54515140f6725fb1efb62464bdd648bb3,sell,0xc0eb85285d83217cd7c891702bcbc0fc401e2d9d,0x2e4a737e07f4c8ed08bd383d6d86077413f0f65c137078f607ee0bee0f403ccf
272,13523.00169477,2.1636802711632,0x9da7ad646dc636de4bbc54ece8723a2bc346ca36,2017-10-26T19:16:12.000Z,0.00016,0x5933ec2852dc662a5df3ba42744a8472e17c7866,sell,0xc0eb85285d83217cd7c891702bcbc0fc401e2d9d,0x99b433eb6a92e64e11a23c901855f0907847bb8765d7e7c9a54492d8c6d5a9a4
273,4984.99999999,0.7975999999984,0x9da7ad646dc636de4bbc54ece8723a2bc346ca36,2017-10-26T19:16:12.000Z,0.00016,0xd2ea382e498316d91b9de8557670149b479721a0,sell,0xc0eb85285d83217cd7c891702bcbc0fc401e2d9d,0x00ec9ddcbccb2315442784c6126008f34b4a3fa1041747ef56c7c96a784bb1f5
274,4999.99999998,0.7849949999984299,0xd2ea382e498316d91b9de8557670149b479721a0,2017-10-26T19:16:12.000Z,0.000156999000000314,0xad5b3fbc469313e21efe4117627a658424091b0a,buy,0xc0eb85285d83217cd7c891702bcbc0fc401e2d9d,0x00ec9ddcbccb2315442784c6126008f34b4a3fa1041747ef56c7c96a784bb1f5
275,10282.12541122,1.6451400657952,0x9da7ad646dc636de4bbc54ece8723a2bc346ca36,2017-10-26T19:16:12.000Z,0.00016,0xe8e8bf0e668721fc5fe8bdc24ebfad616419fd31,sell,0xc0eb85285d83217cd7c891702bcbc0fc401e2d9d,0x0e0a1d3b740b9301066bc1ef5c8ddbd7fd83727c98d7ce6cae69a978154044e2
276,10000,1.589,0xad5b3fbc469313e21efe4117627a658424091b0a,2017-10-26T19:14:53.000Z,0.0001589,0xb9a0afa567cb029f6d2d0290e6723998b61d1910,buy,0xc0eb85285d83217cd7c891702bcbc0fc401e2d9d,0x2448cee63c5f3534cea832c39c0a940119b4a1924c9feb7f7295064e38ee3187
277,0.00022179,0.0000000354864,0x9da7ad646dc636de4bbc54ece8723a2bc346ca36,2017-10-26T19:14:01.000Z,0.00016,0x5933ec2852dc662a5df3ba42744a8472e17c7866,sell,0xc0eb85285d83217cd7c891702bcbc0fc401e2d9d,0x8604220cae02dce165e290e56633d2f306eb04c22098014cb156a0f1f79a9e5b
278,0.00993832,0.0000015901312,0x9da7ad646dc636de4bbc54ece8723a2bc346ca36,2017-10-26T19:11:13.000Z,0.00016,0xad5b3fbc469313e21efe4117627a658424091b0a,sell,0xc0eb85285d83217cd7c891702bcbc0fc401e2d9d,0xdad349f8391c3399be94c4183bc09f3767fdec1a6fc3fac029a1f784092e8ff3
279,3305,0.52219,0x273a5d3e6721b9f5c1a6474f560c1334c63dda01,2017-10-26T19:10:29.000Z,0.000158,0x91d8d78b3d36232eb0f84b345c12a2b0600ba694,buy,0xc0eb85285d83217cd7c891702bcbc0fc401e2d9d,0xfd4bb9067e42e7cc436d1e186788f8a2ecc7f6d2065740ef0d3c894b55632193
280,3295.085,0.5272136,0x9da7ad646dc636de4bbc54ece8723a2bc346ca36,2017-10-26T19:10:29.000Z,0.00016,0x273a5d3e6721b9f5c1a6474f560c1334c63dda01,sell,0xc0eb85285d83217cd7c891702bcbc0fc401e2d9d,0xfd4bb9067e42e7cc436d1e186788f8a2ecc7f6d2065740ef0d3c894b55632193
281,4985,0.7976,0x9da7ad646dc636de4bbc54ece8723a2bc346ca36,2017-10-26T19:10:29.000Z,0.00016,0x273a5d3e6721b9f5c1a6474f560c1334c63dda01,sell,0xc0eb85285d83217cd7c891702bcbc0fc401e2d9d,0x202fc2e015bd33a9e1002c3e68c5278a0c0c78240134e453188cc308303fe3d9
282,1230.298,0.19684768,0x9da7ad646dc636de4bbc54ece8723a2bc346ca36,2017-10-26T19:10:29.000Z,0.00016,0x273a5d3e6721b9f5c1a6474f560c1334c63dda01,sell,0xc0eb85285d83217cd7c891702bcbc0fc401e2d9d,0x9445a53bf655fb4745e0ef56e3539830dd92afb8a8ddd0d8f60b10d372ec4ebf
283,5000,0.784985,0x273a5d3e6721b9f5c1a6474f560c1334c63dda01,2017-10-26T19:10:29.000Z,0.000156997,0xad5b3fbc469313e21efe4117627a658424091b0a,buy,0xc0eb85285d83217cd7c891702bcbc0fc401e2d9d,0x202fc2e015bd33a9e1002c3e68c5278a0c0c78240134e453188cc308303fe3d9
284,1234,0.193241932,0x273a5d3e6721b9f5c1a6474f560c1334c63dda01,2017-10-26T19:10:29.000Z,0.000156598,0x9e50b4270ea9ac34f9d9d30a17499f0c7ccf2b54,buy,0xc0eb85285d83217cd7c891702bcbc0fc401e2d9d,0x9445a53bf655fb4745e0ef56e3539830dd92afb8a8ddd0d8f60b10d372ec4ebf
285,4095,0.64290681,0x9fc54ec6e174daab67dc510342eee6c91cf1ac3b,2017-10-26T19:01:40.000Z,0.000156998,0x61de80d95e4dc339c3340cba8cd697f9c89194c6,buy,0xc0eb85285d83217cd7c891702bcbc0fc401e2d9d,0x7d6c222b55bbdd5d9caf9a80163f4f386f9ca0cae4c17999a98f3237faeb59de
286,0.25209093,0.00003366800415615,0x1804111464a198d8b0450bdbf7cb9fd65a903baf,2017-10-26T18:55:40.000Z,0.000133555,0x20b0e980d23bc1a32137720251dc5ba1e2c3e274,sell,0xc0eb85285d83217cd7c891702bcbc0fc401e2d9d,0xb9a51b32e1e25b0133067d93967727656184f1adb5a2ab1bfa1753835169854a
287,2528.72416115,0.33772375534238824,0x1804111464a198d8b0450bdbf7cb9fd65a903baf,2017-10-26T18:54:39.000Z,0.000133555,0x20b0e980d23bc1a32137720251dc5ba1e2c3e274,sell,0xc0eb85285d83217cd7c891702bcbc0fc401e2d9d,0x11b5bbefd05ed6529601e76c06848079a58515c799ffccbe5fada7f568ee6f97
288,5000,0.66778,0xad5b3fbc469313e21efe4117627a658424091b0a,2017-10-26T18:54:00.000Z,0.000133556,0x20b0e980d23bc1a32137720251dc5ba1e2c3e274,sell,0xc0eb85285d83217cd7c891702bcbc0fc401e2d9d,0xdf31c81bd2d6a6db265d30e7490ba2a5d47d45de62e8d1f44cfcdb1ed9ab6991
289,2000,0.282,0x6f2f77791e8d219f73abaabdf45e7a91bf11b10a,2017-10-26T18:53:45.000Z,0.000141,0x20b0e980d23bc1a32137720251dc5ba1e2c3e274,sell,0xc0eb85285d83217cd7c891702bcbc0fc401e2d9d,0x6b11a3297a2f2f1c663df47ff9a3acf7934e8ce22e1200b7bac05f41c501b5a7
290,2275,0.318502275,0x61de80d95e4dc339c3340cba8cd697f9c89194c6,2017-10-26T18:53:45.000Z,0.000140001,0x20b0e980d23bc1a32137720251dc5ba1e2c3e274,sell,0xc0eb85285d83217cd7c891702bcbc0fc401e2d9d,0xb228999dafb7490b8e71ce905af6cd06c5644d2ca8825f1b01763fa9635cdac9
291,800,0.112,0x04f97ac466db7ea5f1510be1e98d0b4f5ef91fd7,2017-10-26T18:53:45.000Z,0.00014,0x20b0e980d23bc1a32137720251dc5ba1e2c3e274,sell,0xc0eb85285d83217cd7c891702bcbc0fc401e2d9d,0xf40e24034f787ba2f2d2deb2553b8e17fb731111fe4f40ea0815dfcbf45e00d8
292,625,0.09875,0x87eb8e079ded802c2ee2b34af5641884ae5aec05,2017-10-26T18:39:52.000Z,0.000158,0x91d8d78b3d36232eb0f84b345c12a2b0600ba694,buy,0xc0eb85285d83217cd7c891702bcbc0fc401e2d9d,0x01dbaf04030423459a29fe9125b856e2fc6c0e517c33c0eaa869ce8eaadb5be3
293,70,0.01106,0xdc95e2a469799781f98a47a684cf2a8d7a9377bb,2017-10-26T18:37:50.000Z,0.000158,0x91d8d78b3d36232eb0f84b345c12a2b0600ba694,buy,0xc0eb85285d83217cd7c891702bcbc0fc401e2d9d,0xaa20694cc4893a0d97c1922ae20b928909bbec20f0c51ef288e8da4a92a22519
294,1234.21574913,0.17896128362385,0x9e50b4270ea9ac34f9d9d30a17499f0c7ccf2b54,2017-10-26T18:31:19.000Z,0.000145,0x5b5c2fb533bd6f6443fdb1f40192c81f185c6504,sell,0xc0eb85285d83217cd7c891702bcbc0fc401e2d9d,0x0fcb14233fe626c8a3ef21f18ac91d286a94a3d28f7f4caab56061d72be36c67
295,766.59778064,0.11805605821951949,0x61270d960dd7a352d925208231d5817c12d73733,2017-10-26T18:31:10.000Z,0.00015400000000125163,0xd2b04839bb1005731a0250888c45dfac7429150b,buy,0xc0eb85285d83217cd7c891702bcbc0fc401e2d9d,0x87e2a88b00d74e2f8004564e790f84346b954e74d960f1742a33865707ff179d
296,7181.958,1.098839574,0x5933ec2852dc662a5df3ba42744a8472e17c7866,2017-10-26T18:07:33.000Z,0.000153,0xf69d03a69b316538b6eafcd2b10b21235529a2bc,buy,0xc0eb85285d83217cd7c891702bcbc0fc401e2d9d,0xda0e4a0ddf5b56830a3d79b509f7ba4a29e3afdf999788dcfc2350c048a2e018
297,1580,0.24174,0xdc95e2a469799781f98a47a684cf2a8d7a9377bb,2017-10-26T18:05:35.000Z,0.000153,0xf69d03a69b316538b6eafcd2b10b21235529a2bc,buy,0xc0eb85285d83217cd7c891702bcbc0fc401e2d9d,0x25463e072b96ca015a711481b8920ac850bbe3f8ff3dccaab41b5d62061d94da
298,1238.04181796,0.18942039814913716,0x5b5c2fb533bd6f6443fdb1f40192c81f185c6504,2017-10-26T17:59:10.000Z,0.00015300000000101544,0xf69d03a69b316538b6eafcd2b10b21235529a2bc,buy,0xc0eb85285d83217cd7c891702bcbc0fc401e2d9d,0x2a3e6952537d89bfa27dfe4a80e7645b08725995258c107faa72cbd1d22057b3
299,913.40221935,0.1406639417804805,0xf99acc0921143194ff0b7c20967747ba474347b3,2017-10-26T17:40:45.000Z,0.00015400000000063553,0xd2b04839bb1005731a0250888c45dfac7429150b,buy,0xc0eb85285d83217cd7c891702bcbc0fc401e2d9d,0xa2896b4438a8e1251ed6767d58766bebbef4677d38e4247fae5fcc576df2ce1a
300,6666,0.9999,0x405183b5c1e41004cd4f7ffd2ac9ceabbe499393,2017-10-26T17:40:45.000Z,0.00015,0xf69d03a69b316538b6eafcd2b10b21235529a2bc,sell,0xc0eb85285d83217cd7c891702bcbc0fc401e2d9d,0xdbaf84e26bcefa2b30ca82a94d6c7767dfb8d029213cada58eedcf3544db2565
301,940,0.14476,0x587dbc0c561ffe25a9976e0621bb04a39e75c403,2017-10-26T17:33:01.000Z,0.000154,0xd2b04839bb1005731a0250888c45dfac7429150b,buy,0xc0eb85285d83217cd7c891702bcbc0fc401e2d9d,0x2793129c68e5fbd3d451a1903f59e0cf8dd16080906a636125dbc59e14ca43f2
302,1500,0.231,0x9686b715c13a005c20ecc30b0bbc3e15e4203ac0,2017-10-26T16:57:17.000Z,0.000154,0xd2b04839bb1005731a0250888c45dfac7429150b,buy,0xc0eb85285d83217cd7c891702bcbc0fc401e2d9d,0xf036b50e44232880f438536c46d20fd55419fe4107fb9c212fca590d9b3c3988
303,380,0.05852,0x905464547593854dccf84a96e50d582f5bc1fd89,2017-10-26T16:50:23.000Z,0.000154,0xd2b04839bb1005731a0250888c45dfac7429150b,buy,0xc0eb85285d83217cd7c891702bcbc0fc401e2d9d,0xb547047e782fc0278a7bf8c61087323c61ab7a839ed9d96c9405f0c9b2bb5a94
304,9969.09580301,1.3062207157809913,0xc6117385806bb6c7868209509e1f60e69b438a67,2017-10-26T15:24:27.000Z,0.000131027,0xccac167f2aea41533ca3af82dd77df962cef9ad9,sell,0xc0eb85285d83217cd7c891702bcbc0fc401e2d9d,0xafe6d5324c02719c56524c38f3da92040c9dd360c6faf90ecc9d915aa2eae09a
305,2799,0.414249201,0xadd6a6e7f79c3691de2866d337052a021cd91119,2017-10-26T15:11:51.000Z,0.000147999,0x6fddb6114a694058215b6f285cc39a9a43642766,buy,0xc0eb85285d83217cd7c891702bcbc0fc401e2d9d,0xb49579fb9b28a900e4401d6cf8d82dabe1ae9969c0dfda0cbc92f083ab834b16
306,50000,7.45,0xadd6a6e7f79c3691de2866d337052a021cd91119,2017-10-26T15:09:01.000Z,0.000149,0xffc988fbe6746126d3eb0ff3472848352c093b0e,buy,0xc0eb85285d83217cd7c891702bcbc0fc401e2d9d,0xa2d12d715ec5cf12a10031bc00a15404a784274e09921d756fdc5071563db5d8
307,10000,1.47999,0xccac167f2aea41533ca3af82dd77df962cef9ad9,2017-10-26T14:53:37.000Z,0.000147999,0x6fddb6114a694058215b6f285cc39a9a43642766,buy,0xc0eb85285d83217cd7c891702bcbc0fc401e2d9d,0x561f2f5254d6bc75d63b0d25da7d9782a15340b1e51a78c7ff686db6abb5c5b7
308,1810.62972438,0.23402751313556375,0x61de80d95e4dc339c3340cba8cd697f9c89194c6,2017-10-26T14:32:58.000Z,0.000129252,0xb989a321368b8d6c1cde21db485589ec24ba8c6f,sell,0xc0eb85285d83217cd7c891702bcbc0fc401e2d9d,0xf269bd2d01e30dd70323286823bb03e13b65ef9875843c6426e608127070f143
309,3730.67411122,0.5521360377874305,0x140da2f105d7e0ec7fa54e86cf6227dcf89e8408,2017-10-26T13:46:43.000Z,0.00014799900000026314,0x61de80d95e4dc339c3340cba8cd697f9c89194c6,buy,0xc0eb85285d83217cd7c891702bcbc0fc401e2d9d,0x972270daded0b131863860ef95ef184789614af1c3a94c87a01e9f8bcf7623b5
310,1242.99999996,0.17961349999544213,0x140da2f105d7e0ec7fa54e86cf6227dcf89e8408,2017-10-26T13:43:20.000Z,0.0001445000000009832,0x73255d98f7ac75beb5397febd37db3b3650d8156,buy,0xc0eb85285d83217cd7c891702bcbc0fc401e2d9d,0x209b3efa10faa96ea9ca90d23b221676aad1d3b486e14af1915ef19b143defe8
311,0.00000003,0.000000000004557877,0x140da2f105d7e0ec7fa54e86cf6227dcf89e8408,2017-10-26T13:35:11.000Z,0.00015192923333333334,0x73255d98f7ac75beb5397febd37db3b3650d8156,buy,0xc0eb85285d83217cd7c891702bcbc0fc401e2d9d,0xe4f5b8522d6ecfeb88f3c759e1aaab51a96bba421b0fb9f0c8e1511ba3f91e8b
312,0.00030892,0.000000045720067086,0x140da2f105d7e0ec7fa54e86cf6227dcf89e8408,2017-10-26T13:33:33.000Z,0.00014799969922957399,0x61de80d95e4dc339c3340cba8cd697f9c89194c6,buy,0xc0eb85285d83217cd7c891702bcbc0fc401e2d9d,0x6c90f63fa0d208541f13932147a1c3bf836385596bfdf17abd401170d932a9db
313,3.09879116,0.000458617992920976,0x140da2f105d7e0ec7fa54e86cf6227dcf89e8408,2017-10-26T13:29:03.000Z,0.00014799900001037048,0x61de80d95e4dc339c3340cba8cd697f9c89194c6,buy,0xc0eb85285d83217cd7c891702bcbc0fc401e2d9d,0xaabc411affcfe942c0337248a6e4999755e13d6a65f293b5e711c8ecdaab86c9
314,19724.57375259,2.9192369153841176,0x4f8649f53d7ad1de72129b15a8bee09aea40c234,2017-10-26T13:22:53.000Z,0.00014800000000004043,0xca2832b263c862fb6a02653c7d7b74832fded5bf,buy,0xc0eb85285d83217cd7c891702bcbc0fc401e2d9d,0x9b4832b75d2cf006d998ca14533795f0369545ab474d7e9805803af51c58d808
315,7272.85510313,0.93819830830377,0xa6dc476cb8db388604ae26d968abd8e9c6290301,2017-10-26T12:35:35.000Z,0.000129,0x573a050d272ba46b4e628265fb536a7288d80317,sell,0xc0eb85285d83217cd7c891702bcbc0fc401e2d9d,0xabe87d660d18626d44bb14a58b9f7d815f7a9aa1e1f33f1c6a519a6402ac5ac6
316,2080,0.27248,0x00fd8e486a162e6b2128e52516c33cd1225e261b,2017-10-26T12:33:06.000Z,0.000131,0x573a050d272ba46b4e628265fb536a7288d80317,sell,0xc0eb85285d83217cd7c891702bcbc0fc401e2d9d,0x14c3cadee2d0a029cd5d03cd1952cac7d4166d02bdd52d1852e2f85bd92e9caf
317,2411.12566905,0.31585746264555,0x0e64cbca254788df4a8d29e3721d077d91d0d92a,2017-10-26T12:28:54.000Z,0.000131,0x573a050d272ba46b4e628265fb536a7288d80317,sell,0xc0eb85285d83217cd7c891702bcbc0fc401e2d9d,0x360851c0fd00ad99f4f4dddd29014abb16ea4b42a5f56e48f5274cef2cfa9ddf
318,3588.87433095,0.47014253735445,0x0e64cbca254788df4a8d29e3721d077d91d0d92a,2017-10-26T12:20:17.000Z,0.000131,0x402bea62d51ad0b19921e6a4f0fae91dc92f49dd,sell,0xc0eb85285d83217cd7c891702bcbc0fc401e2d9d,0x39412d515ac59cdef2c8a627efdb4e8aa0dc579a960f16dd08b357350527e759
319,3.981,0.000557750043,0x61de80d95e4dc339c3340cba8cd697f9c89194c6,2017-10-26T12:15:56.000Z,0.000140103,0xfd0fe438cf033aab2a6998a95f2614d231ab8e04,sell,0xc0eb85285d83217cd7c891702bcbc0fc401e2d9d,0xb480aafcd3c090123756c42e653b436dff89b8efdfee29d97e2148b05857d93b
320,3740,0.52398148,0x61de80d95e4dc339c3340cba8cd697f9c89194c6,2017-10-26T12:14:46.000Z,0.000140102,0xfd0fe438cf033aab2a6998a95f2614d231ab8e04,sell,0xc0eb85285d83217cd7c891702bcbc0fc401e2d9d,0xaae819cf9b478b04810752702db51311258d768a354a5181e0a57b0718056bdf
321,8400,1.1760084,0x533fc711beaafd047d5509125dde5a8bccb1f8de,2017-10-26T12:14:46.000Z,0.000140001,0xfd0fe438cf033aab2a6998a95f2614d231ab8e04,sell,0xc0eb85285d83217cd7c891702bcbc0fc401e2d9d,0x9f09043556c2f79e0f69c6db08f0afad1274f831586647c6a0c4ce20f58075e2
322,10000,1.45,0x2662c9777dc70253d71f22d7c329ec2a97062405,2017-10-26T11:40:09.000Z,0.000145,0x249c0c8291399b259711a497ab480b8b6105ea15,buy,0xc0eb85285d83217cd7c891702bcbc0fc401e2d9d,0xf620b6fcc679b0698930e8e799634fd1d3d887ba646cbb5517479b2c857d615b
323,2662,0.380663338,0x2662c9777dc70253d71f22d7c329ec2a97062405,2017-10-26T11:36:26.000Z,0.000142999,0x61de80d95e4dc339c3340cba8cd697f9c89194c6,buy,0xc0eb85285d83217cd7c891702bcbc0fc401e2d9d,0x0281d8e6313dcefdb2ac4b3e411f1a969781e8fc34546177a5c606bb7faec474
324,30000,4.29,0x2662c9777dc70253d71f22d7c329ec2a97062405,2017-10-26T11:36:08.000Z,0.000143,0xffc988fbe6746126d3eb0ff3472848352c093b0e,buy,0xc0eb85285d83217cd7c891702bcbc0fc401e2d9d,0x779c3b4be4cf972e0acb87df126bb6a7d52ca595f9a169f93f4db85421c8cfa3
325,33399.99967721,4.80959995351824,0x2662c9777dc70253d71f22d7c329ec2a97062405,2017-10-26T11:36:08.000Z,0.000144,0xad8d628c6772c492459db29f92725831720caea0,buy,0xc0eb85285d83217cd7c891702bcbc0fc401e2d9d,0xdf210acce40bca460db3bf1686ebf52355c8530ab44d40b78be80647ef771c53
326,1000,0.142999,0x437ed3e05ea1e2a168e9b21cbf3d328f11ed2383,2017-10-26T11:18:30.000Z,0.000142999,0x61de80d95e4dc339c3340cba8cd697f9c89194c6,buy,0xc0eb85285d83217cd7c891702bcbc0fc401e2d9d,0x676e5249c617373db9a40ea3fafbd552e2cad24fdd8591a1ead12f7f25f44c6c
327,1243.14624663,0.149799122718915,0x73255d98f7ac75beb5397febd37db3b3650d8156,2017-10-26T10:36:16.000Z,0.0001205,0x8dd7ae37bed525bc2554fdf8f68bc8dd415fd616,sell,0xc0eb85285d83217cd7c891702bcbc0fc401e2d9d,0xb4457d91877dfd06df0ac3b2731536a7f820057cc75c747fa66f191139c85b6b
328,13654,1.91156,0x2662c9777dc70253d71f22d7c329ec2a97062405,2017-10-26T10:30:59.000Z,0.00014,0x0c66b630309b303f9b68d81e23a698a9ecf55f66,buy,0xc0eb85285d83217cd7c891702bcbc0fc401e2d9d,0xe5581572d4af6e8c15bfc147b2922ad2487136d8c46cff4af04f01c786e27ee8
329,146,0.02044,0x80f3c0ababdb3e1100cb79539c41c86578437f7d,2017-10-26T10:00:40.000Z,0.00014,0x0c66b630309b303f9b68d81e23a698a9ecf55f66,buy,0xc0eb85285d83217cd7c891702bcbc0fc401e2d9d,0xf5ffeee80be172cafee9f1d912899f5cfaf0cc3b195134c6795946f23be9aec5
330,500,0.060004,0xca8fb605770b7cb6bd60ce3b4932720b87f6a8f5,2017-10-26T09:17:51.000Z,0.000120008,0x6344d47ee0895cf0f23a683be4501d96290f7dfc,sell,0xc0eb85285d83217cd7c891702bcbc0fc401e2d9d,0x6555f545400f9b56caeb396d5d2d6dce4d7d1a3b29601e8eea69d32fdcb3e80d
331,1200,0.168,0xd1b4e01180294c3bd8ca5a4e12ef6a7425eec09d,2017-10-26T09:09:09.000Z,0.00014,0x0c66b630309b303f9b68d81e23a698a9ecf55f66,buy,0xc0eb85285d83217cd7c891702bcbc0fc401e2d9d,0x668a681775f44547eb1d522f74fc32b3268f28b73ae8b137ab5f881941c2dc67
332,2554,0.326912,0xbcacd12c60a5a4dc708dc8c2ca463497bc0b81b6,2017-10-26T08:44:25.000Z,0.000128,0xd09f40a734bcb57714915e90c49e4e73086bb3ea,sell,0xc0eb85285d83217cd7c891702bcbc0fc401e2d9d,0xa5c539c8ae3e0db4825b29c16ba62787f338ba5763553038545cf2669f428439
333,14000,1.82,0x261032737eb250b0688e81ce9628ec395601e19f,2017-10-26T08:40:17.000Z,0.00013,0xd09f40a734bcb57714915e90c49e4e73086bb3ea,sell,0xc0eb85285d83217cd7c891702bcbc0fc401e2d9d,0xcb4d389a692dc49ac1e0f5eedc02e93333f133bf28a5aedb9a4d1894f37a5133
334,14920.45,1.976959625,0x261032737eb250b0688e81ce9628ec395601e19f,2017-10-26T08:39:04.000Z,0.0001325,0xd09f40a734bcb57714915e90c49e4e73086bb3ea,sell,0xc0eb85285d83217cd7c891702bcbc0fc401e2d9d,0x5366feed0d079683c20d72cfd9538710a9016f794d55a19c93f00bc0ce648b7e
335,3147.775,0.417394965,0x6fddb6114a694058215b6f285cc39a9a43642766,2017-10-26T08:39:04.000Z,0.0001326,0xd09f40a734bcb57714915e90c49e4e73086bb3ea,sell,0xc0eb85285d83217cd7c891702bcbc0fc401e2d9d,0x70720c222d5cec2835d6be4f034e3215f32f17697a9d25f514802cf9b4ddd6d4
336,3662,0.485584862,0x61de80d95e4dc339c3340cba8cd697f9c89194c6,2017-10-26T08:39:04.000Z,0.000132601,0xd09f40a734bcb57714915e90c49e4e73086bb3ea,sell,0xc0eb85285d83217cd7c891702bcbc0fc401e2d9d,0x067aada4356de11a478fad21cef2d96c74d17ea5ae1c91c6e22135e09ce27817
337,9652.22472881,1.279884999040206,0x6fddb6114a694058215b6f285cc39a9a43642766,2017-10-26T08:35:02.000Z,0.0001326,0x5933ec2852dc662a5df3ba42744a8472e17c7866,sell,0xc0eb85285d83217cd7c891702bcbc0fc401e2d9d,0xe58d245d487a03153494c55bdde203190d9fd1dff399793b7b4166881231bd42
338,8785.75261195,1.164112221083375,0x261032737eb250b0688e81ce9628ec395601e19f,2017-10-26T08:30:35.000Z,0.0001325,0x3fef3e85b09a340029b9eee96c63c239a22e7a36,sell,0xc0eb85285d83217cd7c891702bcbc0fc401e2d9d,0xab4c91207884c1515e139b64ee01f464dee6c031b8fe76c74928d41ee2ab579b
339,1466.2546107,0.19427873591775,0x261032737eb250b0688e81ce9628ec395601e19f,2017-10-26T08:24:22.000Z,0.0001325,0x5933ec2852dc662a5df3ba42744a8472e17c7866,sell,0xc0eb85285d83217cd7c891702bcbc0fc401e2d9d,0x77a496f05523d2bbd504dcaf3d32f1cd8970b1151d2ac5e14c44b6a372a060d6
340,38400,5.1072,0xd09f40a734bcb57714915e90c49e4e73086bb3ea,2017-10-26T08:23:17.000Z,0.000133,0x5933ec2852dc662a5df3ba42744a8472e17c7866,sell,0xc0eb85285d83217cd7c891702bcbc0fc401e2d9d,0x8c7bb7249cf2526861e52147b0ef3005bbd5dc5d6c3d63626fd122d43302fd0d
341,16858.61700684,2.4107822319786587,0xf5c3aac0c835e888d0a4e7b10c51224621d5c02e,2017-10-26T07:35:14.000Z,0.00014300000000003194,0xffc988fbe6746126d3eb0ff3472848352c093b0e,buy,0xc0eb85285d83217cd7c891702bcbc0fc401e2d9d,0xe21d9e7eb023a8903ad6add4c9183bbfe838d5cdcd7474229510a419a0b2a062
342,1263.99985603,0.17822397970124146,0xf5c3aac0c835e888d0a4e7b10c51224621d5c02e,2017-10-26T07:34:51.000Z,0.00014100000000080018,0x838dc27b0de42e3326ae7c8abdea80b0f227062d,buy,0xc0eb85285d83217cd7c891702bcbc0fc401e2d9d,0x8c34d178676a6a747ab98b69ffb9738ecaf6d96bcdf8bbb492510db9b08b56b1
343,14827.54261788,1.9646493968691,0x261032737eb250b0688e81ce9628ec395601e19f,2017-10-26T07:14:46.000Z,0.0001325,0xeae6e402753395cb7461adbe124068d58727aad9,sell,0xc0eb85285d83217cd7c891702bcbc0fc401e2d9d,0xb9400d022f83fd168925809784e0229d8f886b21f1f7d3d618ed523ebbb7a60d
344,15000,2.025,0x261032737eb250b0688e81ce9628ec395601e19f,2017-10-26T07:14:03.000Z,0.000135,0xeae6e402753395cb7461adbe124068d58727aad9,sell,0xc0eb85285d83217cd7c891702bcbc0fc401e2d9d,0x5cde98c1f4756886592663b37e0ef271b41093c1f57682f0700fa95e10faab90
345,10000.861,1.410121401,0xce273629c61fa936e939f2bc33602850c58a7a8a,2017-10-26T07:01:57.000Z,0.000141,0x838dc27b0de42e3326ae7c8abdea80b0f227062d,buy,0xc0eb85285d83217cd7c891702bcbc0fc401e2d9d,0x9183485e4d9c99ce6c027d24d6b4e12317d62ce395dd4995758d0c668db26378
346,11375.78820605,1.6039861370540094,0x20b0e980d23bc1a32137720251dc5ba1e2c3e274,2017-10-26T06:57:58.000Z,0.00014100000000008434,0x838dc27b0de42e3326ae7c8abdea80b0f227062d,buy,0xc0eb85285d83217cd7c891702bcbc0fc401e2d9d,0x464428e00b435e450255f57cb11e5915315c1c896c39755ef889a455fee3d064
347,34644.37689532,4.8848571422409695,0x8faaf7ee65861b23bf164b526ff784f1c18ca384,2017-10-26T06:57:12.000Z,0.0001410000000000245,0x838dc27b0de42e3326ae7c8abdea80b0f227062d,buy,0xc0eb85285d83217cd7c891702bcbc0fc401e2d9d,0x70c40674a2d05e4b030768f78cccea549079b6489ecb44379e169c096694cad8
348,1266,0.178506,0x20b0e980d23bc1a32137720251dc5ba1e2c3e274,2017-10-26T06:55:22.000Z,0.000141,0x838dc27b0de42e3326ae7c8abdea80b0f227062d,buy,0xc0eb85285d83217cd7c891702bcbc0fc401e2d9d,0xa250c1a04d04bb12c7a8390f81cf2a17545ffd81ece67f9877b9634f054691ef
349,29918.508,4.18859112,0xeae6e402753395cb7461adbe124068d58727aad9,2017-10-26T06:35:13.000Z,0.00014,0xf5c3aac0c835e888d0a4e7b10c51224621d5c02e,buy,0xc0eb85285d83217cd7c891702bcbc0fc401e2d9d,0x27b211c257dc52f95b2945ca0a100c9970b5dd6c0f1fad8bc96399d24d092bce
350,91.41350385,0.012797890539328081,0x33c4412acab555894bf8b8e1d7b53c11c9e2d618,2017-10-26T06:25:56.000Z,0.00014000000000358897,0xf5c3aac0c835e888d0a4e7b10c51224621d5c02e,buy,0xc0eb85285d83217cd7c891702bcbc0fc401e2d9d,0x08d7e9fff9012052d41ea423b0b9c0df765845cc3bea66cb10dfaf93b6980161
351,7833.62830085,1.096707962119005,0xc3c91996d9fe46f3a7343a05aa4e467801c22fad,2017-10-26T05:55:07.000Z,0.00014000000000000064,0xf5c3aac0c835e888d0a4e7b10c51224621d5c02e,buy,0xc0eb85285d83217cd7c891702bcbc0fc401e2d9d,0x01ad84459dda3fcef378cb817ea3bef8d13053b9d33b537e0a43b70ac86fbe11
352,3475,0.486461775,0xc3c91996d9fe46f3a7343a05aa4e467801c22fad,2017-10-26T05:49:24.000Z,0.000139989,0x61de80d95e4dc339c3340cba8cd697f9c89194c6,buy,0xc0eb85285d83217cd7c891702bcbc0fc401e2d9d,0xb4d73414e473cbad3d7521d004f06dcef6522b22caf2edc170b138a2ceca6e14
353,5000,0.69995,0xc3c91996d9fe46f3a7343a05aa4e467801c22fad,2017-10-26T05:47:39.000Z,0.00013999,0xad5b3fbc469313e21efe4117627a658424091b0a,buy,0xc0eb85285d83217cd7c891702bcbc0fc401e2d9d,0x127134b8d721fdecac2fa06fa4fc6768a2af31b69ca7374fdb13dc1bca77155c
354,6.45,0.000903,0x1d5321e125f6c7079a716705541c7b371ca79e69,2017-10-26T05:45:18.000Z,0.00014,0xf5c3aac0c835e888d0a4e7b10c51224621d5c02e,buy,0xc0eb85285d83217cd7c891702bcbc0fc401e2d9d,0xe553ae24f6331c828d9d992e11a5a2c2a328dfbfb0d00c7ff442215f941ba2dd
355,6.43070787,0.00092602193328,0x996b139e2aeb17ac8e41238b6a8afc30fd7982f0,2017-10-26T05:45:18.000Z,0.000144,0x1d5321e125f6c7079a716705541c7b371ca79e69,sell,0xc0eb85285d83217cd7c891702bcbc0fc401e2d9d,0xe553ae24f6331c828d9d992e11a5a2c2a328dfbfb0d00c7ff442215f941ba2dd
356,2143.55,0.3086712,0x996b139e2aeb17ac8e41238b6a8afc30fd7982f0,2017-10-26T05:37:24.000Z,0.000144,0x273a5d3e6721b9f5c1a6474f560c1334c63dda01,sell,0xc0eb85285d83217cd7c891702bcbc0fc401e2d9d,0x6f2c4f812bb9717215c7e8abdd5b675d18c1df63f4a26ffad39cbeab71810d72
357,2150,0.301,0x273a5d3e6721b9f5c1a6474f560c1334c63dda01,2017-10-26T05:37:24.000Z,0.00014,0xf5c3aac0c835e888d0a4e7b10c51224621d5c02e,buy,0xc0eb85285d83217cd7c891702bcbc0fc401e2d9d,0x6f2c4f812bb9717215c7e8abdd5b675d18c1df63f4a26ffad39cbeab71810d72
358,8300,1.1952,0xd929f5014d6e357f1cd21aab084a0ce68ef4ce7f,2017-10-26T05:28:03.000Z,0.000144,0xad8d628c6772c492459db29f92725831720caea0,buy,0xc0eb85285d83217cd7c891702bcbc0fc401e2d9d,0x7358667afd5774e3315694b2aa8a26c94d905cfd3cc49ccd6e73173d5a70f470
359,7000,1.008,0xd929f5014d6e357f1cd21aab084a0ce68ef4ce7f,2017-10-26T05:26:04.000Z,0.000144,0x91d8d78b3d36232eb0f84b345c12a2b0600ba694,buy,0xc0eb85285d83217cd7c891702bcbc0fc401e2d9d,0x63342572ab318878bed08ddc9970f64348649f1eef7041aab51b771b7e6a99e9
360,10000,1.42,0xd929f5014d6e357f1cd21aab084a0ce68ef4ce7f,2017-10-26T05:25:08.000Z,0.000142,0x249c0c8291399b259711a497ab480b8b6105ea15,buy,0xc0eb85285d83217cd7c891702bcbc0fc401e2d9d,0xf19ebb6c8daafaff868e2e058b9f203c2d47948014828e0e278ed15c2e672f80
361,50000,7.15,0xd929f5014d6e357f1cd21aab084a0ce68ef4ce7f,2017-10-26T05:25:08.000Z,0.000143,0xffc988fbe6746126d3eb0ff3472848352c093b0e,buy,0xc0eb85285d83217cd7c891702bcbc0fc401e2d9d,0x7537142fab530e6c2c2e2369755ba9bab6e55f2800a35fa070be482d30afc13d
362,27004.356,3.78060984,0xd929f5014d6e357f1cd21aab084a0ce68ef4ce7f,2017-10-26T05:24:10.000Z,0.00014,0x8a0efb8b949aa901ecb7204924fc9ab206798fd5,buy,0xc0eb85285d83217cd7c891702bcbc0fc401e2d9d,0x6f521671152270c510cbd757bfce001b1826837e7045586be9a098c0ef3837b8
363,4251.68942743,0.5102027312916,0x12b541e54515140f6725fb1efb62464bdd648bb3,2017-10-26T05:10:03.000Z,0.00012,0x9fe6434fc55187fe862d28bb5575e889a918f726,sell,0xc0eb85285d83217cd7c891702bcbc0fc401e2d9d,0x261fb42dcbab332e756958b216959b1c48cface90990ec5a184f0151e2104a02
364,5000,0.625005,0xad5b3fbc469313e21efe4117627a658424091b0a,2017-10-26T05:08:12.000Z,0.000125001,0x9fe6434fc55187fe862d28bb5575e889a918f726,sell,0xc0eb85285d83217cd7c891702bcbc0fc401e2d9d,0x5d8344cfc9f5680ac39435aff2f0dbc78d0b6a217af00d3024107a990a23022a
365,4250,0.51,0x56dd6bafd6ad8b1ca63c627a2cf6cf5d9be68fac,2017-10-26T05:08:12.000Z,0.00012,0x9fe6434fc55187fe862d28bb5575e889a918f726,sell,0xc0eb85285d83217cd7c891702bcbc0fc401e2d9d,0xbf13d97b57a193bed10fc5a93cbce72136ca3893e3559fb5c13c01621ec16969
366,1000,0.126,0x6c740de60199b0634e9fc683dcba6061abc1ddd6,2017-10-26T05:07:19.000Z,0.000126,0x9fe6434fc55187fe862d28bb5575e889a918f726,sell,0xc0eb85285d83217cd7c891702bcbc0fc401e2d9d,0x32006f05a028ae44c90eddec5d33cda07038ad14f7714fcabdd47a5f37696cdb
367,4500,0.562509,0xd2b04839bb1005731a0250888c45dfac7429150b,2017-10-26T05:07:19.000Z,0.000125002,0x9fe6434fc55187fe862d28bb5575e889a918f726,sell,0xc0eb85285d83217cd7c891702bcbc0fc401e2d9d,0x421ac28ff07946ef37989d62033f51e46e64642e0f68501e8546a6121c1b03fd
368,84.4,0.0108032,0x0c66b630309b303f9b68d81e23a698a9ecf55f66,2017-10-26T04:50:44.000Z,0.000128,0xad8d628c6772c492459db29f92725831720caea0,buy,0xc0eb85285d83217cd7c891702bcbc0fc401e2d9d,0xf013b2f6c74d5e00cac652615ea4a32439086bc43c46e2b6e1d6c2dfe01d3d53
369,15.55333998,0.0020219341974,0x94141cce259b6963f842942242692dc603ce44b4,2017-10-26T04:02:56.000Z,0.00013,0x1d5321e125f6c7079a716705541c7b371ca79e69,sell,0xc0eb85285d83217cd7c891702bcbc0fc401e2d9d,0x0584c9b39a53b26960be859557683bd9e2de0ebc335f706bbb598e2a3049a96a
370,15.6,0.0019968,0x1d5321e125f6c7079a716705541c7b371ca79e69,2017-10-26T04:02:56.000Z,0.000128,0xad8d628c6772c492459db29f92725831720caea0,buy,0xc0eb85285d83217cd7c891702bcbc0fc401e2d9d,0x0584c9b39a53b26960be859557683bd9e2de0ebc335f706bbb598e2a3049a96a
371,5184.4,0.673972,0x94141cce259b6963f842942242692dc603ce44b4,2017-10-26T03:46:59.000Z,0.00013,0x273a5d3e6721b9f5c1a6474f560c1334c63dda01,sell,0xc0eb85285d83217cd7c891702bcbc0fc401e2d9d,0x501b01a706ad6412fc79cb94e934a91e060c0c3dc6dcac93cf9b0d05fbcd6ef7
372,5200,0.6656,0x273a5d3e6721b9f5c1a6474f560c1334c63dda01,2017-10-26T03:46:59.000Z,0.000128,0xad8d628c6772c492459db29f92725831720caea0,buy,0xc0eb85285d83217cd7c891702bcbc0fc401e2d9d,0x501b01a706ad6412fc79cb94e934a91e060c0c3dc6dcac93cf9b0d05fbcd6ef7
373,3000,0.39,0x0c66b630309b303f9b68d81e23a698a9ecf55f66,2017-10-26T03:15:49.000Z,0.00013,0xad8d628c6772c492459db29f92725831720caea0,buy,0xc0eb85285d83217cd7c891702bcbc0fc401e2d9d,0xd54b9d065ca588eb8352230fb60306ae84418755f004c43fdcb9196aad36b0d1
374,3000,0.39,0x346eb8847ec84aae1463b80163a097ad3b24514d,2017-10-26T03:11:34.000Z,0.00013,0xf5c3aac0c835e888d0a4e7b10c51224621d5c02e,sell,0xc0eb85285d83217cd7c891702bcbc0fc401e2d9d,0x80d94b2414e4b18d5ec1e6dd3449291951daf7a5e1ac21b2f9a889d6865b2281
375,12728.31077288,1.8456050620688567,0xd445f61ebca3d6b4c57eef1f39fdab6595ef8972,2017-10-26T02:40:55.000Z,0.00014500000000009872,0xf5c3aac0c835e888d0a4e7b10c51224621d5c02e,buy,0xc0eb85285d83217cd7c891702bcbc0fc401e2d9d,0x254f538275f1672fcbe6070c7d61e07c321c9b70fd0fa4c80a38f4bc248d43c6
376,12690.12584056,1.903518876084,0x3aabadf335450a94d69aaacc074f1312c17bd481,2017-10-26T02:40:55.000Z,0.00015,0xd445f61ebca3d6b4c57eef1f39fdab6595ef8972,sell,0xc0eb85285d83217cd7c891702bcbc0fc401e2d9d,0x254f538275f1672fcbe6070c7d61e07c321c9b70fd0fa4c80a38f4bc248d43c6
377,3000,0.45,0x3aabadf335450a94d69aaacc074f1312c17bd481,2017-10-26T02:36:03.000Z,0.00015,0x6ef6e0031e822a76777323c8cb3e5ed109b189a8,sell,0xc0eb85285d83217cd7c891702bcbc0fc401e2d9d,0xf7a889169f998a6e0ebf689739a8388b159c7125c73db69d6dde0d30e59244c7
378,1743,0.26145,0x3aabadf335450a94d69aaacc074f1312c17bd481,2017-10-26T02:35:33.000Z,0.00015,0x6ef6e0031e822a76777323c8cb3e5ed109b189a8,sell,0xc0eb85285d83217cd7c891702bcbc0fc401e2d9d,0xd0484a3f751b444b07843372ab773d44f4497ec8e148a0c68a117e745e5a1568
379,70,0.0105,0x5b7cf862ef525a620f29318b8e1dad329e48a945,2017-10-26T02:27:45.000Z,0.00015,0x6344d47ee0895cf0f23a683be4501d96290f7dfc,buy,0xc0eb85285d83217cd7c891702bcbc0fc401e2d9d,0x1df6531b3cf2d8005c0eba4bde63ef2d2f6ec8803c306fc5c60426c4634d2f0d
380,1100,0.165,0x5b7cf862ef525a620f29318b8e1dad329e48a945,2017-10-26T02:19:10.000Z,0.00015,0xca2832b263c862fb6a02653c7d7b74832fded5bf,buy,0xc0eb85285d83217cd7c891702bcbc0fc401e2d9d,0x0addd4b728f0506900f9fca23715e05b3a3ab0d258d5d5163de7d05223993096
381,10909.17845636,1.636376768454,0x3aabadf335450a94d69aaacc074f1312c17bd481,2017-10-26T02:15:11.000Z,0.00015,0x3dee4a4e076e8d82859d241db0baf46f112cfa23,sell,0xc0eb85285d83217cd7c891702bcbc0fc401e2d9d,0x82f3a1f3086402314d902e1c8e8b639b9190254d902ec6de059faeafe0c7deed
382,242.5763346,0.036386450191169206,0x5776300ed4582980d081d693487d8e91c8eb5f75,2017-10-26T02:14:57.000Z,0.00015000000000481994,0xca2832b263c862fb6a02653c7d7b74832fded5bf,buy,0xc0eb85285d83217cd7c891702bcbc0fc401e2d9d,0x5fcb063ffae664437fc15773c9c87552ad560ee9176b151d9621cf71adbddc09
