,amount,amountBase,buyer,date,price,seller,side,tokenAddr,txHash
0,14475390.813,0.028950781626,0x1a96f3bc6cd0e9db43e89f983d4227ec5f707539,2017-11-02T15:56:18.000Z,0.000000002,0xe36c0b6f8e8460c998453b802ef0af5d68b38f68,buy,0x8a7b7b9b2f7d0c63f66171721339705a6188a7d5,0x3ae1890f3c949a53e5116bd2bd926f56713bbe294922c7538eef6a72921ae308
1,2500000,0.00361,0x6afc2d3e5bda7402f3e6279692709be8f100006d,2017-11-02T15:46:50.000Z,0.000000001444,0x0e19b77944b009ba1d92d10130013fc74bcb6023,sell,0x8a7b7b9b2f7d0c63f66171721339705a6188a7d5,0xd849ddda88fcef34581685fc3d874e09116f5a8daa97dcd0a836747b43b9155a
2,200000000,0.4,0x7d10bc73cc7bc1f67ff97280ee644b384ae92078,2017-11-02T14:58:18.000Z,0.000000002,0xe36c0b6f8e8460c998453b802ef0af5d68b38f68,buy,0x8a7b7b9b2f7d0c63f66171721339705a6188a7d5,0xaf63378c821d89b8f34a5569fe3d4f80891900894358847737751154022fd9db
3,93611449.279,0.187222898558,0x7d10bc73cc7bc1f67ff97280ee644b384ae92078,2017-11-02T14:54:34.000Z,0.000000002,0xe36c0b6f8e8460c998453b802ef0af5d68b38f68,buy,0x8a7b7b9b2f7d0c63f66171721339705a6188a7d5,0x0a2b157db1633bf1d75ac80cdd2122e5ba30df3d531518e1ff62b6cd4ba1fe21
4,93500000,0.187,0x7d10bc73cc7bc1f67ff97280ee644b384ae92078,2017-11-02T14:25:25.000Z,0.000000002,0xe36c0b6f8e8460c998453b802ef0af5d68b38f68,buy,0x8a7b7b9b2f7d0c63f66171721339705a6188a7d5,0x34a4d75e41ccf77a13cd937947b5a3be1428b397face26fb80afabad7d6663b1
5,20000000,0.04,0x7d10bc73cc7bc1f67ff97280ee644b384ae92078,2017-11-02T14:22:39.000Z,0.000000002,0x926117d329e986e1ea4480151547e14bd7399479,buy,0x8a7b7b9b2f7d0c63f66171721339705a6188a7d5,0x35336f7996a0e169d58e73b84b86adeca7e50e6c2b937a377efdc153dfbb4473
6,4984547.901505333,0.007197687169773701,0x6afc2d3e5bda7402f3e6279692709be8f100006d,2017-11-02T12:38:52.000Z,0.00000000144399999999,0x3ea19c19e3d98af9de024a2a52fb50bcdf2f93ef,sell,0x8a7b7b9b2f7d0c63f66171721339705a6188a7d5,0x79dda7549e06d2775cedc86034d56bb1bf056b139884260b366c5d75000cb70b
7,4984547.901505333,0.007197687169773701,0x6afc2d3e5bda7402f3e6279692709be8f100006d,2017-11-02T12:35:43.000Z,0.00000000144399999999,0xa582d3fbe4240ff3b8a9d72c2168b1f688fc3991,sell,0x8a7b7b9b2f7d0c63f66171721339705a6188a7d5,0x81f17166b3239f2a16e648e9c8dd9127ea208240f89f4eaf6c96b7df8b50cceb
8,4982554.281110474,0.007194808381923523,0x6afc2d3e5bda7402f3e6279692709be8f100006d,2017-11-02T11:58:56.000Z,0.00000000144399999999,0x3961e188a59276396e6e8c2771403e21b255a14c,sell,0x8a7b7b9b2f7d0c63f66171721339705a6188a7d5,0xc18c66f84467f0a32c8de83c6102860fab4931cad5dd47a2719d710fa8bda37d
9,1993.8191606021335,0.000002879074867909,0x6afc2d3e5bda7402f3e6279692709be8f100006d,2017-11-02T11:54:21.000Z,0.00000000144399999999,0x3961e188a59276396e6e8c2771403e21b255a14c,sell,0x8a7b7b9b2f7d0c63f66171721339705a6188a7d5,0x6b582c354cd16244e6f7fc73cfd130da4c633bc27326b372785aaf06e26172c7
10,9969095.803010667,0.014395374339547403,0x6afc2d3e5bda7402f3e6279692709be8f100006d,2017-11-02T11:42:46.000Z,0.00000000144399999999,0xb94042d34dd975e1dfa04d113a6efe5cd1e4962d,sell,0x8a7b7b9b2f7d0c63f66171721339705a6188a7d5,0x68103e4f35326ee8801d5687850bce4462d1835b6a7498cbb30564a465f77a2f
11,9969095.803010667,0.014395374339547403,0x6afc2d3e5bda7402f3e6279692709be8f100006d,2017-11-02T11:32:16.000Z,0.00000000144399999999,0x69bb013db2f93a0acd00c2a8c9a895cbd51d0b54,sell,0x8a7b7b9b2f7d0c63f66171721339705a6188a7d5,0x0aace3fe1897f2ff1dc421eaacd39fe7aae9aa05c6a2358bc1c019dc6c3af92b
12,3000000,0.0087,0x099df80d0cc06629dee6de6b0b721d62157539b7,2017-11-02T11:27:33.000Z,0.0000000029,0x3197bab761271ede2bf5b25b450fe46d85c76f2b,buy,0x8a7b7b9b2f7d0c63f66171721339705a6188a7d5,0xcb1f106fd57ec2b1c8882083c0ee65e6d920bc04de35e0bfa33bc744dd5505bb
13,0.0000011425,0.000000000000002285,0x08633ba8540a230b5be19211578e8d08f4fb1323,2017-11-02T11:06:30.000Z,0.000000002,0xe36c0b6f8e8460c998453b802ef0af5d68b38f68,buy,0x8a7b7b9b2f7d0c63f66171721339705a6188a7d5,0x7cf45cd225b359dbf318b9b27343510f117e3e32b967b9680e86496e3f0f226a
14,0.0114627305,0.000000000022925461,0x08633ba8540a230b5be19211578e8d08f4fb1323,2017-11-02T11:05:15.000Z,0.000000002,0xe36c0b6f8e8460c998453b802ef0af5d68b38f68,buy,0x8a7b7b9b2f7d0c63f66171721339705a6188a7d5,0x92cdf46680e092a774ade58a0cc57074c5e19edd0dfa6e104a4991dc13ac492a
15,114.9826448975,0.000000229965289795,0x08633ba8540a230b5be19211578e8d08f4fb1323,2017-11-02T10:58:59.000Z,0.000000002,0xe36c0b6f8e8460c998453b802ef0af5d68b38f68,buy,0x8a7b7b9b2f7d0c63f66171721339705a6188a7d5,0x1666ea55cdc01fb8e7f69b8001c81961ee866417c047eb04c268b4f514ff3cdc
16,1153390.910964785,0.00230678182192957,0x08633ba8540a230b5be19211578e8d08f4fb1323,2017-11-02T10:39:14.000Z,0.000000002,0xe36c0b6f8e8460c998453b802ef0af5d68b38f68,buy,0x8a7b7b9b2f7d0c63f66171721339705a6188a7d5,0x05c04ca13557e590731106bae6e5eac02d92b9857f07d6463c8126b9baad7a22
17,1461636.6625575044,0.004384909987672513,0x640716a49bda445238da1ed3dc08bb596b32bd63,2017-11-02T10:36:51.000Z,0.000000003,0x58b504525a0ef6d048670bc831532c320543f7f8,buy,0x8a7b7b9b2f7d0c63f66171721339705a6188a7d5,0xf53bda47cea0c498f1d245c7ee2de48359ff2584da24db30baf63688c9538e82
18,4750000,0.0095,0x640716a49bda445238da1ed3dc08bb596b32bd63,2017-11-02T10:35:27.000Z,0.000000002,0xd314afc687d5f22ea6f05564875aa67432e15d27,buy,0x8a7b7b9b2f7d0c63f66171721339705a6188a7d5,0xc8f3733c9ac6534629701274f8787497e48e3b6104bcdc02a757941327b5b046
19,62718420.053874336,0.12543684010774866,0x640716a49bda445238da1ed3dc08bb596b32bd63,2017-11-02T10:34:14.000Z,0.000000002,0xe36c0b6f8e8460c998453b802ef0af5d68b38f68,buy,0x8a7b7b9b2f7d0c63f66171721339705a6188a7d5,0xd25b87eab4a17f781af8ee2f406fbdfc76ca69d34432541dc98208e5b4c56f7d
20,250000,0.0005,0x4fda9e6bcd83af6c5cc771b5d20accc2b7720074,2017-11-02T10:19:36.000Z,0.000000002,0xd314afc687d5f22ea6f05564875aa67432e15d27,buy,0x8a7b7b9b2f7d0c63f66171721339705a6188a7d5,0xc2cd467b2a9bebedc65b585be99fc103e43201c0f4d748938fe12730670f8d89
21,16000000,0.048,0x4665fe7cd13a4f0124904c76c0f3ab701057486c,2017-11-02T10:07:42.000Z,0.000000003,0xc9d56287b414e1aa0963016aa721b527f095fd9c,sell,0x8a7b7b9b2f7d0c63f66171721339705a6188a7d5,0x9d9cfa01b16294fe7f6d8c921b8349e9a1176225e7909713b6fe6ffa0f105b7f
22,16048000,0.032096,0xc9d56287b414e1aa0963016aa721b527f095fd9c,2017-11-02T10:07:42.000Z,0.000000002,0xe36c0b6f8e8460c998453b802ef0af5d68b38f68,buy,0x8a7b7b9b2f7d0c63f66171721339705a6188a7d5,0x9d9cfa01b16294fe7f6d8c921b8349e9a1176225e7909713b6fe6ffa0f105b7f
23,250000,0.0005,0x3075f7f189912f4f425dd7021b9c396434197477,2017-11-02T10:05:21.000Z,0.000000002,0xe36c0b6f8e8460c998453b802ef0af5d68b38f68,buy,0x8a7b7b9b2f7d0c63f66171721339705a6188a7d5,0xc7802647ecead55da5576c8eeac230d97013f7b7ec1fe800c6e624f4b6e0b625
24,2326122.354035822,0.006978367062107466,0x640716a49bda445238da1ed3dc08bb596b32bd63,2017-11-02T09:45:55.000Z,0.000000003,0x16d70c756ac9c33e3e862d79d6778702342cd188,buy,0x8a7b7b9b2f7d0c63f66171721339705a6188a7d5,0x86a3f82172df785977834c81c03005057e8931e69d2164c17d1cf6c430fb4ab8
25,4984547.901505333,0.009969095803010666,0xf7bb972d75b45783d579c0d5c202d6111858cb3b,2017-11-02T09:31:14.000Z,0.00000000199999999999,0x165985ec068c31ae8ce1f7c53a0b64c422aa3629,sell,0x8a7b7b9b2f7d0c63f66171721339705a6188a7d5,0xffa67381de8188f741ac2717e3332f1ca72d73d25e1ee2281689912f50246c34
26,4984547.901505333,0.009969095803010666,0xf7bb972d75b45783d579c0d5c202d6111858cb3b,2017-11-02T09:30:31.000Z,0.00000000199999999999,0x5d6677fcd2fb53a39a9dc851f5c69b85b3455ad4,sell,0x8a7b7b9b2f7d0c63f66171721339705a6188a7d5,0x847f979fc01453093a2d219a75601475639e3a4a1439822ea3eaa45456a0f5b6
27,4984547.901505333,0.009969095803010666,0xf7bb972d75b45783d579c0d5c202d6111858cb3b,2017-11-02T09:29:44.000Z,0.00000000199999999999,0x7a834b5ac84112e20cf6aab5a31f88b9860f50bf,sell,0x8a7b7b9b2f7d0c63f66171721339705a6188a7d5,0xf3e175ebfdcef0c0f8ff928dbcf4e39b3c9693c391d2d856bf663482113c143f
28,4984547.901505333,0.009969095803010666,0xf7bb972d75b45783d579c0d5c202d6111858cb3b,2017-11-02T09:27:42.000Z,0.00000000199999999999,0x0d6baf35b4982a7cb84ffe8eb786607d1abef2e1,sell,0x8a7b7b9b2f7d0c63f66171721339705a6188a7d5,0x989b7daa48c1bbfa0df18bcf501f24d02700af989d7eb0a2e5187d12f927440e
29,562646,0.001125292,0x08633ba8540a230b5be19211578e8d08f4fb1323,2017-11-02T09:09:19.000Z,0.000000002,0xdbefe3e53e1cef1e1e1642f7fc7c45e957fff86c,buy,0x8a7b7b9b2f7d0c63f66171721339705a6188a7d5,0x123c84ec5257379dc2a41de1a11025996f2b900386d25677cfe6cfb2fd34ea09
30,4424081.565572343,0.008848163131144686,0xfc7b023ceb2edcfb91e38c1edba49d8f9d7dfc5c,2017-11-02T08:58:38.000Z,0.000000002,0xdbefe3e53e1cef1e1e1642f7fc7c45e957fff86c,sell,0x8a7b7b9b2f7d0c63f66171721339705a6188a7d5,0x82950a593be75501492360b951ec68b492d0a6e754595a45d2dfff82dd98c6de
31,496.91435564802447,0.000000993828711296,0xfc7b023ceb2edcfb91e38c1edba49d8f9d7dfc5c,2017-11-02T08:32:44.000Z,0.00000000199999999999,0x6e4e0ca28f79ff4448a3e9fbf815583c1354e216,sell,0x8a7b7b9b2f7d0c63f66171721339705a6188a7d5,0xea80b617fde37c85f6ce29222d5c11e49b86cee5d577fbc960007e6e560bc0f8
32,4984547.901505333,0.009969095803010666,0xe25ce19226c3ce65204570db8d6c6db1e9df74ac,2017-11-02T08:10:34.000Z,0.00000000199999999999,0xab901f71988c64541932bba8d243bc23c3849561,sell,0x8a7b7b9b2f7d0c63f66171721339705a6188a7d5,0xc7cc6bc013b6dac2cd1cb62bc747c306c442d4723376d637609ae054e82a0476
33,4985044.815860981,0.009970089631721963,0x7d10bc73cc7bc1f67ff97280ee644b384ae92078,2017-11-02T07:57:13.000Z,0.000000002,0xe36c0b6f8e8460c998453b802ef0af5d68b38f68,buy,0x8a7b7b9b2f7d0c63f66171721339705a6188a7d5,0x2366b085d3f5de3bac15d6ee2a1c46243673d919617c4ae5d1fa67ff2bcd9225
34,496.91435564802447,0.000000993828711296,0xfc7b023ceb2edcfb91e38c1edba49d8f9d7dfc5c,2017-11-02T07:56:53.000Z,0.00000000199999999999,0x5a2cb8072702910e232b08c7ed712bb1d96320d6,sell,0x8a7b7b9b2f7d0c63f66171721339705a6188a7d5,0x09b5113546596b19e734695c2ac4cad7f996fbe36f81b4116a8d6f89fc23105b
35,4984547.901505333,0.009969095803010666,0xe25ce19226c3ce65204570db8d6c6db1e9df74ac,2017-11-02T07:55:38.000Z,0.00000000199999999999,0x5a2cb8072702910e232b08c7ed712bb1d96320d6,sell,0x8a7b7b9b2f7d0c63f66171721339705a6188a7d5,0xb3698e03b93b81ff35675a38ebd6d5dcfeca7564fa1864d921dd8fae40b24c93
36,4984547.901505333,0.009969095803010667,0x7d10bc73cc7bc1f67ff97280ee644b384ae92078,2017-11-02T07:52:38.000Z,0.000000002,0x0648cc7fdd32bb80590ab38b7d34f5c35361f697,buy,0x8a7b7b9b2f7d0c63f66171721339705a6188a7d5,0xe980756705c1fd0d107021e46a7db2560bda47ba7f98c0b29b1975c2c4e5ed56
37,4984547.901505333,0.009969095803010666,0xfc7b023ceb2edcfb91e38c1edba49d8f9d7dfc5c,2017-11-02T07:22:32.000Z,0.00000000199999999999,0x87f357f24bd9836621a6d1ad5a52888c5ca2be6d,sell,0x8a7b7b9b2f7d0c63f66171721339705a6188a7d5,0xbf08f420e29ee91dd3f52cf39a213d1240b77f9f118784fb3f99a75b421703b8
38,4984547.901505333,0.009969095803010666,0xfc7b023ceb2edcfb91e38c1edba49d8f9d7dfc5c,2017-11-02T05:38:27.000Z,0.00000000199999999999,0x9316a1d5856e872908311a4f9cf3ec86955aee13,sell,0x8a7b7b9b2f7d0c63f66171721339705a6188a7d5,0x1d059156754e5a676dc373ba1717b37896251c97b84ed22eb58788771b6ef77b
39,496.91435564802447,0.000000993828711296,0xfc7b023ceb2edcfb91e38c1edba49d8f9d7dfc5c,2017-11-02T04:06:48.000Z,0.00000000199999999999,0xca768633c810b5e5d3f620955d627e97b18ea021,sell,0x8a7b7b9b2f7d0c63f66171721339705a6188a7d5,0xdd6619badac9e75de4411bb1a12e8c02ae6fa856ac1e3f58f3fad5b1555ad34e
40,4984547.901505333,0.009969095803010666,0xfc7b023ceb2edcfb91e38c1edba49d8f9d7dfc5c,2017-11-02T03:56:33.000Z,0.00000000199999999999,0x0303331007872d70e1c0fa194ca8952c08a8fd21,sell,0x8a7b7b9b2f7d0c63f66171721339705a6188a7d5,0x38d2ffccd784be795892d3a23e518a2c2eb17537722f47a92009d676df9ae5a3
41,154713.45244790532,0.00030942690489581,0xfc7b023ceb2edcfb91e38c1edba49d8f9d7dfc5c,2017-11-02T03:43:37.000Z,0.00000000199999999999,0xa4c18434f1798ab69f5658c47ca14e0048451d94,sell,0x8a7b7b9b2f7d0c63f66171721339705a6188a7d5,0xb45e7d15f24f515d8f7e84c2f03daadabc9a6dbe698bb2d01af11c64e8567fbc
42,4830315.987885849,0.009660631975771697,0x4013176e5a4e7bf43a4d5ee5777ec6cf1e60ab9e,2017-11-02T03:25:07.000Z,0.00000000199999999999,0xa4c18434f1798ab69f5658c47ca14e0048451d94,sell,0x8a7b7b9b2f7d0c63f66171721339705a6188a7d5,0x6708c3fb7c52e2b76804425dcd253d694bada67be5e6c3e352695dbb8412e911
43,103060358.36760741,0.16489657338817187,0x6afc2d3e5bda7402f3e6279692709be8f100006d,2017-11-02T03:10:43.000Z,0.00000000159999999999,0xe36c0b6f8e8460c998453b802ef0af5d68b38f68,sell,0x8a7b7b9b2f7d0c63f66171721339705a6188a7d5,0x3a75569b9fe7f17888dc1d21618cb518de369155f63389f50c4c738a628ffb91
44,233579.9461256655,0.000467159892251331,0xe36c0b6f8e8460c998453b802ef0af5d68b38f68,2017-11-02T02:54:11.000Z,0.000000002,0xe36c0b6f8e8460c998453b802ef0af5d68b38f68,buy,0x8a7b7b9b2f7d0c63f66171721339705a6188a7d5,0x11852b7aad0438c1223e7713c8163869aa86a47c180060e264d02412e98c9add
45,6500000,0.013,0x5670fb7ddd986b14cf7ade131d67e3b484fe162c,2017-11-02T01:43:58.000Z,0.000000002,0xe36c0b6f8e8460c998453b802ef0af5d68b38f68,buy,0x8a7b7b9b2f7d0c63f66171721339705a6188a7d5,0x2b0fd068fd90164323bd9609d2d585d0dc79e045923c114125d188fff6f44163
46,21000000,0.042,0x9f5360f3fc30501d9b5cd62caa7069a42ead1c8b,2017-11-02T01:19:32.000Z,0.000000002,0xe36c0b6f8e8460c998453b802ef0af5d68b38f68,buy,0x8a7b7b9b2f7d0c63f66171721339705a6188a7d5,0xa11a4b60c961d30c4a6a1730f5af75459d1cbef5b34a37a41945cea113379336
47,4984547.901505333,0.01001894128202572,0x9f5360f3fc30501d9b5cd62caa7069a42ead1c8b,2017-11-02T00:48:42.000Z,0.00000000200999999999,0x680ea6597186219e9abfa407e1293d0635966847,sell,0x8a7b7b9b2f7d0c63f66171721339705a6188a7d5,0xbf1c5a3ef505b91a1fb246b98c1d5ee71d65b5b0b8b926627a294712316006ec
48,0.043086432128514054,0.000000000107285216,0x08633ba8540a230b5be19211578e8d08f4fb1323,2017-11-02T00:32:10.000Z,0.00000000249,0x9f5360f3fc30501d9b5cd62caa7069a42ead1c8b,buy,0x8a7b7b9b2f7d0c63f66171721339705a6188a7d5,0x0e7edad62cc7b87aac4c642b7ee3587eeb5cbbb47463fbdcf60616cfd6cde357
49,240999999.99950898,0.5890039999987999,0xb75f71de00919176b72a62aad464952b481ab60f,2017-11-02T00:11:27.000Z,0.000000002444,0x6afc2d3e5bda7402f3e6279692709be8f100006d,buy,0x8a7b7b9b2f7d0c63f66171721339705a6188a7d5,0xf836425a335f6fec90a639aa6a3d9bb0ee4bc08b608ece60896397c8d3960426
50,4984547.901505333,0.01001894128202572,0x9f5360f3fc30501d9b5cd62caa7069a42ead1c8b,2017-11-01T23:59:08.000Z,0.00000000200999999999,0xeda40b7878f1c0137197a9f18a12d1cc8e52e4bb,sell,0x8a7b7b9b2f7d0c63f66171721339705a6188a7d5,0x4e26ca1678df7a13d6b8102f5c61b3dd0965cde64345e9ee81b1782464d59882
51,6287454.413,0.015366538585372,0x08633ba8540a230b5be19211578e8d08f4fb1323,2017-11-01T23:37:43.000Z,0.000000002444,0x6afc2d3e5bda7402f3e6279692709be8f100006d,buy,0x8a7b7b9b2f7d0c63f66171721339705a6188a7d5,0x1e1092898abfe59809d041c7cafae22d8bcd2b4d22aa78c3dac3e281d840381f
52,0.001818236497545008,0.00000000000444377,0x08633ba8540a230b5be19211578e8d08f4fb1323,2017-11-01T23:33:46.000Z,0.000000002444,0x6afc2d3e5bda7402f3e6279692709be8f100006d,buy,0x8a7b7b9b2f7d0c63f66171721339705a6188a7d5,0xb69f5426b83738b5e8d122e158bf8764094a9c82055f70304988b0a7ee7044c3
53,9969095.803010667,0.01993819160602133,0x2c7983301df986f8f1b60b999c51abd3731ce6f8,2017-11-01T23:18:41.000Z,0.00000000199999999999,0x04f5c03c379677dc4527d3499312f2d8934bde5c,sell,0x8a7b7b9b2f7d0c63f66171721339705a6188a7d5,0x721f9253bced26b4098e35e4215ed9ccb5b0a9a3ab5408417aeffdb81593bb0a
54,9969095.803010667,0.01993819160602133,0x4013176e5a4e7bf43a4d5ee5777ec6cf1e60ab9e,2017-11-01T22:26:17.000Z,0.00000000199999999999,0xa839c6c2143fac413b4aa0134b200b84dfa1bb08,sell,0x8a7b7b9b2f7d0c63f66171721339705a6188a7d5,0x3b2acadaf37877afe6c809676e91d5d233a7765edd1cb5ac2f306e5c6d113ad8
55,4984547.901505333,0.009969095803010666,0x4013176e5a4e7bf43a4d5ee5777ec6cf1e60ab9e,2017-11-01T22:06:58.000Z,0.00000000199999999999,0x34d4ecd77d6378ebdda1c62a38881e4587109181,sell,0x8a7b7b9b2f7d0c63f66171721339705a6188a7d5,0x1599b715ce2f0c1d7973784e14dca6330fa2d67ad9e25d6bda3653d9738e660e
56,498454.7901505334,0.000996909580301066,0xbc308040c6c2fa5cf44febe18eb10847b38dd87f,2017-11-01T21:08:00.000Z,0.00000000199999999999,0x4ad153ff30d3f908d7f00da4f2b1b0e5f2165201,sell,0x8a7b7b9b2f7d0c63f66171721339705a6188a7d5,0xc757c2b6c05ed9c4520c62b31e5501c28af910f2538b8ce1cb7cc82975640daa
57,1000000,0.002444,0xb85d14ab22a69276e57f24130ce4215e5ffe7dc0,2017-11-01T20:41:47.000Z,0.000000002444,0x6afc2d3e5bda7402f3e6279692709be8f100006d,buy,0x8a7b7b9b2f7d0c63f66171721339705a6188a7d5,0xd45d3d39e472048d72ca6467b39ddf1e10c86f997cf7c10f099465abbd00f2a7
58,996909.5803010667,0.000996909580301066,0x8b182a4526944fa498970732a69a95d281c3c8a9,2017-11-01T20:41:08.000Z,0.00000000099999999999,0x4ad153ff30d3f908d7f00da4f2b1b0e5f2165201,sell,0x8a7b7b9b2f7d0c63f66171721339705a6188a7d5,0xb586608df063da6ca27d8af4199bbe1a9d9865853f12b11dd8193cbe4e14dfa2
59,10000000,0.02444,0x4582c009abb44d1bb9104aa2b436b41448f97600,2017-11-01T20:14:52.000Z,0.000000002444,0x6afc2d3e5bda7402f3e6279692709be8f100006d,buy,0x8a7b7b9b2f7d0c63f66171721339705a6188a7d5,0x76b4d711e0fb0940a89f428500f3c5e4ad3537e026c7b73303c6b222558b5659
60,4984547.901505333,0.01001894128202572,0x9f5360f3fc30501d9b5cd62caa7069a42ead1c8b,2017-11-01T20:03:34.000Z,0.00000000200999999999,0xbabe38961cb3d28892d11567b73304e087bad1c6,sell,0x8a7b7b9b2f7d0c63f66171721339705a6188a7d5,0x17d69efdc913929f9a61c8074a00ea4bae329ee2dcfaaa6d2df0ee3265a8e589
61,29910.269192422733,0.000089730807577268,0xfc7b023ceb2edcfb91e38c1edba49d8f9d7dfc5c,2017-11-01T19:57:48.000Z,0.00000000299999999999,0x1d5321e125f6c7079a716705541c7b371ca79e69,sell,0x8a7b7b9b2f7d0c63f66171721339705a6188a7d5,0x467ea8ec43ff76e52742119329e02619f54cb0ad1bf14b1d7e238309e37a2a3f
62,30000,0.00007332,0x1d5321e125f6c7079a716705541c7b371ca79e69,2017-11-01T19:57:48.000Z,0.000000002444,0x6afc2d3e5bda7402f3e6279692709be8f100006d,buy,0x8a7b7b9b2f7d0c63f66171721339705a6188a7d5,0x467ea8ec43ff76e52742119329e02619f54cb0ad1bf14b1d7e238309e37a2a3f
63,10000000,0.02444,0x273a5d3e6721b9f5c1a6474f560c1334c63dda01,2017-11-01T19:45:32.000Z,0.000000002444,0x6afc2d3e5bda7402f3e6279692709be8f100006d,buy,0x8a7b7b9b2f7d0c63f66171721339705a6188a7d5,0xdecf69436f98678093f67f56dab7153e2dd9fdbf2955d657884f546089f546f5
64,9970000,0.02991,0xfc7b023ceb2edcfb91e38c1edba49d8f9d7dfc5c,2017-11-01T19:45:32.000Z,0.000000003,0x273a5d3e6721b9f5c1a6474f560c1334c63dda01,sell,0x8a7b7b9b2f7d0c63f66171721339705a6188a7d5,0xdecf69436f98678093f67f56dab7153e2dd9fdbf2955d657884f546089f546f5
65,31682545.585672796,0.07743214141138431,0xb100a7f4eef382d586fcb744d579347bb3b52477,2017-11-01T19:04:09.000Z,0.000000002444,0x6afc2d3e5bda7402f3e6279692709be8f100006d,buy,0x8a7b7b9b2f7d0c63f66171721339705a6188a7d5,0xf3c2eb488902a7d93aa93ffd6d48ab97765398f5200ec40b92e5e53e01288367
66,5000000,0.01,0xb100a7f4eef382d586fcb744d579347bb3b52477,2017-11-01T18:37:30.000Z,0.000000002,0x3aef52817008800944bd01390ce0676ea74f3f5f,buy,0x8a7b7b9b2f7d0c63f66171721339705a6188a7d5,0x1e333c208036a24e7334711cccf4d08292f3dcae09cdad770ceb20d8d24002d4
67,28000000,0.06972,0xb100a7f4eef382d586fcb744d579347bb3b52477,2017-11-01T18:07:47.000Z,0.00000000249,0x9f5360f3fc30501d9b5cd62caa7069a42ead1c8b,buy,0x8a7b7b9b2f7d0c63f66171721339705a6188a7d5,0xadb75cf0d63a6e2acae5f76526638df886b76367975192b8a540ab9509af6ea9
68,501495.513,0.0012537387825,0xd6a1726b152587dae9389099989e026b4bd06073,2017-11-01T17:24:24.000Z,0.0000000025,0xf965db1c8678468de37e6ddd35bdb7e396b6ba6d,sell,0x8a7b7b9b2f7d0c63f66171721339705a6188a7d5,0x7de582f11319ee3e957f0ed37b74897589cd565627c1d015a8ecea0df94a7fea
69,498504.4865403789,0.001246261216350947,0xd6a1726b152587dae9389099989e026b4bd06073,2017-11-01T16:57:07.000Z,0.00000000249999999999,0x1d5321e125f6c7079a716705541c7b371ca79e69,sell,0x8a7b7b9b2f7d0c63f66171721339705a6188a7d5,0x03867d56b97c28f3b7d22654e3630e39a2c2af160b98ae07e15a079107752931
70,500000,0.001,0x1d5321e125f6c7079a716705541c7b371ca79e69,2017-11-01T16:57:07.000Z,0.000000002,0xbc308040c6c2fa5cf44febe18eb10847b38dd87f,buy,0x8a7b7b9b2f7d0c63f66171721339705a6188a7d5,0x03867d56b97c28f3b7d22654e3630e39a2c2af160b98ae07e15a079107752931
71,1000000,0.00249,0xbdd9d71fbdecdd2cf2d1214331a49ecce3bc6066,2017-11-01T16:30:04.000Z,0.00000000249,0x9f5360f3fc30501d9b5cd62caa7069a42ead1c8b,buy,0x8a7b7b9b2f7d0c63f66171721339705a6188a7d5,0x6378468d1fb8c44f85176aceb2d41006faa07c4b9ea5aa44bfc1756b54042657
72,4985044.85685287,0.010468594199391027,0x2c7983301df986f8f1b60b999c51abd3731ce6f8,2017-11-01T16:25:43.000Z,0.00000000209999999999,0x1d5321e125f6c7079a716705541c7b371ca79e69,sell,0x8a7b7b9b2f7d0c63f66171721339705a6188a7d5,0xcc79243ebd28b08b6fa6aa163d9e640c074d6a869fd9f9afea884c93597981c3
73,4999999.991423429,0.009999999982846858,0x1d5321e125f6c7079a716705541c7b371ca79e69,2017-11-01T16:25:43.000Z,0.000000002,0x702768ea4e0811a02e38c16b2ff9d418336d5ce2,buy,0x8a7b7b9b2f7d0c63f66171721339705a6188a7d5,0xcc79243ebd28b08b6fa6aa163d9e640c074d6a869fd9f9afea884c93597981c3
74,0.008576571,0.000000000017153142,0xbdd9d71fbdecdd2cf2d1214331a49ecce3bc6066,2017-11-01T16:23:38.000Z,0.000000002,0x702768ea4e0811a02e38c16b2ff9d418336d5ce2,buy,0x8a7b7b9b2f7d0c63f66171721339705a6188a7d5,0x2e5a3e09a71b37d04e2d4f26a9ac9a7fd4fad9c846861bb0b185f42ee3bc2858
75,4984547.901505333,0.0104675505931612,0x2c7983301df986f8f1b60b999c51abd3731ce6f8,2017-11-01T16:10:59.000Z,0.00000000209999999999,0x43808d5a5cc952c530ff9d0499fa0bfd8ff553bf,sell,0x8a7b7b9b2f7d0c63f66171721339705a6188a7d5,0x58c1195cac195788948f1e028695863947db6cccc628e84bc0a1406e2b7e2825
76,4984547.901505333,0.009969095803010666,0xe25ce19226c3ce65204570db8d6c6db1e9df74ac,2017-11-01T16:04:35.000Z,0.00000000199999999999,0x3808be684e086b4bbd90a280617ce19fe5dfb460,sell,0x8a7b7b9b2f7d0c63f66171721339705a6188a7d5,0x3b4d71fe189b7e096601747de280f76e29407307bd4dd961b29795112a9928ae
77,2190293.094099946,0.004380586188199892,0x4013176e5a4e7bf43a4d5ee5777ec6cf1e60ab9e,2017-11-01T15:10:25.000Z,0.00000000199999999999,0x38c211219107969dbb99a761f9f01e28beb4355e,sell,0x8a7b7b9b2f7d0c63f66171721339705a6188a7d5,0xcd5c9820c8d313bc2a04d7064d46f812ce8f2269601fc09d91590862a48ba0f7
78,2800000,0.005628,0x9f5360f3fc30501d9b5cd62caa7069a42ead1c8b,2017-11-01T15:07:54.000Z,0.00000000201,0x38c211219107969dbb99a761f9f01e28beb4355e,sell,0x8a7b7b9b2f7d0c63f66171721339705a6188a7d5,0xd65375dff984fd163cd4360607f9ebaf3186f223b9c029735871ce2e1ea39557
79,7155548.637965798,0.014311097275931597,0x4013176e5a4e7bf43a4d5ee5777ec6cf1e60ab9e,2017-11-01T14:50:18.000Z,0.00000000199999999999,0xa7ef40afda6e29b81faa91a6608dc597e292604b,sell,0x8a7b7b9b2f7d0c63f66171721339705a6188a7d5,0x2ab03692c6f79c6fc1a0bf12f94ef40fbd7bd1cd03ddbdfd415bfe8dca0cfd60
80,3810836.6513025993,0.007621673302605199,0x853a69a05e1f42436b51e0ebd9441725261b6608,2017-11-01T14:49:14.000Z,0.000000002,0xa7ef40afda6e29b81faa91a6608dc597e292604b,sell,0x8a7b7b9b2f7d0c63f66171721339705a6188a7d5,0xfe3f6d4230267c83f35a12e8044b9f6a5f769a4220af966f3856e5a79d50bf39
81,4984547.901505333,0.009969095803010666,0x4013176e5a4e7bf43a4d5ee5777ec6cf1e60ab9e,2017-11-01T14:42:50.000Z,0.00000000199999999999,0xd6aa2d68d790ae6feed2ca749878c35e789c4117,sell,0x8a7b7b9b2f7d0c63f66171721339705a6188a7d5,0x061519a252bee13218c0572d274c8c50879f80884f8b5959c4eee2940807db84
82,4984547.901505333,0.009969095803010666,0xf13178f89d55d02492dd070fdac85a38689f2dfa,2017-11-01T14:40:53.000Z,0.00000000199999999999,0x7f91ef30100398243ff2d8eb8e5512c688bb8b61,sell,0x8a7b7b9b2f7d0c63f66171721339705a6188a7d5,0xdc24131484a552c8303a70f55766c00141663760e799ca397d1ada4993232f8e
83,1000000,0.00249,0xd85a83108b781f3ced41e40588d9e5a5f3a27188,2017-11-01T14:27:16.000Z,0.00000000249,0x9f5360f3fc30501d9b5cd62caa7069a42ead1c8b,buy,0x8a7b7b9b2f7d0c63f66171721339705a6188a7d5,0xbd94eb941cb3f67bfe35ff61f141529229fc7e73cc816ec778dae05eba51f38a
84,3651347.4892725265,0.007302694978545053,0x853a69a05e1f42436b51e0ebd9441725261b6608,2017-11-01T14:00:27.000Z,0.00000000199999999999,0x2ae6686306e3e932f23a734cc26e7adb60f407f4,sell,0x8a7b7b9b2f7d0c63f66171721339705a6188a7d5,0x13887934e49401d920d6d7764c83bda46b721af1f98b8e5daa94fff0e37f0e00
85,5000000,0.01,0x9f5360f3fc30501d9b5cd62caa7069a42ead1c8b,2017-11-01T13:58:02.000Z,0.000000002,0x7a7ff7c18165aaa487ed9baa531eb9108b83abb1,buy,0x8a7b7b9b2f7d0c63f66171721339705a6188a7d5,0x01b93595fc00a3c359d207cb5eb32009b0ad21b5df55cd78faef75ac1b6f2ddf
86,4984547.901505333,0.009969095803010666,0x4013176e5a4e7bf43a4d5ee5777ec6cf1e60ab9e,2017-11-01T13:30:31.000Z,0.00000000199999999999,0x4cb8c00b2f1e0d40856496f8f16b41e7a0e4de1c,sell,0x8a7b7b9b2f7d0c63f66171721339705a6188a7d5,0x1fd90d9723353c727fabe9e28d652739da597598044b1d8f56c4ef39cc06ead7
87,1000000,0.00249,0x4582c009abb44d1bb9104aa2b436b41448f97600,2017-11-01T13:15:27.000Z,0.00000000249,0x9f5360f3fc30501d9b5cd62caa7069a42ead1c8b,buy,0x8a7b7b9b2f7d0c63f66171721339705a6188a7d5,0x376213d45f9410d9159a905898bcb073f7c630f6f2781507eaf62b5522f2b64f
88,4984547.901505333,0.01001894128202572,0x9f5360f3fc30501d9b5cd62caa7069a42ead1c8b,2017-11-01T13:03:50.000Z,0.00000000200999999999,0x7522b31cd0cba4e8f64dbebef846456f0aaff9f3,sell,0x8a7b7b9b2f7d0c63f66171721339705a6188a7d5,0xc214a5b2da5759c558e1980efb89f2a5ad4a88c3061b2873e42706f3e072c98d
89,4000000,0.00804,0x9f5360f3fc30501d9b5cd62caa7069a42ead1c8b,2017-11-01T12:56:52.000Z,0.00000000201,0x185b2c9e2b48bb60fa2fae0b5871cd44a5b4ce73,sell,0x8a7b7b9b2f7d0c63f66171721339705a6188a7d5,0x89e58fb5c9deca5fb89968baf6523ea54c84e9c1ab85ac7eecf1aa9ba384d98a
90,9746132.143,0.02426786903607,0xf443f4a058c96c9d79c245bfea929958489bf307,2017-11-01T12:56:10.000Z,0.00000000249,0x9f5360f3fc30501d9b5cd62caa7069a42ead1c8b,buy,0x8a7b7b9b2f7d0c63f66171721339705a6188a7d5,0x5476beef97f47631b0e4b7ad00adc67703683d24dfd61d3dda24b6df52f5140a
91,3000000,0.006,0x853a69a05e1f42436b51e0ebd9441725261b6608,2017-11-01T12:19:04.000Z,0.000000002,0xa12fbfc4e85f658cf4f2674c81b497e9213a9217,sell,0x8a7b7b9b2f7d0c63f66171721339705a6188a7d5,0x595785e246625d416bbbcf1e7f6dc602fd10985851abaa4c173bb0eae1b7514a
92,61.45112757892857,0.000000172063157221,0xbdd9d71fbdecdd2cf2d1214331a49ecce3bc6066,2017-11-01T12:17:09.000Z,0.0000000028,0x37e0a63c7a309d96a00114e64a696bc890b6627b,buy,0x8a7b7b9b2f7d0c63f66171721339705a6188a7d5,0xc5fa0807898a19c79c30067ee3ef58929ce7e67a5e4535016287168027ee78c9
93,496.91435564802447,0.000000993828711296,0x853a69a05e1f42436b51e0ebd9441725261b6608,2017-11-01T12:06:49.000Z,0.00000000199999999999,0x4ce32597fbe8a4097193f8a1e12befd3c51043ff,sell,0x8a7b7b9b2f7d0c63f66171721339705a6188a7d5,0x10fbc676c0da8908ac818bd7403cb975f906c0e7f9c36946dd562c90c44c614e
94,4984547.901505333,0.009969095803010666,0x853a69a05e1f42436b51e0ebd9441725261b6608,2017-11-01T12:05:43.000Z,0.00000000199999999999,0x4ce32597fbe8a4097193f8a1e12befd3c51043ff,sell,0x8a7b7b9b2f7d0c63f66171721339705a6188a7d5,0xb3f5815269bc2095e3a7d0b24836307b0875dacd7bf3762df325fd7689c7657d
95,4984547.901505333,0.009969095803010666,0x853a69a05e1f42436b51e0ebd9441725261b6608,2017-11-01T11:44:41.000Z,0.00000000199999999999,0x4817ad0411eddb9a32fda74ad1a2dfcab3a89039,sell,0x8a7b7b9b2f7d0c63f66171721339705a6188a7d5,0x558ffb427d63fe6951ffc193a553d82dafe1cab8f0cabba798369837056f2631
96,456221.85682216426,0.001135992423487189,0x4817ad0411eddb9a32fda74ad1a2dfcab3a89039,2017-11-01T11:44:41.000Z,0.00000000249,0x9f5360f3fc30501d9b5cd62caa7069a42ead1c8b,buy,0x8a7b7b9b2f7d0c63f66171721339705a6188a7d5,0x037944f8e1d2a9bed1b456daacfaada9e991ea0e45ec4ec90d7e144196763c80
97,1000000,0.00249,0x8b182a4526944fa498970732a69a95d281c3c8a9,2017-11-01T11:13:05.000Z,0.00000000249,0x9f5360f3fc30501d9b5cd62caa7069a42ead1c8b,buy,0x8a7b7b9b2f7d0c63f66171721339705a6188a7d5,0xfc6ebcbc2486ead94598679159c0ca045f8f5adbacbeead40bd1356970b1b86c
98,996.9095803010667,0.000001993819160602,0x4013176e5a4e7bf43a4d5ee5777ec6cf1e60ab9e,2017-11-01T10:13:27.000Z,0.00000000199999999999,0x19e63f82c821453e9ef18109c8b8a1b6eb51bd62,sell,0x8a7b7b9b2f7d0c63f66171721339705a6188a7d5,0x6f471e9a6a3380b5de208ce7ffd9ca3b25f094a2081be785448ba7b1f3947227
99,1927912.9751834457,0.003855825950366891,0x4013176e5a4e7bf43a4d5ee5777ec6cf1e60ab9e,2017-11-01T09:47:12.000Z,0.00000000199999999999,0x8cb580d049cac4d46af919eda4cfcde093c844d4,sell,0x8a7b7b9b2f7d0c63f66171721339705a6188a7d5,0x071bc5455d48ec2d81548abb698b2a0659a1bfc15ac4a7c34343ba1737fbdd83
100,8972192.887757992,0.017944385775515985,0x4013176e5a4e7bf43a4d5ee5777ec6cf1e60ab9e,2017-11-01T09:10:31.000Z,0.00000000199999999999,0xa7078d684b2f492fbb2c81bd8278b20b83c649a6,sell,0x8a7b7b9b2f7d0c63f66171721339705a6188a7d5,0x572eac008c23a0288f531ac869c529750b448f739195212a483d544979e15801
101,9969095.803010667,0.01993819160602133,0xf0b6feeaff52411c0b9a750f41aaafbf288f4375,2017-11-01T08:59:58.000Z,0.00000000199999999999,0xd474af8d5da4b92b51f674b937387a587a39a1a5,sell,0x8a7b7b9b2f7d0c63f66171721339705a6188a7d5,0x155e2b948e583a93252fe52899c9938e3fd71ef1ecde1a5e7398e60645a09fd9
102,2800000,0.00812,0xc072b52ac4bb63b0062787710fbb802e76ae9da6,2017-11-01T08:22:16.000Z,0.0000000029,0x9f5360f3fc30501d9b5cd62caa7069a42ead1c8b,buy,0x8a7b7b9b2f7d0c63f66171721339705a6188a7d5,0x421523e6b1423fcf1c6d92a4c48dd1c7036a23b7e73cd2f378f8f7c8940b12f5
103,496.91435564802447,0.000000993828711296,0xf0b6feeaff52411c0b9a750f41aaafbf288f4375,2017-11-01T08:07:49.000Z,0.00000000199999999999,0x5fe2837eaf940099ad2c6cc5acada23b22cb85fb,sell,0x8a7b7b9b2f7d0c63f66171721339705a6188a7d5,0x9a5bfb774da920ca839f688b34e34c8bcc4a2cb57342df5f7a3eb6110d6e27fc
104,9999,0.000019998,0x6d2f27149fbf6c559008e95ede61ff20f3e4b847,2017-11-01T07:46:09.000Z,0.000000002,0x66a9b88d6b3af31467493d4a83bf41144674035a,buy,0x8a7b7b9b2f7d0c63f66171721339705a6188a7d5,0x3fb8b6fec8c45e4c965605bf77b7d3ab2a550f5e34f45bbca9109c1d147254f7
105,9969.003,0.0269163081,0x66d1f96a84f189ede13d9ec240cdf8033f87bfd2,2017-11-01T07:46:09.000Z,0.0000027,0x6d2f27149fbf6c559008e95ede61ff20f3e4b847,sell,0x8a7b7b9b2f7d0c63f66171721339705a6188a7d5,0x3fb8b6fec8c45e4c965605bf77b7d3ab2a550f5e34f45bbca9109c1d147254f7
106,940481.579826757,0.001880963159653514,0x0082dfdb640969497b2d1d3aeb4df0ef86dbf421,2017-11-01T07:12:09.000Z,0.000000002,0x66a9b88d6b3af31467493d4a83bf41144674035a,buy,0x8a7b7b9b2f7d0c63f66171721339705a6188a7d5,0xebab1030c4afd097fbf503d024df327b0191398a1b622962261b2ee8b9913cdc
107,3111626.031,0.00908594801052,0x0082dfdb640969497b2d1d3aeb4df0ef86dbf421,2017-11-01T06:53:46.000Z,0.00000000292,0xbb5bab0a7b4deae363d90cee87a2fcbe91e06c81,buy,0x8a7b7b9b2f7d0c63f66171721339705a6188a7d5,0xbe633a67d9ec6819cba4fe4e838a7c7593d7e5c695d2d892fb637473952fb357
108,496.91435564802447,0.000000993828711296,0x6ebbdb7fd76365350f87637cab3c2e6a4a76edf2,2017-11-01T05:15:48.000Z,0.00000000199999999999,0xc9f1e8cf888853840504336a6519e26adf34ad0c,sell,0x8a7b7b9b2f7d0c63f66171721339705a6188a7d5,0x2cc097679b11d0b5d193cf9718bff26efba1499da99be0bc9cec3b4c6d59bf03
109,4984547.901505333,0.009969095803010666,0x6ebbdb7fd76365350f87637cab3c2e6a4a76edf2,2017-11-01T05:12:15.000Z,0.00000000199999999999,0xc9f1e8cf888853840504336a6519e26adf34ad0c,sell,0x8a7b7b9b2f7d0c63f66171721339705a6188a7d5,0x0efe1480918ac2a4f73288f43f384d456698b1fdf9991d550740c7c31b8b3fac
110,196939641.6323926,0.3151034266118281,0x6afc2d3e5bda7402f3e6279692709be8f100006d,2017-11-01T04:16:13.000Z,0.00000000159999999999,0xf8ea72c900944ac912cc699ba2d3f51ad913705d,sell,0x8a7b7b9b2f7d0c63f66171721339705a6188a7d5,0x0f0b905e2ee30b176daef9fe9533dafae04a8d1b67d311b2b44c69e36f7c338a
111,18278182.96030816,0.03655636592061632,0x6ebbdb7fd76365350f87637cab3c2e6a4a76edf2,2017-11-01T03:53:27.000Z,0.00000000199999999999,0xd7dd052ff73d9177f884592814f844a7788787d1,sell,0x8a7b7b9b2f7d0c63f66171721339705a6188a7d5,0xcecae3c103b111459a6f0105d5fabdfea965ad0bfdbafd0ecb198c9271007c64
112,9969095.803010667,0.01993819160602133,0x6ebbdb7fd76365350f87637cab3c2e6a4a76edf2,2017-11-01T02:49:10.000Z,0.00000000199999999999,0x76e059c6ff6bf9fffd5f33afdf4ab2fd511c9df4,sell,0x8a7b7b9b2f7d0c63f66171721339705a6188a7d5,0xe48ded0c9ff6330d0cc29f8abbdca93054154c67b512611b5836f3553159d2e0
113,5000000,0.01,0xbb7dc3397c53a9c0a6ddf69d8d9ce53d19cfd408,2017-11-01T02:16:30.000Z,0.000000002,0x31c301306ee9427369c1d3597423c90545650dff,buy,0x8a7b7b9b2f7d0c63f66171721339705a6188a7d5,0x1e9b3def1e279d9ce766ab4aa1f1e2440d5d3256bc7d77bc7065aa1c745c7706
114,200000000,0.48888,0x511132e78da4149f08d40ca4b95ee7662ffc5658,2017-11-01T02:12:48.000Z,0.0000000024444,0x6afc2d3e5bda7402f3e6279692709be8f100006d,buy,0x8a7b7b9b2f7d0c63f66171721339705a6188a7d5,0x1179680a2aeac573c605d260551493084f938b66928b8c0e64946b54988fa1e0
115,4999977.712,0.009999955424,0xbb7dc3397c53a9c0a6ddf69d8d9ce53d19cfd408,2017-11-01T01:39:37.000Z,0.000000002,0xc85073bb45458a69e1af1184d3691f6b15bc6cc2,buy,0x8a7b7b9b2f7d0c63f66171721339705a6188a7d5,0x6c51195034737cb99a5e230fd7dde0b6d551cc53723fcca6456bb8b667f334c0
116,4984547.901505333,0.009969095803010666,0xf0b6feeaff52411c0b9a750f41aaafbf288f4375,2017-11-01T01:39:37.000Z,0.00000000199999999999,0x2ebb2f906eb5fb04e3dc2987d1fb9f00b676965b,sell,0x8a7b7b9b2f7d0c63f66171721339705a6188a7d5,0x681b771f9e4ff843da22697d47a8ff35227dbbbbcccad754b3cedb7c95089d1a
117,22.287721939,0.000000044575443878,0x08633ba8540a230b5be19211578e8d08f4fb1323,2017-11-01T01:33:20.000Z,0.000000002,0xc85073bb45458a69e1af1184d3691f6b15bc6cc2,buy,0x8a7b7b9b2f7d0c63f66171721339705a6188a7d5,0x11fe5e9548ed7e77f2f07e5babcd0d075081ae97679a5c472f744c014d213f58
118,496.91435564802447,0.000000993828711296,0x6ebbdb7fd76365350f87637cab3c2e6a4a76edf2,2017-11-01T00:37:09.000Z,0.00000000199999999999,0x92f5f608873d2aa74ddbdcee98d2bc7e38ba44e5,sell,0x8a7b7b9b2f7d0c63f66171721339705a6188a7d5,0x65a13b2489bcac5203c7ef0710eea3df2f2dd3d04c9938b117bd474f5c547f69
119,4984547.901505333,0.009969095803010666,0x6ebbdb7fd76365350f87637cab3c2e6a4a76edf2,2017-11-01T00:34:13.000Z,0.00000000199999999999,0x92f5f608873d2aa74ddbdcee98d2bc7e38ba44e5,sell,0x8a7b7b9b2f7d0c63f66171721339705a6188a7d5,0x0bf62126a6ea7ba2486b7d78e13b670aa3339f56c928dd6712084c56073c78ee
120,0.1465501067061452,0.000000000293100213,0x6ebbdb7fd76365350f87637cab3c2e6a4a76edf2,2017-11-01T00:30:33.000Z,0.00000000199999999718,0x2096d9490315fadf4d16d7ea3aa80596b7a2472e,sell,0x8a7b7b9b2f7d0c63f66171721339705a6188a7d5,0x651d0a2260d6e989328a302545e933ac6ec29d4b7c578931fe645c3af70faa19
121,1470.0441203693426,0.000002940088240738,0x6ebbdb7fd76365350f87637cab3c2e6a4a76edf2,2017-11-01T00:29:24.000Z,0.00000000199999999999,0x2096d9490315fadf4d16d7ea3aa80596b7a2472e,sell,0x8a7b7b9b2f7d0c63f66171721339705a6188a7d5,0x687cec6974a4f9bfa7067d5e02b5c35287ff8570b994851457df5a405bd33d2f
122,14746012.571424877,0.029492025142849754,0x6ebbdb7fd76365350f87637cab3c2e6a4a76edf2,2017-11-01T00:27:46.000Z,0.00000000199999999999,0x2096d9490315fadf4d16d7ea3aa80596b7a2472e,sell,0x8a7b7b9b2f7d0c63f66171721339705a6188a7d5,0xa3ff6640478d7ca0f9ffa3c83267058e411209d17db34a15ac119b55b893c90f
123,2800037.5606015935,0.005600075121203186,0xd5c72236ce19e1f55f37665d7aa76da0122148a8,2017-11-01T00:25:39.000Z,0.00000000199999999999,0x2096d9490315fadf4d16d7ea3aa80596b7a2472e,sell,0x8a7b7b9b2f7d0c63f66171721339705a6188a7d5,0xd1af2a93e4c676f29d899cd5157084a58c08c31c982e49c45fffbd2265d65c56
124,5000000,0.01445,0x2096d9490315fadf4d16d7ea3aa80596b7a2472e,2017-11-01T00:16:54.000Z,0.00000000289,0xaa5a8763179d7e24b0230e981cf7cd5d9fa7cff8,buy,0x8a7b7b9b2f7d0c63f66171721339705a6188a7d5,0xad29e3b5dfff0fb76b7a28e6f1731b86563c3cf36023f96e0767d29547c072f3
125,12600162.883679692,0.03074439743617845,0x2096d9490315fadf4d16d7ea3aa80596b7a2472e,2017-11-01T00:13:42.000Z,0.00000000244,0x6afc2d3e5bda7402f3e6279692709be8f100006d,buy,0x8a7b7b9b2f7d0c63f66171721339705a6188a7d5,0x595d4681acfc9a3948b45f2faf535dfe9ba56729c1b237bb7102b0cefdf59313
126,0.4710262286885246,0.000000001149303998,0x08633ba8540a230b5be19211578e8d08f4fb1323,2017-11-01T00:02:58.000Z,0.00000000244,0x6afc2d3e5bda7402f3e6279692709be8f100006d,buy,0x8a7b7b9b2f7d0c63f66171721339705a6188a7d5,0x46ab5c5e0f45553a919d5cfe0894bd30b933297d8c89504c934d47f4cb7e721e
127,59814574.818064004,0.119629149636128,0xd5c72236ce19e1f55f37665d7aa76da0122148a8,2017-11-01T00:01:40.000Z,0.00000000199999999999,0xa5924ff5b33ab87d8733bcfb4c82ef8400df01ef,sell,0x8a7b7b9b2f7d0c63f66171721339705a6188a7d5,0xb1610aa64a5615b8e799f05ffc70f8e868b8d3e5b017977b8c4f04eec3301160
128,2408.484993728646,0.000004816969987457,0xd5c72236ce19e1f55f37665d7aa76da0122148a8,2017-10-31T23:40:31.000Z,0.00000000199999999999,0xa87a6017687f5d7607a4dde37624fa8eec9b0d45,sell,0x8a7b7b9b2f7d0c63f66171721339705a6188a7d5,0x3d0cfd42dfa568d09998748870e4444d08399973f20bb08ab6712cf1be8de541
129,24159512.972092047,0.048319025944184094,0xd5c72236ce19e1f55f37665d7aa76da0122148a8,2017-10-31T23:37:22.000Z,0.00000000199999999999,0xa87a6017687f5d7607a4dde37624fa8eec9b0d45,sell,0x8a7b7b9b2f7d0c63f66171721339705a6188a7d5,0x26d06cdc33c339e267932498584593e0a3379f3e56c66fb32d18b5a24b001267
130,4724.864099381148,0.00001152866840249,0x08633ba8540a230b5be19211578e8d08f4fb1323,2017-10-31T23:31:05.000Z,0.00000000244,0x6afc2d3e5bda7402f3e6279692709be8f100006d,buy,0x8a7b7b9b2f7d0c63f66171721339705a6188a7d5,0x08b0546a0364099d19ec64eefe35ffc24264b21771816a340043455c696226b1
131,47395111.78088917,0.11564407274536957,0x08633ba8540a230b5be19211578e8d08f4fb1323,2017-10-31T23:27:16.000Z,0.00000000244,0x6afc2d3e5bda7402f3e6279692709be8f100006d,buy,0x8a7b7b9b2f7d0c63f66171721339705a6188a7d5,0xc8c3d44e70c80808e3da025c3a093c0dac3281f4e478678ded7aa556316df164
132,7403057.141,0.014806114282,0x08633ba8540a230b5be19211578e8d08f4fb1323,2017-10-31T23:24:31.000Z,0.000000002,0x5b78218007e7720587a61ff8bdbac2cbf87a7a82,buy,0x8a7b7b9b2f7d0c63f66171721339705a6188a7d5,0xfc31d81e26a6a8bf46749ad94d9f91a05439173ad1617a51c13a70e6a9829062
133,5457.285037441,0.000010914570074882,0x37e0a63c7a309d96a00114e64a696bc890b6627b,2017-10-31T23:02:36.000Z,0.000000002,0x5b78218007e7720587a61ff8bdbac2cbf87a7a82,buy,0x8a7b7b9b2f7d0c63f66171721339705a6188a7d5,0x96ffa3b753672dfb401363c9c8ee1a29d259e35eb720a679a09f9518af1dabd0
134,1591485.5736000035,0.003182971147200007,0x1d5321e125f6c7079a716705541c7b371ca79e69,2017-10-31T23:01:35.000Z,0.000000002,0x5b78218007e7720587a61ff8bdbac2cbf87a7a82,buy,0x8a7b7b9b2f7d0c63f66171721339705a6188a7d5,0x0c154ed7ab1298c5c9e688c4168c35491a9a397729955aa0b7e7cc0ba4937754
135,1586725.3974077802,0.003649468414037894,0x37e0a63c7a309d96a00114e64a696bc890b6627b,2017-10-31T23:01:35.000Z,0.00000000229999999999,0x1d5321e125f6c7079a716705541c7b371ca79e69,sell,0x8a7b7b9b2f7d0c63f66171721339705a6188a7d5,0x0c154ed7ab1298c5c9e688c4168c35491a9a397729955aa0b7e7cc0ba4937754
136,4984547.901505333,0.009969095803010666,0xd5c72236ce19e1f55f37665d7aa76da0122148a8,2017-10-31T22:50:00.000Z,0.00000000199999999999,0xe97a3b785a8af6fd381e0e706a88abb3f43b3806,sell,0x8a7b7b9b2f7d0c63f66171721339705a6188a7d5,0xf3e91c41a226b990a512130325a1ae17e201f5bc18e412f370d97eb110980424
137,9969095.803010667,0.01993819160602133,0xd5c72236ce19e1f55f37665d7aa76da0122148a8,2017-10-31T22:49:25.000Z,0.00000000199999999999,0x29465da97cc040e7db9a63e8fe55b84c3e447d43,sell,0x8a7b7b9b2f7d0c63f66171721339705a6188a7d5,0xa69f1b5ecb8922aef45ed7b58a7eead30371e8c81449d8eddfa0b2f581a40a44
138,8189033.538,0.01998124183272,0x8f9cbfdb06c3f8ccc87e668f06d3dc974d833f1e,2017-10-31T21:44:38.000Z,0.00000000244,0x6afc2d3e5bda7402f3e6279692709be8f100006d,buy,0x8a7b7b9b2f7d0c63f66171721339705a6188a7d5,0xa4184b7126939fc2a0293b608ff9755b1515248764f6667e5723b99b6f77c81d
139,7576559,0.01848680396,0xd420b0a31a0fd6d7efc20c796e001af9062fc68b,2017-10-31T21:37:38.000Z,0.00000000244,0x6afc2d3e5bda7402f3e6279692709be8f100006d,buy,0x8a7b7b9b2f7d0c63f66171721339705a6188a7d5,0xab6318d8e610ca2c67545d441ee17a76bcdefdece3e2a9b54079c5f1d9177e84
140,24234407.46230553,0.0591319542080255,0xa87a6017687f5d7607a4dde37624fa8eec9b0d45,2017-10-31T21:04:42.000Z,0.00000000244,0x6afc2d3e5bda7402f3e6279692709be8f100006d,buy,0x8a7b7b9b2f7d0c63f66171721339705a6188a7d5,0xb490e8a015411d5c4c3c1ffb42b4d80358a39ddce2b5cc7477b1f06abeecf10b
141,496.91435564802447,0.000000993828711296,0xd5c72236ce19e1f55f37665d7aa76da0122148a8,2017-10-31T20:07:16.000Z,0.00000000199999999999,0x0c16bc745fde16093d73b7544d5bf30a1341b796,sell,0x8a7b7b9b2f7d0c63f66171721339705a6188a7d5,0xbae827ec0681eed5004c5c23bf583920dc475a3c8176b0344168e8c3253c1aed
142,4984547.901505333,0.009969095803010666,0xd5c72236ce19e1f55f37665d7aa76da0122148a8,2017-10-31T19:45:43.000Z,0.00000000199999999999,0xe5ae6ae033f076d3d5661c279651e648780a9869,sell,0x8a7b7b9b2f7d0c63f66171721339705a6188a7d5,0x8b3f17e562081eb0a499468e72dd70e674ecef62bfac3ffcc0c6af4857a24a75
143,9969592.717366315,0.01993918543473263,0xd5c72236ce19e1f55f37665d7aa76da0122148a8,2017-10-31T19:43:14.000Z,0.00000000199999999999,0x058352fca3a740fb822bc74e5f3d33ade894086b,sell,0x8a7b7b9b2f7d0c63f66171721339705a6188a7d5,0x6861ec87cfb9c9451ef9fcc07ac4a645e942d031adb543f85f03ade4a01f844b
144,4984547.901505333,0.009969095803010666,0xd5c72236ce19e1f55f37665d7aa76da0122148a8,2017-10-31T19:35:15.000Z,0.00000000199999999999,0x67f5b5d5171b719b256bed3be30e5687a59f24d9,sell,0x8a7b7b9b2f7d0c63f66171721339705a6188a7d5,0xd2e554c2b718b47ea3b170399ecb8671576323b8af51e70a3e03dfa67f565f66
145,500000000,0.8,0x6afc2d3e5bda7402f3e6279692709be8f100006d,2017-10-31T18:30:10.000Z,0.0000000016,0xe36c0b6f8e8460c998453b802ef0af5d68b38f68,sell,0x8a7b7b9b2f7d0c63f66171721339705a6188a7d5,0x392f26636fdefaaf63d53028d6f7995a17d28c778cbe810ec25809e6de38bba1
146,250000000,0.5,0x511132e78da4149f08d40ca4b95ee7662ffc5658,2017-10-31T18:28:02.000Z,0.000000002,0xe36c0b6f8e8460c998453b802ef0af5d68b38f68,sell,0x8a7b7b9b2f7d0c63f66171721339705a6188a7d5,0x674ffd2754fbd1bd781b213b3cbfaaab35487e39652ad75a7c2f413d8c3ee310
147,4568689.996245859,0.011421724990614647,0xe9c17ce0bbd3568980ae78ba2a96b9847fc8f423,2017-10-31T17:57:01.000Z,0.0000000025,0xece974cc1d3ef4f55177cbb7fd70d0a8f3b6ea44,buy,0x8a7b7b9b2f7d0c63f66171721339705a6188a7d5,0x126e95978aa3d120da33fca18a7ffc4e4741a7112319fb0e11f66c182eb38fbb
148,431310.0037541412,0.001078275009385353,0xe9c17ce0bbd3568980ae78ba2a96b9847fc8f423,2017-10-31T17:53:39.000Z,0.0000000025,0xece974cc1d3ef4f55177cbb7fd70d0a8f3b6ea44,buy,0x8a7b7b9b2f7d0c63f66171721339705a6188a7d5,0x1ee1aef6e3ef0fab640edf347bfccaf9e2f37740579a3ee1fe0eb9ec4ee386af
149,10000000,0.0299,0xe9c17ce0bbd3568980ae78ba2a96b9847fc8f423,2017-10-31T17:48:28.000Z,0.00000000299,0xbb5bab0a7b4deae363d90cee87a2fcbe91e06c81,buy,0x8a7b7b9b2f7d0c63f66171721339705a6188a7d5,0x5ae8636ac1d2cb803837a8516cd44b6249e2ece3d3418f8d3a8b4409470eb83f
150,4950000,0.010395,0xe2694d3d2e90522a7eb823b418b116f21787be82,2017-10-31T17:40:16.000Z,0.0000000021,0x479a5ed22166876f3165d5345357453882d439dc,sell,0x8a7b7b9b2f7d0c63f66171721339705a6188a7d5,0x2c7cb838528b051ecb30e2f2398d7d6ee1bfefac6dd2b07a9778773aa9dcba2b
151,30691268.19427076,0.06445166320796859,0xe2694d3d2e90522a7eb823b418b116f21787be82,2017-10-31T17:27:05.000Z,0.00000000209999999999,0xf3bd3aa12b50f335fd190d96dc8a386a900f155e,sell,0x8a7b7b9b2f7d0c63f66171721339705a6188a7d5,0xb93813ba3f8c1967c30d54ff02365b806ff872c941c315a64fe033e48394bcf2
152,4984547.901505333,0.011464460173462266,0x37e0a63c7a309d96a00114e64a696bc890b6627b,2017-10-31T17:25:39.000Z,0.00000000229999999999,0x058352fca3a740fb822bc74e5f3d33ade894086b,sell,0x8a7b7b9b2f7d0c63f66171721339705a6188a7d5,0x78cb540cc2b511bc9caed5dcea1b3028587253a65a88560806d82b4536149d78
153,34111255.109,0.0784558867507,0x29b8eca0a380c562a00b7e5d1fbc624e5be736a5,2017-10-31T17:24:41.000Z,0.0000000023,0xf3bd3aa12b50f335fd190d96dc8a386a900f155e,sell,0x8a7b7b9b2f7d0c63f66171721339705a6188a7d5,0xb10ea2fbac0664a980275a2ebee43084003d21b5ead684b783b2bb2e09061fb3
154,9969095.803010667,0.022928920346924533,0x29b8eca0a380c562a00b7e5d1fbc624e5be736a5,2017-10-31T16:55:01.000Z,0.00000000229999999999,0xbb943aff95ae90cceab03f7ffcc24b55385841da,sell,0x8a7b7b9b2f7d0c63f66171721339705a6188a7d5,0x60b9e82184c43f23bad3adc1086911ec3df0cf189f6ea9fd1744c76dbe2c4573
155,4984547.901505333,0.011464460173462266,0x29b8eca0a380c562a00b7e5d1fbc624e5be736a5,2017-10-31T16:53:27.000Z,0.00000000229999999999,0x08eef4b6ec3b21ee1281e7dd3b2009492a9905bc,sell,0x8a7b7b9b2f7d0c63f66171721339705a6188a7d5,0xbe0f0cd6fc5953fef6e4ead3d92950d8b31f6138fad2ba7a7431463da371962a
156,996909.5803010667,0.002292892034692453,0x29b8eca0a380c562a00b7e5d1fbc624e5be736a5,2017-10-31T16:09:47.000Z,0.00000000229999999999,0x3f2ad28636e59d9540c9552f4e17f44e8222bf2f,sell,0x8a7b7b9b2f7d0c63f66171721339705a6188a7d5,0x5e8ae967c2ddc0887242271f0f9a4083ccecfff3593469b106f977fb3fbdf6aa
157,5500000,0.01639,0xf80fba1ea7b95565cd2d872796c24e5016c1ff75,2017-10-31T15:40:26.000Z,0.00000000298,0xbb5bab0a7b4deae363d90cee87a2fcbe91e06c81,buy,0x8a7b7b9b2f7d0c63f66171721339705a6188a7d5,0xc3bebf013bee88bb9129827bbeebdc4255782dbc7c4db6a9dd7428efd069d617
158,5000000,0.0149,0xf80fba1ea7b95565cd2d872796c24e5016c1ff75,2017-10-31T15:38:58.000Z,0.00000000298,0x37e0a63c7a309d96a00114e64a696bc890b6627b,buy,0x8a7b7b9b2f7d0c63f66171721339705a6188a7d5,0x44ea68f7e7c5192c713e1cc2f06fa64f0e0b9db98f0715ea88b4c1d1e85d5aad
159,5000000,0.0145,0xc963a1de0ebe0358b05a29b6d6af35daa8eed4ff,2017-10-31T15:14:57.000Z,0.0000000029,0x8b66b08ad8c2e9e7177751302edcfe7892726d38,buy,0x8a7b7b9b2f7d0c63f66171721339705a6188a7d5,0x27df3dd5e15c348f537b8d95077fb7084d03fdada2f4f105c72f6e6d895697d8
160,9969095.803010667,0.022928920346924533,0x29b8eca0a380c562a00b7e5d1fbc624e5be736a5,2017-10-31T15:11:48.000Z,0.00000000229999999999,0xb011b301b27fed3cb80c09588b9e591edb0d3312,sell,0x8a7b7b9b2f7d0c63f66171721339705a6188a7d5,0x3fd83fc37f02a739555fb6128475fd0cbf4971a38d365a5ffcf3bf8fccb4c58d
161,4984547.901505333,0.011464460173462266,0xf94abf832057eca9973ded003e1a818875f842a4,2017-10-31T15:09:49.000Z,0.00000000229999999999,0xff70eeda6fb9380d30b9a202c7a4970a2d966d37,sell,0x8a7b7b9b2f7d0c63f66171721339705a6188a7d5,0x79c8d735f289343552e52cabffecc9215142d4dfca8d2a815af55a3588580339
162,4984547.901505333,0.011464460173462266,0xf94abf832057eca9973ded003e1a818875f842a4,2017-10-31T14:51:08.000Z,0.00000000229999999999,0x0f802f5998a7adbf035564a16b4998bb6bc8d56f,sell,0x8a7b7b9b2f7d0c63f66171721339705a6188a7d5,0x5e56c01bcd98e75814f71775ad6a93d5ebdc6b560870b9b1d1afde928a7dd389
163,4984547.901505333,0.011464460173462266,0xf94abf832057eca9973ded003e1a818875f842a4,2017-10-31T14:38:27.000Z,0.00000000229999999999,0x4a8fc60c79e304388912be40c8ec078fa21aa348,sell,0x8a7b7b9b2f7d0c63f66171721339705a6188a7d5,0x6a73dddb6089d9d94268352f3714c26b881c03272e5579028e15f79a6bb26fb3
164,2000000,0.00596,0xf015a6bf5ecb0ed05a1a827b091fcba8ac4dd774,2017-10-31T14:06:17.000Z,0.00000000298,0xbb5bab0a7b4deae363d90cee87a2fcbe91e06c81,buy,0x8a7b7b9b2f7d0c63f66171721339705a6188a7d5,0xdddbc81f5e16984dc0d7483f5041beb2f046ff89769b7aff8b5b225beb7f67bf
165,13000000,0.03874,0x26554809c4c63ee939a78edb189d5c4508f8d4b1,2017-10-31T13:47:19.000Z,0.00000000298,0xbb5bab0a7b4deae363d90cee87a2fcbe91e06c81,buy,0x8a7b7b9b2f7d0c63f66171721339705a6188a7d5,0x4395ca7d38a5ef963e28f5331b5dac54fd013936190df0e01cf11fef78d14181
166,9969095.803010667,0.022928920346924533,0x29b8eca0a380c562a00b7e5d1fbc624e5be736a5,2017-10-31T13:34:02.000Z,0.00000000229999999999,0xb5adabfe1b77e0c365285dddb5c35caf8cded7eb,sell,0x8a7b7b9b2f7d0c63f66171721339705a6188a7d5,0x1eb2c23c52a40a8252c4d05215a01745a11a76d7fff841e92814625438a6e193
167,4984547.901505333,0.011464460173462266,0xf94abf832057eca9973ded003e1a818875f842a4,2017-10-31T13:11:23.000Z,0.00000000229999999999,0xd2363ad431d2f7bf3d0f41a1c3d83bbc68a26f0a,sell,0x8a7b7b9b2f7d0c63f66171721339705a6188a7d5,0xbfa9dbe3366804a3fca5f28e92b39c6cdfcfbaff592ec70dfe1adfa4e71259d4
168,2000000,0.00596,0x78b0e4933f5b7d90102367e28efcde256998411e,2017-10-31T13:10:23.000Z,0.00000000298,0xbb5bab0a7b4deae363d90cee87a2fcbe91e06c81,buy,0x8a7b7b9b2f7d0c63f66171721339705a6188a7d5,0x49a355de4ea9ff3c198401774f80d371eb8eb490069ef1a65485c22dd7aba81d
169,4984547.901505333,0.011464460173462266,0xf94abf832057eca9973ded003e1a818875f842a4,2017-10-31T12:59:50.000Z,0.00000000229999999999,0x18d75ed5cdd83c97a5d7d318435c2ad017d0c42e,sell,0x8a7b7b9b2f7d0c63f66171721339705a6188a7d5,0x8d09c994aa2137483d3772d1d9dd252804d9dedf7e90098a12e4e70b62e9a1fc
170,1000000,0.003,0xaa1355520d66fa39891fea4812e81bb21382d5df,2017-10-31T12:56:23.000Z,0.000000003,0xcacbf752a3e2d92381b18856294ad03966d24579,buy,0x8a7b7b9b2f7d0c63f66171721339705a6188a7d5,0x62baedd73b29035824b25aca36ea022bf9b64e4f84f50e67e22a294f65eaf68c
171,9969095.803010667,0.022928920346924533,0xf94abf832057eca9973ded003e1a818875f842a4,2017-10-31T12:38:28.000Z,0.00000000229999999999,0x636a7a6fc4a244955764a75764cc91cd01ac59a1,sell,0x8a7b7b9b2f7d0c63f66171721339705a6188a7d5,0x31fc3d5949671b5a4205dc1692198ee1437a181d7f9a51fb8109ebc1f17b9122
172,4985044.865403789,0.011465603190428712,0xf94abf832057eca9973ded003e1a818875f842a4,2017-10-31T12:36:52.000Z,0.00000000229999999999,0x1d5321e125f6c7079a716705541c7b371ca79e69,sell,0x8a7b7b9b2f7d0c63f66171721339705a6188a7d5,0x5d28bb4ae291305c1fac9fd388852b38e035876860d37b53e9539a6d45d5b71d
173,5000000,0.01,0x1d5321e125f6c7079a716705541c7b371ca79e69,2017-10-31T12:36:52.000Z,0.000000002,0xf228e9bc73c3c182983acf12a313f0f1fae8e48c,buy,0x8a7b7b9b2f7d0c63f66171721339705a6188a7d5,0x5d28bb4ae291305c1fac9fd388852b38e035876860d37b53e9539a6d45d5b71d
174,4984547.901505333,0.011464460173462266,0xf94abf832057eca9973ded003e1a818875f842a4,2017-10-31T11:29:18.000Z,0.00000000229999999999,0x623a6a538b9cbb8111346ed112baa4d4830df19c,sell,0x8a7b7b9b2f7d0c63f66171721339705a6188a7d5,0xb3bda80a57c9c5100e2c0df3c24b881e0098bb3a5520a65f2cb2cc03566f2268
175,9970000,0.022931,0xf94abf832057eca9973ded003e1a818875f842a4,2017-10-31T11:20:28.000Z,0.0000000023,0x273a5d3e6721b9f5c1a6474f560c1334c63dda01,sell,0x8a7b7b9b2f7d0c63f66171721339705a6188a7d5,0xb4516d45a90701376a2d9a324c00ac18a3b9fa709526ac0ff830f669430e8ae7
176,10000000,0.02,0x273a5d3e6721b9f5c1a6474f560c1334c63dda01,2017-10-31T11:20:28.000Z,0.000000002,0xd79cd948a969d1a4ff01c5d3205b460b1550ff29,buy,0x8a7b7b9b2f7d0c63f66171721339705a6188a7d5,0xb4516d45a90701376a2d9a324c00ac18a3b9fa709526ac0ff830f669430e8ae7
177,4984547.901505333,0.011464460173462266,0xf94abf832057eca9973ded003e1a818875f842a4,2017-10-31T11:19:48.000Z,0.00000000229999999999,0x507ab63db5054206e7ee0d6ed2a48f19d524c159,sell,0x8a7b7b9b2f7d0c63f66171721339705a6188a7d5,0x8832b0db0d92e147acd22f6ec4485c0a6c662fa7e4d2ee1cebd21135130ed92c
178,993.8287112960489,0.00000228580603598,0xf94abf832057eca9973ded003e1a818875f842a4,2017-10-31T10:33:05.000Z,0.00000000229999999999,0x4986ac8522e8831e71439c529e514022596c301b,sell,0x8a7b7b9b2f7d0c63f66171721339705a6188a7d5,0x4c272dab9046916e8e1f34faa8878fb99d1cf729d64534232d94edc75731b40a
179,9969095.803010667,0.022928920346924533,0xf94abf832057eca9973ded003e1a818875f842a4,2017-10-31T10:29:29.000Z,0.00000000229999999999,0x4986ac8522e8831e71439c529e514022596c301b,sell,0x8a7b7b9b2f7d0c63f66171721339705a6188a7d5,0x6907c66676cf6cd67330fcd5da9b1f1f88f7c578cd20867ec06c6b447b41bb25
180,4984547.901505333,0.011464460173462266,0xf94abf832057eca9973ded003e1a818875f842a4,2017-10-31T09:55:39.000Z,0.00000000229999999999,0x2f95f965c0219d0499cd3ee0d06bb542c348ea63,sell,0x8a7b7b9b2f7d0c63f66171721339705a6188a7d5,0x0442a50a3bc17eca0a395b8c73d89199b2f1672676d69a3fd635aed9c649cd3f
181,4984547.901505333,0.011464460173462266,0xf94abf832057eca9973ded003e1a818875f842a4,2017-10-31T08:27:15.000Z,0.00000000229999999999,0xdace8e70eb1370e5b5da26cb3e99f3e169343bc9,sell,0x8a7b7b9b2f7d0c63f66171721339705a6188a7d5,0x425ca87e87b8c633a5cdb09131622edf882b799fb18345764aaf5179ec2f92eb
182,10000000,0.02,0x273a5d3e6721b9f5c1a6474f560c1334c63dda01,2017-10-31T08:25:40.000Z,0.000000002,0xdace8e70eb1370e5b5da26cb3e99f3e169343bc9,buy,0x8a7b7b9b2f7d0c63f66171721339705a6188a7d5,0x974af06a3a7e9f6cbee701e78a608470f9394ff96d8c7400c1f5f50d31f7d9fd
183,9970000,0.022931,0xf94abf832057eca9973ded003e1a818875f842a4,2017-10-31T08:25:40.000Z,0.0000000023,0x273a5d3e6721b9f5c1a6474f560c1334c63dda01,sell,0x8a7b7b9b2f7d0c63f66171721339705a6188a7d5,0x974af06a3a7e9f6cbee701e78a608470f9394ff96d8c7400c1f5f50d31f7d9fd
184,5589784.688762628,0.015651397128535357,0x29b8eca0a380c562a00b7e5d1fbc624e5be736a5,2017-10-31T07:20:05.000Z,0.0000000028,0x13512137d004d3e8d919ced5f5f7119934917c11,buy,0x8a7b7b9b2f7d0c63f66171721339705a6188a7d5,0xfd6d9cfa2168c1292238674c695aa4e6705eab9f6598e894b8dcc0bcbd96118b
185,18627622.583400235,0.05495148662103069,0xfdae342515b340bb67c037348dc3c555cbac3727,2017-10-31T07:05:50.000Z,0.00000000295,0xbb5bab0a7b4deae363d90cee87a2fcbe91e06c81,buy,0x8a7b7b9b2f7d0c63f66171721339705a6188a7d5,0x8fb71888f61ecbf5880ee21c6d18a513df05af1c455f681da04720feb35d52e7
186,0.000253099322033898,0.000000000000746643,0xfdae342515b340bb67c037348dc3c555cbac3727,2017-10-31T07:00:23.000Z,0.00000000295,0xbb5bab0a7b4deae363d90cee87a2fcbe91e06c81,buy,0x8a7b7b9b2f7d0c63f66171721339705a6188a7d5,0xac6ea402cb35734ba28b1d7bddf7db3c83c43998b424b0ff26732a848c645847
187,2.6748454185714285,0.000000007489567172,0xfdae342515b340bb67c037348dc3c555cbac3727,2017-10-31T06:57:38.000Z,0.0000000028,0x13512137d004d3e8d919ced5f5f7119934917c11,buy,0x8a7b7b9b2f7d0c63f66171721339705a6188a7d5,0x6cb6f08aa8fb576fa3bdd99ce8b0d93bfb4e883bf4efbe1ee5b1f27096182915
188,26831.374391954287,0.000075127848297472,0xfdae342515b340bb67c037348dc3c555cbac3727,2017-10-31T06:55:37.000Z,0.0000000028,0x13512137d004d3e8d919ced5f5f7119934917c11,buy,0x8a7b7b9b2f7d0c63f66171721339705a6188a7d5,0x88ef25f09e6118ef8be73139a735a34e5088dd82efde427614c13022a619a724
189,5000000,0.0105,0x273a5d3e6721b9f5c1a6474f560c1334c63dda01,2017-10-31T06:45:45.000Z,0.0000000021,0x2a1e041d67e597d8e72bb3725c25d9fff97b8691,buy,0x8a7b7b9b2f7d0c63f66171721339705a6188a7d5,0xd5eff53cff031158abdb32ed9dc9a5a5caa3206cf968da874f89616e8717d99f
190,4985000,0.0114655,0xf94abf832057eca9973ded003e1a818875f842a4,2017-10-31T06:45:45.000Z,0.0000000023,0x273a5d3e6721b9f5c1a6474f560c1334c63dda01,sell,0x8a7b7b9b2f7d0c63f66171721339705a6188a7d5,0xd5eff53cff031158abdb32ed9dc9a5a5caa3206cf968da874f89616e8717d99f
191,9969095.803010667,0.022928920346924533,0xf94abf832057eca9973ded003e1a818875f842a4,2017-10-31T05:21:33.000Z,0.00000000229999999999,0x7f574658b1395427e48105dbf2ae305140c11a49,sell,0x8a7b7b9b2f7d0c63f66171721339705a6188a7d5,0xb6795a7fdb3ac756a146a1902659063d593878832075389d4295e2eda64ec7a8
192,4985000,0.0114655,0xf94abf832057eca9973ded003e1a818875f842a4,2017-10-31T05:14:28.000Z,0.0000000023,0x273a5d3e6721b9f5c1a6474f560c1334c63dda01,sell,0x8a7b7b9b2f7d0c63f66171721339705a6188a7d5,0xbc15145ce8af082ff1e772b79d740b3cc28071a1cde23e8773d7b00dd2dfe297
193,5000000,0.01,0x273a5d3e6721b9f5c1a6474f560c1334c63dda01,2017-10-31T05:14:28.000Z,0.000000002,0x98408fc85b5fddd857903271865cd5586a99ee7e,buy,0x8a7b7b9b2f7d0c63f66171721339705a6188a7d5,0xbc15145ce8af082ff1e772b79d740b3cc28071a1cde23e8773d7b00dd2dfe297
194,249252.24327018944,0.000573280159521435,0xf94abf832057eca9973ded003e1a818875f842a4,2017-10-31T04:12:45.000Z,0.00000000229999999999,0xe444a40689f51f63bcd29910622035707d533d29,sell,0x8a7b7b9b2f7d0c63f66171721339705a6188a7d5,0x6274b2c5cee3071a914b2a2dc8f3408f2d2eee1a9279d8dffc5ffa7369a201fa
195,14953643.704516001,0.0314026517794836,0xe2694d3d2e90522a7eb823b418b116f21787be82,2017-10-31T03:43:37.000Z,0.00000000209999999999,0x3110f81f3d112da3b18557a64138bfc966c7babb,sell,0x8a7b7b9b2f7d0c63f66171721339705a6188a7d5,0xed4a1885fd2fbd1be7f1f7b47754fa76543e0e2fa7f4e857fbe0fca61d501e9a
196,631000000,1.5775,0xf94abf832057eca9973ded003e1a818875f842a4,2017-10-31T03:19:43.000Z,0.0000000025,0xe36c0b6f8e8460c998453b802ef0af5d68b38f68,sell,0x8a7b7b9b2f7d0c63f66171721339705a6188a7d5,0xb5d7fd42df611aad37f803d929b1e15f4c72f104905130df03e84092b277797b
197,9969095.803010667,0.0209351011863224,0xe2694d3d2e90522a7eb823b418b116f21787be82,2017-10-31T03:06:23.000Z,0.00000000209999999999,0x17fbc5cd4b576e8947df8582dbd4f8055c3735d6,sell,0x8a7b7b9b2f7d0c63f66171721339705a6188a7d5,0xf4d962dcd235bee2be8e03f2c7fc7d8435cf2208f36f8ca24bf7a90e8cdd32fa
198,1000000,0.002,0x8ee2485c1bd0f655a1abaeee72ab746da238e02a,2017-10-31T02:44:24.000Z,0.000000002,0x0006adac167f0fa4ba388720eb06689abec9636f,buy,0x8a7b7b9b2f7d0c63f66171721339705a6188a7d5,0x2f75b4608e79d5ed44cfea4f50305f629aff3d7bb35bbf10d7d109d1618e29ef
199,9872377.416346665,0.029123513378222665,0x8f9cbfdb06c3f8ccc87e668f06d3dc974d833f1e,2017-10-31T02:42:14.000Z,0.00000000295,0xbb5bab0a7b4deae363d90cee87a2fcbe91e06c81,buy,0x8a7b7b9b2f7d0c63f66171721339705a6188a7d5,0x3c0bdba547ffa3629d1cae604f0f1d838148aa7f3a7a2eb1b706a59bd70e261e
200,301545209.849,0.60912132389498,0xe2694d3d2e90522a7eb823b418b116f21787be82,2017-10-31T01:56:00.000Z,0.00000000202,0xf8ea72c900944ac912cc699ba2d3f51ad913705d,sell,0x8a7b7b9b2f7d0c63f66171721339705a6188a7d5,0x98b03abcde77426e66eeaf97671502e519fe87fc0590177445467d7fb638626a
201,498454790.1505333,1.0068786761040773,0xe2694d3d2e90522a7eb823b418b116f21787be82,2017-10-31T01:52:25.000Z,0.00000000201999999999,0x851fa82a464ae2ddfad1dcef3eeb52b9c1aa05d4,sell,0x8a7b7b9b2f7d0c63f66171721339705a6188a7d5,0xf327c1519cc8f7bd63ae7e57b435937e3b8c16db8396198545df03ee83bcc62e
202,498454790.1505333,1.0467550593161201,0xe2694d3d2e90522a7eb823b418b116f21787be82,2017-10-31T01:47:15.000Z,0.00000000209999999999,0x63637eaf5f92e6d933633fda6ea0c8036dc898d0,sell,0x8a7b7b9b2f7d0c63f66171721339705a6188a7d5,0xe235baea0d86dec5520e61f930f89762e4246ba508419560eb83883fa38a3bb1
203,400000,0.00084,0xe2694d3d2e90522a7eb823b418b116f21787be82,2017-10-31T00:52:32.000Z,0.0000000021,0x0006adac167f0fa4ba388720eb06689abec9636f,sell,0x8a7b7b9b2f7d0c63f66171721339705a6188a7d5,0xd13104f8c561267c27531337f7de7ab2d675d5d00e35d8b478a45544323f80c7
204,500000,0.001,0xbc308040c6c2fa5cf44febe18eb10847b38dd87f,2017-10-31T00:46:14.000Z,0.000000002,0x0006adac167f0fa4ba388720eb06689abec9636f,sell,0x8a7b7b9b2f7d0c63f66171721339705a6188a7d5,0x9e5f363742a866240c3fee11af83308e2ef89d1edb71ec59d2191345b14f71a3
205,4984547.901505333,0.0104675505931612,0xe2694d3d2e90522a7eb823b418b116f21787be82,2017-10-30T23:51:26.000Z,0.00000000209999999999,0x708cdf357ded41c6ea42d0543b1b5c4ea4ec211e,sell,0x8a7b7b9b2f7d0c63f66171721339705a6188a7d5,0xe796e77f9db52ab69f840bf4913d2cf89be0715785318624faeee67dda44bcee
206,4984547.901505333,0.0104675505931612,0xe2694d3d2e90522a7eb823b418b116f21787be82,2017-10-30T23:26:55.000Z,0.00000000209999999999,0x80ad7165f29f97896a0b5758193879de34fd9712,sell,0x8a7b7b9b2f7d0c63f66171721339705a6188a7d5,0x3c36b3f77e55ff0c5047eeab8b1f9b9ecd0608202f9e9ea0d2da8a4d076535a5
207,4984547.901505333,0.012212142358688066,0xbb5bab0a7b4deae363d90cee87a2fcbe91e06c81,2017-10-30T23:20:45.000Z,0.00000000244999999999,0x6b7ef7da2666d3ec447069e882a4e992249f4dce,sell,0x8a7b7b9b2f7d0c63f66171721339705a6188a7d5,0x6a79be97f824503bb57a28eab3c1de19697851af1beede2347743315a44c703d
208,70000000,0.17507,0xf94abf832057eca9973ded003e1a818875f842a4,2017-10-30T22:56:17.000Z,0.000000002501,0x6afc2d3e5bda7402f3e6279692709be8f100006d,sell,0x8a7b7b9b2f7d0c63f66171721339705a6188a7d5,0x4e696742be5f58b06b944db6af71e2a43d25d22913852368ab907a9ef77207c4
209,496.91435564802447,0.000001217440171337,0xbb5bab0a7b4deae363d90cee87a2fcbe91e06c81,2017-10-30T20:31:00.000Z,0.00000000244999999999,0x32579cc122216e5bb56985f2289e55d47e82497b,sell,0x8a7b7b9b2f7d0c63f66171721339705a6188a7d5,0xe2b6ad55aa407b08f1d2f342bb0184798b85777fd53553f92305e2b82558a549
210,4984547.901505333,0.012212142358688066,0xbb5bab0a7b4deae363d90cee87a2fcbe91e06c81,2017-10-30T20:11:31.000Z,0.00000000244999999999,0x32579cc122216e5bb56985f2289e55d47e82497b,sell,0x8a7b7b9b2f7d0c63f66171721339705a6188a7d5,0x40061e067a78f765a9c50e56d59e9b4090a1cfadf92b25fe87a1f0f1022b1c2b
211,3000000,0.0087,0xf00dd34fa52d31aa537658baf071cbaeac59a66d,2017-10-30T19:43:29.000Z,0.0000000029,0xfa7182a6ec853a48f0719162c33cdab951ec7d5a,buy,0x8a7b7b9b2f7d0c63f66171721339705a6188a7d5,0x734f74b93615813e1de31903458fe816687d939fad84e97cb632930212b802cd
212,50000000,0.1485,0x2590d837765fee20271eb79e50649ee7bc8a3c3f,2017-10-30T19:02:29.000Z,0.00000000297,0xbb5bab0a7b4deae363d90cee87a2fcbe91e06c81,buy,0x8a7b7b9b2f7d0c63f66171721339705a6188a7d5,0xde6322dde285a4b7a508b2f408388bbf16c38a47172be05b332ab17d4bf943ab
213,4984547.901505333,0.012212142358688066,0xbb5bab0a7b4deae363d90cee87a2fcbe91e06c81,2017-10-30T18:24:38.000Z,0.00000000244999999999,0x60c72c0f4defd64c1071e744496e88095a9e4134,sell,0x8a7b7b9b2f7d0c63f66171721339705a6188a7d5,0xca4d210cef8f68a21d0971483340f17437068842f071f5763cfb3f4d43ae62b1
214,20000000,0.0596,0xfa6d69afc1bdde196c2bdacc9b67158c85ce4b71,2017-10-30T18:23:59.000Z,0.00000000298,0xbb5bab0a7b4deae363d90cee87a2fcbe91e06c81,buy,0x8a7b7b9b2f7d0c63f66171721339705a6188a7d5,0xe09be5d8944ce4e7e4287e123afde5e246dc57ea1b39168002858019362e3e76
215,15500000,0.04526,0xfa6d69afc1bdde196c2bdacc9b67158c85ce4b71,2017-10-30T18:22:29.000Z,0.00000000292,0xbb5bab0a7b4deae363d90cee87a2fcbe91e06c81,buy,0x8a7b7b9b2f7d0c63f66171721339705a6188a7d5,0x2ba0ad0cb7fd59749e53252e2a937da5237ba79a4f939406fe3c8486d87ee1aa
216,3349277.4888608707,0.009880368592139569,0xfa6d69afc1bdde196c2bdacc9b67158c85ce4b71,2017-10-30T18:21:38.000Z,0.00000000295,0xbb5bab0a7b4deae363d90cee87a2fcbe91e06c81,buy,0x8a7b7b9b2f7d0c63f66171721339705a6188a7d5,0xff214df82d4fd89aff8ec0f253b5ea7ec93e7e12a4ba9da1bd37d2d7969d1497
217,20000000,0.0582,0x7484f9ee194faa31e61d9fd00269ca15914c140e,2017-10-30T17:50:28.000Z,0.00000000291,0xbb5bab0a7b4deae363d90cee87a2fcbe91e06c81,buy,0x8a7b7b9b2f7d0c63f66171721339705a6188a7d5,0xf9a2b92690a8d3322e7400d588dd1e952343e9f259a75eabd346504b34c5a8bd
218,745.3715334720367,0.000001566025591824,0x5670fb7ddd986b14cf7ade131d67e3b484fe162c,2017-10-30T17:40:18.000Z,0.00000000210099999999,0x952c73db8f515b7d84a7d4f8c7bf1a2880be7f25,sell,0x8a7b7b9b2f7d0c63f66171721339705a6188a7d5,0x7e5de5075be793087aa23481a0fcfc7d49d5efb72ee89a1140651c16c9e2225f
219,7476821.8522580005,0.0157013258897418,0xe2694d3d2e90522a7eb823b418b116f21787be82,2017-10-30T17:38:17.000Z,0.00000000209999999999,0x952c73db8f515b7d84a7d4f8c7bf1a2880be7f25,sell,0x8a7b7b9b2f7d0c63f66171721339705a6188a7d5,0x704a30c2fd61f5150b8a4f6530f6dd7a561531eb055a7b021d2e9b52654a4cc4
220,7975276.642408534,0.01595055328481707,0x6ebbdb7fd76365350f87637cab3c2e6a4a76edf2,2017-10-30T17:32:15.000Z,0.00000000199999999999,0x048e94d1cb3f5b0eaf41372e19ad75ef30045d2f,sell,0x8a7b7b9b2f7d0c63f66171721339705a6188a7d5,0x933e76ad3edfe3b1290d6044ddd44cb7827e432205206d7082d8928cc73c401d
221,14964575.820414338,0.03144057379869052,0x5670fb7ddd986b14cf7ade131d67e3b484fe162c,2017-10-30T17:28:00.000Z,0.00000000210099999999,0x38cde1ef8b525264ac033d40ca97343eccdf3a70,sell,0x8a7b7b9b2f7d0c63f66171721339705a6188a7d5,0x757c31b81b936422481663f223fa12b2ab0977d6b76e0dca6f8378b3d537afad
222,0.04924064047348383,0.000000000103454585,0x5670fb7ddd986b14cf7ade131d67e3b484fe162c,2017-10-30T17:14:13.000Z,0.0000000021009999871,0x65df448a6ea8fb4405872649c8bbce3c7369754c,sell,0x8a7b7b9b2f7d0c63f66171721339705a6188a7d5,0xb636abbb830449fa2c6ff9ac937840fca6fcb8c2d0cccae32648c354b164fe0f
223,22153546.00737713,0.04652244661549197,0xe2694d3d2e90522a7eb823b418b116f21787be82,2017-10-30T16:26:26.000Z,0.00000000209999999999,0xff90080d7db05ced501f273548841a2c39cf6463,sell,0x8a7b7b9b2f7d0c63f66171721339705a6188a7d5,0xbc23e824670af3e51350dfecc30c5a8e92417c5876644f05e18a0df844082d68
224,4984547.901505333,0.010472535141062705,0x5670fb7ddd986b14cf7ade131d67e3b484fe162c,2017-10-30T14:41:33.000Z,0.00000000210099999999,0xda35b38583facc48b974b50633857b23a9b61a1e,sell,0x8a7b7b9b2f7d0c63f66171721339705a6188a7d5,0xdffdf013fa2202fb864e0248d80dbce873955bab0d46c775777a22a5eb5a30b5
225,4984547.901505333,0.0104675505931612,0xe2694d3d2e90522a7eb823b418b116f21787be82,2017-10-30T14:20:58.000Z,0.00000000209999999999,0x6701bb0663ed8cbb7f4cd059489b03db92f28da7,sell,0x8a7b7b9b2f7d0c63f66171721339705a6188a7d5,0xb023796528ef63cfe268ef3827f0059c6f128062fdb1b46ab77ccb721b25b8c8
226,4984547.901505333,0.0104675505931612,0xe2694d3d2e90522a7eb823b418b116f21787be82,2017-10-30T14:02:31.000Z,0.00000000209999999999,0x9b07f5475186e22025d856dd5a27e58e28f8d6af,sell,0x8a7b7b9b2f7d0c63f66171721339705a6188a7d5,0x65df1f6fca0165dfd8d0124be646c590d71e9bb2093e609a11a9c4b17773518d
227,5585714.074848888,0.011171428149697776,0x13512137d004d3e8d919ced5f5f7119934917c11,2017-10-30T13:50:49.000Z,0.000000002,0xfbdead2f37b66a03e05a01d3bf422f3e98b9a962,sell,0x8a7b7b9b2f7d0c63f66171721339705a6188a7d5,0xcf1e3d73ed1b632410e35745f4c9fd1838b0c52637318896ecd112ba9f7f9843
228,5000000,0.01,0x273a5d3e6721b9f5c1a6474f560c1334c63dda01,2017-10-30T13:29:10.000Z,0.000000002,0x9846bc02f1b2f228c7a03c91b867da55f01cb0a3,buy,0x8a7b7b9b2f7d0c63f66171721339705a6188a7d5,0x7b87d2931d4c7082e45d16ab6f1ec08a9c2fd3766857ae229c70d6b1393e9c79
229,4985000,0.01221325,0xbb5bab0a7b4deae363d90cee87a2fcbe91e06c81,2017-10-30T13:29:10.000Z,0.00000000245,0x273a5d3e6721b9f5c1a6474f560c1334c63dda01,sell,0x8a7b7b9b2f7d0c63f66171721339705a6188a7d5,0x7b87d2931d4c7082e45d16ab6f1ec08a9c2fd3766857ae229c70d6b1393e9c79
230,1000000,0.001,0x8b182a4526944fa498970732a69a95d281c3c8a9,2017-10-30T12:49:17.000Z,0.000000001,0xfbdead2f37b66a03e05a01d3bf422f3e98b9a962,sell,0x8a7b7b9b2f7d0c63f66171721339705a6188a7d5,0xd72761bbb5e44e6ec9a5e464f580374effdffc026c8373bbd2a823afe0baa3cb
231,2000000,0.002,0xc43a93ffea018705d20ad5b02d6b21d4edf97c34,2017-10-30T12:44:40.000Z,0.000000001,0xfbdead2f37b66a03e05a01d3bf422f3e98b9a962,sell,0x8a7b7b9b2f7d0c63f66171721339705a6188a7d5,0xfc6f2cb2276686538d2a83434be8d2fc10c0952a89be19d5b84a06b89180db34
232,1000000,0.001,0x8b182a4526944fa498970732a69a95d281c3c8a9,2017-10-30T12:37:14.000Z,0.000000001,0xfbdead2f37b66a03e05a01d3bf422f3e98b9a962,sell,0x8a7b7b9b2f7d0c63f66171721339705a6188a7d5,0xfb9651fdc5d18d1dc1b95b6145e88bba2fbfc4e137839a7d3e3b06cfc5e18f56
233,1000000,0.0014,0x78b0e4933f5b7d90102367e28efcde256998411e,2017-10-30T12:32:32.000Z,0.0000000014,0xfbdead2f37b66a03e05a01d3bf422f3e98b9a962,sell,0x8a7b7b9b2f7d0c63f66171721339705a6188a7d5,0x8a20e2bafc5b4a121d7fa5297f577cdd370a2a8aa7e7f59d41d8d740649030a9
234,500000,0.001,0x43fc364ac5a51ee6c8a44b6adb80606bbb7607d0,2017-10-30T12:30:30.000Z,0.000000002,0xfbdead2f37b66a03e05a01d3bf422f3e98b9a962,sell,0x8a7b7b9b2f7d0c63f66171721339705a6188a7d5,0xde99cec24596cafc2a803b0da368b5aa8c9eacf6d1f99969605e178fe425af81
235,3978612.843,0.00990674597907,0xbb5bab0a7b4deae363d90cee87a2fcbe91e06c81,2017-10-30T12:27:13.000Z,0.00000000249,0xfbdead2f37b66a03e05a01d3bf422f3e98b9a962,sell,0x8a7b7b9b2f7d0c63f66171721339705a6188a7d5,0x1aad34ba34cfd110f2a814f5f36738349d5fc8a1287665f7e5246f3ea74dee68
236,1000000,0.003,0x3f2ad28636e59d9540c9552f4e17f44e8222bf2f,2017-10-30T12:20:33.000Z,0.000000003,0xe395388f933c2883d658273c6a1de677329bd083,buy,0x8a7b7b9b2f7d0c63f66171721339705a6188a7d5,0x853ef68060e611be91711be50d9d56d8cf243c151fa71f036f30d8e3f9deba92
237,4985000,0.01221325,0xbb5bab0a7b4deae363d90cee87a2fcbe91e06c81,2017-10-30T12:18:43.000Z,0.00000000245,0x273a5d3e6721b9f5c1a6474f560c1334c63dda01,sell,0x8a7b7b9b2f7d0c63f66171721339705a6188a7d5,0x73c948084c1c152ea6b356b3b626afa958973df355c71c596f4ea8fba6131320
238,5000000,0.01,0x273a5d3e6721b9f5c1a6474f560c1334c63dda01,2017-10-30T12:18:43.000Z,0.000000002,0xc8d62644dacf4e4653037d1be93c9dfa6ddf5c11,buy,0x8a7b7b9b2f7d0c63f66171721339705a6188a7d5,0x73c948084c1c152ea6b356b3b626afa958973df355c71c596f4ea8fba6131320
239,0.04953786817346471,0.000000000123349291,0xbb5bab0a7b4deae363d90cee87a2fcbe91e06c81,2017-10-30T10:12:46.000Z,0.00000000248999998482,0x59274949f2723c3a5622df1e469a51d14a7e2a3a,sell,0x8a7b7b9b2f7d0c63f66171721339705a6188a7d5,0x94cdc7ea85a47024ff8fb8f696f344917997167590b30a4650db8a9e9151b834
240,496.91435564802447,0.000001237316745563,0xbb5bab0a7b4deae363d90cee87a2fcbe91e06c81,2017-10-30T10:11:52.000Z,0.00000000248999999999,0x59274949f2723c3a5622df1e469a51d14a7e2a3a,sell,0x8a7b7b9b2f7d0c63f66171721339705a6188a7d5,0xf964c9e5551d0819639b07dfae3f544b049462cbc220064dac16b769769e32e0
241,4984547.901505333,0.01241152427474828,0xbb5bab0a7b4deae363d90cee87a2fcbe91e06c81,2017-10-30T10:09:23.000Z,0.00000000248999999999,0x59274949f2723c3a5622df1e469a51d14a7e2a3a,sell,0x8a7b7b9b2f7d0c63f66171721339705a6188a7d5,0xc359dd13efeeb0d2a0817dae66187e22104b38e6609dce4951db5aa6f0ef6a9a
242,13500000,0.03942,0xa27db55c35a60581da04eccad92c94cebf586673,2017-10-30T07:53:39.000Z,0.00000000292,0xbb5bab0a7b4deae363d90cee87a2fcbe91e06c81,buy,0x8a7b7b9b2f7d0c63f66171721339705a6188a7d5,0xd4dbae19b06327f9c7bdd0f42347f7e51104798416cde597ec51dad177eaf57b
243,19940000,0.05982,0xa27db55c35a60581da04eccad92c94cebf586673,2017-10-30T07:37:24.000Z,0.000000003,0x273a5d3e6721b9f5c1a6474f560c1334c63dda01,sell,0x8a7b7b9b2f7d0c63f66171721339705a6188a7d5,0xe29437e98aef493529d590eb4c7122fe5da716ed05b9e95c56c1f861a586383c
244,20000000,0.0582,0x273a5d3e6721b9f5c1a6474f560c1334c63dda01,2017-10-30T07:37:24.000Z,0.00000000291,0xbb5bab0a7b4deae363d90cee87a2fcbe91e06c81,buy,0x8a7b7b9b2f7d0c63f66171721339705a6188a7d5,0xe29437e98aef493529d590eb4c7122fe5da716ed05b9e95c56c1f861a586383c
245,5000000,0.01,0x5670fb7ddd986b14cf7ade131d67e3b484fe162c,2017-10-30T07:20:57.000Z,0.000000002,0x24bf5f007e4b06f5777c460fb02d3521c1b521a8,buy,0x8a7b7b9b2f7d0c63f66171721339705a6188a7d5,0x596b642b8477b9e095d9675804bf1f4873c63695cfc19421b67f601813e4c7b5
246,2702354,0.005404708,0x9f5360f3fc30501d9b5cd62caa7069a42ead1c8b,2017-10-30T07:04:27.000Z,0.000000002,0x5634fc9a8194fa713558d8962ff7c3d2be45bb2a,buy,0x8a7b7b9b2f7d0c63f66171721339705a6188a7d5,0x97d951a32a107cd51827f30c566613becc41a9bf9d5f8917e2d1563354891650
247,1290772.9068323036,0.00259445354273293,0xaa5a8763179d7e24b0230e981cf7cd5d9fa7cff8,2017-10-30T06:53:19.000Z,0.00000000200999999999,0x5634fc9a8194fa713558d8962ff7c3d2be45bb2a,sell,0x8a7b7b9b2f7d0c63f66171721339705a6188a7d5,0x2bd23fecc96b052b2018f02afc48e210b0396b8f77b7a91b3f18f06eba1d3bab
248,1000000,0.002,0xcacbf752a3e2d92381b18856294ad03966d24579,2017-10-30T06:51:35.000Z,0.000000002,0x5634fc9a8194fa713558d8962ff7c3d2be45bb2a,sell,0x8a7b7b9b2f7d0c63f66171721339705a6188a7d5,0x6741035b866ff94f7455d2d0ee0244c5a4e22c96362480fad746c5e06a538203
249,4985044.865403789,0.010493519441674974,0x5670fb7ddd986b14cf7ade131d67e3b484fe162c,2017-10-30T05:39:20.000Z,0.00000000210499999999,0x1d5321e125f6c7079a716705541c7b371ca79e69,sell,0x8a7b7b9b2f7d0c63f66171721339705a6188a7d5,0x7e9b3a68be5f433556bf6d1da88f4a0f7adea97fe321e7d997b44297283dc564
250,5000000,0.01,0x1d5321e125f6c7079a716705541c7b371ca79e69,2017-10-30T05:39:20.000Z,0.000000002,0xc449f4373158396dbacd1cc2f9c3b47725580813,buy,0x8a7b7b9b2f7d0c63f66171721339705a6188a7d5,0x7e9b3a68be5f433556bf6d1da88f4a0f7adea97fe321e7d997b44297283dc564
251,996909.6199313613,0.002098494749955515,0x5670fb7ddd986b14cf7ade131d67e3b484fe162c,2017-10-30T05:37:07.000Z,0.00000000210499999999,0x64eee4479bad0fa23310994bc73be4517a0fc425,sell,0x8a7b7b9b2f7d0c63f66171721339705a6188a7d5,0xebc8b928c9cef07501b21ba4c2817ad954cd202b654020d6f87d2728fdf22abe
252,29384896.55172414,0.08815468965517241,0x2590d837765fee20271eb79e50649ee7bc8a3c3f,2017-10-30T03:40:17.000Z,0.000000003,0x6afc2d3e5bda7402f3e6279692709be8f100006d,sell,0x8a7b7b9b2f7d0c63f66171721339705a6188a7d5,0x23db36e352122ff0b1dc3b85ffd65082c6292c0de08d72f3542dd2c4ccdda91d
253,30000000,0.0879,0x273a5d3e6721b9f5c1a6474f560c1334c63dda01,2017-10-30T03:36:07.000Z,0.00000000293,0xbb5bab0a7b4deae363d90cee87a2fcbe91e06c81,buy,0x8a7b7b9b2f7d0c63f66171721339705a6188a7d5,0x342f541cb5605af3300a44135cdb6d58778cabc987d2671248e38236eeee3e9c
254,394391.8125888184,0.001577567250355274,0x2590d837765fee20271eb79e50649ee7bc8a3c3f,2017-10-30T03:36:07.000Z,0.000000004,0xddd0fec477ee2a2f25f4751d02673bc6ca107d80,buy,0x8a7b7b9b2f7d0c63f66171721339705a6188a7d5,0x83fc4f86e6da92bc0ee6ce87ab3f3626de672b6582c395d3d830353512bc55dc
255,29910000,0.08973,0x2590d837765fee20271eb79e50649ee7bc8a3c3f,2017-10-30T03:36:07.000Z,0.000000003,0x273a5d3e6721b9f5c1a6474f560c1334c63dda01,sell,0x8a7b7b9b2f7d0c63f66171721339705a6188a7d5,0x342f541cb5605af3300a44135cdb6d58778cabc987d2671248e38236eeee3e9c
256,29910000,0.08973,0x2590d837765fee20271eb79e50649ee7bc8a3c3f,2017-10-30T03:35:55.000Z,0.000000003,0x273a5d3e6721b9f5c1a6474f560c1334c63dda01,sell,0x8a7b7b9b2f7d0c63f66171721339705a6188a7d5,0x5d4d7a2272334c6790309b07226cd9443c1c6c34c569b4b78564d9339edb79bd
257,30000000,0.087,0x273a5d3e6721b9f5c1a6474f560c1334c63dda01,2017-10-30T03:35:55.000Z,0.0000000029,0xbb5bab0a7b4deae363d90cee87a2fcbe91e06c81,buy,0x8a7b7b9b2f7d0c63f66171721339705a6188a7d5,0x5d4d7a2272334c6790309b07226cd9443c1c6c34c569b4b78564d9339edb79bd
258,10827586.206896551,0.0314,0x273a5d3e6721b9f5c1a6474f560c1334c63dda01,2017-10-30T03:35:55.000Z,0.0000000029,0x00ac8a2bf7d97b363667aae3995192abada3c471,buy,0x8a7b7b9b2f7d0c63f66171721339705a6188a7d5,0xa256aed65de2e503a280de2751ed1c3dd3dd1752647226cea2114ce85d1931cc
259,10795103.448275862,0.032385310344827584,0x2590d837765fee20271eb79e50649ee7bc8a3c3f,2017-10-30T03:35:55.000Z,0.000000003,0x273a5d3e6721b9f5c1a6474f560c1334c63dda01,sell,0x8a7b7b9b2f7d0c63f66171721339705a6188a7d5,0xa256aed65de2e503a280de2751ed1c3dd3dd1752647226cea2114ce85d1931cc
260,4984547.901505333,0.0104675505931612,0xe2694d3d2e90522a7eb823b418b116f21787be82,2017-10-30T03:29:10.000Z,0.00000000209999999999,0x1343ebb4d2abd16db3fc0d8eb7461532346d17c9,sell,0x8a7b7b9b2f7d0c63f66171721339705a6188a7d5,0x39545e77f445c524be2332e80cfe9757e0fc90f04ea2ddc7fb5b4f23eb5967c3
261,4984547.901505333,0.0104675505931612,0xe2694d3d2e90522a7eb823b418b116f21787be82,2017-10-30T03:28:27.000Z,0.00000000209999999999,0x36c8f7c03efa71767b30c25cd0441f8b300d5950,sell,0x8a7b7b9b2f7d0c63f66171721339705a6188a7d5,0x8ec82063eb23e1f0ca1e7b89c45f6ab75544272e3c3e9e8721f03d0b0acddd07
262,4984547.901505333,0.0104675505931612,0xe2694d3d2e90522a7eb823b418b116f21787be82,2017-10-30T03:26:45.000Z,0.00000000209999999999,0x826886b490aa06b93900534851530c1f4a9f0a54,sell,0x8a7b7b9b2f7d0c63f66171721339705a6188a7d5,0x099832464facf12db59981443e91f0786f48aef0b4538f25697d821cb242718e
263,4984547.901505333,0.0104675505931612,0xe2694d3d2e90522a7eb823b418b116f21787be82,2017-10-30T03:24:35.000Z,0.00000000209999999999,0xde77cfaba804ff7c5f94a554d92217dba91a4464,sell,0x8a7b7b9b2f7d0c63f66171721339705a6188a7d5,0x0f171eb9d2db5efb9ab13a75a1fd8a3989054de1750af2fe520e03895cd85ad1
264,4984547.901505333,0.009969095803010666,0x511132e78da4149f08d40ca4b95ee7662ffc5658,2017-10-30T03:13:37.000Z,0.00000000199999999999,0xf55a65a0fa1955b2d4c23f9ba0ccbdeea8bebc84,sell,0x8a7b7b9b2f7d0c63f66171721339705a6188a7d5,0xb1421cb7d0b7272f020681665f3cda394e9dc8d48b58d7a5511d6adb030c76ea
265,8739634.37580138,0.017566665095360777,0xaa5a8763179d7e24b0230e981cf7cd5d9fa7cff8,2017-10-30T03:01:13.000Z,0.00000000200999999999,0x23d3b08a4477dca0a7b95f657253532afb638d64,sell,0x8a7b7b9b2f7d0c63f66171721339705a6188a7d5,0x824ec17beedda0a64f32c8f10de3826d70a2a33470aa4f31f775fef9849259c0
266,1229584.0056167839,0.003061664173985791,0xbb5bab0a7b4deae363d90cee87a2fcbe91e06c81,2017-10-30T03:00:06.000Z,0.00000000248999999999,0x23d3b08a4477dca0a7b95f657253532afb638d64,sell,0x8a7b7b9b2f7d0c63f66171721339705a6188a7d5,0x488efa96df0b3a20a73c0a843e673209a4e970dbd585ba2765145741be7aa55c
267,172413.7931034483,0.0005,0xf9695cd65d6dfdf257fab76a3eb0cb8f001971cc,2017-10-30T02:38:48.000Z,0.0000000029,0x00ac8a2bf7d97b363667aae3995192abada3c471,buy,0x8a7b7b9b2f7d0c63f66171721339705a6188a7d5,0xe7b4d420d815cc87d1ff12fc2e5663cc7ddf5f595e2a589559e8b2cd9ae820c3
268,20000000,0.051022,0x5670fb7ddd986b14cf7ade131d67e3b484fe162c,2017-10-30T02:37:37.000Z,0.0000000025511,0x6afc2d3e5bda7402f3e6279692709be8f100006d,sell,0x8a7b7b9b2f7d0c63f66171721339705a6188a7d5,0x718570fe36a021cca318b2a68f981e63f8bf9f7937d35d908c7696fb08bc913f
269,144914.09492452873,0.000360836096362076,0xbb5bab0a7b4deae363d90cee87a2fcbe91e06c81,2017-10-30T02:14:53.000Z,0.00000000248999999999,0x16e5d97bbc92417e051e3b2cabfbf8ceea2acb9c,sell,0x8a7b7b9b2f7d0c63f66171721339705a6188a7d5,0xe31846a963f392452accd4e2477a48399ab25a0c8de5062a11f89224784d9293
270,144914.09492452873,0.000360836096362076,0xbb5bab0a7b4deae363d90cee87a2fcbe91e06c81,2017-10-30T02:14:48.000Z,0.00000000248999999999,0x379374d13077e8867ef31803c37baf9785a17c00,sell,0x8a7b7b9b2f7d0c63f66171721339705a6188a7d5,0xdcbe8716e613d2b6e8a1053186417877d5512dfe0378469b7109628a2867228b
271,1800000,0.00459198,0x5670fb7ddd986b14cf7ade131d67e3b484fe162c,2017-10-30T02:04:20.000Z,0.0000000025511,0x9287c6b7bb264abf6b4679e998b9b9f7b39a70dd,sell,0x8a7b7b9b2f7d0c63f66171721339705a6188a7d5,0x80b70265e0e29424705712813a455c2943080411a7b88779d0140b8d2c1c9592
272,1015033.3964709401,0.002589451697737015,0x5670fb7ddd986b14cf7ade131d67e3b484fe162c,2017-10-30T02:01:06.000Z,0.00000000255109999999,0xe1ecc9fe982499f424664631c65cc6813f198b21,sell,0x8a7b7b9b2f7d0c63f66171721339705a6188a7d5,0x7128b642e0c1ef7ad9a5373cc3bdb181ef2fe78db2f8b715fdba5fd09d0f7b4a
273,4000000,0.0116,0xe006f965292e66d81645c56d6662098ccec6f73d,2017-10-30T01:54:00.000Z,0.0000000029,0x00ac8a2bf7d97b363667aae3995192abada3c471,buy,0x8a7b7b9b2f7d0c63f66171721339705a6188a7d5,0x3c6f01c979b07795d8bd5bddc51a2390b5e499b13fc0859bf0716295b279cde7
274,784966.6035290599,0.002002528302262984,0x5670fb7ddd986b14cf7ade131d67e3b484fe162c,2017-10-30T01:43:39.000Z,0.00000000255109999999,0x55c6afe9031ce70ecc400d5adf9d5b86690a1b5d,sell,0x8a7b7b9b2f7d0c63f66171721339705a6188a7d5,0x2320df8f78a2d789925c034c74990b493fe1b922811ec870e7ffd8f15f670299
275,9969095.803010667,0.027913468248429867,0x048e94d1cb3f5b0eaf41372e19ad75ef30045d2f,2017-10-30T01:43:00.000Z,0.0000000028,0x13512137d004d3e8d919ced5f5f7119934917c11,buy,0x8a7b7b9b2f7d0c63f66171721339705a6188a7d5,0x5086ba24e97670cd19dbb2161620ab0f9926aae51d6c2a3093a7795768ad5b61
276,2000000,0.0051022,0x5670fb7ddd986b14cf7ade131d67e3b484fe162c,2017-10-30T01:40:49.000Z,0.0000000025511,0x55c6afe9031ce70ecc400d5adf9d5b86690a1b5d,sell,0x8a7b7b9b2f7d0c63f66171721339705a6188a7d5,0x2728c008b79755587c7b89714c494415f2353ba9072bc92fa8a552eb86bfafb1
277,2200000,0.00561242,0x5670fb7ddd986b14cf7ade131d67e3b484fe162c,2017-10-30T01:38:40.000Z,0.0000000025511,0x55c6afe9031ce70ecc400d5adf9d5b86690a1b5d,sell,0x8a7b7b9b2f7d0c63f66171721339705a6188a7d5,0x1fb6fcc2463a474bda84e159732dfe5e5d5d73ea3a4551dbb13d5e296a74f5ab
278,4984547.901505333,0.01241152427474828,0xbb5bab0a7b4deae363d90cee87a2fcbe91e06c81,2017-10-29T23:54:02.000Z,0.00000000248999999999,0x9a265f1d59e020341ca2b6f4eb20aeec46054414,sell,0x8a7b7b9b2f7d0c63f66171721339705a6188a7d5,0xc7da3f9d715df74b2d3a5d5eca38d6923b23d7a50051148bd82f77da12ae034e
279,496.91435564802447,0.000000998797854852,0xaa5a8763179d7e24b0230e981cf7cd5d9fa7cff8,2017-10-29T23:18:01.000Z,0.00000000200999999999,0xcc5b1aa1a4db8c81e1eaaf3e5c56c622872ce8c9,sell,0x8a7b7b9b2f7d0c63f66171721339705a6188a7d5,0x8f77637200043862db1509a9e97c6cee7a7e4881a917048bb648469cc7976517
280,4984547.901505333,0.01001894128202572,0xaa5a8763179d7e24b0230e981cf7cd5d9fa7cff8,2017-10-29T23:13:37.000Z,0.00000000200999999999,0xcc5b1aa1a4db8c81e1eaaf3e5c56c622872ce8c9,sell,0x8a7b7b9b2f7d0c63f66171721339705a6188a7d5,0xacdd2109eb3c173f5196e23ff66e2ce9e481d878358c3d667b3547a809fc2ca6
281,4984547.901505333,0.01001894128202572,0xaa5a8763179d7e24b0230e981cf7cd5d9fa7cff8,2017-10-29T23:07:53.000Z,0.00000000200999999999,0x5d3c2a23df34c670ea959025f18016b2566f9639,sell,0x8a7b7b9b2f7d0c63f66171721339705a6188a7d5,0xb9cb64af5cd5aa9eec564d2f2e6fe1a8fbf4a8b6f8e4d92a7ba905c62c255415
282,1055364.8300576466,0.002627858426843539,0xbb5bab0a7b4deae363d90cee87a2fcbe91e06c81,2017-10-29T22:53:07.000Z,0.00000000248999999999,0x1d5321e125f6c7079a716705541c7b371ca79e69,sell,0x8a7b7b9b2f7d0c63f66171721339705a6188a7d5,0x24ad9a901582c883df7364f0f765145e50512341f06b1d27bd51c305e82e8562
283,1058530.9245478194,0.002117061849095639,0x1d5321e125f6c7079a716705541c7b371ca79e69,2017-10-29T22:53:07.000Z,0.000000002,0x12b65a6296f03a5a984a818664ec98ab20ba4de6,buy,0x8a7b7b9b2f7d0c63f66171721339705a6188a7d5,0x24ad9a901582c883df7364f0f765145e50512341f06b1d27bd51c305e82e8562
284,3941469.0754521806,0.007882938150904361,0x273a5d3e6721b9f5c1a6474f560c1334c63dda01,2017-10-29T22:52:12.000Z,0.000000002,0x12b65a6296f03a5a984a818664ec98ab20ba4de6,buy,0x8a7b7b9b2f7d0c63f66171721339705a6188a7d5,0x345159afc8291dabde5c11b2f6ce06896f92ed68c495206a59269f2bee1b433a
285,3929644.6682258244,0.009431147203741977,0x3421c555a64032f3bb56c0f1236138dc88ae4c7f,2017-10-29T22:52:12.000Z,0.00000000239999999999,0x273a5d3e6721b9f5c1a6474f560c1334c63dda01,sell,0x8a7b7b9b2f7d0c63f66171721339705a6188a7d5,0x345159afc8291dabde5c11b2f6ce06896f92ed68c495206a59269f2bee1b433a
286,1487.7120429913207,0.000003704402987048,0xbb5bab0a7b4deae363d90cee87a2fcbe91e06c81,2017-10-29T22:12:02.000Z,0.00000000248999999999,0x1be5e64f9d12be1319c841b946d59f444c61b9a5,sell,0x8a7b7b9b2f7d0c63f66171721339705a6188a7d5,0x64957a152292e5e582d5fb17286ecae12af3be69ba61abb6b8088c2ee5a2a5fd
287,4984547.901505333,0.01241152427474828,0xbb5bab0a7b4deae363d90cee87a2fcbe91e06c81,2017-10-29T22:11:10.000Z,0.00000000248999999999,0xfecb9bc1c8cbdccee4f6f0f02b0f8eac943f25b6,sell,0x8a7b7b9b2f7d0c63f66171721339705a6188a7d5,0x01f8653d5ef45ca2df192f341551b84ae5972c885efe1426de6a1f5e9988f084
288,14923239.503245937,0.03581577480779025,0xbb5bab0a7b4deae363d90cee87a2fcbe91e06c81,2017-10-29T22:09:39.000Z,0.00000000239999999999,0x1be5e64f9d12be1319c841b946d59f444c61b9a5,sell,0x8a7b7b9b2f7d0c63f66171721339705a6188a7d5,0xa7adfd2b2ecca4d8d6c812c40ad33ee0653ef839e5c157b871812e93f8c86811
289,3987737.7040753965,0.009929466883147735,0xbb5bab0a7b4deae363d90cee87a2fcbe91e06c81,2017-10-29T21:32:34.000Z,0.00000000248999999999,0x9e00365664411b507aff985ed8e5372353a2106f,sell,0x8a7b7b9b2f7d0c63f66171721339705a6188a7d5,0x1010522d2a550e6f7e4ebb38174af6a3d12511259d6fa21873b88c91ecf3c243
290,19251640.239206314,0.04524135456213484,0xbb5bab0a7b4deae363d90cee87a2fcbe91e06c81,2017-10-29T21:31:42.000Z,0.00000000234999999999,0xa1a9e34420dd3fbf2a87dc8612d7a99040ba699c,sell,0x8a7b7b9b2f7d0c63f66171721339705a6188a7d5,0x1aea27935f2b8acb483244808a10433ab45a2cc7780bdea04328d0f55c4b9652
291,4984547.901505333,0.012212142358688066,0xbb5bab0a7b4deae363d90cee87a2fcbe91e06c81,2017-10-29T21:20:32.000Z,0.00000000244999999999,0x67184334d94448a27eb5db91cac5ae291172acb9,sell,0x8a7b7b9b2f7d0c63f66171721339705a6188a7d5,0xc06a3208e8ec39fee6027acb875781c0189065233cb1c8df41babe32762037f0
292,4984547.901505333,0.01241152427474828,0xbb5bab0a7b4deae363d90cee87a2fcbe91e06c81,2017-10-29T20:27:00.000Z,0.00000000248999999999,0x1b45f312db4d85e9f93989207c035fff6baa653f,sell,0x8a7b7b9b2f7d0c63f66171721339705a6188a7d5,0xcb0fbd545501f97e5a420258a124631961731f02df569dafb580c86d9bd515ba
293,4984547.901505333,0.01241152427474828,0xbb5bab0a7b4deae363d90cee87a2fcbe91e06c81,2017-10-29T19:48:41.000Z,0.00000000248999999999,0xaefe938d19813efca95ca3f4f026517b3dd1344c,sell,0x8a7b7b9b2f7d0c63f66171721339705a6188a7d5,0x5c0d81b3b36f019f281f19586ff9857e8f0c0816a8821cbb887ca478cc571fc2
294,4982803.309739807,0.012407180241252118,0xbb5bab0a7b4deae363d90cee87a2fcbe91e06c81,2017-10-29T19:46:54.000Z,0.00000000248999999999,0xa72c8bbed5ad834e437232063341e1c0a9019b30,sell,0x8a7b7b9b2f7d0c63f66171721339705a6188a7d5,0x475deeef5aae16492c316a1946642deb6c11afaab94bfff25e258d3b33ec498f
295,226916.6852756455,0.000565022546336357,0xbb5bab0a7b4deae363d90cee87a2fcbe91e06c81,2017-10-29T17:29:38.000Z,0.00000000248999999999,0x9d0f536dc95cde0486a8708e1af01a6e4a60e9b2,sell,0x8a7b7b9b2f7d0c63f66171721339705a6188a7d5,0xfa473701c489d7d4136e56e66697e5d0c966814ae2488ea28122454d024d3ba7
296,447.22292008322205,0.000001113585071007,0xbb5bab0a7b4deae363d90cee87a2fcbe91e06c81,2017-10-29T16:58:39.000Z,0.00000000248999999999,0x07a5b48fbba6b2e0849609bd64b6c2ebdd21eafe,sell,0x8a7b7b9b2f7d0c63f66171721339705a6188a7d5,0x60b1353f35f0cb0edf6a500fd14631b5bfe89ddd0bb4c527f0102476b4b170bc
297,4984547.901505333,0.01241152427474828,0xbb5bab0a7b4deae363d90cee87a2fcbe91e06c81,2017-10-29T16:35:24.000Z,0.00000000248999999999,0xaa8cbdfb06699c609078eabaef87f94262081f0b,sell,0x8a7b7b9b2f7d0c63f66171721339705a6188a7d5,0x1076620c59eaed7738c623a01c34720cd3235cedbc98914485c6e415d7e61979
298,4984547.901505333,0.01241152427474828,0xbb5bab0a7b4deae363d90cee87a2fcbe91e06c81,2017-10-29T16:19:12.000Z,0.00000000248999999999,0xba2236d9a90dd62e9f08a64d4928bb4791c6834a,sell,0x8a7b7b9b2f7d0c63f66171721339705a6188a7d5,0x51186e0b427fd38de2e55012edd8fe1eb0e9c3e0b757f6cb3faa6e216f942cde
299,4984547.901505333,0.01241152427474828,0xbb5bab0a7b4deae363d90cee87a2fcbe91e06c81,2017-10-29T15:00:04.000Z,0.00000000248999999999,0xe1d1340d90e97a96199942ab5fe5b87670989631,sell,0x8a7b7b9b2f7d0c63f66171721339705a6188a7d5,0x16a2146934ee7b1e50bb88288f4ac0450954baf7576063a97d201f6e86fe1d73
300,4486093.1113548,0.011170371847273451,0xbb5bab0a7b4deae363d90cee87a2fcbe91e06c81,2017-10-29T14:30:10.000Z,0.00000000248999999999,0x07a5b48fbba6b2e0849609bd64b6c2ebdd21eafe,sell,0x8a7b7b9b2f7d0c63f66171721339705a6188a7d5,0xac88054ebbb17f35263a8f26a81a2b4877e6445f27034120501dded75b7752ff
301,4984547.901505333,0.01241152427474828,0xbb5bab0a7b4deae363d90cee87a2fcbe91e06c81,2017-10-29T13:36:13.000Z,0.00000000248999999999,0xee0717bfab61e234c62e10cc7a13a7c060e251df,sell,0x8a7b7b9b2f7d0c63f66171721339705a6188a7d5,0x808b76dd998b4f393512ac1e367a453b8ab55fd4576329ad3878ba98e47a4da2
302,4985000,0.01241265,0xbb5bab0a7b4deae363d90cee87a2fcbe91e06c81,2017-10-29T13:15:08.000Z,0.00000000249,0x273a5d3e6721b9f5c1a6474f560c1334c63dda01,sell,0x8a7b7b9b2f7d0c63f66171721339705a6188a7d5,0x12817439742be45328ed5b3dd28664d1c55d0666a58695a34e64447049e1b480
303,5000000,0.01,0x273a5d3e6721b9f5c1a6474f560c1334c63dda01,2017-10-29T13:15:08.000Z,0.000000002,0x9db8b98482bfde6b63e72a944cd38dd04a057d15,buy,0x8a7b7b9b2f7d0c63f66171721339705a6188a7d5,0x12817439742be45328ed5b3dd28664d1c55d0666a58695a34e64447049e1b480
304,4984547.901505333,0.01241152427474828,0xbb5bab0a7b4deae363d90cee87a2fcbe91e06c81,2017-10-29T13:07:52.000Z,0.00000000248999999999,0xcb734fd46342bf1c9c01cda7509cff67612fd3c7,sell,0x8a7b7b9b2f7d0c63f66171721339705a6188a7d5,0xef5e9eea0b2d318c4ff867928c059ddb8613c818f6a236e8d6b8a65071efaa2c
305,4984547.901505333,0.01241152427474828,0xbb5bab0a7b4deae363d90cee87a2fcbe91e06c81,2017-10-29T12:52:50.000Z,0.00000000248999999999,0x20424bf9be9de9af3cde0c35165edc19857abd85,sell,0x8a7b7b9b2f7d0c63f66171721339705a6188a7d5,0x6265d3052e0e256c26ba4e93e94153b0c47e2ea6fcb0869ab2d749f56fb3c371
306,6650722.511139129,0.01961963140786043,0x537937870c905a6feb96b74867552799dcfeb3bc,2017-10-29T12:23:27.000Z,0.00000000295,0xbb5bab0a7b4deae363d90cee87a2fcbe91e06c81,buy,0x8a7b7b9b2f7d0c63f66171721339705a6188a7d5,0x65e9a7c0e7c7925f3f835fa6326ab2667eed337a06761ddbb6b4b8302789c2c0
307,5015452.098,0.012538630245,0x13512137d004d3e8d919ced5f5f7119934917c11,2017-10-29T12:20:06.000Z,0.0000000025,0x1be5e64f9d12be1319c841b946d59f444c61b9a5,sell,0x8a7b7b9b2f7d0c63f66171721339705a6188a7d5,0x0c9ed29ff2bc80f399d7465edad19c676ed0315278962e0ce090331e36beeede
308,10000000,0.0291,0x537937870c905a6feb96b74867552799dcfeb3bc,2017-10-29T12:18:17.000Z,0.00000000291,0xbb5bab0a7b4deae363d90cee87a2fcbe91e06c81,buy,0x8a7b7b9b2f7d0c63f66171721339705a6188a7d5,0x717d5a6abc1355c3195fdb126d85985fbae6663427fc0d18c2b3a3fbb834bf4e
309,4984547.901505333,0.012461369753763333,0x13512137d004d3e8d919ced5f5f7119934917c11,2017-10-29T12:13:26.000Z,0.00000000249999999999,0xdbb899e46ab49a2d7057cdcbb4edb2ce7722d3fd,sell,0x8a7b7b9b2f7d0c63f66171721339705a6188a7d5,0x60f6b8fcf32cd3f2edf6a496da502322ffe748270942dfe2a53481007b5871e4
310,10000000,0.029,0x537937870c905a6feb96b74867552799dcfeb3bc,2017-10-29T11:28:52.000Z,0.0000000029,0xbb5bab0a7b4deae363d90cee87a2fcbe91e06c81,buy,0x8a7b7b9b2f7d0c63f66171721339705a6188a7d5,0xe7ede9d9966d70c0e5f9ac819f593efb7d2c37c4d342e6c13568de1a0f3c64a3
311,4984547.901505333,0.01241152427474828,0xbb5bab0a7b4deae363d90cee87a2fcbe91e06c81,2017-10-29T10:30:02.000Z,0.00000000248999999999,0x02d2280ba85e89fff0e7184e1151bc64d7516d45,sell,0x8a7b7b9b2f7d0c63f66171721339705a6188a7d5,0x89966bd6d7148c0755cc9525e046c86dd17693dcb61c44a3edd62a786c22f100
312,5962.972267776294,0.000014847800946762,0xbb5bab0a7b4deae363d90cee87a2fcbe91e06c81,2017-10-29T10:11:10.000Z,0.00000000248999999999,0xb017853e62caa85483017df1c1463cdcb7df9d85,sell,0x8a7b7b9b2f7d0c63f66171721339705a6188a7d5,0x3006e876cfe0ce1cb4b500f2888bbdc4a3c78dc3f80cc6ea590eb7330c0401fe
313,59814574.818064004,0.1465457083042568,0xbb5bab0a7b4deae363d90cee87a2fcbe91e06c81,2017-10-29T10:10:14.000Z,0.00000000244999999999,0xb017853e62caa85483017df1c1463cdcb7df9d85,sell,0x8a7b7b9b2f7d0c63f66171721339705a6188a7d5,0x948d2cdb9642c7b3e09db3b73d2e5107888f966ac2ee10dcca979edcee564b0f
314,5000000,0.01,0x273a5d3e6721b9f5c1a6474f560c1334c63dda01,2017-10-29T09:50:55.000Z,0.000000002,0x51345132d3f44ae2ae7c2cbbe082df4cfc1f3b1b,buy,0x8a7b7b9b2f7d0c63f66171721339705a6188a7d5,0x96b8b457606939b8f0dcb38ebb3da96ac1733591136c14a474fda8ba1fa4ae97
315,4985000,0.01241265,0xbb5bab0a7b4deae363d90cee87a2fcbe91e06c81,2017-10-29T09:50:55.000Z,0.00000000249,0x273a5d3e6721b9f5c1a6474f560c1334c63dda01,sell,0x8a7b7b9b2f7d0c63f66171721339705a6188a7d5,0x96b8b457606939b8f0dcb38ebb3da96ac1733591136c14a474fda8ba1fa4ae97
316,4750000,0.017575,0x2590d837765fee20271eb79e50649ee7bc8a3c3f,2017-10-29T09:40:32.000Z,0.0000000037,0x6c4abceb16c95785c332e79213e5f143ba4e33a3,buy,0x8a7b7b9b2f7d0c63f66171721339705a6188a7d5,0x884db0dc7497964ba8ce080712ba239053a0ace94a6b3ae7dfe490aac927083a
317,1200000,0.0036,0x2590d837765fee20271eb79e50649ee7bc8a3c3f,2017-10-29T09:39:29.000Z,0.000000003,0x00f88a2eb274ba2151f89ac5cf80d15b04b20fb8,buy,0x8a7b7b9b2f7d0c63f66171721339705a6188a7d5,0x7edc23182936fef69652c9214cc4f800452d432421430f501ad474b6b2f30235
318,1000000,0.0039,0x2590d837765fee20271eb79e50649ee7bc8a3c3f,2017-10-29T09:39:29.000Z,0.0000000039,0xb99f72a8b0d3a5025ab8b2ca534973497af42899,buy,0x8a7b7b9b2f7d0c63f66171721339705a6188a7d5,0x29c198ebac6852a7e7c4649206dd340fb7f277817547f938d502a5f558deaa50
319,800000,0.0028,0x2590d837765fee20271eb79e50649ee7bc8a3c3f,2017-10-29T09:38:54.000Z,0.0000000035,0xbb5bab0a7b4deae363d90cee87a2fcbe91e06c81,buy,0x8a7b7b9b2f7d0c63f66171721339705a6188a7d5,0xa3c54e4e8e2da5fed49136d99d5bcb5c6b54f28cc9b84278a833d4ccf1ecc6e1
320,7200000,0.0216,0x2590d837765fee20271eb79e50649ee7bc8a3c3f,2017-10-29T09:38:12.000Z,0.000000003,0xbb5bab0a7b4deae363d90cee87a2fcbe91e06c81,buy,0x8a7b7b9b2f7d0c63f66171721339705a6188a7d5,0x791a9821ff1f4b4a9dff1d418adfd5642e4e25d7c94f01812dc62627e92d9622
321,1000000,0.00296,0x2590d837765fee20271eb79e50649ee7bc8a3c3f,2017-10-29T09:38:12.000Z,0.00000000296,0xbb5bab0a7b4deae363d90cee87a2fcbe91e06c81,buy,0x8a7b7b9b2f7d0c63f66171721339705a6188a7d5,0x34523feb15a41f929af5d1d426b0806862f6a8aa464a22a820f5f88034b97260
322,1000000,0.00295,0x2590d837765fee20271eb79e50649ee7bc8a3c3f,2017-10-29T09:37:55.000Z,0.00000000295,0xbb5bab0a7b4deae363d90cee87a2fcbe91e06c81,buy,0x8a7b7b9b2f7d0c63f66171721339705a6188a7d5,0x495b1625613bbfe1476cb40a2b989901bfc4c0c3e1b4eac4a4f525f3c844c068
323,4900000,0.01421,0x2590d837765fee20271eb79e50649ee7bc8a3c3f,2017-10-29T09:37:29.000Z,0.0000000029,0xbb5bab0a7b4deae363d90cee87a2fcbe91e06c81,buy,0x8a7b7b9b2f7d0c63f66171721339705a6188a7d5,0x35980e9fe8779172b553831dc76ef16769ebd7265bb95677d871ff39b2bc4c7f
324,496.91435564802447,0.000001237316745563,0xbb5bab0a7b4deae363d90cee87a2fcbe91e06c81,2017-10-29T09:31:57.000Z,0.00000000248999999999,0x9bfc3d49e4df2bceefe32c2e6ed93870205cc307,sell,0x8a7b7b9b2f7d0c63f66171721339705a6188a7d5,0x581493094ba74335d249b506ebee2614e0fab2a1fb41b06763e7c2b21d2fc718
325,4984547.901505333,0.01241152427474828,0xbb5bab0a7b4deae363d90cee87a2fcbe91e06c81,2017-10-29T09:30:46.000Z,0.00000000248999999999,0x9bfc3d49e4df2bceefe32c2e6ed93870205cc307,sell,0x8a7b7b9b2f7d0c63f66171721339705a6188a7d5,0xcfd287e0fcf9341ab2d023e52065b2dc08430284c21ae01aad5cdc6d7bf882b1
326,496.91435564802447,0.000001237316745563,0xbb5bab0a7b4deae363d90cee87a2fcbe91e06c81,2017-10-29T09:21:41.000Z,0.00000000248999999999,0x66fa1e1af25d7661001301ab556c1eff78e2dbf9,sell,0x8a7b7b9b2f7d0c63f66171721339705a6188a7d5,0x7d80ae364b47f861fac6693487b4a7646dc3a8ac6308ed19b64c6310144aa13e
327,4984547.901505333,0.01241152427474828,0xbb5bab0a7b4deae363d90cee87a2fcbe91e06c81,2017-10-29T09:19:47.000Z,0.00000000248999999999,0x66fa1e1af25d7661001301ab556c1eff78e2dbf9,sell,0x8a7b7b9b2f7d0c63f66171721339705a6188a7d5,0xddfc52a2335519b41293b3d1d2fac8b7d4c6452b528181b6d54d3fb3b72bb870
328,498454.7901505334,0.009969095803010667,0x98eb1ee77cb7121c0fae54b295d5de2b5bc715bc,2017-10-29T09:10:51.000Z,0.00000002,0x1e8cc07735f51142b0950a6db5b94d422b76d7fc,buy,0x8a7b7b9b2f7d0c63f66171721339705a6188a7d5,0x457b945ebd76bbcfb09cb4cc18f14f46e074a7610d8493ca21ec0175cd25376b
329,4486093,0.0129594254584,0x537937870c905a6feb96b74867552799dcfeb3bc,2017-10-29T08:33:20.000Z,0.0000000028888,0x1fad03e039a94d98efe880c7eaa65be3a974be55,buy,0x8a7b7b9b2f7d0c63f66171721339705a6188a7d5,0xf244f930654e6ef00594cf9fa11f5ef5ef2c8f316d1e7887b2879330f8aeb97f
330,22222222,0.07644444368,0xff90080d7db05ced501f273548841a2c39cf6463,2017-10-29T08:30:16.000Z,0.00000000344,0x6afc2d3e5bda7402f3e6279692709be8f100006d,buy,0x8a7b7b9b2f7d0c63f66171721339705a6188a7d5,0x77bd29236170c795044d9c9f7e93a592798b8e6829d0c6a450428dc041e004a7
331,4486093.1113548,0.011215232778387,0x1fad03e039a94d98efe880c7eaa65be3a974be55,2017-10-29T08:21:47.000Z,0.00000000249999999999,0x8308223f29964f5a76cc1bc920e93143c3332695,sell,0x8a7b7b9b2f7d0c63f66171721339705a6188a7d5,0xf4b8d4d3d23b2a38cfe86b75524cfab97ae23ff3d64e7503a56854701e41a02a
332,95059686.492,0.23764921623,0xbb5bab0a7b4deae363d90cee87a2fcbe91e06c81,2017-10-29T08:17:40.000Z,0.0000000025,0x6afc2d3e5bda7402f3e6279692709be8f100006d,sell,0x8a7b7b9b2f7d0c63f66171721339705a6188a7d5,0xf6c188deb61282a3c707e128c1f4a3c9adc1c490ebf2fd06beb55df0837cbb7f
333,492.4554932010665,0.000001231138733002,0xbb5bab0a7b4deae363d90cee87a2fcbe91e06c81,2017-10-29T08:13:09.000Z,0.00000000249999999999,0x1fad03e039a94d98efe880c7eaa65be3a974be55,sell,0x8a7b7b9b2f7d0c63f66171721339705a6188a7d5,0x05238b287122bce2e9d49ddbc243786618737df5e97116c16b969dc479dd0669
334,4939821.052299898,0.012349552630749744,0xbb5bab0a7b4deae363d90cee87a2fcbe91e06c81,2017-10-29T08:11:44.000Z,0.00000000249999999999,0x1fad03e039a94d98efe880c7eaa65be3a974be55,sell,0x8a7b7b9b2f7d0c63f66171721339705a6188a7d5,0x3d11486b9f8f4fdb70547e7dcc718eb1cf8f13d12c10d55983f35b14c7b682b0
335,993.8287112960489,0.000002047287145269,0x5670fb7ddd986b14cf7ade131d67e3b484fe162c,2017-10-29T07:38:20.000Z,0.00000000205999999999,0xdcde00e24e44d0291c656d7ad16465289365ca03,sell,0x8a7b7b9b2f7d0c63f66171721339705a6188a7d5,0x8b42fded7bcdfe58c8e7c82b5b9855da9e3ecb1c4f7d2c1c50f965564aa2f5ff
336,493.93286458951627,0.000001037259015637,0x1fad03e039a94d98efe880c7eaa65be3a974be55,2017-10-29T07:09:16.000Z,0.00000000209999999999,0x65df448a6ea8fb4405872649c8bbce3c7369754c,sell,0x8a7b7b9b2f7d0c63f66171721339705a6188a7d5,0xa6022bca9cf006185423743527471baf7ddf5ca1044b6d283c0c4ef8b47c4e97
337,4954640.564697438,0.010404745185864619,0x1fad03e039a94d98efe880c7eaa65be3a974be55,2017-10-29T07:01:10.000Z,0.00000000209999999999,0x65df448a6ea8fb4405872649c8bbce3c7369754c,sell,0x8a7b7b9b2f7d0c63f66171721339705a6188a7d5,0x2247c40048d177b0920a53dd431300e04e52242d9ea3be32285e7d53e097d02e
338,3015452.098,0.007538630245,0xbb5bab0a7b4deae363d90cee87a2fcbe91e06c81,2017-10-29T06:41:16.000Z,0.0000000025,0x6afc2d3e5bda7402f3e6279692709be8f100006d,sell,0x8a7b7b9b2f7d0c63f66171721339705a6188a7d5,0x8ab327a4251e1d9525851b2e2ccbac6340dc15344b00a44c31d90256fe595ac9
339,4984547.901505333,0.012461369753763333,0xbb5bab0a7b4deae363d90cee87a2fcbe91e06c81,2017-10-29T06:38:46.000Z,0.00000000249999999999,0xa5842ec685bdef95bd05a53a833091f6677f8753,sell,0x8a7b7b9b2f7d0c63f66171721339705a6188a7d5,0xe5c2940d857fdb5b5da4ea8148e1d27c8063e5457d696cced8ca1346e56edf40
340,1003000.0000000003,0.003009000000000001,0xc9d56287b414e1aa0963016aa721b527f095fd9c,2017-10-29T06:17:55.000Z,0.000000003,0xb99f72a8b0d3a5025ab8b2ca534973497af42899,buy,0x8a7b7b9b2f7d0c63f66171721339705a6188a7d5,0xa2be41f5d97125d8b00a5cc128da1eebeb4b077318318ed430e17b096c4bdb40
341,1000000,0.02,0xf13178f89d55d02492dd070fdac85a38689f2dfa,2017-10-29T06:17:55.000Z,0.00000002,0xc9d56287b414e1aa0963016aa721b527f095fd9c,sell,0x8a7b7b9b2f7d0c63f66171721339705a6188a7d5,0xa2be41f5d97125d8b00a5cc128da1eebeb4b077318318ed430e17b096c4bdb40
342,4984547.901505333,0.011414614694447213,0x6c4abceb16c95785c332e79213e5f143ba4e33a3,2017-10-29T05:54:53.000Z,0.00000000228999999999,0x790711a93f4d37fbad248a87cf8938e7f76f1d64,sell,0x8a7b7b9b2f7d0c63f66171721339705a6188a7d5,0x469be1da0c0be6ef7704a7719f62b1a6107c70f05afd58d52d2e946b2e3df8c2
343,4984547.901505333,0.011414614694447213,0x6c4abceb16c95785c332e79213e5f143ba4e33a3,2017-10-29T05:07:46.000Z,0.00000000228999999999,0xdde2c69ebc3ab3b343c871f3e9c2a70e18700810,sell,0x8a7b7b9b2f7d0c63f66171721339705a6188a7d5,0xa656f716e7f7bd323633bc84d06030680e68a2a2c111647c25c0c2f71c73f244
344,9999420,0.031998144,0x7435527ef931b39bac806ad7b2207d3b8aab121c,2017-10-29T03:03:30.000Z,0.0000000032,0x13512137d004d3e8d919ced5f5f7119934917c11,buy,0x8a7b7b9b2f7d0c63f66171721339705a6188a7d5,0xb2dc5c8bfcf13b79cc2ac4af4ff1c168d3565754e5455c28e907e42064bd3689
345,5000000,0.015,0x7435527ef931b39bac806ad7b2207d3b8aab121c,2017-10-29T02:58:50.000Z,0.000000003,0x0fb16ded863bb8b319e92421ead6f30f49f8a9fc,buy,0x8a7b7b9b2f7d0c63f66171721339705a6188a7d5,0x6dc777e023438d803fa4ddb13f170a33e7f4d4857c434d6f34ac0305f5793845
346,5000000,0.015,0x7435527ef931b39bac806ad7b2207d3b8aab121c,2017-10-29T02:58:31.000Z,0.000000003,0x7974490ed9b0d4a7d119e0feafbd0ed4e9e79f43,buy,0x8a7b7b9b2f7d0c63f66171721339705a6188a7d5,0x477d8908e97b26ccf9fdcedb66018b6ff379c9179ced30503c95660e93c87205
347,4985000,0.011964,0x3421c555a64032f3bb56c0f1236138dc88ae4c7f,2017-10-29T01:13:25.000Z,0.0000000024,0x273a5d3e6721b9f5c1a6474f560c1334c63dda01,sell,0x8a7b7b9b2f7d0c63f66171721339705a6188a7d5,0x4ba7d017dff6c36858c60e9ff688ca0a2c059e0ba95e47a89a3c2c7b269731fc
348,5000000,0.01,0x273a5d3e6721b9f5c1a6474f560c1334c63dda01,2017-10-29T01:13:25.000Z,0.000000002,0x063781d0055782ed876f629da839e68a90639d2b,buy,0x8a7b7b9b2f7d0c63f66171721339705a6188a7d5,0x4ba7d017dff6c36858c60e9ff688ca0a2c059e0ba95e47a89a3c2c7b269731fc
349,5000000,0.01,0x273a5d3e6721b9f5c1a6474f560c1334c63dda01,2017-10-29T00:33:55.000Z,0.000000002,0xb66b371ce93cbc0a646f42ba64b759958436fb6f,buy,0x8a7b7b9b2f7d0c63f66171721339705a6188a7d5,0x59d4e3b70aece7ce57a7c7884ccc2b12c1f68010a63361c1985ae3d84b736968
350,4985000,0.01141565,0x6c4abceb16c95785c332e79213e5f143ba4e33a3,2017-10-29T00:33:55.000Z,0.00000000229,0x273a5d3e6721b9f5c1a6474f560c1334c63dda01,sell,0x8a7b7b9b2f7d0c63f66171721339705a6188a7d5,0x59d4e3b70aece7ce57a7c7884ccc2b12c1f68010a63361c1985ae3d84b736968
351,4984547.901505333,0.011414614694447213,0x6c4abceb16c95785c332e79213e5f143ba4e33a3,2017-10-28T22:58:22.000Z,0.00000000228999999999,0xbb71615f74a576a44c3e10c81af4fcb9511286c7,sell,0x8a7b7b9b2f7d0c63f66171721339705a6188a7d5,0xd971b00222624f2ea14f2fdfd08eebe5a6634360ba6b58b78280d281753bef99
352,4984547.901505333,0.01016847771907088,0x5670fb7ddd986b14cf7ade131d67e3b484fe162c,2017-10-28T21:36:06.000Z,0.00000000203999999999,0x9c87d761dce93fc8de514a729b660d9da9f7a5a8,sell,0x8a7b7b9b2f7d0c63f66171721339705a6188a7d5,0x95a5d61a23f9402f6afdef768068404603e9b2e56f6a64f0b264df45a3b29cc7
353,14953643.704516001,0.03050543315721264,0x5670fb7ddd986b14cf7ade131d67e3b484fe162c,2017-10-28T21:14:49.000Z,0.00000000203999999999,0x9b06ec3ff3f504f636a13ae244fab26b90e7e54e,sell,0x8a7b7b9b2f7d0c63f66171721339705a6188a7d5,0xdee4d08766ca047234e99bc5035c4c2367040cc0d9a6639910247a4571d3997c
354,145348.83720930232,0.0005,0x42c24a83bded723edfdf5883bc7efb30bc1a1bf3,2017-10-28T20:59:26.000Z,0.00000000344,0x6afc2d3e5bda7402f3e6279692709be8f100006d,buy,0x8a7b7b9b2f7d0c63f66171721339705a6188a7d5,0xcec9cc1f2bd47d18119cad2233451aa1be79b249c84a5071ecdb76a9c205b785
355,145348.83720930232,0.0005,0x16e5d97bbc92417e051e3b2cabfbf8ceea2acb9c,2017-10-28T20:57:54.000Z,0.00000000344,0x6afc2d3e5bda7402f3e6279692709be8f100006d,buy,0x8a7b7b9b2f7d0c63f66171721339705a6188a7d5,0xc8dd1e5b614f5efb3ab988bc6f752d4fce04e8c1976d69fc7a532ebb93ac5cc6
356,145348.83720930232,0.0005,0x379374d13077e8867ef31803c37baf9785a17c00,2017-10-28T20:55:56.000Z,0.00000000344,0x6afc2d3e5bda7402f3e6279692709be8f100006d,buy,0x8a7b7b9b2f7d0c63f66171721339705a6188a7d5,0x8afdeac8123bf9c434131ef7e94cc9e7298e27f34922da073d20fbd402c2e154
357,3500000,0.007,0x9f5360f3fc30501d9b5cd62caa7069a42ead1c8b,2017-10-28T20:42:36.000Z,0.000000002,0x85c1b055ca858ee180b3712617e1d874a296119a,buy,0x8a7b7b9b2f7d0c63f66171721339705a6188a7d5,0x027d37083be58cac43fc4b3c0b1660387e79377d58ec3179c3b017edcd2ec468
358,11110.999999999995,0.001234555555555555,0x6afc2d3e5bda7402f3e6279692709be8f100006d,2017-10-28T20:32:49.000Z,0.00000011111111111111,0xcd17ffc6fa721cbdec1dee5cee7b7643292699df,buy,0x8a7b7b9b2f7d0c63f66171721339705a6188a7d5,0xb942e04667526c2ad11e624728ee9ddf62aa2e5eae9d46f7eece00b65694ef48
