,amount,amountBase,buyer,date,price,seller,side,tokenAddr,txHash
0,4661.957794836008,0.007925328251221215,0xc46246109e03cb30d079ad3aca7768669614fecc,2017-11-02T17:36:20.000Z,0.00000169999999999999,0xa208e9964c06a66166dc2a42c71fc64e47b8ae32,sell,0x15f173b7aca7cd4a01d6f8360e65fb4491d270c1,0xcd6b6b1a8fbf1b35c01c3c0f8fd4022c3b3acf4be7661e667a905ba3299c7833
1,4246.356,0.0069003285,0x34f591f7369e00eb395c0ec8f0c7ee9ffab41fb1,2017-11-02T17:14:55.000Z,0.000001625,0xa208e9964c06a66166dc2a42c71fc64e47b8ae32,sell,0x15f173b7aca7cd4a01d6f8360e65fb4491d270c1,0x82e44fbcddafeb328d6f431e8d8cbe7fd363bcc19f8443998c71c40d0ab6ecbe
2,6046.356,0.0102788052,0xd493c2b10334b52c637f2e0f7cb00758d2619327,2017-11-02T16:51:21.000Z,0.0000017,0xa208e9964c06a66166dc2a42c71fc64e47b8ae32,sell,0x15f173b7aca7cd4a01d6f8360e65fb4491d270c1,0x368bd14011048d7e1fd42a32eeb46719dbb8183440d3212131f239e11f5c3b34
3,14953.643704516,0.0254211942976772,0xd493c2b10334b52c637f2e0f7cb00758d2619327,2017-11-02T16:33:21.000Z,0.00000169999999999999,0x46ac7111fdd8de01e461238fc6bb0749229db2d3,sell,0x15f173b7aca7cd4a01d6f8360e65fb4491d270c1,0x47923e3fe74249599e2b2191db5b37265baffd3c555eeba7a19fd852e8f25a4f
4,29907.287409032,0.04815073272854152,0x877c3d04c876fdd0b4c7ac991e5282ae70264fde,2017-11-02T16:05:42.000Z,0.00000160999999999999,0x67f5b5d5171b719b256bed3be30e5687a59f24d9,sell,0x15f173b7aca7cd4a01d6f8360e65fb4491d270c1,0xcf8c858f9717f81b0566fcde84530c6c8f87bfc4d390ef8b8cc57301d6c5b967
5,45.22678641346309,0.000135725586026802,0x658acdd5063fa27fe816f3923c7426a29cb2421b,2017-11-02T15:20:02.000Z,0.00000300099999999998,0x1d5321e125f6c7079a716705541c7b371ca79e69,sell,0x15f173b7aca7cd4a01d6f8360e65fb4491d270c1,0x75b9897b202d21706244a0c56e0675ff0155c6e94a01b888f8dc86d616dc62a8
6,45.36246677270348,0.000104333673577218,0x1d5321e125f6c7079a716705541c7b371ca79e69,2017-11-02T15:20:02.000Z,0.0000023,0x877c3d04c876fdd0b4c7ac991e5282ae70264fde,buy,0x15f173b7aca7cd4a01d6f8360e65fb4491d270c1,0x75b9897b202d21706244a0c56e0675ff0155c6e94a01b888f8dc86d616dc62a8
7,9969.095803010667,0.016050244242847175,0x877c3d04c876fdd0b4c7ac991e5282ae70264fde,2017-11-02T15:18:17.000Z,0.00000160999999999999,0x7ddc531a444635519f8c502b81864c765228b4af,sell,0x15f173b7aca7cd4a01d6f8360e65fb4491d270c1,0xd44bc7502e1b3668e55e28536b877160c6018954471d00a9ce0295bf5d1b3a76
8,14953.643704516,0.0242996710198385,0x34f591f7369e00eb395c0ec8f0c7ee9ffab41fb1,2017-11-02T15:10:24.000Z,0.00000162499999999999,0x77b8a84f3b6c47f9e1e474bce54f1c3213b8ca98,sell,0x15f173b7aca7cd4a01d6f8360e65fb4491d270c1,0x5053c798b54537287e50fb1596653d6a028d4f3fba401770eddff3eb2854ea48
9,46.217642556330574,0.000138699145311548,0x658acdd5063fa27fe816f3923c7426a29cb2421b,2017-11-02T15:08:33.000Z,0.00000300099999999999,0x1d5321e125f6c7079a716705541c7b371ca79e69,sell,0x15f173b7aca7cd4a01d6f8360e65fb4491d270c1,0x8ab6695e82124bedf47c74702860b590abfaf5576736caf4b89a6d01446bb8cc
10,46.35629548399957,0.000106619479613199,0x1d5321e125f6c7079a716705541c7b371ca79e69,2017-11-02T15:08:33.000Z,0.0000023,0x877c3d04c876fdd0b4c7ac991e5282ae70264fde,buy,0x15f173b7aca7cd4a01d6f8360e65fb4491d270c1,0x8ab6695e82124bedf47c74702860b590abfaf5576736caf4b89a6d01446bb8cc
11,9969.095803010667,0.016947462865118133,0x099df80d0cc06629dee6de6b0b721d62157539b7,2017-11-02T15:01:32.000Z,0.00000169999999999999,0xa154da02dcd375d942512263a178fdc9a73a7b53,sell,0x15f173b7aca7cd4a01d6f8360e65fb4491d270c1,0xb089b0142d4da4152320269156ae042b6a5c7e57c2cf974f8e0ccbf3050174b1
12,14953.643704516,0.02407536636427076,0x877c3d04c876fdd0b4c7ac991e5282ae70264fde,2017-11-02T14:45:56.000Z,0.00000160999999999999,0x497364f8966586b741587718d0600d3fcc2cf439,sell,0x15f173b7aca7cd4a01d6f8360e65fb4491d270c1,0xf4169becc4d792ffaa4b57425beb63721bf916b18afce3071d2d980222fc5d25
13,19908.284318612303,0.03205233775296581,0x877c3d04c876fdd0b4c7ac991e5282ae70264fde,2017-11-02T14:07:13.000Z,0.00000160999999999999,0x3ea19c19e3d98af9de024a2a52fb50bcdf2f93ef,sell,0x15f173b7aca7cd4a01d6f8360e65fb4491d270c1,0x5b8dd35206d24bd00c393c584a919adcc8879fba0b29fd37388b8f52c37938c1
14,10000,0.017,0x9f4864255b14e1515f0af13e395adbcd0f421b20,2017-11-02T14:03:12.000Z,0.0000017,0x3ea19c19e3d98af9de024a2a52fb50bcdf2f93ef,sell,0x15f173b7aca7cd4a01d6f8360e65fb4491d270c1,0x1e4d8dba272f23d8b2090ae65145b53e3527f0ba3d0c4184e9b024f5d84ab549
15,1500,0.00345,0xb3cd824b06c678b0137ec8e17c5264ef7add3d3a,2017-11-02T12:56:24.000Z,0.0000023,0x877c3d04c876fdd0b4c7ac991e5282ae70264fde,buy,0x15f173b7aca7cd4a01d6f8360e65fb4491d270c1,0x4ef84b072f2d8f0496971c2268b3e3aa74b4f8c46d7cba29698f1af055401061
16,14953.643704516,0.02407536636427076,0x877c3d04c876fdd0b4c7ac991e5282ae70264fde,2017-11-02T12:08:56.000Z,0.00000160999999999999,0x2e8de2867e9478f03b93eca1bf21f9c2ae77bc48,sell,0x15f173b7aca7cd4a01d6f8360e65fb4491d270c1,0xb0df85f9f1f03f7b114dc82744fb85e3d68e23e3b85cb3f264a8ab2cab063869
17,9717.403128793709,0.01564501903735787,0x877c3d04c876fdd0b4c7ac991e5282ae70264fde,2017-11-02T11:57:06.000Z,0.00000160999999999999,0xbfe98d88f70f79bc53acc547b2ab74599160d48f,sell,0x15f173b7aca7cd4a01d6f8360e65fb4491d270c1,0x6c1da7b70706dbdb8179a6f5223036f5883da178a62106173537ab6ff8f7ee82
18,5236.762633606213,0.009400533550637047,0x476d86cd1cb1c267e0a2bf76328eefd3ab0e40e2,2017-11-02T11:54:21.000Z,0.00000179510399999999,0xbfe98d88f70f79bc53acc547b2ab74599160d48f,sell,0x15f173b7aca7cd4a01d6f8360e65fb4491d270c1,0x238ddd26d6c810b963f54202e87a218260f29247f003796f97e539b2b398d4ef
19,178.57142857142858,0.0005,0x4fda9e6bcd83af6c5cc771b5d20accc2b7720074,2017-11-02T10:39:46.000Z,0.0000028,0xee4e9bb3a4c5e582ac230f96cc4febfafeed8ed0,buy,0x15f173b7aca7cd4a01d6f8360e65fb4491d270c1,0xad74a9b0bf25305b78e515adf86d2e9c0a27cf1a0045efeb8f957ea84ed764bb
20,11714.94990611727,0.02120405933007226,0x2bdc160ca80bc28f37d81b6d16e88201b74aa7b9,2017-11-02T10:19:36.000Z,0.00000181,0x1d828851050c968bd6e3697fc89995576017c35f,buy,0x15f173b7aca7cd4a01d6f8360e65fb4491d270c1,0x90633959d192ae4989785dade17f5f582a03d0370a01a794d959abeec96c77de
21,276.24309392265195,0.0005,0x3075f7f189912f4f425dd7021b9c396434197477,2017-11-02T10:13:52.000Z,0.00000181,0x1d828851050c968bd6e3697fc89995576017c35f,buy,0x15f173b7aca7cd4a01d6f8360e65fb4491d270c1,0x0b149a2fde8ba1486f09799baeb7abcd3b2d12819364a6d7c1dc9c47193c6284
22,3000,0.0054,0xd2c694cad1be93ede30b603b26e4c80028c89fbb,2017-11-02T10:06:34.000Z,0.0000018,0x1d828851050c968bd6e3697fc89995576017c35f,sell,0x15f173b7aca7cd4a01d6f8360e65fb4491d270c1,0x6210dabcb9de4ffb0048767f49e905f2181c87728f315134bdcaaf4bc2be5705
23,0.000399220993327624,0.000000000716643202,0x476d86cd1cb1c267e0a2bf76328eefd3ab0e40e2,2017-11-02T09:50:40.000Z,0.00000179510399998399,0x1d828851050c968bd6e3697fc89995576017c35f,sell,0x15f173b7aca7cd4a01d6f8360e65fb4491d270c1,0x12acbc58eb2f3e5b8050f828897c10bde188d3a78a11319aa0ca951cbb168999
24,14953.643704516,0.02407536636427076,0x877c3d04c876fdd0b4c7ac991e5282ae70264fde,2017-11-02T09:32:06.000Z,0.00000160999999999999,0x0424cd86b03a672ff4de33d01d23344b2305f641,sell,0x15f173b7aca7cd4a01d6f8360e65fb4491d270c1,0x8d805598cbccecaf51f343a6e64c15b4117b1c46bb0999d96cfbb4e91ac82449
25,14953.643704516,0.02684334562855149,0x476d86cd1cb1c267e0a2bf76328eefd3ab0e40e2,2017-11-02T08:44:19.000Z,0.00000179510399999999,0xbe66e1b6ef0aa6c7180c3b7d8d02665d8674b37e,sell,0x15f173b7aca7cd4a01d6f8360e65fb4491d270c1,0x61a0cec5d4eeb8c6403d8fcc05b13dc9dbf60e439beb893c94f22f0488fbde78
26,29907.287409032,0.05368669125710298,0x476d86cd1cb1c267e0a2bf76328eefd3ab0e40e2,2017-11-02T08:39:28.000Z,0.00000179510399999999,0x6fea04ab4465df2586c2e455e7220cc572dbb54f,sell,0x15f173b7aca7cd4a01d6f8360e65fb4491d270c1,0x6ac7959995ec9b6a1a675ccd2f8e611d23619381fcf714bb20a8c4dabd8ce2a0
27,44916.267109976776,0.08062937075418776,0x476d86cd1cb1c267e0a2bf76328eefd3ab0e40e2,2017-11-02T08:37:18.000Z,0.00000179510399999999,0x877c3d04c876fdd0b4c7ac991e5282ae70264fde,sell,0x15f173b7aca7cd4a01d6f8360e65fb4491d270c1,0x8b063283865ca6ffecb80c92dfdb6215dd327758e0ffb90ac6ca15ed9f5d79df
28,2000,0.0056,0xb3cd824b06c678b0137ec8e17c5264ef7add3d3a,2017-11-02T08:37:18.000Z,0.0000028,0xee4e9bb3a4c5e582ac230f96cc4febfafeed8ed0,buy,0x15f173b7aca7cd4a01d6f8360e65fb4491d270c1,0x10d18a66f8e6e8ad44265c76b9bf1d4e10d57a2b66082a43e03dc750ad385e0f
29,4986.038743648014,0.008950458092877525,0x476d86cd1cb1c267e0a2bf76328eefd3ab0e40e2,2017-11-02T08:32:44.000Z,0.00000179510399999999,0xe9700c452e3c1559d56bbe44c5c0d30f14ac70ff,sell,0x15f173b7aca7cd4a01d6f8360e65fb4491d270c1,0xb6a9aeb29ca3bbe9bd4710b1392925bf3c24081b252de0575e4f03896814121c
30,9969.095803010667,0.016947462865118133,0x877c3d04c876fdd0b4c7ac991e5282ae70264fde,2017-11-02T07:59:57.000Z,0.00000169999999999999,0xfe3c397ece39edac26c5b33387898158852a0818,sell,0x15f173b7aca7cd4a01d6f8360e65fb4491d270c1,0xa17fd4f49ca4936af19924c71b27c47c67eb53a88e0c37009318fee79413b44d
31,26000,0.0468,0x1932a822f0e7a33b4387926704a301759d0a4a58,2017-11-02T07:57:29.000Z,0.0000018,0x877c3d04c876fdd0b4c7ac991e5282ae70264fde,sell,0x15f173b7aca7cd4a01d6f8360e65fb4491d270c1,0x8a197a8dd1671e730fd67fabe6ecbbe8d6c7df52245f682dcb2f04d0c3427725
32,10000,0.0175,0x87983902d569e393bc1eca07b076df9dbcfb5ec7,2017-11-02T07:54:21.000Z,0.00000175,0x9d0f536dc95cde0486a8708e1af01a6e4a60e9b2,sell,0x15f173b7aca7cd4a01d6f8360e65fb4491d270c1,0x5adecca33d18a1f2b3cf83bcd433ae3ca3113161ebaefea18a503c251bba2a70
33,37754.4019165862,0.06418248325819653,0x877c3d04c876fdd0b4c7ac991e5282ae70264fde,2017-11-02T07:08:03.000Z,0.00000169999999999999,0x1e5d2feee346afe729c803839c222a3f4414bc9f,sell,0x15f173b7aca7cd4a01d6f8360e65fb4491d270c1,0x1c681f4b3f5e8f24c447b596ab95eb3c63c13a98d4feda779c156c70ed514abd
34,0.000232623861944426,0.000000000349168416,0x035392de57aa4fe343d86494103dbe1b068a56c6,2017-11-02T06:44:53.000Z,0.00000150099999665303,0x4113f551b23832fccd36602e11a12cc98aa7a374,sell,0x15f173b7aca7cd4a01d6f8360e65fb4491d270c1,0x58f0b9a896eea433fc0f51587600e6b39fffa657c5a758a2116fa15befa3b72c
35,2.3334499591645392,0.000003966864930579,0x877c3d04c876fdd0b4c7ac991e5282ae70264fde,2017-11-02T06:43:22.000Z,0.00000169999999999969,0x4113f551b23832fccd36602e11a12cc98aa7a374,sell,0x15f173b7aca7cd4a01d6f8360e65fb4491d270c1,0x4ae567045f6b718e61fdb0e742f8ee6af53f99b105d23868fc73d6ee4f897def
36,23406.836540379492,0.03979162211864514,0x877c3d04c876fdd0b4c7ac991e5282ae70264fde,2017-11-02T06:42:26.000Z,0.00000169999999999999,0x4113f551b23832fccd36602e11a12cc98aa7a374,sell,0x15f173b7aca7cd4a01d6f8360e65fb4491d270c1,0xb685e888bb8a9df4ad0ecc8462443f0ec0645f70d1e87dda163e6239a97392da
37,24900,0.053535,0x8bf7c4de9e17204228d4110e0995751c7d253642,2017-11-02T06:40:55.000Z,0.00000215,0x4113f551b23832fccd36602e11a12cc98aa7a374,sell,0x15f173b7aca7cd4a01d6f8360e65fb4491d270c1,0x244ea64a5951ff118493efb910b3d522697617f20a288e5bd26f97c2939ba4e0
38,18182.16594257801,0.037273440182284914,0x281c53f171a2257403b5b5a3a2ad4598274c5b8d,2017-11-02T06:40:55.000Z,0.00000204999999999999,0x4113f551b23832fccd36602e11a12cc98aa7a374,sell,0x15f173b7aca7cd4a01d6f8360e65fb4491d270c1,0x7fab51d7105c096ef4300440531a7525a0455641b4b479984851191161ec0851
39,48010.671717675206,0.11042454495065297,0x6009502524cc23d9861056a1d2b2f89603b14bbc,2017-11-02T06:37:30.000Z,0.00000229999999999999,0x4113f551b23832fccd36602e11a12cc98aa7a374,sell,0x15f173b7aca7cd4a01d6f8360e65fb4491d270c1,0x916786cddf77b9f70b91e98cc9d0447e13ba3f70504fd449dba3cd2534611e81
40,14953.643704516,0.0343933805203868,0x6009502524cc23d9861056a1d2b2f89603b14bbc,2017-11-02T06:31:31.000Z,0.00000229999999999999,0x2e62d93c97a5ef3be626320350c3434cb5957aca,sell,0x15f173b7aca7cd4a01d6f8360e65fb4491d270c1,0x891f6a24ffdeaa5e71de0f9a6725aed7fe58a4dbe9166a3222478288500222e7
41,10970.040873292792,0.025231094008573422,0x6009502524cc23d9861056a1d2b2f89603b14bbc,2017-11-02T06:09:22.000Z,0.00000229999999999999,0xde5d9fa7544c33985bfd421d36ae179f3f127aac,sell,0x15f173b7aca7cd4a01d6f8360e65fb4491d270c1,0x4d67fab5a4186ca3a47943b49ec8c1fb15b35f2415d0aa7afb89620e0413907f
42,3984,0.0101592,0xfdf7c01650ea64dae1496d7be373af4c060d13a7,2017-11-02T06:06:21.000Z,0.00000255,0xde5d9fa7544c33985bfd421d36ae179f3f127aac,sell,0x15f173b7aca7cd4a01d6f8360e65fb4491d270c1,0xad5f99eae55f2e994c3e8f6525dbb578977b586cce371527a7bb840fd17d27ea
43,16,0.0000408,0xfdf7c01650ea64dae1496d7be373af4c060d13a7,2017-11-02T05:31:03.000Z,0.00000255,0x877c3d04c876fdd0b4c7ac991e5282ae70264fde,sell,0x15f173b7aca7cd4a01d6f8360e65fb4491d270c1,0xbe6e387b272846e8cb7b79addad5450a86c8a2ed2b591721c4d54a1cfa97afd4
44,5139.068886451999,0.011305951550194397,0x2bdc160ca80bc28f37d81b6d16e88201b74aa7b9,2017-11-02T05:30:14.000Z,0.00000219999999999999,0x4113f551b23832fccd36602e11a12cc98aa7a374,sell,0x15f173b7aca7cd4a01d6f8360e65fb4491d270c1,0x84b4be756d99ec637599183e05434760e0ecd43551873e0dd99b774b74c446dd
45,14953.643704516,0.03738410926129,0xc85df2ab0e639741b3691010091ed1b2d14b6c96,2017-11-02T04:54:44.000Z,0.00000249999999999999,0xa47447e160aa47ceadc6f08e3be007afaf3f56d7,sell,0x15f173b7aca7cd4a01d6f8360e65fb4491d270c1,0x9d7cbf0d8ae884269a7c80da9b5ae864da9b7b49ec63df482f531607f275b32d
46,15000,0.04482,0xc05eb25915a202c6ac9f3d9c11ab4044b6c25326,2017-11-02T04:41:46.000Z,0.000002988,0x5a29aec11f14a739f8ab58edf5269ca12fb90080,buy,0x15f173b7aca7cd4a01d6f8360e65fb4491d270c1,0x316a4b1478b4c7762225133038380bbdc4b71f74a91271fa00a03f8c5090573f
47,18941.282025720266,0.047353205064300664,0xc85df2ab0e639741b3691010091ed1b2d14b6c96,2017-11-02T04:37:02.000Z,0.00000249999999999999,0x1932a822f0e7a33b4387926704a301759d0a4a58,sell,0x15f173b7aca7cd4a01d6f8360e65fb4491d270c1,0x7a6d9494cd6715586db98ee6a338a12ec67303aa2f47a4a716d5781fa62a3b29
48,13353.803210048849,0.03338450802512212,0xc85df2ab0e639741b3691010091ed1b2d14b6c96,2017-11-02T04:20:04.000Z,0.00000249999999999999,0xb679f745ce13422bfdab708175e4bb582026c604,sell,0x15f173b7aca7cd4a01d6f8360e65fb4491d270c1,0x3b8a0a2f221f2504abbedf845c48db5f08ca1b4ff874184db183a7b34df2fe1c
49,500,0.001275,0xcc1566bfa9adc2b8f64ddff7db8017c945f77830,2017-11-02T04:15:20.000Z,0.00000255,0xb679f745ce13422bfdab708175e4bb582026c604,sell,0x15f173b7aca7cd4a01d6f8360e65fb4491d270c1,0xef32017c32aec1794e27252b26e29fb224dec4edda44345f6a0bf15fa4d275ae
50,500,0.001275,0xcc1566bfa9adc2b8f64ddff7db8017c945f77830,2017-11-02T04:08:59.000Z,0.00000255,0xb679f745ce13422bfdab708175e4bb582026c604,sell,0x15f173b7aca7cd4a01d6f8360e65fb4491d270c1,0x85c07469dc382a1c03e69cb7839332ff864fbbc06564c76b08cc701ac514839a
51,600,0.00153,0xcc1566bfa9adc2b8f64ddff7db8017c945f77830,2017-11-02T04:03:14.000Z,0.00000255,0xb679f745ce13422bfdab708175e4bb582026c604,sell,0x15f173b7aca7cd4a01d6f8360e65fb4491d270c1,0x4399d1330b061030347975fdabf282e76a58fab6b8d93aa5ea33a8ba02f540c9
52,14953.643704516,0.03738410926129,0xc85df2ab0e639741b3691010091ed1b2d14b6c96,2017-11-02T03:56:23.000Z,0.00000249999999999999,0xe2d02c104e9e25f7535a7959b831983ad6a33769,sell,0x15f173b7aca7cd4a01d6f8360e65fb4491d270c1,0x96e662c320952a39e743ea1c2978a0ccb361940d684db507542f96aa4abca11e
53,168878.28082181318,0.42219570205453294,0xc85df2ab0e639741b3691010091ed1b2d14b6c96,2017-11-02T03:54:09.000Z,0.00000249999999999999,0x877c3d04c876fdd0b4c7ac991e5282ae70264fde,sell,0x15f173b7aca7cd4a01d6f8360e65fb4491d270c1,0x82a2e2e2232b978c1e2b7f3f3d3200f82219c6f32c408a7fab8ba15ffc4c8292
54,128430.8,0.321077,0xc85df2ab0e639741b3691010091ed1b2d14b6c96,2017-11-02T03:51:59.000Z,0.0000025,0x2bdee72e3586cf2324303df7ea35ffc9cc6ae599,sell,0x15f173b7aca7cd4a01d6f8360e65fb4491d270c1,0x6315c682ed06893b00ad0cd235aa16eb00b9b43930882bb49ab8eed8915333d5
55,500,0.001275,0xcc1566bfa9adc2b8f64ddff7db8017c945f77830,2017-11-02T03:50:14.000Z,0.00000255,0x2bdee72e3586cf2324303df7ea35ffc9cc6ae599,sell,0x15f173b7aca7cd4a01d6f8360e65fb4491d270c1,0xf008a2b14942a099c35e7a780d039122428c69f0300359e599d82218343a285a
56,900,0.002295,0xcc1566bfa9adc2b8f64ddff7db8017c945f77830,2017-11-02T03:49:59.000Z,0.00000255,0x2bdee72e3586cf2324303df7ea35ffc9cc6ae599,sell,0x15f173b7aca7cd4a01d6f8360e65fb4491d270c1,0x470c5f4c65ca015ac458b1efa2a36ac4ae7d2b61a6524b44459540da20ac5fae
57,14953.643704516,0.03738410926129,0xc85df2ab0e639741b3691010091ed1b2d14b6c96,2017-11-02T03:46:14.000Z,0.00000249999999999999,0x0761e0d183ed3601a1ba67ad1de74febb8d1a859,sell,0x15f173b7aca7cd4a01d6f8360e65fb4491d270c1,0x5b23fb4612dc2c696630ed2f2cdc072afe73cf42277ff3aae9fbe746bace4ba2
58,14953.643704516,0.037399062904994514,0x543a235a9515b2b10489bccd1a0287f34df5848c,2017-11-02T03:38:47.000Z,0.00000250099999999999,0x5a2cb8072702910e232b08c7ed712bb1d96320d6,sell,0x15f173b7aca7cd4a01d6f8360e65fb4491d270c1,0xcff459f71ce55fe9e0cd2e9f25fcd2ec7295e6dfc925e775f86dff7505093c26
59,26918.049594239652,0.06729512398559913,0xc85df2ab0e639741b3691010091ed1b2d14b6c96,2017-11-02T03:27:43.000Z,0.00000249999999999999,0x9664ed0820a10e95851480b9821532994b7bd9d1,sell,0x15f173b7aca7cd4a01d6f8360e65fb4491d270c1,0xa254db68bff4351449eb1904f5845b3564fa56e882fb486e9218f6085c7fd188
60,15000,0.039,0xd26c0059f2eaf35d0cd3389be87e2f715c21e02f,2017-11-02T03:15:35.000Z,0.0000026,0x2bdee72e3586cf2324303df7ea35ffc9cc6ae599,sell,0x15f173b7aca7cd4a01d6f8360e65fb4491d270c1,0xafa501dc9d2b586b340c7f8d9ec15cf6083fdae090706c9992d2d2e9c2aef2a1
61,40000,0.1,0xc85df2ab0e639741b3691010091ed1b2d14b6c96,2017-11-02T03:00:47.000Z,0.0000025,0x2bdee72e3586cf2324303df7ea35ffc9cc6ae599,sell,0x15f173b7aca7cd4a01d6f8360e65fb4491d270c1,0x587a2b204af652a9ff537ac800e71baaa3495d167174fe5eb2c80829bf492ae4
62,10000,0.03049,0x562e5571d5bfea2e965330474af67136e7fda71c,2017-11-02T02:12:16.000Z,0.000003049,0x543a235a9515b2b10489bccd1a0287f34df5848c,buy,0x15f173b7aca7cd4a01d6f8360e65fb4491d270c1,0x78c5b627e14729c63286ba5b6cdf480a1375325387bd885055eedc6e29088227
63,2.0285008730682774,0.000004769005552583,0xd17e01f38f53060a7c09e94bccf87f7040acfc7d,2017-11-02T00:41:16.000Z,0.00000235099999999974,0xde2d2e7eb340e4a1b9855bfe96156b4a2d023ab3,sell,0x15f173b7aca7cd4a01d6f8360e65fb4491d270c1,0x3e6d7e9e53deb37b7ee2150a811e424d863dc8b2df2465a0a7364653ff42b0ad
64,0.5395245178242623,0.000001645549779364,0xde2d2e7eb340e4a1b9855bfe96156b4a2d023ab3,2017-11-02T00:38:52.000Z,0.00000305,0xb4066e3f167a4e5b7b97cca2b163ee396cfd0a1d,buy,0x15f173b7aca7cd4a01d6f8360e65fb4491d270c1,0xf9930f3b620a5fd349003dc16927239532396ffc27439681d8b6f8e4b76d0a38
65,14953.643704516,0.035156016349317115,0xd17e01f38f53060a7c09e94bccf87f7040acfc7d,2017-11-02T00:34:26.000Z,0.00000235099999999999,0x072443756c449f55595679a6e7c52a7d79e14b6f,sell,0x15f173b7aca7cd4a01d6f8360e65fb4491d270c1,0xabbe51c3186b9ba12776970ff9bf07ad480c32096a2a84cad5043e8ec3d70e1f
66,14952.647079505266,0.03515367328391688,0xd17e01f38f53060a7c09e94bccf87f7040acfc7d,2017-11-02T00:14:23.000Z,0.00000235099999999999,0xde2d2e7eb340e4a1b9855bfe96156b4a2d023ab3,sell,0x15f173b7aca7cd4a01d6f8360e65fb4491d270c1,0x5be579c888cef356610543424166874a9a950472542e01d63666df9bcaae1488
67,4954.640614096302,0.011648360083740403,0xd17e01f38f53060a7c09e94bccf87f7040acfc7d,2017-11-01T23:59:08.000Z,0.00000235099999999999,0x5e173c0c4a9717254992ecc4915e88d85b47c1e8,sell,0x15f173b7aca7cd4a01d6f8360e65fb4491d270c1,0x2c70bda889043141bc47002759dd184966e7492b1eba91ba5ecb662b89022fcb
68,10000,0.02352,0x04afa82cdb324b7879f268d818651d25fbae4662,2017-11-01T23:52:15.000Z,0.000002352,0x5e173c0c4a9717254992ecc4915e88d85b47c1e8,sell,0x15f173b7aca7cd4a01d6f8360e65fb4491d270c1,0x90de284649050d46f31a09f7e765da609aa81d4b030f5be182740a528d50bc21
69,15000,0.046845,0x565082e07c6b7799872dcbc27b36be7762bd5a39,2017-11-01T23:36:14.000Z,0.000003123,0x18d75ed5cdd83c97a5d7d318435c2ad017d0c42e,buy,0x15f173b7aca7cd4a01d6f8360e65fb4491d270c1,0xa30b31d67c7d942f39fe824f98cb9028086be0b7a822e387dfabd878af1f60f6
70,0.4862320741083993,0.000001143131606228,0xd17e01f38f53060a7c09e94bccf87f7040acfc7d,2017-11-01T23:20:14.000Z,0.00000235099999999825,0x79d91989240690400a136b2e73daf5c60c144351,sell,0x15f173b7aca7cd4a01d6f8360e65fb4491d270c1,0x1ddfacdad3fd10a5a83feb7be911c81a263c5e704ddbf8fd469f8d7bab709a62
71,4877.393935381354,0.011466753142081561,0xd17e01f38f53060a7c09e94bccf87f7040acfc7d,2017-11-01T23:18:15.000Z,0.00000235099999999999,0x79d91989240690400a136b2e73daf5c60c144351,sell,0x15f173b7aca7cd4a01d6f8360e65fb4491d270c1,0xbc3f93892559c96754ddca37ecc2ecc5b36380e9bd04dfe63193552d30c79b4a
72,5092.209514874341,0.01197687677898445,0x04afa82cdb324b7879f268d818651d25fbae4662,2017-11-01T23:16:03.000Z,0.00000235199999999999,0x79d91989240690400a136b2e73daf5c60c144351,sell,0x15f173b7aca7cd4a01d6f8360e65fb4491d270c1,0x6a5028b2c59bbf53edfe84d9285eedb8e4dbfa079e5c2540c638e38dbd833eec
73,9907.790485125659,0.023303123221015548,0x04afa82cdb324b7879f268d818651d25fbae4662,2017-11-01T23:10:29.000Z,0.00000235199999999999,0x81309cf8d17fbf47477058d47be2799833f8ca41,sell,0x15f173b7aca7cd4a01d6f8360e65fb4491d270c1,0xbecfec80ca5bb7cead9fe91620cf70768685ce452838fd2dad70f7ea927e30de
74,5046.356295484,0.012615890738709999,0x543a235a9515b2b10489bccd1a0287f34df5848c,2017-11-01T22:23:52.000Z,0.00000249999999999999,0x81309cf8d17fbf47477058d47be2799833f8ca41,sell,0x15f173b7aca7cd4a01d6f8360e65fb4491d270c1,0x49b9676db79ce72d01ae25c3823dd87df4efe3d7683417515e713592a204a142
75,14953.643704516,0.03738410926129,0x543a235a9515b2b10489bccd1a0287f34df5848c,2017-11-01T22:09:00.000Z,0.00000249999999999999,0x03d54c2a3717df29b22bcc41f30c02e72f32b23c,sell,0x15f173b7aca7cd4a01d6f8360e65fb4491d270c1,0x2f09ec3d88835a6a207f1c4d873ea84f8f7e531f03d5b3ddcb0172c606f2a253
76,14953.643704516,0.0366364270760642,0x46775b2583502dbe0f594c725c5944543f19682b,2017-11-01T22:02:08.000Z,0.00000244999999999999,0xc8c639d89fc242199ebad8d54829c5637dcdf63b,sell,0x15f173b7aca7cd4a01d6f8360e65fb4491d270c1,0xa77a45304ec3f0bee05b88fbf3ca636d710f33272272c35f89fe7d73a88d8689
77,4402.699,0.0145289067,0x35a5ea3c2cd618363b5bd6f02155f18320b6341d,2017-11-01T21:52:07.000Z,0.0000033,0x9664ed0820a10e95851480b9821532994b7bd9d1,buy,0x15f173b7aca7cd4a01d6f8360e65fb4491d270c1,0x47fd6d3787b00064a3ae0f54657fe83aa2c9c0aa36cadce332b2272f4c2f390e
78,14953.643704516,0.036651380719768714,0xafc092e6fdd10f28d93abd00d1e427effdaad39c,2017-11-01T21:18:22.000Z,0.00000245099999999999,0x713668776b837ada605f815d2817008cbafcfe0f,sell,0x15f173b7aca7cd4a01d6f8360e65fb4491d270c1,0x3a98a1c30adf733027fe284b7bb3c591db75aa627048a3bf6085914b3a245617
79,13597.300816388657,0.04487109269408257,0xd77148403bd66fd819571b443f17d5fcd2a17fb4,2017-11-01T21:10:59.000Z,0.0000033,0x9664ed0820a10e95851480b9821532994b7bd9d1,buy,0x15f173b7aca7cd4a01d6f8360e65fb4491d270c1,0x9c1004e2dec0eac13c2b3b3b7733b98e80836ff7f8f9fb1c417dcf459a13f458
80,25489.07585452397,0.10193081434224135,0xd77148403bd66fd819571b443f17d5fcd2a17fb4,2017-11-01T21:07:15.000Z,0.000003999,0x4e61303947c87dc677187ac5f72c71e24c02b861,buy,0x15f173b7aca7cd4a01d6f8360e65fb4491d270c1,0x424a8e90242437fa6fa49eb9329fba4478a79cadc4dc5a6acf39c7492d4badde
81,75000,0.29985,0xd77148403bd66fd819571b443f17d5fcd2a17fb4,2017-11-01T21:07:00.000Z,0.000003998,0xbb99248a99566f835526be70cfbd07476a0b1b29,buy,0x15f173b7aca7cd4a01d6f8360e65fb4491d270c1,0xfda02a2424f7ce752609785ec473e44390180e7c8951ca439cf72ec8445332e8
82,15000,0.055485,0xd77148403bd66fd819571b443f17d5fcd2a17fb4,2017-11-01T21:06:57.000Z,0.000003699,0x191ae1095ee1d048aa34c92cd5dbc96fd932614b,buy,0x15f173b7aca7cd4a01d6f8360e65fb4491d270c1,0xdbfc1acfc9d1ec4c07b898a3ee54e1723889b8812c787aff5b89614e60705c9a
83,15000,0.0555,0xd77148403bd66fd819571b443f17d5fcd2a17fb4,2017-11-01T21:06:57.000Z,0.0000037,0xbe66e1b6ef0aa6c7180c3b7d8d02665d8674b37e,buy,0x15f173b7aca7cd4a01d6f8360e65fb4491d270c1,0x9f9526dc8d22cbbd3374b2b425b6472deb7b53223a9bf84bb98cd36c15a76715
84,9346.40414785044,0.03456300253875093,0xd77148403bd66fd819571b443f17d5fcd2a17fb4,2017-11-01T21:06:37.000Z,0.000003698,0x36ffbbce85fe7702aa817e71006cf7773611f7b4,buy,0x15f173b7aca7cd4a01d6f8360e65fb4491d270c1,0x5f7f22ac810e3cc950bffafebf2f044ea8fa798c7240cf6a18ed73bc04bb1b24
85,5653.5958521495595,0.02090699746124907,0xfdf7c01650ea64dae1496d7be373af4c060d13a7,2017-11-01T21:01:41.000Z,0.000003698,0x36ffbbce85fe7702aa817e71006cf7773611f7b4,buy,0x15f173b7aca7cd4a01d6f8360e65fb4491d270c1,0xbeb5cdb4f33f52020d6deed569462bac234a3171b2e7ec3d6c3abb06f35fd576
86,14953.643704516,0.0366364270760642,0x46775b2583502dbe0f594c725c5944543f19682b,2017-11-01T20:48:48.000Z,0.00000244999999999999,0x0438ab50790e80e2d4e3ed8f810aa05265c49c63,sell,0x15f173b7aca7cd4a01d6f8360e65fb4491d270c1,0xc57d886fe18d61afd3a91e855488a06bb6455fe0256aaadd6baad29d08552f28
87,14953.643729503501,0.03663642713728358,0x46775b2583502dbe0f594c725c5944543f19682b,2017-11-01T20:29:56.000Z,0.00000244999999999999,0x3b3adc072eb0d890d7ac2909b65c88503386fc51,sell,0x15f173b7aca7cd4a01d6f8360e65fb4491d270c1,0x53bafb42d8fc1971f3434f8ccc3864baaf836d3a51a45a0682224fa038fec07c
88,0.25064962716863737,0.000000614091586563,0x46775b2583502dbe0f594c725c5944543f19682b,2017-11-01T20:28:39.000Z,0.00000244999999999935,0x3b3adc072eb0d890d7ac2909b65c88503386fc51,sell,0x15f173b7aca7cd4a01d6f8360e65fb4491d270c1,0xce317156d57363ac1b9a298a53e2082809ac6a56e5ee5afa1b606885b3975e9f
89,1.4907430669440733,0.000002981486133888,0x54695b61c0d052643419769dc5da436674b9dd1e,2017-11-01T19:48:42.000Z,0.0000019999999999999,0x59b53cc87248defb36b600a0895372dd7908813b,sell,0x15f173b7aca7cd4a01d6f8360e65fb4491d270c1,0xd1fc25edd02c6253cd14fd9a11a0f865bcb14af7f48f0a52737b7cd1dbe8b5ba
90,14953.643704516,0.0366364270760642,0x46775b2583502dbe0f594c725c5944543f19682b,2017-11-01T19:46:26.000Z,0.00000244999999999999,0x5c30fa7660e441559f54606a8b190d0686ce273b,sell,0x15f173b7aca7cd4a01d6f8360e65fb4491d270c1,0xe464e0c52d3279820d609002178f87ac3bde70a56e1b410e311073699e4f4358
91,14953.643704516,0.03738410926129,0x04afa82cdb324b7879f268d818651d25fbae4662,2017-11-01T19:45:15.000Z,0.00000249999999999999,0x59b53cc87248defb36b600a0895372dd7908813b,sell,0x15f173b7aca7cd4a01d6f8360e65fb4491d270c1,0xbe8395b235462e7ad62bc8f4e3c0c223509aff4e1220957b7aca8d6aa2b7ba70
92,2.972272105223315,0.00000698781171938,0xd17e01f38f53060a7c09e94bccf87f7040acfc7d,2017-11-01T19:44:52.000Z,0.00000235099999999999,0x1b6572f89d7d320e044b0a218e3c68c8198c2c40,sell,0x15f173b7aca7cd4a01d6f8360e65fb4491d270c1,0xd0e8021653cc3bf03501e3fe3c15a1a40c9c7f0c5fefc44204763656a5216d88
93,29814.861487495073,0.07304641064436293,0x46775b2583502dbe0f594c725c5944543f19682b,2017-11-01T19:39:24.000Z,0.00000244999999999999,0x1b6572f89d7d320e044b0a218e3c68c8198c2c40,sell,0x15f173b7aca7cd4a01d6f8360e65fb4491d270c1,0x4f4ab2581729fe123c519c0d890494cfc4e80365c2bf1ba60c95678ce560fd05
94,2990.7287409032,0.00732728541521284,0x46775b2583502dbe0f594c725c5944543f19682b,2017-11-01T19:37:58.000Z,0.00000244999999999999,0x94052f864f5d6c61d13002ccb6c9571f478c84c6,sell,0x15f173b7aca7cd4a01d6f8360e65fb4491d270c1,0xc06e8c9ccbb2f95d56ea071e87ceb3e4f52a9827fe650e3cf419852e39cf0dd0
95,35046.356,0.08761589,0x6009502524cc23d9861056a1d2b2f89603b14bbc,2017-11-01T19:29:17.000Z,0.0000025,0xa58b86d35673528cbe026024818b056311ae18f3,sell,0x15f173b7aca7cd4a01d6f8360e65fb4491d270c1,0xfaa7f72dbd552311be634f66d4afe666d8e4901ad2d201848f9b996df60ff042
96,14953.643704516,0.03738410926129,0x6009502524cc23d9861056a1d2b2f89603b14bbc,2017-11-01T19:24:26.000Z,0.00000249999999999999,0x5b126544e8ff000180d5f6adeb706c3bce05e36d,sell,0x15f173b7aca7cd4a01d6f8360e65fb4491d270c1,0xef0c815b4181173a85ee8300aa89a32fb86c688646d6bac70174aab065407b60
97,1.48,0.000003626,0x46775b2583502dbe0f594c725c5944543f19682b,2017-11-01T18:48:32.000Z,0.00000245,0xcf1b128aa69c1c59b88d9c76d3a8d2aab942b2a1,sell,0x15f173b7aca7cd4a01d6f8360e65fb4491d270c1,0x495841d3c1530841c7edf1a694f75e2d1ef3814d483745ad839b3fecabfb5f6e
98,29907.287409032,0.0732728541521284,0x46775b2583502dbe0f594c725c5944543f19682b,2017-11-01T18:47:59.000Z,0.00000244999999999999,0x24dd6d5630ecdd69490a886d423eb6a1369838e9,sell,0x15f173b7aca7cd4a01d6f8360e65fb4491d270c1,0xd0dcc3693b59cdb1dc397511acf7b110d9a53d137c0ceec45046fcd882a0ffb0
99,14953.643704516,0.0366364270760642,0x46775b2583502dbe0f594c725c5944543f19682b,2017-11-01T18:47:02.000Z,0.00000244999999999999,0xcf1b128aa69c1c59b88d9c76d3a8d2aab942b2a1,sell,0x15f173b7aca7cd4a01d6f8360e65fb4491d270c1,0x72b3df3893458894ccc2871e619486f0b8b00711667a4b9d05dff64b0863a9b8
100,4824.409010515959,0.018091533789434847,0xfdf7c01650ea64dae1496d7be373af4c060d13a7,2017-11-01T18:11:59.000Z,0.00000375,0xb417fc8781bfd509b91c6360493535512b133481,buy,0x15f173b7aca7cd4a01d6f8360e65fb4491d270c1,0x28765b10e16ddeb98c501efb5e67cec21381c7f544183fd9d0fa7b7a288fcec1
101,191400,0.7634946,0x2b6945eeee52afb948216bab103932e92024bde2,2017-11-01T17:59:02.000Z,0.000003989,0xca580e8b9ac145063b82b677d5040fd68d335434,buy,0x15f173b7aca7cd4a01d6f8360e65fb4491d270c1,0xff91f078f75717bcca3bc97936789ddd9aea53cd55d4fdfc907735e342db303f
102,10799.182,0.0345573824,0x2b6945eeee52afb948216bab103932e92024bde2,2017-11-01T17:58:52.000Z,0.0000032,0x8bf7c4de9e17204228d4110e0995751c7d253642,buy,0x15f173b7aca7cd4a01d6f8360e65fb4491d270c1,0x426b66498c33d80a8c05b46b16550c47cc5d3d30e96bc8754d4afc4ecea54b4f
103,15000,0.052335,0x2b6945eeee52afb948216bab103932e92024bde2,2017-11-01T17:53:05.000Z,0.000003489,0x5634fc9a8194fa713558d8962ff7c3d2be45bb2a,buy,0x15f173b7aca7cd4a01d6f8360e65fb4491d270c1,0x31544b75711d11fee8e5fc2eebdacb9c5378613d782917a1ed7693dccdeb5883
104,10000,0.035,0x2b6945eeee52afb948216bab103932e92024bde2,2017-11-01T17:53:05.000Z,0.0000035,0x543a235a9515b2b10489bccd1a0287f34df5848c,buy,0x15f173b7aca7cd4a01d6f8360e65fb4491d270c1,0x8d7a609fa9c1654daa3aefd340ab42d2b14e9572b8923caf850aad7ffc0cf149
105,15000,0.050985,0x2b6945eeee52afb948216bab103932e92024bde2,2017-11-01T17:53:05.000Z,0.000003399,0xab6ca62d78a82bc55cd0a0a1f967f15d47ac4725,buy,0x15f173b7aca7cd4a01d6f8360e65fb4491d270c1,0x9df76437d82ad99516d32d1149db6fdd3070c92f20926a288ee67dd7de3135c0
106,14953.643704516,0.0343933805203868,0x6009502524cc23d9861056a1d2b2f89603b14bbc,2017-11-01T17:53:05.000Z,0.00000229999999999999,0x64ede2db96373b2b64e0a6c8d2adb4ec12422d1e,sell,0x15f173b7aca7cd4a01d6f8360e65fb4491d270c1,0x3e50945584ca6a8511e0b5a832e7c978be19791084385786aa669572ee64ce99
107,5810.817872158807,0.018594617190908182,0x945663a6f26180ea6fdd3e88ecc5ebb84dddd3f6,2017-11-01T17:49:37.000Z,0.0000032,0x8bf7c4de9e17204228d4110e0995751c7d253642,buy,0x15f173b7aca7cd4a01d6f8360e65fb4491d270c1,0x258e917a952aa867ceb9fe36d2c9cd5c59b4ee74fbfba8501ba07b4f1db127fb
108,14666.666666666666,0.044,0x2b6945eeee52afb948216bab103932e92024bde2,2017-11-01T17:46:59.000Z,0.000003,0x95f3a5f945e749c6aaa54e0ce48c4df8b5ac0451,buy,0x15f173b7aca7cd4a01d6f8360e65fb4491d270c1,0x844267a9ba63bba2ec421f2b65b376011f08a2bdfdf1d63f9beaad5921a63eda
109,15000,0.04335,0x945663a6f26180ea6fdd3e88ecc5ebb84dddd3f6,2017-11-01T17:44:14.000Z,0.00000289,0xf0aefa85604bedca16137db4ecb026709a2ba2a9,buy,0x15f173b7aca7cd4a01d6f8360e65fb4491d270c1,0x082cf9e8de19b2e1196bf0a9d79a225110298d4cebc2091f2b9001f40936a790
110,60000,0.18,0x945663a6f26180ea6fdd3e88ecc5ebb84dddd3f6,2017-11-01T17:41:58.000Z,0.000003,0x5a688b5ec3dedb3f2798fbe8ec258c1e7a7f18ab,buy,0x15f173b7aca7cd4a01d6f8360e65fb4491d270c1,0xc51ee9b13c7fb2bc562f2b2c651d4d26c1ef6e266a39c1cdcf5eaacabc564928
111,10000,0.03,0x945663a6f26180ea6fdd3e88ecc5ebb84dddd3f6,2017-11-01T17:41:51.000Z,0.000003,0x7bfd658356246d6ac3aa4131ebde25f576990362,buy,0x15f173b7aca7cd4a01d6f8360e65fb4491d270c1,0x1425c7d508f45eef61af738c9c17cca79af74b22c5bfbbdaac4ea8be91390bd8
112,8000,0.0232,0x2b6945eeee52afb948216bab103932e92024bde2,2017-11-01T17:40:38.000Z,0.0000029,0xb417fc8781bfd509b91c6360493535512b133481,buy,0x15f173b7aca7cd4a01d6f8360e65fb4491d270c1,0x7fba2a612601ef9bc2bffcb599032d6c419324c4b0d4268caa7128273e67d1e4
113,15000,0.044985,0x945663a6f26180ea6fdd3e88ecc5ebb84dddd3f6,2017-11-01T17:40:22.000Z,0.000002999,0x17516f6889f8f29f9f129f0a639a2229f5c15007,buy,0x15f173b7aca7cd4a01d6f8360e65fb4491d270c1,0x1e7515978fa46de77fe211864ba11f550de6e7ac3919ebbc53e0f200fc2b8fe9
114,8916,0.0249648,0x945663a6f26180ea6fdd3e88ecc5ebb84dddd3f6,2017-11-01T17:39:25.000Z,0.0000028,0x750d586a03ac8b47f582523339f82aa6e8ffeb7d,buy,0x15f173b7aca7cd4a01d6f8360e65fb4491d270c1,0x191ab89db6c00041e478c5b540c6cebada54270bb739d71d7f86b6fde719f1e3
115,8000,0.02224,0x945663a6f26180ea6fdd3e88ecc5ebb84dddd3f6,2017-11-01T17:38:40.000Z,0.00000278,0xd560a76bc5ea466fe45e86e7be703dce1ec2501b,buy,0x15f173b7aca7cd4a01d6f8360e65fb4491d270c1,0x7a4cf1fbe54098c06d5cdc375c0ccf9b0435a7c8d082af8a530101a9604e94b3
116,10000,0.02789,0x2b6945eeee52afb948216bab103932e92024bde2,2017-11-01T17:37:01.000Z,0.000002789,0x07d5103d86f09d09746bee0f9da9d7206aaa563e,buy,0x15f173b7aca7cd4a01d6f8360e65fb4491d270c1,0x7349c8d04d82b66a5518ff9d3cf6faee3766edacb17224a71ab2e173dbe3472f
117,7000,0.019516,0xab45233b06b1d1f452901661f6a931c9da663cc0,2017-11-01T17:34:14.000Z,0.000002788,0xc9c3f8f2c602b9de1bb461c3b93d5126a4e6b12b,buy,0x15f173b7aca7cd4a01d6f8360e65fb4491d270c1,0xe1d8c15f6b332b6ea86b8f7deb6b7be66c5e73b18d62a9c2ccf26131c638dce9
118,1.4907430669440733,0.000003324357039285,0x46775b2583502dbe0f594c725c5944543f19682b,2017-11-01T17:28:12.000Z,0.0000022299999999998,0x9bdbeb5f6e59dd471bc296b97266d3ee634b7c7e,sell,0x15f173b7aca7cd4a01d6f8360e65fb4491d270c1,0x446e992156bc4ba66cbe43fdf6fdd4cb851ef41a3de55abca0095144a4f855f5
119,12000,0.033,0x945663a6f26180ea6fdd3e88ecc5ebb84dddd3f6,2017-11-01T17:26:18.000Z,0.00000275,0xb417fc8781bfd509b91c6360493535512b133481,buy,0x15f173b7aca7cd4a01d6f8360e65fb4491d270c1,0x8f398cb81ee2397334baa8ac21e19a3fa8a7a65d70fd4a80903c48deb5a9d039
120,15000,0.04116,0x945663a6f26180ea6fdd3e88ecc5ebb84dddd3f6,2017-11-01T17:24:43.000Z,0.000002744,0xb1dc1e7675ded0f5185f2e005287ca8d6cb03906,buy,0x15f173b7aca7cd4a01d6f8360e65fb4491d270c1,0x38e08a837c25d3830a3b2e8bdf4bea6464ef82a4f1a720f6ae4699dd4826667d
121,14953.643704516,0.03334662546107068,0x46775b2583502dbe0f594c725c5944543f19682b,2017-11-01T17:24:02.000Z,0.00000222999999999999,0x9bdbeb5f6e59dd471bc296b97266d3ee634b7c7e,sell,0x15f173b7aca7cd4a01d6f8360e65fb4491d270c1,0xb3efc9e8c68298ea13dc21b0e2ea4ca363ae09b0fc11520bad5d4a6975e7dece
122,14953.643704516,0.03334662546107068,0x46775b2583502dbe0f594c725c5944543f19682b,2017-11-01T17:22:11.000Z,0.00000222999999999999,0x30d4d73e9265bd8d6649c218f7833e5a560adec6,sell,0x15f173b7aca7cd4a01d6f8360e65fb4491d270c1,0x423d821c420b5d4fbd3707ec4e9548b01cbcb42ef0c1d3c1c16aae547d429986
123,14953.643704516,0.0328980161499352,0x2bdc160ca80bc28f37d81b6d16e88201b74aa7b9,2017-11-01T17:16:59.000Z,0.00000219999999999999,0x2328ed22d540735e724571865d413464fc87b91a,sell,0x15f173b7aca7cd4a01d6f8360e65fb4491d270c1,0x95718181a994fdee21586683888da737029caa9c36204b3741bb4e648d3d86b7
124,14953.643704516,0.0328980161499352,0x2bdc160ca80bc28f37d81b6d16e88201b74aa7b9,2017-11-01T17:11:09.000Z,0.00000219999999999999,0x1657f9c470e1a25d906885cbf7d60052264e1a01,sell,0x15f173b7aca7cd4a01d6f8360e65fb4491d270c1,0x9ea93210493a67eb73a2065268c6f9bff7d8e2c76928f6ddf96a9d8188115360
125,14953.643704516,0.0328980161499352,0x2bdc160ca80bc28f37d81b6d16e88201b74aa7b9,2017-11-01T16:55:45.000Z,0.00000219999999999999,0xa2de2eea94869c0377a4465396a0d022975dd993,sell,0x15f173b7aca7cd4a01d6f8360e65fb4491d270c1,0xdfe0bfe0e5ad515e2c84f68a08136ce3c6d97b3f69b691b405fb1f4759e52fae
126,15000,0.04155,0x2bdc160ca80bc28f37d81b6d16e88201b74aa7b9,2017-11-01T16:37:34.000Z,0.00000277,0xa5ef1f3c37c840a19e18cd283ef3beff0db0e2b3,buy,0x15f173b7aca7cd4a01d6f8360e65fb4491d270c1,0xa526bab489bd070936ab1215daaa00181e49edf813e79142dd81dd9196054a34
127,10000,0.0269,0x2bdc160ca80bc28f37d81b6d16e88201b74aa7b9,2017-11-01T16:34:43.000Z,0.00000269,0x543a235a9515b2b10489bccd1a0287f34df5848c,buy,0x15f173b7aca7cd4a01d6f8360e65fb4491d270c1,0x667933ea8797a19fadf4c71f3b8cb0af531dff50682e9da2c833756a6a1e9e2e
128,817.8340574219918,0.001676559817715083,0x281c53f171a2257403b5b5a3a2ad4598274c5b8d,2017-11-01T16:19:07.000Z,0.00000204999999999999,0x6d89f9cb660c4aacace4a9b6931aae0578b2c862,sell,0x15f173b7aca7cd4a01d6f8360e65fb4491d270c1,0x30045079224a20b973425278bf4cec0e0a0130c5a068aabf3c0a5681644108f6
129,15000,0.03,0xc9dbba1f6e01411c068fd86f8a6af4e39b7a1ac5,2017-11-01T16:04:10.000Z,0.000002,0x4fbfb25abd890be954a26a79059fc90cc1fe6838,buy,0x15f173b7aca7cd4a01d6f8360e65fb4491d270c1,0x47d6d4e493582b04bbc420c11016298601e4786cf4093c22e9a11168060159d9
130,15000,0.0345,0x5104efc872d45dba3a97bf02aebe240dfc283321,2017-11-01T14:40:53.000Z,0.0000023,0x986fe610f50475350aecd06783f9d4ce581bf947,buy,0x15f173b7aca7cd4a01d6f8360e65fb4491d270c1,0x48295aec9d168fdb1fb3291b6fc55f0fd98b767dd119c28f80b092f94e7017e4
131,13000,0.0325,0x26c119a083cdace31da3863c804f30d54352b116,2017-11-01T14:39:25.000Z,0.0000025,0x9df702df7415fcf863ce7b340e43d9e1377836a6,buy,0x15f173b7aca7cd4a01d6f8360e65fb4491d270c1,0x1c25b0f685addd7629c421613a75feed9b5a3d6398b6cb3ff36587cd88afeaf2
132,28000,0.0616,0x5104efc872d45dba3a97bf02aebe240dfc283321,2017-11-01T14:35:29.000Z,0.0000022,0xb4dd0c7f4a1cadfb9408d260fcafc009732b5650,buy,0x15f173b7aca7cd4a01d6f8360e65fb4491d270c1,0xcb264dc4dcd76007eb0d0f3d91b3bded05323fd39998000a68fb0822f54dd54b
133,15000,0.0315,0x26c119a083cdace31da3863c804f30d54352b116,2017-11-01T14:34:47.000Z,0.0000021,0x2cbc78b7db97576674cc4e442d3f4d792b43a3a9,buy,0x15f173b7aca7cd4a01d6f8360e65fb4491d270c1,0x52b7a8cbf7f872bc728f2195b0b66e4499476372ddbdc0b11bd808b67dcd60b5
134,15000,0.0315,0x26c119a083cdace31da3863c804f30d54352b116,2017-11-01T14:33:43.000Z,0.0000021,0x2cbc78b7db97576674cc4e442d3f4d792b43a3a9,buy,0x15f173b7aca7cd4a01d6f8360e65fb4491d270c1,0x52b7a8cbf7f872bc728f2195b0b66e4499476372ddbdc0b11bd808b67dcd60b5
135,15000,0.03,0x26c119a083cdace31da3863c804f30d54352b116,2017-11-01T14:33:21.000Z,0.000002,0xa78978e17389b4042620f8fe18bf8f49ba70f768,buy,0x15f173b7aca7cd4a01d6f8360e65fb4491d270c1,0x4fb8804fc65d8ef303ae02b0372487c179bb00fe973f7385c587086cf5de5e7a
136,2503.837,0.005007674,0x26c119a083cdace31da3863c804f30d54352b116,2017-11-01T14:33:19.000Z,0.000002,0xb4a7bd835a0a7bee4f1bb36eb4ae7997aa2062d0,buy,0x15f173b7aca7cd4a01d6f8360e65fb4491d270c1,0xe00ed4bafe92f1bee98a2416d086687399aafcafea9362f9f18ef2b65bcb55fe
137,2500,0.004,0x5104efc872d45dba3a97bf02aebe240dfc283321,2017-11-01T14:16:49.000Z,0.0000016,0xfb0f37c0456d60eded9b64442dfb0c4847cdd06a,buy,0x15f173b7aca7cd4a01d6f8360e65fb4491d270c1,0x4dc3072bed45e57d329e04a14ce5a9884454deb5440ceb61dd868282cc834855
138,14955,0.023928,0x6009502524cc23d9861056a1d2b2f89603b14bbc,2017-11-01T14:05:55.000Z,0.0000016,0x273a5d3e6721b9f5c1a6474f560c1334c63dda01,sell,0x15f173b7aca7cd4a01d6f8360e65fb4491d270c1,0xe703c416599753cc3c32100d8deff02531e5f617f77c3b477f9367c4cb04ece7
139,15000,0.02295,0x273a5d3e6721b9f5c1a6474f560c1334c63dda01,2017-11-01T14:05:55.000Z,0.00000153,0x072c35f7c378b53ea8cdc4c04806f54ff2c92e8b,buy,0x15f173b7aca7cd4a01d6f8360e65fb4491d270c1,0xe703c416599753cc3c32100d8deff02531e5f617f77c3b477f9367c4cb04ece7
140,4954.640614096302,0.007833286810886252,0x5104efc872d45dba3a97bf02aebe240dfc283321,2017-11-01T13:49:28.000Z,0.00000158099999999999,0x6915a8561913b1bb98080a1eab63a11bd4fa488d,sell,0x15f173b7aca7cd4a01d6f8360e65fb4491d270c1,0x38f207222e31548604017cab0c9d95dbd4a207a89eb7c356ee100853c8e37f0b
141,10000,0.016,0x543a235a9515b2b10489bccd1a0287f34df5848c,2017-11-01T13:45:20.000Z,0.0000016,0x6915a8561913b1bb98080a1eab63a11bd4fa488d,sell,0x15f173b7aca7cd4a01d6f8360e65fb4491d270c1,0x434662a98bce2f9cf088876183c2dc8e6e73dc062712598b9f0288c837f18e9f
142,7496.162526626617,0.014992325053253234,0xfdf7c01650ea64dae1496d7be373af4c060d13a7,2017-11-01T13:43:33.000Z,0.000002,0xb4a7bd835a0a7bee4f1bb36eb4ae7997aa2062d0,buy,0x15f173b7aca7cd4a01d6f8360e65fb4491d270c1,0x8845f9dd2729137792f74d6fddc9694274301f6da6c869f576a3222fed3e00bb
143,4954.640614096302,0.007684647592463363,0xca580e8b9ac145063b82b677d5040fd68d335434,2017-11-01T13:16:10.000Z,0.00000155099999999999,0xb12221dad518129c645b7b184a93c8e1aea0d10c,sell,0x15f173b7aca7cd4a01d6f8360e65fb4491d270c1,0x263386d9334afec18ae38cb134ea203a9a7406ac6881c05ec8fd5cf9d6803192
144,44871.36675094985,0.06955061846397227,0x5104efc872d45dba3a97bf02aebe240dfc283321,2017-11-01T13:15:35.000Z,0.00000154999999999999,0x93ed508495c0525d5fecb8016b769965667c3328,sell,0x15f173b7aca7cd4a01d6f8360e65fb4491d270c1,0x2a68675918e70654532ff3c3e0361d7231e34fef9de17ba639189796d191aa08
145,124317.58527927396,0.19281657476815392,0xca580e8b9ac145063b82b677d5040fd68d335434,2017-11-01T12:58:34.000Z,0.00000155099999999999,0xb425020c938069298f5fbd4ac89ee7d936627b14,sell,0x15f173b7aca7cd4a01d6f8360e65fb4491d270c1,0x9862be423bf3881da168ea446ae1ddbcb008a41b657e71eb1ce7dc4a9b6faf5f
146,14953.643704516,0.023342637822749476,0xca580e8b9ac145063b82b677d5040fd68d335434,2017-11-01T12:57:12.000Z,0.00000156099999999999,0xb7f3edd07cb4cbec8a1e8ccc39676fc3a09960b5,sell,0x15f173b7aca7cd4a01d6f8360e65fb4491d270c1,0xb024ccd1b83af1b2ecbc7beab9fe4431d8e28126199a9fd4d8d2f9b15dab0bdb
147,100000,0.15511,0xafc092e6fdd10f28d93abd00d1e427effdaad39c,2017-11-01T12:56:52.000Z,0.0000015511,0xb425020c938069298f5fbd4ac89ee7d936627b14,sell,0x15f173b7aca7cd4a01d6f8360e65fb4491d270c1,0xd42d939d84f961cc7978b9ffcab95bd54e1e80c5313139402eed7baa276de1ed
148,7000,0.013643,0x5104efc872d45dba3a97bf02aebe240dfc283321,2017-11-01T12:37:24.000Z,0.000001949,0x7a7ff7c18165aaa487ed9baa531eb9108b83abb1,buy,0x15f173b7aca7cd4a01d6f8360e65fb4491d270c1,0x9b1dd646f0143661b3091c02c68a1146d81192f09da7c04ec7fb54e12dde8ca1
149,0.6763004380369613,0.000001028652966254,0xca580e8b9ac145063b82b677d5040fd68d335434,2017-11-01T11:53:37.000Z,0.00000152099999999967,0x14c2b732f734da979d383a850a7de033585da67b,sell,0x15f173b7aca7cd4a01d6f8360e65fb4491d270c1,0xd7d8fb39ac463c4be6ed1683a6cdce7564381a89ce7cf701741ffdb1f3f81821
150,10000,0.018,0xbcc78b4cbf66a1ce31fbe0e967e578ebcb09c04c,2017-11-01T11:52:39.000Z,0.0000018,0xb4a7bd835a0a7bee4f1bb36eb4ae7997aa2062d0,buy,0x15f173b7aca7cd4a01d6f8360e65fb4491d270c1,0xb7a6f4126948148641b27d852fc8def060da349b8b05fc19050eb308bc0a992e
151,6783.9696939487585,0.010318417904496061,0xca580e8b9ac145063b82b677d5040fd68d335434,2017-11-01T11:52:39.000Z,0.00000152099999999999,0x14c2b732f734da979d383a850a7de033585da67b,sell,0x15f173b7aca7cd4a01d6f8360e65fb4491d270c1,0x3747d49e63683500c408994add9856fcf21e44ad2be9f1047db59076e8191438
152,15000,0.0255,0x87b53f4d4cb88a808504f2d4c13b93bfaf7510b6,2017-11-01T11:36:25.000Z,0.0000017,0x95e52a150e4a6f18323fb0d52066d130d1b79e22,buy,0x15f173b7aca7cd4a01d6f8360e65fb4491d270c1,0x11c71f536cc0114673b6761be65617212f6d086e9603795c09a7e9e5cabd3160
153,4999.9999981938345,0.00849999999692952,0x1829ee60346d0cfdea1132e0bea6503cb623a73c,2017-11-01T11:10:32.000Z,0.0000017,0xb4a7bd835a0a7bee4f1bb36eb4ae7997aa2062d0,buy,0x15f173b7aca7cd4a01d6f8360e65fb4491d270c1,0xe9029e4178eee8197b0b72f490f28a8638b7cc102b10ed9d4aabcf335fa1a8df
154,5000,0.0085,0x0e1f2339386173311b757641e3d6133c87c71324,2017-11-01T11:08:42.000Z,0.0000017,0xb4a7bd835a0a7bee4f1bb36eb4ae7997aa2062d0,buy,0x15f173b7aca7cd4a01d6f8360e65fb4491d270c1,0x97fad5440c4a9776e81c279f8c8b711dffd9261010c84aa5c72525636eee0abc
155,10000,0.01502,0xca580e8b9ac145063b82b677d5040fd68d335434,2017-11-01T10:58:49.000Z,0.000001502,0xb12221dad518129c645b7b184a93c8e1aea0d10c,sell,0x15f173b7aca7cd4a01d6f8360e65fb4491d270c1,0xa9c9bd3190911678ae101102b0c94d78857d9570c3075c005cff80378841745c
156,0.000001806165294117,0.000000000003070481,0x5104efc872d45dba3a97bf02aebe240dfc283321,2017-11-01T10:58:30.000Z,0.0000017000000000006,0xb4a7bd835a0a7bee4f1bb36eb4ae7997aa2062d0,buy,0x15f173b7aca7cd4a01d6f8360e65fb4491d270c1,0xa5df9671344bf205de4b99ccf3bf31026cf8ed60ae059e714f33ab2f07d301b6
157,20000,0.048,0xb4066e3f167a4e5b7b97cca2b163ee396cfd0a1d,2017-11-01T10:47:12.000Z,0.0000024,0xafc092e6fdd10f28d93abd00d1e427effdaad39c,buy,0x15f173b7aca7cd4a01d6f8360e65fb4491d270c1,0x211ffd076ddda84ce490c85489054b50a1bd3d3707b2ff6da34134edc280f053
158,14953.643704516,0.0209351011863224,0x0b60f1008d2864f34e1a04ccf41e294c25a15e4b,2017-11-01T10:33:43.000Z,0.00000139999999999999,0x2aeda9888bb461594626cd48456f34d31f0842f0,sell,0x15f173b7aca7cd4a01d6f8360e65fb4491d270c1,0xd2d45b38919372eb40de58ad94cf0e313125f5469a27f42e547abd34c2990bfc
159,5000,0.013945,0x9d0f536dc95cde0486a8708e1af01a6e4a60e9b2,2017-11-01T10:33:22.000Z,0.000002789,0x07d5103d86f09d09746bee0f9da9d7206aaa563e,buy,0x15f173b7aca7cd4a01d6f8360e65fb4491d270c1,0xfd9750995b34891a561249caedfcb3dc24773ca729f2321ea44a3d5a37ad970f
160,14953.643704516,0.022460372844183032,0x1b6572f89d7d320e044b0a218e3c68c8198c2c40,2017-11-01T10:32:24.000Z,0.00000150199999999999,0xf2d9a5469c0f5666c697a54aa5dd72da1c5bbaf5,sell,0x15f173b7aca7cd4a01d6f8360e65fb4491d270c1,0x8a3e36a7c804866a8711d46ccc046a4f862bf4e060b2d03333a1cf7eded48fba
161,14953.643704516,0.022460372844183032,0x1b6572f89d7d320e044b0a218e3c68c8198c2c40,2017-11-01T10:32:24.000Z,0.00000150199999999999,0x4ce32633fbc4a2027fc0a0f61cb80e21e7bfb819,sell,0x15f173b7aca7cd4a01d6f8360e65fb4491d270c1,0x9ef3b5926b8d157c86872c2cb24bb4342259cc60023d70cf53ee4e47de8fd2ea
162,149539.9160546683,0.243002363588836,0xafc092e6fdd10f28d93abd00d1e427effdaad39c,2017-11-01T10:27:17.000Z,0.00000162499999999999,0xd347f7b5fab42a04177be02c1f669aab83fae992,sell,0x15f173b7aca7cd4a01d6f8360e65fb4491d270c1,0xa8f8d9886503b1a2796afee950ca5587c6a7f9f62be00f4f875185d5a4930047
163,5046.356295484,0.008175097198684079,0x16d2d762f71ce31f95cf56fc87e5305643bdcfe0,2017-11-01T10:27:17.000Z,0.00000161999999999999,0x36f3e01635da3f4569ae99706366b3bd4194524b,sell,0x15f173b7aca7cd4a01d6f8360e65fb4491d270c1,0xeb1416d34e31b28d65b41d33943cdaedd4cb6a447fedd77e7a1a6e621167693f
164,24520.118074982172,0.03984519187184603,0xafc092e6fdd10f28d93abd00d1e427effdaad39c,2017-11-01T10:27:13.000Z,0.00000162499999999999,0xe847c93a7b8b9273e7c67726d6f895b01cfefe37,sell,0x15f173b7aca7cd4a01d6f8360e65fb4491d270c1,0xaa15810862121d0c262d576779210e19befe4cfad9695da0285e4d7b5eb43119
165,100000,0.16,0x877c3d04c876fdd0b4c7ac991e5282ae70264fde,2017-11-01T10:25:42.000Z,0.0000016,0xe847c93a7b8b9273e7c67726d6f895b01cfefe37,sell,0x15f173b7aca7cd4a01d6f8360e65fb4491d270c1,0xbdd8d937537cf5fca13bfcb262014c17e7115a7da51bc548a5c116db384509e0
166,15000,0.024375,0x500c308de290c66c3a7bfc4e1b8c8c1343e9e697,2017-11-01T10:24:04.000Z,0.000001625,0x14c2b732f734da979d383a850a7de033585da67b,sell,0x15f173b7aca7cd4a01d6f8360e65fb4491d270c1,0x8033a2f09d425c61228fd6741228e221d9e48e7dac1adde6a3660bcb029fe428
167,15000,0.02475,0x877c3d04c876fdd0b4c7ac991e5282ae70264fde,2017-11-01T10:24:02.000Z,0.00000165,0x14c2b732f734da979d383a850a7de033585da67b,sell,0x15f173b7aca7cd4a01d6f8360e65fb4491d270c1,0x95186b26ef102ab9512f8f319f666ffd434e04e139ecc88781af978dbb47a1a8
168,15000,0.02475,0x877c3d04c876fdd0b4c7ac991e5282ae70264fde,2017-11-01T10:23:51.000Z,0.00000165,0x14c2b732f734da979d383a850a7de033585da67b,sell,0x15f173b7aca7cd4a01d6f8360e65fb4491d270c1,0x1430f53b6c9db9a4ae2e25fae3174de3cab8443a0768e41ec2e0b1d757167068
169,7000,0.0133,0x7a7ff7c18165aaa487ed9baa531eb9108b83abb1,2017-11-01T10:13:27.000Z,0.0000019,0x36f3e01635da3f4569ae99706366b3bd4194524b,sell,0x15f173b7aca7cd4a01d6f8360e65fb4491d270c1,0xe0ae8378e2f544a7b1ec2e8a221515b7c8df61f1b8d2a801898158202daafe88
170,28000,0.051212,0xb4dd0c7f4a1cadfb9408d260fcafc009732b5650,2017-11-01T10:12:28.000Z,0.000001829,0x750d586a03ac8b47f582523339f82aa6e8ffeb7d,sell,0x15f173b7aca7cd4a01d6f8360e65fb4491d270c1,0xeac1c1cf28ef82c5a30d2f3185bd7c22b9e800cc060db65e000042c59e41ac70
171,14953.643704516,0.0284119230385804,0x877c3d04c876fdd0b4c7ac991e5282ae70264fde,2017-11-01T09:49:04.000Z,0.00000189999999999999,0x14d6d0f3d430455b5c1f169e28548bbc61d79cda,sell,0x15f173b7aca7cd4a01d6f8360e65fb4491d270c1,0x466df1300924cc5f6548600766213b3a7ae785fcf3ce86da9fa6a2c9e8f9afe6
172,14953.643704516,0.02422490280131592,0x16d2d762f71ce31f95cf56fc87e5305643bdcfe0,2017-11-01T09:17:46.000Z,0.00000161999999999999,0x475c7f6266145c207538839e93ca9eda021ffac4,sell,0x15f173b7aca7cd4a01d6f8360e65fb4491d270c1,0x7291b1d227e8c50c9ba3f054902964bbed1dd03be4fe7f6534b8bd394eefcbcb
173,25000,0.074975,0x289638bfe1b0e2e7353513e85657a2c20423f7d1,2017-11-01T09:17:16.000Z,0.000002999,0xb4dd0c7f4a1cadfb9408d260fcafc009732b5650,buy,0x15f173b7aca7cd4a01d6f8360e65fb4491d270c1,0x936048dd5f8bb38608bf35b5dbf0762d56728d78bfb6a79e9c35149245d5d1bd
174,11000,0.022,0x95c4506c39174369b4f0def9baa6502fe9a3ccc5,2017-11-01T09:14:21.000Z,0.000002,0x9df702df7415fcf863ce7b340e43d9e1377836a6,buy,0x15f173b7aca7cd4a01d6f8360e65fb4491d270c1,0x1e52fbf53595e112b63d02a730303ec1fcb206b6dfb71696e0819916da3f091e
175,15000,0.029985,0x95c4506c39174369b4f0def9baa6502fe9a3ccc5,2017-11-01T09:13:54.000Z,0.000001999,0x877c3d04c876fdd0b4c7ac991e5282ae70264fde,buy,0x15f173b7aca7cd4a01d6f8360e65fb4491d270c1,0x4362789f50e2249ff03498c4f164f9ec413f6a60fc6ce8079ff8b337d8f9dd25
176,70000,0.14,0x0e1f2339386173311b757641e3d6133c87c71324,2017-11-01T09:06:11.000Z,0.000002,0x9df702df7415fcf863ce7b340e43d9e1377836a6,buy,0x15f173b7aca7cd4a01d6f8360e65fb4491d270c1,0x54da9fc974161ea133f429e6b4bb46f60037e42b3d639365c45e48849294a558
177,10162.496,0.020396129472,0xda1c0d6095c17ae01ebb65c401806e4b36e3545d,2017-11-01T09:02:11.000Z,0.000002007,0x877c3d04c876fdd0b4c7ac991e5282ae70264fde,sell,0x15f173b7aca7cd4a01d6f8360e65fb4491d270c1,0x0536f3b41db597c53bad32699934c87e5d727b30191281814f1e60f98eaabcd0
178,166.66666666666666,0.0005,0x3bfdec5343e950ce45522eef9948c977631b4000,2017-11-01T09:01:56.000Z,0.000003,0x95f3a5f945e749c6aaa54e0ce48c4df8b5ac0451,buy,0x15f173b7aca7cd4a01d6f8360e65fb4491d270c1,0x0c30e5f3652cfa38b4fb682f95151c7e2df0f8feb6a75548acb02de56b4d1c69
179,166.66666666666666,0.0005,0x350f6f675b20d606bb7f6c412ef4775c9bc57168,2017-11-01T09:01:56.000Z,0.000003,0x95f3a5f945e749c6aaa54e0ce48c4df8b5ac0451,buy,0x15f173b7aca7cd4a01d6f8360e65fb4491d270c1,0x09878fd4447176e773fe0e75d10210f88d792aedf94c1b08ffbd75871bb2c62f
180,70148.41191763684,0.14064756589486188,0x2a3ac54431fe70441b8147c32c66ad675681656e,2017-11-01T09:01:56.000Z,0.00000200499999999999,0x877c3d04c876fdd0b4c7ac991e5282ae70264fde,sell,0x15f173b7aca7cd4a01d6f8360e65fb4491d270c1,0x65267da8bc042df4ec5be6be8cbb4f941d235c97ba37df110fc322665fd3f99f
181,14953.643704516,0.02998205562755458,0x2a3ac54431fe70441b8147c32c66ad675681656e,2017-11-01T08:59:31.000Z,0.00000200499999999999,0x8cfde7deea6969af4d5b8c5dcc99952d86c5092c,sell,0x15f173b7aca7cd4a01d6f8360e65fb4491d270c1,0xdc900f0e39cef8c59dc2aafccefac0d5d14b606c27099cbdb8de5cf096d99d94
182,34897.944377847154,0.06997037847758354,0x2a3ac54431fe70441b8147c32c66ad675681656e,2017-11-01T08:58:36.000Z,0.00000200499999999999,0xd347f7b5fab42a04177be02c1f669aab83fae992,sell,0x15f173b7aca7cd4a01d6f8360e65fb4491d270c1,0x90ff1e61e5cc58c6f91fd62038453509f6f94ce876422e273bfef2df0f149efc
183,20000,0.04,0xe092544d354d07965dff1b2ce4cd5e81ba0b83da,2017-11-01T08:57:23.000Z,0.000002,0x9df702df7415fcf863ce7b340e43d9e1377836a6,buy,0x15f173b7aca7cd4a01d6f8360e65fb4491d270c1,0xae78bc69ca5d2d743dff650821f404c6eb4ea1bd69ae951a0ee9dde2157ef8f9
184,1954.9396869703917,0.003923563951749576,0xda1c0d6095c17ae01ebb65c401806e4b36e3545d,2017-11-01T08:55:29.000Z,0.00000200699999999999,0xd6f62c02ba3487997f428afd96915e60b70d764e,sell,0x15f173b7aca7cd4a01d6f8360e65fb4491d270c1,0xf931b0e1d02a9307423a825bfe9bfa8314dae5ecb93921cc52d898dc776d9586
185,14953.643704516,0.03001196291496361,0xda1c0d6095c17ae01ebb65c401806e4b36e3545d,2017-11-01T08:53:38.000Z,0.00000200699999999999,0x3b149686112b633ab7075501f5a0249cf18964a8,sell,0x15f173b7aca7cd4a01d6f8360e65fb4491d270c1,0x7caa9fdf00bcf1d2b3c2fb7b2c9d28b29474fb91be861274760e629a9d2da80e
186,7975.276642408534,0.016006380221313926,0xda1c0d6095c17ae01ebb65c401806e4b36e3545d,2017-11-01T08:53:20.000Z,0.00000200699999999999,0xb11154b3b7836e26881b9b1c678a548ba09553a4,sell,0x15f173b7aca7cd4a01d6f8360e65fb4491d270c1,0xb26736d776bcfaa458ce4bf6e57a1faa41bc6e350598e5f7f593923bd6d0a39e
187,19000,0.038,0x1932a822f0e7a33b4387926704a301759d0a4a58,2017-11-01T08:47:51.000Z,0.000002,0x9df702df7415fcf863ce7b340e43d9e1377836a6,buy,0x15f173b7aca7cd4a01d6f8360e65fb4491d270c1,0x38c0dcb96a39807a2d5be5536cacb7550bf7f76dc45c93b74e42c18d28eadea1
188,14953.643704516,0.03001196291496361,0xda1c0d6095c17ae01ebb65c401806e4b36e3545d,2017-11-01T08:46:05.000Z,0.00000200699999999999,0xb4a308cc5a1f8f4b4c8fc2a1bf6c847b49fa9857,sell,0x15f173b7aca7cd4a01d6f8360e65fb4491d270c1,0xd54452ed6e16f2595b40d5bbd2989d122fac1c78d339e4bd82987fa9df8596a9
189,20000,0.04,0x46775b2583502dbe0f594c725c5944543f19682b,2017-11-01T08:46:00.000Z,0.000002,0x9df702df7415fcf863ce7b340e43d9e1377836a6,buy,0x15f173b7aca7cd4a01d6f8360e65fb4491d270c1,0xce6eca8da1943d5a4536cf27806cd5bedd4ddff7cdf7a197e7a0c287e42377ea
190,10000,0.02,0x93843c248a882d8c24db4e9786eb1c68f0a2ff02,2017-11-01T08:43:03.000Z,0.000002,0x9df702df7415fcf863ce7b340e43d9e1377836a6,buy,0x15f173b7aca7cd4a01d6f8360e65fb4491d270c1,0x5bd1fb9369c5e993850ea445328bf6ecc4de8ef7ac48bfcaa24d36bafceebc4c
191,50000,0.1,0x93843c248a882d8c24db4e9786eb1c68f0a2ff02,2017-11-01T08:40:43.000Z,0.000002,0x9df702df7415fcf863ce7b340e43d9e1377836a6,buy,0x15f173b7aca7cd4a01d6f8360e65fb4491d270c1,0xea6dad62eeb02fb61cd273a37e114cd4c4eb3eec07d88484ae2ca490131daa29
192,13000,0.0273,0x86d4b794a7ffa3a3ea81421107cf26b7ad1b3d44,2017-11-01T08:34:16.000Z,0.0000021,0xd6f62c02ba3487997f428afd96915e60b70d764e,sell,0x15f173b7aca7cd4a01d6f8360e65fb4491d270c1,0xa5d917761cb14a2230cf565c8f7598df34cea65d45f7c3e44932d7fa11e208ca
193,219445.53296010508,0.6363920455843047,0x887dd15da6bf5f7ef0e87476bb26273bf4d119e6,2017-11-01T08:28:07.000Z,0.00000289999999999999,0xe847c93a7b8b9273e7c67726d6f895b01cfefe37,sell,0x15f173b7aca7cd4a01d6f8360e65fb4491d270c1,0x858b5d89989585921ba703cc1f210a37f4a879d629527252509fd9571e67e039
194,69317.63733526069,0.201021148272256,0x887dd15da6bf5f7ef0e87476bb26273bf4d119e6,2017-11-01T08:15:45.000Z,0.00000289999999999999,0xc6934e0cc0e6c97f7fadb37a6428c84cf8dfa3bd,sell,0x15f173b7aca7cd4a01d6f8360e65fb4491d270c1,0xf0449e9917e644fdae206a0f5713501d04b16a7483e9061673d3c8304d96e9fe
195,104679.8787779417,0.30357164845603096,0x887dd15da6bf5f7ef0e87476bb26273bf4d119e6,2017-11-01T08:13:46.000Z,0.00000289999999999999,0x93ed508495c0525d5fecb8016b769965667c3328,sell,0x15f173b7aca7cd4a01d6f8360e65fb4491d270c1,0x1384a59ed13849535681689fae2d10d122adf5abb0fead32b0c96b25da428d4d
196,50000,0.15,0xf04588fa7a38fe2ac48762b32b0cbe97eed9675e,2017-11-01T08:11:12.000Z,0.000003,0xc6934e0cc0e6c97f7fadb37a6428c84cf8dfa3bd,sell,0x15f173b7aca7cd4a01d6f8360e65fb4491d270c1,0x08003bb47c36f548b6f31f275348cc75cea24a902b15184010e298fdb0d735af
197,14953.643704516,0.0433655667430964,0x887dd15da6bf5f7ef0e87476bb26273bf4d119e6,2017-11-01T07:52:42.000Z,0.00000289999999999999,0x4006b0eba9305ffd8adfa1c00fc6d8958b5f1d23,sell,0x15f173b7aca7cd4a01d6f8360e65fb4491d270c1,0xd48c452dec4cb349377d2257540f28675f4b9db6a8b7717661e9a7a9cb2ad3b4
198,2.573311696158418,0.000007462603918859,0x887dd15da6bf5f7ef0e87476bb26273bf4d119e6,2017-11-01T07:50:31.000Z,0.00000289999999999984,0xeb4087b779d8dff4f9d9a593eaccd5bfa91e1203,sell,0x15f173b7aca7cd4a01d6f8360e65fb4491d270c1,0x27ddcc212f42a32afca01c95654412e405507efe52e1923ff95de452a08bff0c
199,15000,0.063,0x0985bf5a0aa0a5ba3025a5b8019a9e903bb1dff7,2017-11-01T07:44:51.000Z,0.0000042,0x500c308de290c66c3a7bfc4e1b8c8c1343e9e697,buy,0x15f173b7aca7cd4a01d6f8360e65fb4491d270c1,0xf8bbdd7d8ce344ffd06708b9dde1f17179126d4ff89f5a2a5139d0264e2d51c3
200,15000,0.051,0x0985bf5a0aa0a5ba3025a5b8019a9e903bb1dff7,2017-11-01T07:39:05.000Z,0.0000034,0x2f39fda5b65c76d4d97ef4f1dc9bc7cff2ce9b7f,buy,0x15f173b7aca7cd4a01d6f8360e65fb4491d270c1,0xc74799b8cc4340ccdec574382728aaf9a99a9e2a3ad34b8da639cb04240850e5
201,14953.643704516,0.0433655667430964,0x887dd15da6bf5f7ef0e87476bb26273bf4d119e6,2017-11-01T07:36:22.000Z,0.00000289999999999999,0x9664ed0820a10e95851480b9821532994b7bd9d1,sell,0x15f173b7aca7cd4a01d6f8360e65fb4491d270c1,0xd68b46973e02bd2f957cd90444844b4c0dc0c110773330452b6311e97484c198
202,7000,0.0273,0x0985bf5a0aa0a5ba3025a5b8019a9e903bb1dff7,2017-11-01T07:35:25.000Z,0.0000039,0xd560a76bc5ea466fe45e86e7be703dce1ec2501b,buy,0x15f173b7aca7cd4a01d6f8360e65fb4491d270c1,0xd6bcc73a1c3e7fe7b46297b0fc2978c96bb405c9baafec74b7574d9c04a801d3
203,209360.43463822437,0.6071452604508507,0x887dd15da6bf5f7ef0e87476bb26273bf4d119e6,2017-11-01T07:34:12.000Z,0.00000289999999999999,0x7386e63d8a948de0a6618a878d3805e239a0c20b,sell,0x15f173b7aca7cd4a01d6f8360e65fb4491d270c1,0xa32df726039eabc6c14b29e8589fd8ffba38a5d02035271ff96f006d0668d2fc
204,15000,0.052485,0x0985bf5a0aa0a5ba3025a5b8019a9e903bb1dff7,2017-11-01T07:33:30.000Z,0.000003499,0x4b5ccf4f5a111d31a37d3f4e7cb9d4acfebc2ad0,buy,0x15f173b7aca7cd4a01d6f8360e65fb4491d270c1,0xb368d2b2474e00fc39a58a4672cfd863d77fea6773cffdd77e1634fa55e7c524
205,14953.643704516,0.043380520386800916,0x46775b2583502dbe0f594c725c5944543f19682b,2017-11-01T07:29:56.000Z,0.00000290099999999999,0xcfe90adac3c00fd9b89fc7f68ec2380366fdf65e,sell,0x15f173b7aca7cd4a01d6f8360e65fb4491d270c1,0x629282a7dc3adeea9711af9593e18ef2aaa95a1424878478d15aa156b063ec65
206,25812.889624165087,0.07488319279970292,0x46775b2583502dbe0f594c725c5944543f19682b,2017-11-01T07:27:33.000Z,0.00000290099999999999,0xeb4087b779d8dff4f9d9a593eaccd5bfa91e1203,sell,0x15f173b7aca7cd4a01d6f8360e65fb4491d270c1,0x9918acbef50287f2d96e7934656442f5844dd3091f905523c16a7afc5ec7336c
207,14953.643704516,0.043380520386800916,0x46775b2583502dbe0f594c725c5944543f19682b,2017-11-01T07:25:41.000Z,0.00000290099999999999,0xdcc6dc85f4bd7dd69380741889e93be806a4bd70,sell,0x15f173b7aca7cd4a01d6f8360e65fb4491d270c1,0x5fcaebdd89c6c92ba95f9b162273d7be79142368e2b38667653ca4708958e35f
208,14953.643704516,0.0433655667430964,0x887dd15da6bf5f7ef0e87476bb26273bf4d119e6,2017-11-01T07:11:00.000Z,0.00000289999999999999,0xffe657cadee21c566f9ee616486ceabc5489401c,sell,0x15f173b7aca7cd4a01d6f8360e65fb4491d270c1,0xe658f6207b726bec485f5fb852b5f4b27e87fefd16961d3ad36a227faf71ae04
209,14953.643704516,0.0433655667430964,0x887dd15da6bf5f7ef0e87476bb26273bf4d119e6,2017-11-01T07:08:19.000Z,0.00000289999999999999,0x590670bd361a65e1604355602de253a048870b84,sell,0x15f173b7aca7cd4a01d6f8360e65fb4491d270c1,0x7bbb2b45c7607bcd26dcb529b9daf8daedebd193ac541586feb03fd20abd13b6
210,0.0005,0.000000002,0x952c73db8f515b7d84a7d4f8c7bf1a2880be7f25,2017-11-01T07:07:23.000Z,0.000004,0xbabcb47487e92ac2effb6d36b554af31e1658b42,buy,0x15f173b7aca7cd4a01d6f8360e65fb4491d270c1,0xf046d54f9c4f7df6546572290c45fdc2458b0de0a658efb7da2771039d30129b
211,14953.643704516,0.0433655667430964,0x887dd15da6bf5f7ef0e87476bb26273bf4d119e6,2017-11-01T07:04:44.000Z,0.00000289999999999999,0x9b305e6c0d77a6eca5296efd818e65b2a7458179,sell,0x15f173b7aca7cd4a01d6f8360e65fb4491d270c1,0x410f087286bac5fdde135afb6827541a1037488263a03f9a869b2a717ce334a3
212,149536.43704516,0.433655667430964,0x887dd15da6bf5f7ef0e87476bb26273bf4d119e6,2017-11-01T06:56:43.000Z,0.00000289999999999999,0x9f0bb02e7003767f7fe66ec6497a72e5f155c01d,sell,0x15f173b7aca7cd4a01d6f8360e65fb4491d270c1,0x8139fed8a82f0958088fdc19046bf8536748eb41f15b982c0acdfbd3c9467a17
213,14953.643704516,0.0433655667430964,0x887dd15da6bf5f7ef0e87476bb26273bf4d119e6,2017-11-01T06:53:18.000Z,0.00000289999999999999,0x9bcf2b81df43e7e9049d881cf3adf17a6e066047,sell,0x15f173b7aca7cd4a01d6f8360e65fb4491d270c1,0x279fe1f2406ff53ea477a5e4d0166176054d3fbc2a35efe82cc3b73e71266e23
214,14953.643704516,0.0433655667430964,0x887dd15da6bf5f7ef0e87476bb26273bf4d119e6,2017-11-01T06:50:17.000Z,0.00000289999999999999,0x1f3b20b7182a9715b9391f440cb4ec428637f6b5,sell,0x15f173b7aca7cd4a01d6f8360e65fb4491d270c1,0x8f1d0d2cbab9f81d332c54d2a3d3a2aa068f067d66138a14826fe386271afe58
215,14124.291,0.042372873,0x952c73db8f515b7d84a7d4f8c7bf1a2880be7f25,2017-11-01T06:47:20.000Z,0.000003,0x543a235a9515b2b10489bccd1a0287f34df5848c,sell,0x15f173b7aca7cd4a01d6f8360e65fb4491d270c1,0x91c7d4f8fb4d7db8f4bf0356761afeb33f2438021e5aba209bfd41b94d9bdcb8
216,12862.630517421052,0.03858789155226315,0x952c73db8f515b7d84a7d4f8c7bf1a2880be7f25,2017-11-01T06:42:56.000Z,0.00000299999999999999,0x488d1bd40817591c8a4eda1e0c5c428da45c90ce,sell,0x15f173b7aca7cd4a01d6f8360e65fb4491d270c1,0xa1c2710483ffb414b72143049efa87299b15c8bab84f7422d9417bf70a14115b
217,16610,0.051491,0x8bf7c4de9e17204228d4110e0995751c7d253642,2017-11-01T06:42:01.000Z,0.0000031,0x8e64cbf384f691bf68baeb6484fc4e1289eab131,sell,0x15f173b7aca7cd4a01d6f8360e65fb4491d270c1,0x8662c5da458914be8e31f35c55592d671f6bbeef9cfd03614b8d7a522f6f74f8
218,17046.35625919735,0.05287779711603018,0x04afa82cdb324b7879f268d818651d25fbae4662,2017-11-01T06:39:43.000Z,0.00000310199999999999,0x488d1bd40817591c8a4eda1e0c5c428da45c90ce,sell,0x15f173b7aca7cd4a01d6f8360e65fb4491d270c1,0xd74e42b6d4a58b78e8180f3ee69f8c1347417d96d24c92b72cee47a7fcc07a17
219,14953.643740802649,0.046386202883969815,0x04afa82cdb324b7879f268d818651d25fbae4662,2017-11-01T06:39:18.000Z,0.00000310199999999999,0x1316fb4d258e6e9db929144f2c05fe80d7fd6368,sell,0x15f173b7aca7cd4a01d6f8360e65fb4491d270c1,0xab2e0cf592ab6e1c97321e45cfd23890c0da17eadcfec65e18a0058d41f143c9
220,4500,0.01305,0x887dd15da6bf5f7ef0e87476bb26273bf4d119e6,2017-11-01T06:01:54.000Z,0.0000029,0x710955632392612132b686f789b96442210ab9e7,sell,0x15f173b7aca7cd4a01d6f8360e65fb4491d270c1,0x28dfef248dc1b1e0e438554ee284a3ec8b2cda1cbb02dd30c8499437e157ca4e
221,10000,0.029,0x887dd15da6bf5f7ef0e87476bb26273bf4d119e6,2017-11-01T05:55:39.000Z,0.0000029,0x710955632392612132b686f789b96442210ab9e7,sell,0x15f173b7aca7cd4a01d6f8360e65fb4491d270c1,0xba1e2177da8455372b073d13fea23b1178b60f752b10f9623a3a009643077863
222,9362,0.0271498,0x887dd15da6bf5f7ef0e87476bb26273bf4d119e6,2017-11-01T05:48:33.000Z,0.0000029,0x2376b2e683e5a09649c5e741eff38850858277d0,sell,0x15f173b7aca7cd4a01d6f8360e65fb4491d270c1,0x0a641b2e887f707ede9fa2d1eb8c0750d8c8e04cdb504390dfa01b1c50dd78f2
223,24957,0.07611885,0x952c73db8f515b7d84a7d4f8c7bf1a2880be7f25,2017-11-01T05:48:33.000Z,0.00000305,0x658acdd5063fa27fe816f3923c7426a29cb2421b,buy,0x15f173b7aca7cd4a01d6f8360e65fb4491d270c1,0xfa56b45cc6599c2221817f83383079e30c73480380d410519c1466998752bd91
224,4970,0.017395,0x952c73db8f515b7d84a7d4f8c7bf1a2880be7f25,2017-11-01T05:47:29.000Z,0.0000035,0x20c721b0262bd9341c0a7ec685768cb3d33eadfb,buy,0x15f173b7aca7cd4a01d6f8360e65fb4491d270c1,0xd6e9cd0aa3834e3a7eb709e1541ebfeb708c6fef3c93da7c70d53f4c4a721ba5
225,15000,0.0465,0x952c73db8f515b7d84a7d4f8c7bf1a2880be7f25,2017-11-01T05:47:24.000Z,0.0000031,0x277529ce6ad976441d11fcdd5aab7ef9bd3642c7,buy,0x15f173b7aca7cd4a01d6f8360e65fb4491d270c1,0x44a0ba7dac3fa4a4964ff310f7f8cbc05f274c34b542b8cf6087c56fc60e21ce
226,5000,0.0155,0x952c73db8f515b7d84a7d4f8c7bf1a2880be7f25,2017-11-01T05:47:24.000Z,0.0000031,0xb417fc8781bfd509b91c6360493535512b133481,buy,0x15f173b7aca7cd4a01d6f8360e65fb4491d270c1,0x05ceba97f2dba54ef7dcc1b718b008dac117754a0bfd6979e06b6bf0c03f5235
227,6000,0.018,0x952c73db8f515b7d84a7d4f8c7bf1a2880be7f25,2017-11-01T05:47:24.000Z,0.000003,0xb417fc8781bfd509b91c6360493535512b133481,buy,0x15f173b7aca7cd4a01d6f8360e65fb4491d270c1,0xca9ea560d3407464c61fd263c6efee68b3b4be6453fd26a86e5a6b5e27210ebe
228,7086.078,0.021265320078,0x952c73db8f515b7d84a7d4f8c7bf1a2880be7f25,2017-11-01T05:47:24.000Z,0.000003001,0x2a0197507398019c56307b2833ca8889954e2d04,buy,0x15f173b7aca7cd4a01d6f8360e65fb4491d270c1,0xd717f1bfdcecf6095007940da3ef149222078db4474e31683d7114fdf55aa9b8
229,20000,0.04204,0x05a7d295fce4da2d2b95e3b8223919fb301810a1,2017-11-01T05:46:12.000Z,0.000002102,0x710955632392612132b686f789b96442210ab9e7,sell,0x15f173b7aca7cd4a01d6f8360e65fb4491d270c1,0x4244118e387171647e4f7bb3fda03885bda7a0d48a33d2ff56a67c9cfa8007ec
230,20000,0.04602,0x543a235a9515b2b10489bccd1a0287f34df5848c,2017-11-01T05:40:35.000Z,0.000002301,0x710955632392612132b686f789b96442210ab9e7,sell,0x15f173b7aca7cd4a01d6f8360e65fb4491d270c1,0x8b8e907796538b0d33f264c2066ac9c8e6d96055be7b338d0777cc223870effa
231,14953.643704516,0.0321503339647094,0x543a235a9515b2b10489bccd1a0287f34df5848c,2017-11-01T05:39:03.000Z,0.00000214999999999999,0x07a1410f73dbfa19f0220712bab8e8ebc764b341,sell,0x15f173b7aca7cd4a01d6f8360e65fb4491d270c1,0x074240d45500458d81d84ba738b9d823e580faa2b5c74e72fe31fb5f654f171c
232,1500,0.0045015,0x803200fc0dab136e406d0f2f021dd15b1b23095c,2017-11-01T05:37:41.000Z,0.000003001,0x2a0197507398019c56307b2833ca8889954e2d04,buy,0x15f173b7aca7cd4a01d6f8360e65fb4491d270c1,0x74307cd6b0c929d12907d96d48b9a04579d880b0c5f75153b9525fcb6fae2fce
233,20000,0.04202,0x543a235a9515b2b10489bccd1a0287f34df5848c,2017-11-01T05:32:32.000Z,0.000002101,0x710955632392612132b686f789b96442210ab9e7,sell,0x15f173b7aca7cd4a01d6f8360e65fb4491d270c1,0x105743bda129031fac5d3872c502a3ec604fb6164ba673ea47086aa4ef023500
234,2000,0.004018,0x543a235a9515b2b10489bccd1a0287f34df5848c,2017-11-01T05:28:34.000Z,0.000002009,0x543a235a9515b2b10489bccd1a0287f34df5848c,sell,0x15f173b7aca7cd4a01d6f8360e65fb4491d270c1,0x1c8a394b199776e3839b3e002979afdccfee0f071e9a398898662b75891eb428
235,20084.083,0.0562354324,0x183e70600937bf8eb26111c20e48c5eeada8396e,2017-11-01T05:26:45.000Z,0.0000028,0x543a235a9515b2b10489bccd1a0287f34df5848c,sell,0x15f173b7aca7cd4a01d6f8360e65fb4491d270c1,0xf3d652137436107bd74404f0a105b9aa5b17f0a9beb3713601121b6eabe9c1b0
236,102.26497439236333,0.00030679492317709,0x94b4fe0426daa61486a2cca55702f7c8cb8b802d,2017-11-01T05:22:28.000Z,0.000003,0x2a0197507398019c56307b2833ca8889954e2d04,buy,0x15f173b7aca7cd4a01d6f8360e65fb4491d270c1,0xc541c23376b5b3a3ffef3e507a6bfe23aa5a72a11e182cfd3540864ff0a9e3c6
237,14953.643704516,0.0418702023726448,0x183e70600937bf8eb26111c20e48c5eeada8396e,2017-11-01T05:22:28.000Z,0.00000279999999999999,0xd6818884c14cf6cb08c2e8705c52305ff7c547b0,sell,0x15f173b7aca7cd4a01d6f8360e65fb4491d270c1,0xf86dcaeed5af0e478e59ebda5d8d443189db24d4e329295914b6126bd3d75c2c
238,1.4914546483013613,0.000004176073015243,0x183e70600937bf8eb26111c20e48c5eeada8396e,2017-11-01T05:19:28.000Z,0.00000279999999999945,0x8bf7c4de9e17204228d4110e0995751c7d253642,sell,0x15f173b7aca7cd4a01d6f8360e65fb4491d270c1,0xc92730041238a94358bffadbe4cfb068327c1e905e884d98186fabdce704ae8d
239,14960.781577110956,0.041890188415910676,0x183e70600937bf8eb26111c20e48c5eeada8396e,2017-11-01T05:18:29.000Z,0.00000279999999999999,0x8bf7c4de9e17204228d4110e0995751c7d253642,sell,0x15f173b7aca7cd4a01d6f8360e65fb4491d270c1,0xd6007ca6e374e17b6ec782b2f5a3f1978e8183e64cd75646967e5f4aa156921b
240,5592,0.0167771184,0xfc5b5a90e6d724e5dd1c9c99b6b81c34544117b5,2017-11-01T05:17:26.000Z,0.0000030002,0x2376b2e683e5a09649c5e741eff38850858277d0,sell,0x15f173b7aca7cd4a01d6f8360e65fb4491d270c1,0x393dc8265730dace894e9f3d5566204e53cdb219157f9857e2acd2240af8dcc6
241,6311.656789643541,0.018941282025720266,0x90fdf660ab6557ebc6a1433670876090e03133c6,2017-11-01T05:16:00.000Z,0.000003001,0x2a0197507398019c56307b2833ca8889954e2d04,buy,0x15f173b7aca7cd4a01d6f8360e65fb4491d270c1,0x8481c7f76f6f7d4e2a087d4272d1311819dc2bb04ce1bb15a48d5581077c9c47
242,10000,0.03001,0x658acdd5063fa27fe816f3923c7426a29cb2421b,2017-11-01T05:13:43.000Z,0.000003001,0x20c721b0262bd9341c0a7ec685768cb3d33eadfb,sell,0x15f173b7aca7cd4a01d6f8360e65fb4491d270c1,0xe2446a24265913857025c24a585c2144b8c11cd6eebb716ecf82946ef6e01968
243,8820.778,0.0335189564,0xb4066e3f167a4e5b7b97cca2b163ee396cfd0a1d,2017-11-01T05:12:52.000Z,0.0000038,0xf84aaac1c622b12ed46bf7ba623373de1fce91ba,buy,0x15f173b7aca7cd4a01d6f8360e65fb4491d270c1,0xc4b98ee2be1a7a76319299ea453a3cef0b4a57f0f21a89a90f1bb88b4a889731
244,9832.171535405145,0.029693158036923534,0xb320ffa395e8429be67732b4ff0c80bc86e9e70d,2017-11-01T05:11:07.000Z,0.00000301999999999999,0xa9b4f15e559b6a17ccd53dccc78f1bf28f7494db,sell,0x15f173b7aca7cd4a01d6f8360e65fb4491d270c1,0x61e00ec0dadcd0aec193f3fbc09dbb7c01844b0bf0e22e5c70640e7eeff19316
245,15271.663,0.045814989,0x13c3fd153e23ded7477e0817ad4d5754e2d67649,2017-11-01T05:06:54.000Z,0.000003,0xc6934e0cc0e6c97f7fadb37a6428c84cf8dfa3bd,sell,0x15f173b7aca7cd4a01d6f8360e65fb4491d270c1,0xc348db473252a15d57f106a5664732b36d4704abe426fdeb92ada4bf4be963a1
246,5121.982784481655,0.015391558267367373,0x86d4b794a7ffa3a3ea81421107cf26b7ad1b3d44,2017-11-01T05:05:01.000Z,0.00000300499999999999,0xa9b4f15e559b6a17ccd53dccc78f1bf28f7494db,sell,0x15f173b7aca7cd4a01d6f8360e65fb4491d270c1,0x315f86216329fed7e1b8bb8cc2d45e19f41cc8ade9cdfb406f2bf38b1d1c9b92
247,1.4907430669440733,0.000004479682916166,0x86d4b794a7ffa3a3ea81421107cf26b7ad1b3d44,2017-11-01T05:03:32.000Z,0.00000300499999999936,0x6304b9b37cc10feaeb7ae363ec88ecfbd0a663d9,sell,0x15f173b7aca7cd4a01d6f8360e65fb4491d270c1,0x664892105cc940f8d60827b30f5d66b7e474b67ba1da7625b172c23b11975147
248,14954.637533227296,0.04487886723721512,0x658acdd5063fa27fe816f3923c7426a29cb2421b,2017-11-01T05:03:32.000Z,0.00000300099999999999,0xe9700c452e3c1559d56bbe44c5c0d30f14ac70ff,sell,0x15f173b7aca7cd4a01d6f8360e65fb4491d270c1,0x2fb348654c628ff22ab63aebd2a00590231c29ec564079f4526de89ae63dd2ca
249,14953.643704516,0.044860931113548004,0x13c3fd153e23ded7477e0817ad4d5754e2d67649,2017-11-01T05:02:42.000Z,0.00000299999999999999,0xc69e3cd404c4eee62a9ba237a6ce76a49980bf9a,sell,0x15f173b7aca7cd4a01d6f8360e65fb4491d270c1,0x5c53c7f7377760e5d0f51c9948b218ff6b1114f36b2b5cc9547ae9ddbb6059be
250,14953.643704516,0.044860931113548004,0x13c3fd153e23ded7477e0817ad4d5754e2d67649,2017-11-01T05:00:21.000Z,0.00000299999999999999,0xc61bfe9dc0d3a0d1a2ed5807a91b0a835b8450b2,sell,0x15f173b7aca7cd4a01d6f8360e65fb4491d270c1,0x4ae2a729ac825a87cf2251742664a02f89592d5676619d78fbfdfa6dda0eb7b3
251,14953.643704516,0.044860931113548004,0x13c3fd153e23ded7477e0817ad4d5754e2d67649,2017-11-01T04:55:30.000Z,0.00000299999999999999,0x4c31ec8e8917e3f131d3ff2caddba4894688fec8,sell,0x15f173b7aca7cd4a01d6f8360e65fb4491d270c1,0x7344f17aec9be7813b6acb2f620e2793b7795be101826f1fd22e655c64a15a7d
252,14953.643704516,0.044860931113548004,0x13c3fd153e23ded7477e0817ad4d5754e2d67649,2017-11-01T04:53:43.000Z,0.00000299999999999999,0x36607263279b2913d9b138458a9fa619068f5a80,sell,0x15f173b7aca7cd4a01d6f8360e65fb4491d270c1,0xbfc2a05d43c9966ba5e091465b20b562f82b7ff83a4cafbd4496b357aac0b0dd
253,14953.643704516,0.044860931113548004,0x13c3fd153e23ded7477e0817ad4d5754e2d67649,2017-11-01T04:53:43.000Z,0.00000299999999999999,0xedf767c8eb0cf200ff8f0a1e0a1d896fc9d5de1b,sell,0x15f173b7aca7cd4a01d6f8360e65fb4491d270c1,0x3453025774feee9a0f8c7be85b868f017f29908de468ea0802d3e005c1cf360d
254,14953.643704516,0.044860931113548004,0x13c3fd153e23ded7477e0817ad4d5754e2d67649,2017-11-01T04:53:43.000Z,0.00000299999999999999,0x42bbb039786ba1361d423190c963ddfdbe1fb19b,sell,0x15f173b7aca7cd4a01d6f8360e65fb4491d270c1,0xc4d9039b02150752f54031bf7de56c6cef0457f596d0782d9636b327957233d8
255,14953.643704516,0.044860931113548004,0x13c3fd153e23ded7477e0817ad4d5754e2d67649,2017-11-01T04:52:31.000Z,0.00000299999999999999,0x8f9301eb0c6e2533642dfcd6d34ee2310203daed,sell,0x15f173b7aca7cd4a01d6f8360e65fb4491d270c1,0xbb2fc36d939670a7f63c7d6149c565d58256eabd475686f46abd2d7fe48e3ff0
256,14953.643704516,0.044860931113548004,0x13c3fd153e23ded7477e0817ad4d5754e2d67649,2017-11-01T04:51:20.000Z,0.00000299999999999999,0x6304b9b37cc10feaeb7ae363ec88ecfbd0a663d9,sell,0x15f173b7aca7cd4a01d6f8360e65fb4491d270c1,0x39d0db02bf969188046fff4d3cb431b9d1daa80a740572bd98ed0dd47a2ae65c
257,14953.643704516,0.044860931113548004,0x13c3fd153e23ded7477e0817ad4d5754e2d67649,2017-11-01T04:45:57.000Z,0.00000299999999999999,0x7daea80de07620f8a3c8df88c06893e4add10d2c,sell,0x15f173b7aca7cd4a01d6f8360e65fb4491d270c1,0x57cd0f94dbb483c96d77cf8f9f3ddc090dae538d0ff58843390ec292bb0ad90b
258,24876.5264724514,0.07475396204971646,0x86d4b794a7ffa3a3ea81421107cf26b7ad1b3d44,2017-11-01T04:39:38.000Z,0.00000300499999999999,0x658acdd5063fa27fe816f3923c7426a29cb2421b,sell,0x15f173b7aca7cd4a01d6f8360e65fb4491d270c1,0x350a508598160800c3f641b041c2d3afaea8c84d1de92fe6f53782a3647701de
259,2765.0870602344235,0.008295261180703272,0x86d4b794a7ffa3a3ea81421107cf26b7ad1b3d44,2017-11-01T04:38:29.000Z,0.000003,0x27fc7a4c1c200d8430b6855b1a8c99296a031e84,buy,0x15f173b7aca7cd4a01d6f8360e65fb4491d270c1,0x2838775bfbb90c2bfba7aed2e0cc0e0a2d9efba2453825eca61e698cfc50e036
260,14953.643704516,0.044860931113548004,0x13c3fd153e23ded7477e0817ad4d5754e2d67649,2017-11-01T04:37:50.000Z,0.00000299999999999999,0x0949e967d3b6cc9cb51557eb726ace68bf655263,sell,0x15f173b7aca7cd4a01d6f8360e65fb4491d270c1,0x9a407f9d2d5589715efa60e93657e1bf82805a5197b5340d37ff95260a2208c0
261,2234.9129397655765,0.006704738819296729,0x808794aa3a7b2ccbef5899c08f686635a5d8a4e9,2017-11-01T04:37:31.000Z,0.000003,0x27fc7a4c1c200d8430b6855b1a8c99296a031e84,buy,0x15f173b7aca7cd4a01d6f8360e65fb4491d270c1,0x85f6e10c3c324870fd13689c427a72468e570fb670bfe5f706d236350e583b69
262,14953.643704516,0.044860931113548004,0x13c3fd153e23ded7477e0817ad4d5754e2d67649,2017-11-01T04:30:59.000Z,0.00000299999999999999,0xb175e6ba0506c63720e6f84f3c5994b815f7f198,sell,0x15f173b7aca7cd4a01d6f8360e65fb4491d270c1,0x0ba9d71e24ef495ae02debd19439ab55a61a1e6ebf7c0e8cc3217be81db7c430
263,14953.643704516,0.044860931113548004,0x13c3fd153e23ded7477e0817ad4d5754e2d67649,2017-11-01T04:30:01.000Z,0.00000299999999999999,0x1201148531be51eca1f47b92b8a9af340149bc20,sell,0x15f173b7aca7cd4a01d6f8360e65fb4491d270c1,0xf147047743ea4bf0e07b9f29a6324446593c322a0ab13b91b29b3e4c7000a020
264,14953.643704516,0.044863921842288906,0xfc5b5a90e6d724e5dd1c9c99b6b81c34544117b5,2017-11-01T04:26:14.000Z,0.00000300019999999999,0x7eb5c3813a8ff1477e5decb39dc6f8fd9b1fc6cc,sell,0x15f173b7aca7cd4a01d6f8360e65fb4491d270c1,0xf9ad09aa25506f5ffbbd81637d7f5ea3993b668c6301f0214068329130b4245c
265,14955.134447582945,0.04486839436963835,0xfc5b5a90e6d724e5dd1c9c99b6b81c34544117b5,2017-11-01T04:25:13.000Z,0.00000300019999999999,0x07ee7f4efe19efef3205d25a59d682d5b4ba4b9e,sell,0x15f173b7aca7cd4a01d6f8360e65fb4491d270c1,0x650771403eea02b572ae018302c88f5f5b569a4dd9d0a0b131f5e0c7e00e0266
266,10000,0.03,0x808794aa3a7b2ccbef5899c08f686635a5d8a4e9,2017-11-01T04:23:16.000Z,0.000003,0x27fc7a4c1c200d8430b6855b1a8c99296a031e84,buy,0x15f173b7aca7cd4a01d6f8360e65fb4491d270c1,0xdd943869c62d2a82096064b7bd5936a680502b8f678708b609fcedacc33766fb
267,14953.643704516,0.044860931113548004,0x13c3fd153e23ded7477e0817ad4d5754e2d67649,2017-11-01T04:19:52.000Z,0.00000299999999999999,0xa44c92ee9177a8f8f3a3b7f6f943ffa993da6239,sell,0x15f173b7aca7cd4a01d6f8360e65fb4491d270c1,0x3de8327f1e77176852f38854a49f7ce9542776e5febdbbd98785c2056e1ea111
268,14953.643704516,0.044863921842288906,0xfc5b5a90e6d724e5dd1c9c99b6b81c34544117b5,2017-11-01T04:15:39.000Z,0.00000300019999999999,0x5e1d04617475e1d2500fa422de3b742eccd27eea,sell,0x15f173b7aca7cd4a01d6f8360e65fb4491d270c1,0x51a72a3c568414900fa350e520ab34aa0453b5112c712bf7f2f6505487befbda
269,14953.643704516,0.044863921842288906,0xfc5b5a90e6d724e5dd1c9c99b6b81c34544117b5,2017-11-01T04:15:02.000Z,0.00000300019999999999,0x6135ebc9030e46628ea0b3253c96c017f662c9a2,sell,0x15f173b7aca7cd4a01d6f8360e65fb4491d270c1,0x5ae00596dd0a94672027334e0e400874f9b0bc0350a5ec082c8c0aaa9f68b8af
270,14953.643704516,0.044863921842288906,0xfc5b5a90e6d724e5dd1c9c99b6b81c34544117b5,2017-11-01T04:14:12.000Z,0.00000300019999999999,0x07ee7f4efe19efef3205d25a59d682d5b4ba4b9e,sell,0x15f173b7aca7cd4a01d6f8360e65fb4491d270c1,0xb23a6705d8c816f32a8bd9453732db6a86b38c09bab0837e8e9a1eb3d85bee0c
271,8.944458401664441,0.000026835164096673,0xfc5b5a90e6d724e5dd1c9c99b6b81c34544117b5,2017-11-01T04:13:42.000Z,0.00000300019999999992,0xa839c6c2143fac413b4aa0134b200b84dfa1bb08,sell,0x15f173b7aca7cd4a01d6f8360e65fb4491d270c1,0x5a0d73a6ad7706c9440a82ee0a98d1a9efe8766f372a162c1d2cf41625a086a2
272,89721.862227096,0.26918353105373344,0xfc5b5a90e6d724e5dd1c9c99b6b81c34544117b5,2017-11-01T04:12:45.000Z,0.00000300019999999999,0xa839c6c2143fac413b4aa0134b200b84dfa1bb08,sell,0x15f173b7aca7cd4a01d6f8360e65fb4491d270c1,0xf5bae6b475fa38a5eb0e65528a6a7ac10c1c5ccbbf1b8b78b6f530f534a5e3b9
273,14953.643704516,0.044863921842288906,0xfc5b5a90e6d724e5dd1c9c99b6b81c34544117b5,2017-11-01T04:11:29.000Z,0.00000300019999999999,0x3b019c756617dfd8d65b607d69b0c584f0966da4,sell,0x15f173b7aca7cd4a01d6f8360e65fb4491d270c1,0x95f2fd370364465d9faad5c573f43147f27966837c7d8dac264be51634c57193
274,14953.643704516,0.044875884757252515,0x658acdd5063fa27fe816f3923c7426a29cb2421b,2017-11-01T04:10:18.000Z,0.00000300099999999999,0x0754c9d06e99d77d179a49dfbc3dd49513776600,sell,0x15f173b7aca7cd4a01d6f8360e65fb4491d270c1,0x0f882164ac39a1919d19c3615f0ea70c0764e72b5d8a8e443f0152864597eb96
275,14953.643704516,0.044863921842288906,0xfc5b5a90e6d724e5dd1c9c99b6b81c34544117b5,2017-11-01T04:06:32.000Z,0.00000300019999999999,0xd88eafd0d4e164a20ae9f03fdd7b329a6e2f9a09,sell,0x15f173b7aca7cd4a01d6f8360e65fb4491d270c1,0x78b0eb1285113676c67f779ce828a8038c3363cd1e1b84225a9c5130b42704bf
276,14953.643704516,0.044860931113548004,0x13c3fd153e23ded7477e0817ad4d5754e2d67649,2017-11-01T04:00:48.000Z,0.00000299999999999999,0xfb62a2744ebc69c375ea1eefcb7adb5c5f661065,sell,0x15f173b7aca7cd4a01d6f8360e65fb4491d270c1,0x258dd7f50cdcfd33789228a5b812bccac6d9a349da6269c086e3bdd69ee0ed23
277,5000,0.015,0x43808d5a5cc952c530ff9d0499fa0bfd8ff553bf,2017-11-01T03:59:40.000Z,0.000003,0x28259ff4db3fc94ac7b244924081f2955ef47e33,buy,0x15f173b7aca7cd4a01d6f8360e65fb4491d270c1,0x025817308803fae36719d8923a710c236bbd52b49ceab8f524e5f6a375b14d42
278,10000,0.03,0x93843c248a882d8c24db4e9786eb1c68f0a2ff02,2017-11-01T03:58:22.000Z,0.000003,0x28259ff4db3fc94ac7b244924081f2955ef47e33,buy,0x15f173b7aca7cd4a01d6f8360e65fb4491d270c1,0x00401bae2520360585cecc4bc9ab22782efb394b149a5e1a273af20a425b0c7d
279,14953.643704516,0.044860931113548004,0x13c3fd153e23ded7477e0817ad4d5754e2d67649,2017-11-01T03:55:08.000Z,0.00000299999999999999,0xefe18bf0e7416f23e62e05556a03d599d37a6a1f,sell,0x15f173b7aca7cd4a01d6f8360e65fb4491d270c1,0x23c8d783a25a8fcd6614633ed87931aececb708a27917d335ad53fcfef81cbc2
280,7883.268974145457,0.02364980692243637,0x13c3fd153e23ded7477e0817ad4d5754e2d67649,2017-11-01T03:53:27.000Z,0.00000299999999999999,0xfa6a01efc9963a39a84f2a588ca3ca75c90e1e3a,sell,0x15f173b7aca7cd4a01d6f8360e65fb4491d270c1,0xc8fdbd69735747da05bea88114ef84290fefb56a33710f113e1b1066b941eb2c
281,7071.079653075466,0.02122031003887947,0x0a23e3542ea05bcf2dea1ae66eef33543c71b891,2017-11-01T03:49:14.000Z,0.00000300099999999999,0xfa6a01efc9963a39a84f2a588ca3ca75c90e1e3a,sell,0x15f173b7aca7cd4a01d6f8360e65fb4491d270c1,0x51feea1ce9fd40501fc1ba5f35b9e9cf9ad9eaee51aa9ca60e82a9f01e103c92
282,29908.281237743297,0.08972484371322989,0x13c3fd153e23ded7477e0817ad4d5754e2d67649,2017-11-01T03:48:44.000Z,0.00000299999999999999,0xb4066e3f167a4e5b7b97cca2b163ee396cfd0a1d,sell,0x15f173b7aca7cd4a01d6f8360e65fb4491d270c1,0xfd49e7474ffa3c223956bd8b67137b180dc3e3d2e961a3210503358fd1a89773
283,6179.221671945743,0.023481042353393825,0xfdf7c01650ea64dae1496d7be373af4c060d13a7,2017-11-01T03:48:44.000Z,0.0000038,0xf84aaac1c622b12ed46bf7ba623373de1fce91ba,buy,0x15f173b7aca7cd4a01d6f8360e65fb4491d270c1,0x04071cc04de8d3f3f91cf1925debb8644593fbe62616b5e825634b2f9e002a39
284,10000,0.032,0x03d051e3eede81c16ae08dbd655e01411f350575,2017-11-01T03:47:31.000Z,0.0000032,0x7e279f1ec2ca95fe2b823cafa918cd0bdf6314d4,buy,0x15f173b7aca7cd4a01d6f8360e65fb4491d270c1,0x2d6cb47993a8514c890f1ff70942bdd2f587a555708f770b6c273b46c9dd22b5
285,7975.276642408534,0.023933805203868008,0x0a23e3542ea05bcf2dea1ae66eef33543c71b891,2017-11-01T03:45:48.000Z,0.00000300099999999999,0x4297b97af8eff7db87e1ff1823c2427a98f7e449,sell,0x15f173b7aca7cd4a01d6f8360e65fb4491d270c1,0xa1892e6b721c40e8d2cff64945a670fbb4e66821ac630f54cfe57d10698ee28f
286,14953.643704516,0.044875884757252515,0x0a23e3542ea05bcf2dea1ae66eef33543c71b891,2017-11-01T03:45:48.000Z,0.00000300099999999999,0x0ad18a83fdc44116d7a1fbd90d398e5604f83070,sell,0x15f173b7aca7cd4a01d6f8360e65fb4491d270c1,0x153a2dd7e28ae1172be6a145a12d682e73990658baff3abaca9cd7fcf987daab
287,10000,0.032,0xf6d498b1fe45460590e8e94ff942f81cc67eb806,2017-11-01T03:43:32.000Z,0.0000032,0xa14e78cb9678d1f1ca8f72ce5af174cdb389ea87,sell,0x15f173b7aca7cd4a01d6f8360e65fb4491d270c1,0xd7f2cb72c552b538a685f122b9bb9bb96ce53dd44b1f346a2f82efd4d1c6545d
288,14953.643704516,0.044860931113548004,0x13c3fd153e23ded7477e0817ad4d5754e2d67649,2017-11-01T03:36:13.000Z,0.00000299999999999999,0xa8548974b303f28b3a7151f4d70f71f3784ffa4d,sell,0x15f173b7aca7cd4a01d6f8360e65fb4491d270c1,0x2d1b82ecff8fc3574fc44826ee4af4fad72ef9da39a89e43bd148693657980b5
289,15000,0.045,0x543a235a9515b2b10489bccd1a0287f34df5848c,2017-11-01T03:35:38.000Z,0.000003,0x2a0197507398019c56307b2833ca8889954e2d04,buy,0x15f173b7aca7cd4a01d6f8360e65fb4491d270c1,0x23c0710eeb216ae57a32af37de6071108d306587565d076c4670b4e9ec8e6aa9
290,0.000000000001476966,0.000000000000000004,0x13c3fd153e23ded7477e0817ad4d5754e2d67649,2017-11-01T03:35:38.000Z,0.0000027082546246833,0x3318b5528f0eb095afd4c8d14152bdda00da01af,sell,0x15f173b7aca7cd4a01d6f8360e65fb4491d270c1,0x3ba40fc8ca5eb89599947b2b7c6757850ef119797524cb47cf3b4d4ba05dd61c
291,14953.643704516,0.044860931113548004,0x13c3fd153e23ded7477e0817ad4d5754e2d67649,2017-11-01T03:35:15.000Z,0.00000299999999999999,0x9839655f716122c5fe3594a031b1b0483058d123,sell,0x15f173b7aca7cd4a01d6f8360e65fb4491d270c1,0xbb13c9791aeddbb421959f6302c9aa6f830f79bd9db8ec479614654f745a0ae2
292,5000,0.016,0x543a235a9515b2b10489bccd1a0287f34df5848c,2017-11-01T03:34:41.000Z,0.0000032,0x7e279f1ec2ca95fe2b823cafa918cd0bdf6314d4,buy,0x15f173b7aca7cd4a01d6f8360e65fb4491d270c1,0x144f695e3bad30c34578493f8acbd7d7bce5dc71ca318786ba842e675c466009
293,14955.134447582945,0.044865403342748834,0x13c3fd153e23ded7477e0817ad4d5754e2d67649,2017-11-01T03:33:06.000Z,0.00000299999999999999,0x8ec9bca6d18713346438ee116587b59e4d2252a7,sell,0x15f173b7aca7cd4a01d6f8360e65fb4491d270c1,0x0fa903b60bd4db51927e2b7a2d42067e596b4bfb1a6dde00a216efaf972a9e12
294,14953.643704516,0.044860931113548004,0x13c3fd153e23ded7477e0817ad4d5754e2d67649,2017-11-01T03:32:04.000Z,0.00000299999999999999,0x2ea6bd58bc3555faeebf4d5b31164d52079b9832,sell,0x15f173b7aca7cd4a01d6f8360e65fb4491d270c1,0x64c9bc2adb21844d0abbc73449fa5012e453a4cd42a0f01c6de8d6f7c9fa2fcc
295,14953.643704516,0.044860931113548004,0x13c3fd153e23ded7477e0817ad4d5754e2d67649,2017-11-01T03:32:04.000Z,0.00000299999999999999,0xfd256b528f695301164c9e21ee7c8eebb02180f1,sell,0x15f173b7aca7cd4a01d6f8360e65fb4491d270c1,0xd9339e3da7cfdf4aae636e8d70ccd41bb4c7ff48f2e93dc08c1da3a2a462c233
296,1.4907430669440733,0.000004472229200832,0x13c3fd153e23ded7477e0817ad4d5754e2d67649,2017-11-01T03:27:08.000Z,0.00000299999999999985,0x1b6572f89d7d320e044b0a218e3c68c8198c2c40,sell,0x15f173b7aca7cd4a01d6f8360e65fb4491d270c1,0xe8f7ea64358756db4a0193a332d75b6f63b658399ebe556960e0c97af693249f
297,14953.643704516,0.044860931113548004,0x13c3fd153e23ded7477e0817ad4d5754e2d67649,2017-11-01T03:26:02.000Z,0.00000299999999999999,0x1b6572f89d7d320e044b0a218e3c68c8198c2c40,sell,0x15f173b7aca7cd4a01d6f8360e65fb4491d270c1,0x50cd15651a085fe4f75ee8462c13ef0f188ccc194b3a4c4dcff42b5055c8cdef
298,3000,0.009,0x13c3fd153e23ded7477e0817ad4d5754e2d67649,2017-11-01T03:24:42.000Z,0.000003,0x6d89f9cb660c4aacace4a9b6931aae0578b2c862,sell,0x15f173b7aca7cd4a01d6f8360e65fb4491d270c1,0x02e624bc3227e8347c10f4e2d3a614966c92fce5bfec1ff70a9ce146d18f8cc3
299,14953.643704516,0.044860931113548004,0x13c3fd153e23ded7477e0817ad4d5754e2d67649,2017-11-01T03:24:24.000Z,0.00000299999999999999,0x662160d0201bacbc8ea04709e8f8f724d5efe8ba,sell,0x15f173b7aca7cd4a01d6f8360e65fb4491d270c1,0x7f59bd81ea49a0e97cd4f5cba1de52ffc181f1fd6523de10b110584cabf5136e
300,14953.643704516,0.044860931113548004,0x13c3fd153e23ded7477e0817ad4d5754e2d67649,2017-11-01T03:23:02.000Z,0.00000299999999999999,0x8ec9bca6d18713346438ee116587b59e4d2252a7,sell,0x15f173b7aca7cd4a01d6f8360e65fb4491d270c1,0x4c5c58862fa38cc2872f3d59696e322a7827c94d87d3163ab95722956e24d099
301,0.000000014815432611,0.000000000000044446,0x13c3fd153e23ded7477e0817ad4d5754e2d67649,2017-11-01T03:22:29.000Z,0.00000299997989711081,0x3318b5528f0eb095afd4c8d14152bdda00da01af,sell,0x15f173b7aca7cd4a01d6f8360e65fb4491d270c1,0x251adb54a1fc4164cd61782d3ac1253347d1a00083bff096432a6def5cefaa04
302,1000,0.003002,0x035392de57aa4fe343d86494103dbe1b068a56c6,2017-11-01T03:21:36.000Z,0.000003002,0x6d89f9cb660c4aacace4a9b6931aae0578b2c862,sell,0x15f173b7aca7cd4a01d6f8360e65fb4491d270c1,0xb3f842a9cc56f0138c49a9e3f07b7514ea885434360674c8e72977a652b344b0
303,5000,0.015025,0xb49b884b29e25ba3ab4d772c1b9322886a7696d7,2017-11-01T03:21:17.000Z,0.000003005,0x6d89f9cb660c4aacace4a9b6931aae0578b2c862,sell,0x15f173b7aca7cd4a01d6f8360e65fb4491d270c1,0x48629b641d4618e0ff370c9e0fe1cfcd3d9e78349e9376414a61b376944f7e11
304,0.000148613604520394,0.000000000557301016,0xda1c0d6095c17ae01ebb65c401806e4b36e3545d,2017-11-01T03:20:49.000Z,0.00000374999999359764,0x3318b5528f0eb095afd4c8d14152bdda00da01af,sell,0x15f173b7aca7cd4a01d6f8360e65fb4491d270c1,0x4e6121779bcef23d48346f5ebab0412bffec32ce26cde8c1b7740cb0216c7e75
305,5137.219,0.01926457125,0xda1c0d6095c17ae01ebb65c401806e4b36e3545d,2017-11-01T03:20:39.000Z,0.00000375,0x6d89f9cb660c4aacace4a9b6931aae0578b2c862,sell,0x15f173b7aca7cd4a01d6f8360e65fb4491d270c1,0x9dade43172c925030525535445e25d9dcd7b1459a30f266ab41179d323680a71
306,14954.002387836372,0.056077508954386394,0xda1c0d6095c17ae01ebb65c401806e4b36e3545d,2017-11-01T03:19:49.000Z,0.00000374999999999999,0xdeba453d3e2d7f0a3f6d40c3d6c24b9e2de2be4e,sell,0x15f173b7aca7cd4a01d6f8360e65fb4491d270c1,0xc00f337ec9bfefa381a903d9b57fbfa5081fd9a8e6c989ef5dcf374b096d665d
307,1.4907430669440733,0.00000559028650104,0xda1c0d6095c17ae01ebb65c401806e4b36e3545d,2017-11-01T03:19:13.000Z,0.00000374999999999981,0x3318b5528f0eb095afd4c8d14152bdda00da01af,sell,0x15f173b7aca7cd4a01d6f8360e65fb4491d270c1,0x4b1c253caa5fb7606e666b977c4939814d167c695bef38ea7b61784808e35b81
308,14953.643704516,0.056076163891935,0xda1c0d6095c17ae01ebb65c401806e4b36e3545d,2017-11-01T03:17:19.000Z,0.00000374999999999999,0xfad5508bde3419be3514db86e3bccc8c448449a4,sell,0x15f173b7aca7cd4a01d6f8360e65fb4491d270c1,0x64f7fa183ef47a2e11bd68ceaefbe03ab9420423e644c0543d5233d9f83249e6
309,14953.643704516,0.056076163891935,0xda1c0d6095c17ae01ebb65c401806e4b36e3545d,2017-11-01T03:16:39.000Z,0.00000374999999999999,0x3318b5528f0eb095afd4c8d14152bdda00da01af,sell,0x15f173b7aca7cd4a01d6f8360e65fb4491d270c1,0xb502964a2157069788026a7369ac8fd38af49577e68875e147bcc7d11a2b0ceb
310,15000,0.05625,0x543a235a9515b2b10489bccd1a0287f34df5848c,2017-11-01T03:10:55.000Z,0.00000375,0x51bff6f116cd1d9bffb0248a669bbd86635d92f8,buy,0x15f173b7aca7cd4a01d6f8360e65fb4491d270c1,0x95629a989a05f799d7efd1be1381989d026ab51ae25831f5c73870f1348ca254
311,4094.806,0.016379224,0x73cfbeddec176a7aade57f0ed5a4cef95dd85fca,2017-11-01T03:06:26.000Z,0.000004,0xeb4087b779d8dff4f9d9a593eaccd5bfa91e1203,sell,0x15f173b7aca7cd4a01d6f8360e65fb4491d270c1,0xa1e594d8044b006a9cbf36e991db98eff96fe748828682eb54a7fd9646935f26
312,14953.643704516,0.059814574818064,0x73cfbeddec176a7aade57f0ed5a4cef95dd85fca,2017-11-01T03:04:45.000Z,0.00000399999999999999,0xb7cb348805dc234761868b96757662741873f37a,sell,0x15f173b7aca7cd4a01d6f8360e65fb4491d270c1,0x4d60fc9efb48c86bc50891d4e394a834071dc30a5e813debda0ab2aff6418df0
313,5951.550194397368,0.02380620077758947,0x73cfbeddec176a7aade57f0ed5a4cef95dd85fca,2017-11-01T03:04:36.000Z,0.00000399999999999999,0x318bd73023babf737e865228faad489024bad0ca,sell,0x15f173b7aca7cd4a01d6f8360e65fb4491d270c1,0x80a75177ff6bac47b0dba2538e0b963afdfedf782a4eafdab4875e2684cbf77f
314,10000,0.04106,0x543a235a9515b2b10489bccd1a0287f34df5848c,2017-11-01T03:02:44.000Z,0.000004106,0x318bd73023babf737e865228faad489024bad0ca,sell,0x15f173b7aca7cd4a01d6f8360e65fb4491d270c1,0xbabc9ba33430d7a48f33cfee71613c8de6442fbd29eed2a662e6813a86d062fd
315,10000,0.066,0xda1f3895c87d58cfe321c248e427ceb66d53ec80,2017-11-01T02:43:44.000Z,0.0000066,0x543a235a9515b2b10489bccd1a0287f34df5848c,buy,0x15f173b7aca7cd4a01d6f8360e65fb4491d270c1,0x30db9189b44839888264c874f0289ef08397839ff70016b87bb81ff7e0593c0c
316,10.765063156174785,0.000044190584256097,0x6009502524cc23d9861056a1d2b2f89603b14bbc,2017-11-01T01:13:34.000Z,0.00000410499999999995,0x309da4ad891e21b1527af45a802fcaf97bd1e380,sell,0x15f173b7aca7cd4a01d6f8360e65fb4491d270c1,0xf0965d1d276793651e352982cdac7f89ac6c919b525d688c31f4a37d1a10a345
317,107984.34851958927,0.44327575067291397,0x6009502524cc23d9861056a1d2b2f89603b14bbc,2017-11-01T01:11:05.000Z,0.00000410499999999999,0x309da4ad891e21b1527af45a802fcaf97bd1e380,sell,0x15f173b7aca7cd4a01d6f8360e65fb4491d270c1,0x9bdd3c66928549acecf0a5586a930fd7cb181eed376dd06d0efe9d46fd2abc34
318,2.8545173210734927,0.000011717793603006,0x6009502524cc23d9861056a1d2b2f89603b14bbc,2017-11-01T00:50:22.000Z,0.00000410499999999975,0xde2d2e7eb340e4a1b9855bfe96156b4a2d023ab3,sell,0x15f173b7aca7cd4a01d6f8360e65fb4491d270c1,0xb3a25c15af9cf531a339449d99a8904f3ad9202363ded0ff62e1a55b57c6d0ff
319,28633.663247688208,0.11754118763176008,0x6009502524cc23d9861056a1d2b2f89603b14bbc,2017-11-01T00:48:09.000Z,0.00000410499999999999,0xde2d2e7eb340e4a1b9855bfe96156b4a2d023ab3,sell,0x15f173b7aca7cd4a01d6f8360e65fb4491d270c1,0x6229edd9621400b0f1012972459d6c91286c6b38cb29bc81674a524efb188b9f
320,86891.014,0.260759933014,0x1488f3de9b1a16af3a413ad7f4198c9cce4cf867,2017-11-01T00:33:02.000Z,0.000003001,0xde2d2e7eb340e4a1b9855bfe96156b4a2d023ab3,sell,0x15f173b7aca7cd4a01d6f8360e65fb4491d270c1,0x5534407b06008a947673aa8372279592145a5e6567432957bbfd3ecd7f667c45
321,29845.67754462484,0.1343055489508118,0xdd45b996c47bb6852e2f37ff83b5ebc3dc55febb,2017-11-01T00:28:41.000Z,0.00000449999999999999,0xde2d2e7eb340e4a1b9855bfe96156b4a2d023ab3,sell,0x15f173b7aca7cd4a01d6f8360e65fb4491d270c1,0x470ceed01bfa7948d4cdb5998a36f4f5111825eb498016479b034400783c2e56
322,8397.641312940552,0.03778938590823248,0xdd45b996c47bb6852e2f37ff83b5ebc3dc55febb,2017-10-31T23:10:14.000Z,0.00000449999999999999,0x6009502524cc23d9861056a1d2b2f89603b14bbc,sell,0x15f173b7aca7cd4a01d6f8360e65fb4491d270c1,0x6079692770a21743ad6ef0280c05130c8881219cf0cdec43830f255493959f18
323,10061.808,0.0467874072,0xb574cc436fab1ffe49d8433613465f7a3c07020c,2017-10-31T23:08:01.000Z,0.00000465,0x6009502524cc23d9861056a1d2b2f89603b14bbc,sell,0x15f173b7aca7cd4a01d6f8360e65fb4491d270c1,0xd83660d57635f862de9f7c3571287c7e2efc02cf20379a9c15f8517e7564170c
324,6434.126,0.0302403922,0x2bdc160ca80bc28f37d81b6d16e88201b74aa7b9,2017-10-31T23:07:32.000Z,0.0000047,0x6009502524cc23d9861056a1d2b2f89603b14bbc,sell,0x15f173b7aca7cd4a01d6f8360e65fb4491d270c1,0x849c6fae8923ba1daa9a0377ad2e39b488ff00193ae8c196508a93dee68e9fcb
325,19151.383997607416,0.09001150478875486,0x2bdc160ca80bc28f37d81b6d16e88201b74aa7b9,2017-10-31T22:50:13.000Z,0.00000469999999999999,0xf6081ac9c1bec3513d4545c17034b1353230f8b0,sell,0x15f173b7aca7cd4a01d6f8360e65fb4491d270c1,0x1a111cf170d59a0dd43ec1e2a61269a87789acb358dd44c676fac72230a5ff7a
326,2780.904,0.01340395728,0x11cdf89ff79e176946a6d8ed34095a26e908edd4,2017-10-31T22:49:25.000Z,0.00000482,0xf6081ac9c1bec3513d4545c17034b1353230f8b0,sell,0x15f173b7aca7cd4a01d6f8360e65fb4491d270c1,0x4f9d6358b76cbbb99c9b4bbf1128a6e9253b4c56b2e2e8b79be23d0b486066fe
327,9969.095803010667,0.048051041770511414,0x11cdf89ff79e176946a6d8ed34095a26e908edd4,2017-10-31T22:15:42.000Z,0.00000481999999999999,0xf79ade20ebbecbceba035d1024f686f713f683cd,sell,0x15f173b7aca7cd4a01d6f8360e65fb4491d270c1,0x8bd242a0c19bf64b85e63219df70c49e08ebb282e2b124e76c394d20d8dc1a33
328,12000,0.066,0x11cdf89ff79e176946a6d8ed34095a26e908edd4,2017-10-31T21:45:06.000Z,0.0000055,0xafeaa9583862b021ffe5baffb3782f33cb068b87,buy,0x15f173b7aca7cd4a01d6f8360e65fb4491d270c1,0x8f68c8afabdb4ff807acb76c645e59423f83ded567a8a6c3a31904f31231787b
329,10000,0.055,0x87b53f4d4cb88a808504f2d4c13b93bfaf7510b6,2017-10-31T21:41:39.000Z,0.0000055,0xafeaa9583862b021ffe5baffb3782f33cb068b87,buy,0x15f173b7aca7cd4a01d6f8360e65fb4491d270c1,0x6012fe86097df6475c50c1bc33710244a9ed56249cfdaa1a49ffb518b137c567
330,9969.095803010667,0.046854750274150134,0x2bdc160ca80bc28f37d81b6d16e88201b74aa7b9,2017-10-31T21:07:05.000Z,0.00000469999999999999,0xfef848fc5c2735405ddc8e40ef7c44f3d6c5e907,sell,0x15f173b7aca7cd4a01d6f8360e65fb4491d270c1,0x8b867f372e0d3d9d1ad5b5050a74ea9c5fc8144f5f9d02b3d13417cbe2cbe836
331,9969.095803010667,0.046854750274150134,0x2bdc160ca80bc28f37d81b6d16e88201b74aa7b9,2017-10-31T20:52:16.000Z,0.00000469999999999999,0x2814b12c1ad7a7ac0df8745598751a1b6f042845,sell,0x15f173b7aca7cd4a01d6f8360e65fb4491d270c1,0x62df075099329aa585b071792a826d1c6a3af803cae456479e4f3643f8c7a568
332,9969.095803010667,0.046854750274150134,0x2bdc160ca80bc28f37d81b6d16e88201b74aa7b9,2017-10-31T20:47:35.000Z,0.00000469999999999999,0xb771104c566a19543cfab417370e1c5d6b1414b7,sell,0x15f173b7aca7cd4a01d6f8360e65fb4491d270c1,0x1f060ff2aefc89967bee4fe5e8b3fb377513da0990a1fb5d4ea680bde8440fe7
333,9969.095803010667,0.046854750274150134,0x2bdc160ca80bc28f37d81b6d16e88201b74aa7b9,2017-10-31T20:34:24.000Z,0.00000469999999999999,0xc7ec3f773b58e4d036a5057b5417dcccfff434e4,sell,0x15f173b7aca7cd4a01d6f8360e65fb4491d270c1,0xc167ed5b70500a388e930605d2ca62be8e880a23653654532beb13e6037f9191
334,1461.2801531018972,0.006868016719578917,0x2bdc160ca80bc28f37d81b6d16e88201b74aa7b9,2017-10-31T19:49:26.000Z,0.00000469999999999999,0xe2603cae5a714ccac6ec758bb0d4bbb1822deec0,sell,0x15f173b7aca7cd4a01d6f8360e65fb4491d270c1,0xf7477bcddae94f07b3c5986131097109014b05d65ceffc324b3768974f5b71cc
335,7794.229018655247,0.03507403058394861,0xdd45b996c47bb6852e2f37ff83b5ebc3dc55febb,2017-10-31T16:59:25.000Z,0.00000449999999999999,0xb2dfc40db03d85f2086aa9c849b3bca1fbe6c1e4,sell,0x15f173b7aca7cd4a01d6f8360e65fb4491d270c1,0xf0ff86d81f94285d7e6b57378b310cc58eeb708c942079281137cd94c57225e3
336,1175.0836205253456,0.00552406810008965,0x543a235a9515b2b10489bccd1a0287f34df5848c,2017-10-31T16:57:41.000Z,0.00000470099999999999,0xb2dfc40db03d85f2086aa9c849b3bca1fbe6c1e4,sell,0x15f173b7aca7cd4a01d6f8360e65fb4491d270c1,0xa41f5ce6e667340d8ab7dd75e9d8dd310a99b08a49c22d14682d3557353f8ad3
337,1000,0.00471,0x78b0e4933f5b7d90102367e28efcde256998411e,2017-10-31T16:56:33.000Z,0.00000471,0xb2dfc40db03d85f2086aa9c849b3bca1fbe6c1e4,sell,0x15f173b7aca7cd4a01d6f8360e65fb4491d270c1,0x8998f06f05a120f5ac690a3b561922a957e713cbf4cd191eeebc81716498f8cc
338,5000,0.034,0xd420b0a31a0fd6d7efc20c796e001af9062fc68b,2017-10-31T15:06:43.000Z,0.0000068,0xca580e8b9ac145063b82b677d5040fd68d335434,buy,0x15f173b7aca7cd4a01d6f8360e65fb4491d270c1,0x409044c528649d237756ca4e50344e68039d9fbdc5a1aac2289519637f2c44a4
339,9969.095803010667,0.046854750274150134,0x2bdc160ca80bc28f37d81b6d16e88201b74aa7b9,2017-10-31T14:56:49.000Z,0.00000469999999999999,0xac5b8828d1c5758788fa5d7e0d8aa3d75b4f2d37,sell,0x15f173b7aca7cd4a01d6f8360e65fb4491d270c1,0x6181e84258a3c24687cbc6f5b7b67562b0ee7b9893f900660787ca814a31896e
340,8824.916379474655,0.04148593189991035,0x543a235a9515b2b10489bccd1a0287f34df5848c,2017-10-31T14:40:29.000Z,0.00000470099999999999,0x0eded189ff081c434a725026534b898ad131139e,sell,0x15f173b7aca7cd4a01d6f8360e65fb4491d270c1,0xbbbce7e3bf5cb55fd1c52a11269996a765076a794ab945cdabaa70620b2922c4
341,11000,0.05192,0xca580e8b9ac145063b82b677d5040fd68d335434,2017-10-31T14:37:30.000Z,0.00000472,0x0eded189ff081c434a725026534b898ad131139e,sell,0x15f173b7aca7cd4a01d6f8360e65fb4491d270c1,0xe8938efadc0a4dfcb88c4f3e3357800a490ed8fe8fb0abcea4120da9821ee8f0
342,19107.73054499716,0.08980633356148665,0x2bdc160ca80bc28f37d81b6d16e88201b74aa7b9,2017-10-31T14:08:21.000Z,0.00000469999999999999,0xa8ebce443fddd76cc1ab018d96b4f5e3b629f1e6,sell,0x15f173b7aca7cd4a01d6f8360e65fb4491d270c1,0x7e09aec5b9f53e9e3a7775d3e04fbafd69111709c62c0cdf4359c18153597e39
343,10000,0.06889,0xe1ecc9fe982499f424664631c65cc6813f198b21,2017-10-31T13:17:13.000Z,0.000006889,0x579be428e844f1ff7ae5c5f265f43f0510c539b3,buy,0x15f173b7aca7cd4a01d6f8360e65fb4491d270c1,0xcaab79da1e1d4fd137579d3a2f3e49f0ba6bcd2c13553f4b895a09801b0ec448
344,15003,0.09976995,0xe1ecc9fe982499f424664631c65cc6813f198b21,2017-10-31T13:11:59.000Z,0.00000665,0xbdbc010651becc4709bae06327a51f97dcd4989b,buy,0x15f173b7aca7cd4a01d6f8360e65fb4491d270c1,0xe687ca17aa5a60b7751f753f024aba001c1446301e3393b378dbb5a117fa6731
345,4000,0.02656,0xe1ecc9fe982499f424664631c65cc6813f198b21,2017-10-31T13:09:41.000Z,0.00000664,0xca580e8b9ac145063b82b677d5040fd68d335434,buy,0x15f173b7aca7cd4a01d6f8360e65fb4491d270c1,0xf9eee104d2c01e8c27873c8cb4dde9cd332cc6b82aafe83de25a55b5f18a71ae
346,10000,0.06649,0xe1ecc9fe982499f424664631c65cc6813f198b21,2017-10-31T13:09:41.000Z,0.000006649,0x0a9751127840cfadebe2342afd1789bb62ed757a,buy,0x15f173b7aca7cd4a01d6f8360e65fb4491d270c1,0xc3496f350d5f0e9dbccab63ef8db8e0e8e69b0ab1b4a5fa1552ed823d6c974b6
347,2765.203617560359,0.016588456501744592,0xe1ecc9fe982499f424664631c65cc6813f198b21,2017-10-31T13:09:34.000Z,0.000005999,0x543a235a9515b2b10489bccd1a0287f34df5848c,buy,0x15f173b7aca7cd4a01d6f8360e65fb4491d270c1,0xe3249cb52ea69ef7d5ddd4d65444fc314f1dddb03d0e498c31bf2a56a222cb7e
348,4000,0.0256,0x87b53f4d4cb88a808504f2d4c13b93bfaf7510b6,2017-10-31T12:58:54.000Z,0.0000064,0xca580e8b9ac145063b82b677d5040fd68d335434,buy,0x15f173b7aca7cd4a01d6f8360e65fb4491d270c1,0xcc8cf87568a0eb241dfed7259653f926d3cf0d7242203b21c0684156ff9b1c40
349,5000,0.0325,0x87b53f4d4cb88a808504f2d4c13b93bfaf7510b6,2017-10-31T12:57:52.000Z,0.0000065,0xb320ffa395e8429be67732b4ff0c80bc86e9e70d,buy,0x15f173b7aca7cd4a01d6f8360e65fb4491d270c1,0xb5e7c9c99097806381ba983a9992d22419297d8838d9ed7dd979361ce11ef559
350,10000,0.04711,0xca580e8b9ac145063b82b677d5040fd68d335434,2017-10-31T11:19:06.000Z,0.000004711,0x0eded189ff081c434a725026534b898ad131139e,sell,0x15f173b7aca7cd4a01d6f8360e65fb4491d270c1,0x27b7c72f1bd5e037388b0fc0c688857682d1f20a8018e89c5b9ebfed60f00b89
351,9969.095803010667,0.0463562954839996,0xb574cc436fab1ffe49d8433613465f7a3c07020c,2017-10-31T10:00:17.000Z,0.00000464999999999999,0x2f95f965c0219d0499cd3ee0d06bb542c348ea63,sell,0x15f173b7aca7cd4a01d6f8360e65fb4491d270c1,0x9fdcb2a318208b225043759f00a298004032a6f54845aac0f7f7bce2dc1969da
352,40000,0.18604,0xca580e8b9ac145063b82b677d5040fd68d335434,2017-10-31T09:47:29.000Z,0.000004651,0x5efe84c09da2d6c7ba0cd45758162a76e5ebda36,sell,0x15f173b7aca7cd4a01d6f8360e65fb4491d270c1,0x88884d4eeaaa92181266142b093ffdbff89224d10e3c04c736805c098b903bff
353,9969.095803010667,0.0463562954839996,0xb574cc436fab1ffe49d8433613465f7a3c07020c,2017-10-31T09:12:20.000Z,0.00000464999999999999,0xd421c753e7299f1f104c61dfea79fd1df958bbd5,sell,0x15f173b7aca7cd4a01d6f8360e65fb4491d270c1,0x567bc59321f1929c8cad8cf12b9face41d0c2cb747ddcd6edda8b880ee21686d
354,1099,0.006592901,0xde2d2e7eb340e4a1b9855bfe96156b4a2d023ab3,2017-10-31T05:17:41.000Z,0.000005999,0x543a235a9515b2b10489bccd1a0287f34df5848c,buy,0x15f173b7aca7cd4a01d6f8360e65fb4491d270c1,0x40b2d4a4574fe38ceb986bde000163b8c0ed6f3b50c005030e8df4b7f8d75d17
355,2800,0.0154,0xde2d2e7eb340e4a1b9855bfe96156b4a2d023ab3,2017-10-31T05:13:18.000Z,0.0000055,0x8c31fa3daa6ac0cb7d4cc12f788b813a551b65d3,buy,0x15f173b7aca7cd4a01d6f8360e65fb4491d270c1,0xb6cee06040c00554327fae137ce0e99d3e7241766296929d2a4356891f61cc03
356,9969.095803010667,0.045857840693849065,0xb574cc436fab1ffe49d8433613465f7a3c07020c,2017-10-31T02:59:57.000Z,0.00000459999999999999,0x6c896f0ca2fc03580f5ddbefdf41f8872bc12968,sell,0x15f173b7aca7cd4a01d6f8360e65fb4491d270c1,0x607e7e0cd854a0bf47224a6fe88495da6c9294a27c3e3298e5e48cde240c1e12
357,227.53964080580968,0.001479007665237763,0xab45233b06b1d1f452901661f6a931c9da663cc0,2017-10-31T00:58:12.000Z,0.0000065,0x3b6101f59d0e1639b2ec43ed864371a3c13c24bc,buy,0x15f173b7aca7cd4a01d6f8360e65fb4491d270c1,0xa0f25f27a719c51e91ef6a62f9c3cc8a3b3558cb96f3349921dd7c63ed1e1fcf
358,429.15887237312285,0.002574524075366364,0x935ff6f507d8f55aff8d7b181e3b5f952485937a,2017-10-31T00:04:49.000Z,0.000005999,0x543a235a9515b2b10489bccd1a0287f34df5848c,buy,0x15f173b7aca7cd4a01d6f8360e65fb4491d270c1,0xd9fa975be9e133431e48dd57b9ff7b34527c8d2b41f412998a2974d14f1afe72
359,265,0.001696,0x935ff6f507d8f55aff8d7b181e3b5f952485937a,2017-10-31T00:03:00.000Z,0.0000064,0x1dad06b12d7a48525888d91c3bbb54571b4fe178,buy,0x15f173b7aca7cd4a01d6f8360e65fb4491d270c1,0x131b1c26aef215b1b6a7b47aed45e92f90e09d5506f043b4064ee064c0d2bc67
360,797,0.0047023,0x935ff6f507d8f55aff8d7b181e3b5f952485937a,2017-10-30T23:59:56.000Z,0.0000059,0x51d48ab1a6371b5b5636a18e77eef3b2f8a0a8e5,buy,0x15f173b7aca7cd4a01d6f8360e65fb4491d270c1,0x0e4fd468670908d64e2995594877ca75e364846e84df7cd1ecca2f25b25988b6
361,1600,0.0095984,0xfb642a49b6b3c4d7b822c5806a69c0e3c66079c5,2017-10-30T22:30:34.000Z,0.000005999,0x543a235a9515b2b10489bccd1a0287f34df5848c,buy,0x15f173b7aca7cd4a01d6f8360e65fb4491d270c1,0x66ed4084b46cdf574b4ce761595b6b4269b847246a22d36d7220acef6ba1ed43
362,242.1491351938548,0.001089671108372346,0xdd45b996c47bb6852e2f37ff83b5ebc3dc55febb,2017-10-30T22:25:18.000Z,0.00000449999999999999,0x0258a970f0e4e0e63b9328428894dd3a9d607e0c,sell,0x15f173b7aca7cd4a01d6f8360e65fb4491d270c1,0x386fdfa1b25d0287bc8a405ec9b69e5d92039fd99ef5ec791eb6030a75f78785
363,22000,0.131714,0x386f342a348f77306ce4efd53511372d000bd25e,2017-10-30T22:01:35.000Z,0.000005987,0xa37ade188a2e6114fa2485319fce88809bad1415,buy,0x15f173b7aca7cd4a01d6f8360e65fb4491d270c1,0xe927de837a4a5edc5e495d08dc16295f61e0f4e8f203896a4e87b0487983ba7c
