,amount,amountBase,buyer,date,price,seller,side,tokenAddr,txHash
0,1,0.14999999999,0xca00b30899e98cea849b3a9eba36c3edb3ebd006,2017-11-02T07:33:55.000Z,0.14999999999,0xe3f43091daf1fb0b21240e689e590cdc2f8f5a71,buy,0xb23be73573bc7e03db6e5dfc62405368716d28a8,0x684f1f4b554c0933af92c32808cf71e595adce3f72b0df36c62388652b88101d
1,2.710896221712691,0.19789542418502643,0x29b8eca0a380c562a00b7e5d1fbc624e5be736a5,2017-11-02T00:50:12.000Z,0.073,0x1343ebb4d2abd16db3fc0d8eb7461532346d17c9,sell,0xb23be73573bc7e03db6e5dfc62405368716d28a8,0x55e5713314b49b442a09b15f009c724c2eeab10ba3c8d59e6fb594f13b5844f2
2,0.2891037782873093,0.021104575814973582,0x29b8eca0a380c562a00b7e5d1fbc624e5be736a5,2017-11-01T19:24:20.000Z,0.073,0x1eb8c785a8074f05b95c2383014a09f93819f503,sell,0xb23be73573bc7e03db6e5dfc62405368716d28a8,0x6fa4572a3c79897c9255c68e3b070e3bf52e4e002ac8dc26f8c0dd8357eb7814
3,1.01,0.08181101101,0xe3f43091daf1fb0b21240e689e590cdc2f8f5a71,2017-11-01T18:09:09.000Z,0.081001001,0x826886b490aa06b93900534851530c1f4a9f0a54,sell,0xb23be73573bc7e03db6e5dfc62405368716d28a8,0xdc3e2b6dea012d1892acfe5ae06de3d00c39894e81672240d5d5ba966a4ea7f3
4,0.10966005383311733,0.00888257413019639,0xe3f43091daf1fb0b21240e689e590cdc2f8f5a71,2017-11-01T16:20:37.000Z,0.081001001,0x7963bb5c1b6cdbda1f6d40a7750f9f02c2e0207f,sell,0xb23be73573bc7e03db6e5dfc62405368716d28a8,0x802b0050c7f93cd6f031d33bfc56d5e7274ed736acc5fbd5fb397669aa9f9e4f
5,3.927,0.322014,0xd0f770146d6abf08f51600d5bc0b358030f43609,2017-11-01T12:27:13.000Z,0.082,0x36c8f7c03efa71767b30c25cd0441f8b300d5950,sell,0xb23be73573bc7e03db6e5dfc62405368716d28a8,0x5405fd2a45435f7c7f8f2294b9a1f72416a5ea19edc15c9f7df09621bcaad2fd
6,0.07277439936197787,0.005967500747682185,0xd0f770146d6abf08f51600d5bc0b358030f43609,2017-11-01T12:12:15.000Z,0.082,0x7df842fa03e8d8271d7af5da123ffd0ce7aeac6d,sell,0xb23be73573bc7e03db6e5dfc62405368716d28a8,0x3d15f1ce54f285f954302c53b51569dd2d51fdd838f677451add51ff8166e7e7
7,0.384,0.057408,0x50af1719afddfd539fbc0b53b0be582f5b7b9abf,2017-10-30T07:47:58.000Z,0.1495,0x229f306b07b276acacf8c405757ab49423b36d70,buy,0xb23be73573bc7e03db6e5dfc62405368716d28a8,0x6ac17d0603bbab1b9a320aefdc5f952fe7841a1cc656a9c3c4943107bb66614c
8,2.343,0.35145,0x50af1719afddfd539fbc0b53b0be582f5b7b9abf,2017-10-30T07:46:41.000Z,0.15,0x36c8f7c03efa71767b30c25cd0441f8b300d5950,buy,0xb23be73573bc7e03db6e5dfc62405368716d28a8,0x09601e440fae2ab1a7e51ff10cae24cd8608dfd531185baa097fbf30e415721a
9,1,0.1495,0x327de23f8dd66a9ab2b517c41bd3f123796d03eb,2017-10-30T07:37:35.000Z,0.1495,0x229f306b07b276acacf8c405757ab49423b36d70,buy,0xb23be73573bc7e03db6e5dfc62405368716d28a8,0xb11ce5027adba18d11689d8d2f358fa0d51ba030e1c48aff8ed31f0be1c7450f
10,1,0.1495,0x5b5c2fb533bd6f6443fdb1f40192c81f185c6504,2017-10-30T01:36:25.000Z,0.1495,0x229f306b07b276acacf8c405757ab49423b36d70,buy,0xb23be73573bc7e03db6e5dfc62405368716d28a8,0x9df782e3f76c1e76e24934e481a4b7231e2f293a2a8e115222c57c74a3c10f0f
11,4.7,0.7003,0x50af1719afddfd539fbc0b53b0be582f5b7b9abf,2017-10-29T23:42:01.000Z,0.149,0xd0f770146d6abf08f51600d5bc0b358030f43609,buy,0xb23be73573bc7e03db6e5dfc62405368716d28a8,0xbcf163afbaed97b971069bc1752aa1fa963ecff4ca4e669c0aac950f4b2797db
12,4.199,0.621452,0x50af1719afddfd539fbc0b53b0be582f5b7b9abf,2017-10-29T23:41:52.000Z,0.148,0x5d26ca4ee3be471a4c5eeccb3bac220603387c77,buy,0xb23be73573bc7e03db6e5dfc62405368716d28a8,0x416d2b42c8a932288d2aaeabd88e3a7145baf31e91b61677e7de9b5bffecc921
13,0.001,0.000148,0x6cdea8e07bf82d7a07dbf36642d6e5be8623845c,2017-10-29T13:12:38.000Z,0.148,0x5d26ca4ee3be471a4c5eeccb3bac220603387c77,buy,0xb23be73573bc7e03db6e5dfc62405368716d28a8,0x5dff80d3cd647c6d5de8f4ff96b39a60f28957cdb7d5853435170a2b30f9bbc7
14,2.22,0.1332,0x5d26ca4ee3be471a4c5eeccb3bac220603387c77,2017-10-29T11:12:33.000Z,0.06,0x826886b490aa06b93900534851530c1f4a9f0a54,sell,0xb23be73573bc7e03db6e5dfc62405368716d28a8,0x8c56a921d3143ffefa48a22a00d1cfecbbefa97fc3bd27d419ef7d7f60852c29
15,2.78,0.1668,0x5d26ca4ee3be471a4c5eeccb3bac220603387c77,2017-10-29T04:49:30.000Z,0.06,0x826886b490aa06b93900534851530c1f4a9f0a54,sell,0xb23be73573bc7e03db6e5dfc62405368716d28a8,0x86ac900fc46bb974de12cbd0b7fa041536a1cc15f27ec77e261a950a4e14160e
16,1.6056346096517202,0.0987465284935808,0xd0f770146d6abf08f51600d5bc0b358030f43609,2017-10-29T04:46:54.000Z,0.0615,0x826886b490aa06b93900534851530c1f4a9f0a54,sell,0xb23be73573bc7e03db6e5dfc62405368716d28a8,0xb7ab88ebd2ceaecaae9fdc79ed5068730323bfb79a8b5fca886c08b327249192
17,2.532,0.155718,0xd0f770146d6abf08f51600d5bc0b358030f43609,2017-10-29T04:31:12.000Z,0.0615,0x826886b490aa06b93900534851530c1f4a9f0a54,sell,0xb23be73573bc7e03db6e5dfc62405368716d28a8,0xe21b1157bf45028ef625042773fc012cde40a90ae16b562487b6035149b56c1c
18,0.57,0.035055,0xd0f770146d6abf08f51600d5bc0b358030f43609,2017-10-29T04:28:10.000Z,0.0615,0xb99462686b43214f52a8752a86796dfcbd338973,sell,0xb23be73573bc7e03db6e5dfc62405368716d28a8,0x2227aa8919076412cfd9232b521d27caeddaff72a791a5c20df174f89272b876
19,0.000000000000053268,0.000000000000009908,0x0a89dbfbbbefff2d1f744f481c01698dea995cdc,2017-10-28T15:16:09.000Z,0.18600285349553203,0x36c8f7c03efa71767b30c25cd0441f8b300d5950,buy,0xb23be73573bc7e03db6e5dfc62405368716d28a8,0x441a126b8a814312653189de5c5cb58e79dd53d594bea5792ea63b6ad6f7c054
20,3.297,0.609945,0x5b5c2fb533bd6f6443fdb1f40192c81f185c6504,2017-10-28T12:31:59.000Z,0.185,0xde77cfaba804ff7c5f94a554d92217dba91a4464,buy,0xb23be73573bc7e03db6e5dfc62405368716d28a8,0x116e5c416a1c6720c0b559da9734a192199a957deb75e3be85bcde1d94e53e40
21,2.01,0.3618,0x5b5c2fb533bd6f6443fdb1f40192c81f185c6504,2017-10-28T12:26:22.000Z,0.18,0xde77cfaba804ff7c5f94a554d92217dba91a4464,buy,0xb23be73573bc7e03db6e5dfc62405368716d28a8,0xee5d9b73f3a9d07a1f3107d99de837bc817abecc0c7bb447c7f82ea5cc322a2c
22,0.8774832385399346,0.13162248578099017,0x5b5c2fb533bd6f6443fdb1f40192c81f185c6504,2017-10-28T12:12:03.000Z,0.15,0x1343ebb4d2abd16db3fc0d8eb7461532346d17c9,buy,0xb23be73573bc7e03db6e5dfc62405368716d28a8,0x8ab0d91fff14cbe2dcaf9ea6fd7e47710444dbddd7fc81256383efc412a79b36
23,2.034365794083476,0.30515486911252143,0x5b5c2fb533bd6f6443fdb1f40192c81f185c6504,2017-10-28T12:06:15.000Z,0.15,0x1343ebb4d2abd16db3fc0d8eb7461532346d17c9,buy,0xb23be73573bc7e03db6e5dfc62405368716d28a8,0x84274066e26da3770e1b7cf45db6be5bed4fd4e1c64f96d710777258d865a781
24,0.54,0.07128,0x5b5c2fb533bd6f6443fdb1f40192c81f185c6504,2017-10-28T12:03:32.000Z,0.132,0x36c8f7c03efa71767b30c25cd0441f8b300d5950,buy,0xb23be73573bc7e03db6e5dfc62405368716d28a8,0x6a9c11021dd664011bb8da3ea2296bc152e60723f9c6996e14a1ef71b04a4449
25,1.232,0.22176,0x5b5c2fb533bd6f6443fdb1f40192c81f185c6504,2017-10-28T12:02:37.000Z,0.18,0x1343ebb4d2abd16db3fc0d8eb7461532346d17c9,buy,0xb23be73573bc7e03db6e5dfc62405368716d28a8,0x597492a490f671803a4035ba3b433e4dd8cf997ec06199f64e4aa56a1a380108
26,0.575,0.0690575,0xb99462686b43214f52a8752a86796dfcbd338973,2017-10-28T08:34:48.000Z,0.1201,0x1343ebb4d2abd16db3fc0d8eb7461532346d17c9,sell,0xb23be73573bc7e03db6e5dfc62405368716d28a8,0x64096ad258f5d9fbca0a20ee8db7e7b1bafc32079c5b8d3786990639e4def966
27,0.78,0.1365,0x6d008ff3111a579c78bd82a084cddea109d6f5e0,2017-10-27T13:05:23.000Z,0.175,0xde77cfaba804ff7c5f94a554d92217dba91a4464,sell,0xb23be73573bc7e03db6e5dfc62405368716d28a8,0x807f4c0a6e9c52a5bd755516bbec4df0b76ddfc2809580cacbf42e74f87b84cd
28,1,0.36,0x5b5c2fb533bd6f6443fdb1f40192c81f185c6504,2017-10-26T19:06:17.000Z,0.36,0xde77cfaba804ff7c5f94a554d92217dba91a4464,buy,0xb23be73573bc7e03db6e5dfc62405368716d28a8,0xf6ea9622c8e77213933895223cef8dc1a42f2657eb964ed03346de509ede3a7a
29,0.3658658159704915,0.043903897916458975,0x997a67ef0d6f6d75272bb8fe7905a4ab012e6b68,2017-10-26T18:58:53.000Z,0.12,0xf573353a424ca1b38786768aafd919509c5f889f,sell,0xb23be73573bc7e03db6e5dfc62405368716d28a8,0x6a9475e8c4efd7313f339a71342261bfd162da4ba988935eb34b5aa152b68a41
30,0.22017634333565944,0.011008817166782972,0x6d008ff3111a579c78bd82a084cddea109d6f5e0,2017-10-26T15:49:03.000Z,0.049999999999999996,0xe4321372c368cd74539c923bc381328547e8aa09,sell,0xb23be73573bc7e03db6e5dfc62405368716d28a8,0x5a5f1551b381479ccdcad9ae2c9d43446df888d6ac41bb19039096db3a118182
31,0.884,0.29172,0x997a67ef0d6f6d75272bb8fe7905a4ab012e6b68,2017-10-26T14:39:14.000Z,0.33,0x826886b490aa06b93900534851530c1f4a9f0a54,sell,0xb23be73573bc7e03db6e5dfc62405368716d28a8,0x8f8ab964338922e88d3ed0923028f20bb2d3a73b6d66d9d7fc083f5bc76eef69
32,0.3658658159704915,0.12073571927026219,0x997a67ef0d6f6d75272bb8fe7905a4ab012e6b68,2017-10-26T14:17:53.000Z,0.33,0x7d62cdd486a15b6a720f3cbbaed3ff740ad3eb8a,sell,0xb23be73573bc7e03db6e5dfc62405368716d28a8,0x0e7e74f897187c6fcadc5296a270b45529ac4f902ff69338ea67aef92628e94f
33,1.8,0.9,0x5b5c2fb533bd6f6443fdb1f40192c81f185c6504,2017-10-26T09:11:16.000Z,0.5,0x36c8f7c03efa71767b30c25cd0441f8b300d5950,buy,0xb23be73573bc7e03db6e5dfc62405368716d28a8,0x67fbe976df213fc8c36668108de61916b9b50c00e1be6afd1a01d25c8fedfb0c
34,0.22,0.0968,0x5b5c2fb533bd6f6443fdb1f40192c81f185c6504,2017-10-26T09:07:11.000Z,0.44,0x170d2e0f327efb5a411c794f89971616d113c142,buy,0xb23be73573bc7e03db6e5dfc62405368716d28a8,0xcc968bb682ade58b37ce51807f121334d7728e19f5bded34748c23c866cd4832
35,0.001,0.00055,0x4995c29a93226c5858711f81e3b75eb2aa0a5a4e,2017-10-26T06:49:37.000Z,0.55,0x4995c29a93226c5858711f81e3b75eb2aa0a5a4e,buy,0xb23be73573bc7e03db6e5dfc62405368716d28a8,0xe20ef5f5fb20dabbfde6998198d00c6c64803f9d85750601b6bb55028e4fbc9a
36,0.001,0.000545,0x4995c29a93226c5858711f81e3b75eb2aa0a5a4e,2017-10-26T06:49:29.000Z,0.545,0x4995c29a93226c5858711f81e3b75eb2aa0a5a4e,buy,0xb23be73573bc7e03db6e5dfc62405368716d28a8,0x92192c2b8e684247c0a8ad6b21122309bd634002f9369895f59295f66e041497
37,0.001,0.00054,0x4995c29a93226c5858711f81e3b75eb2aa0a5a4e,2017-10-26T06:49:09.000Z,0.54,0x4995c29a93226c5858711f81e3b75eb2aa0a5a4e,buy,0xb23be73573bc7e03db6e5dfc62405368716d28a8,0x8f6cb65b193ca240ad2879668146e7a39db05aebb8fb613c70a0e6a684b25dac
38,0.001,0.00051,0x4995c29a93226c5858711f81e3b75eb2aa0a5a4e,2017-10-26T06:49:09.000Z,0.51,0x4995c29a93226c5858711f81e3b75eb2aa0a5a4e,buy,0xb23be73573bc7e03db6e5dfc62405368716d28a8,0xda246e5473a832db640f33575f8b6fe5b6bb3ef6b992df8dabdd6b7d0303fcf7
39,0.5,0.225,0x327de23f8dd66a9ab2b517c41bd3f123796d03eb,2017-10-26T04:51:42.000Z,0.45,0xde77cfaba804ff7c5f94a554d92217dba91a4464,buy,0xb23be73573bc7e03db6e5dfc62405368716d28a8,0x3bf19f99fad7a1fcb9c629ab902f596d6143e9882a28a7b72adb8ea59a94249b
40,0.11,0.0495,0xd1912a22e42a19a2a6a78f933e84a3ede96126b9,2017-10-26T04:45:02.000Z,0.45,0xde77cfaba804ff7c5f94a554d92217dba91a4464,buy,0xb23be73573bc7e03db6e5dfc62405368716d28a8,0x512d5b2235bea4c7f90a7c7b2212b894436c625a2536be90da6b7436fe818d33
41,0.7,0.315,0x327de23f8dd66a9ab2b517c41bd3f123796d03eb,2017-10-26T04:44:05.000Z,0.45,0xde77cfaba804ff7c5f94a554d92217dba91a4464,buy,0xb23be73573bc7e03db6e5dfc62405368716d28a8,0x211370f8939a9d403ad2ed169048ab61bce8c723786b03a2e3ffd0331de22ed0
42,0.2193837216257363,0.10969186081286815,0xd1912a22e42a19a2a6a78f933e84a3ede96126b9,2017-10-26T04:30:24.000Z,0.5,0x36c8f7c03efa71767b30c25cd0441f8b300d5950,buy,0xb23be73573bc7e03db6e5dfc62405368716d28a8,0x3ec3631badf2b2e1d80ca26bc1f8959454c60b624bdfa64d68cdeba6dc4a79a8
43,0.9357698854843215,0.2807309656452964,0x327de23f8dd66a9ab2b517c41bd3f123796d03eb,2017-10-26T04:27:12.000Z,0.3,0x1343ebb4d2abd16db3fc0d8eb7461532346d17c9,buy,0xb23be73573bc7e03db6e5dfc62405368716d28a8,0x8facfb1bab862976a54b86f53536025443b3a014117edefe30f601c7fd54311f
44,0.40377674447837514,0.10094418611959378,0x327de23f8dd66a9ab2b517c41bd3f123796d03eb,2017-10-26T04:16:50.000Z,0.25,0x36c8f7c03efa71767b30c25cd0441f8b300d5950,buy,0xb23be73573bc7e03db6e5dfc62405368716d28a8,0xf810986d5625ffa4d373c2c58a2a0249fabbae67258c03bdaec3843361fda1a5
45,1.2762232555216249,0.3190558138804062,0xd1912a22e42a19a2a6a78f933e84a3ede96126b9,2017-10-26T04:13:24.000Z,0.25,0x36c8f7c03efa71767b30c25cd0441f8b300d5950,buy,0xb23be73573bc7e03db6e5dfc62405368716d28a8,0x6de0808f7614acbfccd1cbd7c8b22012831efcf936d46d05bd334b4be0d75ec8
46,0.18325652477320306,0.03390245708304257,0x1dedb16313901d56f3e578df5fe2847e5f7a7691,2017-10-26T04:13:24.000Z,0.185,0xfa4e7035b34294407e5df1603215983d65e5a773,sell,0xb23be73573bc7e03db6e5dfc62405368716d28a8,0x07eeedd995aecf8f5fd44595e77afdd428e3f429ec38573078cc5280d45bd730
47,0.1,0.025,0x327de23f8dd66a9ab2b517c41bd3f123796d03eb,2017-10-26T04:03:43.000Z,0.25,0x36c8f7c03efa71767b30c25cd0441f8b300d5950,buy,0xb23be73573bc7e03db6e5dfc62405368716d28a8,0x90b6155850ad90c8cba110f62a3d2fc0c680d7842aeeb1a9fb2c84af63c1787b
48,1.4962301145156784,0.44886903435470354,0xd1912a22e42a19a2a6a78f933e84a3ede96126b9,2017-10-26T03:59:54.000Z,0.3,0x1343ebb4d2abd16db3fc0d8eb7461532346d17c9,buy,0xb23be73573bc7e03db6e5dfc62405368716d28a8,0x430e093381f9059c3b96505b0141b299cfcdda9296d8ff4416107504e1a921e8
49,1,0.2156,0x1dedb16313901d56f3e578df5fe2847e5f7a7691,2017-10-26T03:58:18.000Z,0.2156,0x1343ebb4d2abd16db3fc0d8eb7461532346d17c9,sell,0xb23be73573bc7e03db6e5dfc62405368716d28a8,0x0cc4153b2a1d597a72f80681eb9bc4f56ec4558280f06b72db9abf0adf01ef10
50,1.18,0.944,0x2f7beef2fc15ae74d7d0b7099ea7368ecacec901,2017-10-26T03:07:05.000Z,0.8,0x5d26ca4ee3be471a4c5eeccb3bac220603387c77,buy,0xb23be73573bc7e03db6e5dfc62405368716d28a8,0xa68f0e705db9f6c5580c80114659a549f717f9b7bc5e5083e6eac9a3771c760f
51,0.354,0.0885,0x4cfbefd1a23d05a25039b36ddd6ad358e0bbfb99,2017-10-26T02:59:13.000Z,0.25,0x05711e000a291e32512c1db11975e49b6ca6ac14,buy,0xb23be73573bc7e03db6e5dfc62405368716d28a8,0x0c06af1d6110b0fa7db91912235c4dacd5929c450412527695b95e86974a136d
52,0.1185212795350037,0.029630319883750925,0x4cfbefd1a23d05a25039b36ddd6ad358e0bbfb99,2017-10-26T02:57:22.000Z,0.25,0xbbe8a1421d8583194bd959a640cb82225650c748,buy,0xb23be73573bc7e03db6e5dfc62405368716d28a8,0xa35c57465fde9fd7de6ff103fd740ec641c6151d25a092f5b8264f7d4cb82252
53,0.0855986442029708,0.0213996610507427,0xdbf1e775c06010785fcf4224ddeefcc64af1e2b4,2017-10-26T02:24:07.000Z,0.25,0x05711e000a291e32512c1db11975e49b6ca6ac14,buy,0xb23be73573bc7e03db6e5dfc62405368716d28a8,0x7bf5facc770f59d6a3d2b0fdaf19da5b5c5fc8298d0651e96b6d7a9ed7038c3a
54,0.4,0.096,0xdbf1e775c06010785fcf4224ddeefcc64af1e2b4,2017-10-26T02:22:12.000Z,0.24,0xbbe8a1421d8583194bd959a640cb82225650c748,buy,0xb23be73573bc7e03db6e5dfc62405368716d28a8,0x8f71c903ed71c11caf1d2d94ae6d0665e95794040a19cb60adf4b79096bdfbe5
55,0.14678653682786397,0.03522876883868735,0x1dedb16313901d56f3e578df5fe2847e5f7a7691,2017-10-26T02:21:43.000Z,0.24,0xbbe8a1421d8583194bd959a640cb82225650c748,buy,0xb23be73573bc7e03db6e5dfc62405368716d28a8,0x2189bf189520270fe6d7109241fe6bbd61101d1cbab28d76e0e588689ef2bf48
56,0.41,0.082,0xdbf1e775c06010785fcf4224ddeefcc64af1e2b4,2017-10-26T02:20:42.000Z,0.2,0x10c7a61c34852e63861fff7a68ac7300c58044e8,buy,0xb23be73573bc7e03db6e5dfc62405368716d28a8,0x693f13a4d0ec3a7b0a8e1dd229a0565d0a0396a7e63a5eded9d09c33d8b2d73d
57,0.35,0.0665,0x1dedb16313901d56f3e578df5fe2847e5f7a7691,2017-10-26T02:20:31.000Z,0.19,0x5d26ca4ee3be471a4c5eeccb3bac220603387c77,buy,0xb23be73573bc7e03db6e5dfc62405368716d28a8,0x8e0987c3b6ae662bbba1979a5f17f894c40221d2c82f56623d3e10eb202a2684
58,0.65,0.1235,0x18912c62bc463e3cac1f70eef25abc50300531ed,2017-10-26T01:44:23.000Z,0.19,0x5d26ca4ee3be471a4c5eeccb3bac220603387c77,buy,0xb23be73573bc7e03db6e5dfc62405368716d28a8,0xd42e1cca388796a80f8dacce27f7c57544ea36f849c31fbb7db859f86c8179a3
59,0.1,0.0999,0x4995c29a93226c5858711f81e3b75eb2aa0a5a4e,2017-10-26T00:45:08.000Z,0.999,0x4995c29a93226c5858711f81e3b75eb2aa0a5a4e,buy,0xb23be73573bc7e03db6e5dfc62405368716d28a8,0x58dde9b405c5db38597188dea574a8ac125a051e0037f4617b9667a0ed2f3b48
60,0.1,0.0899,0x4995c29a93226c5858711f81e3b75eb2aa0a5a4e,2017-10-26T00:44:38.000Z,0.899,0x4995c29a93226c5858711f81e3b75eb2aa0a5a4e,buy,0xb23be73573bc7e03db6e5dfc62405368716d28a8,0x9be9b8d78dcd238989291ccfbb349be817939a581f0e1813d6e17f6ef108066b
61,0.1,0.0888,0x4995c29a93226c5858711f81e3b75eb2aa0a5a4e,2017-10-26T00:44:38.000Z,0.888,0x4995c29a93226c5858711f81e3b75eb2aa0a5a4e,buy,0xb23be73573bc7e03db6e5dfc62405368716d28a8,0x18b033dc83cba2b648ce2bad8b10f3f994e0aa8a88858bc5587004f6fc05b9f3
62,0.1,0.0723,0x4995c29a93226c5858711f81e3b75eb2aa0a5a4e,2017-10-26T00:42:17.000Z,0.723,0x4995c29a93226c5858711f81e3b75eb2aa0a5a4e,buy,0xb23be73573bc7e03db6e5dfc62405368716d28a8,0xccbba7ae49c53aec555cfc0788242e30220db4bc6c3cf68944a2e96054fedb82
63,0.1,0.0612,0x4995c29a93226c5858711f81e3b75eb2aa0a5a4e,2017-10-26T00:42:17.000Z,0.612,0x4995c29a93226c5858711f81e3b75eb2aa0a5a4e,buy,0xb23be73573bc7e03db6e5dfc62405368716d28a8,0x5116483ae870c93f772469bdc00d4079c100989155089e9c576339cfb4f118d4
64,0.41,0.0984,0x10c7a61c34852e63861fff7a68ac7300c58044e8,2017-10-25T23:32:03.000Z,0.24,0xbbe8a1421d8583194bd959a640cb82225650c748,buy,0xb23be73573bc7e03db6e5dfc62405368716d28a8,0xc4cf219749fe3ba9248a91d03209e277423ba3e37e881d1c7a2c13b0d001792d
65,1.3960311645262298,0.34900779113155744,0x50af1719afddfd539fbc0b53b0be582f5b7b9abf,2017-10-25T22:04:40.000Z,0.25,0xbbe8a1421d8583194bd959a640cb82225650c748,buy,0xb23be73573bc7e03db6e5dfc62405368716d28a8,0xf8e2069479af707f43f446d1983672ddae28c71a0f06f8b6e632f58b79e8691e
66,1.17,0.2808,0x50af1719afddfd539fbc0b53b0be582f5b7b9abf,2017-10-25T22:04:00.000Z,0.24,0xde77cfaba804ff7c5f94a554d92217dba91a4464,buy,0xb23be73573bc7e03db6e5dfc62405368716d28a8,0xd6bbf248a505f812adb1c234a8c34cea116449dc0c55ddbe611753eab3a6e232
67,0.005,0.00125,0x327de23f8dd66a9ab2b517c41bd3f123796d03eb,2017-10-25T16:42:03.000Z,0.25,0xde77cfaba804ff7c5f94a554d92217dba91a4464,sell,0xb23be73573bc7e03db6e5dfc62405368716d28a8,0xf4baece06186bf9383f1b894025f8952356c6bfb2754e13744d02829a9d02d76
68,0.22,0.055,0x6d008ff3111a579c78bd82a084cddea109d6f5e0,2017-10-25T16:26:34.000Z,0.25,0xbbe8a1421d8583194bd959a640cb82225650c748,buy,0xb23be73573bc7e03db6e5dfc62405368716d28a8,0x5b9903e3ead0e41b9bdf5d6f5be109d78d66bd6c8e8abc59997e91a75fc78a95
69,0.029,0.00725,0x7655ea77962ecc54d8e6000358dcfd74c4f3fef2,2017-10-25T16:15:35.000Z,0.25,0xbbe8a1421d8583194bd959a640cb82225650c748,buy,0xb23be73573bc7e03db6e5dfc62405368716d28a8,0x57c7d13450bcff6ccab252c3414d3179d98d4cdf96f8dd5923b8e0961e0ba255
70,0.2,0.05,0x7655ea77962ecc54d8e6000358dcfd74c4f3fef2,2017-10-25T16:05:24.000Z,0.25,0xbbe8a1421d8583194bd959a640cb82225650c748,buy,0xb23be73573bc7e03db6e5dfc62405368716d28a8,0x6343b1e47edbb17f20679014e8e98576da815c27a1dd382f7b49770d55a4b285
71,0.29,0.0087,0x1eb8c785a8074f05b95c2383014a09f93819f503,2017-10-24T16:31:30.000Z,0.03,0x1343ebb4d2abd16db3fc0d8eb7461532346d17c9,sell,0xb23be73573bc7e03db6e5dfc62405368716d28a8,0xa37ef96d1f8a54547a4ac7f62edf74363506a4e1bdf5b62782a861d1cc62eec7
72,0.43,0.0129,0x4995c29a93226c5858711f81e3b75eb2aa0a5a4e,2017-10-24T09:28:02.000Z,0.03,0x1343ebb4d2abd16db3fc0d8eb7461532346d17c9,sell,0xb23be73573bc7e03db6e5dfc62405368716d28a8,0x03457f20cce366d34f5aa225508f0eface30a7e9c151c839455721702d8dab53
73,0.274,0.02466,0x4995c29a93226c5858711f81e3b75eb2aa0a5a4e,2017-10-24T05:41:56.000Z,0.09,0x54804cbd6db2362656f743e4c4306dd4f98e6580,buy,0xb23be73573bc7e03db6e5dfc62405368716d28a8,0xfb5763439bcfab64a2f6a6d4529d908d0c20c63e6ecc1d961b7fbe93169c18ac
74,0.14588920346924533,0.003647230086731133,0x4995c29a93226c5858711f81e3b75eb2aa0a5a4e,2017-10-24T05:39:59.000Z,0.024999999999999998,0xc6757a2b8e1fcda85dbaf0ed45133de95ab8a8c5,sell,0xb23be73573bc7e03db6e5dfc62405368716d28a8,0xe089221145ad9d5ea474a952d6a729f9326756f88452c728713e5c8e4714a9fb
75,4.055,0.083533,0x3453011daa568b3fed926bb0cf5e0a7b62454c97,2017-10-22T14:40:36.000Z,0.0206,0x1343ebb4d2abd16db3fc0d8eb7461532346d17c9,sell,0xb23be73573bc7e03db6e5dfc62405368716d28a8,0xe3cf81c167830e967b5d2b605b1f3b2273dee85127c60b7167b38f366532620b
76,5.945,0.122467,0x3453011daa568b3fed926bb0cf5e0a7b62454c97,2017-10-22T14:28:57.000Z,0.0206,0x1343ebb4d2abd16db3fc0d8eb7461532346d17c9,sell,0xb23be73573bc7e03db6e5dfc62405368716d28a8,0xef38c5c9d1b1f6b943d348153a7b0c5c6cc4f59dcc79ca8070136527e68a93e8
77,5,0.11,0x3453011daa568b3fed926bb0cf5e0a7b62454c97,2017-10-21T01:07:46.000Z,0.022,0x826886b490aa06b93900534851530c1f4a9f0a54,sell,0xb23be73573bc7e03db6e5dfc62405368716d28a8,0x2af8e4b127a5f86febde943909569e3491f1dc2d46958828c33f9a6bd457ebdd
78,0.004661019110902573,0.000885593631071489,0x4995c29a93226c5858711f81e3b75eb2aa0a5a4e,2017-10-20T04:50:08.000Z,0.19000000000000003,0xbbe8a1421d8583194bd959a640cb82225650c748,buy,0xb23be73573bc7e03db6e5dfc62405368716d28a8,0x4e0586103e59eae5a88cf56b89ee7623c2aaf7a7ce1bf7e6a6926d2e557b97c7
79,0.43864021533246933,0.009035988435848867,0x3453011daa568b3fed926bb0cf5e0a7b62454c97,2017-10-17T06:08:58.000Z,0.0206,0xfe2bf579ef19a52709cfd1d43893584c4fb6a536,sell,0xb23be73573bc7e03db6e5dfc62405368716d28a8,0x25293cfabf8ffc4d793251ac4bc5479c00a38128ae6758c80a214a177f8f2bdc
80,0.12018631243146247,0.002463819525031292,0xf36990a2cb4d609e0a7d4f3bf884c0342d81fd3d,2017-10-16T23:01:58.000Z,0.020500000999999993,0x6b0d921d52c7a940104748e1867befe5f2105028,sell,0xb23be73573bc7e03db6e5dfc62405368716d28a8,0x3462936e49f4ba05258c8133570128de380e25737207d9056e0b8f99d0028f1b
81,0.1,0.0125,0x229f306b07b276acacf8c405757ab49423b36d70,2017-10-16T20:47:17.000Z,0.125,0x6b0d921d52c7a940104748e1867befe5f2105028,sell,0xb23be73573bc7e03db6e5dfc62405368716d28a8,0x32ad7fe72e16bd8088ec32a65e4e1d60335752e31caa7ef1bed3be70fab49b80
82,0.4705151052371111,0.06116696368082444,0x5b4047c2644ae7289576cc3f29a21da8eacda42f,2017-10-14T03:05:37.000Z,0.13,0x229f306b07b276acacf8c405757ab49423b36d70,sell,0xb23be73573bc7e03db6e5dfc62405368716d28a8,0x53f7de78bc544d82224924872485da38e217fe7c3c40334e11cb6947f8226b54
83,2,0.262,0xbbe8a1421d8583194bd959a640cb82225650c748,2017-10-14T00:47:00.000Z,0.131,0xde77cfaba804ff7c5f94a554d92217dba91a4464,sell,0xb23be73573bc7e03db6e5dfc62405368716d28a8,0x69de5a8718aac8733fcb401930e3bc7c2125c942d2f8b18af884ccc4938b3782
84,5,1.3,0x36c8f7c03efa71767b30c25cd0441f8b300d5950,2017-10-13T12:23:07.000Z,0.26,0x1343ebb4d2abd16db3fc0d8eb7461532346d17c9,buy,0xb23be73573bc7e03db6e5dfc62405368716d28a8,0x9e6b6da2223cb93bf38d6ea8dd2b1efe88c689870c128113cf8b29a98be02e3f
85,1.8,0.2376,0x5b4047c2644ae7289576cc3f29a21da8eacda42f,2017-10-13T12:18:03.000Z,0.132,0x1343ebb4d2abd16db3fc0d8eb7461532346d17c9,sell,0xb23be73573bc7e03db6e5dfc62405368716d28a8,0x27dae467245c559cd865f2b10b02552520fb450f853a21a3a198e9fa3745944a
86,1.2,0.1584,0x5b4047c2644ae7289576cc3f29a21da8eacda42f,2017-10-13T12:08:31.000Z,0.132,0x1343ebb4d2abd16db3fc0d8eb7461532346d17c9,sell,0xb23be73573bc7e03db6e5dfc62405368716d28a8,0x9e6800eb0bba6594f77ab3bd2e1b9ecc9c667bd9d66c0746b6d23f71f7e2e22c
87,0.5,0.125,0x1343ebb4d2abd16db3fc0d8eb7461532346d17c9,2017-10-13T11:57:30.000Z,0.25,0x229f306b07b276acacf8c405757ab49423b36d70,buy,0xb23be73573bc7e03db6e5dfc62405368716d28a8,0xd5805717349437c976d8c63baa13c96d6fbb5923404992351f2b51222042acc2
88,0.77,0.10087,0x5d26ca4ee3be471a4c5eeccb3bac220603387c77,2017-10-13T11:21:46.000Z,0.131,0x1343ebb4d2abd16db3fc0d8eb7461532346d17c9,sell,0xb23be73573bc7e03db6e5dfc62405368716d28a8,0xc68b242a69a62d6821510477500841dcb1c5e39d9be039481efd31f33369cdd1
89,0.7,0.0924,0x5b4047c2644ae7289576cc3f29a21da8eacda42f,2017-10-13T11:12:35.000Z,0.132,0x1343ebb4d2abd16db3fc0d8eb7461532346d17c9,sell,0xb23be73573bc7e03db6e5dfc62405368716d28a8,0xe312b527588f740e1a175e07d59fa0c0a98b917ea830d684501751660804e86e
90,1.5,0.198,0x5b4047c2644ae7289576cc3f29a21da8eacda42f,2017-10-13T08:03:17.000Z,0.132,0x1343ebb4d2abd16db3fc0d8eb7461532346d17c9,sell,0xb23be73573bc7e03db6e5dfc62405368716d28a8,0xc02eb6529089f1b47271d7fc95138f292b84ed5c5fc6f258ad8a712aa30711b3
91,2,0.264,0x5b4047c2644ae7289576cc3f29a21da8eacda42f,2017-10-13T07:51:45.000Z,0.132,0x1343ebb4d2abd16db3fc0d8eb7461532346d17c9,sell,0xb23be73573bc7e03db6e5dfc62405368716d28a8,0x1306e661367c2a5854a8eb36a0755c11a52f78c5a0158f10f6c102baca9f02fa
92,0.5,0.125,0x826886b490aa06b93900534851530c1f4a9f0a54,2017-10-13T05:34:39.000Z,0.25,0x229f306b07b276acacf8c405757ab49423b36d70,buy,0xb23be73573bc7e03db6e5dfc62405368716d28a8,0xa90c9d34351c8f9baf2fa878650f94b1c6bd4ec579c1be066d80407770ca9517
93,0.4,0.12,0x826886b490aa06b93900534851530c1f4a9f0a54,2017-10-13T05:27:00.000Z,0.3,0x229f306b07b276acacf8c405757ab49423b36d70,buy,0xb23be73573bc7e03db6e5dfc62405368716d28a8,0x62d031b9fe885e456a7da65db8ad05652bcce02130cfc6518bca5e3542e5247b
94,0.8,0.1056,0x5b4047c2644ae7289576cc3f29a21da8eacda42f,2017-10-13T05:23:03.000Z,0.132,0x826886b490aa06b93900534851530c1f4a9f0a54,sell,0xb23be73573bc7e03db6e5dfc62405368716d28a8,0x142fdb1b3eb55cf2ba0409a504ad585b0971f8ac8f4eb1ae13199091463808d4
95,1,0.3,0xde77cfaba804ff7c5f94a554d92217dba91a4464,2017-10-13T00:58:17.000Z,0.3,0x229f306b07b276acacf8c405757ab49423b36d70,buy,0xb23be73573bc7e03db6e5dfc62405368716d28a8,0x9c2f5aa099e9797d3315cb3fd72072fd678262fc73a217c841718257315f3887
96,0.95,0.304,0xde77cfaba804ff7c5f94a554d92217dba91a4464,2017-10-13T00:51:36.000Z,0.32,0x36c8f7c03efa71767b30c25cd0441f8b300d5950,buy,0xb23be73573bc7e03db6e5dfc62405368716d28a8,0x9d3979bcf699d60460a84954509ea3fd3d76d9a0579f78d73c6d1d490d2fbf4a
97,0.9,0.288,0x229f306b07b276acacf8c405757ab49423b36d70,2017-10-13T00:47:51.000Z,0.32,0x36c8f7c03efa71767b30c25cd0441f8b300d5950,buy,0xb23be73573bc7e03db6e5dfc62405368716d28a8,0x19f4adaa2c6942d1ac3c1b4b17b2fb1507755d97b104a9ae38049cf437609159
98,3.75,1.2,0x1343ebb4d2abd16db3fc0d8eb7461532346d17c9,2017-10-13T00:38:20.000Z,0.32,0x36c8f7c03efa71767b30c25cd0441f8b300d5950,buy,0xb23be73573bc7e03db6e5dfc62405368716d28a8,0x24c6b3ee95ad6f1f364b9fc00c53768e1e808a749dcdcd929312acff97f3cdfd
99,1,0.131,0x5d26ca4ee3be471a4c5eeccb3bac220603387c77,2017-10-13T00:30:17.000Z,0.131,0x36c8f7c03efa71767b30c25cd0441f8b300d5950,sell,0xb23be73573bc7e03db6e5dfc62405368716d28a8,0x736c3677757811eefae2424f1819a000ec132afa38bfbbbd1d8d868e0cae6eea
100,1.23,0.16113,0x5d26ca4ee3be471a4c5eeccb3bac220603387c77,2017-10-13T00:00:10.000Z,0.131,0x1343ebb4d2abd16db3fc0d8eb7461532346d17c9,sell,0xb23be73573bc7e03db6e5dfc62405368716d28a8,0x91c1fa77aedb81279261a864bd646f39985c7d13eeeddb51197dacc99b4026f8
101,4.9,1.7591,0x36c8f7c03efa71767b30c25cd0441f8b300d5950,2017-10-12T14:00:12.000Z,0.359,0xde77cfaba804ff7c5f94a554d92217dba91a4464,buy,0xb23be73573bc7e03db6e5dfc62405368716d28a8,0x4369ba6f1c70e203aced67be289eeb32a8a60429934f41ada4b7e00c9e996b76
102,2.73,0.9828,0xde77cfaba804ff7c5f94a554d92217dba91a4464,2017-10-12T11:15:24.000Z,0.36,0x36c8f7c03efa71767b30c25cd0441f8b300d5950,buy,0xb23be73573bc7e03db6e5dfc62405368716d28a8,0x1320511c6f6d5ae6a25def4eeab7873f9a90ea08de75e564da2208ae3aaf16cd
103,2.5,0.9,0xde77cfaba804ff7c5f94a554d92217dba91a4464,2017-10-12T11:08:59.000Z,0.36,0x36c8f7c03efa71767b30c25cd0441f8b300d5950,buy,0xb23be73573bc7e03db6e5dfc62405368716d28a8,0x948b0b7e46a8c8c5a3a1bffd3a30932021d96981093afedbcb6b0faf249e5156
104,0.3656180370850364,0.04753034482105473,0x5b4047c2644ae7289576cc3f29a21da8eacda42f,2017-10-12T08:15:53.000Z,0.13,0xc6fc6835ce16679c89567c0b33604d1e9a71bf99,sell,0xb23be73573bc7e03db6e5dfc62405368716d28a8,0x42f3a514b5986e56aae25068e4a7968cfabebc4c5db2c3d30c69865e597fe21a
105,1.609,0.582458,0x1343ebb4d2abd16db3fc0d8eb7461532346d17c9,2017-10-12T07:19:41.000Z,0.362,0xde77cfaba804ff7c5f94a554d92217dba91a4464,buy,0xb23be73573bc7e03db6e5dfc62405368716d28a8,0xac84ab01997345e718c432ec40087cbf975fad141e6998b39b98c7d7ea9d10c6
106,1.105,0.40001,0x229f306b07b276acacf8c405757ab49423b36d70,2017-10-12T07:16:09.000Z,0.362,0xde77cfaba804ff7c5f94a554d92217dba91a4464,buy,0xb23be73573bc7e03db6e5dfc62405368716d28a8,0x3a58ed31e9e1465263c480ceff223cb42fedbf0bd416407f0ae7ced38fef18a8
107,2.486,0.899932,0x36c8f7c03efa71767b30c25cd0441f8b300d5950,2017-10-12T07:09:45.000Z,0.362,0xde77cfaba804ff7c5f94a554d92217dba91a4464,buy,0xb23be73573bc7e03db6e5dfc62405368716d28a8,0x29dcab66aee65413ce5795133e700a2531788e4875e9d1ea36e6b7ff88ba6833
108,0.3658658159704915,0.047562556076163894,0x5b4047c2644ae7289576cc3f29a21da8eacda42f,2017-10-12T06:43:18.000Z,0.13,0xfcd20240e4eac2f59c5065687d21e930f5102c5a,sell,0xb23be73573bc7e03db6e5dfc62405368716d28a8,0x6d888099544f2784aa3bbd350bfc21670c259356ad5774f54f42d4c3e5716c21
109,3.456,1.257984,0x36c8f7c03efa71767b30c25cd0441f8b300d5950,2017-10-12T05:53:44.000Z,0.364,0x1343ebb4d2abd16db3fc0d8eb7461532346d17c9,buy,0xb23be73573bc7e03db6e5dfc62405368716d28a8,0x9581d3fffa3bb1fdecb77bf279e0eb2812645b4cfac35e574912785ad5315be2
110,0.68,0.24752,0xde77cfaba804ff7c5f94a554d92217dba91a4464,2017-10-12T05:47:49.000Z,0.364,0x1343ebb4d2abd16db3fc0d8eb7461532346d17c9,buy,0xb23be73573bc7e03db6e5dfc62405368716d28a8,0xe80d86fa8e96cdbb4bbe0a2d13fc50e645a8a84e26ec9895d404959ed121a8d6
111,2,0.739,0x1343ebb4d2abd16db3fc0d8eb7461532346d17c9,2017-10-12T05:34:45.000Z,0.3695,0x229f306b07b276acacf8c405757ab49423b36d70,buy,0xb23be73573bc7e03db6e5dfc62405368716d28a8,0xc0d5bca19284559ed58223a72c28ccbad94af5a33a74dbaadf85e6ad60c9986f
112,2.22,0.81918,0x1343ebb4d2abd16db3fc0d8eb7461532346d17c9,2017-10-12T03:17:50.000Z,0.369,0x36c8f7c03efa71767b30c25cd0441f8b300d5950,buy,0xb23be73573bc7e03db6e5dfc62405368716d28a8,0x22ed086367a920830ff5c70991925871476a4537d2116676fb2469b690f23050
113,3.5,1.2915,0xde77cfaba804ff7c5f94a554d92217dba91a4464,2017-10-12T03:02:10.000Z,0.369,0x36c8f7c03efa71767b30c25cd0441f8b300d5950,buy,0xb23be73573bc7e03db6e5dfc62405368716d28a8,0x811ba767eac502aa9be1be4b31da4d2da7733403bbffbc71770a7f87acbce307
114,0.425,0.055675,0xbbe8a1421d8583194bd959a640cb82225650c748,2017-10-12T02:53:09.000Z,0.131,0x36c8f7c03efa71767b30c25cd0441f8b300d5950,sell,0xb23be73573bc7e03db6e5dfc62405368716d28a8,0x504334ca4a141716f9509ac0268d1b842f3f18306c5c817103a6d9c78bc96772
115,0.5,0.0655,0xbbe8a1421d8583194bd959a640cb82225650c748,2017-10-12T02:30:55.000Z,0.131,0xde77cfaba804ff7c5f94a554d92217dba91a4464,sell,0xb23be73573bc7e03db6e5dfc62405368716d28a8,0x5bbe2de5a5db97b923475a4fd4de914802d759e985d274c5df74767b62eab5ff
116,0.29,0.107184,0xde77cfaba804ff7c5f94a554d92217dba91a4464,2017-10-11T13:19:01.000Z,0.3696,0x1343ebb4d2abd16db3fc0d8eb7461532346d17c9,buy,0xb23be73573bc7e03db6e5dfc62405368716d28a8,0x1f7b9664484b64bd0f66298073102ae6c89fc06a05a410ff1cfdbd2165d5a7b6
117,0.4,0.14784,0x229f306b07b276acacf8c405757ab49423b36d70,2017-10-11T13:13:38.000Z,0.3696,0x1343ebb4d2abd16db3fc0d8eb7461532346d17c9,buy,0xb23be73573bc7e03db6e5dfc62405368716d28a8,0x5e82f33d5fc8001c89c72be7be36a78d46affe213d7e1ee18c7dea0fa9cb427b
118,3.2,1.18272,0x36c8f7c03efa71767b30c25cd0441f8b300d5950,2017-10-11T13:05:45.000Z,0.3696,0x1343ebb4d2abd16db3fc0d8eb7461532346d17c9,buy,0xb23be73573bc7e03db6e5dfc62405368716d28a8,0x3dedfe93d7be8143a37dee22ef342e4ee1d24d7b6c8c87ab74f13c24a131f58a
119,4.37,1.614715,0x1343ebb4d2abd16db3fc0d8eb7461532346d17c9,2017-10-11T12:46:59.000Z,0.3695,0xde77cfaba804ff7c5f94a554d92217dba91a4464,buy,0xb23be73573bc7e03db6e5dfc62405368716d28a8,0x74ce2c74e5a1e5425c6a568b2c22d7a3e6a635ed359e102c4a14ba6087804423
120,0.55,0.0715,0x5b4047c2644ae7289576cc3f29a21da8eacda42f,2017-10-11T12:40:00.000Z,0.13,0x1343ebb4d2abd16db3fc0d8eb7461532346d17c9,sell,0xb23be73573bc7e03db6e5dfc62405368716d28a8,0x847bcb2f92a4b2cdf97b0c320941cd0647167022c327e6937483666df4c1ea87
121,1.85,0.68265,0x36c8f7c03efa71767b30c25cd0441f8b300d5950,2017-10-11T12:24:32.000Z,0.369,0x1343ebb4d2abd16db3fc0d8eb7461532346d17c9,buy,0xb23be73573bc7e03db6e5dfc62405368716d28a8,0x69734970153609da06105ab2c5544677ee153aebe464965bdc525cc94a52e0a8
122,2.4,0.8856,0xde77cfaba804ff7c5f94a554d92217dba91a4464,2017-10-11T12:20:35.000Z,0.369,0x1343ebb4d2abd16db3fc0d8eb7461532346d17c9,buy,0xb23be73573bc7e03db6e5dfc62405368716d28a8,0x73cc117e5b808ece6e999a85b0b098d8213a9f4e086b3e81b3348a33bb410b4a
123,0.42,0.0546,0x5b4047c2644ae7289576cc3f29a21da8eacda42f,2017-10-11T09:00:50.000Z,0.13,0x36c8f7c03efa71767b30c25cd0441f8b300d5950,sell,0xb23be73573bc7e03db6e5dfc62405368716d28a8,0x7c1cc22706975268da16e7689e117a2760ac5785ab3f475495c4566ae0e2b1ad
124,0.5,0.065,0x5b4047c2644ae7289576cc3f29a21da8eacda42f,2017-10-11T08:49:43.000Z,0.13,0x1343ebb4d2abd16db3fc0d8eb7461532346d17c9,sell,0xb23be73573bc7e03db6e5dfc62405368716d28a8,0x9b5874cbbb88108f922c2f55f6ee3d84657cc0bf87419794e1d867cac201dedc
125,0.04984547901505333,0.006479912271956933,0x5b4047c2644ae7289576cc3f29a21da8eacda42f,2017-10-11T07:15:59.000Z,0.13,0xbf52f67f8524587d6a7ab1f1f8d092c635b9587f,sell,0xb23be73573bc7e03db6e5dfc62405368716d28a8,0x1ee6d36e44434154ba8a882f7ef1980770d79fbfa3d972fdab89dd6c827be5d7
126,4.5,1.8405,0x1343ebb4d2abd16db3fc0d8eb7461532346d17c9,2017-10-11T05:21:25.000Z,0.409,0x36c8f7c03efa71767b30c25cd0441f8b300d5950,buy,0xb23be73573bc7e03db6e5dfc62405368716d28a8,0x56c9af9c5d70c873ba98e842ee61ceb3bf34aadda3a841a74423c30d44ec6233
127,1.8,0.743184,0x229f306b07b276acacf8c405757ab49423b36d70,2017-10-10T17:01:36.000Z,0.41288,0xde77cfaba804ff7c5f94a554d92217dba91a4464,buy,0xb23be73573bc7e03db6e5dfc62405368716d28a8,0xc9701ea13112143c769ad5fccc3ca8ba5e8dcd53a6be19724f1f14e18335c34b
128,3.17,1.308893,0xde77cfaba804ff7c5f94a554d92217dba91a4464,2017-10-10T12:32:41.000Z,0.4129,0x1343ebb4d2abd16db3fc0d8eb7461532346d17c9,buy,0xb23be73573bc7e03db6e5dfc62405368716d28a8,0x7b3540264db76b0ffb4be7de87e04670c3a7fdeaa1a0a3fac7b9f2c675d5b615
129,0.48,0.199152,0x826886b490aa06b93900534851530c1f4a9f0a54,2017-10-10T07:28:15.000Z,0.4149,0xde77cfaba804ff7c5f94a554d92217dba91a4464,buy,0xb23be73573bc7e03db6e5dfc62405368716d28a8,0x96443acd191d8b82bc089fb5e640f002cebfab8464db279ccaf0af85226f6510
130,3,1.2447,0x1343ebb4d2abd16db3fc0d8eb7461532346d17c9,2017-10-10T07:16:12.000Z,0.4149,0xde77cfaba804ff7c5f94a554d92217dba91a4464,buy,0xb23be73573bc7e03db6e5dfc62405368716d28a8,0x33ac8972d926568c8135d1bb093d8a608c0479c3f0469b65603c8cc4e187ba4e
131,0.68,0.2992,0x826886b490aa06b93900534851530c1f4a9f0a54,2017-10-10T07:08:25.000Z,0.44,0x1343ebb4d2abd16db3fc0d8eb7461532346d17c9,buy,0xb23be73573bc7e03db6e5dfc62405368716d28a8,0x466b2e46eccbbb9ff8b8e174fb6a0ec98d84f10a7e8991d9cb8c9df1436662ba
132,1.7,0.748,0xde77cfaba804ff7c5f94a554d92217dba91a4464,2017-10-10T07:02:13.000Z,0.44,0x1343ebb4d2abd16db3fc0d8eb7461532346d17c9,buy,0xb23be73573bc7e03db6e5dfc62405368716d28a8,0xff3477d5792f8b513904caf29d5a53effe53b40497de044843ac4806c55782a6
133,1.87,0.77792,0xde77cfaba804ff7c5f94a554d92217dba91a4464,2017-10-10T06:57:15.000Z,0.416,0x1343ebb4d2abd16db3fc0d8eb7461532346d17c9,buy,0xb23be73573bc7e03db6e5dfc62405368716d28a8,0x6fc89930848855bdf7c5102b9a5a19ac754c3aff06053ecbe56d63bf7d6e6ff4
134,2.7,1.12293,0x1343ebb4d2abd16db3fc0d8eb7461532346d17c9,2017-10-10T04:00:21.000Z,0.4159,0xde77cfaba804ff7c5f94a554d92217dba91a4464,buy,0xb23be73573bc7e03db6e5dfc62405368716d28a8,0xd681a9978541248f875289f8a8faeff2d52bf7776d845e6c412876238a410543
135,0.5,0.20795,0x1343ebb4d2abd16db3fc0d8eb7461532346d17c9,2017-10-10T03:56:25.000Z,0.4159,0xde77cfaba804ff7c5f94a554d92217dba91a4464,buy,0xb23be73573bc7e03db6e5dfc62405368716d28a8,0xd56a7070ff7c6ea6fd41a4d8c333f81f520fbc71439e5eda3415f80f7c4b7e0a
136,2,0.832,0x36c8f7c03efa71767b30c25cd0441f8b300d5950,2017-10-10T03:30:25.000Z,0.416,0x1343ebb4d2abd16db3fc0d8eb7461532346d17c9,buy,0xb23be73573bc7e03db6e5dfc62405368716d28a8,0xb2c90eedaa0697a6d46ef3db23ad421b8e7a713c63f393bd0afdece71b0c35b1
137,2,0.832,0x36c8f7c03efa71767b30c25cd0441f8b300d5950,2017-10-10T03:28:16.000Z,0.416,0x1343ebb4d2abd16db3fc0d8eb7461532346d17c9,buy,0xb23be73573bc7e03db6e5dfc62405368716d28a8,0xb2c90eedaa0697a6d46ef3db23ad421b8e7a713c63f393bd0afdece71b0c35b1
138,1.82,0.7553,0x1343ebb4d2abd16db3fc0d8eb7461532346d17c9,2017-10-10T02:04:41.000Z,0.415,0x826886b490aa06b93900534851530c1f4a9f0a54,buy,0xb23be73573bc7e03db6e5dfc62405368716d28a8,0x6cd960bded693647600ec063a506f26f2fc8cb280e3427cb932919b7fff973ab
139,1,0.2,0x1343ebb4d2abd16db3fc0d8eb7461532346d17c9,2017-10-10T02:01:21.000Z,0.2,0xde77cfaba804ff7c5f94a554d92217dba91a4464,sell,0xb23be73573bc7e03db6e5dfc62405368716d28a8,0x8493de3769551612ea6f0264d681c25b5b5ecf0e702a1a9a913e3f580bf4ed2d
140,0.98,0.4018,0x36c8f7c03efa71767b30c25cd0441f8b300d5950,2017-10-10T01:56:29.000Z,0.41,0x1343ebb4d2abd16db3fc0d8eb7461532346d17c9,buy,0xb23be73573bc7e03db6e5dfc62405368716d28a8,0x18979247a38265da6c49fca2af2cc579d4512eb951954b79f4cd3476d9ff3921
141,0.62,0.2542,0xde77cfaba804ff7c5f94a554d92217dba91a4464,2017-10-10T01:53:11.000Z,0.41,0x1343ebb4d2abd16db3fc0d8eb7461532346d17c9,buy,0xb23be73573bc7e03db6e5dfc62405368716d28a8,0xa7512091b327ea7fc127fce72cccb13f22dfc89482d410b61a5a6226f5b5ffec
142,0.96,0.3936,0x826886b490aa06b93900534851530c1f4a9f0a54,2017-10-10T01:48:53.000Z,0.41,0x1343ebb4d2abd16db3fc0d8eb7461532346d17c9,buy,0xb23be73573bc7e03db6e5dfc62405368716d28a8,0xe9a21a98f28fd68f5a066aed8b073ce59c10929de0bc8740e0ec2f85adb021a0
143,1,0.41,0x826886b490aa06b93900534851530c1f4a9f0a54,2017-10-10T01:39:41.000Z,0.41,0x1343ebb4d2abd16db3fc0d8eb7461532346d17c9,buy,0xb23be73573bc7e03db6e5dfc62405368716d28a8,0xf252173bcc607691d6cfba8c672ada2f01a7efd251abaaf5ce09b13118909171
144,0.32,0.128,0x826886b490aa06b93900534851530c1f4a9f0a54,2017-10-10T01:34:49.000Z,0.4,0x36c8f7c03efa71767b30c25cd0441f8b300d5950,buy,0xb23be73573bc7e03db6e5dfc62405368716d28a8,0x0a0a79fc0eac490802800b616fa6c8e4adc56a39800640ca5cea29bb2b3a629e
145,0.25,0.1,0xde77cfaba804ff7c5f94a554d92217dba91a4464,2017-10-10T01:25:51.000Z,0.4,0x36c8f7c03efa71767b30c25cd0441f8b300d5950,buy,0xb23be73573bc7e03db6e5dfc62405368716d28a8,0xae1bedf90f7f14684a7601e950cbdc7b0d8438a43788245e917828e8b470a524
146,1.75,0.7,0x1343ebb4d2abd16db3fc0d8eb7461532346d17c9,2017-10-10T01:18:39.000Z,0.4,0x36c8f7c03efa71767b30c25cd0441f8b300d5950,buy,0xb23be73573bc7e03db6e5dfc62405368716d28a8,0x51c5b008a91c71a4ddca546fa65cb413f292d44c65ba089098148cd247e1dc62
147,0.055,0.022,0x229f306b07b276acacf8c405757ab49423b36d70,2017-10-09T09:29:11.000Z,0.4,0x1343ebb4d2abd16db3fc0d8eb7461532346d17c9,buy,0xb23be73573bc7e03db6e5dfc62405368716d28a8,0x489fb957c7b9153d934bfb97420deafc89491b1a6927293b18d3ac533bc116bf
148,0.145,0.058,0x229f306b07b276acacf8c405757ab49423b36d70,2017-10-09T09:27:01.000Z,0.4,0x1343ebb4d2abd16db3fc0d8eb7461532346d17c9,buy,0xb23be73573bc7e03db6e5dfc62405368716d28a8,0x45a9a7a209238d8a18cf48c11193a2c4235141e3d6987df8c5ef41a2a4b927c4
149,0.006,0.000123000006,0xf36990a2cb4d609e0a7d4f3bf884c0342d81fd3d,2017-10-09T08:52:14.000Z,0.020500001,0xe80eefd9eb693fdb70b3c1311eb438eedf94921b,sell,0xb23be73573bc7e03db6e5dfc62405368716d28a8,0xa22215adaf8985418a12c378fdf4cd53d7c42b7fd3c7b43403a4b175f448e830
150,0.08690626377730891,0.021726565944327227,0x4995c29a93226c5858711f81e3b75eb2aa0a5a4e,2017-10-09T08:46:57.000Z,0.25,0xe80eefd9eb693fdb70b3c1311eb438eedf94921b,sell,0xb23be73573bc7e03db6e5dfc62405368716d28a8,0xab2d58c8a5c9b448db1ab627127f9027fb60bb618b8523f6a744b7eedcc2fd50
151,0.407,0.126577,0x5d26ca4ee3be471a4c5eeccb3bac220603387c77,2017-10-09T08:46:42.000Z,0.311,0xe80eefd9eb693fdb70b3c1311eb438eedf94921b,sell,0xb23be73573bc7e03db6e5dfc62405368716d28a8,0x1a169b87f723593a1838f8c1f178c082d625a69e13fb92970845491d8be62812
152,0.29267343235968496,0.09102143746386203,0x5d26ca4ee3be471a4c5eeccb3bac220603387c77,2017-10-09T07:28:29.000Z,0.311,0xad7944e6baa2ffcfbe96329f07b3bef456d18287,sell,0xb23be73573bc7e03db6e5dfc62405368716d28a8,0xf2920607b155b1c371fed5c7555dd6b89ac6bef624d89e411aed3d924592aac8
153,2,0.624004,0x5b4047c2644ae7289576cc3f29a21da8eacda42f,2017-10-08T23:04:36.000Z,0.312002,0x1343ebb4d2abd16db3fc0d8eb7461532346d17c9,sell,0xb23be73573bc7e03db6e5dfc62405368716d28a8,0x75bd327b00ca687e4cd54193cbd4b2fa3e6b562a43c7d38614aab38c4e5a9c2b
154,0.0316513308742897,0.007912832718572425,0x4995c29a93226c5858711f81e3b75eb2aa0a5a4e,2017-10-08T19:25:15.000Z,0.25,0x2d2c27b5a0ae884f976dba8b1af113ed81e28279,sell,0xb23be73573bc7e03db6e5dfc62405368716d28a8,0x7e11e7cc90d8a6ca39f651da57b6564a7c7427932f96caba6302880dc5be4408
155,0.1,0.0312000001,0xf36990a2cb4d609e0a7d4f3bf884c0342d81fd3d,2017-10-08T18:45:16.000Z,0.312000001,0x2d2c27b5a0ae884f976dba8b1af113ed81e28279,sell,0xb23be73573bc7e03db6e5dfc62405368716d28a8,0x8b0964a515f416d27017f1934210df0f7f07c5f4e97cafd2a9e2de7c089d6b81
156,0.2,0.06,0x1343ebb4d2abd16db3fc0d8eb7461532346d17c9,2017-10-08T18:35:39.000Z,0.3,0x2d2c27b5a0ae884f976dba8b1af113ed81e28279,sell,0xb23be73573bc7e03db6e5dfc62405368716d28a8,0x97df447ac8675bee655e643357f61c3e9e9fabe49a67258221c3eb90843916bf
157,0.034,0.01054,0x1343ebb4d2abd16db3fc0d8eb7461532346d17c9,2017-10-08T17:53:25.000Z,0.31,0x2d2c27b5a0ae884f976dba8b1af113ed81e28279,sell,0xb23be73573bc7e03db6e5dfc62405368716d28a8,0x7426221fb8d134875dabdc5972737cf848758e97355a06b00fc290576cf3ade4
158,0.1,0.05899,0x36c8f7c03efa71767b30c25cd0441f8b300d5950,2017-10-08T12:13:13.000Z,0.5899,0xde77cfaba804ff7c5f94a554d92217dba91a4464,buy,0xb23be73573bc7e03db6e5dfc62405368716d28a8,0xa998b3d00b56244691b877c82f15fd9854d6857e939728a7e88ed2c91baa39a8
159,1.2,0.3744,0xe80eefd9eb693fdb70b3c1311eb438eedf94921b,2017-10-08T11:10:12.000Z,0.312,0x36c8f7c03efa71767b30c25cd0441f8b300d5950,sell,0xb23be73573bc7e03db6e5dfc62405368716d28a8,0xb4b4b325bdfade7fce35d366ba4a04596abdb120a82a6a91c5970adcd7f386a9
160,0.036,0.01116,0x1343ebb4d2abd16db3fc0d8eb7461532346d17c9,2017-10-08T11:06:51.000Z,0.31,0xcf4f3a357fe858340dccff99ca30fd285b70b8a0,buy,0xb23be73573bc7e03db6e5dfc62405368716d28a8,0xc39376504b8f8a88d3a41dd816682d44dd1e0aa2a1967058ab5588c15aa99045
161,0.4935987114368734,0.29072964103631843,0x1343ebb4d2abd16db3fc0d8eb7461532346d17c9,2017-10-07T22:40:54.000Z,0.589,0xde77cfaba804ff7c5f94a554d92217dba91a4464,buy,0xb23be73573bc7e03db6e5dfc62405368716d28a8,0x9ad12b2f2f72b5e8cd25b95564a898ee82b628fa4c934d916b11b0a00b603f2b
162,3,0.936,0xe80eefd9eb693fdb70b3c1311eb438eedf94921b,2017-10-07T22:37:54.000Z,0.312,0x1343ebb4d2abd16db3fc0d8eb7461532346d17c9,sell,0xb23be73573bc7e03db6e5dfc62405368716d28a8,0x51dbbfe9a840172573e58590c6a9fb0cb9291a982f4a47b31c2b463cecab88f5
163,0.00004,0.0012,0x153685a03c2025b6825ae164e2ff5681ee487667,2017-10-07T19:19:05.000Z,30,0x5d5065b42bdee0274e394ba9042c21e1818c69cf,sell,0xb23be73573bc7e03db6e5dfc62405368716d28a8,0x5621c17a4fcb2316007e2af370023dfb6b9fd1502af64f5060b21b9f12919741
164,0.006401288563126611,0.003770358963681574,0x25cb0ecbc7f8b7844531df9d137dcb594080a311,2017-10-07T19:12:32.000Z,0.589,0xde77cfaba804ff7c5f94a554d92217dba91a4464,buy,0xb23be73573bc7e03db6e5dfc62405368716d28a8,0x3a6ea43f05627c1c6285b1f231e5417c42bfee4703d5d565a0f64783623fe1b9
165,0.03658536,0.01137804696,0x153685a03c2025b6825ae164e2ff5681ee487667,2017-10-07T17:11:44.000Z,0.311,0xeb9b1e0b8e645c67c2f471c73c962f6fff5d46aa,buy,0xb23be73573bc7e03db6e5dfc62405368716d28a8,0x9067054b07bfe163acf8bb164c2eb71c119dc595c534fd119c7b5e056b8ba3e8
166,0.02,0.0118,0xeeb12121316645ac76b40ac9d130de4b2f655f6e,2017-10-07T13:59:01.000Z,0.59,0x54804cbd6db2362656f743e4c4306dd4f98e6580,buy,0xb23be73573bc7e03db6e5dfc62405368716d28a8,0xf2ed4f0e140fd09362e21a4d93fbb6880af54795cc55f431c91eb52d74522a00
167,0.1,0.06,0x4995c29a93226c5858711f81e3b75eb2aa0a5a4e,2017-10-07T09:55:49.000Z,0.6,0xde77cfaba804ff7c5f94a554d92217dba91a4464,buy,0xb23be73573bc7e03db6e5dfc62405368716d28a8,0x71e37f648568c162c67e263dec93f76cb6499d8b0368e3a7a916e424c32d4954
168,1.2,0.588,0x4995c29a93226c5858711f81e3b75eb2aa0a5a4e,2017-10-07T09:46:22.000Z,0.49,0xde77cfaba804ff7c5f94a554d92217dba91a4464,buy,0xb23be73573bc7e03db6e5dfc62405368716d28a8,0xa332575ae7ea1afb00c006ddebc990b5f57c73d6221087caa75f612bc5d4d68f
169,0.219,0.107091,0x4995c29a93226c5858711f81e3b75eb2aa0a5a4e,2017-10-07T09:43:04.000Z,0.489,0x47e9cfa8c920dd158260ceeedf0176cf01d225e1,buy,0xb23be73573bc7e03db6e5dfc62405368716d28a8,0x71c14e54b38dce75d596205e50e5e8ec302dd298ba180b2a1f5fc8b822463abe
170,0.218,0.109,0x4995c29a93226c5858711f81e3b75eb2aa0a5a4e,2017-10-07T09:40:22.000Z,0.5,0x42f69c6ad371b450e18e52fb8e7046533742b91a,buy,0xb23be73573bc7e03db6e5dfc62405368716d28a8,0xf66824618a0f1bf17d6849de56630d89b886d5c4c6124a340cb83a87bfd4e241
171,4.8,3.36,0x4995c29a93226c5858711f81e3b75eb2aa0a5a4e,2017-10-07T09:40:03.000Z,0.7,0x395783d6e6da1efc2e79dffa051789e58854c79b,buy,0xb23be73573bc7e03db6e5dfc62405368716d28a8,0x2290afa54b93318b275dc88a8e6463a1583c371d2fe99ccdd519a650b5bc2a09
172,0.294,0.1176,0xf58a285597f57466b0ca7f314b38beb02c6b5a8e,2017-10-07T05:40:57.000Z,0.4,0x67c1559f671935e1601eba3d688f029f87a00db6,buy,0xb23be73573bc7e03db6e5dfc62405368716d28a8,0x69287d0b07700c7b7801b70d508db3f5309d9933ecadd8c119995dd543ebe6d2
173,0.7818983163147196,0.3909491581573598,0xb8186b97012530dceadc931136bf6cc7e4237f10,2017-10-07T04:33:22.000Z,0.5,0x42f69c6ad371b450e18e52fb8e7046533742b91a,buy,0xb23be73573bc7e03db6e5dfc62405368716d28a8,0x6391371b7cc12709e7ebfb180cfee732d1200e1e795dc234e8e08f1158706351
174,0.06570606144533944,0.02036887904805523,0x1343ebb4d2abd16db3fc0d8eb7461532346d17c9,2017-10-07T03:52:40.000Z,0.31,0xcb734fd46342bf1c9c01cda7509cff67612fd3c7,sell,0xb23be73573bc7e03db6e5dfc62405368716d28a8,0xbf3a8efcd81806fcdbcd8ec5aece3589fe0708144c4c1aaf2ab4dc574b172f93
175,0.05359056806,0.01666666666666,0x5d5065b42bdee0274e394ba9042c21e1818c69cf,2017-10-07T03:40:23.000Z,0.311,0xcb734fd46342bf1c9c01cda7509cff67612fd3c7,sell,0xb23be73573bc7e03db6e5dfc62405368716d28a8,0x165ceed5c1645c545d60eb43ffc33b22864cd600bc3876ea1ac545bbf860376f
176,0.1,0.035,0x36c8f7c03efa71767b30c25cd0441f8b300d5950,2017-10-07T03:36:31.000Z,0.35,0xcb734fd46342bf1c9c01cda7509cff67612fd3c7,sell,0xb23be73573bc7e03db6e5dfc62405368716d28a8,0x7cacf667a8b84c350cb4ee79242c16e2c453a1f497458aa47b4f4ef6276b6ef3
177,0.63,0.19593,0xe80eefd9eb693fdb70b3c1311eb438eedf94921b,2017-10-07T00:37:30.000Z,0.311,0x36c8f7c03efa71767b30c25cd0441f8b300d5950,sell,0xb23be73573bc7e03db6e5dfc62405368716d28a8,0x2835590e8fea923c62c554ec10cc056ec8c5b18118ebdc893b822d5f28c8a228
178,0.5,0.15,0x4995c29a93226c5858711f81e3b75eb2aa0a5a4e,2017-10-06T11:46:03.000Z,0.3,0x1343ebb4d2abd16db3fc0d8eb7461532346d17c9,sell,0xb23be73573bc7e03db6e5dfc62405368716d28a8,0x6b99cd7f0567251a1b37b07a34a1a0c6c60f85970390c79dcd8761257dbb076e
179,1.5,0.375,0xfe423f6b9b3aa093cc08831d9b106027f97e132e,2017-10-06T11:40:07.000Z,0.25,0x1343ebb4d2abd16db3fc0d8eb7461532346d17c9,buy,0xb23be73573bc7e03db6e5dfc62405368716d28a8,0x9ff65d685835ef9167dcb8fb29a6605c5a11871e86e247b5f49763729c47124c
180,1.4955,0.403785,0x4995c29a93226c5858711f81e3b75eb2aa0a5a4e,2017-10-06T11:40:07.000Z,0.27,0xfe423f6b9b3aa093cc08831d9b106027f97e132e,sell,0xb23be73573bc7e03db6e5dfc62405368716d28a8,0x9ff65d685835ef9167dcb8fb29a6605c5a11871e86e247b5f49763729c47124c
181,1,0.5,0x4995c29a93226c5858711f81e3b75eb2aa0a5a4e,2017-10-06T10:59:54.000Z,0.5,0x1343ebb4d2abd16db3fc0d8eb7461532346d17c9,buy,0xb23be73573bc7e03db6e5dfc62405368716d28a8,0x06817b516af80e10258922f7fb2942b7a69fc20c50452dcd2caa9b50c0e4736e
182,0.5,0.5,0x4995c29a93226c5858711f81e3b75eb2aa0a5a4e,2017-10-06T10:49:50.000Z,1,0x1343ebb4d2abd16db3fc0d8eb7461532346d17c9,buy,0xb23be73573bc7e03db6e5dfc62405368716d28a8,0x36f1d8864e19c4c4f194fb8512bea2aac67db769883de2e9e07279afd18f4c8a
183,0.249,0.0747,0x317097e643db282efb9e33fec46ce03150718129,2017-10-06T09:35:10.000Z,0.3,0x1343ebb4d2abd16db3fc0d8eb7461532346d17c9,buy,0xb23be73573bc7e03db6e5dfc62405368716d28a8,0x8264a59690dc6bad8241c01755651151f039c8950fbdaf4389b38b3b8293753b
184,0.000875607463529723,0.000262682239058917,0x89bca9a755423e945bff34cbe465637fcca9e1de,2017-10-06T09:05:23.000Z,0.3000000000000001,0x1343ebb4d2abd16db3fc0d8eb7461532346d17c9,buy,0xb23be73573bc7e03db6e5dfc62405368716d28a8,0x7f90b495702d38924fab2b32f6d97e5556b9abc8c477044e74b4f5e9b695fcb4
185,0.0674521999458038,0.01686304998645095,0x5e20f23e1ba322a660bc6f4be59f61dfaad95097,2017-10-06T01:18:16.000Z,0.25,0x1343ebb4d2abd16db3fc0d8eb7461532346d17c9,sell,0xb23be73573bc7e03db6e5dfc62405368716d28a8,0x8bbc455f8bee6ba536319f77a46fd0759d068146391b83d2046795155e15f7bd
186,0.0325478000541962,0.00813695001354905,0x5e20f23e1ba322a660bc6f4be59f61dfaad95097,2017-10-06T01:16:40.000Z,0.25,0x1343ebb4d2abd16db3fc0d8eb7461532346d17c9,sell,0xb23be73573bc7e03db6e5dfc62405368716d28a8,0x59b05f4626bff6f9f33a3ebb629a2070797cc757bea889fea92fed6a29448c1f
187,1,0.25,0x42f69c6ad371b450e18e52fb8e7046533742b91a,2017-10-06T01:15:21.000Z,0.25,0x1343ebb4d2abd16db3fc0d8eb7461532346d17c9,buy,0xb23be73573bc7e03db6e5dfc62405368716d28a8,0x1bfd05442ae69ce1451d45f226395ea0350df20755af2f90d51f8d1e54d4fc7b
188,1,0.15,0xe80eefd9eb693fdb70b3c1311eb438eedf94921b,2017-10-05T19:37:51.000Z,0.15,0x1343ebb4d2abd16db3fc0d8eb7461532346d17c9,buy,0xb23be73573bc7e03db6e5dfc62405368716d28a8,0xb1cbb04b0e68f8757ff243b0f2caaa42610b3e000c1df5a42603e5aa16db3588
189,1.21,0.13915,0x5b4047c2644ae7289576cc3f29a21da8eacda42f,2017-10-05T16:05:20.000Z,0.115,0x4dca30bcc9c9db4408141cd67b1515e689f546d8,buy,0xb23be73573bc7e03db6e5dfc62405368716d28a8,0xd5c2faeab270d1f6e72ebbc4e84ed89607a2842fef430e782daa2df70aee8270
190,1,0.125,0x5b4047c2644ae7289576cc3f29a21da8eacda42f,2017-10-05T15:58:26.000Z,0.125,0x4dca30bcc9c9db4408141cd67b1515e689f546d8,buy,0xb23be73573bc7e03db6e5dfc62405368716d28a8,0xde162f0dece714d56ad5cb18542692197489ae428ff47475ba7f9cb744a2340a
191,0.95,0.09975,0x5b4047c2644ae7289576cc3f29a21da8eacda42f,2017-10-05T15:41:58.000Z,0.105,0x4dca30bcc9c9db4408141cd67b1515e689f546d8,buy,0xb23be73573bc7e03db6e5dfc62405368716d28a8,0x698ec01799815cbfad8d3c65efc616fc2e54ff5b4292d3bb2845ad149b37c890
192,0.05,0.00525,0xbf52f67f8524587d6a7ab1f1f8d092c635b9587f,2017-10-05T14:13:42.000Z,0.105,0x4dca30bcc9c9db4408141cd67b1515e689f546d8,buy,0xb23be73573bc7e03db6e5dfc62405368716d28a8,0x0552543b9509033acb278eba13c2fd4252c20cf34016ae3b7c99ed29ab64f0b0
193,0.29267343235968496,0.005853468647193699,0x3453011daa568b3fed926bb0cf5e0a7b62454c97,2017-10-05T06:15:54.000Z,0.019999999999999997,0x8c7385066cd3512865dd58d1d9d3ca8378d83c09,sell,0xb23be73573bc7e03db6e5dfc62405368716d28a8,0x44a643ee3e514fa998d8072a45dddffab483af565a6a6be53fdd9c3d3290abb9
