,amount,amountBase,buyer,date,price,seller,side,tokenAddr,txHash
0,116.807,0.575274475,0x1227ea9856563907acf405f851e109b9566b10ec,2017-11-02T10:49:09.000Z,0.004925,0x7015d82af39815bf22389c2ad2d2ec6eabda06d4,buy,0xe5a7c12972f3bbfe70ed29521c8949b8af6a0970,0x514424cb973a60d1dc93390e705cbccd34fca59b7a13091b9d2ad81528cc258c
1,0.10152284263959391,0.0005,0x3075f7f189912f4f425dd7021b9c396434197477,2017-11-02T07:49:20.000Z,0.004925,0x218c31fd147173c981aa857f9cfb4cb8780a34f5,buy,0xe5a7c12972f3bbfe70ed29521c8949b8af6a0970,0x76ded9a4ee173c7c1800652cbefb0da3f3a666573e796d92792b8be3a8aa37f9
2,0.10152284263959391,0.0005,0x4fda9e6bcd83af6c5cc771b5d20accc2b7720074,2017-11-02T07:47:33.000Z,0.004925,0x218c31fd147173c981aa857f9cfb4cb8780a34f5,buy,0xe5a7c12972f3bbfe70ed29521c8949b8af6a0970,0xc21d4732c5fbd7e6561c41c2a1fc16829307532a365b3f7b4548f27b36cc382f
3,0.1,0.0004925,0xed2ca7381d82f8fb9bcc54ea6ab6526e35aece25,2017-11-02T02:08:29.000Z,0.004925,0x218c31fd147173c981aa857f9cfb4cb8780a34f5,buy,0xe5a7c12972f3bbfe70ed29521c8949b8af6a0970,0xe5c2d6cef75086eeab70766ea9e8e0341989010cb4f96a7dad9fe31ab54e47c8
4,547.559712864235,2.568055053333262,0x218c31fd147173c981aa857f9cfb4cb8780a34f5,2017-11-02T01:14:20.000Z,0.00469,0x84a7b3f5fdadf96ba54078e1d047fb2f2cb3d1f5,sell,0xe5a7c12972f3bbfe70ed29521c8949b8af6a0970,0x1aff1d6c5e97f02dee62ba3b61e8aea359c95551c4349815b17e6bbc61b3c650
5,449.12,2.110864,0x218c31fd147173c981aa857f9cfb4cb8780a34f5,2017-11-02T01:13:32.000Z,0.0047,0x84a7b3f5fdadf96ba54078e1d047fb2f2cb3d1f5,sell,0xe5a7c12972f3bbfe70ed29521c8949b8af6a0970,0x168d9cc6fcc74bd049ea0ca3234e68752f07c7dea960bd8dbac15c4aed0222bf
6,0.5,0.002532,0x218c31fd147173c981aa857f9cfb4cb8780a34f5,2017-11-02T00:47:46.000Z,0.005064,0x84a7b3f5fdadf96ba54078e1d047fb2f2cb3d1f5,sell,0xe5a7c12972f3bbfe70ed29521c8949b8af6a0970,0x7b97045abd181dccc961fb99d8871fa4c52311004ff307f0a65eec7efaab810f
7,0.5,0.002532,0x218c31fd147173c981aa857f9cfb4cb8780a34f5,2017-11-02T00:05:29.000Z,0.005064,0x218c31fd147173c981aa857f9cfb4cb8780a34f5,sell,0xe5a7c12972f3bbfe70ed29521c8949b8af6a0970,0x8f140ad193678043a6413809ff982b032c84bab5e078c3b807a4134f2d4a68bb
8,0.5,0.002532,0x218c31fd147173c981aa857f9cfb4cb8780a34f5,2017-11-02T00:05:29.000Z,0.005064,0x218c31fd147173c981aa857f9cfb4cb8780a34f5,buy,0xe5a7c12972f3bbfe70ed29521c8949b8af6a0970,0x7777f4899ea25788fe13cc07a8e4e528852b9e3a357b36faacb692ccee0a6877
9,3326.7897380227987,15.935322845129205,0x218c31fd147173c981aa857f9cfb4cb8780a34f5,2017-11-01T23:58:59.000Z,0.00479,0x7ff6dade60b697ef9fb6249196f75812b7d26ba2,buy,0xe5a7c12972f3bbfe70ed29521c8949b8af6a0970,0x398741975974ccc3c9eb4576abfa5453854978247b951c682edb49a81ef3896a
10,0.06239419327514599,0.000307291401880094,0x218c31fd147173c981aa857f9cfb4cb8780a34f5,2017-11-01T14:28:48.000Z,0.004925,0x218c31fd147173c981aa857f9cfb4cb8780a34f5,buy,0xe5a7c12972f3bbfe70ed29521c8949b8af6a0970,0x941ddba534884331452a1087ba4c6e853f5b102bd1ea3b192fbbc1a392794fc4
11,643.5156685301096,3.082440052259225,0x218c31fd147173c981aa857f9cfb4cb8780a34f5,2017-11-01T14:18:08.000Z,0.00479,0x7ff6dade60b697ef9fb6249196f75812b7d26ba2,buy,0xe5a7c12972f3bbfe70ed29521c8949b8af6a0970,0xbd54427a9e7ef85a92c1f84c180b953b150cb073499046e280d3d1bda0f086d4
12,705.5192491743779,3.37943720354527,0x1227ea9856563907acf405f851e109b9566b10ec,2017-11-01T13:51:23.000Z,0.00479,0x7ff6dade60b697ef9fb6249196f75812b7d26ba2,buy,0xe5a7c12972f3bbfe70ed29521c8949b8af6a0970,0x057c87dfd761fa5c9ec1ff70087ff493b0bf47d5c027f0bb0db5e9ce58665e98
13,1000,4.79,0x1227ea9856563907acf405f851e109b9566b10ec,2017-11-01T13:22:10.000Z,0.00479,0x7ff6dade60b697ef9fb6249196f75812b7d26ba2,buy,0xe5a7c12972f3bbfe70ed29521c8949b8af6a0970,0x6886644f4ccada60aee1470bb677d769a25ad888b1d6ca3867f657e0937b8929
14,980,4.6942,0x1227ea9856563907acf405f851e109b9566b10ec,2017-11-01T13:11:42.000Z,0.00479,0x7ff6dade60b697ef9fb6249196f75812b7d26ba2,buy,0xe5a7c12972f3bbfe70ed29521c8949b8af6a0970,0x16b9e315aa9fcafbe09464872138bd2e2625de7425ca8009bc12a9641e16fe01
15,0.5,0.002395,0xf84bfa23c2ab766c47056011b26e2d12ade5c754,2017-11-01T13:08:43.000Z,0.00479,0x7ff6dade60b697ef9fb6249196f75812b7d26ba2,buy,0xe5a7c12972f3bbfe70ed29521c8949b8af6a0970,0x798f45cef6e8da585f384e4265b314114af6939f4df87ac2b783cc0791ff9fe9
16,960,4.5984,0x1227ea9856563907acf405f851e109b9566b10ec,2017-11-01T12:49:44.000Z,0.00479,0x7ff6dade60b697ef9fb6249196f75812b7d26ba2,buy,0xe5a7c12972f3bbfe70ed29521c8949b8af6a0970,0x0a540cad70121c17067aba60e9a42d170905d367ece16ab5abb31517af52244a
17,955.3364945860752,4.5760618090673,0x1227ea9856563907acf405f851e109b9566b10ec,2017-11-01T12:37:36.000Z,0.00479,0x7ff6dade60b697ef9fb6249196f75812b7d26ba2,buy,0xe5a7c12972f3bbfe70ed29521c8949b8af6a0970,0xce54abcdbee7de392997eb5596c738914f178d217b2b52636eafb9cf7d6de132
18,933.6872275574108,4.472361819999997,0x1227ea9856563907acf405f851e109b9566b10ec,2017-11-01T12:04:27.000Z,0.00479,0x7ff6dade60b697ef9fb6249196f75812b7d26ba2,buy,0xe5a7c12972f3bbfe70ed29521c8949b8af6a0970,0x2f734f8121ece00cbeb32097c1edbd1cbc8051e957af533ae677c6f2415f2ffc
19,498.5386221292278,2.387999999999001,0x1227ea9856563907acf405f851e109b9566b10ec,2017-11-01T11:43:54.000Z,0.00479,0x7ff6dade60b697ef9fb6249196f75812b7d26ba2,buy,0xe5a7c12972f3bbfe70ed29521c8949b8af6a0970,0x95d9325284753828e5653df4d6367bcc0d276f6001002989ba94abdca6231ef2
20,0.5,0.0024625,0x218c31fd147173c981aa857f9cfb4cb8780a34f5,2017-11-01T04:02:44.000Z,0.004925,0x218c31fd147173c981aa857f9cfb4cb8780a34f5,sell,0xe5a7c12972f3bbfe70ed29521c8949b8af6a0970,0x7d0e2c4ab4e7c686b030268f4fae4fa4aeda696d39415733b33f93be44c50453
21,0.5,0.0024625,0x218c31fd147173c981aa857f9cfb4cb8780a34f5,2017-11-01T04:00:06.000Z,0.004925,0x218c31fd147173c981aa857f9cfb4cb8780a34f5,buy,0xe5a7c12972f3bbfe70ed29521c8949b8af6a0970,0xbe51f58b78968d63a5cca41fc13f026fc963c9a9ec0c766fd57504cd7d5bff5f
22,366.461,1.75534819,0x218c31fd147173c981aa857f9cfb4cb8780a34f5,2017-11-01T03:53:27.000Z,0.00479,0x84a7b3f5fdadf96ba54078e1d047fb2f2cb3d1f5,buy,0xe5a7c12972f3bbfe70ed29521c8949b8af6a0970,0x9998ef7f568f4f1f3c57bd3eba9c8ac9694683252812b83c028162f94acb733d
23,498.5386220258859,2.3879999995039936,0x1227ea9856563907acf405f851e109b9566b10ec,2017-11-01T02:34:32.000Z,0.00479,0x84a7b3f5fdadf96ba54078e1d047fb2f2cb3d1f5,buy,0xe5a7c12972f3bbfe70ed29521c8949b8af6a0970,0x71c67d032f41a962c2386b2dac869f5b501ccf7df79da88b790f217002efcc46
24,1,0.004922,0x218c31fd147173c981aa857f9cfb4cb8780a34f5,2017-11-01T00:22:03.000Z,0.004922,0x218c31fd147173c981aa857f9cfb4cb8780a34f5,buy,0xe5a7c12972f3bbfe70ed29521c8949b8af6a0970,0x33b7bf72dd3770837e4aaf90151cce5bea526d0b28b987d49c0fda5610e57117
25,1,0.004922,0x218c31fd147173c981aa857f9cfb4cb8780a34f5,2017-11-01T00:21:22.000Z,0.004922,0x218c31fd147173c981aa857f9cfb4cb8780a34f5,sell,0xe5a7c12972f3bbfe70ed29521c8949b8af6a0970,0x61eb470ed8c9c77befc14771f4426ace027cf9c4b91a070d12c02255fc4e9e69
26,416.8918783996827,1.955222909694512,0x1227ea9856563907acf405f851e109b9566b10ec,2017-11-01T00:13:42.000Z,0.00469,0x7ff6dade60b697ef9fb6249196f75812b7d26ba2,buy,0xe5a7c12972f3bbfe70ed29521c8949b8af6a0970,0x6e86b5a8b96e1b0f282069221698d29494266d5cf0089647da4459619c5f4b38
27,5611.949874687977,26.320044912286612,0x218c31fd147173c981aa857f9cfb4cb8780a34f5,2017-11-01T00:03:58.000Z,0.00469,0x7ff6dade60b697ef9fb6249196f75812b7d26ba2,buy,0xe5a7c12972f3bbfe70ed29521c8949b8af6a0970,0x2e1f4b71096a7e8cc2e6a098908d3166a3656b77c4ee128923826734a6c2a3ae
28,3490.514956719804,16.370515147015883,0x218c31fd147173c981aa857f9cfb4cb8780a34f5,2017-10-31T21:34:09.000Z,0.00469,0x7ff6dade60b697ef9fb6249196f75812b7d26ba2,buy,0xe5a7c12972f3bbfe70ed29521c8949b8af6a0970,0x2ae802bd3201fa2263f25b596283cf9f156ff0875c423d25477355f8020eb371
29,27.643290192535783,0.12964703100299282,0x1227ea9856563907acf405f851e109b9566b10ec,2017-10-31T19:25:32.000Z,0.00469,0x7ff6dade60b697ef9fb6249196f75812b7d26ba2,buy,0xe5a7c12972f3bbfe70ed29521c8949b8af6a0970,0x30e901ee82a3d90653f64247c2a3acb8841d9b8b40f201efc9ba6ce1803deb1e
30,1,0.00469,0x1227ea9856563907acf405f851e109b9566b10ec,2017-10-31T19:14:22.000Z,0.00469,0x7ff6dade60b697ef9fb6249196f75812b7d26ba2,buy,0xe5a7c12972f3bbfe70ed29521c8949b8af6a0970,0xd0635a046ee2d603dc1a6ef5d5d7eabe1464e883393ee3a4cc7435862891d979
31,0.7,0.00336,0x218c31fd147173c981aa857f9cfb4cb8780a34f5,2017-10-31T15:28:41.000Z,0.0048,0x7ff6dade60b697ef9fb6249196f75812b7d26ba2,buy,0xe5a7c12972f3bbfe70ed29521c8949b8af6a0970,0xa644d77d94296dd2e67e15d678e858d5ff446bcfa7b3456ea63ea14567a9f05d
32,450,2.16,0x1227ea9856563907acf405f851e109b9566b10ec,2017-10-31T10:05:36.000Z,0.0048,0x7ff6dade60b697ef9fb6249196f75812b7d26ba2,buy,0xe5a7c12972f3bbfe70ed29521c8949b8af6a0970,0x2d6180af76a8b282b4bd13bee63394ef35f8d2d01d74cbd08718fa1bdc9c596c
33,0.1008098051648,0.000455660319344895,0x1227ea9856563907acf405f851e109b9566b10ec,2017-10-31T03:53:35.000Z,0.00451999999999999,0xe444a40689f51f63bcd29910622035707d533d29,sell,0xe5a7c12972f3bbfe70ed29521c8949b8af6a0970,0xb48e9a8dbc6d585e5fae79bcad8bba0f8af098172053b199ae9cf1e77ede81c7
34,0.1,0.00048747,0x218c31fd147173c981aa857f9cfb4cb8780a34f5,2017-10-30T18:44:56.000Z,0.0048747,0x7ff6dade60b697ef9fb6249196f75812b7d26ba2,buy,0xe5a7c12972f3bbfe70ed29521c8949b8af6a0970,0x402e3561720f6f82fc908cdf00944717aeabede8c41bedb937c52b8cc0c2fd2c
35,0.1025729396173,0.000463629687070195,0x1227ea9856563907acf405f851e109b9566b10ec,2017-10-30T02:01:06.000Z,0.00451999999999999,0x379374d13077e8867ef31803c37baf9785a17c00,sell,0xe5a7c12972f3bbfe70ed29521c8949b8af6a0970,0x3af5a7827a6378be3182b8cde3627e3b5b8ca0813f49302d4fdbeb0c58fc7c4b
36,0.1036391863909,0.000468449122486867,0x1227ea9856563907acf405f851e109b9566b10ec,2017-10-30T01:59:21.000Z,0.00451999999999999,0x16e5d97bbc92417e051e3b2cabfbf8ceea2acb9c,sell,0xe5a7c12972f3bbfe70ed29521c8949b8af6a0970,0x9cfc22fabf7e05b3b2c9d2726cfee5943e05d22da814f6f9a90c568d31099b9a
37,22,0.1265,0x17665b0aae2bcf5fb71b25f4ccd12a55b936d6f5,2017-10-30T01:43:39.000Z,0.00575,0x6c36f3c98a409911a148272740b32ba5a64ee5b1,buy,0xe5a7c12972f3bbfe70ed29521c8949b8af6a0970,0xb7969567837a93a8ee408411bbcf514f914361d0df5bbd0246e4b8f6cc132459
38,1,0.0048777,0x218c31fd147173c981aa857f9cfb4cb8780a34f5,2017-10-29T17:16:33.000Z,0.0048777,0x7ff6dade60b697ef9fb6249196f75812b7d26ba2,buy,0xe5a7c12972f3bbfe70ed29521c8949b8af6a0970,0x3a2c7453f90e11249dbc82fba6d31435f7d850d9dc69a87ac4903fcc97b8d4bd
39,1,0.00485,0x218c31fd147173c981aa857f9cfb4cb8780a34f5,2017-10-29T17:05:45.000Z,0.00485,0x218c31fd147173c981aa857f9cfb4cb8780a34f5,sell,0xe5a7c12972f3bbfe70ed29521c8949b8af6a0970,0xee0c37aef5b6aadbe1ee45e632c00b59f6883614ca80acf6ec211c55edfd6496
40,0.000301789632628245,0.15089481631412252,0x218c31fd147173c981aa857f9cfb4cb8780a34f5,2017-10-29T16:21:53.000Z,500.0000000000001,0x0c3d0fc12a1ab89e3b00180bf9988762a44d69d4,buy,0xe5a7c12972f3bbfe70ed29521c8949b8af6a0970,0xd4e75cbac9f6e658840e7a1663a92cb22022bd5d74d5cbfb52aac43049a9ffbc
41,375.08188251025126,1.79176615275147,0x1227ea9856563907acf405f851e109b9566b10ec,2017-10-29T16:13:48.000Z,0.004777,0x7ff6dade60b697ef9fb6249196f75812b7d26ba2,buy,0xe5a7c12972f3bbfe70ed29521c8949b8af6a0970,0xfb4361670a5903dee02d5c5cfcfa80dd84a431205b3f15b669a134e58b08463b
42,24.66811748974876,0.11783959724852983,0x1227ea9856563907acf405f851e109b9566b10ec,2017-10-29T16:12:30.000Z,0.004777,0x7ff6dade60b697ef9fb6249196f75812b7d26ba2,buy,0xe5a7c12972f3bbfe70ed29521c8949b8af6a0970,0xff3eab3fa3d99b6f555dc74d9d430cd2cb1c536f78335466b6c18a61c081608d
43,650,3.10505,0x3132f0e5d311be6780efb565ac3fa9e8dabb7c4c,2017-10-29T15:59:22.000Z,0.004777,0x7ff6dade60b697ef9fb6249196f75812b7d26ba2,buy,0xe5a7c12972f3bbfe70ed29521c8949b8af6a0970,0xad6c0c03f9059f961a61382b04cbe493598d26692f4d8f2a7ea63030b4666f4d
44,850,4.06045,0x1227ea9856563907acf405f851e109b9566b10ec,2017-10-29T15:57:38.000Z,0.004777,0x7ff6dade60b697ef9fb6249196f75812b7d26ba2,buy,0xe5a7c12972f3bbfe70ed29521c8949b8af6a0970,0x26e55aa15d35de886a5e119de3171dec0134b65cecba3a2ec5299ec8dd0377a4
45,450,2.14965,0x1227ea9856563907acf405f851e109b9566b10ec,2017-10-29T15:44:29.000Z,0.004777,0x7ff6dade60b697ef9fb6249196f75812b7d26ba2,buy,0xe5a7c12972f3bbfe70ed29521c8949b8af6a0970,0xf656081c2527681d14f7bd159422d4f907484f5056c47931684985759600bbee
46,400,1.9108,0x1227ea9856563907acf405f851e109b9566b10ec,2017-10-29T15:30:09.000Z,0.004777,0x7ff6dade60b697ef9fb6249196f75812b7d26ba2,buy,0xe5a7c12972f3bbfe70ed29521c8949b8af6a0970,0xc3d85ad75df00ae440167362d4923e0aec5267022ca99c32c83d207779f2c470
47,400,1.9108,0x1227ea9856563907acf405f851e109b9566b10ec,2017-10-29T15:17:21.000Z,0.004777,0x7ff6dade60b697ef9fb6249196f75812b7d26ba2,buy,0xe5a7c12972f3bbfe70ed29521c8949b8af6a0970,0x7c82736ca66066830055cb93604bd51834a9bd633b8ed650a144a138a3b8449e
48,400,1.9108,0x1227ea9856563907acf405f851e109b9566b10ec,2017-10-29T14:40:28.000Z,0.004777,0x7ff6dade60b697ef9fb6249196f75812b7d26ba2,buy,0xe5a7c12972f3bbfe70ed29521c8949b8af6a0970,0x6afa492f80edbcc7d9bd970a7ae4c63f4da918bc6b77e0cae25b82e8d2cfcd77
49,30,0.14331,0x3132f0e5d311be6780efb565ac3fa9e8dabb7c4c,2017-10-29T12:55:12.000Z,0.004777,0x7ff6dade60b697ef9fb6249196f75812b7d26ba2,buy,0xe5a7c12972f3bbfe70ed29521c8949b8af6a0970,0x6fc0810a8d7f80d00cc600e46da537178f1c8c49e47f44f8a7cc577cb42d2124
50,0.25,0.00119425,0x98a42412fd0ee0c7703a51909ce476a5941ccf50,2017-10-29T10:32:26.000Z,0.004777,0x7ff6dade60b697ef9fb6249196f75812b7d26ba2,buy,0xe5a7c12972f3bbfe70ed29521c8949b8af6a0970,0x6808257bdf0e028bd32d395b33920c19a50c61ed074f71bcf555f84d956aa45b
51,52.101,0.25894197,0x17665b0aae2bcf5fb71b25f4ccd12a55b936d6f5,2017-10-29T05:50:58.000Z,0.00497,0x82a9b828d33f85b65542512d6bca21e3b4383952,buy,0xe5a7c12972f3bbfe70ed29521c8949b8af6a0970,0x2ee776404016adb9cabfead746e274f20325a759fec71eed6d64611ed7f9145c
52,12.063353840039602,0.05669776304818613,0x218c31fd147173c981aa857f9cfb4cb8780a34f5,2017-10-29T00:52:09.000Z,0.0047,0x7ff6dade60b697ef9fb6249196f75812b7d26ba2,sell,0xe5a7c12972f3bbfe70ed29521c8949b8af6a0970,0xc88a3fd26f194462d779c3b33586022c4b423a654b68083c84702a527a6a2806
53,436.59,2.0999979,0x1227ea9856563907acf405f851e109b9566b10ec,2017-10-29T00:50:52.000Z,0.00481,0x7ff6dade60b697ef9fb6249196f75812b7d26ba2,sell,0xe5a7c12972f3bbfe70ed29521c8949b8af6a0970,0xb69d55c9d1299ae974b3c28d388d095fe2a8f7c616bd087159178e1eb293aa91
54,0.10111223458038422,0.0005,0xe444a40689f51f63bcd29910622035707d533d29,2017-10-28T20:08:47.000Z,0.004945,0x218c31fd147173c981aa857f9cfb4cb8780a34f5,buy,0xe5a7c12972f3bbfe70ed29521c8949b8af6a0970,0x9989ae70873b83a4ae2066bd86d4fde1df2f0be40336fb462e01397d6c6d3b6c
55,44.57431905554267,0.15848399140198194,0xd8eeda4ee2657bb267bc35c1d60babdc5aedd269,2017-10-28T17:17:20.000Z,0.0035555,0x1ed014aec47fae44c9e55bac7662c0b78ae61798,sell,0xe5a7c12972f3bbfe70ed29521c8949b8af6a0970,0xe49d520482ae859f58fd87b4f671b3cb8a157e36ba329e6d45557450a95f8489
56,445.859872611465,2.1,0x1227ea9856563907acf405f851e109b9566b10ec,2017-10-28T15:46:40.000Z,0.00471,0x82a9b828d33f85b65542512d6bca21e3b4383952,sell,0xe5a7c12972f3bbfe70ed29521c8949b8af6a0970,0xbfb8a6da0102d1834b6ee32e531a49f253df037e41afa69fffc44f8faaf9b811
57,170,0.816,0x218c31fd147173c981aa857f9cfb4cb8780a34f5,2017-10-28T15:44:43.000Z,0.0048,0x82a9b828d33f85b65542512d6bca21e3b4383952,sell,0xe5a7c12972f3bbfe70ed29521c8949b8af6a0970,0xa383106f87b5f0a3676d9b922a77d05e39f6f9a6b1ff0da7521348f9a14a1d2a
58,30.846233559865837,0.15179431534809978,0x218c31fd147173c981aa857f9cfb4cb8780a34f5,2017-10-28T04:36:51.000Z,0.004921,0x946151fa04270a2d81ff3abc7f0648f1767a0fce,sell,0xe5a7c12972f3bbfe70ed29521c8949b8af6a0970,0xb1a956cf69fb2412062c897dea9cd6d53cd93713c4b1871e743ac43591b68981
59,0.8024,0.003987928,0xc5ff06991dbaf57bef6dd7a75056e62b7a2383fb,2017-10-27T21:09:57.000Z,0.00497,0x82a9b828d33f85b65542512d6bca21e3b4383952,buy,0xe5a7c12972f3bbfe70ed29521c8949b8af6a0970,0x738ca17e906334ed576cf84518fc96bff78ac01953ee1b32bc49f5cdd353b24f
60,0.8,0.003976,0x218c31fd147173c981aa857f9cfb4cb8780a34f5,2017-10-27T21:09:57.000Z,0.00497,0xc5ff06991dbaf57bef6dd7a75056e62b7a2383fb,sell,0xe5a7c12972f3bbfe70ed29521c8949b8af6a0970,0x738ca17e906334ed576cf84518fc96bff78ac01953ee1b32bc49f5cdd353b24f
61,4.9845479015053336,0.024479114744292693,0x218c31fd147173c981aa857f9cfb4cb8780a34f5,2017-10-27T19:55:56.000Z,0.004911,0x2f3cf16db02326fcbfb9abdc3add26f2f547284a,sell,0xe5a7c12972f3bbfe70ed29521c8949b8af6a0970,0x4ffc43dd82e48cd9b606f90b0fae19deea30fc81ed2b3097a67d8f9c19fb1ef3
62,0.2,0.000994,0x218c31fd147173c981aa857f9cfb4cb8780a34f5,2017-10-27T14:42:34.000Z,0.00497,0x218c31fd147173c981aa857f9cfb4cb8780a34f5,sell,0xe5a7c12972f3bbfe70ed29521c8949b8af6a0970,0x1ce2b7bc135520bd96fd6d79922dfd79763e9f7b6b4f6be5d837fcaa3eb4f000
63,0.2,0.001008,0x218c31fd147173c981aa857f9cfb4cb8780a34f5,2017-10-27T14:34:29.000Z,0.00504,0x218c31fd147173c981aa857f9cfb4cb8780a34f5,buy,0xe5a7c12972f3bbfe70ed29521c8949b8af6a0970,0x5600be8ce16089c3ed75aa6771b0bc03432ae6b83a9f7125f897f768b866fddc
64,298.959,1.229020449,0xd8eeda4ee2657bb267bc35c1d60babdc5aedd269,2017-10-27T08:18:49.000Z,0.004111,0x6a15c7b49e8c49591d38dbd0c5808765ed94528f,sell,0xe5a7c12972f3bbfe70ed29521c8949b8af6a0970,0x7bc829ad1c8dcc1a181f1c112d7c98aff871b15adce562343661a6fba0da624a
65,435.68464737876957,2.100000000365669,0x1227ea9856563907acf405f851e109b9566b10ec,2017-10-27T08:18:28.000Z,0.00482,0x6a15c7b49e8c49591d38dbd0c5808765ed94528f,sell,0xe5a7c12972f3bbfe70ed29521c8949b8af6a0970,0x132f093d093f1beacd04769a5b4b4db9f0116c54d733f2778752e968662a8a58
66,99,0.476685,0x218c31fd147173c981aa857f9cfb4cb8780a34f5,2017-10-27T08:18:28.000Z,0.004815,0x6a15c7b49e8c49591d38dbd0c5808765ed94528f,sell,0xe5a7c12972f3bbfe70ed29521c8949b8af6a0970,0xa3113fe639fe247203945c2f872d341742e463736edf5016ffccc6b0bcaff839
67,1,0.00504,0x218c31fd147173c981aa857f9cfb4cb8780a34f5,2017-10-27T01:08:38.000Z,0.00504,0x218c31fd147173c981aa857f9cfb4cb8780a34f5,sell,0xe5a7c12972f3bbfe70ed29521c8949b8af6a0970,0x4880a54aed8231379c12f4dd267ccc7190ef44dc1a8ea63eeb9389d9e36ce3ba
68,0.5,0.00252,0x218c31fd147173c981aa857f9cfb4cb8780a34f5,2017-10-27T00:53:59.000Z,0.00504,0x218c31fd147173c981aa857f9cfb4cb8780a34f5,buy,0xe5a7c12972f3bbfe70ed29521c8949b8af6a0970,0xc6f1eb0a21b21fdadc656a58af1d371581f7dadf8b9fb74258f2cb4f1b8c472c
69,167.5,0.8006500000000002,0x1227ea9856563907acf405f851e109b9566b10ec,2017-10-26T20:05:16.000Z,0.004780000000000001,0xe99c6e74fd52e7f558024a5a427c66d77b9c94ba,sell,0xe5a7c12972f3bbfe70ed29521c8949b8af6a0970,0x64b92895408430617253fd14b4c5a652ce8c3b48bb75c8de3aa5ec175028c31e
70,0.001064850910724404,0.000005366848590051,0x218c31fd147173c981aa857f9cfb4cb8780a34f5,2017-10-26T04:37:35.000Z,0.005040000000000004,0x218c31fd147173c981aa857f9cfb4cb8780a34f5,buy,0xe5a7c12972f3bbfe70ed29521c8949b8af6a0970,0xf7784873b285cae3d2c30ee77fe096704d8126a193ff04ade9ea41ca8e72f7c0
71,0.001068045144033134,0.000005382947525927,0x218c31fd147173c981aa857f9cfb4cb8780a34f5,2017-10-26T04:35:03.000Z,0.0050400000000000045,0x218c31fd147173c981aa857f9cfb4cb8780a34f5,buy,0xe5a7c12972f3bbfe70ed29521c8949b8af6a0970,0xf0f2ea8ecf2f6f99fe820cbe84a7e0dc7b3ef67eecdcc6270a1a4eaa6f8c0f75
72,0.00107124895908373,0.000005399094753782,0x218c31fd147173c981aa857f9cfb4cb8780a34f5,2017-10-26T04:33:49.000Z,0.005040000000000001,0x218c31fd147173c981aa857f9cfb4cb8780a34f5,buy,0xe5a7c12972f3bbfe70ed29521c8949b8af6a0970,0x5ef47a307058ff0d499215f7dbfcd71d90ddfe9f0e94c37391c709b55a19ebe7
73,89.03997607417007,0.419378287309341,0x1227ea9856563907acf405f851e109b9566b10ec,2017-10-25T21:04:07.000Z,0.00471,0xc64608a89c5dd8ce828fb05ab2f09a353d1b0b86,sell,0xe5a7c12972f3bbfe70ed29521c8949b8af6a0970,0x9d75afa6096d63962e57ae0bf894740695668f9633a440d1443f31ad5acfb7a5
74,124.61368090294658,0.5869304370528784,0x1227ea9856563907acf405f851e109b9566b10ec,2017-10-25T18:30:51.000Z,0.00471,0x95208e2b3c3da6c8d5da538b6dc90304275ccfdd,sell,0xe5a7c12972f3bbfe70ed29521c8949b8af6a0970,0x93ba0acde3ad91ff0d188c3a01479f08a687da4a4342c753ef06b6065aefcdd0
75,140,0.714,0x49373d57cadd49cc96a5ab882bab39413be5bdc4,2017-10-24T14:27:20.000Z,0.0051,0x88f73d83932f16912bf1d2312aee12fbfc5d31f6,buy,0xe5a7c12972f3bbfe70ed29521c8949b8af6a0970,0x510cefb6227405677380c6c9e657bee8625abc8f6940abad1405970d139aacab
76,132.72,0.6715632,0x000636e406605d8a4e7ce06a38949ff03df0046a,2017-10-23T23:38:01.000Z,0.00506,0x88f73d83932f16912bf1d2312aee12fbfc5d31f6,sell,0xe5a7c12972f3bbfe70ed29521c8949b8af6a0970,0xf2137164e11ab027cd929fc1a36561413f9f6cb5a7f7e5c3b43b422282b3e7b6
77,9.418838169596771,0.05415831947518143,0x218c31fd147173c981aa857f9cfb4cb8780a34f5,2017-10-23T14:51:29.000Z,0.00575,0x6c36f3c98a409911a148272740b32ba5a64ee5b1,buy,0xe5a7c12972f3bbfe70ed29521c8949b8af6a0970,0x1436e5d960f6954d17306ce18e2fa758431ca6e6b9ef154d3cbd6db4791c87d0
78,0.3,0.0014895,0x0a89dbfbbbefff2d1f744f481c01698dea995cdc,2017-10-22T18:58:49.000Z,0.004965,0x218c31fd147173c981aa857f9cfb4cb8780a34f5,buy,0xe5a7c12972f3bbfe70ed29521c8949b8af6a0970,0xadef1f802540ff4e345d49cb5023e4dafbc6f203b0600a4cf6d4d6599d0e507b
79,0.000049691435564803,0.000000241500376844,0x1227ea9856563907acf405f851e109b9566b10ec,2017-10-22T18:58:28.000Z,0.004859999999981031,0x0a89dbfbbbefff2d1f744f481c01698dea995cdc,sell,0xe5a7c12972f3bbfe70ed29521c8949b8af6a0970,0x1a037b053c42909db6d5a4416bd1983626c0f4ad1118e94f4f5ec564e817fddf
80,0.49845479015053334,0.002422490280131592,0x1227ea9856563907acf405f851e109b9566b10ec,2017-10-22T18:12:33.000Z,0.00486,0x0a89dbfbbbefff2d1f744f481c01698dea995cdc,sell,0xe5a7c12972f3bbfe70ed29521c8949b8af6a0970,0x405e15dd6def3d4bb3b82a4c2e87668db3de3d91e8c70e8859c3a95e049b63af
81,0.5,0.0024825,0x0a89dbfbbbefff2d1f744f481c01698dea995cdc,2017-10-22T17:49:33.000Z,0.004965,0x218c31fd147173c981aa857f9cfb4cb8780a34f5,buy,0xe5a7c12972f3bbfe70ed29521c8949b8af6a0970,0x4529f78848564dc68efb18d00649de816f73ee72360829a432197c04b773c878
82,667,3.23495,0x000636e406605d8a4e7ce06a38949ff03df0046a,2017-10-22T03:35:33.000Z,0.00485,0x1227ea9856563907acf405f851e109b9566b10ec,sell,0xe5a7c12972f3bbfe70ed29521c8949b8af6a0970,0x0ef97e1e3f8a7157c39bf5ed49477538386e07d4b3c0e53eee6f84ce7bd340e1
83,340.4486093111355,1.6375578107865616,0x1227ea9856563907acf405f851e109b9566b10ec,2017-10-21T18:50:23.000Z,0.00481,0x15cac0795e625084e0e8f233151e3223d8e25519,sell,0xe5a7c12972f3bbfe70ed29521c8949b8af6a0970,0x74b1457b0e3bf46b495a44d1f7926573106c14ef161a3c824688cfa5ce7c3339
84,0.00000009190699128,0.000000000495378683,0xc7406c4d3d22ec60efab497a4c52a1cd1d00b346,2017-10-21T18:34:25.000Z,0.005390000000008705,0x88f73d83932f16912bf1d2312aee12fbfc5d31f6,buy,0xe5a7c12972f3bbfe70ed29521c8949b8af6a0970,0x38e63595da2ccf53392a60c064f5c25668996b8963ffad301d861bde10529171
85,0.000093757425593962,0.00000496914355648,0xc7406c4d3d22ec60efab497a4c52a1cd1d00b346,2017-10-21T18:12:10.000Z,0.05300000000000015,0x48eaedfa6ab55f414a433f0778f55ed9b827e822,buy,0xe5a7c12972f3bbfe70ed29521c8949b8af6a0970,0xe395fef3488c1536f271b3af58a1ce993fa61dea28e4acef6fbf09c719006a94
86,1,0.004941,0x218c31fd147173c981aa857f9cfb4cb8780a34f5,2017-10-20T14:19:23.000Z,0.004941,0x218c31fd147173c981aa857f9cfb4cb8780a34f5,sell,0xe5a7c12972f3bbfe70ed29521c8949b8af6a0970,0x42255d478a7de601ae37a763b8a200718674485bbbabf67250b66b848bf31340
87,687.786923406788,3.5421026555449586,0x218c31fd147173c981aa857f9cfb4cb8780a34f5,2017-10-20T14:06:02.000Z,0.005150000000000001,0x1227ea9856563907acf405f851e109b9566b10ec,buy,0xe5a7c12972f3bbfe70ed29521c8949b8af6a0970,0xced3e771cb9b6409ea395ea0bba26b42c6652fd2615e00c5ad3b3c8cfaa17841
88,1,0.00491,0x218c31fd147173c981aa857f9cfb4cb8780a34f5,2017-10-20T06:08:00.000Z,0.00491,0x218c31fd147173c981aa857f9cfb4cb8780a34f5,sell,0xe5a7c12972f3bbfe70ed29521c8949b8af6a0970,0xbcc4b6ca806e69aaa78a3ec2f5eabbbfd5979bc4ccc6750417a2d7a511d5183c
89,533.5039344479351,2.587494082072485,0x218c31fd147173c981aa857f9cfb4cb8780a34f5,2017-10-20T05:56:40.000Z,0.00485,0x52dc8d83bb50fa88b1d1b8657df11cc680bc2041,buy,0xe5a7c12972f3bbfe70ed29521c8949b8af6a0970,0x92bda1a9967f8e3115df5924165a9f2fd5273dc613b5aae861d1d359647cf10a
90,999.9999976293998,4.749999988739649,0x218c31fd147173c981aa857f9cfb4cb8780a34f5,2017-10-20T05:55:12.000Z,0.00475,0x52dc8d83bb50fa88b1d1b8657df11cc680bc2041,buy,0xe5a7c12972f3bbfe70ed29521c8949b8af6a0970,0xc9c4ac4c7f6226b4e00f14d75d192784cbe933a3c843f1d040bfb125b971f91d
91,756.3139127131041,3.516859694115934,0x218c31fd147173c981aa857f9cfb4cb8780a34f5,2017-10-20T05:54:48.000Z,0.00465,0x52dc8d83bb50fa88b1d1b8657df11cc680bc2041,buy,0xe5a7c12972f3bbfe70ed29521c8949b8af6a0970,0xfb4df24bce7958d1c329c31378cd0677efb8321fb7cf82faa89f6bf9b3470e84
92,0.000000000231454845,0.000000000001122556,0x218c31fd147173c981aa857f9cfb4cb8780a34f5,2017-10-20T05:35:58.000Z,0.00485000000756087,0x52dc8d83bb50fa88b1d1b8657df11cc680bc2041,buy,0xe5a7c12972f3bbfe70ed29521c8949b8af6a0970,0x791b8af6c889b8a590cd23de3682ddbc327243895e0df1fefe8e5447c408a362
93,0.000002370600241052,0.000000011260351145,0x218c31fd147173c981aa857f9cfb4cb8780a34f5,2017-10-20T05:34:20.000Z,0.004750000000001265,0x52dc8d83bb50fa88b1d1b8657df11cc680bc2041,buy,0xe5a7c12972f3bbfe70ed29521c8949b8af6a0970,0xfcda6e8b5a83e3a1baa322950bd7c099be7961394160b4bc701a0676a42960d4
94,0.024290877919347743,0.000112952582324967,0x218c31fd147173c981aa857f9cfb4cb8780a34f5,2017-10-20T05:34:00.000Z,0.0046500000000000005,0x52dc8d83bb50fa88b1d1b8657df11cc680bc2041,buy,0xe5a7c12972f3bbfe70ed29521c8949b8af6a0970,0x13a4787869e87f069827de11c9fa8bb2dc7df2577e21a4175263e5e2e79cd5f3
95,243.6617964089766,1.1330273533017412,0x218c31fd147173c981aa857f9cfb4cb8780a34f5,2017-10-20T05:33:21.000Z,0.00465,0x52dc8d83bb50fa88b1d1b8657df11cc680bc2041,buy,0xe5a7c12972f3bbfe70ed29521c8949b8af6a0970,0x4b239487d6314989b060a65e9f50111668083b5b177a7a2570f44318d419918a
96,614.5995801160082,2.8578880475394373,0x1227ea9856563907acf405f851e109b9566b10ec,2017-10-20T00:48:21.000Z,0.004649999999999999,0x52dc8d83bb50fa88b1d1b8657df11cc680bc2041,sell,0xe5a7c12972f3bbfe70ed29521c8949b8af6a0970,0x04f2e6ddfc0272e69708aee0a4fecf32656eed46861d9df30f74472b1ad7d702
97,804.7552586980361,3.742111952945867,0x1227ea9856563907acf405f851e109b9566b10ec,2017-10-19T23:34:38.000Z,0.004649999999999999,0x3a9dfa1e25c4aa0c8bb7802843afe7ec93a31258,sell,0xe5a7c12972f3bbfe70ed29521c8949b8af6a0970,0x73f1c2e71898f23aba6604609a434ba26e93603502311883d2c3a498b0bd1104
98,250,1.21875,0x218c31fd147173c981aa857f9cfb4cb8780a34f5,2017-10-19T23:31:51.000Z,0.004875,0x3a9dfa1e25c4aa0c8bb7802843afe7ec93a31258,sell,0xe5a7c12972f3bbfe70ed29521c8949b8af6a0970,0xb7b9c1f710ea62535ee7dde6723c41a15a66500755b11c85078814d47d251b4a
99,1,0.004899,0x218c31fd147173c981aa857f9cfb4cb8780a34f5,2017-10-19T18:04:13.000Z,0.004899,0x218c31fd147173c981aa857f9cfb4cb8780a34f5,buy,0xe5a7c12972f3bbfe70ed29521c8949b8af6a0970,0xb32debdbb50fb4a904f789f81a47e6b54c8d2760758fe74a0c9368a9b2cc4bc7
100,0.9,0.004202999999999999,0x1227ea9856563907acf405f851e109b9566b10ec,2017-10-19T14:20:53.000Z,0.004669999999999999,0x6cdea8e07bf82d7a07dbf36642d6e5be8623845c,sell,0xe5a7c12972f3bbfe70ed29521c8949b8af6a0970,0xcc9e6729e3cb20253b34eb49d3ddeeee32117ab19c603e243976ce7250ea6ac1
101,0.9,0.004455,0x6cdea8e07bf82d7a07dbf36642d6e5be8623845c,2017-10-19T14:19:21.000Z,0.00495,0x1227ea9856563907acf405f851e109b9566b10ec,buy,0xe5a7c12972f3bbfe70ed29521c8949b8af6a0970,0x13ad81e916ca8cb22a01cea42444eba4cf414cc15f7a96ce56a770bf745d71a1
102,0.09999999999999999,0.000495,0x6cdea8e07bf82d7a07dbf36642d6e5be8623845c,2017-10-19T14:16:59.000Z,0.00495,0x1227ea9856563907acf405f851e109b9566b10ec,buy,0xe5a7c12972f3bbfe70ed29521c8949b8af6a0970,0xbeccd2be4e3f1f30d2c90ee544c261ffcf610cd321ab58691037e7ea70fb7947
103,1,0.004928,0x218c31fd147173c981aa857f9cfb4cb8780a34f5,2017-10-19T13:46:55.000Z,0.004928,0x218c31fd147173c981aa857f9cfb4cb8780a34f5,sell,0xe5a7c12972f3bbfe70ed29521c8949b8af6a0970,0xd937f3a64eedcb4ae1b907b218e40d5303ed30c3cf8f2d1f4e8c3a97bfd2253a
104,919.9999999999409,4.51719999999971,0x218c31fd147173c981aa857f9cfb4cb8780a34f5,2017-10-19T13:31:19.000Z,0.00491,0x1227ea9856563907acf405f851e109b9566b10ec,buy,0xe5a7c12972f3bbfe70ed29521c8949b8af6a0970,0x480f8ac8a286f460dc2ee8e77d1723ed358ca7c140b138ff56c2665e2840fe54
105,200.06,0.9282784000000001,0x1227ea9856563907acf405f851e109b9566b10ec,2017-10-19T09:42:37.000Z,0.004640000000000001,0xf0ef9b14d8dc898c8f327799e2b6d3ddb8a9dfd1,sell,0xe5a7c12972f3bbfe70ed29521c8949b8af6a0970,0x099524a0b328fc5e3d807e4c80b3ebbce3b5726ccddf72bfaccd304642e78823
106,133.58588376034294,0.6478915362376633,0x1227ea9856563907acf405f851e109b9566b10ec,2017-10-19T03:53:33.000Z,0.00485,0xc9b30b13f82ebc646e85ac9e005a73b93c9f6f6c,sell,0xe5a7c12972f3bbfe70ed29521c8949b8af6a0970,0x73fe953b53baf8b4da3a10ebc9b395e41336eb1f7587229a535776287caaaa28
107,1.794,0.00871884,0x218c31fd147173c981aa857f9cfb4cb8780a34f5,2017-10-19T01:12:20.000Z,0.00486,0x218c31fd147173c981aa857f9cfb4cb8780a34f5,buy,0xe5a7c12972f3bbfe70ed29521c8949b8af6a0970,0x5487503424eefa2de67b081e230509e35d62395c7998484e47e906af1a505cb3
108,1.9938191606021334,0.009670022928920345,0x218c31fd147173c981aa857f9cfb4cb8780a34f5,2017-10-18T22:28:32.000Z,0.004849999999999999,0xbf52f67f8524587d6a7ab1f1f8d092c635b9587f,sell,0xe5a7c12972f3bbfe70ed29521c8949b8af6a0970,0xcd9b1d86de92fa508d875173bfe633c17fbc296eebeeea499a40edfbc600a791
109,996.9095803010669,4.825042368657163,0x1227ea9856563907acf405f851e109b9566b10ec,2017-10-18T21:29:40.000Z,0.0048400000000000006,0x6b08410e09372db6ff8bf30736b868cf1b5049ce,sell,0xe5a7c12972f3bbfe70ed29521c8949b8af6a0970,0x9feb3a8cbde727d8ce174f819028b1612efa9143928b38c57638b3601009fb9b
110,1,0.00489,0x3ac636ac5c3a2576156ac5f10066ca68abe0ad54,2017-10-18T16:46:50.000Z,0.00489,0x218c31fd147173c981aa857f9cfb4cb8780a34f5,buy,0xe5a7c12972f3bbfe70ed29521c8949b8af6a0970,0x6e45d2eaf7f96f6b49f76e4639fd80171fa3fcb98a0859ecceb5285907e3fdc4
111,0.102880658436214,0.0005,0x379374d13077e8867ef31803c37baf9785a17c00,2017-10-18T15:05:25.000Z,0.00486,0x218c31fd147173c981aa857f9cfb4cb8780a34f5,buy,0xe5a7c12972f3bbfe70ed29521c8949b8af6a0970,0xab0f524c7ec340e3a1ab136db884ed6fd49bfedf1036fe188b84a16fd313eaf4
112,0.102880658436214,0.0005,0xf9695cd65d6dfdf257fab76a3eb0cb8f001971cc,2017-10-18T15:02:56.000Z,0.00486,0x218c31fd147173c981aa857f9cfb4cb8780a34f5,buy,0xe5a7c12972f3bbfe70ed29521c8949b8af6a0970,0x92a4f99f5ef58a387982191ef80ddff2301a992d7ce6cd5153172af84be156b6
113,1,0.004904,0x218c31fd147173c981aa857f9cfb4cb8780a34f5,2017-10-18T14:54:30.000Z,0.004904,0x218c31fd147173c981aa857f9cfb4cb8780a34f5,sell,0xe5a7c12972f3bbfe70ed29521c8949b8af6a0970,0x476dcaa472ad3b6f6d2552921e7d40abab488d4dc4b0fb396494e0e1f43a38e5
114,1,0.004818,0x218c31fd147173c981aa857f9cfb4cb8780a34f5,2017-10-18T00:00:25.000Z,0.004818,0x218c31fd147173c981aa857f9cfb4cb8780a34f5,sell,0xe5a7c12972f3bbfe70ed29521c8949b8af6a0970,0x24d436e7f8b8104d1e9617a1c508c995ca545a3f22f11c82020f4f0b4602c6b1
115,387.3960721762536,1.801391735619579,0x1227ea9856563907acf405f851e109b9566b10ec,2017-10-17T23:56:04.000Z,0.00465,0x647bc16dcc2a3092a59a6b9f7944928d94301042,sell,0xe5a7c12972f3bbfe70ed29521c8949b8af6a0970,0xae70dc492a3d5fe5ba9a496cd12a7a4378930c6d395bcf154b1cb0451427f370
116,498,2.3156999999999996,0x1227ea9856563907acf405f851e109b9566b10ec,2017-10-17T23:04:57.000Z,0.00465,0x52dc8d83bb50fa88b1d1b8657df11cc680bc2041,sell,0xe5a7c12972f3bbfe70ed29521c8949b8af6a0970,0x527689bcb45422d27e361584fd5e930e2d2a88e443d13a41e1dececdde323853
117,441.61767821887497,2.1241810322327885,0x218c31fd147173c981aa857f9cfb4cb8780a34f5,2017-10-17T22:29:52.000Z,0.00481,0xab94210aea6183a8a441ed85f44b454def4eb263,buy,0xe5a7c12972f3bbfe70ed29521c8949b8af6a0970,0x92a9066604cb5f0ac77ec62a0ecdbe673af80084a3a6a1510c6889c7dec97b39
118,50.8423885953544,0.23494267769913268,0x218c31fd147173c981aa857f9cfb4cb8780a34f5,2017-10-17T18:25:48.000Z,0.004621,0x426919362dfdedcafdd40c23b79d51a746b87ba6,sell,0xe5a7c12972f3bbfe70ed29521c8949b8af6a0970,0x8860e9d51c756792d9502571c85194e45b0d8f2d066b7b8f34ed65bf4e2f0808
119,207.27837167717493,0.9970089677672115,0xde41ada73399577bb872c6c1a697fc1c7f8c5ebc,2017-10-17T18:03:37.000Z,0.00481,0xab94210aea6183a8a441ed85f44b454def4eb263,buy,0xe5a7c12972f3bbfe70ed29521c8949b8af6a0970,0xb50fbce6410e54bf59925bc7c6967c1067c9e3ecfb4e64872b229851f27544e2
120,1,0.004801,0x218c31fd147173c981aa857f9cfb4cb8780a34f5,2017-10-17T17:45:55.000Z,0.004801,0x218c31fd147173c981aa857f9cfb4cb8780a34f5,sell,0xe5a7c12972f3bbfe70ed29521c8949b8af6a0970,0x2b9b8e8d8912228abc7ea2efcec3b08489cf637c7b5c1feb8dd2d8ab39676fd8
121,0.10395010395010396,0.0005,0x16e5d97bbc92417e051e3b2cabfbf8ceea2acb9c,2017-10-17T17:15:24.000Z,0.00481,0xab94210aea6183a8a441ed85f44b454def4eb263,buy,0xe5a7c12972f3bbfe70ed29521c8949b8af6a0970,0xa67082908f04aba0b987df927e06ea5700ba202cae70658ced126a93e36f8c77
122,0.10570824524312898,0.0005,0xcd912af5286dc0b0a23edb30209734ecb60838b3,2017-10-17T04:54:01.000Z,0.00473,0x1227ea9856563907acf405f851e109b9566b10ec,buy,0xe5a7c12972f3bbfe70ed29521c8949b8af6a0970,0x0ae2a1b76192dfad25515f44839b38db0a6b9c36c8dc4843a0c9ee1f33c15699
123,1,0.004693,0x218c31fd147173c981aa857f9cfb4cb8780a34f5,2017-10-17T03:34:20.000Z,0.004693,0x218c31fd147173c981aa857f9cfb4cb8780a34f5,sell,0xe5a7c12972f3bbfe70ed29521c8949b8af6a0970,0x763f07bde38b22fc0e450d6acbf16bd7176ce057f032262a527c000871b18ad6
124,1,0.004693,0x218c31fd147173c981aa857f9cfb4cb8780a34f5,2017-10-17T03:34:12.000Z,0.004693,0x218c31fd147173c981aa857f9cfb4cb8780a34f5,sell,0xe5a7c12972f3bbfe70ed29521c8949b8af6a0970,0x763f07bde38b22fc0e450d6acbf16bd7176ce057f032262a527c000871b18ad6
125,6.702633298898214,0.030832113174931786,0x218c31fd147173c981aa857f9cfb4cb8780a34f5,2017-10-17T03:21:25.000Z,0.0046,0x52dc8d83bb50fa88b1d1b8657df11cc680bc2041,buy,0xe5a7c12972f3bbfe70ed29521c8949b8af6a0970,0x089794b00ef9ffb655222658eed9f592c787a2d768d28de8ddfee35ea55c0691
126,1000,4.6,0x218c31fd147173c981aa857f9cfb4cb8780a34f5,2017-10-17T03:21:25.000Z,0.0046,0x52dc8d83bb50fa88b1d1b8657df11cc680bc2041,buy,0xe5a7c12972f3bbfe70ed29521c8949b8af6a0970,0xf9f755cb76f39507843a84c0f16734ce9aaf28813bbbd3a6e5327830238409f6
127,180.60236670110177,0.8307708868250682,0x218c31fd147173c981aa857f9cfb4cb8780a34f5,2017-10-17T03:05:32.000Z,0.0046,0x52dc8d83bb50fa88b1d1b8657df11cc680bc2041,buy,0xe5a7c12972f3bbfe70ed29521c8949b8af6a0970,0x3bc84b57e65c7b0ad17b2140d97766949bbc9baf3549aab9adc6d62549f42e2d
128,404.5900585198437,1.8611142691912812,0x218c31fd147173c981aa857f9cfb4cb8780a34f5,2017-10-17T02:40:51.000Z,0.0046,0x52dc8d83bb50fa88b1d1b8657df11cc680bc2041,buy,0xe5a7c12972f3bbfe70ed29521c8949b8af6a0970,0xc8ac48129f73579ddabba73262dd8ab4f5ecac57c6d042923d2bcf33d3116d39
129,95.40994148015628,0.4388857308087189,0x218c31fd147173c981aa857f9cfb4cb8780a34f5,2017-10-17T02:39:51.000Z,0.0046,0x52dc8d83bb50fa88b1d1b8657df11cc680bc2041,buy,0xe5a7c12972f3bbfe70ed29521c8949b8af6a0970,0xe4734adc7f4cb447ffe72da8d89b667a66038683df8a3a2d42f244ef20d4153a
130,1,0.004678,0x218c31fd147173c981aa857f9cfb4cb8780a34f5,2017-10-17T01:56:31.000Z,0.004678,0x218c31fd147173c981aa857f9cfb4cb8780a34f5,sell,0xe5a7c12972f3bbfe70ed29521c8949b8af6a0970,0x8d0fa3e2871808a2eb20cfba38ae3e282fb0abae0d0717a0bfb3a19ab68b28fd
131,999.146321880363,4.546115764555651,0x218c31fd147173c981aa857f9cfb4cb8780a34f5,2017-10-17T01:48:56.000Z,0.00455,0x52dc8d83bb50fa88b1d1b8657df11cc680bc2041,buy,0xe5a7c12972f3bbfe70ed29521c8949b8af6a0970,0xa58bfa0b6301f6a36d7cd071097bbde90acb4e90c39969afddc46658ef4bca05
132,0.8536781196370209,0.003884235444348445,0x218c31fd147173c981aa857f9cfb4cb8780a34f5,2017-10-17T01:47:37.000Z,0.00455,0x52dc8d83bb50fa88b1d1b8657df11cc680bc2041,buy,0xe5a7c12972f3bbfe70ed29521c8949b8af6a0970,0x4d62404d2021752f538549f29265c22b1000971f2ea14bfc549f8b7f010e5fb3
133,10.154938681557583,0.046204971001087,0x218c31fd147173c981aa857f9cfb4cb8780a34f5,2017-10-17T01:37:19.000Z,0.00455,0x52dc8d83bb50fa88b1d1b8657df11cc680bc2041,buy,0xe5a7c12972f3bbfe70ed29521c8949b8af6a0970,0xf594eed973c7ee75e8a57a5d77e23c76217f999a88b2a274f9b23d0925a92af7
134,527.1703039916199,2.3986248831618706,0x218c31fd147173c981aa857f9cfb4cb8780a34f5,2017-10-17T01:32:01.000Z,0.00455,0x52dc8d83bb50fa88b1d1b8657df11cc680bc2041,buy,0xe5a7c12972f3bbfe70ed29521c8949b8af6a0970,0x3a9bfbc08cb8decbc14b78149b0c0358e8ac41c6f251e72d080654d93dacdbcf
135,129.33661060929677,0.5923616765905793,0x218c31fd147173c981aa857f9cfb4cb8780a34f5,2017-10-17T01:30:35.000Z,0.00458,0x52dc8d83bb50fa88b1d1b8657df11cc680bc2041,buy,0xe5a7c12972f3bbfe70ed29521c8949b8af6a0970,0xf44fc2baaab84d6b83d52d642490f648cb0261d9c9c072053993364ce0429a12
136,438.20202202908087,1.993819200232318,0x218c31fd147173c981aa857f9cfb4cb8780a34f5,2017-10-17T01:30:35.000Z,0.00455,0x52dc8d83bb50fa88b1d1b8657df11cc680bc2041,buy,0xe5a7c12972f3bbfe70ed29521c8949b8af6a0970,0x91620aa46a62255a1c2db98f539cd385e55ea69b6101d37ee57c6d545b4f07e5
137,0.08736931476071978,0.000397530382161275,0x218c31fd147173c981aa857f9cfb4cb8780a34f5,2017-10-17T01:29:17.000Z,0.00455,0x52dc8d83bb50fa88b1d1b8657df11cc680bc2041,buy,0xe5a7c12972f3bbfe70ed29521c8949b8af6a0970,0x8b407e29371e8bec3c2e3e1b476167e806d78bbdd54311abff3299cb2ba1a889
138,870.6609745545278,3.9876272634597374,0x218c31fd147173c981aa857f9cfb4cb8780a34f5,2017-10-17T01:26:58.000Z,0.00458,0x52dc8d83bb50fa88b1d1b8657df11cc680bc2041,buy,0xe5a7c12972f3bbfe70ed29521c8949b8af6a0970,0x812d08068059c95f1bbf29002a0959aa3ad2a32786beefd9cf6ed8c680ca3f04
139,0.002414836175386462,0.00001105994968327,0x218c31fd147173c981aa857f9cfb4cb8780a34f5,2017-10-17T01:25:14.000Z,0.004580000000000002,0x52dc8d83bb50fa88b1d1b8657df11cc680bc2041,buy,0xe5a7c12972f3bbfe70ed29521c8949b8af6a0970,0xbdc5baf0ef2472a1887486356ea214865a883c5f6d257b49434c42794c520f65
140,0.002430758172147252,0.00001105994968327,0x218c31fd147173c981aa857f9cfb4cb8780a34f5,2017-10-17T01:25:14.000Z,0.004550000000000001,0x52dc8d83bb50fa88b1d1b8657df11cc680bc2041,buy,0xe5a7c12972f3bbfe70ed29521c8949b8af6a0970,0xac3268c471d328af11aba91f549bde4bbfb8db82e6259818eaf0257edc1fa650
141,24.38293522480879,0.11094235527287999,0x218c31fd147173c981aa857f9cfb4cb8780a34f5,2017-10-17T01:17:44.000Z,0.00455,0x52dc8d83bb50fa88b1d1b8657df11cc680bc2041,buy,0xe5a7c12972f3bbfe70ed29521c8949b8af6a0970,0x5a321ab3e84990bf9b397c5daf7d9bde5f2af6789a4baaf2142094d7076568f4
142,100,0.458,0x3ae106e9f283215b2fbb7b4f5124cd7e20d88a13,2017-10-17T00:34:56.000Z,0.00458,0x52dc8d83bb50fa88b1d1b8657df11cc680bc2041,sell,0xe5a7c12972f3bbfe70ed29521c8949b8af6a0970,0xb05054f1203dce7f8920585b23646c4b3627bdde07233b05d295d8bced5c08fa
143,400,1.7804,0x218c31fd147173c981aa857f9cfb4cb8780a34f5,2017-10-17T00:34:56.000Z,0.004451,0x52dc8d83bb50fa88b1d1b8657df11cc680bc2041,sell,0xe5a7c12972f3bbfe70ed29521c8949b8af6a0970,0xfab547697d1ca8143430871d1aed6473af6bc40c10f66ca1825570fa6dee0105
144,1307.2735798169304,6.000385731359712,0x1227ea9856563907acf405f851e109b9566b10ec,2017-10-17T00:34:30.000Z,0.004590000000000001,0x52dc8d83bb50fa88b1d1b8657df11cc680bc2041,sell,0xe5a7c12972f3bbfe70ed29521c8949b8af6a0970,0x16ef2e333c0945b992abd51e6c9610306a56c86a88b0a50e23784d082fafc253
145,1,0.004652,0x218c31fd147173c981aa857f9cfb4cb8780a34f5,2017-10-16T22:03:09.000Z,0.004652,0x218c31fd147173c981aa857f9cfb4cb8780a34f5,sell,0xe5a7c12972f3bbfe70ed29521c8949b8af6a0970,0x56403e6b07ab4dad49f8ec8fa7e3fc57b209a59cdf6f797cfccc57634371e038
146,498.45479015053337,2.1832319808593357,0x1227ea9856563907acf405f851e109b9566b10ec,2017-10-16T18:31:29.000Z,0.004379999999999999,0x755dfe72cff68f68627b7a6ce5ef96ece2bfcfdc,sell,0xe5a7c12972f3bbfe70ed29521c8949b8af6a0970,0xe30651e0879dfc34dd29cf598514e7589e4ae62e3c9de6eb9c7be53005a87de7
147,383.618,1.8413664,0x6a1a2bfd5ccad041666d2582893718dc6c7762a4,2017-10-16T01:22:38.000Z,0.0048,0x218c31fd147173c981aa857f9cfb4cb8780a34f5,sell,0xe5a7c12972f3bbfe70ed29521c8949b8af6a0970,0xaa96e032191dabfdd7898d3b221e29677464b7cb94f0a1ac951dd172d419eac1
148,199.381588364976,0.9570316241518848,0x6a1a2bfd5ccad041666d2582893718dc6c7762a4,2017-10-16T00:46:31.000Z,0.0048,0xa605d9ffdd5c39b8e2446d499f8f4f39792bf040,sell,0xe5a7c12972f3bbfe70ed29521c8949b8af6a0970,0x5d36543c3c8605f32fbb296534ac7efe1d042d656293ffd937bbf47e44c12259
149,611.676,2.8748772,0x6a1a2bfd5ccad041666d2582893718dc6c7762a4,2017-10-15T23:55:29.000Z,0.0047,0x80a73733c9a52d617f0ddb1f33bf17b2a7e20de8,buy,0xe5a7c12972f3bbfe70ed29521c8949b8af6a0970,0xfa947deae07575da4478ae92751d28ef5ffc0950118c198a0b004d903b29c416
150,0.000284396111064772,0.000001234279122021,0x1227ea9856563907acf405f851e109b9566b10ec,2017-10-15T15:00:10.000Z,0.0043399999999996115,0xf41b53db78a277337ad8ce14ab8caaebd837cc90,sell,0xe5a7c12972f3bbfe70ed29521c8949b8af6a0970,0xa4b38698fb282ad9b6cb725d015b180d7f3d2ce4429c8cb024c1dd1a83d3613a
151,2.852777390090719,0.01238105387299372,0x1227ea9856563907acf405f851e109b9566b10ec,2017-10-15T12:00:56.000Z,0.00434,0xf41b53db78a277337ad8ce14ab8caaebd837cc90,sell,0xe5a7c12972f3bbfe70ed29521c8949b8af6a0970,0xdd688d9a93fe0e7e89da9154027fe83d0286664d84cb87837a858031cd1b903a
152,71.21581258837034,0.2927682055507905,0xd8eeda4ee2657bb267bc35c1d60babdc5aedd269,2017-10-15T05:47:37.000Z,0.004111,0x0a64c23f4ac8fbb09d770e2efc7ee8b033b01823,sell,0xe5a7c12972f3bbfe70ed29521c8949b8af6a0970,0x3e7249a9bf1ddd0c8c85986ea750cfddbc4b78158c6aa79253d15c66a5a56c18
153,40,0.1698,0x218c31fd147173c981aa857f9cfb4cb8780a34f5,2017-10-15T05:43:43.000Z,0.004245,0x0a64c23f4ac8fbb09d770e2efc7ee8b033b01823,sell,0xe5a7c12972f3bbfe70ed29521c8949b8af6a0970,0x424a2527dbca95974ef87aebb8d89ac18f1fc0389acc6db58118c95fd55b438c
154,1122.3839315978123,4.8374747451865705,0x1227ea9856563907acf405f851e109b9566b10ec,2017-10-15T05:40:39.000Z,0.00431,0x0a64c23f4ac8fbb09d770e2efc7ee8b033b01823,sell,0xe5a7c12972f3bbfe70ed29521c8949b8af6a0970,0x1aacd9a978384f4704d28493364b13f78581051ab255a9bf4df732ec7d18b3af
155,3.525657976,0.016666666667046,0x5d5065b42bdee0274e394ba9042c21e1818c69cf,2017-10-14T20:32:11.000Z,0.00472725,0x1227ea9856563907acf405f851e109b9566b10ec,sell,0xe5a7c12972f3bbfe70ed29521c8949b8af6a0970,0x611e374d8f929844c063f3c4ba077d6c4657781024a795c85114f8b20d2ce32f
156,0.004162633345742617,0.000019876574225921,0x9d75719ccedf4e4c0e042b52382b3b33199d8182,2017-10-14T17:59:12.000Z,0.004775000000000001,0x218c31fd147173c981aa857f9cfb4cb8780a34f5,buy,0xe5a7c12972f3bbfe70ed29521c8949b8af6a0970,0x91db248c4ece8df860595c6b506f2715f498c5ceb7a743aff8fb6b2e10fecd4c
157,961.4603000697837,4.076591672295883,0x1227ea9856563907acf405f851e109b9566b10ec,2017-10-14T12:15:24.000Z,0.00424,0x6ad5c2ad12726479211249fc156cef45e573720d,sell,0xe5a7c12972f3bbfe70ed29521c8949b8af6a0970,0x789b8006c376bc12c322a44418b6febf8140653903677733454d1449b4d67fa1
158,1,0.0049,0x218c31fd147173c981aa857f9cfb4cb8780a34f5,2017-10-14T01:51:46.000Z,0.0049,0xf41b53db78a277337ad8ce14ab8caaebd837cc90,sell,0xe5a7c12972f3bbfe70ed29521c8949b8af6a0970,0x492e80fac68f17fef2a59281eb38c0cab85bdb961989337f9ca10766555deadc
159,1,0.00447,0x218c31fd147173c981aa857f9cfb4cb8780a34f5,2017-10-13T17:49:13.000Z,0.00447,0x218c31fd147173c981aa857f9cfb4cb8780a34f5,sell,0xe5a7c12972f3bbfe70ed29521c8949b8af6a0970,0x092a60206668965e6313307796f148010c05ea8d83b5725429de6a8e30aa7bf3
160,50.505,0.24999975000000002,0x0894bdab6da676640526a7ecd0c2567b9bf5f6fb,2017-10-12T22:50:49.000Z,0.00495,0x1227ea9856563907acf405f851e109b9566b10ec,buy,0xe5a7c12972f3bbfe70ed29521c8949b8af6a0970,0x7a97917e4fcbf36588c86a7ef2b5377f4c9b4c76bff697c37c2ebbb3220f8c19
161,50,0.235,0x0894bdab6da676640526a7ecd0c2567b9bf5f6fb,2017-10-12T22:50:41.000Z,0.0047,0x218c31fd147173c981aa857f9cfb4cb8780a34f5,buy,0xe5a7c12972f3bbfe70ed29521c8949b8af6a0970,0xdad86e9959c8d8189a2a51ec6b37e4794d1e43dbe73b3609fce0fdcafa5ec851
162,443.6,2.0716119999999996,0x1227ea9856563907acf405f851e109b9566b10ec,2017-10-12T17:35:50.000Z,0.004669999999999999,0xa278fd32101cfe3c3f0108748eb27eff6a96f48b,sell,0xe5a7c12972f3bbfe70ed29521c8949b8af6a0970,0x02bcf63fbab0b5006bd59abb578f90d86d13f7a5ab2a83ff5255d9b2a2ceb20c
163,1,0.0049,0x218c31fd147173c981aa857f9cfb4cb8780a34f5,2017-10-11T01:25:39.000Z,0.0049,0x218c31fd147173c981aa857f9cfb4cb8780a34f5,sell,0xe5a7c12972f3bbfe70ed29521c8949b8af6a0970,0x03cdcafae837e2b4cbdd4409601d2a3ad3f2e50ced2278ec3cf9f3744b7f8abf
164,1,0.0048,0x218c31fd147173c981aa857f9cfb4cb8780a34f5,2017-10-11T01:25:31.000Z,0.0048,0x218c31fd147173c981aa857f9cfb4cb8780a34f5,sell,0xe5a7c12972f3bbfe70ed29521c8949b8af6a0970,0x447b12e371242f682746f2289db1e0a16a3528edf3eaeeb0a95928a5bddf5958
165,498.4969118143656,2.347920454645662,0x1227ea9856563907acf405f851e109b9566b10ec,2017-10-10T00:52:36.000Z,0.00471,0x4983876af68e19aae8a99dfaba16b15453244022,sell,0xe5a7c12972f3bbfe70ed29521c8949b8af6a0970,0x5fbd49e86134ee9d232c91e3dbb37bfdd254c00bac69a1d1d9ab52bd2a0ccd45
166,1,0.00489,0xf4c8afc7816444991714c27cf2d1f4af7c2a329a,2017-10-09T22:50:47.000Z,0.00489,0x1227ea9856563907acf405f851e109b9566b10ec,buy,0xe5a7c12972f3bbfe70ed29521c8949b8af6a0970,0x05595b05ae3fb5b38d56ec74c2c53c47610936dff35788473c1ce153a7b684e2
167,40,0.1968,0xf4c8afc7816444991714c27cf2d1f4af7c2a329a,2017-10-09T18:34:39.000Z,0.00492,0x218c31fd147173c981aa857f9cfb4cb8780a34f5,buy,0xe5a7c12972f3bbfe70ed29521c8949b8af6a0970,0x8c4bc72a248c4b99ee47553c27e880531fdccb6458a49cda972c68f4463f4204
168,40,0.1968,0xf4c8afc7816444991714c27cf2d1f4af7c2a329a,2017-10-09T18:09:05.000Z,0.00492,0x218c31fd147173c981aa857f9cfb4cb8780a34f5,buy,0xe5a7c12972f3bbfe70ed29521c8949b8af6a0970,0x35b4974b6abf5ac7a194fb8db2b8fad4c421593e70a077b5dead4cd8be056c2e
169,235.13,1.1333266,0x218c31fd147173c981aa857f9cfb4cb8780a34f5,2017-10-08T19:47:41.000Z,0.00482,0x1227ea9856563907acf405f851e109b9566b10ec,sell,0xe5a7c12972f3bbfe70ed29521c8949b8af6a0970,0x39eff5675dcd1573c64da1b5468780cf7991abadb56ef92a03a3b31148bdfe96
170,169.47462865118135,0.7897517695145051,0x1227ea9856563907acf405f851e109b9566b10ec,2017-10-07T19:48:27.000Z,0.004660000000000001,0xb748f65fbc5e542315f6bd6dc3f7887b076e5277,sell,0xe5a7c12972f3bbfe70ed29521c8949b8af6a0970,0x02957a16dd6d78474b22d7ea728b4e22b265f82226256a4304ef65006d43fd93
171,192.8347529783138,0.9969556728978823,0xde41ada73399577bb872c6c1a697fc1c7f8c5ebc,2017-10-07T10:22:16.000Z,0.00517,0x1227ea9856563907acf405f851e109b9566b10ec,buy,0xe5a7c12972f3bbfe70ed29521c8949b8af6a0970,0x92a36127f72daa269ed54972150f6494c7a6d9e058b0a2e3f13917fd83e1980a
172,0.8809134813910483,0.004906599999999999,0x1958b6468646bb9b997f1f011a639c8dbec6ce53,2017-10-05T13:14:39.000Z,0.005569899999999999,0x218c31fd147173c981aa857f9cfb4cb8780a34f5,sell,0xe5a7c12972f3bbfe70ed29521c8949b8af6a0970,0x4125a519e64b7e679bb53f9b1ba91efd52c536bc732647d085ab2fa32a50675f
173,232.69926787264677,1.2961116521238552,0x60573d1a8861d311916467ccb4c5b6f8c618d745,2017-10-05T05:58:53.000Z,0.0055699,0x218c31fd147173c981aa857f9cfb4cb8780a34f5,buy,0xe5a7c12972f3bbfe70ed29521c8949b8af6a0970,0x15976351be5f97617cd523c9fee17fecf3069b23a2b9228289ed890ba0d72d46
174,16,0.0891184,0x1958b6468646bb9b997f1f011a639c8dbec6ce53,2017-10-05T05:15:04.000Z,0.0055699,0x1227ea9856563907acf405f851e109b9566b10ec,sell,0xe5a7c12972f3bbfe70ed29521c8949b8af6a0970,0x63657a466a78042491b2d40541c6d03398568685a850931a85da526fc82e453f
175,86.71878897784319,0.4249220659914316,0x1227ea9856563907acf405f851e109b9566b10ec,2017-10-04T21:38:44.000Z,0.0049,0x069e4cf2cd9c44495483400a84f68e834177afe4,sell,0xe5a7c12972f3bbfe70ed29521c8949b8af6a0970,0xe8351a2c1d36aa12cba8548010d926f258bb7576d14f25fa462cc1a78ae47a5e
176,19.1,0.08022,0x1227ea9856563907acf405f851e109b9566b10ec,2017-10-04T02:32:59.000Z,0.0042,0x6814a181d790f0bac4a3592c4509c3acff72f007,buy,0xe5a7c12972f3bbfe70ed29521c8949b8af6a0970,0x582ba7e0c8dd66de1dba00ccd9255bd845a941e354522ffb3896fe76321e8ed0
177,0.05342925266168572,0.00022440286117908,0x1227ea9856563907acf405f851e109b9566b10ec,2017-10-04T02:27:12.000Z,0.0042,0x6814a181d790f0bac4a3592c4509c3acff72f007,buy,0xe5a7c12972f3bbfe70ed29521c8949b8af6a0970,0x0d04d5279072ef5a009ee58044390672865c942ab31111145884f59d8e4983d4
178,1.5,0.0063,0xbf52f67f8524587d6a7ab1f1f8d092c635b9587f,2017-10-03T21:07:54.000Z,0.0042,0x6814a181d790f0bac4a3592c4509c3acff72f007,buy,0xe5a7c12972f3bbfe70ed29521c8949b8af6a0970,0x06fe83ae673687b287534f32d50aaf11869aa8c935b9e7df3987144088b4f90c
179,14.241565432872381,0.059814574818064,0x218c31fd147173c981aa857f9cfb4cb8780a34f5,2017-10-03T20:56:05.000Z,0.0042,0x6814a181d790f0bac4a3592c4509c3acff72f007,buy,0xe5a7c12972f3bbfe70ed29521c8949b8af6a0970,0x1a2dc8f0e356b7cb98f3813b7b8d772a5ec6f09e2b2da1512fb0c97bf4d9677d
180,20,0.098,0xb859a03b8dc2f3cbfc65b41eea76499b839211b2,2017-10-03T04:22:26.000Z,0.0049,0x4f219ce099884f2d2ad7f4f74ee91d08b6c7e9f6,sell,0xe5a7c12972f3bbfe70ed29521c8949b8af6a0970,0x72b99226adcad9f83aba46341763bdea4248f2a8b781d83851e4e900fad2f34f
181,199.97570305149645,0.9998785152574822,0x218c31fd147173c981aa857f9cfb4cb8780a34f5,2017-10-03T00:56:17.000Z,0.005,0xe99c6e74fd52e7f558024a5a427c66d77b9c94ba,sell,0xe5a7c12972f3bbfe70ed29521c8949b8af6a0970,0x94eeb8e6896c914cf651b4dddef8b8cd9ac13a2e75cfff936bb87e409b16a6c7
182,34.75,0.1873025,0x000636e406605d8a4e7ce06a38949ff03df0046a,2017-10-02T23:35:51.000Z,0.00539,0x218c31fd147173c981aa857f9cfb4cb8780a34f5,sell,0xe5a7c12972f3bbfe70ed29521c8949b8af6a0970,0x821ce687138643d032780ee837b9b9a929cc9d6bb96d96d6de4a2803386df6c2
183,1,0.00544,0x218c31fd147173c981aa857f9cfb4cb8780a34f5,2017-10-02T23:35:21.000Z,0.00544,0x8208a6d2c5a64c9bbec65e9206f99664c902bb6d,buy,0xe5a7c12972f3bbfe70ed29521c8949b8af6a0970,0x829ed0f8b57e47597a1255d2af835e98efce2c3de69bf9674860a88bda23081a
184,78,0.42042,0x755dfe72cff68f68627b7a6ce5ef96ece2bfcfdc,2017-10-02T21:24:43.000Z,0.00539,0x218c31fd147173c981aa857f9cfb4cb8780a34f5,buy,0xe5a7c12972f3bbfe70ed29521c8949b8af6a0970,0xafadea85af6aa2a7b39917f1b0077ce4c649a5f06dee9d7e11ad67b83a22d44c
185,220,1.1858,0x755dfe72cff68f68627b7a6ce5ef96ece2bfcfdc,2017-10-02T19:13:15.000Z,0.00539,0x218c31fd147173c981aa857f9cfb4cb8780a34f5,buy,0xe5a7c12972f3bbfe70ed29521c8949b8af6a0970,0x9182481664ac27c3833fb733740a5b7b6cc74401dc0d9bc4234c48246f70c016
186,0.643,0.00349792,0x218c31fd147173c981aa857f9cfb4cb8780a34f5,2017-10-01T15:34:28.000Z,0.00544,0x5a338872f49f0e7e8a6ff83585ce387905a21f8e,buy,0xe5a7c12972f3bbfe70ed29521c8949b8af6a0970,0xdacadd275377173424eeafc4ddf7d6ec50a2bc6e3f6b0d6855561feaa3e9c6cb
187,88.21094927485996,0.4798675640552381,0x7949445097a9637f8d4223f842a82f07ec4a9386,2017-10-01T15:20:54.000Z,0.00544,0x218c31fd147173c981aa857f9cfb4cb8780a34f5,sell,0xe5a7c12972f3bbfe70ed29521c8949b8af6a0970,0x779487a63aa58ed1ad5e89b131f0f4f241d84fe36b9838690b8d944bc5bc6b70
188,100,0.544,0x7949445097a9637f8d4223f842a82f07ec4a9386,2017-10-01T15:13:53.000Z,0.00544,0x218c31fd147173c981aa857f9cfb4cb8780a34f5,sell,0xe5a7c12972f3bbfe70ed29521c8949b8af6a0970,0xdae0ccff7c5c0e4ddfa21bc767ffa17d0647536a8f418f6a533d26404c686ce5
189,99,0.53856,0x7949445097a9637f8d4223f842a82f07ec4a9386,2017-10-01T14:54:52.000Z,0.00544,0x5a338872f49f0e7e8a6ff83585ce387905a21f8e,sell,0xe5a7c12972f3bbfe70ed29521c8949b8af6a0970,0x13c3b36758881ae95078af6bcc8e9701791942929ccfc920d1237d246305e909
190,11.789050725140049,0.06413243594476187,0x7949445097a9637f8d4223f842a82f07ec4a9386,2017-10-01T14:53:06.000Z,0.0054399999999999995,0x538fbd57359d9120e183415465712a6a7691a6f8,sell,0xe5a7c12972f3bbfe70ed29521c8949b8af6a0970,0xc4bd52cee4e7938ada6342d48e5a1b0d2f827f013a004607d38ee9a2ceff0b16
191,100,0.544,0x7949445097a9637f8d4223f842a82f07ec4a9386,2017-10-01T14:49:55.000Z,0.00544,0x538fbd57359d9120e183415465712a6a7691a6f8,sell,0xe5a7c12972f3bbfe70ed29521c8949b8af6a0970,0x5b65b9ecdc2be340ab9954e2706766432464c591f9e9ebbe3371117f1a46c1f5
192,100,0.544,0x7949445097a9637f8d4223f842a82f07ec4a9386,2017-10-01T14:47:20.000Z,0.00544,0x538fbd57359d9120e183415465712a6a7691a6f8,sell,0xe5a7c12972f3bbfe70ed29521c8949b8af6a0970,0xac628513e45ab48adecdfde4cfd8ec4ff63e94c58369f230820f38e61146ded8
193,1,0.00544,0x7949445097a9637f8d4223f842a82f07ec4a9386,2017-10-01T11:34:17.000Z,0.00544,0x647bc16dcc2a3092a59a6b9f7944928d94301042,sell,0xe5a7c12972f3bbfe70ed29521c8949b8af6a0970,0x6b2b67b5ef7dcb3e9913817826474b8c53f51165ce15e658d432abedf0b626f7
194,0.000166151596716844,0.04984547901505333,0xc7406c4d3d22ec60efab497a4c52a1cd1d00b346,2017-10-01T03:09:41.000Z,300.0000000000008,0x48eaedfa6ab55f414a433f0778f55ed9b827e822,buy,0xe5a7c12972f3bbfe70ed29521c8949b8af6a0970,0xe058f0bd8f1b00a2fdf09adc2b28faa9d0a0053b90bf37795a0ad0537c57b8e1
195,0.5,0.0025715,0x218c31fd147173c981aa857f9cfb4cb8780a34f5,2017-10-01T00:42:19.000Z,0.005143,0x218c31fd147173c981aa857f9cfb4cb8780a34f5,sell,0xe5a7c12972f3bbfe70ed29521c8949b8af6a0970,0x38f415bdbefbed9dd48954fd95adb6d9ff4e12505cd9b49ee8f04d6f7420e076
196,492.647,2.67999968,0x5ea48934409bc2c63a538fbc0a6a618dfdf40f39,2017-09-30T22:11:38.000Z,0.00544,0x218c31fd147173c981aa857f9cfb4cb8780a34f5,buy,0xe5a7c12972f3bbfe70ed29521c8949b8af6a0970,0x3b303f886aa5ca1490e64c8aee0c5afa04a46ca43b5f70fd7b56fc3d7f20a5f8
197,422.523,2.30275035,0x5ea48934409bc2c63a538fbc0a6a618dfdf40f39,2017-09-30T14:46:16.000Z,0.00545,0xbe3a99b5181c7156f216d126d5bd08cc21af4069,buy,0xe5a7c12972f3bbfe70ed29521c8949b8af6a0970,0xed2108d2264973eb1ba3a67c979a799fb96408091d7b576f099cae6f7def314a
198,1275.502118193395,6.983374097108838,0x6b08410e09372db6ff8bf30736b868cf1b5049ce,2017-09-30T11:27:53.000Z,0.005475,0x218c31fd147173c981aa857f9cfb4cb8780a34f5,buy,0xe5a7c12972f3bbfe70ed29521c8949b8af6a0970,0x1df3b22f5a3b0a151685147b08f14e0e57dde897a138c27ec86261619d157bea
199,23.518962671295544,0.12441531253115343,0x36aaaab89929bcfbe8a8192cd15813d33c3e4cf8,2017-09-29T23:15:22.000Z,0.00529,0x218c31fd147173c981aa857f9cfb4cb8780a34f5,buy,0xe5a7c12972f3bbfe70ed29521c8949b8af6a0970,0xb20d40987861fa3321191ce947f3cf45cf886d3676f03f8e9bbf89505e3b908c
200,422.52240990152893,1.7745941215864216,0xbe3a99b5181c7156f216d126d5bd08cc21af4069,2017-09-29T01:09:14.000Z,0.0042,0x4983876af68e19aae8a99dfaba16b15453244022,sell,0xe5a7c12972f3bbfe70ed29521c8949b8af6a0970,0x1ec2939f5e0691cf8d4b169bc2549820f4b63f386caee0bca5eba67768407301
201,124.21,0.6098711,0x218c31fd147173c981aa857f9cfb4cb8780a34f5,2017-09-29T00:41:10.000Z,0.00491,0x069e4cf2cd9c44495483400a84f68e834177afe4,sell,0xe5a7c12972f3bbfe70ed29521c8949b8af6a0970,0xf5f734cc65fe5039e0eb8aede9635f002cf2174f310feb4a8f20cd21718082bf
202,1,0.005469,0x0249924245a19aa2d7f5ddb0739a7132b7d094ab,2017-09-28T17:00:12.000Z,0.005469,0x218c31fd147173c981aa857f9cfb4cb8780a34f5,buy,0xe5a7c12972f3bbfe70ed29521c8949b8af6a0970,0x4dd9dbac9be7f7b04f76a3cba09e31f6f98f4439d40008d22b0924862f7e319a
203,100,0.55,0x2ecef3ddbb1803b5e41a1d91bf10c15f6959fec2,2017-09-28T05:14:06.000Z,0.0055,0x069e4cf2cd9c44495483400a84f68e834177afe4,buy,0xe5a7c12972f3bbfe70ed29521c8949b8af6a0970,0x6b2d6910659a9da3b32dd3070bbf68b36df3d4d26bb50f20d49af5f494ef88b8
204,99,0.54449901,0x2ecef3ddbb1803b5e41a1d91bf10c15f6959fec2,2017-09-28T05:07:06.000Z,0.00549999,0x218c31fd147173c981aa857f9cfb4cb8780a34f5,buy,0xe5a7c12972f3bbfe70ed29521c8949b8af6a0970,0x260f99c083e9f02dd82e2b0241c74d01e340d490ab66d0c18f74d979fe5fc7ce
205,97.29943382009003,0.3999979724343901,0xd8eeda4ee2657bb267bc35c1d60babdc5aedd269,2017-09-28T04:59:36.000Z,0.004111,0x1ed014aec47fae44c9e55bac7662c0b78ae61798,sell,0xe5a7c12972f3bbfe70ed29521c8949b8af6a0970,0x90037eeab8705370ed0edab74581b77224e7041a1606cc43b7c9747126e65e0e
206,1,0.00549999,0xa0be78d2bac6a692adba423c7af50ec86a18bddf,2017-09-28T04:55:31.000Z,0.00549999,0x218c31fd147173c981aa857f9cfb4cb8780a34f5,buy,0xe5a7c12972f3bbfe70ed29521c8949b8af6a0970,0xe9d5c1d05e9f705376a643e13c616a028337161bcaf0b557b0b4ed9e04076909
207,0.2,0.00104,0x218c31fd147173c981aa857f9cfb4cb8780a34f5,2017-09-28T03:32:56.000Z,0.0052,0x218c31fd147173c981aa857f9cfb4cb8780a34f5,sell,0xe5a7c12972f3bbfe70ed29521c8949b8af6a0970,0xe5d4a25cd50527df7f6cc4009a13ce606df3b54ae450884a10f58687dffeebe4
208,0.9297869705987035,0.00382235423613127,0xd8eeda4ee2657bb267bc35c1d60babdc5aedd269,2017-09-28T03:23:45.000Z,0.004111,0xc3b6b2adfc0cc7dc86934c470ae7df1647bfa5a1,sell,0xe5a7c12972f3bbfe70ed29521c8949b8af6a0970,0xd6380b4b3b04775ca49f8c9743c70fdc35fddcfdfa25aadb34e4c04851505934
209,587.198,2.87139822,0x218c31fd147173c981aa857f9cfb4cb8780a34f5,2017-09-28T03:15:22.000Z,0.00489,0x069e4cf2cd9c44495483400a84f68e834177afe4,buy,0xe5a7c12972f3bbfe70ed29521c8949b8af6a0970,0x3cdfbe798b8956513eca05fd01100d0cd69aa28d7553f27002461eb15a701ef4
210,162.80159969824604,0.796099822524423,0x218c31fd147173c981aa857f9cfb4cb8780a34f5,2017-09-28T03:10:23.000Z,0.00489,0x069e4cf2cd9c44495483400a84f68e834177afe4,buy,0xe5a7c12972f3bbfe70ed29521c8949b8af6a0970,0x3dfdf67e707ce97d4200be96c1943f8cdbf18604a5e617f692b0497e59d4e03e
211,400,2,0x218c31fd147173c981aa857f9cfb4cb8780a34f5,2017-09-28T03:05:55.000Z,0.005,0xc3b6b2adfc0cc7dc86934c470ae7df1647bfa5a1,buy,0xe5a7c12972f3bbfe70ed29521c8949b8af6a0970,0x5f7e6f44f630e64c98583f59d08a0cdb196535330fc024ed54ba356d680391aa
212,447,2.1903,0x218c31fd147173c981aa857f9cfb4cb8780a34f5,2017-09-28T03:05:44.000Z,0.0049,0xc3b6b2adfc0cc7dc86934c470ae7df1647bfa5a1,buy,0xe5a7c12972f3bbfe70ed29521c8949b8af6a0970,0xc3d7788cf834db14a1b99112127810593ab9e0949ca9b40d2389f4297f23f379
213,100,0.475,0x039e268d7ebfd77683be1531705a8559f2e4194d,2017-09-28T02:07:42.000Z,0.00475,0xc3b6b2adfc0cc7dc86934c470ae7df1647bfa5a1,sell,0xe5a7c12972f3bbfe70ed29521c8949b8af6a0970,0x46afab2f294609ff7bd2bb98c716d9d2f6d6b4b9d0044c4a3f5f5c81b62ae230
214,25,0.125,0xf187eb34073c29ed27a39fb07f3cdd5ad75c99be,2017-09-27T21:43:08.000Z,0.005,0x069e4cf2cd9c44495483400a84f68e834177afe4,sell,0xe5a7c12972f3bbfe70ed29521c8949b8af6a0970,0xc6e8089e23ea7232619dab136c135cc5f3e633cb0c9849fe824c508d15b4e395
215,38,0.19038,0x218c31fd147173c981aa857f9cfb4cb8780a34f5,2017-09-27T20:44:11.000Z,0.00501,0x069e4cf2cd9c44495483400a84f68e834177afe4,sell,0xe5a7c12972f3bbfe70ed29521c8949b8af6a0970,0x6daf90a5120b6a294585aab8db65f5b6500b350e12a5d5de588927e3a1d8e2e5
216,0.2,0.0010428,0x218c31fd147173c981aa857f9cfb4cb8780a34f5,2017-09-27T19:56:18.000Z,0.005214,0x218c31fd147173c981aa857f9cfb4cb8780a34f5,sell,0xe5a7c12972f3bbfe70ed29521c8949b8af6a0970,0xc0e73a8ef2f826c0395ba6b6bb0ba30027b53cf1fcca5c33c93d86cae3ffaf8a
217,0.5,0.00279495,0xbf52f67f8524587d6a7ab1f1f8d092c635b9587f,2017-09-27T16:57:20.000Z,0.0055899,0xc3b6b2adfc0cc7dc86934c470ae7df1647bfa5a1,buy,0xe5a7c12972f3bbfe70ed29521c8949b8af6a0970,0x5d8fb2afa7e1713c564430c49d9647f9c0195a6185f3ae431ca9051987ec924d
218,188.69,0.943468869,0x218c31fd147173c981aa857f9cfb4cb8780a34f5,2017-09-27T15:55:09.000Z,0.0050001,0x069e4cf2cd9c44495483400a84f68e834177afe4,sell,0xe5a7c12972f3bbfe70ed29521c8949b8af6a0970,0x05d4ac94df6662c52e387667ac4bd276685be070304c1fe724bf9a30f8a475be
219,0.2,0.0010494,0x218c31fd147173c981aa857f9cfb4cb8780a34f5,2017-09-27T14:57:55.000Z,0.005247,0x218c31fd147173c981aa857f9cfb4cb8780a34f5,sell,0xe5a7c12972f3bbfe70ed29521c8949b8af6a0970,0xe5c7e01a49c9caad615e07418d8736622005e190e7744fbba85e020430a41099
220,22.719,0.12699920977281,0xc64608a89c5dd8ce828fb05ab2f09a353d1b0b86,2017-09-27T06:51:50.000Z,0.00558999999,0x218c31fd147173c981aa857f9cfb4cb8780a34f5,buy,0xe5a7c12972f3bbfe70ed29521c8949b8af6a0970,0xcdd14bf3fad96ae7053a77c970a09d410dc81e10b380d39449f838ad620a7ab7
221,66.597,0.37161126,0xc64608a89c5dd8ce828fb05ab2f09a353d1b0b86,2017-09-27T06:09:47.000Z,0.00558,0xa5c47c2500996a6aa03fa50a9550996d51c05813,buy,0xe5a7c12972f3bbfe70ed29521c8949b8af6a0970,0x80cd8243667251e97170e9c2e7d48e1d14882043f6e3463e71c57de034ba8773
222,0.2,0.00104,0x218c31fd147173c981aa857f9cfb4cb8780a34f5,2017-09-26T20:06:16.000Z,0.0052,0x218c31fd147173c981aa857f9cfb4cb8780a34f5,sell,0xe5a7c12972f3bbfe70ed29521c8949b8af6a0970,0xda737443cc0c0c6425866b19b1cfb75ca66708988e8f85f99ae1e4bb749eaa2e
223,1113.6355048590306,6.235245191705713,0x77efb9fe659f82f4840d7044b652bed8e61ac60a,2017-09-26T19:20:51.000Z,0.005599,0x218c31fd147173c981aa857f9cfb4cb8780a34f5,buy,0xe5a7c12972f3bbfe70ed29521c8949b8af6a0970,0x56346b00ac3e1f14fe3564c99ef25d90b1b7547194b417bf87e5354d1d9202a1
224,153.796,0.7920494,0x77efb9fe659f82f4840d7044b652bed8e61ac60a,2017-09-26T19:17:25.000Z,0.00515,0x389a1853f07b8a37367fb7a9f7d95f9d42ba7bb4,buy,0xe5a7c12972f3bbfe70ed29521c8949b8af6a0970,0x7d8e2afbe26884fdcc343d9ccd204d850d7c8bfa4e36384598c8143f127822f8
225,0.697,0.00354773,0x218c31fd147173c981aa857f9cfb4cb8780a34f5,2017-09-26T16:51:19.000Z,0.00509,0xb98d14cdea3df4123b29b200ecc0a82b559ec44a,buy,0xe5a7c12972f3bbfe70ed29521c8949b8af6a0970,0x8d25af5ff01aab738641fd47b0688f9201cd856a4bbdf400ab07de4dc88faf46
226,422.3296677702761,2.136988118917597,0x218c31fd147173c981aa857f9cfb4cb8780a34f5,2017-09-26T16:35:34.000Z,0.00506,0xb98d14cdea3df4123b29b200ecc0a82b559ec44a,buy,0xe5a7c12972f3bbfe70ed29521c8949b8af6a0970,0x132ff1d67c0de1da442908dd869076d11354ebcf089a51c02b742b83a9383ec1
227,1.0987353288375379,0.005559600763917942,0x218c31fd147173c981aa857f9cfb4cb8780a34f5,2017-09-26T16:33:43.000Z,0.00506,0xb98d14cdea3df4123b29b200ecc0a82b559ec44a,buy,0xe5a7c12972f3bbfe70ed29521c8949b8af6a0970,0xaf45baeb4401be0e0f830e10afae071065820fe59c4ac3e14ae8e35cd9524dca
228,324.111,1.64000166,0x218c31fd147173c981aa857f9cfb4cb8780a34f5,2017-09-26T14:42:01.000Z,0.00506,0xb98d14cdea3df4123b29b200ecc0a82b559ec44a,buy,0xe5a7c12972f3bbfe70ed29521c8949b8af6a0970,0x9237fb6f75796eb570367c6898a4573ff0027e069f2c4b536e7716c86da95f77
229,985.1788661780389,4.985005062860877,0x218c31fd147173c981aa857f9cfb4cb8780a34f5,2017-09-26T14:29:27.000Z,0.00506,0xb98d14cdea3df4123b29b200ecc0a82b559ec44a,buy,0xe5a7c12972f3bbfe70ed29521c8949b8af6a0970,0xbdddd3f9b6819509c419e79fc821b905b4543833ee1ec3c0b35b71fbab7cb1fd
230,906.2817307228474,4.585785557457608,0x218c31fd147173c981aa857f9cfb4cb8780a34f5,2017-09-26T14:11:11.000Z,0.00506,0xb98d14cdea3df4123b29b200ecc0a82b559ec44a,buy,0xe5a7c12972f3bbfe70ed29521c8949b8af6a0970,0x4cd0574a1df6735d3e75c42f73b128fc65989ce1d89463aca18183e4b3744d8e
231,2.9499717914855217,0.01492685726491674,0x218c31fd147173c981aa857f9cfb4cb8780a34f5,2017-09-25T20:29:29.000Z,0.00506,0x1227ea9856563907acf405f851e109b9566b10ec,buy,0xe5a7c12972f3bbfe70ed29521c8949b8af6a0970,0x221757f40d98bd27a6ee2d4599edb35ee7d8f1b1c66fbe6c46791240b86d8f5c
232,591.0727517340573,2.9908281237743295,0x0894bdab6da676640526a7ecd0c2567b9bf5f6fb,2017-09-25T17:28:24.000Z,0.00506,0x1227ea9856563907acf405f851e109b9566b10ec,buy,0xe5a7c12972f3bbfe70ed29521c8949b8af6a0970,0xc1e4f69ddcc9e2ac76ee1cede90935f059eb6e2ae44de0601ecdd2bbaf87e7cb
233,197.0177036168116,0.9969095803010667,0x0894bdab6da676640526a7ecd0c2567b9bf5f6fb,2017-09-25T16:19:12.000Z,0.00506,0x1227ea9856563907acf405f851e109b9566b10ec,buy,0xe5a7c12972f3bbfe70ed29521c8949b8af6a0970,0xfa0dc1dd9774142aa88ffdfcdc0318b64a89cb5dddcedcc2c092f674976af8a9
234,1,0.005067,0x218c31fd147173c981aa857f9cfb4cb8780a34f5,2017-09-25T15:18:35.000Z,0.005067,0x218c31fd147173c981aa857f9cfb4cb8780a34f5,sell,0xe5a7c12972f3bbfe70ed29521c8949b8af6a0970,0x68afdd51996b38a9f515e21a3c1112f035588e36fb61502f9affe33011841d4b
235,0.0937038526147,0.00043103772202762,0x1227ea9856563907acf405f851e109b9566b10ec,2017-09-25T11:12:50.000Z,0.0046,0x18a902dc44442205b4ba2b1dc038e67506d22c55,sell,0xe5a7c12972f3bbfe70ed29521c8949b8af6a0970,0xec0e50f0b3faa72e392c05b6385b1066b0c2d1d0783d4767d0380ed641ea986b
236,0.000069515301993006,0.00000035786477466,0xb98d14cdea3df4123b29b200ecc0a82b559ec44a,2017-09-25T04:09:35.000Z,0.0051480000000000735,0x218c31fd147173c981aa857f9cfb4cb8780a34f5,buy,0xe5a7c12972f3bbfe70ed29521c8949b8af6a0970,0xba5d60963698dd248ab4100b06820313fbce01574a48ac4d1c15cb41fa587f8d
237,0.697307994291704,0.003589741554613692,0xb98d14cdea3df4123b29b200ecc0a82b559ec44a,2017-09-25T03:49:01.000Z,0.005148,0x218c31fd147173c981aa857f9cfb4cb8780a34f5,buy,0xe5a7c12972f3bbfe70ed29521c8949b8af6a0970,0x7fd8c37cc7efe31c4859e26931227e1d7391311c43fbd5b87ca9500ccd5f5917
238,0.09712509712509712,0.0005,0xc886b21b865e7c90432d9b8bdb14ad254f2232f5,2017-09-25T03:14:54.000Z,0.005148,0x218c31fd147173c981aa857f9cfb4cb8780a34f5,buy,0xe5a7c12972f3bbfe70ed29521c8949b8af6a0970,0x4d0ce57579434ee413d6576ba9e7cc5477f155af1862c919b33f94e21e5b50be
239,0.09712509712509712,0.0005,0xe37bd4d49c619e748d4efe74525489d26b6aff43,2017-09-25T03:11:01.000Z,0.005148,0x218c31fd147173c981aa857f9cfb4cb8780a34f5,buy,0xe5a7c12972f3bbfe70ed29521c8949b8af6a0970,0xb919f35bc1c99248205cb0314196c4f3c5e0b0eb13837ba66c96319da56539c1
240,0.09615384615384616,0.0005,0x23ee598e50ff1b1bde1022bf3c8a41d4c23321a0,2017-09-25T00:10:08.000Z,0.0052,0x1227ea9856563907acf405f851e109b9566b10ec,buy,0xe5a7c12972f3bbfe70ed29521c8949b8af6a0970,0xdf4a5b3b01307c9f068b0ccf6da92531dd7575f1c2957699b9955ed01f0ebed4
241,0.09615384615384616,0.0005,0xe5a759eb3e214ff0a2bbbea31acc41c9bf27b239,2017-09-24T23:43:53.000Z,0.0052,0x1227ea9856563907acf405f851e109b9566b10ec,buy,0xe5a7c12972f3bbfe70ed29521c8949b8af6a0970,0xe4ad0c00ff64e9f3ef57cf332fc94f8a77cfa9e00e8094b623d79345d3f5acd9
242,0.09615384615384616,0.0005,0x160506e5a5ce5dadd43623689f53d5aa1f288f0f,2017-09-24T23:37:13.000Z,0.0052,0x1227ea9856563907acf405f851e109b9566b10ec,buy,0xe5a7c12972f3bbfe70ed29521c8949b8af6a0970,0xb431ddb21faa026fcf3935be77074fb80c28fc0f08371fc3d13dc25e5b39ee83
243,0.0937038526147,0.00043103772202762,0x1227ea9856563907acf405f851e109b9566b10ec,2017-09-24T23:04:46.000Z,0.0046,0xd868b838b5de79f1e540b5d83c9e9a3d0b3810cd,sell,0xe5a7c12972f3bbfe70ed29521c8949b8af6a0970,0xf2fc6fabaf0c7f4a54735c0b2632fb92ce86156ddc696dcc7f3172c70b21c45d
244,0.0907031452948,0.00041723446835608,0x1227ea9856563907acf405f851e109b9566b10ec,2017-09-24T22:53:36.000Z,0.0046,0x1f8ac99600c61189d92c85cc760735b9e0067a60,sell,0xe5a7c12972f3bbfe70ed29521c8949b8af6a0970,0xf6c386c0d61d294c1c704b1f1d6ea88d0fb147552c6568e08476bbf678a2db82
245,0.2,0.0010058,0x218c31fd147173c981aa857f9cfb4cb8780a34f5,2017-09-24T12:48:06.000Z,0.005029,0x1227ea9856563907acf405f851e109b9566b10ec,sell,0xe5a7c12972f3bbfe70ed29521c8949b8af6a0970,0x798327089a54ffafe124d9b1fb3b2c34902a52b038dd2e792f2ad653e77e8f45
246,0.0939849641726497,0.0005,0x3bfdec5343e950ce45522eef9948c977631b4000,2017-09-24T10:18:14.000Z,0.0053199999,0x218c31fd147173c981aa857f9cfb4cb8780a34f5,buy,0xe5a7c12972f3bbfe70ed29521c8949b8af6a0970,0xb9a7b2b39501167dd26e98e761dfc3eb94554fc9ae55432d928ea0bc0cb03720
247,0.169,0.00089232,0x24aa22acf9658ec9fbb92e4815246034bd491b65,2017-09-24T03:42:46.000Z,0.00528,0x218c31fd147173c981aa857f9cfb4cb8780a34f5,buy,0xe5a7c12972f3bbfe70ed29521c8949b8af6a0970,0x5d7fb4158cc1b0f0369ea19b56c2c49f0944c1cbecd6a42fcc486f0488ea7174
248,1,0.00528,0x24aa22acf9658ec9fbb92e4815246034bd491b65,2017-09-24T03:42:46.000Z,0.00528,0x218c31fd147173c981aa857f9cfb4cb8780a34f5,buy,0xe5a7c12972f3bbfe70ed29521c8949b8af6a0970,0x17aef2f8554ae73423d0e12dd1dab5736b21286f394b1dd23678a1c03115d24f
249,0.233,0.00123024,0x9b113df7b32e93193e6e2d8ec491bcc30da0c04c,2017-09-24T03:40:08.000Z,0.00528,0x218c31fd147173c981aa857f9cfb4cb8780a34f5,buy,0xe5a7c12972f3bbfe70ed29521c8949b8af6a0970,0xb1e0943d151d31dbb15dff6d1b6dc882145d6d4e5fea3c4d5d006c331df966b5
250,0.15,0.000792,0x0c3d0fc12a1ab89e3b00180bf9988762a44d69d4,2017-09-24T03:35:33.000Z,0.00528,0x218c31fd147173c981aa857f9cfb4cb8780a34f5,buy,0xe5a7c12972f3bbfe70ed29521c8949b8af6a0970,0x263c5732d6466abc689ab1391799017f2e8dbe4eafceb269a309b7906d726bf1
251,0.1,0.000528,0x18bc639218a3abdf0772a49c3c4ea2ee9148ddc4,2017-09-24T03:22:37.000Z,0.00528,0x218c31fd147173c981aa857f9cfb4cb8780a34f5,buy,0xe5a7c12972f3bbfe70ed29521c8949b8af6a0970,0x925656e03847b3f7a79cb874c52a4dac12da0e4063db75d0968e57f17063f456
252,51.894,0.27400032,0xbfc1ef8f060ff6b63ff7e5a02e9f3d9202d27a5a,2017-09-24T00:20:57.000Z,0.00528,0x1227ea9856563907acf405f851e109b9566b10ec,buy,0xe5a7c12972f3bbfe70ed29521c8949b8af6a0970,0x37c9a178536c8ac5b42ced46707d2134c54526b255147c1f1b4dcdc22365bf82
253,20.768949589605555,0.10966005383311733,0xbfc1ef8f060ff6b63ff7e5a02e9f3d9202d27a5a,2017-09-23T23:47:03.000Z,0.00528,0x1227ea9856563907acf405f851e109b9566b10ec,buy,0xe5a7c12972f3bbfe70ed29521c8949b8af6a0970,0xf4b17fc46a8846c9eab112d5aec5e8612374d1ec95aa486c6e5ca7c67a3152fe
254,0.0946969696969697,0.0005,0xc22f5ab4f1591613a92b4d172cc7f4e4a5af58cd,2017-09-23T23:24:23.000Z,0.00528,0x1227ea9856563907acf405f851e109b9566b10ec,buy,0xe5a7c12972f3bbfe70ed29521c8949b8af6a0970,0x3422d2882adf346f539b1ceae30112c7fcd19a9a2015b078ea5f7de1561f01af
255,0.0946969696969697,0.0005,0x452b06f1c61cff4c9bebaa405319a7c3b12553a2,2017-09-23T23:23:10.000Z,0.00528,0x1227ea9856563907acf405f851e109b9566b10ec,buy,0xe5a7c12972f3bbfe70ed29521c8949b8af6a0970,0x8b0148fd9a2304dd0ed625e6f3be0ac173914de73a7f20f248a2c4fff6542be3
256,36.25404353526676,0.19142134986620848,0x0bc2dc9e3d3959e1d90e135cc52e74bfa09eeae7,2017-09-23T19:35:20.000Z,0.00528,0x1227ea9856563907acf405f851e109b9566b10ec,buy,0xe5a7c12972f3bbfe70ed29521c8949b8af6a0970,0xe02a1566af7ca9b85252e440a70e25c0372125da0f432250a1424cde38d51c6d
257,0.0946969696969697,0.0005,0x2ba19ec4bcd5ae8de66b110bde5ebf41092bd02f,2017-09-23T19:17:44.000Z,0.00528,0x1227ea9856563907acf405f851e109b9566b10ec,buy,0xe5a7c12972f3bbfe70ed29521c8949b8af6a0970,0x0ce652e3725517b23c186a702debea3c33c4f1d7294be53a254ba169d9e8159f
258,1178.5851209853192,6.211143587592633,0x1227ea9856563907acf405f851e109b9566b10ec,2017-09-23T17:18:43.000Z,0.00527,0xe755445d9ae759292262342586b90a48a44411a6,sell,0xe5a7c12972f3bbfe70ed29521c8949b8af6a0970,0xc90f0f2f0d292058a71955f82a1b02ea7138e083e1fd7c8b54a898223b8ffbaf
259,140.29248446808492,0.6593746769999991,0x5ae933bfbbaa04c3e05ae56295138174ada9799c,2017-09-23T17:18:43.000Z,0.0047,0x1227ea9856563907acf405f851e109b9566b10ec,buy,0xe5a7c12972f3bbfe70ed29521c8949b8af6a0970,0x29db11e2c750dfdf1d88910444ce6b411b8fc1b2b7b2178148582f388c66d4f5
260,1182.131515531915,5.556018123000001,0xe755445d9ae759292262342586b90a48a44411a6,2017-09-23T17:18:43.000Z,0.0047,0x1227ea9856563907acf405f851e109b9566b10ec,buy,0xe5a7c12972f3bbfe70ed29521c8949b8af6a0970,0xc90f0f2f0d292058a71955f82a1b02ea7138e083e1fd7c8b54a898223b8ffbaf
261,139.87160701468065,0.7371233689673671,0x1227ea9856563907acf405f851e109b9566b10ec,2017-09-23T17:18:43.000Z,0.00527,0x5ae933bfbbaa04c3e05ae56295138174ada9799c,sell,0xe5a7c12972f3bbfe70ed29521c8949b8af6a0970,0x29db11e2c750dfdf1d88910444ce6b411b8fc1b2b7b2178148582f388c66d4f5
262,0.0939849641726497,0.0005,0x18a902dc44442205b4ba2b1dc038e67506d22c55,2017-09-23T15:43:18.000Z,0.0053199999,0x218c31fd147173c981aa857f9cfb4cb8780a34f5,buy,0xe5a7c12972f3bbfe70ed29521c8949b8af6a0970,0xb155827aa49c1d832d8fa838043434ab7546aa61bcbcd4e73c060481e40c6c9d
263,88.52497258498654,0.4426248629249327,0x1227ea9856563907acf405f851e109b9566b10ec,2017-09-23T15:30:46.000Z,0.005,0xe1226c4d0a752a3ef42ee783aa1b4ac1abe47a8e,sell,0xe5a7c12972f3bbfe70ed29521c8949b8af6a0970,0xbf23a6aa76c18ed366ff860e62b223648989920f5c64081748bf30046f78a3cc
264,0.0939849641726497,0.0005,0xd868b838b5de79f1e540b5d83c9e9a3d0b3810cd,2017-09-23T14:59:33.000Z,0.0053199999,0x218c31fd147173c981aa857f9cfb4cb8780a34f5,buy,0xe5a7c12972f3bbfe70ed29521c8949b8af6a0970,0x8d4c3fd50167fbcc178e4d5ef3809df45ab566b929d47ed6da79aaffff8d2e09
265,0.2,0.0010414,0x218c31fd147173c981aa857f9cfb4cb8780a34f5,2017-09-23T14:39:08.000Z,0.005207,0xe1226c4d0a752a3ef42ee783aa1b4ac1abe47a8e,sell,0xe5a7c12972f3bbfe70ed29521c8949b8af6a0970,0x26c60b07a8204fd97cd0ebc5675983450aa9df8588c655866e5590ac3cddfddd
266,86.90880425897997,0.46235483865777344,0xde41ada73399577bb872c6c1a697fc1c7f8c5ebc,2017-09-23T13:36:58.000Z,0.00532,0x1227ea9856563907acf405f851e109b9566b10ec,buy,0xe5a7c12972f3bbfe70ed29521c8949b8af6a0970,0xbf001fa552c5e48ad67604521f9b312ed5b878c7f61b77d00ef141040eb32685
267,100.52759978119525,0.5348068308359587,0xde41ada73399577bb872c6c1a697fc1c7f8c5ebc,2017-09-23T13:32:04.000Z,0.00532,0x1227ea9856563907acf405f851e109b9566b10ec,buy,0xe5a7c12972f3bbfe70ed29521c8949b8af6a0970,0x37f770f8e87b9639299299ead9c0ded7afb1e78c103eca3db69b864ebef6af85
268,0.0907031452948,0.000453515726474,0x1227ea9856563907acf405f851e109b9566b10ec,2017-09-23T13:12:18.000Z,0.005,0x0f657c396dfcd6c59bb82b89fc3adbe5f90ce153,sell,0xe5a7c12972f3bbfe70ed29521c8949b8af6a0970,0xa263566879a1b681565ad60325ab251ff99c637f5072483c9266876ee920512e
269,0.2,0.001064,0x636d925f140f761f7a0e600db2177dd068ddada1,2017-09-23T10:36:28.000Z,0.00532,0x1227ea9856563907acf405f851e109b9566b10ec,buy,0xe5a7c12972f3bbfe70ed29521c8949b8af6a0970,0x7f0155e59fd302af6c1d1ad154a992317112095b4cd71a6319a480ba29cf51cd
270,694.2724002188047,3.6935291691640413,0xae92234848cf733e56ac64c56684bd47d0e7776c,2017-09-23T10:06:07.000Z,0.00532,0x1227ea9856563907acf405f851e109b9566b10ec,buy,0xe5a7c12972f3bbfe70ed29521c8949b8af6a0970,0x12a5f102cad73183fc30c80e8c733633a350d7830a3208d9f706416c5e20a309
271,0.2,0.0010522,0x218c31fd147173c981aa857f9cfb4cb8780a34f5,2017-09-23T09:24:14.000Z,0.005261,0x1227ea9856563907acf405f851e109b9566b10ec,sell,0xe5a7c12972f3bbfe70ed29521c8949b8af6a0970,0xfc8898fbde515957cb96b046d59957cb1264568cfd2b847de664d88053bd505b
272,0.5,0.00264,0x218c31fd147173c981aa857f9cfb4cb8780a34f5,2017-09-22T21:48:58.000Z,0.00528,0x218c31fd147173c981aa857f9cfb4cb8780a34f5,sell,0xe5a7c12972f3bbfe70ed29521c8949b8af6a0970,0x377020fead44104676dfae8d1b342521012e2279463564cb6a5b76faeef11428
273,96.70022928920346,0.4351510318014156,0x1227ea9856563907acf405f851e109b9566b10ec,2017-09-22T13:40:11.000Z,0.0045,0xabb3613d01388a8d3c79b86fde98a50ae685b1c4,sell,0xe5a7c12972f3bbfe70ed29521c8949b8af6a0970,0x97d3ef20e28fc9f4e0a501a8179dd67e184bd3c37fbbe0ad942a3607928d0117
274,0.09433962264150943,0.0005,0x999dbc9673afdd6b6c140c261297f89de35ff1b3,2017-09-22T05:10:54.000Z,0.0053,0x1227ea9856563907acf405f851e109b9566b10ec,buy,0xe5a7c12972f3bbfe70ed29521c8949b8af6a0970,0x404f3df85f818aa7584d229519ef952fe8eb4103b36112305c365021cf07027a
275,0.09433962264150943,0.0005,0x8612d2a48328bbf318b856ed0daaa4a7034383d0,2017-09-22T04:58:52.000Z,0.0053,0x1227ea9856563907acf405f851e109b9566b10ec,buy,0xe5a7c12972f3bbfe70ed29521c8949b8af6a0970,0x0565182565eb537969fbbd896ea2c94dbd93445f00b7158b9c526a6df56afa5d
276,0.09433962264150943,0.0005,0x10c12555236fa11fc988be565ab70c82a4660ecf,2017-09-22T04:56:32.000Z,0.0053,0x1227ea9856563907acf405f851e109b9566b10ec,buy,0xe5a7c12972f3bbfe70ed29521c8949b8af6a0970,0x177aac7b2e03e10ef76381d67b95854b392b5f9bab8ddf148c94f4c208ee556c
277,0.09433962264150943,0.0005,0x7ed2114439b24152cf18c02c10cae681a7ca2adc,2017-09-22T04:37:27.000Z,0.0053,0x1227ea9856563907acf405f851e109b9566b10ec,buy,0xe5a7c12972f3bbfe70ed29521c8949b8af6a0970,0xadda2700fc560e0dcf9f25f0e810f825a58710778dd442740028e7da523de91d
278,0.09433962264150943,0.0005,0x03dd03643b71b06642179afb38211c0f45699bc5,2017-09-22T04:21:57.000Z,0.0053,0x1227ea9856563907acf405f851e109b9566b10ec,buy,0xe5a7c12972f3bbfe70ed29521c8949b8af6a0970,0xad97a4b8118a8be2543e5b839cc82bf3f0eaf6c212ae2fdcf0c706df0eec2d7b
279,0.187,0.00100232,0x19b78488b79c6a45d4e060f05a2b35c4873f25c5,2017-09-21T22:30:36.000Z,0.00536,0x218c31fd147173c981aa857f9cfb4cb8780a34f5,buy,0xe5a7c12972f3bbfe70ed29521c8949b8af6a0970,0x315fe6b8dc2b8a451ccb7f6c17110fa53f1e00366656576a326774c343905992
280,31.50633037583491,0.12952252417505733,0xd8eeda4ee2657bb267bc35c1d60babdc5aedd269,2017-09-21T09:20:02.000Z,0.004111,0xeddf1956593ec725a0964401d291f4250463abaf,sell,0xe5a7c12972f3bbfe70ed29521c8949b8af6a0970,0xb3e8f462487b323b4d5528fa9641e4d4a7ba25fb1d508c5d58ea7b18618c9a44
281,464.9634237132555,2.4922039511030496,0xc3b6b2adfc0cc7dc86934c470ae7df1647bfa5a1,2017-09-21T04:02:44.000Z,0.00536,0x218c31fd147173c981aa857f9cfb4cb8780a34f5,buy,0xe5a7c12972f3bbfe70ed29521c8949b8af6a0970,0x45ea27efbff5248d373874d11b7889dbb9f41cda29e853cd9cbf28f0be49a578
282,0.01,0.0000536,0xab550bae4df060851327fb9f2e1403f4dd6eb08a,2017-09-21T03:19:29.000Z,0.00536,0x218c31fd147173c981aa857f9cfb4cb8780a34f5,buy,0xe5a7c12972f3bbfe70ed29521c8949b8af6a0970,0x398be15fe0992bce0dc87ce9608d541d512ca3aa6d97cf3be90e248059b0ed1b
283,13.362254814714085,0.06682730877934807,0x218c31fd147173c981aa857f9cfb4cb8780a34f5,2017-09-20T11:10:23.000Z,0.0050012,0x56fd388ad87ffa562168146fb8b55a997351ce39,sell,0xe5a7c12972f3bbfe70ed29521c8949b8af6a0970,0xc1b494d6f4c177f7336dd158b18bbfb622d85e50f608d683d8a79b6a3c93d4b2
284,6.778046396979424,0.0338983656405735,0x218c31fd147173c981aa857f9cfb4cb8780a34f5,2017-09-20T10:37:51.000Z,0.0050012,0x56fd388ad87ffa562168146fb8b55a997351ce39,sell,0xe5a7c12972f3bbfe70ed29521c8949b8af6a0970,0x95c540edd8908b8802ef1c1bccef73fe90a1350813aa0b34c2ca6575b19bbb92
285,35,0.188265,0x4616be63bc5306547c1228f936867952d7ead2b4,2017-09-19T21:56:03.000Z,0.005379,0x218c31fd147173c981aa857f9cfb4cb8780a34f5,buy,0xe5a7c12972f3bbfe70ed29521c8949b8af6a0970,0xe3c7f46907cd91135003613ea9882a348263932b6ebd232bf087be8a0aec9e2b
286,0.005379,0.000028933641,0x5ae933bfbbaa04c3e05ae56295138174ada9799c,2017-09-19T21:23:39.000Z,0.005379,0x218c31fd147173c981aa857f9cfb4cb8780a34f5,buy,0xe5a7c12972f3bbfe70ed29521c8949b8af6a0970,0x84a86ab55e939fa0f42e89cd9e27e342a47cc4a9d986adf75c6a38705b458738
287,0.005362863,0.05362863,0x4616be63bc5306547c1228f936867952d7ead2b4,2017-09-19T21:23:39.000Z,10,0x5ae933bfbbaa04c3e05ae56295138174ada9799c,sell,0xe5a7c12972f3bbfe70ed29521c8949b8af6a0970,0x84a86ab55e939fa0f42e89cd9e27e342a47cc4a9d986adf75c6a38705b458738
288,0.0907031452948,0.000453606429619294,0x218c31fd147173c981aa857f9cfb4cb8780a34f5,2017-09-19T19:42:02.000Z,0.0050009999999999916,0x8b24d80c6dd6e1af5a000e03ca8f00886a05f6f5,sell,0xe5a7c12972f3bbfe70ed29521c8949b8af6a0970,0xd36e08c4cbdbd956f04d4137e4193dc9bae320a6c782565a9423759df177f7c9
289,0.0914855011356,0.000457518991179135,0x218c31fd147173c981aa857f9cfb4cb8780a34f5,2017-09-19T18:16:33.000Z,0.005000999999999993,0x64b604630e055318093215b7ed41697ca4fb5de6,sell,0xe5a7c12972f3bbfe70ed29521c8949b8af6a0970,0x737929204e2a61747841f95fa3a89d2a05687f023defa53151829937168b6475
290,20,0.10758,0x4616be63bc5306547c1228f936867952d7ead2b4,2017-09-19T16:57:09.000Z,0.005379,0x218c31fd147173c981aa857f9cfb4cb8780a34f5,buy,0xe5a7c12972f3bbfe70ed29521c8949b8af6a0970,0x2adb3293ded80d4540b09d54a31799d1055db4cdbaa4baa384b1951088a568e0
291,0.0892897163782,0.00036707002403078,0xd8eeda4ee2657bb267bc35c1d60babdc5aedd269,2017-09-19T14:17:42.000Z,0.0041109999999999975,0x4c2fb430e95954bcfa54ce4741a9fc2ff6e415ad,sell,0xe5a7c12972f3bbfe70ed29521c8949b8af6a0970,0x6d8fcd0ae0c1350c9799efd8161f6029a6a0241ed1fa89076df795143ea3566e
292,5,0.027445,0x4616be63bc5306547c1228f936867952d7ead2b4,2017-09-19T12:49:01.000Z,0.005489,0x218c31fd147173c981aa857f9cfb4cb8780a34f5,buy,0xe5a7c12972f3bbfe70ed29521c8949b8af6a0970,0x33829884fa239321de5291d0452f0e3fb6af4e01eaab9956b89b0ba99fd7906c
293,5,0.027445,0x4616be63bc5306547c1228f936867952d7ead2b4,2017-09-19T12:48:59.000Z,0.005489,0x218c31fd147173c981aa857f9cfb4cb8780a34f5,buy,0xe5a7c12972f3bbfe70ed29521c8949b8af6a0970,0x33829884fa239321de5291d0452f0e3fb6af4e01eaab9956b89b0ba99fd7906c
294,67.07773049241125,0.36852505132530744,0x7312107bcffea8aa5e94773c3922420936fee52a,2017-09-19T04:18:18.000Z,0.005494,0x218c31fd147173c981aa857f9cfb4cb8780a34f5,buy,0xe5a7c12972f3bbfe70ed29521c8949b8af6a0970,0x53d5ef9aff1ee527db5a1da065d73b9c46b91d086d3c75693d88dc4b21407074
295,346.147,1.900000883,0x7312107bcffea8aa5e94773c3922420936fee52a,2017-09-19T04:13:00.000Z,0.005489,0x218c31fd147173c981aa857f9cfb4cb8780a34f5,buy,0xe5a7c12972f3bbfe70ed29521c8949b8af6a0970,0x0b680f729e3e5af14da86ee1eaf675db73642d90f774b664408781b93d7b8aa1
296,20,0.1,0xfb750ace42f4cd8274b7da2264cd9a9001366e22,2017-09-19T02:36:56.000Z,0.005,0x56fd388ad87ffa562168146fb8b55a997351ce39,sell,0xe5a7c12972f3bbfe70ed29521c8949b8af6a0970,0xad1cf2a6b7c96224d51f13eb8757b1fa743e1ef6c9d83b65638d118242799879
297,25.066,0.12733528,0x6c36f3c98a409911a148272740b32ba5a64ee5b1,2017-09-19T02:32:45.000Z,0.00508,0x56fd388ad87ffa562168146fb8b55a997351ce39,sell,0xe5a7c12972f3bbfe70ed29521c8949b8af6a0970,0x0be4fdf3efdcdfd7f5a96323c1688b0ef7494bbfcfc1514f3c2d3aed628c9b87
298,0.036101734688351775,0.0002,0x350f6f675b20d606bb7f6c412ef4775c9bc57168,2017-09-18T20:24:44.000Z,0.0055399,0x218c31fd147173c981aa857f9cfb4cb8780a34f5,buy,0xe5a7c12972f3bbfe70ed29521c8949b8af6a0970,0xc55c51497a34dee2029fe5ab40eab638a5fbe999b744fd0229e5c4a8b8c58094
299,1,0.0055399,0xd6f29f2fb0a1dc783aeab42ce7ce9276f8e14a54,2017-09-18T14:57:32.000Z,0.0055399,0x218c31fd147173c981aa857f9cfb4cb8780a34f5,buy,0xe5a7c12972f3bbfe70ed29521c8949b8af6a0970,0xb65b550f6ac83aa63d2521395c14195e3c9ff9b2f6fcf047d65a9c4e917a38f5
300,82.77737990550203,0.45857840693849067,0x4616be63bc5306547c1228f936867952d7ead2b4,2017-09-18T00:32:59.000Z,0.0055399,0x218c31fd147173c981aa857f9cfb4cb8780a34f5,buy,0xe5a7c12972f3bbfe70ed29521c8949b8af6a0970,0x1e8d124e17949950de0cf8a4587db4e010a1e847b70e8a15e73ce707b3061c50
301,34.19065691748997,0.18941282025720266,0xc58c358f25f8518506b5665d71610d01f888da8b,2017-09-17T16:20:43.000Z,0.0055399,0x218c31fd147173c981aa857f9cfb4cb8780a34f5,buy,0xe5a7c12972f3bbfe70ed29521c8949b8af6a0970,0x5c64a8ab1adb0dfb38f676ac778474abe70c8c2865bae322cbd06f7583169ecc
302,7.198033035261045,0.03987638321204267,0x0b431e884ebdb672ecab2d81355e3876fb154e86,2017-09-17T11:33:05.000Z,0.0055399,0x218c31fd147173c981aa857f9cfb4cb8780a34f5,buy,0xe5a7c12972f3bbfe70ed29521c8949b8af6a0970,0x643c4bea73779fa6b9eb93f60c3a6ac1f847b32f50d3d430dffd3aa28df23fdd
303,59.568,0.3300007632,0xed0b1f964083c72f77a73c51493177c1c0c17ab9,2017-09-17T05:29:46.000Z,0.0055399,0x218c31fd147173c981aa857f9cfb4cb8780a34f5,buy,0xe5a7c12972f3bbfe70ed29521c8949b8af6a0970,0x18e04a38394f2881fa10dffdf8bd4bbc83b6be6cd814cbd52be3b6918fbef925
304,12.997,0.0720020803,0xed0b1f964083c72f77a73c51493177c1c0c17ab9,2017-09-17T02:44:49.000Z,0.0055399,0x218c31fd147173c981aa857f9cfb4cb8780a34f5,buy,0xe5a7c12972f3bbfe70ed29521c8949b8af6a0970,0x804c6ed3489414f2044e8f9a57fa1fd2bca2b7c8f1df2a3ba15ec08cc980cace
305,184.93385928390788,0.939464005162252,0x6c36f3c98a409911a148272740b32ba5a64ee5b1,2017-09-16T21:30:57.000Z,0.00508,0xe0d463597d9a53a5fbb5d983427e23661cef6e58,sell,0xe5a7c12972f3bbfe70ed29521c8949b8af6a0970,0x61d79bf82f586919bdeabcbaa37215b22052230263dbff2bf10819879253052f
306,2,0.0111,0x12d34fdaede301c09bbfbea903c16fbcaf902a76,2017-09-16T19:08:08.000Z,0.00555,0xbe3a99b5181c7156f216d126d5bd08cc21af4069,buy,0xe5a7c12972f3bbfe70ed29521c8949b8af6a0970,0x52bd1c55842c03bdf3a5c1198d29b20712a3336e952215a489593ed6d7b14ad6
307,705,3.8775,0xcd28606b2f7edddc1dc89b339e8a3fca0664d3b7,2017-09-16T18:13:59.000Z,0.0055,0x2bc2ca2a7b3e6edef35223a211ac3b0b9b8d4346,buy,0xe5a7c12972f3bbfe70ed29521c8949b8af6a0970,0xef4648f8efe4098946d94b8ff9d4e123c0b8a3538edb03b1bacfd3ce3828b50e
308,168.25,0.9001375,0x000636e406605d8a4e7ce06a38949ff03df0046a,2017-09-16T17:19:55.000Z,0.00535,0xbe3a99b5181c7156f216d126d5bd08cc21af4069,sell,0xe5a7c12972f3bbfe70ed29521c8949b8af6a0970,0x47089bed75304ec6c2e1daa01808fd66afd3454a869139b065afd09d7f44610e
309,168.25,0.9001375,0x000636e406605d8a4e7ce06a38949ff03df0046a,2017-09-16T17:18:15.000Z,0.00535,0xbe3a99b5181c7156f216d126d5bd08cc21af4069,sell,0xe5a7c12972f3bbfe70ed29521c8949b8af6a0970,0x47089bed75304ec6c2e1daa01808fd66afd3454a869139b065afd09d7f44610e
310,16.682,0.08958234,0xcd28606b2f7edddc1dc89b339e8a3fca0664d3b7,2017-09-16T17:15:18.000Z,0.00537,0x85c395348041c40f1a27dbe670fdb1a996f38b2e,buy,0xe5a7c12972f3bbfe70ed29521c8949b8af6a0970,0xe90daa954f9d26bf9d92dca640cd080201ec5148fab607646cb02a61db9952bb
311,0.0931098696461825,0.0005,0x42c24a83bded723edfdf5883bc7efb30bc1a1bf3,2017-09-16T16:57:31.000Z,0.00537,0x85c395348041c40f1a27dbe670fdb1a996f38b2e,buy,0xe5a7c12972f3bbfe70ed29521c8949b8af6a0970,0x64440014ac479020b1351ade5b3720c8c04f79b1b161ae3debc4c08d0d74064e
312,186.4355194044174,1.0011587392017214,0x218c31fd147173c981aa857f9cfb4cb8780a34f5,2017-09-16T16:06:00.000Z,0.00537,0x85c395348041c40f1a27dbe670fdb1a996f38b2e,buy,0xe5a7c12972f3bbfe70ed29521c8949b8af6a0970,0xdea51003b7394627868d9ec57ee940262ce8c4739bc55849dfe05bd2254ce853
313,0.09097525473071325,0.0005,0x0f657c396dfcd6c59bb82b89fc3adbe5f90ce153,2017-09-16T15:15:43.000Z,0.005496,0x2bc2ca2a7b3e6edef35223a211ac3b0b9b8d4346,buy,0xe5a7c12972f3bbfe70ed29521c8949b8af6a0970,0xafcc1b8863fe8c8019e6ba25e7cb2e20a21d76318dc7a3ac5cba4ec4107b027c
314,0.09097525473071325,0.0005,0x1f8ac99600c61189d92c85cc760735b9e0067a60,2017-09-16T14:40:02.000Z,0.005496,0x2bc2ca2a7b3e6edef35223a211ac3b0b9b8d4346,buy,0xe5a7c12972f3bbfe70ed29521c8949b8af6a0970,0xe6d1333c4b7e35d9cdc0d17a56dad447ad684e46a82c2cff609eee40640ef905
315,1121.009541822161,6.159947432312776,0xa9d33755afe205b037817a14d67d8fc2a874d8e9,2017-09-15T22:17:14.000Z,0.005495,0x218c31fd147173c981aa857f9cfb4cb8780a34f5,buy,0xe5a7c12972f3bbfe70ed29521c8949b8af6a0970,0x9304c4d44fb6e3c5d6aa0d6d179dc323a6bedf2a5e65d4704fb10909919f8472
316,80.073,0.440001135,0xabb3613d01388a8d3c79b86fde98a50ae685b1c4,2017-09-15T21:27:22.000Z,0.005495,0x218c31fd147173c981aa857f9cfb4cb8780a34f5,buy,0xe5a7c12972f3bbfe70ed29521c8949b8af6a0970,0x7fcf1be110a4a8fe9f523a29f2e3fd6037d2719cb922b14787ddf6c7bc44856a
317,72.4,0.397114,0x000636e406605d8a4e7ce06a38949ff03df0046a,2017-09-15T20:07:49.000Z,0.005485,0x218c31fd147173c981aa857f9cfb4cb8780a34f5,sell,0xe5a7c12972f3bbfe70ed29521c8949b8af6a0970,0x86ae77817ee7b3598329a3e009397772db3ab71f699a00e52ef82efc5ada3b2b
318,1.2699485099376644,0.006978367062107466,0x1860a83e84a63d77603544426fc7a6f15a82de91,2017-09-15T18:22:54.000Z,0.005495,0x218c31fd147173c981aa857f9cfb4cb8780a34f5,buy,0xe5a7c12972f3bbfe70ed29521c8949b8af6a0970,0x7e813d997d0153add89ffdfeaf23ecbd75bab2a5b53a49975bed8406353a3949
319,5.46,0.0300027,0x636ced2ae3a0e35195a85236d444f21552a31373,2017-09-15T17:52:30.000Z,0.005495,0x218c31fd147173c981aa857f9cfb4cb8780a34f5,buy,0xe5a7c12972f3bbfe70ed29521c8949b8af6a0970,0x177a9355aa5286c049ff07c278d9cd63275354c33d032ecc299957b815f56933
320,189.6075096679012,1.0418932656251172,0x636ced2ae3a0e35195a85236d444f21552a31373,2017-09-15T17:44:00.000Z,0.005495,0x218c31fd147173c981aa857f9cfb4cb8780a34f5,buy,0xe5a7c12972f3bbfe70ed29521c8949b8af6a0970,0xe66580978b4293108919fc5dbbb7b7ecd814995f8974f185eac6fadba63fbb30
321,81.7,0.437095,0x000636e406605d8a4e7ce06a38949ff03df0046a,2017-09-15T17:18:14.000Z,0.00535,0x218c31fd147173c981aa857f9cfb4cb8780a34f5,sell,0xe5a7c12972f3bbfe70ed29521c8949b8af6a0970,0x66e519f1ee73d74b3cf0e338e7811a171b1c49b37f8dfc947263ac0f97731f6d
322,1,0.005496,0x35ca1f6ccca60fff19178af476ce18caa3a4a169,2017-09-15T05:11:23.000Z,0.005496,0x2bc2ca2a7b3e6edef35223a211ac3b0b9b8d4346,buy,0xe5a7c12972f3bbfe70ed29521c8949b8af6a0970,0x6b34b3ede124be847868b57437c72a75ad916fc840d96ccb400c1309465b5d52
323,291.9213959619031,1.6043999922066194,0x82a9b828d33f85b65542512d6bca21e3b4383952,2017-09-15T03:57:22.000Z,0.005496,0x2bc2ca2a7b3e6edef35223a211ac3b0b9b8d4346,buy,0xe5a7c12972f3bbfe70ed29521c8949b8af6a0970,0x65e867abb912738787e30540575ac81943af4ab0dc257c2d991eca6e6954d835
324,977.909,5.374587864,0x82a9b828d33f85b65542512d6bca21e3b4383952,2017-09-15T03:49:11.000Z,0.005496,0x218c31fd147173c981aa857f9cfb4cb8780a34f5,buy,0xe5a7c12972f3bbfe70ed29521c8949b8af6a0970,0xc4ea35b9216d140d16b4034d4fb575445be66e03aa9951f8cb7a3905e38a2344
325,0.09097525473071325,0.0005,0x8b24d80c6dd6e1af5a000e03ca8f00886a05f6f5,2017-09-15T03:32:48.000Z,0.005496,0x218c31fd147173c981aa857f9cfb4cb8780a34f5,buy,0xe5a7c12972f3bbfe70ed29521c8949b8af6a0970,0xe11eaaf969f26505258ed4995fd9ad3ef75d0a15be7f178a34bcc25388b6a1f1
326,73.84515409637531,0.39876383212042665,0xa278fd32101cfe3c3f0108748eb27eff6a96f48b,2017-09-14T17:18:29.000Z,0.0054,0x73fab916da49f62b9fc87f542d5b2d59bd8c3494,buy,0xe5a7c12972f3bbfe70ed29521c8949b8af6a0970,0x0515265b714e3661ee7f452a802eea95d00dcde0377c6791969bd6ef2154837d
327,625,3.375,0x000636e406605d8a4e7ce06a38949ff03df0046a,2017-09-14T15:57:54.000Z,0.0054,0x73fab916da49f62b9fc87f542d5b2d59bd8c3494,sell,0xe5a7c12972f3bbfe70ed29521c8949b8af6a0970,0x0a301ceb3ff97f4a0dd341596c3d8b7d6187b76400ab384abc4cc85aa3f92eed
328,1,0.005496,0xc3a0dba2ac58de472a068174610bf320499f291f,2017-09-14T05:21:50.000Z,0.005496,0x218c31fd147173c981aa857f9cfb4cb8780a34f5,buy,0xe5a7c12972f3bbfe70ed29521c8949b8af6a0970,0xad3c4fbbfbe7e53305e1d7b04821ee7a6b87fbc1250b7b2ab0873786c68cffaa
329,20,0.10992,0x18a6cbd268eef4ec450af59b7e8bf2710efc5ebb,2017-09-13T22:24:38.000Z,0.005496,0x218c31fd147173c981aa857f9cfb4cb8780a34f5,buy,0xe5a7c12972f3bbfe70ed29521c8949b8af6a0970,0xee33623fdca80dc6a0e6532134442072da110770f8d8159a6b6db6c84460d189
330,0.08955758552749418,0.0005,0x4c2fb430e95954bcfa54ce4741a9fc2ff6e415ad,2017-09-13T20:30:21.000Z,0.005583,0x218c31fd147173c981aa857f9cfb4cb8780a34f5,buy,0xe5a7c12972f3bbfe70ed29521c8949b8af6a0970,0xa98df026f76fb79079b5ddae0d2ecc544fe378837104e36575c5cbd5a9de86f9
331,190,1.060618,0x2cd6ca73bc46fcf801430ce45ddefe62eff4deb8,2017-09-13T18:26:26.000Z,0.0055822,0x218c31fd147173c981aa857f9cfb4cb8780a34f5,buy,0xe5a7c12972f3bbfe70ed29521c8949b8af6a0970,0x7d2ecc114ef6e5fbfba29fbeb780e50a338b329cd5d68f8985d3e5f78e516238
332,57.21,0.3193548015,0x2cd6ca73bc46fcf801430ce45ddefe62eff4deb8,2017-09-13T18:19:49.000Z,0.00558215,0x218c31fd147173c981aa857f9cfb4cb8780a34f5,buy,0xe5a7c12972f3bbfe70ed29521c8949b8af6a0970,0x4457983277f34ba2c015f435cb753cb1376f9c58e28886bdb7618e1d114cabe1
333,200,1.11656,0x2cd6ca73bc46fcf801430ce45ddefe62eff4deb8,2017-09-13T14:21:28.000Z,0.0055828,0x6c36f3c98a409911a148272740b32ba5a64ee5b1,buy,0xe5a7c12972f3bbfe70ed29521c8949b8af6a0970,0x36989bfa2013cac8343515e9e6d8037573a91862b9caff25835fd6686b80e39d
334,559.229,3.1220077383,0x2cd6ca73bc46fcf801430ce45ddefe62eff4deb8,2017-09-13T14:21:03.000Z,0.0055827,0x218c31fd147173c981aa857f9cfb4cb8780a34f5,buy,0xe5a7c12972f3bbfe70ed29521c8949b8af6a0970,0x731b9192f1a6a9546568b38c60f2468e46121189ae76bfe4b9f0a28f13b9d2bd
335,214.27395600237867,1.19629149636128,0x900a63741eef5a42a769676421cd4567ef539270,2017-09-13T13:52:12.000Z,0.005583,0x218c31fd147173c981aa857f9cfb4cb8780a34f5,buy,0xe5a7c12972f3bbfe70ed29521c8949b8af6a0970,0x53e6ca2e476bf874a497ff87ae5d1653b76308e5017dff353d1e441a64a9bf0b
336,703.868,3.9294838836,0x2cd6ca73bc46fcf801430ce45ddefe62eff4deb8,2017-09-13T13:47:45.000Z,0.0055827,0x218c31fd147173c981aa857f9cfb4cb8780a34f5,buy,0xe5a7c12972f3bbfe70ed29521c8949b8af6a0970,0xd3bdc0c95162303c6f3aeffd5c53e018538c5d75f3997d5fcaaf3c3149bfbdfa
337,17.912,0.0999973224,0xabb3613d01388a8d3c79b86fde98a50ae685b1c4,2017-09-13T13:36:41.000Z,0.0055827,0x218c31fd147173c981aa857f9cfb4cb8780a34f5,buy,0xe5a7c12972f3bbfe70ed29521c8949b8af6a0970,0x267b67f5b6d570d53dfe0f524aca3a9a0c45ae009a1ac703eb6a24c25042a796
338,162.5509744625301,0.9074733251319667,0x4983876af68e19aae8a99dfaba16b15453244022,2017-09-13T11:12:17.000Z,0.0055827,0x218c31fd147173c981aa857f9cfb4cb8780a34f5,buy,0xe5a7c12972f3bbfe70ed29521c8949b8af6a0970,0x14338b9f18937339bf81bf52619728a3e275a653808657639e51af80e7fdc46d
339,65.40325634081006,0.3658658159704915,0x56fd388ad87ffa562168146fb8b55a997351ce39,2017-09-13T00:43:27.000Z,0.005594,0x218c31fd147173c981aa857f9cfb4cb8780a34f5,buy,0xe5a7c12972f3bbfe70ed29521c8949b8af6a0970,0x0da366aea3259e3cdec4a78d41feab39805030ae31be0da124f050d827b8e6fc
340,0.000328711092569834,0.0657422185139669,0xc6f781aba6232641260eb66ea49889728d244234,2017-09-13T00:09:21.000Z,200.0000000000003,0x039e268d7ebfd77683be1531705a8559f2e4194d,buy,0xe5a7c12972f3bbfe70ed29521c8949b8af6a0970,0x0274a5aa34bc55df341bc17d57b935235a19c610baa03eaaf3097674539cdfbc
341,1,0.005594,0xc6f781aba6232641260eb66ea49889728d244234,2017-09-13T00:04:01.000Z,0.005594,0x218c31fd147173c981aa857f9cfb4cb8780a34f5,buy,0xe5a7c12972f3bbfe70ed29521c8949b8af6a0970,0x33cf4dc1e2032112867675e7111b90688a2c13b40294add0ee7b690d8214cdaf
342,0.011,0.000055835285,0xf187eb34073c29ed27a39fb07f3cdd5ad75c99be,2017-09-12T23:51:45.000Z,0.005075935,0x0a1e30218d1127af6ca5cec19c73bef76d38cb6a,sell,0xe5a7c12972f3bbfe70ed29521c8949b8af6a0970,0xd71f248a0c8a30cbe30486f045c47a40a19cb30a130db7c501370680c6b4462e
343,3.292474230992254,0.01841810084817067,0x55b7948a7561719f053ce7d6aa5b44bfe40158b3,2017-09-12T23:44:52.000Z,0.005594,0x218c31fd147173c981aa857f9cfb4cb8780a34f5,buy,0xe5a7c12972f3bbfe70ed29521c8949b8af6a0970,0xbf54ba078e3257490e9f434a996db6c2f13efa3a25c6f5aba55039c38556ae4a
344,0.000016748080949057,0.0050244242847171,0x7312107bcffea8aa5e94773c3922420936fee52a,2017-09-12T23:33:25.000Z,300,0xccd41fd2dc66d60460351afad6297ea3d00b7fb9,sell,0xe5a7c12972f3bbfe70ed29521c8949b8af6a0970,0x6e3d297d5ebacc0f67cb07782bc72dae9596af6759c87ccbd68ad251f1cfef1c
345,1,0.005594,0xd6f29f2fb0a1dc783aeab42ce7ce9276f8e14a54,2017-09-12T23:33:18.000Z,0.005594,0x218c31fd147173c981aa857f9cfb4cb8780a34f5,buy,0xe5a7c12972f3bbfe70ed29521c8949b8af6a0970,0x845d9d53a405c18513004f5f37561a85e836d350b7ddd27365e14b49f5a5f575
346,0.0000168,0.0000000939792,0xccd41fd2dc66d60460351afad6297ea3d00b7fb9,2017-09-12T23:29:33.000Z,0.005594,0x218c31fd147173c981aa857f9cfb4cb8780a34f5,buy,0xe5a7c12972f3bbfe70ed29521c8949b8af6a0970,0x2238073ba0660a80d11239b8ae27d9350e2256a4cff6e7f4770deb1ab51afd4b
347,6,0.033564,0x48eaedfa6ab55f414a433f0778f55ed9b827e822,2017-09-12T22:25:17.000Z,0.005594,0x218c31fd147173c981aa857f9cfb4cb8780a34f5,buy,0xe5a7c12972f3bbfe70ed29521c8949b8af6a0970,0x0f1d26b2f61924015d4cd28b4a8977dd41cddf8dca459f6ac1627a334f34213a
348,0.1,0.0005594,0xdbbae39c54992479faac890e81eb4d8579b951d6,2017-09-12T22:10:25.000Z,0.005594,0x218c31fd147173c981aa857f9cfb4cb8780a34f5,buy,0xe5a7c12972f3bbfe70ed29521c8949b8af6a0970,0x78826b5397406966ef484aae1f9049ebc3a3c9a3519dfdfecf997f20dd5ed2ec
349,0.1,0.0005594,0x153685a03c2025b6825ae164e2ff5681ee487667,2017-09-12T22:07:41.000Z,0.005594,0x218c31fd147173c981aa857f9cfb4cb8780a34f5,buy,0xe5a7c12972f3bbfe70ed29521c8949b8af6a0970,0xf63f273f6532461c0396e3ec0ad4e677c268b262f47de01b74d614cf9c48dc0b
350,0.5,0.002797,0x5d755ef2efebd5fe534d930f32ed760c78f88d2a,2017-09-12T21:59:39.000Z,0.005594,0x218c31fd147173c981aa857f9cfb4cb8780a34f5,buy,0xe5a7c12972f3bbfe70ed29521c8949b8af6a0970,0xbc64a029621b7c434a798fb97d81a5e9ebb847c0087e84b79ed7540203a50a5c
351,106.94407062062382,0.5982451310517696,0x5337ccee6722c9accf9b5f8ad32aa9fda20418a9,2017-09-12T21:53:52.000Z,0.005594,0x218c31fd147173c981aa857f9cfb4cb8780a34f5,buy,0xe5a7c12972f3bbfe70ed29521c8949b8af6a0970,0x9cf539e211ef49915f831370927e0cb5a50e793f3fde2bdeedb686bab5e1341f
352,0.0055832,1.67496,0x7312107bcffea8aa5e94773c3922420936fee52a,2017-09-12T21:51:34.000Z,300,0x7aa6e2506316f6d613277d4f2f4e4e1dc55e528e,sell,0xe5a7c12972f3bbfe70ed29521c8949b8af6a0970,0x7a0e55d548f923b507d3d774a671b04b45492c436674a421365e6271c737624b
353,0.0056,0.0000313264,0x7aa6e2506316f6d613277d4f2f4e4e1dc55e528e,2017-09-12T21:51:34.000Z,0.005594,0x218c31fd147173c981aa857f9cfb4cb8780a34f5,buy,0xe5a7c12972f3bbfe70ed29521c8949b8af6a0970,0x7a0e55d548f923b507d3d774a671b04b45492c436674a421365e6271c737624b
354,82.76924559695203,0.44860931113548,0xc3b6b2adfc0cc7dc86934c470ae7df1647bfa5a1,2017-09-12T19:49:36.000Z,0.00542,0x0a1e30218d1127af6ca5cec19c73bef76d38cb6a,buy,0xe5a7c12972f3bbfe70ed29521c8949b8af6a0970,0xd092be68cfa399eee61053536b9d160c1055b08453b1ad8f6fa0798b4cafa50b
355,64.391,0.34899922,0xe76bb963484a06ca518ad582623a99f439e8a6d5,2017-09-12T12:07:40.000Z,0.00542,0x0a1e30218d1127af6ca5cec19c73bef76d38cb6a,buy,0xe5a7c12972f3bbfe70ed29521c8949b8af6a0970,0x6d82e88e5f30a29b2494537619023c523fcbe29b9e4d5ac469a8ad9a852daeab
356,147.171,0.7976668052829,0xe76bb963484a06ca518ad582623a99f439e8a6d5,2017-09-12T12:02:44.000Z,0.0054199999,0x218c31fd147173c981aa857f9cfb4cb8780a34f5,buy,0xe5a7c12972f3bbfe70ed29521c8949b8af6a0970,0xbcc4fa5046a89aa41897fb41837d6c8be7276259803ceacf96052ff9be69d3f6
357,147.171,0.7976668052829,0xe76bb963484a06ca518ad582623a99f439e8a6d5,2017-09-12T12:01:18.000Z,0.0054199999,0x218c31fd147173c981aa857f9cfb4cb8780a34f5,buy,0xe5a7c12972f3bbfe70ed29521c8949b8af6a0970,0xbcc4fa5046a89aa41897fb41837d6c8be7276259803ceacf96052ff9be69d3f6
358,10,0.0542,0x18a6cbd268eef4ec450af59b7e8bf2710efc5ebb,2017-09-11T13:47:32.000Z,0.00542,0x0a1e30218d1127af6ca5cec19c73bef76d38cb6a,buy,0xe5a7c12972f3bbfe70ed29521c8949b8af6a0970,0xd1e4ae526be82e65e4ddd66f65ab70be791b4ca76804ff3e5a1d2bf9b8589b11
359,27.675,0.1499985,0x486b26debfe5c5b8f180148b096c2f1f751ef94e,2017-09-11T12:16:31.000Z,0.00542,0x0a1e30218d1127af6ca5cec19c73bef76d38cb6a,buy,0xe5a7c12972f3bbfe70ed29521c8949b8af6a0970,0x70475d787248354af035e301a2e7a3ec0b84e0ca7372f6418ad48a18f1e38ee4
360,65,0.3523,0x486b26debfe5c5b8f180148b096c2f1f751ef94e,2017-09-11T11:44:43.000Z,0.00542,0x0a1e30218d1127af6ca5cec19c73bef76d38cb6a,buy,0xe5a7c12972f3bbfe70ed29521c8949b8af6a0970,0xaeb4c6cb387dd7d7f92c16b82e14af4f94f551269045d62970894258a666caed
361,200,1.084,0x6c36f3c98a409911a148272740b32ba5a64ee5b1,2017-09-11T06:57:26.000Z,0.00542,0x0a1e30218d1127af6ca5cec19c73bef76d38cb6a,buy,0xe5a7c12972f3bbfe70ed29521c8949b8af6a0970,0xb9e45b641543a96bf3ce616d1648e207242d0e0c74d4b86a17137cb82acb64d2
362,70,0.3794,0xe1226c4d0a752a3ef42ee783aa1b4ac1abe47a8e,2017-09-11T03:14:13.000Z,0.00542,0x0a1e30218d1127af6ca5cec19c73bef76d38cb6a,buy,0xe5a7c12972f3bbfe70ed29521c8949b8af6a0970,0x6b6ab2b61fc8d1090420ff965c3d2d4c40995c6802ee27031cac0cb4f16b78de
363,778.9486140016995,4.159585598769075,0x7555e149572f92d63d2504e5e7a31d502d7c37fc,2017-09-11T01:56:22.000Z,0.00534,0x0a1e30218d1127af6ca5cec19c73bef76d38cb6a,sell,0xe5a7c12972f3bbfe70ed29521c8949b8af6a0970,0xf8645ec12349a4327ea52e8f1b03960b11a815f33c6306bb397ef2fc2afb0d7b
364,116.05124116686586,0.6197136278310637,0x7555e149572f92d63d2504e5e7a31d502d7c37fc,2017-09-10T23:50:41.000Z,0.00534,0x78cd811cbe7cbd320f36868ae33494c7eea39e08,sell,0xe5a7c12972f3bbfe70ed29521c8949b8af6a0970,0xa504f11a1fef1d75e99f76d268d5e325c7cbad7d3f38bdb3b4d3887cdadbe604
365,0.000144831434651466,0.000000773399861038,0x7555e149572f92d63d2504e5e7a31d502d7c37fc,2017-09-10T23:44:07.000Z,0.00533999999999428,0x78cd811cbe7cbd320f36868ae33494c7eea39e08,sell,0xe5a7c12972f3bbfe70ed29521c8949b8af6a0970,0x5a77aeb3f4348400c7bfddcec25d096bae53fdf58b9db5f5d3de975547f9b05e
366,20,0.10889998,0x96373170538a83c7674ef92f41d195203a8abe09,2017-09-10T23:02:10.000Z,0.005444999,0x218c31fd147173c981aa857f9cfb4cb8780a34f5,buy,0xe5a7c12972f3bbfe70ed29521c8949b8af6a0970,0xb0a953536724bf719bf4dad342542eac0903e3519e2fd56105724b12856c15c3
367,0.1,0.0005444999,0x9f24eeb3cba38b77ce6e230f9c5cb0f249b95da5,2017-09-10T22:48:15.000Z,0.005444999,0x218c31fd147173c981aa857f9cfb4cb8780a34f5,buy,0xe5a7c12972f3bbfe70ed29521c8949b8af6a0970,0xabeef11f410bb461ddd33f517eeba80890fb733fcb7cbce222f254c4234c7714
368,0.005340001,1.6020003,0x218c31fd147173c981aa857f9cfb4cb8780a34f5,2017-09-10T22:34:45.000Z,300,0xa31898192152435e1f838aa527ab219cfa2d992b,sell,0xe5a7c12972f3bbfe70ed29521c8949b8af6a0970,0x81a5e33c0dae296100c228c03a740ef878924fcee8ca782852bce8039f0c26df
369,340.09633139939973,1.8518245244697316,0x80a73733c9a52d617f0ddb1f33bf17b2a7e20de8,2017-09-10T22:28:34.000Z,0.005445,0x218c31fd147173c981aa857f9cfb4cb8780a34f5,sell,0xe5a7c12972f3bbfe70ed29521c8949b8af6a0970,0x74b25c8dfe0213420461da428a24f3f01f917d90696034b6666eb98220c42a5c
370,98.7,0.5374215,0x80a73733c9a52d617f0ddb1f33bf17b2a7e20de8,2017-09-10T22:21:00.000Z,0.005445,0x538a9cf11f7631869b0b37490610522306751be6,sell,0xe5a7c12972f3bbfe70ed29521c8949b8af6a0970,0x77428ecc512b84c7b67a25dfa0b81637b6738b3474804e20d7c6ff97ebf4e93c
371,172.87970667796483,0.9413299855735479,0x80a73733c9a52d617f0ddb1f33bf17b2a7e20de8,2017-09-10T22:19:24.000Z,0.0054449999,0x218c31fd147173c981aa857f9cfb4cb8780a34f5,buy,0xe5a7c12972f3bbfe70ed29521c8949b8af6a0970,0x20b93fb1956317cee837962f8b3f9e606254d337547f6984b2b79fe39fb671c7
372,1819.9502933214842,9.909629165140451,0xc89ee3c402aee7be058883958a036f5036a47dcb,2017-09-10T21:19:44.000Z,0.0054449999,0x218c31fd147173c981aa857f9cfb4cb8780a34f5,buy,0xe5a7c12972f3bbfe70ed29521c8949b8af6a0970,0xe2a221d88296caf878b0680490b222beb4b90e931b0240243c4c0cf8a69c8353
373,670,3.57043067,0x218c31fd147173c981aa857f9cfb4cb8780a34f5,2017-09-10T20:57:57.000Z,0.005329001,0x2bc2ca2a7b3e6edef35223a211ac3b0b9b8d4346,sell,0xe5a7c12972f3bbfe70ed29521c8949b8af6a0970,0x54e106720cfda22a59d420fd72bc98e522c19e2b3abc8b6f7911f61fc7100259
374,18.3,0.09964349817,0x900a63741eef5a42a769676421cd4567ef539270,2017-09-10T11:52:46.000Z,0.0054449999,0x218c31fd147173c981aa857f9cfb4cb8780a34f5,buy,0xe5a7c12972f3bbfe70ed29521c8949b8af6a0970,0xd02eb0c7a80a9030bd960846ad30de3fb3bd7a574ea91951cd29c8c3cda73904
375,1,0.0054449999,0x0024a5046fd95c5eee6db19a69ef7ed3bacd50f1,2017-09-10T11:50:34.000Z,0.0054449999,0x218c31fd147173c981aa857f9cfb4cb8780a34f5,buy,0xe5a7c12972f3bbfe70ed29521c8949b8af6a0970,0x58ba860208e02e13605366f9b46fdeaeb9a78d355e623480ded14648ae36f897
376,10.030000000550965,0.054613349,0xdd5ed75a9175b77685cfd27124f86b3a6c053660,2017-09-10T11:25:56.000Z,0.0054449999,0x218c31fd147173c981aa857f9cfb4cb8780a34f5,buy,0xe5a7c12972f3bbfe70ed29521c8949b8af6a0970,0x8b5a6d67a9d5c4a3f5eef06d9a8bd617c9f42ff60c914dc7af5fc362aa85af47
377,9.9998097,0.0599988582,0xa96460d4b7a12d2d46e053c73fc117609bab904a,2017-09-10T11:25:56.000Z,0.006,0xdd5ed75a9175b77685cfd27124f86b3a6c053660,sell,0xe5a7c12972f3bbfe70ed29521c8949b8af6a0970,0x8b5a6d67a9d5c4a3f5eef06d9a8bd617c9f42ff60c914dc7af5fc362aa85af47
378,30.7349950149552,0.1690424725822536,0xfb750ace42f4cd8274b7da2264cd9a9001366e22,2017-09-10T09:37:34.000Z,0.0055,0x218c31fd147173c981aa857f9cfb4cb8780a34f5,sell,0xe5a7c12972f3bbfe70ed29521c8949b8af6a0970,0x1b7b36633309d3048da2045c7188ef6464df4e01a7486f45e5127b5fcebd68df
