,amount,amountBase,buyer,date,price,seller,side,tokenAddr,txHash
0,1,0.0000499,0xdd94736409e42ae626f22296349182378dd53b0a,2017-11-02T09:55:51.000Z,0.0000499,0xdd94736409e42ae626f22296349182378dd53b0a,buy,0x2bdc0d42996017fce214b21607a515da41a9e0c5,0x1c64fe81e32ae95af89f8aed3f71a0f509dcc3d25053770b6db28569de59c4df
1,1.24353,0.0000479878227,0xdd94736409e42ae626f22296349182378dd53b0a,2017-11-02T08:26:13.000Z,0.00003859,0xc2ef3492077355a26a7bd24386a15e1346c07ef0,sell,0x2bdc0d42996017fce214b21607a515da41a9e0c5,0x8a556f0a87feabd4c137a8c2493b48a56b05243300594c2ce28d93c00083da9e
2,4200,0.21,0x724ff85cb0a7130e2d3d451a48ceb6dae442553c,2017-11-02T04:38:26.000Z,0.00005,0x53b9fb035001e1d4790110cfb25adcbaa92d1bc3,buy,0x2bdc0d42996017fce214b21607a515da41a9e0c5,0x22cdbed4938eb6d29b5ae7c7943fb799bc45c4866b117b55fbccee93d5895d63
3,702.6301,0.02691073283,0x254fb89e4cab71708eaab16e067ca8156a38e18a,2017-11-02T00:50:20.000Z,0.0000383,0xa54ffa43d11698bc300d924781518b71dd10f0a8,sell,0x2bdc0d42996017fce214b21607a515da41a9e0c5,0x0bac66020d9572bdfa2f9dd60d54f5640e29da826e580d82e54f463f72d990ea
4,20000,1.02,0x89ed71207f0a87ee5d9e1edb37e013361c417dc9,2017-11-01T21:59:48.000Z,0.000051,0x5be955ac285f5938aac1d0b04f0cda43e27a7330,buy,0x2bdc0d42996017fce214b21607a515da41a9e0c5,0xb369cb5ace281fcd92f3acd72741c1bd3a1f6485c2714040025ebe72f2b57781
5,2278.201,0.11391005,0x89ed71207f0a87ee5d9e1edb37e013361c417dc9,2017-11-01T21:57:12.000Z,0.00005,0xc5dfad47d9a344c673d75aea4df2f911d567f77d,buy,0x2bdc0d42996017fce214b21607a515da41a9e0c5,0xe52ee168a32334f37fe578cd8156835dbf7fedf5fe7d244d1cbe1597885618c1
6,2872.0965,0.10942687665,0xdd94736409e42ae626f22296349182378dd53b0a,2017-11-01T21:49:10.000Z,0.0000381,0xbb325a2ee38566c7a03010b2c4929fd99861bf36,sell,0x2bdc0d42996017fce214b21607a515da41a9e0c5,0x1ae324591dbccbcc65050313b095adbf6e6bbf1e1c0758507c5a90e361a17900
7,753.249679,0.03766248398439254,0x028b7a40a056b4130ac2a69126a714a309441f22,2017-11-01T19:32:07.000Z,0.00005000000004565888,0xc5dfad47d9a344c673d75aea4df2f911d567f77d,buy,0x2bdc0d42996017fce214b21607a515da41a9e0c5,0x87a0d3d372814c5b24a304a2e86ef889b3bfba46e47604ef748b9ecd9cadf5d6
8,2000,0.1,0x028b7a40a056b4130ac2a69126a714a309441f22,2017-11-01T19:29:35.000Z,0.00005,0x53b9fb035001e1d4790110cfb25adcbaa92d1bc3,buy,0x2bdc0d42996017fce214b21607a515da41a9e0c5,0x0ee91e32462851bdcb514db93855fe42e55597ccce590410dcdf38c75debfe98
9,2000,0.098,0x028b7a40a056b4130ac2a69126a714a309441f22,2017-11-01T19:29:35.000Z,0.000049,0x53b9fb035001e1d4790110cfb25adcbaa92d1bc3,buy,0x2bdc0d42996017fce214b21607a515da41a9e0c5,0xfde1f1898a11a2e6676849d3fbefafff11bcfebc9c8e034ee6e5606f796e036b
10,2000,0.094,0x028b7a40a056b4130ac2a69126a714a309441f22,2017-11-01T19:29:25.000Z,0.000047,0x53b9fb035001e1d4790110cfb25adcbaa92d1bc3,buy,0x2bdc0d42996017fce214b21607a515da41a9e0c5,0x0ec1536f372adc66e374f70dbf3817157622313f55c36160decf298f748cf59e
11,8787,0.395415,0x028b7a40a056b4130ac2a69126a714a309441f22,2017-11-01T19:27:15.000Z,0.000045,0x1a73697f496ea3ef8914e992e7f126ac01a710a2,buy,0x2bdc0d42996017fce214b21607a515da41a9e0c5,0x1ee7ad7a9f646e080da5eacbbeccd8b27e9d14f76aefb4381a2937f5a8e3d66a
12,6135,0.27601365,0x028b7a40a056b4130ac2a69126a714a309441f22,2017-11-01T19:26:41.000Z,0.00004499,0xd7530505e648ed8a54ff6872be8774bce4f4a48e,buy,0x2bdc0d42996017fce214b21607a515da41a9e0c5,0x40f20a0fd255b6665af2dbfafcd857190d8a38d6860a6a2989f1429647971906
13,2000,0.09,0x028b7a40a056b4130ac2a69126a714a309441f22,2017-11-01T19:26:41.000Z,0.000045,0x53b9fb035001e1d4790110cfb25adcbaa92d1bc3,buy,0x2bdc0d42996017fce214b21607a515da41a9e0c5,0x6a2cdd58d5c065b35af8080bf21f2dfadf76e9cf4fbdbc1019045188540a12d0
14,2000,0.088,0x028b7a40a056b4130ac2a69126a714a309441f22,2017-11-01T19:26:24.000Z,0.000044,0x53b9fb035001e1d4790110cfb25adcbaa92d1bc3,buy,0x2bdc0d42996017fce214b21607a515da41a9e0c5,0x54b783f9256b62c1b75143b009063c6c5c1887cb14e700f86ce94649528b08b0
15,2350,0.103165,0x028b7a40a056b4130ac2a69126a714a309441f22,2017-11-01T19:26:24.000Z,0.0000439,0x947d19efbca9b0f8801352c8b0f52263656aa9b2,buy,0x2bdc0d42996017fce214b21607a515da41a9e0c5,0xc789b7e24a145bffae3f9cc0bfa80d35d1ee7e87ec523d2ff9ab99ed11941c04
16,4039.828634,0.17371263127992784,0x028b7a40a056b4130ac2a69126a714a309441f22,2017-11-01T19:26:12.000Z,0.00004300000000443777,0xde8675199e28bb080f17f415825f5c1b4bc0fd2b,buy,0x2bdc0d42996017fce214b21607a515da41a9e0c5,0x2253e3485b6dc6fb5bc44f25dee29d3062e4058499784b085de5df6364c67135
17,5193.955303,0.22334007806012707,0x9d757026c1d4c838f39c8e6ededd9e190e3d1458,2017-11-01T17:57:53.000Z,0.00004300000000599293,0xde8675199e28bb080f17f415825f5c1b4bc0fd2b,buy,0x2bdc0d42996017fce214b21607a515da41a9e0c5,0x9216a170cf6a59ac5fe7c526ad0c1f0723b8f31ff9a1500542e0975cfab682f8
18,66.216061,0.002847290659945098,0xd9506d4abeb2862fa270e94083894eddd324d88b,2017-11-01T10:58:30.000Z,0.00004300000055794768,0xde8675199e28bb080f17f415825f5c1b4bc0fd2b,buy,0x2bdc0d42996017fce214b21607a515da41a9e0c5,0xedfafeb56d6dc4a3a75f6639cb37841ede9f2c2bc27931da48716df10d41f534
19,1000,0.043,0xd9506d4abeb2862fa270e94083894eddd324d88b,2017-11-01T10:57:09.000Z,0.000043,0xbde166024b8e84042dd97dc292b130bf0cc715fa,buy,0x2bdc0d42996017fce214b21607a515da41a9e0c5,0xaf1fa6975cd29e6f78291fb54007995d260e3a7ee10298775bdfb9bbb5c4416d
20,833,0.0309876,0xb72c63deadd58c97a7c2f2d00704b0c74352f05e,2017-10-31T15:31:10.000Z,0.0000372,0x12dc169f15a10c095a3ff235f9d7ffd6a1d19a13,buy,0x2bdc0d42996017fce214b21607a515da41a9e0c5,0x28a188bba92ab53cf3e289212a50a2ca0a5da937020f9dfbc6faaaf7b89c5bf4
21,11248.852557,0.4184573151204,0x4a5400fb0e3b62317d3d58b647b0c0b902ba8573,2017-10-31T15:24:57.000Z,0.0000372,0xd84eba3e7f9661dcd31425dfcbb244544c444c2e,sell,0x2bdc0d42996017fce214b21607a515da41a9e0c5,0x03c820210aae19b207a2e30a822306cd0de66e8925c8cf9391c445879e566833
22,650,0.028535,0xd9506d4abeb2862fa270e94083894eddd324d88b,2017-10-31T15:09:15.000Z,0.0000439,0x947d19efbca9b0f8801352c8b0f52263656aa9b2,buy,0x2bdc0d42996017fce214b21607a515da41a9e0c5,0xf5beea0ac2e89cfe05046c3e49ab383feba9500936fe430e9f2a0e75dbdf4c9d
23,9.9,0.0003663099,0x3b659a2aca1bc346919619a9cbaeb8ec4fd79de0,2017-10-31T05:44:39.000Z,0.000037001,0xe444a40689f51f63bcd29910622035707d533d29,sell,0x2bdc0d42996017fce214b21607a515da41a9e0c5,0xb6e4f213d6fbe0de0c0874f62555cb0c0980db71551bf9a5f138b3666b0ba8b8
24,0.001,0.00000005,0x0c4085d8e714ca77ac5f46cd2b80a92d238a7cd3,2017-10-31T01:09:50.000Z,0.00005,0xc5dfad47d9a344c673d75aea4df2f911d567f77d,buy,0x2bdc0d42996017fce214b21607a515da41a9e0c5,0x1b88d62cf5ab7a74d49ea56b7bdb1ee39b5294c08237d73b636a3f6171b9104c
25,1968.548084,0.09842740420645339,0x06595e2fa93082f8f0337c5767305a442eeb9ef6,2017-10-31T00:27:28.000Z,0.00005000000000327825,0xc5dfad47d9a344c673d75aea4df2f911d567f77d,buy,0x2bdc0d42996017fce214b21607a515da41a9e0c5,0xb3bb2a811133027e0a16b67ffaa26828c2529bd695843e55384c405dae67d602
26,2993.874,0.11975496,0xe7a5933516c81c003a52f42405644d3e3088ebda,2017-10-30T22:39:04.000Z,0.00004,0x1a73697f496ea3ef8914e992e7f126ac01a710a2,sell,0x2bdc0d42996017fce214b21607a515da41a9e0c5,0x30ad9d75b623b66b651e317a7a6f5a1a31647c57eb8052d072286cc31b184384
27,5500,0.2211,0xd7530505e648ed8a54ff6872be8774bce4f4a48e,2017-10-30T21:27:24.000Z,0.0000402,0x1a73697f496ea3ef8914e992e7f126ac01a710a2,sell,0x2bdc0d42996017fce214b21607a515da41a9e0c5,0xacb2bba3befc5f1a9f608ad40c060fbafedb9e5bc40ec638af1cc91f8387e508
28,862.725639,0.035371751199,0xdd94736409e42ae626f22296349182378dd53b0a,2017-10-30T21:26:08.000Z,0.000041,0x1a73697f496ea3ef8914e992e7f126ac01a710a2,sell,0x2bdc0d42996017fce214b21607a515da41a9e0c5,0x0b0c38d648ec37b91df15ff9cc26b209f320de5b779e683627a1316a786e800f
29,3000,0.12303,0x947d19efbca9b0f8801352c8b0f52263656aa9b2,2017-10-30T21:25:10.000Z,0.00004101,0x1a73697f496ea3ef8914e992e7f126ac01a710a2,sell,0x2bdc0d42996017fce214b21607a515da41a9e0c5,0x620f5b5914b5a9b088bbf0efc4428532f72d90d6b9dd73f980e04a1188ed5c36
30,15700,0.6438727,0x9e9fe67e73cb5251db10779bbb3aa9cd710764d8,2017-10-30T21:22:53.000Z,0.000041011,0x1a73697f496ea3ef8914e992e7f126ac01a710a2,sell,0x2bdc0d42996017fce214b21607a515da41a9e0c5,0xce3e33ea5961cc0110ccd2aa26f47bd12cd2d197efb54e10559647bc8fc87fc5
31,25000,1.0025,0xeebedcffa215c54b47486458a7484f9970b26187,2017-10-30T21:20:20.000Z,0.0000401,0x1a73697f496ea3ef8914e992e7f126ac01a710a2,sell,0x2bdc0d42996017fce214b21607a515da41a9e0c5,0xa9742462647107c27730f979eab524e2bd4017d0b96a18cdefc095b72d496d02
32,256,0.01024,0xdd94736409e42ae626f22296349182378dd53b0a,2017-10-30T17:50:53.000Z,0.00004,0xde8675199e28bb080f17f415825f5c1b4bc0fd2b,buy,0x2bdc0d42996017fce214b21607a515da41a9e0c5,0xa691e8ad4b23b4478c1435441baf9bcc721fd6a289fdcc95c0fb3a286920aa34
33,8.9,0.0003560089,0x9e9fe67e73cb5251db10779bbb3aa9cd710764d8,2017-10-30T02:57:21.000Z,0.000040001,0x379374d13077e8867ef31803c37baf9785a17c00,sell,0x2bdc0d42996017fce214b21607a515da41a9e0c5,0x40d4687c8d9034ab34a6d313b1d60dd4657985db3c5b816ed6f1415ff66d8502
34,752,0.049632,0x45c635e987e6077116d127e35e7b4b0cd9b27031,2017-10-29T18:12:45.000Z,0.000066,0xdd94736409e42ae626f22296349182378dd53b0a,sell,0x2bdc0d42996017fce214b21607a515da41a9e0c5,0xfeecc42696b5908ed6e0a4c5cfccd5a305fd5aa16579e11701f1e4c9339ac77a
35,10,0.00065,0x0b773d7819259d78757b26dc4148812d35676d8f,2017-10-29T16:27:06.000Z,0.000065,0x2d1c9539fb112bfcfc12c88ba56d7bddc804ed73,buy,0x2bdc0d42996017fce214b21607a515da41a9e0c5,0xa02856b9374d8a4a5ce324c487d5bbb16274bf80d6802050c1523129a0393220
36,3588.874489,0.14355497956,0xe7a5933516c81c003a52f42405644d3e3088ebda,2017-10-29T16:17:33.000Z,0.00004,0x6fa34230e1ed056261b2a1fdcc61947584b6b517,sell,0x2bdc0d42996017fce214b21607a515da41a9e0c5,0x33dea92a00d7a7fa274642b75875cb3ca3eef13a1b7a97577ce039e893cb9d9f
37,1742.597946,0.06970391784,0xe7a5933516c81c003a52f42405644d3e3088ebda,2017-10-29T13:42:18.000Z,0.00004,0x390107eb1f95edbac995de7565a5f90e13bc7575,sell,0x2bdc0d42996017fce214b21607a515da41a9e0c5,0x0a1007d39bd208c62edbed38495fbd9029a099a086ce528e5645c2e35e924536
38,0.031605,0.0000012642,0xe7a5933516c81c003a52f42405644d3e3088ebda,2017-10-29T12:21:13.000Z,0.00004,0x5aeda141ceb7323825fb57f8c0fae9a0a97a1674,sell,0x2bdc0d42996017fce214b21607a515da41a9e0c5,0xa57deaad5f0f0079c11d7c87c17941dfad777c9f2029483e229dbfc7b943c3cc
39,317.017246,0.01268068984,0xe7a5933516c81c003a52f42405644d3e3088ebda,2017-10-29T12:19:06.000Z,0.00004,0x5aeda141ceb7323825fb57f8c0fae9a0a97a1674,sell,0x2bdc0d42996017fce214b21607a515da41a9e0c5,0xde2619f80cc2b078210483695e42fa61a49ba960b4cea8cb04f33e8ad7039579
40,5.418554,0.0001983190764,0xe1e1d0d73eeb29d0632bc4c7871bfc74dbed0741,2017-10-29T08:11:44.000Z,0.0000366,0xd381c0210f7bdbc275e5d724e63b613481954508,sell,0x2bdc0d42996017fce214b21607a515da41a9e0c5,0x4fb1b74ba4bdb6e22e961f240edfc31642f4ef385c368f77fd90399fe56036fd
41,54353.510065,1.989338468379,0xe1e1d0d73eeb29d0632bc4c7871bfc74dbed0741,2017-10-29T08:09:27.000Z,0.0000366,0xd381c0210f7bdbc275e5d724e63b613481954508,sell,0x2bdc0d42996017fce214b21607a515da41a9e0c5,0x1d020ecd344a666026402ff960131c3207c36c690f2ca025535e07af72708c32
42,17000,0.629,0x2d1c9539fb112bfcfc12c88ba56d7bddc804ed73,2017-10-29T08:08:10.000Z,0.000037,0xd381c0210f7bdbc275e5d724e63b613481954508,sell,0x2bdc0d42996017fce214b21607a515da41a9e0c5,0x2102ee577491dcdd61a78eb3fd51123a5033b2e63398e466440a567fbf770d4b
43,165.452,0.007279888,0xe7a5933516c81c003a52f42405644d3e3088ebda,2017-10-29T08:08:10.000Z,0.000044,0xd381c0210f7bdbc275e5d724e63b613481954508,sell,0x2bdc0d42996017fce214b21607a515da41a9e0c5,0x3d6fd484a62dfc14dbf7d4d329b078389dae4e0f45ab79f80d257b954c87c60b
44,25,0.001100025,0xf36990a2cb4d609e0a7d4f3bf884c0342d81fd3d,2017-10-29T08:07:40.000Z,0.000044001,0xd381c0210f7bdbc275e5d724e63b613481954508,sell,0x2bdc0d42996017fce214b21607a515da41a9e0c5,0x5f98f8dd46f8b73a458770cc4cfa3257fee34c46b900e5c1742bcd6a18551b13
45,235.264903,0.0131983610583,0x45c635e987e6077116d127e35e7b4b0cd9b27031,2017-10-29T08:06:52.000Z,0.0000561,0xd381c0210f7bdbc275e5d724e63b613481954508,sell,0x2bdc0d42996017fce214b21607a515da41a9e0c5,0x58e606b36b0afb700838263b89cff624b47b7d1d4d7fb9995393caae1557efc9
46,4984.547901,0.219320107644,0xe7a5933516c81c003a52f42405644d3e3088ebda,2017-10-29T07:13:32.000Z,0.000044,0x1cfd5c8828a6462d23b84914e66ec48de4ab2ef2,sell,0x2bdc0d42996017fce214b21607a515da41a9e0c5,0x54b61ee87ee64776e0263a60ff49a10f08420ace364b6a06ef77dc3f09167937
47,12.513781,0.0007020231141,0x45c635e987e6077116d127e35e7b4b0cd9b27031,2017-10-29T06:19:54.000Z,0.0000561,0xe2eabfc1e89a462bbd2ba188cd8a9591a9a0d04e,sell,0x2bdc0d42996017fce214b21607a515da41a9e0c5,0x2bec0e4818871e87ba003c95bf75247d5f679825945b4e470eabf9c802a16dd6
48,1969,0.147420999,0x45c635e987e6077116d127e35e7b4b0cd9b27031,2017-10-29T06:19:10.000Z,0.000074871,0xe2eabfc1e89a462bbd2ba188cd8a9591a9a0d04e,sell,0x2bdc0d42996017fce214b21607a515da41a9e0c5,0xe4200a507375aecea01546c96bef285152cb342b681846d4f42218d01c2637f0
49,8031.24667,0.450552938187,0x45c635e987e6077116d127e35e7b4b0cd9b27031,2017-10-29T02:34:02.000Z,0.0000561,0x9778550d76b07ac9f5e57392f68ecdf6efc1774e,sell,0x2bdc0d42996017fce214b21607a515da41a9e0c5,0x5e4de16f914ae2acfd6d086da662e38c9c3fe2af3b8e9511f4bd6b0ebde10865
50,5400.1875,0.3078106875,0x45c635e987e6077116d127e35e7b4b0cd9b27031,2017-10-29T02:32:57.000Z,0.000057,0x9778550d76b07ac9f5e57392f68ecdf6efc1774e,sell,0x2bdc0d42996017fce214b21607a515da41a9e0c5,0x99a41a0c63e71868e2b904f93b3c081ac0759f99d429ae01219eaca6f7a4b0e9
51,2887.5,0.1617,0x273a5d3e6721b9f5c1a6474f560c1334c63dda01,2017-10-29T02:20:38.000Z,0.000056,0x1c031a1ca94aced97f21c8c1b4787f99af80ef14,buy,0x2bdc0d42996017fce214b21607a515da41a9e0c5,0x61c8cce9b83e58f5e24a30f1b8187ecec2d4492f5211af590d02d161bc7a93a5
52,2878.8375,0.1640937375,0x45c635e987e6077116d127e35e7b4b0cd9b27031,2017-10-29T02:20:38.000Z,0.000057,0x273a5d3e6721b9f5c1a6474f560c1334c63dda01,sell,0x2bdc0d42996017fce214b21607a515da41a9e0c5,0x61c8cce9b83e58f5e24a30f1b8187ecec2d4492f5211af590d02d161bc7a93a5
53,11322.549872,0.6351950478192,0x45c635e987e6077116d127e35e7b4b0cd9b27031,2017-10-29T00:47:09.000Z,0.0000561,0xe7a5933516c81c003a52f42405644d3e3088ebda,sell,0x2bdc0d42996017fce214b21607a515da41a9e0c5,0xaa1c85fdb03ca50c36aef1e3c510edea8f881cb027a5d7903a28f6810beb0645
54,500,0.02645,0x273a5d3e6721b9f5c1a6474f560c1334c63dda01,2017-10-29T00:36:19.000Z,0.0000529,0x17dd485f7952ba295fd139468ab2faa73b932a1f,buy,0x2bdc0d42996017fce214b21607a515da41a9e0c5,0x2777de5f27c3afa482918809b99abd1f6451139073fd7cfae35f4cff321e1e40
55,498.5,0.02796585,0x45c635e987e6077116d127e35e7b4b0cd9b27031,2017-10-29T00:36:19.000Z,0.0000561,0x273a5d3e6721b9f5c1a6474f560c1334c63dda01,sell,0x2bdc0d42996017fce214b21607a515da41a9e0c5,0xd21a622ff2bfccc846f24779b82b85ad11dffb0e10e231dcd95615262d71580e
56,498.5,0.02796585,0x45c635e987e6077116d127e35e7b4b0cd9b27031,2017-10-29T00:36:19.000Z,0.0000561,0x273a5d3e6721b9f5c1a6474f560c1334c63dda01,sell,0x2bdc0d42996017fce214b21607a515da41a9e0c5,0x2777de5f27c3afa482918809b99abd1f6451139073fd7cfae35f4cff321e1e40
57,500,0.0265,0x273a5d3e6721b9f5c1a6474f560c1334c63dda01,2017-10-29T00:36:19.000Z,0.000053,0x53b9fb035001e1d4790110cfb25adcbaa92d1bc3,buy,0x2bdc0d42996017fce214b21607a515da41a9e0c5,0xd21a622ff2bfccc846f24779b82b85ad11dffb0e10e231dcd95615262d71580e
58,34447.421774,1.9325003615214,0x45c635e987e6077116d127e35e7b4b0cd9b27031,2017-10-29T00:36:09.000Z,0.0000561,0xd2ea382e498316d91b9de8557670149b479721a0,sell,0x2bdc0d42996017fce214b21607a515da41a9e0c5,0x1d9ec84cc7f7c620fa0fbd8d726abceb4ad3825df346c003039e9a5723e1d7df
59,14999,0.734951,0x273a5d3e6721b9f5c1a6474f560c1334c63dda01,2017-10-29T00:36:09.000Z,0.000049,0x2d1c9539fb112bfcfc12c88ba56d7bddc804ed73,buy,0x2bdc0d42996017fce214b21607a515da41a9e0c5,0x6351a182ccb18b72c60d7ff42acdded407b20f76b089fae5655789826e05aac5
60,14954.003,0.8389195683,0x45c635e987e6077116d127e35e7b4b0cd9b27031,2017-10-29T00:36:09.000Z,0.0000561,0x273a5d3e6721b9f5c1a6474f560c1334c63dda01,sell,0x2bdc0d42996017fce214b21607a515da41a9e0c5,0x6351a182ccb18b72c60d7ff42acdded407b20f76b089fae5655789826e05aac5
61,34551.074999,1.7275537499500002,0xd2ea382e498316d91b9de8557670149b479721a0,2017-10-29T00:36:09.000Z,0.00005,0xe89a2a7a15cbaae3c58a03d79485373e216226d6,buy,0x2bdc0d42996017fce214b21607a515da41a9e0c5,0x1d9ec84cc7f7c620fa0fbd8d726abceb4ad3825df346c003039e9a5723e1d7df
62,10,0.0005,0xe444a40689f51f63bcd29910622035707d533d29,2017-10-28T21:00:23.000Z,0.00005,0xe89a2a7a15cbaae3c58a03d79485373e216226d6,buy,0x2bdc0d42996017fce214b21607a515da41a9e0c5,0xb14db1b6fbac6e9dcfc872a758c03ff2264a2112f875c76f8a621645a4d3682f
63,10,0.0005,0x34f9560c63078eb61872a4dc2ccd20e21c34feaf,2017-10-28T21:00:13.000Z,0.00005,0xe89a2a7a15cbaae3c58a03d79485373e216226d6,buy,0x2bdc0d42996017fce214b21607a515da41a9e0c5,0xff0b53a90619f3885ad951c41dd6912f47d675988faa47e5ef6ffa092fe2c379
64,635.031402,0.02321674805712,0xd7530505e648ed8a54ff6872be8774bce4f4a48e,2017-10-28T20:39:58.000Z,0.00003656,0x54727862c2beba114e425e1e539d597f96522900,sell,0x2bdc0d42996017fce214b21607a515da41a9e0c5,0x7557edc4eff466fd5e1ccd18cf998cc5ec00475afc5ddeca6899823f5b957819
65,4803.547799,0.175612903983641,0xd7530505e648ed8a54ff6872be8774bce4f4a48e,2017-10-28T19:27:37.000Z,0.000036559,0xde59610af2a21676d3eada6a8e53c51f706903ea,sell,0x2bdc0d42996017fce214b21607a515da41a9e0c5,0x2aea0859bfd65c8d87c72fd351229400c94d42fa81207e024f114eaa89288174
66,2374.437889,0.104475267116,0xe7a5933516c81c003a52f42405644d3e3088ebda,2017-10-28T19:20:13.000Z,0.000044,0xde59610af2a21676d3eada6a8e53c51f706903ea,sell,0x2bdc0d42996017fce214b21607a515da41a9e0c5,0x3f041c484e713cba50817016062e1cec1b30d0de6f87d3d3480f02b6b424230f
67,7375.562111,0.324524732884,0xe7a5933516c81c003a52f42405644d3e3088ebda,2017-10-28T17:12:46.000Z,0.000044,0x1ed014aec47fae44c9e55bac7662c0b78ae61798,sell,0x2bdc0d42996017fce214b21607a515da41a9e0c5,0x8ad6b792091d6ca9fa85d72df95b439dab01b6cf43e8e6b352b41bc4d93ac213
68,2343.873,0.124225269,0xd5840247f1e80d7d5d262e4687db4fa683b9eed7,2017-10-27T23:59:20.000Z,0.000053,0xe7a5933516c81c003a52f42405644d3e3088ebda,sell,0x2bdc0d42996017fce214b21607a515da41a9e0c5,0xa996a1629ce831ea2a1d5065201fc983e5734fc5b4a8199695e4d08b0dccc234
69,1896.122021,0.07584488084,0xe7a5933516c81c003a52f42405644d3e3088ebda,2017-10-27T19:48:18.000Z,0.00004,0x2cf1bc72c2aa695e7f0dac1015cb8d108d43592e,sell,0x2bdc0d42996017fce214b21607a515da41a9e0c5,0x8a47a2da3479b78111b5f233ad1e4e2491a6b678be62562d4b2dddd53b004592
70,400,0.0211996,0x65aa19e1469e9080c6da075fd35e39a668afcc70,2017-10-27T13:31:13.000Z,0.000052999,0x2cf1bc72c2aa695e7f0dac1015cb8d108d43592e,buy,0x2bdc0d42996017fce214b21607a515da41a9e0c5,0x16a2bd350e1ec7a4a9baab4da701ab075355abf63315d1eb7b6a753cb26e4b27
71,1,0.000052999,0x3b659a2aca1bc346919619a9cbaeb8ec4fd79de0,2017-10-27T13:02:41.000Z,0.000052999,0x2cf1bc72c2aa695e7f0dac1015cb8d108d43592e,buy,0x2bdc0d42996017fce214b21607a515da41a9e0c5,0xe7cc4e28443ae3d1967be6be6e682df7789fdccae8322f322f62ef30deb64cfa
72,477,0.017172,0xe7a5933516c81c003a52f42405644d3e3088ebda,2017-10-27T12:50:10.000Z,0.000036,0xb98772904df47732cf1161ea9ebb8fe162a5f7ea,buy,0x2bdc0d42996017fce214b21607a515da41a9e0c5,0x244ebcda8019ebca8461266d7cf20481f0d7cb59c14b51ef06dbc183799a0c2f
73,1590,0.05724,0x7aa6e2506316f6d613277d4f2f4e4e1dc55e528e,2017-10-27T12:07:57.000Z,0.000036,0xb98772904df47732cf1161ea9ebb8fe162a5f7ea,buy,0x2bdc0d42996017fce214b21607a515da41a9e0c5,0xdb91bb8e5ab2b1b43867636583ddc57e5280d96ea058912dfc71bb2ec75eebe7
74,1585.23,0.06657966,0xe7a5933516c81c003a52f42405644d3e3088ebda,2017-10-27T12:07:57.000Z,0.000042,0x7aa6e2506316f6d613277d4f2f4e4e1dc55e528e,sell,0x2bdc0d42996017fce214b21607a515da41a9e0c5,0xdb91bb8e5ab2b1b43867636583ddc57e5280d96ea058912dfc71bb2ec75eebe7
75,1,0.000052999,0x3b659a2aca1bc346919619a9cbaeb8ec4fd79de0,2017-10-27T10:27:14.000Z,0.000052999,0x2cf1bc72c2aa695e7f0dac1015cb8d108d43592e,buy,0x2bdc0d42996017fce214b21607a515da41a9e0c5,0xf4b64eaa9099ae4d551ee7e02bd33b16421cbd27f7a04e070aa7ddc6a9698644
76,413.849442,0.0149606573283,0xd20eb13ccdd123f09850fb25621888f47beb9fba,2017-10-27T00:36:27.000Z,0.00003615,0xa78bb126ab8c88f1164f0a046d2fcba88b7f6bec,sell,0x2bdc0d42996017fce214b21607a515da41a9e0c5,0x4e984be4851e6d6ac8ad856d021b5718ac14df70ac8ca7f0e08972a822a51023
77,0.01888,0.000001017678360827,0xa78bb126ab8c88f1164f0a046d2fcba88b7f6bec,2017-10-26T23:15:10.000Z,0.00005390245555227754,0xbde166024b8e84042dd97dc292b130bf0cc715fa,buy,0x2bdc0d42996017fce214b21607a515da41a9e0c5,0x6576a8cdda8d0e6dc250d3f614913f204d5313b4b957c0dde2d60e388a7daef3
78,500,0.025,0x27079af30a9ca72606d86244a74abd7854934023,2017-10-26T20:53:44.000Z,0.00005,0x53b9fb035001e1d4790110cfb25adcbaa92d1bc3,buy,0x2bdc0d42996017fce214b21607a515da41a9e0c5,0x390f2f0828242bd691a8bd44759a5ee21ab89b3626bf6c11ab46a492acd65a96
79,1000,0.0465,0x27079af30a9ca72606d86244a74abd7854934023,2017-10-26T20:40:17.000Z,0.0000465,0x53b9fb035001e1d4790110cfb25adcbaa92d1bc3,buy,0x2bdc0d42996017fce214b21607a515da41a9e0c5,0x7b8fb659c34482a64889ad19ade470390ad2578b4438c6a67c8552344d7007b9
80,331.077987,0.015295803010666579,0x27079af30a9ca72606d86244a74abd7854934023,2017-10-26T20:35:23.000Z,0.00004620000003402998,0x53b9fb035001e1d4790110cfb25adcbaa92d1bc3,buy,0x2bdc0d42996017fce214b21607a515da41a9e0c5,0x75e824b6ba40405d5a14bc8f97b030aaee76daf48610e31f4caf8fdf6a5084f2
81,500,0.0231,0x27079af30a9ca72606d86244a74abd7854934023,2017-10-26T20:35:23.000Z,0.0000462,0x53b9fb035001e1d4790110cfb25adcbaa92d1bc3,buy,0x2bdc0d42996017fce214b21607a515da41a9e0c5,0x35bb957bce49a10778dd8fa7d1b66a740897a044aaf515a087be1c08062d7318
82,2973.870624,0.13679804871231135,0x27079af30a9ca72606d86244a74abd7854934023,2017-10-26T20:31:40.000Z,0.00004600000000279479,0x254fb89e4cab71708eaab16e067ca8156a38e18a,buy,0x2bdc0d42996017fce214b21607a515da41a9e0c5,0x11e287a0f524e05817f68cfce22385b3bf1cdc1973749007b93466e4bf6e0348
83,500,0.023,0x27079af30a9ca72606d86244a74abd7854934023,2017-10-26T20:20:44.000Z,0.000046,0x53b9fb035001e1d4790110cfb25adcbaa92d1bc3,buy,0x2bdc0d42996017fce214b21607a515da41a9e0c5,0xf1a4863e0a24c36fc30423757545d63b89c72e377517ae2669d8705d49b725b6
84,550,0.0253,0x27079af30a9ca72606d86244a74abd7854934023,2017-10-26T20:20:44.000Z,0.000046,0xb2f0a333cb207205b4f2ae9c49653bfa0615caee,buy,0x2bdc0d42996017fce214b21607a515da41a9e0c5,0x2a36d0f1c49c52ef3498acbfab34e1531ca2327958d32785ccb7501b26cdffc9
85,260,0.0093808,0x3b659a2aca1bc346919619a9cbaeb8ec4fd79de0,2017-10-26T16:54:39.000Z,0.00003608,0x008cd39b569505e006ec93689add83999e96ab12,sell,0x2bdc0d42996017fce214b21607a515da41a9e0c5,0x6de23355e0e302f8d463b1bbb2805b032356b7834ccdb2352e8d885f716a1994
86,0.201966,0.000009290465638725,0xe7a5933516c81c003a52f42405644d3e3088ebda,2017-10-26T16:23:18.000Z,0.00004600014675106205,0x254fb89e4cab71708eaab16e067ca8156a38e18a,buy,0x2bdc0d42996017fce214b21607a515da41a9e0c5,0x1d1527c1ee14f5e0afc7d057581aed3c52b8be79b5ab9b54cf2c3b579e18548f
87,0.201966,0.000009290465638725,0xe7a5933516c81c003a52f42405644d3e3088ebda,2017-10-26T16:23:14.000Z,0.00004600014675106205,0x254fb89e4cab71708eaab16e067ca8156a38e18a,buy,0x2bdc0d42996017fce214b21607a515da41a9e0c5,0x1d1527c1ee14f5e0afc7d057581aed3c52b8be79b5ab9b54cf2c3b579e18548f
88,2025.927409,0.09319266082204991,0xe7a5933516c81c003a52f42405644d3e3088ebda,2017-10-26T14:19:01.000Z,0.00004600000000397344,0x254fb89e4cab71708eaab16e067ca8156a38e18a,buy,0x2bdc0d42996017fce214b21607a515da41a9e0c5,0xb5defce0d19ceaf6783e99c494050be3b8ce1a4147710b879d25963f1626eef2
89,6041.272056,0.21796909578048,0x3b659a2aca1bc346919619a9cbaeb8ec4fd79de0,2017-10-26T14:16:20.000Z,0.00003608,0x02f755e9f6a7dd363a34315943a6bd7677c7b464,sell,0x2bdc0d42996017fce214b21607a515da41a9e0c5,0x8e4dd40737129d2a395569e6441f35887342c35672e89f22e53b143d4fc98b22
90,668.922012,0.030904196989333423,0xd9506d4abeb2862fa270e94083894eddd324d88b,2017-10-26T11:39:27.000Z,0.00004620000005222345,0x53b9fb035001e1d4790110cfb25adcbaa92d1bc3,buy,0x2bdc0d42996017fce214b21607a515da41a9e0c5,0x8de2802f961a8ef2a60a2eed0694d284095cb1535288893f0b7e5e935c42165c
91,1000,0.046,0xd9506d4abeb2862fa270e94083894eddd324d88b,2017-10-26T11:20:53.000Z,0.000046,0x53b9fb035001e1d4790110cfb25adcbaa92d1bc3,buy,0x2bdc0d42996017fce214b21607a515da41a9e0c5,0x3292069b05f958cf60c23047e6febb34d71a9097242e42cf473a03ad3166e3fd
92,220,0.00792,0xe7a5933516c81c003a52f42405644d3e3088ebda,2017-10-26T10:10:53.000Z,0.000036,0xdf920e463207d087a60b7cb226750f4da4570a3b,buy,0x2bdc0d42996017fce214b21607a515da41a9e0c5,0x77b10d1c7ae9cfb71333ccb94e3ca916861fc501e7c1218ce06231999158b8a5
93,200,0.0071,0xd7abd9d82fa7b9d25ae2f0bad3a2c9809dc9c422,2017-10-26T08:28:30.000Z,0.0000355,0xdf920e463207d087a60b7cb226750f4da4570a3b,sell,0x2bdc0d42996017fce214b21607a515da41a9e0c5,0x41cc1c2c7295ae70550f758082b00306a743f204d43c614544c568c07fddcf78
94,4550,0.20020455,0xd7530505e648ed8a54ff6872be8774bce4f4a48e,2017-10-26T08:20:11.000Z,0.000044001,0xdf920e463207d087a60b7cb226750f4da4570a3b,sell,0x2bdc0d42996017fce214b21607a515da41a9e0c5,0x32fc4aabfd5b11562d406a0451f566d8861a609262c53f20e70e28514e251f05
95,5000,0.22,0xe7a5933516c81c003a52f42405644d3e3088ebda,2017-10-26T08:18:38.000Z,0.000044,0xdf920e463207d087a60b7cb226750f4da4570a3b,sell,0x2bdc0d42996017fce214b21607a515da41a9e0c5,0x03fb573c42eca6c5f09ceba9faba169feb3f917a1fb57fa210912518bfa1e372
96,1383.998762,0.06641810059730983,0x028b7a40a056b4130ac2a69126a714a309441f22,2017-10-26T07:37:46.000Z,0.0000479900000064522,0x947d19efbca9b0f8801352c8b0f52263656aa9b2,buy,0x2bdc0d42996017fce214b21607a515da41a9e0c5,0xae418f9837a223a8da5529fece258eb371f617708e5c05e83e6707095ff8a248
97,89,0.004272,0x028b7a40a056b4130ac2a69126a714a309441f22,2017-10-26T07:37:46.000Z,0.000048,0x82d99d98115565d2a58e99fc53704cee56e3c0de,buy,0x2bdc0d42996017fce214b21607a515da41a9e0c5,0xc9f125c2885c36f50abbe6faa2cf7db64acc0e0dbccbb9d0f0e0e317bfaead27
98,599,0.028752,0x028b7a40a056b4130ac2a69126a714a309441f22,2017-10-26T07:20:46.000Z,0.000048,0x00515e4f8a5c52a526f48c3ea07238143e2c04fc,buy,0x2bdc0d42996017fce214b21607a515da41a9e0c5,0xb86aef285743b0b3781944f0420b28ab7ec16ec1ca4c771d4e17037516f222f3
99,450,0.0205785,0x028b7a40a056b4130ac2a69126a714a309441f22,2017-10-26T07:03:34.000Z,0.00004573,0xec376e59b27915633b909ec8e6d961c7f9253f0e,buy,0x2bdc0d42996017fce214b21607a515da41a9e0c5,0x10bae1b7dcbb86d982fb50b5aa372048e6998d4fa5f7b1920bba92ebbb167cff
100,717.001237,0.03440888940269016,0xd9506d4abeb2862fa270e94083894eddd324d88b,2017-10-26T04:56:53.000Z,0.00004799000005447711,0x947d19efbca9b0f8801352c8b0f52263656aa9b2,buy,0x2bdc0d42996017fce214b21607a515da41a9e0c5,0x46e7b2124a22f24689599c41435f09a4615073c2bccba8da1432d902952ed6f4
101,598,0.02869802,0xd9506d4abeb2862fa270e94083894eddd324d88b,2017-10-26T04:56:27.000Z,0.00004799,0x947d19efbca9b0f8801352c8b0f52263656aa9b2,buy,0x2bdc0d42996017fce214b21607a515da41a9e0c5,0xb4197637cf289eef36c0e19a59d68fa049c4da18224e1933177537af763bb992
102,2101.854252,0.084076271934252,0x947d19efbca9b0f8801352c8b0f52263656aa9b2,2017-10-25T20:17:53.000Z,0.000040001,0xae7c6278977c633e6e77eb2a08e884394d826c26,sell,0x2bdc0d42996017fce214b21607a515da41a9e0c5,0xd296478974100dad79ae3140a7bcdf0181625c3c242e3806ce72b20b9a5bd72c
103,6459.97408,0.23260428669856,0x3b659a2aca1bc346919619a9cbaeb8ec4fd79de0,2017-10-25T19:34:15.000Z,0.000036007,0x4ad64328076e1220333a82a4e602b1aaddd215e3,sell,0x2bdc0d42996017fce214b21607a515da41a9e0c5,0xd46d7c90b9dbc7fd59a19345d30b491c1de11560d79f161bfde7bf1a52bffe01
104,598.145748,0.023926428065748,0x947d19efbca9b0f8801352c8b0f52263656aa9b2,2017-10-25T19:03:05.000Z,0.000040001,0x302b55b3e8bfff5d0ff9ac6837e1759f02afdd05,sell,0x2bdc0d42996017fce214b21607a515da41a9e0c5,0x728e34f9573b62e5f3d4165de07f02f3f624b5b82124daa7e6b970a1a8ddffbe
105,1723,0.068921723,0xe7a5933516c81c003a52f42405644d3e3088ebda,2017-10-25T18:38:34.000Z,0.000040001,0x1d3aae726b1967c2695f6340570ecfc574ea2cf9,buy,0x2bdc0d42996017fce214b21607a515da41a9e0c5,0xe98821b6008c3bc2f4cde246944f10ca257fc916370dc41b7a004bc74667949f
106,10,0.00048,0xe7a5933516c81c003a52f42405644d3e3088ebda,2017-10-25T17:14:40.000Z,0.000048,0x82d99d98115565d2a58e99fc53704cee56e3c0de,buy,0x2bdc0d42996017fce214b21607a515da41a9e0c5,0x40566bec65d4cbbe0dce895d222ccad722dc6d7d4f112cbe42a97a37d0dfee08
107,10,0.00048,0xe7a5933516c81c003a52f42405644d3e3088ebda,2017-10-25T17:14:13.000Z,0.000048,0x82d99d98115565d2a58e99fc53704cee56e3c0de,buy,0x2bdc0d42996017fce214b21607a515da41a9e0c5,0x40566bec65d4cbbe0dce895d222ccad722dc6d7d4f112cbe42a97a37d0dfee08
108,1,0.000048,0x3b659a2aca1bc346919619a9cbaeb8ec4fd79de0,2017-10-25T17:01:34.000Z,0.000048,0x82d99d98115565d2a58e99fc53704cee56e3c0de,buy,0x2bdc0d42996017fce214b21607a515da41a9e0c5,0xe1d8a65a0f0f854d2e6d1bb6dba27c3d1058752169867a86436cac01da267611
109,1216.361,0.043797510527,0x028b7a40a056b4130ac2a69126a714a309441f22,2017-10-25T16:54:47.000Z,0.000036007,0xda66571c9bbad6802f4a2ecd3280e9bc4a7c90f6,buy,0x2bdc0d42996017fce214b21607a515da41a9e0c5,0xee3c5978ec73133252ea61d3e841e82e40126bb875cd7c82ff313ef7f9c5fa36
110,0.000757,0.000000027257299,0x3b659a2aca1bc346919619a9cbaeb8ec4fd79de0,2017-10-25T16:21:21.000Z,0.000036007,0xda66571c9bbad6802f4a2ecd3280e9bc4a7c90f6,sell,0x2bdc0d42996017fce214b21607a515da41a9e0c5,0x4c0fbae6ea2184a6c5417640eda4d6e95ad6d8633560f6ad17ea6094ced1f597
111,387.767,0.016286214,0xd7abd9d82fa7b9d25ae2f0bad3a2c9809dc9c422,2017-10-25T11:00:38.000Z,0.000042,0xae38623ae637552377c3b6b9727ea926dfd335f8,buy,0x2bdc0d42996017fce214b21607a515da41a9e0c5,0xbf17f6bcd11850fb211f5f72790eef79794d136a0439c49cd90a3d11c844f4d6
112,4985.044817,0.179486538636085,0x3b659a2aca1bc346919619a9cbaeb8ec4fd79de0,2017-10-25T09:49:45.000Z,0.000036005,0xc98e5e400ae3e4e913f2bc8d3b7b2750551f8b5d,sell,0x2bdc0d42996017fce214b21607a515da41a9e0c5,0x93f4ce243d504f22d044c2faf9acf02da3d39746cfbfe2107c91934e8f1df39e
113,1119.88,0.04031903964,0x028b7a40a056b4130ac2a69126a714a309441f22,2017-10-25T06:00:57.000Z,0.000036003,0xbff95275752b2e76802c02639496bed7c9594a08,buy,0x2bdc0d42996017fce214b21607a515da41a9e0c5,0x8b61ed369454e4cb44e42d91cf85843950cfa668d428f68d4b0b009dbb6a9a0f
114,18738.196517,0.6858179925222,0xe1e1d0d73eeb29d0632bc4c7871bfc74dbed0741,2017-10-25T02:38:29.000Z,0.0000366,0x4ebb57fb43d3413ec4dda35bd09db0fd6f83b7c6,sell,0x2bdc0d42996017fce214b21607a515da41a9e0c5,0xa33e6a17697727c5a16f561d30e1a83abbe4032e49cb6ca9359272ae70e33ad8
115,5000,0.1825,0x09dcf8ea228f6d29b0ddf7ae75723ba4cbc1385d,2017-10-25T02:34:52.000Z,0.0000365,0x4ebb57fb43d3413ec4dda35bd09db0fd6f83b7c6,sell,0x2bdc0d42996017fce214b21607a515da41a9e0c5,0x2c747abd0a649708d305ff1c4c5055f513e7abf3b58ff2e3a33ac535be0e6e57
116,7550,0.24915,0xe1e1d0d73eeb29d0632bc4c7871bfc74dbed0741,2017-10-25T00:08:52.000Z,0.000033,0xc9cc4b6a69d2b6eb87baaabbab0790a595d9adaf,sell,0x2bdc0d42996017fce214b21607a515da41a9e0c5,0xed533a4999b1c1a1de14571dbeb60042e70ebbbcc61e90ca50991090c41a84d9
117,2493.143165,0.10471201293578598,0xdd94736409e42ae626f22296349182378dd53b0a,2017-10-24T23:26:27.000Z,0.00004200000000232075,0xae38623ae637552377c3b6b9727ea926dfd335f8,buy,0x2bdc0d42996017fce214b21607a515da41a9e0c5,0x1c76d2474dab2316dc721a72bf9cc9c50549fef8620f7a0fa83c93329f2f77b0
118,8719.089496,0.3662017588691396,0xdd94736409e42ae626f22296349182378dd53b0a,2017-10-24T20:58:31.000Z,0.00004200000000425957,0xae38623ae637552377c3b6b9727ea926dfd335f8,buy,0x2bdc0d42996017fce214b21607a515da41a9e0c5,0x2a681a1b0902e5ba4984f7f2bb4a6da4c844582c61819d2fe27659bee11aa346
119,10000,0.4,0x028b7a40a056b4130ac2a69126a714a309441f22,2017-10-24T20:20:36.000Z,0.00004,0xae38623ae637552377c3b6b9727ea926dfd335f8,buy,0x2bdc0d42996017fce214b21607a515da41a9e0c5,0x2cae795fa53bf2a446148e8dafe70fae09cf3e158c4c6d9d49fe3b718fc47852
120,690.377629,0.024854975399258,0xe1e1d0d73eeb29d0632bc4c7871bfc74dbed0741,2017-10-24T18:20:14.000Z,0.000036002,0x47e90e7818c2a5b8f97adb48b217f963d3d83414,sell,0x2bdc0d42996017fce214b21607a515da41a9e0c5,0xa6db5e97855af90343bf135c5a1a9e655647c8d1cface9f469056348b038dac6
121,27.4,0.00117546,0xe5c79c03196e61970fcddb874d69208434221577,2017-10-24T18:18:56.000Z,0.0000429,0x47e90e7818c2a5b8f97adb48b217f963d3d83414,sell,0x2bdc0d42996017fce214b21607a515da41a9e0c5,0x5cc1b0c09ced1d91e0f9b22df485cb275ba26992b7c01ca8b4e5f283986e5c39
122,1,0.0000429,0x3b659a2aca1bc346919619a9cbaeb8ec4fd79de0,2017-10-24T13:20:47.000Z,0.0000429,0x3b659a2aca1bc346919619a9cbaeb8ec4fd79de0,buy,0x2bdc0d42996017fce214b21607a515da41a9e0c5,0xb0a42f0b42526e290e8bc544b8ae3b6ae246ae1d364c2ee390bee3cccae2e6c8
123,3987.638656,0.143554991616,0x3b659a2aca1bc346919619a9cbaeb8ec4fd79de0,2017-10-24T11:13:24.000Z,0.000036,0xbd645e3fec363c01adb65be42c29ec19269e6630,sell,0x2bdc0d42996017fce214b21607a515da41a9e0c5,0xb07eb8268283eff9da2cd3071c6dbe2e151660517635332f13f0e62ecadbb5bc
124,850.040874,0.035797771326762,0xe5c79c03196e61970fcddb874d69208434221577,2017-10-24T10:08:12.000Z,0.000042113,0x3b659a2aca1bc346919619a9cbaeb8ec4fd79de0,sell,0x2bdc0d42996017fce214b21607a515da41a9e0c5,0x534827d984e8c6619ee909449aad861eb5f9423dca96514ec5227563d6f43f90
125,9.959126,0.000419408673238,0xe5c79c03196e61970fcddb874d69208434221577,2017-10-24T01:11:15.000Z,0.000042113,0x0a89dbfbbbefff2d1f744f481c01698dea995cdc,sell,0x2bdc0d42996017fce214b21607a515da41a9e0c5,0x8a565b2315ea568a76b81fdfa599ecb89ae4b647b4797e912487be5970f1a660
126,12397.756953,0.52206954529083,0xe1e1d0d73eeb29d0632bc4c7871bfc74dbed0741,2017-10-24T00:36:12.000Z,0.00004211,0xfd2408bbae46c9db310eee0f531f29daf564e182,sell,0x2bdc0d42996017fce214b21607a515da41a9e0c5,0x6a014bfc3495c880790a9e70c8d73a7814fb1184076040ba1ebf21044d21a193
127,5000,0.2195,0xe7a5933516c81c003a52f42405644d3e3088ebda,2017-10-23T19:22:21.000Z,0.0000439,0x947d19efbca9b0f8801352c8b0f52263656aa9b2,buy,0x2bdc0d42996017fce214b21607a515da41a9e0c5,0xcb6b3400d5cd66884ebb1a092688b40dc3327c16ac7f86b7ecebd8a488086654
128,4081,0.1787478,0xe7a5933516c81c003a52f42405644d3e3088ebda,2017-10-23T19:21:52.000Z,0.0000438,0x3dee4a4e076e8d82859d241db0baf46f112cfa23,buy,0x2bdc0d42996017fce214b21607a515da41a9e0c5,0xab1447ad9efbf9ff17d7b418502d96034f12ca623dfeddac197373f92396a762
129,3929,0.16890771,0x9778550d76b07ac9f5e57392f68ecdf6efc1774e,2017-10-23T13:10:29.000Z,0.00004299,0xa3d7dedda551204ccb03bd79aa87824cc453b8de,buy,0x2bdc0d42996017fce214b21607a515da41a9e0c5,0x07e519b0d86e043454db66071bdba0f9a4049771b29587ecbd05892fc8df24fb
130,33623.7448,1.4458210264,0x9778550d76b07ac9f5e57392f68ecdf6efc1774e,2017-10-23T13:09:49.000Z,0.000043,0xe1e1d0d73eeb29d0632bc4c7871bfc74dbed0741,buy,0x2bdc0d42996017fce214b21607a515da41a9e0c5,0x1c428759364be481a106a23fd921d25965c7dcb926209306eb5208e4d0cd3a93
131,2265,0.097395,0xdd94736409e42ae626f22296349182378dd53b0a,2017-10-23T12:55:59.000Z,0.000043,0xe1e1d0d73eeb29d0632bc4c7871bfc74dbed0741,buy,0x2bdc0d42996017fce214b21607a515da41a9e0c5,0x0421ae935a9853d2f1db1be86b66eedeaa966d1f2f5a0776d53dfd8eb7fbca06
132,3309,0.14549673,0xdd94736409e42ae626f22296349182378dd53b0a,2017-10-23T12:31:49.000Z,0.00004397,0x947d19efbca9b0f8801352c8b0f52263656aa9b2,buy,0x2bdc0d42996017fce214b21607a515da41a9e0c5,0x14420edd25c1201d9189d52939514ffcfb1e9b683c2b27616963d61f4c0618ba
133,1,0.000044,0x3b659a2aca1bc346919619a9cbaeb8ec4fd79de0,2017-10-23T09:43:26.000Z,0.000044,0x3b659a2aca1bc346919619a9cbaeb8ec4fd79de0,buy,0x2bdc0d42996017fce214b21607a515da41a9e0c5,0x312932dfb23bd2654881e4366d54e789cdaa75d1ab6a536bd07e04f592ee3cf8
134,1,0.000044,0x3b659a2aca1bc346919619a9cbaeb8ec4fd79de0,2017-10-23T09:31:47.000Z,0.000044,0x3b659a2aca1bc346919619a9cbaeb8ec4fd79de0,buy,0x2bdc0d42996017fce214b21607a515da41a9e0c5,0x08ed36e2a034e78e5d32a94f9b7e59b9c90632e716c8c001b17684c980e7ed65
135,35888.74489,1.25693151228247,0xe1e1d0d73eeb29d0632bc4c7871bfc74dbed0741,2017-10-23T08:38:37.000Z,0.000035023,0x19cf52f9f4722efae1be4c32396ba818b2c3021d,sell,0x2bdc0d42996017fce214b21607a515da41a9e0c5,0xce72eb1ae90cbfa3a2892954e7ec6441c5a66047bf0e79f51807927e68245937
136,0.017128,0.000000753670003212,0xd7abd9d82fa7b9d25ae2f0bad3a2c9809dc9c422,2017-10-23T04:34:58.000Z,0.00004400221877697337,0x3b659a2aca1bc346919619a9cbaeb8ec4fd79de0,buy,0x2bdc0d42996017fce214b21607a515da41a9e0c5,0xb8ade30170b5b5d1fa21c49ed230d46bc1b1556439c5789dd800f2f6fb0ac41b
137,168.001417,0.007560063802213139,0xd7abd9d82fa7b9d25ae2f0bad3a2c9809dc9c422,2017-10-23T03:48:56.000Z,0.00004500000022150491,0x3b659a2aca1bc346919619a9cbaeb8ec4fd79de0,buy,0x2bdc0d42996017fce214b21607a515da41a9e0c5,0x6a09d2e84b79e55785b3b08ae743591ddddd43e4ea0c9c6e3df43c8717167adb
138,1,0.00004799999,0x3b659a2aca1bc346919619a9cbaeb8ec4fd79de0,2017-10-23T01:41:12.000Z,0.00004799999,0x2d1c9539fb112bfcfc12c88ba56d7bddc804ed73,buy,0x2bdc0d42996017fce214b21607a515da41a9e0c5,0xeade544d52dfd92d7db52354bc8e59de13559e1369d78a57011fbb21a7a8d4ea
139,4080.533113,0.142904350150373,0x3dee4a4e076e8d82859d241db0baf46f112cfa23,2017-10-23T00:27:04.000Z,0.000035021,0x57ff69166046245772dd53b9b079beeff1eaf58f,sell,0x2bdc0d42996017fce214b21607a515da41a9e0c5,0x4e4d1c7726c9055ebb9246482882ef1db6f93260912d3ab6e8ad77ae6ac126f8
140,21.175637,0.000849291273159,0x9e9fe67e73cb5251db10779bbb3aa9cd710764d8,2017-10-23T00:24:55.000Z,0.000040107,0x57ff69166046245772dd53b9b079beeff1eaf58f,sell,0x2bdc0d42996017fce214b21607a515da41a9e0c5,0x3071ab691dbbbcd69b3bf088e13df4e5ff9ec158ec0fdb42278b2e8929fd0d23
141,468.294573,0.020136666639,0x028b7a40a056b4130ac2a69126a714a309441f22,2017-10-23T00:24:51.000Z,0.000043,0x57ff69166046245772dd53b9b079beeff1eaf58f,sell,0x2bdc0d42996017fce214b21607a515da41a9e0c5,0x3a306b5abf923ab23f79d38886d11afbed33089d8f43ae380fd30e60c6fb71a7
142,3309.612,0.1360250532,0x947d19efbca9b0f8801352c8b0f52263656aa9b2,2017-10-23T00:24:51.000Z,0.0000411,0x57ff69166046245772dd53b9b079beeff1eaf58f,sell,0x2bdc0d42996017fce214b21607a515da41a9e0c5,0xcb7e08c1fd2a845f0a21a5356cc56ac3e63b9e9aa858808a776575592356e8d7
143,144.386,0.0059487032,0x3aff675b2d9b90a5b5c3b7c56d99ed56631fdccf,2017-10-23T00:17:42.000Z,0.0000412,0x57ff69166046245772dd53b9b079beeff1eaf58f,sell,0x2bdc0d42996017fce214b21607a515da41a9e0c5,0x19f2fb830feb9daaa8eaba21108ce34fd11f7433babb3108fbd7d971693ff1e3
144,100000,3.502,0xe1e1d0d73eeb29d0632bc4c7871bfc74dbed0741,2017-10-23T00:17:42.000Z,0.00003502,0x57ff69166046245772dd53b9b079beeff1eaf58f,sell,0x2bdc0d42996017fce214b21607a515da41a9e0c5,0x1d88b0154673c02ec37854cdd217a46a12db5f35971b5038a70b4648b4793e6b
145,35000,1.5085,0x028b7a40a056b4130ac2a69126a714a309441f22,2017-10-23T00:17:42.000Z,0.0000431,0x57ff69166046245772dd53b9b079beeff1eaf58f,sell,0x2bdc0d42996017fce214b21607a515da41a9e0c5,0x162c2e1f83c976636ee3f2ef684a3c08dc6934f8c33f7da9c8ede44e935d0cab
146,4400,0.1896488,0xd7530505e648ed8a54ff6872be8774bce4f4a48e,2017-10-23T00:17:42.000Z,0.000043102,0x57ff69166046245772dd53b9b079beeff1eaf58f,sell,0x2bdc0d42996017fce214b21607a515da41a9e0c5,0x6224e6d0bf180ea3bd19387dddf77acaaa104d13353aa6a6c8450a4d0c67827f
147,15975,0.688538475,0x9e9fe67e73cb5251db10779bbb3aa9cd710764d8,2017-10-23T00:17:42.000Z,0.000043101,0x57ff69166046245772dd53b9b079beeff1eaf58f,sell,0x2bdc0d42996017fce214b21607a515da41a9e0c5,0xab25c63bd2e59076539de5af165ba7c89029de0c87f4c9472381924ec9698067
148,15000,0.64665,0x2d1c9539fb112bfcfc12c88ba56d7bddc804ed73,2017-10-23T00:17:42.000Z,0.00004311,0x57ff69166046245772dd53b9b079beeff1eaf58f,sell,0x2bdc0d42996017fce214b21607a515da41a9e0c5,0xec5ec20963935c298bceb8a0cfd13d2d92663c28dc88d13c1c1d4e57ddc30ea2
149,1062.207,0.050985936,0x2aff3281ba1c2f5b0fc7ef3583002ef2d62d173e,2017-10-23T00:17:01.000Z,0.000048,0x57ff69166046245772dd53b9b079beeff1eaf58f,sell,0x2bdc0d42996017fce214b21607a515da41a9e0c5,0x7d8a171b94469022ec9dfc45bb772e7f5cd4d8e09908af22c69460052def513a
150,3655.966582,0.17548639598264223,0xe7a5933516c81c003a52f42405644d3e3088ebda,2017-10-22T19:58:45.000Z,0.00004800000001275783,0x254fb89e4cab71708eaab16e067ca8156a38e18a,buy,0x2bdc0d42996017fce214b21607a515da41a9e0c5,0x2818d5dfe490a2fd39cb89759d51c0bbf227146068888040c30d0c60ee7e9338
151,3937.79292,0.18901406016,0x2aff3281ba1c2f5b0fc7ef3583002ef2d62d173e,2017-10-22T19:01:45.000Z,0.000048,0xd7530505e648ed8a54ff6872be8774bce4f4a48e,sell,0x2bdc0d42996017fce214b21607a515da41a9e0c5,0x97e717558ef0f38cd0e5ab17d61567a88d4dc643ca33f4c0fcd8a36c689a2287
152,6334.127122,0.3040381018841591,0xe7a5933516c81c003a52f42405644d3e3088ebda,2017-10-22T17:58:26.000Z,0.00004800000000444561,0x254fb89e4cab71708eaab16e067ca8156a38e18a,buy,0x2bdc0d42996017fce214b21607a515da41a9e0c5,0x8c15a35239e3aab624f9ce205c8d13f71d19ecc6f5d86385fb4ca9161e1a8bb7
153,2392.582992,0.102881068656,0x028b7a40a056b4130ac2a69126a714a309441f22,2017-10-22T13:30:51.000Z,0.000043,0x053ab905881fe1402af78885d1a75038e4c2f941,sell,0x2bdc0d42996017fce214b21607a515da41a9e0c5,0x479230215c98fe8b77640c6ef7e22c3bef0da3722479f37bee6f71a326935afd
154,2749.916635,0.118246415305,0x028b7a40a056b4130ac2a69126a714a309441f22,2017-10-22T13:16:18.000Z,0.000043,0xb4d8fd830f1569d33c8880a2514c47d6a202a903,sell,0x2bdc0d42996017fce214b21607a515da41a9e0c5,0x97eea7053bb06d84db56f4991c2237aac0696a3cf0d3fcebc24a0e76413f3ca8
155,3950,0.16985395,0xd7530505e648ed8a54ff6872be8774bce4f4a48e,2017-10-22T11:01:30.000Z,0.000043001,0x4d517d272ce8d879d8891518e70153b49d2cdb96,sell,0x2bdc0d42996017fce214b21607a515da41a9e0c5,0xbb2c992f4f05606dce917baddf81c3438ecec5a7cd4c973f0d211f2c4a9c93f7
156,5000,0.205035,0x947d19efbca9b0f8801352c8b0f52263656aa9b2,2017-10-22T11:01:04.000Z,0.000041007,0x4d517d272ce8d879d8891518e70153b49d2cdb96,sell,0x2bdc0d42996017fce214b21607a515da41a9e0c5,0xd8cc66af3d756462452c95d1e39135c289c43b760c9267771e6dfca95359d6a2
157,5100,0.21675,0x82d99d98115565d2a58e99fc53704cee56e3c0de,2017-10-22T11:01:04.000Z,0.0000425,0x4d517d272ce8d879d8891518e70153b49d2cdb96,sell,0x2bdc0d42996017fce214b21607a515da41a9e0c5,0xf22af40a25008d003164794eb67703f07f70cc009cd76f16962bb916922927fd
158,1,0.000049,0x3b659a2aca1bc346919619a9cbaeb8ec4fd79de0,2017-10-22T04:00:55.000Z,0.000049,0x00515e4f8a5c52a526f48c3ea07238143e2c04fc,buy,0x2bdc0d42996017fce214b21607a515da41a9e0c5,0x85e790ca696618a814823e5b6ec6f966c44adb5ef6394100633431975f0f8b8d
159,71780,2.9508758,0x3b659a2aca1bc346919619a9cbaeb8ec4fd79de0,2017-10-22T03:05:30.000Z,0.00004111,0xdb0deefa761bed6e42a01ab9179b468d05e69cb7,sell,0x2bdc0d42996017fce214b21607a515da41a9e0c5,0x1da41e7723f3f2ddb2fa9e0846a7e1684b604082114ef1f022d631a17251753f
160,5000.115843,0.2495057805657,0x9778550d76b07ac9f5e57392f68ecdf6efc1774e,2017-10-21T23:11:40.000Z,0.0000499,0x947d19efbca9b0f8801352c8b0f52263656aa9b2,buy,0x2bdc0d42996017fce214b21607a515da41a9e0c5,0x4072b7cf3db04d0d48624021edbd58caf9c038b7ae39b6f4797ca3916db02fa2
161,2350.670954,0.11229155147258,0x9778550d76b07ac9f5e57392f68ecdf6efc1774e,2017-10-21T23:10:34.000Z,0.00004777,0xa175260b4c83e44f85b95a0083ee0b7707f69879,buy,0x2bdc0d42996017fce214b21607a515da41a9e0c5,0x8197f18a0e0eff7930b2570ee4409132979ec290a32effc4d095ad46a83abb07
162,2500,0.11665,0x9778550d76b07ac9f5e57392f68ecdf6efc1774e,2017-10-21T23:09:03.000Z,0.00004666,0xa175260b4c83e44f85b95a0083ee0b7707f69879,buy,0x2bdc0d42996017fce214b21607a515da41a9e0c5,0xf300d1aa8ea8d45ae849d2d406c865f481c472bac0c421c2db02ddd4c390abda
163,2015,0.0936975,0x9778550d76b07ac9f5e57392f68ecdf6efc1774e,2017-10-21T23:08:45.000Z,0.0000465,0x947d19efbca9b0f8801352c8b0f52263656aa9b2,buy,0x2bdc0d42996017fce214b21607a515da41a9e0c5,0x96d5e3dc08a87b413115c7844ba82022637dd11b283198b062ab4a56f8c6cc21
164,8318.213538,0.341055073271538,0x3b659a2aca1bc346919619a9cbaeb8ec4fd79de0,2017-10-21T23:06:48.000Z,0.000041001,0x082b53c60797af3ecdcb072a57b7bcbc1729bceb,sell,0x2bdc0d42996017fce214b21607a515da41a9e0c5,0xd45f943bd87c7a24dd027f58605fe1c1ff74e59f42b765291cb8af25ee760dce
165,79752.766424,3.198644202967368,0x3b659a2aca1bc346919619a9cbaeb8ec4fd79de0,2017-10-21T19:16:15.000Z,0.000040107,0x3a24906b133e83cc86a6cbc3445f81a93863661c,sell,0x2bdc0d42996017fce214b21607a515da41a9e0c5,0xeab1144640de6e33db4b97e99a7c8356cb99c21463a2d662ea3996c90c166aaa
166,162.595953,0.006666434073,0xe5c79c03196e61970fcddb874d69208434221577,2017-10-21T18:44:03.000Z,0.000041,0x3b659a2aca1bc346919619a9cbaeb8ec4fd79de0,sell,0x2bdc0d42996017fce214b21607a515da41a9e0c5,0xbe598e437cc8af66aaa3d5aeaec25cb1fdc31693b973dbdd9fbdbabea9280778
167,50.484604,0.0020749172244,0x785d5739ff66174af5279a6f76cf7efea053296d,2017-10-21T18:44:03.000Z,0.0000411,0x3b659a2aca1bc346919619a9cbaeb8ec4fd79de0,sell,0x2bdc0d42996017fce214b21607a515da41a9e0c5,0x44300087ee88252996facece4003e2878709677e2b7a2464bc514f5b1eb70067
168,0.996909,0.0000409729599,0x785d5739ff66174af5279a6f76cf7efea053296d,2017-10-21T18:42:30.000Z,0.0000411,0x3b659a2aca1bc346919619a9cbaeb8ec4fd79de0,sell,0x2bdc0d42996017fce214b21607a515da41a9e0c5,0xb2a914ee3f33b286e6e4b30415e15602c0a31b1527b5d234bc7790e9df6d323b
169,674.820257,0.027063666406985,0x9e9fe67e73cb5251db10779bbb3aa9cd710764d8,2017-10-21T15:17:19.000Z,0.000040105,0x131ba2a1fddfaecf8a55f73bb1ff9b314626b94f,sell,0x2bdc0d42996017fce214b21607a515da41a9e0c5,0x3b6e0df89425b0348c1ed817f086e91c5b50e946c2802487af55e414e69496be
170,162.6,0.0068293626,0xe5c79c03196e61970fcddb874d69208434221577,2017-10-21T15:15:14.000Z,0.000042001,0x131ba2a1fddfaecf8a55f73bb1ff9b314626b94f,sell,0x2bdc0d42996017fce214b21607a515da41a9e0c5,0x8c74004454e64fa6109b5e9bfcbba0e7e041836cfaf7fe5d028ad7e479182e3f
171,3588.874489,0.143644701422225,0x9e9fe67e73cb5251db10779bbb3aa9cd710764d8,2017-10-21T09:40:55.000Z,0.000040025,0x58ee1a13daa6f601d20091fc3d12a1f1c61943ac,sell,0x2bdc0d42996017fce214b21607a515da41a9e0c5,0xac2ac1063ec5723fb6cdcb9524f5195c8a7f79acae44ec708c6fd154b24a8c51
172,5160,0.21672,0x028b7a40a056b4130ac2a69126a714a309441f22,2017-10-21T08:28:15.000Z,0.000042,0xa175260b4c83e44f85b95a0083ee0b7707f69879,sell,0x2bdc0d42996017fce214b21607a515da41a9e0c5,0xb55b94176ea331968a453f9cc745de0ac67904656b277405e42fd637d2ab2e2c
173,178.518487,0.0073371098157,0x785d5739ff66174af5279a6f76cf7efea053296d,2017-10-20T18:47:37.000Z,0.0000411,0x0b24d8c24ccfebb140d21682868fcde9d570e935,sell,0x2bdc0d42996017fce214b21607a515da41a9e0c5,0x54875e8bfbe2a8a93b4e0a759257328f6e88735ca2edeee1b8a851721e7ee380
174,7000,0.294,0x947d19efbca9b0f8801352c8b0f52263656aa9b2,2017-10-20T18:46:12.000Z,0.000042,0x0b24d8c24ccfebb140d21682868fcde9d570e935,sell,0x2bdc0d42996017fce214b21607a515da41a9e0c5,0xf947b9f152fcfd8cef085042fd11ec8c26dba9204900fda58e57b49592d2eef2
175,837.404047,0.034333565927,0xe5c79c03196e61970fcddb874d69208434221577,2017-10-20T17:47:01.000Z,0.000041,0x186dfb5b5d02cfe9ed2a0a08b4a053b4bda53426,sell,0x2bdc0d42996017fce214b21607a515da41a9e0c5,0xaf2ba6d7ea12255c382c31b650c6220926dca6e87b21e41dd1df9d5dbe8851c4
176,1,0.00005,0x3b659a2aca1bc346919619a9cbaeb8ec4fd79de0,2017-10-20T15:42:30.000Z,0.00005,0x53b9fb035001e1d4790110cfb25adcbaa92d1bc3,buy,0x2bdc0d42996017fce214b21607a515da41a9e0c5,0x2bb6a017b3c50fe9f8a6667217ec4f48a404657d77227727682f466620565db3
177,1950,0.08658,0x08bea4ccc9c45e506d5bc5e638acaa13fa3e801c,2017-10-20T12:53:14.000Z,0.0000444,0xa175260b4c83e44f85b95a0083ee0b7707f69879,buy,0x2bdc0d42996017fce214b21607a515da41a9e0c5,0x889e7f50d5d734e1f585ecc87cc47fda046eff1c58b4cc12b9741ebe86560c78
178,1.632944,0.000055590312592,0x3b659a2aca1bc346919619a9cbaeb8ec4fd79de0,2017-10-20T08:30:52.000Z,0.000034043,0xe2dda203adfbf9da54cd307464bc2aa9f621b9f2,sell,0x2bdc0d42996017fce214b21607a515da41a9e0c5,0x6d790f3e9b57cbc08361143804d4ccd57c0abab2d641267d81e9ec8851a56e0a
179,16380.063738,0.557626509832734,0x3b659a2aca1bc346919619a9cbaeb8ec4fd79de0,2017-10-20T08:29:14.000Z,0.000034043,0xe2dda203adfbf9da54cd307464bc2aa9f621b9f2,sell,0x2bdc0d42996017fce214b21607a515da41a9e0c5,0xc4cb86a67518befab4ee5a9760236215e17079ef8c4577ef831a55eaf2f92d45
180,14156.688,0.48196444296,0x9e9fe67e73cb5251db10779bbb3aa9cd710764d8,2017-10-20T08:27:44.000Z,0.000034045,0xe2dda203adfbf9da54cd307464bc2aa9f621b9f2,sell,0x2bdc0d42996017fce214b21607a515da41a9e0c5,0x925c795632c9efd1170a3fa8812b81e9d0d24ee6072752246795b33b2ecea517
181,5383.311733,0.183274847949985,0x9e9fe67e73cb5251db10779bbb3aa9cd710764d8,2017-10-20T08:19:42.000Z,0.000034045,0x1f4adb990573d37d3fe26b75a97e505a33985f4f,sell,0x2bdc0d42996017fce214b21607a515da41a9e0c5,0xe79ff6c1b4329aae5902f706f3e4885d876e78f7b894ce8b5a16e496031d584a
182,650,0.02886,0x1b73ab0c1a8e0c8a29c4cdbb3a7e0abaf9cfcca6,2017-10-20T05:08:33.000Z,0.0000444,0xa175260b4c83e44f85b95a0083ee0b7707f69879,buy,0x2bdc0d42996017fce214b21607a515da41a9e0c5,0x311c0cd7e660b6a6cf5fd393cde943c55607b6cfc5012daea86663b007821d41
183,1,0.0000546,0x6cdea8e07bf82d7a07dbf36642d6e5be8623845c,2017-10-19T23:28:24.000Z,0.0000546,0x254fb89e4cab71708eaab16e067ca8156a38e18a,buy,0x2bdc0d42996017fce214b21607a515da41a9e0c5,0x2a04feefef583a3f9610512533934861babf91fe663bf31a86aaaaa7c460972d
184,4984.883667,0.22083034645010904,0x028b7a40a056b4130ac2a69126a714a309441f22,2017-10-19T21:10:40.000Z,0.00004430000000040302,0x947d19efbca9b0f8801352c8b0f52263656aa9b2,buy,0x2bdc0d42996017fce214b21607a515da41a9e0c5,0x4a83db8e5d7bb05d6622548d11c4d73500900ebb5fe851506ee7ac015320ac28
185,3880,0.171496,0x028b7a40a056b4130ac2a69126a714a309441f22,2017-10-19T21:08:43.000Z,0.0000442,0x947d19efbca9b0f8801352c8b0f52263656aa9b2,buy,0x2bdc0d42996017fce214b21607a515da41a9e0c5,0x81fd4c07ba2a0e6879501257c5d57a7d8fb9916ea15159abaefeaa4c6007522d
186,1120,0.049504,0x028b7a40a056b4130ac2a69126a714a309441f22,2017-10-19T20:30:00.000Z,0.0000442,0x947d19efbca9b0f8801352c8b0f52263656aa9b2,buy,0x2bdc0d42996017fce214b21607a515da41a9e0c5,0x23638ddfa1c47b30fb5155e0d9eab65a983523c5bdec28afaf064ec38cf59208
187,456.8,0.018272,0x028b7a40a056b4130ac2a69126a714a309441f22,2017-10-19T20:27:40.000Z,0.00004,0xea44af68f839c11ed1730839af6e11fbdc63a10d,buy,0x2bdc0d42996017fce214b21607a515da41a9e0c5,0xdf92e490ca0477f89b6d525e6cf0c215dd0c189ecd3d05aa8a3a7eb4af3dd198
188,5000,0.199995,0x028b7a40a056b4130ac2a69126a714a309441f22,2017-10-19T20:27:35.000Z,0.000039999,0x254fb89e4cab71708eaab16e067ca8156a38e18a,buy,0x2bdc0d42996017fce214b21607a515da41a9e0c5,0x09c978e709715c14860aa3341528ccc563585e9498a84d9d988d78220a620484
189,0.715557,0.000021475296684,0x3b659a2aca1bc346919619a9cbaeb8ec4fd79de0,2017-10-19T19:01:56.000Z,0.000030012,0x605d3acd01eb248323943735b9aad073d0152b99,sell,0x2bdc0d42996017fce214b21607a515da41a9e0c5,0xa4b6340c160552316c967fd80eaadedafc707b058aa71897b91a597a87dd096b
190,7177.749975,0.2154186322497,0x3b659a2aca1bc346919619a9cbaeb8ec4fd79de0,2017-10-19T18:58:48.000Z,0.000030012,0x605d3acd01eb248323943735b9aad073d0152b99,sell,0x2bdc0d42996017fce214b21607a515da41a9e0c5,0x1debe90846eb9d8c776b4aab904ba765834ae16ad139ad220f031fd7a88453df
191,18800,0.5642256,0x3b659a2aca1bc346919619a9cbaeb8ec4fd79de0,2017-10-19T18:30:13.000Z,0.000030012,0x077d410928105449f2ebf0c0d9a7bc3ecc5fc277,sell,0x2bdc0d42996017fce214b21607a515da41a9e0c5,0x2c7ec70507e30208962f94a87c0bb6de078a9eec64e2247fbd34336f040f12ad
192,30000,0.9003,0x3dee4a4e076e8d82859d241db0baf46f112cfa23,2017-10-19T18:07:06.000Z,0.00003001,0x077d410928105449f2ebf0c0d9a7bc3ecc5fc277,sell,0x2bdc0d42996017fce214b21607a515da41a9e0c5,0x7cd281829a9b8fffc634d02d7a33ada0030eadeb9386ce767e9da9c1aea25f1e
193,36.992,0.0012632768,0x9e9fe67e73cb5251db10779bbb3aa9cd710764d8,2017-10-19T18:06:47.000Z,0.00003415,0x077d410928105449f2ebf0c0d9a7bc3ecc5fc277,sell,0x2bdc0d42996017fce214b21607a515da41a9e0c5,0xeb9fb6275585ad03c10af76fb9b5cb0df15592faf1a5d4b9a3c7877a46c29f89
194,996.552,0.035875872,0xbde166024b8e84042dd97dc292b130bf0cc715fa,2017-10-19T18:06:33.000Z,0.000036,0x077d410928105449f2ebf0c0d9a7bc3ecc5fc277,sell,0x2bdc0d42996017fce214b21607a515da41a9e0c5,0xe56f03466d73169253e13b9fc6f23835941512d8750fb7ab755d53b195111d17
195,11933.007676,0.4075122121354,0x9e9fe67e73cb5251db10779bbb3aa9cd710764d8,2017-10-19T12:40:30.000Z,0.00003415,0x2cf26e61790c11e1f104eb03511cb28fe1fa1b16,sell,0x2bdc0d42996017fce214b21607a515da41a9e0c5,0xd93482abb765fecade334896a936894a268684c388207e7af59afbefd7b5ddd6
196,1,0.000055,0x3ac636ac5c3a2576156ac5f10066ca68abe0ad54,2017-10-18T16:54:33.000Z,0.000055,0xe89a2a7a15cbaae3c58a03d79485373e216226d6,buy,0x2bdc0d42996017fce214b21607a515da41a9e0c5,0x4ed283839db1517a1736640bbb5c1b0a8dda208478e69e665ff0a2830a733b3f
197,9.090909,0.0005,0xf9695cd65d6dfdf257fab76a3eb0cb8f001971cc,2017-10-18T15:35:34.000Z,0.00005500000055,0xe89a2a7a15cbaae3c58a03d79485373e216226d6,buy,0x2bdc0d42996017fce214b21607a515da41a9e0c5,0x9dd99ed57c487538d74042c5b8cc7dfeb7ab55876cb7f153bec63b6867e4ce9c
198,9.090909,0.0005,0x379374d13077e8867ef31803c37baf9785a17c00,2017-10-18T15:30:35.000Z,0.00005500000055,0xe89a2a7a15cbaae3c58a03d79485373e216226d6,buy,0x2bdc0d42996017fce214b21607a515da41a9e0c5,0x0eca15a7015f2d4b78bf9a62ea50dd2770cb0f02864861fa51e461de00d03a17
199,3.447982,0.000124127352,0xbde166024b8e84042dd97dc292b130bf0cc715fa,2017-10-18T14:41:44.000Z,0.000036,0xf1083c2984e351c02e94ba4f19ae82c05db06f3c,sell,0x2bdc0d42996017fce214b21607a515da41a9e0c5,0xccbabd0cffa25e0280ece08f7111688dee263278d8c973d80f931c3cff10cf02
200,34586.707368,0.726320854728,0xe89a2a7a15cbaae3c58a03d79485373e216226d6,2017-10-18T14:38:27.000Z,0.000021,0xf1083c2984e351c02e94ba4f19ae82c05db06f3c,sell,0x2bdc0d42996017fce214b21607a515da41a9e0c5,0xfbc2495160665128afb45be5a253fa3b1ac2bddeb1d68142be6e04967a0c67da
201,99999.997,3.000199909994,0xe1e1d0d73eeb29d0632bc4c7871bfc74dbed0741,2017-10-18T14:36:46.000Z,0.000030002,0xf1083c2984e351c02e94ba4f19ae82c05db06f3c,sell,0x2bdc0d42996017fce214b21607a515da41a9e0c5,0xa680624b6be7731b9f23d7c5f7f8b945d5e198c40fb687e312903c7ea7e0fd95
202,24500,0.84035,0xd20eb13ccdd123f09850fb25621888f47beb9fba,2017-10-18T14:36:39.000Z,0.0000343,0xf1083c2984e351c02e94ba4f19ae82c05db06f3c,sell,0x2bdc0d42996017fce214b21607a515da41a9e0c5,0xd0511282cfb4c7569bfe7481212f052901727d40cca7b8102d6c13ac33eb88b9
203,20000,0.68666,0x254fb89e4cab71708eaab16e067ca8156a38e18a,2017-10-18T14:36:39.000Z,0.000034333,0xf1083c2984e351c02e94ba4f19ae82c05db06f3c,sell,0x2bdc0d42996017fce214b21607a515da41a9e0c5,0x49e5ccfa2e08a61a1e67ecd2844c3d75cf3d351bb612710b63e05023a50d0664
204,9999.616,0.359986176,0x947d19efbca9b0f8801352c8b0f52263656aa9b2,2017-10-18T14:36:39.000Z,0.000036,0xf1083c2984e351c02e94ba4f19ae82c05db06f3c,sell,0x2bdc0d42996017fce214b21607a515da41a9e0c5,0x0999f2498c717ef4462a0b969bb974a67af4b1796242e629f29ae4b9da3964c5
205,2450,0.08820245,0xd7530505e648ed8a54ff6872be8774bce4f4a48e,2017-10-18T14:36:39.000Z,0.000036001,0xf1083c2984e351c02e94ba4f19ae82c05db06f3c,sell,0x2bdc0d42996017fce214b21607a515da41a9e0c5,0xca99dbb95a387a9df271cb2f92bd1b79bfc9cc1a3714fe662cb6586d547eb615
206,1751.297079,0.063048446141079,0xd7530505e648ed8a54ff6872be8774bce4f4a48e,2017-10-18T08:32:54.000Z,0.000036001,0x54cefbf887d2a320abed548179b06935d4dface8,sell,0x2bdc0d42996017fce214b21607a515da41a9e0c5,0x40bc82c4fb7d73224488c533495f37aa659ad459efb7234a841b46e37643d770
207,0.38351,0.00001380636,0x947d19efbca9b0f8801352c8b0f52263656aa9b2,2017-10-18T07:45:49.000Z,0.000036,0x251287e0ff610c0813ee765fa6e61453d46b01ce,sell,0x2bdc0d42996017fce214b21607a515da41a9e0c5,0x777134bfdfef1c60909521b7d9ad624d1b27bf2363f00e3f1ffdb921b09396a5
208,598.145748,0.02046256603908,0xe1e1d0d73eeb29d0632bc4c7871bfc74dbed0741,2017-10-18T00:36:50.000Z,0.00003421,0x306323faed004ac559ca4afdf41f7c762fdbea94,sell,0x2bdc0d42996017fce214b21607a515da41a9e0c5,0xf1cecc60b231c302a75e49cd5952d1cd629d2bd194c563609db1da6fd60084c3
209,3,0.0002025,0x359a434bcd08ddc98f2f0ecbf5990cf922e953e6,2017-10-18T00:01:30.000Z,0.0000675,0x90ae1ba6e3d33775b97273902a06560aa6ac4c96,buy,0x2bdc0d42996017fce214b21607a515da41a9e0c5,0x8870083148a16300fd7f904f95e9d2b6f4d3bea0b25c779e9b7f4b05e80b4ea7
210,7.142857,0.0005,0x16e5d97bbc92417e051e3b2cabfbf8ceea2acb9c,2017-10-17T18:22:45.000Z,0.00007000000140000002,0xea298fd724d4e7c74cedc6704d81672704a2317f,buy,0x2bdc0d42996017fce214b21607a515da41a9e0c5,0x76846c6319407db5caa19c13121cbb8af7445a9645d7c2a148df6502c6bbcb73
211,30400,1.6416,0xd32795fc38550c25919bbdd497a00b0f4b1f7588,2017-10-17T14:25:42.000Z,0.000054,0xdb0deefa761bed6e42a01ab9179b468d05e69cb7,buy,0x2bdc0d42996017fce214b21607a515da41a9e0c5,0xb92ce61241d2372cb2e94a61c6f13027bda4f2245dc232fde4f7eb0a418f67e8
212,707.5,0.0283,0xd32795fc38550c25919bbdd497a00b0f4b1f7588,2017-10-17T14:23:13.000Z,0.00004,0x1099b992dffe76b4bdface01f3516aaca6309544,buy,0x2bdc0d42996017fce214b21607a515da41a9e0c5,0x359d767d9d45e653eef455e37ebe539e4f4e4ff04a4e91fd6edc2b1a4092f7cd
213,12.5,0.0005,0xcd912af5286dc0b0a23edb30209734ecb60838b3,2017-10-17T06:01:51.000Z,0.00004,0x1099b992dffe76b4bdface01f3516aaca6309544,buy,0x2bdc0d42996017fce214b21607a515da41a9e0c5,0xb30624d7a53ee0c19e2c62295e85074e6609e078742c2b941d352bdfa11bf917
214,5000,0.2444,0x8909e1a4f31fc2214ea6c4a917268b833b00c000,2017-10-16T23:55:07.000Z,0.00004888,0xa175260b4c83e44f85b95a0083ee0b7707f69879,buy,0x2bdc0d42996017fce214b21607a515da41a9e0c5,0xebbd12e63d6d3070ab2c9b3dc0020066075ce8b2e2398a682aef42b9eff1141d
215,2500,0.10555,0x8909e1a4f31fc2214ea6c4a917268b833b00c000,2017-10-16T23:55:07.000Z,0.00004222,0xa175260b4c83e44f85b95a0083ee0b7707f69879,buy,0x2bdc0d42996017fce214b21607a515da41a9e0c5,0xe86d8293b785690c2ea97b424bb935b1b458d7465096eb74055722693071ad83
216,0.002815,0.00000008445563,0xe1e1d0d73eeb29d0632bc4c7871bfc74dbed0741,2017-10-16T23:52:51.000Z,0.000030002,0xa2d268b7e0ba3da091127f2e1daa1602e964c326,sell,0x2bdc0d42996017fce214b21607a515da41a9e0c5,0xd97b1267d10d4fb715235145dec75156a705eb627812e0ba8c619ebf445e80fc
217,28.224953,0.0008890860195,0x9e9fe67e73cb5251db10779bbb3aa9cd710764d8,2017-10-16T23:52:05.000Z,0.0000315,0xa2d268b7e0ba3da091127f2e1daa1602e964c326,sell,0x2bdc0d42996017fce214b21607a515da41a9e0c5,0x37923d185d98d27b802e11c0713ed483fb06f233d154070da33c1e5c7db59b34
218,1168.183,0.036213673,0xd5840247f1e80d7d5d262e4687db4fa683b9eed7,2017-10-16T23:51:11.000Z,0.000031,0xa2d268b7e0ba3da091127f2e1daa1602e964c326,sell,0x2bdc0d42996017fce214b21607a515da41a9e0c5,0x45d4033784e84f5535d6c0b93cc1c42b89c8c9924bfb523813db8516e552e224
219,1831.816904,0.056786324024,0xd5840247f1e80d7d5d262e4687db4fa683b9eed7,2017-10-16T22:52:48.000Z,0.000031,0x84d2a64cf2c0b1b4a65925dc0b1a20f42fe6104f,sell,0x2bdc0d42996017fce214b21607a515da41a9e0c5,0x0b7b2209b8442ce2383a0c87c16c284e420468b50d3801bbb81ede05b099d9a0
220,6162.146567,0.191032705723567,0xd7530505e648ed8a54ff6872be8774bce4f4a48e,2017-10-16T22:48:12.000Z,0.000031001,0x84d2a64cf2c0b1b4a65925dc0b1a20f42fe6104f,sell,0x2bdc0d42996017fce214b21607a515da41a9e0c5,0x783aaf0814de06ae1b161bb81066b25383e962a119b2345d5ca3f710f872b789
221,11500,0.356523,0xd20eb13ccdd123f09850fb25621888f47beb9fba,2017-10-16T22:48:12.000Z,0.000031002,0x84d2a64cf2c0b1b4a65925dc0b1a20f42fe6104f,sell,0x2bdc0d42996017fce214b21607a515da41a9e0c5,0x0c64112ae0d2e2f363431501daaa1783af14edafa4462981249cbeaeb3bffa35
222,30000,0.9003,0x3dee4a4e076e8d82859d241db0baf46f112cfa23,2017-10-16T22:46:08.000Z,0.00003001,0x84d2a64cf2c0b1b4a65925dc0b1a20f42fe6104f,sell,0x2bdc0d42996017fce214b21607a515da41a9e0c5,0x646912466dfbda08ed63c6d8f5283283ee0a7a2b90d1faabcaa4baa43193bf52
223,0.071557,0.000002218338557,0xd7530505e648ed8a54ff6872be8774bce4f4a48e,2017-10-16T15:05:55.000Z,0.000031001,0x04f8478270dfa912f1b9ee317038d8f4a1b192ca,sell,0x2bdc0d42996017fce214b21607a515da41a9e0c5,0x27a19a70d56340eb7be760434f74db4226e62239458b194d637e727d68755372
224,717.781876,0.022251955937876,0xd7530505e648ed8a54ff6872be8774bce4f4a48e,2017-10-16T15:02:34.000Z,0.000031001,0x04f8478270dfa912f1b9ee317038d8f4a1b192ca,sell,0x2bdc0d42996017fce214b21607a515da41a9e0c5,0x04a7692593e39c2ff77b292f579cc60ef25972268fd7c522fa94ffccb1d4e2b1
225,381,0.014478,0xdd94736409e42ae626f22296349182378dd53b0a,2017-10-16T11:22:43.000Z,0.000038,0x918ab490f2d07fa4e6b70e178f19d59a1903004e,buy,0x2bdc0d42996017fce214b21607a515da41a9e0c5,0x5e0b3cb2aefd47bede194abd74c7d5ff3decdad104798c57e5f29866ef66dbd4
226,690,0.02553,0xdd94736409e42ae626f22296349182378dd53b0a,2017-10-16T11:16:54.000Z,0.000037,0x5407440c855efee203bac302c775cf8cd982516b,buy,0x2bdc0d42996017fce214b21607a515da41a9e0c5,0x7e888a57d7368364c61bfcc8c750b88d893ee2a31b744da34ed85b10576396aa
227,5372.6,0.1934136,0xdd94736409e42ae626f22296349182378dd53b0a,2017-10-16T11:12:25.000Z,0.000036,0xee178104201dc138cb3adfb6c3c64a93261fbb0c,buy,0x2bdc0d42996017fce214b21607a515da41a9e0c5,0xa2ccaff1e9bc9175b0fd0ab8ed90034a276823abb47c7660fb10d53c0f6b0c15
228,9400,0.3384,0xf6fb7a4de4bf4bc746783abc63000b0148dac855,2017-10-16T10:26:58.000Z,0.000036,0xee178104201dc138cb3adfb6c3c64a93261fbb0c,buy,0x2bdc0d42996017fce214b21607a515da41a9e0c5,0xeb5d16abd307afd6f7879642fc25756be46ad7358b163f8201d6abd527114f3a
229,3846.97748,0.11925630188,0xd20eb13ccdd123f09850fb25621888f47beb9fba,2017-10-16T10:02:47.000Z,0.000031,0x251287e0ff610c0813ee765fa6e61453d46b01ce,sell,0x2bdc0d42996017fce214b21607a515da41a9e0c5,0x41d6552ecfc5736cb352b6b79a71048f88bae5fda649ab6b22759ad9a6ec0423
230,3331.103579,0.103267542052579,0xd7530505e648ed8a54ff6872be8774bce4f4a48e,2017-10-16T09:56:07.000Z,0.000031001,0x251287e0ff610c0813ee765fa6e61453d46b01ce,sell,0x2bdc0d42996017fce214b21607a515da41a9e0c5,0x0687eb81f0960eda750189e2336594b8df89eb7e9eb37e4ac371737d243e2cf8
231,228.4,0.0082224,0xd7530505e648ed8a54ff6872be8774bce4f4a48e,2017-10-16T08:51:29.000Z,0.000036,0xee178104201dc138cb3adfb6c3c64a93261fbb0c,buy,0x2bdc0d42996017fce214b21607a515da41a9e0c5,0x456b688ace79ab7d9eae64e3995de8f5e39ced29ef9b16b1ac28e89a673ddb4f
232,228.4,0.0089076,0xea44af68f839c11ed1730839af6e11fbdc63a10d,2017-10-16T08:51:29.000Z,0.000039,0xd7530505e648ed8a54ff6872be8774bce4f4a48e,sell,0x2bdc0d42996017fce214b21607a515da41a9e0c5,0xe2d84e213f3df94affc1649eed653e224251961002c20013601ad6040f7b0077
233,1968.896421,0.061037757947421,0xd7530505e648ed8a54ff6872be8774bce4f4a48e,2017-10-16T07:45:27.000Z,0.000031001,0x5eae8b8ed0f1404eb730f2fb228782b50bc1721c,sell,0x2bdc0d42996017fce214b21607a515da41a9e0c5,0x827f42fd19a1fd4c04cff2e10d8a965c57923fb599757acebb3d8812cac910f8
234,0.435425,0.000013498175,0xd20eb13ccdd123f09850fb25621888f47beb9fba,2017-10-16T05:57:47.000Z,0.000031,0x035392de57aa4fe343d86494103dbe1b068a56c6,sell,0x2bdc0d42996017fce214b21607a515da41a9e0c5,0xf6dac27d06c3742a8b04d39e6bd62d5dd234e8c006609d265f04313349b9c598
235,4367.737109,0.135399850379,0xd20eb13ccdd123f09850fb25621888f47beb9fba,2017-10-16T05:37:48.000Z,0.000031,0x035392de57aa4fe343d86494103dbe1b068a56c6,sell,0x2bdc0d42996017fce214b21607a515da41a9e0c5,0xae3b70607e770953a6103f1c528abd13caed44f6c10272a89ea999b6bfb3eade
236,18000,0.72,0xf81ab81ca1a6a19cc7b69b2c7876ff6543060598,2017-10-15T09:46:14.000Z,0.00004,0x4a5d1fb6b866b6d7ed677c8a6f9205decf984a6a,buy,0x2bdc0d42996017fce214b21607a515da41a9e0c5,0x1ce37196139d67246fcaedbe56a8cb7a7f9956ef771a5a4d70b98d88fd25c440
237,933.107367,0.022394576808,0x8909e1a4f31fc2214ea6c4a917268b833b00c000,2017-10-15T03:40:41.000Z,0.000024,0x650d39cd34a3690eab0a6dedb7ba415ebcfa1cd3,sell,0x2bdc0d42996017fce214b21607a515da41a9e0c5,0xa555c41b02c330381e036963e28ef5ab88ced3e3e64c7ca77b3299ca0fee0b8b
238,1435.549795,0.03158209549,0xea298fd724d4e7c74cedc6704d81672704a2317f,2017-10-14T17:05:49.000Z,0.000022,0xdee68c8b5b594feac6eb5fd761a058c728a42476,sell,0x2bdc0d42996017fce214b21607a515da41a9e0c5,0xfec0057219227cfeb9435066a2a7274e95e3e4eacc5d66b8026d0722e6003988
239,150,0.006,0xd7abd9d82fa7b9d25ae2f0bad3a2c9809dc9c422,2017-10-14T15:10:12.000Z,0.00004,0x918ab490f2d07fa4e6b70e178f19d59a1903004e,sell,0x2bdc0d42996017fce214b21607a515da41a9e0c5,0x17fdd3880b0c809843c37a1d0a2a3603591bb96f5252a9a90db8fa2d45204248
240,212,0.00848,0xd7abd9d82fa7b9d25ae2f0bad3a2c9809dc9c422,2017-10-14T15:09:20.000Z,0.00004,0x918ab490f2d07fa4e6b70e178f19d59a1903004e,sell,0x2bdc0d42996017fce214b21607a515da41a9e0c5,0x90d54b4b5c4a61ec7176a19a3e55c583bc48b696a837861323aa9d1e789d2f86
241,100,0.004045,0xd7abd9d82fa7b9d25ae2f0bad3a2c9809dc9c422,2017-10-14T15:02:14.000Z,0.00004045,0x918ab490f2d07fa4e6b70e178f19d59a1903004e,sell,0x2bdc0d42996017fce214b21607a515da41a9e0c5,0x627a3fe91af7058092f99d5c5b9d9dc29f70961548a4ec77042e0ef87ade3786
242,32300.536,1.30849471336,0x3a24ecd5107eef28ba0b96fc36f57ee8fca40ba1,2017-10-14T10:12:42.000Z,0.00004051,0x7e5bbf4bbca24aeaffb5874333ece0e4dfb8b03a,buy,0x2bdc0d42996017fce214b21607a515da41a9e0c5,0x61edb46deae5c92ff1f474e11a0a340281cefd658a7f162bdcb01e7fb76a94be
243,451.245657,0.0182754491085,0xd5840247f1e80d7d5d262e4687db4fa683b9eed7,2017-10-14T09:39:29.000Z,0.0000405,0xaa231de57130612389ff76e44130a27f14dc486b,sell,0x2bdc0d42996017fce214b21607a515da41a9e0c5,0x38acdeed561ef179f39ee4118c639f14984e6419c7f945fc118bbdef154076b8
244,59880.24,3.000000024,0x06595e2fa93082f8f0337c5767305a442eeb9ef6,2017-10-13T10:52:16.000Z,0.0000501,0x7e5bbf4bbca24aeaffb5874333ece0e4dfb8b03a,buy,0x2bdc0d42996017fce214b21607a515da41a9e0c5,0x12c91b049ee2bc378ea73a145b9bb17db6e1e87885a8a753b4bba847e35da186
245,15819.223879,0.792543116339348,0xdd94736409e42ae626f22296349182378dd53b0a,2017-10-13T10:47:11.000Z,0.00005010000000009153,0x7e5bbf4bbca24aeaffb5874333ece0e4dfb8b03a,buy,0x2bdc0d42996017fce214b21607a515da41a9e0c5,0xd056c2189d58cc2381c4b5abd07a2782516ef2b7dd5598f6ad7c75d98ce1af97
246,1000,0.053,0x06595e2fa93082f8f0337c5767305a442eeb9ef6,2017-10-13T09:30:07.000Z,0.000053,0xea44af68f839c11ed1730839af6e11fbdc63a10d,buy,0x2bdc0d42996017fce214b21607a515da41a9e0c5,0xccbbd64aa8bfdc7d9f429e2b7dbdea975d6e2aebd5b255ae5194cbbc00088ee5
247,5982.05378,0.25423728565,0x06595e2fa93082f8f0337c5767305a442eeb9ef6,2017-10-13T01:38:45.000Z,0.0000425,0xc13fd024120aabf1366caa34103c322fcde31ee5,sell,0x2bdc0d42996017fce214b21607a515da41a9e0c5,0x5981b4e5328ca149521b26cc7b94aeb8a185cc91ea7bf9631fc65dea813f7793
248,4991.551,0.27174003644,0x06595e2fa93082f8f0337c5767305a442eeb9ef6,2017-10-12T23:20:27.000Z,0.00005444,0xa175260b4c83e44f85b95a0083ee0b7707f69879,buy,0x2bdc0d42996017fce214b21607a515da41a9e0c5,0x197d4eb3282f3a555e4b7f88a0181b58b4bebf3f4bc17c0d28d8d6f6cece4dec
249,1623.015567,0.08748053906499603,0x06595e2fa93082f8f0337c5767305a442eeb9ef6,2017-10-12T23:11:33.000Z,0.00005390000000227726,0x9a4cf45a4b422fab87e6a8c98057556a7a7a9dfe,buy,0x2bdc0d42996017fce214b21607a515da41a9e0c5,0x4fbed119ac2035ee724c19605dd6e5ed7059569aa889cba21233a141b5f839de
250,8921,0.481734,0x06595e2fa93082f8f0337c5767305a442eeb9ef6,2017-10-12T23:07:53.000Z,0.000054,0xcaf19c9277809336928d0c3c73e5080547db4c65,buy,0x2bdc0d42996017fce214b21607a515da41a9e0c5,0x6c2505b54fcb1f74c5d0f929912084a5d37287f81fab846b215b6b402e67660d
251,1855.288,0.1000000232,0xd3fa4470cba5e5052e9c7540606a0c0ec067128e,2017-10-12T21:14:48.000Z,0.0000539,0x9a4cf45a4b422fab87e6a8c98057556a7a7a9dfe,buy,0x2bdc0d42996017fce214b21607a515da41a9e0c5,0xec6dbc55e0f93246a1ccae254113637532cca328d9eddb8e1df45676c0f5d28d
252,1855.288,0.1000000232,0xd3fa4470cba5e5052e9c7540606a0c0ec067128e,2017-10-12T21:13:09.000Z,0.0000539,0x9a4cf45a4b422fab87e6a8c98057556a7a7a9dfe,buy,0x2bdc0d42996017fce214b21607a515da41a9e0c5,0xec6dbc55e0f93246a1ccae254113637532cca328d9eddb8e1df45676c0f5d28d
253,1005.881766,0.040738211523,0xd5840247f1e80d7d5d262e4687db4fa683b9eed7,2017-10-12T03:03:22.000Z,0.0000405,0xb06cc5dbf22168fac6af61a528bbc327dbef078b,sell,0x2bdc0d42996017fce214b21607a515da41a9e0c5,0xd1149f1653b18bd0d8c5f3388675e5b91c2ed23d18fc2e2689a3d9e18f777d1a
254,4291.516432,0.23131273573500397,0x06595e2fa93082f8f0337c5767305a442eeb9ef6,2017-10-12T01:39:19.000Z,0.00005390000001169842,0x9a4cf45a4b422fab87e6a8c98057556a7a7a9dfe,buy,0x2bdc0d42996017fce214b21607a515da41a9e0c5,0x75473dadf958912a393546ba31caed6cdfe71f822e0fbc5bab6a737be805ac7e
255,8.448541,0.000459938615191275,0x4544181cf441d234989e27e2c48beafccaae546d,2017-10-11T20:31:47.000Z,0.00005444000510754164,0xa175260b4c83e44f85b95a0083ee0b7707f69879,buy,0x2bdc0d42996017fce214b21607a515da41a9e0c5,0x5bb5715dc61208cdce8696664058ba6c2a30d4b87f6350ae8067bbdc2257e22f
256,0.000041,0.452435,0x4544181cf441d234989e27e2c48beafccaae546d,2017-10-11T20:28:50.000Z,11035,0x0249924245a19aa2d7f5ddb0739a7132b7d094ab,sell,0x2bdc0d42996017fce214b21607a515da41a9e0c5,0xdaea71ff86c6410720b1fc2b4dbe61b58250ec2958e15509e5f756873acf9f29
257,5000,0.26665,0x548cab36b9c0de476d0415437b44a1e7f00210f7,2017-10-11T19:43:29.000Z,0.00005333,0xa175260b4c83e44f85b95a0083ee0b7707f69879,buy,0x2bdc0d42996017fce214b21607a515da41a9e0c5,0x3fb0a010b72668252afe1294a19c1b15f6c766eee11aa2cfa81daaf413343185
258,5000,0.271605,0x548cab36b9c0de476d0415437b44a1e7f00210f7,2017-10-11T19:43:29.000Z,0.000054321,0xa175260b4c83e44f85b95a0083ee0b7707f69879,buy,0x2bdc0d42996017fce214b21607a515da41a9e0c5,0x6931552db5dd9b1809ced800fce862fe97a68af4b32e7124099f5b552b1bce13
259,3083,0.1630907,0x548cab36b9c0de476d0415437b44a1e7f00210f7,2017-10-11T19:43:10.000Z,0.0000529,0xd7530505e648ed8a54ff6872be8774bce4f4a48e,buy,0x2bdc0d42996017fce214b21607a515da41a9e0c5,0x70b48372cdb82a6a4207162a55495c93d14b0bae2f35a1dd3edc7ec56f175f10
260,11287.944597,0.598261063641,0x548cab36b9c0de476d0415437b44a1e7f00210f7,2017-10-11T19:41:41.000Z,0.000053,0x074e2296132fa57d2f68f5e242db6956bca5aa6d,buy,0x2bdc0d42996017fce214b21607a515da41a9e0c5,0x1b292a445eb5e6d81400289f9c6de7022bc94a72fad39e4d2c720df87aba8d00
261,10,0.000037,0x4544181cf441d234989e27e2c48beafccaae546d,2017-10-11T10:39:09.000Z,0.0000037,0x4544181cf441d234989e27e2c48beafccaae546d,sell,0x2bdc0d42996017fce214b21607a515da41a9e0c5,0xf4c24a2963e11efe61fd211eda81b99b495be97264383ff714f29ec3e844384d
262,2,0.0001058,0xbf52f67f8524587d6a7ab1f1f8d092c635b9587f,2017-10-11T10:27:01.000Z,0.0000529,0xd7530505e648ed8a54ff6872be8774bce4f4a48e,buy,0x2bdc0d42996017fce214b21607a515da41a9e0c5,0x1ad601d87b2f08f645a964eee001b19a31b3d33cdb8908d626819ff293b68a51
263,50,0.00202255,0x4544181cf441d234989e27e2c48beafccaae546d,2017-10-11T04:10:13.000Z,0.000040451,0x4544181cf441d234989e27e2c48beafccaae546d,sell,0x2bdc0d42996017fce214b21607a515da41a9e0c5,0x501801f7f14b306884d51a8642b2aca6dfa0dc4479b2d208b5a8921115414d0b
264,6480,0.342792,0x442b2621147b084195a43e7e988ce9aa64c1e057,2017-10-11T00:09:05.000Z,0.0000529,0x52284b841362691e77545fa9c65feae2d8b7355d,buy,0x2bdc0d42996017fce214b21607a515da41a9e0c5,0xba100a26a74a7d8b2900f8530ea4790c14a582027ec1e8c410e835a70935a059
265,15,0.0007935,0x4544181cf441d234989e27e2c48beafccaae546d,2017-10-10T23:16:41.000Z,0.0000529,0xd7530505e648ed8a54ff6872be8774bce4f4a48e,buy,0x2bdc0d42996017fce214b21607a515da41a9e0c5,0xb1ae02b71ab3cf2d21d220a7f61788917f47c4553d349620bdcb3ea36c1f9759
266,74170.072774,2.6738311235027,0xea298fd724d4e7c74cedc6704d81672704a2317f,2017-10-10T18:37:00.000Z,0.00003605,0xd34c69b15647ecb611cba05cff81ea1e55c5e79d,sell,0x2bdc0d42996017fce214b21607a515da41a9e0c5,0xf35636f6de1bec4237a0197d0a1ca3cb073105ba5f002ba70d8a6f99e7dddccf
267,3100.644,0.1339478208,0x4544181cf441d234989e27e2c48beafccaae546d,2017-10-10T13:46:23.000Z,0.0000432,0xa175260b4c83e44f85b95a0083ee0b7707f69879,buy,0x2bdc0d42996017fce214b21607a515da41a9e0c5,0x222209e3b5b0344e62b34e347330d9298743280950ba00dae7d268103094b624
268,6899.355505,0.2980521578247433,0x06595e2fa93082f8f0337c5767305a442eeb9ef6,2017-10-10T12:49:13.000Z,0.00004320000000126726,0xa175260b4c83e44f85b95a0083ee0b7707f69879,buy,0x2bdc0d42996017fce214b21607a515da41a9e0c5,0x0b685987f6b0240bc2dccc8924cafbab6916b5d6f37c22d598e63fa32ec740b4
269,5000,0.18,0xe1e1d0d73eeb29d0632bc4c7871bfc74dbed0741,2017-10-10T12:49:01.000Z,0.000036,0xa175260b4c83e44f85b95a0083ee0b7707f69879,sell,0x2bdc0d42996017fce214b21607a515da41a9e0c5,0xb6f48c9383a925f3d0d37a9f2df0735bddcfd7ef1dc9f04fc73c2371ae5a2b3b
270,22000,1.188,0x06595e2fa93082f8f0337c5767305a442eeb9ef6,2017-10-10T11:13:46.000Z,0.000054,0xdb0deefa761bed6e42a01ab9179b468d05e69cb7,buy,0x2bdc0d42996017fce214b21607a515da41a9e0c5,0xb297ff07643700b5190c010043a834c2fe5557df0c9f264823506ac78fc148bb
271,4000,0.19552,0x06595e2fa93082f8f0337c5767305a442eeb9ef6,2017-10-10T11:03:29.000Z,0.00004888,0xa175260b4c83e44f85b95a0083ee0b7707f69879,buy,0x2bdc0d42996017fce214b21607a515da41a9e0c5,0xb8012b73e8be5c5c2443b5165c547e09363839b62df56cf8240f7a8ec1f83f93
272,7675.861,0.322386162,0x06595e2fa93082f8f0337c5767305a442eeb9ef6,2017-10-10T11:02:03.000Z,0.000042,0x6c4ef2c5a4cd3dfd78e8a198c05076cb6f00967e,buy,0x2bdc0d42996017fce214b21607a515da41a9e0c5,0x845f0a9aecf0dd422fabea878bcb6e143557f78eed7258c093787bc62d7a1c47
273,3100,0.1249331,0xd7530505e648ed8a54ff6872be8774bce4f4a48e,2017-10-10T10:11:31.000Z,0.000040301,0xa175260b4c83e44f85b95a0083ee0b7707f69879,sell,0x2bdc0d42996017fce214b21607a515da41a9e0c5,0x50f6a4dc6cf7a2ab719bb7815bf4577a18f81cef3c10eb1c1f24130417c7c33c
274,28710.995912,1.033595852832,0xe1e1d0d73eeb29d0632bc4c7871bfc74dbed0741,2017-10-10T09:06:05.000Z,0.000036,0xf781b774a458d2bf6fb053d8715029067e718a62,sell,0x2bdc0d42996017fce214b21607a515da41a9e0c5,0xb73639ef4edd210299fe8bb72393bfb958c1acbf394fa7acac3210aa65f3e920
275,6480,0.34992,0x06595e2fa93082f8f0337c5767305a442eeb9ef6,2017-10-10T03:17:56.000Z,0.000054,0x07f3d4130da2ba1d7aa3af15fbf9f003a20288b8,buy,0x2bdc0d42996017fce214b21607a515da41a9e0c5,0x41ed735d355c5ef487be822fab82931db5caf1b4561a6085b7446491e6915418
276,100,0.0045,0xd7abd9d82fa7b9d25ae2f0bad3a2c9809dc9c422,2017-10-09T19:20:46.000Z,0.000045,0x82d99d98115565d2a58e99fc53704cee56e3c0de,buy,0x2bdc0d42996017fce214b21607a515da41a9e0c5,0xd35fbd4d8a358d369d0dcabf9abc4c4a1772d8cb8b0aa63429b9a82473954bbf
277,100,0.00555,0x82d99d98115565d2a58e99fc53704cee56e3c0de,2017-10-09T08:07:53.000Z,0.0000555,0xd7abd9d82fa7b9d25ae2f0bad3a2c9809dc9c422,buy,0x2bdc0d42996017fce214b21607a515da41a9e0c5,0xcedcbcace6c176581e726eb668ee482ede3c80b27c247095c86c285e18682827
278,86.914564,0.0035113483856,0x4544181cf441d234989e27e2c48beafccaae546d,2017-10-08T22:20:42.000Z,0.0000404,0x7a3c919ff4a171933fe8106858bd3805011571f3,sell,0x2bdc0d42996017fce214b21607a515da41a9e0c5,0x0e0d8e15472726896d6146f39a1560801f5e4547a96513212b3410bbd76e2246
279,571.318766,0.031708191513,0x9dd935d237b9273be8b22f8ca8e34922bcc2bbb7,2017-10-08T19:31:21.000Z,0.0000555,0x4544181cf441d234989e27e2c48beafccaae546d,sell,0x2bdc0d42996017fce214b21607a515da41a9e0c5,0xd05f9ff2eed88cdca0b1d0aae288b7d9de05ae9788d8507a2f0d21b408a4c9df
280,550,0.02222,0x4544181cf441d234989e27e2c48beafccaae546d,2017-10-08T15:26:59.000Z,0.0000404,0xca63e78d0682405a4c8993cdadf658a51d4ae61b,buy,0x2bdc0d42996017fce214b21607a515da41a9e0c5,0xc2691291dd78ef3232ecaf2c485daf47b4c78849afdf79eb982997357a172ecb
281,166.752,0.008022772224,0xd5840247f1e80d7d5d262e4687db4fa683b9eed7,2017-10-08T12:45:52.000Z,0.000048112,0x4544181cf441d234989e27e2c48beafccaae546d,sell,0x2bdc0d42996017fce214b21607a515da41a9e0c5,0x6452abafee5373f1a91ccb105a13552854002375d1540703da03196a11c63ae4
282,1000,0.057,0x068a903c384626bafe48bc93857e95be2d39dd13,2017-10-08T11:41:03.000Z,0.000057,0x074e2296132fa57d2f68f5e242db6956bca5aa6d,buy,0x2bdc0d42996017fce214b21607a515da41a9e0c5,0xa114c702d35770d942d6999378e49f4b44ede0781c50c2f12079d257226c6f77
283,100,0.0056,0x068a903c384626bafe48bc93857e95be2d39dd13,2017-10-08T11:28:30.000Z,0.000056,0xd7abd9d82fa7b9d25ae2f0bad3a2c9809dc9c422,buy,0x2bdc0d42996017fce214b21607a515da41a9e0c5,0x7bacfbd274c2f4f6a9a93ded0d38fdddca1e231fa6887358e22d6d8a933fb55d
284,720,0.04031136,0x068a903c384626bafe48bc93857e95be2d39dd13,2017-10-08T11:24:25.000Z,0.000055988,0x09da55ee6c7869f239e85fb973a93694f3d8b3f3,buy,0x2bdc0d42996017fce214b21607a515da41a9e0c5,0x3c12d8eecc4f032d3a6add50f70bbf111e039dc06b5933a0a55c05ab2cf5d601
285,23,0.0007406,0x4544181cf441d234989e27e2c48beafccaae546d,2017-10-08T11:07:54.000Z,0.0000322,0x4544181cf441d234989e27e2c48beafccaae546d,sell,0x2bdc0d42996017fce214b21607a515da41a9e0c5,0xd2476e60a6cfa4874c5302d29f6bf221458ce0f106e3fef225859ca306e1b543
286,4381.277095,0.00448642774528,0x035392de57aa4fe343d86494103dbe1b068a56c6,2017-10-07T20:30:35.000Z,0.000001024,0x2704714116c1ea25cde53915aa8d375d46d8d987,sell,0x2bdc0d42996017fce214b21607a515da41a9e0c5,0x008461cd8209f09ee5945cd7400629d63ba4a8e16735dd0dd9755f291f2bd8d9
287,558.648836,0.026877712797632,0xd5840247f1e80d7d5d262e4687db4fa683b9eed7,2017-10-07T19:48:27.000Z,0.000048112,0x34b9fd661e5bfe77731157fd1ab04b4271ea2b41,sell,0x2bdc0d42996017fce214b21607a515da41a9e0c5,0x8b6e6d9c5d69e5d0c5258313bd8dc0642b4e4a96d22e3cad8656b3df11110272
288,133.219693,0.00667563881623,0x5d5065b42bdee0274e394ba9042c21e1818c69cf,2017-10-07T19:43:11.000Z,0.00005011,0x34b9fd661e5bfe77731157fd1ab04b4271ea2b41,sell,0x2bdc0d42996017fce214b21607a515da41a9e0c5,0x22a6e539e3361fb6f3227a3aeabf72ec31ed3686e81a338d16597571cf01416a
289,199.381916,0.00999102781076,0x5d5065b42bdee0274e394ba9042c21e1818c69cf,2017-10-07T18:47:20.000Z,0.00005011,0xc2113f04f040e962fbe32a8dcf1886e0f96353f2,sell,0x2bdc0d42996017fce214b21607a515da41a9e0c5,0x69e55a9ac48c19fc854475495c0b386bdfe0053ad116b3d3bb5dba487c952fd3
290,1009,0.0574121,0xa01d014408fb5ee8a34109d3c61c2293174c228b,2017-10-07T16:21:02.000Z,0.0000569,0x4ba35a4d10fd2cb6621ede59cec554d532a48284,buy,0x2bdc0d42996017fce214b21607a515da41a9e0c5,0x1670f2bbe2427aac8724004a37234f056d08cf3cd8a802ede8844d69a167fac8
291,250,0.0125275,0xa01d014408fb5ee8a34109d3c61c2293174c228b,2017-10-07T16:11:35.000Z,0.00005011,0x03bad0dd9343e1d95416f0063130ba998666aa82,buy,0x2bdc0d42996017fce214b21607a515da41a9e0c5,0x5cf4cfe7e8be65f5f06fe797c5428c37bf884a25b7ef49b6752de0fe545feb29
292,5483.002691,0.27475326484601,0xa01d014408fb5ee8a34109d3c61c2293174c228b,2017-10-07T14:23:19.000Z,0.00005011,0x6079ca4a2d8a1b5d2a31b482ee9e5eb6ccfec368,sell,0x2bdc0d42996017fce214b21607a515da41a9e0c5,0x7508a055985f8222ff33c766f4740acca2e1b986169c33015412bf7bb5e50321
293,0.917996,0.00004600077956,0xa01d014408fb5ee8a34109d3c61c2293174c228b,2017-10-07T10:03:09.000Z,0.00005011,0x1c85c4f2e3b8b58f3c0e918ab0882a40a25669d9,sell,0x2bdc0d42996017fce214b21607a515da41a9e0c5,0xd00e3a57a7ffc8656c1994bf413c2d6e36c7163aa0a4fe5b1d8e334a719d0d46
294,140.438583,0.00703737739413,0xa01d014408fb5ee8a34109d3c61c2293174c228b,2017-10-07T07:07:20.000Z,0.00005011,0xfb199a0cc7dc98ad9d696df75732160805a6c763,sell,0x2bdc0d42996017fce214b21607a515da41a9e0c5,0xbd17aedfd2c847c83d05c445be5e92a22c44a2183ba53ef783385e42504be514
295,2098.62387,0.1051620421257,0xa01d014408fb5ee8a34109d3c61c2293174c228b,2017-10-07T05:34:13.000Z,0.00005011,0x76bb703f80d4e7aa361eaa2aba0bd7103c10d63a,sell,0x2bdc0d42996017fce214b21607a515da41a9e0c5,0x9acd4d00606be8727c442d76e75a4d64d93aec5ea83ea87f9a3f807b53b9972b
296,1570.848403,0.08953835898367604,0x4544181cf441d234989e27e2c48beafccaae546d,2017-10-07T05:13:35.000Z,0.00005700000000806955,0x074e2296132fa57d2f68f5e242db6956bca5aa6d,buy,0x2bdc0d42996017fce214b21607a515da41a9e0c5,0x1e586f98fead37c594c846f8c4b9d15a295c299d0afd2aeaebdc10b860c07a99
297,721.762536,0.03616752067896,0xa01d014408fb5ee8a34109d3c61c2293174c228b,2017-10-06T23:48:35.000Z,0.00005011,0xa702c091023a4cd50a32ba96833cdc8e005b0191,sell,0x2bdc0d42996017fce214b21607a515da41a9e0c5,0x6cefc7f5d3ac3f7936695d2f55453b9d5191e355b4cc7e9676753fa15777041c
298,12474.598743,0.600177894723216,0xd5840247f1e80d7d5d262e4687db4fa683b9eed7,2017-10-06T19:55:06.000Z,0.000048112,0x9e8f8a9266311372d2de1ef41ca6121ac5e8eeb6,sell,0x2bdc0d42996017fce214b21607a515da41a9e0c5,0xe9b2358cd12a0976288bd4f8a5d00964f19633e51e9af1266a98097b93363626
299,2060.612102,0.1030306051,0x028b7a40a056b4130ac2a69126a714a309441f22,2017-10-06T17:28:45.000Z,0.00005,0x809c51e868c3977139e13cb99333eaa0e7915bdb,sell,0x2bdc0d42996017fce214b21607a515da41a9e0c5,0xfe94cb9109c26a3435b7840b06c8245520b44dca5800df0f33e6a12e1b4c0273
300,400,0.023,0xc7779b91676a70c3628a0fe6dc0f5d36789f7e26,2017-10-06T16:22:36.000Z,0.0000575,0xcaf19c9277809336928d0c3c73e5080547db4c65,buy,0x2bdc0d42996017fce214b21607a515da41a9e0c5,0x17d70d7f8c7cbebf8796b7a2035f06640c28e3807962e814b3e6151a568638c2
301,678.261,0.0390000075,0xc7779b91676a70c3628a0fe6dc0f5d36789f7e26,2017-10-06T14:37:47.000Z,0.0000575,0xcaf19c9277809336928d0c3c73e5080547db4c65,buy,0x2bdc0d42996017fce214b21607a515da41a9e0c5,0x4f503e5e106f7a62d4255db9accb647b2fd34fbb28d3e7bcbacdc4c17639505d
302,717.774897,0.0359605223397,0x4544181cf441d234989e27e2c48beafccaae546d,2017-10-06T12:27:23.000Z,0.0000501,0x3048756b45c1385696b14b7b2b531c14466fb2cd,sell,0x2bdc0d42996017fce214b21607a515da41a9e0c5,0xa25c7f77f0db43f9bec546b93cd05c2e65cfa040cd378739efe69576fb4aac83
303,2841.192303,0.14205961515,0x028b7a40a056b4130ac2a69126a714a309441f22,2017-10-06T09:00:42.000Z,0.00005,0x163f9e7f2ce20ae1aa9ed59587123db466bbd365,sell,0x2bdc0d42996017fce214b21607a515da41a9e0c5,0x9596d30d17ff1a19b31a2c27c00157d3a20ea131b2ab4450f0916ea9b466531b
304,9694.051191,0.4856719646691,0x4544181cf441d234989e27e2c48beafccaae546d,2017-10-06T05:18:41.000Z,0.0000501,0x0e0d529431c0ab437d2a6c97fdd00bd5bfbc8c2c,sell,0x2bdc0d42996017fce214b21607a515da41a9e0c5,0x1018355c85ae31c96a94e2b9698fd76392156337b0ae1f916e3beeae0c2f7c04
305,7590,0.372669,0x4544181cf441d234989e27e2c48beafccaae546d,2017-10-05T19:38:44.000Z,0.0000491,0x0e0d529431c0ab437d2a6c97fdd00bd5bfbc8c2c,sell,0x2bdc0d42996017fce214b21607a515da41a9e0c5,0x98104e839290d31e0c09cb058bf5f5f3df8f2dc7967217efa034b99869e321bb
306,11250.74662,0.55128658438,0x4544181cf441d234989e27e2c48beafccaae546d,2017-10-05T14:16:51.000Z,0.000049,0x494373f6be6f3cf2b79793a36bb35fbb0df1130f,sell,0x2bdc0d42996017fce214b21607a515da41a9e0c5,0xc2ca4ae48e7e6c747a8e02d9160b22d856e60a2302e1fe74ac8c1b9edc98305b
307,10,0.00058,0xd8a62ad8a7efa8a3267932d2e478c026566fbe34,2017-10-05T12:37:21.000Z,0.000058,0x074e2296132fa57d2f68f5e242db6956bca5aa6d,buy,0x2bdc0d42996017fce214b21607a515da41a9e0c5,0x0ae7d4e1863b3edbe49ae8322c5920b707ba6b02f9149e5e96a466bbb5ede3e8
308,200,0.0124,0x03bad0dd9343e1d95416f0063130ba998666aa82,2017-10-05T05:43:47.000Z,0.000062,0x0e0d529431c0ab437d2a6c97fdd00bd5bfbc8c2c,sell,0x2bdc0d42996017fce214b21607a515da41a9e0c5,0xf9504fb86823b6441fe966bd8bd5a98b051b28a9e99f1efa7cda714e0a2c8d15
309,86.207,0.005000006,0x4544181cf441d234989e27e2c48beafccaae546d,2017-10-05T04:48:18.000Z,0.000058,0x074e2296132fa57d2f68f5e242db6956bca5aa6d,buy,0x2bdc0d42996017fce214b21607a515da41a9e0c5,0x5e5b9ab8390afb9dd0e462e323c8ddeff2fc5ca7d1b2e82ef4e5f5c5e9abfff2
310,90,0.00558,0x03bad0dd9343e1d95416f0063130ba998666aa82,2017-10-05T02:47:22.000Z,0.000062,0x4544181cf441d234989e27e2c48beafccaae546d,sell,0x2bdc0d42996017fce214b21607a515da41a9e0c5,0x5fc8783ba4c8579a0b9ff00cc2724b1721b0617162a76c52eca4c98b260a1da0
311,26724.138,1.550000004,0xc321fb88f38c4868de64b4a9ae51aed14ef007bb,2017-10-05T01:55:10.000Z,0.000058,0x6c4ef2c5a4cd3dfd78e8a198c05076cb6f00967e,buy,0x2bdc0d42996017fce214b21607a515da41a9e0c5,0x3692df7253a3d3975db712f1486fef3e64a63622801ee116b56bec8f25a21127
312,10310,0.50519,0x4544181cf441d234989e27e2c48beafccaae546d,2017-10-04T21:15:40.000Z,0.000049,0x0e0d529431c0ab437d2a6c97fdd00bd5bfbc8c2c,sell,0x2bdc0d42996017fce214b21607a515da41a9e0c5,0x06b881ffc56c04d57feb6af0ff9747105996b2048bfb190831065369add26ecd
313,635.736,0.0307060488,0x028b7a40a056b4130ac2a69126a714a309441f22,2017-10-04T18:37:51.000Z,0.0000483,0x241b2031c0b120c95861f5f2b31452321ef3d99e,buy,0x2bdc0d42996017fce214b21607a515da41a9e0c5,0x4549623e86d0a7c37bd1bb6af0316b46e2b1ba52aa744b856454a72577a3250d
314,12277.349,0.5954514265,0x028b7a40a056b4130ac2a69126a714a309441f22,2017-10-04T18:25:50.000Z,0.0000485,0xae11081597121016b114450ec197f1927e36dfa9,buy,0x2bdc0d42996017fce214b21607a515da41a9e0c5,0xd158b2bde124ceef50e1d1aa86e11160c80b3809263dccb0408d09bfd37c6ac6
315,88,0.003432,0xd7abd9d82fa7b9d25ae2f0bad3a2c9809dc9c422,2017-10-04T18:13:05.000Z,0.000039,0x241b2031c0b120c95861f5f2b31452321ef3d99e,sell,0x2bdc0d42996017fce214b21607a515da41a9e0c5,0x77894b6236368cfd2ba876d680b29cb5b074b00847806bf8a6991400261bb775
316,1794.795023,0.086150161104,0x028b7a40a056b4130ac2a69126a714a309441f22,2017-10-04T13:13:50.000Z,0.000048,0x5bc947356b9a75fdcb92f3eb550682941aca376b,sell,0x2bdc0d42996017fce214b21607a515da41a9e0c5,0x0b3641debc8309294847973d98d85adf6dfd6980d4a86f79be16362e2f6cd28c
317,25837.918017,1.240220064816,0x028b7a40a056b4130ac2a69126a714a309441f22,2017-10-04T07:43:51.000Z,0.000048,0x0cd0b80399688b6cef32d557a1203f6cb7c27e46,sell,0x2bdc0d42996017fce214b21607a515da41a9e0c5,0xa1483f582fab20e040d94ed7d4345a49f79ebbad26d42cdacc6aa6c2fdfc34d4
318,11197.596547,0.537484634256,0x028b7a40a056b4130ac2a69126a714a309441f22,2017-10-04T07:20:45.000Z,0.000048,0x0cd0b80399688b6cef32d557a1203f6cb7c27e46,sell,0x2bdc0d42996017fce214b21607a515da41a9e0c5,0x0ab03af57c8c99a4eddfed82be6c8e9e5efbc4d2df5ee9745d5bde5b20d2c4e6
319,15000,0.615015,0x3dee4a4e076e8d82859d241db0baf46f112cfa23,2017-10-03T21:58:08.000Z,0.000041001,0x0cd0b80399688b6cef32d557a1203f6cb7c27e46,sell,0x2bdc0d42996017fce214b21607a515da41a9e0c5,0x8e6193d56a93af099b6fb817ce9afb697644605be0c3f09ef60a32a851b36b47
320,8362.946,0.393133728514,0x4544181cf441d234989e27e2c48beafccaae546d,2017-10-03T21:42:08.000Z,0.000047009,0x0cd0b80399688b6cef32d557a1203f6cb7c27e46,sell,0x2bdc0d42996017fce214b21607a515da41a9e0c5,0xd54b1aefc3c3f20324d7a98c2636c557a07addcd461c0f30fd87e11a16dc5109
321,0.596298,0.000028031372682,0x4544181cf441d234989e27e2c48beafccaae546d,2017-10-03T20:33:29.000Z,0.000047009,0x92e869e6a08a6d76f5ad529c43a608f4807927ab,sell,0x2bdc0d42996017fce214b21607a515da41a9e0c5,0x061c77a0c36c9568be75523fab61432ebf0b36a74e1fd3e12cc420072fc04051
322,5981.457481,0.281182334724329,0x4544181cf441d234989e27e2c48beafccaae546d,2017-10-03T20:13:28.000Z,0.000047009,0x92e869e6a08a6d76f5ad529c43a608f4807927ab,sell,0x2bdc0d42996017fce214b21607a515da41a9e0c5,0x2c0beb0446686076ba33a4436a0d4a4365d74153b1909d3b9c2cfdb7dd993ffc
323,17346.226697,0.832774997496273,0x4544181cf441d234989e27e2c48beafccaae546d,2017-10-03T16:39:37.000Z,0.000048009,0xb45d904431f0fc93f14ed273d7e8acb71339207f,sell,0x2bdc0d42996017fce214b21607a515da41a9e0c5,0xad8f0fc40b58663f9774f442a3a397d45892e24cd4686e5ebc7c63ac595594a1
324,11112,0.5344872,0x4544181cf441d234989e27e2c48beafccaae546d,2017-10-03T08:38:36.000Z,0.0000481,0xfb199a0cc7dc98ad9d696df75732160805a6c763,sell,0x2bdc0d42996017fce214b21607a515da41a9e0c5,0x703bb5c5b9a2c91aa3bf9ad8b8e5e0ba8ff60597f6bb046b027abfae10b1a909
325,7898.013059,0.37942054735436,0x4544181cf441d234989e27e2c48beafccaae546d,2017-10-03T07:11:17.000Z,0.00004804,0x928f4639f3f246dda00f7dfaae422acc2fc018ae,sell,0x2bdc0d42996017fce214b21607a515da41a9e0c5,0x82fffbc00e5568d440b100305c7af2a77cb93ac84d8ed6c984df0884de66eba9
326,0.198021,0.00000953471115,0x0e0d529431c0ab437d2a6c97fdd00bd5bfbc8c2c,2017-10-03T02:13:17.000Z,0.00004815,0x5f0e2c05cda2cb62b1daabed1b683407bf699ad7,sell,0x2bdc0d42996017fce214b21607a515da41a9e0c5,0xfbce88d55ed088b3f4c76b68cdcea99e049509e2f87ad5fc3cd665357c645c8f
327,1986.342338,0.095344432224,0x0e0d529431c0ab437d2a6c97fdd00bd5bfbc8c2c,2017-10-03T02:04:08.000Z,0.000048,0x5f0e2c05cda2cb62b1daabed1b683407bf699ad7,sell,0x2bdc0d42996017fce214b21607a515da41a9e0c5,0xe4087423b89889084773a876b9f656850be97a4125895536fadc7f118ab70e4c
328,2500,0.12,0x0e0d529431c0ab437d2a6c97fdd00bd5bfbc8c2c,2017-10-03T01:59:16.000Z,0.000048,0x5f0e2c05cda2cb62b1daabed1b683407bf699ad7,sell,0x2bdc0d42996017fce214b21607a515da41a9e0c5,0x6d210f09590df1c14f53253d46faf142f7875eba83f94b79fb6c6c0df1ca3d5a
329,1230.186422,0.059048948256,0x0e0d529431c0ab437d2a6c97fdd00bd5bfbc8c2c,2017-10-03T01:42:42.000Z,0.000048,0x8063a08d20edc730896d42c5551e3a4dd06adeaf,sell,0x2bdc0d42996017fce214b21607a515da41a9e0c5,0xafd063abbcf546bb21468058449e6ebe4ecf9612e1e1bf574407f0c3e9ec5217
330,2000,0.1,0x86f4307c8c7a5e1000b876ab16cce6ebae8a3309,2017-10-03T01:17:48.000Z,0.00005,0x8063a08d20edc730896d42c5551e3a4dd06adeaf,sell,0x2bdc0d42996017fce214b21607a515da41a9e0c5,0x25448a166252ee021e4770ff06ada09730c087ed63dac587efa6ce194c0a61e8
331,7177.748978,0.3456086132907,0x0e0d529431c0ab437d2a6c97fdd00bd5bfbc8c2c,2017-10-02T23:22:05.000Z,0.00004815,0x40e72279f2625959041ad01920aaddaa1ec45cbb,sell,0x2bdc0d42996017fce214b21607a515da41a9e0c5,0xd284892e85b00d076d712152263ba2e85c9986e58c46498d69c3baa57daaf930
332,3000,0.14445,0x4454847b528907f6819a6696491370060a37e5d0,2017-10-02T18:40:51.000Z,0.00004815,0xa702c091023a4cd50a32ba96833cdc8e005b0191,buy,0x2bdc0d42996017fce214b21607a515da41a9e0c5,0xcc87b150a31ba7840c1407c0e2b546b1a0e8a8de39e1967adbc77d85d1bf5166
333,3588.874489,0.17280430664535,0x0e0d529431c0ab437d2a6c97fdd00bd5bfbc8c2c,2017-10-02T08:50:24.000Z,0.00004815,0x5bc947356b9a75fdcb92f3eb550682941aca376b,sell,0x2bdc0d42996017fce214b21607a515da41a9e0c5,0x9e6cfc1289b8c53056baaa7ed7bc844bc0cd1970d5ddca60f6ad7e932ff521d5
334,3588.874489,0.172265975472,0x0e0d529431c0ab437d2a6c97fdd00bd5bfbc8c2c,2017-10-01T20:37:23.000Z,0.000048,0xc6eeedad0417b31a078938fdbe9b43c6ca79392e,sell,0x2bdc0d42996017fce214b21607a515da41a9e0c5,0x9efafd8dc3d93d4104de04e5ecf1f4e5253ff379bd7c44b530f255fcc67aab22
335,7806.178013,0.374696544624,0x0e0d529431c0ab437d2a6c97fdd00bd5bfbc8c2c,2017-10-01T20:01:44.000Z,0.000048,0x0ebe3507a263addc65cff0991b8f59d0126f7faa,sell,0x2bdc0d42996017fce214b21607a515da41a9e0c5,0x0d08966fbe59bd5bac08920f4278d680f532b05de77e40c18dcef0f7f105d146
336,15654.098295,0.798359013045,0x4544181cf441d234989e27e2c48beafccaae546d,2017-10-01T04:47:11.000Z,0.000051,0xd1f9eb61ad476170a6ac5e6ccf064b3306e54e44,sell,0x2bdc0d42996017fce214b21607a515da41a9e0c5,0x38102e4507a272ae1807c1260fee22b1159012ab5d86d6886d24ccc4fe5e310d
337,2632.308,0.125747985468,0x4544181cf441d234989e27e2c48beafccaae546d,2017-09-30T06:43:11.000Z,0.000047771,0xd7530505e648ed8a54ff6872be8774bce4f4a48e,buy,0x2bdc0d42996017fce214b21607a515da41a9e0c5,0x443e871ca38d4e924c9268fb61ef25d5507d748f79a06b4c53ddcdde9366c784
338,22314.425,1.3388655,0x46dc6b56513ae75026900e7fd27aaf835cd0163a,2017-09-30T03:17:13.000Z,0.00006,0x504387a1e8e35eef68f2e24f9db60ab8df436bc2,buy,0x2bdc0d42996017fce214b21607a515da41a9e0c5,0x660848526980400368839acafb4690b41290114fca8a9df0ef0ccbe4d0cd42e1
339,598,0.024518,0xe1e1d0d73eeb29d0632bc4c7871bfc74dbed0741,2017-09-30T00:06:39.000Z,0.000041,0xbfb3646c215a8eb340b0b7c39dd2c3c2a245e650,sell,0x2bdc0d42996017fce214b21607a515da41a9e0c5,0x5e6d983eb0c571f7d0ced37015757c2bb13e9e64596e91336827c29cf3fd23aa
340,423.118254,0.02750268657162795,0xa54ffa43d11698bc300d924781518b71dd10f0a8,2017-09-29T22:54:06.000Z,0.00006500000014565184,0x9dd935d237b9273be8b22f8ca8e34922bcc2bbb7,buy,0x2bdc0d42996017fce214b21607a515da41a9e0c5,0x3a222ae1bf6b8025ca673a39a605405c08b0cd4857fa35257175db782e014f69
341,13525,0.69789,0x4544181cf441d234989e27e2c48beafccaae546d,2017-09-29T21:58:06.000Z,0.0000516,0x504387a1e8e35eef68f2e24f9db60ab8df436bc2,sell,0x2bdc0d42996017fce214b21607a515da41a9e0c5,0xa58d065d33f4982d09abdd5dfb7eb6a1673dde4026c000f84b4d45163df5527a
342,6.944444,0.0005,0x350f6f675b20d606bb7f6c412ef4775c9bc57168,2017-09-29T21:24:31.000Z,0.00007200000460800029,0xfb199a0cc7dc98ad9d696df75732160805a6c763,buy,0x2bdc0d42996017fce214b21607a515da41a9e0c5,0x543699a040ee54f9c16e0caab8380288fc72d86d4d74944d9045adf2347a47c8
343,6.944444,0.0005,0x3bfdec5343e950ce45522eef9948c977631b4000,2017-09-29T21:20:39.000Z,0.00007200000460800029,0xfb199a0cc7dc98ad9d696df75732160805a6c763,buy,0x2bdc0d42996017fce214b21607a515da41a9e0c5,0x26376495c3e5602b4ba1b31511b8c1ab73aefd09b9ac4d090d05ba2ecb7b68d0
344,20000,1.00202,0x3dee4a4e076e8d82859d241db0baf46f112cfa23,2017-09-29T17:19:40.000Z,0.000050101,0x4a5d1fb6b866b6d7ed677c8a6f9205decf984a6a,sell,0x2bdc0d42996017fce214b21607a515da41a9e0c5,0x1269751dd8a937fb5da9473f92ff2bdccfe1d15854207c5cf1e8aa73be422275
345,1818,0.099991818,0x62cfc31f574f8ec9719d719709bcce9866becacd,2017-09-29T12:30:02.000Z,0.000055001,0x4a5d1fb6b866b6d7ed677c8a6f9205decf984a6a,sell,0x2bdc0d42996017fce214b21607a515da41a9e0c5,0xd78be0cbaa8b2c187d03c9f598e12a817cfa8d5adf9c54d01c677d0fad98dbb1
346,10890,0.62073,0x4544181cf441d234989e27e2c48beafccaae546d,2017-09-29T10:59:42.000Z,0.000057,0x4a5d1fb6b866b6d7ed677c8a6f9205decf984a6a,sell,0x2bdc0d42996017fce214b21607a515da41a9e0c5,0xa1b691a8d5d6acf6ee5c424686772b118f76b4da9d2838d5ee43af579c885992
347,2000,0.1234,0x4544181cf441d234989e27e2c48beafccaae546d,2017-09-29T06:45:22.000Z,0.0000617,0x9dd935d237b9273be8b22f8ca8e34922bcc2bbb7,buy,0x2bdc0d42996017fce214b21607a515da41a9e0c5,0xe10c49976b280518f1216b10363451968aca2a6700866c2bbad29f85aa3ad4db
348,875.752396,0.06568055398943387,0xa48975d71d3e073cd0c41095024ca5ccc77cc9ea,2017-09-29T06:40:13.000Z,0.00007499900004776449,0x1df6d6f0a39ceb22b2d0b7e1ac3024e0959ba5bb,buy,0x2bdc0d42996017fce214b21607a515da41a9e0c5,0xad3d26a3b8277bb42a7ba6e4711d6cb9e0d60bc9b67805332c1c9557cdaf3763
349,2702.626,0.1674276807,0xd1f9eb61ad476170a6ac5e6ccf064b3306e54e44,2017-09-29T05:58:08.000Z,0.00006195,0x9dd935d237b9273be8b22f8ca8e34922bcc2bbb7,buy,0x2bdc0d42996017fce214b21607a515da41a9e0c5,0xc91f5e5dda3dc5b9c7e887900c6bc352765fbce2e85f858fc943edeebbc7c082
350,3000,0.1851,0xd1f9eb61ad476170a6ac5e6ccf064b3306e54e44,2017-09-29T05:58:08.000Z,0.0000617,0xd3790c5cd131d9849b220f69e984bd7c52569090,buy,0x2bdc0d42996017fce214b21607a515da41a9e0c5,0x3e0015c9b60dae8af3b7ab68812693a761516a0a091bc4f6d311340cbbc7a534
351,5000,0.3075,0xd1f9eb61ad476170a6ac5e6ccf064b3306e54e44,2017-09-29T05:50:12.000Z,0.0000615,0xd3790c5cd131d9849b220f69e984bd7c52569090,buy,0x2bdc0d42996017fce214b21607a515da41a9e0c5,0x50e46d587c86fe2816448e4088e48822061ee30f99c5bdd091d263bb3ed0bdcc
352,5000,0.305,0xd1f9eb61ad476170a6ac5e6ccf064b3306e54e44,2017-09-29T05:35:21.000Z,0.000061,0xd3790c5cd131d9849b220f69e984bd7c52569090,buy,0x2bdc0d42996017fce214b21607a515da41a9e0c5,0xaec2201680882a98e3655e2c4cfdfba4fed149d6ad0a4a3a0a119376bf890e53
353,5000,0.295,0x4544181cf441d234989e27e2c48beafccaae546d,2017-09-29T03:04:21.000Z,0.000059,0xd3790c5cd131d9849b220f69e984bd7c52569090,buy,0x2bdc0d42996017fce214b21607a515da41a9e0c5,0x5b238682ee989d96b9151f897a9b7365a27f00b784ffb8e1bbe66d47af2ed3e3
354,5000,0.29,0x4544181cf441d234989e27e2c48beafccaae546d,2017-09-29T03:01:50.000Z,0.000058,0xd3790c5cd131d9849b220f69e984bd7c52569090,buy,0x2bdc0d42996017fce214b21607a515da41a9e0c5,0x8e3543f91e7ec3b725b912b0137bfc5d5fd9618c0030603add39fba2838f444d
355,2990.72874,0.1644900807,0xad2fdeed7f778298410af5863e904ba00ebbbada,2017-09-29T02:25:46.000Z,0.000055,0x04d65aadf78f94707b95ce7b8c0f8cca6b0b5700,sell,0x2bdc0d42996017fce214b21607a515da41a9e0c5,0x840b9e59976ea6a747efa101a74d55ca7a9f2492862bd9a7d30aebda8c689db1
356,3000,0.159,0x04d65aadf78f94707b95ce7b8c0f8cca6b0b5700,2017-09-29T02:18:27.000Z,0.000053,0x040011a7ac18163c3c37114acd0ea0bc8fcd2b32,buy,0x2bdc0d42996017fce214b21607a515da41a9e0c5,0x715fed419412a24f4fefe27c757e7dfe23c6672e3a280715d1cac3c100e8f5d8
357,4920.295008,0.27061622544,0xad2fdeed7f778298410af5863e904ba00ebbbada,2017-09-29T01:43:03.000Z,0.000055,0x3dee4a4e076e8d82859d241db0baf46f112cfa23,sell,0x2bdc0d42996017fce214b21607a515da41a9e0c5,0xda16c052ec2ba5b8942174da23d6db1252e83c397b609f97e40efaaeb01c25df
358,1,0.00006195,0x0249924245a19aa2d7f5ddb0739a7132b7d094ab,2017-09-28T18:18:53.000Z,0.00006195,0x9dd935d237b9273be8b22f8ca8e34922bcc2bbb7,buy,0x2bdc0d42996017fce214b21607a515da41a9e0c5,0x2a1f77d1caed6427f8d8a7152b82081de9d73449688207ce944c62696ce08136
359,9953.519515,0.547443573325,0xad2fdeed7f778298410af5863e904ba00ebbbada,2017-09-28T18:08:56.000Z,0.000055,0x48b68b6c7cf4508410d548a3d4c09af7b991d18f,sell,0x2bdc0d42996017fce214b21607a515da41a9e0c5,0x233a65fba7f88da242c6cd7780385764dd0e25025dc233bf7f6ba3e5f600b191
360,19240.354899,1.058219519445,0xad2fdeed7f778298410af5863e904ba00ebbbada,2017-09-28T17:33:47.000Z,0.000055,0xfe9c376c3c339403b043c0b27db71093a0f9a8f6,sell,0x2bdc0d42996017fce214b21607a515da41a9e0c5,0x4371fae6b1d6301cbe87a2231b1b71d50834c5f367e457b5969048fe138ef69a
361,49,0.00303555,0xa0be78d2bac6a692adba423c7af50ec86a18bddf,2017-09-28T14:19:17.000Z,0.00006195,0x3dee4a4e076e8d82859d241db0baf46f112cfa23,buy,0x2bdc0d42996017fce214b21607a515da41a9e0c5,0xb634f1bd51a3322d81a30a0c808c6da17dbfa6dd5469712ab4a4a7202329d1da
362,4984.547901,0.244242847149,0x3dee4a4e076e8d82859d241db0baf46f112cfa23,2017-09-28T09:14:53.000Z,0.000049,0xc98e5e400ae3e4e913f2bc8d3b7b2750551f8b5d,sell,0x2bdc0d42996017fce214b21607a515da41a9e0c5,0x686738c4a8a117b7a16e4a5a425c91bee1587d2cb6e1e78f7818973c3383e0c3
363,4712.160688,0.245037067936688,0xd5840247f1e80d7d5d262e4687db4fa683b9eed7,2017-09-28T04:59:36.000Z,0.000052001,0x1ed014aec47fae44c9e55bac7662c0b78ae61798,sell,0x2bdc0d42996017fce214b21607a515da41a9e0c5,0xb68e0ddd80ce23a67b7e25a8e418875c572be836e48a00c31c84fb12ade68dc4
364,523.81,0.03300003,0xd20b0509f7a3e909c059f7121b64092aa68b162b,2017-09-28T02:58:44.000Z,0.000063,0xfd2408bbae46c9db310eee0f531f29daf564e182,buy,0x2bdc0d42996017fce214b21607a515da41a9e0c5,0x2382c5c4edf0a3e0653495b63d3bca33b685bbc2e2354165ba379873dd3a8eff
365,15.625,0.001,0xcdd53f530ab4fb824fc9f2a321f3c001b4a710cc,2017-09-27T23:42:51.000Z,0.000064,0x48b68b6c7cf4508410d548a3d4c09af7b991d18f,buy,0x2bdc0d42996017fce214b21607a515da41a9e0c5,0x3cb418fd491104631c9f1a21fc76d045f952edacb963738b7f8f63d391648b5f
366,926,0.0048152926,0xe6752641b59bffab5cce0e14dc517f9422acce12,2017-09-27T23:40:13.000Z,0.0000052001,0x164a44288b5dafed24d24c515d41430da1c29e39,buy,0x2bdc0d42996017fce214b21607a515da41a9e0c5,0x39ec5014afc6fcf27e6c98f6579d3e4ef1f26d0d2263d91ebced7a4b5574f7fc
367,923.222,0.048008467222,0xd5840247f1e80d7d5d262e4687db4fa683b9eed7,2017-09-27T23:40:13.000Z,0.000052001,0xe6752641b59bffab5cce0e14dc517f9422acce12,sell,0x2bdc0d42996017fce214b21607a515da41a9e0c5,0x39ec5014afc6fcf27e6c98f6579d3e4ef1f26d0d2263d91ebced7a4b5574f7fc
368,2122.650552,0.13797228591366764,0xcf144f71fe0c71ecf65de748abfae2a48b44b690,2017-09-27T14:10:34.000Z,0.00006500000001586113,0xae11081597121016b114450ec197f1927e36dfa9,buy,0x2bdc0d42996017fce214b21607a515da41a9e0c5,0x6ae5d63695496e5ddaa3c7ff0e109fdf0b60fb5855f27c2e4d2299a7812f7c62
369,2122.650552,0.13797228591366764,0xcf144f71fe0c71ecf65de748abfae2a48b44b690,2017-09-27T14:09:01.000Z,0.00006500000001586113,0xae11081597121016b114450ec197f1927e36dfa9,buy,0x2bdc0d42996017fce214b21607a515da41a9e0c5,0x6ae5d63695496e5ddaa3c7ff0e109fdf0b60fb5855f27c2e4d2299a7812f7c62
370,19938.191606,1.036805901703606,0xd5840247f1e80d7d5d262e4687db4fa683b9eed7,2017-09-27T01:00:24.000Z,0.000052001,0x4a5d1fb6b866b6d7ed677c8a6f9205decf984a6a,sell,0x2bdc0d42996017fce214b21607a515da41a9e0c5,0xd372ad8cea2f25be6f570d8c6166141e02a5df6a29affce5571cc4609a06262c
371,3550,0.2556,0xcf144f71fe0c71ecf65de748abfae2a48b44b690,2017-09-27T00:00:02.000Z,0.000072,0x925d91a5b90c30c2a466fe31ead2d8c0d6527798,sell,0x2bdc0d42996017fce214b21607a515da41a9e0c5,0x0349a4e6a44457d2540078dc6e5af31d0f67b02b75a86540c83932ae7cc2ac11
372,9300.274,0.55801644,0x46dc6b56513ae75026900e7fd27aaf835cd0163a,2017-09-26T18:04:03.000Z,0.00006,0x525064b590b99f04fa75ee60d168d4314495b182,buy,0x2bdc0d42996017fce214b21607a515da41a9e0c5,0x8235eaaf9a0d69831360e8ce6246c249273ad72257068ddb19ffa457b06a362a
373,1262.937,0.077039157,0xfb199a0cc7dc98ad9d696df75732160805a6c763,2017-09-26T17:15:38.000Z,0.000061,0x525064b590b99f04fa75ee60d168d4314495b182,sell,0x2bdc0d42996017fce214b21607a515da41a9e0c5,0x45e6992641d42465d4d7293c8e20e396fa6f26696b9162abe05251f996758647
374,11000,0.66011,0x3dee4a4e076e8d82859d241db0baf46f112cfa23,2017-09-26T17:15:21.000Z,0.00006001,0x525064b590b99f04fa75ee60d168d4314495b182,sell,0x2bdc0d42996017fce214b21607a515da41a9e0c5,0x7af744a2c23b5b0dfab48bc53ee951bd7ca9ef78cf44fba535cbf838d69472fa
375,9000,0.54009,0x3dee4a4e076e8d82859d241db0baf46f112cfa23,2017-09-26T13:03:27.000Z,0.00006001,0xa9a7669f33bfb7946fcf7c526fa091a5a488fe18,sell,0x2bdc0d42996017fce214b21607a515da41a9e0c5,0x6ca9a5a20903c60535c2e45dc96db5546dedaa8336da15ecd6b85d12d2de0d3a
376,1,0.000073849,0xb52687509884fb1ebf45046a5a8f6bf6c48eeba6,2017-09-26T09:48:10.000Z,0.000073849,0x1b2813c7f0d3601dd93d8fdc742b071419335aa0,buy,0x2bdc0d42996017fce214b21607a515da41a9e0c5,0x2215a818f43609f5b07081b37ada9dfdc68db3ce9eb70f4e8bd378b15b0e4566
377,4005,0.25632,0x4544181cf441d234989e27e2c48beafccaae546d,2017-09-26T02:10:48.000Z,0.000064,0x1df6d6f0a39ceb22b2d0b7e1ac3024e0959ba5bb,sell,0x2bdc0d42996017fce214b21607a515da41a9e0c5,0x5ea35431e4d2133c500324ca5fcf7039edf7dc30845c98be01529305c0972f07
378,744.680897,0.05287234373442329,0x4544181cf441d234989e27e2c48beafccaae546d,2017-09-25T18:11:00.000Z,0.00007100000006368269,0xfb199a0cc7dc98ad9d696df75732160805a6c763,buy,0x2bdc0d42996017fce214b21607a515da41a9e0c5,0xf5dd1210105281df23bd2fa3cc493ec7fa2eda5123d86cdf0c6e3af5d9da4a72
379,281.69,0.01999999,0xa54ffa43d11698bc300d924781518b71dd10f0a8,2017-09-25T18:00:32.000Z,0.000071,0xfb199a0cc7dc98ad9d696df75732160805a6c763,buy,0x2bdc0d42996017fce214b21607a515da41a9e0c5,0x2fbdcb09892eaa585403f747c345df2d8229f252510752dda53d1b549e1a6c38
380,10,0.00071,0xcc465cd08adfb3424ce968b08950388004f8999f,2017-09-25T17:45:13.000Z,0.000071,0xfb199a0cc7dc98ad9d696df75732160805a6c763,buy,0x2bdc0d42996017fce214b21607a515da41a9e0c5,0xe9c365186c60ed0c045ef32a402bbad1b07236d895e9cc464c308bac383a3bd9
381,0.000001,0.000000000071,0xb8878cd00f51f088588602acb43c7008333e767e,2017-09-25T17:40:51.000Z,0.000071,0xfb199a0cc7dc98ad9d696df75732160805a6c763,buy,0x2bdc0d42996017fce214b21607a515da41a9e0c5,0x93367cb6bb7b6ad1fb0d1a2b1cb3a7373ede74b4a9b83ebf8bc585feebd6b52e
382,0.000062,0.000000004415245737,0xe6752641b59bffab5cce0e14dc517f9422acce12,2017-09-25T17:39:43.000Z,0.00007121364091935483,0xfb199a0cc7dc98ad9d696df75732160805a6c763,buy,0x2bdc0d42996017fce214b21607a515da41a9e0c5,0xba6679443246dc5416c6a4427b7f3110a300e76b7b254a5aa566ab30bf8c2111
