,amount,amountBase,buyer,date,price,seller,side,tokenAddr,txHash
0,1500.407736018343,0.03315901096600538,0xd82b31299dbc9cb1ae0003c1e99333e84ab68a5e,2017-11-02T04:23:50.000Z,0.00002209999999999999,0x13512137d004d3e8d919ced5f5f7119934917c11,sell,0x73b534fb6f07381a29a60b01eed5ae57d4ee24d7,0x26e78966ccc7681cb9033eae082bbc07097f1c81e1ab3383833c82dda5088df6
1,4480.598993831912,0.11201497484579778,0xbb8e58a2ab0bb9270f9766a72b3f79e13ff1a249,2017-11-02T04:06:48.000Z,0.00002499999999999999,0x13512137d004d3e8d919ced5f5f7119934917c11,sell,0x73b534fb6f07381a29a60b01eed5ae57d4ee24d7,0xc48679f5cbf2abda6dd6f45b70fef19a7ae7a36799e3a32d643e39a2dbf8e1b4
2,997.9081340715877,0.024947703351789693,0xbb8e58a2ab0bb9270f9766a72b3f79e13ff1a249,2017-11-01T23:53:41.000Z,0.00002499999999999999,0x13512137d004d3e8d919ced5f5f7119934917c11,sell,0x73b534fb6f07381a29a60b01eed5ae57d4ee24d7,0x06454041dc9b4547236bed451ccdd10e0a79bbc6c31d4fd40a66148685f9514c
3,2745,0.068625,0xbb8e58a2ab0bb9270f9766a72b3f79e13ff1a249,2017-11-01T22:42:41.000Z,0.000025,0x13512137d004d3e8d919ced5f5f7119934917c11,sell,0x73b534fb6f07381a29a60b01eed5ae57d4ee24d7,0xd6d7f5c8f9e716a7f10dec30dbcf27f4fb3d764b449a1507899e1c4a9190f6cb
4,1776.4928720965008,0.04441232180241252,0xbb8e58a2ab0bb9270f9766a72b3f79e13ff1a249,2017-11-01T21:08:54.000Z,0.00002499999999999999,0x13512137d004d3e8d919ced5f5f7119934917c11,sell,0x73b534fb6f07381a29a60b01eed5ae57d4ee24d7,0xc60efa0b883eb225775d840da016fbc77c71f2cf8ec128771fa70776a704b257
5,0.093568466514646,0.000002060658338052,0x5de6c7e2a39746b2e04d456b9fbe3b844c6250c3,2017-11-01T18:01:29.000Z,0.00002202299999999948,0xa4a67798c305d32b0e9ef17f837d72ea77634cab,sell,0x73b534fb6f07381a29a60b01eed5ae57d4ee24d7,0x094c3dcc1bfe26bb1e8e441a78d1782424a88392896e8e84711b2aac2478ea85
6,938.5852876084139,0.023464726048739108,0x76883638b90f3c35b379aa9038eaccdbb621f62c,2017-11-01T17:59:50.000Z,0.00002500009999999999,0xa4a67798c305d32b0e9ef17f837d72ea77634cab,sell,0x73b534fb6f07381a29a60b01eed5ae57d4ee24d7,0x47b2d6884ac2e54893dd2e22764b38618baa4f00a282c0649a24d580c0a35c46
7,4000,0.104,0x8aa571ff710ca435cb14076ec7e915dd66c4416f,2017-11-01T17:58:23.000Z,0.000026,0xa4a67798c305d32b0e9ef17f837d72ea77634cab,sell,0x73b534fb6f07381a29a60b01eed5ae57d4ee24d7,0x98b9dcf9974a78228d4a0c2bf97e5a0b09c9b0c7205b66fa401773c2e4b770c3
8,46.366,0.0017734995,0x2a66ca70dc345602ffc8e3c5857a07e8985b3a13,2017-11-01T17:57:53.000Z,0.00003825,0xa4a67798c305d32b0e9ef17f837d72ea77634cab,sell,0x73b534fb6f07381a29a60b01eed5ae57d4ee24d7,0x0d65492226780fd29b971d6a58884f4dd36c6122afde5221290614cc72ed606a
9,14953.633735420197,0.5719764903798226,0x2a66ca70dc345602ffc8e3c5857a07e8985b3a13,2017-11-01T12:15:47.000Z,0.00003824999999999999,0x5de6c7e2a39746b2e04d456b9fbe3b844c6250c3,sell,0x73b534fb6f07381a29a60b01eed5ae57d4ee24d7,0x5863ea871dda7ec30f75d2371e96163d9f9b2ab8e4bbac100ccfd00f732fd991
10,550,0.0308,0xaab9ace9eaf702131e2a1091f7d7568216aff40c,2017-11-01T11:23:53.000Z,0.000056,0x8aa571ff710ca435cb14076ec7e915dd66c4416f,buy,0x73b534fb6f07381a29a60b01eed5ae57d4ee24d7,0xc9ae790c8faada5a0e3c147059dd129bbce716d00c87255a0d7bdb124f9fb92f
11,0.000040877,0.0449647,0x18d80127f70486ca6ba4e8d284098aacf1b713fa,2017-11-01T06:03:07.000Z,1100,0x273a5d3e6721b9f5c1a6474f560c1334c63dda01,sell,0x73b534fb6f07381a29a60b01eed5ae57d4ee24d7,0xdb5cc964a5e2cff2218b22e69d8556cbf3d8d7c95468277e5313b1ac4ae5a891
12,0.000041,0.000000002296,0x273a5d3e6721b9f5c1a6474f560c1334c63dda01,2017-11-01T06:03:07.000Z,0.000056,0x8aa571ff710ca435cb14076ec7e915dd66c4416f,buy,0x73b534fb6f07381a29a60b01eed5ae57d4ee24d7,0xdb5cc964a5e2cff2218b22e69d8556cbf3d8d7c95468277e5313b1ac4ae5a891
13,996.9095803010667,0.054830026916558666,0xb320ffa395e8429be67732b4ff0c80bc86e9e70d,2017-11-01T06:00:56.000Z,0.00005499999999999999,0x18d80127f70486ca6ba4e8d284098aacf1b713fa,sell,0x73b534fb6f07381a29a60b01eed5ae57d4ee24d7,0xa6da00785c1b4939d89fb0ec76a721d143b69a0819c72cfa250fd24f0902e610
14,5200,0.3068364,0xd657ef38291725886d48d49db185f11b68d43ae9,2017-10-31T20:42:23.000Z,0.000059007,0xd657ef38291725886d48d49db185f11b68d43ae9,buy,0x73b534fb6f07381a29a60b01eed5ae57d4ee24d7,0x5139894ea7bb809ddd873611807a361400e7a40affc6de8ad711c3bf07549186
15,3100,0.182528,0xe4c59fa43d877dc7cdac4bab5dd121cf05e05b20,2017-10-31T20:35:06.000Z,0.00005888,0x1d76c2a0f74838c67a87c58c0298bd0391ae4973,buy,0x73b534fb6f07381a29a60b01eed5ae57d4ee24d7,0x52fbaf9520e3f1bce173283ed6ed37f2d5924b4b6273fd84443dd3a35df701b3
16,8000,0.432,0xe4c59fa43d877dc7cdac4bab5dd121cf05e05b20,2017-10-31T20:33:39.000Z,0.000054,0xcb6e4ab37a2829438a7653ede8bafcf73b7aacf0,buy,0x73b534fb6f07381a29a60b01eed5ae57d4ee24d7,0xc122ae4e04e899f54dba58f155c3283ec73fda4c76a975281103862e95074ff6
17,10000,0.55,0xe4c59fa43d877dc7cdac4bab5dd121cf05e05b20,2017-10-31T20:32:25.000Z,0.000055,0xbb8e58a2ab0bb9270f9766a72b3f79e13ff1a249,buy,0x73b534fb6f07381a29a60b01eed5ae57d4ee24d7,0x92ce2ffbc23625c24f6811a8818579563788dd00734bb7b27ab906fdba839941
18,5000,0.278885,0xe4c59fa43d877dc7cdac4bab5dd121cf05e05b20,2017-10-31T20:32:25.000Z,0.000055777,0xd657ef38291725886d48d49db185f11b68d43ae9,buy,0x73b534fb6f07381a29a60b01eed5ae57d4ee24d7,0xfe538e14fa549af5bb872e6c426123336a61476db397fd9b53f83f05e6e46929
19,10000,0.58877,0xe4c59fa43d877dc7cdac4bab5dd121cf05e05b20,2017-10-31T20:32:25.000Z,0.000058877,0xd657ef38291725886d48d49db185f11b68d43ae9,buy,0x73b534fb6f07381a29a60b01eed5ae57d4ee24d7,0x62550cbd00310291eacc5669d1b5fecad138ec671fb8253fb99c041b799f1da0
20,2000,0.106,0xe4c59fa43d877dc7cdac4bab5dd121cf05e05b20,2017-10-31T20:31:11.000Z,0.000053,0x8aa571ff710ca435cb14076ec7e915dd66c4416f,buy,0x73b534fb6f07381a29a60b01eed5ae57d4ee24d7,0xfc55f3e9593cc78e0b2ef8c3229add311052a7d30743772ef70ff64eb9ea712b
21,3999.99,0.17999955,0xe4c59fa43d877dc7cdac4bab5dd121cf05e05b20,2017-10-31T20:30:15.000Z,0.000045,0x18644bce29fe657939f2b60233c48563be1f768d,buy,0x73b534fb6f07381a29a60b01eed5ae57d4ee24d7,0x4ae7f6674513fca7fdaa5ccd66be54b754d4623825b7d74bf9e93dd062768198
22,13193.9869,0.699017425962,0xe4c59fa43d877dc7cdac4bab5dd121cf05e05b20,2017-10-31T20:30:15.000Z,0.00005298,0xe1e1d0d73eeb29d0632bc4c7871bfc74dbed0741,buy,0x73b534fb6f07381a29a60b01eed5ae57d4ee24d7,0x40866df9bb4770f5210b23ae52077a2a95ba11b3a033a0f0b5a359fdc73cdbd6
23,3987.7280430664937,0.08781894328282325,0xe1e1d0d73eeb29d0632bc4c7871bfc74dbed0741,2017-10-31T17:42:31.000Z,0.00002202229999999999,0x11bad4e3ab8ceecee50bdedd4d613aae9eb118b7,sell,0x73b534fb6f07381a29a60b01eed5ae57d4ee24d7,0xcaf372d2d1ab9240068bf5268fb64d97319220a4a19e3d7afdc22eb7c944167a
24,2905,0.1565795,0xa4a67798c305d32b0e9ef17f837d72ea77634cab,2017-10-31T17:40:23.000Z,0.0000539,0xe1e1d0d73eeb29d0632bc4c7871bfc74dbed0741,buy,0x73b534fb6f07381a29a60b01eed5ae57d4ee24d7,0x4891bdb2f08a3086420ba28668269d188b78a41b5fb35df19e6cc99d8dc39c55
25,2095,0.111032905,0xa4a67798c305d32b0e9ef17f837d72ea77634cab,2017-10-31T17:30:06.000Z,0.000052999,0xdaee1934804b49b349f7af463c2f86577e3480f6,buy,0x73b534fb6f07381a29a60b01eed5ae57d4ee24d7,0x458549f55868cdd2c51a239539355b71d3ccebf9e65588ca3da4146c74705755
26,5000,0.314995,0x1a16ed6bb72bc1f9563645b3bbd916d3567cd044,2017-10-31T17:27:05.000Z,0.000062999,0x470234e7e3e386f519bacebfe6ebfd239d0d6133,buy,0x73b534fb6f07381a29a60b01eed5ae57d4ee24d7,0xf4daaed9aad6bb35760ac12d4a1b73987fd13cf31dff77a6c1fab064549b9561
27,989.0356407502463,0.05330803200079753,0x72dbf298fd40833bf9b80738a18d23e666877f11,2017-10-31T16:15:18.000Z,0.000053899,0xdaee1934804b49b349f7af463c2f86577e3480f6,buy,0x73b534fb6f07381a29a60b01eed5ae57d4ee24d7,0x3733e4748d945199f4db932ce83131060b6098fd0aeee1d45ebca6ea630c31ca
28,10.96435924975365,0.000590967999202472,0x72dbf298fd40833bf9b80738a18d23e666877f11,2017-10-31T16:13:58.000Z,0.000053899,0xdaee1934804b49b349f7af463c2f86577e3480f6,buy,0x73b534fb6f07381a29a60b01eed5ae57d4ee24d7,0x62ab02a862dce1d5e958a8d20ac32b2ad4ccb7857eb0085dd5dba80346e35c3b
29,2000,0.1078,0x5b5c2fb533bd6f6443fdb1f40192c81f185c6504,2017-10-31T16:04:13.000Z,0.0000539,0xe1e1d0d73eeb29d0632bc4c7871bfc74dbed0741,buy,0x73b534fb6f07381a29a60b01eed5ae57d4ee24d7,0xc9201e4f4cb7e77f61a6fb9f39516e7a833ca49554d6ce556d4e30a49ae205df
30,10,0.000539,0x0b773d7819259d78757b26dc4148812d35676d8f,2017-10-31T13:13:36.000Z,0.0000539,0xe1e1d0d73eeb29d0632bc4c7871bfc74dbed0741,buy,0x73b534fb6f07381a29a60b01eed5ae57d4ee24d7,0xdd7e4bd33ff42721aa77e467c864cecd21c9e76baa91d4f03eb2a9044f7f50fe
31,6978.366686638979,0.13958129046615286,0xe1e1d0d73eeb29d0632bc4c7871bfc74dbed0741,2017-10-31T04:53:36.000Z,0.00002000199999999999,0x4da39d4a1748a245ceaf7acefb7b0c8fbf17e275,sell,0x73b534fb6f07381a29a60b01eed5ae57d4ee24d7,0xd05656cd39b33e3f7722e32818db90487f98477674c4604b5c30910d30c64338
32,7142.892209967699,0.1428721299837739,0xe1e1d0d73eeb29d0632bc4c7871bfc74dbed0741,2017-10-31T02:37:56.000Z,0.00002000199999999999,0xff751bf33f82287f184ea88dfb1b125410c3f79b,sell,0x73b534fb6f07381a29a60b01eed5ae57d4ee24d7,0xee86ce30661df51118a6d13aeff163c22e8c2c0caa3e6922b4f27948165303b8
33,1025,0.0215251025,0x5695b06071cdf4e1a08d00418b8d8e07fe327f94,2017-10-31T02:36:43.000Z,0.0000210001,0xff751bf33f82287f184ea88dfb1b125410c3f79b,sell,0x73b534fb6f07381a29a60b01eed5ae57d4ee24d7,0xe6461c521ee12cca4ba273ab74b2cf4764309782719207e6771729fd651c3e1b
34,5823.390967590787,0.11647364274278334,0x5de6c7e2a39746b2e04d456b9fbe3b844c6250c3,2017-10-31T00:33:22.000Z,0.00002000099999999999,0xb88f78a18601dce45130d0cbe230d387a1779792,sell,0x73b534fb6f07381a29a60b01eed5ae57d4ee24d7,0x7f66e909e7951d03f44544fb0ffb25dfbf5200ae5589a0f2edcbedd90446fbb9
35,5000,0.100005,0x5de6c7e2a39746b2e04d456b9fbe3b844c6250c3,2017-10-31T00:03:00.000Z,0.000020001,0xb88f78a18601dce45130d0cbe230d387a1779792,sell,0x73b534fb6f07381a29a60b01eed5ae57d4ee24d7,0x3632c6cc1455c05fd5e516a944acabeb31d64cce7a0fb0a3ba12f7b286838de1
36,5000,0.314995,0xb88f78a18601dce45130d0cbe230d387a1779792,2017-10-29T03:26:46.000Z,0.000062999,0x5de6c7e2a39746b2e04d456b9fbe3b844c6250c3,buy,0x73b534fb6f07381a29a60b01eed5ae57d4ee24d7,0xd6af6917bf47800dd778f31c21d2a729d8e7b891fa9af48b0699894bbe2b540a
37,7.936507936507937,0.0005,0xe444a40689f51f63bcd29910622035707d533d29,2017-10-28T20:59:04.000Z,0.000063,0xd90f8f357d3e5b67784c5a8690626d4811fde796,buy,0x73b534fb6f07381a29a60b01eed5ae57d4ee24d7,0x39f11d39a6f70db98cc081d9cf3d41acdf24af27a7dbba107563d235aef77e3b
38,7.936507936507937,0.0005,0x34f9560c63078eb61872a4dc2ccd20e21c34feaf,2017-10-28T20:59:04.000Z,0.000063,0xd90f8f357d3e5b67784c5a8690626d4811fde796,buy,0x73b534fb6f07381a29a60b01eed5ae57d4ee24d7,0x03d71ae8743f1d0694cadb319042ec0aa23b4db7c01cf02c732b41995588bb6e
39,3000,0.135,0x8aa571ff710ca435cb14076ec7e915dd66c4416f,2017-10-28T17:16:53.000Z,0.000045,0x1ed014aec47fae44c9e55bac7662c0b78ae61798,sell,0x73b534fb6f07381a29a60b01eed5ae57d4ee24d7,0x5240153a1eee7c0eb993e5fdbfe83365f5a71a1729067ee57afb42d811b453f8
40,1000,0.0645,0x7bc25194bef0180f5e67f1e40aaf6699eab808ec,2017-10-27T17:54:36.000Z,0.0000645,0x8aa571ff710ca435cb14076ec7e915dd66c4416f,buy,0x73b534fb6f07381a29a60b01eed5ae57d4ee24d7,0xe80129b10398ee5691aa03ff34d4d9737a4884058f6fb658cd0ff4ee5f2c9e86
41,5856.443479590319,0.23425773918361273,0xb88f78a18601dce45130d0cbe230d387a1779792,2017-10-27T11:07:45.000Z,0.00003999999999999999,0xe28541fcbfc65e99c49fae3588043448dd791179,sell,0x73b534fb6f07381a29a60b01eed5ae57d4ee24d7,0x71160d4f342a00ad4a7cdfbed6e6cfa5e0837236ce67002d6f71afd5a7e324b1
42,0.0025932813496,0.000000168563287724,0x18d80127f70486ca6ba4e8d284098aacf1b713fa,2017-10-27T07:59:35.000Z,0.000065,0xb320ffa395e8429be67732b4ff0c80bc86e9e70d,buy,0x73b534fb6f07381a29a60b01eed5ae57d4ee24d7,0x64d6213e4ca8aef0323fabb3ff115dc9ab5db6d12bb83d5a1d4737d048c11bef
43,26.01320521767137,0.001690858339148639,0x18d80127f70486ca6ba4e8d284098aacf1b713fa,2017-10-27T07:55:39.000Z,0.000065,0xb320ffa395e8429be67732b4ff0c80bc86e9e70d,buy,0x73b534fb6f07381a29a60b01eed5ae57d4ee24d7,0x76c8316cd18a3a7ae8b9f30a8f1f365914d12580c6e1bcb94d0fac9526ce156b
44,20,0.0013,0x18d80127f70486ca6ba4e8d284098aacf1b713fa,2017-10-27T07:46:57.000Z,0.000065,0xb320ffa395e8429be67732b4ff0c80bc86e9e70d,buy,0x73b534fb6f07381a29a60b01eed5ae57d4ee24d7,0xb8a500b628b6dbfe75fe0dcc03f9c6161ac8ae0754a8af7243220b9635c183da
45,1500,0.09225,0x4da39d4a1748a245ceaf7acefb7b0c8fbf17e275,2017-10-27T05:39:12.000Z,0.0000615,0x8aa571ff710ca435cb14076ec7e915dd66c4416f,buy,0x73b534fb6f07381a29a60b01eed5ae57d4ee24d7,0x76537e3ea8c21460836e0d883f4a1306640ded7ef56291a75c5093c29f26c650
46,1000,0.062,0x4da39d4a1748a245ceaf7acefb7b0c8fbf17e275,2017-10-27T05:39:12.000Z,0.000062,0xb320ffa395e8429be67732b4ff0c80bc86e9e70d,buy,0x73b534fb6f07381a29a60b01eed5ae57d4ee24d7,0x4051adfb2f87e57aeb826d30290253ab3e047771e2a8dae981ce37d2697a1ec8
47,1500,0.09225,0x4da39d4a1748a245ceaf7acefb7b0c8fbf17e275,2017-10-27T05:39:12.000Z,0.0000615,0x8aa571ff710ca435cb14076ec7e915dd66c4416f,buy,0x73b534fb6f07381a29a60b01eed5ae57d4ee24d7,0xb9bea054531655b8bcce2ac003e151c66c5ed7563b2496776d22624da6c1b8e3
48,550,0.02743345,0x4454847b528907f6819a6696491370060a37e5d0,2017-10-26T17:27:53.000Z,0.000049879,0xfe910097ec2aa968d49a87b38f459c96fc33f172,buy,0x73b534fb6f07381a29a60b01eed5ae57d4ee24d7,0xe6cebf00188757dc2587078587d10e5110acd4f97db9066337eca50432a0a4ea
49,16000,0.736,0x4454847b528907f6819a6696491370060a37e5d0,2017-10-26T17:27:53.000Z,0.000046,0xd35cc4db1066b87373c5b83f2a033b4aabb8a1f2,buy,0x73b534fb6f07381a29a60b01eed5ae57d4ee24d7,0xf3b985a46762ca75027a2bcea3427d923b01dec4cfb4d8d3fa0706dc831eb048
50,599,0.02748212,0x4454847b528907f6819a6696491370060a37e5d0,2017-10-26T17:27:46.000Z,0.00004588,0x5e0221c72f941fbc27e8ba90609a7f1594ec068a,buy,0x73b534fb6f07381a29a60b01eed5ae57d4ee24d7,0xf8516e05386988ef4257d7c9a537b08b867f66958f76251604221acbe6f7081a
51,11484.638,0.528293348,0x1d76c2a0f74838c67a87c58c0298bd0391ae4973,2017-10-26T10:17:41.000Z,0.000046,0xe00349367b5a927b656f2919bc50b70511dfd103,buy,0x73b534fb6f07381a29a60b01eed5ae57d4ee24d7,0x83f69f3c3db2948e66f48293c619e0589d53ca6a677137bca3fbecbf543f2bf2
52,5000,0.225,0x1d76c2a0f74838c67a87c58c0298bd0391ae4973,2017-10-26T10:17:41.000Z,0.000045,0x3453011daa568b3fed926bb0cf5e0a7b62454c97,buy,0x73b534fb6f07381a29a60b01eed5ae57d4ee24d7,0x15a50c9adffa74c6747659fffdbaeb3474e0a0a453d522fe34a0b226aec4ef8d
53,40000,0.22004,0x5de6c7e2a39746b2e04d456b9fbe3b844c6250c3,2017-10-26T10:17:23.000Z,0.000005501,0x1d76c2a0f74838c67a87c58c0298bd0391ae4973,sell,0x73b534fb6f07381a29a60b01eed5ae57d4ee24d7,0x38371c1cf21d1af6bced068434a5f8dbe1ef6f66bc355bf0c1d240442e732cdc
54,867.311,0.039028127689,0xd657ef38291725886d48d49db185f11b68d43ae9,2017-10-26T08:02:54.000Z,0.000044999,0x429c7cf947d18c6e14660975ba5272621a618b36,buy,0x73b534fb6f07381a29a60b01eed5ae57d4ee24d7,0x4364d207ae4afceb3b1d76bc760eccaceb40b580c8518ea325f6909fc91edc53
55,867.311334861928,0.004336903598843584,0x429c7cf947d18c6e14660975ba5272621a618b36,2017-10-26T06:59:50.000Z,0.00000500039999999999,0x80831b5a5f13ae1d25c354bcab92856262451793,sell,0x73b534fb6f07381a29a60b01eed5ae57d4ee24d7,0x34171d8455723150dbe6c0c654c5790dddcdf97234adaa59aa9a6d6fb8ab6d97
56,40000,0.12,0x5ee606313a1460c264b74b4a0f24b656c98bcb86,2017-10-25T21:18:49.000Z,0.000003,0x862da9f1565c23a16c9b4b6b510243111566fee1,sell,0x73b534fb6f07381a29a60b01eed5ae57d4ee24d7,0x58a6f9f6a52d8a901b9e644c4cd1fc7c474e365b46b00b10dc2fa9f0811ac375
57,40000,0.16,0x5de6c7e2a39746b2e04d456b9fbe3b844c6250c3,2017-10-25T21:17:38.000Z,0.000004,0x862da9f1565c23a16c9b4b6b510243111566fee1,sell,0x73b534fb6f07381a29a60b01eed5ae57d4ee24d7,0xd0c9ae9b0a33ce0ea30f75746359b36dd1e783e2deabde6e0b25cfb7fd0382c9
58,0.00993828711296049,0.000000278272039162,0x5e0221c72f941fbc27e8ba90609a7f1594ec068a,2017-10-25T14:54:47.000Z,0.00002799999999991007,0x6e336aee8f7d3d346415e0e4c35f460a262057a0,sell,0x73b534fb6f07381a29a60b01eed5ae57d4ee24d7,0x89197586354255279559879d4c8e7b27477c1045b3fb282415c14c1659ae2404
59,99.69095803010667,0.002791346824842986,0x5e0221c72f941fbc27e8ba90609a7f1594ec068a,2017-10-25T13:55:43.000Z,0.00002799999999999999,0x6e336aee8f7d3d346415e0e4c35f460a262057a0,sell,0x73b534fb6f07381a29a60b01eed5ae57d4ee24d7,0xba0a7fb0e90a44afc1568d2e70891d6eac32d4769e64e72ed21f5f647df1ae62
60,500,0.014,0x5e0221c72f941fbc27e8ba90609a7f1594ec068a,2017-10-24T20:15:56.000Z,0.000028,0xd35cc4db1066b87373c5b83f2a033b4aabb8a1f2,sell,0x73b534fb6f07381a29a60b01eed5ae57d4ee24d7,0xf3c0810f802095bf1006cff0526e1900b08fc6cbd05226c7abd16e2b76709cb2
61,1000,0.044,0xb320ffa395e8429be67732b4ff0c80bc86e9e70d,2017-10-24T20:14:54.000Z,0.000044,0xd35cc4db1066b87373c5b83f2a033b4aabb8a1f2,sell,0x73b534fb6f07381a29a60b01eed5ae57d4ee24d7,0x600b887bde868fd5ff9b09af6e26892732f8f241538d8c2290716aea92aa60e1
62,200,0.0155756,0x421ec9f9c7eb3a15f45b02cb7dbe8264a84a7137,2017-10-23T22:06:51.000Z,0.000077878,0x6e336aee8f7d3d346415e0e4c35f460a262057a0,buy,0x73b534fb6f07381a29a60b01eed5ae57d4ee24d7,0xf24c0a2dbec51e06db20c1b5e2547312b19526568196ec4a8e2e20da62ad9ef5
63,500,0.031,0x421ec9f9c7eb3a15f45b02cb7dbe8264a84a7137,2017-10-23T22:04:52.000Z,0.000062,0x5e0221c72f941fbc27e8ba90609a7f1594ec068a,buy,0x73b534fb6f07381a29a60b01eed5ae57d4ee24d7,0x3f56661123861e9a4df581b0bb8e71b0ca23969cada13437a864dad4cb335c74
64,5000,0.0275,0x3453011daa568b3fed926bb0cf5e0a7b62454c97,2017-10-23T11:36:49.000Z,0.0000055,0x1d76c2a0f74838c67a87c58c0298bd0391ae4973,sell,0x73b534fb6f07381a29a60b01eed5ae57d4ee24d7,0x09a938daa61b1a43e0f26ff09324e9a77337f2ff1efb50742a86859caecdf1ce
65,12,0.00003,0x74f355aeddfe000c50701d15594e37af63fddaa4,2017-10-23T10:59:02.000Z,0.0000025,0x74f355aeddfe000c50701d15594e37af63fddaa4,sell,0x73b534fb6f07381a29a60b01eed5ae57d4ee24d7,0xf8452199da17c09b37f3e56e901e36c15f2120da3f885320d17a03679cdc729c
66,500,0.0158,0x5e0221c72f941fbc27e8ba90609a7f1594ec068a,2017-10-23T09:30:46.000Z,0.0000316,0x74f355aeddfe000c50701d15594e37af63fddaa4,sell,0x73b534fb6f07381a29a60b01eed5ae57d4ee24d7,0x6959395e4d9ac5984636ac7c4f2cf85b6ed48fa5656b3d200f2171cb89eb8b0c
67,18000,0.639,0xd35cc4db1066b87373c5b83f2a033b4aabb8a1f2,2017-10-23T09:28:41.000Z,0.0000355,0x74f355aeddfe000c50701d15594e37af63fddaa4,sell,0x73b534fb6f07381a29a60b01eed5ae57d4ee24d7,0x0854b0c5cf709eb23eb7da661e3d62df206ac1b9656d93a5525ea868646a11d7
68,19978.067989233376,0.7032279932210148,0x74f355aeddfe000c50701d15594e37af63fddaa4,2017-10-23T08:01:17.000Z,0.00003519999999999999,0x9e991aacfe62f4bf93c13343cf1f9711e90017d9,sell,0x73b534fb6f07381a29a60b01eed5ae57d4ee24d7,0x25fe70e53939233267e46c1688e1f769a82572155d8dc0d980dff47238d9194d
69,1,0.0000785,0x273a5d3e6721b9f5c1a6474f560c1334c63dda01,2017-10-23T04:01:20.000Z,0.0000785,0x8aa571ff710ca435cb14076ec7e915dd66c4416f,buy,0x73b534fb6f07381a29a60b01eed5ae57d4ee24d7,0xe00afd075fe2ae3548d063f70e5516ca20115b52da67007ea163afc1e0f32861
70,0.997,0.0007873309,0xd657ef38291725886d48d49db185f11b68d43ae9,2017-10-23T04:01:20.000Z,0.0007897,0x273a5d3e6721b9f5c1a6474f560c1334c63dda01,sell,0x73b534fb6f07381a29a60b01eed5ae57d4ee24d7,0xe00afd075fe2ae3548d063f70e5516ca20115b52da67007ea163afc1e0f32861
71,300,0.0147003,0x6e336aee8f7d3d346415e0e4c35f460a262057a0,2017-10-22T23:41:47.000Z,0.000049001,0xd895e6e5e0a13ec2a16e7bddd6c1151b01128488,sell,0x73b534fb6f07381a29a60b01eed5ae57d4ee24d7,0xdf8a2763d5f2aafb89fecbfbb5a73dc2512bd5a1f6a0dd8837b341d137521cdc
72,20000,0.98,0x1d76c2a0f74838c67a87c58c0298bd0391ae4973,2017-10-22T23:41:47.000Z,0.000049,0xd895e6e5e0a13ec2a16e7bddd6c1151b01128488,sell,0x73b534fb6f07381a29a60b01eed5ae57d4ee24d7,0x48b4e1b9ee0e1372ba48d181add7c9647ca457a1733bcabba77762e1550ac8e6
73,10000,0.5,0xdd81e3ace47f3403ab76ca8cbdba572af61dec4f,2017-10-22T23:40:47.000Z,0.00005,0xd895e6e5e0a13ec2a16e7bddd6c1151b01128488,sell,0x73b534fb6f07381a29a60b01eed5ae57d4ee24d7,0x0e93baef94d08841fb1c6997be10ef84a215256a9bf2435b6b2954ea5feb5823
74,2125.829927225601,0.10841732628850563,0x8aa571ff710ca435cb14076ec7e915dd66c4416f,2017-10-22T23:40:47.000Z,0.00005099999999999999,0xd895e6e5e0a13ec2a16e7bddd6c1151b01128488,sell,0x73b534fb6f07381a29a60b01eed5ae57d4ee24d7,0x7e22aeaf04c15a53e7254d451da6d50052a4528dc1e711115957c09d9c347275
75,269.145648489682,0.01372642807297378,0x8aa571ff710ca435cb14076ec7e915dd66c4416f,2017-10-22T23:27:53.000Z,0.00005099999999999999,0x9778550d76b07ac9f5e57392f68ecdf6efc1774e,sell,0x73b534fb6f07381a29a60b01eed5ae57d4ee24d7,0x0135f821eedbffb99bf6545b92d86def23c7c7e449fa31ec79bfe6c7ce9f971b
76,3000,0.15297,0x8aa571ff710ca435cb14076ec7e915dd66c4416f,2017-10-22T23:27:08.000Z,0.00005099,0x9778550d76b07ac9f5e57392f68ecdf6efc1774e,sell,0x73b534fb6f07381a29a60b01eed5ae57d4ee24d7,0x4d0cb83417eac3a5b0141ba9763685784de2fcd7bcd77cf31168281aa3a2a73a
77,20000,1.0014,0xd657ef38291725886d48d49db185f11b68d43ae9,2017-10-22T23:26:35.000Z,0.00005007,0x9778550d76b07ac9f5e57392f68ecdf6efc1774e,sell,0x73b534fb6f07381a29a60b01eed5ae57d4ee24d7,0x0a7d50aea797e458ae4af394bc380797cea64184cd1671e72bbdb5a17a296028
78,1605.0244242847173,0.08185624563852059,0x8aa571ff710ca435cb14076ec7e915dd66c4416f,2017-10-22T16:12:36.000Z,0.00005099999999999999,0x527ba55695e50989195defa3b946f8649e3f4f47,sell,0x73b534fb6f07381a29a60b01eed5ae57d4ee24d7,0xf1ab172739fc5f36b0a59b736bfc63f4eec085e3a72e7a4c0c89535cf81b2cb3
79,1744.4662741757902,0.1483651121523768,0x88da37a17f3b39139fe55558e5e4f25ab2e9e915,2017-10-20T21:20:59.000Z,0.000085049,0x5de6c7e2a39746b2e04d456b9fbe3b844c6250c3,buy,0x73b534fb6f07381a29a60b01eed5ae57d4ee24d7,0x76971440828d49fd3c519bcc4dc0d4028d9249fa00a159e8cd01d969d1ebc33c
80,0.000005779762725017,0.00000000049156304,0x88da37a17f3b39139fe55558e5e4f25ab2e9e915,2017-10-20T21:15:09.000Z,0.00008504900000000505,0x5de6c7e2a39746b2e04d456b9fbe3b844c6250c3,buy,0x73b534fb6f07381a29a60b01eed5ae57d4ee24d7,0x188e14d57680466c17950e86c5d173777c5a06ae182488fa97da6dc78738f302
81,0.05797679979611753,0.00000493086884586,0x88da37a17f3b39139fe55558e5e4f25ab2e9e915,2017-10-20T21:09:00.000Z,0.000085049,0x5de6c7e2a39746b2e04d456b9fbe3b844c6250c3,buy,0x73b534fb6f07381a29a60b01eed5ae57d4ee24d7,0xe0f430dabc47d35ce573844d8adc52f1c1fe0e6b64bdea2e7153b1da2f8b6242
82,581.5652787547571,0.04946154539281333,0x88da37a17f3b39139fe55558e5e4f25ab2e9e915,2017-10-20T21:01:19.000Z,0.000085049,0x5de6c7e2a39746b2e04d456b9fbe3b844c6250c3,buy,0x73b534fb6f07381a29a60b01eed5ae57d4ee24d7,0x842c38acfbc1a3f101fa755ffcab86ef0f6ebdab9cbb9755e44614e5c21a1965
83,4187.02023726448,0.2009811584089323,0x5de6c7e2a39746b2e04d456b9fbe3b844c6250c3,2017-10-20T18:25:56.000Z,0.00004800099999999999,0xd33011cd391e41d4d1a4dfcd3cee946c5f4f86cc,sell,0x73b534fb6f07381a29a60b01eed5ae57d4ee24d7,0xe2fbcdce30fad2888ac0eee1057b3e6cf7a92e77d6df4dbd012bd83d199edc54
84,25576.91176562295,2.175316345666232,0xa701198a79e50d29c14ad4401b9f2f9b4347b404,2017-10-20T18:18:01.000Z,0.00008505,0xe28541fcbfc65e99c49fae3588043448dd791179,buy,0x73b534fb6f07381a29a60b01eed5ae57d4ee24d7,0x0b6cc3e10dca491cd6907ff58c7cf8a6eac40cabf9c8a3b5f0df5e1eecddbc4e
85,19999.70691991304,0.9239864596999824,0x1d76c2a0f74838c67a87c58c0298bd0391ae4973,2017-10-20T18:15:16.000Z,0.00004619999999999999,0x29cf8e81d57b51be6be273a53739debe0ae10f84,sell,0x73b534fb6f07381a29a60b01eed5ae57d4ee24d7,0x138c592e522ff1d173b531d0ded546a9e47ce18c6f1c5a7de9c1fc94c9a02cda
86,0.29308008696120486,0.000013540300017607,0x1d76c2a0f74838c67a87c58c0298bd0391ae4973,2017-10-20T18:09:27.000Z,0.00004619999999999773,0x29cf8e81d57b51be6be273a53739debe0ae10f84,sell,0x73b534fb6f07381a29a60b01eed5ae57d4ee24d7,0x7d77c5543911ffb23e61f88cf00b3b214cad027c4b88837ef8e946f83facaa73
87,9258.458777788854,0.425990946824843,0x5de6c7e2a39746b2e04d456b9fbe3b844c6250c3,2017-10-20T14:50:47.000Z,0.00004601099999999999,0xf6081ac9c1bec3513d4545c17034b1353230f8b0,sell,0x73b534fb6f07381a29a60b01eed5ae57d4ee24d7,0x3675da8a3afa561a139f3f1ac057849325bf3abea4a03d39879e61682846c855
88,15000,0.693315,0x5de6c7e2a39746b2e04d456b9fbe3b844c6250c3,2017-10-20T14:49:56.000Z,0.000046221,0xf6081ac9c1bec3513d4545c17034b1353230f8b0,sell,0x73b534fb6f07381a29a60b01eed5ae57d4ee24d7,0x80a352cfa75eab23fd1b4a0fafa07b200dd558eeea0e88c82641cbd3d42f3814
89,1610,0.0744142,0x527ba55695e50989195defa3b946f8649e3f4f47,2017-10-20T14:48:09.000Z,0.00004622,0xf6081ac9c1bec3513d4545c17034b1353230f8b0,sell,0x73b534fb6f07381a29a60b01eed5ae57d4ee24d7,0x2054e63310bb0ff3e91f3079fb07e4ea21cf0aa4c18653199a05055a8a4a0b49
90,18000,0.8316,0x1d76c2a0f74838c67a87c58c0298bd0391ae4973,2017-10-20T14:48:09.000Z,0.0000462,0xf6081ac9c1bec3513d4545c17034b1353230f8b0,sell,0x73b534fb6f07381a29a60b01eed5ae57d4ee24d7,0x4fc8fa4013b1f9b326a1c908393830f7ca581ed6a74b780c9412f489f047cc26
91,207.417,0.01244502,0xd895e6e5e0a13ec2a16e7bddd6c1151b01128488,2017-10-20T13:09:42.000Z,0.00006,0x82eaa8802ed058bf2f07e6d4842c63ce435da2ce,buy,0x73b534fb6f07381a29a60b01eed5ae57d4ee24d7,0xc337d817d02908c61baa71d5f7014f81ef72fcc8d71147014c7e61f82a0af360
92,439.886,0.026833046,0xd895e6e5e0a13ec2a16e7bddd6c1151b01128488,2017-10-20T13:07:11.000Z,0.000061,0x8e46e6732ce98bc4e380a61e1ce5fac9c785b64b,buy,0x73b534fb6f07381a29a60b01eed5ae57d4ee24d7,0x45554aaef50eaf37f7a0c09772929dd050fc48b07b76e738d23c6c7710d26c7d
93,23476.381788690098,1.4555121945169973,0xd895e6e5e0a13ec2a16e7bddd6c1151b01128488,2017-10-20T13:05:45.000Z,0.000061999,0xff794ff176dde7640064983d8f2b942b12a4ab7d,buy,0x73b534fb6f07381a29a60b01eed5ae57d4ee24d7,0xc2bc760250cc7c46ad1a0b58df0f48dd977d32eefe29ed1cb0300b7615e8454a
94,1743.26,0.10633886,0xd90f8f357d3e5b67784c5a8690626d4811fde796,2017-10-20T12:40:14.000Z,0.000061,0xe28541fcbfc65e99c49fae3588043448dd791179,sell,0x73b534fb6f07381a29a60b01eed5ae57d4ee24d7,0x38e0f0d6bf320a2224090f0dc55adab0109552153b9aed5c42e1b64fad39bdb6
95,15000,0.929985,0x5de6c7e2a39746b2e04d456b9fbe3b844c6250c3,2017-10-20T12:34:46.000Z,0.000061999,0xff794ff176dde7640064983d8f2b942b12a4ab7d,buy,0x73b534fb6f07381a29a60b01eed5ae57d4ee24d7,0xfa2364a0ecb66b5e6948bae435dc108d2c4243eac6dd0a5227a6b9b7662f1626
96,500,0.03,0xd90f8f357d3e5b67784c5a8690626d4811fde796,2017-10-20T12:33:42.000Z,0.00006,0x82eaa8802ed058bf2f07e6d4842c63ce435da2ce,buy,0x73b534fb6f07381a29a60b01eed5ae57d4ee24d7,0x4668322bfb112fbd83b34a71333c26e5a6a340febee7769f07d81f5995c967e9
97,7000,0.385,0x5de6c7e2a39746b2e04d456b9fbe3b844c6250c3,2017-10-20T12:32:51.000Z,0.000055,0xbbe8a1421d8583194bd959a640cb82225650c748,buy,0x73b534fb6f07381a29a60b01eed5ae57d4ee24d7,0x3f8628c17999ffe04873caffab87169b9e68173eabf6402ebf58793cddbc3c69
98,2500,0.1525,0xd90f8f357d3e5b67784c5a8690626d4811fde796,2017-10-20T12:31:19.000Z,0.000061,0x8e46e6732ce98bc4e380a61e1ce5fac9c785b64b,buy,0x73b534fb6f07381a29a60b01eed5ae57d4ee24d7,0x50458735c5765e8350ebb34deaef4396bb7224f452f9557d53f9b7b236786ba9
99,2939.8863523078458,0.10289896221712691,0x8e46e6732ce98bc4e380a61e1ce5fac9c785b64b,2017-10-20T02:08:17.000Z,0.00003500099999999999,0x29cf8e81d57b51be6be273a53739debe0ae10f84,sell,0x73b534fb6f07381a29a60b01eed5ae57d4ee24d7,0xfd9e43713203cf869ece96bdb4dc56020618bc10c863df4c898f0764a77e4f92
100,7000,0.252,0xbbe8a1421d8583194bd959a640cb82225650c748,2017-10-20T01:59:58.000Z,0.000036,0x29cf8e81d57b51be6be273a53739debe0ae10f84,sell,0x73b534fb6f07381a29a60b01eed5ae57d4ee24d7,0xe0ea6f13add94d47812a49e4b24889fe6849c497ef7e65fb7fd194560662c51f
101,200,0.0123998,0x96373170538a83c7674ef92f41d195203a8abe09,2017-10-19T23:44:08.000Z,0.000061999,0xff794ff176dde7640064983d8f2b942b12a4ab7d,buy,0x73b534fb6f07381a29a60b01eed5ae57d4ee24d7,0x9ffb19995fb61c59b767f3856f5842b3a94bd8a42a599b8a8f911b8e4c7f14a0
102,10000,0.4,0x8f01fc9aa667bdba9eed7371c3d179da0ba1e03d,2017-10-19T23:03:43.000Z,0.00004,0x29cf8e81d57b51be6be273a53739debe0ae10f84,sell,0x73b534fb6f07381a29a60b01eed5ae57d4ee24d7,0xb64f10f83b5e5ea5470cc528f58441ebbc698cb74f769e55018040173bcaa88c
103,9870.35,0.5922012593,0x8f01fc9aa667bdba9eed7371c3d179da0ba1e03d,2017-10-19T21:22:49.000Z,0.000059998,0x982b8b9cddc1f6be911e512c6f923334ecd8a44d,buy,0x73b534fb6f07381a29a60b01eed5ae57d4ee24d7,0xfe276fbd9980c753c33559a773c22a95ba64ac5e857520bf41370428b0e3b23f
104,9,0.000539982,0x6cdea8e07bf82d7a07dbf36642d6e5be8623845c,2017-10-19T14:49:48.000Z,0.000059998,0x982b8b9cddc1f6be911e512c6f923334ecd8a44d,buy,0x73b534fb6f07381a29a60b01eed5ae57d4ee24d7,0x2603bde0c02eac77735add15bc63fe28da5aaba8508430238324c3a5630a319e
105,1,0.000059998,0x6cdea8e07bf82d7a07dbf36642d6e5be8623845c,2017-10-19T14:46:59.000Z,0.000059998,0x982b8b9cddc1f6be911e512c6f923334ecd8a44d,buy,0x73b534fb6f07381a29a60b01eed5ae57d4ee24d7,0xcd1d5abd6d6204af60e28d44f8b2685e1584d223f06a9a14e41fe607db411f09
106,3987.7280430664937,0.1400210947761938,0x5de6c7e2a39746b2e04d456b9fbe3b844c6250c3,2017-10-19T14:10:04.000Z,0.00003511299999999999,0xa2bfa48a6afefabf498b6541f609e6cef4700d91,sell,0x73b534fb6f07381a29a60b01eed5ae57d4ee24d7,0xae32a47fc3a72bf40a50a3450cb515291809886684271364a1cbcdf386be96a9
107,0.9848842528943845,0.000034471933735556,0x982b8b9cddc1f6be911e512c6f923334ecd8a44d,2017-10-19T08:40:34.000Z,0.00003500099999999964,0x552b3e674cde8e6a4f1fb396642505f22f419a31,sell,0x73b534fb6f07381a29a60b01eed5ae57d4ee24d7,0x20acf4a4d2d9083735c8399ccaa8e9308cb47104a41d27568d5b41a8f48436b3
108,1800,0.108,0x34fe7adb4e94266bcd6bbe45a7fe5fc02c1fba1a,2017-10-19T08:36:51.000Z,0.00006,0x82eaa8802ed058bf2f07e6d4842c63ce435da2ce,buy,0x73b534fb6f07381a29a60b01eed5ae57d4ee24d7,0x9cf4cdf5bc5d2182bc5b956a595c3fa2ff1a1e6733d396b1005e48eddd531a18
109,2507.417,0.15044502,0x34fe7adb4e94266bcd6bbe45a7fe5fc02c1fba1a,2017-10-19T08:35:56.000Z,0.00006,0x82eaa8802ed058bf2f07e6d4842c63ce435da2ce,buy,0x73b534fb6f07381a29a60b01eed5ae57d4ee24d7,0xada2db163a3d275559f1d7cd212389a96411f5b6a818ed0cdf19bd67148b4bc3
110,9879.373940783571,0.34578796730136574,0x982b8b9cddc1f6be911e512c6f923334ecd8a44d,2017-10-19T08:18:58.000Z,0.00003500099999999999,0x552b3e674cde8e6a4f1fb396642505f22f419a31,sell,0x73b534fb6f07381a29a60b01eed5ae57d4ee24d7,0xffc89ad5f9c0f8f02839974f181264ea7ad65002f5598681907baf12f9e5f4c9
111,10000,0.35002,0x5de6c7e2a39746b2e04d456b9fbe3b844c6250c3,2017-10-19T08:17:32.000Z,0.000035002,0x552b3e674cde8e6a4f1fb396642505f22f419a31,sell,0x73b534fb6f07381a29a60b01eed5ae57d4ee24d7,0x2904076922194f6fde697c9344d88f27f87ac38fc348f4af05d891d939a7c553
112,10000,0.35002,0x5de6c7e2a39746b2e04d456b9fbe3b844c6250c3,2017-10-19T08:16:56.000Z,0.000035002,0x552b3e674cde8e6a4f1fb396642505f22f419a31,sell,0x73b534fb6f07381a29a60b01eed5ae57d4ee24d7,0x083cfa3434eaed8b4f62d0890867f2f738c195c4c07d0bd11908dea47d150142
113,10000,0.35101,0x5de6c7e2a39746b2e04d456b9fbe3b844c6250c3,2017-10-19T08:16:14.000Z,0.000035101,0x552b3e674cde8e6a4f1fb396642505f22f419a31,sell,0x73b534fb6f07381a29a60b01eed5ae57d4ee24d7,0x309fa92e58faf515610b6cecf37c3f1698f07e5666a7aa18cb82fa6369c176fa
114,1200,0.072,0x3442ee24a4a50c940521a588ade6e646a61fddbe,2017-10-19T07:29:06.000Z,0.00006,0x1d76c2a0f74838c67a87c58c0298bd0391ae4973,sell,0x73b534fb6f07381a29a60b01eed5ae57d4ee24d7,0x8c80ff2e52f68d03a4ee5edb309bad7ee8b460b86969b5d9256d10e100169dc7
115,6800,0.408,0x7eddac9180d2847806232d1b13c5a18dea5e08ad,2017-10-19T05:30:11.000Z,0.00006,0xe28541fcbfc65e99c49fae3588043448dd791179,buy,0x73b534fb6f07381a29a60b01eed5ae57d4ee24d7,0xd37de1ab1403980df13d3d3a715921ec04a5bfbea1c0b40dead95217135d9fbe
116,3857.529,0.2295229755,0x7eddac9180d2847806232d1b13c5a18dea5e08ad,2017-10-19T05:29:05.000Z,0.0000595,0x982b8b9cddc1f6be911e512c6f923334ecd8a44d,buy,0x73b534fb6f07381a29a60b01eed5ae57d4ee24d7,0xc0be323004822dda7d22909cf2d540d43ced6ef7136d5ea908c226de32bfa8dc
117,10000,0.594,0x7eddac9180d2847806232d1b13c5a18dea5e08ad,2017-10-19T05:27:59.000Z,0.0000594,0x982b8b9cddc1f6be911e512c6f923334ecd8a44d,buy,0x73b534fb6f07381a29a60b01eed5ae57d4ee24d7,0x7cb87cda16cebbd503359802a9c2a73816fdc0879edb0dd4a3c007b805c3cac9
118,1628.1865935919056,0.096551465,0x7eddac9180d2847806232d1b13c5a18dea5e08ad,2017-10-19T05:27:36.000Z,0.0000593,0x8e46e6732ce98bc4e380a61e1ce5fac9c785b64b,buy,0x73b534fb6f07381a29a60b01eed5ae57d4ee24d7,0xf2ffb46b052824a0ad71c04f46e6c286e114c7b7f7d49f9cd8a2a2a43f87ca2e
119,1000,0.05,0x827d8dd7390a427a6c1dec94392f99c5827e6467,2017-10-19T04:19:17.000Z,0.00005,0x982b8b9cddc1f6be911e512c6f923334ecd8a44d,sell,0x73b534fb6f07381a29a60b01eed5ae57d4ee24d7,0xc78f8cc79cda7bf12e47c446f7ed995248aeb2d8b45d8e8b95f204d77cbdcece
120,499,0.029585211,0x7f1df7f747a77b7f557a076b642631a0204ec651,2017-10-19T04:01:47.000Z,0.000059289,0x982b8b9cddc1f6be911e512c6f923334ecd8a44d,buy,0x73b534fb6f07381a29a60b01eed5ae57d4ee24d7,0x191fd721b693912f2f962cba40674a54b74951c729b1093474feda99430455ad
121,500,0.029644,0x7f1df7f747a77b7f557a076b642631a0204ec651,2017-10-19T04:01:33.000Z,0.000059288,0x982b8b9cddc1f6be911e512c6f923334ecd8a44d,buy,0x73b534fb6f07381a29a60b01eed5ae57d4ee24d7,0x21137c79396af228e87e3305af0c1e1d16bcb3e6a85d929bf366bc30e012e036
122,36197.07573111477,1.9908391652113122,0x5740241812f338b0650d59ff2c40c2f82792cba0,2017-10-19T02:54:27.000Z,0.000055,0x982b8b9cddc1f6be911e512c6f923334ecd8a44d,buy,0x73b534fb6f07381a29a60b01eed5ae57d4ee24d7,0xc8a1d72a5483accd4c86f33ebc56d0d6e918c247687dd06748156854fc7f2aee
123,3300,0.1815,0xceceaa548a1d18e3360379b4c1f94e0202299029,2017-10-19T02:33:00.000Z,0.000055,0x982b8b9cddc1f6be911e512c6f923334ecd8a44d,buy,0x73b534fb6f07381a29a60b01eed5ae57d4ee24d7,0x40fa7c9c9738c5abfdc6ae2ccbc14e90cb8b1c9f7e2e4f768c93707d0e11b045
124,2392.58299272256,0.1076662346725152,0x5740241812f338b0650d59ff2c40c2f82792cba0,2017-10-19T02:07:00.000Z,0.000045,0x82eaa8802ed058bf2f07e6d4842c63ce435da2ce,buy,0x73b534fb6f07381a29a60b01eed5ae57d4ee24d7,0xc8fc06ac0f36b7c9299f3e01e7f339e840eb8236f0c2e231395d1dd61670cbfc
125,3100,0.1395,0x62a27c6e093e23ee9a6623bf5577f7f75f93f3cb,2017-10-19T02:03:01.000Z,0.000045,0x82eaa8802ed058bf2f07e6d4842c63ce435da2ce,buy,0x73b534fb6f07381a29a60b01eed5ae57d4ee24d7,0xd580bf8414d6b747184ae05d75a6c08dd1c038584ce7658a6ff2789e0a4c4f17
126,1,0.000059289,0x3ac636ac5c3a2576156ac5f10066ca68abe0ad54,2017-10-18T17:47:14.000Z,0.000059289,0x982b8b9cddc1f6be911e512c6f923334ecd8a44d,buy,0x73b534fb6f07381a29a60b01eed5ae57d4ee24d7,0x9bdb25508190a84bfec5529834ab63ac1fa697d8de5da0a2e4ded446aebce759
127,10500,0.5775,0xceceaa548a1d18e3360379b4c1f94e0202299029,2017-10-18T17:29:12.000Z,0.000055,0x982b8b9cddc1f6be911e512c6f923334ecd8a44d,buy,0x73b534fb6f07381a29a60b01eed5ae57d4ee24d7,0x48d8c2d636a28c2debdef8170adc4c0160dbade3ee4e0375730f9b5fe04543a5
128,8.431703204047217,0.0005,0xf9695cd65d6dfdf257fab76a3eb0cb8f001971cc,2017-10-18T15:33:28.000Z,0.0000593,0x8e46e6732ce98bc4e380a61e1ce5fac9c785b64b,buy,0x73b534fb6f07381a29a60b01eed5ae57d4ee24d7,0x96253815ce121a4e11efee255a7db5d312da791f0a9df6f2c14278c15c2e6fd6
129,8.431703204047217,0.0005,0x379374d13077e8867ef31803c37baf9785a17c00,2017-10-18T15:29:54.000Z,0.0000593,0x8e46e6732ce98bc4e380a61e1ce5fac9c785b64b,buy,0x73b534fb6f07381a29a60b01eed5ae57d4ee24d7,0xb23b38ec437d3a9abc54695c44fc282f6b0afc7d2d2b42383d44042a4d138890
130,10,0.000593,0x636d925f140f761f7a0e600db2177dd068ddada1,2017-10-18T05:55:07.000Z,0.0000593,0x982b8b9cddc1f6be911e512c6f923334ecd8a44d,buy,0x73b534fb6f07381a29a60b01eed5ae57d4ee24d7,0x4619f35f73d3cbb91628702f7075ec80032798e5287addbe4dfcc47bda11e75c
131,0.4834402183853526,0.000015470086988331,0x1d76c2a0f74838c67a87c58c0298bd0391ae4973,2017-10-18T03:15:40.000Z,0.00003199999999999941,0x3dc6d0009cbcb9d524f83b98f675aed9cf9c1f2c,sell,0x73b534fb6f07381a29a60b01eed5ae57d4ee24d7,0x871542b19c72a144397334dc5987307ac6f90b08de9315e69d64f6a3e7338379
132,566,0.0332242,0xb15056cb8ab7779888d8e463d75e42e2a94e335e,2017-10-17T21:59:12.000Z,0.0000587,0x442edd20fdaf8d00adb4a94665a1b2edfad915ef,buy,0x73b534fb6f07381a29a60b01eed5ae57d4ee24d7,0x4c605434d912d4635f640f4687e5b0da6b9b8785b828bb840b1be6f675d92672
133,409.836,0.024999996,0x48b52dac7868b1f733a1a51f55961632d3157853,2017-10-17T18:24:40.000Z,0.000061,0x982b8b9cddc1f6be911e512c6f923334ecd8a44d,buy,0x73b534fb6f07381a29a60b01eed5ae57d4ee24d7,0xf7fe960efe8b5df08a3bad8d7048256b689c95a016493e2a59fade53b0bd935b
134,714.3620677538973,0.04357608613298774,0x0266783625bee262c1d55882205259e17a135d83,2017-10-17T17:53:43.000Z,0.000061,0x982b8b9cddc1f6be911e512c6f923334ecd8a44d,buy,0x73b534fb6f07381a29a60b01eed5ae57d4ee24d7,0xa77eb16d8bff146fefb78cae23606ca394b82fa47fda2d5001f03e28e953f39c
135,8.064646203971032,0.0005,0x42c24a83bded723edfdf5883bc7efb30bc1a1bf3,2017-10-17T16:21:38.000Z,0.000061999,0xff794ff176dde7640064983d8f2b942b12a4ab7d,buy,0x73b534fb6f07381a29a60b01eed5ae57d4ee24d7,0x58b7229c9c38d420d2eeb04eaaa37048c79f71c26e112528b9932bf116d3470c
136,1315.5535651059322,0.08156300548300269,0x592c53c7d1d30b38b92c6c50dd7a32e256342e9e,2017-10-17T16:20:52.000Z,0.000061999,0xff794ff176dde7640064983d8f2b942b12a4ab7d,buy,0x73b534fb6f07381a29a60b01eed5ae57d4ee24d7,0xfff0997ae49821a4608119795f1093557859dd9cc478c40c51ac3f0ec4f598f9
137,9500,0.589,0xe00349367b5a927b656f2919bc50b70511dfd103,2017-10-17T14:03:51.000Z,0.000062,0xcca2f841abf290885f2a0d0aab5534e33c328c4e,buy,0x73b534fb6f07381a29a60b01eed5ae57d4ee24d7,0x92fc704ad4f6775204f52b0ddce6feb7463918e61ecc40eabeaee39f7f2d3e69
138,1984.638,0.123047556,0xe00349367b5a927b656f2919bc50b70511dfd103,2017-10-17T14:03:47.000Z,0.000062,0x4da39d4a1748a245ceaf7acefb7b0c8fbf17e275,buy,0x73b534fb6f07381a29a60b01eed5ae57d4ee24d7,0x15ae7472d2c867d6b43e068b81ca1dc19833780c27389346477e7cab79fc4ada
139,13000,0.8047,0x32328ed0ddaa7b09250c0ae71f84555483936ada,2017-10-17T13:30:59.000Z,0.0000619,0xce26d73d90f0c3761f3b946addc1527b043f5db2,buy,0x73b534fb6f07381a29a60b01eed5ae57d4ee24d7,0x43d5951e4974487fe9b241c639658e7188a5568c2f36a97b5f6dd64b0be72001
140,5227.52880838206,0.2754907682017345,0x32328ed0ddaa7b09250c0ae71f84555483936ada,2017-10-17T13:30:14.000Z,0.0000527,0xc5cd3c2191287ac3e25692a03be4d7a4905e4886,buy,0x73b534fb6f07381a29a60b01eed5ae57d4ee24d7,0x28fac8a417ab8ad3764e02392cbcb170921683171399a09358e176341863b9bc
141,31072.652539324587,1.6375287888224057,0xd895e6e5e0a13ec2a16e7bddd6c1151b01128488,2017-10-17T11:45:58.000Z,0.0000527,0xc5cd3c2191287ac3e25692a03be4d7a4905e4886,buy,0x73b534fb6f07381a29a60b01eed5ae57d4ee24d7,0x917fddbe079b75736c4b2fd133d07ad92489c93ec6da51eed45c6f1e7ca9c4b8
142,10400,0.546,0xd895e6e5e0a13ec2a16e7bddd6c1151b01128488,2017-10-17T11:43:56.000Z,0.0000525,0xd657ef38291725886d48d49db185f11b68d43ae9,buy,0x73b534fb6f07381a29a60b01eed5ae57d4ee24d7,0xbad51fc8d2799e1cbe41f7fb8d147267a6f2c9a4980b8a149bb39facca93b8d9
143,33626.424457871995,1.7721125689298542,0x46dc6b56513ae75026900e7fd27aaf835cd0163a,2017-10-17T11:11:12.000Z,0.0000527,0xc5cd3c2191287ac3e25692a03be4d7a4905e4886,buy,0x73b534fb6f07381a29a60b01eed5ae57d4ee24d7,0xcc196763d6840fa34cbeaf69be426b30711e4eacade265373baa6c1e43adaa8a
144,2000,0.1,0xb320ffa395e8429be67732b4ff0c80bc86e9e70d,2017-10-17T06:31:06.000Z,0.00005,0x1d76c2a0f74838c67a87c58c0298bd0391ae4973,sell,0x73b534fb6f07381a29a60b01eed5ae57d4ee24d7,0xca37ed27157d2d0e98ae0adeb528a0abb31e57651d53ea3bbc05d6489296cc02
145,9.615569530183272,0.0005,0xcd912af5286dc0b0a23edb30209734ecb60838b3,2017-10-17T06:01:12.000Z,0.000051999,0x70c001263deb754b4e594c161ae3fe6011bed6c7,buy,0x73b534fb6f07381a29a60b01eed5ae57d4ee24d7,0x5d75d81cddc44252ef99d846d16de8000dd70c59467b10474eb322b9fdb04f9c
146,5750.111,0.299000021889,0x94100c9579eeccae6e1f662c92c1cd366fc514a8,2017-10-17T05:19:50.000Z,0.000051999,0x70c001263deb754b4e594c161ae3fe6011bed6c7,buy,0x73b534fb6f07381a29a60b01eed5ae57d4ee24d7,0xbae2e399695a4d30a5f896840c39d477ab1eddaba3bef692239081f94ca5ffd4
147,3275,0.131,0x981c325db0c12ca8437bf07fd86e920c65e65b36,2017-10-16T23:30:59.000Z,0.00004,0x1d739d7ee5fe4c5cdc815a4023de117c928519e0,buy,0x73b534fb6f07381a29a60b01eed5ae57d4ee24d7,0x800b4aa1ed65c2c1c4181960e09ae8fcab1dfe0295a0a3fd34278428592b452d
148,225,0.009,0xf939d1febe508a2ae1818ff210da1a8ca2bb146b,2017-10-16T23:00:36.000Z,0.00004,0x1d739d7ee5fe4c5cdc815a4023de117c928519e0,buy,0x73b534fb6f07381a29a60b01eed5ae57d4ee24d7,0x2d95c5a78b8ba65fe0a58305591cc454bbe3f97fa5f81c5842b02e8848b1cd89
149,5000,0.25995,0x29cf8e81d57b51be6be273a53739debe0ae10f84,2017-10-16T22:30:50.000Z,0.00005199,0x5de6c7e2a39746b2e04d456b9fbe3b844c6250c3,buy,0x73b534fb6f07381a29a60b01eed5ae57d4ee24d7,0x211f8b39d6fef429294f711bb9f92a240faffc358589f5d2799f9eaf5db1af99
150,500,0.02,0xb85d14ab22a69276e57f24130ce4215e5ffe7dc0,2017-10-16T21:17:47.000Z,0.00004,0x1d739d7ee5fe4c5cdc815a4023de117c928519e0,buy,0x73b534fb6f07381a29a60b01eed5ae57d4ee24d7,0x76fd8dbaa6039b342c6ee178cecef979e44c2c96e0d9f2d845757f9be1f01617
151,0.186,0.00000428916,0x833438ee8ac5c23f579ec08142f2285b4a596b74,2017-10-16T19:56:52.000Z,0.00002306,0xd9dad26f89fb4ed6654f72426ff952bd7895a039,sell,0x73b534fb6f07381a29a60b01eed5ae57d4ee24d7,0x577d74262f039d47c41d588babd3859e38feba85eb188d4c8d739314303c6c72
152,4849.388830623472,0.11154079249317048,0x5de6c7e2a39746b2e04d456b9fbe3b844c6250c3,2017-10-16T18:05:54.000Z,0.00002300099999999999,0x3dc6d0009cbcb9d524f83b98f675aed9cf9c1f2c,sell,0x73b534fb6f07381a29a60b01eed5ae57d4ee24d7,0xb6b8e2b2ad63ce22bd2ee0431fce2bc3f8a7b8d6078b033e938100fc17c9f786
153,4554.166,0.239999994034,0x1729e95865db62dfb64dae1ee0534d8bb3be874f,2017-10-16T17:51:16.000Z,0.000052699,0x70c001263deb754b4e594c161ae3fe6011bed6c7,buy,0x73b534fb6f07381a29a60b01eed5ae57d4ee24d7,0x16e1646066b5cd87e05a354b7c0757eae17d453113b6ec7a3c26c51547574d36
154,17113.747383112353,0.3936161898115841,0x6914934f32f4cfe1b674caa520f046f098a636ed,2017-10-16T15:23:26.000Z,0.00002299999999999999,0x234da63082f5a3c1ff790e466f7c9a8a13d9fae3,sell,0x73b534fb6f07381a29a60b01eed5ae57d4ee24d7,0x68fc9541fc108b854a3780b527ac695f3e77d4bd5d7849c392a4b2a986a22e8f
155,32704.2,0.7685814042,0x70c001263deb754b4e594c161ae3fe6011bed6c7,2017-10-16T15:16:21.000Z,0.000023501,0x234da63082f5a3c1ff790e466f7c9a8a13d9fae3,sell,0x73b534fb6f07381a29a60b01eed5ae57d4ee24d7,0x84765635e2b621306fd62969d98052098359bce22ca5640685510a4bad56d18b
156,10295.8,0.2419615958,0x70c001263deb754b4e594c161ae3fe6011bed6c7,2017-10-16T15:06:22.000Z,0.000023501,0x234da63082f5a3c1ff790e466f7c9a8a13d9fae3,sell,0x73b534fb6f07381a29a60b01eed5ae57d4ee24d7,0x69b6d68e06f5ba76f9b897af27bc9c4c5648baf75494b5a735bf6ad5c8b6a50c
157,43000,1.01523,0x70c001263deb754b4e594c161ae3fe6011bed6c7,2017-10-16T14:58:03.000Z,0.00002361,0x234da63082f5a3c1ff790e466f7c9a8a13d9fae3,sell,0x73b534fb6f07381a29a60b01eed5ae57d4ee24d7,0x1eace7beb19a6881f4f31494f2dc70fdc80f2954bf6c666868ee1f1a8bf673e0
158,5000,0.1185,0xd98a3954353055ab642c9159c7f3b25dac2dc29b,2017-10-16T14:57:40.000Z,0.0000237,0x234da63082f5a3c1ff790e466f7c9a8a13d9fae3,sell,0x73b534fb6f07381a29a60b01eed5ae57d4ee24d7,0x76d29af03e6f4382e5b93a3e88968c0a6ecd43c902eab82857c32380435283b1
159,3500,0.0833,0x1d76c2a0f74838c67a87c58c0298bd0391ae4973,2017-10-16T14:57:40.000Z,0.0000238,0x234da63082f5a3c1ff790e466f7c9a8a13d9fae3,sell,0x73b534fb6f07381a29a60b01eed5ae57d4ee24d7,0x11e9f84bbb299194fb67cb8f19fc0b0fa03fa58cb2d4f2e9efb6c15683ccb95f
160,10400,0.246376,0xd657ef38291725886d48d49db185f11b68d43ae9,2017-10-16T14:57:40.000Z,0.00002369,0x234da63082f5a3c1ff790e466f7c9a8a13d9fae3,sell,0x73b534fb6f07381a29a60b01eed5ae57d4ee24d7,0xca3de420da83f5ad5964d3ba772943d148f11452786426f4b84663d380ccd9ae
161,5000,0.12,0x1d76c2a0f74838c67a87c58c0298bd0391ae4973,2017-10-16T14:57:25.000Z,0.000024,0x234da63082f5a3c1ff790e466f7c9a8a13d9fae3,sell,0x73b534fb6f07381a29a60b01eed5ae57d4ee24d7,0x73f6009dd5594d4c161d39ab9b236f00a368a04b64fa4c584f76d916252b100b
162,10000,0.239,0x5de6c7e2a39746b2e04d456b9fbe3b844c6250c3,2017-10-16T14:57:25.000Z,0.0000239,0x234da63082f5a3c1ff790e466f7c9a8a13d9fae3,sell,0x73b534fb6f07381a29a60b01eed5ae57d4ee24d7,0xbf46e696192ba4f0ce27cb149c3f816673834426c9b9abfa9044dcc732f0f769
163,12500,0.3125125,0x70c001263deb754b4e594c161ae3fe6011bed6c7,2017-10-16T14:57:25.000Z,0.000025001,0x234da63082f5a3c1ff790e466f7c9a8a13d9fae3,sell,0x73b534fb6f07381a29a60b01eed5ae57d4ee24d7,0x1a6105863c185360c5008ec7387a1f11d78c738eb29ca131edee4e551f8ac948
164,10000,0.25003,0x5de6c7e2a39746b2e04d456b9fbe3b844c6250c3,2017-10-16T14:56:52.000Z,0.000025003,0x234da63082f5a3c1ff790e466f7c9a8a13d9fae3,sell,0x73b534fb6f07381a29a60b01eed5ae57d4ee24d7,0x7783464fafde98a9415180fb8be339bfaa374d7b29ed4020ac70af7d264f38b8
165,3,0.00012,0xbf52f67f8524587d6a7ab1f1f8d092c635b9587f,2017-10-16T11:53:01.000Z,0.00004,0x234da63082f5a3c1ff790e466f7c9a8a13d9fae3,buy,0x73b534fb6f07381a29a60b01eed5ae57d4ee24d7,0x54ef549d6e37901211ccf4aafb6dc87a69cec0aa09c33a3028e51463cbce6152
166,3,0.00012,0xbf52f67f8524587d6a7ab1f1f8d092c635b9587f,2017-10-16T11:50:43.000Z,0.00004,0x234da63082f5a3c1ff790e466f7c9a8a13d9fae3,buy,0x73b534fb6f07381a29a60b01eed5ae57d4ee24d7,0x02f01924e337c57be8e5f807b3136eeb6083481b254ae05b3351f1ab81b4dc03
167,24464.589,0.611663654178,0x04abf492d5a407550c7129e72294a3b7a2ffc6dc,2017-10-16T11:16:22.000Z,0.000025002,0xc5cd3c2191287ac3e25692a03be4d7a4905e4886,sell,0x73b534fb6f07381a29a60b01eed5ae57d4ee24d7,0x682ca8c56da83d768d05599d2679d8458021391529fb571ec435461ccafd3019
168,1465,0.08497,0x29cf8e81d57b51be6be273a53739debe0ae10f84,2017-10-16T01:03:27.000Z,0.000058,0x6e20fc98c86d303fa8d3dc182fa739cde1046faf,buy,0x73b534fb6f07381a29a60b01eed5ae57d4ee24d7,0x023c286d33d79d035eea66327088d37c542de6fbdc4f0ec1842de7c9b01288e5
169,2000,0.117,0x29cf8e81d57b51be6be273a53739debe0ae10f84,2017-10-16T01:00:58.000Z,0.0000585,0x6e20fc98c86d303fa8d3dc182fa739cde1046faf,buy,0x73b534fb6f07381a29a60b01eed5ae57d4ee24d7,0x16e287440ebd623fba0de3633677d15b5ca4d70ee8f05f59205dfb112f0445c0
170,2809.431,0.11237724,0x29cf8e81d57b51be6be273a53739debe0ae10f84,2017-10-16T01:00:52.000Z,0.00004,0xccd41fd2dc66d60460351afad6297ea3d00b7fb9,buy,0x73b534fb6f07381a29a60b01eed5ae57d4ee24d7,0x1c12d2384b062c10317b5f1917332c849fda12e9cc753316e60ef8865a1d14f5
171,4124.628,0.24747768,0x29cf8e81d57b51be6be273a53739debe0ae10f84,2017-10-16T00:59:23.000Z,0.00006,0xd657ef38291725886d48d49db185f11b68d43ae9,buy,0x73b534fb6f07381a29a60b01eed5ae57d4ee24d7,0x43373f8dd821282b5c6a78e6917ed796079f3e9c038589dda2ee8d68de0a9a62
172,4000,0.18,0x29cf8e81d57b51be6be273a53739debe0ae10f84,2017-10-16T00:50:35.000Z,0.000045,0xa134cb2734bc8308b9f9a044eeaae5dbcdc9d9ba,buy,0x73b534fb6f07381a29a60b01eed5ae57d4ee24d7,0x0130b0afc5ceda1816ec4128d5b8a751fe5d1b3231080c6dbbc02b2087332de0
173,3000,0.1584,0x29cf8e81d57b51be6be273a53739debe0ae10f84,2017-10-16T00:50:35.000Z,0.0000528,0x1d76c2a0f74838c67a87c58c0298bd0391ae4973,buy,0x73b534fb6f07381a29a60b01eed5ae57d4ee24d7,0x761bf02735e62c296121989a767b600e6a175fdbcb9a2ab4f89b03017c71f718
174,18493.9,1.0911401,0x29cf8e81d57b51be6be273a53739debe0ae10f84,2017-10-16T00:48:48.000Z,0.000059,0x0b38cef547238e862017d01803baa9825581628a,buy,0x73b534fb6f07381a29a60b01eed5ae57d4ee24d7,0xb0ea2cfaf4931c6f1b2fbe09ac5649cef7b3ce49ebc7ba66791033becd57aa30
175,498.45479015053337,0.010966005383311732,0x46dc6b56513ae75026900e7fd27aaf835cd0163a,2017-10-15T15:51:39.000Z,0.00002199999999999999,0x68bbd7afd66f2a2c36a817bef85f07e5f63d60f4,sell,0x73b534fb6f07381a29a60b01eed5ae57d4ee24d7,0xe1ca77c7e48454667f8dbb4072f7d869fd45e10b947e913550a7a4d9bc22c5d8
176,39876.38321204267,1.0367859635131094,0x46dc6b56513ae75026900e7fd27aaf835cd0163a,2017-10-15T13:26:45.000Z,0.00002599999999999999,0xdad5ce2aba31416d27c8cf09366b886e622ecccf,sell,0x73b534fb6f07381a29a60b01eed5ae57d4ee24d7,0x639338c504a9d21974a68cfef081e089924ac547d1202c24227933510ee3ff4b
177,1495.5134596211367,0.044865403788634094,0x8909e1a4f31fc2214ea6c4a917268b833b00c000,2017-10-15T12:38:27.000Z,0.00002999999999999999,0x3b2ceb8a5411aa1ab60d3d8eb450d9fa39a41176,sell,0x73b534fb6f07381a29a60b01eed5ae57d4ee24d7,0x21eab4126d579546f84b0dc847e9c71128988152d7c9fb2e4f77a7cdbbf34b83
178,4000,0.104,0x1d739d7ee5fe4c5cdc815a4023de117c928519e0,2017-10-15T12:38:27.000Z,0.000026,0xc5cd3c2191287ac3e25692a03be4d7a4905e4886,buy,0x73b534fb6f07381a29a60b01eed5ae57d4ee24d7,0x13c99958033499e3e019bfc434c904595a606773956df3c59c4dd1c3d4802a4b
179,1500,0.039,0x3b2ceb8a5411aa1ab60d3d8eb450d9fa39a41176,2017-10-15T12:38:27.000Z,0.000026,0xc5cd3c2191287ac3e25692a03be4d7a4905e4886,buy,0x73b534fb6f07381a29a60b01eed5ae57d4ee24d7,0x21eab4126d579546f84b0dc847e9c71128988152d7c9fb2e4f77a7cdbbf34b83
180,25000,0.65,0x702255c72398c37fe987888ac888cd6c84636dbe,2017-10-15T11:42:22.000Z,0.000026,0xc5cd3c2191287ac3e25692a03be4d7a4905e4886,buy,0x73b534fb6f07381a29a60b01eed5ae57d4ee24d7,0x09ff4854c386ccab1bbc8d5d60cbaf268588e24c451622eecec1e491970bb76a
181,9777.382425074811,0.25421194305194506,0x43808d5a5cc952c530ff9d0499fa0bfd8ff553bf,2017-10-15T09:40:44.000Z,0.000026,0xc5cd3c2191287ac3e25692a03be4d7a4905e4886,buy,0x73b534fb6f07381a29a60b01eed5ae57d4ee24d7,0x8aecb880dbf756a04af819af95905e180b8018829e1874afcd6a4b62bf269212
182,0.029002346546576924,0.000000754061010211,0x43808d5a5cc952c530ff9d0499fa0bfd8ff553bf,2017-10-15T09:35:17.000Z,0.000026,0xc5cd3c2191287ac3e25692a03be4d7a4905e4886,buy,0x73b534fb6f07381a29a60b01eed5ae57d4ee24d7,0xcb0cf6886bff32a9ca9f89b3ad9ce30de828b3732263c54fa67b780ac078e369
183,11764.321398582395,0.30587235636314225,0x46dc6b56513ae75026900e7fd27aaf835cd0163a,2017-10-15T09:32:13.000Z,0.000026,0x7aa6e2506316f6d613277d4f2f4e4e1dc55e528e,sell,0x73b534fb6f07381a29a60b01eed5ae57d4ee24d7,0x82b9d125db3f163cc269a6d60efcb3d66833237e36c108b21e6523846f126d96
184,11799.720560263184,0.2949930140065796,0x7aa6e2506316f6d613277d4f2f4e4e1dc55e528e,2017-10-15T09:32:13.000Z,0.000025,0x6c89306549ae4c8823f539c2535fdf76590d0f88,buy,0x73b534fb6f07381a29a60b01eed5ae57d4ee24d7,0x82b9d125db3f163cc269a6d60efcb3d66833237e36c108b21e6523846f126d96
185,302.5594397368158,0.007563985993420396,0x43808d5a5cc952c530ff9d0499fa0bfd8ff553bf,2017-10-15T09:26:42.000Z,0.000025,0x6c89306549ae4c8823f539c2535fdf76590d0f88,buy,0x73b534fb6f07381a29a60b01eed5ae57d4ee24d7,0x83cb0597d9eed491da704b1cc32f5a336030d354d17fbd35328905f8c1862081
186,3987.628352108464,0.0996907088027116,0xd657ef38291725886d48d49db185f11b68d43ae9,2017-10-15T05:52:33.000Z,0.00002499999999999999,0x21e70fee23868b5c84e3cfa093990ccc1eb5d02f,sell,0x73b534fb6f07381a29a60b01eed5ae57d4ee24d7,0x03f091cd51028eedc2952f5b9707c67853e7f987ba51a231629e9b0545ffdda4
187,137,0.003425,0xd657ef38291725886d48d49db185f11b68d43ae9,2017-10-15T05:14:36.000Z,0.000025,0x3fa51d61955cf4c2ac1640bb36e19a735bf09da0,sell,0x73b534fb6f07381a29a60b01eed5ae57d4ee24d7,0x88fc81f79b1dcc631e35d170575bef27ea6cbecf200c0d3fd3c219e19a265da1
188,7000,0.182,0xf42211cd13cc0f615b87333f87488a4ada5f01e0,2017-10-14T13:45:08.000Z,0.000026,0x6c89306549ae4c8823f539c2535fdf76590d0f88,sell,0x73b534fb6f07381a29a60b01eed5ae57d4ee24d7,0x57bfad98fe25e785f8dbea32b8ca5d4f74724b246a547e6240f7ba66a1822852
189,20814.277,0.541171202,0x862da9f1565c23a16c9b4b6b510243111566fee1,2017-10-14T13:05:52.000Z,0.000026,0x6c89306549ae4c8823f539c2535fdf76590d0f88,sell,0x73b534fb6f07381a29a60b01eed5ae57d4ee24d7,0x03d9a5e861c69653bb1f2fab0530e2cd167186afceebf69adcea08da65640393
190,1408.3291795434154,0.0366165586681288,0x862da9f1565c23a16c9b4b6b510243111566fee1,2017-10-14T12:27:57.000Z,0.00002599999999999999,0x945b174438e4fe1d5f9c937c10d6c4fa03340c96,sell,0x73b534fb6f07381a29a60b01eed5ae57d4ee24d7,0x00af66afd3d1a9078080fa4f4c4ce0c6c1e3e8cdbd2174de396ede76b6ba41c0
191,435,0.01566435,0x80831b5a5f13ae1d25c354bcab92856262451793,2017-10-14T12:25:19.000Z,0.00003601,0x945b174438e4fe1d5f9c937c10d6c4fa03340c96,sell,0x73b534fb6f07381a29a60b01eed5ae57d4ee24d7,0x4b5188e4d6dc0ca2d1b86e3d4e51ea8d7e111019ccce3a6bd36b0fdbd2f9fb5b
192,39876.38321204267,1.0367859635131094,0x862da9f1565c23a16c9b4b6b510243111566fee1,2017-10-14T10:02:37.000Z,0.00002599999999999999,0xd091a6cd30098f643790c2b14340d757a04be2c5,sell,0x73b534fb6f07381a29a60b01eed5ae57d4ee24d7,0xe0955d4808fc8fb7c62ff8218558ee668925f79031d7835c4e525437ed4b0505
193,85000,2.21,0x862da9f1565c23a16c9b4b6b510243111566fee1,2017-10-14T09:36:24.000Z,0.000026,0xc5cd3c2191287ac3e25692a03be4d7a4905e4886,sell,0x73b534fb6f07381a29a60b01eed5ae57d4ee24d7,0xe716e5117ea3152edd03bc67df520d39778df09741135600c978718111a5411c
194,2870,0.07462,0x862da9f1565c23a16c9b4b6b510243111566fee1,2017-10-14T08:02:02.000Z,0.000026,0x78b0e4933f5b7d90102367e28efcde256998411e,sell,0x73b534fb6f07381a29a60b01eed5ae57d4ee24d7,0x4e591edcc229ac2294dc8a1464881690f8cbe0dfafd6d1187ff8eec838715387
195,1000,0.02808,0x484ede38b707eac426f33896859b37a06129578e,2017-10-14T06:35:48.000Z,0.00002808,0x78b0e4933f5b7d90102367e28efcde256998411e,sell,0x73b534fb6f07381a29a60b01eed5ae57d4ee24d7,0xc3684a31a034bfe7f1d2b694ae4389d97323eb73d8d6f37a3fe071dbd54718d1
196,100,0.003001,0xb51b59ab94a6562e26308c108b698674948d5efe,2017-10-14T03:18:09.000Z,0.00003001,0x78b0e4933f5b7d90102367e28efcde256998411e,sell,0x73b534fb6f07381a29a60b01eed5ae57d4ee24d7,0x194303d539dea7fb6bf4499694d19f2429ad0613291c044255658a8aa5f7e18c
197,50,0.00255,0x035392de57aa4fe343d86494103dbe1b068a56c6,2017-10-14T00:47:42.000Z,0.000051,0x945b174438e4fe1d5f9c937c10d6c4fa03340c96,buy,0x73b534fb6f07381a29a60b01eed5ae57d4ee24d7,0x2e3062c2d67923d99ef9111543db4fda0b8874cfe3756225198f949673c294b5
198,100,0.0051,0x035392de57aa4fe343d86494103dbe1b068a56c6,2017-10-14T00:47:12.000Z,0.000051,0x945b174438e4fe1d5f9c937c10d6c4fa03340c96,buy,0x73b534fb6f07381a29a60b01eed5ae57d4ee24d7,0x5cb94f748a696b32530c56acf5cdde04482e67d8931548faea826ed070720580
199,21031.010328980163,0.5468062685534842,0x862da9f1565c23a16c9b4b6b510243111566fee1,2017-10-13T21:39:42.000Z,0.00002599999999999999,0x2eac1139616ad111598cfce075d24ce2a7a467b2,sell,0x73b534fb6f07381a29a60b01eed5ae57d4ee24d7,0x884953ae61fa1bbbdeef3eb2a41e335a3451be91cbc5b927f6e17079c0ed7fbd
200,39000,1.014,0x862da9f1565c23a16c9b4b6b510243111566fee1,2017-10-13T21:23:21.000Z,0.000026,0x6204593e74aaae121a0af0fb31bdef6fd8a3b0c9,sell,0x73b534fb6f07381a29a60b01eed5ae57d4ee24d7,0xff54939f58e96c72c21181ea314ab2912f2a4f057b6a38168eed091a4e72f1f2
201,8129.513,0.25209619813,0x7e424c759bbcd15311868103efabcacd8cc0df9d,2017-10-13T20:36:29.000Z,0.00003101,0x2eac1139616ad111598cfce075d24ce2a7a467b2,sell,0x73b534fb6f07381a29a60b01eed5ae57d4ee24d7,0xf8d1d277a7798530187e546560c88515a3c15518b8ea6e39b25587eadc0b20b5
202,40000,1.2404,0x7e424c759bbcd15311868103efabcacd8cc0df9d,2017-10-13T19:51:51.000Z,0.00003101,0x408e994b86d34452d74a948e6c4da67ad12210bb,sell,0x73b534fb6f07381a29a60b01eed5ae57d4ee24d7,0xbf7b4bce2e114b95b2e8273f3a4e776ebf9159813fefbb4780b350c40fcfdae4
203,1870.4869690484904,0.058003800910193686,0x7e424c759bbcd15311868103efabcacd8cc0df9d,2017-10-13T19:34:08.000Z,0.00003100999999999999,0xd9dad26f89fb4ed6654f72426ff952bd7895a039,sell,0x73b534fb6f07381a29a60b01eed5ae57d4ee24d7,0x78c2adacb0df201f3c7d1edc975eedf42f022d132eb1b304e653e9c480e15c67
204,1732.979420228079,0.0459239546360441,0x862da9f1565c23a16c9b4b6b510243111566fee1,2017-10-13T10:51:59.000Z,0.00002649999999999999,0xc6fc6835ce16679c89567c0b33604d1e9a71bf99,sell,0x73b534fb6f07381a29a60b01eed5ae57d4ee24d7,0x4cfdaaf331440f336deaa01d7b421cf16e00f669383ebe2d127a00b4c296dd63
205,260.8557762404923,0.007828281844977173,0xcf8cce88b21122f6a98e72aa5e165cce7023495c,2017-10-13T10:46:34.000Z,0.00003000999999999999,0xc6fc6835ce16679c89567c0b33604d1e9a71bf99,sell,0x73b534fb6f07381a29a60b01eed5ae57d4ee24d7,0x68e8429b0f5e59fd41ba7617f5e4338495b4f699d216c456a46dac66ca5aca16
206,435,0.01566435,0x80831b5a5f13ae1d25c354bcab92856262451793,2017-10-13T08:47:59.000Z,0.00003601,0xa66629220afb166cba1993138c15cbd96b6dc0ab,sell,0x73b534fb6f07381a29a60b01eed5ae57d4ee24d7,0x834ac395027194d4d20a15171972dd4f9fe3f0e7624e0a6b7e83374f7462b978
207,3000,0.1083,0x1d76c2a0f74838c67a87c58c0298bd0391ae4973,2017-10-13T08:40:24.000Z,0.0000361,0xa66629220afb166cba1993138c15cbd96b6dc0ab,sell,0x73b534fb6f07381a29a60b01eed5ae57d4ee24d7,0x5064aa244526883b87a57f07017721f6e357830afde2e591f31c80dab73958a0
208,1316.595,0.0526638,0x82eaa8802ed058bf2f07e6d4842c63ce435da2ce,2017-10-13T00:02:40.000Z,0.00004,0x943a207312e48c5deee10e4a2ee9665558615a45,sell,0x73b534fb6f07381a29a60b01eed5ae57d4ee24d7,0xfe3f341783fd3111eae7fb17d490f61ca177b866a1832eec0bab587c6506046b
209,159.521,0.006380999521,0x68ccf5f1e9884466ec195854e702b9fccc42a938,2017-10-13T00:02:32.000Z,0.000040001,0x943a207312e48c5deee10e4a2ee9665558615a45,sell,0x73b534fb6f07381a29a60b01eed5ae57d4ee24d7,0xfca3fe05b4b768374968e704ce08f175bc7076453fe65894abf9a4fdb757543e
210,2820,0.141,0x086fa90d78d87c0597ae9346ad8e3bd9cd8cb2a4,2017-10-13T00:01:57.000Z,0.00005,0x943a207312e48c5deee10e4a2ee9665558615a45,sell,0x73b534fb6f07381a29a60b01eed5ae57d4ee24d7,0xc413cd2dc518f2910e95042886844c2d2c1d6d5c80ede5cb6f00b4590c2edf10
211,16683.404598698267,0.6673361839479307,0x82eaa8802ed058bf2f07e6d4842c63ce435da2ce,2017-10-12T21:13:09.000Z,0.00003999999999999999,0xd4124ed339aae428c245389af6f0b2477dd60168,sell,0x73b534fb6f07381a29a60b01eed5ae57d4ee24d7,0x7b4987a44ed5c6bf67a135fb9356f9f0ecc55fd390e3703488aa90eb32467545
212,1000,0.04001,0x68ccf5f1e9884466ec195854e702b9fccc42a938,2017-10-12T21:10:52.000Z,0.00004001,0xd4124ed339aae428c245389af6f0b2477dd60168,sell,0x73b534fb6f07381a29a60b01eed5ae57d4ee24d7,0x3785038361a4b1a468417fcf6ec804c2617e72c215ede76a3b307c56eb5b6983
213,3340.091,0.13367044182,0x0549af7c7201e1d98604deb3ac14aea189602f23,2017-10-12T21:09:56.000Z,0.00004002,0xd4124ed339aae428c245389af6f0b2477dd60168,sell,0x73b534fb6f07381a29a60b01eed5ae57d4ee24d7,0x550dddabf4d54c5144e3c5a8d93237743165fedbfcddd5ecc61361e9d2e4ccf8
214,18289.199974123396,0.7864355988873061,0x982b8b9cddc1f6be911e512c6f923334ecd8a44d,2017-10-12T21:08:10.000Z,0.00004299999999999999,0xd4124ed339aae428c245389af6f0b2477dd60168,sell,0x73b534fb6f07381a29a60b01eed5ae57d4ee24d7,0xb3759dc2c5328024e1403971829627f6916680de7e83c2d0d08eb52ee5a0388a
215,566,0.024904,0x442edd20fdaf8d00adb4a94665a1b2edfad915ef,2017-10-12T21:05:50.000Z,0.000044,0xd4124ed339aae428c245389af6f0b2477dd60168,sell,0x73b534fb6f07381a29a60b01eed5ae57d4ee24d7,0xf4983892668e90b4a555aaa81325de0a2101f2ae133c12bc594a38fbafad3797
216,3987.628352108464,0.17146801914066395,0x982b8b9cddc1f6be911e512c6f923334ecd8a44d,2017-10-12T21:02:58.000Z,0.00004299999999999999,0xcdd33f58cf447f861af8b55e79b20df38ff855fa,sell,0x73b534fb6f07381a29a60b01eed5ae57d4ee24d7,0x1a81dbbdc4dfe29524f2c4154d54965653a7840f6090f8c0396e15132dec73c0
217,4769.527969252139,0.20508970267784196,0x982b8b9cddc1f6be911e512c6f923334ecd8a44d,2017-10-12T18:37:59.000Z,0.00004299999999999999,0x63f04f9d637532286e7615bc1e79694015048b76,sell,0x73b534fb6f07381a29a60b01eed5ae57d4ee24d7,0xe2382649c483fb8ea44b0f3994389add7fb39b90b3212ea5bd76261c75fa8071
218,14953.643704516,0.643006679294188,0x982b8b9cddc1f6be911e512c6f923334ecd8a44d,2017-10-12T17:36:08.000Z,0.00004299999999999999,0x57e9d807c28e50432f39220ebcc01bc1ae07d7e1,sell,0x73b534fb6f07381a29a60b01eed5ae57d4ee24d7,0xf6cdff10366fbbe57da8c989c66cb0b42c88d5b8b10e1ef869528935279da7ec
219,4159.908521836223,0.16647953904388565,0x0549af7c7201e1d98604deb3ac14aea189602f23,2017-10-12T16:30:37.000Z,0.00004001999999999999,0x4a11c71189be831520cc6b71d9bad0631e77959c,sell,0x73b534fb6f07381a29a60b01eed5ae57d4ee24d7,0x5bd2e8d9377278a179fd975ed33736a6ecaa4b311b2183e9d2f32f3a09d385ff
220,190.5685316694717,0.016198325191905096,0x8d470ffbdeba52761192bf787f15f6d9d7a398b1,2017-10-12T16:18:16.000Z,0.000085,0xccd41fd2dc66d60460351afad6297ea3d00b7fb9,buy,0x73b534fb6f07381a29a60b01eed5ae57d4ee24d7,0x7aa16e594f8c69746ce4864a6d994f7172e489aa7e7443eb8a6368aeea285606
221,0.9999999999999846,0.000064999999999999,0x0249924245a19aa2d7f5ddb0739a7132b7d094ab,2017-10-12T15:54:59.000Z,0.000065,0xd9dad26f89fb4ed6654f72426ff952bd7895a039,buy,0x73b534fb6f07381a29a60b01eed5ae57d4ee24d7,0x9a9b9cb26257acc755dd7f52f38dbbdb5bf0468691135d0b1ed701be192da86e
222,1800,0.108,0x63f04f9d637532286e7615bc1e79694015048b76,2017-10-12T15:40:39.000Z,0.00006,0xd9dad26f89fb4ed6654f72426ff952bd7895a039,buy,0x73b534fb6f07381a29a60b01eed5ae57d4ee24d7,0x8ff5e6b9f65223c9a3c48337fd3bee14f96be22d6b791286deffdddd91dc2647
223,1,0.0000664,0xdd3b7b82caa14a588410caa5e37bc9c9c02f27ce,2017-10-12T15:37:53.000Z,0.0000664,0x0b38cef547238e862017d01803baa9825581628a,buy,0x73b534fb6f07381a29a60b01eed5ae57d4ee24d7,0xe90e1e1ada27ba51990609e6662da1b34246afadd5c2560e80c2aad67a934134
224,0.0000000012646,0.000000000000107491,0xda335761adceaa57fe02367340c2e33ba185175e,2017-10-12T15:33:33.000Z,0.000085,0xccd41fd2dc66d60460351afad6297ea3d00b7fb9,buy,0x73b534fb6f07381a29a60b01eed5ae57d4ee24d7,0x27fd456c3349def684be63e3152fca178869ee8ef14c4d701556a5f5f8a9a7fa
225,0.000012685191235294,0.000000001078241255,0xda335761adceaa57fe02367340c2e33ba185175e,2017-10-12T15:30:50.000Z,0.00008500000000000078,0xccd41fd2dc66d60460351afad6297ea3d00b7fb9,buy,0x73b534fb6f07381a29a60b01eed5ae57d4ee24d7,0xa57f5337f968f145ecc22dcbd9890bf7a6ddea5198adc29d9054d1a9f3aee50f
226,0.03379959944891703,0.000010815838024054,0xda335761adceaa57fe02367340c2e33ba185175e,2017-10-12T15:27:29.000Z,0.000319999,0x63f04f9d637532286e7615bc1e79694015048b76,buy,0x73b534fb6f07381a29a60b01eed5ae57d4ee24d7,0x2baafde4a74b1253877dea6edbfe0b2e521b4987e9e26b691175058ecf0e3d0d
227,339.0437820720829,0.10849367121928444,0xda335761adceaa57fe02367340c2e33ba185175e,2017-10-12T15:26:47.000Z,0.000319999,0x63f04f9d637532286e7615bc1e79694015048b76,buy,0x73b534fb6f07381a29a60b01eed5ae57d4ee24d7,0x3c2dcc16ecad3b35ac1514a0e720bf253991e463b7f8e057f872247d199c0139
228,6000,0.39,0xda335761adceaa57fe02367340c2e33ba185175e,2017-10-12T15:22:33.000Z,0.000065,0xb47959d3b0b0436be20c0fb8004a97028ca9af43,buy,0x73b534fb6f07381a29a60b01eed5ae57d4ee24d7,0x18b5dffc816e2b30ca54ebbee1193b46a67e1c5a8920a6ef8a8c1f0468e71c59
229,3323.391087628352,0.1994034652577011,0x63f04f9d637532286e7615bc1e79694015048b76,2017-10-12T14:43:59.000Z,0.00006,0xd9dad26f89fb4ed6654f72426ff952bd7895a039,buy,0x73b534fb6f07381a29a60b01eed5ae57d4ee24d7,0xdb127c232e003feeb588fc0ce17eaf9a534ee083ef490fe9900d2edad19ce96e
230,720.0356547817394,0.02160827,0xcca2f841abf290885f2a0d0aab5534e33c328c4e,2017-10-12T13:23:56.000Z,0.00003000999999999999,0x4a11c71189be831520cc6b71d9bad0631e77959c,sell,0x73b534fb6f07381a29a60b01eed5ae57d4ee24d7,0x7b31ed3d6c3077af348693900fa80529ecde3665cb44dcc15f4fb00b138321d1
231,25000,0.625,0x982b8b9cddc1f6be911e512c6f923334ecd8a44d,2017-10-12T13:17:53.000Z,0.000025,0x4a11c71189be831520cc6b71d9bad0631e77959c,sell,0x73b534fb6f07381a29a60b01eed5ae57d4ee24d7,0x675802fb326599b59133c3c01eb10f0adf8b50981c9e79a5320d95e9254a57e8
232,739.1442237595078,0.022181718155022827,0xcf8cce88b21122f6a98e72aa5e165cce7023495c,2017-10-12T13:12:41.000Z,0.00003000999999999999,0xce0b647f436b0b84199454353a42a671fecf461e,sell,0x73b534fb6f07381a29a60b01eed5ae57d4ee24d7,0x1b2952d18c3ed3b78e75bceb31f14fa6314b47b8d88e414a8854d0f63c6ca527
233,6000,0.276,0xb47959d3b0b0436be20c0fb8004a97028ca9af43,2017-10-12T13:10:31.000Z,0.000046,0x4a11c71189be831520cc6b71d9bad0631e77959c,sell,0x73b534fb6f07381a29a60b01eed5ae57d4ee24d7,0xbcb010a56f34302ab8939830e4504856873f944c36148f8dd1953873cb036fee
234,8800,0.264088,0xcca2f841abf290885f2a0d0aab5534e33c328c4e,2017-10-12T13:10:11.000Z,0.00003001,0xce0b647f436b0b84199454353a42a671fecf461e,sell,0x73b534fb6f07381a29a60b01eed5ae57d4ee24d7,0xd1f42dcb25a6fc77f2875de4cf8cef6e524e9b3bc2f73bb43de1198efc4dda34
235,2148.11185325491,0.09666503339647094,0xdaee1934804b49b349f7af463c2f86577e3480f6,2017-10-12T13:10:06.000Z,0.00004499999999999999,0xce0b647f436b0b84199454353a42a671fecf461e,sell,0x73b534fb6f07381a29a60b01eed5ae57d4ee24d7,0xdfc2a25f4ea7da739db23b070604c40e5fa0ffd5d94c512b707711fd211696b6
236,1000,0.0451,0xcf8cce88b21122f6a98e72aa5e165cce7023495c,2017-10-12T13:05:45.000Z,0.0000451,0xce0b647f436b0b84199454353a42a671fecf461e,sell,0x73b534fb6f07381a29a60b01eed5ae57d4ee24d7,0x2c483603d86f094baf892d792e6504297c7fe9b11f7eefc19daf94fa373f9b0c
237,4200,0.18942,0xd33011cd391e41d4d1a4dfcd3cee946c5f4f86cc,2017-10-12T13:05:27.000Z,0.0000451,0xce0b647f436b0b84199454353a42a671fecf461e,sell,0x73b534fb6f07381a29a60b01eed5ae57d4ee24d7,0x25a198eaa0c663578d3d86127d9ef35ccd55a2fa55f68e499c753bf0511d27bb
238,550,0.0248325,0xfe910097ec2aa968d49a87b38f459c96fc33f172,2017-10-12T13:05:19.000Z,0.00004515,0xce0b647f436b0b84199454353a42a671fecf461e,sell,0x73b534fb6f07381a29a60b01eed5ae57d4ee24d7,0xefe3fe10c023b718ea33086c91c0e9e48c5a5a9b677af8560bfc08badf02b22f
239,4000,0.184,0x3af051066cbddc1c00b7442f61848a94b1044bdf,2017-10-12T12:48:01.000Z,0.000046,0x4a11c71189be831520cc6b71d9bad0631e77959c,sell,0x73b534fb6f07381a29a60b01eed5ae57d4ee24d7,0xb88b473e25ac4f390ec6dc450ce0c19e1917bf74f3fc76a807ffb3865b2376b1
240,2200,0.09944,0x6e20fc98c86d303fa8d3dc182fa739cde1046faf,2017-10-12T11:05:02.000Z,0.0000452,0x087c172696900e8bff0189f2979ed230d586ea45,sell,0x73b534fb6f07381a29a60b01eed5ae57d4ee24d7,0xa20fe11d63dae60e075ce1fc19613f21a9b3c73ad9a863241b651206a846ec5b
241,35.999999999998,0.00287963999999984,0xbd8fe66d48e1c03692cd46af440f07346c99f12a,2017-10-12T10:23:28.000Z,0.00007998999999999998,0xe5e2a3db182f66715f2438864c7d75b532f9df21,sell,0x73b534fb6f07381a29a60b01eed5ae57d4ee24d7,0x902823fa9af7fcd792d2acd959357b6514f2f02e05798c57eeaf7a85db931061
242,13000,0.728,0xce26d73d90f0c3761f3b946addc1527b043f5db2,2017-10-12T10:18:20.000Z,0.000056,0x12f8967fa9cb2b44468a453230a99ef64cbaa494,sell,0x73b534fb6f07381a29a60b01eed5ae57d4ee24d7,0x4321ca1b61518ba0dd4f61df076b5c5b7be3f02c61b15eb22e80eeebbbaf2f83
243,7000,0.399,0xd9dad26f89fb4ed6654f72426ff952bd7895a039,2017-10-12T10:18:20.000Z,0.000057,0x12f8967fa9cb2b44468a453230a99ef64cbaa494,sell,0x73b534fb6f07381a29a60b01eed5ae57d4ee24d7,0x06bd87e1d85d0acbb36cf0e075bde28fb7361096d7a5e8301784e256af5bac84
244,12000,0.948,0x7aa6e2506316f6d613277d4f2f4e4e1dc55e528e,2017-10-12T10:13:38.000Z,0.000079,0x3453011daa568b3fed926bb0cf5e0a7b62454c97,buy,0x73b534fb6f07381a29a60b01eed5ae57d4ee24d7,0x1deeeec4b5d77ce1b7e3ca8f868bceb48f88f6b72ea18bff587a4eb0f5d9b9b3
245,1265.983,0.09999999717,0x6e20fc98c86d303fa8d3dc182fa739cde1046faf,2017-10-12T10:13:38.000Z,0.00007899,0x12f8967fa9cb2b44468a453230a99ef64cbaa494,buy,0x73b534fb6f07381a29a60b01eed5ae57d4ee24d7,0xe1e67cebc31ecfa560e9068370692b6a867783891246a7dbf9509a9599cff6f7
246,11964.000000000002,0.9570003600000001,0xbd8fe66d48e1c03692cd46af440f07346c99f12a,2017-10-12T10:13:38.000Z,0.00007998999999999998,0x7aa6e2506316f6d613277d4f2f4e4e1dc55e528e,sell,0x73b534fb6f07381a29a60b01eed5ae57d4ee24d7,0x1deeeec4b5d77ce1b7e3ca8f868bceb48f88f6b72ea18bff587a4eb0f5d9b9b3
247,49000,3.87051,0xe5e2a3db182f66715f2438864c7d75b532f9df21,2017-10-12T09:31:58.000Z,0.00007899,0xc5cd3c2191287ac3e25692a03be4d7a4905e4886,buy,0x73b534fb6f07381a29a60b01eed5ae57d4ee24d7,0x4dcca83db653fad5ca7f3a0ecb70a80c3d6ed98b3299d93d8c10f69ff9c47e24
248,6727,0.40362,0xe5e2a3db182f66715f2438864c7d75b532f9df21,2017-10-12T09:31:29.000Z,0.00006,0xd9dad26f89fb4ed6654f72426ff952bd7895a039,buy,0x73b534fb6f07381a29a60b01eed5ae57d4ee24d7,0x903f75f207aa2c07bc23b197e2de8c69a7670de4c3ce3d68a076ef678847cb0d
249,19608.327,1.078457985,0xe5e2a3db182f66715f2438864c7d75b532f9df21,2017-10-12T09:29:34.000Z,0.000055,0x12f8967fa9cb2b44468a453230a99ef64cbaa494,buy,0x73b534fb6f07381a29a60b01eed5ae57d4ee24d7,0xeccd45b4ce292099cdfce662bbb34cba8fc5819d44d28fd35826223671160cda
250,6727.676566280893,0.3700222111454491,0xd9dad26f89fb4ed6654f72426ff952bd7895a039,2017-10-12T09:02:42.000Z,0.000055,0x12f8967fa9cb2b44468a453230a99ef64cbaa494,buy,0x73b534fb6f07381a29a60b01eed5ae57d4ee24d7,0xd9dab1030a5d3341bb28c4d8a405c479ac48ae27c27f94368fc6edcf592a815e
251,3000,0.165,0xf42211cd13cc0f615b87333f87488a4ada5f01e0,2017-10-12T08:48:40.000Z,0.000055,0x12f8967fa9cb2b44468a453230a99ef64cbaa494,buy,0x73b534fb6f07381a29a60b01eed5ae57d4ee24d7,0xb454f83907605cd4d6d6c44747ed2198cfff0f07a7bdc9e5d30329cfc39fc4c1
252,9090.909,0.499999995,0x3b69ea47c1ccf2423385e1ef34ad6c6401c337bd,2017-10-12T08:45:59.000Z,0.000055,0x12f8967fa9cb2b44468a453230a99ef64cbaa494,buy,0x73b534fb6f07381a29a60b01eed5ae57d4ee24d7,0x6a02b89077b0adce46eec82e833073a7924335bbfd9995944481b74700ccd709
253,8193.110175818598,0.4506210596700229,0xff751bf33f82287f184ea88dfb1b125410c3f79b,2017-10-12T08:37:16.000Z,0.000055,0x12f8967fa9cb2b44468a453230a99ef64cbaa494,buy,0x73b534fb6f07381a29a60b01eed5ae57d4ee24d7,0xd426ef60e63bc8d222ab13e342bef217810f50a03053639adeb27bd5ecf52445
254,370.1379483618583,0.02035758715990221,0x29969d3635c94035bc15e58c57695f649e4318da,2017-10-12T07:43:16.000Z,0.000055,0x12f8967fa9cb2b44468a453230a99ef64cbaa494,buy,0x73b534fb6f07381a29a60b01eed5ae57d4ee24d7,0x5d7d2963582a433869e8eb02618871e313e0c3ab18f54552176035cbfae1e352
255,126.4872905280902,0.006956800979044961,0x29969d3635c94035bc15e58c57695f649e4318da,2017-10-12T06:59:21.000Z,0.000055,0x12f8967fa9cb2b44468a453230a99ef64cbaa494,buy,0x73b534fb6f07381a29a60b01eed5ae57d4ee24d7,0x775f54ea634e6db2167180579fe541c5f6df37cae262b8a781be7d3c5375c3cd
256,6896.552,0.400000016,0x1452f90e0be6bb0d061933b3ec82f55a0521beef,2017-10-12T06:56:46.000Z,0.000058,0x12f8967fa9cb2b44468a453230a99ef64cbaa494,buy,0x73b534fb6f07381a29a60b01eed5ae57d4ee24d7,0xb78ccd0088d80170c3e664aa3d19ce4fddedfb93880ee41c1c4fdc926ae4cad6
257,1719.152320764355,0.0997108346043326,0xc3c7fff0590ce63da68828bded64cd7f22de391b,2017-10-12T06:55:23.000Z,0.000058,0x12f8967fa9cb2b44468a453230a99ef64cbaa494,buy,0x73b534fb6f07381a29a60b01eed5ae57d4ee24d7,0x44f8129884041d10c66105be7ffbcece050b22ff563b3782563fcee10ed7cb0f
258,1645.05,0.098703,0x8e46e6732ce98bc4e380a61e1ce5fac9c785b64b,2017-10-12T06:47:02.000Z,0.00006,0x7aa6e2506316f6d613277d4f2f4e4e1dc55e528e,sell,0x73b534fb6f07381a29a60b01eed5ae57d4ee24d7,0xa9ea78b1077889c764d8c261f8f490f0a08001975e515b9ddc336d34fc3483f1
259,1650,0.0957,0x7aa6e2506316f6d613277d4f2f4e4e1dc55e528e,2017-10-12T06:47:02.000Z,0.000058,0x12f8967fa9cb2b44468a453230a99ef64cbaa494,buy,0x73b534fb6f07381a29a60b01eed5ae57d4ee24d7,0xa9ea78b1077889c764d8c261f8f490f0a08001975e515b9ddc336d34fc3483f1
260,137.931,0.007999998,0x3fa51d61955cf4c2ac1640bb36e19a735bf09da0,2017-10-12T06:37:31.000Z,0.000058,0x12f8967fa9cb2b44468a453230a99ef64cbaa494,buy,0x73b534fb6f07381a29a60b01eed5ae57d4ee24d7,0x8d3291029a4d7f7dee95a99375939c22af1a4c386d86aac71e20ebff0334b513
261,1441.8771411200971,0.08362887418496563,0xd64f9a51bae07df65a546408507e5163c7a1648e,2017-10-12T06:20:35.000Z,0.000058,0x12f8967fa9cb2b44468a453230a99ef64cbaa494,buy,0x73b534fb6f07381a29a60b01eed5ae57d4ee24d7,0x7e4f244da4ccd346ee64b56a67815c5bbe9b82f191e27789dc4e841a541b2573
262,33928.571,1.899999976,0xd64f9a51bae07df65a546408507e5163c7a1648e,2017-10-12T06:18:17.000Z,0.000056,0x12f8967fa9cb2b44468a453230a99ef64cbaa494,buy,0x73b534fb6f07381a29a60b01eed5ae57d4ee24d7,0x09f24b5630738288ff6aa5a305741f005391382fa40143425bd49155ba58dcd8
263,6421.425,0.2896062675,0xd64f9a51bae07df65a546408507e5163c7a1648e,2017-10-12T06:17:51.000Z,0.0000451,0xf09d14f29c141522e00e664f7e31684680f5b2b9,buy,0x73b534fb6f07381a29a60b01eed5ae57d4ee24d7,0x6723e3ff5859a845259c4a2648fcfa26af7c3143522bf87c996c68e1ac61cc62
264,3560.3913582180953,0.19938191606021333,0xc3c7fff0590ce63da68828bded64cd7f22de391b,2017-10-12T06:05:11.000Z,0.000056,0x12f8967fa9cb2b44468a453230a99ef64cbaa494,buy,0x73b534fb6f07381a29a60b01eed5ae57d4ee24d7,0x6d7c8179d25da783b7287a2ebc666d6b09680e9a18fcbc2ecde0ec8b0ef1e8db
265,10000,0.51,0x9052eb26c0b9836335ec153413f80baec7536414,2017-10-12T05:50:40.000Z,0.000051,0x4454847b528907f6819a6696491370060a37e5d0,sell,0x73b534fb6f07381a29a60b01eed5ae57d4ee24d7,0x4e118b884798c6722ef81f67437b05521e13a7120be726ed4a8e0856f28e85ee
266,10000,0.55,0x9052eb26c0b9836335ec153413f80baec7536414,2017-10-12T05:47:49.000Z,0.000055,0x4454847b528907f6819a6696491370060a37e5d0,sell,0x73b534fb6f07381a29a60b01eed5ae57d4ee24d7,0xd9bcc56e29c933a3b30d452aafb6c00a8eb9698419331ee5699703d83c6ca0ad
267,1000,0.059,0xcf8cce88b21122f6a98e72aa5e165cce7023495c,2017-10-12T05:29:16.000Z,0.000059,0xc5cd3c2191287ac3e25692a03be4d7a4905e4886,sell,0x73b534fb6f07381a29a60b01eed5ae57d4ee24d7,0xd4eca41561603d586de6bc50048b762eb5d51229d6783647b843e4b3b9313bae
268,500,0.02955,0x68bbd7afd66f2a2c36a817bef85f07e5f63d60f4,2017-10-12T05:27:32.000Z,0.0000591,0x12f8967fa9cb2b44468a453230a99ef64cbaa494,buy,0x73b534fb6f07381a29a60b01eed5ae57d4ee24d7,0x17e6395ca5af4f19f84ee75d5ebe8a080b57306ba6c4e2e5acf8e0ee0a7240a6
269,33166.091,1.9567960523909,0x9736a16b07015a608518a47785818b6b4bde5233,2017-10-12T04:54:23.000Z,0.0000589999,0xa9a7669f33bfb7946fcf7c526fa091a5a488fe18,buy,0x73b534fb6f07381a29a60b01eed5ae57d4ee24d7,0xbb8b459ad8ed93f2462f3654b599b1e23c1e99192c2a0cef33b7f1c4347e378e
270,18494.908580726522,1.0911977567720068,0x0b38cef547238e862017d01803baa9825581628a,2017-10-12T04:43:02.000Z,0.0000589999,0xa9a7669f33bfb7946fcf7c526fa091a5a488fe18,buy,0x73b534fb6f07381a29a60b01eed5ae57d4ee24d7,0x5bdb8262350eda1ed76720047745c150c6a9f34d76459527f600f8e290714984
271,182,0.0108836,0xb61dc5ea14f003d1b88d9a46975c8219473d59c7,2017-10-12T04:38:52.000Z,0.0000598,0x609a680235aecded7ce3e0135a3d1d66e1e89f1f,sell,0x73b534fb6f07381a29a60b01eed5ae57d4ee24d7,0x26f14b2d713b9724a788ebce8ca6f59106e8201a85b74dc9d2ce8891b0916afa
272,150,0.008849985,0x609a680235aecded7ce3e0135a3d1d66e1e89f1f,2017-10-12T04:37:37.000Z,0.0000589999,0xa9a7669f33bfb7946fcf7c526fa091a5a488fe18,buy,0x73b534fb6f07381a29a60b01eed5ae57d4ee24d7,0xc14d92e5ce4d1a95ba00d16d59036ddb21055fe0be428fce1608d0ceee47a016
273,882,0.0527436,0x609a680235aecded7ce3e0135a3d1d66e1e89f1f,2017-10-12T04:33:47.000Z,0.0000598,0x3a66f837079571a2c13d74b586bd6e5595032447,buy,0x73b534fb6f07381a29a60b01eed5ae57d4ee24d7,0xb6cebce8c07e2253fa461b426213bf38afdeaabeaf0d933ab099ad2e6eaf284f
274,2951.88814674509,0.13283496660352906,0xdaee1934804b49b349f7af463c2f86577e3480f6,2017-10-12T04:06:57.000Z,0.00004499999999999999,0xd8b50d899ca5ae70e95210520301b6a9ac0cd9e8,sell,0x73b534fb6f07381a29a60b01eed5ae57d4ee24d7,0x87271adbdd28c6ca985e22825d174e06fe936227e9f3906bf9d4192680048889
275,700,0.042,0x0843e4bd8b4dfe7521a7f25c29892ea3f28c8c72,2017-10-12T03:57:20.000Z,0.00006,0x3a66f837079571a2c13d74b586bd6e5595032447,buy,0x73b534fb6f07381a29a60b01eed5ae57d4ee24d7,0xac7747e4ea1473f413a8ee00221f0e29dd39873ba1f9e06302b295b4067746f2
276,29250.108,1.667256156,0x2eac1139616ad111598cfce075d24ce2a7a467b2,2017-10-12T03:49:36.000Z,0.000057,0x9b4e5df3ee92137f3b459819defc5d0e7f0ef03b,buy,0x73b534fb6f07381a29a60b01eed5ae57d4ee24d7,0xecccdde0b605025317b9b01ea5bcd3be6fd582a4b58b150127725c124a2ed450
277,17489.641759667837,0.9969095803010667,0xce0b647f436b0b84199454353a42a671fecf461e,2017-10-12T03:39:53.000Z,0.000057,0x9b4e5df3ee92137f3b459819defc5d0e7f0ef03b,buy,0x73b534fb6f07381a29a60b01eed5ae57d4ee24d7,0x7fec21e6709ea945b0f16a50daf50c87d47a0e03b2a7eb2ff2ccd3c725e503ce
278,51811,2.849605,0xa9a7669f33bfb7946fcf7c526fa091a5a488fe18,2017-10-12T03:26:20.000Z,0.000055,0x12f8967fa9cb2b44468a453230a99ef64cbaa494,buy,0x73b534fb6f07381a29a60b01eed5ae57d4ee24d7,0xde732daef8377001a4b6515464d2ace5b68aaa17f2e99c92e5c637adae55ad17
279,498.58732376304465,0.02991523942578268,0xf6e3a08bb1f1abf51a32d65ee83f7d9f32dd5977,2017-10-12T02:53:09.000Z,0.00006,0x3a66f837079571a2c13d74b586bd6e5595032447,buy,0x73b534fb6f07381a29a60b01eed5ae57d4ee24d7,0xf93e5f5307e66ff879f269e568c9eb5c3dd09fc3b23c6aaa39c3b6e32848f29e
280,2750,0.165,0x7322f723ab0b701ad0b4f328e4f9690fe8a4b18e,2017-10-12T02:33:44.000Z,0.00006,0x3a66f837079571a2c13d74b586bd6e5595032447,buy,0x73b534fb6f07381a29a60b01eed5ae57d4ee24d7,0x8eee8d8918687e3e0302bf7fd86602db932fbb5f6080e145752b23b7f649d865
281,31877.001377180288,0.6136322765107206,0x564109f0557b21c23681a29bee0d58f2afa4b624,2017-10-12T02:15:18.000Z,0.00001925,0xc5cd3c2191287ac3e25692a03be4d7a4905e4886,buy,0x73b534fb6f07381a29a60b01eed5ae57d4ee24d7,0xf591782b2630d598657bfcabd58327d5b72fd47ea0a744b8ccc2a48591536840
282,20779.221,0.40000000425,0x9b4e5df3ee92137f3b459819defc5d0e7f0ef03b,2017-10-12T02:10:34.000Z,0.00001925,0xc5cd3c2191287ac3e25692a03be4d7a4905e4886,buy,0x73b534fb6f07381a29a60b01eed5ae57d4ee24d7,0xe4c39b42c2e89920a76ee83204132c6ff1a0eaf983a06022fa8136a14d553b76
283,20779.221,0.40000000425,0x9b4e5df3ee92137f3b459819defc5d0e7f0ef03b,2017-10-12T02:09:21.000Z,0.00001925,0xc5cd3c2191287ac3e25692a03be4d7a4905e4886,buy,0x73b534fb6f07381a29a60b01eed5ae57d4ee24d7,0xe4c39b42c2e89920a76ee83204132c6ff1a0eaf983a06022fa8136a14d553b76
284,12350.52370269092,0.2377475812768002,0xf09d14f29c141522e00e664f7e31684680f5b2b9,2017-10-12T02:08:58.000Z,0.00001925,0xc5cd3c2191287ac3e25692a03be4d7a4905e4886,buy,0x73b534fb6f07381a29a60b01eed5ae57d4ee24d7,0x1f1a50c3d2854a92c4337ce98b64af3e8191de2f955a238d56c5fe0172dd7b46
285,4831.169,0.09300000325,0x3a66f837079571a2c13d74b586bd6e5595032447,2017-10-12T02:08:58.000Z,0.00001925,0xc5cd3c2191287ac3e25692a03be4d7a4905e4886,buy,0x73b534fb6f07381a29a60b01eed5ae57d4ee24d7,0x81601c386e5919207e60c89d944cf34720b51a35ca6a3b5fe65303be521ac94a
286,2961.039,0.05700000075,0xd8b50d899ca5ae70e95210520301b6a9ac0cd9e8,2017-10-12T02:05:17.000Z,0.00001925,0xc5cd3c2191287ac3e25692a03be4d7a4905e4886,buy,0x73b534fb6f07381a29a60b01eed5ae57d4ee24d7,0x893e30747474803ea66fa48c68d43bbac401159d1cb4e6a041f0ace50dc8f4b8
287,14039.46,0.2703999996,0xf124c07cbf9bee82db79462ad5e9d809ca11d02e,2017-10-12T02:03:40.000Z,0.00001926,0x818255104e6453a48816cf81f8e9c8ce5055f7a9,buy,0x73b534fb6f07381a29a60b01eed5ae57d4ee24d7,0x715efe12fc5035f854ec0b87e549c504713b68c3fce14b5264efcadbe0b6bacd
288,10389.61,0.1999999925,0xf09d14f29c141522e00e664f7e31684680f5b2b9,2017-10-12T02:00:27.000Z,0.00001925,0xc5cd3c2191287ac3e25692a03be4d7a4905e4886,buy,0x73b534fb6f07381a29a60b01eed5ae57d4ee24d7,0x506fbeecad6996d328fdd383e4818ea475808d0865012480d80f809fb1a7422a
289,25960.54,0.5000000004,0x9b4e5df3ee92137f3b459819defc5d0e7f0ef03b,2017-10-12T01:58:35.000Z,0.00001926,0x818255104e6453a48816cf81f8e9c8ce5055f7a9,buy,0x73b534fb6f07381a29a60b01eed5ae57d4ee24d7,0x551aebb5409b83e2545e86335e45b237a7b546c6084743a58cbc1150ade694a7
290,15000,0.28875,0x3c6438ddd1bca543953327b2cc6391df60a63982,2017-10-12T01:56:29.000Z,0.00001925,0xc5cd3c2191287ac3e25692a03be4d7a4905e4886,buy,0x73b534fb6f07381a29a60b01eed5ae57d4ee24d7,0x11978df9d12790ad0cf7cfd7ac5fe2a71313eeedeae282f8d92cfdd886861256
291,51811.43592012879,0.9973701414624793,0x12f8967fa9cb2b44468a453230a99ef64cbaa494,2017-10-12T01:49:03.000Z,0.00001925,0xc5cd3c2191287ac3e25692a03be4d7a4905e4886,buy,0x73b534fb6f07381a29a60b01eed5ae57d4ee24d7,0x242387faf5a3891fc5c8c77b10560989b0f5029bff11200382750453059b6f4c
292,1000,0.009998,0xc8bb106751b224b86b3045f02819684456959f78,2017-10-11T20:20:39.000Z,0.000009998,0xccd41fd2dc66d60460351afad6297ea3d00b7fb9,buy,0x73b534fb6f07381a29a60b01eed5ae57d4ee24d7,0xf77de2a58c7c7778fe7c1736664e4cd182e15b4c0192d9d320268a64183546e7
293,1311.721,0.010478027348,0xc8bb106751b224b86b3045f02819684456959f78,2017-10-11T20:18:23.000Z,0.000007988,0x611f881eb3499583c9cfd7c7c5e7ec0905cb2b69,buy,0x73b534fb6f07381a29a60b01eed5ae57d4ee24d7,0xeeadd08eb16c7bbc8ad2e93166dfe09db6cfd0bcf515a99ba2cf447dfec346f5
294,30000,0.414,0xa11f36555b15d08f63fe4c1da229574871e1fdb1,2017-10-11T20:08:35.000Z,0.0000138,0xd6bc5140a70906cd32c0131c255d36fadeac65c0,buy,0x73b534fb6f07381a29a60b01eed5ae57d4ee24d7,0x679088e4c0c64a40169a478743c1f38d20be472ec1dbf8024f171ab8da1f56f3
295,38688.278654648304,0.30904196989333066,0x61cb79724c97d444706848ebc50159ac6cb75886,2017-10-11T19:06:09.000Z,0.000007988,0x611f881eb3499583c9cfd7c7c5e7ec0905cb2b69,buy,0x73b534fb6f07381a29a60b01eed5ae57d4ee24d7,0x84e4146bff546bf870019456e5bbe2cd09626af57a9c8d2543d59a6e9ade039a
296,39836.396,0.318651331604,0xbb75e04be8e5356698f8b06e903a4eaf575a0114,2017-10-11T13:14:34.000Z,0.000007999,0xcaf9e3848c0404b21e3f42cc59f9aa86dee0822a,buy,0x73b534fb6f07381a29a60b01eed5ae57d4ee24d7,0x22cd9b02a3c97845bab1e343c50c1d342d10e860cf6c81c5a3867c861fed8714
297,761.6419100787558,0.002671078178646196,0xbb75e04be8e5356698f8b06e903a4eaf575a0114,2017-10-11T13:10:16.000Z,0.00000350699999999999,0x803e560c6a6c848d74ad364242aa52107b985db6,sell,0x73b534fb6f07381a29a60b01eed5ae57d4ee24d7,0x8270ce103b725fdf442c7ac91e6f0130cac28b8e0fd008d723b2caf1e51c4e56
298,50899,0.3512031,0xbb75e04be8e5356698f8b06e903a4eaf575a0114,2017-10-11T13:06:09.000Z,0.0000069,0xc9087108b890f9aee9c5b878c6f062a2b0c730f3,buy,0x73b534fb6f07381a29a60b01eed5ae57d4ee24d7,0x50a6a647700d14238b2c9cdf79d74eae6072537d8f4ffcbc0e23d6aa75ca0eb3
299,500,0.0025,0xc9087108b890f9aee9c5b878c6f062a2b0c730f3,2017-10-10T08:32:21.000Z,0.000005,0xeecc29f66931bb3815bb67856a80df995f94d087,sell,0x73b534fb6f07381a29a60b01eed5ae57d4ee24d7,0x5023140ca0a1f7a843f4673225122765cd492c92b17b11fed9429d145c592b89
300,30000,0.0723,0xd6bc5140a70906cd32c0131c255d36fadeac65c0,2017-10-09T15:20:15.000Z,0.00000241,0x077e6962228bef7cc9e08c465f768d0889f0c16b,sell,0x73b534fb6f07381a29a60b01eed5ae57d4ee24d7,0x6c77b12aeb159bbd8ec83ec574a949a406d9daedd065d02a8732ba1760f86f15
301,3397.9663044561858,0.008178904894826039,0x5d5065b42bdee0274e394ba9042c21e1818c69cf,2017-10-08T21:46:30.000Z,0.00000240699999999999,0xb43fdc29996aa05c91cb836ab63f9df4ccb94218,sell,0x73b534fb6f07381a29a60b01eed5ae57d4ee24d7,0xcbeb346d83e2ae13f141d0157624aa9d8e5d4ebc9e34bd13eeaea5d0a962e63b
302,100,0.00139,0x0024a5046fd95c5eee6db19a69ef7ed3bacd50f1,2017-10-03T22:48:33.000Z,0.0000139,0xc9087108b890f9aee9c5b878c6f062a2b0c730f3,buy,0x73b534fb6f07381a29a60b01eed5ae57d4ee24d7,0xf40ffb34cc990b2c85db4cfcfb0ff6f71b679336fdeec2fadb5c6dcb40c70e4b
303,4000,0.009624,0x78b0e4933f5b7d90102367e28efcde256998411e,2017-10-03T18:15:37.000Z,0.000002406,0xb43fdc29996aa05c91cb836ab63f9df4ccb94218,sell,0x73b534fb6f07381a29a60b01eed5ae57d4ee24d7,0x0e2fcc38ce11c1bbb830149c08cb6c1263f8ba53963865eb4e05f13406e9eab6
304,30606.699,0.122426796,0xf124c07cbf9bee82db79462ad5e9d809ca11d02e,2017-10-03T03:47:00.000Z,0.000004,0x294ed24e3a19a527905d772e6ae2ffe872cd8c50,sell,0x73b534fb6f07381a29a60b01eed5ae57d4ee24d7,0x42d585ac397e29d2452f08da5e1414fd155fc2a551b4ed01423179cf983bbc3c
305,5560.16349317117,0.02224065397268468,0xf124c07cbf9bee82db79462ad5e9d809ca11d02e,2017-10-03T03:21:14.000Z,0.00000399999999999999,0xf041ac68160b7ccf4f130e3ad0d9969c781817fd,sell,0x73b534fb6f07381a29a60b01eed5ae57d4ee24d7,0xa3d8d1e48d7ea75fac9604214f6de318387248e51cc1e40fdd980c815ffea23c
306,35200,0.1408,0xf124c07cbf9bee82db79462ad5e9d809ca11d02e,2017-10-03T02:49:58.000Z,0.000004,0xf041ac68160b7ccf4f130e3ad0d9969c781817fd,sell,0x73b534fb6f07381a29a60b01eed5ae57d4ee24d7,0x5ba92d7e1f5c101720a5952f5b23d37b50f5d7d74e2d8722151b80370e5ed2e7
307,39000,0.156,0xf124c07cbf9bee82db79462ad5e9d809ca11d02e,2017-10-03T02:45:28.000Z,0.000004,0xf041ac68160b7ccf4f130e3ad0d9969c781817fd,sell,0x73b534fb6f07381a29a60b01eed5ae57d4ee24d7,0x7e5bc8268c83f005c76315a32640e9d9fc894bf87899aa0912317c348f79ad1c
308,39876.38321204267,0.15950553284817068,0xf124c07cbf9bee82db79462ad5e9d809ca11d02e,2017-10-03T02:35:18.000Z,0.00000399999999999999,0x17ce95c70611ab7cd81f8e6764cdf11be4b4fce9,sell,0x73b534fb6f07381a29a60b01eed5ae57d4ee24d7,0xeb0124485a34bda34045a7af3e7cf19a49147b98d8b8753ec3a806dc805b6257
309,39756.75406240654,0.15902701624962615,0xf124c07cbf9bee82db79462ad5e9d809ca11d02e,2017-10-03T02:08:45.000Z,0.00000399999999999999,0x61cb79724c97d444706848ebc50159ac6cb75886,sell,0x73b534fb6f07381a29a60b01eed5ae57d4ee24d7,0xd718f3833caa186659a873c729a3856cf5c3b65e369b3d2d0e5e0d245ebb06f1
310,40000,0.16,0xf124c07cbf9bee82db79462ad5e9d809ca11d02e,2017-10-03T02:05:31.000Z,0.000004,0x61cb79724c97d444706848ebc50159ac6cb75886,sell,0x73b534fb6f07381a29a60b01eed5ae57d4ee24d7,0xc81f4f0dfb392a19019d402e9eef3541947b4a8ed29e9dc1bcf83ce8bc716e28
311,1,0.0000145,0xf124c07cbf9bee82db79462ad5e9d809ca11d02e,2017-10-02T23:24:36.000Z,0.0000145,0xc9087108b890f9aee9c5b878c6f062a2b0c730f3,buy,0x73b534fb6f07381a29a60b01eed5ae57d4ee24d7,0x89c4555177eeec4a6783c5a118b747a640dbcd3006085dadab8cc75f6c48867e
312,3.5765907662122207,0.000006259033840871,0xbb75e04be8e5356698f8b06e903a4eaf575a0114,2017-10-02T22:37:58.000Z,0.00000174999999999989,0xbb5a3583d49b85e57cc062acb361c8a7f2f3f724,sell,0x73b534fb6f07381a29a60b01eed5ae57d4ee24d7,0x64d71412aa6308e753fc55cdf35c4aeefa679089bb44edd7b3dc5468d12e5e90
313,35876.78197587479,0.06457820755657462,0xbb75e04be8e5356698f8b06e903a4eaf575a0114,2017-10-02T22:36:17.000Z,0.00000179999999999999,0xbb5a3583d49b85e57cc062acb361c8a7f2f3f724,sell,0x73b534fb6f07381a29a60b01eed5ae57d4ee24d7,0x6fd331e03470602c0daa0e89bb843838029e90f2034a6c05b65d55e5ed09c55d
314,4000,0.012008,0xccd41fd2dc66d60460351afad6297ea3d00b7fb9,2017-10-02T22:17:34.000Z,0.000003002,0xbb5a3583d49b85e57cc062acb361c8a7f2f3f724,sell,0x73b534fb6f07381a29a60b01eed5ae57d4ee24d7,0xcf82cbb9a32639818c793373643026f31187fa665c5c7eb31ae75aa9f87950f6
315,4000,0.012008,0xccd41fd2dc66d60460351afad6297ea3d00b7fb9,2017-10-02T22:13:48.000Z,0.000003002,0xbb5a3583d49b85e57cc062acb361c8a7f2f3f724,sell,0x73b534fb6f07381a29a60b01eed5ae57d4ee24d7,0xcf82cbb9a32639818c793373643026f31187fa665c5c7eb31ae75aa9f87950f6
316,39876.38321204267,0.12002791346824843,0xbb75e04be8e5356698f8b06e903a4eaf575a0114,2017-10-02T21:49:07.000Z,0.00000300999999999999,0x515aee15907e476079c29d3d859735b0fb861136,sell,0x73b534fb6f07381a29a60b01eed5ae57d4ee24d7,0x1e686e66e6960f806d377c9f327ff903ef8a7099468b6d7b1620cd0746d4259b
317,31.251953247077942,0.0005,0x350f6f675b20d606bb7f6c412ef4775c9bc57168,2017-10-02T21:34:12.000Z,0.000015999,0xcaf9e3848c0404b21e3f42cc59f9aa86dee0822a,buy,0x73b534fb6f07381a29a60b01eed5ae57d4ee24d7,0xa64a288012365b4fc6af1b5e7400da6665611be68714f63ad159e909e6dcfcbd
318,4864.421935998405,0.014598130229931214,0x3dc6d0009cbcb9d524f83b98f675aed9cf9c1f2c,2017-10-02T21:24:43.000Z,0.00000300099999999999,0x1852d22258eb4604ac831aeac2a5591fcb6bfe84,sell,0x73b534fb6f07381a29a60b01eed5ae57d4ee24d7,0x817e7374853fde44ae213e0b7ea26434519c537ebd5cd205b5adc336c4556cad
319,31.251953247077942,0.0005,0x3bfdec5343e950ce45522eef9948c977631b4000,2017-10-02T20:45:25.000Z,0.000015999,0xcaf9e3848c0404b21e3f42cc59f9aa86dee0822a,buy,0x73b534fb6f07381a29a60b01eed5ae57d4ee24d7,0x97b66c0ae8dae2edaafe298049f79e0cb0d6721741267760b60e4091aa1eb530
320,35015.452,0.10889805572,0xbb75e04be8e5356698f8b06e903a4eaf575a0114,2017-10-02T08:59:19.000Z,0.00000311,0x1852d22258eb4604ac831aeac2a5591fcb6bfe84,sell,0x73b534fb6f07381a29a60b01eed5ae57d4ee24d7,0x114cc5574a2a1a82909f802a9af1adb8f56e1527f39a22f2c1f276bb2597fb9f
321,4984.547901505333,0.015501943973681587,0xbb75e04be8e5356698f8b06e903a4eaf575a0114,2017-10-02T02:56:37.000Z,0.00000310999999999999,0x62891ad67b4b588041da1d4dc8f1760ac805569b,sell,0x73b534fb6f07381a29a60b01eed5ae57d4ee24d7,0xa63493200200641cbb44940d5e1ce546fab3119d9503dc12d46605c9cab57b6b
322,25000,0.05,0xc9087108b890f9aee9c5b878c6f062a2b0c730f3,2017-10-01T13:12:40.000Z,0.000002,0x56b63533b5cb700876e8f15838e514bf995d7424,sell,0x73b534fb6f07381a29a60b01eed5ae57d4ee24d7,0xcdc80c3253b6550f50b9af5ba269d2d263b5edde18d304674004685e72af47b6
323,25000,0.0525,0xc9087108b890f9aee9c5b878c6f062a2b0c730f3,2017-10-01T13:12:40.000Z,0.0000021,0x56b63533b5cb700876e8f15838e514bf995d7424,sell,0x73b534fb6f07381a29a60b01eed5ae57d4ee24d7,0x1ecdbe8b20a4dba6ba6f20ce8a1ab3c69a1c2cf797e389fc18deff3e1e318ad7
324,35000,0.0805,0xbb75e04be8e5356698f8b06e903a4eaf575a0114,2017-10-01T13:10:13.000Z,0.0000023,0x56b63533b5cb700876e8f15838e514bf995d7424,sell,0x73b534fb6f07381a29a60b01eed5ae57d4ee24d7,0xf2a83fa8646eed3e7eb9724f11fe551fe858243435969647f6f541b1a82a9170
325,5000,0.0115,0xbb75e04be8e5356698f8b06e903a4eaf575a0114,2017-09-30T22:09:55.000Z,0.0000023,0x087c172696900e8bff0189f2979ed230d586ea45,sell,0x73b534fb6f07381a29a60b01eed5ae57d4ee24d7,0x00052632bf8f553b7fad3220464a8f7156b1e45b975482a64688642e2d3e547f
326,1.1,0.0000209,0x58319288a01eff24620ee5237315f9e1e9dc0e36,2017-09-29T12:55:43.000Z,0.000019,0xcaf9e3848c0404b21e3f42cc59f9aa86dee0822a,buy,0x73b534fb6f07381a29a60b01eed5ae57d4ee24d7,0x82c1d2f6dcb11274cde5f9faa42a09c6ba1d13d0d49f2acd4afa5857efabff24
327,39876.38321204267,0.08015153025620576,0x851638b1a455db32e74a51d8d963910049597fc8,2017-09-28T20:46:49.000Z,0.00000200999999999999,0x9e5135649cec87d01c084e4f040ef32d22a1d4c8,sell,0x73b534fb6f07381a29a60b01eed5ae57d4ee24d7,0xb854e5a9c495a680995d12b99f348982419f34850e0312dccb19601e292d0b07
328,100,0.0019,0xa0be78d2bac6a692adba423c7af50ec86a18bddf,2017-09-28T14:14:52.000Z,0.000019,0xcaf9e3848c0404b21e3f42cc59f9aa86dee0822a,buy,0x73b534fb6f07381a29a60b01eed5ae57d4ee24d7,0xfaf2a0e538d5feb9465cdb0d1fd8e730f4b7cbeccd8a48978602926626ed06ce
329,2500,0.0045,0xbb75e04be8e5356698f8b06e903a4eaf575a0114,2017-09-27T21:04:34.000Z,0.0000018,0xb43fdc29996aa05c91cb836ab63f9df4ccb94218,sell,0x73b534fb6f07381a29a60b01eed5ae57d4ee24d7,0xa6416a7b2d2394d16b4e7377053d766d1f0beb3604fcd65b21aaa63ac5ecad78
330,300,0.00749997,0xcaf9e3848c0404b21e3f42cc59f9aa86dee0822a,2017-09-27T08:25:50.000Z,0.0000249999,0xcaf9e3848c0404b21e3f42cc59f9aa86dee0822a,buy,0x73b534fb6f07381a29a60b01eed5ae57d4ee24d7,0x63d498e66b897d33913637f116c0ec5eb424844683f51743f9316ec079cb0dff
331,78999,0.078999,0x0a72ebae0321b78bf42b5846c57f90d714a5cb31,2017-09-25T09:17:32.000Z,0.000001,0x803e560c6a6c848d74ad364242aa52107b985db6,sell,0x73b534fb6f07381a29a60b01eed5ae57d4ee24d7,0x8197d29b10ccc8fcf26b74a66f05258e317a5cdc29f41e74fd43a3762f91885e
