,amount,amountBase,buyer,date,price,seller,side,tokenAddr,txHash
0,561.235,1.1785935,0xbcc67465f3ec642c17580691fdf7494a0316707b,2017-11-02T17:05:52.000Z,0.0021,0xbcc67465f3ec642c17580691fdf7494a0316707b,buy,0xa89b5934863447f6e4fc53b315a93e873bda69a3,0xe456a305e691f04075d30858bfe753333a70c4791872883654fb29e5fe684fed
1,12,0.0120024,0xbcc67465f3ec642c17580691fdf7494a0316707b,2017-11-02T17:05:09.000Z,0.0010002,0x68ca7fc4bfc3bb2a9cf6f45736dcadc2c427c5a0,sell,0xa89b5934863447f6e4fc53b315a93e873bda69a3,0xb5da2e73c00032523ac9208f29de5f8358fa05b00216417e975d34017b7a8297
2,369.493,0.77963023,0xbcc67465f3ec642c17580691fdf7494a0316707b,2017-11-02T16:56:20.000Z,0.00211,0xbcc67465f3ec642c17580691fdf7494a0316707b,buy,0xa89b5934863447f6e4fc53b315a93e873bda69a3,0x91d03aa81bb3efd122289bf08d8118e3e4cf0e6c36693e1c5f4049bb5814cdce
3,239.414,0.50516354,0xbcc67465f3ec642c17580691fdf7494a0316707b,2017-11-02T16:38:59.000Z,0.00211,0xbcc67465f3ec642c17580691fdf7494a0316707b,buy,0xa89b5934863447f6e4fc53b315a93e873bda69a3,0x5d9c67d3b751a24cd92171aede9a78827d712f8b886f45588030f90ec6a9a738
4,349.324,0.73707364,0xbcc67465f3ec642c17580691fdf7494a0316707b,2017-11-02T14:12:40.000Z,0.00211,0xbcc67465f3ec642c17580691fdf7494a0316707b,buy,0xa89b5934863447f6e4fc53b315a93e873bda69a3,0xfb72a022d8d34702860f5143011902d37c0625dbebd910bd99e73e898c94b540
5,0.26455026455026454,0.0005,0x4fda9e6bcd83af6c5cc771b5d20accc2b7720074,2017-11-02T12:40:08.000Z,0.00189,0x5d26ca4ee3be471a4c5eeccb3bac220603387c77,buy,0xa89b5934863447f6e4fc53b315a93e873bda69a3,0x9c7180a1db8c9417b435fad504af34c02e71d8c5740493dc2c46b47fc008b7c9
6,5,0.00945,0x96373170538a83c7674ef92f41d195203a8abe09,2017-11-02T12:29:30.000Z,0.00189,0x5d26ca4ee3be471a4c5eeccb3bac220603387c77,buy,0xa89b5934863447f6e4fc53b315a93e873bda69a3,0x7e14ddec5e3867f922e8baa5a796da7dbf1c454e4d5df41c2f4918a357de8509
7,329.124,0.69445164,0xbcc67465f3ec642c17580691fdf7494a0316707b,2017-11-02T12:23:04.000Z,0.00211,0xbcc67465f3ec642c17580691fdf7494a0316707b,buy,0xa89b5934863447f6e4fc53b315a93e873bda69a3,0x876b90883db6c491d72639e86fa53e0fa6e08b7ebdbad542bc6974a476d5ae02
8,0.26455026455026454,0.0005,0x3075f7f189912f4f425dd7021b9c396434197477,2017-11-02T12:20:17.000Z,0.00189,0x5d26ca4ee3be471a4c5eeccb3bac220603387c77,buy,0xa89b5934863447f6e4fc53b315a93e873bda69a3,0x6df4506dfa07aae47d047a0228c772ee271ab14b270d5c1e51efd9250f84258d
9,409.127,0.874204162885,0xbcc67465f3ec642c17580691fdf7494a0316707b,2017-11-02T12:20:06.000Z,0.002136755,0xbcc67465f3ec642c17580691fdf7494a0316707b,buy,0xa89b5934863447f6e4fc53b315a93e873bda69a3,0xf0b31907e759df4584950aed50de161d1836a6663defc9274dadb293293167a3
10,409.127,0.874204162885,0xbcc67465f3ec642c17580691fdf7494a0316707b,2017-11-02T12:19:19.000Z,0.002136755,0xbcc67465f3ec642c17580691fdf7494a0316707b,buy,0xa89b5934863447f6e4fc53b315a93e873bda69a3,0xf0b31907e759df4584950aed50de161d1836a6663defc9274dadb293293167a3
11,398.144,0.85073618272,0xbcc67465f3ec642c17580691fdf7494a0316707b,2017-11-02T12:16:51.000Z,0.002136755,0xbcc67465f3ec642c17580691fdf7494a0316707b,buy,0xa89b5934863447f6e4fc53b315a93e873bda69a3,0xe5aa8d18b8cc2d9fef528343b2069a21d9d1977695a5ad958e708fb1b62c2aeb
12,128.424,0.27441062412,0xbcc67465f3ec642c17580691fdf7494a0316707b,2017-11-02T04:43:40.000Z,0.002136755,0xbcc67465f3ec642c17580691fdf7494a0316707b,buy,0xa89b5934863447f6e4fc53b315a93e873bda69a3,0xf4cba7ba64f9a9b2b9ea8602eaa3a5032e4b07be7d41af5ef1ec9ab5690870c8
13,689.249,1.448428514291,0xbcc67465f3ec642c17580691fdf7494a0316707b,2017-11-02T04:38:51.000Z,0.002101459,0xbcc67465f3ec642c17580691fdf7494a0316707b,buy,0xa89b5934863447f6e4fc53b315a93e873bda69a3,0xc3d5946b23df9418b1f54b673edb54872db3c5492e32ae3af00cd55d406c5847
14,348.124,0.731568312916,0xbcc67465f3ec642c17580691fdf7494a0316707b,2017-11-02T04:34:07.000Z,0.002101459,0xbcc67465f3ec642c17580691fdf7494a0316707b,buy,0xa89b5934863447f6e4fc53b315a93e873bda69a3,0xf643091982517184a498a7e31cfcaf0ee6e8a8cbd4faf111f394b7c41f47fa04
15,515.459,1.083215954681,0xbcc67465f3ec642c17580691fdf7494a0316707b,2017-11-02T04:28:14.000Z,0.002101459,0xbcc67465f3ec642c17580691fdf7494a0316707b,buy,0xa89b5934863447f6e4fc53b315a93e873bda69a3,0x59681a42b01a55bde49862247c9270980701d0160d9d76fa0815fa347209b4e4
16,416.432,0.875114774288,0xbcc67465f3ec642c17580691fdf7494a0316707b,2017-11-02T04:27:28.000Z,0.002101459,0xbcc67465f3ec642c17580691fdf7494a0316707b,buy,0xa89b5934863447f6e4fc53b315a93e873bda69a3,0xee069a908692ec0a05da0250de7ada623266e4b61eeab52ce0dfe76135eeda3f
17,309.438,0.650271270042,0xbcc67465f3ec642c17580691fdf7494a0316707b,2017-11-02T04:23:26.000Z,0.002101459,0xbcc67465f3ec642c17580691fdf7494a0316707b,buy,0xa89b5934863447f6e4fc53b315a93e873bda69a3,0xaf419e11af8fe562ba2a86983d51d1db1e5df32cba3d0b4b5a4a1bc973fccd59
18,487.142,1.023708940178,0xbcc67465f3ec642c17580691fdf7494a0316707b,2017-11-02T04:20:10.000Z,0.002101459,0xbcc67465f3ec642c17580691fdf7494a0316707b,buy,0xa89b5934863447f6e4fc53b315a93e873bda69a3,0x34bba8c5e7a3f497b8f0b24efc21451b9a2bd980580ec3a75187a091057fa680
19,276.345,0.580727687355,0xbcc67465f3ec642c17580691fdf7494a0316707b,2017-11-02T04:20:10.000Z,0.002101459,0xbcc67465f3ec642c17580691fdf7494a0316707b,buy,0xa89b5934863447f6e4fc53b315a93e873bda69a3,0xac5ce0033a231c26fce02d90c85826440c1df5bb458aac216e2bb7706bd292ac
20,664.294,1.395986604946,0xbcc67465f3ec642c17580691fdf7494a0316707b,2017-11-02T04:19:01.000Z,0.002101459,0xbcc67465f3ec642c17580691fdf7494a0316707b,buy,0xa89b5934863447f6e4fc53b315a93e873bda69a3,0xe045c892f51270ac82e8ab184eea3b27261879f35243c33effef45e0823816cf
21,599.342,1.259492639978,0xbcc67465f3ec642c17580691fdf7494a0316707b,2017-11-02T04:16:58.000Z,0.002101459,0xbcc67465f3ec642c17580691fdf7494a0316707b,buy,0xa89b5934863447f6e4fc53b315a93e873bda69a3,0xb22c0534aea66573fa374ba58e4d52398b6aedc454f60f7a15c803365ad1c634
22,422.573,0.888019834007,0xbcc67465f3ec642c17580691fdf7494a0316707b,2017-11-02T04:16:58.000Z,0.002101459,0xbcc67465f3ec642c17580691fdf7494a0316707b,buy,0xa89b5934863447f6e4fc53b315a93e873bda69a3,0x3a3e48196c1df2b35573ca477e9c4bbe19c0511c731fc1c2e7e4ce805e3f41d4
23,351.949,0.7390929,0xbcc67465f3ec642c17580691fdf7494a0316707b,2017-11-02T04:09:57.000Z,0.0021,0xbcc67465f3ec642c17580691fdf7494a0316707b,buy,0xa89b5934863447f6e4fc53b315a93e873bda69a3,0x9b0cc4ff55cf6829e52cef0a858d69ece6e1e95faa750f9ceb08d16fec2057a9
24,319.224,0.6703704,0xbcc67465f3ec642c17580691fdf7494a0316707b,2017-11-02T04:07:28.000Z,0.0021,0xbcc67465f3ec642c17580691fdf7494a0316707b,buy,0xa89b5934863447f6e4fc53b315a93e873bda69a3,0x906e341113981b743165e40f82e9f2395860d8323a8869356d64bff113599951
25,409.551,0.8600571,0xbcc67465f3ec642c17580691fdf7494a0316707b,2017-11-02T03:56:23.000Z,0.0021,0xbcc67465f3ec642c17580691fdf7494a0316707b,buy,0xa89b5934863447f6e4fc53b315a93e873bda69a3,0x7903525bfa3b54bf9aebbf23ba83903d4ec88808fd51c3827d59b0a59770fe26
26,355.665,0.7468965,0xbcc67465f3ec642c17580691fdf7494a0316707b,2017-11-02T03:56:23.000Z,0.0021,0xbcc67465f3ec642c17580691fdf7494a0316707b,buy,0xa89b5934863447f6e4fc53b315a93e873bda69a3,0x4e8b85507751ff95726e83d1ef7b6acab79a144231bdc47db36d1e1259a4330c
27,329.414,0.6917694,0xbcc67465f3ec642c17580691fdf7494a0316707b,2017-11-02T03:56:15.000Z,0.0021,0xbcc67465f3ec642c17580691fdf7494a0316707b,buy,0xa89b5934863447f6e4fc53b315a93e873bda69a3,0x29a43da55325e2d8cf440ca58798d8c50385828f2bb8e8e5e6a9c8bd0fb761f1
28,549.883,1.1547543,0xbcc67465f3ec642c17580691fdf7494a0316707b,2017-11-02T03:53:16.000Z,0.0021,0xbcc67465f3ec642c17580691fdf7494a0316707b,buy,0xa89b5934863447f6e4fc53b315a93e873bda69a3,0x192d6f4ade4e6958c15598ee016219d706594fa97f45bf37453decb67331b380
29,634.983,1.3334643,0xbcc67465f3ec642c17580691fdf7494a0316707b,2017-11-02T03:51:59.000Z,0.0021,0xbcc67465f3ec642c17580691fdf7494a0316707b,buy,0xa89b5934863447f6e4fc53b315a93e873bda69a3,0x132fdc85f85c7865d78424529e899bb06411677afa57d2cc19d5a75f34c9dad3
30,465.324,0.9771804,0xbcc67465f3ec642c17580691fdf7494a0316707b,2017-11-02T03:51:09.000Z,0.0021,0xbcc67465f3ec642c17580691fdf7494a0316707b,buy,0xa89b5934863447f6e4fc53b315a93e873bda69a3,0x15232c018be149c41d6846214fef7ac14756943259836fef133eeab5f473906d
31,467.079,0.934158,0xbcc67465f3ec642c17580691fdf7494a0316707b,2017-11-02T03:47:37.000Z,0.002,0xbcc67465f3ec642c17580691fdf7494a0316707b,buy,0xa89b5934863447f6e4fc53b315a93e873bda69a3,0x75a39da9300505396a090f0c3b58b46bbcd767c88af92ad7402eeffed7830dd3
32,497.414,0.994828,0xbcc67465f3ec642c17580691fdf7494a0316707b,2017-11-02T03:45:39.000Z,0.002,0xbcc67465f3ec642c17580691fdf7494a0316707b,buy,0xa89b5934863447f6e4fc53b315a93e873bda69a3,0xdf57f1ac74c1839b3d36c144a3c766b067b90ab385cd12947adc6cffb8ecbf41
33,482.513,0.965026,0xbcc67465f3ec642c17580691fdf7494a0316707b,2017-11-02T01:59:46.000Z,0.002,0xbcc67465f3ec642c17580691fdf7494a0316707b,buy,0xa89b5934863447f6e4fc53b315a93e873bda69a3,0x79b85cb17a37d838cb5e6e738fcfab12b9d36c136d670787d67073ab14d1f336
34,1,0.0003710004,0xbcb614675176a6732901e9f3f4b29cd3ec534ed3,2017-11-02T01:06:54.000Z,0.0003710004,0x68ca7fc4bfc3bb2a9cf6f45736dcadc2c427c5a0,sell,0xa89b5934863447f6e4fc53b315a93e873bda69a3,0xef2850b7ecf9218e45e8799a5a085d3527c25c844ab7f42384ba16818c2627d2
35,0.1,0.00019,0xed2ca7381d82f8fb9bcc54ea6ab6526e35aece25,2017-11-02T01:01:54.000Z,0.0019,0x68ca7fc4bfc3bb2a9cf6f45736dcadc2c427c5a0,buy,0xa89b5934863447f6e4fc53b315a93e873bda69a3,0x67fa545614165d2466ba44830a4e0d8f0ff5a181dcdf15e0a6d33e4684e5fea8
36,398.145,0.79629,0xbcc67465f3ec642c17580691fdf7494a0316707b,2017-11-01T23:42:17.000Z,0.002,0xbcc67465f3ec642c17580691fdf7494a0316707b,buy,0xa89b5934863447f6e4fc53b315a93e873bda69a3,0x08d7bf7d19178d0b37279375661fa34b719e1ad5cee0ce97701cbd2ec46c3681
37,14.749750978426851,0.005413158609082654,0x68ca7fc4bfc3bb2a9cf6f45736dcadc2c427c5a0,2017-11-01T23:31:58.000Z,0.000367,0xf01bddaf7a9dc5f7382a9385aba23d546ee8f5ff,sell,0xa89b5934863447f6e4fc53b315a93e873bda69a3,0x97bec5dc44249769728749984558102478ff98cf8b134ce0b13d4b6798065a55
38,1068.228,0.392039676,0x68ca7fc4bfc3bb2a9cf6f45736dcadc2c427c5a0,2017-11-01T23:27:56.000Z,0.000367,0xf01bddaf7a9dc5f7382a9385aba23d546ee8f5ff,sell,0xa89b5934863447f6e4fc53b315a93e873bda69a3,0x5ecf3d5a357a781fe15a4b4f59d7b46ac8dc02c53c31769868cfbe8c90bb2d16
39,1086.215,2.30813518481,0xf01bddaf7a9dc5f7382a9385aba23d546ee8f5ff,2017-11-01T22:22:22.000Z,0.002124934,0xbcc67465f3ec642c17580691fdf7494a0316707b,buy,0xa89b5934863447f6e4fc53b315a93e873bda69a3,0xf676b7e7c6dd3783463381b27aa6b3c1c91caee77c7fabccfeaa2e73d1fcb324
40,131.5920645997408,0.04737314325590669,0x68ca7fc4bfc3bb2a9cf6f45736dcadc2c427c5a0,2017-11-01T22:22:02.000Z,0.00035999999999999997,0xf01bddaf7a9dc5f7382a9385aba23d546ee8f5ff,sell,0xa89b5934863447f6e4fc53b315a93e873bda69a3,0x058de1e7360fd95fc30e8ced6b89d3bbd1c4282cee383ff67e561f83c05d5ff0
41,132,0.2772,0xf01bddaf7a9dc5f7382a9385aba23d546ee8f5ff,2017-11-01T22:19:57.000Z,0.0021,0x5d26ca4ee3be471a4c5eeccb3bac220603387c77,buy,0xa89b5934863447f6e4fc53b315a93e873bda69a3,0x26d30180212f709acabb31aef5d5bbbfab9c9580d5a819dbb15318a902504108
42,421.42086803636,0.927125909679992,0x718530cab6ecb8663179109e1dc52e013b5fbd48,2017-11-01T21:27:21.000Z,0.0022,0x0985a7680281636e656a0aa7bd974a4f06ef075b,buy,0xa89b5934863447f6e4fc53b315a93e873bda69a3,0x6ebca8591ef9ad297ff96cad83fbf28f2895231109a4be7e4e5306cec6bb72e0
43,538.3434081619706,1.1843554979563353,0x9b0a32a2e819f871d204902fc66dca1b492f642b,2017-11-01T21:03:42.000Z,0.0022,0x0985a7680281636e656a0aa7bd974a4f06ef075b,buy,0xa89b5934863447f6e4fc53b315a93e873bda69a3,0x7b5d3d10ea158aa058d63e0b5b435cf2bbc13723f3d331a7e322d149476c5faf
44,905,1.991,0x9b0a32a2e819f871d204902fc66dca1b492f642b,2017-11-01T21:00:14.000Z,0.0022,0xf8ac44f3a8ad0b9a8d440b5a07d7d352f1cece40,buy,0xa89b5934863447f6e4fc53b315a93e873bda69a3,0x49310ff2dee87c7a51fadc883555544e52639b2802109a7c246cd110edb90c14
45,0.6161807487697227,0.00135559764729339,0xad8419325088f0e6cd3faafbf6c5a5cf53de54cb,2017-11-01T20:35:48.000Z,0.0022,0x7eb0af29068078ae05dda80d5a537d8e984a2a36,buy,0xa89b5934863447f6e4fc53b315a93e873bda69a3,0x12a8b4b956c55c44240eb4d8024a06b1780fd99bd6554a382642bfff1143580b
46,97,0.2134,0xad8419325088f0e6cd3faafbf6c5a5cf53de54cb,2017-11-01T20:35:08.000Z,0.0022,0x7eb0af29068078ae05dda80d5a537d8e984a2a36,buy,0xa89b5934863447f6e4fc53b315a93e873bda69a3,0x8161ae15d977e82081e693eb7dd6f8f6766c96fcbce15782dc17aa4a0dba031d
47,905,1.991,0xf8ac44f3a8ad0b9a8d440b5a07d7d352f1cece40,2017-11-01T20:34:29.000Z,0.0022,0x0985a7680281636e656a0aa7bd974a4f06ef075b,buy,0xa89b5934863447f6e4fc53b315a93e873bda69a3,0xf13e293aff6fe571e3904b3166620a4c04ba15dc37a820271cacdc4ce75ad2e6
48,0.10204728976536363,0.0002245040374838,0x9848a2ee7a4bdee74dcf0235fb666eafd950f9c8,2017-11-01T20:21:34.000Z,0.0022,0x0985a7680281636e656a0aa7bd974a4f06ef075b,buy,0xa89b5934863447f6e4fc53b315a93e873bda69a3,0x520347056891c87af6669a139facc6af6c31b2e6c6bf677da62f553b609df5ef
49,178,0.3916,0x9848a2ee7a4bdee74dcf0235fb666eafd950f9c8,2017-11-01T20:21:03.000Z,0.0022,0x0985a7680281636e656a0aa7bd974a4f06ef075b,buy,0xa89b5934863447f6e4fc53b315a93e873bda69a3,0xd3f501b47c4409693035fe9dbb0b2c006879707c4999633c65a135e8c4261ddc
50,1000,2.2,0xad8419325088f0e6cd3faafbf6c5a5cf53de54cb,2017-11-01T20:18:36.000Z,0.0022,0x7eb0af29068078ae05dda80d5a537d8e984a2a36,buy,0xa89b5934863447f6e4fc53b315a93e873bda69a3,0xe5e8e3e3e0c2efa47147f85916de00cc1f7c1c787b1b93e857ffdd4052287368
51,905,1.991,0xf8ac44f3a8ad0b9a8d440b5a07d7d352f1cece40,2017-11-01T20:17:18.000Z,0.0022,0x7eb0af29068078ae05dda80d5a537d8e984a2a36,buy,0xa89b5934863447f6e4fc53b315a93e873bda69a3,0xda25a146efff4219653fc52a85ee3d0a7eea0826fef9d117341d111de9bb99bd
52,236.539454962344,0.5203868009171568,0xd95b23bf3d85507e39add26e68d27886f16e5649,2017-11-01T20:17:18.000Z,0.0022,0x0985a7680281636e656a0aa7bd974a4f06ef075b,buy,0xa89b5934863447f6e4fc53b315a93e873bda69a3,0xdc4a5b90a6e5503d0cc147de0ff51f01797be05451fdfdee8ccff45b9f9bbc4d
53,73.86193708594267,0.16249626158907388,0x16ec4bfee1e8f0776faf184baffe273a4f4a717f,2017-11-01T20:16:22.000Z,0.0022,0x0985a7680281636e656a0aa7bd974a4f06ef075b,buy,0xa89b5934863447f6e4fc53b315a93e873bda69a3,0x0ac3cbcf63de95eff9850b9af1429bd9ef730070e7673bbded0096e869311c6b
54,4,0.00836,0x3a436202dbd34d4e746992f40315fbab8a473858,2017-11-01T20:02:33.000Z,0.00209,0x5cc2072740d99c150b6815eccc05c8b6bcd466b7,buy,0xa89b5934863447f6e4fc53b315a93e873bda69a3,0x187df507d1e26b24d0f362abebebcb48d09749adfd55c4d2a40eeff76266ccde
55,950,1.9855,0x3a436202dbd34d4e746992f40315fbab8a473858,2017-11-01T19:58:46.000Z,0.00209,0x5cc2072740d99c150b6815eccc05c8b6bcd466b7,buy,0xa89b5934863447f6e4fc53b315a93e873bda69a3,0xa460fc4e0b4f5134bcd00b49446c2f9b0c7b371a1289a88029d7df5ffc173a8e
56,238.234,0.506231526556,0xbcc67465f3ec642c17580691fdf7494a0316707b,2017-11-01T19:45:37.000Z,0.002124934,0xbcc67465f3ec642c17580691fdf7494a0316707b,buy,0xa89b5934863447f6e4fc53b315a93e873bda69a3,0x366beec4901ae941e6c2c889c392ec1a71bc63fedd20bd0f896e670602094f72
57,348.404,0.72816436,0xbcc67465f3ec642c17580691fdf7494a0316707b,2017-11-01T19:24:21.000Z,0.00209,0xbcc67465f3ec642c17580691fdf7494a0316707b,buy,0xa89b5934863447f6e4fc53b315a93e873bda69a3,0xe4b2db390392ff811a242bbb491b0d25644e4ba1b1614497fdd28099f9cef929
58,354.342,0.74057478,0xbcc67465f3ec642c17580691fdf7494a0316707b,2017-11-01T19:15:06.000Z,0.00209,0xbcc67465f3ec642c17580691fdf7494a0316707b,buy,0xa89b5934863447f6e4fc53b315a93e873bda69a3,0x15c11868cc737c49934605a46664e19f073c93d5dbcd4c1b672d2391bc6cfe71
59,523.234,1.09355906,0xbcc67465f3ec642c17580691fdf7494a0316707b,2017-11-01T17:06:35.000Z,0.00209,0xbcc67465f3ec642c17580691fdf7494a0316707b,buy,0xa89b5934863447f6e4fc53b315a93e873bda69a3,0x2813404767830dfde337f67c66af244ee649b20d0a7f3a00ec4533167975c28d
60,572.348,1.19620732,0xbcc67465f3ec642c17580691fdf7494a0316707b,2017-11-01T17:01:23.000Z,0.00209,0xbcc67465f3ec642c17580691fdf7494a0316707b,buy,0xa89b5934863447f6e4fc53b315a93e873bda69a3,0x79658cc493445f9387191728d34cd533d539fc466d8008c987b4e7a60be73b54
61,347.348,0.72595732,0xbcc67465f3ec642c17580691fdf7494a0316707b,2017-11-01T16:59:36.000Z,0.00209,0xbcc67465f3ec642c17580691fdf7494a0316707b,buy,0xa89b5934863447f6e4fc53b315a93e873bda69a3,0xe0a3b27b10052f67b7c70b5776ec70b01f396dfef2efdf935a99bec0a81ba417
62,349.324,0.73008716,0xbcc67465f3ec642c17580691fdf7494a0316707b,2017-11-01T16:58:52.000Z,0.00209,0xbcc67465f3ec642c17580691fdf7494a0316707b,buy,0xa89b5934863447f6e4fc53b315a93e873bda69a3,0xc12ca88a7c3d2a27dcfe03d83ba31bc58bc81e1e36fa10a722a1a123bb759c27
63,548.47,1.1572717,0xbcc67465f3ec642c17580691fdf7494a0316707b,2017-11-01T15:50:26.000Z,0.00211,0xbcc67465f3ec642c17580691fdf7494a0316707b,buy,0xa89b5934863447f6e4fc53b315a93e873bda69a3,0xc8cae7008e62435503f42f2d82c540bea1327b36f46795d7512f712ffaa91726
64,400.1,0.844211,0xbcc67465f3ec642c17580691fdf7494a0316707b,2017-11-01T15:38:54.000Z,0.00211,0xbcc67465f3ec642c17580691fdf7494a0316707b,buy,0xa89b5934863447f6e4fc53b315a93e873bda69a3,0x20a2c93eed687ec0afaf525994c1eb93cd92a43747c91b1214459cbb7ca934f0
65,314.513,0.66362243,0xbcc67465f3ec642c17580691fdf7494a0316707b,2017-11-01T15:30:43.000Z,0.00211,0xbcc67465f3ec642c17580691fdf7494a0316707b,buy,0xa89b5934863447f6e4fc53b315a93e873bda69a3,0x18e1410d0112194ca4e1c142aa50885eca4a234aa3c5aeb28628bb1b153d1cb5
66,239.244,0.50480484,0xbcc67465f3ec642c17580691fdf7494a0316707b,2017-11-01T15:13:44.000Z,0.00211,0xbcc67465f3ec642c17580691fdf7494a0316707b,buy,0xa89b5934863447f6e4fc53b315a93e873bda69a3,0x7355a030cea336fe6edef6f16a6e42e46dc0d4876de4b7256001bfac86c833e0
67,198.234,0.41827374,0xbcc67465f3ec642c17580691fdf7494a0316707b,2017-11-01T15:13:39.000Z,0.00211,0xbcc67465f3ec642c17580691fdf7494a0316707b,buy,0xa89b5934863447f6e4fc53b315a93e873bda69a3,0xd606d5cb687c715b5e7f0c6cb4624f9ce6d86ef0f86f4e0ee53a96cb393b75be
68,100.1844282723557,0.02905348419898315,0xbcc67465f3ec642c17580691fdf7494a0316707b,2017-11-01T14:40:53.000Z,0.00029,0x6cdd909ef1b04e23e32f1f5bb046a6febf6ecba4,sell,0xa89b5934863447f6e4fc53b315a93e873bda69a3,0xf112e480017c579e57396fff39139c99c1c9cd6d18b7ea5f26832c7329e9cc97
69,100.495,0.160792,0x6cdd909ef1b04e23e32f1f5bb046a6febf6ecba4,2017-11-01T14:40:05.000Z,0.0016,0x9d413c9f3650b2d7a264373bc89c457a05dedcae,buy,0xa89b5934863447f6e4fc53b315a93e873bda69a3,0xa73820f5cff84e60cfe5c9b085bb0b03f7212c8ff4cbb89dca0efc83269309f9
70,332.56,0.698376,0xbcc67465f3ec642c17580691fdf7494a0316707b,2017-11-01T14:39:03.000Z,0.0021,0xbcc67465f3ec642c17580691fdf7494a0316707b,buy,0xa89b5934863447f6e4fc53b315a93e873bda69a3,0x486c57e234e088b2b39403b2ee7068e2f3af1a1afebfb894e911aa231de3e764
71,288.166,0.6051486,0xbcc67465f3ec642c17580691fdf7494a0316707b,2017-11-01T14:32:28.000Z,0.0021,0xbcc67465f3ec642c17580691fdf7494a0316707b,buy,0xa89b5934863447f6e4fc53b315a93e873bda69a3,0x354325d5335ae13242f9f446e506fa4cfb3c0f16e01f3052430f35e8623758d0
72,209.455,0.4398555,0xbcc67465f3ec642c17580691fdf7494a0316707b,2017-11-01T14:29:15.000Z,0.0021,0xbcc67465f3ec642c17580691fdf7494a0316707b,buy,0xa89b5934863447f6e4fc53b315a93e873bda69a3,0x478f6b604d7d9a76487d693383df0932d48c7f3cf92eb83f0ea5acdc47616208
73,349.551,0.7340571,0xbcc67465f3ec642c17580691fdf7494a0316707b,2017-11-01T14:29:15.000Z,0.0021,0xbcc67465f3ec642c17580691fdf7494a0316707b,buy,0xa89b5934863447f6e4fc53b315a93e873bda69a3,0x84443db24ec4b55771e541aa8a750ad450f6cb9e397b9e75ff3d03b777424fcd
74,100,0.105,0x9d413c9f3650b2d7a264373bc89c457a05dedcae,2017-11-01T13:58:59.000Z,0.00105,0x5d26ca4ee3be471a4c5eeccb3bac220603387c77,sell,0xa89b5934863447f6e4fc53b315a93e873bda69a3,0x4157510a15c6d4d8c4d5e021ab4602d77bc316b6e968258c59ef9b08aa9fd7b8
75,413.441,0.8682261,0xbcc67465f3ec642c17580691fdf7494a0316707b,2017-11-01T13:49:49.000Z,0.0021,0xbcc67465f3ec642c17580691fdf7494a0316707b,buy,0xa89b5934863447f6e4fc53b315a93e873bda69a3,0x2128c493c6d60a5e0ef56b7e4ea288835e81ff0c100f9e65e18da118047da43c
76,0.49695942578008173,0.000496959425780081,0x9d413c9f3650b2d7a264373bc89c457a05dedcae,2017-11-01T13:46:48.000Z,0.0009999999999999985,0x3f27c6e4bb86725d1e2dc7c6610b7ab6d6d3a345,sell,0xa89b5934863447f6e4fc53b315a93e873bda69a3,0xb26e9042086187498a887a745b838694b6a0f68935037e53cd2e2dcb0dfe476c
77,455.818,0.9572178,0xbcc67465f3ec642c17580691fdf7494a0316707b,2017-11-01T13:46:41.000Z,0.0021,0xbcc67465f3ec642c17580691fdf7494a0316707b,buy,0xa89b5934863447f6e4fc53b315a93e873bda69a3,0xfc98eba590bbfe84207284a765f7083ac90a1362439b798cce1333d174cd92be
78,349.155,0.7332255,0xbcc67465f3ec642c17580691fdf7494a0316707b,2017-11-01T13:45:41.000Z,0.0021,0xbcc67465f3ec642c17580691fdf7494a0316707b,buy,0xa89b5934863447f6e4fc53b315a93e873bda69a3,0x6cf62d5da379e81189e4c8a846f1c63358a627d40173b11d894c485252ce7904
79,1091.249,2.18250891249,0xbcc67465f3ec642c17580691fdf7494a0316707b,2017-11-01T13:40:35.000Z,0.00200001,0xbcc67465f3ec642c17580691fdf7494a0316707b,buy,0xa89b5934863447f6e4fc53b315a93e873bda69a3,0x295fa06a804a8aa58c3d8cdb123adf9836f54cefd08166a17fd8b257068cb94b
80,400,0.800004,0xbcc67465f3ec642c17580691fdf7494a0316707b,2017-11-01T13:36:51.000Z,0.00200001,0xbcc67465f3ec642c17580691fdf7494a0316707b,buy,0xa89b5934863447f6e4fc53b315a93e873bda69a3,0xec0c33aa2032d5bc0bbc2fc59d2bf4099bf7c8c42a63524bea9848d2e415725b
81,98.139,0.1766502,0x3a436202dbd34d4e746992f40315fbab8a473858,2017-11-01T12:35:48.000Z,0.0018,0x5d26ca4ee3be471a4c5eeccb3bac220603387c77,sell,0xa89b5934863447f6e4fc53b315a93e873bda69a3,0x3f7d0a613730aefbe2007d302031f987acd24a1496894cd3e18ee399fb12b67e
82,500,1.045,0x3a436202dbd34d4e746992f40315fbab8a473858,2017-11-01T12:30:41.000Z,0.00209,0x5cc2072740d99c150b6815eccc05c8b6bcd466b7,buy,0xa89b5934863447f6e4fc53b315a93e873bda69a3,0x3b8114f3b97569594e730cfbc4372d6c85730a3d433273f315e6269e91b6d055
83,400,0.80008,0x3a436202dbd34d4e746992f40315fbab8a473858,2017-11-01T12:30:27.000Z,0.0020002,0xdcce32ecd82fb651983b10ba53bf3141a330c953,buy,0xa89b5934863447f6e4fc53b315a93e873bda69a3,0x6a4f7cdb51ffc2d1681920f7be535b2bdf4089e6d153c823521fba7700fda5bf
84,235.66067195987438,0.4713213439197488,0x3a436202dbd34d4e746992f40315fbab8a473858,2017-11-01T12:30:27.000Z,0.002,0xbcc67465f3ec642c17580691fdf7494a0316707b,buy,0xa89b5934863447f6e4fc53b315a93e873bda69a3,0x165c516a8acd999b88c498639cb7fb3ddb1f2fec74bfbe3b01e5d64222365965
85,3.753328040125611,0.007506656080251222,0x3a436202dbd34d4e746992f40315fbab8a473858,2017-11-01T12:22:38.000Z,0.002,0xbcc67465f3ec642c17580691fdf7494a0316707b,buy,0xa89b5934863447f6e4fc53b315a93e873bda69a3,0x51bf905e5888abd54c997a117aac7c91a50be4123eef0957f51f3a5343d003a2
86,48.99,0.08318502,0xbcc67465f3ec642c17580691fdf7494a0316707b,2017-11-01T11:37:17.000Z,0.001698,0x5d26ca4ee3be471a4c5eeccb3bac220603387c77,buy,0xa89b5934863447f6e4fc53b315a93e873bda69a3,0x1ab0869439927b4be68a86afdc69c70c7fca9fe7748c063f154186ab4f123e50
87,48.99,0.08318502,0xbcc67465f3ec642c17580691fdf7494a0316707b,2017-11-01T11:36:59.000Z,0.001698,0x5d26ca4ee3be471a4c5eeccb3bac220603387c77,buy,0xa89b5934863447f6e4fc53b315a93e873bda69a3,0x1ab0869439927b4be68a86afdc69c70c7fca9fe7748c063f154186ab4f123e50
88,1176.461952903585,1.941162222290915,0x3a436202dbd34d4e746992f40315fbab8a473858,2017-11-01T11:30:06.000Z,0.00165,0xbcc67465f3ec642c17580691fdf7494a0316707b,sell,0xa89b5934863447f6e4fc53b315a93e873bda69a3,0xf736190c65ee701b31010fbb0cccfeb5f16a539fc75351f080e125271602722b
89,373.5380470964151,0.6163377777090849,0x3a436202dbd34d4e746992f40315fbab8a473858,2017-11-01T11:29:08.000Z,0.00165,0x68ca7fc4bfc3bb2a9cf6f45736dcadc2c427c5a0,sell,0xa89b5934863447f6e4fc53b315a93e873bda69a3,0x4437e8797f21f00b588fdf3df8a1965a14fa83fa7e5f8d9216d9cb11d4a78985
90,950,1.5675,0x3a436202dbd34d4e746992f40315fbab8a473858,2017-11-01T11:02:44.000Z,0.00165,0x68ca7fc4bfc3bb2a9cf6f45736dcadc2c427c5a0,sell,0xa89b5934863447f6e4fc53b315a93e873bda69a3,0x2136ce9f558295a4e1557c9338da0cbb24b1079d3f5552c18270ae7fee358f01
91,281.367,0.39110013,0x3a436202dbd34d4e746992f40315fbab8a473858,2017-11-01T10:38:25.000Z,0.00139,0x68ca7fc4bfc3bb2a9cf6f45736dcadc2c427c5a0,sell,0xa89b5934863447f6e4fc53b315a93e873bda69a3,0x7fb04825133e3e07aa3fe639a647537616260b12d3d67a8feab21226385e883c
92,47,0.0653299953,0x3a436202dbd34d4e746992f40315fbab8a473858,2017-11-01T10:37:10.000Z,0.0013899999,0x429c7cf947d18c6e14660975ba5272621a618b36,buy,0xa89b5934863447f6e4fc53b315a93e873bda69a3,0xaf20dda60607faab2554454224ab473e9b71cd8a682f518daa4864748dfb8d16
93,218.633,0.30389987,0x3a436202dbd34d4e746992f40315fbab8a473858,2017-11-01T10:31:02.000Z,0.00139,0x68ca7fc4bfc3bb2a9cf6f45736dcadc2c427c5a0,sell,0xa89b5934863447f6e4fc53b315a93e873bda69a3,0x42ad9a58a938760f9ae9c8345f864f76e29d03a7bc1c81d2633df7ecfa187c6e
94,500,0.695,0x3a436202dbd34d4e746992f40315fbab8a473858,2017-11-01T10:30:40.000Z,0.00139,0x68ca7fc4bfc3bb2a9cf6f45736dcadc2c427c5a0,sell,0xa89b5934863447f6e4fc53b315a93e873bda69a3,0x65c7684c0c6ea7d14a3c7b36b2bf7304d59ec6ee0f92a3255d619293f544c3e8
95,398.6639939306668,0.5381963918064001,0x3e27e163da0fcedc14542ea4736527ef85446587,2017-11-01T08:48:04.000Z,0.00135,0x68ca7fc4bfc3bb2a9cf6f45736dcadc2c427c5a0,buy,0xa89b5934863447f6e4fc53b315a93e873bda69a3,0xd850eea08196f68a8142e0482b67372dc209d1af89e83238d7e408afe3bb551f
96,863,0.958888793,0x3e27e163da0fcedc14542ea4736527ef85446587,2017-11-01T08:43:32.000Z,0.001111111,0x3f27c6e4bb86725d1e2dc7c6610b7ab6d6d3a345,buy,0xa89b5934863447f6e4fc53b315a93e873bda69a3,0x049515afa6619802813539d465c1bd5c7ef7de711b817c3cfca3a6031d6deda9
97,500,0.5,0x3e27e163da0fcedc14542ea4736527ef85446587,2017-11-01T08:42:11.000Z,0.001,0x68ca7fc4bfc3bb2a9cf6f45736dcadc2c427c5a0,buy,0xa89b5934863447f6e4fc53b315a93e873bda69a3,0xaba849e1cc79bce7aaba1e0179d1683cf2112ec2417634f146b52fb42ae84291
98,22,0.09658,0x3e27e163da0fcedc14542ea4736527ef85446587,2017-11-01T08:23:21.000Z,0.00439,0x7eb0af29068078ae05dda80d5a537d8e984a2a36,buy,0xa89b5934863447f6e4fc53b315a93e873bda69a3,0xd398ee6812068940f1d1b30814ea9cbb5b3226ac3a729b2ecbfa543e9f5f3690
99,1,0.00141,0x422d7c1f2f04e7582163d1381a436516f4de3c2a,2017-11-01T04:18:35.000Z,0.00141,0x3f27c6e4bb86725d1e2dc7c6610b7ab6d6d3a345,buy,0xa89b5934863447f6e4fc53b315a93e873bda69a3,0x7ae6f4c77d66bcbb074cbab44bbafa0e73a75f3522105e04bbdb8f87841b51a0
100,406.991,1.003616607513,0xbcc67465f3ec642c17580691fdf7494a0316707b,2017-11-01T03:20:17.000Z,0.002465943,0xbcc67465f3ec642c17580691fdf7494a0316707b,buy,0xa89b5934863447f6e4fc53b315a93e873bda69a3,0x62e3b67084a23ca654407681b00088909de93a7939ff13e06849ff3cb7298759
101,498.242,1.228636372206,0xbcc67465f3ec642c17580691fdf7494a0316707b,2017-11-01T03:19:13.000Z,0.002465943,0xbcc67465f3ec642c17580691fdf7494a0316707b,buy,0xa89b5934863447f6e4fc53b315a93e873bda69a3,0x85fe4c49b68fd2f669a82447824d9850fc72771238f6c3f7076fc1e9c27668f0
102,479.243,1.176461052176,0xbcc67465f3ec642c17580691fdf7494a0316707b,2017-11-01T03:18:28.000Z,0.002454832,0xbcc67465f3ec642c17580691fdf7494a0316707b,buy,0xa89b5934863447f6e4fc53b315a93e873bda69a3,0x17c29f196fe96eb72f052cedfffcd03e77abb79b018221c78087afff9b9ec017
103,480.229,1.178881516528,0xbcc67465f3ec642c17580691fdf7494a0316707b,2017-11-01T03:17:19.000Z,0.002454832,0xbcc67465f3ec642c17580691fdf7494a0316707b,buy,0xa89b5934863447f6e4fc53b315a93e873bda69a3,0x436d73cb8bfe7aef8c06e3b01005162412c27836973e0facfc565c397fa6da1c
104,394.593,0.968659523376,0xbcc67465f3ec642c17580691fdf7494a0316707b,2017-11-01T03:16:25.000Z,0.002454832,0xbcc67465f3ec642c17580691fdf7494a0316707b,buy,0xa89b5934863447f6e4fc53b315a93e873bda69a3,0xd4d0c35bbc0d695e9b388cfa0e16819cbb7b38a911cbdea7ff2965d6e958905e
105,485.343,1.191435527376,0xbcc67465f3ec642c17580691fdf7494a0316707b,2017-11-01T03:16:25.000Z,0.002454832,0xbcc67465f3ec642c17580691fdf7494a0316707b,buy,0xa89b5934863447f6e4fc53b315a93e873bda69a3,0x4a1a1a6280f4c2f83494605b5b983160deaaddaba3652973646490d293fd230f
106,502.241,1.232917278512,0xbcc67465f3ec642c17580691fdf7494a0316707b,2017-11-01T03:15:48.000Z,0.002454832,0xbcc67465f3ec642c17580691fdf7494a0316707b,buy,0xa89b5934863447f6e4fc53b315a93e873bda69a3,0xfd2653e09fb99f8627ef6353789d91d2bf39326dc1239820b0372217167697b6
107,993.328,2.438453360896,0xbcc67465f3ec642c17580691fdf7494a0316707b,2017-11-01T03:13:50.000Z,0.002454832,0xbcc67465f3ec642c17580691fdf7494a0316707b,buy,0xa89b5934863447f6e4fc53b315a93e873bda69a3,0x8a70fef6930cdd052bcb087d24ab3f7c458b4f02fe67fd20a5ed653539408c4d
108,775.348,1.903349081536,0xbcc67465f3ec642c17580691fdf7494a0316707b,2017-11-01T03:13:50.000Z,0.002454832,0xbcc67465f3ec642c17580691fdf7494a0316707b,buy,0xa89b5934863447f6e4fc53b315a93e873bda69a3,0x10dd87894995764a75f5b83c1d8b81d40189c02727b1362957b14e9cd9652827
109,775.994,1.904934903008,0xbcc67465f3ec642c17580691fdf7494a0316707b,2017-11-01T03:13:50.000Z,0.002454832,0xbcc67465f3ec642c17580691fdf7494a0316707b,buy,0xa89b5934863447f6e4fc53b315a93e873bda69a3,0xad350ed374751a64e79f8f0e72bea19d914af5c7de1a724358d9e0a06860ec72
110,895.488,2.198272598016,0xbcc67465f3ec642c17580691fdf7494a0316707b,2017-11-01T03:13:50.000Z,0.002454832,0xbcc67465f3ec642c17580691fdf7494a0316707b,buy,0xa89b5934863447f6e4fc53b315a93e873bda69a3,0xaf576264580eba3d63c16aa4a35f5e861724ced2917c8cd690cca15217f589f7
111,1,0.00141,0x94b0bf6dd676f7b4884557735945b927535fd822,2017-11-01T03:13:01.000Z,0.00141,0x3f27c6e4bb86725d1e2dc7c6610b7ab6d6d3a345,buy,0xa89b5934863447f6e4fc53b315a93e873bda69a3,0x02e97d4e86fb9db21c46a5763cabc9fd3cd2bba1ece61f45e50b8eb346e6795c
112,884.399,2.171050965968,0xbcc67465f3ec642c17580691fdf7494a0316707b,2017-11-01T03:09:42.000Z,0.002454832,0xbcc67465f3ec642c17580691fdf7494a0316707b,buy,0xa89b5934863447f6e4fc53b315a93e873bda69a3,0x524753dc5cf29d7a9e1d13e5a616fff0a569b2d56f2e07ba7ecab87425e37d4d
113,766.928,1.882679396096,0xbcc67465f3ec642c17580691fdf7494a0316707b,2017-11-01T03:09:05.000Z,0.002454832,0xbcc67465f3ec642c17580691fdf7494a0316707b,buy,0xa89b5934863447f6e4fc53b315a93e873bda69a3,0xe94231df0b3c73f51c30b9cc57578196ecc5b22da945c71bec3a9f611075746c
114,911.918,2.238605487776,0xbcc67465f3ec642c17580691fdf7494a0316707b,2017-11-01T03:08:44.000Z,0.002454832,0xbcc67465f3ec642c17580691fdf7494a0316707b,buy,0xa89b5934863447f6e4fc53b315a93e873bda69a3,0x912099b831eaf0106bcd076e8490206c82d41e7ec6aa8a68cb39869c4f4b3f6b
115,918.381,2.254471066992,0xbcc67465f3ec642c17580691fdf7494a0316707b,2017-11-01T03:08:08.000Z,0.002454832,0xbcc67465f3ec642c17580691fdf7494a0316707b,buy,0xa89b5934863447f6e4fc53b315a93e873bda69a3,0x3b5756ae2fd32cbf50ee126d65b3960bc33de24adc2bf9036ac1ab20b9398f64
116,844.243,2.072474732176,0xbcc67465f3ec642c17580691fdf7494a0316707b,2017-11-01T03:01:35.000Z,0.002454832,0xbcc67465f3ec642c17580691fdf7494a0316707b,buy,0xa89b5934863447f6e4fc53b315a93e873bda69a3,0x03a9df9afe666811b279cec7f90e418784b9597d8b4e333341659a55c485d2d4
117,851.445,2.09015443224,0xbcc67465f3ec642c17580691fdf7494a0316707b,2017-11-01T03:01:29.000Z,0.002454832,0xbcc67465f3ec642c17580691fdf7494a0316707b,buy,0xa89b5934863447f6e4fc53b315a93e873bda69a3,0x9a3228ba10faa883f9323fdeea396972915fb866b4634c42b89d9068b77838ff
118,793.391,1.947641615312,0xbcc67465f3ec642c17580691fdf7494a0316707b,2017-11-01T03:01:02.000Z,0.002454832,0xbcc67465f3ec642c17580691fdf7494a0316707b,buy,0xa89b5934863447f6e4fc53b315a93e873bda69a3,0x38c93d0c049462081335bfc0a493c8d5c17c78c3d335428d9138540181ddc3a6
119,799.159,1.961801086288,0xbcc67465f3ec642c17580691fdf7494a0316707b,2017-11-01T03:01:02.000Z,0.002454832,0xbcc67465f3ec642c17580691fdf7494a0316707b,buy,0xa89b5934863447f6e4fc53b315a93e873bda69a3,0x71b90069fbfa2aa7d183ce421cc8d07020e50ad13dc3b5501d3917e6d8298ae8
120,289.381,0.7071838474372,0xbcc67465f3ec642c17580691fdf7494a0316707b,2017-11-01T03:00:12.000Z,0.0024437812,0xbcc67465f3ec642c17580691fdf7494a0316707b,buy,0xa89b5934863447f6e4fc53b315a93e873bda69a3,0x0caa963470028f6ced32c71f113960d1ae246c6704a09d021b1841246c77937e
121,476.399,1.1642149198988,0xbcc67465f3ec642c17580691fdf7494a0316707b,2017-11-01T02:54:38.000Z,0.0024437812,0xbcc67465f3ec642c17580691fdf7494a0316707b,buy,0xa89b5934863447f6e4fc53b315a93e873bda69a3,0xd9573da0fcd5e09d32a3dfe5d5aa55e6f21cabbabcbe3c2e84d54c1c442fd8cd
122,477.152,1.1660550871424,0xbcc67465f3ec642c17580691fdf7494a0316707b,2017-11-01T02:54:09.000Z,0.0024437812,0xbcc67465f3ec642c17580691fdf7494a0316707b,buy,0xa89b5934863447f6e4fc53b315a93e873bda69a3,0x0854423b94a0daba12a266c4c66a1dda96a2e96f2b67717c246c13bd9efc6be5
123,579.359,1.4158266322508,0xbcc67465f3ec642c17580691fdf7494a0316707b,2017-11-01T02:52:56.000Z,0.0024437812,0xbcc67465f3ec642c17580691fdf7494a0316707b,buy,0xa89b5934863447f6e4fc53b315a93e873bda69a3,0xa7004d16b55833e8ab921f0b87eb8baec8791cd94514d591e62116fe2a3d30c2
124,689.599,1.6852290717388,0xbcc67465f3ec642c17580691fdf7494a0316707b,2017-11-01T02:52:56.000Z,0.0024437812,0xbcc67465f3ec642c17580691fdf7494a0316707b,buy,0xa89b5934863447f6e4fc53b315a93e873bda69a3,0x12e278f49b17eb86d777ca02793033e5878e759a25d1cc17e13fb4c333a9ec5b
125,711.482,1.7387063357384,0xbcc67465f3ec642c17580691fdf7494a0316707b,2017-11-01T02:52:56.000Z,0.0024437812,0xbcc67465f3ec642c17580691fdf7494a0316707b,buy,0xa89b5934863447f6e4fc53b315a93e873bda69a3,0x114f4fb76cbdb67331b6dcb422d6be63fedd50b7ff935cab3845bd14950b1a50
126,818.445,2.000100504234,0xbcc67465f3ec642c17580691fdf7494a0316707b,2017-11-01T02:52:56.000Z,0.0024437812,0xbcc67465f3ec642c17580691fdf7494a0316707b,buy,0xa89b5934863447f6e4fc53b315a93e873bda69a3,0xaed74849d229d4cb44613c26643fd0d34cbcf09c5dd37930280d5be577712938
127,700.299,1.7113775305788,0xbcc67465f3ec642c17580691fdf7494a0316707b,2017-11-01T02:52:56.000Z,0.0024437812,0xbcc67465f3ec642c17580691fdf7494a0316707b,buy,0xa89b5934863447f6e4fc53b315a93e873bda69a3,0x6bfc60499503c061077e35fb84c678e9af2761bcba3cfde8da599a9fd660d34d
128,657.771,1.6074484037052,0xbcc67465f3ec642c17580691fdf7494a0316707b,2017-11-01T02:52:41.000Z,0.0024437812,0xbcc67465f3ec642c17580691fdf7494a0316707b,buy,0xa89b5934863447f6e4fc53b315a93e873bda69a3,0xfadda536289a257ea3895ba5ebe7cf2df789a083ad9fab1c0071b762c90e99c7
129,766.415,1.872950568398,0xbcc67465f3ec642c17580691fdf7494a0316707b,2017-11-01T02:51:04.000Z,0.0024437812,0xbcc67465f3ec642c17580691fdf7494a0316707b,buy,0xa89b5934863447f6e4fc53b315a93e873bda69a3,0x67642f912552c4060136be741e76d42c4f604014b5ea403035f8512cc056ad21
130,592.492,1.4479208107504,0xbcc67465f3ec642c17580691fdf7494a0316707b,2017-11-01T02:39:33.000Z,0.0024437812,0xbcc67465f3ec642c17580691fdf7494a0316707b,buy,0xa89b5934863447f6e4fc53b315a93e873bda69a3,0x80a357e565968b130c163b68cfb948524905f990aaca665c90e097b242a0bbdd
131,714.299,1.7455904673788,0xbcc67465f3ec642c17580691fdf7494a0316707b,2017-11-01T02:39:33.000Z,0.0024437812,0xbcc67465f3ec642c17580691fdf7494a0316707b,buy,0xa89b5934863447f6e4fc53b315a93e873bda69a3,0xe663130544ad22513c322e4ca9dc7a9305cb9395db991a35f2d992ffad9d0a83
132,687.359,1.6797550018508,0xbcc67465f3ec642c17580691fdf7494a0316707b,2017-11-01T02:39:33.000Z,0.0024437812,0xbcc67465f3ec642c17580691fdf7494a0316707b,buy,0xa89b5934863447f6e4fc53b315a93e873bda69a3,0x24300d8e505dce3fe06d158d56bee862baf39921114f7a392e76b39fdf3ca952
133,740.266,1.8090481337992,0xbcc67465f3ec642c17580691fdf7494a0316707b,2017-11-01T02:39:33.000Z,0.0024437812,0xbcc67465f3ec642c17580691fdf7494a0316707b,buy,0xa89b5934863447f6e4fc53b315a93e873bda69a3,0x98caafcac6d78c401d5faaf98c7d644201904197d4643f167523ef168fb5a6b7
134,717.449,1.7532883781588,0xbcc67465f3ec642c17580691fdf7494a0316707b,2017-11-01T02:39:28.000Z,0.0024437812,0xbcc67465f3ec642c17580691fdf7494a0316707b,buy,0xa89b5934863447f6e4fc53b315a93e873bda69a3,0x856b7e0b9f27f483168009be60349afe01c3acc9ecc7756ede2c37dd8d35c831
135,677.414,1.6554515978168,0xbcc67465f3ec642c17580691fdf7494a0316707b,2017-11-01T02:39:28.000Z,0.0024437812,0xbcc67465f3ec642c17580691fdf7494a0316707b,buy,0xa89b5934863447f6e4fc53b315a93e873bda69a3,0x64061b70d146eb9186ef1560f0c36a6fa9564af53f4089292409779e6c926ae5
136,651.493,1.5921063453316,0xbcc67465f3ec642c17580691fdf7494a0316707b,2017-11-01T02:38:01.000Z,0.0024437812,0xbcc67465f3ec642c17580691fdf7494a0316707b,buy,0xa89b5934863447f6e4fc53b315a93e873bda69a3,0x408b058d788c51a9c923b688123472a10a0228bae7544284af9f3fb908c33c8b
137,568.224,1.3886151285888,0xbcc67465f3ec642c17580691fdf7494a0316707b,2017-11-01T02:34:41.000Z,0.0024437812,0xbcc67465f3ec642c17580691fdf7494a0316707b,buy,0xa89b5934863447f6e4fc53b315a93e873bda69a3,0xb40dcb0b35c0556a3a4d903a0837fe204b4ab785119b958ecadbeb21816ad898
138,845.603,2.066108318065,0xbcc67465f3ec642c17580691fdf7494a0316707b,2017-11-01T02:32:59.000Z,0.002443355,0xbcc67465f3ec642c17580691fdf7494a0316707b,buy,0xa89b5934863447f6e4fc53b315a93e873bda69a3,0x53222e5f89c0bff1871acb06a215231d9188dd2ca783282e7c31a2e42cc24c87
139,587.551,1.435595673605,0xbcc67465f3ec642c17580691fdf7494a0316707b,2017-11-01T02:32:00.000Z,0.002443355,0xbcc67465f3ec642c17580691fdf7494a0316707b,buy,0xa89b5934863447f6e4fc53b315a93e873bda69a3,0xa37532584c3d1efe194fae73c9a34ba9fe52e8e51166e4d32bbeea0bbf3ccf89
140,561.665,1.372346986075,0xbcc67465f3ec642c17580691fdf7494a0316707b,2017-11-01T02:32:00.000Z,0.002443355,0xbcc67465f3ec642c17580691fdf7494a0316707b,buy,0xa89b5934863447f6e4fc53b315a93e873bda69a3,0xbca819473231f9f4f2b47d93dc20da91a69e42aae18b263a85beec70af06fe5d
141,533.142,1.30265517141,0xbcc67465f3ec642c17580691fdf7494a0316707b,2017-11-01T02:29:46.000Z,0.002443355,0xbcc67465f3ec642c17580691fdf7494a0316707b,buy,0xa89b5934863447f6e4fc53b315a93e873bda69a3,0x5cff26bf358027759753537679fcd5144f5ad1234ae4d2a722cd3d2698abad2a
142,503.224,1.22955487652,0xbcc67465f3ec642c17580691fdf7494a0316707b,2017-11-01T02:28:55.000Z,0.002443355,0xbcc67465f3ec642c17580691fdf7494a0316707b,buy,0xa89b5934863447f6e4fc53b315a93e873bda69a3,0xddb4fbf120ce912e1fe2addcbc04860164e32c7d0e7d4e21f1b2f84a440670d4
143,488.414,1.19336878897,0xbcc67465f3ec642c17580691fdf7494a0316707b,2017-11-01T02:14:21.000Z,0.002443355,0xbcc67465f3ec642c17580691fdf7494a0316707b,buy,0xa89b5934863447f6e4fc53b315a93e873bda69a3,0x8e9aa4ed1f809428a0384993c44ff26e8ad88676fe6c9af47c1b2771b258f117
144,533.388,1.30325623674,0xbcc67465f3ec642c17580691fdf7494a0316707b,2017-11-01T02:14:21.000Z,0.002443355,0xbcc67465f3ec642c17580691fdf7494a0316707b,buy,0xa89b5934863447f6e4fc53b315a93e873bda69a3,0xf508360831fbdb66cd571f469629697569a6c95017befd773d6aedfe7972fa0c
145,715.491,1.748198512305,0xbcc67465f3ec642c17580691fdf7494a0316707b,2017-11-01T02:13:39.000Z,0.002443355,0xbcc67465f3ec642c17580691fdf7494a0316707b,buy,0xa89b5934863447f6e4fc53b315a93e873bda69a3,0x607f60f4fcdc94272b2fd411eedb3de77bb42212c0b33c8abcadec59c12b0b1c
146,715.491,1.748198512305,0xbcc67465f3ec642c17580691fdf7494a0316707b,2017-11-01T02:13:12.000Z,0.002443355,0xbcc67465f3ec642c17580691fdf7494a0316707b,buy,0xa89b5934863447f6e4fc53b315a93e873bda69a3,0x607f60f4fcdc94272b2fd411eedb3de77bb42212c0b33c8abcadec59c12b0b1c
147,636.867,1.556092168785,0xbcc67465f3ec642c17580691fdf7494a0316707b,2017-11-01T02:12:48.000Z,0.002443355,0xbcc67465f3ec642c17580691fdf7494a0316707b,buy,0xa89b5934863447f6e4fc53b315a93e873bda69a3,0xe34eae322601c4c5824f81c17c2b2ed2733338660e5919ef628dee3087206aa9
148,508.668,1.24285650114,0xbcc67465f3ec642c17580691fdf7494a0316707b,2017-11-01T02:12:41.000Z,0.002443355,0xbcc67465f3ec642c17580691fdf7494a0316707b,buy,0xa89b5934863447f6e4fc53b315a93e873bda69a3,0xc3a121c5f61b176dd6b2259239a5f1030d018b14eceed15dbcc4534ab2ee7891
149,581.331,1.420398005505,0xbcc67465f3ec642c17580691fdf7494a0316707b,2017-11-01T02:10:31.000Z,0.002443355,0xbcc67465f3ec642c17580691fdf7494a0316707b,buy,0xa89b5934863447f6e4fc53b315a93e873bda69a3,0x91ae02b8d8a77190502372b83fa0aed428976eba93363f3bb5a2df8ec1bdaf6e
150,677.516,1.65541210618,0xbcc67465f3ec642c17580691fdf7494a0316707b,2017-11-01T02:07:44.000Z,0.002443355,0xbcc67465f3ec642c17580691fdf7494a0316707b,buy,0xa89b5934863447f6e4fc53b315a93e873bda69a3,0x5d5abd4b10464f1fc197557ef6292e85730604671abbeee8f8cf52c3322e8fbc
151,599.995,1.466000783225,0xbcc67465f3ec642c17580691fdf7494a0316707b,2017-11-01T02:07:13.000Z,0.002443355,0xbcc67465f3ec642c17580691fdf7494a0316707b,buy,0xa89b5934863447f6e4fc53b315a93e873bda69a3,0x6befe376b18720cf7d64205641608d66813eeb18e8d15b522d261b3b223e9837
152,600.155,1.466391720025,0xbcc67465f3ec642c17580691fdf7494a0316707b,2017-11-01T02:07:13.000Z,0.002443355,0xbcc67465f3ec642c17580691fdf7494a0316707b,buy,0xa89b5934863447f6e4fc53b315a93e873bda69a3,0x1f295161c774578b37654f8f02976a4337d51a7381d1411fe731a38eba0166da
153,530.677,1.296632301335,0xbcc67465f3ec642c17580691fdf7494a0316707b,2017-11-01T02:07:11.000Z,0.002443355,0xbcc67465f3ec642c17580691fdf7494a0316707b,buy,0xa89b5934863447f6e4fc53b315a93e873bda69a3,0x7fa9418476abca6b7f7f224a7c252e4e0b916fb1109f6b5b5522d07109956aab
154,534.101,1.304998348855,0xbcc67465f3ec642c17580691fdf7494a0316707b,2017-11-01T02:05:31.000Z,0.002443355,0xbcc67465f3ec642c17580691fdf7494a0316707b,buy,0xa89b5934863447f6e4fc53b315a93e873bda69a3,0x7d768fdb0685d716d1361bc9a8e5b106c45a078f079fd10aecc4e9b7fc2b4340
155,499.122,1.21953223431,0xbcc67465f3ec642c17580691fdf7494a0316707b,2017-11-01T02:05:12.000Z,0.002443355,0xbcc67465f3ec642c17580691fdf7494a0316707b,buy,0xa89b5934863447f6e4fc53b315a93e873bda69a3,0x0b6c2535c7bb02102eaa91b02a9385b9335b1b87ab0968fac85b5bc27909f951
156,561.339,1.371550452345,0xbcc67465f3ec642c17580691fdf7494a0316707b,2017-11-01T02:02:43.000Z,0.002443355,0xbcc67465f3ec642c17580691fdf7494a0316707b,buy,0xa89b5934863447f6e4fc53b315a93e873bda69a3,0xa5bbe29afaa8df0e1b53d1ee3b2417bf4e6e6fd486763c1c72597606c8acb973
157,568.038,1.387912239072,0xbcc67465f3ec642c17580691fdf7494a0316707b,2017-11-01T02:02:27.000Z,0.002443344,0xbcc67465f3ec642c17580691fdf7494a0316707b,buy,0xa89b5934863447f6e4fc53b315a93e873bda69a3,0x663c75c440f0d451f96614bb8b013f92147f3339655094f85ba4584698178da0
158,524.554,1.281665868576,0xbcc67465f3ec642c17580691fdf7494a0316707b,2017-11-01T01:59:53.000Z,0.002443344,0xbcc67465f3ec642c17580691fdf7494a0316707b,buy,0xa89b5934863447f6e4fc53b315a93e873bda69a3,0x4059074fd07c8c7ec895ea09446124acbacab1261e72e2f95b40bb9858d503d5
159,490.191,1.197705238704,0xbcc67465f3ec642c17580691fdf7494a0316707b,2017-11-01T01:58:24.000Z,0.002443344,0xbcc67465f3ec642c17580691fdf7494a0316707b,buy,0xa89b5934863447f6e4fc53b315a93e873bda69a3,0xd1a319ed167fd8ea49191e50c8ae1c9ff1126438f832d817c27ba9a7c65615ed
160,501.881,1.226267930064,0xbcc67465f3ec642c17580691fdf7494a0316707b,2017-11-01T01:56:44.000Z,0.002443344,0xbcc67465f3ec642c17580691fdf7494a0316707b,buy,0xa89b5934863447f6e4fc53b315a93e873bda69a3,0xffa08032377ba80135cf4d4fdf017b5b3bced299aae796f218604fd40536267f
161,426.562,1.03416331123,0xbcc67465f3ec642c17580691fdf7494a0316707b,2017-11-01T01:56:23.000Z,0.002424415,0xbcc67465f3ec642c17580691fdf7494a0316707b,buy,0xa89b5934863447f6e4fc53b315a93e873bda69a3,0xe6f7cf1b9750aca4f14215cb672011c9ea3e4a04eace6d86bc73db61ec4a5ca2
162,510.576,1.23784811304,0xbcc67465f3ec642c17580691fdf7494a0316707b,2017-11-01T01:55:27.000Z,0.002424415,0xbcc67465f3ec642c17580691fdf7494a0316707b,buy,0xa89b5934863447f6e4fc53b315a93e873bda69a3,0xac206b673b61cd685086c33adfb543895a62359881e96453f4be4eb92b9f9eba
163,566.343,1.373050464345,0xbcc67465f3ec642c17580691fdf7494a0316707b,2017-11-01T01:55:27.000Z,0.002424415,0xbcc67465f3ec642c17580691fdf7494a0316707b,buy,0xa89b5934863447f6e4fc53b315a93e873bda69a3,0xc9bc0180d60ed1587bff92b567db1b3c41754edca1c31c295d224251819ac446
164,419.292,1.01653781418,0xbcc67465f3ec642c17580691fdf7494a0316707b,2017-11-01T01:55:27.000Z,0.002424415,0xbcc67465f3ec642c17580691fdf7494a0316707b,buy,0xa89b5934863447f6e4fc53b315a93e873bda69a3,0xadfeb0c32a8c4153f283931048eeeda89ade5c7cae749fe431b5cd3f089b058a
165,1.354,0.003251223446,0xbcc67465f3ec642c17580691fdf7494a0316707b,2017-11-01T01:52:16.000Z,0.002401199,0xbcc67465f3ec642c17580691fdf7494a0316707b,buy,0xa89b5934863447f6e4fc53b315a93e873bda69a3,0x73873b8e5e8bb53c0b52a48729deab346e7053499f6af668ab8bd5cf3f54fb38
166,1,0.002401199,0xbcc67465f3ec642c17580691fdf7494a0316707b,2017-11-01T01:48:49.000Z,0.002401199,0xbcc67465f3ec642c17580691fdf7494a0316707b,buy,0xa89b5934863447f6e4fc53b315a93e873bda69a3,0x7abde5eeb222f67f1ec0f6278b576806f7698ee299a2b8f605b2e779840ac1f0
167,1,0.002401199,0xbcc67465f3ec642c17580691fdf7494a0316707b,2017-11-01T01:48:49.000Z,0.002401199,0xbcc67465f3ec642c17580691fdf7494a0316707b,buy,0xa89b5934863447f6e4fc53b315a93e873bda69a3,0x25a938c5c9c02899bcb3675f98f2beb03598da0b4c7426b241c4c8791608ba38
168,1,0.002401199,0xbcc67465f3ec642c17580691fdf7494a0316707b,2017-11-01T01:48:49.000Z,0.002401199,0xbcc67465f3ec642c17580691fdf7494a0316707b,buy,0xa89b5934863447f6e4fc53b315a93e873bda69a3,0xf2004001207eafc55bd48a2fb6034c412d2d9dbf4300afc8c31b9eaf6dc7e5da
169,1,0.002401199,0xbcc67465f3ec642c17580691fdf7494a0316707b,2017-11-01T01:47:30.000Z,0.002401199,0xbcc67465f3ec642c17580691fdf7494a0316707b,buy,0xa89b5934863447f6e4fc53b315a93e873bda69a3,0x23dc70708ac51740b14ad9d30bc029820f3b2f4a0a1ff05549dfa9b5bcd9c825
170,1,0.002401199,0xbcc67465f3ec642c17580691fdf7494a0316707b,2017-11-01T01:47:30.000Z,0.002401199,0xbcc67465f3ec642c17580691fdf7494a0316707b,buy,0xa89b5934863447f6e4fc53b315a93e873bda69a3,0xcb678bcb6c635c6893335141d69a4bdb6585d4b942baeb42eff358c58921c034
171,1,0.002401199,0xbcc67465f3ec642c17580691fdf7494a0316707b,2017-11-01T01:45:43.000Z,0.002401199,0xbcc67465f3ec642c17580691fdf7494a0316707b,buy,0xa89b5934863447f6e4fc53b315a93e873bda69a3,0xf79d387af03b0c2088515e21309ab37cae5d4365944c3d96a764ab470c7225b1
172,1,0.002401199,0xbcc67465f3ec642c17580691fdf7494a0316707b,2017-11-01T01:45:28.000Z,0.002401199,0xbcc67465f3ec642c17580691fdf7494a0316707b,buy,0xa89b5934863447f6e4fc53b315a93e873bda69a3,0x29ddf4c5d84f778f7714454850843c2af64c37c27bb3c9e24d80c392e938ab0f
173,1,0.002401199,0xbcc67465f3ec642c17580691fdf7494a0316707b,2017-11-01T01:45:18.000Z,0.002401199,0xbcc67465f3ec642c17580691fdf7494a0316707b,buy,0xa89b5934863447f6e4fc53b315a93e873bda69a3,0xcb56371fa7ed6f418716942f9ba1e8d6e0f56a2f2cb6fa198afb3652c30bde0b
174,1.016,0.002439618184,0xbcc67465f3ec642c17580691fdf7494a0316707b,2017-11-01T01:45:03.000Z,0.002401199,0xbcc67465f3ec642c17580691fdf7494a0316707b,buy,0xa89b5934863447f6e4fc53b315a93e873bda69a3,0x13645d3265e0ce7181d29464f00745a6787af494550a792c2f0242d4342bff50
175,1,0.002401199,0xbcc67465f3ec642c17580691fdf7494a0316707b,2017-11-01T01:44:09.000Z,0.002401199,0xbcc67465f3ec642c17580691fdf7494a0316707b,buy,0xa89b5934863447f6e4fc53b315a93e873bda69a3,0x311e4af7173fd67cf64d25ec9bd8aa619a0248967feb07851e018a1c8031dffd
176,1,0.002401199,0xbcc67465f3ec642c17580691fdf7494a0316707b,2017-11-01T01:44:01.000Z,0.002401199,0xbcc67465f3ec642c17580691fdf7494a0316707b,buy,0xa89b5934863447f6e4fc53b315a93e873bda69a3,0x1bba6968695ca283163d16a8a45b7a69230e4313ff0655e12288441e6fa33621
177,1,0.002401199,0xbcc67465f3ec642c17580691fdf7494a0316707b,2017-11-01T01:43:35.000Z,0.002401199,0xbcc67465f3ec642c17580691fdf7494a0316707b,buy,0xa89b5934863447f6e4fc53b315a93e873bda69a3,0x7ac8bb5df1f87ae3621a68051fd0f1717a3c875670cbaef23092afff067e540e
178,1,0.002401199,0xbcc67465f3ec642c17580691fdf7494a0316707b,2017-11-01T01:43:35.000Z,0.002401199,0xbcc67465f3ec642c17580691fdf7494a0316707b,buy,0xa89b5934863447f6e4fc53b315a93e873bda69a3,0xa19d917a92500bd16d53d6a0f3d93704524f13a4bad698089c3e7b0bc6a35572
179,1,0.002401199,0xbcc67465f3ec642c17580691fdf7494a0316707b,2017-11-01T01:43:35.000Z,0.002401199,0xbcc67465f3ec642c17580691fdf7494a0316707b,buy,0xa89b5934863447f6e4fc53b315a93e873bda69a3,0x5e93daffdce80c302220c794bcf9611ddea62ee8903f2f4c7d95189e59c914f7
180,1,0.002401199,0xbcc67465f3ec642c17580691fdf7494a0316707b,2017-11-01T01:43:35.000Z,0.002401199,0xbcc67465f3ec642c17580691fdf7494a0316707b,buy,0xa89b5934863447f6e4fc53b315a93e873bda69a3,0x0e8e81843b2ad31445922e973a8e8bffe64526767e9f29d3368d69fb02565ee7
181,1,0.002401199,0xbcc67465f3ec642c17580691fdf7494a0316707b,2017-11-01T01:43:35.000Z,0.002401199,0xbcc67465f3ec642c17580691fdf7494a0316707b,buy,0xa89b5934863447f6e4fc53b315a93e873bda69a3,0x8bf6233532edda6df129fc4c93068ba48aaebf88a6bc3ef8e9cda2816e79901b
182,1,0.002401199,0xbcc67465f3ec642c17580691fdf7494a0316707b,2017-11-01T01:21:39.000Z,0.002401199,0xbcc67465f3ec642c17580691fdf7494a0316707b,buy,0xa89b5934863447f6e4fc53b315a93e873bda69a3,0x93fdd7f0e7e9f4a59ce3ee60e46e334c68e80d538833a27bd0f01dab2b92b31b
183,1,0.002401199,0xbcc67465f3ec642c17580691fdf7494a0316707b,2017-11-01T01:21:34.000Z,0.002401199,0xbcc67465f3ec642c17580691fdf7494a0316707b,buy,0xa89b5934863447f6e4fc53b315a93e873bda69a3,0x7cc925f4082a1c7529fbc8cdd7ec4b1034716fdd1a7fbad23f1671dd43023cdc
184,1.009,0.002422809791,0xbcc67465f3ec642c17580691fdf7494a0316707b,2017-11-01T01:15:55.000Z,0.002401199,0xbcc67465f3ec642c17580691fdf7494a0316707b,buy,0xa89b5934863447f6e4fc53b315a93e873bda69a3,0xe5dd54c4f4e50caac950c70357f9b00ca12fe78b933f930ea51933d72c3b65c9
185,1.003,0.002408402597,0xbcc67465f3ec642c17580691fdf7494a0316707b,2017-11-01T01:15:25.000Z,0.002401199,0xbcc67465f3ec642c17580691fdf7494a0316707b,buy,0xa89b5934863447f6e4fc53b315a93e873bda69a3,0x04e32e98e3c48b4722bb8f507a04631863b224132e5534e4f2ec744fe87f260e
186,1.002,0.002406001398,0xbcc67465f3ec642c17580691fdf7494a0316707b,2017-11-01T01:14:55.000Z,0.002401199,0xbcc67465f3ec642c17580691fdf7494a0316707b,buy,0xa89b5934863447f6e4fc53b315a93e873bda69a3,0x6cd1f8b1376b0ad72332464d525152fb93a10e1aab7954985a2c527890ca7336
187,1.002,0.002406001398,0xbcc67465f3ec642c17580691fdf7494a0316707b,2017-11-01T01:14:41.000Z,0.002401199,0xbcc67465f3ec642c17580691fdf7494a0316707b,buy,0xa89b5934863447f6e4fc53b315a93e873bda69a3,0x1b21a9eab1b61c985a9e014b4e8c1ccae4608d37308f656c4ac10271ad778c2b
188,1.111,0.002667732089,0xbcc67465f3ec642c17580691fdf7494a0316707b,2017-11-01T01:08:20.000Z,0.002401199,0xbcc67465f3ec642c17580691fdf7494a0316707b,buy,0xa89b5934863447f6e4fc53b315a93e873bda69a3,0x0974d4b5be05507b4d5dab72747a0732bdad3a3232067c8fb11a69f1752b8b00
189,1,0.002401199,0xbcc67465f3ec642c17580691fdf7494a0316707b,2017-11-01T01:08:15.000Z,0.002401199,0xbcc67465f3ec642c17580691fdf7494a0316707b,buy,0xa89b5934863447f6e4fc53b315a93e873bda69a3,0x19cb3ed99bb7add9c969f30ec422dffdb4c7dc9a027356f4d222d83e0526f997
190,0,0,0x422d7c1f2f04e7582163d1381a436516f4de3c2a,2017-11-01T00:51:25.000Z,NaN,0x3f27c6e4bb86725d1e2dc7c6610b7ab6d6d3a345,buy,0xa89b5934863447f6e4fc53b315a93e873bda69a3,0x22c4a5f3f381b15254348c056058b3fad55fd7069d2046fee5537aad3e2745de
191,0,0,0x422d7c1f2f04e7582163d1381a436516f4de3c2a,2017-11-01T00:50:22.000Z,NaN,0x3f27c6e4bb86725d1e2dc7c6610b7ab6d6d3a345,buy,0xa89b5934863447f6e4fc53b315a93e873bda69a3,0x4f4a91f108f7227049ab64788a9522bc36e9a2921979572d87a0712c752a2dff
192,0,0,0x422d7c1f2f04e7582163d1381a436516f4de3c2a,2017-11-01T00:48:57.000Z,NaN,0x3f27c6e4bb86725d1e2dc7c6610b7ab6d6d3a345,buy,0xa89b5934863447f6e4fc53b315a93e873bda69a3,0x4b9e71978af05e2960372fa76979e06b4005b78d59b2b2f649fca01cf7ee9753
193,0,0,0x422d7c1f2f04e7582163d1381a436516f4de3c2a,2017-11-01T00:47:58.000Z,NaN,0x3f27c6e4bb86725d1e2dc7c6610b7ab6d6d3a345,buy,0xa89b5934863447f6e4fc53b315a93e873bda69a3,0xcfc8200339d52029903b22e1ec829dcb0f6de1ef8eb9cc69641c6a79a11f135e
194,1.211,0.002907851989,0xbcc67465f3ec642c17580691fdf7494a0316707b,2017-11-01T00:03:38.000Z,0.002401199,0xbcc67465f3ec642c17580691fdf7494a0316707b,buy,0xa89b5934863447f6e4fc53b315a93e873bda69a3,0x226a80f4735bffb4971057bb00fb6322e9aa518dbbe7b0585a30839428d980dd
195,1,0.002401199,0xbcc67465f3ec642c17580691fdf7494a0316707b,2017-11-01T00:03:21.000Z,0.002401199,0xbcc67465f3ec642c17580691fdf7494a0316707b,buy,0xa89b5934863447f6e4fc53b315a93e873bda69a3,0x3731c63495dae88d21df50e9d8f448a8a4a04f5cee8e573466fb084b6fca7c6f
196,1,0.002401199,0xbcc67465f3ec642c17580691fdf7494a0316707b,2017-11-01T00:02:58.000Z,0.002401199,0xbcc67465f3ec642c17580691fdf7494a0316707b,buy,0xa89b5934863447f6e4fc53b315a93e873bda69a3,0x4c93b856a77bd01818696ba6308dc5f59e298d99ad6c13cd08f8d515635f93ca
197,1,0.002401199,0xbcc67465f3ec642c17580691fdf7494a0316707b,2017-11-01T00:02:06.000Z,0.002401199,0xbcc67465f3ec642c17580691fdf7494a0316707b,buy,0xa89b5934863447f6e4fc53b315a93e873bda69a3,0x3f934884dd8912c03dfb1a2e905e7bc566b4cdaa2ed631dd3ce9fabc05f28498
198,8.471,0.020340666852,0xbcc67465f3ec642c17580691fdf7494a0316707b,2017-11-01T00:01:51.000Z,0.002401212,0xbcc67465f3ec642c17580691fdf7494a0316707b,buy,0xa89b5934863447f6e4fc53b315a93e873bda69a3,0xf6faa9874b7369c1485e6a5efb77ec8c8b44fff4b9c8f12303853ba01dfa4cdd
199,9.331,0.022405699841,0xbcc67465f3ec642c17580691fdf7494a0316707b,2017-10-31T23:57:37.000Z,0.002401211,0xbcc67465f3ec642c17580691fdf7494a0316707b,buy,0xa89b5934863447f6e4fc53b315a93e873bda69a3,0x590d3e09f2d97f015d18ea465973f86a4c613d5e768fc2ba4ce56213fff0af42
200,10.112,0.024280924288,0xbcc67465f3ec642c17580691fdf7494a0316707b,2017-10-31T23:54:24.000Z,0.002401199,0xbcc67465f3ec642c17580691fdf7494a0316707b,buy,0xa89b5934863447f6e4fc53b315a93e873bda69a3,0xb96ac139140a334b26dda208a85bd117ef8100d6ea6cc434477898675e08fc2d
201,13.354,0.032065611446,0xbcc67465f3ec642c17580691fdf7494a0316707b,2017-10-31T23:48:14.000Z,0.002401199,0xbcc67465f3ec642c17580691fdf7494a0316707b,buy,0xa89b5934863447f6e4fc53b315a93e873bda69a3,0x80e71bc0296168069e718553f4f0200bac05960109069f9e5ccfc82195291cd8
202,12.354,0.029664412446,0xbcc67465f3ec642c17580691fdf7494a0316707b,2017-10-31T23:48:04.000Z,0.002401199,0xbcc67465f3ec642c17580691fdf7494a0316707b,buy,0xa89b5934863447f6e4fc53b315a93e873bda69a3,0x86d94471e149a184055d2a7d0009b79d81ce4cc6788257e7789dec4451e9393d
203,11.354,0.027263213446,0xbcc67465f3ec642c17580691fdf7494a0316707b,2017-10-31T23:48:04.000Z,0.002401199,0xbcc67465f3ec642c17580691fdf7494a0316707b,buy,0xa89b5934863447f6e4fc53b315a93e873bda69a3,0x68d9016820b6146b866fc66446229336824ad788d5700fa46ea6b735b2cfe442
204,10.354,0.024862014446,0xbcc67465f3ec642c17580691fdf7494a0316707b,2017-10-31T23:48:04.000Z,0.002401199,0xbcc67465f3ec642c17580691fdf7494a0316707b,buy,0xa89b5934863447f6e4fc53b315a93e873bda69a3,0x57c6d2649b4d31d4af68e83681d52058d22e55832c2ad93c4429c9e9c8f891cb
205,2741.101,6.576507082321,0xbcc67465f3ec642c17580691fdf7494a0316707b,2017-10-31T23:36:43.000Z,0.002399221,0xbcc67465f3ec642c17580691fdf7494a0316707b,buy,0xa89b5934863447f6e4fc53b315a93e873bda69a3,0x5557d456f525205053f9a2f6eb185931cb8fb09da4bab7496844d0adc9c411af
206,2611.222,6.180180171494,0xbcc67465f3ec642c17580691fdf7494a0316707b,2017-10-31T23:35:20.000Z,0.002366777,0xbcc67465f3ec642c17580691fdf7494a0316707b,buy,0xa89b5934863447f6e4fc53b315a93e873bda69a3,0x6f35c4d3494a82f02630b893cecab077cf1afce9c7857feeff3153a45cb21f5e
207,2555.444,5.914043605648,0xbcc67465f3ec642c17580691fdf7494a0316707b,2017-10-31T23:31:05.000Z,0.002314292,0xbcc67465f3ec642c17580691fdf7494a0316707b,buy,0xa89b5934863447f6e4fc53b315a93e873bda69a3,0xca4dd96113dbafd9fcdee17acf9f1d6af4df848c398d620832af8d545d6573ab
208,2500.124,5.732586822204,0xbcc67465f3ec642c17580691fdf7494a0316707b,2017-10-31T23:31:05.000Z,0.002292921,0xbcc67465f3ec642c17580691fdf7494a0316707b,buy,0xa89b5934863447f6e4fc53b315a93e873bda69a3,0xe1f123b20246e9268cda0667b4fdc1f51fbb5692aa1f971976cfcbf98508aa84
209,2566.999,6.020077281819,0xbcc67465f3ec642c17580691fdf7494a0316707b,2017-10-31T23:31:05.000Z,0.002345181,0xbcc67465f3ec642c17580691fdf7494a0316707b,buy,0xa89b5934863447f6e4fc53b315a93e873bda69a3,0xdf6bfd74ef1aab030e56085e1e7b6bedfda9624aca363f7b4c9bdad23de194bf
210,2388.99,5.45228437245,0xbcc67465f3ec642c17580691fdf7494a0316707b,2017-10-31T23:22:16.000Z,0.002282255,0xbcc67465f3ec642c17580691fdf7494a0316707b,buy,0xa89b5934863447f6e4fc53b315a93e873bda69a3,0x17053610becc00eb09279edae66e66f62d4e73e596a8d06ea9b920f57552022d
211,2311.225,5.249117857725,0xbcc67465f3ec642c17580691fdf7494a0316707b,2017-10-31T23:21:25.000Z,0.002271141,0xbcc67465f3ec642c17580691fdf7494a0316707b,buy,0xa89b5934863447f6e4fc53b315a93e873bda69a3,0x1f0da620c6b1cb609ae369cec6a16613242a0793f42f850d3d055109713d444c
212,2241.154,5.081175724956,0xbcc67465f3ec642c17580691fdf7494a0316707b,2017-10-31T23:21:25.000Z,0.002267214,0xbcc67465f3ec642c17580691fdf7494a0316707b,buy,0xa89b5934863447f6e4fc53b315a93e873bda69a3,0x6a8b73959931c15a280d1c77d546352a382f28cffee39834ef3af4b80da7be87
213,2139.884,4.813318117024,0xbcc67465f3ec642c17580691fdf7494a0316707b,2017-10-31T23:15:15.000Z,0.002249336,0xbcc67465f3ec642c17580691fdf7494a0316707b,buy,0xa89b5934863447f6e4fc53b315a93e873bda69a3,0x838fe2839c91f773058fc923d1fdc2ce976e91e3ef36c1300ffee691a97942b0
214,1633.941,3.487730395491,0xbcc67465f3ec642c17580691fdf7494a0316707b,2017-10-31T22:52:21.000Z,0.002134551,0xbcc67465f3ec642c17580691fdf7494a0316707b,buy,0xa89b5934863447f6e4fc53b315a93e873bda69a3,0xa5aef55132deb17b1d7dae7df0265944fed423cba2674d52001160926a260d59
215,1559.111,3.741727639121,0x060a5bb015049a8da0cbea7fbfa10a88f1d5b42b,2017-10-31T21:27:05.000Z,0.002399911,0x060a5bb015049a8da0cbea7fbfa10a88f1d5b42b,buy,0xa89b5934863447f6e4fc53b315a93e873bda69a3,0x61945eb28ece15c566eb2391f1a0770018a074502520ff138e56e6a62b205157
216,0.5,0.00105,0x68ca7fc4bfc3bb2a9cf6f45736dcadc2c427c5a0,2017-10-31T21:25:38.000Z,0.0021,0x3f27c6e4bb86725d1e2dc7c6610b7ab6d6d3a345,sell,0xa89b5934863447f6e4fc53b315a93e873bda69a3,0x58a128928e90ee51c196be2043bd7ef019c5e4065a0d57449f624da438436139
217,1313.733,3.069682978863,0x060a5bb015049a8da0cbea7fbfa10a88f1d5b42b,2017-10-31T20:38:10.000Z,0.002336611,0x060a5bb015049a8da0cbea7fbfa10a88f1d5b42b,buy,0xa89b5934863447f6e4fc53b315a93e873bda69a3,0xdbf6354f9be6b665f9de65d8110c7b9959e6d7d84912b875accce984aa4d715f
218,1299.999,2.932377844323,0x060a5bb015049a8da0cbea7fbfa10a88f1d5b42b,2017-10-31T20:32:30.000Z,0.002255677,0x060a5bb015049a8da0cbea7fbfa10a88f1d5b42b,buy,0xa89b5934863447f6e4fc53b315a93e873bda69a3,0xd88962dadfd90fbd1e3e19bc400fae7a05cb1f64dca991dd3c92fc010072c2b5
219,400,0.592,0xdcce32ecd82fb651983b10ba53bf3141a330c953,2017-10-31T20:27:40.000Z,0.00148,0x68ca7fc4bfc3bb2a9cf6f45736dcadc2c427c5a0,buy,0xa89b5934863447f6e4fc53b315a93e873bda69a3,0xeb2612c8c432203eddaf356ae54a38109ce41ae50c434c6b95e3cf0ae921290b
220,0.01,0.00001698,0xdcce32ecd82fb651983b10ba53bf3141a330c953,2017-10-31T20:16:10.000Z,0.001698,0x5d26ca4ee3be471a4c5eeccb3bac220603387c77,buy,0xa89b5934863447f6e4fc53b315a93e873bda69a3,0x6730d466cbf0ff9d2ed48c70447253c431b508061b6416c1b3468b7a1ed8d235
221,2211.336,5.603998649904,0x060a5bb015049a8da0cbea7fbfa10a88f1d5b42b,2017-10-31T20:15:56.000Z,0.002534214,0x060a5bb015049a8da0cbea7fbfa10a88f1d5b42b,buy,0xa89b5934863447f6e4fc53b315a93e873bda69a3,0xee5c5c5ff5bd770334866a92ae4f769ca31245bab223405ec529705c91edf9b0
222,2091.449,5.220767017556,0x060a5bb015049a8da0cbea7fbfa10a88f1d5b42b,2017-10-31T20:07:02.000Z,0.002496244,0x060a5bb015049a8da0cbea7fbfa10a88f1d5b42b,buy,0xa89b5934863447f6e4fc53b315a93e873bda69a3,0x901d22b57a2abbfb30fed210326b4f7158932857470ba8da10f601d0645b9511
223,2077.224,5.198753670984,0x060a5bb015049a8da0cbea7fbfa10a88f1d5b42b,2017-10-31T20:03:51.000Z,0.002502741,0x060a5bb015049a8da0cbea7fbfa10a88f1d5b42b,buy,0xa89b5934863447f6e4fc53b315a93e873bda69a3,0x392931210c436f5014afd3fb293d65d76e8eec62dbeba0f7aa19fc2697f92bb9
224,2043.229,5.074442993889,0x060a5bb015049a8da0cbea7fbfa10a88f1d5b42b,2017-10-31T19:59:47.000Z,0.002483541,0x060a5bb015049a8da0cbea7fbfa10a88f1d5b42b,buy,0xa89b5934863447f6e4fc53b315a93e873bda69a3,0x92b8dee935d852ff358456c79ad2879357dd2cbc5b6c7f2dc5c57232f0901e57
225,2013.114,4.97793770907,0x060a5bb015049a8da0cbea7fbfa10a88f1d5b42b,2017-10-31T19:59:21.000Z,0.002472755,0x060a5bb015049a8da0cbea7fbfa10a88f1d5b42b,buy,0xa89b5934863447f6e4fc53b315a93e873bda69a3,0x88e9a9088f0f20bbf2913b1b569ef6b60754aa6cb4754741ac7a643260e4f93a
226,2013.114,4.97793770907,0x060a5bb015049a8da0cbea7fbfa10a88f1d5b42b,2017-10-31T19:58:23.000Z,0.002472755,0x060a5bb015049a8da0cbea7fbfa10a88f1d5b42b,buy,0xa89b5934863447f6e4fc53b315a93e873bda69a3,0x88e9a9088f0f20bbf2913b1b569ef6b60754aa6cb4754741ac7a643260e4f93a
227,600,0.1270662,0x5d26ca4ee3be471a4c5eeccb3bac220603387c77,2017-10-31T19:54:53.000Z,0.000211777,0x060a5bb015049a8da0cbea7fbfa10a88f1d5b42b,sell,0xa89b5934863447f6e4fc53b315a93e873bda69a3,0x7184f70009ce894c6c5ccf69753dca8dd36bd80ec13284c2f1886035729d37bb
228,250,0.058,0x5d26ca4ee3be471a4c5eeccb3bac220603387c77,2017-10-31T19:51:28.000Z,0.000232,0x060a5bb015049a8da0cbea7fbfa10a88f1d5b42b,sell,0xa89b5934863447f6e4fc53b315a93e873bda69a3,0x5f86bf475c27e393e3cbf7caf8e13ff7bf88405686e5902a88d48bd705e3f604
229,50,0.011605,0x1d30014b275a7ecdd707885b80d72aab393b5254,2017-10-31T19:40:31.000Z,0.0002321,0x060a5bb015049a8da0cbea7fbfa10a88f1d5b42b,sell,0xa89b5934863447f6e4fc53b315a93e873bda69a3,0xbeb419017671e9392b1826d004cb06b60fdd599d5ea4639dc2dd5695a07bd805
230,866,0.200999466,0x3f27c6e4bb86725d1e2dc7c6610b7ab6d6d3a345,2017-10-31T19:37:29.000Z,0.000232101,0x060a5bb015049a8da0cbea7fbfa10a88f1d5b42b,sell,0xa89b5934863447f6e4fc53b315a93e873bda69a3,0x46c9b4b6180740d4fef4d6c2980dc2c42be1606af60f9028f207c42f346906fa
231,2055.776,5.113923708288,0x060a5bb015049a8da0cbea7fbfa10a88f1d5b42b,2017-10-31T18:39:49.000Z,0.002487588,0x060a5bb015049a8da0cbea7fbfa10a88f1d5b42b,buy,0xa89b5934863447f6e4fc53b315a93e873bda69a3,0xa693848e198c4a156b9010614730fc1eeff3c322464ab4a3da169c2ace9f716d
232,2021.561,5.022208466642,0x060a5bb015049a8da0cbea7fbfa10a88f1d5b42b,2017-10-31T18:35:57.000Z,0.002484322,0x060a5bb015049a8da0cbea7fbfa10a88f1d5b42b,buy,0xa89b5934863447f6e4fc53b315a93e873bda69a3,0xc6adb10f9bb13fc9fb3cc5e732989ef8dd9d6c1cd6be38303e8bcedbbaa25444
233,1577.533,3.901740764494,0x060a5bb015049a8da0cbea7fbfa10a88f1d5b42b,2017-10-31T18:33:22.000Z,0.002473318,0x060a5bb015049a8da0cbea7fbfa10a88f1d5b42b,buy,0xa89b5934863447f6e4fc53b315a93e873bda69a3,0x0a48899a3917ecad298347421ad473df107e5bed16a023edea2511e704c33f75
234,2011.499,4.973026966201,0x060a5bb015049a8da0cbea7fbfa10a88f1d5b42b,2017-10-31T16:58:54.000Z,0.002472299,0x060a5bb015049a8da0cbea7fbfa10a88f1d5b42b,buy,0xa89b5934863447f6e4fc53b315a93e873bda69a3,0x717011a7c1872c8d49d71dd8da627b6731f6947666def2afb1b0a6ae9c56a3fc
235,1977.888,4.79307532704,0x060a5bb015049a8da0cbea7fbfa10a88f1d5b42b,2017-10-31T16:52:38.000Z,0.00242333,0x060a5bb015049a8da0cbea7fbfa10a88f1d5b42b,buy,0xa89b5934863447f6e4fc53b315a93e873bda69a3,0x750be7a4e9e453c304d99d80a6d5678f55753df4d3cb5bd9557985eb8e811fba
236,1722.664,4.12438492216,0x060a5bb015049a8da0cbea7fbfa10a88f1d5b42b,2017-10-31T16:47:21.000Z,0.00239419,0x060a5bb015049a8da0cbea7fbfa10a88f1d5b42b,buy,0xa89b5934863447f6e4fc53b315a93e873bda69a3,0xe76698a153bd0ead9e3c9ab32cff29c8678f04c48f6a702f6e5c9439cf1fdcc1
237,1431.261,3.41402980113,0x060a5bb015049a8da0cbea7fbfa10a88f1d5b42b,2017-10-31T16:44:29.000Z,0.00238533,0x060a5bb015049a8da0cbea7fbfa10a88f1d5b42b,buy,0xa89b5934863447f6e4fc53b315a93e873bda69a3,0x2aa9c8692e8ee01250568b74bfef80d7fde80a82bf2e6cea1592a6dc2c8ed498
238,1314.118,3.11987382616,0x060a5bb015049a8da0cbea7fbfa10a88f1d5b42b,2017-10-31T16:41:33.000Z,0.00237412,0x060a5bb015049a8da0cbea7fbfa10a88f1d5b42b,buy,0xa89b5934863447f6e4fc53b315a93e873bda69a3,0xc07ea89bdc276500b31e2f961736512174804a5b27b82a689397daacfec9b906
239,1671.123,4.133089919643,0x060a5bb015049a8da0cbea7fbfa10a88f1d5b42b,2017-10-31T16:38:04.000Z,0.002473241,0x060a5bb015049a8da0cbea7fbfa10a88f1d5b42b,buy,0xa89b5934863447f6e4fc53b315a93e873bda69a3,0x7a7923a60f7e06e31e53c835f17737e7178ceef18e209a792be38abbce48d8f9
240,1422.333,3.314018822004,0x060a5bb015049a8da0cbea7fbfa10a88f1d5b42b,2017-10-31T16:36:43.000Z,0.002329988,0x060a5bb015049a8da0cbea7fbfa10a88f1d5b42b,buy,0xa89b5934863447f6e4fc53b315a93e873bda69a3,0x0a2e83b32246d20ecb0a28922ae830fcd42c1fd94f5a45792340c7b982da008d
241,1555.505,3.491416525275,0x060a5bb015049a8da0cbea7fbfa10a88f1d5b42b,2017-10-31T16:36:43.000Z,0.002244555,0x060a5bb015049a8da0cbea7fbfa10a88f1d5b42b,buy,0xa89b5934863447f6e4fc53b315a93e873bda69a3,0xc57516ffaf9f0c03744910467fedf707b178c2105d31f1eff9412ee8624f677c
242,1615.219,3.573644578777,0x060a5bb015049a8da0cbea7fbfa10a88f1d5b42b,2017-10-31T16:34:48.000Z,0.002212483,0x060a5bb015049a8da0cbea7fbfa10a88f1d5b42b,buy,0xa89b5934863447f6e4fc53b315a93e873bda69a3,0x051dfb11c2425ae6927689b6a599882d923b94c957f9d43a3e71b7d06dc537ef
243,1774.313,3.910853773263,0x060a5bb015049a8da0cbea7fbfa10a88f1d5b42b,2017-10-31T16:34:40.000Z,0.002204151,0x060a5bb015049a8da0cbea7fbfa10a88f1d5b42b,buy,0xa89b5934863447f6e4fc53b315a93e873bda69a3,0x3593fddcf26c32bf97f93d19e158670147bd956b5ca6ffaad3e9005e884f803f
244,47,0.0112801128,0x429c7cf947d18c6e14660975ba5272621a618b36,2017-10-31T16:14:16.000Z,0.0002400024,0x060a5bb015049a8da0cbea7fbfa10a88f1d5b42b,sell,0xa89b5934863447f6e4fc53b315a93e873bda69a3,0xa1de9cd0e7b68608dbafc631fca7a3e39a7f414a5daf53f45b9b6aa4dc95fc5e
245,1000,0.25,0x68ca7fc4bfc3bb2a9cf6f45736dcadc2c427c5a0,2017-10-31T16:09:31.000Z,0.00025,0x060a5bb015049a8da0cbea7fbfa10a88f1d5b42b,sell,0xa89b5934863447f6e4fc53b315a93e873bda69a3,0x630d0e65d16e81a73f1bb4acc10e4b8ad82a6e24cca59da1d548c5df63896d85
246,1,0.00213,0x1d5321e125f6c7079a716705541c7b371ca79e69,2017-10-31T15:54:58.000Z,0.00213,0x68ca7fc4bfc3bb2a9cf6f45736dcadc2c427c5a0,buy,0xa89b5934863447f6e4fc53b315a93e873bda69a3,0x101c44f354353528a1a98f6dd8889bb2e5daf7336cbcd7288c8241447c75a4a3
247,0.9970089730807578,0.00259222333000997,0x68ca7fc4bfc3bb2a9cf6f45736dcadc2c427c5a0,2017-10-31T15:54:58.000Z,0.0026,0x1d5321e125f6c7079a716705541c7b371ca79e69,sell,0xa89b5934863447f6e4fc53b315a93e873bda69a3,0x101c44f354353528a1a98f6dd8889bb2e5daf7336cbcd7288c8241447c75a4a3
248,1334.892,3.285568344708,0x060a5bb015049a8da0cbea7fbfa10a88f1d5b42b,2017-10-31T15:34:26.000Z,0.002461299,0x060a5bb015049a8da0cbea7fbfa10a88f1d5b42b,buy,0xa89b5934863447f6e4fc53b315a93e873bda69a3,0x262c9f3d1f650f129c9d096f50b805ea9830c55871f2edb93f79e1688679e4f0
249,1556.441,3.815199541753,0x060a5bb015049a8da0cbea7fbfa10a88f1d5b42b,2017-10-31T15:32:31.000Z,0.002451233,0x060a5bb015049a8da0cbea7fbfa10a88f1d5b42b,buy,0xa89b5934863447f6e4fc53b315a93e873bda69a3,0x14df83b6cd5befc04b7add795f52ecbde467714940ce7807aa1e5916ad7d0550
250,1744.998,4.265083976646,0x060a5bb015049a8da0cbea7fbfa10a88f1d5b42b,2017-10-31T15:30:24.000Z,0.002444177,0x060a5bb015049a8da0cbea7fbfa10a88f1d5b42b,buy,0xa89b5934863447f6e4fc53b315a93e873bda69a3,0xa5ab359ddfa145c95d65288a9b79f510ceb915a3569846f13d382c8180874828
251,2051.333,4.970630121626,0x060a5bb015049a8da0cbea7fbfa10a88f1d5b42b,2017-10-31T15:27:25.000Z,0.002423122,0x060a5bb015049a8da0cbea7fbfa10a88f1d5b42b,buy,0xa89b5934863447f6e4fc53b315a93e873bda69a3,0xb17e8394d32e7d7c519c49b10fb94ddf29ce8b18641405e178d182244443c0bd
252,2019.212,4.828751653648,0x060a5bb015049a8da0cbea7fbfa10a88f1d5b42b,2017-10-31T15:24:45.000Z,0.002391404,0x060a5bb015049a8da0cbea7fbfa10a88f1d5b42b,buy,0xa89b5934863447f6e4fc53b315a93e873bda69a3,0xb886fe3819d08c63dadf09321d43b0a6c2a3132db9f1fd0675acf7c430512808
253,1000,0.230001,0x5cc2072740d99c150b6815eccc05c8b6bcd466b7,2017-10-31T15:20:31.000Z,0.000230001,0x060a5bb015049a8da0cbea7fbfa10a88f1d5b42b,sell,0xa89b5934863447f6e4fc53b315a93e873bda69a3,0x9c5d297dc839261e3e42ca58f824ced8fb2371a8d43a74a7fa6e5ff4f5113802
254,2629.713,0.617982555,0x68ca7fc4bfc3bb2a9cf6f45736dcadc2c427c5a0,2017-10-31T15:20:31.000Z,0.000235,0x060a5bb015049a8da0cbea7fbfa10a88f1d5b42b,sell,0xa89b5934863447f6e4fc53b315a93e873bda69a3,0xe349cbd70d02dfd4cc256fe6b94db9d14567c14d665d83408b6da09bce21d7bc
255,1,0.0022,0x0b773d7819259d78757b26dc4148812d35676d8f,2017-10-31T14:03:19.000Z,0.0022,0x7eb0af29068078ae05dda80d5a537d8e984a2a36,buy,0xa89b5934863447f6e4fc53b315a93e873bda69a3,0x38d9b7af3e951a839047676b1ed58e073ae65c973a8f53c1a31efd1e7f4668b0
256,0.22727272727272727,0.0005,0x42c24a83bded723edfdf5883bc7efb30bc1a1bf3,2017-10-31T05:57:03.000Z,0.0022,0x7eb0af29068078ae05dda80d5a537d8e984a2a36,buy,0xa89b5934863447f6e4fc53b315a93e873bda69a3,0x7a00b538d8908714a8491cf9229416af67ee60b6747c07122a8bfb32f3b8caa0
257,0.22727272727272727,0.0005,0x34f9560c63078eb61872a4dc2ccd20e21c34feaf,2017-10-31T05:51:16.000Z,0.0022,0x7eb0af29068078ae05dda80d5a537d8e984a2a36,buy,0xa89b5934863447f6e4fc53b315a93e873bda69a3,0xe0cc6486ff8434206bbbcf2f5e30898a83c10a68332d31a04db696f210f2af0f
258,0.22727272727272727,0.0005,0xf9695cd65d6dfdf257fab76a3eb0cb8f001971cc,2017-10-31T05:48:22.000Z,0.0022,0x7eb0af29068078ae05dda80d5a537d8e984a2a36,buy,0xa89b5934863447f6e4fc53b315a93e873bda69a3,0xa60a34fad5a15f64459a389ac722fff51112237eef0d9a258ef4eec90c344734
259,10,0.02399999,0x0985a7680281636e656a0aa7bd974a4f06ef075b,2017-10-30T23:04:30.000Z,0.002399999,0xa0f395169d9da84897a265ff6aff72aeb29eed3d,buy,0xa89b5934863447f6e4fc53b315a93e873bda69a3,0xb0bf2c53898cf7c92943d3bb214b59c3f91c7e1a3a4bb5c003d4903deaec6f04
260,10,0.02399999,0x0985a7680281636e656a0aa7bd974a4f06ef075b,2017-10-30T23:04:25.000Z,0.002399999,0xa0f395169d9da84897a265ff6aff72aeb29eed3d,buy,0xa89b5934863447f6e4fc53b315a93e873bda69a3,0xb0bf2c53898cf7c92943d3bb214b59c3f91c7e1a3a4bb5c003d4903deaec6f04
261,240.23896359533035,0.05525496162692598,0x060a5bb015049a8da0cbea7fbfa10a88f1d5b42b,2017-10-30T05:09:50.000Z,0.00022999999999999998,0x70e809457dd72f37053f640fcb44741c2b295514,sell,0xa89b5934863447f6e4fc53b315a93e873bda69a3,0x5d7d89263875a542d103def65a4650e532ecaa7edfd4ae4b967501e271d65144
262,200,0.44,0x70e809457dd72f37053f640fcb44741c2b295514,2017-10-30T05:08:53.000Z,0.0022,0x7eb0af29068078ae05dda80d5a537d8e984a2a36,buy,0xa89b5934863447f6e4fc53b315a93e873bda69a3,0x403791d40de73fe680fdf9f6d7d96ffd85df0bec6e07a08f2a03076b589803d0
263,40.95888720444821,0.08201197984946665,0x70e809457dd72f37053f640fcb44741c2b295514,2017-10-30T05:07:59.000Z,0.0020023,0x7eb0af29068078ae05dda80d5a537d8e984a2a36,buy,0xa89b5934863447f6e4fc53b315a93e873bda69a3,0x1e7e407cb86376a427ff7a6e552ecc267f53f8e733144a330899e7a2e904846a
264,248.17178027669405,0.05707950946363963,0x060a5bb015049a8da0cbea7fbfa10a88f1d5b42b,2017-10-30T04:28:46.000Z,0.00022999999999999998,0x70e809457dd72f37053f640fcb44741c2b295514,sell,0xa89b5934863447f6e4fc53b315a93e873bda69a3,0xcb10a7741814765a9fd8ae89cbaacee3f7114d7b07cbbca7c5544e525b65ddc4
265,248.9411127955518,0.49845479015053334,0x70e809457dd72f37053f640fcb44741c2b295514,2017-10-30T04:27:00.000Z,0.0020023,0x7eb0af29068078ae05dda80d5a537d8e984a2a36,buy,0xa89b5934863447f6e4fc53b315a93e873bda69a3,0xe3c7310bb765dde75fcfe30c64c11e13582881a79e281b65db2b54d1f86f4c14
266,1933.011,4.958410975353,0x060a5bb015049a8da0cbea7fbfa10a88f1d5b42b,2017-10-30T03:35:14.000Z,0.002565123,0x060a5bb015049a8da0cbea7fbfa10a88f1d5b42b,buy,0xa89b5934863447f6e4fc53b315a93e873bda69a3,0x112d183df481a0d04d8d726851cf243bc7221a31efda223eb7a9b150913cca4f
267,1841.446,4.649947622806,0x060a5bb015049a8da0cbea7fbfa10a88f1d5b42b,2017-10-30T03:31:23.000Z,0.002525161,0x060a5bb015049a8da0cbea7fbfa10a88f1d5b42b,buy,0xa89b5934863447f6e4fc53b315a93e873bda69a3,0xd824b04e53fd3a6671c46b0ada8d33d75e91d755039b1ff81e536acd442e0766
268,1655.335,4.1418688261555,0x060a5bb015049a8da0cbea7fbfa10a88f1d5b42b,2017-10-30T03:24:45.000Z,0.0025021333,0x060a5bb015049a8da0cbea7fbfa10a88f1d5b42b,buy,0xa89b5934863447f6e4fc53b315a93e873bda69a3,0xa01788ae80cc4a02cc5855cdb0b734dcb8537e9b0aa547c3106ffac328ad175d
269,2022.998,5.0441670845764,0x060a5bb015049a8da0cbea7fbfa10a88f1d5b42b,2017-10-30T03:24:35.000Z,0.0024934118,0x060a5bb015049a8da0cbea7fbfa10a88f1d5b42b,buy,0xa89b5934863447f6e4fc53b315a93e873bda69a3,0xaaf7d8cfd9fcf349eba73b5805a4e1aa041e8f0339aead9c453721e001f37d72
270,2045.151,4.995119750571,0x060a5bb015049a8da0cbea7fbfa10a88f1d5b42b,2017-10-30T03:16:59.000Z,0.002442421,0x060a5bb015049a8da0cbea7fbfa10a88f1d5b42b,buy,0xa89b5934863447f6e4fc53b315a93e873bda69a3,0xe8a869ef7c69cf618e0e8045081bb46c924f6c9aff159a75d92a9bfa4c1e3ec9
271,2094.817,5.088964075904,0x060a5bb015049a8da0cbea7fbfa10a88f1d5b42b,2017-10-30T03:13:37.000Z,0.002429312,0x060a5bb015049a8da0cbea7fbfa10a88f1d5b42b,buy,0xa89b5934863447f6e4fc53b315a93e873bda69a3,0x041df5e3bf6192bd54839951e8ece4bacadc76761bcf1e25a4ce079ac51adb6b
272,1771.166,4.250738180356,0x060a5bb015049a8da0cbea7fbfa10a88f1d5b42b,2017-10-30T03:07:48.000Z,0.002399966,0x060a5bb015049a8da0cbea7fbfa10a88f1d5b42b,buy,0xa89b5934863447f6e4fc53b315a93e873bda69a3,0x3010f558c7b6fa98bbb818cbaa22e8d887cc86a81ffd0fb722e47da1fbaa0c20
273,1963.774,4.644608293456,0x060a5bb015049a8da0cbea7fbfa10a88f1d5b42b,2017-10-30T02:54:05.000Z,0.002365144,0x060a5bb015049a8da0cbea7fbfa10a88f1d5b42b,buy,0xa89b5934863447f6e4fc53b315a93e873bda69a3,0x8a2b5916fcd302a89724855975fdcfcc1c30fa25f5ef4354e696298368f677ce
274,2019.991,4.737133413866,0x060a5bb015049a8da0cbea7fbfa10a88f1d5b42b,2017-10-30T02:43:50.000Z,0.002345126,0x060a5bb015049a8da0cbea7fbfa10a88f1d5b42b,buy,0xa89b5934863447f6e4fc53b315a93e873bda69a3,0xc99c60d7b891d6d2e2d88ea3201d91c98205f2a7bde4f23d5555bac306b25334
275,1539.506,3.532244105906,0x060a5bb015049a8da0cbea7fbfa10a88f1d5b42b,2017-10-30T02:38:43.000Z,0.002294401,0x060a5bb015049a8da0cbea7fbfa10a88f1d5b42b,buy,0xa89b5934863447f6e4fc53b315a93e873bda69a3,0xfd0c6e655e6faa4eed7690ba21b898a10479bf4432124ddaecc3957e7be88a5f
276,1811.308,4.07970863034,0x060a5bb015049a8da0cbea7fbfa10a88f1d5b42b,2017-10-30T02:34:22.000Z,0.002252355,0x060a5bb015049a8da0cbea7fbfa10a88f1d5b42b,buy,0xa89b5934863447f6e4fc53b315a93e873bda69a3,0x9f89aa2355595a89f5fc8fb204d5cf38a8f0b16fcfafec762e1751805dc6d834
277,2309.111,5.153240709589,0x060a5bb015049a8da0cbea7fbfa10a88f1d5b42b,2017-10-30T01:11:52.000Z,0.002231699,0x060a5bb015049a8da0cbea7fbfa10a88f1d5b42b,buy,0xa89b5934863447f6e4fc53b315a93e873bda69a3,0x4cc64a54cafca3d8e51c5aaf631e3544fd3e07e4ab43e50c7d3b74f5ea88faf5
278,1288.134,2.839744216494,0x060a5bb015049a8da0cbea7fbfa10a88f1d5b42b,2017-10-30T01:08:18.000Z,0.002204541,0x060a5bb015049a8da0cbea7fbfa10a88f1d5b42b,buy,0xa89b5934863447f6e4fc53b315a93e873bda69a3,0xf70dc038e724323d1b701c9670d9e2292823c7937003f2a780af9e8db8306ea6
279,994.202,2.179620859064,0x060a5bb015049a8da0cbea7fbfa10a88f1d5b42b,2017-10-30T01:04:30.000Z,0.002192332,0x060a5bb015049a8da0cbea7fbfa10a88f1d5b42b,buy,0xa89b5934863447f6e4fc53b315a93e873bda69a3,0xfbcdbabe3c6f970fe7da90eeb17f55d5b43f98e4e2ea0baab11a498101b0813a
280,1677.246,3.645395223486,0x060a5bb015049a8da0cbea7fbfa10a88f1d5b42b,2017-10-30T01:00:32.000Z,0.002173441,0x060a5bb015049a8da0cbea7fbfa10a88f1d5b42b,buy,0xa89b5934863447f6e4fc53b315a93e873bda69a3,0x79c443fad0419c47c7415db07091ded763c222aef6835515f8458ff93d39c081
281,1491,3.207482439,0x060a5bb015049a8da0cbea7fbfa10a88f1d5b42b,2017-10-30T00:52:54.000Z,0.002151229,0x060a5bb015049a8da0cbea7fbfa10a88f1d5b42b,buy,0xa89b5934863447f6e4fc53b315a93e873bda69a3,0x8ac0f7581d3116d1cc84c0e286df3d509f6f0f181ba95f2ba7af08a221c6e422
282,1092,2.331220164,0x060a5bb015049a8da0cbea7fbfa10a88f1d5b42b,2017-10-30T00:50:21.000Z,0.002134817,0x060a5bb015049a8da0cbea7fbfa10a88f1d5b42b,buy,0xa89b5934863447f6e4fc53b315a93e873bda69a3,0x7fc9e5645f4216dc900ee25e92f08504522d4adcba83b3ffb40310dd16dbe14d
283,3,0.0060069,0x060a5bb015049a8da0cbea7fbfa10a88f1d5b42b,2017-10-29T15:04:34.000Z,0.0020023,0x7eb0af29068078ae05dda80d5a537d8e984a2a36,buy,0xa89b5934863447f6e4fc53b315a93e873bda69a3,0xe41342eb2b9fbec8030d64d5229e1f90e3352025db4553a12a35cc9093ac8765
284,0.1,0.00020023,0x6cdea8e07bf82d7a07dbf36642d6e5be8623845c,2017-10-29T12:42:42.000Z,0.0020023,0x7eb0af29068078ae05dda80d5a537d8e984a2a36,buy,0xa89b5934863447f6e4fc53b315a93e873bda69a3,0x1592b9c08244c0326b93a52ebaaeeed15c530d960bf0e1a9e745f4afb2a26d1a
285,8.034,0.0176748,0x060a5bb015049a8da0cbea7fbfa10a88f1d5b42b,2017-10-28T15:00:47.000Z,0.0022,0x7eb0af29068078ae05dda80d5a537d8e984a2a36,buy,0xa89b5934863447f6e4fc53b315a93e873bda69a3,0x4df71760d46025771c570e1d8e8799fdc9207c90c3b4c00cf5d39655dca57516
286,112.96562474510834,0.24852437443923836,0xa0f395169d9da84897a265ff6aff72aeb29eed3d,2017-10-23T22:21:17.000Z,0.0022,0x7eb0af29068078ae05dda80d5a537d8e984a2a36,buy,0xa89b5934863447f6e4fc53b315a93e873bda69a3,0x8525b07ec22c4c54fdecdc5833efa8fd354869a8b6c8b535ca59647532081592
287,50,0.11,0xa0f395169d9da84897a265ff6aff72aeb29eed3d,2017-10-23T21:56:32.000Z,0.0022,0x7eb0af29068078ae05dda80d5a537d8e984a2a36,buy,0xa89b5934863447f6e4fc53b315a93e873bda69a3,0x1af62668ee8b7c080cc7dae5273c8eba05564dd8637d6f028b1170a807c3ef7a
288,50,0.11,0xa0f395169d9da84897a265ff6aff72aeb29eed3d,2017-10-23T21:53:46.000Z,0.0022,0x7eb0af29068078ae05dda80d5a537d8e984a2a36,buy,0xa89b5934863447f6e4fc53b315a93e873bda69a3,0x9934a166d7f0988116a720606c207d1f7892e246fb436821099e52e12bebb202
289,50,0.11,0xa0f395169d9da84897a265ff6aff72aeb29eed3d,2017-10-23T21:53:36.000Z,0.0022,0x7eb0af29068078ae05dda80d5a537d8e984a2a36,buy,0xa89b5934863447f6e4fc53b315a93e873bda69a3,0xffdd9b28e0ba68cba3b76809bfeb237153fd2ea42779c590c2158c8c466b3e75
290,19,0.0418,0xa0f395169d9da84897a265ff6aff72aeb29eed3d,2017-10-23T21:53:21.000Z,0.0022,0x7eb0af29068078ae05dda80d5a537d8e984a2a36,buy,0xa89b5934863447f6e4fc53b315a93e873bda69a3,0xb07b7bd35beceb8978e3ed961afdb22bb3556d5ff44228e38b62eb51af89f7e8
291,1,0.0022,0x0249924245a19aa2d7f5ddb0739a7132b7d094ab,2017-10-23T16:35:30.000Z,0.0022,0x7eb0af29068078ae05dda80d5a537d8e984a2a36,buy,0xa89b5934863447f6e4fc53b315a93e873bda69a3,0x92f3118160a06a0046dd894e99dbd5111d2eab513663695ee841afd96c88558d
292,999.121,3.243287642061,0x060a5bb015049a8da0cbea7fbfa10a88f1d5b42b,2017-10-23T00:46:58.000Z,0.003246141,0x060a5bb015049a8da0cbea7fbfa10a88f1d5b42b,buy,0xa89b5934863447f6e4fc53b315a93e873bda69a3,0x415195bf26e87a3e2c5b92869861ee86f97db03a0aeb0dedee4084707b854e01
293,1000.981,3.249097240653,0x060a5bb015049a8da0cbea7fbfa10a88f1d5b42b,2017-10-23T00:41:40.000Z,0.003245913,0x060a5bb015049a8da0cbea7fbfa10a88f1d5b42b,buy,0xa89b5934863447f6e4fc53b315a93e873bda69a3,0x4ec02d3c8c7f7b7ddbd27a4e4fd7e540282e2df0e9b841bc9be80e2f58ee97ca
294,1022.222,3.215821478686,0x060a5bb015049a8da0cbea7fbfa10a88f1d5b42b,2017-10-23T00:38:37.000Z,0.003145913,0x060a5bb015049a8da0cbea7fbfa10a88f1d5b42b,buy,0xa89b5934863447f6e4fc53b315a93e873bda69a3,0x6eb4050cfb0d939b8d7bd2f380e7f7b243639c1b2b99b6175716034adc637b24
295,1088.118,3.276325474236,0x060a5bb015049a8da0cbea7fbfa10a88f1d5b42b,2017-10-23T00:35:44.000Z,0.003011002,0x060a5bb015049a8da0cbea7fbfa10a88f1d5b42b,buy,0xa89b5934863447f6e4fc53b315a93e873bda69a3,0x9c7b32f2b2ff181fd1271d8ebf3b3e91aeb75d63234d73486e2c2573658968a8
296,1009.442,2.960922529334,0x060a5bb015049a8da0cbea7fbfa10a88f1d5b42b,2017-10-23T00:33:52.000Z,0.002933227,0x060a5bb015049a8da0cbea7fbfa10a88f1d5b42b,buy,0xa89b5934863447f6e4fc53b315a93e873bda69a3,0x77aa3533992df55082e97ff8ea425052c58a63a3b03e8a6f5860935ba6998087
297,1113.299,3.218949309939,0x060a5bb015049a8da0cbea7fbfa10a88f1d5b42b,2017-10-23T00:32:16.000Z,0.002891361,0x060a5bb015049a8da0cbea7fbfa10a88f1d5b42b,buy,0xa89b5934863447f6e4fc53b315a93e873bda69a3,0x12e8f2c11650478a0372db0a13c15effddf2652d429fee4f3a3c63993df5cbc2
298,1071.889,3.040138744916,0x060a5bb015049a8da0cbea7fbfa10a88f1d5b42b,2017-10-23T00:30:06.000Z,0.002836244,0x060a5bb015049a8da0cbea7fbfa10a88f1d5b42b,buy,0xa89b5934863447f6e4fc53b315a93e873bda69a3,0x4170fecb8ebba8811c5e3468fb79c5963c51c19bd8fa7c4b7f1ecb216e36f35f
299,993.441,2.776799722653,0x060a5bb015049a8da0cbea7fbfa10a88f1d5b42b,2017-10-23T00:24:57.000Z,0.002795133,0x060a5bb015049a8da0cbea7fbfa10a88f1d5b42b,buy,0xa89b5934863447f6e4fc53b315a93e873bda69a3,0xf6fe88bba37e26ba4eb31db292426cfe6a922a3b185a8d41d7fa5d5392c75064
300,681.147,1.896509418336,0x060a5bb015049a8da0cbea7fbfa10a88f1d5b42b,2017-10-23T00:22:05.000Z,0.002784288,0x060a5bb015049a8da0cbea7fbfa10a88f1d5b42b,buy,0xa89b5934863447f6e4fc53b315a93e873bda69a3,0x899023272c60eccb2a98abdf8ca82647c2f81fafa5c77c571793e88a05306f66
301,1132.457,3.140428963727,0x060a5bb015049a8da0cbea7fbfa10a88f1d5b42b,2017-10-22T23:37:31.000Z,0.002773111,0x060a5bb015049a8da0cbea7fbfa10a88f1d5b42b,buy,0xa89b5934863447f6e4fc53b315a93e873bda69a3,0x654eb6c5695d4b2762935728b6b4d2a16bc663a3fb3dd0f23ffd3eb43df12a8f
302,1188.309,3.283834882668,0x060a5bb015049a8da0cbea7fbfa10a88f1d5b42b,2017-10-22T23:32:16.000Z,0.002763452,0x060a5bb015049a8da0cbea7fbfa10a88f1d5b42b,buy,0xa89b5934863447f6e4fc53b315a93e873bda69a3,0xb1e40e3e329040014116f8c844c220d4fa6d8d1f23845224baf681913fe94b86
303,1001.101,2.761267812331,0x060a5bb015049a8da0cbea7fbfa10a88f1d5b42b,2017-10-22T22:58:08.000Z,0.002758231,0x060a5bb015049a8da0cbea7fbfa10a88f1d5b42b,buy,0xa89b5934863447f6e4fc53b315a93e873bda69a3,0x88216305407f30617ada9f2bf5a152ee56ca70f535ce84814ecb0fe4896a247e
304,891.191,2.449008018247,0x060a5bb015049a8da0cbea7fbfa10a88f1d5b42b,2017-10-22T22:56:21.000Z,0.002748017,0x060a5bb015049a8da0cbea7fbfa10a88f1d5b42b,buy,0xa89b5934863447f6e4fc53b315a93e873bda69a3,0x9689453a26a12d047863fe74c63d94b857d4ed8bbee18dab5504b150de6309f4
305,641.091,1.729110897558,0x060a5bb015049a8da0cbea7fbfa10a88f1d5b42b,2017-10-22T22:53:38.000Z,0.002697138,0x060a5bb015049a8da0cbea7fbfa10a88f1d5b42b,buy,0xa89b5934863447f6e4fc53b315a93e873bda69a3,0x3879776a1fb3d883a18052eb19f70c9ec88239a9d223196ad47250f06a00814e
306,2,0.005248276,0x060a5bb015049a8da0cbea7fbfa10a88f1d5b42b,2017-10-21T15:45:28.000Z,0.002624138,0xcd628d8a3f87d101df0cee09fc400e2667202b6b,buy,0xa89b5934863447f6e4fc53b315a93e873bda69a3,0x141697e512460ab1390dd71a56f502255d19a05e7d60cb92e9e7e73cd5cadd0e
307,0.8,0.0020993096,0x1c41af6664365789956b7310fe0ff87090bd97b8,2017-10-21T15:24:53.000Z,0.002624137,0x7eb0af29068078ae05dda80d5a537d8e984a2a36,sell,0xa89b5934863447f6e4fc53b315a93e873bda69a3,0xe34920b1a217698f1ed9067f6791b03d2d3330a624597e3589d8f0c8ae976012
308,428.955,1.126624999155,0x060a5bb015049a8da0cbea7fbfa10a88f1d5b42b,2017-10-21T11:14:34.000Z,0.002626441,0x060a5bb015049a8da0cbea7fbfa10a88f1d5b42b,buy,0xa89b5934863447f6e4fc53b315a93e873bda69a3,0xbd6bef1302fb61f9b9c58aa4d1444b04cc4c906689b43165a602d09705f72845
309,1291.156,3.388170232372,0x060a5bb015049a8da0cbea7fbfa10a88f1d5b42b,2017-10-20T17:30:10.000Z,0.002624137,0x060a5bb015049a8da0cbea7fbfa10a88f1d5b42b,buy,0xa89b5934863447f6e4fc53b315a93e873bda69a3,0x8b973efdf6247e80ac9e352a11e5129eea7a49381e327fee117963676910acd2
310,1164.304,2.922299416944,0x060a5bb015049a8da0cbea7fbfa10a88f1d5b42b,2017-10-20T17:24:29.000Z,0.002509911,0x060a5bb015049a8da0cbea7fbfa10a88f1d5b42b,buy,0xa89b5934863447f6e4fc53b315a93e873bda69a3,0xb4c74ae62bd9249252a9d89b0979100fbd4d20a553b6a0d8f6fa3b5dbc7704d6
311,966.229,2.361791227631,0x060a5bb015049a8da0cbea7fbfa10a88f1d5b42b,2017-10-20T17:20:30.000Z,0.002444339,0x060a5bb015049a8da0cbea7fbfa10a88f1d5b42b,buy,0xa89b5934863447f6e4fc53b315a93e873bda69a3,0x586710354950174fb871e2b20065e6c6513c212b74ed9d94c240f28bf6747593
312,1045.229,2.594834299179,0x060a5bb015049a8da0cbea7fbfa10a88f1d5b42b,2017-10-20T15:55:34.000Z,0.002482551,0x060a5bb015049a8da0cbea7fbfa10a88f1d5b42b,buy,0xa89b5934863447f6e4fc53b315a93e873bda69a3,0x8e6376eaa7584a891e3d444b7706f5e147abd35a9836201901fcc0201f85cdef
313,954.443,2.379852080578,0x060a5bb015049a8da0cbea7fbfa10a88f1d5b42b,2017-10-20T15:49:23.000Z,0.002493446,0x060a5bb015049a8da0cbea7fbfa10a88f1d5b42b,buy,0xa89b5934863447f6e4fc53b315a93e873bda69a3,0x238827096f498e8d70c6f6ce2eda60f0cb7cf6dd3cd6806ab7fb624225546810
314,445.451,1.120100348481,0x060a5bb015049a8da0cbea7fbfa10a88f1d5b42b,2017-10-20T15:40:34.000Z,0.002514531,0x060a5bb015049a8da0cbea7fbfa10a88f1d5b42b,buy,0xa89b5934863447f6e4fc53b315a93e873bda69a3,0x779a30f263c4442e478fe66d98dfb8e414cf6d791738dc675a2221d813dbb09c
315,309.221,0.802061449673,0x060a5bb015049a8da0cbea7fbfa10a88f1d5b42b,2017-10-20T15:35:38.000Z,0.002593813,0x060a5bb015049a8da0cbea7fbfa10a88f1d5b42b,buy,0xa89b5934863447f6e4fc53b315a93e873bda69a3,0x2dedb6f18067eb58250f5f8599eeb68a815467e3d83176771ae4640b92ddd64b
316,219.817,0.574771116907,0x060a5bb015049a8da0cbea7fbfa10a88f1d5b42b,2017-10-20T15:32:29.000Z,0.002614771,0x060a5bb015049a8da0cbea7fbfa10a88f1d5b42b,buy,0xa89b5934863447f6e4fc53b315a93e873bda69a3,0x8783eabfbdc5ba2580ac333f69863e7523eef70961fc3fa8aaf29dd5132f4073
317,183.441,0.492354543354,0x060a5bb015049a8da0cbea7fbfa10a88f1d5b42b,2017-10-20T14:58:27.000Z,0.002683994,0x060a5bb015049a8da0cbea7fbfa10a88f1d5b42b,buy,0xa89b5934863447f6e4fc53b315a93e873bda69a3,0xa623bd0e926a5d33bf2eadacc2465d1e75707fb0028eae1217b1c7c8df348179
318,129.841,0.349556252267,0x060a5bb015049a8da0cbea7fbfa10a88f1d5b42b,2017-10-20T14:48:09.000Z,0.002692187,0x060a5bb015049a8da0cbea7fbfa10a88f1d5b42b,buy,0xa89b5934863447f6e4fc53b315a93e873bda69a3,0x6e999bacb879e9fbfc2752de8926d7314142f15dd64d29c59c994ed8fb1e2961
319,148.293,0.400620064392,0x060a5bb015049a8da0cbea7fbfa10a88f1d5b42b,2017-10-20T14:43:22.000Z,0.002701544,0x060a5bb015049a8da0cbea7fbfa10a88f1d5b42b,buy,0xa89b5934863447f6e4fc53b315a93e873bda69a3,0xd332dd684bb9ec2cd3183b08b4ca910ed3157e999d57f23c07c96c4f4c219212
320,239.814,0.664809493032,0x060a5bb015049a8da0cbea7fbfa10a88f1d5b42b,2017-10-20T14:35:06.000Z,0.002772188,0x060a5bb015049a8da0cbea7fbfa10a88f1d5b42b,buy,0xa89b5934863447f6e4fc53b315a93e873bda69a3,0xbd8eba1216d987b04337317d21409e9d7fcba16bb71af595206ba378435c985b
321,1131.661,3.136322640213,0x060a5bb015049a8da0cbea7fbfa10a88f1d5b42b,2017-10-20T14:24:27.000Z,0.002771433,0x060a5bb015049a8da0cbea7fbfa10a88f1d5b42b,buy,0xa89b5934863447f6e4fc53b315a93e873bda69a3,0x9371b3bbb11a8cec29bea3098a367e4b60f9d9f09b82b6fecf81be4b0b170ff5
322,1231.414,3.405367052568,0x060a5bb015049a8da0cbea7fbfa10a88f1d5b42b,2017-10-20T13:47:43.000Z,0.002765412,0x060a5bb015049a8da0cbea7fbfa10a88f1d5b42b,buy,0xa89b5934863447f6e4fc53b315a93e873bda69a3,0xab4017ce5a0795e62d157f3bb09a5549eedd351c9a4799a2d07d62da275e3739
323,1019.242,2.81853028744,0x060a5bb015049a8da0cbea7fbfa10a88f1d5b42b,2017-10-20T13:38:17.000Z,0.00276532,0x060a5bb015049a8da0cbea7fbfa10a88f1d5b42b,buy,0xa89b5934863447f6e4fc53b315a93e873bda69a3,0x7e99af1e5b20d929a4dc42ae112c55cd41785e35d2fa47480fb2c704df17f1c1
324,451.339,1.2461921129,0x060a5bb015049a8da0cbea7fbfa10a88f1d5b42b,2017-10-20T13:34:15.000Z,0.0027611,0x060a5bb015049a8da0cbea7fbfa10a88f1d5b42b,buy,0xa89b5934863447f6e4fc53b315a93e873bda69a3,0x5e219099686cb6b24f1f4a25df4c99dcb63f7c71d249a0cfea75d066af2f0856
325,309.52,0.855234712,0x060a5bb015049a8da0cbea7fbfa10a88f1d5b42b,2017-10-20T13:31:23.000Z,0.0027631,0x060a5bb015049a8da0cbea7fbfa10a88f1d5b42b,buy,0xa89b5934863447f6e4fc53b315a93e873bda69a3,0x63121186418b3047e288d5d5e8a8322dcbc7303eca9e2976c33fa51c7e12e9e8
326,748.349,2.08148784256,0x060a5bb015049a8da0cbea7fbfa10a88f1d5b42b,2017-10-20T12:03:27.000Z,0.00278144,0x060a5bb015049a8da0cbea7fbfa10a88f1d5b42b,buy,0xa89b5934863447f6e4fc53b315a93e873bda69a3,0xbd619838e3d0114cc4df246ebd439f90d41b42947fe2418493948d8667cab434
327,608,1.68416,0x060a5bb015049a8da0cbea7fbfa10a88f1d5b42b,2017-10-20T12:01:00.000Z,0.00277,0x060a5bb015049a8da0cbea7fbfa10a88f1d5b42b,buy,0xa89b5934863447f6e4fc53b315a93e873bda69a3,0xcf8d15bf4607db2a54cdb1f0302129fbbb972f1f72ea2dfbd21adaaa77f8dd8f
328,464,1.276,0x060a5bb015049a8da0cbea7fbfa10a88f1d5b42b,2017-10-20T11:55:51.000Z,0.00275,0x060a5bb015049a8da0cbea7fbfa10a88f1d5b42b,buy,0xa89b5934863447f6e4fc53b315a93e873bda69a3,0x1e3a80cbf847ea88c1c73dae87ad788e764ea547e48f64c43925e30b3069d1b5
329,515.2,1.411648,0x060a5bb015049a8da0cbea7fbfa10a88f1d5b42b,2017-10-20T11:52:12.000Z,0.00274,0x060a5bb015049a8da0cbea7fbfa10a88f1d5b42b,buy,0xa89b5934863447f6e4fc53b315a93e873bda69a3,0x8de24cd9c9313249ffd22e9b2950b8c9853e2e46e0da26cf752e2bd82860943a
330,500,1.355,0x060a5bb015049a8da0cbea7fbfa10a88f1d5b42b,2017-10-20T11:46:03.000Z,0.00271,0x060a5bb015049a8da0cbea7fbfa10a88f1d5b42b,buy,0xa89b5934863447f6e4fc53b315a93e873bda69a3,0xd826f7639518f770b0a6df285cad764427fed49923908e32838c61b72c6214cd
331,101.923,0.27213441,0x060a5bb015049a8da0cbea7fbfa10a88f1d5b42b,2017-10-20T11:41:00.000Z,0.00267,0x060a5bb015049a8da0cbea7fbfa10a88f1d5b42b,buy,0xa89b5934863447f6e4fc53b315a93e873bda69a3,0x3fdee56ed649ee2ec3943725d12d16bd0b0142c015b1bbcaaf08cc4f62f26eaa
332,63.344,0.1678616,0x060a5bb015049a8da0cbea7fbfa10a88f1d5b42b,2017-10-20T11:39:03.000Z,0.00265,0x060a5bb015049a8da0cbea7fbfa10a88f1d5b42b,buy,0xa89b5934863447f6e4fc53b315a93e873bda69a3,0x31533576ede6f042e351f5e6a4f5c734de088e77853dd131045dc82bd78eff9e
333,109.89,0.2890107,0x060a5bb015049a8da0cbea7fbfa10a88f1d5b42b,2017-10-20T11:36:00.000Z,0.00263,0x060a5bb015049a8da0cbea7fbfa10a88f1d5b42b,buy,0xa89b5934863447f6e4fc53b315a93e873bda69a3,0x7fab98389ec8847bd5c740b9c0225d6df764d7e3057f63975026595980120984
334,78.91,0.2043769,0x060a5bb015049a8da0cbea7fbfa10a88f1d5b42b,2017-10-20T11:33:50.000Z,0.00259,0x060a5bb015049a8da0cbea7fbfa10a88f1d5b42b,buy,0xa89b5934863447f6e4fc53b315a93e873bda69a3,0xdeb048a9b5cd3985ad75781361ed65eae1ccc68082b0d2800631cc837e12e681
335,51.384,0.12948768,0x060a5bb015049a8da0cbea7fbfa10a88f1d5b42b,2017-10-20T11:33:21.000Z,0.00252,0x060a5bb015049a8da0cbea7fbfa10a88f1d5b42b,buy,0xa89b5934863447f6e4fc53b315a93e873bda69a3,0xcafb2fb94d52f69462078d0b6e5e3beedbe7662b005af6d53e4fb672781ac43f
336,20,0.0490604,0x060a5bb015049a8da0cbea7fbfa10a88f1d5b42b,2017-10-20T11:28:19.000Z,0.00245302,0x060a5bb015049a8da0cbea7fbfa10a88f1d5b42b,buy,0xa89b5934863447f6e4fc53b315a93e873bda69a3,0x84a972f3832666fc775ef655130a29c949086d53dac81dff3de9aa1972ba7594
337,14.93,0.035832,0x060a5bb015049a8da0cbea7fbfa10a88f1d5b42b,2017-10-20T11:27:21.000Z,0.0024,0x060a5bb015049a8da0cbea7fbfa10a88f1d5b42b,buy,0xa89b5934863447f6e4fc53b315a93e873bda69a3,0xf48c60a8fcf30cbbbe71ff2a80d6f3feadf4394fa2a29ab897b1e26513119674
338,10,0.023,0x060a5bb015049a8da0cbea7fbfa10a88f1d5b42b,2017-10-20T11:26:30.000Z,0.0023,0x060a5bb015049a8da0cbea7fbfa10a88f1d5b42b,buy,0xa89b5934863447f6e4fc53b315a93e873bda69a3,0x34d50fabbe0ba8655ef476d211968ba9f1ce4af27df018ebbc6414a4bc20f80d
339,476,0.9996,0xb46d73ac9826bed58dbedb3a6cf02b2c53a748c1,2017-10-19T23:42:54.000Z,0.0021,0x060a5bb015049a8da0cbea7fbfa10a88f1d5b42b,buy,0xa89b5934863447f6e4fc53b315a93e873bda69a3,0xfcc0d2ebf35de32561ea83852379e88032b91aa96fd526529bc6eb07f49bc870
340,8072.1519914234395,1.614430398284688,0x7eb0af29068078ae05dda80d5a537d8e984a2a36,2017-10-19T20:18:21.000Z,0.0002,0x060a5bb015049a8da0cbea7fbfa10a88f1d5b42b,sell,0xa89b5934863447f6e4fc53b315a93e873bda69a3,0x8605074c553c09f4d1a943c913baf11e33072e254fe800d3183086be4524a939
341,10000,3,0x7eb0af29068078ae05dda80d5a537d8e984a2a36,2017-10-19T20:17:16.000Z,0.0003,0x060a5bb015049a8da0cbea7fbfa10a88f1d5b42b,sell,0xa89b5934863447f6e4fc53b315a93e873bda69a3,0x8bff2c200f216aa0f0f44ee6ff46f9b3f16127c540c5e2f8816aeff09158e00d
342,1,0.00245302,0x3ac636ac5c3a2576156ac5f10066ca68abe0ad54,2017-10-19T14:03:28.000Z,0.00245302,0x060a5bb015049a8da0cbea7fbfa10a88f1d5b42b,buy,0xa89b5934863447f6e4fc53b315a93e873bda69a3,0x917f0856a00517ccb2ae00e607156c222246ec3c92d95b5a51da90b7f2f6b332
343,4,0.0088,0x67c80cde9200e8fbdcbae68f4c28ab74d88db962,2017-10-19T13:49:28.000Z,0.0022,0x060a5bb015049a8da0cbea7fbfa10a88f1d5b42b,buy,0xa89b5934863447f6e4fc53b315a93e873bda69a3,0xff92e5688541b729f4fc0a7811f552a10ee1ac8b2387fa08faceb66b166215c4
344,2.5076263582893037,0.005015252716578607,0x060a5bb015049a8da0cbea7fbfa10a88f1d5b42b,2017-10-19T11:53:57.000Z,0.002,0x99990bcbe16d876bcc1c65e0a35f1ea1a270abe8,buy,0xa89b5934863447f6e4fc53b315a93e873bda69a3,0x26017bd6d05d6484438eed69c3f57bda43643c7613deb147dd06a66d822ab7eb
345,6,0.012,0x7aa6e2506316f6d613277d4f2f4e4e1dc55e528e,2017-10-19T11:47:21.000Z,0.002,0x99990bcbe16d876bcc1c65e0a35f1ea1a270abe8,buy,0xa89b5934863447f6e4fc53b315a93e873bda69a3,0xf8d167acf76220e21049081bb1e5e47aa3160d9cd7e55bec5cb12b39044f417e
346,5.982,0.0143568,0x060a5bb015049a8da0cbea7fbfa10a88f1d5b42b,2017-10-19T11:47:21.000Z,0.0024,0x7aa6e2506316f6d613277d4f2f4e4e1dc55e528e,sell,0xa89b5934863447f6e4fc53b315a93e873bda69a3,0xf8d167acf76220e21049081bb1e5e47aa3160d9cd7e55bec5cb12b39044f417e
347,11.5,0.02645,0x060a5bb015049a8da0cbea7fbfa10a88f1d5b42b,2017-10-19T11:45:32.000Z,0.0023,0x060a5bb015049a8da0cbea7fbfa10a88f1d5b42b,buy,0xa89b5934863447f6e4fc53b315a93e873bda69a3,0x208f0acb7d15823b0645b6b832076c8378ffc6ac1574f7a4e70d23b00dcf1ee0
348,10,0.022,0x060a5bb015049a8da0cbea7fbfa10a88f1d5b42b,2017-10-19T11:45:11.000Z,0.0022,0x060a5bb015049a8da0cbea7fbfa10a88f1d5b42b,buy,0xa89b5934863447f6e4fc53b315a93e873bda69a3,0xb671f2bb16917c4ea857b88dcb007b5077aebbf825738274707d42b817c15436
349,10,0.021,0x060a5bb015049a8da0cbea7fbfa10a88f1d5b42b,2017-10-19T11:43:14.000Z,0.0021,0x060a5bb015049a8da0cbea7fbfa10a88f1d5b42b,buy,0xa89b5934863447f6e4fc53b315a93e873bda69a3,0xd1e013f741e868d29e414bce49146fc5b85ef5a4fc5ec072ef2f75d3d133f101
350,8.417508418,0.01666666666764,0x5d5065b42bdee0274e394ba9042c21e1818c69cf,2017-10-19T11:39:09.000Z,0.00198,0x060a5bb015049a8da0cbea7fbfa10a88f1d5b42b,sell,0xa89b5934863447f6e4fc53b315a93e873bda69a3,0x1cfbc43bbedafb463eb189aeba50d60791d7dab217d9be7a6c037b49b3c23154
351,8.417508418,0.01666666666764,0x5d5065b42bdee0274e394ba9042c21e1818c69cf,2017-10-19T11:37:22.000Z,0.00198,0x060a5bb015049a8da0cbea7fbfa10a88f1d5b42b,sell,0xa89b5934863447f6e4fc53b315a93e873bda69a3,0x81b4d74f926a4391037c3c5f512824159fc85babd5d26e2afb5bea66c1dc4441
352,1.4923736417106965,0.002984747283421393,0x99990bcbe16d876bcc1c65e0a35f1ea1a270abe8,2017-10-19T10:46:41.000Z,0.002,0x99990bcbe16d876bcc1c65e0a35f1ea1a270abe8,buy,0xa89b5934863447f6e4fc53b315a93e873bda69a3,0x6d65fe64ccdbf3622c2a3bb6876ab959196a0e8aacc2a5890a5b1a48f5fa31b7
353,1,0.002,0x99990bcbe16d876bcc1c65e0a35f1ea1a270abe8,2017-10-18T14:31:56.000Z,0.002,0x99990bcbe16d876bcc1c65e0a35f1ea1a270abe8,buy,0xa89b5934863447f6e4fc53b315a93e873bda69a3,0x4fb2f983f7801bf82da90a726eb41d7578694b8ac4bce22b8355ee7cd3b9f052
354,1,0.0022,0xcd628d8a3f87d101df0cee09fc400e2667202b6b,2017-10-16T16:11:27.000Z,0.0022,0x060a5bb015049a8da0cbea7fbfa10a88f1d5b42b,sell,0xa89b5934863447f6e4fc53b315a93e873bda69a3,0xac0bbb890396a8bb4f2a081a17407a599b8480ae9c9cb7e5fb8b0afe7b123e67
355,1,0.0021,0x060a5bb015049a8da0cbea7fbfa10a88f1d5b42b,2017-10-16T16:02:28.000Z,0.0021,0x060a5bb015049a8da0cbea7fbfa10a88f1d5b42b,buy,0xa89b5934863447f6e4fc53b315a93e873bda69a3,0x680e4023b4f1c83dca63aebf44976c9e219b1f6cbc7650d61bdada7c33095554
356,1,0.0021,0xcd628d8a3f87d101df0cee09fc400e2667202b6b,2017-10-16T15:57:12.000Z,0.0021,0x060a5bb015049a8da0cbea7fbfa10a88f1d5b42b,sell,0xa89b5934863447f6e4fc53b315a93e873bda69a3,0x02a2863875e92bf01fed812521d6616c1bd90cfd0afde7d53211b44102eab883
357,5,0.01,0x060a5bb015049a8da0cbea7fbfa10a88f1d5b42b,2017-10-16T15:42:39.000Z,0.002,0x060a5bb015049a8da0cbea7fbfa10a88f1d5b42b,buy,0xa89b5934863447f6e4fc53b315a93e873bda69a3,0xaf5fdfa1c7207631abd4459e4159e103d363c7a0112e78f8e5c2b092010c29ad
