,amount,amountBase,buyer,date,price,seller,side,tokenAddr,txHash
0,67.79730517580725,0.0532886818681845,0x7d10bc73cc7bc1f67ff97280ee644b384ae92078,2017-11-02T14:29:57.000Z,0.000786,0xb425020c938069298f5fbd4ac89ee7d936627b14,sell,0x0a76aad21948ea1ef447d26dee91a54370e151e0,0x02f4d5a0d81dfd4def5c8f0773c719ec440bc0d843d7c7807b171eb32d415658
1,68,0.05304,0xb425020c938069298f5fbd4ac89ee7d936627b14,2017-11-02T14:23:04.000Z,0.00078,0xcbb13315d603cb0a311fd252e7ab0bfba96dfb22,buy,0x0a76aad21948ea1ef447d26dee91a54370e151e0,0x31385652845b57f2f8b324acb84ecd19f30c8cb900c2dac931b4bb65a1520bb4
2,106.34052978285509,0.0835836564093241,0x7d10bc73cc7bc1f67ff97280ee644b384ae92078,2017-11-02T14:23:04.000Z,0.000786,0xf492f7435fc7d50e6ab60447028e5ac215d8fda8,sell,0x0a76aad21948ea1ef447d26dee91a54370e151e0,0x3f8d4569be745a243d7ebcea13cc99ce249dfd8a9115ba22e088d63fab841597
3,25.23987836629833,0.019687105125712697,0x3d0d217074fa119d0225efa72ab866e2f2e9636f,2017-11-02T14:05:00.000Z,0.00078,0x3af666ba60c9fedb72ef25752de6009ea86525dd,sell,0x0a76aad21948ea1ef447d26dee91a54370e151e0,0x2c1b6d135a94a7c7d834be251761cc7db17d1e7029e621db3336964b0ab5e31a
4,6.66189233376485,0.005236247374339172,0x3d0d217074fa119d0225efa72ab866e2f2e9636f,2017-11-02T14:04:11.000Z,0.0007859999999999999,0x3af666ba60c9fedb72ef25752de6009ea86525dd,sell,0x0a76aad21948ea1ef447d26dee91a54370e151e0,0xbc8701f1eab9b3043a3cca4bd9783869f549a5be8c1fb81baa3efedfafb2f52d
5,32,0.02496,0x3af666ba60c9fedb72ef25752de6009ea86525dd,2017-11-02T14:03:12.000Z,0.00078,0xcbb13315d603cb0a311fd252e7ab0bfba96dfb22,buy,0x0a76aad21948ea1ef447d26dee91a54370e151e0,0x31463da606347e30745db733c00adf7e64dfd157c55fb6d675da688ff29c5718
6,170.15366245644805,0.08507683122822401,0x508e4a96dab9bd044d0bb654d623c4ef663dfc35,2017-11-02T11:50:42.000Z,0.0005,0x1c11a6a16da47d20886cc6bdaa929966f00bb5d5,sell,0x0a76aad21948ea1ef447d26dee91a54370e151e0,0x5cfb3a219dfdbb196e3ac0767ac2789f66113a668bc765a416bfb498c8e79679
7,1763.7583595326635,0.8818791797663317,0x508e4a96dab9bd044d0bb654d623c4ef663dfc35,2017-11-02T11:47:54.000Z,0.0005,0x5a8874db0a2b1de1a56d3cf4b9c746a754a2f8a5,sell,0x0a76aad21948ea1ef447d26dee91a54370e151e0,0x2ff4ee6693d2350083469b429b74b45bad8fc6783ee21c7a08eeb302b8af01e5
8,428.0347569191794,0.21401780649434662,0xca00b30899e98cea849b3a9eba36c3edb3ebd006,2017-11-02T11:43:14.000Z,0.000500001,0x1c11a6a16da47d20886cc6bdaa929966f00bb5d5,sell,0x0a76aad21948ea1ef447d26dee91a54370e151e0,0xdd4842334b951fb21f38eb213bdaa3f75fa1ace989d8a295b909c5e6df3a4559
9,598.14574818064,0.29907287409032,0x508e4a96dab9bd044d0bb654d623c4ef663dfc35,2017-11-02T11:14:16.000Z,0.0005,0xc27965c43470f05718f43ddc16d9f2696918b325,sell,0x0a76aad21948ea1ef447d26dee91a54370e151e0,0x7b39246caee89a64dd46449913eef3f40cc34fea4d83ebce6c924cee37a4e03d
10,71.96524308082057,0.03598269350565336,0xca00b30899e98cea849b3a9eba36c3edb3ebd006,2017-11-02T10:48:01.000Z,0.000500001,0xcdc2aa9baecaebfdf2a84ab42d37970f2e03d295,sell,0x0a76aad21948ea1ef447d26dee91a54370e151e0,0x60201717c96fb7fc9ff67302fd8ca0a036fa768d6352d85865b5655ecaaf0be1
11,0.5617977528089888,0.0005,0x4fda9e6bcd83af6c5cc771b5d20accc2b7720074,2017-11-02T10:24:50.000Z,0.00089,0x78a4cc57929c751652270ebad9970f5b84a2f884,buy,0x0a76aad21948ea1ef447d26dee91a54370e151e0,0xba401f086726038d4ce9ab53f9bb1d9c23a5f2e6104b207970b6ab4f5fe01d38
12,0.5617977528089888,0.0005,0x34f9560c63078eb61872a4dc2ccd20e21c34feaf,2017-11-02T10:20:39.000Z,0.00089,0x78a4cc57929c751652270ebad9970f5b84a2f884,buy,0x0a76aad21948ea1ef447d26dee91a54370e151e0,0x1fb932239296f6d5eec909e3d62ee290b6069547750f4a12ce20155bc363af01
13,0.5617977528089888,0.0005,0x3075f7f189912f4f425dd7021b9c396434197477,2017-11-02T10:09:18.000Z,0.00089,0x78a4cc57929c751652270ebad9970f5b84a2f884,buy,0x0a76aad21948ea1ef447d26dee91a54370e151e0,0x9f0d58dee24e02521ba0d426f5e6f2e5918046dca58dc3be5f9df355e92b948c
14,54.830026916558666,0.027415013458279333,0x508e4a96dab9bd044d0bb654d623c4ef663dfc35,2017-11-02T10:02:45.000Z,0.0005,0x1bfbf31ea19095c7dd2eea5df4de2cc85ad187d5,sell,0x0a76aad21948ea1ef447d26dee91a54370e151e0,0x9002d94e443770391f8501173273fe04e6aeffb7eefd59f4d62c5599b8f44583
15,924.3287984065693,0.46216439920328467,0x508e4a96dab9bd044d0bb654d623c4ef663dfc35,2017-11-02T09:53:21.000Z,0.0005,0xce0fa5acfb70be374a7bbb1b59fe5e1a7cbcc01d,sell,0x0a76aad21948ea1ef447d26dee91a54370e151e0,0xfa449f0bd4e06e39de8598f68f4b73b52fb4f5bc622a829f439e90434c766f24
16,271.9399624310771,0.18111201497909735,0xe770d2241601fa821bc172522bb2e53f19906ac2,2017-11-02T09:25:55.000Z,0.000666,0xce0fa5acfb70be374a7bbb1b59fe5e1a7cbcc01d,sell,0x0a76aad21948ea1ef447d26dee91a54370e151e0,0x3b58e0c1503737e138bc168e9b85d847fc1ec90f5e2c35b7d49bfd745962efe4
17,128.0600375689229,0.08528798502090265,0xe770d2241601fa821bc172522bb2e53f19906ac2,2017-11-02T08:37:49.000Z,0.000666,0x980c3fc0ba5c7a30723de509fb45eff811928965,sell,0x0a76aad21948ea1ef447d26dee91a54370e151e0,0x7f0aefaebc3f08449003f71b39e9b45f313c12c9ad4d4b5995c41830e2f9db87
18,470.1325785788768,0.3156,0x3514a3b157ab18834ea8bdb752f727a135a961ed,2017-11-02T08:35:53.000Z,0.0006713,0x980c3fc0ba5c7a30723de509fb45eff811928965,sell,0x0a76aad21948ea1ef447d26dee91a54370e151e0,0xd84ae8595ff40e52789a8a8abbdbeb381d636355c98b9b578911df3e42fa7894
19,400,0.3156,0xe770d2241601fa821bc172522bb2e53f19906ac2,2017-11-02T06:35:30.000Z,0.000789,0x3514a3b157ab18834ea8bdb752f727a135a961ed,sell,0x0a76aad21948ea1ef447d26dee91a54370e151e0,0xaa3ee9dc70a14fa7b4d725aef5818a9c4324ef30e9801f648990f96820b20201
20,70.42857142857143,0.0493,0xc85df2ab0e639741b3691010091ed1b2d14b6c96,2017-11-02T06:07:37.000Z,0.0007,0x508e4a96dab9bd044d0bb654d623c4ef663dfc35,sell,0x0a76aad21948ea1ef447d26dee91a54370e151e0,0x55829afeb039b997cd0e99a088449a4ba76d9147cb9e9f6824ea5e84e4ab45b9
21,2165.822,1.442437452,0x3cb319e3dc7432c795b70ffaa05e90ba46107305,2017-11-02T06:05:36.000Z,0.000666,0x508e4a96dab9bd044d0bb654d623c4ef663dfc35,sell,0x0a76aad21948ea1ef447d26dee91a54370e151e0,0x3c0d34a5b8202f3f43920874d317c866260cead4acb69c083e32ac24fa857048
22,501,0.3507,0xc85df2ab0e639741b3691010091ed1b2d14b6c96,2017-11-02T06:05:24.000Z,0.0007,0x508e4a96dab9bd044d0bb654d623c4ef663dfc35,sell,0x0a76aad21948ea1ef447d26dee91a54370e151e0,0xf24b1dfa1c51195e0a89a10e1958d9bdf03514f0467204f8f503946287177d06
23,211.38272506396,0.16678097007546444,0x6ea6f512533c3e2c31840912c9a6c415b0bf1379,2017-11-02T05:47:32.000Z,0.000789,0xdb3a3dff3180a9f045208b966b8e3d0070ae2372,buy,0x0a76aad21948ea1ef447d26dee91a54370e151e0,0xf02931dae70855b790913d03d68bc2071288a9094889ea679a0d8182d2ab2e2d
24,88.61727493603999,0.06991902992453555,0x9d0f536dc95cde0486a8708e1af01a6e4a60e9b2,2017-11-02T05:42:33.000Z,0.000789,0xdb3a3dff3180a9f045208b966b8e3d0070ae2372,buy,0x0a76aad21948ea1ef447d26dee91a54370e151e0,0x142c1c4971183b9eab7b70304ffef99d438ab200b9e951edfb7e1d88713fb3c4
25,249,0.196212,0x6ea6f512533c3e2c31840912c9a6c415b0bf1379,2017-11-02T05:38:27.000Z,0.000788,0x92d4c328ebe32b2826ffbb4aabcd69f58fe0a946,buy,0x0a76aad21948ea1ef447d26dee91a54370e151e0,0xc428fc6d07e30426c398be7c4f6a4d90f8aca76bd4e797f86865c7b5927c791f
26,1337.5319671544996,0.8907962901248968,0x3cb319e3dc7432c795b70ffaa05e90ba46107305,2017-11-02T05:22:16.000Z,0.000666,0x9dd88b1688123b181e09bb98554e31354e8ceb1b,sell,0x0a76aad21948ea1ef447d26dee91a54370e151e0,0xec285da6e54351cf37253056876759a7d92aa4e9654915e36b8e75b4a24d8e2f
27,198,0.089694,0x02f3f615dad26e296bec71632d7d3fdb702dae7c,2017-11-02T01:43:58.000Z,0.000453,0xbc046cdc98226d2f35a68f176b1a47e0dad404ec,sell,0x0a76aad21948ea1ef447d26dee91a54370e151e0,0xa660b1dc61be773a233eecd9dce7496901d93cc9165b8452ecae38066160bf8e
28,401.206,0.2298509174,0x5f6de78db62b1ad9744ef8f5d57183453dd3adbe,2017-11-02T01:39:50.000Z,0.0005729,0xbc046cdc98226d2f35a68f176b1a47e0dad404ec,sell,0x0a76aad21948ea1ef447d26dee91a54370e151e0,0x9e9deb4c2a1431137b57f0cc63cdc1a44aca0f3adf9670342ad6b73adfdc7c50
29,98.79373940783572,0.056598933306749075,0x5f6de78db62b1ad9744ef8f5d57183453dd3adbe,2017-11-02T01:15:01.000Z,0.0005729,0xc797fd12fad92902904554053ff62deaaf965833,sell,0x0a76aad21948ea1ef447d26dee91a54370e151e0,0xe2e521c527f43979c6ad9447db5573aad4c821079c9d2793a91606a960721e76
30,300,0.17187,0x5f6de78db62b1ad9744ef8f5d57183453dd3adbe,2017-11-02T01:14:05.000Z,0.0005729,0xc797fd12fad92902904554053ff62deaaf965833,sell,0x0a76aad21948ea1ef447d26dee91a54370e151e0,0xdca90f679e61b08b56e02acda85cc808672397721ccdd0364267ad0c6d6c9b7c
31,282.416,0.16824782978723407,0x13c3fd153e23ded7477e0817ad4d5754e2d67649,2017-11-02T00:26:57.000Z,0.0005957446808510639,0x908f1988b5a85cdaee7b229db6cf5f56869b0803,buy,0x0a76aad21948ea1ef447d26dee91a54370e151e0,0xba1e51b2fc958bd3adaca3e1ec8b4813d6d65b50d5bb617bcd19e23991dce775
32,249.22739507526668,0.1129000099690958,0x02f3f615dad26e296bec71632d7d3fdb702dae7c,2017-11-01T23:53:41.000Z,0.000453,0xb2cbd8f8fdf1d883e857b53b842af0a20cfded2f,sell,0x0a76aad21948ea1ef447d26dee91a54370e151e0,0xb6e8b85b55e21fcfd49a13caf29fd81a486b4e1485286c8b9ce75106c4c88948
33,546.696,0.3280176,0x7927551aea21d146c065257e06e677a52ba29de2,2017-11-01T22:30:51.000Z,0.0006,0xbc046cdc98226d2f35a68f176b1a47e0dad404ec,sell,0x0a76aad21948ea1ef447d26dee91a54370e151e0,0x9bc51a9a0904a52a918ad0224b53729e41322cabbeea4d08327be6d51f919921
34,2,0.0012,0x7927551aea21d146c065257e06e677a52ba29de2,2017-11-01T22:24:44.000Z,0.0006,0xbc046cdc98226d2f35a68f176b1a47e0dad404ec,sell,0x0a76aad21948ea1ef447d26dee91a54370e151e0,0xfca5d35276dc8c2e26ae83f02f04e7b49b2e3a563093530ac88002571e45148c
35,1369.408,0.912025728,0x3cb319e3dc7432c795b70ffaa05e90ba46107305,2017-11-01T21:51:39.000Z,0.000666,0x5a8874db0a2b1de1a56d3cf4b9c746a754a2f8a5,sell,0x0a76aad21948ea1ef447d26dee91a54370e151e0,0xa779fb53258b6f656088115aa6cd15b7582a3e73f7f22f0d7a536a1977ece6d0
36,660.986,0.50895922,0xcad04d5ad90eca3fcab18793320fbd07737dcc0d,2017-11-01T20:47:56.000Z,0.00077,0xe1e1d0d73eeb29d0632bc4c7871bfc74dbed0741,buy,0x0a76aad21948ea1ef447d26dee91a54370e151e0,0x61690815323cb493eee4f1e049668e34f933a731a650803783b2f4bf5e1a120e
37,660.986,0.50895922,0xcad04d5ad90eca3fcab18793320fbd07737dcc0d,2017-11-01T20:47:42.000Z,0.00077,0xe1e1d0d73eeb29d0632bc4c7871bfc74dbed0741,buy,0x0a76aad21948ea1ef447d26dee91a54370e151e0,0x61690815323cb493eee4f1e049668e34f933a731a650803783b2f4bf5e1a120e
38,148.15573268078805,0.10370901287655164,0x0b6dbe9a51eefbf7e924b7257c7950402c80fe87,2017-11-01T20:39:59.000Z,0.0007,0x31332f3e4df99128999a21a2d315615a3208253c,sell,0x0a76aad21948ea1ef447d26dee91a54370e151e0,0x8b408c1e87e8a8023200732bc7d6334d70575b4c74a5876c708d07a705f69d06
39,225.71181905758354,0.15799827334030847,0x47757d87fbcc7bf9bb7baebbdfdedfda9c04c3e5,2017-11-01T20:39:59.000Z,0.0007,0x31332f3e4df99128999a21a2d315615a3208253c,sell,0x0a76aad21948ea1ef447d26dee91a54370e151e0,0x33180f3d2b394370a52896fcd1e5123aac005f3998efbd1cdcf3e5301634078b
40,51.84426731921195,0.036290987123448366,0x0b6dbe9a51eefbf7e924b7257c7950402c80fe87,2017-11-01T20:21:34.000Z,0.0007,0x1804206b5be10e6d88ee076f73c6e9b50097f236,sell,0x0a76aad21948ea1ef447d26dee91a54370e151e0,0x1083c735a1436b17fc7e21ee84ee87dfa12fc9860537f2f2dde72770f7408f53
41,274.28818094241643,0.1920017266596915,0x47757d87fbcc7bf9bb7baebbdfdedfda9c04c3e5,2017-11-01T19:48:42.000Z,0.0007,0x701315eb49f24113b2d1bd392e2d1973f63e3d93,sell,0x0a76aad21948ea1ef447d26dee91a54370e151e0,0xe0e145168fbef5c1075ad9012b9d7d5092f2f400a875ade0a6bc975e8dcfcc4e
42,1000,0.7,0x7927551aea21d146c065257e06e677a52ba29de2,2017-11-01T19:45:32.000Z,0.0007,0x701315eb49f24113b2d1bd392e2d1973f63e3d93,sell,0x0a76aad21948ea1ef447d26dee91a54370e151e0,0x4847aa9761636e7bca745c2c80ffa6af3cdc354a49370240efe67df37831ea92
43,656.5006277777778,0.472680452,0x529b1acfce48149fd18c67a3e9de92d1ea0243f8,2017-11-01T19:38:30.000Z,0.0007199999999999999,0xe1e1d0d73eeb29d0632bc4c7871bfc74dbed0741,sell,0x0a76aad21948ea1ef447d26dee91a54370e151e0,0xf85c6e748d86876086d855090c21336a943beb6636ef9670117b5dbd619aa9e5
44,409.2246271552494,0.3110107166379895,0x529b1acfce48149fd18c67a3e9de92d1ea0243f8,2017-11-01T19:37:11.000Z,0.00076,0xe1e1d0d73eeb29d0632bc4c7871bfc74dbed0741,sell,0x0a76aad21948ea1ef447d26dee91a54370e151e0,0x93dc35431f6b22e7eef7b6c1a66c860904b664882bdbe10047af314883063ac5
45,90.77537284475065,0.06898928336201049,0x529b1acfce48149fd18c67a3e9de92d1ea0243f8,2017-11-01T19:29:17.000Z,0.00076,0xe1e1d0d73eeb29d0632bc4c7871bfc74dbed0741,sell,0x0a76aad21948ea1ef447d26dee91a54370e151e0,0xc03492e47a5999e2620fd1cc79e9096abccf85a2e850a21b967795946522aa72
46,297.38,0.2260088,0x34ef3e7c63c4c33d5570b5e3b563317ac3e5d76f,2017-11-01T19:28:19.000Z,0.00076,0xe1e1d0d73eeb29d0632bc4c7871bfc74dbed0741,sell,0x0a76aad21948ea1ef447d26dee91a54370e151e0,0xebf8bb026a67ac2560429d7d926e46827a0bed0543df1ddac95948a5ad4654e8
47,107.69715686660761,0.0818498392186218,0x34ef3e7c63c4c33d5570b5e3b563317ac3e5d76f,2017-11-01T19:26:41.000Z,0.00076,0x4ef7a8c795f77b29d07a47073b708a277e3a9dfc,sell,0x0a76aad21948ea1ef447d26dee91a54370e151e0,0x5e3f753599500cb8eb68bab2a7c4ed52f7026aee4fb6d5efdb89e4045ed190a4
48,645.6953266600168,0.49072844826161277,0x34ef3e7c63c4c33d5570b5e3b563317ac3e5d76f,2017-11-01T19:03:22.000Z,0.00076,0x7c1ac7ea4f37e31019abf7aa8783af9ed20978c9,sell,0x0a76aad21948ea1ef447d26dee91a54370e151e0,0x02152048f6d9b521bf24796f941311256dd82c4b4086871ee5c540d852bdc612
49,52,0.039884,0x1804206b5be10e6d88ee076f73c6e9b50097f236,2017-11-01T18:56:13.000Z,0.000767,0x7c1ac7ea4f37e31019abf7aa8783af9ed20978c9,sell,0x0a76aad21948ea1ef447d26dee91a54370e151e0,0x9d9f8f347fd6d8e96edd20cbffd7bd2d5cca8bd2fddb6c20305fd11adc5f6edc
50,138.147,0.10637319,0x3514a3b157ab18834ea8bdb752f727a135a961ed,2017-11-01T18:55:17.000Z,0.00077,0x7c1ac7ea4f37e31019abf7aa8783af9ed20978c9,sell,0x0a76aad21948ea1ef447d26dee91a54370e151e0,0xa31cf469f565633227f8e144415aed6f4ff0eecb03f93b125da8f3bc909c26c1
51,470.692,0.36949322,0x3514a3b157ab18834ea8bdb752f727a135a961ed,2017-11-01T18:51:24.000Z,0.000785,0x7c1ac7ea4f37e31019abf7aa8783af9ed20978c9,sell,0x0a76aad21948ea1ef447d26dee91a54370e151e0,0x4df9ed471a1cab7ffeb81650476733c715ff376e0e5f43d428b530bad9e94321
52,23.936,0.01890944,0xf20b267e0370c14b974791b613da1afecab869a8,2017-11-01T18:51:24.000Z,0.00079,0x7c1ac7ea4f37e31019abf7aa8783af9ed20978c9,sell,0x0a76aad21948ea1ef447d26dee91a54370e151e0,0x75d4b3016a0892e03252e7d1d56a25bc4063ed142b4ba2950a4d04caf3a7ace7
53,165.018,0.129704148,0x3d0d217074fa119d0225efa72ab866e2f2e9636f,2017-11-01T18:51:24.000Z,0.000786,0x7c1ac7ea4f37e31019abf7aa8783af9ed20978c9,sell,0x0a76aad21948ea1ef447d26dee91a54370e151e0,0x29e5e04fb49443b138b2b540db64c4aba1d255736c2e16a35ae08dbbe513ce1a
54,40.45452098494667,0.03236361678795733,0x23e6b211e1586c8cbf90941ca145d0b303cb90a3,2017-11-01T18:49:59.000Z,0.0008,0x7c1ac7ea4f37e31019abf7aa8783af9ed20978c9,sell,0x0a76aad21948ea1ef447d26dee91a54370e151e0,0xf9c5285a2c8a1e4afc049bad63493d7665351606d7d19afe827b388f8d706871
55,25,0.02,0xeed64ae665b15ee16c5b538ba74f16b8a83bdb14,2017-11-01T18:49:59.000Z,0.0008,0x7c1ac7ea4f37e31019abf7aa8783af9ed20978c9,sell,0x0a76aad21948ea1ef447d26dee91a54370e151e0,0xc69d4b3a0f1b723736896be3a6eef02dca2449fe82a879b50c51f7343a1e697c
56,509.1595189771758,0.4001993819160602,0x7d10bc73cc7bc1f67ff97280ee644b384ae92078,2017-11-01T18:45:04.000Z,0.000786,0x5c5d2fa3384cd2c93338cda30066d11201b1239c,sell,0x0a76aad21948ea1ef447d26dee91a54370e151e0,0x293ee04b08a6cc5d2fb8dfdba425591d721e7e82ccdeff27c0446288e75a939e
57,0.01258938166788409,0.000011078655867738,0xa1c6fbff43e22c1596ff881b85c9ea117e725e33,2017-11-01T18:28:23.000Z,0.00088,0xe1e1d0d73eeb29d0632bc4c7871bfc74dbed0741,buy,0x0a76aad21948ea1ef447d26dee91a54370e151e0,0x12e019d47b314d1c3ed73f2202d3efa3d30621df04498f39bf1de0a9d70a671e
58,126.28408751053553,0.11112999700927126,0xa1c6fbff43e22c1596ff881b85c9ea117e725e33,2017-11-01T18:25:57.000Z,0.00088,0xe1e1d0d73eeb29d0632bc4c7871bfc74dbed0741,buy,0x0a76aad21948ea1ef447d26dee91a54370e151e0,0xf64f7c605ab7e93bd02b615a0180e3ef61c72cf145eef94ae270ae1ca7583159
59,10,0.0085,0xa1c6fbff43e22c1596ff881b85c9ea117e725e33,2017-11-01T18:24:14.000Z,0.00085,0x8bab9990dcd15e58054c3edca5b7d1b4196e967e,buy,0x0a76aad21948ea1ef447d26dee91a54370e151e0,0x32c84aa57cfe0b51252576059e83f5e6624896a118ea672278fa3c17766d246c
60,9.7,0.00776,0x23e6b211e1586c8cbf90941ca145d0b303cb90a3,2017-11-01T17:13:12.000Z,0.0008,0xb54c22a82c131b205954948b142f75db751f43c2,sell,0x0a76aad21948ea1ef447d26dee91a54370e151e0,0x65834a8ccb1a0bc414366d8f0082049f27aacd90ab39b51643c6d9a2d18b0e89
61,99.7,0.085742,0x3d0d217074fa119d0225efa72ab866e2f2e9636f,2017-11-01T17:11:09.000Z,0.00086,0x273a5d3e6721b9f5c1a6474f560c1334c63dda01,sell,0x0a76aad21948ea1ef447d26dee91a54370e151e0,0xa8f3ff9eb8a72aeb60d60fd5d70224d5cb029997439dad68ec9a07c067092912
62,100,0.08,0x273a5d3e6721b9f5c1a6474f560c1334c63dda01,2017-11-01T17:11:09.000Z,0.0008,0x3d0d217074fa119d0225efa72ab866e2f2e9636f,buy,0x0a76aad21948ea1ef447d26dee91a54370e151e0,0xa8f3ff9eb8a72aeb60d60fd5d70224d5cb029997439dad68ec9a07c067092912
63,588,0.462168,0x3d0d217074fa119d0225efa72ab866e2f2e9636f,2017-11-01T17:10:23.000Z,0.000786,0xb54c22a82c131b205954948b142f75db751f43c2,sell,0x0a76aad21948ea1ef447d26dee91a54370e151e0,0xf100e39a010b1d0493c29a37deffb81d7be8572338aafa87a9e39c803ebce4e2
64,49.845479015053336,0.03987638321204267,0x23e6b211e1586c8cbf90941ca145d0b303cb90a3,2017-11-01T17:06:38.000Z,0.0007999999999999999,0x1804206b5be10e6d88ee076f73c6e9b50097f236,sell,0x0a76aad21948ea1ef447d26dee91a54370e151e0,0xd894741074a128adf60eaca98a2f875b7f90acdeaf6eeef2ddfe5266b9bc40e7
65,219.32010766623515,0.17238560462566083,0x3d0d217074fa119d0225efa72ab866e2f2e9636f,2017-11-01T16:55:36.000Z,0.000786,0x7e20a4b16244f9f10f1f2b400eba8abf5568d46e,sell,0x0a76aad21948ea1ef447d26dee91a54370e151e0,0x7364d55a9100f179e86dabb9c028dbdc2d4cf7b5ddc4699210bb290222ced639
66,219.32010766623515,0.17238560462566083,0x3d0d217074fa119d0225efa72ab866e2f2e9636f,2017-11-01T16:55:25.000Z,0.000786,0x7e20a4b16244f9f10f1f2b400eba8abf5568d46e,sell,0x0a76aad21948ea1ef447d26dee91a54370e151e0,0x7364d55a9100f179e86dabb9c028dbdc2d4cf7b5ddc4699210bb290222ced639
67,598.2053779033178,0.4701894270320078,0x7d10bc73cc7bc1f67ff97280ee644b384ae92078,2017-11-01T16:43:58.000Z,0.000786,0x321a31ed33b8b2ba584dc4ce85c6d9346886a36e,sell,0x0a76aad21948ea1ef447d26dee91a54370e151e0,0x3d3f9ca1b12696c2af6ea374e0a2fd800907cc20c2467b688fdb0c47745f1c19
68,112.15232778387,0.0986940484498056,0x6d7f46f2ac1b78016f5d3cec1c45afcde99570ab,2017-11-01T16:33:07.000Z,0.00088,0xe1e1d0d73eeb29d0632bc4c7871bfc74dbed0741,buy,0x0a76aad21948ea1ef447d26dee91a54370e151e0,0x5c0692b6c64e7fa9d86bd3d904ae0314642207c5ebf34803bc4fc6bc4ecfa8ae
69,254.24154229207693,0.2237325572170277,0xf0c70e46c46394247087c33e4dd43133432e23fa,2017-11-01T16:31:42.000Z,0.00088,0xe1e1d0d73eeb29d0632bc4c7871bfc74dbed0741,buy,0x0a76aad21948ea1ef447d26dee91a54370e151e0,0x01fac7353ff8a1e4b5dd23d23cbd8cf17b910a8f5c3d579e0bfba91632e65b3e
70,0.05962972267776294,0.000047107480915432,0xf20b267e0370c14b974791b613da1afecab869a8,2017-11-01T16:17:08.000Z,0.0007899999999999879,0xe8f0cc52b0d087e4eaabe1de8c0bc01f83918ea9,sell,0x0a76aad21948ea1ef447d26dee91a54370e151e0,0x7491bb2948e6942132e5eb46fa07049a9b6c7f1b3e5ec96cc26993cfe50c35c9
71,0.003908430172913972,0.000003087659836602,0xf20b267e0370c14b974791b613da1afecab869a8,2017-11-01T16:17:08.000Z,0.0007899999999999903,0xf04860d9db461bfd9d12377b2c5d264e9e792527,sell,0x0a76aad21948ea1ef447d26dee91a54370e151e0,0xfe27172cae02634138f125b62f7e1894e70c9da7b1a89189eac93e261b2d6ac9
72,18.769662921348317,0.016705,0xadc45ad9e5d19bb7536b468a3fce8a8d275649ed,2017-11-01T16:02:34.000Z,0.00089,0xf20b267e0370c14b974791b613da1afecab869a8,sell,0x0a76aad21948ea1ef447d26dee91a54370e151e0,0xd8cc9309e3c65d6c6ad3ba8b9a72013299ec4d5faa3980ed016ebfec95820c61
73,39.20546306450005,0.03081549396869704,0x7d10bc73cc7bc1f67ff97280ee644b384ae92078,2017-11-01T15:50:24.000Z,0.000786,0xf04860d9db461bfd9d12377b2c5d264e9e792527,sell,0x0a76aad21948ea1ef447d26dee91a54370e151e0,0x77d389a01890afff364987f537dbd42ce5dc49c798ff73977208b655c6e80177
74,920.0628954447359,0.7231694358195624,0x7d10bc73cc7bc1f67ff97280ee644b384ae92078,2017-11-01T15:50:21.000Z,0.000786,0x1548c43c81e0ccb5a01b33f19708097cce3e82c6,sell,0x0a76aad21948ea1ef447d26dee91a54370e151e0,0x46fd78479f1333062b8a6c64b35a133704b0bbe8cd828106cd1440b404ef0149
75,238.82,0.18771252,0x7d10bc73cc7bc1f67ff97280ee644b384ae92078,2017-11-01T15:37:37.000Z,0.000786,0xb69e5f9f642cae3ea0a299de47fc4c612be3bb47,sell,0x0a76aad21948ea1ef447d26dee91a54370e151e0,0x0e4a360369f3df1bb3a0d1e5b7425840b13e3f0f9a1246e80375e7a297f3f4b5
76,105,0.08295,0xf20b267e0370c14b974791b613da1afecab869a8,2017-11-01T15:28:39.000Z,0.00079,0xb69e5f9f642cae3ea0a299de47fc4c612be3bb47,sell,0x0a76aad21948ea1ef447d26dee91a54370e151e0,0x112f559aef25a7a1559694e33b896774d6dcaa191a221d62405ed327ff33d68a
77,109.5505617977528,0.0975,0xadc45ad9e5d19bb7536b468a3fce8a8d275649ed,2017-11-01T15:16:50.000Z,0.00089,0x1548c43c81e0ccb5a01b33f19708097cce3e82c6,sell,0x0a76aad21948ea1ef447d26dee91a54370e151e0,0xa04bc73673dc2b7d7e0181e7d21e0ec4f5dbc7836d6876e073857f8d26d4a110
78,2147.3154882709523,1.6856448056081856,0x3d0d217074fa119d0225efa72ab866e2f2e9636f,2017-11-01T14:47:51.000Z,0.000785001,0x660460f8ed4c7962e133a8d0870c17c564577dfb,sell,0x0a76aad21948ea1ef447d26dee91a54370e151e0,0xa03ba2266db9112537c912e053e248d40ce5ff1843eb279bc562fdbc357f3787
79,584.5111850984812,0.4594257914874062,0x7d10bc73cc7bc1f67ff97280ee644b384ae92078,2017-11-01T14:12:33.000Z,0.000786,0x15cd30009b5c47264dd1babc00de1e1180aeb40d,sell,0x0a76aad21948ea1ef447d26dee91a54370e151e0,0x7f47f4261f1b4f2cb8fbbbb0ec7cebb3aa3f4453fe0ca6b2ec59c202fcc52c94
80,39.30795989913076,0.030856748520817646,0x3514a3b157ab18834ea8bdb752f727a135a961ed,2017-11-01T13:45:20.000Z,0.000785,0x0f060e902d8116cb8aa39896ef22b909ca349f89,sell,0x0a76aad21948ea1ef447d26dee91a54370e151e0,0x4218c8ae3b075b5cb3630a52469cf342bcd36c0bc0b748b429e12979518e6539
81,13.249523923636842,0.010599619138909472,0x1804206b5be10e6d88ee076f73c6e9b50097f236,2017-11-01T13:39:34.000Z,0.0007999999999999999,0x12101f53fd69c48de22ba4df3181b5710e54a820,sell,0x0a76aad21948ea1ef447d26dee91a54370e151e0,0x4bf2c73546f1f45f4a4105c5761d28c9ce680df9b7c7131e195d698566c1249b
82,1.9938191606021334,0.001595055328481706,0x1804206b5be10e6d88ee076f73c6e9b50097f236,2017-11-01T13:38:17.000Z,0.0007999999999999996,0x01feb5851c24d8e470fc716b8df48c5d93a41cc3,sell,0x0a76aad21948ea1ef447d26dee91a54370e151e0,0x49ee1dd72428b0703e08edd1c8c6ad4c077895a1425fd2671c7085526b9efbc9
83,34.75665691576103,0.02780532553260882,0x1804206b5be10e6d88ee076f73c6e9b50097f236,2017-11-01T13:23:02.000Z,0.0008,0x36ac32b737afb8c3f35056fd8ea1e68cff54208f,sell,0x0a76aad21948ea1ef447d26dee91a54370e151e0,0xe767836abd20f30719f016fb084bef2244fd85ea2cb7af64510f37b3dbd10ff6
84,50.088,0.03906864,0xf20b267e0370c14b974791b613da1afecab869a8,2017-11-01T12:49:44.000Z,0.00078,0x1813f7086a34d3c72ba696e3b200f2ccd9a7205f,buy,0x0a76aad21948ea1ef447d26dee91a54370e151e0,0xf6f7751bcf6661a69ebbcba5207024f0b617e1e3884b2d53e77020b58cbe8048
85,34.89183531053733,0.02721563154221912,0xf20b267e0370c14b974791b613da1afecab869a8,2017-11-01T11:54:56.000Z,0.00078,0xc69e3cd404c4eee62a9ba237a6ce76a49980bf9a,sell,0x0a76aad21948ea1ef447d26dee91a54370e151e0,0xfa3a48c2c605dcf90c766deb92ed63c1c3d57669c726d9bf6b46be00c3580e5c
86,10,0.00948999,0x0c5e87cc85f25ea8221ea0dedb7216df9efc2892,2017-11-01T10:34:20.000Z,0.000948999,0x36ac32b737afb8c3f35056fd8ea1e68cff54208f,buy,0x0a76aad21948ea1ef447d26dee91a54370e151e0,0x3fd25bf6dcafac7bebbc3e4d6673a65b5bd45d4791e2cc718dd8ae7587645d97
87,30,0.02835,0x0c5e87cc85f25ea8221ea0dedb7216df9efc2892,2017-11-01T10:32:24.000Z,0.000945,0x0acf4053dfcf1b47770509a7d4d6db5eaae1846f,buy,0x0a76aad21948ea1ef447d26dee91a54370e151e0,0x983bad67403326d2f81783d57d0f3c673ad45ff49c49fd9aadd4c539d3f528d5
88,30,0.0237,0x0c5e87cc85f25ea8221ea0dedb7216df9efc2892,2017-11-01T10:14:09.000Z,0.00079,0xc449f4373158396dbacd1cc2f9c3b47725580813,buy,0x0a76aad21948ea1ef447d26dee91a54370e151e0,0x4a67ebea0e70ad988c95d20c57aaea2681b0dfdf51e611bd460944397492ca14
89,249.22739507526668,0.18941282025720266,0x34ef3e7c63c4c33d5570b5e3b563317ac3e5d76f,2017-11-01T10:09:46.000Z,0.00076,0x7eba78f19bc4477eafdc29f46f6975490e54531d,sell,0x0a76aad21948ea1ef447d26dee91a54370e151e0,0x1f0aa8ac120747218dfd0004ac3e83c71bdc3326a06b1abccd10abbcd59e81e1
90,50,0.04744995,0x211626b4f499db745735ee508dbb7fe8b539979f,2017-11-01T08:56:49.000Z,0.000948999,0x36ac32b737afb8c3f35056fd8ea1e68cff54208f,buy,0x0a76aad21948ea1ef447d26dee91a54370e151e0,0x8d43c468cbd0723eb56035f3a075277ba3452e9233f133ff60c65b1f05e9233a
91,5,0.0039,0x211626b4f499db745735ee508dbb7fe8b539979f,2017-11-01T08:53:38.000Z,0.00078,0xdc27524165fbaf272fbd3e11be15a7b9f3ac6c43,buy,0x0a76aad21948ea1ef447d26dee91a54370e151e0,0xa22d79180218d49536105737118676099d21bd21dfc9cfc8294582bf64d59070
92,48.14403986470719,0.03658947029717746,0xf20b267e0370c14b974791b613da1afecab869a8,2017-11-01T08:53:20.000Z,0.0007599999999999999,0x2f2c6a9ff11b873bab582f3df9f06b52baa4f53b,sell,0x0a76aad21948ea1ef447d26dee91a54370e151e0,0xbd4c41bbeb80255c997904077f97b8f57a9e4b25028d65d0456831602f19dad3
93,5,0.0045,0x211626b4f499db745735ee508dbb7fe8b539979f,2017-11-01T08:33:06.000Z,0.0009,0xa73aaca7ce9d14c3c72b4b2e6c5e433eba620f9d,buy,0x0a76aad21948ea1ef447d26dee91a54370e151e0,0x8a8633087bcf6c939ab48e4931bf7657b49aa47925dd50f2d7edceb489840ef0
94,1000,0.93,0x7927551aea21d146c065257e06e677a52ba29de2,2017-11-01T07:53:09.000Z,0.00093,0x2310cd5e0de584341129fd681c5c74a135af2e89,buy,0x0a76aad21948ea1ef447d26dee91a54370e151e0,0x14399998686e9a68f8fa06ea9d4546a123130e38bd351e2b18f40db86c8ed451
95,3.7056385834509955,0.003298018339271385,0xadc45ad9e5d19bb7536b468a3fce8a8d275649ed,2017-11-01T07:31:26.000Z,0.0008899999999999997,0x36ac32b737afb8c3f35056fd8ea1e68cff54208f,sell,0x0a76aad21948ea1ef447d26dee91a54370e151e0,0x024c50f67af04028aea652f20fdd0d2408e1b35896a84ba9bf0be8c512adcb1b
96,402.45368822047914,0.3823310038094552,0x15cd30009b5c47264dd1babc00de1e1180aeb40d,2017-11-01T07:24:30.000Z,0.00095,0xe1e1d0d73eeb29d0632bc4c7871bfc74dbed0741,buy,0x0a76aad21948ea1ef447d26dee91a54370e151e0,0x5daae25bc173c7bc7627ae7f835a3489ec4c7cd28acf13cb95ad35d779898338
97,10.598,0.00996212,0x15cd30009b5c47264dd1babc00de1e1180aeb40d,2017-11-01T07:22:35.000Z,0.00094,0x5b47d6648e6db8e7f543ad21b548d98a45c3f925,buy,0x0a76aad21948ea1ef447d26dee91a54370e151e0,0xb9b7c47e9caa35877c23d7b9186ff362e2f2cdc71c2f29a6dd9dcdef9181e406
98,89.4017241915423,0.08403762074004975,0x15cd30009b5c47264dd1babc00de1e1180aeb40d,2017-11-01T07:10:46.000Z,0.00094,0x5b47d6648e6db8e7f543ad21b548d98a45c3f925,buy,0x0a76aad21948ea1ef447d26dee91a54370e151e0,0x824f71e1c2dd1272b14763f2a76a383bcea59613f582bb7dc43f704b3baba891
99,83.86,0.0746354,0x15cd30009b5c47264dd1babc00de1e1180aeb40d,2017-11-01T07:09:27.000Z,0.00089,0xe30a54ee53cf9ffb8cc3906b4a3c4fabb2489fc6,buy,0x0a76aad21948ea1ef447d26dee91a54370e151e0,0x89ee9735a4beb7811f863736d782d2e2450d6b9064cc84f3672847ca291ec25b
100,16.323,0.01730238,0x64d980d7f34268e1a450df6cca86de83dd0cf078,2017-11-01T06:58:50.000Z,0.00106,0x0c3bcb5f24ecbd92b54f278f8b0bb777c2030875,buy,0x0a76aad21948ea1ef447d26dee91a54370e151e0,0xceb1b3f9460246b0f70db871ffa48ab2dcabe61e15bc9916861abea9b7ba52a6
101,36.147190681562954,0.03217099970659103,0xadc45ad9e5d19bb7536b468a3fce8a8d275649ed,2017-11-01T06:50:26.000Z,0.00089,0x68bbd7afd66f2a2c36a817bef85f07e5f63d60f4,sell,0x0a76aad21948ea1ef447d26dee91a54370e151e0,0x07624d7ad6fd50fb83916d20b0b359d2941a626a7cb52d79cefef9adfac66d10
102,45,0.04005,0xadc45ad9e5d19bb7536b468a3fce8a8d275649ed,2017-11-01T06:41:48.000Z,0.00089,0x8e1f56859006d2c936efc423596210f18c5a00da,sell,0x0a76aad21948ea1ef447d26dee91a54370e151e0,0x0fff5e3d54e63b7ed1081caebb54a98a0312ee35fa4f6035c5b7cabc92133743
103,1000,0.89,0x2310cd5e0de584341129fd681c5c74a135af2e89,2017-11-01T06:22:11.000Z,0.00089,0xe30a54ee53cf9ffb8cc3906b4a3c4fabb2489fc6,buy,0x0a76aad21948ea1ef447d26dee91a54370e151e0,0xfe165feea0b64a01dfc980a792a5540345690797ddf062590e52030ce518662e
104,500,0.445,0x6ea6f512533c3e2c31840912c9a6c415b0bf1379,2017-11-01T05:58:38.000Z,0.00089,0xe30a54ee53cf9ffb8cc3906b4a3c4fabb2489fc6,buy,0x0a76aad21948ea1ef447d26dee91a54370e151e0,0xe18137b4b495407a03ff87c56980a1a509e4647838f2e72eae1fc2adf661e061
105,78.48002348303326,0.060037217964520447,0xe30a54ee53cf9ffb8cc3906b4a3c4fabb2489fc6,2017-11-01T04:51:29.000Z,0.000765,0x8e844b89e94bc8b3b5d88a6234f93c7fd308ae31,sell,0x0a76aad21948ea1ef447d26dee91a54370e151e0,0x809a3f64896d6632c31c6f1ffb2a259fa9b277cfbb58516f4eb9242492d78751
106,344.451,0.26522727,0x3514a3b157ab18834ea8bdb752f727a135a961ed,2017-11-01T04:46:56.000Z,0.00077,0x8e844b89e94bc8b3b5d88a6234f93c7fd308ae31,sell,0x0a76aad21948ea1ef447d26dee91a54370e151e0,0xf9a701b798ba661b341fe611bdc5d1518dbc48c7847f16db8a14e87efde750b4
107,386,0.3088,0x3514a3b157ab18834ea8bdb752f727a135a961ed,2017-11-01T04:32:45.000Z,0.0008,0xc32df9026cb3d54c0ebd9917df5c03685153e019,buy,0x0a76aad21948ea1ef447d26dee91a54370e151e0,0xe8de4770d77117b765d1255a99bb3091994de9e14b7acf303e64bbf8256b0410
108,1495.3639197502794,1.1439533986089638,0xe30a54ee53cf9ffb8cc3906b4a3c4fabb2489fc6,2017-11-01T04:30:59.000Z,0.000765,0x9da7ad646dc636de4bbc54ece8723a2bc346ca36,sell,0x0a76aad21948ea1ef447d26dee91a54370e151e0,0x744642461b14ca0919ef5ae332ab0921de5e646beb40bb922b44744e160470fc
109,0.000000000000026667,0.000000000000000008,0x0cd2795a623adeb9370e2895e8d7526a6e4c556d,2017-11-01T03:47:31.000Z,0.0002999962500468744,0xe89ae97c7dab6b640930504792e8388d3cf3af4c,buy,0x0a76aad21948ea1ef447d26dee91a54370e151e0,0x5e7b920594200b4a7a169b9755ee01dbe4095d97bba41c30dfea7fb0931f646b
110,0.000000000000026587,0.000000000000000021,0xc492d444356724fbaac2e4f610f3cef06343987f,2017-11-01T03:47:31.000Z,0.0007898597058712905,0x0cd2795a623adeb9370e2895e8d7526a6e4c556d,sell,0x0a76aad21948ea1ef447d26dee91a54370e151e0,0x5e7b920594200b4a7a169b9755ee01dbe4095d97bba41c30dfea7fb0931f646b
111,231.304,0.1387824,0x7927551aea21d146c065257e06e677a52ba29de2,2017-11-01T03:47:11.000Z,0.0006,0xf44072eda87ede9613b6ae1b812de8a60ade27a2,sell,0x0a76aad21948ea1ef447d26dee91a54370e151e0,0x6cbb5a585aa4ebcab45dedde9bfbfc34612c3957518521a9b7a9f492f26d842a
112,231.99999999999997,0.06959768,0xf44072eda87ede9613b6ae1b812de8a60ade27a2,2017-11-01T03:47:11.000Z,0.00029999,0xe89ae97c7dab6b640930504792e8388d3cf3af4c,buy,0x0a76aad21948ea1ef447d26dee91a54370e151e0,0x6cbb5a585aa4ebcab45dedde9bfbfc34612c3957518521a9b7a9f492f26d842a
113,10.017857389606132,0.00766366090304869,0xe30a54ee53cf9ffb8cc3906b4a3c4fabb2489fc6,2017-11-01T03:33:06.000Z,0.000765,0xc492d444356724fbaac2e4f610f3cef06343987f,sell,0x0a76aad21948ea1ef447d26dee91a54370e151e0,0xfbd3bec322661fe06d43354043b3953b7307b349832ba0174220c254e48cd845
114,9.969095803010667,0.007576512810288106,0xc492d444356724fbaac2e4f610f3cef06343987f,2017-11-01T03:13:01.000Z,0.0007599999999999999,0x4bdf3b4bcff2f9b6e2c4e64c1c19a5845e942f26,sell,0x0a76aad21948ea1ef447d26dee91a54370e151e0,0x611cd1ef39adae28aa649ad4de4ca0d481d9f65808638aec10e8e3fe4b8cc5cf
115,50,0.048225,0x75268d514902a966b68563067237f0b9b7211b68,2017-11-01T02:52:45.000Z,0.0009645,0x7eba78f19bc4477eafdc29f46f6975490e54531d,buy,0x0a76aad21948ea1ef447d26dee91a54370e151e0,0x35c43b0e6b9bd9a0b2ee6b0f086222c97ca040feec135ce0459c73b1f0b1e400
116,50.843,0.048707594,0x75268d514902a966b68563067237f0b9b7211b68,2017-11-01T02:51:04.000Z,0.000958,0xa87a6017687f5d7607a4dde37624fa8eec9b0d45,buy,0x0a76aad21948ea1ef447d26dee91a54370e151e0,0x92b4b7279a51b55150eddf6c20896d46e7555842f2ba50773931ac0447cf1e72
117,1284.3186123018643,0.8621759276243645,0xe1e1d0d73eeb29d0632bc4c7871bfc74dbed0741,2017-11-01T01:35:10.000Z,0.0006713099999999999,0x634d2e910ac92868245c4e941e2d9fe3dd746471,sell,0x0a76aad21948ea1ef447d26dee91a54370e151e0,0x48551cb838dc3ef760eeaaaf46ebe5203cd2f28841613cf2bb9341dd5dd573fd
118,3900,2.73,0xc492d444356724fbaac2e4f610f3cef06343987f,2017-11-01T01:34:03.000Z,0.0007,0x634d2e910ac92868245c4e941e2d9fe3dd746471,sell,0x0a76aad21948ea1ef447d26dee91a54370e151e0,0xef468fefd65986f1afc48894cf36d91ecaef361e19d681a045daa70a0e2c3eeb
119,127.2375466038981,0.08474020603819614,0x3cb319e3dc7432c795b70ffaa05e90ba46107305,2017-11-01T00:12:21.000Z,0.000666,0xf230d122c24af3b44e13fc3ba56e24c681f7b466,sell,0x0a76aad21948ea1ef447d26dee91a54370e151e0,0x865f244f8d6a5aeb6b3235f088f6e73f00225042a411e0709d5c94f189f78958
120,455.5852333200867,0.410026709988078,0x468c0b08dfe1a4b8ae38321fead9da97a7729047,2017-10-31T23:51:08.000Z,0.0009,0xc1aac4101f510c66e44f0f0aee922051efc3ae53,sell,0x0a76aad21948ea1ef447d26dee91a54370e151e0,0x3b00c08d067b980b115afd0b3fab55839a55d14c983f7f0459bcece5b7fa4a5b
121,1545.393873346602,1.3908544860119418,0x468c0b08dfe1a4b8ae38321fead9da97a7729047,2017-10-31T23:48:45.000Z,0.0009,0xe1e1d0d73eeb29d0632bc4c7871bfc74dbed0741,sell,0x0a76aad21948ea1ef447d26dee91a54370e151e0,0xea58b9f413b376cd4ef48f5d1a92c92b0918a1410c341d960a8704d7ed88d505
122,8000,3.6,0x508e4a96dab9bd044d0bb654d623c4ef663dfc35,2017-10-31T23:47:04.000Z,0.00045,0x508e4a96dab9bd044d0bb654d623c4ef663dfc35,sell,0x0a76aad21948ea1ef447d26dee91a54370e151e0,0xf0c72d2759caab6859cc89deaee1ce70ba3cda6b54c49e12b4f814cae71f4f8f
123,9081.59,4.0867155,0x508e4a96dab9bd044d0bb654d623c4ef663dfc35,2017-10-31T23:46:08.000Z,0.00045,0x508e4a96dab9bd044d0bb654d623c4ef663dfc35,sell,0x0a76aad21948ea1ef447d26dee91a54370e151e0,0x3739befafa249eb8c66d5f54e77ce10d6e1f2e86b1cc56a076f7890cc66f0697
124,47.071,0.04471745,0xa87a6017687f5d7607a4dde37624fa8eec9b0d45,2017-10-31T23:44:45.000Z,0.00095,0x6b6efc597e78ffefec1900324c0069045cc71eed,buy,0x0a76aad21948ea1ef447d26dee91a54370e151e0,0x52ba735faaa64d67b0011dd181ca2a496f275bb77cb3228a9a7c557973842b53
125,9918.409640700507,4.463284338315228,0x508e4a96dab9bd044d0bb654d623c4ef663dfc35,2017-10-31T23:44:45.000Z,0.00045,0x508e4a96dab9bd044d0bb654d623c4ef663dfc35,sell,0x0a76aad21948ea1ef447d26dee91a54370e151e0,0xdcdbfae7a1ba72e18f4e6baf80f22c06259178a69d5eff2d1b8a78e6dfcfbf89
126,51.838,0.02540062,0x508e4a96dab9bd044d0bb654d623c4ef663dfc35,2017-10-31T23:44:21.000Z,0.00049,0x508e4a96dab9bd044d0bb654d623c4ef663dfc35,sell,0x0a76aad21948ea1ef447d26dee91a54370e151e0,0x1ee69f63cedac88bfe33589cd5759e08167bb7528f8b55ec7a6092f292fe5192
127,9948.161894397239,4.874599328254647,0x508e4a96dab9bd044d0bb654d623c4ef663dfc35,2017-10-31T23:41:52.000Z,0.00049,0x508e4a96dab9bd044d0bb654d623c4ef663dfc35,sell,0x0a76aad21948ea1ef447d26dee91a54370e151e0,0xf3fa6a72e7168be60dca1067dc8dc42ca8455f5bc04cb8bb5834b379d2334881
128,2000,1,0x508e4a96dab9bd044d0bb654d623c4ef663dfc35,2017-10-31T23:40:05.000Z,0.0005,0x508e4a96dab9bd044d0bb654d623c4ef663dfc35,sell,0x0a76aad21948ea1ef447d26dee91a54370e151e0,0xde0ef74930dfe702b15445e61dbc607ead65da060ca2cdeed80fdedd9c17f571
129,5000,2.5,0x508e4a96dab9bd044d0bb654d623c4ef663dfc35,2017-10-31T23:39:55.000Z,0.0005,0x508e4a96dab9bd044d0bb654d623c4ef663dfc35,sell,0x0a76aad21948ea1ef447d26dee91a54370e151e0,0xac2dd513eef1618f07dc9dcc9fc82fe71bde0c881cb65d9869ba51c216e94f53
130,3.7727028099638074,0.003584067669465617,0xa87a6017687f5d7607a4dde37624fa8eec9b0d45,2017-10-31T23:34:20.000Z,0.00095,0x6b6efc597e78ffefec1900324c0069045cc71eed,buy,0x0a76aad21948ea1ef447d26dee91a54370e151e0,0x2857cf9ea197c97ccaa2617c54da0eb97200f4e79baeb81beeb58f13080d97b3
131,1550.1845943525964,0.9301107566115578,0xe1e1d0d73eeb29d0632bc4c7871bfc74dbed0741,2017-10-31T23:10:14.000Z,0.0006,0xc99d1f3b2d3cbad2cd678bfedd11489757604d84,sell,0x0a76aad21948ea1ef447d26dee91a54370e151e0,0x530047e60e046618304ed1da68c649a06a722f9a2185c69ea6cd83e5b21cc385
132,39,0.031200819,0x5f4b3ee61a3a47f2cab2fe97cb1a96ee947cedcb,2017-10-31T23:09:11.000Z,0.000800021,0xc99d1f3b2d3cbad2cd678bfedd11489757604d84,sell,0x0a76aad21948ea1ef447d26dee91a54370e151e0,0x4d906078ee2ae2bed4207fe7547fdb31be2ce5ff58e1a4f13fbad1fb07ae73d0
133,49.40045857840694,0.039569767321303954,0x60c797646b94c0f3a2a349c265f422360d7a8983,2017-10-31T22:57:32.000Z,0.000801,0x0a34abcb69b77e984b9f007149bf59188d2d2bbe,sell,0x0a76aad21948ea1ef447d26dee91a54370e151e0,0x497122e341a304a6a8c3863a3449079730f7ee2dee605a1b794f9a9ffbe622b3
134,50,0.0405,0x5a79e6221d11f5f98254fb956a38a55076f83d0e,2017-10-31T22:35:46.000Z,0.00081,0x68ca7fc4bfc3bb2a9cf6f45736dcadc2c427c5a0,sell,0x0a76aad21948ea1ef447d26dee91a54370e151e0,0xd33effb50eba3a72cf8b07476f728643255f5a17b6c8627dc264f80114754c62
135,1.62,0.0013608,0x02f3f615dad26e296bec71632d7d3fdb702dae7c,2017-10-31T22:30:34.000Z,0.00084,0x0c3bcb5f24ecbd92b54f278f8b0bb777c2030875,sell,0x0a76aad21948ea1ef447d26dee91a54370e151e0,0x82ac7fa5aa9cc8b25b1b42c5c2667427464e882f7c413d7d987f3b28c1fda13e
136,2.046131396535724,0.001720796504486543,0x837f3f0ba3b2a3c97a623ffd3fd678a184f80d5d,2017-10-31T22:28:02.000Z,0.0008409999999999995,0x0c3bcb5f24ecbd92b54f278f8b0bb777c2030875,sell,0x0a76aad21948ea1ef447d26dee91a54370e151e0,0xbe4ffbda09271cd5a10dee4d68da72a5df725fb8200bedfbea978ea22a8f9b8b
137,61,0.048801281,0x5f4b3ee61a3a47f2cab2fe97cb1a96ee947cedcb,2017-10-31T22:21:15.000Z,0.000800021,0xedf96d80281019a6735968316c57bcc3a271abc5,sell,0x0a76aad21948ea1ef447d26dee91a54370e151e0,0x19ad7c157cfde44fac438045a7e24c287930e3f0dfa005c675123c86f0886b7f
138,2500,2.00275,0xe1e1d0d73eeb29d0632bc4c7871bfc74dbed0741,2017-10-31T22:08:25.000Z,0.0008011,0xc1aac4101f510c66e44f0f0aee922051efc3ae53,sell,0x0a76aad21948ea1ef447d26dee91a54370e151e0,0xbe643fdb6f7f3716726b48977568bb1483dec3be9cdc849dd9a5fbc666073073
139,790,0.632,0x7927551aea21d146c065257e06e677a52ba29de2,2017-10-31T21:29:37.000Z,0.0008,0xc1aac4101f510c66e44f0f0aee922051efc3ae53,sell,0x0a76aad21948ea1ef447d26dee91a54370e151e0,0x66e25843ec99aa08543b70c3063a28e0a6480ad659abb14b84c50e5cd3982e23
140,157,0.132037,0x837f3f0ba3b2a3c97a623ffd3fd678a184f80d5d,2017-10-31T21:20:04.000Z,0.000841,0xc1aac4101f510c66e44f0f0aee922051efc3ae53,sell,0x0a76aad21948ea1ef447d26dee91a54370e151e0,0x50ebd38450f8743cfc374ae798aed82cb5b8bb85901aae34e4a72d9bbd579ffb
141,60,0.054,0x60c797646b94c0f3a2a349c265f422360d7a8983,2017-10-31T21:05:14.000Z,0.0009,0x837f3f0ba3b2a3c97a623ffd3fd678a184f80d5d,buy,0x0a76aad21948ea1ef447d26dee91a54370e151e0,0x427e0ec6aa83077972e20d22b816c3e007f29dd12cb6256fc8d7e5e97b819fe7
142,88,0.0792,0xd9c4d1358419f2899bc6c914fa57865f8ad44472,2017-10-31T20:52:16.000Z,0.0009,0x837f3f0ba3b2a3c97a623ffd3fd678a184f80d5d,buy,0x0a76aad21948ea1ef447d26dee91a54370e151e0,0xfc81553225580d72788e52d858c96a5ddb718819b4f8ded7379725ce3e3c1c71
143,210,0.17661,0xedc82bdaf3e5e6deb9987e5d1fba50db6243b88c,2017-10-31T20:35:48.000Z,0.000841,0xc1aac4101f510c66e44f0f0aee922051efc3ae53,sell,0x0a76aad21948ea1ef447d26dee91a54370e151e0,0x19058d919764b8ed5059ed46c3c61d20d89892331e9b071078bcb6a93ae0d7a8
144,14.523439824953176,0.013071095842457857,0x468c0b08dfe1a4b8ae38321fead9da97a7729047,2017-10-31T20:26:55.000Z,0.0009,0x36ac32b737afb8c3f35056fd8ea1e68cff54208f,sell,0x0a76aad21948ea1ef447d26dee91a54370e151e0,0xa16ad0d17aec51907d33be4bcdd2280a1ae3ece986c37e132677f5609feb903c
145,0.003,0.0000027,0x468c0b08dfe1a4b8ae38321fead9da97a7729047,2017-10-31T20:26:20.000Z,0.0009,0x59b53cc87248defb36b600a0895372dd7908813b,sell,0x0a76aad21948ea1ef447d26dee91a54370e151e0,0xbbc237fb842088e997c43687fc6be5225bad4f312c7de92909755248662245c9
146,41,0.03526,0x468c0b08dfe1a4b8ae38321fead9da97a7729047,2017-10-31T20:15:50.000Z,0.00086,0x047d86ac843337c407e3efe80c788149cd741a3b,buy,0x0a76aad21948ea1ef447d26dee91a54370e151e0,0x01a9ee6a4a70ae02ad1a134f214f4159ba3c0f31e818442645fb333f72129e0d
147,400,0.32,0x1863a1ce2a91ed88ed221e122462b52c406846eb,2017-10-31T20:07:16.000Z,0.0008,0xc1aac4101f510c66e44f0f0aee922051efc3ae53,sell,0x0a76aad21948ea1ef447d26dee91a54370e151e0,0x6e6349f4c09a6cb0d3cdc90f4edadb8d671a01b103ba48a6fcc6c01837b4b8b5
148,60,0.051,0x837f3f0ba3b2a3c97a623ffd3fd678a184f80d5d,2017-10-31T20:07:16.000Z,0.00085,0x047d86ac843337c407e3efe80c788149cd741a3b,sell,0x0a76aad21948ea1ef447d26dee91a54370e151e0,0xb185ce2543e36c6fd6bad093566490cb2d8aae808b3ee0145c5f730db9518d5d
149,400,0.32,0x880b8986359d17402663d070f097364526d44958,2017-10-31T20:07:16.000Z,0.0008,0xc1aac4101f510c66e44f0f0aee922051efc3ae53,sell,0x0a76aad21948ea1ef447d26dee91a54370e151e0,0x262185326864604971a07f962ac3f365d1d71c5032e2419bedda754584e3d165
150,707.4689057394029,0.5730498136489163,0x7927551aea21d146c065257e06e677a52ba29de2,2017-10-31T20:05:37.000Z,0.00081,0xc1aac4101f510c66e44f0f0aee922051efc3ae53,sell,0x0a76aad21948ea1ef447d26dee91a54370e151e0,0xcf759d4a3487d135a8697d6dd61df8e2e612da698fc7f0da96bd0b5fcfda12e6
151,248.38,0.2086392,0x02f3f615dad26e296bec71632d7d3fdb702dae7c,2017-10-31T20:05:37.000Z,0.00084,0xc1aac4101f510c66e44f0f0aee922051efc3ae53,sell,0x0a76aad21948ea1ef447d26dee91a54370e151e0,0x87dec2bd937914df99e7b8e6d8529e9a8ae840fc74ec1885d55d4d9c22c659ac
152,100.74156753493216,0.08563033240469232,0x047d86ac843337c407e3efe80c788149cd741a3b,2017-10-31T19:53:16.000Z,0.00085,0xc99e79d409d181391d073de9223a935338520dc6,sell,0x0a76aad21948ea1ef447d26dee91a54370e151e0,0xff6970aa1554a002c764903c52e0bc9c166112606d2a70e04a54b9c18f18c860
153,200,0.1700004,0xf0b6feeaff52411c0b9a750f41aaafbf288f4375,2017-10-31T19:47:26.000Z,0.000850002,0x68ca7fc4bfc3bb2a9cf6f45736dcadc2c427c5a0,sell,0x0a76aad21948ea1ef447d26dee91a54370e151e0,0x73bf69f1dbf48bd237da8a7b1cf63c0c7b6085302dd862af15edf360ece429f6
154,5.675675675675675,0.006186480810810811,0xf44072eda87ede9613b6ae1b812de8a60ade27a2,2017-10-31T19:04:44.000Z,0.001089999,0x36ac32b737afb8c3f35056fd8ea1e68cff54208f,buy,0x0a76aad21948ea1ef447d26dee91a54370e151e0,0x9b907f956462b3d48076922cde331764b9e2ee87f701a38869dc525f525814af
155,5.65864864864865,0.008374800000000002,0x993d6dd1866cefe6e18b1450263bad6c9f06015e,2017-10-31T19:04:44.000Z,0.00148,0xf44072eda87ede9613b6ae1b812de8a60ade27a2,sell,0x0a76aad21948ea1ef447d26dee91a54370e151e0,0x9b907f956462b3d48076922cde331764b9e2ee87f701a38869dc525f525814af
156,220,0.23979978,0x9065557ea0ef03b41220f5e9238687802f06b64c,2017-10-31T18:17:07.000Z,0.001089999,0x36ac32b737afb8c3f35056fd8ea1e68cff54208f,buy,0x0a76aad21948ea1ef447d26dee91a54370e151e0,0x159d2bc8340ea69faccb9e4f951b5889c16385a996355192dd2e6a68b5811098
157,0.7517099662786092,0.001097496550766769,0x9b84f198093c7eb759519b565f5763dbafc1afdb,2017-10-31T17:42:00.000Z,0.0014599999999999995,0xb69e5f9f642cae3ea0a299de47fc4c612be3bb47,sell,0x0a76aad21948ea1ef447d26dee91a54370e151e0,0xb092cab21833ef0a64d5242483831b68a5c37439868287fd0c348c255de931ac
158,100,0.1200009,0x8397b719f59d95d250cdabef8daaaba2865558a1,2017-10-31T17:39:55.000Z,0.001200009,0x0a34abcb69b77e984b9f007149bf59188d2d2bbe,sell,0x0a76aad21948ea1ef447d26dee91a54370e151e0,0x5975335a2079de4986d2a7ba8a6b77a34a35305ada24c46453dfe52f6b73819a
159,0.0072306942738109,0.000010556813639763,0x9b84f198093c7eb759519b565f5763dbafc1afdb,2017-10-31T17:38:33.000Z,0.0014599999999998735,0x3b12085239ce84fab240578c77a784e0a41edc7b,sell,0x0a76aad21948ea1ef447d26dee91a54370e151e0,0x0643d1a3553b8d2081bee15965dc759f51b1e4197192cffea6606bafa90dd0fd
160,72.53109426059713,0.05875018635108367,0x7927551aea21d146c065257e06e677a52ba29de2,2017-10-31T17:36:07.000Z,0.00081,0x3b12085239ce84fab240578c77a784e0a41edc7b,sell,0x0a76aad21948ea1ef447d26dee91a54370e151e0,0xf2938439c023d8a023b4f3a11c5b3e50a0ca45b3090bdeef032cf07ba4b5e2e5
161,64.49697131134455,0.052292660908897996,0x5f4b3ee61a3a47f2cab2fe97cb1a96ee947cedcb,2017-10-31T17:34:58.000Z,0.0008107769999999999,0x3b12085239ce84fab240578c77a784e0a41edc7b,sell,0x0a76aad21948ea1ef447d26dee91a54370e151e0,0x44853eefe0b5fb87afbc6f559528348bdc6b601ac4aa8b777eba3982d83064eb
162,451.2,0.369984,0x047d86ac843337c407e3efe80c788149cd741a3b,2017-10-31T17:33:56.000Z,0.00082,0x3b12085239ce84fab240578c77a784e0a41edc7b,sell,0x0a76aad21948ea1ef447d26dee91a54370e151e0,0x366a095686a20920267ed3bb33714be35fd1cf2def8d8ba1223599f874072b7f
163,48.8,0.040016,0x047d86ac843337c407e3efe80c788149cd741a3b,2017-10-31T17:24:00.000Z,0.00082,0x0a34abcb69b77e984b9f007149bf59188d2d2bbe,sell,0x0a76aad21948ea1ef447d26dee91a54370e151e0,0xa98b69125c875d50a9273d4fc1f563bc6c5feb5771a7d8d66f459b49938256d5
164,400,0.320008,0x880b8986359d17402663d070f097364526d44958,2017-10-31T17:07:23.000Z,0.00080002,0x0a34abcb69b77e984b9f007149bf59188d2d2bbe,sell,0x0a76aad21948ea1ef447d26dee91a54370e151e0,0xeb40afb002afe65b50a39f9326568b1eebbac139e94e4567e41d222ea3486d5d
165,100,0.090002,0x5b47d6648e6db8e7f543ad21b548d98a45c3f925,2017-10-31T17:05:21.000Z,0.00090002,0x047d86ac843337c407e3efe80c788149cd741a3b,sell,0x0a76aad21948ea1ef447d26dee91a54370e151e0,0x098279d57ead9ef4e32288a112322bdc1c417bdf88365701be7cc17a87e99171
166,200,0.182004,0x36ac32b737afb8c3f35056fd8ea1e68cff54208f,2017-10-31T17:03:35.000Z,0.00091002,0x047d86ac843337c407e3efe80c788149cd741a3b,sell,0x0a76aad21948ea1ef447d26dee91a54370e151e0,0x592322beddd4dfa750c4e63b9e389e4266ffdcefd6bed5a360022e8ddd3088f8
167,0.5617455863966498,0.000689823580095086,0x1d5321e125f6c7079a716705541c7b371ca79e69,2017-10-31T16:34:40.000Z,0.001228,0x6b6efc597e78ffefec1900324c0069045cc71eed,buy,0x0a76aad21948ea1ef447d26dee91a54370e151e0,0xa7fa0dd6480479f61ebb49853483355c21969d01c16f6f01922d964bf996b21a
168,0.5600653902259719,0.000817695469729919,0x9b84f198093c7eb759519b565f5763dbafc1afdb,2017-10-31T16:34:40.000Z,0.00146,0x1d5321e125f6c7079a716705541c7b371ca79e69,sell,0x0a76aad21948ea1ef447d26dee91a54370e151e0,0xa7fa0dd6480479f61ebb49853483355c21969d01c16f6f01922d964bf996b21a
169,398.7638321204267,0.3588914365467052,0x7c1ac7ea4f37e31019abf7aa8783af9ed20978c9,2017-10-31T16:18:50.000Z,0.00090001,0xe847ade6cf89da1f75b83b1590d6918f1590528e,sell,0x0a76aad21948ea1ef447d26dee91a54370e151e0,0xd7a4eedf0030f7acb2ef875237ba6e2466db25aa660e694b65b1acc45536beff
170,33.097398065995414,0.026834609111753564,0x5f4b3ee61a3a47f2cab2fe97cb1a96ee947cedcb,2017-10-31T16:11:08.000Z,0.0008107769999999999,0x229f58d5ff796eb6b9b4cfbadf74b18037389e64,sell,0x0a76aad21948ea1ef447d26dee91a54370e151e0,0x462daedd965c5b609069e162d5b7989e804074d15d48846d15574bd525bc3145
171,0.5922233300099701,0.000799501495513459,0x837f3f0ba3b2a3c97a623ffd3fd678a184f80d5d,2017-10-31T16:09:49.000Z,0.001349999999999999,0x1d5321e125f6c7079a716705541c7b371ca79e69,sell,0x0a76aad21948ea1ef447d26dee91a54370e151e0,0xd8a23f5a1cd947d61e8b454c534a1ce65b7be63771612639f3673ae0bd343c42
172,0.594,0.00073062,0x1d5321e125f6c7079a716705541c7b371ca79e69,2017-10-31T16:09:49.000Z,0.00123,0x6b6efc597e78ffefec1900324c0069045cc71eed,buy,0x0a76aad21948ea1ef447d26dee91a54370e151e0,0xd8a23f5a1cd947d61e8b454c534a1ce65b7be63771612639f3673ae0bd343c42
173,600,0.4800126,0x3b12085239ce84fab240578c77a784e0a41edc7b,2017-10-31T16:09:31.000Z,0.000800021,0x229f58d5ff796eb6b9b4cfbadf74b18037389e64,sell,0x0a76aad21948ea1ef447d26dee91a54370e151e0,0x2e2531e3d361fa335d8cdd0c65141319f22069e626d1ea66aeb6fee7890e9475
174,198,0.24354,0xf44072eda87ede9613b6ae1b812de8a60ade27a2,2017-10-31T16:07:44.000Z,0.00123,0x6b6efc597e78ffefec1900324c0069045cc71eed,buy,0x0a76aad21948ea1ef447d26dee91a54370e151e0,0x4a2506faccdbb28d02e279491a60df72d9fd659eae17cadfabbd06ea2d8a1011
175,190.104565,0.266146391,0x837f3f0ba3b2a3c97a623ffd3fd678a184f80d5d,2017-10-31T16:07:44.000Z,0.0014,0x68ca7fc4bfc3bb2a9cf6f45736dcadc2c427c5a0,sell,0x0a76aad21948ea1ef447d26dee91a54370e151e0,0x0370a5817458adbbde7e58e1739037a3f8e7ba25e05f98cdf6e5202200b3b529
176,197.406,0.2664981,0x837f3f0ba3b2a3c97a623ffd3fd678a184f80d5d,2017-10-31T16:07:44.000Z,0.00135,0xf44072eda87ede9613b6ae1b812de8a60ade27a2,sell,0x0a76aad21948ea1ef447d26dee91a54370e151e0,0x4a2506faccdbb28d02e279491a60df72d9fd659eae17cadfabbd06ea2d8a1011
177,152.40563062266003,0.12356697997934843,0x5f4b3ee61a3a47f2cab2fe97cb1a96ee947cedcb,2017-10-31T16:06:19.000Z,0.0008107769999999999,0x38f5ecbd20276178d8cf7453aab347260c9cdea7,sell,0x0a76aad21948ea1ef447d26dee91a54370e151e0,0xd15fd59daac5d86e594c8106ade8d9c94f6a43ac8d78d271dc994dd66a3d0aed
178,60,0.0547596,0x8d6e0a79003a9d49e68a6b82bbd497189f019905,2017-10-31T16:04:24.000Z,0.00091266,0x68ca7fc4bfc3bb2a9cf6f45736dcadc2c427c5a0,sell,0x0a76aad21948ea1ef447d26dee91a54370e151e0,0x343372bffecd3c1443bf5b70f09ade78dbe3ecc3e30b50784d869a1ea3da19af
179,620,0.50268174,0x350e4697e636df8af11fd8270661885ce84dcbb3,2017-10-31T15:42:36.000Z,0.000810777,0x68ca7fc4bfc3bb2a9cf6f45736dcadc2c427c5a0,sell,0x0a76aad21948ea1ef447d26dee91a54370e151e0,0xbbf1b2e747316cd03302409748ddea3eb469642ecef1df4fd0674f3903caa173
180,194.8806395969473,0.16467414045942047,0x047d86ac843337c407e3efe80c788149cd741a3b,2017-10-31T15:40:26.000Z,0.0008449999999999999,0xc8f0f7ee5ab3ef98804438550111bc2c115c96dc,sell,0x0a76aad21948ea1ef447d26dee91a54370e151e0,0x776d014549809ff304d21674e2ea812ad85befd2f941bf99b73c6395bf4b2b50
181,55,0.0495,0xeb3644cee0cef12ae7f58dca50a1d94d6480ad23,2017-10-31T15:39:14.000Z,0.0009,0xc8f0f7ee5ab3ef98804438550111bc2c115c96dc,sell,0x0a76aad21948ea1ef447d26dee91a54370e151e0,0x2d4b43a9431187fa342bb4f54d45bf386052972f9c65e31e7b10f58c3e0b3a3f
182,50,0.04225,0x047d86ac843337c407e3efe80c788149cd741a3b,2017-10-31T15:39:14.000Z,0.000845,0xc8f0f7ee5ab3ef98804438550111bc2c115c96dc,sell,0x0a76aad21948ea1ef447d26dee91a54370e151e0,0x093397fe9f4d29d2e3718d8d8908ce4574c908d93ce5aad7fd5cdc95d4c3118d
183,50.05,0.045045,0x2e76f28d753b219b02037e5f40a5719ec7e4d493,2017-10-31T15:38:58.000Z,0.0009,0xc8f0f7ee5ab3ef98804438550111bc2c115c96dc,sell,0x0a76aad21948ea1ef447d26dee91a54370e151e0,0x293d39a837ea53e055bd2bf7d3e40c03e35fb5463551030a4f388e6d4610255f
184,0.1480721778783711,0.000216185379702421,0x9b84f198093c7eb759519b565f5763dbafc1afdb,2017-10-31T15:22:06.000Z,0.0014599999999999947,0x1d5321e125f6c7079a716705541c7b371ca79e69,sell,0x0a76aad21948ea1ef447d26dee91a54370e151e0,0xffbbfb1421b069e65d854a8c37241b79d9ada645af77f92f34750be07faf27d0
185,0.1485163944120062,0.000191586148791488,0x1d5321e125f6c7079a716705541c7b371ca79e69,2017-10-31T15:22:06.000Z,0.00129,0x02f3f615dad26e296bec71632d7d3fdb702dae7c,buy,0x0a76aad21948ea1ef447d26dee91a54370e151e0,0xffbbfb1421b069e65d854a8c37241b79d9ada645af77f92f34750be07faf27d0
186,50,0.064,0xba2236d9a90dd62e9f08a64d4928bb4791c6834a,2017-10-31T15:21:42.000Z,0.00128,0x6b6efc597e78ffefec1900324c0069045cc71eed,buy,0x0a76aad21948ea1ef447d26dee91a54370e151e0,0xae623954aeb7ad9fd1ef807aa513434954086f1519bfd42ff04d84f00c4579a9
187,298.17565546804906,0.26835808992124416,0x880b8986359d17402663d070f097364526d44958,2017-10-31T15:20:56.000Z,0.0009,0xff70eeda6fb9380d30b9a202c7a4970a2d966d37,sell,0x0a76aad21948ea1ef447d26dee91a54370e151e0,0x0e20befb02ba5cfbb2b971014d6c7708b254f0e271a7f00288b79f8ae50cc088
188,21.2,0.02544,0xba2236d9a90dd62e9f08a64d4928bb4791c6834a,2017-10-31T15:17:49.000Z,0.0012,0x68ca7fc4bfc3bb2a9cf6f45736dcadc2c427c5a0,sell,0x0a76aad21948ea1ef447d26dee91a54370e151e0,0xeb986e8c3034e524e54b8f517fb73b5d9f1ba323d357d1dadf2804383f6b47b3
189,40,0.044,0xba2236d9a90dd62e9f08a64d4928bb4791c6834a,2017-10-31T15:17:49.000Z,0.0011,0x68ca7fc4bfc3bb2a9cf6f45736dcadc2c427c5a0,sell,0x0a76aad21948ea1ef447d26dee91a54370e151e0,0x57c15ab6e1609b041ce14fc5d2c2f5058da7b74402e64428ce82a85fcd4ce7fa
190,65.56755963455659,0.07868107156146792,0xba2236d9a90dd62e9f08a64d4928bb4791c6834a,2017-10-31T15:17:49.000Z,0.0012,0x68ca7fc4bfc3bb2a9cf6f45736dcadc2c427c5a0,sell,0x0a76aad21948ea1ef447d26dee91a54370e151e0,0x8701e08c04252cec8f2a9b63259c12ac642a323dba99a749c1f7daa5f631ae73
191,300,0.2715,0x047d86ac843337c407e3efe80c788149cd741a3b,2017-10-31T15:16:04.000Z,0.000905,0xff70eeda6fb9380d30b9a202c7a4970a2d966d37,sell,0x0a76aad21948ea1ef447d26dee91a54370e151e0,0xfb8c754fa75e0bd9a1f44cc6e9a9e2d73baf7d79c0d2f8332ea21d28e46d824c
192,396.1725013771811,0.356555251239463,0x2e76f28d753b219b02037e5f40a5719ec7e4d493,2017-10-31T15:12:27.000Z,0.0009,0x7c1ac7ea4f37e31019abf7aa8783af9ed20978c9,sell,0x0a76aad21948ea1ef447d26dee91a54370e151e0,0x329e0e960acc47a51a9366109a23adb98fe849d3b62e3f65825e34b19df63cff
193,300,0.315,0x047d86ac843337c407e3efe80c788149cd741a3b,2017-10-31T15:09:57.000Z,0.00105,0x7c1ac7ea4f37e31019abf7aa8783af9ed20978c9,sell,0x0a76aad21948ea1ef447d26dee91a54370e151e0,0xf1626b19fe690dbfab5318862fe9c2b7ccfc35f7f79f7ac9c24e48de25d3728f
194,108.0727992206399,0.129708973624612,0x6b6efc597e78ffefec1900324c0069045cc71eed,2017-10-31T15:08:17.000Z,0.0012002,0x68ca7fc4bfc3bb2a9cf6f45736dcadc2c427c5a0,sell,0x0a76aad21948ea1ef447d26dee91a54370e151e0,0x2bf2dc1b617aa6ae47d552ce582ee0eb59c32b95d5d424c2983edb63a8ea8102
195,52.103721979965236,0.052104295120907015,0xdb3a3dff3180a9f045208b966b8e3d0070ae2372,2017-10-31T14:59:56.000Z,0.001000011,0x7c1ac7ea4f37e31019abf7aa8783af9ed20978c9,sell,0x0a76aad21948ea1ef447d26dee91a54370e151e0,0x27ca8ecaa4f5b0e7117f061c01d58f1790382a5f3db769cba9c96478e3443749
196,4500,4.05,0x2e76f28d753b219b02037e5f40a5719ec7e4d493,2017-10-31T14:59:06.000Z,0.0009,0x7c1ac7ea4f37e31019abf7aa8783af9ed20978c9,sell,0x0a76aad21948ea1ef447d26dee91a54370e151e0,0xf745911e26a3c7c945b5ed2fbaeb6fc2cfde39bcc42e60563f60b20a2d09f6c7
197,18.8,0.02256,0xba2236d9a90dd62e9f08a64d4928bb4791c6834a,2017-10-31T14:58:30.000Z,0.0012,0x7c1ac7ea4f37e31019abf7aa8783af9ed20978c9,sell,0x0a76aad21948ea1ef447d26dee91a54370e151e0,0x647645f27a91361f1afc86bfbf1d58d32d0bcd792d9c80ab11862a67b8561419
198,12.308,0.0160004,0x7927551aea21d146c065257e06e677a52ba29de2,2017-10-31T14:58:09.000Z,0.0013,0x7c1ac7ea4f37e31019abf7aa8783af9ed20978c9,sell,0x0a76aad21948ea1ef447d26dee91a54370e151e0,0x5751c0cf53f18cabdebb2918b3d3b60a2632737bb3b5ff7df4b1dc50cb4ac8eb
199,447.89627802003474,0.44790120487909296,0xdb3a3dff3180a9f045208b966b8e3d0070ae2372,2017-10-31T14:56:33.000Z,0.001000011,0x918722a677d5fe9ccc6389a674989c95b9000061,sell,0x0a76aad21948ea1ef447d26dee91a54370e151e0,0x360e30aa880ba0793231b4693e4ae9b4c9ba03256196e7f19639a7ec9bd8fc32
200,50.527657765057576,0.056388866065804254,0xfc4bcf831c96e650e11e6d804beaaeb2d357e138,2017-10-31T14:54:20.000Z,0.001116,0x918722a677d5fe9ccc6389a674989c95b9000061,sell,0x0a76aad21948ea1ef447d26dee91a54370e151e0,0x1729b1edf816d47921482a3bd3230a56b60e46f715c731158937486fe203b291
201,34.432440365443405,0.04131892843853208,0xba2236d9a90dd62e9f08a64d4928bb4791c6834a,2017-10-31T14:50:33.000Z,0.0012,0x59b53cc87248defb36b600a0895372dd7908813b,sell,0x0a76aad21948ea1ef447d26dee91a54370e151e0,0x2b504bc5c31b2a8c6ffce2dfa28e8fd93dd9b16d49f5fa25475833296f22d492
202,15.414575343393539,0.018500573327140925,0x6b6efc597e78ffefec1900324c0069045cc71eed,2017-10-31T14:47:51.000Z,0.0012002,0x59b53cc87248defb36b600a0895372dd7908813b,sell,0x0a76aad21948ea1ef447d26dee91a54370e151e0,0xf2303fb4f0407fa87fd8bc2b84e893c280330c6fe2c5f3e3c34c1ec1dfd55e9e
203,500,0.5008885,0x350e4697e636df8af11fd8270661885ce84dcbb3,2017-10-31T14:43:59.000Z,0.001001777,0x5a8874db0a2b1de1a56d3cf4b9c746a754a2f8a5,sell,0x0a76aad21948ea1ef447d26dee91a54370e151e0,0x51bd9d502cf3c37f8e6ea6cfb306a4013953fd914f74b85f95ba00ac3b7fc2b4
204,20,0.0288,0xf528a2523cd33b81a418fa2db69c8ee6352b29d6,2017-10-31T14:31:36.000Z,0.00144,0x68ca7fc4bfc3bb2a9cf6f45736dcadc2c427c5a0,buy,0x0a76aad21948ea1ef447d26dee91a54370e151e0,0x77d681bfaba9929108bcbbfa98d2e8015bf9d2f7b743991e222b0748ad865efa
205,350,0.455,0x2c7983301df986f8f1b60b999c51abd3731ce6f8,2017-10-31T14:06:55.000Z,0.0013,0x7c1ac7ea4f37e31019abf7aa8783af9ed20978c9,sell,0x0a76aad21948ea1ef447d26dee91a54370e151e0,0xb86f318e805868cc472de06ac994fc81ec616666ef266d23aac006f292cdd539
206,1505.971,1.739396505,0x3cb319e3dc7432c795b70ffaa05e90ba46107305,2017-10-31T14:06:55.000Z,0.001155,0x7c1ac7ea4f37e31019abf7aa8783af9ed20978c9,sell,0x0a76aad21948ea1ef447d26dee91a54370e151e0,0xdff5411eb659cb6075266f8da382293d25b847e97f1748a7037d008d11fff4cf
207,1494.028976480421,1.7256034678348864,0x3cb319e3dc7432c795b70ffaa05e90ba46107305,2017-10-31T13:46:41.000Z,0.001155,0x3795f9907f35dd3df303ccee7078bc5f420d8ae1,sell,0x0a76aad21948ea1ef447d26dee91a54370e151e0,0x4ab3e521d7a30c0b75c972a77e2249e6964e6c45fe28360b36b52ad313cb716e
208,176.51262543596656,0.21185045304824707,0x6b6efc597e78ffefec1900324c0069045cc71eed,2017-10-31T13:43:41.000Z,0.0012002,0xac5b8828d1c5758788fa5d7e0d8aa3d75b4f2d37,sell,0x0a76aad21948ea1ef447d26dee91a54370e151e0,0x9e455c066bee8b355f1022bea10bcd334cd9acac91407674ae9ca2acef336083
209,265.54478608956987,0.3213091911683795,0x95449ee77957dd9f718298a5e7cfc643a99443f7,2017-10-31T12:38:49.000Z,0.00121,0x5a8874db0a2b1de1a56d3cf4b9c746a754a2f8a5,sell,0x0a76aad21948ea1ef447d26dee91a54370e151e0,0xa9a0d04b99742ad2f7965ccf2f20fe2c0fcdc839db999c46b1fe2101b73c4cc5
210,0.001044957278129238,0.000001264398306536,0x95449ee77957dd9f718298a5e7cfc643a99443f7,2017-10-31T11:58:25.000Z,0.0012099999999996382,0x120523daa602ef7d8b93d5ac161192b232468d79,sell,0x0a76aad21948ea1ef447d26dee91a54370e151e0,0xf2363de52cf934f0749a9f7e1fccbad47eebfb8cebd17f672166668e4ade1686
211,10.481966456914382,0.012683179412866402,0x95449ee77957dd9f718298a5e7cfc643a99443f7,2017-10-31T11:57:58.000Z,0.00121,0x120523daa602ef7d8b93d5ac161192b232468d79,sell,0x0a76aad21948ea1ef447d26dee91a54370e151e0,0xa232397b0c134d5eb2476e39634056dab56dad5ba905f701402704acf5a8df03
212,12.121629600240375,0.01757624170405254,0x1d5321e125f6c7079a716705541c7b371ca79e69,2017-10-31T11:34:11.000Z,0.00144999,0x36ac32b737afb8c3f35056fd8ea1e68cff54208f,buy,0x0a76aad21948ea1ef447d26dee91a54370e151e0,0x8537d8d06f4fc30f38bd6a1e4808e9b757062643d6532254863e6f5851dcc1e5
213,12.085373479800971,0.017644645280509418,0x9b84f198093c7eb759519b565f5763dbafc1afdb,2017-10-31T11:34:11.000Z,0.00146,0x1d5321e125f6c7079a716705541c7b371ca79e69,sell,0x0a76aad21948ea1ef447d26dee91a54370e151e0,0x8537d8d06f4fc30f38bd6a1e4808e9b757062643d6532254863e6f5851dcc1e5
214,10.447,0.01765543,0x5c1b4b5be9d7a3e6b6f0decde619dd859255c779,2017-10-31T11:29:18.000Z,0.00169,0x9b84f198093c7eb759519b565f5763dbafc1afdb,buy,0x0a76aad21948ea1ef447d26dee91a54370e151e0,0x8599b0a5ab567b0b26d3cb3296e6040707438b73575643799eec0a99cf2b5995
215,139.97220249623763,0.16936636502044752,0x95449ee77957dd9f718298a5e7cfc643a99443f7,2017-10-31T11:21:46.000Z,0.00121,0x918722a677d5fe9ccc6389a674989c95b9000061,sell,0x0a76aad21948ea1ef447d26dee91a54370e151e0,0x66995aa249c8e446f700a7d0f94a966addb320ae931096e28c3afda9022c6b3b
216,111.82,0.1476024,0xc195d6242f283ad697897432517028c2b127b740,2017-10-31T11:20:07.000Z,0.00132,0x918722a677d5fe9ccc6389a674989c95b9000061,sell,0x0a76aad21948ea1ef447d26dee91a54370e151e0,0x31ffdb6ad11fef2f714bea71a27e30f71eefadd2b976e44995a6fab963d91dac
217,996.9378901472311,1.315958014994345,0xc195d6242f283ad697897432517028c2b127b740,2017-10-31T11:19:37.000Z,0.00132,0x4454847b528907f6819a6696491370060a37e5d0,sell,0x0a76aad21948ea1ef447d26dee91a54370e151e0,0xb55466d64e94a4781f51f2aaea4d8f41f4a452bc1ab5d77635444380495d3c71
218,783.976066874576,1.0348484082744402,0xc195d6242f283ad697897432517028c2b127b740,2017-10-31T11:16:27.000Z,0.00132,0x4454847b528907f6819a6696491370060a37e5d0,sell,0x0a76aad21948ea1ef447d26dee91a54370e151e0,0x1850c82bb3e4b9477691ab8554ce5f36330d41ab36fab12cb3f6ac6c84bb0f30
219,49.07951607872863,0.06478496122392179,0xc195d6242f283ad697897432517028c2b127b740,2017-10-31T11:10:28.000Z,0.00132,0x3ef3681b81a0b7623df79c4be932f15a0bb65ddb,sell,0x0a76aad21948ea1ef447d26dee91a54370e151e0,0x559d20bf2d3042c8f2c821c9707eff1491a6d4af6b8e07b235c93945cb4c5203
220,549.1209744979335,0.7303308960822515,0x9c8e174819ca8afeaa93593456b4dac97025b9f8,2017-10-31T11:09:03.000Z,0.00133,0x3ef3681b81a0b7623df79c4be932f15a0bb65ddb,sell,0x0a76aad21948ea1ef447d26dee91a54370e151e0,0x83c5653d02ea70499a55df9de51bcca0f724ba567210239ab3f9b9fd5c56afff
221,825.0409188713027,1.0973044220988326,0x9c8e174819ca8afeaa93593456b4dac97025b9f8,2017-10-31T11:08:29.000Z,0.00133,0x4454847b528907f6819a6696491370060a37e5d0,sell,0x0a76aad21948ea1ef447d26dee91a54370e151e0,0x49dcfc7c3cc4b7c7ca599551b2f2aeb8433d178095a0c27244e4b0688685fb89
222,249.22739507526668,0.3314724354501047,0x9c8e174819ca8afeaa93593456b4dac97025b9f8,2017-10-31T11:05:23.000Z,0.00133,0x67184334d94448a27eb5db91cac5ae291172acb9,sell,0x0a76aad21948ea1ef447d26dee91a54370e151e0,0xb754153cd6866137828fb28c3023e9c633a81ef1a415ff4c4ad384b9aa643c48
223,455.4571980374358,0.6057580733897896,0x9c8e174819ca8afeaa93593456b4dac97025b9f8,2017-10-31T10:56:59.000Z,0.00133,0x4454847b528907f6819a6696491370060a37e5d0,sell,0x0a76aad21948ea1ef447d26dee91a54370e151e0,0x8a28445dfd36ab3a307083b93a6d2332e8ee5bdd158917afab621ee95ae528a5
224,21.153513518061356,0.028134172979021602,0x9c8e174819ca8afeaa93593456b4dac97025b9f8,2017-10-31T10:41:23.000Z,0.00133,0x4454847b528907f6819a6696491370060a37e5d0,sell,0x0a76aad21948ea1ef447d26dee91a54370e151e0,0x0cd84fcf28ec83fb4b77c78086398fa83e9e29a247a11075ab17e02c1e4598d1
225,2990.2402190541447,3.9471170891514706,0xc195d6242f283ad697897432517028c2b127b740,2017-10-31T09:20:05.000Z,0.00132,0x3cb319e3dc7432c795b70ffaa05e90ba46107305,sell,0x0a76aad21948ea1ef447d26dee91a54370e151e0,0xb0b0c06cfed9a8e1caf2499c0823472aa58571a010b628f8692bddd286fdda51
226,2990.2402190541447,3.9471170891514706,0xc195d6242f283ad697897432517028c2b127b740,2017-10-31T09:18:31.000Z,0.00132,0x3cb319e3dc7432c795b70ffaa05e90ba46107305,sell,0x0a76aad21948ea1ef447d26dee91a54370e151e0,0xb0b0c06cfed9a8e1caf2499c0823472aa58571a010b628f8692bddd286fdda51
227,0.14673004800560718,0.000217013594270245,0x1d5321e125f6c7079a716705541c7b371ca79e69,2017-10-31T08:34:02.000Z,0.001478999,0x36ac32b737afb8c3f35056fd8ea1e68cff54208f,buy,0x0a76aad21948ea1ef447d26dee91a54370e151e0,0x80d57812613a0a4450583dcd135896dd7312e7407b0ca71fa6c2862b1f285b55
228,0.1462911744821607,0.000469594670087735,0x97ccc19febdde497629a07b4f82ea9fde58ec3e7,2017-10-31T08:34:02.000Z,0.0032099999999999945,0x1d5321e125f6c7079a716705541c7b371ca79e69,sell,0x0a76aad21948ea1ef447d26dee91a54370e151e0,0x80d57812613a0a4450583dcd135896dd7312e7407b0ca71fa6c2862b1f285b55
229,48.76328595386355,0.156530147911902,0x97ccc19febdde497629a07b4f82ea9fde58ec3e7,2017-10-31T08:32:02.000Z,0.00321,0x273a5d3e6721b9f5c1a6474f560c1334c63dda01,sell,0x0a76aad21948ea1ef447d26dee91a54370e151e0,0xb040f838aa34aa03bcc400c065bf022d0cca19b6bbd0ef2dfc07c641369338b8
230,48.91001600186916,0.07233786475674849,0x273a5d3e6721b9f5c1a6474f560c1334c63dda01,2017-10-31T08:32:02.000Z,0.001478999,0x36ac32b737afb8c3f35056fd8ea1e68cff54208f,buy,0x0a76aad21948ea1ef447d26dee91a54370e151e0,0xb040f838aa34aa03bcc400c065bf022d0cca19b6bbd0ef2dfc07c641369338b8
231,9,0.01188,0xc195d6242f283ad697897432517028c2b127b740,2017-10-31T08:22:10.000Z,0.00132,0x68ca7fc4bfc3bb2a9cf6f45736dcadc2c427c5a0,sell,0x0a76aad21948ea1ef447d26dee91a54370e151e0,0xdbb514e868945f320a0125c8205a4f4c3f2b5261e1df9ea5c77ff7e2220fad46
232,10,0.0132,0xc195d6242f283ad697897432517028c2b127b740,2017-10-31T08:13:33.000Z,0.00132,0x68ca7fc4bfc3bb2a9cf6f45736dcadc2c427c5a0,sell,0x0a76aad21948ea1ef447d26dee91a54370e151e0,0xec5b98b8f04c6f32ec9127829faf42c6db0298847765b77ca03949852c09cf36
233,34.095,0.0450054,0xc195d6242f283ad697897432517028c2b127b740,2017-10-31T08:01:43.000Z,0.00132,0x68ca7fc4bfc3bb2a9cf6f45736dcadc2c427c5a0,sell,0x0a76aad21948ea1ef447d26dee91a54370e151e0,0xb577977b3bd0f9765a802e1ae989e451d55f2170323d9641fe9958a810c2136c
234,189.41282025720267,0.25002492273950755,0xc195d6242f283ad697897432517028c2b127b740,2017-10-31T07:18:52.000Z,0.00132,0xda8be99300ab04a99e46f6e818286d2c23baafba,sell,0x0a76aad21948ea1ef447d26dee91a54370e151e0,0x656139a9ece23e6cd9d3a9a13b1a25e01bc5c8355d2f86cfbdc3e1fea3294048
235,0.02197872485009969,0.000029011916802131,0xc195d6242f283ad697897432517028c2b127b740,2017-10-31T07:13:20.000Z,0.001319999999999973,0x19557c1bc9332ca43b6377efa3f12e15a6ab88c3,sell,0x0a76aad21948ea1ef447d26dee91a54370e151e0,0x7edb7a69d4fba1626c39f190f6983cae81a7c49a8bc8b277fe54297ee18818ef
236,220.46858897135,0.291018537442182,0xc195d6242f283ad697897432517028c2b127b740,2017-10-31T07:12:10.000Z,0.00132,0x19557c1bc9332ca43b6377efa3f12e15a6ab88c3,sell,0x0a76aad21948ea1ef447d26dee91a54370e151e0,0x2db1e9728f2b4d97b6ed8c80f51f7fe26406bcb44f0d97dd9fcb328295d1e1c4
237,4.9845479015053336,0.006579608214534941,0x1829ee60346d0cfdea1132e0bea6503cb623a73c,2017-10-31T06:19:07.000Z,0.001320001,0x658acdd5063fa27fe816f3923c7426a29cb2421b,sell,0x0a76aad21948ea1ef447d26dee91a54370e151e0,0x4698c92c9c1ca1c00a290705d264d13bdc0f0d333356415c5655dbb36c5d48e9
238,10.10367859635131,0.013336865850862327,0x1829ee60346d0cfdea1132e0bea6503cb623a73c,2017-10-31T06:16:20.000Z,0.001320001,0xf3595264ae1bf708b3fde43bb1a118c9e31c9108,sell,0x0a76aad21948ea1ef447d26dee91a54370e151e0,0x5366346214dda4521a55a113f3f0188c992d8dad4fe057bb9bea686e49125cbc
239,58.29692939011924,0.0769519467949574,0xc195d6242f283ad697897432517028c2b127b740,2017-10-31T05:34:25.000Z,0.00132,0x90fdf660ab6557ebc6a1433670876090e03133c6,sell,0x0a76aad21948ea1ef447d26dee91a54370e151e0,0xfd0bf65d69c9ff1a7757b674666bbf4fd416c8f1274403dd6f9522f4cd5923df
240,150.453593859037,0.1985987440443824,0xbf3ff66b9f477e3c6f3b8b2c6053e398a243e6c1,2017-10-31T05:26:33.000Z,0.001320000001,0xaefe938d19813efca95ca3f4f026517b3dd1344c,sell,0x0a76aad21948ea1ef447d26dee91a54370e151e0,0x6553eee6edf0ac6e903f7e5764fa2edf450f8776498294626850c8df69c51b95
241,9,0.011889,0x4fdbdb0d2f7b7374f3285d2c68f559aaab35b476,2017-10-31T04:45:25.000Z,0.001321,0x6ee3c78a15071bfca6acd1d71f8567625118d1ff,sell,0x0a76aad21948ea1ef447d26dee91a54370e151e0,0x44d28175a0ed38cec52ff77faa927df2691e07e09aa6b0a8fbb2b8ea13e121a2
242,143.039068886452,0.18881586210218324,0x02f3f615dad26e296bec71632d7d3fdb702dae7c,2017-10-31T04:45:25.000Z,0.00132003,0x6ee3c78a15071bfca6acd1d71f8567625118d1ff,sell,0x0a76aad21948ea1ef447d26dee91a54370e151e0,0xf7056d77dc79f6388c8e7004c46016a23a4b0b3af006b52a17b7f35e1b130f58
243,22.1,0.029172663,0x02f3f615dad26e296bec71632d7d3fdb702dae7c,2017-10-31T04:28:34.000Z,0.00132003,0x808794aa3a7b2ccbef5899c08f686635a5d8a4e9,sell,0x0a76aad21948ea1ef447d26dee91a54370e151e0,0x8f99384a277e997b4dbfe77c55abfef55e3a1d84ab8f90cd5a063f58f44aa345
244,9.969095803010667,0.01315950553284817,0x02f3f615dad26e296bec71632d7d3fdb702dae7c,2017-10-31T02:18:32.000Z,0.00132003,0xc33aefdb63f3a2c7b01f5e247bd98c28cd53ebd0,sell,0x0a76aad21948ea1ef447d26dee91a54370e151e0,0x6490477a35b0a74c74562afa22a7ef24ae9648a7138c7d6d0b6d5b28f1c53594
245,34.89183531053733,0.046058269364968596,0x02f3f615dad26e296bec71632d7d3fdb702dae7c,2017-10-31T02:16:15.000Z,0.00132003,0x8c64766fd6632f56ec5845b714ca8c7df760ffa0,sell,0x0a76aad21948ea1ef447d26dee91a54370e151e0,0xa96c58295bd40b95110c97a03651527a8aab13f004911a157509b4732c329c43
246,14.582,0.019277404,0x1ec102092fa2f76a00d275a593581babb4b0d35e,2017-10-31T02:11:32.000Z,0.001322,0xa3c6dae8ebb8663a5035d6e0d01edbcf9f802650,sell,0x0a76aad21948ea1ef447d26dee91a54370e151e0,0xa2af6d5956c9f67e1c16ff02f0ee6cfb42612dc6ccf3e669e1248c860f512ebd
247,17.697,0.023377737,0xedc82bdaf3e5e6deb9987e5d1fba50db6243b88c,2017-10-31T02:11:32.000Z,0.001321,0xa3c6dae8ebb8663a5035d6e0d01edbcf9f802650,sell,0x0a76aad21948ea1ef447d26dee91a54370e151e0,0x8e98bf09f0ab935f13a7539bbd39eadeb769befb53959531416b25bb6e719bb6
248,0.5,0.0007625,0xc1aac4101f510c66e44f0f0aee922051efc3ae53,2017-10-31T01:52:25.000Z,0.001525,0x3cb319e3dc7432c795b70ffaa05e90ba46107305,buy,0x0a76aad21948ea1ef447d26dee91a54370e151e0,0x3b1abd8458b40db5739ca31ecd4be08ab51b428bfd4cb954f54d756998ac5147
249,6.691335988837755,0.009970090623368255,0xaae7a9152d1862597dd7be5b39f229f5f95b1be9,2017-10-31T01:43:39.000Z,0.00149,0x9dd88b1688123b181e09bb98554e31354e8ceb1b,buy,0x0a76aad21948ea1ef447d26dee91a54370e151e0,0x059db58ca5ac67b6b16491518473e3de06b2eb9f923622c0c73ce36831a20572
250,0.000839069487905209,0.00000110924986301,0x1ec102092fa2f76a00d275a593581babb4b0d35e,2017-10-31T01:41:43.000Z,0.0013219999999991821,0x5204b0980cf54a17ad0c19d45b028295659aa505,sell,0x0a76aad21948ea1ef447d26dee91a54370e151e0,0x41e8cbec391deccd3957fb3f74561551fe50857fc517bc328a77d217b7625415
251,8.416706033177142,0.011126885375860183,0x1ec102092fa2f76a00d275a593581babb4b0d35e,2017-10-31T01:40:27.000Z,0.0013219999999999998,0x5204b0980cf54a17ad0c19d45b028295659aa505,sell,0x0a76aad21948ea1ef447d26dee91a54370e151e0,0xabeb0b8995882f4a0e142bf603144f6ad0b48479547e334a60af00780f0d9544
252,6.697344299972921,0.009979043006959653,0xaae7a9152d1862597dd7be5b39f229f5f95b1be9,2017-10-31T01:39:37.000Z,0.00149,0x9dd88b1688123b181e09bb98554e31354e8ceb1b,buy,0x0a76aad21948ea1ef447d26dee91a54370e151e0,0x1b3deedd9794caeac1bdbac3aa6fb3e266380fb471ce7a94e9bc8104d4333dec
253,19,0.02755,0x973472ed84e91b4ae0c0129eb79f63285f94005e,2017-10-31T01:33:18.000Z,0.00145,0x5204b0980cf54a17ad0c19d45b028295659aa505,sell,0x0a76aad21948ea1ef447d26dee91a54370e151e0,0x1b4acb4c0acb67612ba55a3ad06b205b716c2cda49b015261444d4f5ad72f412
254,20,0.034,0xd8d06134e33e921cd7a7487a3e38cdbe82564f9c,2017-10-31T00:57:23.000Z,0.0017,0xba2236d9a90dd62e9f08a64d4928bb4791c6834a,buy,0x0a76aad21948ea1ef447d26dee91a54370e151e0,0x2800d4dc51388a25cc2931ab5f8439cd861435740f6b83f4c5cf358ca46b254d
255,200,0.266,0x558a2d7024dfce5e00e849ae8eff514a970120f6,2017-10-31T00:40:33.000Z,0.00133,0xf071b7bf492f5dd6bfbdad4ff1bb94c21e062dd5,sell,0x0a76aad21948ea1ef447d26dee91a54370e151e0,0x07e532d4a14b150d80e8c0b66dcb700ccb1ad677f62dd1826e040ef8a0b5e4f4
256,48,0.0696,0x6819d6f724d57dd3735b7f29546a7e7cd95ec4ca,2017-10-31T00:26:05.000Z,0.00145,0xf071b7bf492f5dd6bfbdad4ff1bb94c21e062dd5,sell,0x0a76aad21948ea1ef447d26dee91a54370e151e0,0x8c11db98cdd3e5c71864e423c2e3678467ef21802897449aa5a77c310b10486c
257,353.9,0.513155,0x7927551aea21d146c065257e06e677a52ba29de2,2017-10-31T00:24:13.000Z,0.00145,0xd33ad3a5c61ca8f7e9b27b8cc8aa0ff2269eb280,buy,0x0a76aad21948ea1ef447d26dee91a54370e151e0,0xea63ca2f2dfbeb02fd868868ca9d9becf7c0f844d4f510f1a07f12f900582e91
258,100,0.145,0xc8f0f7ee5ab3ef98804438550111bc2c115c96dc,2017-10-31T00:18:33.000Z,0.00145,0xd33ad3a5c61ca8f7e9b27b8cc8aa0ff2269eb280,buy,0x0a76aad21948ea1ef447d26dee91a54370e151e0,0x90efd75f4e87952fcbde722750c482064bac38d7817335051d7cb58d03d952ec
259,100,0.145,0xc8f0f7ee5ab3ef98804438550111bc2c115c96dc,2017-10-30T23:55:03.000Z,0.00145,0xd33ad3a5c61ca8f7e9b27b8cc8aa0ff2269eb280,buy,0x0a76aad21948ea1ef447d26dee91a54370e151e0,0x57b98539bb4be5f0ced5251e8e7c6da9d4458009561832f8c4f73af1c304c762
260,1,0.00136,0xc8f0f7ee5ab3ef98804438550111bc2c115c96dc,2017-10-30T23:52:36.000Z,0.00136,0xadc45ad9e5d19bb7536b468a3fce8a8d275649ed,buy,0x0a76aad21948ea1ef447d26dee91a54370e151e0,0x8be61810cbf244c75f2be5e463458ecbccedd12311020ce043826d0268ae256e
261,450,0.6525,0xc310112f6cab9dfc87ab87b91ddca667ca78bbe4,2017-10-30T23:38:06.000Z,0.00145,0xd33ad3a5c61ca8f7e9b27b8cc8aa0ff2269eb280,buy,0x0a76aad21948ea1ef447d26dee91a54370e151e0,0xe5fdaa8924241aafe771fedd0277bf87b70ffdb432a60bb5f8f9eafc27bee197
262,15,0.019815015,0x5c90e44313ca941804dafe07737b7e221941d562,2017-10-30T23:31:23.000Z,0.001321001,0xcd5f9cb4b922ce39d6787d4b3319df8404eb68af,buy,0x0a76aad21948ea1ef447d26dee91a54370e151e0,0x49378ac45fbba57189af9148c23a0f866e768ed72d8f7434efa277425047cd70
263,49.546406140963015,0.06540125615561758,0xbf3ff66b9f477e3c6f3b8b2c6053e398a243e6c1,2017-10-30T23:06:05.000Z,0.001320000001,0xe2603cae5a714ccac6ec758bb0d4bbb1822deec0,sell,0x0a76aad21948ea1ef447d26dee91a54370e151e0,0xf67a9df01f5d3076ba0ba14a3127c4d59e22fb9d85427f356fc0246f74386b29
264,100,0.1321001,0xe770d2241601fa821bc172522bb2e53f19906ac2,2017-10-30T23:00:07.000Z,0.001321001,0xe2603cae5a714ccac6ec758bb0d4bbb1822deec0,sell,0x0a76aad21948ea1ef447d26dee91a54370e151e0,0xbeb54f87b5c6c34294281976d7d8fc584b4b22c1108937395afd66b79d3322f5
265,206.15450000615883,0.27212394000812967,0xc195d6242f283ad697897432517028c2b127b740,2017-10-30T22:53:15.000Z,0.00132,0x85323d3df924f720d26b59bdd1c799a8093a3594,sell,0x0a76aad21948ea1ef447d26dee91a54370e151e0,0x78530205790de28cbe68ba9d6c63b4928e7c60e219431196bc180846207dbd6a
266,200,0.2642002,0x36ac32b737afb8c3f35056fd8ea1e68cff54208f,2017-10-30T22:44:43.000Z,0.001321001,0x85323d3df924f720d26b59bdd1c799a8093a3594,sell,0x0a76aad21948ea1ef447d26dee91a54370e151e0,0xb8ea9ad1553fa8c883ac20a56cc1954fc1009d8e627c338782b8b5bc8675f071
267,598.3919848469744,0.7898774199980062,0xc195d6242f283ad697897432517028c2b127b740,2017-10-30T22:36:03.000Z,0.00132,0xa9de8760e564685a0ddc259b0486174455893f70,sell,0x0a76aad21948ea1ef447d26dee91a54370e151e0,0x52e7031c24af78b91dc6c46150516d3724326ba86dc0c019cbc91210ced8fad2
268,2792.1941979862427,3.68569634134184,0xc195d6242f283ad697897432517028c2b127b740,2017-10-30T22:16:27.000Z,0.00132,0x39244ccc305d067a802a2764c75fcb8da843cab7,sell,0x0a76aad21948ea1ef447d26dee91a54370e151e0,0x86281c0410bbfd19cb688afea08deba07e629f7f96db6a4686395f30590bb92e
269,350,0.462,0x02f3f615dad26e296bec71632d7d3fdb702dae7c,2017-10-30T22:10:58.000Z,0.00132,0x19b2014c13fb196601a1c395c2817c4010198eb5,buy,0x0a76aad21948ea1ef447d26dee91a54370e151e0,0x019651ee126c9f7f36d524ff5823943ad40a12f423cd9577c552fb44aa3be6fd
270,300,0.396,0x386f342a348f77306ce4efd53511372d000bd25e,2017-10-30T22:09:19.000Z,0.00132,0x19b2014c13fb196601a1c395c2817c4010198eb5,buy,0x0a76aad21948ea1ef447d26dee91a54370e151e0,0x81731cf7c41532faa420ad76fb3182f5f96b2df8c2f783cac8f33e1516bef957
271,300,0.396,0x02f3f615dad26e296bec71632d7d3fdb702dae7c,2017-10-30T22:09:10.000Z,0.00132,0x19b2014c13fb196601a1c395c2817c4010198eb5,buy,0x0a76aad21948ea1ef447d26dee91a54370e151e0,0x2c3201f28f381ad0320eddbc58ad8ead52861d4e17241b2d52ae3e859c70f3db
272,232.27979188750865,0.3068416050833989,0xedc82bdaf3e5e6deb9987e5d1fba50db6243b88c,2017-10-30T21:41:01.000Z,0.001321,0x819a3d27853804e4ecf79b009b098cc384d96a43,sell,0x0a76aad21948ea1ef447d26dee91a54370e151e0,0x153d1e5a7e2683141d5363f089cf79a2db72025b2df18147b19ffcb61825f59b
273,1247.1338849566343,1.6462167281427575,0xc195d6242f283ad697897432517028c2b127b740,2017-10-30T20:40:21.000Z,0.00132,0xe73b675625f4c1692d1f4b77f884d629a78bba9d,sell,0x0a76aad21948ea1ef447d26dee91a54370e151e0,0x5b4c8362d66b4e8fb815b6f885997471f5eadb9518bd10f8c8bc797edb9e02ba
274,275,0.363,0x9dd88b1688123b181e09bb98554e31354e8ceb1b,2017-10-30T20:38:02.000Z,0.00132,0x68015ed84b7396967ff9b73dee09223a71c25a3a,buy,0x0a76aad21948ea1ef447d26dee91a54370e151e0,0x26912d177447db1c035d5dd74cf3c77319115a0cf4f0f9b49c92480bf22ef360
275,35,0.04795,0x5c90e44313ca941804dafe07737b7e221941d562,2017-10-30T20:29:37.000Z,0.00137,0xef5affab0601c6c0fe6410c895ac5812f79dae7e,buy,0x0a76aad21948ea1ef447d26dee91a54370e151e0,0xa92d1b7827a5fc3b35e31a43f1817ea32bf6325c54c8b950fd0e59020d5df388
276,35,0.04725,0x5c90e44313ca941804dafe07737b7e221941d562,2017-10-30T20:28:57.000Z,0.00135,0xef5affab0601c6c0fe6410c895ac5812f79dae7e,buy,0x0a76aad21948ea1ef447d26dee91a54370e151e0,0x0b026d214eadfb33fd44e8e9f3304055accd8fc47fb060deee2dac94d3864abe
277,733.7763354573118,0.9685847628036517,0xc195d6242f283ad697897432517028c2b127b740,2017-10-30T20:19:02.000Z,0.00132,0xeb6f83d085698c9a380bf168d5e8d359318ed429,sell,0x0a76aad21948ea1ef447d26dee91a54370e151e0,0x50a8509dc4d73553c131e922c8ca181cb63af3ca40246a884f9a7d5c34682cd0
278,100,0.132,0xc195d6242f283ad697897432517028c2b127b740,2017-10-30T20:11:51.000Z,0.00132,0x38f5ecbd20276178d8cf7453aab347260c9cdea7,sell,0x0a76aad21948ea1ef447d26dee91a54370e151e0,0x9cd9db274cc9118d8a96b364c10c60d1eb625c4fe77a0e4ab8d5da0c4c4bd353
279,510.4209722952414,0.6125051667542897,0x7927551aea21d146c065257e06e677a52ba29de2,2017-10-30T20:07:25.000Z,0.0012,0xeb6f83d085698c9a380bf168d5e8d359318ed429,sell,0x0a76aad21948ea1ef447d26dee91a54370e151e0,0x08d8ea36f3fbd9523511837a9fce9437268ec621251d60ac648ba26bbb703de8
280,190.228,0.23207816,0x9373cf51068cb0f770b3eb1edd2afe886f56f43c,2017-10-30T20:06:25.000Z,0.00122,0x38f5ecbd20276178d8cf7453aab347260c9cdea7,sell,0x0a76aad21948ea1ef447d26dee91a54370e151e0,0x3cda2e70094a3128d3582236b314110673c5e337a9295973e298337123ea05c9
281,332.99860851060646,0.40625830238293986,0x9373cf51068cb0f770b3eb1edd2afe886f56f43c,2017-10-30T19:55:34.000Z,0.00122,0xd70b28a75c9eabdc839a160ae0a5a9115a87280f,sell,0x0a76aad21948ea1ef447d26dee91a54370e151e0,0x0cebcd236e69495716af8f29703553d8282e70f5ee14e8089cfbfd273082d7d5
282,32.77309356685631,0.0399831741515647,0x9373cf51068cb0f770b3eb1edd2afe886f56f43c,2017-10-30T19:51:21.000Z,0.00122,0xeb6f83d085698c9a380bf168d5e8d359318ed429,sell,0x0a76aad21948ea1ef447d26dee91a54370e151e0,0x071b8e45bbbfb50c330e9c4a12e07afd8039d5921adc2f84ecdd49d3830cbe3e
283,400,0.48802,0xd9ea71873a22b151567c265e9bb2c0e5dbd55ac8,2017-10-30T19:47:36.000Z,0.00122005,0xeb6f83d085698c9a380bf168d5e8d359318ed429,sell,0x0a76aad21948ea1ef447d26dee91a54370e151e0,0x9b10a072ddb6ec72b75b5e07011abd000b8a46a803fafd1cf4dfd3aca4d7d747
284,308.256,0.37915488,0xf008944a4ece209490294c49d8fb7413b33238c5,2017-10-30T19:44:48.000Z,0.00123,0xeb6f83d085698c9a380bf168d5e8d359318ed429,sell,0x0a76aad21948ea1ef447d26dee91a54370e151e0,0x51f898279b0b239684178a9693581a253ea1da0ffaaf75269b477e6c511a2a5c
285,516.196,0.64782598,0x3cb319e3dc7432c795b70ffaa05e90ba46107305,2017-10-30T19:44:35.000Z,0.001255,0xeb6f83d085698c9a380bf168d5e8d359318ed429,sell,0x0a76aad21948ea1ef447d26dee91a54370e151e0,0x2ef13ab8dc2877270f585b801577f0e181c72a9b5d6ef1e163c33db1ee84c96d
286,123.58296746751736,0.18537445120127605,0xd1ea049b384b1a354ab083fe976215760c9a4060,2017-10-30T19:37:16.000Z,0.0015,0x38d79e7f9e1a5f77d602ff9d2d40953d7d6a41b5,buy,0x0a76aad21948ea1ef447d26dee91a54370e151e0,0x28f875eff598098d19ac996a36a32823b607dda1f7182a032485abc5cb49a2a0
287,1472.9038312448315,1.8484943082122636,0x3cb319e3dc7432c795b70ffaa05e90ba46107305,2017-10-30T19:33:29.000Z,0.001255,0x67c8d4cfa960edeef6bcae17582f95ed56cdc1f2,sell,0x0a76aad21948ea1ef447d26dee91a54370e151e0,0x54937d2a994d59eb25ca1e9de985cd4fc3b7ccddf64f18257d7482624ce4bcae
288,99.69592736100233,0.12511838883805793,0x3cb319e3dc7432c795b70ffaa05e90ba46107305,2017-10-30T19:32:48.000Z,0.001255,0xf1e8b682baaedd2e9dfb61d4ab5a38712afcb4f0,sell,0x0a76aad21948ea1ef447d26dee91a54370e151e0,0xc1b8122ebb84ba323fc6c52b16e5c33d49b4ca3a73f37b5c732e5b1ffad087c5
289,309.0419698933307,0.38784767221613,0x3cb319e3dc7432c795b70ffaa05e90ba46107305,2017-10-30T19:30:37.000Z,0.001255,0xd70b28a75c9eabdc839a160ae0a5a9115a87280f,sell,0x0a76aad21948ea1ef447d26dee91a54370e151e0,0x525c93f8e6fe4b0dd66b8e0ba8bafc33e584e3d96f0082c949401f9bc390a1e5
290,402.8301646527622,0.5055518566392165,0x3cb319e3dc7432c795b70ffaa05e90ba46107305,2017-10-30T19:27:32.000Z,0.001255,0x9a265f1d59e020341ca2b6f4eb20aeec46054414,sell,0x0a76aad21948ea1ef447d26dee91a54370e151e0,0x0930e2ff8790ec132902b8ec471a9aa946be2eb6385922e9b22b759dc5191747
291,0.000000000000008716,0.00000000000000001,0x3cb319e3dc7432c795b70ffaa05e90ba46107305,2017-10-30T19:26:34.000Z,0.0011473152822395595,0xd70b28a75c9eabdc839a160ae0a5a9115a87280f,sell,0x0a76aad21948ea1ef447d26dee91a54370e151e0,0x11875fc2e7b1fb0f62fdb37cf94b50657aa796249d62d498bee10574c3180e71
292,27.491,0.0357383,0x5204b0980cf54a17ad0c19d45b028295659aa505,2017-10-30T19:26:09.000Z,0.0013,0x9a265f1d59e020341ca2b6f4eb20aeec46054414,sell,0x0a76aad21948ea1ef447d26dee91a54370e151e0,0x22497531598c9486bb1c4b45063f9e880ae7b36925203198bda41126340c494f
293,0.000000000087426565,0.00000000000010972,0x3cb319e3dc7432c795b70ffaa05e90ba46107305,2017-10-30T19:24:38.000Z,0.0012549961216021697,0xd70b28a75c9eabdc839a160ae0a5a9115a87280f,sell,0x0a76aad21948ea1ef447d26dee91a54370e151e0,0x2bbbfe4743b85b1dd5be5c18467e627ea8effdfa1738cbd31b5f1deae770a8ae
294,0.00000087697586523,0.000000001140068624,0x5204b0980cf54a17ad0c19d45b028295659aa505,2017-10-30T19:23:22.000Z,0.0012999999990889145,0xd70b28a75c9eabdc839a160ae0a5a9115a87280f,sell,0x0a76aad21948ea1ef447d26dee91a54370e151e0,0xee88b3f745776e28508824d26a3481e4096b8136d722fca47fcfd1f05319ffbf
295,0.00879694490412642,0.000011436028375364,0x5204b0980cf54a17ad0c19d45b028295659aa505,2017-10-30T19:22:28.000Z,0.0012999999999999605,0xd70b28a75c9eabdc839a160ae0a5a9115a87280f,sell,0x0a76aad21948ea1ef447d26dee91a54370e151e0,0xb3d5f4b89b8b44947951b2328d8905fef60cd5cf8f5810233ffdb469fc3dfde9
296,199.33207058119828,0.2501617485794039,0x3cb319e3dc7432c795b70ffaa05e90ba46107305,2017-10-30T19:07:10.000Z,0.001255,0xe770d23fa76fb4ac046fdd55223c5808c5532cfa,sell,0x0a76aad21948ea1ef447d26dee91a54370e151e0,0x23aaa39a0eb90efd26efdb3cf9b1cff6ff0c428f874b7690f48d38f4a449ad10
297,300,0.39,0x1863a1ce2a91ed88ed221e122462b52c406846eb,2017-10-30T19:04:48.000Z,0.0013,0x67c8d4cfa960edeef6bcae17582f95ed56cdc1f2,sell,0x0a76aad21948ea1ef447d26dee91a54370e151e0,0x17b1284ed2071575408b58e2fb2aff1018ccdae79e54e72bd582c9275969c99b
298,500,0.675,0x7927551aea21d146c065257e06e677a52ba29de2,2017-10-30T19:04:21.000Z,0.00135,0x67c8d4cfa960edeef6bcae17582f95ed56cdc1f2,sell,0x0a76aad21948ea1ef447d26dee91a54370e151e0,0x05a6b6fde479bba278a7ae99c93abea99d2854c4b3097ae7276281c6b7c9646b
299,435.99098172956127,0.5885878689340059,0x62185f0a173e3425cb7dabaaf9b8eb732ff38dae,2017-10-30T19:02:59.000Z,0.0013500000999999999,0x67c8d4cfa960edeef6bcae17582f95ed56cdc1f2,sell,0x0a76aad21948ea1ef447d26dee91a54370e151e0,0xb0fed3bac004beb204a6a37db509018d4ff21369261ac435636f20cc8b92b549
300,411.7578456667079,0.5599906701067228,0x7927551aea21d146c065257e06e677a52ba29de2,2017-10-30T19:02:49.000Z,0.00136,0x67c8d4cfa960edeef6bcae17582f95ed56cdc1f2,sell,0x0a76aad21948ea1ef447d26dee91a54370e151e0,0x8598220b2ca54a15442631a904cc11fcdc150aaa6e6b0f59914325821f87c3ba
301,1662.031,2.243766780465,0xadc45ad9e5d19bb7536b468a3fce8a8d275649ed,2017-10-30T19:01:13.000Z,0.001350015,0x67c8d4cfa960edeef6bcae17582f95ed56cdc1f2,sell,0x0a76aad21948ea1ef447d26dee91a54370e151e0,0x84584226c6e7e03eb30a4875abe87f55578c1a144c88a741eba099557dc85616
302,88.24215433329212,0.12000932989327727,0x7927551aea21d146c065257e06e677a52ba29de2,2017-10-30T19:00:40.000Z,0.00136,0xd70b28a75c9eabdc839a160ae0a5a9115a87280f,sell,0x0a76aad21948ea1ef447d26dee91a54370e151e0,0x4299021753d519d6bdaa1623754a7501194b55cccc36d320581d5abd5b07a9df
303,180.94147057654504,0.24608039998410125,0x1548c43c81e0ccb5a01b33f19708097cce3e82c6,2017-10-30T18:59:42.000Z,0.00136,0xd70b28a75c9eabdc839a160ae0a5a9115a87280f,sell,0x0a76aad21948ea1ef447d26dee91a54370e151e0,0x7e66d5e908abfad077440d05e014788a9a58ea1b5864a18a3a72debe3d221b67
304,0.000001484650985235,0.000000002019125339,0x1548c43c81e0ccb5a01b33f19708097cce3e82c6,2017-10-30T18:58:46.000Z,0.0013599999993805952,0x67c8d4cfa960edeef6bcae17582f95ed56cdc1f2,sell,0x0a76aad21948ea1ef447d26dee91a54370e151e0,0x52e01840a9823b8d563c505f588ca623a75219b552156ebc62283f1b14b727a3
305,259.45373975964145,0.3528570860731124,0x1548c43c81e0ccb5a01b33f19708097cce3e82c6,2017-10-30T18:58:34.000Z,0.00136,0x918722a677d5fe9ccc6389a674989c95b9000061,sell,0x0a76aad21948ea1ef447d26dee91a54370e151e0,0x518282fd3b045740d99cacc472146eb58a464c567d746db8f6e2e92470c0b26f
306,0.014892534032894781,0.000020105144332418,0xadc45ad9e5d19bb7536b468a3fce8a8d275649ed,2017-10-30T18:58:22.000Z,0.0013500149999999698,0x67c8d4cfa960edeef6bcae17582f95ed56cdc1f2,sell,0x0a76aad21948ea1ef447d26dee91a54370e151e0,0x06e00bc1c9936c332e57924d6129adbc53b189600cf339bb0cd3ae0ae7673a3b
307,80.733,0.116166632967,0x073b01a362fe342d75d829f96ad179ae0de9b6c9,2017-10-30T18:52:42.000Z,0.001438899,0x3e4f6ab2d787830f338decf92b9f8ba4e597c00b,buy,0x0a76aad21948ea1ef447d26dee91a54370e151e0,0xad156036c2b9a9739a240304bc34fae7091727136f604362ab977b1eed33a8bb
308,72.69967358911282,0.1043240316003769,0x073b01a362fe342d75d829f96ad179ae0de9b6c9,2017-10-30T18:51:06.000Z,0.001435,0x523732949909c491079f7d7385d425157b27845a,buy,0x0a76aad21948ea1ef447d26dee91a54370e151e0,0x0ccdecb116c5c4d8b4b02ace99ba914012de3ed21d3d257a97bc970bfaf565e9
309,5.153,0.00752338,0x9b84f198093c7eb759519b565f5763dbafc1afdb,2017-10-30T18:34:50.000Z,0.00146,0x523732949909c491079f7d7385d425157b27845a,sell,0x0a76aad21948ea1ef447d26dee91a54370e151e0,0x9791813aa96adb73350ca8a1509f209d4ce9385b95b13c82373a6bcb3708e0ce
310,270.46352896351783,0.36783039939038426,0x1548c43c81e0ccb5a01b33f19708097cce3e82c6,2017-10-30T18:29:40.000Z,0.00136,0x918722a677d5fe9ccc6389a674989c95b9000061,sell,0x0a76aad21948ea1ef447d26dee91a54370e151e0,0x84ebb6ea94464e0de10e1782b56efbccf90063a72d41207758a1ac9d21f19259
311,93.74698147663558,0.1274958948082244,0x1548c43c81e0ccb5a01b33f19708097cce3e82c6,2017-10-30T18:12:30.000Z,0.00136,0x45bb90d2188da25d0def69d0314ef8d44b6e9fbf,sell,0x0a76aad21948ea1ef447d26dee91a54370e151e0,0x29b22673cd6f3cf4bb418f391b19db50d709dedea12f814a0035b8aa8e793562
312,195.39427773900908,0.26573621772505235,0x1548c43c81e0ccb5a01b33f19708097cce3e82c6,2017-10-30T18:03:44.000Z,0.00136,0xfee307485667debdd5699eb87e2c973f4e602268,sell,0x0a76aad21948ea1ef447d26dee91a54370e151e0,0xce290b33b852f43e3539be0696f25fa32fe2e7414f279c97333a3ce622a8d72f
313,182.37723304755258,0.2489449231099093,0x68ca7fc4bfc3bb2a9cf6f45736dcadc2c427c5a0,2017-10-30T17:59:16.000Z,0.001365,0x918722a677d5fe9ccc6389a674989c95b9000061,sell,0x0a76aad21948ea1ef447d26dee91a54370e151e0,0x2425f8ac691c628a30237c67cdf48f957204cfd07014228b95706fb0220677d8
314,380.23148929052167,0.5133125485653532,0x62185f0a173e3425cb7dabaaf9b8eb732ff38dae,2017-10-30T17:39:15.000Z,0.0013500000999999999,0x57d0dc585f7db514d82d44af8adbb4c96a15704f,sell,0x0a76aad21948ea1ef447d26dee91a54370e151e0,0x1543418a69100fcb474768b40a15f86ed5932e95887db9de20a6105380dd2f38
315,293.953743395474,0.39684196289004087,0xadc45ad9e5d19bb7536b468a3fce8a8d275649ed,2017-10-30T17:39:15.000Z,0.001350015,0xf766209c6d1d24d181e33c5e2f488653bbccd755,sell,0x0a76aad21948ea1ef447d26dee91a54370e151e0,0xe1789faf938f6d89d1ab0da30f8929f4f0676888090e79e9a9c556fda620a005
316,150,0.2025015,0x8397b719f59d95d250cdabef8daaaba2865558a1,2017-10-30T17:37:26.000Z,0.00135001,0x57d0dc585f7db514d82d44af8adbb4c96a15704f,sell,0x0a76aad21948ea1ef447d26dee91a54370e151e0,0x2ba20017df99b46092952b2bf2b482ea895f852da7036b76ba05ed164e6cd537
317,600,0.81,0x62185f0a173e3425cb7dabaaf9b8eb732ff38dae,2017-10-30T17:30:16.000Z,0.00135,0x6dafd8d6e171a55c76cd65f40d1e8b67b0da3e00,buy,0x0a76aad21948ea1ef447d26dee91a54370e151e0,0x5994fed9473a08d68f9ef39589cc6f3ff213cd45264bc83cc484e923dd28908d
318,165.00498837414204,0.22308674428184005,0x68ca7fc4bfc3bb2a9cf6f45736dcadc2c427c5a0,2017-10-30T17:20:30.000Z,0.001352,0x57d0dc585f7db514d82d44af8adbb4c96a15704f,sell,0x0a76aad21948ea1ef447d26dee91a54370e151e0,0x0512ef64566f6bddb97daa5290d7112e7e0ebf7ba0757d102265bbeddf849f3d
319,0.8954350000000014,0.001253609000000001,0x837f3f0ba3b2a3c97a623ffd3fd678a184f80d5d,2017-10-30T17:18:49.000Z,0.001399999999999999,0x808794aa3a7b2ccbef5899c08f686635a5d8a4e9,sell,0x0a76aad21948ea1ef447d26dee91a54370e151e0,0xd1a9c915ea6e30d4e10446d404758e48c81d5d8f2c1a1b158dace2f9167d75dc
320,0.033392644699547246,0.000045146855633787,0x68ca7fc4bfc3bb2a9cf6f45736dcadc2c427c5a0,2017-10-30T17:18:33.000Z,0.0013519999999999739,0x16987b928d60e6dc3f830787d07f7b8713079bd2,sell,0x0a76aad21948ea1ef447d26dee91a54370e151e0,0x33e1ce9966df03f3f4cd6f3ebc87d1ea93eeac3c631a075f67a2391a7894b9ac
321,334.9616189811584,0.45286810886252615,0x68ca7fc4bfc3bb2a9cf6f45736dcadc2c427c5a0,2017-10-30T17:17:58.000Z,0.001352,0x16987b928d60e6dc3f830787d07f7b8713079bd2,sell,0x0a76aad21948ea1ef447d26dee91a54370e151e0,0x2041cfee79ede1abdf8d54879290237f8f5e82ae5465cd6b95ee54e74ba3808c
322,0.015200963996532311,0.000021874171990046,0xbbdaa3048455072413e45aed13d83e7f55aad734,2017-10-30T17:17:41.000Z,0.001438999,0x57d0dc585f7db514d82d44af8adbb4c96a15704f,buy,0x0a76aad21948ea1ef447d26dee91a54370e151e0,0xf658bb8dffd872b4942e59215de07b0cc7bcc9b000b5e1b5877031193b33212f
323,152.3749802827245,0.219419819232143,0xbbdaa3048455072413e45aed13d83e7f55aad734,2017-10-30T17:16:13.000Z,0.001439999,0x3e4f6ab2d787830f338decf92b9f8ba4e597c00b,buy,0x0a76aad21948ea1ef447d26dee91a54370e151e0,0x1c55797c42e19676d24f517b530d1fbcba7b2f10bfe21d367391b79ea93518cc
324,18.022600052841273,0.02487118807292096,0xba2236d9a90dd62e9f08a64d4928bb4791c6834a,2017-10-30T17:11:36.000Z,0.00138,0x57d0dc585f7db514d82d44af8adbb4c96a15704f,sell,0x0a76aad21948ea1ef447d26dee91a54370e151e0,0x3d682febec9ef84c22d485a10cb8ce24e8298c3e8e6bcb4a9b45252acdf5efc7
325,3.849548291542265,0.005620340505651706,0x9b84f198093c7eb759519b565f5763dbafc1afdb,2017-10-30T17:10:34.000Z,0.0014599999999999997,0x57d0dc585f7db514d82d44af8adbb4c96a15704f,sell,0x0a76aad21948ea1ef447d26dee91a54370e151e0,0xb839540cc66dfa048e8931e8a1a70d07aa0fb397e49be7df3108399b75d6f17d
326,1.977399947158725,0.00272881192707904,0xba2236d9a90dd62e9f08a64d4928bb4791c6834a,2017-10-30T16:59:39.000Z,0.0013799999999999997,0x182d93637adee1973aaca0a7ac1a2620d5b3ab12,sell,0x0a76aad21948ea1ef447d26dee91a54370e151e0,0xa779da666f8a3c2dce0a91a06fdee0db1ae572f55a512b8ec3205f0f27fd8f94
327,2.163,0.003140676,0x9dd88b1688123b181e09bb98554e31354e8ceb1b,2017-10-30T16:52:35.000Z,0.001452,0x57d0dc585f7db514d82d44af8adbb4c96a15704f,sell,0x0a76aad21948ea1ef447d26dee91a54370e151e0,0xfbe363511eb6ba2b7031ad5d69f3d0a804fec79602bd7078a8dd2a8a5ec19852
328,1.445,0.0021097,0x9b84f198093c7eb759519b565f5763dbafc1afdb,2017-10-30T16:52:35.000Z,0.00146,0x57d0dc585f7db514d82d44af8adbb4c96a15704f,sell,0x0a76aad21948ea1ef447d26dee91a54370e151e0,0x4ed122f66366ff122181f2cb074f7295dcf05086c05ebfbf85734ef90fe45cc1
329,480,0.69696,0xf33ed024952cea64e2237b3196e9a83b9d83b8f0,2017-10-30T16:52:35.000Z,0.001452,0x57d0dc585f7db514d82d44af8adbb4c96a15704f,sell,0x0a76aad21948ea1ef447d26dee91a54370e151e0,0xa22030dc3be8dbeb347dd127f0279b6b637b10a477844e484f8d063d5b57faa4
330,150.506,0.2107084,0x9dd88b1688123b181e09bb98554e31354e8ceb1b,2017-10-30T16:40:43.000Z,0.0014,0x4454847b528907f6819a6696491370060a37e5d0,buy,0x0a76aad21948ea1ef447d26dee91a54370e151e0,0x73953afbe727dc11b1f84975a947ae144f3a8267225bfb2ed61a5960a76382df
331,191.74359485594655,0.23584462167281428,0xf008944a4ece209490294c49d8fb7413b33238c5,2017-10-30T16:35:21.000Z,0.00123,0x61c4c43c581c78b2701a693cd6b91aac6d237dc7,sell,0x0a76aad21948ea1ef447d26dee91a54370e151e0,0x2b7adcec805ae9371e79b1226ee8ab365c7fd69440f524bdf986b51e42bb8b68
332,12.822607701868328,0.01795165078261566,0x65d38a972457f767ef50881446d84fcd2c1cab5a,2017-10-30T16:26:26.000Z,0.0014,0x4454847b528907f6819a6696491370060a37e5d0,buy,0x0a76aad21948ea1ef447d26dee91a54370e151e0,0x596fc6924b3045acd1271088c71f2fa6569eb8e946a31aade5717e343f170262
333,170,0.238,0x65d38a972457f767ef50881446d84fcd2c1cab5a,2017-10-30T16:25:12.000Z,0.0014,0x4454847b528907f6819a6696491370060a37e5d0,buy,0x0a76aad21948ea1ef447d26dee91a54370e151e0,0x8b6c0e6bdfa0ca934c6ad644465bca4656955cb94b76f83031361b0c57298e41
334,300,0.42,0x78a4cc57929c751652270ebad9970f5b84a2f884,2017-10-30T16:22:58.000Z,0.0014,0x4454847b528907f6819a6696491370060a37e5d0,buy,0x0a76aad21948ea1ef447d26dee91a54370e151e0,0xed2ad50928d31ef75da1a1cade870c0b493e72a5731a1c3ec209a93fffeb107a
335,50,0.07,0xaa5a8763179d7e24b0230e981cf7cd5d9fa7cff8,2017-10-30T16:21:04.000Z,0.0014,0x68ca7fc4bfc3bb2a9cf6f45736dcadc2c427c5a0,sell,0x0a76aad21948ea1ef447d26dee91a54370e151e0,0x6c6dc7c407b99c7e0c83d0450e89e17560aa30bdf89a85820a79f9be5e306303
336,37.539686198102814,0.05255931464596375,0xaa5a8763179d7e24b0230e981cf7cd5d9fa7cff8,2017-10-30T16:19:45.000Z,0.0014001,0x68ca7fc4bfc3bb2a9cf6f45736dcadc2c427c5a0,sell,0x0a76aad21948ea1ef447d26dee91a54370e151e0,0xee0cc94df18fcf6090c3d23373a3483ba6c5a7116c5205842bdbab59030717e5
337,16,0.02256,0x07a22088bf4f619c98225d633d6adf06f9df4d66,2017-10-30T16:19:45.000Z,0.00141,0x68ca7fc4bfc3bb2a9cf6f45736dcadc2c427c5a0,sell,0x0a76aad21948ea1ef447d26dee91a54370e151e0,0xe10de2d32f37232b68f20e070cd10274797f12a015773751a0985886bdf1c184
338,30,0.045,0xc449f4373158396dbacd1cc2f9c3b47725580813,2017-10-30T16:19:36.000Z,0.0015,0x68ca7fc4bfc3bb2a9cf6f45736dcadc2c427c5a0,sell,0x0a76aad21948ea1ef447d26dee91a54370e151e0,0x94954152d639244f46d723c6a171d3cfc17f78f8cf655eba9a19c1af74a66bad
339,4,0.00632,0xcc1566bfa9adc2b8f64ddff7db8017c945f77830,2017-10-30T16:12:14.000Z,0.00158,0x9e153a60bf4e3abb254853ea41e99e9e58dd1c8f,buy,0x0a76aad21948ea1ef447d26dee91a54370e151e0,0x846741cddb0a11f0ad128d9997faa6c581d29df9658402f140e4194844d6ff6b
340,40,0.064,0x8747b8a010033060529d60909ab7a00b8d2a1dea,2017-10-30T16:05:54.000Z,0.0016,0x4454847b528907f6819a6696491370060a37e5d0,sell,0x0a76aad21948ea1ef447d26dee91a54370e151e0,0x12a084e5aec85e38823ae67b423f8295bb2fd1676a355caaea4b6a214f7177fa
341,10,0.016,0xcc1566bfa9adc2b8f64ddff7db8017c945f77830,2017-10-30T16:05:35.000Z,0.0016,0x1548c43c81e0ccb5a01b33f19708097cce3e82c6,buy,0x0a76aad21948ea1ef447d26dee91a54370e151e0,0x085c9b30864f0d4565576849718ffa46ec74e70a66e89e41707e9d1d897829eb
342,1.733706349490304,0.002982080677210641,0x7d10bc73cc7bc1f67ff97280ee644b384ae92078,2017-10-30T15:55:44.000Z,0.0017200609999999995,0x1d5321e125f6c7079a716705541c7b371ca79e69,sell,0x0a76aad21948ea1ef447d26dee91a54370e151e0,0xa48d6dd72a615762d7f4ec8f75b5c781af2ddf9644b8cf60b2bd1ef50b640687
343,1.738907468538775,0.00278225194966204,0x1d5321e125f6c7079a716705541c7b371ca79e69,2017-10-30T15:55:44.000Z,0.0016,0x1548c43c81e0ccb5a01b33f19708097cce3e82c6,buy,0x0a76aad21948ea1ef447d26dee91a54370e151e0,0xa48d6dd72a615762d7f4ec8f75b5c781af2ddf9644b8cf60b2bd1ef50b640687
344,20,0.032,0x38f5ecbd20276178d8cf7453aab347260c9cdea7,2017-10-30T15:54:35.000Z,0.0016,0x1548c43c81e0ccb5a01b33f19708097cce3e82c6,buy,0x0a76aad21948ea1ef447d26dee91a54370e151e0,0x60adb3b1e50ac192175f7869a71a8c966f22ca399fd8e7fe3193e4057ab22765
345,579.6395297117862,0.9970089730807578,0x7d10bc73cc7bc1f67ff97280ee644b384ae92078,2017-10-30T15:53:46.000Z,0.00172005,0x1d5321e125f6c7079a716705541c7b371ca79e69,sell,0x0a76aad21948ea1ef447d26dee91a54370e151e0,0x44f00f60ba3a7f2cc638ff34bde9445d6211c85688a9c1b3f86cc80270e10019
346,581.3784483009215,0.9767157931455481,0x1d5321e125f6c7079a716705541c7b371ca79e69,2017-10-30T15:53:46.000Z,0.00168,0x9dd88b1688123b181e09bb98554e31354e8ceb1b,buy,0x0a76aad21948ea1ef447d26dee91a54370e151e0,0x44f00f60ba3a7f2cc638ff34bde9445d6211c85688a9c1b3f86cc80270e10019
347,1270.1135355560757,1.981377115467478,0x9e153a60bf4e3abb254853ea41e99e9e58dd1c8f,2017-10-30T15:43:34.000Z,0.00156,0xc540eb6c7b3e44ef8a45db3ad8618404baed88f6,sell,0x0a76aad21948ea1ef447d26dee91a54370e151e0,0x1ca3ee10b10cb462f3ffca847cfede82f0ab82ea5a2bb3686df5577fd27be728
348,238.62109645742757,0.4104428417936593,0x7d10bc73cc7bc1f67ff97280ee644b384ae92078,2017-10-30T15:40:04.000Z,0.001720061,0xc9d56287b414e1aa0963016aa721b527f095fd9c,sell,0x0a76aad21948ea1ef447d26dee91a54370e151e0,0xdbd77cf925ccb3ae0ea0f447ab0ef05df49b1a9d6d0e711e2f3821f27ee3f6db
349,239.33695974679983,0.38293913559487974,0xc9d56287b414e1aa0963016aa721b527f095fd9c,2017-10-30T15:40:04.000Z,0.0016,0x1548c43c81e0ccb5a01b33f19708097cce3e82c6,buy,0x0a76aad21948ea1ef447d26dee91a54370e151e0,0xdbd77cf925ccb3ae0ea0f447ab0ef05df49b1a9d6d0e711e2f3821f27ee3f6db
350,291.57425678883527,0.4665188108621364,0xc9d56287b414e1aa0963016aa721b527f095fd9c,2017-10-30T15:39:07.000Z,0.0016,0x1548c43c81e0ccb5a01b33f19708097cce3e82c6,buy,0x0a76aad21948ea1ef447d26dee91a54370e151e0,0x1569bd78751632090e7eb13844f3e2d19c36a8977b0c2fead575a28dc1cfdbdf
351,290.7021503378218,0.5000222336885704,0x7d10bc73cc7bc1f67ff97280ee644b384ae92078,2017-10-30T15:39:07.000Z,0.00172005,0xc9d56287b414e1aa0963016aa721b527f095fd9c,sell,0x0a76aad21948ea1ef447d26dee91a54370e151e0,0x1569bd78751632090e7eb13844f3e2d19c36a8977b0c2fead575a28dc1cfdbdf
352,404.7966445377649,0.6476746312604238,0x5acd975e666abfeeff93787d541260cc94a958ed,2017-10-30T15:31:12.000Z,0.0016,0x1548c43c81e0ccb5a01b33f19708097cce3e82c6,buy,0x0a76aad21948ea1ef447d26dee91a54370e151e0,0xf9bfc9448602195be7bf831d5754276c8869916e573f66404380973b6621ea3a
353,88.5,0.137175,0x5acd975e666abfeeff93787d541260cc94a958ed,2017-10-30T15:28:55.000Z,0.00155,0xee8181c99d40bc9020f360c88589a1a19beb1cb8,buy,0x0a76aad21948ea1ef447d26dee91a54370e151e0,0x6efa50879ec325c5d4cf49103f365a352850afef31623cbcf2259017aa990fa9
354,89.721862227096,0.1390688864519988,0xe770d2241601fa821bc172522bb2e53f19906ac2,2017-10-30T15:19:24.000Z,0.00155,0xcda68c18d3de67d0875ac5f1b0ecda8013eab402,sell,0x0a76aad21948ea1ef447d26dee91a54370e151e0,0x6d8e27a3b2ac9fb098c1d3ed27f14a3d31d78268077a3642d3d767e9e9de2b53
355,0.05962972267776294,0.000089444584016644,0x38f5ecbd20276178d8cf7453aab347260c9cdea7,2017-10-30T15:18:35.000Z,0.001499999999999993,0x67d4129549f69793ba5a98bd6068dfafc28abd5b,sell,0x0a76aad21948ea1ef447d26dee91a54370e151e0,0xa111936f2d4f5c66628a45a530fad909849783a333638f277dbb2ad1cde395ae
356,200,0.2800022,0x8651619bef5b01b394f00ec358b1c098cffd1c6a,2017-10-30T15:15:52.000Z,0.001400011,0xee8181c99d40bc9020f360c88589a1a19beb1cb8,sell,0x0a76aad21948ea1ef447d26dee91a54370e151e0,0x10b1f8ef3ebc0e25f5285bcaf19a7e472058fd08cd77362d6a507276bb436ae5
357,325,0.50375,0x2258cd75d9b442336490a7dc031f0cbeff91c5f8,2017-10-30T15:13:06.000Z,0.00155,0xc540eb6c7b3e44ef8a45db3ad8618404baed88f6,sell,0x0a76aad21948ea1ef447d26dee91a54370e151e0,0x88e4ca31e1f4605df786c7ec4244ddfc842509da73a2ff9217d15e6ae600f9be
358,10,0.0155,0xb8cbc90752345581dac45bf79772cfe1d80a4d8a,2017-10-30T15:04:55.000Z,0.00155,0xee8181c99d40bc9020f360c88589a1a19beb1cb8,buy,0x0a76aad21948ea1ef447d26dee91a54370e151e0,0x0ff71bdfa2bddcbb82e6f4c8e2900e9eeaae8b5852d6ae91e80d0eac10ecee8e
359,7.9752766424085335,0.0119629149636128,0x38f5ecbd20276178d8cf7453aab347260c9cdea7,2017-10-30T14:58:23.000Z,0.0015,0x4aa257a93f6a122f3a40acc2b8a6a2c951040fa2,sell,0x0a76aad21948ea1ef447d26dee91a54370e151e0,0xda275f1508dd71d4af7fdbd308a5e56d45c2b30a5e17e8d81fcc98d2178a2940
360,0.02688718768817355,0.000041675140916669,0x1d5321e125f6c7079a716705541c7b371ca79e69,2017-10-30T14:11:14.000Z,0.00155,0x12f8967fa9cb2b44468a453230a99ef64cbaa494,buy,0x0a76aad21948ea1ef447d26dee91a54370e151e0,0xfa520d963182b41603be471c72c66f2b3c2afed7dcd2e9fab60e84ac9ce942ee
361,0.0268067673860155,0.000053613534772031,0xc8f0f7ee5ab3ef98804438550111bc2c115c96dc,2017-10-30T14:11:14.000Z,0.002,0x1d5321e125f6c7079a716705541c7b371ca79e69,sell,0x0a76aad21948ea1ef447d26dee91a54370e151e0,0xfa520d963182b41603be471c72c66f2b3c2afed7dcd2e9fab60e84ac9ce942ee
362,299.7254691015606,0.40477924602165755,0xfc4bcf831c96e650e11e6d804beaaeb2d357e138,2017-10-30T14:05:25.000Z,0.0013505,0x12f8967fa9cb2b44468a453230a99ef64cbaa494,sell,0x0a76aad21948ea1ef447d26dee91a54370e151e0,0x5b2f6a6c9b1d2af7c79e0d58810e481ac18c9791d322ea232bc63bd161141420
363,12.460313801897186,0.01744568535403625,0xaa5a8763179d7e24b0230e981cf7cd5d9fa7cff8,2017-10-30T14:04:28.000Z,0.0014000999999999998,0xe1e1d0d73eeb29d0632bc4c7871bfc74dbed0741,sell,0x0a76aad21948ea1ef447d26dee91a54370e151e0,0xd58e3f1e18e4c4486b828704f4c51571695d63f33b07058c93910d8af95e3da1
364,200,0.28,0xa06ab353ff0551aa1aa98ca5dffd536c0704dd50,2017-10-30T14:03:26.000Z,0.0014,0xe1e1d0d73eeb29d0632bc4c7871bfc74dbed0741,sell,0x0a76aad21948ea1ef447d26dee91a54370e151e0,0x3b05aa0b4c4d0e5fe4fe765b1b4c8596c1a9ebe761b9836f30863eff7f2b2718
365,50,0.072510000005,0xc8f0f7ee5ab3ef98804438550111bc2c115c96dc,2017-10-30T14:02:25.000Z,0.0014502000001,0xe1e1d0d73eeb29d0632bc4c7871bfc74dbed0741,sell,0x0a76aad21948ea1ef447d26dee91a54370e151e0,0xbef1b2fede2bf536234234da1995a89d7ed8ec35e99d446d7f3fd71810b4c552
366,39,0.06045,0x5c1b4b5be9d7a3e6b6f0decde619dd859255c779,2017-10-30T14:02:25.000Z,0.00155,0xc293492784ab0fb363f99b27115f2b336b86512a,buy,0x0a76aad21948ea1ef447d26dee91a54370e151e0,0xa70f6f70df4cba1ebd34f411a9202905f121e07110ce16d75d46fe7407b7ea39
367,9.15198622676269,0.013316139959939712,0x67f2d3da0a6601af84ee8fed90fc820adf33a6d5,2017-10-30T14:00:21.000Z,0.001455,0xe1e1d0d73eeb29d0632bc4c7871bfc74dbed0741,sell,0x0a76aad21948ea1ef447d26dee91a54370e151e0,0x47cd0047d2ee339fd8958502e427b446baaaafaa0f473fb33ea9a7111eeca711
368,21.73,0.031554133,0x5bb2a478386b25b9f8a7b1e97110d0f3989ecc30,2017-10-30T14:00:21.000Z,0.0014521,0xe1e1d0d73eeb29d0632bc4c7871bfc74dbed0741,sell,0x0a76aad21948ea1ef447d26dee91a54370e151e0,0x0152b8e881c46c97044ed1133afa5ff61fc080c29638c48bc5ed9302972baf60
369,274.0577117127259,0.38368381103264515,0xaa6d694175a4e61311a4aaeae73c198d41d5a326,2017-10-30T14:00:21.000Z,0.001400011,0xe1e1d0d73eeb29d0632bc4c7871bfc74dbed0741,sell,0x0a76aad21948ea1ef447d26dee91a54370e151e0,0x327035f50d8f1fbede1974e445dd864b71eef739ccec106a1360c8f7a4c42a93
370,221,0.34255,0x5c1b4b5be9d7a3e6b6f0decde619dd859255c779,2017-10-30T13:59:00.000Z,0.00155,0x12f8967fa9cb2b44468a453230a99ef64cbaa494,buy,0x0a76aad21948ea1ef447d26dee91a54370e151e0,0x31269e4ab668f2ae5b55baf816bf1bd30e4e6fac302963c17fddbed0c805cc9e
371,36.045,0.05947425,0x5c1b4b5be9d7a3e6b6f0decde619dd859255c779,2017-10-30T13:57:54.000Z,0.00165,0x73e775335bddaac0b95211441fefb7fcce13db08,buy,0x0a76aad21948ea1ef447d26dee91a54370e151e0,0xfb6de3779ba6ca9570d3e6d902d0d4aeb8c80ba196c26f79009912beec5c8652
372,4.85,0.00705675,0x67f2d3da0a6601af84ee8fed90fc820adf33a6d5,2017-10-30T13:55:41.000Z,0.001455,0xb985cd07a934b53f3c341996348bd20d82848f3a,sell,0x0a76aad21948ea1ef447d26dee91a54370e151e0,0x58080527714f9e2056b27854ba79bc18571442b01aa3c4769ac35b89b968057a
373,160.12596394384227,0.23250291565905534,0xbf3ff66b9f477e3c6f3b8b2c6053e398a243e6c1,2017-10-30T13:53:59.000Z,0.0014520001,0xe1e1d0d73eeb29d0632bc4c7871bfc74dbed0741,sell,0x0a76aad21948ea1ef447d26dee91a54370e151e0,0x60b4bfa5da174151936b572c46b595c55e2f57ae70576bb4acbe70e2a610366d
