,amount,amountBase,buyer,date,price,seller,side,tokenAddr,txHash
0,9583,0.023,0x75768239a714dcf95fb1ef6797df67cb55f9bf5f,2017-11-02T13:26:35.000Z,0.00000240008348116456,0xacba24578577004624344761f641a710800ee012,buy,0xfb12e3cca983b9f59d90912fd17f8d745a8b2953,0xe830a1935593e314d48be8dc2da33d6a1af670424bb624931a58db327a47baea
1,208,0.0005,0x4fda9e6bcd83af6c5cc771b5d20accc2b7720074,2017-11-02T12:39:04.000Z,0.00000240384615384615,0xacba24578577004624344761f641a710800ee012,buy,0xfb12e3cca983b9f59d90912fd17f8d745a8b2953,0x09101251cc122831ee377882d4e6fcf6aeb1569bf896796c52a7b50651b479fa
2,208,0.0005,0x3075f7f189912f4f425dd7021b9c396434197477,2017-11-02T12:18:18.000Z,0.00000240384615384615,0xacba24578577004624344761f641a710800ee012,buy,0xfb12e3cca983b9f59d90912fd17f8d745a8b2953,0xbf72e272bd0f5638ede0b80785af8b8f33f764ab796aabd51dc24ae12a194c61
3,300,0.00087,0x0b773d7819259d78757b26dc4148812d35676d8f,2017-10-31T14:04:51.000Z,0.0000029,0xacba24578577004624344761f641a710800ee012,buy,0xfb12e3cca983b9f59d90912fd17f8d745a8b2953,0xee36905d7d3a0c57d8ac6bd298efef1fe43cffcd681feb19908467ef33a8ce33
4,0,0,0x9869f389b5fe3543bf60b21096c235d02d0686e1,2017-10-30T04:03:58.000Z,NaN,0x379374d13077e8867ef31803c37baf9785a17c00,sell,0xfb12e3cca983b9f59d90912fd17f8d745a8b2953,0x45e2fa3dc5d4ff6c24f85a54fb3a98cd3709ac37624a42257dfef6744a234171
5,0,0,0x9869f389b5fe3543bf60b21096c235d02d0686e1,2017-10-30T02:43:20.000Z,NaN,0x379374d13077e8867ef31803c37baf9785a17c00,sell,0xfb12e3cca983b9f59d90912fd17f8d745a8b2953,0x6c050ad7cfe0f375baabe8c4b8c3e7ec8f7b40b8c9e501bdbf800ee4b2aa6e8e
6,251,0.0005,0x34f9560c63078eb61872a4dc2ccd20e21c34feaf,2017-10-28T20:44:50.000Z,0.00000199203187250996,0xacba24578577004624344761f641a710800ee012,buy,0xfb12e3cca983b9f59d90912fd17f8d745a8b2953,0x2ebf26d8660bf588476b97a95ad725239442be74cb77f8d086ebf4495f90cc3f
7,251,0.0005,0xe444a40689f51f63bcd29910622035707d533d29,2017-10-28T20:44:20.000Z,0.00000199203187250996,0xacba24578577004624344761f641a710800ee012,buy,0xfb12e3cca983b9f59d90912fd17f8d745a8b2953,0xf2e37d1c2254ab76d6630b07355f7baad17102f06a080d5844ae55bdcd297030
8,2326,0.0067454,0x14af12c11fa2fc702add3a5f65143bc1158871e4,2017-10-27T06:39:37.000Z,0.0000029,0x035392de57aa4fe343d86494103dbe1b068a56c6,sell,0xfb12e3cca983b9f59d90912fd17f8d745a8b2953,0x62590fb98aa355a9582388ee919c82bcdb8acb8851c49425064f10d6e9c40bb7
9,7674,0.0222546,0x14af12c11fa2fc702add3a5f65143bc1158871e4,2017-10-27T05:47:24.000Z,0.0000029,0xaa569b62d106d4d59773c55e230d0373cd82f6a5,sell,0xfb12e3cca983b9f59d90912fd17f8d745a8b2953,0x81f125e6294e997e1f7542c2138efec1c16658d9a079fc9414bf91aa9ee1cda5
10,9970,0.031904,0x14af12c11fa2fc702add3a5f65143bc1158871e4,2017-10-27T04:42:51.000Z,0.0000032,0x273a5d3e6721b9f5c1a6474f560c1334c63dda01,sell,0xfb12e3cca983b9f59d90912fd17f8d745a8b2953,0x03851b44da9988c4d0866e82ff4af8ae57ebb0d2435fb821a7a6a9f722cb1d74
11,10000,0.029,0x273a5d3e6721b9f5c1a6474f560c1334c63dda01,2017-10-27T04:42:51.000Z,0.0000029,0xacba24578577004624344761f641a710800ee012,buy,0xfb12e3cca983b9f59d90912fd17f8d745a8b2953,0x03851b44da9988c4d0866e82ff4af8ae57ebb0d2435fb821a7a6a9f722cb1d74
12,2000,0.0068,0x14af12c11fa2fc702add3a5f65143bc1158871e4,2017-10-25T03:30:51.000Z,0.0000034,0xaa569b62d106d4d59773c55e230d0373cd82f6a5,sell,0xfb12e3cca983b9f59d90912fd17f8d745a8b2953,0x2e32b0b8adac08794ee9c89a6f5cbf35564129515eaf440ff57368d429043f49
13,4985,0.02437665,0x14af12c11fa2fc702add3a5f65143bc1158871e4,2017-10-25T03:16:35.000Z,0.00000489,0x273a5d3e6721b9f5c1a6474f560c1334c63dda01,sell,0xfb12e3cca983b9f59d90912fd17f8d745a8b2953,0x88b1e6fccb2b759e114389eec19ba8c13eee0121b566a65e1792c1e240e51f6b
14,5000,0.018,0x273a5d3e6721b9f5c1a6474f560c1334c63dda01,2017-10-25T03:16:35.000Z,0.0000036,0x5d26ca4ee3be471a4c5eeccb3bac220603387c77,buy,0xfb12e3cca983b9f59d90912fd17f8d745a8b2953,0x88b1e6fccb2b759e114389eec19ba8c13eee0121b566a65e1792c1e240e51f6b
15,5000,0.018,0x273a5d3e6721b9f5c1a6474f560c1334c63dda01,2017-10-25T03:07:24.000Z,0.0000036,0x5d26ca4ee3be471a4c5eeccb3bac220603387c77,buy,0xfb12e3cca983b9f59d90912fd17f8d745a8b2953,0x9eb0315f7a48b6fd4a57d6d0cb67196b2e127ff03f1317f457f96e6ccfab8613
16,5000,0.0185,0xd2ea382e498316d91b9de8557670149b479721a0,2017-10-25T03:07:24.000Z,0.0000037,0xacba24578577004624344761f641a710800ee012,buy,0xfb12e3cca983b9f59d90912fd17f8d745a8b2953,0x0df5c5fcf710f729147c49e7c532a151453b68f93036d72968a3ca367a011e8f
17,4985,0.02437665,0x14af12c11fa2fc702add3a5f65143bc1158871e4,2017-10-25T03:07:24.000Z,0.00000489,0xd2ea382e498316d91b9de8557670149b479721a0,sell,0xfb12e3cca983b9f59d90912fd17f8d745a8b2953,0x0df5c5fcf710f729147c49e7c532a151453b68f93036d72968a3ca367a011e8f
18,4985,0.02497485,0x14af12c11fa2fc702add3a5f65143bc1158871e4,2017-10-25T03:07:24.000Z,0.00000501,0x273a5d3e6721b9f5c1a6474f560c1334c63dda01,sell,0xfb12e3cca983b9f59d90912fd17f8d745a8b2953,0x9eb0315f7a48b6fd4a57d6d0cb67196b2e127ff03f1317f457f96e6ccfab8613
19,8798,0.039582202,0x39fc98cb495874e5d1440aaeecd65bc7c33bfbde,2017-10-22T19:29:10.000Z,0.000004499,0x38a4ff00c207cbd78ab34b6ddd1b8754e4498508,buy,0xfb12e3cca983b9f59d90912fd17f8d745a8b2953,0x73a2fe7ef236deed6aa1533c3ef71948943c6d333c1f4ed4f3cd36eb647653fc
20,2065,0.009290435,0x39fc98cb495874e5d1440aaeecd65bc7c33bfbde,2017-10-22T19:27:41.000Z,0.000004499,0x71222e69a1e14927473944bd1f9cfaf60d4d7cc3,buy,0xfb12e3cca983b9f59d90912fd17f8d745a8b2953,0xf8d8a2cc228ba1a9d6cf1cfd6b46bff8f9532355e2e6edfaf59ce405c5b9f77d
21,30000,0.01059,0x035392de57aa4fe343d86494103dbe1b068a56c6,2017-10-22T19:26:53.000Z,0.000000353,0x39fc98cb495874e5d1440aaeecd65bc7c33bfbde,sell,0xfb12e3cca983b9f59d90912fd17f8d745a8b2953,0x250c121979f0325509d1a8964682333b989b015f46b9e6a07a8862e10c896421
22,60000,0.0222,0x5d26ca4ee3be471a4c5eeccb3bac220603387c77,2017-10-22T19:25:48.000Z,0.00000037,0x39fc98cb495874e5d1440aaeecd65bc7c33bfbde,sell,0xfb12e3cca983b9f59d90912fd17f8d745a8b2953,0x7be6cedeb6b3626b628767ef672ee44bfbaa4fe0b210101ff0bed7a95f1283d0
23,50000,0.019,0xacba24578577004624344761f641a710800ee012,2017-10-22T19:25:48.000Z,0.00000038,0x39fc98cb495874e5d1440aaeecd65bc7c33bfbde,sell,0xfb12e3cca983b9f59d90912fd17f8d745a8b2953,0x23edfca88c33e6bc976784f5729c43909778cf8d37c15dc1d9dac364e1f8564b
24,10000,0.03762,0x0fe6090affd0b5ba58586ab18fe575a51911d098,2017-10-20T16:08:52.000Z,0.000003762,0x385a48789c132e8a748b1baa8b4d28842490d580,sell,0xfb12e3cca983b9f59d90912fd17f8d745a8b2953,0xaf2e4206ad72c7bf5d2241d84934c8ce7dfc6eaaa06e4cd57ff041c562344c8c
25,10000,0.03762,0x0fe6090affd0b5ba58586ab18fe575a51911d098,2017-10-20T14:48:37.000Z,0.000003762,0x385a48789c132e8a748b1baa8b4d28842490d580,sell,0xfb12e3cca983b9f59d90912fd17f8d745a8b2953,0xc69a768995af260748644266cd10249709ce0a56ab2e043b99d89168d04b626d
26,1,0.000004498,0x6cdea8e07bf82d7a07dbf36642d6e5be8623845c,2017-10-20T01:58:52.000Z,0.000004498,0x385a48789c132e8a748b1baa8b4d28842490d580,buy,0xfb12e3cca983b9f59d90912fd17f8d745a8b2953,0xd81b78162cd850c666587408cf0c8f990ee62924ccc6e885d04bf4bd89f64130
27,1,0.0000038,0xb52687509884fb1ebf45046a5a8f6bf6c48eeba6,2017-10-19T15:53:54.000Z,0.0000038,0x6a1afc7af4278351bca6125e03cc9e1a3f41e80a,buy,0xfb12e3cca983b9f59d90912fd17f8d745a8b2953,0x6c709573bce0b5625db4e3af118b500c5f4b8a8de80f5611e3f7c9cabd5ea944
28,4430,0.01666566,0x5d5065b42bdee0274e394ba9042c21e1818c69cf,2017-10-19T15:01:22.000Z,0.000003762,0x939248c057992a444c842909c3459689a80bc6dd,sell,0xfb12e3cca983b9f59d90912fd17f8d745a8b2953,0xb1a24d6c656fb7b43a47da070d78806a597afcb0cc78d7b604ebdd7dead2658f
29,24389,0.0926782,0x853a69a05e1f42436b51e0ebd9441725261b6608,2017-10-19T02:13:09.000Z,0.0000038,0x385a48789c132e8a748b1baa8b4d28842490d580,sell,0xfb12e3cca983b9f59d90912fd17f8d745a8b2953,0xd2b309a3c4229543fb49586a185e6a74bf075a27079e7dfabe118056acb60d19
30,5000,0.019,0x853a69a05e1f42436b51e0ebd9441725261b6608,2017-10-19T02:04:21.000Z,0.0000038,0xaa569b62d106d4d59773c55e230d0373cd82f6a5,sell,0xfb12e3cca983b9f59d90912fd17f8d745a8b2953,0xc5052593f02db9ba677ece995ac428314155387b7a260cbd0f720271e19c855b
31,7,0.0000266,0x853a69a05e1f42436b51e0ebd9441725261b6608,2017-10-18T21:24:03.000Z,0.0000038,0x655f66f6b5b750a477224ab894e413b7df277d8d,sell,0xfb12e3cca983b9f59d90912fd17f8d745a8b2953,0x294bbbd1f87d4aff4f6702822522c3f83346f4dd5fc57aee3632289e24ae95b0
32,70536,0.2680368,0x853a69a05e1f42436b51e0ebd9441725261b6608,2017-10-18T21:23:11.000Z,0.0000038,0x655f66f6b5b750a477224ab894e413b7df277d8d,sell,0xfb12e3cca983b9f59d90912fd17f8d745a8b2953,0x04ba4a40249f2416095aae304b77bfc733c36d9616714cbeeb868d41e1d83d26
33,15481,0.058830072604341484,0x655f66f6b5b750a477224ab894e413b7df277d8d,2017-10-18T21:22:25.000Z,0.00000380014679958281,0x6a1afc7af4278351bca6125e03cc9e1a3f41e80a,buy,0xfb12e3cca983b9f59d90912fd17f8d745a8b2953,0xf61bf014ddcac02a8716b7f9fff43786b7fd62d0295b5eb174c7131f02ba1b66
34,131,0.0005,0x42c24a83bded723edfdf5883bc7efb30bc1a1bf3,2017-10-18T21:09:10.000Z,0.00000381679389312977,0x6a1afc7af4278351bca6125e03cc9e1a3f41e80a,buy,0xfb12e3cca983b9f59d90912fd17f8d745a8b2953,0x73c35f98f8b611905452a3ac626677ee96927ac7ca70453da1cd9ba017478595
35,131,0.0005,0x379374d13077e8867ef31803c37baf9785a17c00,2017-10-18T20:41:07.000Z,0.00000381679389312977,0x6a1afc7af4278351bca6125e03cc9e1a3f41e80a,buy,0xfb12e3cca983b9f59d90912fd17f8d745a8b2953,0xc43fb47ce930597c05e82e093ffd997a4e1347dfeb929d6eb2513d8dda25e187
36,131,0.0005,0x42c24a83bded723edfdf5883bc7efb30bc1a1bf3,2017-10-18T19:16:47.000Z,0.00000381679389312977,0x6a1afc7af4278351bca6125e03cc9e1a3f41e80a,buy,0xfb12e3cca983b9f59d90912fd17f8d745a8b2953,0x7b1c2fb5b8212e1bdacaae4aa796a93e6c7f0450c7ab4b42d8bd5584cd6f5554
37,131,0.0005,0x379374d13077e8867ef31803c37baf9785a17c00,2017-10-18T19:07:30.000Z,0.00000381679389312977,0x6a1afc7af4278351bca6125e03cc9e1a3f41e80a,buy,0xfb12e3cca983b9f59d90912fd17f8d745a8b2953,0x6d1ed13bfa7c466a45c3a87ec5bbd4c1b3973a518eb03fd3d270edd827987f64
38,131,0.0005,0x379374d13077e8867ef31803c37baf9785a17c00,2017-10-18T17:43:24.000Z,0.00000381679389312977,0x6a1afc7af4278351bca6125e03cc9e1a3f41e80a,buy,0xfb12e3cca983b9f59d90912fd17f8d745a8b2953,0x31996cfbfc39afe24fc2c7517dcb6ad2fadd60030a5213dd0bec5e2867e01a79
39,131,0.0005,0x42c24a83bded723edfdf5883bc7efb30bc1a1bf3,2017-10-18T17:37:23.000Z,0.00000381679389312977,0x6a1afc7af4278351bca6125e03cc9e1a3f41e80a,buy,0xfb12e3cca983b9f59d90912fd17f8d745a8b2953,0xba29f6b927e2c88f62ed9ea63bc86c43ae181ec49fe2cdd4eb7fd6feb1ac2474
40,131,0.0005,0xf9695cd65d6dfdf257fab76a3eb0cb8f001971cc,2017-10-18T17:36:41.000Z,0.00000381679389312977,0x6a1afc7af4278351bca6125e03cc9e1a3f41e80a,buy,0xfb12e3cca983b9f59d90912fd17f8d745a8b2953,0x071d0a7244628574172ae80d833b074f2e3a7e6f63af1a44f990c3c2324651cf
41,131,0.0005,0xcd912af5286dc0b0a23edb30209734ecb60838b3,2017-10-18T17:12:38.000Z,0.00000381679389312977,0x6a1afc7af4278351bca6125e03cc9e1a3f41e80a,buy,0xfb12e3cca983b9f59d90912fd17f8d745a8b2953,0x21ed6f80de4dc95370cc8d88392c55d96d569db48222c5e1b0ce55e3c19a3c48
42,1,0.000004499,0x3ac636ac5c3a2576156ac5f10066ca68abe0ad54,2017-10-18T16:31:24.000Z,0.000004499,0x385a48789c132e8a748b1baa8b4d28842490d580,buy,0xfb12e3cca983b9f59d90912fd17f8d745a8b2953,0xbba547e9b0cf68e9a0d0141736c3966ed30f297adb2ccf559ed354f6b9629cb0
43,131,0.0005,0xf9695cd65d6dfdf257fab76a3eb0cb8f001971cc,2017-10-18T16:05:52.000Z,0.00000381679389312977,0x6a1afc7af4278351bca6125e03cc9e1a3f41e80a,buy,0xfb12e3cca983b9f59d90912fd17f8d745a8b2953,0xaee3a30fba6bef2f174ad00c1b01683f676b0ce1c873eb9531ec532ad68309c7
44,131,0.0005,0x379374d13077e8867ef31803c37baf9785a17c00,2017-10-18T16:05:13.000Z,0.00000381679389312977,0x6a1afc7af4278351bca6125e03cc9e1a3f41e80a,buy,0xfb12e3cca983b9f59d90912fd17f8d745a8b2953,0x6e36aae4108ee54a4b7c9cdebd04bab547ab7eaa6b655ba75408cce54e192930
45,131,0.0005,0x42c24a83bded723edfdf5883bc7efb30bc1a1bf3,2017-10-18T16:03:49.000Z,0.00000381679389312977,0x6a1afc7af4278351bca6125e03cc9e1a3f41e80a,buy,0xfb12e3cca983b9f59d90912fd17f8d745a8b2953,0x46683afc42ccbe29459a2132f33546616ec4b4186067d3e406c44d80de5946c8
46,131,0.0005,0x16e5d97bbc92417e051e3b2cabfbf8ceea2acb9c,2017-10-18T15:51:38.000Z,0.00000381679389312977,0x6a1afc7af4278351bca6125e03cc9e1a3f41e80a,buy,0xfb12e3cca983b9f59d90912fd17f8d745a8b2953,0x6148b19ea73f36b7b964b167b7c7ec00c95dae22f17934b3b9dbfd415925681d
47,131,0.0005,0xf9695cd65d6dfdf257fab76a3eb0cb8f001971cc,2017-10-18T15:19:13.000Z,0.00000381679389312977,0x6a1afc7af4278351bca6125e03cc9e1a3f41e80a,buy,0xfb12e3cca983b9f59d90912fd17f8d745a8b2953,0x436cccca7931a8625551d497c74fda2a7c8a29db2d270d656f547cd85bb4513d
48,131,0.0005,0x379374d13077e8867ef31803c37baf9785a17c00,2017-10-18T15:19:13.000Z,0.00000381679389312977,0x6a1afc7af4278351bca6125e03cc9e1a3f41e80a,buy,0xfb12e3cca983b9f59d90912fd17f8d745a8b2953,0x95269f2d543ea848641455fc246c06ceab4331f7e69850793d0fb9a74afa0478
49,131,0.0005,0x42c24a83bded723edfdf5883bc7efb30bc1a1bf3,2017-10-18T15:16:54.000Z,0.00000381679389312977,0x6a1afc7af4278351bca6125e03cc9e1a3f41e80a,buy,0xfb12e3cca983b9f59d90912fd17f8d745a8b2953,0x08cf338dad4edbaf7a9fa71d783dc9c40879d77be0c1e4deda9666bb533d798a
50,131,0.0005,0xcd912af5286dc0b0a23edb30209734ecb60838b3,2017-10-18T15:11:56.000Z,0.00000381679389312977,0x6a1afc7af4278351bca6125e03cc9e1a3f41e80a,buy,0xfb12e3cca983b9f59d90912fd17f8d745a8b2953,0xa1a70003027586eba64777f324c5ef75ecf7a6ee94ad73d52cfcae2cdcacef77
51,131,0.0005,0x42c24a83bded723edfdf5883bc7efb30bc1a1bf3,2017-10-18T13:25:51.000Z,0.00000381679389312977,0x6a1afc7af4278351bca6125e03cc9e1a3f41e80a,buy,0xfb12e3cca983b9f59d90912fd17f8d745a8b2953,0x32569af4c4f5844bff53a4279eea981382b26633cd7fd254e1da06a25f33b5d5
52,135,0.0005,0xcd912af5286dc0b0a23edb30209734ecb60838b3,2017-10-18T03:13:21.000Z,0.0000037037037037037,0x655f66f6b5b750a477224ab894e413b7df277d8d,buy,0xfb12e3cca983b9f59d90912fd17f8d745a8b2953,0x92522c334c448f663a0fb528df356c5c2f401ee3d602db669558604c45c25e75
53,135,0.0005,0xcd912af5286dc0b0a23edb30209734ecb60838b3,2017-10-17T22:21:53.000Z,0.0000037037037037037,0x655f66f6b5b750a477224ab894e413b7df277d8d,buy,0xfb12e3cca983b9f59d90912fd17f8d745a8b2953,0xcfb42c449c536b2b96533f37225fc6ce57bacc3787029b9d543db82f43b1a5d9
54,135,0.0005,0x42c24a83bded723edfdf5883bc7efb30bc1a1bf3,2017-10-17T19:59:21.000Z,0.0000037037037037037,0x655f66f6b5b750a477224ab894e413b7df277d8d,buy,0xfb12e3cca983b9f59d90912fd17f8d745a8b2953,0xcfef93cefe574ec4c66fd242a14a4861f8f6b77d44c8b446e0210076cb57af28
55,135,0.0005,0x16e5d97bbc92417e051e3b2cabfbf8ceea2acb9c,2017-10-17T17:55:11.000Z,0.0000037037037037037,0x655f66f6b5b750a477224ab894e413b7df277d8d,buy,0xfb12e3cca983b9f59d90912fd17f8d745a8b2953,0xbeac01a698bbd13089c5be5e40359db356ef6c1b4634a0a27f9e0f9ba3299d6f
56,135,0.0005,0x42c24a83bded723edfdf5883bc7efb30bc1a1bf3,2017-10-17T15:44:20.000Z,0.0000037037037037037,0x655f66f6b5b750a477224ab894e413b7df277d8d,buy,0xfb12e3cca983b9f59d90912fd17f8d745a8b2953,0x73f04a1e66b215eb3b8527bbfa77797beb6084535661bc5fcd518675f0f44985
57,135,0.0005,0xcd912af5286dc0b0a23edb30209734ecb60838b3,2017-10-17T05:37:19.000Z,0.0000037037037037037,0x655f66f6b5b750a477224ab894e413b7df277d8d,buy,0xfb12e3cca983b9f59d90912fd17f8d745a8b2953,0x5092738e14863a51813768c8a8a9997170ab8937ef71283a642ceb288f2ecf9e
58,7005,0.02591965031856354,0x6d9f5cbb8d3e724c3b35b437fe4faae6c4de5554,2017-10-17T03:35:37.000Z,0.0000037001642139277,0x655f66f6b5b750a477224ab894e413b7df277d8d,buy,0xfb12e3cca983b9f59d90912fd17f8d745a8b2953,0x6cfb8f9003629c5f055001df7a847e8943faab7c3a601a96593efe9063de5ab0
59,3,0.000012345510851402,0x6d9f5cbb8d3e724c3b35b437fe4faae6c4de5554,2017-10-17T03:33:23.000Z,0.00000411517028380066,0x655f66f6b5b750a477224ab894e413b7df277d8d,buy,0xfb12e3cca983b9f59d90912fd17f8d745a8b2953,0x4d85a2611f501df4af556671deaa7af3d05543bfdd24632655046a382a87f00f
60,1888,0.0071744,0x853a69a05e1f42436b51e0ebd9441725261b6608,2017-10-16T20:21:42.000Z,0.0000038,0x655f66f6b5b750a477224ab894e413b7df277d8d,sell,0xfb12e3cca983b9f59d90912fd17f8d745a8b2953,0xeaf8f71d257dea9bebecbfa9697341fd7109998c57077d939878d36f26e22ef3
61,5000,0.0105,0x14af12c11fa2fc702add3a5f65143bc1158871e4,2017-10-16T07:54:02.000Z,0.0000021,0x655f66f6b5b750a477224ab894e413b7df277d8d,sell,0xfb12e3cca983b9f59d90912fd17f8d745a8b2953,0xa4b076cdbf639a26f7c60062fcf745e9faf01987ef7e89860c2ce586a31b6f4e
62,70000,0.31465,0x655f66f6b5b750a477224ab894e413b7df277d8d,2017-10-16T06:54:58.000Z,0.000004495,0x385a48789c132e8a748b1baa8b4d28842490d580,buy,0xfb12e3cca983b9f59d90912fd17f8d745a8b2953,0x082d5bf390c16b4cda7deb4bbb5dcd579ff14e0113c71e2ec4e7142a3c2e8fa5
63,4445,0.019999998568,0x90e543bbe2b020dcf69e06927ca2920750dc211f,2017-10-09T15:08:56.000Z,0.00000449943724814398,0x385a48789c132e8a748b1baa8b4d28842490d580,buy,0xfb12e3cca983b9f59d90912fd17f8d745a8b2953,0xb707e1a9e337c0ad40f448c73ea0ddd7ec862496bd0de434d7d3b108cda964ca
64,1,0.000004499,0x602dac96d8d0530148bf159acc7927f7ef09f31b,2017-10-09T01:30:18.000Z,0.000004499,0x385a48789c132e8a748b1baa8b4d28842490d580,buy,0xfb12e3cca983b9f59d90912fd17f8d745a8b2953,0x2491db5506afcfd5880e6cc3f4f28a5d8bb647eed6a339939d3574e2183d24fb
65,25000,0.095,0x4b43041e418b16bb7dcf94a09f721cc73574fc04,2017-09-29T03:55:01.000Z,0.0000038,0x6a1afc7af4278351bca6125e03cc9e1a3f41e80a,buy,0xfb12e3cca983b9f59d90912fd17f8d745a8b2953,0x18104d7f2fe33f646d36f32fdb9e12876d1459d886428050925ad265c6bf236a
66,1000,0.0038,0xa0be78d2bac6a692adba423c7af50ec86a18bddf,2017-09-28T12:39:02.000Z,0.0000038,0x6a1afc7af4278351bca6125e03cc9e1a3f41e80a,buy,0xfb12e3cca983b9f59d90912fd17f8d745a8b2953,0x987d83515e9680d038ab101b2e035649520abdde23876dcf8d0cd289d097ef7b
67,111,0.0005,0xc886b21b865e7c90432d9b8bdb14ad254f2232f5,2017-09-25T20:55:38.000Z,0.0000045045045045045,0x9e6c03145b92c74b907cbcfe3fdadddfef3cec1e,buy,0xfb12e3cca983b9f59d90912fd17f8d745a8b2953,0x2955dc5f9fe5bca28dba078f660ca34ca38c58f03b0817b9c78c41f8a66b6f85
68,111,0.0005,0x23ee598e50ff1b1bde1022bf3c8a41d4c23321a0,2017-09-25T18:44:49.000Z,0.0000045045045045045,0x9e6c03145b92c74b907cbcfe3fdadddfef3cec1e,buy,0xfb12e3cca983b9f59d90912fd17f8d745a8b2953,0x1cdd9f1db75fc1176507931e5df9fb5863544eb6d63bb4d6a13e6844bcd3b2af
69,111,0.0005,0xe5a759eb3e214ff0a2bbbea31acc41c9bf27b239,2017-09-25T16:57:30.000Z,0.0000045045045045045,0x9e6c03145b92c74b907cbcfe3fdadddfef3cec1e,buy,0xfb12e3cca983b9f59d90912fd17f8d745a8b2953,0xb0f54416fd5bec4a1244ca4b56700b9c8a66b2ce0a0d0e19ceb1f916c52e8fe0
70,111,0.0005,0xe37bd4d49c619e748d4efe74525489d26b6aff43,2017-09-25T16:46:55.000Z,0.0000045045045045045,0x9e6c03145b92c74b907cbcfe3fdadddfef3cec1e,buy,0xfb12e3cca983b9f59d90912fd17f8d745a8b2953,0xd641352754775d11cb454daba95893bbb36b75adbe727c29ca5f7bb49de6aa8a
71,111,0.0005,0x23ee598e50ff1b1bde1022bf3c8a41d4c23321a0,2017-09-25T16:14:11.000Z,0.0000045045045045045,0x9e6c03145b92c74b907cbcfe3fdadddfef3cec1e,buy,0xfb12e3cca983b9f59d90912fd17f8d745a8b2953,0x5ca95d20883bdae53efd09e061fead6250bc5c41e642aac5af8ff62325ad71df
72,111,0.0005,0x160506e5a5ce5dadd43623689f53d5aa1f288f0f,2017-09-25T15:22:19.000Z,0.0000045045045045045,0x9e6c03145b92c74b907cbcfe3fdadddfef3cec1e,buy,0xfb12e3cca983b9f59d90912fd17f8d745a8b2953,0x96fef3bbe493d7c5a0fabdad4df239c221d7463fb2df404e15fd42d9ff23ceb3
73,22222,0.099999999,0x5d39912577d3b700dabea8a7285fb19bdc5331fb,2017-09-25T14:43:44.000Z,0.00000450004495544955,0x9e6c03145b92c74b907cbcfe3fdadddfef3cec1e,buy,0xfb12e3cca983b9f59d90912fd17f8d745a8b2953,0x38ae41ad96dcf4eb480e231615eac233b07d57231d7badeb5991b5043b58f342
74,111,0.0005,0x452b06f1c61cff4c9bebaa405319a7c3b12553a2,2017-09-25T10:58:00.000Z,0.0000045045045045045,0x9e6c03145b92c74b907cbcfe3fdadddfef3cec1e,buy,0xfb12e3cca983b9f59d90912fd17f8d745a8b2953,0x3f6a245b258c8aea0338efca466fb3b8c3e8e671a1b75903f918b867f0249250
75,111,0.0005,0x03dd03643b71b06642179afb38211c0f45699bc5,2017-09-25T10:39:18.000Z,0.0000045045045045045,0x9e6c03145b92c74b907cbcfe3fdadddfef3cec1e,buy,0xfb12e3cca983b9f59d90912fd17f8d745a8b2953,0x5d20859be29cc2fa7aafcd04370048e73a537d5589eba3153d1a74c798600f64
76,250,0.0012,0x636d925f140f761f7a0e600db2177dd068ddada1,2017-09-23T11:50:52.000Z,0.0000048,0x6a1afc7af4278351bca6125e03cc9e1a3f41e80a,buy,0xfb12e3cca983b9f59d90912fd17f8d745a8b2953,0xd9ae96901e232092d61e1803764da9fd9f9b4f388b84485d95c2d50d5bbda7b5
77,14000,0.07,0x314cbb74e9c1a5bd5a5530e2c0dcb60f4850b238,2017-09-22T17:37:06.000Z,0.000005,0xe0d463597d9a53a5fbb5d983427e23661cef6e58,buy,0xfb12e3cca983b9f59d90912fd17f8d745a8b2953,0xcf6379a18ecf622be34f7a55ec1ff56bcd9b750d27b07f4988a73d6e1875f41b
78,200,0.00099999996,0x19b78488b79c6a45d4e060f05a2b35c4873f25c5,2017-09-22T05:07:53.000Z,0.0000049999998,0x385a48789c132e8a748b1baa8b4d28842490d580,buy,0xfb12e3cca983b9f59d90912fd17f8d745a8b2953,0x76b471fd53978a7e5afee084aaef20ce4ca1ff693c1f03dadfc67baf6627a279
79,888,0.004439112,0xe9d8daa279d549e8b7a3b48f7d18cc1ee9b181eb,2017-09-21T02:16:11.000Z,0.000004999,0x385a48789c132e8a748b1baa8b4d28842490d580,buy,0xfb12e3cca983b9f59d90912fd17f8d745a8b2953,0x91e14bb9f10e483edbfc6fc5732f33e54c7ed2641904c8a1c3fa847cfd526df9
80,100,0.0005,0x42c24a83bded723edfdf5883bc7efb30bc1a1bf3,2017-09-21T00:20:48.000Z,0.000005,0xe0d463597d9a53a5fbb5d983427e23661cef6e58,buy,0xfb12e3cca983b9f59d90912fd17f8d745a8b2953,0x3b8da93fdcd30318204efef3f74ef6ec7103e6c1998fa82e921187eaddbb0ba0
81,100,0.0005,0x42c24a83bded723edfdf5883bc7efb30bc1a1bf3,2017-09-20T23:48:03.000Z,0.000005,0xe0d463597d9a53a5fbb5d983427e23661cef6e58,buy,0xfb12e3cca983b9f59d90912fd17f8d745a8b2953,0x5f5a26eed51b695ca10bf6441fd9319272150e1c38b7314d4cff633cdc3022c8
82,100,0.0005,0x42c24a83bded723edfdf5883bc7efb30bc1a1bf3,2017-09-20T23:21:57.000Z,0.000005,0xe0d463597d9a53a5fbb5d983427e23661cef6e58,buy,0xfb12e3cca983b9f59d90912fd17f8d745a8b2953,0x03b9918389e9cd236e1bf832e57fe33a61a1389a6f8ee64ff866d01503ed6ff7
83,100,0.0005,0x0f657c396dfcd6c59bb82b89fc3adbe5f90ce153,2017-09-20T23:05:55.000Z,0.000005,0xe0d463597d9a53a5fbb5d983427e23661cef6e58,buy,0xfb12e3cca983b9f59d90912fd17f8d745a8b2953,0x48af907cf7deb5f0e3321cceb3eb86c9efba50ef030464f21527aa79863ae3e9
84,100,0.0005,0x42c24a83bded723edfdf5883bc7efb30bc1a1bf3,2017-09-20T22:54:27.000Z,0.000005,0xe0d463597d9a53a5fbb5d983427e23661cef6e58,buy,0xfb12e3cca983b9f59d90912fd17f8d745a8b2953,0xbc0e868a38b734b454978fe2b386cfc5499db5c8275f54aaa6e2fec792a84851
85,166,0.0005,0x0f657c396dfcd6c59bb82b89fc3adbe5f90ce153,2017-09-20T22:39:14.000Z,0.00000301204819277108,0x8d6e0a79003a9d49e68a6b82bbd497189f019905,buy,0xfb12e3cca983b9f59d90912fd17f8d745a8b2953,0x25d5a8411ff6524908a8af495b16fef1774c790a7496c1d8399080766f93d345
86,166,0.0005,0x42c24a83bded723edfdf5883bc7efb30bc1a1bf3,2017-09-20T22:28:56.000Z,0.00000301204819277108,0x8d6e0a79003a9d49e68a6b82bbd497189f019905,buy,0xfb12e3cca983b9f59d90912fd17f8d745a8b2953,0x941210931ac40b9298006e8e3cd19dd9eb90845ace0a51b396a2fccc4a32e29c
87,166,0.0005,0x0f657c396dfcd6c59bb82b89fc3adbe5f90ce153,2017-09-20T22:17:04.000Z,0.00000301204819277108,0x8d6e0a79003a9d49e68a6b82bbd497189f019905,buy,0xfb12e3cca983b9f59d90912fd17f8d745a8b2953,0x8c1bd2f4b531a806d4b0228d58f176b7dec3a77e11ce9c8d3da9a197ca272cdb
88,166,0.0005,0x0f657c396dfcd6c59bb82b89fc3adbe5f90ce153,2017-09-20T22:06:56.000Z,0.00000301204819277108,0x8d6e0a79003a9d49e68a6b82bbd497189f019905,buy,0xfb12e3cca983b9f59d90912fd17f8d745a8b2953,0x94dbf6421c309fb53e994cf4915549b6a40a54887b2adf3a2ce937fc2e2d0f97
89,166,0.0005,0x42c24a83bded723edfdf5883bc7efb30bc1a1bf3,2017-09-20T21:50:55.000Z,0.00000301204819277108,0x8d6e0a79003a9d49e68a6b82bbd497189f019905,buy,0xfb12e3cca983b9f59d90912fd17f8d745a8b2953,0xc6aca374c4ce115d86424f56d3ce4298103dc6e8078a9d8766904bbbcd7ebc8b
90,166,0.0005,0x0f657c396dfcd6c59bb82b89fc3adbe5f90ce153,2017-09-20T21:37:14.000Z,0.00000301204819277108,0x8d6e0a79003a9d49e68a6b82bbd497189f019905,buy,0xfb12e3cca983b9f59d90912fd17f8d745a8b2953,0x2d9cb807aadee30b5b0d70c7fd483bc32a5958d786676f2c26baff5abb498cc5
91,166,0.0005,0x42c24a83bded723edfdf5883bc7efb30bc1a1bf3,2017-09-20T21:25:04.000Z,0.00000301204819277108,0x8d6e0a79003a9d49e68a6b82bbd497189f019905,buy,0xfb12e3cca983b9f59d90912fd17f8d745a8b2953,0xdcb6bc5b3a0bb317189a11007c1a785a87d4be9bb73da30bd42ce9da0dee6eff
92,166,0.0005,0x0f657c396dfcd6c59bb82b89fc3adbe5f90ce153,2017-09-20T21:12:30.000Z,0.00000301204819277108,0x8d6e0a79003a9d49e68a6b82bbd497189f019905,buy,0xfb12e3cca983b9f59d90912fd17f8d745a8b2953,0x3438a6cd6ad37476d973b469814ff873e7952a6aa69117b67c367bfb54d69b77
93,166,0.0005,0x42c24a83bded723edfdf5883bc7efb30bc1a1bf3,2017-09-20T20:51:42.000Z,0.00000301204819277108,0x8d6e0a79003a9d49e68a6b82bbd497189f019905,buy,0xfb12e3cca983b9f59d90912fd17f8d745a8b2953,0xdc0c11f48f1ae3327fbe1803dd10ad49f32e8f8081d5ff6b486a4c0bf3d74dc7
94,166,0.0005,0x0f657c396dfcd6c59bb82b89fc3adbe5f90ce153,2017-09-20T20:33:55.000Z,0.00000301204819277108,0x8d6e0a79003a9d49e68a6b82bbd497189f019905,buy,0xfb12e3cca983b9f59d90912fd17f8d745a8b2953,0x8f809a4c7e6df88b9669337aaa609839bf04697c4767c7793d65aa91eb589c77
95,166,0.0005,0x1f8ac99600c61189d92c85cc760735b9e0067a60,2017-09-20T18:03:25.000Z,0.00000301204819277108,0x8d6e0a79003a9d49e68a6b82bbd497189f019905,buy,0xfb12e3cca983b9f59d90912fd17f8d745a8b2953,0xf1d752695d372cb085c9d704dc52aeb0ee654eb964014a4459b836e5d98b0dae
96,166,0.0005,0x0f657c396dfcd6c59bb82b89fc3adbe5f90ce153,2017-09-20T17:21:39.000Z,0.00000301204819277108,0x8d6e0a79003a9d49e68a6b82bbd497189f019905,buy,0xfb12e3cca983b9f59d90912fd17f8d745a8b2953,0x0c39efab3d52930655f6486951e9ed6c7818017e104d9fe82a94aed33c456026
97,166,0.0005,0x42c24a83bded723edfdf5883bc7efb30bc1a1bf3,2017-09-20T10:50:39.000Z,0.00000301204819277108,0x8d6e0a79003a9d49e68a6b82bbd497189f019905,buy,0xfb12e3cca983b9f59d90912fd17f8d745a8b2953,0x0200817600d9380a580d1cd3fc6c5643b6502ce3fc6ffaae84886dc929c4d43f
98,166,0.0005,0x0f657c396dfcd6c59bb82b89fc3adbe5f90ce153,2017-09-20T10:48:40.000Z,0.00000301204819277108,0x8d6e0a79003a9d49e68a6b82bbd497189f019905,buy,0xfb12e3cca983b9f59d90912fd17f8d745a8b2953,0x2ce8dac760637c3ba41b9e4d8b0f61ddb8f0664c5c83299e9be8659d0a580f50
99,1500,0.0048,0xb4302256506c8ca0381bc19de012dc8315f8632d,2017-09-18T03:01:16.000Z,0.0000032,0x6a1afc7af4278351bca6125e03cc9e1a3f41e80a,buy,0xfb12e3cca983b9f59d90912fd17f8d745a8b2953,0xe2101479abee19c7b44961479444eebf4769d70d0304972d71668089bfa216ad
100,13125,0.042,0xcce4aedc32e8736daab3d233ba3364fc269efb0d,2017-09-15T22:46:01.000Z,0.0000032,0x6a1afc7af4278351bca6125e03cc9e1a3f41e80a,buy,0xfb12e3cca983b9f59d90912fd17f8d745a8b2953,0x4bd9a4ed405f16f25eb01deed71d93f5ceae2a7ce61043edcd830df913f9017a
101,98,0.0005,0x64b604630e055318093215b7ed41697ca4fb5de6,2017-09-10T05:12:22.000Z,0.00000510204081632653,0x71222e69a1e14927473944bd1f9cfaf60d4d7cc3,buy,0xfb12e3cca983b9f59d90912fd17f8d745a8b2953,0xdd717c7803305e1d077b7ae0794792594f621e3af70a581360865cf99fbbaf47
102,98,0.0005,0x64b604630e055318093215b7ed41697ca4fb5de6,2017-09-10T04:07:28.000Z,0.00000510204081632653,0x71222e69a1e14927473944bd1f9cfaf60d4d7cc3,buy,0xfb12e3cca983b9f59d90912fd17f8d745a8b2953,0xffe366051ca42c9aa0af93837cb11b1ea72f256277903ebef5bddbd8fa38c6dc
103,1886,0.0099999976,0xab6c79a9d40bda2e8925207e1d38f432847354e5,2017-09-08T23:01:06.000Z,0.00000530222566277837,0x9e6c03145b92c74b907cbcfe3fdadddfef3cec1e,buy,0xfb12e3cca983b9f59d90912fd17f8d745a8b2953,0x9224238bbe0a394818142e5f7dd4cd7cdfac4876260d68786a0f9ad951bc34a2
104,777,0.004272723,0x672ecc24c68d4efb455c3524bfd0885aab32f912,2017-09-05T10:39:28.000Z,0.000005499,0x385a48789c132e8a748b1baa8b4d28842490d580,buy,0xfb12e3cca983b9f59d90912fd17f8d745a8b2953,0x610de83962967faea7e634865f2dbf9ca3fe1ad6933d3e210574bb240cae8b83
105,250,0.001375,0x4da4ee0ffa7dda1761d4d2ac0da11f382df2f23a,2017-09-04T17:56:47.000Z,0.0000055,0xe0d463597d9a53a5fbb5d983427e23661cef6e58,buy,0xfb12e3cca983b9f59d90912fd17f8d745a8b2953,0x49b9ef6ced1cda1332536bbc6bfc9934b4c1b3f0bec97d53c6e852052a759b33
106,100,0.0005504015,0x4da4ee0ffa7dda1761d4d2ac0da11f382df2f23a,2017-09-04T16:16:54.000Z,0.000005504015,0xe0d463597d9a53a5fbb5d983427e23661cef6e58,buy,0xfb12e3cca983b9f59d90912fd17f8d745a8b2953,0x15d93e8bb3be6022868633e10e6e5080be6187403e721ce6fd6f85b9fa6ecda7
107,1000,0.0055,0x7d114b5bc46a424a2818fdce8fe688ee5e8c41f5,2017-09-04T06:49:41.000Z,0.0000055,0xe0d463597d9a53a5fbb5d983427e23661cef6e58,buy,0xfb12e3cca983b9f59d90912fd17f8d745a8b2953,0xbd5b34dfe160610acfa15fb24588af1037bb60ee4f5ad26f072f6adaceca011f
108,545,0.0030000025,0xff64f34e8511693e3dffa0e1fe037a6a65f3937b,2017-09-03T20:24:35.000Z,0.00000550459174311927,0xe0d463597d9a53a5fbb5d983427e23661cef6e58,buy,0xfb12e3cca983b9f59d90912fd17f8d745a8b2953,0x81449f9925b8c5792064721e1336d8cf46e22f18e83ad1bfe576274dcbe0bc1d
109,1562,0.005,0x6d3d0dfa885186833d6cf04f7890aab7d3b43cd1,2017-09-03T09:42:44.000Z,0.00000320102432778489,0x6a1afc7af4278351bca6125e03cc9e1a3f41e80a,buy,0xfb12e3cca983b9f59d90912fd17f8d745a8b2953,0xde2392475c7b71ce1dd7d7c8a9f4574aa173099e3e6aa145e31f20a95d0c78e1
110,1000,0.0032,0x8b182a4526944fa498970732a69a95d281c3c8a9,2017-09-03T01:54:31.000Z,0.0000032,0x6a1afc7af4278351bca6125e03cc9e1a3f41e80a,buy,0xfb12e3cca983b9f59d90912fd17f8d745a8b2953,0x9b6912a49e23710da1ab60f491b0dcb3de3a02e935732b6f205e8dd50bd02eac
111,350000,0.6188,0xa2e3de190469ebfa4b74ed984ca3fb0fac0f1dba,2017-09-02T16:37:56.000Z,0.000001768,0x07c40d05ccb5897e4812ad36a38b8e0ebbae7dc5,sell,0xfb12e3cca983b9f59d90912fd17f8d745a8b2953,0xe91b45c2da15733ff95e598f56b104334eb6bfc721fc251ab5d123f5049bf914
112,1613,0.003584086,0xfe72302571b492054cb0f31311233bc0f1a8c150,2017-09-01T19:18:21.000Z,0.000002222,0x385a48789c132e8a748b1baa8b4d28842490d580,sell,0xfb12e3cca983b9f59d90912fd17f8d745a8b2953,0xe0ce1bc1966287e34059c0e59ea872f41bea539775fe0a64b84fc4c94e391a36
113,2990,0.00691886,0x07c40d05ccb5897e4812ad36a38b8e0ebbae7dc5,2017-08-29T23:56:21.000Z,0.000002314,0xab6c79a9d40bda2e8925207e1d38f432847354e5,sell,0xfb12e3cca983b9f59d90912fd17f8d745a8b2953,0x862306202a08a264e83d101829ffd16fbf87bc1df8e9cc4a2ae180400018889b
114,127680,0.268128,0xa2e3de190469ebfa4b74ed984ca3fb0fac0f1dba,2017-08-29T03:37:52.000Z,0.0000021,0x07c40d05ccb5897e4812ad36a38b8e0ebbae7dc5,sell,0xfb12e3cca983b9f59d90912fd17f8d745a8b2953,0x08ae5b0e400592e145b1a369529479a70c8097cabf42e96fcc7908708112359c
115,99690,0.2312808,0x0845ad270268891eb78c056035d6ecd6b06c2ed4,2017-08-27T05:06:21.000Z,0.00000232,0x385a48789c132e8a748b1baa8b4d28842490d580,sell,0xfb12e3cca983b9f59d90912fd17f8d745a8b2953,0xb7e8860d51d592a9ba62aeb43bce05ef9073e9efe9d2f6a5ab5db0f55492da62
116,239,0.001317122543325353,0xb2034dac4ebc83eccd61a13bbc425bd7066d5b9f,2017-08-26T09:41:49.000Z,0.00000551097298462491,0xe0d463597d9a53a5fbb5d983427e23661cef6e58,buy,0xfb12e3cca983b9f59d90912fd17f8d745a8b2953,0x6a6cff2180ee68294993c29e3d3e7e7c8f53d710bedfc5c65710b82b0ff81402
117,1262,0.00694647514321603,0x71222e69a1e14927473944bd1f9cfaf60d4d7cc3,2017-08-26T02:50:04.000Z,0.00000550433846530589,0xe0d463597d9a53a5fbb5d983427e23661cef6e58,buy,0xfb12e3cca983b9f59d90912fd17f8d745a8b2953,0x889e5b4d697a64917d8e80eb7fc1fbaff44b376ac2d702c65e7701b7738ad3c0
118,999,0.0034965,0x71222e69a1e14927473944bd1f9cfaf60d4d7cc3,2017-08-26T02:34:33.000Z,0.0000035,0xab6c79a9d40bda2e8925207e1d38f432847354e5,buy,0xfb12e3cca983b9f59d90912fd17f8d745a8b2953,0x6e205f4d24a6c41e8da92af55a56159abcf76ecade85d7b021e7c5f5a529b2c2
119,1,0.0000035,0xbb325a2ee38566c7a03010b2c4929fd99861bf36,2017-08-25T12:36:52.000Z,0.0000035,0xab6c79a9d40bda2e8925207e1d38f432847354e5,buy,0xfb12e3cca983b9f59d90912fd17f8d745a8b2953,0x7e70922133395102f947a06ec6cb2b4ef930e3d301b23681789f475eaaa52a5f
120,281,0.001686,0x5d5c9b1338e2256992bf84b53463d90f65f7289d,2017-08-24T20:50:10.000Z,0.000006,0xaa569b62d106d4d59773c55e230d0373cd82f6a5,sell,0xfb12e3cca983b9f59d90912fd17f8d745a8b2953,0xf5d94393221f727945f3c8205ceb798cfe4cd2f9eb9a2d35d1f31fb5252d0e8b
121,10,0.00006,0x2d7ad46c8c2128b37f7bbf1d70f81db34d1176ba,2017-08-24T16:53:37.000Z,0.000006,0xe0d463597d9a53a5fbb5d983427e23661cef6e58,buy,0xfb12e3cca983b9f59d90912fd17f8d745a8b2953,0x1d6d42d367c4d28a543a8da1c7fc4c5a6986eecb8114f46765e9d9c5334aaa89
122,484,0.001694,0xe0d463597d9a53a5fbb5d983427e23661cef6e58,2017-08-24T10:32:41.000Z,0.0000035,0xab6c79a9d40bda2e8925207e1d38f432847354e5,buy,0xfb12e3cca983b9f59d90912fd17f8d745a8b2953,0x9ff1eba9fc5755a7f561cc741740c116c812e57e94c7990e830ac44a2e149455
123,93524,0.20855911094998889,0x385a48789c132e8a748b1baa8b4d28842490d580,2017-08-24T03:24:37.000Z,0.00000223000631869882,0xfe72302571b492054cb0f31311233bc0f1a8c150,buy,0xfb12e3cca983b9f59d90912fd17f8d745a8b2953,0x798748fdd45a770c399f6bc887c62a53022c20d1df1ffd05ded028b3176cc725
124,448,0.0009999989,0x16719c92327bb0219575b00f58fc413310ac064d,2017-08-24T01:40:51.000Z,0.00000223214040178571,0xfe72302571b492054cb0f31311233bc0f1a8c150,buy,0xfb12e3cca983b9f59d90912fd17f8d745a8b2953,0xddc6c2df97c5847015f8aea1f031ea26a52c039ee8e6ba38f9028f85f7f2917e
125,4484,0.01000000015,0xab6c79a9d40bda2e8925207e1d38f432847354e5,2017-08-23T22:11:21.000Z,0.0000022301516837645,0xfe72302571b492054cb0f31311233bc0f1a8c150,buy,0xfb12e3cca983b9f59d90912fd17f8d745a8b2953,0x5e4ea2b99df87e8464ae6dedc5264d7859a092c9c500575b225b6b9f53d3fc83
126,1600,0.0101424,0x07c40d05ccb5897e4812ad36a38b8e0ebbae7dc5,2017-08-23T20:58:21.000Z,0.000006339,0xfe72302571b492054cb0f31311233bc0f1a8c150,buy,0xfb12e3cca983b9f59d90912fd17f8d745a8b2953,0x115b124f7b9132e17d18a581e0a98482ed57bd8441ade99d3a4dd3f1aef0e329
127,90000,0.333,0x9e6c03145b92c74b907cbcfe3fdadddfef3cec1e,2017-08-23T20:56:45.000Z,0.0000037,0x07c40d05ccb5897e4812ad36a38b8e0ebbae7dc5,sell,0xfb12e3cca983b9f59d90912fd17f8d745a8b2953,0x2020536c7ea161d1e593879cc682bfdd0749c5a835cfc27a641ed2cb6559698e
128,100000,0.3,0x9e6c03145b92c74b907cbcfe3fdadddfef3cec1e,2017-08-23T20:56:45.000Z,0.000003,0x07c40d05ccb5897e4812ad36a38b8e0ebbae7dc5,sell,0xfb12e3cca983b9f59d90912fd17f8d745a8b2953,0x7fad642ceab2a0792f562d8d495d45c5055e5e262fa7d824ce0166da3b148b27
129,3798,0.015192,0x0cee9942a8dc4aa6f594d680f6b9654f02ab62d1,2017-08-22T20:33:53.000Z,0.000004,0x07c40d05ccb5897e4812ad36a38b8e0ebbae7dc5,sell,0xfb12e3cca983b9f59d90912fd17f8d745a8b2953,0xb87af0d130604a1c4a001a251351c3a8bb91219487127072de369f90c372a6f5
130,4287,0.0295803,0x385a48789c132e8a748b1baa8b4d28842490d580,2017-08-21T05:53:07.000Z,0.0000069,0x14af12c11fa2fc702add3a5f65143bc1158871e4,buy,0xfb12e3cca983b9f59d90912fd17f8d745a8b2953,0x993fbb7c583d7113d575c75e33c9618273db9e637d0357dde8f2c4c00dcc097d
131,100000,0.65,0x385a48789c132e8a748b1baa8b4d28842490d580,2017-08-21T05:05:09.000Z,0.0000065,0xe0d463597d9a53a5fbb5d983427e23661cef6e58,buy,0xfb12e3cca983b9f59d90912fd17f8d745a8b2953,0xc65641955641810c24a898aa35ec68f71b170ee7c02b1eaab39bbf28047c6015
132,100000,0.6,0x385a48789c132e8a748b1baa8b4d28842490d580,2017-08-21T05:04:46.000Z,0.000006,0xe0d463597d9a53a5fbb5d983427e23661cef6e58,buy,0xfb12e3cca983b9f59d90912fd17f8d745a8b2953,0x4e4aaadc5a5ac561a2c73b48c8ba08af3c2cb9c0747b733f6e4a973c2ed83d8d
133,120000,0.6,0x385a48789c132e8a748b1baa8b4d28842490d580,2017-08-21T04:22:46.000Z,0.000005,0xe0d463597d9a53a5fbb5d983427e23661cef6e58,buy,0xfb12e3cca983b9f59d90912fd17f8d745a8b2953,0x2a38cc1e19d80c7dd39b519835e7c40cc9997bc1c25b2c3dda9eef804725f4d0
134,115000,0.5175,0x385a48789c132e8a748b1baa8b4d28842490d580,2017-08-21T04:22:35.000Z,0.0000045,0xe0d463597d9a53a5fbb5d983427e23661cef6e58,buy,0xfb12e3cca983b9f59d90912fd17f8d745a8b2953,0x8c7563176dc872358ff66e4e41faebc982579d9e3938563cdbcbde4c0d73890f
135,1,0.0000064,0x8483d44ccdc6106b84b0409910eae1b7a357c3ac,2017-08-20T03:51:12.000Z,0.0000064,0xe0d463597d9a53a5fbb5d983427e23661cef6e58,buy,0xfb12e3cca983b9f59d90912fd17f8d745a8b2953,0x87c57af4cedaef5106a48a6637930c59bece41343416b88420c18b5b6d17211b
136,1000,0.0064,0x4e68b33241858b3e4718af994e94ae11fbdc9b2d,2017-08-19T21:19:26.000Z,0.0000064,0xe0d463597d9a53a5fbb5d983427e23661cef6e58,buy,0xfb12e3cca983b9f59d90912fd17f8d745a8b2953,0xfdac0afc3183353b01aaa4b7db2d0a31e2bdcd633658e2914745f05f94503994
137,66837,0.3141339,0x411304c635cab6463d6cd9cc29a1ca238a36b6e3,2017-08-19T07:07:54.000Z,0.0000047,0xfe72302571b492054cb0f31311233bc0f1a8c150,buy,0xfb12e3cca983b9f59d90912fd17f8d745a8b2953,0x16cef7639c84d4dabf2b63dad85e3723485369bd81ffb9ce801d7e11a51c0a35
138,3144,0.01369212,0x411304c635cab6463d6cd9cc29a1ca238a36b6e3,2017-08-19T07:07:37.000Z,0.000004355,0x07c40d05ccb5897e4812ad36a38b8e0ebbae7dc5,buy,0xfb12e3cca983b9f59d90912fd17f8d745a8b2953,0x1d738f398e6e595771e1a652230412c14d31111ca289af84562b9696fc47998c
139,25000,0.108025,0x411304c635cab6463d6cd9cc29a1ca238a36b6e3,2017-08-19T07:06:53.000Z,0.000004321,0xe0d463597d9a53a5fbb5d983427e23661cef6e58,buy,0xfb12e3cca983b9f59d90912fd17f8d745a8b2953,0x67794346139d2cac45f3afd39be14efcb25015ae3a01b3b258580489a4839549
140,80000,0.24,0x8379fc96ef046ec38ce6b71fe9e0936681e44a72,2017-08-19T02:53:11.000Z,0.000003,0xfe72302571b492054cb0f31311233bc0f1a8c150,sell,0xfb12e3cca983b9f59d90912fd17f8d745a8b2953,0x9ebc5b454300eaf57edc174e2a629e1e715cccb7ecff9a206cedc736b38a509e
141,2545,0.011,0x8d6e0a79003a9d49e68a6b82bbd497189f019905,2017-08-18T07:10:20.000Z,0.00000432220039292731,0xfe72302571b492054cb0f31311233bc0f1a8c150,buy,0xfb12e3cca983b9f59d90912fd17f8d745a8b2953,0x50d25e40749d6dab8aad05cb8af295cc3730a3ef8ed5830564c6f5304548f147
142,2300,0.009941186172027319,0xbc43454e4b5c4cdbb2099449b76e11664307a1f2,2017-08-17T15:51:55.000Z,0.00000432225485740318,0xfe72302571b492054cb0f31311233bc0f1a8c150,buy,0xfb12e3cca983b9f59d90912fd17f8d745a8b2953,0x6e09dabc3f31815260f568bf18c849f8e8eb42491a51f5082c0b0a31b3040f14
143,29000,0.064438,0xfe72302571b492054cb0f31311233bc0f1a8c150,2017-08-17T06:35:08.000Z,0.000002222,0xaa7162ec4f56856db2f62ca894856a16029c755a,sell,0xfb12e3cca983b9f59d90912fd17f8d745a8b2953,0xddc9d947b8167454cbe405101177bd56e6ca8b6f9d5a24fcf5db1ae7d82a2850
144,3221,0.01111245,0x07c40d05ccb5897e4812ad36a38b8e0ebbae7dc5,2017-08-17T03:01:09.000Z,0.00000345,0xaa7162ec4f56856db2f62ca894856a16029c755a,sell,0xfb12e3cca983b9f59d90912fd17f8d745a8b2953,0x2c340f83a6a43ef08058661291499acfdaf27ecb02859e98bf87f2c439adb9f6
145,33000,0.142593,0xaa7162ec4f56856db2f62ca894856a16029c755a,2017-08-17T02:45:59.000Z,0.000004321,0xe0d463597d9a53a5fbb5d983427e23661cef6e58,buy,0xfb12e3cca983b9f59d90912fd17f8d745a8b2953,0xa25b382b368954a884b7ff4d24b4f9524205df5630661e2322caf5a145d74429
146,2955,0.01019475,0xc73d7e4a40d4513ec7d114f521ea59df607a7613,2017-08-16T18:58:13.000Z,0.00000345,0x14af12c11fa2fc702add3a5f65143bc1158871e4,sell,0xfb12e3cca983b9f59d90912fd17f8d745a8b2953,0x82470e963757373bc6aa10936d18dfe4f47db2ffb0fcd4654dcf2e6484058ffe
