,amount,amountBase,buyer,date,price,seller,side,tokenAddr,txHash
0,3.363160941141792,0.01654675183041762,0x961c26543da1b75dab96ae986a921fffc92cfa7e,2017-11-02T13:47:00.000Z,0.00492,0x1eaa18a0e964d346f2b5182be3f97d7aab5145b9,buy,0x51db5ad35c671a87207d88fc11d593ac0c8415bd,0x0cfbd7abc5ca3ce600b0023e88442dcdd4cfdd431e1db6cb1d7e57207afda8ac
1,76,0.3724,0x961c26543da1b75dab96ae986a921fffc92cfa7e,2017-11-02T13:38:50.000Z,0.0049,0xc4974402c2940657203e7cf6851559924dedca69,buy,0x51db5ad35c671a87207d88fc11d593ac0c8415bd,0xc5f4e1871df1cf0575862001e3f0f6342859980870528bcfbd660bbd57cb7413
2,99.79550102249489,0.488,0xa3b2ceb252ec28d6bb74c78831ebfa56829ff4ed,2017-11-02T13:29:17.000Z,0.00489,0x1eaa18a0e964d346f2b5182be3f97d7aab5145b9,buy,0x51db5ad35c671a87207d88fc11d593ac0c8415bd,0x16465ac9e2b9f3e1014fcc1b36b7a5da18d811cb19bc1559a14df0baf59a2bad
3,0.10224948875255624,0.0005,0x4fda9e6bcd83af6c5cc771b5d20accc2b7720074,2017-11-02T12:50:41.000Z,0.00489,0x1eaa18a0e964d346f2b5182be3f97d7aab5145b9,buy,0x51db5ad35c671a87207d88fc11d593ac0c8415bd,0x90686728118b1340d2d19817baaa05d8b2b95b4d5bd193418d2043d4d4ac0dcc
4,119.629149636128,0.5179942179244342,0xe74531493162c7ac97c27e52442174db434b73e1,2017-11-02T12:32:37.000Z,0.00433,0x7b474a779a9c30a58a3c6153c436d88bddd5fa4f,sell,0x51db5ad35c671a87207d88fc11d593ac0c8415bd,0x04f94eae1f87a76ee5c5de63807654b6cdaf3b8907df6039a7debf1fe1588647
5,0.10224948875255624,0.0005,0x3075f7f189912f4f425dd7021b9c396434197477,2017-11-02T12:30:39.000Z,0.00489,0x1eaa18a0e964d346f2b5182be3f97d7aab5145b9,buy,0x51db5ad35c671a87207d88fc11d593ac0c8415bd,0x68e5b682b875a09b404632dc75fe8318441ba860e302710bf6a75b164ef66b61
6,216.21772505233776,0.933865976273552,0x090bea44aec26eda15fceda09e1aa85b8fd52087,2017-11-02T02:43:33.000Z,0.0043191,0x08f88c9e27eb51fbb4fb258c6e105da1bf3086a1,sell,0x51db5ad35c671a87207d88fc11d593ac0c8415bd,0x61c77ce11031c0096e205d2084888795f632d28caa3c2c3e54b072aa35b584f5
7,10,0.04319101,0xb20cc9af424a31f06f578ce55e01833cb3299cf2,2017-11-02T02:41:30.000Z,0.004319101,0x08f88c9e27eb51fbb4fb258c6e105da1bf3086a1,sell,0x51db5ad35c671a87207d88fc11d593ac0c8415bd,0x90ff9785775bea062bed7b700dd2a0834ef7aecc66f95b4903b69c952bdfaedc
8,225.52789378105084,0.9740549732403586,0x8c6267d5028bbf425118562f9b6d44af96aac5f9,2017-11-02T01:53:56.000Z,0.004319,0x4fd5317641bda86c0e9a50ce327107d7d6e07e18,sell,0x51db5ad35c671a87207d88fc11d593ac0c8415bd,0x4ed7face29e852e45688160e8ea65e82a3082e03245ca36e82069b828de5e854
9,11.713,0.0527858058,0xf7bc4e2c7c7e42d808ce3b510ae6d06e887eff7d,2017-11-02T01:29:45.000Z,0.0045066,0x0b5fa12490d99c67c5c5b1b4bb47e0d2a6504a18,sell,0x51db5ad35c671a87207d88fc11d593ac0c8415bd,0xe630524b78f272fa37de1ba5ceb6f756cf194332212fc634b4b04dcb1c3f4556
10,15,0.0676155,0x383932e5467528999954bf192452e390e1c84795,2017-11-02T01:29:34.000Z,0.0045077,0x0b5fa12490d99c67c5c5b1b4bb47e0d2a6504a18,sell,0x51db5ad35c671a87207d88fc11d593ac0c8415bd,0xcd88b0a334d008d86767136d59e7c7f338dfb7c2e21f3c63fc349b4d0a133f10
11,8.538630246236666,0.03902154022530156,0xa621fc02023cfac06cb31142e9ef3917afbb83fc,2017-11-02T01:28:44.000Z,0.00457,0x0b5fa12490d99c67c5c5b1b4bb47e0d2a6504a18,sell,0x51db5ad35c671a87207d88fc11d593ac0c8415bd,0xd7c903e7621e63fb91e3aaef38c3898f6d6485dc04629b71f1939c1074f30260
12,2.4613697537633334,0.011248459774698434,0xa621fc02023cfac06cb31142e9ef3917afbb83fc,2017-11-02T01:04:06.000Z,0.004569999999999999,0xa54ffa43d11698bc300d924781518b71dd10f0a8,sell,0x51db5ad35c671a87207d88fc11d593ac0c8415bd,0x5e49585a888566c4ec7307b159c1194fc36b72525d9c106ce61c32903a65ab47
13,490,2.4108,0xea9e5c2fe1ff1efb203455690f4d209e3e03840a,2017-11-01T15:43:42.000Z,0.00492,0x1eaa18a0e964d346f2b5182be3f97d7aab5145b9,buy,0x51db5ad35c671a87207d88fc11d593ac0c8415bd,0xb4e1a8274d84adf4fdb8c525095db2cc7fa46b2412dfe29c7f830e108c76f630
14,405.28779300480414,1.9940159415836363,0xa621fc02023cfac06cb31142e9ef3917afbb83fc,2017-11-01T15:27:29.000Z,0.00492,0x1eaa18a0e964d346f2b5182be3f97d7aab5145b9,buy,0x51db5ad35c671a87207d88fc11d593ac0c8415bd,0x429353c878e6d53e9b602215e58e456c20c171246bec3f70625b08e610f4e859
15,143,0.60934016,0xbd004f6273f54c727209e42b87bd101e598fb1a2,2017-11-01T09:20:50.000Z,0.00426112,0xfc90ff74057af23f638e67a1d35621f89d45a33d,sell,0x51db5ad35c671a87207d88fc11d593ac0c8415bd,0x542860f7f48cf05b036730763d5a2c7d63ff27e9150e3ce19b627b55298df083
16,316.9372165134411,1.3505075120297543,0xf2d403aec27ef17b54b090f02fb7487d226aaa54,2017-11-01T05:52:44.000Z,0.00426112,0x4b087964401ff67d7ad4a6a441cced2eefd60c34,sell,0x51db5ad35c671a87207d88fc11d593ac0c8415bd,0x179d4371404a99062ef79adae758ad97598466d75e8abb0e629999bae4956619
17,1000,4.311,0x1eaa18a0e964d346f2b5182be3f97d7aab5145b9,2017-11-01T05:50:38.000Z,0.004311,0x4b087964401ff67d7ad4a6a441cced2eefd60c34,sell,0x51db5ad35c671a87207d88fc11d593ac0c8415bd,0xad48cf5d2cdc73fe886a74133d2452ef1cab8bdcbc72e6876e67ae530354e3d9
18,350,1.5085035,0x3dee4a4e076e8d82859d241db0baf46f112cfa23,2017-11-01T05:50:38.000Z,0.00431001,0x4b087964401ff67d7ad4a6a441cced2eefd60c34,sell,0x51db5ad35c671a87207d88fc11d593ac0c8415bd,0x3c85351d1afd9dbbe6ef77714e3d33da1c251ee8b78ec94c766e946dc021b9ab
19,10,0.04312,0xdcf10969d931f57ef95a8996cb7b2e7e5311e88a,2017-11-01T05:49:45.000Z,0.004312,0x4b087964401ff67d7ad4a6a441cced2eefd60c34,sell,0x51db5ad35c671a87207d88fc11d593ac0c8415bd,0xe3d3835763f3533f6ddd950a4cd2f6a1a653d4ca00af56ea3e411b1abf7d9827
20,222.73295184926727,1.003768343077203,0xa3b2ceb252ec28d6bb74c78831ebfa56829ff4ed,2017-11-01T02:20:44.000Z,0.0045066001,0x5c01c8627b4c2d66e9efaf7c6eacba98f9b05acd,sell,0x51db5ad35c671a87207d88fc11d593ac0c8415bd,0x7165ffd63c5442f078c8e2edd2d406dd98999ea87a178341c05e0ee524a6f615
21,166,0.75862,0x6ef6e0031e822a76777323c8cb3e5ed109b189a8,2017-11-01T02:20:32.000Z,0.00457,0x0b5fa12490d99c67c5c5b1b4bb47e0d2a6504a18,sell,0x51db5ad35c671a87207d88fc11d593ac0c8415bd,0xb8ba3a133a627f7b3b055f48c2abea0fe992675080b4f7184cbcdcdbc9b6fd3d
22,500,2.2850005,0xa3b2ceb252ec28d6bb74c78831ebfa56829ff4ed,2017-11-01T02:18:39.000Z,0.004570001,0x5c01c8627b4c2d66e9efaf7c6eacba98f9b05acd,sell,0x51db5ad35c671a87207d88fc11d593ac0c8415bd,0x9a560d838771c24012c58ee7eba3e36a8cf689b98d9b52b762edf3f4e5e36239
23,590.652,2.699280821304,0x00866a2ad694dae635916957263393dd3214fdd3,2017-10-31T16:39:25.000Z,0.004570002,0x1f35924ae9b34bbd1dfa7e527964c430d5afab92,sell,0x51db5ad35c671a87207d88fc11d593ac0c8415bd,0x4addc36bfe36536fbc3b88265f8781cf1a252a3c7b4a1304290b5b6c42a937db
24,10,0.04570003,0xb20cc9af424a31f06f578ce55e01833cb3299cf2,2017-10-31T16:39:09.000Z,0.004570003,0x1f35924ae9b34bbd1dfa7e527964c430d5afab92,sell,0x51db5ad35c671a87207d88fc11d593ac0c8415bd,0x40f645badea5a3777604b39bdfea23e60f405de4012466d1e0b6ed57c23800c3
25,2200,10.0540044,0x00866a2ad694dae635916957263393dd3214fdd3,2017-10-31T16:30:52.000Z,0.004570002,0x0b5fa12490d99c67c5c5b1b4bb47e0d2a6504a18,sell,0x51db5ad35c671a87207d88fc11d593ac0c8415bd,0xd058b8311c63e4fa268e4edea73c2d8a2531ae4e9fa2b1a3e148276edf32aef8
26,199.40955707787367,0.9113020746649968,0x00866a2ad694dae635916957263393dd3214fdd3,2017-10-31T16:03:21.000Z,0.004570002,0x1f35924ae9b34bbd1dfa7e527964c430d5afab92,sell,0x51db5ad35c671a87207d88fc11d593ac0c8415bd,0x0326f309f7c8355204ebf364225e8cc3e9f8728eaec59ca442404ba404f25764
27,9.938288267940182,0.04541799726106317,0x00866a2ad694dae635916957263393dd3214fdd3,2017-10-31T16:00:04.000Z,0.004570002,0x168f06edcf1681958e219251eee314e55446561a,sell,0x51db5ad35c671a87207d88fc11d593ac0c8415bd,0x7722dcec6b81fa49d28aea7af80f665cd4f2cf4f39b29ae89c9ca16a233ff8ef
28,113.442,0.5615379,0xf7bc4e2c7c7e42d808ce3b510ae6d06e887eff7d,2017-10-31T13:17:44.000Z,0.00495,0x009a12d4290630bc01fd82516ac57c1dc6a9bcfb,buy,0x51db5ad35c671a87207d88fc11d593ac0c8415bd,0xbd2651640e7b00a2c3af28debbfd46bb3c555bf71a73f33efd9e6de8768d331e
29,277.2670481507327,1.249531706922797,0xa3b2ceb252ec28d6bb74c78831ebfa56829ff4ed,2017-10-31T13:07:50.000Z,0.0045066001,0x1f35924ae9b34bbd1dfa7e527964c430d5afab92,sell,0x51db5ad35c671a87207d88fc11d593ac0c8415bd,0xcb458b36578247514d64c410d9f03e1ba0e0088deda87f0b9b8e9e4bf24f9ce0
30,21.808,0.10064392,0x6009502524cc23d9861056a1d2b2f89603b14bbc,2017-10-31T12:22:24.000Z,0.004615,0x1f35924ae9b34bbd1dfa7e527964c430d5afab92,sell,0x51db5ad35c671a87207d88fc11d593ac0c8415bd,0xdfe9061309103629065d938ccd336b962e36fcc08f92cbcc0d3b302c954d61da
31,0.2,0.001046,0x0b773d7819259d78757b26dc4148812d35676d8f,2017-10-31T12:20:48.000Z,0.00523,0x67614fdaa0cf7c1b106b9b5a0918d5e5c32234ad,buy,0x51db5ad35c671a87207d88fc11d593ac0c8415bd,0x962a89c89180ae8988f34081c47f3188a02d66e42b5df9db6febeb65cc57a78c
32,113.43084813609117,0.5110059708530907,0x009a12d4290630bc01fd82516ac57c1dc6a9bcfb,2017-10-31T10:15:16.000Z,0.004505,0x739c5f6d73d483705a08f9a52c7cd61c7933573e,sell,0x51db5ad35c671a87207d88fc11d593ac0c8415bd,0x1c088417e9e34efc15492f282c99c221cf0b33ee9341ebb95c728e74e996993c
33,113.74869709902654,0.5118691369456194,0x739c5f6d73d483705a08f9a52c7cd61c7933573e,2017-10-31T10:11:48.000Z,0.0045,0x009a12d4290630bc01fd82516ac57c1dc6a9bcfb,sell,0x51db5ad35c671a87207d88fc11d593ac0c8415bd,0x758f34c0be60c2ec0dcc0c660c0e3f7b8072e88b1704765a77ef21a2ad7aa870
34,114.10083399040208,0.5020436695577691,0x009a12d4290630bc01fd82516ac57c1dc6a9bcfb,2017-10-31T08:57:18.000Z,0.0044,0x1749bb6e4080ebd7317ce5d8f9fb63fbfe58d27c,sell,0x51db5ad35c671a87207d88fc11d593ac0c8415bd,0x9737e864eafa509b3e1d431ff5ae2ef0fbdcf0d5743b76dea5640989b890f0a2
35,96.583,0.445344213,0x1749bb6e4080ebd7317ce5d8f9fb63fbfe58d27c,2017-10-31T08:50:08.000Z,0.004611,0xae9662fa359534c19f3732451de87e87b19cbf28,sell,0x51db5ad35c671a87207d88fc11d593ac0c8415bd,0xe18a54bda8cae7a35d1d2d98a58fd72658d56621073c09e1893c1bd6157b8f21
36,900,3.94992,0xf7bc4e2c7c7e42d808ce3b510ae6d06e887eff7d,2017-10-31T08:50:08.000Z,0.0043888,0xae9662fa359534c19f3732451de87e87b19cbf28,sell,0x51db5ad35c671a87207d88fc11d593ac0c8415bd,0x7151dc3b100b8baa57569700093f5b190f15a3f313f736aa95b5506684ccc7bc
37,96.583,0.445344213,0x1749bb6e4080ebd7317ce5d8f9fb63fbfe58d27c,2017-10-31T08:50:03.000Z,0.004611,0xae9662fa359534c19f3732451de87e87b19cbf28,sell,0x51db5ad35c671a87207d88fc11d593ac0c8415bd,0xe18a54bda8cae7a35d1d2d98a58fd72658d56621073c09e1893c1bd6157b8f21
38,140,0.6034,0xf7bc4e2c7c7e42d808ce3b510ae6d06e887eff7d,2017-10-31T08:23:18.000Z,0.00431,0xae9662fa359534c19f3732451de87e87b19cbf28,sell,0x51db5ad35c671a87207d88fc11d593ac0c8415bd,0x9ed9c7edb7befc72b8bb083d0e3991168ccf581eafc2fb244f3d7a4667cd2c3e
39,15,0.06465,0x3a0cc8afecbb6fe9567cd7e6dac685287f7a217d,2017-10-31T07:39:29.000Z,0.00431,0xae9662fa359534c19f3732451de87e87b19cbf28,sell,0x51db5ad35c671a87207d88fc11d593ac0c8415bd,0x171e8be2bd7e18e0b2f96d1eea23d2ff0ca0fc529dd40ef4aad88d382d10e27b
40,8.825631237225167,0.040686160003608016,0x383932e5467528999954bf192452e390e1c84795,2017-10-31T07:38:48.000Z,0.0046099999999999995,0xae9662fa359534c19f3732451de87e87b19cbf28,sell,0x51db5ad35c671a87207d88fc11d593ac0c8415bd,0xedee28a15b4e2cf7a45a64ebfd53c7c9f7ba4f8af95056b09bca6616e90f255e
41,350,1.505035,0x3dee4a4e076e8d82859d241db0baf46f112cfa23,2017-10-31T07:30:57.000Z,0.0043001,0xae9662fa359534c19f3732451de87e87b19cbf28,sell,0x51db5ad35c671a87207d88fc11d593ac0c8415bd,0x452de9d8cf98e866a65e6a45520568566a0399f513714d4d34766b72b02c3faf
42,500,2.3,0x2dfb6ab0e0cc50e42bf5f7f87262b27f4a7cde9e,2017-10-31T07:30:40.000Z,0.0046,0xae9662fa359534c19f3732451de87e87b19cbf28,sell,0x51db5ad35c671a87207d88fc11d593ac0c8415bd,0x075ed22a89ba8a29001e723e3791cc0a4f4519c85677f43a0b2f2792d9c91dad
43,500,2.305,0x14c32a94d825b0fbfc1a7024282f6bcaaa3082d1,2017-10-31T07:30:40.000Z,0.00461,0xae9662fa359534c19f3732451de87e87b19cbf28,sell,0x51db5ad35c671a87207d88fc11d593ac0c8415bd,0x11ef333e283db894bbc993cfa9a309a656ab883f484455ece450698dc0c3f1d3
44,17.871546575772324,0.08240570126088619,0x1749bb6e4080ebd7317ce5d8f9fb63fbfe58d27c,2017-10-31T07:30:22.000Z,0.004611,0xae9662fa359534c19f3732451de87e87b19cbf28,sell,0x51db5ad35c671a87207d88fc11d593ac0c8415bd,0x5b1e5f905739b36a79400a0bec304bac5f706b163f46687c06c1e5532aa8ad9c
45,135.5837650281835,0.6257190756050669,0x6009502524cc23d9861056a1d2b2f89603b14bbc,2017-10-31T06:57:27.000Z,0.004615,0xae9662fa359534c19f3732451de87e87b19cbf28,sell,0x51db5ad35c671a87207d88fc11d593ac0c8415bd,0x0f43ffadab9c6c6b67c72170962a82335a0a9ef9979efe18ad7fc62a42f02d5a
46,0.1170198325211,0.000540046527084876,0x6009502524cc23d9861056a1d2b2f89603b14bbc,2017-10-31T05:03:22.000Z,0.004614999999999996,0xe444a40689f51f63bcd29910622035707d533d29,sell,0x51db5ad35c671a87207d88fc11d593ac0c8415bd,0xd7377d4a979977b7523d179f024f997cd6dda382f6209ae15e93bb57e2266ed9
47,72.23649498387994,0.3333714243506059,0x6009502524cc23d9861056a1d2b2f89603b14bbc,2017-10-31T04:39:15.000Z,0.004615,0xa81d30697eaf18bc2d0b6a87ec5aa22e0506be42,sell,0x51db5ad35c671a87207d88fc11d593ac0c8415bd,0x99972b8c774a913654fb0d4e29240beea15593c710a02bda9c634622ed1777ea
48,200,0.9232,0x326a4034483eb704ec1da877555126240e5d74e2,2017-10-31T04:37:43.000Z,0.004616,0xa81d30697eaf18bc2d0b6a87ec5aa22e0506be42,sell,0x51db5ad35c671a87207d88fc11d593ac0c8415bd,0xa58484b5d09efda2b6483ebf3ab84130145143bd885660e5546b8d4ccf37d8a9
49,80,0.36944,0x326a4034483eb704ec1da877555126240e5d74e2,2017-10-31T04:37:32.000Z,0.004618,0xa81d30697eaf18bc2d0b6a87ec5aa22e0506be42,sell,0x51db5ad35c671a87207d88fc11d593ac0c8415bd,0xf91a818e9cdee094b49677b26929cd8a1c51412d0f563074ede54e10bf6459b3
50,50,0.23085,0x326a4034483eb704ec1da877555126240e5d74e2,2017-10-31T04:37:32.000Z,0.004617,0xa81d30697eaf18bc2d0b6a87ec5aa22e0506be42,sell,0x51db5ad35c671a87207d88fc11d593ac0c8415bd,0x49f9728e2cf6e6dacef5addfc6aecddf7c49783f9d7f9c4f376455e9cc05de57
51,110,0.50809,0x326a4034483eb704ec1da877555126240e5d74e2,2017-10-31T04:36:44.000Z,0.004619,0xa81d30697eaf18bc2d0b6a87ec5aa22e0506be42,sell,0x51db5ad35c671a87207d88fc11d593ac0c8415bd,0xffb771f5b91ef602af34161f5c9a662b2793d7113c36cce623a66fe74b03a06f
52,461.236,2.17242156,0x30b811a5667d392cfbbd1a03b47b2a55e953b053,2017-10-31T04:36:40.000Z,0.00471,0xa81d30697eaf18bc2d0b6a87ec5aa22e0506be42,sell,0x51db5ad35c671a87207d88fc11d593ac0c8415bd,0x532014e3eb267e44334099b64f6138c9645b1af2e203578d6f861ab59a3054fe
53,1000,4.620001,0xa3b2ceb252ec28d6bb74c78831ebfa56829ff4ed,2017-10-31T04:36:40.000Z,0.004620001,0xa81d30697eaf18bc2d0b6a87ec5aa22e0506be42,sell,0x51db5ad35c671a87207d88fc11d593ac0c8415bd,0xca3b83aca489676a9d0700f07c74efae9a6095c8d1a9ebfefe715d8d0fee18f4
54,20,0.09422,0x383932e5467528999954bf192452e390e1c84795,2017-10-31T04:36:32.000Z,0.004711,0xa81d30697eaf18bc2d0b6a87ec5aa22e0506be42,sell,0x51db5ad35c671a87207d88fc11d593ac0c8415bd,0xdd913808ad6c06439a2942ca551996d3d1e059a6cfda1519895b1eb2f3a30cec
55,180,0.8496,0xc1e9928b68696bdfe34e6711ba06610794ca3279,2017-10-31T04:36:32.000Z,0.00472,0xa81d30697eaf18bc2d0b6a87ec5aa22e0506be42,sell,0x51db5ad35c671a87207d88fc11d593ac0c8415bd,0x1faa32d84441c196e70e14021b2b92cc12808b699f8889b771ad27caaef64db8
56,398.7638321204267,1.8781776492872098,0x30b811a5667d392cfbbd1a03b47b2a55e953b053,2017-10-31T04:14:34.000Z,0.00471,0xd6f996a720577c534c2e9068673d3aa865337dfb,sell,0x51db5ad35c671a87207d88fc11d593ac0c8415bd,0x040b97f89f0dd666c66afea0f2bb9a5ac22ef4e92a45842069d7b4acac41dbd9
57,0.01,0.000053,0x0c4085d8e714ca77ac5f46cd2b80a92d238a7cd3,2017-10-31T01:33:53.000Z,0.0053,0xcf0dbf7b0439f57528c45367927df876141f8a1e,buy,0x51db5ad35c671a87207d88fc11d593ac0c8415bd,0x0d1b7a23a46e9cd47eae75ee4c39d681179d21666eb9f7add2fbb82c1229c991
58,10.966005383311733,0.05055328481706709,0x383932e5467528999954bf192452e390e1c84795,2017-10-30T03:06:14.000Z,0.00461,0x438608d18752633e5dfae22ef6077eb623fcace8,sell,0x51db5ad35c671a87207d88fc11d593ac0c8415bd,0xd3a7ea620001ba070cce8d48fa28fbfb0a52d8e7505408e8779cb94653153093
59,0.1045082781006,0.000481783162043766,0x383932e5467528999954bf192452e390e1c84795,2017-10-30T02:45:54.000Z,0.00461,0x16e5d97bbc92417e051e3b2cabfbf8ceea2acb9c,sell,0x51db5ad35c671a87207d88fc11d593ac0c8415bd,0x025bff6df0ec48377a4fe226d909e849e0183cd12bef7ba99bdaad4d28419a3e
60,0.1038551013625,0.000478772017281125,0x383932e5467528999954bf192452e390e1c84795,2017-10-30T02:44:06.000Z,0.00461,0x379374d13077e8867ef31803c37baf9785a17c00,sell,0x51db5ad35c671a87207d88fc11d593ac0c8415bd,0x54e1badab771fe4fd9602023e67adc31f1185e149db3c2a3904307902204ce73
61,97.18980560263184,0.44755905480011965,0x009a12d4290630bc01fd82516ac57c1dc6a9bcfb,2017-10-29T23:35:50.000Z,0.004605,0xfd0fe438cf033aab2a6998a95f2614d231ab8e04,sell,0x51db5ad35c671a87207d88fc11d593ac0c8415bd,0xa87fcb27b5fc2d95b0ae0f2f9c6d54756fb29b5d598a9fc87e4a2b36c6c3fd9a
62,402.302,1.85461222,0x1eaa18a0e964d346f2b5182be3f97d7aab5145b9,2017-10-29T23:32:14.000Z,0.00461,0xfd0fe438cf033aab2a6998a95f2614d231ab8e04,sell,0x51db5ad35c671a87207d88fc11d593ac0c8415bd,0x56de3a391dd5000e47e9e83704ef1bfa314669dbc068a4a66ca6b6631783e912
63,797.0887945000225,3.6705938986726037,0x009a12d4290630bc01fd82516ac57c1dc6a9bcfb,2017-10-29T23:19:10.000Z,0.004605,0x23c09abbc301e4bd6396548f5f6005ab345afb7e,sell,0x51db5ad35c671a87207d88fc11d593ac0c8415bd,0x4620dd756563a664f4c41331e52986378bea9a9f49ddd5e3b476deb0e177b37c
64,597.6976297253603,2.7553860730339115,0x1eaa18a0e964d346f2b5182be3f97d7aab5145b9,2017-10-29T23:12:55.000Z,0.00461,0x23c09abbc301e4bd6396548f5f6005ab345afb7e,sell,0x51db5ad35c671a87207d88fc11d593ac0c8415bd,0x8dd45d78bac08f9d7f9ba6b7827230a012816237a80ce078e5a62a1b10dcd905
65,190,1.007,0x3df86cefaecfaa31be2f74f8f832cb4ef62b79f8,2017-10-29T10:20:02.000Z,0.0053,0x53e166514fec3e1f7c7c08ba5472afb527736bac,buy,0x51db5ad35c671a87207d88fc11d593ac0c8415bd,0xb39d77c59eca88f2aae5189c0c03ad7a09b3ed07f0287de9ecddd3b37c1bdc8f
66,909.347,4.5466440653,0x3df86cefaecfaa31be2f74f8f832cb4ef62b79f8,2017-10-29T10:04:10.000Z,0.0049999,0xf2d403aec27ef17b54b090f02fb7487d226aaa54,buy,0x51db5ad35c671a87207d88fc11d593ac0c8415bd,0x99d5082c1e865941263b4fc744956492955383a78da4c425b7a57c7f8edbe39e
67,700,3.429195,0x3df86cefaecfaa31be2f74f8f832cb4ef62b79f8,2017-10-29T10:02:46.000Z,0.00489885,0x14c32a94d825b0fbfc1a7024282f6bcaaa3082d1,buy,0x51db5ad35c671a87207d88fc11d593ac0c8415bd,0x3e8f1dfc642a31b214b4242e4d4de2a0b82a43fe999255487234fc7dc59a50cf
68,303.5,1.36575,0x3df86cefaecfaa31be2f74f8f832cb4ef62b79f8,2017-10-29T10:02:15.000Z,0.0045,0xa262008f2057e1ea3b292d541852eb2d6f34b7f7,buy,0x51db5ad35c671a87207d88fc11d593ac0c8415bd,0xdc3c1724d55f711ae17262a8801915957c3e8f21c618e17ea775e728bcc5b4df
69,500,2.379175,0x3df86cefaecfaa31be2f74f8f832cb4ef62b79f8,2017-10-29T10:02:15.000Z,0.00475835,0x14c32a94d825b0fbfc1a7024282f6bcaaa3082d1,buy,0x51db5ad35c671a87207d88fc11d593ac0c8415bd,0xa8abb0d4dde46b22ee179480cf47424b3b9bec40af192bdaf0722e37832a860f
70,22.354,0.0983318929,0xcc509818388d3b17737ddc62436738ffb0358230,2017-10-29T03:59:02.000Z,0.00439885,0x14c32a94d825b0fbfc1a7024282f6bcaaa3082d1,buy,0x51db5ad35c671a87207d88fc11d593ac0c8415bd,0x7e51fe02eb5086156da8afb08ff495a9c10558413973ca38db2c2a12b30032f1
71,508.03280159676797,2.1642197348022316,0xfd0fe438cf033aab2a6998a95f2614d231ab8e04,2017-10-29T00:02:35.000Z,0.00426,0xe56be81797e2616b7d4c57c892dbecda35045fa1,buy,0x51db5ad35c671a87207d88fc11d593ac0c8415bd,0x2e8bfdbfb166c5ad88bb05104050ce37ce1e1a84660a0f75170a57a72763d4a0
72,0.11737089201877934,0.0005,0xe444a40689f51f63bcd29910622035707d533d29,2017-10-28T20:45:39.000Z,0.00426,0xe56be81797e2616b7d4c57c892dbecda35045fa1,buy,0x51db5ad35c671a87207d88fc11d593ac0c8415bd,0x486cab457bd90153c4a4179cd5e5a063254d418b27982318aed06d0eb583470e
73,0.11737089201877934,0.0005,0x34f9560c63078eb61872a4dc2ccd20e21c34feaf,2017-10-28T20:45:17.000Z,0.00426,0xe56be81797e2616b7d4c57c892dbecda35045fa1,buy,0x51db5ad35c671a87207d88fc11d593ac0c8415bd,0x1a81d66c5fa924370c8b6f861f26731336930759a212444f3100332c1f8998d6
74,300,1.278,0x6ef6e0031e822a76777323c8cb3e5ed109b189a8,2017-10-28T20:19:22.000Z,0.00426,0xe56be81797e2616b7d4c57c892dbecda35045fa1,buy,0x51db5ad35c671a87207d88fc11d593ac0c8415bd,0xfa5aca411f9463542ec8d83417fe57138a668070862295b1742f505a12a27723
75,1383.4566748848079,5.893525435009282,0xcc509818388d3b17737ddc62436738ffb0358230,2017-10-28T19:35:43.000Z,0.00426,0x14c32a94d825b0fbfc1a7024282f6bcaaa3082d1,sell,0x51db5ad35c671a87207d88fc11d593ac0c8415bd,0xd12c2fafe2d3463315ab9729df3d7b66c9626748ce99e7ce6930ce4b8eac0fff
76,116.54332511519205,0.4964745649907181,0xcc509818388d3b17737ddc62436738ffb0358230,2017-10-28T16:54:21.000Z,0.00426,0x1ed014aec47fae44c9e55bac7662c0b78ae61798,sell,0x51db5ad35c671a87207d88fc11d593ac0c8415bd,0x51d6ad0db9826b09479898de412b1deeb02a2ba55f00434952d51e6fecee65b4
77,210.7324566191945,0.8977202651977685,0xf77c8c25ae665ada9df275fe81ed0ff2e982bec0,2017-10-28T16:05:09.000Z,0.00426,0xe56be81797e2616b7d4c57c892dbecda35045fa1,buy,0x51db5ad35c671a87207d88fc11d593ac0c8415bd,0xc358201dc4e38ff9d043f293db3801419fe55cabd1b8f666bfa2828b653724cb
78,200,0.879796,0x6244863c5576b0f2ac51044c0390a81292011894,2017-10-28T15:10:33.000Z,0.00439898,0x14c32a94d825b0fbfc1a7024282f6bcaaa3082d1,buy,0x51db5ad35c671a87207d88fc11d593ac0c8415bd,0xb570b090e5c90ddd211e8bc4f7ac22740aeddb2ce74bfd86a6b0e49a50bc0cb6
79,24,0.1055712,0x6244863c5576b0f2ac51044c0390a81292011894,2017-10-28T15:09:19.000Z,0.0043988,0xabb9032ce21a8e0259132f5d3e985a0e3573e7d1,buy,0x51db5ad35c671a87207d88fc11d593ac0c8415bd,0xed11e5182ddf62f41b55d2ab827aa705ef684292f624af3a06d4461e96f3f6df
80,400,1.759592,0xd6f996a720577c534c2e9068673d3aa865337dfb,2017-10-28T13:23:13.000Z,0.00439898,0x14c32a94d825b0fbfc1a7024282f6bcaaa3082d1,buy,0x51db5ad35c671a87207d88fc11d593ac0c8415bd,0x95990864669e16a978090bd82207235dfc316e9c9cfa0420bb6472dbd2a23b5c
81,43.359,0.19034601,0x6ef6e0031e822a76777323c8cb3e5ed109b189a8,2017-10-28T10:00:52.000Z,0.00439,0xe56be81797e2616b7d4c57c892dbecda35045fa1,buy,0x51db5ad35c671a87207d88fc11d593ac0c8415bd,0xe9c4b5b288b2d8412cf90af014f110cb973a47e1cbaffcb741cde0db830846a3
82,58,0.25462,0x6ef6e0031e822a76777323c8cb3e5ed109b189a8,2017-10-28T10:00:09.000Z,0.00439,0x1eaa18a0e964d346f2b5182be3f97d7aab5145b9,buy,0x51db5ad35c671a87207d88fc11d593ac0c8415bd,0x5166ef39caf702d98cdd37d656753f77b330fd477f546cb1183d810e1df68c26
83,780,3.4242,0xcc509818388d3b17737ddc62436738ffb0358230,2017-10-28T08:53:27.000Z,0.00439,0xe56be81797e2616b7d4c57c892dbecda35045fa1,buy,0x51db5ad35c671a87207d88fc11d593ac0c8415bd,0xffd87e9624289c1b384b074bc93fd94ffe8b0a0f2893142c333eed635aa198dd
84,736.6406310682393,3.2338523703895703,0xfd0fe438cf033aab2a6998a95f2614d231ab8e04,2017-10-28T07:54:28.000Z,0.00439,0xe56be81797e2616b7d4c57c892dbecda35045fa1,buy,0x51db5ad35c671a87207d88fc11d593ac0c8415bd,0xe3a724de59f45137afa2431351fb3bc8f57573ee46e5e0e53363061571f1bad2
85,500,2.194425,0xfd0fe438cf033aab2a6998a95f2614d231ab8e04,2017-10-28T07:51:39.000Z,0.00438885,0x14c32a94d825b0fbfc1a7024282f6bcaaa3082d1,buy,0x51db5ad35c671a87207d88fc11d593ac0c8415bd,0x07d019dca605d038138b9dc5854fc0dd396c54cf30341e1b17417e04c348a7ac
86,1801.926,7.3878966,0x9778550d76b07ac9f5e57392f68ecdf6efc1774e,2017-10-28T04:48:33.000Z,0.0041,0xe56be81797e2616b7d4c57c892dbecda35045fa1,buy,0x51db5ad35c671a87207d88fc11d593ac0c8415bd,0x0a60305e9454938a4b1e258b6b1ddab2659b4ba38010e2ca00a33f9258d5e186
87,607.9274490888615,2.4925025412643325,0xe2eabfc1e89a462bbd2ba188cd8a9591a9a0d04e,2017-10-28T04:46:57.000Z,0.0041,0xe56be81797e2616b7d4c57c892dbecda35045fa1,buy,0x51db5ad35c671a87207d88fc11d593ac0c8415bd,0xc8ab92556957328c7ded4a2b75e1f66dfb9e472605a9832e78c508e643bd4903
88,30.879882121520847,0.12660751669823547,0x42586c7c8e4d9e7dcb4f13d718c2172bf9577f5d,2017-10-28T04:34:49.000Z,0.0041,0xe56be81797e2616b7d4c57c892dbecda35045fa1,buy,0x51db5ad35c671a87207d88fc11d593ac0c8415bd,0x6a6df28466c4163e6fd80518de72a4b66dfbec55e86c1f4fa21d978b9e743334
89,559.2662006139926,2.2929914225173698,0xe2eabfc1e89a462bbd2ba188cd8a9591a9a0d04e,2017-10-28T04:33:08.000Z,0.0041,0xe56be81797e2616b7d4c57c892dbecda35045fa1,buy,0x51db5ad35c671a87207d88fc11d593ac0c8415bd,0x33443cfba2073c0873e6627e0f3b0147f0c85ca98ce5013393af3da8f3f69a18
90,636.152,2.61458472,0x9778550d76b07ac9f5e57392f68ecdf6efc1774e,2017-10-28T03:57:31.000Z,0.00411,0xe56be81797e2616b7d4c57c892dbecda35045fa1,buy,0x51db5ad35c671a87207d88fc11d593ac0c8415bd,0xa5c914bfe818024b02ab76f5b90729c043d3fd4e0902f2fa756ebdf2de1d8b10
91,242.56916587265974,0.9969592717366315,0xe2eabfc1e89a462bbd2ba188cd8a9591a9a0d04e,2017-10-28T03:41:28.000Z,0.00411,0xe56be81797e2616b7d4c57c892dbecda35045fa1,buy,0x51db5ad35c671a87207d88fc11d593ac0c8415bd,0xf598f50da38ffa70842e6c6f2ab785365db35492814eef2b30ed3225992ba53a
92,121.27853774952149,0.49845479015053334,0xe2eabfc1e89a462bbd2ba188cd8a9591a9a0d04e,2017-10-28T03:37:44.000Z,0.00411,0xe56be81797e2616b7d4c57c892dbecda35045fa1,buy,0x51db5ad35c671a87207d88fc11d593ac0c8415bd,0xd6f3ae1d402f3197fff87193692d5821522725ce4b492f328165f8a520fec7be
93,58.83966977143086,0.24241943945829514,0x1eaa18a0e964d346f2b5182be3f97d7aab5145b9,2017-10-27T20:38:05.000Z,0.00412,0x009a12d4290630bc01fd82516ac57c1dc6a9bcfb,sell,0x51db5ad35c671a87207d88fc11d593ac0c8415bd,0x23bc8271509cf92b6a39512606192911a6154146e75d71c66e9ff69ad9a03d16
94,58.52357691157412,0.24111713687568537,0x009a12d4290630bc01fd82516ac57c1dc6a9bcfb,2017-10-27T20:08:53.000Z,0.00412,0x5b7c4014a8b53bc9e820e04fa3baaa94a2673a06,sell,0x51db5ad35c671a87207d88fc11d593ac0c8415bd,0xdea6b19cfb2b63801eb39f3eac85a123ebf2c1163298c64eef69cc5350dbe4f9
95,281.9307213027607,1.3188719142543146,0xe9e4db58c68f33c3483cc784d7fe68efa80cc86e,2017-10-27T03:55:36.000Z,0.004678,0xf2d403aec27ef17b54b090f02fb7487d226aaa54,buy,0x51db5ad35c671a87207d88fc11d593ac0c8415bd,0xeb4fa9a4f7ca8f64d309559f33ebbaa570811890c147b2b24b48232dfa4b0bee
96,300,1.395,0xe9e4db58c68f33c3483cc784d7fe68efa80cc86e,2017-10-27T03:54:25.000Z,0.00465,0xcf0dbf7b0439f57528c45367927df876141f8a1e,buy,0x51db5ad35c671a87207d88fc11d593ac0c8415bd,0xf67a159d05c562be160125dfed4afe85a39db10a8310d3bb5dce9580770b85b6
97,500,2.19944,0xe9e4db58c68f33c3483cc784d7fe68efa80cc86e,2017-10-27T03:53:56.000Z,0.00439888,0x14c32a94d825b0fbfc1a7024282f6bcaaa3082d1,buy,0x51db5ad35c671a87207d88fc11d593ac0c8415bd,0x5fc6051b1d247c1d9419a2a5f227f6fafee8ace4848ce6777065ccb2ffd047fd
98,200,0.92,0xe9e4db58c68f33c3483cc784d7fe68efa80cc86e,2017-10-27T03:53:56.000Z,0.0046,0xcf0dbf7b0439f57528c45367927df876141f8a1e,buy,0x51db5ad35c671a87207d88fc11d593ac0c8415bd,0x82b728c8aada5dd976c5b9f9639c79bfc2fbdbd43a884b7832c336ed09f9875b
99,307.8147129111931,1.30928988136776,0x9778550d76b07ac9f5e57392f68ecdf6efc1774e,2017-10-27T01:08:19.000Z,0.0042535,0x14c32a94d825b0fbfc1a7024282f6bcaaa3082d1,buy,0x51db5ad35c671a87207d88fc11d593ac0c8415bd,0x62236dc107d3db5d0c43da22a34555f422b04b697a15afd450783e648e650d9e
100,492.1852870888069,2.0935101186322402,0xacd435884b803bb1847bc0e5a198400fe2bcaf1a,2017-10-27T01:01:49.000Z,0.0042535,0x14c32a94d825b0fbfc1a7024282f6bcaaa3082d1,buy,0x51db5ad35c671a87207d88fc11d593ac0c8415bd,0x53fafad35a034ea7754183d5f2222270bb89c4e091ead4c69b5957f55bca54e5
101,0.49849583614817644,0.002043832928207523,0x009a12d4290630bc01fd82516ac57c1dc6a9bcfb,2017-10-26T19:11:55.000Z,0.0040999999999999995,0x142e562c31941d170bac90debb01149b0944d336,sell,0x51db5ad35c671a87207d88fc11d593ac0c8415bd,0xbb4840f3243bf5f93629fa1b729a1f54ebd3dc19d9f6e1aa28a59613bdbb9e02
102,477.64586155573625,2.1010924981044505,0xdf936e92f73b6e6334b417e87a87350d4a4b7a8c,2017-10-26T15:42:58.000Z,0.00439885,0x14c32a94d825b0fbfc1a7024282f6bcaaa3082d1,buy,0x51db5ad35c671a87207d88fc11d593ac0c8415bd,0x6a5d31db155de4a456a48e64ed07da89a02e2d65942c039ae1065381f187a4c3
103,756.921,3.32288319,0x09e396aca9535fffc68c72f880ab36e252b73a43,2017-10-26T12:50:09.000Z,0.00439,0x4e51e81045a4031a640b72b084ec3e342f53fb4b,buy,0x51db5ad35c671a87207d88fc11d593ac0c8415bd,0xaba3566180dc8b8d02add9c6753dc74ba26a7cce3ad9fc2d77c67a9da9d4f3e3
104,635.078924855744,2.7879964801167163,0x09e396aca9535fffc68c72f880ab36e252b73a43,2017-10-26T12:46:01.000Z,0.00439,0x4e51e81045a4031a640b72b084ec3e342f53fb4b,buy,0x51db5ad35c671a87207d88fc11d593ac0c8415bd,0xba477529a313cd26d3d56cbcaa0213424a87c8d249c09e50c5779bd750b89348
105,700,3.0653,0x09e396aca9535fffc68c72f880ab36e252b73a43,2017-10-26T12:45:07.000Z,0.004379,0xc9f789fd5b9dde6849e49a9240fccc301d9e8eff,buy,0x51db5ad35c671a87207d88fc11d593ac0c8415bd,0xf04a96bbdc527db417853586fd12c09746012b8caddf953797185d4e963bcd54
106,100,0.4325,0x09e396aca9535fffc68c72f880ab36e252b73a43,2017-10-26T12:45:07.000Z,0.004325,0x8e7bd3dc5a41971455a7e5af99c3ab77766b964e,buy,0x51db5ad35c671a87207d88fc11d593ac0c8415bd,0x6fda5f46a4215d4e962fbff0f524ef788a9483edcefa57bd25db3d86a505432c
107,24.92511337642554,0.09972537861907857,0xb8da44ec3a0fbf5b25301825ac7511a6e02d1cc4,2017-10-26T10:17:03.000Z,0.004001,0xc53c099b03e3811d8b70cf27997f6c389db8de6d,sell,0x51db5ad35c671a87207d88fc11d593ac0c8415bd,0xfedeca79b4a56eca001b082e7c1efd2802773ba2c585886151ef6571bbf70238
108,1670.33,6.68299033,0xf18521dc5c211dc0ed6c85b034d4f46d456950bb,2017-10-26T09:22:18.000Z,0.004001,0x6fcf7af8feb49f47da5b17847f61fa2d5e660dc0,buy,0x51db5ad35c671a87207d88fc11d593ac0c8415bd,0x43893eeceb00bb600fa2daf0ee183c668cdc7ed0f4d9d3d72a3ff9f3445b7197
109,200,0.8002,0x6ef6e0031e822a76777323c8cb3e5ed109b189a8,2017-10-26T08:55:43.000Z,0.004001,0x6fcf7af8feb49f47da5b17847f61fa2d5e660dc0,buy,0x51db5ad35c671a87207d88fc11d593ac0c8415bd,0xfa9360e8fdd12bc3037bf5563494f4bd6bcd9a55e9cf742dbd4b6f46f0362fbd
110,200,0.8002,0x6ef6e0031e822a76777323c8cb3e5ed109b189a8,2017-10-26T08:55:19.000Z,0.004001,0x6fcf7af8feb49f47da5b17847f61fa2d5e660dc0,buy,0x51db5ad35c671a87207d88fc11d593ac0c8415bd,0xfa9360e8fdd12bc3037bf5563494f4bd6bcd9a55e9cf742dbd4b6f46f0362fbd
111,99.69115565229744,0.39886431376484205,0xb8da44ec3a0fbf5b25301825ac7511a6e02d1cc4,2017-10-26T08:52:58.000Z,0.004001,0x8e7bd3dc5a41971455a7e5af99c3ab77766b964e,sell,0x51db5ad35c671a87207d88fc11d593ac0c8415bd,0xc84ff9b81dca43c106889ddffefbc44bd2fc389774b4b4dd6ea349ce0451fc3f
112,8,0.032008,0xb20cc9af424a31f06f578ce55e01833cb3299cf2,2017-10-26T08:46:19.000Z,0.004001,0x6fcf7af8feb49f47da5b17847f61fa2d5e660dc0,buy,0x51db5ad35c671a87207d88fc11d593ac0c8415bd,0xb4734cc1545362de01d480b1533f7c8de7210135eb079344269b9e8e23f77072
113,150,0.60015,0xc6939e988f4481b549ea7059cfcc42aab1f45bdb,2017-10-26T08:45:16.000Z,0.004001,0x6fcf7af8feb49f47da5b17847f61fa2d5e660dc0,buy,0x51db5ad35c671a87207d88fc11d593ac0c8415bd,0xa9c735f190e1dd5de1b7450c7d2f0a5df13a1788b647a4c946e20415d0393d8b
114,2,0.008002,0xb20cc9af424a31f06f578ce55e01833cb3299cf2,2017-10-26T08:10:00.000Z,0.004001,0x7f6c68dee612a8f0bc6710a77d74d9979de92cfa,buy,0x51db5ad35c671a87207d88fc11d593ac0c8415bd,0x275e473669bdd4b08b42a542c4cf19fd211436594ae77be02cc418f547a3b7e4
115,66.29,0.26522629,0xe2eabfc1e89a462bbd2ba188cd8a9591a9a0d04e,2017-10-26T03:15:49.000Z,0.004001,0xa69f649dfc667170be288eac8ebbed090d624647,buy,0x51db5ad35c671a87207d88fc11d593ac0c8415bd,0x208f216fc650f22bd673d1f0703f6c91afae9880adfab9b398ddadae86bb8219
116,34.70954220647262,0.13887287836809695,0xbe856c2de4731b0eb1f03bec519d41e65eeb6246,2017-10-26T01:36:28.000Z,0.004001,0xa69f649dfc667170be288eac8ebbed090d624647,buy,0x51db5ad35c671a87207d88fc11d593ac0c8415bd,0x7c73fef556090d1d05f7568caa7738036324048f563c40b617bb22cd382bdf3a
117,592,2.3088,0xd2ea382e498316d91b9de8557670149b479721a0,2017-10-25T21:07:37.000Z,0.0039,0xf4809ae65420ddbfac0e65bb439898141509e1e8,buy,0x51db5ad35c671a87207d88fc11d593ac0c8415bd,0x095d74fae7d68f0873ae73afabf8a0851897316ec02cc48c44b2f0d311a5ad7d
118,590.224,2.360896,0xbe856c2de4731b0eb1f03bec519d41e65eeb6246,2017-10-25T21:07:37.000Z,0.004,0xd2ea382e498316d91b9de8557670149b479721a0,sell,0x51db5ad35c671a87207d88fc11d593ac0c8415bd,0x095d74fae7d68f0873ae73afabf8a0851897316ec02cc48c44b2f0d311a5ad7d
119,488.4946665337454,1.9544671608015154,0xb8da44ec3a0fbf5b25301825ac7511a6e02d1cc4,2017-10-25T21:05:12.000Z,0.004001,0x740d4b3119b956c1d19608da39730499dbce4c01,sell,0x51db5ad35c671a87207d88fc11d593ac0c8415bd,0x02f4f9599dd5acadf9eaffdfecc8a436b636b47a30204e1b15a7661963c46802
120,0.000000005986941534,0.000000000023655806,0x98b8f889dbe2b5c4c5879f65e13b24012f2afdce,2017-10-25T20:50:19.000Z,0.003951233842130919,0xf4809ae65420ddbfac0e65bb439898141509e1e8,sell,0x51db5ad35c671a87207d88fc11d593ac0c8415bd,0x97b63eccea0116750b57d042be60f532aee8a32b480aae16a846071639d5d751
121,0.000060055010524103,0.000000240280097106,0xb8da44ec3a0fbf5b25301825ac7511a6e02d1cc4,2017-10-25T20:45:52.000Z,0.004000999999984413,0xf4809ae65420ddbfac0e65bb439898141509e1e8,sell,0x51db5ad35c671a87207d88fc11d593ac0c8415bd,0xec1746d5f6152a96c0d84229a759c8c2b37c4420d8f56ee97f38028e618c8422
122,0.5,0.002195,0xe1fa699860444be91d366c21de8fef56e3dec77a,2017-10-25T02:31:52.000Z,0.00439,0x3e7d788ac1b08a93f544c3f898c085ad3a33e6d4,buy,0x51db5ad35c671a87207d88fc11d593ac0c8415bd,0xd4e760e5e47492564dbd4beb79d595dceaef70a07d54afa572421c716583254b
123,183,0.80337,0x1907992d13703c36db2fd129ecd201d5695f0290,2017-10-24T20:18:44.000Z,0.00439,0x3e7d788ac1b08a93f544c3f898c085ad3a33e6d4,buy,0x51db5ad35c671a87207d88fc11d593ac0c8415bd,0x2b60a7d29265ae7b765ac1a041eae786da1167fa8695f0815b02afa6795e8309
124,88,0.38632,0x326796451abf10955c95ce7e492610ceed0dd53e,2017-10-24T17:13:08.000Z,0.00439,0x3e7d788ac1b08a93f544c3f898c085ad3a33e6d4,buy,0x51db5ad35c671a87207d88fc11d593ac0c8415bd,0x5bfaad49ca0df69783e11cba4b461ca39931a478f8dc8eb74a5c8030a44be2ff
125,506.0529151630019,1.9938484857422274,0xdf936e92f73b6e6334b417e87a87350d4a4b7a8c,2017-10-24T15:21:54.000Z,0.00394,0x09e396aca9535fffc68c72f880ab36e252b73a43,buy,0x51db5ad35c671a87207d88fc11d593ac0c8415bd,0x04c8af0f7bddb07d205f8eb20481937c482297eb671afaa66fb153e8e8ce084d
126,293.9055269273444,1.290245263211042,0xee1351763d1c99fd3328acd6f5cccdb59a59b464,2017-10-24T08:13:22.000Z,0.00439,0x1eaa18a0e964d346f2b5182be3f97d7aab5145b9,buy,0x51db5ad35c671a87207d88fc11d593ac0c8415bd,0x838c23b5f1087f081a9324374caa4754a3c0daaa9784c8e3376a1394e5634324
127,400,1.756,0xee1351763d1c99fd3328acd6f5cccdb59a59b464,2017-10-24T08:10:36.000Z,0.00439,0x1eaa18a0e964d346f2b5182be3f97d7aab5145b9,buy,0x51db5ad35c671a87207d88fc11d593ac0c8415bd,0x73c2d715da699272166a7f9c17285edc9c7a86c7257679cebc9886a5c11c6fcd
128,1207.271898708009,4.285815240413432,0x583b640795999aa2bb22c1a62a91336ff9d325bb,2017-10-24T03:30:04.000Z,0.00355,0x307d5d07db2c59ebd345b8a73c291ec926d30120,sell,0x51db5ad35c671a87207d88fc11d593ac0c8415bd,0x3c40586f7d09d8b83b5b3e0ba948531b2e49982e6b8aaa33b0f44aaa4f8ca181
129,2000,7.6222,0xf2d403aec27ef17b54b090f02fb7487d226aaa54,2017-10-24T03:28:29.000Z,0.0038111,0x307d5d07db2c59ebd345b8a73c291ec926d30120,sell,0x51db5ad35c671a87207d88fc11d593ac0c8415bd,0xc52364dd41a5ca48399c5a6b4e841e8169e0726a784dfbf256c368d4a2fe95d6
130,11.267219870518455,0.04506887948207382,0x273a5d3e6721b9f5c1a6474f560c1334c63dda01,2017-10-24T03:01:56.000Z,0.004,0x307d5d07db2c59ebd345b8a73c291ec926d30120,buy,0x51db5ad35c671a87207d88fc11d593ac0c8415bd,0x0a58c0775ea5d6445d7d41c6c5e052597422b60e10d1752659444e80d98aeae1
131,11.2334182109069,0.04942704012799036,0x680b99b1826e041f9546b82f9adf5edccea1672f,2017-10-24T03:01:56.000Z,0.0044,0x273a5d3e6721b9f5c1a6474f560c1334c63dda01,sell,0x51db5ad35c671a87207d88fc11d593ac0c8415bd,0x0a58c0775ea5d6445d7d41c6c5e052597422b60e10d1752659444e80d98aeae1
132,1.3798286854131427,0.006071246215817828,0x273a5d3e6721b9f5c1a6474f560c1334c63dda01,2017-10-23T15:33:07.000Z,0.0044,0xa03892c33058a56da3971f734b782909c2feb429,buy,0x51db5ad35c671a87207d88fc11d593ac0c8415bd,0x46b8de21a312b80893c2bfbaa80845aa11e88145de04eb3dff5c8fc525439ea3
133,1.3756891993569036,0.006878445996784517,0x680b99b1826e041f9546b82f9adf5edccea1672f,2017-10-23T15:33:07.000Z,0.004999999999999999,0x273a5d3e6721b9f5c1a6474f560c1334c63dda01,sell,0x51db5ad35c671a87207d88fc11d593ac0c8415bd,0x46b8de21a312b80893c2bfbaa80845aa11e88145de04eb3dff5c8fc525439ea3
134,459.9428951377143,2.2997144756885715,0x680b99b1826e041f9546b82f9adf5edccea1672f,2017-10-23T15:32:15.000Z,0.005,0x1d5321e125f6c7079a716705541c7b371ca79e69,sell,0x51db5ad35c671a87207d88fc11d593ac0c8415bd,0x7494c7bf49c7a3e59fc31f3f197766b02fa63a9a1f96394959eb431a6000cf7d
135,461.32272382312743,2.0754909344802503,0x1d5321e125f6c7079a716705541c7b371ca79e69,2017-10-23T15:32:15.000Z,0.004499,0xf2d403aec27ef17b54b090f02fb7487d226aaa54,buy,0x51db5ad35c671a87207d88fc11d593ac0c8415bd,0x7494c7bf49c7a3e59fc31f3f197766b02fa63a9a1f96394959eb431a6000cf7d
136,128.6772761768726,0.643386380884363,0x680b99b1826e041f9546b82f9adf5edccea1672f,2017-10-23T15:31:52.000Z,0.005,0x5ae933bfbbaa04c3e05ae56295138174ada9799c,sell,0x51db5ad35c671a87207d88fc11d593ac0c8415bd,0xef71d12ceb133b89a85453cbf3d79873940064cc1280def4fa64cccbf2bcfa41
137,129.06446958562947,0.5665930214809134,0x5ae933bfbbaa04c3e05ae56295138174ada9799c,2017-10-23T15:31:52.000Z,0.00439,0x1eaa18a0e964d346f2b5182be3f97d7aab5145b9,buy,0x51db5ad35c671a87207d88fc11d593ac0c8415bd,0xef71d12ceb133b89a85453cbf3d79873940064cc1280def4fa64cccbf2bcfa41
138,29,0.12731,0x34e727a73fef55760bd5b3e1717d9e988954b5d3,2017-10-23T15:24:30.000Z,0.00439,0x1eaa18a0e964d346f2b5182be3f97d7aab5145b9,buy,0x51db5ad35c671a87207d88fc11d593ac0c8415bd,0xb9c62df70d81afc7ca9b5400e5295c8cb8362aa2dba4067fb699be1735234033
139,2213.139268268368,7.748718452796331,0x98b8f889dbe2b5c4c5879f65e13b24012f2afdce,2017-10-23T11:37:09.000Z,0.003501234,0x82101bdb9d41c4f0f346c2e6119fba0e6bb0fbc8,sell,0x51db5ad35c671a87207d88fc11d593ac0c8415bd,0x953e76bb4d32a430bd8dc400866ddfc4d3a7872a063108fa8d3e826da222d618
140,1000,3.8,0x3c3aef0043c8629556d0b20425aca08a1509d1dc,2017-10-23T09:34:04.000Z,0.0038,0xae8113fd0af5fed0faa6d04050244356f626f258,sell,0x51db5ad35c671a87207d88fc11d593ac0c8415bd,0x3bcd28aa82e067d5d57a6a9e0481fde80dfdff82873e982297a62eb3e4f716e1
141,250,1.005,0x668703d2ddbc836a17fda363b2e805992a3eaadd,2017-10-23T09:32:28.000Z,0.00402,0xae8113fd0af5fed0faa6d04050244356f626f258,sell,0x51db5ad35c671a87207d88fc11d593ac0c8415bd,0xd651463c574da893eb44ffa6d5d4fef5e113edd30c8e67d4c2d6e71a23c059d6
142,500,2.03,0xb5d0ae8422683dfb53a76a97238365a30e0e82c8,2017-10-23T09:32:28.000Z,0.00406,0xae8113fd0af5fed0faa6d04050244356f626f258,sell,0x51db5ad35c671a87207d88fc11d593ac0c8415bd,0xd35f00293a6b5fca8599565dea34bd612e0e97a2a7d365b94e2ff5e586399f59
143,500,2.0305,0xf2d403aec27ef17b54b090f02fb7487d226aaa54,2017-10-23T09:32:05.000Z,0.004061,0xae8113fd0af5fed0faa6d04050244356f626f258,sell,0x51db5ad35c671a87207d88fc11d593ac0c8415bd,0xaab0286a4bf0f24b2bc7bcb72f983e8eb3a177fa7275881987b0f853578a274c
144,100,0.407,0xb5d0ae8422683dfb53a76a97238365a30e0e82c8,2017-10-23T09:32:05.000Z,0.00407,0xae8113fd0af5fed0faa6d04050244356f626f258,sell,0x51db5ad35c671a87207d88fc11d593ac0c8415bd,0x8ab61c6400dc52e917aeffd95d85a00c831c60409d4960cef7a4ca6950c5d789
145,100,0.408,0xb5d0ae8422683dfb53a76a97238365a30e0e82c8,2017-10-23T09:32:05.000Z,0.00408,0xae8113fd0af5fed0faa6d04050244356f626f258,sell,0x51db5ad35c671a87207d88fc11d593ac0c8415bd,0x6c6412f9132c9dd8138a6cedfa8aeba475a9082efb90749c8345ccfbd001ed9c
146,100,0.409,0xb5d0ae8422683dfb53a76a97238365a30e0e82c8,2017-10-23T09:31:32.000Z,0.00409,0xae8113fd0af5fed0faa6d04050244356f626f258,sell,0x51db5ad35c671a87207d88fc11d593ac0c8415bd,0x4707ad52d11320200fa40aa04f74a85e299b9c230ee3c41fd19f708aa3134890
147,1,0.00515995,0x4a57d0208164a1c1c63c75395dc444428a07b50a,2017-10-23T05:34:00.000Z,0.00515995,0x14c32a94d825b0fbfc1a7024282f6bcaaa3082d1,buy,0x51db5ad35c671a87207d88fc11d593ac0c8415bd,0x5edc7c94bec7fb9aa21e8e65c8d06bc94e1e211d95491855f2502f996a6f1f22
148,133.96337231855233,0.5492498265060646,0xc0663f6730271424a51b9f5870aedecb0a57788c,2017-10-23T04:57:59.000Z,0.0041,0xacd435884b803bb1847bc0e5a198400fe2bcaf1a,sell,0x51db5ad35c671a87207d88fc11d593ac0c8415bd,0xe9e8f4377a8a56700079415336d6ad284f3140aa5a4292d2c178981f1c18e712
149,0.24349484726571935,0.001010747111,0x42586c7c8e4d9e7dcb4f13d718c2172bf9577f5d,2017-10-23T03:55:28.000Z,0.004150999999999996,0x7d053385a05276eedcaf706325ae34ae544741a6,sell,0x51db5ad35c671a87207d88fc11d593ac0c8415bd,0x4b12c788208e4974f4ff657ba83dbd695084c62245addd47a7cba9e8c71b25b6
150,0.5,0.002245,0xe1fa699860444be91d366c21de8fef56e3dec77a,2017-10-22T18:29:28.000Z,0.00449,0x1eaa18a0e964d346f2b5182be3f97d7aab5145b9,buy,0x51db5ad35c671a87207d88fc11d593ac0c8415bd,0x7bafc291a3f758e95cb39ce1eec7fdaddc48a7d0c8048c26a1abf0de151d5953
151,30,0.1392,0x1fd29d9b7a3217e242c0eb9cbe8d82798e7d9a01,2017-10-22T17:14:06.000Z,0.00464,0xea1fedb5b860d8297efd50a311a178d5ffdd7667,buy,0x51db5ad35c671a87207d88fc11d593ac0c8415bd,0xa6af203df47a48933f6fc52882718a6a247fc1048a2e8339e1bfd8affcd1d195
152,1,0.0041511,0xf2d403aec27ef17b54b090f02fb7487d226aaa54,2017-10-22T14:58:17.000Z,0.0041511,0x0b5fa12490d99c67c5c5b1b4bb47e0d2a6504a18,sell,0x51db5ad35c671a87207d88fc11d593ac0c8415bd,0xfc2057cce5c011fa8f06bbafa4390ede4eccaa535962ed25f7fca638b7049e7b
153,25,0.11925,0xc53c099b03e3811d8b70cf27997f6c389db8de6d,2017-10-22T03:28:37.000Z,0.00477,0x1eaa18a0e964d346f2b5182be3f97d7aab5145b9,buy,0x51db5ad35c671a87207d88fc11d593ac0c8415bd,0x4e22789dbc501e5560a87d65c30b4e33fcb8b909910c54e9cdcb63fc0663d68d
154,29.906932214650585,0.12261842208006739,0xd842f147db3c3d525ce1a9d9993af9ca0defbafb,2017-10-22T00:47:08.000Z,0.0041,0x7df82683a572d9529426b0c799083397193e0387,sell,0x51db5ad35c671a87207d88fc11d593ac0c8415bd,0xaf673a35909bf8cf970386bc4657b51f8cf0843f984e0b2a017f1663aa00839b
155,150,0.615,0xd842f147db3c3d525ce1a9d9993af9ca0defbafb,2017-10-21T23:26:24.000Z,0.0041,0xae9662fa359534c19f3732451de87e87b19cbf28,sell,0x51db5ad35c671a87207d88fc11d593ac0c8415bd,0x70244f82c8a565fd56aa8630b90c39a094aa9e74bd9d2bb384d10808d1414483
156,287.021,1.17965631,0x0c258e0b2b9be3d980d1dd09bb25ddb303101142,2017-10-21T23:17:09.000Z,0.00411,0xae9662fa359534c19f3732451de87e87b19cbf28,sell,0x51db5ad35c671a87207d88fc11d593ac0c8415bd,0xdd465c325d72d7a4b43c160e2edc655247710d9c484d009986ad391893007d02
157,6.979,0.02868369,0x0c258e0b2b9be3d980d1dd09bb25ddb303101142,2017-10-21T21:11:27.000Z,0.00411,0xd2ea382e498316d91b9de8557670149b479721a0,sell,0x51db5ad35c671a87207d88fc11d593ac0c8415bd,0x061b3bbd87ff6d4beec0442a7e147738ed0ab36bf3cab88f9fb09e8535142d46
158,7,0.028,0xd2ea382e498316d91b9de8557670149b479721a0,2017-10-21T21:11:27.000Z,0.004,0x422d4d1f8a9373dc8b75f3e1aeab786083f38a51,buy,0x51db5ad35c671a87207d88fc11d593ac0c8415bd,0x061b3bbd87ff6d4beec0442a7e147738ed0ab36bf3cab88f9fb09e8535142d46
159,0.049,0.0002009,0xd842f147db3c3d525ce1a9d9993af9ca0defbafb,2017-10-21T19:17:26.000Z,0.0041,0x3ee3dff07c1820b381e432e1049377cf1125b922,sell,0x51db5ad35c671a87207d88fc11d593ac0c8415bd,0x42931608d7c7130d36c5aa8001fc1367d7ef02e3d003666544ec4dc10165e977
160,493.195396578273,2.022101125970919,0xd842f147db3c3d525ce1a9d9993af9ca0defbafb,2017-10-21T19:16:03.000Z,0.0041,0x3ee3dff07c1820b381e432e1049377cf1125b922,sell,0x51db5ad35c671a87207d88fc11d593ac0c8415bd,0x490fa141ce79006ef9b84c04baf6c4e29d37930e40fc82aed1253f11531b5c52
161,174,0.70644,0xc616023ea15e25653abccf7195500202b7397bf9,2017-10-21T13:46:33.000Z,0.00406,0x69e2a4881d63b598ca937abe3c8595d4be3ca0c0,buy,0x51db5ad35c671a87207d88fc11d593ac0c8415bd,0x8821face0bb979683b7df401b06b7548462814831bc9140f6ea5b01528b567b5
162,0.0041,0.492,0x5b29f3fd68c5a5c1a8dc7d76a71467f4095b5abd,2017-10-21T12:32:15.000Z,120,0x3ac636ac5c3a2576156ac5f10066ca68abe0ad54,sell,0x51db5ad35c671a87207d88fc11d593ac0c8415bd,0x9f98247f7fe8401d169d8629117922120237b71e9dd966028c549a157d992f2b
163,20,0.0958,0xcbf3a8b1d1e72e1dd73fac3c0b5239c0c5c3ce67,2017-10-21T10:41:15.000Z,0.00479,0x1eaa18a0e964d346f2b5182be3f97d7aab5145b9,buy,0x51db5ad35c671a87207d88fc11d593ac0c8415bd,0x6d4fa1823390c5ac70496e16b1bef436b017f3cfb5f22f8cc88150a33606ab55
164,177.90121646397114,0.7204999266790831,0x0c258e0b2b9be3d980d1dd09bb25ddb303101142,2017-10-21T10:35:56.000Z,0.00405,0x8866da41619022ebd8d317dd7c09331f5ec3db64,sell,0x51db5ad35c671a87207d88fc11d593ac0c8415bd,0x5f27df6167ca478cdaf7e3b987e7006664cb0913abbffa22de61e8c20c19fc6a
165,285,1.2255,0xcfc5a6bdeea6e8e27ba5dac29868cdc6f1b8765d,2017-10-21T09:11:48.000Z,0.0043,0x09e396aca9535fffc68c72f880ab36e252b73a43,sell,0x51db5ad35c671a87207d88fc11d593ac0c8415bd,0x80e8c1f11ea09df58e83cc8000ec51f8499c5b34e26d58e65e00e159dbd16063
166,2.3149188686634425,0.009955308594687134,0x09e396aca9535fffc68c72f880ab36e252b73a43,2017-10-21T06:05:29.000Z,0.0043005,0x090bea44aec26eda15fceda09e1aa85b8fd52087,sell,0x51db5ad35c671a87207d88fc11d593ac0c8415bd,0xac31330e57270408c8080aa584afec72d3bddd7027f062a4044f68d511f3f4db
167,5.496,0.02308468392,0xc616023ea15e25653abccf7195500202b7397bf9,2017-10-21T06:05:29.000Z,0.00420027,0x090bea44aec26eda15fceda09e1aa85b8fd52087,sell,0x51db5ad35c671a87207d88fc11d593ac0c8415bd,0x2c0a2f700a98695ce0b93a3124076eb6af9173532eeba0f0a19a29a7ccc53238
168,2.507,0.01140685,0xa49df4b7768200a2a121a716e106b70f2f69491e,2017-10-21T06:04:43.000Z,0.00455,0x090bea44aec26eda15fceda09e1aa85b8fd52087,sell,0x51db5ad35c671a87207d88fc11d593ac0c8415bd,0xeaa3558c1f960d4dfd67fed3cad5aa4781ffa9aee25fad457d8d232864a860a8
169,186.5877273984512,0.7837188337598926,0xc616023ea15e25653abccf7195500202b7397bf9,2017-10-21T05:35:21.000Z,0.00420027,0xacd435884b803bb1847bc0e5a198400fe2bcaf1a,sell,0x51db5ad35c671a87207d88fc11d593ac0c8415bd,0xe73d7ec5b1ae948336dcc5da39e308d8eb1a014c5153b51b2d2c7dae9ff7d0b0
170,151.57464291764137,0.638170171836858,0xc616023ea15e25653abccf7195500202b7397bf9,2017-10-21T05:33:33.000Z,0.00421027,0xacd435884b803bb1847bc0e5a198400fe2bcaf1a,sell,0x51db5ad35c671a87207d88fc11d593ac0c8415bd,0xde3b1726b049a0f00e4c8ab5369ce721d499ad8a97cc1df343e2c6661efd17cc
171,325.1619978067989,1.3690198045060313,0xc616023ea15e25653abccf7195500202b7397bf9,2017-10-21T05:08:07.000Z,0.00421027,0xacd435884b803bb1847bc0e5a198400fe2bcaf1a,sell,0x51db5ad35c671a87207d88fc11d593ac0c8415bd,0xb8c7c5988db27287c26f7dd8ce20dcd841f4da51ae6a9ea387813a3fae890fd1
172,23.263359275559704,0.09794502365711075,0xc616023ea15e25653abccf7195500202b7397bf9,2017-10-21T04:51:47.000Z,0.00421027,0x9af723cdc53e63f40881631bd588df2833893246,sell,0x51db5ad35c671a87207d88fc11d593ac0c8415bd,0x9ab4cebccf4229802f1ff666eb9977f1e9ea3e952737d06158b38f176dfc9d7d
173,23.3,0.10019699,0xc13ade37b4e5c367dc881b8bbb2858b36222bfa3,2017-10-21T04:50:10.000Z,0.0043003,0x9af723cdc53e63f40881631bd588df2833893246,sell,0x51db5ad35c671a87207d88fc11d593ac0c8415bd,0x59be5097dc2f26b701da60b3124120608e92b93ae4b2d1a3b3c50e22ee15e7a1
174,26.7,0.11481801,0xc13ade37b4e5c367dc881b8bbb2858b36222bfa3,2017-10-21T04:46:08.000Z,0.0043003,0x9201299892e3c27bae587a45119b02df1382602a,sell,0x51db5ad35c671a87207d88fc11d593ac0c8415bd,0xfd5aedd948bdbd28db5361bb0be943a5058ff8e19ded7d75b30d1dee76b50224
175,70,0.301007,0xc13ade37b4e5c367dc881b8bbb2858b36222bfa3,2017-10-21T04:45:07.000Z,0.0043001,0x9af723cdc53e63f40881631bd588df2833893246,sell,0x51db5ad35c671a87207d88fc11d593ac0c8415bd,0x49121c10e466080d5745a547414401f66add1e1f1817ccccc86c951420e474a1
176,100,0.4310001,0x949031f9b657164897b06accdb77b717a9c9c284,2017-10-21T04:43:32.000Z,0.004310001,0x9af723cdc53e63f40881631bd588df2833893246,sell,0x51db5ad35c671a87207d88fc11d593ac0c8415bd,0x792f5d85147feff7294556005a56e311f061bcdf1f90b7e21c171fcd93e87f53
177,356.653,1.53717443,0x1eaa18a0e964d346f2b5182be3f97d7aab5145b9,2017-10-21T04:43:32.000Z,0.00431,0x9af723cdc53e63f40881631bd588df2833893246,sell,0x51db5ad35c671a87207d88fc11d593ac0c8415bd,0x705c6b31bc1a79cdaadd5476bf24620013e8b908b58147e962f1843be6eae590
178,143.34689313938105,0.6178251094307323,0x1eaa18a0e964d346f2b5182be3f97d7aab5145b9,2017-10-21T04:25:10.000Z,0.00431,0x9af723cdc53e63f40881631bd588df2833893246,sell,0x51db5ad35c671a87207d88fc11d593ac0c8415bd,0xfd325efa9ee5993513c912c41eda7404f694dff94b0bdb67364ba64f57ef354d
179,1539.5,6.62000395,0x7f23dfdeae97855476ad0ae5c8d5b37027e43344,2017-10-21T04:23:15.000Z,0.0043001,0x9af723cdc53e63f40881631bd588df2833893246,sell,0x51db5ad35c671a87207d88fc11d593ac0c8415bd,0xfbb994344538fbdf30521dee91d61c248affa474ec6014228df7e5693aa5aa39
180,997.6850811313366,4.290544691405313,0x09e396aca9535fffc68c72f880ab36e252b73a43,2017-10-21T04:04:31.000Z,0.0043005,0x9af723cdc53e63f40881631bd588df2833893246,sell,0x51db5ad35c671a87207d88fc11d593ac0c8415bd,0xc96d7be9c66169118c6f6bbd5d3e3c6473cddb80ebcc77524a5f0b1d3defc80b
181,119.4,0.583269,0x1da251119e3a70bcb4aed858bd2acccff2155077,2017-10-20T22:52:34.000Z,0.004885,0x14c32a94d825b0fbfc1a7024282f6bcaaa3082d1,sell,0x51db5ad35c671a87207d88fc11d593ac0c8415bd,0x4a95fab96ec24bba535695cfccb0853301798cf1a5e7a1babcdf8dd5134fdfbb
182,707,3.0401707,0x7f23dfdeae97855476ad0ae5c8d5b37027e43344,2017-10-20T15:01:30.000Z,0.0043001,0x920307b68360efea14ad98f9424501c99a4aa9dc,sell,0x51db5ad35c671a87207d88fc11d593ac0c8415bd,0xd214508e15ccf9332d2883d6598cc3b054e076316056e6771b4dd29e2664695d
183,50,0.220005,0xc13ade37b4e5c367dc881b8bbb2858b36222bfa3,2017-10-20T14:57:33.000Z,0.0044001,0x920307b68360efea14ad98f9424501c99a4aa9dc,sell,0x51db5ad35c671a87207d88fc11d593ac0c8415bd,0xe8969e89e674ccea1deb9b4d1502c202d59915a737dab66ba29d46164be95625
184,80.645,0.355079935,0xca41e21a51126ac87b95ad24b812e3b8701f8b07,2017-10-20T14:57:33.000Z,0.004403,0x920307b68360efea14ad98f9424501c99a4aa9dc,sell,0x51db5ad35c671a87207d88fc11d593ac0c8415bd,0x0ca65d1cf608bfc6926a36492f41b4aeb96c1b4cf433cf295601314b0762eb23
185,378.3549568807624,1.665896875145997,0xca41e21a51126ac87b95ad24b812e3b8701f8b07,2017-10-20T14:21:45.000Z,0.004403,0x3cf287a529a86851daa34ff7abad174989360f95,sell,0x51db5ad35c671a87207d88fc11d593ac0c8415bd,0xa9fa9a7a67949e3d16f578e44bc3bb70b5167f7ed234b8c429bc28412b036940
186,155.46356295484,0.707359211444522,0x870dae2243d6ae4e42fce48f10832ca1446af2ce,2017-10-20T14:08:45.000Z,0.00455,0x920307b68360efea14ad98f9424501c99a4aa9dc,sell,0x51db5ad35c671a87207d88fc11d593ac0c8415bd,0xdbc14f002b7800466fc68dcd323bbb057c64b49b17e3bac31e97ed0062cc82ef
187,647.4927724055428,2.9460921144452197,0xa49df4b7768200a2a121a716e106b70f2f69491e,2017-10-20T13:24:39.000Z,0.00455,0x3df86cefaecfaa31be2f74f8f832cb4ef62b79f8,sell,0x51db5ad35c671a87207d88fc11d593ac0c8415bd,0xcf6744446626dcf9d5a3c09effa5ccc4904324ac0b2579dc1c6e52a8f59dad0a
188,279,1.2276,0x09e396aca9535fffc68c72f880ab36e252b73a43,2017-10-20T07:54:08.000Z,0.0044,0x983d3fb100b7e7d27b36b998eb38d9386ecbc8d0,sell,0x51db5ad35c671a87207d88fc11d593ac0c8415bd,0x17a3389ba3420c280d1888bf5d023aed1571b85c712a047e771c540f86abe4bb
189,149.53643704516,0.680390788555478,0x870dae2243d6ae4e42fce48f10832ca1446af2ce,2017-10-20T07:13:47.000Z,0.00455,0x757ca85df7b749abed2165368f534acd5e128a14,sell,0x51db5ad35c671a87207d88fc11d593ac0c8415bd,0x568d0e565dd67591d45bc67d88103b1391acecec41137c769584994f22be84d2
190,0.1097918039979152,0.000498454790150535,0x0c258e0b2b9be3d980d1dd09bb25ddb303101142,2017-10-20T06:49:54.000Z,0.00454,0xebd9686f24621294411d302cfda42afe50b6b419,buy,0x51db5ad35c671a87207d88fc11d593ac0c8415bd,0x51baba6edd45a3d0129b1a06a8f7ab20439928f300bb0c344c12f972b0cf47a2
191,400.8193384523774,1.9580024683398634,0xdb481342d815291d4a38677b318b62cb5304e113,2017-10-20T06:06:00.000Z,0.004885,0x14c32a94d825b0fbfc1a7024282f6bcaaa3082d1,buy,0x51db5ad35c671a87207d88fc11d593ac0c8415bd,0x9f85a081d2ac20a697d2b76e13dfb793d53a7f51108e820e177aa6204bd35008
192,118.34416493494741,0.5680519916877476,0xd8a12383fa066c289511464956993f5a98265ae9,2017-10-20T05:54:21.000Z,0.0048,0x3c3aef0043c8629556d0b20425aca08a1509d1dc,buy,0x51db5ad35c671a87207d88fc11d593ac0c8415bd,0xff0d7729debf9d70b423b4e892a9f3995735bc6dc059afc296dfe1217b2708ce
193,298,1.42593,0xd8a12383fa066c289511464956993f5a98265ae9,2017-10-20T05:53:25.000Z,0.004785,0x14c32a94d825b0fbfc1a7024282f6bcaaa3082d1,buy,0x51db5ad35c671a87207d88fc11d593ac0c8415bd,0x52c916f1269e88a03df8eac26df26aaa336a154c2263bcc28c195f880ba01b85
194,2,0.00957,0x42586c7c8e4d9e7dcb4f13d718c2172bf9577f5d,2017-10-20T05:41:45.000Z,0.004785,0x14c32a94d825b0fbfc1a7024282f6bcaaa3082d1,buy,0x51db5ad35c671a87207d88fc11d593ac0c8415bd,0xb75aee89d06693c6ccd7ee18f07914b6c7ec5abe21d4e58e67ad9f87dbd4c1d7
195,419.6048821776417,2.005710917204245,0x6244863c5576b0f2ac51044c0390a81292011894,2017-10-20T05:37:15.000Z,0.004779999,0x09e396aca9535fffc68c72f880ab36e252b73a43,buy,0x51db5ad35c671a87207d88fc11d593ac0c8415bd,0xf6d5a28b562f134ecc6151930c8965df2785f595afc4ff25b5a9b21aa0e95ba4
196,43.395117822358316,0.20742861979575494,0xd8a12383fa066c289511464956993f5a98265ae9,2017-10-20T05:32:05.000Z,0.004779999,0x09e396aca9535fffc68c72f880ab36e252b73a43,buy,0x51db5ad35c671a87207d88fc11d593ac0c8415bd,0x6aa0b068f6afb6a0fc31eea4e950891611304b562e687dd0def757b858498492
197,37,0.176859963,0x42586c7c8e4d9e7dcb4f13d718c2172bf9577f5d,2017-10-20T05:32:05.000Z,0.004779999,0x09e396aca9535fffc68c72f880ab36e252b73a43,buy,0x51db5ad35c671a87207d88fc11d593ac0c8415bd,0xb87a4289a7ce49cbb0ddc065edac2a5fa263210de86216de67cfecd73379481c
198,300,1.428,0xd8a12383fa066c289511464956993f5a98265ae9,2017-10-20T05:29:59.000Z,0.00476,0x1eaa18a0e964d346f2b5182be3f97d7aab5145b9,buy,0x51db5ad35c671a87207d88fc11d593ac0c8415bd,0x5987ce48f30287127753a4da86faec1a96ad7c91bf240be78d2402871b323869
199,500,2.3825,0xd8a12383fa066c289511464956993f5a98265ae9,2017-10-20T05:29:59.000Z,0.004765,0x14c32a94d825b0fbfc1a7024282f6bcaaa3082d1,buy,0x51db5ad35c671a87207d88fc11d593ac0c8415bd,0x61eec208138eb0d4215143099338ced6124e0905a0a50dcf63fdde3368f884d3
200,110,0.4840011,0xe934671fff524356f2dafbc370db2ed157be2501,2017-10-19T23:14:03.000Z,0.00440001,0x14c32a94d825b0fbfc1a7024282f6bcaaa3082d1,sell,0x51db5ad35c671a87207d88fc11d593ac0c8415bd,0x88676b4caace5aae05a2042d37ba25c412dd3baf1d197cc3b69f09c5875aade2
201,60,0.26448,0xc13ade37b4e5c367dc881b8bbb2858b36222bfa3,2017-10-19T23:13:03.000Z,0.004408,0x14c32a94d825b0fbfc1a7024282f6bcaaa3082d1,sell,0x51db5ad35c671a87207d88fc11d593ac0c8415bd,0x63829b522b953c5cd57752ecedac6f9c7d9d094794f6276e5ada4c777604a9d7
202,522,2.297322,0xca41e21a51126ac87b95ad24b812e3b8701f8b07,2017-10-19T23:13:03.000Z,0.004401,0x14c32a94d825b0fbfc1a7024282f6bcaaa3082d1,sell,0x51db5ad35c671a87207d88fc11d593ac0c8415bd,0xdadb993977663b5e7741f37a61ba29a6c8aa0982af27acbe61ab036a91028f3a
203,344.349,1.6184403,0xf77c8c25ae665ada9df275fe81ed0ff2e982bec0,2017-10-19T16:51:48.000Z,0.0047,0xf29d8776b21386b1cbc78a3cdace1442702036bc,buy,0x51db5ad35c671a87207d88fc11d593ac0c8415bd,0x4cb76107ce53ac43d521e8d58f4a652dffb09bfc00ebc2659ac51a4a41a8181a
204,200,0.938,0xf77c8c25ae665ada9df275fe81ed0ff2e982bec0,2017-10-19T16:50:21.000Z,0.00469,0x1eaa18a0e964d346f2b5182be3f97d7aab5145b9,buy,0x51db5ad35c671a87207d88fc11d593ac0c8415bd,0x8f4e6532bb218880605f93aeb9fa1497d370cf4a348136412976332861284345
205,100,0.45,0x89be575727156aca2c35cb1703e8f4b1e0ffe9e8,2017-10-19T16:33:05.000Z,0.0045,0x424b399260cd2479d8abc6c336af5be537322672,sell,0x51db5ad35c671a87207d88fc11d593ac0c8415bd,0x546e459cf719928f552229b9a3bbfd7042be5bcc9eef123efcb147111f7e289e
206,665,2.995825,0xf15e2aa19ab51f5cab6155b4e13cd9c2c3971882,2017-10-19T14:31:34.000Z,0.004505,0x14c32a94d825b0fbfc1a7024282f6bcaaa3082d1,sell,0x51db5ad35c671a87207d88fc11d593ac0c8415bd,0x92504db3a109dc4024c702f950ec6ae8ea058e61d11c3474ce72101c5d4144b0
207,74.16754531891223,0.3374623312010506,0xa03892c33058a56da3971f734b782909c2feb429,2017-10-19T14:26:07.000Z,0.00455,0x14c32a94d825b0fbfc1a7024282f6bcaaa3082d1,sell,0x51db5ad35c671a87207d88fc11d593ac0c8415bd,0xd864758c7f1124d0fdd5f449f8d457f993048aef3cd56e49a85a1ab6d08878b7
208,540,2.457,0x986926e68c8fb85857624c7aa4db306e39d306e9,2017-10-19T14:09:30.000Z,0.00455,0x14c32a94d825b0fbfc1a7024282f6bcaaa3082d1,sell,0x51db5ad35c671a87207d88fc11d593ac0c8415bd,0xe2f040c23bc26dc75cbd8d68b0658b19683a47d767c5144fa461dc16fa2c12eb
209,302.8,1.37777028,0x1bdba91fe3333a57d0a71d41b2fe97eb6872c732,2017-10-19T14:08:51.000Z,0.0045501,0x14c32a94d825b0fbfc1a7024282f6bcaaa3082d1,sell,0x51db5ad35c671a87207d88fc11d593ac0c8415bd,0x45f8703ac4879f61d3552a971cefc758e88b0a3bdc55d10f1771e8906edfb4bd
210,500,2.27500555,0x09e396aca9535fffc68c72f880ab36e252b73a43,2017-10-19T13:10:39.000Z,0.0045500111,0x14c32a94d825b0fbfc1a7024282f6bcaaa3082d1,sell,0x51db5ad35c671a87207d88fc11d593ac0c8415bd,0x9a6a2bf0690b92d312d670ba700ff017e2f9a2476c9ccf857e2d65eae65ebc34
211,400,1.82,0x09e396aca9535fffc68c72f880ab36e252b73a43,2017-10-19T11:24:16.000Z,0.00455,0xf29d8776b21386b1cbc78a3cdace1442702036bc,buy,0x51db5ad35c671a87207d88fc11d593ac0c8415bd,0xbca916965777b09af10fd1de203b6c973e5964c9c261257771491a0cfe0d8980
212,118.342,0.5502903,0xd44fb4855f37f3988086c46e8eee730ec30ac04a,2017-10-19T06:53:40.000Z,0.00465,0x2126a604190d8a3485e20778473df338513278e3,sell,0x51db5ad35c671a87207d88fc11d593ac0c8415bd,0x1722a26ff4a562424df9e8bc7ebb670a97f1d388f31adf120d5cb481d2bdfe3a
213,312.4716038534088,1.4533054295222043,0x870dae2243d6ae4e42fce48f10832ca1446af2ce,2017-10-19T06:53:16.000Z,0.004651,0x2126a604190d8a3485e20778473df338513278e3,sell,0x51db5ad35c671a87207d88fc11d593ac0c8415bd,0xaf0f0c9fc08ed2bec7638a7ac652dc5ebec04f1067e4fc95bf47f369a25975b7
214,29.66466082114342,0.1423903719414884,0x35572ccff3defee3beb2f959db21179e633f9130,2017-10-19T05:43:47.000Z,0.0048,0x3c3aef0043c8629556d0b20425aca08a1509d1dc,buy,0x51db5ad35c671a87207d88fc11d593ac0c8415bd,0xb7870e856ba986e7f3638f3eb507bef90c39c92a9d57a07df1cde1db423b0126
215,10.832454681087771,0.04928766879894936,0xa03892c33058a56da3971f734b782909c2feb429,2017-10-19T04:48:33.000Z,0.00455,0x8b0d63f1f376b050d922f53414b4607fba47c47f,sell,0x51db5ad35c671a87207d88fc11d593ac0c8415bd,0x521735df70b57bfccd2cf53e920a57070c7f656e8481d693640e88f9d9311486
216,300,1.398,0xd44fb4855f37f3988086c46e8eee730ec30ac04a,2017-10-19T04:38:01.000Z,0.00466,0x14c32a94d825b0fbfc1a7024282f6bcaaa3082d1,sell,0x51db5ad35c671a87207d88fc11d593ac0c8415bd,0xb60aeeab9d06a41b50a4c67d6c644f8414328d8b9ed1e138aa35d625b4ad42bc
217,196.81078656165886,0.9187127516698236,0x870dae2243d6ae4e42fce48f10832ca1446af2ce,2017-10-19T04:37:24.000Z,0.004668,0x14c32a94d825b0fbfc1a7024282f6bcaaa3082d1,sell,0x51db5ad35c671a87207d88fc11d593ac0c8415bd,0x79501a67d0046cf5d5a8574ce297637037031cdac1df1253d0d251ac8647e667
218,5.715,0.027432,0x986926e68c8fb85857624c7aa4db306e39d306e9,2017-10-19T04:36:47.000Z,0.0048,0x14c32a94d825b0fbfc1a7024282f6bcaaa3082d1,sell,0x51db5ad35c671a87207d88fc11d593ac0c8415bd,0xa31e08f2ae485131b299f44897601ae6491c486b58061c6439d9487ce758b743
219,12.995666666666667,0.0623792,0x986926e68c8fb85857624c7aa4db306e39d306e9,2017-10-19T04:00:49.000Z,0.0048,0xc77c1fcd7be214a9dc17acaec055248c0f03cb7d,buy,0x51db5ad35c671a87207d88fc11d593ac0c8415bd,0xf1d75e2357abf74a4fd4de87ca56b3d2ae16f6db85b6ff591bcf7cfd8cce5312
220,0.2881068687070083,0.0014059615192902,0x06ba595d448d5cf67beb703465953eaf43732fa8,2017-10-19T03:50:55.000Z,0.004879999999999999,0xc67a74f77e12b701f610814678c62718d8697f77,sell,0x51db5ad35c671a87207d88fc11d593ac0c8415bd,0x70948f270e116cb69d51d4fc3e78078a0e48e1fa3f97318cefd6d5337db22264
221,0.289,0.0013872,0xc67a74f77e12b701f610814678c62718d8697f77,2017-10-19T03:50:36.000Z,0.0048,0xc77c1fcd7be214a9dc17acaec055248c0f03cb7d,buy,0x51db5ad35c671a87207d88fc11d593ac0c8415bd,0x8bb51e2a4c8870d0ff08950c3dedd0ddeafb5fa89245b9bff5d5e48982e6c85e
222,300,1.44,0x35572ccff3defee3beb2f959db21179e633f9130,2017-10-19T03:17:57.000Z,0.0048,0x3c3aef0043c8629556d0b20425aca08a1509d1dc,buy,0x51db5ad35c671a87207d88fc11d593ac0c8415bd,0xb94490471c4b20ac64bdc44020f426dace2b698058118ad01a6fb61034d7dcb6
223,50,0.24,0x4c51fc1314a943794fa722db50da2192e9c6528e,2017-10-19T01:43:41.000Z,0.0048,0x3c3aef0043c8629556d0b20425aca08a1509d1dc,buy,0x51db5ad35c671a87207d88fc11d593ac0c8415bd,0xa36046e73f2e46d3963649e9f1258929a5763fa6864e4e9c18e17193710b0296
224,3.1892134383411426,0.014887248330176453,0x870dae2243d6ae4e42fce48f10832ca1446af2ce,2017-10-18T22:25:59.000Z,0.004667999999999999,0xbf52f67f8524587d6a7ab1f1f8d092c635b9587f,sell,0x51db5ad35c671a87207d88fc11d593ac0c8415bd,0xfd2a2b99f79fd193e1537f3828bdedeeaf6c46f4915cadec23825617e6071031
225,1,0.0049555,0x3ac636ac5c3a2576156ac5f10066ca68abe0ad54,2017-10-18T16:24:33.000Z,0.0049555,0x14c32a94d825b0fbfc1a7024282f6bcaaa3082d1,buy,0x51db5ad35c671a87207d88fc11d593ac0c8415bd,0x2d0d0360fd461d46d04ca3e08f0932703840a8dc68ba49213ef08f4325351844
226,204,0.99552,0x06ba595d448d5cf67beb703465953eaf43732fa8,2017-10-18T16:09:01.000Z,0.00488,0xcf0dbf7b0439f57528c45367927df876141f8a1e,buy,0x51db5ad35c671a87207d88fc11d593ac0c8415bd,0x53e26a513b319891d725f3a0e523eb648946b75ea8b4579b5ad8c66ceb03d625
227,0.10416666666666667,0.0005,0x379374d13077e8867ef31803c37baf9785a17c00,2017-10-18T15:19:26.000Z,0.0048000000000000004,0xc77c1fcd7be214a9dc17acaec055248c0f03cb7d,buy,0x51db5ad35c671a87207d88fc11d593ac0c8415bd,0x088715ebe665861b4c8ddb7bf3ff4670a3ba2580fd43870ba819b84bd9349aed
228,0.10416666666666667,0.0005,0xf9695cd65d6dfdf257fab76a3eb0cb8f001971cc,2017-10-18T15:19:15.000Z,0.0048000000000000004,0xc77c1fcd7be214a9dc17acaec055248c0f03cb7d,buy,0x51db5ad35c671a87207d88fc11d593ac0c8415bd,0xf18629a0725eedcd18622ec72508dfc3bab00f6dd6eff8612c8ffcb3cad21a97
229,91.04590672099212,0.4351994341263423,0xe2853e574b034111b259b23c7f2228f6ef51e6c3,2017-10-18T14:59:55.000Z,0.00478,0x14c32a94d825b0fbfc1a7024282f6bcaaa3082d1,buy,0x51db5ad35c671a87207d88fc11d593ac0c8415bd,0x74c3ce644a2fb3281fdaee91da132ad834c9812d7a72dbc365f04b6563d13030
230,11,0.04829,0x090bea44aec26eda15fceda09e1aa85b8fd52087,2017-10-18T08:30:08.000Z,0.00439,0x54cefbf887d2a320abed548179b06935d4dface8,sell,0x51db5ad35c671a87207d88fc11d593ac0c8415bd,0x4ba38d82afcd3434c9f3da630d247a1b563037233c2b7bd6fdd5f2da3aaa3175
231,42,0.1913331,0x09e396aca9535fffc68c72f880ab36e252b73a43,2017-10-18T06:20:20.000Z,0.00455555,0x961c26543da1b75dab96ae986a921fffc92cfa7e,sell,0x51db5ad35c671a87207d88fc11d593ac0c8415bd,0x55be2c07298eda0e5617c879336433a75322a6dac17b1e4c0428fabf7c5222e7
232,0.14907796067554277,0.000679132849145272,0x09e396aca9535fffc68c72f880ab36e252b73a43,2017-10-18T05:25:58.000Z,0.0045555549999999985,0xf4487a0a91f3c75bb9631fe6160690d9149ed853,sell,0x51db5ad35c671a87207d88fc11d593ac0c8415bd,0xca25dd08f9a10d57aef6b04f1ce73d5ad3f10136a7791dad63fd37d53cfafe55
233,1495.4010235363696,6.812381609776226,0x09e396aca9535fffc68c72f880ab36e252b73a43,2017-10-18T05:13:01.000Z,0.004555555,0xf4487a0a91f3c75bb9631fe6160690d9149ed853,sell,0x51db5ad35c671a87207d88fc11d593ac0c8415bd,0xe07709457047f12b6e7babd496ad2a2abc7261cfc3e7ad4071fdc83a28b77273
234,50.95409327900788,0.24356056587365765,0x1b5ffbf8985a3476bb5f5a6045b77f7ec2242fe9,2017-10-18T02:32:34.000Z,0.00478,0x14c32a94d825b0fbfc1a7024282f6bcaaa3082d1,buy,0x51db5ad35c671a87207d88fc11d593ac0c8415bd,0x99a0c8b09d771feaab502c68e19af17b0890e09bfe7c965fd38f7876823d3d64
235,208,0.99424,0xe78919ab9b54b1209f7521cb04d5b7360d21354f,2017-10-18T02:16:46.000Z,0.00478,0x14c32a94d825b0fbfc1a7024282f6bcaaa3082d1,buy,0x51db5ad35c671a87207d88fc11d593ac0c8415bd,0x9dcf95659f2140f6c29f63b6d7c1c2a4a469db933d3b0376c494dfb424de7d42
236,11.911075665437146,0.05240873292792344,0xf6cdc1769a5c6d98ad6c87ae6eb25aa9a080d60e,2017-10-18T00:03:53.000Z,0.0044,0xe5c1b15cdf075f8c01e8ff8985db26d5ead1f76d,sell,0x51db5ad35c671a87207d88fc11d593ac0c8415bd,0x943e95cc8fb5e6f9ab3c99887793d72f97092abd998f80040716c3c4e9a8a906
237,48.3,0.2114091483,0xff27e61ae411b1085f671a6a0e10d18c103884b7,2017-10-17T22:45:13.000Z,0.004377001,0x14c32a94d825b0fbfc1a7024282f6bcaaa3082d1,sell,0x51db5ad35c671a87207d88fc11d593ac0c8415bd,0xee8c5402be815b046bbfe8806dd4189d1faa513ec11345448e35a6221d3d7037
238,800,3.520368352,0x09e396aca9535fffc68c72f880ab36e252b73a43,2017-10-17T22:43:53.000Z,0.00440046044,0x14c32a94d825b0fbfc1a7024282f6bcaaa3082d1,sell,0x51db5ad35c671a87207d88fc11d593ac0c8415bd,0x1965dca02eab3e294febd98aaf483b2520a32e8bc6a64092f1dee45db1e47e9d
239,0.10482180293501048,0.0005,0x16e5d97bbc92417e051e3b2cabfbf8ceea2acb9c,2017-10-17T17:58:47.000Z,0.00477,0x1eaa18a0e964d346f2b5182be3f97d7aab5145b9,buy,0x51db5ad35c671a87207d88fc11d593ac0c8415bd,0x6ecb8d7869bf2170f32f07a927adc7ebcff90989ea533b1ab6b92b7a3780f9b1
240,500,2.2,0x3c3aef0043c8629556d0b20425aca08a1509d1dc,2017-10-17T16:49:43.000Z,0.0044,0x14c32a94d825b0fbfc1a7024282f6bcaaa3082d1,sell,0x51db5ad35c671a87207d88fc11d593ac0c8415bd,0xe7f8175d4996c8770a3910bed53614b9019878fbbbbd13d6473299e419f7451e
241,150,0.6573,0x090bea44aec26eda15fceda09e1aa85b8fd52087,2017-10-17T16:05:20.000Z,0.004382,0x14c32a94d825b0fbfc1a7024282f6bcaaa3082d1,sell,0x51db5ad35c671a87207d88fc11d593ac0c8415bd,0x27567316fac69474e71cd0da4026577b196049ec3034b5a64acc703ab941cc1c
242,290,1.2731,0x1eaa18a0e964d346f2b5182be3f97d7aab5145b9,2017-10-17T15:51:45.000Z,0.00439,0x14c32a94d825b0fbfc1a7024282f6bcaaa3082d1,sell,0x51db5ad35c671a87207d88fc11d593ac0c8415bd,0x20d6384f5906c71a29c24d0e4c99ffcacc12912d18cdddf0b9ef084e12fc1349
243,9.969095803010667,0.04376433057521683,0x1eaa18a0e964d346f2b5182be3f97d7aab5145b9,2017-10-17T12:17:06.000Z,0.00439,0xe48cfc30f893dfdeef7b413c339822304a45d078,sell,0x51db5ad35c671a87207d88fc11d593ac0c8415bd,0xc489ef19c5a513ae193f9b07bfc290e3f8a0f9777b0ba54fb2f492189233ec64
244,400,1.756,0x1eaa18a0e964d346f2b5182be3f97d7aab5145b9,2017-10-17T11:31:38.000Z,0.00439,0x1eaa18a0e964d346f2b5182be3f97d7aab5145b9,buy,0x51db5ad35c671a87207d88fc11d593ac0c8415bd,0x38f5838e4843f80705c7b9630ee38b1f70bbafc89e44934a2fba8f4296bbb0ab
245,1137,5.1165,0x3df86cefaecfaa31be2f74f8f832cb4ef62b79f8,2017-10-17T11:26:33.000Z,0.0045,0x0f1b76410215ed963ea2c3d3eaddd4a56350b422,buy,0x51db5ad35c671a87207d88fc11d593ac0c8415bd,0x817cfd7504d38b40eaa75cecb441fe34cf90df4cb4b08c6572ce95763306456a
246,400,1.756,0x3df86cefaecfaa31be2f74f8f832cb4ef62b79f8,2017-10-17T11:24:38.000Z,0.00439,0x1eaa18a0e964d346f2b5182be3f97d7aab5145b9,buy,0x51db5ad35c671a87207d88fc11d593ac0c8415bd,0xff19eb16e5a088c06b93a26edfefca2377cd6a3d959189a7c897a00a9b811220
247,210,0.9639,0xf4809ae65420ddbfac0e65bb439898141509e1e8,2017-10-17T09:22:47.000Z,0.00459,0x1eaa18a0e964d346f2b5182be3f97d7aab5145b9,buy,0x51db5ad35c671a87207d88fc11d593ac0c8415bd,0x7b738fe2c5abf9b02882410f5e7c79514dadf4d6fb34198280d843ffa8f0e9fa
248,0.10460251046025104,0.0005,0xcd912af5286dc0b0a23edb30209734ecb60838b3,2017-10-17T05:37:19.000Z,0.00478,0x415236b6d278cdc48f336d7536cb2d2aaf778fc4,buy,0x51db5ad35c671a87207d88fc11d593ac0c8415bd,0x3c44e57708c6f2b478997d6af2495bfb4bfe35a1b8f970c93a00daf01bd67229
249,603.8575194674288,2.891269803210049,0x044f7c4b7ad204fae9a4c89fddbe1fe2b1a69b38,2017-10-17T05:19:09.000Z,0.004788,0xf7bc4e2c7c7e42d808ce3b510ae6d06e887eff7d,buy,0x51db5ad35c671a87207d88fc11d593ac0c8415bd,0xb6e1cbee3442d3d165b50c098937dec0869153ea4d8a992d72224de811b75a6f
250,12.379175581035389,0.054220789044935,0x415236b6d278cdc48f336d7536cb2d2aaf778fc4,2017-10-17T03:51:51.000Z,0.00438,0x0c6d89a5369dcdac68138278311d06c74fac9376,sell,0x51db5ad35c671a87207d88fc11d593ac0c8415bd,0xd47aafba0edb16f78734b8e729827f5c6d4816f61d79ef239307c67d619a1386
251,12,0.05712,0xcbf3a8b1d1e72e1dd73fac3c0b5239c0c5c3ce67,2017-10-17T03:28:53.000Z,0.00476,0xc77c1fcd7be214a9dc17acaec055248c0f03cb7d,buy,0x51db5ad35c671a87207d88fc11d593ac0c8415bd,0x96b9f1efd61f04248702eccd385cc95274f7e69e0761fdf184c936f4961d9eaf
252,1847.575,8.000001597575,0xa49df4b7768200a2a121a716e106b70f2f69491e,2017-10-16T21:51:35.000Z,0.004330001,0x14c32a94d825b0fbfc1a7024282f6bcaaa3082d1,sell,0x51db5ad35c671a87207d88fc11d593ac0c8415bd,0xadc72faafaede28fa81962c0dd9950ce2bb7b1a2c06ff6aa8697534db929d2de
253,153,0.665550153,0xff27e61ae411b1085f671a6a0e10d18c103884b7,2017-10-16T21:49:56.000Z,0.004350001,0x14c32a94d825b0fbfc1a7024282f6bcaaa3082d1,sell,0x51db5ad35c671a87207d88fc11d593ac0c8415bd,0xe93ee1bde86aaa82c37a204d1a379ff86915cc1618d67010b768e743ac641157
254,222,0.965700222,0x9e593db389c9d8307b5c932dda21491e63f8f7d3,2017-10-16T21:49:42.000Z,0.004350001,0x14c32a94d825b0fbfc1a7024282f6bcaaa3082d1,sell,0x51db5ad35c671a87207d88fc11d593ac0c8415bd,0x05e017ed54f171730daf06d9ecfee05ca0bbc8ef2a5d33ce1716086fd1ceb3a3
255,10,0.0437,0x55046f4c03f0b4bedd87fa1f14198be2aa8b47d7,2017-10-16T21:49:36.000Z,0.00437,0x14c32a94d825b0fbfc1a7024282f6bcaaa3082d1,sell,0x51db5ad35c671a87207d88fc11d593ac0c8415bd,0x49747341994fea4a38fc7b0dea84b9c1eb88b242946da02f7d8c4f218810c313
256,451,1.971321,0x84e2eec0ac6fba366610b2a6a9524f1722442c5e,2017-10-16T21:49:19.000Z,0.004371,0x14c32a94d825b0fbfc1a7024282f6bcaaa3082d1,sell,0x51db5ad35c671a87207d88fc11d593ac0c8415bd,0x787cef9425baea98b1c68e6c408d27fa302ba9f300a3ab3cad94c1b916ac08c0
257,72,0.313200072,0xff27e61ae411b1085f671a6a0e10d18c103884b7,2017-10-16T16:32:38.000Z,0.004350001,0x1aa0c6b033c9987d4177a129dca61d7bcb307f92,sell,0x51db5ad35c671a87207d88fc11d593ac0c8415bd,0x4b3c5629f552129dba5797ac361b81967aa9f8ec1f16b5c7665d8b286b231bd3
258,500,2.175,0x8b205b70096fc9c83e090a64ff4a6f005ff61b11,2017-10-16T16:31:39.000Z,0.00435,0x1aa0c6b033c9987d4177a129dca61d7bcb307f92,sell,0x51db5ad35c671a87207d88fc11d593ac0c8415bd,0x00650e2ce910309e99d217e9a95b8be2a3ec9bf768a8d5535ce42a9a3284e913
259,370.35190908184626,1.6110308045060313,0x8b205b70096fc9c83e090a64ff4a6f005ff61b11,2017-10-16T14:03:47.000Z,0.00435,0xf4487a0a91f3c75bb9631fe6160690d9149ed853,sell,0x51db5ad35c671a87207d88fc11d593ac0c8415bd,0xc2666a57528b83c7d95e150bd65511cc4fbba432b0e517718f45fce685f82634
260,805,3.51946,0xae3c90eebd14e3718576090d8985b1b9dd1f54a6,2017-10-16T12:03:06.000Z,0.004372,0xcf0dbf7b0439f57528c45367927df876141f8a1e,sell,0x51db5ad35c671a87207d88fc11d593ac0c8415bd,0x5246301900d9ec747549685f084a7f6022fd50c5794db90699ba78486e695ed5
261,4000,17.488,0xae3c90eebd14e3718576090d8985b1b9dd1f54a6,2017-10-16T11:16:22.000Z,0.004372,0xcf0dbf7b0439f57528c45367927df876141f8a1e,sell,0x51db5ad35c671a87207d88fc11d593ac0c8415bd,0xdc9cb151fe8aa6108f74d05acb897e66487b992c77a57f722c62d5f4c7d01038
262,20,0.08764,0x55046f4c03f0b4bedd87fa1f14198be2aa8b47d7,2017-10-16T11:09:31.000Z,0.004382,0xcf0dbf7b0439f57528c45367927df876141f8a1e,sell,0x51db5ad35c671a87207d88fc11d593ac0c8415bd,0x0ec3fe70d43cc94ba5198c7bc0868067e7ccc9fd49e8944131bd6872428e7cf1
263,900,3.9429,0xf7bc4e2c7c7e42d808ce3b510ae6d06e887eff7d,2017-10-16T11:00:01.000Z,0.004381,0xcf0dbf7b0439f57528c45367927df876141f8a1e,sell,0x51db5ad35c671a87207d88fc11d593ac0c8415bd,0xd755db9f9ef41e8e9a58fa8aaaf7cc8e3073172e4623534d68acce8e2de00a3a
264,20,0.088,0x55046f4c03f0b4bedd87fa1f14198be2aa8b47d7,2017-10-16T10:59:50.000Z,0.0044,0xcf0dbf7b0439f57528c45367927df876141f8a1e,sell,0x51db5ad35c671a87207d88fc11d593ac0c8415bd,0xa3e070de7a5a61abac4e7e8f60de1a37dc90aff4ff6dac3c55be43e366350678
265,575,2.5197075,0x1aa0c6b033c9987d4177a129dca61d7bcb307f92,2017-10-16T10:59:50.000Z,0.0043821,0xcf0dbf7b0439f57528c45367927df876141f8a1e,sell,0x51db5ad35c671a87207d88fc11d593ac0c8415bd,0x5e074ddd1b63044c61b2975c0b983e2fcc6b08cc3f9d9ee359d348e2f7a3cda2
266,100,0.4381,0xf7bc4e2c7c7e42d808ce3b510ae6d06e887eff7d,2017-10-16T10:04:33.000Z,0.004381,0x2126a604190d8a3485e20778473df338513278e3,sell,0x51db5ad35c671a87207d88fc11d593ac0c8415bd,0xad9853382efb56148e2408568885d2ccf4c3105e946daf10494b2b998ae11fc3
267,61.475,0.299998,0x53f64794758406c6e8355d22ee4d32926e75dcc6,2017-10-16T09:52:20.000Z,0.00488,0x1eaa18a0e964d346f2b5182be3f97d7aab5145b9,buy,0x51db5ad35c671a87207d88fc11d593ac0c8415bd,0x9427bad6cff7dde65ebd1fa52b1f865b68752b68c1226e99902937160e78c22c
268,2000,8.762,0xf7bc4e2c7c7e42d808ce3b510ae6d06e887eff7d,2017-10-16T09:41:59.000Z,0.004381,0x2126a604190d8a3485e20778473df338513278e3,sell,0x51db5ad35c671a87207d88fc11d593ac0c8415bd,0x6030fefb149dbe4c0d13f77327d53badf0fdd881fd8db07f8dc95b78067fe7bb
269,1112,5.004,0x834d0e0f71692a625c58b3db19dff0e9c1b650cd,2017-10-16T08:16:05.000Z,0.0045,0xcf0dbf7b0439f57528c45367927df876141f8a1e,sell,0x51db5ad35c671a87207d88fc11d593ac0c8415bd,0xae3f843ed76e30014a8e7eec649fe74b607d368fffdc0b9df27fe26ed6a4de69
270,100,0.45,0x3464470d64b8ea47d2c3e466a0b7833deda4e7d5,2017-10-16T06:42:27.000Z,0.0045,0xcf0dbf7b0439f57528c45367927df876141f8a1e,sell,0x51db5ad35c671a87207d88fc11d593ac0c8415bd,0xf4e4c7d9d25baa25100665e64192492744bd035ad247274cbc106f046b1eac17
271,588,2.8727034,0xfd1f3c7cce5d3d96945fd300e7b183b2f0f1c482,2017-10-16T05:57:47.000Z,0.00488555,0x09e396aca9535fffc68c72f880ab36e252b73a43,buy,0x51db5ad35c671a87207d88fc11d593ac0c8415bd,0x0cdf104891060efb8748305d56df4a8381dd7f1151d739c79b5ea2f367348948
272,89,0.42542,0x31cbc273b5e02b49589deb61a68c0105ad38c188,2017-10-16T05:40:08.000Z,0.00478,0xf29d8776b21386b1cbc78a3cdace1442702036bc,buy,0x51db5ad35c671a87207d88fc11d593ac0c8415bd,0x3d8b384f5443537cc63fc577246c0d981b0cae1f2c79e65da607b4caafddfe2b
273,41,0.19598,0x6401005ef6bf7b1bad75b9931cd92d37691c3f9f,2017-10-16T02:06:39.000Z,0.00478,0xf29d8776b21386b1cbc78a3cdace1442702036bc,buy,0x51db5ad35c671a87207d88fc11d593ac0c8415bd,0xbbf21c3c876e24eedbd3519693a95fe9440d1fd478d1e650c53436c5d40cd00f
274,100,0.4898,0x6401005ef6bf7b1bad75b9931cd92d37691c3f9f,2017-10-16T01:36:54.000Z,0.004898,0x14c32a94d825b0fbfc1a7024282f6bcaaa3082d1,buy,0x51db5ad35c671a87207d88fc11d593ac0c8415bd,0x2f29f2561844e8504bf28d5fdbdc3c596f43d89f264bf2b610b03024c92b2e8a
275,482.38647733083087,2.0983811763891143,0x8b205b70096fc9c83e090a64ff4a6f005ff61b11,2017-10-15T22:29:59.000Z,0.00435,0x1ed014aec47fae44c9e55bac7662c0b78ae61798,sell,0x51db5ad35c671a87207d88fc11d593ac0c8415bd,0xb4f5bb9ac2b736201fb67fe2101d964bb61fc52827aff1339fb55f3654eda9f0
276,482.38647733083087,2.0983811763891143,0x8b205b70096fc9c83e090a64ff4a6f005ff61b11,2017-10-15T22:29:32.000Z,0.00435,0x1ed014aec47fae44c9e55bac7662c0b78ae61798,sell,0x51db5ad35c671a87207d88fc11d593ac0c8415bd,0xb4f5bb9ac2b736201fb67fe2101d964bb61fc52827aff1339fb55f3654eda9f0
277,35,0.17115,0x8b205b70096fc9c83e090a64ff4a6f005ff61b11,2017-10-15T22:02:57.000Z,0.00489,0x415236b6d278cdc48f336d7536cb2d2aaf778fc4,buy,0x51db5ad35c671a87207d88fc11d593ac0c8415bd,0xb4fc56321b70a87703f0677c0284ed4887e11791f08bd84c78d30ca6bd03f797
278,500,2.44,0x8b205b70096fc9c83e090a64ff4a6f005ff61b11,2017-10-15T21:54:32.000Z,0.00488,0xcf0dbf7b0439f57528c45367927df876141f8a1e,buy,0x51db5ad35c671a87207d88fc11d593ac0c8415bd,0x41cebeb61919b2aa65dc57c890bda8d54ff56097ec63e52c26274e1fe48a4b99
279,100,0.486,0x8b205b70096fc9c83e090a64ff4a6f005ff61b11,2017-10-15T21:54:08.000Z,0.00486,0xf29d8776b21386b1cbc78a3cdace1442702036bc,buy,0x51db5ad35c671a87207d88fc11d593ac0c8415bd,0xfca1bf3bdddfb83c3d5183ccf927a6952c452585fe9624cca58bbe349768c463
280,300,1.44,0x8b205b70096fc9c83e090a64ff4a6f005ff61b11,2017-10-15T21:51:16.000Z,0.0048,0x14c32a94d825b0fbfc1a7024282f6bcaaa3082d1,buy,0x51db5ad35c671a87207d88fc11d593ac0c8415bd,0x11fca540c835f620378985bbc5440664329be5348aae9e65a2489b05278c8e5c
281,20,0.097,0xbc0011ee6f32384587e915dc83c8a77b8ad45706,2017-10-15T16:14:00.000Z,0.00485,0x1eaa18a0e964d346f2b5182be3f97d7aab5145b9,sell,0x51db5ad35c671a87207d88fc11d593ac0c8415bd,0xba6cf8cd038e1184a6fa3a72c8889fc1b59d5bb7a9d8ace28342a74813553cfa
282,13.530904196989333,0.06562488535539826,0x2725d3b81f5d66755ab883b7d943225b7f6f0a39,2017-10-15T16:07:20.000Z,0.00485,0x1eaa18a0e964d346f2b5182be3f97d7aab5145b9,sell,0x51db5ad35c671a87207d88fc11d593ac0c8415bd,0x69363906e2018110bd254561a63b43e889e8a1f398181dd55f5734f5cbb2d142
283,9.969095803010667,0.04835011464460173,0x2725d3b81f5d66755ab883b7d943225b7f6f0a39,2017-10-15T15:25:28.000Z,0.00485,0x090bea44aec26eda15fceda09e1aa85b8fd52087,sell,0x51db5ad35c671a87207d88fc11d593ac0c8415bd,0xbc482e9a20c24a383f0c9a0f849001a0b4b00a14d13a1ba2f2b17922de79bf7d
284,26.8413074109436,0.13018034094307646,0x9201299892e3c27bae587a45119b02df1382602a,2017-10-15T14:54:25.000Z,0.00485,0x1eaa18a0e964d346f2b5182be3f97d7aab5145b9,buy,0x51db5ad35c671a87207d88fc11d593ac0c8415bd,0xedf7610273452320fce0949da5f36a2f32a8f20ef6e1798f51b5b14ae973fb43
285,400,1.7320004,0xa49df4b7768200a2a121a716e106b70f2f69491e,2017-10-15T14:48:59.000Z,0.004330001,0x14c32a94d825b0fbfc1a7024282f6bcaaa3082d1,sell,0x51db5ad35c671a87207d88fc11d593ac0c8415bd,0xd3cf025f27916e531c809bb7e213d59c506f6916337848550bb433f0d5e9fa8d
286,100,0.43,0xb5d0ae8422683dfb53a76a97238365a30e0e82c8,2017-10-15T09:43:57.000Z,0.0043,0xcf0dbf7b0439f57528c45367927df876141f8a1e,sell,0x51db5ad35c671a87207d88fc11d593ac0c8415bd,0xfe56f4821d27f96d890c2e3fe841c205be038a18803a9c0ad8329b9301072f67
287,130,0.559,0x57086dc798060a8224e19d51ff83e44cc3d368ec,2017-10-15T09:35:49.000Z,0.0043,0xcf0dbf7b0439f57528c45367927df876141f8a1e,sell,0x51db5ad35c671a87207d88fc11d593ac0c8415bd,0x77a59907085d08c71d323d761055c659e5a922496b5901b698176dbd2a7c4739
288,180,0.79992,0xdf57e7bc8746f0fabaf9104cecbc11baa516b1f4,2017-10-15T09:27:32.000Z,0.004444,0xb40adcb428df57565d616a1538d120676b24a248,sell,0x51db5ad35c671a87207d88fc11d593ac0c8415bd,0x3eb6ca8e5c069e159101c41351a0dcb3aa19bdd236a118af782394b662ff69ae
289,700,3.045,0x1eaa18a0e964d346f2b5182be3f97d7aab5145b9,2017-10-15T07:51:42.000Z,0.00435,0xcf0dbf7b0439f57528c45367927df876141f8a1e,sell,0x51db5ad35c671a87207d88fc11d593ac0c8415bd,0x6694d938f28a7c23e114302c37f5098dedff019e2f73e992f7b83971fbc8223a
290,35,0.157888885,0x415236b6d278cdc48f336d7536cb2d2aaf778fc4,2017-10-15T07:43:16.000Z,0.004511111,0x4d9fbec887672e14b6240a86c96fdb000a9d9c86,sell,0x51db5ad35c671a87207d88fc11d593ac0c8415bd,0x336c638784ad3dc94b86410ebcae5b5e90f37f0774b7f87ccd9b88bfee8b52ce
291,300,1.35,0x71fe8d51bd6310a9cb48bf3dc8fecdb5af6fb6d4,2017-10-15T07:27:16.000Z,0.0045,0xcf0dbf7b0439f57528c45367927df876141f8a1e,sell,0x51db5ad35c671a87207d88fc11d593ac0c8415bd,0xaf5572f1bfb511ba0f35b45bd9da0c115d23a82bab8ff26037bd0dbbf6403f16
292,235,1.057735,0xc0663f6730271424a51b9f5870aedecb0a57788c,2017-10-15T07:26:06.000Z,0.004501,0xcf0dbf7b0439f57528c45367927df876141f8a1e,sell,0x51db5ad35c671a87207d88fc11d593ac0c8415bd,0x2087e8c8bc79e5b4a7884e1ae6baf4c3d339393f12814f28151e75212e736a31
293,556,2.5076156,0xed83612c7e2ff686190758a73a148e86c9bd004b,2017-10-15T07:23:05.000Z,0.0045101,0xcf0dbf7b0439f57528c45367927df876141f8a1e,sell,0x51db5ad35c671a87207d88fc11d593ac0c8415bd,0x311224157cd81015624781d7c64bc9fb4c8e3b3ab88857674bc46f3b625e40ec
294,65,0.2931565,0xed83612c7e2ff686190758a73a148e86c9bd004b,2017-10-15T07:19:57.000Z,0.0045101,0x4d9fbec887672e14b6240a86c96fdb000a9d9c86,sell,0x51db5ad35c671a87207d88fc11d593ac0c8415bd,0x3ec55870875d836830b2bb2c3f9d39bf2b1e432ae56b535c650790d7dc23054f
295,140,0.6314,0x1bdba91fe3333a57d0a71d41b2fe97eb6872c732,2017-10-15T07:13:42.000Z,0.00451,0xcf0dbf7b0439f57528c45367927df876141f8a1e,sell,0x51db5ad35c671a87207d88fc11d593ac0c8415bd,0x9feb6baa97ea7419e76771301ee810096d98ebf8655d16a14e41c0ce4c4aa5d6
296,17,0.0782,0x415236b6d278cdc48f336d7536cb2d2aaf778fc4,2017-10-15T07:12:22.000Z,0.0046,0x4d9fbec887672e14b6240a86c96fdb000a9d9c86,sell,0x51db5ad35c671a87207d88fc11d593ac0c8415bd,0x0398a006fa931debce1c4982871e8f341388a9abec703d29e3d7c06c057bba4b
297,427,1.9258127,0xed83612c7e2ff686190758a73a148e86c9bd004b,2017-10-15T07:12:18.000Z,0.0045101,0x4d9fbec887672e14b6240a86c96fdb000a9d9c86,sell,0x51db5ad35c671a87207d88fc11d593ac0c8415bd,0xc3e3f2be9ce14dfcf33946350caab48925bc28bbcfea53e04ee52f07e519863a
298,97.32996376698564,0.4429486651035517,0x583b640795999aa2bb22c1a62a91336ff9d325bb,2017-10-15T05:14:02.000Z,0.004551,0xcf0dbf7b0439f57528c45367927df876141f8a1e,sell,0x51db5ad35c671a87207d88fc11d593ac0c8415bd,0xca5294d27c27841ae7854e5cf32d80c946a164c939fa5acf6c2d53805b5e16ee
299,20,0.1038,0x2725d3b81f5d66755ab883b7d943225b7f6f0a39,2017-10-15T03:55:20.000Z,0.00519,0x09e396aca9535fffc68c72f880ab36e252b73a43,sell,0x51db5ad35c671a87207d88fc11d593ac0c8415bd,0xb51532d42faff45c426d8488a793764813f17621ee2063c9694c12dc1c4a4793
300,32,0.1472,0xc77c1fcd7be214a9dc17acaec055248c0f03cb7d,2017-10-15T02:22:02.000Z,0.0046,0xcf0dbf7b0439f57528c45367927df876141f8a1e,sell,0x51db5ad35c671a87207d88fc11d593ac0c8415bd,0x9ed02d7e662c47fbeebf81057f0e247dd6700a400d791b81c9f6169eaae06509
301,1.8,0.00954,0x22edbeb060297ef88f20e3f0050957a93dc9921a,2017-10-15T02:20:04.000Z,0.0053,0xcf0dbf7b0439f57528c45367927df876141f8a1e,sell,0x51db5ad35c671a87207d88fc11d593ac0c8415bd,0x8700f50c9822815353b5a80757ba6048c7dc4ff2e4b0026398eb34d28555cd74
302,598.2,3.17046,0x22edbeb060297ef88f20e3f0050957a93dc9921a,2017-10-15T01:54:50.000Z,0.0053,0xd2ea382e498316d91b9de8557670149b479721a0,sell,0x51db5ad35c671a87207d88fc11d593ac0c8415bd,0x3d19792c371e66dd67c73e383d850ea8fdfb222d6ed5286ec910a8be4fc7af85
303,600.0000000000001,3.1500000000000004,0xd2ea382e498316d91b9de8557670149b479721a0,2017-10-15T01:54:50.000Z,0.00525,0xcf0dbf7b0439f57528c45367927df876141f8a1e,buy,0x51db5ad35c671a87207d88fc11d593ac0c8415bd,0x3d19792c371e66dd67c73e383d850ea8fdfb222d6ed5286ec910a8be4fc7af85
304,100,0.465,0x415236b6d278cdc48f336d7536cb2d2aaf778fc4,2017-10-15T01:50:58.000Z,0.00465,0x14c32a94d825b0fbfc1a7024282f6bcaaa3082d1,sell,0x51db5ad35c671a87207d88fc11d593ac0c8415bd,0x34d9f45fa58a1045f67c4505158ef4d7604c65d5431961ab31d7d01424ba1aed
305,95.238,0.4999995,0x1bdba91fe3333a57d0a71d41b2fe97eb6872c732,2017-10-15T01:01:04.000Z,0.00525,0xb2416f9dd9182e0be9fb1f19f09e08feca5b4c8f,buy,0x51db5ad35c671a87207d88fc11d593ac0c8415bd,0xdc08f1aaa37dcb0b129c0a7f87cb9e57b36db3b11ea58ad7f561fa0cec7a17dc
306,2000,9.16,0x09e396aca9535fffc68c72f880ab36e252b73a43,2017-10-14T23:42:23.000Z,0.00458,0xcf0dbf7b0439f57528c45367927df876141f8a1e,sell,0x51db5ad35c671a87207d88fc11d593ac0c8415bd,0x92b52f594fa623bea2038c49db2dc84f27e81dcee748fa78b931eff23f46eabe
307,1,0.0048,0x71fe8d51bd6310a9cb48bf3dc8fecdb5af6fb6d4,2017-10-14T17:24:05.000Z,0.0048,0x09e396aca9535fffc68c72f880ab36e252b73a43,sell,0x51db5ad35c671a87207d88fc11d593ac0c8415bd,0xc9ed709bd8ee2c2004ef6d281ec7bac2e0e697fd6efc6ff75a37b4e5d9e018b8
308,336.1808332781966,1.781758416374442,0x07d2b65730b6817f3d15b1452d5e22f5f495439a,2017-10-14T17:19:28.000Z,0.0053,0xb2416f9dd9182e0be9fb1f19f09e08feca5b4c8f,sell,0x51db5ad35c671a87207d88fc11d593ac0c8415bd,0x5530a886d93586b9a9468283fa2dc107f19ffe643fec92b43e5455b58f35f655
309,1993.8191667218034,10.567241583625558,0x07d2b65730b6817f3d15b1452d5e22f5f495439a,2017-10-14T17:16:58.000Z,0.0053,0x583b640795999aa2bb22c1a62a91336ff9d325bb,sell,0x51db5ad35c671a87207d88fc11d593ac0c8415bd,0xd68ef4fd34b5042e14e7b35f1ade2b4b2801702ff05e8eb7dda9cb21b885e75e
310,500,2.65,0x07d2b65730b6817f3d15b1452d5e22f5f495439a,2017-10-14T17:14:36.000Z,0.0053,0x09e396aca9535fffc68c72f880ab36e252b73a43,sell,0x51db5ad35c671a87207d88fc11d593ac0c8415bd,0x2c53eed432d476cafa68ed9438c62e79018f4005e52bb517822c966b783ea9d2
311,7.706,0.038437528,0x1bdba91fe3333a57d0a71d41b2fe97eb6872c732,2017-10-14T16:36:37.000Z,0.004988,0x986926e68c8fb85857624c7aa4db306e39d306e9,buy,0x51db5ad35c671a87207d88fc11d593ac0c8415bd,0xe04f65220596a8e7290a09533e12d2736d01d8669d02cdfa2cbef9659bd63b95
312,100,0.525,0x09e396aca9535fffc68c72f880ab36e252b73a43,2017-10-14T16:32:21.000Z,0.00525,0x415236b6d278cdc48f336d7536cb2d2aaf778fc4,buy,0x51db5ad35c671a87207d88fc11d593ac0c8415bd,0x6abd8e945806bb65a58a3ce1346453035bf139e5beb4a5ee105419f8ae5ef21e
313,199.8,0.998998002,0x09e396aca9535fffc68c72f880ab36e252b73a43,2017-10-14T16:29:59.000Z,0.00499999,0x2493304d62f3a4e9c2cb9ee1954fbb864ddeea84,buy,0x51db5ad35c671a87207d88fc11d593ac0c8415bd,0x8478828efec227f4999daf35068c27df060278529878d90b437e746966291068
314,41.835,0.2083383,0x09e396aca9535fffc68c72f880ab36e252b73a43,2017-10-14T16:29:50.000Z,0.00498,0x1eaa18a0e964d346f2b5182be3f97d7aab5145b9,buy,0x51db5ad35c671a87207d88fc11d593ac0c8415bd,0x4809faa1d8e6622aa2f863e20fc90cb2d6a577a2e7f6b080fdeafb5bb767c84a
315,158,0.78684,0xb2416f9dd9182e0be9fb1f19f09e08feca5b4c8f,2017-10-14T16:21:37.000Z,0.00498,0x1eaa18a0e964d346f2b5182be3f97d7aab5145b9,buy,0x51db5ad35c671a87207d88fc11d593ac0c8415bd,0xb1f13b375357fb59eed9d9f757d5783e75df0e04384a235986303680585522a8
316,0.000016427439055823,0.000000081808646498,0x09e396aca9535fffc68c72f880ab36e252b73a43,2017-10-14T16:19:39.000Z,0.0049800000000000885,0x1eaa18a0e964d346f2b5182be3f97d7aab5145b9,buy,0x51db5ad35c671a87207d88fc11d593ac0c8415bd,0x663be4848d81c8b056ff100510fa2ad2fbfdb2dfe85888540098ffeb3b6078c7
317,1500.2,7.500984998,0xe01e8be16ec73ed2c2ad65773f2f697efac724e2,2017-10-14T16:14:24.000Z,0.00499999,0x2493304d62f3a4e9c2cb9ee1954fbb864ddeea84,buy,0x51db5ad35c671a87207d88fc11d593ac0c8415bd,0x80993935bd35c5cdad60365bfea50a6fc98e30a90b0ba41b36a1ae857d622e09
318,1200.2,6.000987998,0xe01e8be16ec73ed2c2ad65773f2f697efac724e2,2017-10-14T16:13:48.000Z,0.00499999,0x2493304d62f3a4e9c2cb9ee1954fbb864ddeea84,buy,0x51db5ad35c671a87207d88fc11d593ac0c8415bd,0x470cc261e9db63aeff38777204a3731cb0c77357a0b6c141845f2a575a252dd2
319,0.1647836411703552,0.000820622533028369,0x09e396aca9535fffc68c72f880ab36e252b73a43,2017-10-14T16:11:21.000Z,0.00498,0x1eaa18a0e964d346f2b5182be3f97d7aab5145b9,buy,0x51db5ad35c671a87207d88fc11d593ac0c8415bd,0x1b581c1432a4cf6cc6d9fe91cb65d8807dc47ad221fe70682cfe8cb0aa93bda5
320,1650.293630474651,8.23166462880756,0x09e396aca9535fffc68c72f880ab36e252b73a43,2017-10-14T16:07:39.000Z,0.004988,0x986926e68c8fb85857624c7aa4db306e39d306e9,buy,0x51db5ad35c671a87207d88fc11d593ac0c8415bd,0x5af7cd80123f65350103460bdef5774c60fc8770f7df09c5d4e51abcd5d2fd39
321,200,0.96,0x09e396aca9535fffc68c72f880ab36e252b73a43,2017-10-14T16:05:17.000Z,0.0048,0xf29d8776b21386b1cbc78a3cdace1442702036bc,buy,0x51db5ad35c671a87207d88fc11d593ac0c8415bd,0x267be14bea6d1b18fe8f39b8332a3c1890c1196cb07269f98fcf88073deb6374
322,979.0197297956636,4.141253457035657,0x09e396aca9535fffc68c72f880ab36e252b73a43,2017-10-14T15:41:50.000Z,0.00423,0x34676ce24f37e1421a429481febe0bacb2bc12f7,sell,0x51db5ad35c671a87207d88fc11d593ac0c8415bd,0x2423b4b5c67ee44ece4ed773bc2d1a65892e19a18cce27ccd94bb5bd68567722
323,100,0.465,0x2725d3b81f5d66755ab883b7d943225b7f6f0a39,2017-10-14T15:00:44.000Z,0.00465,0xf29d8776b21386b1cbc78a3cdace1442702036bc,buy,0x51db5ad35c671a87207d88fc11d593ac0c8415bd,0x788218346c10a03c20db58e7fd94269c81802628955db308559dabf8c7fc96c2
324,100,0.43,0x09e396aca9535fffc68c72f880ab36e252b73a43,2017-10-14T14:42:22.000Z,0.0043,0xf29d8776b21386b1cbc78a3cdace1442702036bc,buy,0x51db5ad35c671a87207d88fc11d593ac0c8415bd,0xf2df413383498e7c15955428309cc50d90aa2ef5f7d3123c0fdc58324732a6c3
325,100,0.431,0x09e396aca9535fffc68c72f880ab36e252b73a43,2017-10-14T14:41:50.000Z,0.00431,0xf29d8776b21386b1cbc78a3cdace1442702036bc,buy,0x51db5ad35c671a87207d88fc11d593ac0c8415bd,0xda3a7e949e4cb333acb8e7e786840abb3f1d3043c6619ff48532e65597d7bbe7
326,200,0.958,0x09e396aca9535fffc68c72f880ab36e252b73a43,2017-10-14T14:22:29.000Z,0.00479,0x1eaa18a0e964d346f2b5182be3f97d7aab5145b9,buy,0x51db5ad35c671a87207d88fc11d593ac0c8415bd,0xe5fcee7ef56b4a72fd3ccf23258d35f841d5c0f3a0069e33f0b9c8c5a0d21751
327,200,0.958,0x09e396aca9535fffc68c72f880ab36e252b73a43,2017-10-14T14:21:10.000Z,0.00479,0x1eaa18a0e964d346f2b5182be3f97d7aab5145b9,buy,0x51db5ad35c671a87207d88fc11d593ac0c8415bd,0xe5fcee7ef56b4a72fd3ccf23258d35f841d5c0f3a0069e33f0b9c8c5a0d21751
328,598.147338306578,2.398570826609378,0x6a134b304c87989fa7ca3356795c9683c2b01469,2017-10-14T12:14:23.000Z,0.00401,0xb4b950c9bc7216bd8bf458bca42d8d04c569437f,sell,0x51db5ad35c671a87207d88fc11d593ac0c8415bd,0xd8e675b8d16c822ce066f703292bf9442b4a00f8a5dacc5525fb7fce0b1e5563
329,10,0.0422,0x09e396aca9535fffc68c72f880ab36e252b73a43,2017-10-14T11:51:07.000Z,0.00422,0x1a60eb1065aea0d4b78ce2859b6977ac417d3aab,buy,0x51db5ad35c671a87207d88fc11d593ac0c8415bd,0xf8a7b14e485e472052bc43071060c251a5c16cd627432050d94b0a09b0e987ae
330,1.2,0.006288,0xd1f6f7607d6891e2dfda76380145f1f314e79db8,2017-10-14T10:03:33.000Z,0.00524,0x1eaa18a0e964d346f2b5182be3f97d7aab5145b9,buy,0x51db5ad35c671a87207d88fc11d593ac0c8415bd,0x1cc0b6aab95e30575a3acbcda66687d6dc7facbb26b2410b93f68101044694c7
331,15.950553284817067,0.06555677400059814,0x659927e0dfb46a19d852d6e9bc82216a2f7f39d2,2017-10-14T09:08:38.000Z,0.00411,0xb4b950c9bc7216bd8bf458bca42d8d04c569437f,sell,0x51db5ad35c671a87207d88fc11d593ac0c8415bd,0xde4fabd94506d8aca1aea8944ace91e3a9fb00f4f9e362813cde6d8d4e9d4d0d
332,100,0.528999,0xa1e41935539000c5c18cd33c13e20447d61d43bf,2017-10-14T09:07:10.000Z,0.00528999,0xb434e938062f321bee814acd82270acf6844cca9,buy,0x51db5ad35c671a87207d88fc11d593ac0c8415bd,0x0d6b515c46eb55a6079d979bfa393c70739e0c497ebd414ff21256f55fcfc3ba
333,60,0.2538,0xc5bdfd895b25677a5d810de76f535d3282955c8c,2017-10-14T08:25:08.000Z,0.00423,0xb2416f9dd9182e0be9fb1f19f09e08feca5b4c8f,sell,0x51db5ad35c671a87207d88fc11d593ac0c8415bd,0x102243ddeb114acad7cdd01abea5b666047c127592ac2ad68ac25974390fc87a
334,242.5406113550072,1.0235213799181304,0x986926e68c8fb85857624c7aa4db306e39d306e9,2017-10-14T08:21:17.000Z,0.00422,0xb2416f9dd9182e0be9fb1f19f09e08feca5b4c8f,sell,0x51db5ad35c671a87207d88fc11d593ac0c8415bd,0xb3133094114f034954a6d0c4edf956f0cbb70a2538a77733d350b6eb4eedfcdf
335,395.076,1.67117148,0x1c3558442b390f36777300315a33a1ce6d32f8cd,2017-10-14T08:12:50.000Z,0.00423,0xb2416f9dd9182e0be9fb1f19f09e08feca5b4c8f,sell,0x51db5ad35c671a87207d88fc11d593ac0c8415bd,0x00ec50229eee61dd287578be1d3b3122e1edbd25d4730bd06074d9f7d9724073
336,1415.4593886449927,5.97323862008187,0x986926e68c8fb85857624c7aa4db306e39d306e9,2017-10-14T08:12:50.000Z,0.00422,0x09e396aca9535fffc68c72f880ab36e252b73a43,sell,0x51db5ad35c671a87207d88fc11d593ac0c8415bd,0xf2c68fb54311a34f5be66dd3c66899424a5804780a46132ceb46d6e251f29e40
337,504.9237750901495,2.135827568631332,0x1c3558442b390f36777300315a33a1ce6d32f8cd,2017-10-14T08:07:48.000Z,0.00423,0x23c09abbc301e4bd6396548f5f6005ab345afb7e,sell,0x51db5ad35c671a87207d88fc11d593ac0c8415bd,0x822c0dc4871e97289a16644eb38a7c8667c640439240f774af160a8788b3eb84
338,149.99999485740236,0.6509999776811262,0xc6939e988f4481b549ea7059cfcc42aab1f45bdb,2017-10-14T08:06:50.000Z,0.00434,0x23c09abbc301e4bd6396548f5f6005ab345afb7e,sell,0x51db5ad35c671a87207d88fc11d593ac0c8415bd,0x6e55e27e94657f10566e761f59e170d27d9ae73218d867266cd56e56e6808d0f
339,80.32683959966208,0.37030673055444224,0x961c26543da1b75dab96ae986a921fffc92cfa7e,2017-10-14T08:06:50.000Z,0.00461,0x23c09abbc301e4bd6396548f5f6005ab345afb7e,sell,0x51db5ad35c671a87207d88fc11d593ac0c8415bd,0x7e8513aec17f78cc07cdd6888704ac737a7f0cebc47e0ea14a912e4c4bdc59ea
340,3121.3457997428923,14.046056098843016,0xe74531493162c7ac97c27e52442174db434b73e1,2017-10-14T08:02:16.000Z,0.0045,0x09e396aca9535fffc68c72f880ab36e252b73a43,sell,0x51db5ad35c671a87207d88fc11d593ac0c8415bd,0x452654c9de2e3c317363a25a0e88f46e68cb59bd26aaf2a7c0597ac2b87e0f35
341,1562.8871229210072,7.0329920531445325,0xe74531493162c7ac97c27e52442174db434b73e1,2017-10-14T07:54:26.000Z,0.0045,0x2126a604190d8a3485e20778473df338513278e3,sell,0x51db5ad35c671a87207d88fc11d593ac0c8415bd,0x79b5366830b57d1ac6da1b624bb65df7b9b59aba52db66209b11f18da6da6a6b
342,0.000000000512670488,0.000000000002307017,0xe74531493162c7ac97c27e52442174db434b73e1,2017-10-14T07:51:19.000Z,0.004499999617688155,0xb2416f9dd9182e0be9fb1f19f09e08feca5b4c8f,sell,0x51db5ad35c671a87207d88fc11d593ac0c8415bd,0xb77a3eb3ad2fa7490286e1f27bfcf54d1591ec9613991c47fe90800ec9b541ea
343,0.06138640986298353,0.000282991349468354,0x961c26543da1b75dab96ae986a921fffc92cfa7e,2017-10-14T07:48:08.000Z,0.004609999999999999,0x583b640795999aa2bb22c1a62a91336ff9d325bb,sell,0x51db5ad35c671a87207d88fc11d593ac0c8415bd,0x4310fab85b6479a48912c5335fc47b00d45ca1414b1feaa3e00c720e70af04bb
344,615.7670773355877,2.770951848010145,0xe74531493162c7ac97c27e52442174db434b73e1,2017-10-14T07:46:16.000Z,0.0045,0x583b640795999aa2bb22c1a62a91336ff9d325bb,sell,0x51db5ad35c671a87207d88fc11d593ac0c8415bd,0xd88081fb38bba10d5a71c1b0faa829424284e8b6a9b7cc3cb98148c54febd568
345,0.000005142597653627,0.000000022318873816,0xc6939e988f4481b549ea7059cfcc42aab1f45bdb,2017-10-14T07:16:38.000Z,0.004339999999855874,0xb2416f9dd9182e0be9fb1f19f09e08feca5b4c8f,sell,0x51db5ad35c671a87207d88fc11d593ac0c8415bd,0x2413495f147bb69bf7ac134126ea6c3500d8f5cfab05527163d1d56d63cc9795
346,447.60526861683473,1.9922910506135314,0x0c258e0b2b9be3d980d1dd09bb25ddb303101142,2017-10-14T06:35:19.000Z,0.004451,0x09e396aca9535fffc68c72f880ab36e252b73a43,sell,0x51db5ad35c671a87207d88fc11d593ac0c8415bd,0xcbf0122d6cc5bf8fdb2f20f414ca98ca074cd41d1048186db707ec97229b078b
347,0.051585397063531255,0.000229606602329777,0x0c258e0b2b9be3d980d1dd09bb25ddb303101142,2017-10-14T06:31:16.000Z,0.004450999999999988,0xb2416f9dd9182e0be9fb1f19f09e08feca5b4c8f,sell,0x51db5ad35c671a87207d88fc11d593ac0c8415bd,0x244c65e9fd50bc7728cf3c16b61d6b53c4cbea69cab5dfc2fd7e1100efde311a
348,52.343145986101725,0.23297934278413876,0x0c258e0b2b9be3d980d1dd09bb25ddb303101142,2017-10-14T06:31:16.000Z,0.004451,0x09e396aca9535fffc68c72f880ab36e252b73a43,sell,0x51db5ad35c671a87207d88fc11d593ac0c8415bd,0x867dca50edc436e070f528f208779d4cbd64d147c9558f2e21f434896a0f7a81
349,290.93,1.309185,0x35572ccff3defee3beb2f959db21179e633f9130,2017-10-14T06:23:21.000Z,0.0045,0x09e396aca9535fffc68c72f880ab36e252b73a43,sell,0x51db5ad35c671a87207d88fc11d593ac0c8415bd,0x5147ec2f674237cad7dc542efc16210673fcc9c9ae21d6dc039fed99bd296ec2
350,136,0.62696,0x961c26543da1b75dab96ae986a921fffc92cfa7e,2017-10-14T06:19:24.000Z,0.00461,0x09e396aca9535fffc68c72f880ab36e252b73a43,sell,0x51db5ad35c671a87207d88fc11d593ac0c8415bd,0x25514551fd049f673467aaab03a07f571261f23e4d91ac9008dd0a7ee219c7b8
351,2500,11.25,0x832688fb9775ba95e32e1edabe096d09dab6d10c,2017-10-14T06:17:06.000Z,0.0045,0x09e396aca9535fffc68c72f880ab36e252b73a43,sell,0x51db5ad35c671a87207d88fc11d593ac0c8415bd,0xb0f44312a4c83dbe2d6fac5d970584e8a5b55cc71a1301e451c730a8a5eccd3e
352,126,0.5922,0x961c26543da1b75dab96ae986a921fffc92cfa7e,2017-10-14T05:35:38.000Z,0.0047,0xcf0dbf7b0439f57528c45367927df876141f8a1e,sell,0x51db5ad35c671a87207d88fc11d593ac0c8415bd,0x3242516d54e22ac4b42e4d99e66db029350e991081448170a0531bca501a18c1
353,0.000060235157540972,0.000000246964145917,0xf4809ae65420ddbfac0e65bb439898141509e1e8,2017-10-14T04:55:34.000Z,0.0040999999999836445,0xf4809ae65420ddbfac0e65bb439898141509e1e8,sell,0x51db5ad35c671a87207d88fc11d593ac0c8415bd,0xab3533057d6ce09a05a7c862c66b1e347a08e0683f66fb3651a6dacac88bbc78
354,100,0.539,0x659927e0dfb46a19d852d6e9bc82216a2f7f39d2,2017-10-14T04:05:34.000Z,0.00539,0x57086dc798060a8224e19d51ff83e44cc3d368ec,buy,0x51db5ad35c671a87207d88fc11d593ac0c8415bd,0x51ad26757afbbe067c15363e19619cfbc88033412ebc78e420ea7d776c12685c
355,108.05602631841292,0.44302970790549295,0x35572ccff3defee3beb2f959db21179e633f9130,2017-10-14T03:17:40.000Z,0.0041,0x87756a587899af2f5711c6877dc10d7ca1917c5e,sell,0x51db5ad35c671a87207d88fc11d593ac0c8415bd,0xbb472645267a8347e974bbcc9a0712cf7500393a61b1c2bade2293adecb01b93
356,8,0.03248,0x31da61b66030f0f1b10f4bc4d0bd5121fa16b659,2017-10-14T02:03:36.000Z,0.00406,0xe4f6ba0c933075f37ef4a3ec6ea715f39be9ea6e,sell,0x51db5ad35c671a87207d88fc11d593ac0c8415bd,0x19b11058a5526bb49526067f1fba814bcc16a5a60e34a8872b58a375374d3ed2
357,1275.345,5.10138,0x98b8f889dbe2b5c4c5879f65e13b24012f2afdce,2017-10-13T18:36:54.000Z,0.004,0x09e396aca9535fffc68c72f880ab36e252b73a43,sell,0x51db5ad35c671a87207d88fc11d593ac0c8415bd,0xcfb579b207f2be45ad1f82212df24b25145f146b7ed8342dd8e51c0b0531029e
358,1.6728142757451898,0.006691424384408334,0x583b640795999aa2bb22c1a62a91336ff9d325bb,2017-10-13T17:20:30.000Z,0.0040000999999999995,0xf64a21c9f5f2756aa2af8a850a1016fa23fd7938,sell,0x51db5ad35c671a87207d88fc11d593ac0c8415bd,0xb712e87c8ab42a4c4c9b2e515c5761427e9a482b500b899bd7fa8366144e6159
359,616,2.4640616,0x583b640795999aa2bb22c1a62a91336ff9d325bb,2017-10-13T17:04:14.000Z,0.0040001,0xf64a21c9f5f2756aa2af8a850a1016fa23fd7938,sell,0x51db5ad35c671a87207d88fc11d593ac0c8415bd,0xcae11473eb581b67971cbaac89ea34bb7dc120ca422cad41b5bc1dcdb3abf32d
360,500,2.00015,0x14c32a94d825b0fbfc1a7024282f6bcaaa3082d1,2017-10-13T16:16:08.000Z,0.0040003,0xf64a21c9f5f2756aa2af8a850a1016fa23fd7938,sell,0x51db5ad35c671a87207d88fc11d593ac0c8415bd,0x4b331faf93b95d11e948176fac9f846af831c6851b061f33d30b2ef477172744
361,1724.6545677495567,6.898618270998226,0x98b8f889dbe2b5c4c5879f65e13b24012f2afdce,2017-10-13T16:11:39.000Z,0.004,0xc9d5020151a29f0030b58f8c7cf5247a07e9f29d,sell,0x51db5ad35c671a87207d88fc11d593ac0c8415bd,0x4b4ccc24db1d5c80e164c47b39ae235e724f82b1ed163b03d4b044e8a229eb47
362,271,1.11381,0xd842f147db3c3d525ce1a9d9993af9ca0defbafb,2017-10-13T15:55:32.000Z,0.00411,0xcf0dbf7b0439f57528c45367927df876141f8a1e,sell,0x51db5ad35c671a87207d88fc11d593ac0c8415bd,0x5948481f28c52e497b22508376ca702dbb636adcbd252de71670793a799536af
363,780,3.198,0x5b29f3fd68c5a5c1a8dc7d76a71467f4095b5abd,2017-10-13T15:48:37.000Z,0.0041,0xcf0dbf7b0439f57528c45367927df876141f8a1e,sell,0x51db5ad35c671a87207d88fc11d593ac0c8415bd,0x5ede03f73ada71f9bb1c149dce3f512468305e55a0074c1eca7fe89f29c36d3e
364,58.742,0.26433958742,0xf0d1ec207732b2717170ed007265436e53358904,2017-10-13T14:00:23.000Z,0.00450001,0x2126a604190d8a3485e20778473df338513278e3,sell,0x51db5ad35c671a87207d88fc11d593ac0c8415bd,0x1116d2f5f79b06591de3787c9790c67a4d692555c484fb684d4dfd2c4b8529a2
365,0.016048801160960427,0.000072219765712333,0xf15e2aa19ab51f5cab6155b4e13cd9c2c3971882,2017-10-13T13:39:23.000Z,0.004500009999999967,0x468170bd968d88e5968dca07b93fd61f1cc91c8e,sell,0x51db5ad35c671a87207d88fc11d593ac0c8415bd,0x2fce6cab5b8206b1caa2d8ea71e38196be6bb4372a9fa9a88804f83527147d4d
366,330,1.4850033,0xf15e2aa19ab51f5cab6155b4e13cd9c2c3971882,2017-10-13T13:17:00.000Z,0.00450001,0x09e396aca9535fffc68c72f880ab36e252b73a43,sell,0x51db5ad35c671a87207d88fc11d593ac0c8415bd,0x01dda960d19604555d0e404b140bf304e3a7205fd5fd0dd67a90745fa50dd33a
367,400,1.800004,0xb8da44ec3a0fbf5b25301825ac7511a6e02d1cc4,2017-10-13T13:16:16.000Z,0.00450001,0x09e396aca9535fffc68c72f880ab36e252b73a43,sell,0x51db5ad35c671a87207d88fc11d593ac0c8415bd,0x209f1bec96698f23830c7453d314b2df656ff9499fd53586fcde380e91da9f04
368,94.34,0.500002,0x3cfe7db05dfd8eb541f63a3039076d3aca29d042,2017-10-13T11:43:53.000Z,0.0053,0x1eaa18a0e964d346f2b5182be3f97d7aab5145b9,buy,0x51db5ad35c671a87207d88fc11d593ac0c8415bd,0x57ddeb46d71fb5765534a7c16102d8fa691334088653ca6fad913c3d772e7c92
369,382.79202175045185,1.7225679257972508,0xf0d1ec207732b2717170ed007265436e53358904,2017-10-13T11:17:34.000Z,0.00450001,0x5dacbdd20b9eafaaa30bfad3b2af1793036d65f3,sell,0x51db5ad35c671a87207d88fc11d593ac0c8415bd,0x6b958bd091c174442413d3fbb64cded11742892b546f2734efa9175e28d8195f
370,315.103,1.4809841,0x611126456fd038bd8984a33c494cea029ca93372,2017-10-13T11:12:31.000Z,0.0047,0x5dacbdd20b9eafaaa30bfad3b2af1793036d65f3,sell,0x51db5ad35c671a87207d88fc11d593ac0c8415bd,0x7139241e1158566a40ccfb9e0c5baf1e4154788aa6f05b56e42018112356d374
371,269.86017878268507,1.2683428402786199,0x611126456fd038bd8984a33c494cea029ca93372,2017-10-13T10:51:01.000Z,0.0047,0x5dacbdd20b9eafaaa30bfad3b2af1793036d65f3,sell,0x51db5ad35c671a87207d88fc11d593ac0c8415bd,0x279b090c24e95807a1e7b96bfb1cb3e84da7abece86263ba3e3b98db7852568d
372,155.03641975973557,0.7286711728707571,0x611126456fd038bd8984a33c494cea029ca93372,2017-10-13T10:12:31.000Z,0.0047,0xad5b3fbc469313e21efe4117627a658424091b0a,sell,0x51db5ad35c671a87207d88fc11d593ac0c8415bd,0xf8ade3a042a450610941a35fe73678c1f7a132222c9ce272dfc80b6ba3309c42
373,55.501977411915476,0.29416048028315206,0xdf936e92f73b6e6334b417e87a87350d4a4b7a8c,2017-10-13T09:56:28.000Z,0.0053,0x1eaa18a0e964d346f2b5182be3f97d7aab5145b9,buy,0x51db5ad35c671a87207d88fc11d593ac0c8415bd,0xf3945674a242c1ff1f95b11320049f489d6e88eb394826a05018004c9ec29ab6
374,160.98552444559405,0.8049276222279702,0xdf936e92f73b6e6334b417e87a87350d4a4b7a8c,2017-10-13T09:41:14.000Z,0.005,0x468170bd968d88e5968dca07b93fd61f1cc91c8e,sell,0x51db5ad35c671a87207d88fc11d593ac0c8415bd,0x16ce3c52553fb93b416051fa79a49e2d434ecc1bef52cf80b9e89daba6823355
375,1000,5,0xf2d403aec27ef17b54b090f02fb7487d226aaa54,2017-10-13T09:21:48.000Z,0.005,0x468170bd968d88e5968dca07b93fd61f1cc91c8e,sell,0x51db5ad35c671a87207d88fc11d593ac0c8415bd,0x300993d213d1d6e8910254c0ea2780022ff8a28412f45cf02431679f8876d746
376,464.4847445204497,2.3734705960250455,0xa15913ea3d1e2ca9bb664df9a3811910b2e95386,2017-10-13T08:46:28.000Z,0.0051099,0x468170bd968d88e5968dca07b93fd61f1cc91c8e,sell,0x51db5ad35c671a87207d88fc11d593ac0c8415bd,0x8102d6d86d241746919e2645c27c60c074e75a0d73ac489b7fcd1d1a63089829
377,300,1.53,0x89be575727156aca2c35cb1703e8f4b1e0ffe9e8,2017-10-13T08:46:28.000Z,0.0051,0x468170bd968d88e5968dca07b93fd61f1cc91c8e,sell,0x51db5ad35c671a87207d88fc11d593ac0c8415bd,0xfbc867ef75166d36fa11854e70dcd236c8f09d4749c80152fd10b7bb56ce4fc4
378,1000,5.11,0xf2d403aec27ef17b54b090f02fb7487d226aaa54,2017-10-13T08:45:17.000Z,0.00511,0x468170bd968d88e5968dca07b93fd61f1cc91c8e,sell,0x51db5ad35c671a87207d88fc11d593ac0c8415bd,0x6d1dd044855b164e8c5af252f416967447e8d1e447f33e01bc4669916d3ad491
379,772.3473865863848,3.9466179107177677,0xa15913ea3d1e2ca9bb664df9a3811910b2e95386,2017-10-13T07:41:39.000Z,0.0051099,0x09e396aca9535fffc68c72f880ab36e252b73a43,sell,0x51db5ad35c671a87207d88fc11d593ac0c8415bd,0x67c69a0e0d5666fb9e7e5b49624190298abbbdee8af11babe847cf8305024d68
380,60,0.312,0x37397fe00efde96a60edf8ea2ae2012c695fc483,2017-10-13T07:40:13.000Z,0.0052,0x09e396aca9535fffc68c72f880ab36e252b73a43,sell,0x51db5ad35c671a87207d88fc11d593ac0c8415bd,0xf9bc2f1c7ccbaf772c49dfe7805d15280cab2d4d317d8606218ad4b67d6322c7
381,517.453117944282,2.6441336873834866,0xa15913ea3d1e2ca9bb664df9a3811910b2e95386,2017-10-13T07:13:06.000Z,0.0051099,0xb2416f9dd9182e0be9fb1f19f09e08feca5b4c8f,sell,0x51db5ad35c671a87207d88fc11d593ac0c8415bd,0x8090d4beb14784a3875f3800d743574bb87757469ec1d5dbb6159990a6ecb7a9
