,amount,amountBase,buyer,date,price,seller,side,tokenAddr,txHash
0,6.25,0.0005,0x4fda9e6bcd83af6c5cc771b5d20accc2b7720074,2017-11-02T14:19:20.000Z,0.00008,0xf26bfac28cd1311074dcf3f1bb47eb2d65ef5bc2,buy,0x163733bcc28dbf26b41a8cfa83e369b5b3af741b,0xb5b3fd7741ba54df438c25bd893e4917de15b61a47068d1ffc3f574e6b38251f
1,6.25,0.0005,0x3075f7f189912f4f425dd7021b9c396434197477,2017-11-02T14:06:59.000Z,0.00008,0xf26bfac28cd1311074dcf3f1bb47eb2d65ef5bc2,buy,0x163733bcc28dbf26b41a8cfa83e369b5b3af741b,0x5ae2b3179e447e3876d6ff0d74a44b536fb84be885a73c8625adca77aca643f6
2,120.3598907733,0.008425192354131,0xcddba866a6b9ddd221848a7d29b582be3e6a00d8,2017-11-02T00:12:06.000Z,0.00007,0x8ef42653cd5420da899975c6145d331d7ae622f6,buy,0x163733bcc28dbf26b41a8cfa83e369b5b3af741b,0x2579eb22edd22ee8b27a155c67c1bce5731524115ac350c90c66adebb154422f
3,119.9998911,0.008909991914175,0x5d5065b42bdee0274e394ba9042c21e1818c69cf,2017-11-02T00:12:06.000Z,0.00007425,0xcddba866a6b9ddd221848a7d29b582be3e6a00d8,sell,0x163733bcc28dbf26b41a8cfa83e369b5b3af741b,0x2579eb22edd22ee8b27a155c67c1bce5731524115ac350c90c66adebb154422f
4,190,0.01311,0xf26bfac28cd1311074dcf3f1bb47eb2d65ef5bc2,2017-11-01T02:30:29.000Z,0.000069,0x8ef42653cd5420da899975c6145d331d7ae622f6,sell,0x163733bcc28dbf26b41a8cfa83e369b5b3af741b,0xccf9dd8af6a2eb119c58d9281ac8bd4e9932fc3495109439b5384004c34646b8
5,20.41172365666434,0.001520673412421493,0xf26bfac28cd1311074dcf3f1bb47eb2d65ef5bc2,2017-10-31T13:10:47.000Z,0.00007449999999999998,0x23a0ee304fa9ca5782d4f53a5240cd545eed56c2,sell,0x163733bcc28dbf26b41a8cfa83e369b5b3af741b,0xa44c1eb0dabc0cecdcdede8d599d197a0bb56fc43330c9fa5b54d5c1b3abc68a
6,20.475,0.00143325,0x23a0ee304fa9ca5782d4f53a5240cd545eed56c2,2017-10-31T13:09:41.000Z,0.00007,0x8ef42653cd5420da899975c6145d331d7ae622f6,buy,0x163733bcc28dbf26b41a8cfa83e369b5b3af741b,0x3aaad19bdafa532596bd290f5f36de6b7752be5a214cb0a907dcc04016eabf3c
7,155,0.01085,0xf26bfac28cd1311074dcf3f1bb47eb2d65ef5bc2,2017-10-31T12:15:16.000Z,0.00007,0x8ef42653cd5420da899975c6145d331d7ae622f6,sell,0x163733bcc28dbf26b41a8cfa83e369b5b3af741b,0x7ef852840da846ef12c3e2d6a90734ba4e594589e7261d33d0dc019cb98206d0
8,140,0.01008,0xf26bfac28cd1311074dcf3f1bb47eb2d65ef5bc2,2017-10-31T12:15:12.000Z,0.000072,0x8ef42653cd5420da899975c6145d331d7ae622f6,sell,0x163733bcc28dbf26b41a8cfa83e369b5b3af741b,0x7e26e875b6c07657a4a4dea7e66d1494b45f1076c25773b5787c1582702fe74c
9,140,0.01008,0xf26bfac28cd1311074dcf3f1bb47eb2d65ef5bc2,2017-10-31T12:14:31.000Z,0.000072,0x8ef42653cd5420da899975c6145d331d7ae622f6,sell,0x163733bcc28dbf26b41a8cfa83e369b5b3af741b,0x7e26e875b6c07657a4a4dea7e66d1494b45f1076c25773b5787c1582702fe74c
10,155,0.01085,0xf26bfac28cd1311074dcf3f1bb47eb2d65ef5bc2,2017-10-31T12:14:31.000Z,0.00007,0x8ef42653cd5420da899975c6145d331d7ae622f6,sell,0x163733bcc28dbf26b41a8cfa83e369b5b3af741b,0x7ef852840da846ef12c3e2d6a90734ba4e594589e7261d33d0dc019cb98206d0
11,6.2313060817547,0.000464232303090725,0xf26bfac28cd1311074dcf3f1bb47eb2d65ef5bc2,2017-10-31T05:19:18.000Z,0.00007449999999999997,0xe444a40689f51f63bcd29910622035707d533d29,sell,0x163733bcc28dbf26b41a8cfa83e369b5b3af741b,0x55a873b05cbe74983f68e6fd3af4fbdade3f9865a7e38db479c84628b7781df6
12,6.6467264872049,0.000495181123296765,0xf26bfac28cd1311074dcf3f1bb47eb2d65ef5bc2,2017-10-30T02:54:05.000Z,0.0000745,0x16e5d97bbc92417e051e3b2cabfbf8ceea2acb9c,sell,0x163733bcc28dbf26b41a8cfa83e369b5b3af741b,0xabe1f91a1428d14d06ea49e01de42a32e1ddce4b0784b8f301798316b4d2acf4
13,6.6467264872049,0.000495181123296765,0xf26bfac28cd1311074dcf3f1bb47eb2d65ef5bc2,2017-10-30T02:52:36.000Z,0.0000745,0x379374d13077e8867ef31803c37baf9785a17c00,sell,0x163733bcc28dbf26b41a8cfa83e369b5b3af741b,0xccae38b528d6c60d68baf327a48f183df6280b58106bc3f2be359b3ffff2017a
14,6.25,0.0005,0x34f9560c63078eb61872a4dc2ccd20e21c34feaf,2017-10-28T20:53:34.000Z,0.00008,0xf26bfac28cd1311074dcf3f1bb47eb2d65ef5bc2,buy,0x163733bcc28dbf26b41a8cfa83e369b5b3af741b,0x82f7c9009ef4c0e29eb598fd56b5fa966a65b049a81ce0bf0bcf06a29d5679b8
15,6.25,0.0005,0xe444a40689f51f63bcd29910622035707d533d29,2017-10-28T20:52:53.000Z,0.00008,0xf26bfac28cd1311074dcf3f1bb47eb2d65ef5bc2,buy,0x163733bcc28dbf26b41a8cfa83e369b5b3af741b,0xdabf399038fe7fef1319e4b41543f25e61902f9a00ae2b2c8ddf11215b6221d9
16,950,0.0741,0xf26bfac28cd1311074dcf3f1bb47eb2d65ef5bc2,2017-10-23T10:02:31.000Z,0.000078,0xf26bfac28cd1311074dcf3f1bb47eb2d65ef5bc2,buy,0x163733bcc28dbf26b41a8cfa83e369b5b3af741b,0x967a5725f21a9df4af95c0b2032bde7e8b2219e36c3dfacec9909c2e8172e451
17,802.6666666666666,0.0602,0x93165a5fc7d4b9ea1f07473e3007744e4301a494,2017-10-22T23:42:28.000Z,0.000075,0xf26bfac28cd1311074dcf3f1bb47eb2d65ef5bc2,buy,0x163733bcc28dbf26b41a8cfa83e369b5b3af741b,0xf7911a8b73c7b20cae8fca055156561ced296ea19ca6d29c6fc66b27c6df451b
18,10,0.000745,0xf26bfac28cd1311074dcf3f1bb47eb2d65ef5bc2,2017-10-21T12:48:38.000Z,0.0000745,0xf26bfac28cd1311074dcf3f1bb47eb2d65ef5bc2,sell,0x163733bcc28dbf26b41a8cfa83e369b5b3af741b,0xf9178f872b882c95d04aa20505583daac4b4a0b3fd4530e502587532e0504e40
19,20,0.0016,0xf26bfac28cd1311074dcf3f1bb47eb2d65ef5bc2,2017-10-21T12:46:52.000Z,0.00008,0xf26bfac28cd1311074dcf3f1bb47eb2d65ef5bc2,buy,0x163733bcc28dbf26b41a8cfa83e369b5b3af741b,0xfa1619309799f8e84c671d3fa188c4c3389e9a21fd6dd53d93c9a6252ff56972
20,50,0.0039,0xf26bfac28cd1311074dcf3f1bb47eb2d65ef5bc2,2017-10-21T12:46:26.000Z,0.000078,0xf26bfac28cd1311074dcf3f1bb47eb2d65ef5bc2,buy,0x163733bcc28dbf26b41a8cfa83e369b5b3af741b,0x2dca2005cd222edc22a1519256cbf0f3b7d929977e0f4383945f68fce6596993
21,1,0.000075,0x6cdea8e07bf82d7a07dbf36642d6e5be8623845c,2017-10-20T08:38:23.000Z,0.000075,0xf26bfac28cd1311074dcf3f1bb47eb2d65ef5bc2,buy,0x163733bcc28dbf26b41a8cfa83e369b5b3af741b,0xf032f5c7e8ab85a454e95cce6e9cabfca4f60739923989a8cd08abcc6268b88b
22,100,0.007425,0x5d5065b42bdee0274e394ba9042c21e1818c69cf,2017-10-19T16:05:57.000Z,0.00007425,0x67f3b6448bb0ef883849e598f10e67d83de33b2c,sell,0x163733bcc28dbf26b41a8cfa83e369b5b3af741b,0x7db78364b42f15c72d4278add6ffc3e34555db45a87b1838a43478a187ff14d5
23,4.467,0.00033167475,0x5d5065b42bdee0274e394ba9042c21e1818c69cf,2017-10-19T14:30:44.000Z,0.00007425,0xf26bfac28cd1311074dcf3f1bb47eb2d65ef5bc2,sell,0x163733bcc28dbf26b41a8cfa83e369b5b3af741b,0x33db8b1d6cc2193c2aa797b0eb3aa692109f7e5dae172674c9c1af152af477d4
24,1,0.0009,0x3ac636ac5c3a2576156ac5f10066ca68abe0ad54,2017-10-19T05:01:57.000Z,0.0009,0x875b8ed2ec05950b24b8f13225a9f0a9eb5d744d,buy,0x163733bcc28dbf26b41a8cfa83e369b5b3af741b,0xc7ab7a26abe39bf63f9a2df78737116002a2f0f43ca9979bf773e969bf4c638d
25,6.666666666666667,0.0005,0xf9695cd65d6dfdf257fab76a3eb0cb8f001971cc,2017-10-18T15:25:46.000Z,0.000075,0xf26bfac28cd1311074dcf3f1bb47eb2d65ef5bc2,buy,0x163733bcc28dbf26b41a8cfa83e369b5b3af741b,0x55404bedb032069ce44829172f722ffe6fe0adbd792b7d34ddc8f78af90094a3
26,6.666666666666667,0.0005,0x379374d13077e8867ef31803c37baf9785a17c00,2017-10-18T15:25:17.000Z,0.000075,0xf26bfac28cd1311074dcf3f1bb47eb2d65ef5bc2,buy,0x163733bcc28dbf26b41a8cfa83e369b5b3af741b,0x5b0509ad1ded475c1693b2e53713f2e3380d8863dfdf75b7a5ddb3a50989ba6c
27,6.666666666666667,0.0005,0x16e5d97bbc92417e051e3b2cabfbf8ceea2acb9c,2017-10-17T18:09:44.000Z,0.000075,0xf26bfac28cd1311074dcf3f1bb47eb2d65ef5bc2,buy,0x163733bcc28dbf26b41a8cfa83e369b5b3af741b,0x5e341180130c117dd50c102a57201ed26a61f3e6f989426b3e913465d7bab99d
28,6.666666666666667,0.0005,0x16e5d97bbc92417e051e3b2cabfbf8ceea2acb9c,2017-10-17T18:09:17.000Z,0.000075,0xf26bfac28cd1311074dcf3f1bb47eb2d65ef5bc2,buy,0x163733bcc28dbf26b41a8cfa83e369b5b3af741b,0x5e341180130c117dd50c102a57201ed26a61f3e6f989426b3e913465d7bab99d
29,6.666666666666667,0.0005,0x42c24a83bded723edfdf5883bc7efb30bc1a1bf3,2017-10-17T16:07:00.000Z,0.000075,0xf26bfac28cd1311074dcf3f1bb47eb2d65ef5bc2,buy,0x163733bcc28dbf26b41a8cfa83e369b5b3af741b,0xda0034229271939a61c1e3a28bf35b0010a5d41206574c7d77f86f524c70d4ef
30,21,0.001575,0xf26bfac28cd1311074dcf3f1bb47eb2d65ef5bc2,2017-10-17T08:27:27.000Z,0.000075,0xf26bfac28cd1311074dcf3f1bb47eb2d65ef5bc2,buy,0x163733bcc28dbf26b41a8cfa83e369b5b3af741b,0x4e172ef1299a8574d75e5ed8a6bd12010dc82e125865295d0cadfbe760645c71
31,50,0.00325,0xf26bfac28cd1311074dcf3f1bb47eb2d65ef5bc2,2017-10-17T08:19:46.000Z,0.000065,0xf26bfac28cd1311074dcf3f1bb47eb2d65ef5bc2,sell,0x163733bcc28dbf26b41a8cfa83e369b5b3af741b,0xb4ecc1537766a9e2d12b34f7ed96c39028cc7d7abe8eca26eee74ffdfd3cde06
32,6.666666666666667,0.0005,0xcd912af5286dc0b0a23edb30209734ecb60838b3,2017-10-17T05:53:12.000Z,0.000075,0xf26bfac28cd1311074dcf3f1bb47eb2d65ef5bc2,buy,0x163733bcc28dbf26b41a8cfa83e369b5b3af741b,0x66c4699829a4b2ae1213ce0f30011da9d4a49e13aa5b2c5b83c715ff8903179a
33,42,0.00315,0xf26bfac28cd1311074dcf3f1bb47eb2d65ef5bc2,2017-10-14T23:58:30.000Z,0.000075,0xf26bfac28cd1311074dcf3f1bb47eb2d65ef5bc2,buy,0x163733bcc28dbf26b41a8cfa83e369b5b3af741b,0x5de23bef771e3304f62871e1e8a6558a876db4a4c7689961aaf4883fca48445b
34,50,0.0035,0xf26bfac28cd1311074dcf3f1bb47eb2d65ef5bc2,2017-10-14T22:54:26.000Z,0.00007,0xf26bfac28cd1311074dcf3f1bb47eb2d65ef5bc2,buy,0x163733bcc28dbf26b41a8cfa83e369b5b3af741b,0x20aec7cdd2e73fc0f74d463193bbc309081e894ffa4919102c34d735b5c8e783
35,40,0.003,0xf26bfac28cd1311074dcf3f1bb47eb2d65ef5bc2,2017-10-14T22:42:42.000Z,0.000075,0xf26bfac28cd1311074dcf3f1bb47eb2d65ef5bc2,buy,0x163733bcc28dbf26b41a8cfa83e369b5b3af741b,0x884814e92230cd6da23c5373f1c7ee64f1dcdd076a6c9f603a8403574d14a5d4
36,50,0.004,0x78b0e4933f5b7d90102367e28efcde256998411e,2017-10-07T21:06:37.000Z,0.00008,0x67f3b6448bb0ef883849e598f10e67d83de33b2c,buy,0x163733bcc28dbf26b41a8cfa83e369b5b3af741b,0x5e90c95e1e05d1200f4b95b1fa1f4a4cb44b79380a3e99b9e0042bfad10c983c
37,400,0.024,0x875b8ed2ec05950b24b8f13225a9f0a9eb5d744d,2017-10-07T11:46:51.000Z,0.00006,0xf26bfac28cd1311074dcf3f1bb47eb2d65ef5bc2,buy,0x163733bcc28dbf26b41a8cfa83e369b5b3af741b,0xc03a21bb91bf772af995fd7764a80a343a24269d42a425b179b49e77521b553a
38,200,0.01,0x875b8ed2ec05950b24b8f13225a9f0a9eb5d744d,2017-10-07T11:42:07.000Z,0.00005,0xf26bfac28cd1311074dcf3f1bb47eb2d65ef5bc2,buy,0x163733bcc28dbf26b41a8cfa83e369b5b3af741b,0x993c72246c3fef961d3450d544f8c22b19c827e521ccd3d2f0b861cc12c1d54c
39,100,0.0045,0x875b8ed2ec05950b24b8f13225a9f0a9eb5d744d,2017-10-07T11:22:45.000Z,0.000045,0xf26bfac28cd1311074dcf3f1bb47eb2d65ef5bc2,buy,0x163733bcc28dbf26b41a8cfa83e369b5b3af741b,0x70c894258489b84bb6f6a6f557964badd0e38fefd984f60c8c17175aaf8c306e
40,50,0.002,0x4b43041e418b16bb7dcf94a09f721cc73574fc04,2017-09-29T05:03:58.000Z,0.00004,0xf26bfac28cd1311074dcf3f1bb47eb2d65ef5bc2,buy,0x163733bcc28dbf26b41a8cfa83e369b5b3af741b,0x88c6c7735677877b30cbe4da989865dd333110f11cb78785af88f3701cdc4edb
41,10,0.0004,0x8b182a4526944fa498970732a69a95d281c3c8a9,2017-09-15T21:09:18.000Z,0.00004,0xf26bfac28cd1311074dcf3f1bb47eb2d65ef5bc2,buy,0x163733bcc28dbf26b41a8cfa83e369b5b3af741b,0xe2f848ca8869baa447cbb8571ae0242046dc192345ad9bfa4098485242bea6b9
42,199,0.01194,0x67f3b6448bb0ef883849e598f10e67d83de33b2c,2017-09-14T18:17:34.000Z,0.00006,0xf26bfac28cd1311074dcf3f1bb47eb2d65ef5bc2,buy,0x163733bcc28dbf26b41a8cfa83e369b5b3af741b,0x094d3a7527a723f316de2281da5500b23fe9861b6da18ce79aa5139cbfce13bd
43,1,0.00006,0x67f3b6448bb0ef883849e598f10e67d83de33b2c,2017-09-14T18:09:03.000Z,0.00006,0xf26bfac28cd1311074dcf3f1bb47eb2d65ef5bc2,buy,0x163733bcc28dbf26b41a8cfa83e369b5b3af741b,0x5ebf82e3b5d45a94b606b51e99c279d465f60b137ab63d10a23d8df2af5bf172
