,amount,amountBase,buyer,date,price,seller,side,tokenAddr,txHash
0,0.06494349,0.0005,0x4fda9e6bcd83af6c5cc771b5d20accc2b7720074,2017-11-02T13:21:06.000Z,0.007699001085405173,0xbc0945c667fadc26b9bf39e586b15eeb901e7d1c,buy,0x94298f1e0ab2dfad6eeffb1426846a3c29d98090,0x0e65d31c383981f3242dc46da6f1eb8ced46bab0d1dc1ce3b2c7f84164541a3b
1,1.5,0.00795,0x542f9a56345aef94a0658b2d235fbc737c944622,2017-11-02T13:04:00.000Z,0.0053,0x15b5e76375f0e2dd977af11a6371a7e85afd1ea3,sell,0x94298f1e0ab2dfad6eeffb1426846a3c29d98090,0x176b5db8020fdf00881d8761f57ae859b2326a5c2b80e1622f83880ca2654d2f
2,2,0.012,0x542f9a56345aef94a0658b2d235fbc737c944622,2017-11-02T13:03:43.000Z,0.006,0x15b5e76375f0e2dd977af11a6371a7e85afd1ea3,sell,0x94298f1e0ab2dfad6eeffb1426846a3c29d98090,0xe95282b6062fcd3d0f74cd295c6ccf469ce08f3c3bbad5ca3793dbe4f90daa4d
3,0.06494349,0.0005,0x3075f7f189912f4f425dd7021b9c396434197477,2017-11-02T12:48:16.000Z,0.007699001085405173,0xbc0945c667fadc26b9bf39e586b15eeb901e7d1c,buy,0x94298f1e0ab2dfad6eeffb1426846a3c29d98090,0xffabf52ac9f73a4ae67fe5e05ba6b3b891fee6f471f98dd8f8565555d40de2b0
4,11.22051783,0.0678715658915304,0xbc0945c667fadc26b9bf39e586b15eeb901e7d1c,2017-11-01T22:56:05.000Z,0.00604888,0x2b0416e24e78caf64c7d67c2a5e38388a8a69bce,sell,0x94298f1e0ab2dfad6eeffb1426846a3c29d98090,0x47f6b3b7389221473a5d7f77c457131e6773968cdea2ce425de759419312de9d
5,8.9,0.053835032,0xbc0945c667fadc26b9bf39e586b15eeb901e7d1c,2017-11-01T22:54:32.000Z,0.00604888,0x175375ec16f68e3b324896fb0e97878a7a16f221,sell,0x94298f1e0ab2dfad6eeffb1426846a3c29d98090,0x77cb7fd7a622f5663e60754aab7715a7b02af3df259bbd00d813968bf9409e73
6,0.99997,0.006299811,0x542f9a56345aef94a0658b2d235fbc737c944622,2017-11-01T22:43:39.000Z,0.0063,0x175375ec16f68e3b324896fb0e97878a7a16f221,sell,0x94298f1e0ab2dfad6eeffb1426846a3c29d98090,0x40dcbc18e334995b9a0116b9b7dfb8aff4daec707705ba633af32fbdea8029b2
7,0.00003,0.000000189,0x542f9a56345aef94a0658b2d235fbc737c944622,2017-11-01T22:33:42.000Z,0.0063,0x175375ec16f68e3b324896fb0e97878a7a16f221,sell,0x94298f1e0ab2dfad6eeffb1426846a3c29d98090,0x0e0aac742c0fd691dd1f8551fb95f50cb8bd4e9ac2c07ffa10914302cb8eb722
8,19,0.11492872,0xbc0945c667fadc26b9bf39e586b15eeb901e7d1c,2017-11-01T16:14:57.000Z,0.00604888,0x2b0416e24e78caf64c7d67c2a5e38388a8a69bce,sell,0x94298f1e0ab2dfad6eeffb1426846a3c29d98090,0x3f9dc81f2b6372e2540d7cd9738ce9e7898e49e13917267cf557ccca7eb23d4b
9,200.37883748,1.2120675424560223,0xbc0945c667fadc26b9bf39e586b15eeb901e7d1c,2017-11-01T06:13:28.000Z,0.00604888,0x24d528b8530db22c0949f28fbbbd3c1cce771633,sell,0x94298f1e0ab2dfad6eeffb1426846a3c29d98090,0xf51c79db5019dec71cbfa9c2798d34ea673c7ce04e8976dfa573e2c0ee6287de
10,40,0.308,0xd5f6f23b67831e2b81d37c2a15781403eae63a3f,2017-10-31T21:02:56.000Z,0.0077,0xd0f7a0950e32838c3050052bbc2fcd0186e3abdf,buy,0x94298f1e0ab2dfad6eeffb1426846a3c29d98090,0xb3be013f5cb1f64ad30bfe825ac0bb05088737a60c81b2d3c3af1ebb2a950053
11,53.17416009,0.3216441134851992,0xbc0945c667fadc26b9bf39e586b15eeb901e7d1c,2017-10-31T18:32:41.000Z,0.00604888,0xbc18642c7e0647d6e65b53cadefb4367d8f85a97,sell,0x94298f1e0ab2dfad6eeffb1426846a3c29d98090,0x55812db614df52e3a5a75ab4490576f47d6d526bd40923d4695743f27fc7191b
12,0.1,0.0008,0x0b773d7819259d78757b26dc4148812d35676d8f,2017-10-31T13:52:40.000Z,0.008,0x527e6009e17c7e85ca8c3912accd8f0e12b89e2b,buy,0x94298f1e0ab2dfad6eeffb1426846a3c29d98090,0x0c2ae7a76b51113e15f122785ca06dcd85b67977a9f80ea80ae6ba786e4ad753
13,0.02066858,0.000128145196,0x5744b2b124963c28bf830e859559120d81440674,2017-10-31T09:09:03.000Z,0.0062,0xcb57b71b80a8bc545562c556d0e8c3de35ec165a,sell,0x94298f1e0ab2dfad6eeffb1426846a3c29d98090,0x0da9a0c036b9e342f41a0cea0fd5b612f9955d64dbd03df8c44507a8c59d90e8
14,207.3264846,1.254093026167248,0xbc0945c667fadc26b9bf39e586b15eeb901e7d1c,2017-10-31T09:06:49.000Z,0.00604888,0xcb57b71b80a8bc545562c556d0e8c3de35ec165a,sell,0x94298f1e0ab2dfad6eeffb1426846a3c29d98090,0x905b96dc21c94764925c17b6f85c1fbb17ebbce7d33a7fe2f1d7850c1c701ce1
15,58.52190424,0.35944159436398426,0xdcb473fbd3c1f82901e636df558980cab22d2de8,2017-10-31T09:05:01.000Z,0.006142001,0xcb57b71b80a8bc545562c556d0e8c3de35ec165a,sell,0x94298f1e0ab2dfad6eeffb1426846a3c29d98090,0x020872c3456f2729765e0d07dba9ae85229e93568ed72b28a7e8311309d217d5
16,13.19796417,0.08106190913010416,0xdcb473fbd3c1f82901e636df558980cab22d2de8,2017-10-31T07:38:10.000Z,0.006142001,0x612e9cd74668cf5eb3629238f025d3107ed01662,sell,0x94298f1e0ab2dfad6eeffb1426846a3c29d98090,0x2ff60dd6766b4f7438d90f8adbf7c71c6a2c00300b1a2243faad3e8c1d4d5423
17,49,0.49,0x3a1a9f04cf23bba4f55c45888fd95d5e11b12d11,2017-10-31T03:38:22.000Z,0.01,0xd1871537e5bc1e3410c01a8600718e63ba305f63,buy,0x94298f1e0ab2dfad6eeffb1426846a3c29d98090,0x423d218cc1191061d5f65afbe652a0ed54a8d12a5deda1ccbd2d9e48bc4e350e
18,90.28013159,0.5545006585059116,0xdcb473fbd3c1f82901e636df558980cab22d2de8,2017-10-31T01:17:29.000Z,0.006142001,0xb2d3cfcd421f646c70d196d13668d2c6d0ad8a83,sell,0x94298f1e0ab2dfad6eeffb1426846a3c29d98090,0x09f341ca50bb40af87da41b689440d92e6721fd70560aa9e463946910ae5a5e6
19,49,0.301938,0xd1c7652a39cbb7ab2e5750c5aa1d67496079edf6,2017-10-30T23:58:37.000Z,0.006162,0x722840e21328d0194554e112002d3bb100d16bde,sell,0x94298f1e0ab2dfad6eeffb1426846a3c29d98090,0xc3da5fc8e2276fbee2246ee5a8b5f2511b844d653a296375a250de1f0c976315
20,200,1.23222,0x24d528b8530db22c0949f28fbbbd3c1cce771633,2017-10-30T23:56:25.000Z,0.0061611,0x722840e21328d0194554e112002d3bb100d16bde,sell,0x94298f1e0ab2dfad6eeffb1426846a3c29d98090,0x4703feae1ab70da83a4a3187145dbede78959577fd470a740c7a09989fc4aeff
21,1.81437543,0.01118381015052,0xd1c7652a39cbb7ab2e5750c5aa1d67496079edf6,2017-10-30T23:46:37.000Z,0.006164,0xc310112f6cab9dfc87ab87b91ddca667ca78bbe4,sell,0x94298f1e0ab2dfad6eeffb1426846a3c29d98090,0x790225c1144674305c8e5dbbca1d01dd9a8090e24b7a760a78c466b6c8648eff
22,1,0.01,0xe19967938f6043873a05bc5633b4af183a1e7172,2017-10-30T05:21:34.000Z,0.01,0x8dbc04433b09e2b4e514f9fa531dde469f2c00bd,buy,0x94298f1e0ab2dfad6eeffb1426846a3c29d98090,0x40c0a190876819d16281773407bc79a0d55d4a9651ba69d9ce573dae7a5b9c12
23,0.071,0.000437005,0x0ce4b16411b408bc9f06d456175db3cc79b25299,2017-10-30T02:49:09.000Z,0.006155,0x16e5d97bbc92417e051e3b2cabfbf8ceea2acb9c,sell,0x94298f1e0ab2dfad6eeffb1426846a3c29d98090,0xb6920e090e72085e4d6a7ed3dc4b2e9755fa8b3c513d331a74de4f6b8cf3440a
24,0.062,0.00038161,0x0ce4b16411b408bc9f06d456175db3cc79b25299,2017-10-30T02:47:06.000Z,0.006155,0x379374d13077e8867ef31803c37baf9785a17c00,sell,0x94298f1e0ab2dfad6eeffb1426846a3c29d98090,0xb61eb391446be48d27c2049782d6338a45b273a0e14e37be9ad556f4ef276982
25,13.18911374,0.080453593814,0xd1c7652a39cbb7ab2e5750c5aa1d67496079edf6,2017-10-29T10:18:28.000Z,0.0061,0xa3406b9ef2aab95b0f2431982fefdc0de4662313,sell,0x94298f1e0ab2dfad6eeffb1426846a3c29d98090,0xc08e5ca8fef068b54ad3dceb499aa93f3d12825463c680a172dae7adb4d191c0
26,30.08927325,0.183005968833825,0x8dbc04433b09e2b4e514f9fa531dde469f2c00bd,2017-10-29T08:37:22.000Z,0.0060821,0xc4c86220eec7ee8a4dca9478f1b4114d16ff090d,sell,0x94298f1e0ab2dfad6eeffb1426846a3c29d98090,0x664f51f523705c1c8eeef2ce17e7babdca67e88255835d81ae3b4c222687a431
27,0.15,0.00106500015,0xf36990a2cb4d609e0a7d4f3bf884c0342d81fd3d,2017-10-29T08:36:15.000Z,0.007100001,0xc4c86220eec7ee8a4dca9478f1b4114d16ff090d,sell,0x94298f1e0ab2dfad6eeffb1426846a3c29d98090,0xaa8d6135e7979a31ccacc5340712071c21363e3de111e9a59a12675a3d68ece1
28,3.92682352,0.028665811696,0x9fe901209a0dbc3ff14c2f476ebf49c1e8912ff6,2017-10-28T23:13:13.000Z,0.0073,0x9778550d76b07ac9f5e57392f68ecdf6efc1774e,sell,0x94298f1e0ab2dfad6eeffb1426846a3c29d98090,0x8e4ff7e4b611d56bdda925f6e683fcf66fddce65bcb88e132c395c6c210243db
29,22.38073049,0.1680792859799,0xd1c7652a39cbb7ab2e5750c5aa1d67496079edf6,2017-10-28T23:12:13.000Z,0.00751,0x9778550d76b07ac9f5e57392f68ecdf6efc1774e,sell,0x94298f1e0ab2dfad6eeffb1426846a3c29d98090,0xde1b842726eea80915c35c8b3f906415e8b9f8f76f624aeccb5641b59eafcedb
30,12.08457638,0.091842780488,0xd1c7652a39cbb7ab2e5750c5aa1d67496079edf6,2017-10-28T23:10:37.000Z,0.0076,0x9778550d76b07ac9f5e57392f68ecdf6efc1774e,sell,0x94298f1e0ab2dfad6eeffb1426846a3c29d98090,0xe9097100905d111a8d5fafca0ac035d10a901dd7405af489075759d417938a7b
31,81.59750802,0.61198131015,0xecddcceb42deca308ea0f811bfb833c3d83e9269,2017-10-28T23:10:37.000Z,0.0075,0x9778550d76b07ac9f5e57392f68ecdf6efc1774e,sell,0x94298f1e0ab2dfad6eeffb1426846a3c29d98090,0x1acc2de4e70e6abcb2ed31338ba2ca2beb727c67b915deb125f9a20f421b5361
32,0.04629629,0.0005,0x34f9560c63078eb61872a4dc2ccd20e21c34feaf,2017-10-28T20:48:37.000Z,0.0108000014688002,0xe00c7cb9781832336ab18c2b24ed5629defe1f46,buy,0x94298f1e0ab2dfad6eeffb1426846a3c29d98090,0x3db122021fcf3fd37ca6ce95ae6149a1d036744f665564ae3deee7facab3345e
33,0.04629629,0.0005,0xe444a40689f51f63bcd29910622035707d533d29,2017-10-28T20:47:24.000Z,0.0108000014688002,0xe00c7cb9781832336ab18c2b24ed5629defe1f46,buy,0x94298f1e0ab2dfad6eeffb1426846a3c29d98090,0xf58968d6ea1e4a643e3cb7331c9bde3ff2dfa9720145e52d701f6248eef058cb
34,37.91542362,0.288157219512,0xd1c7652a39cbb7ab2e5750c5aa1d67496079edf6,2017-10-28T17:14:10.000Z,0.0076,0x1ed014aec47fae44c9e55bac7662c0b78ae61798,sell,0x94298f1e0ab2dfad6eeffb1426846a3c29d98090,0xc754d170dc907284e570a6c63314560b755670125b1766008cce900dc7bf0542
35,18.40249198,0.13801868985,0xecddcceb42deca308ea0f811bfb833c3d83e9269,2017-10-28T09:08:39.000Z,0.0075,0x300fcd2f8b3d0951e314becfdebfd6a09f8ba986,sell,0x94298f1e0ab2dfad6eeffb1426846a3c29d98090,0x6b6fe2337fd6485a907f9700419aa54e9cd5a40b958cb87ec95a41b181cdbc6b
36,1.53873514,0.012002134092,0xfd6ffaeebcaf90add2eb40c2ae6fa88b1ac387c5,2017-10-28T09:07:08.000Z,0.0078,0x300fcd2f8b3d0951e314becfdebfd6a09f8ba986,sell,0x94298f1e0ab2dfad6eeffb1426846a3c29d98090,0xe5a3fcf4a089cb6f45fe2c6cf39f2648cfc3d952a591c429b5d0b4e12f4597bf
37,25,0.274975,0xbc18642c7e0647d6e65b53cadefb4367d8f85a97,2017-10-28T04:27:47.000Z,0.010999,0xa3d7dedda551204ccb03bd79aa87824cc453b8de,buy,0x94298f1e0ab2dfad6eeffb1426846a3c29d98090,0x5888bb38c6f1990049b337fe3de6442502e8c1ee4a3bb623ed922f1e8308003e
38,28.33899999,0.2833899999999997,0xbc18642c7e0647d6e65b53cadefb4367d8f85a97,2017-10-28T04:27:29.000Z,0.010000000003528697,0x24d528b8530db22c0949f28fbbbd3c1cce771633,buy,0x94298f1e0ab2dfad6eeffb1426846a3c29d98090,0x8277a1af85002affcb1cea734dd5f3af6f493fd4ed5af73cb5c69a83f23abf93
39,0.00000018,0.000000001404,0xfd6ffaeebcaf90add2eb40c2ae6fa88b1ac387c5,2017-10-28T01:43:01.000Z,0.0078,0x9b51e8861f809683e1d6b759fdfa91c722fa4a2f,sell,0x94298f1e0ab2dfad6eeffb1426846a3c29d98090,0x0ee3776c8effa9612820843a45c3644546af5604bc05105190606cbb51a9f027
40,0.00184024,0.000014353872,0xfd6ffaeebcaf90add2eb40c2ae6fa88b1ac387c5,2017-10-28T01:42:12.000Z,0.0078,0x9b51e8861f809683e1d6b759fdfa91c722fa4a2f,sell,0x94298f1e0ab2dfad6eeffb1426846a3c29d98090,0xa8b5069653379fdf0dd514e45eabe43341b65747dc177a8a03e0cf1c84e85217
41,18.45942444,0.143983510632,0xfd6ffaeebcaf90add2eb40c2ae6fa88b1ac387c5,2017-10-28T01:41:02.000Z,0.0078,0x9b51e8861f809683e1d6b759fdfa91c722fa4a2f,sell,0x94298f1e0ab2dfad6eeffb1426846a3c29d98090,0x5162641a455faa54c6e7541886c8df7db545dc9484b8fb4c81695e3f0c4bf7e7
42,48.006,0.37492686,0xbdbac6fe6b9f5bbb2e7e7f516f32ca34fae878c5,2017-10-28T01:39:27.000Z,0.00781,0x9b51e8861f809683e1d6b759fdfa91c722fa4a2f,sell,0x94298f1e0ab2dfad6eeffb1426846a3c29d98090,0xcc77624c9a4b130fca57d025105dc675d0a09af23ee79fc627662576ad9399e1
43,1.99381916,0.0155717276396,0xbdbac6fe6b9f5bbb2e7e7f516f32ca34fae878c5,2017-10-27T23:25:17.000Z,0.00781,0x89d1d2cafbd15a2592e274d2f6b35b23e803f676,sell,0x94298f1e0ab2dfad6eeffb1426846a3c29d98090,0xc6a583d108402c6e437cd54ce43fd9da6206d95d3fdadc51096f5ec89de59c30
44,9.9700301,0.09970030109586701,0x175375ec16f68e3b324896fb0e97878a7a16f221,2017-10-27T16:54:16.000Z,0.010000000009615519,0x24d528b8530db22c0949f28fbbbd3c1cce771633,buy,0x94298f1e0ab2dfad6eeffb1426846a3c29d98090,0x8f79d4b253434a00039b1d86d4375ee4256e30ce6d582675a3b6bbf39ff9f19b
45,5.83391594,0.042004194768,0xab17bc9c6440ca9df30293b5440494b58c311c54,2017-10-27T16:31:20.000Z,0.0072,0xf3b988cf5150a42084803e02bf1f69fd0b52e5a3,sell,0x94298f1e0ab2dfad6eeffb1426846a3c29d98090,0x5a6a5db8baed4fd6cc20ec7e933724d3e4a2e90ff317a2c9f88263320f35e9bb
46,99.69095803,0.9969095803010667,0x8ac89ffde2bebd99de4953ca79496b9eba08d261,2017-10-27T07:51:50.000Z,0.0100000000000107,0x24d528b8530db22c0949f28fbbbd3c1cce771633,buy,0x94298f1e0ab2dfad6eeffb1426846a3c29d98090,0x74f74a03cb6d76fef671cc3cf0574403a8d301fd7490707ea84ba3513ce32e06
47,64.5,0.50052,0xd1871537e5bc1e3410c01a8600718e63ba305f63,2017-10-26T23:02:18.000Z,0.00776,0xaf779d1eddb59f1035480dd377d8187c865c20da,sell,0x94298f1e0ab2dfad6eeffb1426846a3c29d98090,0xc191e086f545526a7d4420a98e2d60152ed6d4e1fcc9f4f8de7e310233f0a668
48,52,0.40352,0x4454847b528907f6819a6696491370060a37e5d0,2017-10-26T18:22:48.000Z,0.00776,0xd3e57a594ad8fb2491450f9c7a507e4d3cd4c1da,buy,0x94298f1e0ab2dfad6eeffb1426846a3c29d98090,0xb2b7e97bf04d935adddec7a151c01ce8f0a90dfe233285d5ad4504575b5578b4
49,28.91037782,0.205263682522,0x05ba2697951537fa3838ac15dad54dea4ff453ac,2017-10-26T00:02:57.000Z,0.0071,0x300fcd2f8b3d0951e314becfdebfd6a09f8ba986,sell,0x94298f1e0ab2dfad6eeffb1426846a3c29d98090,0xcf792ee7c8ea1420536c164a27d0dd4b7fa9a82e81caae88ceaf11ab5fecf4d7
50,35,0.384965,0x300fcd2f8b3d0951e314becfdebfd6a09f8ba986,2017-10-25T23:56:27.000Z,0.010999,0xa3d7dedda551204ccb03bd79aa87824cc453b8de,buy,0x94298f1e0ab2dfad6eeffb1426846a3c29d98090,0x4e219fb3ce109c03be349bb2a88fd2f4d9d17a04345f59dd36f57e75bc703753
51,4,0.043996,0x300fcd2f8b3d0951e314becfdebfd6a09f8ba986,2017-10-25T23:43:58.000Z,0.010999,0xa3d7dedda551204ccb03bd79aa87824cc453b8de,buy,0x94298f1e0ab2dfad6eeffb1426846a3c29d98090,0xbd4a44883641c5a0c595600ad0cb3b59c6dd14e7f97da8925c2f30bfb1160519
52,20,0.21998,0x300fcd2f8b3d0951e314becfdebfd6a09f8ba986,2017-10-25T23:38:50.000Z,0.010999,0xa3d7dedda551204ccb03bd79aa87824cc453b8de,buy,0x94298f1e0ab2dfad6eeffb1426846a3c29d98090,0xd3362258a39e4f3b80bb38e266ece988d8091f5c8db4c91ff69ff6155f26136d
53,30.54362289,0.3970640432598732,0x5544d12dc4515052dc52c17e0856a3c3235a0006,2017-10-24T08:30:53.000Z,0.012999900001707794,0xa3d7dedda551204ccb03bd79aa87824cc453b8de,buy,0x94298f1e0ab2dfad6eeffb1426846a3c29d98090,0xc78f920770f682c77a706699b064a8ae634c8e2145788035eecea742efc94524
54,18.284,0.201124,0x5544d12dc4515052dc52c17e0856a3c3235a0006,2017-10-24T07:53:55.000Z,0.011,0x082b53c60797af3ecdcb072a57b7bcbc1729bceb,buy,0x94298f1e0ab2dfad6eeffb1426846a3c29d98090,0xd18fa7c1b3b15f70b24f06bd5697d6c8611e4898071ef7618d8280bf0b4ee186
55,26.08015153,0.15648090918,0xab17bc9c6440ca9df30293b5440494b58c311c54,2017-10-24T03:55:24.000Z,0.006,0xb734f4b92c5a6d07d5c39bc3f493525942399b57,sell,0x94298f1e0ab2dfad6eeffb1426846a3c29d98090,0xd51db3ced894cdfb7ddc0b02843236494166cbc68ac7e6b0e456bd66f7cc38d5
56,0.01599618,0.0000799809,0x15b5e76375f0e2dd977af11a6371a7e85afd1ea3,2017-10-23T02:15:52.000Z,0.005,0xfa4e68227b19e6150dc1cf2095658efc86951753,sell,0x94298f1e0ab2dfad6eeffb1426846a3c29d98090,0xb413c7319613b3f7c2a4e998466aade239a7d00c10c42108cc343dd0cd6de48e
57,160.45759333,0.80228796665,0x15b5e76375f0e2dd977af11a6371a7e85afd1ea3,2017-10-23T02:14:12.000Z,0.005,0xfa4e68227b19e6150dc1cf2095658efc86951753,sell,0x94298f1e0ab2dfad6eeffb1426846a3c29d98090,0x8233ea01e129031e3e3c780b68a468a447a7b32f4a626d183a2c41c2844b7c7b
58,130,0.819,0x8dbc04433b09e2b4e514f9fa531dde469f2c00bd,2017-10-23T02:06:29.000Z,0.0063,0xfa4e68227b19e6150dc1cf2095658efc86951753,sell,0x94298f1e0ab2dfad6eeffb1426846a3c29d98090,0xcaec3717bdcc3281068772e8cf6b9271ff27e9799cc5d7c757bf962aa6e4c364
59,100,0.70001,0x3dee4a4e076e8d82859d241db0baf46f112cfa23,2017-10-23T02:06:20.000Z,0.0070001,0xfa4e68227b19e6150dc1cf2095658efc86951753,sell,0x94298f1e0ab2dfad6eeffb1426846a3c29d98090,0x6f13c802099d9749b07b70cb04e4222e8b520af3ed8e6098c9a8565af8306c17
60,8.33,0.05831833,0xe00c7cb9781832336ab18c2b24ed5629defe1f46,2017-10-23T02:06:15.000Z,0.007001,0xfa4e68227b19e6150dc1cf2095658efc86951753,sell,0x94298f1e0ab2dfad6eeffb1426846a3c29d98090,0xca6282cb9f5947956b6c7dd706b545362a7128931315f71ac8f91300998044a9
61,4.49995006,0.03150415037006,0x3dee4a4e076e8d82859d241db0baf46f112cfa23,2017-10-21T15:50:20.000Z,0.007001,0x0ce4b16411b408bc9f06d456175db3cc79b25299,sell,0x94298f1e0ab2dfad6eeffb1426846a3c29d98090,0x836a2fb3142e2ec74633edd1907428e3f6814ee0cd87a5b2de2b5e6151a747b5
62,4.51300967,0.0280709201474,0x0ce4b16411b408bc9f06d456175db3cc79b25299,2017-10-20T15:46:34.000Z,0.00622,0x540f40b4f89b04d1c84246bad73c0279c22e6d01,sell,0x94298f1e0ab2dfad6eeffb1426846a3c29d98090,0xdbdc28fd5166b404d40bdb682a7ce0380a0aa37b8ba0e18e1f25ecdfb150a124
63,47,0.2961,0xab17bc9c6440ca9df30293b5440494b58c311c54,2017-10-20T15:42:18.000Z,0.0063,0x540f40b4f89b04d1c84246bad73c0279c22e6d01,sell,0x94298f1e0ab2dfad6eeffb1426846a3c29d98090,0xd5904b2c01e46817a53c2c3aed97a67a5e69700dd06c1fe2de4cee5678af9f5a
64,0.02,0.00026,0x6cdea8e07bf82d7a07dbf36642d6e5be8623845c,2017-10-19T23:36:27.000Z,0.013,0x003c572bcd5bfdb8cb837f9a9ab0caffa769a9d1,buy,0x94298f1e0ab2dfad6eeffb1426846a3c29d98090,0x7016117e806219600831dbf3d9b0802fa93e6e76cf63aa9e98e02c318f5489ea
65,1.64,0.0164,0xe6d0bb9fbb78f10a111bc345058a9a90265622f3,2017-10-19T20:17:04.000Z,0.01,0x66c58939568f8ac1815faa4ed7592a22f633e2ca,buy,0x94298f1e0ab2dfad6eeffb1426846a3c29d98090,0x0451073a98d8632951d0344e45c318265dced3dd902cf90b5ca9d8de91def02c
66,331.97089024,1.928767470838912,0x0ce4b16411b408bc9f06d456175db3cc79b25299,2017-10-19T15:11:52.000Z,0.00581005,0xcd614402b3ca0eea9905ad08a5a4a39bc378ffb1,sell,0x94298f1e0ab2dfad6eeffb1426846a3c29d98090,0xd3bf3c2378ab580f8968f1c45368d7ff9e82a53d3d052f25800430e2ccfb6972
67,4,0.0364,0xe6d0bb9fbb78f10a111bc345058a9a90265622f3,2017-10-19T10:23:19.000Z,0.0091,0x3dee4a4e076e8d82859d241db0baf46f112cfa23,sell,0x94298f1e0ab2dfad6eeffb1426846a3c29d98090,0xa1c92268a1611aa3df3a804bc324ce31140afa2b4779cc4d083714c16c0c35e9
68,1.82,0.01638,0xc310112f6cab9dfc87ab87b91ddca667ca78bbe4,2017-10-19T10:23:19.000Z,0.009,0x3dee4a4e076e8d82859d241db0baf46f112cfa23,sell,0x94298f1e0ab2dfad6eeffb1426846a3c29d98090,0x174744922c51cd7d5f00226ccc0ff337023c746a1166088af0c510a97d250f48
69,25.5988,0.255988,0xc310112f6cab9dfc87ab87b91ddca667ca78bbe4,2017-10-19T01:32:24.000Z,0.01,0xbaab267210220428bd147691ae1403b559bf00d3,buy,0x94298f1e0ab2dfad6eeffb1426846a3c29d98090,0x34bd02213fa452e4558b6bf62b89d8e1c9e8cb6474ece86061e34b72e8349520
70,14,0.112,0xc310112f6cab9dfc87ab87b91ddca667ca78bbe4,2017-10-19T01:31:55.000Z,0.008,0x9c0f53b0dd0f04f3de23f433a9e20ee89d30e522,buy,0x94298f1e0ab2dfad6eeffb1426846a3c29d98090,0xd96b4b8f0ba521904526e233e230492bded0a829087b4265da34b870aaaeda29
71,1.01105272,0.0057023474513272,0x3dee4a4e076e8d82859d241db0baf46f112cfa23,2017-10-18T22:33:15.000Z,0.00564001,0xbf52f67f8524587d6a7ab1f1f8d092c635b9587f,sell,0x94298f1e0ab2dfad6eeffb1426846a3c29d98090,0xad2bb449f6adb3b03b4aa2f2f6a486002048c36cbd9715587fdecf4601e84f1c
72,1,0.01489,0x3ac636ac5c3a2576156ac5f10066ca68abe0ad54,2017-10-18T20:43:26.000Z,0.01489,0x24d528b8530db22c0949f28fbbbd3c1cce771633,buy,0x94298f1e0ab2dfad6eeffb1426846a3c29d98090,0x5e8126d339c9447f8ae9d9a985ae68dda7e9bfe9eac4f517af522171a21e2a0b
73,0.06329113,0.0005,0x379374d13077e8867ef31803c37baf9785a17c00,2017-10-18T15:19:49.000Z,0.007900001153400168,0x1bf546e7e42ebc76c270f84dc9f5f3e2e8e7276d,buy,0x94298f1e0ab2dfad6eeffb1426846a3c29d98090,0x59d4b3688c88bb1d7d930a40836bdcda0cd36390757a84ced76b6d20b13c5210
74,0.06329113,0.0005,0xf9695cd65d6dfdf257fab76a3eb0cb8f001971cc,2017-10-18T15:19:43.000Z,0.007900001153400168,0x1bf546e7e42ebc76c270f84dc9f5f3e2e8e7276d,buy,0x94298f1e0ab2dfad6eeffb1426846a3c29d98090,0xa1cf7f3a396d16b9a8032dc6be7b529c664b95e7e38972b06f1248f8c310fe40
75,66.46063868,0.3675273319004,0x0ce4b16411b408bc9f06d456175db3cc79b25299,2017-10-18T13:06:56.000Z,0.00553,0x830cc67eacd9b8cd9dd86032c130f9e3d562b9e2,sell,0x94298f1e0ab2dfad6eeffb1426846a3c29d98090,0xb015666ac0489a4ed9dbda2e09cd3baca2aee16c85dab720cc67c4a7278b250d
76,4.9845479,0.026966453984479,0x3dee4a4e076e8d82859d241db0baf46f112cfa23,2017-10-18T10:00:13.000Z,0.00541001,0xf81ab81ca1a6a19cc7b69b2c7876ff6543060598,sell,0x94298f1e0ab2dfad6eeffb1426846a3c29d98090,0x864e73672f4494e8de67ff326880ee347112194e30a9bd045fc47ab108ea80ce
77,0.07246376,0.0005,0x16e5d97bbc92417e051e3b2cabfbf8ceea2acb9c,2017-10-17T18:00:53.000Z,0.006900000772800087,0x0e14dea2bbb1f49bfa42993a6ceb67f66fa87b90,buy,0x94298f1e0ab2dfad6eeffb1426846a3c29d98090,0x81c8e276cefd589a6cef83d6d05323cfc334193aa50ae9dcfa06b0053345d14b
78,95,0.6555,0x3e37e3d2e664dff18fded3f653b508652d9e4cc8,2017-10-17T12:00:55.000Z,0.0069,0x0e14dea2bbb1f49bfa42993a6ceb67f66fa87b90,buy,0x94298f1e0ab2dfad6eeffb1426846a3c29d98090,0x4bc95a9afe9e7b6ae5646c8678b16860f51e6f3d805f714aea32ee589b1b8f5b
79,0.06250007,0.0005,0xcd912af5286dc0b0a23edb30209734ecb60838b3,2017-10-17T05:42:09.000Z,0.007999991040010035,0x43cd63658c71d88151d8bc878cfc82d06664945e,buy,0x94298f1e0ab2dfad6eeffb1426846a3c29d98090,0x0a65a67edd56ef7a8862a82e15502d9fbc7efda35e1f2f05933f040d4665e9d0
80,19.63911873,0.104087329269,0x0ce4b16411b408bc9f06d456175db3cc79b25299,2017-10-17T03:16:00.000Z,0.0053,0xc109f54175ba9e43df802f458ecb68dceb673b01,sell,0x94298f1e0ab2dfad6eeffb1426846a3c29d98090,0x2282a95eb117ee93cfb2772fb1e5ff65253906ca93d57ba540a37f4596f2590d
81,100,0.55,0x003c572bcd5bfdb8cb837f9a9ab0caffa769a9d1,2017-10-17T03:15:14.000Z,0.0055,0xc109f54175ba9e43df802f458ecb68dceb673b01,sell,0x94298f1e0ab2dfad6eeffb1426846a3c29d98090,0x59e66810b090839e8a3c12ec74a04443484548807375bacf09239fa1ed292395
82,70,0.5599993,0x3e37e3d2e664dff18fded3f653b508652d9e4cc8,2017-10-16T23:00:36.000Z,0.00799999,0x43cd63658c71d88151d8bc878cfc82d06664945e,buy,0x94298f1e0ab2dfad6eeffb1426846a3c29d98090,0xc628615c6f2b6f4e52a7277bcf3ef61e5bdaa57dff8c80e3543791c18e173ec5
83,125,0.99999875,0x8dbc04433b09e2b4e514f9fa531dde469f2c00bd,2017-10-16T22:21:33.000Z,0.00799999,0x43cd63658c71d88151d8bc878cfc82d06664945e,buy,0x94298f1e0ab2dfad6eeffb1426846a3c29d98090,0xf38cbbc41f2350c8aa73a7cd46f3d6c8e70ecf7ad53ec1daf24871ab62e08b96
84,50,0.3999995,0x50f06a6fe481eeafcf19c8adbbd9f2f7d312dcd8,2017-10-16T22:10:05.000Z,0.00799999,0x43cd63658c71d88151d8bc878cfc82d06664945e,buy,0x94298f1e0ab2dfad6eeffb1426846a3c29d98090,0x47d06eb3a69d102b1cf3a554c1f1760d170511a11d88940a3a8fa7e202a215da
85,60,0.4799994,0x50f06a6fe481eeafcf19c8adbbd9f2f7d312dcd8,2017-10-16T22:05:51.000Z,0.00799999,0x43cd63658c71d88151d8bc878cfc82d06664945e,buy,0x94298f1e0ab2dfad6eeffb1426846a3c29d98090,0x6234fe970164bf98adb30a36b76ce6a12c8e5db62227dc787cef5f3123795683
86,20,0.1599998,0x50f06a6fe481eeafcf19c8adbbd9f2f7d312dcd8,2017-10-16T21:59:55.000Z,0.00799999,0x43cd63658c71d88151d8bc878cfc82d06664945e,buy,0x94298f1e0ab2dfad6eeffb1426846a3c29d98090,0xfb5866339f91ae9b64d625ad923d3e4ce5eba4138c092e088d17d26c3c837897
87,56.044,0.3194508,0x5f73f6ebd274e371eb4614e10e50baefe46e8fa6,2017-10-15T18:57:16.000Z,0.0057,0x0e14dea2bbb1f49bfa42993a6ceb67f66fa87b90,sell,0x94298f1e0ab2dfad6eeffb1426846a3c29d98090,0xe505ac69711f483a56210a0820ad5a161247e4fc6191576e02372aeb9e98a338
88,197.34497289,1.085397350895,0x5f73f6ebd274e371eb4614e10e50baefe46e8fa6,2017-10-15T02:22:08.000Z,0.0055,0x5915ae2ca15831871fdc91459fa79fb8421159ee,sell,0x94298f1e0ab2dfad6eeffb1426846a3c29d98090,0x22b3ce31e83e31532e0bb27554bfdd85e14333775fc3d5e65de3b9489932e936
89,84.14094874,0.479603407818,0x5f73f6ebd274e371eb4614e10e50baefe46e8fa6,2017-10-13T21:58:57.000Z,0.0057,0x821bdd041a6a364cabd050d0ff0d9c61d8116c9a,sell,0x94298f1e0ab2dfad6eeffb1426846a3c29d98090,0xb36d677b49a017eff585943b5b71fcd2f83c9579eb69a370d444ddc6dea91ee1
90,59.81457481,0.340943076417,0x5f73f6ebd274e371eb4614e10e50baefe46e8fa6,2017-10-13T21:07:38.000Z,0.0057,0x8b695683f570f0aeb766bf88139f9373ebb9aa69,sell,0x94298f1e0ab2dfad6eeffb1426846a3c29d98090,0x02e52bd593fa8c46a0348675e217773f2793beba45b584b135e782199e753156
91,9.6,0.04512,0x3dee4a4e076e8d82859d241db0baf46f112cfa23,2017-10-13T07:48:02.000Z,0.0047,0xca0085fecd2d180dabf3b975e7e9591ae4b21276,sell,0x94298f1e0ab2dfad6eeffb1426846a3c29d98090,0x3889fe86ffb8e7a5563263115a0b286890ed45dd62c1b622dfefd6fdb38a5334
92,0.01858606,0.00007434424,0xa3d7dedda551204ccb03bd79aa87824cc453b8de,2017-10-12T22:22:18.000Z,0.004,0xfa4e68227b19e6150dc1cf2095658efc86951753,sell,0x94298f1e0ab2dfad6eeffb1426846a3c29d98090,0x533ddbd7537a04f4eb100f5958e6fb52606c5238ede4d678578d89c583332be3
93,186.43672014,0.74574688056,0xa3d7dedda551204ccb03bd79aa87824cc453b8de,2017-10-12T22:19:48.000Z,0.004,0xfa4e68227b19e6150dc1cf2095658efc86951753,sell,0x94298f1e0ab2dfad6eeffb1426846a3c29d98090,0x2b08bdf78e3a04f86420d57432e2a5428597458ae8cb73103a37e15c612ec4b3
94,1.64173083,0.00985038498,0x66c58939568f8ac1815faa4ed7592a22f633e2ca,2017-10-12T22:14:39.000Z,0.006,0xfa4e68227b19e6150dc1cf2095658efc86951753,sell,0x94298f1e0ab2dfad6eeffb1426846a3c29d98090,0x9ec10c9be0db92a6b8fb270d8ac300ea007cae661f0370d86b21784daffcfdbb
95,10,0.05,0x61b3b420cd544e64cdc4dc3cfca79108ee9022a0,2017-10-12T22:14:39.000Z,0.005,0xfa4e68227b19e6150dc1cf2095658efc86951753,sell,0x94298f1e0ab2dfad6eeffb1426846a3c29d98090,0x94532f4b426e78cb48548a6c21b61caefa820e7b45625a59ea7d4490a1fc6b0b
96,200,1.0002,0x3dee4a4e076e8d82859d241db0baf46f112cfa23,2017-10-12T22:14:39.000Z,0.005001,0xfa4e68227b19e6150dc1cf2095658efc86951753,sell,0x94298f1e0ab2dfad6eeffb1426846a3c29d98090,0xac5ef2ae372bfef94c43fa3b128558533173381bc73b5ef6d1d372e56941eea6
97,14,0.07,0x61b3b420cd544e64cdc4dc3cfca79108ee9022a0,2017-10-12T22:14:39.000Z,0.005,0xfa4e68227b19e6150dc1cf2095658efc86951753,sell,0x94298f1e0ab2dfad6eeffb1426846a3c29d98090,0x380eb6da92c2606968ba9a106d4350d20908d6252b7c45f499930387b31f31e3
98,0.6,0.004799994,0xbf52f67f8524587d6a7ab1f1f8d092c635b9587f,2017-10-10T22:37:43.000Z,0.00799999,0xaa5b3ab63764d439393f2024318fefb2c7859ed7,buy,0x94298f1e0ab2dfad6eeffb1426846a3c29d98090,0x5e67f7786d30154a0e5370572ace3570caf377ba1cd2c6d4688b99412edf3b5e
99,0.21418699,0.001627821124,0xbf52f67f8524587d6a7ab1f1f8d092c635b9587f,2017-10-10T22:23:59.000Z,0.0076,0x3dee4a4e076e8d82859d241db0baf46f112cfa23,buy,0x94298f1e0ab2dfad6eeffb1426846a3c29d98090,0x1fec5185e72b5476dd05efb4fdd2d783def27f81769a780c5708522fb70388e0
100,28,0.182308,0xbdbac6fe6b9f5bbb2e7e7f516f32ca34fae878c5,2017-10-10T01:37:40.000Z,0.006511,0x821bdd041a6a364cabd050d0ff0d9c61d8116c9a,sell,0x94298f1e0ab2dfad6eeffb1426846a3c29d98090,0xb5aa3f9d361466712ef3dae36ffc5a74b908c7e82b7fdb4096879f6fc17563dd
101,63.80221313,0.4090366263985613,0x3dee4a4e076e8d82859d241db0baf46f112cfa23,2017-10-09T14:31:48.000Z,0.00641101,0x2e1c049df8f9a74cdab35b771c33b85a5be21df6,sell,0x94298f1e0ab2dfad6eeffb1426846a3c29d98090,0x6d7b994197bd7d4e917ba99b738e65d14e2789ae76b4bf1160032d62353ab0f0
102,20.19166164,0.1314477172764,0xbdbac6fe6b9f5bbb2e7e7f516f32ca34fae878c5,2017-10-09T01:05:08.000Z,0.00651,0x51aefa5e5b31e0416490a6f647efcb1a3af94c74,sell,0x94298f1e0ab2dfad6eeffb1426846a3c29d98090,0x5f13969d8d2f00f7c079244c41535534e284e3d95b4cca7a1bdb0bc7baae78dd
103,13.158,0.1000008,0xbdbac6fe6b9f5bbb2e7e7f516f32ca34fae878c5,2017-10-08T19:48:12.000Z,0.0076,0x3dee4a4e076e8d82859d241db0baf46f112cfa23,buy,0x94298f1e0ab2dfad6eeffb1426846a3c29d98090,0xa2d7dbe500ba535fdcb77f64de4a2e69af146ba81c91db31ca3e65683290a61a
104,97.23928786,0.62340107447046,0x8dbc04433b09e2b4e514f9fa531dde469f2c00bd,2017-10-07T22:53:46.000Z,0.006411,0x5e2f52d6739d5ac9ba2992d637be98766462ffa9,sell,0x94298f1e0ab2dfad6eeffb1426846a3c29d98090,0xe6dae2e8a50902bddd785d0671f951a5ec14ba21051959ebd1f24c95c93941d7
105,25.564,0.1638933604,0x3dee4a4e076e8d82859d241db0baf46f112cfa23,2017-10-07T22:51:40.000Z,0.0064111,0x5e2f52d6739d5ac9ba2992d637be98766462ffa9,sell,0x94298f1e0ab2dfad6eeffb1426846a3c29d98090,0xc46c9766af57b626c5b5ce5ba4ae529139efcbd0cdde02dd8c3eddd5a105c46f
106,1,0.00666,0x241086ee31e3cbd05280d167f85545bb04ee3473,2017-10-07T22:50:52.000Z,0.00666,0x5e2f52d6739d5ac9ba2992d637be98766462ffa9,sell,0x94298f1e0ab2dfad6eeffb1426846a3c29d98090,0x740782ea1eadbcb1a1aae24020892a2a958a9b233273b595ba01a62ac67997de
107,2.415,0.0166635,0x5d5065b42bdee0274e394ba9042c21e1818c69cf,2017-10-07T22:46:24.000Z,0.0069,0x5e2f52d6739d5ac9ba2992d637be98766462ffa9,sell,0x94298f1e0ab2dfad6eeffb1426846a3c29d98090,0xfd0be87f782980d5daf0bd775b128cd750d2b38269c329b612be460916b3a4ed
108,10,0.07,0x7cb0d6dc2265be0f39bccf6e626344373379bee0,2017-10-07T22:46:24.000Z,0.007,0x5e2f52d6739d5ac9ba2992d637be98766462ffa9,sell,0x94298f1e0ab2dfad6eeffb1426846a3c29d98090,0xf4aa0ccd7021bc2f40d93b53706d181a600e60c5b1e86a78111d41130d44a4e9
109,10,0.071,0x7cb0d6dc2265be0f39bccf6e626344373379bee0,2017-10-07T17:36:17.000Z,0.0071,0x5e2f52d6739d5ac9ba2992d637be98766462ffa9,sell,0x94298f1e0ab2dfad6eeffb1426846a3c29d98090,0x0d00dc6bf6fb9307fc191dc2bf03dd30fec9d3fa0ddda1f899e07133146de897
110,74.43591532,0.477216096708052,0x3dee4a4e076e8d82859d241db0baf46f112cfa23,2017-10-07T14:29:39.000Z,0.0064111,0x6079ca4a2d8a1b5d2a31b482ee9e5eb6ccfec368,sell,0x94298f1e0ab2dfad6eeffb1426846a3c29d98090,0x3698890fb2e66575e9af200c76ca3b6a52e808fb610d81d307267dc742b2ac1c
111,1.326,0.010608,0xbdbac6fe6b9f5bbb2e7e7f516f32ca34fae878c5,2017-10-06T05:21:23.000Z,0.008,0x5e571eec848ced41faca7ab20be4169c69baa17d,buy,0x94298f1e0ab2dfad6eeffb1426846a3c29d98090,0x180de76b6e5cd5319a9e66383025634ec2983faef68a72ea9fc56c3b678c4e7c
112,89,0.570579,0x8dbc04433b09e2b4e514f9fa531dde469f2c00bd,2017-10-06T02:27:38.000Z,0.006411,0x5e571eec848ced41faca7ab20be4169c69baa17d,sell,0x94298f1e0ab2dfad6eeffb1426846a3c29d98090,0xd94c9c5635b53463938856ef821b4236186945e12131ece113259d3e2c126bef
113,19.34858933,0.1538212851735,0xd3e57a594ad8fb2491450f9c7a507e4d3cd4c1da,2017-10-06T02:25:37.000Z,0.00795,0x5e571eec848ced41faca7ab20be4169c69baa17d,sell,0x94298f1e0ab2dfad6eeffb1426846a3c29d98090,0x9e8246e2198060034d2e085aa5d961101490a02db9cac36333cd4a74066375d7
114,23.35024429,0.1856344421055,0xd3e57a594ad8fb2491450f9c7a507e4d3cd4c1da,2017-10-05T20:15:53.000Z,0.00795,0x5b345628c40a42bb7baeec062508cc43144f2377,sell,0x94298f1e0ab2dfad6eeffb1426846a3c29d98090,0x54ef555bb8d14be4e9bd2024e5b920cb57eb32f45c917599c8b770f4c00a1ba1
115,20,0.18,0x7cb0d6dc2265be0f39bccf6e626344373379bee0,2017-10-05T17:25:25.000Z,0.009,0x38d9bec40f0f057a4556572d552bda88a1009504,sell,0x94298f1e0ab2dfad6eeffb1426846a3c29d98090,0xb3be3ee773cb06dc6b6e5525ec76f8c226b0c9ef401c7adefc0950aefb99da93
116,46.17033941,0.6925550912172266,0x341351a485851b281237fc34e5f30dc0acbff296,2017-10-05T13:30:44.000Z,0.015000000001456055,0xd8745385e42e8efd9503a1ee44dcc1b8b1cd542a,buy,0x94298f1e0ab2dfad6eeffb1426846a3c29d98090,0x86834dfd05505aaff7ccd869382e85d9a5e18f59ad4622d7947046043f8ae02e
117,9.30116638,0.073944272721,0xd3e57a594ad8fb2491450f9c7a507e4d3cd4c1da,2017-10-05T05:56:03.000Z,0.00795,0xcd8e71a93b3cc8417c0dff1ed66d876abba7f9ef,sell,0x94298f1e0ab2dfad6eeffb1426846a3c29d98090,0x140c63450cb426ca6c4c04b044b71e1ab27bc2c82f16a6efca0f41bed404716c
118,37.598,0.2669458,0xbdbac6fe6b9f5bbb2e7e7f516f32ca34fae878c5,2017-10-04T05:18:45.000Z,0.0071,0x05cbb4ca270c9eef60381a7615f8d63f312471c2,buy,0x94298f1e0ab2dfad6eeffb1426846a3c29d98090,0x0416e1eed675d4a75387061bf27776bcf450605cee2ee09c2fe9f5df2071395c
119,68.10755319,0.429077585097,0x1704d4a11bad67b73dc3f6c3cb0e8915d0284e5b,2017-10-03T15:16:21.000Z,0.0063,0x826db6faa6512426ea39688faf6fd6fee3e70e88,sell,0x94298f1e0ab2dfad6eeffb1426846a3c29d98090,0x5ec017ccef7968df2d8c5de1de8febc47452c4918902d68caf081c3a9d71e21a
120,106.98683508,0.684715744512,0x1704d4a11bad67b73dc3f6c3cb0e8915d0284e5b,2017-10-03T15:09:16.000Z,0.0064,0x826db6faa6512426ea39688faf6fd6fee3e70e88,sell,0x94298f1e0ab2dfad6eeffb1426846a3c29d98090,0x1c29d1183e81375bd341e45c361bf9c0120736c09ec7a1b58ef2c359d55f42d3
121,110,0.7040011,0x3dee4a4e076e8d82859d241db0baf46f112cfa23,2017-10-03T15:09:16.000Z,0.00640001,0x826db6faa6512426ea39688faf6fd6fee3e70e88,sell,0x94298f1e0ab2dfad6eeffb1426846a3c29d98090,0xe82b1fcddb200512e99752c152ea09a3c643b02b43a1a8cb3f706634b2a58776
122,40,0.2600396,0xaa5b3ab63764d439393f2024318fefb2c7859ed7,2017-10-03T15:09:16.000Z,0.00650099,0x826db6faa6512426ea39688faf6fd6fee3e70e88,sell,0x94298f1e0ab2dfad6eeffb1426846a3c29d98090,0x81809b30950aeeaa10180bdaf7b34d9bbac14c3e9b410af409426e76193668fc
123,40,0.260422,0xaa5b3ab63764d439393f2024318fefb2c7859ed7,2017-10-03T15:08:55.000Z,0.00651055,0x826db6faa6512426ea39688faf6fd6fee3e70e88,sell,0x94298f1e0ab2dfad6eeffb1426846a3c29d98090,0x0fdc893c9d251ec8bbc754b500379a3abea8f1091949b8666b7ac05151cf9c78
124,43.01316492,0.275284255488,0x1704d4a11bad67b73dc3f6c3cb0e8915d0284e5b,2017-10-02T08:27:17.000Z,0.0064,0x5bc947356b9a75fdcb92f3eb550682941aca376b,sell,0x94298f1e0ab2dfad6eeffb1426846a3c29d98090,0xf3ee035c7e83b56975a22e1831f6e139355a03b8a186fc14517877e63d7b66d9
125,74.5,0.487975,0x05ba2697951537fa3838ac15dad54dea4ff453ac,2017-10-02T07:43:48.000Z,0.00655,0x821bdd041a6a364cabd050d0ff0d9c61d8116c9a,sell,0x94298f1e0ab2dfad6eeffb1426846a3c29d98090,0x50914b6cdc44794d91f2ffaa7f3a795c79123f51b93b43f0b6f597c9f76e8dfb
126,85.7,0.5614207,0x0f4a4c045d5bf86326ac0b6911f272bc2b8ea871,2017-10-02T07:23:25.000Z,0.006551,0x821bdd041a6a364cabd050d0ff0d9c61d8116c9a,sell,0x94298f1e0ab2dfad6eeffb1426846a3c29d98090,0x66983aa3d6a93bea7c1cfefccd789d8a0453ee7255437d6458c8dadc316b53b7
127,80,0.5240008,0x3dee4a4e076e8d82859d241db0baf46f112cfa23,2017-10-01T22:57:33.000Z,0.00655001,0x821bdd041a6a364cabd050d0ff0d9c61d8116c9a,sell,0x94298f1e0ab2dfad6eeffb1426846a3c29d98090,0x055b35ae838655641bbd0885a7a4cb95a5b6134982f6a64a42d9d8e186c524fd
128,66.45399262,0.438596351292,0x0f4a4c045d5bf86326ac0b6911f272bc2b8ea871,2017-10-01T17:22:49.000Z,0.0066,0x366793b71fdf50d6214bf6f21059522777752093,sell,0x94298f1e0ab2dfad6eeffb1426846a3c29d98090,0xc39d8954da1aa51b3ca8cb8154ba0ebfe59aa8d745ea3122922b6185f56cf052
129,83.40186151,0.5921532167782095,0x8073b696cb06c15a4e5d5d5d967709ebe82cd219,2017-10-01T16:56:22.000Z,0.007100000000685951,0x05cbb4ca270c9eef60381a7615f8d63f312471c2,buy,0x94298f1e0ab2dfad6eeffb1426846a3c29d98090,0x7b27a19922e8c17f3b06144092b28f6f1dbac94f8bcff825ac998c5569c4ff7b
130,240,1.68,0x05ba2697951537fa3838ac15dad54dea4ff453ac,2017-10-01T14:19:02.000Z,0.007,0x826db6faa6512426ea39688faf6fd6fee3e70e88,sell,0x94298f1e0ab2dfad6eeffb1426846a3c29d98090,0x8b50cdc5c0580c0b6074e78056a81f1de095576dab439e100343c3fa5d70f7bb
131,57.7,0.40967,0xab17bc9c6440ca9df30293b5440494b58c311c54,2017-10-01T14:18:10.000Z,0.0071,0x826db6faa6512426ea39688faf6fd6fee3e70e88,sell,0x94298f1e0ab2dfad6eeffb1426846a3c29d98090,0xc4f743ea2034615395ffbf1db520db63f313fa3821d9fcc49de508b47ec56e65
132,249.111,1.7686881,0x826db6faa6512426ea39688faf6fd6fee3e70e88,2017-09-30T12:26:40.000Z,0.0071,0xc20064aff1268ca708531fed0380dbd6ce20d286,buy,0x94298f1e0ab2dfad6eeffb1426846a3c29d98090,0x50098b6ad444c0107dd49764e663f95596f0114dc96a45456f934f698a830b2a
133,200,1.42,0x3dee4a4e076e8d82859d241db0baf46f112cfa23,2017-09-30T12:20:37.000Z,0.0071,0xc20064aff1268ca708531fed0380dbd6ce20d286,buy,0x94298f1e0ab2dfad6eeffb1426846a3c29d98090,0x0933fda66b4162a89dcb399b2574dfcf112c3e03e79eb032bdd70d53deaa62f8
134,100,0.71,0x3dee4a4e076e8d82859d241db0baf46f112cfa23,2017-09-30T11:16:20.000Z,0.0071,0xc20064aff1268ca708531fed0380dbd6ce20d286,buy,0x94298f1e0ab2dfad6eeffb1426846a3c29d98090,0xe0c09e73ddd06e1d7469e1ddd5961ddc567236648f71d827c238612cac36a0ef
135,114.11302589,0.8102024838450553,0x826db6faa6512426ea39688faf6fd6fee3e70e88,2017-09-30T09:18:23.000Z,0.007100000000228329,0xc20064aff1268ca708531fed0380dbd6ce20d286,buy,0x94298f1e0ab2dfad6eeffb1426846a3c29d98090,0x64b47ee3938792d2dcbfdf4d9832b49059bb5a93d856e38f285aa2b441383d94
136,301.5655563,2.141115449749535,0x826db6faa6512426ea39688faf6fd6fee3e70e88,2017-09-30T09:04:40.000Z,0.007100000000064779,0xc20064aff1268ca708531fed0380dbd6ce20d286,buy,0x94298f1e0ab2dfad6eeffb1426846a3c29d98090,0xac1b28a937f490935e83390fc0a42e0ef9d5c039c1f371ff22d16ed7d869ccb4
137,140,0.994,0x24d528b8530db22c0949f28fbbbd3c1cce771633,2017-09-30T07:27:36.000Z,0.0071,0xc20064aff1268ca708531fed0380dbd6ce20d286,buy,0x94298f1e0ab2dfad6eeffb1426846a3c29d98090,0x3516925234cb907e9a04e33ccfd41bb89bf2cd9e105331f8b3c338d5fa16785b
138,140,0.994,0xf6fb7a4de4bf4bc746783abc63000b0148dac855,2017-09-29T23:10:45.000Z,0.0071,0xc20064aff1268ca708531fed0380dbd6ce20d286,buy,0x94298f1e0ab2dfad6eeffb1426846a3c29d98090,0x0956f2866daaccab3d1d35d36ad9bddf844544f66c2bb545bf8dd064db8ea4ba
139,500,3.55,0xe57c264547564baef87a5b7797d6b3f24919647f,2017-09-29T21:56:04.000Z,0.0071,0xc20064aff1268ca708531fed0380dbd6ce20d286,buy,0x94298f1e0ab2dfad6eeffb1426846a3c29d98090,0x98a77455500b10c647217ff67950aac92f6b25392bbff4101eb6e7ffee585850
140,0.2,0.00142,0xbf52f67f8524587d6a7ab1f1f8d092c635b9587f,2017-09-29T14:07:53.000Z,0.0071,0xc20064aff1268ca708531fed0380dbd6ce20d286,buy,0x94298f1e0ab2dfad6eeffb1426846a3c29d98090,0x74cf91e4e9706acc5747c5ab3e73de7433f16c002fe49110108c817c46da12a6
141,14,0.0994,0x9c0f53b0dd0f04f3de23f433a9e20ee89d30e522,2017-09-29T12:55:48.000Z,0.0071,0xc20064aff1268ca708531fed0380dbd6ce20d286,buy,0x94298f1e0ab2dfad6eeffb1426846a3c29d98090,0x899bff76c05a57685bad92ee33278758e9b087e1fcae78b9eb57775e24766a1f
142,924.25569497,6.562215434305032,0x722840e21328d0194554e112002d3bb100d16bde,2017-09-29T11:03:05.000Z,0.00710000000001951,0xc20064aff1268ca708531fed0380dbd6ce20d286,buy,0x94298f1e0ab2dfad6eeffb1426846a3c29d98090,0x8d7c867cc4dd4f443d4783b7bc2b537d538ce31f3e5f4da2633d98b3de3dadcc
143,702.0909959,4.984846070928874,0x010f7ec243bb5e7ed2b54cce49ca147e540e56fc,2017-09-29T09:38:38.000Z,0.007100000000055369,0xc20064aff1268ca708531fed0380dbd6ce20d286,buy,0x94298f1e0ab2dfad6eeffb1426846a3c29d98090,0x33a4a8b2e0f1956589b284c06cbd6308b128b0da815aa286cf025ab2364b7492
144,421.25880106,2.990937487537115,0x010f7ec243bb5e7ed2b54cce49ca147e540e56fc,2017-09-29T09:17:50.000Z,0.007100000000026385,0xc20064aff1268ca708531fed0380dbd6ce20d286,buy,0x94298f1e0ab2dfad6eeffb1426846a3c29d98090,0x3d57e6dad69705cd810ed3748f5256618b13bfef99ac1232e63648cb89ce4d4c
145,786.34105827,5.58302151377783,0x722840e21328d0194554e112002d3bb100d16bde,2017-09-29T07:45:52.000Z,0.007100000000077359,0xc20064aff1268ca708531fed0380dbd6ce20d286,buy,0x94298f1e0ab2dfad6eeffb1426846a3c29d98090,0xd2d649ecdacd4d53efa9ef69be310de0d53abc6673a4fd14bea0d019d3a39e3f
146,463.21193033,3.2888047054132192,0x722840e21328d0194554e112002d3bb100d16bde,2017-09-29T07:37:53.000Z,0.007100000000151592,0xc20064aff1268ca708531fed0380dbd6ce20d286,buy,0x94298f1e0ab2dfad6eeffb1426846a3c29d98090,0xf8679e2e44e9055366db742ff06f76a16ec8265cc4777adfe0345e013f5557cf
147,294.9207725,2.0939374847977636,0x010f7ec243bb5e7ed2b54cce49ca147e540e56fc,2017-09-29T06:40:13.000Z,0.007100000000161954,0xc20064aff1268ca708531fed0380dbd6ce20d286,buy,0x94298f1e0ab2dfad6eeffb1426846a3c29d98090,0xa182a6e7c875ed8cfe9f89490ec6a62ad24da80d182d2468f56d92d3cc60a7a4
148,603.79014174,4.286910006366585,0x010f7ec243bb5e7ed2b54cce49ca147e540e56fc,2017-09-29T06:11:29.000Z,0.007100000000020843,0xc20064aff1268ca708531fed0380dbd6ce20d286,buy,0x94298f1e0ab2dfad6eeffb1426846a3c29d98090,0xd4a375b0744da8b2f22860348fc65115f89f0f36844cc2c5560a4c2f8fd68a0d
149,280.8836427,1.9942738632145163,0x010f7ec243bb5e7ed2b54cce49ca147e540e56fc,2017-09-29T05:43:58.000Z,0.0071000000001584865,0xc20064aff1268ca708531fed0380dbd6ce20d286,buy,0x94298f1e0ab2dfad6eeffb1426846a3c29d98090,0x50f88b3331d614ba124243be9fb61e544baf6d7f3535ec0ae44a62d114a0e0f0
150,642.41153588,4.5611219048117855,0x010f7ec243bb5e7ed2b54cce49ca147e540e56fc,2017-09-29T05:40:04.000Z,0.007100000000099291,0xc20064aff1268ca708531fed0380dbd6ce20d286,buy,0x94298f1e0ab2dfad6eeffb1426846a3c29d98090,0x723113724cf9b688f94751267e4d325dcc682647f0ec0da790e0083a22cf3d9d
151,8.732,0.0619972,0xaa023e26c6b1373fd3313dd21fe918ca48e3f88b,2017-09-29T04:03:46.000Z,0.0071,0xc20064aff1268ca708531fed0380dbd6ce20d286,buy,0x94298f1e0ab2dfad6eeffb1426846a3c29d98090,0x2bc2f563fb4d78788bc49d6caabc074cd92da0bc6e5b9fa8744bba9d94af41c9
152,64,0.4544,0x2e1c049df8f9a74cdab35b771c33b85a5be21df6,2017-09-29T01:09:14.000Z,0.0071,0xc20064aff1268ca708531fed0380dbd6ce20d286,buy,0x94298f1e0ab2dfad6eeffb1426846a3c29d98090,0xad42e8922cddc60b34fb46fb4e22f358c261476ab6028759d4406371fc7af319
153,1,0.0099998,0x0249924245a19aa2d7f5ddb0739a7132b7d094ab,2017-09-28T16:45:17.000Z,0.0099998,0x6a257b9fbdfd9fc8a5c75dac4b385c5e926730c8,buy,0x94298f1e0ab2dfad6eeffb1426846a3c29d98090,0x39296f501203052a478ff80d8082cb955f7cc7e1b3203c0a3e6676be7d866e10
154,79.75276642,0.518400957006642,0x3dee4a4e076e8d82859d241db0baf46f112cfa23,2017-09-28T14:15:57.000Z,0.0065001,0x9b0871c0ec5b54f654506ee5329d71b02a2a7f27,sell,0x94298f1e0ab2dfad6eeffb1426846a3c29d98090,0xa70046f084fb12f66f7999fd137d3881c7d43eb850b14672e1cd09deda79d1c0
155,1,0.0071,0xa0be78d2bac6a692adba423c7af50ec86a18bddf,2017-09-28T13:05:18.000Z,0.0071,0xc20064aff1268ca708531fed0380dbd6ce20d286,buy,0x94298f1e0ab2dfad6eeffb1426846a3c29d98090,0x6d29262975a98946878b6d835b10b27d1ae1f74d362628c9456eb634463b21be
156,128,0.9088,0xf6fb7a4de4bf4bc746783abc63000b0148dac855,2017-09-28T10:01:50.000Z,0.0071,0xc20064aff1268ca708531fed0380dbd6ce20d286,buy,0x94298f1e0ab2dfad6eeffb1426846a3c29d98090,0x76bf265c0bd22b0d3e96fef87ff88b2fd6bd99d7cc69151647208ebb76c5677c
157,503.47542143,3.5746754921764263,0x84421ac0dd3e26fd9279bb52958d1919b8d0d28d,2017-09-28T00:54:22.000Z,0.007100000000046529,0xc20064aff1268ca708531fed0380dbd6ce20d286,buy,0x94298f1e0ab2dfad6eeffb1426846a3c29d98090,0xbd977b5731829d7f457d8284c708e5bf5ca3bdfc1ff85bf729f934d7a5572235
158,88.49300873,0.6283003620503288,0x1a6b3ff9c17ba22980281cf2a5fa829b994bbd20,2017-09-28T00:53:29.000Z,0.007100000000760838,0xc20064aff1268ca708531fed0380dbd6ce20d286,buy,0x94298f1e0ab2dfad6eeffb1426846a3c29d98090,0x956599eade35f4ae1c66875e70e197789968ae75c51a5bde2a3d216fa9fd5389
159,209.014,1.4839994,0x39b421eaf279c35f69afb85c8762d1d7a3511c98,2017-09-28T00:40:01.000Z,0.0071,0xc20064aff1268ca708531fed0380dbd6ce20d286,buy,0x94298f1e0ab2dfad6eeffb1426846a3c29d98090,0xb5b7bd9f4f5d865e53b84d8fc56e0fbea9c16f9e2e214023dfad89ed4e1f43e0
160,10,0.071,0xf3b988cf5150a42084803e02bf1f69fd0b52e5a3,2017-09-27T23:09:02.000Z,0.0071,0xc20064aff1268ca708531fed0380dbd6ce20d286,buy,0x94298f1e0ab2dfad6eeffb1426846a3c29d98090,0xd8743d715f6bbd207d688e329ebd8167abb40f7e2697e0c3403497069e60cc95
161,116,0.8236,0xf6fb7a4de4bf4bc746783abc63000b0148dac855,2017-09-27T22:47:11.000Z,0.0071,0xc20064aff1268ca708531fed0380dbd6ce20d286,buy,0x94298f1e0ab2dfad6eeffb1426846a3c29d98090,0x3cbf153221ca8f404a725bb231eb162cf27f79e03d3e343a4608f9c688d9e0bb
162,109,0.7739,0xf6fb7a4de4bf4bc746783abc63000b0148dac855,2017-09-27T21:51:00.000Z,0.0071,0xc20064aff1268ca708531fed0380dbd6ce20d286,buy,0x94298f1e0ab2dfad6eeffb1426846a3c29d98090,0xa32d233fd11a7c0c444733dce83884308abe8008018627c169ec58b05034c8ad
163,267.05943968,1.896122021732629,0x84421ac0dd3e26fd9279bb52958d1919b8d0d28d,2017-09-27T19:39:23.000Z,0.007100000000017333,0xc20064aff1268ca708531fed0380dbd6ce20d286,buy,0x94298f1e0ab2dfad6eeffb1426846a3c29d98090,0x0e7980f3a678da5101895a656bc9de7478df89ef097886690df74cb629db41de
164,68.23,0.484433,0xf732b16f5aee6cd2db5b30a7a3860764a48b19ff,2017-09-27T19:06:11.000Z,0.0071,0xc20064aff1268ca708531fed0380dbd6ce20d286,buy,0x94298f1e0ab2dfad6eeffb1426846a3c29d98090,0x17c194a5763d387705850e41611a13dc9c839208d24fa7e2d09614a0a3b21860
165,682.22767528,4.843816494549381,0x5aadbb2fa7788d4dc2665493f1b99c45d21ac697,2017-09-27T18:54:13.000Z,0.007100000000089972,0xc20064aff1268ca708531fed0380dbd6ce20d286,buy,0x94298f1e0ab2dfad6eeffb1426846a3c29d98090,0xb33bbd7725a9f080922947cd5c9d181984b76cc1758d5791811099aa9586c457
166,21.429,0.150003,0x5aadbb2fa7788d4dc2665493f1b99c45d21ac697,2017-09-27T18:52:51.000Z,0.007,0x48b68b6c7cf4508410d548a3d4c09af7b991d18f,buy,0x94298f1e0ab2dfad6eeffb1426846a3c29d98090,0xa35b47d0cff87a08780984a34ce01ecdaa335c1c438938dcae59a9c48f2d28f2
167,224.70930432,1.5954360607375522,0x39b421eaf279c35f69afb85c8762d1d7a3511c98,2017-09-27T17:58:18.000Z,0.00710000000029172,0xc20064aff1268ca708531fed0380dbd6ce20d286,buy,0x94298f1e0ab2dfad6eeffb1426846a3c29d98090,0xcdd864219478e58959282cb7126c39a4b1e127ecf5a318379aa0f770950445bd
168,224.70930432,1.5954360607375522,0x39b421eaf279c35f69afb85c8762d1d7a3511c98,2017-09-27T17:58:03.000Z,0.00710000000029172,0xc20064aff1268ca708531fed0380dbd6ce20d286,buy,0x94298f1e0ab2dfad6eeffb1426846a3c29d98090,0xcdd864219478e58959282cb7126c39a4b1e127ecf5a318379aa0f770950445bd
169,28.571,0.199997,0xd02e4dfb47555722c26724ff05597ef74830c54c,2017-09-27T17:01:30.000Z,0.007,0x48b68b6c7cf4508410d548a3d4c09af7b991d18f,buy,0x94298f1e0ab2dfad6eeffb1426846a3c29d98090,0xc82540889785155f6756502b561a263dfda728090d4cb9b32a670446708c8b4b
170,104,0.7384,0xf6fb7a4de4bf4bc746783abc63000b0148dac855,2017-09-27T16:10:43.000Z,0.0071,0xc20064aff1268ca708531fed0380dbd6ce20d286,buy,0x94298f1e0ab2dfad6eeffb1426846a3c29d98090,0xa4f067affd95bbd6a9f6725f62e17628b9f6da19a617ecf829d3425887076591
171,100,0.7,0xf6fb7a4de4bf4bc746783abc63000b0148dac855,2017-09-27T15:32:11.000Z,0.007,0x48b68b6c7cf4508410d548a3d4c09af7b991d18f,buy,0x94298f1e0ab2dfad6eeffb1426846a3c29d98090,0x937be7272740ae884eda89735ee137c97e0254be690326109f8259adcaa8c0d9
172,537.90496596,3.819125258386882,0x39b421eaf279c35f69afb85c8762d1d7a3511c98,2017-09-27T12:34:48.000Z,0.007100000000131774,0xc20064aff1268ca708531fed0380dbd6ce20d286,buy,0x94298f1e0ab2dfad6eeffb1426846a3c29d98090,0x7d93bd3854490488dc94446e4cefc2196c57a06603007042a629e5375b4a42d0
173,5.05729212,0.03242229978132,0x3dee4a4e076e8d82859d241db0baf46f112cfa23,2017-09-25T06:33:47.000Z,0.006411,0x5bc947356b9a75fdcb92f3eb550682941aca376b,sell,0x94298f1e0ab2dfad6eeffb1426846a3c29d98090,0xbcdf278e4e59571c0abdbe28a4f6e44e2b173e27d2da72e49c3ce42fd43771fb
174,0.0500005,0.0005,0xe5a759eb3e214ff0a2bbbea31acc41c9bf27b239,2017-09-25T00:19:33.000Z,0.00999990000099999,0xa5c47c2500996a6aa03fa50a9550996d51c05813,buy,0x94298f1e0ab2dfad6eeffb1426846a3c29d98090,0x5f058583940532dbe03fb0b67211e4f302857bbd90ad927c88e56980dcc6fb15
175,0.0500005,0.0005,0x160506e5a5ce5dadd43623689f53d5aa1f288f0f,2017-09-25T00:10:08.000Z,0.00999990000099999,0xa5c47c2500996a6aa03fa50a9550996d51c05813,buy,0x94298f1e0ab2dfad6eeffb1426846a3c29d98090,0xbaf9a25f724758fc6d11967d39e7fb885a1825f7aa77268c6f00149940afd306
176,0.03597122,0.0005,0xc22f5ab4f1591613a92b4d172cc7f4e4a5af58cd,2017-09-23T23:28:20.000Z,0.013900001167600097,0xa5c47c2500996a6aa03fa50a9550996d51c05813,buy,0x94298f1e0ab2dfad6eeffb1426846a3c29d98090,0x8b7f44716f8d12895eff5dd09a5c02e0a37dd935450c6acd073f7b9a4039bd87
177,0.03597122,0.0005,0x452b06f1c61cff4c9bebaa405319a7c3b12553a2,2017-09-23T23:28:20.000Z,0.013900001167600097,0xa5c47c2500996a6aa03fa50a9550996d51c05813,buy,0x94298f1e0ab2dfad6eeffb1426846a3c29d98090,0xd5dc59c90fe3567da1817fa9c4e8cb161fc4d8d92856b2544713e3263e5e1a6e
178,0.03597122,0.0005,0x2ba19ec4bcd5ae8de66b110bde5ebf41092bd02f,2017-09-23T19:18:58.000Z,0.013900001167600097,0xa5c47c2500996a6aa03fa50a9550996d51c05813,buy,0x94298f1e0ab2dfad6eeffb1426846a3c29d98090,0x61088966962129a97f9d6ba26063e0deb240ab33b456b102197d79d3c05a3b8c
179,0.03571428,0.0005,0x18a902dc44442205b4ba2b1dc038e67506d22c55,2017-09-23T16:25:33.000Z,0.014000002240000359,0xab17bc9c6440ca9df30293b5440494b58c311c54,buy,0x94298f1e0ab2dfad6eeffb1426846a3c29d98090,0x980b021cb315f012c8e0d473e8b973b9a51d8d7bbd316d846704850bee7d0753
180,0.03571428,0.0005,0xd868b838b5de79f1e540b5d83c9e9a3d0b3810cd,2017-09-23T16:23:28.000Z,0.014000002240000359,0xab17bc9c6440ca9df30293b5440494b58c311c54,buy,0x94298f1e0ab2dfad6eeffb1426846a3c29d98090,0x1bbc9f040fb08f4a23b4b38ae19adcb1b668c63358a22099587ace72e0f8b766
181,73.85684378,0.51699790646,0xab17bc9c6440ca9df30293b5440494b58c311c54,2017-09-23T14:32:07.000Z,0.007,0x821bdd041a6a364cabd050d0ff0d9c61d8116c9a,sell,0x94298f1e0ab2dfad6eeffb1426846a3c29d98090,0x501dcc2a69ee329f30fa9a15eef1f4241b322a43a961fb6c4cfff1149e76dcf2
182,0.05,0.0007,0x636d925f140f761f7a0e600db2177dd068ddada1,2017-09-23T11:20:33.000Z,0.014,0xab17bc9c6440ca9df30293b5440494b58c311c54,buy,0x94298f1e0ab2dfad6eeffb1426846a3c29d98090,0x34aed811d759d38ae1de89cb03003845c17cf3927ad41845d7b5dcd0ba060242
183,81.7,0.5719,0xab17bc9c6440ca9df30293b5440494b58c311c54,2017-09-23T00:13:21.000Z,0.007,0x821bdd041a6a364cabd050d0ff0d9c61d8116c9a,sell,0x94298f1e0ab2dfad6eeffb1426846a3c29d98090,0x7f80ace13c0e2b8c805798ce4c1761579ea8c9d0075d0ac93d3783f0dd382612
184,0.03333333,0.0005,0x999dbc9673afdd6b6c140c261297f89de35ff1b3,2017-09-22T06:06:53.000Z,0.01500000150000015,0xa5c47c2500996a6aa03fa50a9550996d51c05813,buy,0x94298f1e0ab2dfad6eeffb1426846a3c29d98090,0x33b455f0667ed7bfd5b234b3f1329a299536e97318cde5fe7deb5f9316d840c8
185,0.03333333,0.0005,0x999dbc9673afdd6b6c140c261297f89de35ff1b3,2017-09-22T05:33:02.000Z,0.01500000150000015,0xa5c47c2500996a6aa03fa50a9550996d51c05813,buy,0x94298f1e0ab2dfad6eeffb1426846a3c29d98090,0x8023b8ad543a48aaaa7b9407ee44cbd6a92c594ddfcf31340f30ce334ff36a43
186,0.03333333,0.0005,0x8612d2a48328bbf318b856ed0daaa4a7034383d0,2017-09-22T05:23:58.000Z,0.01500000150000015,0xa5c47c2500996a6aa03fa50a9550996d51c05813,buy,0x94298f1e0ab2dfad6eeffb1426846a3c29d98090,0x2d109b2529b1825d43ded7d9dbd4fda81983d2fe86c52ef6388fcdae827441a6
187,0.03333333,0.0005,0x10c12555236fa11fc988be565ab70c82a4660ecf,2017-09-22T05:17:54.000Z,0.01500000150000015,0xa5c47c2500996a6aa03fa50a9550996d51c05813,buy,0x94298f1e0ab2dfad6eeffb1426846a3c29d98090,0x05438c0fdbc62b05ee642ac12c392edba18a9e1cc5c36eac645b18ef0a799207
188,0.067,0.001005,0x19b78488b79c6a45d4e060f05a2b35c4873f25c5,2017-09-22T05:13:36.000Z,0.015,0xa5c47c2500996a6aa03fa50a9550996d51c05813,buy,0x94298f1e0ab2dfad6eeffb1426846a3c29d98090,0xabf5f94326c933663f5ef3b71b48e260f0b1e85703ce902106beba9900cb92d3
189,0.03333333,0.0005,0x8f28b1970e72adb11173044ebc762800e3128238,2017-09-22T05:08:25.000Z,0.01500000150000015,0xa5c47c2500996a6aa03fa50a9550996d51c05813,buy,0x94298f1e0ab2dfad6eeffb1426846a3c29d98090,0xe8fd4eb6f1a2ea66fc38b338a6c4f37f7e1ec6f5d4d17935d89d9d2ab7d53934
190,0.03333333,0.0005,0x7ed2114439b24152cf18c02c10cae681a7ca2adc,2017-09-22T05:05:59.000Z,0.01500000150000015,0xa5c47c2500996a6aa03fa50a9550996d51c05813,buy,0x94298f1e0ab2dfad6eeffb1426846a3c29d98090,0xd0ffaab8e02063162099659cacd5b5f1d6000e09a26d4130a1f5665afb1685d7
191,0.03333333,0.0005,0x03dd03643b71b06642179afb38211c0f45699bc5,2017-09-22T04:56:56.000Z,0.01500000150000015,0xa5c47c2500996a6aa03fa50a9550996d51c05813,buy,0x94298f1e0ab2dfad6eeffb1426846a3c29d98090,0x69861a55c447bc567f480a77ed2ffc01e20b9a1807d74716dd8ea9d106d8dffa
192,9.38291296,0.0703718472,0x50f06a6fe481eeafcf19c8adbbd9f2f7d312dcd8,2017-09-21T09:39:48.000Z,0.0075,0xeddf1956593ec725a0964401d291f4250463abaf,sell,0x94298f1e0ab2dfad6eeffb1426846a3c29d98090,0xb253fe7f23a3a35af5448fb6fe137eaf8639ef8b968233c75a925051e16f35ee
193,0.03335557,0.0005,0x42c24a83bded723edfdf5883bc7efb30bc1a1bf3,2017-09-20T10:53:08.000Z,0.014990000170886001,0x51aefa5e5b31e0416490a6f647efcb1a3af94c74,buy,0x94298f1e0ab2dfad6eeffb1426846a3c29d98090,0x0d7cce9888a068f2ca5207672fa8388c95534ba8b8b7fafd84931dc9bcac5470
194,0.046,0.000345,0x50f06a6fe481eeafcf19c8adbbd9f2f7d312dcd8,2017-09-19T19:48:06.000Z,0.0075,0x8b24d80c6dd6e1af5a000e03ca8f00886a05f6f5,sell,0x94298f1e0ab2dfad6eeffb1426846a3c29d98090,0x79c70b28bf487585e2a10769c69f892e6b297378d95f1c4c87254551ce280228
195,0.055,0.0004125,0x50f06a6fe481eeafcf19c8adbbd9f2f7d312dcd8,2017-09-19T18:45:07.000Z,0.0075,0x64b604630e055318093215b7ed41697ca4fb5de6,sell,0x94298f1e0ab2dfad6eeffb1426846a3c29d98090,0xc560522eaab33e6e6b6d077ad88642aae365e3fea3afbeef4ef7a38c8aa98233
196,0.046,0.000345,0x50f06a6fe481eeafcf19c8adbbd9f2f7d312dcd8,2017-09-19T14:58:32.000Z,0.0075,0x4c2fb430e95954bcfa54ce4741a9fc2ff6e415ad,sell,0x94298f1e0ab2dfad6eeffb1426846a3c29d98090,0x81420f581c70ae1210e27a0fdcc47a1809420d2800d920323f367b72a8eef565
197,21.3197089,0.15989781675,0x50f06a6fe481eeafcf19c8adbbd9f2f7d312dcd8,2017-09-19T10:12:22.000Z,0.0075,0xa2a8d1ef43a942c98a583c3aef3854b6dcf9fc75,sell,0x94298f1e0ab2dfad6eeffb1426846a3c29d98090,0x2d3b1824b856098ba4b17011fe6619c0f161f22319558bac574bc388c4a2364c
198,75.68,0.60544,0xd3e28313346b024f0106fee40b47f7870808abb6,2017-09-18T10:06:14.000Z,0.008,0x4010168b8122d4b761bd8d42592ebf0fd3b791ca,sell,0x94298f1e0ab2dfad6eeffb1426846a3c29d98090,0xcde2d06912065372fcac4e6e604d16e5dc14a53b0f8133e2ca2ed81d92f218a1
199,6,0.048,0xd3e28313346b024f0106fee40b47f7870808abb6,2017-09-18T08:10:37.000Z,0.008,0xdb532c361345611c1aca94f4ace8a846f8262709,sell,0x94298f1e0ab2dfad6eeffb1426846a3c29d98090,0x8ff30e7056ab04318b6be9744037ec4293241bd0645081be4e868fe4807c03fd
200,0.75573297,0.006574876839,0x2b0416e24e78caf64c7d67c2a5e38388a8a69bce,2017-09-18T07:25:15.000Z,0.0087,0xdb532c361345611c1aca94f4ace8a846f8262709,sell,0x94298f1e0ab2dfad6eeffb1426846a3c29d98090,0x256e95f230610b8dde2471a82cddeb10edbb332aac39e0ed63f43ca508fb34f7
201,2.5,0.022,0xab17bc9c6440ca9df30293b5440494b58c311c54,2017-09-18T07:18:38.000Z,0.0088,0xdb532c361345611c1aca94f4ace8a846f8262709,sell,0x94298f1e0ab2dfad6eeffb1426846a3c29d98090,0xe3a7cedadc05347885b4626b20fbed02cf67bf07c831b8866c9854e846bebda0
202,77.2,0.6176,0xd3e28313346b024f0106fee40b47f7870808abb6,2017-09-17T20:35:07.000Z,0.008,0x821bdd041a6a364cabd050d0ff0d9c61d8116c9a,sell,0x94298f1e0ab2dfad6eeffb1426846a3c29d98090,0xa06a71dcc7e43517afaaec4312743c452c3d61bd78e565dbaf2281dd46e94cbb
203,24.13219021,0.19305752168,0xd3e28313346b024f0106fee40b47f7870808abb6,2017-09-17T20:32:10.000Z,0.008,0xe5712d1dff0f400f3e9f13c15d74326396fc635b,sell,0x94298f1e0ab2dfad6eeffb1426846a3c29d98090,0xa715ef00b1cf6fe31b48247af4b5f1730488b61feb5300e6fb60a09a99d95338
204,12.5,0.11,0xab17bc9c6440ca9df30293b5440494b58c311c54,2017-09-17T20:27:42.000Z,0.0088,0x821bdd041a6a364cabd050d0ff0d9c61d8116c9a,sell,0x94298f1e0ab2dfad6eeffb1426846a3c29d98090,0x04eaa058e0da89b23eb05f408c5b30a6631c8a26dd34833160379ba65ee69da8
205,116.98733924,0.93589871392,0xd3e28313346b024f0106fee40b47f7870808abb6,2017-09-17T13:03:03.000Z,0.008,0xc05d64842094bc1fc577399724ca3f1f588070b2,sell,0x94298f1e0ab2dfad6eeffb1426846a3c29d98090,0x2b9f1d737883a440a980e33096e109f7c15bd198113c1dc422b3af410314a894
206,0.00171893,0.000014954691,0x2b0416e24e78caf64c7d67c2a5e38388a8a69bce,2017-09-16T22:32:43.000Z,0.0087,0x39b421eaf279c35f69afb85c8762d1d7a3511c98,sell,0x94298f1e0ab2dfad6eeffb1426846a3c29d98090,0x92743f717641994f9578f84d95859e8280baf4e7d4795a66cb8261fc9842fbbc
207,0.03133696,0.0005,0x0f657c396dfcd6c59bb82b89fc3adbe5f90ce153,2017-09-16T15:51:33.000Z,0.01595560003267707,0x51aefa5e5b31e0416490a6f647efcb1a3af94c74,buy,0x94298f1e0ab2dfad6eeffb1426846a3c29d98090,0xacf1acd49299dd76e59c33e4bb1958c7e39528f46d63ee7f853f4f4becf999fa
208,0.03133696,0.0005,0x1f8ac99600c61189d92c85cc760735b9e0067a60,2017-09-16T15:46:19.000Z,0.01595560003267707,0x51aefa5e5b31e0416490a6f647efcb1a3af94c74,buy,0x94298f1e0ab2dfad6eeffb1426846a3c29d98090,0x617aca2c67f7d38d6d551e2bdb35cba378b9073ef877d7b98b0c0e05051ec57a
209,17.2425481,0.15001016847,0x2b0416e24e78caf64c7d67c2a5e38388a8a69bce,2017-09-16T14:52:59.000Z,0.0087,0x39b421eaf279c35f69afb85c8762d1d7a3511c98,sell,0x94298f1e0ab2dfad6eeffb1426846a3c29d98090,0x8d9e52e0f0b89d6b1b4f93c764049acd41b0dbcd16e607a9f35d07b694f8c36a
210,18,0.1566,0x2b0416e24e78caf64c7d67c2a5e38388a8a69bce,2017-09-16T14:48:31.000Z,0.0087,0x39b421eaf279c35f69afb85c8762d1d7a3511c98,sell,0x94298f1e0ab2dfad6eeffb1426846a3c29d98090,0x35cb9fb42f53af8c8c3aed6a0d426d2b8ccf15c7716bf7dc0cb88b7c0bfbc3cc
211,190,1.71,0xd3e28313346b024f0106fee40b47f7870808abb6,2017-09-15T10:51:00.000Z,0.009,0xed79278dfa5eb708d7c00d5fbc4c10d646fde784,sell,0x94298f1e0ab2dfad6eeffb1426846a3c29d98090,0xeebb097e492bc81b5b7390eb67d66705736143e26dc14db4dbed2a15be191616
212,0.04716981,0.0005,0x8b24d80c6dd6e1af5a000e03ca8f00886a05f6f5,2017-09-15T04:22:56.000Z,0.010600000296800008,0xed79278dfa5eb708d7c00d5fbc4c10d646fde784,buy,0x94298f1e0ab2dfad6eeffb1426846a3c29d98090,0x13e0f5b35eac03499dc81015644ffca96b2a46c08fb399349490d8eadc3880a8
213,29.373,0.3142881627,0xc0f89a9ee9f4374f0fbc551a695669d67e213f98,2017-09-14T00:36:28.000Z,0.0106999,0xfd7997b32e69e101e1035d0d7530df1a79edf807,buy,0x94298f1e0ab2dfad6eeffb1426846a3c29d98090,0x70cb37e98ea0acffedb8672874db0830088a9815d7b555c072917d985ef75be1
214,14.952,0.1569775407407592,0xc0f89a9ee9f4374f0fbc551a695669d67e213f98,2017-09-14T00:35:54.000Z,0.0104987654321,0x672ecc24c68d4efb455c3524bfd0885aab32f912,buy,0x94298f1e0ab2dfad6eeffb1426846a3c29d98090,0xb094f1d686c0902e6479e17dbf3d1de48ed327517d8153b03eb4d65ac55779bd
215,0.04762464,0.0005,0x4c2fb430e95954bcfa54ce4741a9fc2ff6e415ad,2017-09-13T21:15:59.000Z,0.010498767024800607,0x672ecc24c68d4efb455c3524bfd0885aab32f912,buy,0x94298f1e0ab2dfad6eeffb1426846a3c29d98090,0x409a2021ad29dba965ecf3f3bd04c9d8c0568aadca84bebac4dce0b17911585e
216,8,0.06400008,0x68e2355023d13c4591754f967270e66140ceffed,2017-09-13T15:13:07.000Z,0.00800001,0x1704d4a11bad67b73dc3f6c3cb0e8915d0284e5b,sell,0x94298f1e0ab2dfad6eeffb1426846a3c29d98090,0xaabdd83645050e1adfdeeaae5a60414ee2541cff3a92457c44cb64b31505e573
217,8,0.06400008,0x68e2355023d13c4591754f967270e66140ceffed,2017-09-13T15:12:59.000Z,0.00800001,0x1704d4a11bad67b73dc3f6c3cb0e8915d0284e5b,sell,0x94298f1e0ab2dfad6eeffb1426846a3c29d98090,0xaabdd83645050e1adfdeeaae5a60414ee2541cff3a92457c44cb64b31505e573
218,0.65,0.006954935,0x84e3fdb0ce8e9c4836a9c7eedae9b9677bc2951d,2017-09-13T14:28:25.000Z,0.0106999,0xfd7997b32e69e101e1035d0d7530df1a79edf807,buy,0x94298f1e0ab2dfad6eeffb1426846a3c29d98090,0xdb387d1a27c190d41468ddd22d6a4bb158f47e90685bb4da961ece1605ddf7cd
219,148,1.184,0xd3e28313346b024f0106fee40b47f7870808abb6,2017-09-13T14:12:25.000Z,0.008,0x1704d4a11bad67b73dc3f6c3cb0e8915d0284e5b,sell,0x94298f1e0ab2dfad6eeffb1426846a3c29d98090,0x515b1072b220d6da80524d0e6b1e7d9092911203a8dab17bfe1745250913a1ba
220,18.692,0.2000025308,0x87104f4d2258a85570e12dc07c99737bc228e38e,2017-09-13T08:54:17.000Z,0.0106999,0xfd7997b32e69e101e1035d0d7530df1a79edf807,buy,0x94298f1e0ab2dfad6eeffb1426846a3c29d98090,0x7bc4453ed4a51367130af3be39bff383ced6487b01323a3f4bcc3da051309d38
221,4.05742199,0.02434453194,0xab17bc9c6440ca9df30293b5440494b58c311c54,2017-09-13T02:55:50.000Z,0.006,0x136d44a5049cddbec4d0b6923c4fe81f9c144e4d,sell,0x94298f1e0ab2dfad6eeffb1426846a3c29d98090,0xfc20da512dde579a19c3fb74c8bfdab62914f17f953ed35983301234d1a589a4
222,60,0.7469994,0x1f0c98040d871c5ab97d4c0c997643876abc3521,2017-09-13T02:54:21.000Z,0.01244999,0xb902ba6e3272e66c74035d7e30f4fa9279bd56f9,buy,0x94298f1e0ab2dfad6eeffb1426846a3c29d98090,0x4557caf71bc02deedede3b292883f906c11f7fa5cc1990e6b639d729bff4fcdf
223,45,0.54,0x1f0c98040d871c5ab97d4c0c997643876abc3521,2017-09-13T02:53:05.000Z,0.012,0xe0d463597d9a53a5fbb5d983427e23661cef6e58,buy,0x94298f1e0ab2dfad6eeffb1426846a3c29d98090,0xdf1d0c0943cc0c7822327bb6d7948a53c84bd06fd33bf34bcffa8b9a6b44abbd
224,8,0.076,0x1f0c98040d871c5ab97d4c0c997643876abc3521,2017-09-13T02:50:30.000Z,0.0095,0x645a3901a4f92f2bfbef933853dbffee6a6f950d,buy,0x94298f1e0ab2dfad6eeffb1426846a3c29d98090,0x0cf3ab0025f513b206b079cdce3f571f05c8ca2ef4a05e325d945ff32529f6ff
225,46.18,0.41562,0x1f0c98040d871c5ab97d4c0c997643876abc3521,2017-09-13T02:45:13.000Z,0.009,0x4b2e87745c3a11e50d5bb4d83a763f95069852a5,buy,0x94298f1e0ab2dfad6eeffb1426846a3c29d98090,0xef44de4d70e0447f454fa44146749dc20d052590ec89802f69316c270ac50268
226,40,0.35999999996,0x1f0c98040d871c5ab97d4c0c997643876abc3521,2017-09-13T02:42:33.000Z,0.008999999999,0x82463b8da463abc4db27a43c06d687ef889232e9,buy,0x94298f1e0ab2dfad6eeffb1426846a3c29d98090,0x7b5104787b56adbb8552f0f60d04894d79d16595d83ada420432c661dfb0838a
227,1,0.0095,0xd6f29f2fb0a1dc783aeab42ce7ce9276f8e14a54,2017-09-12T16:00:05.000Z,0.0095,0x645a3901a4f92f2bfbef933853dbffee6a6f950d,buy,0x94298f1e0ab2dfad6eeffb1426846a3c29d98090,0xea4c997fc321b66f52a442712c392ec3ac02e547809302da3006733bea39edff
228,294.55061274,1.590573308796,0xf6fb7a4de4bf4bc746783abc63000b0148dac855,2017-09-12T12:53:03.000Z,0.0054,0x8e9c452137dde7c13f9e7267d1f4af4e36fcdae4,sell,0x94298f1e0ab2dfad6eeffb1426846a3c29d98090,0x23f9a17c9d88006f0211a44c61ed7db23a2c3478ef3f88e95d648d21f81ae749
229,20,0.106,0xe4bbba7bedcb7bab98a14e59a723d4338abc1e62,2017-09-12T11:34:58.000Z,0.0053,0x8e9c452137dde7c13f9e7267d1f4af4e36fcdae4,sell,0x94298f1e0ab2dfad6eeffb1426846a3c29d98090,0xad7402e22b3cd675c3db39c1d6e64015519ad4079cd6cc8179b24e36e6c8b371
230,40,0.2120004,0x82463b8da463abc4db27a43c06d687ef889232e9,2017-09-12T11:34:40.000Z,0.00530001,0x8e9c452137dde7c13f9e7267d1f4af4e36fcdae4,sell,0x94298f1e0ab2dfad6eeffb1426846a3c29d98090,0x48b383bab2ea8cafea63d741191e322f5849cb60b5072718aa5c5478068f6316
231,18,0.099,0xe4bbba7bedcb7bab98a14e59a723d4338abc1e62,2017-09-12T11:32:25.000Z,0.0055,0x8e9c452137dde7c13f9e7267d1f4af4e36fcdae4,sell,0x94298f1e0ab2dfad6eeffb1426846a3c29d98090,0x0b7f815a5c3c0464a543d8224d7121d4efa62f26f90c944b50bc1c7486c45047
232,18,0.1062,0xe4bbba7bedcb7bab98a14e59a723d4338abc1e62,2017-09-12T11:32:12.000Z,0.0059,0x8e9c452137dde7c13f9e7267d1f4af4e36fcdae4,sell,0x94298f1e0ab2dfad6eeffb1426846a3c29d98090,0x28b07cfa86688cc6ccfd48653069bf460dc215ffe005a3dba865d4a75556db89
233,10,0.07,0x645a3901a4f92f2bfbef933853dbffee6a6f950d,2017-09-12T11:31:42.000Z,0.007,0x8e9c452137dde7c13f9e7267d1f4af4e36fcdae4,sell,0x94298f1e0ab2dfad6eeffb1426846a3c29d98090,0xc597037d69b1909e113ba197b4367ebef7f5bdea6c962896a1c3a15a874b2ea0
234,10,0.07,0x645a3901a4f92f2bfbef933853dbffee6a6f950d,2017-09-12T11:30:48.000Z,0.007,0x8e9c452137dde7c13f9e7267d1f4af4e36fcdae4,sell,0x94298f1e0ab2dfad6eeffb1426846a3c29d98090,0x537c0d8b564c6f9a538709d23011d8b11e01c1c1740aec58b8d5e44f98fb9a69
235,77.676,0.8544359922324,0x94d685054f67af3284803bb7fbe7f333052f9124,2017-09-12T06:38:11.000Z,0.0109999999,0xa3d7dedda551204ccb03bd79aa87824cc453b8de,buy,0x94298f1e0ab2dfad6eeffb1426846a3c29d98090,0x944ad7263b3ba9e9ade4f865d0fec57b0fd8323a9d54b45b19b3fe95653e1b21
236,20,0.106,0xe4bbba7bedcb7bab98a14e59a723d4338abc1e62,2017-09-11T23:15:49.000Z,0.0053,0x8e9c452137dde7c13f9e7267d1f4af4e36fcdae4,sell,0x94298f1e0ab2dfad6eeffb1426846a3c29d98090,0x36a1ce2eb6ba405f09c68962270aba225b030dc80e939d08ab5aba0fb7ec417e
237,18,0.1026,0xe4bbba7bedcb7bab98a14e59a723d4338abc1e62,2017-09-11T23:12:55.000Z,0.0057,0x8e9c452137dde7c13f9e7267d1f4af4e36fcdae4,sell,0x94298f1e0ab2dfad6eeffb1426846a3c29d98090,0xb8129877d20588489e04738955cae0d68441bdeaaf11a2717fc84ee3eface842
238,20,0.11,0xe4bbba7bedcb7bab98a14e59a723d4338abc1e62,2017-09-11T23:12:55.000Z,0.0055,0x8e9c452137dde7c13f9e7267d1f4af4e36fcdae4,sell,0x94298f1e0ab2dfad6eeffb1426846a3c29d98090,0xcc09f81e58902e2179b07b0f337d1de14827e1f45622795d79e90ebaf76c5e5e
239,25,0.15,0xe4bbba7bedcb7bab98a14e59a723d4338abc1e62,2017-09-11T23:12:15.000Z,0.006,0x8e9c452137dde7c13f9e7267d1f4af4e36fcdae4,sell,0x94298f1e0ab2dfad6eeffb1426846a3c29d98090,0x1b5edd84d24ee633b3bca0b2e41ad9c5a7aedbddcddadb1e8f4df3e717d8b7c1
240,12,0.06,0x61b3b420cd544e64cdc4dc3cfca79108ee9022a0,2017-09-11T22:54:40.000Z,0.005,0x8e9c452137dde7c13f9e7267d1f4af4e36fcdae4,sell,0x94298f1e0ab2dfad6eeffb1426846a3c29d98090,0x21e348eac2348d695c5c58261d7bc65d071a1cf13acbd28eed111d827f14cdbe
241,13.76299139,0.085330546618,0xe4bbba7bedcb7bab98a14e59a723d4338abc1e62,2017-09-11T22:34:39.000Z,0.0062,0x8e9c452137dde7c13f9e7267d1f4af4e36fcdae4,sell,0x94298f1e0ab2dfad6eeffb1426846a3c29d98090,0x5954b8e25060102e3f1498bcf5973b21ab213892da83e4cf093afc8cddec6ddb
242,20,0.124,0xe4bbba7bedcb7bab98a14e59a723d4338abc1e62,2017-09-11T22:33:08.000Z,0.0062,0x8e9c452137dde7c13f9e7267d1f4af4e36fcdae4,sell,0x94298f1e0ab2dfad6eeffb1426846a3c29d98090,0x06becf9c2160a1e3456d6d158d9ea84a66c7eb48f9f0aeb3f3be17c7203bd0cc
243,20,0.12,0xe4bbba7bedcb7bab98a14e59a723d4338abc1e62,2017-09-11T22:33:08.000Z,0.006,0x8e9c452137dde7c13f9e7267d1f4af4e36fcdae4,sell,0x94298f1e0ab2dfad6eeffb1426846a3c29d98090,0x7b0f0c48eac90726b1a44ffb9abd58778d195b4095bda8cdb801adf777ccfcf7
244,52.219,0.4020863,0xab0afc6f0c1d3b2e0f3650ee9b92e1c6f0098bc1,2017-09-11T19:37:43.000Z,0.0077,0xc55807ca54ce784bc6627da86ebd323eb8f33b77,buy,0x94298f1e0ab2dfad6eeffb1426846a3c29d98090,0x7cf84e01f9864fdffae17a54ac6a0adbf39926a541cfd768794beab98a1afa94
245,0.40201196,0.00261307774,0xe4bbba7bedcb7bab98a14e59a723d4338abc1e62,2017-09-11T18:27:24.000Z,0.0065,0x48b68b6c7cf4508410d548a3d4c09af7b991d18f,sell,0x94298f1e0ab2dfad6eeffb1426846a3c29d98090,0x4f651cb480f6a6e0bb4cf22e0dbc53b33ce61d875991a12d109a4589ae94504b
246,98,0.881902,0x50f06a6fe481eeafcf19c8adbbd9f2f7d312dcd8,2017-09-11T15:54:29.000Z,0.008999,0xa3d7dedda551204ccb03bd79aa87824cc453b8de,buy,0x94298f1e0ab2dfad6eeffb1426846a3c29d98090,0xf22f5325ea3b5342b94fd4818cf1f0f6952ccdaeba69c3543a19375559a2c8c1
247,9.04695444,0.05880520386,0xe4bbba7bedcb7bab98a14e59a723d4338abc1e62,2017-09-11T14:52:37.000Z,0.0065,0x965957ef07c7cef5b082bfb9eb8ffec218067e29,sell,0x94298f1e0ab2dfad6eeffb1426846a3c29d98090,0x3a1f0ae1c6b27a274c1fd5aaa0760a25802068ba33ec5e5a370d4ec1f761cabf
248,10.5510336,0.0685817184,0xe4bbba7bedcb7bab98a14e59a723d4338abc1e62,2017-09-11T11:56:28.000Z,0.0065,0xd917272f486b0ab19e16daee6a8c1f7c7331cd41,sell,0x94298f1e0ab2dfad6eeffb1426846a3c29d98090,0x21d099d9b3d4759c027e63ebcee31f2f5d0537c6fd62cb533b0ef2b62a342251
249,10,0.067,0xe4bbba7bedcb7bab98a14e59a723d4338abc1e62,2017-09-11T11:49:07.000Z,0.0067,0xd917272f486b0ab19e16daee6a8c1f7c7331cd41,sell,0x94298f1e0ab2dfad6eeffb1426846a3c29d98090,0xfd57d2f2d328cfd337abd35b0ef25c6d1e61cd25662c368affa8ce2c9b372e60
250,7,0.0483,0x05140bdfd71daa04a0168ebd09a35df157eb9f9d,2017-09-11T11:42:20.000Z,0.0069,0xd917272f486b0ab19e16daee6a8c1f7c7331cd41,sell,0x94298f1e0ab2dfad6eeffb1426846a3c29d98090,0xa8a94d77ea8410c04320da336103ae96d48847ff772f51bca2b6acecb1c64466
251,4.4117647,0.02999999996,0x645a3901a4f92f2bfbef933853dbffee6a6f950d,2017-09-11T11:42:20.000Z,0.0068,0xd917272f486b0ab19e16daee6a8c1f7c7331cd41,sell,0x94298f1e0ab2dfad6eeffb1426846a3c29d98090,0xa50fe2d38219803bd8848686477c942b41d9d7d3d551fb453c6f751e540304a2
252,10,0.069,0xe4bbba7bedcb7bab98a14e59a723d4338abc1e62,2017-09-11T11:42:04.000Z,0.0069,0xd917272f486b0ab19e16daee6a8c1f7c7331cd41,sell,0x94298f1e0ab2dfad6eeffb1426846a3c29d98090,0xe14245d1d30ac64d0d4b84ebf75eb93894105afae00c5233adcf83a99e2253f1
253,180,1.2438,0xd3e28313346b024f0106fee40b47f7870808abb6,2017-09-11T11:39:15.000Z,0.00691,0xd917272f486b0ab19e16daee6a8c1f7c7331cd41,sell,0x94298f1e0ab2dfad6eeffb1426846a3c29d98090,0x0945a4a5260c55005c2ae26ed1ec94184989d11ca6282bd72b172ad803d519a2
254,4.117,0.04117,0x50f06a6fe481eeafcf19c8adbbd9f2f7d312dcd8,2017-09-11T09:34:17.000Z,0.01,0xccec7b7038524b1cb9aa90835dbc3564153c95ee,buy,0x94298f1e0ab2dfad6eeffb1426846a3c29d98090,0xee1231bf3f125ed8c80acf888aeca6548131c44d3571aa412940cabc8dc2c4a7
255,167.943,1.475883084,0x50f06a6fe481eeafcf19c8adbbd9f2f7d312dcd8,2017-09-11T09:22:43.000Z,0.008788,0x9285a6b79a604ac02a58b7cc182fae1bd3f81b6d,buy,0x94298f1e0ab2dfad6eeffb1426846a3c29d98090,0xbdab2a16f4fc33d311fd6eecd5224ef794361a5c37c38b0ec85890c0d44fc19d
256,8.91900929,0.06064936128110219,0x8c701d529af1a774d32d3aa2f7b12d1ac3726ea3,2017-09-10T07:57:41.000Z,0.006800011,0x2d7ad46c8c2128b37f7bbf1d70f81db34d1176ba,sell,0x94298f1e0ab2dfad6eeffb1426846a3c29d98090,0xf666957a258511372b860410a34d40cd70077dc5221e64871f2755441e17c5ac
257,4.985,0.033898054835,0x8c701d529af1a774d32d3aa2f7b12d1ac3726ea3,2017-09-10T06:06:35.000Z,0.006800011,0x6d3d0dfa885186833d6cf04f7890aab7d3b43cd1,sell,0x94298f1e0ab2dfad6eeffb1426846a3c29d98090,0x50d18a134f0d9e79bd86b99e7361c17c796af4a1e09ba6311b8dd507672c1f89
258,5,0.034000055,0x8c701d529af1a774d32d3aa2f7b12d1ac3726ea3,2017-09-10T05:00:11.000Z,0.006800011,0x51aefa5e5b31e0416490a6f647efcb1a3af94c74,sell,0x94298f1e0ab2dfad6eeffb1426846a3c29d98090,0x48e66e23b3a4e7f4813705aef305e2238e17e15edb25629eec2e1d94030bdf42
259,0.05689576,0.0005,0x64b604630e055318093215b7ed41697ca4fb5de6,2017-09-10T04:07:39.000Z,0.00878800107424525,0x9285a6b79a604ac02a58b7cc182fae1bd3f81b6d,buy,0x94298f1e0ab2dfad6eeffb1426846a3c29d98090,0xa51449456a16df0e0914808e9655cd808e1f5321dbb6adbba72425c420132de2
260,33.47944662,0.227660237016,0xd3e28313346b024f0106fee40b47f7870808abb6,2017-09-09T22:18:03.000Z,0.0068,0x05202bb8ecb44a77edf08b3d61cf65a299c246f0,sell,0x94298f1e0ab2dfad6eeffb1426846a3c29d98090,0x880a722ce07c10695ed370d95f49c39fd078c4f93c1edc52d3326f7260617183
261,39.33542906,0.267480917608,0xd3e28313346b024f0106fee40b47f7870808abb6,2017-09-09T19:47:25.000Z,0.0068,0x38d9bec40f0f057a4556572d552bda88a1009504,sell,0x94298f1e0ab2dfad6eeffb1426846a3c29d98090,0x200b49b9833256ed2943affb3d7c7caf8f277fc8b307b6ae4f1946a2af5ef2b7
262,2.5,0.01725,0xab17bc9c6440ca9df30293b5440494b58c311c54,2017-09-09T19:09:57.000Z,0.0069,0x38d9bec40f0f057a4556572d552bda88a1009504,sell,0x94298f1e0ab2dfad6eeffb1426846a3c29d98090,0xa4f410b9db04069e7ee465a25b54023793924905d486ef1246b23c3b9e93934c
263,39.37800868,0.267770459024,0x8c701d529af1a774d32d3aa2f7b12d1ac3726ea3,2017-09-09T15:53:08.000Z,0.0068,0x82463b8da463abc4db27a43c06d687ef889232e9,sell,0x94298f1e0ab2dfad6eeffb1426846a3c29d98090,0xc5869ad0187280690748beb402fb6cfdf8d87fc9bc8579e7699fe143e2667ab6
264,9.98404944,0.05990429664,0x8c701d529af1a774d32d3aa2f7b12d1ac3726ea3,2017-09-08T22:18:35.000Z,0.006,0xf41a047c5950f0af4049f7c6ae39eadc58045afa,sell,0x94298f1e0ab2dfad6eeffb1426846a3c29d98090,0x80bd6c47caf2c5d58e793fb71aab0109ed15adf1061e8c17a73ae2a9655d6bdb
265,41.9648689,0.22661448854689,0x38d9bec40f0f057a4556572d552bda88a1009504,2017-09-08T13:16:26.000Z,0.0054001,0x8f79ae8724bb7a0a39262b35ab85234f051abe8b,sell,0x94298f1e0ab2dfad6eeffb1426846a3c29d98090,0x09c989a76ff725a89f44620ee473bfd416f3d33583e4c9abd669df78a7c3a79c
266,145,0.83085,0x8dbc04433b09e2b4e514f9fa531dde469f2c00bd,2017-09-08T12:28:04.000Z,0.00573,0x8f79ae8724bb7a0a39262b35ab85234f051abe8b,sell,0x94298f1e0ab2dfad6eeffb1426846a3c29d98090,0x907932bda526d861fe4db3ca042686a477b00e66e260980208cce2c6c0ac6909
267,20,0.116,0x82463b8da463abc4db27a43c06d687ef889232e9,2017-09-08T12:26:09.000Z,0.0058,0x8f79ae8724bb7a0a39262b35ab85234f051abe8b,sell,0x94298f1e0ab2dfad6eeffb1426846a3c29d98090,0x13c64b9883870d850791a29b5dc5f32e32e5fbd6912545dea4585ac0fcb2b545
268,58.9,0.34751,0xb8c11ca80a15ef9dd4b07a8b81b93bc764b0d842,2017-09-08T12:25:54.000Z,0.0059,0x8f79ae8724bb7a0a39262b35ab85234f051abe8b,sell,0x94298f1e0ab2dfad6eeffb1426846a3c29d98090,0x9c47284713c3c467f444c7146c1d08564b5e77fefa34afb3bb762e31e20206d1
269,180,1.17,0x8dbc04433b09e2b4e514f9fa531dde469f2c00bd,2017-09-07T22:07:27.000Z,0.0065,0x25a645b09e77ad11c14993d8893ccd88916c7652,buy,0x94298f1e0ab2dfad6eeffb1426846a3c29d98090,0x9641fbb9f2bfa936f5b45f23ae4fb4cdda9818c464124c994bc6d7455f3fd4de
270,120,0.78,0x722840e21328d0194554e112002d3bb100d16bde,2017-09-07T21:46:48.000Z,0.0065,0x25a645b09e77ad11c14993d8893ccd88916c7652,buy,0x94298f1e0ab2dfad6eeffb1426846a3c29d98090,0xd94c01c27af4a2f94027fd0f4a2d3d6aa6e7c63a64ea2866222a27aabe8a2f7d
271,36.15,0.25305,0xf6fb7a4de4bf4bc746783abc63000b0148dac855,2017-09-07T10:12:13.000Z,0.007,0xed7a11d262bb7571943f5aff29b5de9e906bd666,buy,0x94298f1e0ab2dfad6eeffb1426846a3c29d98090,0x58fd20467d8f007ad5e7e92c464397ba3334054ac6e29622c151a187f6a7b631
272,21.32693838,0.14928856869541746,0xf6fb7a4de4bf4bc746783abc63000b0148dac855,2017-09-07T10:09:34.000Z,0.007000000001660691,0x3454e031fe29a8706e39882870a3787a2439ca99,buy,0x94298f1e0ab2dfad6eeffb1426846a3c29d98090,0xb8b24f39778095708da8a393892515ddc9f759b32d67d3836ef92d31f1d7fa56
273,21.32693838,0.14928856869541746,0xf6fb7a4de4bf4bc746783abc63000b0148dac855,2017-09-07T10:08:36.000Z,0.007000000001660691,0x3454e031fe29a8706e39882870a3787a2439ca99,buy,0x94298f1e0ab2dfad6eeffb1426846a3c29d98090,0xb8b24f39778095708da8a393892515ddc9f759b32d67d3836ef92d31f1d7fa56
274,20,0.13999999998,0xf6fb7a4de4bf4bc746783abc63000b0148dac855,2017-09-07T10:07:39.000Z,0.006999999999,0x82463b8da463abc4db27a43c06d687ef889232e9,buy,0x94298f1e0ab2dfad6eeffb1426846a3c29d98090,0x4f5acf537ff46b0e47e4727b4c6fe981cddd6e08f9bf208f121cfba695bd8c23
275,0.00354566,0.000024819646472599,0x085b49359e681524c631a82465bfc79b6eb68ce5,2017-09-07T01:09:38.000Z,0.00700000746619783,0x3454e031fe29a8706e39882870a3787a2439ca99,buy,0x94298f1e0ab2dfad6eeffb1426846a3c29d98090,0xdf0ef743964d89c88331edeca516a0b4b28b45f5e3fafb0889e6b46d1f4140d0
276,0.05551595,0.000388611658109941,0xed7a11d262bb7571943f5aff29b5de9e906bd666,2017-09-06T18:16:14.000Z,0.007000000146083081,0x3454e031fe29a8706e39882870a3787a2439ca99,buy,0x94298f1e0ab2dfad6eeffb1426846a3c29d98090,0xa02bb40ef7ec9aec1e1d5e1a70b68e7ea401478806da51cd96a0de4ff8758d40
277,10.81646894,0.057327285382,0xb8c11ca80a15ef9dd4b07a8b81b93bc764b0d842,2017-09-06T15:27:30.000Z,0.0053,0xf3b988cf5150a42084803e02bf1f69fd0b52e5a3,sell,0x94298f1e0ab2dfad6eeffb1426846a3c29d98090,0x34d89b5e8bf43c0856f6c72f1d56a3039790d8fbc3a4f57723f0da9ad2af082d
278,10.81646894,0.057327285382,0xb8c11ca80a15ef9dd4b07a8b81b93bc764b0d842,2017-09-06T15:24:36.000Z,0.0053,0xf3b988cf5150a42084803e02bf1f69fd0b52e5a3,sell,0x94298f1e0ab2dfad6eeffb1426846a3c29d98090,0x34d89b5e8bf43c0856f6c72f1d56a3039790d8fbc3a4f57723f0da9ad2af082d
279,25,0.15,0x84ccba942d220914e1f5db98752dc2143b798381,2017-09-06T07:22:14.000Z,0.006,0xd277f1153ae4271d8c7facd36e0776ccb0ab5e54,buy,0x94298f1e0ab2dfad6eeffb1426846a3c29d98090,0xa7fccac69169c3147781946f7359dbf7a655c27b719fdf6cddf78b70b47a215d
280,37.88359102,0.261396778038,0x84ccba942d220914e1f5db98752dc2143b798381,2017-09-05T22:47:51.000Z,0.0069,0x44b1f8c8e06080d0c131552d1a6c802299c05105,buy,0x94298f1e0ab2dfad6eeffb1426846a3c29d98090,0xaf6b6812cadead2799dd7c2a2bb6d07d38726911446c4fc9d9be1eeaa32b61bd
281,5.07,0.034983,0x84ccba942d220914e1f5db98752dc2143b798381,2017-09-05T19:26:47.000Z,0.0069,0xf7941ebbd15b8a9c84b4a5491b04513f8d47b02e,buy,0x94298f1e0ab2dfad6eeffb1426846a3c29d98090,0x45b629428287ff9d58a4afdf7df8647af93f1706785a3fa385803ca41f95b601
282,5.035,0.0347415,0x84ccba942d220914e1f5db98752dc2143b798381,2017-09-05T19:26:19.000Z,0.0069,0x51aefa5e5b31e0416490a6f647efcb1a3af94c74,sell,0x94298f1e0ab2dfad6eeffb1426846a3c29d98090,0x3b812a6bf59a1e40b5233984064ec5535af927c77a2cbadb72f8fe09768ea043
283,15,0.1035,0x672ecc24c68d4efb455c3524bfd0885aab32f912,2017-09-05T18:05:10.000Z,0.0069,0xf7941ebbd15b8a9c84b4a5491b04513f8d47b02e,buy,0x94298f1e0ab2dfad6eeffb1426846a3c29d98090,0xb2a6d1b4e5c1c903add5c023fc8dac550348a722f07699f7d8605f1529961bc6
284,5.03539029,0.026184029508,0x51aefa5e5b31e0416490a6f647efcb1a3af94c74,2017-09-04T21:33:44.000Z,0.0052,0xf545d3611c5d89e265e5ac9eb35a94a10b6be427,sell,0x94298f1e0ab2dfad6eeffb1426846a3c29d98090,0xf1cee8ceb10873fab6efee2308fafc338a3b642621dfed18a8a6ff4e6aba6231
285,0.00496915,0.00003080873,0x933fbe8da58f479b2bbc48bc906cd0eb02827046,2017-09-04T17:57:52.000Z,0.0062,0x5495b81b3654bae90ccc264b39ab0e51b395d58e,sell,0x94298f1e0ab2dfad6eeffb1426846a3c29d98090,0x9947470f58d5aa54684d68d08842b23946dde95ff5a39240c91101017b2a6558
286,49.84547901,0.309041969862,0xd5793048df04f90d2224706faaa76e05e2c635e6,2017-09-04T09:40:23.000Z,0.0062,0x5495b81b3654bae90ccc264b39ab0e51b395d58e,sell,0x94298f1e0ab2dfad6eeffb1426846a3c29d98090,0xf48b2adaf4c2b18a3296eb56bc8f8cf17b11962e1d3ad242bc20c13b7c0878e1
287,112,0.672112,0x8dbc04433b09e2b4e514f9fa531dde469f2c00bd,2017-09-04T07:24:56.000Z,0.006001,0xe8a6825520657752cec6fe7fb5752712ccf21504,sell,0x94298f1e0ab2dfad6eeffb1426846a3c29d98090,0x9d63121b437a91ff784ba073be881e50c5cdc05dc5664c3f2ed7f75e33171370
288,25,0.15525,0x82463b8da463abc4db27a43c06d687ef889232e9,2017-09-04T07:24:53.000Z,0.00621,0xe8a6825520657752cec6fe7fb5752712ccf21504,sell,0x94298f1e0ab2dfad6eeffb1426846a3c29d98090,0x0b3317198d3ba9582c1fffab0fd4cd1bb1b2cdfcd4ec3572c58ab31dfbbb36a1
289,95.44974231,0.8972275777465917,0x5915ae2ca15831871fdc91459fa79fb8421159ee,2017-09-03T17:54:16.000Z,0.009400000000341455,0x44b1f8c8e06080d0c131552d1a6c802299c05105,buy,0x94298f1e0ab2dfad6eeffb1426846a3c29d98090,0x9b28d0d008f9a5c115c569821aa647dd153bbe326f97c5e9f6afeab543efb4e9
290,10,0.15,0x5915ae2ca15831871fdc91459fa79fb8421159ee,2017-09-02T22:57:48.000Z,0.015,0xccec7b7038524b1cb9aa90835dbc3564153c95ee,buy,0x94298f1e0ab2dfad6eeffb1426846a3c29d98090,0x32e2f73b69de4844a04646c0467097df9143a00f4e585fe49826acae75a4216e
291,31.579,0.3000005,0x5915ae2ca15831871fdc91459fa79fb8421159ee,2017-09-02T22:53:00.000Z,0.0095,0xce09f54f8c440639e142c1af3408d1a5a833a4bc,buy,0x94298f1e0ab2dfad6eeffb1426846a3c29d98090,0x9d085b917288662d413e016d67724c4911dc255282f5fa6b0226ef28f85131aa
292,13.29179543,0.07975077258,0xd3e28313346b024f0106fee40b47f7870808abb6,2017-09-02T07:04:52.000Z,0.006,0x8da96442087fc5d3c832200ff3a879661b3a0bd1,sell,0x94298f1e0ab2dfad6eeffb1426846a3c29d98090,0x50c979e73ec7791bde544afc75847bfe01bcf781c1b29480e2fec36a35d888d1
293,30,0.3,0x5915ae2ca15831871fdc91459fa79fb8421159ee,2017-09-02T04:08:15.000Z,0.01,0x587289d3b40090fdcf831f5a6e767056ee211f6d,buy,0x94298f1e0ab2dfad6eeffb1426846a3c29d98090,0xb7d606b5b14763bb944cb33b5d310b3a072e57c4019cea9056c3b6dab8da7ec5
294,50,0.255,0x5495b81b3654bae90ccc264b39ab0e51b395d58e,2017-09-02T03:17:41.000Z,0.0051,0x587289d3b40090fdcf831f5a6e767056ee211f6d,sell,0x94298f1e0ab2dfad6eeffb1426846a3c29d98090,0x112315de5a6713c2340d9f74df234b3dc497022fff8ade8f0e9485ca7be781e6
295,30.928,0.3000016,0x5915ae2ca15831871fdc91459fa79fb8421159ee,2017-09-02T02:23:16.000Z,0.0097,0x9285a6b79a604ac02a58b7cc182fae1bd3f81b6d,buy,0x94298f1e0ab2dfad6eeffb1426846a3c29d98090,0x4da77e1fa219cb87e59c8820e691658107b1244cd0e7056b7d38885bc595bf29
296,25.5,0.19125,0x61a3071eb7f14bbf18ce9a3ea151c161e15fd1f5,2017-09-02T00:41:41.000Z,0.0075,0x82463b8da463abc4db27a43c06d687ef889232e9,buy,0x94298f1e0ab2dfad6eeffb1426846a3c29d98090,0xcd4d040750d7024f295d831819b6717832aa06f05e6a3a956c14d3bc373a0dca
297,0.01,0.003,0xd53f0eeff1c53be0a97865e3f22b210f29b3fb36,2017-09-01T20:19:00.000Z,0.3,0xd53f0eeff1c53be0a97865e3f22b210f29b3fb36,buy,0x94298f1e0ab2dfad6eeffb1426846a3c29d98090,0x6118ae65afa3473a5f4b55520be4217d32f67710b60786153047922cbd74ac69
298,0.01,0.005,0xd53f0eeff1c53be0a97865e3f22b210f29b3fb36,2017-09-01T20:01:54.000Z,0.5,0xd53f0eeff1c53be0a97865e3f22b210f29b3fb36,buy,0x94298f1e0ab2dfad6eeffb1426846a3c29d98090,0xe143781e73b55a0ef7a1f8efc92f56e3e7464c751426e07bdae135e654a1ed2d
299,0.01,0.003,0xd53f0eeff1c53be0a97865e3f22b210f29b3fb36,2017-09-01T19:32:00.000Z,0.3,0xd53f0eeff1c53be0a97865e3f22b210f29b3fb36,buy,0x94298f1e0ab2dfad6eeffb1426846a3c29d98090,0x8bc6210a4cbe7d8ed3b4d62f705553755e619ca5147e5a871c543523e2bd28b8
300,0.01,0.002,0xd53f0eeff1c53be0a97865e3f22b210f29b3fb36,2017-09-01T18:19:16.000Z,0.2,0xd53f0eeff1c53be0a97865e3f22b210f29b3fb36,buy,0x94298f1e0ab2dfad6eeffb1426846a3c29d98090,0xc790e698257952ab007aaf9bb002b4c72c58591c6f718365fe4339197611abbb
301,0.0001,0.005,0xd53f0eeff1c53be0a97865e3f22b210f29b3fb36,2017-09-01T17:18:20.000Z,50,0xc73604d0514ac01e63513d07601e7e98f2f117b4,buy,0x94298f1e0ab2dfad6eeffb1426846a3c29d98090,0x9ad3b9e19bfc25097ef1f2f202eaf6ac4ff4a4bc3f42adc1afc99dacfe504ff7
302,0.01,0.001,0xd53f0eeff1c53be0a97865e3f22b210f29b3fb36,2017-09-01T14:27:27.000Z,0.1,0xeb675e6b1ef574906a20fa26af3054d4295a78d2,buy,0x94298f1e0ab2dfad6eeffb1426846a3c29d98090,0xb5c90de8e91586ac27eeaec2663c00263d10329234a5311335152fc0736f2eec
303,0.00007,0.0035,0xd53f0eeff1c53be0a97865e3f22b210f29b3fb36,2017-09-01T14:15:31.000Z,50,0xc73604d0514ac01e63513d07601e7e98f2f117b4,buy,0x94298f1e0ab2dfad6eeffb1426846a3c29d98090,0x858d8559215dde3b477097be3ccd80de8cd8748f74682569e682d3f970bcb8b9
304,2,0.01,0x61b3b420cd544e64cdc4dc3cfca79108ee9022a0,2017-09-01T14:13:44.000Z,0.005,0xd53f0eeff1c53be0a97865e3f22b210f29b3fb36,sell,0x94298f1e0ab2dfad6eeffb1426846a3c29d98090,0x979efea17e1a422906e82f01d78181e27b6823842a597a436ad67fe876a31c49
305,0.268,0.00174736,0x1b265160f0cea50a34405cd2e187c49f0bab5d61,2017-09-01T14:13:35.000Z,0.00652,0xd53f0eeff1c53be0a97865e3f22b210f29b3fb36,sell,0x94298f1e0ab2dfad6eeffb1426846a3c29d98090,0x672dbdd2a37dc3cd77b1a06b7308c0d39b171b99daeac8039a6c12bbda02d153
306,7,0.049,0xd53f0eeff1c53be0a97865e3f22b210f29b3fb36,2017-09-01T14:12:04.000Z,0.007,0xd53f0eeff1c53be0a97865e3f22b210f29b3fb36,sell,0x94298f1e0ab2dfad6eeffb1426846a3c29d98090,0xa3cfcf796dc8f2bbbedd96f95943e162d0215092c3401eafd4b67f6511ea64fb
307,10,0.05,0x61b3b420cd544e64cdc4dc3cfca79108ee9022a0,2017-09-01T14:03:12.000Z,0.005,0xd53f0eeff1c53be0a97865e3f22b210f29b3fb36,sell,0x94298f1e0ab2dfad6eeffb1426846a3c29d98090,0xe3a6d631150b77f646da7a0aaaeb4d26453d91a1be70b499f232d37a5a6aaf58
308,8,0.077352,0xd53f0eeff1c53be0a97865e3f22b210f29b3fb36,2017-09-01T13:53:36.000Z,0.009669,0x82463b8da463abc4db27a43c06d687ef889232e9,buy,0x94298f1e0ab2dfad6eeffb1426846a3c29d98090,0x6d73f35562bd0acbdd0b2c328dc6db9e0c78371a14be528c2faa1c6fa1203726
309,10,0.09669,0xd53f0eeff1c53be0a97865e3f22b210f29b3fb36,2017-09-01T13:52:53.000Z,0.009669,0x82463b8da463abc4db27a43c06d687ef889232e9,buy,0x94298f1e0ab2dfad6eeffb1426846a3c29d98090,0x33bf4ef3cb9208b814be2a5902ca470e4279e573471346a25134dd75a32a1314
310,1,0.009669,0xd53f0eeff1c53be0a97865e3f22b210f29b3fb36,2017-09-01T13:46:50.000Z,0.009669,0x82463b8da463abc4db27a43c06d687ef889232e9,buy,0x94298f1e0ab2dfad6eeffb1426846a3c29d98090,0x1855ab09f84df424dba88f8660f7043f2a82c600790527666bf0d12679afd040
311,1,0.009669,0xd53f0eeff1c53be0a97865e3f22b210f29b3fb36,2017-09-01T13:42:05.000Z,0.009669,0x82463b8da463abc4db27a43c06d687ef889232e9,buy,0x94298f1e0ab2dfad6eeffb1426846a3c29d98090,0x0e07cf547e25b90845f85abb161da66700024d6ff551c98ffb37b23397f4bb78
312,0.01,0.001,0x254af35abc9a53ae716ef235977fdc8999292071,2017-09-01T11:17:33.000Z,0.1,0x8eb89522b5355819894861a1f95979f351a6046e,buy,0x94298f1e0ab2dfad6eeffb1426846a3c29d98090,0xade0d0b7f0fef08eb3f585f943987bcd035b06fee06ab6886e702d19c6e70560
313,1,0.0075,0x8d024ba36ccb925f6cc541e18bf4bbae1b26c2f4,2017-09-01T11:13:15.000Z,0.0075,0x254af35abc9a53ae716ef235977fdc8999292071,buy,0x94298f1e0ab2dfad6eeffb1426846a3c29d98090,0xb34636264a164609ec4ec4a335b87bbfa840f6522e3221e1143670a1bcd1c3e5
314,10,0.07095,0x0024a5046fd95c5eee6db19a69ef7ed3bacd50f1,2017-09-01T08:52:05.000Z,0.007095,0x8dbc04433b09e2b4e514f9fa531dde469f2c00bd,sell,0x94298f1e0ab2dfad6eeffb1426846a3c29d98090,0x2bda7015982d92bc2896be2d1ff1835f0d2a5d7a128b43f1a68b6ff6f1e629b3
315,3.13775192,0.022905589016,0xd5793048df04f90d2224706faaa76e05e2c635e6,2017-09-01T08:51:17.000Z,0.0073,0x8dbc04433b09e2b4e514f9fa531dde469f2c00bd,sell,0x94298f1e0ab2dfad6eeffb1426846a3c29d98090,0xcd79135896885df12883ed12211c7a3c5a455a7b936b7ca75489227803e66994
316,191.591,1.3028188,0x477de5479b447003af915337281610ba59d10421,2017-09-01T08:48:06.000Z,0.0068,0x8dbc04433b09e2b4e514f9fa531dde469f2c00bd,sell,0x94298f1e0ab2dfad6eeffb1426846a3c29d98090,0x04e9c9f4ac8e2c306656fee0f4903c93bb31ff25e717d1569cd7ac6cbd9839d3
317,13.21204266,0.09712172559366,0x8dbc04433b09e2b4e514f9fa531dde469f2c00bd,2017-08-31T23:07:37.000Z,0.007351,0x120c322c0b1477a5c2eeb6f9f06d2c98797f485f,sell,0x94298f1e0ab2dfad6eeffb1426846a3c29d98090,0xe5d3f0b08c7ffff57c496a23a73600722d44ec8249a1c7525edaa647aa281795
318,7.10656963,0.05224039335013,0x8dbc04433b09e2b4e514f9fa531dde469f2c00bd,2017-08-31T09:33:04.000Z,0.007351,0x9ad5a70a6993a8d4d070a4f3b1dd633e720f670f,sell,0x94298f1e0ab2dfad6eeffb1426846a3c29d98090,0x114d7e35b8031ed28e4284bcd9ff4556215337fc48cd1885088f1e8511015a09
319,34.03449307,0.25018755855757,0x8dbc04433b09e2b4e514f9fa531dde469f2c00bd,2017-08-31T00:44:12.000Z,0.007351,0x3079faafb17b0365c4a2628847b631a2770932b6,sell,0x94298f1e0ab2dfad6eeffb1426846a3c29d98090,0x5d1da5239d052a1413788acd2cf489613f61536141e85d2be8de98c18b28fc5a
320,0.1,0.000985999,0x8dbc04433b09e2b4e514f9fa531dde469f2c00bd,2017-08-30T19:50:48.000Z,0.00985999,0x2d7ad46c8c2128b37f7bbf1d70f81db34d1176ba,buy,0x94298f1e0ab2dfad6eeffb1426846a3c29d98090,0x1b0e27715b5d03a0f718f00b2dec7d59da799037131a0e8075ecea494b8ccc4c
321,52.80630046,0.3891824343902,0x8dbc04433b09e2b4e514f9fa531dde469f2c00bd,2017-08-30T17:05:17.000Z,0.00737,0xa63a343a028d70606d7f0fddfc47b7bf5954e234,sell,0x94298f1e0ab2dfad6eeffb1426846a3c29d98090,0xc8eb5dbd8086732f9a5a766436bc6f52df41f7c786259af5e819ac52a6311ccf
322,10,0.076,0x946151fa04270a2d81ff3abc7f0648f1767a0fce,2017-08-30T17:03:08.000Z,0.0076,0xa63a343a028d70606d7f0fddfc47b7bf5954e234,sell,0x94298f1e0ab2dfad6eeffb1426846a3c29d98090,0x29551d72f24e3ed3d0918fc147b9933f5f8209aad29c6956ee08d3d4aa933379
323,19.98,0.1970028,0xeb675e6b1ef574906a20fa26af3054d4295a78d2,2017-08-30T14:15:16.000Z,0.00986,0x120c322c0b1477a5c2eeb6f9f06d2c98797f485f,buy,0x94298f1e0ab2dfad6eeffb1426846a3c29d98090,0x35c9a9b0b0ebdce2d98a4ceebc1fbd67be7d3d740ce3cf177ec1d0698030e98d
324,0.05,0.0004929995,0x98f0deb428b74fb5302d250af5d55e77c8519f2a,2017-08-30T13:54:15.000Z,0.00985999,0x2d7ad46c8c2128b37f7bbf1d70f81db34d1176ba,buy,0x94298f1e0ab2dfad6eeffb1426846a3c29d98090,0xd6b933ab2337919b6007071f88275182fc82aefee458b2c68a30dd9abb1d701d
325,2.99481628,0.02952885864619679,0x61a3071eb7f14bbf18ce9a3ea151c161e15fd1f5,2017-08-30T11:14:11.000Z,0.009859990024562304,0x2d7ad46c8c2128b37f7bbf1d70f81db34d1176ba,buy,0x94298f1e0ab2dfad6eeffb1426846a3c29d98090,0x9b9ed9b7908179333319f896cc159d65dde2ed57ce76bd43195090a52a1d944b
326,0.1,0.000986,0x8dbc04433b09e2b4e514f9fa531dde469f2c00bd,2017-08-30T04:55:15.000Z,0.00986,0x120c322c0b1477a5c2eeb6f9f06d2c98797f485f,buy,0x94298f1e0ab2dfad6eeffb1426846a3c29d98090,0x335a82ca740dace977c3740b42b07f868cd88ae22f561ed39082e6f8b447b994
327,51.9110428,0.3635589882498,0x8dbc04433b09e2b4e514f9fa531dde469f2c00bd,2017-08-29T22:33:48.000Z,0.0070035,0x0006d50465bbd36394383345a4facc1a1064f18d,sell,0x94298f1e0ab2dfad6eeffb1426846a3c29d98090,0xaa29ae195dfc438887aa2901e0d2739963941e2a7d835b655b70707f2b9f9273
328,41.80262509,0.313519688175,0x2d42b7be072d69379af9cc671b085a2cf9549a08,2017-08-29T18:26:10.000Z,0.0075,0x0006d50465bbd36394383345a4facc1a1064f18d,sell,0x94298f1e0ab2dfad6eeffb1426846a3c29d98090,0x69ff1c10add7c8fbaeceb353bbfc92d494fbb2a8f7acc756fd82774ce996e397
329,5.05020062,0.04984548020396217,0xf545d3611c5d89e265e5ac9eb35a94a10b6be427,2017-08-29T11:32:20.000Z,0.00987000001674432,0x0feff233b82e81beac5f3865f7bacd75b451cf8d,buy,0x94298f1e0ab2dfad6eeffb1426846a3c29d98090,0xc4d68a4271abeec89fbfd3cc1713bf4742ba316bfc7a222548819e211ce12ce7
330,0.0012083,0.000011925944535552,0xf545d3611c5d89e265e5ac9eb35a94a10b6be427,2017-08-29T11:27:06.000Z,0.009870019478235537,0x0feff233b82e81beac5f3865f7bacd75b451cf8d,buy,0x94298f1e0ab2dfad6eeffb1426846a3c29d98090,0x7083919ff415e6cf87313094113eb67bf6f8a7577a7ab660e736d7c732adce31
331,991,8.5226,0xf6fb7a4de4bf4bc746783abc63000b0148dac855,2017-08-29T09:24:59.000Z,0.0086,0x958e29d7a438391b2d1c4fad8101f7c80a9dc795,buy,0x94298f1e0ab2dfad6eeffb1426846a3c29d98090,0x5a1d8b5af7436a44d161cfac5df81479ebbfe094fbe6380b0144c9aaa197646a
332,0.2,0.0017,0x4b0ffe6708291fdb936dd46b5858b59372d27d9d,2017-08-29T07:07:29.000Z,0.0085,0x2d42b7be072d69379af9cc671b085a2cf9549a08,sell,0x94298f1e0ab2dfad6eeffb1426846a3c29d98090,0x27273b15789144bd5dc19855f3639fc0b153106f0252ea6e7bd762012574c24a
333,15,0.15,0x8dbc04433b09e2b4e514f9fa531dde469f2c00bd,2017-08-29T06:22:41.000Z,0.01,0x48b68b6c7cf4508410d548a3d4c09af7b991d18f,buy,0x94298f1e0ab2dfad6eeffb1426846a3c29d98090,0xb66cc3016fb9f1011b7cb74f6ff0a542ac01bdc500e14886d436592ad8bb5fc8
334,39,0.34125,0x2d42b7be072d69379af9cc671b085a2cf9549a08,2017-08-29T05:40:33.000Z,0.00875,0x06811a2b589d9a80d20925ab683a32ef796b4648,sell,0x94298f1e0ab2dfad6eeffb1426846a3c29d98090,0x5123986f73e19c753467746e6af1dafa9049f6e5e9de85cde42ad53d609f655c
335,35,0.2975,0x4454847b528907f6819a6696491370060a37e5d0,2017-08-28T22:52:10.000Z,0.0085,0x48bcdf96a194b83186db2958595f0ac34751c0ef,sell,0x94298f1e0ab2dfad6eeffb1426846a3c29d98090,0xe2f0c50b4cd6bc3bc4da53de6a7836351667810bbd4b1b711d30984c3e22f24b
336,29.86741102,0.26880669918,0x06811a2b589d9a80d20925ab683a32ef796b4648,2017-08-28T21:43:00.000Z,0.009,0xa0ed3a04baed9d738230af2ff0d45ca65eb3ea6b,sell,0x94298f1e0ab2dfad6eeffb1426846a3c29d98090,0xf7658a00c89cf96924de56867101221d5b042492f258df23f86e88354d716b44
337,10,0.09,0x06811a2b589d9a80d20925ab683a32ef796b4648,2017-08-28T21:28:36.000Z,0.009,0xa0ed3a04baed9d738230af2ff0d45ca65eb3ea6b,sell,0x94298f1e0ab2dfad6eeffb1426846a3c29d98090,0xa3bc5c51d4502e11aa8a4224c5e31cc8ec0d5b401e55564214cf57afbc3a1af1
338,31.37437907,0.2240130665598,0x8dbc04433b09e2b4e514f9fa531dde469f2c00bd,2017-08-28T13:58:56.000Z,0.00714,0xbffe1fdc983ab29921a771acdd3e5781c1bae845,sell,0x94298f1e0ab2dfad6eeffb1426846a3c29d98090,0x57cebcbb90ef4e07ad32140ce9fd991ab75dc69b252aac37024f55b2f8fa44e9
339,11.438719,0.102948471,0x8dbc04433b09e2b4e514f9fa531dde469f2c00bd,2017-08-28T09:44:53.000Z,0.009,0x9bcf65b343509ccb2d4599132c63331b4d9b01ee,buy,0x94298f1e0ab2dfad6eeffb1426846a3c29d98090,0xe0f4970387a3f3fba3aa286086e172dbd09fe6a628a156b37b70dc947a50706f
340,16.01036785,0.114314026449,0x8dbc04433b09e2b4e514f9fa531dde469f2c00bd,2017-08-28T06:03:30.000Z,0.00714,0x1d931fd222fe1b594f38554aa30c314bb72f9549,sell,0x94298f1e0ab2dfad6eeffb1426846a3c29d98090,0x772dbb76d3d6a90f4ba45f104929c47bd04b386699cff6e31907789a9b9c2a1b
341,14.117,0.112936,0xccec7b7038524b1cb9aa90835dbc3564153c95ee,2017-08-28T02:08:29.000Z,0.008,0x9bcf65b343509ccb2d4599132c63331b4d9b01ee,sell,0x94298f1e0ab2dfad6eeffb1426846a3c29d98090,0xc4abae2c149799b22cfee51d9827d563e41c400aa501565e0e01f306251de05f
342,142.5,1.055925,0x8dbc04433b09e2b4e514f9fa531dde469f2c00bd,2017-08-28T01:59:10.000Z,0.00741,0x9bcf65b343509ccb2d4599132c63331b4d9b01ee,sell,0x94298f1e0ab2dfad6eeffb1426846a3c29d98090,0x7c22f9fde4af32eefbb9c14835b24ac1c7115a9cd00d23d715c51f89f697af82
343,46.8,0.374868,0x82463b8da463abc4db27a43c06d687ef889232e9,2017-08-28T01:58:45.000Z,0.00801,0x9bcf65b343509ccb2d4599132c63331b4d9b01ee,sell,0x94298f1e0ab2dfad6eeffb1426846a3c29d98090,0xc1daa640002865a2238850709c90f859c8d6fa1e9ba59abbef6e9d8e6eac3d84
344,0.101,0.0009999,0x19de9c84f86860b001d8d347d17bbeadd0aed5c1,2017-08-27T22:55:23.000Z,0.0099,0x9bcf65b343509ccb2d4599132c63331b4d9b01ee,buy,0x94298f1e0ab2dfad6eeffb1426846a3c29d98090,0xba9ae3de76ab0622006e3dd443754612b646119057d8571dd8764c355ff07e91
345,3,0.032715,0x19de9c84f86860b001d8d347d17bbeadd0aed5c1,2017-08-27T22:44:36.000Z,0.010905,0x0024a5046fd95c5eee6db19a69ef7ed3bacd50f1,buy,0x94298f1e0ab2dfad6eeffb1426846a3c29d98090,0x789af40fc910ca32f2008ad86ee4e9e687638e2324817e9142e077eef50951e6
346,16.46272852,0.17944372445419202,0x30c317af18487c9c303f1911634ed2021f03f1cb,2017-08-27T21:29:16.000Z,0.010899999002971592,0xfd7997b32e69e101e1035d0d7530df1a79edf807,buy,0x94298f1e0ab2dfad6eeffb1426846a3c29d98090,0x3befd5d8a22e94c17209e799fc91dd9aa494927b6343d60b55fe26521a8b0e11
347,13.2,0.105732,0x82463b8da463abc4db27a43c06d687ef889232e9,2017-08-27T19:56:49.000Z,0.00801,0x656f1a01aa42d84dd7eaa649b89575822befc703,sell,0x94298f1e0ab2dfad6eeffb1426846a3c29d98090,0x3bf7890ebbc6b9e5e9607b3e67c01654ec74f5f0c70db4a31543940ce4d56cc8
348,3,0.024,0x0024a5046fd95c5eee6db19a69ef7ed3bacd50f1,2017-08-27T09:31:17.000Z,0.008,0x73fe4fce5f4ffc7ba40b1ee9fbaf143e1fdc02d0,buy,0x94298f1e0ab2dfad6eeffb1426846a3c29d98090,0x26e71399bcbfa4c3a98d2d5b12918b79f70f246b014eaef9d9409a3849d046d9
349,57.3490612,0.6308396732130396,0xab6fa888d6778ccd5994808543bc428b2e92b81d,2017-08-27T05:40:15.000Z,0.011000000000227371,0xcb8c470ade68afc21e307891fc3cfdf37f960b6d,buy,0x94298f1e0ab2dfad6eeffb1426846a3c29d98090,0x537a2b132d99ab02daf16ed73d16e14959b793bc1f909807f1ace7f1a764b18a
350,44.189,0.486079,0xab6fa888d6778ccd5994808543bc428b2e92b81d,2017-08-27T05:18:27.000Z,0.011,0x9bade2672149119afd0b0f35e2fef89946ddde0f,buy,0x94298f1e0ab2dfad6eeffb1426846a3c29d98090,0x9010de788d15ef390e8b9a1f44a514631097c0cd294642e2a9c8521551c046ff
351,3,0.03,0x73fe4fce5f4ffc7ba40b1ee9fbaf143e1fdc02d0,2017-08-27T03:13:36.000Z,0.01,0xcb8c470ade68afc21e307891fc3cfdf37f960b6d,sell,0x94298f1e0ab2dfad6eeffb1426846a3c29d98090,0xc5a7eddb364450e5b7d2a3bd8630392498cba031d8e84a1b80543c0e43d3572e
352,22.404,0.22404,0x8e9c452137dde7c13f9e7267d1f4af4e36fcdae4,2017-08-26T23:31:59.000Z,0.01,0xfe2bf579ef19a52709cfd1d43893584c4fb6a536,buy,0x94298f1e0ab2dfad6eeffb1426846a3c29d98090,0xed30999664341ad37219d86604f6e289cbcd5d092bff04a71f820ed10ef57082
353,302.94,3.7715999706,0x8e9c452137dde7c13f9e7267d1f4af4e36fcdae4,2017-08-26T23:29:31.000Z,0.01244999,0xb902ba6e3272e66c74035d7e30f4fa9279bd56f9,buy,0x94298f1e0ab2dfad6eeffb1426846a3c29d98090,0x5b767144acbb901169a8df061de4eb3e2c0ac4f7d6ab8f96a747a28a566f3199
354,235.677,2.35441323,0x8e9c452137dde7c13f9e7267d1f4af4e36fcdae4,2017-08-26T23:27:43.000Z,0.00999,0x1fdf047bf7a114b37e7936d01e9cad754ad18803,buy,0x94298f1e0ab2dfad6eeffb1426846a3c29d98090,0x6d30da0b134dfc8a76b9a8788e7245bddae7344143df9cf4c236570eca764f4e
355,249.44156657,1.920700062589,0x1a54b73bcdabb0c484db6b68ba87144f3b9c4335,2017-08-26T17:47:15.000Z,0.0077,0x2d42b7be072d69379af9cc671b085a2cf9549a08,sell,0x94298f1e0ab2dfad6eeffb1426846a3c29d98090,0xacd684d2722394acf175e6b84221ac71a68f62fa886084872ffa259bb95cd06f
356,163,1.2714,0x2e280b5ece9f08fc3ec91c6243f5be7a3ca83cc3,2017-08-26T14:32:07.000Z,0.0078,0x2d42b7be072d69379af9cc671b085a2cf9549a08,sell,0x94298f1e0ab2dfad6eeffb1426846a3c29d98090,0x295c8353985a9e522452cb6a494bca2b4a9b076c8b9642bc625e567c31d7fedc
357,8.84993997,0.10044681875198612,0x2d42b7be072d69379af9cc671b085a2cf9549a08,2017-08-26T14:13:07.000Z,0.01135000001045048,0x2d42b7be072d69379af9cc671b085a2cf9549a08,buy,0x94298f1e0ab2dfad6eeffb1426846a3c29d98090,0xd81875de5cb02241f6b747250eff10c1ef0086b13c658cec87ce5c5f2e707432
358,10.13364925,0.104376587289849,0xdb532c361345611c1aca94f4ace8a846f8262709,2017-08-26T12:57:52.000Z,0.010300000001465316,0x1fdf047bf7a114b37e7936d01e9cad754ad18803,buy,0x94298f1e0ab2dfad6eeffb1426846a3c29d98090,0x2c6085d13467c68da59a1b121a8f8ee8e88e5c9f5df3acc4f43d80723de0dca0
359,97,0.83032,0x8dbc04433b09e2b4e514f9fa531dde469f2c00bd,2017-08-26T11:41:06.000Z,0.00856,0x2e280b5ece9f08fc3ec91c6243f5be7a3ca83cc3,sell,0x94298f1e0ab2dfad6eeffb1426846a3c29d98090,0xc033ab054babcf1c64473076f23213691209dc1f6476935ae52081fc6863a381
360,134.433,1.1561238,0x1fdf047bf7a114b37e7936d01e9cad754ad18803,2017-08-26T11:39:18.000Z,0.0086,0x2e280b5ece9f08fc3ec91c6243f5be7a3ca83cc3,sell,0x94298f1e0ab2dfad6eeffb1426846a3c29d98090,0xee1ec3a1e5c62f429ca59ade249af50d356cd6254620dab39d6e4c3f07191b3c
361,1.942,0.0200026,0xdb532c361345611c1aca94f4ace8a846f8262709,2017-08-26T11:19:57.000Z,0.0103,0x1fdf047bf7a114b37e7936d01e9cad754ad18803,buy,0x94298f1e0ab2dfad6eeffb1426846a3c29d98090,0x37fa6bd160f3f213babf10f9d16911b8d9ee9363cce2dd9646f1731c63c8a0a2
362,0.00005096,0.000000993828711297,0xe4f6ba0c933075f37ef4a3ec6ea715f39be9ea6e,2017-08-26T11:13:25.000Z,0.019502133267209575,0xe4f6ba0c933075f37ef4a3ec6ea715f39be9ea6e,buy,0x94298f1e0ab2dfad6eeffb1426846a3c29d98090,0xa41b63784b8b3fdfb07eb54a82ad3a532246f6b13caec0bcceb91069edf278f0
363,15.56674309,0.133873990574,0x1fdf047bf7a114b37e7936d01e9cad754ad18803,2017-08-26T10:31:05.000Z,0.0086,0x83ed35c2af39a05971f44dbe95a27fa0fff8c569,sell,0x94298f1e0ab2dfad6eeffb1426846a3c29d98090,0x799be225ff90760d31e68e8ddadc8e14a12a9aff65d0a3206ddb69e87b6015b8
364,71.15006002,0.8075531812480139,0x933fbe8da58f479b2bbc48bc906cd0eb02827046,2017-08-26T08:10:29.000Z,0.011350000000295346,0x2d42b7be072d69379af9cc671b085a2cf9549a08,buy,0x94298f1e0ab2dfad6eeffb1426846a3c29d98090,0x2708c34a61f73b2d40458522661635eb1e7b548254eadf1ae97676e2ad4b9afa
365,100,1,0x933fbe8da58f479b2bbc48bc906cd0eb02827046,2017-08-26T08:08:13.000Z,0.01,0x1fdf047bf7a114b37e7936d01e9cad754ad18803,buy,0x94298f1e0ab2dfad6eeffb1426846a3c29d98090,0xc5a2406edd80faf5f1a47295cd59f2970428d8dbf7ce6e1c2a3fbdf941b2676e
366,163.21466826,1.632146666278533,0x933fbe8da58f479b2bbc48bc906cd0eb02827046,2017-08-26T08:05:25.000Z,0.0099999999,0xfc73413d8dcc28d271cde376835edf6690fa91a8,buy,0x94298f1e0ab2dfad6eeffb1426846a3c29d98090,0x2d12398acd5fbf48aa962b537d9c209cd69ad90c35f3fe8aba667bc79a737fb0
367,200,1.42,0x2e280b5ece9f08fc3ec91c6243f5be7a3ca83cc3,2017-08-26T06:51:53.000Z,0.0071,0xfc73413d8dcc28d271cde376835edf6690fa91a8,sell,0x94298f1e0ab2dfad6eeffb1426846a3c29d98090,0x722e0f88113ff3932f0759a00a70f0a394645dbcfc8c82a8c85ba4fe62901a67
368,250,1.8,0x67c8d4cfa960edeef6bcae17582f95ed56cdc1f2,2017-08-26T06:47:49.000Z,0.0072,0xfc73413d8dcc28d271cde376835edf6690fa91a8,sell,0x94298f1e0ab2dfad6eeffb1426846a3c29d98090,0x2e1093a635ea7518240371db420517c8aef6fe76c8c08dc6ea942c1c3a7e31a4
369,40.0309042,0.30823796234,0x2e280b5ece9f08fc3ec91c6243f5be7a3ca83cc3,2017-08-26T06:37:38.000Z,0.0077,0xfc73413d8dcc28d271cde376835edf6690fa91a8,sell,0x94298f1e0ab2dfad6eeffb1426846a3c29d98090,0x85a6ed03852e3d95425f0b169b02707d08800b18501930473c5c667f88f0200a
370,150,1.1715,0x67c8d4cfa960edeef6bcae17582f95ed56cdc1f2,2017-08-26T06:37:31.000Z,0.00781,0xfc73413d8dcc28d271cde376835edf6690fa91a8,sell,0x94298f1e0ab2dfad6eeffb1426846a3c29d98090,0x6dedaa7dfc3a99330b0b8a9ca57a55a8edaac5fd9646d7b7fc885e9fa717fc66
371,200,1.56,0x2e280b5ece9f08fc3ec91c6243f5be7a3ca83cc3,2017-08-26T06:37:31.000Z,0.0078,0xfc73413d8dcc28d271cde376835edf6690fa91a8,sell,0x94298f1e0ab2dfad6eeffb1426846a3c29d98090,0xe7330028b651a63cab2206f749031b85559128acee8567843dec309d17c4637d
372,100,0.78,0x2e280b5ece9f08fc3ec91c6243f5be7a3ca83cc3,2017-08-26T05:23:30.000Z,0.0078,0xfc73413d8dcc28d271cde376835edf6690fa91a8,sell,0x94298f1e0ab2dfad6eeffb1426846a3c29d98090,0xaf8bae1b5239de3a71dcaa171fba5c33a8d197f3c3138785f44f2c9a274bd0d5
373,20,0.166,0x2e280b5ece9f08fc3ec91c6243f5be7a3ca83cc3,2017-08-26T05:03:38.000Z,0.0083,0xfc73413d8dcc28d271cde376835edf6690fa91a8,sell,0x94298f1e0ab2dfad6eeffb1426846a3c29d98090,0xe0ad9c04babcf2398e33e84b3072874b2a1caf584d900a39d4a146fe16db9054
374,100,0.8,0x2e280b5ece9f08fc3ec91c6243f5be7a3ca83cc3,2017-08-26T05:03:38.000Z,0.008,0xfc73413d8dcc28d271cde376835edf6690fa91a8,sell,0x94298f1e0ab2dfad6eeffb1426846a3c29d98090,0x558a43a183d3bd4e854416e7469d1561fb4542fbf8139a06b6b23386f6419e5b
375,16.79188037,0.14580408196339406,0x8dbc04433b09e2b4e514f9fa531dde469f2c00bd,2017-08-26T05:03:37.000Z,0.008683011,0xfc73413d8dcc28d271cde376835edf6690fa91a8,sell,0x94298f1e0ab2dfad6eeffb1426846a3c29d98090,0x50b04d39ea6d60dc83ac8657927dcaec90f88fd967158caa70e69ea726651a2d
376,0.37387312,0.003252696144,0x2d42b7be072d69379af9cc671b085a2cf9549a08,2017-08-26T04:52:09.000Z,0.0087,0x82463b8da463abc4db27a43c06d687ef889232e9,sell,0x94298f1e0ab2dfad6eeffb1426846a3c29d98090,0x699b1f347fa55eaafc7a8856df3441deeac69937ed8b90f0a76a158d600e25e3
377,83,0.7138,0x2e280b5ece9f08fc3ec91c6243f5be7a3ca83cc3,2017-08-26T04:50:13.000Z,0.0086,0x82463b8da463abc4db27a43c06d687ef889232e9,buy,0x94298f1e0ab2dfad6eeffb1426846a3c29d98090,0xfe6adb8059dddcae4c2adcda915df3d9a1612b6d2b4c6ef8de95c43a4e6760f8
378,150,1.305,0x67c8d4cfa960edeef6bcae17582f95ed56cdc1f2,2017-08-26T04:39:04.000Z,0.0087,0xfc73413d8dcc28d271cde376835edf6690fa91a8,sell,0x94298f1e0ab2dfad6eeffb1426846a3c29d98090,0x9ce32259a281166223feffd1d6b0da0df802036f658d2d3703aa128973b504d3
379,100,0.841,0x1fdf047bf7a114b37e7936d01e9cad754ad18803,2017-08-26T04:36:38.000Z,0.00841,0xfc73413d8dcc28d271cde376835edf6690fa91a8,sell,0x94298f1e0ab2dfad6eeffb1426846a3c29d98090,0x8f03ac2dc667df10667a69da669bc5cb9b6539808fa0ea9b308c1b3ceca1edab
380,50,0.425,0x2e280b5ece9f08fc3ec91c6243f5be7a3ca83cc3,2017-08-26T04:36:11.000Z,0.0085,0xfc73413d8dcc28d271cde376835edf6690fa91a8,sell,0x94298f1e0ab2dfad6eeffb1426846a3c29d98090,0xba730c808829a02f5d67bdc30f4d4cb61d43395381a65ccc63651ba7b6ce75aa
381,200,1.76,0x67c8d4cfa960edeef6bcae17582f95ed56cdc1f2,2017-08-26T04:31:33.000Z,0.0088,0xfc73413d8dcc28d271cde376835edf6690fa91a8,sell,0x94298f1e0ab2dfad6eeffb1426846a3c29d98090,0xb299b0602599009e251c8ca27076a8ec244c9bb9e4dd8e5c8108ffc8b708342e
382,23.98278248,0.208650207576,0x82463b8da463abc4db27a43c06d687ef889232e9,2017-08-26T04:19:57.000Z,0.0087,0xfc73413d8dcc28d271cde376835edf6690fa91a8,sell,0x94298f1e0ab2dfad6eeffb1426846a3c29d98090,0x3946721b9171abe200dc9fadb93a5996ecf8cf90f0c11c98715d1f85fdf19d55
383,44,0.396,0x0006d50465bbd36394383345a4facc1a1064f18d,2017-08-26T04:16:48.000Z,0.009,0xfc73413d8dcc28d271cde376835edf6690fa91a8,sell,0x94298f1e0ab2dfad6eeffb1426846a3c29d98090,0xd6864b6ede68195a32b94bec5546675c6076e29b80fdcb8ec3b8a63526aaf366
384,77.38012163,0.704159106833,0x67c8d4cfa960edeef6bcae17582f95ed56cdc1f2,2017-08-26T04:14:45.000Z,0.0091,0xfc73413d8dcc28d271cde376835edf6690fa91a8,sell,0x94298f1e0ab2dfad6eeffb1426846a3c29d98090,0x3ee024d1fed607c6ca92f32156440389ad17075d66e8a12e5f667e98abf5734e
385,0.1,0.00105,0x2d42b7be072d69379af9cc671b085a2cf9549a08,2017-08-26T04:06:29.000Z,0.0105,0xfc73413d8dcc28d271cde376835edf6690fa91a8,sell,0x94298f1e0ab2dfad6eeffb1426846a3c29d98090,0xe70a503b2a2a7e148e73ca27de001447d8c53c4065b6fdfcc008c37d41aecf36
386,50,0.45,0x2e280b5ece9f08fc3ec91c6243f5be7a3ca83cc3,2017-08-26T04:06:29.000Z,0.009,0xfc73413d8dcc28d271cde376835edf6690fa91a8,sell,0x94298f1e0ab2dfad6eeffb1426846a3c29d98090,0xa4315a0176fcdef61de60c8cf6598bd2f25912e7aae89bc257cac2e1deeb44d1
387,122.61987837,1.115840893167,0x67c8d4cfa960edeef6bcae17582f95ed56cdc1f2,2017-08-26T04:06:04.000Z,0.0091,0xfc73413d8dcc28d271cde376835edf6690fa91a8,sell,0x94298f1e0ab2dfad6eeffb1426846a3c29d98090,0x8e4b9c22e4fe672b439c4c95a2c58200a14d299b6737778b8a35a9dbc898b538
