,amount,amountBase,buyer,date,price,seller,side,tokenAddr,txHash
0,1,0.04,0x327de23f8dd66a9ab2b517c41bd3f123796d03eb,2017-11-02T10:33:38.000Z,0.04,0x9ea4c1eb5f68551b411f686055e1a85d97160f37,buy,0x1776e1f26f98b1a5df9cd347953a26dd3cb46671,0x8613d3c4a648a1da76f6dee7d0acaaec4a419fef3ba39684d2b1ec070ac5b9f3
1,1,0.04,0x327de23f8dd66a9ab2b517c41bd3f123796d03eb,2017-11-02T10:28:21.000Z,0.04,0x9ea4c1eb5f68551b411f686055e1a85d97160f37,buy,0x1776e1f26f98b1a5df9cd347953a26dd3cb46671,0x5d0b578a0f122ce318f7b1c3960a5ed8397ea9239e86d2c69f48f9c5895cf398
2,1,0.04,0x327de23f8dd66a9ab2b517c41bd3f123796d03eb,2017-11-02T10:16:06.000Z,0.04,0x9ea4c1eb5f68551b411f686055e1a85d97160f37,buy,0x1776e1f26f98b1a5df9cd347953a26dd3cb46671,0xe4e38c70cd59cbd78fa1087fb40a17c5bd62db48ebf43adfdacc280100c26d09
3,1,0.04,0x327de23f8dd66a9ab2b517c41bd3f123796d03eb,2017-11-02T10:02:03.000Z,0.04,0x9ea4c1eb5f68551b411f686055e1a85d97160f37,buy,0x1776e1f26f98b1a5df9cd347953a26dd3cb46671,0xa4b6931ccde2700967cbe376aaf1a227858eb052c184184163b80ad2f91e1cd9
4,55,1.87,0x575e3fa1608ec75e20d91b383f15186d1228fe98,2017-11-01T12:51:35.000Z,0.034,0x9ea4c1eb5f68551b411f686055e1a85d97160f37,sell,0x1776e1f26f98b1a5df9cd347953a26dd3cb46671,0xd7490bb0fb4bcd2a86558cd168ae51d88eccd5e434f628150ef5dbfc84452f45
5,24.362,0.8672872,0x575e3fa1608ec75e20d91b383f15186d1228fe98,2017-11-01T12:50:33.000Z,0.0356,0x9ea4c1eb5f68551b411f686055e1a85d97160f37,sell,0x1776e1f26f98b1a5df9cd347953a26dd3cb46671,0x1469e9148489ddf74ff4fcfc2f913e233ce33d9784e46c8a191784bd2edf3968
6,8.637725371973017,0.3075030232422394,0x575e3fa1608ec75e20d91b383f15186d1228fe98,2017-11-01T11:44:41.000Z,0.0356,0x9e1477cd68e8e375705ccb3dcf5764fe901de3ef,sell,0x1776e1f26f98b1a5df9cd347953a26dd3cb46671,0x80aa44327b262f8d7f63998e450080a50dc4bb88692420c281c213ce21d86ff8
7,22,0.7986,0x575e3fa1608ec75e20d91b383f15186d1228fe98,2017-11-01T11:43:21.000Z,0.0363,0x9e1477cd68e8e375705ccb3dcf5764fe901de3ef,sell,0x1776e1f26f98b1a5df9cd347953a26dd3cb46671,0xedb60d9fbc8ab2bac501d3dd5aecd6dd6d4e5737e3976c53ca248e11f1dba387
8,4.212859102067664,0.16008864587857122,0xc11f32a3d45a3dc54b34234dd2b9f46292e69c02,2017-11-01T11:43:21.000Z,0.038,0x9e1477cd68e8e375705ccb3dcf5764fe901de3ef,sell,0x1776e1f26f98b1a5df9cd347953a26dd3cb46671,0x017d442068179675b980f851dd3936375cb9ff961730d9b012122e1c83e11be5
9,11,0.4081,0x575e3fa1608ec75e20d91b383f15186d1228fe98,2017-11-01T11:43:21.000Z,0.0371,0x9e1477cd68e8e375705ccb3dcf5764fe901de3ef,sell,0x1776e1f26f98b1a5df9cd347953a26dd3cb46671,0x408d73bfbf8b960ea2155f1962d24e0c57473ad800ddfa5ae5a717dd0bb74599
10,34.841989831522284,1.3239956135978466,0xc11f32a3d45a3dc54b34234dd2b9f46292e69c02,2017-11-01T11:42:31.000Z,0.038,0x8fd2515a5b29e61220ee080d484d1f2ea4c46e6b,sell,0x1776e1f26f98b1a5df9cd347953a26dd3cb46671,0x9d83adf95a83fe19563b34ffa53e60247d27c42bfdbe5341f62086dcf70494a1
11,0.25358184354,0.010726511981742,0x9e991aacfe62f4bf93c13343cf1f9711e90017d9,2017-11-01T05:50:44.000Z,0.0423,0x575e3fa1608ec75e20d91b383f15186d1228fe98,buy,0x1776e1f26f98b1a5df9cd347953a26dd3cb46671,0x391aa87b3367642d3dcdadb60399df329363c4683937b2925158edc4e6c62c90
12,44.649151066410056,1.6966677405235822,0xc11f32a3d45a3dc54b34234dd2b9f46292e69c02,2017-11-01T00:26:12.000Z,0.038,0x9ea4c1eb5f68551b411f686055e1a85d97160f37,sell,0x1776e1f26f98b1a5df9cd347953a26dd3cb46671,0x12cd2ed7ed38edd1a571de11eab850dc749fdef246fa35655ff39130e4991cfc
13,55,2.0955,0x575e3fa1608ec75e20d91b383f15186d1228fe98,2017-11-01T00:24:39.000Z,0.0381,0x9ea4c1eb5f68551b411f686055e1a85d97160f37,sell,0x1776e1f26f98b1a5df9cd347953a26dd3cb46671,0x03af53eb267778991afb848bcffd4064a062962aa884ee98f01e3e9376f4c07f
14,0.0118691544413,0.000463027583909554,0x3dee4a4e076e8d82859d241db0baf46f112cfa23,2017-10-31T05:08:46.000Z,0.039010999999999976,0xe444a40689f51f63bcd29910622035707d533d29,sell,0x1776e1f26f98b1a5df9cd347953a26dd3cb46671,0x7fb88742c336149af624f893bbffdfade42bb50fb0266fdc97fead9caa6128af
15,0.5,0.0215,0x4199ba01be30272c2d5c16ee1ac4caf7d2f2524d,2017-10-31T04:10:14.000Z,0.043,0x575e3fa1608ec75e20d91b383f15186d1228fe98,buy,0x1776e1f26f98b1a5df9cd347953a26dd3cb46671,0x3849b83894da3600a535b8eb53c2372ddae1128640257195b5d4b9be81da0039
16,0.01045082781,0.000407592745868637,0xf36990a2cb4d609e0a7d4f3bf884c0342d81fd3d,2017-10-30T02:49:44.000Z,0.039001000999999924,0x16e5d97bbc92417e051e3b2cabfbf8ceea2acb9c,sell,0x1776e1f26f98b1a5df9cd347953a26dd3cb46671,0xc6c7000bf0f211b4d1388fcd8b98b211a5c5ab19b711579ecb645fc40ab151d6
17,0.009405745029,0.000366833471281774,0xf36990a2cb4d609e0a7d4f3bf884c0342d81fd3d,2017-10-30T02:48:43.000Z,0.039001000999999993,0x379374d13077e8867ef31803c37baf9785a17c00,sell,0x1776e1f26f98b1a5df9cd347953a26dd3cb46671,0x9e759de5117086cb7dd29980a3aa1af624ff6ec4ac315e6efe084bc601cfd3a9
18,14.55622286837173,0.5531364689981257,0x575e3fa1608ec75e20d91b383f15186d1228fe98,2017-10-29T21:54:11.000Z,0.038,0x009a12d4290630bc01fd82516ac57c1dc6a9bcfb,sell,0x1776e1f26f98b1a5df9cd347953a26dd3cb46671,0x795235d2e7e28b7764fdf8167541f955cf4722e4759ddafba66a2fdc36c5a0c1
19,11,0.429,0x575e3fa1608ec75e20d91b383f15186d1228fe98,2017-10-29T21:53:37.000Z,0.039,0x009a12d4290630bc01fd82516ac57c1dc6a9bcfb,sell,0x1776e1f26f98b1a5df9cd347953a26dd3cb46671,0x3f067ae99261bdb959b372b6472d7136a48edd3bd9097456c7bdb2d2fc6e42e1
20,25.634347159263683,1.001021256569247,0x009a12d4290630bc01fd82516ac57c1dc6a9bcfb,2017-10-29T21:06:00.000Z,0.03905,0x9ea4c1eb5f68551b411f686055e1a85d97160f37,sell,0x1776e1f26f98b1a5df9cd347953a26dd3cb46671,0xde1477a099ff9aa5c4e0875c17a2ea7dba6d7fd61276ed73afa300db0a194005
21,41.852,1.67408,0xc11f32a3d45a3dc54b34234dd2b9f46292e69c02,2017-10-29T21:04:05.000Z,0.04,0x9ea4c1eb5f68551b411f686055e1a85d97160f37,sell,0x1776e1f26f98b1a5df9cd347953a26dd3cb46671,0x8c6e21ef8113ee6d8cf2c56f47f8815958433d448855cf73057ee99dfaf3cea7
22,22,0.968,0x9ea4c1eb5f68551b411f686055e1a85d97160f37,2017-10-29T14:27:14.000Z,0.044,0x575e3fa1608ec75e20d91b383f15186d1228fe98,buy,0x1776e1f26f98b1a5df9cd347953a26dd3cb46671,0xd31595def4f82459111dc1367d1e107edc2c10287a67c43e1ce2cac47d466c17
23,4.4415581161904765,0.18654544088,0x9ea4c1eb5f68551b411f686055e1a85d97160f37,2017-10-29T14:05:06.000Z,0.042,0x575e3fa1608ec75e20d91b383f15186d1228fe98,buy,0x1776e1f26f98b1a5df9cd347953a26dd3cb46671,0x7d35eaee656014788b2a83eec89008fbfa8239353ce98f1eb6c8e754a6160f2b
24,0.011904761904761904,0.0005,0xe444a40689f51f63bcd29910622035707d533d29,2017-10-28T20:49:29.000Z,0.042,0x575e3fa1608ec75e20d91b383f15186d1228fe98,buy,0x1776e1f26f98b1a5df9cd347953a26dd3cb46671,0xdbd3778b2439ae5ab3ba3ba5389579cab3f72338e93510195ec9878db84b5122
25,0.011904761904761904,0.0005,0x34f9560c63078eb61872a4dc2ccd20e21c34feaf,2017-10-28T20:49:29.000Z,0.042,0x575e3fa1608ec75e20d91b383f15186d1228fe98,buy,0x1776e1f26f98b1a5df9cd347953a26dd3cb46671,0xc6527906a5f67a716530fd1eaa2b9b9e13c2fbe28a3c222b7f1cfd9229abf658
26,6.53463236,0.27445455912,0xde59610af2a21676d3eada6a8e53c51f706903ea,2017-10-28T19:29:35.000Z,0.042,0x575e3fa1608ec75e20d91b383f15186d1228fe98,buy,0x1776e1f26f98b1a5df9cd347953a26dd3cb46671,0xf2b4ec6a1d3cac9939cc449cdb515c0f067e1d0039fa541650263f63db620a8b
27,6,0.24006,0x21e44945d526361d4a193a2f899844e1c4991c97,2017-10-27T12:32:08.000Z,0.04001,0x9ea4c1eb5f68551b411f686055e1a85d97160f37,sell,0x1776e1f26f98b1a5df9cd347953a26dd3cb46671,0xda72bdd4746c1a07d7c0fd08bae585ac806062f9725932171819f9597fb71b31
28,0.197,0.008471,0xbceab479e392974f044099a8bc5b2a371159eb5e,2017-10-27T12:32:08.000Z,0.043,0x9ea4c1eb5f68551b411f686055e1a85d97160f37,sell,0x1776e1f26f98b1a5df9cd347953a26dd3cb46671,0x5fb39189b79e46df624b2bcae01a3fe62961bad9dbe5119a8e9c431f786dbb3f
29,10,0.41,0xe5ad28858161fe7dc6900a69e0cf9f5c5de17ae5,2017-10-27T12:32:08.000Z,0.041,0x9ea4c1eb5f68551b411f686055e1a85d97160f37,sell,0x1776e1f26f98b1a5df9cd347953a26dd3cb46671,0xcbf63cce40c32ad7e7a08416914c6d44e7e995c7317691fb41e15f73d76b7622
30,0.7459300076739366,0.03207499032997927,0xc11f32a3d45a3dc54b34234dd2b9f46292e69c02,2017-10-27T12:31:03.000Z,0.043,0x9ea4c1eb5f68551b411f686055e1a85d97160f37,sell,0x1776e1f26f98b1a5df9cd347953a26dd3cb46671,0x739243207a0880f64194db8f6439758c44355d739c5afb95307249385da13699
31,9.872395573721464,0.4245130096700229,0xc11f32a3d45a3dc54b34234dd2b9f46292e69c02,2017-10-27T05:14:29.000Z,0.043,0x828afb810208e8a9d5b2a27a02e0f0add4e48312,sell,0x1776e1f26f98b1a5df9cd347953a26dd3cb46671,0xa5fab2dc65b9e64b1b905c6f8babcffee8d209632950ed25a520a2740f3f9f4b
32,10,0.5,0x5a7f52c42526ddb16755d0681ddc80be166c2ff6,2017-10-27T04:23:51.000Z,0.05,0x9ea4c1eb5f68551b411f686055e1a85d97160f37,buy,0x1776e1f26f98b1a5df9cd347953a26dd3cb46671,0x8c4378009283f54fe372d67c20b9eaa016748d3dffe22c9d9bcd24eaeaf7f05b
33,5,0.25,0x21e44945d526361d4a193a2f899844e1c4991c97,2017-10-27T01:29:06.000Z,0.05,0x9ea4c1eb5f68551b411f686055e1a85d97160f37,sell,0x1776e1f26f98b1a5df9cd347953a26dd3cb46671,0x7adbd40420898c9aa793f58508277fbbe06e3ab597f51ee1d0a45ba5e0fd8ed9
34,8,0.4,0xd409b9ebfe7edda1dd4b5605821654aa5152e3bd,2017-10-27T01:00:38.000Z,0.05,0xc11f32a3d45a3dc54b34234dd2b9f46292e69c02,sell,0x1776e1f26f98b1a5df9cd347953a26dd3cb46671,0x8d6cb406e9f008106a25ef70daf5932a918e1794be786b8771ee4843fb25109d
35,5.553269592787264,0.23879059248985235,0xc11f32a3d45a3dc54b34234dd2b9f46292e69c02,2017-10-27T00:02:27.000Z,0.043,0xf142f26d1cac4ba8a6e6d7974d243eda2fe5f4f9,sell,0x1776e1f26f98b1a5df9cd347953a26dd3cb46671,0x399117eef8f71cb562bfe7a5b396fedb1a145c8dcbed90d8aafae0fa1b5d1ea6
36,1.9106477052786968,0.08215785132698396,0xc11f32a3d45a3dc54b34234dd2b9f46292e69c02,2017-10-26T14:27:00.000Z,0.043,0x3dee4a4e076e8d82859d241db0baf46f112cfa23,sell,0x1776e1f26f98b1a5df9cd347953a26dd3cb46671,0xa66d40f6babed8ef216cf524889cee4b83a4c6b69d1346d1ff8cb196adf32a75
37,4.39,0.3951,0x8083cdca84f7de4b4011b8a4bb92560ab656833c,2017-10-26T14:06:04.000Z,0.09,0xc11f32a3d45a3dc54b34234dd2b9f46292e69c02,sell,0x1776e1f26f98b1a5df9cd347953a26dd3cb46671,0xdcecc2a8ce92ba4f69010bb17489e327d1f02e387868011e0b189c99fcab290a
38,1.6089237587238285,0.06435855927271186,0x3dee4a4e076e8d82859d241db0baf46f112cfa23,2017-10-25T02:56:20.000Z,0.040001,0xad440e6b26dd3a044a97294bf87c017d7fb81c67,sell,0x1776e1f26f98b1a5df9cd347953a26dd3cb46671,0x22ee4831753b0a8ad79bbbb13fc6e94c3b7d7207c83c98c474ce7e5d26c0ea6f
39,0.3076469544412322,0.011076213300747682,0x3dee4a4e076e8d82859d241db0baf46f112cfa23,2017-10-22T19:40:17.000Z,0.036003,0xa300e3aa8e5c53a93e598ba6e685a84a9cd1059c,sell,0x1776e1f26f98b1a5df9cd347953a26dd3cb46671,0xbb7da6491ac31d1be9ec7cee430f6cd081963c9a4f7c02b1c754031be9e25dad
40,0.01,0.0009,0x6cdea8e07bf82d7a07dbf36642d6e5be8623845c,2017-10-22T14:09:53.000Z,0.09,0x8ee9a07945a5e44d10cee2a4e2a26efc40cf46f2,buy,0x1776e1f26f98b1a5df9cd347953a26dd3cb46671,0x95a07e9235e90e4790414bf790daee67afc48883a3f9f71aa23dd047eae905e8
41,0.005555555555555555,0.0005,0xf9695cd65d6dfdf257fab76a3eb0cb8f001971cc,2017-10-22T11:40:40.000Z,0.09000000000000001,0x8ee9a07945a5e44d10cee2a4e2a26efc40cf46f2,buy,0x1776e1f26f98b1a5df9cd347953a26dd3cb46671,0x06ff8262e00147bb278fdd4da81956dd26d34afcc635913e50a221c1b8e72b35
42,3.9876383212042668,0.18343136277539626,0x575e3fa1608ec75e20d91b383f15186d1228fe98,2017-10-21T08:13:24.000Z,0.046,0xaaa21488d380648c240a6444996b8ee81fb5b762,sell,0x1776e1f26f98b1a5df9cd347953a26dd3cb46671,0xd48267a732d42863ef48f62c1b09fb3c34872fde2ee691c078045be8aca2d5c3
43,30.139116738111852,1.3863993699531452,0x575e3fa1608ec75e20d91b383f15186d1228fe98,2017-10-21T08:13:24.000Z,0.046,0x9778550d76b07ac9f5e57392f68ecdf6efc1774e,sell,0x1776e1f26f98b1a5df9cd347953a26dd3cb46671,0x13dbf4ecc11d780b5f1814b67451758106b07a65a6ee0bc49d55c61fda1dae5d
44,24.484,1.150748,0x575e3fa1608ec75e20d91b383f15186d1228fe98,2017-10-21T08:11:56.000Z,0.047,0x9778550d76b07ac9f5e57392f68ecdf6efc1774e,sell,0x1776e1f26f98b1a5df9cd347953a26dd3cb46671,0xb848107b4ecf471a50d4b083b9dd9e91b5cf4bc25e98054c41393de62ab55577
45,19,0.912,0x575e3fa1608ec75e20d91b383f15186d1228fe98,2017-10-21T06:21:30.000Z,0.048,0x097501c95264ad3204159efaefdc5820783dbeae,sell,0x1776e1f26f98b1a5df9cd347953a26dd3cb46671,0x1ab63ed36f5de8cf597982927bee77ea3234c5390af62da523e710162af62287
46,11.895935707683073,0.5829008496764705,0x575e3fa1608ec75e20d91b383f15186d1228fe98,2017-10-21T06:00:31.000Z,0.049,0x097501c95264ad3204159efaefdc5820783dbeae,sell,0x1776e1f26f98b1a5df9cd347953a26dd3cb46671,0xeb1f47ba64aa17206f2976d8f7188c0e97270245eb2866ad1f967c4bf27d5b31
47,6,0.3,0x575e3fa1608ec75e20d91b383f15186d1228fe98,2017-10-21T05:57:22.000Z,0.05,0x097501c95264ad3204159efaefdc5820783dbeae,sell,0x1776e1f26f98b1a5df9cd347953a26dd3cb46671,0xe66e5dcac9dc53aaa307815234b11fd159935bb683756c4b65d9f6da9db13ce7
48,0.009433962264150943,0.0005,0x379374d13077e8867ef31803c37baf9785a17c00,2017-10-18T19:13:30.000Z,0.053000000000000005,0x575e3fa1608ec75e20d91b383f15186d1228fe98,buy,0x1776e1f26f98b1a5df9cd347953a26dd3cb46671,0x4f81927e8489d543bd687b4413a09b74c618db10c6a7796451ac6bfefb26e972
49,1,0.059,0x3ac636ac5c3a2576156ac5f10066ca68abe0ad54,2017-10-18T19:10:49.000Z,0.059,0x575e3fa1608ec75e20d91b383f15186d1228fe98,buy,0x1776e1f26f98b1a5df9cd347953a26dd3cb46671,0xe009c250ced37fa03a8b43fe4e58fd7be8b0dbe785f7d3c10d31ffc8b89ca42b
50,0.010482180293501049,0.0005,0x16e5d97bbc92417e051e3b2cabfbf8ceea2acb9c,2017-10-17T18:03:04.000Z,0.0477,0x575e3fa1608ec75e20d91b383f15186d1228fe98,buy,0x1776e1f26f98b1a5df9cd347953a26dd3cb46671,0x85b953ab3865a00b5ae058f6b97cde355b297a1a9162aa80e5a5b42c402790d2
51,0.012195121951219513,0.0005,0xcd912af5286dc0b0a23edb30209734ecb60838b3,2017-10-17T05:46:11.000Z,0.041,0x575e3fa1608ec75e20d91b383f15186d1228fe98,buy,0x1776e1f26f98b1a5df9cd347953a26dd3cb46671,0x0b49fa9aa7087efc9ec702c3e6d4446166d24aeea40f2475a64dd7e49b733d7b
52,5,0.205,0x6d9f5cbb8d3e724c3b35b437fe4faae6c4de5554,2017-10-17T02:53:20.000Z,0.041,0x575e3fa1608ec75e20d91b383f15186d1228fe98,buy,0x1776e1f26f98b1a5df9cd347953a26dd3cb46671,0xfd88919d0c95b0c5ba881f416f665bc902dccca0401c7c3b7a11095cb48702cf
53,5,0.19,0x6d9f5cbb8d3e724c3b35b437fe4faae6c4de5554,2017-10-17T02:49:32.000Z,0.038,0x575e3fa1608ec75e20d91b383f15186d1228fe98,buy,0x1776e1f26f98b1a5df9cd347953a26dd3cb46671,0x93693e88443adeb0b9f0c284761055e6787200bf35f952a47192be63f0352950
54,8.102,0.315978,0xf142f26d1cac4ba8a6e6d7974d243eda2fe5f4f9,2017-10-16T16:10:48.000Z,0.039,0x575e3fa1608ec75e20d91b383f15186d1228fe98,buy,0x1776e1f26f98b1a5df9cd347953a26dd3cb46671,0xf12755fa76d6c877e50b3ddc86e1dda1256b637b2f8b77bb5b78d69c4af8de59
55,15.538,0.590444,0xf142f26d1cac4ba8a6e6d7974d243eda2fe5f4f9,2017-10-16T16:10:44.000Z,0.038,0x9ea4c1eb5f68551b411f686055e1a85d97160f37,buy,0x1776e1f26f98b1a5df9cd347953a26dd3cb46671,0x9e0ffb82550b06d760f17ec476ae21abfa9d8d0caa8791859c5399364728b637
56,4,0.152,0xaaa21488d380648c240a6444996b8ee81fb5b762,2017-10-16T00:56:06.000Z,0.038,0x9ea4c1eb5f68551b411f686055e1a85d97160f37,buy,0x1776e1f26f98b1a5df9cd347953a26dd3cb46671,0x1bbf9df5656d0e4915a70920c4f43f3257acd375ac251f2c187980cadaad3d4b
57,0.000000000000889179,0.000000000000034678,0x9a63a5c363275ec2c2f80af302c60a7809a1e1e2,2017-10-13T22:06:49.000Z,0.03900002136802601,0x575e3fa1608ec75e20d91b383f15186d1228fe98,buy,0x1776e1f26f98b1a5df9cd347953a26dd3cb46671,0xd7a99d96501d337b0a409c63814c129d946a30bf31fefa94fc21b065a3372a50
58,0.000000008919362615,0.000000000347855142,0x9a63a5c363275ec2c2f80af302c60a7809a1e1e2,2017-10-13T22:01:21.000Z,0.03900000000168173,0x575e3fa1608ec75e20d91b383f15186d1228fe98,buy,0x1776e1f26f98b1a5df9cd347953a26dd3cb46671,0xecfc61ac49c7775e1be7038547a2ceb8c064bcbf8d916aa10ed6d203634dd059
59,0.00008947012610541,0.000003489334918111,0x9a63a5c363275ec2c2f80af302c60a7809a1e1e2,2017-10-13T21:58:34.000Z,0.03900000000000011,0x575e3fa1608ec75e20d91b383f15186d1228fe98,buy,0x1776e1f26f98b1a5df9cd347953a26dd3cb46671,0x1eb6404af69eb967c71e0830f8a4dfd26a989ded5cf2afee933f2a5ab76eb8b4
60,0.8974748349634308,0.0350015185635738,0x9a63a5c363275ec2c2f80af302c60a7809a1e1e2,2017-10-13T21:54:48.000Z,0.039,0x575e3fa1608ec75e20d91b383f15186d1228fe98,buy,0x1776e1f26f98b1a5df9cd347953a26dd3cb46671,0x533c9d9d82e52cc950719a25244206baf7be22a04ccc17fadde56cf832cd19f9
61,11,0.363,0x575e3fa1608ec75e20d91b383f15186d1228fe98,2017-10-13T19:17:28.000Z,0.033,0x9ea4c1eb5f68551b411f686055e1a85d97160f37,sell,0x1776e1f26f98b1a5df9cd347953a26dd3cb46671,0x5dd24aa96e9e02cbea73c3797a44b2b741dd8cc02962d9abeabdaa5b4c01d9df
62,18.1,0.6878,0xe90a15e9f9acf3e6a7ed6f44992db6701f9bb32f,2017-10-13T18:20:44.000Z,0.038,0x9ea4c1eb5f68551b411f686055e1a85d97160f37,sell,0x1776e1f26f98b1a5df9cd347953a26dd3cb46671,0xcf84bf2e86799c1b356f271d36df06c8afc834f438221f0428a2ac70461c0b8a
63,2,0.078,0xc6f781aba6232641260eb66ea49889728d244234,2017-10-13T16:57:25.000Z,0.039,0x575e3fa1608ec75e20d91b383f15186d1228fe98,buy,0x1776e1f26f98b1a5df9cd347953a26dd3cb46671,0xa174500fa94467103a99e2d786cb2686d5856b7ce8229984ebcc0eef9c4837ef
64,2.9,0.1102,0xe90a15e9f9acf3e6a7ed6f44992db6701f9bb32f,2017-10-11T16:35:49.000Z,0.038,0xe5c1283aa9c253561da1eb1200483ec0d998f634,sell,0x1776e1f26f98b1a5df9cd347953a26dd3cb46671,0xacaf2d2f7b2f2b60a6b8eb4b0103217dadef03d0429e344cb242442ed804331d
65,6,0.27,0x9a63a5c363275ec2c2f80af302c60a7809a1e1e2,2017-10-11T12:32:34.000Z,0.045,0x575e3fa1608ec75e20d91b383f15186d1228fe98,buy,0x1776e1f26f98b1a5df9cd347953a26dd3cb46671,0x26fb04c78663d79b3dc6e2706fccb1ca732a8a846f405be0e78b462a9db6a0ac
66,4,0.172,0xff64f34e8511693e3dffa0e1fe037a6a65f3937b,2017-10-11T12:18:08.000Z,0.043,0x575e3fa1608ec75e20d91b383f15186d1228fe98,buy,0x1776e1f26f98b1a5df9cd347953a26dd3cb46671,0xec7c8c2c7ee305e36892383951772fb5025b09ba399b8a73b8f3ecc9b4561b7d
67,8,0.3136,0x575e3fa1608ec75e20d91b383f15186d1228fe98,2017-10-09T21:28:39.000Z,0.0392,0xe5c1283aa9c253561da1eb1200483ec0d998f634,sell,0x1776e1f26f98b1a5df9cd347953a26dd3cb46671,0x542e9c6bba4f625eb303dd5ea3115e317cdb78946b1089a40606e4e16da19421
68,4,0.16024,0x575e3fa1608ec75e20d91b383f15186d1228fe98,2017-10-09T21:28:07.000Z,0.04006,0xe5c1283aa9c253561da1eb1200483ec0d998f634,sell,0x1776e1f26f98b1a5df9cd347953a26dd3cb46671,0xdebb1b4e26288ea4204b043205b762a5d0e18664c7844643aeff3b57a31a865b
69,0.354,0.0166557,0x5d5065b42bdee0274e394ba9042c21e1818c69cf,2017-10-09T21:27:18.000Z,0.04705,0xe5c1283aa9c253561da1eb1200483ec0d998f634,sell,0x1776e1f26f98b1a5df9cd347953a26dd3cb46671,0x66cbe52ab1f8548ae38343a24b00aac33c959461b89759922346a70ddaebfd2f
70,8.131083768896048,0.34963660206253006,0x575e3fa1608ec75e20d91b383f15186d1228fe98,2017-10-08T22:44:36.000Z,0.043,0x097501c95264ad3204159efaefdc5820783dbeae,sell,0x1776e1f26f98b1a5df9cd347953a26dd3cb46671,0x3b8a4d7fdea85ea5667a8b2a446cf3c547088c5895527c55bc20045a0f820376
71,1,0.052,0x0249924245a19aa2d7f5ddb0739a7132b7d094ab,2017-10-08T19:18:58.000Z,0.052,0x575e3fa1608ec75e20d91b383f15186d1228fe98,buy,0x1776e1f26f98b1a5df9cd347953a26dd3cb46671,0x7bb5a1a11b701baafce4ba87bb2240d5b1ce36040ea2c63eee9718d3de935d6e
72,24.84728524904468,1.0684332657089213,0x575e3fa1608ec75e20d91b383f15186d1228fe98,2017-10-08T18:05:53.000Z,0.043,0xf142f26d1cac4ba8a6e6d7974d243eda2fe5f4f9,sell,0x1776e1f26f98b1a5df9cd347953a26dd3cb46671,0x8ec7994285cab5a25ba10469d76ee74f65976f1a0f567751720614403836528e
73,22,0.99,0x575e3fa1608ec75e20d91b383f15186d1228fe98,2017-10-08T18:02:19.000Z,0.045,0xf142f26d1cac4ba8a6e6d7974d243eda2fe5f4f9,sell,0x1776e1f26f98b1a5df9cd347953a26dd3cb46671,0x80b58abd857ae9d41a41c2c614c4daa7b92eb47b7547817cca79596c9fc0f418
74,10.052935898713987,0.4729906340344931,0x575e3fa1608ec75e20d91b383f15186d1228fe98,2017-10-08T18:00:17.000Z,0.04705,0xf142f26d1cac4ba8a6e6d7974d243eda2fe5f4f9,sell,0x1776e1f26f98b1a5df9cd347953a26dd3cb46671,0xb73f983f16a0d8d49f46e2c88288b94f0d9b11b8b9d539f9c90207a8a48ecff4
75,0.9470641012860134,0.04455936596550693,0x575e3fa1608ec75e20d91b383f15186d1228fe98,2017-10-08T08:26:29.000Z,0.04705,0xa297217c4e7ef5f6ffbf40992b12676fc4aad75b,sell,0x1776e1f26f98b1a5df9cd347953a26dd3cb46671,0xa340c6e02c97af3c172d16f1f8e3175046859e08f8d346fb16634382b6eb79a3
76,10,0.58,0x7544b7da3bd457908108ab38e2a0dd65de3a6b09,2017-10-04T22:48:52.000Z,0.058,0x1fdf047bf7a114b37e7936d01e9cad754ad18803,buy,0x1776e1f26f98b1a5df9cd347953a26dd3cb46671,0x5e4b93f612049cc7a732b82b1cf0aba5e143c33899df0c63384e2d5b1ad98715
77,5.231,0.298167,0x7544b7da3bd457908108ab38e2a0dd65de3a6b09,2017-10-04T22:45:32.000Z,0.057,0xe570c0980bce80fe9be2a231dade76b1276301e4,buy,0x1776e1f26f98b1a5df9cd347953a26dd3cb46671,0x3c91b65f474452265d3a3b36ef370ecf45237120dfd19fcf6447c93a7ba3dc0f
78,1.5651480410726748,0.07512710597148839,0x575e3fa1608ec75e20d91b383f15186d1228fe98,2017-10-03T02:03:23.000Z,0.048,0x5f0e2c05cda2cb62b1daabed1b683407bf699ad7,sell,0x1776e1f26f98b1a5df9cd347953a26dd3cb46671,0x06f43257fdd83a8962b99f07fe1400b9912aa819e974dd0be34855d3f8140b85
79,6,0.342,0xe57f8364c4a07e8b586882c2337afc2c981b969e,2017-10-01T05:13:06.000Z,0.057,0x575e3fa1608ec75e20d91b383f15186d1228fe98,buy,0x1776e1f26f98b1a5df9cd347953a26dd3cb46671,0x11c02ba386e8c5a3093b233be9752e1feb9a07b132997b81bd114006d2f96f79
80,3,0.165,0xe57f8364c4a07e8b586882c2337afc2c981b969e,2017-10-01T05:06:25.000Z,0.055,0x575e3fa1608ec75e20d91b383f15186d1228fe98,buy,0x1776e1f26f98b1a5df9cd347953a26dd3cb46671,0x318f43a3d292f8738de18d694c4ccad06c1665cd2b49a845eb21ec91a73a0016
81,0.1,0.0064,0xa0be78d2bac6a692adba423c7af50ec86a18bddf,2017-09-28T13:20:15.000Z,0.064,0x4d98209eb16773cd4c2304936d0f5f078dff7122,buy,0x1776e1f26f98b1a5df9cd347953a26dd3cb46671,0x4c0c90349d1a561b162f4715588ae4fb31796b598b6acb133352dbb048a95185
82,1.769,0.114985,0x6fb2aeefa97fe1e4eb36d7f096691209a3c64d39,2017-09-28T06:20:36.000Z,0.065,0xe570c0980bce80fe9be2a231dade76b1276301e4,buy,0x1776e1f26f98b1a5df9cd347953a26dd3cb46671,0x1a9c25a26b8924c62c16adbc44209cedf1519dbed4359af1ed42734ee89712e9
83,6.44,0.37352,0x6fb2aeefa97fe1e4eb36d7f096691209a3c64d39,2017-09-28T06:13:05.000Z,0.058,0xe570c0980bce80fe9be2a231dade76b1276301e4,buy,0x1776e1f26f98b1a5df9cd347953a26dd3cb46671,0x55ed7ae4c351ce4844d679ed5a789e3561feb70a42890391219181d1d2e7fbeb
84,12.261538786165042,0.6253384780944171,0xe90a15e9f9acf3e6a7ed6f44992db6701f9bb32f,2017-09-27T12:38:08.000Z,0.051,0x1943d4b6ef3e8b4cbf217a515483129832526f1c,sell,0x1776e1f26f98b1a5df9cd347953a26dd3cb46671,0xa5df996f0a75e6eb00f6b0b1e3c08f0450eb4f19ed1bf4cf07cb356eebdaf664
85,4.985,0.26919,0x014b317376c3d7789ee4df3f70bacf3cff7e1462,2017-09-26T08:35:02.000Z,0.054,0xed056e6274b609c963ff13633c96f02525f5e913,sell,0x1776e1f26f98b1a5df9cd347953a26dd3cb46671,0x8b499939cfa9a4d8ad1614081d88a182110a27875ed90e3532d8d8dfb1f95fb6
86,4,0.224,0xbceab479e392974f044099a8bc5b2a371159eb5e,2017-09-26T01:11:54.000Z,0.056,0x575e3fa1608ec75e20d91b383f15186d1228fe98,buy,0x1776e1f26f98b1a5df9cd347953a26dd3cb46671,0xf189f83a951ab4fa5057a9a80d8d352cfabdec8c0ba592b5c6e04a7d5d5b029b
87,0.0074403654706,0.0004017797354124,0x014b317376c3d7789ee4df3f70bacf3cff7e1462,2017-09-25T11:53:26.000Z,0.054,0x18a902dc44442205b4ba2b1dc038e67506d22c55,sell,0x1776e1f26f98b1a5df9cd347953a26dd3cb46671,0xaae7b8944b7bba68f267f9598a014619bf86fdb1091a784e74d763926ff06e34
88,0.000000000005819269,0.00000000000031424,0x014b317376c3d7789ee4df3f70bacf3cff7e1462,2017-09-25T10:34:29.000Z,0.0539999096106401,0x534cacb922c009e510fb25e0d89d307d15a8392f,sell,0x1776e1f26f98b1a5df9cd347953a26dd3cb46671,0x771bfda21d946b8418ff9b44497bedfcdcc7686998eb971d91d757d9d23dbd84
89,0.00847457627118644,0.0005,0x23ee598e50ff1b1bde1022bf3c8a41d4c23321a0,2017-09-25T00:44:08.000Z,0.059000000000000004,0x575e3fa1608ec75e20d91b383f15186d1228fe98,buy,0x1776e1f26f98b1a5df9cd347953a26dd3cb46671,0xfcae9ae5a7eeab04ca1fb9ec5a752a6c8f22ef69717446292a9f3bd6495d1be6
90,0.00847457627118644,0.0005,0xe5a759eb3e214ff0a2bbbea31acc41c9bf27b239,2017-09-25T00:26:02.000Z,0.059000000000000004,0x575e3fa1608ec75e20d91b383f15186d1228fe98,buy,0x1776e1f26f98b1a5df9cd347953a26dd3cb46671,0x5d2d7bde61b32c81b05699a2281666e04d8649097f1dde5e8e1fdc2e40b6f436
91,0.00847457627118644,0.0005,0x160506e5a5ce5dadd43623689f53d5aa1f288f0f,2017-09-25T00:13:10.000Z,0.059000000000000004,0x575e3fa1608ec75e20d91b383f15186d1228fe98,buy,0x1776e1f26f98b1a5df9cd347953a26dd3cb46671,0x3d5624a81ebee3686613e65d11b84fd4845ae8ad68c5b61134c81881bbcb9e4c
92,0.0074403654706,0.0004017797354124,0x014b317376c3d7789ee4df3f70bacf3cff7e1462,2017-09-24T23:29:23.000Z,0.054,0xd868b838b5de79f1e540b5d83c9e9a3d0b3810cd,sell,0x1776e1f26f98b1a5df9cd347953a26dd3cb46671,0x98bb64846aba1ce70b465a97655044f12ea441c1896e443f26e0ad53799f3511
93,0.00714387769681383,0.0005,0xc22f5ab4f1591613a92b4d172cc7f4e4a5af58cd,2017-09-24T00:02:30.000Z,0.06999000000000001,0x9ea4c1eb5f68551b411f686055e1a85d97160f37,buy,0x1776e1f26f98b1a5df9cd347953a26dd3cb46671,0xf58e4151b3d03070a56d8b666aa99faf6ad92489ae1cffdac404b3c177953af5
94,0.00714387769681383,0.0005,0x452b06f1c61cff4c9bebaa405319a7c3b12553a2,2017-09-23T23:57:20.000Z,0.06999000000000001,0x9ea4c1eb5f68551b411f686055e1a85d97160f37,buy,0x1776e1f26f98b1a5df9cd347953a26dd3cb46671,0xae4d472ef55d0c6c322b62d65e9ae67a8b964c1b32aa54e2467ec7a2b6967cd8
95,0.992,0.065472,0x014b317376c3d7789ee4df3f70bacf3cff7e1462,2017-09-23T21:47:00.000Z,0.066,0x4d98209eb16773cd4c2304936d0f5f078dff7122,buy,0x1776e1f26f98b1a5df9cd347953a26dd3cb46671,0x13a63ba47db2cd40d0fbddcdb03b2dde4a7214a9b812936e270b9906c6462412
96,0.007575757575757575,0.0005,0x2ba19ec4bcd5ae8de66b110bde5ebf41092bd02f,2017-09-23T19:18:58.000Z,0.066,0x4d98209eb16773cd4c2304936d0f5f078dff7122,buy,0x1776e1f26f98b1a5df9cd347953a26dd3cb46671,0x888ed77bad5813e2a757afe9239f223df92934e2f9e40f99470a62fb5f324010
97,0.007462686567164179,0.0005,0x18a902dc44442205b4ba2b1dc038e67506d22c55,2017-09-23T16:26:29.000Z,0.067,0x575e3fa1608ec75e20d91b383f15186d1228fe98,buy,0x1776e1f26f98b1a5df9cd347953a26dd3cb46671,0xb31ac69afbcfb2b0888e47e3fc597ca501a03b29bad2b9d17016439f743271d4
98,0.007462686567164179,0.0005,0xd868b838b5de79f1e540b5d83c9e9a3d0b3810cd,2017-09-23T16:24:55.000Z,0.067,0x575e3fa1608ec75e20d91b383f15186d1228fe98,buy,0x1776e1f26f98b1a5df9cd347953a26dd3cb46671,0x430bb09032a48ca20826de67b36804423c163cd0ec10c120fc732627cfd5baee
99,0.08,0.00536,0x636d925f140f761f7a0e600db2177dd068ddada1,2017-09-23T11:03:00.000Z,0.067,0x575e3fa1608ec75e20d91b383f15186d1228fe98,buy,0x1776e1f26f98b1a5df9cd347953a26dd3cb46671,0x833a4c0bde50c5103d2c909fcfa53dcbb6c369856f8c5bf9ac518dcfcc60e9f6
100,0.02,0.00134,0x636d925f140f761f7a0e600db2177dd068ddada1,2017-09-23T11:02:51.000Z,0.067,0x575e3fa1608ec75e20d91b383f15186d1228fe98,buy,0x1776e1f26f98b1a5df9cd347953a26dd3cb46671,0x84e90180376cc190bf34890e44befaec7d8d9499291fb7faee3244a689622d33
101,4,0.236,0x014b317376c3d7789ee4df3f70bacf3cff7e1462,2017-09-23T00:41:27.000Z,0.059,0x575e3fa1608ec75e20d91b383f15186d1228fe98,buy,0x1776e1f26f98b1a5df9cd347953a26dd3cb46671,0x137ea11d00010def9f7501b4abfbc9e53f7daa1683426dfed1f4b89472a33d4b
102,4.922655172413793,0.285514,0x014b317376c3d7789ee4df3f70bacf3cff7e1462,2017-09-23T00:41:22.000Z,0.058,0xe570c0980bce80fe9be2a231dade76b1276301e4,buy,0x1776e1f26f98b1a5df9cd347953a26dd3cb46671,0xeb613b9dfb55f494e7556ec36f91c24bd86180f2f28a7c55e68a63995cc1c12a
103,5,0.29,0x014b317376c3d7789ee4df3f70bacf3cff7e1462,2017-09-23T00:36:16.000Z,0.058,0xe570c0980bce80fe9be2a231dade76b1276301e4,buy,0x1776e1f26f98b1a5df9cd347953a26dd3cb46671,0x19c60cbcd8beb7b405cac44c341cccb29e51c6170c63687cbc6c2b5ae49a5ad0
104,10,0.58,0x014b317376c3d7789ee4df3f70bacf3cff7e1462,2017-09-22T22:55:27.000Z,0.058,0xece818b4f34c4419b1721340ec0a46b9d88637bc,buy,0x1776e1f26f98b1a5df9cd347953a26dd3cb46671,0xd6637388c58ac337349679f9bc78cb7ab68b6c18d27b5e5c9777e9f98c93fc3d
105,0.008620689655172414,0.0005,0x999dbc9673afdd6b6c140c261297f89de35ff1b3,2017-09-22T06:15:09.000Z,0.058,0xe570c0980bce80fe9be2a231dade76b1276301e4,buy,0x1776e1f26f98b1a5df9cd347953a26dd3cb46671,0x920f98237eae0dabcaaa3d72f6bb035c4118a8baddb1ebb02551a867bb32447e
106,0.008620689655172414,0.0005,0x999dbc9673afdd6b6c140c261297f89de35ff1b3,2017-09-22T05:33:49.000Z,0.058,0xe570c0980bce80fe9be2a231dade76b1276301e4,buy,0x1776e1f26f98b1a5df9cd347953a26dd3cb46671,0x1d3821db7a5115dcaf0a5881c211e79e0f777a55629275cd3c1cd320115b0f30
107,0.008620689655172414,0.0005,0x8612d2a48328bbf318b856ed0daaa4a7034383d0,2017-09-22T05:25:42.000Z,0.058,0xe570c0980bce80fe9be2a231dade76b1276301e4,buy,0x1776e1f26f98b1a5df9cd347953a26dd3cb46671,0x4cce9d3d8e8736f66bc74ac045c981c5ca347208f6de554b801af8a463d3cc92
108,0.008620689655172414,0.0005,0x10c12555236fa11fc988be565ab70c82a4660ecf,2017-09-22T05:23:51.000Z,0.058,0xe570c0980bce80fe9be2a231dade76b1276301e4,buy,0x1776e1f26f98b1a5df9cd347953a26dd3cb46671,0xd776bc368d3145ec833608f6d899cdd231393bf08d9f6bd5c9a1bcb6c96f1269
109,0.017,0.000986,0x19b78488b79c6a45d4e060f05a2b35c4873f25c5,2017-09-22T05:15:28.000Z,0.058,0xe570c0980bce80fe9be2a231dade76b1276301e4,buy,0x1776e1f26f98b1a5df9cd347953a26dd3cb46671,0xbe69370e68bceaaaf31739bf3f1665993bb69a477e6197b44a3e99a9b0d84556
110,0.008620689655172414,0.0005,0x8f28b1970e72adb11173044ebc762800e3128238,2017-09-22T05:09:50.000Z,0.058,0xe570c0980bce80fe9be2a231dade76b1276301e4,buy,0x1776e1f26f98b1a5df9cd347953a26dd3cb46671,0x39f3985a0756305f0a3aea8038298a223437fa70563529d7ccf16d9e65ccbb6e
111,0.008620689655172414,0.0005,0x7ed2114439b24152cf18c02c10cae681a7ca2adc,2017-09-22T05:08:25.000Z,0.058,0xe570c0980bce80fe9be2a231dade76b1276301e4,buy,0x1776e1f26f98b1a5df9cd347953a26dd3cb46671,0x66b21a8d5757e0ab7e194a5264d16cfc5c8e025167fe596eec65635b084bb835
112,0.008620689655172414,0.0005,0x03dd03643b71b06642179afb38211c0f45699bc5,2017-09-22T04:58:58.000Z,0.058,0xe570c0980bce80fe9be2a231dade76b1276301e4,buy,0x1776e1f26f98b1a5df9cd347953a26dd3cb46671,0xfa74ef52ec2701cfb06d0f85b02034559460ce55ece275b0be511db48af9b26f
113,0.09871420374876222,0.005626709613679446,0x575e3fa1608ec75e20d91b383f15186d1228fe98,2017-09-21T19:07:26.000Z,0.056999999999999995,0xe570c0980bce80fe9be2a231dade76b1276301e4,sell,0x1776e1f26f98b1a5df9cd347953a26dd3cb46671,0x49bae2663a5fcb6a234b0d14c8f2fe823cc5264e0535f5bac4a84f8f0edd6333
114,3.9876383212042668,0.2033695543814176,0x575e3fa1608ec75e20d91b383f15186d1228fe98,2017-09-21T18:15:36.000Z,0.051,0xe570c0980bce80fe9be2a231dade76b1276301e4,sell,0x1776e1f26f98b1a5df9cd347953a26dd3cb46671,0xf41a58be4b9dafe60fc86c67de502895444537328835e8ee70eedab0cf525787
115,32.90128579625124,1.8753732903863205,0x575e3fa1608ec75e20d91b383f15186d1228fe98,2017-09-20T00:45:23.000Z,0.057,0x097501c95264ad3204159efaefdc5820783dbeae,sell,0x1776e1f26f98b1a5df9cd347953a26dd3cb46671,0xa4805131056f6bfd6838849ad85032bf5feb77fce49e439d4b43c68a055ee50e
116,0.167,0.010521,0xcdaa02719ede8291e0c0588e343377b0406d5a71,2017-09-19T00:35:52.000Z,0.063,0x575e3fa1608ec75e20d91b383f15186d1228fe98,buy,0x1776e1f26f98b1a5df9cd347953a26dd3cb46671,0x882e8f134d67a67eb192ea14ec3103b877948f6742bf9b9befd19aa33ad6d07f
117,32.79782219616614,1.9678693317699685,0xe90a15e9f9acf3e6a7ed6f44992db6701f9bb32f,2017-09-18T16:14:14.000Z,0.06,0x097501c95264ad3204159efaefdc5820783dbeae,sell,0x1776e1f26f98b1a5df9cd347953a26dd3cb46671,0x4abf7b225a4c02300f42a5302d9d108072e3e75697b9063da0cf02c239e39414
118,4,0.264,0x112f2fc612a62c5e7c17e76750a8250ca7f09708,2017-09-17T11:43:48.000Z,0.066,0x575e3fa1608ec75e20d91b383f15186d1228fe98,buy,0x1776e1f26f98b1a5df9cd347953a26dd3cb46671,0x97759fd3fd2b584cc703ef331d8ca6ea46893b4e07f3c8af684b34d2724a186f
119,0.054,0.004428,0x926faf4321846800c037bef00d1fb9fac45813b9,2017-09-17T05:02:38.000Z,0.082,0x8ee9a07945a5e44d10cee2a4e2a26efc40cf46f2,buy,0x1776e1f26f98b1a5df9cd347953a26dd3cb46671,0xb0378f0d9a293162ee50cd907853c91021902d6f292132b9632d5e7fcfc2efa5
120,0.006097560975609756,0.0005,0x42c24a83bded723edfdf5883bc7efb30bc1a1bf3,2017-09-16T17:40:20.000Z,0.082,0x8ee9a07945a5e44d10cee2a4e2a26efc40cf46f2,buy,0x1776e1f26f98b1a5df9cd347953a26dd3cb46671,0x912fc693b1b3f3ae9efd08d00b4139cbb0b1686ad97fce997acc50a02caf60ba
121,0.006097560975609756,0.0005,0x0f657c396dfcd6c59bb82b89fc3adbe5f90ce153,2017-09-16T15:52:04.000Z,0.082,0x8ee9a07945a5e44d10cee2a4e2a26efc40cf46f2,buy,0x1776e1f26f98b1a5df9cd347953a26dd3cb46671,0x95c6498629eacbc76c479d63d85b6f27ecdf54b72d412e14866cf49ef002396a
122,0.006097560975609756,0.0005,0x1f8ac99600c61189d92c85cc760735b9e0067a60,2017-09-16T15:49:08.000Z,0.082,0x8ee9a07945a5e44d10cee2a4e2a26efc40cf46f2,buy,0x1776e1f26f98b1a5df9cd347953a26dd3cb46671,0xc6307c7d3b207d8a87daa920eaf985e6b3e9872aaeec318d8b246a86b788ca01
123,8.842587977270462,0.5482404545907686,0x575e3fa1608ec75e20d91b383f15186d1228fe98,2017-09-16T13:55:22.000Z,0.062,0xfd7997b32e69e101e1035d0d7530df1a79edf807,sell,0x1776e1f26f98b1a5df9cd347953a26dd3cb46671,0x04a59e19a3740f3cd6477d13400e56bc51a4edd5845fc3f402b93998311a58c2
124,0.9695664837919414,0.06785995820059798,0x112f2fc612a62c5e7c17e76750a8250ca7f09708,2017-09-16T12:02:39.000Z,0.06999,0x575e3fa1608ec75e20d91b383f15186d1228fe98,buy,0x1776e1f26f98b1a5df9cd347953a26dd3cb46671,0xf2e764eb55bb0d44ecf3a866619272ef35c1c91df3eb64e031ea92e2d85c46da
125,7.030433516208059,0.492060041799402,0x112f2fc612a62c5e7c17e76750a8250ca7f09708,2017-09-16T11:29:03.000Z,0.06999,0x575e3fa1608ec75e20d91b383f15186d1228fe98,buy,0x1776e1f26f98b1a5df9cd347953a26dd3cb46671,0xea9111ced8aa1385a66aa64cb4f620890ca4f934a2e7dda37c5ece429e790ef1
126,4,0.268,0x168c73ba8f3c0f4e034ef7249571e3a8ba50875a,2017-09-16T00:23:22.000Z,0.067,0x575e3fa1608ec75e20d91b383f15186d1228fe98,buy,0x1776e1f26f98b1a5df9cd347953a26dd3cb46671,0x4f99cb15d6f9ce5f619f615edf026a564d2c7ebd35b28606422a14e99ec739f3
127,0.006097560975609756,0.0005,0x8b24d80c6dd6e1af5a000e03ca8f00886a05f6f5,2017-09-15T04:23:57.000Z,0.082,0x8ee9a07945a5e44d10cee2a4e2a26efc40cf46f2,buy,0x1776e1f26f98b1a5df9cd347953a26dd3cb46671,0xca664766c22bcf305b44abc9f9dfe3cfb6055701fe370d4b651ca63f48fc7acc
128,0.000000058373078165,0.000000003619130846,0x575e3fa1608ec75e20d91b383f15186d1228fe98,2017-09-14T16:30:11.000Z,0.061999999996059825,0x534cacb922c009e510fb25e0d89d307d15a8392f,sell,0x1776e1f26f98b1a5df9cd347953a26dd3cb46671,0x3023406d2efd3d8cc566bf517b771af49a7b3ce439efc55a7e6f7d6edc79b84c
129,0.6632250024922739,0.04111995015452098,0x575e3fa1608ec75e20d91b383f15186d1228fe98,2017-09-14T10:07:32.000Z,0.062,0x1394c471f18197a919426483a75d1b1a6694fdf1,sell,0x1776e1f26f98b1a5df9cd347953a26dd3cb46671,0xd02d72740e15752511d72ef2f2148264fcc5f560664dd782385e21cce515de8a
130,0.573,0.036672,0x575e3fa1608ec75e20d91b383f15186d1228fe98,2017-09-14T10:04:11.000Z,0.064,0x1394c471f18197a919426483a75d1b1a6694fdf1,sell,0x1776e1f26f98b1a5df9cd347953a26dd3cb46671,0xa65f9040737ed7221616c8f0fceed9fa0681621619db1ab0082b9d304d26e3e4
131,9.426698995571112,0.6033087357165512,0x575e3fa1608ec75e20d91b383f15186d1228fe98,2017-09-14T03:57:08.000Z,0.064,0xf71e48a86109f40405859ecefd78b4374e03f68d,sell,0x1776e1f26f98b1a5df9cd347953a26dd3cb46671,0xbf3388c1a1c0dfc02b30b935c47b8b6daa5b1408e1d91d54b5b4f54ea092fe34
132,5,0.33,0x575e3fa1608ec75e20d91b383f15186d1228fe98,2017-09-14T03:55:09.000Z,0.066,0xf71e48a86109f40405859ecefd78b4374e03f68d,sell,0x1776e1f26f98b1a5df9cd347953a26dd3cb46671,0x3a4441350cff178a4c3495722469c537e77df940b1ea580291f0c09c35c3687c
133,14.999,0.9914339,0xed056e6274b609c963ff13633c96f02525f5e913,2017-09-14T03:54:13.000Z,0.0661,0xf71e48a86109f40405859ecefd78b4374e03f68d,sell,0x1776e1f26f98b1a5df9cd347953a26dd3cb46671,0xea5d1b959793c97ff86dbce2fc151f5b93cd3cf235e6cf1cf66d3d3561ef2bcb
134,0.000585540347072862,0.000038704216941516,0xed056e6274b609c963ff13633c96f02525f5e913,2017-09-13T22:54:22.000Z,0.0660999999999997,0x534cacb922c009e510fb25e0d89d307d15a8392f,sell,0x1776e1f26f98b1a5df9cd347953a26dd3cb46671,0xe06d223459744c2cc478a5439f5bf99b1bb06be58a8bca1f4e81f86ea80ffa2b
135,0.00510204081632653,0.0005,0x4c2fb430e95954bcfa54ce4741a9fc2ff6e415ad,2017-09-13T21:16:42.000Z,0.09800000000000002,0x575e3fa1608ec75e20d91b383f15186d1228fe98,buy,0x1776e1f26f98b1a5df9cd347953a26dd3cb46671,0x1ab713c1a210a77a94c8956ff42af876b5bd4d32a500725c3db17147e4f2cf08
136,14.954449742556005,0.9666556313588202,0xed056e6274b609c963ff13633c96f02525f5e913,2017-09-13T17:02:33.000Z,0.06464,0x097501c95264ad3204159efaefdc5820783dbeae,sell,0x1776e1f26f98b1a5df9cd347953a26dd3cb46671,0xc500465fc11eb00b9349b259874726a8bfe621c93f46d833bcf92d6ff39aa518
137,175.56119008074967,9.357428987422965,0x7b6b2f3c88ce2ecedc01c545f13faf36034d772f,2017-09-13T03:03:00.000Z,0.0533001,0x6c3ba3f0d3679ea62cf6bc51cee595e61e36bfb7,sell,0x1776e1f26f98b1a5df9cd347953a26dd3cb46671,0x1990f0cbab3439c6ac49c49498b9d8e3ee937c59182c545529a6e3c247d8e448
138,0.001,0.00001,0x57b00c981363c67b11e07eaa71364bf20e8025fe,2017-09-12T04:13:48.000Z,0.01,0xf1e65cd0b31fcb8713ac1902002b262d57c9da33,sell,0x1776e1f26f98b1a5df9cd347953a26dd3cb46671,0x5aded318ec443075ca8b528ac90f9e74fa64db489407566b106e15358ec0d30d
139,0.001,0.000001,0xf1e65cd0b31fcb8713ac1902002b262d57c9da33,2017-09-12T03:33:26.000Z,0.001,0x57b00c981363c67b11e07eaa71364bf20e8025fe,sell,0x1776e1f26f98b1a5df9cd347953a26dd3cb46671,0x72e3355b1bd2030480f90a01f6dc44442a65d433e20df580067de66dc80a63e5
140,0.043864021533246936,0.003114345528860532,0x575e3fa1608ec75e20d91b383f15186d1228fe98,2017-09-11T20:38:28.000Z,0.071,0x1943d4b6ef3e8b4cbf217a515483129832526f1c,sell,0x1776e1f26f98b1a5df9cd347953a26dd3cb46671,0x46d299e2ab5202231213517746f66a80ca450d0b23e723f22290186ed41d125e
141,14.943674608712989,1.0161698733924833,0x575e3fa1608ec75e20d91b383f15186d1228fe98,2017-09-11T05:58:58.000Z,0.068,0xdcf93441dd681e2cac27bff4d6db7e5036f25bad,sell,0x1776e1f26f98b1a5df9cd347953a26dd3cb46671,0x0136881e166e9c07da4d099d2ddc3cc743654fe708cece10c63c6b97d895078f
142,5.873555221487871,0.39940175506117526,0x575e3fa1608ec75e20d91b383f15186d1228fe98,2017-09-11T05:04:46.000Z,0.068,0x534cacb922c009e510fb25e0d89d307d15a8392f,sell,0x1776e1f26f98b1a5df9cd347953a26dd3cb46671,0x5fa086038adf9f3d617e9e4c145029e69f8e9d728b5a42d4758f229243d5f9c7
143,9.959126744835961,0.7070979988833533,0x575e3fa1608ec75e20d91b383f15186d1228fe98,2017-09-11T04:52:45.000Z,0.071,0x534cacb922c009e510fb25e0d89d307d15a8392f,sell,0x1776e1f26f98b1a5df9cd347953a26dd3cb46671,0x26225c127f7c85ce5ec28d99022712f973726ae7401cbd051c824f8dbc65c9f1
144,0.000377449534595481,0.000025666568352492,0x575e3fa1608ec75e20d91b383f15186d1228fe98,2017-09-11T03:38:58.000Z,0.06799999999999812,0x534cacb922c009e510fb25e0d89d307d15a8392f,sell,0x1776e1f26f98b1a5df9cd347953a26dd3cb46671,0x7b9ae8782d8fb85442c902d962a9846e80b3bf2d70f6a5fd01f4a394ca94af76
145,0.01,0.00117,0x0024a5046fd95c5eee6db19a69ef7ed3bacd50f1,2017-09-10T12:17:33.000Z,0.117,0x575e3fa1608ec75e20d91b383f15186d1228fe98,buy,0x1776e1f26f98b1a5df9cd347953a26dd3cb46671,0xd9186d82e912674196cec6d2c8773ef4be95b4a21915219643542123657a93b6
146,0.9970089730807,0.0707876370887297,0x575e3fa1608ec75e20d91b383f15186d1228fe98,2017-09-10T06:08:12.000Z,0.071,0x6d3d0dfa885186833d6cf04f7890aab7d3b43cd1,sell,0x1776e1f26f98b1a5df9cd347953a26dd3cb46671,0x05770b99ad98f9c8888f2b06fe75ba0666ad2104a5b72b3b97e7d8e833791fa9
147,3.786196281527267,0.2309579731731633,0x575e3fa1608ec75e20d91b383f15186d1228fe98,2017-09-09T14:36:24.000Z,0.061,0x534cacb922c009e510fb25e0d89d307d15a8392f,sell,0x1776e1f26f98b1a5df9cd347953a26dd3cb46671,0x3366d77cb8cf171479ad75c3d47897ad5227aa8d7313c1913c0da5bf62fdc179
148,20,1.26,0xe90a15e9f9acf3e6a7ed6f44992db6701f9bb32f,2017-09-09T14:32:35.000Z,0.063,0x534cacb922c009e510fb25e0d89d307d15a8392f,sell,0x1776e1f26f98b1a5df9cd347953a26dd3cb46671,0xe99fa0277f2a827f4494c2137d9cfc6914b681381627a1d565eeeafd99c363f0
149,7.078058020137574,0.4954640614096301,0x58b29de3a73c195ade0d7a0422e2d7b96595c3f3,2017-09-08T09:43:25.000Z,0.07,0xff684104992bd26b6326bca4620d733526c0ddb1,sell,0x1776e1f26f98b1a5df9cd347953a26dd3cb46671,0x2865537bdc65bebbb70b2c246d7c862c9ff164cfd85a87a4b9cd647ca7c97054
150,9.972267579283915,0.6781141953913062,0xe90a15e9f9acf3e6a7ed6f44992db6701f9bb32f,2017-09-07T02:06:38.000Z,0.068,0x097501c95264ad3204159efaefdc5820783dbeae,sell,0x1776e1f26f98b1a5df9cd347953a26dd3cb46671,0x13a440bfbbba1a609771dd26d72bd68259542d3359ad1498653c058ed91ec138
151,0.000000000016156671,0.000000000001098653,0xe90a15e9f9acf3e6a7ed6f44992db6701f9bb32f,2017-09-06T01:30:53.000Z,0.06799996113060668,0x534cacb922c009e510fb25e0d89d307d15a8392f,sell,0x1776e1f26f98b1a5df9cd347953a26dd3cb46671,0xf2c65dc83f423d421fdd619c65860bb739445c669a3c72f9bfc4a9426f43c81e
152,0.000000162067560353,0.000000011182661664,0x1fdf047bf7a114b37e7936d01e9cad754ad18803,2017-09-05T16:34:38.000Z,0.06899999999779721,0x534cacb922c009e510fb25e0d89d307d15a8392f,sell,0x1776e1f26f98b1a5df9cd347953a26dd3cb46671,0x71044a3076cc2453a392f47fdc9e498edd762e9f1e7f9df9e797100990cfa004
153,0.00162569969789893,0.000112173279155026,0x1fdf047bf7a114b37e7936d01e9cad754ad18803,2017-09-05T07:34:31.000Z,0.0689999999999999,0x534cacb922c009e510fb25e0d89d307d15a8392f,sell,0x1776e1f26f98b1a5df9cd347953a26dd3cb46671,0xefc0fce902db1042e3ebb3a2a4b499beb2258e87314bd1ccf6464df8333ce3b9
154,1.9698933306749078,0.13395274648589373,0x575e3fa1608ec75e20d91b383f15186d1228fe98,2017-09-04T16:27:02.000Z,0.068,0x4de6bf61916eafb0510af6aa45e0cf994a571adb,sell,0x1776e1f26f98b1a5df9cd347953a26dd3cb46671,0x3deeb1fccc21f2bede601fcd5536d144e921f722935682792141cafbf4cb0fec
155,3.5789053932808295,0.2183132289901306,0x575e3fa1608ec75e20d91b383f15186d1228fe98,2017-09-04T14:24:08.000Z,0.061,0x641cf5dec78db66010db72471a3fafcc9c168557,sell,0x1776e1f26f98b1a5df9cd347953a26dd3cb46671,0xbce8e69986211de5639afe0364922ada5887b36b95ec79ea107c724a77b2534e
156,31.81608779695547,2.1634939701929716,0x575e3fa1608ec75e20d91b383f15186d1228fe98,2017-09-04T14:16:20.000Z,0.068,0x097501c95264ad3204159efaefdc5820783dbeae,sell,0x1776e1f26f98b1a5df9cd347953a26dd3cb46671,0x201b53c0877694e48afe84036af8f55b13d6175031f1d0c5037a549ab86ecbff
157,30.975491260298675,2.10633340570031,0x575e3fa1608ec75e20d91b383f15186d1228fe98,2017-09-04T12:56:48.000Z,0.068,0x097501c95264ad3204159efaefdc5820783dbeae,sell,0x1776e1f26f98b1a5df9cd347953a26dd3cb46671,0xd9cb8a6e5c0829e5c25d6c6ae34717c05a59a439d80ff81f82d5806e3a8b682b
158,16.307393669624165,1.1089027695344433,0x575e3fa1608ec75e20d91b383f15186d1228fe98,2017-09-04T12:46:26.000Z,0.068,0x534cacb922c009e510fb25e0d89d307d15a8392f,sell,0x1776e1f26f98b1a5df9cd347953a26dd3cb46671,0x808280dd7d88cce9b9165c676e735e6df6e6166a7f022618bd268180c161704c
159,29.53593205599875,2.008443379807915,0x575e3fa1608ec75e20d91b383f15186d1228fe98,2017-09-04T12:09:18.000Z,0.068,0x097501c95264ad3204159efaefdc5820783dbeae,sell,0x1776e1f26f98b1a5df9cd347953a26dd3cb46671,0x2b6d1d165fa64a05d3744d17142c3a67888b14fa3e9d35906e4a07c6d2a17072
160,8,0.576,0x575e3fa1608ec75e20d91b383f15186d1228fe98,2017-09-04T05:00:01.000Z,0.072,0x4de6bf61916eafb0510af6aa45e0cf994a571adb,sell,0x1776e1f26f98b1a5df9cd347953a26dd3cb46671,0x51375d133463acfc0670fa68fb26a2b1d50e79dc8858864c03de2b4dbfc83797
161,4,0.364,0xe90a15e9f9acf3e6a7ed6f44992db6701f9bb32f,2017-09-02T09:59:19.000Z,0.091,0x575e3fa1608ec75e20d91b383f15186d1228fe98,buy,0x1776e1f26f98b1a5df9cd347953a26dd3cb46671,0x846ba1ab624013bc249b5c8bd89d0a82728612b81fc0d1f1bc34aa38e557db15
162,1.8918103877978267,0.17045211594058418,0x575e3fa1608ec75e20d91b383f15186d1228fe98,2017-08-30T19:47:04.000Z,0.0901,0x92a8f4c470e2c243e48c14709dda9009be4d5310,sell,0x1776e1f26f98b1a5df9cd347953a26dd3cb46671,0x16d98e0f47225780a4b66ba0631a16978b6f1d85f66b443f2a5dc54ca0bbe023
163,0.775,0.0744,0x575e3fa1608ec75e20d91b383f15186d1228fe98,2017-08-30T19:31:14.000Z,0.096,0x92a8f4c470e2c243e48c14709dda9009be4d5310,sell,0x1776e1f26f98b1a5df9cd347953a26dd3cb46671,0x20cedf46b8797421724aa49d57718bdc4a03f27bf9e82ccaabee3452b8781009
164,10.798524573821155,1.0366583590868308,0x575e3fa1608ec75e20d91b383f15186d1228fe98,2017-08-30T15:19:58.000Z,0.096,0xf71e48a86109f40405859ecefd78b4374e03f68d,sell,0x1776e1f26f98b1a5df9cd347953a26dd3cb46671,0x3ca7e43f104f9fce22c977d14c36e0ba129b0ea866109f2a441ebb55d19f45df
165,1,0.098,0x575e3fa1608ec75e20d91b383f15186d1228fe98,2017-08-29T11:10:07.000Z,0.098,0x82e096b1751dfa153ae43b4a0270ec70b36aa340,sell,0x1776e1f26f98b1a5df9cd347953a26dd3cb46671,0x9ed3b12a8a27bf7b15400f9abdb5da5056948f1905949284d3bdb1aef747b2f7
166,0.39876383212042665,0.03987638321204267,0x57ac4918631d21ec475241f23a6fe5e73b8d59b2,2017-08-27T10:15:12.000Z,0.09999999999999999,0x6e6c130bdc85fdc61f40920722217c5919af5a03,sell,0x1776e1f26f98b1a5df9cd347953a26dd3cb46671,0xea7363ec42efc06d6ee96d5c41e570ce011f7d5c9bb6063789c194c5b62af55b
167,0.125,0.0156125,0x81ad6f14f4394f35eae9a56d04b3aae847e7693d,2017-08-26T18:57:46.000Z,0.1249,0x92a8f4c470e2c243e48c14709dda9009be4d5310,buy,0x1776e1f26f98b1a5df9cd347953a26dd3cb46671,0xde0641c8c2d91313570cf32743d3487b623103679b1124dccdfd0275e2099993
168,0.2,0.025998,0xbb325a2ee38566c7a03010b2c4929fd99861bf36,2017-08-25T12:04:28.000Z,0.12999,0x92a8f4c470e2c243e48c14709dda9009be4d5310,buy,0x1776e1f26f98b1a5df9cd347953a26dd3cb46671,0x60f78a3ea0b9b95feac4d04fb88b7edbc0427fb7324f3ae8c509f1b1875d93d6
169,0.42607831028338017,0.040903517787204496,0x575e3fa1608ec75e20d91b383f15186d1228fe98,2017-08-25T05:13:45.000Z,0.096,0x258e7b2ba394ef9a9aefa94b7952c0b35425d877,sell,0x1776e1f26f98b1a5df9cd347953a26dd3cb46671,0xc86f58043aad15adae6c7eb2c309129bebf9dc9aeae9c91f4293c8b7cb9b6486
170,8,0.784,0x575e3fa1608ec75e20d91b383f15186d1228fe98,2017-08-25T05:11:53.000Z,0.098,0x258e7b2ba394ef9a9aefa94b7952c0b35425d877,sell,0x1776e1f26f98b1a5df9cd347953a26dd3cb46671,0x154eb7aa754f1f5e44797e24f9e04100eff22ea104091b415a4f00bebe1e68eb
171,3,0.318,0x575e3fa1608ec75e20d91b383f15186d1228fe98,2017-08-25T05:10:37.000Z,0.106,0x258e7b2ba394ef9a9aefa94b7952c0b35425d877,sell,0x1776e1f26f98b1a5df9cd347953a26dd3cb46671,0x97a47feb94d7a0a8eef6f25ec030821428579fd314c406906ec485c90e7dea5e
172,6,0.612,0x575e3fa1608ec75e20d91b383f15186d1228fe98,2017-08-25T05:10:37.000Z,0.102,0x258e7b2ba394ef9a9aefa94b7952c0b35425d877,sell,0x1776e1f26f98b1a5df9cd347953a26dd3cb46671,0x3277f848c0439c8a955795f62ab2c42a9ad717f7618b0f099ac2b12282fe6587
173,3,0.3183,0x92a8f4c470e2c243e48c14709dda9009be4d5310,2017-08-25T05:10:12.000Z,0.1061,0x258e7b2ba394ef9a9aefa94b7952c0b35425d877,sell,0x1776e1f26f98b1a5df9cd347953a26dd3cb46671,0xb1849ac0ce945f40ef642a648e22552f4dedb05ed6e8e322c3b5098af07782d4
174,10,1.065,0x1fdf047bf7a114b37e7936d01e9cad754ad18803,2017-08-25T05:10:12.000Z,0.1065,0x258e7b2ba394ef9a9aefa94b7952c0b35425d877,sell,0x1776e1f26f98b1a5df9cd347953a26dd3cb46671,0x73bb48411e0be163db05517ce5c4e5c02bad21bc39edefc36dc1d190b72056fb
175,1,0.135,0x6d3d0dfa885186833d6cf04f7890aab7d3b43cd1,2017-08-24T20:23:36.000Z,0.135,0x9ea4c1eb5f68551b411f686055e1a85d97160f37,buy,0x1776e1f26f98b1a5df9cd347953a26dd3cb46671,0xa0686c397d933817edc30a23661aeb2639a15f351827177501cc63eed160de96
176,0.01,0.00135,0x2d7ad46c8c2128b37f7bbf1d70f81db34d1176ba,2017-08-24T17:11:37.000Z,0.135,0x9ea4c1eb5f68551b411f686055e1a85d97160f37,buy,0x1776e1f26f98b1a5df9cd347953a26dd3cb46671,0xe51b9cfe9e457a7121e9c688227e87eeec355d4c029bee4a68f788d51a733792
177,0.1,0.0135,0x4717c48e3f3d63d01ee7452fcea47cb522c56a99,2017-08-24T16:13:08.000Z,0.135,0x9ea4c1eb5f68551b411f686055e1a85d97160f37,buy,0x1776e1f26f98b1a5df9cd347953a26dd3cb46671,0x3cfbafa0ab1bc5c234a87ee10b9a494e1aaaa6540b7e81fb406cf22153c41b70
178,2,0.248,0x82e096b1751dfa153ae43b4a0270ec70b36aa340,2017-08-24T10:19:15.000Z,0.124,0x575e3fa1608ec75e20d91b383f15186d1228fe98,buy,0x1776e1f26f98b1a5df9cd347953a26dd3cb46671,0xbb8f7d878f7cccb5ff23a49d689f9498c6aa04b3a7a9a9ee6e5de69a6f1edde0
179,2,0.276,0xb551d75d399e4d2a448513f9375ea3f60d562cc4,2017-08-23T21:55:11.000Z,0.138,0x575e3fa1608ec75e20d91b383f15186d1228fe98,buy,0x1776e1f26f98b1a5df9cd347953a26dd3cb46671,0x21ca74c68bb520e5732758e606b96430c5d6a6c0fc0b5bf1909430444b8e8f4e
180,30.517399153045258,1.2206959661218104,0x258e7b2ba394ef9a9aefa94b7952c0b35425d877,2017-08-23T19:58:51.000Z,0.04,0x0db78df8946fc6d1971b81675e60b1e731607e62,sell,0x1776e1f26f98b1a5df9cd347953a26dd3cb46671,0x446e4255d42f13e37d5549434ef430e6945451fae8f1340d9ac65bb0094d5c81
181,14,1.316,0x575e3fa1608ec75e20d91b383f15186d1228fe98,2017-08-23T19:54:19.000Z,0.094,0x0db78df8946fc6d1971b81675e60b1e731607e62,sell,0x1776e1f26f98b1a5df9cd347953a26dd3cb46671,0x96d413917fd5a3cc15908b962e75ab2f1405fe168b474ea330d925b7e420285b
182,22,2.002,0x575e3fa1608ec75e20d91b383f15186d1228fe98,2017-08-23T19:54:19.000Z,0.091,0x0db78df8946fc6d1971b81675e60b1e731607e62,sell,0x1776e1f26f98b1a5df9cd347953a26dd3cb46671,0x7512a0214a9d5e939f7a860e402d0f32126f3aa361c08edaf092fd8584f5a537
183,16,1.5536,0x575e3fa1608ec75e20d91b383f15186d1228fe98,2017-08-23T19:54:09.000Z,0.0971,0x0db78df8946fc6d1971b81675e60b1e731607e62,sell,0x1776e1f26f98b1a5df9cd347953a26dd3cb46671,0x6509a856c2541756feb1e00a2f309718b7ceae2773b245b6d05765aacdb108cc
184,12,1.20012,0x575e3fa1608ec75e20d91b383f15186d1228fe98,2017-08-23T19:52:46.000Z,0.10001,0x0db78df8946fc6d1971b81675e60b1e731607e62,sell,0x1776e1f26f98b1a5df9cd347953a26dd3cb46671,0x4ac08a075764ba44f194dc19b77b032c0eb4388f0e57bdbc8b1dec9d0744c3bb
185,6,0.624,0x575e3fa1608ec75e20d91b383f15186d1228fe98,2017-08-23T19:52:46.000Z,0.104,0x0db78df8946fc6d1971b81675e60b1e731607e62,sell,0x1776e1f26f98b1a5df9cd347953a26dd3cb46671,0x0b0b21784dceb7cc631b03650d5eff250745aceae245f3caf2d4c838e0396fa3
186,49.03090419698933,5.883708553119449,0xc0aeff1c2bd3482d19b8c4c3456c7ef7a94b94d7,2017-08-23T19:52:38.000Z,0.12000000100917431,0x0db78df8946fc6d1971b81675e60b1e731607e62,sell,0x1776e1f26f98b1a5df9cd347953a26dd3cb46671,0x7b55601e489d198e748ca831193728632bf8446e879fed922e3521c02aa8db04
187,50,6.000000050458715,0xc0aeff1c2bd3482d19b8c4c3456c7ef7a94b94d7,2017-08-23T18:11:56.000Z,0.12000000100917431,0x9ea4c1eb5f68551b411f686055e1a85d97160f37,sell,0x1776e1f26f98b1a5df9cd347953a26dd3cb46671,0x165d47ec0d7d2f57b41102d80b64f8c59ffdaa2b5ae93b0295281c6a45eb6235
188,9.969095803010667,1.1962915064218353,0xc0aeff1c2bd3482d19b8c4c3456c7ef7a94b94d7,2017-08-23T17:20:26.000Z,0.12000000100917431,0x915c4bdee1513989ea014688c40c19369ed2ac3a,sell,0x1776e1f26f98b1a5df9cd347953a26dd3cb46671,0x337e4658d5719ec675915f45c96b2e9bc6da0a85e132821fe3f26f278f74a20d
189,0.993,0.140013,0xbc6e735bc64cc183c88b23e42368a394ef4d2cfb,2017-08-23T07:13:53.000Z,0.141,0x575e3fa1608ec75e20d91b383f15186d1228fe98,buy,0x1776e1f26f98b1a5df9cd347953a26dd3cb46671,0x83f3fe9b2d32a8ccf9052e65099405a7bc4fb1070732ffeaa14795d4b453faa0
190,4.06539726846775,0.46752068587379125,0x575e3fa1608ec75e20d91b383f15186d1228fe98,2017-08-21T16:15:46.000Z,0.115,0xf142f26d1cac4ba8a6e6d7974d243eda2fe5f4f9,sell,0x1776e1f26f98b1a5df9cd347953a26dd3cb46671,0x0269cfc907e9d0132d1b03a49eda87171acc7cc7a32373359ab6e2f0844db99f
191,4.934453723457282,0.5674621781975875,0x575e3fa1608ec75e20d91b383f15186d1228fe98,2017-08-21T12:45:12.000Z,0.115,0x097501c95264ad3204159efaefdc5820783dbeae,sell,0x1776e1f26f98b1a5df9cd347953a26dd3cb46671,0xb8d85c54375d5975d969d395b726f3975d678fb319a00bfb34080ce22ad0a370
192,1,0.125,0xce7f06ba27b3e525ccdfc559cea9e523e5f91eae,2017-08-21T12:42:18.000Z,0.125,0x097501c95264ad3204159efaefdc5820783dbeae,sell,0x1776e1f26f98b1a5df9cd347953a26dd3cb46671,0x41b96ea4f6bc9de93c73de728815a3d7ebab48219b83893f7441fb86b18c4892
193,6,0.708,0x575e3fa1608ec75e20d91b383f15186d1228fe98,2017-08-21T12:38:36.000Z,0.118,0x097501c95264ad3204159efaefdc5820783dbeae,sell,0x1776e1f26f98b1a5df9cd347953a26dd3cb46671,0xc04f74d1439f3be7c5f493990ca89b8fef7fd4b405035d4263cf0c7bc052b052
194,3,0.363,0x575e3fa1608ec75e20d91b383f15186d1228fe98,2017-08-21T12:35:41.000Z,0.121,0x097501c95264ad3204159efaefdc5820783dbeae,sell,0x1776e1f26f98b1a5df9cd347953a26dd3cb46671,0x6fba9d1421f45f25b309d7c776342ac2e1ef2fe4451b15d5cc852ecbc8d05196
195,49,6.125,0xce7f06ba27b3e525ccdfc559cea9e523e5f91eae,2017-08-21T12:26:37.000Z,0.125,0xb75cbc4d5df664933f717320f1268f4f547bab87,sell,0x1776e1f26f98b1a5df9cd347953a26dd3cb46671,0x036a0ec83d663dd306141c57b345fc35751862af2507f4447b76181e4bfcf733
196,1,0.139,0xc0b2cc48ee4aa3a77f4da72cf0d5df640b76f7ae,2017-08-21T02:25:44.000Z,0.139,0x575e3fa1608ec75e20d91b383f15186d1228fe98,buy,0x1776e1f26f98b1a5df9cd347953a26dd3cb46671,0x2dac843f4d4476d8eb76bb9af0269b1b208da8188c5773bba527ab54398a79ac
197,15,2.085,0xe0d463597d9a53a5fbb5d983427e23661cef6e58,2017-08-21T01:32:02.000Z,0.139,0x575e3fa1608ec75e20d91b383f15186d1228fe98,buy,0x1776e1f26f98b1a5df9cd347953a26dd3cb46671,0x87a7b5607ca790aec855792a74ef74cc5980773fd10457777f4550ab264b2329
198,8,1.072,0xfff5b58836a9e0d83f867fbcf0a1b662add4e215,2017-08-20T19:43:07.000Z,0.134,0x575e3fa1608ec75e20d91b383f15186d1228fe98,buy,0x1776e1f26f98b1a5df9cd347953a26dd3cb46671,0x975b4f02604d64bdcd0b5132a9dcea443ebf2410a3e72f22346198a99de9ee18
199,3.581,0.444044,0xcc24ff48acf14dc64dd529349655f262034e8fe7,2017-08-20T16:17:51.000Z,0.124,0x575e3fa1608ec75e20d91b383f15186d1228fe98,buy,0x1776e1f26f98b1a5df9cd347953a26dd3cb46671,0x01ddf66e4a0cac41516d247476461ed08fd4e761fc498cb02682eda903e89497
200,2.419,0.299956,0xcc24ff48acf14dc64dd529349655f262034e8fe7,2017-08-20T15:54:56.000Z,0.124,0x575e3fa1608ec75e20d91b383f15186d1228fe98,buy,0x1776e1f26f98b1a5df9cd347953a26dd3cb46671,0xf56f720322dc610da056bb5477a6570f6606243664152e2ce6efa52b6f53b3b6
201,4,0.49,0xcc24ff48acf14dc64dd529349655f262034e8fe7,2017-08-20T15:45:10.000Z,0.1225,0xf142f26d1cac4ba8a6e6d7974d243eda2fe5f4f9,buy,0x1776e1f26f98b1a5df9cd347953a26dd3cb46671,0x82db9ba6410017c0401800f05fa8221f0e199d8820f7ca72428cde6d56aae31f
202,1.562,0.189783,0xcc24ff48acf14dc64dd529349655f262034e8fe7,2017-08-20T15:42:50.000Z,0.1215,0x835b79585ff5fe8b3202be7f888f80a73435c42e,buy,0x1776e1f26f98b1a5df9cd347953a26dd3cb46671,0x7a5900fd9d91c3bab6add9035adc2e6d5f817f59de048f6877bb1c37c573a3fc
203,9,1.161,0x5597892b1300e7a7ca2e1a5ab96d6f6dca7894a6,2017-08-18T20:09:00.000Z,0.129,0x575e3fa1608ec75e20d91b383f15186d1228fe98,buy,0x1776e1f26f98b1a5df9cd347953a26dd3cb46671,0x528a1612c84e914f32162cf2cde966d24cc3d38cc53ff451767d640e0715ff4e
204,0.986940484498056,0.10658957232579006,0x575e3fa1608ec75e20d91b383f15186d1228fe98,2017-08-18T18:53:43.000Z,0.108,0x9d7f8a2ab92ab0119e32972e3c78ed6e38042871,sell,0x1776e1f26f98b1a5df9cd347953a26dd3cb46671,0x52e189d015232224a311465ffccb5ac97a5db6ad47267034e71cb86e277e68d7
205,4,0.404,0x575e3fa1608ec75e20d91b383f15186d1228fe98,2017-08-18T10:50:15.000Z,0.101,0x6e6c130bdc85fdc61f40920722217c5919af5a03,sell,0x1776e1f26f98b1a5df9cd347953a26dd3cb46671,0x629e51c01eb256d04cf3909441413dff700d9e73a432865074ab43bae339aaa9
206,4,0.48,0xf142f26d1cac4ba8a6e6d7974d243eda2fe5f4f9,2017-08-16T16:36:26.000Z,0.12,0x575e3fa1608ec75e20d91b383f15186d1228fe98,buy,0x1776e1f26f98b1a5df9cd347953a26dd3cb46671,0x43da6e9791748ffac249adb9921eaaa9011f2428bd8d95360e65b815ba5f8cb0
