,amount,amountBase,buyer,date,price,seller,side,tokenAddr,txHash
0,1.7928858290304073,0.0005,0x4fda9e6bcd83af6c5cc771b5d20accc2b7720074,2017-11-02T15:13:36.000Z,0.00027888,0x009a12d4290630bc01fd82516ac57c1dc6a9bcfb,buy,0x983f6d60db79ea8ca4eb9968c6aff8cfa04b3c63,0xc13dbec0f1d556572dd1caec2a823910435f707c402c8800b8b830765e77048a
1,1.7928858290304073,0.0005,0x3075f7f189912f4f425dd7021b9c396434197477,2017-11-02T15:10:24.000Z,0.00027888,0x009a12d4290630bc01fd82516ac57c1dc6a9bcfb,buy,0x983f6d60db79ea8ca4eb9968c6aff8cfa04b3c63,0x1b8f09d41f0ad6c106a05e55fddbc08f668f655374a9e6493749514ff3de9ec6
2,1000,0.28495,0x84c2f4eeedd911667eb1833ecd0bfa74c0c46b9a,2017-11-02T06:11:12.000Z,0.00028495,0xb1c1e5d2d1e77515fc7f87058ac363437085a28b,buy,0x983f6d60db79ea8ca4eb9968c6aff8cfa04b3c63,0xe0b788577b2afec111c399fb64c2025872689bb213061a4dd98a1f3729dcbf2e
3,42.242273180458625,0.010560568295114656,0x92a8f4c470e2c243e48c14709dda9009be4d5310,2017-11-02T02:41:30.000Z,0.00025,0x1d5321e125f6c7079a716705541c7b371ca79e69,sell,0x983f6d60db79ea8ca4eb9968c6aff8cfa04b3c63,0x867e3fec1504557ee8f414ad1deec3803c4dc654e097869b9522d8183bff8aef
4,42.369,0.01016856,0x1d5321e125f6c7079a716705541c7b371ca79e69,2017-11-02T02:41:30.000Z,0.00024,0x98b8f889dbe2b5c4c5879f65e13b24012f2afdce,buy,0x983f6d60db79ea8ca4eb9968c6aff8cfa04b3c63,0x867e3fec1504557ee8f414ad1deec3803c4dc654e097869b9522d8183bff8aef
5,1450,0.39167835,0xc2b0ca851b36be61b470105abd72f9e2510e8ccf,2017-11-01T19:51:43.000Z,0.000270123,0x98b8f889dbe2b5c4c5879f65e13b24012f2afdce,buy,0x983f6d60db79ea8ca4eb9968c6aff8cfa04b3c63,0x9507c8ec9e0b33813c65f9d786270231221862f9bac65e4ffc49d1e7d0829125
6,200,0.0540246,0x77f23349cd32ddeb4aaeaf4d351f7234ab5de6ac,2017-11-01T19:25:01.000Z,0.000270123,0x98b8f889dbe2b5c4c5879f65e13b24012f2afdce,buy,0x983f6d60db79ea8ca4eb9968c6aff8cfa04b3c63,0xf0c01f0c591b755a3723480daeb54e45d9ecf918929fbe81284cd62d091051d0
7,1993.8244522723369,0.49845611306808424,0x92a8f4c470e2c243e48c14709dda9009be4d5310,2017-11-01T16:34:43.000Z,0.00025,0xd17bc0dc5ac31ab5cbe30b36309fe845b69f66ab,sell,0x983f6d60db79ea8ca4eb9968c6aff8cfa04b3c63,0x35a5bc9e2dd039c42e1271f926073aa145f480567e006f063045a428eb04a8d8
8,1015,0.27405,0x80f3c0ababdb3e1100cb79539c41c86578437f7d,2017-11-01T14:56:08.000Z,0.00027,0xfbf7dc0756a9768d0c71aea5f8421f3b1eaee7d1,buy,0x983f6d60db79ea8ca4eb9968c6aff8cfa04b3c63,0xe7ee963809d4d1d0eafac66dfcde9906d3908614fc2c7300c933c1ce1cfef7ff
9,933,0.25191,0xa473351a3a2f446bcb305b767b30366c2e92669a,2017-11-01T12:52:23.000Z,0.00027,0xfbf7dc0756a9768d0c71aea5f8421f3b1eaee7d1,buy,0x983f6d60db79ea8ca4eb9968c6aff8cfa04b3c63,0x53b1c05319098b5b0c97ea951c62604025dbb53518e0cbf465595444e51b4960
10,287.03500377233684,0.07749945101853095,0x6640624c3926e7755d20e905298c3b7835fdcec2,2017-11-01T12:35:48.000Z,0.00027,0xfbf7dc0756a9768d0c71aea5f8421f3b1eaee7d1,buy,0x983f6d60db79ea8ca4eb9968c6aff8cfa04b3c63,0x5f16115f34e81dd2ff74b82b9e75f2bf1890d5f4dfd9293d2b5dff19a688db08
11,1692.2699202472336,0.4080248927407307,0x98b8f889dbe2b5c4c5879f65e13b24012f2afdce,2017-11-01T09:56:14.000Z,0.000241111,0x5cafe4321d49717abcdf911235faf6e614b8791f,sell,0x983f6d60db79ea8ca4eb9968c6aff8cfa04b3c63,0x1eaeb0d726e4f7c40eed17e59d29a2464881338798b67290677b32dc7c1302b4
12,8267.681,2.06692025,0xe564d9afc3e8d7ddc99912dbc5db58925b414024,2017-11-01T09:42:44.000Z,0.00025,0x5cafe4321d49717abcdf911235faf6e614b8791f,sell,0x983f6d60db79ea8ca4eb9968c6aff8cfa04b3c63,0xbdb3945dacccd0586a98411d3f461d7e609e5265951c450c64a1cb20e393ff4d
13,1332,0.34632,0x1137344318971588a5a5a1a7f876e690979f1bb4,2017-11-01T09:33:41.000Z,0.00026,0xb1c1e5d2d1e77515fc7f87058ac363437085a28b,sell,0x983f6d60db79ea8ca4eb9968c6aff8cfa04b3c63,0xb81ed5b53879a93c6a30393772d03e11d2383d3c055aa5db2b83a8424daaae9b
14,9230.769,2.39999994,0x936e82d3896d7b2c05b625fbca9a9c39d9289718,2017-11-01T09:32:21.000Z,0.00026,0xb1c1e5d2d1e77515fc7f87058ac363437085a28b,sell,0x983f6d60db79ea8ca4eb9968c6aff8cfa04b3c63,0x05a42c1a5625fc1830cae347ec0b3c7f1a78fbee44357973071ef3d5bf6569ca
15,271.545,0.07387924815,0x5c2502f79921358429051d256b20d8a5af8e3bf5,2017-11-01T08:03:25.000Z,0.00027207,0xb1c1e5d2d1e77515fc7f87058ac363437085a28b,sell,0x983f6d60db79ea8ca4eb9968c6aff8cfa04b3c63,0x0dbc01603b0e9dced281071dffc40174a1c268c4e88a74cf782baf60377de814
16,300,0.0894,0x03278cdc674fb3bfd89f368a86bc2ce295150f12,2017-11-01T05:26:45.000Z,0.000298,0xfbf7dc0756a9768d0c71aea5f8421f3b1eaee7d1,buy,0x983f6d60db79ea8ca4eb9968c6aff8cfa04b3c63,0xa4ea7b4e6e0a850f3df994eca6e8893e520d2b1cfc4296ccb469746e8d82385d
17,498.4548515321128,0.13561461145634193,0x5c2502f79921358429051d256b20d8a5af8e3bf5,2017-10-31T19:27:21.000Z,0.00027207,0x21b1f5aa876e89aa30d45ddf4d5b9b0023fec388,sell,0x983f6d60db79ea8ca4eb9968c6aff8cfa04b3c63,0x5de06addae7a32a99cf6177a735bea7e49d3388e562e89b8a95539cd350be4a8
18,785.035541338637,0.2135767693765896,0x2475fe4d7a9d7d2e7908baf6697b801596bf5148,2017-10-31T19:11:20.000Z,0.00027205999999999997,0xce7b45f913ed2eede94ccd573ad5e03e6209339d,sell,0x983f6d60db79ea8ca4eb9968c6aff8cfa04b3c63,0x99d381cb94166b687c0c39bf565745d72cdf6ea5c52ad2bc0f5ff999fb4943a0
19,30,0.00786,0xb19adca5a2f9b56b1bc211c34088582701c210d0,2017-10-31T17:10:23.000Z,0.000262,0x009a12d4290630bc01fd82516ac57c1dc6a9bcfb,sell,0x983f6d60db79ea8ca4eb9968c6aff8cfa04b3c63,0xc0df1f8b7adbad65553a5b91fe5e35535f9a9f8787e8e449d5f56dfc37865b03
20,50,0.013605,0x0b402653d754504532d1491406c2ba35ca699899,2017-10-31T17:10:23.000Z,0.0002721,0x009a12d4290630bc01fd82516ac57c1dc6a9bcfb,sell,0x983f6d60db79ea8ca4eb9968c6aff8cfa04b3c63,0x7060787911f6f1c666bf6210b31473efb99a9988724ab8b20813e1e7843d684a
21,120,0.036,0x37cfea7ee4f2ab1dfd432183cffabb0a5e4d2979,2017-10-31T17:10:02.000Z,0.0003,0x009a12d4290630bc01fd82516ac57c1dc6a9bcfb,sell,0x983f6d60db79ea8ca4eb9968c6aff8cfa04b3c63,0xf712e7151c8697edeba835e378c1ed8715d009ad177d44a6526d6d8ae9d87f49
22,1.3789888977603,0.000399906780350487,0x37cfea7ee4f2ab1dfd432183cffabb0a5e4d2979,2017-10-31T05:48:58.000Z,0.00029,0xe444a40689f51f63bcd29910622035707d533d29,sell,0x983f6d60db79ea8ca4eb9968c6aff8cfa04b3c63,0x42bf0c27190593e25fbd09f6af2f7f713c0a92886fcc29756a12c66de05090ae
23,249.22739507526668,0.07227594457182733,0x37cfea7ee4f2ab1dfd432183cffabb0a5e4d2979,2017-10-30T23:23:14.000Z,0.00029,0x527eee074b45bdc782075223df9d29aff1a64597,sell,0x983f6d60db79ea8ca4eb9968c6aff8cfa04b3c63,0x8461941b7f2b5bbe27f7199993fe2d3bcf0b65a1547fd8785c705df26c5e07a2
24,2647,0.76763,0xf142f26d1cac4ba8a6e6d7974d243eda2fe5f4f9,2017-10-30T17:30:16.000Z,0.00029,0xda896bd9e964386f7343414a646c8ef75d5ae009,buy,0x983f6d60db79ea8ca4eb9968c6aff8cfa04b3c63,0x0e11db327d64f7d292c8f679bb67be241aae5ea9cca2a01db277ed8b807c232c
25,2000,0.58,0x656bdc6601cc8cfe94486fb1d998fe7321c6988e,2017-10-30T17:17:36.000Z,0.00029,0xda896bd9e964386f7343414a646c8ef75d5ae009,buy,0x983f6d60db79ea8ca4eb9968c6aff8cfa04b3c63,0x3c81cc390654716bcf648ee86e2e066fcb5377f3aba0cd48c100828dd131f174
26,100,0.0319,0xfb62a2744ebc69c375ea1eefcb7adb5c5f661065,2017-10-30T15:50:15.000Z,0.000319,0xfbf7dc0756a9768d0c71aea5f8421f3b1eaee7d1,buy,0x983f6d60db79ea8ca4eb9968c6aff8cfa04b3c63,0xdbf3f514f0abe82bdb31caaa606ef16dcdb871494e80885efeb89a86a38fd6ea
27,2864.8035892323032,0.8279282372881356,0xcec059742071b60375cc5f8c236768b25f85776d,2017-10-30T14:32:16.000Z,0.000289,0xc9d56287b414e1aa0963016aa721b527f095fd9c,sell,0x983f6d60db79ea8ca4eb9968c6aff8cfa04b3c63,0x63982545eb82d35b2633e88792d17d2a74321b6cf3c49b53f260c22c6c3392a4
28,2873.398,0.7817079259,0xc9d56287b414e1aa0963016aa721b527f095fd9c,2017-10-30T14:32:16.000Z,0.00027205,0xdf955ca40bf1900125f32b2c44b57a110ebfca52,buy,0x983f6d60db79ea8ca4eb9968c6aff8cfa04b3c63,0x63982545eb82d35b2633e88792d17d2a74321b6cf3c49b53f260c22c6c3392a4
29,1338.701731594991,0.43976351882895454,0x6640624c3926e7755d20e905298c3b7835fdcec2,2017-10-30T06:20:50.000Z,0.0003285,0x009a12d4290630bc01fd82516ac57c1dc6a9bcfb,buy,0x983f6d60db79ea8ca4eb9968c6aff8cfa04b3c63,0x7a1fbcbfe6f711994eb638558b8d55d03333c0bf49772eae061a8d86615de672
30,377.707,0.1063245205,0x02e56efa9a9848497321634940b62c70d5b0448c,2017-10-30T05:13:23.000Z,0.0002815,0x009a12d4290630bc01fd82516ac57c1dc6a9bcfb,sell,0x983f6d60db79ea8ca4eb9968c6aff8cfa04b3c63,0xc1847cc9b874e3b1aa2d2d6201aa2c0982434c09d3631c18efc9f9ef5fc9ac5f
31,4724.02667630346,1.2825732426163892,0x009a12d4290630bc01fd82516ac57c1dc6a9bcfb,2017-10-30T04:58:06.000Z,0.0002715,0x7ddece90e00785c97dafe08df75f61786fa4d47a,sell,0x983f6d60db79ea8ca4eb9968c6aff8cfa04b3c63,0xfcf9aa04a3877927ef42325204814d859064c38ac4fcf00445d011c93dbc38a4
32,1000,0.28,0x06811a2b589d9a80d20925ab683a32ef796b4648,2017-10-30T04:55:33.000Z,0.00028,0x7ddece90e00785c97dafe08df75f61786fa4d47a,sell,0x983f6d60db79ea8ca4eb9968c6aff8cfa04b3c63,0x9b9354eef24c2708b2a6ef038044b4b4de020d16e993f7f8b6a6611e63d042c7
33,7962.947,2.229633122947,0xfae9cdbb31856a1769532e0f52ef12521b886f1c,2017-10-30T04:54:55.000Z,0.000280001,0x7ddece90e00785c97dafe08df75f61786fa4d47a,sell,0x983f6d60db79ea8ca4eb9968c6aff8cfa04b3c63,0xaac4ff8aa52fff608f3615567e1f83961d1ad28d8a834011fa029b29a8ae0782
34,149.53643704516,0.04209450702821254,0x02e56efa9a9848497321634940b62c70d5b0448c,2017-10-30T04:09:47.000Z,0.0002815,0xa406f04fd6b06e709b9e7cff1767d1b4f345a25f,sell,0x983f6d60db79ea8ca4eb9968c6aff8cfa04b3c63,0x6a6d9db9d55c56f71748c83d93f4a6976f91e05e18462f20b133c80e879d6900
35,1.4408060537598,0.000405586904133383,0x02e56efa9a9848497321634940b62c70d5b0448c,2017-10-30T03:00:55.000Z,0.0002814999999999995,0x16e5d97bbc92417e051e3b2cabfbf8ceea2acb9c,sell,0x983f6d60db79ea8ca4eb9968c6aff8cfa04b3c63,0xfb0a6286858b42b053fef0fa52a7e9d624eb646da1dd0b8499c84b800ac1923b
36,1.3153152679165,0.000370261247918494,0x02e56efa9a9848497321634940b62c70d5b0448c,2017-10-30T02:57:42.000Z,0.0002814999999999994,0x379374d13077e8867ef31803c37baf9785a17c00,sell,0x983f6d60db79ea8ca4eb9968c6aff8cfa04b3c63,0x77a9155d606c37db936a62b681f20741d4c1e8dc767b040d041bcc28423eebd5
37,750,0.21750075,0x5695f1d70d9d303cba1ef1cd8d45c1a9815da8a9,2017-10-29T21:39:04.000Z,0.000290001,0xd0a8a992edff393701b71141d67af079eb4a7df8,sell,0x983f6d60db79ea8ca4eb9968c6aff8cfa04b3c63,0x55169ffcb3929f453ce60d51ac66506197d862a0cca8c9a790a801c40b5e5017
38,750,0.2615625,0xd0a8a992edff393701b71141d67af079eb4a7df8,2017-10-29T21:38:02.000Z,0.00034875,0xb1c1e5d2d1e77515fc7f87058ac363437085a28b,buy,0x983f6d60db79ea8ca4eb9968c6aff8cfa04b3c63,0xf7871ab9be5ee4f884736ea0b0b9c6d9c41501eca0489d3a7bbdb6f0b3b36622
39,16.363700000000005,0.004909110000000001,0x670524c23e0eaee139b7c018b828455f59f256a9,2017-10-29T21:35:39.000Z,0.0002999999999999999,0xd0a8a992edff393701b71141d67af079eb4a7df8,sell,0x983f6d60db79ea8ca4eb9968c6aff8cfa04b3c63,0x6a0e136edf38ee071ade4cf12269867aae1708030483a390f9ee75e1fd96034e
40,166.55562958027983,0.049999999999999996,0xa75255ebb0e66f231669a746a5050d90d15ec46c,2017-10-29T21:34:57.000Z,0.0003002,0xd0a8a992edff393701b71141d67af079eb4a7df8,sell,0x983f6d60db79ea8ca4eb9968c6aff8cfa04b3c63,0xf23e8d9fbac2cc33a8f0c16b0236b7a8b864d48a720efde92fc6196109313e9d
41,200,0.06975,0xd0a8a992edff393701b71141d67af079eb4a7df8,2017-10-29T21:33:19.000Z,0.00034875,0xb1c1e5d2d1e77515fc7f87058ac363437085a28b,buy,0x983f6d60db79ea8ca4eb9968c6aff8cfa04b3c63,0xef5a53fccf8e5105a591ce1b67ecdea0075a4e5f3eb6b3c0e0e0baca4026a399
42,128.572,0.0450002,0x45c635e987e6077116d127e35e7b4b0cd9b27031,2017-10-29T18:33:31.000Z,0.00035,0xfbf7dc0756a9768d0c71aea5f8421f3b1eaee7d1,sell,0x983f6d60db79ea8ca4eb9968c6aff8cfa04b3c63,0x025215352d2dbe471ef19a08d14536e4d023c351a92391fd5985451a9b8db333
43,846.8348120825441,0.29639218422889047,0x45c635e987e6077116d127e35e7b4b0cd9b27031,2017-10-29T18:23:37.000Z,0.00035,0x39b421eaf279c35f69afb85c8762d1d7a3511c98,sell,0x983f6d60db79ea8ca4eb9968c6aff8cfa04b3c63,0xceacbf34ee908fc8201f21aa12f076589810acc566ede932cbbfc81a47c96d5b
44,5000,1.375,0xfbf7dc0756a9768d0c71aea5f8421f3b1eaee7d1,2017-10-29T17:23:10.000Z,0.000275,0xdf955ca40bf1900125f32b2c44b57a110ebfca52,sell,0x983f6d60db79ea8ca4eb9968c6aff8cfa04b3c63,0x7b3a2053f85408a10efe3c37be55c1ef244e4bf38bdec0a72ddcfa5cfe8b4564
45,594.0015950553285,0.17832521885156016,0xc3e709a81e14003133e94ac593c58c9e540d13ef,2017-10-29T17:23:10.000Z,0.00030021,0xdf955ca40bf1900125f32b2c44b57a110ebfca52,sell,0x983f6d60db79ea8ca4eb9968c6aff8cfa04b3c63,0x05e6d0c2ace370752bf450b8b06fcace1632a9c7311b279042c67266ee6e74ec
46,355.9984049446715,0.10687428114843983,0xc3e709a81e14003133e94ac593c58c9e540d13ef,2017-10-29T17:15:06.000Z,0.00030021,0x6fa34230e1ed056261b2a1fdcc61947584b6b517,sell,0x983f6d60db79ea8ca4eb9968c6aff8cfa04b3c63,0xe67b98188917df459444531d510d39a0bbfa759c835960da308256ec35a8084d
47,1750,0.5253675,0x2475fe4d7a9d7d2e7908baf6697b801596bf5148,2017-10-29T17:13:44.000Z,0.00030021,0x6fa34230e1ed056261b2a1fdcc61947584b6b517,sell,0x983f6d60db79ea8ca4eb9968c6aff8cfa04b3c63,0xa965c0c1ca23fcc9998b54de27a31a6a139734d26dc34b359ecbdb66598c9997
48,3,0.0010494,0x0b773d7819259d78757b26dc4148812d35676d8f,2017-10-29T16:29:01.000Z,0.0003498,0xb1c1e5d2d1e77515fc7f87058ac363437085a28b,buy,0x983f6d60db79ea8ca4eb9968c6aff8cfa04b3c63,0xeb7889b2c40fc96f8ac0491a6dda0a4ee389798016fb6de5d92f3a0629e5ffff
49,3562.427030807128,1.2461369753763334,0xd2e2fc439ced78124862d09ad75845a1ff183e74,2017-10-29T16:24:22.000Z,0.0003498,0xb1c1e5d2d1e77515fc7f87058ac363437085a28b,buy,0x983f6d60db79ea8ca4eb9968c6aff8cfa04b3c63,0x81f9fb5372fba11c428808ec87ca2b5141c079ce82962e5d628620c956663d7f
50,1500,0.524835,0xe121cb63c3f6e80eb2600532d43ebbad54ddb61a,2017-10-29T15:10:48.000Z,0.00034989,0x2475fe4d7a9d7d2e7908baf6697b801596bf5148,buy,0x983f6d60db79ea8ca4eb9968c6aff8cfa04b3c63,0xa20bbd2981b99975b59146433d8ad5b08002cf3de46d0c476519a834f210ca9b
51,367,0.125881,0xe121cb63c3f6e80eb2600532d43ebbad54ddb61a,2017-10-29T15:09:09.000Z,0.000343,0xfbf7dc0756a9768d0c71aea5f8421f3b1eaee7d1,buy,0x983f6d60db79ea8ca4eb9968c6aff8cfa04b3c63,0x6e840a8ce6bea5ac29d7cd5b47e6e18c727011a7909aba5f4869b99b7e1d3f81
52,1000,0.300112,0xd17bc0dc5ac31ab5cbe30b36309fe845b69f66ab,2017-10-29T12:17:38.000Z,0.000300112,0xb1c1e5d2d1e77515fc7f87058ac363437085a28b,sell,0x983f6d60db79ea8ca4eb9968c6aff8cfa04b3c63,0x29e8129c439ab66d440f87162a47f837761df211dc82e5ef53cd53422bcab0ed
53,4778.919,1.434206160009,0xe30a54ee53cf9ffb8cc3906b4a3c4fabb2489fc6,2017-10-29T12:16:58.000Z,0.000300111,0xb1c1e5d2d1e77515fc7f87058ac363437085a28b,sell,0x983f6d60db79ea8ca4eb9968c6aff8cfa04b3c63,0xcdcf2bace90ea18dff5ea74946e0cd1eeefd3af17d6c5cf7c8adef334d028a64
54,3000,0.900336,0xd18a7ead69b9fe434cf377a24e1c99f56fe36b84,2017-10-29T12:16:43.000Z,0.000300112,0xb1c1e5d2d1e77515fc7f87058ac363437085a28b,sell,0x983f6d60db79ea8ca4eb9968c6aff8cfa04b3c63,0x0cd11a27d6dc3653ac452431fb1c3f524c298b30cb953a4e9768bae9130938c2
55,8962.71312951959,2.688813938855877,0xe30a54ee53cf9ffb8cc3906b4a3c4fabb2489fc6,2017-10-29T12:12:22.000Z,0.0003,0x9778550d76b07ac9f5e57392f68ecdf6efc1774e,sell,0x983f6d60db79ea8ca4eb9968c6aff8cfa04b3c63,0x72652fad97cd3986469393c1136c782e0f0a39b78b859aa745413e7b7f428645
56,96,0.03048,0x670524c23e0eaee139b7c018b828455f59f256a9,2017-10-29T12:10:30.000Z,0.0003175,0xb1c1e5d2d1e77515fc7f87058ac363437085a28b,sell,0x983f6d60db79ea8ca4eb9968c6aff8cfa04b3c63,0x253d2d5174933f28b2e6a2045219763b6b0d6470fda4cb04ce42cc778cca0467
57,550,0.187,0x4203e1ebca18b71e2645dff42860a1e715eb5aea,2017-10-29T11:19:32.000Z,0.00034,0xb1c1e5d2d1e77515fc7f87058ac363437085a28b,sell,0x983f6d60db79ea8ca4eb9968c6aff8cfa04b3c63,0xc5c23ec80a3c1107b1f5df78a4b9da0790970249e95a55480595fe23322ab6a4
58,6191.739913316868,1.9658774224781057,0x3acda6ffff10500aafeb0e5574a954a859b801b7,2017-10-29T11:02:28.000Z,0.00031749999999999997,0xb1c1e5d2d1e77515fc7f87058ac363437085a28b,sell,0x983f6d60db79ea8ca4eb9968c6aff8cfa04b3c63,0x64352c3687b13426ea40b3d6f7880694e41ab7554a01a3b2b6e16145edf7438c
59,2.3335855634457943,0.000843684524608192,0x45c635e987e6077116d127e35e7b4b0cd9b27031,2017-10-29T09:39:45.000Z,0.0003615399999999998,0x1d5321e125f6c7079a716705541c7b371ca79e69,sell,0x983f6d60db79ea8ca4eb9968c6aff8cfa04b3c63,0x7f5da4bc06f48a1ed99d5906d49fd6ad7232f3a57ec87cc3c16b2579efb656fb
60,2.3405863201361314,0.000819205212047646,0x1d5321e125f6c7079a716705541c7b371ca79e69,2017-10-29T09:39:45.000Z,0.00035,0x742097391f52639b70b68909d58c7a77e37ffd4f,buy,0x983f6d60db79ea8ca4eb9968c6aff8cfa04b3c63,0x7f5da4bc06f48a1ed99d5906d49fd6ad7232f3a57ec87cc3c16b2579efb656fb
61,661.839151689098,0.2382620946080753,0x6085258c3ef0581a96c157217cddaef84bc8be93,2017-10-29T08:27:39.000Z,0.00036,0xb1c1e5d2d1e77515fc7f87058ac363437085a28b,buy,0x983f6d60db79ea8ca4eb9968c6aff8cfa04b3c63,0x8817d34609903211f2689196805fd2a45a97db4e15dc0eae6289a21154a56490
62,22.257202671717675,0.008046869053932808,0x45c635e987e6077116d127e35e7b4b0cd9b27031,2017-10-29T04:30:52.000Z,0.00036154,0x916967e76c7b77c77101073c5a6737e466b77ea1,sell,0x983f6d60db79ea8ca4eb9968c6aff8cfa04b3c63,0x8c2e7462ef7215d84bc812f747863700b23f81f719cfb82b39b86e36030bc2e8
63,24.6,0.008979,0x45c635e987e6077116d127e35e7b4b0cd9b27031,2017-10-29T04:30:25.000Z,0.000365,0x916967e76c7b77c77101073c5a6737e466b77ea1,sell,0x983f6d60db79ea8ca4eb9968c6aff8cfa04b3c63,0x82fbaa76c08235615aff72b63605b63b81d3e0b1919e404845305c192666e388
64,47,0.016967,0x916967e76c7b77c77101073c5a6737e466b77ea1,2017-10-29T04:29:38.000Z,0.000361,0xfbf7dc0756a9768d0c71aea5f8421f3b1eaee7d1,buy,0x983f6d60db79ea8ca4eb9968c6aff8cfa04b3c63,0xfa58236cccdfb4c281dcb862eced8cce30b60c06ea22d9ff55b1086e761e82ce
65,4975.402211008146,1.7988069153678852,0x45c635e987e6077116d127e35e7b4b0cd9b27031,2017-10-29T02:39:35.000Z,0.00036154,0x9778550d76b07ac9f5e57392f68ecdf6efc1774e,sell,0x983f6d60db79ea8ca4eb9968c6aff8cfa04b3c63,0x6f24c7ac10f22b3c331ea9d14616375230435a0b8798c39f17e72e30b4ffbce2
66,1.3831258644536653,0.0005,0xe444a40689f51f63bcd29910622035707d533d29,2017-10-28T21:02:34.000Z,0.0003615,0xb1c1e5d2d1e77515fc7f87058ac363437085a28b,buy,0x983f6d60db79ea8ca4eb9968c6aff8cfa04b3c63,0x06cd4f210e9ad597bbe911020e2fdc63c3fb3f32220925afdf29a43659ad5487
67,1.3831258644536653,0.0005,0x34f9560c63078eb61872a4dc2ccd20e21c34feaf,2017-10-28T21:00:58.000Z,0.0003615,0xb1c1e5d2d1e77515fc7f87058ac363437085a28b,buy,0x983f6d60db79ea8ca4eb9968c6aff8cfa04b3c63,0x86ad619804b456f891bce676f9516f4d64e4a18448f11a3d652cd7801443aa69
68,0.07944666718100615,0.000025224316829969,0x3acda6ffff10500aafeb0e5574a954a859b801b7,2017-10-28T20:06:17.000Z,0.0003174999999999943,0xf10abebe6941fea4a6dddd7c9180aec5939e9884,sell,0x983f6d60db79ea8ca4eb9968c6aff8cfa04b3c63,0x6072ee9348c09982a8e21df45dbb8a8f09502f0120979f83deaba9fd77faecde
69,796.9295184926727,0.2530251221214236,0x3acda6ffff10500aafeb0e5574a954a859b801b7,2017-10-28T20:04:47.000Z,0.00031749999999999997,0xf10abebe6941fea4a6dddd7c9180aec5939e9884,sell,0x983f6d60db79ea8ca4eb9968c6aff8cfa04b3c63,0x1e11b775840b23d2a78c16d31f0ccd08a22dfe96efa7bde2cfd64f881153325b
70,551.2511215232778,0.1750222310836407,0x3acda6ffff10500aafeb0e5574a954a859b801b7,2017-10-28T19:27:32.000Z,0.00031749999999999997,0x0cc3d0723d8f8fe815a0c0ddb69ec6d51a8b4cba,sell,0x983f6d60db79ea8ca4eb9968c6aff8cfa04b3c63,0x0d1b89697d36c6f4f24848812db5f73f99bc65dcba1e3f486eaa486c02e592bc
71,0.5204426540907316,0.000156190565361823,0xe30a54ee53cf9ffb8cc3906b4a3c4fabb2489fc6,2017-10-28T13:08:02.000Z,0.0003001109999999989,0xfe100b41e2463194787391e411948096b08ed3b2,sell,0x983f6d60db79ea8ca4eb9968c6aff8cfa04b3c63,0xb355e5336a837053a43c667e2d71d29974b3da3b147f78fae48f8855bf060fc3
72,5220.560263184129,1.5667475611444521,0xe30a54ee53cf9ffb8cc3906b4a3c4fabb2489fc6,2017-10-28T13:03:12.000Z,0.000300111,0xfe100b41e2463194787391e411948096b08ed3b2,sell,0x983f6d60db79ea8ca4eb9968c6aff8cfa04b3c63,0x660b79a190367c44175487d358a2bbf29b98f889e749a5db1b7561aa2a557b70
73,1000,0.33,0x3acda6ffff10500aafeb0e5574a954a859b801b7,2017-10-28T12:58:14.000Z,0.00033,0xfe100b41e2463194787391e411948096b08ed3b2,sell,0x983f6d60db79ea8ca4eb9968c6aff8cfa04b3c63,0x2b3bc75f6870d4e0a636e370579281d6e94f69727f2b0e30ecb055e80dbb29ad
74,100,0.0368,0xf00118adac77d70abb28b6b27cb8f18a6d62750c,2017-10-28T12:46:48.000Z,0.000368,0xfbf7dc0756a9768d0c71aea5f8421f3b1eaee7d1,buy,0x983f6d60db79ea8ca4eb9968c6aff8cfa04b3c63,0x33e8a03a8d05a776c30e6fff6a9e42f58f5c47e30d03604f763ec885e2cae290
75,4636.793619142572,1.7109768454636092,0x45c635e987e6077116d127e35e7b4b0cd9b27031,2017-10-28T06:11:59.000Z,0.00036899999999999997,0x742097391f52639b70b68909d58c7a77e37ffd4f,sell,0x983f6d60db79ea8ca4eb9968c6aff8cfa04b3c63,0x455dd4dce9c72817a68b84d551509e0df7efa327fc62405459dfacb66f3d0af3
76,363.2063808574277,0.13402315453639083,0x45c635e987e6077116d127e35e7b4b0cd9b27031,2017-10-28T06:00:33.000Z,0.00036899999999999997,0x1d5321e125f6c7079a716705541c7b371ca79e69,sell,0x983f6d60db79ea8ca4eb9968c6aff8cfa04b3c63,0x1d812b7f2d7bbc4fd5f62877ba7deda94e12073f4bb26d95c8e8100cf653e4c4
77,364.296,0.13296804,0x1d5321e125f6c7079a716705541c7b371ca79e69,2017-10-28T06:00:33.000Z,0.000365,0x09d425d76af4b59d3e03e0de4e8368539153fc69,buy,0x983f6d60db79ea8ca4eb9968c6aff8cfa04b3c63,0x1d812b7f2d7bbc4fd5f62877ba7deda94e12073f4bb26d95c8e8100cf653e4c4
78,1168.792501246137,0.3507663175489782,0x2475fe4d7a9d7d2e7908baf6697b801596bf5148,2017-10-27T18:22:02.000Z,0.00030010999999999997,0xb425020c938069298f5fbd4ac89ee7d936627b14,sell,0x983f6d60db79ea8ca4eb9968c6aff8cfa04b3c63,0x441c2b586497bc027d696876ba00d26eb177ad311ae40705536bd2a44f41846b
79,356,0.111784,0x2badd9e217f7677a765cadd949dcf0cf9a6c6e90,2017-10-27T18:18:57.000Z,0.000314,0xb425020c938069298f5fbd4ac89ee7d936627b14,sell,0x983f6d60db79ea8ca4eb9968c6aff8cfa04b3c63,0x9d0609bf2ef74188390f80fe32365802ca9c94828b886f79c75b4fd145a2bd33
80,267.414,0.08343851628,0xabf3d27e267fdc5d352682dc2b3f488cd6042f9b,2017-10-27T18:18:57.000Z,0.00031202,0xb425020c938069298f5fbd4ac89ee7d936627b14,sell,0x983f6d60db79ea8ca4eb9968c6aff8cfa04b3c63,0xf4119ef039cc37d9295800ddd9da78454920285912306d818074f60b070fa578
81,996.9095803010667,0.29907287409032,0xda18e5da77a704584a0385e87978af195cf1eea5,2017-10-27T09:15:51.000Z,0.0003,0x5acca8e15f3ab7a93e49e77487e1e4e623b94148,sell,0x983f6d60db79ea8ca4eb9968c6aff8cfa04b3c63,0x2a7542822ebade033cf7c15b8f8d8540e74934eb9c4a10c47d9fbab92a56f970
82,888,0.278832,0xe7558aa60d1135410f03479df94ea439e782d541,2017-10-26T16:04:09.000Z,0.000314,0x53619359d4e877a5951c824ab839dfab300e6b17,sell,0x983f6d60db79ea8ca4eb9968c6aff8cfa04b3c63,0x9b2bed6d8e45b2fcfac758ca1775b9b6aca466fe386dc3d38c3db1f5e19da6ac
83,0.0773188799101213,0.000024131222419948,0x5104efc872d45dba3a97bf02aebe240dfc283321,2017-10-26T10:58:29.000Z,0.0003120999999999889,0x055814582aadb70d9db078b7c4837aafc2f6441a,sell,0x983f6d60db79ea8ca4eb9968c6aff8cfa04b3c63,0x1d8835b24f685b8a69a88a1c0a406b5e63c2e4d50810ae1ca3d321e3e4fa6377
84,775.5856843784269,0.24199824523975674,0xabf3d27e267fdc5d352682dc2b3f488cd6042f9b,2017-10-26T10:57:37.000Z,0.00031202,0x055814582aadb70d9db078b7c4837aafc2f6441a,sell,0x983f6d60db79ea8ca4eb9968c6aff8cfa04b3c63,0xd20b3098637925ce86a1156a633b0fe223540aab5573f43470996449563d2a00
85,692,0.21798,0xb1c1e5d2d1e77515fc7f87058ac363437085a28b,2017-10-26T10:56:12.000Z,0.000315,0x055814582aadb70d9db078b7c4837aafc2f6441a,sell,0x983f6d60db79ea8ca4eb9968c6aff8cfa04b3c63,0x3317b6a866f1b68729ca6e2ee1dbacc64177714b94564ea5cbf230f209406826
86,0.8344025853619108,0.000250320775608573,0xda18e5da77a704584a0385e87978af195cf1eea5,2017-10-26T08:28:56.000Z,0.0002999999999999997,0xe16ed8f21a44305240152fb12f7e7bd634cbebb9,sell,0x983f6d60db79ea8ca4eb9968c6aff8cfa04b3c63,0x5103fc00222678759c641f39a0155fa47929ce9ba72a0dfdc38d0eb907c339a3
87,568.9828445078916,0.2184325140065796,0xd6925c970d8f63c1cc490d81ac6a8c4de5bdbaa0,2017-10-26T08:27:28.000Z,0.0003839,0xb1c1e5d2d1e77515fc7f87058ac363437085a28b,buy,0x983f6d60db79ea8ca4eb9968c6aff8cfa04b3c63,0xd321e277976088f755ec78d653bd53dc0777b2b946b6abff5bf6265fd145fbfe
88,230.424,0.0806484,0xd6925c970d8f63c1cc490d81ac6a8c4de5bdbaa0,2017-10-26T08:23:45.000Z,0.00035,0x3dd2734c1ab467067d264b7905e39599c471506e,buy,0x983f6d60db79ea8ca4eb9968c6aff8cfa04b3c63,0xb2a9348514286cfbdb27b44c2ae370d7c9b2bbcd768a3280e13db56f530d63d9
89,2848.429712487937,0.996950399370778,0x5afe4da6e4e08899ca58d5391ec50017be657cb3,2017-10-26T07:50:14.000Z,0.00035,0x3dd2734c1ab467067d264b7905e39599c471506e,buy,0x983f6d60db79ea8ca4eb9968c6aff8cfa04b3c63,0x3bfa4e6e5b00ba026b817213fb83c4f65c88d207d675b3bd4625a0f9e79975ee
90,191,0.059783,0xd0febe7c4efd39b0a9efdb956ba10e962a43d7d8,2017-10-26T07:08:37.000Z,0.000313,0x009a12d4290630bc01fd82516ac57c1dc6a9bcfb,sell,0x983f6d60db79ea8ca4eb9968c6aff8cfa04b3c63,0xd5b06316936981b1a241d63f30114304f9bad464c17ed0599b9814dfbbc94cac
91,331,0.106913331,0x0483bd51f999157c046f19bbb01f7377ad6f8440,2017-10-26T07:08:37.000Z,0.000323001,0x009a12d4290630bc01fd82516ac57c1dc6a9bcfb,sell,0x983f6d60db79ea8ca4eb9968c6aff8cfa04b3c63,0xe769b752bb55d9e08a9913bb6da7356dadb2a18296bac39a2d58377e2dd98b7e
92,8369.892333765327,2.4281057660253214,0x009a12d4290630bc01fd82516ac57c1dc6a9bcfb,2017-10-26T07:04:36.000Z,0.0002901,0xe16ed8f21a44305240152fb12f7e7bd634cbebb9,sell,0x983f6d60db79ea8ca4eb9968c6aff8cfa04b3c63,0xd0b3014d1cdd9f4ba6cc880afa512521bc91c808d8013099e60b6688537d59bf
93,287,0.09471,0x028b7a40a056b4130ac2a69126a714a309441f22,2017-10-26T07:03:34.000Z,0.00033,0xe16ed8f21a44305240152fb12f7e7bd634cbebb9,sell,0x983f6d60db79ea8ca4eb9968c6aff8cfa04b3c63,0xfa9851f9221234344951546a21a63c6069caa84ae89ebe11219dfa4f8c266a8b
94,421.1456979490245,0.16214109371037444,0x6640624c3926e7755d20e905298c3b7835fdcec2,2017-10-26T06:07:07.000Z,0.000385,0x3dd2734c1ab467067d264b7905e39599c471506e,buy,0x983f6d60db79ea8ca4eb9968c6aff8cfa04b3c63,0x8a170b85e0e0c286d8eaaaabc19942d2f47fe8fa278a2bb4e0544732dcebce1d
95,981.730945,0.31710891254445,0x2475fe4d7a9d7d2e7908baf6697b801596bf5148,2017-10-25T19:12:23.000Z,0.00032301,0x273a5d3e6721b9f5c1a6474f560c1334c63dda01,sell,0x983f6d60db79ea8ca4eb9968c6aff8cfa04b3c63,0xfee2e0051087b330f1ca1a40663495aec555f3aad0002c6c506070de34557791
96,984.685,0.2954055,0x273a5d3e6721b9f5c1a6474f560c1334c63dda01,2017-10-25T19:12:23.000Z,0.0003,0x7de40b76e2282d0a23e0fac22aced903c44b6ac8,buy,0x983f6d60db79ea8ca4eb9968c6aff8cfa04b3c63,0xfee2e0051087b330f1ca1a40663495aec555f3aad0002c6c506070de34557791
97,515.324,0.1545972,0x273a5d3e6721b9f5c1a6474f560c1334c63dda01,2017-10-25T18:18:34.000Z,0.0003,0x21f7d0721ac8d7fba3a94dd957dfcc8f382f1050,buy,0x983f6d60db79ea8ca4eb9968c6aff8cfa04b3c63,0xd9012a7412e2161b290a5eacd1890fb69341d17f2e0526b71307216498dc336e
98,513.778028,0.165950303044,0xfbf7dc0756a9768d0c71aea5f8421f3b1eaee7d1,2017-10-25T18:18:34.000Z,0.000323,0x273a5d3e6721b9f5c1a6474f560c1334c63dda01,sell,0x983f6d60db79ea8ca4eb9968c6aff8cfa04b3c63,0xd9012a7412e2161b290a5eacd1890fb69341d17f2e0526b71307216498dc336e
99,35,0.01225,0x1ba8d39ca6eaeee7448209160f51a71aa2803086,2017-10-25T16:52:14.000Z,0.00035,0x21f7d0721ac8d7fba3a94dd957dfcc8f382f1050,sell,0x983f6d60db79ea8ca4eb9968c6aff8cfa04b3c63,0xd3a9f95bec21f24fa1c39f8c1bc7da7fcaf3565e107494b297a52973f6fab4c1
100,315,0.12285,0x21f7d0721ac8d7fba3a94dd957dfcc8f382f1050,2017-10-25T16:19:34.000Z,0.00039,0xe7558aa60d1135410f03479df94ea439e782d541,buy,0x983f6d60db79ea8ca4eb9968c6aff8cfa04b3c63,0xc1848f83fbc162f90170a0b5fe978413b5519e6a4a3f891004c3c09df4a8beb8
101,100,0.036,0x9e192690c44493e5dc724b5adfc7099a8e3c324c,2017-10-25T08:20:20.000Z,0.00036,0xb1c1e5d2d1e77515fc7f87058ac363437085a28b,sell,0x983f6d60db79ea8ca4eb9968c6aff8cfa04b3c63,0x12c392401e1764fc84ae75a36d27ff2499e35b08354e189a679736596f570697
102,1450,0.522,0xf765bff62f9065726cd5c852bef0c9cf2492d581,2017-10-25T08:19:18.000Z,0.00036,0xb1c1e5d2d1e77515fc7f87058ac363437085a28b,sell,0x983f6d60db79ea8ca4eb9968c6aff8cfa04b3c63,0xcc49e65a815f0226617272179bee93d0c37c6252cb753bb79d10e2fbd6cfd0ad
103,2000,0.78,0x3f07d12be6594f997462670c1459c3aa6ff7eb18,2017-10-25T05:15:52.000Z,0.00039,0x669f0ab96fd3beb68bc836bb874894bbb516331a,sell,0x983f6d60db79ea8ca4eb9968c6aff8cfa04b3c63,0x78d0d134484ea4e4e1982c2b31bd2420d2798408b947ccd774acee5dded6fee7
104,350,0.1365,0xf5050930cf7925b8c1835f5dc9afff1b1752c6eb,2017-10-24T20:47:29.000Z,0.00039,0xe7558aa60d1135410f03479df94ea439e782d541,buy,0x983f6d60db79ea8ca4eb9968c6aff8cfa04b3c63,0xc68c86cd9917b6f618698762389ba2d8716d0e00531886091d56ed3fb57eb67a
105,100,0.039,0x45cfb7fc554ca7f3490062473431ba0116384d72,2017-10-24T18:49:44.000Z,0.00039,0xe7558aa60d1135410f03479df94ea439e782d541,buy,0x983f6d60db79ea8ca4eb9968c6aff8cfa04b3c63,0xb85b46015b6bc7b17cc3baa0290a51ccfe043481494df085c0c295f7ed584399
106,453.977,0.176597053,0x09fee62f5823d863a71094259d279ee0f49e1b17,2017-10-24T15:42:29.000Z,0.000389,0xfbf7dc0756a9768d0c71aea5f8421f3b1eaee7d1,buy,0x983f6d60db79ea8ca4eb9968c6aff8cfa04b3c63,0x7a23485c1d43a2c92cf7f425eb10be426a0b1db48c73e83c24e0857215b8a71b
107,0.000002274362735218,0.000000000884727104,0x09fee62f5823d863a71094259d279ee0f49e1b17,2017-10-24T15:38:59.000Z,0.00038900000000008703,0xfbf7dc0756a9768d0c71aea5f8421f3b1eaee7d1,buy,0x983f6d60db79ea8ca4eb9968c6aff8cfa04b3c63,0xf63a33501c1c9d70154cc43f68aac90ded68f723f6d9a8ee352c5a1f322b5728
108,0.022814132617863754,0.000008874697588349,0x09fee62f5823d863a71094259d279ee0f49e1b17,2017-10-24T15:38:22.000Z,0.000389,0xfbf7dc0756a9768d0c71aea5f8421f3b1eaee7d1,buy,0x983f6d60db79ea8ca4eb9968c6aff8cfa04b3c63,0x660785c2914f8d2ba20a9fda5d1aac1a327bdf9ea392133eaf03440b0a0eecf5
109,149.2,0.04787828,0x09de52d3893d8bcfa2e4b0ed4dcc659fd26ae0fd,2017-10-24T13:39:40.000Z,0.0003209,0xa702c091023a4cd50a32ba96833cdc8e005b0191,sell,0x983f6d60db79ea8ca4eb9968c6aff8cfa04b3c63,0xf9805ed8050dc1812298a46d8da609a0d6a265f2f3c8b8ff62a89fb58f75254a
110,985,0.3830665,0x80f3c0ababdb3e1100cb79539c41c86578437f7d,2017-10-24T12:58:04.000Z,0.0003889,0x8d71cd37bc1c715f6d4e9b5d68aa17a8b42cac87,buy,0x983f6d60db79ea8ca4eb9968c6aff8cfa04b3c63,0x68c97ee7059fae5139191f03cb6829f2488f3e8e2c2b562ad789cf7b56b5ad2f
111,100,0.0341,0x8e387a510ddcc1891417c6ea3920d3997aff1020,2017-10-24T12:47:20.000Z,0.000341,0xa702c091023a4cd50a32ba96833cdc8e005b0191,sell,0x983f6d60db79ea8ca4eb9968c6aff8cfa04b3c63,0x9d55f088e842afcf43f39084b415748798247cd3626d48f685975e20ca7812c3
112,453.80305998071316,0.15474684345342318,0xfbf7dc0756a9768d0c71aea5f8421f3b1eaee7d1,2017-10-24T05:57:03.000Z,0.000341,0xbea606631b65b8f0279879b0ffe00dbb7fdfba9a,sell,0x983f6d60db79ea8ca4eb9968c6aff8cfa04b3c63,0xe59be80263bee0c06c47f9db9494be7ecd64b8e90975ccd5b36842fa4650b4bb
113,1376,0.4978368,0x604e1ab3b57d55de135dd0a39048d29e5cb798c5,2017-10-23T18:04:21.000Z,0.0003618,0xb1c1e5d2d1e77515fc7f87058ac363437085a28b,sell,0x983f6d60db79ea8ca4eb9968c6aff8cfa04b3c63,0xa701b1287a16794bc8ad0a3009270ff0e30a83aeb02854e8e3b90f45a5f54be4
114,15,0.005985,0x0b402653d754504532d1491406c2ba35ca699899,2017-10-23T09:29:51.000Z,0.000399,0x8d71cd37bc1c715f6d4e9b5d68aa17a8b42cac87,buy,0x983f6d60db79ea8ca4eb9968c6aff8cfa04b3c63,0xf84c27358ea94c863ce0b3a165751f1c6bfd9a48ddccba395ac2fb3a457e1c6e
115,500,0.1999995,0x6c54af8b8e4fcdc50b1fedd366dc18aaa965f8b3,2017-10-23T07:46:22.000Z,0.000399999,0x06471a54a5aa9b2f680f0ebc2094815c27deb7c2,buy,0x983f6d60db79ea8ca4eb9968c6aff8cfa04b3c63,0x1cfa256c5168d200e436fb5b2101a3b48e93e9fb67b70462766f835e896b446d
116,47.179,0.0174373584,0x6c54af8b8e4fcdc50b1fedd366dc18aaa965f8b3,2017-10-23T07:45:49.000Z,0.0003696,0x0f1b76410215ed963ea2c3d3eaddd4a56350b422,buy,0x983f6d60db79ea8ca4eb9968c6aff8cfa04b3c63,0x81dcabc64f40db84aec803e98ad32f8dc79f294425893a7b2fa0bfcadf71d3b4
117,0.2746098797446389,0.000100150223142869,0x604e1ab3b57d55de135dd0a39048d29e5cb798c5,2017-10-23T02:53:07.000Z,0.00036469999999999705,0xe2f58dbe3ce09a02bc47107b27681fd5503ba957,sell,0x983f6d60db79ea8ca4eb9968c6aff8cfa04b3c63,0x2312bbfe75c8afc94ed1a7023c7f2f440ddcdb71acf54565bf811917fc195da4
118,2754.6117037184727,0.8869849685973482,0xa75255ebb0e66f231669a746a5050d90d15ec46c,2017-10-23T02:49:11.000Z,0.00032199999999999997,0xe2f58dbe3ce09a02bc47107b27681fd5503ba957,sell,0x983f6d60db79ea8ca4eb9968c6aff8cfa04b3c63,0xb689a13406149f930c2354ac8785f01421682e689be265c9ca662e88d1194d10
119,458.45877778885455,0.16719991625959527,0x604e1ab3b57d55de135dd0a39048d29e5cb798c5,2017-10-23T01:34:59.000Z,0.0003647,0xd41905214a51393886233296a362da0afa646022,sell,0x983f6d60db79ea8ca4eb9968c6aff8cfa04b3c63,0xfe57e1d597428f1356f4396ff665f306c1492269c583681fa379d79d48ddb1ad
120,40,0.01478,0x604e1ab3b57d55de135dd0a39048d29e5cb798c5,2017-10-23T01:32:39.000Z,0.0003695,0xd41905214a51393886233296a362da0afa646022,sell,0x983f6d60db79ea8ca4eb9968c6aff8cfa04b3c63,0x388b961bada081a661f981e277887198124f216197d762bef5b57a034b256eff
121,1,0.0003696,0xe1fa699860444be91d366c21de8fef56e3dec77a,2017-10-22T18:22:11.000Z,0.0003696,0x0f1b76410215ed963ea2c3d3eaddd4a56350b422,buy,0x983f6d60db79ea8ca4eb9968c6aff8cfa04b3c63,0x6a00b8e8d96af67a5dd73130e129d2695a1f72caf70e0a418594973071fd903a
122,629,0.202678267,0xd0febe7c4efd39b0a9efdb956ba10e962a43d7d8,2017-10-22T17:16:33.000Z,0.000322223,0xda18e5da77a704584a0385e87978af195cf1eea5,sell,0x983f6d60db79ea8ca4eb9968c6aff8cfa04b3c63,0x8bbab54eb35e5257717ebe0c3ffd0a090b05d6dabea5ea5d6bef02161cf0ba8e
123,3.6,0.0012799242,0x4b1ff3854409b62f80e0d45f38c71896cdb9c2c0,2017-10-22T17:14:34.000Z,0.0003555345,0xda18e5da77a704584a0385e87978af195cf1eea5,sell,0x983f6d60db79ea8ca4eb9968c6aff8cfa04b3c63,0x55003048eb107f1746f71fbbc1cf74ae5a5efdba2d16a503f1f15b64d6681411
124,20000,7.78,0xaf70e4541463502a2e7b81902bf50cb5da34b555,2017-10-22T14:17:38.000Z,0.000389,0xb1c1e5d2d1e77515fc7f87058ac363437085a28b,buy,0x983f6d60db79ea8ca4eb9968c6aff8cfa04b3c63,0x71cc05d5a5bf320ae3e401ce98a7d15df8ee322639ce2aacca935299adf65c70
125,985,0.35263,0xaf70e4541463502a2e7b81902bf50cb5da34b555,2017-10-22T14:17:05.000Z,0.000358,0xfbf7dc0756a9768d0c71aea5f8421f3b1eaee7d1,buy,0x983f6d60db79ea8ca4eb9968c6aff8cfa04b3c63,0xa27ee01ac305bd5353c3a1a8e860406e2b054fd22be0e2c99fbfbe2a662d63eb
126,9906.344553117111,3.5563776945690426,0xaf70e4541463502a2e7b81902bf50cb5da34b555,2017-10-22T14:17:05.000Z,0.000359,0xcec059742071b60375cc5f8c236768b25f85776d,buy,0x983f6d60db79ea8ca4eb9968c6aff8cfa04b3c63,0xa7e25f4533b6a046d7c68db65d9199541377d07326c45c59c40441065ccd85f9
127,1,0.000358,0x0b402653d754504532d1491406c2ba35ca699899,2017-10-22T14:10:44.000Z,0.000358,0xfbf7dc0756a9768d0c71aea5f8421f3b1eaee7d1,buy,0x983f6d60db79ea8ca4eb9968c6aff8cfa04b3c63,0x11acb7c73d5d59f9e4e3e800d5abb9a01aa746cf7cfd9b72e11af0e2160e5216
128,264.1810387797827,0.08453793240953046,0x028b7a40a056b4130ac2a69126a714a309441f22,2017-10-22T11:36:29.000Z,0.00031999999999999997,0xf2a8c6ec5b1b7ec1361dee7dbda95c7b2ff95acb,sell,0x983f6d60db79ea8ca4eb9968c6aff8cfa04b3c63,0x5eb74326b3ea41fbf472cac87d3ed93dfaeca35827a606dd18aab668ac58e14a
129,88.65544688288925,0.03182730543095724,0xe56b16175d69c651cde6c61f0d06ed29295b4e16,2017-10-22T09:42:42.000Z,0.000359,0xcec059742071b60375cc5f8c236768b25f85776d,buy,0x983f6d60db79ea8ca4eb9968c6aff8cfa04b3c63,0xfb9ccc5fbf5b7b4352e28ca980cbf847f91c40bfa8d98cf5e1215d3d345a8136
130,80,0.028,0xe56b16175d69c651cde6c61f0d06ed29295b4e16,2017-10-22T09:40:14.000Z,0.00035,0x0f1b76410215ed963ea2c3d3eaddd4a56350b422,buy,0x983f6d60db79ea8ca4eb9968c6aff8cfa04b3c63,0x5a50b92aff4cff8fe48596b2a1b9d69fb7ccd276e6f67cfffaa247d869e55117
131,877.36,0.31409488,0x83e534c8f3f1395ded3caa3c598304800f849770,2017-10-22T09:34:28.000Z,0.000358,0x273a5d3e6721b9f5c1a6474f560c1334c63dda01,sell,0x983f6d60db79ea8ca4eb9968c6aff8cfa04b3c63,0xeaf369f062e53664d67b2f3e16370899aebb4fe76299d3ac004ab2edcc3e3333
132,880,0.308,0x273a5d3e6721b9f5c1a6474f560c1334c63dda01,2017-10-22T09:34:28.000Z,0.00035,0x0f1b76410215ed963ea2c3d3eaddd4a56350b422,buy,0x983f6d60db79ea8ca4eb9968c6aff8cfa04b3c63,0xeaf369f062e53664d67b2f3e16370899aebb4fe76299d3ac004ab2edcc3e3333
133,1200,0.42,0x273a5d3e6721b9f5c1a6474f560c1334c63dda01,2017-10-22T08:16:58.000Z,0.00035,0x0f1b76410215ed963ea2c3d3eaddd4a56350b422,buy,0x983f6d60db79ea8ca4eb9968c6aff8cfa04b3c63,0x3cbe9fa403c25349a30583452e360d9690f60feeadba3c28cbb9317ea2811820
134,1196.4,0.4253614758,0x4b1ff3854409b62f80e0d45f38c71896cdb9c2c0,2017-10-22T08:16:58.000Z,0.0003555345,0x273a5d3e6721b9f5c1a6474f560c1334c63dda01,sell,0x983f6d60db79ea8ca4eb9968c6aff8cfa04b3c63,0x3cbe9fa403c25349a30583452e360d9690f60feeadba3c28cbb9317ea2811820
135,170.71809802524405,0.05958061621081018,0x34e436eed9365e1e6dac75392b6758a4d6645d70,2017-10-22T00:44:21.000Z,0.000349,0xfbf7dc0756a9768d0c71aea5f8421f3b1eaee7d1,buy,0x983f6d60db79ea8ca4eb9968c6aff8cfa04b3c63,0xe9527275105f61f53c7e9744d72d2565a3c4e36fec7e2817980b9ae239cdeb2f
136,99.69095803010667,0.03090419698933307,0x83e534c8f3f1395ded3caa3c598304800f849770,2017-10-21T22:22:34.000Z,0.00031,0xfc451fc713435cd4d4892350e1517a4b2695e03b,sell,0x983f6d60db79ea8ca4eb9968c6aff8cfa04b3c63,0xc7a7ffdbeae79186cf13263e2971885ccefd1b7ade925cef651292671aaa7d62
137,200,0.07,0x2346ec020397e426a781d0ad2b55e6b71432808f,2017-10-21T21:33:39.000Z,0.00035,0x0f1b76410215ed963ea2c3d3eaddd4a56350b422,buy,0x983f6d60db79ea8ca4eb9968c6aff8cfa04b3c63,0x6d4422e037c5479d256fae7a94cc931dea0d43845534c53283daf5cf6232e51a
138,36.329533008976384,0.012677917134142487,0x7d2cad1528a64212f8a61a5be0e409982331a2f3,2017-10-21T11:19:26.000Z,0.00034897,0xe30a54ee53cf9ffb8cc3906b4a3c4fabb2489fc6,buy,0x983f6d60db79ea8ca4eb9968c6aff8cfa04b3c63,0x4552b71d0aaac622c603fd5c2f793bc7cd197a0fba193fe1592eb33bd12dee4d
139,18.678581149880426,0.005603574344964128,0x7d2cad1528a64212f8a61a5be0e409982331a2f3,2017-10-21T11:18:45.000Z,0.0003,0x18e776883c86b5822e6bd6484419f03c100ff83b,buy,0x983f6d60db79ea8ca4eb9968c6aff8cfa04b3c63,0x78e1e312333a279c0d91eed5afb8ea608eb9eaba8da4c540b23cb0593f359556
140,99.69095803010667,0.030016947462865116,0xe30a54ee53cf9ffb8cc3906b4a3c4fabb2489fc6,2017-10-21T09:48:08.000Z,0.0003011,0x730398eff0e7cc37cc0e172e4fea306ee13d5513,sell,0x983f6d60db79ea8ca4eb9968c6aff8cfa04b3c63,0x6afd3b7d0bfc4dc9801075cfa9f7b430aeba0133674ad2e9d3c3510083a69888
141,2000,0.62,0x9778550d76b07ac9f5e57392f68ecdf6efc1774e,2017-10-21T09:17:22.000Z,0.00031,0xda18e5da77a704584a0385e87978af195cf1eea5,buy,0x983f6d60db79ea8ca4eb9968c6aff8cfa04b3c63,0xf13e45af88ccac31090d11198d6edfb01d0615af7169baed4e3f3c6046797b1d
142,10,0.003,0x8abf98207ad56cb4ec656502ce429fb0deabe671,2017-10-21T09:12:34.000Z,0.0003,0x18e776883c86b5822e6bd6484419f03c100ff83b,buy,0x983f6d60db79ea8ca4eb9968c6aff8cfa04b3c63,0xc432f9722d7441a61959f14f83c87271cbac30b7f6f26ebcaf5b7fa5a64d62f9
143,1673.506712993549,0.5840538428347486,0x2f346d5a14f521ac4e5221140ed8098811c98d02,2017-10-21T03:39:32.000Z,0.000349,0xfbf7dc0756a9768d0c71aea5f8421f3b1eaee7d1,buy,0x983f6d60db79ea8ca4eb9968c6aff8cfa04b3c63,0x176c244dcf804058835ac6447b0d8f46405e901c89085367e4b4fb72ae666ccd
144,280,0.083972,0x2f346d5a14f521ac4e5221140ed8098811c98d02,2017-10-21T03:37:54.000Z,0.0002999,0x18e776883c86b5822e6bd6484419f03c100ff83b,buy,0x983f6d60db79ea8ca4eb9968c6aff8cfa04b3c63,0xe97452827220656e353961202306de5af7b6cf5d0c68b60c024ae7bcf115d6c4
145,150.073,0.0450219,0x468cb54a3821d8b0129c42ea6adf12748d97fd98,2017-10-21T01:35:17.000Z,0.0003,0x18e776883c86b5822e6bd6484419f03c100ff83b,buy,0x983f6d60db79ea8ca4eb9968c6aff8cfa04b3c63,0xf4db4b4638dae078397c0fbfd98e5c9e58cf148d1af2dc1fab9a521824aaf266
146,2369.860432658758,0.7109581297976274,0xe30a54ee53cf9ffb8cc3906b4a3c4fabb2489fc6,2017-10-21T01:16:50.000Z,0.0003,0xa4252e82894d1f089d92399ff59bd848c9fc88d7,sell,0x983f6d60db79ea8ca4eb9968c6aff8cfa04b3c63,0xa03f9f5a51df9d382d63811fc2bdff06b7928fad6c388f74f61acfbee8c6b889
147,149.927,0.0449781,0xff40e811950bdf1ca9d0c18d489e6e273587e139,2017-10-21T01:04:50.000Z,0.0003,0x18e776883c86b5822e6bd6484419f03c100ff83b,buy,0x983f6d60db79ea8ca4eb9968c6aff8cfa04b3c63,0xe3cc72174bbd77ce76f1e535bb185814614a96614eada382e290b6686a17a880
148,440,0.154,0x7d2cad1528a64212f8a61a5be0e409982331a2f3,2017-10-21T00:55:18.000Z,0.00035,0x0f1b76410215ed963ea2c3d3eaddd4a56350b422,buy,0x983f6d60db79ea8ca4eb9968c6aff8cfa04b3c63,0x6bea34c2a3f4af1db52f4f551da1925844788e9f3e029c91af66bb23298f460a
149,500,0.175,0xb6c37ac76c97d2b6c8c343615aa458e7b3398712,2017-10-20T21:34:38.000Z,0.00035,0x0f1b76410215ed963ea2c3d3eaddd4a56350b422,buy,0x983f6d60db79ea8ca4eb9968c6aff8cfa04b3c63,0x687ff55c91d3a9fc188b51b85cd5979f475fa61ccebd681eb324cfed34b1d19e
150,500,0.155,0xd17bc0dc5ac31ab5cbe30b36309fe845b69f66ab,2017-10-20T19:34:11.000Z,0.00031,0xda18e5da77a704584a0385e87978af195cf1eea5,sell,0x983f6d60db79ea8ca4eb9968c6aff8cfa04b3c63,0x2be09ba9ee939b987ebd30948d915a966a2e4d8c8dcf62e22bedc5699a7ee424
151,1750,0.525,0xe30a54ee53cf9ffb8cc3906b4a3c4fabb2489fc6,2017-10-20T18:25:56.000Z,0.0003,0x1ed014aec47fae44c9e55bac7662c0b78ae61798,sell,0x983f6d60db79ea8ca4eb9968c6aff8cfa04b3c63,0x78d6c5cf4261f42d2b99974e2947df7ffcb96d5526c305bd888a8869c47b06c2
152,1750,0.61075,0x3ad202150c31e2bf516b232efe7b1d067e4d252e,2017-10-20T10:16:00.000Z,0.000349,0xfbf7dc0756a9768d0c71aea5f8421f3b1eaee7d1,buy,0x983f6d60db79ea8ca4eb9968c6aff8cfa04b3c63,0x55ca5baddf4778443844f806fda9498ccde80ca1f92ae94c4365bfd33859a9a5
153,952.3910694812458,0.340956002874286,0xc434dfe84a379005b356fbd02fdbbcad1408a0b7,2017-10-20T08:26:48.000Z,0.000358,0xfbf7dc0756a9768d0c71aea5f8421f3b1eaee7d1,buy,0x983f6d60db79ea8ca4eb9968c6aff8cfa04b3c63,0x5129e51296c5df2ec2270a1f0215ffc70d793a652f2cd953dd2c39e0cf0167a5
154,268.0717039746618,0.09596967002292892,0x97eb2a162045655a82c60f8d65422d37b55096eb,2017-10-20T04:06:12.000Z,0.000358,0xfbf7dc0756a9768d0c71aea5f8421f3b1eaee7d1,buy,0x983f6d60db79ea8ca4eb9968c6aff8cfa04b3c63,0x86401648339d4f6057b3bc17f56c903d246eeda78fdcb99be2e9865c1422a4b5
155,3872,1.1616,0x9778550d76b07ac9f5e57392f68ecdf6efc1774e,2017-10-20T01:36:46.000Z,0.0003,0x25139e09ccbb2de58c4817467f7f8ad2b3fd23f3,buy,0x983f6d60db79ea8ca4eb9968c6aff8cfa04b3c63,0x50f5ac2793431003e7580bbe7c72cc858eea7f6edf9854034923f708787bc6a3
156,400,0.12,0x2badd9e217f7677a765cadd949dcf0cf9a6c6e90,2017-10-19T21:01:26.000Z,0.0003,0x7a76130615f8de45954e2dc13ea05b1d3ab25889,buy,0x983f6d60db79ea8ca4eb9968c6aff8cfa04b3c63,0xe29130f56be24ff6ce16535344a120df14e78380881c792491c12ca7c24c10ba
157,0.1,0.0000364,0x6cdea8e07bf82d7a07dbf36642d6e5be8623845c,2017-10-19T13:12:39.000Z,0.000364,0xfbf7dc0756a9768d0c71aea5f8421f3b1eaee7d1,buy,0x983f6d60db79ea8ca4eb9968c6aff8cfa04b3c63,0x3bcd3ba57562e87684e8fe5c85eed82340dd9ea5869a8ae9932ed1b6f39a8f60
158,10000,2.89,0xcec059742071b60375cc5f8c236768b25f85776d,2017-10-19T12:19:50.000Z,0.000289,0xd4a99a3e6a1a495ab95ea1a72a45f670ddbc0d96,sell,0x983f6d60db79ea8ca4eb9968c6aff8cfa04b3c63,0x756fe8985d2aff1ebdcda87d9f2a6453eb1db04b5ca0b7a4df14f7cea9cb08e8
159,1000,0.28901,0x8d71cd37bc1c715f6d4e9b5d68aa17a8b42cac87,2017-10-19T12:18:34.000Z,0.00028901,0xd4a99a3e6a1a495ab95ea1a72a45f670ddbc0d96,sell,0x983f6d60db79ea8ca4eb9968c6aff8cfa04b3c63,0x785c06ff9a0ca1db084fadd4aaf91373929bc998b2812b7da9535a8eb5c8487f
160,8.493,0.00254781507,0x72f90eb02e45aec19fa7d8e012ddc17c632ccf15,2017-10-19T12:17:28.000Z,0.00029999,0xd4a99a3e6a1a495ab95ea1a72a45f670ddbc0d96,sell,0x983f6d60db79ea8ca4eb9968c6aff8cfa04b3c63,0x71d8e85c957a61f6e5933d7a8fade7f075424f855185e779ff073b1937cfeb4f
161,888,0.26639112,0xe7558aa60d1135410f03479df94ea439e782d541,2017-10-19T12:17:14.000Z,0.00029999,0xd4a99a3e6a1a495ab95ea1a72a45f670ddbc0d96,sell,0x983f6d60db79ea8ca4eb9968c6aff8cfa04b3c63,0x20c1f9ca0f7e2505f32bf385e80e7820f959abcb1810e37dc5c072bce1da98d2
162,2801.3286795558406,0.8431999325463081,0xfbf7dc0756a9768d0c71aea5f8421f3b1eaee7d1,2017-10-19T12:16:03.000Z,0.000301,0xd4a99a3e6a1a495ab95ea1a72a45f670ddbc0d96,sell,0x983f6d60db79ea8ca4eb9968c6aff8cfa04b3c63,0x54604a055e44eb9bd92cd57b413b76aa9156b652f60f28f1e0fd80f3fa171e11
163,3000,0.963,0xfbf7dc0756a9768d0c71aea5f8421f3b1eaee7d1,2017-10-19T12:15:14.000Z,0.000321,0xd4a99a3e6a1a495ab95ea1a72a45f670ddbc0d96,sell,0x983f6d60db79ea8ca4eb9968c6aff8cfa04b3c63,0xe98cb743ea8bb15298a599d4693a80c1ee1504770a588be70e56738065c2e4da
164,5000,1.7,0xd44eecdb43b00bf7a0167abe7db8f77e1bbd03d9,2017-10-19T10:13:47.000Z,0.00034,0xb1c1e5d2d1e77515fc7f87058ac363437085a28b,sell,0x983f6d60db79ea8ca4eb9968c6aff8cfa04b3c63,0x05b0b025cbbb678585c2f92614fdbb6e3af54767c2d5261a76d77caaaf520ebb
165,300,0.105,0xd0febe7c4efd39b0a9efdb956ba10e962a43d7d8,2017-10-19T10:08:49.000Z,0.00035,0xb1c1e5d2d1e77515fc7f87058ac363437085a28b,sell,0x983f6d60db79ea8ca4eb9968c6aff8cfa04b3c63,0x64bb0375894e26c21e600e0352d93eebf1098dea5baa2938af6585a349b72e50
166,5000,1.7,0xd44eecdb43b00bf7a0167abe7db8f77e1bbd03d9,2017-10-19T09:33:34.000Z,0.00034,0xb1c1e5d2d1e77515fc7f87058ac363437085a28b,sell,0x983f6d60db79ea8ca4eb9968c6aff8cfa04b3c63,0x0829ed207c3f2e145dafd368cb5eea2bf70e7feaf1f869cce5f9996dd7cef2b0
167,350,0.12915,0x7d2cad1528a64212f8a61a5be0e409982331a2f3,2017-10-19T09:14:26.000Z,0.000369,0xb1c1e5d2d1e77515fc7f87058ac363437085a28b,buy,0x983f6d60db79ea8ca4eb9968c6aff8cfa04b3c63,0xd9dc0cad6f83bed7b40bc9ced3642d3e7e123a6083a36cc53dd7ed4a56edddd0
168,584.427275446117,0.17301969489582295,0xa3d7dedda551204ccb03bd79aa87824cc453b8de,2017-10-19T03:30:19.000Z,0.00029605,0x2126a604190d8a3485e20778473df338513278e3,sell,0x983f6d60db79ea8ca4eb9968c6aff8cfa04b3c63,0xcc22e25002cc3edf59f1db50d4236d9bbdf02120a1a1798dc8dd57c4245a2b17
169,130,0.04927,0x22bbc3c4e46bf7104381db03bd93c6981faa96b5,2017-10-19T02:18:24.000Z,0.000379,0x0f1b76410215ed963ea2c3d3eaddd4a56350b422,buy,0x983f6d60db79ea8ca4eb9968c6aff8cfa04b3c63,0x8d418ec6674cd9cad68a1ebaae880d40e0c8dd14edc4720facbed3fcdacc9472
170,644.4698712428318,0.20494206352509176,0x851638b1a455db32e74a51d8d963910049597fc8,2017-10-18T22:00:08.000Z,0.000318001,0x6aec0d2b07bfba9802b91671b14b2d43d8c3bf12,sell,0x983f6d60db79ea8ca4eb9968c6aff8cfa04b3c63,0x466b51d0af98ba30afb875dd02c8c3384de788f226b42b8fbe7df6c11d218704
171,3730,1.18614,0x0ace7cc0f10c2bf796bc2fb1bb80e1c8847b0567,2017-10-18T21:58:30.000Z,0.000318,0x6aec0d2b07bfba9802b91671b14b2d43d8c3bf12,sell,0x983f6d60db79ea8ca4eb9968c6aff8cfa04b3c63,0x28ee018739a56bedd500485f5936d789d88afdf775a0e60fa1002b4521923960
172,1450,0.462695,0x31d807e1ed35f84248341461c6a2c44db722877b,2017-10-18T21:57:53.000Z,0.0003191,0x6aec0d2b07bfba9802b91671b14b2d43d8c3bf12,sell,0x983f6d60db79ea8ca4eb9968c6aff8cfa04b3c63,0x04a8b3024203dc7cf611d162a4fed90d35c8ed59b94ef0ad95adc53bd56d42dd
173,16833.815172963812,5.302651779483601,0x6a912f36057ff7149c41c9140a30d5fe7cd1d7ff,2017-10-18T20:58:47.000Z,0.000315,0x9ec7227784dd3ab9c808fde36768f0c177f9068b,sell,0x983f6d60db79ea8ca4eb9968c6aff8cfa04b3c63,0xe4816ea6d524dd9c72838f9f47d0c6d947817b98d8a9ce167d1b6bbac7addbe4
174,38000,11.97,0x6a912f36057ff7149c41c9140a30d5fe7cd1d7ff,2017-10-18T20:09:22.000Z,0.000315,0x9ec7227784dd3ab9c808fde36768f0c177f9068b,sell,0x983f6d60db79ea8ca4eb9968c6aff8cfa04b3c63,0x809737f527c70eaa13bf8930fc79f52f735ad3d7de60642b37162a40943c7ef7
175,1.1823505444467783,0.000448110856345329,0xb1c1e5d2d1e77515fc7f87058ac363437085a28b,2017-10-18T19:12:51.000Z,0.000379,0x0f1b76410215ed963ea2c3d3eaddd4a56350b422,buy,0x983f6d60db79ea8ca4eb9968c6aff8cfa04b3c63,0x65b4b2a69764b46edb4b127fd5be39b3cf023d40620341460b5fcc1a35dc0d3e
176,1,0.0004495,0x3ac636ac5c3a2576156ac5f10066ca68abe0ad54,2017-10-18T16:54:20.000Z,0.0004495,0xb1c1e5d2d1e77515fc7f87058ac363437085a28b,buy,0x983f6d60db79ea8ca4eb9968c6aff8cfa04b3c63,0x61cf898af5c4b50f66389bc95911fda4869bf8cc954e1d90666e311c414750b9
177,1.3192612137203166,0.0005,0xf9695cd65d6dfdf257fab76a3eb0cb8f001971cc,2017-10-18T15:35:47.000Z,0.000379,0x0f1b76410215ed963ea2c3d3eaddd4a56350b422,buy,0x983f6d60db79ea8ca4eb9968c6aff8cfa04b3c63,0x738b3366ff710faa180246adfd029dfd43da670ef7f38b83d291bd3fd2826e37
178,1.3192612137203166,0.0005,0x379374d13077e8867ef31803c37baf9785a17c00,2017-10-18T15:30:56.000Z,0.000379,0x0f1b76410215ed963ea2c3d3eaddd4a56350b422,buy,0x983f6d60db79ea8ca4eb9968c6aff8cfa04b3c63,0x2a38c4be668e264415e24dd720425f3f8bc74a29effe5852c680f1517859e527
179,11450,4.33955,0xd4a99a3e6a1a495ab95ea1a72a45f670ddbc0d96,2017-10-18T14:59:55.000Z,0.000379,0x0f1b76410215ed963ea2c3d3eaddd4a56350b422,buy,0x983f6d60db79ea8ca4eb9968c6aff8cfa04b3c63,0x2d1595d6e627ed84c208c2aecc7c66196aad63e8c87b213eb59a89b2761f323e
180,5334,2.00025,0xd4a99a3e6a1a495ab95ea1a72a45f670ddbc0d96,2017-10-18T14:58:01.000Z,0.000375,0x0f1b76410215ed963ea2c3d3eaddd4a56350b422,buy,0x983f6d60db79ea8ca4eb9968c6aff8cfa04b3c63,0xccf99c83aeb4a81800b12ce2e80c2629e58819ba501b51383a9164a9af0ebe9b
181,298,0.11293902,0xd4a99a3e6a1a495ab95ea1a72a45f670ddbc0d96,2017-10-18T14:58:01.000Z,0.00037899,0xcec059742071b60375cc5f8c236768b25f85776d,buy,0x983f6d60db79ea8ca4eb9968c6aff8cfa04b3c63,0x139fc0eaadffdccfcb13da9731f217e66ea4cecce896a81a6cc6b90ac045dab1
182,500,0.1874,0xd4a99a3e6a1a495ab95ea1a72a45f670ddbc0d96,2017-10-18T14:57:47.000Z,0.0003748,0x72f90eb02e45aec19fa7d8e012ddc17c632ccf15,buy,0x983f6d60db79ea8ca4eb9968c6aff8cfa04b3c63,0xa7d1866c4a034ecf6b60a3a86988a94030e53eb173e01260e02ca2b74ae0a7a7
183,390,0.146133,0xd4a99a3e6a1a495ab95ea1a72a45f670ddbc0d96,2017-10-18T14:56:54.000Z,0.0003747,0xa30a0e3cd16d9b044f529d89abc97793453b1166,buy,0x983f6d60db79ea8ca4eb9968c6aff8cfa04b3c63,0xcf82bac89e3909e763232c9e3047aab6c12df6bf952c64e45ce947dfb87282c1
184,6294.088326188815,0.18189915262685674,0x7eb0af29068078ae05dda80d5a537d8e984a2a36,2017-10-18T14:54:48.000Z,0.00002889999999999999,0xd4a99a3e6a1a495ab95ea1a72a45f670ddbc0d96,sell,0x983f6d60db79ea8ca4eb9968c6aff8cfa04b3c63,0xe08c106db3426d24b592c734cf2803fa260e9c16ef9a439fea1c76b051f1e612
185,6313.6,2.083488,0xd4a99a3e6a1a495ab95ea1a72a45f670ddbc0d96,2017-10-18T14:21:32.000Z,0.00033,0xef42bf41c5f978f2ee7e5be8f3de609f843d58fc,buy,0x983f6d60db79ea8ca4eb9968c6aff8cfa04b3c63,0x975ae66853e41780df3f9c4a9be115160c55365f245eb470991bf4a858a0a4df
186,200,0.0758,0x03278cdc674fb3bfd89f368a86bc2ce295150f12,2017-10-18T03:29:30.000Z,0.000379,0x0f1b76410215ed963ea2c3d3eaddd4a56350b422,buy,0x983f6d60db79ea8ca4eb9968c6aff8cfa04b3c63,0xeee8017dc4859dbe693d9e3c1ef1127f19cfc7cd765f50a67e1359fc3bf1a75a
187,200,0.0758,0x894bac9b0216f335769dca19b54ca3ed3a4bd643,2017-10-18T02:59:47.000Z,0.000379,0x0f1b76410215ed963ea2c3d3eaddd4a56350b422,buy,0x983f6d60db79ea8ca4eb9968c6aff8cfa04b3c63,0x5e5093c5b98ce77dcef4f80e08fae176ca9b1bcb71a667572e0b24e71895164a
188,299.07287409032,0.08643206061210248,0xcec059742071b60375cc5f8c236768b25f85776d,2017-10-17T23:53:13.000Z,0.000289,0xcfa8e05c10f8a7b9f6f613c9b1cd221b90615d17,sell,0x983f6d60db79ea8ca4eb9968c6aff8cfa04b3c63,0xc4557f1109f15c7924180d36735ef776368a2a0f60b3f9ffcfeb54efe1b5fbf0
189,100,0.034599,0xa53194e5e67e9eade3cfc81a6b5e426a46c58dfe,2017-10-17T22:41:36.000Z,0.00034599,0xb1c1e5d2d1e77515fc7f87058ac363437085a28b,buy,0x983f6d60db79ea8ca4eb9968c6aff8cfa04b3c63,0xae48eeba4d2399fcc1c3e0c7b32092b4f1d0f57e0b373b76b7b26ba195ff67a8
190,253.71,0.0877811229,0xd17bc0dc5ac31ab5cbe30b36309fe845b69f66ab,2017-10-17T22:06:51.000Z,0.00034599,0xb1c1e5d2d1e77515fc7f87058ac363437085a28b,sell,0x983f6d60db79ea8ca4eb9968c6aff8cfa04b3c63,0xcf88a98a40e48d99e8d8adc3667d2fa365a5c9310932e527a4b406d548923112
191,3000,1.03797,0x701a67cef76b921d0b6e9f09532964cbf10e3c06,2017-10-17T20:48:24.000Z,0.00034599,0xb1c1e5d2d1e77515fc7f87058ac363437085a28b,buy,0x983f6d60db79ea8ca4eb9968c6aff8cfa04b3c63,0x7d5f8684d773e79b7df25b573abc76d300f5f06d9b463c67de11e9c21e29b995
192,494.7,0.168198,0x701a67cef76b921d0b6e9f09532964cbf10e3c06,2017-10-17T20:47:03.000Z,0.00034,0xf61a327acaba5b2c08e8a8b335892c3a62b01a9f,buy,0x983f6d60db79ea8ca4eb9968c6aff8cfa04b3c63,0x2f87535b7de20d1b136f0efd99bab1f38a3a9442c79aef61722f8263690a349e
193,1.445128471921154,0.0005,0x16e5d97bbc92417e051e3b2cabfbf8ceea2acb9c,2017-10-17T18:26:56.000Z,0.00034599,0xb1c1e5d2d1e77515fc7f87058ac363437085a28b,buy,0x983f6d60db79ea8ca4eb9968c6aff8cfa04b3c63,0x1d38e3b3b3af1f3dacf836787ccc1f19aff853e1f04b0749d2c037e5af0071db
194,0.615718623642356,0.000177326963608998,0xe7558aa60d1135410f03479df94ea439e782d541,2017-10-17T13:41:44.000Z,0.0002879999999999992,0x21b1f5aa876e89aa30d45ddf4d5b9b0023fec388,sell,0x983f6d60db79ea8ca4eb9968c6aff8cfa04b3c63,0x19ac29e749a1533e05928df311eb26daa36d5b228968c0f05d2032b03005c2fe
195,1.4285714285714286,0.0005,0xcd912af5286dc0b0a23edb30209734ecb60838b3,2017-10-17T06:02:57.000Z,0.00035,0xf61a327acaba5b2c08e8a8b335892c3a62b01a9f,buy,0x983f6d60db79ea8ca4eb9968c6aff8cfa04b3c63,0x5e814d3b831efdf9cdea61ab21d797a773418d90f67add32d866518fe59259d4
196,212.67973710623914,0.06167712376080935,0x701a67cef76b921d0b6e9f09532964cbf10e3c06,2017-10-16T22:26:32.000Z,0.00029,0xf61a327acaba5b2c08e8a8b335892c3a62b01a9f,sell,0x983f6d60db79ea8ca4eb9968c6aff8cfa04b3c63,0x85380feaf95637fcea76d68df249ff6df5d99f0846bcfe1792a887b6aba440d7
197,2819.8299557087316,0.986940484498056,0x1d89439de4a8bfdf5d689b5982a55f6e2253cf3d,2017-10-16T20:29:42.000Z,0.00035,0xf61a327acaba5b2c08e8a8b335892c3a62b01a9f,buy,0x983f6d60db79ea8ca4eb9968c6aff8cfa04b3c63,0x8acbb1cd336c5a1d8ed085ea24144ed42f0da8c1eb88db6ce79ddb98ffc32a38
198,0.5372892149465486,0.000188051225231292,0xf61a327acaba5b2c08e8a8b335892c3a62b01a9f,2017-10-16T19:35:57.000Z,0.00035,0xf61a327acaba5b2c08e8a8b335892c3a62b01a9f,buy,0x983f6d60db79ea8ca4eb9968c6aff8cfa04b3c63,0xe11ec7eb52cbbff05f57183d1c0d636fb102bc553544ec685355e311246c8fd9
199,0.000098985339645087,0.000000031655511618,0x41958bc587811ce3096d0f6dcde91d6acd6ccff4,2017-10-16T19:23:15.000Z,0.00031979999999496065,0xc3e709a81e14003133e94ac593c58c9e540d13ef,sell,0x983f6d60db79ea8ca4eb9968c6aff8cfa04b3c63,0xb46cc65de7d2d3e3b2fa6cdb9c834a2c82e0cd5a8c9637f505ccd5e971785ad8
200,3469.743400562751,1.006225586163198,0x701a67cef76b921d0b6e9f09532964cbf10e3c06,2017-10-16T19:19:30.000Z,0.00029,0x8a7bf497e153df124d91e52bb8081635a9301e72,sell,0x983f6d60db79ea8ca4eb9968c6aff8cfa04b3c63,0x731d37fe7cc7c75aa58a1c7efcb021f6b9863ec08d9b14de8204ae1e82bc8048
201,6500,1.95,0xceca38b05208f7189cd8de752a5cf04588fd5547,2017-10-16T19:17:31.000Z,0.0003,0x8a7bf497e153df124d91e52bb8081635a9301e72,sell,0x983f6d60db79ea8ca4eb9968c6aff8cfa04b3c63,0x18f7decbf763fecbd9c0c7bd411f2e9026456974e180745e3910faf8a225a422
202,449.78522256680014,0.16642053234971607,0x191a8a1c0b00ffd468290093adb83969fd345932,2017-10-16T18:27:50.000Z,0.00037,0xb1c1e5d2d1e77515fc7f87058ac363437085a28b,buy,0x983f6d60db79ea8ca4eb9968c6aff8cfa04b3c63,0x9701b3e1baa18459eb3cf72bca88c22aa13ca01b793210fe6dba226dc6b977ed
203,13.981770796245414,0.004893619778685895,0x191a8a1c0b00ffd468290093adb83969fd345932,2017-10-16T18:24:56.000Z,0.00035,0xf61a327acaba5b2c08e8a8b335892c3a62b01a9f,buy,0x983f6d60db79ea8ca4eb9968c6aff8cfa04b3c63,0xdd9cfae4d4ba8812eb4a988f6894c48f86b1fdff931d3e91c67a0963cb34dfa1
204,1400,0.518,0xc0f00cbb0525d5a87fc462b482bd853e1ee82cfb,2017-10-16T18:16:43.000Z,0.00037,0xb1c1e5d2d1e77515fc7f87058ac363437085a28b,buy,0x983f6d60db79ea8ca4eb9968c6aff8cfa04b3c63,0x2d51a499a06b7f20b96d72b1649ce64066cd91e4f44d6c069c7bf3539c1a4305
205,3600,1.26,0xc0f00cbb0525d5a87fc462b482bd853e1ee82cfb,2017-10-16T18:14:06.000Z,0.00035,0xf61a327acaba5b2c08e8a8b335892c3a62b01a9f,buy,0x983f6d60db79ea8ca4eb9968c6aff8cfa04b3c63,0xbe74d90cb232ac2ae16f4d312658ac1f03aee5adc720a10573686aa6e40ab57e
206,0.9929219419798624,0.00031753643704516,0x41958bc587811ce3096d0f6dcde91d6acd6ccff4,2017-10-16T18:02:27.000Z,0.00031979999999999997,0xc3e709a81e14003133e94ac593c58c9e540d13ef,sell,0x983f6d60db79ea8ca4eb9968c6aff8cfa04b3c63,0x5db1496779b4f5d27966b03b9d730f055b3b1cd9275df2a6422b3a97221fb915
207,0.018229203754585713,0.000006380221314105,0x191a8a1c0b00ffd468290093adb83969fd345932,2017-10-16T18:01:39.000Z,0.00035,0xf61a327acaba5b2c08e8a8b335892c3a62b01a9f,buy,0x983f6d60db79ea8ca4eb9968c6aff8cfa04b3c63,0x6f60a3353a46c50eb87c749bc48297c6d96e9a53e337a894332811bcee70f4e1
208,540.4234790948061,0.15672280893749377,0x701a67cef76b921d0b6e9f09532964cbf10e3c06,2017-10-16T17:50:33.000Z,0.00029,0x3cd34987c22b88300ea0295a743a5198239ab88c,sell,0x983f6d60db79ea8ca4eb9968c6aff8cfa04b3c63,0x2dd07227cced6489cd2b62fae0f6a3ca6496ffdb752e82a65114f89fa42fc27b
209,249,0.072459,0xb1c1e5d2d1e77515fc7f87058ac363437085a28b,2017-10-16T17:31:04.000Z,0.000291,0x3cd34987c22b88300ea0295a743a5198239ab88c,sell,0x983f6d60db79ea8ca4eb9968c6aff8cfa04b3c63,0x78c2e9725da9a0c3cf51fc20c4af712413b6ba1082e69eb32014bc7bce831087
210,611.5638221513309,0.1761303807795833,0xe7558aa60d1135410f03479df94ea439e782d541,2017-10-16T13:49:34.000Z,0.000288,0xb5b23ff755c1c62b637114e932ff914a159eeafb,sell,0x983f6d60db79ea8ca4eb9968c6aff8cfa04b3c63,0x507c70114f1a361ba6014805ebdbcc55f7a61e01fd6ad5646414521e81c738da
211,200,0.074,0x5076025e1fc76826ef4bb6619c47041c4a13b7f8,2017-10-16T12:50:23.000Z,0.00037,0xb1c1e5d2d1e77515fc7f87058ac363437085a28b,buy,0x983f6d60db79ea8ca4eb9968c6aff8cfa04b3c63,0x59871e2c8eb40c2f4d0d4d46e5aff97b79ebeaefd0a9bc5f781f5864512cdcd5
212,20666,6.1998,0x0f1b76410215ed963ea2c3d3eaddd4a56350b422,2017-10-16T05:23:53.000Z,0.0003,0x5cafe4321d49717abcdf911235faf6e614b8791f,sell,0x983f6d60db79ea8ca4eb9968c6aff8cfa04b3c63,0x7539247610fecb8300368cfc3c792f56fcac3a2e10da4738c11cea6e1ad542ad
213,352.808,0.10937048,0x701a67cef76b921d0b6e9f09532964cbf10e3c06,2017-10-16T05:22:47.000Z,0.00031,0xc7954ad7f35fe1e61b088fa1367a03d19cf1ed03,sell,0x983f6d60db79ea8ca4eb9968c6aff8cfa04b3c63,0x53caf8f44437f21a7935367b476aeda390443aad42556416eb019bbd6162c511
214,0.000000004251339565,0.000000000001360428,0x553253341310026089468ec99c0a1e194119c52e,2017-10-16T03:57:56.000Z,0.00031999984456663837,0xc7954ad7f35fe1e61b088fa1367a03d19cf1ed03,sell,0x983f6d60db79ea8ca4eb9968c6aff8cfa04b3c63,0xef7af551b21a41870eaa0f57964310cf22e53e3edc4c18d03c4df7c458af6f6a
215,0.000042645187173843,0.000000013646459895,0x553253341310026089468ec99c0a1e194119c52e,2017-10-16T03:55:36.000Z,0.00031999999998523254,0xc7954ad7f35fe1e61b088fa1367a03d19cf1ed03,sell,0x983f6d60db79ea8ca4eb9968c6aff8cfa04b3c63,0x15b2d2af4089a02cada7684c0313760e0ef043f55fd45f73b5a653427e52f8ed
216,0.42777387254081384,0.00013688763921306,0x553253341310026089468ec99c0a1e194119c52e,2017-10-16T03:53:26.000Z,0.000319999999999999,0xc7954ad7f35fe1e61b088fa1367a03d19cf1ed03,sell,0x983f6d60db79ea8ca4eb9968c6aff8cfa04b3c63,0x60f020a831be3502999998f880e5faf9f0d6639ce739363a48ee1059e8ae58f1
217,78.947,0.02999986,0x09fee62f5823d863a71094259d279ee0f49e1b17,2017-10-16T01:11:47.000Z,0.00038,0xb1c1e5d2d1e77515fc7f87058ac363437085a28b,buy,0x983f6d60db79ea8ca4eb9968c6aff8cfa04b3c63,0x122ce9a8138c87a7942c3cb7a7d879ff003f8f27614566775b4007779bcd041f
218,942.097,0.3009999915,0xd843598a965b7ba6288199fa3a7b26d6df7d827b,2017-10-15T20:21:51.000Z,0.0003195,0xc17a0baabe0a4397c2e91b67b4dd8c102b1043b2,sell,0x983f6d60db79ea8ca4eb9968c6aff8cfa04b3c63,0x657cb0e4a4125ee930a6a3a3e6aaabfba870acf0af3dc9f4ced355ed48cb2a78
219,5561,1.77952,0x9222c28ce44d709ddd8bc7c1af6c2ed3fe2e697e,2017-10-15T20:16:12.000Z,0.00032,0xc17a0baabe0a4397c2e91b67b4dd8c102b1043b2,sell,0x983f6d60db79ea8ca4eb9968c6aff8cfa04b3c63,0xabb9e7351f958dcb1604e029684fc5702afc14866a47678a374666f59435ad2c
220,30.904,0.01019832,0xf061668882151305647e4b2d92c1e008910857f2,2017-10-15T19:13:09.000Z,0.00033,0x3cd34987c22b88300ea0295a743a5198239ab88c,sell,0x983f6d60db79ea8ca4eb9968c6aff8cfa04b3c63,0x29112bc321f84a3521d99656867f7fc2768d7fb6c7a2a4ddb4085a48ffd048ae
221,246.29530807438118,0.209351011863224,0xd17bc0dc5ac31ab5cbe30b36309fe845b69f66ab,2017-10-15T17:17:08.000Z,0.00085,0x03278cdc674fb3bfd89f368a86bc2ce295150f12,buy,0x983f6d60db79ea8ca4eb9968c6aff8cfa04b3c63,0x6b220366a4e348541589793bbdf5c4beedc16ecdf5dd04f8cbc7eeb804c418ed
222,100,0.039999,0x03278cdc674fb3bfd89f368a86bc2ce295150f12,2017-10-15T13:20:58.000Z,0.00039999,0xb1c1e5d2d1e77515fc7f87058ac363437085a28b,buy,0x983f6d60db79ea8ca4eb9968c6aff8cfa04b3c63,0xf91ded1b0884bae37616930c8b05857045cb40d49c6daa56f84dcb6434087d1e
223,9969.095803010667,3.2898016149935203,0xf061668882151305647e4b2d92c1e008910857f2,2017-10-15T02:07:19.000Z,0.00033,0xb1faab61ef002b0a21d22f5a434cf394b326b5f0,sell,0x983f6d60db79ea8ca4eb9968c6aff8cfa04b3c63,0x8549e85907cd9918652218c61231958eaee14c544d8db6554253ebdc35f61dd9
224,598.1457481986239,0.20336955438753213,0x6a5488a276e7f3794d60cd25a1b08ccbbeb94c53,2017-10-14T22:25:10.000Z,0.00033999999999999997,0xc7954ad7f35fe1e61b088fa1367a03d19cf1ed03,sell,0x983f6d60db79ea8ca4eb9968c6aff8cfa04b3c63,0x07a03d2f2a59a34b6d585282f6fa091c6f196366025ade5f2cb3147e44056df5
225,0.000180396492155497,0.000000061334807332,0x6a5488a276e7f3794d60cd25a1b08ccbbeb94c53,2017-10-14T22:19:36.000Z,0.0003399999999951829,0xc7954ad7f35fe1e61b088fa1367a03d19cf1ed03,sell,0x983f6d60db79ea8ca4eb9968c6aff8cfa04b3c63,0xa8ea70b246f9d348113b26da995a8462dbbf89b306298827750f109bd00df608
226,1066,0.520208,0x41f02a16d182039eb37ee57f50c59f9c6911dab9,2017-10-14T14:02:30.000Z,0.000488,0xe7558aa60d1135410f03479df94ea439e782d541,buy,0x983f6d60db79ea8ca4eb9968c6aff8cfa04b3c63,0x306293e9b709d402bfa10eea131b4bf4b566921d4e2ceebe86cfa0db75d7fef2
227,268.755,0.1128771,0x41f02a16d182039eb37ee57f50c59f9c6911dab9,2017-10-14T13:54:09.000Z,0.00042,0x5cd978846ce925908ced324c6008acf8612d1281,buy,0x983f6d60db79ea8ca4eb9968c6aff8cfa04b3c63,0xba8da94bc7794fdee2b5210cf84054964689118556986e10ff4c4c337fdd4370
228,380,0.1596,0x41f02a16d182039eb37ee57f50c59f9c6911dab9,2017-10-14T13:54:09.000Z,0.00042,0xe26c747a4f6b45e0f82a9e91bb1591ebc0237b09,buy,0x983f6d60db79ea8ca4eb9968c6aff8cfa04b3c63,0x7f6624bec54efbd6b11470b46ed71c780a0eef6955c592a8feb0539aea378e16
229,1000,0.399,0x56abe2371a7be4375c2d28d8b97c0f96af1667e2,2017-10-14T11:18:13.000Z,0.000399,0xb1c1e5d2d1e77515fc7f87058ac363437085a28b,buy,0x983f6d60db79ea8ca4eb9968c6aff8cfa04b3c63,0xba032bcbe3cc61cd1721dce60f4583114e0cc140b86b57caf413e444a6e13f00
230,1.9116678147367219,0.000762755458079952,0x7c4c971b8c30d063208a51c1a7676988892b73ab,2017-10-14T10:41:55.000Z,0.000399,0xb1c1e5d2d1e77515fc7f87058ac363437085a28b,buy,0x983f6d60db79ea8ca4eb9968c6aff8cfa04b3c63,0xd96111cd791e9d508f80b29f7647e63b49ff11c45d78dd545006d3a2c5d96e82
231,4651.698018866711,1.8560275095278176,0xcedd0f5b2ac03d2df0f4f697afbf5778155629bd,2017-10-14T09:59:51.000Z,0.000399,0xb1c1e5d2d1e77515fc7f87058ac363437085a28b,buy,0x983f6d60db79ea8ca4eb9968c6aff8cfa04b3c63,0xe7a7daa2c58a4675f00321bac621ca1455bedf300e286040b19fb8788f4b7ec3
232,186,0.0744,0x740d0b0318e65ae52c6775896f75aade1e707db4,2017-10-13T20:51:08.000Z,0.0004,0xb1c1e5d2d1e77515fc7f87058ac363437085a28b,buy,0x983f6d60db79ea8ca4eb9968c6aff8cfa04b3c63,0xfd54e1cf43b4a7f2ea8d304d22d5c407a16001844c5a0153106e61f6f2dfd776
233,294,0.099960294,0xdad62a339b5cb392953f513f4c15d14f8d23c462,2017-10-13T16:07:57.000Z,0.000340001,0x5cd978846ce925908ced324c6008acf8612d1281,sell,0x983f6d60db79ea8ca4eb9968c6aff8cfa04b3c63,0xe1ff27713dd53b2a160c47f4da181a557b2952b3929ae5bcbc61f0ab427c720c
234,0.577210646994318,0.000288605323497159,0xf61a327acaba5b2c08e8a8b335892c3a62b01a9f,2017-10-13T11:57:00.000Z,0.0005,0xf61a327acaba5b2c08e8a8b335892c3a62b01a9f,buy,0x983f6d60db79ea8ca4eb9968c6aff8cfa04b3c63,0x9c94d4f99f7363d84cb63f8ffbcb124b94ba1e12d37db8da308a81dd51110c01
235,14967.57950353903,4.580079328082943,0x98b8f889dbe2b5c4c5879f65e13b24012f2afdce,2017-10-13T11:45:57.000Z,0.000306,0x97677751e84c0dc6b2f598fa35cac91c209e80d2,sell,0x983f6d60db79ea8ca4eb9968c6aff8cfa04b3c63,0x6f0b932ccb163db780564fb00bd6a1dae3d9478e1e92a375a3b71cf6c5fe0ca3
236,11.728623971164811,0.004984547901505333,0x8007b5a2c6d96ef08d455334657a83297ad901c8,2017-10-13T10:54:04.000Z,0.00042499,0x5cd978846ce925908ced324c6008acf8612d1281,buy,0x983f6d60db79ea8ca4eb9968c6aff8cfa04b3c63,0x2408568a99b24d00a25e9146b7ba4a99ccdace1c151f575c19d7a6586ba9409e
237,1905.2572707323347,0.5906297539270238,0x701a67cef76b921d0b6e9f09532964cbf10e3c06,2017-10-13T09:28:45.000Z,0.00031,0x5077da020bbbb1789c9d74602af781983e019932,sell,0x983f6d60db79ea8ca4eb9968c6aff8cfa04b3c63,0xa22073e89228b7ef8709c7c962bac7ef00fe268d3b2b9aaa370241baefe5b67f
238,768,0.30720768,0x16bc787f5d5c0776e1ef78d5baed3b52b70d0251,2017-10-13T02:28:05.000Z,0.00040001,0xb47959d3b0b0436be20c0fb8004a97028ca9af43,sell,0x983f6d60db79ea8ca4eb9968c6aff8cfa04b3c63,0xdbbd63a235b3a3ac22702c79ab624c303b4342a27d4a9783631fc140b5086d68
239,60,0.0252,0x53de080ee8f03ea3638cc8a64b36b3fcb17d909d,2017-10-13T00:58:54.000Z,0.00042,0xb47959d3b0b0436be20c0fb8004a97028ca9af43,buy,0x983f6d60db79ea8ca4eb9968c6aff8cfa04b3c63,0x63ab6f9036d7feb9c1654d78499a7757887fb153217cc4582c1827c97650c657
240,45,0.01912455,0x53de080ee8f03ea3638cc8a64b36b3fcb17d909d,2017-10-13T00:01:57.000Z,0.00042499,0x5cd978846ce925908ced324c6008acf8612d1281,buy,0x983f6d60db79ea8ca4eb9968c6aff8cfa04b3c63,0x1807ad002d0acaa3bae61ec1ad7d5bdbd6e59cafd6646a498dd562576ec1be66
241,110,0.044,0x36ae02c0a243c1021d9b9bd675802bf49c4162df,2017-10-12T23:07:49.000Z,0.0004,0x5cd978846ce925908ced324c6008acf8612d1281,sell,0x983f6d60db79ea8ca4eb9968c6aff8cfa04b3c63,0xfd0f6792be52f80c375efeeacc47f4efb7b60055db006252afe1ca6650b54e9f
242,18003.058617180173,7.201223446872069,0xf061668882151305647e4b2d92c1e008910857f2,2017-10-12T23:01:41.000Z,0.00039999999999999996,0xb2175645c3779008529912f407aab53ce7883654,sell,0x983f6d60db79ea8ca4eb9968c6aff8cfa04b3c63,0x3eb595532a131072a17cc7153f46f69b0094d421266c2ef584308d62b7bc1cd8
243,45,0.02196,0x94c677110b22a5263413b6ddffacd2d06f2a6100,2017-10-12T22:55:38.000Z,0.000488,0x5cd978846ce925908ced324c6008acf8612d1281,sell,0x983f6d60db79ea8ca4eb9968c6aff8cfa04b3c63,0x6b5652e4e999cd4d618874f1a5cdfbc83dad8289727182ef5b5453a1b195c426
244,832.2,0.33288,0xb47959d3b0b0436be20c0fb8004a97028ca9af43,2017-10-12T22:06:24.000Z,0.0004,0x992b4609935fe143891bfc7b69f18d12a87a9872,buy,0x983f6d60db79ea8ca4eb9968c6aff8cfa04b3c63,0xd9a5126a697a56fc40326e234aac3a1a8a4fd32656e8c64b401abe8d603a812d
245,996.9413828198282,0.39877655312793125,0xf061668882151305647e4b2d92c1e008910857f2,2017-10-12T19:57:44.000Z,0.00039999999999999996,0xe72cb9f5b712fb94bd1b8b9589c2bf80efdbae34,sell,0x983f6d60db79ea8ca4eb9968c6aff8cfa04b3c63,0xc3f20cdd9cd7a567538894588ab4cc7dc34c069f392d1e629d98c204a5eb718a
246,1000,0.4,0xf061668882151305647e4b2d92c1e008910857f2,2017-10-12T18:02:36.000Z,0.0004,0x98b8f889dbe2b5c4c5879f65e13b24012f2afdce,sell,0x983f6d60db79ea8ca4eb9968c6aff8cfa04b3c63,0x2a2792cc49acff90a58bc4e2dd72b214eba50e65898dc72dfaf681b49ce0012d
247,125,0.051125,0xf087d15fc71065e3b859865d13d135beabf9f9b1,2017-10-12T14:30:15.000Z,0.000409,0xc7954ad7f35fe1e61b088fa1367a03d19cf1ed03,sell,0x983f6d60db79ea8ca4eb9968c6aff8cfa04b3c63,0x909b7416f5678d714496cc74ebfbf78ede9ec93d8ca2fd36bc59ed9e6ef9dbc9
248,27.415,0.01118532,0xdbe06a846779a1a3bbf4e1255c1e9f4a9f191597,2017-10-12T14:30:15.000Z,0.000408,0xc7954ad7f35fe1e61b088fa1367a03d19cf1ed03,sell,0x983f6d60db79ea8ca4eb9968c6aff8cfa04b3c63,0x5eaeee45a8be6d962696eace91b09c70326ef94b2797792cddd0be920b4bd85e
249,750,0.312,0x9db68705d4da73055cfe0581b76fa501515fdf30,2017-10-12T14:30:11.000Z,0.000416,0xc7954ad7f35fe1e61b088fa1367a03d19cf1ed03,sell,0x983f6d60db79ea8ca4eb9968c6aff8cfa04b3c63,0x1d2f05496902c97bd1674b87f0f8b3bdf7abac8df846b8a1bcdd7be54a487def
250,49,0.02058,0xf187eb34073c29ed27a39fb07f3cdd5ad75c99be,2017-10-12T13:54:26.000Z,0.00042,0xc7954ad7f35fe1e61b088fa1367a03d19cf1ed03,sell,0x983f6d60db79ea8ca4eb9968c6aff8cfa04b3c63,0x8cdf6395c90018dbeaa0c2f20a37ce1096f8c95b6237b62a9b60fe361c448acc
251,74.384,0.03124128,0xa53194e5e67e9eade3cfc81a6b5e426a46c58dfe,2017-10-12T13:53:11.000Z,0.00042,0xc7954ad7f35fe1e61b088fa1367a03d19cf1ed03,sell,0x983f6d60db79ea8ca4eb9968c6aff8cfa04b3c63,0x65fa43e87ecb021e2b977e50badabd43826e026f6b64d86a9c991661dfa7d7b1
252,1190,0.4998,0x46f0f423c24d7d3c2541ddf210232b2109bb5c11,2017-10-12T13:51:23.000Z,0.00042,0xc7954ad7f35fe1e61b088fa1367a03d19cf1ed03,sell,0x983f6d60db79ea8ca4eb9968c6aff8cfa04b3c63,0x41ec3f450834804bf1454be2f74c7bf36d8cab4dd65dda94e2862005fe11d5e2
253,61,0.025681,0xe7558aa60d1135410f03479df94ea439e782d541,2017-10-12T13:47:52.000Z,0.000421,0xc7954ad7f35fe1e61b088fa1367a03d19cf1ed03,sell,0x983f6d60db79ea8ca4eb9968c6aff8cfa04b3c63,0x6ac09f2fe30e839fe6e73b6da3883088d88b5eb93257f3211af90b4467b1bb44
254,1050,0.44205,0xe7558aa60d1135410f03479df94ea439e782d541,2017-10-12T13:12:29.000Z,0.000421,0xc7954ad7f35fe1e61b088fa1367a03d19cf1ed03,sell,0x983f6d60db79ea8ca4eb9968c6aff8cfa04b3c63,0x8d53a17d9bddc4d2786d0ee87a221329e0995491122413bd53373f175a531883
255,215.67061658256276,0.09273901214235174,0x36ae02c0a243c1021d9b9bd675802bf49c4162df,2017-10-12T13:11:35.000Z,0.000430003,0xc7954ad7f35fe1e61b088fa1367a03d19cf1ed03,sell,0x983f6d60db79ea8ca4eb9968c6aff8cfa04b3c63,0xa248b160a6486c7f898649a7a2a8584263d041e819badfd4133ba1858bb45d7f
256,1111,0.467731,0xe7558aa60d1135410f03479df94ea439e782d541,2017-10-12T13:11:35.000Z,0.000421,0xc7954ad7f35fe1e61b088fa1367a03d19cf1ed03,sell,0x983f6d60db79ea8ca4eb9968c6aff8cfa04b3c63,0x5c950723620bebd8380854ddfb8d46eab5e0d2bf46d63649ea5ac39935d2ed37
257,31.419890791035986,0.01354197293093651,0xf61a327acaba5b2c08e8a8b335892c3a62b01a9f,2017-10-12T13:11:11.000Z,0.00043099999999999996,0xc7954ad7f35fe1e61b088fa1367a03d19cf1ed03,sell,0x983f6d60db79ea8ca4eb9968c6aff8cfa04b3c63,0x5ee201f0d5dc6a4933da54807c15cc8b11703935950c63ba1b0394b60f0ece33
258,83.58010920896402,0.03602302706906349,0xf61a327acaba5b2c08e8a8b335892c3a62b01a9f,2017-10-12T13:09:22.000Z,0.000431,0xc7954ad7f35fe1e61b088fa1367a03d19cf1ed03,sell,0x983f6d60db79ea8ca4eb9968c6aff8cfa04b3c63,0xf14e481ee18a64f691dc966840f11761cfea17ea76229ccabd4ac8bcb1bdec9d
259,737.424,0.33921504,0x51c850e75ab8741e5d8157604ac75693fd0638a8,2017-10-12T12:52:32.000Z,0.00046,0xe7558aa60d1135410f03479df94ea439e782d541,buy,0x983f6d60db79ea8ca4eb9968c6aff8cfa04b3c63,0x739687d2e4a75355fa86cc91100d6ed0b55f817f33fae65267e9c003dbc2c067
260,83.83103288895333,0.036885654471139465,0xc7954ad7f35fe1e61b088fa1367a03d19cf1ed03,2017-10-12T11:06:44.000Z,0.00044,0xe6ec81ef422e45fb00bb99c33604f06954953a32,buy,0x983f6d60db79ea8ca4eb9968c6aff8cfa04b3c63,0x7712dd0a91d7c430576a6bb20d2b7f9383059d95b6abe393f24b10bc604aac7a
261,81.74658558468747,0.03678596351310936,0xe6ec81ef422e45fb00bb99c33604f06954953a32,2017-10-12T10:42:45.000Z,0.00045,0xc7954ad7f35fe1e61b088fa1367a03d19cf1ed03,sell,0x983f6d60db79ea8ca4eb9968c6aff8cfa04b3c63,0xb0db0403aa4d2106c0e03907dd06525684530fc1e06ac237cf5cf86b33ae666d
262,626.5467129502084,0.26941508656858965,0xe7558aa60d1135410f03479df94ea439e782d541,2017-10-12T10:32:13.000Z,0.00043,0x98b8f889dbe2b5c4c5879f65e13b24012f2afdce,sell,0x983f6d60db79ea8ca4eb9968c6aff8cfa04b3c63,0xb5551fc677c34ad759d3dca3f8109290629696e0b36cd2f1f86effc80035563a
263,917.7916321805968,0.39501751849052885,0xe7558aa60d1135410f03479df94ea439e782d541,2017-10-12T10:31:16.000Z,0.0004304,0x98b8f889dbe2b5c4c5879f65e13b24012f2afdce,sell,0x983f6d60db79ea8ca4eb9968c6aff8cfa04b3c63,0x8bb0adc814d94cb32ed0be0d152cdd6bddba10c9114fff9b5c2653264848ef13
264,2450,1.1025,0xe6ec81ef422e45fb00bb99c33604f06954953a32,2017-10-12T10:20:34.000Z,0.00045,0x98b8f889dbe2b5c4c5879f65e13b24012f2afdce,sell,0x983f6d60db79ea8ca4eb9968c6aff8cfa04b3c63,0x0a4547208eb6cbb19272f9d309a7f757aebbf12a2f7d0477d3781ca5cc5655ec
265,1950,0.8775,0xe6ec81ef422e45fb00bb99c33604f06954953a32,2017-10-12T10:09:10.000Z,0.00045,0x98b8f889dbe2b5c4c5879f65e13b24012f2afdce,sell,0x983f6d60db79ea8ca4eb9968c6aff8cfa04b3c63,0xec042c28049c88b2f1f7902fa0e69c8439b7bedc881c26cde05fb2b82b80f2c2
266,193.2083678194032,0.08315688150947113,0xe7558aa60d1135410f03479df94ea439e782d541,2017-10-12T06:09:10.000Z,0.0004304,0xc17a0baabe0a4397c2e91b67b4dd8c102b1043b2,sell,0x983f6d60db79ea8ca4eb9968c6aff8cfa04b3c63,0x2147fd401523d287ac3eda5d0725b29590dc770597385a1d9d517433fd237565
267,2278.233,0.980553761433,0x69c1acd6fc3af819939ee3a373bacda8d5a06f91,2017-10-12T06:02:27.000Z,0.000430401,0xc17a0baabe0a4397c2e91b67b4dd8c102b1043b2,sell,0x983f6d60db79ea8ca4eb9968c6aff8cfa04b3c63,0x449ac80f5879c63e174d0e95c6839e7589a53c282f7837c7100018b0123fae12
268,1206.7668588191084,0.519393662802603,0x69c1acd6fc3af819939ee3a373bacda8d5a06f91,2017-10-12T05:47:49.000Z,0.000430401,0xceceaa548a1d18e3360379b4c1f94e0202299029,sell,0x983f6d60db79ea8ca4eb9968c6aff8cfa04b3c63,0xe22379feb749ba982da88ee0e291139aa2ec51994c7c995b7d1743b5d26945c6
269,706.5757013288367,0.32502482261126486,0x00650c8e9a383476366e65d14fd449b93b65ace6,2017-10-12T05:36:10.000Z,0.00046,0xe7558aa60d1135410f03479df94ea439e782d541,buy,0x983f6d60db79ea8ca4eb9968c6aff8cfa04b3c63,0xfc7e48d0137e7c983fae9de660afaa8ce2a3c03d0e543760da526ad68a4780de
270,50,0.02425,0xf61a327acaba5b2c08e8a8b335892c3a62b01a9f,2017-10-12T04:51:58.000Z,0.000485,0xf61a327acaba5b2c08e8a8b335892c3a62b01a9f,buy,0x983f6d60db79ea8ca4eb9968c6aff8cfa04b3c63,0x9507e5b80e5c0f20e1cb98d7dc05001676fa5a71f4c2be9b7376431d9b3fca9d
271,50,0.02425,0xf61a327acaba5b2c08e8a8b335892c3a62b01a9f,2017-10-12T04:37:37.000Z,0.000485,0xf61a327acaba5b2c08e8a8b335892c3a62b01a9f,buy,0x983f6d60db79ea8ca4eb9968c6aff8cfa04b3c63,0xfaab7876885789befa4ff003cbb19110431138a77f41bdaece7f6c3d635814a3
272,115,0.049496,0xf61a327acaba5b2c08e8a8b335892c3a62b01a9f,2017-10-12T03:12:05.000Z,0.0004304,0xf61a327acaba5b2c08e8a8b335892c3a62b01a9f,sell,0x983f6d60db79ea8ca4eb9968c6aff8cfa04b3c63,0xa086ec00e5e487bb13d744524b5f4e28aa070bcfd3795447f6c7e8fff9d6d889
273,484.4532870497916,0.20831491343141037,0xe7558aa60d1135410f03479df94ea439e782d541,2017-10-12T01:39:19.000Z,0.00043,0x380f43382e70a699315caa3ef217d198a5824ba2,sell,0x983f6d60db79ea8ca4eb9968c6aff8cfa04b3c63,0xc1957b396489c840700615241a59cb825840294915cd55e69299033cc49072da
274,2000,0.92,0xca99a92ec8af79d3e07361d131ad503d4480aa59,2017-10-12T01:38:22.000Z,0.00046,0x380f43382e70a699315caa3ef217d198a5824ba2,sell,0x983f6d60db79ea8ca4eb9968c6aff8cfa04b3c63,0x27e63607ab11bfe46d52d5ed1a6861ff68a0fda4a4414651e230772681c64abc
275,2876.319,1.32310674,0xca99a92ec8af79d3e07361d131ad503d4480aa59,2017-10-12T01:26:51.000Z,0.00046,0xe7558aa60d1135410f03479df94ea439e782d541,sell,0x983f6d60db79ea8ca4eb9968c6aff8cfa04b3c63,0x5cce81471f2ea161b8e4526c8e80f30ab2e15de8902528a350885f95b08c5db2
276,7369.988405199191,3.390194666391628,0xca99a92ec8af79d3e07361d131ad503d4480aa59,2017-10-12T01:04:35.000Z,0.00046,0xc7954ad7f35fe1e61b088fa1367a03d19cf1ed03,sell,0x983f6d60db79ea8ca4eb9968c6aff8cfa04b3c63,0x11fd90d4584a705b85d5ca76b3848a420247c7ad16db50b66faf50971c77bebc
277,45,0.02196,0x94c677110b22a5263413b6ddffacd2d06f2a6100,2017-10-12T00:55:35.000Z,0.000488,0xe7558aa60d1135410f03479df94ea439e782d541,buy,0x983f6d60db79ea8ca4eb9968c6aff8cfa04b3c63,0xc29c067874f1023e209e3d569775e8c28da6c836de4ce565e2231d0c19979fb1
278,2453.692553085435,1.1286985744193,0xca99a92ec8af79d3e07361d131ad503d4480aa59,2017-10-12T00:15:27.000Z,0.00046,0xc7954ad7f35fe1e61b088fa1367a03d19cf1ed03,sell,0x983f6d60db79ea8ca4eb9968c6aff8cfa04b3c63,0x7a88f9646ecf37d1d1cf86bc7fb95eaae01330c12624a96dafc1048f18656c45
279,4300,2.021,0xcc4e9d98f29c17de6a7c69af57618d2009275b1d,2017-10-12T00:14:34.000Z,0.00047,0xc7954ad7f35fe1e61b088fa1367a03d19cf1ed03,sell,0x983f6d60db79ea8ca4eb9968c6aff8cfa04b3c63,0x1d9b7f9396b4941711f427bd300246828367a0f05d1b14d19758c3f9e7defabd
280,1350.358,0.661000241,0x66f53f50a24112a2a6dd537e08cee008a0edb06c,2017-10-11T23:40:16.000Z,0.0004895,0x1804111464a198d8b0450bdbf7cb9fd65a903baf,buy,0x983f6d60db79ea8ca4eb9968c6aff8cfa04b3c63,0xfa4d7f667e20e9cf21bed17e57e42e35fb897023f8ae0b026a83ad580f7b0abc
281,46.863,0.023618952,0xc36a96314ff0256bd1c9665c191c65b9efd583bf,2017-10-11T22:39:13.000Z,0.000504,0xa53194e5e67e9eade3cfc81a6b5e426a46c58dfe,buy,0x983f6d60db79ea8ca4eb9968c6aff8cfa04b3c63,0x30f57aff4c2c1d86466f79acb11fc956e8cd358d29540d374228090546663e99
282,700,0.3794,0xc36a96314ff0256bd1c9665c191c65b9efd583bf,2017-10-11T22:37:06.000Z,0.000542,0x6a5488a276e7f3794d60cd25a1b08ccbbeb94c53,buy,0x983f6d60db79ea8ca4eb9968c6aff8cfa04b3c63,0x9a46acaf3d9acbe00dc02ac29963e80143337fda6acba1a4c0e8525e596d6f7e
283,2.2505027624417115,0.001100495850833996,0xb93a5f4474449ae39d00c9be3146c4e2c1dd308b,2017-10-11T21:54:29.000Z,0.0004889999999999995,0xe7558aa60d1135410f03479df94ea439e782d541,sell,0x983f6d60db79ea8ca4eb9968c6aff8cfa04b3c63,0x2b78e0378aae76410e2e8714f5708c45005f5dbb54d894969ab3340212648f1a
284,375,0.183375,0xc3e709a81e14003133e94ac593c58c9e540d13ef,2017-10-11T20:18:11.000Z,0.000489,0x18a6cbd268eef4ec450af59b7e8bf2710efc5ebb,buy,0x983f6d60db79ea8ca4eb9968c6aff8cfa04b3c63,0x0fc768adccfbc7d9510ec89382b3a48047e0934eb20b1f278335e490f8a80a88
285,125,0.061125,0x6b8f546926d84de6a9d25eafc153c5a4f04b3a05,2017-10-11T17:56:20.000Z,0.000489,0x18a6cbd268eef4ec450af59b7e8bf2710efc5ebb,buy,0x983f6d60db79ea8ca4eb9968c6aff8cfa04b3c63,0xdbc263d388c03e1acc686ef2d14068c0e79a04df7aa09e1f8a1c4ec868b27f44
286,49.69594257800817,0.02136940439637125,0x36ae02c0a243c1021d9b9bd675802bf49c4162df,2017-10-11T17:22:39.000Z,0.000430003,0xa2d268b7e0ba3da091127f2e1daa1602e964c326,sell,0x983f6d60db79ea8ca4eb9968c6aff8cfa04b3c63,0x78f1cea7ba83353954cc61a79ebbd17102042dd35e536e02318826513df603bc
287,34.63344083942907,0.01489248346127702,0x36ae02c0a243c1021d9b9bd675802bf49c4162df,2017-10-11T17:18:44.000Z,0.000430003,0x422d4d1f8a9373dc8b75f3e1aeab786083f38a51,sell,0x983f6d60db79ea8ca4eb9968c6aff8cfa04b3c63,0x1ee69db6f7e1ad6e65eb5ea957d80bb236bf13812fdb1195f285a9a9238dde94
288,50,0.0235,0xf9411ccabda4627f4b703d1c52d6221b171f4a5c,2017-10-11T16:07:42.000Z,0.00047,0xa2d268b7e0ba3da091127f2e1daa1602e964c326,sell,0x983f6d60db79ea8ca4eb9968c6aff8cfa04b3c63,0x043642f7935ea20e291260a3ebf8cd33d6fd212f8d57e5fac54a93d80d26849c
289,500,0.2449975,0xc36a96314ff0256bd1c9665c191c65b9efd583bf,2017-10-11T13:10:16.000Z,0.000489995,0x1804111464a198d8b0450bdbf7cb9fd65a903baf,buy,0x983f6d60db79ea8ca4eb9968c6aff8cfa04b3c63,0x1731fddca740eb0ee48eb362d7acb490af0939e2b0ed1ec69206e277b961dd30
290,1111,0.47773,0xe7558aa60d1135410f03479df94ea439e782d541,2017-10-11T13:05:45.000Z,0.00043,0xc17a0baabe0a4397c2e91b67b4dd8c102b1043b2,sell,0x983f6d60db79ea8ca4eb9968c6aff8cfa04b3c63,0xd417de3a0d36aa27b2645047ef103fe0c09126a4b7bfe9432aed56dd181efdb2
291,400,0.18,0xea848d511958ca9dd22af5a37ee0b1a43e79fc04,2017-10-11T12:51:52.000Z,0.00045,0xc17a0baabe0a4397c2e91b67b4dd8c102b1043b2,sell,0x983f6d60db79ea8ca4eb9968c6aff8cfa04b3c63,0x81ba6d4f27e033ddcb17f09e865c6f4bf77718fbdebcd2fd5b0c848fb9bdfb6f
292,4153.565,1.8275686,0x1804111464a198d8b0450bdbf7cb9fd65a903baf,2017-10-11T10:39:36.000Z,0.00044,0xb1c1e5d2d1e77515fc7f87058ac363437085a28b,sell,0x983f6d60db79ea8ca4eb9968c6aff8cfa04b3c63,0x26163e5763f2a421455a18e836d5d88ce26511d61262ba6351a2dd887407cb30
293,6388.78,2.87499572146,0x56d344b1c59e888bc08cc7503200dd096b988756,2017-10-11T10:34:54.000Z,0.000450007,0xb1c1e5d2d1e77515fc7f87058ac363437085a28b,sell,0x983f6d60db79ea8ca4eb9968c6aff8cfa04b3c63,0x63064864b2c16fb2aaa097c64800617256300ecf62c07aebed3d6ad37b2ef87a
294,500,0.25004,0xb53cd134cdf3ffa6dae9e726ddcb0a43b6a85081,2017-10-11T05:21:25.000Z,0.00050008,0xc17a0baabe0a4397c2e91b67b4dd8c102b1043b2,sell,0x983f6d60db79ea8ca4eb9968c6aff8cfa04b3c63,0x515132bd6b3fd813878dffdd871a71f67e684e73973a06a80ecea30a617e01a3
295,276.103,0.14198596775,0x6b8f546926d84de6a9d25eafc153c5a4f04b3a05,2017-10-11T00:33:36.000Z,0.00051425,0xef294c6897fb88961bf3840b1ac2c80ed5e9f901,buy,0x983f6d60db79ea8ca4eb9968c6aff8cfa04b3c63,0xd068defcbbdec3aba5aed623966c3519f22b246bc8a592103d004e27d9497d14
296,54.24583241752239,0.026037999560410745,0x6b8f546926d84de6a9d25eafc153c5a4f04b3a05,2017-10-11T00:33:06.000Z,0.00048,0x399159e608ef9beb5c0d820073112bc8a709daa0,buy,0x983f6d60db79ea8ca4eb9968c6aff8cfa04b3c63,0x39bdb4c5ee0915bd99479405d3bd491daaa7b3ede1637674b9d51dd81581bfdc
297,288.456,0.14134344,0x6b8f546926d84de6a9d25eafc153c5a4f04b3a05,2017-10-11T00:32:42.000Z,0.00049,0xb93a5f4474449ae39d00c9be3146c4e2c1dd308b,buy,0x983f6d60db79ea8ca4eb9968c6aff8cfa04b3c63,0x0e9230bbb807ca6ff3903fc1b53d200562399fb7ed2085d173a84fa786f646f7
298,178.729,0.087219752,0x6b8f546926d84de6a9d25eafc153c5a4f04b3a05,2017-10-11T00:32:42.000Z,0.000488,0x5076025e1fc76826ef4bb6619c47041c4a13b7f8,buy,0x983f6d60db79ea8ca4eb9968c6aff8cfa04b3c63,0x0319edd232e217bb66d5b8d66b8f99c77cf9ccdb611e7e090cd10cb97da69adf
299,22.276167582477616,0.010670284272006779,0xb1c1e5d2d1e77515fc7f87058ac363437085a28b,2017-10-11T00:04:59.000Z,0.000479,0x399159e608ef9beb5c0d820073112bc8a709daa0,buy,0x983f6d60db79ea8ca4eb9968c6aff8cfa04b3c63,0xd9e8e8c0aafea3ce93d16458100857efd4c5cf0f937cfc6d5222c9a53ddb14a3
300,625,0.30936875,0xb1c1e5d2d1e77515fc7f87058ac363437085a28b,2017-10-11T00:01:14.000Z,0.00049499,0x9db68705d4da73055cfe0581b76fa501515fdf30,buy,0x983f6d60db79ea8ca4eb9968c6aff8cfa04b3c63,0xec6c8b78e5baa3a9c4d6f761cd0576e91b2522bcd66db71a4229fa95d1e830d0
301,9722.897,4.99999978225,0xb1c1e5d2d1e77515fc7f87058ac363437085a28b,2017-10-10T23:59:28.000Z,0.00051425,0xef294c6897fb88961bf3840b1ac2c80ed5e9f901,buy,0x983f6d60db79ea8ca4eb9968c6aff8cfa04b3c63,0x2d8c7b10c27519993ab419945fa06acad3accd94cbbd8ec5602cddca57a321d5
302,4000,2.057,0x9778550d76b07ac9f5e57392f68ecdf6efc1774e,2017-10-10T23:47:34.000Z,0.00051425,0xef294c6897fb88961bf3840b1ac2c80ed5e9f901,buy,0x983f6d60db79ea8ca4eb9968c6aff8cfa04b3c63,0x17e6b44504a6caaa36beabbb724d27dcc38f12a50fe3dce072db400546210fab
303,3098.35,1.4562245,0x9778550d76b07ac9f5e57392f68ecdf6efc1774e,2017-10-10T23:22:47.000Z,0.00047,0xf061668882151305647e4b2d92c1e008910857f2,buy,0x983f6d60db79ea8ca4eb9968c6aff8cfa04b3c63,0x844f416d71d803d886207503c22fb2ed45fbb3514ee604e39c80b152e185da72
304,1500,0.705,0x09de52d3893d8bcfa2e4b0ed4dcc659fd26ae0fd,2017-10-10T22:01:40.000Z,0.00047,0xf061668882151305647e4b2d92c1e008910857f2,buy,0x983f6d60db79ea8ca4eb9968c6aff8cfa04b3c63,0x218e430d3ce8dbaeb9b824cd752711932dfe6eb9c013573ff7aad436351c3c18
305,4000,1.88,0xe7558aa60d1135410f03479df94ea439e782d541,2017-10-10T21:41:08.000Z,0.00047,0xf061668882151305647e4b2d92c1e008910857f2,buy,0x983f6d60db79ea8ca4eb9968c6aff8cfa04b3c63,0xe97769748413298286110b2bd2a024dbaf2c24877aa17f1cb0981c516e20ad44
306,450,0.2115,0x6aec0d2b07bfba9802b91671b14b2d43d8c3bf12,2017-10-10T21:19:25.000Z,0.00047,0xf061668882151305647e4b2d92c1e008910857f2,buy,0x983f6d60db79ea8ca4eb9968c6aff8cfa04b3c63,0x2887e2a6ac7f66fb52a7b9a08fb2276bce45ee770bcd11d6914fd5e8ad31a741
307,951.65,0.4472755,0x5b6d9d663b0c8bcf1835b8110ef3ebf476b4a382,2017-10-10T21:10:30.000Z,0.00047,0xf061668882151305647e4b2d92c1e008910857f2,buy,0x983f6d60db79ea8ca4eb9968c6aff8cfa04b3c63,0x193f6065340e4173b21a95f05378cbc3274329999e74b996c232717f02140ffa
308,1152,0.541437696,0x5b6d9d663b0c8bcf1835b8110ef3ebf476b4a382,2017-10-10T21:10:16.000Z,0.000469998,0x0b1f768fb64521f5f3527e020cb9837198819b85,buy,0x983f6d60db79ea8ca4eb9968c6aff8cfa04b3c63,0x8c358a811fef12f806be160fdad9e934fb910b856056fad161afb375c60520e6
309,2119,0.99593,0x5b6d9d663b0c8bcf1835b8110ef3ebf476b4a382,2017-10-10T21:00:02.000Z,0.00047,0xe7558aa60d1135410f03479df94ea439e782d541,buy,0x983f6d60db79ea8ca4eb9968c6aff8cfa04b3c63,0x44d226697bb02bf8e12afe338065f8e9efa92b8f2a8814e7ada3287509ea516e
310,1000,0.47,0x6aec0d2b07bfba9802b91671b14b2d43d8c3bf12,2017-10-10T20:54:42.000Z,0.00047,0xe7558aa60d1135410f03479df94ea439e782d541,buy,0x983f6d60db79ea8ca4eb9968c6aff8cfa04b3c63,0x45226c7fe4a289ce9250974672880696d9e570d635368c136ed8e6448de64630
311,500,0.215,0xc36a96314ff0256bd1c9665c191c65b9efd583bf,2017-10-10T17:10:40.000Z,0.00043,0xe7558aa60d1135410f03479df94ea439e782d541,sell,0x983f6d60db79ea8ca4eb9968c6aff8cfa04b3c63,0x61d5ae794d0626cf6b2433f5e6c50dcacfbd2b963664fb88b953cb6a70a3b27d
312,214,0.10058,0x740d0b0318e65ae52c6775896f75aade1e707db4,2017-10-10T16:17:55.000Z,0.00047,0xe7558aa60d1135410f03479df94ea439e782d541,buy,0x983f6d60db79ea8ca4eb9968c6aff8cfa04b3c63,0x9044d37aa59102b92aaf24abfedd57afc460da83395ff8b75fd6aed9112b739b
313,6403.212074959963,2.753381192232784,0xb6d09ad065909c2f46c6e500017e4b71cb49cf57,2017-10-10T07:21:10.000Z,0.00043,0xc17a0baabe0a4397c2e91b67b4dd8c102b1043b2,sell,0x983f6d60db79ea8ca4eb9968c6aff8cfa04b3c63,0xa69fd7c23c2f4cc31414838cf27b1a23c538e953520373ec0de0324c46e860d0
314,4759.578622714456,2.0466188077672163,0xb6d09ad065909c2f46c6e500017e4b71cb49cf57,2017-10-10T07:16:12.000Z,0.00043,0x9778550d76b07ac9f5e57392f68ecdf6efc1774e,sell,0x983f6d60db79ea8ca4eb9968c6aff8cfa04b3c63,0x56af1cfe3a7e1a67facd4972b9ffece750197803677a811a8b2f7e2829972915
315,1666.8355512923397,0.7334076425686294,0xb6d09ad065909c2f46c6e500017e4b71cb49cf57,2017-10-10T07:12:33.000Z,0.00044,0xc17a0baabe0a4397c2e91b67b4dd8c102b1043b2,sell,0x983f6d60db79ea8ca4eb9968c6aff8cfa04b3c63,0xd11be24c7f2bfaa2fa3bd2b3c77334cf5bcaf49ccc85b4aa2f14d0cacdc8b395
316,3333.1644487076605,1.4665923574313706,0xb6d09ad065909c2f46c6e500017e4b71cb49cf57,2017-10-10T07:00:11.000Z,0.00044,0x9778550d76b07ac9f5e57392f68ecdf6efc1774e,sell,0x983f6d60db79ea8ca4eb9968c6aff8cfa04b3c63,0x9d43ad8380e92e1f3024b25c28e086a282ec6499147a4f871def62bf9d5f4c38
317,56.23601436200106,0.023619126032040444,0xa53194e5e67e9eade3cfc81a6b5e426a46c58dfe,2017-10-10T02:18:13.000Z,0.00041999999999999996,0xf142f26d1cac4ba8a6e6d7974d243eda2fe5f4f9,sell,0x983f6d60db79ea8ca4eb9968c6aff8cfa04b3c63,0x2399f0bac742199d5ea2f537c706d3214ea8ba35ef1218700c82670a0fe41b98
318,144.51195121951218,0.0592499,0x36ae02c0a243c1021d9b9bd675802bf49c4162df,2017-10-10T02:16:33.000Z,0.00041,0xf142f26d1cac4ba8a6e6d7974d243eda2fe5f4f9,sell,0x983f6d60db79ea8ca4eb9968c6aff8cfa04b3c63,0xe464636fd645977e185b10a46f3e5d898fd81b4f6c9264068f967629e15b1fe0
319,858.232,0.34331854696,0x2b83cc245efae3d612a6f2028f7e793cd29ef68b,2017-10-10T02:15:08.000Z,0.00040003,0xf142f26d1cac4ba8a6e6d7974d243eda2fe5f4f9,sell,0x983f6d60db79ea8ca4eb9968c6aff8cfa04b3c63,0xbfe6f0bd36ecc2b2cb4bfacb999e6c1292f891e4b4e6ecb788345ec2e4b7809b
320,2416.3979004187445,0.9665591601674978,0xf061668882151305647e4b2d92c1e008910857f2,2017-10-10T02:14:06.000Z,0.00039999999999999996,0xf142f26d1cac4ba8a6e6d7974d243eda2fe5f4f9,sell,0x983f6d60db79ea8ca4eb9968c6aff8cfa04b3c63,0x61654e9ff3935829d358537619bb73bf8b22435f30b15c29829b7ee7061be243
321,641.1745969461393,0.25668142639544794,0x2b83cc245efae3d612a6f2028f7e793cd29ef68b,2017-10-10T01:58:12.000Z,0.00040033,0xf142f26d1cac4ba8a6e6d7974d243eda2fe5f4f9,sell,0x983f6d60db79ea8ca4eb9968c6aff8cfa04b3c63,0x1a22c5ed95d2e7fe68c9da3b52a80dbdcf60bb43428bed5e6e86d2fdf8debff4
322,706.9497667231582,0.28984940435649487,0x8d256427070ae54c6e6752c83262ab5b8f33c7f3,2017-10-10T01:56:29.000Z,0.00041,0xf142f26d1cac4ba8a6e6d7974d243eda2fe5f4f9,sell,0x983f6d60db79ea8ca4eb9968c6aff8cfa04b3c63,0x401c7baebfb71fc64cb97db8b9137c6fab2921dfe44253ac8cb84449b49ed0a0
323,625,0.25125625,0x9db68705d4da73055cfe0581b76fa501515fdf30,2017-10-10T01:56:29.000Z,0.00040201,0xf142f26d1cac4ba8a6e6d7974d243eda2fe5f4f9,sell,0x983f6d60db79ea8ca4eb9968c6aff8cfa04b3c63,0xf371c30bd7f6ae3ff0584778b5983628faf1c4398f5412a897ba86457c29964e
324,1000,0.405,0xf8d22cc821e5efcb8d51d57225d9550bf129eb82,2017-10-10T01:56:29.000Z,0.000405,0xf142f26d1cac4ba8a6e6d7974d243eda2fe5f4f9,sell,0x983f6d60db79ea8ca4eb9968c6aff8cfa04b3c63,0x3f7909ab7559ca0b34769285976810e8b9a0098c338898b9a3af14e7a4b722b7
325,1000,0.425,0x8d256427070ae54c6e6752c83262ab5b8f33c7f3,2017-10-10T01:54:52.000Z,0.000425,0xf142f26d1cac4ba8a6e6d7974d243eda2fe5f4f9,sell,0x983f6d60db79ea8ca4eb9968c6aff8cfa04b3c63,0x9df03ea24cd4592d9febe1b3e712e372a61d51f531ffd29c1a5434fe83eb1e42
326,4972.58498654172,2.028814674509022,0xdbe06a846779a1a3bbf4e1255c1e9f4a9f191597,2017-10-09T23:45:15.000Z,0.000408,0x9778550d76b07ac9f5e57392f68ecdf6efc1774e,sell,0x983f6d60db79ea8ca4eb9968c6aff8cfa04b3c63,0xe0cb04cd89eeca9ce0700f7d70450c368bc29696b9f8b819bb354fc37618c32b
327,1000,0.42,0xf6c96b23feb18fb3a3b9e017ebf73ece6bcacec6,2017-10-09T23:42:51.000Z,0.00042,0x9778550d76b07ac9f5e57392f68ecdf6efc1774e,sell,0x983f6d60db79ea8ca4eb9968c6aff8cfa04b3c63,0xa23bf50a24090e29d1a1d788ddad6940fe4861253c78878b8d73d29ec9e37576
328,438.996,0.20193816,0xc3e709a81e14003133e94ac593c58c9e540d13ef,2017-10-09T22:47:20.000Z,0.00046,0x38c420c749fd4149b8da8e90ce468885410e3ac8,buy,0x983f6d60db79ea8ca4eb9968c6aff8cfa04b3c63,0x29d785c2c8a3beba0b6833f009a0017c88fb420fa9c656d2e4137363c35ce666
329,237.219,0.116000091,0x6640624c3926e7755d20e905298c3b7835fdcec2,2017-10-09T22:03:57.000Z,0.000489,0x779f7997ab5e572bf0c550b0c8530a26af7fe481,buy,0x983f6d60db79ea8ca4eb9968c6aff8cfa04b3c63,0xa7bd46df1509f67e043d662b430e3c49e633366fd3897554ffabbaa5a7c1c7d4
330,7508.044907760354,3.60386155572497,0xb6d09ad065909c2f46c6e500017e4b71cb49cf57,2017-10-09T21:40:05.000Z,0.00048,0xb2175645c3779008529912f407aab53ce7883654,buy,0x983f6d60db79ea8ca4eb9968c6aff8cfa04b3c63,0x39b2e9fff2515179f01a4ded727e068e2a488e62cd3abee6b527f97dfb9cf9c5
331,2222,1.04434,0xb6d09ad065909c2f46c6e500017e4b71cb49cf57,2017-10-09T21:37:22.000Z,0.00047,0xe7558aa60d1135410f03479df94ea439e782d541,buy,0x983f6d60db79ea8ca4eb9968c6aff8cfa04b3c63,0x8c7dfe7872e3419e0e7fe260f7115e43c37ad99ebc056dbe445e40cec72f9b07
332,100,0.0554,0x09d390532b2681c12e14550a2e77eefb96c699fd,2017-10-09T21:25:42.000Z,0.000554,0x050f0cc82e02f4ecba86796d26f2adb33bb093dc,buy,0x983f6d60db79ea8ca4eb9968c6aff8cfa04b3c63,0x86a8d355efed438344ae97c7d73a4fe0787b7c733b2a60257c81328bdbdff2ed
333,0.029,0.00001189,0x6aec0d2b07bfba9802b91671b14b2d43d8c3bf12,2017-10-09T21:14:28.000Z,0.00041,0xddfbdda55bdc949c34cd9e368b540a2616bb716c,sell,0x983f6d60db79ea8ca4eb9968c6aff8cfa04b3c63,0x556ee822ca9d45632984fbe6be820d340d7e15dacda12c47248f533f1ad6cf4a
334,293.05023327684177,0.12015059564350514,0x8d256427070ae54c6e6752c83262ab5b8f33c7f3,2017-10-09T21:06:03.000Z,0.00041,0xddfbdda55bdc949c34cd9e368b540a2616bb716c,sell,0x983f6d60db79ea8ca4eb9968c6aff8cfa04b3c63,0x9c09f25baf7ec83cecc62edbd0865bb938b792c497d2c1e8b2515a2ef1b4dfb0
335,69.46,0.04473224,0x09d390532b2681c12e14550a2e77eefb96c699fd,2017-10-09T20:55:38.000Z,0.000644,0xa3d7dedda551204ccb03bd79aa87824cc453b8de,buy,0x983f6d60db79ea8ca4eb9968c6aff8cfa04b3c63,0x074079bfa2f194b5fb0108dfbd00c7c8b7f60fd11f09c4501b21c8b66b833eab
336,201.437,0.083596355,0xdbe06a846779a1a3bbf4e1255c1e9f4a9f191597,2017-10-09T20:31:54.000Z,0.000415,0xddfbdda55bdc949c34cd9e368b540a2616bb716c,sell,0x983f6d60db79ea8ca4eb9968c6aff8cfa04b3c63,0xc9913706df29d8246f867c6382e2f5bb0b32010d57d6c07de9e662a66fed7803
337,2491.955092239646,1.19613844427503,0x380f43382e70a699315caa3ef217d198a5824ba2,2017-10-09T19:56:34.000Z,0.00048,0xb2175645c3779008529912f407aab53ce7883654,buy,0x983f6d60db79ea8ca4eb9968c6aff8cfa04b3c63,0x474330413a5df1f749bcadb456c54f53059e2f87538f80446d58ac877dc7b40b
338,1140.7436945469046,0.4734086332369654,0xdbe06a846779a1a3bbf4e1255c1e9f4a9f191597,2017-10-09T19:50:42.000Z,0.000415,0x07f3d4130da2ba1d7aa3af15fbf9f003a20288b8,sell,0x983f6d60db79ea8ca4eb9968c6aff8cfa04b3c63,0xe1a4e2ece1fa7d4bc95f84e1268298fb11ce9204036bd576eafb8d4f25e7ff96
339,1657.8189070248761,0.6879948464153235,0xdbe06a846779a1a3bbf4e1255c1e9f4a9f191597,2017-10-09T18:28:13.000Z,0.000415,0xc17a0baabe0a4397c2e91b67b4dd8c102b1043b2,sell,0x983f6d60db79ea8ca4eb9968c6aff8cfa04b3c63,0x55f2556f36e87cc203a4cea4928b0863e2e60cb302e43002b01c0aad06ab754d
340,1.5435017363959123,0.000756315850833997,0xf3bb09d505098ae197f73eb2a6cc4633162f0b68,2017-10-09T18:21:16.000Z,0.00049,0xb93a5f4474449ae39d00c9be3146c4e2c1dd308b,buy,0x983f6d60db79ea8ca4eb9968c6aff8cfa04b3c63,0x6d3a43a2e18b9fc622d9dffd1fa2cf1d2b02efa8364ab6308ea9bab4a049d8f1
341,6000,3.0855,0x924861eb02398ebd8eacdcb7a6b3f686befce9d8,2017-10-09T06:56:41.000Z,0.00051425,0xef294c6897fb88961bf3840b1ac2c80ed5e9f901,buy,0x983f6d60db79ea8ca4eb9968c6aff8cfa04b3c63,0x31f98219918d19aa95bc76c45ef14b152efcfadd529995a9c1fe2f8de461e727
342,100,0.049,0xb6c37ac76c97d2b6c8c343615aa458e7b3398712,2017-10-09T05:29:55.000Z,0.00049,0xb93a5f4474449ae39d00c9be3146c4e2c1dd308b,buy,0x983f6d60db79ea8ca4eb9968c6aff8cfa04b3c63,0x3a513d52fc5e63bb47162c789bba052c067ee28ec5774acde90a9943d16bf017
343,789,0.32349,0x6aec0d2b07bfba9802b91671b14b2d43d8c3bf12,2017-10-09T04:13:20.000Z,0.00041,0x7b4120b8fa8a502494a2ebb53632f6c1f8a892f8,sell,0x983f6d60db79ea8ca4eb9968c6aff8cfa04b3c63,0xc12e09ca5a9b1c3a95f7533494b0ee89fd151935d0ffa7b03bc28b347ed77719
344,10,0.00514249,0xe62b49dd208f7c0f0be52be7667c8a92d5ce7cc2,2017-10-09T02:47:21.000Z,0.000514249,0x613d6333bacf7dba9a01e46a0c0e5d17c296d04e,buy,0x983f6d60db79ea8ca4eb9968c6aff8cfa04b3c63,0x903fe3cff23707d29dacee5ef40772af93956cee3cbf72c25e13915bc155fb8d
345,92.552,0.05368016,0x8b5c5f0e2d3fbc2a45df523446df7697d9667a91,2017-10-09T00:57:44.000Z,0.00058,0x7cda38514e4476ecfe8f5038c88e06635a53baa3,buy,0x983f6d60db79ea8ca4eb9968c6aff8cfa04b3c63,0xacb65211af21872db0053223538b5c33267ea2b3925ff273eae9d1c51972be41
346,3602.9797278436845,1.4772216884159106,0x6aec0d2b07bfba9802b91671b14b2d43d8c3bf12,2017-10-09T00:03:44.000Z,0.00041,0x72aa078b2ee371c0939c122d6cd1c9049718cfa0,sell,0x983f6d60db79ea8ca4eb9968c6aff8cfa04b3c63,0xbdce3220c718ac12409728f3fea3869cc7216d7c7c39a06d1048ce8f59a405e2
347,65.345,0.027771625,0xa5ae91a591164905f8da53ed669cb53f1c640fbe,2017-10-09T00:01:15.000Z,0.000425,0x72aa078b2ee371c0939c122d6cd1c9049718cfa0,sell,0x983f6d60db79ea8ca4eb9968c6aff8cfa04b3c63,0x869793de816e23be13ee1d641544f6aa670fb39bc56c4d0c96d4c2280594f8fe
348,1,0.00051425,0x00fa15cc5ea762a2a53d364a46fb583ec50db671,2017-10-08T22:44:54.000Z,0.00051425,0xef294c6897fb88961bf3840b1ac2c80ed5e9f901,buy,0x983f6d60db79ea8ca4eb9968c6aff8cfa04b3c63,0x1d217f057d9f5e654d85f3910d7690118dfb0d850c45f2ca91fa8f66f681a42a
349,13.521049818456003,0.006953186348091181,0x60472f08f5342659cf40dadd52db7ef2de729e84,2017-10-08T21:17:55.000Z,0.000514249,0x613d6333bacf7dba9a01e46a0c0e5d17c296d04e,buy,0x983f6d60db79ea8ca4eb9968c6aff8cfa04b3c63,0x443e3390964b08cb7ee5d1a907dd3b708a67e26fbd8a00dc9988859a5df7b31a
350,52.010804506031306,0.02236464593759346,0x422d4d1f8a9373dc8b75f3e1aeab786083f38a51,2017-10-08T20:25:49.000Z,0.00043,0x12f3f2b95ddbbd6b49389bdf29b33b33d65e9a56,sell,0x983f6d60db79ea8ca4eb9968c6aff8cfa04b3c63,0xe627aed24b1c10fd4eaa8d0f91704d997ff31f5a195047656e7ff0a7a8321f78
351,7724.654,3.39884776,0x56d344b1c59e888bc08cc7503200dd096b988756,2017-10-08T19:50:42.000Z,0.00044,0x12f3f2b95ddbbd6b49389bdf29b33b33d65e9a56,sell,0x983f6d60db79ea8ca4eb9968c6aff8cfa04b3c63,0x414682c7bd98e3bc13b7bd4e70ecce1e1df796fc49703c62e7e12d53a08e03cb
352,911.7059270691483,0.4011506079104252,0x56d344b1c59e888bc08cc7503200dd096b988756,2017-10-08T19:31:21.000Z,0.00044,0x5cafe4321d49717abcdf911235faf6e614b8791f,sell,0x983f6d60db79ea8ca4eb9968c6aff8cfa04b3c63,0xd8c6a17056557708a8f99fd37efb06796806eaa61173c635873c7e5fff79a620
353,5827.321883709318,2.5640216288321,0xbf95ffb4986383635dd4155167c4e1730d53ad10,2017-10-08T18:47:17.000Z,0.00044,0xc17a0baabe0a4397c2e91b67b4dd8c102b1043b2,sell,0x983f6d60db79ea8ca4eb9968c6aff8cfa04b3c63,0xdc0992f2140b8a44a60e351467c1cd0b2d4086ae04c61343763fd6d327aa638e
354,309.0419698933307,0.1359784667530655,0xbf95ffb4986383635dd4155167c4e1730d53ad10,2017-10-08T18:43:23.000Z,0.00044,0x6833020e1fad7f8054b101fd9ca44e96886371e4,sell,0x983f6d60db79ea8ca4eb9968c6aff8cfa04b3c63,0x7ecb0f923f9c36d43c5fac0cb3cd77fb0baed5c6e1297ef4b34e0194c18238b7
355,4673.55,2.1030975,0xbf95ffb4986383635dd4155167c4e1730d53ad10,2017-10-08T18:18:46.000Z,0.00045,0xc17a0baabe0a4397c2e91b67b4dd8c102b1043b2,sell,0x983f6d60db79ea8ca4eb9968c6aff8cfa04b3c63,0x6bdc7fc55db2d0b3940abe4108091125587f5f920dfb5326c5ef732c36e4e5fe
356,3326.449970995606,1.4969024869480227,0xbf95ffb4986383635dd4155167c4e1730d53ad10,2017-10-08T18:07:22.000Z,0.00045,0xc17a0baabe0a4397c2e91b67b4dd8c102b1043b2,sell,0x983f6d60db79ea8ca4eb9968c6aff8cfa04b3c63,0xcd6ff1610333fe998273f2b0e6c10970f8a552c56e068112376ba501d799ba9a
357,8748.094905792044,4.089734368457781,0xef294c6897fb88961bf3840b1ac2c80ed5e9f901,2017-10-08T17:41:25.000Z,0.0004675,0xc17a0baabe0a4397c2e91b67b4dd8c102b1043b2,sell,0x983f6d60db79ea8ca4eb9968c6aff8cfa04b3c63,0x2c2a76697f5fe570d62d5529b95ca482fd7823c4555cf028a34c73d0c954429e
358,240.34094307646296,0.11235939088824644,0xef294c6897fb88961bf3840b1ac2c80ed5e9f901,2017-10-08T17:21:26.000Z,0.0004675,0x1c90421773db63923e2049a569761d0fd7f286a5,sell,0x983f6d60db79ea8ca4eb9968c6aff8cfa04b3c63,0x647d9113e99ba667c0eb6a9bc21ad5ae06a1833ece41246a4b1b400c36d4300a
359,90,0.045,0x6611ff1efc1924042de0b01e770aefaea73b58c8,2017-10-08T17:20:22.000Z,0.0005,0x1c90421773db63923e2049a569761d0fd7f286a5,sell,0x983f6d60db79ea8ca4eb9968c6aff8cfa04b3c63,0x589c4ab87251126ebd06b66b2f619f0c06516407f836522dd66ec82762e07a44
360,11011.564151131492,5.147906240653973,0xef294c6897fb88961bf3840b1ac2c80ed5e9f901,2017-10-08T17:10:39.000Z,0.0004675,0xc17a0baabe0a4397c2e91b67b4dd8c102b1043b2,sell,0x983f6d60db79ea8ca4eb9968c6aff8cfa04b3c63,0x534957231d5004533fdece29f79af8bd6b6907e61f6400bd0f938b9f7bca2900
361,103,0.0515,0x740d0b0318e65ae52c6775896f75aade1e707db4,2017-10-08T16:37:22.000Z,0.0005,0x5cafe4321d49717abcdf911235faf6e614b8791f,buy,0x983f6d60db79ea8ca4eb9968c6aff8cfa04b3c63,0x0576b048e9493b695283be571e210dd2e42ee060cfd814c46bb8a0dc01b3cfba
362,5,0.00275,0x72f90eb02e45aec19fa7d8e012ddc17c632ccf15,2017-10-08T14:49:02.000Z,0.00055,0x422d4d1f8a9373dc8b75f3e1aeab786083f38a51,sell,0x983f6d60db79ea8ca4eb9968c6aff8cfa04b3c63,0xea6b6da914c35c2ef3c4192ac83ba408daee7b13e10910091448e90e923212a6
363,5,0.0025,0xa96e37df1d624b544cb345da99411f7f0998fd43,2017-10-08T14:49:02.000Z,0.0005,0x422d4d1f8a9373dc8b75f3e1aeab786083f38a51,sell,0x983f6d60db79ea8ca4eb9968c6aff8cfa04b3c63,0xdaa04b493a25ebbf3db6b57bdb26f029f72102b49eb5b1382bb8b4b49b757ec7
364,1015.1376768387034,0.40646112580621685,0xe1e1d0d73eeb29d0632bc4c7871bfc74dbed0741,2017-10-08T13:37:38.000Z,0.0004004,0x2e0d4d7a7a09c21e180e757e946141e6aae671bb,sell,0x983f6d60db79ea8ca4eb9968c6aff8cfa04b3c63,0xa23af6be22d02914c027bebeb164ce9b08e1e3febe7901306b53af189b1dc004
365,0.19845691992546166,0.000081367734083279,0x0b1f768fb64521f5f3527e020cb9837198819b85,2017-10-08T12:27:44.000Z,0.0004100019999999993,0x1f9ab0df99a0cc23262010810f9cbeb322e57493,sell,0x983f6d60db79ea8ca4eb9968c6aff8cfa04b3c63,0xfd64d2e6acbc3c6d245ce54e523dadec77c37b8ee90a387081f301873587a411
366,1990.721363772306,0.800269988236467,0xe1e1d0d73eeb29d0632bc4c7871bfc74dbed0741,2017-10-08T12:26:39.000Z,0.000402,0x1f9ab0df99a0cc23262010810f9cbeb322e57493,sell,0x983f6d60db79ea8ca4eb9968c6aff8cfa04b3c63,0x74963fa8b8cc949346befbae2acd71b375a04e8086dadeb90873ffcd093772ce
367,1035.8,0.4246800716,0x0b1f768fb64521f5f3527e020cb9837198819b85,2017-10-08T12:07:29.000Z,0.000410002,0x1f9ab0df99a0cc23262010810f9cbeb322e57493,sell,0x983f6d60db79ea8ca4eb9968c6aff8cfa04b3c63,0x324876b49fc880ce580d843247020be9140eb27229f3b19176d693fa44c5f02a
368,250,0.12375,0xa96e37df1d624b544cb345da99411f7f0998fd43,2017-10-08T11:31:32.000Z,0.000495,0x18a6cbd268eef4ec450af59b7e8bf2710efc5ebb,buy,0x983f6d60db79ea8ca4eb9968c6aff8cfa04b3c63,0x1c741ef79768c649311e4a1c2e69523061aeab2c40d9d2661e70c3471be08cdb
369,250,0.12375,0xa96e37df1d624b544cb345da99411f7f0998fd43,2017-10-08T11:29:35.000Z,0.000495,0x18a6cbd268eef4ec450af59b7e8bf2710efc5ebb,buy,0x983f6d60db79ea8ca4eb9968c6aff8cfa04b3c63,0x1c741ef79768c649311e4a1c2e69523061aeab2c40d9d2661e70c3471be08cdb
370,6255.467784556938,3.1277338922784685,0xda18e5da77a704584a0385e87978af195cf1eea5,2017-10-08T08:14:28.000Z,0.0005,0x5cafe4321d49717abcdf911235faf6e614b8791f,buy,0x983f6d60db79ea8ca4eb9968c6aff8cfa04b3c63,0xbbb68b53318e326545cdf586a97a1f14c1d83a3d67a9977c57a188fc8d31c974
371,849.85,0.424925,0xda18e5da77a704584a0385e87978af195cf1eea5,2017-10-08T08:11:28.000Z,0.0005,0x5865bb6bbd8b3147276fa51a7c6147a951e9e68d,buy,0x983f6d60db79ea8ca4eb9968c6aff8cfa04b3c63,0x22fd66c192d9f195cc51689f0b8cec1d614069404723d7c6a834db08509a0118
372,50,0.028,0xa14036f028c61c4bfd983bc342da1292e0d79b2d,2017-10-08T05:12:38.000Z,0.00056,0x5865bb6bbd8b3147276fa51a7c6147a951e9e68d,sell,0x983f6d60db79ea8ca4eb9968c6aff8cfa04b3c63,0xafda35b44edf491ab9bfd10aba1d8b7b069f11fe3dec622bdd14fcbba0fc28b8
373,603.448,0.34999984,0xaf96cbe1971e7a02e8da495ec32847e5f200d6f6,2017-10-08T05:03:16.000Z,0.00058,0x7cda38514e4476ecfe8f5038c88e06635a53baa3,buy,0x983f6d60db79ea8ca4eb9968c6aff8cfa04b3c63,0xfcaa75801af81ee7bca39d8a8c02d88a7312cb6762d67eabca87c5331855f888
374,0.16889480920298855,0.000098786573902828,0x46f0f423c24d7d3c2541ddf210232b2109bb5c11,2017-10-08T02:27:16.000Z,0.0005849,0x5cd978846ce925908ced324c6008acf8612d1281,buy,0x983f6d60db79ea8ca4eb9968c6aff8cfa04b3c63,0x2aa571433ea5edd8dae6066c2f26500ce4fa3c08774817f74f8bdbd73def0c93
375,310.53078400134297,0.17762298738720017,0xd843598a965b7ba6288199fa3a7b26d6df7d827b,2017-10-08T01:00:23.000Z,0.000571998,0x0b1f768fb64521f5f3527e020cb9837198819b85,buy,0x983f6d60db79ea8ca4eb9968c6aff8cfa04b3c63,0x1568926329f59dfd4fd3480cf24dfa38c2f8eab67be04293a995e9e865960fd8
376,500,0.286,0xd843598a965b7ba6288199fa3a7b26d6df7d827b,2017-10-08T00:58:48.000Z,0.000572,0x18a6cbd268eef4ec450af59b7e8bf2710efc5ebb,buy,0x983f6d60db79ea8ca4eb9968c6aff8cfa04b3c63,0x86c8a6a7e084eb4ad45605c46a69e4be6d2451f3d64c85948f19f1725c8cf258
377,500,0.286,0xd843598a965b7ba6288199fa3a7b26d6df7d827b,2017-10-08T00:57:56.000Z,0.000572,0x18a6cbd268eef4ec450af59b7e8bf2710efc5ebb,buy,0x983f6d60db79ea8ca4eb9968c6aff8cfa04b3c63,0x86c8a6a7e084eb4ad45605c46a69e4be6d2451f3d64c85948f19f1725c8cf258
378,400,0.188,0xea848d511958ca9dd22af5a37ee0b1a43e79fc04,2017-10-08T00:24:44.000Z,0.00047,0x81c2976c8637f6f3610050f20b58287d84cc5a53,buy,0x983f6d60db79ea8ca4eb9968c6aff8cfa04b3c63,0x609d052876b771df0717c86afb59545346a65f0879f24a26acf6976634551c08
