,amount,amountBase,buyer,date,price,seller,side,tokenAddr,txHash
0,0.94339622,0.0005,0x4fda9e6bcd83af6c5cc771b5d20accc2b7720074,2017-11-02T12:35:43.000Z,0.000530000003604,0xe9d95941a89a575d95c59d723e17d22915abaaae,buy,0x6d5cac36c1ae39f41d52393b7a425d0a610ad9f2,0x3a1f00ed197c390642d60813041eeb9f84c2e720d554a711ffd56bf3dcd40502
1,0.94339622,0.0005,0x3075f7f189912f4f425dd7021b9c396434197477,2017-11-02T12:10:59.000Z,0.000530000003604,0xe9d95941a89a575d95c59d723e17d22915abaaae,buy,0x6d5cac36c1ae39f41d52393b7a425d0a610ad9f2,0x0f086ae716b3027b9c422dd59b66a9e7a9a156eaa7d094d326f670f55c5c4f5b
2,3266.87269464,1.2414116239632,0x5668944c89953f704bf6719c67f57431bfa71225,2017-11-01T13:40:54.000Z,0.00038,0x7e217bcc36159e8b8fa74079e36d150db6fe75b6,sell,0x6d5cac36c1ae39f41d52393b7a425d0a610ad9f2,0x4cb1314070d9d1e300643e4c8f6e12d95131464b09b9d547c254933da22ae803
3,202.994,0.08525748,0x17670bf6e6f7cd7245873625b077fb2139d94993,2017-10-31T11:55:15.000Z,0.00042,0x22eb520ce1f1eaffade7c4ff769fff8599c1b24a,buy,0x6d5cac36c1ae39f41d52393b7a425d0a610ad9f2,0x5e6581877d428b7b3095f59972dd7fea4f388dc86f9a31bb946bf166661c8026
4,1.158,0.00040658538,0xeacb51305214d1ca506226712f0fad684a5db7d2,2017-10-31T04:58:27.000Z,0.00035111,0xe444a40689f51f63bcd29910622035707d533d29,sell,0x6d5cac36c1ae39f41d52393b7a425d0a610ad9f2,0x62863b3466922f6cab053d402f643e0a4de669abbc7d87feabcb246bd70387c8
5,323.02353978,0.1382540750269194,0x3f441403c9f9f93b13711db4d4a2e4eed9ada767,2017-10-30T13:30:57.000Z,0.0004280000000033415,0x9dc39c944e73f62742589519aff5d3e9b4bc19a9,buy,0x6d5cac36c1ae39f41d52393b7a425d0a610ad9f2,0x8ccda37361d8469521d1275e45f952794b4e6d94c271d991b8f92e413bb85f5d
6,519.52,0.22235456,0x3f441403c9f9f93b13711db4d4a2e4eed9ada767,2017-10-30T13:27:10.000Z,0.000428,0xeacb51305214d1ca506226712f0fad684a5db7d2,buy,0x6d5cac36c1ae39f41d52393b7a425d0a610ad9f2,0x7c3b83d6d29473ed112785d98840a550cac1e0187edd5b548ce218e75bab0546
7,0.00003284,0.00000001405591823,0x9dfeb4d61d8b5bf163c56077859166b034c3356f,2017-10-30T11:56:35.000Z,0.00042801212637028015,0x9dc39c944e73f62742589519aff5d3e9b4bc19a9,buy,0x6d5cac36c1ae39f41d52393b7a425d0a610ad9f2,0x9a6ee3ca1fc3fedc856a789c34f448c587894b44492c343363efbd292baebed4
8,0.32942737,0.00014099491576114,0x9dfeb4d61d8b5bf163c56077859166b034c3356f,2017-10-30T11:55:03.000Z,0.0004280000042532592,0x9dc39c944e73f62742589519aff5d3e9b4bc19a9,buy,0x6d5cac36c1ae39f41d52393b7a425d0a610ad9f2,0xc19a7fa2d1961c8ab3e4afc7616ae5e9c66ad91a5bf51d98083ff1b7396799fc
9,2,0.000856,0x9dfeb4d61d8b5bf163c56077859166b034c3356f,2017-10-30T11:52:18.000Z,0.000428,0x9dc39c944e73f62742589519aff5d3e9b4bc19a9,buy,0x6d5cac36c1ae39f41d52393b7a425d0a610ad9f2,0xf27f14a33bbbc6a5852bc3094640aa77caf8853aa9ca258ab0782b23771e59b8
10,1.446,0.00049164,0xeacb51305214d1ca506226712f0fad684a5db7d2,2017-10-30T02:43:20.000Z,0.00034,0x16e5d97bbc92417e051e3b2cabfbf8ceea2acb9c,sell,0x6d5cac36c1ae39f41d52393b7a425d0a610ad9f2,0x0845d6f55260e4b17eebc4a9d5a488f460b7569e827f42956641e9adc8713cec
11,1.446,0.00049164,0xeacb51305214d1ca506226712f0fad684a5db7d2,2017-10-30T02:40:56.000Z,0.00034,0x379374d13077e8867ef31803c37baf9785a17c00,sell,0x6d5cac36c1ae39f41d52393b7a425d0a610ad9f2,0xa4709fe5833a66d68adc0517c6a1111667f8eb4818e9d7fdd7d699a4a64bdebc
12,500,0.2145,0xe121cb63c3f6e80eb2600532d43ebbad54ddb61a,2017-10-29T14:39:40.000Z,0.000429,0xeacb51305214d1ca506226712f0fad684a5db7d2,sell,0x6d5cac36c1ae39f41d52393b7a425d0a610ad9f2,0x3eafc99eda98303a31d1f8c2d9c64f7d4def6f9c34368838f293f520c6e73414
13,1021.02482304,0.3471484398336,0xeacb51305214d1ca506226712f0fad684a5db7d2,2017-10-29T08:58:12.000Z,0.00034,0x5ef6d2e282fbf88bd20178f2a75d9c3a19496f2c,sell,0x6d5cac36c1ae39f41d52393b7a425d0a610ad9f2,0x0250a8a9f517feedc09654947dcd09cd45af7e3d61ae4983a2cb40d81588d6e9
14,90,0.0387,0x2327a6444cd8db310df525872f79dd6f032dffa0,2017-10-29T00:56:49.000Z,0.00043,0x22eb520ce1f1eaffade7c4ff769fff8599c1b24a,buy,0x6d5cac36c1ae39f41d52393b7a425d0a610ad9f2,0xed1c9f861b76a364dfe7070f0442ec08452c1c5ad56c66c16c7a625d40a9647b
15,1.16279069,0.0005,0xe444a40689f51f63bcd29910622035707d533d29,2017-10-28T20:44:13.000Z,0.000430000002838,0x22eb520ce1f1eaffade7c4ff769fff8599c1b24a,buy,0x6d5cac36c1ae39f41d52393b7a425d0a610ad9f2,0x561ae1408a2c3883bab88ec89007e0383ac1f8c2cac3671f743d42eab62c27b1
16,1.16279069,0.0005,0x34f9560c63078eb61872a4dc2ccd20e21c34feaf,2017-10-28T20:44:13.000Z,0.000430000002838,0x22eb520ce1f1eaffade7c4ff769fff8599c1b24a,buy,0x6d5cac36c1ae39f41d52393b7a425d0a610ad9f2,0xecedf45202df153353d85a2caa9469f48a3ba38ac77b02623bf7f1e3047fadf4
17,3.841,0.001720768,0xe121cb63c3f6e80eb2600532d43ebbad54ddb61a,2017-10-28T09:32:00.000Z,0.000448,0x270bd90b8d0b45dfbe16111a27f6846c7bb9fd7f,sell,0x6d5cac36c1ae39f41d52393b7a425d0a610ad9f2,0xd87fb5cc77e27dcd48ab73d3df571f35ff1efe052c7e4f345d60694764cce2d5
18,1010,0.45248,0xe121cb63c3f6e80eb2600532d43ebbad54ddb61a,2017-10-28T08:21:25.000Z,0.000448,0x5ef6d2e282fbf88bd20178f2a75d9c3a19496f2c,sell,0x6d5cac36c1ae39f41d52393b7a425d0a610ad9f2,0x2e78005c8a3cb9a632c450ba474de7d428688d568aa8f4620bf93faac4be0949
19,996.15890738,0.44627919050624,0xe121cb63c3f6e80eb2600532d43ebbad54ddb61a,2017-10-28T07:06:56.000Z,0.000448,0x9778550d76b07ac9f5e57392f68ecdf6efc1774e,sell,0x6d5cac36c1ae39f41d52393b7a425d0a610ad9f2,0x2db370373f741f22cb941223f6eb9bf8da450740158577633a2a1d39d01dba72
20,4983.55099192,1.32562456385072,0x6ce4c5df24cfc41db172aa457a5b2ea7dc835429,2017-10-27T16:20:37.000Z,0.000266,0x6d91f54040d517e2da18aff74f1a6ecd087b839d,sell,0x6d5cac36c1ae39f41d52393b7a425d0a610ad9f2,0xb12f54f98121322514467af371bb30006c3f447798c3c1bebbca10c329fd482a
21,0.0001,0.0000000256,0x885aa8f8f6cc2f9ec483971e7e6451c1a9c89fbf,2017-10-26T15:39:49.000Z,0.000256,0xe1fa699860444be91d366c21de8fef56e3dec77a,sell,0x6d5cac36c1ae39f41d52393b7a425d0a610ad9f2,0x3589e106706b4724139d405ccb2383babe146d6bd1dcdf9ec5924a9c6729cd31
22,0.0001,0.0000000256,0x885aa8f8f6cc2f9ec483971e7e6451c1a9c89fbf,2017-10-26T15:22:21.000Z,0.000256,0xe1fa699860444be91d366c21de8fef56e3dec77a,sell,0x6d5cac36c1ae39f41d52393b7a425d0a610ad9f2,0xcc8ec82ba0b90d9ab4749774709dd24b51d4cebf1211be2a216b0f3dc972c167
23,0.0001,0.0000000256,0x885aa8f8f6cc2f9ec483971e7e6451c1a9c89fbf,2017-10-26T14:28:36.000Z,0.000256,0xe1fa699860444be91d366c21de8fef56e3dec77a,sell,0x6d5cac36c1ae39f41d52393b7a425d0a610ad9f2,0x0f3614042e7897de9bd8efa27507de9090750bdb002a17077e97cb31fe0af559
24,0.0001,0.0000000256,0x885aa8f8f6cc2f9ec483971e7e6451c1a9c89fbf,2017-10-26T14:27:36.000Z,0.000256,0xe1fa699860444be91d366c21de8fef56e3dec77a,sell,0x6d5cac36c1ae39f41d52393b7a425d0a610ad9f2,0x6468ac7e34c3afae6c48ffda43d17a926f55ebebdf775a7e09f4c534fedfc02b
25,0.0001,0.0000000256,0x885aa8f8f6cc2f9ec483971e7e6451c1a9c89fbf,2017-10-26T14:24:44.000Z,0.000256,0xe1fa699860444be91d366c21de8fef56e3dec77a,sell,0x6d5cac36c1ae39f41d52393b7a425d0a610ad9f2,0x992459bb4f274fc7f0488b4dcdddda4ae1226a00fe6135e6c2d4717d078319ba
26,79,0.020634721,0x1ac30ada5f3039116d799e19ba6bf0ade5791f4f,2017-10-26T11:34:34.000Z,0.000261199,0x6ee51604f9e57bcc038a4b4af02601350c7a9759,buy,0x6d5cac36c1ae39f41d52393b7a425d0a610ad9f2,0x79db2b798ece17267e49cfbc36648401304a5075ecdc056aada78cc6f11bbf78
27,221,0.057724979,0x1ac30ada5f3039116d799e19ba6bf0ade5791f4f,2017-10-26T11:08:40.000Z,0.000261199,0x6ee51604f9e57bcc038a4b4af02601350c7a9759,buy,0x6d5cac36c1ae39f41d52393b7a425d0a610ad9f2,0x8d68d104384a02209317a7464777ebe5cfb549b4dba9ab0a4a688643a803e554
28,2991.16519072,0.778002066106272,0x1ac30ada5f3039116d799e19ba6bf0ade5791f4f,2017-10-26T07:40:56.000Z,0.0002601,0x90a7efe7552ba6db534be1e49b0ae524ed719153,sell,0x6d5cac36c1ae39f41d52393b7a425d0a610ad9f2,0x76fc9c385be24d82ae9d4bc12a76871ebdfa078d4f56b076fd43b50e2df95121
29,300,0.0795,0xb8a99a140509200edb5348a7f125b0121a325f9a,2017-10-26T07:37:07.000Z,0.000265,0x6ee51604f9e57bcc038a4b4af02601350c7a9759,buy,0x6d5cac36c1ae39f41d52393b7a425d0a610ad9f2,0x4fa07194fdea17309c449e6239d746e8cb02a694c153b36c6776882289154598
30,4378.02811285,1.138287309341,0xb8a99a140509200edb5348a7f125b0121a325f9a,2017-10-26T07:36:11.000Z,0.00026,0x90a7efe7552ba6db534be1e49b0ae524ed719153,sell,0x6d5cac36c1ae39f41d52393b7a425d0a610ad9f2,0xdc77c6e6962cde5036046170868b07a163842aecaa2105980c8d1b5b6ee0d4a6
31,400.147,0.1027977643,0xb8a99a140509200edb5348a7f125b0121a325f9a,2017-10-26T02:23:16.000Z,0.0002569,0x6ee51604f9e57bcc038a4b4af02601350c7a9759,buy,0x6d5cac36c1ae39f41d52393b7a425d0a610ad9f2,0xd0a7e0820ee61eb7e2dba48af613a8626184eaa4d57cce633fcf0912024fb8ba
32,0.0001,0.0000000262,0xc3df65a938ff0b4ac381997fa63aca19b64bf507,2017-10-23T00:08:27.000Z,0.000262,0xe1fa699860444be91d366c21de8fef56e3dec77a,sell,0x6d5cac36c1ae39f41d52393b7a425d0a610ad9f2,0xcd901e74820d8c6aa6625ddcee726b277ac77abacbb8048130f92ab821e9989e
33,1,0.000343,0xe1fa699860444be91d366c21de8fef56e3dec77a,2017-10-22T18:38:43.000Z,0.000343,0x5ef6d2e282fbf88bd20178f2a75d9c3a19496f2c,buy,0x6d5cac36c1ae39f41d52393b7a425d0a610ad9f2,0x21c3c0f3c16eed9dd0d0294b904b7af3216c53da622e02893ef051fa55ed776e
34,0.0001,0.0000000262,0xc3df65a938ff0b4ac381997fa63aca19b64bf507,2017-10-22T14:36:52.000Z,0.000262,0xe1fa699860444be91d366c21de8fef56e3dec77a,sell,0x6d5cac36c1ae39f41d52393b7a425d0a610ad9f2,0x3cf0cc0587551b570f88116c0e740a0da7e8101827f623cd7c80c0b2776bd65f
35,0.0001,0.0000000262,0xc3df65a938ff0b4ac381997fa63aca19b64bf507,2017-10-22T07:35:14.000Z,0.000262,0xe1fa699860444be91d366c21de8fef56e3dec77a,sell,0x6d5cac36c1ae39f41d52393b7a425d0a610ad9f2,0x4dbbe67e9133183a9c96d65a696fa831de11d7668543d5caa2b335a14467bcff
36,1,0.000343,0x23c09abbc301e4bd6396548f5f6005ab345afb7e,2017-10-22T05:30:08.000Z,0.000343,0x5ef6d2e282fbf88bd20178f2a75d9c3a19496f2c,buy,0x6d5cac36c1ae39f41d52393b7a425d0a610ad9f2,0xe463b9e72dde5d9f354e99be961eb697b7b43794943aef0ccf4d3a6184e4261d
37,1,0.000343,0x23c09abbc301e4bd6396548f5f6005ab345afb7e,2017-10-22T05:29:37.000Z,0.000343,0x5ef6d2e282fbf88bd20178f2a75d9c3a19496f2c,buy,0x6d5cac36c1ae39f41d52393b7a425d0a610ad9f2,0x88d9019bffc3d982252291a910805873715e3f1434bedd6c29055588b7833bea
38,721.76253613,0.1876582593938,0xd841bb42713f7479379fb074b57b49e9ac3bf8d4,2017-10-20T18:01:50.000Z,0.00026,0x2f34bf0f889e7914c852b9e31ae47fbbcd7c33fe,sell,0x6d5cac36c1ae39f41d52393b7a425d0a610ad9f2,0x3254380cd43201a95aad2871cac040bfd3ec325040de6dc73a7cf81badd258b9
39,1,0.00034,0x6cdea8e07bf82d7a07dbf36642d6e5be8623845c,2017-10-20T01:16:06.000Z,0.00034,0xe9d95941a89a575d95c59d723e17d22915abaaae,buy,0x6d5cac36c1ae39f41d52393b7a425d0a610ad9f2,0x7274118fec33966f4ef438eb74cb30b10397c52a8030673ce972f179481f0dd8
40,1792.44342538,0.45348818662114,0xb8a99a140509200edb5348a7f125b0121a325f9a,2017-10-19T12:27:57.000Z,0.000253,0xf5d1d8285e32f6750ae08ee025d44b97cbcbc9f3,sell,0x6d5cac36c1ae39f41d52393b7a425d0a610ad9f2,0xd978ae6cf6ba09f98586f972c5c7f390a735b2835fd55b09865dc8e1696180fe
41,1,0.00049,0x3ac636ac5c3a2576156ac5f10066ca68abe0ad54,2017-10-19T08:45:01.000Z,0.00049,0xaafd254a77c454fa8590358af471458ae258e0c0,buy,0x6d5cac36c1ae39f41d52393b7a425d0a610ad9f2,0x28191e210e3860771b6cebded7c0220c9942797fc1e2af86c5bbccc35fdecb83
42,1.45180023,0.0005,0xf9695cd65d6dfdf257fab76a3eb0cb8f001971cc,2017-10-18T15:19:02.000Z,0.0003444000005427744,0xb0a87f4366574ff85facd76f70f88e4717efdd5e,buy,0x6d5cac36c1ae39f41d52393b7a425d0a610ad9f2,0x16533d758cd4ca7a3219c2b5589138dd09daf9b75ea66828d0633f0ebff3d6b9
43,1.45180023,0.0005,0x379374d13077e8867ef31803c37baf9785a17c00,2017-10-18T15:18:47.000Z,0.0003444000005427744,0xb0a87f4366574ff85facd76f70f88e4717efdd5e,buy,0x6d5cac36c1ae39f41d52393b7a425d0a610ad9f2,0x6948a42f0e47f1293ec30f32d5e41284b69414543ab8333b58a42d4907605cb9
44,1495.36437045,0.37832718572385,0xd841bb42713f7479379fb074b57b49e9ac3bf8d4,2017-10-18T06:28:33.000Z,0.000253,0xd2fa772e0f27f2e72f6952333660be32f509666f,sell,0x6d5cac36c1ae39f41d52393b7a425d0a610ad9f2,0x97790052cbbf9fa0a5d196dc9a0c99dc1b07be7012a956d672e811cf87ca9833
45,1.45180023,0.0005,0x16e5d97bbc92417e051e3b2cabfbf8ceea2acb9c,2017-10-17T17:54:02.000Z,0.0003444000005427744,0xb0a87f4366574ff85facd76f70f88e4717efdd5e,buy,0x6d5cac36c1ae39f41d52393b7a425d0a610ad9f2,0xe477191c6c47b77860ae7f04b8b1c8e37a4c7a7dcd28661b271f50d187783719
46,1.45180023,0.0005,0x42c24a83bded723edfdf5883bc7efb30bc1a1bf3,2017-10-17T15:42:15.000Z,0.0003444000005427744,0xb0a87f4366574ff85facd76f70f88e4717efdd5e,buy,0x6d5cac36c1ae39f41d52393b7a425d0a610ad9f2,0x03c3500362974603cb8e883b5a3de0341c03ace7d0e6ee7506f03420d8ee6eba
47,1.45180023,0.0005,0xcd912af5286dc0b0a23edb30209734ecb60838b3,2017-10-17T05:37:17.000Z,0.0003444000005427744,0xb0a87f4366574ff85facd76f70f88e4717efdd5e,buy,0x6d5cac36c1ae39f41d52393b7a425d0a610ad9f2,0xb751c0782e311a4d7443a28b11821b45abf2e631ebc46713c80dfd6147f58211
48,5283.62077559,1.32618881467309,0xd841bb42713f7479379fb074b57b49e9ac3bf8d4,2017-10-15T20:29:41.000Z,0.000251,0x5f11fc9ef2bf64b685e7bccdc10285faa89a8fa3,sell,0x6d5cac36c1ae39f41d52393b7a425d0a610ad9f2,0x2bc9424910dc41c5d832d75d18e86431abbf49404a65189e00934552fa2ae11f
49,269.08084936,0.0591977868592,0xe65d79c6acbbfd3b67822e42c7fc4e99b67ae554,2017-10-15T15:08:30.000Z,0.00022,0xd824a9d69174fb02d10d60b989c539761331e7d5,sell,0x6d5cac36c1ae39f41d52393b7a425d0a610ad9f2,0x31cc67bfcdf8ba8629e71727c65c7d293ab2ef56cb88b98eb138f3dfcaeeb01d
50,4000,1.20092,0xb8a99a140509200edb5348a7f125b0121a325f9a,2017-10-14T04:53:39.000Z,0.00030023,0x84fb274c29c7ac137eabcd1af972019c2cc35507,sell,0x6d5cac36c1ae39f41d52393b7a425d0a610ad9f2,0xd58e8fd027485ca3343bd846fdde2a574723e41542d9510559ca76be01efa3bb
51,2000,0.60046,0xb8a99a140509200edb5348a7f125b0121a325f9a,2017-10-14T03:45:08.000Z,0.00030023,0x84fb274c29c7ac137eabcd1af972019c2cc35507,sell,0x6d5cac36c1ae39f41d52393b7a425d0a610ad9f2,0x0829495ff08964ea6b22e95fcbf4d7bd2961bdc1c672e57771a659a6596f83f1
52,804.69781582,0.24142785279576387,0x9db5b9e37d8e8827f5f49839821cb16db555d5f6,2017-10-13T17:11:01.000Z,0.000300023,0x84fb274c29c7ac137eabcd1af972019c2cc35507,sell,0x6d5cac36c1ae39f41d52393b7a425d0a610ad9f2,0xba1217d180a6f5d1a848b978fa1e675822976317686e564c57e6e67ff3199560
53,2100,0.630063,0xd0044e50fc4dac8835e6207b0ff8265b13bff88b,2017-10-13T11:25:27.000Z,0.00030003,0x84fb274c29c7ac137eabcd1af972019c2cc35507,sell,0x6d5cac36c1ae39f41d52393b7a425d0a610ad9f2,0x8e8cf32b3c2cbfb2faeec58fc3a3d077706d8c9d208bb6222b2a55791beb3c6f
54,1107.87187098,0.3434402800038,0xb8a99a140509200edb5348a7f125b0121a325f9a,2017-10-13T10:34:54.000Z,0.00031,0x84fb274c29c7ac137eabcd1af972019c2cc35507,sell,0x6d5cac36c1ae39f41d52393b7a425d0a610ad9f2,0xd5006b81e0d87f33e8b6affb2a913bdc30ba0abc8461a80d1ab61e597e6d2cac
55,3227.71370165,1.03609609822965,0x6e652dc8e117d2304e9804c71a5bd6ca15a1c980,2017-10-13T10:33:22.000Z,0.000321,0x84fb274c29c7ac137eabcd1af972019c2cc35507,sell,0x6d5cac36c1ae39f41d52393b7a425d0a610ad9f2,0x271dc24c0bcbdcd27c41a4f39ff7a2a91cb60bb5a768c27f2cd72dc33f731105
56,11772.28629835,3.77890390177035,0x6e652dc8e117d2304e9804c71a5bd6ca15a1c980,2017-10-13T09:29:56.000Z,0.000321,0xdc246baad3a5406ba9c7383c26552f372b1d8f0e,sell,0x6d5cac36c1ae39f41d52393b7a425d0a610ad9f2,0x22da69a7f3c4e39e645187498213de21a96104bb59ea479b312fa103f0ea43d6
57,8503.451,2.738111222,0x0fae7ab606ee5372c7b3c4096df359dbfc519d07,2017-10-13T09:28:45.000Z,0.000322,0xdc246baad3a5406ba9c7383c26552f372b1d8f0e,sell,0x6d5cac36c1ae39f41d52393b7a425d0a610ad9f2,0x3a5df358bfddce4d573f176692a2fcaafafeaa79e78143b4c821bc7411abf8c5
58,2107.38867113,0.67857915210386,0x0fae7ab606ee5372c7b3c4096df359dbfc519d07,2017-10-13T05:38:03.000Z,0.000322,0xdc246baad3a5406ba9c7383c26552f372b1d8f0e,sell,0x6d5cac36c1ae39f41d52393b7a425d0a610ad9f2,0x25a5336a1b86c17ec916bf5a8bd899a5aa414f7e45dfdb7da52ec4004e10d85f
59,4889.16004898,1.57430953577156,0x0fae7ab606ee5372c7b3c4096df359dbfc519d07,2017-10-13T05:27:00.000Z,0.000322,0xdc246baad3a5406ba9c7383c26552f372b1d8f0e,sell,0x6d5cac36c1ae39f41d52393b7a425d0a610ad9f2,0xf8aa3f1d604540bf15fc58ccd6987fd551c93fc65956136a5fb1ef1f4ded6f90
60,3030.66157015,1.0001183181495,0xb8a99a140509200edb5348a7f125b0121a325f9a,2017-10-13T05:13:04.000Z,0.00033,0xdc246baad3a5406ba9c7383c26552f372b1d8f0e,sell,0x6d5cac36c1ae39f41d52393b7a425d0a610ad9f2,0x96eb7da8cbb06141ef3e2b3b9eddb3765f85cdd7cff226c97261e1fbdd6b989d
61,800,0.264016,0x5668944c89953f704bf6719c67f57431bfa71225,2017-10-13T05:11:36.000Z,0.00033002,0xdc246baad3a5406ba9c7383c26552f372b1d8f0e,sell,0x6d5cac36c1ae39f41d52393b7a425d0a610ad9f2,0x053c4fdbdbd964f8ef46e9ea8d8b7c1718f6eb591150c3e32c593d1e1ab52740
62,1470.8836397,0.485391601101,0xb8a99a140509200edb5348a7f125b0121a325f9a,2017-10-12T19:55:34.000Z,0.00033,0x6ee51604f9e57bcc038a4b4af02601350c7a9759,sell,0x6d5cac36c1ae39f41d52393b7a425d0a610ad9f2,0x160dc990ed95076264db1aad38c9a172270c522598e12e4319a16bb992cb2817
63,498.45479015,0.1644900807495,0xb8a99a140509200edb5348a7f125b0121a325f9a,2017-10-12T13:23:56.000Z,0.00033,0x84fb274c29c7ac137eabcd1af972019c2cc35507,sell,0x6d5cac36c1ae39f41d52393b7a425d0a610ad9f2,0x3d63fc0901200c2213dbffc5f4418525df6cee2ac7c49eadfd7134f78f0c4c32
64,1002,0.4509,0xb8a99a140509200edb5348a7f125b0121a325f9a,2017-10-12T12:48:40.000Z,0.00045,0xe6dd3090003cf4da5e6e03b63260d08b0f60660a,buy,0x6d5cac36c1ae39f41d52393b7a425d0a610ad9f2,0xd3932cdef9b13b1679f95d49480bd5428889f9b37022f0c4538104bd1b1c5c4d
65,2370,0.8058,0xc0ad7700cefe80f198a696e1a78931550add582e,2017-10-12T07:43:16.000Z,0.00034,0xe6dd3090003cf4da5e6e03b63260d08b0f60660a,sell,0x6d5cac36c1ae39f41d52393b7a425d0a610ad9f2,0x98ff182f431dd94ad75bbcaee846467130b5849095372e7e45aae3a26f0f5b5c
66,983,0.44235,0xb8a99a140509200edb5348a7f125b0121a325f9a,2017-10-12T07:39:21.000Z,0.00045,0xe6dd3090003cf4da5e6e03b63260d08b0f60660a,buy,0x6d5cac36c1ae39f41d52393b7a425d0a610ad9f2,0x54fdbe7184fd614c5846a3bfbbe8fe8d0f85ed899eefcb648609753142a5dd3d
67,500,0.21,0xb8a99a140509200edb5348a7f125b0121a325f9a,2017-10-12T07:36:23.000Z,0.00042,0xe6dd3090003cf4da5e6e03b63260d08b0f60660a,buy,0x6d5cac36c1ae39f41d52393b7a425d0a610ad9f2,0xc97accbd8e439d22ccff660b00cfa36c710d5e18d94dadc11d44d36d5efa52e4
68,359.72,0.10792247496,0xd0044e50fc4dac8835e6207b0ff8265b13bff88b,2017-10-11T02:02:51.000Z,0.000300018,0x09d82d882b52025aca22da88aa53dc2c4f8dc205,buy,0x6d5cac36c1ae39f41d52393b7a425d0a610ad9f2,0x53e94eabfe1501986d0ca3d7bad80363e6df8696e938367a36fb023d2b6cc0ed
69,1030,0.30902884,0xc0ad7700cefe80f198a696e1a78931550add582e,2017-10-10T22:04:41.000Z,0.000300028,0x000531068f32763f59fc1d4aff8371e758e19782,sell,0x6d5cac36c1ae39f41d52393b7a425d0a610ad9f2,0x4c3af63cacef59cb6ba8b3c11f410bfcca0dcc7fa6552c830e71956dffd3e14e
70,996.9095803,0.299092812281606,0x6e652dc8e117d2304e9804c71a5bd6ca15a1c980,2017-10-10T13:12:20.000Z,0.00030002,0x246a62bb9dd52babbb2bdd2262f5d3604e6901de,sell,0x6d5cac36c1ae39f41d52393b7a425d0a610ad9f2,0x0087ee1dc79885d5d9125e22689444452e0cd5ecc63ca16d96b6ce097d9e1723
71,2483.30218418,0.7450477712042362,0x9db5b9e37d8e8827f5f49839821cb16db555d5f6,2017-10-10T09:22:03.000Z,0.000300023,0x24991b80b5d64f660affcafa9dca8a420715344a,sell,0x6d5cac36c1ae39f41d52393b7a425d0a610ad9f2,0xa1fb621f5679ecb5fccf4df3d25e8ee8cb3b6628fb9e34cebb5cce5838fe2f96
72,6579.60322998,1.9740125610585997,0x6e652dc8e117d2304e9804c71a5bd6ca15a1c980,2017-10-10T06:57:47.000Z,0.00030002,0x229ff289b1cdf9b72305d89c402739356e354da7,sell,0x6d5cac36c1ae39f41d52393b7a425d0a610ad9f2,0xfffeaf1e42018a25f35b05945becbde91d19cd28cf8ab1e3017caa87dcc9949b
73,8,0.0036,0x4ea9c94c8b33ee7fa141c0d1fbc782b47ce22b13,2017-10-10T01:49:34.000Z,0.00045,0x24991b80b5d64f660affcafa9dca8a420715344a,buy,0x6d5cac36c1ae39f41d52393b7a425d0a610ad9f2,0x9976caf3ac08049c31ef89ea89d2624d26c7b2b904d854f4f0a95b2bd3830c9e
74,99,0.0297,0x3a0cc8afecbb6fe9567cd7e6dac685287f7a217d,2017-10-09T11:23:24.000Z,0.0003,0xf2a8c6ec5b1b7ec1361dee7dbda95c7b2ff95acb,buy,0x6d5cac36c1ae39f41d52393b7a425d0a610ad9f2,0xe3b5f63a22534fefc6449a84682f2de8934763ec262084023523e8b48f34e537
75,801.51530256,0.240454590768,0xc0ad7700cefe80f198a696e1a78931550add582e,2017-10-09T03:46:23.000Z,0.0003,0x40a6dfb440e645902b49c6caeb8e48f156d9cbe3,sell,0x6d5cac36c1ae39f41d52393b7a425d0a610ad9f2,0xb6bb4c9298c6b86634af82d4e34edf53518c925792f8d99f1738a1b1fbc1133f
76,3824.03548998,1.147210646994,0xc0ad7700cefe80f198a696e1a78931550add582e,2017-10-08T18:47:24.000Z,0.0003,0xcb222a32df146ef7e3ac63725dad0fd978d33ce2,sell,0x6d5cac36c1ae39f41d52393b7a425d0a610ad9f2,0x437f5f795733b08fb0778341b04fb237ee3529c6326a7c692045a10b810a7fda
77,300,0.0906,0x0ae2d2b3a41f08ea2674178a6ea95a916aef0e6b,2017-10-08T18:39:47.000Z,0.000302,0xcb222a32df146ef7e3ac63725dad0fd978d33ce2,sell,0x6d5cac36c1ae39f41d52393b7a425d0a610ad9f2,0xd1883997200ede7ed6c693ccabdfce833623385c1d6d5f9b00f15f26c05304f2
78,70,0.0217,0x0ae2d2b3a41f08ea2674178a6ea95a916aef0e6b,2017-10-08T18:14:41.000Z,0.00031,0xcb222a32df146ef7e3ac63725dad0fd978d33ce2,sell,0x6d5cac36c1ae39f41d52393b7a425d0a610ad9f2,0x994f1a131a1394b0f0cdbd391a0c861eb88ae75bfea17ce51d117070361e3f28
79,250,0.1,0x27849f835bb345a26dffbfa7a8863c387b546730,2017-10-08T15:30:34.000Z,0.0004,0x40a6dfb440e645902b49c6caeb8e48f156d9cbe3,buy,0x6d5cac36c1ae39f41d52393b7a425d0a610ad9f2,0xdec807054e270015392b6f8d8f94a5339126a89c6ffc3d5a85646ced5c5e7d77
80,200,0.06,0xd0044e50fc4dac8835e6207b0ff8265b13bff88b,2017-10-08T15:06:21.000Z,0.0003,0x09d82d882b52025aca22da88aa53dc2c4f8dc205,buy,0x6d5cac36c1ae39f41d52393b7a425d0a610ad9f2,0x278f09845276f3c41084d86eacee9b5c54e22f2c110af61a1e0408ed5a2aa09a
81,2424.84797128,0.698625373853452,0xd0044e50fc4dac8835e6207b0ff8265b13bff88b,2017-10-07T14:03:35.000Z,0.000288111,0x076c70a50eec38a1624d0d88d7e17a4508f859d2,sell,0x6d5cac36c1ae39f41d52393b7a425d0a610ad9f2,0xeef680136c7922a68e42f63885996b9f10be8ceb5df367ca801491bcd8ed9a29
82,7545,2.180505,0xc0ad7700cefe80f198a696e1a78931550add582e,2017-10-07T13:56:08.000Z,0.000289,0x076c70a50eec38a1624d0d88d7e17a4508f859d2,sell,0x6d5cac36c1ae39f41d52393b7a425d0a610ad9f2,0x929a8a16e7cf4cf64c7a74c75c70319884819b45bd624bec968cb061eec39804
83,37.037,0.01666665,0x5d5065b42bdee0274e394ba9042c21e1818c69cf,2017-10-07T13:23:32.000Z,0.00045,0xaafd254a77c454fa8590358af471458ae258e0c0,sell,0x6d5cac36c1ae39f41d52393b7a425d0a610ad9f2,0xf31fb5c46ed96f0edf2f2cf56ab1bc275899d1150c08d5954671eb85a3c87f93
84,489.5,0.249645,0x8eb79cc9a541f9a0686a27223a2696d2ff43c1b9,2017-10-07T09:39:10.000Z,0.00051,0x24991b80b5d64f660affcafa9dca8a420715344a,buy,0x6d5cac36c1ae39f41d52393b7a425d0a610ad9f2,0x3f924ef0bf725eec65990db941b76722adec1b2e30545ae2c2a78ea6e5147024
85,299.24293636,0.1526138975456611,0x8eb79cc9a541f9a0686a27223a2696d2ff43c1b9,2017-10-07T09:34:49.000Z,0.0005100000000068878,0x6ee51604f9e57bcc038a4b4af02601350c7a9759,buy,0x6d5cac36c1ae39f41d52393b7a425d0a610ad9f2,0x744b48769ae0da34c57cee0f3779e3e8b84839e1971f790bec5800e80f706644
86,0.94339622,0.0005,0x350f6f675b20d606bb7f6c412ef4775c9bc57168,2017-10-07T09:25:51.000Z,0.000530000003604,0x256eacf081fb52502eff4ab4a379a4d40a8d47e9,buy,0x6d5cac36c1ae39f41d52393b7a425d0a610ad9f2,0x90b72210f9a1c5d6214fc12aee9afa0ccf5872f24b407803d14465ea01bfb9f3
87,0.94339622,0.0005,0x3bfdec5343e950ce45522eef9948c977631b4000,2017-10-07T09:25:51.000Z,0.000530000003604,0x256eacf081fb52502eff4ab4a379a4d40a8d47e9,buy,0x6d5cac36c1ae39f41d52393b7a425d0a610ad9f2,0x0554d9fb9dea2fd1d12685f841a37318fb07367059691f7896d9ccbecbebfb6c
88,2503.09,1.1514214,0xfb87cfcc373c555f11bb1880f2162b15978fbb80,2017-10-07T05:50:57.000Z,0.00046,0x24991b80b5d64f660affcafa9dca8a420715344a,sell,0x6d5cac36c1ae39f41d52393b7a425d0a610ad9f2,0x18051da75a30dbe24bdd55fc9bd08bcac9452cba1177a469f113cbf136c88f3e
89,996.9095803,0.458578406938,0xfb87cfcc373c555f11bb1880f2162b15978fbb80,2017-10-07T04:25:24.000Z,0.00046,0x24991b80b5d64f660affcafa9dca8a420715344a,sell,0x6d5cac36c1ae39f41d52393b7a425d0a610ad9f2,0xc1ac88c520bb4ed998b64c288693dd01f00d0f0e3782d170135419c34d07aaca
90,0.00007402,0.000000038490923571,0x8eb79cc9a541f9a0686a27223a2696d2ff43c1b9,2017-10-07T01:51:42.000Z,0.0005200070733720616,0x6ee51604f9e57bcc038a4b4af02601350c7a9759,buy,0x6d5cac36c1ae39f41d52393b7a425d0a610ad9f2,0x395880388b2c33bf5424d0f23752c1a5835c6c941473cb3967e195732317487a
91,0.75706363,0.000386102454338514,0x8eb79cc9a541f9a0686a27223a2696d2ff43c1b9,2017-10-06T20:56:04.000Z,0.0005100000040135517,0x6ee51604f9e57bcc038a4b4af02601350c7a9759,buy,0x6d5cac36c1ae39f41d52393b7a425d0a610ad9f2,0x808b7b82fc7b9a4333c4cde9d73fb5424acbaead39981b63824c6b438c26c107
92,64.46715182,0.029010218319,0xe6dd3090003cf4da5e6e03b63260d08b0f60660a,2017-10-06T18:05:41.000Z,0.00045,0x121df585a4c8d817b80076c350934fb282f85c40,sell,0x6d5cac36c1ae39f41d52393b7a425d0a610ad9f2,0x1d540c5c8f1ce72b3cd1642f76e6b633b1d86b6bcefe23f3dd12a03ad2e7672d
93,11,0.00495,0xe6dd3090003cf4da5e6e03b63260d08b0f60660a,2017-10-06T10:41:27.000Z,0.00045,0x121df585a4c8d817b80076c350934fb282f85c40,sell,0x6d5cac36c1ae39f41d52393b7a425d0a610ad9f2,0x8f39852935daea8a27a8628be9eb7e5cd8229a25a50c14956730b23755cf417c
94,100,0.046,0xb8186b97012530dceadc931136bf6cc7e4237f10,2017-10-06T10:41:12.000Z,0.00046,0x121df585a4c8d817b80076c350934fb282f85c40,sell,0x6d5cac36c1ae39f41d52393b7a425d0a610ad9f2,0x7fa0637c9f71d6783556ef6e0cca4d33dfe639a76dbcd7fe3ad1a22799905d04
95,235.849,0.12499997,0xb8a99a140509200edb5348a7f125b0121a325f9a,2017-10-06T03:22:26.000Z,0.00053,0x6ee51604f9e57bcc038a4b4af02601350c7a9759,sell,0x6d5cac36c1ae39f41d52393b7a425d0a610ad9f2,0xab6b8324b3dac06709209512311bc1270c0260d5a742e0cc39d9bef3615b37f0
96,6518,3.5849,0xb8a99a140509200edb5348a7f125b0121a325f9a,2017-10-05T19:44:12.000Z,0.00055,0x6e652dc8e117d2304e9804c71a5bd6ca15a1c980,sell,0x6d5cac36c1ae39f41d52393b7a425d0a610ad9f2,0x6554015d4403d1435b631931944f6f61c9bb4eebf2d228ad7550ea4f957b70b0
97,1,0.00055,0xd8a62ad8a7efa8a3267932d2e478c026566fbe34,2017-10-05T18:25:08.000Z,0.00055,0x4f0078f4ee73b46379ce698a60a6c375972ba9aa,buy,0x6d5cac36c1ae39f41d52393b7a425d0a610ad9f2,0xf0e5e92bd36c4704aee55886e14db7caf9ca499d398d8dc825268ba2e31cf0b0
98,391.182,0.2151501,0x23c09abbc301e4bd6396548f5f6005ab345afb7e,2017-10-05T16:39:03.000Z,0.00055,0xe6dd3090003cf4da5e6e03b63260d08b0f60660a,buy,0x6d5cac36c1ae39f41d52393b7a425d0a610ad9f2,0x7cf19cc02b03599495a9c64626805c3491c9aba3c0400bce65bc59a8e81d5b1a
99,6000,3.18,0xfe423f6b9b3aa093cc08831d9b106027f97e132e,2017-10-05T14:31:04.000Z,0.00053,0x4f0078f4ee73b46379ce698a60a6c375972ba9aa,buy,0x6d5cac36c1ae39f41d52393b7a425d0a610ad9f2,0x9ab3c523d016a256b804a3341f084164e0cf84750254d785f47d986078f95c7f
100,5982,3.2901,0xb8a99a140509200edb5348a7f125b0121a325f9a,2017-10-05T14:31:04.000Z,0.00055,0xfe423f6b9b3aa093cc08831d9b106027f97e132e,sell,0x6d5cac36c1ae39f41d52393b7a425d0a610ad9f2,0x9ab3c523d016a256b804a3341f084164e0cf84750254d785f47d986078f95c7f
101,1926.20980152,1.059415390836,0xb8a99a140509200edb5348a7f125b0121a325f9a,2017-10-05T05:50:16.000Z,0.00055,0x6e652dc8e117d2304e9804c71a5bd6ca15a1c980,sell,0x6d5cac36c1ae39f41d52393b7a425d0a610ad9f2,0xd5ce2742018af5507aac3d84bcd2839f941a80774651f31f037eba8e25e50dc5
102,869,0.47784572,0xb8a99a140509200edb5348a7f125b0121a325f9a,2017-10-05T04:04:26.000Z,0.00054988,0x8fa54bbc9892466d5302371fe23a63b453010230,buy,0x6d5cac36c1ae39f41d52393b7a425d0a610ad9f2,0x30b5e8501d65753d77d347abea51ef913b8a785b3e33cedad542a4989747159d
103,1790,0.9845,0xb8a99a140509200edb5348a7f125b0121a325f9a,2017-10-05T03:58:54.000Z,0.00055,0x7b474a779a9c30a58a3c6153c436d88bddd5fa4f,buy,0x6d5cac36c1ae39f41d52393b7a425d0a610ad9f2,0x1480e8def40e5a329d06b86d5e11dfd9cc7d8fda9fc51d2f71be655701be24c6
104,2000,1.09974,0xb8a99a140509200edb5348a7f125b0121a325f9a,2017-10-05T03:57:05.000Z,0.00054987,0xaafd254a77c454fa8590358af471458ae258e0c0,buy,0x6d5cac36c1ae39f41d52393b7a425d0a610ad9f2,0xa831c108278496087d53a7aa75a1a1fe2b5a1df7a51588b8f3f96cd7e552607a
105,1500,0.825,0xb8a99a140509200edb5348a7f125b0121a325f9a,2017-10-05T03:55:45.000Z,0.00055,0xaafd254a77c454fa8590358af471458ae258e0c0,sell,0x6d5cac36c1ae39f41d52393b7a425d0a610ad9f2,0x18d8f021810c9f467ec32df013b9ec7499058c238c61d5d4997cd9580b293b8a
106,1000,0.55,0xb8a99a140509200edb5348a7f125b0121a325f9a,2017-10-05T03:34:36.000Z,0.00055,0xaafd254a77c454fa8590358af471458ae258e0c0,sell,0x6d5cac36c1ae39f41d52393b7a425d0a610ad9f2,0x4524afe7da799440e0837aa007707fc2c6715e20461f4c98ddedfbbf66620f15
107,3800,2.089544,0xb8a99a140509200edb5348a7f125b0121a325f9a,2017-10-05T02:26:53.000Z,0.00054988,0x8fa54bbc9892466d5302371fe23a63b453010230,buy,0x6d5cac36c1ae39f41d52393b7a425d0a610ad9f2,0xd12c67368213b3f962a8aa0e657cbca5e44fbae8544040fe00bc9a447baf6ffb
108,10836.80573493,5.960134786156793,0x1e1327c30e7ea70c184a0ddaba453d700120f6b2,2017-10-04T11:20:44.000Z,0.0005499900000002438,0x0fae7ab606ee5372c7b3c4096df359dbfc519d07,buy,0x6d5cac36c1ae39f41d52393b7a425d0a610ad9f2,0xcd315fce817c44d452d506c1b5278ff2ada0e4a104770d67514bd3d11fa75484
109,1546.44098226,0.8969203053009774,0x1e1327c30e7ea70c184a0ddaba453d700120f6b2,2017-10-04T11:02:16.000Z,0.00057999,0xfe423f6b9b3aa093cc08831d9b106027f97e132e,sell,0x6d5cac36c1ae39f41d52393b7a425d0a610ad9f2,0x48eb2a7ad9cc168af85f12074af7d1aa42ab07ec4f724f873f932389426bff15
110,1551.09426506,0.853086334843207,0xfe423f6b9b3aa093cc08831d9b106027f97e132e,2017-10-04T11:02:16.000Z,0.0005499900000018423,0x0fae7ab606ee5372c7b3c4096df359dbfc519d07,buy,0x6d5cac36c1ae39f41d52393b7a425d0a610ad9f2,0x48eb2a7ad9cc168af85f12074af7d1aa42ab07ec4f724f873f932389426bff15
111,1999.637,1.09978035363,0x1e1327c30e7ea70c184a0ddaba453d700120f6b2,2017-10-04T11:00:34.000Z,0.00054999,0x930f26df70ff01797cc744066015ee510064de37,buy,0x6d5cac36c1ae39f41d52393b7a425d0a610ad9f2,0x88f80978adc27bbea8bb43e7c0bb0d95e09444ed54a295acc2396253782bce87
112,0.00003613,0.000000019876574226,0x1e1327c30e7ea70c184a0ddaba453d700120f6b2,2017-10-04T10:41:18.000Z,0.0005501404435649045,0x930f26df70ff01797cc744066015ee510064de37,buy,0x6d5cac36c1ae39f41d52393b7a425d0a610ad9f2,0x2019f42144a8873d5d9282b1b65d5c7099a6c0454f1690e85af0b2e7d191be8e
113,0.36251916,0.000199381916060213,0x1e1327c30e7ea70c184a0ddaba453d700120f6b2,2017-10-04T10:40:40.000Z,0.0005499900089700445,0x930f26df70ff01797cc744066015ee510064de37,buy,0x6d5cac36c1ae39f41d52393b7a425d0a610ad9f2,0xa84af917a7217f31c08ee343241cb7732a4071b35536969540c5817f00f6f615
114,0.36251916,0.000199381916060213,0x1e1327c30e7ea70c184a0ddaba453d700120f6b2,2017-10-04T10:39:34.000Z,0.0005499900089700445,0x930f26df70ff01797cc744066015ee510064de37,buy,0x6d5cac36c1ae39f41d52393b7a425d0a610ad9f2,0xa84af917a7217f31c08ee343241cb7732a4071b35536969540c5817f00f6f615
115,295.32,0.1624230468,0x422d4d1f8a9373dc8b75f3e1aeab786083f38a51,2017-10-04T03:38:18.000Z,0.00054999,0x930f26df70ff01797cc744066015ee510064de37,buy,0x6d5cac36c1ae39f41d52393b7a425d0a610ad9f2,0x1c28307aaaaf5df314027388a303a2ebd088ee833a0bae7a658b78d6dca8d5c6
116,1.818,0.0009999,0xe985ac05f01f7fa12e3322003e88bde06e6fe042,2017-10-04T00:39:13.000Z,0.00055,0xe6dd3090003cf4da5e6e03b63260d08b0f60660a,buy,0x6d5cac36c1ae39f41d52393b7a425d0a610ad9f2,0x9d5fb9c9b4f02ac954604dc40ac70e0708336540e1117c5437fad93bf6a68942
117,3995,0.91885,0xfe423f6b9b3aa093cc08831d9b106027f97e132e,2017-10-03T20:18:54.000Z,0.00023,0xe48bccadb89c15f39dac80ee20fd26b44213e23b,buy,0x6d5cac36c1ae39f41d52393b7a425d0a610ad9f2,0x7f08de02b3a84a285dd4e8946f3e0b04d588a029e70d8bc2d2a9453768bb7f36
118,3983.015,1.1152442,0xc0ad7700cefe80f198a696e1a78931550add582e,2017-10-03T20:18:54.000Z,0.00028,0xfe423f6b9b3aa093cc08831d9b106027f97e132e,sell,0x6d5cac36c1ae39f41d52393b7a425d0a610ad9f2,0x7f08de02b3a84a285dd4e8946f3e0b04d588a029e70d8bc2d2a9453768bb7f36
119,10,0.005,0xb8186b97012530dceadc931136bf6cc7e4237f10,2017-10-03T04:05:00.000Z,0.0005,0xe6dd3090003cf4da5e6e03b63260d08b0f60660a,buy,0x6d5cac36c1ae39f41d52393b7a425d0a610ad9f2,0x15c96ec6fa58b91afa3de76644cba60c04c3aca7a9325f9ab3675f7d86c553ca
120,1,0.00095,0x0249924245a19aa2d7f5ddb0739a7132b7d094ab,2017-10-02T20:51:33.000Z,0.00095,0x4f0078f4ee73b46379ce698a60a6c375972ba9aa,buy,0x6d5cac36c1ae39f41d52393b7a425d0a610ad9f2,0x2af2d9ed6c704bac933a6e404d1b7d2190be3470bbf39d6729ed1e1e802d1a89
121,5116.1399661,1.1369239716866404,0x3381ff178471b8f0bd956909be7a7c580374fa3a,2017-10-02T18:24:27.000Z,0.000222223,0xd6f3b4ff1ff609a5db2adc768dd45bb6295c3ec5,sell,0x6d5cac36c1ae39f41d52393b7a425d0a610ad9f2,0x1f696e04fe8b4831ffcc6033de33fb09aa7b3d526d0d329578605369272bcf6b
122,0.00022211,0.00000022211,0x468d01b3fe0b746430ab4ba3d652af70b913d122,2017-10-02T06:11:32.000Z,0.001,0x2327a6444cd8db310df525872f79dd6f032dffa0,buy,0x6d5cac36c1ae39f41d52393b7a425d0a610ad9f2,0x1a34d633bcb3316515c893e12b48d39bae9afd29af16242ccc62cf26b926390a
123,0.00022144,0.10939136,0x479077bf1fc0eb7073c78fef528ac72c976977aa,2017-10-02T06:11:32.000Z,494,0x468d01b3fe0b746430ab4ba3d652af70b913d122,sell,0x6d5cac36c1ae39f41d52393b7a425d0a610ad9f2,0x1a34d633bcb3316515c893e12b48d39bae9afd29af16242ccc62cf26b926390a
124,75.45,0.0746955,0xa1b84c35e448a8b7be088855dd7e9353c2fc8120,2017-10-02T03:55:19.000Z,0.00099,0xaafd254a77c454fa8590358af471458ae258e0c0,buy,0x6d5cac36c1ae39f41d52393b7a425d0a610ad9f2,0x78f870a1c08f5be4c1e67994369c0fd85a3d17124e468de8a3af7da935cd1018
125,17.30618407,0.016613936715959336,0x4ea9c94c8b33ee7fa141c0d1fbc782b47ce22b13,2017-10-01T23:55:01.000Z,0.0009600000005061391,0xb8186b97012530dceadc931136bf6cc7e4237f10,buy,0x6d5cac36c1ae39f41d52393b7a425d0a610ad9f2,0x9f2f3185d95c8bbfffac598aa61152a6bf8f07e5f0b19a572a51f2a1abe43f37
126,25,0.02475,0x4ea9c94c8b33ee7fa141c0d1fbc782b47ce22b13,2017-10-01T12:41:30.000Z,0.00099,0xaafd254a77c454fa8590358af471458ae258e0c0,buy,0x6d5cac36c1ae39f41d52393b7a425d0a610ad9f2,0xd62e58738a8474342f21c5dc7cf82275cf5128ca53de9df19d8ae7e0a6dcfdb0
127,10068.78676104,2.226208752865944,0x6e652dc8e117d2304e9804c71a5bd6ca15a1c980,2017-10-01T11:35:32.000Z,0.0002211,0xcf832f580c9e4703fe2f6628decf5f546865bf25,sell,0x6d5cac36c1ae39f41d52393b7a425d0a610ad9f2,0xbf91107d591cfc559c1fe668e373e68241df4e0ed74f5b10869e6b19169e98ed
128,208.35410228,0.04521284019476,0x9dc39c944e73f62742589519aff5d3e9b4bc19a9,2017-10-01T08:51:13.000Z,0.000217,0xdde64191bae20927ddc4fe989efaa7af7774732a,sell,0x6d5cac36c1ae39f41d52393b7a425d0a610ad9f2,0x796e69a2cfa81d51a8c7ff62e602256009f1f1ccf185909b43c3b1abe79a5e1c
129,116.98755291,0.02538629898147,0x9dc39c944e73f62742589519aff5d3e9b4bc19a9,2017-10-01T06:57:13.000Z,0.000217,0x9dc39c944e73f62742589519aff5d3e9b4bc19a9,sell,0x6d5cac36c1ae39f41d52393b7a425d0a610ad9f2,0xf46cc97400aa8a2078c0cff9d8be64f685660b477b2ca95a4ae1c99fbb1ccf27
130,117.35021433,0.02546499650961,0x9dc39c944e73f62742589519aff5d3e9b4bc19a9,2017-09-30T22:46:24.000Z,0.000217,0xeb521ee49a904f9efc8fd2c10ca18f7d11e6c57a,sell,0x6d5cac36c1ae39f41d52393b7a425d0a610ad9f2,0x725069dcb98a71ddd5509878d8b218951c4ce82086733eb81efe18f8b842e362
131,1790,0.38485,0x7b474a779a9c30a58a3c6153c436d88bddd5fa4f,2017-09-30T22:43:37.000Z,0.000215,0xeb521ee49a904f9efc8fd2c10ca18f7d11e6c57a,sell,0x6d5cac36c1ae39f41d52393b7a425d0a610ad9f2,0x5e37deb0cb4a1cee5deab35a922cf4cfa9767501cce9ba04d42a9d6472d2c9d7
132,1870.65667517,0.4021911851616354,0x3f441403c9f9f93b13711db4d4a2e4eed9ada767,2017-09-30T00:33:14.000Z,0.00021500000000004564,0x80cdc8b6887f0f25da9ea60db422a666432857e2,buy,0x6d5cac36c1ae39f41d52393b7a425d0a610ad9f2,0x2fdb60f730bb04290157383f575c211e65601ac90ab787b8755a3568dbb678c1
133,0.06831572,0.000014687880266983,0x3f441403c9f9f93b13711db4d4a2e4eed9ada767,2017-09-30T00:27:51.000Z,0.0002150000068356595,0x80cdc8b6887f0f25da9ea60db422a666432857e2,buy,0x6d5cac36c1ae39f41d52393b7a425d0a610ad9f2,0xbe6c555c9c1a77b9ae2552ab570e56ca0942637cd2e044f24b284d632ef7558d
134,685.2750091,0.14733412695809764,0x3f441403c9f9f93b13711db4d4a2e4eed9ada767,2017-09-30T00:04:14.000Z,0.00021500000000233138,0x80cdc8b6887f0f25da9ea60db422a666432857e2,buy,0x6d5cac36c1ae39f41d52393b7a425d0a610ad9f2,0xaafe3a1f4e5051e90e26f5571626498d6bcb2c210a3af546e2ee28d17154a284
135,300,0.0645,0x256eacf081fb52502eff4ab4a379a4d40a8d47e9,2017-09-29T15:08:19.000Z,0.000215,0x80cdc8b6887f0f25da9ea60db422a666432857e2,buy,0x6d5cac36c1ae39f41d52393b7a425d0a610ad9f2,0xdf1fc4d1430190ec9348001cba433f08e7bbb11428d9c873e5db9075072fa475
136,130,0.02795,0x2327a6444cd8db310df525872f79dd6f032dffa0,2017-09-29T14:46:44.000Z,0.000215,0x80cdc8b6887f0f25da9ea60db422a666432857e2,buy,0x6d5cac36c1ae39f41d52393b7a425d0a610ad9f2,0xb0f860fc1218c4b5f5e19ff08a00d07f42803c876902f05ec7f6a555b009e606
137,100,0.158,0x853ae27010a6e0c3dc81c49d06fdf547d19d5e50,2017-09-29T13:59:43.000Z,0.00158,0xaafd254a77c454fa8590358af471458ae258e0c0,buy,0x6d5cac36c1ae39f41d52393b7a425d0a610ad9f2,0xb594aed69620bbc4939363372ba2d7bbe579e162ae6df2440f860c7f1d385489
138,2.56205762,0.0005508423883,0x2327a6444cd8db310df525872f79dd6f032dffa0,2017-09-29T11:00:59.000Z,0.000215,0x51a6a9ce17038ca77aed32d1391675ea040b1656,sell,0x6d5cac36c1ae39f41d52393b7a425d0a610ad9f2,0x72e7e5cd98d02d84590a85b233b08bf787d4640214710088e78b5d3484d238ce
139,100,0.0245,0xb8186b97012530dceadc931136bf6cc7e4237f10,2017-09-29T10:56:30.000Z,0.000245,0x51a6a9ce17038ca77aed32d1391675ea040b1656,sell,0x6d5cac36c1ae39f41d52393b7a425d0a610ad9f2,0x9911a92297906b74ba2f45c36bf345c484cb069f97da53e703133c8649f153b4
140,1.1,0.00385,0x58319288a01eff24620ee5237315f9e1e9dc0e36,2017-09-29T00:28:56.000Z,0.0035,0xe1226c4d0a752a3ef42ee783aa1b4ac1abe47a8e,buy,0x6d5cac36c1ae39f41d52393b7a425d0a610ad9f2,0xe72b874c215608a75fbed564369f1dd75694771407591a64d4639335f8d974a3
141,6,0.00954,0xb8186b97012530dceadc931136bf6cc7e4237f10,2017-09-28T18:30:32.000Z,0.00159,0x14f4a5bb864595ccc992b525d2ea48a849479a3a,buy,0x6d5cac36c1ae39f41d52393b7a425d0a610ad9f2,0x13467199ca1afdee19c500b2ba5b9dff7e927ba948724a25a9477a720bf67fac
142,1,0.00329,0xa0be78d2bac6a692adba423c7af50ec86a18bddf,2017-09-28T12:27:18.000Z,0.00329,0xaafd254a77c454fa8590358af471458ae258e0c0,buy,0x6d5cac36c1ae39f41d52393b7a425d0a610ad9f2,0x65d6c22cb754302574d13c95c22a24b94bbdac14fb6dcfe4dac3c7a1d247ca41
143,0.25,0.0015,0x0024a5046fd95c5eee6db19a69ef7ed3bacd50f1,2017-09-28T07:11:45.000Z,0.006,0x09d82d882b52025aca22da88aa53dc2c4f8dc205,buy,0x6d5cac36c1ae39f41d52393b7a425d0a610ad9f2,0x006b1785b0e48b8518185a5c82755940c29f915cc62ffa7156cb9ffc1ceb77c3
144,10,0.0021,0xe6dd3090003cf4da5e6e03b63260d08b0f60660a,2017-09-28T05:07:06.000Z,0.00021,0x09d82d882b52025aca22da88aa53dc2c4f8dc205,sell,0x6d5cac36c1ae39f41d52393b7a425d0a610ad9f2,0x73018b2a9e06fe685f39d699d0d49835922cd57ee81c900687fd2ddd60187f48
145,6.23068487,0.04984547901505333,0x1a287d60243965f7cee41892d207c67be8b3b411,2017-09-28T03:45:46.000Z,0.00800000000883584,0x1a287d60243965f7cee41892d207c67be8b3b411,buy,0x6d5cac36c1ae39f41d52393b7a425d0a610ad9f2,0x295547faab658e72c1692366d7c81266e2578131abf89d61741f2b8765348548
146,6.23068487,0.04984547901505333,0x1a287d60243965f7cee41892d207c67be8b3b411,2017-09-28T03:44:32.000Z,0.00800000000883584,0x1a287d60243965f7cee41892d207c67be8b3b411,buy,0x6d5cac36c1ae39f41d52393b7a425d0a610ad9f2,0x295547faab658e72c1692366d7c81266e2578131abf89d61741f2b8765348548
147,2,0.02,0x3e1efbdbf97ae2c12818d65416f4090870759016,2017-09-28T01:58:54.000Z,0.01,0x2327a6444cd8db310df525872f79dd6f032dffa0,sell,0x6d5cac36c1ae39f41d52393b7a425d0a610ad9f2,0x6533be2b7cc24f23a9e8ec5bc3b4b77cb3d8bea765252ee278daa2ea8a652f0a
