,amount,amountBase,buyer,date,price,seller,side,tokenAddr,txHash
0,1213.75274943,1.08388120524099,0x4c1a3b6e7641d3ba78f3b4504a106d07aca8018f,2017-11-02T15:47:30.000Z,0.000893,0xab296c308b24c972b60a662262f144eeefc27ec8,sell,0xd7631787b4dcc87b1254cfd1e5ce48e96823dee8,0x7568f601801421f394ec02749d9a9ce028e713edb160cd46030161abf0f3496b
1,1153.82953786,1.03036977730898,0x4c1a3b6e7641d3ba78f3b4504a106d07aca8018f,2017-11-02T15:31:25.000Z,0.000893,0xab296c308b24c972b60a662262f144eeefc27ec8,sell,0xd7631787b4dcc87b1254cfd1e5ce48e96823dee8,0xba1617c6f1bf5ed590a43e153d7d94bc0541f83d62c4854897121a85f82ea45f
2,64.09418911,0.05736590160817775,0x0f935f0343be7527facf5e4a3c547d25bdcb7942,2017-11-02T15:18:11.000Z,0.000895025,0xab296c308b24c972b60a662262f144eeefc27ec8,sell,0xd7631787b4dcc87b1254cfd1e5ce48e96823dee8,0x515d5879e08540a8e0de2fb0bdedc8f8ed259dd6d09f5eac44f3ce808916cb37
3,1099.91875732,0.9844283877201573,0x5e70df6141285385d68fef85f3597bf863936867,2017-11-02T15:15:48.000Z,0.000895001,0xab296c308b24c972b60a662262f144eeefc27ec8,sell,0xd7631787b4dcc87b1254cfd1e5ce48e96823dee8,0xfcdf17d7af8aee23a1f44017802953bad03744fd84d38596bcbc24d99e1c3916
4,33.14139253,0.02966237484916325,0x0f935f0343be7527facf5e4a3c547d25bdcb7942,2017-11-02T15:12:31.000Z,0.000895025,0xa99cf653d04615f6f8fd67be022ace6da458ffcb,sell,0xd7631787b4dcc87b1254cfd1e5ce48e96823dee8,0x949f413c8dc9135227873fc2ebf5a7ff40aa311f70696ebdd11ce96b3191703d
5,33.14139253,0.02966237484916325,0x0f935f0343be7527facf5e4a3c547d25bdcb7942,2017-11-02T15:11:50.000Z,0.000895025,0xa99cf653d04615f6f8fd67be022ace6da458ffcb,sell,0xd7631787b4dcc87b1254cfd1e5ce48e96823dee8,0x949f413c8dc9135227873fc2ebf5a7ff40aa311f70696ebdd11ce96b3191703d
6,2999,3.295901,0x2b8783b06bdb601567eb2a635cba3adb1dcc2341,2017-11-02T15:10:42.000Z,0.001099,0x303d0e1ec982df5d681f7c5c0d323619fdfb8cf7,buy,0xd7631787b4dcc87b1254cfd1e5ce48e96823dee8,0xffee65af1f8cf39b059726cf05fdf0b2a7dd096c79d7d18e1fe61ede9af02f66
7,1,0.009999999,0x5171e55e910d7775890a995783a98f901f458f27,2017-11-02T15:06:04.000Z,0.009999999,0xf36990a2cb4d609e0a7d4f3bf884c0342d81fd3d,buy,0xd7631787b4dcc87b1254cfd1e5ce48e96823dee8,0x7266d206903c60254a8ca5e887e88e800b19e6d797e86a084a2a3e78dbd30967
8,1113.94677314,0.9969823619603,0x4c1a3b6e7641d3ba78f3b4504a106d07aca8018f,2017-11-02T15:02:41.000Z,0.000895,0xab296c308b24c972b60a662262f144eeefc27ec8,sell,0xd7631787b4dcc87b1254cfd1e5ce48e96823dee8,0x5fe6ec90e739f9ae23288a1a6d2c01d6563e9e714cb1a206b5b808553e6b8a6d
9,0.08124268,0.00007271227984268,0x5e70df6141285385d68fef85f3597bf863936867,2017-11-02T15:01:32.000Z,0.000895001,0xab296c308b24c972b60a662262f144eeefc27ec8,sell,0xd7631787b4dcc87b1254cfd1e5ce48e96823dee8,0xf5bc7d20d4536abb2caf7c6bd17499d5ce30379cd0d490a8770dccba3118285b
10,0.394,0.00788,0x5171e55e910d7775890a995783a98f901f458f27,2017-11-02T14:54:54.000Z,0.02,0xe3cee2600457d86a9f9644f3b0986c60b4064dbb,buy,0xd7631787b4dcc87b1254cfd1e5ce48e96823dee8,0xfad50a014533d1060fbf666007e8d70bebdbb2e39b130aacce32bb4229117773
11,0.03488188,0.00872047,0x5171e55e910d7775890a995783a98f901f458f27,2017-11-02T14:54:10.000Z,0.25,0x1a6b3ff9c17ba22980281cf2a5fa829b994bbd20,buy,0xd7631787b4dcc87b1254cfd1e5ce48e96823dee8,0x87e9d167621d229f6afed1b1c12257280ae1dd5c61dda83a868e9f56431aaefe
12,0.48076923,0.0005,0x4fda9e6bcd83af6c5cc771b5d20accc2b7720074,2017-11-02T14:50:28.000Z,0.001040000001664,0xe79b8a7d68cc48da7d456b9b202279d68fa88c32,buy,0xd7631787b4dcc87b1254cfd1e5ce48e96823dee8,0x320018d074f90f02ec24b8e1655edbe947bd037f02491c712155ffeb8390d0ba
13,814.94526628,0.7293760133206,0x4c1a3b6e7641d3ba78f3b4504a106d07aca8018f,2017-11-02T14:48:22.000Z,0.000895,0xab296c308b24c972b60a662262f144eeefc27ec8,sell,0xd7631787b4dcc87b1254cfd1e5ce48e96823dee8,0x666aee80f30717c64789f4efbe5d14c84e4619ea636dfa622ec75e3a4205c408
14,0.48076923,0.0005,0x3075f7f189912f4f425dd7021b9c396434197477,2017-11-02T14:39:58.000Z,0.001040000001664,0x13a3a97c18774ba1a84618df3bc8482800a6ceff,buy,0xd7631787b4dcc87b1254cfd1e5ce48e96823dee8,0x178b1b07ea63909725f5d6086468c0da263664cc410a8f33fd36d3fe300c3307
15,1,0.00105,0xe1fa699860444be91d366c21de8fef56e3dec77a,2017-11-02T14:16:54.000Z,0.00105,0xe79b8a7d68cc48da7d456b9b202279d68fa88c32,buy,0xd7631787b4dcc87b1254cfd1e5ce48e96823dee8,0x8d7bbde1205b368841a0992d7583b5845d8fb2b730e9f3be550afc8b6a5db7ca
16,644.35250722,0.57411808393302,0x47cce6037f4aa5e75c99054a0468f4161362a4a5,2017-11-02T14:02:58.000Z,0.000891,0x46dc6b56513ae75026900e7fd27aaf835cd0163a,sell,0xd7631787b4dcc87b1254cfd1e5ce48e96823dee8,0x784cb84228edd83ff1e9773ce9526a04cce821397696d50d6672e1f53a2472a8
17,644.35250722,0.57411808393302,0x47cce6037f4aa5e75c99054a0468f4161362a4a5,2017-11-02T14:02:28.000Z,0.000891,0x46dc6b56513ae75026900e7fd27aaf835cd0163a,sell,0xd7631787b4dcc87b1254cfd1e5ce48e96823dee8,0x784cb84228edd83ff1e9773ce9526a04cce821397696d50d6672e1f53a2472a8
18,350,0.315,0xc83c319ee0a00b70a6e96e615393fc9374a45813,2017-11-02T13:54:51.000Z,0.0009,0x46dc6b56513ae75026900e7fd27aaf835cd0163a,sell,0xd7631787b4dcc87b1254cfd1e5ce48e96823dee8,0x115ace4e7fbf53627d1d5da0107c803d6f287cac545045abefdbbf9b5d70bade
19,93,0.09765,0x98d5665733f94c30848d7e1accf4d6a2ddd22142,2017-11-02T13:01:34.000Z,0.00105,0xe79b8a7d68cc48da7d456b9b202279d68fa88c32,buy,0xd7631787b4dcc87b1254cfd1e5ce48e96823dee8,0x79289c58c75931104c37b4e98946c2f6a873d378458561c807aff3adcf1ef8d5
20,988.907,0.93946165,0x47cce6037f4aa5e75c99054a0468f4161362a4a5,2017-11-02T12:31:42.000Z,0.00095,0x74f355aeddfe000c50701d15594e37af63fddaa4,buy,0xd7631787b4dcc87b1254cfd1e5ce48e96823dee8,0xb6f8b51bdf65d19a8b5cbf284c06fd9a42215adc52a95ead1779f918c191fa00
21,0.23117189,0.00019765196595,0xa99cf653d04615f6f8fd67be022ace6da458ffcb,2017-11-02T11:25:14.000Z,0.000855,0xb67b3573dc6331056ca15205e53668ff9cd30145,sell,0xd7631787b4dcc87b1254cfd1e5ce48e96823dee8,0xc9366ad1da4821222481bafaf1d916de613626c9c1513ddc948fb45ea8497ac7
22,33,0.028215,0xa99cf653d04615f6f8fd67be022ace6da458ffcb,2017-11-02T11:23:30.000Z,0.000855,0xb67b3573dc6331056ca15205e53668ff9cd30145,sell,0xd7631787b4dcc87b1254cfd1e5ce48e96823dee8,0xd0b0bae4719a683513a452d8a3c1babbe7246646d2df37156cb82f6ef985a949
23,524.80782379,0.49856743260911995,0x4be2166a8dbe25e79a9b30b4ce26858e10d21e92,2017-11-02T11:22:31.000Z,0.000950000000016425,0x74f355aeddfe000c50701d15594e37af63fddaa4,buy,0xd7631787b4dcc87b1254cfd1e5ce48e96823dee8,0xccd25fff1701dc675809929b88b9511ad5af7260ff79fe0a833460343b800a71
24,4.94888635,0.004355019988,0x74f355aeddfe000c50701d15594e37af63fddaa4,2017-11-02T11:18:42.000Z,0.00088,0xb67b3573dc6331056ca15205e53668ff9cd30145,sell,0xd7631787b4dcc87b1254cfd1e5ce48e96823dee8,0x97c37ce30eb0851ae5f7ee8593a0f9392d153ad69e71c9e11fcfcb2d43503da3
25,0.05111365,0.000044980012,0x74f355aeddfe000c50701d15594e37af63fddaa4,2017-11-02T11:00:57.000Z,0.00088,0x895837475a1652187d61cbe530ec66b1cb06c35b,sell,0xd7631787b4dcc87b1254cfd1e5ce48e96823dee8,0x617b0d3734e8e8c6bde91b69f60ac3c33bc92c821f4cf4c17e7a4b729f94ce6e
26,512.72105402,0.43683833802504,0x8732967a5ececa2986ae8457669e40b6890fe9a8,2017-11-02T10:50:04.000Z,0.000852,0x895837475a1652187d61cbe530ec66b1cb06c35b,sell,0xd7631787b4dcc87b1254cfd1e5ce48e96823dee8,0x5ae0b96b72261998db261a3d82f11e2fd589882edc6fe5658bd2ea3b2410c266
27,1951.84745347,1.854255080802861,0x9e1477cd68e8e375705ccb3dcf5764fe901de3ef,2017-11-02T10:47:24.000Z,0.0009500000000032589,0x74f355aeddfe000c50701d15594e37af63fddaa4,buy,0xd7631787b4dcc87b1254cfd1e5ce48e96823dee8,0x26196358a6798be0621cc970204c4a97b7f56d8d8c1672d5f0aa2e7087f048f7
28,34.43740368,0.03271553349818365,0x9e1477cd68e8e375705ccb3dcf5764fe901de3ef,2017-11-02T10:42:38.000Z,0.0009500000000634093,0x74f355aeddfe000c50701d15594e37af63fddaa4,buy,0xd7631787b4dcc87b1254cfd1e5ce48e96823dee8,0xbc23e917eef11bc4e1937e65ff7c38e8b19d82ba1e6bbbbcecadec278286430c
29,1,0.00109,0x5a86ebf9a0e6f8181ed5143557f7b8ba89957fcc,2017-11-02T10:28:21.000Z,0.00109,0x303d0e1ec982df5d681f7c5c0d323619fdfb8cf7,buy,0xd7631787b4dcc87b1254cfd1e5ce48e96823dee8,0x04bcdc90345285c78161abc502c64d5b7f66ea672d2215fe18ed33df9bfa45a2
30,129.58949974,0.110151074779,0x5bd1f24222d93617557c3c504f30304399fc54ee,2017-11-02T09:42:54.000Z,0.00085,0xa99cf653d04615f6f8fd67be022ace6da458ffcb,sell,0xd7631787b4dcc87b1254cfd1e5ce48e96823dee8,0x70a9b5fcbbbeee4488b6c544ca54dfb6be677acd8123ac1dfbab7c51dd97d789
31,150.52779043,0.12403489931432002,0x5bd1f24222d93617557c3c504f30304399fc54ee,2017-11-02T09:17:47.000Z,0.0008240000000000001,0x6d34cc1943cb0e68899d9998ce4da5f13b03381e,buy,0xd7631787b4dcc87b1254cfd1e5ce48e96823dee8,0x9e36e9d9ca55ba4df418822a6c872769d5eb1314485170247739fde675ab91d9
32,184.91579294,0.27940794804813296,0x1c39c4a38ced25b4cf306d0ebfbd1fdd7d33d917,2017-11-02T09:02:32.000Z,0.001511001,0x5ae933bfbbaa04c3e05ae56295138174ada9799c,sell,0xd7631787b4dcc87b1254cfd1e5ce48e96823dee8,0x12b8ad9651bc5adb3aa3f16474bc8cd870930c99b45f6b8955846a631bc89476
33,185.47220956,0.15282910068567998,0x5ae933bfbbaa04c3e05ae56295138174ada9799c,2017-11-02T09:02:32.000Z,0.000824000000044427,0x6d34cc1943cb0e68899d9998ce4da5f13b03381e,buy,0xd7631787b4dcc87b1254cfd1e5ce48e96823dee8,0x12b8ad9651bc5adb3aa3f16474bc8cd870930c99b45f6b8955846a631bc89476
34,647.99122719,0.4795135081206,0xa99cf653d04615f6f8fd67be022ace6da458ffcb,2017-11-02T08:47:37.000Z,0.00074,0x87f9e3b0b635a6d9a13660c759aef933834c3029,sell,0xd7631787b4dcc87b1254cfd1e5ce48e96823dee8,0x580dfec649a2646297a91b14f8e28f3d0bbc7e5ac84c4c61a005bb1cab13f172
35,100,0.0824,0x13e30619dde7b1cf224d4ec675dac9cce95a9cdc,2017-11-02T08:45:38.000Z,0.000824,0x6d34cc1943cb0e68899d9998ce4da5f13b03381e,buy,0xd7631787b4dcc87b1254cfd1e5ce48e96823dee8,0x65eb34d9b033e35455e8d6f91b1273f5a5677106599bc8c6e0db7feb4f015f40
36,2790.84837005,1.98987488784565,0x583b640795999aa2bb22c1a62a91336ff9d325bb,2017-11-02T08:24:06.000Z,0.000713,0x66efc7e680ce5248af53173e97ad95d2432bf862,sell,0xd7631787b4dcc87b1254cfd1e5ce48e96823dee8,0x205231c9040c346c985a2f21b26834dfca054381e3f367428802b7308de70107
37,4500,3.2535045,0x6b0c0f53be0a03e3b68d88f21cb99944d36e87db,2017-11-02T08:23:14.000Z,0.000723001,0x66efc7e680ce5248af53173e97ad95d2432bf862,sell,0xd7631787b4dcc87b1254cfd1e5ce48e96823dee8,0x006c32e68df9a1ba30a8ed0fe77c984d7f8964ddf206c01a30a426fa941a775d
38,1,0.001200001,0xc2c9e7a31b7f658f912a73f4a71c3ee5115e457f,2017-11-02T07:47:40.000Z,0.001200001,0x2ff150f30662f22ccc8d0ebca52f7c8de59837a3,buy,0xd7631787b4dcc87b1254cfd1e5ce48e96823dee8,0xb133e603ef8392257574dd83b2516743bc2956d71bcaf37ba607752d2454dc0c
39,3500,2.8,0x74f355aeddfe000c50701d15594e37af63fddaa4,2017-11-02T06:48:08.000Z,0.0008,0x016760fda8ac182ab9c3a4aef580a85cb1f089a4,sell,0xd7631787b4dcc87b1254cfd1e5ce48e96823dee8,0xa650dd7bc84b679cac6c1641246a3486de0e45fa332338e7a75848085a037dab
40,40,0.032,0x218356b4362ad3b37acab77042b898e408057394,2017-11-02T06:48:08.000Z,0.0008,0x016760fda8ac182ab9c3a4aef580a85cb1f089a4,sell,0xd7631787b4dcc87b1254cfd1e5ce48e96823dee8,0x21399bce9bac63ccf762c343f564d9a95867fd6ba96b55d20245be5d92a1f9ea
41,100,0.0814,0xc72c2aae3fb9b076ed4cce2147d033a1ad880138,2017-11-02T06:48:08.000Z,0.000814,0x016760fda8ac182ab9c3a4aef580a85cb1f089a4,sell,0xd7631787b4dcc87b1254cfd1e5ce48e96823dee8,0xd331954b171fa4556dbeafbd13adca8527d2de659e02d705cc51413a840ef6cb
42,15.872,0.019205167616,0xaa5a8763179d7e24b0230e981cf7cd5d9fa7cff8,2017-11-02T06:36:25.000Z,0.001210003,0x016760fda8ac182ab9c3a4aef580a85cb1f089a4,sell,0xd7631787b4dcc87b1254cfd1e5ce48e96823dee8,0x65575d013622241484b86a69190c860547a5bc47fa539de1da84ea00f5f82263
43,1650,1.5675,0x47cce6037f4aa5e75c99054a0468f4161362a4a5,2017-11-02T06:36:21.000Z,0.00095,0x016760fda8ac182ab9c3a4aef580a85cb1f089a4,sell,0xd7631787b4dcc87b1254cfd1e5ce48e96823dee8,0x930b78430baa910053a72b657e060848522d6701658d7df524d996d7f5a2aed6
44,27.20619558,0.03264746190219558,0xf44072eda87ede9613b6ae1b812de8a60ade27a2,2017-11-02T06:04:58.000Z,0.001200001,0x9e1477cd68e8e375705ccb3dcf5764fe901de3ef,buy,0xd7631787b4dcc87b1254cfd1e5ce48e96823dee8,0x3f37398730f97a416951e286bb8fad0b3d64b912e39a436d3b39d84b0ae96a38
45,27.12457699,0.04179897314159,0xe0775a00891e3f5896ab55811fbc2132c7cdb842,2017-11-02T06:04:58.000Z,0.001541,0xf44072eda87ede9613b6ae1b812de8a60ade27a2,sell,0xd7631787b4dcc87b1254cfd1e5ce48e96823dee8,0x3f37398730f97a416951e286bb8fad0b3d64b912e39a436d3b39d84b0ae96a38
46,300,0.3,0xca212cf5fecc9bb2bfa4a2cb3fc30cbc2d2c516a,2017-11-02T06:02:28.000Z,0.001,0x7e217bcc36159e8b8fa74079e36d150db6fe75b6,sell,0xd7631787b4dcc87b1254cfd1e5ce48e96823dee8,0x089f344039dc057e6dd98de06f9b287efc5e12c57c2eba7658526863fe172568
47,5392.29,5.39229539229,0x44cb3e93757202164e03e43827fedeeb9bbb143c,2017-11-02T06:02:05.000Z,0.001000001,0xacb3144d8c29c9909bbb51ed3b9b49e6456539da,sell,0xd7631787b4dcc87b1254cfd1e5ce48e96823dee8,0x4018c703bf92e055a672a4767a37e0d8ac1bbb1c81e5cc264333947fc4ddce64
48,5000,5.000005,0x44cb3e93757202164e03e43827fedeeb9bbb143c,2017-11-02T06:00:32.000Z,0.001000001,0x7e217bcc36159e8b8fa74079e36d150db6fe75b6,sell,0xd7631787b4dcc87b1254cfd1e5ce48e96823dee8,0xf55671467214f3daea32526252569ae7576ffe928696cb6c953872f00c9a199b
49,10,0.01000001,0x44cb3e93757202164e03e43827fedeeb9bbb143c,2017-11-02T05:59:38.000Z,0.001000001,0x7e217bcc36159e8b8fa74079e36d150db6fe75b6,sell,0xd7631787b4dcc87b1254cfd1e5ce48e96823dee8,0xe6d017c750127fcbabbd59b88d8dbd362c8194a74642014afa7a9cf6c4b6a913
50,9597.70957167,9.597719169379571,0x44cb3e93757202164e03e43827fedeeb9bbb143c,2017-11-02T05:59:38.000Z,0.001000001,0xb22d24c4100b9678c4fc07e49a40a5624c83f841,sell,0xd7631787b4dcc87b1254cfd1e5ce48e96823dee8,0x755703528f65e0feca7e651423a159e4242957d58febac17d6069cd7e5237970
51,14.12778582,0.01709466322555746,0xaa5a8763179d7e24b0230e981cf7cd5d9fa7cff8,2017-11-02T05:28:11.000Z,0.001210003,0x016760fda8ac182ab9c3a4aef580a85cb1f089a4,sell,0xd7631787b4dcc87b1254cfd1e5ce48e96823dee8,0xc9a5855ec1a97685ff2759f3b201808523284027a08d78ff6933291ac082ba13
52,19301.16644682,21.231283091502,0x44cb3e93757202164e03e43827fedeeb9bbb143c,2017-11-02T05:21:32.000Z,0.0011,0xb50612101abf7a079539ac33396fe52b24d59e81,sell,0xd7631787b4dcc87b1254cfd1e5ce48e96823dee8,0x1430ef2bc8565a5cd11475e391fad5acd8e1fe7b6043ac2c7549183a60048419
53,715.96595814,0.78827851991214,0x8f048bb48583c43e26655316e3c9a7130b644fbb,2017-11-02T05:19:05.000Z,0.001101,0xab296c308b24c972b60a662262f144eeefc27ec8,sell,0xd7631787b4dcc87b1254cfd1e5ce48e96823dee8,0x06f74a218073e2d0abf499ed9f015c47fd1a981c6b83a4a87633b285aa0c7e40
54,1057.611,1.2691332,0x34eec67ff1ae5febe8b32f6aa73f581ef410f2dd,2017-11-02T05:14:58.000Z,0.0012,0x016760fda8ac182ab9c3a4aef580a85cb1f089a4,sell,0xd7631787b4dcc87b1254cfd1e5ce48e96823dee8,0xfc58cacf741ab03f63fc916e975c6997674f132eaa4d8e508ca0170b0664b58e
55,142.38866605,0.17086639926,0x34eec67ff1ae5febe8b32f6aa73f581ef410f2dd,2017-11-02T04:47:15.000Z,0.0012,0xdb95ffc525554da455565b6f68c2c3b0b74e8a16,sell,0xd7631787b4dcc87b1254cfd1e5ce48e96823dee8,0xf65016517444e33c29dfb818063a0391246b7d63214ad0b2fd496d5ffa3243e1
56,275.28661151,0.330371462473151,0x510abf95d31b5bb8ce232ae5019a8c5cf2501cb3,2017-11-02T04:45:27.000Z,0.0012001,0xdb95ffc525554da455565b6f68c2c3b0b74e8a16,sell,0xd7631787b4dcc87b1254cfd1e5ce48e96823dee8,0x37f2f3036e5c97b9f450082120a7442ffa096727511133b0edced162b6d7f1c0
57,32.818,0.03970978,0xbcb614675176a6732901e9f3f4b29cd3ec534ed3,2017-11-02T04:44:38.000Z,0.00121,0xdb95ffc525554da455565b6f68c2c3b0b74e8a16,sell,0xd7631787b4dcc87b1254cfd1e5ce48e96823dee8,0xa656cd8dc75a91cd3299230e0960924c0000cd232135142d5bbe6be963bdb9c6
58,33.04187811,0.03998073859685622,0x090ca68cfae0b4fdac317b45f1e20c81598468a6,2017-11-02T04:44:09.000Z,0.001210002,0xdb95ffc525554da455565b6f68c2c3b0b74e8a16,sell,0xd7631787b4dcc87b1254cfd1e5ce48e96823dee8,0x76cce71a782a775103aff0ed9a0e5bc6327adabf20f949e14c806f0f1190c962
59,800,0.96,0x34eec67ff1ae5febe8b32f6aa73f581ef410f2dd,2017-11-02T04:44:09.000Z,0.0012,0xdb95ffc525554da455565b6f68c2c3b0b74e8a16,sell,0xd7631787b4dcc87b1254cfd1e5ce48e96823dee8,0x37578615b73043a81cb3ba64fae352d60d7079bf159b444c599e92a8b4965b7a
60,624.71338849,0.749718537526849,0x510abf95d31b5bb8ce232ae5019a8c5cf2501cb3,2017-11-02T04:39:31.000Z,0.0012001,0xb22d24c4100b9678c4fc07e49a40a5624c83f841,sell,0xd7631787b4dcc87b1254cfd1e5ce48e96823dee8,0x3e86d4249870ac6815f513230a860e2d547c2d4abc99c20fb29459b86df03517
61,250,0.31,0x090ca68cfae0b4fdac317b45f1e20c81598468a6,2017-11-02T04:37:46.000Z,0.00124,0xb22d24c4100b9678c4fc07e49a40a5624c83f841,sell,0xd7631787b4dcc87b1254cfd1e5ce48e96823dee8,0xce0b4bdeba988c0fcdb98f9ec755f77705db10b93c4fc8412bee8dad0dff3bb0
62,1714.968,2.14371,0x681ba86651f392c04c077a53baf20e5f144526f0,2017-11-02T04:15:34.000Z,0.00125,0x6d34cc1943cb0e68899d9998ce4da5f13b03381e,sell,0xd7631787b4dcc87b1254cfd1e5ce48e96823dee8,0x13857a1daf6d94d6f0a65322d7862a58a3829991abbf9b52ac04d2dcfde8fc6b
63,985.03152825,1.2312894103125,0x681ba86651f392c04c077a53baf20e5f144526f0,2017-11-02T04:14:18.000Z,0.00125,0xf5e892df8898e39dce4b723992746dd365c9a869,sell,0xd7631787b4dcc87b1254cfd1e5ce48e96823dee8,0x22bd9ef8a2d4ee9b0f2774c186b60ae0c3eeab358dcd264c78104ad086399f66
64,166.026,0.20421198,0x34eec67ff1ae5febe8b32f6aa73f581ef410f2dd,2017-11-02T04:09:41.000Z,0.00123,0x14c32a94d825b0fbfc1a7024282f6bcaaa3082d1,sell,0xd7631787b4dcc87b1254cfd1e5ce48e96823dee8,0x7508c48d4fefb6e07ef769136ea8ac966351144bb932315d51e4b5ac01c7b52e
65,100,0.131,0x005d1231aa5a6c73eebbd495525f4c1a4b1f4af3,2017-11-02T04:06:48.000Z,0.00131,0x016760fda8ac182ab9c3a4aef580a85cb1f089a4,sell,0xd7631787b4dcc87b1254cfd1e5ce48e96823dee8,0x92b8c8bfe96468da868660b664ea40cba1d2c17af76d5c97369486cfed5257ae
66,99.2053185,0.122022541755,0x34eec67ff1ae5febe8b32f6aa73f581ef410f2dd,2017-11-02T03:52:55.000Z,0.00123,0x2fd4c73c123aea32f98d23beb4b2435a9d5249ff,sell,0xd7631787b4dcc87b1254cfd1e5ce48e96823dee8,0xd5cac7f65354c075b94d545f4157a8d83dcd7eba1b2ca1321b289a59900e22ea
67,453.76857781,0.5581353507063,0x34eec67ff1ae5febe8b32f6aa73f581ef410f2dd,2017-11-02T03:52:12.000Z,0.00123,0xbc046cdc98226d2f35a68f176b1a47e0dad404ec,sell,0xd7631787b4dcc87b1254cfd1e5ce48e96823dee8,0x80cd32e0c550c7c4192afe7d6168bef8315bc61fe2514c8e4eedc30bb6cd3ff0
68,281,0.34563,0x34eec67ff1ae5febe8b32f6aa73f581ef410f2dd,2017-11-02T03:51:59.000Z,0.00123,0x2fd4c73c123aea32f98d23beb4b2435a9d5249ff,sell,0xd7631787b4dcc87b1254cfd1e5ce48e96823dee8,0x8cc0c83c4352b2de53d8fa3701a391b580e34281e51d465ac5d557375eef120b
69,0.12509882,0.00022838866231412,0x407060a3e4d99b2fe851b90d72578e7aeeab7f4d,2017-11-02T03:51:09.000Z,0.001825666,0x0c8a9ea8a3844253eceb6a0301d7901119a6da8d,sell,0xd7631787b4dcc87b1254cfd1e5ce48e96823dee8,0x35c530f859676cab77858c0085df62266fde7eae746d52d481dfdf34b3f024f5
70,0.12547413,0.000188211195,0x0c8a9ea8a3844253eceb6a0301d7901119a6da8d,2017-11-02T03:51:09.000Z,0.0015,0xbc046cdc98226d2f35a68f176b1a47e0dad404ec,buy,0xd7631787b4dcc87b1254cfd1e5ce48e96823dee8,0x35c530f859676cab77858c0085df62266fde7eae746d52d481dfdf34b3f024f5
71,41.69960442,0.06254940663,0xf44072eda87ede9613b6ae1b812de8a60ade27a2,2017-11-02T03:50:49.000Z,0.0015,0xbc046cdc98226d2f35a68f176b1a47e0dad404ec,buy,0xd7631787b4dcc87b1254cfd1e5ce48e96823dee8,0x5c3b309e2c14b7b9bc4fb6606dac762159d973d5ab84dae7ca2b43fe5e949de2
72,41.5745056,0.0759011613407296,0x407060a3e4d99b2fe851b90d72578e7aeeab7f4d,2017-11-02T03:50:49.000Z,0.001825666,0xf44072eda87ede9613b6ae1b812de8a60ade27a2,sell,0xd7631787b4dcc87b1254cfd1e5ce48e96823dee8,0x5c3b309e2c14b7b9bc4fb6606dac762159d973d5ab84dae7ca2b43fe5e949de2
73,1000,1.22,0x34eec67ff1ae5febe8b32f6aa73f581ef410f2dd,2017-11-02T03:49:50.000Z,0.00122,0x2fd4c73c123aea32f98d23beb4b2435a9d5249ff,sell,0xd7631787b4dcc87b1254cfd1e5ce48e96823dee8,0x12c5d19328d4644e575dde906c3a1292787681f17e70541a56c67c129bfa665e
74,1.46658808,0.00267749999366128,0x407060a3e4d99b2fe851b90d72578e7aeeab7f4d,2017-11-02T03:47:37.000Z,0.001825666,0x34eec67ff1ae5febe8b32f6aa73f581ef410f2dd,sell,0xd7631787b4dcc87b1254cfd1e5ce48e96823dee8,0x9857d456e7f603e16f42dc4767aa842a506ac8a722d4f450667fb3bb8ceb3209
75,100,0.1210003,0xaa5a8763179d7e24b0230e981cf7cd5d9fa7cff8,2017-11-02T03:45:18.000Z,0.001210003,0x2fd4c73c123aea32f98d23beb4b2435a9d5249ff,sell,0xd7631787b4dcc87b1254cfd1e5ce48e96823dee8,0xebb2943f870945c6858efd8153ffcd10242c38e568f0d66a7e5025f0d7910e23
76,2.45088736,0.00447450172298176,0x407060a3e4d99b2fe851b90d72578e7aeeab7f4d,2017-11-02T03:43:37.000Z,0.001825666,0x34eec67ff1ae5febe8b32f6aa73f581ef410f2dd,sell,0xd7631787b4dcc87b1254cfd1e5ce48e96823dee8,0xa41148830139a0a8df4ade873adbdf1ecec5f55d8bf57fc9fde40c7aad09dd91
77,885.28708832,1.0711982621542884,0x8f048bb48583c43e26655316e3c9a7130b644fbb,2017-11-02T03:22:39.000Z,0.001210001,0xe1e1d0d73eeb29d0632bc4c7871bfc74dbed0741,sell,0xd7631787b4dcc87b1254cfd1e5ce48e96823dee8,0x5e622c32c43b58ccd652c668517d19c4a4cf74e52812c4bb4d7ba1c3af0a2667
78,3.38949257,0.00410128939919257,0x090ca68cfae0b4fdac317b45f1e20c81598468a6,2017-11-02T03:10:43.000Z,0.001210001,0xbc046cdc98226d2f35a68f176b1a47e0dad404ec,sell,0xd7631787b4dcc87b1254cfd1e5ce48e96823dee8,0x1ce35d1fcc897a92454360404a9c04ca284c4903943d5ac3677cb01ea1bb096b
79,4000,4.8008,0xc616023ea15e25653abccf7195500202b7397bf9,2017-11-02T02:54:11.000Z,0.0012002,0xa15fa94f5bf7b95066c1315095625d217792998d,sell,0xd7631787b4dcc87b1254cfd1e5ce48e96823dee8,0x34b2533150a908c4c8121cc1d1aebeb156e04d593afc32c059920f9f93842ba7
80,167.18173663,0.2022899013223,0xbcb614675176a6732901e9f3f4b29cd3ec534ed3,2017-11-02T02:53:34.000Z,0.00121,0xefa7abbd5fe2aef47b325619b0824d41835f5d6c,sell,0xd7631787b4dcc87b1254cfd1e5ce48e96823dee8,0x4a0f74a8185092056feb0b52c2407fd97028d3f7c29981ef3da99d1ca734e841
81,800,0.96008,0x510abf95d31b5bb8ce232ae5019a8c5cf2501cb3,2017-11-02T02:50:11.000Z,0.0012001,0xefa7abbd5fe2aef47b325619b0824d41835f5d6c,sell,0xd7631787b4dcc87b1254cfd1e5ce48e96823dee8,0xdec57aa01bba6b7d182d2a8d147c949a097c5bc1d1b643d3bace589ed8470dcc
82,800,0.96008,0x510abf95d31b5bb8ce232ae5019a8c5cf2501cb3,2017-11-02T02:50:11.000Z,0.0012001,0xefa7abbd5fe2aef47b325619b0824d41835f5d6c,sell,0xd7631787b4dcc87b1254cfd1e5ce48e96823dee8,0x10f4b0e063b6dfeec54aeea2252e856da83830e618fa99924c8b063811e7f1e4
83,138.84103425,0.20978894159278424,0x1c39c4a38ced25b4cf306d0ebfbd1fdd7d33d917,2017-11-02T02:46:43.000Z,0.001511001,0x9f14a821f23039266839233cd27d09e1eba9b83c,sell,0xd7631787b4dcc87b1254cfd1e5ce48e96823dee8,0x28e6ef1274c7bbdb6f11e3abd71cfc97b108dfe12c7ad57e43eafabd34949197
84,345,0.521640345,0x1c39c4a38ced25b4cf306d0ebfbd1fdd7d33d917,2017-11-02T02:46:00.000Z,0.001512001,0xf5e892df8898e39dce4b723992746dd365c9a869,sell,0xd7631787b4dcc87b1254cfd1e5ce48e96823dee8,0x768758ace8b3a2db8db047b8481d7fdce0cbe0ea5ac286e3ef11379185d4f0d4
85,1000,1.5,0x34eec67ff1ae5febe8b32f6aa73f581ef410f2dd,2017-11-02T02:45:49.000Z,0.0015,0x9f14a821f23039266839233cd27d09e1eba9b83c,sell,0xd7631787b4dcc87b1254cfd1e5ce48e96823dee8,0x970ecb14e5965805cf5374ea649e08585f8476fcf8c69367047db6343561e6f0
86,5,0.01,0xbe81618cf71d920f06f37feb0afd41912d9a2e1c,2017-11-02T02:41:14.000Z,0.002,0xefa7abbd5fe2aef47b325619b0824d41835f5d6c,buy,0xd7631787b4dcc87b1254cfd1e5ce48e96823dee8,0x1b1c7e9dd65096527ab0b42ff2bec8899fb2cbe4684ce6284e00b976daa9c5b3
87,584.60512428,0.701526149136,0x44cb3e93757202164e03e43827fedeeb9bbb143c,2017-11-02T02:41:02.000Z,0.0012,0xbcc356a0525b8d03f79a332d5f75cf09b4e6673e,sell,0xd7631787b4dcc87b1254cfd1e5ce48e96823dee8,0xae5bb052ea95e8b49d897c6c8db8d30bad40fd970d4d5083eeff38bb5bb6e58a
88,300,0.453,0x090ca68cfae0b4fdac317b45f1e20c81598468a6,2017-11-02T02:31:33.000Z,0.00151,0x1c39c4a38ced25b4cf306d0ebfbd1fdd7d33d917,sell,0xd7631787b4dcc87b1254cfd1e5ce48e96823dee8,0x1cde875b0a76e69fceb8eda0d0f6930b7ad4c6f0f5263822a9f087021028f1c0
89,190,0.285,0xdd25f1d4e8bf3703f9a5ef78fcf2d1a625c2a8c4,2017-11-02T02:28:26.000Z,0.0015,0x1c39c4a38ced25b4cf306d0ebfbd1fdd7d33d917,sell,0xd7631787b4dcc87b1254cfd1e5ce48e96823dee8,0x6ca26d7eac9e6acf4970edbbc8ca2db58f559bce6fd2eddc7476934bceceafb8
90,996.9095803,0.9969095803,0x34eec67ff1ae5febe8b32f6aa73f581ef410f2dd,2017-11-02T02:23:24.000Z,0.001,0xd11892c72e5527487966818fea4cf521acab0006,sell,0xd7631787b4dcc87b1254cfd1e5ce48e96823dee8,0x94a58f94a92efa9a61c8bc556c1af38d71b14f6e268d2d1e26003172274b574f
91,18.79380442,0.02896125261122,0xe0775a00891e3f5896ab55811fbc2132c7cdb842,2017-11-02T02:20:33.000Z,0.001541,0xf7f230532145602c704dde8c25265ccbddebd075,sell,0xd7631787b4dcc87b1254cfd1e5ce48e96823dee8,0x4b6cae6870ac6fa45d3396bb35e94545da295fdc095e6f01089b736276efdf4d
92,2299.109,2.7589308,0xd7a12a0492a1decdb8417734167c43c89ec802a8,2017-11-02T02:20:33.000Z,0.0012,0xa99cf653d04615f6f8fd67be022ace6da458ffcb,sell,0xd7631787b4dcc87b1254cfd1e5ce48e96823dee8,0x21beb27076c77e67427da53e00018da9dd36fb76876fc1f9e0d7e2244a4aceb9
93,315,0.47376,0x2773052087f99699013b4c06895fe69feebb4eee,2017-11-02T02:19:30.000Z,0.001504,0xa99cf653d04615f6f8fd67be022ace6da458ffcb,sell,0xd7631787b4dcc87b1254cfd1e5ce48e96823dee8,0x911c9e070e038060634de6fde47923fbbaf334e67ee4422285860855ddec19e2
94,4000,4.6,0x33fffeeeea6f309add7aba4b8da3a8cb33da19cf,2017-11-02T02:19:30.000Z,0.00115,0xa99cf653d04615f6f8fd67be022ace6da458ffcb,sell,0xd7631787b4dcc87b1254cfd1e5ce48e96823dee8,0x2aafe593c7602f7e47422b868364e5168864d80574de61699bbe64374c6a4919
95,2000,3.34,0xc3bc481f5d04b971e04f3d3b1210c3d728cf0738,2017-11-02T02:19:03.000Z,0.00167,0xa99cf653d04615f6f8fd67be022ace6da458ffcb,sell,0xd7631787b4dcc87b1254cfd1e5ce48e96823dee8,0x4647de186787f8097bf8b774de4eb782cc66c166c4f22dfddb8fcb33014b560d
96,1210,2.02201648,0x10b1d2b3dcc7d53d9d924d436a261674ce73a227,2017-11-02T02:19:03.000Z,0.001671088,0xa99cf653d04615f6f8fd67be022ace6da458ffcb,sell,0xd7631787b4dcc87b1254cfd1e5ce48e96823dee8,0xdec9259d12e8ce3e7d4ea396f6a52b7e538f73049318c40a4bfc71d2f321f119
97,23,0.04094,0x218356b4362ad3b37acab77042b898e408057394,2017-11-02T02:19:03.000Z,0.00178,0xa99cf653d04615f6f8fd67be022ace6da458ffcb,sell,0xd7631787b4dcc87b1254cfd1e5ce48e96823dee8,0x0d5dce78d8d579c3f1f0208d203484936c03ac4a057c5cb7086334b6a3639b9d
98,525,0.9454725,0x029fad5ca06e33602d8831347d6bae3bbda0a3e2,2017-11-02T02:19:03.000Z,0.0018009,0xa99cf653d04615f6f8fd67be022ace6da458ffcb,sell,0xd7631787b4dcc87b1254cfd1e5ce48e96823dee8,0x27af3f2ec83c4160894167886823aa9755f217ed027658d4773d15e34a304420
99,1263.75070088,1.7882110329973027,0x39cd66cf1a4e3c1c3664029bcfabf9ea6d832f12,2017-11-02T02:19:03.000Z,0.001415003,0xa99cf653d04615f6f8fd67be022ace6da458ffcb,sell,0xd7631787b4dcc87b1254cfd1e5ce48e96823dee8,0xa407ddb5e685ce8452b17e04f961b53d720d1e94f957db0b9664d282e7bdb74c
100,1490,2.9949,0xfbbed1ae2c9e6253224bea6e2cc176c0ec2b5e8c,2017-11-02T02:18:27.000Z,0.00201,0xa99cf653d04615f6f8fd67be022ace6da458ffcb,sell,0xd7631787b4dcc87b1254cfd1e5ce48e96823dee8,0xd7df5bf6e1efc8a2c527600af6a0c043c3ca411be240a47694510ef0912a60cf
101,8,0.02072,0xe3d0a0d0fcdab0f65f97c5e29b3d413e827ca3ce,2017-11-02T02:17:38.000Z,0.00259,0xdb039da8fc69a8882a40ac0b1e9cfd536d84e018,sell,0xd7631787b4dcc87b1254cfd1e5ce48e96823dee8,0x895b93784c373d7079e422b74d4783acb476a1bffcfca5f23ee2d20d4b4fed82
102,887.199,1.805898000495,0xe1e1d0d73eeb29d0632bc4c7871bfc74dbed0741,2017-11-02T02:16:41.000Z,0.002035505,0x14c32a94d825b0fbfc1a7024282f6bcaaa3082d1,sell,0xd7631787b4dcc87b1254cfd1e5ce48e96823dee8,0xd8a02adb456a7963ad3b202e49f693401ff93bb89d5da8a7170309de194561d6
103,1000,2.1,0x9f14a821f23039266839233cd27d09e1eba9b83c,2017-11-02T02:15:45.000Z,0.0021,0x14c32a94d825b0fbfc1a7024282f6bcaaa3082d1,sell,0xd7631787b4dcc87b1254cfd1e5ce48e96823dee8,0xe3175eb461a63ff6cb9847aa81788a198933b98d1a4cc974325f65970da840c2
104,1972.54620142,4.0239942508968,0x352d8117640f04b80377470634218c8129f3f48f,2017-11-02T02:14:56.000Z,0.00204,0x9778550d76b07ac9f5e57392f68ecdf6efc1774e,sell,0xd7631787b4dcc87b1254cfd1e5ce48e96823dee8,0x86f266da218203e9cfc7deb63f61d03bad87c9a017f09308e3e0d83d1f4bc6ec
105,199.193,0.5179018,0xc4a69c40c37a26cc54dc3fcd22eaa24e5a84dd52,2017-11-02T02:14:13.000Z,0.0026,0x9778550d76b07ac9f5e57392f68ecdf6efc1774e,sell,0xd7631787b4dcc87b1254cfd1e5ce48e96823dee8,0xd5d5de9d5eda61c03052a7fdd074fd6d223131e495cf799df0aa25b861bcd09e
106,2000,5.2,0xc4a69c40c37a26cc54dc3fcd22eaa24e5a84dd52,2017-11-02T02:13:01.000Z,0.0026,0x14c32a94d825b0fbfc1a7024282f6bcaaa3082d1,sell,0xd7631787b4dcc87b1254cfd1e5ce48e96823dee8,0x40fd3232f22ef1c537554b489aa2aeb1fd36f39051dc59d3789a189760f31f92
107,1000,2.7,0xd11892c72e5527487966818fea4cf521acab0006,2017-11-02T02:13:01.000Z,0.0027,0x14c32a94d825b0fbfc1a7024282f6bcaaa3082d1,sell,0xd7631787b4dcc87b1254cfd1e5ce48e96823dee8,0x106cd2fa6c223e5fd43b727500ead93d74a8372791b4f6c1adbbd8224221055f
108,5000,12.5001,0xe1e1d0d73eeb29d0632bc4c7871bfc74dbed0741,2017-11-02T02:13:01.000Z,0.00250002,0x14c32a94d825b0fbfc1a7024282f6bcaaa3082d1,sell,0xd7631787b4dcc87b1254cfd1e5ce48e96823dee8,0x4f55b98c66a1d15e5224fd0b33f0d0551df155907c2d507db15a8987e405b990
109,1800.80661256,4.682097192656,0xc4a69c40c37a26cc54dc3fcd22eaa24e5a84dd52,2017-11-02T02:12:16.000Z,0.0026,0x7773f3917d9e0007e9e56d21dc840357ce1aabc2,sell,0xd7631787b4dcc87b1254cfd1e5ce48e96823dee8,0xcb57e3134e86de83c9aa0affe81d8a3947d935dfb1b72f60383e9386a8ea959b
110,180,0.48888,0x9778550d76b07ac9f5e57392f68ecdf6efc1774e,2017-11-02T02:10:11.000Z,0.002716,0x88650fdbfbb5c7933eb52008c4387050b963747d,buy,0xd7631787b4dcc87b1254cfd1e5ce48e96823dee8,0xd2d92f64f0159fd5840fcfc1385190043ecfb0f5601ae5981bfb6b09c4c932f9
111,252,0.680482908,0x9778550d76b07ac9f5e57392f68ecdf6efc1774e,2017-11-02T02:10:11.000Z,0.002700329,0x396bcdca07a591e07505397116a3999df0c3275b,buy,0xd7631787b4dcc87b1254cfd1e5ce48e96823dee8,0x0bb38756d581fa18f207d95236ca621a4ac15ca8b97ae4948b419d6da8bf6bd6
112,1245.831,3.3637437,0x9778550d76b07ac9f5e57392f68ecdf6efc1774e,2017-11-02T02:10:11.000Z,0.0027,0xf28ed9fc6709eaa29bda58c00e4fcb969e9d826e,buy,0xd7631787b4dcc87b1254cfd1e5ce48e96823dee8,0xda16ebb5fb302922ae188eea8b6ad9972bcf2860379773b3e8c944b428606d6a
113,500,1.35,0x9778550d76b07ac9f5e57392f68ecdf6efc1774e,2017-11-02T02:09:52.000Z,0.0027,0xb60f7214c99f1ab22b9be518045cecfccde4fa54,buy,0xd7631787b4dcc87b1254cfd1e5ce48e96823dee8,0xee8c06346bec152f4e3ebf5ece78142780c49bac1737b2585e4df85e1357a7d1
114,60.302,0.16100634,0x9778550d76b07ac9f5e57392f68ecdf6efc1774e,2017-11-02T02:05:15.000Z,0.00267,0x34eec67ff1ae5febe8b32f6aa73f581ef410f2dd,buy,0xd7631787b4dcc87b1254cfd1e5ce48e96823dee8,0x1116727e6e2d7ac5dc098c4869757ac31c49d9bdb67143b246faa86d7cf2a08e
115,728.02067365,1.9429998155172554,0x9778550d76b07ac9f5e57392f68ecdf6efc1774e,2017-11-02T02:04:56.000Z,0.0026688800000360478,0x14c32a94d825b0fbfc1a7024282f6bcaaa3082d1,buy,0xd7631787b4dcc87b1254cfd1e5ce48e96823dee8,0x43b69173763956e700244b9f0f448af769ff66c7e11cb5d340562eda937c9980
116,1.97932634,0.005282584482744596,0x50b5567217ff469ab098bc24557d91ba80cbc14f,2017-11-02T02:02:16.000Z,0.002668880000225024,0x14c32a94d825b0fbfc1a7024282f6bcaaa3082d1,buy,0xd7631787b4dcc87b1254cfd1e5ce48e96823dee8,0x4f6163518dddd4b9b56cb25742f27c79ac989aeb83d3aa2cd91219e7a37a1b6a
117,170,0.4537096,0xbc046cdc98226d2f35a68f176b1a47e0dad404ec,2017-11-02T01:58:23.000Z,0.00266888,0x14c32a94d825b0fbfc1a7024282f6bcaaa3082d1,buy,0xd7631787b4dcc87b1254cfd1e5ce48e96823dee8,0x5230cd15445d9a5811b18352b6cdea6cadf7353a910de53ef292856c41a62a40
118,1939.69789993,5.178993392833376,0xa99cf653d04615f6f8fd67be022ace6da458ffcb,2017-11-02T01:53:56.000Z,0.002670000000010453,0x34eec67ff1ae5febe8b32f6aa73f581ef410f2dd,buy,0xd7631787b4dcc87b1254cfd1e5ce48e96823dee8,0xbd6f016948588e8c8a9040432b35b38054316954a47e2d7907e3650068ceb85f
119,500,1.3,0xa99cf653d04615f6f8fd67be022ace6da458ffcb,2017-11-02T01:52:53.000Z,0.0026,0x34eec67ff1ae5febe8b32f6aa73f581ef410f2dd,buy,0xd7631787b4dcc87b1254cfd1e5ce48e96823dee8,0xc35b0929aecc6f6cf6024c77a8f34a6440a65915dd87bd8873c72fd8f238df39
120,690,1.78572,0xa99cf653d04615f6f8fd67be022ace6da458ffcb,2017-11-02T01:52:30.000Z,0.002588,0x6e75788a7c37452bcf1f02ccdce8f56b49cb7d12,buy,0xd7631787b4dcc87b1254cfd1e5ce48e96823dee8,0x5e715fbdd341e73269879e243100f36c4f7ba4134aa2f545e7a9a0411815dae7
121,120,0.31056,0xbc046cdc98226d2f35a68f176b1a47e0dad404ec,2017-11-02T01:48:17.000Z,0.002588,0x6e75788a7c37452bcf1f02ccdce8f56b49cb7d12,buy,0xd7631787b4dcc87b1254cfd1e5ce48e96823dee8,0x7ab77849752a2c56bb8e06548799273e374a0969d1bb0dbbb3adc4d86bb4f64c
122,190,0.49172,0x2eb10106bd53c82e70e98182cae2b2876bed5d5e,2017-11-02T01:48:17.000Z,0.002588,0x6e75788a7c37452bcf1f02ccdce8f56b49cb7d12,buy,0xd7631787b4dcc87b1254cfd1e5ce48e96823dee8,0x122cf631956065deeef1215847962362755e33d83e8945a0b94015dccc760303
123,507,1.30806,0x0b5fa12490d99c67c5c5b1b4bb47e0d2a6504a18,2017-11-02T01:46:49.000Z,0.00258,0x895837475a1652187d61cbe530ec66b1cb06c35b,buy,0xd7631787b4dcc87b1254cfd1e5ce48e96823dee8,0xee130e9543b76880c8eca3b537fa972422ae9b716c992b359db949e1223eaf5f
124,1155.13551191,2.8878387797986416,0x0b5fa12490d99c67c5c5b1b4bb47e0d2a6504a18,2017-11-02T01:44:27.000Z,0.0025000000000204668,0xefa7abbd5fe2aef47b325619b0824d41835f5d6c,buy,0xd7631787b4dcc87b1254cfd1e5ce48e96823dee8,0x5405c51f6ca5d1274d6f24c15309a7a78a3c52852b5e43435a885dd9916b7cf5
125,2000,5.17999161,0x2eb10106bd53c82e70e98182cae2b2876bed5d5e,2017-11-02T01:43:58.000Z,0.002589995805,0x14c32a94d825b0fbfc1a7024282f6bcaaa3082d1,buy,0xd7631787b4dcc87b1254cfd1e5ce48e96823dee8,0xc758226d9ac7740d7e4e78ade71ddbc4013f88d387acc48b78d89a282414baa8
126,71.34952524,0.1783738131151331,0x0b5fa12490d99c67c5c5b1b4bb47e0d2a6504a18,2017-11-02T01:43:22.000Z,0.0025000000002120978,0xefa7abbd5fe2aef47b325619b0824d41835f5d6c,buy,0xd7631787b4dcc87b1254cfd1e5ce48e96823dee8,0x30d4306661e8d2ba1c249d154d6f1fb81b992ecd1760a7238579320be9f28fe2
127,473.51496283,1.1837874070862253,0xf7f230532145602c704dde8c25265ccbddebd075,2017-11-02T01:42:03.000Z,0.0025000000000237063,0xefa7abbd5fe2aef47b325619b0824d41835f5d6c,buy,0xd7631787b4dcc87b1254cfd1e5ce48e96823dee8,0x18ddf5bf6945a703d0d93c218c4abd6755003072e1041b011d7f8b27e08329dd
128,311.6685498,0.7791713745038877,0xf7f230532145602c704dde8c25265ccbddebd075,2017-11-02T01:40:45.000Z,0.002500000000012474,0x14c32a94d825b0fbfc1a7024282f6bcaaa3082d1,buy,0xd7631787b4dcc87b1254cfd1e5ce48e96823dee8,0xfce6546f8ea5d56ff4c586ea4b651295ee8af8bf8b283142651fa174b9f76b51
129,488.33145019,1.2208286254961123,0xf28ed9fc6709eaa29bda58c00e4fcb969e9d826e,2017-11-02T01:39:15.000Z,0.0025000000000432333,0x14c32a94d825b0fbfc1a7024282f6bcaaa3082d1,buy,0xd7631787b4dcc87b1254cfd1e5ce48e96823dee8,0xaad2d8d384e8e77810690ffd37f42bc9b9f350eb46cc4fd9f1faadcde336357d
130,142.27059536,0.35567648841071775,0x9f14a821f23039266839233cd27d09e1eba9b83c,2017-11-02T01:36:54.000Z,0.0025000000000753335,0xe5abf3af3ee314f895b2e86c7a2dd536fcb07d92,buy,0xd7631787b4dcc87b1254cfd1e5ce48e96823dee8,0x3449622a4a450f87b9748a8f9c38a6102ae6f2752fae2d7098a8a7a5b7175aec
131,390,1.0062,0xab296c308b24c972b60a662262f144eeefc27ec8,2017-11-02T01:35:43.000Z,0.00258,0x895837475a1652187d61cbe530ec66b1cb06c35b,buy,0xd7631787b4dcc87b1254cfd1e5ce48e96823dee8,0xeeee049cb28895a2f38ea494e2611fa84e03214e236fe76b1c61dd191d298848
132,160,0.4,0xbc046cdc98226d2f35a68f176b1a47e0dad404ec,2017-11-02T01:32:40.000Z,0.0025,0xe5abf3af3ee314f895b2e86c7a2dd536fcb07d92,buy,0xd7631787b4dcc87b1254cfd1e5ce48e96823dee8,0x921ca78e1b644b47898abae2533ffa61a3f736d709200c253bf92fef780c6faf
133,6,0.015,0x2fd4c73c123aea32f98d23beb4b2435a9d5249ff,2017-11-02T01:29:45.000Z,0.0025,0xe5abf3af3ee314f895b2e86c7a2dd536fcb07d92,buy,0xd7631787b4dcc87b1254cfd1e5ce48e96823dee8,0x893452c0ba9bb90080b18802f954d1669ec7157922333bebaafd9dddbd9f59f5
134,360,0.9,0x2fd4c73c123aea32f98d23beb4b2435a9d5249ff,2017-11-02T01:28:48.000Z,0.0025,0xe5abf3af3ee314f895b2e86c7a2dd536fcb07d92,buy,0xd7631787b4dcc87b1254cfd1e5ce48e96823dee8,0x6bb20e00946061ab1f15f618a8371c486805db6cc001dbf7fd21d16bd5b207b5
135,101.72940463,0.25432351158928224,0xa99cf653d04615f6f8fd67be022ace6da458ffcb,2017-11-02T01:28:23.000Z,0.0025000000001403947,0xe5abf3af3ee314f895b2e86c7a2dd536fcb07d92,buy,0xd7631787b4dcc87b1254cfd1e5ce48e96823dee8,0xa397f64ff9ecd1aa3b5961fd933275bf62982fb97df6135634320ef6b08da703
136,500,1.25,0xa99cf653d04615f6f8fd67be022ace6da458ffcb,2017-11-02T01:28:02.000Z,0.0025,0x34eec67ff1ae5febe8b32f6aa73f581ef410f2dd,buy,0xd7631787b4dcc87b1254cfd1e5ce48e96823dee8,0xfc7a6a87be1663191fb104c915ce3cbb8aa43b5e6c0a9cde620213b7df1bb18b
137,625.935,1.5648374999937407,0x2fd4c73c123aea32f98d23beb4b2435a9d5249ff,2017-11-02T01:26:47.000Z,0.00249999999999,0x9f14a821f23039266839233cd27d09e1eba9b83c,buy,0xd7631787b4dcc87b1254cfd1e5ce48e96823dee8,0x03294ba78d1451b2344044085f91dd81da4a6b652de8b5d650b5d92009c9d256
138,3000,7.5,0xa99cf653d04615f6f8fd67be022ace6da458ffcb,2017-11-02T01:26:47.000Z,0.0025,0x14c32a94d825b0fbfc1a7024282f6bcaaa3082d1,buy,0xd7631787b4dcc87b1254cfd1e5ce48e96823dee8,0xff3a18926a3145076d2ec2bd6ed754aa6161bb3c90ca68edde190375de5860b4
139,1800,4.48912449,0xa99cf653d04615f6f8fd67be022ace6da458ffcb,2017-11-02T01:25:51.000Z,0.00249395805,0x14c32a94d825b0fbfc1a7024282f6bcaaa3082d1,buy,0xd7631787b4dcc87b1254cfd1e5ce48e96823dee8,0x80d6184c6742eea76b8325b9dc28acd94f09dabeb0f57d9c91ee758f352e6e14
140,1114.64662173,2.781043321229978,0xa99cf653d04615f6f8fd67be022ace6da458ffcb,2017-11-02T01:25:51.000Z,0.002495000000012226,0xc3bc481f5d04b971e04f3d3b1210c3d728cf0738,buy,0xd7631787b4dcc87b1254cfd1e5ce48e96823dee8,0x0fd9ba4bbfc9f088528c5ea39bb240ff4b1161146ca36543a8042e673aed90b7
141,1241.787,3.090807843,0xa99cf653d04615f6f8fd67be022ace6da458ffcb,2017-11-02T01:25:32.000Z,0.002489,0xd59280c8ea49acd62c56d6bc5688324f07b95786,buy,0xd7631787b4dcc87b1254cfd1e5ce48e96823dee8,0x9df4b83ffb77bfb7e914478ab4853bef424d66c046e52f9ab9e0c72cb53da6d7
142,490.72085499,1.2243480424909785,0x2fd4c73c123aea32f98d23beb4b2435a9d5249ff,2017-11-02T01:23:59.000Z,0.002494999000024013,0xe85fd2aff6bd741e0e1aa82c5ed54cc57101589a,buy,0xd7631787b4dcc87b1254cfd1e5ce48e96823dee8,0xdcb79bc5e1353b8c75a5e8706bff96de075e5b1d41052c5ecec5c40456e29c83
143,2,0.00497912,0x2fd4c73c123aea32f98d23beb4b2435a9d5249ff,2017-11-02T01:21:46.000Z,0.00248956,0x8d6e0a79003a9d49e68a6b82bbd497189f019905,buy,0xd7631787b4dcc87b1254cfd1e5ce48e96823dee8,0xddbaae3e6ebf37ab7fd39aa70e16b870d840f9667150b99b32bd9810c88c8684
144,659.279145,1.6449008075090215,0x407060a3e4d99b2fe851b90d72578e7aeeab7f4d,2017-11-02T01:21:10.000Z,0.002494999000019971,0xe85fd2aff6bd741e0e1aa82c5ed54cc57101589a,buy,0xd7631787b4dcc87b1254cfd1e5ce48e96823dee8,0x3b69ee6404db8a7a165883b92538ac3b9548c2b3a8a761816248d2cf61ee1290
145,150,0.37424985,0xbc046cdc98226d2f35a68f176b1a47e0dad404ec,2017-11-02T01:12:56.000Z,0.002494999,0xe85fd2aff6bd741e0e1aa82c5ed54cc57101589a,buy,0xd7631787b4dcc87b1254cfd1e5ce48e96823dee8,0xa61b1327e05f3e3802b62792699a0bf9b5e1050eef9f5341e87dc3b6485f5b7f
146,1685.35337826,4.204956678770022,0xa99cf653d04615f6f8fd67be022ace6da458ffcb,2017-11-02T01:12:18.000Z,0.002495000000006718,0xc3bc481f5d04b971e04f3d3b1210c3d728cf0738,buy,0xd7631787b4dcc87b1254cfd1e5ce48e96823dee8,0x73b9160f0cd83f91c16f4eb76f2f2546cecb333323e87bb2843cccd102847a5e
147,699.882,1.749005118,0xa99cf653d04615f6f8fd67be022ace6da458ffcb,2017-11-02T01:09:29.000Z,0.002499,0x9cecc647ef6eda31aee29a24e021f145dc998f4d,buy,0xd7631787b4dcc87b1254cfd1e5ce48e96823dee8,0x7e017275465af71c94005d41a5893f2208811290e7f70e20e69be146f7755a96
148,168.448,0.4141378304,0xa99cf653d04615f6f8fd67be022ace6da458ffcb,2017-11-02T01:08:40.000Z,0.00245855,0x14c32a94d825b0fbfc1a7024282f6bcaaa3082d1,buy,0xd7631787b4dcc87b1254cfd1e5ce48e96823dee8,0x42753fe6cc4b82159a38b864a7fb4c5d1ec33317bf8acb0cd93f57d68d8d5ee8
149,1100,2.747644405,0xa99cf653d04615f6f8fd67be022ace6da458ffcb,2017-11-02T01:08:40.000Z,0.00249785855,0x14c32a94d825b0fbfc1a7024282f6bcaaa3082d1,buy,0xd7631787b4dcc87b1254cfd1e5ce48e96823dee8,0xab82028c748a2c4fbafbcdc5ff1cf8ff7d1faa8309d4310e401992c1408a7abb
150,9.57,0.01914,0xa11f36555b15d08f63fe4c1da229574871e1fdb1,2017-11-02T01:02:51.000Z,0.002,0xaa0ebc52aa88935610928a5e91af9cbefbf30111,sell,0xd7631787b4dcc87b1254cfd1e5ce48e96823dee8,0xbf311273d32faf17980488e56f657fecb8f5ea95a7f55c92ef787fe9f4ead97b
151,130,0.3004313,0xaa17a3fc761479d624c14b4027fe7d037de9faae,2017-11-02T01:00:43.000Z,0.00231101,0xaa0ebc52aa88935610928a5e91af9cbefbf30111,sell,0xd7631787b4dcc87b1254cfd1e5ce48e96823dee8,0x88d2b22c273fb3b526c8902a35ea9855c883010991fd66a2d3af5e7cf63f5c73
152,2081.5518676,5.117599344090313,0xa99cf653d04615f6f8fd67be022ace6da458ffcb,2017-11-02T01:00:17.000Z,0.002458550000001121,0x14c32a94d825b0fbfc1a7024282f6bcaaa3082d1,buy,0xd7631787b4dcc87b1254cfd1e5ce48e96823dee8,0xdb4829bbe236e5aaf740b4e8223ed1c91b777d3805258046bf52e8273b871042
153,897,2.19765,0xa99cf653d04615f6f8fd67be022ace6da458ffcb,2017-11-02T00:58:07.000Z,0.00245,0x895837475a1652187d61cbe530ec66b1cb06c35b,buy,0xd7631787b4dcc87b1254cfd1e5ce48e96823dee8,0xfbef79a48435302e13fe5943b7618c578214316923f339162465ab379423ef78
154,500,1.17,0xa99cf653d04615f6f8fd67be022ace6da458ffcb,2017-11-02T00:58:07.000Z,0.00234,0x34eec67ff1ae5febe8b32f6aa73f581ef410f2dd,buy,0xd7631787b4dcc87b1254cfd1e5ce48e96823dee8,0xea8ee16537869266ebebd174cc6c38ffeaf4f1916ce25a216462d4b0bc3dd70d
155,3999.993,9.5999832,0xa99cf653d04615f6f8fd67be022ace6da458ffcb,2017-11-02T00:57:20.000Z,0.0024,0xc8cec94b16f0d70a881c4620c7d4be425b2b2e7d,buy,0xd7631787b4dcc87b1254cfd1e5ce48e96823dee8,0x3235c6571246fda4869aada527cfe7f9f1af39f08984a768fc95af82acc81b18
156,0.00690413,0.000016569931878495,0xa99cf653d04615f6f8fd67be022ace6da458ffcb,2017-11-02T00:54:43.000Z,0.0024000028792179463,0xc8cec94b16f0d70a881c4620c7d4be425b2b2e7d,buy,0xd7631787b4dcc87b1254cfd1e5ce48e96823dee8,0x8ee18449bbe7333d946d4a921ed3818a9646c185b6495a50c232b9b6c6abaff4
157,500,1.15,0xe1e1d0d73eeb29d0632bc4c7871bfc74dbed0741,2017-11-02T00:53:32.000Z,0.0023,0x34eec67ff1ae5febe8b32f6aa73f581ef410f2dd,buy,0xd7631787b4dcc87b1254cfd1e5ce48e96823dee8,0x36a356f7e8d43ddf7b50f8c0069ed630825093d70622b9328912fd1fa7d70a8f
158,320.818,0.733710766,0xe1e1d0d73eeb29d0632bc4c7871bfc74dbed0741,2017-11-02T00:52:45.000Z,0.002287,0xd39dc2a2915aa94d2f03e9aa6d654d2e52239016,buy,0xd7631787b4dcc87b1254cfd1e5ce48e96823dee8,0x769de51abaa5dd5522ed614c9f149494eab3744270cec2aeed560c98f8410f43
159,897,2.053233,0xe1e1d0d73eeb29d0632bc4c7871bfc74dbed0741,2017-11-02T00:52:38.000Z,0.002289,0x895837475a1652187d61cbe530ec66b1cb06c35b,buy,0xd7631787b4dcc87b1254cfd1e5ce48e96823dee8,0x5568f665e62de4094773935badbb49cd402d57eca4fa4b9447168acc3a0d2a59
160,33.5,0.06365,0xa11f36555b15d08f63fe4c1da229574871e1fdb1,2017-11-02T00:43:21.000Z,0.0019,0xa15fa94f5bf7b95066c1315095625d217792998d,sell,0xd7631787b4dcc87b1254cfd1e5ce48e96823dee8,0x63630bca42be8108c2bd83e14e4a1f236c32715c58a5bd870868e9b2c7271d67
161,122.85456376,0.2887082248435677,0xb102be8c430b6a82f2a7af1317bfa67a782a0eec,2017-11-02T00:40:40.000Z,0.0023500000000615984,0x7a4fb0c165d417f0af77386754c397ff6243808e,buy,0xd7631787b4dcc87b1254cfd1e5ce48e96823dee8,0x9699481a2ee83d793053883e0e4a2855909f5d178dc13192dacc3bdd45b18cb4
162,721.23297801,1.6948974983244296,0x9e1477cd68e8e375705ccb3dcf5764fe901de3ef,2017-11-02T00:39:29.000Z,0.002350000000001289,0x7a4fb0c165d417f0af77386754c397ff6243808e,buy,0xd7631787b4dcc87b1254cfd1e5ce48e96823dee8,0x77cfdc1073717cf4b85e39beff9245f889b78bec4b57c238d9f30dce8225d3e7
163,1100,2.5737644405,0x016760fda8ac182ab9c3a4aef580a85cb1f089a4,2017-11-02T00:38:24.000Z,0.002339785855,0x14c32a94d825b0fbfc1a7024282f6bcaaa3082d1,buy,0xd7631787b4dcc87b1254cfd1e5ce48e96823dee8,0x559b0c1958cb8d233dde97f774bf312c5d3ebf57e62c29559d0e6a767b207d79
164,375,0.8775,0x016760fda8ac182ab9c3a4aef580a85cb1f089a4,2017-11-02T00:38:24.000Z,0.00234,0x240500a1a6262db06fa375155038a812c83aa982,buy,0xd7631787b4dcc87b1254cfd1e5ce48e96823dee8,0x60a586ce99f357184e2de9a225ef57bb40231b24904e5314478bd18f20e47584
165,14,0.0322,0x016760fda8ac182ab9c3a4aef580a85cb1f089a4,2017-11-02T00:37:50.000Z,0.0023,0xc8cec94b16f0d70a881c4620c7d4be425b2b2e7d,buy,0xd7631787b4dcc87b1254cfd1e5ce48e96823dee8,0x8f2441a6b858f645203bf53ce0d05855d641d99db4a693b507ba63f374a1288d
166,6,0.0138,0xbc046cdc98226d2f35a68f176b1a47e0dad404ec,2017-11-02T00:34:26.000Z,0.0023,0xc8cec94b16f0d70a881c4620c7d4be425b2b2e7d,buy,0xd7631787b4dcc87b1254cfd1e5ce48e96823dee8,0x3df478a5dfe334793fecd53478958f7a123a059bdd33775fbd607baa3da92a11
167,375,0.87375,0xab296c308b24c972b60a662262f144eeefc27ec8,2017-11-02T00:34:07.000Z,0.00233,0x293d5d17676ab4055476da1606b534d02214fc35,buy,0xd7631787b4dcc87b1254cfd1e5ce48e96823dee8,0xaee73eed6e6ce949c8ee05c96b66aaf04685b9612bd940802853f0aff26e0774
168,1274.9986869,2.996246914220915,0xbfaa871cc61533679fb74e583e2e023a920fb565,2017-11-02T00:31:28.000Z,0.002350000000004639,0x7a4fb0c165d417f0af77386754c397ff6243808e,buy,0xd7631787b4dcc87b1254cfd1e5ce48e96823dee8,0xe2abaadc7ef9f80605343c4d2dc60cebe706a8e18e8881f49123383b6a108ec2
169,750,1.7226439125,0x016760fda8ac182ab9c3a4aef580a85cb1f089a4,2017-11-02T00:27:29.000Z,0.00229685855,0x14c32a94d825b0fbfc1a7024282f6bcaaa3082d1,buy,0xd7631787b4dcc87b1254cfd1e5ce48e96823dee8,0x9fa337f932b7ebe0d4767d11e89838ef9cff68b75876068faac0e5732bc1b46c
170,850,1.9531797675,0x016760fda8ac182ab9c3a4aef580a85cb1f089a4,2017-11-02T00:27:29.000Z,0.00229785855,0x14c32a94d825b0fbfc1a7024282f6bcaaa3082d1,buy,0xd7631787b4dcc87b1254cfd1e5ce48e96823dee8,0x44ac382466de7081c0801d5a6a17581f16044acdc6b28fda4ac41685bbc7db0b
171,525.9358461,1.209652446039786,0x9f14a821f23039266839233cd27d09e1eba9b83c,2017-11-02T00:27:15.000Z,0.002300000000018607,0x745ccf2d819edbbddea8117b5c49ed3c2a066e93,buy,0xd7631787b4dcc87b1254cfd1e5ce48e96823dee8,0x50847fbff46572f9d296fbc9688055d22560bdc18bfd3bfaf8f81c82532bb8b3
172,2688.53956381,6.183640996784218,0xd6bc5140a70906cd32c0131c255d36fadeac65c0,2017-11-02T00:25:54.000Z,0.002300000000007892,0x745ccf2d819edbbddea8117b5c49ed3c2a066e93,buy,0xd7631787b4dcc87b1254cfd1e5ce48e96823dee8,0xb59a2b921337ada548cff351ceb7e5c8d99b979dd883db223587ba5826814e23
173,1304,2.9992,0xbfaa871cc61533679fb74e583e2e023a920fb565,2017-11-02T00:25:38.000Z,0.0023,0x745ccf2d819edbbddea8117b5c49ed3c2a066e93,buy,0xd7631787b4dcc87b1254cfd1e5ce48e96823dee8,0x1bf2778f20c8792d9f84bc8be72db7dce2a5d0a5f3631073c59ea29d0a217661
174,409.22448979,0.9412163265174718,0x0c7b4aad51f3911073c0ce821dc496537cbec6d6,2017-11-02T00:25:01.000Z,0.0023000000000011527,0x745ccf2d819edbbddea8117b5c49ed3c2a066e93,buy,0xd7631787b4dcc87b1254cfd1e5ce48e96823dee8,0x9e89a7b85b0cd724744011f227ae21c39e9c6ca4c36975cc95b74aa7c3b0c114
175,2900,6.67,0xff8f464f4a14dfce06a4ad48ccb8aadc9d2c675e,2017-11-02T00:23:57.000Z,0.0023,0x745ccf2d819edbbddea8117b5c49ed3c2a066e93,buy,0xd7631787b4dcc87b1254cfd1e5ce48e96823dee8,0x5c1fb04064a69da09bd36ae45caf237bc406cf43ae71373dfa524d7373944238
176,1229.83658435,2.828624144016059,0xf7f230532145602c704dde8c25265ccbddebd075,2017-11-02T00:20:41.000Z,0.0023000000000089923,0x745ccf2d819edbbddea8117b5c49ed3c2a066e93,buy,0xd7631787b4dcc87b1254cfd1e5ce48e96823dee8,0x219422050d9d9b0b092975597d515e5d22ddcb1bcd64a9c23ba6bd1109b42efc
177,169,0.3887,0xbfaa871cc61533679fb74e583e2e023a920fb565,2017-11-02T00:19:15.000Z,0.0023,0x745ccf2d819edbbddea8117b5c49ed3c2a066e93,buy,0xd7631787b4dcc87b1254cfd1e5ce48e96823dee8,0x99fe3b462a8bfa21a6dd1a417bad91a3a7ca2fa2896b5094532a0166c2063572
178,25,0.0562146375,0xbfaa871cc61533679fb74e583e2e023a920fb565,2017-11-02T00:17:29.000Z,0.0022485855,0x14c32a94d825b0fbfc1a7024282f6bcaaa3082d1,buy,0xd7631787b4dcc87b1254cfd1e5ce48e96823dee8,0x70533c5586ffd50b214ecdba4d7ec30a17a9439ecda3506c7c1a54b66ccd7f5e
179,130.642,0.29786376,0xbfaa871cc61533679fb74e583e2e023a920fb565,2017-11-02T00:17:29.000Z,0.00228,0x28bcd7d3f03a0f5ef0d8ec0397fbcc29181b1929,buy,0xd7631787b4dcc87b1254cfd1e5ce48e96823dee8,0x0b46f6e99d49d51deefd002b063c1b28262bfb920935a9451e31681b302a67c0
180,123.1769889,0.28330707447711706,0x016760fda8ac182ab9c3a4aef580a85cb1f089a4,2017-11-02T00:17:29.000Z,0.0023000000000577793,0x745ccf2d819edbbddea8117b5c49ed3c2a066e93,buy,0xd7631787b4dcc87b1254cfd1e5ce48e96823dee8,0xc3ea5e687dac3948e46ce5bae823c890bdbc2b7d00aa65f57337949ee9bfc8f1
181,650.28652702,1.495659012165348,0x1fab550d74813ccb753921a1599d1ccf6bac2925,2017-11-02T00:17:29.000Z,0.002300000000029753,0x745ccf2d819edbbddea8117b5c49ed3c2a066e93,buy,0xd7631787b4dcc87b1254cfd1e5ce48e96823dee8,0x20287f6680569c24cb6aef5ffcc8b230a3fca8becf4dcea3bd15bb9fea1803e1
182,985,2.2345567175,0xbfaa871cc61533679fb74e583e2e023a920fb565,2017-11-02T00:16:03.000Z,0.0022685855,0x14c32a94d825b0fbfc1a7024282f6bcaaa3082d1,buy,0xd7631787b4dcc87b1254cfd1e5ce48e96823dee8,0x34455b744fb2f6acb6c04356030c2ebe97842cb2bc6d2865408dbaa8cf51825a
183,665.26565454,1.5168056923537034,0x9e1477cd68e8e375705ccb3dcf5764fe901de3ef,2017-11-02T00:15:39.000Z,0.0022800000000037634,0x28bcd7d3f03a0f5ef0d8ec0397fbcc29181b1929,buy,0xd7631787b4dcc87b1254cfd1e5ce48e96823dee8,0xffd368e87d8251177c42b5ada2a4ebd8ed245044d48245e9d378d8ed6de332b0
184,900,2.02372695,0xb6a34bd460f02241e80e031023ec20ce6fc310ae,2017-11-02T00:13:50.000Z,0.0022485855,0x14c32a94d825b0fbfc1a7024282f6bcaaa3082d1,buy,0xd7631787b4dcc87b1254cfd1e5ce48e96823dee8,0xbd5e6830b249ba05a71b327b44ddaa636b530fac1e7b213e6d45af5729dfb01c
185,797,1.79325,0x016760fda8ac182ab9c3a4aef580a85cb1f089a4,2017-11-02T00:12:06.000Z,0.00225,0x895837475a1652187d61cbe530ec66b1cb06c35b,buy,0xd7631787b4dcc87b1254cfd1e5ce48e96823dee8,0x2aeb245dd94cfe104c9eddba2c039a6d4e68e8464c9c3f6b834df0b8c459d1b3
186,100,0.225,0x9f14a821f23039266839233cd27d09e1eba9b83c,2017-11-02T00:09:09.000Z,0.00225,0x895837475a1652187d61cbe530ec66b1cb06c35b,buy,0xd7631787b4dcc87b1254cfd1e5ce48e96823dee8,0xf87a96c213dc5e848088b44f57d1923e53530dbb95e7edb4dfa11a7a6218b86e
187,1000,2.21855,0x5c71f7ca58238adbffcb03ce76fb2f8640a015c5,2017-11-02T00:07:15.000Z,0.00221855,0x14c32a94d825b0fbfc1a7024282f6bcaaa3082d1,buy,0xd7631787b4dcc87b1254cfd1e5ce48e96823dee8,0xcf3902ce96b11862a2db0c86a160ff6d41d4af6a8de3e0f853560b5e6785e302
188,1000,2.218,0x5c71f7ca58238adbffcb03ce76fb2f8640a015c5,2017-11-02T00:06:34.000Z,0.002218,0x14c32a94d825b0fbfc1a7024282f6bcaaa3082d1,buy,0xd7631787b4dcc87b1254cfd1e5ce48e96823dee8,0x919c1f8107f6bc4b294dfc7b82f59131cac61ade10702dd8f8f9514113b8cdb5
189,84.62686342,0.18448656226690666,0x016760fda8ac182ab9c3a4aef580a85cb1f089a4,2017-11-02T00:06:34.000Z,0.002180000000133606,0xa09f5cb3088ba1beeb60f371349e209df1a77d92,buy,0xd7631787b4dcc87b1254cfd1e5ce48e96823dee8,0x4cba3a159925e292aaa35436d196f9edc9bca995d4b71e587d5f01c29c4e1d45
190,300,0.6626997,0x016760fda8ac182ab9c3a4aef580a85cb1f089a4,2017-11-02T00:06:34.000Z,0.002208999,0x1f8ca36ac1f0cdf50fd441a89b2d26d7375b14ab,buy,0xd7631787b4dcc87b1254cfd1e5ce48e96823dee8,0xf493ecd443b46dc747f5dc81c979998b0e5cd20d5c74da58482967863a6df086
191,0.03758757,0.000081940905380777,0x2fd4c73c123aea32f98d23beb4b2435a9d5249ff,2017-11-02T00:01:47.000Z,0.002180000073981292,0xa09f5cb3088ba1beeb60f371349e209df1a77d92,buy,0xd7631787b4dcc87b1254cfd1e5ce48e96823dee8,0x73ba73f4b41dce6efbaa16c07d7064c1b6be69fece4b02402b1cb8a5d6160241
192,38.29462153,0.08348227495315026,0xb67b3573dc6331056ca15205e53668ff9cd30145,2017-11-01T23:59:56.000Z,0.0021800000004635186,0xa09f5cb3088ba1beeb60f371349e209df1a77d92,buy,0xd7631787b4dcc87b1254cfd1e5ce48e96823dee8,0xb7eee6ae33d6d7e8d14c26b92de343c40899097b0b7233a0ab26f569d2b82f54
193,377.04092746,0.8219492218745623,0x2fd4c73c123aea32f98d23beb4b2435a9d5249ff,2017-11-01T23:59:56.000Z,0.0021800000000311965,0xa09f5cb3088ba1beeb60f371349e209df1a77d92,buy,0xd7631787b4dcc87b1254cfd1e5ce48e96823dee8,0xa8071459877a0dd1b3630effaa47768a7fcf744c83fee43e24130575c577cf86
194,828,1.828224,0x2fd4c73c123aea32f98d23beb4b2435a9d5249ff,2017-11-01T23:59:08.000Z,0.002208,0x14c32a94d825b0fbfc1a7024282f6bcaaa3082d1,buy,0xd7631787b4dcc87b1254cfd1e5ce48e96823dee8,0x72a263181f837df215a3dd75830f398721c00f133bb5c766edd4a55567ce819a
195,230,0.506,0x2fd4c73c123aea32f98d23beb4b2435a9d5249ff,2017-11-01T23:58:59.000Z,0.0022,0x1f8ca36ac1f0cdf50fd441a89b2d26d7375b14ab,buy,0xd7631787b4dcc87b1254cfd1e5ce48e96823dee8,0x04c2d28b955b112112cd6f838da7c5d7c749178e2f4f9148706aa61baba082a1
196,667,1.47407,0x9e1477cd68e8e375705ccb3dcf5764fe901de3ef,2017-11-01T23:44:55.000Z,0.00221,0x895837475a1652187d61cbe530ec66b1cb06c35b,buy,0xd7631787b4dcc87b1254cfd1e5ce48e96823dee8,0xf9f9a3c92dbd213ee7f525625739db62c7dd1f7e9fe0896de73dc52a4024f4f2
197,2000,4.444,0x5c71f7ca58238adbffcb03ce76fb2f8640a015c5,2017-11-01T23:42:12.000Z,0.002222,0x14c32a94d825b0fbfc1a7024282f6bcaaa3082d1,buy,0xd7631787b4dcc87b1254cfd1e5ce48e96823dee8,0xcd724a0ddf090f42b202a3b41b6460e4b35e218144a862eaa977a7dd3ecebf0b
198,230,0.483,0x1f8ca36ac1f0cdf50fd441a89b2d26d7375b14ab,2017-11-01T23:40:18.000Z,0.0021,0x895837475a1652187d61cbe530ec66b1cb06c35b,sell,0xd7631787b4dcc87b1254cfd1e5ce48e96823dee8,0xf48cd73051a6b4ff90f6688a0ad26580abb9f019886fe7e8f5f82ffce1be758a
199,2300,5.010665,0x2ca5d4d4b88416adaae673c75b3f52f342daab7c,2017-11-01T23:27:06.000Z,0.00217855,0x14c32a94d825b0fbfc1a7024282f6bcaaa3082d1,buy,0xd7631787b4dcc87b1254cfd1e5ce48e96823dee8,0x642eac5b3d6d38400cd85d0ce7ad7c110e254c4cc6a0d6da0e6461f12aade2af
200,270,0.58820715,0x2ca5d4d4b88416adaae673c75b3f52f342daab7c,2017-11-01T23:27:06.000Z,0.002178545,0x1f8ca36ac1f0cdf50fd441a89b2d26d7375b14ab,buy,0xd7631787b4dcc87b1254cfd1e5ce48e96823dee8,0x5061aa4a07f251ceeff6a91220653bc3925b050eedcb2b311a4a581ddc17fb28
201,710,1.546735,0x2ca5d4d4b88416adaae673c75b3f52f342daab7c,2017-11-01T23:26:13.000Z,0.0021785,0x1f8ca36ac1f0cdf50fd441a89b2d26d7375b14ab,buy,0xd7631787b4dcc87b1254cfd1e5ce48e96823dee8,0x6cd6de2f1e8c6e77db6e9da9167c2bbdc2a9d2cb658eacb47816a5fc5d431ed4
202,48,0.096408,0x9e1477cd68e8e375705ccb3dcf5764fe901de3ef,2017-11-01T23:23:10.000Z,0.0020085,0xe3cee2600457d86a9f9644f3b0986c60b4064dbb,sell,0xd7631787b4dcc87b1254cfd1e5ce48e96823dee8,0xe2e6d3ca3133ed26bc3aff584756ad0a090213f3cab5f19dc56e935eb9f279e6
203,496,1.0416,0x016760fda8ac182ab9c3a4aef580a85cb1f089a4,2017-11-01T23:11:09.000Z,0.0021,0x029fad5ca06e33602d8831347d6bae3bbda0a3e2,buy,0xd7631787b4dcc87b1254cfd1e5ce48e96823dee8,0xd94e0ed1cbb91d5d90543cf8d34187988e636c5d52ee42b259b93587e90af201
204,1524.89283222,2.897296381218,0x016760fda8ac182ab9c3a4aef580a85cb1f089a4,2017-11-01T23:07:12.000Z,0.0019,0x895837475a1652187d61cbe530ec66b1cb06c35b,sell,0xd7631787b4dcc87b1254cfd1e5ce48e96823dee8,0x8c29db4e699cdfdabef01299b02759437395428cc6eb6b2a0c3ab88063408058
205,140,0.24934,0x9769918b0b4c4e01555b2f6fd4dda7f35e2893bd,2017-11-01T23:05:17.000Z,0.001781,0x895837475a1652187d61cbe530ec66b1cb06c35b,sell,0xd7631787b4dcc87b1254cfd1e5ce48e96823dee8,0x486b805ff5d3c0654e5faf0cd01c6f02839de0bd8d180d9c210aa216412b8fdf
206,500,0.9004995,0x029fad5ca06e33602d8831347d6bae3bbda0a3e2,2017-11-01T23:05:02.000Z,0.001800999,0x895837475a1652187d61cbe530ec66b1cb06c35b,sell,0xd7631787b4dcc87b1254cfd1e5ce48e96823dee8,0xa5df1d97da6c6cd3a3b6d536c8f769cb091e6686f25bf155344734d398665764
207,270,0.48627,0x1f8ca36ac1f0cdf50fd441a89b2d26d7375b14ab,2017-11-01T23:04:59.000Z,0.001801,0x895837475a1652187d61cbe530ec66b1cb06c35b,sell,0xd7631787b4dcc87b1254cfd1e5ce48e96823dee8,0x9e09cfc9bfbd005d57ab3a1ac1042a868d71e9a262cbfae51ed1ac5b28830834
208,45.5,0.09555,0x016760fda8ac182ab9c3a4aef580a85cb1f089a4,2017-11-01T23:04:59.000Z,0.0021,0x29aac2e1ca6d776a646507acd32799a4d35a8532,buy,0xd7631787b4dcc87b1254cfd1e5ce48e96823dee8,0x4a42a95097ce35bb30108c5d20ef71ab9d680f89ccacc24ecc48fac3a519c87c
209,34,0.0714,0x016760fda8ac182ab9c3a4aef580a85cb1f089a4,2017-11-01T23:04:59.000Z,0.0021,0xe0775a00891e3f5896ab55811fbc2132c7cdb842,buy,0xd7631787b4dcc87b1254cfd1e5ce48e96823dee8,0xd8eba964127102d73292e94e46912635cbec1251770891905171edf6ee49ee0f
210,548.861,1.130024665294,0x016760fda8ac182ab9c3a4aef580a85cb1f089a4,2017-11-01T23:03:16.000Z,0.002058854,0xdc1999a7fbd1753278d9552e2e85454ac5fc9641,buy,0xd7631787b4dcc87b1254cfd1e5ce48e96823dee8,0xac5513e30cc3ca37f033b0856f7698f34ba8206aa484b91acec3a9c7f2fa7bff
211,435.78545262,0.89721862227096,0xab296c308b24c972b60a662262f144eeefc27ec8,2017-11-01T23:02:34.000Z,0.002058854000005651,0xdc1999a7fbd1753278d9552e2e85454ac5fc9641,buy,0xd7631787b4dcc87b1254cfd1e5ce48e96823dee8,0x44c31ab0f683d422ee662934494a0835db198190182bf8b4852634944947b890
212,413.60504649,0.8515524043881427,0x9e1477cd68e8e375705ccb3dcf5764fe901de3ef,2017-11-01T22:58:57.000Z,0.0020588540000048847,0xdc1999a7fbd1753278d9552e2e85454ac5fc9641,buy,0xd7631787b4dcc87b1254cfd1e5ce48e96823dee8,0x3ceef64bbc79b195e474ecc7974aea8fbf304efb2d8ab4415c4e0ff2010fbcae
213,240,0.494124,0x9e1477cd68e8e375705ccb3dcf5764fe901de3ef,2017-11-01T22:58:32.000Z,0.00205885,0x1f8ca36ac1f0cdf50fd441a89b2d26d7375b14ab,buy,0xd7631787b4dcc87b1254cfd1e5ce48e96823dee8,0xa04152568e7f022288c2a4389d98fdfbe27b0a0af634866aef374225dfec4181
214,647,1.32635,0x9e1477cd68e8e375705ccb3dcf5764fe901de3ef,2017-11-01T22:57:45.000Z,0.00205,0xa07643b4a26e0203a943ba272c773747573bfd70,buy,0xd7631787b4dcc87b1254cfd1e5ce48e96823dee8,0x76a8359300e7fc99e6d582522586504ec381fb6259086d091adcdf0bd8a480ab
215,1300,2.561,0xdd3aa93c2f291e77b31a9fabf2d818a9908f6d74,2017-11-01T22:44:36.000Z,0.00197,0x895837475a1652187d61cbe530ec66b1cb06c35b,sell,0xd7631787b4dcc87b1254cfd1e5ce48e96823dee8,0xc854d0daeb20ccfc405fdf5962c41c8a416f20486420922a1ac3e24f73d464fe
216,1250,2.5,0x1f8ca36ac1f0cdf50fd441a89b2d26d7375b14ab,2017-11-01T22:44:36.000Z,0.002,0x895837475a1652187d61cbe530ec66b1cb06c35b,sell,0xd7631787b4dcc87b1254cfd1e5ce48e96823dee8,0xaff6b65f9a9e57b90ee61e16c236466230a83d79e0654507ba75def70355d7ca
217,52.94,0.10899573076,0x016760fda8ac182ab9c3a4aef580a85cb1f089a4,2017-11-01T22:36:39.000Z,0.002058854,0xdc1999a7fbd1753278d9552e2e85454ac5fc9641,buy,0xd7631787b4dcc87b1254cfd1e5ce48e96823dee8,0xa23426c4e245fbe60fd1a7f5a908aa44ceb7378f5608924b3d8586283ed26d10
218,920.03750062,1.8911370825401284,0x016760fda8ac182ab9c3a4aef580a85cb1f089a4,2017-11-01T22:34:50.000Z,0.0020555000000170845,0x14c32a94d825b0fbfc1a7024282f6bcaaa3082d1,buy,0xd7631787b4dcc87b1254cfd1e5ce48e96823dee8,0xcd006c0a3b1ba3446211f56e7783a967d3e397a597b7b3132de4d2b452d90014
219,1459,2.9989745,0x016760fda8ac182ab9c3a4aef580a85cb1f089a4,2017-11-01T22:33:42.000Z,0.0020555,0x14c32a94d825b0fbfc1a7024282f6bcaaa3082d1,buy,0xd7631787b4dcc87b1254cfd1e5ce48e96823dee8,0x6cd5360630ec8f5ac254a8841f9bf697d6c8034f78b2c5f9daf2a66aa50afcf2
220,620.96249937,1.2763884174598716,0x9e1477cd68e8e375705ccb3dcf5764fe901de3ef,2017-11-01T22:33:05.000Z,0.002055500000007789,0x14c32a94d825b0fbfc1a7024282f6bcaaa3082d1,buy,0xd7631787b4dcc87b1254cfd1e5ce48e96823dee8,0x6a2c3765ef7e3fdd33d09cb4772fd6008d9347ddb249217e408dff07db52c894
221,624,1.18621776,0x9e1477cd68e8e375705ccb3dcf5764fe901de3ef,2017-11-01T22:23:52.000Z,0.00190099,0xd1086917ffe5bc399f4106cdd1f68031b85ea3fe,buy,0xd7631787b4dcc87b1254cfd1e5ce48e96823dee8,0xba9df7de72ae6f39db64e5b361f2e235a6215b2e57fcae13cc7269c8068f93b4
222,2000,4.11771,0x9778550d76b07ac9f5e57392f68ecdf6efc1774e,2017-11-01T22:06:19.000Z,0.002058855,0x14c32a94d825b0fbfc1a7024282f6bcaaa3082d1,buy,0xd7631787b4dcc87b1254cfd1e5ce48e96823dee8,0x46d962f8352f0adf1343238bf75872d98518fabe380c64b6f0ead3849f9f37c8
223,548.80846436,1.129916502082262,0x4be2166a8dbe25e79a9b30b4ce26858e10d21e92,2017-11-01T22:03:03.000Z,0.0020588540000014916,0xdc1999a7fbd1753278d9552e2e85454ac5fc9641,buy,0xd7631787b4dcc87b1254cfd1e5ce48e96823dee8,0xab960dcfd0d71cc3d8289064f072a05eac314fb77a4078639c20e0fb8507b651
224,27.298,0.05459572702,0x9778550d76b07ac9f5e57392f68ecdf6efc1774e,2017-11-01T22:02:35.000Z,0.00199999,0x510abf95d31b5bb8ce232ae5019a8c5cf2501cb3,buy,0xd7631787b4dcc87b1254cfd1e5ce48e96823dee8,0x95b418c879d0babd7465c9982fc7e9624e78d4703094646145e34f72176dee26
225,271.2,0.5424,0x4be2166a8dbe25e79a9b30b4ce26858e10d21e92,2017-11-01T22:02:08.000Z,0.002,0x6889b27a5cd045e3ca7129b80580ff7c66ae1bbe,buy,0xd7631787b4dcc87b1254cfd1e5ce48e96823dee8,0xb66b55bc79a5a203ddedbdab29ab06913e819b86717971c5d4e9254a26aff5d5
226,500,1,0xe1e1d0d73eeb29d0632bc4c7871bfc74dbed0741,2017-11-01T22:00:11.000Z,0.002,0xa07643b4a26e0203a943ba272c773747573bfd70,buy,0xd7631787b4dcc87b1254cfd1e5ce48e96823dee8,0xcf93bac6434b1a2e5a5f53b8c01ad28543ddc9172299590dc36752cb259ad397
227,1500,3,0xe1e1d0d73eeb29d0632bc4c7871bfc74dbed0741,2017-11-01T22:00:11.000Z,0.002,0xa943516b974a510715584788de53e27cd43c845c,buy,0xd7631787b4dcc87b1254cfd1e5ce48e96823dee8,0x0206dd0249d777ed4173f0af4c13668dcfcb7198324b899d0e0a372332792759
228,118.80131996,0.23760145191421203,0x1c39c4a38ced25b4cf306d0ebfbd1fdd7d33d917,2017-11-01T21:56:17.000Z,0.001999990000062387,0x510abf95d31b5bb8ce232ae5019a8c5cf2501cb3,buy,0xd7631787b4dcc87b1254cfd1e5ce48e96823dee8,0x863bf2e6969916164bf655bf26e8063c482f8927b2b67a47fc25d8d54c6c8a18
229,2353.90034298,4.70777714696337,0x068df68801f1e4129d3a3088e8d3f7538209aff0,2017-11-01T21:51:01.000Z,0.0019999900000028884,0x510abf95d31b5bb8ce232ae5019a8c5cf2501cb3,buy,0xd7631787b4dcc87b1254cfd1e5ce48e96823dee8,0x8182b8fa4af75448330ff1ca503610a3f5947e0a0a88abb096932d9425e799d4
230,85,0.1699915,0x068df68801f1e4129d3a3088e8d3f7538209aff0,2017-11-01T21:50:03.000Z,0.0019999,0x029fad5ca06e33602d8831347d6bae3bbda0a3e2,buy,0xd7631787b4dcc87b1254cfd1e5ce48e96823dee8,0xa59a41043811be092e662df90ac00d092634f159aa839872db64ae618777d2df
231,56.4746271,0.11229979599306517,0x068df68801f1e4129d3a3088e8d3f7538209aff0,2017-11-01T21:44:47.000Z,0.0019885000000834916,0x14c32a94d825b0fbfc1a7024282f6bcaaa3082d1,buy,0xd7631787b4dcc87b1254cfd1e5ce48e96823dee8,0x7d88af224bfcaaedac970a06d73267430fbb576ee02965a281c356ded0d8d157
232,68.52537289,0.13626270400693483,0xee88b84a838e94bf43d659b544fe847a0228cce7,2017-11-01T21:36:58.000Z,0.0019885000002213753,0x14c32a94d825b0fbfc1a7024282f6bcaaa3082d1,buy,0xd7631787b4dcc87b1254cfd1e5ce48e96823dee8,0xce0e2a15dd8d6e2a54d1ac86975dc1795aedccfe1eb8e347de36f229136de6a8
233,50,0.099999995,0xee88b84a838e94bf43d659b544fe847a0228cce7,2017-11-01T21:36:22.000Z,0.0019999999,0x029fad5ca06e33602d8831347d6bae3bbda0a3e2,sell,0xd7631787b4dcc87b1254cfd1e5ce48e96823dee8,0x76321d7678bcdabbb752615fc594ce61a6d33df0a32656d6b9abd5dd68fb0123
234,100,0.2,0xee88b84a838e94bf43d659b544fe847a0228cce7,2017-11-01T21:35:12.000Z,0.002,0x8a9b8e52258c65aef1acffef3e88de06ffe5fac3,buy,0xd7631787b4dcc87b1254cfd1e5ce48e96823dee8,0x546704614c70d75a6484cd767224215def49b0816c8022e26be73ac7586a48ed
235,425,0.8451125,0xdd3aa93c2f291e77b31a9fabf2d818a9908f6d74,2017-11-01T21:33:47.000Z,0.0019885,0x14c32a94d825b0fbfc1a7024282f6bcaaa3082d1,buy,0xd7631787b4dcc87b1254cfd1e5ce48e96823dee8,0x904977e0df08cc9d0c6b850995bef1613d1a69b2c3fac4d8b090502ce845cdea
236,341.70008895,0.6475216685719427,0xd59280c8ea49acd62c56d6bc5688324f07b95786,2017-11-01T21:17:16.000Z,0.0018950000000342194,0x029fad5ca06e33602d8831347d6bae3bbda0a3e2,buy,0xd7631787b4dcc87b1254cfd1e5ce48e96823dee8,0xb69743a8ffbd42e536e885be3bc122cb8eef3f0a68b464458aa4f56c6510fd27
237,543.643,1.02740372355,0x7773f3917d9e0007e9e56d21dc840357ce1aabc2,2017-11-01T20:40:13.000Z,0.00188985,0x14c32a94d825b0fbfc1a7024282f6bcaaa3082d1,buy,0xd7631787b4dcc87b1254cfd1e5ce48e96823dee8,0x690a3f13a3aa63147e6c7b7433266894387a35949896de204d68cacc16203ad0
238,236.972,0.4468936462,0x7773f3917d9e0007e9e56d21dc840357ce1aabc2,2017-11-01T20:40:13.000Z,0.00188585,0x14c32a94d825b0fbfc1a7024282f6bcaaa3082d1,buy,0xd7631787b4dcc87b1254cfd1e5ce48e96823dee8,0xffa6be84a14d890ad34de454d2961df7c6911225a2920c1f819a34ecfc982acb
239,1025.588,1.92795672974,0x7773f3917d9e0007e9e56d21dc840357ce1aabc2,2017-11-01T20:37:49.000Z,0.001879855,0x14c32a94d825b0fbfc1a7024282f6bcaaa3082d1,buy,0xd7631787b4dcc87b1254cfd1e5ce48e96823dee8,0x24a238943300619e58122d27e3d019e74faaea19cf8cac770843a0815c1ef62f
240,760,1.3528,0xa11f36555b15d08f63fe4c1da229574871e1fdb1,2017-11-01T20:36:58.000Z,0.00178,0xa07643b4a26e0203a943ba272c773747573bfd70,buy,0xd7631787b4dcc87b1254cfd1e5ce48e96823dee8,0xa9510e14f78162a221e0dad535eb84c4293735b35743bc0518128c9e431046c6
241,200,0.356,0xdd3aa93c2f291e77b31a9fabf2d818a9908f6d74,2017-11-01T20:36:19.000Z,0.00178,0xa07643b4a26e0203a943ba272c773747573bfd70,buy,0xd7631787b4dcc87b1254cfd1e5ce48e96823dee8,0x7602bf88a169af53a69f533bba25e1bac1690b14dbe996837e4d4f00359c6e2d
242,0.18611306,0.000349865584219122,0x7773f3917d9e0007e9e56d21dc840357ce1aabc2,2017-11-01T20:35:44.000Z,0.0018798550957096832,0x14c32a94d825b0fbfc1a7024282f6bcaaa3082d1,buy,0xd7631787b4dcc87b1254cfd1e5ce48e96823dee8,0x561f1f7401fc98521cf8108b193c76a2a6ab3596a9d4ebb4392e25cc4bc27dda
243,37.0041561,0.065867397858,0xa11f36555b15d08f63fe4c1da229574871e1fdb1,2017-11-01T20:34:29.000Z,0.00178,0x242daf62dc3abc87c36aea0b593d223f919e918f,sell,0xd7631787b4dcc87b1254cfd1e5ce48e96823dee8,0x9db574b6fc9ebe801b0070671237f69f4f984a45526048041f7625a35d5aacb0
244,1.377,0.0024786,0x029fad5ca06e33602d8831347d6bae3bbda0a3e2,2017-11-01T20:33:03.000Z,0.0018,0x242daf62dc3abc87c36aea0b593d223f919e918f,sell,0xd7631787b4dcc87b1254cfd1e5ce48e96823dee8,0x81be2b816ad57dfe715abb5a3a86db4efd55f8add13d42832c31eed9de4b530a
245,41,0.07298,0xa11f36555b15d08f63fe4c1da229574871e1fdb1,2017-11-01T20:30:46.000Z,0.00178,0x2bbedafbb1723c0bc511b7401e492d002a8c881d,buy,0xd7631787b4dcc87b1254cfd1e5ce48e96823dee8,0xffafc559d1ef5bc679c179c711e0df149814f6cf852d3555ab7cebd0ea76be12
246,923,1.64294,0xa11f36555b15d08f63fe4c1da229574871e1fdb1,2017-11-01T20:28:19.000Z,0.00178,0x2bbedafbb1723c0bc511b7401e492d002a8c881d,buy,0xd7631787b4dcc87b1254cfd1e5ce48e96823dee8,0x04b3a85ef0003e905841f209e96bda7056d4828b9528bc359e7ab28998d85954
247,38.49999999,0.06853,0x242daf62dc3abc87c36aea0b593d223f919e918f,2017-11-01T20:24:05.000Z,0.0017800000004623375,0x2bbedafbb1723c0bc511b7401e492d002a8c881d,buy,0xd7631787b4dcc87b1254cfd1e5ce48e96823dee8,0xa94f52d8aa604ed13259e1862affd3395e2bb8da0005be13a1684f8fc5397577
248,38.3845,0.0721572942475,0xee88b84a838e94bf43d659b544fe847a0228cce7,2017-11-01T20:24:05.000Z,0.001879855,0x273a5d3e6721b9f5c1a6474f560c1334c63dda01,sell,0xd7631787b4dcc87b1254cfd1e5ce48e96823dee8,0xbfa243874c6e0c3dfae150379b65004bb2654f47d849180414c7f0da083cb2a7
249,38.5,0.06853,0x273a5d3e6721b9f5c1a6474f560c1334c63dda01,2017-11-01T20:24:05.000Z,0.00178,0x2bbedafbb1723c0bc511b7401e492d002a8c881d,buy,0xd7631787b4dcc87b1254cfd1e5ce48e96823dee8,0xbfa243874c6e0c3dfae150379b65004bb2654f47d849180414c7f0da083cb2a7
250,459,0.81702,0x273a5d3e6721b9f5c1a6474f560c1334c63dda01,2017-11-01T20:23:44.000Z,0.00178,0x2bbedafbb1723c0bc511b7401e492d002a8c881d,buy,0xd7631787b4dcc87b1254cfd1e5ce48e96823dee8,0x882682ccf32ca147c4c9b0e8e4ac2fa0aa4bc861e2e7d31ebabfcaa0d2efc141
251,457.623,0.8237214,0x029fad5ca06e33602d8831347d6bae3bbda0a3e2,2017-11-01T20:23:44.000Z,0.0018,0x273a5d3e6721b9f5c1a6474f560c1334c63dda01,sell,0xd7631787b4dcc87b1254cfd1e5ce48e96823dee8,0x882682ccf32ca147c4c9b0e8e4ac2fa0aa4bc861e2e7d31ebabfcaa0d2efc141
252,50,0.09395,0xee88b84a838e94bf43d659b544fe847a0228cce7,2017-11-01T20:22:01.000Z,0.001879,0x7616bb991081160eb20ff62ba47da6e54f5c8728,buy,0xd7631787b4dcc87b1254cfd1e5ce48e96823dee8,0x66d2ffa993950e08f30417260a2690203c6a844899d00a5fa46a5c4887cdfe58
253,974.22550435,1.831402685488087,0x131a3acef2a24188500ebc943213be026cd48cf4,2017-11-01T19:58:58.000Z,0.001879855000008435,0x14c32a94d825b0fbfc1a7024282f6bcaaa3082d1,buy,0xd7631787b4dcc87b1254cfd1e5ce48e96823dee8,0x2ad82598481153b0510acdacf99962df83723fe304bcec2179562aa51825e36e
254,1145.194,2.2765884123,0x131a3acef2a24188500ebc943213be026cd48cf4,2017-11-01T19:33:49.000Z,0.00198795,0x2ff150f30662f22ccc8d0ebca52f7c8de59837a3,buy,0xd7631787b4dcc87b1254cfd1e5ce48e96823dee8,0x659a24d78f7080867f94effeb37e06778163e1be9c36979c946afeea9415fa65
255,0.10329052,0.000194790427414026,0x9cbd2be681a319d2a55b1e9e90b41fa029d1844c,2017-11-01T19:24:09.000Z,0.001885850002633601,0x14c32a94d825b0fbfc1a7024282f6bcaaa3082d1,buy,0xd7631787b4dcc87b1254cfd1e5ce48e96823dee8,0xab3acb8ff598a3b2630b89811c31670d63dd59e2c3986d9c16faf2aeb8f985d7
256,1036.10720756,1.9539427773900908,0x9cbd2be681a319d2a55b1e9e90b41fa029d1844c,2017-11-01T19:22:57.000Z,0.0018858500000126094,0x14c32a94d825b0fbfc1a7024282f6bcaaa3082d1,buy,0xd7631787b4dcc87b1254cfd1e5ce48e96823dee8,0xd49cb04e83120ad45fde701e507d91ec6957a2cbb0930a25198e92105e471a0f
257,226.81739875,0.42774359144313356,0x0e7edae9594bb6aa1eeb587421020f19dcbc03a8,2017-11-01T18:22:04.000Z,0.0018858500000460549,0x14c32a94d825b0fbfc1a7024282f6bcaaa3082d1,buy,0xd7631787b4dcc87b1254cfd1e5ce48e96823dee8,0x7a92ba0cb2b8295bf2b7aed83f0ea1613194be95e238c1a100f904214c1feff0
258,49.05860545,0.09218111964296385,0x0e7edae9594bb6aa1eeb587421020f19dcbc03a8,2017-11-01T18:18:01.000Z,0.0018790000000492035,0x7616bb991081160eb20ff62ba47da6e54f5c8728,buy,0xd7631787b4dcc87b1254cfd1e5ce48e96823dee8,0x936881aada72ff28591a6fe646527ae733c26140fcb8a9144d7b899b4b4fbf92
259,2.99120676,0.005384172168,0x029fad5ca06e33602d8831347d6bae3bbda0a3e2,2017-11-01T18:14:21.000Z,0.0018,0x0e7edae9594bb6aa1eeb587421020f19dcbc03a8,sell,0xd7631787b4dcc87b1254cfd1e5ce48e96823dee8,0xeff505b36f297f25625884a16659e062e06be41fdfdeef42d5eb552860856658
260,299,0.55913,0x0e7edae9594bb6aa1eeb587421020f19dcbc03a8,2017-11-01T18:04:38.000Z,0.00187,0x029fad5ca06e33602d8831347d6bae3bbda0a3e2,buy,0xd7631787b4dcc87b1254cfd1e5ce48e96823dee8,0x5d9c4919d93123bf9108358c7296df84836fa9b114959a14a2342a0f5cf8cf75
261,150,0.282825,0xdea025c3f2bc0f876f3649568e7c93d9396e6958,2017-11-01T17:44:25.000Z,0.0018855,0x029fad5ca06e33602d8831347d6bae3bbda0a3e2,buy,0xd7631787b4dcc87b1254cfd1e5ce48e96823dee8,0x651cd49bb0838b7838ca98951126ee6ff49d9068605ad985162ac1330d5aeb22
262,643.62163133,1.2163483399723025,0x9e1477cd68e8e375705ccb3dcf5764fe901de3ef,2017-11-01T17:37:28.000Z,0.0018898500000051302,0x14c32a94d825b0fbfc1a7024282f6bcaaa3082d1,buy,0xd7631787b4dcc87b1254cfd1e5ce48e96823dee8,0xdab367256feed19ca38d400adf6d8379fb77c9dc26950b76865884190c6a8023
263,629.78451314,1.190198262165745,0x9e1477cd68e8e375705ccb3dcf5764fe901de3ef,2017-11-01T17:35:37.000Z,0.001889850000012887,0x14c32a94d825b0fbfc1a7024282f6bcaaa3082d1,buy,0xd7631787b4dcc87b1254cfd1e5ce48e96823dee8,0xdd4364afe40bdb97fc926c28cd8062f26a4c9e6ef6e1ed6427b3e2be0cb03a77
264,87.95035937,0.16621298667318346,0xa99cf653d04615f6f8fd67be022ace6da458ffcb,2017-11-01T17:14:12.000Z,0.0018898500002022614,0x14c32a94d825b0fbfc1a7024282f6bcaaa3082d1,buy,0xd7631787b4dcc87b1254cfd1e5ce48e96823dee8,0xcc84bfb102dfd745d96dc438cab337b5e4acdf14b243cce7eb00b82ce86fc3b9
265,1550,2.873682175,0xa99cf653d04615f6f8fd67be022ace6da458ffcb,2017-11-01T17:12:21.000Z,0.0018539885,0x14c32a94d825b0fbfc1a7024282f6bcaaa3082d1,buy,0xd7631787b4dcc87b1254cfd1e5ce48e96823dee8,0xfc12a042d9950faacb5724c069e60a5d914ad98669412bb3c771859b2134df55
266,313.014,0.5727999693,0xf81ab81ca1a6a19cc7b69b2c7876ff6543060598,2017-11-01T17:02:02.000Z,0.00182995,0x14c32a94d825b0fbfc1a7024282f6bcaaa3082d1,buy,0xd7631787b4dcc87b1254cfd1e5ce48e96823dee8,0x6397e3fee177b53a95767ec5ada671f31d466689d95123f92c0f458a362c9c56
267,800,1.488,0x47cce6037f4aa5e75c99054a0468f4161362a4a5,2017-11-01T16:59:36.000Z,0.00186,0x2ff150f30662f22ccc8d0ebca52f7c8de59837a3,buy,0xd7631787b4dcc87b1254cfd1e5ce48e96823dee8,0x37e1b039665e7eabc5f9e4ad119c53a8ba265c8dd402c12b85e6a3acbf0355f1
268,37.88323895,0.0632650090465,0x0e7edae9594bb6aa1eeb587421020f19dcbc03a8,2017-11-01T16:52:03.000Z,0.00167,0xef69172f1a2442b3e273d2c5d56ab784cd771dda,sell,0xd7631787b4dcc87b1254cfd1e5ce48e96823dee8,0x83b316fe5ea17f7dcf1a1c49e052b5c4f392b232e66491068e175420bb37a3a1
269,1160,2.03,0x13a3a97c18774ba1a84618df3bc8482800a6ceff,2017-11-01T16:50:29.000Z,0.00175,0x10b1d2b3dcc7d53d9d924d436a261674ce73a227,sell,0xd7631787b4dcc87b1254cfd1e5ce48e96823dee8,0xa8ee04692920fe449bee1e0f8799dd8c01266e7f545c396b599464a30cfd86df
270,477.264,0.835212,0x14c32a94d825b0fbfc1a7024282f6bcaaa3082d1,2017-11-01T16:50:07.000Z,0.00175,0x6a7ee4c5bf66fbddc0e210b471de2b77139f6343,buy,0xd7631787b4dcc87b1254cfd1e5ce48e96823dee8,0x757ec3be78d97fd9f3576b0ff66ef6c1fb7323c691fe5370c32726a3f48d8972
271,395.90815899,0.6928392782374638,0x28bcd7d3f03a0f5ef0d8ec0397fbcc29181b1929,2017-11-01T16:46:54.000Z,0.001750000000012538,0x6a7ee4c5bf66fbddc0e210b471de2b77139f6343,buy,0xd7631787b4dcc87b1254cfd1e5ce48e96823dee8,0x43bc74185ce13a4c2064ccd081ba17a2e46f9828114a4801761488bc45caf99d
272,565,0.98875,0xf81ab81ca1a6a19cc7b69b2c7876ff6543060598,2017-11-01T16:45:44.000Z,0.00175,0x6a7ee4c5bf66fbddc0e210b471de2b77139f6343,buy,0xd7631787b4dcc87b1254cfd1e5ce48e96823dee8,0x1d7d6ac1fb73f52616e069a1fc8669099f49443325b69205ac43f9ee89314976
273,400,0.704,0x28bcd7d3f03a0f5ef0d8ec0397fbcc29181b1929,2017-11-01T16:44:26.000Z,0.00176,0x9e153a60bf4e3abb254853ea41e99e9e58dd1c8f,buy,0xd7631787b4dcc87b1254cfd1e5ce48e96823dee8,0x26abcba20d3d116bea62ac8c4c85219bd27ebdcbc3236bbf9cea8cbc6243ab88
274,1000,1.76,0x47cce6037f4aa5e75c99054a0468f4161362a4a5,2017-11-01T16:43:28.000Z,0.00176,0x9e153a60bf4e3abb254853ea41e99e9e58dd1c8f,buy,0xd7631787b4dcc87b1254cfd1e5ce48e96823dee8,0x480b5910e7885c29f2a113a2ef7afdd433ca8f0f0cba9c13ad65199d4ddfaf2b
275,37.991,0.07155794805,0xd5032849004e1bd0641d2b6eee2dfd97d020725a,2017-11-01T16:41:12.000Z,0.00188355,0x14c32a94d825b0fbfc1a7024282f6bcaaa3082d1,buy,0xd7631787b4dcc87b1254cfd1e5ce48e96823dee8,0x2c647a865cda95dc3288b03215735a158f5366e9f9e29eeed9cd5a3e6a9c9353
276,1.495,0.00299,0xd5032849004e1bd0641d2b6eee2dfd97d020725a,2017-11-01T16:39:28.000Z,0.002,0xe8ad9cd74f83743a025b8927f7d53be0bc90494f,buy,0xd7631787b4dcc87b1254cfd1e5ce48e96823dee8,0xbcb4b98f86a364db80a76f30e2e51e8ce103c8a077c7a3241a801dd46f751d4f
277,2962.00897673,5.579092008137641,0x10b1d2b3dcc7d53d9d924d436a261674ce73a227,2017-11-01T16:36:47.000Z,0.001883550000006026,0x14c32a94d825b0fbfc1a7024282f6bcaaa3082d1,buy,0xd7631787b4dcc87b1254cfd1e5ce48e96823dee8,0xcc94579ebea28bcda2fe769aa849228d2b1488dae3b42715a6be087a758af1d7
278,3000,4.98,0xff8f464f4a14dfce06a4ad48ccb8aadc9d2c675e,2017-11-01T16:35:10.000Z,0.00166,0x10b1d2b3dcc7d53d9d924d436a261674ce73a227,sell,0xd7631787b4dcc87b1254cfd1e5ce48e96823dee8,0x7941863cbdcc43f5d0ba80c347a0f8e4113671ddb77c792f84781ad1138e6e6a
279,1465,2.69552675,0x10b1d2b3dcc7d53d9d924d436a261674ce73a227,2017-11-01T16:33:07.000Z,0.00183995,0x14c32a94d825b0fbfc1a7024282f6bcaaa3082d1,buy,0xd7631787b4dcc87b1254cfd1e5ce48e96823dee8,0x8de018c9bcde0f240f9829775b456b1caceb4e96709dbcae28fee7af61fef505
280,2000,3.32,0xff8f464f4a14dfce06a4ad48ccb8aadc9d2c675e,2017-11-01T16:29:46.000Z,0.00166,0x10b1d2b3dcc7d53d9d924d436a261674ce73a227,sell,0xd7631787b4dcc87b1254cfd1e5ce48e96823dee8,0x9c76a367844ceeb5addd11570148afb5f326cc37cf8b72463a1fd0bc98673fca
281,325,0.59473375,0xf81ab81ca1a6a19cc7b69b2c7876ff6543060598,2017-11-01T16:29:46.000Z,0.00182995,0x14c32a94d825b0fbfc1a7024282f6bcaaa3082d1,buy,0xd7631787b4dcc87b1254cfd1e5ce48e96823dee8,0x11de5c53f8077e65bcf6987f4c25b0c866ab3d885a075191b021604a276d4c26
282,111.98563849,0.20492811916015938,0x4be2166a8dbe25e79a9b30b4ce26858e10d21e92,2017-11-01T16:24:10.000Z,0.0018299500000480767,0x14c32a94d825b0fbfc1a7024282f6bcaaa3082d1,buy,0xd7631787b4dcc87b1254cfd1e5ce48e96823dee8,0xdbafca8c8ef5d40334ffaf8e3e75cfe74b8a0ec1cc56dd8291c50aada37287e3
283,968.736,1.7437248,0x4be2166a8dbe25e79a9b30b4ce26858e10d21e92,2017-11-01T16:21:47.000Z,0.0018,0x3c3aef0043c8629556d0b20425aca08a1509d1dc,buy,0xd7631787b4dcc87b1254cfd1e5ce48e96823dee8,0x17b76e960fd6d027b220f0f9456c6ab53001e6e57a466faca1515831a9003200
284,304.023,0.543896538954,0x4be2166a8dbe25e79a9b30b4ce26858e10d21e92,2017-11-01T16:21:42.000Z,0.001788998,0x4742f2fc0085bd92ab4a51247ae04485fd93cb3d,buy,0xd7631787b4dcc87b1254cfd1e5ce48e96823dee8,0xc7b3c87834902d16466c31fcce85db6f50cbdea59054dfc1de5d22e629f4c76a
285,1851.19046296,3.100744025458,0xb50612101abf7a079539ac33396fe52b24d59e81,2017-11-01T16:18:51.000Z,0.001675,0x69f9a06cbf2069d529f77007cc6600f252b8851f,buy,0xd7631787b4dcc87b1254cfd1e5ce48e96823dee8,0x2d44a8881525d5e7d40fec7c4cad6d9eed1ffdd6d72937dfe70810829309af7e
286,643.99959986,1.08063132856508,0xb50612101abf7a079539ac33396fe52b24d59e81,2017-11-01T16:18:45.000Z,0.001678,0x1f8ca36ac1f0cdf50fd441a89b2d26d7375b14ab,buy,0xd7631787b4dcc87b1254cfd1e5ce48e96823dee8,0x12bed20bcb3c9a003128cf2d7ae99c9d97a082b7c1a666f42e2757969ff355f0
287,283.7,0.4737787163,0xb50612101abf7a079539ac33396fe52b24d59e81,2017-11-01T16:18:45.000Z,0.001669999,0x2773052087f99699013b4c06895fe69feebb4eee,buy,0xd7631787b4dcc87b1254cfd1e5ce48e96823dee8,0x9716268ee744df1519604a6825a0c7ec9147a3618384e62c00b0be13b69076d1
288,2771.21799999,4.600221879999723,0xb50612101abf7a079539ac33396fe52b24d59e81,2017-11-01T16:18:33.000Z,0.00166000000000589,0x69f9a06cbf2069d529f77007cc6600f252b8851f,buy,0xd7631787b4dcc87b1254cfd1e5ce48e96823dee8,0x3b4c95b8e79df5eaf83cad87461aeec2d71d094567630e0005a8431c0aaabf59
289,228.78199797,0.3797781166439899,0xb102be8c430b6a82f2a7af1317bfa67a782a0eec,2017-11-01T16:13:44.000Z,0.0016600000000602754,0x69f9a06cbf2069d529f77007cc6600f252b8851f,buy,0xd7631787b4dcc87b1254cfd1e5ce48e96823dee8,0xf4de0c694b8417f50a27fec1403d18eb8b6097ea418aeed41a758818ca906ed6
290,450,0.7551,0xf81ab81ca1a6a19cc7b69b2c7876ff6543060598,2017-11-01T16:06:00.000Z,0.001678,0x1f8ca36ac1f0cdf50fd441a89b2d26d7375b14ab,buy,0xd7631787b4dcc87b1254cfd1e5ce48e96823dee8,0x03a21f2351b4152f1127ffe197a8298d1ce022a0653dd8146aa20dccfb11d45b
291,1400,2.282,0xff8f464f4a14dfce06a4ad48ccb8aadc9d2c675e,2017-11-01T15:58:25.000Z,0.00163,0x69f9a06cbf2069d529f77007cc6600f252b8851f,buy,0xd7631787b4dcc87b1254cfd1e5ce48e96823dee8,0x80b13db3348d5afae0887655713114e328fb7f8aa21de43ce340c34d58f159c5
292,300,0.5034,0xf81ab81ca1a6a19cc7b69b2c7876ff6543060598,2017-11-01T15:55:15.000Z,0.001678,0x1f8ca36ac1f0cdf50fd441a89b2d26d7375b14ab,buy,0xd7631787b4dcc87b1254cfd1e5ce48e96823dee8,0x7c2588bc0c6b061ee2e3026db6710a50e295a01aac0a2a9d46894d6d1357ff7f
293,1694.5,2.7874525,0xff8f464f4a14dfce06a4ad48ccb8aadc9d2c675e,2017-11-01T15:52:31.000Z,0.001645,0xc49830add09b7b13758537fa4e8db73fa5fd4bb4,buy,0xd7631787b4dcc87b1254cfd1e5ce48e96823dee8,0xae95ee9b95c41730daa3d815fb5138a6a70f712a3330d581ad49a350c52bb119
294,8915.78,14.711037,0xff8f464f4a14dfce06a4ad48ccb8aadc9d2c675e,2017-11-01T15:50:21.000Z,0.00165,0x8dd35adc59370a1125d3b4e1faee6f2c756c1b50,buy,0xd7631787b4dcc87b1254cfd1e5ce48e96823dee8,0x75504db8e096fce5b4763293aa4e9dca2eb370cb112ece64843a89441947bf81
295,9380,15.477,0xc2c9e7a31b7f658f912a73f4a71c3ee5115e457f,2017-11-01T15:47:17.000Z,0.00165,0x8dd35adc59370a1125d3b4e1faee6f2c756c1b50,buy,0xd7631787b4dcc87b1254cfd1e5ce48e96823dee8,0x3878ef9cb43b4fde07c8024b195cc11b35d1bdea9b740d3f7cd9daa9512ba600
296,1,0.00165,0xff8f464f4a14dfce06a4ad48ccb8aadc9d2c675e,2017-11-01T15:46:26.000Z,0.00165,0x8dd35adc59370a1125d3b4e1faee6f2c756c1b50,buy,0xd7631787b4dcc87b1254cfd1e5ce48e96823dee8,0x8ef27e16702dd320e65242456b18abd9159fd5912a4c267e0958b9748a458f43
297,0.001,0.00000165,0x65b5ad128a7bf7ee32320d1453a4888c798c162a,2017-11-01T15:38:10.000Z,0.00165,0x8dd35adc59370a1125d3b4e1faee6f2c756c1b50,buy,0xd7631787b4dcc87b1254cfd1e5ce48e96823dee8,0xcd86af34751462facdfbea0db73abb54357b28bb835e6f954c1581c7987dacda
298,300,0.495,0xf81ab81ca1a6a19cc7b69b2c7876ff6543060598,2017-11-01T15:37:22.000Z,0.00165,0x8dd35adc59370a1125d3b4e1faee6f2c756c1b50,buy,0xd7631787b4dcc87b1254cfd1e5ce48e96823dee8,0x6b45e0eb8ee85b71e6b41647ec22e2290e767377a51b9ff65ea9ac28a4881787
299,604.25388627,0.9970189123588856,0x8337bfef288817f964609338b5ce6faf0c3a1c02,2017-11-01T15:31:34.000Z,0.0016500000000221524,0x8dd35adc59370a1125d3b4e1faee6f2c756c1b50,buy,0xd7631787b4dcc87b1254cfd1e5ce48e96823dee8,0xcecbc622f515e1b0dc61e3b430abd3d1eaa0933251a1fdbbd807f6d884d8e34c
300,0.0000109,0.000000017999602424,0xc2c9e7a31b7f658f912a73f4a71c3ee5115e457f,2017-11-01T15:27:08.000Z,0.0016513396719266054,0x8dd35adc59370a1125d3b4e1faee6f2c756c1b50,buy,0xd7631787b4dcc87b1254cfd1e5ce48e96823dee8,0x4f3b8e35ef111fb627ab8090ab40a8bc9b96b14a411aa3b9a140e6db1676441a
301,0.10942667,0.000180554011907972,0xc2c9e7a31b7f658f912a73f4a71c3ee5115e457f,2017-11-01T15:23:20.000Z,0.0016500000585595084,0x8dd35adc59370a1125d3b4e1faee6f2c756c1b50,buy,0xd7631787b4dcc87b1254cfd1e5ce48e96823dee8,0xcffe8ff10e0dc2cecea25bb8a4c7d0c9124373beb5a0972b7940596064c253db
302,1403.37399334,2.10786773799668,0x8f048bb48583c43e26655316e3c9a7130b644fbb,2017-11-01T15:05:38.000Z,0.001502,0x5a5d149c21c87d7326a05cb9b9fe7ebb71a8e2fd,sell,0xd7631787b4dcc87b1254cfd1e5ce48e96823dee8,0x25ccbeb33362e84d7726dcfb1ad5bc8fe6167172665ea055157b476d294f9cdd
303,34,0.0514998,0xe0775a00891e3f5896ab55811fbc2132c7cdb842,2017-11-01T15:03:53.000Z,0.0015147,0x5a5d149c21c87d7326a05cb9b9fe7ebb71a8e2fd,sell,0xd7631787b4dcc87b1254cfd1e5ce48e96823dee8,0xec12ed6377df7164f379c979314fd95fc2f56afef2f93c78ab117b511fbb1553
304,9.848,0.01949904,0xa5012e9a899020b4e8878d886ba2efe22494ee2b,2017-11-01T14:59:39.000Z,0.00198,0x0b5fa12490d99c67c5c5b1b4bb47e0d2a6504a18,sell,0xd7631787b4dcc87b1254cfd1e5ce48e96823dee8,0x1a425e32d7b2c22d32400c6c84c76fbbcaeb60649400a29988a90673bf9d95da
305,16,0.0264,0x0bf504e674deb52094019dc0a253855b0f2dfe6e,2017-11-01T14:57:57.000Z,0.00165,0x8dd35adc59370a1125d3b4e1faee6f2c756c1b50,buy,0xd7631787b4dcc87b1254cfd1e5ce48e96823dee8,0x2b502ddba72013e64557aeef658a41ac58fb5a5dafce19835f52c4f2c2440363
306,3282.8283497,5.4166667770215,0x273a5d3e6721b9f5c1a6474f560c1334c63dda01,2017-11-01T14:57:41.000Z,0.0016500000000050261,0x8dd35adc59370a1125d3b4e1faee6f2c756c1b50,buy,0xd7631787b4dcc87b1254cfd1e5ce48e96823dee8,0x9e1c5e699c573f5eafd81bf39a2c4cfc2b9140e77aede4e64cde14d628c1ef4a
307,3272.97986466,6.4805001320268,0xa5012e9a899020b4e8878d886ba2efe22494ee2b,2017-11-01T14:57:41.000Z,0.00198,0x273a5d3e6721b9f5c1a6474f560c1334c63dda01,sell,0xd7631787b4dcc87b1254cfd1e5ce48e96823dee8,0x9e1c5e699c573f5eafd81bf39a2c4cfc2b9140e77aede4e64cde14d628c1ef4a
308,357.10224056,0.5427957627534405,0x0e7edae9594bb6aa1eeb587421020f19dcbc03a8,2017-11-01T14:57:15.000Z,0.001520001,0x5a5d149c21c87d7326a05cb9b9fe7ebb71a8e2fd,sell,0xd7631787b4dcc87b1254cfd1e5ce48e96823dee8,0x2aba5e43f00f20f024a45903fbf5806ce40e643d9de0a8814766aa8ef8b7340c
309,24,0.0396,0x04b21b5f6f66a7e6e6e16a82c7765656b67b7266,2017-11-01T14:51:51.000Z,0.00165,0x8dd35adc59370a1125d3b4e1faee6f2c756c1b50,buy,0xd7631787b4dcc87b1254cfd1e5ce48e96823dee8,0x70df4a8604a1e48d048dfd2471309d5f2ff0ae650710dc2e416850f00a96ff55
310,0.00060232,0.000000993828713049,0x04b21b5f6f66a7e6e6e16a82c7765656b67b7266,2017-11-01T14:43:38.000Z,0.001650001183837495,0x8dd35adc59370a1125d3b4e1faee6f2c756c1b50,buy,0xd7631787b4dcc87b1254cfd1e5ce48e96823dee8,0x5971d22561234eafafdeeef815e228f5578d475a0556c38d020cf3b4c2dab9fb
311,6.04187662,0.009969095820590308,0x04b21b5f6f66a7e6e6e16a82c7765656b67b7266,2017-11-01T14:42:30.000Z,0.0016499999002942745,0x0e7edae9594bb6aa1eeb587421020f19dcbc03a8,buy,0xd7631787b4dcc87b1254cfd1e5ce48e96823dee8,0x8acb28a87050d0c7df8495679e752589831a2b672fd20bb4ee08bc74a37575b3
312,21.88,0.0367584,0x6fcf7af8feb49f47da5b17847f61fa2d5e660dc0,2017-11-01T14:42:30.000Z,0.00168,0x0e7edae9594bb6aa1eeb587421020f19dcbc03a8,sell,0xd7631787b4dcc87b1254cfd1e5ce48e96823dee8,0x805ebbf583a74f7351d2b7ca7865c48675cc54679b5f921d132609feb16ba441
313,2.097,0.00350199,0x6fcf7af8feb49f47da5b17847f61fa2d5e660dc0,2017-11-01T14:42:30.000Z,0.00167,0x0e7edae9594bb6aa1eeb587421020f19dcbc03a8,sell,0xd7631787b4dcc87b1254cfd1e5ce48e96823dee8,0x3cf86d258468cc847a464c906b6f3e31b0cbf1f5919a0bd37ae6197bfa791814
314,0.00010687,0.000000176341377434,0x04b21b5f6f66a7e6e6e16a82c7765656b67b7266,2017-11-01T14:38:17.000Z,0.0016500549961074203,0x0e7edae9594bb6aa1eeb587421020f19dcbc03a8,buy,0xd7631787b4dcc87b1254cfd1e5ce48e96823dee8,0xe6f0e64b768eff26b27059ef1ad3d4dff8589723c20bc425e0d0bd1f10d868e8
315,0.94139454,0.001768880357036143,0x04b21b5f6f66a7e6e6e16a82c7765656b67b7266,2017-11-01T14:35:29.000Z,0.0018790000173956214,0x7616bb991081160eb20ff62ba47da6e54f5c8728,buy,0xd7631787b4dcc87b1254cfd1e5ce48e96823dee8,0x550c147bef3863720902410444aa7e0f65f1b75e26f7c9b42ade66288ed97a55
316,697.01755036,1.1640193091012,0x6fcf7af8feb49f47da5b17847f61fa2d5e660dc0,2017-11-01T14:30:39.000Z,0.00167,0xf44072eda87ede9613b6ae1b812de8a60ade27a2,sell,0xd7631787b4dcc87b1254cfd1e5ce48e96823dee8,0xd598e658031c5f2e99577eeb776745de1662835bb9aea47c4d3b03cb9cbb9457
317,699.11489504,1.1535395768324999,0xf44072eda87ede9613b6ae1b812de8a60ade27a2,2017-11-01T14:30:39.000Z,0.0016500000000236011,0x8dd35adc59370a1125d3b4e1faee6f2c756c1b50,buy,0xd7631787b4dcc87b1254cfd1e5ce48e96823dee8,0xd598e658031c5f2e99577eeb776745de1662835bb9aea47c4d3b03cb9cbb9457
318,297.82150325,0.49140545059684965,0xf44072eda87ede9613b6ae1b812de8a60ade27a2,2017-11-01T14:18:00.000Z,0.0016499999000554023,0x0e7edae9594bb6aa1eeb587421020f19dcbc03a8,buy,0xd7631787b4dcc87b1254cfd1e5ce48e96823dee8,0x9d04be5b0c6a34f1082db5fca5fbe1eebf1cb3a4722593b366c1d828d1dbe723
319,296.92803875,0.4988391051,0x6fcf7af8feb49f47da5b17847f61fa2d5e660dc0,2017-11-01T14:18:00.000Z,0.00168,0xf44072eda87ede9613b6ae1b812de8a60ade27a2,sell,0xd7631787b4dcc87b1254cfd1e5ce48e96823dee8,0x9d04be5b0c6a34f1082db5fca5fbe1eebf1cb3a4722593b366c1d828d1dbe723
320,14951.64988535,22.427489779674886,0x44cb3e93757202164e03e43827fedeeb9bbb143c,2017-11-01T14:13:35.000Z,0.001500001,0xe8ad9cd74f83743a025b8927f7d53be0bc90494f,sell,0xd7631787b4dcc87b1254cfd1e5ce48e96823dee8,0xa7f318cbe1f6db470f3af51b12435965871f5a2cede5dafbe24fdc5d2d936a5b
321,0.695,0.00116065,0x6fcf7af8feb49f47da5b17847f61fa2d5e660dc0,2017-11-01T14:11:38.000Z,0.00167,0x0e7edae9594bb6aa1eeb587421020f19dcbc03a8,sell,0xd7631787b4dcc87b1254cfd1e5ce48e96823dee8,0x2e06ec5226f97bf7c875589777759d15ea6020e254302835ef38d1b60b473814
322,35.66882127,0.05421664399922127,0x0e7edae9594bb6aa1eeb587421020f19dcbc03a8,2017-11-01T13:50:55.000Z,0.001520001,0xe0b378bc7fa8db7717e24ee6c5b9c1e2c6825dc9,sell,0xd7631787b4dcc87b1254cfd1e5ce48e96823dee8,0x6e11fea1b9261fb090ba7792cb14f25b67d61b49ece4f40a4d6defe611a4c0b2
323,1811.8817857,2.989604946411046,0x50b5567217ff469ab098bc24557d91ba80cbc14f,2017-11-01T13:50:08.000Z,0.0016500000000033367,0x8dd35adc59370a1125d3b4e1faee6f2c756c1b50,buy,0xd7631787b4dcc87b1254cfd1e5ce48e96823dee8,0xd025ae2fdcf1b738d72a73a4213ad9ed914f3c063049277600de05fab9952973
324,2.393,0.00402024,0x6fcf7af8feb49f47da5b17847f61fa2d5e660dc0,2017-11-01T13:49:53.000Z,0.00168,0x0e7edae9594bb6aa1eeb587421020f19dcbc03a8,sell,0xd7631787b4dcc87b1254cfd1e5ce48e96823dee8,0x88450e859309dc42f8e02c7ac8ec4d3e8107973c12543d01fb588f128b6822a5
325,802.59789864,1.3242865327725,0xf44072eda87ede9613b6ae1b812de8a60ade27a2,2017-11-01T13:48:44.000Z,0.0016500000000205582,0x8dd35adc59370a1125d3b4e1faee6f2c756c1b50,buy,0xd7631787b4dcc87b1254cfd1e5ce48e96823dee8,0x9cf2c2418e062c0908651934b8e7c69e0c103af2e5a234181573873605187089
326,800.19010495,1.3363174752665,0x6fcf7af8feb49f47da5b17847f61fa2d5e660dc0,2017-11-01T13:48:44.000Z,0.00167,0xf44072eda87ede9613b6ae1b812de8a60ade27a2,sell,0xd7631787b4dcc87b1254cfd1e5ce48e96823dee8,0x9cf2c2418e062c0908651934b8e7c69e0c103af2e5a234181573873605187089
327,430,0.7095,0x3b64692cc4c4b5a438bd1c2a951924da5202d2bc,2017-11-01T13:46:22.000Z,0.00165,0x8dd35adc59370a1125d3b4e1faee6f2c756c1b50,buy,0xd7631787b4dcc87b1254cfd1e5ce48e96823dee8,0x1197b38343d81387a6592b97172e07ec1a41317074fcaea8f8a09d2b6dc55064
328,128.427,0.214601517,0x7e217bcc36159e8b8fa74079e36d150db6fe75b6,2017-11-01T13:45:41.000Z,0.001671,0x50b5567217ff469ab098bc24557d91ba80cbc14f,sell,0xd7631787b4dcc87b1254cfd1e5ce48e96823dee8,0x75fec5f79ce374cd27569735c22a74e9715174aed92a4ef890a06a0e5d56c813
329,1190.32732425,1.9640400850234088,0x0e7edae9594bb6aa1eeb587421020f19dcbc03a8,2017-11-01T13:45:27.000Z,0.0016500000000091645,0x8dd35adc59370a1125d3b4e1faee6f2c756c1b50,buy,0xd7631787b4dcc87b1254cfd1e5ce48e96823dee8,0xfcd9ed7cfd27e95ba265108549bee2ec7ecfc1e3ff0cfb8aea582df2c6d28396
330,1.18565936,0.00213655816672,0x7e217bcc36159e8b8fa74079e36d150db6fe75b6,2017-11-01T13:45:20.000Z,0.001802,0x50b5567217ff469ab098bc24557d91ba80cbc14f,sell,0xd7631787b4dcc87b1254cfd1e5ce48e96823dee8,0x96119ab6ac07e2231c0a0af0eebee82384af7ebecb5c431bef1559cb2da7db1f
331,110.57250869,0.18476666202099,0x7e217bcc36159e8b8fa74079e36d150db6fe75b6,2017-11-01T13:41:57.000Z,0.001671,0xf44072eda87ede9613b6ae1b812de8a60ade27a2,sell,0xd7631787b4dcc87b1254cfd1e5ce48e96823dee8,0x730d502006140c128577a548b5aae886a66a6de1b5cb0afb694e6ae49d60f8da
332,110.90522437,0.177448358992,0xf44072eda87ede9613b6ae1b812de8a60ade27a2,2017-11-01T13:41:57.000Z,0.0016,0x218806ccf6adfd3086779414beab4898b31e8794,buy,0xd7631787b4dcc87b1254cfd1e5ce48e96823dee8,0x730d502006140c128577a548b5aae886a66a6de1b5cb0afb694e6ae49d60f8da
333,70.5755951,0.1271066467751,0x7e217bcc36159e8b8fa74079e36d150db6fe75b6,2017-11-01T13:41:57.000Z,0.001801,0xf44072eda87ede9613b6ae1b812de8a60ade27a2,sell,0xd7631787b4dcc87b1254cfd1e5ce48e96823dee8,0xd6e29c3df903a3b86e56e26f52b94889bee16003b46ad8453d31ca0c4426ae47
334,394.03412459,0.71004949251118,0x7e217bcc36159e8b8fa74079e36d150db6fe75b6,2017-11-01T13:41:57.000Z,0.001802,0xf44072eda87ede9613b6ae1b812de8a60ade27a2,sell,0xd7631787b4dcc87b1254cfd1e5ce48e96823dee8,0x44e7eae28bcc0e876e91d910537e258c04e47acdcb7b80e0504f92581be6d0cf
335,395.21978395,0.6521126435175,0xf44072eda87ede9613b6ae1b812de8a60ade27a2,2017-11-01T13:41:57.000Z,0.00165,0x8dd35adc59370a1125d3b4e1faee6f2c756c1b50,buy,0xd7631787b4dcc87b1254cfd1e5ce48e96823dee8,0x44e7eae28bcc0e876e91d910537e258c04e47acdcb7b80e0504f92581be6d0cf
336,70.78795898,0.11326073436800002,0xf44072eda87ede9613b6ae1b812de8a60ade27a2,2017-11-01T13:41:57.000Z,0.0016000000000000003,0x218806ccf6adfd3086779414beab4898b31e8794,buy,0xd7631787b4dcc87b1254cfd1e5ce48e96823dee8,0xd6e29c3df903a3b86e56e26f52b94889bee16003b46ad8453d31ca0c4426ae47
337,200,0.304,0x3b64692cc4c4b5a438bd1c2a951924da5202d2bc,2017-11-01T13:39:04.000Z,0.00152,0xc4276e56785ac0c0d91851c44e7e7b3a1963782f,sell,0xd7631787b4dcc87b1254cfd1e5ce48e96823dee8,0x8a7ba87d0ce2445181fd1c2bda80525960c5c40fdce973556780d579ada0bfa5
338,402.7165786,0.6093101834218,0x50b5567217ff469ab098bc24557d91ba80cbc14f,2017-11-01T13:36:30.000Z,0.001513,0xdc7865a73154c3b10cf63837a4060daa50f5771a,sell,0xd7631787b4dcc87b1254cfd1e5ce48e96823dee8,0x4d8c2fd0388a66f67235523256a78bda41f0dfebc2aa6dfad481eb287ed2a314
339,0.75681664,0.001210906624869586,0x1c39c4a38ced25b4cf306d0ebfbd1fdd7d33d917,2017-11-01T13:36:30.000Z,0.0016000000011490048,0x218806ccf6adfd3086779414beab4898b31e8794,buy,0xd7631787b4dcc87b1254cfd1e5ce48e96823dee8,0x60f2ab08b319e14c02f828c4e3b82b7f9043a1967640741a295f200a17e513b6
340,345,0.521985345,0x1c39c4a38ced25b4cf306d0ebfbd1fdd7d33d917,2017-11-01T13:32:39.000Z,0.001513001,0xdc7865a73154c3b10cf63837a4060daa50f5771a,sell,0xd7631787b4dcc87b1254cfd1e5ce48e96823dee8,0xa9aec9ee4193c7cd9d346e6981a7870029c067cb96ddcd900352e59403bc297c
341,245,0.392,0x50b5567217ff469ab098bc24557d91ba80cbc14f,2017-11-01T13:28:31.000Z,0.0016,0xdfbb68157073d6dca9c3bb7fa7d8fbc58c7b6448,buy,0xd7631787b4dcc87b1254cfd1e5ce48e96823dee8,0x82f961278fa4da8beb511bbf6c576fece51bd009717ae02fb837dd2e7a5781cf
342,327,0.5232,0x0f7eb5a4d2c6cfcba6e487f0657843cd274d6226,2017-11-01T13:21:52.000Z,0.0016,0x1c39c4a38ced25b4cf306d0ebfbd1fdd7d33d917,sell,0xd7631787b4dcc87b1254cfd1e5ce48e96823dee8,0x8a11ad7d4c84be98adbb1d398d4a65f10746a00c9420e450af354fc4ee7c46ea
343,100,0.1678,0x7616bb991081160eb20ff62ba47da6e54f5c8728,2017-11-01T13:08:43.000Z,0.001678,0x1f8ca36ac1f0cdf50fd441a89b2d26d7375b14ab,buy,0xd7631787b4dcc87b1254cfd1e5ce48e96823dee8,0xbb96a9cb542d028b8d685e53866a2d76b12746cda56b93867283a399f4c0622b
344,1135.01375145,1.70365564092645,0x8f048bb48583c43e26655316e3c9a7130b644fbb,2017-11-01T12:28:12.000Z,0.001501,0x2fd4c73c123aea32f98d23beb4b2435a9d5249ff,sell,0xd7631787b4dcc87b1254cfd1e5ce48e96823dee8,0xb2bfe2c6aa4913da07673397f41125151916748de5625567725c58b48e7448e7
345,174,0.2784,0x2ffa6dfc3424eea79bb759fe41e5c01d152057c6,2017-11-01T12:19:01.000Z,0.0016,0x8dd35adc59370a1125d3b4e1faee6f2c756c1b50,buy,0xd7631787b4dcc87b1254cfd1e5ce48e96823dee8,0x7c81813370383cfc4731afac901fa423f59b9bec8ba11601f01a820f3f99a781
346,134.05553931,0.2144889969515393,0x5b9d0a7a8e0b010e2714f41ab19592b2bdea7920,2017-11-01T11:58:28.000Z,0.001600001,0x2fd4c73c123aea32f98d23beb4b2435a9d5249ff,sell,0xd7631787b4dcc87b1254cfd1e5ce48e96823dee8,0x60e82f38bee9a7090516e610c443bb3a2047f7d727900a33668481c29ea8c004
347,29.5,0.05250705,0x131a3acef2a24188500ebc943213be026cd48cf4,2017-11-01T11:56:12.000Z,0.0017799,0xe0775a00891e3f5896ab55811fbc2132c7cdb842,buy,0xd7631787b4dcc87b1254cfd1e5ce48e96823dee8,0x5867a24f1c80847b642b48da613dc6356f30cb1863c0550496eda65f1c5d70c5
348,1093.70978882,1.7499389432413666,0x88667c163ce2c2c9afa132ea5188781609f3402d,2017-11-01T11:31:36.000Z,0.001600003,0x8dd35adc59370a1125d3b4e1faee6f2c756c1b50,sell,0xd7631787b4dcc87b1254cfd1e5ce48e96823dee8,0x8c8e5fbd41d3734df887f11e995bd7dadc9ce2f22f006af40ece85ef536c9738
349,1064.27251326,1.7028360212175269,0xe6ddb134e88059a792e6e31ef4bd96943fecacea,2017-11-01T11:29:08.000Z,0.0016000000000014347,0x8dd35adc59370a1125d3b4e1faee6f2c756c1b50,buy,0xd7631787b4dcc87b1254cfd1e5ce48e96823dee8,0xe49a0452e351a0fe9cbacf76113603e98540e51d46dbf5aca20d997dfdf426f8
350,2935.90256448,4.697444103168,0xead56d57cddd3c1f004a1f194c1c2c519a7ffd54,2017-11-01T11:21:49.000Z,0.0016,0x8dd35adc59370a1125d3b4e1faee6f2c756c1b50,sell,0xd7631787b4dcc87b1254cfd1e5ce48e96823dee8,0x7ff2c301165dde6b94fe5e6a939971f19ab06bd0c9386d04a9856b017b348b1a
351,101,0.1616,0xe6ddb134e88059a792e6e31ef4bd96943fecacea,2017-11-01T11:21:49.000Z,0.0016,0x612ab60cb9fa898199ecc672be23c4e354fdf83b,buy,0xd7631787b4dcc87b1254cfd1e5ce48e96823dee8,0x16a965df391a43bfcd08455be09ae6a5b9b8c75b3d72a58a9893fbd9f18a9f78
352,2413.374,3.88553214,0xb7d3cc921b3208302079f2e4e19b525969d1a174,2017-11-01T11:18:42.000Z,0.00161,0x8dd35adc59370a1125d3b4e1faee6f2c756c1b50,sell,0xd7631787b4dcc87b1254cfd1e5ce48e96823dee8,0x5b49736d08bd8b0bc904f916a1816a31b29076c7e968fed5a30ccea1156468b7
353,23.81,0.03809614286,0x10b1d2b3dcc7d53d9d924d436a261674ce73a227,2017-11-01T11:14:23.000Z,0.001600006,0x612ab60cb9fa898199ecc672be23c4e354fdf83b,sell,0xd7631787b4dcc87b1254cfd1e5ce48e96823dee8,0xb26d545508f8810b25aa4ccc69d28aa3199ac7d2d6991c2cfba19efaf5c6e5d2
354,922,1.48442,0x0cb88a60f558c10dd233652b931587d189183c77,2017-11-01T11:12:28.000Z,0.00161,0x612ab60cb9fa898199ecc672be23c4e354fdf83b,sell,0xd7631787b4dcc87b1254cfd1e5ce48e96823dee8,0x332124e0b9fa185fc7001ffc284446a7174aa8b61e8ae4bd7b468258e0da623e
355,486.625726,0.78346741886,0xb7d3cc921b3208302079f2e4e19b525969d1a174,2017-11-01T10:40:56.000Z,0.00161,0xb5b630c40e793e99be02f07de0bff83a5c5d95b8,sell,0xd7631787b4dcc87b1254cfd1e5ce48e96823dee8,0xed7dd0225e7e150c1efdb96686bc1063e4d6186111a220ddd3debbde29fd00a7
356,224.69365329,0.36422841198309,0xd39dc2a2915aa94d2f03e9aa6d654d2e52239016,2017-11-01T10:37:10.000Z,0.001621,0xb5b630c40e793e99be02f07de0bff83a5c5d95b8,sell,0xd7631787b4dcc87b1254cfd1e5ce48e96823dee8,0x264c82ff489ec682afcb94c0de549713a473a3e19906ade3132854cfe713e70e
357,75.30634671,0.12207158801691,0xd39dc2a2915aa94d2f03e9aa6d654d2e52239016,2017-11-01T10:32:24.000Z,0.001621,0x88b423541b8c8817336553480153f122a3f2ee19,sell,0xd7631787b4dcc87b1254cfd1e5ce48e96823dee8,0x5e351b9186db72b0b3078c6ed670a7bd7724824f45f2735d7ea9071e03f51499
358,75.80199999,0.12886339999999996,0x422d7c1f2f04e7582163d1381a436516f4de3c2a,2017-11-01T10:23:48.000Z,0.001700000000224268,0x8dd35adc59370a1125d3b4e1faee6f2c756c1b50,buy,0xd7631787b4dcc87b1254cfd1e5ce48e96823dee8,0x30e087a30c13e9fad8b0f10196c42ca41f4afe8425b21b8474134a49a2f09309
359,75.5,12.27828565,0x88b423541b8c8817336553480153f122a3f2ee19,2017-11-01T10:23:48.000Z,0.1626263,0x422d7c1f2f04e7582163d1381a436516f4de3c2a,sell,0xd7631787b4dcc87b1254cfd1e5ce48e96823dee8,0x30e087a30c13e9fad8b0f10196c42ca41f4afe8425b21b8474134a49a2f09309
360,1174.19343118,1.996128833012668,0xe6ddb134e88059a792e6e31ef4bd96943fecacea,2017-11-01T10:11:34.000Z,0.001700000000005679,0x8dd35adc59370a1125d3b4e1faee6f2c756c1b50,buy,0xd7631787b4dcc87b1254cfd1e5ce48e96823dee8,0xbfdc1e60de789d58648e763fae0f75db5f9874307ca7e42c428a682951410588
361,169.15,0.284172,0xe6ddb134e88059a792e6e31ef4bd96943fecacea,2017-11-01T10:10:29.000Z,0.00168,0xe3a576e1e3f0d8519b617c01191712d8658ec96a,buy,0xd7631787b4dcc87b1254cfd1e5ce48e96823dee8,0x44d11f73a7989fec7f05a7ae144113f1f0cc44c84aead6e59d1cf1785b5e8bd8
362,2574.80586417,4.377169969095803,0x9f7a4164b854432c630be82e69d30658bb4cde97,2017-11-01T09:38:29.000Z,0.001700000000002642,0x8dd35adc59370a1125d3b4e1faee6f2c756c1b50,buy,0xd7631787b4dcc87b1254cfd1e5ce48e96823dee8,0x4b02bde17673d27a6958b76d39abe0e08960bf1ff642a68684654d6f4e8c97af
363,730.835,1.2278028,0x6fcf7af8feb49f47da5b17847f61fa2d5e660dc0,2017-11-01T09:35:24.000Z,0.00168,0x2ff150f30662f22ccc8d0ebca52f7c8de59837a3,sell,0xd7631787b4dcc87b1254cfd1e5ce48e96823dee8,0x801e9fc40dda7510aa326b4e45b58126c0f0254f71ac9bc8cc1ba7d126c62d24
364,586.41740017,0.9969095803010667,0xbcc356a0525b8d03f79a332d5f75cf09b4e6673e,2017-11-01T09:35:24.000Z,0.001700000000020577,0x8dd35adc59370a1125d3b4e1faee6f2c756c1b50,buy,0xd7631787b4dcc87b1254cfd1e5ce48e96823dee8,0xbdead8b3a6dd5892d485789918904c49f72fadf423038bb1f5c06a8188d4bc27
365,1500,2.52,0x6fcf7af8feb49f47da5b17847f61fa2d5e660dc0,2017-11-01T09:29:12.000Z,0.00168,0xc49830add09b7b13758537fa4e8db73fa5fd4bb4,sell,0xd7631787b4dcc87b1254cfd1e5ce48e96823dee8,0xc0df1436397ae3470fc2b9c65a0550db6494c7f291d9afdcb286248664e883fc
366,1500,2.52,0x6fcf7af8feb49f47da5b17847f61fa2d5e660dc0,2017-11-01T09:15:25.000Z,0.00168,0x2ff150f30662f22ccc8d0ebca52f7c8de59837a3,sell,0xd7631787b4dcc87b1254cfd1e5ce48e96823dee8,0x676759b80af72098e76077606520078d9a759e39d3fb71acf077269eab2bda13
367,1000,1.7,0x303d0e1ec982df5d681f7c5c0d323619fdfb8cf7,2017-11-01T09:15:25.000Z,0.0017,0x8dd35adc59370a1125d3b4e1faee6f2c756c1b50,buy,0xd7631787b4dcc87b1254cfd1e5ce48e96823dee8,0xe4df06faa61f85ec6021e15e617e6b713f646b58a8a387b4db20130211f1daaf
368,800,1.3528,0x0cb88a60f558c10dd233652b931587d189183c77,2017-11-01T09:15:15.000Z,0.001691,0x2ff150f30662f22ccc8d0ebca52f7c8de59837a3,sell,0xd7631787b4dcc87b1254cfd1e5ce48e96823dee8,0xd92554386a11760eb4e6b6ba56491783bf4e31abf95a956e6eccfa0d92c4837d
369,2000,3.4,0x303d0e1ec982df5d681f7c5c0d323619fdfb8cf7,2017-11-01T09:10:57.000Z,0.0017,0x8dd35adc59370a1125d3b4e1faee6f2c756c1b50,buy,0xd7631787b4dcc87b1254cfd1e5ce48e96823dee8,0x72802fc540706748ea489efad9644ed84946d463aa0450c4fb346fa2ab4511f3
370,192.82303026,0.32779915145007227,0x0f7eb5a4d2c6cfcba6e487f0657843cd274d6226,2017-11-01T08:46:22.000Z,0.0017000000000418636,0x8dd35adc59370a1125d3b4e1faee6f2c756c1b50,buy,0xd7631787b4dcc87b1254cfd1e5ce48e96823dee8,0xdf1395a8c219023860b074d64b821744d711e78b4119056573e75a64c2921659
371,397.96384061,0.6685792522248,0x6fcf7af8feb49f47da5b17847f61fa2d5e660dc0,2017-11-01T08:44:45.000Z,0.00168,0x88b423541b8c8817336553480153f122a3f2ee19,sell,0xd7631787b4dcc87b1254cfd1e5ce48e96823dee8,0x9737f4012379803b8b855559cea0b8baa581bfbba6ea10e1363b0e6aa3c972b2
372,1200,2.022,0x6fcf7af8feb49f47da5b17847f61fa2d5e660dc0,2017-11-01T08:34:16.000Z,0.001685,0x88b423541b8c8817336553480153f122a3f2ee19,sell,0xd7631787b4dcc87b1254cfd1e5ce48e96823dee8,0xba299f0525cf5310583f3f3cfca93e2e7d9e175acdf34e921629d39569f23c75
373,29.95159507,0.05061819567490779,0x0f7eb5a4d2c6cfcba6e487f0657843cd274d6226,2017-11-01T08:33:22.000Z,0.0016900000002206155,0x88b423541b8c8817336553480153f122a3f2ee19,buy,0xd7631787b4dcc87b1254cfd1e5ce48e96823dee8,0x69e3e1fe62d47fa2795111d85ee5bfbd2fdc2ec2f2c762ee1cd14c10fbad09b2
374,229.2272048,0.37822488792,0x0f7eb5a4d2c6cfcba6e487f0657843cd274d6226,2017-11-01T08:29:13.000Z,0.00165,0xe3cb67a938e1cdc673c21d5692e7a0d255c99d63,sell,0xd7631787b4dcc87b1254cfd1e5ce48e96823dee8,0x168437c5bbd2989f8bd29aa5d27f4368fe271ec5950ca261eba079b23660dee6
375,20.818,0.0335211436,0xd39dc2a2915aa94d2f03e9aa6d654d2e52239016,2017-11-01T08:26:50.000Z,0.0016102,0xe3cb67a938e1cdc673c21d5692e7a0d255c99d63,sell,0xd7631787b4dcc87b1254cfd1e5ce48e96823dee8,0x0b0a2b58353a4dbd54e890c0389865dc567c3d255f338bc5dc39c55c2fccd2e9
376,11.92090909,0.0196694999985,0x0f7eb5a4d2c6cfcba6e487f0657843cd274d6226,2017-11-01T08:23:38.000Z,0.00165,0xe3cb67a938e1cdc673c21d5692e7a0d255c99d63,sell,0xd7631787b4dcc87b1254cfd1e5ce48e96823dee8,0x0c46109125dc4b3f0f2509fa575e912418c4c2147f8f18cb8264f2a2149b82c0
377,1150,1.9435,0x0f7eb5a4d2c6cfcba6e487f0657843cd274d6226,2017-11-01T08:21:35.000Z,0.00169,0x88b423541b8c8817336553480153f122a3f2ee19,buy,0xd7631787b4dcc87b1254cfd1e5ce48e96823dee8,0x8266189016feb0249a28fe352473ea48dad913bc7a665ee4ff0afec51b3d32b0
378,6821.78967374,11.6652603420954,0x068df68801f1e4129d3a3088e8d3f7538209aff0,2017-11-01T08:11:12.000Z,0.00171,0x8dd35adc59370a1125d3b4e1faee6f2c756c1b50,sell,0xd7631787b4dcc87b1254cfd1e5ce48e96823dee8,0x585ba757347df5f95dad61e2c79b02f398d608d6e81b9c97c0d5f3de311be897
379,288.21032626,0.4928396579046,0x068df68801f1e4129d3a3088e8d3f7538209aff0,2017-11-01T08:10:08.000Z,0.00171,0xaa10dc038b30b1ddb5309b9c9162323a80355cfc,sell,0xd7631787b4dcc87b1254cfd1e5ce48e96823dee8,0xdab1fc0dac301481c191d209c56c6c1298b371973b7681cd34a32d5a8d4ecff1
380,10000,17,0x068df68801f1e4129d3a3088e8d3f7538209aff0,2017-11-01T07:59:55.000Z,0.0017,0x8dd35adc59370a1125d3b4e1faee6f2c756c1b50,buy,0xd7631787b4dcc87b1254cfd1e5ce48e96823dee8,0xfd583116d257b823a6eb16f2c413ef5888307b8484d32c5c16d7293bb1fa5207
