,amount,amountBase,buyer,date,price,seller,side,tokenAddr,txHash
0,0.625,0.0005,0x4fda9e6bcd83af6c5cc771b5d20accc2b7720074,2017-11-02T12:16:46.000Z,0.0008,0x21eb3d6b90bc60a8f456f6924246402dfedd7775,buy,0x8727c112c712c4a03371ac87a74dd6ab104af768,0x927d83d2828f413b67d45c4661aab43be271064e1c20d867e940eef11999ef26
1,0.625,0.0005,0x3075f7f189912f4f425dd7021b9c396434197477,2017-11-02T12:02:09.000Z,0.0008,0x21eb3d6b90bc60a8f456f6924246402dfedd7775,buy,0x8727c112c712c4a03371ac87a74dd6ab104af768,0x5a5e36d2357e0c63fa1c804914849d512918abcf2af7871b53d5937ca97c2c6b
2,0.5102040816326531,0.0005,0xe444a40689f51f63bcd29910622035707d533d29,2017-10-28T20:41:00.000Z,0.00098,0x153685a03c2025b6825ae164e2ff5681ee487667,buy,0x8727c112c712c4a03371ac87a74dd6ab104af768,0xe050c872610369ddcd893e9cb6ba433310feb31db7de5760512f3ab13cbcd2ac
3,0.5102040816326531,0.0005,0x34f9560c63078eb61872a4dc2ccd20e21c34feaf,2017-10-28T20:40:17.000Z,0.00098,0x153685a03c2025b6825ae164e2ff5681ee487667,buy,0x8727c112c712c4a03371ac87a74dd6ab104af768,0xecb92c539daea82e52b51cddc240c2cccbc02981f6392ac4433827e8c54356cc
4,10,0.0098,0xf00118adac77d70abb28b6b27cb8f18a6d62750c,2017-10-28T12:59:15.000Z,0.00098,0x153685a03c2025b6825ae164e2ff5681ee487667,buy,0x8727c112c712c4a03371ac87a74dd6ab104af768,0xf19912d5e226a5ee6eeb89bc2d2d74153a5543eb0ca0b8a31ffc6f2d51f62672
5,0.1,0.000098,0x6cdea8e07bf82d7a07dbf36642d6e5be8623845c,2017-10-25T09:29:58.000Z,0.00098,0x153685a03c2025b6825ae164e2ff5681ee487667,buy,0x8727c112c712c4a03371ac87a74dd6ab104af768,0x2e4bda53aca7579a9348b3abe28309f99cdc6a9c146c5a904ccf72db871c945f
6,90,0.00018171,0x0b2de009825eac9a347868b44349aa32e91ef81f,2017-10-25T07:10:32.000Z,0.000002019,0x6115ab07ccf776b3f5b2bec6ea58ab603cf17740,sell,0x8727c112c712c4a03371ac87a74dd6ab104af768,0x88e021e8a43b0fd3bfd3e5e5cb4ac02138621bd4b3b65edc46fb564e32f2d3d4
7,1.4,0.001372,0x025fd27927bf438b63ea72de1d5bfc425e2f2779,2017-10-22T22:27:22.000Z,0.00098,0x153685a03c2025b6825ae164e2ff5681ee487667,buy,0x8727c112c712c4a03371ac87a74dd6ab104af768,0x601970466976adff583a486bc6cc1f365fb83b8960a42cf924abb40b20630b42
8,1.23,0.00123,0x0485fa945f0da22c4394826845c59050d184265a,2017-10-22T21:59:05.000Z,0.001,0x025fd27927bf438b63ea72de1d5bfc425e2f2779,sell,0x8727c112c712c4a03371ac87a74dd6ab104af768,0xafe5fd6df67b88df6eac244005f0d598b640f33fb2a7b97bf2fe46873d206bc4
9,2,0.00196,0x025fd27927bf438b63ea72de1d5bfc425e2f2779,2017-10-22T20:45:11.000Z,0.00098,0x153685a03c2025b6825ae164e2ff5681ee487667,buy,0x8727c112c712c4a03371ac87a74dd6ab104af768,0x0c47beabc8c95b41aacba30a6a83727cea1d8600b34b88eba73648bf8ea27a73
10,0.00997,0.00997,0x153685a03c2025b6825ae164e2ff5681ee487667,2017-10-22T09:29:46.000Z,1,0x273a5d3e6721b9f5c1a6474f560c1334c63dda01,sell,0x8727c112c712c4a03371ac87a74dd6ab104af768,0x74ae0c48bd921b8fbe4ef8435fe2f43b8c782b459d77893820f9a38caa0c782d
11,0.01,0.0000098,0x273a5d3e6721b9f5c1a6474f560c1334c63dda01,2017-10-22T09:29:46.000Z,0.00098,0x153685a03c2025b6825ae164e2ff5681ee487667,buy,0x8727c112c712c4a03371ac87a74dd6ab104af768,0x74ae0c48bd921b8fbe4ef8435fe2f43b8c782b459d77893820f9a38caa0c782d
12,0.00000997,0.000997,0x153685a03c2025b6825ae164e2ff5681ee487667,2017-10-22T09:28:03.000Z,100,0x273a5d3e6721b9f5c1a6474f560c1334c63dda01,sell,0x8727c112c712c4a03371ac87a74dd6ab104af768,0x1694e6de3aaf57a3c263a20645a5bff20a8d6f1f875020c88c193a41ca896b9a
13,0.00001,0.0000000098,0x273a5d3e6721b9f5c1a6474f560c1334c63dda01,2017-10-22T09:28:03.000Z,0.00098,0x153685a03c2025b6825ae164e2ff5681ee487667,buy,0x8727c112c712c4a03371ac87a74dd6ab104af768,0x1694e6de3aaf57a3c263a20645a5bff20a8d6f1f875020c88c193a41ca896b9a
14,8.860535176,0.016666666666056,0x5d5065b42bdee0274e394ba9042c21e1818c69cf,2017-10-19T09:35:49.000Z,0.001881,0x153685a03c2025b6825ae164e2ff5681ee487667,sell,0x8727c112c712c4a03371ac87a74dd6ab104af768,0x334f75f7bf577b48ef65a594a0e9da7aecf6171fb7e8fd2973db5396a4df072e
15,1,0.002,0x3ac636ac5c3a2576156ac5f10066ca68abe0ad54,2017-10-18T19:01:13.000Z,0.002,0xcc20809d35d8465efcde023cb95fc092eec0e135,buy,0x8727c112c712c4a03371ac87a74dd6ab104af768,0x0a2f4c36f227886b6f4faf610c346e4e965ca27b7487bdc20bda68f7f813fdfe
16,0.2631578947368421,0.0005,0xf9695cd65d6dfdf257fab76a3eb0cb8f001971cc,2017-10-18T15:18:47.000Z,0.0019,0xcc20809d35d8465efcde023cb95fc092eec0e135,buy,0x8727c112c712c4a03371ac87a74dd6ab104af768,0x4cd4341cc4bd83348144237a71f14bd74f9812966fa0f530833e298e19bbcb9a
17,0.2631578947368421,0.0005,0x379374d13077e8867ef31803c37baf9785a17c00,2017-10-18T15:18:47.000Z,0.0019,0xcc20809d35d8465efcde023cb95fc092eec0e135,buy,0x8727c112c712c4a03371ac87a74dd6ab104af768,0x39f67684e91ffad37391331601f988d7eafe62b6983e68eddcba844c3aa15ef7
18,0.25,0.0005,0x16e5d97bbc92417e051e3b2cabfbf8ceea2acb9c,2017-10-17T17:51:23.000Z,0.002,0x6115ab07ccf776b3f5b2bec6ea58ab603cf17740,buy,0x8727c112c712c4a03371ac87a74dd6ab104af768,0xa4db257b20291fb0e447a56c2b6f0c04e6ac86a9daa2d432007e3a1d13e59327
19,0.25,0.0005,0x42c24a83bded723edfdf5883bc7efb30bc1a1bf3,2017-10-17T15:36:51.000Z,0.002,0x6115ab07ccf776b3f5b2bec6ea58ab603cf17740,buy,0x8727c112c712c4a03371ac87a74dd6ab104af768,0x48ad349551362b745f7a8b304e0cc62d5ba83f7f2fe89e1f8de27054968eae31
20,0.2,0.0005,0xcd912af5286dc0b0a23edb30209734ecb60838b3,2017-10-17T05:31:09.000Z,0.0025,0x28703a76ef928496df603fcc08f15c83515dcfb0,buy,0x8727c112c712c4a03371ac87a74dd6ab104af768,0x3c3457b20f845cc9b5120a314414850e3ed87b6c56071ebe5121299d5b509fd5
21,35.72416377227767,0.07144832754455534,0x41f02a16d182039eb37ee57f50c59f9c6911dab9,2017-10-16T23:18:01.000Z,0.002,0x21eb3d6b90bc60a8f456f6924246402dfedd7775,buy,0x8727c112c712c4a03371ac87a74dd6ab104af768,0xafc0e6dffa7ff01401f57bf9652ed03166e4143a2e0b1628e6064342c19e3b66
22,59.00861024908647,0.11801663041207046,0x41f02a16d182039eb37ee57f50c59f9c6911dab9,2017-10-16T23:17:51.000Z,0.00199999,0xc770cf32ac774ab29bd3dc429bc3579ee8c3852c,buy,0x8727c112c712c4a03371ac87a74dd6ab104af768,0x871cb8486ee029c9a805c77744b1e0204c407df80692a95cccb0ab321b8d2cf8
23,2.990743759021224,0.005981457610604857,0x20c94666cb2a5bfa1768d64bc086dc0cd4606ea0,2017-10-15T19:01:22.000Z,0.00199999,0xc770cf32ac774ab29bd3dc429bc3579ee8c3852c,buy,0x8727c112c712c4a03371ac87a74dd6ab104af768,0x065cc5138229532ea9e9c7dd6d21001e444cbbaac5a79eaed67bb68e54334fa7
24,0.000645991892301961,0.000001291977324685,0x20c94666cb2a5bfa1768d64bc086dc0cd4606ea0,2017-10-15T18:41:09.000Z,0.0019999900000000014,0xc770cf32ac774ab29bd3dc429bc3579ee8c3852c,buy,0x8727c112c712c4a03371ac87a74dd6ab104af768,0xee6e29f02bf2ea44b8da1de365733337fc17a6c461aebc5fb8a022c05e6efeeb
25,62,0.124,0xc770cf32ac774ab29bd3dc429bc3579ee8c3852c,2017-10-14T22:24:16.000Z,0.002,0x21eb3d6b90bc60a8f456f6924246402dfedd7775,buy,0x8727c112c712c4a03371ac87a74dd6ab104af768,0x993509eafaaad1efcaddae57e74723254355f3698ca8e851aa56f2dec9248aa9
26,73.855,0.09999967,0xb44172eb7ef330b3bebda2d9167b3a23e84b271f,2017-10-06T06:01:12.000Z,0.001354,0x28703a76ef928496df603fcc08f15c83515dcfb0,buy,0x8727c112c712c4a03371ac87a74dd6ab104af768,0xc2ace3f7e84d948ed122da00e2ddf18beff96c13a618b496afcc1a55980d43a4
27,0.5,0.000677,0x0024a5046fd95c5eee6db19a69ef7ed3bacd50f1,2017-10-04T11:28:46.000Z,0.001354,0x28703a76ef928496df603fcc08f15c83515dcfb0,buy,0x8727c112c712c4a03371ac87a74dd6ab104af768,0xba9017a483537fe8fdca5b5eddf9b51c5cc81e65a60b70866c5f41b2b83d318c
28,5,0.00338985,0xc73604d0514ac01e63513d07601e7e98f2f117b4,2017-10-03T09:54:03.000Z,0.00067797,0x28703a76ef928496df603fcc08f15c83515dcfb0,buy,0x8727c112c712c4a03371ac87a74dd6ab104af768,0x78acccc040a8d05b46eff1a6a29f4bb385498fd9c6d68ad80503d704d822aec0
29,0.1,0.001,0xa0be78d2bac6a692adba423c7af50ec86a18bddf,2017-09-28T12:17:29.000Z,0.01,0x28703a76ef928496df603fcc08f15c83515dcfb0,buy,0x8727c112c712c4a03371ac87a74dd6ab104af768,0x83c66bceafcb818b4a90095877db9f10833988385f7730829b682d5a2cb9c7bf
30,1,0.01,0x28703a76ef928496df603fcc08f15c83515dcfb0,2017-09-17T13:44:57.000Z,0.01,0x28703a76ef928496df603fcc08f15c83515dcfb0,buy,0x8727c112c712c4a03371ac87a74dd6ab104af768,0x043c66cb3f3b13504f7c892a3417a89fbfcc6f12b2acedb33569fb5c456b8ab2
31,1,0.01,0x28703a76ef928496df603fcc08f15c83515dcfb0,2017-09-17T13:44:52.000Z,0.01,0x28703a76ef928496df603fcc08f15c83515dcfb0,buy,0x8727c112c712c4a03371ac87a74dd6ab104af768,0x043c66cb3f3b13504f7c892a3417a89fbfcc6f12b2acedb33569fb5c456b8ab2
32,0.716346064757267,0.012894229165630808,0x28703a76ef928496df603fcc08f15c83515dcfb0,2017-09-14T03:14:44.000Z,0.018,0x28703a76ef928496df603fcc08f15c83515dcfb0,buy,0x8727c112c712c4a03371ac87a74dd6ab104af768,0x94d6b29ea77ea1354390848a54d9a8ffe091a5a875f44d6a62623728d5c57dc0
33,0.7184948880692077,0.012932907985245738,0x28703a76ef928496df603fcc08f15c83515dcfb0,2017-09-14T03:11:07.000Z,0.018,0x28703a76ef928496df603fcc08f15c83515dcfb0,buy,0x8727c112c712c4a03371ac87a74dd6ab104af768,0x710c5baae14961bb1ad56025ae972e111fd9168aa998cb44646127640c842fc3
34,0.5,0.009,0x28703a76ef928496df603fcc08f15c83515dcfb0,2017-09-14T01:48:58.000Z,0.018,0x28703a76ef928496df603fcc08f15c83515dcfb0,buy,0x8727c112c712c4a03371ac87a74dd6ab104af768,0x84bb86f0f5eec1dae32f600f27800f0c2fb60794df7896788e720a84641412d8
