,amount,amountBase,buyer,date,price,seller,side,tokenAddr,txHash
0,5000,0.003,0xb85d14ab22a69276e57f24130ce4215e5ffe7dc0,2017-11-01T01:25:13.000Z,0.0000006,0x4befefcaec71e5603f7a2dd59c3827dafa328e1d,buy,0x1040613788e99c1606bd133db0ed7f7dbdf0cc80,0x9dfb3b0efb9f074b99392f2e944c997a580fc3435493aec4e82bc8a04db32f73
1,11000,0.0055,0x4befefcaec71e5603f7a2dd59c3827dafa328e1d,2017-10-31T12:00:48.000Z,0.0000005,0xe6dce38a61edba2cd7dc0be24aa42f1c1bd3de0c,sell,0x1040613788e99c1606bd133db0ed7f7dbdf0cc80,0x3da258c41f2bdb988b632043799f161843e4285dd8c59c002f9d0800913488a6
2,250000,0.125,0xe6dce38a61edba2cd7dc0be24aa42f1c1bd3de0c,2017-10-31T05:31:11.000Z,0.0000005,0x374c5caa53a1418113f9b96098ad631678b864f8,sell,0x1040613788e99c1606bd133db0ed7f7dbdf0cc80,0xb915ab8abc658a0a11e1f9513db7fd5b028f73711344327fed368f13dd24a671
3,26332,0.0184324,0xe6dce38a61edba2cd7dc0be24aa42f1c1bd3de0c,2017-10-29T18:55:24.000Z,0.0000007,0xfe4856ea92a3d9fe3691f332cb5344072ac061d1,buy,0x1040613788e99c1606bd133db0ed7f7dbdf0cc80,0xd06e1a753221a43743df587547ad331ade277f7778161ac85debf8bc12b1219a
4,6666,0.0046662,0x035392de57aa4fe343d86494103dbe1b068a56c6,2017-10-29T12:58:16.000Z,0.0000007,0xfe4856ea92a3d9fe3691f332cb5344072ac061d1,buy,0x1040613788e99c1606bd133db0ed7f7dbdf0cc80,0x93bcefd8ecb46dc644fb8848406376c3815702e62da4990264a62ac905c1738c
5,2,0.0000014,0x6cdea8e07bf82d7a07dbf36642d6e5be8623845c,2017-10-29T11:41:54.000Z,0.0000007,0xfe4856ea92a3d9fe3691f332cb5344072ac061d1,buy,0x1040613788e99c1606bd133db0ed7f7dbdf0cc80,0x842feae8e57ddc690829b0cbdf9e0dc769e041033ae9b9b745fa49be5849bb4f
6,501,0.0005,0xe444a40689f51f63bcd29910622035707d533d29,2017-10-28T21:03:51.000Z,0.00000099800399201596,0x9b12d296a33f888e4f636107fbea1468167ff43c,buy,0x1040613788e99c1606bd133db0ed7f7dbdf0cc80,0x666ce6511398b5d81e25fceca9683cb2fcda2a47d001975cc1f1d0b85b570402
7,501,0.0005,0x34f9560c63078eb61872a4dc2ccd20e21c34feaf,2017-10-28T21:02:34.000Z,0.00000099800399201596,0x9b12d296a33f888e4f636107fbea1468167ff43c,buy,0x1040613788e99c1606bd133db0ed7f7dbdf0cc80,0xb32eb7a15077a91691e697743a65d3b76b7f7fcaf3d413c9010b8e10103878c0
8,3987,0.00167454,0xb3c05ff1cac9f6de9085dd5a964de704ed0e667c,2017-10-28T04:39:52.000Z,0.00000042,0xbd56fe45cafbc7b90619e0b14b65a0a2b5c9da39,sell,0x1040613788e99c1606bd133db0ed7f7dbdf0cc80,0xb8a4cf465285f42136db7129be82d878a3494810749bf992fde10bfd6c1e01db
9,4000,0.004,0xbd56fe45cafbc7b90619e0b14b65a0a2b5c9da39,2017-10-26T20:14:19.000Z,0.000001,0x374c5caa53a1418113f9b96098ad631678b864f8,buy,0x1040613788e99c1606bd133db0ed7f7dbdf0cc80,0x6e5ccc2565fc3a9069771c442b85d9c4732ba51e92fa552f7d1adbd5715fb67a
10,199578,0.19957842965316944,0x4be5bd40d06c8a34c72ce12b66cc480b28bb7ce0,2017-10-26T10:35:10.000Z,0.00000100000215280827,0x374c5caa53a1418113f9b96098ad631678b864f8,buy,0x1040613788e99c1606bd133db0ed7f7dbdf0cc80,0x9630a4d6e1a19cb9852f1117571901f7657cbf8a4920ff353414a883d87380e5
11,10000,0.01,0x0fe6090affd0b5ba58586ab18fe575a51911d098,2017-10-26T04:29:28.000Z,0.000001,0x02f3f615dad26e296bec71632d7d3fdb702dae7c,sell,0x1040613788e99c1606bd133db0ed7f7dbdf0cc80,0x9b6ca75d825701f7884dbb6f6649775bd52215dab8915b989a698ba591813aef
12,1,0.0000021,0x3ac636ac5c3a2576156ac5f10066ca68abe0ad54,2017-10-26T03:25:17.000Z,0.0000021,0x374c5caa53a1418113f9b96098ad631678b864f8,buy,0x1040613788e99c1606bd133db0ed7f7dbdf0cc80,0x2b2a2b0ba25d213f1b3197cc560c04092418f75da27d36bd3ab211975cba8f50
13,5000,0.005,0xb49b884b29e25ba3ab4d772c1b9322886a7696d7,2017-10-26T01:09:22.000Z,0.000001,0x374c5caa53a1418113f9b96098ad631678b864f8,buy,0x1040613788e99c1606bd133db0ed7f7dbdf0cc80,0xdd9c349aa7f550c8b78fbea8e3816885cc4698291384cf5145ceef83f03ae569
14,5281,0.005281941009175596,0x52494d5f5b43840df370d76b723055be7832c27d,2017-10-25T22:31:09.000Z,0.0000010001781876871,0x374c5caa53a1418113f9b96098ad631678b864f8,buy,0x1040613788e99c1606bd133db0ed7f7dbdf0cc80,0x0fd73bdf90aba40b83c3fb230a4b2147981c9d806326eaf35e5906c5d955c335
15,24245,0.024245,0x374c5caa53a1418113f9b96098ad631678b864f8,2017-10-25T11:50:07.000Z,0.000001,0xc59229053c257855316c4dc7b8de669f1302bb4f,sell,0x1040613788e99c1606bd133db0ed7f7dbdf0cc80,0x988b066356204dc88361a4df8102a9dcbaae99f951ccf7b81374869c081e04e4
16,19940,0.025922,0x374c5caa53a1418113f9b96098ad631678b864f8,2017-10-25T09:35:53.000Z,0.0000013,0xd2ea382e498316d91b9de8557670149b479721a0,sell,0x1040613788e99c1606bd133db0ed7f7dbdf0cc80,0x786724086579290e8eb23de75e466a85ee99b9db66fa3826d400c6232bcf8b7b
17,20000,0.02,0xd2ea382e498316d91b9de8557670149b479721a0,2017-10-25T09:35:53.000Z,0.000001,0x374c5caa53a1418113f9b96098ad631678b864f8,buy,0x1040613788e99c1606bd133db0ed7f7dbdf0cc80,0x786724086579290e8eb23de75e466a85ee99b9db66fa3826d400c6232bcf8b7b
18,20000,0.03,0x374c5caa53a1418113f9b96098ad631678b864f8,2017-10-25T09:10:01.000Z,0.0000015,0xc59229053c257855316c4dc7b8de669f1302bb4f,sell,0x1040613788e99c1606bd133db0ed7f7dbdf0cc80,0xd282d54fcfa6b927648e7f5ffce22c8b7e67fb84e3533e827c852e2693ba2abe
19,10000,0.017,0x374c5caa53a1418113f9b96098ad631678b864f8,2017-10-25T09:08:04.000Z,0.0000017,0xc59229053c257855316c4dc7b8de669f1302bb4f,sell,0x1040613788e99c1606bd133db0ed7f7dbdf0cc80,0x50378a5d133bc70267e6670aec3b1ba9f531f4e8cda6223976dabfd309d67706
20,5000,0.01,0x374c5caa53a1418113f9b96098ad631678b864f8,2017-10-25T09:02:42.000Z,0.000002,0xc59229053c257855316c4dc7b8de669f1302bb4f,sell,0x1040613788e99c1606bd133db0ed7f7dbdf0cc80,0xcbdefd5a37ec993a39e6b4dd5b7ca6f27ad082850ac6bb573b7933e318767567
21,99,0.000693,0x2809ffb2ec6a4102beb1cc39c2a98c4d560c02dd,2017-10-24T02:29:45.000Z,0.000007,0x1d5321e125f6c7079a716705541c7b371ca79e69,sell,0x1040613788e99c1606bd133db0ed7f7dbdf0cc80,0xdc7246ccfa89424d976d503ff288347012c695bb2e1f594fe28fe9338e3be9e9
22,100,0.0005,0x1d5321e125f6c7079a716705541c7b371ca79e69,2017-10-24T02:29:45.000Z,0.000005,0xbf11ec144c8c4e95bb2063f97f83beb8363274a8,buy,0x1040613788e99c1606bd133db0ed7f7dbdf0cc80,0xdc7246ccfa89424d976d503ff288347012c695bb2e1f594fe28fe9338e3be9e9
23,100,0.0005,0x1d5321e125f6c7079a716705541c7b371ca79e69,2017-10-24T02:27:02.000Z,0.000005,0xbf11ec144c8c4e95bb2063f97f83beb8363274a8,buy,0x1040613788e99c1606bd133db0ed7f7dbdf0cc80,0x17e4cde52fa126a4a1ec65d322f37b1cad3b2d5736bfe7be43bd78d1f3926455
24,99,0.0007029,0x2809ffb2ec6a4102beb1cc39c2a98c4d560c02dd,2017-10-24T02:27:02.000Z,0.0000071,0x1d5321e125f6c7079a716705541c7b371ca79e69,sell,0x1040613788e99c1606bd133db0ed7f7dbdf0cc80,0x17e4cde52fa126a4a1ec65d322f37b1cad3b2d5736bfe7be43bd78d1f3926455
25,100,0.0005,0x1d5321e125f6c7079a716705541c7b371ca79e69,2017-10-24T02:26:55.000Z,0.000005,0xbf11ec144c8c4e95bb2063f97f83beb8363274a8,buy,0x1040613788e99c1606bd133db0ed7f7dbdf0cc80,0x7a6e8f2c0cfc0f8fd69521568754a04a2ce03874193c9230b2655165df81b6d9
26,99,0.0007128,0x2809ffb2ec6a4102beb1cc39c2a98c4d560c02dd,2017-10-24T02:26:55.000Z,0.0000072,0x1d5321e125f6c7079a716705541c7b371ca79e69,sell,0x1040613788e99c1606bd133db0ed7f7dbdf0cc80,0x7a6e8f2c0cfc0f8fd69521568754a04a2ce03874193c9230b2655165df81b6d9
27,100,0.0005,0x1d5321e125f6c7079a716705541c7b371ca79e69,2017-10-24T02:26:13.000Z,0.000005,0xbf11ec144c8c4e95bb2063f97f83beb8363274a8,buy,0x1040613788e99c1606bd133db0ed7f7dbdf0cc80,0x0a1c5872421f891667388167c6bfbc6448a921c89409f741c4a0ab2a1426d241
28,99,0.0007227,0x2809ffb2ec6a4102beb1cc39c2a98c4d560c02dd,2017-10-24T02:26:13.000Z,0.0000073,0x1d5321e125f6c7079a716705541c7b371ca79e69,sell,0x1040613788e99c1606bd133db0ed7f7dbdf0cc80,0x0a1c5872421f891667388167c6bfbc6448a921c89409f741c4a0ab2a1426d241
29,100,0.0005,0x1d5321e125f6c7079a716705541c7b371ca79e69,2017-10-24T02:24:17.000Z,0.000005,0xbf11ec144c8c4e95bb2063f97f83beb8363274a8,buy,0x1040613788e99c1606bd133db0ed7f7dbdf0cc80,0xa48a5adbccd809a14a3134daaf5c915b927567c3aaa2acb04702204581c56ebf
30,99,0.000989703,0x2809ffb2ec6a4102beb1cc39c2a98c4d560c02dd,2017-10-24T02:24:17.000Z,0.000009997,0x1d5321e125f6c7079a716705541c7b371ca79e69,sell,0x1040613788e99c1606bd133db0ed7f7dbdf0cc80,0xa48a5adbccd809a14a3134daaf5c915b927567c3aaa2acb04702204581c56ebf
31,100,0.0005,0x1d5321e125f6c7079a716705541c7b371ca79e69,2017-10-24T02:22:16.000Z,0.000005,0xbf11ec144c8c4e95bb2063f97f83beb8363274a8,buy,0x1040613788e99c1606bd133db0ed7f7dbdf0cc80,0x2ff8b75038f29f20d9c78890d208d1ee170d2656ea46f71c404028bc3e860548
32,99,0.0009897624,0x2809ffb2ec6a4102beb1cc39c2a98c4d560c02dd,2017-10-24T02:22:16.000Z,0.0000099976,0x1d5321e125f6c7079a716705541c7b371ca79e69,sell,0x1040613788e99c1606bd133db0ed7f7dbdf0cc80,0x2ff8b75038f29f20d9c78890d208d1ee170d2656ea46f71c404028bc3e860548
33,99,0.0009897624,0x2809ffb2ec6a4102beb1cc39c2a98c4d560c02dd,2017-10-24T02:20:54.000Z,0.0000099976,0x1d5321e125f6c7079a716705541c7b371ca79e69,sell,0x1040613788e99c1606bd133db0ed7f7dbdf0cc80,0x028ddb22c8ec9126e90d73d0d18a8e706e8fd90596c19df2b6e1c138db5af26e
34,100,0.0005,0x1d5321e125f6c7079a716705541c7b371ca79e69,2017-10-24T02:20:54.000Z,0.000005,0xbf11ec144c8c4e95bb2063f97f83beb8363274a8,buy,0x1040613788e99c1606bd133db0ed7f7dbdf0cc80,0x028ddb22c8ec9126e90d73d0d18a8e706e8fd90596c19df2b6e1c138db5af26e
35,99,0.000989802,0x2809ffb2ec6a4102beb1cc39c2a98c4d560c02dd,2017-10-24T02:19:39.000Z,0.000009998,0x1d5321e125f6c7079a716705541c7b371ca79e69,sell,0x1040613788e99c1606bd133db0ed7f7dbdf0cc80,0x36d60346f2759cc269ccd040c7eee0b951e2974acb24070810d07923aa53ae5c
36,100,0.0005,0x1d5321e125f6c7079a716705541c7b371ca79e69,2017-10-24T02:19:39.000Z,0.000005,0xbf11ec144c8c4e95bb2063f97f83beb8363274a8,buy,0x1040613788e99c1606bd133db0ed7f7dbdf0cc80,0x36d60346f2759cc269ccd040c7eee0b951e2974acb24070810d07923aa53ae5c
37,100,0.0009999,0x2809ffb2ec6a4102beb1cc39c2a98c4d560c02dd,2017-10-24T01:02:42.000Z,0.000009999,0x9b12d296a33f888e4f636107fbea1468167ff43c,sell,0x1040613788e99c1606bd133db0ed7f7dbdf0cc80,0xbbd7658a66cf6919e2f0e97e266a452193178d0787cd04a0c2662242016d38cd
38,234534,0.304659666,0x2809ffb2ec6a4102beb1cc39c2a98c4d560c02dd,2017-10-23T20:25:32.000Z,0.000001299,0x80bcca66f237e64a65e28e4eff02e1729ce7a22a,buy,0x1040613788e99c1606bd133db0ed7f7dbdf0cc80,0x1b36c7736c5af505537d8c151b69a320cc60d336ef12b541de70aaa38afd80f0
39,30,0.00003897,0x273a5d3e6721b9f5c1a6474f560c1334c63dda01,2017-10-23T20:11:12.000Z,0.000001299,0x80bcca66f237e64a65e28e4eff02e1729ce7a22a,buy,0x1040613788e99c1606bd133db0ed7f7dbdf0cc80,0x9e96f326a3c6482d4cc8c067bb75f6e49670e05a434408eba2469be0b3e0a93a
40,29,0.00087,0x2809ffb2ec6a4102beb1cc39c2a98c4d560c02dd,2017-10-23T20:11:12.000Z,0.00003,0x273a5d3e6721b9f5c1a6474f560c1334c63dda01,sell,0x1040613788e99c1606bd133db0ed7f7dbdf0cc80,0x9e96f326a3c6482d4cc8c067bb75f6e49670e05a434408eba2469be0b3e0a93a
41,29,0.000812,0x2809ffb2ec6a4102beb1cc39c2a98c4d560c02dd,2017-10-23T20:10:16.000Z,0.000028,0x273a5d3e6721b9f5c1a6474f560c1334c63dda01,sell,0x1040613788e99c1606bd133db0ed7f7dbdf0cc80,0xd7feb4bab71f1049050076f0b0ebfb860b3ee09de091c33befce95b516e3bd3d
42,30,0.00003897,0x273a5d3e6721b9f5c1a6474f560c1334c63dda01,2017-10-23T20:10:16.000Z,0.000001299,0x80bcca66f237e64a65e28e4eff02e1729ce7a22a,buy,0x1040613788e99c1606bd133db0ed7f7dbdf0cc80,0xd7feb4bab71f1049050076f0b0ebfb860b3ee09de091c33befce95b516e3bd3d
43,30,0.00003897,0x273a5d3e6721b9f5c1a6474f560c1334c63dda01,2017-10-23T20:10:16.000Z,0.000001299,0x80bcca66f237e64a65e28e4eff02e1729ce7a22a,buy,0x1040613788e99c1606bd133db0ed7f7dbdf0cc80,0xaecba598deffa819b8c98e76bdba066d7b126d69063e731318b244fc7a6f8342
44,29,0.000841,0x2809ffb2ec6a4102beb1cc39c2a98c4d560c02dd,2017-10-23T20:10:16.000Z,0.000029,0x273a5d3e6721b9f5c1a6474f560c1334c63dda01,sell,0x1040613788e99c1606bd133db0ed7f7dbdf0cc80,0xaecba598deffa819b8c98e76bdba066d7b126d69063e731318b244fc7a6f8342
45,99,0.002871,0x2809ffb2ec6a4102beb1cc39c2a98c4d560c02dd,2017-10-23T20:09:02.000Z,0.000029,0x273a5d3e6721b9f5c1a6474f560c1334c63dda01,sell,0x1040613788e99c1606bd133db0ed7f7dbdf0cc80,0x3c2d4b7ea866496b58fea64d9af88a453e6d03721eae8be790aad61b40f654b7
46,100,0.0001299,0x273a5d3e6721b9f5c1a6474f560c1334c63dda01,2017-10-23T20:09:02.000Z,0.000001299,0x80bcca66f237e64a65e28e4eff02e1729ce7a22a,buy,0x1040613788e99c1606bd133db0ed7f7dbdf0cc80,0x3c2d4b7ea866496b58fea64d9af88a453e6d03721eae8be790aad61b40f654b7
47,100,0.0001299,0x273a5d3e6721b9f5c1a6474f560c1334c63dda01,2017-10-23T20:08:49.000Z,0.000001299,0x80bcca66f237e64a65e28e4eff02e1729ce7a22a,buy,0x1040613788e99c1606bd133db0ed7f7dbdf0cc80,0x9b0111059a461da7e030d0131f761e4c147a4ab712a9f4845eb9c44d73e95f2b
48,99,0.00297,0x2809ffb2ec6a4102beb1cc39c2a98c4d560c02dd,2017-10-23T20:08:49.000Z,0.00003,0x273a5d3e6721b9f5c1a6474f560c1334c63dda01,sell,0x1040613788e99c1606bd133db0ed7f7dbdf0cc80,0x9b0111059a461da7e030d0131f761e4c147a4ab712a9f4845eb9c44d73e95f2b
49,99700,0.2991,0x2809ffb2ec6a4102beb1cc39c2a98c4d560c02dd,2017-10-23T20:07:56.000Z,0.000003,0x7fb12f636f08e0dda68ab69a2dd2a3dc48671ad8,buy,0x1040613788e99c1606bd133db0ed7f7dbdf0cc80,0x3f9b150ce3570c3739de68139199c33c38560c454e7ba560ef7e76150c71232b
50,6629,0.013258,0x2809ffb2ec6a4102beb1cc39c2a98c4d560c02dd,2017-10-23T20:07:56.000Z,0.000002,0x7f737569526f43d7b5ced06403f4fbb3b14bbde3,buy,0x1040613788e99c1606bd133db0ed7f7dbdf0cc80,0x2628e7ef04e261fcca68aa89a1ae5e683053e535b657c98d3ebfc4fa5c162ef5
51,792223,0.6337784,0x2809ffb2ec6a4102beb1cc39c2a98c4d560c02dd,2017-10-23T20:07:26.000Z,0.0000008,0x80bcca66f237e64a65e28e4eff02e1729ce7a22a,buy,0x1040613788e99c1606bd133db0ed7f7dbdf0cc80,0x4c944648d78308ba0845cbe144e49071f6395e6b0c24621ffd03e18c0e366cc3
52,789000,0.7101,0x2809ffb2ec6a4102beb1cc39c2a98c4d560c02dd,2017-10-23T20:07:26.000Z,0.0000009,0x80bcca66f237e64a65e28e4eff02e1729ce7a22a,buy,0x1040613788e99c1606bd133db0ed7f7dbdf0cc80,0x1e39599d12408d8dad713b70a63ba7e6191f279858eba4ea6014ec31b1b9dcfe
53,7777,0.0062216,0x54b59cbea68b581f1fa6ae1c3d5ea0643e8e2378,2017-10-23T15:56:52.000Z,0.0000008,0x80bcca66f237e64a65e28e4eff02e1729ce7a22a,buy,0x1040613788e99c1606bd133db0ed7f7dbdf0cc80,0x8afb0bb0727e55cb16567a24e02c1444b82433f9b92990ee3a7a44eaa376c937
54,13000,0.0104,0xfe4856ea92a3d9fe3691f332cb5344072ac061d1,2017-10-23T14:46:22.000Z,0.0000008,0x80bcca66f237e64a65e28e4eff02e1729ce7a22a,sell,0x1040613788e99c1606bd133db0ed7f7dbdf0cc80,0xd6591086b57042492d74c709a9683962d5c24eb3ac9b64c57b8b82fe21ae07dd
55,26000,0.0208,0x0cb88a60f558c10dd233652b931587d189183c77,2017-10-23T14:45:12.000Z,0.0000008,0x80bcca66f237e64a65e28e4eff02e1729ce7a22a,sell,0x1040613788e99c1606bd133db0ed7f7dbdf0cc80,0x6771d719e0bffd1c4434e549a4f83029afc9a731fe80448f07e3a127ed55242b
56,59003,0.047261403,0xe5113b174ce44a53f320d7988212cea10ffaa8f7,2017-10-23T14:43:51.000Z,0.000000801,0x80bcca66f237e64a65e28e4eff02e1729ce7a22a,sell,0x1040613788e99c1606bd133db0ed7f7dbdf0cc80,0xbc91418a1c225b50fb9cf75208ed8af0c92ded960b55505bd60a1879223da2ea
57,400000,0.34,0xbf11ec144c8c4e95bb2063f97f83beb8363274a8,2017-10-23T11:09:17.000Z,0.00000085,0x374c5caa53a1418113f9b96098ad631678b864f8,buy,0x1040613788e99c1606bd133db0ed7f7dbdf0cc80,0x6b526784304347d4961c9b0f14b67916b456b0a13499170fb723ec32e9ef95c3
58,1,0.000000801,0xe5113b174ce44a53f320d7988212cea10ffaa8f7,2017-10-23T11:03:24.000Z,0.000000801,0xc7f69616492dc7aee96fea640fb99e6fdfd7ab52,sell,0x1040613788e99c1606bd133db0ed7f7dbdf0cc80,0xf083adbfe6846153cc024c7c9f5a63565e5a742976a1b515ec03f5dc6d762c15
59,996,0.000797796,0xe5113b174ce44a53f320d7988212cea10ffaa8f7,2017-10-23T11:02:08.000Z,0.000000801,0xc7f69616492dc7aee96fea640fb99e6fdfd7ab52,sell,0x1040613788e99c1606bd133db0ed7f7dbdf0cc80,0xaf1e2450570c8d7ca707a28968659be27e5df08ba6f5dbfb83d8acc8be5144f9
60,10000,0.009,0x1d5321e125f6c7079a716705541c7b371ca79e69,2017-10-23T01:03:33.000Z,0.0000009,0x80bcca66f237e64a65e28e4eff02e1729ce7a22a,buy,0x1040613788e99c1606bd133db0ed7f7dbdf0cc80,0x6f8b1cc856e89e9fa67d1d3e61f754b5d0f835e127e0b591a8cfe024309188da
61,9970,0.0090727,0x52494d5f5b43840df370d76b723055be7832c27d,2017-10-23T01:03:33.000Z,0.00000091,0x1d5321e125f6c7079a716705541c7b371ca79e69,sell,0x1040613788e99c1606bd133db0ed7f7dbdf0cc80,0x6f8b1cc856e89e9fa67d1d3e61f754b5d0f835e127e0b591a8cfe024309188da
62,100,0.0001299,0x2809ffb2ec6a4102beb1cc39c2a98c4d560c02dd,2017-10-22T20:19:07.000Z,0.000001299,0x80bcca66f237e64a65e28e4eff02e1729ce7a22a,buy,0x1040613788e99c1606bd133db0ed7f7dbdf0cc80,0x31551f722a89e5f294fcc452e48bcab31601bc06a28a02594cb85e97088f407c
63,320573,0.2885158008,0x02f3f615dad26e296bec71632d7d3fdb702dae7c,2017-10-22T20:01:15.000Z,0.00000090000031443696,0x374c5caa53a1418113f9b96098ad631678b864f8,buy,0x1040613788e99c1606bd133db0ed7f7dbdf0cc80,0xd0b2078db6f18df461e97b64e5b9fea0746044709e5e6f66823edb25cdc3e795
64,59426,0.05348419898315223,0xc59229053c257855316c4dc7b8de669f1302bb4f,2017-10-22T18:02:15.000Z,0.00000090001344500979,0x374c5caa53a1418113f9b96098ad631678b864f8,buy,0x1040613788e99c1606bd133db0ed7f7dbdf0cc80,0x0bbabf555c9b2ab39ddab47cb1dfb3cbbc28b4a4471dae429761e44b720c819d
65,15000,0.0135,0xe6dce38a61edba2cd7dc0be24aa42f1c1bd3de0c,2017-10-22T17:38:51.000Z,0.0000009,0x5b47d6648e6db8e7f543ad21b548d98a45c3f925,sell,0x1040613788e99c1606bd133db0ed7f7dbdf0cc80,0xa4b63c121b099888eba57368a336d2a86e156ccc53116cf4e5fe81d2a216ffe9
66,60000,0.054,0x5b47d6648e6db8e7f543ad21b548d98a45c3f925,2017-10-22T17:34:28.000Z,0.0000009,0x374c5caa53a1418113f9b96098ad631678b864f8,buy,0x1040613788e99c1606bd133db0ed7f7dbdf0cc80,0x1a573cd1e78798650f7997b3e93ee40118eb78b7314ec08a3d4e612c3b5550a8
67,60000,0.054,0x5b47d6648e6db8e7f543ad21b548d98a45c3f925,2017-10-22T17:33:41.000Z,0.0000009,0x374c5caa53a1418113f9b96098ad631678b864f8,buy,0x1040613788e99c1606bd133db0ed7f7dbdf0cc80,0xeba98030779523cee197ea27acdbf8a5ec86fb4b2e3669994e958ba4ebac0dcb
68,99700,0.094715,0x7fb12f636f08e0dda68ab69a2dd2a3dc48671ad8,2017-10-22T17:33:41.000Z,0.00000095,0x273a5d3e6721b9f5c1a6474f560c1334c63dda01,sell,0x1040613788e99c1606bd133db0ed7f7dbdf0cc80,0x3ffb71d645dd6e4b4c57d1dd49e044a9946c10e83232a4519f1fd9070587d364
69,100000,0.09,0x273a5d3e6721b9f5c1a6474f560c1334c63dda01,2017-10-22T17:33:41.000Z,0.0000009,0x374c5caa53a1418113f9b96098ad631678b864f8,buy,0x1040613788e99c1606bd133db0ed7f7dbdf0cc80,0x3ffb71d645dd6e4b4c57d1dd49e044a9946c10e83232a4519f1fd9070587d364
70,1000,0.001499,0x693de8556b4118333a571c4263c9b28698125f54,2017-10-22T12:45:18.000Z,0.000001499,0x80bcca66f237e64a65e28e4eff02e1729ce7a22a,buy,0x1040613788e99c1606bd133db0ed7f7dbdf0cc80,0xa98b6b4de208e3ddcbad71e6852f94e112948c2e1af5409ee5368df89822e303
71,650000,0.4615,0x80bcca66f237e64a65e28e4eff02e1729ce7a22a,2017-10-22T12:40:46.000Z,0.00000071,0x374c5caa53a1418113f9b96098ad631678b864f8,buy,0x1040613788e99c1606bd133db0ed7f7dbdf0cc80,0xc21744aafee464ca76da7f260b3035891a48555583769fd1a67b38fac387ca64
72,10000,0.0071,0xfe4856ea92a3d9fe3691f332cb5344072ac061d1,2017-10-22T12:36:33.000Z,0.00000071,0x374c5caa53a1418113f9b96098ad631678b864f8,buy,0x1040613788e99c1606bd133db0ed7f7dbdf0cc80,0x5062bfd010e2f97b0b48820f61c84cc07a64e0317e44ceeec0d7a34c0e20722d
73,10000,0.01499,0xfe4856ea92a3d9fe3691f332cb5344072ac061d1,2017-10-22T11:36:29.000Z,0.000001499,0x80bcca66f237e64a65e28e4eff02e1729ce7a22a,buy,0x1040613788e99c1606bd133db0ed7f7dbdf0cc80,0x9b56dd3d80207e3fdb4f780cdd10b4cc3418100461c3628f1c1573293a22c398
74,6629,0.009938287112949855,0x7f737569526f43d7b5ced06403f4fbb3b14bbde3,2017-10-22T09:47:14.000Z,0.00000149921362391761,0x80bcca66f237e64a65e28e4eff02e1729ce7a22a,buy,0x1040613788e99c1606bd133db0ed7f7dbdf0cc80,0x6e0d3a0e0b6d78d4a2a3bea9013b965bfa492e1ae16d0b30ffe55b6ffee9775e
75,550000,0.3905,0x80bcca66f237e64a65e28e4eff02e1729ce7a22a,2017-10-22T09:00:42.000Z,0.00000071,0x374c5caa53a1418113f9b96098ad631678b864f8,buy,0x1040613788e99c1606bd133db0ed7f7dbdf0cc80,0x39e9a1fad2cb84d1725aa0d805a7c0e4167c3be372f2188f7d39501786c7160d
76,110000,0.0781,0x7b1439f7f6488bc1b8d673b9f16ee245024bd7cf,2017-10-22T07:54:27.000Z,0.00000071,0x374c5caa53a1418113f9b96098ad631678b864f8,buy,0x1040613788e99c1606bd133db0ed7f7dbdf0cc80,0x10ca897003c7141eb693315e25dc9429874a43daabd0b79ffaeeedf344f001db
77,337,0.0005,0x42c24a83bded723edfdf5883bc7efb30bc1a1bf3,2017-10-22T05:01:04.000Z,0.00000148367952522255,0x374c5caa53a1418113f9b96098ad631678b864f8,buy,0x1040613788e99c1606bd133db0ed7f7dbdf0cc80,0x62622ca34089c4f9591df0799c244b4866ce6a882dbf4c1ac9c79a63d18e9655
78,337,0.0005,0xcd912af5286dc0b0a23edb30209734ecb60838b3,2017-10-22T04:58:26.000Z,0.00000148367952522255,0x374c5caa53a1418113f9b96098ad631678b864f8,buy,0x1040613788e99c1606bd133db0ed7f7dbdf0cc80,0xfd47832dc86246a46f91bf715fea53efbfc60d6ccd62ad92be8471673f0f1d65
79,337,0.0005,0xf9695cd65d6dfdf257fab76a3eb0cb8f001971cc,2017-10-22T04:36:40.000Z,0.00000148367952522255,0x374c5caa53a1418113f9b96098ad631678b864f8,buy,0x1040613788e99c1606bd133db0ed7f7dbdf0cc80,0x2367734b4ca8f7fff593627787ca8a14d072e074b31f9e951ed5f8adbcacc7ba
80,384,0.0005,0x379374d13077e8867ef31803c37baf9785a17c00,2017-10-22T01:46:16.000Z,0.00000130208333333333,0x1e71d58dbce68549948bdbd7b026501c4e17231e,buy,0x1040613788e99c1606bd133db0ed7f7dbdf0cc80,0x70a528bda2ad3c101201f71a7e125d8740af12853303f9ea45cd08c25dae1b0d
81,384,0.0005,0x16e5d97bbc92417e051e3b2cabfbf8ceea2acb9c,2017-10-22T01:45:35.000Z,0.00000130208333333333,0x1e71d58dbce68549948bdbd7b026501c4e17231e,buy,0x1040613788e99c1606bd133db0ed7f7dbdf0cc80,0x4279fec7b7533800d7bb452f17daee757e56c99a49d84574229b502301808095
82,50000,0.03505,0xe5113b174ce44a53f320d7988212cea10ffaa8f7,2017-10-22T00:26:56.000Z,0.000000701,0x80bcca66f237e64a65e28e4eff02e1729ce7a22a,sell,0x1040613788e99c1606bd133db0ed7f7dbdf0cc80,0x1861ac529f4657923677314f4e6d01e2047e47337640400d4b14c9e36ceb15b1
83,49000,0.0441,0xe5113b174ce44a53f320d7988212cea10ffaa8f7,2017-10-22T00:12:31.000Z,0.0000009,0x1e71d58dbce68549948bdbd7b026501c4e17231e,buy,0x1040613788e99c1606bd133db0ed7f7dbdf0cc80,0x1efbb7153e565f63606c29629594465805868ac2d09b1262d9593920fdb315e7
84,49845,0.029907,0x1e71d58dbce68549948bdbd7b026501c4e17231e,2017-10-21T17:54:54.000Z,0.0000006,0x3e7d005ed164cc1b2066279cf625a0960281dfb2,sell,0x1040613788e99c1606bd133db0ed7f7dbdf0cc80,0x41f879f35b91e3c8f9a0a7a1b7867d2f4f6c5245fe570c9aaed3e6fa8577ebf6
85,300000,0.18,0x80bcca66f237e64a65e28e4eff02e1729ce7a22a,2017-10-21T16:08:53.000Z,0.0000006,0x374c5caa53a1418113f9b96098ad631678b864f8,buy,0x1040613788e99c1606bd133db0ed7f7dbdf0cc80,0x48e88b606b78fa5145e1b9389519b6acdf00461366bdbb0be66fd649e9ba8f58
86,500000,0.3,0x80bcca66f237e64a65e28e4eff02e1729ce7a22a,2017-10-21T16:03:55.000Z,0.0000006,0x374c5caa53a1418113f9b96098ad631678b864f8,buy,0x1040613788e99c1606bd133db0ed7f7dbdf0cc80,0x4d5bfb9d0f61a8b99741474811c5ec8e89a47557a000c6c1f87451b6b4b6a6a1
87,700000,0.42,0x67c8d4cfa960edeef6bcae17582f95ed56cdc1f2,2017-10-21T14:05:04.000Z,0.0000006,0x374c5caa53a1418113f9b96098ad631678b864f8,buy,0x1040613788e99c1606bd133db0ed7f7dbdf0cc80,0x3c29d9a135e48ac2316184fd082358e5a6329a8ab5534e0aa01d741ec70b44c7
88,10000,0.1999,0x67c8d4cfa960edeef6bcae17582f95ed56cdc1f2,2017-10-21T14:00:49.000Z,0.00001999,0x30cc7963fc6d28b659060f6df9087fe5b3a12007,buy,0x1040613788e99c1606bd133db0ed7f7dbdf0cc80,0x4bdd0ac5dce91fba64260d79a877f3a1d9cbbfec91890fa21bae8ddcdba710b9
89,50000,0.095,0x67c8d4cfa960edeef6bcae17582f95ed56cdc1f2,2017-10-21T14:00:30.000Z,0.0000019,0x1e71d58dbce68549948bdbd7b026501c4e17231e,buy,0x1040613788e99c1606bd133db0ed7f7dbdf0cc80,0x3710d5011c9cc64e5d1d37e4fb443731ca49a1319548bddecb751ae0643303b8
90,50000,0.06,0x67c8d4cfa960edeef6bcae17582f95ed56cdc1f2,2017-10-21T14:00:02.000Z,0.0000012,0x1e71d58dbce68549948bdbd7b026501c4e17231e,buy,0x1040613788e99c1606bd133db0ed7f7dbdf0cc80,0x5dd41ae1ca18fd7a868ca0b65efcc40f62e199f7cf8cfca886beea213c74299d
91,600000,0.3,0x06c6fea19f72ffeccb0326805b723ae3cae131ca,2017-10-21T13:18:02.000Z,0.0000005,0x374c5caa53a1418113f9b96098ad631678b864f8,buy,0x1040613788e99c1606bd133db0ed7f7dbdf0cc80,0x0f1608adf9bc0a3f6e0b5b3cfd6d8e3d95c4b8645cd2f59a3f77271cfbd51ec4
92,50000,0.025,0x3e7d005ed164cc1b2066279cf625a0960281dfb2,2017-10-21T12:11:26.000Z,0.0000005,0x374c5caa53a1418113f9b96098ad631678b864f8,buy,0x1040613788e99c1606bd133db0ed7f7dbdf0cc80,0xf9a4d4c90d0f11ab3ef25312f68c4c4d466beca01960ef18625d59465477c383
93,875000,0.3675,0x2809ffb2ec6a4102beb1cc39c2a98c4d560c02dd,2017-10-21T11:53:51.000Z,0.00000042,0x374c5caa53a1418113f9b96098ad631678b864f8,buy,0x1040613788e99c1606bd133db0ed7f7dbdf0cc80,0x8ad670e57e2db8283302607890e38b041b6743ef3aa5ca267bdd9212bc100654
94,15000,0.0063,0x5b47d6648e6db8e7f543ad21b548d98a45c3f925,2017-10-21T11:52:21.000Z,0.00000042,0x374c5caa53a1418113f9b96098ad631678b864f8,buy,0x1040613788e99c1606bd133db0ed7f7dbdf0cc80,0xc18ecf37918b75626de1bf6eb0e55703a7b831834f688df355259810dafc12da
95,100000,0.042,0x27849f835bb345a26dffbfa7a8863c387b546730,2017-10-21T10:33:49.000Z,0.00000042,0x374c5caa53a1418113f9b96098ad631678b864f8,buy,0x1040613788e99c1606bd133db0ed7f7dbdf0cc80,0x0e2e8a1826b20a151973ff0d81ba562087298b8694f83dc6f6dfe6e1ad23cb91
96,10000,0.0042,0x30cc7963fc6d28b659060f6df9087fe5b3a12007,2017-10-21T10:11:58.000Z,0.00000042,0x374c5caa53a1418113f9b96098ad631678b864f8,buy,0x1040613788e99c1606bd133db0ed7f7dbdf0cc80,0x65ce76bb5aa5a1c7fdc4929fe6d9496ec75bd00a1f7cbb41dd84e00544b6efe9
97,2000000,0.84,0x9b12d296a33f888e4f636107fbea1468167ff43c,2017-10-21T10:08:55.000Z,0.00000042,0x374c5caa53a1418113f9b96098ad631678b864f8,sell,0x1040613788e99c1606bd133db0ed7f7dbdf0cc80,0xa66c09f91fd40ed20d76139928a2e244a575ca1f78d8dde3783b3c5fd732289e
98,30000,0.021,0x02f3f615dad26e296bec71632d7d3fdb702dae7c,2017-10-21T09:26:45.000Z,0.0000007,0x374c5caa53a1418113f9b96098ad631678b864f8,buy,0x1040613788e99c1606bd133db0ed7f7dbdf0cc80,0xd8d83753c1916030e25c67b7b878f6209cf6149794fb0915171a67581e9c31a7
99,56000,0.0336,0x02f3f615dad26e296bec71632d7d3fdb702dae7c,2017-10-21T09:26:25.000Z,0.0000006,0x374c5caa53a1418113f9b96098ad631678b864f8,buy,0x1040613788e99c1606bd133db0ed7f7dbdf0cc80,0xf188f3fd82676b0877ad437854fecd3edc3abe274d6eeb162097fd09aa5802fa
100,100000,0.06,0x1e71d58dbce68549948bdbd7b026501c4e17231e,2017-10-21T09:19:11.000Z,0.0000006,0x374c5caa53a1418113f9b96098ad631678b864f8,sell,0x1040613788e99c1606bd133db0ed7f7dbdf0cc80,0x38568a920eb7420d55aa2181f2790a912d811f2958ff4a40be7a3d790a8484bd
101,120,0.0024,0x02f3f615dad26e296bec71632d7d3fdb702dae7c,2017-10-21T08:58:44.000Z,0.00002,0x30cc7963fc6d28b659060f6df9087fe5b3a12007,sell,0x1040613788e99c1606bd133db0ed7f7dbdf0cc80,0x1bb824d423e9f5aa05e404dacdbe7d1dc5d5e2f7e3abb2a4d06f45225cb85463
102,60,0.00156,0x02f3f615dad26e296bec71632d7d3fdb702dae7c,2017-10-21T08:57:50.000Z,0.000026,0x30cc7963fc6d28b659060f6df9087fe5b3a12007,sell,0x1040613788e99c1606bd133db0ed7f7dbdf0cc80,0x20d088a02a548fe107766d8e086928988e09fdbe0fbfd39676505c393ee9f741
103,825,0.016665,0x5d5065b42bdee0274e394ba9042c21e1818c69cf,2017-10-21T08:36:21.000Z,0.0000202,0x02f3f615dad26e296bec71632d7d3fdb702dae7c,sell,0x1040613788e99c1606bd133db0ed7f7dbdf0cc80,0xf0158a1a2cac917fdc92f5faeb9f2d605e16a0954dfd0382ea758b9b9ebfaee7
104,10000,0.00302,0x02f3f615dad26e296bec71632d7d3fdb702dae7c,2017-10-21T08:07:32.000Z,0.000000302,0x374c5caa53a1418113f9b96098ad631678b864f8,buy,0x1040613788e99c1606bd133db0ed7f7dbdf0cc80,0xfd78c2f33abf152d06436c9433a4048341ca659d8547d372a6ce0a8903169ccb
105,10000,0.00302,0x02f3f615dad26e296bec71632d7d3fdb702dae7c,2017-10-21T08:07:32.000Z,0.000000302,0x374c5caa53a1418113f9b96098ad631678b864f8,buy,0x1040613788e99c1606bd133db0ed7f7dbdf0cc80,0xcaaa40605d4b132e54b9422db589750a5fe6157076f1b37af68e2740b88722f8
106,10000,0.00302,0x02f3f615dad26e296bec71632d7d3fdb702dae7c,2017-10-21T08:06:32.000Z,0.000000302,0x374c5caa53a1418113f9b96098ad631678b864f8,buy,0x1040613788e99c1606bd133db0ed7f7dbdf0cc80,0xb08b7efbe2b0b9736d1a69889fcdfe93c95663b33148fa1218ad858abda3c338
107,10000,0.00302,0x02f3f615dad26e296bec71632d7d3fdb702dae7c,2017-10-21T08:06:32.000Z,0.000000302,0x374c5caa53a1418113f9b96098ad631678b864f8,buy,0x1040613788e99c1606bd133db0ed7f7dbdf0cc80,0x59f5497064a43992eb363da8579ddb72112314d227b958d20f1a9a07dbe581dd
108,1000,0.02,0xc7f69616492dc7aee96fea640fb99e6fdfd7ab52,2017-10-21T07:17:54.000Z,0.00002,0x374c5caa53a1418113f9b96098ad631678b864f8,buy,0x1040613788e99c1606bd133db0ed7f7dbdf0cc80,0x97d63434072a5b42f00d7d32568d828378bd12f425f08d14d2b25de8733ba9dd
109,100,0.001,0x30cc7963fc6d28b659060f6df9087fe5b3a12007,2017-10-19T14:54:23.000Z,0.00001,0x374c5caa53a1418113f9b96098ad631678b864f8,buy,0x1040613788e99c1606bd133db0ed7f7dbdf0cc80,0x2a7002c4a61ce960e896f3d950f02ab5533a30c87ae9bdc948a5ba2dd747317b
110,998,0.002994,0x30cc7963fc6d28b659060f6df9087fe5b3a12007,2017-10-19T12:21:46.000Z,0.000003,0x374c5caa53a1418113f9b96098ad631678b864f8,buy,0x1040613788e99c1606bd133db0ed7f7dbdf0cc80,0x2c81bb0196fdd4e44bb232a77c936113c0e83f20b88a250374890455f0522715
111,2,0.000006,0x374c5caa53a1418113f9b96098ad631678b864f8,2017-10-19T10:59:13.000Z,0.000003,0x374c5caa53a1418113f9b96098ad631678b864f8,buy,0x1040613788e99c1606bd133db0ed7f7dbdf0cc80,0x4058513ecc412e26178af2fe761f23131c4ef0181df3f5a33a8e714cc01461ef
