,amount,amountBase,buyer,date,price,seller,side,tokenAddr,txHash
0,20000,0.0042,0x51d48ab1a6371b5b5636a18e77eef3b2f8a0a8e5,2017-11-02T13:58:31.000Z,0.00000021,0x11a985d42d6fa4cac941943a63f362c3497fa0fe,sell,0xfcb48fdcc479b38068c06ee94249b1516adf09cb,0x20a0d2e1f114d28237c744d0dc830f3af9edf8454ccf43092d6875ac9deb0327
1,30000,0.00603,0x3cc20253b2f7ceeec87ed6db1facdd622f975d3c,2017-11-02T08:56:18.000Z,0.000000201,0x11a985d42d6fa4cac941943a63f362c3497fa0fe,sell,0xfcb48fdcc479b38068c06ee94249b1516adf09cb,0xf66bdb17e27a230cd1b824186470a18bba869d375ba11563ab703275537f3d9b
2,500000,0.101,0x5e4c8b04c9753ad2bcd2b5d82281b8546df27b50,2017-11-02T08:54:56.000Z,0.000000202,0x11a985d42d6fa4cac941943a63f362c3497fa0fe,sell,0xfcb48fdcc479b38068c06ee94249b1516adf09cb,0x354263d23e198a8867d21999aa163161f2a27e7aa4faffc11bb3dce585c64d36
3,61000,0.06099939,0xd420b0a31a0fd6d7efc20c796e001af9062fc68b,2017-11-01T02:43:39.000Z,0.00000099999,0x429c7cf947d18c6e14660975ba5272621a618b36,buy,0xfcb48fdcc479b38068c06ee94249b1516adf09cb,0xde46ddc3f12912a9aea365eab40e288a00e146fe5706d75181ffb45425a6acf3
4,50000,0.015,0x56fd6ad97cfeb09cb2ff6b94a31324e7de41d86c,2017-10-31T23:01:29.000Z,0.0000003,0x43808d5a5cc952c530ff9d0499fa0bfd8ff553bf,sell,0xfcb48fdcc479b38068c06ee94249b1516adf09cb,0x5ead61d7bd41112535de01e15b43fa937c0c3ad5a6c936711efc93f0089ed746
5,0.00882,0.00000000161406,0xdbbae39c54992479faac890e81eb4d8579b951d6,2017-10-31T11:34:40.000Z,0.000000183,0x120523daa602ef7d8b93d5ac161192b232468d79,sell,0xfcb48fdcc479b38068c06ee94249b1516adf09cb,0xb825f9d392421e021d6684e9f9cf21d131d68556b77587d601ec19fa26fb2aea
6,333.5557,0.0005,0x42c24a83bded723edfdf5883bc7efb30bc1a1bf3,2017-10-31T04:48:36.000Z,0.0000014990000170886,0x971f30c325d9924ad472adf0bf98702502baad93,buy,0xfcb48fdcc479b38068c06ee94249b1516adf09cb,0x3ade8a97c5cefb28def15bc478d271339bde9ee5aafb1601187610b8472426ac
7,333.5557,0.0005,0x34f9560c63078eb61872a4dc2ccd20e21c34feaf,2017-10-31T04:48:36.000Z,0.0000014990000170886,0x971f30c325d9924ad472adf0bf98702502baad93,buy,0xfcb48fdcc479b38068c06ee94249b1516adf09cb,0xb8803c006a234121e4339145af7296cbd4af29780a608a5735ada1cbb8800ac1
8,277386.72015,0.05020699634715,0xe5113b174ce44a53f320d7988212cea10ffaa8f7,2017-10-31T04:48:14.000Z,0.000000181,0x06c6fea19f72ffeccb0326805b723ae3cae131ca,sell,0xfcb48fdcc479b38068c06ee94249b1516adf09cb,0x4ee6093587912b84f33e2082404b0e90025730adbafe79b557a5d68a0756b003
9,109890.699,0.020000107218,0x861b7fd03c7e051a000c4a188a52784f43e651a2,2017-10-31T04:47:07.000Z,0.000000182,0x06c6fea19f72ffeccb0326805b723ae3cae131ca,sell,0xfcb48fdcc479b38068c06ee94249b1516adf09cb,0xc2d5fc7b0c560a2d746074aa3947b28ca7d58cec4704b294670e2b7f627e5e80
10,61000,0.0111264,0x429c7cf947d18c6e14660975ba5272621a618b36,2017-10-31T04:46:46.000Z,0.0000001824,0x06c6fea19f72ffeccb0326805b723ae3cae131ca,sell,0xfcb48fdcc479b38068c06ee94249b1516adf09cb,0xa2dc626de40c32c1fe1b476f8c8166f8b727b7dce6e54f0496a300ef7b6971f3
11,129900.309,0.03247507725,0xea77e83c306f3e3f4654e2b2e272306efc94c9bd,2017-10-31T04:46:46.000Z,0.00000025,0x06c6fea19f72ffeccb0326805b723ae3cae131ca,sell,0xfcb48fdcc479b38068c06ee94249b1516adf09cb,0x356a427566039997db3b2031e03322211a277b3cd016a4c471a81ee61d5f72dc
12,20000,0.00502,0x6061ec9dc92e50e73e9034d42e84b4d8b788f643,2017-10-31T04:46:43.000Z,0.000000251,0x06c6fea19f72ffeccb0326805b723ae3cae131ca,sell,0xfcb48fdcc479b38068c06ee94249b1516adf09cb,0x7ad6e9428da3b41808519765caaf68dc48ed5a6de8f42b0640fa10425ffaaa21
13,60000,0.015,0xea77e83c306f3e3f4654e2b2e272306efc94c9bd,2017-10-30T15:15:52.000Z,0.00000025,0x43808d5a5cc952c530ff9d0499fa0bfd8ff553bf,sell,0xfcb48fdcc479b38068c06ee94249b1516adf09cb,0xa06e00a35d21dc9d2b28a33aa894a4f6821b42950bbc3396cada7170fe2de187
14,99.69095,0.0000249227375,0xea77e83c306f3e3f4654e2b2e272306efc94c9bd,2017-10-30T12:33:04.000Z,0.00000025,0x952c73db8f515b7d84a7d4f8c7bf1a2880be7f25,sell,0xfcb48fdcc479b38068c06ee94249b1516adf09cb,0xa1a8fa9ba2edb6ac877dd8cca8ec5a0c22081a4b77a470f50e634d08661fb8ab
15,250,0.0005,0xf9695cd65d6dfdf257fab76a3eb0cb8f001971cc,2017-10-30T02:49:09.000Z,0.000002,0x243d25fa46782c9bcd20f306894f6774e095cfc5,buy,0xfcb48fdcc479b38068c06ee94249b1516adf09cb,0xa1438af92aae30fadcecb19071294f563aea8815051454ac1240a7f71555972f
16,49.85046,0.00000827517636,0x035392de57aa4fe343d86494103dbe1b068a56c6,2017-10-30T01:00:07.000Z,0.000000166,0x5634fc9a8194fa713558d8962ff7c3d2be45bb2a,sell,0xfcb48fdcc479b38068c06ee94249b1516adf09cb,0xfc8198b76a959789fda935297e2c779c000eeb368a3d464cbb16a9b860d3c8cb
17,100,0.000519,0x035392de57aa4fe343d86494103dbe1b068a56c6,2017-10-29T12:34:24.000Z,0.00000519,0x06c6fea19f72ffeccb0326805b723ae3cae131ca,buy,0xfcb48fdcc479b38068c06ee94249b1516adf09cb,0xf1de4273a3ec50cb139ec4c27fed61842a3522a1b1382b018d3d80d253d59940
18,96.15384,0.0005,0x16e5d97bbc92417e051e3b2cabfbf8ceea2acb9c,2017-10-28T21:03:19.000Z,0.00000520000033280002,0xaf859c7dc477ae70ff8c1ee8a25d65d800a90d90,buy,0xfcb48fdcc479b38068c06ee94249b1516adf09cb,0x2c569c7af8ef5220f947ae2ba581ac57e8fe0a40977b4066517e0c8929f8f3a5
19,96.15384,0.0005,0x42c24a83bded723edfdf5883bc7efb30bc1a1bf3,2017-10-28T21:02:17.000Z,0.00000520000033280002,0xaf859c7dc477ae70ff8c1ee8a25d65d800a90d90,buy,0xfcb48fdcc479b38068c06ee94249b1516adf09cb,0x9e693851ce3cb743fbef007109ebabb455c8778f3b8fc407a56f6021788fabe6
20,96.15384,0.0005,0x379374d13077e8867ef31803c37baf9785a17c00,2017-10-28T20:59:04.000Z,0.00000520000033280002,0xaf859c7dc477ae70ff8c1ee8a25d65d800a90d90,buy,0xfcb48fdcc479b38068c06ee94249b1516adf09cb,0x4fac67f3b5eec590388f8876e0593fd216e2ea19aaef59f25cbd533d5615d87e
21,96.15384,0.0005,0x34f9560c63078eb61872a4dc2ccd20e21c34feaf,2017-10-28T20:32:31.000Z,0.00000520000033280002,0xaf859c7dc477ae70ff8c1ee8a25d65d800a90d90,buy,0xfcb48fdcc479b38068c06ee94249b1516adf09cb,0xb7bb7d036cfbd005bb462162fe673bf70826f081f7cb200478fe79f1aebebeaa
22,96.15384,0.0005,0xe444a40689f51f63bcd29910622035707d533d29,2017-10-28T20:26:32.000Z,0.00000520000033280002,0xaf859c7dc477ae70ff8c1ee8a25d65d800a90d90,buy,0xfcb48fdcc479b38068c06ee94249b1516adf09cb,0x374639ef27a167db7d9a3e444d8c4e0a981d29b9240f488a1f902a371f57f65d
23,90.90909,0.0005,0xcd912af5286dc0b0a23edb30209734ecb60838b3,2017-10-28T17:06:31.000Z,0.000005500000055,0xaf859c7dc477ae70ff8c1ee8a25d65d800a90d90,buy,0xfcb48fdcc479b38068c06ee94249b1516adf09cb,0x7ad9e434564cc7e6eb0709011e4a5621867839ff3e2e60381c8df3c75d9632b9
24,24922.7395,0.004037483799,0x971f30c325d9924ad472adf0bf98702502baad93,2017-10-28T04:41:36.000Z,0.000000162,0xbd56fe45cafbc7b90619e0b14b65a0a2b5c9da39,sell,0xfcb48fdcc479b38068c06ee94249b1516adf09cb,0x344bab92a82a24ee44b6a43e7dd0bc17d0476eb4a3ff887ab03e1fbd17100d94
25,364032.655,0.06115748604,0xd8d06134e33e921cd7a7487a3e38cdbe82564f9c,2017-10-27T12:45:56.000Z,0.000000168,0xfc3d5c2f5af0ad6a7661c96d88813d60ea58b6a0,buy,0xfcb48fdcc479b38068c06ee94249b1516adf09cb,0x7be35a69f98882fd61611e77449bad247daf53671e0f8de7ab2298460d2d698a
26,1000000,0.117,0x11a985d42d6fa4cac941943a63f362c3497fa0fe,2017-10-27T12:16:30.000Z,0.000000117,0x1a709decb707f9cca4729352b12d66540e2bbd57,sell,0xfcb48fdcc479b38068c06ee94249b1516adf09cb,0x942dee57721bb4d321bd4d50b131e0bfdbb6c397a31b2cb2f5ae4e73433aa063
27,600000,0.0612,0x06c6fea19f72ffeccb0326805b723ae3cae131ca,2017-10-27T12:10:55.000Z,0.000000102,0x1a709decb707f9cca4729352b12d66540e2bbd57,sell,0xfcb48fdcc479b38068c06ee94249b1516adf09cb,0x29683b2700469e70a2a604300a9a5cb723a6c9ba67d9a96abba0c2763a3d04dd
28,100000,0.0168,0x43808d5a5cc952c530ff9d0499fa0bfd8ff553bf,2017-10-27T10:15:14.000Z,0.000000168,0xfc3d5c2f5af0ad6a7661c96d88813d60ea58b6a0,buy,0xfcb48fdcc479b38068c06ee94249b1516adf09cb,0x8a1a72fef55a3ec1d098fc7476915dae02bb590a2faf9ddc2f8793f09146befe
29,10000,0.00168,0xedf5de3807d23e5d85b0caa1e10d52b85c2a6965,2017-10-27T05:26:29.000Z,0.000000168,0xfc3d5c2f5af0ad6a7661c96d88813d60ea58b6a0,buy,0xfcb48fdcc479b38068c06ee94249b1516adf09cb,0x16f705ab12a480da64f6d20e00f28957d5c467c1dab6ee2b641542cdc84640ac
30,60000,0.01008,0x719f7a13cad057310bb8356ab2581041951c0e6f,2017-10-27T01:19:23.000Z,0.000000168,0xfc3d5c2f5af0ad6a7661c96d88813d60ea58b6a0,buy,0xfcb48fdcc479b38068c06ee94249b1516adf09cb,0x2cb109d24d4a1ae0577f6b27309f768ba9f2a2cbc0e0fa51bc2ae82995d3942a
31,20000,0.00336,0x3cc20253b2f7ceeec87ed6db1facdd622f975d3c,2017-10-26T20:50:06.000Z,0.000000168,0xfc3d5c2f5af0ad6a7661c96d88813d60ea58b6a0,buy,0xfcb48fdcc479b38068c06ee94249b1516adf09cb,0x9d510c191eb5159973c72c2386524dad6e392e760dc9e26c508f3d0d496d9a91
32,25000,0.0042,0xbd56fe45cafbc7b90619e0b14b65a0a2b5c9da39,2017-10-26T20:19:57.000Z,0.000000168,0xfc3d5c2f5af0ad6a7661c96d88813d60ea58b6a0,buy,0xfcb48fdcc479b38068c06ee94249b1516adf09cb,0x7ed0f897d330a8943e9011861f95d78814067d6d629bc0890aa25551c50ca4c9
33,1,0.000000168,0x6cdea8e07bf82d7a07dbf36642d6e5be8623845c,2017-10-26T12:37:38.000Z,0.000000168,0xfc3d5c2f5af0ad6a7661c96d88813d60ea58b6a0,buy,0xfcb48fdcc479b38068c06ee94249b1516adf09cb,0x82e58f408b3ec2761d9c9001e10ffba993ae493f733424b3a9135e786c493fda
34,30000,0.00504,0x719f7a13cad057310bb8356ab2581041951c0e6f,2017-10-26T07:47:43.000Z,0.000000168,0xfc3d5c2f5af0ad6a7661c96d88813d60ea58b6a0,buy,0xfcb48fdcc479b38068c06ee94249b1516adf09cb,0xb23ce9bd7e1aab074592e9c1fc034bcbd156b2d469f04586b0774509e749aec4
35,25000,0.004375,0xb49b884b29e25ba3ab4d772c1b9322886a7696d7,2017-10-26T00:41:57.000Z,0.000000175,0x1a709decb707f9cca4729352b12d66540e2bbd57,buy,0xfcb48fdcc479b38068c06ee94249b1516adf09cb,0xebac7330da49501325e73e1b8663ef767a22a91e2a5fb2039229bcbf4796f365
36,125000,0.021875,0x27849f835bb345a26dffbfa7a8863c387b546730,2017-10-25T22:12:22.000Z,0.000000175,0x1a709decb707f9cca4729352b12d66540e2bbd57,buy,0xfcb48fdcc479b38068c06ee94249b1516adf09cb,0xd4871a3667c98832d66aabb2d7a74b90e64bdd9c15b26098946196a4f1111862
37,500000,0.0575,0x6c27e779bc2f1bdb3c1e09d7b66eb8dcb661eaf5,2017-10-25T21:28:37.000Z,0.000000115,0x1a709decb707f9cca4729352b12d66540e2bbd57,sell,0xfcb48fdcc479b38068c06ee94249b1516adf09cb,0xef7966a84a2755d8e5f2b86a2b03cc1f031795224c13d1c201350053540b81db
38,199950.15453,0.02319421792548,0xe5113b174ce44a53f320d7988212cea10ffaa8f7,2017-10-25T21:28:04.000Z,0.000000116,0x1a709decb707f9cca4729352b12d66540e2bbd57,sell,0xfcb48fdcc479b38068c06ee94249b1516adf09cb,0x67e731130dea0e48a8c99786239e1657bf451056ed0bfc0fb8d4400f69b68705
39,49.84547,0.00000578207452,0xe5113b174ce44a53f320d7988212cea10ffaa8f7,2017-10-25T17:06:14.000Z,0.000000116,0x5634fc9a8194fa713558d8962ff7c3d2be45bb2a,sell,0xfcb48fdcc479b38068c06ee94249b1516adf09cb,0xa182dcb675e1c1d9cd6ba5d778fb95321c72ff9f4302709658b8054a8caa01cc
40,99.69095,0.00001166384115,0xcd46f0b64e76335597d7ff5bf35d17cf493abed3,2017-10-25T15:23:08.000Z,0.000000117,0x2e436011f114c0bef3b953055fb6c98884cb33cb,sell,0xfcb48fdcc479b38068c06ee94249b1516adf09cb,0x218b25723a9f7e0c9acfaf893c2e0ecb5c80049d03a34276528d09ae27a46b88
41,4000000,0.48,0x8a424781254908e4bc40db921f969218eef3c81a,2017-10-25T15:17:02.000Z,0.00000012,0x1a709decb707f9cca4729352b12d66540e2bbd57,sell,0xfcb48fdcc479b38068c06ee94249b1516adf09cb,0xf686e4319e5dd19c5c62f7d901ec5af88befdf0124361bb6441c1a277d10fbe9
42,4000000,0.48,0x8a424781254908e4bc40db921f969218eef3c81a,2017-10-25T15:16:07.000Z,0.00000012,0x1a709decb707f9cca4729352b12d66540e2bbd57,sell,0xfcb48fdcc479b38068c06ee94249b1516adf09cb,0xb0b30b7afb487d4f7970a4145f19f228cc520f86db2d04637e94497d4a07d062
43,10000,0.00245,0xb85d14ab22a69276e57f24130ce4215e5ffe7dc0,2017-10-25T13:15:07.000Z,0.000000245,0xfc3d5c2f5af0ad6a7661c96d88813d60ea58b6a0,buy,0xfcb48fdcc479b38068c06ee94249b1516adf09cb,0x041d5d1944e2f0982d4b3d0d9e04400164fbc8836f12a8caa8b8f8d9ae3ba365
44,60000,0.015,0x43808d5a5cc952c530ff9d0499fa0bfd8ff553bf,2017-10-25T05:57:38.000Z,0.00000025,0x1a709decb707f9cca4729352b12d66540e2bbd57,buy,0xfcb48fdcc479b38068c06ee94249b1516adf09cb,0x30d9a4ae4ff7037096dada540c227da72b032e7642029c8eeec6aaf7606693b2
45,97000,0.01067,0x0ae2d2b3a41f08ea2674178a6ea95a916aef0e6b,2017-10-25T03:22:19.000Z,0.00000011,0x243d25fa46782c9bcd20f306894f6774e095cfc5,sell,0xfcb48fdcc479b38068c06ee94249b1516adf09cb,0x817c2447043687f77adaf1171ad88e161cf32a431a11cee0c80631b61223e174
46,25000,0.00625,0x55258a9bdcc09005a68042c62c991e14b4fe6378,2017-10-24T22:37:24.000Z,0.00000025,0xfc3d5c2f5af0ad6a7661c96d88813d60ea58b6a0,sell,0xfcb48fdcc479b38068c06ee94249b1516adf09cb,0x14a9528995e495803dcb204d5d734efa5371bc69d33ac2a29659f35ccb3883c0
47,30000,0.0075,0xc8cd137d8ad0646de03b86316bcf5ecca9e9b401,2017-10-24T14:03:45.000Z,0.00000025,0x1a709decb707f9cca4729352b12d66540e2bbd57,buy,0xfcb48fdcc479b38068c06ee94249b1516adf09cb,0x687a3ff374b22a6c30402e6035d78e334f0bd41ae9de86e7e94672ad1f933b44
48,100000,0.025,0xc8cd137d8ad0646de03b86316bcf5ecca9e9b401,2017-10-24T14:01:01.000Z,0.00000025,0x1a709decb707f9cca4729352b12d66540e2bbd57,buy,0xfcb48fdcc479b38068c06ee94249b1516adf09cb,0xa84e6d20cd39e527652c321a26c3eba1256274942430f537b78580f51cd9b921
49,50000,0.02,0x4be5bd40d06c8a34c72ce12b66cc480b28bb7ce0,2017-10-24T01:53:37.000Z,0.0000004,0xfc3d5c2f5af0ad6a7661c96d88813d60ea58b6a0,buy,0xfcb48fdcc479b38068c06ee94249b1516adf09cb,0x637af8bc20662f79a69fd19e07bef7de99d6de362c8b9bd791f3f4a92ef6bfcc
50,68334,0.0273336,0x8c1ec7b20c4741f6d058795677acb8f4e877a685,2017-10-23T16:17:58.000Z,0.0000004,0xfc3d5c2f5af0ad6a7661c96d88813d60ea58b6a0,buy,0xfcb48fdcc479b38068c06ee94249b1516adf09cb,0x6b4a7ce764fc9bd098c66a3ab5c664381bb023923141615b87ac9fa94a3defd0
51,6666,0.0026664,0x54b59cbea68b581f1fa6ae1c3d5ea0643e8e2378,2017-10-23T15:58:39.000Z,0.0000004,0xfc3d5c2f5af0ad6a7661c96d88813d60ea58b6a0,buy,0xfcb48fdcc479b38068c06ee94249b1516adf09cb,0x41f57c8bc049c2d8a745a0d415e206ae1cb1e57762d78b0bdc6b25c2c995ac4d
52,500000,0.1,0x0ae2d2b3a41f08ea2674178a6ea95a916aef0e6b,2017-10-23T15:17:39.000Z,0.0000002,0x1a709decb707f9cca4729352b12d66540e2bbd57,sell,0xfcb48fdcc479b38068c06ee94249b1516adf09cb,0x76d637e979348a607014f83e4bc6f357d7be9b589389f8dcd16b66a5fc919ab2
53,25000,0.01,0x57534320de36797294b1b2715125d285da683349,2017-10-23T15:11:00.000Z,0.0000004,0xfc3d5c2f5af0ad6a7661c96d88813d60ea58b6a0,buy,0xfcb48fdcc479b38068c06ee94249b1516adf09cb,0x6bde70d78167c31943a01799b1c76ca4fd60149a76a09e7eb728bb048f8e3c58
54,3000,0.000897,0x1d5321e125f6c7079a716705541c7b371ca79e69,2017-10-23T09:03:19.000Z,0.000000299,0xfc3d5c2f5af0ad6a7661c96d88813d60ea58b6a0,buy,0xfcb48fdcc479b38068c06ee94249b1516adf09cb,0x537674887d3ac7cf16c666050390acbde99b30b1ad0869d03f4778c98c0d62e5
55,2991.02691,0.00107976071451,0xf36990a2cb4d609e0a7d4f3bf884c0342d81fd3d,2017-10-23T09:03:19.000Z,0.000000361,0x1d5321e125f6c7079a716705541c7b371ca79e69,sell,0xfcb48fdcc479b38068c06ee94249b1516adf09cb,0x537674887d3ac7cf16c666050390acbde99b30b1ad0869d03f4778c98c0d62e5
56,190000,0.05681,0xd2ea382e498316d91b9de8557670149b479721a0,2017-10-23T08:34:15.000Z,0.000000299,0xfc3d5c2f5af0ad6a7661c96d88813d60ea58b6a0,buy,0xfcb48fdcc479b38068c06ee94249b1516adf09cb,0x7f2246fbb9ccd6fa0947ceb031bc8f1822d2169b01edfc4b7793d8009f04647f
57,189430,0.0681948,0x8a424781254908e4bc40db921f969218eef3c81a,2017-10-23T08:34:15.000Z,0.00000036,0xd2ea382e498316d91b9de8557670149b479721a0,sell,0xfcb48fdcc479b38068c06ee94249b1516adf09cb,0x7f2246fbb9ccd6fa0947ceb031bc8f1822d2169b01edfc4b7793d8009f04647f
58,4000,0.00144,0x3cc20253b2f7ceeec87ed6db1facdd622f975d3c,2017-10-23T08:19:48.000Z,0.00000036,0x1a709decb707f9cca4729352b12d66540e2bbd57,buy,0xfcb48fdcc479b38068c06ee94249b1516adf09cb,0x14caf55189588a881d326f57c252cd41e852aac2563705cae01602db59a0c48d
59,310000,0.1116,0x4be5bd40d06c8a34c72ce12b66cc480b28bb7ce0,2017-10-23T00:32:44.000Z,0.00000036,0x1a709decb707f9cca4729352b12d66540e2bbd57,buy,0xfcb48fdcc479b38068c06ee94249b1516adf09cb,0x24f30ad6f036c07f82a30e6e06cd6f20514220a8f220103b2f5b22623c7bc9b7
60,47201.01,0.0448409595,0x4be5bd40d06c8a34c72ce12b66cc480b28bb7ce0,2017-10-23T00:30:06.000Z,0.00000095,0xdb0e8417bea90ed2f5ea84c584740ad307709658,buy,0xfcb48fdcc479b38068c06ee94249b1516adf09cb,0xe72f7c79f4f639c84ae83f9b672259ce47cb9c571901e52e78a561405c0cc672
61,200000,0.186,0x4be5bd40d06c8a34c72ce12b66cc480b28bb7ce0,2017-10-23T00:27:52.000Z,0.00000093,0x0ae2d2b3a41f08ea2674178a6ea95a916aef0e6b,buy,0xfcb48fdcc479b38068c06ee94249b1516adf09cb,0x348c2edc4227f51e2e44f812b6ee54071cf398ddbe37779aed9ba503d4fc3fd5
62,14460.98993,0.01373794043438964,0x4be5bd40d06c8a34c72ce12b66cc480b28bb7ce0,2017-10-22T23:54:58.000Z,0.00000095000000006151,0xdb0e8417bea90ed2f5ea84c584740ad307709658,buy,0xfcb48fdcc479b38068c06ee94249b1516adf09cb,0xf9fa1e198227405b068dc2478d180646124a109e7614a361f2b9ea5fca145da7
63,293738.355,0.1468691775,0x4be5bd40d06c8a34c72ce12b66cc480b28bb7ce0,2017-10-22T23:31:25.000Z,0.0000005,0x1a709decb707f9cca4729352b12d66540e2bbd57,buy,0xfcb48fdcc479b38068c06ee94249b1516adf09cb,0xecc5817adafd450c5bbd1cde0d6f726629d74b1b81b42887b48066bf0fd2c4a6
64,206261.64472,0.10313082236245721,0x4be5bd40d06c8a34c72ce12b66cc480b28bb7ce0,2017-10-22T23:26:10.000Z,0.00000050000000001191,0x1a709decb707f9cca4729352b12d66540e2bbd57,buy,0xfcb48fdcc479b38068c06ee94249b1516adf09cb,0x1c6bc40fc1cfdfa3ec911f35bf113934d0cd861a904b44e980ff49617b630afa
65,88.4279,0.0000092849295,0xfc3d5c2f5af0ad6a7661c96d88813d60ea58b6a0,2017-10-22T17:54:27.000Z,0.000000105,0x120523daa602ef7d8b93d5ac161192b232468d79,sell,0xfcb48fdcc479b38068c06ee94249b1516adf09cb,0xc9888eab7525247c736369dc80a94d81aaafff1d59dfe309830dcb2e527aad33
66,887020.22737,0.09313712387385,0xfc3d5c2f5af0ad6a7661c96d88813d60ea58b6a0,2017-10-22T17:53:28.000Z,0.000000105,0x120523daa602ef7d8b93d5ac161192b232468d79,sell,0xfcb48fdcc479b38068c06ee94249b1516adf09cb,0xd9e9a81ddf24d523d3fb3e1a00068aa6fcae3f3bbcf6b21a69691b80439afc0d
67,100000,0.03,0x23901886602bd6725d2f8e7d076e28be9f4f2cf3,2017-10-22T17:51:26.000Z,0.0000003,0x120523daa602ef7d8b93d5ac161192b232468d79,sell,0xfcb48fdcc479b38068c06ee94249b1516adf09cb,0xb2eb43438e8a001c37563cbec8e153fa6c2b3be963cf0ed3b1436eb58edeeb3f
68,9900.309,0.002989893318,0x8b182a4526944fa498970732a69a95d281c3c8a9,2017-10-22T17:51:13.000Z,0.000000302,0x120523daa602ef7d8b93d5ac161192b232468d79,sell,0xfcb48fdcc479b38068c06ee94249b1516adf09cb,0x6c624f9c0749b54ef3e13e850c70a58b4c0ce2c729169a41e3c0a780863aed0c
69,99.69095,0.0000301066669,0x8b182a4526944fa498970732a69a95d281c3c8a9,2017-10-22T11:13:21.000Z,0.000000302,0xf2a8c6ec5b1b7ec1361dee7dbda95c7b2ff95acb,sell,0xfcb48fdcc479b38068c06ee94249b1516adf09cb,0x0f268c8cd397178f0026f08459ceb6c1bbd53c422e7313191fce1a6866a54e33
70,5000,0.005,0x304c929780c19ae230022779a75b451f63d4705f,2017-10-22T05:15:18.000Z,0.000001,0xdb0e8417bea90ed2f5ea84c584740ad307709658,sell,0xfcb48fdcc479b38068c06ee94249b1516adf09cb,0xd9f46252c01786756be7e0246c3371fb50d46fabe6160b21a91cf55edde7e7ae
71,2000,0.002,0x7bfc602267386faa74b7789bccfafdb12c3373b2,2017-10-21T23:49:03.000Z,0.000001,0x243d25fa46782c9bcd20f306894f6774e095cfc5,buy,0xfcb48fdcc479b38068c06ee94249b1516adf09cb,0xca2aa088224c2ea360f32268f2bdbba13b8d299284af59d4483b32fb495d9919
72,1000000,0.1,0x120523daa602ef7d8b93d5ac161192b232468d79,2017-10-21T21:20:42.000Z,0.0000001,0x1a709decb707f9cca4729352b12d66540e2bbd57,sell,0xfcb48fdcc479b38068c06ee94249b1516adf09cb,0x7d679f8bc751cad721ce24e32a7e1e7528508806087299f9fc04e22e26c02941
73,760000,0.209,0x0a72ebae0321b78bf42b5846c57f90d714a5cb31,2017-10-21T20:22:04.000Z,0.000000275,0x1a709decb707f9cca4729352b12d66540e2bbd57,sell,0xfcb48fdcc479b38068c06ee94249b1516adf09cb,0x58b1ff04e27559d0aaf4ce2aca88cb16ca9464d65d9db34e8ddb37a17f50a78f
74,200000,0.0604,0x0ae2d2b3a41f08ea2674178a6ea95a916aef0e6b,2017-10-21T20:20:27.000Z,0.000000302,0x1a709decb707f9cca4729352b12d66540e2bbd57,sell,0xfcb48fdcc479b38068c06ee94249b1516adf09cb,0x9579526384d73a6546f04cffc9a4f6839575b65e135b2e4d24210ffa0e8b175e
75,208700,0.0655318,0x0a72ebae0321b78bf42b5846c57f90d714a5cb31,2017-10-21T20:17:16.000Z,0.000000314,0x1a709decb707f9cca4729352b12d66540e2bbd57,sell,0xfcb48fdcc479b38068c06ee94249b1516adf09cb,0xb1203253a4f76bcfd1c9561c2df39b05fef5e123f0e9b49c98191bad649dfefd
76,66677,0.02066987,0xdb0e8417bea90ed2f5ea84c584740ad307709658,2017-10-21T20:17:16.000Z,0.00000031,0x1a709decb707f9cca4729352b12d66540e2bbd57,sell,0xfcb48fdcc479b38068c06ee94249b1516adf09cb,0x89e0f6cf179d9b79cf97311c79db239d6d60fbe66d15905dab4a6b09b26cbebf
77,200000,0.1002,0x0ae2d2b3a41f08ea2674178a6ea95a916aef0e6b,2017-10-21T20:16:18.000Z,0.000000501,0x1a709decb707f9cca4729352b12d66540e2bbd57,sell,0xfcb48fdcc479b38068c06ee94249b1516adf09cb,0x5dde1de4789e942b051aab770eb9a7d69724972e523b07a520f335b52b23d4f1
78,15000,0.0075,0xe673b1ea0c5d49462ce27cff1d58177af5de7dfa,2017-10-21T20:16:18.000Z,0.0000005,0x1a709decb707f9cca4729352b12d66540e2bbd57,sell,0xfcb48fdcc479b38068c06ee94249b1516adf09cb,0x043c2b69e846a31193021bdaa96dcecf02a7afa9ab37f7f746d631eff349267c
79,350000,0.14,0x8a424781254908e4bc40db921f969218eef3c81a,2017-10-21T20:16:18.000Z,0.0000004,0x1a709decb707f9cca4729352b12d66540e2bbd57,sell,0xfcb48fdcc479b38068c06ee94249b1516adf09cb,0x0bf1441273dbc629b74dd9bf716adeaea4004045481054b30d2ce5a509ad0323
80,52553.026,0.0166645645446,0x5d5065b42bdee0274e394ba9042c21e1818c69cf,2017-10-21T20:16:18.000Z,0.0000003171,0x1a709decb707f9cca4729352b12d66540e2bbd57,sell,0xfcb48fdcc479b38068c06ee94249b1516adf09cb,0x2519fdcf19eadc1765f0912c0fb215614e51a3a02d2f27f636a31faed33e4d12
81,100000,0.1,0xfc3d5c2f5af0ad6a7661c96d88813d60ea58b6a0,2017-10-21T19:40:24.000Z,0.000001,0x1a709decb707f9cca4729352b12d66540e2bbd57,sell,0xfcb48fdcc479b38068c06ee94249b1516adf09cb,0x07a5ac2d806a4797c501a6b0e5d77646a1ce49e65e3174a86634c30355494d97
82,20090,0.14063,0x4be5bd40d06c8a34c72ce12b66cc480b28bb7ce0,2017-10-20T20:03:28.000Z,0.000007,0x13159dbf8162bc63874a2ebaf947584abdbbf63b,buy,0xfcb48fdcc479b38068c06ee94249b1516adf09cb,0x1ae55d00e983b72660cbcc1af1877061ed29019898640c32d07fc288e5c99180
83,20000,0.0602,0xe5113b174ce44a53f320d7988212cea10ffaa8f7,2017-10-20T11:04:32.000Z,0.00000301,0x1a709decb707f9cca4729352b12d66540e2bbd57,sell,0xfcb48fdcc479b38068c06ee94249b1516adf09cb,0x3ccf2a24c0f0e13edfae7f4193d1fdcede3eba30b8f021bd7220ce7e75709575
84,1000,0.003,0x51d48ab1a6371b5b5636a18e77eef3b2f8a0a8e5,2017-10-20T11:04:32.000Z,0.000003,0x1a709decb707f9cca4729352b12d66540e2bbd57,sell,0xfcb48fdcc479b38068c06ee94249b1516adf09cb,0x24784b3fb519d81ef55ae26376a9913714409512c220560957a52afe71478b2c
85,10000,0.04,0x037f96a2a6430376cff5cd297cc40c2554f8f7bf,2017-10-20T11:04:00.000Z,0.000004,0x1a709decb707f9cca4729352b12d66540e2bbd57,sell,0xfcb48fdcc479b38068c06ee94249b1516adf09cb,0x629c86ec0018b71d662a50f93fcc173dabb0a33099a7d2077129196b73d0c0f1
86,1,0.00001,0x3ac636ac5c3a2576156ac5f10066ca68abe0ad54,2017-10-20T10:58:39.000Z,0.00001,0xaf859c7dc477ae70ff8c1ee8a25d65d800a90d90,buy,0xfcb48fdcc479b38068c06ee94249b1516adf09cb,0x0d2b01924aa3be3e24eb03cc775648e2460118e7ab6506066c95b1baf7966074
87,40000,0.1204,0xe5113b174ce44a53f320d7988212cea10ffaa8f7,2017-10-20T06:51:47.000Z,0.00000301,0x243d25fa46782c9bcd20f306894f6774e095cfc5,sell,0xfcb48fdcc479b38068c06ee94249b1516adf09cb,0x54cf0d2160928e5a8677233f95827ef37b18b0b63f26aae7680976a84bf9dd87
88,40000,0.2,0xaf859c7dc477ae70ff8c1ee8a25d65d800a90d90,2017-10-20T00:18:23.000Z,0.000005,0x1a709decb707f9cca4729352b12d66540e2bbd57,sell,0xfcb48fdcc479b38068c06ee94249b1516adf09cb,0x203992377e1fdcf65626e36143eae8df9a9f0699d3f80b6ef0f710f2364575bb
89,20000,0.1,0x346eb8847ec84aae1463b80163a097ad3b24514d,2017-10-19T23:59:39.000Z,0.000005,0x1a709decb707f9cca4729352b12d66540e2bbd57,sell,0xfcb48fdcc479b38068c06ee94249b1516adf09cb,0xbaf81567532d827890d7c1b94cc4c1d69531e02f03d1d6bbd6e15480020d7b35
90,65990,0.32995,0x13159dbf8162bc63874a2ebaf947584abdbbf63b,2017-10-19T22:15:03.000Z,0.000005,0x1a709decb707f9cca4729352b12d66540e2bbd57,sell,0xfcb48fdcc479b38068c06ee94249b1516adf09cb,0x8443dd8996c9ac9ebf9a1f9fafdb4e0819598c91a0a9fb7d435218fd60749e00
91,10000,0.06,0x1e71d58dbce68549948bdbd7b026501c4e17231e,2017-10-19T21:48:17.000Z,0.000006,0x1a709decb707f9cca4729352b12d66540e2bbd57,sell,0xfcb48fdcc479b38068c06ee94249b1516adf09cb,0x760dfb9330be0762371b8bdc6be6342d2a39d5ee371a2a8805da5dc4dbeae66d
92,100,0.003,0x1a709decb707f9cca4729352b12d66540e2bbd57,2017-10-19T20:59:25.000Z,0.00003,0x1a709decb707f9cca4729352b12d66540e2bbd57,buy,0xfcb48fdcc479b38068c06ee94249b1516adf09cb,0xc592e41dfc7484bf5a70de18342ee409d55db421b9a9932798486099bb206b02
93,150,0.0045,0x1a709decb707f9cca4729352b12d66540e2bbd57,2017-10-19T20:59:25.000Z,0.00003,0x1a709decb707f9cca4729352b12d66540e2bbd57,buy,0xfcb48fdcc479b38068c06ee94249b1516adf09cb,0x9dae42413174ee940416d87267427d2f2dd3c48ab6ef112f8ce3abf6c7dade04
94,200,0.006,0x1a709decb707f9cca4729352b12d66540e2bbd57,2017-10-19T20:58:36.000Z,0.00003,0x1a709decb707f9cca4729352b12d66540e2bbd57,buy,0xfcb48fdcc479b38068c06ee94249b1516adf09cb,0x9c0a1c354c0241a665219b8c376b99415fb68089e5f4c952acb9c5e201b6ea57
95,265.14471,0.007954341541222211,0x1a709decb707f9cca4729352b12d66540e2bbd57,2017-10-19T20:57:05.000Z,0.00003000000090977568,0x1a709decb707f9cca4729352b12d66540e2bbd57,buy,0xfcb48fdcc479b38068c06ee94249b1516adf09cb,0xf2852147527c4e425458e737f5ae061bf7584ca63e0f12ee0f3969cae8d6f4da
96,100,0.003,0x1a709decb707f9cca4729352b12d66540e2bbd57,2017-10-19T20:56:19.000Z,0.00003,0x1a709decb707f9cca4729352b12d66540e2bbd57,buy,0xfcb48fdcc479b38068c06ee94249b1516adf09cb,0xfff818a061d1f143e0b9a595d74fc89917d83be1526a1af347dce0d769c8b5a5
97,100,0.002,0x1a709decb707f9cca4729352b12d66540e2bbd57,2017-10-19T20:51:15.000Z,0.00002,0xd77c12c5e957f309939e0d33e3f88feb84e051e8,buy,0xfcb48fdcc479b38068c06ee94249b1516adf09cb,0xb0a915f1ed924bebaee7ae056dd6f4b6d462028f28d6732d7c844cec2c2214bd
98,200,0.002,0x1a709decb707f9cca4729352b12d66540e2bbd57,2017-10-19T20:49:29.000Z,0.00001,0x1a709decb707f9cca4729352b12d66540e2bbd57,buy,0xfcb48fdcc479b38068c06ee94249b1516adf09cb,0xb64e95ca76c30b3575de22de2b1e787283f9571f11f3d0af727e2bf4e4a839ed
99,1000,0.01,0x107d35bdbb393d33d6d9ce4127883b057b8e6187,2017-10-19T20:46:26.000Z,0.00001,0x1a709decb707f9cca4729352b12d66540e2bbd57,sell,0xfcb48fdcc479b38068c06ee94249b1516adf09cb,0xaaf0ca6042c9c6d01831afeed2022214887c4d8fef05cc5bc91e0dfb7111afaa
