,amount,amountBase,buyer,date,price,seller,side,tokenAddr,txHash
0,43.54,0.00185045,0xe08f4b92e94e56ed0435f72f80901c8cdc8b620e,2017-11-02T13:06:35.000Z,0.0000425,0x61357535c5c38151295f3db32f8e85c6d3deeafb,sell,0xab95e915c123fded5bdfb6325e35ef5515f1ea69,0xbd7ea2da05e3793b7d3015f47e95c24b7d43792c46f50a65fa74976b867b2de4
1,339.42491996910934,0.014255846638702593,0x107d35bdbb393d33d6d9ce4127883b057b8e6187,2017-11-02T13:05:25.000Z,0.00004199999999999999,0x61357535c5c38151295f3db32f8e85c6d3deeafb,sell,0xab95e915c123fded5bdfb6325e35ef5515f1ea69,0x6bcc20b0276663732dce651dea89cc58fb8a8cdf573b7fa9cd42301351aa2098
2,50,0.002105,0x712d4f7a633e613685881bd4264da45aac514a84,2017-11-02T12:42:19.000Z,0.0000421,0x61357535c5c38151295f3db32f8e85c6d3deeafb,sell,0xab95e915c123fded5bdfb6325e35ef5515f1ea69,0x1d0ad295d802562c25284fe6e62325d2fc0256a48ea494f287c7af6bc090274b
3,58.24244840992922,0.002475304057421991,0xe08f4b92e94e56ed0435f72f80901c8cdc8b620e,2017-11-02T11:57:31.000Z,0.00004249999999999998,0x813bbcd22e22d3b33e6fae02e284123c175b12c3,sell,0xab95e915c123fded5bdfb6325e35ef5515f1ea69,0xc9548d7745e35722ab9939f58cc709f9f3f87911c431717056b07d2d972e3e1d
4,377.7359822938754,0.015864911256342765,0x107d35bdbb393d33d6d9ce4127883b057b8e6187,2017-11-02T11:26:46.000Z,0.00004199999999999999,0x4438767155537c3ed7696aeea2c758f9cf1da82d,sell,0xab95e915c123fded5bdfb6325e35ef5515f1ea69,0xbdb5149e1192935b5954917470a639598ac9f17cba182c107f52d28f9adc8732
5,232.99361872196192,0.0097857319863224,0x107d35bdbb393d33d6d9ce4127883b057b8e6187,2017-11-02T11:26:05.000Z,0.00004199999999999999,0x978ae4c80d2ff4e65c8f3805093a09bc6c5575e2,sell,0xab95e915c123fded5bdfb6325e35ef5515f1ea69,0xf78c90050e90781136f2e2ab3188ac1e1c753b08471bef103c409481d44feb08
6,462.28,0.0196469,0xe08f4b92e94e56ed0435f72f80901c8cdc8b620e,2017-11-02T11:19:53.000Z,0.0000425,0x4438767155537c3ed7696aeea2c758f9cf1da82d,sell,0xab95e915c123fded5bdfb6325e35ef5515f1ea69,0x899f48e82a166d82fc5ad4d9e530e7a919bc66ae07866c71fee6bcb6af62c4ca
7,348.91835310537334,0.014829030006978368,0xe08f4b92e94e56ed0435f72f80901c8cdc8b620e,2017-11-02T11:08:15.000Z,0.00004249999999999999,0xe636d07700fb9a5ea47331201306d582a27be6e1,sell,0xab95e915c123fded5bdfb6325e35ef5515f1ea69,0x3f04bc8a4c08eb9b3d7b35d46f3271fa7244c2bb057a044582aed5e347b94abf
8,350,0.0175,0xe636d07700fb9a5ea47331201306d582a27be6e1,2017-11-02T10:59:38.000Z,0.00005,0x7e705fce0cb2656ed8d5a70de8ef855d84563b38,buy,0xab95e915c123fded5bdfb6325e35ef5515f1ea69,0x5d74873ee6f9f7b63562ec86603c246aba757535f2bee40c1108feb80075e760
9,349.6579304157113,0.01486046204266773,0xe08f4b92e94e56ed0435f72f80901c8cdc8b620e,2017-11-02T10:26:37.000Z,0.00004249999999999999,0x793807e7fcc3bc4705dcd8eb802ac06a5f580a3d,sell,0xab95e915c123fded5bdfb6325e35ef5515f1ea69,0xc39ef0fea17c2b3a26714531941fa1a9f1a0e3c2db5d93ff480167c46db3a9ea
10,403.2567319817585,0.017138411109224736,0xe08f4b92e94e56ed0435f72f80901c8cdc8b620e,2017-11-02T10:24:50.000Z,0.00004249999999999999,0x5e1d6f469c11c5be22bd6e3f7e5385486618c368,sell,0xab95e915c123fded5bdfb6325e35ef5515f1ea69,0x8e6d208008701b3bd7439bf5ba574ef8c9f9aa09e6d4723b2d34c8f2e1e88649
11,675.886863740923,0.028725191708989226,0xe08f4b92e94e56ed0435f72f80901c8cdc8b620e,2017-11-02T09:54:35.000Z,0.00004249999999999999,0x0f1bfd3f7c8b183b1c4472c1f258b7d538037cd4,sell,0xab95e915c123fded5bdfb6325e35ef5515f1ea69,0x504fceb0e02f652e47d876240714d2b56416a056dc1fa3da9e8442f9cd47acec
12,100,0.005,0x87983902d569e393bc1eca07b076df9dbcfb5ec7,2017-11-02T08:32:24.000Z,0.00005,0xf4eefc49d8ad4ae480f99339838deb3edfb54a48,sell,0xab95e915c123fded5bdfb6325e35ef5515f1ea69,0xaf81d5c471ba17fb71efa944f6f260edece4009048db0467ab5bf88133c4276b
13,23.126161392540258,0.001618831297477818,0x1ce0d35a1982a1ebba5b41e23859bbf70eb6b410,2017-11-02T07:08:28.000Z,0.00007,0xc90699962ee854ecfe5fc81cf88b3aa3ebe42d74,buy,0xab95e915c123fded5bdfb6325e35ef5515f1ea69,0xefa6d34661a7c555a420a41984840dfe1eb5fc3ff550e1da54c70558471b5d2d
14,49.845479015053336,0.00209351011863224,0x107d35bdbb393d33d6d9ce4127883b057b8e6187,2017-11-02T07:03:05.000Z,0.00004199999999999999,0x95ed59abc9ad37d34980b95b64f75b6a11a2f507,sell,0xab95e915c123fded5bdfb6325e35ef5515f1ea69,0x8eb7ff4cff6881373af51de0c9284ed2408203fe873adb17c2232d9132dcfea3
15,100,0.007,0x1ce0d35a1982a1ebba5b41e23859bbf70eb6b410,2017-11-02T06:49:56.000Z,0.00007,0x8efdb5ee103c2295dab1410b4e3d1ed7a91584d4,buy,0xab95e915c123fded5bdfb6325e35ef5515f1ea69,0xa5ad7251c717c25b8318b5ced5762e13d3e37e3d5b723bb38e731b447286e787
16,100,0.006,0x1a96f3bc6cd0e9db43e89f983d4227ec5f707539,2017-11-02T06:44:53.000Z,0.00006,0x8efdb5ee103c2295dab1410b4e3d1ed7a91584d4,buy,0xab95e915c123fded5bdfb6325e35ef5515f1ea69,0xe36c41b068dafb625d23e9bf7e1370d5a62d80fe2a533d706a2b7f9201274fb3
17,1037.793139834983,0.059153171177454195,0x1a96f3bc6cd0e9db43e89f983d4227ec5f707539,2017-11-02T06:40:55.000Z,0.000056999,0x4629c54b122f3ee60c1c67f397aef749278e0934,buy,0xab95e915c123fded5bdfb6325e35ef5515f1ea69,0x637cf22678fe95c4ec7a04c9e7be949ca803b36c29abbeb93324b7d5f0cf1d1d
18,110,0.0054989,0x1ce0d35a1982a1ebba5b41e23859bbf70eb6b410,2017-11-02T06:39:04.000Z,0.00004999,0xb7ddaba243659e42d2813fcb9f30aca983478b5c,buy,0xab95e915c123fded5bdfb6325e35ef5515f1ea69,0x3770d163415b209444f238da28e0376cc12d5b05398d6736e5f2889632c159e4
19,696.985,0.034152265,0x1ce0d35a1982a1ebba5b41e23859bbf70eb6b410,2017-11-02T06:37:30.000Z,0.000049,0x399373a043b5c2c5d8d6187ff72ee9bcdae11dcf,buy,0xab95e915c123fded5bdfb6325e35ef5515f1ea69,0x93aca5fea39c1f8bf588fa49217b2aa4cafa3154dd5b38d7bed138152d5345cf
20,200,0.00978,0x1ce0d35a1982a1ebba5b41e23859bbf70eb6b410,2017-11-02T06:37:08.000Z,0.0000489,0x955d872dc961fe39b66065f2b94544ab24de2998,buy,0xab95e915c123fded5bdfb6325e35ef5515f1ea69,0xfb86e78085e4a006bc0e129b893a548dad0179f422c123ce6d7f9a5e2e5dc32b
21,125.84,0.0058503016,0x1ce0d35a1982a1ebba5b41e23859bbf70eb6b410,2017-11-02T06:37:08.000Z,0.00004649,0xde082578705cc164a981b537ba50716663469739,buy,0xab95e915c123fded5bdfb6325e35ef5515f1ea69,0xd6791ae0747ca3bd3f4b6aaf7a065ce13bc8c643f19f9399213ad997741f81a6
22,789.441,0.0362353419,0x1ce0d35a1982a1ebba5b41e23859bbf70eb6b410,2017-11-02T06:36:21.000Z,0.0000459,0xad7c44bde6558a9b78986acdb0d2e23b0f63e8ab,buy,0xab95e915c123fded5bdfb6325e35ef5515f1ea69,0xfbedded64976ee3b18d613837170779d307fd23f1e2b57bd57a71bdd89c8c4a3
23,373,0.0170834,0x1ce0d35a1982a1ebba5b41e23859bbf70eb6b410,2017-11-02T06:35:36.000Z,0.0000458,0x5a2617ccdf75ed7997ce598796996031087f536e,buy,0xab95e915c123fded5bdfb6325e35ef5515f1ea69,0xf59da333079e7ed6b7cad20f415fd04c00ff6a0e29bc3763b10cc2ac81287748
24,266.42,0.0119889,0x1ce0d35a1982a1ebba5b41e23859bbf70eb6b410,2017-11-02T06:35:30.000Z,0.000045,0x6631db940b075a76569d0cfa51e4adfdf69c67a5,buy,0xab95e915c123fded5bdfb6325e35ef5515f1ea69,0x24302715576e96c383fbf7c36890937984b8f24949182cda904d3d5350a9dd22
25,2430.498,0.109367549004,0x1a96f3bc6cd0e9db43e89f983d4227ec5f707539,2017-11-02T06:27:41.000Z,0.000044998,0x422f11c63e5defa50f397bc53ecb2ae802d2135f,buy,0xab95e915c123fded5bdfb6325e35ef5515f1ea69,0x7327b46a6cfb555ffdae4eea29d03f984a5cd4f424e298f4e7fab48af5dc9448
26,111,0.004551,0x1a96f3bc6cd0e9db43e89f983d4227ec5f707539,2017-11-02T06:13:25.000Z,0.000041,0xa02aa7b26302d425fa101451a929f953835fc4c3,buy,0xab95e915c123fded5bdfb6325e35ef5515f1ea69,0xa638cbe01aa67155a558aec3ab39cc83a5752a7a0487de099a4627a30eee4c47
27,501.1102408200882,0.016541649049471113,0x3f441403c9f9f93b13711db4d4a2e4eed9ada767,2017-11-02T06:03:43.000Z,0.00003300999999999999,0xc9b8bcc68cdf4e5f5393b6d4673e20f9b5848d50,sell,0xab95e915c123fded5bdfb6325e35ef5515f1ea69,0x4d740c1291f2f70243a24721cf38b96de21bd29205b14df94a7700e77767094b
28,604.9773473366841,0.024260196605548373,0x81ecd5bf225a868489ef5bd1e394b5ef021c49fb,2017-11-02T05:59:22.000Z,0.00004010099999999999,0xde5d9fa7544c33985bfd421d36ae179f3f127aac,sell,0xab95e915c123fded5bdfb6325e35ef5515f1ea69,0xf42fbe547bda5fd101080db79cc4ff733c7002c25891aada7f0dc1a9e8efd953
29,67.85674648037781,0.002714269859215113,0x07af3242931816ad0ead91b44a2216dba6df7e28,2017-11-02T05:45:09.000Z,0.00004000000000000001,0x76d4a9bc9612be738a81d0fe632b00b971e2bb9a,buy,0xab95e915c123fded5bdfb6325e35ef5515f1ea69,0x9d7b5fed5d5a3274b17f331d2decf70f3f7261925be3efa3c082fadee1dd1013
30,327.05407090460125,0.013115522351416319,0xe08f4b92e94e56ed0435f72f80901c8cdc8b620e,2017-11-02T05:38:27.000Z,0.00004010199999999999,0x2c0b20c8dbb8610d1bf7d0b094dd094701bfaccb,sell,0xab95e915c123fded5bdfb6325e35ef5515f1ea69,0x23f65706f399e70073769452234b869d9db7c30a720a83adc518e791f1740b9b
31,200,0.0089994,0xdf7db12ba0a2f3116b4432f5d00c6d493e948534,2017-11-02T04:28:30.000Z,0.000044997,0x19ed3c3675497f80780f6779e083256cd93e2285,buy,0xab95e915c123fded5bdfb6325e35ef5515f1ea69,0xb4f629ad0fba537043fb2a75b416e2cd9709a2b202083113c44ef72c975c30b3
32,0.03143696999220357,0.000001257478799688,0x81ecd5bf225a868489ef5bd1e394b5ef021c49fb,2017-11-02T03:39:36.000Z,0.00003999999999999545,0x00505d0a66a0646c85095bbfd75f57c4e1c431ba,sell,0xab95e915c123fded5bdfb6325e35ef5515f1ea69,0xf9f6d1de924ada82f6e7523905b57c3c2072bf30596b9c2b731f6166b0c4361e
33,315.344245991794,0.01261376983967176,0x81ecd5bf225a868489ef5bd1e394b5ef021c49fb,2017-11-02T03:27:43.000Z,0.00003999999999999999,0x00505d0a66a0646c85095bbfd75f57c4e1c431ba,sell,0xab95e915c123fded5bdfb6325e35ef5515f1ea69,0x7e17874d4a2d4c7680d95b75b31bbbbe133019ae2998548e922d0ed6c0e99706
34,1003.3904894826039,0.04013561957930416,0x81ecd5bf225a868489ef5bd1e394b5ef021c49fb,2017-11-02T03:24:26.000Z,0.00003999999999999999,0x98b8f889dbe2b5c4c5879f65e13b24012f2afdce,sell,0xab95e915c123fded5bdfb6325e35ef5515f1ea69,0xb5cd20a595652bec93d9aa10ba79d8bade4d6a029b77a96be897c598c3d48b14
35,946,0.03784,0x81ecd5bf225a868489ef5bd1e394b5ef021c49fb,2017-11-02T03:21:38.000Z,0.00004,0xe28c859407272bf82039059a990db3987f1a2316,buy,0xab95e915c123fded5bdfb6325e35ef5515f1ea69,0xf4e69343418be262f37a1bd40116214a320b9e5ff32b3866a46e85700b3a2faf
36,0.047169893358502114,0.000001557078179764,0x3f441403c9f9f93b13711db4d4a2e4eed9ada767,2017-11-02T03:21:38.000Z,0.00003300999999999672,0xbd3f95d47c99abf0cec64c8aae47d5a2a8142d30,sell,0xab95e915c123fded5bdfb6325e35ef5515f1ea69,0x961fbcefc400c1e13f14deb320e4e185ac8d71fdc108164bd0f469882b64cefb
37,473.1612002791347,0.01585090020935101,0xe08f4b92e94e56ed0435f72f80901c8cdc8b620e,2017-11-02T03:21:22.000Z,0.00003349999999999999,0xbd3f95d47c99abf0cec64c8aae47d5a2a8142d30,sell,0xab95e915c123fded5bdfb6325e35ef5515f1ea69,0xf2d391a9bd95623f45b8f0a0375fba3c7807d714e37dab3ae16deaf760a7aa63
38,215.54,0.00862138446,0x81ecd5bf225a868489ef5bd1e394b5ef021c49fb,2017-11-02T03:20:22.000Z,0.000039999,0x7a165055a41151ba289112ff20a9a46e46a59301,buy,0xab95e915c123fded5bdfb6325e35ef5515f1ea69,0x1c2f52c22db39132f868623effd47c3ee40fc909a3378627094bf5006fd10dec
39,100,0.0039998,0x81ecd5bf225a868489ef5bd1e394b5ef021c49fb,2017-11-02T03:19:26.000Z,0.000039998,0x92e67ad23a8b6eeb784a34f5b382a541c421babf,buy,0xab95e915c123fded5bdfb6325e35ef5515f1ea69,0x9b35a12fba5d92778588acabf223dd1e6eed37f75fe4326dbda44a7a954cc145
40,1048.68,0.04089852,0x81ecd5bf225a868489ef5bd1e394b5ef021c49fb,2017-11-02T03:17:25.000Z,0.000039,0x4fce945bc224d80ee8a71a8ffc68d29957d4e989,buy,0xab95e915c123fded5bdfb6325e35ef5515f1ea69,0x3c8b9c12de0878856bdb03f0bbefab0bdfec9c3621dd870ec8409c2b6e4fc86f
41,405.643,0.014197505,0x81ecd5bf225a868489ef5bd1e394b5ef021c49fb,2017-11-02T03:15:35.000Z,0.000035,0x51ca9a4707043be59e56c1db14d58dcbd955569e,buy,0xab95e915c123fded5bdfb6325e35ef5515f1ea69,0xb8b14abd80e63735ce3970cf6817db66b67d75491870f651d0cd3574dcc0668c
42,677.9068397894706,0.022377026874610635,0x0f1bfd3f7c8b183b1c4472c1f258b7d538037cd4,2017-11-02T01:25:32.000Z,0.00003300899999999999,0x17f2f425ad47a48522e730e9630e73f0a12aec02,sell,0xab95e915c123fded5bdfb6325e35ef5515f1ea69,0xa5bce1d370f93b489010d47810e17dead7793ee6c6839ba3a55e34ba323062a2
43,51.251,0.00205004,0x6b6419c14e261f31a2fe1d8aba756f61984ccb55,2017-11-02T01:18:01.000Z,0.00004,0x17f2f425ad47a48522e730e9630e73f0a12aec02,sell,0xab95e915c123fded5bdfb6325e35ef5515f1ea69,0x4d5db9e58031fb45d758048f1742f95db54fe41bfc1c4e8baee87b35191ffbf2
44,28.784714159961688,0.001023296588386638,0x1d5321e125f6c7079a716705541c7b371ca79e69,2017-11-02T01:03:01.000Z,0.00003555,0x86bcb379e181760cf62409b25142fb8b09b0c3dc,buy,0xab95e915c123fded5bdfb6325e35ef5515f1ea69,0x48e9e5d82924eb7d603f250113f80315183867b6e01bede3285848c65e74edf7
45,28.698618305046548,0.001147944732201861,0x6b6419c14e261f31a2fe1d8aba756f61984ccb55,2017-11-02T01:03:01.000Z,0.00003999999999999996,0x1d5321e125f6c7079a716705541c7b371ca79e69,sell,0xab95e915c123fded5bdfb6325e35ef5515f1ea69,0x48e9e5d82924eb7d603f250113f80315183867b6e01bede3285848c65e74edf7
46,359.94249887543515,0.014397699955017404,0x6b6419c14e261f31a2fe1d8aba756f61984ccb55,2017-11-02T00:55:44.000Z,0.00003999999999999999,0xa54ffa43d11698bc300d924781518b71dd10f0a8,sell,0xab95e915c123fded5bdfb6325e35ef5515f1ea69,0xdafaed90ff21f58bcc37ba42dbf0bb1447988b46ce6976a70e8ab3a73b4d8f89
47,100,0.0035549,0x1d5321e125f6c7079a716705541c7b371ca79e69,2017-11-02T00:01:47.000Z,0.000035549,0x92e67ad23a8b6eeb784a34f5b382a541c421babf,buy,0xab95e915c123fded5bdfb6325e35ef5515f1ea69,0xc03894731600d5bfe7579805c9c4a8f039382d363c8ba73d44786b97d2bbd91b
48,99.70089730807577,0.00398803589232303,0x6b6419c14e261f31a2fe1d8aba756f61984ccb55,2017-11-02T00:01:47.000Z,0.00003999999999999999,0x1d5321e125f6c7079a716705541c7b371ca79e69,sell,0xab95e915c123fded5bdfb6325e35ef5515f1ea69,0xc03894731600d5bfe7579805c9c4a8f039382d363c8ba73d44786b97d2bbd91b
49,752.7322904918558,0.03010929161967423,0x6b6419c14e261f31a2fe1d8aba756f61984ccb55,2017-11-02T00:01:12.000Z,0.00003999999999999999,0x0f1bfd3f7c8b183b1c4472c1f258b7d538037cd4,sell,0xab95e915c123fded5bdfb6325e35ef5515f1ea69,0x803efdee3b88522ce9f3033e0719b11d11f6257521731c76e82dcc5e88646baa
50,530.0643507363839,0.021202574029455353,0x6b6419c14e261f31a2fe1d8aba756f61984ccb55,2017-11-01T23:28:40.000Z,0.00003999999999999999,0xffb4c3847c14f88e27042800c18d6e3ec2d2c5df,sell,0xab95e915c123fded5bdfb6325e35ef5515f1ea69,0x86578b35b7f87a04bc5b642dbe3043e569f9e1288d5201c7d3329bcafeeba0c7
51,668,0.02672,0x6b6419c14e261f31a2fe1d8aba756f61984ccb55,2017-11-01T23:02:34.000Z,0.00004,0xc4974402c2940657203e7cf6851559924dedca69,sell,0xab95e915c123fded5bdfb6325e35ef5515f1ea69,0x7e5a79db9b8c28b2a3430bfb609ccc2de0a058c68fad06524b2304f91168c526
52,409.6101467756,0.016384405871024,0x6b6419c14e261f31a2fe1d8aba756f61984ccb55,2017-11-01T22:52:35.000Z,0.00004,0x273a5d3e6721b9f5c1a6474f560c1334c63dda01,sell,0xab95e915c123fded5bdfb6325e35ef5515f1ea69,0x78f7da10d4e7a85e44f6eb49f7f3632c4e135c520cc3128f84edf1ddd6a8e1a5
53,410.8426748,0.0156120216424,0x273a5d3e6721b9f5c1a6474f560c1334c63dda01,2017-11-01T22:52:35.000Z,0.000038,0xe1e1d0d73eeb29d0632bc4c7871bfc74dbed0741,buy,0xab95e915c123fded5bdfb6325e35ef5515f1ea69,0x78f7da10d4e7a85e44f6eb49f7f3632c4e135c520cc3128f84edf1ddd6a8e1a5
54,327.34223905891736,0.010804912626856743,0x81ecd5bf225a868489ef5bd1e394b5ef021c49fb,2017-11-01T22:23:52.000Z,0.00003300799999999999,0x9afcca46b663bda84aa1bb420ad3a35a706e9d39,sell,0xab95e915c123fded5bdfb6325e35ef5515f1ea69,0xb31737a26f67e22a76c1db96babca7c1e6fc5e1bcc6913975f286ff6f017368c
55,3650,0.1387,0x9888269187fd69c9178f320a90765627b5faefab,2017-11-01T22:14:04.000Z,0.000038,0xe1e1d0d73eeb29d0632bc4c7871bfc74dbed0741,buy,0xab95e915c123fded5bdfb6325e35ef5515f1ea69,0xad010b63566ce0892946231256428a43dcf85af0c86e32a3b3aab6d58f2fa112
56,1000,0.039998,0x9888269187fd69c9178f320a90765627b5faefab,2017-11-01T22:11:26.000Z,0.000039998,0xf212d080ac4975e4522d15fe22df5934e9d638cb,buy,0xab95e915c123fded5bdfb6325e35ef5515f1ea69,0x573adb5f5b4537cd3cfde065b0b576d1e4e72c5bc8a738ee01727f59e50a6589
57,289.7507858400383,0.010300640436613362,0x6a82342937003d8b273d605bf78deaebdf756e12,2017-11-01T22:05:20.000Z,0.00003555,0x86bcb379e181760cf62409b25142fb8b09b0c3dc,buy,0xab95e915c123fded5bdfb6325e35ef5515f1ea69,0x6409bf0c56cb8d9c4845c16e295f35d9c3016e823c3b1c5563019fa9b838c12b
58,2697.257,0.094401297743,0x179db9068c45e6617c13176c4c5082c9e5e347fc,2017-11-01T21:39:28.000Z,0.000034999,0x48eaedfa6ab55f414a433f0778f55ed9b827e822,buy,0xab95e915c123fded5bdfb6325e35ef5515f1ea69,0xc27d2b8b99aa828fff16982c8c93627f8e440d8245439250ed9321a4c1883b39
59,177.10355768694419,0.00584601133568834,0x179db9068c45e6617c13176c4c5082c9e5e347fc,2017-11-01T21:38:23.000Z,0.00003300899999999999,0x136189e2edd46d3d181109df2d71bfd5f1ba1ccf,sell,0xab95e915c123fded5bdfb6325e35ef5515f1ea69,0x864bbbc22b660a33baec59ecec5f4d48e0af9f60ac418a215c1d2ef21724954a
60,65.52183666235665,0.002162744784551068,0x81ecd5bf225a868489ef5bd1e394b5ef021c49fb,2017-11-01T21:20:16.000Z,0.00003300799999999999,0xe82e81428b4e8e876e42154dd946b95a4a3c67b3,sell,0xab95e915c123fded5bdfb6325e35ef5515f1ea69,0x13775bd303772a74345764a7d061cc5dd1e26e4dc38516067ee058d304cb6c3d
61,862.8039476267102,0.02847943270326245,0x81ecd5bf225a868489ef5bd1e394b5ef021c49fb,2017-11-01T20:59:04.000Z,0.00003300799999999999,0xd096be970baf04c5dee3c1514d05447630a01dbe,sell,0xab95e915c123fded5bdfb6325e35ef5515f1ea69,0x23e840c8076316ec26e56db93eaf4744503be71f7a1dccbf4a916f4c056c2224
62,0.22569117278230796,0.000007449614231198,0x81ecd5bf225a868489ef5bd1e394b5ef021c49fb,2017-11-01T20:41:05.000Z,0.00003300799999999813,0x21dc0037fb901d1744b2af525bde92ec0a23abd7,sell,0xab95e915c123fded5bdfb6325e35ef5515f1ea69,0xe14e1871eae97c4a283bb4ebaefcb46fadf70466bb323c841f3f13f0be39c6ac
63,0.22569117278230796,0.000007449614231198,0x81ecd5bf225a868489ef5bd1e394b5ef021c49fb,2017-11-01T20:40:47.000Z,0.00003300799999999813,0x21dc0037fb901d1744b2af525bde92ec0a23abd7,sell,0xab95e915c123fded5bdfb6325e35ef5515f1ea69,0xe14e1871eae97c4a283bb4ebaefcb46fadf70466bb323c841f3f13f0be39c6ac
64,2263.908154179331,0.07472708035315136,0x81ecd5bf225a868489ef5bd1e394b5ef021c49fb,2017-11-01T20:37:23.000Z,0.00003300799999999999,0x21dc0037fb901d1744b2af525bde92ec0a23abd7,sell,0xab95e915c123fded5bdfb6325e35ef5515f1ea69,0x1fe7b72180ba211c83be4ba7dfa59e3a2379813cf23b1719c4c0586bf448c096
65,274.181,0.009050440629,0x422f11c63e5defa50f397bc53ecb2ae802d2135f,2017-11-01T20:36:19.000Z,0.000033009,0x21dc0037fb901d1744b2af525bde92ec0a23abd7,sell,0xab95e915c123fded5bdfb6325e35ef5515f1ea69,0x1ea85ccbe2e423c100bffcb1aa98557362383e7ce99dfedfb26ce4a41d827afa
66,239.783,0.00791523683,0x1782164e3225842645c314ec7c991cfb36571683,2017-11-01T20:35:48.000Z,0.00003301,0x21dc0037fb901d1744b2af525bde92ec0a23abd7,sell,0xab95e915c123fded5bdfb6325e35ef5515f1ea69,0xceefa70c9d9c16d6c2b80fc6b2f1b1288e6d0c04b1c5d0e1499685e19f2048a9
67,1402.3085214629382,0.046416412060423254,0x29b8eca0a380c562a00b7e5d1fbc624e5be736a5,2017-11-01T20:35:43.000Z,0.00003309999999999999,0x21dc0037fb901d1744b2af525bde92ec0a23abd7,sell,0xab95e915c123fded5bdfb6325e35ef5515f1ea69,0x088ce167f7ba1cc334c05c707804ad8afae109f501f0729ecace2433fb019122
68,763.2339746784967,0.02526304456185824,0x29b8eca0a380c562a00b7e5d1fbc624e5be736a5,2017-11-01T19:29:25.000Z,0.00003309999999999999,0xb0d2ce3e2bfbc1a47dbfe5b3eef5335284dfeb49,sell,0xab95e915c123fded5bdfb6325e35ef5515f1ea69,0x80018e166056a19994d9c38871e04ce770eab7763c36d257bcdffacc510639ac
69,1452.501384,0.0480777958104,0x29b8eca0a380c562a00b7e5d1fbc624e5be736a5,2017-11-01T19:19:36.000Z,0.0000331,0x273a5d3e6721b9f5c1a6474f560c1334c63dda01,sell,0xab95e915c123fded5bdfb6325e35ef5515f1ea69,0x8ee2f60db1f75d013368a533799c05161848f5b263625b56c2e03bbcaa0397c5
70,1456.872,0.040428198,0x273a5d3e6721b9f5c1a6474f560c1334c63dda01,2017-11-01T19:19:36.000Z,0.00002775,0x8c19ca4a865911a47c22ae8c33026ffcbd369452,buy,0xab95e915c123fded5bdfb6325e35ef5515f1ea69,0x8ee2f60db1f75d013368a533799c05161848f5b263625b56c2e03bbcaa0397c5
71,534.2239058917356,0.01773623367560562,0x179db9068c45e6617c13176c4c5082c9e5e347fc,2017-11-01T18:35:30.000Z,0.00003319999999999999,0xc698075aa6f05ecbc11c768d67b2351bba755ca2,sell,0xab95e915c123fded5bdfb6325e35ef5515f1ea69,0x1c15139daf5a4393af8be733b6c0f0dbe3ba7a70be915f81666952be7f0d8b10
72,854.4388352127683,0.028367369329063905,0x179db9068c45e6617c13176c4c5082c9e5e347fc,2017-11-01T18:29:24.000Z,0.00003319999999999999,0xfe3055fb9e743240c6cb8bdaf22c3340b722b82e,sell,0xab95e915c123fded5bdfb6325e35ef5515f1ea69,0xe68c7a17c7055773d1aae9132dc5732f92eafab2a2fbb6cbdb3cf03d5dac2016
73,205,0.006806,0x179db9068c45e6617c13176c4c5082c9e5e347fc,2017-11-01T18:11:59.000Z,0.0000332,0x15630b7be464718162f3c713ed9d97fdac0698d0,sell,0xab95e915c123fded5bdfb6325e35ef5515f1ea69,0xc981bba2768484bb89b2ed79b07f04914466564bcc51d3cc8357a6d01e51ed3b
74,95,0.003154,0x179db9068c45e6617c13176c4c5082c9e5e347fc,2017-11-01T17:38:30.000Z,0.0000332,0x40de6250458e6c9b41e7609dbb39172816dba22b,sell,0xab95e915c123fded5bdfb6325e35ef5515f1ea69,0x9bf4989cdb88b5a92fe34980256ef98fe67736a3bc97b3d5654028df5a67e94a
75,202,0.0067064,0x179db9068c45e6617c13176c4c5082c9e5e347fc,2017-11-01T17:24:24.000Z,0.0000332,0xb54c22a82c131b205954948b142f75db751f43c2,sell,0xab95e915c123fded5bdfb6325e35ef5515f1ea69,0x6ccb9ba7795b54493685c4fba90f444d6a4c6ef448c07661d62bf3e5d3e9e9d6
76,146.48226339141857,0.004863211144595096,0x179db9068c45e6617c13176c4c5082c9e5e347fc,2017-11-01T16:01:17.000Z,0.00003319999999999999,0xe7a1c84536b859553ebc703da7184e037138532a,sell,0xab95e915c123fded5bdfb6325e35ef5515f1ea69,0xb627a702406c8993aafd8cf4c94bf8962b931c97d8198be6162d2edc69670b10
77,267.31432559066894,0.008874835609610209,0x179db9068c45e6617c13176c4c5082c9e5e347fc,2017-11-01T15:56:25.000Z,0.00003319999999999999,0x3efcc119d1124d7e054714402908d31046b4f004,sell,0xab95e915c123fded5bdfb6325e35ef5515f1ea69,0x568c30fb30342bfb14bcfd62f58233b008437ff6ce8ffc5ee1a451a79d955bf9
78,100,0.0037999,0x1a96f3bc6cd0e9db43e89f983d4227ec5f707539,2017-11-01T15:55:38.000Z,0.000037999,0x92e67ad23a8b6eeb784a34f5b382a541c421babf,buy,0xab95e915c123fded5bdfb6325e35ef5515f1ea69,0xfeceedf16d42f17662b35f28a1f84c41829ca1200edbde38f3c4c9d69826320b
79,586.9215432160303,0.019485795234772205,0x179db9068c45e6617c13176c4c5082c9e5e347fc,2017-11-01T15:41:21.000Z,0.00003319999999999999,0x44f7949f21b2a08e2b81629faada445c04555b8a,sell,0xab95e915c123fded5bdfb6325e35ef5515f1ea69,0xbed9be2d83e622764e5cb6967afe219297a2666f01762e0e37f90ce14d7032e8
80,0.11781859248988887,0.000003899795411415,0x29b8eca0a380c562a00b7e5d1fbc624e5be736a5,2017-11-01T15:20:07.000Z,0.00003309999999999727,0x0c498ba71b8e620e998b7cd020a86c1e3c6e3e32,sell,0xab95e915c123fded5bdfb6325e35ef5515f1ea69,0x32a565858b02c40543538623adba403f4868cb7631c7909caa10af4710e1826e
81,1181.8383012660752,0.039118847771907085,0x29b8eca0a380c562a00b7e5d1fbc624e5be736a5,2017-11-01T15:19:24.000Z,0.00003309999999999999,0x0c498ba71b8e620e998b7cd020a86c1e3c6e3e32,sell,0xab95e915c123fded5bdfb6325e35ef5515f1ea69,0xc11396262f70f9303dece89ff50c9426295d48db27b5d3a6d1801998e60ea4dd
82,200,0.00662,0x29b8eca0a380c562a00b7e5d1fbc624e5be736a5,2017-11-01T14:44:31.000Z,0.0000331,0x0092fd51be45c3190e39cbb48ef8fbded15bbc98,sell,0xab95e915c123fded5bdfb6325e35ef5515f1ea69,0xb6562be9c00ae63f531006b9c779d4a8b9a1193279694b23b8ba906aac8e7557
83,124.236,0.004137183036,0x1782164e3225842645c314ec7c991cfb36571683,2017-11-01T14:24:52.000Z,0.000033301,0x812028886f88ef49db5e9982c97c496c8f395bd0,sell,0xab95e915c123fded5bdfb6325e35ef5515f1ea69,0x03e42b4356d0711694fe013ec3d69e7087ee4a85e2253fba2b9fcaf22b3316ba
84,366.28107048548867,0.012197525928237257,0x1782164e3225842645c314ec7c991cfb36571683,2017-11-01T14:03:06.000Z,0.00003330099999999999,0xff0ad139c131720fe615e1c5f6492706480eb6a1,sell,0xab95e915c123fded5bdfb6325e35ef5515f1ea69,0xc2f560dd5f6679d2231299f29aba74f9ffb6c5b9a5a59f6dc1e0bf68fd2a1c68
85,1893.1351477220617,0.06304329355429238,0x1782164e3225842645c314ec7c991cfb36571683,2017-11-01T13:46:41.000Z,0.00003330099999999999,0xe2eabfc1e89a462bbd2ba188cd8a9591a9a0d04e,sell,0xab95e915c123fded5bdfb6325e35ef5515f1ea69,0x2481d826944a8ef9004d309e40ea1678a0b78e9690c20ee3bc29ab7e0e1b440f
86,0.06448327203842019,0.000002147357442151,0x1782164e3225842645c314ec7c991cfb36571683,2017-11-01T13:32:03.000Z,0.00003330099999999332,0xc3f5c555eb9d54cd7fba14d6dedb167d3b28e846,sell,0xab95e915c123fded5bdfb6325e35ef5515f1ea69,0x2edcb19552d8b040d2077986c5f16844c29534262b7d53243b9c4c2961a44ab8
87,646.831701817393,0.021540142502221003,0x1782164e3225842645c314ec7c991cfb36571683,2017-11-01T13:05:45.000Z,0.00003330099999999999,0xc3f5c555eb9d54cd7fba14d6dedb167d3b28e846,sell,0xab95e915c123fded5bdfb6325e35ef5515f1ea69,0xfcf24df55701c2103ea41d202507dfba911aea033ae4174e5410fe3b21b35d6b
88,769.451500360458,0.02562350441350361,0x1782164e3225842645c314ec7c991cfb36571683,2017-11-01T12:42:51.000Z,0.00003330099999999999,0x0c46be082182c8c14ac0e3aa8bfee0563d893d97,sell,0xab95e915c123fded5bdfb6325e35ef5515f1ea69,0x14adb79a701871ec28b701f466c64157c10c2d1a2fa327144450076274ac2945
89,212.86412122420495,0.007028773282823247,0x503a6945bc893a957deda173e3b1bd235a2f9112,2017-11-01T11:44:41.000Z,0.00003301999999999999,0x9d413c9f3650b2d7a264373bc89c457a05dedcae,sell,0xab95e915c123fded5bdfb6325e35ef5515f1ea69,0xf70d18b7c0bcc4dfd5ace2d3e752d45c6648026106f8fe0559b995fe662b4248
90,373.9279160432586,0.0123470997877484,0x503a6945bc893a957deda173e3b1bd235a2f9112,2017-11-01T11:04:17.000Z,0.00003301999999999999,0x8e7fcc7a17f00f0f5f85f2d5964a581d0813c8a6,sell,0xab95e915c123fded5bdfb6325e35ef5515f1ea69,0xcaa827249ab20f4557528bc557dcbe43b268c0b3c2dac9341eb04447f03becc8
91,110.65696341341841,0.003652786362276941,0x1782164e3225842645c314ec7c991cfb36571683,2017-11-01T10:56:55.000Z,0.00003300999999999999,0x68bd54f977d53885e21a7c5b02128c816c2b7a48,sell,0xab95e915c123fded5bdfb6325e35ef5515f1ea69,0xc0a135d032b0776d05f7f927ad70ab55bf6719c0acf61488f33ad2c055e52b0a
92,1947.9917364372525,0.06430320721979371,0x1782164e3225842645c314ec7c991cfb36571683,2017-11-01T10:10:50.000Z,0.00003300999999999999,0x68bbd7afd66f2a2c36a817bef85f07e5f63d60f4,sell,0xab95e915c123fded5bdfb6325e35ef5515f1ea69,0x3bb516ce8ab7de4e0213d8f1f7bf0c4523499f7f689d8913abe8b655e1d74836
93,482,0.015910338,0x422f11c63e5defa50f397bc53ecb2ae802d2135f,2017-11-01T09:05:08.000Z,0.000033009,0x307e1218e7b34a16afa587e405c953299b25894e,sell,0xab95e915c123fded5bdfb6325e35ef5515f1ea69,0xeb3dc7fad2a7b0c20c0d9859a3a3a44fa6c9bed9d4514a8feb8def660c0b1096
94,84.82703618781777,0.002800055637523676,0x422f11c63e5defa50f397bc53ecb2ae802d2135f,2017-11-01T09:03:33.000Z,0.00003300899999999999,0xd0ba6341110af1e88e7c5fecd9fb0d4bc061adf0,sell,0xab95e915c123fded5bdfb6325e35ef5515f1ea69,0x783b5f07d8b707ed1984b9e06bce12b09a2f421701f984a37683740455409a3f
95,124.19300169474629,0.00409948679294188,0x422f11c63e5defa50f397bc53ecb2ae802d2135f,2017-11-01T08:56:12.000Z,0.00003300899999999999,0x95123c29f29c90c0395bec5250779d456ee8d26a,sell,0xab95e915c123fded5bdfb6325e35ef5515f1ea69,0x99d00af07a33db3528fe62f6c19f4495d2fc94297fd4084c10cf6b479da4374a
96,710.9181537234573,0.0234666973362576,0x422f11c63e5defa50f397bc53ecb2ae802d2135f,2017-11-01T08:40:12.000Z,0.00003300899999999999,0xa7c50e2f189afae45a7435d499685b276295f5dd,sell,0xab95e915c123fded5bdfb6325e35ef5515f1ea69,0xc8308c8ba17912a5e265ca040fd967ea969dbcd4e0511eabb3515da786d55a41
97,2346,0.077439114,0x422f11c63e5defa50f397bc53ecb2ae802d2135f,2017-11-01T08:17:22.000Z,0.000033009,0xb3e30dea4952551d57cbbd64ab850965179ad2d5,sell,0xab95e915c123fded5bdfb6325e35ef5515f1ea69,0xe0bcda46e33691c6c6767464a5b7c6c58076dc624d635736551853df87e214c2
98,661.2870102681687,0.021828422921941978,0x422f11c63e5defa50f397bc53ecb2ae802d2135f,2017-11-01T08:15:04.000Z,0.00003300899999999999,0x1db61b8d3a64afac73ddfacddb84c8e5b6f5c76e,sell,0xab95e915c123fded5bdfb6325e35ef5515f1ea69,0x3ed0c1cff9ed0a2f8dd71ee1092a068421c885963439343751467aa825626d1e
99,68.59336058219519,0.002264198239457681,0x422f11c63e5defa50f397bc53ecb2ae802d2135f,2017-11-01T07:45:08.000Z,0.00003300899999999999,0x8f30e498b46de4cb0aab8093c2858cfae337d7fe,sell,0xab95e915c123fded5bdfb6325e35ef5515f1ea69,0xc1df524f11a7d4fedb869bee33ee93ee912b092be34ada2934852346607e98a5
100,254.81687985468554,0.00841099557024346,0x81ecd5bf225a868489ef5bd1e394b5ef021c49fb,2017-11-01T07:02:11.000Z,0.00003300799999999999,0xff5aaf3b800f14e42cbcc0b1eb06ee8f575af51f,sell,0xab95e915c123fded5bdfb6325e35ef5515f1ea69,0x9d011b1fbc00dc3bdac26b482a0e51dc1518d1014ea1fe6d5440e26153561ca3
101,176.77954534120047,0.005835139232622344,0x81ecd5bf225a868489ef5bd1e394b5ef021c49fb,2017-11-01T07:00:02.000Z,0.00003300799999999999,0x9f0bb02e7003767f7fe66ec6497a72e5f155c01d,sell,0xab95e915c123fded5bdfb6325e35ef5515f1ea69,0x09b7542ff94e070fa49187686a3c78f2809baeb5fe597e506cb8d4297f866836
102,638.1218223507128,0.021063125112152328,0x81ecd5bf225a868489ef5bd1e394b5ef021c49fb,2017-11-01T06:55:18.000Z,0.00003300799999999999,0xff5aaf3b800f14e42cbcc0b1eb06ee8f575af51f,sell,0xab95e915c123fded5bdfb6325e35ef5515f1ea69,0xa1a33b1196394e0fdf562a8437849387f8982d50b2089d1376edfad94fe2bd50
103,491.4342756368709,0.016221262570221835,0x81ecd5bf225a868489ef5bd1e394b5ef021c49fb,2017-11-01T06:39:43.000Z,0.00003300799999999999,0x117ac0195f2d28ba9d046e251dbf4101f9ada4e4,sell,0xab95e915c123fded5bdfb6325e35ef5515f1ea69,0xd7ef5c0d3ca3fb741d010416d9fda489b1e2256ca456c357d2e5aebffb04899e
104,150,0.00687,0x67d2bf1c8ce48498cf5233673f4aefed251414c2,2017-11-01T05:58:38.000Z,0.0000458,0x5a2617ccdf75ed7997ce598796996031087f536e,buy,0xab95e915c123fded5bdfb6325e35ef5515f1ea69,0xee289fe841a092ee8c1806ab5051ee9756fcd1ced259c5dd27289820f706a372
105,100,0.0045799,0x67d2bf1c8ce48498cf5233673f4aefed251414c2,2017-11-01T05:57:42.000Z,0.000045799,0x92e67ad23a8b6eeb784a34f5b382a541c421babf,buy,0xab95e915c123fded5bdfb6325e35ef5515f1ea69,0x8f11a550a531ac4417acfeb56dacc6775b1f00590c8fbfe45e1a3bde3e05c202
106,757,0.034669086,0x67d2bf1c8ce48498cf5233673f4aefed251414c2,2017-11-01T05:57:38.000Z,0.000045798,0x422f11c63e5defa50f397bc53ecb2ae802d2135f,buy,0xab95e915c123fded5bdfb6325e35ef5515f1ea69,0x2d92bde593fe9fceb11966aa658bdd84191789508676112cf2abe71f1f9f1a74
107,891.42,0.02942220852,0x107d35bdbb393d33d6d9ce4127883b057b8e6187,2017-11-01T04:47:59.000Z,0.000033006,0x6fcf7af8feb49f47da5b17847f61fa2d5e660dc0,buy,0xab95e915c123fded5bdfb6325e35ef5515f1ea69,0xd3e6658d023a3828d6d6a7312b05583dc5d41205a21646ad69d5d5a51e0a7e6a
108,511.9031003887947,0.01689536182833217,0x1782164e3225842645c314ec7c991cfb36571683,2017-11-01T04:16:13.000Z,0.00003300499999999999,0x59393aca23e472496a6f323ed16bcfc564ac0459,sell,0xab95e915c123fded5bdfb6325e35ef5515f1ea69,0xda2a676a1afbf6e55b5d5c3bc4d8c14dd69138e8b54947a5128b2c51420ad56c
109,117.037,0.0058401463,0x1a96f3bc6cd0e9db43e89f983d4227ec5f707539,2017-11-01T04:15:02.000Z,0.0000499,0xfa803000e69fa92bebfc998a55a454b79328bd88,buy,0xab95e915c123fded5bdfb6325e35ef5515f1ea69,0x4b7add754701ed3fcfea7f7c24ad1f369809a59b72fc9fded95af0dbdea94985
110,100,0.0033006,0x5a2617ccdf75ed7997ce598796996031087f536e,2017-11-01T04:14:36.000Z,0.000033006,0x59393aca23e472496a6f323ed16bcfc564ac0459,sell,0xab95e915c123fded5bdfb6325e35ef5515f1ea69,0xad8d95d3230f193d761d7d9a5c87e71dbf7335aefdcceaa85e6719a51a99ea64
111,136.90444421568836,0.004518531181338793,0x1782164e3225842645c314ec7c991cfb36571683,2017-11-01T03:01:02.000Z,0.00003300499999999999,0x0a70de1a644ced8488ec91b4b463826cbf4b5000,sell,0xab95e915c123fded5bdfb6325e35ef5515f1ea69,0xf387dcb696b9d34820cdbd26de1275b65fcff6a69686097bb4f9463c3911cc07
112,1000,0.116,0x1a96f3bc6cd0e9db43e89f983d4227ec5f707539,2017-11-01T02:35:50.000Z,0.000116,0x67d2bf1c8ce48498cf5233673f4aefed251414c2,buy,0xab95e915c123fded5bdfb6325e35ef5515f1ea69,0xd03633be067ea825c12f8d122e516e9e3f8a902acb0769cc36f808d7fdca5226
113,45.42067937805103,0.013580783134037258,0x1a96f3bc6cd0e9db43e89f983d4227ec5f707539,2017-11-01T02:29:46.000Z,0.000299,0xa54ffa43d11698bc300d924781518b71dd10f0a8,buy,0xab95e915c123fded5bdfb6325e35ef5515f1ea69,0x4f4295068aca52a78dda1f1ffbc51e081c887badf8216fb1fb406c2b4feff352
114,300,0.084,0x1a96f3bc6cd0e9db43e89f983d4227ec5f707539,2017-11-01T02:26:53.000Z,0.00028,0x03ebc2895c3aa91b56a24f2dc7636c4b392a0624,buy,0xab95e915c123fded5bdfb6325e35ef5515f1ea69,0x6e1521d5471d6ea5b48d5f388b25099f299c35941660584d02a314132d7d7e1d
115,100.000404285021,0.004579918515849677,0x1a96f3bc6cd0e9db43e89f983d4227ec5f707539,2017-11-01T02:23:01.000Z,0.000045799,0x92e67ad23a8b6eeb784a34f5b382a541c421babf,buy,0xab95e915c123fded5bdfb6325e35ef5515f1ea69,0x632032cc5a2bc0091b7457460578ccf4403bb09bed71f8e73efcbdd99703aaa9
116,523,0.0208677,0x5a2617ccdf75ed7997ce598796996031087f536e,2017-11-01T02:00:43.000Z,0.0000399,0x49ef480fe0105a1325f2f4e7475ee983d37c5bfc,buy,0xab95e915c123fded5bdfb6325e35ef5515f1ea69,0x982920340c89dfe675aaca346ae9ecf660dea28edf76281ed3fb396ac4b92e1b
117,110,0.0043989,0x5a2617ccdf75ed7997ce598796996031087f536e,2017-11-01T01:57:54.000Z,0.00003999,0xb7ddaba243659e42d2813fcb9f30aca983478b5c,buy,0xab95e915c123fded5bdfb6325e35ef5515f1ea69,0x76e5d1c9fbb5148c7d6a9487869b7b07cf4b8e81fe24e940d65209371ce3af5b
118,208,0.008317296,0x5a2617ccdf75ed7997ce598796996031087f536e,2017-11-01T01:57:54.000Z,0.000039987,0x92e67ad23a8b6eeb784a34f5b382a541c421babf,buy,0xab95e915c123fded5bdfb6325e35ef5515f1ea69,0x2201ebfa9df7f15318de953525ca063d45d0cd539a5746123add360382a7fd5b
119,201.44678363,0.00805545398379644,0x5a2617ccdf75ed7997ce598796996031087f536e,2017-11-01T01:57:54.000Z,0.000039988,0x0d5ef5c63def4b18b4be3359e31ed4ac00e28f44,buy,0xab95e915c123fded5bdfb6325e35ef5515f1ea69,0xfbf16dc92ac9af99975b47ee434b05c35b3307af407d84f0448ab224711cbaea
120,0.00000098140572668,0.000000000032388351,0x422f11c63e5defa50f397bc53ecb2ae802d2135f,2017-10-31T23:33:14.000Z,0.00003300199919310297,0x85340638f7fd12497c9e4f816dc3ef2557d2fc1c,sell,0xab95e915c123fded5bdfb6325e35ef5515f1ea69,0xe5091b520739abc669ac1653919cdf45b6894d3cd0e242953c25405dfcbaf5ed
121,0.00984448084431871,0.000000324887556824,0x422f11c63e5defa50f397bc53ecb2ae802d2135f,2017-10-31T23:23:37.000Z,0.00003300199999997906,0x85340638f7fd12497c9e4f816dc3ef2557d2fc1c,sell,0xab95e915c123fded5bdfb6325e35ef5515f1ea69,0x165cfdb3fcbcf56fea9816b867925015ae1bbd232fc57ee384c246ffa72db161
122,98.74998734936098,0.003259835832389755,0x1782164e3225842645c314ec7c991cfb36571683,2017-10-31T23:22:16.000Z,0.00003301099999999999,0x85340638f7fd12497c9e4f816dc3ef2557d2fc1c,sell,0xab95e915c123fded5bdfb6325e35ef5515f1ea69,0x8d21776a867f3fabf8fb7887bc3c630d6d790322e113278828a000b17fe36081
123,637.1537477644223,0.021026710829973698,0x3f441403c9f9f93b13711db4d4a2e4eed9ada767,2017-10-31T23:06:26.000Z,0.00003300099999999999,0x319112568bec6af88d43c258f36d94319bf1ac23,sell,0xab95e915c123fded5bdfb6325e35ef5515f1ea69,0xf6bce3115c706bf242b297f60de04a099045f40c303b375b854b60f66ecaccd4
124,435.0513408433855,0.014357129299172565,0x3f441403c9f9f93b13711db4d4a2e4eed9ada767,2017-10-31T22:50:00.000Z,0.00003300099999999999,0x9183d51aaa136bed326ea6255e634fc30caa1615,sell,0xab95e915c123fded5bdfb6325e35ef5515f1ea69,0xa3acae39c40b96ee04044cb6050686ea2baaf10affb00139331c75f698dbc1d5
125,266.572425464002,0.008799822336992169,0x1782164e3225842645c314ec7c991cfb36571683,2017-10-31T21:12:12.000Z,0.00003301099999999999,0xbbf25806b3c7cbc55237ec7ff8924565a793d7f0,sell,0xab95e915c123fded5bdfb6325e35ef5515f1ea69,0x20ef825d3dea26c78806bd0fa94d094651731f42ceea32a225ec3ea082001d4d
126,550.1035180889521,0.0181594672356344,0x1782164e3225842645c314ec7c991cfb36571683,2017-10-31T20:18:42.000Z,0.00003301099999999999,0x8dcdd74d13e96039231567efbd7ce5bacbc0db17,sell,0xab95e915c123fded5bdfb6325e35ef5515f1ea69,0x2a3b2fdaf4198b13102a73776cffe36caf74815d525a245bf4c249ef4f7f0ebb
127,234.78765261202636,0.007750575200375602,0x1782164e3225842645c314ec7c991cfb36571683,2017-10-31T20:11:54.000Z,0.00003301099999999999,0xfbf3236362407bfcc623eb14eada9a6e5168bd14,sell,0xab95e915c123fded5bdfb6325e35ef5515f1ea69,0x2c34071e540b68ca4bdc35f9a98510960c390912eb3e734d9521aa393b92a502
128,166.9937178242885,0.005565900615083535,0x422f11c63e5defa50f397bc53ecb2ae802d2135f,2017-10-31T19:41:43.000Z,0.00003332999999999999,0x158a31c84665af5d4131d0c9a8164326968504fc,sell,0xab95e915c123fded5bdfb6325e35ef5515f1ea69,0xd04859ea6ab6a6983e3301dedd64ed3f1f57a2ab1ee858b9f2a3829ecd7377ab
129,277.404,0.01248318,0x503a6945bc893a957deda173e3b1bd235a2f9112,2017-10-31T19:05:40.000Z,0.000045,0xadfe9288a94a20ad52b3d0c65890929e5766e1b8,buy,0xab95e915c123fded5bdfb6325e35ef5515f1ea69,0xfe2f0ab0c775c2c7f2710e4949426e99da264774a644d04577921cd6aabd1bd2
130,273.8110824387656,0.009128861488508444,0xd0a0fc167ba3afcb082cc19bde1728fe78bf9640,2017-10-31T18:50:41.000Z,0.00003333999999999999,0x123b218538c768fa1bb85e851876cf58c65f81e1,sell,0xab95e915c123fded5bdfb6325e35ef5515f1ea69,0x30bf73ff18c17b9ce06ac6e4e36f7bf58df36ee02d4aba289a80df5be129288a
131,365.1161399661051,0.012172972106469943,0xd0a0fc167ba3afcb082cc19bde1728fe78bf9640,2017-10-31T18:29:56.000Z,0.00003333999999999999,0x37b18d9218b116cc0b4afb93bda9b3ae6fce3f46,sell,0xab95e915c123fded5bdfb6325e35ef5515f1ea69,0xc9c71f4a00c2e9a6f143dd11973b88bbeade9169d085e128d9dd60a75f98c643
132,76.24381106835185,0.002541206222908167,0x422f11c63e5defa50f397bc53ecb2ae802d2135f,2017-10-31T17:35:22.000Z,0.00003332999999999999,0xcca72ddc853ad38eae133c924732327ae834ede1,sell,0xab95e915c123fded5bdfb6325e35ef5515f1ea69,0xbe993f26dc6137f3b32e01ae65f2c09659418154a792a88fff30b1ee491efd1b
133,500,0.0166655,0x5a2617ccdf75ed7997ce598796996031087f536e,2017-10-31T17:30:06.000Z,0.000033331,0x009a12d4290630bc01fd82516ac57c1dc6a9bcfb,sell,0xab95e915c123fded5bdfb6325e35ef5515f1ea69,0xa5b0c7c566afa67a156e74a8f992055f4d51d18c9ec91d26baec01e343c9f9f2
134,51.66882663742398,0.001722276998305253,0x4c6f9b5c4eca03f687f5741b733c714e31574522,2017-10-31T17:28:45.000Z,0.00003333299999999998,0xcca72ddc853ad38eae133c924732327ae834ede1,sell,0xab95e915c123fded5bdfb6325e35ef5515f1ea69,0x8cf29eaf68e22d138ec4304f5d0f8d380451bad3a77874b105f8f1ac0df74b59
135,538.331173362576,0.017944193001694746,0x4c6f9b5c4eca03f687f5741b733c714e31574522,2017-10-31T16:48:42.000Z,0.00003333299999999999,0xe61d0e36d0aeb6d493f19f400528b07b8c9e7b8c,sell,0xab95e915c123fded5bdfb6325e35ef5515f1ea69,0xd97bc43ae5c7af80a72cacd578b43d25784a11770f6ea73ffb9693db4c3d68dd
136,94.6,0.003153018,0x422f11c63e5defa50f397bc53ecb2ae802d2135f,2017-10-31T15:32:31.000Z,0.00003333,0x5a5d149c21c87d7326a05cb9b9fe7ebb71a8e2fd,sell,0xab95e915c123fded5bdfb6325e35ef5515f1ea69,0x55f36ea5126618ddf8300585bc726b6695da722c0e0a83da755fc70b774dbf3b
137,208,0.00693264,0x422f11c63e5defa50f397bc53ecb2ae802d2135f,2017-10-31T15:31:44.000Z,0.00003333,0xf3b7f55b141aa737dae98439ee9964ec23a41ca3,buy,0xab95e915c123fded5bdfb6325e35ef5515f1ea69,0x133393b5a0b74867ba9d0168371b8f304fd3911ebd7d8d8db66ed17d12d2d49c
138,640,0.0213312,0x422f11c63e5defa50f397bc53ecb2ae802d2135f,2017-10-31T15:24:29.000Z,0.00003333,0x5a5d149c21c87d7326a05cb9b9fe7ebb71a8e2fd,sell,0xab95e915c123fded5bdfb6325e35ef5515f1ea69,0x268071f6802f48de6021aa0bb02326bccd65c95ac09ab749547d5b3a3acdb9d5
139,161.17521742898978,0.005372453522560516,0xb0bc52f5f7ceb2acf0d35ff73b4ba0d1288888e5,2017-10-31T15:17:34.000Z,0.00003333299999999999,0x5a5d149c21c87d7326a05cb9b9fe7ebb71a8e2fd,sell,0xab95e915c123fded5bdfb6325e35ef5515f1ea69,0xd33c1049494f814eb9a1dc66a2caa84af448fff07609df2e8c938d93522405c8
140,0.05869465535994919,0.000001956468947113,0xb0bc52f5f7ceb2acf0d35ff73b4ba0d1288888e5,2017-10-31T14:47:20.000Z,0.00003333299999999682,0x5a92e4a4951b26540179b8b4033b8912cced73a6,sell,0xab95e915c123fded5bdfb6325e35ef5515f1ea69,0x00bda14b82bb3309961833e285d4c8734caa3b8017b9277aa263998cfb560d9f
141,588.7660879156502,0.01962534000849237,0xb0bc52f5f7ceb2acf0d35ff73b4ba0d1288888e5,2017-10-31T14:46:02.000Z,0.00003333299999999999,0x5a92e4a4951b26540179b8b4033b8912cced73a6,sell,0xab95e915c123fded5bdfb6325e35ef5515f1ea69,0x5a7de948281253c839629541b56ca5ef26482aa4672a40a9e0ec5d10f9a838c3
142,555.6,0.0185203704,0x422f11c63e5defa50f397bc53ecb2ae802d2135f,2017-10-31T14:46:02.000Z,0.000033334,0x2d09061f0b80351caeebe9f6c704e66237393427,buy,0xab95e915c123fded5bdfb6325e35ef5515f1ea69,0xb90fe5dbc773caa321f239d91fcb8de57e4bcf42925c8e30a4cb33a2fe353064
143,350.222,0.011674300148,0xe822560c7caa4e39d36e9aebd3e0a79322435f5a,2017-10-31T14:42:05.000Z,0.000033334,0x5a92e4a4951b26540179b8b4033b8912cced73a6,sell,0xab95e915c123fded5bdfb6325e35ef5515f1ea69,0x097a107de699e66453d1ab3e91ce87452fb36db7973944f5495b16da7c585287
144,649.7776891635929,0.021659689490579205,0xe822560c7caa4e39d36e9aebd3e0a79322435f5a,2017-10-31T14:38:27.000Z,0.00003333399999999999,0xe07ee71d13cb055534f6e266d8951bd8b3001eea,sell,0xab95e915c123fded5bdfb6325e35ef5515f1ea69,0x6ad2e8838cbe6c24235ad8db7625f159eadf3ed908267849b92d8142045cc312
145,71.8466930965184,0.002394937667679344,0x422f11c63e5defa50f397bc53ecb2ae802d2135f,2017-10-31T14:36:03.000Z,0.00003333399999999999,0x2d09061f0b80351caeebe9f6c704e66237393427,sell,0xab95e915c123fded5bdfb6325e35ef5515f1ea69,0xe943123b63fefaf417520f4ee14cc39a3f4886fabe2fca484556425f821600be
146,1331.8478538080774,0.04439581635883845,0x422f11c63e5defa50f397bc53ecb2ae802d2135f,2017-10-31T14:08:53.000Z,0.00003333399999999999,0x045e718cc8bf15f93ea31e94e95b6ce5ea2fa423,sell,0xab95e915c123fded5bdfb6325e35ef5515f1ea69,0x2e1a8fb7111904a4b0263d8c37a49bd244cf0d5823ec68a40dbdccb6956d1e0f
147,153.67261489382912,0.0051225229448709,0x422f11c63e5defa50f397bc53ecb2ae802d2135f,2017-10-31T13:58:50.000Z,0.00003333399999999999,0xd9506d4abeb2862fa270e94083894eddd324d88b,sell,0xab95e915c123fded5bdfb6325e35ef5515f1ea69,0xfe1490f19d37d4082a1a46bfd5bd055b78fa853ad350b3b0f7c6bc64f58a795f
148,1442.6328382015752,0.0480887230286113,0x422f11c63e5defa50f397bc53ecb2ae802d2135f,2017-10-31T13:40:32.000Z,0.00003333399999999999,0x94c68d6255c1256b6dc56151ffe02e0c952ab98a,sell,0xab95e915c123fded5bdfb6325e35ef5515f1ea69,0xb00d0aa1e93ecbe79bfad0b3d08a4d6e0fc945b36785e3f3a5317c1b4c8a599e
149,78.56342611886677,0.002618518992541829,0x422f11c63e5defa50f397bc53ecb2ae802d2135f,2017-10-31T12:32:26.000Z,0.00003332999999999999,0x0c7200c61e91ea19e137eb0ed392f98769291d63,sell,0xab95e915c123fded5bdfb6325e35ef5515f1ea69,0xbbe9e60952074f7d2709357ff4a067a5ad0538f2308d85e814773fb802e69b73
150,138.8814674509022,0.00462891931013857,0x422f11c63e5defa50f397bc53ecb2ae802d2135f,2017-10-31T12:32:02.000Z,0.00003332999999999999,0x336f6c6afd795dbdb8e94446b9fe61fde0fb16ec,sell,0xab95e915c123fded5bdfb6325e35ef5515f1ea69,0x14f34b3cff88ec6d3411fd134986f6ec105e7aa1c22e35da3d1558776ef9226e
151,1103.9084857222183,0.03679326982912154,0x422f11c63e5defa50f397bc53ecb2ae802d2135f,2017-10-31T12:30:07.000Z,0.00003332999999999999,0x53fa0a86475145192e790b194a5eb4ac4659e26e,sell,0xab95e915c123fded5bdfb6325e35ef5515f1ea69,0x985577b4dc89ff643eca8b679d641fc5568bc9a6e6d7aa374fe8ca1cb620cb89
152,694.8090918153723,0.02315798703020636,0x422f11c63e5defa50f397bc53ecb2ae802d2135f,2017-10-31T12:10:01.000Z,0.00003332999999999999,0xe97a3b785a8af6fd381e0e706a88abb3f43b3806,sell,0xab95e915c123fded5bdfb6325e35ef5515f1ea69,0x477eecd51f9fef0238e8d64bc6fed728b37f7d97e3322a824d7e9e193606519c
153,361.88023372024116,0.01194602839533888,0x1782164e3225842645c314ec7c991cfb36571683,2017-10-31T10:45:30.000Z,0.00003301099999999999,0xe8b9de5146dc2938a5e46492c0efe9f925562a45,sell,0xab95e915c123fded5bdfb6325e35ef5515f1ea69,0xc2e9ceea0d7c5c95a38be7f145b0609260e1880992e846c61dd48dc345af06df
154,810.359570653235,0.02675077978683394,0x1782164e3225842645c314ec7c991cfb36571683,2017-10-31T10:34:18.000Z,0.00003301099999999999,0xc908f66d119946b2fa0a34a0ca4b9a2724085ed4,sell,0xab95e915c123fded5bdfb6325e35ef5515f1ea69,0x3e768f629f5c29710357a9378708716862cc9ed4587f58a7f3ced0e0f3681300
155,660.9955868606852,0.02182012531785808,0x1782164e3225842645c314ec7c991cfb36571683,2017-10-31T10:15:42.000Z,0.00003301099999999999,0x0081521ca8cf2ba16e20fe71ccacc095677df2ee,sell,0xab95e915c123fded5bdfb6325e35ef5515f1ea69,0x427abdead969912268d5790d1639e873571cbc8e455b8260de343bb81ddddf52
156,2707.606420097697,0.08938079553384508,0x1782164e3225842645c314ec7c991cfb36571683,2017-10-31T10:10:45.000Z,0.00003301099999999999,0xd3b4709a2f8e52f993f49fb74c0fb9fda8e38b96,sell,0xab95e915c123fded5bdfb6325e35ef5515f1ea69,0x4fa244203737a2ec0c4aa82f8c321ec6813e07d6e9a12745127d1b026ea44c03
157,85.93957130746799,0.002836951188430825,0x1782164e3225842645c314ec7c991cfb36571683,2017-10-31T09:50:50.000Z,0.00003301099999999999,0x1f3b20b7182a9715b9391f440cb4ec428637f6b5,sell,0xab95e915c123fded5bdfb6325e35ef5515f1ea69,0xf891168f5a8b56c664d7f9bdc1c6e95cf753e3ecc2d6fba64aee38dc6f597cfc
158,2,0.000096,0x66a4aa055f4e8297529a62e193ee9a843ff62884,2017-10-31T09:47:29.000Z,0.000048,0x4a56339834ddec0f3e45f331aaa6e2692b77a1c0,buy,0xab95e915c123fded5bdfb6325e35ef5515f1ea69,0x6225a9b341b8e9a330fcf662c51b5cd2131f3e64b876d5bec0e450b49c491c18
159,1500,0.074835,0x66a4aa055f4e8297529a62e193ee9a843ff62884,2017-10-31T09:46:27.000Z,0.00004989,0x72197c8148ac308b9cec92f622a40b65405d4b1f,buy,0xab95e915c123fded5bdfb6325e35ef5515f1ea69,0x2e4e5cdd9b0d2d9c58cad7bf22658e46270ed17918f878cbf64ced05efb2a7d0
160,504,0.024192,0x66a4aa055f4e8297529a62e193ee9a843ff62884,2017-10-31T09:45:10.000Z,0.000048,0x4a56339834ddec0f3e45f331aaa6e2692b77a1c0,buy,0xab95e915c123fded5bdfb6325e35ef5515f1ea69,0x65896e890d16c1d4336b131820c41f52fb8519798c2e65894ce03bf37c214642
161,500,0.0195,0x66a4aa055f4e8297529a62e193ee9a843ff62884,2017-10-31T09:44:12.000Z,0.000039,0x4a56339834ddec0f3e45f331aaa6e2692b77a1c0,buy,0xab95e915c123fded5bdfb6325e35ef5515f1ea69,0x0bd4893cf0196bd0e07f62b5d40804724bdfea8cd59bf6dae860af895cb59ec0
162,500,0.02,0x66a4aa055f4e8297529a62e193ee9a843ff62884,2017-10-31T09:44:12.000Z,0.00004,0x4a56339834ddec0f3e45f331aaa6e2692b77a1c0,buy,0xab95e915c123fded5bdfb6325e35ef5515f1ea69,0xe02aa4f1c7d3e4cb5178024430f9ceb02fa691a676e317f9d2daa5661a643500
163,200,0.0068002,0x66a4aa055f4e8297529a62e193ee9a843ff62884,2017-10-31T09:43:05.000Z,0.000034001,0x4a56339834ddec0f3e45f331aaa6e2692b77a1c0,buy,0xab95e915c123fded5bdfb6325e35ef5515f1ea69,0x379aeabfaa8274372d3446ff0d684c7c22ccf85237b6f5241d89d23bebaf1d01
164,94,0.003196,0x66a4aa055f4e8297529a62e193ee9a843ff62884,2017-10-31T09:42:03.000Z,0.000034,0xceab7249ae5c111762a70ef555003d0c8dc040af,buy,0xab95e915c123fded5bdfb6325e35ef5515f1ea69,0x5cc1702efb0685c918ecb7c4e1ba2e26fb75101595548fe3f3995872c79044f0
165,702.8691057721064,0.023202412050643006,0x1782164e3225842645c314ec7c991cfb36571683,2017-10-31T08:58:57.000Z,0.00003301099999999999,0x7c838d644d5b60a023afed7497c311fa78175a6d,sell,0xab95e915c123fded5bdfb6325e35ef5515f1ea69,0x8b373ec30f40274957cfb0cdddff6fa94fd90ae5f9249956ddcbb548b62619f2
166,1686.8837095407139,0.057354046124384266,0x2bc9842431f9700969534d10c102a51caf13b925,2017-10-31T08:28:01.000Z,0.00003399999999999999,0x339b48a764e04f1174990ecaeb0369daa1ed0ae3,sell,0xab95e915c123fded5bdfb6325e35ef5515f1ea69,0xe56476a87f24057e18dd56d855b235717171586abaf04c8644d02e64133015a8
167,206.88140990389067,0.007033967936732282,0x2bc9842431f9700969534d10c102a51caf13b925,2017-10-31T08:26:17.000Z,0.00003399999999999999,0x5b8432fd19664d4fb459707ae3f1b4fd6802fb23,sell,0xab95e915c123fded5bdfb6325e35ef5515f1ea69,0x794578f46ed7c3342d2c9cbe33daea33004a5fb96aa47a9dec91e87326f7ee1c
168,129.1643962717885,0.004391589473240809,0x2bc9842431f9700969534d10c102a51caf13b925,2017-10-31T08:12:37.000Z,0.00003399999999999999,0x6e7c330847477bb8be07a74c44225b928fbea925,sell,0xab95e915c123fded5bdfb6325e35ef5515f1ea69,0x538a5bff6d713e960da7d1a08e10a0708759dce91d6b60ff82c033c9e66d6cde
169,171.82372293097603,0.005842178403376115,0x1e97fd908a9222a6fc00ddf7fd91dfe4e228e9dd,2017-10-31T08:11:38.000Z,0.00003400099999999999,0x6e7c330847477bb8be07a74c44225b928fbea925,sell,0xab95e915c123fded5bdfb6325e35ef5515f1ea69,0x8bb36e08f92aaf89465e2dff33e77bce709b6afaa94515eb783fa4ba580a8cef
170,189.04351559250063,0.006427479530145021,0x2bc9842431f9700969534d10c102a51caf13b925,2017-10-31T08:02:11.000Z,0.00003399999999999999,0xa984fb44e33803877b11ed0deaab7d6f6c18c3ab,sell,0xab95e915c123fded5bdfb6325e35ef5515f1ea69,0x14fafe9b646436d0eb22dc7d4b62170d33a52dccbcc28f421e2eb2b07f346a02
171,0.011560241390144247,0.000000393048207264,0x2bc9842431f9700969534d10c102a51caf13b925,2017-10-31T07:53:08.000Z,0.00003399999999992176,0x6c4c60d434bfa4cb39c23c4c5265f7df917cab98,sell,0xab95e915c123fded5bdfb6325e35ef5515f1ea69,0xc698f777bf77c9025dec01ab7ccb530bff24857939629994ddc476e7d7a0d5ac
172,115.96078138453693,0.00394278252785564,0x1e97fd908a9222a6fc00ddf7fd91dfe4e228e9dd,2017-10-31T07:51:16.000Z,0.00003400099999999999,0x6c4c60d434bfa4cb39c23c4c5265f7df917cab98,sell,0xab95e915c123fded5bdfb6325e35ef5515f1ea69,0xa5abb7a150e0c354d894ed04aac446ead28c3551ffd4243746619209ceed2030
173,103.69093730877803,0.003525595559435762,0x1e97fd908a9222a6fc00ddf7fd91dfe4e228e9dd,2017-10-31T05:25:18.000Z,0.00003400099999999999,0x3b3a98a13f5dfe9115911fc1b5d6fb696d16cd8f,sell,0xab95e915c123fded5bdfb6325e35ef5515f1ea69,0x6a8add77318133a642f0940f4bc303828435e46ea83b82236cd671dc33ab917a
174,0.079,0.000002686,0x2bc9842431f9700969534d10c102a51caf13b925,2017-10-31T04:35:12.000Z,0.000034,0xb9834974e0ad67c4ee5c79ff3bf965868825510d,sell,0xab95e915c123fded5bdfb6325e35ef5515f1ea69,0x910d7cdc967a5ca41ed368604ed6cd73ea633fb9142bc91de4da0667f562abab
175,1135.480011962915,0.03860632040673911,0x2bc9842431f9700969534d10c102a51caf13b925,2017-10-31T04:34:31.000Z,0.00003399999999999999,0x2dd2fa545e53712d50fa4ae81743cce8bf560ab9,sell,0xab95e915c123fded5bdfb6325e35ef5515f1ea69,0xef28c98be3097e1812ed4dc5cbb683c8840d6ab0da51562fd2f7c85907b746c4
176,1098.7166625023835,0.037356366525081036,0x2bc9842431f9700969534d10c102a51caf13b925,2017-10-31T04:33:05.000Z,0.00003399999999999999,0xc37a27e5fd4acea50b7a1e065c1e8899f8576ece,sell,0xab95e915c123fded5bdfb6325e35ef5515f1ea69,0x21a1fb5d3cdb97dad149b79fd1bb35960d759b63c45ddbd3964cfef65b356204
177,793.8520586182833,0.02699096999302163,0x2bc9842431f9700969534d10c102a51caf13b925,2017-10-31T04:23:25.000Z,0.00003399999999999999,0xb9834974e0ad67c4ee5c79ff3bf965868825510d,sell,0xab95e915c123fded5bdfb6325e35ef5515f1ea69,0xec9996f6d0f44f1bac217d86f7071dd2a21bbfdb5b3194b2769f0dee50ed2a9f
178,25.51272455388296,0.00086743263483202,0x2bc9842431f9700969534d10c102a51caf13b925,2017-10-31T03:53:24.000Z,0.00003399999999999997,0x7abae048a6de1f94c0a831d9c19bbdf71005adf3,sell,0xab95e915c123fded5bdfb6325e35ef5515f1ea69,0x8580756cde34b4431587f0c3cda9380ab498dd7c313296ea05dce31697b3fb8d
179,376.062,0.01504248,0x6d1a9aefe5aaddcd90284333109e14ef6d3c79bc,2017-10-31T03:31:30.000Z,0.00004,0x7abae048a6de1f94c0a831d9c19bbdf71005adf3,sell,0xab95e915c123fded5bdfb6325e35ef5515f1ea69,0xf3dc2ec3089ca51d96c9ae9501510893305761dc10448fedafdc6a4bb11053fc
180,1164.2094958569705,0.04656837983427882,0x6d1a9aefe5aaddcd90284333109e14ef6d3c79bc,2017-10-31T02:42:14.000Z,0.00003999999999999999,0xde48b7dbebbc90911cbf17903169772dbbc984d0,sell,0xab95e915c123fded5bdfb6325e35ef5515f1ea69,0xab33c2d452cf654ee7908a4d68745e46757f4bd8e17994d20579f1cd83cfc828
181,1336.977,0.05347908,0x6d1a9aefe5aaddcd90284333109e14ef6d3c79bc,2017-10-31T02:36:08.000Z,0.00004,0x273a5d3e6721b9f5c1a6474f560c1334c63dda01,sell,0xab95e915c123fded5bdfb6325e35ef5515f1ea69,0x93907815bef26449e9ce04b4c7263803c10d97346e36c58957c55e58ffb1af53
182,1341,0.052299,0x273a5d3e6721b9f5c1a6474f560c1334c63dda01,2017-10-31T02:36:08.000Z,0.000039,0x5f8fe09e6f195b99b84274f00f898570d8814655,buy,0xab95e915c123fded5bdfb6325e35ef5515f1ea69,0x93907815bef26449e9ce04b4c7263803c10d97346e36c58957c55e58ffb1af53
183,348.2519735496608,0.013930078941986432,0x6d1a9aefe5aaddcd90284333109e14ef6d3c79bc,2017-10-31T02:30:47.000Z,0.00003999999999999999,0x8a3e74db1c322b31f2680665c5978b26635c97b0,sell,0xab95e915c123fded5bdfb6325e35ef5515f1ea69,0xb6fd543fd31bea393bd19692c3daf30f1190420854d01fef75604ea001471701
184,1774.4990529358988,0.07097996211743594,0x6d1a9aefe5aaddcd90284333109e14ef6d3c79bc,2017-10-31T01:52:53.000Z,0.00003999999999999999,0xb39077f818a336baedd15ad07a6218c3b81aafeb,sell,0xab95e915c123fded5bdfb6325e35ef5515f1ea69,0x56c4a87b367b4763ebc06ab8460f93ab53a402be37a246d456c432731351d033
185,137.04075124161986,0.004522344790973455,0x4c6f9b5c4eca03f687f5741b733c714e31574522,2017-10-31T01:51:33.000Z,0.00003299999999999999,0xfdbe95ec43ca5c77929a1c30e9ee588c28c5c9b4,sell,0xab95e915c123fded5bdfb6325e35ef5515f1ea69,0xd71925af3d9cd39da33607376c1521a619ec59e08151717cff0dd49834b0ab40
186,302.7270663307123,0.009989993188913505,0x4c6f9b5c4eca03f687f5741b733c714e31574522,2017-10-31T01:09:42.000Z,0.00003299999999999999,0xd301f5d736077025421e6a5dde8fad88323d05d9,sell,0xab95e915c123fded5bdfb6325e35ef5515f1ea69,0x1e405cb73877d03a61e761327aa1a541c10677a342edcc37304bbf12971909dd
187,1022.6029280203504,0.03374589662467156,0x4c6f9b5c4eca03f687f5741b733c714e31574522,2017-10-30T23:56:34.000Z,0.00003299999999999999,0xfcf750d7a9201a0979694033a96865e44f963d0a,sell,0xab95e915c123fded5bdfb6325e35ef5515f1ea69,0xd920c153ffad0c4b1e4f887d2c7144fe030cc8241cb48a478014f5ac78995b19
188,790.992,0.03163968,0x4c6f9b5c4eca03f687f5741b733c714e31574522,2017-10-30T23:46:15.000Z,0.00004,0xa096ab44b914c95e53a3c39e1c7af6482ec03ba5,buy,0xab95e915c123fded5bdfb6325e35ef5515f1ea69,0xd78510961d13fa6006061a99691e485ee2e13d943f59ab13fc637b90474424c0
189,2030.49770167675,0.06314847852214693,0xfee391e9f4d7d6678329da81bf29e944fe4dd985,2017-10-30T23:39:06.000Z,0.00003109999999999999,0x6f12899e338210e6b2f1a23fb2c69a0b3c6f46d4,sell,0xab95e915c123fded5bdfb6325e35ef5515f1ea69,0x915e95631e124a96df4716b0069404b8abe065dc3326edb7dfe4fa5517a03b3e
190,9,0.00036,0x34cb52c6d97521e9b51b05c2860c8a448ffcef5c,2017-10-30T23:29:23.000Z,0.00004,0xa096ab44b914c95e53a3c39e1c7af6482ec03ba5,buy,0xab95e915c123fded5bdfb6325e35ef5515f1ea69,0xf878f40978521619cdc948d46452cc7f1d1f4c6a1c7ba7e7abf41c946a65960a
191,119.02953395507566,0.003701818506002852,0xfee391e9f4d7d6678329da81bf29e944fe4dd985,2017-10-30T23:17:36.000Z,0.00003109999999999999,0x085b49359e681524c631a82465bfc79b6eb68ce5,sell,0xab95e915c123fded5bdfb6325e35ef5515f1ea69,0xe436005f2379efc3f08dcb64f0579e812dc8f6680980f85af0a28b8d5c399ca1
192,800,0.032,0x50be0c6e4a79a2bfb576c8bb67c41071671fc782,2017-10-30T23:14:22.000Z,0.00004,0xa096ab44b914c95e53a3c39e1c7af6482ec03ba5,buy,0xab95e915c123fded5bdfb6325e35ef5515f1ea69,0x3ab19bc0fcc1bd98067be49c4a47b1f142348261cd5fd6d47ed6d5e36c5e1f1b
193,434,0.021266,0x50be0c6e4a79a2bfb576c8bb67c41071671fc782,2017-10-30T23:11:34.000Z,0.000049,0xda0baf3a8160bb503d21235245f0a1d5ae0786c4,buy,0xab95e915c123fded5bdfb6325e35ef5515f1ea69,0x455689c5159acd00ad5515b236939e9c6278af4aae79d491e76d351addb0bae4
194,229.28920346924534,0.007107965307546605,0x2bc9842431f9700969534d10c102a51caf13b925,2017-10-30T22:53:57.000Z,0.00003099999999999999,0x5a2617ccdf75ed7997ce598796996031087f536e,sell,0xab95e915c123fded5bdfb6325e35ef5515f1ea69,0xd9587a5f447c3d897369ae98386cc01f7afc27028e5612ada0944d3da9461a10
195,184,0.00553196,0xfee391e9f4d7d6678329da81bf29e944fe4dd985,2017-10-30T22:12:09.000Z,0.000030065,0x250a457b0649b5da6312f65b7c68bfde9bb8c9a1,sell,0xab95e915c123fded5bdfb6325e35ef5515f1ea69,0x9e6152751391f76cf4b850e458937fcc2c147e7647eead306d14c7ced3d28b03
196,1443.9587279433756,0.04341261915561759,0xfee391e9f4d7d6678329da81bf29e944fe4dd985,2017-10-30T21:49:39.000Z,0.00003006499999999999,0x0fde350772d5d4418486797185e092124a4bdbff,sell,0xab95e915c123fded5bdfb6325e35ef5515f1ea69,0x51bab26c13070dc9f376170e0c5ac2c89442d4a2cb21b9bb4e1563188c7855a7
197,432.801583261457,0.02466969024590305,0xfee391e9f4d7d6678329da81bf29e944fe4dd985,2017-10-30T21:47:17.000Z,0.000057,0x5a2617ccdf75ed7997ce598796996031087f536e,buy,0xab95e915c123fded5bdfb6325e35ef5515f1ea69,0xc1a398fdb84c4e6cfddecbcad9c1b27a4aacb81855ea6b1d0f5230be85d04ed4
198,130,0.00585,0x5a2617ccdf75ed7997ce598796996031087f536e,2017-10-30T21:46:54.000Z,0.000045,0x0fde350772d5d4418486797185e092124a4bdbff,sell,0xab95e915c123fded5bdfb6325e35ef5515f1ea69,0x2b32c65457b3d930cd72ef42d804229f804edc76a1ba8c82b9a7bac20eb125e9
199,840,0.0419916,0xfee391e9f4d7d6678329da81bf29e944fe4dd985,2017-10-30T21:35:22.000Z,0.00004999,0x07d6933a090531158a63e07e8defde2e638315f7,buy,0xab95e915c123fded5bdfb6325e35ef5515f1ea69,0x785ec28a5a1b4611cce05f9536d0650d143be2efa04e9cf10d81a31bc1cd5a26
200,100,0.0056999,0x5a2617ccdf75ed7997ce598796996031087f536e,2017-10-30T21:23:35.000Z,0.000056999,0x92e67ad23a8b6eeb784a34f5b382a541c421babf,buy,0xab95e915c123fded5bdfb6325e35ef5515f1ea69,0x0653fb336995a8506b16ef445cfa47a1b83042de1c4b2d5904453e72cd6a4137
201,565,0.02825,0xfee391e9f4d7d6678329da81bf29e944fe4dd985,2017-10-30T21:11:59.000Z,0.00005,0x5a2617ccdf75ed7997ce598796996031087f536e,buy,0xab95e915c123fded5bdfb6325e35ef5515f1ea69,0xf4c11f87a4c61dd4d36b8a92b984a3cb8275c16ff830d773542d4f89df12de73
202,82,0.0041,0x5a2617ccdf75ed7997ce598796996031087f536e,2017-10-30T21:09:37.000Z,0.00005,0x5c491c32a1d0797e57d12ef51377d762adb6986b,buy,0xab95e915c123fded5bdfb6325e35ef5515f1ea69,0x462375a223dc51a63f65703c29215d004daf25a10da46b24e20abb7a9b797727
203,25,0.00132175,0x5a2617ccdf75ed7997ce598796996031087f536e,2017-10-30T21:09:37.000Z,0.00005287,0xacf5f6a53e7e942a68b3ef013c870a54ae93eb96,buy,0xab95e915c123fded5bdfb6325e35ef5515f1ea69,0x86079b7e64e2a2a973bf9905ee4ad8786f26fcf1a8bea66498e82cd58b7cdf57
204,25,0.0013055,0x5a2617ccdf75ed7997ce598796996031087f536e,2017-10-30T21:09:37.000Z,0.00005222,0xacf5f6a53e7e942a68b3ef013c870a54ae93eb96,buy,0xab95e915c123fded5bdfb6325e35ef5515f1ea69,0xd729016900d5491eac71c6bcb52c678ce55dec9491fc9d061aa5624df9fddd9c
205,100,0.005,0x5a2617ccdf75ed7997ce598796996031087f536e,2017-10-30T21:09:28.000Z,0.00005,0x8efdb5ee103c2295dab1410b4e3d1ed7a91584d4,buy,0xab95e915c123fded5bdfb6325e35ef5515f1ea69,0xbf263c04a2b6ddc0ff9152918ff06d65ba4560b6d7ee578655a47dec02b1f54a
206,100,0.0048998,0x5a2617ccdf75ed7997ce598796996031087f536e,2017-10-30T21:09:22.000Z,0.000048998,0x7a8dcc431b75b2ce3f55fc44bdcb121d3e839916,buy,0xab95e915c123fded5bdfb6325e35ef5515f1ea69,0x512548f63c961edbb0e4abaa763ed2b476e755adee0a84877902f591601d4a1b
207,164.973,0.008083182081,0x5a2617ccdf75ed7997ce598796996031087f536e,2017-10-30T20:54:48.000Z,0.000048997,0xc9a642aa09c9fdc3e2b488dfbc5b3c5126ec6f52,buy,0xab95e915c123fded5bdfb6325e35ef5515f1ea69,0x537da51bc8b889f4d64668c6a7d364a3bb9529d0279ea049129cae36b1583875
208,100,0.0048996,0x5a2617ccdf75ed7997ce598796996031087f536e,2017-10-30T20:52:40.000Z,0.000048996,0x92e67ad23a8b6eeb784a34f5b382a541c421babf,buy,0xab95e915c123fded5bdfb6325e35ef5515f1ea69,0xd0e92063f19732a38ac5edad0653b1ad02b73fc18759e63cb7b480d2f4172637
209,200.828583261457,0.008434800496981193,0x5a2617ccdf75ed7997ce598796996031087f536e,2017-10-30T20:52:31.000Z,0.000042,0x1a7b014f0a474a559c32ebecc12f7f3d20ae17ef,buy,0xab95e915c123fded5bdfb6325e35ef5515f1ea69,0xc506caf7bf93fd1a7db0460d72e6db34ab0b4309a4cf29bb0a2d2b19927b2e61
210,100,0.0041999,0x5a2617ccdf75ed7997ce598796996031087f536e,2017-10-30T20:52:09.000Z,0.000041999,0x92e67ad23a8b6eeb784a34f5b382a541c421babf,buy,0xab95e915c123fded5bdfb6325e35ef5515f1ea69,0x8690961bad6f2938ebfa88fbed82e7eb0239c0c76228360d0e1349acef3f9259
211,317.4728342139368,0.0095400586681288,0xfee391e9f4d7d6678329da81bf29e944fe4dd985,2017-10-30T20:17:21.000Z,0.00003004999999999999,0x39aa35cbc1c40d147f95236799c32c0c5bd81e5e,sell,0xab95e915c123fded5bdfb6325e35ef5515f1ea69,0x804a85484e2a77dd54dc975e8c6b32d6d4f694a90d64028df5dfbd86c624e8db
212,0.004055737056531072,0.000000121874898548,0xfee391e9f4d7d6678329da81bf29e944fe4dd985,2017-10-30T20:17:01.000Z,0.00003004999999981292,0x120523daa602ef7d8b93d5ac161192b232468d79,sell,0xab95e915c123fded5bdfb6325e35ef5515f1ea69,0x1312818f0ee308ab7a692a71ad69f21b9488093d2cdc08b352865ef8014675cb
213,40.683098414063174,0.001222527107342598,0xfee391e9f4d7d6678329da81bf29e944fe4dd985,2017-10-30T20:16:09.000Z,0.00003004999999999998,0x120523daa602ef7d8b93d5ac161192b232468d79,sell,0xab95e915c123fded5bdfb6325e35ef5515f1ea69,0x6f55c0715da99903e85348443d966f627458490e09c787cf908452bdb5571c44
214,1971.924035489981,0.05925631726647393,0xfee391e9f4d7d6678329da81bf29e944fe4dd985,2017-10-30T19:33:23.000Z,0.00003004999999999999,0x50240902b1bd6d93746f19a68d0b3af50f887b93,sell,0xab95e915c123fded5bdfb6325e35ef5515f1ea69,0xcf635ff6767c957b3d3e4e3303fd82bababb1cac4674882c0e14c74364b64e86
215,852.9947163792244,0.025632491227195693,0xfee391e9f4d7d6678329da81bf29e944fe4dd985,2017-10-30T18:22:03.000Z,0.00003004999999999999,0x5af1686b0b114e625282797b48f5f777f49a449b,sell,0xab95e915c123fded5bdfb6325e35ef5515f1ea69,0x685ad9b551cdf3a318b8ce6e1ebb0bc527a88fabf9e3469380f053098f538828
216,780,0.0234,0xb39077f818a336baedd15ad07a6218c3b81aafeb,2017-10-30T18:16:29.000Z,0.00003,0x69d5c3e6b88b999cab0bd5186c34b5f8c73d2fcb,sell,0xab95e915c123fded5bdfb6325e35ef5515f1ea69,0x65b3954fd32b57f285f0b8e832da4d5caf1b6d7b85cc2c46f66e61f934fe97f4
217,30,0.00126,0xf51b0d92d808d5632a6d2b574b624d2313111d3b,2017-10-30T17:52:47.000Z,0.000042,0x120523daa602ef7d8b93d5ac161192b232468d79,sell,0xab95e915c123fded5bdfb6325e35ef5515f1ea69,0x77339d1f4b0d8e9b07eeea3753e4fcaea410c8cd150176e4ef35b83c21263f45
218,44.596993001847686,0.00201132438438333,0xdd45b996c47bb6852e2f37ff83b5ebc3dc55febb,2017-10-30T17:52:36.000Z,0.00004509999999999998,0x120523daa602ef7d8b93d5ac161192b232468d79,sell,0xab95e915c123fded5bdfb6325e35ef5515f1ea69,0x380dec198ff4a8a1ada09d49975c9777a26c4accef6447bdd91e1ad4957d2800
219,198,0.0089298,0xdd45b996c47bb6852e2f37ff83b5ebc3dc55febb,2017-10-30T17:47:27.000Z,0.0000451,0xdf04829ed7aad07edf5c95eaf7ab7b924f38ce6e,sell,0xab95e915c123fded5bdfb6325e35ef5515f1ea69,0xb238a317badf5f33a42ff0fd03995ee308674c610b65f27ddb49634c5edd9313
220,199.494,0.00897723,0xdf04829ed7aad07edf5c95eaf7ab7b924f38ce6e,2017-10-30T17:45:33.000Z,0.000045,0x57e51f08aa54ec6c53f48086fe367e027fc5155f,buy,0xab95e915c123fded5bdfb6325e35ef5515f1ea69,0x5bd78178b9638388991b4345d615363d96fb2965c9c488e527bef6493f927eee
221,0.011358011177333824,0.000000512246304097,0xdd45b996c47bb6852e2f37ff83b5ebc3dc55febb,2017-10-30T17:34:56.000Z,0.00004509999999993348,0xc4f08e70c1f41332221ed1f73ce50ca175e177f3,sell,0xab95e915c123fded5bdfb6325e35ef5515f1ea69,0x7218d99f8b58b8a3f5df0cee102abb37df06fcec4922d384f29c6a36d0c3b2fe
222,200,0.00902,0xdd45b996c47bb6852e2f37ff83b5ebc3dc55febb,2017-10-30T17:34:19.000Z,0.0000451,0x67c57c24e34d77c6a37a08b3d478cc731c027229,sell,0xab95e915c123fded5bdfb6325e35ef5515f1ea69,0x823142a9760bae8141e470a70fe465b90b7f0d0a2e6db8de75a79c5149620a3a
223,0.00021932106446404,0.000000009891380007,0xdd45b996c47bb6852e2f37ff83b5ebc3dc55febb,2017-10-30T17:28:00.000Z,0.00004509999999850354,0xc4f08e70c1f41332221ed1f73ce50ca175e177f3,sell,0xab95e915c123fded5bdfb6325e35ef5515f1ea69,0xbb6ed81f92cc6982d59a8c3e7fc57dfe8f1516922b54a583d94e01c05545c05a
224,113.93878975176952,0.005138639417804805,0xdd45b996c47bb6852e2f37ff83b5ebc3dc55febb,2017-10-30T17:25:56.000Z,0.00004509999999999999,0xc4f08e70c1f41332221ed1f73ce50ca175e177f3,sell,0xab95e915c123fded5bdfb6325e35ef5515f1ea69,0x11fe596396c735a2c02fe8e8829ffbddcf0a932c7a2117d0d57fc96b077b8629
225,20.937188434695912,0.000944267198404785,0xdd45b996c47bb6852e2f37ff83b5ebc3dc55febb,2017-10-30T17:22:59.000Z,0.00004509999999999996,0x1d5321e125f6c7079a716705541c7b371ca79e69,sell,0xab95e915c123fded5bdfb6325e35ef5515f1ea69,0x473e5bfc49f2cc898c5adbd163e21a9968b7a1ac40892d6aa8e6fd48cf2c45e6
226,21,0.00084,0x1d5321e125f6c7079a716705541c7b371ca79e69,2017-10-30T17:22:59.000Z,0.00004,0x8efdb5ee103c2295dab1410b4e3d1ed7a91584d4,buy,0xab95e915c123fded5bdfb6325e35ef5515f1ea69,0x473e5bfc49f2cc898c5adbd163e21a9968b7a1ac40892d6aa8e6fd48cf2c45e6
227,198.43204422831622,0.008949285194697062,0xdd45b996c47bb6852e2f37ff83b5ebc3dc55febb,2017-10-30T17:11:36.000Z,0.00004509999999999999,0x582033a111659f5d733f855b8377c42984ec2beb,sell,0xab95e915c123fded5bdfb6325e35ef5515f1ea69,0xec2c153e52217029d9fb2db2d7f277b7b6ad182da742a651b84a0484f5096919
228,110.36888893994596,0.004911415557827596,0x12101f53fd69c48de22ba4df3181b5710e54a820,2017-10-30T16:59:39.000Z,0.0000445,0x4705fbcf9bb6c840175500a617c21f031ded8478,buy,0xab95e915c123fded5bdfb6325e35ef5515f1ea69,0x2bb7d0014d636d69b37a1982f91c851fb87fbcdf1a5e5f13255c2c0103035f13
229,79,0.00316,0xf51b0d92d808d5632a6d2b574b624d2313111d3b,2017-10-30T16:51:23.000Z,0.00004,0x8efdb5ee103c2295dab1410b4e3d1ed7a91584d4,buy,0xab95e915c123fded5bdfb6325e35ef5515f1ea69,0xe9d398818237429b382f382bde7154bd6d88bf5ee2857cbd29107b073df8de8c
230,213.15429109854017,0.009613258528544163,0xdd45b996c47bb6852e2f37ff83b5ebc3dc55febb,2017-10-30T16:33:03.000Z,0.00004509999999999999,0x273a5d3e6721b9f5c1a6474f560c1334c63dda01,sell,0xab95e915c123fded5bdfb6325e35ef5515f1ea69,0x537a8c7bcf4ec258ec70afeae6e16d89a0f2b8a773bb829329fe02490e4f1159
231,213.79567813293897,0.008530233761826133,0x273a5d3e6721b9f5c1a6474f560c1334c63dda01,2017-10-30T16:33:03.000Z,0.000039899,0x54d5ce24863dcbc8df067801f7a6796145a5f1d0,buy,0xab95e915c123fded5bdfb6325e35ef5515f1ea69,0x537a8c7bcf4ec258ec70afeae6e16d89a0f2b8a773bb829329fe02490e4f1159
232,335.412734,0.0151271143034,0xdd45b996c47bb6852e2f37ff83b5ebc3dc55febb,2017-10-30T16:32:29.000Z,0.0000451,0x273a5d3e6721b9f5c1a6474f560c1334c63dda01,sell,0xab95e915c123fded5bdfb6325e35ef5515f1ea69,0x19e461107e4e52e4243d2f52f8c95a42f7425f8d8102b49a2e0dd35f7140b36f
233,336.422,0.01345351578,0x273a5d3e6721b9f5c1a6474f560c1334c63dda01,2017-10-30T16:32:29.000Z,0.00003999,0x1a890f36ad2d899ab805ce64281aac2ff9c03bb8,buy,0xab95e915c123fded5bdfb6325e35ef5515f1ea69,0x19e461107e4e52e4243d2f52f8c95a42f7425f8d8102b49a2e0dd35f7140b36f
234,25,0.00069075,0xfee391e9f4d7d6678329da81bf29e944fe4dd985,2017-10-30T16:19:36.000Z,0.00002763,0x5a5d149c21c87d7326a05cb9b9fe7ebb71a8e2fd,sell,0xab95e915c123fded5bdfb6325e35ef5515f1ea69,0xac578119fcef62f6254ed747daebfd35280c49af8b1e6df581834a54defcc3b4
235,294.5767272982433,0.008139154975250463,0xfee391e9f4d7d6678329da81bf29e944fe4dd985,2017-10-30T16:14:05.000Z,0.00002762999999999999,0x187cd087369b76d9e095895fce43861cacc4ff7e,sell,0xab95e915c123fded5bdfb6325e35ef5515f1ea69,0x68314f72bf9beb494d8c2e9de556f5241a78cd6ef06bb8e3b4cc2bcb3f64885d
236,1309.7896520785564,0.03618948808693052,0xfee391e9f4d7d6678329da81bf29e944fe4dd985,2017-10-30T14:56:49.000Z,0.00002762999999999999,0x0b0756add59743f7587b5c30ef5ac1f4b97508ab,sell,0xab95e915c123fded5bdfb6325e35ef5515f1ea69,0x22bbdf668cc60197993cd933e0c814b1720f405828a0d20bc384b00d32627e9d
237,345.42997485572505,0.015544348868507626,0x5e2113ed022feebc901825f5ac0f57d84023a297,2017-10-30T14:46:05.000Z,0.000045,0x57e51f08aa54ec6c53f48086fe367e027fc5155f,buy,0xab95e915c123fded5bdfb6325e35ef5515f1ea69,0x398c69226fb730b059e7571045701ef79fe1c14945648febc853cf3266b922be
238,816.775,0.03430455,0x5e2113ed022feebc901825f5ac0f57d84023a297,2017-10-30T14:43:15.000Z,0.000042,0xc8aec25691ce21dcc905855c1162bf0bdce8cd55,buy,0xab95e915c123fded5bdfb6325e35ef5515f1ea69,0x515e56caf78dce3a0265e51e5bcdaa2ea1939e89966f4d0f641304f329fe48b5
239,89.736,0.00269208,0x75505b5ae2099f716bad49c7a63f7fa44120c597,2017-10-30T13:23:49.000Z,0.00003,0x15b7bfd78db80e257384b42b5584562da09dab54,buy,0xab95e915c123fded5bdfb6325e35ef5515f1ea69,0x8130ffd88947d734342e5821fdc12c351fcc0b58475d95fa1d4607a64d45df2f
240,100,0.0029999,0x12101f53fd69c48de22ba4df3181b5710e54a820,2017-10-30T13:19:22.000Z,0.000029999,0x92e67ad23a8b6eeb784a34f5b382a541c421babf,buy,0xab95e915c123fded5bdfb6325e35ef5515f1ea69,0xb6b6fb671c1e8463cb739a5c984cd4468917e5c2dd21c589df7e61dc934b1c49
241,0.03197920949963096,0.000000863790427794,0x1782164e3225842645c314ec7c991cfb36571683,2017-10-30T12:24:26.000Z,0.00002701099999998336,0xd5c56952e1aad42f20075666b123f42334969297,sell,0xab95e915c123fded5bdfb6325e35ef5515f1ea69,0x95e9d8987a6175b68fa5f301bad6d53ce280de3358e895f49d8a7bd02e9ed0e4
242,320.7834504907982,0.00866468178120695,0x1782164e3225842645c314ec7c991cfb36571683,2017-10-30T12:20:49.000Z,0.00002701099999999999,0xd5c56952e1aad42f20075666b123f42334969297,sell,0xab95e915c123fded5bdfb6325e35ef5515f1ea69,0xb023d87501ad276129ab8bb2115a61242f15fccee625f917bfe6e91173eef120
243,66.46063868673777,0.001993819160602133,0xb7c20bea4e903c6b17ab595a3eab01c2912653c8,2017-10-30T12:11:15.000Z,0.00003,0x15b7bfd78db80e257384b42b5584562da09dab54,buy,0xab95e915c123fded5bdfb6325e35ef5515f1ea69,0x5e1fa4099a26f16c8b0565ee5a881e12870080c78c172ba0101fa8f05b75be57
244,640.708694630656,0.017299134755027715,0xcc53bcc754633c4b68934f052fdbe5a3b70bd66e,2017-10-30T11:38:08.000Z,0.00002699999999999999,0xf907f8b2c3898ea475584f6fb9a53cece9207216,sell,0xab95e915c123fded5bdfb6325e35ef5515f1ea69,0x9e4c2f77c5e06ca27fd3a82535057ab56be5ba19df5ddc962fca76d0ebe61bac
245,350,0.0105,0x1ce0d35a1982a1ebba5b41e23859bbf70eb6b410,2017-10-30T08:27:32.000Z,0.00003,0x1f3d9b29d2e10c2c286e18de195428865556d566,buy,0xab95e915c123fded5bdfb6325e35ef5515f1ea69,0x94c6ed245074a2cbbad5f35a988692730dc30fe9b1c59345f7afc7074c8721df
246,119.345,0.00596725,0x5f4ae9fe0d9f1bae5438ea188fd2885be98f00c8,2017-10-30T07:54:44.000Z,0.00005,0x5c491c32a1d0797e57d12ef51377d762adb6986b,buy,0xab95e915c123fded5bdfb6325e35ef5515f1ea69,0xbb2ef9e037af10ff9ead3389cc2a5da40722d82eef71956a552b02e97c0e0627
247,1279.5,0.05118,0x5f4ae9fe0d9f1bae5438ea188fd2885be98f00c8,2017-10-30T07:52:23.000Z,0.00004,0x574e7edfce7c8ac4d8efd9876c49edfcba3e80a3,buy,0xab95e915c123fded5bdfb6325e35ef5515f1ea69,0xf07681b245c42f29eed15861024364e96aef2812a3ae57a61ca0ee029cf6687f
248,436.68899999999996,0.0194326605,0x5f4ae9fe0d9f1bae5438ea188fd2885be98f00c8,2017-10-30T07:41:33.000Z,0.0000445,0x4705fbcf9bb6c840175500a617c21f031ded8478,buy,0xab95e915c123fded5bdfb6325e35ef5515f1ea69,0x5d0e41a8d4f25bae4227aa28047da1cf50ba16fd93f63de6be030f9fa4459651
249,465.599,0.0118727745,0x1ce0d35a1982a1ebba5b41e23859bbf70eb6b410,2017-10-30T07:40:29.000Z,0.0000255,0x273a5d3e6721b9f5c1a6474f560c1334c63dda01,sell,0xab95e915c123fded5bdfb6325e35ef5515f1ea69,0x789461f99e32585c42981fcedf1e5f0637ba8dba1c0e1ba6409d7fb6f81ea314
250,467,0.01097917,0x273a5d3e6721b9f5c1a6474f560c1334c63dda01,2017-10-30T07:40:29.000Z,0.00002351,0xe9d0055fa61f80727fc6bcef2cea1bfa2be5cd6b,buy,0xab95e915c123fded5bdfb6325e35ef5515f1ea69,0x789461f99e32585c42981fcedf1e5f0637ba8dba1c0e1ba6409d7fb6f81ea314
251,2371.228173996349,0.05602026561066374,0xfee391e9f4d7d6678329da81bf29e944fe4dd985,2017-10-30T07:08:12.000Z,0.00002362499999999999,0x083578693315741b46295cc38f7ff219e1e3693c,sell,0xab95e915c123fded5bdfb6325e35ef5515f1ea69,0xe21a87cb6a25187edc7f37cdf5a4ada45ba48de778e39afdefd9bb578fb18582
252,1007.0027646551896,0.029505181004397054,0xcc53bcc754633c4b68934f052fdbe5a3b70bd66e,2017-10-30T06:40:17.000Z,0.00002929999999999999,0x7bd2078a76a0922b20fedcf162436f1bd7ad38f7,sell,0xab95e915c123fded5bdfb6325e35ef5515f1ea69,0x767e701da5fda833a2187c0c00192eecb88a32aa74251dc06aadf343e1c6b579
253,600,0.014178,0xdb5936126a51b5bb370ceec5f2d45e72a2e57789,2017-10-30T06:39:17.000Z,0.00002363,0x7bd2078a76a0922b20fedcf162436f1bd7ad38f7,sell,0xab95e915c123fded5bdfb6325e35ef5515f1ea69,0xd5dd39ccfd4ee6a26d9f69f53a3e9472c1bc50aec63bbeafb1b3479895dcd665
254,326.73857420574166,0.00957344022422823,0xcc53bcc754633c4b68934f052fdbe5a3b70bd66e,2017-10-30T06:21:51.000Z,0.00002929999999999999,0xd8638b6b089ebbe495f1a7a2a7e4806f38628fbc,sell,0xab95e915c123fded5bdfb6325e35ef5515f1ea69,0x7a6c3943ed127b2f58b2471eb123ad8360ee0b11189d58921b0ef7d96a57d8e7
255,1105.11,0.0237709161,0xfee391e9f4d7d6678329da81bf29e944fe4dd985,2017-10-30T04:04:54.000Z,0.00002151,0x845ce049221407f4755706c64cf69070ee13edf1,buy,0xab95e915c123fded5bdfb6325e35ef5515f1ea69,0xc39b8e7f058180d6a22d97166407db8c8ccb5d24c89f49c18268c129dc379eca
256,12.5,0.0005,0xf9695cd65d6dfdf257fab76a3eb0cb8f001971cc,2017-10-30T03:59:12.000Z,0.00004,0x574e7edfce7c8ac4d8efd9876c49edfcba3e80a3,buy,0xab95e915c123fded5bdfb6325e35ef5515f1ea69,0x5c0d101a1dd45b4d3339d4489c8df95fda044c90cbbabed17498a2eb63e6cd31
257,1309,0.0383537,0xfee391e9f4d7d6678329da81bf29e944fe4dd985,2017-10-30T03:39:36.000Z,0.0000293,0xefa5d5c4816b2fdca66a6cbfb01b7f1767e82176,buy,0xab95e915c123fded5bdfb6325e35ef5515f1ea69,0xdc1f0c3fb8faf860ef72b1fb214f9862cc2f4ab21c1a34a20d1fb25baea554fc
258,182.8828,0.00729702372,0xb85d14ab22a69276e57f24130ce4215e5ffe7dc0,2017-10-30T02:21:29.000Z,0.0000399,0xe16df02476f4ac96ccb5a272bac2390777033823,buy,0xab95e915c123fded5bdfb6325e35ef5515f1ea69,0x754833fd149e6ef21cf09bb2b70803ea671e892ad2c1c21e3e1f7637ae34dbb4
259,1493.3386591286503,0.04375482271246946,0xcc53bcc754633c4b68934f052fdbe5a3b70bd66e,2017-10-30T01:53:26.000Z,0.00002929999999999999,0xede8dbc373b9d554ccf2c15dfb61bae805fd55b2,sell,0xab95e915c123fded5bdfb6325e35ef5515f1ea69,0xb204447aa002ba6e9014eb7d77af9f261c87fb9336c8eeeb9900e1cd30591725
260,562.6422251797363,0.01378473451690354,0xad7024ff124fb9dd2f81d675e6797d1a29f94d18,2017-10-30T00:31:26.000Z,0.00002449999999999999,0x574e7edfce7c8ac4d8efd9876c49edfcba3e80a3,sell,0xab95e915c123fded5bdfb6325e35ef5515f1ea69,0x37c55df7eafac302f5e84dfa0059e731ee33f8adae5bb91de38e1501bcd3f5aa
261,111.70395809645929,0.003272925972226256,0xcc53bcc754633c4b68934f052fdbe5a3b70bd66e,2017-10-30T00:30:35.000Z,0.00002929999999999999,0x574e7edfce7c8ac4d8efd9876c49edfcba3e80a3,sell,0xab95e915c123fded5bdfb6325e35ef5515f1ea69,0x10451abf71437ef2d2fe159ee433272fb8032b87a7518ae75a75757b3e149e21
262,1672.51719669026,0.04900475386302462,0xcc53bcc754633c4b68934f052fdbe5a3b70bd66e,2017-10-30T00:20:47.000Z,0.00002929999999999999,0x574e7edfce7c8ac4d8efd9876c49edfcba3e80a3,sell,0xab95e915c123fded5bdfb6325e35ef5515f1ea69,0x0db074c8eec5c1490e86f1d75418e89062affe924243573a868c14b406165795
263,369.5193568637026,0.014780774274548105,0x993d6dd1866cefe6e18b1450263bad6c9f06015e,2017-10-29T23:15:48.000Z,0.00003999999999999999,0x57e51f08aa54ec6c53f48086fe367e027fc5155f,sell,0xab95e915c123fded5bdfb6325e35ef5515f1ea69,0x50122217f4f8461a63c519068260f0ce9d7f3c81712baa32f89e8af7f736b6c2
264,156.7306431362974,0.006269225725451895,0x993d6dd1866cefe6e18b1450263bad6c9f06015e,2017-10-29T23:10:43.000Z,0.00003999999999999999,0x25fba96c3dfd9289cfc9297207799c6fbc77b779,sell,0xab95e915c123fded5bdfb6325e35ef5515f1ea69,0x5fc28383c2a318a0c032743c5ad8d040d7d3c8b1448001b3102d92396fa31bd4
265,0.03083879398409026,0.000000895250189358,0x75505b5ae2099f716bad49c7a63f7fa44120c597,2017-10-29T22:50:01.000Z,0.00002902999999999545,0x8a937b4dee4f923d0374a6767f955ab0e01dceaa,sell,0xab95e915c123fded5bdfb6325e35ef5515f1ea69,0x1aa3c75a17ccb0c86467ddd196b74b7a1aa4ec6cfa67f4f42db7db306d79eb13
266,309.3439424544094,0.009063777513914194,0xcc53bcc754633c4b68934f052fdbe5a3b70bd66e,2017-10-29T22:48:36.000Z,0.00002929999999999999,0x8a937b4dee4f923d0374a6767f955ab0e01dceaa,sell,0xab95e915c123fded5bdfb6325e35ef5515f1ea69,0xe80bd82659749ce9bbe505331eb7cb490ebc555ac511bfd489dbe6cb1957cde3
267,201.80739706908582,0.005894794068387997,0x75505b5ae2099f716bad49c7a63f7fa44120c597,2017-10-29T22:36:39.000Z,0.00002920999999999999,0x25d96a985dbccbafa7ec134ff391e9815f782439,sell,0xab95e915c123fded5bdfb6325e35ef5515f1ea69,0x8382d931b8b27fa11c967c512e5d1c1d67a14bb70c00f01c283312f90df28787
268,200.8242285290857,0.005864067473049302,0xcc53bcc754633c4b68934f052fdbe5a3b70bd66e,2017-10-29T22:36:39.000Z,0.00002919999999999999,0x96e4d235484bcf6633f737bad19bf5a9c5a62566,sell,0xab95e915c123fded5bdfb6325e35ef5515f1ea69,0x85a0958fb8d35368324afa3d75cf938e10c39f0b6cc5b00f2b872ff76308eece
269,434.61768517595453,0.01260825904695444,0x75505b5ae2099f716bad49c7a63f7fa44120c597,2017-10-29T22:24:54.000Z,0.00002900999999999999,0x8b99cbf93999994d0667a2e01c3bf51bd79ed7c6,sell,0xab95e915c123fded5bdfb6325e35ef5515f1ea69,0xce75ee89354adea7a2639a09a3aa60b432d3d641fd5cec1b4ac3737a27d14a16
270,1600.8728038194063,0.039381470973957396,0x75505b5ae2099f716bad49c7a63f7fa44120c597,2017-10-29T22:07:40.000Z,0.00002459999999999999,0xc713d2b774095b6e4c738c3fb95e6648dee3e75d,sell,0xab95e915c123fded5bdfb6325e35ef5515f1ea69,0x5c77333142fc0fa7983f16e8b3a054e9c8f56c4fc95d9455e7fceb6c8fccde17
271,415.8887448908384,0.009814974379423786,0x550da53db0ba17f35a6f2157938167f712386d23,2017-10-29T21:24:53.000Z,0.00002359999999999999,0xbbe421c41192bba3812bd04823e6459b34c376ba,sell,0xab95e915c123fded5bdfb6325e35ef5515f1ea69,0x549e5ebb6759f2b25a8accdb20077527c9c1a002aebf338c54923313349bfb4a
272,547.7798823646696,0.013420607117934403,0xad7024ff124fb9dd2f81d675e6797d1a29f94d18,2017-10-29T21:16:58.000Z,0.00002449999999999999,0x3ee7e218b388241372bc6d3941f3be7405946e66,sell,0xab95e915c123fded5bdfb6325e35ef5515f1ea69,0x00ef1dd870ba836f2cafbb0d3ca2bae6b91c76cfbb0bb65313155be78ac1bb19
273,2000,0.0492,0x75505b5ae2099f716bad49c7a63f7fa44120c597,2017-10-29T21:15:40.000Z,0.0000246,0x3ee7e218b388241372bc6d3941f3be7405946e66,sell,0xab95e915c123fded5bdfb6325e35ef5515f1ea69,0x6a0ea28c44bcb85106672c05a5033e78f0e1eaa04d6bc6e676f4446e2d0fed33
274,21.223881,0.00049897344231,0x1d5321e125f6c7079a716705541c7b371ca79e69,2017-10-29T20:42:33.000Z,0.00002351,0xfd39b70f7f82e7e74423ce6dc0d279ce0fe98f15,buy,0xab95e915c123fded5bdfb6325e35ef5515f1ea69,0xe5e820ab5dbc511bb4463df94e00bb6b612059dbf0203cd7b9b1ce0359b11ebc
275,21.160399800598206,0.000529009995014955,0xf51b0d92d808d5632a6d2b574b624d2313111d3b,2017-10-29T20:42:33.000Z,0.00002499999999999999,0x1d5321e125f6c7079a716705541c7b371ca79e69,sell,0xab95e915c123fded5bdfb6325e35ef5515f1ea69,0xe5e820ab5dbc511bb4463df94e00bb6b612059dbf0203cd7b9b1ce0359b11ebc
276,205.373,0.004723784373,0xd45da880ccba56527f943862835176c84a6c2a3d,2017-10-29T20:36:07.000Z,0.000023001,0xfd39b70f7f82e7e74423ce6dc0d279ce0fe98f15,sell,0xab95e915c123fded5bdfb6325e35ef5515f1ea69,0xcf4c60deb3fd3a8ad3405b96bb7852cb6cea562cdf810d8a9574e025a9403dd1
277,260,0.01196,0x75505b5ae2099f716bad49c7a63f7fa44120c597,2017-10-29T20:14:11.000Z,0.000046,0x550da53db0ba17f35a6f2157938167f712386d23,buy,0xab95e915c123fded5bdfb6325e35ef5515f1ea69,0xb976aa249a8ad1ad657e9f69b356b402b4fbc6fe2d8442f103e86f18a836a4e5
278,460.101,0.018864141,0x75505b5ae2099f716bad49c7a63f7fa44120c597,2017-10-29T19:56:43.000Z,0.000041,0x1703319dd06ce6952eea7b729a5e580109b24a5f,buy,0xab95e915c123fded5bdfb6325e35ef5515f1ea69,0x1d7b5f9095273ccaf3c82f0ab0748ac8afac39f018b065969b3b511265da4169
279,303.902,0.013067482098,0x75505b5ae2099f716bad49c7a63f7fa44120c597,2017-10-29T19:56:43.000Z,0.000042999,0xe054b1e218c7b58e8bf1579e591e26a4411d759a,buy,0xab95e915c123fded5bdfb6325e35ef5515f1ea69,0x89338b95fcbb5cc4925b6acfa70b6324fabfc2f3258a1e1f638682f447f928c0
280,209.648,0.008176272,0x75505b5ae2099f716bad49c7a63f7fa44120c597,2017-10-29T19:52:30.000Z,0.000039,0x667d04d0f2b86e6a8ea9d5b67834e709c633c3c0,buy,0xab95e915c123fded5bdfb6325e35ef5515f1ea69,0xaec793b00b473cf050ddd0312b1bdc6d4a1764f16a0366bb05f6ca310173da42
281,377.35,0.008867725,0x75505b5ae2099f716bad49c7a63f7fa44120c597,2017-10-29T19:43:12.000Z,0.0000235,0xc8ecaa02ae41ad17d1ce19ca59bb2f541ad99324,buy,0xab95e915c123fded5bdfb6325e35ef5515f1ea69,0xe842e39fe917d4ede7cc1169ef2ed51fb140e30e0d989925aedaed684f785b27
282,650,0.02535,0x75505b5ae2099f716bad49c7a63f7fa44120c597,2017-10-29T19:30:59.000Z,0.000039,0x667d04d0f2b86e6a8ea9d5b67834e709c633c3c0,buy,0xab95e915c123fded5bdfb6325e35ef5515f1ea69,0x6de0dc9a4f42a1666c9755f37175b331e4570b8e80051af700d386e812b221e6
283,191.20316929225683,0.004398055300060491,0x75505b5ae2099f716bad49c7a63f7fa44120c597,2017-10-29T19:23:35.000Z,0.00002300199999999999,0xc55e3218cd91ac80042c879af46b243aa5b050ee,sell,0xab95e915c123fded5bdfb6325e35ef5515f1ea69,0x39646dd204c81f22e5eb39e5139918313cc32b26eba223fa77cf0b53270d0a59
284,156.60518721540822,0.00360223251632882,0x75505b5ae2099f716bad49c7a63f7fa44120c597,2017-10-29T19:09:33.000Z,0.00002300199999999999,0x61b5568f5175a41283367ec49c4b2ec90b2a26aa,sell,0xab95e915c123fded5bdfb6325e35ef5515f1ea69,0x8d12ef2f4b68118f7b5a9a38a76403650fe30b644ad1f66223520274a310e00f
285,264.89482603927826,0.006092580998903399,0x550da53db0ba17f35a6f2157938167f712386d23,2017-10-29T18:03:26.000Z,0.00002299999999999999,0x846007118f4183b04fb53a3cffa9d42a66e3b669,sell,0xab95e915c123fded5bdfb6325e35ef5515f1ea69,0x151ce54e7826b030610a0b554ff6d2a8e07affa769777d84e7da2b6f794d38cc
286,944.063113430708,0.019362828862775162,0x24418ab1b19550b380652432eac1ab37bf3d0fa9,2017-10-29T17:21:16.000Z,0.00002051009999999999,0x7471cc21f84b2eeb1ba3560ed6afc60a833b5dec,sell,0xab95e915c123fded5bdfb6325e35ef5515f1ea69,0x0819d9d8428ba0a150158112dbdd295db5404eab84798f864c9480c53a4aeb0f
287,712.4284328627332,0.014626155726671914,0xdb5936126a51b5bb370ceec5f2d45e72a2e57789,2017-10-29T17:07:47.000Z,0.00002052999999999999,0x85165ddba7d798a5f451b2184d19bcf1c9f30eeb,sell,0xab95e915c123fded5bdfb6325e35ef5515f1ea69,0x9095cbcd9a666b87429da1905f91e9dad165c7243783df47283cda16cb695b63
288,1091.006,0.022365623,0x550da53db0ba17f35a6f2157938167f712386d23,2017-10-29T17:02:18.000Z,0.0000205,0xc3c7a43c8e9d68e5536bfd9660197747b255924a,buy,0xab95e915c123fded5bdfb6325e35ef5515f1ea69,0xd02396324cef7769580ca4246c4cfc9b6df7af744ab9e0967dec041b461e66d2
289,0.32150736528634144,0.00000659090098837,0x550da53db0ba17f35a6f2157938167f712386d23,2017-10-29T17:01:26.000Z,0.0000205,0xc3c7a43c8e9d68e5536bfd9660197747b255924a,buy,0xab95e915c123fded5bdfb6325e35ef5515f1ea69,0xc7e6dd57ff17f46c41c0c2300edc058d8f3336ebce5a96e55c13ebd3af853ad5
290,211.87500637429898,0.007436812723737894,0x2249f2fa7ca5bd91211390be3798686040b7fed7,2017-10-29T16:25:59.000Z,0.00003509999999999999,0x273a5d3e6721b9f5c1a6474f560c1334c63dda01,sell,0xab95e915c123fded5bdfb6325e35ef5515f1ea69,0x6b67abcb3615451350a2197f803d7572392272f8ced364c2b92ac3e2e2b9d170
291,212.51254400631794,0.006375376320189538,0x273a5d3e6721b9f5c1a6474f560c1334c63dda01,2017-10-29T16:25:59.000Z,0.00003,0xd205d2bb94ff42ab66b369e17087b87c27bbc06e,buy,0xab95e915c123fded5bdfb6325e35ef5515f1ea69,0x6b67abcb3615451350a2197f803d7572392272f8ced364c2b92ac3e2e2b9d170
292,219.727,0.00659181,0x51553523c2e78bca3055ef844ec78c6d5c939df4,2017-10-29T16:10:21.000Z,0.00003,0xd205d2bb94ff42ab66b369e17087b87c27bbc06e,sell,0xab95e915c123fded5bdfb6325e35ef5515f1ea69,0x5f0296fe19945d7dc0e6b686d0c2caa9bdc4a0408d031554dd40406558f5e31f
293,183.82173434369054,0.005514652030310716,0x51553523c2e78bca3055ef844ec78c6d5c939df4,2017-10-29T15:55:23.000Z,0.00002999999999999999,0x03a4731b71daaced31a163210c637589478d981c,sell,0xab95e915c123fded5bdfb6325e35ef5515f1ea69,0x0843e85fc66cab9b922864a105029b4e30d2a8ac53a9c77012714aa41106c1ae
294,806,0.0035464,0x273a5d3e6721b9f5c1a6474f560c1334c63dda01,2017-10-29T15:53:14.000Z,0.0000044,0x140354276088fe5c6f10314120dd7e79498b8dea,buy,0xab95e915c123fded5bdfb6325e35ef5515f1ea69,0x6fe239c45b9ac692cd549411d5a586c55cb0eeb1f4189fa1b70f483aa4cb2a0b
295,803.582,0.0164815471782,0x24418ab1b19550b380652432eac1ab37bf3d0fa9,2017-10-29T15:53:14.000Z,0.0000205101,0x273a5d3e6721b9f5c1a6474f560c1334c63dda01,sell,0xab95e915c123fded5bdfb6325e35ef5515f1ea69,0x6fe239c45b9ac692cd549411d5a586c55cb0eeb1f4189fa1b70f483aa4cb2a0b
296,650.748,0.031886652,0x265ca90bd2ceb257be4370d0cbd6bf8e0a6688e1,2017-10-29T14:47:43.000Z,0.000049,0x24418ab1b19550b380652432eac1ab37bf3d0fa9,buy,0xab95e915c123fded5bdfb6325e35ef5515f1ea69,0xf2f8b84ba7b039b5bc90a4fafc4db209918209946af321139685e35144ad600d
297,206,0.010093794,0x265ca90bd2ceb257be4370d0cbd6bf8e0a6688e1,2017-10-29T14:47:15.000Z,0.000048999,0x5b324e6585487927c2c701287354b4293c8c0637,buy,0xab95e915c123fded5bdfb6325e35ef5515f1ea69,0xb6400aef59cac07ae197b3dce5c610acb3d1c8d8ae94adc7becf9550559f40d1
298,100,0.0048799,0x265ca90bd2ceb257be4370d0cbd6bf8e0a6688e1,2017-10-29T14:47:15.000Z,0.000048799,0x92e67ad23a8b6eeb784a34f5b382a541c421babf,buy,0xab95e915c123fded5bdfb6325e35ef5515f1ea69,0x71a7d8c677ccc37170abc730d7f0a64683507d153c14cdb00439a88856b1a380
299,100,0.0048899,0x265ca90bd2ceb257be4370d0cbd6bf8e0a6688e1,2017-10-29T14:47:15.000Z,0.000048899,0x92e67ad23a8b6eeb784a34f5b382a541c421babf,buy,0xab95e915c123fded5bdfb6325e35ef5515f1ea69,0xbf834a6e54943752cc892421426fcb2f965e5d7b733ca13a7f058661a900d70b
300,255.51,0.0115005051,0x265ca90bd2ceb257be4370d0cbd6bf8e0a6688e1,2017-10-29T14:46:57.000Z,0.00004501,0x2c4897e3dbf95f2f53211eac4c89cd2faed501ef,buy,0xab95e915c123fded5bdfb6325e35ef5515f1ea69,0x17587ba7f584869764aeab4d8845a66de0b16e371aa0b1051cf35b8084b21d6d
301,100,0.0039989,0x265ca90bd2ceb257be4370d0cbd6bf8e0a6688e1,2017-10-29T14:46:48.000Z,0.000039989,0x92e67ad23a8b6eeb784a34f5b382a541c421babf,buy,0xab95e915c123fded5bdfb6325e35ef5515f1ea69,0x6cedb902e6e00ee95840ba2fbf2baeb495bdc30dadbc3d1b063fb6d6b0b65e4f
302,100,0.0045009,0x265ca90bd2ceb257be4370d0cbd6bf8e0a6688e1,2017-10-29T14:46:23.000Z,0.000045009,0x92e67ad23a8b6eeb784a34f5b382a541c421babf,buy,0xab95e915c123fded5bdfb6325e35ef5515f1ea69,0x80b4c694794486a319c010abfb344f7d68a206b238883d7c77d4e3ab94ba071e
303,704.841,0.02819364,0x265ca90bd2ceb257be4370d0cbd6bf8e0a6688e1,2017-10-29T14:46:16.000Z,0.00004,0x2d61bc51631e2845695fc1f0c9b953ad0c835a59,buy,0xab95e915c123fded5bdfb6325e35ef5515f1ea69,0x5b15a16a97c53bef8e2eb3a2dd43381e1425ea95d664f226cfbffbfa31235fd1
304,302,0.013592416,0x265ca90bd2ceb257be4370d0cbd6bf8e0a6688e1,2017-10-29T14:46:16.000Z,0.000045008,0xb93a5f4474449ae39d00c9be3146c4e2c1dd308b,buy,0xab95e915c123fded5bdfb6325e35ef5515f1ea69,0xd996fdb941dca0c993702cb52af859be22627cc222b39bfa213d3803851722ba
305,2008.345,0.08031371655,0x265ca90bd2ceb257be4370d0cbd6bf8e0a6688e1,2017-10-29T14:46:03.000Z,0.00003999,0x97ccc19febdde497629a07b4f82ea9fde58ec3e7,buy,0xab95e915c123fded5bdfb6325e35ef5515f1ea69,0x0069822a4fa4d357931c9e268f98bbc365ed24f2b475746c74e0a40193543e57
306,150.98295284617686,0.004529488585385305,0x51553523c2e78bca3055ef844ec78c6d5c939df4,2017-10-29T14:46:03.000Z,0.00002999999999999999,0x47e9cfa8c920dd158260ceeedf0176cf01d225e1,sell,0xab95e915c123fded5bdfb6325e35ef5515f1ea69,0x5c590c40b862eb82a08949f65388c8879f45f70f2f445d2f35dd66a53e4114a4
307,106.76191406639418,0.003202857421991825,0x51553523c2e78bca3055ef844ec78c6d5c939df4,2017-10-29T14:33:37.000Z,0.00002999999999999999,0xfc69e7c9afc6454f0a074f4bd7e366a516ea8b67,sell,0xab95e915c123fded5bdfb6325e35ef5515f1ea69,0x305f1b48242067a233582180e4dbcbc905d673f9ca43ce080b237135a705d553
308,73.75,0.00295,0x993d6dd1866cefe6e18b1450263bad6c9f06015e,2017-10-29T14:22:10.000Z,0.00004,0xfc69e7c9afc6454f0a074f4bd7e366a516ea8b67,sell,0xab95e915c123fded5bdfb6325e35ef5515f1ea69,0x6a58ae9eb343a2b11bbeeda265f11178c0f18a4ff4dc56372b1a31c80b38bb63
309,190.70581198285316,0.005721174359485594,0x51553523c2e78bca3055ef844ec78c6d5c939df4,2017-10-29T14:09:49.000Z,0.00002999999999999999,0x6e579731a0bc2557de736dd17f287f82eb6679b5,sell,0xab95e915c123fded5bdfb6325e35ef5515f1ea69,0x6ae97b77cd3f093b90e291b926e894180fd58376134e52da446cfbb6f06427b1
310,1037.958,0.04671848958,0xa90b48473279d607d69352b5b25f808fb386a531,2017-10-29T14:01:24.000Z,0.00004501,0xfc69e7c9afc6454f0a074f4bd7e366a516ea8b67,sell,0xab95e915c123fded5bdfb6325e35ef5515f1ea69,0x15ac65a9d8148befb50817ed0dbd657371ad6ac97810695700151f9d0cb34dbd
311,643.801216229688,0.028977492742498254,0xa90b48473279d607d69352b5b25f808fb386a531,2017-10-29T13:49:00.000Z,0.00004500999999999999,0x851312417f5301b7d844618e9d36f1c3089f85e9,sell,0xab95e915c123fded5bdfb6325e35ef5515f1ea69,0xedb1c0f4b3477f05bb9eba0d8486fab66ae002654fd0afa6a000db07bd75d8fb
312,508.80061665770614,0.022901115755763354,0xa90b48473279d607d69352b5b25f808fb386a531,2017-10-29T13:28:49.000Z,0.00004500999999999999,0x171e82f01e93d891750390aad53dd64fc804450e,sell,0xab95e915c123fded5bdfb6325e35ef5515f1ea69,0x3b080af8c867e4c859a7cef37c571ec7a64a13a8969307766d8440075c903ad7
313,154.9386900608115,0.006973790439637124,0xa90b48473279d607d69352b5b25f808fb386a531,2017-10-29T13:03:27.000Z,0.00004500999999999999,0xb2ca6967588b5dc4a44a8c288cce7ee2d5a50b88,sell,0xab95e915c123fded5bdfb6325e35ef5515f1ea69,0x72f80d415f51a555e49aa2198f28029c761396baec2d5c5a5214ded5b00b3b17
314,363.77429967101983,0.016373481228192602,0xa90b48473279d607d69352b5b25f808fb386a531,2017-10-29T12:45:53.000Z,0.00004500999999999999,0xd495826cabb093e7dca498d1a98e4dc55e0c29db,sell,0xab95e915c123fded5bdfb6325e35ef5515f1ea69,0xafc816b0641b140d9e3b94b734d2f46e82d5893a6abad58334880fd5c50ab7ec
315,154.7492493617416,0.006965263713771988,0xa90b48473279d607d69352b5b25f808fb386a531,2017-10-29T12:41:52.000Z,0.00004500999999999999,0x48b7ec299387f17fb9fd1aea979f33306bae576e,sell,0xab95e915c123fded5bdfb6325e35ef5515f1ea69,0xae987f072491ee004a3a3b0f5df398e6193ff0c72252d9733f1e1a533df33b0f
316,1898.4958263892865,0.08545129714578178,0xa90b48473279d607d69352b5b25f808fb386a531,2017-10-29T12:39:39.000Z,0.00004500999999999999,0x0808c343e3395b348495edd585e32c0c147b8de2,sell,0xab95e915c123fded5bdfb6325e35ef5515f1ea69,0x6d18cd913ea2117488eb411c29e8ea5105eff163ce472ae114ac8d4a51407cb5
317,627.5844880869305,0.02824757780879274,0xa90b48473279d607d69352b5b25f808fb386a531,2017-10-29T12:04:52.000Z,0.00004500999999999999,0xf694ef95683407a0d71b02de80c44d3ac54919a7,sell,0xab95e915c123fded5bdfb6325e35ef5515f1ea69,0x6cb08c5887cdeca99b7568b9463d24ad1b53c4bd28337e10f81519846b0c084c
318,661.431545245741,0.029771033851510798,0xa90b48473279d607d69352b5b25f808fb386a531,2017-10-29T12:03:08.000Z,0.00004500999999999999,0xf0bf0dee9847cd8e62d335c174d99e22f955acfc,sell,0xab95e915c123fded5bdfb6325e35ef5515f1ea69,0x8ea10420dd76e5eb335cf21f44e4a52d4170d906be3db98ae388b1949bd4c658
319,598.14574818064,0.026922540125610607,0xa90b48473279d607d69352b5b25f808fb386a531,2017-10-29T11:51:03.000Z,0.00004500999999999999,0x7ec93f2b709623605acf6120849e088dbe0fc37a,sell,0xab95e915c123fded5bdfb6325e35ef5515f1ea69,0xc297e4f78bbc8840ec1220d100a53f8d16e18383e26801fd4ed7b1ea0bf4fb83
320,386.8,0.017409868,0xa90b48473279d607d69352b5b25f808fb386a531,2017-10-29T11:09:19.000Z,0.00004501,0xc9cfe46ee34a966e00cb812f8dffe4b3e7c785ca,sell,0xab95e915c123fded5bdfb6325e35ef5515f1ea69,0x1f761f6b776572ad29097dc60c8832279156f5f3d7cf9a2159c84d68c2e3cab2
321,1349.251588047461,0.06611332781432559,0x550da53db0ba17f35a6f2157938167f712386d23,2017-10-29T11:00:18.000Z,0.000049,0x24418ab1b19550b380652432eac1ab37bf3d0fa9,buy,0xab95e915c123fded5bdfb6325e35ef5515f1ea69,0x3f2bcecd7afee3e7508afd52f0fde483b4d0d2180753a09ebadc0095ba3755db
322,100,0.0048999,0x550da53db0ba17f35a6f2157938167f712386d23,2017-10-29T10:57:37.000Z,0.000048999,0x92e67ad23a8b6eeb784a34f5b382a541c421babf,buy,0xab95e915c123fded5bdfb6325e35ef5515f1ea69,0xcf94de8e52feccce7189fa8ddb7317ee771e655b169db8539eb424477984b3e3
323,520.794,0.025518906,0x550da53db0ba17f35a6f2157938167f712386d23,2017-10-29T10:57:36.000Z,0.000049,0xaf7b0933517554a11ddac08a3a4db2f92beacac8,buy,0xab95e915c123fded5bdfb6325e35ef5515f1ea69,0x4f622b5db597637414d0532ada09188c5877879151a0918a96d35f6a9a7ecdda
324,264.1379148102482,0.011888847545609272,0xa90b48473279d607d69352b5b25f808fb386a531,2017-10-29T10:47:43.000Z,0.00004500999999999999,0x4e5f739f93b9a51be0ccc2ae86916b081d1206ae,sell,0xab95e915c123fded5bdfb6325e35ef5515f1ea69,0x016a76b219e2f2117fd67788c41d7f605002ab8a1a5028daf7df888e8682214b
325,406.715,0.01830624215,0x550da53db0ba17f35a6f2157938167f712386d23,2017-10-29T10:31:53.000Z,0.00004501,0xeb688d9987f2506683a2b73c39488de7c2a58b04,buy,0xab95e915c123fded5bdfb6325e35ef5515f1ea69,0x0de0abfffe7125596f4270703d09600eec8cb563c6d015ff20944a7b7dbdace4
326,1581.5157698030425,0.07124728542962706,0xadf08c56b02929bdc5a956fb37d6007cf4fecc0f,2017-10-29T10:15:21.000Z,0.00004504999999999999,0xeb688d9987f2506683a2b73c39488de7c2a58b04,sell,0xab95e915c123fded5bdfb6325e35ef5515f1ea69,0x5576b7aa87e2606968c5967521077e78e743eaa020280aac67e105a066269b0e
327,228.07372,0.010274721086,0xadf08c56b02929bdc5a956fb37d6007cf4fecc0f,2017-10-29T10:10:14.000Z,0.00004505,0x273a5d3e6721b9f5c1a6474f560c1334c63dda01,sell,0xab95e915c123fded5bdfb6325e35ef5515f1ea69,0x5ecf0da470cd7d3f1a9cf8fc60f1223502b1e61fac49e5f35b86b7d43c158373
328,228.76,0.0091504,0x273a5d3e6721b9f5c1a6474f560c1334c63dda01,2017-10-29T10:10:14.000Z,0.00004,0xb8a4dcfa4045e32541c31c005a59a54f66b04fd6,buy,0xab95e915c123fded5bdfb6325e35ef5515f1ea69,0x5ecf0da470cd7d3f1a9cf8fc60f1223502b1e61fac49e5f35b86b7d43c158373
329,708.6397661590636,0.031924221465465814,0xadf08c56b02929bdc5a956fb37d6007cf4fecc0f,2017-10-29T08:30:16.000Z,0.00004504999999999999,0x89809d4c349bf4e6485bd809e19da531c9c5ac0e,sell,0xab95e915c123fded5bdfb6325e35ef5515f1ea69,0xfbca7764f581b106af75688b791cff3da6d3922093cbf84d2191904a19a63d07
330,0.04802339952530841,0.000002163454148615,0xadf08c56b02929bdc5a956fb37d6007cf4fecc0f,2017-10-29T07:57:31.000Z,0.000045049999999997,0xdf04829ed7aad07edf5c95eaf7ab7b924f38ce6e,sell,0xab95e915c123fded5bdfb6325e35ef5515f1ea69,0xeb2287d114e0bbabfea396e5c6671e1d989a05b10f8c9379bc2ddadcef8132ae
331,481.7227206383686,0.021701608564758505,0xadf08c56b02929bdc5a956fb37d6007cf4fecc0f,2017-10-29T07:56:34.000Z,0.00004504999999999999,0xdf04829ed7aad07edf5c95eaf7ab7b924f38ce6e,sell,0xab95e915c123fded5bdfb6325e35ef5515f1ea69,0x56686fbc8946a0fd6b230c90baebc68c7baf1d6157105d237c9d9ea63da2295e
332,1101.6919209631988,0.04968630563544026,0xdd45b996c47bb6852e2f37ff83b5ebc3dc55febb,2017-10-29T07:55:33.000Z,0.00004509999999999999,0xdf04829ed7aad07edf5c95eaf7ab7b924f38ce6e,sell,0xab95e915c123fded5bdfb6325e35ef5515f1ea69,0x096e191c5c4fd8e364747500cbf2669314e83a28c2d19e1f6b691bcc4b02c2f0
333,439.0738709999003,0.019802231582095504,0xdd45b996c47bb6852e2f37ff83b5ebc3dc55febb,2017-10-29T07:21:42.000Z,0.00004509999999999999,0x1d76c2a0f74838c67a87c58c0298bd0391ae4973,sell,0xab95e915c123fded5bdfb6325e35ef5515f1ea69,0x0c1ddd5e06308b60bfdced94d37c6ac025e88f1e70e4cb25edc56e4258ffe30b
334,456.08593360582194,0.02056947560562257,0xdd45b996c47bb6852e2f37ff83b5ebc3dc55febb,2017-10-29T07:18:17.000Z,0.00004509999999999999,0xb1cf04a487b86763224c2492bde95c0d6ab50ccc,sell,0xab95e915c123fded5bdfb6325e35ef5515f1ea69,0x7835f4696b304b3cb901f6948751ac61734e0b2d46fcbea1931b347242f7e725
335,533.3466254610706,0.024053932808294286,0xdd45b996c47bb6852e2f37ff83b5ebc3dc55febb,2017-10-29T06:49:22.000Z,0.00004509999999999999,0x0206e1db86b852a4d1dd5926ab07b2f9117fa115,sell,0xab95e915c123fded5bdfb6325e35ef5515f1ea69,0xa334496a686f6b4497505c952591fa5fda08f92c5e1298db0771c7b72eee7fd4
336,866.3024623666633,0.039070241052736515,0xdd45b996c47bb6852e2f37ff83b5ebc3dc55febb,2017-10-29T06:43:49.000Z,0.00004509999999999999,0x316a44ce05101d1f20ee0a3412ab46ced15eee10,sell,0xab95e915c123fded5bdfb6325e35ef5515f1ea69,0xdc3dd2186c895e952bc954c02e5e1547f2ef896551ea79f6f7c8cd30e6626652
337,282.1475252535214,0.004316857136378877,0xe24d336f095f81def9c0fccdef8c6c7952ca27f5,2017-10-29T06:43:16.000Z,0.00001529999999999999,0xe15c0f49bf463173ad25312ead3a43ddbee40661,sell,0xab95e915c123fded5bdfb6325e35ef5515f1ea69,0x72a968676bbdb27edee2237f1e7beb8c31466529c60532e2247c4deb5c880452
338,199.38191606021334,0.008974180041870202,0xa90b48473279d607d69352b5b25f808fb386a531,2017-10-29T06:17:19.000Z,0.00004500999999999999,0x15cd8f632cc7448c2802f40f554c85caced5d2b4,sell,0xab95e915c123fded5bdfb6325e35ef5515f1ea69,0x5bdf1938e72edeed056205aa9490c45faa84398460b51fe85348ac58bc826fc7
339,425,0.019125,0xdd45b996c47bb6852e2f37ff83b5ebc3dc55febb,2017-10-29T05:57:28.000Z,0.000045,0x90c93ea93a882e6fc7a7e7a9db9eddde0acba2d4,sell,0xab95e915c123fded5bdfb6325e35ef5515f1ea69,0x76a4e036a98d27f30e189d8146410cdb103d26e2db6cdbb47a5966e5b1063db2
340,1038.258923579196,0.04672165156106382,0xdd45b996c47bb6852e2f37ff83b5ebc3dc55febb,2017-10-29T05:52:32.000Z,0.00004499999999999999,0x96129ac0e34f7c3219244727afa87affb222cdd1,sell,0xab95e915c123fded5bdfb6325e35ef5515f1ea69,0x128b7211cd08baeba75f936532a7b0260093931e4146a701cb7548688b243994
341,654.6661349815572,0.02945997607417007,0xdd45b996c47bb6852e2f37ff83b5ebc3dc55febb,2017-10-29T05:45:12.000Z,0.00004499999999999999,0x37021172815cf1e555f4c0fa8530000483c6a501,sell,0xab95e915c123fded5bdfb6325e35ef5515f1ea69,0x6770d4bc84dd5fb2cd6d284d46f25084bb2798d663ce282c1464bfc1ac55b4b3
342,695.0674479909476,0.024327360679683167,0x572d61f11413b477c83699e3ea311293437d269a,2017-10-29T05:24:54.000Z,0.00003499999999999999,0xcd09b59f04aa344ae06c63157e7e94d2c80ab323,sell,0xab95e915c123fded5bdfb6325e35ef5515f1ea69,0xcefb5569ce9fbab3f1d1ce2f1de3863426a5a407f5462d76cc8629998c186e22
343,9.970842920280445,0.00044868793141262,0xdd45b996c47bb6852e2f37ff83b5ebc3dc55febb,2017-10-29T05:21:10.000Z,0.000045,0xcd09b59f04aa344ae06c63157e7e94d2c80ab323,buy,0xab95e915c123fded5bdfb6325e35ef5515f1ea69,0x862118760d481ebee2351226b77ca11fc89fb76d70f8cfe1f7d5f124d21be88f
344,800,0.036,0x993d6dd1866cefe6e18b1450263bad6c9f06015e,2017-10-29T05:15:28.000Z,0.000045,0xcd09b59f04aa344ae06c63157e7e94d2c80ab323,sell,0xab95e915c123fded5bdfb6325e35ef5515f1ea69,0x606bcdd3cf320fd5fccb65f54d3c6b4ad8c654c598e3930cb501a22cf0d0ebe1
345,659.681,0.029685645,0xdd45b996c47bb6852e2f37ff83b5ebc3dc55febb,2017-10-29T05:09:48.000Z,0.000045,0x5000fc6dd56adf07583bc8598cc350281e1df771,buy,0xab95e915c123fded5bdfb6325e35ef5515f1ea69,0x38375d6568baf9181494f517382cb9dced5b63cec245add7cbf6ad62c6e1f737
346,201.862,0.00908379,0xdd45b996c47bb6852e2f37ff83b5ebc3dc55febb,2017-10-29T05:09:23.000Z,0.000045,0x91d8d78b3d36232eb0f84b345c12a2b0600ba694,buy,0xab95e915c123fded5bdfb6325e35ef5515f1ea69,0x9b8ca2f82f22b4dee7b4ed4e95eae8d12dd03821877eaa708ae8f4a8a5eb3ef8
347,30.30772662575835,0.001485078604662159,0x313e1e8fc713945ae7de0de694b624d31c77f3af,2017-10-29T05:02:18.000Z,0.00004899999999999999,0x1d5321e125f6c7079a716705541c7b371ca79e69,sell,0xab95e915c123fded5bdfb6325e35ef5515f1ea69,0x405a69d7b48158e2d2f6671ea84b484c86577c3e1b4cce420562240b6387d066
348,30.39864980563562,0.001367939241253603,0x1d5321e125f6c7079a716705541c7b371ca79e69,2017-10-29T05:02:18.000Z,0.000045,0x91d8d78b3d36232eb0f84b345c12a2b0600ba694,buy,0xab95e915c123fded5bdfb6325e35ef5515f1ea69,0x405a69d7b48158e2d2f6671ea84b484c86577c3e1b4cce420562240b6387d066
349,774.8635703273575,0.03719345137571316,0x68da6913b424d418486fa1bdf7b97b0b48c766e6,2017-10-29T04:56:35.000Z,0.00004799999999999999,0x91d8d78b3d36232eb0f84b345c12a2b0600ba694,sell,0xab95e915c123fded5bdfb6325e35ef5515f1ea69,0xfb6e4203463e0d1a08b5dd24ab303fd335815fe7b9cbeb99d3cf6edd869a1f88
350,802.5122121423586,0.039323098394975574,0x313e1e8fc713945ae7de0de694b624d31c77f3af,2017-10-29T04:54:17.000Z,0.00004899999999999999,0xdd3e49d43f5a7c9140db0f74efc648abbdee2965,sell,0xab95e915c123fded5bdfb6325e35ef5515f1ea69,0x9ae02078c5919b47ed8784f9f163e9a23b1308f3725dfb68d9b82085776deca9
351,56.65256116439722,0.002776088802177792,0x877341abeac8f44ac69ba7c99b1d5d31ce7a11d7,2017-10-29T04:23:36.000Z,0.00004900199999999998,0xb4644415a639bf48418f50717ea59e7299682173,sell,0xab95e915c123fded5bdfb6325e35ef5515f1ea69,0x06a591c70d51ad7fc3004060870d2568364176b810ab71dec1e46dea71f2a962
352,239.258299272256,0.0119629149636128,0x2249f2fa7ca5bd91211390be3798686040b7fed7,2017-10-29T04:12:13.000Z,0.00005,0x94fa43c78bccc3ebbf52d8b163c03fe148387cb6,buy,0xab95e915c123fded5bdfb6325e35ef5515f1ea69,0xb3ea7b3cb48692a77c4d621dd23c60552e8220e41190a2df3c777392f8f31407
353,291.1081458376819,0.01426429914604641,0x313e1e8fc713945ae7de0de694b624d31c77f3af,2017-10-29T04:12:07.000Z,0.00004899999999999999,0xace21c0ff0656183d18af63b1b3f3c1970c7e035,sell,0xab95e915c123fded5bdfb6325e35ef5515f1ea69,0x548588ca6c83280c70c19e3c4bbe90f8b17d9414d6fe02329f3895d748cc17d6
354,506.7749875386302,0.02483298793936796,0x877341abeac8f44ac69ba7c99b1d5d31ce7a11d7,2017-10-29T04:06:17.000Z,0.00004900199999999999,0x19483b5625d476d10ed355a3dc0801583f755c36,sell,0xab95e915c123fded5bdfb6325e35ef5515f1ea69,0x5ebc1f49d96b05472a22d58070c0f369550ba7a1211501680b216d59412c3a8e
355,500,0.025,0x993d6dd1866cefe6e18b1450263bad6c9f06015e,2017-10-29T04:05:02.000Z,0.00005,0xace21c0ff0656183d18af63b1b3f3c1970c7e035,sell,0xab95e915c123fded5bdfb6325e35ef5515f1ea69,0x8b6bd21e2b4f2636e6dfe8f6086d7086118c628e80fa685f5d7327b597cdc676
356,803.592662745489,0.03937764765985445,0x877341abeac8f44ac69ba7c99b1d5d31ce7a11d7,2017-10-29T03:13:32.000Z,0.00004900199999999999,0x16b31dc59ba42e7fe4e232bf7b3d1db4d4d2919b,sell,0xab95e915c123fded5bdfb6325e35ef5515f1ea69,0xeb5082dc0c423d97c2bf5cc0d2698dfe4e982bfac061e1d11fb7d481a2ab7de8
357,90.99972873094517,0.004459168707273774,0x877341abeac8f44ac69ba7c99b1d5d31ce7a11d7,2017-10-29T03:03:56.000Z,0.00004900199999999999,0x4ed71f278cd62741569a51e3e80f5b6891265d37,sell,0xab95e915c123fded5bdfb6325e35ef5515f1ea69,0x5fd447b9a393f160fa0f74302f3ab29eeac51e3cc478d1bccf802f22fff83636
358,339.9800598205384,0.016659702891326022,0x877341abeac8f44ac69ba7c99b1d5d31ce7a11d7,2017-10-29T02:36:23.000Z,0.00004900199999999999,0x1d5321e125f6c7079a716705541c7b371ca79e69,sell,0xab95e915c123fded5bdfb6325e35ef5515f1ea69,0x245e3cc166b62077a3f00df0386f56c98ae66b22a3485c303a9af8267f703495
359,341,0.016368,0x1d5321e125f6c7079a716705541c7b371ca79e69,2017-10-29T02:36:23.000Z,0.000048,0xef05c2621d2e5cf685373335aa75d7c0f7a14a56,buy,0xab95e915c123fded5bdfb6325e35ef5515f1ea69,0x245e3cc166b62077a3f00df0386f56c98ae66b22a3485c303a9af8267f703495
360,1139.8479739007967,0.05585255072113904,0x313e1e8fc713945ae7de0de694b624d31c77f3af,2017-10-29T02:18:27.000Z,0.00004899999999999999,0x241f3fe431dc9d4169365d6a72a9c34257bbd3f1,sell,0xab95e915c123fded5bdfb6325e35ef5515f1ea69,0x1f56ce07a811e95073026ccb0799c650464a5232a6d18409eefd0e66c134bbba
361,20,0.00117774,0x877341abeac8f44ac69ba7c99b1d5d31ce7a11d7,2017-10-29T02:18:02.000Z,0.000058887,0x92e67ad23a8b6eeb784a34f5b382a541c421babf,buy,0xab95e915c123fded5bdfb6325e35ef5515f1ea69,0xe6af251bc74383f66836b3d24c1ce150c9ac6313ba0280a6aaac002feb39d35c
