,amount,amountBase,buyer,date,price,seller,side,tokenAddr,txHash
0,690.8383906703765,0.7875557653642292,0xc9d56287b414e1aa0963016aa721b527f095fd9c,2017-11-02T16:04:52.000Z,0.00114,0x1eaa18a0e964d346f2b5182be3f97d7aab5145b9,buy,0x96a65609a7b84e8842732deb08f56c3e21ac6f8a,0xbbfb456b981cfd122d42e977b9f67c21ae3b2abc5df0183ec20a74500d49c3ab
1,688.7720744470354,0.8265953665438872,0xbc0945c667fadc26b9bf39e586b15eeb901e7d1c,2017-11-02T16:04:52.000Z,0.0012001,0xc9d56287b414e1aa0963016aa721b527f095fd9c,sell,0x96a65609a7b84e8842732deb08f56c3e21ac6f8a,0xbbfb456b981cfd122d42e977b9f67c21ae3b2abc5df0183ec20a74500d49c3ab
2,300,0.327,0xba8acabc6da3b8c87c914aeecf9c11ab088d47d2,2017-11-02T15:44:24.000Z,0.00109,0x52f7b452c792fbcf66f84eeb87157fd867c19385,sell,0x96a65609a7b84e8842732deb08f56c3e21ac6f8a,0x8c2c91ae6c4005f66db98a70985f34e268c9adedccecebe85cd589fff63399f4
3,300,0.336,0xc1aac4101f510c66e44f0f0aee922051efc3ae53,2017-11-02T15:29:29.000Z,0.00112,0x1eaa18a0e964d346f2b5182be3f97d7aab5145b9,buy,0x96a65609a7b84e8842732deb08f56c3e21ac6f8a,0x511d4c6325f3138e46561a9fa7651a59af039d2cc6c99278aaf168b26568679e
4,878.6969990692385,1.001714578938932,0x548cab36b9c0de476d0415437b44a1e7f00210f7,2017-11-02T14:47:55.000Z,0.00114,0x1eaa18a0e964d346f2b5182be3f97d7aab5145b9,buy,0x96a65609a7b84e8842732deb08f56c3e21ac6f8a,0xccb4be63eaff1e4a0bfe5290f1709836c17c10d4f7c5fcd6bcfcd063779a584e
5,890,1.0146,0x548cab36b9c0de476d0415437b44a1e7f00210f7,2017-11-02T14:37:52.000Z,0.00114,0x1eaa18a0e964d346f2b5182be3f97d7aab5145b9,buy,0x96a65609a7b84e8842732deb08f56c3e21ac6f8a,0xf742d02f247e8d7fb4480901b0f8c60c42b87a48a554fc95c3683e4319e43daf
6,100,0.115,0x79be04cb83a36114272286146667e0f7e52e01fc,2017-11-02T14:17:44.000Z,0.00115,0x23c09abbc301e4bd6396548f5f6005ab345afb7e,buy,0x96a65609a7b84e8842732deb08f56c3e21ac6f8a,0x60a21e2e8a61ce7c51973defd0fd6fcb2bf63009d6519e179850ac20fe12208b
7,865,0.94285,0x4f2acccee3d4d65b47ac8bf127f2df77c5a9290e,2017-11-02T14:15:11.000Z,0.00109,0x1eaa18a0e964d346f2b5182be3f97d7aab5145b9,buy,0x96a65609a7b84e8842732deb08f56c3e21ac6f8a,0x21282fbdf4d2b112372eeaaf16eda4e996b8343222c9efa31dafa48ad962360b
8,61,0.06649,0x79be04cb83a36114272286146667e0f7e52e01fc,2017-11-02T13:52:35.000Z,0.00109,0x1eaa18a0e964d346f2b5182be3f97d7aab5145b9,buy,0x96a65609a7b84e8842732deb08f56c3e21ac6f8a,0xa856e6ee9deb312ed57813f519c538b599a13713f809492dc855f15af6c7c81f
9,770.7808720554697,0.8247355330993525,0x79be04cb83a36114272286146667e0f7e52e01fc,2017-11-02T13:50:13.000Z,0.00107,0x1eaa18a0e964d346f2b5182be3f97d7aab5145b9,buy,0x96a65609a7b84e8842732deb08f56c3e21ac6f8a,0x84676a8b553d3fae1d8c5587abb47ec14dfd90f0ce38e3dd384ca93cd23841cd
10,68.758,0.0735641842,0x79be04cb83a36114272286146667e0f7e52e01fc,2017-11-02T13:50:13.000Z,0.0010699,0x460f2121b7fe447c847145095d6d1333e6449f43,buy,0x96a65609a7b84e8842732deb08f56c3e21ac6f8a,0x3fc24a2f79c7360c89dcd43e398273fc508c87e5b37b7478cdb069514ac36f0d
11,1000,1.09,0x79be04cb83a36114272286146667e0f7e52e01fc,2017-11-02T13:49:42.000Z,0.00109,0x1eaa18a0e964d346f2b5182be3f97d7aab5145b9,buy,0x96a65609a7b84e8842732deb08f56c3e21ac6f8a,0x6205b368d63f7d0f1f97b2c5cdcfd96054eee19ce771b37b27193db36656ed03
12,230,0.246077,0x548cab36b9c0de476d0415437b44a1e7f00210f7,2017-11-02T13:20:08.000Z,0.0010699,0x460f2121b7fe447c847145095d6d1333e6449f43,buy,0x96a65609a7b84e8842732deb08f56c3e21ac6f8a,0xed3fea30c6807114ceb77d4f66ec9689d25eeff4723302c83ca60e5255604e6f
13,138,0.138,0x548cab36b9c0de476d0415437b44a1e7f00210f7,2017-11-02T13:18:50.000Z,0.001,0x645092d78e90cedf54129b348f1b53c4a1eea5d5,buy,0x96a65609a7b84e8842732deb08f56c3e21ac6f8a,0x1a4ef9e3ec049f28525e45a7834600697d09e75a891196060d0e4bfc6aec1327
14,405,0.4293,0x548cab36b9c0de476d0415437b44a1e7f00210f7,2017-11-02T13:18:50.000Z,0.00106,0x1eaa18a0e964d346f2b5182be3f97d7aab5145b9,buy,0x96a65609a7b84e8842732deb08f56c3e21ac6f8a,0xce2eff7bcc804f757861722c61abe771c6aac6206d1b06380a0facb86ed41d28
15,990,0.99,0x0dd1fe87a4d44474db373fdc104950012829031d,2017-11-02T13:09:55.000Z,0.001,0x645092d78e90cedf54129b348f1b53c4a1eea5d5,buy,0x96a65609a7b84e8842732deb08f56c3e21ac6f8a,0xb4f5f1531381095c745d03eaf6636a9046dd1f71ee11b451da049a37a2ef960d
16,95,0.1007,0xc38ff609038812ce676627fc8b4e2c8c8dbfd813,2017-11-02T13:02:02.000Z,0.00106,0x1eaa18a0e964d346f2b5182be3f97d7aab5145b9,buy,0x96a65609a7b84e8842732deb08f56c3e21ac6f8a,0xe16606e7ab086a7de72e648d30c5d3905bcb5519a768160ad9a10288e23df7ff
17,0.658,0.0007039942,0x75c4ee57efc9aa3d939fd41f7c3ad59c649ec9f7,2017-11-02T12:45:06.000Z,0.0010699,0x460f2121b7fe447c847145095d6d1333e6449f43,buy,0x96a65609a7b84e8842732deb08f56c3e21ac6f8a,0x83b94bffadd074a6e23207301b766e66c6c5918267aba1d083dd7c03382305d1
18,0.12255348609055426,0.000131119974768284,0x75c4ee57efc9aa3d939fd41f7c3ad59c649ec9f7,2017-11-02T12:40:38.000Z,0.0010699,0x460f2121b7fe447c847145095d6d1333e6449f43,buy,0x96a65609a7b84e8842732deb08f56c3e21ac6f8a,0xfc105a0316561c9e852a149366492940fa17fe26d3aeb2cfe794069d381e4664
19,1229.2191279445303,1.3152644669006475,0x75c4ee57efc9aa3d939fd41f7c3ad59c649ec9f7,2017-11-02T12:24:39.000Z,0.00107,0x1eaa18a0e964d346f2b5182be3f97d7aab5145b9,buy,0x96a65609a7b84e8842732deb08f56c3e21ac6f8a,0xadea34eb5ab6a3786f0ba8fb79530d17a038fcea0846253c45165bc0fbacc1d9
20,74,0.08066,0x874ed4b1ea1f3e1878f9d9b99afe44de18e91d32,2017-11-02T11:33:10.000Z,0.00109,0x1eaa18a0e964d346f2b5182be3f97d7aab5145b9,buy,0x96a65609a7b84e8842732deb08f56c3e21ac6f8a,0xf6d8223b997ee958670b392762c74b7d522acbcbf7f3382f99d22c9757e1905e
21,99.69095803010667,0.11065696341341841,0xa90e8485a12ddbbc85daaa54760c7ff308985202,2017-11-02T11:19:40.000Z,0.00111,0xfd5332418a6d54c31d749657189cabcefa93c372,buy,0x96a65609a7b84e8842732deb08f56c3e21ac6f8a,0x20ac888ed03be1d7fcf15e7cd93e0769c6d65001f3d17f65b51050c318a8a97c
22,628.7545028676738,0.6979174981831179,0xc8aa2f1cfee78848fd31cea466fc83b5253665a2,2017-11-02T11:18:42.000Z,0.00111,0xfd5332418a6d54c31d749657189cabcefa93c372,buy,0x96a65609a7b84e8842732deb08f56c3e21ac6f8a,0x786ccae403168e5fc7fe843e39b87e190c14eae0ab1bd86c39ba0fcd667d5c8d
23,2058.6182833217026,1.855844382414515,0x3c3aef0043c8629556d0b20425aca08a1509d1dc,2017-11-02T11:17:45.000Z,0.0009015,0xdc7439a92014f453c471839ab5bdfcf84a3dcdd4,sell,0x96a65609a7b84e8842732deb08f56c3e21ac6f8a,0xcecd892915c1eb21bd2a81ba1ff2e8d62764c075f39180663f81d86fc3a2f0ca
24,147,0.15516732,0x5104efc872d45dba3a97bf02aebe240dfc283321,2017-11-02T10:49:09.000Z,0.00105556,0xfd5332418a6d54c31d749657189cabcefa93c372,sell,0x96a65609a7b84e8842732deb08f56c3e21ac6f8a,0x09d557a8302883d83ee442d6084de9c4f5d5075409268950b510bb53a9d7a243
25,528.37,0.52837,0xbbab400ed56179fc0a099f844fb9764d6593e630,2017-11-02T10:43:46.000Z,0.001,0x98b8f889dbe2b5c4c5879f65e13b24012f2afdce,buy,0x96a65609a7b84e8842732deb08f56c3e21ac6f8a,0x6aa08b7dc9576ee89218c423af492e8c6a98a03589dc742060c2b3e373169e43
26,3.871732687983002,0.003871732687983002,0xec670ebbd986f392d85b38f586c7dfa4df3a4b88,2017-11-02T10:42:16.000Z,0.001,0x98b8f889dbe2b5c4c5879f65e13b24012f2afdce,buy,0x96a65609a7b84e8842732deb08f56c3e21ac6f8a,0x2d4688e9ff2d93aa333f5d22a262e73dde7d76e0561b08e083cae6bb51e11d02
27,14.955,0.015785017455,0x87983902d569e393bc1eca07b076df9dbcfb5ec7,2017-11-02T10:41:22.000Z,0.001055501,0x273a5d3e6721b9f5c1a6474f560c1334c63dda01,sell,0x96a65609a7b84e8842732deb08f56c3e21ac6f8a,0x0408c2557878074a2b365692e5f3b53d242745d88a879b5ad065bcbb66f79760
28,15,0.015,0x273a5d3e6721b9f5c1a6474f560c1334c63dda01,2017-11-02T10:41:22.000Z,0.001,0x98b8f889dbe2b5c4c5879f65e13b24012f2afdce,buy,0x96a65609a7b84e8842732deb08f56c3e21ac6f8a,0x0408c2557878074a2b365692e5f3b53d242745d88a879b5ad065bcbb66f79760
29,24.91503,0.02640998163006,0xec670ebbd986f392d85b38f586c7dfa4df3a4b88,2017-11-02T10:40:54.000Z,0.001060002,0x273a5d3e6721b9f5c1a6474f560c1334c63dda01,sell,0x96a65609a7b84e8842732deb08f56c3e21ac6f8a,0xf9b5a91ab3a18b8974370f15ecd4ee0d78da0238aca8f343523e6ea1a245688b
30,24.99,0.02499,0x273a5d3e6721b9f5c1a6474f560c1334c63dda01,2017-11-02T10:40:54.000Z,0.001,0x98b8f889dbe2b5c4c5879f65e13b24012f2afdce,buy,0x96a65609a7b84e8842732deb08f56c3e21ac6f8a,0xf9b5a91ab3a18b8974370f15ecd4ee0d78da0238aca8f343523e6ea1a245688b
31,421.287,0.425542841274,0x1eaa18a0e964d346f2b5182be3f97d7aab5145b9,2017-11-02T10:35:10.000Z,0.001010102,0x23c09abbc301e4bd6396548f5f6005ab345afb7e,sell,0x96a65609a7b84e8842732deb08f56c3e21ac6f8a,0x3bf5633fa8b6c46b72c76e39f0ec6488b07523b14965a59448443f0479836b25
32,2323.422917940723,2.34689413625776,0x1eaa18a0e964d346f2b5182be3f97d7aab5145b9,2017-11-02T10:32:40.000Z,0.001010102,0x98b8f889dbe2b5c4c5879f65e13b24012f2afdce,sell,0x96a65609a7b84e8842732deb08f56c3e21ac6f8a,0x9089bc11e6bf4d9ec089c215cc08342ac4ec26a63c5075ed019d5dd877761c49
33,6255.289863390187,6.318480801590154,0x1eaa18a0e964d346f2b5182be3f97d7aab5145b9,2017-11-02T10:26:37.000Z,0.001010102,0x98b8f889dbe2b5c4c5879f65e13b24012f2afdce,sell,0x96a65609a7b84e8842732deb08f56c3e21ac6f8a,0xb6c80effe34302f2dca311977206172b02a982d541e71303d324383fe33e4b67
34,1000,1.010102,0x1eaa18a0e964d346f2b5182be3f97d7aab5145b9,2017-11-02T10:24:50.000Z,0.001010102,0x23c09abbc301e4bd6396548f5f6005ab345afb7e,sell,0x96a65609a7b84e8842732deb08f56c3e21ac6f8a,0x6ab501a05fdaf1bfaef66d11242362f5468b4c74ace149817ff38df87c9549e4
35,295.398,0.30130596,0xf9a51086b5ed37c64187d70baf5c45ffeadf573b,2017-11-02T10:23:46.000Z,0.00102,0x98b8f889dbe2b5c4c5879f65e13b24012f2afdce,sell,0x96a65609a7b84e8842732deb08f56c3e21ac6f8a,0x4b0656f1b318eea59a4e86386328641c63bbc4b156f11c2aa81422b3e0dbdd20
36,269.95168130660295,0.28344926537193305,0xda31bd4277df8ed5e28509a95971be4babc86f0f,2017-11-02T10:23:32.000Z,0.00105,0x98b8f889dbe2b5c4c5879f65e13b24012f2afdce,sell,0x96a65609a7b84e8842732deb08f56c3e21ac6f8a,0x7063e5130c68d09e2d10e5ed421fafde77f19b5472ecb20d6003e6938f5d8916
37,81.5,0.085575,0xda31bd4277df8ed5e28509a95971be4babc86f0f,2017-11-02T10:22:19.000Z,0.00105,0xfd5332418a6d54c31d749657189cabcefa93c372,sell,0x96a65609a7b84e8842732deb08f56c3e21ac6f8a,0xedebac6444defb838b507d5a3e0f14a96b46a5bbdcbffb516c3a2cd368cac6e2
38,220,0.23320022,0xbf96472c019c3d5b224e6e7cf48f407c55e217e9,2017-11-02T10:22:11.000Z,0.001060001,0xee004e564e2d0f6ead3613df41b7f69bb76a73e0,sell,0x96a65609a7b84e8842732deb08f56c3e21ac6f8a,0x6513f904647983106da5e8bccfa37143f9e63e2550c6efe70f795022a78198cc
39,969,1.000008,0x9c5a1948797bced6a1c41a4b98fae7dbee2bad0d,2017-11-02T10:21:23.000Z,0.001032,0x23c09abbc301e4bd6396548f5f6005ab345afb7e,sell,0x96a65609a7b84e8842732deb08f56c3e21ac6f8a,0x250faab8ae6af5d81abc62d6e4543bd76a6aebee6d130f539abaf3b20d12bbf3
40,3.565614881324165,0.004670955494534656,0xd51f52846ceabe46bf123b292f556c6c7b461302,2017-11-02T10:21:23.000Z,0.00131,0xfd5332418a6d54c31d749657189cabcefa93c372,sell,0x96a65609a7b84e8842732deb08f56c3e21ac6f8a,0x6e135e1364faed818c5a3b96acb639174aecba7f5aa7fb0ea83990936592bbca
41,969,1.000008,0x9c5a1948797bced6a1c41a4b98fae7dbee2bad0d,2017-11-02T10:21:23.000Z,0.001032,0x23c09abbc301e4bd6396548f5f6005ab345afb7e,sell,0x96a65609a7b84e8842732deb08f56c3e21ac6f8a,0xbe282e8fbd5d612647e7eced36f749de852f41a5e72d8827435d2f4e307653b2
42,1192.1039086560456,1.5378021211272124,0x1d5321e125f6c7079a716705541c7b371ca79e69,2017-11-02T10:19:56.000Z,0.00128999,0xee004e564e2d0f6ead3613df41b7f69bb76a73e0,buy,0x96a65609a7b84e8842732deb08f56c3e21ac6f8a,0x85378dc593eb0162177cdfce27dbfe5eb4d442fd59dd03aefe8c4d9ff3965d43
43,1188.5382937747215,1.5569851648448851,0xd51f52846ceabe46bf123b292f556c6c7b461302,2017-11-02T10:19:56.000Z,0.00131,0x1d5321e125f6c7079a716705541c7b371ca79e69,sell,0x96a65609a7b84e8842732deb08f56c3e21ac6f8a,0x85378dc593eb0162177cdfce27dbfe5eb4d442fd59dd03aefe8c4d9ff3965d43
44,311.9114788098751,0.4086040372409364,0xd51f52846ceabe46bf123b292f556c6c7b461302,2017-11-02T10:19:36.000Z,0.00131,0x23c09abbc301e4bd6396548f5f6005ab345afb7e,sell,0x96a65609a7b84e8842732deb08f56c3e21ac6f8a,0xe52f686b0ebf77be686fe51daace0cbc9703730e9c037451052b78b78425507c
45,895.9846125340791,1.1737398424196437,0xd51f52846ceabe46bf123b292f556c6c7b461302,2017-11-02T10:19:10.000Z,0.00131,0xd815bbdb973fcfae73f27ddc9a135e377028c1c5,sell,0x96a65609a7b84e8842732deb08f56c3e21ac6f8a,0xeebf5558b725e15193442c7fdbfc2ae025fc8cd826145ab1161e6f8597a02d1b
46,898.6725663716815,1.0155,0xd815bbdb973fcfae73f27ddc9a135e377028c1c5,2017-11-02T10:19:10.000Z,0.00113,0xfd5332418a6d54c31d749657189cabcefa93c372,buy,0x96a65609a7b84e8842732deb08f56c3e21ac6f8a,0xeebf5558b725e15193442c7fdbfc2ae025fc8cd826145ab1161e6f8597a02d1b
47,256.3397138549429,0.27043839811696474,0x8f3ab9008b1b3e1b4f3dc4c354e9192c1a3ad931,2017-11-02T10:17:58.000Z,0.001055,0x98b8f889dbe2b5c4c5879f65e13b24012f2afdce,sell,0x96a65609a7b84e8842732deb08f56c3e21ac6f8a,0xa29a55612869d7948a0219833cc12c354dc08a624fdde8439ac5d4aacfe64df8
48,1000,1.031,0xb82ddb2da7616d0755db7e1cb188be88316d756c,2017-11-02T10:17:53.000Z,0.001031,0x98b8f889dbe2b5c4c5879f65e13b24012f2afdce,sell,0x96a65609a7b84e8842732deb08f56c3e21ac6f8a,0xa754936702e7aa6e2f48e0ab551f3e5fbdf33cb3257f6cb54ba6695b98da8498
49,1000,1.0401,0xb1d70e579dda889cc0350a846741ba8a2ba1837a,2017-11-02T10:16:46.000Z,0.0010401,0x98b8f889dbe2b5c4c5879f65e13b24012f2afdce,sell,0x96a65609a7b84e8842732deb08f56c3e21ac6f8a,0xb4fa71d8377d376094efd7fe99b8e277e180974467e379ff460f65b88fd5f82d
50,1999.6142599580028,2.0995949729559027,0x34f9bcacf075a309d31c82637206757b3ffc0739,2017-11-02T10:16:06.000Z,0.00105,0x98b8f889dbe2b5c4c5879f65e13b24012f2afdce,sell,0x96a65609a7b84e8842732deb08f56c3e21ac6f8a,0xc43007b40399a9b78b3fa108ef7f5a74c1f8f46e53c8622bd8e17252d934c3dc
51,0.013630164941454756,0.000014311673188527,0x34f9bcacf075a309d31c82637206757b3ffc0739,2017-11-02T10:14:32.000Z,0.0010499999999999637,0x739c5f6d73d483705a08f9a52c7cd61c7933573e,sell,0x96a65609a7b84e8842732deb08f56c3e21ac6f8a,0xe4defd8721dc2c965a3bded3586bd2ecf0a785ef4b70c37074fff7d0a5d9b508
52,0.42108522497613593,0.000444455497070833,0x8f3ab9008b1b3e1b4f3dc4c354e9192c1a3ad931,2017-11-02T10:13:52.000Z,0.0010555000999999977,0x6c775fcae5706874f10d2a0e4438a72fa5950e8e,sell,0x96a65609a7b84e8842732deb08f56c3e21ac6f8a,0xb1649f52aeeb6b5989161951212dbbe83aa75f19b48ceb3afee51b73329e42c2
53,136.72418452773266,0.14424401467675793,0x8f3ab9008b1b3e1b4f3dc4c354e9192c1a3ad931,2017-11-02T10:13:52.000Z,0.001055,0x739c5f6d73d483705a08f9a52c7cd61c7933573e,sell,0x96a65609a7b84e8842732deb08f56c3e21ac6f8a,0x7a13230ab087dc3e1d5153d0604d378e56b60c91127609a42ac89c6a5f6fe12f
54,776.094,0.82265964,0x8f3ab9008b1b3e1b4f3dc4c354e9192c1a3ad931,2017-11-02T10:13:16.000Z,0.00106,0xfd5332418a6d54c31d749657189cabcefa93c372,sell,0x96a65609a7b84e8842732deb08f56c3e21ac6f8a,0xf684ae4bd6e8dc6367e49ee3d6c8580896a4e8f10e473c6b6be12f103c0aad9a
55,5000,5.277775,0x1a98b91d4bf41cb018af83349fb9b0409c4cad72,2017-11-02T10:13:05.000Z,0.001055555,0x739c5f6d73d483705a08f9a52c7cd61c7933573e,sell,0x96a65609a7b84e8842732deb08f56c3e21ac6f8a,0x260edbc2f7bcf8a5a87c26e3bd1d9f16d69b3cb25ec038f5667ea006ff69817f
56,4223.90589173562,4.477340245239756,0x8f3ab9008b1b3e1b4f3dc4c354e9192c1a3ad931,2017-11-02T10:12:35.000Z,0.00106,0x6c775fcae5706874f10d2a0e4438a72fa5950e8e,sell,0x96a65609a7b84e8842732deb08f56c3e21ac6f8a,0x844c00ff126637cae2a0d17e040aa4fe20e178cd426a18e84e559f5f4f660983
57,1000,1.0600005,0xb1d70e579dda889cc0350a846741ba8a2ba1837a,2017-11-02T10:08:57.000Z,0.0010600005,0xfd5332418a6d54c31d749657189cabcefa93c372,sell,0x96a65609a7b84e8842732deb08f56c3e21ac6f8a,0x26a54d235eeba9379eff10bc9845ec7cd583dcd552cf8f977591a8ed5c278674
58,0.01,0.00001060002,0xec670ebbd986f392d85b38f586c7dfa4df3a4b88,2017-11-02T09:42:13.000Z,0.001060002,0x83ad34a3939f8aa2d5110b8d2781e5394e71d044,sell,0x96a65609a7b84e8842732deb08f56c3e21ac6f8a,0xb947ba8b953038f4351823ae32b9ab578be04310efd31facd8e92f5d56826ee0
59,0.4424778761061947,0.0005,0x3075f7f189912f4f425dd7021b9c396434197477,2017-11-02T09:16:55.000Z,0.00113,0xfd5332418a6d54c31d749657189cabcefa93c372,buy,0x96a65609a7b84e8842732deb08f56c3e21ac6f8a,0x6b292ed3aa3c09abc52b75651b6f88ae17db809c5a6eca028558fae9c294e872
60,0.4424778761061947,0.0005,0x42c24a83bded723edfdf5883bc7efb30bc1a1bf3,2017-11-02T09:08:14.000Z,0.00113,0xfd5332418a6d54c31d749657189cabcefa93c372,buy,0x96a65609a7b84e8842732deb08f56c3e21ac6f8a,0x7872ac649ee4bb9f303a2947f7fd17ff4a04e3e46173b5ca11967d8af194b67d
61,0.4424778761061947,0.0005,0x4fda9e6bcd83af6c5cc771b5d20accc2b7720074,2017-11-02T09:06:17.000Z,0.00113,0xfd5332418a6d54c31d749657189cabcefa93c372,buy,0x96a65609a7b84e8842732deb08f56c3e21ac6f8a,0x8d34f1032674721a6f2c1e3f003279f3e560304a069af6f19ab60d05ef32b5f4
62,100,0.113,0xbbab400ed56179fc0a099f844fb9764d6593e630,2017-11-02T08:56:18.000Z,0.00113,0xfd5332418a6d54c31d749657189cabcefa93c372,buy,0x96a65609a7b84e8842732deb08f56c3e21ac6f8a,0x6138c53c8f5075ade2865abe571f19dad0a01cb9076d1f33cf971f4760f7e96b
63,7.732030704815073,0.00816115918213538,0x8f3ab9008b1b3e1b4f3dc4c354e9192c1a3ad931,2017-11-02T06:49:20.000Z,0.0010555001,0x95ed59abc9ad37d34980b95b64f75b6a11a2f507,sell,0x96a65609a7b84e8842732deb08f56c3e21ac6f8a,0x99f60f3b69925c05c9452cac8cbbbb1124b399e3e5b6471669ce392cffb61854
64,300,0.318,0x779f7997ab5e572bf0c550b0c8530a26af7fe481,2017-11-02T06:18:17.000Z,0.00106,0x23c09abbc301e4bd6396548f5f6005ab345afb7e,sell,0x96a65609a7b84e8842732deb08f56c3e21ac6f8a,0xbeea067bedec130fbaf6157af5b7865637e0143c1a424498ff2defbdf92da9bb
65,300,0.39,0x84c2f4eeedd911667eb1833ecd0bfa74c0c46b9a,2017-11-02T05:47:18.000Z,0.0013,0x8f3ab9008b1b3e1b4f3dc4c354e9192c1a3ad931,buy,0x96a65609a7b84e8842732deb08f56c3e21ac6f8a,0xba569b6a31a84160351a0343f0b458b587dc56de3c1ed521accbda02da7d30a3
66,135.47041234039241,0.1747568319191062,0x724ff85cb0a7130e2d3d451a48ceb6dae442553c,2017-11-02T04:41:46.000Z,0.00129,0x8f3ab9008b1b3e1b4f3dc4c354e9192c1a3ad931,buy,0x96a65609a7b84e8842732deb08f56c3e21ac6f8a,0xd62b780473eb6084b266ddb8f4db96f2303ba9b18418334fa8735ff9fd098a9a
67,2833.443,3.1482385173,0xbc0945c667fadc26b9bf39e586b15eeb901e7d1c,2017-11-02T04:32:47.000Z,0.0011111,0x8f3ab9008b1b3e1b4f3dc4c354e9192c1a3ad931,sell,0x96a65609a7b84e8842732deb08f56c3e21ac6f8a,0x12a7ba0602b755f1344c9f6d4caf51352b204b2476103d8b2ae8ea8f218d3a0d
68,31.7428964047926,0.038091475685751115,0x724ff85cb0a7130e2d3d451a48ceb6dae442553c,2017-11-02T04:28:14.000Z,0.0012,0xf44072eda87ede9613b6ae1b812de8a60ade27a2,sell,0x96a65609a7b84e8842732deb08f56c3e21ac6f8a,0x8b0d93c7640b3d6f74efbcfdb385c508632ec53aa57b8f98d2e3f88127d41bab
69,31.838411639711737,0.03502225280368291,0xf44072eda87ede9613b6ae1b812de8a60ade27a2,2017-11-02T04:28:14.000Z,0.0011,0x52f7b452c792fbcf66f84eeb87157fd867c19385,buy,0x96a65609a7b84e8842732deb08f56c3e21ac6f8a,0x8b0d93c7640b3d6f74efbcfdb385c508632ec53aa57b8f98d2e3f88127d41bab
70,1419.4395516825803,1.4975087270251222,0x8f3ab9008b1b3e1b4f3dc4c354e9192c1a3ad931,2017-11-02T04:24:45.000Z,0.001055,0x23ce9f95dcda612bfbb243d576f1a1d4e1a7b658,sell,0x96a65609a7b84e8842732deb08f56c3e21ac6f8a,0xb89bbc08d15a720191221fa0dda5eab618d4aa10baa41eb15093e9a098aa1c4a
71,28.098478161712116,0.030908325977883327,0xb8854852477b0ca447e77854ab0e8386c02840c5,2017-11-02T04:22:52.000Z,0.0011,0x52f7b452c792fbcf66f84eeb87157fd867c19385,buy,0x96a65609a7b84e8842732deb08f56c3e21ac6f8a,0xfa5df4f329fddf878966ebacd4d361d836e7a1765503938c82ee7228b844e661
72,9.063110198576146,0.00996942121843376,0x002acdb81b158b1f1888f05f7a0d38f94a07bfd4,2017-11-02T04:15:47.000Z,0.0011,0x52f7b452c792fbcf66f84eeb87157fd867c19385,buy,0x96a65609a7b84e8842732deb08f56c3e21ac6f8a,0x9475ed2dcf7513eb477b10b9e1e58c22fe3811ec885ecd27f6d75566745f8ef9
73,27.6,0.028704,0x8f3ab9008b1b3e1b4f3dc4c354e9192c1a3ad931,2017-11-02T02:48:49.000Z,0.00104,0x52f7b452c792fbcf66f84eeb87157fd867c19385,sell,0x96a65609a7b84e8842732deb08f56c3e21ac6f8a,0x2343aac0fcb420caec85e38fe8206a7a8fc9cbdabb53a17c137bd80b5a190e06
74,56,0.05936,0xff8faa79a1af975c97d78289a2c6d6e4ab133456,2017-11-02T02:04:28.000Z,0.00106,0x8f3ab9008b1b3e1b4f3dc4c354e9192c1a3ad931,sell,0x96a65609a7b84e8842732deb08f56c3e21ac6f8a,0x6965562f333e3337c6f2e9e065cc9eb2809876c4c4ce06bc603692bdcbec12f6
75,3000,3.09,0x8f3ab9008b1b3e1b4f3dc4c354e9192c1a3ad931,2017-11-02T01:59:46.000Z,0.00103,0x98b8f889dbe2b5c4c5879f65e13b24012f2afdce,sell,0x96a65609a7b84e8842732deb08f56c3e21ac6f8a,0x27025bdd8c520f9d3d6422d84ad09908ffc8ba5ed2b9a84e80baf8447a702535
76,4,0.0048,0x53aab1f2e9ad5163963e3bbba1fa6f9ad5e75603,2017-11-02T01:56:17.000Z,0.0012,0x8f3ab9008b1b3e1b4f3dc4c354e9192c1a3ad931,sell,0x96a65609a7b84e8842732deb08f56c3e21ac6f8a,0x599a17ee8b47d1c1ea75ff2435dd80c07fcd407c927a991cb7d8419949b46365
77,25,0.02775,0x3dee4a4e076e8d82859d241db0baf46f112cfa23,2017-11-02T01:55:05.000Z,0.00111,0x8f3ab9008b1b3e1b4f3dc4c354e9192c1a3ad931,sell,0x96a65609a7b84e8842732deb08f56c3e21ac6f8a,0xf4451b3772e62a0f380f497cf03d86a775ec405f0988ae286ccef2d0f157d3e4
78,15,0.016650015,0xbf96472c019c3d5b224e6e7cf48f407c55e217e9,2017-11-02T01:55:05.000Z,0.001110001,0x8f3ab9008b1b3e1b4f3dc4c354e9192c1a3ad931,sell,0x96a65609a7b84e8842732deb08f56c3e21ac6f8a,0x8d9d7216c6e698287f22c31f5f21b248918a774716766ed090fb3ca7a600c842
79,100,0.1110001,0xbf96472c019c3d5b224e6e7cf48f407c55e217e9,2017-11-02T01:53:56.000Z,0.001110001,0x8f3ab9008b1b3e1b4f3dc4c354e9192c1a3ad931,sell,0x96a65609a7b84e8842732deb08f56c3e21ac6f8a,0xb0de8fee1215d506fadda7dd6cc5df06ffc0c06996e9d11f7cd9801b10504acd
80,1275,1.41525,0x3dee4a4e076e8d82859d241db0baf46f112cfa23,2017-11-02T01:48:05.000Z,0.00111,0x8f3ab9008b1b3e1b4f3dc4c354e9192c1a3ad931,sell,0x96a65609a7b84e8842732deb08f56c3e21ac6f8a,0x40ab1d0ba665bbfa2e6d18938c448d32226ab2e4e5e98e412b5c0ac6aca254cf
81,1000,1.11111,0xb82ddb2da7616d0755db7e1cb188be88316d756c,2017-11-02T01:44:39.000Z,0.00111111,0x98b8f889dbe2b5c4c5879f65e13b24012f2afdce,sell,0x96a65609a7b84e8842732deb08f56c3e21ac6f8a,0xc41658d71d474bcf3b1541192269c95f9083adb9975a805d1165a4dddcdf44cc
82,2116.793829365228,2.984467620022035,0xee004e564e2d0f6ead3613df41b7f69bb76a73e0,2017-11-02T01:32:52.000Z,0.0014099,0x8f3ab9008b1b3e1b4f3dc4c354e9192c1a3ad931,buy,0x96a65609a7b84e8842732deb08f56c3e21ac6f8a,0x0e8874c498da5883ea9d257e17c03c05487ccfefbe9b1683406bd0607528b4de
83,1000,1.12,0x7ff6dade60b697ef9fb6249196f75812b7d26ba2,2017-11-02T01:20:14.000Z,0.00112,0x23c09abbc301e4bd6396548f5f6005ab345afb7e,sell,0x96a65609a7b84e8842732deb08f56c3e21ac6f8a,0x4cb59cab5eefee01e4b71157fd89da11a7343dce9b2fbe779a573aa785235b2f
84,177.82792506821738,0.21339351008186086,0xf9a51086b5ed37c64187d70baf5c45ffeadf573b,2017-11-02T01:19:50.000Z,0.0012,0x8f3ab9008b1b3e1b4f3dc4c354e9192c1a3ad931,sell,0x96a65609a7b84e8842732deb08f56c3e21ac6f8a,0xcd46909bdb8f2ac5996c611878a623c77e7f9e60274c5455b0b0fb1932ff5ec0
85,1389.18,1.6809078,0x7ff6dade60b697ef9fb6249196f75812b7d26ba2,2017-11-02T01:19:41.000Z,0.00121,0x8f3ab9008b1b3e1b4f3dc4c354e9192c1a3ad931,sell,0x96a65609a7b84e8842732deb08f56c3e21ac6f8a,0x9d78805a4c1a8dc99dbddb1ca8ca3ddc8d36f43a5b4145a56a59f1fde68bc62d
86,610.8195341902714,0.7390916363702283,0x7ff6dade60b697ef9fb6249196f75812b7d26ba2,2017-11-02T01:13:12.000Z,0.00121,0xe519e4b2d12035ff0939e5445b72d0ddc1548aa5,sell,0x96a65609a7b84e8842732deb08f56c3e21ac6f8a,0xbf2cf24957cd229db4442d76feae95726c43ec4a183f5547e73ab592177e4c9d
87,822.1720749317826,0.9866064899181392,0xf9a51086b5ed37c64187d70baf5c45ffeadf573b,2017-11-02T01:12:18.000Z,0.0012,0x9778550d76b07ac9f5e57392f68ecdf6efc1774e,sell,0x96a65609a7b84e8842732deb08f56c3e21ac6f8a,0xf0683fd9dd3feb9e416731a3e68c7bd8169d230ab84fa656c7e27b5845bea7b1
88,72.88193214318305,0.08899692904129439,0x5b9d0a7a8e0b010e2714f41ab19592b2bdea7920,2017-11-02T01:09:12.000Z,0.001221111,0xe519e4b2d12035ff0939e5445b72d0ddc1548aa5,sell,0x96a65609a7b84e8842732deb08f56c3e21ac6f8a,0x45998e4eb853080ed710fc126ae1e65e81975bfc178ba91d92365089c8c04298
89,769.3046150429399,0.9616307688036749,0x2bae09a4bc755066299148c36b9b05a8eb59f11b,2017-11-02T01:08:04.000Z,0.00125,0x98b8f889dbe2b5c4c5879f65e13b24012f2afdce,sell,0x96a65609a7b84e8842732deb08f56c3e21ac6f8a,0xa3027c811cc6331df7a66ea8197d1c9b01eb02fabc9e869612bcacd4d8168bf6
90,825,0.999075,0x00e81a90c33adf9b29ab128bd49c7badb0e6bc41,2017-11-02T01:07:37.000Z,0.001211,0xe519e4b2d12035ff0939e5445b72d0ddc1548aa5,sell,0x96a65609a7b84e8842732deb08f56c3e21ac6f8a,0xcbae296a9ed59785f8e3685fb82da756c7ad5aa0197df2f10c0f55b4c8d879cc
91,165.20685873791248,0.20708679742797328,0xbf96472c019c3d5b224e6e7cf48f407c55e217e9,2017-11-02T01:07:37.000Z,0.0012535,0xe519e4b2d12035ff0939e5445b72d0ddc1548aa5,sell,0x96a65609a7b84e8842732deb08f56c3e21ac6f8a,0xad7c18d47fac0c916e43ae91386869a5e4106ff1653df833a790ded2a595cd20
92,350.956,0.43957239,0x27ae807f933e8a1544efa3132e9a082d60961d78,2017-11-02T01:07:37.000Z,0.0012525,0xe519e4b2d12035ff0939e5445b72d0ddc1548aa5,sell,0x96a65609a7b84e8842732deb08f56c3e21ac6f8a,0x08c14a457060bb90bbd540337cc25b505c225e27837d7090e85c4a0e7950d3fb
93,4.793141262087529,0.006008202572026717,0xbf96472c019c3d5b224e6e7cf48f407c55e217e9,2017-11-02T01:05:17.000Z,0.0012535,0xa54ffa43d11698bc300d924781518b71dd10f0a8,sell,0x96a65609a7b84e8842732deb08f56c3e21ac6f8a,0xca689f90ba9e385cca99edbf32062cef968703ea28cd5f87c465fe5d225feeb9
94,360,0.45036,0x2afea7231c3052ae0ea3b5ae4525474a19ffa557,2017-11-02T00:52:01.000Z,0.001251,0x23c09abbc301e4bd6396548f5f6005ab345afb7e,sell,0x96a65609a7b84e8842732deb08f56c3e21ac6f8a,0x34d5724b8195ff03fa279606f9440630362e6052146eae194ab34c32de6f8287
95,600,0.753,0xcf27c98c63df871978cdf299b8bf8049280438ff,2017-11-02T00:51:47.000Z,0.001255,0x23c09abbc301e4bd6396548f5f6005ab345afb7e,sell,0x96a65609a7b84e8842732deb08f56c3e21ac6f8a,0x2f5173dab34c23ab2686c6ded2b97ad8c4502ef364b582863dc958f77e514d8e
96,800,1.0044,0xb1d70e579dda889cc0350a846741ba8a2ba1837a,2017-11-02T00:51:31.000Z,0.0012555,0x23c09abbc301e4bd6396548f5f6005ab345afb7e,sell,0x96a65609a7b84e8842732deb08f56c3e21ac6f8a,0x4465589aa5f074e1ecdcec6c1aabf57e242a0433eb4b4d63ba600f93334923f3
97,8.903,0.012357364,0x383932e5467528999954bf192452e390e1c84795,2017-11-02T00:51:09.000Z,0.001388,0xefd0199657b444856e3259ed8e3c39ee43cf51dc,sell,0x96a65609a7b84e8842732deb08f56c3e21ac6f8a,0x03e27717704e3dc406d6ea58f5604c1d5d39e790e0050dad73b69ddbaeb8600a
98,100,0.139999,0x5f2ce35dca6626c5c934fed00b0c1986156ee9ff,2017-11-02T00:51:09.000Z,0.00139999,0xb1d70e579dda889cc0350a846741ba8a2ba1837a,buy,0x96a65609a7b84e8842732deb08f56c3e21ac6f8a,0x2b74892408123c32783a0cd4e182e3c5f523478424472eb327641cf93ad8ca43
99,1117.1259882311529,1.396407485288941,0x2bae09a4bc755066299148c36b9b05a8eb59f11b,2017-11-01T23:54:12.000Z,0.00125,0xee004e564e2d0f6ead3613df41b7f69bb76a73e0,sell,0x96a65609a7b84e8842732deb08f56c3e21ac6f8a,0x14a4272a096700027350525d2d717f49cf8533e54695bb02949a3a679b69176e
100,200,0.25072,0xecddcceb42deca308ea0f811bfb833c3d83e9269,2017-11-01T23:53:28.000Z,0.0012536,0xee004e564e2d0f6ead3613df41b7f69bb76a73e0,sell,0x96a65609a7b84e8842732deb08f56c3e21ac6f8a,0xaa51f5a501d300e2365d1068b1982a37cce2462fae4f3eab9027debe0a190ed1
101,1500,1.86,0xb82ddb2da7616d0755db7e1cb188be88316d756c,2017-11-01T23:47:54.000Z,0.00124,0xee004e564e2d0f6ead3613df41b7f69bb76a73e0,sell,0x96a65609a7b84e8842732deb08f56c3e21ac6f8a,0x376ef8bcfd3bdb8ffe24d31232b8b1be628c72bd91aef7a4fc0f1ecf383c182f
102,170,0.2125,0x249c0c8291399b259711a497ab480b8b6105ea15,2017-11-01T23:46:38.000Z,0.00125,0xee004e564e2d0f6ead3613df41b7f69bb76a73e0,sell,0x96a65609a7b84e8842732deb08f56c3e21ac6f8a,0xc54a65f6a69af45dd2eddca3c20663537740089edc62ae3b932d67ba879868a6
103,1000,1.26,0x4a694caf2a8d0a6583551b15ef15b15474c1b3b5,2017-11-01T23:44:18.000Z,0.00126,0xee004e564e2d0f6ead3613df41b7f69bb76a73e0,sell,0x96a65609a7b84e8842732deb08f56c3e21ac6f8a,0xeb6ec58b1a3410754f4b08eadd294e2359584c0085244346608f8eb07aa230eb
104,80,0.112792,0x75505b5ae2099f716bad49c7a63f7fa44120c597,2017-11-01T23:30:40.000Z,0.0014099,0x8f3ab9008b1b3e1b4f3dc4c354e9192c1a3ad931,buy,0x96a65609a7b84e8842732deb08f56c3e21ac6f8a,0x6f6e44750372619f04a4cbcd7dc9052db712e94e65309aa8b98c3bbfaf776f5c
105,613.5693967259073,0.766961745907384,0x2bae09a4bc755066299148c36b9b05a8eb59f11b,2017-11-01T23:10:29.000Z,0.00125,0x98b8f889dbe2b5c4c5879f65e13b24012f2afdce,sell,0x96a65609a7b84e8842732deb08f56c3e21ac6f8a,0xce98c0ff2961c3d53ee3bcd115de309d040184cb815aa6c7fa9cd4c009cfa429
106,1600,2.00336,0xb1d70e579dda889cc0350a846741ba8a2ba1837a,2017-11-01T23:04:45.000Z,0.0012521,0x98b8f889dbe2b5c4c5879f65e13b24012f2afdce,sell,0x96a65609a7b84e8842732deb08f56c3e21ac6f8a,0x2682860150c0dd8130eba022c36e36b033b2016de13ed73407627082373da621
107,200,0.25072,0xecddcceb42deca308ea0f811bfb833c3d83e9269,2017-11-01T23:03:16.000Z,0.0012536,0x05f376c5b261a1e245c46803a723462853c5f947,sell,0x96a65609a7b84e8842732deb08f56c3e21ac6f8a,0x6b56649db7025013c3bc2886a12ebed15c06a76f048e9295f3230ee895ee4151
108,584.0439418575394,0.7315150371765681,0x27ae807f933e8a1544efa3132e9a082d60961d78,2017-11-01T23:00:12.000Z,0.0012525,0x23c09abbc301e4bd6396548f5f6005ab345afb7e,sell,0x96a65609a7b84e8842732deb08f56c3e21ac6f8a,0x09f1cb28f8d8c5d188c2357ee9ffc6c335cac4e68a7c2621935b72370e3ddab9
109,763,0.99953,0xbd4694a35339ca8e5688c3c86db9a5611d86075e,2017-11-01T22:58:32.000Z,0.00131,0x23c09abbc301e4bd6396548f5f6005ab345afb7e,sell,0x96a65609a7b84e8842732deb08f56c3e21ac6f8a,0x1e51b6ae60c7b3f16a7802c861da8c306fec14bf1c8bbef6031819edbbabb37f
110,796.6459282118204,1.0595390845217212,0x8ce1dcd63ba0905d2f2e0320c5ac445f12a19667,2017-11-01T22:58:08.000Z,0.00133,0x23c09abbc301e4bd6396548f5f6005ab345afb7e,sell,0x96a65609a7b84e8842732deb08f56c3e21ac6f8a,0x8722f4fd41a2676fc8243f646efc7fa7a3232bbd8366881360d2332f89cb23cf
111,1.0966005383311734,0.001522081547203668,0x383932e5467528999954bf192452e390e1c84795,2017-11-01T22:56:05.000Z,0.0013879999999999995,0xf155eac36ea8e082bdcd673c58608d6f02e4225c,sell,0x96a65609a7b84e8842732deb08f56c3e21ac6f8a,0x2b7ee055b46f7fe8b23022a7160c2424847aca5e2bf8f80f1622ae067ac47574
112,50,0.06999,0xe006f965292e66d81645c56d6662098ccec6f73d,2017-11-01T22:47:33.000Z,0.0013998,0x75505b5ae2099f716bad49c7a63f7fa44120c597,buy,0x96a65609a7b84e8842732deb08f56c3e21ac6f8a,0xbe6343b7eecb69cdff462fe0f2ae22bd427821ada1b2e24f3871f98692f726dc
113,59.618398658978656,0.0840619421091599,0x1d5321e125f6c7079a716705541c7b371ca79e69,2017-11-01T22:12:59.000Z,0.00141,0x1eaa18a0e964d346f2b5182be3f97d7aab5145b9,buy,0x96a65609a7b84e8842732deb08f56c3e21ac6f8a,0xb3454cf91c5c8b2315706128bc7ffbedaf3546f565b707012a96f65249da4566
114,59.44007842370753,0.09272681954137588,0x99bc37ffa8c3b9e6f4792abf009cc294b34947bc,2017-11-01T22:12:59.000Z,0.001560005,0x1d5321e125f6c7079a716705541c7b371ca79e69,sell,0x96a65609a7b84e8842732deb08f56c3e21ac6f8a,0xb3454cf91c5c8b2315706128bc7ffbedaf3546f565b707012a96f65249da4566
115,940.3816013410213,1.467,0x99bc37ffa8c3b9e6f4792abf009cc294b34947bc,2017-11-01T22:10:42.000Z,0.001560005,0x422d7c1f2f04e7582163d1381a436516f4de3c2a,sell,0x96a65609a7b84e8842732deb08f56c3e21ac6f8a,0x79958dbe051dcad4972421bff46ce2a4f8363da210cecd2710fa12da50902db4
116,944.1431277463852,1.331241810122403,0x422d7c1f2f04e7582163d1381a436516f4de3c2a,2017-11-01T22:10:42.000Z,0.00141,0x1eaa18a0e964d346f2b5182be3f97d7aab5145b9,buy,0x96a65609a7b84e8842732deb08f56c3e21ac6f8a,0x79958dbe051dcad4972421bff46ce2a4f8363da210cecd2710fa12da50902db4
117,113.35407178817962,0.15076091547827888,0x8ce1dcd63ba0905d2f2e0320c5ac445f12a19667,2017-11-01T21:01:41.000Z,0.00133,0xc3e7f39030093ebebc1f8fd66f63a468ea91d3d9,sell,0x96a65609a7b84e8842732deb08f56c3e21ac6f8a,0x9f608993e83809d47d3d584a6ee6bed7adfb07a7d53f9208868c2a474a7197c9
118,113.7049859845664,0.20353192491237387,0xc3e7f39030093ebebc1f8fd66f63a468ea91d3d9,2017-11-01T20:50:20.000Z,0.00179,0x422d7c1f2f04e7582163d1381a436516f4de3c2a,sell,0x96a65609a7b84e8842732deb08f56c3e21ac6f8a,0xd1faed51ced4de39179478922f4266a40ec8f2a859843ee47db8459592ba8af7
119,114.15980592850464,0.16096532635919156,0x422d7c1f2f04e7582163d1381a436516f4de3c2a,2017-11-01T20:50:20.000Z,0.00141,0x1eaa18a0e964d346f2b5182be3f97d7aab5145b9,buy,0x96a65609a7b84e8842732deb08f56c3e21ac6f8a,0xd1faed51ced4de39179478922f4266a40ec8f2a859843ee47db8459592ba8af7
120,30,0.041697,0x8ce1dcd63ba0905d2f2e0320c5ac445f12a19667,2017-11-01T19:46:14.000Z,0.0013899,0x75505b5ae2099f716bad49c7a63f7fa44120c597,buy,0x96a65609a7b84e8842732deb08f56c3e21ac6f8a,0xd0bfda467400517ee6d0e271b606147a81228a7eae0d9a512a4d2d69dde36d10
121,160,0.2192,0x8ce1dcd63ba0905d2f2e0320c5ac445f12a19667,2017-11-01T19:46:14.000Z,0.00137,0xae11081597121016b114450ec197f1927e36dfa9,buy,0x96a65609a7b84e8842732deb08f56c3e21ac6f8a,0x15a2b3ff074ffb197c0ff8d71b7d2f12537b96da94b1b0623a2eb70f5bc22e68
122,1000,1.38,0x8ce1dcd63ba0905d2f2e0320c5ac445f12a19667,2017-11-01T19:46:14.000Z,0.00138,0x1eaa18a0e964d346f2b5182be3f97d7aab5145b9,buy,0x96a65609a7b84e8842732deb08f56c3e21ac6f8a,0xd3a32f1f9654a3d47675324af9936807fd199017cd7c76af4c54fa2aee6e3c66
123,4387.399062904995,5.493023626757053,0x1b7688a79d07be5b3d03cfc59983c0d3ddf54de3,2017-11-01T16:43:58.000Z,0.001252,0x48d02c504fad46c8d594b931ff0958c06c042b81,sell,0x96a65609a7b84e8842732deb08f56c3e21ac6f8a,0xa6d6f9ed4ce61a240f0139d60520d5f20333702fdc79137498a705f1867ce227
124,5168.686,6.77097866,0x3df86cefaecfaa31be2f74f8f832cb4ef62b79f8,2017-11-01T15:43:10.000Z,0.00131,0x9e0f23d7f75f7e55934156dfa1c5437440a1d363,buy,0x96a65609a7b84e8842732deb08f56c3e21ac6f8a,0x978a4a44d00ceb51063d252f10fb4a25682ad2ce509b12866aefee7f19538b6a
125,1211.6439038979165,1.5169781676801914,0x1b7688a79d07be5b3d03cfc59983c0d3ddf54de3,2017-11-01T15:42:02.000Z,0.001252,0xc4022ab71c658c0852e8a7314c1cb2a0bfde8399,sell,0x96a65609a7b84e8842732deb08f56c3e21ac6f8a,0xa5948b04b5a173bfed34b4c29c8cfc83e197c00ef4ce968a16cc8d0de30a725d
126,200,0.258,0x7da19c1596200ab4996b2ae96373d30f74776248,2017-11-01T15:40:33.000Z,0.00129,0xc4022ab71c658c0852e8a7314c1cb2a0bfde8399,sell,0x96a65609a7b84e8842732deb08f56c3e21ac6f8a,0xff1c60b87389cd866174a7912d9e18917d6232612aa6e12eb61476d3ff32b482
127,1000,1.29,0x33a8aeda064bc81ae0aa4018ca9b482b099c6907,2017-11-01T15:38:39.000Z,0.00129,0xc4022ab71c658c0852e8a7314c1cb2a0bfde8399,sell,0x96a65609a7b84e8842732deb08f56c3e21ac6f8a,0x5dbf892867c4d0897f159c68fedac082dc3301ed22ffe5c7bc37d8a5ac28f55f
128,567.8938209237236,0.7950456703550038,0x2d63f392b67cf6a08f2e71ddbc49b0c9734c509d,2017-11-01T15:38:10.000Z,0.00139999,0xcf085317456133e93d72ab5fc56025d8d3802c38,buy,0x96a65609a7b84e8842732deb08f56c3e21ac6f8a,0xa7f5ddbfc264ad1decf394378320969231d24301bc6f5744c72cd010de610356
129,709,0.99969,0x2d63f392b67cf6a08f2e71ddbc49b0c9734c509d,2017-11-01T15:10:25.000Z,0.00141,0xc4022ab71c658c0852e8a7314c1cb2a0bfde8399,buy,0x96a65609a7b84e8842732deb08f56c3e21ac6f8a,0x6b113945a572bf7f895425b8366678a0f11525b8b66bfd6d8fe586c11339a9ae
130,184.84973856468199,0.26433512614749527,0xc9d56287b414e1aa0963016aa721b527f095fd9c,2017-11-01T14:45:22.000Z,0.00143,0x1eaa18a0e964d346f2b5182be3f97d7aab5145b9,buy,0x96a65609a7b84e8842732deb08f56c3e21ac6f8a,0xef8ae51eade91ad943dc06366d4eff07a818e399b6138a228aa0170d5a7e3b2c
131,184.29684802062013,0.35200697971938444,0x33a8aeda064bc81ae0aa4018ca9b482b099c6907,2017-11-01T14:45:22.000Z,0.00191,0xc9d56287b414e1aa0963016aa721b527f095fd9c,sell,0x96a65609a7b84e8842732deb08f56c3e21ac6f8a,0xef8ae51eade91ad943dc06366d4eff07a818e399b6138a228aa0170d5a7e3b2c
132,35.70315197937987,0.06819302028061555,0x33a8aeda064bc81ae0aa4018ca9b482b099c6907,2017-11-01T14:44:57.000Z,0.00191,0xf44072eda87ede9613b6ae1b812de8a60ade27a2,sell,0x96a65609a7b84e8842732deb08f56c3e21ac6f8a,0xd31af010d562cc4b45351684d576d1c4d91b77270bb2919cb28657040690fe4d
133,498.5,0.89734985,0x33a8aeda064bc81ae0aa4018ca9b482b099c6907,2017-11-01T14:44:57.000Z,0.0018001,0xf44072eda87ede9613b6ae1b812de8a60ade27a2,sell,0x96a65609a7b84e8842732deb08f56c3e21ac6f8a,0xd05e7436404c220269d414f3ac2617e529b13afc516223a7abaa10b4e2d15f74
134,1196.4107676969093,2.2612163509471586,0x33a8aeda064bc81ae0aa4018ca9b482b099c6907,2017-11-01T14:44:57.000Z,0.00189,0x1d5321e125f6c7079a716705541c7b371ca79e69,sell,0x96a65609a7b84e8842732deb08f56c3e21ac6f8a,0x7e136d652bfa9b8c35e128dacdb8bf5959a46eb9e1fb8130f00ac215800e3ad6
135,1200,1.716,0x1d5321e125f6c7079a716705541c7b371ca79e69,2017-11-01T14:44:57.000Z,0.00143,0x1eaa18a0e964d346f2b5182be3f97d7aab5145b9,buy,0x96a65609a7b84e8842732deb08f56c3e21ac6f8a,0x7e136d652bfa9b8c35e128dacdb8bf5959a46eb9e1fb8130f00ac215800e3ad6
136,500,0.7949945,0xf44072eda87ede9613b6ae1b812de8a60ade27a2,2017-11-01T14:44:57.000Z,0.001589989,0xbc0945c667fadc26b9bf39e586b15eeb901e7d1c,buy,0x96a65609a7b84e8842732deb08f56c3e21ac6f8a,0xd05e7436404c220269d414f3ac2617e529b13afc516223a7abaa10b4e2d15f74
137,164.18793856468199,0.328375877129364,0x33a8aeda064bc81ae0aa4018ca9b482b099c6907,2017-11-01T14:44:57.000Z,0.002,0xd815bbdb973fcfae73f27ddc9a135e377028c1c5,sell,0x96a65609a7b84e8842732deb08f56c3e21ac6f8a,0xe996c6a9ef3743710cc8a7517fea76aaffe2aef1a9e4d918ffe0f73a504efa37
138,35.81058373057159,0.05693843421518779,0xf44072eda87ede9613b6ae1b812de8a60ade27a2,2017-11-01T14:44:57.000Z,0.001589989,0xbc0945c667fadc26b9bf39e586b15eeb901e7d1c,buy,0x96a65609a7b84e8842732deb08f56c3e21ac6f8a,0xd31af010d562cc4b45351684d576d1c4d91b77270bb2919cb28657040690fe4d
139,164.6819845182367,0.23549523786107848,0xd815bbdb973fcfae73f27ddc9a135e377028c1c5,2017-11-01T14:44:57.000Z,0.00143,0x1eaa18a0e964d346f2b5182be3f97d7aab5145b9,buy,0x96a65609a7b84e8842732deb08f56c3e21ac6f8a,0xe996c6a9ef3743710cc8a7517fea76aaffe2aef1a9e4d918ffe0f73a504efa37
140,182.04457162695448,0.3258597832122485,0xc3e7f39030093ebebc1f8fd66f63a468ea91d3d9,2017-11-01T14:25:08.000Z,0.00179,0x273a5d3e6721b9f5c1a6474f560c1334c63dda01,sell,0x96a65609a7b84e8842732deb08f56c3e21ac6f8a,0xc7985f8960c766723b338c4487045665e27187c1a5d921dc9f838f1382359118
141,182.5923486729734,0.26110705860235195,0x273a5d3e6721b9f5c1a6474f560c1334c63dda01,2017-11-01T14:25:08.000Z,0.00143,0x1eaa18a0e964d346f2b5182be3f97d7aab5145b9,buy,0x96a65609a7b84e8842732deb08f56c3e21ac6f8a,0xc7985f8960c766723b338c4487045665e27187c1a5d921dc9f838f1382359118
142,826,1.0325,0x739c5f6d73d483705a08f9a52c7cd61c7933573e,2017-11-01T14:19:59.000Z,0.00125,0xba8acabc6da3b8c87c914aeecf9c11ab088d47d2,buy,0x96a65609a7b84e8842732deb08f56c3e21ac6f8a,0x61ad8d614c099f2b52b31712ea87f1e87dc5f0833cb656168492176298f2cd39
143,19.94,0.025922,0x65df7413e86d7c7e2e5289e77e89a50efc32fe1b,2017-11-01T14:06:52.000Z,0.0013,0x273a5d3e6721b9f5c1a6474f560c1334c63dda01,sell,0x96a65609a7b84e8842732deb08f56c3e21ac6f8a,0xf7b523f0556288cad1aba8276e8f7fa27cd67d4b6eb40eff6109494dc9ca6525
144,20,0.025,0x273a5d3e6721b9f5c1a6474f560c1334c63dda01,2017-11-01T14:06:52.000Z,0.00125,0xba8acabc6da3b8c87c914aeecf9c11ab088d47d2,buy,0x96a65609a7b84e8842732deb08f56c3e21ac6f8a,0xf7b523f0556288cad1aba8276e8f7fa27cd67d4b6eb40eff6109494dc9ca6525
145,253.238,0.3292094,0x19a195b92dc2f85ac6cfb077d35ce11d8b89fa06,2017-11-01T14:06:27.000Z,0.0013,0x273a5d3e6721b9f5c1a6474f560c1334c63dda01,sell,0x96a65609a7b84e8842732deb08f56c3e21ac6f8a,0x5c1d6bc846081e9686f053016804373d4fe2955e4894e0a949769961a1ef0428
146,254,0.3175,0x273a5d3e6721b9f5c1a6474f560c1334c63dda01,2017-11-01T14:06:27.000Z,0.00125,0xba8acabc6da3b8c87c914aeecf9c11ab088d47d2,buy,0x96a65609a7b84e8842732deb08f56c3e21ac6f8a,0x5c1d6bc846081e9686f053016804373d4fe2955e4894e0a949769961a1ef0428
147,80.24,0.1099288,0x0cd2795a623adeb9370e2895e8d7526a6e4c556d,2017-11-01T12:35:31.000Z,0.00137,0x1eaa18a0e964d346f2b5182be3f97d7aab5145b9,buy,0x96a65609a7b84e8842732deb08f56c3e21ac6f8a,0x5729657c004ed11e5cd491e528adf85cde0792ce32eb3d9a5b24310d267c0374
148,80,0.1168,0x5104efc872d45dba3a97bf02aebe240dfc283321,2017-11-01T12:35:31.000Z,0.00146,0x0cd2795a623adeb9370e2895e8d7526a6e4c556d,sell,0x96a65609a7b84e8842732deb08f56c3e21ac6f8a,0x5729657c004ed11e5cd491e528adf85cde0792ce32eb3d9a5b24310d267c0374
149,26,0.0364,0x1bf546e7e42ebc76c270f84dc9f5f3e2e8e7276d,2017-11-01T12:09:49.000Z,0.0014,0x7cda38514e4476ecfe8f5038c88e06635a53baa3,buy,0x96a65609a7b84e8842732deb08f56c3e21ac6f8a,0xaebcc970f974f3bf7baf7245cf9d6af9a84ab6d252c1b2e99cee4ab783c02796
150,66.363,0.09703664223,0x5104efc872d45dba3a97bf02aebe240dfc283321,2017-11-01T11:42:07.000Z,0.00146221,0x7cda38514e4476ecfe8f5038c88e06635a53baa3,sell,0x96a65609a7b84e8842732deb08f56c3e21ac6f8a,0xa78c58fe81a570f090c3cd9430f761ea98137cee29ceb893e01e4916d2a1f1b5
151,75.2400711239671,0.10232649672859526,0x1bf546e7e42ebc76c270f84dc9f5f3e2e8e7276d,2017-11-01T10:43:29.000Z,0.0013599999999999999,0x79be04cb83a36114272286146667e0f7e52e01fc,sell,0x96a65609a7b84e8842732deb08f56c3e21ac6f8a,0xbc441af59e8a975dbba10b8da242f8ab72f78beb62a549706596f79fba0014c6
152,98.446,0.134477236,0x383932e5467528999954bf192452e390e1c84795,2017-11-01T10:35:01.000Z,0.001366,0x79be04cb83a36114272286146667e0f7e52e01fc,sell,0x96a65609a7b84e8842732deb08f56c3e21ac6f8a,0xedc1aebcf630e905821be1abd736a48716b5bd82f59adcf283c72331259f7d54
153,13.67802436038599,0.019012453860936526,0x273a5d3e6721b9f5c1a6474f560c1334c63dda01,2017-11-01T10:08:59.000Z,0.00139,0x79be04cb83a36114272286146667e0f7e52e01fc,buy,0x96a65609a7b84e8842732deb08f56c3e21ac6f8a,0x8580322074b82e4691d1e04075f9c840ac35550ded558de00223a9e1ed6a9178
154,13.636990287304833,0.019940143568,0x5104efc872d45dba3a97bf02aebe240dfc283321,2017-11-01T10:08:59.000Z,0.00146221,0x273a5d3e6721b9f5c1a6474f560c1334c63dda01,sell,0x96a65609a7b84e8842732deb08f56c3e21ac6f8a,0x8580322074b82e4691d1e04075f9c840ac35550ded558de00223a9e1ed6a9178
155,812.2069531841452,1.1614559430533276,0xc8aa2f1cfee78848fd31cea466fc83b5253665a2,2017-11-01T09:54:22.000Z,0.00143,0x79be04cb83a36114272286146667e0f7e52e01fc,buy,0x96a65609a7b84e8842732deb08f56c3e21ac6f8a,0x0e1390673fb7ac7d15da1fcfd1cf3501da3cb9868fdf3fc92d629f562fd33b1a
156,869.9031013210229,1.2700585279286933,0xc8aa2f1cfee78848fd31cea466fc83b5253665a2,2017-11-01T09:22:15.000Z,0.00146,0x7cda38514e4476ecfe8f5038c88e06635a53baa3,buy,0x96a65609a7b84e8842732deb08f56c3e21ac6f8a,0x0ed2948b3df7dc5d7cbfecf8490d06324a2d94244b61be91c94deedda8346220
157,0.2579066815504353,0.000352300526997894,0x383932e5467528999954bf192452e390e1c84795,2017-11-01T09:12:23.000Z,0.0013659999999999976,0xed7c02510beab96beab3e36c7ee5dffe9f703fbe,sell,0x96a65609a7b84e8842732deb08f56c3e21ac6f8a,0xf514b3b25b92a79f77d8bd815835922bc02180a9a67ea7e81e63362d53b49eb7
158,2587.0619226324166,3.135832602135512,0x98b8f889dbe2b5c4c5879f65e13b24012f2afdce,2017-11-01T09:10:31.000Z,0.0012121211999999999,0xed7c02510beab96beab3e36c7ee5dffe9f703fbe,sell,0x96a65609a7b84e8842732deb08f56c3e21ac6f8a,0x19f0f765aab72e88da36e005a1b9be2a6eb4bc1af9b0b6a691250c5d68ddf82d
159,6610,8.01214625,0xc4c3f11db23126544b4bc14ab6a3e44abe90401e,2017-11-01T09:03:45.000Z,0.001212125,0xed7c02510beab96beab3e36c7ee5dffe9f703fbe,sell,0x96a65609a7b84e8842732deb08f56c3e21ac6f8a,0x3462e7d97cd7fa3acf05da61e00140db1974b2edc00b7f03e4a8ddc86d906bb5
160,1.2959824543913867,0.001770312032698634,0x383932e5467528999954bf192452e390e1c84795,2017-11-01T09:03:11.000Z,0.0013659999999999998,0x95123c29f29c90c0395bec5250779d456ee8d26a,sell,0x96a65609a7b84e8842732deb08f56c3e21ac6f8a,0x6db83dd3ef35789124a750fd83cd8344f66bf64d5cf2868da9a240d592db860f
161,100,0.137,0x8f3ab9008b1b3e1b4f3dc4c354e9192c1a3ad931,2017-11-01T08:58:50.000Z,0.00137,0xed7c02510beab96beab3e36c7ee5dffe9f703fbe,sell,0x96a65609a7b84e8842732deb08f56c3e21ac6f8a,0xad4078c73c46962391c59a4f79f82b72469b532866305c73d82f52fdef99e553
162,110,0.153175,0xa045ea6c97d9f07ce2e5020944ee4c1ffac9f599,2017-11-01T08:58:36.000Z,0.0013925,0xed7c02510beab96beab3e36c7ee5dffe9f703fbe,sell,0x96a65609a7b84e8842732deb08f56c3e21ac6f8a,0x8960fe058cdbd1810e3f698dac6a6117bc477ddc36402bc8665208b42a64e154
163,1500,2.04,0xb82ddb2da7616d0755db7e1cb188be88316d756c,2017-11-01T08:57:23.000Z,0.00136,0xed7c02510beab96beab3e36c7ee5dffe9f703fbe,sell,0x96a65609a7b84e8842732deb08f56c3e21ac6f8a,0xbae1fb1d464042d856fd0f29ea2bb29c1051c5c931bda5a58f0ea206398ef1d2
164,4735.750932609594,6.445357019281658,0x1eaa18a0e964d346f2b5182be3f97d7aab5145b9,2017-11-01T08:35:01.000Z,0.001361,0xed7c02510beab96beab3e36c7ee5dffe9f703fbe,sell,0x96a65609a7b84e8842732deb08f56c3e21ac6f8a,0x03d0dff6250d489ab56c4e9c42f90661e5967c5fc574b24b16f133fec47a8185
165,675.2314719363134,0.9189900333053226,0x1eaa18a0e964d346f2b5182be3f97d7aab5145b9,2017-11-01T08:05:50.000Z,0.001361,0xcf085317456133e93d72ab5fc56025d8d3802c38,sell,0x96a65609a7b84e8842732deb08f56c3e21ac6f8a,0xc6a706939d2f3f8793ca60d0ba0239c5cd2e8c8d416ccf48458e9b48485611b3
166,1000,1.38,0x79be04cb83a36114272286146667e0f7e52e01fc,2017-11-01T08:03:25.000Z,0.00138,0xcf085317456133e93d72ab5fc56025d8d3802c38,sell,0x96a65609a7b84e8842732deb08f56c3e21ac6f8a,0x2fba680a341846f03a45a4f39fb1013619348f563cd7ae6074ebf69d241d9713
167,1929.6755360553304,2.990997080885762,0x3bb496bfb528e23208ab604ea169f6c40d9bac5c,2017-11-01T07:35:41.000Z,0.00155,0xcf085317456133e93d72ab5fc56025d8d3802c38,buy,0x96a65609a7b84e8842732deb08f56c3e21ac6f8a,0x610387598ffc6436b385835b40ce14bbdf8b82e822b7092fae797cceabf4ad57
168,1000,1.9155,0xcf4c7a2dc3b0124ad7efeeae6685408643847fdc,2017-11-01T05:39:03.000Z,0.0019155,0xee004e564e2d0f6ead3613df41b7f69bb76a73e0,buy,0x96a65609a7b84e8842732deb08f56c3e21ac6f8a,0x0dffaf6b0fa4fdba40b0f417ef53857d44e4b72a1e51565eee392b62e5ce7f02
169,2465.306,4.70873446,0xcf4c7a2dc3b0124ad7efeeae6685408643847fdc,2017-11-01T05:35:42.000Z,0.00191,0x583b640795999aa2bb22c1a62a91336ff9d325bb,buy,0x96a65609a7b84e8842732deb08f56c3e21ac6f8a,0x5b9920cb70b176379880b2dbba85005b26a1dafb485cc7bfd4d016e075567d88
170,67.841,0.10786651159,0xcf4c7a2dc3b0124ad7efeeae6685408643847fdc,2017-11-01T05:35:34.000Z,0.00158999,0xcf085317456133e93d72ab5fc56025d8d3802c38,buy,0x96a65609a7b84e8842732deb08f56c3e21ac6f8a,0xdcbd6294d4d5abc6c3c699520f600b52cd2a8b3dff77781c945a8b0084952e24
171,150,0.28575,0xcf4c7a2dc3b0124ad7efeeae6685408643847fdc,2017-11-01T05:35:34.000Z,0.001905,0x383932e5467528999954bf192452e390e1c84795,buy,0x96a65609a7b84e8842732deb08f56c3e21ac6f8a,0x1078e9a3c1d04f2c21c9d1e2c719a9a952ee1674c6e79883534b57213a3ee3a6
172,2767,4.34419,0xcf4c7a2dc3b0124ad7efeeae6685408643847fdc,2017-11-01T05:31:07.000Z,0.00157,0x1eaa18a0e964d346f2b5182be3f97d7aab5145b9,buy,0x96a65609a7b84e8842732deb08f56c3e21ac6f8a,0x24ee85eae820d9ac41f615faa80bb76b11f8e330dd65cae691a3d9344d068055
173,3400,5.168,0xcf4c7a2dc3b0124ad7efeeae6685408643847fdc,2017-11-01T05:30:47.000Z,0.00152,0xcf085317456133e93d72ab5fc56025d8d3802c38,buy,0x96a65609a7b84e8842732deb08f56c3e21ac6f8a,0x656f442a112f92b110cfba818b36f087e3195ce2e591493e2f0289efbba6dcc7
174,600,0.8166,0x1eaa18a0e964d346f2b5182be3f97d7aab5145b9,2017-11-01T05:19:45.000Z,0.001361,0x05f376c5b261a1e245c46803a723462853c5f947,sell,0x96a65609a7b84e8842732deb08f56c3e21ac6f8a,0x75700ecc3c63620cde086890f8247cb5ecc87eefd69a9cf33f0027dcc6d2b983
175,504,0.68796,0xd3a65f8c8c5ed562d8ea7a1fc8dc4391e26c4684,2017-11-01T05:05:01.000Z,0.001365,0x05f376c5b261a1e245c46803a723462853c5f947,sell,0x96a65609a7b84e8842732deb08f56c3e21ac6f8a,0x89b2b250c32943e3f8faddde740d73343c51a80876b823d7edc9e5e6a18fa4e0
176,989.0175954540923,1.3460529474130196,0x1eaa18a0e964d346f2b5182be3f97d7aab5145b9,2017-11-01T04:10:43.000Z,0.001361,0xbf613f2fb893ea88f64f8feacfa36cb4842af7b1,sell,0x96a65609a7b84e8842732deb08f56c3e21ac6f8a,0x43db4ad2d34079a2e34da8d5ca0f8c837aeab60b6b58a9e1b9fb12046f725d6b
177,50.15,0.070766665,0x91bf3a2f3e98e51925711a15d578bb107513da4c,2017-11-01T04:00:06.000Z,0.0014111,0xbf613f2fb893ea88f64f8feacfa36cb4842af7b1,sell,0x96a65609a7b84e8842732deb08f56c3e21ac6f8a,0x1499aaec004978ac725c74b8cdec1742e5d70d1f2c8da226a840a0c6cf8e21fe
178,384.109,0.541977799,0xbc0945c667fadc26b9bf39e586b15eeb901e7d1c,2017-11-01T03:40:48.000Z,0.001411,0x4422faacf2bb8bd836e330937f00f2e18268cc4a,sell,0x96a65609a7b84e8842732deb08f56c3e21ac6f8a,0x56d5c38ccc8bf045eec55a55883bb686cf404a219bbcbdc703d6f0ca9ad26763
179,2115.890738709999,2.9855218323198085,0xbc0945c667fadc26b9bf39e586b15eeb901e7d1c,2017-11-01T03:10:36.000Z,0.001411,0x2dd2fa545e53712d50fa4ae81743cce8bf560ab9,sell,0x96a65609a7b84e8842732deb08f56c3e21ac6f8a,0xeb09538987e654f7efdee129bbd983c6d58549a51660c270eaf1459e2de8bc48
180,5000,7.05555,0x1b7688a79d07be5b3d03cfc59983c0d3ddf54de3,2017-11-01T03:02:02.000Z,0.00141111,0xdcdc05c3aa3dc541115b0c4e5be4ba443a991452,sell,0x96a65609a7b84e8842732deb08f56c3e21ac6f8a,0xc5cca13251d79d9519622d1d700c9020eec702132f03d30c397180b892a45b93
181,50,0.071,0x3a0cc8afecbb6fe9567cd7e6dac685287f7a217d,2017-11-01T03:00:12.000Z,0.00142,0xdcdc05c3aa3dc541115b0c4e5be4ba443a991452,sell,0x96a65609a7b84e8842732deb08f56c3e21ac6f8a,0x215ca28e1b55f9aba018f709210a07b0e2b0006b8ca299399fbca6c609f4932e
182,24.701,0.03507542,0x65df7413e86d7c7e2e5289e77e89a50efc32fe1b,2017-11-01T03:00:12.000Z,0.00142,0xdcdc05c3aa3dc541115b0c4e5be4ba443a991452,sell,0x96a65609a7b84e8842732deb08f56c3e21ac6f8a,0xab396c0f7c9e0ca54b0f93fff01225d2d5ff9de6c0fef9159b8f86179a4f794a
183,24,0.03456,0xec670ebbd986f392d85b38f586c7dfa4df3a4b88,2017-11-01T03:00:00.000Z,0.00144,0xdcdc05c3aa3dc541115b0c4e5be4ba443a991452,sell,0x96a65609a7b84e8842732deb08f56c3e21ac6f8a,0x1c901b16cbf979adb822c7c989070e0198f4f2c65847f68bc022f73c4ffff1b0
184,390,0.57525,0xffb303c6a9243d19e4dc50f9776acc57a2c9cfe7,2017-11-01T02:59:27.000Z,0.001475,0xdcdc05c3aa3dc541115b0c4e5be4ba443a991452,sell,0x96a65609a7b84e8842732deb08f56c3e21ac6f8a,0xbb95bc3caef452b364d91b3a7c0d69839741b0921d316af97faa62f099c689a0
185,20,0.02926,0x9c0f53b0dd0f04f3de23f433a9e20ee89d30e522,2017-11-01T02:51:46.000Z,0.001463,0xdcdc05c3aa3dc541115b0c4e5be4ba443a991452,sell,0x96a65609a7b84e8842732deb08f56c3e21ac6f8a,0xc5ba13742bbf74fbdf9a6ffb1ad140b0fa281c6234a586cdad5265ab45ff4af3
186,10,0.01443,0x383932e5467528999954bf192452e390e1c84795,2017-11-01T02:51:46.000Z,0.001443,0xdcdc05c3aa3dc541115b0c4e5be4ba443a991452,sell,0x96a65609a7b84e8842732deb08f56c3e21ac6f8a,0x9e74b8ecf50f3535c7182f153ec602d50a0a77ae6f77c53ad57d847cc17b5ad6
187,160,0.23072,0xbf96472c019c3d5b224e6e7cf48f407c55e217e9,2017-11-01T02:51:46.000Z,0.001442,0xdcdc05c3aa3dc541115b0c4e5be4ba443a991452,sell,0x96a65609a7b84e8842732deb08f56c3e21ac6f8a,0xc755acf08d24ae85902c4f85083adc6cc0eab3f4391b27aeb6d10393f8b008d5
188,175,0.25235,0xd7e3bbedddd6649fff0e3525e1c7375f9285a247,2017-11-01T02:51:46.000Z,0.001442,0xdcdc05c3aa3dc541115b0c4e5be4ba443a991452,sell,0x96a65609a7b84e8842732deb08f56c3e21ac6f8a,0x7de388342feba696afcabea0814a2d2068dc0d9fcac9b49aea9e93bffb38ad5c
189,204.0076332604297,0.2939749995282792,0xb82ddb2da7616d0755db7e1cb188be88316d756c,2017-11-01T02:51:46.000Z,0.001441,0xdcdc05c3aa3dc541115b0c4e5be4ba443a991452,sell,0x96a65609a7b84e8842732deb08f56c3e21ac6f8a,0x5cbde787ad1c2bdbedb35225931302fab61c75281b81920a78dcdf55f0355005
190,50.029709163635665,0.0730934050880717,0xff8faa79a1af975c97d78289a2c6d6e4ab133456,2017-11-01T02:51:46.000Z,0.001461,0xdcdc05c3aa3dc541115b0c4e5be4ba443a991452,sell,0x96a65609a7b84e8842732deb08f56c3e21ac6f8a,0x8932c7d68a0f1e52eddafa450c0b919be22ec86a09fecd9c1c34b65b734f54f0
191,24.741,0.03636927,0x53aab1f2e9ad5163963e3bbba1fa6f9ad5e75603,2017-11-01T02:50:54.000Z,0.00147,0xdcdc05c3aa3dc541115b0c4e5be4ba443a991452,sell,0x96a65609a7b84e8842732deb08f56c3e21ac6f8a,0x3f33a7e74615a6fef31d104ffb5e18c93d24604b1bb6b3c64cc8b1ef19ab4dbb
192,55.25869803608813,0.08123028611304954,0x53aab1f2e9ad5163963e3bbba1fa6f9ad5e75603,2017-10-31T23:32:13.000Z,0.00147,0x6f32259c9deb25f94f7a7719d92d94e5bf0ac2fa,sell,0x96a65609a7b84e8842732deb08f56c3e21ac6f8a,0xc2077785a881ed438048d20cbf63d8970aa837b9f41d6382eeffcc8839bde9e6
193,190,0.28025,0xfd5332418a6d54c31d749657189cabcefa93c372,2017-10-31T23:31:50.000Z,0.001475,0x6f32259c9deb25f94f7a7719d92d94e5bf0ac2fa,sell,0x96a65609a7b84e8842732deb08f56c3e21ac6f8a,0x462b6d5decf25746ac11a8c594c81037b0f9fb4cac54e2115ff95cf901d77c84
194,1015.0879257652886,1.4850736353946172,0x76740f14acec298a547991d113d59ff303fc4abd,2017-10-31T21:17:45.000Z,0.0014629999999999999,0xb00548770ea87482f024cd4292a975fea72e8f01,sell,0x96a65609a7b84e8842732deb08f56c3e21ac6f8a,0x9c37d09ada9e07aaffbfd919de1ee0a34969352c37908b2a46fc3fd2d6135eeb
195,500,0.7305,0xb2cd0402bc1c5e2d064c78538df5837b93d7cc99,2017-10-31T20:27:08.000Z,0.001461,0x1eaa18a0e964d346f2b5182be3f97d7aab5145b9,sell,0x96a65609a7b84e8842732deb08f56c3e21ac6f8a,0xc185a2eca7e5eb16d2038e486bb2948f4297b682bc05ec5e95f792eed5c71c37
196,150,0.2205,0xb09ff029290a7a5aecb1b08cf61f50e5c1476262,2017-10-31T20:27:07.000Z,0.00147,0x1eaa18a0e964d346f2b5182be3f97d7aab5145b9,sell,0x96a65609a7b84e8842732deb08f56c3e21ac6f8a,0xad187b02297a3df4de7f71b843d92189437e3c5c1cab2e0aa5d0cd990dc742cb
197,179.86,0.262991292,0x5b2712b6238ecf7e893c7c8a3d0d0c370178b93d,2017-10-31T20:27:07.000Z,0.0014622,0x1eaa18a0e964d346f2b5182be3f97d7aab5145b9,sell,0x96a65609a7b84e8842732deb08f56c3e21ac6f8a,0xd6d66d001e4d34ffbb9ef2e8690754544c54f2b4c3d114899ef9ee624f1ebb1c
198,346.983351610009,0.5072896600538331,0x1eaa18a0e964d346f2b5182be3f97d7aab5145b9,2017-10-31T18:47:30.000Z,0.001462,0xb00548770ea87482f024cd4292a975fea72e8f01,sell,0x96a65609a7b84e8842732deb08f56c3e21ac6f8a,0x84d0eb8078be942d83da6a7a0e2336887a5f9350faa29a2d5c49062d0162b3d6
199,1647,2.409561,0x3dbfdeece3b05edbee26bf3ca371b4fb91a8a6a7,2017-10-31T18:45:22.000Z,0.001463,0xb00548770ea87482f024cd4292a975fea72e8f01,sell,0x96a65609a7b84e8842732deb08f56c3e21ac6f8a,0x187fe5eb370f5ef52a120fc46ca2f14022bdcd51995cfd7a1d6877c24a13fb7e
200,42.25554646440847,0.06173535338450077,0xff8faa79a1af975c97d78289a2c6d6e4ab133456,2017-10-31T18:03:13.000Z,0.001461,0xcf085317456133e93d72ab5fc56025d8d3802c38,sell,0x96a65609a7b84e8842732deb08f56c3e21ac6f8a,0x42352f099b5082fd5d7ecf0aac824a385b94dca094e82e82c1ce8e0e082ded71
201,1472.4671554456727,2.1527469812615734,0x1eaa18a0e964d346f2b5182be3f97d7aab5145b9,2017-10-31T18:00:25.000Z,0.001462,0xacab04f6d39fe4abb281d994d42cf87ec897e1dc,sell,0x96a65609a7b84e8842732deb08f56c3e21ac6f8a,0x8ba119b5dadf51f3e0898bd239da295bb9a7027273c9ef112e916cb26135397b
202,96.879,0.141927735,0xb09ff029290a7a5aecb1b08cf61f50e5c1476262,2017-10-31T17:59:25.000Z,0.001465,0xcf085317456133e93d72ab5fc56025d8d3802c38,sell,0x96a65609a7b84e8842732deb08f56c3e21ac6f8a,0x9ebeb0e4357b53a92f0a4b3927b2596d7b113fff681b1033174acb34239f6da9
203,150,0.2217,0xb09ff029290a7a5aecb1b08cf61f50e5c1476262,2017-10-31T17:57:01.000Z,0.001478,0xcf085317456133e93d72ab5fc56025d8d3802c38,sell,0x96a65609a7b84e8842732deb08f56c3e21ac6f8a,0x59694b16bfae458fa137979f3abd6a9e3bfbdc157ea936675b8f3e1e2f78b591
204,2600,4.16,0xe6733b10fb400b8cf1dd4809b80e93c27ff5dd66,2017-10-31T17:44:39.000Z,0.0016,0xcf085317456133e93d72ab5fc56025d8d3802c38,buy,0x96a65609a7b84e8842732deb08f56c3e21ac6f8a,0x165792aadc9bccd811c25e5bcb1d46d08c5a1714fd735e37862be9d774082073
205,181,0.7783,0x4a0424a7714ff91b10c5f22e3c316e030a65ee42,2017-10-31T16:36:43.000Z,0.0043,0x5c4fa72c0199ca949e1abb046710ea46902f2ee3,buy,0x96a65609a7b84e8842732deb08f56c3e21ac6f8a,0x9b73d18aa176c1eefb913d8c5b49c69a83244c2b3b23b0a95826ec57741f0732
206,70,0.1071,0x23ce9f95dcda612bfbb243d576f1a1d4e1a7b658,2017-10-31T16:28:20.000Z,0.00153,0xcf085317456133e93d72ab5fc56025d8d3802c38,sell,0x96a65609a7b84e8842732deb08f56c3e21ac6f8a,0x42a59017fe4f6feb0bf965420e1a46fa231ea31a417f5396cd80c3f1e5830464
207,100.5,0.159795,0xdc3da22dafa08fe4f555f649db7e49b6734ea370,2017-10-31T15:15:44.000Z,0.00159,0x1eaa18a0e964d346f2b5182be3f97d7aab5145b9,buy,0x96a65609a7b84e8842732deb08f56c3e21ac6f8a,0x5a57f608daf07aed8b492196d4161c7e65a80521bfb314a7d7035d7c66738cff
208,1718.8495663443325,2.492331871199282,0x1eaa18a0e964d346f2b5182be3f97d7aab5145b9,2017-10-31T14:54:59.000Z,0.00145,0x5cafe4321d49717abcdf911235faf6e614b8791f,sell,0x96a65609a7b84e8842732deb08f56c3e21ac6f8a,0xb13bd87e5e1a3d8c9818820cebdfc60193f3455ccb37831bf68c9a89064df73c
209,274,0.41648,0x08417893c3409bbab1c572ffef3e28fcb365499c,2017-10-31T14:52:49.000Z,0.00152,0x5cafe4321d49717abcdf911235faf6e614b8791f,sell,0x96a65609a7b84e8842732deb08f56c3e21ac6f8a,0x8f2dd7b43c5079c2212b1aa2144bc3498e52f411bbeb69f17fe1887a9c7e7ab2
210,375,0.59625,0x8f3ab9008b1b3e1b4f3dc4c354e9192c1a3ad931,2017-10-31T13:57:41.000Z,0.00159,0xcf085317456133e93d72ab5fc56025d8d3802c38,sell,0x96a65609a7b84e8842732deb08f56c3e21ac6f8a,0xdca7be2ae0c543e36b2ca8a40dd453669dfd07308da4bab5a91adcb8c43a4310
211,1.8941282025720267,0.002935898713986641,0x8f3ab9008b1b3e1b4f3dc4c354e9192c1a3ad931,2017-10-31T13:11:59.000Z,0.0015499999999999997,0x004d9c456b5a8f3ad9ff1f524e416663040c995a,sell,0x96a65609a7b84e8842732deb08f56c3e21ac6f8a,0x2b9b110ce966764ce229378e94f4b074295b90a179887b8add498998059832e9
212,9.478128734560435,0.014953643704516,0x90814abc3d3f5229c6b53faf3a2ba0f5ef0fc9af,2017-10-31T12:33:03.000Z,0.0015777,0x98b8f889dbe2b5c4c5879f65e13b24012f2afdce,buy,0x96a65609a7b84e8842732deb08f56c3e21ac6f8a,0x4ae9d92da3b7cb10c2e6eace3b7d2729638595da21f0980b3edc1de940ce0818
213,320,0.544,0x4a0424a7714ff91b10c5f22e3c316e030a65ee42,2017-10-31T12:22:43.000Z,0.0017,0x5c4fa72c0199ca949e1abb046710ea46902f2ee3,buy,0x96a65609a7b84e8842732deb08f56c3e21ac6f8a,0x2c01a9532a9d72ccc3594bcae022538b97bfd1c5026cfe6ea22da4a5ca3e3240
214,201,0.323811,0x5c4fa72c0199ca949e1abb046710ea46902f2ee3,2017-10-31T12:20:21.000Z,0.001611,0x4a0424a7714ff91b10c5f22e3c316e030a65ee42,buy,0x96a65609a7b84e8842732deb08f56c3e21ac6f8a,0xf1ad7948816a790aad88ed1ee1136b708975ad90aaaadd74e800cd0034d9d0a9
215,105.60031786270147,0.1636804926871873,0x8f3ab9008b1b3e1b4f3dc4c354e9192c1a3ad931,2017-10-31T12:07:01.000Z,0.00155,0xa67bf6d6a03685e2e4fb3985230802f7e52649d2,sell,0x96a65609a7b84e8842732deb08f56c3e21ac6f8a,0x9ca54fe14f4d31478be3c7b99b401fb9d1966b374bc10c45966647255bfb0bc6
216,48,0.07776,0x23ce9f95dcda612bfbb243d576f1a1d4e1a7b658,2017-10-31T11:43:23.000Z,0.00162,0x1eaa18a0e964d346f2b5182be3f97d7aab5145b9,buy,0x96a65609a7b84e8842732deb08f56c3e21ac6f8a,0xa5907b1adc4874566cf41fb354de8d7bf2c53d8579ef593fabe0dc85d567f859
217,37,0.0583749,0x23ce9f95dcda612bfbb243d576f1a1d4e1a7b658,2017-10-31T11:09:47.000Z,0.0015777,0x98b8f889dbe2b5c4c5879f65e13b24012f2afdce,buy,0x96a65609a7b84e8842732deb08f56c3e21ac6f8a,0x78c4f60f0dd17cb621459091d7c16a1ecb9213b05eb83a203a4bf2a8902a7f8a
218,1592.7327604026818,2.6917183650805323,0x3bb496bfb528e23208ab604ea169f6c40d9bac5c,2017-10-31T11:00:30.000Z,0.00169,0x1eaa18a0e964d346f2b5182be3f97d7aab5145b9,buy,0x96a65609a7b84e8842732deb08f56c3e21ac6f8a,0x9a02235f729d1d7c19084356629c21f6755a5fe3a7158829cfd49b1a0e9d76e7
219,2350,3.995,0xcd80ec8e330164b81c4f0daf6d797716a2e96354,2017-10-31T09:59:08.000Z,0.0017,0x0febad916a5fd535c7b1ba392104b46c48f28d66,buy,0x96a65609a7b84e8842732deb08f56c3e21ac6f8a,0x2646a6a93ab04f1edcabd3bf743f85db2dea4f15c56d6dc039d6efbef7c1f689
220,100,0.15777,0xb09ff029290a7a5aecb1b08cf61f50e5c1476262,2017-10-31T09:55:21.000Z,0.0015777,0x98b8f889dbe2b5c4c5879f65e13b24012f2afdce,buy,0x96a65609a7b84e8842732deb08f56c3e21ac6f8a,0x60a5b27fb17c60a6e45f8c2795f7b64c81ea51a1f2c03a0b8db72168ab1aeccc
221,973.963,1.4609445,0xf9a51086b5ed37c64187d70baf5c45ffeadf573b,2017-10-31T09:43:58.000Z,0.0015,0x82be7538aab3ee7b1e3993f798be700f6110e857,buy,0x96a65609a7b84e8842732deb08f56c3e21ac6f8a,0x901929ad1e2f6c3bcecd650ed7384ea6c533c467770b951a8eb28895562a8178
222,330.102681686771,0.4730371428571429,0xb82ddb2da7616d0755db7e1cb188be88316d756c,2017-10-31T09:17:02.000Z,0.001433,0x527e6009e17c7e85ca8c3912accd8f0e12b89e2b,sell,0x96a65609a7b84e8842732deb08f56c3e21ac6f8a,0x29f6a63b3b21c66b81e3c8f2f44b234cf370931a24a1124e6bb6a7300176956d
223,299.07287409032,0.43096401156415115,0xb82ddb2da7616d0755db7e1cb188be88316d756c,2017-10-31T08:42:25.000Z,0.001441,0x105b5e3647ce8dded672844020ef7945e66c9125,sell,0x96a65609a7b84e8842732deb08f56c3e21ac6f8a,0x8094f98d17ecb4744e061b338b361371250db054567dd64059b4d00032244226
224,607.7147443719558,0.8878712415274276,0xff8faa79a1af975c97d78289a2c6d6e4ab133456,2017-10-31T08:15:33.000Z,0.001461,0x3efd9b0bd8e4595bc494539aca584821950106ee,sell,0x96a65609a7b84e8842732deb08f56c3e21ac6f8a,0xbb02a4d75d5b73d38aadf0137fd63be3a4fdb8d5e35cc391d0655f009262b31e
225,28.718,0.04221546,0x8f3ab9008b1b3e1b4f3dc4c354e9192c1a3ad931,2017-10-31T07:57:56.000Z,0.00147,0xdbbae39c54992479faac890e81eb4d8579b951d6,sell,0x96a65609a7b84e8842732deb08f56c3e21ac6f8a,0x2d715cb94cb8d606530c99b586f1493d9f88ecbeea9ead03928e271f08681ea9
226,10,0.015,0x383932e5467528999954bf192452e390e1c84795,2017-10-31T07:55:22.000Z,0.0015,0xdbbae39c54992479faac890e81eb4d8579b951d6,sell,0x96a65609a7b84e8842732deb08f56c3e21ac6f8a,0xdafbb1dda1a0818a6dbcb3c8010ff94c0ac4585cd24cffb5dac48a7b4af235b0
227,5.4,0.008208,0x53aab1f2e9ad5163963e3bbba1fa6f9ad5e75603,2017-10-31T07:54:29.000Z,0.00152,0xdbbae39c54992479faac890e81eb4d8579b951d6,sell,0x96a65609a7b84e8842732deb08f56c3e21ac6f8a,0x8ff02f187f6375bf68bed11103ebb50ddc8964669eb6ae48f8b72c6a34eb7222
228,68.51579254286248,0.10345966892923286,0x902827acbeaad2b41b1ee7f126f84788684ee734,2017-10-31T07:46:11.000Z,0.001510012,0x3efd9b0bd8e4595bc494539aca584821950106ee,sell,0x96a65609a7b84e8842732deb08f56c3e21ac6f8a,0xb5dd6983c03ff50a4090dd7614bdae9d5edc499bcf75ebf54c58d7dd52e7b82b
229,950,1.4345,0xeb0d1ec4d5118af05878e029714f0424b7076b52,2017-10-31T07:34:30.000Z,0.00151,0x98b8f889dbe2b5c4c5879f65e13b24012f2afdce,sell,0x96a65609a7b84e8842732deb08f56c3e21ac6f8a,0x7888214df37f885e4d4cb58bcead121dc702d8eea581c06e5538c61dc3e214a6
230,3411.756584481348,5.151793383645849,0x902827acbeaad2b41b1ee7f126f84788684ee734,2017-10-31T07:03:14.000Z,0.001510012,0xcf085317456133e93d72ab5fc56025d8d3802c38,sell,0x96a65609a7b84e8842732deb08f56c3e21ac6f8a,0x859ee002d4088efd468f35b18a4dc0eff9ff4f6f102faaaacfc30cb933e99804
231,897.21862227096,1.354810886252617,0x902827acbeaad2b41b1ee7f126f84788684ee734,2017-10-31T06:48:01.000Z,0.001510012,0xfd479d1a28bff77955ac00785ca993f998de089b,sell,0x96a65609a7b84e8842732deb08f56c3e21ac6f8a,0x68212a9cfb0453bd06dfb809838a355f31aa296c751ea2e1fbefb004141febd1
232,197.74106437153876,0.298591380093796,0x902827acbeaad2b41b1ee7f126f84788684ee734,2017-10-31T06:41:11.000Z,0.001510012,0xfd479d1a28bff77955ac00785ca993f998de089b,sell,0x96a65609a7b84e8842732deb08f56c3e21ac6f8a,0x4fb50bfbfc06dfc646583863aaab8a73222014b3d8d9363db965a81b4f67199a
233,2046.767936333291,3.0906441450785054,0x902827acbeaad2b41b1ee7f126f84788684ee734,2017-10-31T05:30:16.000Z,0.001510012,0xfd0fe438cf033aab2a6998a95f2614d231ab8e04,sell,0x96a65609a7b84e8842732deb08f56c3e21ac6f8a,0x7f56b8b3b39a9c44df34b66a7fe74055713d2afd452d8f6d4fe1ded62d5069f4
234,9.7178265843229,0.014975170766441588,0x383932e5467528999954bf192452e390e1c84795,2017-10-31T05:28:25.000Z,0.0015409999999999998,0xfd0fe438cf033aab2a6998a95f2614d231ab8e04,sell,0x96a65609a7b84e8842732deb08f56c3e21ac6f8a,0x5ae797a122714fbf0d8ddf09156b15c05a6a25d12c21e11f418bea24c77ffa2a
235,219.701,0.331751366113,0x3aa939efb288273ca7273c019935f040a870c8a2,2017-10-31T05:28:25.000Z,0.001510013,0xfd0fe438cf033aab2a6998a95f2614d231ab8e04,sell,0x96a65609a7b84e8842732deb08f56c3e21ac6f8a,0x74316ba3aa58fb24698d41e14ebf746dd7dccedc1346c48a7bd760ceff2fab4f
236,24,0.03636,0x53aab1f2e9ad5163963e3bbba1fa6f9ad5e75603,2017-10-31T05:28:01.000Z,0.001515,0xfd0fe438cf033aab2a6998a95f2614d231ab8e04,sell,0x96a65609a7b84e8842732deb08f56c3e21ac6f8a,0x96a709832b83164da5e0c33ae255307d812ad891c9b0a327db51fb1e0513a38a
237,100,0.152,0x53aab1f2e9ad5163963e3bbba1fa6f9ad5e75603,2017-10-31T05:28:01.000Z,0.00152,0xfd0fe438cf033aab2a6998a95f2614d231ab8e04,sell,0x96a65609a7b84e8842732deb08f56c3e21ac6f8a,0x78a30f83ed95b9fdb555e2603982e1f4a9c01f832c930a534da6f132203848db
238,86,0.13244,0x65026441b2a3f9799cf13f18700db1540411e2a5,2017-10-31T05:27:47.000Z,0.00154,0xfd0fe438cf033aab2a6998a95f2614d231ab8e04,sell,0x96a65609a7b84e8842732deb08f56c3e21ac6f8a,0xd9404ab5444cd812083caef48b7c4e6a6019a65b0023b08bfbad76d9532b4804
239,50,0.07700005,0xec670ebbd986f392d85b38f586c7dfa4df3a4b88,2017-10-31T05:27:10.000Z,0.001540001,0xfd0fe438cf033aab2a6998a95f2614d231ab8e04,sell,0x96a65609a7b84e8842732deb08f56c3e21ac6f8a,0x1584344a8ec659aa7c42f9ed58514427cd2fff2c8e013b86392a0f1cf0949423
240,0.001510014,1.510014,0xeb0d1ec4d5118af05878e029714f0424b7076b52,2017-10-31T04:56:21.000Z,1000,0x273a5d3e6721b9f5c1a6474f560c1334c63dda01,sell,0x96a65609a7b84e8842732deb08f56c3e21ac6f8a,0xd64c0a04a7e4dc19d93cbce219474cc37225a88c7f9c61d4b3ac7e5f77948f26
241,3330.2989323998645,5.0287946818099165,0x3aa939efb288273ca7273c019935f040a870c8a2,2017-10-31T04:48:55.000Z,0.001510013,0xcf085317456133e93d72ab5fc56025d8d3802c38,sell,0x96a65609a7b84e8842732deb08f56c3e21ac6f8a,0x8f281092c04d845adef8e4e81991697fb90154c02e95b800c56eea87ce9ebdad
242,0.2821734156771,0.000434829233558411,0x383932e5467528999954bf192452e390e1c84795,2017-10-31T04:04:42.000Z,0.0015409999999999996,0xe444a40689f51f63bcd29910622035707d533d29,sell,0x96a65609a7b84e8842732deb08f56c3e21ac6f8a,0x795b3663f15462350a61901769520268ae6b72a21bf236fe6c212994f162d3f9
243,2850,4.3605,0x8f3ab9008b1b3e1b4f3dc4c354e9192c1a3ad931,2017-10-31T04:01:36.000Z,0.00153,0x2dd2fa545e53712d50fa4ae81743cce8bf560ab9,sell,0x96a65609a7b84e8842732deb08f56c3e21ac6f8a,0xc3cad5e8bc5cfcca16ae56a00f022e1e733b5933b60b87583d0331ab0aa57195
244,563.3069470011288,0.9125572541418286,0xe5abf00b3a510505a17cdf61080d8e87f1020b4a,2017-10-31T03:45:39.000Z,0.00162,0xcf085317456133e93d72ab5fc56025d8d3802c38,buy,0x96a65609a7b84e8842732deb08f56c3e21ac6f8a,0x836a8841072ef8dffe9514f4f6b4056e81c10a1c257e2836818244e3a06d104d
245,339,0.551892,0xe5abf00b3a510505a17cdf61080d8e87f1020b4a,2017-10-31T03:39:49.000Z,0.001628,0xb1d70e579dda889cc0350a846741ba8a2ba1837a,buy,0x96a65609a7b84e8842732deb08f56c3e21ac6f8a,0xf6ccbea7c0d3fc45178a78b8eccc97c04ae319fc241f0d860ace0797b453cd7a
246,1334.751283556292,2.1622970793611933,0x05f376c5b261a1e245c46803a723462853c5f947,2017-10-31T03:35:23.000Z,0.00162,0xcf085317456133e93d72ab5fc56025d8d3802c38,buy,0x96a65609a7b84e8842732deb08f56c3e21ac6f8a,0x819e8b4cdd9a1fdd65673f624e7d3a221fe40306d336618a0a22dfceebf55e3d
247,0.8062408998270882,0.001306110257719883,0xe5abf00b3a510505a17cdf61080d8e87f1020b4a,2017-10-31T03:34:36.000Z,0.00162,0xcf085317456133e93d72ab5fc56025d8d3802c38,buy,0x96a65609a7b84e8842732deb08f56c3e21ac6f8a,0x60e2cd98027d6d77df6e8e753a2ee2359b117fef93570b58b4296ea5ba117e09
248,1.1355285427520365,0.001839556239258299,0xbecb0dafb36835711b1f4aff6987f212cff3fa4e,2017-10-31T03:16:32.000Z,0.00162,0xcf085317456133e93d72ab5fc56025d8d3802c38,buy,0x96a65609a7b84e8842732deb08f56c3e21ac6f8a,0x8a18c78a09b5c736d7523b0f4182be2b6c4cce0e64c8e9fa83e280699753759b
249,0.99,0.0015939,0x53aab1f2e9ad5163963e3bbba1fa6f9ad5e75603,2017-10-31T00:52:10.000Z,0.00161,0x32c65dba11d5143444f7be3c8b274fa20af04db7,buy,0x96a65609a7b84e8842732deb08f56c3e21ac6f8a,0xe7ec1164bf10053b0c015a8cb512781f6af1eac955693992a905a6b50b1fe4e3
250,0.01,0.0000161,0x0c4085d8e714ca77ac5f46cd2b80a92d238a7cd3,2017-10-31T00:29:03.000Z,0.00161,0x32c65dba11d5143444f7be3c8b274fa20af04db7,buy,0x96a65609a7b84e8842732deb08f56c3e21ac6f8a,0xcc3896b946bf30d84c59306bee7bdbf8e9a8d63f4f61700c61a63fef7dec0d76
251,0.7396957541746837,0.001183513206679494,0x1912c078b132266c4d9024d9ceeba3276856e4ef,2017-10-30T23:56:34.000Z,0.0016,0x5d49115235b4ca312269c4e6dc32e5a488494649,sell,0x96a65609a7b84e8842732deb08f56c3e21ac6f8a,0x844132d602315fa658a623d2ac124fbe39704ff1da01e77955822609a5d5242a
252,105,0.1701,0x6b8f546926d84de6a9d25eafc153c5a4f04b3a05,2017-10-30T23:02:27.000Z,0.00162,0x1eaa18a0e964d346f2b5182be3f97d7aab5145b9,buy,0x96a65609a7b84e8842732deb08f56c3e21ac6f8a,0x8c5ff317e2a082fe59dd8ae70eb50b3db133a80a7763780dc64640f857901ace
253,92,0.14904,0x6b8f546926d84de6a9d25eafc153c5a4f04b3a05,2017-10-30T22:36:46.000Z,0.00162,0x1eaa18a0e964d346f2b5182be3f97d7aab5145b9,buy,0x96a65609a7b84e8842732deb08f56c3e21ac6f8a,0x5fd01b087353f5a54bb97601aa19ce6811f10b511c793a722e7edd438098e922
254,1,0.001628,0xec670ebbd986f392d85b38f586c7dfa4df3a4b88,2017-10-30T20:24:42.000Z,0.001628,0xb1d70e579dda889cc0350a846741ba8a2ba1837a,buy,0x96a65609a7b84e8842732deb08f56c3e21ac6f8a,0xcc0d08821f264eaa32f789231836f81bf92aefe5c863c08b2383855bfc82518d
255,37.434,0.0598944,0xf73619d94b364e6377a386e7893b002cc66c8959,2017-10-30T18:52:42.000Z,0.0016,0xcf085317456133e93d72ab5fc56025d8d3802c38,buy,0x96a65609a7b84e8842732deb08f56c3e21ac6f8a,0x8ef2467012d9622a37ba229a924f7595eca4ba6a88da18d9df92413aa4a41939
256,50,0.08,0x1bf546e7e42ebc76c270f84dc9f5f3e2e8e7276d,2017-10-30T18:22:03.000Z,0.0016,0xcf085317456133e93d72ab5fc56025d8d3802c38,buy,0x96a65609a7b84e8842732deb08f56c3e21ac6f8a,0xb4b85c08a91857036f4fb76817bb0eaf4b04cace7250829220ba42c35f259968
257,1045.089,1.68259329,0x1912c078b132266c4d9024d9ceeba3276856e4ef,2017-10-30T15:52:44.000Z,0.00161,0xcf085317456133e93d72ab5fc56025d8d3802c38,sell,0x96a65609a7b84e8842732deb08f56c3e21ac6f8a,0xdb6c4f52cac1f021121e68c2315b0add4e6f7780c69a199870d8666d20931b52
258,29.323965511143467,0.04721158447294098,0x7da19c1596200ab4996b2ae96373d30f74776248,2017-10-30T15:48:57.000Z,0.00161,0x7da19c1596200ab4996b2ae96373d30f74776248,buy,0x96a65609a7b84e8842732deb08f56c3e21ac6f8a,0x26975d8857f4177784db031933db6239ab60b7c262a04eca129b3b4994d764a0
259,29.411928611366875,0.047353205064300664,0x7da19c1596200ab4996b2ae96373d30f74776248,2017-10-30T15:48:25.000Z,0.00161,0x7da19c1596200ab4996b2ae96373d30f74776248,buy,0x96a65609a7b84e8842732deb08f56c3e21ac6f8a,0x4d3d15fb45ada962dd548e9c034b84494871a30c72b3bb90aa730b08e8df8d90
260,29.411928611366875,0.047353205064300664,0x7da19c1596200ab4996b2ae96373d30f74776248,2017-10-30T15:48:21.000Z,0.00161,0x7da19c1596200ab4996b2ae96373d30f74776248,buy,0x96a65609a7b84e8842732deb08f56c3e21ac6f8a,0x4d3d15fb45ada962dd548e9c034b84494871a30c72b3bb90aa730b08e8df8d90
261,387.88402783432343,0.6244932848132607,0x1912c078b132266c4d9024d9ceeba3276856e4ef,2017-10-30T15:43:34.000Z,0.0016099999999999999,0xcf085317456133e93d72ab5fc56025d8d3802c38,sell,0x96a65609a7b84e8842732deb08f56c3e21ac6f8a,0xde278afe307e1d45b49abe6d16130a4bf99d2c78e702498a19cfbd185675551b
262,2991.0269192422734,4.81555333998006,0x1912c078b132266c4d9024d9ceeba3276856e4ef,2017-10-30T15:34:00.000Z,0.0016099999999999999,0x1d5321e125f6c7079a716705541c7b371ca79e69,sell,0x96a65609a7b84e8842732deb08f56c3e21ac6f8a,0xa1f89ae911976e6a2057d7ef62ca3e3a13315a2b3d3822d148ae752e7b6bb1c6
263,3000,4.8,0x1d5321e125f6c7079a716705541c7b371ca79e69,2017-10-30T15:34:00.000Z,0.0016,0xcf085317456133e93d72ab5fc56025d8d3802c38,buy,0x96a65609a7b84e8842732deb08f56c3e21ac6f8a,0xa1f89ae911976e6a2057d7ef62ca3e3a13315a2b3d3822d148ae752e7b6bb1c6
264,74.749,0.119673074251,0xc8aa2f1cfee78848fd31cea466fc83b5253665a2,2017-10-30T14:38:58.000Z,0.001600999,0xff4c940d2879b824e5e7e90c2b7bebb31f8a9fa6,buy,0x96a65609a7b84e8842732deb08f56c3e21ac6f8a,0xef012da59b3ef78c60cb8ea8f065ecf805c99010641b884aea294ad0cb57af32
265,199.48129991951444,0.2874525531840203,0x8f3ab9008b1b3e1b4f3dc4c354e9192c1a3ad931,2017-10-30T13:29:56.000Z,0.001441,0xc0998c780e0e3c13791c5a32721380d4b8e4c105,sell,0x96a65609a7b84e8842732deb08f56c3e21ac6f8a,0xa4f7e7fa0da120bdb220a6062bcbe227ef9781ecda15b38f36f83891899edcb3
266,996.9194926492503,1.4365609889075697,0xb82ddb2da7616d0755db7e1cb188be88316d756c,2017-10-30T12:45:51.000Z,0.001441,0xc0998c780e0e3c13791c5a32721380d4b8e4c105,sell,0x96a65609a7b84e8842732deb08f56c3e21ac6f8a,0xe9be9e772d9fb822dffb4c96c6118097277a6cbc5e721b45ca9aa8b636532b5d
267,2319.3187631104684,3.4325917694034933,0x8f3ab9008b1b3e1b4f3dc4c354e9192c1a3ad931,2017-10-30T12:44:07.000Z,0.00148,0x4422faacf2bb8bd836e330937f00f2e18268cc4a,sell,0x96a65609a7b84e8842732deb08f56c3e21ac6f8a,0xb4afdc3bc08396777b80be77bf68c364de6746620e22a6f58db8f9dbed9385d2
268,1990.7879466942672,2.9463661611075156,0x8f3ab9008b1b3e1b4f3dc4c354e9192c1a3ad931,2017-10-30T12:41:10.000Z,0.00148,0xee004e564e2d0f6ead3613df41b7f69bb76a73e0,sell,0x96a65609a7b84e8842732deb08f56c3e21ac6f8a,0x3cadf7dfef9c83384e75614c4287f87ef04a1a9c741a07a1b9d254a68da9b091
269,3.2,0.004864,0x53aab1f2e9ad5163963e3bbba1fa6f9ad5e75603,2017-10-30T12:40:10.000Z,0.00152,0xee004e564e2d0f6ead3613df41b7f69bb76a73e0,sell,0x96a65609a7b84e8842732deb08f56c3e21ac6f8a,0xe3e2b4c064dfd6835d28e201fd33d9803c665ba5da9baa3a277c4289c2592f93
270,1689.8932901952644,2.501042069488991,0x8f3ab9008b1b3e1b4f3dc4c354e9192c1a3ad931,2017-10-30T12:39:00.000Z,0.00148,0xee004e564e2d0f6ead3613df41b7f69bb76a73e0,sell,0x96a65609a7b84e8842732deb08f56c3e21ac6f8a,0xce4282e4b4489cc45e3f297608a997505327a40d3916dc3bf171040bc883ff50
271,899.265,1.42983135,0x8f3ab9008b1b3e1b4f3dc4c354e9192c1a3ad931,2017-10-30T11:59:49.000Z,0.00159,0x4422faacf2bb8bd836e330937f00f2e18268cc4a,sell,0x96a65609a7b84e8842732deb08f56c3e21ac6f8a,0xb5ec45bd5d1672b80208dd2db9b8b1abd9103c261a9c673862e3dcc09c558ea7
272,89,0.13528,0x5b4bad5221f61e25017a10caa67bf84d20bfbf0d,2017-10-30T11:47:13.000Z,0.00152,0xee004e564e2d0f6ead3613df41b7f69bb76a73e0,sell,0x96a65609a7b84e8842732deb08f56c3e21ac6f8a,0xe45ecb4d371bf3d8af6516999c94b4a8e365db053a9dd1c274430b32cae4c21f
273,100,0.152,0xba8acabc6da3b8c87c914aeecf9c11ab088d47d2,2017-10-30T11:46:11.000Z,0.00152,0xee004e564e2d0f6ead3613df41b7f69bb76a73e0,sell,0x96a65609a7b84e8842732deb08f56c3e21ac6f8a,0xe68bb52564b7b5e49104c1e78ef973245f1fb02ce69110cdcc3e48824c026c83
274,100,0.1525,0x7da19c1596200ab4996b2ae96373d30f74776248,2017-10-30T11:44:51.000Z,0.001525,0xee004e564e2d0f6ead3613df41b7f69bb76a73e0,sell,0x96a65609a7b84e8842732deb08f56c3e21ac6f8a,0xd9f992dad83fde9b8a6a56b8bfb351a00be097c30856d686f90be2b372461c17
275,184.77721865271187,0.29933909421739324,0x4981f2fe7e62bede4abfeae3eab36411d1976505,2017-10-30T09:58:55.000Z,0.00162,0xcf085317456133e93d72ab5fc56025d8d3802c38,buy,0x96a65609a7b84e8842732deb08f56c3e21ac6f8a,0x5feae62f55174b862512d587acd62636c22fea4459e64b7dd8af493928f2dc85
276,1250,1.887625,0xb2c786c8e63d2cb65a68b86b2b8d288c3f0afd0f,2017-10-30T08:49:19.000Z,0.0015101,0x4422faacf2bb8bd836e330937f00f2e18268cc4a,sell,0x96a65609a7b84e8842732deb08f56c3e21ac6f8a,0x4e48a79eda19afe2bdaea65c63068b0bba7fa65dcd75276a1e47392caf94b711
277,1500,2.265,0xb82ddb2da7616d0755db7e1cb188be88316d756c,2017-10-30T08:49:19.000Z,0.00151,0x4422faacf2bb8bd836e330937f00f2e18268cc4a,sell,0x96a65609a7b84e8842732deb08f56c3e21ac6f8a,0x00b60d40d54b6179440f4b8cb1fa82706e821f149492812b17d5b1a556319145
278,932,1.40732,0xcf085317456133e93d72ab5fc56025d8d3802c38,2017-10-30T08:20:15.000Z,0.00151,0xba8acabc6da3b8c87c914aeecf9c11ab088d47d2,buy,0x96a65609a7b84e8842732deb08f56c3e21ac6f8a,0x9e31c705d5e958e99af9647cec9184f96d600a7801c15ec491d0834a6420a015
279,49.85,0.07832432,0x91bf3a2f3e98e51925711a15d578bb107513da4c,2017-10-30T07:29:31.000Z,0.0015712,0x273a5d3e6721b9f5c1a6474f560c1334c63dda01,sell,0x96a65609a7b84e8842732deb08f56c3e21ac6f8a,0x70a7d5e8d28b91512a4d5bb434fb60dc14b1ce30dfec83958c74765a450d0c16
280,50,0.0755,0x273a5d3e6721b9f5c1a6474f560c1334c63dda01,2017-10-30T07:29:31.000Z,0.00151,0xba8acabc6da3b8c87c914aeecf9c11ab088d47d2,buy,0x96a65609a7b84e8842732deb08f56c3e21ac6f8a,0x70a7d5e8d28b91512a4d5bb434fb60dc14b1ce30dfec83958c74765a450d0c16
281,17.02680023526157,0.0295430308202,0xff4c940d2879b824e5e7e90c2b7bebb31f8a9fa6,2017-10-30T07:08:55.000Z,0.00173509,0xd53955fa72ae2844f9add18bb455898af8e470f1,sell,0x96a65609a7b84e8842732deb08f56c3e21ac6f8a,0xc44e178b0924db7806920d3584774d0c58480817294b7e3b04aaa45df5687d9b
282,17.0780343382764,0.02732485494124224,0xd53955fa72ae2844f9add18bb455898af8e470f1,2017-10-30T07:08:55.000Z,0.0016,0xba8acabc6da3b8c87c914aeecf9c11ab088d47d2,buy,0x96a65609a7b84e8842732deb08f56c3e21ac6f8a,0xc44e178b0924db7806920d3584774d0c58480817294b7e3b04aaa45df5687d9b
283,2364.0003361495947,3.8533205479238393,0xb30ff8c654ebe044df8e973beaeb031ac0c5e3d6,2017-10-30T06:40:38.000Z,0.00163,0xcf085317456133e93d72ab5fc56025d8d3802c38,buy,0x96a65609a7b84e8842732deb08f56c3e21ac6f8a,0xbc0ff93cca16d469f92ae635525840009584327efdba2e6dd401b4b5cf796788
284,90,0.142425,0xa045ea6c97d9f07ce2e5020944ee4c1ffac9f599,2017-10-30T06:11:04.000Z,0.0015825,0xcf085317456133e93d72ab5fc56025d8d3802c38,sell,0x96a65609a7b84e8842732deb08f56c3e21ac6f8a,0xab7f08137c3f9a90051f5eb51480703c9c2c9bc190bccfeb37e711a07c65cb66
285,800,1.264,0x82be7538aab3ee7b1e3993f798be700f6110e857,2017-10-30T06:10:29.000Z,0.00158,0xcf085317456133e93d72ab5fc56025d8d3802c38,sell,0x96a65609a7b84e8842732deb08f56c3e21ac6f8a,0xa6b5f06d40d594d13d031aac1fb1d72898e4d88276d5793408e08dcb011c3056
286,69,0.11247,0xe5abf00b3a510505a17cdf61080d8e87f1020b4a,2017-10-30T05:28:39.000Z,0.00163,0xcf085317456133e93d72ab5fc56025d8d3802c38,buy,0x96a65609a7b84e8842732deb08f56c3e21ac6f8a,0x7c21f75f742067dd843db169f3a901eb31f971bce5b805c4b01f45364ac0a900
287,9.192,0.01498296,0xe5abf00b3a510505a17cdf61080d8e87f1020b4a,2017-10-30T05:25:57.000Z,0.00163,0xcf085317456133e93d72ab5fc56025d8d3802c38,buy,0x96a65609a7b84e8842732deb08f56c3e21ac6f8a,0xf4756ff958e4ea0bf99592d9984ba31899ad1347f873902d5405d37ea6c2ec6a
288,57.63475957169038,0.10000149498524427,0xff4c940d2879b824e5e7e90c2b7bebb31f8a9fa6,2017-10-30T04:57:17.000Z,0.00173509,0xc9d56287b414e1aa0963016aa721b527f095fd9c,sell,0x96a65609a7b84e8842732deb08f56c3e21ac6f8a,0x59f550342e45cdd9451ca47c135558af3eb74d4edddb0c81d4090ccbf80723cb
289,57.807663850405454,0.09422649207616089,0xc9d56287b414e1aa0963016aa721b527f095fd9c,2017-10-30T04:57:17.000Z,0.00163,0xcf085317456133e93d72ab5fc56025d8d3802c38,buy,0x96a65609a7b84e8842732deb08f56c3e21ac6f8a,0x59f550342e45cdd9451ca47c135558af3eb74d4edddb0c81d4090ccbf80723cb
290,175,0.30625,0xc7b69dca9642b623fec6d0e11fb6cad1b30cf868,2017-10-30T04:15:06.000Z,0.00175,0x1f782d0194cd7cdd06961f8852575fe85dc64592,buy,0x96a65609a7b84e8842732deb08f56c3e21ac6f8a,0x9074efd858d24536b883e9a856ff5c6b4476034e8ce9a20173b9d5d028a4b07f
291,20,0.03202,0x383932e5467528999954bf192452e390e1c84795,2017-10-30T04:09:55.000Z,0.001601,0xcf085317456133e93d72ab5fc56025d8d3802c38,sell,0x96a65609a7b84e8842732deb08f56c3e21ac6f8a,0x877fd3bc0e35c2c14fdd3ff344b5dcc05a878e19db3bac2e07bab93d824ecc4c
292,20,0.0322,0x383932e5467528999954bf192452e390e1c84795,2017-10-30T04:08:37.000Z,0.00161,0xcf085317456133e93d72ab5fc56025d8d3802c38,sell,0x96a65609a7b84e8842732deb08f56c3e21ac6f8a,0xae1e27f35d041d8f0476efbcd2bd6a5053dafe4072f67b714d3135f8eb934603
293,50.734981190925104,0.08066862009357093,0x8f3ab9008b1b3e1b4f3dc4c354e9192c1a3ad931,2017-10-30T04:07:26.000Z,0.00159,0xcf085317456133e93d72ab5fc56025d8d3802c38,sell,0x96a65609a7b84e8842732deb08f56c3e21ac6f8a,0xd3fc1f57bd8e92814c3119bc2a702973f8f18f5b9f7f1ef9cfcdbe8ff627ad9b
294,206.559,0.32636322,0x1eaa18a0e964d346f2b5182be3f97d7aab5145b9,2017-10-30T04:06:04.000Z,0.00158,0xcf085317456133e93d72ab5fc56025d8d3802c38,sell,0x96a65609a7b84e8842732deb08f56c3e21ac6f8a,0x0a1be30ac35f7451cbaf3e5499fcf4ff1deb6b97e0468188834ce71ff55332dd
295,38.858621724375,0.062173794759,0x249c0c8291399b259711a497ab480b8b6105ea15,2017-10-30T04:04:37.000Z,0.0016,0xcf085317456133e93d72ab5fc56025d8d3802c38,sell,0x96a65609a7b84e8842732deb08f56c3e21ac6f8a,0x52ea03896f0538d9903d4d8cd87da1b06566682db5087179e1f7c04f6a379f81
296,340.67072468355474,0.5386004157247,0xb1d70e579dda889cc0350a846741ba8a2ba1837a,2017-10-30T04:04:37.000Z,0.001581,0xcf085317456133e93d72ab5fc56025d8d3802c38,sell,0x96a65609a7b84e8842732deb08f56c3e21ac6f8a,0xa8670c2a567ed57d2714ae958bd018b11173f79d926a8f805855f9705d0a666e
297,50,0.0805005,0xe006f965292e66d81645c56d6662098ccec6f73d,2017-10-30T04:04:13.000Z,0.00161001,0xcf085317456133e93d72ab5fc56025d8d3802c38,sell,0x96a65609a7b84e8842732deb08f56c3e21ac6f8a,0x52f96749a330521ab44368b85791e5f73ad9d5b6118aab7339ca962554b78f56
298,1793.4407375355584,2.833636365306182,0x1eaa18a0e964d346f2b5182be3f97d7aab5145b9,2017-10-30T03:52:58.000Z,0.00158,0x23c09abbc301e4bd6396548f5f6005ab345afb7e,sell,0x96a65609a7b84e8842732deb08f56c3e21ac6f8a,0xd53094e1e22a7893d2f07fe5baca550be9e0b3ea2127778983e09e307a6c9b1d
299,105,0.1690521,0x08417893c3409bbab1c572ffef3e28fcb365499c,2017-10-30T03:47:18.000Z,0.00161002,0xcf085317456133e93d72ab5fc56025d8d3802c38,sell,0x96a65609a7b84e8842732deb08f56c3e21ac6f8a,0x7ecd2d4b9071893a01d06e26dfe138e8fa6423c2241be7c5772b86288881dfcb
300,900,1.449027,0x8f3ab9008b1b3e1b4f3dc4c354e9192c1a3ad931,2017-10-30T03:45:35.000Z,0.00161003,0xcf085317456133e93d72ab5fc56025d8d3802c38,sell,0x96a65609a7b84e8842732deb08f56c3e21ac6f8a,0x8081a5069e0aa0f80b904e158c0349b704fd5428bb990f228d2b0dd84f0b4e58
301,1725.5265927246621,2.778166835350415,0x249c0c8291399b259711a497ab480b8b6105ea15,2017-10-30T03:44:06.000Z,0.00161004,0xcf085317456133e93d72ab5fc56025d8d3802c38,sell,0x96a65609a7b84e8842732deb08f56c3e21ac6f8a,0x1e87c721fc6b629c65a9b23e27debe42be154904337c610e5255881e71c2a988
302,174.47340727533782,0.28090916464958493,0x249c0c8291399b259711a497ab480b8b6105ea15,2017-10-30T03:39:36.000Z,0.00161004,0x1f782d0194cd7cdd06961f8852575fe85dc64592,sell,0x96a65609a7b84e8842732deb08f56c3e21ac6f8a,0x1a6c7e4b2c4b04fb2683462e52efd25d7994eaaa2431b5c248f26ea37e09987a
303,100,0.61,0x4a0424a7714ff91b10c5f22e3c316e030a65ee42,2017-10-30T03:33:00.000Z,0.0061,0x5c4fa72c0199ca949e1abb046710ea46902f2ee3,buy,0x96a65609a7b84e8842732deb08f56c3e21ac6f8a,0x2c327cc4b83f4db4932fc1e96411eef47e9e3a74ecdeba72ce21703c28faa68b
304,400,0.83992,0x5c4fa72c0199ca949e1abb046710ea46902f2ee3,2017-10-30T03:31:36.000Z,0.0020998,0x4a0424a7714ff91b10c5f22e3c316e030a65ee42,buy,0x96a65609a7b84e8842732deb08f56c3e21ac6f8a,0x090ac1b0c54e9397b8ed5436dcf3011d8b478e3c9b468cfeab8192a0171d101a
305,0.1994017946161,0.000356929212362819,0xc3e7f39030093ebebc1f8fd66f63a468ea91d3d9,2017-10-30T02:12:44.000Z,0.00179,0x16e5d97bbc92417e051e3b2cabfbf8ceea2acb9c,sell,0x96a65609a7b84e8842732deb08f56c3e21ac6f8a,0xa9ca513c50a8e747ae065c4f05021119f8830d97017c56d2e632bb4c1bdab971
306,0.2002026050362,0.000358362663014798,0xc3e7f39030093ebebc1f8fd66f63a468ea91d3d9,2017-10-30T02:09:51.000Z,0.00179,0x379374d13077e8867ef31803c37baf9785a17c00,sell,0x96a65609a7b84e8842732deb08f56c3e21ac6f8a,0x197071ab70beff3ae2b59fce8233db97d86c4616bfd2839968ab4ba2f9de7917
307,1000,1.59,0xbbab400ed56179fc0a099f844fb9764d6593e630,2017-10-30T00:37:38.000Z,0.00159,0x62c4727ceb8ae8128da0132cb631b0e7ec5652a2,sell,0x96a65609a7b84e8842732deb08f56c3e21ac6f8a,0x1f6182cb4c7ba0c979f03698b1b5973ff659186cb64eaca6c7fbf4cb9e2aa42e
308,205,0.3280205,0x492842125e4c3a7d10cda0e0291ea22788e4ad60,2017-10-30T00:36:11.000Z,0.0016001,0x62c4727ceb8ae8128da0132cb631b0e7ec5652a2,sell,0x96a65609a7b84e8842732deb08f56c3e21ac6f8a,0x0b11042cbd3cf68521119275742057d85837e403bc2989f1e03556ffaf061355
309,510,0.816,0xcf27c98c63df871978cdf299b8bf8049280438ff,2017-10-30T00:35:44.000Z,0.0016,0x62c4727ceb8ae8128da0132cb631b0e7ec5652a2,sell,0x96a65609a7b84e8842732deb08f56c3e21ac6f8a,0x778726c41687f5504220728699f51b192618589a296990d13468c6afa60c2923
310,125.101,0.207980537601,0x65026441b2a3f9799cf13f18700db1540411e2a5,2017-10-30T00:35:38.000Z,0.001662501,0x62c4727ceb8ae8128da0132cb631b0e7ec5652a2,sell,0x96a65609a7b84e8842732deb08f56c3e21ac6f8a,0x5ceb88f79515b1a01f9b4a32b64af5177989535f42ad7111a0f30f1e22875ab1
311,270,0.4833,0xfb6a263c3defa3252b05e28a734f3e966a859862,2017-10-30T00:35:26.000Z,0.00179,0x62c4727ceb8ae8128da0132cb631b0e7ec5652a2,sell,0x96a65609a7b84e8842732deb08f56c3e21ac6f8a,0xca27776ace6063c45ca1ba47d5ec1f5126121a750d87f9af34eff7fbf93376b9
312,600,0.9609,0xbf96472c019c3d5b224e6e7cf48f407c55e217e9,2017-10-30T00:35:08.000Z,0.0016015,0x62c4727ceb8ae8128da0132cb631b0e7ec5652a2,sell,0x96a65609a7b84e8842732deb08f56c3e21ac6f8a,0xf8ee77e50f5180dfe4f50ab7b5860b95de3dd86c698de342c8365888b5b0dbfe
313,0.1,0.0001610007,0x64dcca9d2091012bd3e1e5235d703f72f4d65746,2017-10-29T23:02:38.000Z,0.001610007,0xcf27c98c63df871978cdf299b8bf8049280438ff,sell,0x96a65609a7b84e8842732deb08f56c3e21ac6f8a,0xe2bf9dd76530a84a6ffa53f917fbe5eebdcb0d06a4ea696833677637d9642b12
314,20,0.0331,0x383932e5467528999954bf192452e390e1c84795,2017-10-29T22:18:28.000Z,0.001655,0xee004e564e2d0f6ead3613df41b7f69bb76a73e0,sell,0x96a65609a7b84e8842732deb08f56c3e21ac6f8a,0x0bf248d9b0e0010ec626195aca529a9c556378e4cc7e1979e088c34b4ae9be98
315,1000,1.921,0xde73f3087cd636f22c675ae4e3e37a9bf7f5b32c,2017-10-29T22:02:21.000Z,0.001921,0xee004e564e2d0f6ead3613df41b7f69bb76a73e0,buy,0x96a65609a7b84e8842732deb08f56c3e21ac6f8a,0x73a25f6ab3e1034cc68754f9c5f2eb930ece4dd0d0ff5f61666cb41ffd83bcf3
316,2568.185969675321,4.332786549439234,0x37cb09a996142767eefff06b128835f3d3936dcb,2017-10-29T19:22:27.000Z,0.0016871,0xcf085317456133e93d72ab5fc56025d8d3802c38,buy,0x96a65609a7b84e8842732deb08f56c3e21ac6f8a,0x2b685541b489e78fd03b7343bfd7e859b91970be5eeb85f2281a582f421cb524
317,531.8140303246792,0.8972234505607661,0x72f72a08e9dddce24dd122da496d2ad2892ff141,2017-10-29T19:18:48.000Z,0.0016871,0xcf085317456133e93d72ab5fc56025d8d3802c38,buy,0x96a65609a7b84e8842732deb08f56c3e21ac6f8a,0x1ae5549dfa34aecaa1ed04fa4d6d95dfce0a2fc5b3b3023db9eca87b80a03dc8
318,417,0.70056,0xbbab400ed56179fc0a099f844fb9764d6593e630,2017-10-29T18:29:36.000Z,0.00168,0xcf085317456133e93d72ab5fc56025d8d3802c38,buy,0x96a65609a7b84e8842732deb08f56c3e21ac6f8a,0x5bfdd11707b8daa2e067eb4c09a940ac596ddba19196135e3e53f2f3b71adff5
319,195,0.329355,0xbbab400ed56179fc0a099f844fb9764d6593e630,2017-10-29T18:26:22.000Z,0.001689,0x492842125e4c3a7d10cda0e0291ea22788e4ad60,buy,0x96a65609a7b84e8842732deb08f56c3e21ac6f8a,0x4a511592e2fc8ccf2d5f19c2147410b1e6a7d0968d0778b0a6493acdd46acc4b
320,187.18279455851535,0.3182107507494761,0x45c635e987e6077116d127e35e7b4b0cd9b27031,2017-10-29T18:26:22.000Z,0.0017,0xcf085317456133e93d72ab5fc56025d8d3802c38,sell,0x96a65609a7b84e8842732deb08f56c3e21ac6f8a,0xc7591992ae35d41336d90870fd5eda13cf7ccc42fe8aa1495609138b6025c6ad
321,12.817205441484651,0.021789249250523907,0x45c635e987e6077116d127e35e7b4b0cd9b27031,2017-10-29T18:15:09.000Z,0.0017,0x8ce1dcd63ba0905d2f2e0320c5ac445f12a19667,sell,0x96a65609a7b84e8842732deb08f56c3e21ac6f8a,0x1bf8242667cb92f51a28e080198abc3879a5f3dbda1d1f7f184fd6f25d0df19c
322,500,0.84,0x1bf546e7e42ebc76c270f84dc9f5f3e2e8e7276d,2017-10-29T16:40:12.000Z,0.00168,0xcf085317456133e93d72ab5fc56025d8d3802c38,buy,0x96a65609a7b84e8842732deb08f56c3e21ac6f8a,0x8dad4e349cedcf882ba8b2f3aa2cbcd329439bffac2a9708fef996cb3fb35d00
323,872.54,1.4658672,0x90ca1894fbfa69eff6e2a89a53d87f66ccf97174,2017-10-29T16:32:41.000Z,0.00168,0x1eaa18a0e964d346f2b5182be3f97d7aab5145b9,buy,0x96a65609a7b84e8842732deb08f56c3e21ac6f8a,0xa33b8c8282fddc3973502f07f6bdb2876471150b7791989d314c923affb0bbf6
324,150,0.252,0x1bf546e7e42ebc76c270f84dc9f5f3e2e8e7276d,2017-10-29T16:25:47.000Z,0.00168,0x1eaa18a0e964d346f2b5182be3f97d7aab5145b9,buy,0x96a65609a7b84e8842732deb08f56c3e21ac6f8a,0xc9ec67e7f624df177f44cb31f172ae152b709b945a8c5be3950777e54899cb24
325,79.76,0.1292112,0x5b2712b6238ecf7e893c7c8a3d0d0c370178b93d,2017-10-29T16:11:30.000Z,0.00162,0x273a5d3e6721b9f5c1a6474f560c1334c63dda01,sell,0x96a65609a7b84e8842732deb08f56c3e21ac6f8a,0x7553f9f1e3b3317141843a06d64770f8f102e1a441cc65af5b7047674bfa91ad
326,80,0.125696,0x273a5d3e6721b9f5c1a6474f560c1334c63dda01,2017-10-29T16:11:30.000Z,0.0015712,0x53c9cddceb790add2cefff338badb46ba0aafca9,buy,0x96a65609a7b84e8842732deb08f56c3e21ac6f8a,0x7553f9f1e3b3317141843a06d64770f8f102e1a441cc65af5b7047674bfa91ad
327,0.008300913545232122,0.000013696507349633,0x5077da020bbbb1789c9d74602af781983e019932,2017-10-29T14:57:24.000Z,0.00165,0x1eaa18a0e964d346f2b5182be3f97d7aab5145b9,buy,0x96a65609a7b84e8842732deb08f56c3e21ac6f8a,0xe51509c0df937200b3c2fc6e75335ee841444055ddeba8205b4f4018bb743916
328,83.26646377221735,0.13738966522415863,0x5077da020bbbb1789c9d74602af781983e019932,2017-10-29T14:54:59.000Z,0.00165,0x1eaa18a0e964d346f2b5182be3f97d7aab5145b9,buy,0x96a65609a7b84e8842732deb08f56c3e21ac6f8a,0x2b000291699cc8e9bf5719c66d9dc2440d026c195d9d1eae65a4838edb1a7ffb
329,50,0.0815,0x15f8e988924cf1593e8d19942508d62732d38898,2017-10-29T14:45:38.000Z,0.00163,0x1eaa18a0e964d346f2b5182be3f97d7aab5145b9,buy,0x96a65609a7b84e8842732deb08f56c3e21ac6f8a,0xb4b56bf9807a7af058a0cb234d5211e76e39f77f51de5bf1e69043b2ec0c7d7c
330,0.004984547901505333,0.000007831278038081,0x98b8f889dbe2b5c4c5879f65e13b24012f2afdce,2017-10-29T14:30:39.000Z,0.0015711109999998103,0x56d5054704e12bf2fbc35508f1454700cc24bbde,sell,0x96a65609a7b84e8842732deb08f56c3e21ac6f8a,0x4bb204d773d35bc0be84ed5711febfb1761f8d98b03714727ef0ca33e9d31f0f
331,46.05372417648042,0.07506757040766308,0x5077da020bbbb1789c9d74602af781983e019932,2017-10-29T14:30:17.000Z,0.00163,0x1eaa18a0e964d346f2b5182be3f97d7aab5145b9,buy,0x96a65609a7b84e8842732deb08f56c3e21ac6f8a,0x1c6af617ebe3836093923f0e236ade16fd4b77a392a953544bc32cae7b052364
332,1,0.001629999,0x5077da020bbbb1789c9d74602af781983e019932,2017-10-29T14:29:44.000Z,0.001629999,0xc7954ad7f35fe1e61b088fa1367a03d19cf1ed03,buy,0x96a65609a7b84e8842732deb08f56c3e21ac6f8a,0xd1064b02161d22432c1dc8e3cb3d85066985c4070f19a0bd435c2181ff9c91f3
333,1000,1.6,0x031b463a3077c86958276157f9b7493f3c064af6,2017-10-29T13:50:01.000Z,0.0016,0x29f6912fbe406beb8ed4647072fcc838b7b97e52,sell,0x96a65609a7b84e8842732deb08f56c3e21ac6f8a,0xa2190afa47005b77355ebcbd2ab9b15495f5737f73a8d940ac112296adf373c8
334,1.2221043305241073,0.001992030058754295,0x1d5321e125f6c7079a716705541c7b371ca79e69,2017-10-29T13:30:01.000Z,0.00163,0x1eaa18a0e964d346f2b5182be3f97d7aab5145b9,buy,0x96a65609a7b84e8842732deb08f56c3e21ac6f8a,0xd8fec144e02cde1ecbdb5909ebe07a82edd35c35070cbb4a9a26b9b679fba482
335,1.2184489835733872,0.00202506586604592,0x99bc37ffa8c3b9e6f4792abf009cc294b34947bc,2017-10-29T13:30:01.000Z,0.0016620029999999998,0x1d5321e125f6c7079a716705541c7b371ca79e69,sell,0x96a65609a7b84e8842732deb08f56c3e21ac6f8a,0xd8fec144e02cde1ecbdb5909ebe07a82edd35c35070cbb4a9a26b9b679fba482
336,406.1460058441784,0.675015880151042,0x99bc37ffa8c3b9e6f4792abf009cc294b34947bc,2017-10-29T13:18:39.000Z,0.001662003,0xd53955fa72ae2844f9add18bb455898af8e470f1,sell,0x96a65609a7b84e8842732deb08f56c3e21ac6f8a,0xbc5a09eafaa2a5ac66ab1b4875112dfda27d51aca33a6adb0fdd6a87b3bb972f
337,407.36811017470245,0.668083700686512,0xd53955fa72ae2844f9add18bb455898af8e470f1,2017-10-29T13:18:39.000Z,0.00164,0xcf085317456133e93d72ab5fc56025d8d3802c38,buy,0x96a65609a7b84e8842732deb08f56c3e21ac6f8a,0xbc5a09eafaa2a5ac66ab1b4875112dfda27d51aca33a6adb0fdd6a87b3bb972f
338,707.291,1.175519763873,0x99bc37ffa8c3b9e6f4792abf009cc294b34947bc,2017-10-29T12:24:42.000Z,0.001662003,0x29f6912fbe406beb8ed4647072fcc838b7b97e52,sell,0x96a65609a7b84e8842732deb08f56c3e21ac6f8a,0x8a42d60fdcfc2e760c014926d9fff7ab39616bf8d0cc422fe6344b47e74efc5a
339,10,0.01661,0x383932e5467528999954bf192452e390e1c84795,2017-10-29T12:05:31.000Z,0.001661,0xcf085317456133e93d72ab5fc56025d8d3802c38,sell,0x96a65609a7b84e8842732deb08f56c3e21ac6f8a,0x7a0d2937b006ba1fee10f0da2274e9cc07fc7714d7a99a01966e153f1c8535a9
340,8.032,0.013349208096,0x99bc37ffa8c3b9e6f4792abf009cc294b34947bc,2017-10-29T12:05:21.000Z,0.001662003,0xcf085317456133e93d72ab5fc56025d8d3802c38,sell,0x96a65609a7b84e8842732deb08f56c3e21ac6f8a,0x4b719e0cb99231aeb1ec8975e5f115659b4051cf717485053b46dcffd652dd58
341,300,0.48,0xed9d2dd36a71170c2fb8c067da42433a82a2f6a2,2017-10-29T11:58:48.000Z,0.0016,0xcf085317456133e93d72ab5fc56025d8d3802c38,sell,0x96a65609a7b84e8842732deb08f56c3e21ac6f8a,0x91ac86a39e06189eb2f35c3491e845ed0cf66449f7057ad466b36107dfbfee1e
342,100,0.162,0x695f7ca2b214b12912a8f74ab689907666cad96c,2017-10-29T11:58:00.000Z,0.00162,0xcf085317456133e93d72ab5fc56025d8d3802c38,sell,0x96a65609a7b84e8842732deb08f56c3e21ac6f8a,0x87b9076504ed88140157d90aa48014af64567f1c7d0fe25bc99edb839322fb4a
343,0.28720609003321573,0.000498328414755732,0xff4c940d2879b824e5e7e90c2b7bebb31f8a9fa6,2017-10-29T11:32:09.000Z,0.001735089999999999,0x1d5321e125f6c7079a716705541c7b371ca79e69,sell,0x96a65609a7b84e8842732deb08f56c3e21ac6f8a,0xba6e83ffe2cc9ed711adc956ccc7acc5b43dd684bf8ba18bd00236816973ffa7
344,0.2880677083033154,0.000486834427032603,0x1d5321e125f6c7079a716705541c7b371ca79e69,2017-10-29T11:32:09.000Z,0.00169,0xcf085317456133e93d72ab5fc56025d8d3802c38,buy,0x96a65609a7b84e8842732deb08f56c3e21ac6f8a,0xba6e83ffe2cc9ed711adc956ccc7acc5b43dd684bf8ba18bd00236816973ffa7
345,20,0.033240062,0xe146142131ba3daa2751d0346df4e381711c411b,2017-10-29T11:29:32.000Z,0.0016620031,0xcf085317456133e93d72ab5fc56025d8d3802c38,sell,0x96a65609a7b84e8842732deb08f56c3e21ac6f8a,0x1d780e72065589513b5fbaee799c344aff6c7093e717636599cb25f66368832e
346,415.85693877835325,0.68658022178,0x8ce1dcd63ba0905d2f2e0320c5ac445f12a19667,2017-10-29T11:27:39.000Z,0.001651001,0xcf085317456133e93d72ab5fc56025d8d3802c38,sell,0x96a65609a7b84e8842732deb08f56c3e21ac6f8a,0x5ab44f6de12a625eb4bc37a8550df3fed94cd3be611557fb61b7fdf20e3494fe
347,620,1.02362186,0xc4c3f11db23126544b4bc14ab6a3e44abe90401e,2017-10-29T11:26:22.000Z,0.001651003,0xcf085317456133e93d72ab5fc56025d8d3802c38,sell,0x96a65609a7b84e8842732deb08f56c3e21ac6f8a,0x67e0134814066b5f2783e4e8bc02cdc261aadb8997baab595cb2729ee1e550b2
348,120,0.199512,0x0e34c7532be7f6ce83375cdc8abaf6a3c063d710,2017-10-29T11:26:22.000Z,0.0016626,0xcf085317456133e93d72ab5fc56025d8d3802c38,sell,0x96a65609a7b84e8842732deb08f56c3e21ac6f8a,0x1b62660500b33753484cd67f2bba09b5fd1556a88c42ad0660c319d3a3735296
349,81.08789272409123,0.13675067668454366,0x0f8e39777bcb0a52cb72042ceb5d67ce44b982d1,2017-10-29T11:26:02.000Z,0.00168645,0xcf085317456133e93d72ab5fc56025d8d3802c38,sell,0x96a65609a7b84e8842732deb08f56c3e21ac6f8a,0x509120024559dcdd2a7ccb9ee910d2dcc07bfad00916af63552cc2e82809ac75
350,59.17,0.0999973,0x4651dca516803abf3556d39ea8b448eea92eaff1,2017-10-29T11:25:54.000Z,0.00169,0xcf085317456133e93d72ab5fc56025d8d3802c38,sell,0x96a65609a7b84e8842732deb08f56c3e21ac6f8a,0x7f874462d284817549fb4bd1ab65843dec541dd48f5e2551f5af62224d7c7f2b
351,166,0.2799507,0x0f8e39777bcb0a52cb72042ceb5d67ce44b982d1,2017-10-29T11:12:15.000Z,0.00168645,0xcf085317456133e93d72ab5fc56025d8d3802c38,sell,0x96a65609a7b84e8842732deb08f56c3e21ac6f8a,0xcfb3a148a96f8eb83062e947845843c861b607e3b3f782529f719954a76edcdf
352,80,0.1408,0x4dc7ff6b84c22303b8f4499a165056c4af9ffc71,2017-10-29T10:59:40.000Z,0.00176,0xcf085317456133e93d72ab5fc56025d8d3802c38,buy,0x96a65609a7b84e8842732deb08f56c3e21ac6f8a,0x0dd376f29973ea8346689b481513826a70833045677f810a95f720980431a8e4
353,45.8816342526231,0.08166472080624386,0x4dc7ff6b84c22303b8f4499a165056c4af9ffc71,2017-10-29T10:56:24.000Z,0.0017799,0x9e593db389c9d8307b5c932dda21491e63f8f7d3,buy,0x96a65609a7b84e8842732deb08f56c3e21ac6f8a,0xb36aca11a12b2e5a84c057c5767028e661a57315007f534a1c4b944b4adf7ee9
354,2000,3.47,0x4dc7ff6b84c22303b8f4499a165056c4af9ffc71,2017-10-29T10:54:41.000Z,0.001735,0xcf085317456133e93d72ab5fc56025d8d3802c38,buy,0x96a65609a7b84e8842732deb08f56c3e21ac6f8a,0xd8d350fe91c9273e6aee6b99c4cb6226cfe445040ada84edd1f3e82def17db63
355,123,0.21648,0x4dc7ff6b84c22303b8f4499a165056c4af9ffc71,2017-10-29T10:50:27.000Z,0.00176,0x1eaa18a0e964d346f2b5182be3f97d7aab5145b9,buy,0x96a65609a7b84e8842732deb08f56c3e21ac6f8a,0x46342bbb7d2888395f3ad00cfbf3089d88c93d7698e8aeb9a212331efe408ed0
356,44,0.0763444,0x4dc7ff6b84c22303b8f4499a165056c4af9ffc71,2017-10-29T10:49:30.000Z,0.0017351,0xdb53b233d89d5d4849bc48e00a79a42192ce090c,buy,0x96a65609a7b84e8842732deb08f56c3e21ac6f8a,0xdac97934221df59396060da8ba040706ff744ebdda57a8970ce3dfc693edd630
357,657.9275907219397,1.1184769042272977,0xe38144ef3dcf82df23f32313dccbd91dc1f29675,2017-10-29T10:46:57.000Z,0.0017,0xcf085317456133e93d72ab5fc56025d8d3802c38,sell,0x96a65609a7b84e8842732deb08f56c3e21ac6f8a,0x74bf62417e8cae0733b39c6e30ffe5179178b2bced9b652717ee5fcfb4f6b9fa
358,4,0.0069404,0x542f9a56345aef94a0658b2d235fbc737c944622,2017-10-29T10:40:02.000Z,0.0017351,0xdb53b233d89d5d4849bc48e00a79a42192ce090c,buy,0x96a65609a7b84e8842732deb08f56c3e21ac6f8a,0x654947c1e3dafa422743badb9e2552b4a700bf430123614fdd0abc4933afc9f2
359,1,0.001735,0x542f9a56345aef94a0658b2d235fbc737c944622,2017-10-29T10:36:51.000Z,0.001735,0x91d8d78b3d36232eb0f84b345c12a2b0600ba694,buy,0x96a65609a7b84e8842732deb08f56c3e21ac6f8a,0x7fbda0809d54ab736a0dd53d73733b23d23d5652106ae7ad86dc015d8fe219f6
360,9.969095803010667,0.016947462865118133,0xe38144ef3dcf82df23f32313dccbd91dc1f29675,2017-10-29T10:05:34.000Z,0.0017,0x368674b5b7bd3ec1d97954d63ffdbc367166a3ae,sell,0x96a65609a7b84e8842732deb08f56c3e21ac6f8a,0x97fa56a40a1eeaa35c836e2bd2ed9bc874a0f59310421289df526d294e266995
361,159.8080923007169,0.27167375691121876,0xe38144ef3dcf82df23f32313dccbd91dc1f29675,2017-10-29T09:57:28.000Z,0.0017,0x0323419769e8cc543157d1f10e0f8268cfc8caa9,sell,0x96a65609a7b84e8842732deb08f56c3e21ac6f8a,0x219649b35201ca1adc7cb445026a6f8db105f2cccdd3a0fdce01dc88c7f44dd2
362,622.6638835485105,1.058528602032468,0xe38144ef3dcf82df23f32313dccbd91dc1f29675,2017-10-29T09:47:12.000Z,0.0017,0x03174ab3010e35565f6b7bdcc380684b90f2bd86,sell,0x96a65609a7b84e8842732deb08f56c3e21ac6f8a,0xf295cb933c81c64dcce29f7c36bdea6457c6ef33c0d7dd8977c6ff707b09e0d6
363,17.603826725397667,0.030366601101310974,0x08417893c3409bbab1c572ffef3e28fcb365499c,2017-10-29T09:44:10.000Z,0.001725,0x03174ab3010e35565f6b7bdcc380684b90f2bd86,sell,0x96a65609a7b84e8842732deb08f56c3e21ac6f8a,0x0709bfc7792a8f63a92263def12d8358a80bdf5f8da4eea3570ada3aa78f0c08
364,6.4146391346910825,0.011129398898689026,0x08417893c3409bbab1c572ffef3e28fcb365499c,2017-10-29T09:40:32.000Z,0.0017349999999999998,0x03174ab3010e35565f6b7bdcc380684b90f2bd86,sell,0x96a65609a7b84e8842732deb08f56c3e21ac6f8a,0xc4bef5082cdbe935daf9929113d1be697a8e530c2c8f0db9e42c8e323493e47b
365,40,0.069404,0x3d50122603f38790899f6e9a2b5f53ac2052211e,2017-10-29T09:40:05.000Z,0.0017351,0x03174ab3010e35565f6b7bdcc380684b90f2bd86,sell,0x96a65609a7b84e8842732deb08f56c3e21ac6f8a,0xafb54f48173ed757868b8b50489f5c132bc55a3a6eb0319dcca325186bb1e500
366,731.1183657473769,1.3013175791937561,0xf5c05c987884a7d2f9ca28d2d68c17ad88048c9c,2017-10-29T07:35:04.000Z,0.0017799,0x9e593db389c9d8307b5c932dda21491e63f8f7d3,buy,0x96a65609a7b84e8842732deb08f56c3e21ac6f8a,0x1578b862615894233f0323b9bc444b47f63b11a667d607566939603aeefd08bc
367,592.598140536798,1.0074168389125566,0xe38144ef3dcf82df23f32313dccbd91dc1f29675,2017-10-29T06:27:02.000Z,0.0017,0xd35cc4db1066b87373c5b83f2a033b4aabb8a1f2,sell,0x96a65609a7b84e8842732deb08f56c3e21ac6f8a,0x663e294ba1b9a13b1136f4899c02a5d6f6f58280814968ec295b0ec7c46fc715
368,957.033197089024,1.6269564350513408,0xe38144ef3dcf82df23f32313dccbd91dc1f29675,2017-10-29T05:59:13.000Z,0.0017,0xd3d0fa86def8c69b133e6d98deaae843d9c3e432,sell,0x96a65609a7b84e8842732deb08f56c3e21ac6f8a,0x90db50ac7b5b58227325b98e0821fc2d65d1ee46934e5924951ed66794dd5fab
369,677,1.19152,0xacab04f6d39fe4abb281d994d42cf87ec897e1dc,2017-10-29T02:24:31.000Z,0.00176,0x1eaa18a0e964d346f2b5182be3f97d7aab5145b9,buy,0x96a65609a7b84e8842732deb08f56c3e21ac6f8a,0xea5aee9b6cd1d8ffcea6f2e0f311281931ca720c46b3fb8eddc5d0e02df43df3
370,800,1.408,0xacab04f6d39fe4abb281d994d42cf87ec897e1dc,2017-10-29T02:22:28.000Z,0.00176,0x1eaa18a0e964d346f2b5182be3f97d7aab5145b9,buy,0x96a65609a7b84e8842732deb08f56c3e21ac6f8a,0xd70c303b4fe76c09b8f0d05dc1b191aec5033d394f0cecd68eae5e485ba7cdce
371,996.3088898252976,1.655868363816314,0x99bc37ffa8c3b9e6f4792abf009cc294b34947bc,2017-10-29T00:51:40.000Z,0.001662003,0x79be04cb83a36114272286146667e0f7e52e01fc,sell,0x96a65609a7b84e8842732deb08f56c3e21ac6f8a,0x13d8a98a9a0cdba00d21b69503b579aa6e48e94df5b088768252ea3ce2daf302
372,381,0.633223143,0x99bc37ffa8c3b9e6f4792abf009cc294b34947bc,2017-10-29T00:41:09.000Z,0.001662003,0x79be04cb83a36114272286146667e0f7e52e01fc,sell,0x96a65609a7b84e8842732deb08f56c3e21ac6f8a,0xc957eb6cf8446854271014341a124b4886386158615f1a10787c237b92d69a99
373,99.4307646296481,0.16531468301166385,0x64dcca9d2091012bd3e1e5235d703f72f4d65746,2017-10-28T23:38:32.000Z,0.001662611,0xc0998c780e0e3c13791c5a32721380d4b8e4c105,sell,0x96a65609a7b84e8842732deb08f56c3e21ac6f8a,0x96458d0f4bf08c8aeb79befcbe5d883433eec51a0adba00355a10781724fad74
374,4.899,0.008144592399,0x65026441b2a3f9799cf13f18700db1540411e2a5,2017-10-28T22:49:36.000Z,0.001662501,0x64dcca9d2091012bd3e1e5235d703f72f4d65746,sell,0x96a65609a7b84e8842732deb08f56c3e21ac6f8a,0x93371306bcf724b97927b7d4dd26a11f78475a63abdcf62f25ce19d66c58ee23
375,10,0.017351,0x383932e5467528999954bf192452e390e1c84795,2017-10-28T22:46:51.000Z,0.0017351,0x64dcca9d2091012bd3e1e5235d703f72f4d65746,sell,0x96a65609a7b84e8842732deb08f56c3e21ac6f8a,0x497516c9931c595f9cbb7ba958b00bc21228787967b3f9734eef6d37487f8812
376,7.166630707055966,0.012434104276742101,0x08417893c3409bbab1c572ffef3e28fcb365499c,2017-10-28T22:46:51.000Z,0.0017349999999999998,0x64dcca9d2091012bd3e1e5235d703f72f4d65746,sell,0x96a65609a7b84e8842732deb08f56c3e21ac6f8a,0x4d71ed4e61a96a1e5a862f41b972d2c3e41545630c3bdc3e4b35c4b5ae976c52
377,99.89033994616689,0.17330973980659953,0x08417893c3409bbab1c572ffef3e28fcb365499c,2017-10-28T22:42:13.000Z,0.001735,0xa537d985a15358e5095fa653a184454c2f142544,sell,0x96a65609a7b84e8842732deb08f56c3e21ac6f8a,0xd340ebdec57d13c1ba7c785f90a5b22bb2e85b73759659997bffde63c6965c4c
378,150.39677001295982,0.2594344282723557,0x08417893c3409bbab1c572ffef3e28fcb365499c,2017-10-28T21:49:46.000Z,0.001725,0xdeb58cbc9ef2397e780bd7045a5516c9b8e5d5f5,sell,0x96a65609a7b84e8842732deb08f56c3e21ac6f8a,0x162215e8c29e4f050d69e0bb60e81a2d955d141167443ee7a5aa90f4ff5b30c0
379,22.37563552985744,0.03882172764430266,0x08417893c3409bbab1c572ffef3e28fcb365499c,2017-10-28T21:41:42.000Z,0.001735,0xa87a6017687f5d7607a4dde37624fa8eec9b0d45,sell,0x96a65609a7b84e8842732deb08f56c3e21ac6f8a,0xa43ef7d7763e5f1111189244fd554aa18bc62c8886a14f0338313fb9e20a2300
