,amount,amountBase,buyer,date,price,seller,side,tokenAddr,txHash
0,0.02770411723656664,0.000470969993021632,0xef6274bb851c1f56f699d4a4b167a4764599095d,2017-11-01T03:37:17.000Z,0.016999999999999967,0xa5f282efd8db8c66dc5dcfb5ab3bfccb2637d783,sell,0xfa05a73ffe78ef8f1a739473e462c54bae6567d9,0xf744562ae01119121ca1c03910950b3f29548d22408859d2d88bfa8bc403f291
1,29.76266154919749,0.5059652463363573,0xef6274bb851c1f56f699d4a4b167a4764599095d,2017-10-31T20:55:48.000Z,0.017,0x52a561f94dded749051ee779dc0eaa020a4af74b,sell,0xfa05a73ffe78ef8f1a739473e462c54bae6567d9,0x37933ccf498c1bbd48b44dbdf0b95559c8af249094092127d34e4108195f62f1
2,0.05,0.0010945,0x0b773d7819259d78757b26dc4148812d35676d8f,2017-10-31T14:02:01.000Z,0.02189,0x3dee4a4e076e8d82859d241db0baf46f112cfa23,buy,0xfa05a73ffe78ef8f1a739473e462c54bae6567d9,0xdd17fd70abbc032aebb0fb4825a6219000ed450eccdc5185e3920a626751b696
3,0.022432724327,0.00035948687493985,0x3dee4a4e076e8d82859d241db0baf46f112cfa23,2017-10-31T05:01:12.000Z,0.016025109999999957,0xe444a40689f51f63bcd29910622035707d533d29,sell,0xfa05a73ffe78ef8f1a739473e462c54bae6567d9,0x51253d454441fadd55b335d2b71698c223462e000fb852cd8d3e0c49b75e1224
4,0.022432724327,0.00035948687493985,0x3dee4a4e076e8d82859d241db0baf46f112cfa23,2017-10-31T05:00:39.000Z,0.016025109999999957,0xe444a40689f51f63bcd29910622035707d533d29,sell,0xfa05a73ffe78ef8f1a739473e462c54bae6567d9,0x51253d454441fadd55b335d2b71698c223462e000fb852cd8d3e0c49b75e1224
5,0.1,0.002189,0x0c4085d8e714ca77ac5f46cd2b80a92d238a7cd3,2017-10-31T01:26:20.000Z,0.02189,0x3dee4a4e076e8d82859d241db0baf46f112cfa23,buy,0xfa05a73ffe78ef8f1a739473e462c54bae6567d9,0xf13c020d4bb9713121a6ecd66f7bf97bfe71dab707f3c9a962846252976b344c
6,0.014449999999999966,0.2889999999999993,0x99e5779821a6d29c70b813113d584383c6ec3541,2017-10-30T18:22:29.000Z,20,0xd445f61ebca3d6b4c57eef1f39fdab6595ef8972,sell,0xfa05a73ffe78ef8f1a739473e462c54bae6567d9,0xd1a4b2bb65f3e58823f0033135f2e3c68b39349f2e01525567174fa95e228724
7,0.014493480441323937,0.000317262286860581,0xd445f61ebca3d6b4c57eef1f39fdab6595ef8972,2017-10-30T18:22:29.000Z,0.02189,0x3dee4a4e076e8d82859d241db0baf46f112cfa23,buy,0xfa05a73ffe78ef8f1a739473e462c54bae6567d9,0xd1a4b2bb65f3e58823f0033135f2e3c68b39349f2e01525567174fa95e228724
8,5.9814574818064,0.09577031203269863,0x3dee4a4e076e8d82859d241db0baf46f112cfa23,2017-10-30T14:08:28.000Z,0.0160112,0x31820066e49384d3036f7924543930c24489e133,sell,0xfa05a73ffe78ef8f1a739473e462c54bae6567d9,0x48869db04fd316bcd0b79cfc3aaa28b96dd080e8523a9dcc35947bd46e0555f7
9,0.0225000225000225,0.0005,0x34f9560c63078eb61872a4dc2ccd20e21c34feaf,2017-10-28T20:44:50.000Z,0.0222222,0xbc0945c667fadc26b9bf39e586b15eeb901e7d1c,buy,0xfa05a73ffe78ef8f1a739473e462c54bae6567d9,0x864a54da3793f5cba65d7e9a882bdf657bb3f67b2e36a24100acd408152fb38e
10,0.0225000225000225,0.0005,0xe444a40689f51f63bcd29910622035707d533d29,2017-10-28T20:44:50.000Z,0.0222222,0xbc0945c667fadc26b9bf39e586b15eeb901e7d1c,buy,0xfa05a73ffe78ef8f1a739473e462c54bae6567d9,0x015c4ef80b579240ad15c2d451986f4006bc86dbb122ba09afd1cc29acbc4c86
11,1.9,0.0304001919,0xbc0945c667fadc26b9bf39e586b15eeb901e7d1c,2017-10-28T15:46:40.000Z,0.016000101,0xa5f282efd8db8c66dc5dcfb5ab3bfccb2637d783,buy,0xfa05a73ffe78ef8f1a739473e462c54bae6567d9,0x0301085f21a44d674244e058e56c0a0a5e0512494e03d0585893199b75b70d8c
12,0.07,0.00112000007,0x0b2de009825eac9a347868b44349aa32e91ef81f,2017-10-28T13:47:33.000Z,0.016000001,0xa5f282efd8db8c66dc5dcfb5ab3bfccb2637d783,sell,0xfa05a73ffe78ef8f1a739473e462c54bae6567d9,0xd711a96677258d41045181be23e5e35fb9db039d5bc3bc7b192aca76568e5f3c
13,99.69851112831252,1.4954776669246879,0x3dee4a4e076e8d82859d241db0baf46f112cfa23,2017-10-26T22:14:05.000Z,0.015,0x9ef3ffc2434b92d037af59417c647b389d1605c7,sell,0xfa05a73ffe78ef8f1a739473e462c54bae6567d9,0xc8d43d79776f48d8e94c532988b0e4708e4e4677c82deaee75acd70fd1d1a957
14,75.76512810288106,1.1364769291197288,0x6bad391397f5f6047d3b6752576ee1a4ae3d2927,2017-10-26T21:40:32.000Z,0.0150000001,0x9ef3ffc2434b92d037af59417c647b389d1605c7,sell,0xfa05a73ffe78ef8f1a739473e462c54bae6567d9,0xd24243e7ad32d220a815494b581653c7ef7795ee7d0de7ad7e7a094cad95f38a
15,49.845479015053336,0.8026178845578706,0x6bad391397f5f6047d3b6752576ee1a4ae3d2927,2017-10-25T17:08:14.000Z,0.01610212,0x8739e5bf37b98f2e25654058acd98ab3eb64577b,sell,0xfa05a73ffe78ef8f1a739473e462c54bae6567d9,0x3820a73d80bd2dcfacbc336f025ac7d619c0e8d3de7f15a5d90d99cc99bcde19
16,4.5,0.102999999996,0x29dcd67307045880f2db4d003c79ef0e635b1031,2017-10-24T23:48:10.000Z,0.022888888888,0xbc0945c667fadc26b9bf39e586b15eeb901e7d1c,buy,0xfa05a73ffe78ef8f1a739473e462c54bae6567d9,0xcc024d88e6b92f2b82442422cf2c68e469974b1a253dfa689a333cce83f52096
17,16.44821180813256,0.2467480139218187,0x3dee4a4e076e8d82859d241db0baf46f112cfa23,2017-10-24T17:57:39.000Z,0.01500151,0xbc8fdeb530a215ca8c1b69c29ab6192b6351ee1b,sell,0xfa05a73ffe78ef8f1a739473e462c54bae6567d9,0x173ef273b45f1697c6a2124e1a9cd156bbc59bcf0d465bec5174caa25fbdd6e2
18,0.4291275358459646,0.006437342165225314,0x3dee4a4e076e8d82859d241db0baf46f112cfa23,2017-10-23T01:33:21.000Z,0.015000999999999999,0x43130148060f177c78825cbd5a0d0a18879b18bc,sell,0xfa05a73ffe78ef8f1a739473e462c54bae6567d9,0x6a4401a0072597e705402ea3faa872bcd24b4c557b3d00815899d03a665b10f0
19,3.516,0.003516,0x888a8969369bbef89ebf7946df871e58e5363a2e,2017-10-22T11:23:37.000Z,0.001,0x4d517d272ce8d879d8891518e70153b49d2cdb96,sell,0xfa05a73ffe78ef8f1a739473e462c54bae6567d9,0x519b68926ef98b160af1b46be52992d2cf85955b7784d8118bdd0b3c840cb90b
20,0.43,0.006149,0x43130148060f177c78825cbd5a0d0a18879b18bc,2017-10-22T11:23:31.000Z,0.0143,0x4d517d272ce8d879d8891518e70153b49d2cdb96,sell,0xfa05a73ffe78ef8f1a739473e462c54bae6567d9,0x5f1647d3df18f462f4b90b5e0bd143cd80e8e227ebe88340e7c73ad864cf4378
21,25,0.125,0xadfac97883d508f98bf12e07a22a5348598a5a16,2017-10-22T11:08:37.000Z,0.005,0x4d517d272ce8d879d8891518e70153b49d2cdb96,sell,0xfa05a73ffe78ef8f1a739473e462c54bae6567d9,0xcf6ee8a3fd69894c55376bb3df259d13294708671540e382ea8b4de94d2a7dd1
22,15,0.150000165,0xadfac97883d508f98bf12e07a22a5348598a5a16,2017-10-22T11:08:37.000Z,0.010000011,0x4d517d272ce8d879d8891518e70153b49d2cdb96,sell,0xfa05a73ffe78ef8f1a739473e462c54bae6567d9,0xd43c7a9d5a222f872783fc0cb0d1653e57c36077d8c6e81aa30a65236bc0f8e1
23,10,0.14300411,0xadfac97883d508f98bf12e07a22a5348598a5a16,2017-10-22T11:08:37.000Z,0.014300411,0x4d517d272ce8d879d8891518e70153b49d2cdb96,sell,0xfa05a73ffe78ef8f1a739473e462c54bae6567d9,0x1779b4300d9474a5ddcfeea11d208c2136cfe61628747990dda7222cef41a1ee
24,1,0.028999,0x3ac636ac5c3a2576156ac5f10066ca68abe0ad54,2017-10-19T02:42:00.000Z,0.028999,0xbc0945c667fadc26b9bf39e586b15eeb901e7d1c,buy,0xfa05a73ffe78ef8f1a739473e462c54bae6567d9,0x20ac9feea8136cc4164f9dae62747de3bbc8351c272097af4e9d74bba836300b
25,0.1,0.0023999,0x636d925f140f761f7a0e600db2177dd068ddada1,2017-10-18T15:45:21.000Z,0.023999,0xbc0945c667fadc26b9bf39e586b15eeb901e7d1c,buy,0xfa05a73ffe78ef8f1a739473e462c54bae6567d9,0xb50d1a995f1f2e4241434bb4f3b9b82121d572de7977f01cefe2c1acac5837af
26,0.020834201425059377,0.0005,0xf9695cd65d6dfdf257fab76a3eb0cb8f001971cc,2017-10-18T15:19:13.000Z,0.023999,0xbc0945c667fadc26b9bf39e586b15eeb901e7d1c,buy,0xfa05a73ffe78ef8f1a739473e462c54bae6567d9,0xbc9b8e5628c7f3182c4ba4847dc06320b030c6acc48839dc8b80afcb361dd03c
27,0.020834201425059377,0.0005,0x379374d13077e8867ef31803c37baf9785a17c00,2017-10-18T15:19:13.000Z,0.023999,0xbc0945c667fadc26b9bf39e586b15eeb901e7d1c,buy,0xfa05a73ffe78ef8f1a739473e462c54bae6567d9,0x7d71bf54461300bfff0274c645a1c30d76879248d4105c960850e58416ecb331
28,0.020834201425059377,0.0005,0x16e5d97bbc92417e051e3b2cabfbf8ceea2acb9c,2017-10-17T17:55:17.000Z,0.023999,0xbc0945c667fadc26b9bf39e586b15eeb901e7d1c,buy,0xfa05a73ffe78ef8f1a739473e462c54bae6567d9,0xccd6f0977ab0d31f9e07e4ef5eb103aa3a735afdd5ae8a003e9d75fd1c5215ec
29,0.020834201425059377,0.0005,0xcd912af5286dc0b0a23edb30209734ecb60838b3,2017-10-17T05:37:19.000Z,0.023999,0xbc0945c667fadc26b9bf39e586b15eeb901e7d1c,buy,0xfa05a73ffe78ef8f1a739473e462c54bae6567d9,0x8f8b242799e87619d34aadaca4dd12d82ccef6eb7aa4dcb744631e4a1ce19662
30,0.01851858710587817,0.0005,0x3bfdec5343e950ce45522eef9948c977631b4000,2017-10-15T20:46:31.000Z,0.0269999,0x4b1f8cbaecf8ad47672f09a480788f6c421725f9,buy,0xfa05a73ffe78ef8f1a739473e462c54bae6567d9,0x5454a58c692983ebe94d3f60ac470ca807d1c45b41e734f8da5413e66af743d5
31,0.01851858710587817,0.0005,0x350f6f675b20d606bb7f6c412ef4775c9bc57168,2017-10-15T20:46:31.000Z,0.0269999,0x4b1f8cbaecf8ad47672f09a480788f6c421725f9,buy,0xfa05a73ffe78ef8f1a739473e462c54bae6567d9,0xfaba0856e80dce84ee9f6f7df34203c562b916e4f55febbaa7aead2077bd4116
32,1.417,0.034006583,0xd19f8bf2721b31b0f4f20c80f5a59c0bd5f23262,2017-10-14T10:47:33.000Z,0.023999,0xbc0945c667fadc26b9bf39e586b15eeb901e7d1c,buy,0xfa05a73ffe78ef8f1a739473e462c54bae6567d9,0xdb843bb9b24932c15aff62848fa8c7c24dc4bde77b886905b66c2efce282f768
33,0.8329127124,0.01666666666639524,0x5d5065b42bdee0274e394ba9042c21e1818c69cf,2017-10-09T06:49:45.000Z,0.0200101,0xed7f4d43a68a1353004159aa48fcf79e23b5b75f,sell,0xfa05a73ffe78ef8f1a739473e462c54bae6567d9,0x5596a46d85068870636cd5e6fec9182d807975e2d4de68e74bbbf694cd69cba6
34,15.950553284817067,0.17722659754760242,0x3dee4a4e076e8d82859d241db0baf46f112cfa23,2017-10-08T22:09:41.000Z,0.011111,0xbfb50b318ebd18975bd60b8d21488a8595debe74,sell,0xfa05a73ffe78ef8f1a739473e462c54bae6567d9,0xcf7baa1c5c790e09a2d35b53bcf2427ccb8d1e3e103df16fb6306ba55b54e7b6
35,63.63476618453584,1.2726953236907168,0xbc0945c667fadc26b9bf39e586b15eeb901e7d1c,2017-10-08T11:24:25.000Z,0.02,0x097501c95264ad3204159efaefdc5820783dbeae,sell,0xfa05a73ffe78ef8f1a739473e462c54bae6567d9,0x6d181c40ad385c31f2f458604ffd647602fecc6e92499bf67d2507edab378043
36,136.16784957631342,2.7233569915262685,0xbc0945c667fadc26b9bf39e586b15eeb901e7d1c,2017-10-06T00:22:24.000Z,0.02,0xbbbec709939e5a80c5a94c2948aa425f6fbdb455,sell,0xfa05a73ffe78ef8f1a739473e462c54bae6567d9,0x8c0ed29385d0f26b07371f490546c4f76f0ac780f1a98fcbd5a5fa1e628cf138
37,1,0.0332,0x0249924245a19aa2d7f5ddb0739a7132b7d094ab,2017-10-02T20:43:08.000Z,0.0332,0x1fdf047bf7a114b37e7936d01e9cad754ad18803,buy,0xfa05a73ffe78ef8f1a739473e462c54bae6567d9,0x0df9ed85958957c9b300a44d8b1f23311660cb927f043e429e159e1ce0b924d8
38,0.4558185311111111,0.01435828373,0x49fdac1f91dbf47dedfb1e478f8a842a42070fd1,2017-10-02T04:13:31.000Z,0.0315,0x93bf27a3512f28a4ce66ebd0bc0fc8dfd0602448,sell,0xfa05a73ffe78ef8f1a739473e462c54bae6567d9,0x114b04edd49e766a1944638ad6ac81ea226650ab495cb295a070a4246967ec60
39,2.99039707905493,0.08672151529259296,0xf565afcb4a9ef0d59104b25be08daf0ce9850e69,2017-10-02T00:39:06.000Z,0.028999999999999998,0x097501c95264ad3204159efaefdc5820783dbeae,sell,0xfa05a73ffe78ef8f1a739473e462c54bae6567d9,0x1ee2e279037d368e9dfd188f7d7b9bf6e0314bd3a757b2f9d4963bf1e6b5d695
40,50,1.45000005,0xed7f4d43a68a1353004159aa48fcf79e23b5b75f,2017-10-02T00:37:53.000Z,0.029000001,0x097501c95264ad3204159efaefdc5820783dbeae,sell,0xfa05a73ffe78ef8f1a739473e462c54bae6567d9,0xcbeb2d5600f0c120beddc96f81d08066f96ad33cf7976a9730d95073685a8727
41,3,0.1006665,0x49fdac1f91dbf47dedfb1e478f8a842a42070fd1,2017-10-02T00:36:25.000Z,0.0335555,0x097501c95264ad3204159efaefdc5820783dbeae,sell,0xfa05a73ffe78ef8f1a739473e462c54bae6567d9,0xf7710d9cb6d66e6db9b2880e85697fae7d9cff44e98a86ca2f54940253a4a220
42,0.1,0.0036,0xa0be78d2bac6a692adba423c7af50ec86a18bddf,2017-09-28T12:43:44.000Z,0.036,0xd0e0fece8a16f36bc23e07f92f98b191624f331a,buy,0xfa05a73ffe78ef8f1a739473e462c54bae6567d9,0x342b804a4488210530c0e096d880e3e4b9359825d340b0cddf1bfa0dc8ed52f1
43,0.013623978201634877,0.0005,0x23ee598e50ff1b1bde1022bf3c8a41d4c23321a0,2017-09-25T00:33:33.000Z,0.0367,0x45a2c3232d98dc0b05892d3df21cac1460cf2eaf,buy,0xfa05a73ffe78ef8f1a739473e462c54bae6567d9,0xed387cfbc7f3dbe66fd93d1c4a2bb25e8c1f9952437e5020af8a8240761aff35
44,0.013623978201634877,0.0005,0xe5a759eb3e214ff0a2bbbea31acc41c9bf27b239,2017-09-25T00:18:46.000Z,0.0367,0x45a2c3232d98dc0b05892d3df21cac1460cf2eaf,buy,0xfa05a73ffe78ef8f1a739473e462c54bae6567d9,0xf7fe013e7c58fe870bccfa9bd011861ed6501d092c1e6d057b3d3797796178b8
45,0.013623978201634877,0.0005,0x160506e5a5ce5dadd43623689f53d5aa1f288f0f,2017-09-25T00:10:06.000Z,0.0367,0x45a2c3232d98dc0b05892d3df21cac1460cf2eaf,buy,0xfa05a73ffe78ef8f1a739473e462c54bae6567d9,0x1e6cfabe97386d1d93d992a0df5de927442c70843a3217380f4e9756a952c25c
46,0.01282051285338593,0.0005,0xc22f5ab4f1591613a92b4d172cc7f4e4a5af58cd,2017-09-23T23:28:20.000Z,0.0389999999,0xd0e0fece8a16f36bc23e07f92f98b191624f331a,buy,0xfa05a73ffe78ef8f1a739473e462c54bae6567d9,0xe3b905fa8213ceaa5943eed7ebfe7144bbdb0910aedaa1635d31e9f2963bb6dc
47,0.01282051285338593,0.0005,0x452b06f1c61cff4c9bebaa405319a7c3b12553a2,2017-09-23T23:28:20.000Z,0.0389999999,0xd0e0fece8a16f36bc23e07f92f98b191624f331a,buy,0xfa05a73ffe78ef8f1a739473e462c54bae6567d9,0x346ab0116d8ca9c9db66be8bd69f448d4f344e6822d11d90fa57c97149df9c07
48,0.01282051285338593,0.0005,0x2ba19ec4bcd5ae8de66b110bde5ebf41092bd02f,2017-09-23T19:18:14.000Z,0.0389999999,0xd0e0fece8a16f36bc23e07f92f98b191624f331a,buy,0xfa05a73ffe78ef8f1a739473e462c54bae6567d9,0x42fc69accc45b531db175f4d7406489cf8afc9a90b23d23cc8e668b9f64602db
49,0.01282051285338593,0.0005,0x18a902dc44442205b4ba2b1dc038e67506d22c55,2017-09-23T16:24:55.000Z,0.0389999999,0xd0e0fece8a16f36bc23e07f92f98b191624f331a,buy,0xfa05a73ffe78ef8f1a739473e462c54bae6567d9,0x23af3891c879cbe64bfc5d367380dbc1dfedac5694eb1b01519dfc406d83af05
50,0.01282051285338593,0.0005,0xd868b838b5de79f1e540b5d83c9e9a3d0b3810cd,2017-09-23T16:22:02.000Z,0.0389999999,0xd0e0fece8a16f36bc23e07f92f98b191624f331a,buy,0xfa05a73ffe78ef8f1a739473e462c54bae6567d9,0x885e55ec7d6696ea042eb19fd426dc43aaf63dba7e352494daac790c33b79c44
51,0.01282051285338593,0.0005,0x8612d2a48328bbf318b856ed0daaa4a7034383d0,2017-09-22T06:24:12.000Z,0.0389999999,0xd0e0fece8a16f36bc23e07f92f98b191624f331a,buy,0xfa05a73ffe78ef8f1a739473e462c54bae6567d9,0x0ded96eebea0ab1750ce739fc5cc680ca33fcfd5f3bfc1e60d960a429212ed4d
52,0.01282051285338593,0.0005,0x999dbc9673afdd6b6c140c261297f89de35ff1b3,2017-09-22T06:05:38.000Z,0.0389999999,0xd0e0fece8a16f36bc23e07f92f98b191624f331a,buy,0xfa05a73ffe78ef8f1a739473e462c54bae6567d9,0xf0a6bed4a20262063f6c7dbb4ea0c0d9710ab718fde76b98eccecf7ab725aef8
53,0.01282051285338593,0.0005,0x999dbc9673afdd6b6c140c261297f89de35ff1b3,2017-09-22T05:29:09.000Z,0.0389999999,0xd0e0fece8a16f36bc23e07f92f98b191624f331a,buy,0xfa05a73ffe78ef8f1a739473e462c54bae6567d9,0xeeca813c765f40bcc2a0c4e9e7e7ef9402e96144f92e1048ab299fcb76689019
54,0.014285714285714285,0.0005,0x10c12555236fa11fc988be565ab70c82a4660ecf,2017-09-22T05:13:36.000Z,0.035,0xc53539fd4d109840dbfe8c759ba7fc2e7200709b,buy,0xfa05a73ffe78ef8f1a739473e462c54bae6567d9,0xccf9f1e19cdfd38070089aa80e99efee667878b7868c710ca23c20e27e1be505
55,0.026,0.0010139999974,0x19b78488b79c6a45d4e060f05a2b35c4873f25c5,2017-09-22T05:08:25.000Z,0.0389999999,0xd0e0fece8a16f36bc23e07f92f98b191624f331a,buy,0xfa05a73ffe78ef8f1a739473e462c54bae6567d9,0xd3ed19f085015715b30919b271b0051e4c6d777806db48d1d5200f8697b5170c
56,0.014285714285714285,0.0005,0x8f28b1970e72adb11173044ebc762800e3128238,2017-09-22T05:04:08.000Z,0.035,0xc53539fd4d109840dbfe8c759ba7fc2e7200709b,buy,0xfa05a73ffe78ef8f1a739473e462c54bae6567d9,0x18f27059f41751178480bea701a7fa90616745da67f80f387bb064cb5545e798
57,0.014285714285714285,0.0005,0x7ed2114439b24152cf18c02c10cae681a7ca2adc,2017-09-22T05:00:28.000Z,0.035,0xc53539fd4d109840dbfe8c759ba7fc2e7200709b,buy,0xfa05a73ffe78ef8f1a739473e462c54bae6567d9,0x29364fc02d68a5e8ddf69862f3c600b3effb66e459370ab764d9e1f74485e247
58,0.014285714285714285,0.0005,0x03dd03643b71b06642179afb38211c0f45699bc5,2017-09-22T04:55:48.000Z,0.035,0xc53539fd4d109840dbfe8c759ba7fc2e7200709b,buy,0xfa05a73ffe78ef8f1a739473e462c54bae6567d9,0xc2d5dfc0f44b3614c47d6dd5e20b7a3b7721387b6aee457590d6f8e96f85babc
59,0.56,0.0196,0xcaa16d4a9e58eff401dc4fdf0d9bccc0f6e374bf,2017-09-20T17:15:47.000Z,0.035,0xc53539fd4d109840dbfe8c759ba7fc2e7200709b,buy,0xfa05a73ffe78ef8f1a739473e462c54bae6567d9,0xf023fcf6f0708b7facd48ead94a01e739eaccc21faf2b9b9419aa18806b378ee
60,48.342677699132686,1.7355069636666334,0xd0e0fece8a16f36bc23e07f92f98b191624f331a,2017-09-19T12:51:13.000Z,0.0359001,0xf2b1fdc974a80ae077f285421eb39e10403fb1f2,sell,0xfa05a73ffe78ef8f1a739473e462c54bae6567d9,0xe66b804c868a366116a52abbb135266f3399bd91c1f8ef1049f76aa5686dccb7
61,30.091277041172365,1.0802798549057921,0xd0e0fece8a16f36bc23e07f92f98b191624f331a,2017-09-19T12:49:01.000Z,0.0359001,0xf2b1fdc974a80ae077f285421eb39e10403fb1f2,sell,0xfa05a73ffe78ef8f1a739473e462c54bae6567d9,0xa79d87a94eb75096595c3dcfcd7b31c0b50b1219603a0036f59dea619f63a989
62,1.5660452596949457,0.05622118142757452,0xd0e0fece8a16f36bc23e07f92f98b191624f331a,2017-09-19T10:20:32.000Z,0.0359001,0x91b2899aaa80615d748157a23f66049811b0dd07,sell,0xfa05a73ffe78ef8f1a739473e462c54bae6567d9,0x15e6ad30fa810eabbc6a7949e06829b83b9f867e90d05f036757e8d1fb1515fd
63,0.192,0.0105215808,0xcdaa02719ede8291e0c0588e343377b0406d5a71,2017-09-19T00:30:09.000Z,0.0547999,0x7b6b2f3c88ce2ecedc01c545f13faf36034d772f,buy,0xfa05a73ffe78ef8f1a739473e462c54bae6567d9,0x71dfea66e4ffc5803202566b831c04b1b90d09ef57fccd3f082aac36ab3077e7
64,0.6,0.03287994,0x963eace396d51047b1806fac75db59ac52269cc6,2017-09-18T17:31:29.000Z,0.0547999,0x7b6b2f3c88ce2ecedc01c545f13faf36034d772f,buy,0xfa05a73ffe78ef8f1a739473e462c54bae6567d9,0x2c18895281af271c20dbb11dd5999da25e5571c6b8c28ec1dbeb2051a9c65491
65,0.033,0.0018083967,0x963eace396d51047b1806fac75db59ac52269cc6,2017-09-18T17:28:55.000Z,0.0547999,0x7b6b2f3c88ce2ecedc01c545f13faf36034d772f,buy,0xfa05a73ffe78ef8f1a739473e462c54bae6567d9,0x3122650cd5a498194012d4dbcdb583b3a8c26e83c680b3abe8ed808ee9356327
66,0.077,0.0042195923,0x926faf4321846800c037bef00d1fb9fac45813b9,2017-09-17T04:21:00.000Z,0.0547999,0x7b6b2f3c88ce2ecedc01c545f13faf36034d772f,buy,0xfa05a73ffe78ef8f1a739473e462c54bae6567d9,0x3586b6a0a5f785ed5f876f2b60b550cc2aece3f73e6014ebb3ccb4fba71af720
67,0.009124104241066133,0.0005,0x42c24a83bded723edfdf5883bc7efb30bc1a1bf3,2017-09-16T17:27:08.000Z,0.0547999,0x7b6b2f3c88ce2ecedc01c545f13faf36034d772f,buy,0xfa05a73ffe78ef8f1a739473e462c54bae6567d9,0x787658cf064fcbde69b14271a0b4f994722a471c141239c52952a09f791776aa
68,0.009124104241066133,0.0005,0x0f657c396dfcd6c59bb82b89fc3adbe5f90ce153,2017-09-16T15:50:08.000Z,0.0547999,0x7b6b2f3c88ce2ecedc01c545f13faf36034d772f,buy,0xfa05a73ffe78ef8f1a739473e462c54bae6567d9,0x9937e3c19d78ddb0b4eb213ac1010da30c2a0fd86174d78278b8936492754565
69,0.009124104241066133,0.0005,0x1f8ac99600c61189d92c85cc760735b9e0067a60,2017-09-16T15:40:11.000Z,0.0547999,0x7b6b2f3c88ce2ecedc01c545f13faf36034d772f,buy,0xfa05a73ffe78ef8f1a739473e462c54bae6567d9,0x7ca827b2e9c7842be0bcb79e739add71224919362ca800d81f91e71eb80cbf57
70,0.28,0.0112,0x768685b9773998310febb48062ef9d0a4c511227,2017-09-15T12:58:38.000Z,0.04,0xd0e0fece8a16f36bc23e07f92f98b191624f331a,sell,0xfa05a73ffe78ef8f1a739473e462c54bae6567d9,0x4882f608440135fb33dd8e3fe834589fa45f3ebf8566df96586ca61e9c0aeee5
71,0.009124104241066133,0.0005,0x8b24d80c6dd6e1af5a000e03ca8f00886a05f6f5,2017-09-15T04:21:58.000Z,0.0547999,0x7b6b2f3c88ce2ecedc01c545f13faf36034d772f,buy,0xfa05a73ffe78ef8f1a739473e462c54bae6567d9,0xdab350499eb261b93c71dec268f3d2d4835aaad264513a6081474bbd3798eca0
72,3.65,0.200019635,0x43f5620f84e74854bab3fc9d0df8a30576bf9b9c,2017-09-14T22:47:59.000Z,0.0547999,0x7b6b2f3c88ce2ecedc01c545f13faf36034d772f,buy,0xfa05a73ffe78ef8f1a739473e462c54bae6567d9,0x936dd7054a9916f2958d52bc98955a46fec02b1bb741a0fc8453a560a5f1db0e
73,21.824344531950953,0.7639240789552387,0x3dee4a4e076e8d82859d241db0baf46f112cfa23,2017-09-14T16:15:36.000Z,0.0350033,0x433fffb2083d7879d212905019a73792b6c23442,sell,0xfa05a73ffe78ef8f1a739473e462c54bae6567d9,0x1e99091b8981d544e355a6240be42aeb00d94eea71904683106136d69e46b844
74,0.9969095803010667,0.03987638321204267,0x768685b9773998310febb48062ef9d0a4c511227,2017-09-14T13:28:44.000Z,0.04,0xbe41ecc252d79d8ca89d6ea89ff9862687ae4de7,sell,0xfa05a73ffe78ef8f1a739473e462c54bae6567d9,0x3bf8039bb261691a9d485a322f68bbd3318beab4d105aca7c37041fd77f204d6
75,0.009124104241066133,0.0005,0x4c2fb430e95954bcfa54ce4741a9fc2ff6e415ad,2017-09-13T21:10:03.000Z,0.0547999,0x7b6b2f3c88ce2ecedc01c545f13faf36034d772f,buy,0xfa05a73ffe78ef8f1a739473e462c54bae6567d9,0x8c91f161f1f4541d7246663d51fec6d996c8c08304911737e875a9b8116b9a53
76,0.547,0.0299755453,0xb9f48a9c3e03ac82934bbe563c0ddacf3b99c906,2017-09-13T07:11:55.000Z,0.0547999,0x7b6b2f3c88ce2ecedc01c545f13faf36034d772f,buy,0xfa05a73ffe78ef8f1a739473e462c54bae6567d9,0x46f87307da6e26aa7e176699e9c7d72d8d2cc33ed6653432ffcb9aaa96d6e51d
77,7.633,0.30532,0xff684104992bd26b6326bca4620d733526c0ddb1,2017-09-12T09:55:27.000Z,0.04,0xd0e0fece8a16f36bc23e07f92f98b191624f331a,buy,0xfa05a73ffe78ef8f1a739473e462c54bae6567d9,0xcf3c7b581fc5858bd89c541fb11f85d77d0d39da80edd862018a10d59c78f99f
78,25,1,0x43130148060f177c78825cbd5a0d0a18879b18bc,2017-09-12T08:34:13.000Z,0.04,0xd0e0fece8a16f36bc23e07f92f98b191624f331a,buy,0xfa05a73ffe78ef8f1a739473e462c54bae6567d9,0x37ff8f1112758561640cf09566b2ccce540d0820e81074b35f8577f94f5b17ec
79,16.49920126473777,0.34153346618007185,0xbc8fdeb530a215ca8c1b69c29ab6192b6351ee1b,2017-09-11T23:10:09.000Z,0.0207,0x7fbd71e41deb399b0a00e17fae8b91c7aadf4631,sell,0xfa05a73ffe78ef8f1a739473e462c54bae6567d9,0xcb69ae3639769223c552f5907001bfb4f8322dbb1e1a466004f7da31f6759a19
80,14.42250331142463,0.5769001324569852,0x81450bcbd299f60a4bb167f65f639aa1fb2cd536,2017-09-11T21:39:38.000Z,0.04,0xd0e0fece8a16f36bc23e07f92f98b191624f331a,buy,0xfa05a73ffe78ef8f1a739473e462c54bae6567d9,0xa27216c5bd55eb69756e31b47479ce82626507ddfee7be8e0c74e6476c069ba0
81,17.9443724454192,0.7177748978167681,0xae9f54f73097c8ed7f11f600e2688e1b030e76a4,2017-09-11T03:42:33.000Z,0.04,0xd0e0fece8a16f36bc23e07f92f98b191624f331a,buy,0xfa05a73ffe78ef8f1a739473e462c54bae6567d9,0xb7bde76056f4290ae7d34352a5f03353ac1d05887ce5acd096532454a4e62e7e
82,0.009124104241066133,0.0005,0x64b604630e055318093215b7ed41697ca4fb5de6,2017-09-10T04:07:39.000Z,0.0547999,0x7b6b2f3c88ce2ecedc01c545f13faf36034d772f,buy,0xfa05a73ffe78ef8f1a739473e462c54bae6567d9,0x385604e9dc5c92f41aedbbb9147db5d2d4c8b5653bdb5149044830a5f50337ae
83,0.9879373940783571,0.039517495763134285,0x768685b9773998310febb48062ef9d0a4c511227,2017-09-10T01:33:05.000Z,0.04,0xccd41fd2dc66d60460351afad6297ea3d00b7fb9,sell,0xfa05a73ffe78ef8f1a739473e462c54bae6567d9,0x3ef7d6a70dfc520dfc583cda28232f7e2dac666f3c857b752e42c2f45b02b3b4
84,50,2.749995,0x8739e5bf37b98f2e25654058acd98ab3eb64577b,2017-09-09T07:35:11.000Z,0.0549999,0x7b6b2f3c88ce2ecedc01c545f13faf36034d772f,buy,0xfa05a73ffe78ef8f1a739473e462c54bae6567d9,0x08290ca60c0ad5abab7fc7db5238095b968ee79094ae51867b825d3f2074d658
85,1.644910218323198,0.0822455109161599,0x768685b9773998310febb48062ef9d0a4c511227,2017-09-04T21:17:17.000Z,0.05,0xff684104992bd26b6326bca4620d733526c0ddb1,sell,0xfa05a73ffe78ef8f1a739473e462c54bae6567d9,0x479daa25bd3f6ac8ffb3f8aa6c37f7bf8e882b085aaac274867243befda0fa74
86,19.677,0.8745324588,0x669f0ab96fd3beb68bc836bb874894bbb516331a,2017-08-28T21:53:20.000Z,0.0444444,0x31fce7fd6931f7b5a6a756a219496f1eb0fdc54e,buy,0xfa05a73ffe78ef8f1a739473e462c54bae6567d9,0xe1fe37a49c981327e5c9cba28d3ded1f0196c96a629eef26e8ff4183160a4c74
87,0.49,0.0217756,0x37dd4e5111c436147b1ff6821983bcf81fb23352,2017-08-28T10:25:26.000Z,0.04444,0xab6c79a9d40bda2e8925207e1d38f432847354e5,buy,0xfa05a73ffe78ef8f1a739473e462c54bae6567d9,0x8f5e123996fc21cfca4d9a370b12a7b2d229a5a07a220dab7e58df0b0aac6857
88,15,1.35,0xeabc4afa056f069b3721500f8e422dd24fc7180b,2017-08-26T03:54:14.000Z,0.09,0x1418425c0a103dd5bce8a9915d536b5cbd248857,buy,0xfa05a73ffe78ef8f1a739473e462c54bae6567d9,0xeef432e88751539b4972927bebfcd0a2200edf28aec19353db1e41d6824fe6c6
89,9.631261536727708,0.8668135383054937,0x838867ea176220519aa628848b2fd43c031a2fb1,2017-08-26T02:09:22.000Z,0.09,0x1418425c0a103dd5bce8a9915d536b5cbd248857,buy,0xfa05a73ffe78ef8f1a739473e462c54bae6567d9,0xdf541f55606e3a72c4b1a169b737f086bc0dc76bf1edb1509f4a8b20c6e9c853
90,1.43,0.0715,0x4d8c8e511da966228778810f6a1a8971ae630dc1,2017-08-25T22:09:03.000Z,0.05,0xc0ffeece5397f30e18a8dd7a92644178675fbbbe,buy,0xfa05a73ffe78ef8f1a739473e462c54bae6567d9,0x56acfa735d5bfa715c62702bd8706ecdf1f2acb3665de3636df769e369363a9b
91,0.54,0.027,0x9632bfd6eb7b1b9ef8f9ee910e72958a9c589adc,2017-08-25T13:16:21.000Z,0.05,0xc0ffeece5397f30e18a8dd7a92644178675fbbbe,buy,0xfa05a73ffe78ef8f1a739473e462c54bae6567d9,0x89ca196cd0725eb966977cb48f41320fc7805cb11f7f50338e484c7b923a4fab
92,0.02,0.001,0x16719c92327bb0219575b00f58fc413310ac064d,2017-08-24T02:13:13.000Z,0.05,0xc0ffeece5397f30e18a8dd7a92644178675fbbbe,buy,0xfa05a73ffe78ef8f1a739473e462c54bae6567d9,0x0eb2206a398272439781d79bf62eef4a0b6bfcf76b78b37b69128bc99a9d3e77
93,1,0.0545,0xae6c14d65e202a3a2a27f93229b5be4df28d081d,2017-08-21T00:39:28.000Z,0.0545,0x43130148060f177c78825cbd5a0d0a18879b18bc,buy,0xfa05a73ffe78ef8f1a739473e462c54bae6567d9,0x4e9fd9f2743071f9acb10cb539db1de02c244666eaa3ed7b586c4b124e7f0ddd
94,1,0.039,0x43130148060f177c78825cbd5a0d0a18879b18bc,2017-08-20T12:12:09.000Z,0.039,0x1657e36d67e3ca976cb3990cb611b061244a5680,buy,0xfa05a73ffe78ef8f1a739473e462c54bae6567d9,0x6fda1c3375d8bc14cb6255a42e0b4a146359a93857f728e5fbdc3ef6e4c27298
95,1.998,0.157841998,0xa5f282efd8db8c66dc5dcfb5ab3bfccb2637d783,2017-08-19T22:06:30.000Z,0.078999998998999,0x5d2b747bd4e337d10424c2f964c522a90c5f0780,buy,0xfa05a73ffe78ef8f1a739473e462c54bae6567d9,0xba1425a385d3b4e1be437d418eaf8642d606e97453e876cfe4eedcab755a7486
96,1.1,0.0572,0xc03e6fda02e1ab2093d8732b4d085c3b059f2ebb,2017-08-18T07:47:21.000Z,0.052,0xc0ffeece5397f30e18a8dd7a92644178675fbbbe,sell,0xfa05a73ffe78ef8f1a739473e462c54bae6567d9,0x1cec412aa28fb1ecf0eff35d480f7767f559620ba79d9228fb757ee254abb2af
97,1.998,0.12785202,0x5d2b747bd4e337d10424c2f964c522a90c5f0780,2017-08-18T06:54:06.000Z,0.06399,0x43130148060f177c78825cbd5a0d0a18879b18bc,buy,0xfa05a73ffe78ef8f1a739473e462c54bae6567d9,0xb4c7b48b23a7e60c31e3048691320625a2811a733ba67b129dd6b96df0b15bbf
