,amount,amountBase,buyer,date,price,seller,side,tokenAddr,txHash
0,752,1.128,0xf69bbb08adb77cd25b4702fe516c278705ae024a,2017-11-02T08:30:48.000Z,0.0015,0xa75255ebb0e66f231669a746a5050d90d15ec46c,buy,0xaf30d2a7e90d7dc361c8c4585e9bb7d2f6f15bc7,0x082c435cf30b3611be01aac68467ea567b81ddbaa9dc247ef7575f33d9d6656d
1,248.54,0.360383,0xf69bbb08adb77cd25b4702fe516c278705ae024a,2017-11-02T08:29:41.000Z,0.00145,0x37d63be7b21af535bedd407c0f3477694e39e283,buy,0xaf30d2a7e90d7dc361c8c4585e9bb7d2f6f15bc7,0x07462b81e2aac3873d89fa2a2041b8219b80ed5a83b9e011e8121ebc042dfde0
2,0.4504508562620327,0.0005,0x3075f7f189912f4f425dd7021b9c396434197477,2017-11-02T06:08:58.000Z,0.001109999,0x3c39a5db62e15f4b0554a3647689cb5a4229f896,buy,0xaf30d2a7e90d7dc361c8c4585e9bb7d2f6f15bc7,0x5223bbf18f93e8a068537b26aa81221d10a7f30ca32d8dbf11212b37043252de
3,0.4504508562620327,0.0005,0x4fda9e6bcd83af6c5cc771b5d20accc2b7720074,2017-11-02T06:06:21.000Z,0.001109999,0x3c39a5db62e15f4b0554a3647689cb5a4229f896,buy,0xaf30d2a7e90d7dc361c8c4585e9bb7d2f6f15bc7,0x6e471c100eba898e291380a93a1fbbe38b1a50f94b807d1ca147d82fc25bc3d8
4,1355.4399998918916,1.504535689,0x73b7424a32b34806f9ba10129843ce9cc3069397,2017-11-02T01:28:44.000Z,0.001109998,0xced732ca92cb4f040239c4e8c85f14acbb5db000,buy,0xaf30d2a7e90d7dc361c8c4585e9bb7d2f6f15bc7,0x70b4501b5c3063dd53415592070383007926d96c5485f56696043e595a04ec20
5,71.32003343246255,0.07916516579,0x73b7424a32b34806f9ba10129843ce9cc3069397,2017-11-02T01:28:44.000Z,0.001109999,0x3c39a5db62e15f4b0554a3647689cb5a4229f896,buy,0xaf30d2a7e90d7dc361c8c4585e9bb7d2f6f15bc7,0x70b4501b5c3063dd53415592070383007926d96c5485f56696043e595a04ec20
6,24.254810088724952,0.0244973581896122,0xe8e311545cc2117b7a2fcbff0b78b348ec6164e8,2017-11-01T16:02:28.000Z,0.00101,0x9eaf16593b68db8f25382be5476d23974f43367b,sell,0xaf30d2a7e90d7dc361c8c4585e9bb7d2f6f15bc7,0xe0831bd194c386cbbc4bcaccaee504a0bd6c0d0e24607ca2a2387ff41370e45f
7,67,0.074369933,0xc7779b91676a70c3628a0fe6dc0f5d36789f7e26,2017-11-01T07:44:23.000Z,0.001109999,0x3c39a5db62e15f4b0554a3647689cb5a4229f896,buy,0xaf30d2a7e90d7dc361c8c4585e9bb7d2f6f15bc7,0x20cbc63b938d62275e6291c5e8fbea18e43fa3ce3a54ab8370686f6c8442b6ff
8,24.33,0.02700627567,0x9eaf16593b68db8f25382be5476d23974f43367b,2017-11-01T02:54:38.000Z,0.001109999,0x3c39a5db62e15f4b0554a3647689cb5a4229f896,buy,0xaf30d2a7e90d7dc361c8c4585e9bb7d2f6f15bc7,0x6f4e60b22e133e8d4bd87f27f22ab669dedf9e6546bd30b0fa93b345da5b9c2b
9,22,0.0264,0xa536a5cba8f611fdbfd0bb79b059e24a0c6aa4c5,2017-10-31T18:35:48.000Z,0.0012,0x1ca9bd189db5ab9099a4b17a15cf3ac3da289c38,sell,0xaf30d2a7e90d7dc361c8c4585e9bb7d2f6f15bc7,0xe2ebd63ed8759759934fac86e095351f1a4792518b292ba97b35fc7b0cf90a1d
10,13,0.0156,0x70816a5e4b9cb9a10d9f931c61cd6827c2bf05be,2017-10-31T18:02:15.000Z,0.0012,0x9833156e2636e8c218252ed5caa62a62463bc768,buy,0xaf30d2a7e90d7dc361c8c4585e9bb7d2f6f15bc7,0xbb73b09a452a02bf198f2cceb8831dff14b947431e52b94883ea4b3d44534eff
11,11,0.011,0x244beb883da53d9f6169762af296e944aba5bb84,2017-10-31T14:54:20.000Z,0.001,0x9833156e2636e8c218252ed5caa62a62463bc768,sell,0xaf30d2a7e90d7dc361c8c4585e9bb7d2f6f15bc7,0x97df9f43ed7b4da21fa5966783534201a5c3afc10851464cdad32ddef9d90c55
12,0.433482199903,0.000411812424729849,0x3dee4a4e076e8d82859d241db0baf46f112cfa23,2017-10-31T03:37:15.000Z,0.0009500099999999999,0xe444a40689f51f63bcd29910622035707d533d29,sell,0xaf30d2a7e90d7dc361c8c4585e9bb7d2f6f15bc7,0x74f3830b76c6cfddfd2d459e5ff57f303a1e644a39c2292502ad8c9c6231a897
13,0.01,0.0000145,0x0c4085d8e714ca77ac5f46cd2b80a92d238a7cd3,2017-10-31T00:37:27.000Z,0.00145,0x37d63be7b21af535bedd407c0f3477694e39e283,buy,0xaf30d2a7e90d7dc361c8c4585e9bb7d2f6f15bc7,0xfa71b4f19ad0f5117255ccdfbc56194a7c2f955a6131d3a218f3386ddae90381
14,13168,17.1184,0x7f9354eb6af29ebe56dc5cecbe729b80e97c954f,2017-10-30T22:27:01.000Z,0.0013,0x49d9649f2fb25d8269d7785d4140af210662efef,buy,0xaf30d2a7e90d7dc361c8c4585e9bb7d2f6f15bc7,0xc96eb211356bee8913f57b5472aa5b841cab2830988e980e276003bfb1966f48
15,1148.216,1.3778592,0x7f9354eb6af29ebe56dc5cecbe729b80e97c954f,2017-10-30T22:26:31.000Z,0.0012,0x04ec73da1b11ad2ea5fdbdd22ada1d88d7cf5042,buy,0xaf30d2a7e90d7dc361c8c4585e9bb7d2f6f15bc7,0xc4313961f47f88e39329e8553e014bcc3e079ce9fe603717f41808cd9eb52319
16,448.15,0.5377799955185,0x7f9354eb6af29ebe56dc5cecbe729b80e97c954f,2017-10-30T22:26:26.000Z,0.00119999999,0xced732ca92cb4f040239c4e8c85f14acbb5db000,buy,0xaf30d2a7e90d7dc361c8c4585e9bb7d2f6f15bc7,0x7161ac6ba7165a60df2b3196022cff8901bf849cc75c3fe4ca016a1e29c7294a
17,50,0.05975,0x7f9354eb6af29ebe56dc5cecbe729b80e97c954f,2017-10-30T22:26:26.000Z,0.001195,0x1a1b642876e2ad4352a2200687fee939f3f875dc,buy,0xaf30d2a7e90d7dc361c8c4585e9bb7d2f6f15bc7,0xe202055f3f0c2b013bf467e4e7524e95246b81f3e84adbb1b577fd3bdb7c5f0c
18,50,0.06,0x1a1b642876e2ad4352a2200687fee939f3f875dc,2017-10-30T11:01:02.000Z,0.0012,0xced732ca92cb4f040239c4e8c85f14acbb5db000,sell,0xaf30d2a7e90d7dc361c8c4585e9bb7d2f6f15bc7,0x511a0873b74bd85b29c9ca1bc2ed164192c09310e78bfe24a8a7e2d1e7741109
19,32.014,0.03809666,0x9a941cbe8f6580ebb8ec48da765b3ad49b1d5671,2017-10-30T08:55:49.000Z,0.00119,0x9f1dd61498233ceb52f977246e0ab20453d6a5a6,buy,0xaf30d2a7e90d7dc361c8c4585e9bb7d2f6f15bc7,0x747cd266b6108f9acb4b937d36dca9a41865195913337f95ea2998a274786cca
20,0.997,0.001994,0xe491ea86eddd4e878b49e6922d882d7dafd691a1,2017-10-30T07:30:17.000Z,0.002,0x273a5d3e6721b9f5c1a6474f560c1334c63dda01,sell,0xaf30d2a7e90d7dc361c8c4585e9bb7d2f6f15bc7,0x79391337a79844541c15db33b3f5e526bd49354198f4b0583050225811a7436d
21,1,0.00119,0x273a5d3e6721b9f5c1a6474f560c1334c63dda01,2017-10-30T07:30:17.000Z,0.00119,0x9f1dd61498233ceb52f977246e0ab20453d6a5a6,buy,0xaf30d2a7e90d7dc361c8c4585e9bb7d2f6f15bc7,0x79391337a79844541c15db33b3f5e526bd49354198f4b0583050225811a7436d
22,0.44865403788634095,0.004374376869391824,0x9a941cbe8f6580ebb8ec48da765b3ad49b1d5671,2017-10-30T07:16:07.000Z,0.009749999999999998,0x1d5321e125f6c7079a716705541c7b371ca79e69,sell,0xaf30d2a7e90d7dc361c8c4585e9bb7d2f6f15bc7,0x16675781cb6300dfa93bac521998945786291a6a41dbdc82159d45ca0c24f9d8
23,0.45,0.0006525,0x1d5321e125f6c7079a716705541c7b371ca79e69,2017-10-30T07:16:07.000Z,0.00145,0x37d63be7b21af535bedd407c0f3477694e39e283,buy,0xaf30d2a7e90d7dc361c8c4585e9bb7d2f6f15bc7,0x16675781cb6300dfa93bac521998945786291a6a41dbdc82159d45ca0c24f9d8
24,149.55,1.4581125,0x9a941cbe8f6580ebb8ec48da765b3ad49b1d5671,2017-10-30T07:15:56.000Z,0.00975,0x273a5d3e6721b9f5c1a6474f560c1334c63dda01,sell,0xaf30d2a7e90d7dc361c8c4585e9bb7d2f6f15bc7,0x4b96ee5f0f51e47ecdb4f1c069db40a3bb42ddb2d42f0ba8a73adc6e035bbb48
25,150,0.2175,0x273a5d3e6721b9f5c1a6474f560c1334c63dda01,2017-10-30T07:15:56.000Z,0.00145,0x37d63be7b21af535bedd407c0f3477694e39e283,buy,0xaf30d2a7e90d7dc361c8c4585e9bb7d2f6f15bc7,0x4b96ee5f0f51e47ecdb4f1c069db40a3bb42ddb2d42f0ba8a73adc6e035bbb48
26,21.28,0.02530192,0x9a941cbe8f6580ebb8ec48da765b3ad49b1d5671,2017-10-30T07:11:21.000Z,0.001189,0xced732ca92cb4f040239c4e8c85f14acbb5db000,buy,0xaf30d2a7e90d7dc361c8c4585e9bb7d2f6f15bc7,0x8293f683df57b3baaa2ff74674197b1187684f4dc73b1cd4381a764c2ab4c084
27,0.448698907777,0.00042626396238815,0x92d3ed39d77c4a667d2a193dd9b946ac8fedf94f,2017-10-30T01:52:37.000Z,0.00095,0x379374d13077e8867ef31803c37baf9785a17c00,sell,0xaf30d2a7e90d7dc361c8c4585e9bb7d2f6f15bc7,0x29e581a8f869dccd3bbc02410a5517a4758b756d574dc7dcfc5b52b04e892546
28,0.448698907777,0.00042626396238815,0x92d3ed39d77c4a667d2a193dd9b946ac8fedf94f,2017-10-30T01:51:04.000Z,0.00095,0x16e5d97bbc92417e051e3b2cabfbf8ceea2acb9c,sell,0xaf30d2a7e90d7dc361c8c4585e9bb7d2f6f15bc7,0xa8b53dec5e789c0b6eb7a3e558fec67bcef55fba6c51240ebce6b7599999ab7a
29,3,0.00285,0x92d3ed39d77c4a667d2a193dd9b946ac8fedf94f,2017-10-29T16:00:53.000Z,0.00095,0x4b07402727bd284735cb02473bdc0c20fbb2b62a,sell,0xaf30d2a7e90d7dc361c8c4585e9bb7d2f6f15bc7,0xa4f04ebbcaae9f6df7381ecab540542dd9d020652ef150401daf64a7e94002a1
30,0.4347826465028388,0.0005,0x34f9560c63078eb61872a4dc2ccd20e21c34feaf,2017-10-28T19:59:12.000Z,0.0011499999,0xced732ca92cb4f040239c4e8c85f14acbb5db000,buy,0xaf30d2a7e90d7dc361c8c4585e9bb7d2f6f15bc7,0x6bfbd368dc7a30e8338fd44f9cfdf898467271f2451c5629fbc6493dc11b0526
31,0.4347826465028388,0.0005,0xe444a40689f51f63bcd29910622035707d533d29,2017-10-28T19:59:12.000Z,0.0011499999,0xced732ca92cb4f040239c4e8c85f14acbb5db000,buy,0xaf30d2a7e90d7dc361c8c4585e9bb7d2f6f15bc7,0xa88ec03a80ee13da6dbfaaf650df20e661d48fec91bd43f8f7e0cf324795d508
32,0.4347826465028388,0.0005,0xe444a40689f51f63bcd29910622035707d533d29,2017-10-28T19:59:05.000Z,0.0011499999,0xced732ca92cb4f040239c4e8c85f14acbb5db000,buy,0xaf30d2a7e90d7dc361c8c4585e9bb7d2f6f15bc7,0xa88ec03a80ee13da6dbfaaf650df20e661d48fec91bd43f8f7e0cf324795d508
33,316.19413840160684,0.27983181248542205,0x009a12d4290630bc01fd82516ac57c1dc6a9bcfb,2017-10-28T17:13:43.000Z,0.0008849999999999999,0x1ed014aec47fae44c9e55bac7662c0b78ae61798,sell,0xaf30d2a7e90d7dc361c8c4585e9bb7d2f6f15bc7,0x24f8dae70736b22f8993990fd1bed8cf573d90e1d833834ed523d4be4d0310f7
34,12,0.0138,0x1dfb9ec6ddc2119baaa1070f4204e5bdc0380671,2017-10-28T13:13:05.000Z,0.00115,0xced732ca92cb4f040239c4e8c85f14acbb5db000,sell,0xaf30d2a7e90d7dc361c8c4585e9bb7d2f6f15bc7,0x1c7dd6288011042502e6b0e7ae9dee002797ccbc11a692e8e4dade5bab5496d0
35,462.72068155404645,0.5321287837871534,0x18a05c0ccaabf86645be8cfe984b5a5d1300d96c,2017-10-28T13:11:34.000Z,0.00115,0xced732ca92cb4f040239c4e8c85f14acbb5db000,sell,0xaf30d2a7e90d7dc361c8c4585e9bb7d2f6f15bc7,0xafbf237f6acfbfe7aa33e13fa87a2a628d22af4aa1e53dcbb3c892a86762e726
36,37.27931844595354,0.04287121621284657,0x18a05c0ccaabf86645be8cfe984b5a5d1300d96c,2017-10-28T13:03:12.000Z,0.00115,0xced732ca92cb4f040239c4e8c85f14acbb5db000,sell,0xaf30d2a7e90d7dc361c8c4585e9bb7d2f6f15bc7,0x244e2aaf62e1863b8224e56f1d4b2e11864cdb1b037c1b8c07275ade692331f7
37,6,0.0068999994,0xc2cf660e1b69d28c77667558187f56f4d2f71a78,2017-10-28T03:07:58.000Z,0.0011499999,0xced732ca92cb4f040239c4e8c85f14acbb5db000,buy,0xaf30d2a7e90d7dc361c8c4585e9bb7d2f6f15bc7,0x1d4111a989fd497ea593752fbcf9d09cc7219b7770012f04f18b2a3f4d5fb7a4
38,1.0878576413149226,0.001305429169577907,0xc2cf660e1b69d28c77667558187f56f4d2f71a78,2017-10-28T03:01:42.000Z,0.0012,0x672ecc24c68d4efb455c3524bfd0885aab32f912,buy,0xaf30d2a7e90d7dc361c8c4585e9bb7d2f6f15bc7,0x3c1f79ca4559e9b253fd377f993d2238974ee63cb4741ca779e247d098b1b791
39,298,0.3427,0x05a4582fd995efd89c23136334a9c3c36593bc00,2017-10-27T17:44:12.000Z,0.00115,0x672ecc24c68d4efb455c3524bfd0885aab32f912,buy,0xaf30d2a7e90d7dc361c8c4585e9bb7d2f6f15bc7,0x60551c7139546a51f4e89878d8a9a2c9e0e99035cb16a3c80250a17b7b16a5dc
40,1,0.001149996999,0x0044a537a1d5b55c82e487f7d120872699274c97,2017-10-27T14:12:24.000Z,0.001149996999,0xced732ca92cb4f040239c4e8c85f14acbb5db000,buy,0xaf30d2a7e90d7dc361c8c4585e9bb7d2f6f15bc7,0xd980e22adadd2dc3c4ca6e8f6f3e81dcde0052078ab5c5e6dc705353e4f33f7f
41,0.20546727655024083,0.000174032837910819,0x6bad391397f5f6047d3b6752576ee1a4ae3d2927,2017-10-27T14:11:24.000Z,0.0008470099999999977,0x0044a537a1d5b55c82e487f7d120872699274c97,sell,0xaf30d2a7e90d7dc361c8c4585e9bb7d2f6f15bc7,0x425c9c8a69cebcf845c5edc8d1d617aff483d3e1c6a4f5e93047b06a382d61fd
42,0.20610422510754656,0.000237019240354899,0x0044a537a1d5b55c82e487f7d120872699274c97,2017-10-27T14:09:11.000Z,0.001149996999,0xced732ca92cb4f040239c4e8c85f14acbb5db000,buy,0xaf30d2a7e90d7dc361c8c4585e9bb7d2f6f15bc7,0x6ab2b54dc367aab64535ba5a22e20b32153866db7692b49764cc17bc9c02f22e
43,0.000000002147482995,0.000000000002469599,0x4a57d0208164a1c1c63c75395dc444428a07b50a,2017-10-27T13:57:23.000Z,0.0011499969991613367,0xced732ca92cb4f040239c4e8c85f14acbb5db000,buy,0xaf30d2a7e90d7dc361c8c4585e9bb7d2f6f15bc7,0xed5e8b46b0e6530144e23b302088eeb675caf7ab684c3f926256a9a9dcd37395
44,0.48685012882365825,0.000559877648147207,0xa75255ebb0e66f231669a746a5050d90d15ec46c,2017-10-27T13:05:14.000Z,0.00115,0xa75255ebb0e66f231669a746a5050d90d15ec46c,buy,0xaf30d2a7e90d7dc361c8c4585e9bb7d2f6f15bc7,0x3ccc35170af3c2894012f774b659c63135f166053d171de0d753f5d01ab199c5
45,0.4883105331696948,0.000561557113145149,0xa75255ebb0e66f231669a746a5050d90d15ec46c,2017-10-27T10:10:16.000Z,0.00115,0xa75255ebb0e66f231669a746a5050d90d15ec46c,buy,0xaf30d2a7e90d7dc361c8c4585e9bb7d2f6f15bc7,0xe79d3fb47b63e0e9757f6b5770b256ffced245b16120d80b694256c617f74426
46,105,0.12074958,0x5a7f52c42526ddb16755d0681ddc80be166c2ff6,2017-10-27T04:19:09.000Z,0.001149996,0xdaa6dbe69b63df377d4f92914883544426fd9081,buy,0xaf30d2a7e90d7dc361c8c4585e9bb7d2f6f15bc7,0xb842e1c26f55a96dc88ae8a2d9d9252dbc70a891b96c945d02835baee81c5798
47,102,0.116994,0x5a7f52c42526ddb16755d0681ddc80be166c2ff6,2017-10-26T23:37:19.000Z,0.001147,0x947d19efbca9b0f8801352c8b0f52263656aa9b2,buy,0xaf30d2a7e90d7dc361c8c4585e9bb7d2f6f15bc7,0x1a9da3ce2bbf255dfa479de6e1ac6b5dce3b547ced674cfc4f1f41cc160bf8b5
48,61.98596080091308,0.07376329335308657,0x5a7f52c42526ddb16755d0681ddc80be166c2ff6,2017-10-26T01:53:51.000Z,0.00119,0x9f1dd61498233ceb52f977246e0ab20453d6a5a6,buy,0xaf30d2a7e90d7dc361c8c4585e9bb7d2f6f15bc7,0x7fe609a572e505eec699ff135f091d00b9147d81da05483b8e3f4c2fe50ce0e3
49,1.9938191606021334,0.001679296181836307,0x7b6b2f3c88ce2ecedc01c545f13faf36034d772f,2017-10-25T16:16:03.000Z,0.0008422509999999998,0x4b07402727bd284735cb02473bdc0c20fbb2b62a,sell,0xaf30d2a7e90d7dc361c8c4585e9bb7d2f6f15bc7,0x5f5f94bbc5fb452aa17f2d4c39fdf76c7b568fecfb6affd942ff880ae7c32f82
50,44.6007,0.0375538340007,0xced732ca92cb4f040239c4e8c85f14acbb5db000,2017-10-25T12:53:51.000Z,0.000842001,0x4d75cc56128fbf1d583a9a56fe4cd5c750a3bb24,buy,0xaf30d2a7e90d7dc361c8c4585e9bb7d2f6f15bc7,0x9372e4ffa44f054626d221417b065ea7261eb0c24b482911b80468ead5f3b674
51,307.796,0.3693551692204,0x0248cf74ed50adcf0c050a7ca4136dcb90520f84,2017-10-24T13:24:07.000Z,0.0011999999,0xced732ca92cb4f040239c4e8c85f14acbb5db000,buy,0xaf30d2a7e90d7dc361c8c4585e9bb7d2f6f15bc7,0xeca2685d352c7e62779a0684a8b3f6f7aa1c1f0dd754d7be8995516e636eae7e
52,281.15075104700776,0.3373808731413342,0x0248cf74ed50adcf0c050a7ca4136dcb90520f84,2017-10-24T11:14:11.000Z,0.0011999999,0xced732ca92cb4f040239c4e8c85f14acbb5db000,buy,0xaf30d2a7e90d7dc361c8c4585e9bb7d2f6f15bc7,0x165b0fd9c2fb3685500cdffdac61fa84819e1d9352040c28416ee2e028c7b488
53,100,0.0907,0x947d19efbca9b0f8801352c8b0f52263656aa9b2,2017-10-24T02:24:52.000Z,0.000907,0x733f4fc4d1fb6899b22128ad03120969eab4ba8e,sell,0xaf30d2a7e90d7dc361c8c4585e9bb7d2f6f15bc7,0x867e7fb077a0f48d414364fe9819b6b590b2d6376d7643fca87bbe1b5cb791c1
54,364.563,0.329929515,0x4ea71d9b0a41ac87bed08ba19ff2e47a57cbec1a,2017-10-24T02:24:17.000Z,0.000905,0x733f4fc4d1fb6899b22128ad03120969eab4ba8e,sell,0xaf30d2a7e90d7dc361c8c4585e9bb7d2f6f15bc7,0x5a8e129a835e6f7c44cd30c552a17065506ff5894afc99142a7195c026293c36
55,2100,1.9005,0x740710a34eb775351a97f5287c2a5dffdb08fa4d,2017-10-24T02:22:46.000Z,0.000905,0x733f4fc4d1fb6899b22128ad03120969eab4ba8e,sell,0xaf30d2a7e90d7dc361c8c4585e9bb7d2f6f15bc7,0xb40999d79fb5bd23a034dd91277b553c3af8193d98d85a378540b599bc5746bf
56,100,0.09999999,0x875e643c0a086d14b2ffbc1b3caeda459909da56,2017-10-23T16:31:58.000Z,0.0009999999,0xced732ca92cb4f040239c4e8c85f14acbb5db000,buy,0xaf30d2a7e90d7dc361c8c4585e9bb7d2f6f15bc7,0x86c6c3235e4bd914210732f911aa9a262012be358b46baea424d40413f3dbf19
57,18,0.01629,0x4ea71d9b0a41ac87bed08ba19ff2e47a57cbec1a,2017-10-22T20:53:15.000Z,0.000905,0x7d360a7df091c7cb5e82b1ec3b6d882b3ff03227,sell,0xaf30d2a7e90d7dc361c8c4585e9bb7d2f6f15bc7,0xec3e3a138ccbe24990f3ac28d5184088666cb2a5aefaabdf48f28a9c44ad9a66
58,50.585881404968895,0.04578022267149685,0x4ea71d9b0a41ac87bed08ba19ff2e47a57cbec1a,2017-10-22T20:39:56.000Z,0.000905,0x1fdf047bf7a114b37e7936d01e9cad754ad18803,sell,0xaf30d2a7e90d7dc361c8c4585e9bb7d2f6f15bc7,0xe67ae9ff3746310be43e3f57a7758e7d227dfb4775c33acfeaf7ab5fa3fc1d0c
59,149.0878576413149,0.14908784273252915,0x672ecc24c68d4efb455c3524bfd0885aab32f912,2017-10-22T18:53:11.000Z,0.0009999999,0xced732ca92cb4f040239c4e8c85f14acbb5db000,buy,0xaf30d2a7e90d7dc361c8c4585e9bb7d2f6f15bc7,0xb34857cdbc022bf5b3e14a763285dc0a5fce31e9aa6b5727973fdd2f07d7a528
60,250,0.249999975,0x5a7f52c42526ddb16755d0681ddc80be166c2ff6,2017-10-22T18:40:35.000Z,0.0009999999,0xced732ca92cb4f040239c4e8c85f14acbb5db000,buy,0xaf30d2a7e90d7dc361c8c4585e9bb7d2f6f15bc7,0xbbf86509a2900f928395a12137dc229a23906ea2188244584fcf2aefe5fc3081
61,1,0.0009999999,0xe1fa699860444be91d366c21de8fef56e3dec77a,2017-10-22T18:35:18.000Z,0.0009999999,0xced732ca92cb4f040239c4e8c85f14acbb5db000,buy,0xaf30d2a7e90d7dc361c8c4585e9bb7d2f6f15bc7,0xd726e30aa726d6492bec949dc837a2cb1a3c15a7c3a24d186a8ac35770f1ec63
62,150,0.149999985,0x672ecc24c68d4efb455c3524bfd0885aab32f912,2017-10-22T18:32:07.000Z,0.0009999999,0xced732ca92cb4f040239c4e8c85f14acbb5db000,buy,0xaf30d2a7e90d7dc361c8c4585e9bb7d2f6f15bc7,0x8374093b1d2956fc4500ba3d088163f967049b5c96565a60adbceaae74d1d67d
63,199,0.2726299801,0x8d47164fabf449cec07cf6aaa6041822ed03267d,2017-10-21T22:30:20.000Z,0.0013699999,0xced732ca92cb4f040239c4e8c85f14acbb5db000,buy,0xaf30d2a7e90d7dc361c8c4585e9bb7d2f6f15bc7,0x6fe85dbcf4a1b08ea690ae7f3911cbd1afb24530f2cc92fb7afa6c8991d18679
64,51,0.06885,0x8d47164fabf449cec07cf6aaa6041822ed03267d,2017-10-21T22:28:20.000Z,0.00135,0x3dee4a4e076e8d82859d241db0baf46f112cfa23,buy,0xaf30d2a7e90d7dc361c8c4585e9bb7d2f6f15bc7,0xb5f10d151796299494bf5416e4db5f24f0927c0e179df25319c67a5065eca46c
65,50.7426976373243,0.04216718173661649,0x1fdf047bf7a114b37e7936d01e9cad754ad18803,2017-10-21T04:02:41.000Z,0.000831,0x2a9cba92cfc3f1dd159dcc04f6b792c2d8f30e15,sell,0xaf30d2a7e90d7dc361c8c4585e9bb7d2f6f15bc7,0x6be9b64b9154bc6c9969c5868fa0af8fbecbfeee9624a5e124eb218aab6be355
66,3,0.0041697,0x0233c54e9aac25e4f5ff616af9d64b044fdaab4a,2017-10-20T04:22:37.000Z,0.0013899,0x2746e07ec94e934599bd6735fa830f2ac458ef78,buy,0xaf30d2a7e90d7dc361c8c4585e9bb7d2f6f15bc7,0x6f3a3d2d1d6b44d55bbe45f910cbac134799b36c1a39860eaa73a825d26ea2ba
67,0.1,0.000137999999,0x6cdea8e07bf82d7a07dbf36642d6e5be8623845c,2017-10-20T00:05:43.000Z,0.00137999999,0xced732ca92cb4f040239c4e8c85f14acbb5db000,buy,0xaf30d2a7e90d7dc361c8c4585e9bb7d2f6f15bc7,0xe0ae4dd881b6abb60dd7c17ceade4b7d9aaad5173bf063c55d776f0fc9afc7bb
68,1438.1348972487128,1.1792720538788417,0xced732ca92cb4f040239c4e8c85f14acbb5db000,2017-10-19T12:54:00.000Z,0.000820001,0xd6bc5140a70906cd32c0131c255d36fadeac65c0,sell,0xaf30d2a7e90d7dc361c8c4585e9bb7d2f6f15bc7,0x13bfbcfa91dcc07ecef3148c6cfd712d28547672ae006125c0a8d10c32c7311e
69,6.64,0.007968,0x8abf98207ad56cb4ec656502ce429fb0deabe671,2017-10-19T06:05:41.000Z,0.0012,0x159b4658a2bf0e45004c8580d6ed7760ade5bb68,buy,0xaf30d2a7e90d7dc361c8c4585e9bb7d2f6f15bc7,0xa00424165fb133c1f452d4716799eaa28341be8cdf778ed5e97d58a88812a745
70,1,0.001111,0x359a434bcd08ddc98f2f0ecbf5990cf922e953e6,2017-10-19T01:08:12.000Z,0.001111,0x3dee4a4e076e8d82859d241db0baf46f112cfa23,buy,0xaf30d2a7e90d7dc361c8c4585e9bb7d2f6f15bc7,0xdf6a515b59b97abad090b18a609150332522f2ec1bcbb2cabd60f7891e3263da
71,2.370773232709528,0.001870113341425929,0x947d19efbca9b0f8801352c8b0f52263656aa9b2,2017-10-18T22:54:41.000Z,0.0007888199999999996,0xae9e1bb055910799e35a3421e04b165aa8ecc615,sell,0xaf30d2a7e90d7dc361c8c4585e9bb7d2f6f15bc7,0x66110d49a7e97cd9fc69dd2026de47980f68b31c30108b3f4ab4994bf8cdfd4c
72,25,0.027775,0x0dcea2fa107a4d6952a5c245e31f58a5c351020e,2017-10-18T17:38:49.000Z,0.001111,0x3dee4a4e076e8d82859d241db0baf46f112cfa23,buy,0xaf30d2a7e90d7dc361c8c4585e9bb7d2f6f15bc7,0x2055d0393d72259eac8a106d7e036a2f7497c1b01671a6d396f144e05b76b080
73,1,0.0014,0x3ac636ac5c3a2576156ac5f10066ca68abe0ad54,2017-10-18T17:02:09.000Z,0.0014,0x37d63be7b21af535bedd407c0f3477694e39e283,buy,0xaf30d2a7e90d7dc361c8c4585e9bb7d2f6f15bc7,0xf56de5cbe629ce26259a9120080ae71197759d8be3427527465037185de22bd9
74,49.853240275172325,0.0392853504016413,0x3dee4a4e076e8d82859d241db0baf46f112cfa23,2017-10-18T16:27:08.000Z,0.00078802,0xfc451fc713435cd4d4892350e1517a4b2695e03b,sell,0xaf30d2a7e90d7dc361c8c4585e9bb7d2f6f15bc7,0x8446af4738263bc07ea070db3f3b279551bb8f85d6b4e87851c4b7b3819e6a01
75,0.45004500450045004,0.0005,0xf9695cd65d6dfdf257fab76a3eb0cb8f001971cc,2017-10-18T14:49:25.000Z,0.001111,0x3dee4a4e076e8d82859d241db0baf46f112cfa23,buy,0xaf30d2a7e90d7dc361c8c4585e9bb7d2f6f15bc7,0x90095319f76b79d6571e4705a5c7515f0bf517d95ad58da269a8180d1a5c44f6
76,0.45004500450045004,0.0005,0x379374d13077e8867ef31803c37baf9785a17c00,2017-10-18T14:48:48.000Z,0.001111,0x3dee4a4e076e8d82859d241db0baf46f112cfa23,buy,0xaf30d2a7e90d7dc361c8c4585e9bb7d2f6f15bc7,0xe490e0d4083b93242e4aba160e7b2a2ec734cb9f4006d041524ccbcb22f8f784
77,51,0.0612,0x5a7f52c42526ddb16755d0681ddc80be166c2ff6,2017-10-18T13:38:49.000Z,0.0012,0x159b4658a2bf0e45004c8580d6ed7760ade5bb68,buy,0xaf30d2a7e90d7dc361c8c4585e9bb7d2f6f15bc7,0x06d5d031602e67c5ff6618ffcbff7f1337a8e60bd4ab7339f8afd01bc019fc39
78,0.45004500450045004,0.0005,0x16e5d97bbc92417e051e3b2cabfbf8ceea2acb9c,2017-10-17T17:01:27.000Z,0.001111,0x3dee4a4e076e8d82859d241db0baf46f112cfa23,buy,0xaf30d2a7e90d7dc361c8c4585e9bb7d2f6f15bc7,0xd463328082d9f13b02107b91c6ce6509710c4e6a395208927a62feb1b7290c47
79,196,0.21266,0x891e8ebd0430ab4360b7b74996c2aee650a960d9,2017-10-17T07:05:04.000Z,0.001085,0x947d19efbca9b0f8801352c8b0f52263656aa9b2,buy,0xaf30d2a7e90d7dc361c8c4585e9bb7d2f6f15bc7,0xcc0a4f7159d1165eb5b36eca7252b671cdd9d0cc28272069a25eb0eb55586304
80,753.7817666666666,0.723630496,0xf732b16f5aee6cd2db5b30a7a3860764a48b19ff,2017-10-17T07:04:57.000Z,0.00096,0xe1e1d0d73eeb29d0632bc4c7871bfc74dbed0741,buy,0xaf30d2a7e90d7dc361c8c4585e9bb7d2f6f15bc7,0xfedeadac978c61457f0e5da65cc7164ab9183862d6802830a4995fb4d274d391
81,2234.699595689944,2.4134755633451395,0x891e8ebd0430ab4360b7b74996c2aee650a960d9,2017-10-17T07:04:57.000Z,0.00108,0xced732ca92cb4f040239c4e8c85f14acbb5db000,buy,0xaf30d2a7e90d7dc361c8c4585e9bb7d2f6f15bc7,0xded2b9af0c2f4cc0c6aaff8159969c0f12055a49fab64f843b5f22d2fe02a360
82,28.49988098249267,0.018280108660980624,0x3dee4a4e076e8d82859d241db0baf46f112cfa23,2017-10-16T14:31:31.000Z,0.00064141,0x634ef9badbe95b99dadb2aeebba524e56404e38a,sell,0xaf30d2a7e90d7dc361c8c4585e9bb7d2f6f15bc7,0x4e431d2b48904cca7be1f4f2f9750ef80f281afe1940d8710302aec7775a3ec4
83,1442.5931154301838,1.024241256214742,0xd6bc5140a70906cd32c0131c255d36fadeac65c0,2017-10-14T06:51:57.000Z,0.0007100000999999999,0x3dee4a4e076e8d82859d241db0baf46f112cfa23,sell,0xaf30d2a7e90d7dc361c8c4585e9bb7d2f6f15bc7,0xf4b45ae054a835418dbc6f52a7367fffc23c3dae179b782c20c38812cc445bf9
84,1446.9554412226296,1.0273528328224792,0x3dee4a4e076e8d82859d241db0baf46f112cfa23,2017-10-14T06:43:36.000Z,0.00071001,0x1f88941a3cf72eb1dd07929c29effb09104cf4ab,sell,0xaf30d2a7e90d7dc361c8c4585e9bb7d2f6f15bc7,0x0be5a7712cbb762d2c672b1fd1f437cced6f6a38923fcb676fe42849fc0cc779
85,190.03090419698933,0.13682225102183232,0x947d19efbca9b0f8801352c8b0f52263656aa9b2,2017-10-14T06:35:19.000Z,0.0007199999999999999,0x1f88941a3cf72eb1dd07929c29effb09104cf4ab,sell,0xaf30d2a7e90d7dc361c8c4585e9bb7d2f6f15bc7,0x301f4fa9aa2d28765d70802e8bff236036ebebd248e1f411eb68a928a194f975
86,3.5882306135383972,0.003911171368756853,0x634ef9badbe95b99dadb2aeebba524e56404e38a,2017-10-14T05:47:41.000Z,0.00109,0x947d19efbca9b0f8801352c8b0f52263656aa9b2,buy,0xaf30d2a7e90d7dc361c8c4585e9bb7d2f6f15bc7,0x69f3cb7aa21580405156419b580a785c3e04ff438c76bb937deb396c754e075f
87,9.969095803010667,0.00717774897816768,0x947d19efbca9b0f8801352c8b0f52263656aa9b2,2017-10-14T00:02:08.000Z,0.0007199999999999999,0x730398eff0e7cc37cc0e172e4fea306ee13d5513,sell,0xaf30d2a7e90d7dc361c8c4585e9bb7d2f6f15bc7,0x17bc8e899bc0770c998c9326126eb4cb47ebcefec74e3419c035e31ac32b23f6
88,250,0.218,0xd98a3954353055ab642c9159c7f3b25dac2dc29b,2017-10-13T13:43:35.000Z,0.000872,0xe1e1d0d73eeb29d0632bc4c7871bfc74dbed0741,sell,0xaf30d2a7e90d7dc361c8c4585e9bb7d2f6f15bc7,0x630762a7d13e8a1a1dcf18d6093f3719593990bed78189996e037b6b0f1a81d1
89,157.258,0.137131020354,0xced732ca92cb4f040239c4e8c85f14acbb5db000,2017-10-13T13:43:31.000Z,0.000872013,0xe1e1d0d73eeb29d0632bc4c7871bfc74dbed0741,sell,0xaf30d2a7e90d7dc361c8c4585e9bb7d2f6f15bc7,0x2271d747fc919ab37e4856099a2f50ce0e53b006e940db59536cc2fce797575b
90,1162.7823746386202,1.0130276326089123,0xe1e1d0d73eeb29d0632bc4c7871bfc74dbed0741,2017-10-13T08:26:04.000Z,0.00087121,0x3c3aef0043c8629556d0b20425aca08a1509d1dc,sell,0xaf30d2a7e90d7dc361c8c4585e9bb7d2f6f15bc7,0x8a85fe238846ad9c2772cd089a2df8785929a1321d8f474c44e8cbb2b7834601
91,2000,2.04,0x775141f6bb933bff603fee63ded1d8fd4c32751a,2017-10-13T08:22:06.000Z,0.00102,0x3c3aef0043c8629556d0b20425aca08a1509d1dc,sell,0xaf30d2a7e90d7dc361c8c4585e9bb7d2f6f15bc7,0xe695ebf8b1a0286a810ca6fbc853b25bba79408953f8b561fff313c783cab7c4
92,0.1338458528399068,0.000116715323672485,0xced732ca92cb4f040239c4e8c85f14acbb5db000,2017-10-13T02:28:05.000Z,0.0008720129999999952,0xc7b8674ecfa7b34b100a994fa55b1bcf1455e9f9,sell,0xaf30d2a7e90d7dc361c8c4585e9bb7d2f6f15bc7,0xe29991cb2330c38c798dacbc3647b07f37823a1fe2fb7858e38503a55cf45b4d
93,1342.607749837105,1.1707714117587034,0xced732ca92cb4f040239c4e8c85f14acbb5db000,2017-10-13T01:49:22.000Z,0.000872013,0xc7b8674ecfa7b34b100a994fa55b1bcf1455e9f9,sell,0xaf30d2a7e90d7dc361c8c4585e9bb7d2f6f15bc7,0x7e0fdca4d1dd611f43b99ed5b2f1438398588dfba76f3e4fff20879767f1c2ad
94,100,0.098176,0x4f0c45fe7dbdfedf4e06c4c184457487296608be,2017-10-13T01:45:15.000Z,0.00098176,0xc7b8674ecfa7b34b100a994fa55b1bcf1455e9f9,sell,0xaf30d2a7e90d7dc361c8c4585e9bb7d2f6f15bc7,0x4e615348e27ed97532dc922eb75a810e4e34bc128edb00008975d6e9bfbce94e
95,25,0.03,0x634ef9badbe95b99dadb2aeebba524e56404e38a,2017-10-11T17:13:14.000Z,0.0012,0x3dee4a4e076e8d82859d241db0baf46f112cfa23,sell,0xaf30d2a7e90d7dc361c8c4585e9bb7d2f6f15bc7,0x54d9fb39beccb1023c46f342c1827e7f277eb52cc2814d1ef7557a906f739d37
96,139.56734124214933,0.12157864619678996,0x3dee4a4e076e8d82859d241db0baf46f112cfa23,2017-10-11T09:44:24.000Z,0.000871111,0x6df8bcaefd1458cf44dadc5272fd7e647ba12b0b,sell,0xaf30d2a7e90d7dc361c8c4585e9bb7d2f6f15bc7,0x9e30c220173954e911171cbd7695633edf345cca4c263d049785d13ab029ffb8
97,149.53601167252884,0.13026246466406827,0x3dee4a4e076e8d82859d241db0baf46f112cfa23,2017-10-11T05:40:17.000Z,0.000871111,0xe1226c4d0a752a3ef42ee783aa1b4ac1abe47a8e,sell,0xaf30d2a7e90d7dc361c8c4585e9bb7d2f6f15bc7,0xd572a8d8ce67ff3f845101fec23dbfd20e169328544d2b1cb9f5999a0e09bd21
98,5833.012,5.59969152,0xf142f26d1cac4ba8a6e6d7974d243eda2fe5f4f9,2017-10-10T16:31:16.000Z,0.00096,0xcb1ab94d76842a8c63ba853fe87665454f4f49b1,buy,0xaf30d2a7e90d7dc361c8c4585e9bb7d2f6f15bc7,0x2460cffc6d6e15c1fb7c5057d8023bab671f78e803e7b386e87e3dc51e3f4826
99,118.07772433456286,0.10155983147740086,0x3dee4a4e076e8d82859d241db0baf46f112cfa23,2017-10-10T01:33:53.000Z,0.00086011,0x19022e6f3c328c3d17cc2fffd0724b8f91bfde98,sell,0xaf30d2a7e90d7dc361c8c4585e9bb7d2f6f15bc7,0x5370d16f307ece8790740f9f1fdb0c2982fcb7a4107e055f5db4d886db183c69
100,120,0.14879988,0xa53194e5e67e9eade3cfc81a6b5e426a46c58dfe,2017-10-09T23:08:56.000Z,0.001239999,0x37d63be7b21af535bedd407c0f3477694e39e283,buy,0xaf30d2a7e90d7dc361c8c4585e9bb7d2f6f15bc7,0xf10ef836954baa8e9a7c5a64b5f0ff57540a0c7dfaf1ce5ffa4fe48d0358e357
101,243.508,0.243508,0xd6d6b1c19041c8d29532a2e5a19582414fdf3297,2017-10-09T21:40:05.000Z,0.001,0xf81ab81ca1a6a19cc7b69b2c7876ff6543060598,sell,0xaf30d2a7e90d7dc361c8c4585e9bb7d2f6f15bc7,0xabd19c46a0fa21ccd7fbd2bec446a4446561beea45194a692991c2d6cda3d198
102,600,0.6,0x37d63be7b21af535bedd407c0f3477694e39e283,2017-10-09T21:37:12.000Z,0.001,0xced732ca92cb4f040239c4e8c85f14acbb5db000,sell,0xaf30d2a7e90d7dc361c8c4585e9bb7d2f6f15bc7,0x3298292dc2a0885847f7cb0546eb6c519737b93604ece4a56cbbd3f6b4778c0b
103,1,0.00125,0xc7b8674ecfa7b34b100a994fa55b1bcf1455e9f9,2017-10-09T19:32:02.000Z,0.00125,0xc7b8674ecfa7b34b100a994fa55b1bcf1455e9f9,buy,0xaf30d2a7e90d7dc361c8c4585e9bb7d2f6f15bc7,0x34cc949f03a694a2a1a087aec6bf77be0d52c37ea0e9b253dc8ed00613408ec7
104,2.031702130994,0.01015850862326787,0xadb2067ef080e99344350a24296d63dd01eb3d6b,2017-10-09T19:07:26.000Z,0.004999999,0xdaa6dbe69b63df377d4f92914883544426fd9081,buy,0xaf30d2a7e90d7dc361c8c4585e9bb7d2f6f15bc7,0x84fcbcdcc18d193f7c8ce703e87428bdbe45169af73735e5ae484d88ba8d6f83
105,2,0.002300024,0x5d5065b42bdee0274e394ba9042c21e1818c69cf,2017-10-09T16:18:35.000Z,0.001150012,0xbf52f67f8524587d6a7ab1f1f8d092c635b9587f,sell,0xaf30d2a7e90d7dc361c8c4585e9bb7d2f6f15bc7,0xcfd24b651b4486ab4c7683d1e9ca8b0bea0761d94ada15083a48daf644f23450
106,1,0.00125,0xbf52f67f8524587d6a7ab1f1f8d092c635b9587f,2017-10-09T16:02:43.000Z,0.00125,0xc7b8674ecfa7b34b100a994fa55b1bcf1455e9f9,buy,0xaf30d2a7e90d7dc361c8c4585e9bb7d2f6f15bc7,0x460601bd707b6965424375ea78ffc63bcfa0a49dc088de50b8196fec687477d8
107,107.685,0.10983977685,0xdaa6dbe69b63df377d4f92914883544426fd9081,2017-10-09T08:40:38.000Z,0.00102001,0x5b4047c2644ae7289576cc3f29a21da8eacda42f,sell,0xaf30d2a7e90d7dc361c8c4585e9bb7d2f6f15bc7,0xf2c3b86bdf126e040f10cd11a4ebd6c76286c0c9db50ff3c2231eaa1e08586d7
108,46.29453659,0.0578681707375,0x0671f73668831051b71f967938d22f3584a3051d,2017-10-09T04:47:55.000Z,0.00125,0xc7b8674ecfa7b34b100a994fa55b1bcf1455e9f9,buy,0xaf30d2a7e90d7dc361c8c4585e9bb7d2f6f15bc7,0xee989e1e9b36b6603e0cc749fd931e803bc9a5083f3aab8076ce1ecb4d7fb05a
109,1,0.00125,0x602dac96d8d0530148bf159acc7927f7ef09f31b,2017-10-09T00:52:53.000Z,0.00125,0xc7b8674ecfa7b34b100a994fa55b1bcf1455e9f9,buy,0xaf30d2a7e90d7dc361c8c4585e9bb7d2f6f15bc7,0xb7515f2239bd98974150530d413474540c000ea3879d2b6e6142a96e7bdc9656
110,19783.05254249617,20.17873337639864,0x7b6b2f3c88ce2ecedc01c545f13faf36034d772f,2017-10-08T23:36:58.000Z,0.001020001,0x5b4047c2644ae7289576cc3f29a21da8eacda42f,sell,0xaf30d2a7e90d7dc361c8c4585e9bb7d2f6f15bc7,0x52287a8bb3ce5424f8a948ffa3853e5ee6ac491c4a80fb3f8a0014151841fb3c
111,9.071877180739707,0.01043276762037683,0x5d5065b42bdee0274e394ba9042c21e1818c69cf,2017-10-08T22:47:21.000Z,0.001150012,0xfb87cfcc373c555f11bb1880f2162b15978fbb80,sell,0xaf30d2a7e90d7dc361c8c4585e9bb7d2f6f15bc7,0x2b27f03167a54356444f8fada509b3a085fd5812e1dc1bfacdd9fece1f96a81f
112,38.114965081704995,0.04377465624668737,0xc6bf85026ae997894e4c765156d27ab57029961b,2017-10-08T21:45:16.000Z,0.00114849,0xb13b55cb7a925834697b2ca6ca879723441a2bc2,sell,0xaf30d2a7e90d7dc361c8c4585e9bb7d2f6f15bc7,0xaddfb1727e7e6c82179fc785f83d6ee5594155c44b8de2b10c56d052fd7f1d6a
113,1,0.0011500111,0x254fb89e4cab71708eaab16e067ca8156a38e18a,2017-10-06T01:23:30.000Z,0.0011500111,0x7e02802a78674698f06815cef98ea7759252849d,sell,0xaf30d2a7e90d7dc361c8c4585e9bb7d2f6f15bc7,0x97c34104ce73847eceabaf1eb75e38aed5b3f11e29ff46c608fce27a7b3a3c80
114,289.9393931374808,0.3334303021081029,0x3dee4a4e076e8d82859d241db0baf46f112cfa23,2017-10-05T19:47:52.000Z,0.00115,0x3ddcd68862a6bfa94130706a975f4baba061e547,sell,0xaf30d2a7e90d7dc361c8c4585e9bb7d2f6f15bc7,0xdcf3c8005e8f656a2c8779298cbae5606661642f8c2b904954b13fdeef20df42
115,99.99978922006969,0.13999970490809754,0x79ec76c1f33f3d953b0cd5a14903ba92f885e7ec,2017-10-05T19:34:46.000Z,0.0014,0x3ddcd68862a6bfa94130706a975f4baba061e547,sell,0xaf30d2a7e90d7dc361c8c4585e9bb7d2f6f15bc7,0x0d49a88ac2011b3ce5eb79aafe759951e259e72c5c7ba0b391622f58555f96e7
116,23,0.0345,0xc5ddf94d4ce59f60cde710b7dae2a37dd10d2b70,2017-10-05T19:34:11.000Z,0.0015,0x3ddcd68862a6bfa94130706a975f4baba061e547,sell,0xaf30d2a7e90d7dc361c8c4585e9bb7d2f6f15bc7,0x8c2a903755fc0777a9c45f576d8d56ca9575bf25f58210c77bdec35a0a5464d3
117,86.72,0.121408,0x79ec76c1f33f3d953b0cd5a14903ba92f885e7ec,2017-10-05T15:04:56.000Z,0.0014,0xebb19d7023ee664d4b1652f1fb25e70e7e65642b,sell,0xaf30d2a7e90d7dc361c8c4585e9bb7d2f6f15bc7,0x858efa17bb2c8b11f52a504ead1b4fcf20c8b8f442fa631657144464913e4cb9
118,356.89362974778186,0.49965108164689465,0x79ec76c1f33f3d953b0cd5a14903ba92f885e7ec,2017-10-05T06:46:49.000Z,0.0014,0xebb19d7023ee664d4b1652f1fb25e70e7e65642b,sell,0xaf30d2a7e90d7dc361c8c4585e9bb7d2f6f15bc7,0x328da25321881d802f2d12795ae612e046cc984c5251a0d28da414da1dcb0250
119,1208.7528661150434,1.7526916558668129,0x733f4fc4d1fb6899b22128ad03120969eab4ba8e,2017-10-05T00:07:58.000Z,0.00145,0x9778550d76b07ac9f5e57392f68ecdf6efc1774e,sell,0xaf30d2a7e90d7dc361c8c4585e9bb7d2f6f15bc7,0x344af06be7c6f69bad767da6d75f68b2ab0bda800fb09b59a6d54f4b05ed415d
120,89.23584193446976,0.12939197080498116,0x733f4fc4d1fb6899b22128ad03120969eab4ba8e,2017-10-04T23:14:20.000Z,0.00145,0xe2eabfc1e89a462bbd2ba188cd8a9591a9a0d04e,sell,0xaf30d2a7e90d7dc361c8c4585e9bb7d2f6f15bc7,0xa4d010a434098f746a3c963d2d338b32e0237b0cac6cbaaa348798b719b2e1e3
121,10,0.015,0x75ba5e97caf179995b5383d91bdd9eade220c553,2017-10-04T23:11:25.000Z,0.0015,0xe2eabfc1e89a462bbd2ba188cd8a9591a9a0d04e,sell,0xaf30d2a7e90d7dc361c8c4585e9bb7d2f6f15bc7,0xfcb7c47bd29e1877570b9de69a6622eef572eeda802f2c2b2d875e31f5c8dfd9
122,3,0.006,0xbf52f67f8524587d6a7ab1f1f8d092c635b9587f,2017-10-03T22:22:46.000Z,0.002,0x3f8b0e1e53cd15d17cb7c9317340f10e964f2dfb,buy,0xaf30d2a7e90d7dc361c8c4585e9bb7d2f6f15bc7,0x2f921c25ad964a0d4fff634e22e2077a5d9101eb6e27f0754e659b73076b335c
123,274.1501345827933,0.39751769514505036,0x733f4fc4d1fb6899b22128ad03120969eab4ba8e,2017-10-03T12:33:15.000Z,0.00145,0xb13b55cb7a925834697b2ca6ca879723441a2bc2,sell,0xaf30d2a7e90d7dc361c8c4585e9bb7d2f6f15bc7,0x389719e491eb86c6895ebd326ab944295ad8823ec333f999ecd78460bd0bdd70
124,200,0.34,0x3c6311fa725a1a4545de9421d005a04afa993f58,2017-10-03T09:07:08.000Z,0.0017,0x1ca9bd189db5ab9099a4b17a15cf3ac3da289c38,buy,0xaf30d2a7e90d7dc361c8c4585e9bb7d2f6f15bc7,0x705a91cead171b28b07264e0348020b924b3e497e9854b38c774cfce6fcbe71f
125,415.0469446661425,0.6018180697659066,0x733f4fc4d1fb6899b22128ad03120969eab4ba8e,2017-10-03T08:34:34.000Z,0.00145,0xe2eabfc1e89a462bbd2ba188cd8a9591a9a0d04e,sell,0xaf30d2a7e90d7dc361c8c4585e9bb7d2f6f15bc7,0x35dfb258cc1a2150e8ed923794cfb955b5ee6be5cb7318f48bcc45d4c97bfd8c
126,399.12824607538784,0.5787359568093123,0x733f4fc4d1fb6899b22128ad03120969eab4ba8e,2017-10-03T08:03:05.000Z,0.00145,0xe2eabfc1e89a462bbd2ba188cd8a9591a9a0d04e,sell,0xaf30d2a7e90d7dc361c8c4585e9bb7d2f6f15bc7,0xccc32dc58f7e30805c249dd857ae05c044ae400dcc75254952c9ab7984a92461
127,1.941979862426478,0.002815870800518392,0x733f4fc4d1fb6899b22128ad03120969eab4ba8e,2017-10-03T07:56:45.000Z,0.0014499999999999995,0x323aa94f92121ee3ba173cce400d1abe8f316ad4,sell,0xaf30d2a7e90d7dc361c8c4585e9bb7d2f6f15bc7,0x0b8809da0c07055ac1eca2cbb54fc2f19b973c6b273a842b660f715845866a9e
128,388.5863822151331,0.563450254211943,0x733f4fc4d1fb6899b22128ad03120969eab4ba8e,2017-10-03T07:35:22.000Z,0.00145,0xe2eabfc1e89a462bbd2ba188cd8a9591a9a0d04e,sell,0xaf30d2a7e90d7dc361c8c4585e9bb7d2f6f15bc7,0x634919851426ee993277b058956e6bc665ba8692cac2aea5d8d4a0c65fba4766
129,212.36345587678198,0.30792701102133385,0x733f4fc4d1fb6899b22128ad03120969eab4ba8e,2017-10-03T03:34:01.000Z,0.00145,0xe7f6bb21783b882d3b2fb9be0e76254c21ff40a4,sell,0xaf30d2a7e90d7dc361c8c4585e9bb7d2f6f15bc7,0xb9ad3750e69af785eb28e190e42a795375e85ac887c84daf42259ea7ee6d1ca0
130,25,0.05252525,0xf72f2ee4320187bc119adf97bc18aed4b54012de,2017-10-03T02:19:42.000Z,0.00210101,0x8d18377e912b4315407b959ef2b49ccac6b5f6a2,buy,0xaf30d2a7e90d7dc361c8c4585e9bb7d2f6f15bc7,0x0b3acec64d8ec4450232f0b0025af1c3557f26695403bddb3435019998eceeb9
131,30,0.06,0x3343de5b30912bd3e34091096ca76c1caef12c44,2017-10-02T22:50:18.000Z,0.002,0x9833156e2636e8c218252ed5caa62a62463bc768,sell,0xaf30d2a7e90d7dc361c8c4585e9bb7d2f6f15bc7,0xdcd3be08056c817033e20fde12329450e719da6da61b33bfb9a03e3f337f18a1
132,0.1694915254237288,0.0005,0x350f6f675b20d606bb7f6c412ef4775c9bc57168,2017-10-02T21:34:19.000Z,0.00295,0xd7a12a0492a1decdb8417734167c43c89ec802a8,buy,0xaf30d2a7e90d7dc361c8c4585e9bb7d2f6f15bc7,0xe4330e69d07adca3b7916a52dae5b974d499b086d6f1f5368275a27c2b0024ed
133,0.1694915254237288,0.0005,0x3bfdec5343e950ce45522eef9948c977631b4000,2017-10-02T21:32:56.000Z,0.00295,0xd7a12a0492a1decdb8417734167c43c89ec802a8,buy,0xaf30d2a7e90d7dc361c8c4585e9bb7d2f6f15bc7,0x9d976b668fb8b69b87b2766705f2623fd3657b2a4dc70343b4036e1e851fbf09
134,2.3781226297309277,0.004996459426290976,0xae9e1bb055910799e35a3421e04b165aa8ecc615,2017-10-02T17:46:37.000Z,0.00210101,0x8d18377e912b4315407b959ef2b49ccac6b5f6a2,buy,0xaf30d2a7e90d7dc361c8c4585e9bb7d2f6f15bc7,0x1159f71e9db762bd8b22cca752b0215144491ccbc71a4a28f7d57644071a7e24
135,414.20699384393686,0.8702530361360499,0x3ddcd68862a6bfa94130706a975f4baba061e547,2017-10-02T07:05:02.000Z,0.00210101,0x8d18377e912b4315407b959ef2b49ccac6b5f6a2,buy,0xaf30d2a7e90d7dc361c8c4585e9bb7d2f6f15bc7,0xcf516191001eb85fd8914829d53808519a3ebc7b82736bfc15889a934f2c6446
136,9.1,0.01729,0xfb87cfcc373c555f11bb1880f2162b15978fbb80,2017-10-02T02:05:55.000Z,0.0019,0xe1b70fc15811f1d1e8993ecc765aded8531024ff,buy,0xaf30d2a7e90d7dc361c8c4585e9bb7d2f6f15bc7,0x230aaaa66203b92f463491c60f45cd1890b627bc2eba367048b7e30e1618878a
137,56.939,0.082447672,0xe2eabfc1e89a462bbd2ba188cd8a9591a9a0d04e,2017-10-02T00:22:41.000Z,0.001448,0x583783f4726ef4daf069a157867f2335c8fadd35,buy,0xaf30d2a7e90d7dc361c8c4585e9bb7d2f6f15bc7,0xe77ed9e21b5a3b2cf20fba755377a93f92f0cbb3f18d96888fc17545bf3fafb9
138,119.75874788156715,0.16287189711893132,0xa641dd8fb2339ba6f37ae64587551cf3d64143da,2017-10-01T23:59:01.000Z,0.00136,0x179eda1807504cfaa5f753a33ad6b100b75104f3,sell,0xaf30d2a7e90d7dc361c8c4585e9bb7d2f6f15bc7,0x87f4d645b10d2970751f40bd6c51a9c61eedc5f7a306d716e313e66bf3417658
139,78.90777788685317,0.13137356729459965,0x82ed34ab3e709d42d33d1ec756f69e87a6d23058,2017-10-01T22:58:35.000Z,0.0016649001,0x953d1111662196af36e9d387c0f909e14111fa76,buy,0xaf30d2a7e90d7dc361c8c4585e9bb7d2f6f15bc7,0x5ce748dea1a6ca11f2eec07a0b8623b85ad75fde2d79e1c61ccb516ab946dc0d
140,1495.3643704516,2.01874190010966,0xc7b8674ecfa7b34b100a994fa55b1bcf1455e9f9,2017-10-01T22:56:09.000Z,0.00135,0x548cab36b9c0de476d0415437b44a1e7f00210f7,sell,0xaf30d2a7e90d7dc361c8c4585e9bb7d2f6f15bc7,0xa502b338e28ff6dab89b0f88d4200202bf68dc516e3be4c6fe12963e99ccfc0f
141,23,0.033304,0x179eda1807504cfaa5f753a33ad6b100b75104f3,2017-10-01T22:49:32.000Z,0.001448,0x583783f4726ef4daf069a157867f2335c8fadd35,buy,0xaf30d2a7e90d7dc361c8c4585e9bb7d2f6f15bc7,0x16daf9fbf27760ca0622b6e56e724dc09e0602a28dd9659ff1043556c46d0550
142,97.13,0.1396719687,0x179eda1807504cfaa5f753a33ad6b100b75104f3,2017-10-01T22:49:06.000Z,0.00143799,0x583ed52a064dceed0c4f15f444885eae32e6ca58,buy,0xaf30d2a7e90d7dc361c8c4585e9bb7d2f6f15bc7,0xdd7bcc619c9dff94f8e15d9b8a7b80b0f48f89965ddc9a84c12207f33e09b761
143,0.3258199258433,0.00035840191842763,0xb24cb380362ab4e5f14395cfcdbe67033a0d558f,2017-10-01T04:38:57.000Z,0.0011,0x2ba19ec4bcd5ae8de66b110bde5ebf41092bd02f,sell,0xaf30d2a7e90d7dc361c8c4585e9bb7d2f6f15bc7,0x49f2a81a29e2838a4aa4d9f80c1c39a508b6a3117e5b48edb5c2824a527d1c84
144,0.3258199258433,0.00035840191842763,0xb24cb380362ab4e5f14395cfcdbe67033a0d558f,2017-10-01T03:14:28.000Z,0.0011,0xc22f5ab4f1591613a92b4d172cc7f4e4a5af58cd,sell,0xaf30d2a7e90d7dc361c8c4585e9bb7d2f6f15bc7,0xd7410dd6c35acaa8dd876e05d265997d0e36bfaf8ac3c633f4e1f856702dbbeb
145,0.3258199258433,0.00035840191842763,0xb24cb380362ab4e5f14395cfcdbe67033a0d558f,2017-10-01T03:14:28.000Z,0.0011,0x8612d2a48328bbf318b856ed0daaa4a7034383d0,sell,0xaf30d2a7e90d7dc361c8c4585e9bb7d2f6f15bc7,0xae640ea6474436fbd5c73148769d4613f41c6a1eef1083842e19d70f88e46a2a
146,0.3258199258433,0.00035840191842763,0xb24cb380362ab4e5f14395cfcdbe67033a0d558f,2017-10-01T02:55:49.000Z,0.0011,0x7ed2114439b24152cf18c02c10cae681a7ca2adc,sell,0xaf30d2a7e90d7dc361c8c4585e9bb7d2f6f15bc7,0x16ae3b5259d3e3249d7cf7e8bf7da64df71dbef108d9cff29a974c66c00032dd
147,115.101,0.166666248,0x7791f89e603835a6d67939712cfad31db6a1b94c,2017-09-30T18:05:17.000Z,0.001448,0x583783f4726ef4daf069a157867f2335c8fadd35,buy,0xaf30d2a7e90d7dc361c8c4585e9bb7d2f6f15bc7,0x5cab8ea78917c1cc77faa065f9834c27f24150043a430d5e98f546bc1bac1939
148,80,0.1334392,0xdf6453a8256d0397c5757fada7d6711a728e9f41,2017-09-29T12:55:48.000Z,0.00166799,0x953d1111662196af36e9d387c0f909e14111fa76,buy,0xaf30d2a7e90d7dc361c8c4585e9bb7d2f6f15bc7,0x5eba01e102af1cb90f948f418a781d95afaaf3b0c8c6f735d444f0fc2003d637
149,0.001,0.0000015,0xddefef5508d0b353bd8d01dda78e5aa25dc4ec3f,2017-09-29T05:37:27.000Z,0.0015,0x68d1b49e3f85c7c8b8f8872a79ac8d4c96b32c41,buy,0xaf30d2a7e90d7dc361c8c4585e9bb7d2f6f15bc7,0xa7fd2b63b85b11611b88436fa21fedce5a15266689a3e8696495810f3a836f5c
150,146.667,0.2200005,0x92efc54c39219b0be3dd169e10eb4780204f0a09,2017-09-29T05:06:02.000Z,0.0015,0x68d1b49e3f85c7c8b8f8872a79ac8d4c96b32c41,buy,0xaf30d2a7e90d7dc361c8c4585e9bb7d2f6f15bc7,0xff3268a96ff9f5477b603e37df4efd37386ebf69dd77c5eb59431b17b03561ba
151,1,0.001654899,0x0249924245a19aa2d7f5ddb0739a7132b7d094ab,2017-09-28T17:16:09.000Z,0.001654899,0x583ed52a064dceed0c4f15f444885eae32e6ca58,buy,0xaf30d2a7e90d7dc361c8c4585e9bb7d2f6f15bc7,0x9911ecc6cc55799bd34acdfd12c50664466783cad66c618da0e9be7c9e99efa7
152,0.02588623035448433,0.000043097987505804,0x58319288a01eff24620ee5237315f9e1e9dc0e36,2017-09-28T09:39:48.000Z,0.0016649001,0x953d1111662196af36e9d387c0f909e14111fa76,buy,0xaf30d2a7e90d7dc361c8c4585e9bb7d2f6f15bc7,0x63faef683b4281b1828ea9eb86445d5aa53b38e825cea875852536cabd5a7815
153,1,0.0016649001,0xa0be78d2bac6a692adba423c7af50ec86a18bddf,2017-09-28T04:20:26.000Z,0.0016649001,0x953d1111662196af36e9d387c0f909e14111fa76,buy,0xaf30d2a7e90d7dc361c8c4585e9bb7d2f6f15bc7,0x01626b189f6fe03f22419441c43e889972c02104f5bd8adf538eb39f0cdbbac3
154,79.885,0.1330005444885,0xb13b55cb7a925834697b2ca6ca879723441a2bc2,2017-09-28T02:17:18.000Z,0.0016649001,0x953d1111662196af36e9d387c0f909e14111fa76,buy,0xaf30d2a7e90d7dc361c8c4585e9bb7d2f6f15bc7,0x62769d5ec6b081b06b16e37ece3c1d1de9ae9611956f6c704404e809a5d8fe14
155,7.7,0.00923923,0xb13b55cb7a925834697b2ca6ca879723441a2bc2,2017-09-28T01:51:08.000Z,0.0011999,0x19fff3b449a3a58a48c7f1d838761f5721401d26,buy,0xaf30d2a7e90d7dc361c8c4585e9bb7d2f6f15bc7,0xddc5ee4b919474c6a4c57eacbe80c2370d8bb788c46a36fb1ef52d48209363dd
156,9.959126707207655,0.008565845976373242,0x953d1111662196af36e9d387c0f909e14111fa76,2017-09-28T01:38:05.000Z,0.0008601001099999999,0x2256c01a9c0e2de68cb7d27f7e39dc4e1c7d3783,sell,0xaf30d2a7e90d7dc361c8c4585e9bb7d2f6f15bc7,0x797d3e5bfb77b571426d4013155ff71933f08e65a20cdb01eb713a9087e033a9
157,188.7098853345319,0.3142019590819956,0xe962934947d3ee8cc7f1958c7e78046061bf8096,2017-09-28T00:47:19.000Z,0.001665,0x583ed52a064dceed0c4f15f444885eae32e6ca58,buy,0xaf30d2a7e90d7dc361c8c4585e9bb7d2f6f15bc7,0xc87ca2379b1704ffb91f4529dbcd320e0fbab7bcd0243e2b379b3c6f2184b202
158,2500,2.9995,0x02b88d6e7caeebcdce8d7aab889eb680c146235f,2017-09-27T20:19:40.000Z,0.0011998,0xb1eed1ed94eaa7bc375e13bbef92918a33ec156b,buy,0xaf30d2a7e90d7dc361c8c4585e9bb7d2f6f15bc7,0xde32c9da4ea100b8333376b184c5f0522176000703d7faa972577c7ae4005ae2
159,0.000595820927528733,0.000000993828711297,0x90aa31d2e04cb04abb2f002cc5b8ad5d1460d7e3,2017-09-25T11:56:17.000Z,0.0016679990000000014,0x583ed52a064dceed0c4f15f444885eae32e6ca58,buy,0xaf30d2a7e90d7dc361c8c4585e9bb7d2f6f15bc7,0xc093a5af44ffd43d2b7eb8d81b19f0318780574e4364dc312f39cc1731c2b3c2
160,1.4349829254800315,0.001176704653671657,0x3dee4a4e076e8d82859d241db0baf46f112cfa23,2017-09-25T05:51:27.000Z,0.000820013,0x8ca07f66440b936e762488718eb5916883639330,sell,0xaf30d2a7e90d7dc361c8c4585e9bb7d2f6f15bc7,0xcf234d904bd46db37f14fa7175df75b642982100fee1935a228403caa736e146
161,0.2997603715589758,0.0005,0xc886b21b865e7c90432d9b8bdb14ad254f2232f5,2017-09-25T02:41:29.000Z,0.001667999,0x583ed52a064dceed0c4f15f444885eae32e6ca58,buy,0xaf30d2a7e90d7dc361c8c4585e9bb7d2f6f15bc7,0xd113b6ed4cdc9a3dd752c5c69ed26975d135a636def08454238de11d910614c9
162,0.2997603715589758,0.0005,0xe37bd4d49c619e748d4efe74525489d26b6aff43,2017-09-25T02:27:17.000Z,0.001667999,0x583ed52a064dceed0c4f15f444885eae32e6ca58,buy,0xaf30d2a7e90d7dc361c8c4585e9bb7d2f6f15bc7,0x65b5f98d1036b609a23453ca455e8cae475a4cb83372858248f437288aa1dbff
163,0.2997603715589758,0.0005,0x23ee598e50ff1b1bde1022bf3c8a41d4c23321a0,2017-09-25T00:06:42.000Z,0.001667999,0x583ed52a064dceed0c4f15f444885eae32e6ca58,buy,0xaf30d2a7e90d7dc361c8c4585e9bb7d2f6f15bc7,0x52860dc9838a83688e7afa16b3c3fffee0244328d618ca6a3273d19616152df9
164,0.2997603715589758,0.0005,0xe5a759eb3e214ff0a2bbbea31acc41c9bf27b239,2017-09-24T23:41:36.000Z,0.001667999,0x583ed52a064dceed0c4f15f444885eae32e6ca58,buy,0xaf30d2a7e90d7dc361c8c4585e9bb7d2f6f15bc7,0xa7286eef7a0b6b2873e5a7fd5bad6ce6bbc6863a027261f91919d85e324bb65e
165,0.2997603715589758,0.0005,0x160506e5a5ce5dadd43623689f53d5aa1f288f0f,2017-09-24T23:32:43.000Z,0.001667999,0x583ed52a064dceed0c4f15f444885eae32e6ca58,buy,0xaf30d2a7e90d7dc361c8c4585e9bb7d2f6f15bc7,0x22efd4da4c801782f5decac4a707a4c5797d7c4a93920dea4478dc60ce4093a3
166,25,0.026550775,0xf36990a2cb4d609e0a7d4f3bf884c0342d81fd3d,2017-09-24T21:21:31.000Z,0.001062031,0x583ed52a064dceed0c4f15f444885eae32e6ca58,sell,0xaf30d2a7e90d7dc361c8c4585e9bb7d2f6f15bc7,0x848ff786e072a3aae11f6d3659540e48329ad102c2bab07b16f0f9521918eb05
167,25,0.026550775,0xf36990a2cb4d609e0a7d4f3bf884c0342d81fd3d,2017-09-24T21:20:34.000Z,0.001062031,0x583ed52a064dceed0c4f15f444885eae32e6ca58,sell,0xaf30d2a7e90d7dc361c8c4585e9bb7d2f6f15bc7,0x18a9b77eb76e595a22f4ad6031e8ae50c082ba869770ab304f5f5dd1df7ebbfb
168,241.654,0.257844818,0x975cdd040c7b55c17528b3b10dcc1839b6c90063,2017-09-24T21:18:00.000Z,0.001067,0x583ed52a064dceed0c4f15f444885eae32e6ca58,sell,0xaf30d2a7e90d7dc361c8c4585e9bb7d2f6f15bc7,0x2233807f1304a829f5ec9b3e9cb8c2b250c7bac3b0ceea37e403eb07074858e3
169,208.08693051540226,0.2220287548599342,0x975cdd040c7b55c17528b3b10dcc1839b6c90063,2017-09-24T19:09:48.000Z,0.001067,0xe2eabfc1e89a462bbd2ba188cd8a9591a9a0d04e,sell,0xaf30d2a7e90d7dc361c8c4585e9bb7d2f6f15bc7,0x12a0e61d106c30a42bee195e43c05e28a21d0549feb5ee4176d049e5f8b638d8
170,1,0.00153,0x0de40728663b8e2a9b116a95c1a1ab0166979461,2017-09-24T03:14:26.000Z,0.00153,0x8ca07f66440b936e762488718eb5916883639330,buy,0xaf30d2a7e90d7dc361c8c4585e9bb7d2f6f15bc7,0x5c6356aafae022d8aba13f568d36625a7623677c08f9e15b2a164ae6c05fadc1
171,0.32679738562091504,0.0005,0xc22f5ab4f1591613a92b4d172cc7f4e4a5af58cd,2017-09-23T19:39:50.000Z,0.00153,0x8ca07f66440b936e762488718eb5916883639330,buy,0xaf30d2a7e90d7dc361c8c4585e9bb7d2f6f15bc7,0xe68b33b24ffc78923f867f0549cfc7582e9954c821760103eb0c5402f4842f8c
172,0.32679738562091504,0.0005,0x452b06f1c61cff4c9bebaa405319a7c3b12553a2,2017-09-23T19:27:08.000Z,0.00153,0x8ca07f66440b936e762488718eb5916883639330,buy,0xaf30d2a7e90d7dc361c8c4585e9bb7d2f6f15bc7,0xb9f8f11ed7b736ad507b3a3f3bb3e3ba98e6d5841fe34d07935ec19a6e35393e
173,0.32679738562091504,0.0005,0x2ba19ec4bcd5ae8de66b110bde5ebf41092bd02f,2017-09-23T19:16:29.000Z,0.00153,0x8ca07f66440b936e762488718eb5916883639330,buy,0xaf30d2a7e90d7dc361c8c4585e9bb7d2f6f15bc7,0x589f72ed55ae209e8a831effb7173a69094312389b3effbb5830341cf47fe591
174,0.32679738562091504,0.0005,0x18a902dc44442205b4ba2b1dc038e67506d22c55,2017-09-23T14:49:51.000Z,0.00153,0x8ca07f66440b936e762488718eb5916883639330,buy,0xaf30d2a7e90d7dc361c8c4585e9bb7d2f6f15bc7,0xd79692509ad467f4da656ccbacb58d162f4f1877ff48b2f5dfe780a2ce63f13f
175,0.32679738562091504,0.0005,0xd868b838b5de79f1e540b5d83c9e9a3d0b3810cd,2017-09-23T14:37:01.000Z,0.00153,0x8ca07f66440b936e762488718eb5916883639330,buy,0xaf30d2a7e90d7dc361c8c4585e9bb7d2f6f15bc7,0xe37f130a800b8bb4665d155eb549bd26534ddd683f3aa02cc1b2c565a835d36b
176,875.882897419998,1.751765794839996,0x365ff3efb095858290fccf362db2bc668c7e54a0,2017-09-23T13:43:52.000Z,0.002,0xb85df51a688a05ee1475347db55afabc8850d097,buy,0xaf30d2a7e90d7dc361c8c4585e9bb7d2f6f15bc7,0x7bd17471dc7a8c44c7ef2e46b9c13e64745ca63d39c9f2e37b37811874015d1b
177,153.846,0.267999732,0x365ff3efb095858290fccf362db2bc668c7e54a0,2017-09-23T13:32:04.000Z,0.001742,0xa53194e5e67e9eade3cfc81a6b5e426a46c58dfe,buy,0xaf30d2a7e90d7dc361c8c4585e9bb7d2f6f15bc7,0x524cae08aa4c497e4225b3b55f2403336543aeff4b29d1e710858fe6794941e2
178,0.5,0.000765,0x636d925f140f761f7a0e600db2177dd068ddada1,2017-09-23T11:12:00.000Z,0.00153,0x8ca07f66440b936e762488718eb5916883639330,buy,0xaf30d2a7e90d7dc361c8c4585e9bb7d2f6f15bc7,0x64430ca51f2f24365e7f9131c955afd02d735df750f8bad682079538cb8d74a6
179,10,0.0153,0x730398eff0e7cc37cc0e172e4fea306ee13d5513,2017-09-22T15:54:18.000Z,0.00153,0x8ca07f66440b936e762488718eb5916883639330,buy,0xaf30d2a7e90d7dc361c8c4585e9bb7d2f6f15bc7,0x1a6ae5a868e4afc8b4d883f54841faafb2d549b012ee8864729b8a88c8644ff8
180,0.32679738562091504,0.0005,0x794d1e70afbda0852dec91652c38c1b84273292b,2017-09-22T06:56:07.000Z,0.00153,0x8ca07f66440b936e762488718eb5916883639330,buy,0xaf30d2a7e90d7dc361c8c4585e9bb7d2f6f15bc7,0xffd2aa9771b6e47ffddf0d125baeeb409ed0088ae9e5b415a28fe3f2590b42fd
181,0.32679738562091504,0.0005,0x999dbc9673afdd6b6c140c261297f89de35ff1b3,2017-09-22T05:07:53.000Z,0.00153,0x8ca07f66440b936e762488718eb5916883639330,buy,0xaf30d2a7e90d7dc361c8c4585e9bb7d2f6f15bc7,0xcc82f198745a3f76f1ac8622fbdd1f3030bdd2cf5f8ac6e182d9a7ff35587819
182,0.32679738562091504,0.0005,0x8612d2a48328bbf318b856ed0daaa4a7034383d0,2017-09-22T04:58:14.000Z,0.00153,0x8ca07f66440b936e762488718eb5916883639330,buy,0xaf30d2a7e90d7dc361c8c4585e9bb7d2f6f15bc7,0x5b92e46573e55925b8bac4c7c298770b788ce2a46271bc1e0d9b4888b333d47f
183,0.32679738562091504,0.0005,0x10c12555236fa11fc988be565ab70c82a4660ecf,2017-09-22T04:50:29.000Z,0.00153,0x8ca07f66440b936e762488718eb5916883639330,buy,0xaf30d2a7e90d7dc361c8c4585e9bb7d2f6f15bc7,0x4567780a1cca14566132ad603deb3d654cb3cb53780481c9366aaaa351269282
184,0.32679738562091504,0.0005,0x8f28b1970e72adb11173044ebc762800e3128238,2017-09-22T04:36:25.000Z,0.00153,0x8ca07f66440b936e762488718eb5916883639330,buy,0xaf30d2a7e90d7dc361c8c4585e9bb7d2f6f15bc7,0xf7a3bde6d31e1fd3b36469d5b9bdc044fbfacba7a453ec57083eda933542970d
185,0.32679738562091504,0.0005,0x7ed2114439b24152cf18c02c10cae681a7ca2adc,2017-09-22T04:24:26.000Z,0.00153,0x8ca07f66440b936e762488718eb5916883639330,buy,0xaf30d2a7e90d7dc361c8c4585e9bb7d2f6f15bc7,0xb14cafdcd1c16eea7ef8408e92c6bd8d9e740da9ed837522c9ef1e47cabb6506
186,0.32679738562091504,0.0005,0x03dd03643b71b06642179afb38211c0f45699bc5,2017-09-22T04:13:22.000Z,0.00153,0x8ca07f66440b936e762488718eb5916883639330,buy,0xaf30d2a7e90d7dc361c8c4585e9bb7d2f6f15bc7,0xbc8916f46c60cb2720bd4fcb225f71f34c33ea3b90d7c6fb7d4d696d9f815388
187,0.654,0.00100062,0x19b78488b79c6a45d4e060f05a2b35c4873f25c5,2017-09-21T21:47:44.000Z,0.00153,0x8ca07f66440b936e762488718eb5916883639330,buy,0xaf30d2a7e90d7dc361c8c4585e9bb7d2f6f15bc7,0x74b039e7cba01539815ce62e208029ad595cb67d6b07690caf60a5369863a19c
188,17.515,0.0269731,0x8ca07f66440b936e762488718eb5916883639330,2017-09-21T07:57:14.000Z,0.00154,0x66a4e99923ff534c41936d0b28a13980b0a942f0,buy,0xaf30d2a7e90d7dc361c8c4585e9bb7d2f6f15bc7,0xee1674a0eddde0723c82e6cbaedff4429a5d84f9d51c9e6af8a104da04848427
189,0.03548425660534091,0.000037691412850449,0x3dee4a4e076e8d82859d241db0baf46f112cfa23,2017-09-21T04:11:55.000Z,0.0010622009999999796,0x729929af8cbfd06a18f388523b0338e97bb273e2,sell,0xaf30d2a7e90d7dc361c8c4585e9bb7d2f6f15bc7,0x4f0ce4349e0bb752e3448cc618541664423f7f2d2f9d7c56f1b3b3d02f2dabe3
190,355.9425780081747,0.37808256230286114,0x3dee4a4e076e8d82859d241db0baf46f112cfa23,2017-09-21T04:09:47.000Z,0.001062201,0x729929af8cbfd06a18f388523b0338e97bb273e2,sell,0xaf30d2a7e90d7dc361c8c4585e9bb7d2f6f15bc7,0x4fdb33f2ba5eebaa169738cca9b5ff9c0bbedde5d82ee7c0959948da7228404c
191,1.948,0.00299992,0x323aa94f92121ee3ba173cce400d1abe8f316ad4,2017-09-21T02:29:47.000Z,0.00154,0x66a4e99923ff534c41936d0b28a13980b0a942f0,buy,0xaf30d2a7e90d7dc361c8c4585e9bb7d2f6f15bc7,0x17a7d2ca3190c831057f808681caaaa2bded9d4de46393da44d8a1f3532c38c9
192,9,0.01386,0xf669cc2cb12a2586de967728421ec442b6a7a061,2017-09-19T23:39:18.000Z,0.00154,0x66a4e99923ff534c41936d0b28a13980b0a942f0,buy,0xaf30d2a7e90d7dc361c8c4585e9bb7d2f6f15bc7,0x2c69a5ea822cbb23255dd0dd4ae211a74a20273a7f4575b9e85db57c22a29f51
193,1,0.00154,0xf669cc2cb12a2586de967728421ec442b6a7a061,2017-09-19T22:33:05.000Z,0.00154,0x66a4e99923ff534c41936d0b28a13980b0a942f0,buy,0xaf30d2a7e90d7dc361c8c4585e9bb7d2f6f15bc7,0xb1d0761d00a8326b0b4d56022dc12d90ee60eb74bb0f4adc9a51857b33982352
194,157,0.201431,0x0047e5bb93e5494e03ec6d84f8532a0faad4d2cd,2017-09-19T20:36:57.000Z,0.001283,0x0047e5bb93e5494e03ec6d84f8532a0faad4d2cd,buy,0xaf30d2a7e90d7dc361c8c4585e9bb7d2f6f15bc7,0x6724ffcac52603af5fe16f52c315f4300d4712fe88dfbb79003d67bf682d8d5e
195,98.55274223081611,0.15275665190502272,0x7ed7e45d606add2ea769dffeb334f5c1b5b37b9e,2017-09-19T15:02:52.000Z,0.001549999,0xf81ab81ca1a6a19cc7b69b2c7876ff6543060598,sell,0xaf30d2a7e90d7dc361c8c4585e9bb7d2f6f15bc7,0x8a942910d22125174728d310266800993d4787bdc40eee701054605e2129a7bd
196,1.8972577691838979,0.002940747644977272,0x7ed7e45d606add2ea769dffeb334f5c1b5b37b9e,2017-09-19T15:00:13.000Z,0.0015499989999999996,0x933153cb57b715907aa041ad25ffc343bbf657c2,sell,0xaf30d2a7e90d7dc361c8c4585e9bb7d2f6f15bc7,0x88656e22636d97d59679bcb690a983b22d688c40357891bdf5a971ca2a403293
197,150,0.22649985,0x7aa6e2506316f6d613277d4f2f4e4e1dc55e528e,2017-09-19T15:00:13.000Z,0.001509999,0x7b6b2f3c88ce2ecedc01c545f13faf36034d772f,buy,0xaf30d2a7e90d7dc361c8c4585e9bb7d2f6f15bc7,0x5398889d186f88ac81cc89ced0cdde2a1b1e222919428d4bc353aa2748e72b5f
198,149.55,0.23180235045,0x7ed7e45d606add2ea769dffeb334f5c1b5b37b9e,2017-09-19T15:00:13.000Z,0.001549999,0x7aa6e2506316f6d613277d4f2f4e4e1dc55e528e,sell,0xaf30d2a7e90d7dc361c8c4585e9bb7d2f6f15bc7,0x5398889d186f88ac81cc89ced0cdde2a1b1e222919428d4bc353aa2748e72b5f
199,1341.9031392682684,1.3425740908379025,0x933153cb57b715907aa041ad25ffc343bbf657c2,2017-09-19T03:31:09.000Z,0.0010005,0xabfe744984c759d9b711f9bae32d323b37eec27a,sell,0xaf30d2a7e90d7dc361c8c4585e9bb7d2f6f15bc7,0x961ceafa5b908699da9fd0f0e0621ae761244d176daa8273cab0d133241d1db6
200,149.987,0.19048349,0xe1226c4d0a752a3ef42ee783aa1b4ac1abe47a8e,2017-09-19T03:25:46.000Z,0.00127,0xabfe744984c759d9b711f9bae32d323b37eec27a,sell,0xaf30d2a7e90d7dc361c8c4585e9bb7d2f6f15bc7,0x5a1ad1d1253d5e1e4efdd8f352516ea141e6abc2c469a95e7a6fcb7e88e7f047
201,500,0.65,0x8d18377e912b4315407b959ef2b49ccac6b5f6a2,2017-09-19T03:24:53.000Z,0.0013,0xabfe744984c759d9b711f9bae32d323b37eec27a,sell,0xaf30d2a7e90d7dc361c8c4585e9bb7d2f6f15bc7,0x9d14aabd15e07faa8ce7453a5ff95aca3100e52383539e2b09048375efb1a4f7
202,874.6199979841344,1.3556601222554103,0x0055715f5a5555434a2ab2aa9f633f3a3238ef3f,2017-09-18T13:13:19.000Z,0.001549999,0x7b6b2f3c88ce2ecedc01c545f13faf36034d772f,buy,0xaf30d2a7e90d7dc361c8c4585e9bb7d2f6f15bc7,0x5cac97dd242bd5b9758f317ce790ef7dd1574ca086517bd9a2c205c8d15e1a75
203,5,0.00775,0xbc452f81886d4e2b4a8af7767b78ac80cd94e7d7,2017-09-18T08:35:09.000Z,0.00155,0xe5f80b82b325740196728fdc27130ce20166cc43,buy,0xaf30d2a7e90d7dc361c8c4585e9bb7d2f6f15bc7,0xc5349c4d1f65ed308c5cd4096ef4396a5163f7564dd30a0aa81fb3171c0b6418
204,0.012573308713671816,0.000015968102066363,0xe1226c4d0a752a3ef42ee783aa1b4ac1abe47a8e,2017-09-18T08:14:28.000Z,0.0012699999999999834,0x8a19056d45216e6b395d2a25a043e5373681cc20,sell,0xaf30d2a7e90d7dc361c8c4585e9bb7d2f6f15bc7,0xdce7e694f8fcb5ee7b60390ae850b2de5f370c4d0f53805750150d5afbfc3eba
205,1,0.00155,0xab550bae4df060851327fb9f2e1403f4dd6eb08a,2017-09-17T21:00:49.000Z,0.00155,0xe5f80b82b325740196728fdc27130ce20166cc43,buy,0xaf30d2a7e90d7dc361c8c4585e9bb7d2f6f15bc7,0x616f4ad0bce7aae39e866855702a731c67a4555df9c540678f66db872133744b
206,250,0.3915,0x24643b7b34f3ef7e18cd08c4e259fc754a97d3a7,2017-09-17T21:00:49.000Z,0.001566,0xcdb98b49fd2ad53641041653bcd004ccd5780cfc,buy,0xaf30d2a7e90d7dc361c8c4585e9bb7d2f6f15bc7,0x2f0eb00b0073fc73a014117d84ea0c159b42d47dff203835926b5745703bed1c
207,3000,5.7,0x0047e5bb93e5494e03ec6d84f8532a0faad4d2cd,2017-09-17T06:58:24.000Z,0.0019,0x0047e5bb93e5494e03ec6d84f8532a0faad4d2cd,buy,0xaf30d2a7e90d7dc361c8c4585e9bb7d2f6f15bc7,0x18af9210abb0c8b6da1871ff479740379a9ba06f801b31a7b48c653bb3317b8a
208,2700,6.21,0x0047e5bb93e5494e03ec6d84f8532a0faad4d2cd,2017-09-17T06:56:43.000Z,0.0023,0x0047e5bb93e5494e03ec6d84f8532a0faad4d2cd,buy,0xaf30d2a7e90d7dc361c8c4585e9bb7d2f6f15bc7,0x812f1431572f3ee4c616897bbd50b5794da1e1e04ce04580e8e496579a6017a0
209,2000,2.2,0x0047e5bb93e5494e03ec6d84f8532a0faad4d2cd,2017-09-17T06:01:24.000Z,0.0011,0x0047e5bb93e5494e03ec6d84f8532a0faad4d2cd,sell,0xaf30d2a7e90d7dc361c8c4585e9bb7d2f6f15bc7,0xc24bbe7bb17ed6456cdca01b8e5ddb64a3f2f1c27d64776cd809fd073b136820
210,2.8,0.0043848,0x926faf4321846800c037bef00d1fb9fac45813b9,2017-09-17T04:27:56.000Z,0.001566,0xcdb98b49fd2ad53641041653bcd004ccd5780cfc,buy,0xaf30d2a7e90d7dc361c8c4585e9bb7d2f6f15bc7,0x56ab3ec3b27aa05f747356e09ef7fe5d335b78d0b4d0d2423f06108580822892
211,0.31269563020364616,0.0005,0x42c24a83bded723edfdf5883bc7efb30bc1a1bf3,2017-09-16T16:54:43.000Z,0.001598999,0x7b6b2f3c88ce2ecedc01c545f13faf36034d772f,buy,0xaf30d2a7e90d7dc361c8c4585e9bb7d2f6f15bc7,0x0f5c678290f38aa811b0d92590e6b7100b4bd895bca6c9b4ae91f537a96e3a21
212,0.31269563020364616,0.0005,0x0f657c396dfcd6c59bb82b89fc3adbe5f90ce153,2017-09-16T14:53:36.000Z,0.001598999,0x7b6b2f3c88ce2ecedc01c545f13faf36034d772f,buy,0xaf30d2a7e90d7dc361c8c4585e9bb7d2f6f15bc7,0x4c11f98028b245acf4437edf5973ecdacc5cdd3d4b25d9d7ca7ec5181fb7a978
213,0.31269563020364616,0.0005,0x1f8ac99600c61189d92c85cc760735b9e0067a60,2017-09-16T14:23:31.000Z,0.001598999,0x7b6b2f3c88ce2ecedc01c545f13faf36034d772f,buy,0xaf30d2a7e90d7dc361c8c4585e9bb7d2f6f15bc7,0xec6f271c8ac5e2630fe4e38f1b245446ee9316367f74c282db089afb648797f0
214,47.65119728840594,0.04169532179052537,0x3dee4a4e076e8d82859d241db0baf46f112cfa23,2017-09-16T14:01:48.000Z,0.000875011,0xc3fb11422cb2abb7f304aecbdbcfcf16c8cbdddc,sell,0xaf30d2a7e90d7dc361c8c4585e9bb7d2f6f15bc7,0x33e3779b705a3a5b0969d797ccd2526977a08dec85ea5ec0f9b8dbf218dce518
215,29.907137430593043,0.03289785117365235,0xf82a4373ad7580a42c3ca5864240ca6b6d5e36e1,2017-09-15T21:41:10.000Z,0.0011,0x41e642ca83f4ff19636b5cbbbf0d2c35bfa40d77,sell,0xaf30d2a7e90d7dc361c8c4585e9bb7d2f6f15bc7,0x4b26532fa00d9a92b88f05cb20b2f6d1479bf428b15556739d060ff0f0515394
216,0.3063556544063134,0.0005,0x8b24d80c6dd6e1af5a000e03ca8f00886a05f6f5,2017-09-15T03:30:35.000Z,0.00163209,0xfd7997b32e69e101e1035d0d7530df1a79edf807,buy,0xaf30d2a7e90d7dc361c8c4585e9bb7d2f6f15bc7,0x0ceb5188bd3e36ba4b6e1cb64711426f1229fef7f5a0ccea6241f0ee18c1db72
217,1291.253767389469,1.101439463583217,0x3dee4a4e076e8d82859d241db0baf46f112cfa23,2017-09-15T03:18:49.000Z,0.000853,0xef7f0252568dfcc09d9d16125edfc11aae63b8bf,sell,0xaf30d2a7e90d7dc361c8c4585e9bb7d2f6f15bc7,0xdc3f02700ea3627c0aaacdb44d8db0a89cb89a6a94e8ed8d01ea03b1d3628fa6
218,3,0.003,0x2746e07ec94e934599bd6735fa830f2ac458ef78,2017-09-15T03:14:15.000Z,0.001,0xef7f0252568dfcc09d9d16125edfc11aae63b8bf,sell,0xaf30d2a7e90d7dc361c8c4585e9bb7d2f6f15bc7,0xdf06111f9bbfbc08582874267c29239772d898d0ebd331b4139721a0421b4cd6
219,300,0.30000003,0x1e582de78c1cc083a3390a464cfd5e8a591c26dc,2017-09-15T03:12:40.000Z,0.0010000001,0xef7f0252568dfcc09d9d16125edfc11aae63b8bf,sell,0xaf30d2a7e90d7dc361c8c4585e9bb7d2f6f15bc7,0x149db8b9289918ffb887c958826ca297aba9731b3848789c6631b5c64e2a75ed
220,0.3063556544063134,0.0005,0x9257100ba86f888aecf2862c60b7a340fc638ed6,2017-09-15T00:03:45.000Z,0.00163209,0xfd7997b32e69e101e1035d0d7530df1a79edf807,buy,0xaf30d2a7e90d7dc361c8c4585e9bb7d2f6f15bc7,0x7ad1ce9cf6900a0205d23ba54be37d9c6774bfe67db22d59400cd0594e3cf5f1
221,1,0.0016321,0xc3a0dba2ac58de472a068174610bf320499f291f,2017-09-14T05:21:50.000Z,0.0016321,0x8fd2515a5b29e61220ee080d484d1f2ea4c46e6b,buy,0xaf30d2a7e90d7dc361c8c4585e9bb7d2f6f15bc7,0x2e9af6451300f63759c8ca2de7968635e416026f13b40b31941f0f53cb325e72
222,0.299419126893826,0.0005,0x4c2fb430e95954bcfa54ce4741a9fc2ff6e415ad,2017-09-13T20:29:05.000Z,0.0016699,0xfd7997b32e69e101e1035d0d7530df1a79edf807,buy,0xaf30d2a7e90d7dc361c8c4585e9bb7d2f6f15bc7,0xbb3ce9de5727ab5eb9c1079385fa55bcce928cfe56386e1ab4af105e84e9d924
223,126.122859706842,0.10733055361052253,0xebd7066af614ab9df5dc93972654d9b25b2fc1c7,2017-09-13T10:07:28.000Z,0.000851,0x8a19056d45216e6b395d2a25a043e5373681cc20,sell,0xaf30d2a7e90d7dc361c8c4585e9bb7d2f6f15bc7,0x9ee198ca67b4773faa7011f3968d7545f40ede93f8e517ca8102876b3477f091
224,1,0.001679,0xd6f29f2fb0a1dc783aeab42ce7ce9276f8e14a54,2017-09-13T02:27:09.000Z,0.001679,0x8fd2515a5b29e61220ee080d484d1f2ea4c46e6b,buy,0xaf30d2a7e90d7dc361c8c4585e9bb7d2f6f15bc7,0xaae01dbfb0c4590c5aad8e87b0a1023800f681ef60cf1e201f9fe2849a1111df
225,126.5138405719332,0.21886894418944444,0x8a19056d45216e6b395d2a25a043e5373681cc20,2017-09-12T17:53:44.000Z,0.00173,0x8fd2515a5b29e61220ee080d484d1f2ea4c46e6b,buy,0xaf30d2a7e90d7dc361c8c4585e9bb7d2f6f15bc7,0x55796ce91492350c2870df6d55db60f226012fff1a53f4149e60ac18dc721914
226,136.45843382600108,0.2388022591955019,0x6dc8a351ce571992b0d4f86becce5a9b5bf9fa1e,2017-09-12T16:47:36.000Z,0.00175,0x66a4e99923ff534c41936d0b28a13980b0a942f0,buy,0xaf30d2a7e90d7dc361c8c4585e9bb7d2f6f15bc7,0x3ebfa242dd32573cc8658adb6ce96c728a8bf200adf9b6e318ad6a297dafb387
227,134.078,0.23999962,0x92efc54c39219b0be3dd169e10eb4780204f0a09,2017-09-12T05:37:28.000Z,0.00179,0x66a4e99923ff534c41936d0b28a13980b0a942f0,buy,0xaf30d2a7e90d7dc361c8c4585e9bb7d2f6f15bc7,0xb58bab82cb87e0f1b4a5b1420f40371913a1d73d5ac263f2e769f0a23ff533d0
228,75,0.1275,0x92efc54c39219b0be3dd169e10eb4780204f0a09,2017-09-12T05:27:04.000Z,0.0017,0xc9087108b890f9aee9c5b878c6f062a2b0c730f3,buy,0xaf30d2a7e90d7dc361c8c4585e9bb7d2f6f15bc7,0x69c93d93d1e8c40b6d43f6e2a9f127f6b8345dad93a83c7eaeee7ec03d6cc330
229,918.9306837634257,0.7351445470107406,0x50914aaa4aa1ff260dc1860952abc8a3c790a829,2017-09-12T01:27:44.000Z,0.0008,0xef7f0252568dfcc09d9d16125edfc11aae63b8bf,sell,0xaf30d2a7e90d7dc361c8c4585e9bb7d2f6f15bc7,0x1572e2606d257c938e06dfb7f1a9e8c7d2006eab4245f305c9997fd57c077238
230,0.5,0.0009495,0x0024a5046fd95c5eee6db19a69ef7ed3bacd50f1,2017-09-11T19:44:24.000Z,0.001899,0x34e9f9a8a90f35f813983914f56ada3b5ceb5968,buy,0xaf30d2a7e90d7dc361c8c4585e9bb7d2f6f15bc7,0xb0a9f904eee4d1e57a96989177fa42956b945d83ddee0d48682493c14d7c6589
231,0.5,0.0009495,0x0024a5046fd95c5eee6db19a69ef7ed3bacd50f1,2017-09-11T19:43:48.000Z,0.001899,0x34e9f9a8a90f35f813983914f56ada3b5ceb5968,buy,0xaf30d2a7e90d7dc361c8c4585e9bb7d2f6f15bc7,0xb0a9f904eee4d1e57a96989177fa42956b945d83ddee0d48682493c14d7c6589
232,4.6,0.00368092,0xe1b70fc15811f1d1e8993ecc765aded8531024ff,2017-09-11T02:02:19.000Z,0.0008002,0xef7f0252568dfcc09d9d16125edfc11aae63b8bf,sell,0xaf30d2a7e90d7dc361c8c4585e9bb7d2f6f15bc7,0xdda0dd5615d2677189b40d27551f4b6c5845ec4f79b5413b5a98c844fe1f1e95
233,4.5,0.0036009,0xe1b70fc15811f1d1e8993ecc765aded8531024ff,2017-09-11T02:02:19.000Z,0.0008002,0xef7f0252568dfcc09d9d16125edfc11aae63b8bf,sell,0xaf30d2a7e90d7dc361c8c4585e9bb7d2f6f15bc7,0x9f51fd9d558626108d727ece1af8800688803445dd62f421a4dd97888a9cea81
234,68.05268605873148,0.06499031518608857,0x66a4e99923ff534c41936d0b28a13980b0a942f0,2017-09-11T01:59:24.000Z,0.000955,0xef7f0252568dfcc09d9d16125edfc11aae63b8bf,sell,0xaf30d2a7e90d7dc361c8c4585e9bb7d2f6f15bc7,0x3bd88d54eefc66ce1a8b3f6bf42556878c01f49041030c7d56a84fd1608839d9
235,75,0.075,0xc9087108b890f9aee9c5b878c6f062a2b0c730f3,2017-09-11T01:25:43.000Z,0.001,0xef7f0252568dfcc09d9d16125edfc11aae63b8bf,sell,0xaf30d2a7e90d7dc361c8c4585e9bb7d2f6f15bc7,0x06eb620385181c55dede76f45c31465764f50a745f91ab6e951e13607e1d0905
236,500,0.4975,0x956dc60c714883c17a7d0828d2178d51c5e377e1,2017-09-10T13:50:45.000Z,0.000995,0xef7f0252568dfcc09d9d16125edfc11aae63b8bf,sell,0xaf30d2a7e90d7dc361c8c4585e9bb7d2f6f15bc7,0xa456d2010e6c0a83081b1a312f33a5eb9cdf0ecd72dd5c9e2c994da586af951d
237,4.9850448654037,0.004760717846460533,0x66a4e99923ff534c41936d0b28a13980b0a942f0,2017-09-10T06:03:05.000Z,0.0009549999999999999,0x6d3d0dfa885186833d6cf04f7890aab7d3b43cd1,sell,0xaf30d2a7e90d7dc361c8c4585e9bb7d2f6f15bc7,0x9f868e81cf72ee548e607c6babad7e9ef899e3619354cc6dd10a43dc8255166f
238,0.16666666666666666,0.0005,0x64b604630e055318093215b7ed41697ca4fb5de6,2017-09-10T04:00:10.000Z,0.003,0xe4a78affe600231ed599a9dc20455c31e48e2bc4,buy,0xaf30d2a7e90d7dc361c8c4585e9bb7d2f6f15bc7,0x0bc1cc9e2cdd77d5b288126ffc7dd5cfa6fa56260ec7cb6b0641904b5e4e2440
239,393.1213238959226,0.37543086432060613,0x66a4e99923ff534c41936d0b28a13980b0a942f0,2017-09-10T02:12:30.000Z,0.000955,0xce8e33b651ca9eb7ba6f46ba8eb8d96c00bff107,sell,0xaf30d2a7e90d7dc361c8c4585e9bb7d2f6f15bc7,0x716e7951239b82682106d9a3c3c998423c1c9f989e7d10357536a7ee3c1eb36a
240,33.84094517994218,0.03231810264684478,0x66a4e99923ff534c41936d0b28a13980b0a942f0,2017-09-09T23:51:15.000Z,0.000955,0xe3c009242f93575584447e0e746fa038d6ade8ae,sell,0xaf30d2a7e90d7dc361c8c4585e9bb7d2f6f15bc7,0x80d4be7c01a0f9bfce92835f0a46100e15d23a2e4a55d9052e1840282095c739
241,0.75,0.001065,0xdbee965823413ac506575e9e0d140ebd1ca37068,2017-09-09T22:16:25.000Z,0.00142,0xe3c009242f93575584447e0e746fa038d6ade8ae,sell,0xaf30d2a7e90d7dc361c8c4585e9bb7d2f6f15bc7,0x51e4829c115f48f8e18107daa60d3b7bb20e3d01d9fa165e7cd7a549f38d049b
242,34.69775,0.049270805,0xe3c009242f93575584447e0e746fa038d6ade8ae,2017-09-09T22:12:07.000Z,0.00142,0xe3c009242f93575584447e0e746fa038d6ade8ae,buy,0xaf30d2a7e90d7dc361c8c4585e9bb7d2f6f15bc7,0xa5fc48b16a3e8151c2a4109b6f0b8bb0cf5ffda8433abed43c07a2a91c03a285
243,0.75,0.001065,0xca1e6ac1059336c01f70d42b422e3dda71a1dc7f,2017-09-09T22:06:32.000Z,0.00142,0xe3c009242f93575584447e0e746fa038d6ade8ae,sell,0xaf30d2a7e90d7dc361c8c4585e9bb7d2f6f15bc7,0x820aa03b6a9383fa73aa0547f61e47716558882993e95182497b4ca7deb1069a
244,55,0.0781,0xca1e6ac1059336c01f70d42b422e3dda71a1dc7f,2017-09-09T04:40:10.000Z,0.00142,0xbbe8a82dc936ac8a7f188624e42a1253dbb279ec,sell,0xaf30d2a7e90d7dc361c8c4585e9bb7d2f6f15bc7,0x8bf99cc2c2dbd8c6ff485c43a2e8aaacf8243c5d17f65f38268a969031d9ad7d
245,50,0.15,0x0cfe62f8c87667f20c13f348b7e77e207aa461c5,2017-09-08T22:43:12.000Z,0.003,0xe4a78affe600231ed599a9dc20455c31e48e2bc4,buy,0xaf30d2a7e90d7dc361c8c4585e9bb7d2f6f15bc7,0x8ef658942f386e3a62f97baa40977db31aee0c8f65b3ba4a3991b28cc5061d53
246,1,0.0011,0x48eaedfa6ab55f414a433f0778f55ed9b827e822,2017-09-08T12:16:11.000Z,0.0011,0x140a3e5394c76390d7406a0d337c3e9862dd4074,sell,0xaf30d2a7e90d7dc361c8c4585e9bb7d2f6f15bc7,0xf991577e2a71a5d880c80595b1deb9a1c580da2a6ddc1a4da207c8cebe46aaa0
247,79.10975974479115,0.09967829727843684,0x2b9fde8afcaa432b717ede60fddefb564a09ec5d,2017-09-08T07:48:22.000Z,0.00126,0xbd1559a22d0252a4459b7fd7fcc157795d78fe1e,sell,0xaf30d2a7e90d7dc361c8c4585e9bb7d2f6f15bc7,0x5a0585a01534346e7c95d9ae78fcb4ec2247358175919e53b156bff6f4fdb6b4
248,15,0.0201,0xb2eb63bd987cb5c4bc2081deae0fd271c058874a,2017-09-08T07:33:55.000Z,0.00134,0xbd1559a22d0252a4459b7fd7fcc157795d78fe1e,sell,0xaf30d2a7e90d7dc361c8c4585e9bb7d2f6f15bc7,0x1b289d1b76ccce1f06bf88c5a39ee113de99a6c2bf7bfc07ad7224ca5d9ea051
249,200,0.268,0xa53194e5e67e9eade3cfc81a6b5e426a46c58dfe,2017-09-08T07:30:49.000Z,0.00134,0xbd1559a22d0252a4459b7fd7fcc157795d78fe1e,sell,0xaf30d2a7e90d7dc361c8c4585e9bb7d2f6f15bc7,0xc8415ae1800d612996637dc3265621f0a7e3cfe82d2d11773a655a3104507224
250,4,0.012,0x92911025e7be8109662c1fccb83112157e8420e0,2017-09-07T21:40:50.000Z,0.003,0xe4a78affe600231ed599a9dc20455c31e48e2bc4,buy,0xaf30d2a7e90d7dc361c8c4585e9bb7d2f6f15bc7,0x3f0a74e7956b92190daabb62f7de3b39904069d7fa1d69aac83da674867e38f7
251,83.333,0.1999992,0xe4a78affe600231ed599a9dc20455c31e48e2bc4,2017-09-07T08:26:22.000Z,0.0024,0x9833156e2636e8c218252ed5caa62a62463bc768,buy,0xaf30d2a7e90d7dc361c8c4585e9bb7d2f6f15bc7,0xf6b296ba28a2f9c09a81a3fa314a969db7816ac54b088d00ee8b0f07bc5edef2
252,41.667,0.1000008,0x87104f4d2258a85570e12dc07c99737bc228e38e,2017-09-06T02:08:26.000Z,0.0024,0x9833156e2636e8c218252ed5caa62a62463bc768,buy,0xaf30d2a7e90d7dc361c8c4585e9bb7d2f6f15bc7,0x2347140c70b1b90d04196cb980df31c5974f9c331737d928f9a631544b0a7f1b
253,25,0.06,0xfa9afc354ba254b46d5f09f18cde5a9750ba0870,2017-09-05T08:39:59.000Z,0.0024,0x9833156e2636e8c218252ed5caa62a62463bc768,buy,0xaf30d2a7e90d7dc361c8c4585e9bb7d2f6f15bc7,0x46939fd721b5825cf931324f3dfe33b2805b9b2585f17017cf75475a378ed4d0
254,1.4497923790882619,0.001819489435755768,0xe5f80b82b325740196728fdc27130ce20166cc43,2017-09-05T06:09:27.000Z,0.0012549999999999996,0x0a2f62fe0774414131717d32f72fce14d6bd3747,sell,0xaf30d2a7e90d7dc361c8c4585e9bb7d2f6f15bc7,0xea059941b609cc066d22a83fc33542a09c47f2424bbf370c8a2030d889edcfe9
255,24.922739507526668,0.03125311534243844,0xb49fda420b9ce7334c6446af26f06225cbecb401,2017-09-04T14:53:39.000Z,0.001254,0x37e04b823ed59e47d9e617939915e0c96d76cc96,sell,0xaf30d2a7e90d7dc361c8c4585e9bb7d2f6f15bc7,0x45ed727857a4e295fdffb200b2d2fbeb9a231522ee7cccb42371d8bf60933ec1
256,13.961169787301642,0.04884856943475227,0x4b38dbbcf3299dbff40df8701443a2cbcddc73ab,2017-09-02T23:12:11.000Z,0.003498888,0x9e593db389c9d8307b5c932dda21491e63f8f7d3,buy,0xaf30d2a7e90d7dc361c8c4585e9bb7d2f6f15bc7,0x59f6f7e85256c0b26f9c36c52c7d73f8399be26c67befa7325cf0ed9130393f0
257,49.76100357459317,0.06225106523281963,0x7bd02d3903fa837426cd80f163efb5207f2b4195,2017-09-02T14:22:19.000Z,0.001251001,0x9f7c0f24619d722da9409456b4c68b5dff254bef,sell,0xaf30d2a7e90d7dc361c8c4585e9bb7d2f6f15bc7,0xa85e2489220356189bae37e425ea1045f67b60bb3bc5ad8453e7df055efd28a6
258,1,0.003498888,0x288ea0bb97cf4276f58d26119b69e9c77eb967c1,2017-09-02T07:39:40.000Z,0.003498888,0x9e593db389c9d8307b5c932dda21491e63f8f7d3,buy,0xaf30d2a7e90d7dc361c8c4585e9bb7d2f6f15bc7,0x7547426af95f18087f2579f676f84f386f0d1f09b2782b312ac49802d029ddbf
259,0.2857959416976279,0.001,0xb55e8889efc95dcdf49c381828536ec5b7510ae4,2017-09-02T00:35:31.000Z,0.003499,0xfd7997b32e69e101e1035d0d7530df1a79edf807,buy,0xaf30d2a7e90d7dc361c8c4585e9bb7d2f6f15bc7,0x38ab76eadfed2e2f72fee3d80430af7a4eb2968a79b73d75f9e6f386e35441a9
260,5,0.017495,0x7bd02d3903fa837426cd80f163efb5207f2b4195,2017-09-02T00:21:24.000Z,0.003499,0xfd7997b32e69e101e1035d0d7530df1a79edf807,buy,0xaf30d2a7e90d7dc361c8c4585e9bb7d2f6f15bc7,0x6d04ac83c33d39ea442a27a45d255891bec963e9ca89bdae037288d4b91e66fc
261,0.8318604523332711,0.002911511583166449,0x0a2f62fe0774414131717d32f72fce14d6bd3747,2017-09-01T07:40:34.000Z,0.0035,0x07a77538c47a275c03f7718d5984739327154bc1,buy,0xaf30d2a7e90d7dc361c8c4585e9bb7d2f6f15bc7,0x8338bba4bbcf59bda46202b572897efc578842babb636a761e838d86d6e4c4ce
262,0.003975314845184195,0.000004770377814221,0xbdf2937c8f736d3855b77214a07724120d9b4c5b,2017-09-01T00:26:04.000Z,0.0011999999999999914,0xd7b69a37104ba4e9f8b3b418d73bc7c7ced13c1a,sell,0xaf30d2a7e90d7dc361c8c4585e9bb7d2f6f15bc7,0x570b830407da059804bae83e485788701c7f023b5636e2cb77b5e6d3ca86cc71
263,39.87638321204267,0.038281327883560964,0xe5f80b82b325740196728fdc27130ce20166cc43,2017-08-31T06:48:18.000Z,0.00096,0xd7b69a37104ba4e9f8b3b418d73bc7c7ced13c1a,sell,0xaf30d2a7e90d7dc361c8c4585e9bb7d2f6f15bc7,0x6f3668ec4ecbb0954102ba34f59a73b6b0bb77d1a8e9f44056f2a765d60faf53
264,200,1,0x718e1719e938ffbba0229638c3cfaa11d8d85b6a,2017-08-31T00:49:31.000Z,0.005,0x11fc614e2218b479f94636c234bc352ee490efd1,buy,0xaf30d2a7e90d7dc361c8c4585e9bb7d2f6f15bc7,0x8f672e7002296cbbf49bfa0a9d3d9e89ee2bfca86f7b9b5cddefbd3e3184b1bd
265,0.05,0.000299995,0x98f0deb428b74fb5302d250af5d55e77c8519f2a,2017-08-30T13:55:47.000Z,0.0059999,0xfd7997b32e69e101e1035d0d7530df1a79edf807,buy,0xaf30d2a7e90d7dc361c8c4585e9bb7d2f6f15bc7,0x889ede84b58347cb92ad30e7d41ba3165689768b10d0a01595bbd8b1e5bce561
266,0.6616156581264745,0.003969693948758847,0xd11f8de1b9bc2c9a18405577213c06b3149668ed,2017-08-30T02:34:55.000Z,0.006,0x6e1af4a44ce2d8b43083b2b6c60a337948570dbc,buy,0xaf30d2a7e90d7dc361c8c4585e9bb7d2f6f15bc7,0xaf99fdb0d8afcb8b9dad971b79ba5c301f13c9a3635b670dfccecc87455635e9
267,1,0.006,0xd11f8de1b9bc2c9a18405577213c06b3149668ed,2017-08-30T02:32:28.000Z,0.006,0x6e1af4a44ce2d8b43083b2b6c60a337948570dbc,buy,0xaf30d2a7e90d7dc361c8c4585e9bb7d2f6f15bc7,0x73d5c07a878bbbba3d0adbeec5813b4559a0933c617187aaa55154939f2e222a
268,25,0.062475,0x3ac91e029c9f119516e2b94a996352aed9766db9,2017-08-29T02:02:49.000Z,0.002499,0xfd7997b32e69e101e1035d0d7530df1a79edf807,buy,0xaf30d2a7e90d7dc361c8c4585e9bb7d2f6f15bc7,0x30cc479776f011bfa1ad635d4b1f90f0249b97e8918b5c95f2f4fc92f558e038
269,0.797846802962038,0.001993819160602133,0xeddbb091d94d4a11084a4306bb945f509fd51db4,2017-08-29T01:58:53.000Z,0.002499,0xfd7997b32e69e101e1035d0d7530df1a79edf807,buy,0xaf30d2a7e90d7dc361c8c4585e9bb7d2f6f15bc7,0x69ca2f511fa5258064ef2bd610ce943037d345a54708486b4d1ccfba1dd75944
270,2.914829229182289,0.004459688720648901,0x1c85c4f2e3b8b58f3c0e918ab0882a40a25669d9,2017-08-28T01:17:01.000Z,0.0015299999999999997,0x0a2f62fe0774414131717d32f72fce14d6bd3747,sell,0xaf30d2a7e90d7dc361c8c4585e9bb7d2f6f15bc7,0x6a0e52c8b92ffe5acfbcef345419b9c98dc04610caa4cff009d05feaed824c05
271,78.75585684378427,0.0630066543714485,0xa3d559a26e0252266d4d43231d7c29707c76d8b0,2017-08-27T16:01:16.000Z,0.000800025,0x1bedbe9236193df34b84580eb6116d33e8fa0085,sell,0xaf30d2a7e90d7dc361c8c4585e9bb7d2f6f15bc7,0xc0518dbab6a1274f396206125faee5f4ba28a3eb7cef81d1b956b00f3b94bace
272,4.546,0.0100007454,0x0a2f62fe0774414131717d32f72fce14d6bd3747,2017-08-27T03:29:06.000Z,0.0021999,0xfd7997b32e69e101e1035d0d7530df1a79edf807,buy,0xaf30d2a7e90d7dc361c8c4585e9bb7d2f6f15bc7,0x4f4b0862962369ccdce28099fd77efabd6246c6909d53ffff90a2f174b4005b6
273,79,0.1975,0x1bedbe9236193df34b84580eb6116d33e8fa0085,2017-08-26T19:46:16.000Z,0.0025,0xfd7997b32e69e101e1035d0d7530df1a79edf807,sell,0xaf30d2a7e90d7dc361c8c4585e9bb7d2f6f15bc7,0x4bf9855674a6f021c8cd72648b80de4306a95bd1993cf0b9ddd9f7f9b035f4c0
274,0.001,0.00000269,0xeddbb091d94d4a11084a4306bb945f509fd51db4,2017-08-25T16:22:19.000Z,0.00269,0xfd7997b32e69e101e1035d0d7530df1a79edf807,buy,0xaf30d2a7e90d7dc361c8c4585e9bb7d2f6f15bc7,0x5812cdc7576d597a69d9c50456112b6662b5df86bd83cad9b4867b723477b195
275,1,0.0029,0xbb325a2ee38566c7a03010b2c4929fd99861bf36,2017-08-25T12:19:19.000Z,0.0029,0x1ca9bd189db5ab9099a4b17a15cf3ac3da289c38,buy,0xaf30d2a7e90d7dc361c8c4585e9bb7d2f6f15bc7,0xe614b361d3ccf8ca6f52ad070c539c394244f66c0c197db8c97d5cc521b860be
276,85,0.187,0xcd8eddd0a27047d53d65f23d483a8a169d54526b,2017-08-25T06:20:09.000Z,0.0022,0xfd7997b32e69e101e1035d0d7530df1a79edf807,sell,0xaf30d2a7e90d7dc361c8c4585e9bb7d2f6f15bc7,0xebb080b3c7b34051a1c9dd045838007a00d5913627d6b4bfc8bfecf9274f54dc
277,30,0.207,0xff0be307db1cf14f3d83012a564511ab21e1726a,2017-08-25T03:05:22.000Z,0.0069,0x30ad3b0451b2595263b68fd4e04e5c3d052d3698,buy,0xaf30d2a7e90d7dc361c8c4585e9bb7d2f6f15bc7,0xdf846d97a5257dce97f0b7fa4c12f5790deea8f1eee7a4f45680e8cd897d84c1
278,5,0.0333,0x6d3d0dfa885186833d6cf04f7890aab7d3b43cd1,2017-08-24T18:54:11.000Z,0.00666,0xfd7997b32e69e101e1035d0d7530df1a79edf807,buy,0xaf30d2a7e90d7dc361c8c4585e9bb7d2f6f15bc7,0xe253d4b60d762f737acf46ccf8fcb238619258a290c45fbfe4d12f54de833171
279,0.1,0.000666,0x2d7ad46c8c2128b37f7bbf1d70f81db34d1176ba,2017-08-24T16:53:37.000Z,0.00666,0xfd7997b32e69e101e1035d0d7530df1a79edf807,buy,0xaf30d2a7e90d7dc361c8c4585e9bb7d2f6f15bc7,0x12bce1e8785074c88e4d970f252a05ecc8fa9bfba9365ab0878e11f992960147
280,220,1.1,0x1ca3ba7c58b79a2aef55033edeeea662335a94f1,2017-08-24T01:25:13.000Z,0.005,0xf142f26d1cac4ba8a6e6d7974d243eda2fe5f4f9,sell,0xaf30d2a7e90d7dc361c8c4585e9bb7d2f6f15bc7,0xf318be9b28368dd49e3af66ff9420d6e88bcab86c54852f953cfdabd0d3c85c7
281,28.901143553533895,0.19334865037314175,0x37dd4e5111c436147b1ff6821983bcf81fb23352,2017-08-23T18:47:47.000Z,0.00669,0xfd7997b32e69e101e1035d0d7530df1a79edf807,buy,0xaf30d2a7e90d7dc361c8c4585e9bb7d2f6f15bc7,0xcef37d52b677875afdecaaaa2f6c457ecd7a92d37ef6aa2d727a8b1e6c45901b
282,98.20415583844594,0.6658241765846635,0xff0be307db1cf14f3d83012a564511ab21e1726a,2017-08-22T22:09:44.000Z,0.00678,0xfd7997b32e69e101e1035d0d7530df1a79edf807,buy,0xaf30d2a7e90d7dc361c8c4585e9bb7d2f6f15bc7,0xd58240adaa0851b16efbcf7acc625d00cfda4ebad2fdefa1e2ff35cca9a88b86
283,6.09087254006432,0.0182665267476529,0xe9439d4993f336ce43c522a16318677c8dfb516c,2017-08-21T17:51:46.000Z,0.002999,0xf732b16f5aee6cd2db5b30a7a3860764a48b19ff,buy,0xaf30d2a7e90d7dc361c8c4585e9bb7d2f6f15bc7,0x1983663a1b37246c8537f58448440e09f8d8640ce617440b0d8454f7c61b75aa
284,110,0.32989,0xe9439d4993f336ce43c522a16318677c8dfb516c,2017-08-21T17:41:21.000Z,0.002999,0xf732b16f5aee6cd2db5b30a7a3860764a48b19ff,buy,0xaf30d2a7e90d7dc361c8c4585e9bb7d2f6f15bc7,0x7efae62f225842d554815e4bed7d32b0b964028dd3b50179549931b804422fe4
285,0.000220872841562755,0.000019878555740648,0x015b6a394024a8265010971e1edee0146cc1b260,2017-08-21T07:25:54.000Z,0.09000000000000023,0x6cbe0b1a01a260bf8dd9deaaab2b508c545a4af1,buy,0xaf30d2a7e90d7dc361c8c4585e9bb7d2f6f15bc7,0xc6932cf45a67cfb1a138038040aaf8c43ea845b7b3469b67fee47e1101fbe274
286,0.333,0.000998667,0xcff688026fcfb9bcc30f7413d80c21ecfde96a1f,2017-08-20T22:58:00.000Z,0.002999,0xf732b16f5aee6cd2db5b30a7a3860764a48b19ff,buy,0xaf30d2a7e90d7dc361c8c4585e9bb7d2f6f15bc7,0x598e1d2a81adbc0be166e0601daf7796d4f0cfc13b4451cb19861d4cc1170414
287,0.15946192344717672,0.000478226308418083,0xef1de0e50cb08586a01e26cb964d457830e79928,2017-08-20T14:46:58.000Z,0.002999,0xf732b16f5aee6cd2db5b30a7a3860764a48b19ff,buy,0xaf30d2a7e90d7dc361c8c4585e9bb7d2f6f15bc7,0xd16e6e4fc5dee6d7aa44eb88359b3735ddf7e8f1335bccecd980e9d2d91479fc
288,30,0.08997,0xd7b69a37104ba4e9f8b3b418d73bc7c7ced13c1a,2017-08-20T06:41:57.000Z,0.002999,0xf732b16f5aee6cd2db5b30a7a3860764a48b19ff,buy,0xaf30d2a7e90d7dc361c8c4585e9bb7d2f6f15bc7,0x6939a5bd181c633c9d6ba6b473ecac8bcd5e9e99839bf5f3828db3a0815f484e
289,29.99984955662789,0.2030989814983708,0x41e642ca83f4ff19636b5cbbbf0d2c35bfa40d77,2017-08-20T03:49:14.000Z,0.00677,0x10f920ffad95f53168af567ecd635a6dd03a8b43,buy,0xaf30d2a7e90d7dc361c8c4585e9bb7d2f6f15bc7,0x22a5489597c6f8a69b8a8f6af9bda41c5daa4a40f33789249627a2ad83951f5f
290,0.000000000001488531,0.000000000000010122,0x42b826f366b9e5cbf344765511bf105c5371cb19,2017-08-19T15:37:09.000Z,0.006799992744524635,0xa36a24233168cca326767224ad7e7006a5cb6bb7,buy,0xaf30d2a7e90d7dc361c8c4585e9bb7d2f6f15bc7,0xe8e28d68f7324048030a7deaf04bffbbbddaab644a564340073392c2156893a0
291,0.00000003385642014,0.000000000101535404,0x42b826f366b9e5cbf344765511bf105c5371cb19,2017-08-19T15:32:39.000Z,0.002999000000004135,0xf732b16f5aee6cd2db5b30a7a3860764a48b19ff,buy,0xaf30d2a7e90d7dc361c8c4585e9bb7d2f6f15bc7,0x519f5843d99cd53980f1a4d5a0ec0d290858b50603fde2ff4b912f5496bc5aca
292,0.000150443372110782,0.00000101850162919,0x42b826f366b9e5cbf344765511bf105c5371cb19,2017-08-19T15:29:16.000Z,0.006770000000000039,0x10f920ffad95f53168af567ecd635a6dd03a8b43,buy,0xaf30d2a7e90d7dc361c8c4585e9bb7d2f6f15bc7,0xd492cd911a466b179192327dbc04991b062873104f2d134477eb3ba3107ffe25
293,3.4066655026320825,0.010216589842393615,0x42b826f366b9e5cbf344765511bf105c5371cb19,2017-08-19T15:22:26.000Z,0.002999,0xf732b16f5aee6cd2db5b30a7a3860764a48b19ff,buy,0xaf30d2a7e90d7dc361c8c4585e9bb7d2f6f15bc7,0x9f70d51352f5066ce9a8dcbaac11a23b87b3a59ef9f8436c95251441ff406c5a
294,298.1055313026889,0.45610146289311404,0x1c85c4f2e3b8b58f3c0e918ab0882a40a25669d9,2017-08-19T14:36:05.000Z,0.00153,0xc452c60f36824473c6d8d611e75fb955597ab29c,sell,0xaf30d2a7e90d7dc361c8c4585e9bb7d2f6f15bc7,0x6b06ed092725febde1ff77ec6b50636aa7e64d0dac313401715033302c963ec4
295,11.544062668265251,0.0782687448908384,0x8746f30b3bc330660dc7ebe8b2812ff27768a1ea,2017-08-18T16:39:58.000Z,0.00678,0xfd7997b32e69e101e1035d0d7530df1a79edf807,buy,0xaf30d2a7e90d7dc361c8c4585e9bb7d2f6f15bc7,0xd31f0465309dd33355ecd51e252fd47c0d9a6089e078eb45e87bf5221014cdb2
296,10,0.0678,0xd7b69a37104ba4e9f8b3b418d73bc7c7ced13c1a,2017-08-18T03:08:49.000Z,0.00678,0xfd7997b32e69e101e1035d0d7530df1a79edf807,buy,0xaf30d2a7e90d7dc361c8c4585e9bb7d2f6f15bc7,0x2cd7ac18dd8fcd0041ca307e29e0657faa3412db2026d26799b84072f398688f
