,amount,amountBase,buyer,date,price,seller,side,tokenAddr,txHash
0,54202.794337553605,5.870216829551393,0x0d4f9e1211e77218b0b6a877961ce69ebdf5a27d,2017-11-02T15:12:27.000Z,0.00010830099999999999,0x4dcbc2c9696a31287f3e9e3255346843cb180798,sell,0x177d39ac676ed1c67a2b268ad7f1e58826e5b0af,0x9c35e8e36ada5b3a4908d81ae0ca73c10b47257d9783d1658c2f221429c2c964
1,54202.794337553605,5.870216829551393,0x0d4f9e1211e77218b0b6a877961ce69ebdf5a27d,2017-11-02T15:11:50.000Z,0.00010830099999999999,0x4dcbc2c9696a31287f3e9e3255346843cb180798,sell,0x177d39ac676ed1c67a2b268ad7f1e58826e5b0af,0x9c35e8e36ada5b3a4908d81ae0ca73c10b47257d9783d1658c2f221429c2c964
2,1000,0.1081,0x0d4f9e1211e77218b0b6a877961ce69ebdf5a27d,2017-11-02T15:07:20.000Z,0.0001081,0xe79b8a7d68cc48da7d456b9b202279d68fa88c32,buy,0x177d39ac676ed1c67a2b268ad7f1e58826e5b0af,0xeb8a57c0b2aab59408b64d8fa117d63a216c205244229a1f472622fdb921f197
3,1000,0.1081,0x0d4f9e1211e77218b0b6a877961ce69ebdf5a27d,2017-11-02T15:06:23.000Z,0.0001081,0xe79b8a7d68cc48da7d456b9b202279d68fa88c32,buy,0x177d39ac676ed1c67a2b268ad7f1e58826e5b0af,0xaa6bee9e301f26426353c3e67d1cbd442ee9ec3c1b1aa5590a02e2e30b51f5d9
4,1000,0.1081,0x0d4f9e1211e77218b0b6a877961ce69ebdf5a27d,2017-11-02T15:06:04.000Z,0.0001081,0xe79b8a7d68cc48da7d456b9b202279d68fa88c32,buy,0x177d39ac676ed1c67a2b268ad7f1e58826e5b0af,0x7f1759fdcc218955cb54db226cb6099b5dd5c2813b70345d88e7aab53f3ee0f2
5,1000,0.1081,0x0d4f9e1211e77218b0b6a877961ce69ebdf5a27d,2017-11-02T15:05:48.000Z,0.0001081,0xe79b8a7d68cc48da7d456b9b202279d68fa88c32,buy,0x177d39ac676ed1c67a2b268ad7f1e58826e5b0af,0x855b04790b3ac46a6d05ae57d801aac59d5dbfe0ffd946949d37133827c82f7e
6,0.000000184342106727,0.000000000019930515,0x0d4f9e1211e77218b0b6a877961ce69ebdf5a27d,2017-11-02T15:05:24.000Z,0.00010811699700012618,0x4dcbc2c9696a31287f3e9e3255346843cb180798,sell,0x177d39ac676ed1c67a2b268ad7f1e58826e5b0af,0x57f5b97702b34ab48c00f9db316e46ea00f9615a074a7856c904614185dc2b18
7,0.001849135672576003,0.000000199923001511,0x0d4f9e1211e77218b0b6a877961ce69ebdf5a27d,2017-11-02T15:00:16.000Z,0.00010811699999951343,0x4dcbc2c9696a31287f3e9e3255346843cb180798,sell,0x177d39ac676ed1c67a2b268ad7f1e58826e5b0af,0x274a5850b8c12b0226ebfe9f824947e434d57b9bb9efae2193de05580914e856
8,0.48500282162878566,0.000052437050066039,0x0d4f9e1211e77218b0b6a877961ce69ebdf5a27d,2017-11-02T13:46:05.000Z,0.00010811699999999913,0xc83c319ee0a00b70a6e96e615393fc9374a45813,sell,0x177d39ac676ed1c67a2b268ad7f1e58826e5b0af,0xf5ee9a49177d92f0676a8d238c94d4895ca7bdb6b5bbbb5728823d8b932d9ef4
9,4865.063303758349,0.5259960492124415,0x0d4f9e1211e77218b0b6a877961ce69ebdf5a27d,2017-11-02T13:42:12.000Z,0.000108117,0xc83c319ee0a00b70a6e96e615393fc9374a45813,sell,0x177d39ac676ed1c67a2b268ad7f1e58826e5b0af,0xe92ecb9418f50503c436dfcb6b76a50cdd47cc6928d2d2aa519e98b67e28ca6c
10,1000,0.1081,0x0d4f9e1211e77218b0b6a877961ce69ebdf5a27d,2017-11-02T12:44:23.000Z,0.0001081,0xe79b8a7d68cc48da7d456b9b202279d68fa88c32,buy,0x177d39ac676ed1c67a2b268ad7f1e58826e5b0af,0x74f4d7189bcb0fc2b4c885096055301ee202fbe21652a0f658d4196138789715
11,209.35097002303527,0.02263418947501048,0x0d4f9e1211e77218b0b6a877961ce69ebdf5a27d,2017-11-02T11:21:14.000Z,0.00010811599999999999,0x126a35ba601408ad111ed8de779617d6ece69837,sell,0x177d39ac676ed1c67a2b268ad7f1e58826e5b0af,0x316323813bc156e08d705ecb6d86287cfdf39cf9915a3454fd754dd4fdbd2658
12,3479.463662645798,0.3761856933506131,0x0d4f9e1211e77218b0b6a877961ce69ebdf5a27d,2017-11-02T11:08:31.000Z,0.00010811599999999999,0x5af66acd32394c1ef30e5895f3b09c3f4a23e726,sell,0x177d39ac676ed1c67a2b268ad7f1e58826e5b0af,0x63cd7a9a78b110a429d09fd5d467bbdce0ebb8a02c5c8949f6461448404fc0a3
13,350,0.037905,0x415236b6d278cdc48f336d7536cb2d2aaf778fc4,2017-11-02T11:07:00.000Z,0.0001083,0x5af66acd32394c1ef30e5895f3b09c3f4a23e726,sell,0x177d39ac676ed1c67a2b268ad7f1e58826e5b0af,0x1b7326015b7a471181504cec0b793ac203be7ef2a109a5fb11aa8084f978f004
14,3600,0.3924,0xd22ce2a3aa712d7cf5583b4ca88f181c8407610b,2017-11-02T11:06:30.000Z,0.000109,0x5af66acd32394c1ef30e5895f3b09c3f4a23e726,sell,0x177d39ac676ed1c67a2b268ad7f1e58826e5b0af,0x9af9793cc6d17dd508d642a7b2e0f894f882846662db436db290c413be584c75
15,4000,0.43564,0x415236b6d278cdc48f336d7536cb2d2aaf778fc4,2017-11-02T11:06:30.000Z,0.00010891,0x5af66acd32394c1ef30e5895f3b09c3f4a23e726,sell,0x177d39ac676ed1c67a2b268ad7f1e58826e5b0af,0x789a96c81789853c1e6b9d61799b50f75010518bf808c2eb62b94581f3ec366f
16,4.098360655737705,0.0005,0x4fda9e6bcd83af6c5cc771b5d20accc2b7720074,2017-11-02T08:50:33.000Z,0.000122,0x24802cf659a5974b00989575b23532ab696f2df8,buy,0x177d39ac676ed1c67a2b268ad7f1e58826e5b0af,0x666927de486cb59a56e786eaf26f24a5ca3ff096903e817a4369ef297c551d15
17,4.098360655737705,0.0005,0x3075f7f189912f4f425dd7021b9c396434197477,2017-11-02T08:50:11.000Z,0.000122,0x24802cf659a5974b00989575b23532ab696f2df8,buy,0x177d39ac676ed1c67a2b268ad7f1e58826e5b0af,0x2bbbf8257d621339e8387d96e3389cc9218648d119e64ed2598a3a6c608c66d6
18,22994.615691356794,2.488017417804805,0x335c0552eb130f3dfbe6efcb4d2895aed1e9938b,2017-11-02T05:14:23.000Z,0.00010819999999999999,0x805c5971a2d2aa84b663218014717c5db800276d,sell,0x177d39ac676ed1c67a2b268ad7f1e58826e5b0af,0xbdd583027eb606bd6b40e4171a56d523efb0c1e8ac7a96255e14e2685587fd6b
19,8815.212914011428,1.0832133628737244,0x8dc12a28948fadd7f334147a662f5e5a2c414a23,2017-11-02T05:04:18.000Z,0.00012288,0xe1e1d0d73eeb29d0632bc4c7871bfc74dbed0741,buy,0x177d39ac676ed1c67a2b268ad7f1e58826e5b0af,0xcd0bf64d20ecde5b1a291c310f4db73fb5726b8028c8ed353c6f675c23252aa5
20,0.000011774754117838,0.000000001446881786,0x8dc12a28948fadd7f334147a662f5e5a2c414a23,2017-11-02T04:43:22.000Z,0.00012288000000000565,0xe1e1d0d73eeb29d0632bc4c7871bfc74dbed0741,buy,0x177d39ac676ed1c67a2b268ad7f1e58826e5b0af,0x67d100302aa91cd72bf7e8c47b782a4d16c589d60a86d22f9c60c4bbac7d7ef2
21,0.11896451792836066,0.00001451367118726,0x8dc12a28948fadd7f334147a662f5e5a2c414a23,2017-11-02T04:42:38.000Z,0.000122,0x24802cf659a5974b00989575b23532ab696f2df8,buy,0x177d39ac676ed1c67a2b268ad7f1e58826e5b0af,0xa6733404dd43e254ad3950643836dfdf60cb2dd140f1b61a2cd3a5eae24de9dd
22,1184.7870742138173,0.14558663567939387,0x8dc12a28948fadd7f334147a662f5e5a2c414a23,2017-11-02T04:36:23.000Z,0.00012288,0xe1e1d0d73eeb29d0632bc4c7871bfc74dbed0741,buy,0x177d39ac676ed1c67a2b268ad7f1e58826e5b0af,0x872359412eab449913c34b47abe2b09dc0db12e7604532b0590114302f9beaa5
23,3046.5,0.37136835,0x8dc12a28948fadd7f334147a662f5e5a2c414a23,2017-11-02T04:27:17.000Z,0.0001219,0x2fd290debb4bb121fad58d3003d002a9e8076d42,buy,0x177d39ac676ed1c67a2b268ad7f1e58826e5b0af,0x38309c7e870a19441170a73c1741f81eb0b3a53d935991d79bc1b7092edfbbfb
24,4000,0.48,0x8dc12a28948fadd7f334147a662f5e5a2c414a23,2017-11-02T04:24:45.000Z,0.00012,0x415236b6d278cdc48f336d7536cb2d2aaf778fc4,buy,0x177d39ac676ed1c67a2b268ad7f1e58826e5b0af,0x0fcf8f16406f5bfd02f1260b35357e2ac3280456fe405fa7615b25b67366cf41
25,11,0.0012969,0x8dc12a28948fadd7f334147a662f5e5a2c414a23,2017-11-02T04:04:22.000Z,0.0001179,0x4a5400fb0e3b62317d3d58b647b0c0b902ba8573,buy,0x177d39ac676ed1c67a2b268ad7f1e58826e5b0af,0xb614350bba9741aa401348dd639896ce2ed8a7162c2627c3e127cbb4a55faccc
26,6626.874448541174,0.7170278153321551,0x335c0552eb130f3dfbe6efcb4d2895aed1e9938b,2017-11-02T04:03:14.000Z,0.00010819999999999999,0x90e8da6d6641dd81b6d1a08f989c9503c0f1bc1d,sell,0x177d39ac676ed1c67a2b268ad7f1e58826e5b0af,0xa81d27393840e447b0502f79e7abbc14373d370744e13dce2f1461168a40770c
27,5236.766025321504,0.5666180839397866,0x335c0552eb130f3dfbe6efcb4d2895aed1e9938b,2017-11-02T04:02:55.000Z,0.00010819999999999999,0xf2410c29b84aee2bb21f1ec7d2d85dc308702b6d,sell,0x177d39ac676ed1c67a2b268ad7f1e58826e5b0af,0xcc855b5443904b992ce3c5a2349167fa5d04ca398a810e8cf8330f4c2a67b98f
28,3189.612202173263,0.3448481128501645,0x0d4f9e1211e77218b0b6a877961ce69ebdf5a27d,2017-11-02T02:34:23.000Z,0.00010811599999999999,0x3a976fef9e8613b11f92dc9586e953d044b6bf52,sell,0x177d39ac676ed1c67a2b268ad7f1e58826e5b0af,0x000527d9c7986caedf619dcf566f277d61d34ee32d66ef58eacb886396813a7a
29,0.1494547542633786,0.000016158450211939,0x0d4f9e1211e77218b0b6a877961ce69ebdf5a27d,2017-11-02T01:29:29.000Z,0.00010811599999999707,0xad0ff2f92ff4bae4b62d29c94e10ea39589c10d9,sell,0x177d39ac676ed1c67a2b268ad7f1e58826e5b0af,0x7eaccaff17774c47a899a57b21abed07b59c954cfd53323ebba5b862abbdec9c
30,1499.1806400159505,0.16208541407596452,0x0d4f9e1211e77218b0b6a877961ce69ebdf5a27d,2017-11-02T01:24:36.000Z,0.00010811599999999999,0xad0ff2f92ff4bae4b62d29c94e10ea39589c10d9,sell,0x177d39ac676ed1c67a2b268ad7f1e58826e5b0af,0x01519c5ae4bafb8f841cf40f939dbb4899719d8c218022aa8976a7a93b3f4859
31,12457.553484198983,1.3468608524976573,0x0d4f9e1211e77218b0b6a877961ce69ebdf5a27d,2017-11-02T00:40:40.000Z,0.00010811599999999999,0x763d360993e5fc2f9c58f4d8f7e4a48d3c1a7dbc,sell,0x177d39ac676ed1c67a2b268ad7f1e58826e5b0af,0x859a80fce436f7ea31173de34c21e5a38d5b7e75b23061282251f649a6986762
32,1993.8191606021335,0.21555976472933905,0x8619b431c8f9c530a21062e9b74d4c935722fe58,2017-11-01T16:49:13.000Z,0.00010811399999999999,0x5f4e21c3c3c7225b65981d6ee772696f809ccc37,sell,0x177d39ac676ed1c67a2b268ad7f1e58826e5b0af,0x4abd33ec4a23aae13110570fcdfd3abd070dee47f6c9350dd9822b092495ca7c
33,1700,0.1837938,0x8619b431c8f9c530a21062e9b74d4c935722fe58,2017-11-01T15:58:25.000Z,0.000108114,0x1657e36d67e3ca976cb3990cb611b061244a5680,sell,0x177d39ac676ed1c67a2b268ad7f1e58826e5b0af,0x1885158d650a562043788cf17fb9156fb970cd040298bf8ba2697cb60cf54d11
34,55111.83730435649,5.682030426079154,0x583b640795999aa2bb22c1a62a91336ff9d325bb,2017-11-01T07:58:02.000Z,0.00010309999999999999,0x610023fc494a3a1370f32637456c30897cb3233c,sell,0x177d39ac676ed1c67a2b268ad7f1e58826e5b0af,0x81d294ca088b751d4cc3a161bbbf272e90eb810d9cea0cfe27d071045e8337d9
35,1656.381185493415,0.1788908244144743,0x25cb0ecbc7f8b7844531df9d137dcb594080a311,2017-11-01T06:57:07.000Z,0.00010800099999999998,0xcc6e63d6db07d035c341f34b10d952acd2fb9b2a,sell,0x177d39ac676ed1c67a2b268ad7f1e58826e5b0af,0x2c7cb8273ea5527ab80ec1a8571a26018b8f0b6d901925f95a16568cf693ebb2
36,999.9999119187131,0.10800199048704485,0x6bd09ad951b1084c91aba206a03b36e9e6c7a9ac,2017-11-01T05:08:01.000Z,0.00010800199999999999,0x667938315d19f8ec5cb5827744be0eb878a39cf3,sell,0x177d39ac676ed1c67a2b268ad7f1e58826e5b0af,0x146d56bfb47e5f79371c794de0ee55b42398957fc268a693dcb03aedd2ebe8be
37,918.844,0.099236989688,0x6bd09ad951b1084c91aba206a03b36e9e6c7a9ac,2017-11-01T02:25:00.000Z,0.000108002,0x667938315d19f8ec5cb5827744be0eb878a39cf3,sell,0x177d39ac676ed1c67a2b268ad7f1e58826e5b0af,0x70265c991381ac3b135df446a80ec77668c8d14a902c9724751fdd84dcacdd46
38,885.5560880812869,0.09564182862495514,0x6bd09ad951b1084c91aba206a03b36e9e6c7a9ac,2017-11-01T02:02:27.000Z,0.00010800199999999999,0x667938315d19f8ec5cb5827744be0eb878a39cf3,sell,0x177d39ac676ed1c67a2b268ad7f1e58826e5b0af,0x9def7280288c8b08f28113e5bc652d80ccae413027f2ac8a2cd633b5c75ad85a
39,2074.6,0.2240609492,0x6bd09ad951b1084c91aba206a03b36e9e6c7a9ac,2017-11-01T01:45:43.000Z,0.000108002,0xad3c25a6a0aebb133f722acabf1efa3e0f369205,sell,0x177d39ac676ed1c67a2b268ad7f1e58826e5b0af,0xb8f681654fd5ccd9b2b71ad1e9dc97377e84528a33339893062b8f409066639d
40,0.191,0.000020628191,0x25cb0ecbc7f8b7844531df9d137dcb594080a311,2017-10-31T23:42:09.000Z,0.000108001,0x6f32259c9deb25f94f7a7719d92d94e5bf0ac2fa,sell,0x177d39ac676ed1c67a2b268ad7f1e58826e5b0af,0xea3037806079def4b8935b2a3c6cb50355420cb643f8c19eb3051f2da9c44d47
41,1919.0509420795534,0.20725942079553383,0x25cb0ecbc7f8b7844531df9d137dcb594080a311,2017-10-31T23:40:05.000Z,0.00010800099999999998,0x6f32259c9deb25f94f7a7719d92d94e5bf0ac2fa,sell,0x177d39ac676ed1c67a2b268ad7f1e58826e5b0af,0x524bc9ed88d555918df48ab0310b8505efb47f717d35843ab5364ac42287ef3c
42,8310.891693394662,0.9973070032073593,0x2130394ecc841feebd4cc175fd606064961051aa,2017-10-31T20:17:36.000Z,0.00012,0x01c05bf83d6fa609939821ab2b2d9267bd2f2273,buy,0x177d39ac676ed1c67a2b268ad7f1e58826e5b0af,0x64c34873cae0562a832537b30f8ab1a4f4bb30beb93277c910233b7654f6f5b2
43,108.69868804566113,0.012826445189388013,0x540e0299db8b33ec1bde2c466bcc6466c8c62acf,2017-10-31T19:07:17.000Z,0.000118,0x667938315d19f8ec5cb5827744be0eb878a39cf3,buy,0x177d39ac676ed1c67a2b268ad7f1e58826e5b0af,0xd7cff91fea239b3c230d7cf763f5348c4904086e91a2b4c9213ac7fd0c4fcd13
44,594.1581098594357,0.06416967002292892,0x25cb0ecbc7f8b7844531df9d137dcb594080a311,2017-10-31T18:05:19.000Z,0.00010800099999999998,0x68538b451d56b2507387b4297aed5a0e8455b099,sell,0x177d39ac676ed1c67a2b268ad7f1e58826e5b0af,0xe4f599aa228a3c0945849e5d0f40278eed74246679f9a126dbe5275e9574f344
45,407.16865481324015,0.04356704606501669,0xd22ce2a3aa712d7cf5583b4ca88f181c8407610b,2017-10-31T14:11:56.000Z,0.00010699999999999999,0xaab4f6c33ffcfd1651b05dccd02d8159155e2e1b,sell,0x177d39ac676ed1c67a2b268ad7f1e58826e5b0af,0x15c1280ef5a577523bf99b3e8ac4976871da5789ec2eb135b6f92acecf554c76
46,288.4085491618934,0.03172494040780828,0x128bab5f74529c899fa4d0c0c8182f250933a462,2017-10-31T14:09:52.000Z,0.00010999999999999999,0xaab4f6c33ffcfd1651b05dccd02d8159155e2e1b,sell,0x177d39ac676ed1c67a2b268ad7f1e58826e5b0af,0x4877b4c1d6b820eaa93f4e23cc3bf54f2116ffb7f4650907facd7196bda6b970
47,1661.5159671684444,0.19938191606021333,0xcc6e63d6db07d035c341f34b10d952acd2fb9b2a,2017-10-31T12:18:50.000Z,0.00012,0x01c05bf83d6fa609939821ab2b2d9267bd2f2273,buy,0x177d39ac676ed1c67a2b268ad7f1e58826e5b0af,0x547d83b5116fb71e0277ea46d24ded8020c7ceeae396fb1e551e3153722e2d18
48,1201.3857043166186,0.13215242747482803,0x128bab5f74529c899fa4d0c0c8182f250933a462,2017-10-31T09:07:45.000Z,0.00010999999999999999,0x527e6009e17c7e85ca8c3912accd8f0e12b89e2b,sell,0x177d39ac676ed1c67a2b268ad7f1e58826e5b0af,0x54b222f4d3b4a37246d03214dae67438dd87aac570d5b76f39c12a5067bc7255
49,5.9811322287730855,0.000657924545165039,0x128bab5f74529c899fa4d0c0c8182f250933a462,2017-10-31T06:46:57.000Z,0.00010999999999999994,0x66de1d7ddcf88363b70ae695db4110671a1073ab,sell,0x177d39ac676ed1c67a2b268ad7f1e58826e5b0af,0xec437db9fd9dd1c3d9bb35c3a163f5ae86b100579846cc56e8158bd6a2791bb0
50,13384.251015716001,1.6527943894287376,0x47a181d57da50fadaad0cc8e0a40369098aecd8a,2017-10-31T05:57:03.000Z,0.000123488,0xfabbd8ab3a32c1a88bdbb1ea8c662114cb309d09,buy,0x177d39ac676ed1c67a2b268ad7f1e58826e5b0af,0x5234146aa4b529e61bb966536158b01990657a8a059ae8197551b7a416ac9006
51,498.5,0.05622083,0x47a181d57da50fadaad0cc8e0a40369098aecd8a,2017-10-31T05:55:11.000Z,0.00011278,0x8d6e0a79003a9d49e68a6b82bbd497189f019905,buy,0x177d39ac676ed1c67a2b268ad7f1e58826e5b0af,0x0584b300c1a116c8ec883d61b7ea6176267186481492fa8a31f46ee09e2575e8
52,4000,0.478,0x47a181d57da50fadaad0cc8e0a40369098aecd8a,2017-10-31T05:54:17.000Z,0.0001195,0x415236b6d278cdc48f336d7536cb2d2aaf778fc4,buy,0x177d39ac676ed1c67a2b268ad7f1e58826e5b0af,0xda57c22de32d88112fe83ac7ff15f6ced7ef37883591047b2f58c8b8b973e113
53,4513.7,0.510002963,0x47a181d57da50fadaad0cc8e0a40369098aecd8a,2017-10-31T05:52:41.000Z,0.00011299,0x365fe34c9c049718bf38f82a890398a3c971bb77,buy,0x177d39ac676ed1c67a2b268ad7f1e58826e5b0af,0xb9fb0ea8e4886fd1d8deb4abe6ab818a75f3f14b697c4bde39d2431db6401b7f
54,2659.071782567042,0.2996242084596543,0x47a181d57da50fadaad0cc8e0a40369098aecd8a,2017-10-31T05:43:02.000Z,0.00011268,0x4d0300d70200bf1dbc62efa5ad67b314d9666d9f,buy,0x177d39ac676ed1c67a2b268ad7f1e58826e5b0af,0x773c77f42fbc25e98e2448014ee30d383efda6198374895aac4ee833a190ac76
55,4.224614292715,0.00046470757219865,0x128bab5f74529c899fa4d0c0c8182f250933a462,2017-10-31T04:03:20.000Z,0.00011,0xe444a40689f51f63bcd29910622035707d533d29,sell,0x177d39ac676ed1c67a2b268ad7f1e58826e5b0af,0xf2d472e8e0051d93ccaa9bcad9aa3ba5a8466f2ee7608c7cbaaa3b69f7d8692c
56,1137.5156704216927,0.12853927075765129,0x6baec593fedbacb17dd0fdfb0642a36603ae98da,2017-10-31T02:07:47.000Z,0.000113,0x4d0300d70200bf1dbc62efa5ad67b314d9666d9f,sell,0x177d39ac676ed1c67a2b268ad7f1e58826e5b0af,0xd48c1403492ffa042800f8e9aebf632eebaaff50d9f5109433cbc38c55486afa
57,0.01,0.00000113,0x6baec593fedbacb17dd0fdfb0642a36603ae98da,2017-10-31T01:35:18.000Z,0.000113,0x14af12c11fa2fc702add3a5f65143bc1158871e4,sell,0x177d39ac676ed1c67a2b268ad7f1e58826e5b0af,0x0458749e5c8ced408e1942212f6595eda154c6902519e9f685b780de962d8792
58,0.0001145,0.229,0xb9727bfb19f12489eaa1b6aa679c4d3f79465379,2017-10-30T23:15:07.000Z,2000,0x273a5d3e6721b9f5c1a6474f560c1334c63dda01,sell,0x177d39ac676ed1c67a2b268ad7f1e58826e5b0af,0xfc0b0580ab9252e1d6912e5ae4ab016ac415253b2e44602132dbe986de92dc49
59,1782.4743295783073,0.20141959924234873,0x6baec593fedbacb17dd0fdfb0642a36603ae98da,2017-10-30T23:07:35.000Z,0.000113,0xfebed3f7333f028aaf315e7aa6bddf28da95f853,sell,0x177d39ac676ed1c67a2b268ad7f1e58826e5b0af,0x51a2c76a4a27a39e354241dff7b500bd8dea070ac85c58e1e1843f7e83eb5a9f
60,0.001,0.000000123487,0x0c4085d8e714ca77ac5f46cd2b80a92d238a7cd3,2017-10-30T21:26:08.000Z,0.000123487,0xcb426b5d768a61fe8a121bf2b303e45c13d008cf,buy,0x177d39ac676ed1c67a2b268ad7f1e58826e5b0af,0x2cbe1ee29c1d63f5117fbd80ac6029f27370b0c94d11808e8e3c601423a023c7
61,9500,1.092595,0xda4f82ede6507d671510eae1cb181d1132efcb73,2017-10-30T10:11:56.000Z,0.00011501,0x76faf8f715f872f894b0f9185fd35d59eec16733,sell,0x177d39ac676ed1c67a2b268ad7f1e58826e5b0af,0x48cba87fc9f32c00cfc597497dbe9af8ddf82a145ef3a5ee9e9fbcbe7aaeb037
62,23934.082,2.7548128382,0x583b640795999aa2bb22c1a62a91336ff9d325bb,2017-10-30T10:11:52.000Z,0.0001151,0x76faf8f715f872f894b0f9185fd35d59eec16733,sell,0x177d39ac676ed1c67a2b268ad7f1e58826e5b0af,0x4292aae0a97eeb185092f558225857673cf28b1aef52150fd7c670337544ac1e
63,6020.257374050185,0.6929316237531763,0x583b640795999aa2bb22c1a62a91336ff9d325bb,2017-10-30T10:02:04.000Z,0.00011509999999999999,0x01c05bf83d6fa609939821ab2b2d9267bd2f2273,sell,0x177d39ac676ed1c67a2b268ad7f1e58826e5b0af,0x457aa39f1ae5c986cacd0279c6f289bcbee73789161378bb2c912a0c1987042c
64,1000,0.115101,0xff41f187213dcb08a3ec55d00e937911b80f77f7,2017-10-30T09:59:39.000Z,0.000115101,0x01c05bf83d6fa609939821ab2b2d9267bd2f2273,sell,0x177d39ac676ed1c67a2b268ad7f1e58826e5b0af,0xdceee919fd47676bb88aa3ec232bb468023d33f4e3e454abefa28a0550140365
65,14913.931780306413,1.7180849410912988,0x36c43802cfc5f674591e3ad961ce80ee91ddc465,2017-10-30T09:56:11.000Z,0.0001152,0x01c05bf83d6fa609939821ab2b2d9267bd2f2273,sell,0x177d39ac676ed1c67a2b268ad7f1e58826e5b0af,0x33bf014c5a940dc83ae2812c6ef68e84d785a7e5e29ff94dcb1bebdd5510fd25
66,13751.908751260862,1.5842198881452512,0x36c43802cfc5f674591e3ad961ce80ee91ddc465,2017-10-30T09:48:02.000Z,0.0001152,0xfd0fe438cf033aab2a6998a95f2614d231ab8e04,sell,0x177d39ac676ed1c67a2b268ad7f1e58826e5b0af,0xf1a5f9d427a500aae0cda82e706131c567feb1055cff610b5e55c2404432cce9
67,15396.68389770199,1.7736979850152694,0x36c43802cfc5f674591e3ad961ce80ee91ddc465,2017-10-30T09:45:16.000Z,0.0001152,0xfd0fe438cf033aab2a6998a95f2614d231ab8e04,sell,0x177d39ac676ed1c67a2b268ad7f1e58826e5b0af,0xb61b6ad2e46b1ce9aad68c5eed7014f0b5b6c62b5f41020784788b453db62044
68,5937.475570730735,0.6839971857481807,0x36c43802cfc5f674591e3ad961ce80ee91ddc465,2017-10-30T09:40:17.000Z,0.0001152,0x01c05bf83d6fa609939821ab2b2d9267bd2f2273,sell,0x177d39ac676ed1c67a2b268ad7f1e58826e5b0af,0x1551df9e30fd6d61a0956bc2338ee10ec85b4487f91fc41472d6e4f7272e7019
69,14136.177848669126,1.6299013059515501,0x36c43802cfc5f674591e3ad961ce80ee91ddc465,2017-10-30T09:31:29.000Z,0.00011529999999999998,0xfd0fe438cf033aab2a6998a95f2614d231ab8e04,sell,0x177d39ac676ed1c67a2b268ad7f1e58826e5b0af,0xc9e886bd9c66d758eecd9a01a588c1b2cb33339992ce24dc446970054c78ac2a
70,11011.085,1.288296945,0x7dc28a75d502d6c169703afec975343be836f8bf,2017-10-30T08:53:19.000Z,0.000117,0x01c05bf83d6fa609939821ab2b2d9267bd2f2273,sell,0x177d39ac676ed1c67a2b268ad7f1e58826e5b0af,0x2108a91c24c66808a909534fec7494fa80a6eba626dda39ea0e7e3dcd27c0b49
71,12988.914679437505,1.5197030174941881,0x7dc28a75d502d6c169703afec975343be836f8bf,2017-10-30T08:37:51.000Z,0.00011699999999999998,0x905e0578d5316b3597d3210b913e6f6309168272,sell,0x177d39ac676ed1c67a2b268ad7f1e58826e5b0af,0x49493f7b45c3598a407f9058c33fcbb82e3b39de09fafa3dd8606a8e3a7e96e4
72,10000,1.17,0x7dc28a75d502d6c169703afec975343be836f8bf,2017-10-30T08:35:18.000Z,0.000117,0x905e0578d5316b3597d3210b913e6f6309168272,sell,0x177d39ac676ed1c67a2b268ad7f1e58826e5b0af,0x7d9c68811fdc70ed06dc207e51dab885e8f75333dbc578e8d6fbf4c1cbcaafa7
73,594.1581098594357,0.06850643006679294,0x36c43802cfc5f674591e3ad961ce80ee91ddc465,2017-10-30T07:57:28.000Z,0.00011529999999999998,0x4c8b89be299d28341efa2cd5b70ca6db9bc991e0,sell,0x177d39ac676ed1c67a2b268ad7f1e58826e5b0af,0x92b2eeb2fae27ad84ac9cd54f689a9707678a35ebba6044527f5730a6b94718c
74,45.66051561043203,0.005255525346760726,0x583b640795999aa2bb22c1a62a91336ff9d325bb,2017-10-30T06:36:35.000Z,0.00011509999999999999,0x3dee4a4e076e8d82859d241db0baf46f112cfa23,sell,0x177d39ac676ed1c67a2b268ad7f1e58826e5b0af,0x9c88805a4449597cd6bd139b9755bf666618a937fc590e2f393ee39a0f19332d
75,1996,0.243512,0xda4f82ede6507d671510eae1cb181d1132efcb73,2017-10-30T05:43:08.000Z,0.000122,0x0a992b523ca1f1a19e6849aadc240ddd6d0c95f7,buy,0x177d39ac676ed1c67a2b268ad7f1e58826e5b0af,0xd83af7a7a3f78858268ec549cee370c05439c7edc2f966615b0d4b37e9ea10ce
76,2000,0.24,0xda4f82ede6507d671510eae1cb181d1132efcb73,2017-10-30T05:41:50.000Z,0.00012,0x415236b6d278cdc48f336d7536cb2d2aaf778fc4,buy,0x177d39ac676ed1c67a2b268ad7f1e58826e5b0af,0x5be8c21e605061f7ed16704e746bec254bea51f9900ac6407ac448d870d3592c
77,3819,0.454461,0xda4f82ede6507d671510eae1cb181d1132efcb73,2017-10-30T05:41:25.000Z,0.000119,0xc1e9928b68696bdfe34e6711ba06610794ca3279,buy,0x177d39ac676ed1c67a2b268ad7f1e58826e5b0af,0xc5d7968215a0c0a134bcef56636527f460c5384e7ab831a5aafed9451a55b23f
78,18720,2.2274928,0x36c43802cfc5f674591e3ad961ce80ee91ddc465,2017-10-30T05:00:55.000Z,0.00011899,0x165471acb175428a2b09f460b21a322d201e9c91,buy,0x177d39ac676ed1c67a2b268ad7f1e58826e5b0af,0x25d0b6ccf501a614269398b6dcc7f4fc79cc2c704aea214685a36fdbaf1d8d01
79,4.3728463731612,0.000481975127249827,0xda4f82ede6507d671510eae1cb181d1132efcb73,2017-10-30T03:38:07.000Z,0.00011021999999999989,0x379374d13077e8867ef31803c37baf9785a17c00,sell,0x177d39ac676ed1c67a2b268ad7f1e58826e5b0af,0xb74154bf8ebe9a9ec04231079624261a82b8ad2a5bceac3dd056e37752ade3a9
80,4.2974524701756,0.000473665211262754,0xda4f82ede6507d671510eae1cb181d1132efcb73,2017-10-30T03:34:29.000Z,0.00011021999999999985,0x16e5d97bbc92417e051e3b2cabfbf8ceea2acb9c,sell,0x177d39ac676ed1c67a2b268ad7f1e58826e5b0af,0xdd32e2016963651ddbdff9cb541a8ab7b0a345efb0ed2b52938116b0458384dc
81,1991.525,0.23499995,0x4da39d4a1748a245ceaf7acefb7b0c8fbf17e275,2017-10-29T23:30:19.000Z,0.000118,0x415236b6d278cdc48f336d7536cb2d2aaf778fc4,buy,0x177d39ac676ed1c67a2b268ad7f1e58826e5b0af,0xdb347eea89297bc6d9d6fe106c7fd2189406920cc54931a6e66f2888753f400b
82,4086.6816050996044,0.48218756258570233,0x4da39d4a1748a245ceaf7acefb7b0c8fbf17e275,2017-10-29T23:29:37.000Z,0.00011799,0x583b640795999aa2bb22c1a62a91336ff9d325bb,buy,0x177d39ac676ed1c67a2b268ad7f1e58826e5b0af,0xe4e48118adfc6b8fd3814d5b21c14871482302eb84c7c63e20c522eb60040541
83,3271.3683580899215,0.3605375067450902,0x905e0578d5316b3597d3210b913e6f6309168272,2017-10-29T23:08:13.000Z,0.00011020999999999999,0x72e0d413183eff243b71085ffb3cce17a1c9fbcc,sell,0x177d39ac676ed1c67a2b268ad7f1e58826e5b0af,0xf1681e5ff5f0d7b675be263adf5418175bf070d591f398baba25b7a87637b44d
84,2540,0.2996946,0x00ef4ba003042f37647d14575e5a86f264c69f47,2017-10-29T21:39:55.000Z,0.00011799,0x583b640795999aa2bb22c1a62a91336ff9d325bb,buy,0x177d39ac676ed1c67a2b268ad7f1e58826e5b0af,0xbfd7e3b7c64f0d6f063c413166941266c51db5fe95e01929778292331dae10ff
85,34.540394900395604,0.004075421194297677,0x00ef4ba003042f37647d14575e5a86f264c69f47,2017-10-29T21:19:48.000Z,0.00011799,0x583b640795999aa2bb22c1a62a91336ff9d325bb,buy,0x177d39ac676ed1c67a2b268ad7f1e58826e5b0af,0x5209b98cef87bb4a6ad8da8ce24332697ce72c2e7df817bcc4a4b6f545cd2eb7
86,281,0.032315,0x00ef4ba003042f37647d14575e5a86f264c69f47,2017-10-29T21:18:03.000Z,0.000115,0xf1ea52ac3b0998b76e2db8394f91224c06beef1c,buy,0x177d39ac676ed1c67a2b268ad7f1e58826e5b0af,0x497111a6e23296689b8dfbf061b88a5df686b95e57ff31dcdf5a7057818c3a3d
87,4035.9148123127675,0.4447981714649901,0x905e0578d5316b3597d3210b913e6f6309168272,2017-10-29T21:13:06.000Z,0.00011020999999999999,0xc199b684c34f5d78589d2cac9e8e4ca5801c0354,sell,0x177d39ac676ed1c67a2b268ad7f1e58826e5b0af,0x0d2d3bedf12f36a716456083a69d251b3eb9110614e819d8e3743747149c6939
88,281.1285016449008,0.030994417306350313,0xf1ea52ac3b0998b76e2db8394f91224c06beef1c,2017-10-29T20:42:24.000Z,0.00011025,0x6873035172a9d986e31d8b4ecf108838af8e7e23,sell,0x177d39ac676ed1c67a2b268ad7f1e58826e5b0af,0x33db60afdce50fa706e650fa9c0ccd71c3e0c86eeb98347f41239c07fde66272
89,1697.747,0.200315470783,0xb28b10bf5b3ff267421ab9797d2c06e2164b5e6b,2017-10-29T18:27:40.000Z,0.000117989,0xc7954ad7f35fe1e61b088fa1367a03d19cf1ed03,sell,0x177d39ac676ed1c67a2b268ad7f1e58826e5b0af,0xe037f6c67baf08f170106fe55ad586b62db09e64a2baaae8901003d311849381
90,10,0.00117989,0x0b773d7819259d78757b26dc4148812d35676d8f,2017-10-29T16:56:38.000Z,0.000117989,0xc7954ad7f35fe1e61b088fa1367a03d19cf1ed03,buy,0x177d39ac676ed1c67a2b268ad7f1e58826e5b0af,0x460a9261d3667c19b32e9a5afc6798290a6791e0e2019137e1b6c9d205cb4ade
91,2.252698620121507,0.000265793657489516,0xb28b10bf5b3ff267421ab9797d2c06e2164b5e6b,2017-10-29T16:46:53.000Z,0.00011798899999999975,0x33aa550ac0b31c212a7c6fd41f313844ab5c67f8,sell,0x177d39ac676ed1c67a2b268ad7f1e58826e5b0af,0xc4d1fbe7941206cb083d3b8162df435ba4ae2e0cb36e53f53099c54036bb1c33
92,3000,0.353967,0xb41a84ae7ae518633f1eea1d4f4d13c4cf8dd6a7,2017-10-29T15:26:33.000Z,0.000117989,0xc7954ad7f35fe1e61b088fa1367a03d19cf1ed03,buy,0x177d39ac676ed1c67a2b268ad7f1e58826e5b0af,0xb3207757e8dadb1d32c849fdc7a9a207480a26ef4f70a9ead31b5f16debdd9a0
93,622.1,0.068431,0xb41a84ae7ae518633f1eea1d4f4d13c4cf8dd6a7,2017-10-29T13:31:38.000Z,0.00011,0xf1ea52ac3b0998b76e2db8394f91224c06beef1c,sell,0x177d39ac676ed1c67a2b268ad7f1e58826e5b0af,0xc49856e4c9039069312e455f66ff9b70428a2701d41de13fe3c86f58b433beb4
94,996.8198584388396,0.10686905702322799,0x905e0578d5316b3597d3210b913e6f6309168272,2017-10-29T05:44:46.000Z,0.00010720999999999998,0x33aa550ac0b31c212a7c6fd41f313844ab5c67f8,sell,0x177d39ac676ed1c67a2b268ad7f1e58826e5b0af,0x2277c3b97453ae099db51816829a60879fa6bf9dfa1101c78e6a36716160f216
95,2.454660504087923,0.000265373347096945,0x905e0578d5316b3597d3210b913e6f6309168272,2017-10-29T02:24:01.000Z,0.00010810999999999984,0x7151762487247809900222a357e675794677e463,sell,0x177d39ac676ed1c67a2b268ad7f1e58826e5b0af,0x8bf6796dc28147b9be21794049476b48c235da24145280fec9f6016947e14fd1
96,13000,1.40543,0x905e0578d5316b3597d3210b913e6f6309168272,2017-10-29T02:22:19.000Z,0.00010811,0x7151762487247809900222a357e675794677e463,sell,0x177d39ac676ed1c67a2b268ad7f1e58826e5b0af,0x44bec80098830426f5f5950446423b3635bbfbe5c86e799813d154bb29a06bae
97,10000,1.0812,0x3dee4a4e076e8d82859d241db0baf46f112cfa23,2017-10-29T02:20:41.000Z,0.00010812,0x7151762487247809900222a357e675794677e463,sell,0x177d39ac676ed1c67a2b268ad7f1e58826e5b0af,0xb60ccd7298a6fb97537e63c4ee7c49f22fa7ae37e426daa0835ef78e09b71c38
98,4.237288135593221,0.0005,0x34f9560c63078eb61872a4dc2ccd20e21c34feaf,2017-10-28T20:17:06.000Z,0.000118,0x415236b6d278cdc48f336d7536cb2d2aaf778fc4,buy,0x177d39ac676ed1c67a2b268ad7f1e58826e5b0af,0xabebfe6c7e6ff1acc51ec9591d2646e0d2e215e93fb1185a1043fd50fd2e1d66
99,4.237288135593221,0.0005,0xe444a40689f51f63bcd29910622035707d533d29,2017-10-28T20:14:27.000Z,0.000118,0x415236b6d278cdc48f336d7536cb2d2aaf778fc4,buy,0x177d39ac676ed1c67a2b268ad7f1e58826e5b0af,0xd00420f61db025c219affa0c7bd596f0de6b4e0a91798706b1c2ba57d723309f
100,1653.9282561149837,0.1788061837685909,0x905e0578d5316b3597d3210b913e6f6309168272,2017-10-28T17:23:41.000Z,0.00010810999999999999,0x1ed014aec47fae44c9e55bac7662c0b78ae61798,sell,0x177d39ac676ed1c67a2b268ad7f1e58826e5b0af,0x175fb9ed15cbb451556f4fa3fba0816706374699fde470401c61ea3adcf8b8ee
101,98.6940484498056,0.010669813577908483,0x905e0578d5316b3597d3210b913e6f6309168272,2017-10-28T15:53:09.000Z,0.00010810999999999999,0x6b8db9d872f808cd0bff94b33009c8fdf302d0ec,sell,0x177d39ac676ed1c67a2b268ad7f1e58826e5b0af,0x62c319c776cd0def874535c76817992f792e7384b147dc006d3d1cee9806b61e
102,15697.564,1.87570192236,0x70a01ccf4f94b84f520e8bbf6cae035148ea36ba,2017-10-28T04:25:38.000Z,0.00011949,0x905e0578d5316b3597d3210b913e6f6309168272,buy,0x177d39ac676ed1c67a2b268ad7f1e58826e5b0af,0x6242a32f43ca51e5dd21ca4ce34cc9d8d9b3ec596fc5b2ace8322f5a8278c273
103,229.28920346924534,0.024763233974678497,0x625309b0c5acf5334da743a16741fce5a56822cc,2017-10-28T02:17:24.000Z,0.000108,0x579790e999ed9e3c26ddbcf2ff66ca630bbb4571,sell,0x177d39ac676ed1c67a2b268ad7f1e58826e5b0af,0x0a26ae02347b996c8bc0ffdc310913fe50259a611dee396925c9a69d93c931d4
104,4500,0.48825,0xd22ce2a3aa712d7cf5583b4ca88f181c8407610b,2017-10-27T20:36:52.000Z,0.0001085,0x3edc3d0f431cb4981b13a4334f37f15735dc84fb,sell,0x177d39ac676ed1c67a2b268ad7f1e58826e5b0af,0x64f4d5c9279a17d803a3d114fb244610cfcd740db7e85a2e253559da93b04cb9
105,2389,0.26011432,0x415236b6d278cdc48f336d7536cb2d2aaf778fc4,2017-10-27T20:36:09.000Z,0.00010888,0x3edc3d0f431cb4981b13a4334f37f15735dc84fb,sell,0x177d39ac676ed1c67a2b268ad7f1e58826e5b0af,0x0b639f07dbf860fbbcf520d4b8cab534dd92303e8ddbb2cba59e021920da99f6
106,6000,0.7431,0x4da39d4a1748a245ceaf7acefb7b0c8fbf17e275,2017-10-27T05:48:23.000Z,0.00012385,0xe28e920659ac540f9902414e0e0ff23a86712ed7,buy,0x177d39ac676ed1c67a2b268ad7f1e58826e5b0af,0xc7a870329714f546ad9009675aaa34401c56b9f4f514b57ece618f46fb5fcffd
107,265,0.02968,0x4da39d4a1748a245ceaf7acefb7b0c8fbf17e275,2017-10-27T05:46:48.000Z,0.000112,0xff765d5fc37cdbab1e2101464347d0bd4a085a59,buy,0x177d39ac676ed1c67a2b268ad7f1e58826e5b0af,0x2e0c1b4567ebd53c703806a984f473bdd05863cbc0d6815d4066817ada0bdc39
108,2035.765,0.24022027,0x4da39d4a1748a245ceaf7acefb7b0c8fbf17e275,2017-10-27T05:46:48.000Z,0.000118,0x415236b6d278cdc48f336d7536cb2d2aaf778fc4,buy,0x177d39ac676ed1c67a2b268ad7f1e58826e5b0af,0x90f08b0074e2f4a4c90e603974bc48fb7421b5f1a2917fb7b2320b1a0610c8cd
109,2000,0.236,0x4da39d4a1748a245ceaf7acefb7b0c8fbf17e275,2017-10-27T05:46:48.000Z,0.000118,0x01c05bf83d6fa609939821ab2b2d9267bd2f2273,buy,0x177d39ac676ed1c67a2b268ad7f1e58826e5b0af,0x9f000ea22a14f3450d768b43ce878c5f8dfde4a9b72a1b0f81bf143ec03dd7ca
110,4000,0.448,0x905e0578d5316b3597d3210b913e6f6309168272,2017-10-27T04:36:26.000Z,0.000112,0xe85fd2aff6bd741e0e1aa82c5ed54cc57101589a,buy,0x177d39ac676ed1c67a2b268ad7f1e58826e5b0af,0x3af2f430244a82113f0c19e34df93f41e56ca0dc4d285814c0eccca712a2d409
111,2544.4050443624765,0.2674525918331173,0x2256c01a9c0e2de68cb7d27f7e39dc4e1c7d3783,2017-10-27T04:21:36.000Z,0.00010511399999999998,0xa4d8cf1c3e01453f94743470b5ac6fbeb8c6fc0d,sell,0x177d39ac676ed1c67a2b268ad7f1e58826e5b0af,0x78b442f4a9d140ff9877bccfba093e8e3ebc1302d039897c484c60193774acfc
112,44.1439749624207,0.004640017352275001,0x3dee4a4e076e8d82859d241db0baf46f112cfa23,2017-10-27T04:08:56.000Z,0.00010511099999999998,0x9530b0ab27f57f2d2d5e23aea464a10c65b67235,sell,0x177d39ac676ed1c67a2b268ad7f1e58826e5b0af,0x904c9b14e5579351481968fcd85855596a363aa403ef31cedfff5dc4e0520fe9
113,596,0.0662220964,0x62bf8f52e67457a0d52437e8fa44d3a3121db041,2017-10-27T03:04:43.000Z,0.0001111109,0x2ebb2f906eb5fb04e3dc2987d1fb9f00b676965b,buy,0x177d39ac676ed1c67a2b268ad7f1e58826e5b0af,0x0f143dd60cfae1600808abab2aafd2250a223b871846ca72a1c1c4f8bfea24d6
114,1000,0.11111,0x62bf8f52e67457a0d52437e8fa44d3a3121db041,2017-10-27T03:04:43.000Z,0.00011111,0x09e396aca9535fffc68c72f880ab36e252b73a43,buy,0x177d39ac676ed1c67a2b268ad7f1e58826e5b0af,0xc387996b7e1480149d12bc3bde5fb90a07a819716d7632437a4120542eed18c0
115,27000,2.99997,0x62bf8f52e67457a0d52437e8fa44d3a3121db041,2017-10-27T02:26:26.000Z,0.00011111,0x09e396aca9535fffc68c72f880ab36e252b73a43,buy,0x177d39ac676ed1c67a2b268ad7f1e58826e5b0af,0x5bdb02fa6e6f9dee0b8a71057b9d13165551ee8afc8440220918af753052a8b4
116,8850,0.9735,0x62bf8f52e67457a0d52437e8fa44d3a3121db041,2017-10-27T02:23:57.000Z,0.00011,0xb69a26abbc164f3eab04ef9a6787667bf24e197e,buy,0x177d39ac676ed1c67a2b268ad7f1e58826e5b0af,0x9951b3c786c43a3d8194b13d72f6f6f09ebb44c2522a1ef0837b07f1dfdc46a5
117,500,0.055,0xb5562ea8aae4622524a5a3aead3648b7a1d8450d,2017-10-27T01:09:49.000Z,0.00011,0x905e0578d5316b3597d3210b913e6f6309168272,sell,0x177d39ac676ed1c67a2b268ad7f1e58826e5b0af,0x56fe001287c896433a9f5e1e9d733cc011e4316ae12477009fb884809e00a628
118,1.7888916607555225,0.00018248483831367,0x905e0578d5316b3597d3210b913e6f6309168272,2017-10-26T22:29:25.000Z,0.0001020099999999995,0x73231641d4af2745f3529ad61e5fa4451d069b9b,sell,0x177d39ac676ed1c67a2b268ad7f1e58826e5b0af,0x518994d026f0bc367f75b42f5678a751dfc50a003f61b6671d71ee8dbc6a57ab
119,17944.372249038646,1.8305054131244325,0x905e0578d5316b3597d3210b913e6f6309168272,2017-10-26T22:21:56.000Z,0.00010201,0x73231641d4af2745f3529ad61e5fa4451d069b9b,sell,0x177d39ac676ed1c67a2b268ad7f1e58826e5b0af,0x22ad6775a5affce375ce235b0422d3733166d79c8c5e8fcc85ee2a69a3863df6
120,910,0.1001,0xdca86954ec286e5c500927eedecaf5859ed731c1,2017-10-26T20:41:27.000Z,0.00011,0xb69a26abbc164f3eab04ef9a6787667bf24e197e,buy,0x177d39ac676ed1c67a2b268ad7f1e58826e5b0af,0x409322666a21ba95cc276639511b3b23bf20e7e02274061ec482fc20bd206a2b
121,624.0319815114726,0.06677142202172756,0xf1ea52ac3b0998b76e2db8394f91224c06beef1c,2017-10-26T20:21:02.000Z,0.00010699999999999999,0x5f5ddca779e296c02dac4c82ca4b8f9a728266a4,sell,0x177d39ac676ed1c67a2b268ad7f1e58826e5b0af,0x428b8caf335703083b702fdc179c68f49127e19d78fcc0810500fc7f8845825e
122,80000,8.64,0xf1ea52ac3b0998b76e2db8394f91224c06beef1c,2017-10-26T20:08:35.000Z,0.000108,0xb69a26abbc164f3eab04ef9a6787667bf24e197e,sell,0x177d39ac676ed1c67a2b268ad7f1e58826e5b0af,0x3c54cef04328e1f0b2aa4173fdd31eb294fe968c03cc7cb437b2aa9c5ad354e8
123,12126.79855610309,1.237054720708076,0x905e0578d5316b3597d3210b913e6f6309168272,2017-10-26T16:51:14.000Z,0.00010201,0x58b61755dbed31f6a6b05bed5b888d789a77f2e3,sell,0x177d39ac676ed1c67a2b268ad7f1e58826e5b0af,0xba62a444ed2b45dc6648ccafafccfe3d6633718e9c7973c0366b6a1fc6534fd4
124,2397.069085833915,0.24452501744591765,0x905e0578d5316b3597d3210b913e6f6309168272,2017-10-26T16:23:14.000Z,0.00010201,0xecfc7277fc570068de18787ea30bf30a76882eba,sell,0x177d39ac676ed1c67a2b268ad7f1e58826e5b0af,0xc717ba1179536ba41180f847d32f40d6cf6ad4ca371fa5a166dd7a8d7d4766b5
125,8500,0.8925935,0xdf936e92f73b6e6334b417e87a87350d4a4b7a8c,2017-10-26T15:12:09.000Z,0.000105011,0xecfc7277fc570068de18787ea30bf30a76882eba,sell,0x177d39ac676ed1c67a2b268ad7f1e58826e5b0af,0x6817eb9dbe9b4ef3b9eee512f8695a424389c05d4d9be8e243c5677a31cdcc71
126,594.1581098594357,0.060076514804107264,0x905e0578d5316b3597d3210b913e6f6309168272,2017-10-26T14:40:39.000Z,0.00010111199999999999,0x08289cf66354969aae72a0f9429da54cb4c23b84,sell,0x177d39ac676ed1c67a2b268ad7f1e58826e5b0af,0xcd26c9aa1a8b05a711940818dc0ceca165575b5b5d4abd56d43f26c09906fdb9
127,12502.657760941083,1.2641687315242747,0x905e0578d5316b3597d3210b913e6f6309168272,2017-10-26T14:20:42.000Z,0.00010111199999999999,0x78a288a3c65f94a7d5a96cb00554019812cc0f1a,sell,0x177d39ac676ed1c67a2b268ad7f1e58826e5b0af,0x270c681d955977009e240a5f460cf3aa6a41571bcd7b5c0fa9159bfd8266bb59
128,2000,0.204,0x415236b6d278cdc48f336d7536cb2d2aaf778fc4,2017-10-26T14:19:01.000Z,0.000102,0x78a288a3c65f94a7d5a96cb00554019812cc0f1a,sell,0x177d39ac676ed1c67a2b268ad7f1e58826e5b0af,0x2c50f38e5c29e22d703679898710b396c2a3a355e149f40513cf5f0ab2407f10
129,15361.89,1.703633601,0x905e0578d5316b3597d3210b913e6f6309168272,2017-10-26T12:30:25.000Z,0.0001109,0x184f325b27657082b3f8063363b6f7189d300241,buy,0x177d39ac676ed1c67a2b268ad7f1e58826e5b0af,0x7e03e18b1b475fc7ac66b657651b8f124dc30627799c3dc9ee6bb68bab04465a
130,2035.765,0.22393415,0x36c43802cfc5f674591e3ad961ce80ee91ddc465,2017-10-26T09:45:00.000Z,0.00011,0x415236b6d278cdc48f336d7536cb2d2aaf778fc4,buy,0x177d39ac676ed1c67a2b268ad7f1e58826e5b0af,0x09b037d9755ae641900910755e5b62b04e287466f1063ba9136d4023ba7bca00
131,100,0.01,0x36c43802cfc5f674591e3ad961ce80ee91ddc465,2017-10-26T09:35:07.000Z,0.0001,0x8ea2c25b97b59e62e6b2359de47f3f790e4fc79d,buy,0x177d39ac676ed1c67a2b268ad7f1e58826e5b0af,0xbcf9bce2fb3b952ac973cfa4ee56abf42b57cdf4322613bb84df6fa8dd2d337a
132,100,0.0111,0x8ea2c25b97b59e62e6b2359de47f3f790e4fc79d,2017-10-26T07:43:22.000Z,0.000111,0x905e0578d5316b3597d3210b913e6f6309168272,buy,0x177d39ac676ed1c67a2b268ad7f1e58826e5b0af,0x27b28a970a8e28dd5501ec2a7e07d6a310d8c3cb69da2b5f1fdfeeee9c90742d
133,1000,0.111,0xb46d36a05572784ae25a7e214fb8159f9dec5730,2017-10-26T05:50:29.000Z,0.000111,0x905e0578d5316b3597d3210b913e6f6309168272,sell,0x177d39ac676ed1c67a2b268ad7f1e58826e5b0af,0xd799ad5de380b5a81a2036b833603b345a660936513fe2614ba6ecd723df4f08
134,175.1,0.0194361,0xf73b818a719f3e2b9d90db5eb16e9e714d3f7d97,2017-10-26T04:28:00.000Z,0.000111,0x905e0578d5316b3597d3210b913e6f6309168272,buy,0x177d39ac676ed1c67a2b268ad7f1e58826e5b0af,0x65f4f746f2ac110c998ad86b7085479606efa76b022304141d4a37e64180dc1f
135,24339.7316093911,2.701710208642412,0xc7954ad7f35fe1e61b088fa1367a03d19cf1ed03,2017-10-26T02:52:18.000Z,0.000111,0x905e0578d5316b3597d3210b913e6f6309168272,buy,0x177d39ac676ed1c67a2b268ad7f1e58826e5b0af,0x6a6910d012b2fb7a24aa168d29a438d72721420f3d528532e2b15221e614c3eb
136,2035.765,0.20608863401,0x415236b6d278cdc48f336d7536cb2d2aaf778fc4,2017-10-26T01:12:06.000Z,0.000101234,0x905e0578d5316b3597d3210b913e6f6309168272,sell,0x177d39ac676ed1c67a2b268ad7f1e58826e5b0af,0xe2739ead9611e99e751ddcb87823066892cfbccdbd9cac5ad971bdb0f41f4582
137,513.4642607915462,0.05198004097697139,0x415236b6d278cdc48f336d7536cb2d2aaf778fc4,2017-10-25T21:38:02.000Z,0.00010123399999999999,0x376160ae343a606d0839e9cee9d729fe16dcba9d,sell,0x177d39ac676ed1c67a2b268ad7f1e58826e5b0af,0xb2622cdac7b8c072ca084f04f58abab7da745996ae04c3403aabf8f064594c63
138,39.31950004732799,0.004659360755608367,0x540e0299db8b33ec1bde2c466bcc6466c8c62acf,2017-10-25T19:51:47.000Z,0.0001185,0x73255d98f7ac75beb5397febd37db3b3650d8156,buy,0x177d39ac676ed1c67a2b268ad7f1e58826e5b0af,0xa9e3c183a08ebbab9941878dd04ecb3ce98657dc6798438ca8afcd68aa45de2c
139,299.10229142017437,0.02994731782615354,0x905e0578d5316b3597d3210b913e6f6309168272,2017-10-25T19:06:33.000Z,0.00010012399999999999,0x302b55b3e8bfff5d0ff9ac6837e1759f02afdd05,sell,0x177d39ac676ed1c67a2b268ad7f1e58826e5b0af,0x92f77c4e6b57bfbfa302b8747083899c572addd39c957d5698688f412c3e0128
140,3525.7305880829344,0.3529608891729826,0x905e0578d5316b3597d3210b913e6f6309168272,2017-10-25T10:51:44.000Z,0.00010010999999999999,0x79b40b57a32ddc795c99faad6b573d8b474292cf,sell,0x177d39ac676ed1c67a2b268ad7f1e58826e5b0af,0x26d50ef7d743f2377518fd0d9bfc4cce7eb88f5c9be527f7408f23c08b2c496b
141,2300.8483700528363,0.23010784548898414,0x905e0578d5316b3597d3210b913e6f6309168272,2017-10-25T09:05:17.000Z,0.00010000999999999999,0x78e427d9a3e8bf9a62897e3428ea1530ba2ac0ab,sell,0x177d39ac676ed1c67a2b268ad7f1e58826e5b0af,0xf71bb57eceebf565be0317880f30fc25783ecbbd05ebdeb81b56335ed22ddc50
142,8000,0.83368,0x3dee4a4e076e8d82859d241db0baf46f112cfa23,2017-10-25T05:15:26.000Z,0.00010421,0x905e0578d5316b3597d3210b913e6f6309168272,sell,0x177d39ac676ed1c67a2b268ad7f1e58826e5b0af,0x984a2bc06529693add6bc980c88072bc540583fc055bdbd501c889e96dd0a574
143,252.858,0.0275868078,0xd22ce2a3aa712d7cf5583b4ca88f181c8407610b,2017-10-25T05:15:18.000Z,0.0001091,0x905e0578d5316b3597d3210b913e6f6309168272,sell,0x177d39ac676ed1c67a2b268ad7f1e58826e5b0af,0xedb95c55c807bc78f97d79b80288f80f9c35b907575063946a82d81e101d4849
144,2407.178,0.2655117334,0x1006ecd6ec35d85a9d43cc12898369bfcee7f7ca,2017-10-25T04:41:18.000Z,0.0001103,0x905e0578d5316b3597d3210b913e6f6309168272,sell,0x177d39ac676ed1c67a2b268ad7f1e58826e5b0af,0x2e0b778f81b16d9e8ace6aeab860e5005afaee2d361059c502467efcbb6730e4
145,10000,1.102,0x25cb0ecbc7f8b7844531df9d137dcb594080a311,2017-10-25T03:56:23.000Z,0.0001102,0x905e0578d5316b3597d3210b913e6f6309168272,sell,0x177d39ac676ed1c67a2b268ad7f1e58826e5b0af,0x3a6588c26e891137cdce3fa51d3b98e7df3fe215cbe70a78da315a9f6559f426
146,9999.237625584032,1.1029159101019186,0x17c342d93ae3f44cdb81336b986f12046f912511,2017-10-25T03:54:36.000Z,0.00011029999999999998,0x905e0578d5316b3597d3210b913e6f6309168272,sell,0x177d39ac676ed1c67a2b268ad7f1e58826e5b0af,0x368d9799ddebf7e57c99644c6b30ceba9c9d293b35ddcbf0d6b3d8bbbe436efb
147,0.76237441596878,0.000084089898081356,0x17c342d93ae3f44cdb81336b986f12046f912511,2017-10-25T03:31:14.000Z,0.00011029999999999943,0x3fef3e85b09a340029b9eee96c63c239a22e7a36,sell,0x177d39ac676ed1c67a2b268ad7f1e58826e5b0af,0x5d70baea508449fe2297f8a95fb45e9cfda9fd4f5c2a910c2e0d974fc4a1c9a3
148,7647.377766582832,0.8435057676540864,0x1006ecd6ec35d85a9d43cc12898369bfcee7f7ca,2017-10-25T03:30:51.000Z,0.00011029999999999998,0x3fef3e85b09a340029b9eee96c63c239a22e7a36,sell,0x177d39ac676ed1c67a2b268ad7f1e58826e5b0af,0x42d0009b09a583e687f5a99dc9b0c1cfdca70fdd5a96bc4f9bd3bc83292b1b2d
149,7647.377766582832,0.8435057676540864,0x1006ecd6ec35d85a9d43cc12898369bfcee7f7ca,2017-10-25T03:28:25.000Z,0.00011029999999999998,0x3fef3e85b09a340029b9eee96c63c239a22e7a36,sell,0x177d39ac676ed1c67a2b268ad7f1e58826e5b0af,0x42d0009b09a583e687f5a99dc9b0c1cfdca70fdd5a96bc4f9bd3bc83292b1b2d
150,20846.376592384608,2.299355338140022,0x1006ecd6ec35d85a9d43cc12898369bfcee7f7ca,2017-10-25T03:17:50.000Z,0.00011029999999999998,0x3fef3e85b09a340029b9eee96c63c239a22e7a36,sell,0x177d39ac676ed1c67a2b268ad7f1e58826e5b0af,0x2c345d867df543a8ca84003b9d1aaf2d53eb35e0700922b33267e38729dc0fdc
151,8901.495,0.982128647835,0x17c342d93ae3f44cdb81336b986f12046f912511,2017-10-25T03:07:24.000Z,0.000110333,0x905e0578d5316b3597d3210b913e6f6309168272,sell,0x177d39ac676ed1c67a2b268ad7f1e58826e5b0af,0x5a80c558c5f22bb929c722b5bf3a8bd521c129af0f6f3e5a8841b8b72cd97777
152,450,0.04964985,0x17c342d93ae3f44cdb81336b986f12046f912511,2017-10-25T02:47:47.000Z,0.000110333,0x9778550d76b07ac9f5e57392f68ecdf6efc1774e,sell,0x177d39ac676ed1c67a2b268ad7f1e58826e5b0af,0x1c0f2160bd1ada986d12382a17068f0f19d294ec07565bfd4a27dff735c26246
153,8030.904,0.891430344,0x73231641d4af2745f3529ad61e5fa4451d069b9b,2017-10-25T02:47:47.000Z,0.000111,0x9778550d76b07ac9f5e57392f68ecdf6efc1774e,sell,0x177d39ac676ed1c67a2b268ad7f1e58826e5b0af,0x95a171efb4fed71ca1a53e0a9432909884be71f8938dca9aad0c47f69e2038cb
154,9969.095803010667,1.106569634134184,0x73231641d4af2745f3529ad61e5fa4451d069b9b,2017-10-25T02:43:20.000Z,0.00011099999999999999,0x9778550d76b07ac9f5e57392f68ecdf6efc1774e,sell,0x177d39ac676ed1c67a2b268ad7f1e58826e5b0af,0xe4372a047291d27453fdb564981bb383e6b05746662c37ed0c06e5a71cd5eeaa
155,648.5046356295484,0.07155146196291497,0x17c342d93ae3f44cdb81336b986f12046f912511,2017-10-25T00:01:16.000Z,0.00011033299999999999,0xc1d0a826eeb8dcb18498db458a53f8b92a407afa,sell,0x177d39ac676ed1c67a2b268ad7f1e58826e5b0af,0x8a3ae21676e432a153ab70c2bc905ad301abcf0e46a8d20cdfcbdf25c73ae447
156,4886.319260059542,0.5389610143845674,0x1006ecd6ec35d85a9d43cc12898369bfcee7f7ca,2017-10-24T21:53:10.000Z,0.00011029999999999998,0x31eace4c7cf4837f5801d33f3cefd2a96930c829,sell,0x177d39ac676ed1c67a2b268ad7f1e58826e5b0af,0xd5a543883b972ebdfe8d0119bb76a5a8158b5af3ab0460dcacc46bfa76054c5f
157,5999,0.6604899,0x669f0ab96fd3beb68bc836bb874894bbb516331a,2017-10-24T15:07:51.000Z,0.0001101,0xba8acabc6da3b8c87c914aeecf9c11ab088d47d2,buy,0x177d39ac676ed1c67a2b268ad7f1e58826e5b0af,0xfbe950592a012f88ee49d59f88e0729874f2807c9d136b3fd9f6631bb325d0d6
158,4909.258299038864,0.5405093387241788,0x905e0578d5316b3597d3210b913e6f6309168272,2017-10-24T14:58:42.000Z,0.00011009999999999999,0x17df523680a01c381a907bc5b4f09b0d8e9f2f89,sell,0x177d39ac676ed1c67a2b268ad7f1e58826e5b0af,0x95a310a998d3971ad9d8d80e2b5b98a595f002d281b52e19d8486ea90a7b692d
159,594.1581098594357,0.06541680789552387,0x905e0578d5316b3597d3210b913e6f6309168272,2017-10-24T14:18:50.000Z,0.00011009999999999999,0x956f361adca926d4e4560a5c495f250ad65eb759,sell,0x177d39ac676ed1c67a2b268ad7f1e58826e5b0af,0x98b461ccf3ec00f1e7e2732bd109ccec181ec38343a2d4f2154c677d932bbccb
160,3536.660352905991,0.39080096899611205,0x79b40b57a32ddc795c99faad6b573d8b474292cf,2017-10-24T13:36:01.000Z,0.00011049999999999999,0x9a6f4914a86b31cf3969160bbdbe053cd681e189,sell,0x177d39ac676ed1c67a2b268ad7f1e58826e5b0af,0x5ce8446bbcf76edb69d78e29a9829882b164e0d57a6ee6354f1c3d911e4b5b4f
161,10000,1.10501,0x905e0578d5316b3597d3210b913e6f6309168272,2017-10-24T13:22:42.000Z,0.000110501,0x9a6f4914a86b31cf3969160bbdbe053cd681e189,sell,0x177d39ac676ed1c67a2b268ad7f1e58826e5b0af,0xdac45e88dc53225b7183ce737dd33bab1ae89ec2a3884a9aa889055806af430e
162,8200,0.99056,0x481b80ea15893d325863bd63a58995d44e26e323,2017-10-24T11:32:46.000Z,0.0001208,0x905e0578d5316b3597d3210b913e6f6309168272,buy,0x177d39ac676ed1c67a2b268ad7f1e58826e5b0af,0x62021b07568de269c9e09ec6297c241ed3ae920ce82d1a18a6a2246ce8dc6e79
163,206.31406877091612,0.024922739507526666,0x540e0299db8b33ec1bde2c466bcc6466c8c62acf,2017-10-24T10:39:52.000Z,0.0001208,0x905e0578d5316b3597d3210b913e6f6309168272,buy,0x177d39ac676ed1c67a2b268ad7f1e58826e5b0af,0xeb96941f028269549d4267adf70a7ea1e59b7a0e6319a434a581179aed4a34e8
164,9970.209079164424,1.0967229987080866,0x1006ecd6ec35d85a9d43cc12898369bfcee7f7ca,2017-10-24T07:58:47.000Z,0.00010999999999999999,0x1900bc4111f386e538e4befe25076e3f9ae72019,sell,0x177d39ac676ed1c67a2b268ad7f1e58826e5b0af,0x21ef74321611c8605b4bf056194334b13d604acccc52e574be69a88dec267898
165,1394.0891067856658,0.15334980174642324,0x1006ecd6ec35d85a9d43cc12898369bfcee7f7ca,2017-10-24T07:42:01.000Z,0.00010999999999999999,0x2c758850b2d90bde3067462ee53ab0737cdb8a6c,sell,0x177d39ac676ed1c67a2b268ad7f1e58826e5b0af,0xde362b2da53241c178b0b54ad464395bef3acafcadb6fc56eefd7dbca312dff4
166,0.17415688522169345,0.000019000516177686,0xd22ce2a3aa712d7cf5583b4ca88f181c8407610b,2017-10-23T20:59:08.000Z,0.00010909999999999565,0x63923ee4a18e57aff60c56534eade10e2c632bfe,sell,0x177d39ac676ed1c67a2b268ad7f1e58826e5b0af,0x6a4fa862dbfd3bf98d72c58abefebf78cbffe3079940098d5fa1e5f3d36c580a
167,1746.967715658807,0.19059417777837587,0xd22ce2a3aa712d7cf5583b4ca88f181c8407610b,2017-10-23T20:57:57.000Z,0.0001091,0x63923ee4a18e57aff60c56534eade10e2c632bfe,sell,0x177d39ac676ed1c67a2b268ad7f1e58826e5b0af,0x92a7f115226f3fc4448ac5bee35ca27521fe4faa7100eb3f169607724c617e21
168,1.6593654434769394,0.000177552102452032,0x73255d98f7ac75beb5397febd37db3b3650d8156,2017-10-23T15:00:01.000Z,0.00010699999999999967,0xf05ed348d63dd6ce2bb8d6e7f66931cf4625761e,sell,0x177d39ac676ed1c67a2b268ad7f1e58826e5b0af,0x2a5c592101c79a1ac23f587acae4820e4cee8aa346eb954792684ebf8b23a81c
169,930,0.1051458,0x7751aa04ee5fd76115fd91bc505e3b74235c4dc2,2017-10-23T14:58:58.000Z,0.00011306,0xf05ed348d63dd6ce2bb8d6e7f66931cf4625761e,sell,0x177d39ac676ed1c67a2b268ad7f1e58826e5b0af,0x36831e366f89b81df4e5c517d1cfe83886f8f8011327836ae1d0b6a237e31b8e
170,1508.4487010790635,0.17075639296214998,0xf082e67d73561f40c30a9cd41a1b24999ef57362,2017-10-23T14:57:58.000Z,0.00011319999999999999,0xf05ed348d63dd6ce2bb8d6e7f66931cf4625761e,sell,0x177d39ac676ed1c67a2b268ad7f1e58826e5b0af,0x549384d6460d43fabf50da98e4139c96253dacb1cad4e89215d20706b80851ce
171,517.15,0.05854138,0xe28e920659ac540f9902414e0e0ff23a86712ed7,2017-10-23T14:57:25.000Z,0.0001132,0xf05ed348d63dd6ce2bb8d6e7f66931cf4625761e,sell,0x177d39ac676ed1c67a2b268ad7f1e58826e5b0af,0xa474e1c5b594cf51286d301845b2a43c0a161d570bda2178a5d074cf24b960ca
172,2200,0.26356,0x9201299892e3c27bae587a45119b02df1382602a,2017-10-23T13:47:16.000Z,0.0001198,0xf05ed348d63dd6ce2bb8d6e7f66931cf4625761e,buy,0x177d39ac676ed1c67a2b268ad7f1e58826e5b0af,0x5f7aa6cf4f50a5a0665b8e2e6faa183f8b8df9da1ae24c0208ed00bda49c9cf4
173,304,0.03496,0x5d2ba7d1f80e353b48ec8a214a21d1e3d6951a3a,2017-10-23T12:54:43.000Z,0.000115,0x905e0578d5316b3597d3210b913e6f6309168272,buy,0x177d39ac676ed1c67a2b268ad7f1e58826e5b0af,0x386b450278052f5dfc8b2580ffde3254c7bc44a0e06fe4349e58490d354c06d5
174,0.013567922406391304,0.000001560311076735,0x5d2ba7d1f80e353b48ec8a214a21d1e3d6951a3a,2017-10-23T12:48:16.000Z,0.000115,0x905e0578d5316b3597d3210b913e6f6309168272,buy,0x177d39ac676ed1c67a2b268ad7f1e58826e5b0af,0xa84e883e608921387efa182b4e269926621108fdb011598cd1b195af5757b604
175,2.9814861268766597,0.000337504229562437,0xf082e67d73561f40c30a9cd41a1b24999ef57362,2017-10-23T11:32:25.000Z,0.0001131999999999997,0x9d7a99561b10b9697a61fb878e272c9a9c002cb6,sell,0x177d39ac676ed1c67a2b268ad7f1e58826e5b0af,0x665ded47ac283b6c17e45eead8137abb7f77aa4b97353e47312fade3de981ae2
176,29907.287338699774,3.289891329118991,0x2256c01a9c0e2de68cb7d27f7e39dc4e1c7d3783,2017-10-23T11:31:02.000Z,0.00011000299999999998,0x9d7a99561b10b9697a61fb878e272c9a9c002cb6,sell,0x177d39ac676ed1c67a2b268ad7f1e58826e5b0af,0xaff0642736947fc0a8256c49dfc545475de053c661ce4ef44b021e041eee5c7e
177,0.25359307518838464,0.000028706736111325,0xf082e67d73561f40c30a9cd41a1b24999ef57362,2017-10-23T09:36:10.000Z,0.00011319999999999943,0xc908f66d119946b2fa0a34a0ca4b9a2724085ed4,sell,0x177d39ac676ed1c67a2b268ad7f1e58826e5b0af,0x75e7a463b043d47ead1b2178ec9f6867691fba13affdbc1b230e96255e91a8f9
178,2543.7921372146866,0.2879572699327025,0xe28e920659ac540f9902414e0e0ff23a86712ed7,2017-10-23T09:33:17.000Z,0.00011319999999999999,0xc908f66d119946b2fa0a34a0ca4b9a2724085ed4,sell,0x177d39ac676ed1c67a2b268ad7f1e58826e5b0af,0x9ab1b4b90d7faa93557f6861fd3aad364329f864b4ef4c2bdb18ec171fa27071
179,12.387953184083115,0.001412226662985474,0x415236b6d278cdc48f336d7536cb2d2aaf778fc4,2017-10-23T09:30:46.000Z,0.00011399999999999991,0xc908f66d119946b2fa0a34a0ca4b9a2724085ed4,sell,0x177d39ac676ed1c67a2b268ad7f1e58826e5b0af,0xc5bcd06089b614bc82ca342fb24556984d899534c1f4c4916c73f90144c380fa
180,45,0.0054,0x9530b0ab27f57f2d2d5e23aea464a10c65b67235,2017-10-23T07:21:38.000Z,0.00012,0x905e0578d5316b3597d3210b913e6f6309168272,buy,0x177d39ac676ed1c67a2b268ad7f1e58826e5b0af,0xf05b0c50438785910c470ee5c8e76797f9f3c3f9414853a4c8349346898cd0db
181,6963.057521682784,0.788218111454491,0xe28e920659ac540f9902414e0e0ff23a86712ed7,2017-10-23T07:09:22.000Z,0.00011319999999999999,0xe57f8364c4a07e8b586882c2337afc2c981b969e,sell,0x177d39ac676ed1c67a2b268ad7f1e58826e5b0af,0xcf9a178d0db7b942ad05f148404fe316cb938e21e94f2e77f26413151d60d950
182,7.194244604316546,0.001,0x4a57d0208164a1c1c63c75395dc444428a07b50a,2017-10-23T05:41:29.000Z,0.000139,0x8be58442bab18022b1d455e7d022475224e74198,buy,0x177d39ac676ed1c67a2b268ad7f1e58826e5b0af,0x4f91d21ff0a95c0b5d1e0a1c159d63974e12df71dcca89e64ff534f0146a102b
183,361.276,0.04474041984,0x9530b0ab27f57f2d2d5e23aea464a10c65b67235,2017-10-23T04:46:29.000Z,0.00012384,0x905e0578d5316b3597d3210b913e6f6309168272,buy,0x177d39ac676ed1c67a2b268ad7f1e58826e5b0af,0xbce7645fe70cd1f7c41d129ead163d1ff11bcd57f6c53fcb1505d075283fb3b3
184,0.9969095803010667,0.000113647692154321,0x415236b6d278cdc48f336d7536cb2d2aaf778fc4,2017-10-23T03:45:20.000Z,0.0001139999999999994,0x7d053385a05276eedcaf706325ae34ae544741a6,sell,0x177d39ac676ed1c67a2b268ad7f1e58826e5b0af,0x8a46b789be8041827faf7c3928cc5edb6444aa9387e1844f02026df3ac31d4e2
185,0.059,0.000006726,0x415236b6d278cdc48f336d7536cb2d2aaf778fc4,2017-10-23T03:31:38.000Z,0.000114,0xe2f58dbe3ce09a02bc47107b27681fd5503ba957,sell,0x177d39ac676ed1c67a2b268ad7f1e58826e5b0af,0x4e5cdf4011a04141c7df8bd20726833a31ba039e10e8ac798ec4eafbccf3c1c1
186,594.1581098594357,0.06725869803608812,0xf082e67d73561f40c30a9cd41a1b24999ef57362,2017-10-23T03:23:36.000Z,0.00011319999999999999,0xe2f58dbe3ce09a02bc47107b27681fd5503ba957,sell,0x177d39ac676ed1c67a2b268ad7f1e58826e5b0af,0x5bbb3a76facc33fe46a7a2ab69d405efa501a777c9e29d5fff71f2dc6b3c3d5f
187,66.06656744093311,0.00774300170407736,0xe28e920659ac540f9902414e0e0ff23a86712ed7,2017-10-22T17:02:27.000Z,0.00011719999999999999,0x6aff1466c2623675e3cb0e75e423d37a25e442eb,sell,0x177d39ac676ed1c67a2b268ad7f1e58826e5b0af,0x5bc9a645ac7a4edaa3a155657f1c0f510eada6e76904f407872198f73becc73f
188,594.1581098594357,0.06725869803608812,0xf082e67d73561f40c30a9cd41a1b24999ef57362,2017-10-22T15:11:08.000Z,0.00011319999999999999,0xa11a417a6b88c8bd07de814e81fb96dfcf87d60f,sell,0x177d39ac676ed1c67a2b268ad7f1e58826e5b0af,0x3177155a76e377907152a10c6fc33dca15dbc7418ce05c1451255884f4ad5183
189,10000,1.165,0x17c342d93ae3f44cdb81336b986f12046f912511,2017-10-22T00:40:34.000Z,0.0001165,0x145c0c81448f6d980c4f8f226fcb7616879a7ea4,sell,0x177d39ac676ed1c67a2b268ad7f1e58826e5b0af,0xd1da039c8a377498d2da761932c2f929bfb72e3810caff56f6bb4cc9335fc56c
190,12159.257,1.4202012176,0x488c49cb4b2776d9dd04cbe9c9b834d017758bcb,2017-10-22T00:38:56.000Z,0.0001168,0x145c0c81448f6d980c4f8f226fcb7616879a7ea4,sell,0x177d39ac676ed1c67a2b268ad7f1e58826e5b0af,0xcc5dcfc73edbb776ddf0a4d82e911f64f48809667121f8dbf15f12162a7ee628
191,346.867,0.043358375,0x6aff1466c2623675e3cb0e75e423d37a25e442eb,2017-10-21T22:42:46.000Z,0.000125,0xa14c6e02cc47492436bf8cb3652dfc3bed47e0ff,buy,0x177d39ac676ed1c67a2b268ad7f1e58826e5b0af,0x6ba305b7acb7d80b3b7f4a286f2b802d01c56e17b0d9dbd8e647eee8e4f57ecc
192,0.132879822764376,0.000016609977845547,0xac9e9d2ff18f5a791964f84c8ce7bf2febcbee35,2017-10-21T19:41:50.000Z,0.000125,0xa14c6e02cc47492436bf8cb3652dfc3bed47e0ff,buy,0x177d39ac676ed1c67a2b268ad7f1e58826e5b0af,0x942c6e7a3f2e9e9ef9ef16a0b311a817ae09adbc1a25827bacff644552325f71
193,4.294192983728987,0.1666146877686847,0xac9e9d2ff18f5a791964f84c8ce7bf2febcbee35,2017-10-21T19:28:23.000Z,0.0388,0x4717c48e3f3d63d01ee7452fcea47cb522c56a99,buy,0x177d39ac676ed1c67a2b268ad7f1e58826e5b0af,0xa813841b272eb64fe38b5eb668e01bbc4efdcf77f2ee7b7a28cc051173a0eece
194,2086.5317515701327,0.16713119330076762,0x7c2b0444614da1808d2716622184a4bf02ff29df,2017-10-21T19:26:12.000Z,0.0000801,0xac9e9d2ff18f5a791964f84c8ce7bf2febcbee35,sell,0x177d39ac676ed1c67a2b268ad7f1e58826e5b0af,0xa967518613c310f66b27c7f27f66fd3410ff79654b3c9fa2b5e570b201eb9388
195,10,0.00127,0xedf5de3807d23e5d85b0caa1e10d52b85c2a6965,2017-10-21T15:30:17.000Z,0.000127,0x73255d98f7ac75beb5397febd37db3b3650d8156,buy,0x177d39ac676ed1c67a2b268ad7f1e58826e5b0af,0x10bbcf94a56f0864fe58aeee5073316ba5360ef5a16895f02e13e69706ef5f16
196,1957.7248709002095,0.22866226492114444,0x488c49cb4b2776d9dd04cbe9c9b834d017758bcb,2017-10-21T14:43:18.000Z,0.00011679999999999999,0x920307b68360efea14ad98f9424501c99a4aa9dc,sell,0x177d39ac676ed1c67a2b268ad7f1e58826e5b0af,0x6835dfea021844fefaed0d056d3aafecf5c650b73cc92eba5967c1417b7d24fa
197,25000,2.92025,0xfd0fe438cf033aab2a6998a95f2614d231ab8e04,2017-10-21T14:38:38.000Z,0.00011681,0x920307b68360efea14ad98f9424501c99a4aa9dc,sell,0x177d39ac676ed1c67a2b268ad7f1e58826e5b0af,0x0eefa03d7a60c2f2e5b775e160b66a85af0c1fe5dafc7a34659566a54b23a728
198,7937.394,0.928675098,0x73255d98f7ac75beb5397febd37db3b3650d8156,2017-10-21T14:37:31.000Z,0.000117,0x920307b68360efea14ad98f9424501c99a4aa9dc,sell,0x177d39ac676ed1c67a2b268ad7f1e58826e5b0af,0x62dc8cb9f3285d7d946eb77b8c0c1f0f8c985531f218be3be0c799be37d0fbdd
199,1000,0.128,0xb46d36a05572784ae25a7e214fb8159f9dec5730,2017-10-21T14:37:06.000Z,0.000128,0xe28e920659ac540f9902414e0e0ff23a86712ed7,sell,0x177d39ac676ed1c67a2b268ad7f1e58826e5b0af,0x4c5e99fab6ebbb0863cf5d544f4232372ebd85a179e60121144a44556c72e522
200,1.202,0.0001408744,0xe28e920659ac540f9902414e0e0ff23a86712ed7,2017-10-21T13:54:03.000Z,0.0001172,0x845711f04ba57e7c48bf166200ae3bafe6232e5e,sell,0x177d39ac676ed1c67a2b268ad7f1e58826e5b0af,0x55d64d3a5109b217156bca94ead1a6be0f667ead6921934c71ae209241fcde5c
201,12062.605921642908,1.4113248928322202,0x73255d98f7ac75beb5397febd37db3b3650d8156,2017-10-21T13:51:54.000Z,0.00011699999999999998,0x845711f04ba57e7c48bf166200ae3bafe6232e5e,sell,0x177d39ac676ed1c67a2b268ad7f1e58826e5b0af,0xcf72333d329c967af5b3dd2e83b7084e37035190deac3695bad67fa13864d3d6
202,8473.731432559067,0.9931213238959227,0xe28e920659ac540f9902414e0e0ff23a86712ed7,2017-10-21T12:52:07.000Z,0.00011719999999999999,0x3a24ecd5107eef28ba0b96fc36f57ee8fca40ba1,sell,0x177d39ac676ed1c67a2b268ad7f1e58826e5b0af,0x780e000bf9791c79ea30389f2034fb3c4de9ef83b8abfa78e49a3262ef2b56ff
203,1375.7306994695252,0.16068534569804055,0x488c49cb4b2776d9dd04cbe9c9b834d017758bcb,2017-10-21T10:59:15.000Z,0.00011679999999999999,0x88aeedeb907d0ae6426c252a48518eac12d09d03,sell,0x177d39ac676ed1c67a2b268ad7f1e58826e5b0af,0xc7094a5df1aa0b6131d569982efa645696cf33f706bb997b8d2a42d0093cd995
204,100,0.01168,0x488c49cb4b2776d9dd04cbe9c9b834d017758bcb,2017-10-21T09:55:44.000Z,0.0001168,0xad4b6c0ba1f966be4f4ea0c4ba3beb5f083973e5,sell,0x177d39ac676ed1c67a2b268ad7f1e58826e5b0af,0xa1df358b368961f1208f59f74d79d3f500b8bebbb6127005abe47028da4d49fd
205,11683.577199743297,1.4954978815671418,0xadea5a72b053ca28909ca773e5afcc9e6757f09e,2017-10-21T08:13:24.000Z,0.000128,0x583b640795999aa2bb22c1a62a91336ff9d325bb,buy,0x177d39ac676ed1c67a2b268ad7f1e58826e5b0af,0xecdef8c4f23564f84c1e4160b133f3bbbc5369d6dacfa2a857a631b780ad3409
206,29907.287409032,3.493171169374938,0x488c49cb4b2776d9dd04cbe9c9b834d017758bcb,2017-10-21T04:05:55.000Z,0.00011679999999999999,0xd5df9d386f0e1f3d02839f109f8f6f94c9701e73,sell,0x177d39ac676ed1c67a2b268ad7f1e58826e5b0af,0x4d72c11e9a3544711910dd0ff77f5c9513870e97ac9358b6dce2d0f3ec1502a9
207,596,0.085824,0xb46d36a05572784ae25a7e214fb8159f9dec5730,2017-10-21T02:58:38.000Z,0.000144,0x44bd8745ab637cad4fcd384fb3e72dad9ff5e627,buy,0x177d39ac676ed1c67a2b268ad7f1e58826e5b0af,0xcd48763da9efdae8d70fb1b1f571d4709c98c615b299227d755b5b782f04a4f1
208,84.689,0.010077991,0xb46d36a05572784ae25a7e214fb8159f9dec5730,2017-10-21T02:47:56.000Z,0.000119,0x0295e9b133f513f9df6e35efeef07a80238796e1,buy,0x177d39ac676ed1c67a2b268ad7f1e58826e5b0af,0x3c77a6f85555b874782ba95a3e799d53301e270626be31061aaf641ddcdc9ebf
209,40000,4.68,0x488c49cb4b2776d9dd04cbe9c9b834d017758bcb,2017-10-20T23:16:00.000Z,0.000117,0x0295e9b133f513f9df6e35efeef07a80238796e1,sell,0x177d39ac676ed1c67a2b268ad7f1e58826e5b0af,0x7aef926a03d0a35740b40dbdef9575d8b0f1207302db6edbf3a7d04cc2bc2e92
210,100,0.01285,0x2346ec020397e426a781d0ad2b55e6b71432808f,2017-10-20T23:03:31.000Z,0.0001285,0x73255d98f7ac75beb5397febd37db3b3650d8156,buy,0x177d39ac676ed1c67a2b268ad7f1e58826e5b0af,0xe41e59fa2afa6ed8ec4e167d0a59317b7360fd72b3aedcf049d0c2bf4bfad803
211,18416.430784279502,2.1915552633292608,0xfd0fe438cf033aab2a6998a95f2614d231ab8e04,2017-10-20T22:45:23.000Z,0.000119,0x0295e9b133f513f9df6e35efeef07a80238796e1,buy,0x177d39ac676ed1c67a2b268ad7f1e58826e5b0af,0xfebdf45aafeef49f5301d15b438c27beff872a84089e1efbe74b46739bcbb4e9
212,498.5,0.06114601,0x8d6e0a79003a9d49e68a6b82bbd497189f019905,2017-10-20T22:42:28.000Z,0.00012266,0x273a5d3e6721b9f5c1a6474f560c1334c63dda01,sell,0x177d39ac676ed1c67a2b268ad7f1e58826e5b0af,0x3c5e9ff4378e8d8717000b479fe57fe4fb3258db6bc017694d3ae5a477dcafc5
213,500,0.0595,0x273a5d3e6721b9f5c1a6474f560c1334c63dda01,2017-10-20T22:42:28.000Z,0.000119,0x0295e9b133f513f9df6e35efeef07a80238796e1,buy,0x177d39ac676ed1c67a2b268ad7f1e58826e5b0af,0x3c5e9ff4378e8d8717000b479fe57fe4fb3258db6bc017694d3ae5a477dcafc5
214,4900,0.5831,0x1da251119e3a70bcb4aed858bd2acccff2155077,2017-10-20T22:30:20.000Z,0.000119,0x0295e9b133f513f9df6e35efeef07a80238796e1,sell,0x177d39ac676ed1c67a2b268ad7f1e58826e5b0af,0x9a6931acd7cf43e63497066a81916fe30c00b146f0f2095bf9bfc3648dde2180
215,20000,2.3202,0x905e0578d5316b3597d3210b913e6f6309168272,2017-10-20T20:53:54.000Z,0.00011601,0x0295e9b133f513f9df6e35efeef07a80238796e1,sell,0x177d39ac676ed1c67a2b268ad7f1e58826e5b0af,0xb5abf38eaff54233dc5d71b464f1c34e4915afa7f553225094c9cfe6a49263f2
216,21623,2.529891,0x17c342d93ae3f44cdb81336b986f12046f912511,2017-10-20T20:52:28.000Z,0.000117,0x0295e9b133f513f9df6e35efeef07a80238796e1,sell,0x177d39ac676ed1c67a2b268ad7f1e58826e5b0af,0xf72c6e01bba365cb4749dad9ebb5aad5d2381dad32166cfa361c0f130b573214
217,24862.924932708604,2.884099292194198,0x73255d98f7ac75beb5397febd37db3b3650d8156,2017-10-20T18:28:27.000Z,0.00011599999999999999,0xab1580ee6c593d1ae69c8e80592160bcdb9f6c97,sell,0x177d39ac676ed1c67a2b268ad7f1e58826e5b0af,0xb8d30043f87338469c740e74aaa5f7f0584c52dc82ea6ada5fa787fcfb235d98
218,4419.857223238164,0.512703437895627,0x73255d98f7ac75beb5397febd37db3b3650d8156,2017-10-20T18:26:21.000Z,0.00011599999999999999,0x1ed014aec47fae44c9e55bac7662c0b78ae61798,sell,0x177d39ac676ed1c67a2b268ad7f1e58826e5b0af,0xa45ef3adb3bee86f22af0d6424ea20c60569782772cda9bb191502baa7c9f07d
219,20000,2.3202,0x905e0578d5316b3597d3210b913e6f6309168272,2017-10-20T18:21:39.000Z,0.00011601,0xab1580ee6c593d1ae69c8e80592160bcdb9f6c97,sell,0x177d39ac676ed1c67a2b268ad7f1e58826e5b0af,0x13954ef34f7db068a0dfded5f82f165a01ba7cf2e0c07cbf7891667845b64f81
220,2076.562655767122,0.23882962416508824,0x905e0578d5316b3597d3210b913e6f6309168272,2017-10-20T18:04:58.000Z,0.00011501199999999999,0x186dfb5b5d02cfe9ed2a0a08b4a053b4bda53426,sell,0x177d39ac676ed1c67a2b268ad7f1e58826e5b0af,0x3ab50b932f8fa6f974a0393818201d6d70d4cfb78c20a49f80d3e67709bf723a
221,19989,2.4886305,0xc4be71be9b6351290877ddd118b7653eff2dcad3,2017-10-20T16:11:48.000Z,0.0001245,0x9a6f4914a86b31cf3969160bbdbe053cd681e189,buy,0x177d39ac676ed1c67a2b268ad7f1e58826e5b0af,0x7ddfe95c30fdfa4773aac3218b56c4b12075f02d208b5240c6a202de2bd1be75
222,406,0.05042926,0xc4be71be9b6351290877ddd118b7653eff2dcad3,2017-10-20T16:11:22.000Z,0.00012421,0x89d5d673b99e89ce7f8a6f9dec80812db80e9944,buy,0x177d39ac676ed1c67a2b268ad7f1e58826e5b0af,0xc723b2ff63fcbb3908301408bd805f863c0eb85aa4515a665d13d83637c1a43f
223,594.1581098594357,0.0683341242149337,0x905e0578d5316b3597d3210b913e6f6309168272,2017-10-20T14:50:17.000Z,0.00011500999999999998,0x3b985dcb066a8e69eb25c2e1ade62579266f6717,sell,0x177d39ac676ed1c67a2b268ad7f1e58826e5b0af,0x7b8851b9126e8315b4c3c4c40cc95eed82487180fda6f28ad229e788e1a889c7
224,623.1,0.071662731,0x905e0578d5316b3597d3210b913e6f6309168272,2017-10-20T14:40:15.000Z,0.00011501,0x88eb88c3e05307a5dbff1a05416b3dd48667fe87,sell,0x177d39ac676ed1c67a2b268ad7f1e58826e5b0af,0x186c29dc053b970537382145de67804e3f517cf1b1c6da8c7816aec380d6738f
225,9283.324,1.06767509324,0x669f0ab96fd3beb68bc836bb874894bbb516331a,2017-10-20T14:17:43.000Z,0.00011501,0xd17de0673199570a64dfa5ba890841908cbd0f1a,buy,0x177d39ac676ed1c67a2b268ad7f1e58826e5b0af,0xc453fd19a79b5631b04e0a44d96e4a9a7424e457b55efe7f532029e93329f085
226,0.1953424935389705,0.000022466340181917,0x667938315d19f8ec5cb5827744be0eb878a39cf3,2017-10-20T14:15:19.000Z,0.00011501,0xd17de0673199570a64dfa5ba890841908cbd0f1a,buy,0x177d39ac676ed1c67a2b268ad7f1e58826e5b0af,0xa6a27f4855af304c58dda864ed103b94334628baf084c3e17e6553fbefbcd330
227,1959.4805526894042,0.22535985836480837,0x667938315d19f8ec5cb5827744be0eb878a39cf3,2017-10-20T14:14:10.000Z,0.00011501,0xd17de0673199570a64dfa5ba890841908cbd0f1a,buy,0x177d39ac676ed1c67a2b268ad7f1e58826e5b0af,0x730859168456b670e79cc7bf3378efd43c838dba7418917e9c632a33487be696
228,594.1581098594357,0.06838759844482105,0x905e0578d5316b3597d3210b913e6f6309168272,2017-10-20T08:16:48.000Z,0.00011509999999999999,0x1f4adb990573d37d3fe26b75a97e505a33985f4f,sell,0x177d39ac676ed1c67a2b268ad7f1e58826e5b0af,0x75c793f0c9d0bfc53666e457231fc6c8f5f83550bd93d3c5eceb719d22c557fd
229,4000,0.52,0x9686b715c13a005c20ecc30b0bbc3e15e4203ac0,2017-10-20T04:12:51.000Z,0.00013,0x76faf8f715f872f894b0f9185fd35d59eec16733,buy,0x177d39ac676ed1c67a2b268ad7f1e58826e5b0af,0x0696bf347669d3a95befd5c1fd9c5a8dfc3471c4487d145546b969bb36450614
230,13300,1.729,0x1e4a7832a4f589fb9c12e88a5aa8fbfd7ed077aa,2017-10-20T03:55:47.000Z,0.00013,0x76faf8f715f872f894b0f9185fd35d59eec16733,buy,0x177d39ac676ed1c67a2b268ad7f1e58826e5b0af,0x22bb7b5899ed8b6da7b903ab51abc94c842eb30a5f5f7874717047143f75a1eb
231,2000,0.258,0x1e4a7832a4f589fb9c12e88a5aa8fbfd7ed077aa,2017-10-20T03:54:30.000Z,0.000129,0x415236b6d278cdc48f336d7536cb2d2aaf778fc4,buy,0x177d39ac676ed1c67a2b268ad7f1e58826e5b0af,0x5edeae7e64942272bcfa53be39fc168d7f0139741333d9de582e51d09adfab8a
232,19.06763307131772,0.002097439637844949,0x1e4a7832a4f589fb9c12e88a5aa8fbfd7ed077aa,2017-10-20T03:54:30.000Z,0.00011,0x82d99d98115565d2a58e99fc53704cee56e3c0de,buy,0x177d39ac676ed1c67a2b268ad7f1e58826e5b0af,0xd583cbfbb53771f843481e848a64c784198969b3acaa25d694498246e1f56f26
233,388.79482376516194,0.04199022976146125,0x905e0578d5316b3597d3210b913e6f6309168272,2017-10-20T01:46:16.000Z,0.00010800099999999998,0x96e1e7ba823796772bbda5c2abe81c8556b5e937,sell,0x177d39ac676ed1c67a2b268ad7f1e58826e5b0af,0x9e4127628f9a8f785d8033370bffdabea8a30be76d2e2b8d3fbd6ac5c13b9275
234,10000,1.14999,0x9778550d76b07ac9f5e57392f68ecdf6efc1774e,2017-10-20T01:31:51.000Z,0.000114999,0xecfc7277fc570068de18787ea30bf30a76882eba,buy,0x177d39ac676ed1c67a2b268ad7f1e58826e5b0af,0x7d5947fce0030a4b5af80ec8c91b201b11028121479a87553976591f76dc9ae8
235,10000,1.146,0x905e0578d5316b3597d3210b913e6f6309168272,2017-10-20T01:28:03.000Z,0.0001146,0xecfc7277fc570068de18787ea30bf30a76882eba,buy,0x177d39ac676ed1c67a2b268ad7f1e58826e5b0af,0x3564fad23f0f32e7d68d365df0b337c41df0927b4c4d2460d4894bb3fe2690a1
236,5.999673738682282,0.000659964111255051,0x66de1d7ddcf88363b70ae695db4110671a1073ab,2017-10-20T01:27:02.000Z,0.00011,0x82d99d98115565d2a58e99fc53704cee56e3c0de,buy,0x177d39ac676ed1c67a2b268ad7f1e58826e5b0af,0xa3775e1380e5c4eb42ff58924b496757e568e24ed0b47b61b02fcde9fd371c47
237,9600,1.09056,0x667938315d19f8ec5cb5827744be0eb878a39cf3,2017-10-20T00:52:04.000Z,0.0001136,0xecfc7277fc570068de18787ea30bf30a76882eba,buy,0x177d39ac676ed1c67a2b268ad7f1e58826e5b0af,0x285ba36c73f10f4c64a65470faf26f190a5997b8cf3771c60ae00efaeacd88a2
238,400,0.04544,0x82d99d98115565d2a58e99fc53704cee56e3c0de,2017-10-19T23:38:55.000Z,0.0001136,0xecfc7277fc570068de18787ea30bf30a76882eba,buy,0x177d39ac676ed1c67a2b268ad7f1e58826e5b0af,0xb86410ef756466a6ffbdb0f64d18e93afc4ea2034cd5426e7d687648c49569cf
239,2800,0.3124744,0xfd0fe438cf033aab2a6998a95f2614d231ab8e04,2017-10-19T22:51:23.000Z,0.000111598,0xf0ddad1698eff75a3224765123bacde150fd825b,buy,0x177d39ac676ed1c67a2b268ad7f1e58826e5b0af,0x06b046075d5cd4c8e172fea152859d9a135ce236b28ba44fc8f240de3d7d114d
240,10000,1.126,0xfd0fe438cf033aab2a6998a95f2614d231ab8e04,2017-10-19T22:51:23.000Z,0.0001126,0xecfc7277fc570068de18787ea30bf30a76882eba,buy,0x177d39ac676ed1c67a2b268ad7f1e58826e5b0af,0x2526595df5a09ba067f0e9ada5680c5abe539eb14a0fd7ad7e414bfcdbcc300d
241,10000,1.116,0xfd0fe438cf033aab2a6998a95f2614d231ab8e04,2017-10-19T22:51:23.000Z,0.0001116,0xecfc7277fc570068de18787ea30bf30a76882eba,buy,0x177d39ac676ed1c67a2b268ad7f1e58826e5b0af,0x27b6f35ce24c670c56ff4613179c4f58bb29bd048921b98253cf1a4665daa117
242,1324,0.147754428,0xfd0fe438cf033aab2a6998a95f2614d231ab8e04,2017-10-19T22:51:03.000Z,0.000111597,0xad5b3fbc469313e21efe4117627a658424091b0a,buy,0x177d39ac676ed1c67a2b268ad7f1e58826e5b0af,0xe0be68c8f44338ff341ee6e791473567272589986febeb8f53e473c110305564
243,593.1612002791347,0.06081681786461968,0x905e0578d5316b3597d3210b913e6f6309168272,2017-10-19T20:03:34.000Z,0.00010253,0xad33f43cb3ddc2dbd5a5eb09b12423066041a219,sell,0x177d39ac676ed1c67a2b268ad7f1e58826e5b0af,0xb0b4e756f33f17a1ff582c3dfd5094fa9b5aef8d231014b479f17bdd8d2b4294
244,6.055398337926826,0.000620859991587637,0x905e0578d5316b3597d3210b913e6f6309168272,2017-10-19T19:53:29.000Z,0.00010252999999999991,0xf1083c2984e351c02e94ba4f19ae82c05db06f3c,sell,0x177d39ac676ed1c67a2b268ad7f1e58826e5b0af,0x8b98f9c449c5e4de01af12ff328bfbbb48523ba301dbf8ceec63bba2056095ab
245,594.1581098594357,0.0647632339746785,0x73255d98f7ac75beb5397febd37db3b3650d8156,2017-10-19T17:05:48.000Z,0.00010899999999999999,0x58ee1a13daa6f601d20091fc3d12a1f1c61943ac,sell,0x177d39ac676ed1c67a2b268ad7f1e58826e5b0af,0x937555c0c73628e1a4fc6a6166dc16f875703bf281f7955496f061ea644e268e
246,2800,0.2859444,0xf0ddad1698eff75a3224765123bacde150fd825b,2017-10-19T15:59:46.000Z,0.000102123,0xe2ef98d31fb9b7b45ec0224738a589b8f0dcc811,buy,0x177d39ac676ed1c67a2b268ad7f1e58826e5b0af,0x7c72b9682f7ec2acc056f1f6a76770a610d88703dd2f4097b94529e63cb106fd
247,1822.4883595628542,0.20338787843885497,0x2d0a564d8133e6ed752b7f36b74e105599ceab0b,2017-10-19T15:12:39.000Z,0.000111599,0x2af2e330c4a7169fa3779bc8f3de39e6b58a040e,buy,0x177d39ac676ed1c67a2b268ad7f1e58826e5b0af,0x062155ca269e6002bb354c8f4590da9e18a3375c59d8b24a3a762e542c2a69d8
248,3938.343825473392,0.4395152325790051,0x3efd9b0bd8e4595bc494539aca584821950106ee,2017-10-19T14:39:06.000Z,0.000111599,0x2af2e330c4a7169fa3779bc8f3de39e6b58a040e,buy,0x177d39ac676ed1c67a2b268ad7f1e58826e5b0af,0xa6ee20180711c2a4a5e9a9bdf7eedb87224c3ead63f4089a373a54fc763adc3b
249,200,0.0223198,0x3efd9b0bd8e4595bc494539aca584821950106ee,2017-10-19T14:33:06.000Z,0.000111599,0xad5b3fbc469313e21efe4117627a658424091b0a,buy,0x177d39ac676ed1c67a2b268ad7f1e58826e5b0af,0x6d0d879cdca61af51ceb63aa3db508bbeefa4b21b35d610f2023a5094060a3fe
250,5261.258814055652,0.5871512223897967,0xd5840247f1e80d7d5d262e4687db4fa683b9eed7,2017-10-19T14:29:37.000Z,0.00011159899999999999,0xad5b3fbc469313e21efe4117627a658424091b0a,sell,0x177d39ac676ed1c67a2b268ad7f1e58826e5b0af,0x184ec703c378093dad10dc3a7a93080e307effb9a3e511a067ed4b9b5a3b5b6b
251,728.7411859443481,0.0813267876102033,0xd5840247f1e80d7d5d262e4687db4fa683b9eed7,2017-10-19T14:24:17.000Z,0.00011159899999999999,0xf0ddad1698eff75a3224765123bacde150fd825b,sell,0x177d39ac676ed1c67a2b268ad7f1e58826e5b0af,0x27a2507735b5a0a0535dcb5289c3ebb4d60c89fa10b76ee52d6b9a5882f68bc0
252,266,0.02692186,0x905e0578d5316b3597d3210b913e6f6309168272,2017-10-19T14:00:00.000Z,0.00010121,0xcea5cd5cffada9d5c6a17c57b3656c7692994e5a,sell,0x177d39ac676ed1c67a2b268ad7f1e58826e5b0af,0x6892d1992b39c1367b079eb4091cdb141287a2573a36239c84c8584d1c4855ff
253,730.995,0.0764328372,0xf0ddad1698eff75a3224765123bacde150fd825b,2017-10-19T13:56:52.000Z,0.00010456,0xcea5cd5cffada9d5c6a17c57b3656c7692994e5a,sell,0x177d39ac676ed1c67a2b268ad7f1e58826e5b0af,0x39b597d68e060f777998f73646d336185a39317d3465aee7f5217e325516a5a7
254,18119.249327086032,1.9387596779982055,0x73255d98f7ac75beb5397febd37db3b3650d8156,2017-10-19T13:49:28.000Z,0.00010699999999999999,0x760244165612588d09acd6f0bb261ee551ea4f3d,sell,0x177d39ac676ed1c67a2b268ad7f1e58826e5b0af,0xdf3fbfdee7eef3ebdeaef667ea0e4b66d3c211daac38f99a633d72cf2a160733
255,607.4170072774399,0.06499361977868608,0x73255d98f7ac75beb5397febd37db3b3650d8156,2017-10-19T13:38:55.000Z,0.00010699999999999999,0x1099b992dffe76b4bdface01f3516aaca6309544,sell,0x177d39ac676ed1c67a2b268ad7f1e58826e5b0af,0xa3d35667f3a8487fb44e24867abc5dab3b3b78f3bb8354e447043f14870df8d5
256,1250,0.13949875,0x64db2a0348007280efec66b1ef48714307c4b95e,2017-10-19T13:38:05.000Z,0.000111599,0xad5b3fbc469313e21efe4117627a658424091b0a,buy,0x177d39ac676ed1c67a2b268ad7f1e58826e5b0af,0x92c7dc1576a5705bba42af5a1fc9124b4b3d8441217a2bffa2b424eb2ad53069
257,17143.924,1.88600307924,0x667938315d19f8ec5cb5827744be0eb878a39cf3,2017-10-19T13:31:19.000Z,0.00011001,0x2af2e330c4a7169fa3779bc8f3de39e6b58a040e,buy,0x177d39ac676ed1c67a2b268ad7f1e58826e5b0af,0x4449901a0948043b3716955b1211a94ad1d59fd0ac2a9d5fb269119dd814b781
258,19000,2.09019,0xf0ddad1698eff75a3224765123bacde150fd825b,2017-10-19T13:30:32.000Z,0.00011001,0x2af2e330c4a7169fa3779bc8f3de39e6b58a040e,buy,0x177d39ac676ed1c67a2b268ad7f1e58826e5b0af,0xdd63a904ecf84d920ea2bc726433a715094f617056a6db4eaf4cde552b1c4ec0
259,26773.319439573766,2.94533287154751,0x3fef3e85b09a340029b9eee96c63c239a22e7a36,2017-10-19T13:29:00.000Z,0.00011001,0x2af2e330c4a7169fa3779bc8f3de39e6b58a040e,buy,0x177d39ac676ed1c67a2b268ad7f1e58826e5b0af,0x94cfc6ffdf6b6686b6646bccc1e662047d56bcfbf95d985f2c0002888b3e05ce
260,46104.91829077752,5.072002061168434,0x2256c01a9c0e2de68cb7d27f7e39dc4e1c7d3783,2017-10-19T13:22:51.000Z,0.00011001,0x2af2e330c4a7169fa3779bc8f3de39e6b58a040e,buy,0x177d39ac676ed1c67a2b268ad7f1e58826e5b0af,0x840bb08de654255d48f6140661ece882b9a0d2815d7281663bb95ffcaddd3c8f
261,1,0.00012899,0x6cdea8e07bf82d7a07dbf36642d6e5be8623845c,2017-10-19T12:53:02.000Z,0.00012899,0xad5b3fbc469313e21efe4117627a658424091b0a,buy,0x177d39ac676ed1c67a2b268ad7f1e58826e5b0af,0xf89c2245b21c727980bcf0d6346b6463df01fcf37025e3275a2659f912c3dcd2
262,7999.202472335759,0.8799922639816569,0xad5b3fbc469313e21efe4117627a658424091b0a,2017-10-19T09:05:54.000Z,0.00011000999999999999,0x3fef3e85b09a340029b9eee96c63c239a22e7a36,sell,0x177d39ac676ed1c67a2b268ad7f1e58826e5b0af,0xb1e161bb973532042f28ccb151f7dcd9b9e31626f440338cb5172c53368c8278
263,10000,1.1,0x36c43802cfc5f674591e3ad961ce80ee91ddc465,2017-10-19T09:05:09.000Z,0.00011,0x3fef3e85b09a340029b9eee96c63c239a22e7a36,sell,0x177d39ac676ed1c67a2b268ad7f1e58826e5b0af,0xca5a45a639a3d8d476a73eec0af74b8e5ccd5dc989daeabb3a841d35c9721015
264,52.836207755956536,0.005812511215232778,0xad5b3fbc469313e21efe4117627a658424091b0a,2017-10-19T08:40:34.000Z,0.00011000999999999999,0xf0ddad1698eff75a3224765123bacde150fd825b,sell,0x177d39ac676ed1c67a2b268ad7f1e58826e5b0af,0xc9921bcf54e4d30915fc74581ad4fb6ccc196ecb1d84c114057de46a217dcec6
265,100,0.01395,0x8abf98207ad56cb4ec656502ce429fb0deabe671,2017-10-19T07:24:50.000Z,0.0001395,0xc43b0c4013131b17eccdcef96e6c873a21c3d087,buy,0x177d39ac676ed1c67a2b268ad7f1e58826e5b0af,0x6e1fa26fa37d27741a7ca721fe0f74c857d597ce4edc7403c07860eb5001f125
266,53,0.005305883,0xf0ddad1698eff75a3224765123bacde150fd825b,2017-10-19T05:03:56.000Z,0.000100111,0x084e761c962bf124017a02c57ab90da2415f33fa,sell,0x177d39ac676ed1c67a2b268ad7f1e58826e5b0af,0x563208a847e284669f3fc65fbe53a68ee8d5b830bea1d5bfe716d64e5d582f13
267,11070.42,1.27308722958,0x667938315d19f8ec5cb5827744be0eb878a39cf3,2017-10-19T04:46:00.000Z,0.000114999,0x0ad2ad23e388e5b9e472bbbb87477d6463b72c98,buy,0x177d39ac676ed1c67a2b268ad7f1e58826e5b0af,0x46411e73c8003dd7e20050663b78a910f83eaf40ae08b2d7f9f78d88ff81c229
268,700,0.0804993,0x1e4a7832a4f589fb9c12e88a5aa8fbfd7ed077aa,2017-10-19T04:01:33.000Z,0.000114999,0x0ad2ad23e388e5b9e472bbbb87477d6463b72c98,buy,0x177d39ac676ed1c67a2b268ad7f1e58826e5b0af,0x7b1b1004c0b6c62f3c5eace0b5d78b07cdb088118dbc2a833ca269d96800bcd4
269,1853.864,0.2124528144,0x1e4a7832a4f589fb9c12e88a5aa8fbfd7ed077aa,2017-10-19T04:00:49.000Z,0.0001146,0xfc495c0f3ef141cbb3355d86bd662be19ab3cf9a,buy,0x177d39ac676ed1c67a2b268ad7f1e58826e5b0af,0x11008b81507213049217291b377872d265a67dc59b20019db4bae6a9c9d64b24
270,34,0.0038896,0x1e4a7832a4f589fb9c12e88a5aa8fbfd7ed077aa,2017-10-19T03:59:40.000Z,0.0001144,0x7fccf060abf989d5675fa0a3dd7f5ee2a5945837,buy,0x177d39ac676ed1c67a2b268ad7f1e58826e5b0af,0x8dd489e4ad2d71223d0c3686118c0f4d73d589c5db326217da0dc9c0a3f4daeb
271,9000,1.034991,0x32ff50ab8faf349eb18b6535d639ebe9c38c54d4,2017-10-19T02:29:36.000Z,0.000114999,0x905e0578d5316b3597d3210b913e6f6309168272,sell,0x177d39ac676ed1c67a2b268ad7f1e58826e5b0af,0xbed345c98de3a78a64dd82956f17e77f1ff3876e9de910df7515ad6d45c4a27f
272,793.361,0.090443154,0x667938315d19f8ec5cb5827744be0eb878a39cf3,2017-10-19T02:10:36.000Z,0.000114,0x251287e0ff610c0813ee765fa6e61453d46b01ce,buy,0x177d39ac676ed1c67a2b268ad7f1e58826e5b0af,0x2cd552ec7a7f6b18f95bd9d21d90bd718cdf0700afd91e383cf2b965b07648c7
273,596,0.067348,0x667938315d19f8ec5cb5827744be0eb878a39cf3,2017-10-19T01:59:31.000Z,0.000113,0x5407440c855efee203bac302c775cf8cd982516b,buy,0x177d39ac676ed1c67a2b268ad7f1e58826e5b0af,0x4ac723caf9c27d82f2aef425059a221bb7d0e94efb7a73859aa0489465b28ee9
274,7418,0.8374922,0x667938315d19f8ec5cb5827744be0eb878a39cf3,2017-10-19T01:57:07.000Z,0.0001129,0xecfae215774fdb494d826b0a7419b9b50ac9c029,buy,0x177d39ac676ed1c67a2b268ad7f1e58826e5b0af,0xf25fcde09a5769910f76c837cc6371c071f792ec9fbccbfe51e0d946b6dfbb34
275,8227.921,0.781652495,0xf732b16f5aee6cd2db5b30a7a3860764a48b19ff,2017-10-19T01:07:13.000Z,0.000095,0x8e12c0703faae87342c03ad17196f30ddc525319,buy,0x177d39ac676ed1c67a2b268ad7f1e58826e5b0af,0xfa8c205054a7743d54773a80fd64d2f1dee4b331d5e20a98c044c1eb7f684d31
276,50000,4.75,0x273a5d3e6721b9f5c1a6474f560c1334c63dda01,2017-10-19T01:03:36.000Z,0.000095,0x8e12c0703faae87342c03ad17196f30ddc525319,buy,0x177d39ac676ed1c67a2b268ad7f1e58826e5b0af,0x55f1aabe8dbf89bad67a22e158a988bf95e0955afdfcd96785025517e9a8e04d
277,49850,4.786597,0x905e0578d5316b3597d3210b913e6f6309168272,2017-10-19T01:03:36.000Z,0.00009602,0x273a5d3e6721b9f5c1a6474f560c1334c63dda01,sell,0x177d39ac676ed1c67a2b268ad7f1e58826e5b0af,0x55f1aabe8dbf89bad67a22e158a988bf95e0955afdfcd96785025517e9a8e04d
278,100000,9.6,0x4115a16c445b1b6af4481338370370dfb6b1bfa3,2017-10-19T01:03:10.000Z,0.00009599999999999999,0xd445f61ebca3d6b4c57eef1f39fdab6595ef8972,sell,0x177d39ac676ed1c67a2b268ad7f1e58826e5b0af,0xf4b7bbe5f40a25c2f186d0aee2462ffaae4f857958f6e1fc0bfc6e47c0040533
279,100300.90270812437,9.528585757271815,0xd445f61ebca3d6b4c57eef1f39fdab6595ef8972,2017-10-19T01:03:10.000Z,0.000095,0x8e12c0703faae87342c03ad17196f30ddc525319,buy,0x177d39ac676ed1c67a2b268ad7f1e58826e5b0af,0xf4b7bbe5f40a25c2f186d0aee2462ffaae4f857958f6e1fc0bfc6e47c0040533
280,11628.950254211943,1.1082738460771608,0x905e0578d5316b3597d3210b913e6f6309168272,2017-10-18T18:42:04.000Z,0.00009530299999999999,0xb8e1ba2fd4fd2a58026ebc1f457a1e8bdc5f7431,sell,0x177d39ac676ed1c67a2b268ad7f1e58826e5b0af,0xf069ffd9fc5556d2bc5ab9ed787623bcded5a31afbb26e772b8323eadae32a7b
281,0.8942271398416893,0.000085221634881192,0x2256c01a9c0e2de68cb7d27f7e39dc4e1c7d3783,2017-10-18T16:40:58.000Z,0.00009530199999999924,0x186cb94ce56ff3d5a8e1c7f6d159b2b467554b8f,sell,0x177d39ac676ed1c67a2b268ad7f1e58826e5b0af,0x8f3f7183f541c25d699e81abe173c02b9a90bf7fb47ae46dcd9ee0e66c7ff9aa
282,8969.992439751986,0.8548582194932437,0x2256c01a9c0e2de68cb7d27f7e39dc4e1c7d3783,2017-10-18T16:40:16.000Z,0.00009530199999999999,0x186cb94ce56ff3d5a8e1c7f6d159b2b467554b8f,sell,0x177d39ac676ed1c67a2b268ad7f1e58826e5b0af,0x000e64b2a35e7fd7b4fa911c2406addf43d925c45b24b78ea8801b902a9e8834
283,1000,0.0954,0xccd41fd2dc66d60460351afad6297ea3d00b7fb9,2017-10-18T16:39:31.000Z,0.0000954,0x186cb94ce56ff3d5a8e1c7f6d159b2b467554b8f,sell,0x177d39ac676ed1c67a2b268ad7f1e58826e5b0af,0xa796c70c391ac1c35eb96c4e1d6e181a7f65fbe5c0acb5aa0602113359b7117e
284,1,0.0001145,0x3ac636ac5c3a2576156ac5f10066ca68abe0ad54,2017-10-18T16:16:04.000Z,0.0001145,0xecfae215774fdb494d826b0a7419b9b50ac9c029,buy,0x177d39ac676ed1c67a2b268ad7f1e58826e5b0af,0x4c37ed56e166deafb55893c529cb84d4db01de3419c7aa153f09f5f5c00eb606
285,4.385964912280702,0.0005,0x379374d13077e8867ef31803c37baf9785a17c00,2017-10-18T15:07:11.000Z,0.000114,0x251287e0ff610c0813ee765fa6e61453d46b01ce,buy,0x177d39ac676ed1c67a2b268ad7f1e58826e5b0af,0x2f47727aa65764bda1dab864d8aa1def015b03ce81449201c98f4d6379895c73
286,4.385964912280702,0.0005,0xf9695cd65d6dfdf257fab76a3eb0cb8f001971cc,2017-10-18T15:05:25.000Z,0.000114,0x251287e0ff610c0813ee765fa6e61453d46b01ce,buy,0x177d39ac676ed1c67a2b268ad7f1e58826e5b0af,0x1c8c7c42412572da19675becd0635183511ce063345b2a537903774436359479
287,3987.842078435824,0.3597432338956957,0x3dee4a4e076e8d82859d241db0baf46f112cfa23,2017-10-18T13:11:39.000Z,0.00009020999999999999,0xb809e3a1ad2ad892481d354eaa4b438330535eff,sell,0x177d39ac676ed1c67a2b268ad7f1e58826e5b0af,0x1a85935f264a8cf49b630ae9d74313db37bd89edeb0d1f557bffa27625d19b66
288,19750.803,1.876602796242,0x5ffea0a0aa0afedce3a40b79fb2372f9967d260d,2017-10-18T13:08:36.000Z,0.000095014,0xb809e3a1ad2ad892481d354eaa4b438330535eff,sell,0x177d39ac676ed1c67a2b268ad7f1e58826e5b0af,0x1477bd6e8aa2c5a1ca74d1f35aceca21c6672773a1499d0b2d709894fbc6489e
289,3262.532,0.310400557012,0x98e6abc306a6a04b67a274d7986d44760878fa48,2017-10-18T13:07:36.000Z,0.000095141,0xb809e3a1ad2ad892481d354eaa4b438330535eff,sell,0x177d39ac676ed1c67a2b268ad7f1e58826e5b0af,0x679e8e1cc1f2794fb8941dd77a6ade49fc8c2693a8918469b7cf9c7b47d10f89
290,3000,0.285603,0xe720e104718cd8fca00a21e5a3957d6ef81714da,2017-10-18T13:07:15.000Z,0.000095201,0xb809e3a1ad2ad892481d354eaa4b438330535eff,sell,0x177d39ac676ed1c67a2b268ad7f1e58826e5b0af,0x35134966d491cf457f4e6fc69b08ca9efd3e65f67d844c9c59b9e5f882f5d262
291,3500,0.33327,0xcb02af0226fe074711572c2cb3ddb963a0676af0,2017-10-18T13:06:39.000Z,0.00009522,0xb809e3a1ad2ad892481d354eaa4b438330535eff,sell,0x177d39ac676ed1c67a2b268ad7f1e58826e5b0af,0xac56d54b4c7481cc6cc021b8930b1352dbf1b2acb2145ff5c0bd5e7bea8294c3
292,1000,0.106,0xe878cfb91829c39767b02ec2148bddf1d0db4d20,2017-10-18T13:05:34.000Z,0.000106,0xb809e3a1ad2ad892481d354eaa4b438330535eff,sell,0x177d39ac676ed1c67a2b268ad7f1e58826e5b0af,0x1b60ca8b55e5ce8a50197263295f5565bd5bf688cb67f98ab65c93b961f719ed
293,65200,6.59172,0x1f681b750f96c6801cc03b8f237a4d9e35b87655,2017-10-18T13:04:53.000Z,0.0001011,0xb809e3a1ad2ad892481d354eaa4b438330535eff,sell,0x177d39ac676ed1c67a2b268ad7f1e58826e5b0af,0x12330fd2047a63a6932a538db3622f4206427cdc0e5b284ae9f14e0913d97043
294,3163.2517677625897,0.36061070152493524,0x24991b80b5d64f660affcafa9dca8a420715344a,2017-10-18T10:20:38.000Z,0.000114,0x251287e0ff610c0813ee765fa6e61453d46b01ce,buy,0x177d39ac676ed1c67a2b268ad7f1e58826e5b0af,0x1888f38839ba1122b6d45c4abea2ffab2cd977acb583ce0baa32cdb68344b237
295,4000,0.4556,0x24991b80b5d64f660affcafa9dca8a420715344a,2017-10-18T09:27:14.000Z,0.0001139,0x2b2db73e653fc1e689a2604fb33ff96f2cc63a6b,buy,0x177d39ac676ed1c67a2b268ad7f1e58826e5b0af,0xcac7ae0aee5a1ec99a077b70e27aaf95c085bb99452da3779ab5483eef0020b5
296,18070,2.067208,0x24991b80b5d64f660affcafa9dca8a420715344a,2017-10-18T08:40:05.000Z,0.0001144,0x9a6f4914a86b31cf3969160bbdbe053cd681e189,buy,0x177d39ac676ed1c67a2b268ad7f1e58826e5b0af,0x4cfda8954aab244a5674de3c88ce157cbc0497f73ed03cafe6160a742e7f7903
297,400,0.04576,0xd9d31df1ad33082bea633e6a310bdfd4c64b60e2,2017-10-18T07:41:34.000Z,0.0001144,0x7fccf060abf989d5675fa0a3dd7f5ee2a5945837,buy,0x177d39ac676ed1c67a2b268ad7f1e58826e5b0af,0x756b048e7f6ddd1cfbc3674ab11035e6d118cd0a5247e7e7b0a036a56bd60583
298,1124.584,0.128764868,0xd9d31df1ad33082bea633e6a310bdfd4c64b60e2,2017-10-18T07:20:46.000Z,0.0001145,0xecfae215774fdb494d826b0a7419b9b50ac9c029,buy,0x177d39ac676ed1c67a2b268ad7f1e58826e5b0af,0xe33698e51fb538fd8fc50643cbcd3622398b658499e5d8fde8820557b24596b9
299,33.09867686278731,0.003177472978827581,0x24991b80b5d64f660affcafa9dca8a420715344a,2017-10-18T06:03:43.000Z,0.00009599999999999998,0x6b55ba37b1c6e2fc594e4904af99a24cdcdd693f,sell,0x177d39ac676ed1c67a2b268ad7f1e58826e5b0af,0x7fb54d9b226a838f30714378f5a3bf90b6b0491ac8f68a87896de3c5aac08996
300,2000,0.229,0x5f4e21c3c3c7225b65981d6ee772696f809ccc37,2017-10-18T05:51:43.000Z,0.0001145,0xecfae215774fdb494d826b0a7419b9b50ac9c029,buy,0x177d39ac676ed1c67a2b268ad7f1e58826e5b0af,0xec987477040934c0696aa9f367321e933c25a34d72cba976c007ceacc051aa92
301,65.60191150442478,0.007413015999999999,0x32ff50ab8faf349eb18b6535d639ebe9c38c54d4,2017-10-18T05:49:48.000Z,0.00011299999999999998,0x6b55ba37b1c6e2fc594e4904af99a24cdcdd693f,sell,0x177d39ac676ed1c67a2b268ad7f1e58826e5b0af,0xd7bbff2482328304f7f5cfb9a1c36d1c62e0d1c5c2c12cb43f55bb72033f1752
302,7899,0.892587,0x32ff50ab8faf349eb18b6535d639ebe9c38c54d4,2017-10-18T05:42:58.000Z,0.000113,0x905e0578d5316b3597d3210b913e6f6309168272,sell,0x177d39ac676ed1c67a2b268ad7f1e58826e5b0af,0x12d62cc8a4d2c64d46e3a88c74806c96b80f0c383a13e56955f55fa52ca33d89
303,8218.375691001394,0.9286764530831575,0x24991b80b5d64f660affcafa9dca8a420715344a,2017-10-18T04:55:19.000Z,0.000113,0x402a308b2494cff493a142fae98889ba6466bfa4,buy,0x177d39ac676ed1c67a2b268ad7f1e58826e5b0af,0x7982d68e28a153a8618506271aa54b2fbe84fb6c948e1a122360a2e20b2c0ab4
304,9920.484325010666,0.9438348786815148,0xd63f3945dde8dc7198588c2918cd7ead8a6e9211,2017-10-18T03:48:05.000Z,0.00009513999999999999,0xef15288173a751cad574132dbba558db30e14fca,sell,0x177d39ac676ed1c67a2b268ad7f1e58826e5b0af,0xb5c1fb3f019f1cab6d9f9cb1444fa10f34b1b077e60d323e6fea3f9d626560cc
305,49999.26,4.7564296038,0x0ce4b16411b408bc9f06d456175db3cc79b25299,2017-10-18T03:47:25.000Z,0.00009513,0xef15288173a751cad574132dbba558db30e14fca,sell,0x177d39ac676ed1c67a2b268ad7f1e58826e5b0af,0xc712b236358b979a69ff24c22d1e674bd717b369081d4f09443fa1f4812ca24b
306,26.02430899860576,0.002940746916842451,0x0ebf057982d2d49b897b579ea477d1c75baac7c9,2017-10-18T02:35:02.000Z,0.000113,0x402a308b2494cff493a142fae98889ba6466bfa4,buy,0x177d39ac676ed1c67a2b268ad7f1e58826e5b0af,0x3940ba1dca897a9d78338fbf32cb9a32595d83521ce173860eb42ddb608abd54
307,0.7397022202786104,0.000070367872215104,0x0ce4b16411b408bc9f06d456175db3cc79b25299,2017-10-18T00:38:31.000Z,0.00009512999999999972,0xfcc6cc4e84ab5a251ec4f388b86daf8e25eb71cb,sell,0x177d39ac676ed1c67a2b268ad7f1e58826e5b0af,0x929e876d66ec8decf354c5a818edcdd2be6bd66893bcce28f9e6a60e755b8b58
308,3,0.000339,0x359a434bcd08ddc98f2f0ecbf5990cf922e953e6,2017-10-17T23:52:01.000Z,0.000113,0x402a308b2494cff493a142fae98889ba6466bfa4,buy,0x177d39ac676ed1c67a2b268ad7f1e58826e5b0af,0x88c3d1f4a7b207f76533b120ec9ff853cfb630981c0cbcd658a94f143d20fae2
309,249.1965863852165,0.02367716445880496,0x5ffea0a0aa0afedce3a40b79fb2372f9967d260d,2017-10-17T20:25:33.000Z,0.000095014,0x9d384fe998564e20926deb1f9bcafcc071cdd4e9,sell,0x177d39ac676ed1c67a2b268ad7f1e58826e5b0af,0xa210c8f16033f84a00f8973d7f3d43443c46171517c6c2754bec03c8fc9fc78b
310,4.310344827586207,0.0005,0x16e5d97bbc92417e051e3b2cabfbf8ceea2acb9c,2017-10-17T17:22:16.000Z,0.000116,0x402a308b2494cff493a142fae98889ba6466bfa4,buy,0x177d39ac676ed1c67a2b268ad7f1e58826e5b0af,0x5fc2648ab765eef3e29ce8e0f252145ac0c366403704e7bca2ed1c7261141051
311,594.1581098594357,0.05645155617585485,0x905e0578d5316b3597d3210b913e6f6309168272,2017-10-17T16:53:41.000Z,0.00009501099999999999,0x61ca5f6de06a78dc4e281f43c2a6546d05408cd8,sell,0x177d39ac676ed1c67a2b268ad7f1e58826e5b0af,0xdef2a1f501930b85092bcaac9032a94751e7a333c2995acd6096560a6299b8d7
312,345.92762436447015,0.03286312431462466,0x2256c01a9c0e2de68cb7d27f7e39dc4e1c7d3783,2017-10-17T14:44:07.000Z,0.00009499999999999999,0xf78999d7ea65487d738a2cc0cc5dca706e2d723a,sell,0x177d39ac676ed1c67a2b268ad7f1e58826e5b0af,0x865ead2af0886e2fec853de8b72d35930534d410b26142b8b78173e84532fcf5
313,8000,0.76,0x2256c01a9c0e2de68cb7d27f7e39dc4e1c7d3783,2017-10-17T12:50:41.000Z,0.000095,0xf912c3cefece5e6fc80dcf26e367e18e64205b2e,sell,0x177d39ac676ed1c67a2b268ad7f1e58826e5b0af,0x3179c204f9d1dffa09744d8cd8ab4817d837306039f7b558b79dbb07ff64854f
314,10000,0.95,0x905e0578d5316b3597d3210b913e6f6309168272,2017-10-17T12:44:56.000Z,0.000095,0xf912c3cefece5e6fc80dcf26e367e18e64205b2e,sell,0x177d39ac676ed1c67a2b268ad7f1e58826e5b0af,0xcf1ec33b6b13f5db089d8419674e9def241dbf1ba1b3a9794f410abf47edbed2
315,10000,0.95,0x905e0578d5316b3597d3210b913e6f6309168272,2017-10-17T12:44:51.000Z,0.000095,0xf912c3cefece5e6fc80dcf26e367e18e64205b2e,sell,0x177d39ac676ed1c67a2b268ad7f1e58826e5b0af,0xcf1ec33b6b13f5db089d8419674e9def241dbf1ba1b3a9794f410abf47edbed2
316,2000,0.16,0x76faf8f715f872f894b0f9185fd35d59eec16733,2017-10-17T12:30:51.000Z,0.00008,0x084e761c962bf124017a02c57ab90da2415f33fa,sell,0x177d39ac676ed1c67a2b268ad7f1e58826e5b0af,0x1f04b79786f783faf9cbe2a6491413188df2887b2bfa6eef5957bf610117ec98
317,300,0.024,0x76faf8f715f872f894b0f9185fd35d59eec16733,2017-10-17T12:29:13.000Z,0.00008,0x084e761c962bf124017a02c57ab90da2415f33fa,sell,0x177d39ac676ed1c67a2b268ad7f1e58826e5b0af,0x03cb7377249c04c13e2d99d6a18de8e7e2fe08e902521e4f51481398e75a3954
318,68.991,0.007313046,0x0ebf057982d2d49b897b579ea477d1c75baac7c9,2017-10-17T11:48:14.000Z,0.000106,0xf912c3cefece5e6fc80dcf26e367e18e64205b2e,sell,0x177d39ac676ed1c67a2b268ad7f1e58826e5b0af,0x9da53ab43ba96bf95b1f6d8cebf9690705f8b0c02b57826eedb75b5c4ee8a4a8
319,10000,0.9,0x905e0578d5316b3597d3210b913e6f6309168272,2017-10-17T11:48:14.000Z,0.00009,0xf912c3cefece5e6fc80dcf26e367e18e64205b2e,sell,0x177d39ac676ed1c67a2b268ad7f1e58826e5b0af,0x0f6ece77277f23b95d725781622557ca14f04cc23ea7ea3c645dd7103659f75d
320,31568,2.99896,0x2256c01a9c0e2de68cb7d27f7e39dc4e1c7d3783,2017-10-17T11:47:53.000Z,0.000095,0xf912c3cefece5e6fc80dcf26e367e18e64205b2e,sell,0x177d39ac676ed1c67a2b268ad7f1e58826e5b0af,0x8b8227384cc5e934264fe6df13dee607b8b00b9feae3355c04e947057b00f9bb
321,1350,0.1284525,0x64ce37c19d644a578b3c5d995c097c0899610c0d,2017-10-17T11:41:08.000Z,0.00009515,0xf912c3cefece5e6fc80dcf26e367e18e64205b2e,sell,0x177d39ac676ed1c67a2b268ad7f1e58826e5b0af,0xb85307e3f31c9ed3540d83958cba8857b8aeea0e3fe9f14ba11466f5c361c026
322,2030.186,0.19286767,0xa431f0835cb23225f61a48e63f8181d1afc65795,2017-10-17T11:40:17.000Z,0.000095,0xf912c3cefece5e6fc80dcf26e367e18e64205b2e,sell,0x177d39ac676ed1c67a2b268ad7f1e58826e5b0af,0x7083b0fe7fef6af87843bf2fc18606f98ea6eb00cd687eb58404b019a5469fdf
323,10000,0.9501,0x905e0578d5316b3597d3210b913e6f6309168272,2017-10-17T11:39:15.000Z,0.00009501,0xf912c3cefece5e6fc80dcf26e367e18e64205b2e,sell,0x177d39ac676ed1c67a2b268ad7f1e58826e5b0af,0x5818bdaec2adc66e612c5e811c83c1c3c39304ba2ec77e31e3f592e2f2ce688c
324,1116.298874379907,0.11944397955865005,0x415236b6d278cdc48f336d7536cb2d2aaf778fc4,2017-10-17T11:33:27.000Z,0.00010699999999999999,0xf912c3cefece5e6fc80dcf26e367e18e64205b2e,sell,0x177d39ac676ed1c67a2b268ad7f1e58826e5b0af,0xa5cca4bcc23188f2cf5f047e38f5c5a9ed982883706ddc97452484f27332e166
325,10631.311,1.0652573622,0xa431f0835cb23225f61a48e63f8181d1afc65795,2017-10-17T11:29:27.000Z,0.0001002,0xf912c3cefece5e6fc80dcf26e367e18e64205b2e,sell,0x177d39ac676ed1c67a2b268ad7f1e58826e5b0af,0x7294ec557f2465ef8b5ab341eeac4b90fa7441345dfdac3854fccd45b07eacf4
326,10000,1.004,0x3dee4a4e076e8d82859d241db0baf46f112cfa23,2017-10-17T11:28:47.000Z,0.0001004,0xf912c3cefece5e6fc80dcf26e367e18e64205b2e,sell,0x177d39ac676ed1c67a2b268ad7f1e58826e5b0af,0x6304f55732456441e0530923193f8dc8ac0a09eaabb1f40ed2631bf837a125be
327,3000,0.321009,0x554d82c9eb9599e2d18dd5fc2932585015028f3f,2017-10-17T11:28:47.000Z,0.000107003,0xf912c3cefece5e6fc80dcf26e367e18e64205b2e,sell,0x177d39ac676ed1c67a2b268ad7f1e58826e5b0af,0xc9dc5d008a0abe73698f1fcc55c7a26686dce1fe564d0ce374eb8337bd3b3ae5
328,20000,2.006,0x905e0578d5316b3597d3210b913e6f6309168272,2017-10-17T11:28:26.000Z,0.0001003,0xf912c3cefece5e6fc80dcf26e367e18e64205b2e,sell,0x177d39ac676ed1c67a2b268ad7f1e58826e5b0af,0xe66b7be7449a70816602e68442519b977e70c9fe1b152ada25b693dfd79d6ca7
329,50000,4.8,0x0ce4b16411b408bc9f06d456175db3cc79b25299,2017-10-17T11:27:26.000Z,0.000096,0xf912c3cefece5e6fc80dcf26e367e18e64205b2e,sell,0x177d39ac676ed1c67a2b268ad7f1e58826e5b0af,0x51b519f27b21a1654a5459fb7283843c583df04ac739e0f4306d70cc7d5893cd
330,883.7011256200931,0.09455602044134996,0x415236b6d278cdc48f336d7536cb2d2aaf778fc4,2017-10-17T08:37:17.000Z,0.00010699999999999999,0xf735e0fb87a3e556fa34cef82158a3c19d980964,sell,0x177d39ac676ed1c67a2b268ad7f1e58826e5b0af,0x46dd720ca9abd353b5d6e212acd9baa3e850a4323c13ae4c89abc196efc96d57
331,2200,0.2354022,0x8b3d10d73b0d1cf9d16d05265599d64e33f11b45,2017-10-17T08:34:48.000Z,0.000107001,0xf735e0fb87a3e556fa34cef82158a3c19d980964,sell,0x177d39ac676ed1c67a2b268ad7f1e58826e5b0af,0xe8b62e903751334659aa285d7865f7165b6d1ca40b716bf3803c9cb7d31e6d1d
332,4000,0.4756,0xc70e2fcbdeb5ff3aeef541e89afd36dee7ef59e8,2017-10-17T06:47:13.000Z,0.0001189,0x251287e0ff610c0813ee765fa6e61453d46b01ce,buy,0x177d39ac676ed1c67a2b268ad7f1e58826e5b0af,0xf326c4f6bb134298b21a84c5026512d480108e5bcc4f0979e60189616df1de16
333,4.177144337045422,0.0005,0xcd912af5286dc0b0a23edb30209734ecb60838b3,2017-10-17T05:01:54.000Z,0.000119699,0x8b3d10d73b0d1cf9d16d05265599d64e33f11b45,buy,0x177d39ac676ed1c67a2b268ad7f1e58826e5b0af,0xa5dfefeaf2b7f66517b7a681b2652c57d8a983cf97ceb919ec3c6d32fdf05b81
334,10,0.001198,0xf6a7222207c2e93d2013c76310316b5204fe89f5,2017-10-17T02:27:09.000Z,0.0001198,0x415236b6d278cdc48f336d7536cb2d2aaf778fc4,sell,0x177d39ac676ed1c67a2b268ad7f1e58826e5b0af,0xa067788867592d3a6e3fe0c8a00a92eb14f981c38d37f642044f1d8fcd6e7339
335,2904.263,0.2904263,0x78629211c652164cd55c6a0fe1efe7bc09de3413,2017-10-17T00:37:36.000Z,0.0001,0xfa48030f5b42241ff3c3fe284766ab8b77dba08c,buy,0x177d39ac676ed1c67a2b268ad7f1e58826e5b0af,0x1e5549331f2ec6ca4e90dd952510c10846a86f7b2ebdeaa06f975b309bc39d1a
336,0.000284392071911793,0.000000030145559622,0x0ebf057982d2d49b897b579ea477d1c75baac7c9,2017-10-16T22:07:20.000Z,0.0001059999999977142,0x7da66d9da789442a7ac2d5ba435ea51840cc8fc6,sell,0x177d39ac676ed1c67a2b268ad7f1e58826e5b0af,0xfa6fb7ac0dfc4f0a9b33020c5071e96f1cb4144511c0dd23c39f2a5c1cb0615b
337,1.688764829030007,0.000169214235868806,0xa431f0835cb23225f61a48e63f8181d1afc65795,2017-10-16T15:46:06.000Z,0.00010019999999999958,0xd47c5ad23d51932c1a7b1ff0e6f4da9e76f9355f,sell,0x177d39ac676ed1c67a2b268ad7f1e58826e5b0af,0xb59e08560dc464413e72cc3b1f8f8646b4028dce6bbf493b15be2660c06d2ecf
338,1754,0.1757508,0xa431f0835cb23225f61a48e63f8181d1afc65795,2017-10-16T15:44:38.000Z,0.0001002,0xd47c5ad23d51932c1a7b1ff0e6f4da9e76f9355f,sell,0x177d39ac676ed1c67a2b268ad7f1e58826e5b0af,0x81340094f6b7c33e6e729f3ee4e8b91fa95083f24d5bd52045a38a34e1b88121
339,30000,2.88,0x0ce4b16411b408bc9f06d456175db3cc79b25299,2017-10-16T15:42:39.000Z,0.000096,0xd47c5ad23d51932c1a7b1ff0e6f4da9e76f9355f,sell,0x177d39ac676ed1c67a2b268ad7f1e58826e5b0af,0xf32854cc51c0f4425c19fef5122e9f904d482e2859274a9195254e3e60b6e38c
340,5613,0.5624226,0xa431f0835cb23225f61a48e63f8181d1afc65795,2017-10-16T14:45:16.000Z,0.0001002,0xe0f28919f5025218c7b36c25d862ce413b5aab3f,sell,0x177d39ac676ed1c67a2b268ad7f1e58826e5b0af,0xdd37ebc979808da9ed5442650653894f35b888338779a7696d38742214a425a2
341,19000,1.995,0xe0e36cb3f35030c784ea07576593357f891bf694,2017-10-16T14:34:54.000Z,0.000105,0xe0f28919f5025218c7b36c25d862ce413b5aab3f,sell,0x177d39ac676ed1c67a2b268ad7f1e58826e5b0af,0xf41ff1d9abd6af1daf817c8a4f79136d50cd06d03b4c431b81006baded964aeb
342,11834.021,1.242572205,0x03d9ec148edb3c6a4b250e0023fd6a311833bb08,2017-10-16T14:34:42.000Z,0.000105,0xe0f28919f5025218c7b36c25d862ce413b5aab3f,sell,0x177d39ac676ed1c67a2b268ad7f1e58826e5b0af,0x26f8f9b3e6a245ebdf9d49da70e8e0b3244fe1bc957e34d0c2a1f0c35790f76b
343,362.28836108064996,0.0384025662745489,0x0ebf057982d2d49b897b579ea477d1c75baac7c9,2017-10-16T14:00:53.000Z,0.00010599999999999999,0x7feca3bbf8527b01a407c2b303ebdec4cef55947,sell,0x177d39ac676ed1c67a2b268ad7f1e58826e5b0af,0xb2940a79baac1086b130ffafb8da2bb0252138bab6729b33c9163eaa0655d4f1
344,169.495,0.018000369,0x554d82c9eb9599e2d18dd5fc2932585015028f3f,2017-10-16T13:58:36.000Z,0.0001062,0x7feca3bbf8527b01a407c2b303ebdec4cef55947,sell,0x177d39ac676ed1c67a2b268ad7f1e58826e5b0af,0xb2769e330b8f2b96ef18c1e2dad9e5a768aae18a689c48ab05c6b5d3283f1ba5
345,594.1581098594357,0.062386601535240754,0x03d9ec148edb3c6a4b250e0023fd6a311833bb08,2017-10-16T07:22:55.000Z,0.00010499999999999999,0x5eae8b8ed0f1404eb730f2fb228782b50bc1721c,sell,0x177d39ac676ed1c67a2b268ad7f1e58826e5b0af,0x855ec64734f15071c333a501fc52d7cdf68dc9e476faccc336877ccb33ceeedb
346,1918.7201246136976,0.20338433320905194,0x0ebf057982d2d49b897b579ea477d1c75baac7c9,2017-10-16T05:09:53.000Z,0.00010599999999999999,0x860cc66aaeaa70668e319c7a2812078d406ecf85,sell,0x177d39ac676ed1c67a2b268ad7f1e58826e5b0af,0x60bd9096a40cad00cccb673fe11476ed2b509b2f872db5952baf575c8aeade3f
347,875.4163506594346,0.10329912937781328,0xd9d31df1ad33082bea633e6a310bdfd4c64b60e2,2017-10-16T05:05:02.000Z,0.000118,0x76faf8f715f872f894b0f9185fd35d59eec16733,buy,0x177d39ac676ed1c67a2b268ad7f1e58826e5b0af,0x99ab609b83f9a854e2c73200a9c4f675ec1cee0533a46b49d0dea3696c7ba0f1
348,9.993,0.001109223,0xa7bf116c833979558ec2fcea4470f5bf022ca601,2017-10-16T04:37:59.000Z,0.000111,0x860cc66aaeaa70668e319c7a2812078d406ecf85,sell,0x177d39ac676ed1c67a2b268ad7f1e58826e5b0af,0xc10d222c3eb7c240ae38c6017de2ef58a31dd77fda9729722de3e268c0ff4897
349,15.288,0.001803984,0x32ff50ab8faf349eb18b6535d639ebe9c38c54d4,2017-10-16T04:36:10.000Z,0.000118,0x860cc66aaeaa70668e319c7a2812078d406ecf85,sell,0x177d39ac676ed1c67a2b268ad7f1e58826e5b0af,0xe27c07d634f8b96f6f3250911ac95de149d30e9d7d144944db0ea437f90c4621
350,4222,0.498196,0x32ff50ab8faf349eb18b6535d639ebe9c38c54d4,2017-10-16T04:13:30.000Z,0.000118,0x860cc66aaeaa70668e319c7a2812078d406ecf85,sell,0x177d39ac676ed1c67a2b268ad7f1e58826e5b0af,0x729ae887344e4d921dbee6f97516d2264c4f78b6eacb471af988718e5004a518
351,14953.643704516,1.57013258897418,0x03d9ec148edb3c6a4b250e0023fd6a311833bb08,2017-10-16T03:40:21.000Z,0.00010499999999999999,0xdc37b022ad51787e1f988380a9f23df919553c3d,sell,0x177d39ac676ed1c67a2b268ad7f1e58826e5b0af,0x7956f58c3463c82d9235ba102f90fa4dfe63a568bfcb8a3f10b6bef522dd5e00
352,250,0.03,0x09fee62f5823d863a71094259d279ee0f49e1b17,2017-10-16T01:49:47.000Z,0.00012,0x905e0578d5316b3597d3210b913e6f6309168272,buy,0x177d39ac676ed1c67a2b268ad7f1e58826e5b0af,0xca67d511444fec0a4cf2ebedfb405bb7250a202a0fcc46c4016464c77df2cacd
353,390.2694233603319,0.046832330803239834,0xb0c2549fb5eb640035eb185339c564d0e2c4e504,2017-10-15T21:43:20.000Z,0.00012,0x905e0578d5316b3597d3210b913e6f6309168272,buy,0x177d39ac676ed1c67a2b268ad7f1e58826e5b0af,0x053b0de53318354e356a9e2f2fefbb0f48a6485b6475f0935350ce62660978b7
354,622.7130842578067,0.0653848738470697,0x03d9ec148edb3c6a4b250e0023fd6a311833bb08,2017-10-15T20:06:44.000Z,0.000105,0x38449f7b41793eedc220eb6307a36ebd1ebb7fca,sell,0x177d39ac676ed1c67a2b268ad7f1e58826e5b0af,0xaee85fd56abb6850c0851d3ed3bff16f1bd482ea403e3665256a5a51e991d54c
355,495.4640614096301,0.05202372644801116,0x03d9ec148edb3c6a4b250e0023fd6a311833bb08,2017-10-15T19:08:59.000Z,0.00010499999999999999,0x3c0ffdd74190942dfe6b3c2f15518c27d98aa260,sell,0x177d39ac676ed1c67a2b268ad7f1e58826e5b0af,0x3fabdaa9136648b3c39adcff75c03867c4e0ee1179ba8c0bff542d134dd55da8
356,375,0.041625,0xa7bf116c833979558ec2fcea4470f5bf022ca601,2017-10-15T18:25:36.000Z,0.000111,0x38449f7b41793eedc220eb6307a36ebd1ebb7fca,sell,0x177d39ac676ed1c67a2b268ad7f1e58826e5b0af,0x3ac1a8cf3717fc70834e7c9d03eb358b914b15776d85c9dd916026c9ca1df856
357,1495,0.165945,0xa7bf116c833979558ec2fcea4470f5bf022ca601,2017-10-15T16:32:11.000Z,0.000111,0x38449f7b41793eedc220eb6307a36ebd1ebb7fca,sell,0x177d39ac676ed1c67a2b268ad7f1e58826e5b0af,0x456266dd2448a3bfbf3cfaeaba348670e387b127c0f779fed0ae683edc21d751
358,1400,0.168,0xd9d31df1ad33082bea633e6a310bdfd4c64b60e2,2017-10-15T13:24:55.000Z,0.00012,0x905e0578d5316b3597d3210b913e6f6309168272,buy,0x177d39ac676ed1c67a2b268ad7f1e58826e5b0af,0xc603574f9210e66ec0b9b8b7ff8742d880a1e455c5fa0cf73dc2e37eaa995685
359,1000,0.12,0x8909e1a4f31fc2214ea6c4a917268b833b00c000,2017-10-15T12:29:42.000Z,0.00012,0x905e0578d5316b3597d3210b913e6f6309168272,buy,0x177d39ac676ed1c67a2b268ad7f1e58826e5b0af,0x9acca478e5d471ae16421be4d9d6dde067acb53688503127dc9f65ae1ce0aa2a
360,496.95942578008174,0.05521219220416708,0x8b3d10d73b0d1cf9d16d05265599d64e33f11b45,2017-10-15T12:05:47.000Z,0.00011109999999999999,0x75a806b24bc98132314195627979900665f3a826,sell,0x177d39ac676ed1c67a2b268ad7f1e58826e5b0af,0x4fe7709ec9ee939089c69765eed5d45ca35586440691a2e0f87f465b093c1ad2
361,6870.229,0.899999999,0xf1b5aaddae67b029ba98b85d161f9d214ebc0be0,2017-10-15T08:08:57.000Z,0.000131,0x335c0552eb130f3dfbe6efcb4d2895aed1e9938b,buy,0x177d39ac676ed1c67a2b268ad7f1e58826e5b0af,0x5face7972b6ef257e3bf766da03b32ed445c138e0eeda701b0ebf7aba7b76148
362,1000,0.132,0x8b3d10d73b0d1cf9d16d05265599d64e33f11b45,2017-10-15T07:23:16.000Z,0.000132,0x00c0798c0df1e87069417e76b8ca4fa089d051f1,buy,0x177d39ac676ed1c67a2b268ad7f1e58826e5b0af,0xfb45e098699e4cf3c89e351e0c4b11cd8d0b83653d29d37ff3e2bb8c3356df93
363,1987,0.262282013,0x8b3d10d73b0d1cf9d16d05265599d64e33f11b45,2017-10-15T07:13:42.000Z,0.000131999,0x460f2121b7fe447c847145095d6d1333e6449f43,buy,0x177d39ac676ed1c67a2b268ad7f1e58826e5b0af,0x77005ae681133c8aa718082b5269eb10426b96d24d077dbdfc7a86bafe8d3f4d
364,3787.879,0.500000028,0xf25a8132aa95ea47359c5b7367893666d00d2d3d,2017-10-15T05:52:33.000Z,0.000132,0x00c0798c0df1e87069417e76b8ca4fa089d051f1,buy,0x177d39ac676ed1c67a2b268ad7f1e58826e5b0af,0x12fc614aa0dd8528a920586c4f9073ea611ec4e8efb202cfdfa2b36d10c87ae1
365,6660.875887614714,0.8792356171651422,0x3a09d02eae540e87c0ce20b3d04e7850bd54e48e,2017-10-15T05:14:36.000Z,0.000132,0x00c0798c0df1e87069417e76b8ca4fa089d051f1,buy,0x177d39ac676ed1c67a2b268ad7f1e58826e5b0af,0x3163c8842b013b786f9b04f7b0764ec3da849992ca31b76fb53881c5128d55bd
366,4138.31771407471,0.4965981256889652,0x3a09d02eae540e87c0ce20b3d04e7850bd54e48e,2017-10-15T05:03:35.000Z,0.00012,0x905e0578d5316b3597d3210b913e6f6309168272,buy,0x177d39ac676ed1c67a2b268ad7f1e58826e5b0af,0x25c4bd6d2d63902b92347d68917f46ec053990c938bff453a5e3e3e08ee40cec
367,835,0.092685,0xa7bf116c833979558ec2fcea4470f5bf022ca601,2017-10-15T04:21:50.000Z,0.000111,0x38449f7b41793eedc220eb6307a36ebd1ebb7fca,sell,0x177d39ac676ed1c67a2b268ad7f1e58826e5b0af,0x625533ea9b9d5ce9656abd7f8c7f25a2609a5258bec6b482599ab64d2d2527aa
368,643.006679294188,0.07137374140165487,0xa7bf116c833979558ec2fcea4470f5bf022ca601,2017-10-15T02:32:23.000Z,0.00011099999999999999,0xcea5cd5cffada9d5c6a17c57b3656c7692994e5a,sell,0x177d39ac676ed1c67a2b268ad7f1e58826e5b0af,0xfed0e300949134ee9af79e06b3f2c33b77a439e2ff75ac3155f3c43bd095cd2d
369,1000,0.12,0xc3e7f39030093ebebc1f8fd66f63a468ea91d3d9,2017-10-14T22:01:44.000Z,0.00012,0x905e0578d5316b3597d3210b913e6f6309168272,buy,0x177d39ac676ed1c67a2b268ad7f1e58826e5b0af,0xef39a8141effc00e6d2beae0c64234179a77c09abd2334a4b33285f389174b6b
370,997,0.110667,0xa7bf116c833979558ec2fcea4470f5bf022ca601,2017-10-14T17:50:56.000Z,0.000111,0x38449f7b41793eedc220eb6307a36ebd1ebb7fca,sell,0x177d39ac676ed1c67a2b268ad7f1e58826e5b0af,0x879c5558c1c0e5e97d9e6ec56e1905c7ae8bb79f70af29a9b913a2f3a27c6196
