,amount,amountBase,buyer,date,price,seller,side,tokenAddr,txHash
0,3,0.0005,0x3075f7f189912f4f425dd7021b9c396434197477,2017-11-02T12:24:56.000Z,0.00016666666666666666,0x1fdf047bf7a114b37e7936d01e9cad754ad18803,buy,0x386467f1f3ddbe832448650418311a479eecfc57,0x57d1fa9c6cc6dfcc7793e6c43967bc992ca3610c81411a5d48042d05ee29e28b
1,5770,0.758755,0xfbf7dc0756a9768d0c71aea5f8421f3b1eaee7d1,2017-11-02T10:23:04.000Z,0.0001315,0xdced050e952f88f97f40306a3c90047a713d89c0,sell,0x386467f1f3ddbe832448650418311a479eecfc57,0xe31e718938d0d3be2f07e7f7de6746b142b1f113cea0a2ee72daf3b6601f7d39
2,654,0.086001,0xfbf7dc0756a9768d0c71aea5f8421f3b1eaee7d1,2017-11-02T08:53:22.000Z,0.0001315,0x9b73149133c7d34a50b6b078d1244961e3c39768,sell,0x386467f1f3ddbe832448650418311a479eecfc57,0x0f7dcd67a76576458c54fa00dee1b4792c8c56814d238ea13645c13632bfd56d
3,17213,2.58195,0xb618f5566524806775449394141f5b261c7b2e48,2017-11-02T04:34:01.000Z,0.00015,0x90c9723a91ccc0880b2b8afb5f8883ef29e5832d,buy,0x386467f1f3ddbe832448650418311a479eecfc57,0x731347425f8ed5f90e0c0ab48baa099b3d4b0e12a317e40d4f4646f9bcd4c9b5
4,571,0.08694222908982155,0x9b73149133c7d34a50b6b078d1244961e3c39768,2017-11-01T20:57:04.000Z,0.00015226309823086087,0x365a4795a0749f6c82a5010eaf57f872448e8475,buy,0x386467f1f3ddbe832448650418311a479eecfc57,0xad83f3d4d9d2987b9b50ec49366c40da020a83912c2d8957bdf73590f3527cee
5,85,0.01275,0x9b73149133c7d34a50b6b078d1244961e3c39768,2017-11-01T20:55:07.000Z,0.00015,0xabf241fe6a10fcb30a6a9d099ecb3986927273c4,buy,0x386467f1f3ddbe832448650418311a479eecfc57,0x718747dd2cd7c9ae52c211f7eb2d3e01abc14839620a5a83679794b715037b63
6,4645,0.608495,0x1931653087bb9f41ef66d73544926165f00843ca,2017-11-01T08:04:37.000Z,0.000131,0x24d528b8530db22c0949f28fbbbd3c1cce771633,sell,0x386467f1f3ddbe832448650418311a479eecfc57,0x1a5fda065c7967d51a506889f6fbadbe834baa6b5713bc146be7f12889e77140
7,9523,1.48549277,0x75f157da5b8fe9cc61c40e8f9ba22d99cebc55d2,2017-10-31T14:55:56.000Z,0.00015599,0xbcce870909b3dbbe28f744f69b080dbdeeb7748a,buy,0x386467f1f3ddbe832448650418311a479eecfc57,0x735621687f9c5c38695095d6e5b0d79affff8b11b441bf986769aa8c2d218444
8,5,0.00078993,0x0b773d7819259d78757b26dc4148812d35676d8f,2017-10-31T12:04:43.000Z,0.000157986,0xda896bd9e964386f7343414a646c8ef75d5ae009,buy,0x386467f1f3ddbe832448650418311a479eecfc57,0x51e3599e07c75a8c7d31d40d06d9e06f74856891acc36fcdbc9b3928a7bc8b4c
9,4950,0.8811,0xdced050e952f88f97f40306a3c90047a713d89c0,2017-10-31T09:39:27.000Z,0.000178,0x1fdf047bf7a114b37e7936d01e9cad754ad18803,buy,0x386467f1f3ddbe832448650418311a479eecfc57,0xf427f428d7ca0e35c0970409b303b4bd1bce2308c24a38355c5f0df6b373155b
10,836,0.10868,0xdced050e952f88f97f40306a3c90047a713d89c0,2017-10-31T09:37:23.000Z,0.00013,0x527e6009e17c7e85ca8c3912accd8f0e12b89e2b,buy,0x386467f1f3ddbe832448650418311a479eecfc57,0x5ac6e5f5b1603ed17c18930393658f1ed24eccd702333dc6df6c9bf73545c252
11,9973,0.9973,0xe8f0cc52b0d087e4eaabe1de8c0bc01f83918ea9,2017-10-31T09:24:03.000Z,0.0001,0xdced050e952f88f97f40306a3c90047a713d89c0,sell,0x386467f1f3ddbe832448650418311a479eecfc57,0x662a86f906bb817a1948964ba96608e5f72deceac0528d5483dd27cd74fa9df9
12,30,0.0054,0xdced050e952f88f97f40306a3c90047a713d89c0,2017-10-31T09:01:28.000Z,0.00018,0x1fdf047bf7a114b37e7936d01e9cad754ad18803,sell,0x386467f1f3ddbe832448650418311a479eecfc57,0xf7786d9aac1a5d988b0ac4db9cb6edaad530837227fe8b3d680ca3339e216405
13,9970,1.7946,0xdced050e952f88f97f40306a3c90047a713d89c0,2017-10-31T08:58:28.000Z,0.00018,0x273a5d3e6721b9f5c1a6474f560c1334c63dda01,sell,0x386467f1f3ddbe832448650418311a479eecfc57,0x0e2a941705668cf3ca3160b107c2889af7e41bfa21b6e51dd1619a7e1b375065
14,10000,1.599,0x273a5d3e6721b9f5c1a6474f560c1334c63dda01,2017-10-31T08:58:28.000Z,0.0001599,0xda896bd9e964386f7343414a646c8ef75d5ae009,buy,0x386467f1f3ddbe832448650418311a479eecfc57,0x0e2a941705668cf3ca3160b107c2889af7e41bfa21b6e51dd1619a7e1b375065
15,25958,2.608779,0x009a12d4290630bc01fd82516ac57c1dc6a9bcfb,2017-10-31T08:54:03.000Z,0.0001005,0xdced050e952f88f97f40306a3c90047a713d89c0,sell,0x386467f1f3ddbe832448650418311a479eecfc57,0x0574cad413cd094ec321012cfb617849d6b24baeef6e562b304ad0594159de46
16,10000,1.1,0xe8f0cc52b0d087e4eaabe1de8c0bc01f83918ea9,2017-10-31T08:52:01.000Z,0.00011,0xdced050e952f88f97f40306a3c90047a713d89c0,sell,0x386467f1f3ddbe832448650418311a479eecfc57,0x2cb0e67bb437c27dd01f1576f5d776125ce5de462a781f34dafde10bad314cff
17,10000,1.2,0xe8f0cc52b0d087e4eaabe1de8c0bc01f83918ea9,2017-10-31T08:50:08.000Z,0.00012,0xdced050e952f88f97f40306a3c90047a713d89c0,sell,0x386467f1f3ddbe832448650418311a479eecfc57,0x95145243ab328f33c0d5dc244f7e9e504f89c99f87cf219d0d040c3e98944529
18,10000,1.2,0xe8f0cc52b0d087e4eaabe1de8c0bc01f83918ea9,2017-10-31T08:50:03.000Z,0.00012,0xdced050e952f88f97f40306a3c90047a713d89c0,sell,0x386467f1f3ddbe832448650418311a479eecfc57,0x95145243ab328f33c0d5dc244f7e9e504f89c99f87cf219d0d040c3e98944529
19,3406,0.4128072,0x509fe29a034a147c5629abd4d80f25bc0a44d79a,2017-10-31T08:47:04.000Z,0.0001212,0xdced050e952f88f97f40306a3c90047a713d89c0,sell,0x386467f1f3ddbe832448650418311a479eecfc57,0x3e96ac66f41306e3e06d0f1d3a3c57aaeb421adb5421e43edaa1a871c5c8ae3a
20,1000,0.122,0xa3663d0b31ccab1ba72114b3fefd3f86fcc66f34,2017-10-31T08:44:47.000Z,0.000122,0xdced050e952f88f97f40306a3c90047a713d89c0,sell,0x386467f1f3ddbe832448650418311a479eecfc57,0x6018b4a061371767b6261499b0c32ab699f27dd6ae1c991df3c99ebb0a3bacb9
21,3355,0.40931,0xda896bd9e964386f7343414a646c8ef75d5ae009,2017-10-31T08:43:21.000Z,0.000122,0xdced050e952f88f97f40306a3c90047a713d89c0,sell,0x386467f1f3ddbe832448650418311a479eecfc57,0x09a174b828136883bb7aedd8d808d3e6f73157ee9dd8819e258cf0c8d9659b7c
22,30,0.00366,0x0d105f804741c5a7a45c7e49e9867b74ff0ae408,2017-10-31T08:40:24.000Z,0.000122,0xdced050e952f88f97f40306a3c90047a713d89c0,sell,0x386467f1f3ddbe832448650418311a479eecfc57,0xeb3749e5d8f3bfe66eaefa41296948178b9ab86bbb60de514cae8ae80c931d0a
23,156,0.019188156,0x060afe88bb72f6d0a7203a81a7163064a095d089,2017-10-31T08:36:34.000Z,0.000123001,0xdced050e952f88f97f40306a3c90047a713d89c0,sell,0x386467f1f3ddbe832448650418311a479eecfc57,0xad8842520bb47c0fc8c7d39e2741c217bf7bb76b27e0a5f7f916f3ebf8c41cfe
24,5001,0.85017,0xdced050e952f88f97f40306a3c90047a713d89c0,2017-10-31T08:36:02.000Z,0.00017,0xfbf7dc0756a9768d0c71aea5f8421f3b1eaee7d1,buy,0x386467f1f3ddbe832448650418311a479eecfc57,0x62848fa154a57c5c1ef491634c93662a4b913a14a9110a61ccdde1d276c11169
25,3145,0.386835,0x1fdf047bf7a114b37e7936d01e9cad754ad18803,2017-10-31T08:35:32.000Z,0.000123,0xdced050e952f88f97f40306a3c90047a713d89c0,sell,0x386467f1f3ddbe832448650418311a479eecfc57,0x014ece2252711b467c5ea72a89d528dd659e2fbd2e6a1c07207dadda63cfd689
26,11000,1.35311,0x060afe88bb72f6d0a7203a81a7163064a095d089,2017-10-31T08:32:55.000Z,0.00012301,0xdced050e952f88f97f40306a3c90047a713d89c0,sell,0x386467f1f3ddbe832448650418311a479eecfc57,0x96923048d67d105fd854a48a5184e0c8e3002df6d59e4906812d2ac1ba744d5f
27,1000,0.123002,0xa3663d0b31ccab1ba72114b3fefd3f86fcc66f34,2017-10-31T08:30:03.000Z,0.000123002,0xdced050e952f88f97f40306a3c90047a713d89c0,sell,0x386467f1f3ddbe832448650418311a479eecfc57,0x3aa82be4606b30419f7b552bbe5561f5516e49cdd76d2755c0145d415d9cb631
28,8000,1.367184,0xdced050e952f88f97f40306a3c90047a713d89c0,2017-10-31T08:29:09.000Z,0.000170898,0x060afe88bb72f6d0a7203a81a7163064a095d089,buy,0x386467f1f3ddbe832448650418311a479eecfc57,0x4b2eb43942378722c95e37e2f0b46f9d916b30e54eec61354572b5d8b6399f7a
29,30000,3.6903,0x9cb677f2a8daa9511ae79c2ba56395552b5d030d,2017-10-31T08:28:10.000Z,0.00012301,0xdced050e952f88f97f40306a3c90047a713d89c0,sell,0x386467f1f3ddbe832448650418311a479eecfc57,0x8e70ac34776fe7125cafef85fb7a3e447cfd1beae21d8f4c474c6acdb0fa600f
30,2100,0.3588879,0xdced050e952f88f97f40306a3c90047a713d89c0,2017-10-31T08:25:09.000Z,0.000170899,0xda896bd9e964386f7343414a646c8ef75d5ae009,buy,0x386467f1f3ddbe832448650418311a479eecfc57,0xe0b3799cc7e7c41fa7b92b8d6cf8729ffcba4caedc9c64eec543115cf0df3c3c
31,8951,1.1018681,0xda896bd9e964386f7343414a646c8ef75d5ae009,2017-10-31T08:24:12.000Z,0.0001231,0xdced050e952f88f97f40306a3c90047a713d89c0,sell,0x386467f1f3ddbe832448650418311a479eecfc57,0x2633dc0c059de6befe65d112928d7381594668c2acbaf87d4a614899cc55b993
32,8550,1.35945,0xdced050e952f88f97f40306a3c90047a713d89c0,2017-10-31T08:23:18.000Z,0.000159,0xfbf7dc0756a9768d0c71aea5f8421f3b1eaee7d1,buy,0x386467f1f3ddbe832448650418311a479eecfc57,0x518d5a1f03dc97ee2c24431e62b45a1d980ac7ab6d565f3d879abd561401e690
33,8000,0.984808,0x060afe88bb72f6d0a7203a81a7163064a095d089,2017-10-31T08:22:34.000Z,0.000123101,0xdced050e952f88f97f40306a3c90047a713d89c0,sell,0x386467f1f3ddbe832448650418311a479eecfc57,0x471efd0dd52ae44123321c06a27330f8dc1acc8f7b8fdb5443b32d693040a844
34,1450,0.23055,0xdced050e952f88f97f40306a3c90047a713d89c0,2017-10-31T08:22:02.000Z,0.000159,0xfbf7dc0756a9768d0c71aea5f8421f3b1eaee7d1,buy,0x386467f1f3ddbe832448650418311a479eecfc57,0x40582a4d3d80a240d97cc90f0160b4953c2d9e02b0f07efd747313d691e86394
35,10000,1.25,0x1fdf047bf7a114b37e7936d01e9cad754ad18803,2017-10-31T08:17:39.000Z,0.000125,0xdced050e952f88f97f40306a3c90047a713d89c0,sell,0x386467f1f3ddbe832448650418311a479eecfc57,0xc2a14af0b9a53eb889904c686f6167fc74895fdc67ff8b5201f651afe02def86
36,1255,0.214478245,0xdced050e952f88f97f40306a3c90047a713d89c0,2017-10-31T08:16:55.000Z,0.000170899,0xda896bd9e964386f7343414a646c8ef75d5ae009,buy,0x386467f1f3ddbe832448650418311a479eecfc57,0x8cf16e531d18c99069ac31dbb6bc70d89e6b11aab8783a7a012e4397653d8e6e
37,15000,1.875,0xfbf7dc0756a9768d0c71aea5f8421f3b1eaee7d1,2017-10-31T08:16:02.000Z,0.000125,0xdced050e952f88f97f40306a3c90047a713d89c0,sell,0x386467f1f3ddbe832448650418311a479eecfc57,0xbc7f7c7e08f8778c6c6443db4de62ee5f347f682ec60df7b7a0e636f9ee269b2
38,8861,1.5320847398903399,0xdced050e952f88f97f40306a3c90047a713d89c0,2017-10-31T05:50:34.000Z,0.00017290201330440581,0xda896bd9e964386f7343414a646c8ef75d5ae009,buy,0x386467f1f3ddbe832448650418311a479eecfc57,0xbab380e170d6a93b418c2a183ca2b36ce6bb5ad6d1d6b1832c601347130f5754
39,3000,0.513,0xdced050e952f88f97f40306a3c90047a713d89c0,2017-10-31T05:48:22.000Z,0.000171,0xbcb614675176a6732901e9f3f4b29cd3ec534ed3,buy,0x386467f1f3ddbe832448650418311a479eecfc57,0x9af66117982507ec748e819d4f385685caab7842e7f10f191cfd5f0e2e58fbae
40,5000,0.85,0xdced050e952f88f97f40306a3c90047a713d89c0,2017-10-31T05:46:54.000Z,0.00017,0x1fdf047bf7a114b37e7936d01e9cad754ad18803,buy,0x386467f1f3ddbe832448650418311a479eecfc57,0x587d4b623a0c8e1fef92f62eb641e34c1b4dc1f72580bc730cd12f6f931eee68
41,1900,0.322999981,0xdced050e952f88f97f40306a3c90047a713d89c0,2017-10-31T05:46:27.000Z,0.00016999999,0xbcb614675176a6732901e9f3f4b29cd3ec534ed3,buy,0x386467f1f3ddbe832448650418311a479eecfc57,0x70f01cdbeb5dffa3e6c0abce3cd31b508d575389c3d915aeefc8e83e2462f0cf
42,4200,0.7119,0xdced050e952f88f97f40306a3c90047a713d89c0,2017-10-31T05:45:59.000Z,0.0001695,0x23c54718330e3d7e8d98895cd41886369b0b4c0d,buy,0x386467f1f3ddbe832448650418311a479eecfc57,0x5f9fb020b7abb3c8c4b98aeaa72ce5633c8d2a0a04d78064973ca7c565229407
43,10217,1.731730415,0xdced050e952f88f97f40306a3c90047a713d89c0,2017-10-31T05:44:32.000Z,0.000169495,0xbcce870909b3dbbe28f744f69b080dbdeeb7748a,buy,0x386467f1f3ddbe832448650418311a479eecfc57,0x4f253a5e3f9b4410314121c203524d2b20cf134a92479ab552003f042d03e5b9
44,3000,0.4767,0xdced050e952f88f97f40306a3c90047a713d89c0,2017-10-31T05:43:21.000Z,0.0001589,0x254fb89e4cab71708eaab16e067ca8156a38e18a,buy,0x386467f1f3ddbe832448650418311a479eecfc57,0x33bdfc2eeb396ed7c10096c05ceb50a29645e1cdee6210d9c058eaa65b612853
45,18613,2.289622356,0x90c9723a91ccc0880b2b8afb5f8883ef29e5832d,2017-10-31T05:42:31.000Z,0.000123012,0xdced050e952f88f97f40306a3c90047a713d89c0,sell,0x386467f1f3ddbe832448650418311a479eecfc57,0x947b485a7f8c65a7ed995486eb3c361c821e63d3445ba58c0c4f46213692d721
46,9800,1.548506176,0xdced050e952f88f97f40306a3c90047a713d89c0,2017-10-31T05:41:18.000Z,0.00015801083428571428,0xfbf7dc0756a9768d0c71aea5f8421f3b1eaee7d1,buy,0x386467f1f3ddbe832448650418311a479eecfc57,0x6736acc6f53f5460d8c111c1fb55376c3c5a478ea77c8329a1274dc49fd0f358
47,11523,1.4174684283,0xbcce870909b3dbbe28f744f69b080dbdeeb7748a,2017-10-31T05:39:25.000Z,0.0001230121,0xdced050e952f88f97f40306a3c90047a713d89c0,sell,0x386467f1f3ddbe832448650418311a479eecfc57,0x87272fbf69dd003bd18368ee0874e8c0fed5899f40543d1b22a1d26fd17d8da8
48,1000,0.16,0xdced050e952f88f97f40306a3c90047a713d89c0,2017-10-31T05:38:44.000Z,0.00016,0x254fb89e4cab71708eaab16e067ca8156a38e18a,buy,0x386467f1f3ddbe832448650418311a479eecfc57,0xd5f1af667bd4bc5f9c6dfd911df361e7215b4bd65988d2bab6a67a221c867fef
49,100,0.0124401,0x5695b06071cdf4e1a08d00418b8d8e07fe327f94,2017-10-31T05:38:16.000Z,0.000124401,0xdced050e952f88f97f40306a3c90047a713d89c0,sell,0x386467f1f3ddbe832448650418311a479eecfc57,0x2065c1ddee4e3ab393d104fe382bd0c09382e184aa86af4c2e6c59eb2a745524
50,970,0.1552,0xdced050e952f88f97f40306a3c90047a713d89c0,2017-10-31T05:37:45.000Z,0.00016,0x254fb89e4cab71708eaab16e067ca8156a38e18a,buy,0x386467f1f3ddbe832448650418311a479eecfc57,0xd9b3cb0fdfb7f39c56aaf245b364ce76dab99688505d3da9054adbf72dafc21e
51,35000,4.30675,0x009a12d4290630bc01fd82516ac57c1dc6a9bcfb,2017-10-31T05:36:44.000Z,0.00012305,0xdced050e952f88f97f40306a3c90047a713d89c0,sell,0x386467f1f3ddbe832448650418311a479eecfc57,0xe33f61a6cc0d9408e368a3aefafe5528df4af7bb146c34fa1e9dd9929c2147a0
52,199,0.031490630823929416,0x3110f81f3d112da3b18557a64138bfc966c7babb,2017-10-31T03:49:05.000Z,0.0001582443759996453,0xfbf7dc0756a9768d0c71aea5f8421f3b1eaee7d1,buy,0x386467f1f3ddbe832448650418311a479eecfc57,0x3d30990d4bb9c63ded05b17cc789ccb38db6f23dcf2a2a4afa37e6241c9c4707
53,30,0.0048,0x3110f81f3d112da3b18557a64138bfc966c7babb,2017-10-31T01:10:13.000Z,0.00016,0x254fb89e4cab71708eaab16e067ca8156a38e18a,buy,0x386467f1f3ddbe832448650418311a479eecfc57,0x9c414ae76ef6b7565b05addf6c2bf0c7769961820f16110a5dfb56d7c49c389b
54,222,0.027084,0x0d105f804741c5a7a45c7e49e9867b74ff0ae408,2017-10-30T12:03:10.000Z,0.000122,0x0970ea95a4941beb8da0b40d4adcc066c0e48b1e,sell,0x386467f1f3ddbe832448650418311a479eecfc57,0xd41175bea9182ebe967426a0eb2a3a5f1ddc6ae81e381afc4a3efc245aea3c8e
55,2794,0.51689,0xdced050e952f88f97f40306a3c90047a713d89c0,2017-10-30T08:03:13.000Z,0.000185,0x1fdf047bf7a114b37e7936d01e9cad754ad18803,buy,0x386467f1f3ddbe832448650418311a479eecfc57,0xffc54ef10de1cc6c0380764d2c45a2384dc8da1399ce926951bfd8f8f4ab0a38
56,8967,1.16571,0x1931653087bb9f41ef66d73544926165f00843ca,2017-10-30T08:02:08.000Z,0.00013,0xdced050e952f88f97f40306a3c90047a713d89c0,sell,0x386467f1f3ddbe832448650418311a479eecfc57,0xa52874cf9c1654d464910a7ef2f36da516ab28e1027d9715aa0b2bcad4f22c17
57,1000,0.184,0xdced050e952f88f97f40306a3c90047a713d89c0,2017-10-30T07:52:23.000Z,0.000184,0x254fb89e4cab71708eaab16e067ca8156a38e18a,buy,0x386467f1f3ddbe832448650418311a479eecfc57,0x48b8282aa4314d81b72957b7873ffca9476b97b5187890ef0951d8f3a036eb01
58,1500,0.2745,0xdced050e952f88f97f40306a3c90047a713d89c0,2017-10-30T07:51:27.000Z,0.000183,0x254fb89e4cab71708eaab16e067ca8156a38e18a,buy,0x386467f1f3ddbe832448650418311a479eecfc57,0x3c3aa3e930d2ab3cfd74a3ed917268959dcbc49965bc3ca35b244170f39f7a79
59,10000,1.43,0xfbf7dc0756a9768d0c71aea5f8421f3b1eaee7d1,2017-10-30T07:50:54.000Z,0.000143,0xdced050e952f88f97f40306a3c90047a713d89c0,sell,0x386467f1f3ddbe832448650418311a479eecfc57,0x2589421210b98180432abd7fb6264127139b54d8fb386bc18ffcb2cdff8f0a26
60,18277,2.558798277,0x9cb677f2a8daa9511ae79c2ba56395552b5d030d,2017-10-30T07:49:48.000Z,0.000140001,0xdced050e952f88f97f40306a3c90047a713d89c0,sell,0x386467f1f3ddbe832448650418311a479eecfc57,0x66faefa8dfb6b43b4e273ace53f0af465cbbdbdc680560f157d88a6757528878
61,4197,0.763854,0xdced050e952f88f97f40306a3c90047a713d89c0,2017-10-30T07:46:21.000Z,0.000182,0xfbf7dc0756a9768d0c71aea5f8421f3b1eaee7d1,buy,0x386467f1f3ddbe832448650418311a479eecfc57,0xc7a5dd8079f9e0d0665a51da097b3b5829ee32ca360ec1443aa1e3c163ea2e24
62,10000,1.42,0x969bef662158580727917a4a5140816946ba74d1,2017-10-30T07:44:07.000Z,0.000142,0xdced050e952f88f97f40306a3c90047a713d89c0,sell,0x386467f1f3ddbe832448650418311a479eecfc57,0x7e02cd84322aba582f0bf6fe9fc43c7eab50524b5cc7f5e5d2fac797a212fea4
63,260,0.036946,0xd9500336e31c7d7011a1b7d9d40510acccc0ea02,2017-10-30T07:43:06.000Z,0.0001421,0xdced050e952f88f97f40306a3c90047a713d89c0,sell,0x386467f1f3ddbe832448650418311a479eecfc57,0x76f85a4c8c12f7e1c2a6efbe359ef5f2251eca99fb1aaaff0e2096337bf92f66
64,900,0.1638,0xdced050e952f88f97f40306a3c90047a713d89c0,2017-10-30T07:37:24.000Z,0.000182,0xfbf7dc0756a9768d0c71aea5f8421f3b1eaee7d1,buy,0x386467f1f3ddbe832448650418311a479eecfc57,0x5400a82dc83a7e0bb76ea3b82877e7d70b95fdad936e58bff3870234118153a3
65,10000,1.4321,0x9cb677f2a8daa9511ae79c2ba56395552b5d030d,2017-10-30T07:35:03.000Z,0.00014321,0xdced050e952f88f97f40306a3c90047a713d89c0,sell,0x386467f1f3ddbe832448650418311a479eecfc57,0x08430e30f98321b459f7239d9a39dc45c7ad995a2bd224bae981ffc3eedb7564
66,800,0.1456,0xdced050e952f88f97f40306a3c90047a713d89c0,2017-10-30T07:33:36.000Z,0.000182,0xfbf7dc0756a9768d0c71aea5f8421f3b1eaee7d1,buy,0x386467f1f3ddbe832448650418311a479eecfc57,0xad7dd8cb4ad48390d0669cabd7ece816f69ceef0fefd5290a87d82cfb2f2b5d6
67,5000,0.72,0x1fdf047bf7a114b37e7936d01e9cad754ad18803,2017-10-30T07:32:55.000Z,0.000144,0xdced050e952f88f97f40306a3c90047a713d89c0,sell,0x386467f1f3ddbe832448650418311a479eecfc57,0x9f42c18d66350fb884c82b878c338469031c4b5d22beb764fcbdd39186c1abfd
68,655,0.11921,0xdced050e952f88f97f40306a3c90047a713d89c0,2017-10-30T07:32:32.000Z,0.000182,0xfbf7dc0756a9768d0c71aea5f8421f3b1eaee7d1,buy,0x386467f1f3ddbe832448650418311a479eecfc57,0x3116b1f5fcb7dc25101524b6fef60a409c362ef1e13f204480f493b9a7986b45
69,728,0.132496,0xdced050e952f88f97f40306a3c90047a713d89c0,2017-10-30T07:31:30.000Z,0.000182,0xfbf7dc0756a9768d0c71aea5f8421f3b1eaee7d1,buy,0x386467f1f3ddbe832448650418311a479eecfc57,0x039e7a34c7b711810440db182122443abccc1125532c30fa8c4b58e0b22ebfcc
70,10000,1.451,0x969bef662158580727917a4a5140816946ba74d1,2017-10-30T06:58:03.000Z,0.0001451,0xdced050e952f88f97f40306a3c90047a713d89c0,sell,0x386467f1f3ddbe832448650418311a479eecfc57,0x6256e2dd875dd83230441d72ded0a464475f0a7f31031bbdba7a477e0066513c
71,720,0.13104,0xdced050e952f88f97f40306a3c90047a713d89c0,2017-10-30T06:56:56.000Z,0.000182,0xfbf7dc0756a9768d0c71aea5f8421f3b1eaee7d1,buy,0x386467f1f3ddbe832448650418311a479eecfc57,0x6749066933de1fed7a7b8e8a4cbc39963a9ab591894d5cfa030feaa186ba6870
72,8000,1.168,0xfbf7dc0756a9768d0c71aea5f8421f3b1eaee7d1,2017-10-30T06:33:01.000Z,0.000146,0xdced050e952f88f97f40306a3c90047a713d89c0,sell,0x386467f1f3ddbe832448650418311a479eecfc57,0x9d7ae29abb6be4b70f87ec86cc78f220bee302a7d12d1eb2f75a1c63d222e7ab
73,0,0,0xfbf7dc0756a9768d0c71aea5f8421f3b1eaee7d1,2017-10-30T04:03:58.000Z,NaN,0x379374d13077e8867ef31803c37baf9785a17c00,sell,0x386467f1f3ddbe832448650418311a479eecfc57,0x2e7104a42cd7dbc0d2cb7bf35002be544635461d64ab128f6f06cf02aeba8614
74,0,0,0x969bef662158580727917a4a5140816946ba74d1,2017-10-30T02:44:26.000Z,NaN,0x16e5d97bbc92417e051e3b2cabfbf8ceea2acb9c,sell,0x386467f1f3ddbe832448650418311a479eecfc57,0xa8e9f438b649d5e0c038dfdf1977f814acd018afc61bba820bd27d146725636c
75,0,0,0x969bef662158580727917a4a5140816946ba74d1,2017-10-30T02:43:25.000Z,NaN,0x379374d13077e8867ef31803c37baf9785a17c00,sell,0x386467f1f3ddbe832448650418311a479eecfc57,0x7919e955211385fe92a8c0ceec5ba70359a79cbd2552c2879173e9e89b5c73ce
76,223,0.04287317552671633,0x0970ea95a4941beb8da0b40d4adcc066c0e48b1e,2017-10-29T15:30:57.000Z,0.00019225639249648578,0xbcce870909b3dbbe28f744f69b080dbdeeb7748a,buy,0x386467f1f3ddbe832448650418311a479eecfc57,0xd922ec489cff97153b981d7469691fb4113852a17085ace3c516b20f043970a9
77,1249,0.24082839064764044,0x3736cea2db033e184fde16d5dbac41fecb623bec,2017-10-29T08:32:46.000Z,0.00019281696609098513,0xbcce870909b3dbbe28f744f69b080dbdeeb7748a,buy,0x386467f1f3ddbe832448650418311a479eecfc57,0x9edb16c1f829c869eabf10a74b5b28aa9b94da074ece805ad897dc99f5ae6168
78,1723,0.241221723,0x9cb677f2a8daa9511ae79c2ba56395552b5d030d,2017-10-29T08:30:47.000Z,0.000140001,0x3736cea2db033e184fde16d5dbac41fecb623bec,sell,0x386467f1f3ddbe832448650418311a479eecfc57,0xbab32e1dca435acaa5eaa677c1d66a972f11c6ff1f435a436a8173e156495c4b
79,4064,0.56896,0xa19dd3af5c151be661bcd0c7146828afd49940f3,2017-10-29T04:42:00.000Z,0.00014,0x3603576f910ac545006eadbfee5798202ed07a45,sell,0x386467f1f3ddbe832448650418311a479eecfc57,0x9199ea156b8b120c718aebf4d8294955c4c002154a7d355887cc2193293d14bf
80,1692,0.235188,0x1fdf047bf7a114b37e7936d01e9cad754ad18803,2017-10-28T23:15:50.000Z,0.000139,0xf5d162ae2e34be14b474e0d29cd1079fa13c9893,sell,0x386467f1f3ddbe832448650418311a479eecfc57,0x0224a7a457b817addce688e3cd8f11e7c6939421c343a27a1965b38d1a7621de
81,700,0.098,0x50d833e9af43e1274aa70e4481f6edb1f61eae6b,2017-10-28T23:14:56.000Z,0.00014,0xf5d162ae2e34be14b474e0d29cd1079fa13c9893,sell,0x386467f1f3ddbe832448650418311a479eecfc57,0x8ba5095362b7bad574370f1e75be5b1a86f14a88d9ccba0905cb19044f1f6e8b
82,2,0.0005,0xe444a40689f51f63bcd29910622035707d533d29,2017-10-28T20:45:06.000Z,0.00025,0x4b9f282ce5b299257759d9486d8c1181400a1ca6,buy,0x386467f1f3ddbe832448650418311a479eecfc57,0x398a5e0d573725d148fe8dfa75969a3fbc16952e401226c8d1ce033f7a4441fe
83,2,0.0005,0x34f9560c63078eb61872a4dc2ccd20e21c34feaf,2017-10-28T20:45:01.000Z,0.00025,0x4b9f282ce5b299257759d9486d8c1181400a1ca6,buy,0x386467f1f3ddbe832448650418311a479eecfc57,0x252de6b2a96294101f63707fdfe0436f3eacfbb49dc837033f904bbe56c7669b
84,1250,0.188875,0x969bef662158580727917a4a5140816946ba74d1,2017-10-28T14:37:03.000Z,0.0001511,0x0c0bc079b14f9853ac316501ce4b116a77a86d84,buy,0x386467f1f3ddbe832448650418311a479eecfc57,0xd6ee43532b808b23efb9c2e1d22fc37d1c0d4cfb894e8e10e29a718a647b5caf
85,1250,0.188875,0x969bef662158580727917a4a5140816946ba74d1,2017-10-28T14:36:47.000Z,0.0001511,0x0c0bc079b14f9853ac316501ce4b116a77a86d84,buy,0x386467f1f3ddbe832448650418311a479eecfc57,0xfb0b39d509a90312029a6f847c3676e9b48217a7dd7711c44068833cd1212e47
86,1366,0.206266,0x969bef662158580727917a4a5140816946ba74d1,2017-10-28T14:36:04.000Z,0.000151,0x09d85c1b9a940f1cdbcabe97f983d2d1637d32b1,buy,0x386467f1f3ddbe832448650418311a479eecfc57,0x2ad26c46805b06289f98a6dc2932fa29b7ddc620c5af04ce755d1d68d411ca41
87,1350,0.203985,0xd9500336e31c7d7011a1b7d9d40510acccc0ea02,2017-10-28T14:17:45.000Z,0.0001511,0x09d85c1b9a940f1cdbcabe97f983d2d1637d32b1,sell,0x386467f1f3ddbe832448650418311a479eecfc57,0xadd1d98de1da65454c8d79ef618003e207c65dceab57ee31ffb9af149ce7b284
88,311,0.060116143567,0x946151fa04270a2d81ff3abc7f0648f1767a0fce,2017-10-28T08:00:52.000Z,0.000193299497,0xbcce870909b3dbbe28f744f69b080dbdeeb7748a,buy,0x386467f1f3ddbe832448650418311a479eecfc57,0xa6f2b2d7ae7f576575609ef50dc9bb4ebdf678cb5a887051946bc996840e7564
89,6500,1.01335,0x9778550d76b07ac9f5e57392f68ecdf6efc1774e,2017-10-28T06:28:52.000Z,0.0001559,0x9806009bc75e8eb1f580ab1034e20f74600f36fb,buy,0x386467f1f3ddbe832448650418311a479eecfc57,0x83e0f74f1c6e20a3f079a843b2aabe002db4868dbcdbca5e8f27e846f5070b0f
90,1000,0.1558,0x946151fa04270a2d81ff3abc7f0648f1767a0fce,2017-10-28T05:50:26.000Z,0.0001558,0x254fb89e4cab71708eaab16e067ca8156a38e18a,buy,0x386467f1f3ddbe832448650418311a479eecfc57,0x255750a26baa7ca192c3a33b1fd27f8f8a209a70dc852243eab8c4ae34ed537b
91,1102,0.153178,0x1fdf047bf7a114b37e7936d01e9cad754ad18803,2017-10-28T04:34:18.000Z,0.000139,0x66fa1e1af25d7661001301ab556c1eff78e2dbf9,sell,0x386467f1f3ddbe832448650418311a479eecfc57,0x2be29d5679a8a2ba96d7f1ebc2f6b8d911a35d9411fd9ff16c6d44cc2235e69d
92,169,0.023153,0xac7609096b9225b96ca93479ee4fc764c75893d0,2017-10-27T23:09:12.000Z,0.000137,0x38a4ff00c207cbd78ab34b6ddd1b8754e4498508,sell,0x386467f1f3ddbe832448650418311a479eecfc57,0x227eeec3a805a4b7e4e12b7c31e1749fb89da20b7d93fb083796a18ff95286e6
93,10817,1.62255,0xac7609096b9225b96ca93479ee4fc764c75893d0,2017-10-27T20:42:35.000Z,0.00015,0x1fdf047bf7a114b37e7936d01e9cad754ad18803,buy,0x386467f1f3ddbe832448650418311a479eecfc57,0x388bd15af25039c3c70a40cc1a3608349ee92c7b3e8e308421745cf91a23d9de
94,5161,0.7715695,0xac7609096b9225b96ca93479ee4fc764c75893d0,2017-10-27T20:42:35.000Z,0.0001495,0xfbf7dc0756a9768d0c71aea5f8421f3b1eaee7d1,buy,0x386467f1f3ddbe832448650418311a479eecfc57,0x6dce7561a8b9ef48628eb4e1e1dedeadac9565d7f71591a25b752878b9bffea6
95,10868,1.624755132,0xac7609096b9225b96ca93479ee4fc764c75893d0,2017-10-27T20:42:07.000Z,0.000149499,0xbcce870909b3dbbe28f744f69b080dbdeeb7748a,buy,0x386467f1f3ddbe832448650418311a479eecfc57,0xdea55927dbed3b4276066373f417d35905bf0b33a97e3d7c13ddc75724963be1
96,9171,1.320624,0xac7609096b9225b96ca93479ee4fc764c75893d0,2017-10-27T18:00:51.000Z,0.000144,0x3162f2032ddce11a87098cc13fcc6117ebe92f95,sell,0x386467f1f3ddbe832448650418311a479eecfc57,0x26abd0d280924b85d1a7dc2994387a5ca00549e89fedae77fccc94fadd6cde44
97,1,0.000137,0xac7609096b9225b96ca93479ee4fc764c75893d0,2017-10-27T14:52:47.000Z,0.000137,0xb902ba6e3272e66c74035d7e30f4fa9279bd56f9,sell,0x386467f1f3ddbe832448650418311a479eecfc57,0x1ea3531aef77fc25ff364c735e2642fc96fb6bb43f3962555f0be622714cb8f6
98,15786,2.1492639,0x9cb677f2a8daa9511ae79c2ba56395552b5d030d,2017-10-27T11:20:43.000Z,0.00013615,0xb902ba6e3272e66c74035d7e30f4fa9279bd56f9,sell,0x386467f1f3ddbe832448650418311a479eecfc57,0x7b09556af4a8372a5f80178461001ffc51c3e19d9bd49e9d4c00cc51a8e2d650
99,1656,0.208656,0x3da99a57c83b361254d572c2c672b44fc0b88363,2017-10-26T23:50:49.000Z,0.000126,0xb16b8851a4ef8ab8ec7e7eb3c403f00443e7359e,sell,0x386467f1f3ddbe832448650418311a479eecfc57,0x47358c6c92dd09a11d2c76bd95c1360f12a65c535b9489c399735241f7544e26
100,790,0.099777,0xe8a89a3c02709e53fa10e443f96f0aef49746ef6,2017-10-26T23:50:15.000Z,0.0001263,0xb16b8851a4ef8ab8ec7e7eb3c403f00443e7359e,sell,0x386467f1f3ddbe832448650418311a479eecfc57,0x8a50b117274db62b8734d8748a7b48618a6a8e3fe2a2ba02a4256ce11e6737e9
101,845,0.10985,0x433e7eceaca9ee3748db9114aeda98d53c1d3f36,2017-10-26T23:37:16.000Z,0.00013,0xb16b8851a4ef8ab8ec7e7eb3c403f00443e7359e,sell,0x386467f1f3ddbe832448650418311a479eecfc57,0x3ea136d3ed9e341bcc1d29b9e96ef74058bf291400ae2dfeda0d8e21d6dcb80b
102,13307,1.636761,0x8f2c05301d853f81209d0a8467bc213f58c9afc9,2017-10-26T16:23:45.000Z,0.000123,0x8739e5bf37b98f2e25654058acd98ab3eb64577b,sell,0x386467f1f3ddbe832448650418311a479eecfc57,0xca7994cee604810ad074cafad6fb28f0e8ea0e33849d2d62c0dc73ef7765cd74
103,7620,0.9906,0x1931653087bb9f41ef66d73544926165f00843ca,2017-10-26T16:22:41.000Z,0.00013,0x8739e5bf37b98f2e25654058acd98ab3eb64577b,sell,0x386467f1f3ddbe832448650418311a479eecfc57,0x86d887ebec352149c9b557a368ebfc0d6726be79e43922eab8af1b5e95483569
104,3000,0.378,0x23c54718330e3d7e8d98895cd41886369b0b4c0d,2017-10-26T16:07:22.000Z,0.000126,0x8739e5bf37b98f2e25654058acd98ab3eb64577b,sell,0x386467f1f3ddbe832448650418311a479eecfc57,0xa4d63fd9d20426aa94e04de4453e39eed267eccd61caa1a522a349d959bf55d6
105,3000,0.5039997,0xb16b8851a4ef8ab8ec7e7eb3c403f00443e7359e,2017-10-26T10:58:29.000Z,0.0001679999,0xb902ba6e3272e66c74035d7e30f4fa9279bd56f9,buy,0x386467f1f3ddbe832448650418311a479eecfc57,0x4d8191a64cc821647a3e1d52d70131f1ca25227ddd4aed004b3a8c57a8437488
106,850,0.142799915,0xcb39e66dc1daeedeede6e45cc3f4286e584eda63,2017-10-26T10:50:51.000Z,0.0001679999,0xb902ba6e3272e66c74035d7e30f4fa9279bd56f9,buy,0x386467f1f3ddbe832448650418311a479eecfc57,0x5a5521c3e9b138e81ea49f4d201dd5995d2d98c1a56a457d2298a5ce99c4c501
107,24566,3.07075,0x8f2c05301d853f81209d0a8467bc213f58c9afc9,2017-10-26T10:47:36.000Z,0.000125,0xcb39e66dc1daeedeede6e45cc3f4286e584eda63,sell,0x386467f1f3ddbe832448650418311a479eecfc57,0xd0e3702b25bc5612b59a1264c17508c1f2c5e4ea21a3edc72cf556b20b5257ef
108,6038,0.78494,0x9806009bc75e8eb1f580ab1034e20f74600f36fb,2017-10-26T10:46:42.000Z,0.00013,0xcb39e66dc1daeedeede6e45cc3f4286e584eda63,sell,0x386467f1f3ddbe832448650418311a479eecfc57,0x04cf89f3329a90b2cf4738fcc6826976dfa9be1e64ea226637e07b57134b9feb
109,10000,1.3,0xe8f0cc52b0d087e4eaabe1de8c0bc01f83918ea9,2017-10-26T10:46:10.000Z,0.00013,0xcb39e66dc1daeedeede6e45cc3f4286e584eda63,sell,0x386467f1f3ddbe832448650418311a479eecfc57,0xb0578a31c825f5795bfb5a4ec0c3dd10b412a87d4ceaa71d6594be7c81ba1095
110,6020,0.8428,0x1931653087bb9f41ef66d73544926165f00843ca,2017-10-26T10:43:34.000Z,0.00014,0xcb39e66dc1daeedeede6e45cc3f4286e584eda63,sell,0x386467f1f3ddbe832448650418311a479eecfc57,0x1cb84e512c4aad92dbb4eabeef18382e845cc17c39a7802a5dd752f335bbdf19
111,9939,1.39146,0x969bef662158580727917a4a5140816946ba74d1,2017-10-26T10:39:40.000Z,0.00014,0xcb39e66dc1daeedeede6e45cc3f4286e584eda63,sell,0x386467f1f3ddbe832448650418311a479eecfc57,0x24e5c1f564ee700111a3da8445d9ae456cbadae5dab87c4bbb6071c17c10a593
112,3256,0.459096,0x1fdf047bf7a114b37e7936d01e9cad754ad18803,2017-10-26T10:38:42.000Z,0.000141,0xcb39e66dc1daeedeede6e45cc3f4286e584eda63,sell,0x386467f1f3ddbe832448650418311a479eecfc57,0x63b71510bbf94f3c42ee84d541348dfecc518b624491f032db08f3939c8c84cb
113,300,0.05039997,0xb16b8851a4ef8ab8ec7e7eb3c403f00443e7359e,2017-10-26T10:19:09.000Z,0.0001679999,0xb902ba6e3272e66c74035d7e30f4fa9279bd56f9,buy,0x386467f1f3ddbe832448650418311a479eecfc57,0x8f1a64ed5199720d6d7d800da0c683211d0a2190fdb66b0244c0a63a7bc1fc35
114,5061,0.70854,0x969bef662158580727917a4a5140816946ba74d1,2017-10-26T10:13:48.000Z,0.00014,0xb16b8851a4ef8ab8ec7e7eb3c403f00443e7359e,sell,0x386467f1f3ddbe832448650418311a479eecfc57,0xa9a5fe97a40099f7aa1a71a4f7edaeb2f7f77f94b06fdd2fdf3649414d649656
115,11,0.00176,0x885dd0a8df8cbefaf7ed8b73709c00876356959b,2017-10-26T10:08:23.000Z,0.00016,0x8ea2c25b97b59e62e6b2359de47f3f790e4fc79d,buy,0x386467f1f3ddbe832448650418311a479eecfc57,0x5977f9d43008bf0c641bc97d3f61cd058f2ae9e265750112d005242bb62a36f0
116,1744,0.245904,0x1fdf047bf7a114b37e7936d01e9cad754ad18803,2017-10-26T09:59:43.000Z,0.000141,0x885dd0a8df8cbefaf7ed8b73709c00876356959b,sell,0x386467f1f3ddbe832448650418311a479eecfc57,0x1bcacb016b9bf8e6fba0a3c56494f83e1fc2c39fb85d773da00de7446a516d9d
117,5000,0.71,0x509fe29a034a147c5629abd4d80f25bc0a44d79a,2017-10-26T09:56:39.000Z,0.000142,0x1fdf047bf7a114b37e7936d01e9cad754ad18803,sell,0x386467f1f3ddbe832448650418311a479eecfc57,0x0ba9fd18c334e725ee31c2b7e4e21488fff9efa728e54589cb9cc91b412b9c3e
118,10,0.001689999,0x8ea2c25b97b59e62e6b2359de47f3f790e4fc79d,2017-10-26T07:36:11.000Z,0.0001689999,0xb902ba6e3272e66c74035d7e30f4fa9279bd56f9,buy,0x386467f1f3ddbe832448650418311a479eecfc57,0x2a3bfd37943a2775bb7bbdf50f1d64ac898c2fac439177bfad9b32854e4ec612
119,2170,0.30814,0xfbf7dc0756a9768d0c71aea5f8421f3b1eaee7d1,2017-10-26T01:08:22.000Z,0.000142,0xf5d162ae2e34be14b474e0d29cd1079fa13c9893,sell,0x386467f1f3ddbe832448650418311a479eecfc57,0x4e37e9205f11c49fdec16016e7553ae045c1e4aa346f80b7950ed2acd5791f02
120,721,0.106708721,0xa7e2affd54d9107bb4eeb951ee5a97bf240961fb,2017-10-26T01:06:32.000Z,0.000148001,0xf5d162ae2e34be14b474e0d29cd1079fa13c9893,sell,0x386467f1f3ddbe832448650418311a479eecfc57,0xbf616869db521f5152eeb060c40351e1241ddc98846b1330d95f6bb86f4f90fe
121,2855,0.40541,0xfbf7dc0756a9768d0c71aea5f8421f3b1eaee7d1,2017-10-26T00:02:57.000Z,0.000142,0x1ed014aec47fae44c9e55bac7662c0b78ae61798,sell,0x386467f1f3ddbe832448650418311a479eecfc57,0xaa6469a878c52e39523a50e406de613eb0b77d77b847b90fc5c9eb443ea24c0d
122,2970,0.43956,0xd9500336e31c7d7011a1b7d9d40510acccc0ea02,2017-10-25T20:47:23.000Z,0.000148,0x1fdf047bf7a114b37e7936d01e9cad754ad18803,sell,0x386467f1f3ddbe832448650418311a479eecfc57,0xe2ff7a9f1b0a40ea5d707e2510c72251416c27def764eb4a28aaa22c7417b76a
123,462,0.06006,0x9806009bc75e8eb1f580ab1034e20f74600f36fb,2017-10-25T17:29:33.000Z,0.00013,0x8739e5bf37b98f2e25654058acd98ab3eb64577b,sell,0x386467f1f3ddbe832448650418311a479eecfc57,0xbc9831cfd276a7a38ead44601c228dddae5f46c8fb533cced62b1a1bd2af2e46
124,12500,1.8125,0x36282355dc35bc527c43dcdb9dfceeb1bbe99639,2017-10-25T17:18:11.000Z,0.000145,0x8739e5bf37b98f2e25654058acd98ab3eb64577b,sell,0x386467f1f3ddbe832448650418311a479eecfc57,0x5943163af2519ffa4c14ffd06a0764699cd0589792ac574f44464f0d1e1357b6
125,1000,0.187999999,0xb5e6e84dafecd7f99c96e89beb34bebf3812e606,2017-10-25T16:29:11.000Z,0.000187999999,0xbcce870909b3dbbe28f744f69b080dbdeeb7748a,buy,0x386467f1f3ddbe832448650418311a479eecfc57,0x867f9ea723511b9b4be203fe82a708c8400d556dbdc3b0e6e0a07d064186d6ea
126,136,0.019856,0xfbf7dc0756a9768d0c71aea5f8421f3b1eaee7d1,2017-10-25T10:33:07.000Z,0.000146,0x52cd8588ea1314854797d98674efd8016c6333b1,sell,0x386467f1f3ddbe832448650418311a479eecfc57,0x03cc7f4c64bcec53ea7a07572107c4ab7c630fd88d0e3f6cabbcf3a558f8b104
127,190,0.0361,0x90e543bbe2b020dcf69e06927ca2920750dc211f,2017-10-25T09:02:42.000Z,0.00019,0x1fdf047bf7a114b37e7936d01e9cad754ad18803,buy,0x386467f1f3ddbe832448650418311a479eecfc57,0x52fa6242d56cc53bb21d3b1a028e932f06a8ad8e3cdf3eeedc191da5cbcce91e
128,1,0.000193996999,0xe1fa699860444be91d366c21de8fef56e3dec77a,2017-10-25T02:21:12.000Z,0.000193996999,0xbcce870909b3dbbe28f744f69b080dbdeeb7748a,buy,0x386467f1f3ddbe832448650418311a479eecfc57,0xee1b21ed9e9470102e71706e62efef76c58f1ed2bfd213b99af94645f9362fbd
129,200,0.0387993998,0xf257a1086eab0a9a396325f82246145ef59ff2a6,2017-10-25T02:00:06.000Z,0.000193996999,0xbcce870909b3dbbe28f744f69b080dbdeeb7748a,buy,0x386467f1f3ddbe832448650418311a479eecfc57,0x8f48c4c9307cc36e03bb5aade5220a14b6584b3dc6eb814d5aa1f7eb3f37fccf
130,5228,1.01427394560139,0x41f02a16d182039eb37ee57f50c59f9c6911dab9,2017-10-24T20:29:36.000Z,0.0001940080232596385,0x1c311e166e62e1d4d480cf14b066533764697b65,buy,0x386467f1f3ddbe832448650418311a479eecfc57,0x3a057d221f892406e18a4a72bd6fa59b9ed2d50d17c6a5c90d1a217e57b75ae6
131,800,0.1576,0xb16b8851a4ef8ab8ec7e7eb3c403f00443e7359e,2017-10-24T16:23:20.000Z,0.000197,0x3162f2032ddce11a87098cc13fcc6117ebe92f95,buy,0x386467f1f3ddbe832448650418311a479eecfc57,0xd5e103c12768ed35335ddafa87132f97bc90556fe5d517d4366d327041a7abb0
132,2698,0.531506,0xb16b8851a4ef8ab8ec7e7eb3c403f00443e7359e,2017-10-24T16:20:58.000Z,0.000197,0x3162f2032ddce11a87098cc13fcc6117ebe92f95,buy,0x386467f1f3ddbe832448650418311a479eecfc57,0x80a6763573635afb16b051b6e39d575227ed1956360c0f023c6f3d8ed510068e
133,579,0.10422,0xb16b8851a4ef8ab8ec7e7eb3c403f00443e7359e,2017-10-24T16:19:43.000Z,0.00018,0x254fb89e4cab71708eaab16e067ca8156a38e18a,buy,0x386467f1f3ddbe832448650418311a479eecfc57,0xd1397260291158bc06a6be1e936059081a077f290c4fff3b1c7f12a92a12bf9b
134,7000,0.82656,0xe1e1d0d73eeb29d0632bc4c7871bfc74dbed0741,2017-10-24T15:31:07.000Z,0.00011808,0xb16b8851a4ef8ab8ec7e7eb3c403f00443e7359e,sell,0x386467f1f3ddbe832448650418311a479eecfc57,0xf36981929ee4d450d613ccdd1d645dc2f6edc443a7043e1165b08f06a088a00a
135,53,0.006254,0x1931653087bb9f41ef66d73544926165f00843ca,2017-10-24T10:51:22.000Z,0.000118,0xf408a52d3d95776fba309bf874af4d1b2cf0abc3,sell,0x386467f1f3ddbe832448650418311a479eecfc57,0xc649316a309b6cccac629f7014d8c112c32837db6d588923abde4a7343061583
136,420,0.0756,0x3b473f950fb09602597199ce1274e22ccd875960,2017-10-24T10:50:02.000Z,0.00018,0xf408a52d3d95776fba309bf874af4d1b2cf0abc3,sell,0x386467f1f3ddbe832448650418311a479eecfc57,0x61ab7bbdaa09dc96f4b840a5c09d3b71618fea3ad75f4befe90afc38dcb373c4
137,5,0.0009,0x39d07a75bcc6cd90e4b928f9c26d4586617e49ab,2017-10-24T10:10:43.000Z,0.00018,0x254fb89e4cab71708eaab16e067ca8156a38e18a,buy,0x386467f1f3ddbe832448650418311a479eecfc57,0x83f6a1cc63ab2a3e1bfa0af4000778727219053235dada4052530c9234c45c7b
138,416,0.07488,0x39d07a75bcc6cd90e4b928f9c26d4586617e49ab,2017-10-24T08:56:34.000Z,0.00018,0x254fb89e4cab71708eaab16e067ca8156a38e18a,buy,0x386467f1f3ddbe832448650418311a479eecfc57,0xfb87f29b579aeff71b40f342dee2e9150991c0d1d0481481a7985b9027b4176b
139,137,0.024523,0x39d07a75bcc6cd90e4b928f9c26d4586617e49ab,2017-10-24T08:54:57.000Z,0.000179,0xfbf7dc0756a9768d0c71aea5f8421f3b1eaee7d1,buy,0x386467f1f3ddbe832448650418311a479eecfc57,0x7885adbf47291b48ea7c0ba12af288ea9c1bb4046783be16631d7024ffe1d004
140,137,0.016303,0xfbf7dc0756a9768d0c71aea5f8421f3b1eaee7d1,2017-10-24T01:50:46.000Z,0.000119,0xb8c4d3c48fd783800efae55dfcef124e7b4f56c9,sell,0x386467f1f3ddbe832448650418311a479eecfc57,0x99147e1b629b609ac36252dd9fe7a3db2e5700ccbe7650297ce9e92d36f1053b
141,3000,0.8517,0xb16b8851a4ef8ab8ec7e7eb3c403f00443e7359e,2017-10-23T10:09:07.000Z,0.0002839,0xa3d7dedda551204ccb03bd79aa87824cc453b8de,buy,0x386467f1f3ddbe832448650418311a479eecfc57,0x23d78761c9b3275cde4bbbdfd3c78941e4ed3c3197662e3c302e977ec52940bf
142,500,0.14499,0xb16b8851a4ef8ab8ec7e7eb3c403f00443e7359e,2017-10-23T09:52:47.000Z,0.00028998,0xda896bd9e964386f7343414a646c8ef75d5ae009,buy,0x386467f1f3ddbe832448650418311a479eecfc57,0x4449d17112e1a5db811d663ce42f98c6489474359f97e76efd4405724e0df065
143,7860,2.317914,0xb16b8851a4ef8ab8ec7e7eb3c403f00443e7359e,2017-10-23T09:37:09.000Z,0.0002949,0xa3d7dedda551204ccb03bd79aa87824cc453b8de,buy,0x386467f1f3ddbe832448650418311a479eecfc57,0x0c66b9a1a73acfd3d5a8be314f425a31820f4066415612cb2b43e4d39b6c13b5
144,60000,3.6,0xda896bd9e964386f7343414a646c8ef75d5ae009,2017-10-23T09:36:10.000Z,0.00006,0xb16b8851a4ef8ab8ec7e7eb3c403f00443e7359e,sell,0x386467f1f3ddbe832448650418311a479eecfc57,0x4cff9a64e7b718b985296713e3ee0e12da86f395b6ee472860a28c590f7bb957
145,10000,1.04,0x254fb89e4cab71708eaab16e067ca8156a38e18a,2017-10-23T09:33:17.000Z,0.000104,0xb16b8851a4ef8ab8ec7e7eb3c403f00443e7359e,sell,0x386467f1f3ddbe832448650418311a479eecfc57,0xf307dba96f60394cf2203c689b144d1255d813c46513e6c671d43efb6669e065
146,721,0.209088558,0xb16b8851a4ef8ab8ec7e7eb3c403f00443e7359e,2017-10-23T09:31:47.000Z,0.000289998,0xa7e2affd54d9107bb4eeb951ee5a97bf240961fb,buy,0x386467f1f3ddbe832448650418311a479eecfc57,0x9743eb59b0fa20b7211c6037b172013dda5e35a3c39bb02585db80c20a48d320
147,10000,1.045,0x1fdf047bf7a114b37e7936d01e9cad754ad18803,2017-10-23T09:29:14.000Z,0.0001045,0xb16b8851a4ef8ab8ec7e7eb3c403f00443e7359e,sell,0x386467f1f3ddbe832448650418311a479eecfc57,0x971fb2037fcb44c5955d977b421104264337c565296020ec5dff327a7d18e20b
148,50000,5.200005,0xbcce870909b3dbbe28f744f69b080dbdeeb7748a,2017-10-23T09:28:41.000Z,0.0001040001,0xb16b8851a4ef8ab8ec7e7eb3c403f00443e7359e,sell,0x386467f1f3ddbe832448650418311a479eecfc57,0x35d5a27e50456b74e741e1a51ba5693fd4d8d2a3b912fd22611c3be239be140d
149,76520,7.99970688,0x9e41fd0e10b26611b8368a3875a16f4aa7f12693,2017-10-23T09:27:32.000Z,0.000104544,0xb16b8851a4ef8ab8ec7e7eb3c403f00443e7359e,sell,0x386467f1f3ddbe832448650418311a479eecfc57,0x2c1b7621cde0addcfc3d8a7d82db2871a507db51d5b05152a8b7427d9e4f7796
150,500000,29.5005,0x6bedacc2356fb151bb616f2bb5303ba2c2b78328,2017-10-23T09:26:04.000Z,0.000059001,0xb16b8851a4ef8ab8ec7e7eb3c403f00443e7359e,sell,0x386467f1f3ddbe832448650418311a479eecfc57,0xb8cde968490bddb83ff0acbff1c687fc8320317b9387aa3c350a2c044e50c305
151,220,0.0996599978,0x3736cea2db033e184fde16d5dbac41fecb623bec,2017-10-23T07:17:34.000Z,0.00045299999,0xbcce870909b3dbbe28f744f69b080dbdeeb7748a,buy,0x386467f1f3ddbe832448650418311a479eecfc57,0x25c3fe873de18f6fd4cb72cec178bb59a71248dbdd500e02fe0447807a26eb34
152,1500,0.679499985,0x3736cea2db033e184fde16d5dbac41fecb623bec,2017-10-23T07:13:56.000Z,0.00045299999,0xbcce870909b3dbbe28f744f69b080dbdeeb7748a,buy,0x386467f1f3ddbe832448650418311a479eecfc57,0xc3d88c3011ba778de72c3485aad669a2e2f2c99ad7985e044fcfdc09a8ff1acd
153,8692,3.9377951279952494,0xb16b8851a4ef8ab8ec7e7eb3c403f00443e7359e,2017-10-23T07:10:05.000Z,0.0004530367151398124,0xbcce870909b3dbbe28f744f69b080dbdeeb7748a,buy,0x386467f1f3ddbe832448650418311a479eecfc57,0x694b97e0d1b528fcf52b5db6f2b16dd9cad1d063bba67b805dcea77841d01cf1
154,74627,5.07538227,0x5c768cd8d2bbc26086c2a159c3e5afe60ed72f23,2017-10-23T06:58:37.000Z,0.00006801,0x3736cea2db033e184fde16d5dbac41fecb623bec,sell,0x386467f1f3ddbe832448650418311a479eecfc57,0x191c378fb48bd0ef9e35a848f806a5119310e27381754222fc1b6a58b16ebe0e
155,1781,0.8072347723097818,0x3736cea2db033e184fde16d5dbac41fecb623bec,2017-10-23T06:50:16.000Z,0.0004532480473384513,0x0c0bc079b14f9853ac316501ce4b116a77a86d84,buy,0x386467f1f3ddbe832448650418311a479eecfc57,0x5919b41acc661ac0186df76d7a3d014a1fe1e07d2e43e6382c8461cfc9513a15
156,7860,0.8097372,0xa3d7dedda551204ccb03bd79aa87824cc453b8de,2017-10-23T06:49:54.000Z,0.00010302,0x3736cea2db033e184fde16d5dbac41fecb623bec,sell,0x386467f1f3ddbe832448650418311a479eecfc57,0x2e3d4120d110e162efdbeb0741ea575beb7c2e5891c85d6339168dc4f67d74a4
157,358,0.1621919,0x885dd0a8df8cbefaf7ed8b73709c00876356959b,2017-10-23T06:09:49.000Z,0.00045305,0x3736cea2db033e184fde16d5dbac41fecb623bec,sell,0x386467f1f3ddbe832448650418311a479eecfc57,0xbd8d7fbb53c25b1bfba9bcf0ff1481703e2db204c3c4c92f43e6251792f64db1
158,46,0.02122420537967179,0x3736cea2db033e184fde16d5dbac41fecb623bec,2017-10-23T06:06:20.000Z,0.0004613957691232998,0x0c0bc079b14f9853ac316501ce4b116a77a86d84,buy,0x386467f1f3ddbe832448650418311a479eecfc57,0x7df881a5b6a9661bf92552ea2d4bad7d6850b7d476c948b90ee7b798e1e62265
159,5,0.002499995,0x3736cea2db033e184fde16d5dbac41fecb623bec,2017-10-23T06:06:00.000Z,0.000499999,0xf36990a2cb4d609e0a7d4f3bf884c0342d81fd3d,buy,0x386467f1f3ddbe832448650418311a479eecfc57,0x8eb9cae7cedfabf98bd4816e68e3f81619b34daa7ceff4fc2b607397ee622ace
160,850,0.38674915,0x3736cea2db033e184fde16d5dbac41fecb623bec,2017-10-23T06:05:27.000Z,0.000454999,0xbcce870909b3dbbe28f744f69b080dbdeeb7748a,buy,0x386467f1f3ddbe832448650418311a479eecfc57,0xf21d2b050ce8634e357461a4bcee38f40a436052baa054a01a30f51e10c5104a
161,125,0.0574875,0x885dd0a8df8cbefaf7ed8b73709c00876356959b,2017-10-23T06:03:45.000Z,0.0004599,0x3736cea2db033e184fde16d5dbac41fecb623bec,sell,0x386467f1f3ddbe832448650418311a479eecfc57,0xaffd0c24bfd0f9383a4d618356b602f1603f741852a2d74edc29c5e2bf8d4920
162,110,0.048888884,0x3736cea2db033e184fde16d5dbac41fecb623bec,2017-10-23T06:02:25.000Z,0.0004444444,0x183c060ce1826b1d0a64eb862794d76bbe6f775d,buy,0x386467f1f3ddbe832448650418311a479eecfc57,0xa3655fa586a95302b1fa2dafc929f16fc1e5edf1059fa31d55f291e945eb3f8c
163,1050,0.46666662,0x273a5d3e6721b9f5c1a6474f560c1334c63dda01,2017-10-23T06:01:30.000Z,0.0004444444,0x183c060ce1826b1d0a64eb862794d76bbe6f775d,buy,0x386467f1f3ddbe832448650418311a479eecfc57,0xc7902f18bd3b9d2f7801e1e8e62a16a3caae71c18436dce28280b85300b432e4
164,1994,0.903282,0x3736cea2db033e184fde16d5dbac41fecb623bec,2017-10-23T06:01:30.000Z,0.000453,0x273a5d3e6721b9f5c1a6474f560c1334c63dda01,sell,0x386467f1f3ddbe832448650418311a479eecfc57,0x9acfa06240199755031ae7382128104560ebe64a7e5a3faf7e7786c75e45a210
165,2000,0.8888888,0x273a5d3e6721b9f5c1a6474f560c1334c63dda01,2017-10-23T06:01:30.000Z,0.0004444444,0x183c060ce1826b1d0a64eb862794d76bbe6f775d,buy,0x386467f1f3ddbe832448650418311a479eecfc57,0x9acfa06240199755031ae7382128104560ebe64a7e5a3faf7e7786c75e45a210
166,1046,0.4737334,0x3736cea2db033e184fde16d5dbac41fecb623bec,2017-10-23T06:01:30.000Z,0.0004529,0x273a5d3e6721b9f5c1a6474f560c1334c63dda01,sell,0x386467f1f3ddbe832448650418311a479eecfc57,0xc7902f18bd3b9d2f7801e1e8e62a16a3caae71c18436dce28280b85300b432e4
167,485,0.219804425,0x3736cea2db033e184fde16d5dbac41fecb623bec,2017-10-23T05:55:06.000Z,0.000453205,0x885dd0a8df8cbefaf7ed8b73709c00876356959b,sell,0x386467f1f3ddbe832448650418311a479eecfc57,0xefc6210522c9add1a745bd3fd2a0dab5e5f9f16844f4861f8c2380e65af97996
168,1643,0.747685033487713,0x3736cea2db033e184fde16d5dbac41fecb623bec,2017-10-23T05:29:15.000Z,0.00045507305750925925,0xbcce870909b3dbbe28f744f69b080dbdeeb7748a,buy,0x386467f1f3ddbe832448650418311a479eecfc57,0xd30ce5c39f9512a932456e14745f3c856f78c08a7b43f378236a9a38159a1ac8
169,62,0.028570915248930576,0x3736cea2db033e184fde16d5dbac41fecb623bec,2017-10-23T05:13:49.000Z,0.00046082121369242865,0xbcce870909b3dbbe28f744f69b080dbdeeb7748a,buy,0x386467f1f3ddbe832448650418311a479eecfc57,0x441e90ab8c297eb2193f62c7412be9b53b5f3bae4ba51c4f03056b962cef23d4
170,10000,4.54999,0x3736cea2db033e184fde16d5dbac41fecb623bec,2017-10-23T05:11:37.000Z,0.000454999,0xbcce870909b3dbbe28f744f69b080dbdeeb7748a,buy,0x386467f1f3ddbe832448650418311a479eecfc57,0x6f86263f9cbac12f4d1179c555964ee2c6e4b4b02c33bbda404404e03d3c4f45
171,50,0.014,0x3736cea2db033e184fde16d5dbac41fecb623bec,2017-10-23T05:11:00.000Z,0.00028,0xa3d7dedda551204ccb03bd79aa87824cc453b8de,buy,0x386467f1f3ddbe832448650418311a479eecfc57,0x26e2ac084bc991a7fb6dcd9641d7b77533f32446b5d5e580cab5668b24bc7fd1
172,400,0.1032,0x3736cea2db033e184fde16d5dbac41fecb623bec,2017-10-23T05:10:01.000Z,0.000258,0x433da27c2c69caf91464b01d0383f3cfc48b3ee6,buy,0x386467f1f3ddbe832448650418311a479eecfc57,0x4fd98c44791b50220f3349153ce4a10069fb2f6291e15fd8befd33c7b471f5eb
173,20000,3.676,0x3736cea2db033e184fde16d5dbac41fecb623bec,2017-10-23T05:09:36.000Z,0.0001838,0x14af12c11fa2fc702add3a5f65143bc1158871e4,buy,0x386467f1f3ddbe832448650418311a479eecfc57,0x3994fe0b077dff3d62d14d48d893d79531d07a0cea1724aeeca4b31cc6447e8e
174,3297,0.6034144067528638,0x3736cea2db033e184fde16d5dbac41fecb623bec,2017-10-23T05:09:06.000Z,0.00018301923165085345,0x183c060ce1826b1d0a64eb862794d76bbe6f775d,buy,0x386467f1f3ddbe832448650418311a479eecfc57,0x4d992b4dc65be0a59a4d25e0803c138f2d6ae9ff0e2c5c1c1765b95357ac6ded
175,100000,10.3021,0x6bedacc2356fb151bb616f2bb5303ba2c2b78328,2017-10-23T05:08:24.000Z,0.000103021,0x3736cea2db033e184fde16d5dbac41fecb623bec,sell,0x386467f1f3ddbe832448650418311a479eecfc57,0x52e70bf90eef0bdf517467c85a65bed5689db223c7021dd3a915cbb5dae123dd
176,202,0.03705059324713614,0x3736cea2db033e184fde16d5dbac41fecb623bec,2017-10-23T05:07:41.000Z,0.000183418778451169,0x183c060ce1826b1d0a64eb862794d76bbe6f775d,buy,0x386467f1f3ddbe832448650418311a479eecfc57,0x37385e5c70bb52ef0093f9ff763a24c4ea3e8919bd82b903220526213319efb1
177,2500,0.45747,0x3736cea2db033e184fde16d5dbac41fecb623bec,2017-10-23T05:07:13.000Z,0.000182988,0x183c060ce1826b1d0a64eb862794d76bbe6f775d,buy,0x386467f1f3ddbe832448650418311a479eecfc57,0x4f6e82b2f5919afe8d687ec283c2eddc07a3a18b693ef5e120c64075cb0f71b5
178,1888,0.345292544,0x3736cea2db033e184fde16d5dbac41fecb623bec,2017-10-23T05:06:28.000Z,0.000182888,0x183c060ce1826b1d0a64eb862794d76bbe6f775d,buy,0x386467f1f3ddbe832448650418311a479eecfc57,0x0c855b412a2fb7d5d6635eb0586b76f4a80ca736fcf5c68635893bc6c07d6dc9
179,2236,0.40807,0x3736cea2db033e184fde16d5dbac41fecb623bec,2017-10-23T05:05:11.000Z,0.0001825,0x2d9016f7c05c598180b411e69e1dc43a25074e32,buy,0x386467f1f3ddbe832448650418311a479eecfc57,0x91f8c09056bd9c0d679328bf5dc7797a9638bc3150b6d7f949e7dc71a7bddd5b
180,2711,0.494796686055,0x3736cea2db033e184fde16d5dbac41fecb623bec,2017-10-23T05:04:32.000Z,0.000182514454465142,0x183c060ce1826b1d0a64eb862794d76bbe6f775d,buy,0x386467f1f3ddbe832448650418311a479eecfc57,0x875b1b69f6f4d5f1ee558edd3080a3b3463fdadcab1ee12700d37dc7d34ad694
181,4000,0.5,0x1fdf047bf7a114b37e7936d01e9cad754ad18803,2017-10-23T05:02:10.000Z,0.000125,0x3736cea2db033e184fde16d5dbac41fecb623bec,sell,0x386467f1f3ddbe832448650418311a479eecfc57,0x9c9587e9da7d8263cff8e08a5e70ef266f41a8130ae77df2fe7153e421366151
182,5918,0.7166698,0xbcce870909b3dbbe28f744f69b080dbdeeb7748a,2017-10-23T05:00:43.000Z,0.0001211,0x3736cea2db033e184fde16d5dbac41fecb623bec,sell,0x386467f1f3ddbe832448650418311a479eecfc57,0xe67c98625a97a4e436e46b6c537d09890e30ec8caad0977c93c98013630b13f3
183,2032,0.254,0xa19dd3af5c151be661bcd0c7146828afd49940f3,2017-10-23T04:59:15.000Z,0.000125,0x3736cea2db033e184fde16d5dbac41fecb623bec,sell,0x386467f1f3ddbe832448650418311a479eecfc57,0xc1c90b23a86e6a1753e44a58aaec89847c99ad72b4a8e3e41d96d938f8d9c032
184,2200,0.2772,0x23c54718330e3d7e8d98895cd41886369b0b4c0d,2017-10-23T04:58:58.000Z,0.000126,0x3736cea2db033e184fde16d5dbac41fecb623bec,sell,0x386467f1f3ddbe832448650418311a479eecfc57,0xbafa09f8a2b2f947357b78316bb48385a860fb74cb6f46b1bf3abc376828b698
185,2288,0.41767831367259073,0x3736cea2db033e184fde16d5dbac41fecb623bec,2017-10-23T04:56:03.000Z,0.0001825517105212372,0x183c060ce1826b1d0a64eb862794d76bbe6f775d,buy,0x386467f1f3ddbe832448650418311a479eecfc57,0xb3c151a741c0307f0f6775c807547bb4c5296d87383d7dfb148025e48296f71a
186,1776,0.3154176,0x3736cea2db033e184fde16d5dbac41fecb623bec,2017-10-23T04:54:39.000Z,0.0001776,0x183c060ce1826b1d0a64eb862794d76bbe6f775d,buy,0x386467f1f3ddbe832448650418311a479eecfc57,0x6a8e91aed25eabfe6cae1b2f97e7bc5fc869cdc09e0ac740f3b19248b41d7c58
187,2601,0.330327,0x969bef662158580727917a4a5140816946ba74d1,2017-10-23T04:52:40.000Z,0.000127,0x3736cea2db033e184fde16d5dbac41fecb623bec,sell,0x386467f1f3ddbe832448650418311a479eecfc57,0x17235b7d02231a636098159f190569f3f2a800dfe276aa09dca41bc9fe23e1d0
188,15000,1.905,0x969bef662158580727917a4a5140816946ba74d1,2017-10-23T04:51:53.000Z,0.000127,0x3736cea2db033e184fde16d5dbac41fecb623bec,sell,0x386467f1f3ddbe832448650418311a479eecfc57,0xd9c12bd118985799da2810ffd1332f6a980446e4e23ccc59a80f610a5ec6f374
189,504,0.092796352,0xfcc4514f41b0394efe6021d5516bf74c6f554d1a,2017-10-22T09:46:44.000Z,0.00018411974603174604,0xf05ed348d63dd6ce2bb8d6e7f66931cf4625761e,buy,0x386467f1f3ddbe832448650418311a479eecfc57,0x25541f34cd5ed3755705855e1b8727db292562b2fc348b43a3f8bfc5ff23e73d
190,1791,0.277605,0xfcc4514f41b0394efe6021d5516bf74c6f554d1a,2017-10-22T09:46:21.000Z,0.000155,0x1fdf047bf7a114b37e7936d01e9cad754ad18803,buy,0x386467f1f3ddbe832448650418311a479eecfc57,0xa51a629311d5ece673261fed42776841592107c012e9f5d43ad32330ac481c2d
191,2294,0.42213958686914865,0xfcc4514f41b0394efe6021d5516bf74c6f554d1a,2017-10-22T09:43:58.000Z,0.00018401900037887909,0x3162f2032ddce11a87098cc13fcc6117ebe92f95,buy,0x386467f1f3ddbe832448650418311a479eecfc57,0x92329b68c26696b84784b2b5c2beff42da1139002e3aa078c8b25d8111d0da63
192,2172,0.399647274552,0xfcc4514f41b0394efe6021d5516bf74c6f554d1a,2017-10-22T09:43:06.000Z,0.000183999666,0xbcce870909b3dbbe28f744f69b080dbdeeb7748a,buy,0x386467f1f3ddbe832448650418311a479eecfc57,0xf28bb23956b23fdd2a5c0e7e7bed25aaa8fbc5b16f9e2350fe1af8d41e0f4cfd
193,2000,0.31,0xfcc4514f41b0394efe6021d5516bf74c6f554d1a,2017-10-22T09:42:42.000Z,0.000155,0x1fdf047bf7a114b37e7936d01e9cad754ad18803,buy,0x386467f1f3ddbe832448650418311a479eecfc57,0x98aa4c9da9134a372d808398a762827688b036023d10f114f8d8f8cea53afc5a
194,445,0.08200358024805587,0x8739e5bf37b98f2e25654058acd98ab3eb64577b,2017-10-22T07:10:37.000Z,0.00018427770842259746,0xf05ed348d63dd6ce2bb8d6e7f66931cf4625761e,buy,0x386467f1f3ddbe832448650418311a479eecfc57,0x51bebc4f538cb19ed637153ec130479a4f49bd74ae90ffa66d15793af635a6e2
195,4999,0.9149972172796084,0x8739e5bf37b98f2e25654058acd98ab3eb64577b,2017-10-22T07:09:17.000Z,0.00018303605066605488,0x254fb89e4cab71708eaab16e067ca8156a38e18a,buy,0x386467f1f3ddbe832448650418311a479eecfc57,0xac92627909e73ab1832558ac6b36b07361638f71dbaa6cf06ffc861319db93c7
196,1370,0.16714,0x969bef662158580727917a4a5140816946ba74d1,2017-10-22T02:53:24.000Z,0.000122,0x9778550d76b07ac9f5e57392f68ecdf6efc1774e,sell,0x386467f1f3ddbe832448650418311a479eecfc57,0x6d704fbfb730daba950203927305e24039975f1e4f343f6a37e2b5af7a145276
197,3790,0.46617,0x1fdf047bf7a114b37e7936d01e9cad754ad18803,2017-10-22T02:48:25.000Z,0.000123,0x9778550d76b07ac9f5e57392f68ecdf6efc1774e,sell,0x386467f1f3ddbe832448650418311a479eecfc57,0xd75a1e3e56257fe8e5b42fe55757828c0c076ea1586f2df423318d7fb5f67602
198,748,0.115318896,0x0d479199250a62931f4ccb5dec399235da1b6834,2017-10-21T13:07:11.000Z,0.00015416964705882352,0xda896bd9e964386f7343414a646c8ef75d5ae009,buy,0x386467f1f3ddbe832448650418311a479eecfc57,0x72f11df457d9e46e071fe9ad89071f3e56e162c0d0d8ef43ebb15acf70dfac43
199,138,0.021252160644961007,0xb8c4d3c48fd783800efae55dfcef124e7b4f56c9,2017-10-21T12:14:06.000Z,0.00015400116409392036,0xda896bd9e964386f7343414a646c8ef75d5ae009,buy,0x386467f1f3ddbe832448650418311a479eecfc57,0x402be3e8ce134d8086f1e394d13bf8a5f5b32ea24e28f9b84c673d24efd62edf
200,12396,1.9077444,0x969bef662158580727917a4a5140816946ba74d1,2017-10-21T09:54:07.000Z,0.0001539,0x0a72ebae0321b78bf42b5846c57f90d714a5cb31,buy,0x386467f1f3ddbe832448650418311a479eecfc57,0x47b2b0100b9577bb8d092ddd11eb7a395056323cccffcf68bf6c71e73aad168b
201,10,0.00154006,0x1c41af6664365789956b7310fe0ff87090bd97b8,2017-10-21T09:46:33.000Z,0.000154006,0x09d85c1b9a940f1cdbcabe97f983d2d1637d32b1,sell,0x386467f1f3ddbe832448650418311a479eecfc57,0xa5d771b0b35beaa6e72a7369e77c86856c2f3c3f29ed49ffc1b3179e6f472c2f
202,16829,2.591772753722227,0xeaea4a70174112f48836e13541aa7dc4b57fc681,2017-10-21T07:08:54.000Z,0.00015400634343824512,0xda896bd9e964386f7343414a646c8ef75d5ae009,buy,0x386467f1f3ddbe832448650418311a479eecfc57,0xa638d9e88d73878f49a501a6d98cbe942df86da6f002325c7d9e992de2e7b08b
203,4533,0.6981056183244283,0xeaea4a70174112f48836e13541aa7dc4b57fc681,2017-10-21T07:06:16.000Z,0.0001540052103076171,0x254fb89e4cab71708eaab16e067ca8156a38e18a,buy,0x386467f1f3ddbe832448650418311a479eecfc57,0xdec719d991848c39f57a9ab0542474396b035ea0fe45a0d4fd484d078da5709c
204,466,0.07184438167557168,0xeaea4a70174112f48836e13541aa7dc4b57fc681,2017-10-21T06:39:19.000Z,0.00015417249286603363,0x254fb89e4cab71708eaab16e067ca8156a38e18a,buy,0x386467f1f3ddbe832448650418311a479eecfc57,0xf6b29299af0a32293b68a6b6565ed4ebeb17852d49673e503eb354ca3a750118
205,26000,4.004,0xeaea4a70174112f48836e13541aa7dc4b57fc681,2017-10-21T06:37:12.000Z,0.000154,0xda896bd9e964386f7343414a646c8ef75d5ae009,buy,0x386467f1f3ddbe832448650418311a479eecfc57,0x69a131469267a7f45543d7c22377aa5329df16745c3ba7527401b400b6f06c42
206,5000,0.76995,0xeaea4a70174112f48836e13541aa7dc4b57fc681,2017-10-21T06:35:35.000Z,0.00015399,0x254fb89e4cab71708eaab16e067ca8156a38e18a,buy,0x386467f1f3ddbe832448650418311a479eecfc57,0x760629a606967839ba8355ff2b23951921122fb051f7a84b0742a723c1cc25a6
207,22009,3.389492587659511,0xeaea4a70174112f48836e13541aa7dc4b57fc681,2017-10-21T05:49:42.000Z,0.00015400484291242268,0xda896bd9e964386f7343414a646c8ef75d5ae009,buy,0x386467f1f3ddbe832448650418311a479eecfc57,0xee2b8502614b91b149d2f37bfcfd10aed60f0952717df6660ee193f03a9923a9
208,9562,1.4726767520685873,0xeaea4a70174112f48836e13541aa7dc4b57fc681,2017-10-21T05:03:04.000Z,0.0001540134649726613,0xda896bd9e964386f7343414a646c8ef75d5ae009,buy,0x386467f1f3ddbe832448650418311a479eecfc57,0x994e9d0fa7a608df3c41a3c8974a134cd55fe2d702b6ae0c12193a26987d2385
209,10154,1.523206275545808,0xeaea4a70174112f48836e13541aa7dc4b57fc681,2017-10-21T05:00:29.000Z,0.00015001046637244515,0x1fdf047bf7a114b37e7936d01e9cad754ad18803,buy,0x386467f1f3ddbe832448650418311a479eecfc57,0x729b95a292203f90c320685f6af6f23700f06437d55edd1d504b92072f010e7c
210,1196,0.17944372445419202,0xeaea4a70174112f48836e13541aa7dc4b57fc681,2017-10-21T04:45:07.000Z,0.0001500365589081873,0x1fdf047bf7a114b37e7936d01e9cad754ad18803,buy,0x386467f1f3ddbe832448650418311a479eecfc57,0xec75ef4cdd2e0bc9c7aae23eb1803a69e9accfb792172536d53d0b1373759442
211,4200,0.65058,0xac7609096b9225b96ca93479ee4fc764c75893d0,2017-10-21T03:03:37.000Z,0.0001549,0x0a72ebae0321b78bf42b5846c57f90d714a5cb31,buy,0x386467f1f3ddbe832448650418311a479eecfc57,0xd0fee4791a3f80e9ad7fef024366c16813dd1bfa4f62913388930955fd35f0b7
212,49355,7.5957571233,0xac7609096b9225b96ca93479ee4fc764c75893d0,2017-10-21T03:01:17.000Z,0.00015390045837909027,0xda896bd9e964386f7343414a646c8ef75d5ae009,buy,0x386467f1f3ddbe832448650418311a479eecfc57,0x7fcb15b391bc6addcbd068106fca5b4559c8084f87f25aab39a321606b86b044
213,558,0.08589929390688032,0x6d2f6b26c0fc44f9fed0957f679d0b22745ab066,2017-10-21T01:50:53.000Z,0.00015394138692989304,0xda896bd9e964386f7343414a646c8ef75d5ae009,buy,0x386467f1f3ddbe832448650418311a479eecfc57,0x175f3d492b8d94d50ec6f287d9fb5ea4eaa8e030589cc4319c6c3f8ae9fe5ccd
214,25,0.003825,0x6d2f6b26c0fc44f9fed0957f679d0b22745ab066,2017-10-21T01:49:22.000Z,0.000153,0x4bd5871ccbfeaffd6557038170aefbf52b73bf9b,buy,0x386467f1f3ddbe832448650418311a479eecfc57,0x90159b08ca1d41d2f98379fc52a33fb69cb6cb5a5c84ab7afff72e575e3aaa9c
215,86,0.013343557102980758,0xbf1e36feb9f38240cd321ef90f711822574e363f,2017-10-21T00:08:53.000Z,0.0001551576407323344,0xda896bd9e964386f7343414a646c8ef75d5ae009,buy,0x386467f1f3ddbe832448650418311a479eecfc57,0x40c2a9a8be6d128b606d1fdf5bd24e1dabac9f9789478a0499110869d04af29d
216,4066,0.422864,0x1fdf047bf7a114b37e7936d01e9cad754ad18803,2017-10-20T18:28:27.000Z,0.000104,0x1ed014aec47fae44c9e55bac7662c0b78ae61798,sell,0x386467f1f3ddbe832448650418311a479eecfc57,0xfd76616f42809d6ad2f48f0ac33dbc416365e4486780940d2519cd77afb96e6c
217,3000,0.40566,0x254fb89e4cab71708eaab16e067ca8156a38e18a,2017-10-20T10:27:24.000Z,0.00013522,0x3162f2032ddce11a87098cc13fcc6117ebe92f95,sell,0x386467f1f3ddbe832448650418311a479eecfc57,0xb14e2ead1c51ad6bd1d63ab491fd9dc283b9e95cce3daad4da68cdfa504af5b3
218,1,0.0001598,0x6cdea8e07bf82d7a07dbf36642d6e5be8623845c,2017-10-19T23:31:17.000Z,0.0001598,0x254fb89e4cab71708eaab16e067ca8156a38e18a,buy,0x386467f1f3ddbe832448650418311a479eecfc57,0x1d6d0cb1bc9a40732ee37d928b30d66dd39a75cd36c18809124bfa6d2edc1e6d
219,1000,0.14,0xd6146c64896d92d4d32c37cb06779ddf20a05c82,2017-10-19T16:53:13.000Z,0.00014,0x004946d7c4a8ccb6b6dcdb68488510c93362bde3,sell,0x386467f1f3ddbe832448650418311a479eecfc57,0x4ff00ed28403b0c57a4709e8df448533729876d2c9dafc7af34a6c8b2df2d5cb
220,6276,1.0036604076023328,0xcec4a7f4d34462bfea051c84c7a35a50a88e148c,2017-10-19T16:42:02.000Z,0.0001599203963674845,0xda896bd9e964386f7343414a646c8ef75d5ae009,buy,0x386467f1f3ddbe832448650418311a479eecfc57,0x7679631b774726343fa56af6e49d99601fda612aa84f4aa0cd84895c6d4379b2
221,6956,1.1123000577,0xcec4a7f4d34462bfea051c84c7a35a50a88e148c,2017-10-19T16:26:17.000Z,0.0001599051261788384,0xda896bd9e964386f7343414a646c8ef75d5ae009,buy,0x386467f1f3ddbe832448650418311a479eecfc57,0x4cf56d8993ee02c989a7884364bd2d6747c90d281b31662c4d4629795ffa6a40
222,2993,0.476,0xcec4a7f4d34462bfea051c84c7a35a50a88e148c,2017-10-19T15:26:14.000Z,0.00015903775476110925,0x254fb89e4cab71708eaab16e067ca8156a38e18a,buy,0x386467f1f3ddbe832448650418311a479eecfc57,0xc32d7bb1916fe14fb24dcd875e24f0a46182ad130cdc288cf5e7a8f2ff460a1d
223,105,0.01652805,0x5d5065b42bdee0274e394ba9042c21e1818c69cf,2017-10-19T12:12:57.000Z,0.00015741,0x09d85c1b9a940f1cdbcabe97f983d2d1637d32b1,sell,0x386467f1f3ddbe832448650418311a479eecfc57,0x989d2d2627b99ec52a2f488ff1a79496739f5cd7c233af2487bd9cc14176aa03
224,3,0.0005,0x42c24a83bded723edfdf5883bc7efb30bc1a1bf3,2017-10-18T21:13:58.000Z,0.00016666666666666666,0x254fb89e4cab71708eaab16e067ca8156a38e18a,buy,0x386467f1f3ddbe832448650418311a479eecfc57,0x5b7a0d0441bbe54f7136ee7c20f222ea8c17f85e6b968bebe455ff7872e03f1d
225,3,0.0005,0x379374d13077e8867ef31803c37baf9785a17c00,2017-10-18T20:41:21.000Z,0.00016666666666666666,0x254fb89e4cab71708eaab16e067ca8156a38e18a,buy,0x386467f1f3ddbe832448650418311a479eecfc57,0x0eb7b4dd297a6dbe2bceb9fd701f759b74190831acd4ab07c0d34879e2dd3fc2
226,3,0.0005,0x42c24a83bded723edfdf5883bc7efb30bc1a1bf3,2017-10-18T19:17:48.000Z,0.00016666666666666666,0xda896bd9e964386f7343414a646c8ef75d5ae009,buy,0x386467f1f3ddbe832448650418311a479eecfc57,0xdae63a546be8fa12690735355e72ee623544c4e41bed6ac67ae2336bb60d3e77
227,3,0.0005,0x379374d13077e8867ef31803c37baf9785a17c00,2017-10-18T19:09:33.000Z,0.00016666666666666666,0xda896bd9e964386f7343414a646c8ef75d5ae009,buy,0x386467f1f3ddbe832448650418311a479eecfc57,0xc474988e89425b5536ded524d01aea6594be8c0a5b743b5ce7b41c20e81162b0
228,3,0.0005,0x379374d13077e8867ef31803c37baf9785a17c00,2017-10-18T17:43:40.000Z,0.00016666666666666666,0xda896bd9e964386f7343414a646c8ef75d5ae009,buy,0x386467f1f3ddbe832448650418311a479eecfc57,0x269435cf7380d1c2281df8bdc0050dd30ec1620bce0bfb8eddd016ee571d9755
229,3,0.0005,0x42c24a83bded723edfdf5883bc7efb30bc1a1bf3,2017-10-18T17:38:28.000Z,0.00016666666666666666,0xda896bd9e964386f7343414a646c8ef75d5ae009,buy,0x386467f1f3ddbe832448650418311a479eecfc57,0x2487822bd8de5d9da00679ba16a9169a752552193ad8861db537be6cc36e7b68
230,3,0.0005,0xf9695cd65d6dfdf257fab76a3eb0cb8f001971cc,2017-10-18T17:37:23.000Z,0.00016666666666666666,0xda896bd9e964386f7343414a646c8ef75d5ae009,buy,0x386467f1f3ddbe832448650418311a479eecfc57,0xf5565c36887906b4cd786a91df1a77d931f0b09c10a41ee3d106b0051ed4531b
231,1,0.00021,0x3ac636ac5c3a2576156ac5f10066ca68abe0ad54,2017-10-18T17:16:25.000Z,0.00021,0x1fdf047bf7a114b37e7936d01e9cad754ad18803,buy,0x386467f1f3ddbe832448650418311a479eecfc57,0xa98e62734cdcfb4ab712254fa770b6ed50ec475901b1982e65245fc09e6c760c
232,2500,0.3325,0x254fb89e4cab71708eaab16e067ca8156a38e18a,2017-10-18T17:16:10.000Z,0.000133,0x004946d7c4a8ccb6b6dcdb68488510c93362bde3,sell,0x386467f1f3ddbe832448650418311a479eecfc57,0x341dc788e04c0cd55242165687fcef073f640ebe5bc41f8a3afc2da04de941ea
233,3,0.0005,0xcd912af5286dc0b0a23edb30209734ecb60838b3,2017-10-18T17:13:40.000Z,0.00016666666666666666,0xda896bd9e964386f7343414a646c8ef75d5ae009,buy,0x386467f1f3ddbe832448650418311a479eecfc57,0xe3eb126ce4af5c7f19bde7dd70c4995ab76afeb2021cc0b140ff6fe986960783
234,3,0.0005,0xf9695cd65d6dfdf257fab76a3eb0cb8f001971cc,2017-10-18T16:06:23.000Z,0.00016666666666666666,0xda896bd9e964386f7343414a646c8ef75d5ae009,buy,0x386467f1f3ddbe832448650418311a479eecfc57,0x7b4937501e6b64d65efcc6e43e948f37c85c2a3e9772a5b3f183b04f6ffa5262
235,3,0.0005,0x379374d13077e8867ef31803c37baf9785a17c00,2017-10-18T16:05:31.000Z,0.00016666666666666666,0xda896bd9e964386f7343414a646c8ef75d5ae009,buy,0x386467f1f3ddbe832448650418311a479eecfc57,0x4a91d8c9c6e8085648dc059dd99a5fda3253cf2304237c6b6cb303d99960d3c5
236,3,0.0005,0x42c24a83bded723edfdf5883bc7efb30bc1a1bf3,2017-10-18T16:04:18.000Z,0.00016666666666666666,0xda896bd9e964386f7343414a646c8ef75d5ae009,buy,0x386467f1f3ddbe832448650418311a479eecfc57,0x648411f9023ae8c11e1de30dcd83df0073c7aacca0834f828776c24ebe6e4a0c
237,3,0.0005,0x16e5d97bbc92417e051e3b2cabfbf8ceea2acb9c,2017-10-18T15:52:02.000Z,0.00016666666666666666,0xda896bd9e964386f7343414a646c8ef75d5ae009,buy,0x386467f1f3ddbe832448650418311a479eecfc57,0xcab49430c1370e144a0b3205cb21107cf15c9b9328da67e7c8347b13efb310b5
238,3,0.0005,0xf9695cd65d6dfdf257fab76a3eb0cb8f001971cc,2017-10-18T15:19:13.000Z,0.00016666666666666666,0xda896bd9e964386f7343414a646c8ef75d5ae009,buy,0x386467f1f3ddbe832448650418311a479eecfc57,0x4275dc69927beae46ccf02ae87a098c32e2b381735157d3dc782562d08f058a3
239,3,0.0005,0x379374d13077e8867ef31803c37baf9785a17c00,2017-10-18T15:19:13.000Z,0.00016666666666666666,0xda896bd9e964386f7343414a646c8ef75d5ae009,buy,0x386467f1f3ddbe832448650418311a479eecfc57,0xb8b3f9a9fd341915dfc41a3621bdecfc373c416435d8345f399e061636634914
240,3,0.0005,0x42c24a83bded723edfdf5883bc7efb30bc1a1bf3,2017-10-18T15:17:16.000Z,0.00016666666666666666,0xda896bd9e964386f7343414a646c8ef75d5ae009,buy,0x386467f1f3ddbe832448650418311a479eecfc57,0x5bf8d70c9295395fef668bbf0ce05485ddd5ee89561b8758b01a9da4e49124dd
241,3,0.0005,0xcd912af5286dc0b0a23edb30209734ecb60838b3,2017-10-18T15:11:56.000Z,0.00016666666666666666,0xda896bd9e964386f7343414a646c8ef75d5ae009,buy,0x386467f1f3ddbe832448650418311a479eecfc57,0xad8ca72ebf8858a6948dc97862b6db933c0032d7f7961a69592bcd18be13bb31
242,737,0.098021,0x254fb89e4cab71708eaab16e067ca8156a38e18a,2017-10-18T13:33:19.000Z,0.000133,0xc297ce89eb439223c078dc3f8f89d886de014e52,sell,0x386467f1f3ddbe832448650418311a479eecfc57,0x1a58376527fb2673d293c50b3662e3dee3e966a14b49f0ca4482d8eb59435773
243,107,0.0143059,0xbf1e36feb9f38240cd321ef90f711822574e363f,2017-10-18T13:10:17.000Z,0.0001337,0x09d85c1b9a940f1cdbcabe97f983d2d1637d32b1,sell,0x386467f1f3ddbe832448650418311a479eecfc57,0x22e1f8389322d1e4c0b580b129770e80489e468acaf18c26d746ffa52c19143e
244,7300,1.16799708,0x0d53cd9fc121d223b5c337bc54bf09fe95caca13,2017-10-17T18:54:18.000Z,0.0001599996,0x254fb89e4cab71708eaab16e067ca8156a38e18a,buy,0x386467f1f3ddbe832448650418311a479eecfc57,0x56674c8696685c00fd66ed39f5ae647600d5f826feab6941a16830564d78bc83
245,19968,2.500013568,0x6bedacc2356fb151bb616f2bb5303ba2c2b78328,2017-10-16T22:20:05.000Z,0.000125201,0x1339147e052f7638d9ba78a5b1021e44e3224cd1,sell,0x386467f1f3ddbe832448650418311a479eecfc57,0x32f65901cc01a16e9cd4ca1269b15b20d54274f6768386f029ed77707074ea16
246,11005,1.377837005,0x6bedacc2356fb151bb616f2bb5303ba2c2b78328,2017-10-16T10:47:57.000Z,0.000125201,0xf414413855d61cf3b126dfc6c3e19113b37837ec,sell,0x386467f1f3ddbe832448650418311a479eecfc57,0xc664b985279993aa980411fe6382184e9b0ca2eeb9532421632cc285db89b03c
247,155,0.027667589159585247,0x885dd0a8df8cbefaf7ed8b73709c00876356959b,2017-10-16T08:41:51.000Z,0.00017850057522313063,0x254fb89e4cab71708eaab16e067ca8156a38e18a,buy,0x386467f1f3ddbe832448650418311a479eecfc57,0x0cf751081bf5976031e147fff0ebd7d1778aef2dac39784f126e149e41343283
248,510,0.090474,0xa4c64c96ad9800e9f39489e23fb549507c592abf,2017-10-16T07:53:23.000Z,0.0001774,0x254fb89e4cab71708eaab16e067ca8156a38e18a,buy,0x386467f1f3ddbe832448650418311a479eecfc57,0x86fd922e24b2f9a3f1053d9d38fc833b6f3f704bdf6f0d1e697516dcdf0b9bd6
249,25001,3.12787511,0xda896bd9e964386f7343414a646c8ef75d5ae009,2017-10-16T07:48:38.000Z,0.00012511,0xa4c64c96ad9800e9f39489e23fb549507c592abf,sell,0x386467f1f3ddbe832448650418311a479eecfc57,0x0b2bef893bf0123f9dcee86835274b5d55482473c0ef37ca798540fb9bf0eefb
250,25000,3.12775,0xda896bd9e964386f7343414a646c8ef75d5ae009,2017-10-16T07:47:47.000Z,0.00012511,0x885dd0a8df8cbefaf7ed8b73709c00876356959b,sell,0x386467f1f3ddbe832448650418311a479eecfc57,0x3f4f42921fa51312f2015740f27b8cd53f416117e4170e7d1a5485b0a0c0b5b9
251,30,0.005331,0x025fd27927bf438b63ea72de1d5bfc425e2f2779,2017-10-15T07:13:42.000Z,0.0001777,0x254fb89e4cab71708eaab16e067ca8156a38e18a,buy,0x386467f1f3ddbe832448650418311a479eecfc57,0xd7249a673d2c3d1a27e6e132355d9302e50129357fa281f10e3f2981f75c2dbb
252,4865,0.6086115,0xe1e1d0d73eeb29d0632bc4c7871bfc74dbed0741,2017-10-15T02:45:43.000Z,0.0001251,0x11135473df4f870018d41ea77c45c55262d84199,sell,0x386467f1f3ddbe832448650418311a479eecfc57,0xe1058a47700f51b1234789052030515276f964799ef4720374ddb9bc31b07057
253,17000,2.227,0xe1e1d0d73eeb29d0632bc4c7871bfc74dbed0741,2017-10-14T18:53:34.000Z,0.000131,0x0a72ebae0321b78bf42b5846c57f90d714a5cb31,sell,0x386467f1f3ddbe832448650418311a479eecfc57,0xeff99ff42a3d0850eb76ceb4fd711a41b27302ba516d5180acd2a86ffcabb7b2
254,739,0.099765,0xc297ce89eb439223c078dc3f8f89d886de014e52,2017-10-14T18:44:56.000Z,0.000135,0x0a72ebae0321b78bf42b5846c57f90d714a5cb31,sell,0x386467f1f3ddbe832448650418311a479eecfc57,0xcf566c97d9111d53a265eb67061aa6ba0c7f569f30c9bcaaab15c9ff222f2a6a
255,5000,0.75,0x509fe29a034a147c5629abd4d80f25bc0a44d79a,2017-10-14T18:44:16.000Z,0.00015,0x0a72ebae0321b78bf42b5846c57f90d714a5cb31,sell,0x386467f1f3ddbe832448650418311a479eecfc57,0xc804f981492c972cbf71ad1d18298bde0ef5465f816f65f2a46c44e98d5721c5
256,1,0.000135,0xc297ce89eb439223c078dc3f8f89d886de014e52,2017-10-14T15:18:44.000Z,0.000135,0x3162f2032ddce11a87098cc13fcc6117ebe92f95,sell,0x386467f1f3ddbe832448650418311a479eecfc57,0xa6eab793129a4e23641e4ef823eb09aaae128d4a52c4ebf9d36ef30b4649595d
257,6269,0.821239,0xe1e1d0d73eeb29d0632bc4c7871bfc74dbed0741,2017-10-14T15:14:32.000Z,0.000131,0x3162f2032ddce11a87098cc13fcc6117ebe92f95,sell,0x386467f1f3ddbe832448650418311a479eecfc57,0xfd6cb9315903a063aa3bd5dffad68f9c280003c589e9a07daac218563bf18f06
258,1689,0.221259,0xe1e1d0d73eeb29d0632bc4c7871bfc74dbed0741,2017-10-14T12:27:41.000Z,0.000131,0xb0f270f8ed15a507c2c85f2a40c2e6cfb37c4198,sell,0x386467f1f3ddbe832448650418311a479eecfc57,0xab7cb37d08ad03d25e787c2c2ec5bf58db7da670e3b7d1bdbc1f4460df3466bc
259,950,0.1596,0xf05ed348d63dd6ce2bb8d6e7f66931cf4625761e,2017-10-13T18:28:19.000Z,0.000168,0xa4c64c96ad9800e9f39489e23fb549507c592abf,sell,0x386467f1f3ddbe832448650418311a479eecfc57,0xce649a9231b16a4e98c6f25981cae0d321ce7c9733b959896e457f2ffb62bbdb
260,1694,0.282898,0x9cb677f2a8daa9511ae79c2ba56395552b5d030d,2017-10-13T16:06:52.000Z,0.000167,0x3162f2032ddce11a87098cc13fcc6117ebe92f95,sell,0x386467f1f3ddbe832448650418311a479eecfc57,0x60501c6e13cf75eae5d801c8a2e2df627eddcee7e2d7806338a9315e21a67fff
261,4000,0.6736,0x969bef662158580727917a4a5140816946ba74d1,2017-10-13T16:05:38.000Z,0.0001684,0x3162f2032ddce11a87098cc13fcc6117ebe92f95,sell,0x386467f1f3ddbe832448650418311a479eecfc57,0x6e580abbed78bf649513c3b3904f80c176b5c64e8a8b1b25525dd5dd0699bd2a
262,10000,1.553,0x254fb89e4cab71708eaab16e067ca8156a38e18a,2017-10-13T08:42:07.000Z,0.0001553,0xa4c64c96ad9800e9f39489e23fb549507c592abf,sell,0x386467f1f3ddbe832448650418311a479eecfc57,0xc2512ad6c437b225fe8c292465944f0dfb9da2571584a251362126fd67cdfbea
263,242,0.0520366275,0xa4c64c96ad9800e9f39489e23fb549507c592abf,2017-10-13T08:35:29.000Z,0.00021502738636363636,0xd20b49a6ec078400c25d02777fd752e4d9b2ffcf,buy,0x386467f1f3ddbe832448650418311a479eecfc57,0x92f29b98b8fffd4a348ab27483f0163717316b08343b6d6ee8f6279cc2bc2ffb
264,8000,1.3464,0x9cb677f2a8daa9511ae79c2ba56395552b5d030d,2017-10-13T08:32:10.000Z,0.0001683,0xa4c64c96ad9800e9f39489e23fb549507c592abf,sell,0x386467f1f3ddbe832448650418311a479eecfc57,0x665be3120c200d69b54448ab76302c20d5dd10f35e824f81758c5b6f0f90081c
265,18000,3.024,0xe1e1d0d73eeb29d0632bc4c7871bfc74dbed0741,2017-10-13T08:30:34.000Z,0.000168,0xa4c64c96ad9800e9f39489e23fb549507c592abf,sell,0x386467f1f3ddbe832448650418311a479eecfc57,0x192bdeef5fe94363cf5c619654c102b5e4965bd56b9dda4d68f4abdc0a6792c1
266,8,0.001704,0xb09e714c55c870a569ad2751f4f97a3df204d8d3,2017-10-13T04:30:26.000Z,0.000213,0xa4c64c96ad9800e9f39489e23fb549507c592abf,sell,0x386467f1f3ddbe832448650418311a479eecfc57,0xfe27c015b554fa346318c3527b6ef63bcc72a6a155678838b82c1fbfd01777cb
267,394,0.083999958,0xf99550ba2e4117319cdb8bcb1b18c2bd94a8706a,2017-10-12T05:33:10.000Z,0.00021319786294416243,0x254fb89e4cab71708eaab16e067ca8156a38e18a,buy,0x386467f1f3ddbe832448650418311a479eecfc57,0x437866a8b61de7b7ed19f0f8ccff053ae868e79b4781d5a7abefac7fa86546b2
268,280,0.05969495420757651,0x46c24e504d8d29a34e7daa3ab20e32f6e3d5eccb,2017-10-12T00:55:35.000Z,0.00021319626502705897,0x254fb89e4cab71708eaab16e067ca8156a38e18a,buy,0x386467f1f3ddbe832448650418311a479eecfc57,0x852d828d6cbd6cdd707dd26cf3c9f63e114f516b637039841be8e369bcc405ac
269,469,0.100000092,0x87eb8e079ded802c2ee2b34af5641884ae5aec05,2017-10-11T18:48:33.000Z,0.00021321981236673774,0xd0d7c568d5bb8ef7bba5d74cb66e8208b1687e0f,buy,0x386467f1f3ddbe832448650418311a479eecfc57,0x839607aa113bace6369dc7ec4b0d4441a2ac5296bad1a1f6f0f4e71e21602364
270,3511,0.7531962784049,0xeaea4a70174112f48836e13541aa7dc4b57fc681,2017-10-11T12:55:17.000Z,0.00021452471615064083,0xd20b49a6ec078400c25d02777fd752e4d9b2ffcf,buy,0x386467f1f3ddbe832448650418311a479eecfc57,0x8ce63954f505faadd89318994e03a5cdbc3982cdc0f5b29159a6b048a11262ca
271,696,0.116232,0x9cb677f2a8daa9511ae79c2ba56395552b5d030d,2017-10-11T07:04:26.000Z,0.000167,0x9b73149133c7d34a50b6b078d1244961e3c39768,sell,0x386467f1f3ddbe832448650418311a479eecfc57,0x03b3e260bda70ca97f8c00f98c2368bc5ebac097343d5fe1dc562026a42b7020
272,930,0.19809,0xb09e714c55c870a569ad2751f4f97a3df204d8d3,2017-10-11T06:25:12.000Z,0.000213,0x9b73149133c7d34a50b6b078d1244961e3c39768,sell,0x386467f1f3ddbe832448650418311a479eecfc57,0xc7e59f2fe85213bdcada9722abb8f11be0dc760964d28bf180ca35c5626ebc1a
273,5000,1.061105,0xeaea4a70174112f48836e13541aa7dc4b57fc681,2017-10-11T05:30:08.000Z,0.000212221,0x254fb89e4cab71708eaab16e067ca8156a38e18a,buy,0x386467f1f3ddbe832448650418311a479eecfc57,0x802219d645fe4ee81c985a4f4afc45ead35f5a6e102f0aefa9fce5a8ffd044e2
274,153,0.03358685979961976,0x885dd0a8df8cbefaf7ed8b73709c00876356959b,2017-10-10T19:26:45.000Z,0.00021952195947463896,0x254fb89e4cab71708eaab16e067ca8156a38e18a,buy,0x386467f1f3ddbe832448650418311a479eecfc57,0x6fb48597358917f23c032680ee374864a59d056e41ce1554192082faf1f0ee9c
275,2000,0.43,0x885dd0a8df8cbefaf7ed8b73709c00876356959b,2017-10-10T19:25:11.000Z,0.000215,0x1fdf047bf7a114b37e7936d01e9cad754ad18803,buy,0x386467f1f3ddbe832448650418311a479eecfc57,0x0c1c45f2d0f93b4ead30901ccd9bb0bb74135e2da125190e3a23c00b6da86524
276,2500,0.5325,0x885dd0a8df8cbefaf7ed8b73709c00876356959b,2017-10-10T19:23:44.000Z,0.000213,0xf05ed348d63dd6ce2bb8d6e7f66931cf4625761e,buy,0x386467f1f3ddbe832448650418311a479eecfc57,0x4639953a7a337157292404500c62ef61c200e7387f10d59c0ac6d12897a44862
277,5000,1.0611,0x885dd0a8df8cbefaf7ed8b73709c00876356959b,2017-10-10T19:22:10.000Z,0.00021222,0x254fb89e4cab71708eaab16e067ca8156a38e18a,buy,0x386467f1f3ddbe832448650418311a479eecfc57,0xd23a841916b313b4ee3091521f4d3c866c74d381809469e899572700a9756ae3
278,4839,1.030702161,0xd0d089fe18092dcb94a1a06b2496a5b9a611d3a5,2017-10-10T17:40:07.000Z,0.000212999,0x91ab10dba1a8338277aae1b723b739eefb7ea202,buy,0x386467f1f3ddbe832448650418311a479eecfc57,0xf96324b0523723cd159dc96f5d53327cce5ab9716e381328db90136d713a6e45
279,6250,1.0625,0x7fc85f5765560a01e3a34bd3b4c00c4ee34320c1,2017-10-10T15:15:00.000Z,0.00017,0x91ab10dba1a8338277aae1b723b739eefb7ea202,sell,0x386467f1f3ddbe832448650418311a479eecfc57,0x97e3e76e15ebb84c55cf8749a3757230aff8707ca2b0e3c4e48870efd7fc7f4e
280,559,0.12281000775198157,0x885dd0a8df8cbefaf7ed8b73709c00876356959b,2017-10-10T00:22:44.000Z,0.00021969589937742678,0xbcce870909b3dbbe28f744f69b080dbdeeb7748a,buy,0x386467f1f3ddbe832448650418311a479eecfc57,0xb6f0f97d7b30acb3a76858e63c9094dee6302444647e4d60f3c86339c527ad80
281,90,0.0225,0xa68510245e2c1f04eedd2814dfb295a8a322d741,2017-10-09T23:52:49.000Z,0.00025,0x5865bb6bbd8b3147276fa51a7c6147a951e9e68d,buy,0x386467f1f3ddbe832448650418311a479eecfc57,0xb9d8a1c07070560de58c9cb21b5e6cee4c22d5b768ecc4e24cbef92c43468394
282,200,0.0700066,0xa68510245e2c1f04eedd2814dfb295a8a322d741,2017-10-09T23:43:23.000Z,0.000350033,0x254fb89e4cab71708eaab16e067ca8156a38e18a,buy,0x386467f1f3ddbe832448650418311a479eecfc57,0x9b11762370fbcb3afa57a8a556946ce9dfb351a9ad04da4a37ee4e2e157013c6
283,999,0.21932607063850246,0x2425eb8aebf46424737c6e6c1b28fdde04c8e77c,2017-10-09T22:27:39.000Z,0.0002195456162547572,0x91ab10dba1a8338277aae1b723b739eefb7ea202,buy,0x386467f1f3ddbe832448650418311a479eecfc57,0xfbeb5f089a9bc899d76a8f0f61a5fee6f9b42e594bd934aa0ba3df6d01f89448
284,4200,1.96643832,0x885dd0a8df8cbefaf7ed8b73709c00876356959b,2017-10-09T21:40:05.000Z,0.0004681996,0xbcce870909b3dbbe28f744f69b080dbdeeb7748a,buy,0x386467f1f3ddbe832448650418311a479eecfc57,0x1e40755fd7248bdddcab01f68d64cf2dbdbf972a5eeb27e7d35342dc636b18a8
285,3619,1.6947462884972437,0xa4c64c96ad9800e9f39489e23fb549507c592abf,2017-10-09T21:07:44.000Z,0.00046829132039161197,0xbcce870909b3dbbe28f744f69b080dbdeeb7748a,buy,0x386467f1f3ddbe832448650418311a479eecfc57,0xbb0e9d7be0ac33c5e7fbe2b9a30c78d3810667e7e5fd250a790c9c1a426acfa3
286,3,0.001000008,0xe985ac05f01f7fa12e3322003e88bde06e6fe042,2017-10-09T20:56:53.000Z,0.000333336,0x1fdf047bf7a114b37e7936d01e9cad754ad18803,buy,0x386467f1f3ddbe832448650418311a479eecfc57,0x23edefeb15cad4bb7f795fc062fdd3413c9d2e05d46299e6a41ee8be15f07d6a
287,272,0.059814574818064,0x2425eb8aebf46424737c6e6c1b28fdde04c8e77c,2017-10-09T20:48:58.000Z,0.00021990652506641175,0x254fb89e4cab71708eaab16e067ca8156a38e18a,buy,0x386467f1f3ddbe832448650418311a479eecfc57,0x2c6293e1dd88accb9263b9c661de05fdb3271d9a53183f6931f7b26bca477994
288,115,0.05384415,0x9b73149133c7d34a50b6b078d1244961e3c39768,2017-10-09T20:48:58.000Z,0.00046821,0xda896bd9e964386f7343414a646c8ef75d5ae009,buy,0x386467f1f3ddbe832448650418311a479eecfc57,0xfe7c6f6e8b3f9f6de95535aa1e19dca90e7e81a12669402ad2e850eaeb583cb7
289,1385,0.45022408490076277,0x9b73149133c7d34a50b6b078d1244961e3c39768,2017-10-09T20:46:25.000Z,0.00032507154144459404,0x899620c05e826188d6dbfe9cbfd142f36a0f1c6e,buy,0x386467f1f3ddbe832448650418311a479eecfc57,0x246c90788a462f7ac6c39d0c149a804e2a22da14dfcc3dab92330f4b8f45df96
290,12104,1.506960104,0x91ab10dba1a8338277aae1b723b739eefb7ea202,2017-10-09T20:46:08.000Z,0.000124501,0xade22997da05c58f2024b4242946ac0d2072e43f,sell,0x386467f1f3ddbe832448650418311a479eecfc57,0x860f63e3de542aea2325324f644cc9688efbff4168f6a6561309f63d4085a6dc
291,1500,0.2255325,0x254fb89e4cab71708eaab16e067ca8156a38e18a,2017-10-09T20:41:48.000Z,0.000150355,0xade22997da05c58f2024b4242946ac0d2072e43f,sell,0x386467f1f3ddbe832448650418311a479eecfc57,0xc1e4fd4349bac7074d8e4b7d183bc16643b7639c01c65e04c7f340392d01d92a
292,4691,0.65674,0x184ef1e47cbf50f871b91389f6ad494f4ac00680,2017-10-09T20:38:11.000Z,0.00014,0xade22997da05c58f2024b4242946ac0d2072e43f,sell,0x386467f1f3ddbe832448650418311a479eecfc57,0xde3f9a0b0df2da572b349db359c497dfc974887911568f3fdb11896182287dc7
293,2500,0.36,0xf05ed348d63dd6ce2bb8d6e7f66931cf4625761e,2017-10-09T20:37:55.000Z,0.000144,0xade22997da05c58f2024b4242946ac0d2072e43f,sell,0x386467f1f3ddbe832448650418311a479eecfc57,0x57414347ba410c1f9222baedd615ce87412b915ef16df262fb6462e4a0aaee22
294,10000,1.503504,0xbcce870909b3dbbe28f744f69b080dbdeeb7748a,2017-10-09T20:36:46.000Z,0.0001503504,0xade22997da05c58f2024b4242946ac0d2072e43f,sell,0x386467f1f3ddbe832448650418311a479eecfc57,0x233bb004b723bf3a17d6f50b37586ca0181792c12d8c4668298d649860167fe4
295,614,0.19977591509923723,0xa4c64c96ad9800e9f39489e23fb549507c592abf,2017-10-09T20:06:23.000Z,0.0003253679399010378,0x899620c05e826188d6dbfe9cbfd142f36a0f1c6e,buy,0x386467f1f3ddbe832448650418311a479eecfc57,0xf105af4376894469fc1e6bcd268d856a015832f32fd4e8cd64ed95c512336fac
296,250,0.05483325,0x8f2c05301d853f81209d0a8467bc213f58c9afc9,2017-10-09T19:50:42.000Z,0.000219333,0x254fb89e4cab71708eaab16e067ca8156a38e18a,buy,0x386467f1f3ddbe832448650418311a479eecfc57,0x7985d653fef86509ca706395a41442c0c9fea08422947500e5f68196ab64081f
297,1718,0.41233920240722166,0xfe423f6b9b3aa093cc08831d9b106027f97e132e,2017-10-09T19:37:35.000Z,0.0002400111771869742,0xbcce870909b3dbbe28f744f69b080dbdeeb7748a,buy,0x386467f1f3ddbe832448650418311a479eecfc57,0x3d28804a5b198f3bedca4b7b7ca4f06fa8bff0b605ecb302c2b62e71f4dd7bba
298,1712,0.558112,0xa4c64c96ad9800e9f39489e23fb549507c592abf,2017-10-09T19:37:35.000Z,0.000326,0xfe423f6b9b3aa093cc08831d9b106027f97e132e,sell,0x386467f1f3ddbe832448650418311a479eecfc57,0x3d28804a5b198f3bedca4b7b7ca4f06fa8bff0b605ecb302c2b62e71f4dd7bba
299,5273,1.718998,0xa4c64c96ad9800e9f39489e23fb549507c592abf,2017-10-09T19:36:43.000Z,0.000326,0x91ab10dba1a8338277aae1b723b739eefb7ea202,sell,0x386467f1f3ddbe832448650418311a479eecfc57,0x0eef8cfbd0832a26b6cc7fd52f0a41cacc82d0617a71c54c527844a2a6cc58ad
300,9970,3.24025,0xa4c64c96ad9800e9f39489e23fb549507c592abf,2017-10-09T19:35:23.000Z,0.000325,0xfe423f6b9b3aa093cc08831d9b106027f97e132e,sell,0x386467f1f3ddbe832448650418311a479eecfc57,0xddac4db913d000f216f24719bd8e0c0c331da0a2deed3b0d0ed37a687645c253
301,10000,2.4,0xfe423f6b9b3aa093cc08831d9b106027f97e132e,2017-10-09T19:35:23.000Z,0.00024,0xa19dd3af5c151be661bcd0c7146828afd49940f3,buy,0x386467f1f3ddbe832448650418311a479eecfc57,0xddac4db913d000f216f24719bd8e0c0c331da0a2deed3b0d0ed37a687645c253
302,10030,2.1999197592778335,0xfe423f6b9b3aa093cc08831d9b106027f97e132e,2017-10-09T19:34:29.000Z,0.00021933397400576604,0x91ab10dba1a8338277aae1b723b739eefb7ea202,buy,0x386467f1f3ddbe832448650418311a479eecfc57,0x766a28b76e2ed9561fff3c1843f75fba219b90a9046e730f6ea836b844e36dcd
303,9999,3.269673,0xa4c64c96ad9800e9f39489e23fb549507c592abf,2017-10-09T19:34:29.000Z,0.000327,0xfe423f6b9b3aa093cc08831d9b106027f97e132e,sell,0x386467f1f3ddbe832448650418311a479eecfc57,0x766a28b76e2ed9561fff3c1843f75fba219b90a9046e730f6ea836b844e36dcd
304,9999,3.09969,0xa4c64c96ad9800e9f39489e23fb549507c592abf,2017-10-09T19:33:47.000Z,0.00031,0xfe423f6b9b3aa093cc08831d9b106027f97e132e,sell,0x386467f1f3ddbe832448650418311a479eecfc57,0x11e0e4b4a782e77ac0b699a34e845b20312de7816175a002de34f973bf48faa5
305,10030,2.1999197592778335,0xfe423f6b9b3aa093cc08831d9b106027f97e132e,2017-10-09T19:33:47.000Z,0.00021933397400576604,0x91ab10dba1a8338277aae1b723b739eefb7ea202,buy,0x386467f1f3ddbe832448650418311a479eecfc57,0x11e0e4b4a782e77ac0b699a34e845b20312de7816175a002de34f973bf48faa5
306,1969,0.443025,0xa4c64c96ad9800e9f39489e23fb549507c592abf,2017-10-09T19:26:55.000Z,0.000225,0x03677bf89a5f82a2414e69f9e127610f62839631,buy,0x386467f1f3ddbe832448650418311a479eecfc57,0x6831a248920a6d2193eff71814d0edbb27321b4e7d1a357c01bdb26d33e603f8
307,8807,4.007185,0xa4c64c96ad9800e9f39489e23fb549507c592abf,2017-10-09T19:25:04.000Z,0.000455,0xa19dd3af5c151be661bcd0c7146828afd49940f3,buy,0x386467f1f3ddbe832448650418311a479eecfc57,0xc839124330003daae65a0791efb1cb94e8c0370539d7245fdbd6e3f586bfe7a8
308,350,0.07685825,0xa4c64c96ad9800e9f39489e23fb549507c592abf,2017-10-09T19:21:17.000Z,0.000219595,0x0024a5046fd95c5eee6db19a69ef7ed3bacd50f1,buy,0x386467f1f3ddbe832448650418311a479eecfc57,0x9e780cefa4765cd7c9da656de70cfe4225a9477951363c7c23b21f5d8f1e5c07
309,350,0.066325,0xa4c64c96ad9800e9f39489e23fb549507c592abf,2017-10-09T19:18:26.000Z,0.0001895,0x0024a5046fd95c5eee6db19a69ef7ed3bacd50f1,buy,0x386467f1f3ddbe832448650418311a479eecfc57,0x83cbf8865b9169fb905cc95c53bb869a3e5fae4798bfcffde8cefe84fd9735d7
310,9585,1.815399,0xa4c64c96ad9800e9f39489e23fb549507c592abf,2017-10-09T19:17:04.000Z,0.0001894,0xa19dd3af5c151be661bcd0c7146828afd49940f3,buy,0x386467f1f3ddbe832448650418311a479eecfc57,0x7040e327a6e0d469924932597d7765d8936ea5777c495e09f288db213b64fe37
311,1000,0.1893,0xa4c64c96ad9800e9f39489e23fb549507c592abf,2017-10-09T19:15:16.000Z,0.0001893,0x254fb89e4cab71708eaab16e067ca8156a38e18a,buy,0x386467f1f3ddbe832448650418311a479eecfc57,0x7b9527290b3b82542b246e297809750793603187eb83bdf42e62133e101d3b32
312,3000,0.4509,0x8f2c05301d853f81209d0a8467bc213f58c9afc9,2017-10-09T14:53:54.000Z,0.0001503,0x91ab10dba1a8338277aae1b723b739eefb7ea202,sell,0x386467f1f3ddbe832448650418311a479eecfc57,0xd2df1e0c21b9b281721bf7739c8da0aa76a4e632a66be207e10b44ba2d552d3a
313,21000,3.108,0x250392de9f508e84e47fc5a2b2d69e22ab7badeb,2017-10-09T14:33:19.000Z,0.000148,0x91ab10dba1a8338277aae1b723b739eefb7ea202,sell,0x386467f1f3ddbe832448650418311a479eecfc57,0xa329779627c9705da1813b0dff4e8ce81a099dd955c8fef6c637b077ceb5b3c5
314,20000,3.004002,0xbcce870909b3dbbe28f744f69b080dbdeeb7748a,2017-10-09T14:33:12.000Z,0.0001502001,0x91ab10dba1a8338277aae1b723b739eefb7ea202,sell,0x386467f1f3ddbe832448650418311a479eecfc57,0x57849531c2f69bcdfe49713d7b135a1e914d510e2ff418f8e5cddcd33c50b7a5
315,6500,0.9764365,0x9e41fd0e10b26611b8368a3875a16f4aa7f12693,2017-10-09T14:32:57.000Z,0.000150221,0x91ab10dba1a8338277aae1b723b739eefb7ea202,sell,0x386467f1f3ddbe832448650418311a479eecfc57,0xd0035dc4d70299564bfe232d00b4143d8ef1110ab8c04c3b57e50a22186220b1
316,400,0.06004004,0xbcce870909b3dbbe28f744f69b080dbdeeb7748a,2017-10-09T02:56:15.000Z,0.0001501001,0x004946d7c4a8ccb6b6dcdb68488510c93362bde3,sell,0x386467f1f3ddbe832448650418311a479eecfc57,0x65bffc74e8c74f263a3cf46d6cbc4711aa2daff3506bd3180ae01e7dc53c3721
317,4750,0.806075,0xfcc4514f41b0394efe6021d5516bf74c6f554d1a,2017-10-09T01:06:49.000Z,0.0001697,0xda896bd9e964386f7343414a646c8ef75d5ae009,buy,0x386467f1f3ddbe832448650418311a479eecfc57,0x5bcb14a5d371d54db90f63c2b40d8d72a89c43e1189c77d50152df1b0776c5d9
318,51726,7.810626,0x8f2c05301d853f81209d0a8467bc213f58c9afc9,2017-10-08T21:23:40.000Z,0.000151,0x13cefa8b8be1ec7407f95f2ba5fabd9a04507536,sell,0x386467f1f3ddbe832448650418311a479eecfc57,0xa9d9fd38cd8927913cbb3b0e7af1016570c7bc2312c2399cc8713c895d591183
319,1,0.00015,0x8f2c05301d853f81209d0a8467bc213f58c9afc9,2017-10-08T20:09:23.000Z,0.00015,0x085cb895d22ec541fb4743e973c3435dd0e829e6,sell,0x386467f1f3ddbe832448650418311a479eecfc57,0x80e3f81e5c33ce52ba4f94bdde257b1d2f58b27676e535b2895af1f87e684861
320,1,0.00015,0x8f2c05301d853f81209d0a8467bc213f58c9afc9,2017-10-08T20:08:16.000Z,0.00015,0x085cb895d22ec541fb4743e973c3435dd0e829e6,sell,0x386467f1f3ddbe832448650418311a479eecfc57,0xcb118f93f8ca55e7ec2bedfce2af605347df6200eff3642759f5d5e281d4680a
321,10272,1.5408,0x8f2c05301d853f81209d0a8467bc213f58c9afc9,2017-10-08T19:48:12.000Z,0.00015,0x085cb895d22ec541fb4743e973c3435dd0e829e6,sell,0x386467f1f3ddbe832448650418311a479eecfc57,0x6b36cac3417a2639a9a1c0d0ec591b74a5001d0eab83f3571c5de2624323a3f5
322,5309,0.74326,0x184ef1e47cbf50f871b91389f6ad494f4ac00680,2017-10-08T10:49:50.000Z,0.00014,0x741059494bc05df794d274493d7eee276aa86f8e,sell,0x386467f1f3ddbe832448650418311a479eecfc57,0x720ea000b44024e503d6940e0b25a5058e5743680db7f10fc97febe1b53fd11c
323,5000,0.8099845,0x3cd34987c22b88300ea0295a743a5198239ab88c,2017-10-08T07:42:22.000Z,0.0001619969,0x1fdf047bf7a114b37e7936d01e9cad754ad18803,sell,0x386467f1f3ddbe832448650418311a479eecfc57,0xb34e568d0ca6cd9920fae726d770cd27199d388e765869ea79054cbc5c1f77d7
324,1273,0.21607143565479364,0x885dd0a8df8cbefaf7ed8b73709c00876356959b,2017-10-08T02:25:33.000Z,0.00016973404214830606,0xda896bd9e964386f7343414a646c8ef75d5ae009,buy,0x386467f1f3ddbe832448650418311a479eecfc57,0xdbab29e80b0c60d0d58d2074c496bab72dce5991f02961714ff2fe644929e043
325,4028,0.6043289467650285,0x9e41fd0e10b26611b8368a3875a16f4aa7f12693,2017-10-08T02:22:56.000Z,0.00015003201260303586,0x1fdf047bf7a114b37e7936d01e9cad754ad18803,buy,0x386467f1f3ddbe832448650418311a479eecfc57,0x65db339341415e03f667275c8eb263c049984490cb0f17d4b74d348dc69e161b
326,3629,0.5439871,0x9e41fd0e10b26611b8368a3875a16f4aa7f12693,2017-10-08T02:22:14.000Z,0.0001499,0xe1e1d0d73eeb29d0632bc4c7871bfc74dbed0741,buy,0x386467f1f3ddbe832448650418311a479eecfc57,0x4ee3d961902149fb9fba1527b9b5eab171e1971d590a965e88e45b99929e6ae7
327,805,0.13202,0x885dd0a8df8cbefaf7ed8b73709c00876356959b,2017-10-07T23:07:47.000Z,0.000164,0xf05ed348d63dd6ce2bb8d6e7f66931cf4625761e,buy,0x386467f1f3ddbe832448650418311a479eecfc57,0xe78b10cd6eef7610e681db5f956e77a616a250aec01de4cab25ab079758e805f
328,350,0.05075,0x885dd0a8df8cbefaf7ed8b73709c00876356959b,2017-10-07T23:01:08.000Z,0.000145,0xda1e4bc4eb9377e87295dec147922eaa3f509fcc,buy,0x386467f1f3ddbe832448650418311a479eecfc57,0x725207de3e6f1ceff66afa8302417857d4d410e287b42e2ded412ec0687974c8
329,3971,0.5956710532349716,0x885dd0a8df8cbefaf7ed8b73709c00876356959b,2017-10-07T21:24:44.000Z,0.00015000530174640432,0x1fdf047bf7a114b37e7936d01e9cad754ad18803,buy,0x386467f1f3ddbe832448650418311a479eecfc57,0x1fa0b53b9bc7b352aff42a79cc27cfa94a8783b15cdaf34885ba9eff401c72a8
330,5815,0.866435,0x885dd0a8df8cbefaf7ed8b73709c00876356959b,2017-10-07T21:22:24.000Z,0.000149,0x4ea32300d8f8a922efa86ef602316f6326d42bad,buy,0x386467f1f3ddbe832448650418311a479eecfc57,0x6d41479c35fba688ac7e8e3d776c17d372ad73c7023f145396b5f1c338874658
331,2000,0.29756,0x755dfe72cff68f68627b7a6ce5ef96ece2bfcfdc,2017-10-07T18:47:56.000Z,0.00014878,0xe1e1d0d73eeb29d0632bc4c7871bfc74dbed0741,buy,0x386467f1f3ddbe832448650418311a479eecfc57,0xbc85afb31ca2d37ca02cb2a74afe7384b619b0ee6d4579e0c88b8b57f4d23584
332,350,0.051975,0xda1e4bc4eb9377e87295dec147922eaa3f509fcc,2017-10-07T17:36:33.000Z,0.0001485,0x004946d7c4a8ccb6b6dcdb68488510c93362bde3,buy,0x386467f1f3ddbe832448650418311a479eecfc57,0x64f02387332f0bc9a97386bbf91fb8a818630ac487795d2034e07c042ff71664
333,5,0.0007439,0xeeb12121316645ac76b40ac9d130de4b2f655f6e,2017-10-07T13:36:24.000Z,0.00014878,0xe1e1d0d73eeb29d0632bc4c7871bfc74dbed0741,buy,0x386467f1f3ddbe832448650418311a479eecfc57,0xc5b1a58f340d45096a61a186a271c36a428ee44bb274fa07ad06a104a5e965c2
334,3078,0.3835188,0x9e41fd0e10b26611b8368a3875a16f4aa7f12693,2017-10-07T06:50:36.000Z,0.0001246,0xcb8c470ade68afc21e307891fc3cfdf37f960b6d,sell,0x386467f1f3ddbe832448650418311a479eecfc57,0x3e3f2b6d2859565a98a2f1e955e7494257ee48132271419f2b2504964ef6b621
335,2857,0.34284,0x9e41fd0e10b26611b8368a3875a16f4aa7f12693,2017-10-07T06:36:52.000Z,0.00012,0xaf52dae962845c0360ff389ba30ca965e591bc79,buy,0x386467f1f3ddbe832448650418311a479eecfc57,0x94034bac2fca1eee736b5f1feac482405e8e7b95c290fda09d93da29a1761d80
336,45,0.0067005,0x885dd0a8df8cbefaf7ed8b73709c00876356959b,2017-10-07T03:16:06.000Z,0.0001489,0x75f8d0c29e98d8636ee66aff9656ac0523553fbd,buy,0x386467f1f3ddbe832448650418311a479eecfc57,0x21e9a371614272d0b6b2ac09f1c1231622a5073a57ea6cd19ff6a7fef7523d97
337,5634,0.698616,0xe1e1d0d73eeb29d0632bc4c7871bfc74dbed0741,2017-10-07T02:46:26.000Z,0.000124,0x885dd0a8df8cbefaf7ed8b73709c00876356959b,sell,0x386467f1f3ddbe832448650418311a479eecfc57,0x526e47d42be44abd73edcdddbf55bb420556c9184bbe0840a154f378242996ad
338,6000,0.7284,0xbcce870909b3dbbe28f744f69b080dbdeeb7748a,2017-10-07T02:34:21.000Z,0.0001214,0x885dd0a8df8cbefaf7ed8b73709c00876356959b,sell,0x386467f1f3ddbe832448650418311a479eecfc57,0x31694fec571e4145e4cfe7f627ab5e7c958ff21f29246a5d60aaf21bf74b0f2a
339,1969,0.24348654,0x03677bf89a5f82a2414e69f9e127610f62839631,2017-10-07T02:31:03.000Z,0.00012366,0x885dd0a8df8cbefaf7ed8b73709c00876356959b,sell,0x386467f1f3ddbe832448650418311a479eecfc57,0xb719712c65c0d13697710967579032cb2e1db35566007f2d690dc79476dcff51
340,25000,3.0325,0x8f2c05301d853f81209d0a8467bc213f58c9afc9,2017-10-07T02:12:54.000Z,0.0001213,0x885dd0a8df8cbefaf7ed8b73709c00876356959b,sell,0x386467f1f3ddbe832448650418311a479eecfc57,0x832b7c8c6b382dbb1ad7ab93c8268c6ae252d52ccd405655d0d9e7ac4e7bbca5
341,50000,6.065,0x184ef1e47cbf50f871b91389f6ad494f4ac00680,2017-10-07T00:13:57.000Z,0.0001213,0x885dd0a8df8cbefaf7ed8b73709c00876356959b,sell,0x386467f1f3ddbe832448650418311a479eecfc57,0x36c7c3b9e9a58bbb93ebf27b331340645abf55be5302c5b8213758e974653bab
342,471,0.0570382884,0xbcce870909b3dbbe28f744f69b080dbdeeb7748a,2017-10-06T02:20:28.000Z,0.0001211004,0x3f1c935714248fe4175fad8a1d212edccb536f10,sell,0x386467f1f3ddbe832448650418311a479eecfc57,0x3a005ebe35d873b5e2dcb6cfbcb3bcd52f4c64e3bd77a5a7a36e82990297f3e0
343,6579,1.1171115684,0x3de1655d54223f420f5d8e72ebfb27e5ad8a3a06,2017-10-05T20:16:01.000Z,0.0001697996,0xbcce870909b3dbbe28f744f69b080dbdeeb7748a,buy,0x386467f1f3ddbe832448650418311a479eecfc57,0xd25fcea1cec25259f2e45a02da8cfacde23bbc34321fab6f50ed3823a66acbeb
344,10,0.001697996,0xd8a62ad8a7efa8a3267932d2e478c026566fbe34,2017-10-05T18:37:07.000Z,0.0001697996,0xbcce870909b3dbbe28f744f69b080dbdeeb7748a,buy,0x386467f1f3ddbe832448650418311a479eecfc57,0x9b66a74f499cc1cfe734ada9e2a81f0cdd56023fb7e51cef381a17738a8f27a0
345,10,0.001697996,0xd8a62ad8a7efa8a3267932d2e478c026566fbe34,2017-10-05T17:24:02.000Z,0.0001697996,0xbcce870909b3dbbe28f744f69b080dbdeeb7748a,buy,0x386467f1f3ddbe832448650418311a479eecfc57,0x209b0f03ac534339edc8c6a0c3407031173fd26e3c69d5fc73448cfb9de66e9f
346,35184,3.87059184,0xda896bd9e964386f7343414a646c8ef75d5ae009,2017-10-05T15:21:16.000Z,0.00011001,0x72dafc9745d6272d4a250fd16a404f5778512ca3,sell,0x386467f1f3ddbe832448650418311a479eecfc57,0xfddcc6ddaa5511fa9ce4c1c71f1816b085daa3f8a1529aa563488c5cf7d70160
347,3088,0.3399888,0xcb8c470ade68afc21e307891fc3cfdf37f960b6d,2017-10-05T15:20:02.000Z,0.0001101,0x72dafc9745d6272d4a250fd16a404f5778512ca3,sell,0x386467f1f3ddbe832448650418311a479eecfc57,0x2f1241a39395773355a2de71c1e5609a112d895009a9aab3fc262f3b734816f7
348,1424,0.1610544,0x1fdf047bf7a114b37e7936d01e9cad754ad18803,2017-10-05T15:19:44.000Z,0.0001131,0x72dafc9745d6272d4a250fd16a404f5778512ca3,sell,0x386467f1f3ddbe832448650418311a479eecfc57,0x4298a16da29603dbd357746457908b29dc7508f3486d2d9f8759b5461b125962
349,6280,0.70964,0x1931653087bb9f41ef66d73544926165f00843ca,2017-10-05T15:19:44.000Z,0.000113,0x72dafc9745d6272d4a250fd16a404f5778512ca3,sell,0x386467f1f3ddbe832448650418311a479eecfc57,0xb4a30adf6d4715554f05476c5114c7f59e1b84cc0d0570418c59435657f68e77
350,30000,3.393,0x3162f2032ddce11a87098cc13fcc6117ebe92f95,2017-10-05T15:18:49.000Z,0.0001131,0x72dafc9745d6272d4a250fd16a404f5778512ca3,sell,0x386467f1f3ddbe832448650418311a479eecfc57,0xfcc05c0942c84032e9f6c634762b5ace69e86954c76a1cef636ed6650f1e198f
351,19,0.003924545,0xb34a32cef8174448f3cfb82ea4d53772136b6992,2017-10-05T12:11:37.000Z,0.000206555,0xbf52f67f8524587d6a7ab1f1f8d092c635b9587f,sell,0x386467f1f3ddbe832448650418311a479eecfc57,0x4b7278dfb117cecb52b65febf4fc09f9db1fbd0095cb31b878215ba25900286d
352,19,0.003325,0xbf52f67f8524587d6a7ab1f1f8d092c635b9587f,2017-10-05T12:11:08.000Z,0.000175,0x1fdf047bf7a114b37e7936d01e9cad754ad18803,buy,0x386467f1f3ddbe832448650418311a479eecfc57,0x877b33c966327ebc2ea3d15dd71e7ee917e0e116540be0b6f228c052c11f9c9f
353,1,0.000206555,0xb34a32cef8174448f3cfb82ea4d53772136b6992,2017-10-05T09:52:38.000Z,0.000206555,0x885dd0a8df8cbefaf7ed8b73709c00876356959b,sell,0x386467f1f3ddbe832448650418311a479eecfc57,0x21f172c9a70399a32cc1ae0bb7b68c38108dae5e81b0ba9a1e15718d7af125e0
354,3576,0.4044456,0x1fdf047bf7a114b37e7936d01e9cad754ad18803,2017-10-05T08:29:31.000Z,0.0001131,0x885dd0a8df8cbefaf7ed8b73709c00876356959b,sell,0x386467f1f3ddbe832448650418311a479eecfc57,0x4504e2cb5320ac55c4540925073a73b97a41bf7b66652acb32141d0a6bd93d9f
355,700,0.098,0x11135473df4f870018d41ea77c45c55262d84199,2017-10-05T08:09:08.000Z,0.00014,0x885dd0a8df8cbefaf7ed8b73709c00876356959b,sell,0x386467f1f3ddbe832448650418311a479eecfc57,0x6f1a201cc73cfc187e8aa43fe4a96ac8e6dbd1891e8aae8fa4abe6fb4f93ab6a
356,1,0.0001797,0x3e379f55f8faae407fae416f8ca096a82d2dee70,2017-10-05T00:56:08.000Z,0.0001797,0xda896bd9e964386f7343414a646c8ef75d5ae009,buy,0x386467f1f3ddbe832448650418311a479eecfc57,0x5268cba95aa1687b414690ddbf75ac026d8866a567803a300ae6a91214e6b9ff
357,3628,0.39908,0x3de1655d54223f420f5d8e72ebfb27e5ad8a3a06,2017-10-04T23:15:59.000Z,0.00011,0x0c70dc96a0fa002c0c8f33e86ab6e95610290f90,sell,0x386467f1f3ddbe832448650418311a479eecfc57,0xbacfe82da1f6c6be5806dcfe614df314047d93f5a218276be185c043560d9773
358,27322,4.999999932,0xac7609096b9225b96ca93479ee4fc764c75893d0,2017-10-04T15:51:22.000Z,0.00018300270595124807,0x6bedacc2356fb151bb616f2bb5303ba2c2b78328,buy,0x386467f1f3ddbe832448650418311a479eecfc57,0xbd7ef5fdd9cef08736f36d6463215c83eb75d75bff437367edc27f511b8b5cdd
359,3018,0.3021018,0xda896bd9e964386f7343414a646c8ef75d5ae009,2017-10-04T12:12:22.000Z,0.0001001,0x9c30a148719022ffb02faad421293611623f2d1b,sell,0x386467f1f3ddbe832448650418311a479eecfc57,0x1052aac7a514eb8bb5d6785711abf7890c14966d0e590ed395e1235230315b0b
360,271,0.0405145,0x0024a5046fd95c5eee6db19a69ef7ed3bacd50f1,2017-10-04T12:08:29.000Z,0.0001495,0x9c30a148719022ffb02faad421293611623f2d1b,sell,0x386467f1f3ddbe832448650418311a479eecfc57,0x704f604477d9d6236f66e3f8d86330c2e74f652ce236a3617017ffc080d43199
361,663,0.12139403096639886,0x885dd0a8df8cbefaf7ed8b73709c00876356959b,2017-10-04T10:26:06.000Z,0.00018309808592217023,0x254fb89e4cab71708eaab16e067ca8156a38e18a,buy,0x386467f1f3ddbe832448650418311a479eecfc57,0x53801273a4a0f46268e7db53457796b223f023b97c64645951e0714f8e32db80
362,79,0.0118105,0x0024a5046fd95c5eee6db19a69ef7ed3bacd50f1,2017-10-04T04:34:09.000Z,0.0001495,0x0d479199250a62931f4ccb5dec399235da1b6834,sell,0x386467f1f3ddbe832448650418311a479eecfc57,0x62873c134664028621966cc53a3fae6b7b1380ce178481f42ded2a47d2a59d9b
363,1000,0.184999,0x885dd0a8df8cbefaf7ed8b73709c00876356959b,2017-10-04T03:41:47.000Z,0.000184999,0x254fb89e4cab71708eaab16e067ca8156a38e18a,buy,0x386467f1f3ddbe832448650418311a479eecfc57,0x3999278109180e6053a7587bcdd3b7c1ffc6f7183d76e7a6fafee661c21d3df6
364,15000,1.582515,0x13cefa8b8be1ec7407f95f2ba5fabd9a04507536,2017-10-04T03:28:04.000Z,0.000105501,0x885dd0a8df8cbefaf7ed8b73709c00876356959b,sell,0x386467f1f3ddbe832448650418311a479eecfc57,0xcbcd22bf41cb0081b5848642106b6ba2d98048a15ae4692d421200b8b67cc98a
365,80,0.0128,0x0d479199250a62931f4ccb5dec399235da1b6834,2017-10-04T03:16:55.000Z,0.00016,0xcbda4635348271beb2af7c4c79203e27bd14efcc,sell,0x386467f1f3ddbe832448650418311a479eecfc57,0xeb97b558461f067e4ed572ff83dcca75b2c4cf8a0ac90bfeb9b36381ce295aca
366,157,0.02904186,0x885dd0a8df8cbefaf7ed8b73709c00876356959b,2017-10-04T02:55:56.000Z,0.00018498,0xabb922a2de8c97a6c6ffca818d6b3ea37dd5399c,buy,0x386467f1f3ddbe832448650418311a479eecfc57,0xd193fc5b8892c2d0e280b2cc71bc81ee2fefcf27594102e6862c04b75454ea98
367,4636,0.5797318,0xcb8c470ade68afc21e307891fc3cfdf37f960b6d,2017-10-04T02:46:45.000Z,0.00012505,0x885dd0a8df8cbefaf7ed8b73709c00876356959b,sell,0x386467f1f3ddbe832448650418311a479eecfc57,0x90f23247a43130bac15287e90319ade487e396f68e503a91f4d38d597a9ada4d
368,10000,1.25051,0x7f325a2d8365385e4b189b708274526899c17453,2017-10-04T02:44:07.000Z,0.000125051,0x885dd0a8df8cbefaf7ed8b73709c00876356959b,sell,0x386467f1f3ddbe832448650418311a479eecfc57,0x1f90b1eeaa757bc8c1786bee70ea39f54a8c56a6228421d2d2727969c02ddc0a
369,42000,5.25,0x7ae7d8c48fb686bf5eed27cdcf4966cd0225a66a,2017-10-04T02:33:33.000Z,0.000125,0x885dd0a8df8cbefaf7ed8b73709c00876356959b,sell,0x386467f1f3ddbe832448650418311a479eecfc57,0xe03266e78dfa53457db94860e2b3b0291898cc76b227fbd178e8ab5f3cd12a6e
370,200000,22,0x6bedacc2356fb151bb616f2bb5303ba2c2b78328,2017-10-04T02:16:27.000Z,0.00011,0x885dd0a8df8cbefaf7ed8b73709c00876356959b,sell,0x386467f1f3ddbe832448650418311a479eecfc57,0xa0a3045b04ca09c5220f1bd0c9ee02a69170f85c5426c950b02d2f3fb030ae45
371,3,0.0005699997,0xbf52f67f8524587d6a7ab1f1f8d092c635b9587f,2017-10-03T21:55:26.000Z,0.0001899999,0xbcce870909b3dbbe28f744f69b080dbdeeb7748a,buy,0x386467f1f3ddbe832448650418311a479eecfc57,0x15a11ff3e898de8ff8feecbd721ad058a388500d85329d362af6376be4dcb6f7
372,1000,0.153,0x9cb677f2a8daa9511ae79c2ba56395552b5d030d,2017-10-03T21:01:54.000Z,0.000153,0xdcfd6486786edff27f2e4b731020778364afcd4f,sell,0x386467f1f3ddbe832448650418311a479eecfc57,0x0ba21cc8c26ca3ba131135837fb93d80e0482c9a84ff8c1754528d427cc14004
373,100,0.016,0x0d479199250a62931f4ccb5dec399235da1b6834,2017-10-03T06:14:17.000Z,0.00016,0x885dd0a8df8cbefaf7ed8b73709c00876356959b,sell,0x386467f1f3ddbe832448650418311a479eecfc57,0xa47efbb574d763353f37b7b3f686ff923d07effb2d9fcd014147a041b27d3edb
374,1103,0.2478704239469595,0x885dd0a8df8cbefaf7ed8b73709c00876356959b,2017-10-03T05:50:31.000Z,0.0002247238657724021,0xda896bd9e964386f7343414a646c8ef75d5ae009,buy,0x386467f1f3ddbe832448650418311a479eecfc57,0xcb5be8c06160d0df3c47b60cc5d5105a26ebdc67f6efb87c59da62349f8e2f8e
375,20000,3.04,0x254fb89e4cab71708eaab16e067ca8156a38e18a,2017-10-03T04:52:13.000Z,0.000152,0x885dd0a8df8cbefaf7ed8b73709c00876356959b,sell,0x386467f1f3ddbe832448650418311a479eecfc57,0xbe10153275fae4dd900bc87c09bcf5ca3963eee4102045774c1717e21b47e30a
376,9585,1.466505,0xa19dd3af5c151be661bcd0c7146828afd49940f3,2017-10-03T04:47:02.000Z,0.000153,0x885dd0a8df8cbefaf7ed8b73709c00876356959b,sell,0x386467f1f3ddbe832448650418311a479eecfc57,0x40934bd92ccbbfd707eb38f2c0b16420f4e9835a9975e266ff678b3fc4d5d870
377,550,0.089375,0x0024a5046fd95c5eee6db19a69ef7ed3bacd50f1,2017-10-03T02:19:42.000Z,0.0001625,0x0c70dc96a0fa002c0c8f33e86ab6e95610290f90,sell,0x386467f1f3ddbe832448650418311a479eecfc57,0x915c5e103ecb982010a7cc3c0b02bdf0a9fbce4a340004e8dcf8bd4130902bcf
378,1000,0.17,0x5495b81b3654bae90ccc264b39ab0e51b395d58e,2017-10-03T02:16:59.000Z,0.00017,0x0c70dc96a0fa002c0c8f33e86ab6e95610290f90,sell,0x386467f1f3ddbe832448650418311a479eecfc57,0x474f89a1f54783de6995acf0e82fdf3e2863175500dbcaf23f06390e718b3ee4
379,5000,1.12444,0x885dd0a8df8cbefaf7ed8b73709c00876356959b,2017-10-03T02:06:55.000Z,0.000224888,0x254fb89e4cab71708eaab16e067ca8156a38e18a,buy,0x386467f1f3ddbe832448650418311a479eecfc57,0xd96fd5e63b6888864d6890c8e618f7247f8363ee078f5aedef842df038a3ae27
380,28105,4.243855,0x13cefa8b8be1ec7407f95f2ba5fabd9a04507536,2017-10-03T00:39:59.000Z,0.000151,0x885dd0a8df8cbefaf7ed8b73709c00876356959b,sell,0x386467f1f3ddbe832448650418311a479eecfc57,0x7a49848478ae481b350c6d10f2388484590f4c35fad739f045379b0f61d4d0f8
381,20000,3.282,0x254fb89e4cab71708eaab16e067ca8156a38e18a,2017-10-03T00:16:09.000Z,0.0001641,0x885dd0a8df8cbefaf7ed8b73709c00876356959b,sell,0x386467f1f3ddbe832448650418311a479eecfc57,0x0291836609fe4018ff735001abc1937143915966b12eddd3d019ed1fa2490c7c
382,250,0.05,0x11135473df4f870018d41ea77c45c55262d84199,2017-10-02T23:28:31.000Z,0.0002,0x885dd0a8df8cbefaf7ed8b73709c00876356959b,sell,0x386467f1f3ddbe832448650418311a479eecfc57,0x7f028d69a32e728d9709c94534402f4b395385362c9ae64043a786c5e2a168f1
383,300000,36.0009,0x7b6b2f3c88ce2ecedc01c545f13faf36034d772f,2017-10-02T22:37:12.000Z,0.000120003,0x885dd0a8df8cbefaf7ed8b73709c00876356959b,sell,0x386467f1f3ddbe832448650418311a479eecfc57,0x982d714cb21364137e4d9d105f39c0e86de629adb6c1c47744d672e0762fdbcc
384,7322,1.252062,0x1fdf047bf7a114b37e7936d01e9cad754ad18803,2017-10-02T19:13:26.000Z,0.000171,0x024cb34b371033b7d7d3657196c2756376f29ffa,sell,0x386467f1f3ddbe832448650418311a479eecfc57,0x8fec508a10f5ecff102ad0f25b3d97366926f0e407b669b6193720521214744c
385,1333,0.299999925,0x8da29b919579bb96b72acdb6633b634eb4d59584,2017-10-02T18:53:58.000Z,0.0002250562078019505,0x7ae7d8c48fb686bf5eed27cdcf4966cd0225a66a,buy,0x386467f1f3ddbe832448650418311a479eecfc57,0x424ef7f60f80a048d9beece0fb8c36ca5fcdbd34de4a95922892c22042395643
386,4,0.001,0x273a5d3e6721b9f5c1a6474f560c1334c63dda01,2017-10-01T19:01:52.000Z,0.00025,0x5692c5332e3f921a3b671ca68297b16ddce7db13,buy,0x386467f1f3ddbe832448650418311a479eecfc57,0x0323d79867cb1578e94bfac5e4884c73bc21ce90a2f24822f494490215612f5b
387,400,0.0992,0x433e7eceaca9ee3748db9114aeda98d53c1d3f36,2017-10-01T12:17:11.000Z,0.000248,0x433da27c2c69caf91464b01d0383f3cfc48b3ee6,buy,0x386467f1f3ddbe832448650418311a479eecfc57,0x344d556ff57694a8f9c06ca33e96668754ca2dda1efcd3d55f261cc35a1a4a88
388,23,0.00552,0x8863729354cffd4f907f3866ea66bc9299f479ba,2017-10-01T09:12:27.000Z,0.00024,0x7ae7d8c48fb686bf5eed27cdcf4966cd0225a66a,buy,0x386467f1f3ddbe832448650418311a479eecfc57,0xe9e1802179366f36bec6f8fc0b1d10e257117f7e637d153bdfd06cd0c89b7713
389,7266,1.74400848,0x2e2557c850f852fbffde6680209a5eda60cd0317,2017-10-01T06:35:45.000Z,0.00024002318744838975,0x7ae7d8c48fb686bf5eed27cdcf4966cd0225a66a,buy,0x386467f1f3ddbe832448650418311a479eecfc57,0xda568b90832c6be2c8c92aa4e2a3e77894709c822ade7d1ab3a38fc9cd7624c8
