,amount,amountBase,buyer,date,price,seller,side,tokenAddr,txHash
0,4.376752127354093,0.005295870074098453,0x3dee4a4e076e8d82859d241db0baf46f112cfa23,2017-11-02T08:31:18.000Z,0.00121,0xc2ef3492077355a26a7bd24386a15e1346c07ef0,sell,0x667088b212ce3d06a1b553a7221e1fd19000d9af,0x76a30f529a2b52c918367b2fb4fe2e3e6585ab00e7d34c91e48ff5b99653c595
1,135,0.16335,0x3dee4a4e076e8d82859d241db0baf46f112cfa23,2017-11-02T08:24:06.000Z,0.00121,0xc2ef3492077355a26a7bd24386a15e1346c07ef0,sell,0x667088b212ce3d06a1b553a7221e1fd19000d9af,0xfd119bfe4ea5581a9f978ea3b417c70aa3eeeace4362aa715211efcd36c1a7ea
2,1.2928374866593668,0.001913399480255862,0x85fb3bc0502d23f2f48662498daac671dea8b756,2017-11-02T08:23:14.000Z,0.0014799999999999993,0xc2ef3492077355a26a7bd24386a15e1346c07ef0,sell,0x667088b212ce3d06a1b553a7221e1fd19000d9af,0xd99521064449a8279650c22a9e8fffa69c9b4983715b8bf561f59c5716147183
3,0.9268054555650685,0.001353136891930455,0xf36990a2cb4d609e0a7d4f3bf884c0342d81fd3d,2017-11-02T08:23:14.000Z,0.0014600009999999992,0xc2ef3492077355a26a7bd24386a15e1346c07ef0,sell,0x667088b212ce3d06a1b553a7221e1fd19000d9af,0x17b977e15957b9507b4f7f7fa4f2fa3396f230cdf993e372178d91c26a4566db
4,145,0.2146,0x85fb3bc0502d23f2f48662498daac671dea8b756,2017-11-02T01:31:31.000Z,0.00148,0x9f1065cd5cdbf9d36cd56ea2ce48add97985b0d1,sell,0x667088b212ce3d06a1b553a7221e1fd19000d9af,0xbbcc304575f0d60f90cd5780b136acf94b57204e69d76a77684db6e7acdab0b4
5,187.76165240372387,0.28162370244034546,0xcd371e6ee9dbc386f85b8eab0c9711368d404618,2017-11-02T00:04:50.000Z,0.0014999,0xc1c59390f2aaa7def424605d96769ef7a7c64916,buy,0x667088b212ce3d06a1b553a7221e1fd19000d9af,0xfc789c105b6b58fbd5e488bca88c46c5dc34a5eb571b34a285f93a7b83e88531
6,156.916,0.23223568,0xcd371e6ee9dbc386f85b8eab0c9711368d404618,2017-11-02T00:02:25.000Z,0.00148,0xe2eabfc1e89a462bbd2ba188cd8a9591a9a0d04e,buy,0x667088b212ce3d06a1b553a7221e1fd19000d9af,0xdb348eb23bc535e10681db6eac1e197fa6d8847309e0de24169f40bacc24bd29
7,29.072525692610707,0.04139927658627765,0xa3d7dedda551204ccb03bd79aa87824cc453b8de,2017-11-01T20:22:55.000Z,0.001424,0xc1c59390f2aaa7def424605d96769ef7a7c64916,sell,0x667088b212ce3d06a1b553a7221e1fd19000d9af,0x63a6555f00387866330efdc90eb55c8306e72c48f0af3575f64a202176c02232
8,0.07319454443493141,0.000106864108069544,0xf36990a2cb4d609e0a7d4f3bf884c0342d81fd3d,2017-11-01T18:38:05.000Z,0.0014600009999999961,0xf142f26d1cac4ba8a6e6d7974d243eda2fe5f4f9,sell,0x667088b212ce3d06a1b553a7221e1fd19000d9af,0xcdb3bfc5666705345305fc74c6cba09b5492efe00ca784962afc61c27d080611
9,734.2144752267969,1.0455214127229588,0xa3d7dedda551204ccb03bd79aa87824cc453b8de,2017-11-01T18:37:06.000Z,0.001424,0xf142f26d1cac4ba8a6e6d7974d243eda2fe5f4f9,sell,0x667088b212ce3d06a1b553a7221e1fd19000d9af,0xb194a44991885141a21a41e6859230960790b555d57c33a63e4e458616c464db
10,22.71299908059236,0.03234331069076352,0xa3d7dedda551204ccb03bd79aa87824cc453b8de,2017-11-01T18:09:37.000Z,0.001424,0x9f1065cd5cdbf9d36cd56ea2ce48add97985b0d1,sell,0x667088b212ce3d06a1b553a7221e1fd19000d9af,0xfeecc8429bfa5a313c80fab15d827e9188023301f9e124c600f478380db49ea4
11,46.68856634424034,0.06816535355115724,0xf0b6feeaff52411c0b9a750f41aaafbf288f4375,2017-11-01T18:07:17.000Z,0.001460001,0x9f1065cd5cdbf9d36cd56ea2ce48add97985b0d1,sell,0x667088b212ce3d06a1b553a7221e1fd19000d9af,0x93bbcc97d34907ff0f3fa4dd2bebdc0b93d1e23eb92aed8c70a93ba6eb56eee1
12,140,0.20440014,0xf0b6feeaff52411c0b9a750f41aaafbf288f4375,2017-11-01T17:59:50.000Z,0.001460001,0x9f1065cd5cdbf9d36cd56ea2ce48add97985b0d1,sell,0x667088b212ce3d06a1b553a7221e1fd19000d9af,0xd713e5567a148847c8639bee3cc2c50b99b84367e51fa8796925fafad76b48a9
13,10,0.015,0x244beb883da53d9f6169762af296e944aba5bb84,2017-11-01T17:59:30.000Z,0.0015,0x9f1065cd5cdbf9d36cd56ea2ce48add97985b0d1,sell,0x667088b212ce3d06a1b553a7221e1fd19000d9af,0x4016d8b63d0c1827aedf5b0e9b0b0ac984d7131f2dee46724e541147295320b0
14,50,0.1495,0xa8ebce443fddd76cc1ab018d96b4f5e3b629f1e6,2017-10-31T15:11:48.000Z,0.00299,0xb7ddaba243659e42d2813fcb9f30aca983478b5c,buy,0x667088b212ce3d06a1b553a7221e1fd19000d9af,0x37dd14f235602655eada0f7404b1968d4a61edff75d7d4d31a1236b54e9f99b1
15,69.68,0.1742,0xa8ebce443fddd76cc1ab018d96b4f5e3b629f1e6,2017-10-31T15:10:33.000Z,0.0025,0x86c5369ff1c20528ba1cf7233d86f52135a76ffc,buy,0x667088b212ce3d06a1b553a7221e1fd19000d9af,0x8cef2f1f7614657f6513076d527c88b7c1861628849426b8dfe87fbc3dabefda
16,10,0.025,0xa8ebce443fddd76cc1ab018d96b4f5e3b629f1e6,2017-10-31T15:09:06.000Z,0.0025,0xbee43e315be90b034c378894b16ec3eceb6818d0,buy,0x667088b212ce3d06a1b553a7221e1fd19000d9af,0xb477b3c29e2b03c22c0f0dcadd057636a364d7ec1cd1d435d2762c58012faab4
17,20,0.05,0xa8ebce443fddd76cc1ab018d96b4f5e3b629f1e6,2017-10-31T13:59:53.000Z,0.0025,0xbee43e315be90b034c378894b16ec3eceb6818d0,buy,0x667088b212ce3d06a1b553a7221e1fd19000d9af,0xdad392c773203920747706047663c3ac4d2876719748430f7379cd462be69b9b
18,1333.8650184428272,2.000930914166085,0x1e94d6adf74261cdc22f2d5165bfee8264f143e9,2017-10-31T13:28:28.000Z,0.0015001,0x9778550d76b07ac9f5e57392f68ecdf6efc1774e,sell,0x667088b212ce3d06a1b553a7221e1fd19000d9af,0x8ae673f322d1f98c4389f0a5978ddff654b90ca6d1fc8fbb20592c62543c752b
19,0.3,0.00075,0x0b773d7819259d78757b26dc4148812d35676d8f,2017-10-31T12:29:03.000Z,0.0025,0x86c5369ff1c20528ba1cf7233d86f52135a76ffc,buy,0x667088b212ce3d06a1b553a7221e1fd19000d9af,0x1b658cec56217d3472c07809b0baf4bc31b6b9d54b4cb80991b2b34af0264706
20,0.3615782076488,0.000527904544745455,0xf0b6feeaff52411c0b9a750f41aaafbf288f4375,2017-10-31T06:04:19.000Z,0.001460000999999998,0xe444a40689f51f63bcd29910622035707d533d29,sell,0x667088b212ce3d06a1b553a7221e1fd19000d9af,0xde131ce2e7a5b9ec22896738227e99c237ec8a8251f9e16d1dc30f6ca5de260d
21,0.01,0.0000179,0x0c4085d8e714ca77ac5f46cd2b80a92d238a7cd3,2017-10-31T01:36:29.000Z,0.00179,0xcae0640aef5e164c8eb4e15771c722c96bc2c776,buy,0x667088b212ce3d06a1b553a7221e1fd19000d9af,0xfac2195f75d37884b7f532d5adcb5754e28f192c55f17c1af18ca33f748a035c
22,12.949855448110856,0.018906801904097298,0xf0b6feeaff52411c0b9a750f41aaafbf288f4375,2017-10-31T01:18:30.000Z,0.001460001,0x5695b06071cdf4e1a08d00418b8d8e07fe327f94,sell,0x667088b212ce3d06a1b553a7221e1fd19000d9af,0x1052027c260d36f84e959380b63433eaf0c9c6b7071deb27eb7f0a31ef45033d
23,0.27932960893854747,0.0005,0x34f9560c63078eb61872a4dc2ccd20e21c34feaf,2017-10-30T03:54:27.000Z,0.00179,0xcae0640aef5e164c8eb4e15771c722c96bc2c776,buy,0x667088b212ce3d06a1b553a7221e1fd19000d9af,0x3c5535bb3d2383074aef39e1ade1d34662b8c64ccd5f678d5d5dd26cba7cb1ac
24,0.27932960893854747,0.0005,0xe444a40689f51f63bcd29910622035707d533d29,2017-10-30T03:54:18.000Z,0.00179,0xcae0640aef5e164c8eb4e15771c722c96bc2c776,buy,0x667088b212ce3d06a1b553a7221e1fd19000d9af,0x18abe699231bfd0b78c1cb0f93bc90765e774d708a85ce3c5cf14e9a41ef8020
25,30,0.0435,0xbee43e315be90b034c378894b16ec3eceb6818d0,2017-10-29T15:18:39.000Z,0.00145,0xcae0640aef5e164c8eb4e15771c722c96bc2c776,sell,0x667088b212ce3d06a1b553a7221e1fd19000d9af,0x11d8be08c019f915291ef90b24f4d9cff2fe5944bb34c26c45b1eb8c116c75b3
26,1.043,0.006258,0x249bad4f85c3fcea6acdf1679779a925d70742f3,2017-10-28T21:44:39.000Z,0.006,0xf18521dc5c211dc0ed6c85b034d4f46d456950bb,sell,0x667088b212ce3d06a1b553a7221e1fd19000d9af,0x2380be519a23512c5ab0d43fd2acf26598eefea51c6d072cab538b77422b8131
27,0.08333333333333333,0.0005,0xe444a40689f51f63bcd29910622035707d533d29,2017-10-28T21:09:17.000Z,0.006,0x97079c598f01269a9128cad8e2d1eb0a00b07cd3,buy,0x667088b212ce3d06a1b553a7221e1fd19000d9af,0x380a48dfec91bb3f1e50ce9d0f19bc279ac795bd3ee7878acf030fdd077d0585
28,0.08333333333333333,0.0005,0x34f9560c63078eb61872a4dc2ccd20e21c34feaf,2017-10-28T21:09:17.000Z,0.006,0x97079c598f01269a9128cad8e2d1eb0a00b07cd3,buy,0x667088b212ce3d06a1b553a7221e1fd19000d9af,0xaec28b10a1e00e4873588bda037a7fdd88cefd7b65ff40d09b80cbd7fe0be82a
29,13.956734124214934,0.0837404047452896,0x249bad4f85c3fcea6acdf1679779a925d70742f3,2017-10-28T20:42:36.000Z,0.006,0xc1c59390f2aaa7def424605d96769ef7a7c64916,sell,0x667088b212ce3d06a1b553a7221e1fd19000d9af,0x40ac0f17a14aedbb3369761d23fc9574f8fd66cb39a4e11d16991b1a73453165
30,164.8679094806101,0.23086947968298274,0x3dee4a4e076e8d82859d241db0baf46f112cfa23,2017-10-27T10:49:26.000Z,0.00140033,0x8cba8f92256e1e30a8ba70a3dff3e5dfe2a001af,sell,0x667088b212ce3d06a1b553a7221e1fd19000d9af,0xc62ed816f4837645fd70c74a67a35f1e211957f807b9374a7594a22ca3921bde
31,0.001,0.0000075,0xcae0640aef5e164c8eb4e15771c722c96bc2c776,2017-10-26T22:19:16.000Z,0.0075,0x8cba8f92256e1e30a8ba70a3dff3e5dfe2a001af,buy,0x667088b212ce3d06a1b553a7221e1fd19000d9af,0x09fd0d82db8d8bddbe8ad46082a1d5aaf32ffef74aebfc40950aef3bb8128533
32,0.001,0.00000189999999,0xcae0640aef5e164c8eb4e15771c722c96bc2c776,2017-10-26T22:19:16.000Z,0.00189999999,0xcae0640aef5e164c8eb4e15771c722c96bc2c776,buy,0x667088b212ce3d06a1b553a7221e1fd19000d9af,0xca13119416a152e6464ef8d273528e2b9932a22ed34fcc5a8e16fa37f5f84ae5
33,0.001,0.00000189999999,0xcae0640aef5e164c8eb4e15771c722c96bc2c776,2017-10-26T22:19:10.000Z,0.00189999999,0xcae0640aef5e164c8eb4e15771c722c96bc2c776,buy,0x667088b212ce3d06a1b553a7221e1fd19000d9af,0xa4fadc9bb8cd557f34fc3c7a812e77043b5317cced2fa03c917e8b2cbd34607c
34,0.001,0.00000189999999,0xcae0640aef5e164c8eb4e15771c722c96bc2c776,2017-10-26T21:06:24.000Z,0.00189999999,0xcae0640aef5e164c8eb4e15771c722c96bc2c776,buy,0x667088b212ce3d06a1b553a7221e1fd19000d9af,0x69e92e270ad11a650418ab090e57de59f75d00fe1f4673f6214100eb941be92c
35,0.001,0.00000189999999,0xcae0640aef5e164c8eb4e15771c722c96bc2c776,2017-10-26T21:06:16.000Z,0.00189999999,0xcae0640aef5e164c8eb4e15771c722c96bc2c776,buy,0x667088b212ce3d06a1b553a7221e1fd19000d9af,0x2d09461be47e71a828155970ab15da7ab40fa0c0b82be4b6479836f011b8a6ec
36,0.001,0.00000189999999,0xcae0640aef5e164c8eb4e15771c722c96bc2c776,2017-10-26T21:04:33.000Z,0.00189999999,0xcae0640aef5e164c8eb4e15771c722c96bc2c776,buy,0x667088b212ce3d06a1b553a7221e1fd19000d9af,0x1650f6bed7158728299b235a06564e2d235d611f237a842b1b705ba428720ae3
37,2.5,0.0044,0xcae0640aef5e164c8eb4e15771c722c96bc2c776,2017-10-26T21:03:34.000Z,0.00176,0xcae0640aef5e164c8eb4e15771c722c96bc2c776,sell,0x667088b212ce3d06a1b553a7221e1fd19000d9af,0x36604021436334e0eeba648485a95c5bd806697867d54481817d53369b9f01b6
38,1.2,0.00204,0xcae0640aef5e164c8eb4e15771c722c96bc2c776,2017-10-26T21:03:01.000Z,0.0017,0xcae0640aef5e164c8eb4e15771c722c96bc2c776,sell,0x667088b212ce3d06a1b553a7221e1fd19000d9af,0x5b62023fce0ea6df9c7ad1acb83bb54a536a6f616253d62b809c58d3529adc38
39,0.001,0.00000189999999,0xcae0640aef5e164c8eb4e15771c722c96bc2c776,2017-10-26T21:01:38.000Z,0.00189999999,0xcae0640aef5e164c8eb4e15771c722c96bc2c776,buy,0x667088b212ce3d06a1b553a7221e1fd19000d9af,0xe4bb08ded7ab9fd78fde353666b676f10a31286fe345f50920567643d06f0080
40,0.001,0.00000189999999,0xcae0640aef5e164c8eb4e15771c722c96bc2c776,2017-10-26T21:01:38.000Z,0.00189999999,0xcae0640aef5e164c8eb4e15771c722c96bc2c776,buy,0x667088b212ce3d06a1b553a7221e1fd19000d9af,0x207dd21c2b013569f1927b5659f29ebd9c6b0e8d72a654027b231c30679a6d46
41,0.001,0.00000189999999,0xcae0640aef5e164c8eb4e15771c722c96bc2c776,2017-10-26T21:01:01.000Z,0.00189999999,0xcae0640aef5e164c8eb4e15771c722c96bc2c776,buy,0x667088b212ce3d06a1b553a7221e1fd19000d9af,0x172de1632bf54d43dd41ddcd7274d62a5b47f6231a12e259c4e1892c8a89d5d2
42,0.001,0.00000189999999,0xcae0640aef5e164c8eb4e15771c722c96bc2c776,2017-10-26T20:45:56.000Z,0.00189999999,0xcae0640aef5e164c8eb4e15771c722c96bc2c776,buy,0x667088b212ce3d06a1b553a7221e1fd19000d9af,0x931b6124ce84bacd78293cbe25f86b20b4c953b18dd0055919e9846ba291ae44
43,0.001,0.00000189999999,0xcae0640aef5e164c8eb4e15771c722c96bc2c776,2017-10-26T20:45:27.000Z,0.00189999999,0xcae0640aef5e164c8eb4e15771c722c96bc2c776,buy,0x667088b212ce3d06a1b553a7221e1fd19000d9af,0x8ad5a8b149e5922eecb9ed3bad0cc594ef5570e88a16e9cd978da6a47aa5b7eb
44,0.001,0.00000189999999,0xcae0640aef5e164c8eb4e15771c722c96bc2c776,2017-10-26T20:45:27.000Z,0.00189999999,0xcae0640aef5e164c8eb4e15771c722c96bc2c776,buy,0x667088b212ce3d06a1b553a7221e1fd19000d9af,0xf36e0671237583ea2b4bb3cf833511553286fbedaf3684c525621a8bc95c01b8
45,0.001,0.00000189999999,0xcae0640aef5e164c8eb4e15771c722c96bc2c776,2017-10-26T20:45:19.000Z,0.00189999999,0xcae0640aef5e164c8eb4e15771c722c96bc2c776,buy,0x667088b212ce3d06a1b553a7221e1fd19000d9af,0xaae1633c1aa7ee6c385aeb7e40f1de750b4ad4ad970b23ea6b37eafcbf345e2b
46,0.001,0.00000189999999,0xcae0640aef5e164c8eb4e15771c722c96bc2c776,2017-10-26T20:45:19.000Z,0.00189999999,0xcae0640aef5e164c8eb4e15771c722c96bc2c776,buy,0x667088b212ce3d06a1b553a7221e1fd19000d9af,0xcd0455386e863fc3d6d4e9d54d2c80cdf82c9b042fb1ae4eeda5246cf2da85e4
47,1442.098,2.3073568,0xbd46d75b1236153d74ec30624d979b6d346bc939,2017-10-26T20:42:14.000Z,0.0016,0xced732ca92cb4f040239c4e8c85f14acbb5db000,sell,0x667088b212ce3d06a1b553a7221e1fd19000d9af,0x1d2fe4f1f92aa69fd0c369f5a85488c03c3ac8c5c494d6057b60add490cba1d8
48,644.9016252235258,1.031842600357641,0xbd46d75b1236153d74ec30624d979b6d346bc939,2017-10-26T20:32:32.000Z,0.0016,0xced732ca92cb4f040239c4e8c85f14acbb5db000,sell,0x667088b212ce3d06a1b553a7221e1fd19000d9af,0x317af903e2c6c50430b81a59dac3b99f5cf82baa8f3f22bd6dc2a7f25fcc493d
49,0.001,0.00000189999999,0xcae0640aef5e164c8eb4e15771c722c96bc2c776,2017-10-26T18:05:03.000Z,0.00189999999,0xcae0640aef5e164c8eb4e15771c722c96bc2c776,buy,0x667088b212ce3d06a1b553a7221e1fd19000d9af,0x9aa8963f1e6ae337281c8e7c2b964849a77d759f3db33e4b61660656cdf57bb5
50,1,0.00182,0xcae0640aef5e164c8eb4e15771c722c96bc2c776,2017-10-26T18:04:11.000Z,0.00182,0xcae0640aef5e164c8eb4e15771c722c96bc2c776,sell,0x667088b212ce3d06a1b553a7221e1fd19000d9af,0x877f760f1279ecb8459b97cf91448f10b6391c4677e142ca91cf783d7cf5f75e
51,0.001,0.00000189999999,0xcae0640aef5e164c8eb4e15771c722c96bc2c776,2017-10-26T18:04:07.000Z,0.00189999999,0xcae0640aef5e164c8eb4e15771c722c96bc2c776,buy,0x667088b212ce3d06a1b553a7221e1fd19000d9af,0x307572c05ff98341c7a0f9153a3c26e896752f7e9cfe813be0092d053d6bb5b1
52,0.001,0.00000189999999,0xcae0640aef5e164c8eb4e15771c722c96bc2c776,2017-10-26T18:03:38.000Z,0.00189999999,0xcae0640aef5e164c8eb4e15771c722c96bc2c776,buy,0x667088b212ce3d06a1b553a7221e1fd19000d9af,0xc02be6ed3bd39df176bcb924b2366ac93fad85804c68edba7b1644bc6308da17
53,0.001,0.00000189999999,0xcae0640aef5e164c8eb4e15771c722c96bc2c776,2017-10-26T18:03:31.000Z,0.00189999999,0xcae0640aef5e164c8eb4e15771c722c96bc2c776,buy,0x667088b212ce3d06a1b553a7221e1fd19000d9af,0x5b717f6307bc599d73280ac19921ba23c14e4c740cbda2fe91315bbf7b82572f
54,0.001,0.00000189999999,0xcae0640aef5e164c8eb4e15771c722c96bc2c776,2017-10-26T18:03:31.000Z,0.00189999999,0xcae0640aef5e164c8eb4e15771c722c96bc2c776,buy,0x667088b212ce3d06a1b553a7221e1fd19000d9af,0xd067fd10cd42067222f9b3a45f91c593a72d46aa7614b78f4f7e6c3ef75982e0
55,0.001,0.00000189999999,0xcae0640aef5e164c8eb4e15771c722c96bc2c776,2017-10-26T17:58:37.000Z,0.00189999999,0xcae0640aef5e164c8eb4e15771c722c96bc2c776,buy,0x667088b212ce3d06a1b553a7221e1fd19000d9af,0x45615b543a1934084947ee9857d98347e6a89fb9b032d3658f178a215ff50103
56,0.001,0.00000189999999,0xcae0640aef5e164c8eb4e15771c722c96bc2c776,2017-10-26T17:58:37.000Z,0.00189999999,0xcae0640aef5e164c8eb4e15771c722c96bc2c776,buy,0x667088b212ce3d06a1b553a7221e1fd19000d9af,0x027652362d688999b6e3ab84751826431ec6de17a8ee0c38c102aeff1c355f90
57,1,0.00182,0xcae0640aef5e164c8eb4e15771c722c96bc2c776,2017-10-26T17:58:05.000Z,0.00182,0xcae0640aef5e164c8eb4e15771c722c96bc2c776,sell,0x667088b212ce3d06a1b553a7221e1fd19000d9af,0x59ce1231125a616d53e245a2d0c444f89e2949ac21728f11af418856fb5a747d
58,1,0.0018,0xcae0640aef5e164c8eb4e15771c722c96bc2c776,2017-10-26T17:58:05.000Z,0.0018,0xcae0640aef5e164c8eb4e15771c722c96bc2c776,sell,0x667088b212ce3d06a1b553a7221e1fd19000d9af,0x7385c6a7e63867b11104910c2a7b2e2e82fa56bd923ac41e378ce1d6a826784a
59,71,0.1349,0x523b04d014dfbf91dbbd838f91f826dbac60f06c,2017-10-26T16:17:42.000Z,0.0019,0xced732ca92cb4f040239c4e8c85f14acbb5db000,sell,0x667088b212ce3d06a1b553a7221e1fd19000d9af,0x7137240bcb21ba04ae585649408d20baf98c68523cccacbb08447f136364c750
60,29,0.0551,0x523b04d014dfbf91dbbd838f91f826dbac60f06c,2017-10-26T15:15:42.000Z,0.0019,0xced732ca92cb4f040239c4e8c85f14acbb5db000,sell,0x667088b212ce3d06a1b553a7221e1fd19000d9af,0xff953c2daf668d08399bb631cf2a389eb84e22083d3a2ec7667ce8dd6b7e76ec
61,165.38,0.314222,0x8cba8f92256e1e30a8ba70a3dff3e5dfe2a001af,2017-10-26T14:02:40.000Z,0.0019,0x24802cf659a5974b00989575b23532ab696f2df8,buy,0x667088b212ce3d06a1b553a7221e1fd19000d9af,0xe27a1caa2b3b6bd99219068bac4a5145cab565e5083def93ab755971df0cc8bc
62,3000,4.515,0x1e94d6adf74261cdc22f2d5165bfee8264f143e9,2017-10-25T20:58:01.000Z,0.001505,0x552ffd1a0de671e211cb4a3e82a2f7f19996cec8,sell,0x667088b212ce3d06a1b553a7221e1fd19000d9af,0x52a3fe212697670c0d190eac145202d5bb67ef2f80681b0b0c5cf5c74b041149
63,0.0001,0.000000775,0xcae0640aef5e164c8eb4e15771c722c96bc2c776,2017-10-25T16:22:50.000Z,0.00775,0xa3d559a26e0252266d4d43231d7c29707c76d8b0,buy,0x667088b212ce3d06a1b553a7221e1fd19000d9af,0x43a4c3cbfad7d6266ac0ec6b2b6753f8ec86d0092895bd25d43e9f1db2d02d96
64,0.001,0.00000775,0xcae0640aef5e164c8eb4e15771c722c96bc2c776,2017-10-25T16:22:01.000Z,0.00775,0xa3d559a26e0252266d4d43231d7c29707c76d8b0,buy,0x667088b212ce3d06a1b553a7221e1fd19000d9af,0x36de8e28dfbbd1ce83a63fdf230830f10006f230ab20071611e8b6e8f9572f4b
65,0.001,0.00000775,0xcae0640aef5e164c8eb4e15771c722c96bc2c776,2017-10-25T16:21:43.000Z,0.00775,0xa3d559a26e0252266d4d43231d7c29707c76d8b0,buy,0x667088b212ce3d06a1b553a7221e1fd19000d9af,0xad62897e1fe786c729a6795fcd16ab8e92ec71ec7eaf90fd6392d7c3637d2d1f
66,0.0001,0.000000776,0xcae0640aef5e164c8eb4e15771c722c96bc2c776,2017-10-25T16:21:25.000Z,0.00776,0xa3d559a26e0252266d4d43231d7c29707c76d8b0,buy,0x667088b212ce3d06a1b553a7221e1fd19000d9af,0xf7abd27dbb3e6a3225e915b27868b1414632bffb5d4fefc4f7637dfc161792e2
67,670.799,1.02632247,0xe5f01e7b865336f94da8444c5f95bc224d8796cf,2017-10-24T17:45:58.000Z,0.00153,0xced732ca92cb4f040239c4e8c85f14acbb5db000,sell,0x667088b212ce3d06a1b553a7221e1fd19000d9af,0x134f28688224791edbe5afef66cb47f2595e1e19a1621928bf56c1615a0ce46a
68,877.3413535157433,1.316012030273615,0x1e94d6adf74261cdc22f2d5165bfee8264f143e9,2017-10-24T10:09:17.000Z,0.0015,0x669f0ab96fd3beb68bc836bb874894bbb516331a,sell,0x667088b212ce3d06a1b553a7221e1fd19000d9af,0x29d1ecddc71c400539f6d1c56a4f53ce3f9423610bbb56198d1f242e05e6841a
69,100,0.15,0x1e94d6adf74261cdc22f2d5165bfee8264f143e9,2017-10-24T09:55:26.000Z,0.0015,0x669f0ab96fd3beb68bc836bb874894bbb516331a,sell,0x667088b212ce3d06a1b553a7221e1fd19000d9af,0xe33d920fab23f63fb11ad58deb5c478e46d01e582b011f9bb2a0d4a74b7a6004
70,19.605,0.03921,0x1e94d6adf74261cdc22f2d5165bfee8264f143e9,2017-10-24T09:45:18.000Z,0.002,0x669f0ab96fd3beb68bc836bb874894bbb516331a,sell,0x667088b212ce3d06a1b553a7221e1fd19000d9af,0x1a2aeac7f736fac34decd3fbcd198ec3fa03a1eb7fe79218afc189087eedbdea
71,980.3947171867212,1.9607894343734422,0x1e94d6adf74261cdc22f2d5165bfee8264f143e9,2017-10-24T09:42:57.000Z,0.002,0xced732ca92cb4f040239c4e8c85f14acbb5db000,sell,0x667088b212ce3d06a1b553a7221e1fd19000d9af,0x413c12eeaba3f083bc68223246f884ad4ef120a664b2ad12245d2a2e7c65a3ef
72,1,0.0028,0xcae0640aef5e164c8eb4e15771c722c96bc2c776,2017-10-23T19:22:53.000Z,0.0028,0xcae0640aef5e164c8eb4e15771c722c96bc2c776,buy,0x667088b212ce3d06a1b553a7221e1fd19000d9af,0xb5a43b6235a5414bf312660b4e8c0f7068ef73e9ea48148a89f7a5623f5f79a2
73,5.9814574818064,0.0119629149636128,0xcae0640aef5e164c8eb4e15771c722c96bc2c776,2017-10-22T23:18:27.000Z,0.002,0x422d4d1f8a9373dc8b75f3e1aeab786083f38a51,buy,0x667088b212ce3d06a1b553a7221e1fd19000d9af,0x2021e61230e2a70097a74129d7b46dd4d24f221eba9acf19400fd6603b77983c
74,1,0.00247735,0x3ac636ac5c3a2576156ac5f10066ca68abe0ad54,2017-10-22T00:02:46.000Z,0.00247735,0x2e561aee9fdd4fe8612953c7522d9c07d068383d,buy,0x667088b212ce3d06a1b553a7221e1fd19000d9af,0x6434cc217cab1f7eb3bda8020d1e9701c52536edfbd8a9011b079769cf5f19a1
75,339.68697039178545,0.40765833316718175,0x3dee4a4e076e8d82859d241db0baf46f112cfa23,2017-10-21T13:56:21.000Z,0.0012001,0xc91e1aec51b6e554f913a5ecc21bef6d3c0825f0,sell,0x667088b212ce3d06a1b553a7221e1fd19000d9af,0x8ea87feec3535a308d566075cdd1d8499e664d2ae7142e14a1dd08d9e49ddb11
76,235,0.58515,0x1da251119e3a70bcb4aed858bd2acccff2155077,2017-10-20T21:36:50.000Z,0.00249,0xad440e6b26dd3a044a97294bf87c017d7fb81c67,sell,0x667088b212ce3d06a1b553a7221e1fd19000d9af,0x15d836aa07d152183a28e59e5883b2486f0a75d6e598c55ed05415befd657a57
77,10,0.025,0x8abf98207ad56cb4ec656502ce429fb0deabe671,2017-10-20T06:38:25.000Z,0.0025,0xe466b585a09e27b9c006b6868cd116d8c4e950b7,buy,0x667088b212ce3d06a1b553a7221e1fd19000d9af,0xee1ed05bb56e36cb74edd23db0b02f9e0657542de4c57f133ac5ab25779620f5
78,0.1,0.00025,0x6cdea8e07bf82d7a07dbf36642d6e5be8623845c,2017-10-20T01:10:08.000Z,0.0025,0xe466b585a09e27b9c006b6868cd116d8c4e950b7,buy,0x667088b212ce3d06a1b553a7221e1fd19000d9af,0xc5f45aa9a432a7f911197ca4cf528f1bf5fc60c8a95cccfc3acf90cc3c6501c6
79,192,0.4608,0x198670956ac3dd32273ca3e54a2b890d01e00c89,2017-10-20T00:54:42.000Z,0.0024,0xbbe8a1421d8583194bd959a640cb82225650c748,buy,0x667088b212ce3d06a1b553a7221e1fd19000d9af,0x01b4b856deea3fad62abc7de5075650bfbdb5594900b5002de617b7fe807d426
80,11,0.0275,0x22bbc3c4e46bf7104381db03bd93c6981faa96b5,2017-10-19T02:46:24.000Z,0.0025,0xbbe8a1421d8583194bd959a640cb82225650c748,buy,0x667088b212ce3d06a1b553a7221e1fd19000d9af,0x6229618fa5a2a01553a669581c94393821a889d426b67640a199e0d47cd05034
81,0.5,0.00125,0x636d925f140f761f7a0e600db2177dd068ddada1,2017-10-18T15:41:18.000Z,0.0025,0xbbe8a1421d8583194bd959a640cb82225650c748,buy,0x667088b212ce3d06a1b553a7221e1fd19000d9af,0x7cc3999fbe21d86037063233a02b524d0400cb80ce95c4b4085d564879b2af63
82,0.2,0.0005,0xf9695cd65d6dfdf257fab76a3eb0cb8f001971cc,2017-10-18T15:38:24.000Z,0.0025,0xbbe8a1421d8583194bd959a640cb82225650c748,buy,0x667088b212ce3d06a1b553a7221e1fd19000d9af,0x7599de8dbaacfb3daed142bb70de0887ab65ce467c64310c4d9d54dcd60682b6
83,0.2,0.0005,0x379374d13077e8867ef31803c37baf9785a17c00,2017-10-18T15:37:34.000Z,0.0025,0xbbe8a1421d8583194bd959a640cb82225650c748,buy,0x667088b212ce3d06a1b553a7221e1fd19000d9af,0xf96b4a04f164c46da106cbcf71a91dc382afa43a7f6aa298308d130545817855
84,7.583,0.0181992,0x198670956ac3dd32273ca3e54a2b890d01e00c89,2017-10-18T00:13:53.000Z,0.0024,0x3dee4a4e076e8d82859d241db0baf46f112cfa23,buy,0x667088b212ce3d06a1b553a7221e1fd19000d9af,0x81b4a2e804c4d2a894aa16ac8aafb1d43289914718f0065fb53354c69c7c9a68
85,100,0.5,0x198670956ac3dd32273ca3e54a2b890d01e00c89,2017-10-17T19:39:31.000Z,0.005,0x48f055854734cb2c14da83ebf50889985f230056,buy,0x667088b212ce3d06a1b553a7221e1fd19000d9af,0x8963d58d63376b759206ae79461538263ae387fb1e251f5f42f2156ac701f26b
86,5,0.012,0xe90379a8a74f550d491e991e1dacc1a98dd467a6,2017-10-17T19:23:34.000Z,0.0024,0x3dee4a4e076e8d82859d241db0baf46f112cfa23,buy,0x667088b212ce3d06a1b553a7221e1fd19000d9af,0x011215d04633f8a21f15a0cfd14c0b8486847d010b341bbd32cd46b3a96195b1
87,0.20833333333333334,0.0005,0x16e5d97bbc92417e051e3b2cabfbf8ceea2acb9c,2017-10-17T18:38:40.000Z,0.0024,0x3dee4a4e076e8d82859d241db0baf46f112cfa23,buy,0x667088b212ce3d06a1b553a7221e1fd19000d9af,0xf1aa669444de58466a82ccca889cb4061455aab987b0bffcdd8d3ee7a39b4e32
88,0.20833333333333334,0.0005,0xcd912af5286dc0b0a23edb30209734ecb60838b3,2017-10-17T06:17:41.000Z,0.0024,0x3dee4a4e076e8d82859d241db0baf46f112cfa23,buy,0x667088b212ce3d06a1b553a7221e1fd19000d9af,0x921eca8fc2130969447158b19eb7c37c5ab629bb5b23036558eba6c3abd45653
89,45.92676245531112,0.1148169061382778,0xc8a974a97f6a7f57b6ce09aed5905d5547039f11,2017-10-15T17:41:49.000Z,0.0025,0xbbe8a1421d8583194bd959a640cb82225650c748,buy,0x667088b212ce3d06a1b553a7221e1fd19000d9af,0xe97d08a84094d07b658f62fa234752d1245797cc75ad1d0c5d6a3bb52d759a30
90,1.4053364650184428,0.001545870111520287,0xd98a3954353055ab642c9159c7f3b25dac2dc29b,2017-10-14T13:54:46.000Z,0.0010999999999999998,0x57b070709b9baffa065ec5a284ebf26b98398dcc,sell,0x667088b212ce3d06a1b553a7221e1fd19000d9af,0x8783f2127a9c791c866d55ff92c056aaddf14ec8830bb5df8e40d55a84d1083e
91,2045.6623029346329,3.0695162855534166,0xa3d7dedda551204ccb03bd79aa87824cc453b8de,2017-10-13T20:48:40.000Z,0.0015005,0x097501c95264ad3204159efaefdc5820783dbeae,sell,0x667088b212ce3d06a1b553a7221e1fd19000d9af,0x7999ba3f5d569f422189b7587717794c05beb060054579955c22b9e9b3de9019
92,946.82984826,1.42071818731413,0xa3d7dedda551204ccb03bd79aa87824cc453b8de,2017-10-13T20:13:02.000Z,0.0015005,0xff684104992bd26b6326bca4620d733526c0ddb1,sell,0x667088b212ce3d06a1b553a7221e1fd19000d9af,0xcea500a2c07337e40ddd30a2bfc38c5b5742b8736b9a91820e8b61cd697d51f6
93,150,0.24,0xd98a3954353055ab642c9159c7f3b25dac2dc29b,2017-10-13T20:09:27.000Z,0.0016,0xff684104992bd26b6326bca4620d733526c0ddb1,sell,0x667088b212ce3d06a1b553a7221e1fd19000d9af,0x527720ce388e3e8a994ed14834c4019b284c719727d302ea343ded1caa4d8ee6
94,13,0.0195208,0x3dee4a4e076e8d82859d241db0baf46f112cfa23,2017-10-12T01:23:17.000Z,0.0015016,0xce272599cb73e4fc22c9c554af04057a5b465660,sell,0x667088b212ce3d06a1b553a7221e1fd19000d9af,0xc6f01db61a84827c0781a8f0ed7270c7677b1d702197d896eeed663da2e7dddb
95,250,0.3775,0xbbe8a1421d8583194bd959a640cb82225650c748,2017-10-12T00:32:56.000Z,0.00151,0xce272599cb73e4fc22c9c554af04057a5b465660,sell,0x667088b212ce3d06a1b553a7221e1fd19000d9af,0x585b9b0a49310b352d1a4c6969f664eea8b3a41b40d6a47da9aa712252d75def
96,995.5932200179444,1.4938876266369254,0xa3d7dedda551204ccb03bd79aa87824cc453b8de,2017-10-10T23:31:41.000Z,0.0015005,0x6a338004695688c3545864e8f19db7435932f2e5,sell,0x667088b212ce3d06a1b553a7221e1fd19000d9af,0x81bddec17866d86d3223177fa3b372c2f6f0771d1ed4eb2131652098c68bbc0a
97,440.147,0.6609247352,0x3dee4a4e076e8d82859d241db0baf46f112cfa23,2017-10-10T22:58:51.000Z,0.0015016,0x6a338004695688c3545864e8f19db7435932f2e5,sell,0x667088b212ce3d06a1b553a7221e1fd19000d9af,0x1eb4c766eff73c0efa1e53eebf21a3539ba264da3c7a11a3d3bdc8bfbd68c16e
98,0.0881616987339245,0.000176323397467849,0xb094d3572a088e3e6a96ddb9e90ec9ff0b58d1cf,2017-10-09T20:44:02.000Z,0.002,0xe466b585a09e27b9c006b6868cd116d8c4e950b7,buy,0x667088b212ce3d06a1b553a7221e1fd19000d9af,0x7ffb472bca098b4208bed5a7c4362390b4bf822f640d0f5c688da1cf13fbe267
99,10.10100398,0.01666666666800398,0x5d5065b42bdee0274e394ba9042c21e1818c69cf,2017-10-09T04:58:01.000Z,0.001650001,0x57b070709b9baffa065ec5a284ebf26b98398dcc,sell,0x667088b212ce3d06a1b553a7221e1fd19000d9af,0x26f091c66cc24d6d2e2b70e0521ec68859bf97497a30b25d4e9106b996b4333e
100,207.43020810089163,0.33394189202162544,0xc30ff49429b3077fc2b9a910b072f2300dc41b9a,2017-10-08T21:43:08.000Z,0.0016099,0xbfb50b318ebd18975bd60b8d21488a8595debe74,sell,0x667088b212ce3d06a1b553a7221e1fd19000d9af,0x3f8691e73d6c887f3f170217bdddf4f4ac140eac6c349e4c040b094c32acdf8a
101,248,0.63984,0x48f055854734cb2c14da83ebf50889985f230056,2017-10-06T09:43:48.000Z,0.00258,0xc30ff49429b3077fc2b9a910b072f2300dc41b9a,buy,0x667088b212ce3d06a1b553a7221e1fd19000d9af,0xffa37eef5568a6379d21f50481d0809886d7d7be5e87494e1fdad28e33e74ffb
102,78.498,0.156996,0x926faf4321846800c037bef00d1fb9fac45813b9,2017-10-05T17:31:14.000Z,0.002,0x0acb9c6f14748bc8549a28e42d34e0c22cedb06c,buy,0x667088b212ce3d06a1b553a7221e1fd19000d9af,0x5e2c048e365daa70016dcfc80ec7c3aa3caa9174c476b1b53dcd037507d0c511
103,1,0.002,0x4b7186e044fc39580ceaa492fd3b8146e6fd5d0b,2017-10-05T17:10:44.000Z,0.002,0x0acb9c6f14748bc8549a28e42d34e0c22cedb06c,buy,0x667088b212ce3d06a1b553a7221e1fd19000d9af,0xad64bad9204211ea0df64bf52dcfae3fa27bc8c22ba8ce7a42bad72cdf0272a4
104,0.5,0.001,0xcdd53f530ab4fb824fc9f2a321f3c001b4a710cc,2017-10-05T17:07:43.000Z,0.002,0x0acb9c6f14748bc8549a28e42d34e0c22cedb06c,buy,0x667088b212ce3d06a1b553a7221e1fd19000d9af,0xc691b659b740a4b66ca8432a703a374692a0dcc291558ca66f99f8b1db3fdefd
105,0.00152,0.00000304,0x5ae933bfbbaa04c3e05ae56295138174ada9799c,2017-10-05T17:05:31.000Z,0.002,0x0acb9c6f14748bc8549a28e42d34e0c22cedb06c,buy,0x667088b212ce3d06a1b553a7221e1fd19000d9af,0x90ec75fd7578dd506cac9cec858b95cc917f62cbb18a546a0f3b288912d1ebf0
106,0.00151544,1.818528,0x1b02cdfd83fa1e5fd0f3931ceb74594a128b0eb6,2017-10-05T17:05:31.000Z,1200,0x5ae933bfbbaa04c3e05ae56295138174ada9799c,sell,0x667088b212ce3d06a1b553a7221e1fd19000d9af,0x90ec75fd7578dd506cac9cec858b95cc917f62cbb18a546a0f3b288912d1ebf0
107,732.417460043864,1.1059591536757551,0x3dee4a4e076e8d82859d241db0baf46f112cfa23,2017-10-04T15:47:09.000Z,0.001510012,0xbfb50b318ebd18975bd60b8d21488a8595debe74,sell,0x667088b212ce3d06a1b553a7221e1fd19000d9af,0x3443b78641242cd8461665c0dafb99f0d80f584e9fd9c187210e2e0af5653c6b
108,37,0.0629,0xf087d15fc71065e3b859865d13d135beabf9f9b1,2017-10-03T07:06:54.000Z,0.0017,0x323aa94f92121ee3ba173cce400d1abe8f316ad4,sell,0x667088b212ce3d06a1b553a7221e1fd19000d9af,0xdaf7ec297ff0effc7788cb1a05447622331d22fa619518b6b36070f6c1ce01ac
109,307.93717123427035,0.7975572734967603,0x31df6b9b0ec0403d9efd4fc1cb48eb34305dd7e8,2017-10-03T06:27:44.000Z,0.00259,0xc30ff49429b3077fc2b9a910b072f2300dc41b9a,buy,0x667088b212ce3d06a1b553a7221e1fd19000d9af,0x14fd3123a67ce262e996ec3e4c68fbe20a01361a8747953cef3ad3012abea33e
110,6,0.0168,0x422d4d1f8a9373dc8b75f3e1aeab786083f38a51,2017-09-29T02:54:55.000Z,0.0028,0xc30ff49429b3077fc2b9a910b072f2300dc41b9a,buy,0x667088b212ce3d06a1b553a7221e1fd19000d9af,0x0856ebb56f1d2caaa8196b432c0178193951c4a6bd9487299deb3650a579882e
111,1,0.00759,0x0249924245a19aa2d7f5ddb0739a7132b7d094ab,2017-09-28T17:19:39.000Z,0.00759,0x0f7ce02f8af040579eb7a93549bdcc965fa8eb7b,buy,0x667088b212ce3d06a1b553a7221e1fd19000d9af,0xd9e472d977ccd0e8b75a9d61de47217c9d1810dfcd6cad61b6caeb2e4e13afd1
112,1,0.0028,0xa0be78d2bac6a692adba423c7af50ec86a18bddf,2017-09-28T15:43:07.000Z,0.0028,0xc30ff49429b3077fc2b9a910b072f2300dc41b9a,buy,0x667088b212ce3d06a1b553a7221e1fd19000d9af,0x568acb9a2b9906d8c9a4bc79ed04fa356b5d747cbf28b0ce2e353b900e76d64a
113,1,0.0028,0xa0be78d2bac6a692adba423c7af50ec86a18bddf,2017-09-28T15:25:45.000Z,0.0028,0xc30ff49429b3077fc2b9a910b072f2300dc41b9a,buy,0x667088b212ce3d06a1b553a7221e1fd19000d9af,0xe892fd92fbb478455e8a31234c146f9fcd7ce1068b88f4d9690788a5e9516585
114,250,0.7,0x31df6b9b0ec0403d9efd4fc1cb48eb34305dd7e8,2017-09-28T11:54:04.000Z,0.0028,0xc30ff49429b3077fc2b9a910b072f2300dc41b9a,buy,0x667088b212ce3d06a1b553a7221e1fd19000d9af,0xef49877b3cbbc555a9e56f0f2f9bcc378c1d7c196097744cbdb3e64574ae2d29
115,550.9590270162496,0.8550889608882465,0x3dee4a4e076e8d82859d241db0baf46f112cfa23,2017-09-28T01:28:49.000Z,0.001552001,0x75f75a59aeaf0baba0e80c94c59b4a0aa5e3568c,sell,0x667088b212ce3d06a1b553a7221e1fd19000d9af,0x310adef2eb581789c40e01b057aa7424f4b3bb6077108d7228b2b032ea1f990f
116,1111,1.724381989,0x28fc50a4088f19e18ec8272f5a3fcd035bc2cbe5,2017-09-28T01:27:29.000Z,0.001552099,0x75f75a59aeaf0baba0e80c94c59b4a0aa5e3568c,sell,0x667088b212ce3d06a1b553a7221e1fd19000d9af,0x27e366ccd20dc1e54e1659111837127dd1ebfb6918d58694bf9d5085e0309498
117,250,0.7,0x31df6b9b0ec0403d9efd4fc1cb48eb34305dd7e8,2017-09-27T03:48:42.000Z,0.0028,0xc30ff49429b3077fc2b9a910b072f2300dc41b9a,buy,0x667088b212ce3d06a1b553a7221e1fd19000d9af,0xc81d703f51e3e143b1a9d2e8f070e2ae1dcc58f1acd375e6fa817ba39927df2e
118,0.16666666666666666,0.0005,0xc886b21b865e7c90432d9b8bdb14ad254f2232f5,2017-09-25T11:12:25.000Z,0.003,0x3dee4a4e076e8d82859d241db0baf46f112cfa23,buy,0x667088b212ce3d06a1b553a7221e1fd19000d9af,0x3b80f6c3139a38c91b585714e997a6eea4cdb57330a3360b5a4fba22c67cd84d
119,0.16666666666666666,0.0005,0xe37bd4d49c619e748d4efe74525489d26b6aff43,2017-09-25T10:39:18.000Z,0.003,0x3dee4a4e076e8d82859d241db0baf46f112cfa23,buy,0x667088b212ce3d06a1b553a7221e1fd19000d9af,0x2c13a5ce645b36b7eb10da16592370fd8ac615080d8a699530b8f59f5b9de1d4
120,0.16666666666666666,0.0005,0x23ee598e50ff1b1bde1022bf3c8a41d4c23321a0,2017-09-25T01:07:33.000Z,0.003,0x3dee4a4e076e8d82859d241db0baf46f112cfa23,buy,0x667088b212ce3d06a1b553a7221e1fd19000d9af,0x89c8eafbb592687e37b328de31535bd24b7c3053cc26b5cf7f4ee1d992f17e13
121,0.16666666666666666,0.0005,0xe5a759eb3e214ff0a2bbbea31acc41c9bf27b239,2017-09-25T00:47:03.000Z,0.003,0x3dee4a4e076e8d82859d241db0baf46f112cfa23,buy,0x667088b212ce3d06a1b553a7221e1fd19000d9af,0x4f9fca7e7acb438ed04e7f4463c8c41dd06952dc293854894ce3ef42757af416
122,0.16666666666666666,0.0005,0x160506e5a5ce5dadd43623689f53d5aa1f288f0f,2017-09-25T00:26:12.000Z,0.003,0x3dee4a4e076e8d82859d241db0baf46f112cfa23,buy,0x667088b212ce3d06a1b553a7221e1fd19000d9af,0xb95b24a6c162d6ee65f0e98e4ec1dfb26675f03a1d755866d33d1bbf1b8c7a58
123,34.920399318498205,0.05239805917740656,0xa3d7dedda551204ccb03bd79aa87824cc453b8de,2017-09-25T00:08:47.000Z,0.0015004999999999999,0x8025fbd77a0d886fdfcfded324dca121ad73c3b2,sell,0x667088b212ce3d06a1b553a7221e1fd19000d9af,0x563f0c39080772e706735f9706c981eff0ec66065e441ab592f726cebf831872
124,0.16666666666666666,0.0005,0xc22f5ab4f1591613a92b4d172cc7f4e4a5af58cd,2017-09-23T23:32:29.000Z,0.003,0x3dee4a4e076e8d82859d241db0baf46f112cfa23,buy,0x667088b212ce3d06a1b553a7221e1fd19000d9af,0xa38b0e3fb9951c3880615ab5e780b0d9c4bda8eb1a1400353e7401578d9dc595
125,0.16666666666666666,0.0005,0x452b06f1c61cff4c9bebaa405319a7c3b12553a2,2017-09-23T23:30:16.000Z,0.003,0x3dee4a4e076e8d82859d241db0baf46f112cfa23,buy,0x667088b212ce3d06a1b553a7221e1fd19000d9af,0xa57aa486006301fbd407b6cc04aa79459979cbba0960dfbb94e535993124d869
126,0.16666666666666666,0.0005,0x2ba19ec4bcd5ae8de66b110bde5ebf41092bd02f,2017-09-23T23:25:37.000Z,0.003,0x3dee4a4e076e8d82859d241db0baf46f112cfa23,buy,0x667088b212ce3d06a1b553a7221e1fd19000d9af,0x80d1d0113997ededea220ba8ab0c3c51ba428a010efc7eb41c64f1fa0fb807d1
127,0.16666666666666666,0.0005,0x18a902dc44442205b4ba2b1dc038e67506d22c55,2017-09-23T16:37:28.000Z,0.003,0x3dee4a4e076e8d82859d241db0baf46f112cfa23,buy,0x667088b212ce3d06a1b553a7221e1fd19000d9af,0x4287271d4c2f959c074f2ca91f96e805ad7a780ff3ca9858ee0cd691803fb17b
128,0.16666666666666666,0.0005,0xd868b838b5de79f1e540b5d83c9e9a3d0b3810cd,2017-09-23T16:34:13.000Z,0.003,0x3dee4a4e076e8d82859d241db0baf46f112cfa23,buy,0x667088b212ce3d06a1b553a7221e1fd19000d9af,0xef7f0fe1f487594744e2c144b27c49c8239e47fd808ec6ac77424e91a339ff03
129,0.16666666666666666,0.0005,0x999dbc9673afdd6b6c140c261297f89de35ff1b3,2017-09-22T06:36:48.000Z,0.003,0x3dee4a4e076e8d82859d241db0baf46f112cfa23,buy,0x667088b212ce3d06a1b553a7221e1fd19000d9af,0x7fb3f2dc4d6b388ff6d3f5e9ef3c707d161bc0766b6ba2d2937e8011ad18ef6a
130,0.16666666666666666,0.0005,0x999dbc9673afdd6b6c140c261297f89de35ff1b3,2017-09-22T05:43:59.000Z,0.003,0x3dee4a4e076e8d82859d241db0baf46f112cfa23,buy,0x667088b212ce3d06a1b553a7221e1fd19000d9af,0xd9d6c66cff4568785c3363d0a7cedfdb24f146e6f8e20b7ed19e8a7eb0d3c029
131,0.16666666666666666,0.0005,0x8612d2a48328bbf318b856ed0daaa4a7034383d0,2017-09-22T05:38:17.000Z,0.003,0x3dee4a4e076e8d82859d241db0baf46f112cfa23,buy,0x667088b212ce3d06a1b553a7221e1fd19000d9af,0x7308a0291072929c6fe90b58c3e31216fb03544ec960a4cc5430faa08b203737
132,0.16666666666666666,0.0005,0x10c12555236fa11fc988be565ab70c82a4660ecf,2017-09-22T05:33:02.000Z,0.003,0x3dee4a4e076e8d82859d241db0baf46f112cfa23,buy,0x667088b212ce3d06a1b553a7221e1fd19000d9af,0x811ab33cc3e0c40a9016c353dfeae35111c34edc8549c242becc226592e12900
133,0.16666666666666666,0.0005,0x8f28b1970e72adb11173044ebc762800e3128238,2017-09-22T05:24:18.000Z,0.003,0x3dee4a4e076e8d82859d241db0baf46f112cfa23,buy,0x667088b212ce3d06a1b553a7221e1fd19000d9af,0xa3a18412c7a30528268be0e9334cac0842c56586c8e67e75213a229da2d64ccb
134,0.16666666666666666,0.0005,0x7ed2114439b24152cf18c02c10cae681a7ca2adc,2017-09-22T05:23:58.000Z,0.003,0x3dee4a4e076e8d82859d241db0baf46f112cfa23,buy,0x667088b212ce3d06a1b553a7221e1fd19000d9af,0x6b7ad2366afca6722418c6649f3c05fcb55754c000aadf2ee3d8a0f74c1ccd45
135,0.16666666666666666,0.0005,0x03dd03643b71b06642179afb38211c0f45699bc5,2017-09-22T05:10:54.000Z,0.003,0x3dee4a4e076e8d82859d241db0baf46f112cfa23,buy,0x667088b212ce3d06a1b553a7221e1fd19000d9af,0xf1d64f1b2dfe0264ea6e4fda69db1292170a3b4d790f78b4bee0a432ea840ec7
136,0.1186322473386434,0.001186322473386434,0x625994ddb61d4629acba5d6fef615e9df01e8c8c,2017-09-19T13:10:27.000Z,0.01,0xa3d559a26e0252266d4d43231d7c29707c76d8b0,buy,0x667088b212ce3d06a1b553a7221e1fd19000d9af,0x49ae61d69e28d8a1d9dfad3ab9d42b29884c0ca86f4742d8b938a978b3565c13
137,5.128,0.0399984,0xfc0b0712e1cd55cd2ac5467fe4f7aa33bc68b89d,2017-09-19T12:37:16.000Z,0.0078,0xa3d559a26e0252266d4d43231d7c29707c76d8b0,buy,0x667088b212ce3d06a1b553a7221e1fd19000d9af,0x4c5ad68271bc06850404abd1a79f06f1ab45d27fb1125318a86b4013f7c7c24c
138,1,0.003,0xc5e6fee2338f3869232f348dbce50e8dba37d2b3,2017-09-18T15:23:12.000Z,0.003,0xe89a2a7a15cbaae3c58a03d79485373e216226d6,buy,0x667088b212ce3d06a1b553a7221e1fd19000d9af,0x3a07776ca6ace4c16b28e8b918e32c3b1bdece1a0365cfb2934f16b9fb152fa4
139,0.16666666666666666,0.0005,0x42c24a83bded723edfdf5883bc7efb30bc1a1bf3,2017-09-16T19:27:43.000Z,0.003,0xe89a2a7a15cbaae3c58a03d79485373e216226d6,buy,0x667088b212ce3d06a1b553a7221e1fd19000d9af,0x2b4a2b98c9874b0bcbc51a8648ae63fcff8333178702f61336be441d4cb82571
140,0.16666666666666666,0.0005,0x0f657c396dfcd6c59bb82b89fc3adbe5f90ce153,2017-09-16T16:12:10.000Z,0.003,0xe89a2a7a15cbaae3c58a03d79485373e216226d6,buy,0x667088b212ce3d06a1b553a7221e1fd19000d9af,0x889d766fdcee95832694407f3ea5cdaad395a61d5f927ec0c8f2eb041a005edf
141,0.16666666666666666,0.0005,0x1f8ac99600c61189d92c85cc760735b9e0067a60,2017-09-16T16:02:00.000Z,0.003,0xe89a2a7a15cbaae3c58a03d79485373e216226d6,buy,0x667088b212ce3d06a1b553a7221e1fd19000d9af,0x6f10ce3eb1c416c4d1e09099940bd39fd3b8c33823d68d5c7fbbb2c307cb0eed
142,0.16666666666666666,0.0005,0x8b24d80c6dd6e1af5a000e03ca8f00886a05f6f5,2017-09-15T04:37:02.000Z,0.003,0xe89a2a7a15cbaae3c58a03d79485373e216226d6,buy,0x667088b212ce3d06a1b553a7221e1fd19000d9af,0x43043abf181726ec265541a01400ed1302e23e520f12b2575b04e776cfffaa4f
143,68.15544856413278,0.10904871770261246,0x3dee4a4e076e8d82859d241db0baf46f112cfa23,2017-09-14T16:41:48.000Z,0.0016,0xcb87b56a7000130f638bdb38ca1c3d5307af3bd0,sell,0x667088b212ce3d06a1b553a7221e1fd19000d9af,0x7fdf6d8796b7542e06ada82ef451d1a6c7c7b105d1b091e837ae72ecd167ad88
144,35.02865255638555,0.1015830924135181,0x8025fbd77a0d886fdfcfded324dca121ad73c3b2,2017-09-14T06:35:05.000Z,0.0029,0xcb87b56a7000130f638bdb38ca1c3d5307af3bd0,buy,0x667088b212ce3d06a1b553a7221e1fd19000d9af,0x9a4b59a0e03e095f3166236e42a5885fcf42fa35db94cc1223c115abcb20d223
145,0.16666666666666666,0.0005,0x4c2fb430e95954bcfa54ce4741a9fc2ff6e415ad,2017-09-13T21:16:54.000Z,0.003,0xe89a2a7a15cbaae3c58a03d79485373e216226d6,buy,0x667088b212ce3d06a1b553a7221e1fd19000d9af,0xcaa49f723f8aad9ed4a0686d5a12d0d5682b24d27ea83e42dd652a8bafd1d7f0
146,103.39538301106715,0.31018614903320146,0xcb87b56a7000130f638bdb38ca1c3d5307af3bd0,2017-09-13T21:03:02.000Z,0.003,0xe89a2a7a15cbaae3c58a03d79485373e216226d6,buy,0x667088b212ce3d06a1b553a7221e1fd19000d9af,0x8f519170227d93413a11d6c4dd62c2327732532d7bf8ca73321e60c5f6593d58
147,120,0.36,0x323aa94f92121ee3ba173cce400d1abe8f316ad4,2017-09-13T09:13:52.000Z,0.003,0xe89a2a7a15cbaae3c58a03d79485373e216226d6,buy,0x667088b212ce3d06a1b553a7221e1fd19000d9af,0x6710265a7ee8a0200fe1febbf0b70cd5560ee459315d271f87a2bad860351973
148,0.3,0.0009,0x0024a5046fd95c5eee6db19a69ef7ed3bacd50f1,2017-09-12T01:48:03.000Z,0.003,0xe89a2a7a15cbaae3c58a03d79485373e216226d6,buy,0x667088b212ce3d06a1b553a7221e1fd19000d9af,0xfa1056d61b2c85d10255aed5015df6c46770f06125997cb6da575dd5091aacd7
149,174.3375641872462,0.5230126925617385,0x81450bcbd299f60a4bb167f65f639aa1fb2cd536,2017-09-12T00:05:23.000Z,0.003,0xe89a2a7a15cbaae3c58a03d79485373e216226d6,buy,0x667088b212ce3d06a1b553a7221e1fd19000d9af,0x91393007fcf95fbe964e167a052cb4a32c59af830444f6b3568d2c577a4b45eb
150,4.9850448654037,0.008524426719840328,0x8107b4bebd1c6a0c69d71b85adb664e5e4a5674f,2017-09-10T06:09:07.000Z,0.00171,0x6d3d0dfa885186833d6cf04f7890aab7d3b43cd1,sell,0x667088b212ce3d06a1b553a7221e1fd19000d9af,0xe7ad4b8101073225d83934e4f9fed151aa505e510e01825811f2b30d5f211554
151,0.16666666666666666,0.0005,0x64b604630e055318093215b7ed41697ca4fb5de6,2017-09-10T04:12:27.000Z,0.003,0xe89a2a7a15cbaae3c58a03d79485373e216226d6,buy,0x667088b212ce3d06a1b553a7221e1fd19000d9af,0x83a3ea4197e2603a7efa60114bb5d4a19a41be0bec332a1d0379c714e020337c
152,304.64955060595173,0.6763220023452129,0xf142f26d1cac4ba8a6e6d7974d243eda2fe5f4f9,2017-09-02T04:52:46.000Z,0.00222,0xda0be84729ffc3df51a2a6726810564ba961cc58,buy,0x667088b212ce3d06a1b553a7221e1fd19000d9af,0xb7847b5da1aa30f41d974b7f2a831467807f599979e2f00fc6c22c1e6963be0b
153,0.4490583695049847,0.000996909580301066,0xf142f26d1cac4ba8a6e6d7974d243eda2fe5f4f9,2017-09-02T04:50:12.000Z,0.00222,0xda0be84729ffc3df51a2a6726810564ba961cc58,buy,0x667088b212ce3d06a1b553a7221e1fd19000d9af,0x11bd8fad22eba2058716d7ab0474afa021506f7b2b8c77c4b1a12238ca8d1d3b
154,381.7269130003841,0.8474337468608527,0x534cacb922c009e510fb25e0d89d307d15a8392f,2017-09-02T03:41:24.000Z,0.00222,0xda0be84729ffc3df51a2a6726810564ba961cc58,buy,0x667088b212ce3d06a1b553a7221e1fd19000d9af,0x961e0c1bd1a2a4d614da71b54882a7fbff6544d47fd2c04c5d5fdc57b14efedb
155,216.216,0.47999952,0xdcf93441dd681e2cac27bff4d6db7e5036f25bad,2017-09-02T03:38:14.000Z,0.00222,0xda0be84729ffc3df51a2a6726810564ba961cc58,buy,0x667088b212ce3d06a1b553a7221e1fd19000d9af,0xc0cfff7088d178e39e05d7c070e45cefeb3d6b1c459e3ff9ffedff90b03e6c31
156,273.83547802415916,0.6079147612136333,0x534cacb922c009e510fb25e0d89d307d15a8392f,2017-09-02T03:04:23.000Z,0.00222,0xda0be84729ffc3df51a2a6726810564ba961cc58,buy,0x667088b212ce3d06a1b553a7221e1fd19000d9af,0x20f00e1876e9b815bf3a6ececc8e544b2801efb1ed043ba0535e66b78cd5bb1f
157,306.776,0.6749072,0x729a7681344e0af444b8f9e493655b0bfb78b33c,2017-09-02T01:24:54.000Z,0.0022,0xaceed2d1813af4aba50afb62011150de84212fee,buy,0x667088b212ce3d06a1b553a7221e1fd19000d9af,0xbec05ce75637ba2dc27beeafeee9f7fb2da14f579acaef4a2093cdfe085c98a8
158,207.16777992031908,0.33147051955030976,0x94a00fbb63f2e2c8e7db218d75d6c5d319d166bd,2017-09-01T20:52:51.000Z,0.00160001,0x9cdc370013229bf5ac914f78681d8479ab79c5a9,sell,0x667088b212ce3d06a1b553a7221e1fd19000d9af,0xf84a8a5dd4a127fe8c9b5d3ca8b16f9999170d44a4940179395315e39afc91ae
159,0.000380720721286738,0.000000609156961265,0x94a00fbb63f2e2c8e7db218d75d6c5d319d166bd,2017-09-01T20:43:15.000Z,0.0016000099999973901,0x9cdc370013229bf5ac914f78681d8479ab79c5a9,sell,0x667088b212ce3d06a1b553a7221e1fd19000d9af,0xb18c4a3cd3eabcd3864ca9189ccd1dbc7455fa9490ee62ee5af8916308dd62b3
160,1,0.003,0x084e761c962bf124017a02c57ab90da2415f33fa,2017-08-31T23:08:02.000Z,0.003,0x0f7ce02f8af040579eb7a93549bdcc965fa8eb7b,buy,0x667088b212ce3d06a1b553a7221e1fd19000d9af,0x74aac4fe26d6c2034c6b4d1b96bac7f73169c950c178b81017d04527865f88b2
161,1,0.003,0x084e761c962bf124017a02c57ab90da2415f33fa,2017-08-31T23:07:09.000Z,0.003,0xe89a2a7a15cbaae3c58a03d79485373e216226d6,buy,0x667088b212ce3d06a1b553a7221e1fd19000d9af,0x1085e9b5ae458e40dd6b30fde4c5b828d46210817d927f8eafe5f4be1c36468c
162,1,0.003,0x084e761c962bf124017a02c57ab90da2415f33fa,2017-08-31T23:06:55.000Z,0.003,0xe89a2a7a15cbaae3c58a03d79485373e216226d6,buy,0x667088b212ce3d06a1b553a7221e1fd19000d9af,0x5e8b76b7ca819abd8adee66f575241a0feb8c14fbec352fb14fb83197343dd73
163,207.81038190095552,0.6857742602731532,0x9cdc370013229bf5ac914f78681d8479ab79c5a9,2017-08-31T09:45:06.000Z,0.0033,0x000b75fcdc15d41277deb033c72d2c8d774ccced,buy,0x667088b212ce3d06a1b553a7221e1fd19000d9af,0x258debc0ceb02866a3f9ea20842305ecd4b2eb5ff05d38269267c7bc4333cf2d
164,25.680533899889905,0.08474576186963668,0x6232486e0baba788d5ddc9990bc8890ebb9651c6,2017-08-31T04:13:44.000Z,0.0033,0x000b75fcdc15d41277deb033c72d2c8d774ccced,buy,0x667088b212ce3d06a1b553a7221e1fd19000d9af,0x0a27a8d9b225588abb56f6a0f9dc807dd26cb8ad2892361d0f3be120d10dc4d2
165,0.05,0.000165,0x98f0deb428b74fb5302d250af5d55e77c8519f2a,2017-08-30T13:54:52.000Z,0.0033,0x000b75fcdc15d41277deb033c72d2c8d774ccced,buy,0x667088b212ce3d06a1b553a7221e1fd19000d9af,0x658d1ab03f681df213015e5d3c6da49768cf75c8e908ffc48782a4b51b93a2fc
166,60.606,0.1999998,0x92efc54c39219b0be3dd169e10eb4780204f0a09,2017-08-30T13:45:21.000Z,0.0033,0x000b75fcdc15d41277deb033c72d2c8d774ccced,buy,0x667088b212ce3d06a1b553a7221e1fd19000d9af,0x7522e0a5772bfc044eac44611edee77cf89a0fb5eab6502b33ffc31d6d076efd
167,38.879473631741604,0.023328461768517595,0x000b75fcdc15d41277deb033c72d2c8d774ccced,2017-08-29T12:24:16.000Z,0.0006000199999999999,0x0c592468326030edf2750b22c53c519db2920fa1,sell,0x667088b212ce3d06a1b553a7221e1fd19000d9af,0xec178412701159283c6822d54e2b40e24629930aea5ad63061df6add80bac254
168,15,0.06,0x3ac91e029c9f119516e2b94a996352aed9766db9,2017-08-29T00:21:42.000Z,0.004,0x0f7ce02f8af040579eb7a93549bdcc965fa8eb7b,buy,0x667088b212ce3d06a1b553a7221e1fd19000d9af,0x2ff62ecaeebd0c43e1d3c0900ec5dc8bc1d7f9a5f98e524c37301d7d59472ff4
169,0.27415014829252277,0.001096600593170091,0x3acd1f5d0e14e50b1731ca4bcee2f8bf65c5f183,2017-08-28T19:56:34.000Z,0.004,0x0f7ce02f8af040579eb7a93549bdcc965fa8eb7b,buy,0x667088b212ce3d06a1b553a7221e1fd19000d9af,0x04345bd2d911bc12309d229c89dad0b47ffe94ff2f436494515ede0537de15db
170,16.142,0.048426,0x66f579485ad8be594a47d13d1427eae9f30777d5,2017-08-27T10:45:44.000Z,0.003,0x56ac65dd21f1f5e3e79bac95c6f4ab2f26c7360a,buy,0x667088b212ce3d06a1b553a7221e1fd19000d9af,0xad8117407f48d546b4150f8b7222ea81f8cc589c5e2e5734b9dc2b6a44b112b9
171,84.137,0.33570663,0x66f579485ad8be594a47d13d1427eae9f30777d5,2017-08-27T10:41:42.000Z,0.00399,0xe5f80b82b325740196728fdc27130ce20166cc43,buy,0x667088b212ce3d06a1b553a7221e1fd19000d9af,0x384eb64a17e51b1055238cc1f668e92e2c336034375334ddb53ea3d46cf1ca4f
172,0.855924598387938,0.002567773795163814,0x80009cd3ac6446bfb1a7eeb876a2dbb5283c92a4,2017-08-27T08:52:14.000Z,0.003,0x56ac65dd21f1f5e3e79bac95c6f4ab2f26c7360a,buy,0x667088b212ce3d06a1b553a7221e1fd19000d9af,0x87139478fc5a4dab666827d3abcfdb4ebc833b0eb7114a3ecd83ac54f4a6750d
173,33,0.099,0x80009cd3ac6446bfb1a7eeb876a2dbb5283c92a4,2017-08-27T08:50:29.000Z,0.003,0xbb6594dbc0642c89f6498d59db5f12fa58486d56,buy,0x667088b212ce3d06a1b553a7221e1fd19000d9af,0xa79dad086ca0569b95b859a908fc05c8400165927155682804e3ab9e725d2f4e
174,75.322,0.37661,0x001f6c70414064621b5a593c98d875a8347f1900,2017-08-27T02:55:16.000Z,0.005,0x1fdf047bf7a114b37e7936d01e9cad754ad18803,buy,0x667088b212ce3d06a1b553a7221e1fd19000d9af,0x2880dc393c7933a7c20a2b77d9fae306a5be9f9e95a0d9a30c1c87f7d3beeaaa
175,353.43,0.1237005,0xe89a2a7a15cbaae3c58a03d79485373e216226d6,2017-08-27T02:06:45.000Z,0.00035,0x393d01142bd52105da0a9b1c0665d0733d536830,sell,0x667088b212ce3d06a1b553a7221e1fd19000d9af,0x4b993ef13424875969ac1b14d59e64b71fbbf8487cdcd224763174d5cc55643b
176,0.001656513286475333,0.000004969539859426,0xcfd0974106f5a430fcc901f6945745d6acfdd5f7,2017-08-26T18:43:23.000Z,0.0030000000000000005,0x56ac65dd21f1f5e3e79bac95c6f4ab2f26c7360a,buy,0x667088b212ce3d06a1b553a7221e1fd19000d9af,0xe5e9bc27d33a5f471eaa81c40531a1afd0d025bf5b4b3e03b28a6de43dc96834
177,33,0.0099,0xbb6594dbc0642c89f6498d59db5f12fa58486d56,2017-08-26T17:26:16.000Z,0.0003,0xe89a2a7a15cbaae3c58a03d79485373e216226d6,sell,0x667088b212ce3d06a1b553a7221e1fd19000d9af,0xe77675e00004eb02bbad808ddbd16b48e8a1a4a0240252b2b09d528c97e158c3
178,84.137,0.020277017,0xe5f80b82b325740196728fdc27130ce20166cc43,2017-08-26T04:56:09.000Z,0.000241,0x2256c01a9c0e2de68cb7d27f7e39dc4e1c7d3783,sell,0x667088b212ce3d06a1b553a7221e1fd19000d9af,0xdb044363cbea8b3308c74163d098554f32ce74cde99f6683a2146cf0eda29523
179,499.999982285621,0.8799449688246416,0x2256c01a9c0e2de68cb7d27f7e39dc4e1c7d3783,2017-08-26T04:53:04.000Z,0.00175989,0x56ac65dd21f1f5e3e79bac95c6f4ab2f26c7360a,buy,0x667088b212ce3d06a1b553a7221e1fd19000d9af,0x207d822e5edf331811debd31cce483ae43a611b39e4387fe96ff15a731cd4f5c
180,0.000017714378973685,0.000000031175358412,0x16d54d17e072fccd062139d2da973b3dcc869453,2017-08-25T16:36:16.000Z,0.001759890000000085,0x56ac65dd21f1f5e3e79bac95c6f4ab2f26c7360a,buy,0x667088b212ce3d06a1b553a7221e1fd19000d9af,0x5c2a48251e0459bd79707407e47b7f16b2662115e5543313c32a558a1f3076af
181,83,0.1411,0x8facaf9c8ac38401f6cdd14534a8caaf3bd9d7ad,2017-08-25T14:53:58.000Z,0.0017,0x56ac65dd21f1f5e3e79bac95c6f4ab2f26c7360a,sell,0x667088b212ce3d06a1b553a7221e1fd19000d9af,0xf5fa0b72ca9c3fc3bf293aedc0484d3111ea7b39e567ac0188d538187153ef46
182,1,0.005,0xbb325a2ee38566c7a03010b2c4929fd99861bf36,2017-08-25T12:04:28.000Z,0.005,0x1fdf047bf7a114b37e7936d01e9cad754ad18803,buy,0x667088b212ce3d06a1b553a7221e1fd19000d9af,0xf2bb54de1f4322f1b38d643cbf288cd04f9ba4d82e60478b9cc812be7beec790
183,995.025,1.74129375,0x3659751a8cd91b1ebc3d3756f9c1f41bff1d7272,2017-08-25T04:03:01.000Z,0.00175,0xf142f26d1cac4ba8a6e6d7974d243eda2fe5f4f9,sell,0x667088b212ce3d06a1b553a7221e1fd19000d9af,0x39d1b4c9b090878177b1bf4736f6e324ebef0cdc05821429096ed5344476e50a
184,250,0.4425,0xedcf7865160bd0daa610de492922c1c390a69170,2017-08-25T04:03:01.000Z,0.00177,0xf142f26d1cac4ba8a6e6d7974d243eda2fe5f4f9,sell,0x667088b212ce3d06a1b553a7221e1fd19000d9af,0xeecbce512db5689c751a749748e72bdbd3d3cfa9a81a7841201a011e9e8f87be
185,5,0.02,0x6d3d0dfa885186833d6cf04f7890aab7d3b43cd1,2017-08-24T19:29:15.000Z,0.004,0xe89a2a7a15cbaae3c58a03d79485373e216226d6,buy,0x667088b212ce3d06a1b553a7221e1fd19000d9af,0x1654d0e6f417e1d5133afc0018e2804c6759c0d8b6ac702b9fb576337cafd0ab
186,0.2,0.0008,0x2d7ad46c8c2128b37f7bbf1d70f81db34d1176ba,2017-08-24T16:53:37.000Z,0.004,0xe89a2a7a15cbaae3c58a03d79485373e216226d6,buy,0x667088b212ce3d06a1b553a7221e1fd19000d9af,0x534bdf407b5f95b48b5266b6ef5f6304a9092b1cbd5b8bb1ccff585d90e174e4
187,0.7328835788002462,0.002931534315200984,0x141f9177d22b35e6a9261a5e413b8074f5df255d,2017-08-24T16:01:04.000Z,0.003999999999999999,0xe89a2a7a15cbaae3c58a03d79485373e216226d6,sell,0x667088b212ce3d06a1b553a7221e1fd19000d9af,0x9b72aa35dbde39ec4db5c8f68774694d9041fe5b32b70034f6166bcd06b5764f
188,249.26711642119974,0.997068465684799,0x141f9177d22b35e6a9261a5e413b8074f5df255d,2017-08-24T15:57:20.000Z,0.004,0x669f0ab96fd3beb68bc836bb874894bbb516331a,sell,0x667088b212ce3d06a1b553a7221e1fd19000d9af,0xd99179b913dee131cf5e9fc7d516d5f594cf465ba42bb88f2e4e2f66b080d8a8
189,4.974578805702323,0.008705512909979065,0x3659751a8cd91b1ebc3d3756f9c1f41bff1d7272,2017-08-24T03:06:53.000Z,0.0017499999999999998,0x91171dd2b048251b1dd5f6d0b89beaf4f33a73f7,sell,0x667088b212ce3d06a1b553a7221e1fd19000d9af,0x104fc6a93ab39e0124c75946a2f7a3922cbba257160c3d11747152e44c325987
190,20.796,0.03472932,0x1fdf047bf7a114b37e7936d01e9cad754ad18803,2017-08-20T10:05:41.000Z,0.00167,0x1657e36d67e3ca976cb3990cb611b061244a5680,buy,0x667088b212ce3d06a1b553a7221e1fd19000d9af,0x587c4935dd50d26ea15e11078ec7c28ad3de522f258c81138bf9b178a642dc4c
191,177.41002891037783,0.26611504336556674,0xac46b309fcbb0d397724dd44d27d0bf46d29c4ee,2017-08-19T10:40:55.000Z,0.0015,0x4f8a22362e2d4ffa1807b23c8c2e49466211fbe3,sell,0x667088b212ce3d06a1b553a7221e1fd19000d9af,0x44e85f4a5f0feacc1e570239df7f5dd9de81337d7da3220751a5205e59b4b34e
192,150,0.525,0x4f8a22362e2d4ffa1807b23c8c2e49466211fbe3,2017-08-19T10:36:59.000Z,0.0035,0x1fdf047bf7a114b37e7936d01e9cad754ad18803,buy,0x667088b212ce3d06a1b553a7221e1fd19000d9af,0x0e12ac078fe6bbb7608e3e9540ca8ba99d84eb4bb40e2fe482d18742cf27896a
193,27.96,0.075492,0x4f8a22362e2d4ffa1807b23c8c2e49466211fbe3,2017-08-19T10:36:41.000Z,0.0027,0xac46b309fcbb0d397724dd44d27d0bf46d29c4ee,buy,0x667088b212ce3d06a1b553a7221e1fd19000d9af,0x2a4b3021b3106f7ab1d37f82c14ec73bed4d20a80e11a1f039c5c8d65af40c2b
194,35.000000014365654,0.1050000784,0x43f5620f84e74854bab3fc9d0df8a30576bf9b9c,2017-08-19T00:18:20.000Z,0.0030000022387686575,0xac46b309fcbb0d397724dd44d27d0bf46d29c4ee,buy,0x667088b212ce3d06a1b553a7221e1fd19000d9af,0x1912e4113e3d5083e8a6e2f11abbf829b6cebd52f2f4d03fe0e27327d2b9101d
195,339.0462088773906,1.0171393856781976,0x9729ce3be112f474124a5ee158aeeb10607cd592,2017-08-18T17:09:45.000Z,0.0030000022387686575,0xac46b309fcbb0d397724dd44d27d0bf46d29c4ee,buy,0x667088b212ce3d06a1b553a7221e1fd19000d9af,0x7cc566b566538a7d32ad5b5d66b7ea15ee6dc3524d43f2b51588c615a047f95c
196,0.020486983820399013,0.000041178837479002,0x1fdf047bf7a114b37e7936d01e9cad754ad18803,2017-08-17T06:57:53.000Z,0.002009999999999999,0xf43c0ef9630008239b1686044ce9294d99833e39,sell,0x667088b212ce3d06a1b553a7221e1fd19000d9af,0x8612e7bf40f4669e11c874004fd90271629e2aa7c3ebdc22677e19a39702b671
197,205.5049347024225,0.4130649187518692,0x1fdf047bf7a114b37e7936d01e9cad754ad18803,2017-08-17T06:52:58.000Z,0.00201,0xf43c0ef9630008239b1686044ce9294d99833e39,sell,0x667088b212ce3d06a1b553a7221e1fd19000d9af,0x1643fcf884cbd58aacf132e8322db40a53906a9fb1f7b8064c8c6568263ddf89
198,1.2896725691351956,0.010007859136489118,0xab667dee3a75d17b37b459d180defd79d4c2e8df,2017-08-17T00:23:29.000Z,0.00776,0xa3d559a26e0252266d4d43231d7c29707c76d8b0,buy,0x667088b212ce3d06a1b553a7221e1fd19000d9af,0xbc24d840b8370f6b9cf8d896bf5c8b317f345268778d26da7682b72458b93c3e
