,amount,amountBase,buyer,date,price,seller,side,tokenAddr,txHash
0,0.69930079,0.0005,0x4fda9e6bcd83af6c5cc771b5d20accc2b7720074,2017-11-02T14:21:22.000Z,0.000714999907264512,0xced732ca92cb4f040239c4e8c85f14acbb5db000,buy,0x8ae4bf2c33a8e667de34b54938b0ccd03eb8cc06,0xdee11f432c8d30570314ca1e0a8472514b412dd431df8867bdac9be9de15c246
1,0.69930079,0.0005,0x3075f7f189912f4f425dd7021b9c396434197477,2017-11-02T14:12:40.000Z,0.000714999907264512,0xced732ca92cb4f040239c4e8c85f14acbb5db000,buy,0x8ae4bf2c33a8e667de34b54938b0ccd03eb8cc06,0x08dc08c3fa774a00ff1eca09ccd7b9f57ab1227ffe241d31e5c74e3c3f3202bc
2,50.34891835,0.0229112752951675,0x009a12d4290630bc01fd82516ac57c1dc6a9bcfb,2017-11-02T08:39:39.000Z,0.00045505,0x0fe614ffea49095e98e6cb5cbd589f5455bf0f02,sell,0x8ae4bf2c33a8e667de34b54938b0ccd03eb8cc06,0x848f0e669d51791025c588a089433dee4ac63abbc130c7a515e154c5f9c1a15f
3,1119.59181943,0.559795909715,0x3dee4a4e076e8d82859d241db0baf46f112cfa23,2017-11-02T08:12:08.000Z,0.0005,0xe2eabfc1e89a462bbd2ba188cd8a9591a9a0d04e,sell,0x8ae4bf2c33a8e667de34b54938b0ccd03eb8cc06,0x161cfddd6ce0f1887b80488bbaecd21c6c3397f4c4be0dbf831957a89992c39f
4,1875.54067221,0.937770336105,0x3dee4a4e076e8d82859d241db0baf46f112cfa23,2017-11-02T07:50:36.000Z,0.0005,0xe2eabfc1e89a462bbd2ba188cd8a9591a9a0d04e,sell,0x8ae4bf2c33a8e667de34b54938b0ccd03eb8cc06,0x1a826400fcbd54ce98a2dbae30af4968474237eca4dac4859126be3045c9b096
5,1809.35243564,1.0132373639584,0x5272cd4dd8b48fcbd85ea40c458840924b0f086e,2017-11-02T07:38:29.000Z,0.00056,0xe2eabfc1e89a462bbd2ba188cd8a9591a9a0d04e,sell,0x8ae4bf2c33a8e667de34b54938b0ccd03eb8cc06,0x64d6911643d27297e3a47c499eb8557405bf081aee97987da64a1b86a713c95b
6,86.22894012,0.04755526047618,0x437338ffd4b45cdf78c3589d763dc746b0edf761,2017-11-02T02:31:33.000Z,0.0005515,0x953d1111662196af36e9d387c0f909e14111fa76,sell,0x8ae4bf2c33a8e667de34b54938b0ccd03eb8cc06,0x2a2cf4761fdbd3a6234588ef03b5ae1de8a8aa09df87c954ceb521ef08d35d32
7,205,0.149445,0x3f5a86104d20e0079c8758b805c84274f6f9a199,2017-11-01T23:14:40.000Z,0.000729,0xfbf7dc0756a9768d0c71aea5f8421f3b1eaee7d1,buy,0x8ae4bf2c33a8e667de34b54938b0ccd03eb8cc06,0x456f8a67c9a83f2e6ce173f24637addc138fad1a1f6f5b09933e93fb5d40eac5
8,169.727,0.093519577,0x5272cd4dd8b48fcbd85ea40c458840924b0f086e,2017-11-01T22:26:28.000Z,0.000551,0x5272cd4dd8b48fcbd85ea40c458840924b0f086e,sell,0x8ae4bf2c33a8e667de34b54938b0ccd03eb8cc06,0x4bfd1e6a45583dd1fa0a38735b48f499a89387300d763199e65250c75fa52be5
9,169.66571843,0.093519743998616,0x5272cd4dd8b48fcbd85ea40c458840924b0f086e,2017-11-01T22:25:09.000Z,0.0005512,0x5272cd4dd8b48fcbd85ea40c458840924b0f086e,sell,0x8ae4bf2c33a8e667de34b54938b0ccd03eb8cc06,0x85e67a85dd69a2defbe31a29a8d4b554c01acc6eff890c710b37b93912f3fbbf
10,169.65956243,0.0935197440026646,0x5272cd4dd8b48fcbd85ea40c458840924b0f086e,2017-11-01T22:23:52.000Z,0.00055122,0x5272cd4dd8b48fcbd85ea40c458840924b0f086e,sell,0x8ae4bf2c33a8e667de34b54938b0ccd03eb8cc06,0x0299845ca879523774601c581ea745f03772dacbee808dac60360dce354d85f9
11,169.61955926,0.093519743998001,0x5272cd4dd8b48fcbd85ea40c458840924b0f086e,2017-11-01T22:22:45.000Z,0.00055135,0x5272cd4dd8b48fcbd85ea40c458840924b0f086e,sell,0x8ae4bf2c33a8e667de34b54938b0ccd03eb8cc06,0xa3a5d95580bc4bd313e7da418cedc6fea87c53e4ec8e6f1e48e329c741dd9be0
12,166.99954286,0.0935197440016,0x5272cd4dd8b48fcbd85ea40c458840924b0f086e,2017-11-01T22:22:02.000Z,0.00056,0x5272cd4dd8b48fcbd85ea40c458840924b0f086e,sell,0x8ae4bf2c33a8e667de34b54938b0ccd03eb8cc06,0x24a3d6d9a0f935ad0260fe9ceebf1eaa86c7f16a7533f3d4693097419221ab0d
13,6798.38500647,3.8070956036232,0x5272cd4dd8b48fcbd85ea40c458840924b0f086e,2017-11-01T22:07:37.000Z,0.00056,0x9310929406050fcca085623b26611fedb1222cac,sell,0x8ae4bf2c33a8e667de34b54938b0ccd03eb8cc06,0xd5117f512df7956a7be6a69f9433808a11dd9f71b26f4156c07ac317bc9f820d
14,180,0.1033884,0x437338ffd4b45cdf78c3589d763dc746b0edf761,2017-11-01T21:25:06.000Z,0.00057438,0x9310929406050fcca085623b26611fedb1222cac,sell,0x8ae4bf2c33a8e667de34b54938b0ccd03eb8cc06,0xe3e1fa780db2f478d46c38c8b25274a5603adacea9a206968f0e78c329462bf4
15,1480.41072674,0.8162259345988258,0x3dee4a4e076e8d82859d241db0baf46f112cfa23,2017-11-01T05:15:48.000Z,0.000551351,0xf73a2ca173919864a896511053bc7c32cbbdaafb,sell,0x8ae4bf2c33a8e667de34b54938b0ccd03eb8cc06,0xefda66c158d5d94639dd90c4eb5580ac7d91055c624d1bc1a22ced6a3dc27aa3
16,0.667,0.00036018,0x437338ffd4b45cdf78c3589d763dc746b0edf761,2017-10-31T05:20:29.000Z,0.00054,0xe444a40689f51f63bcd29910622035707d533d29,sell,0x8ae4bf2c33a8e667de34b54938b0ccd03eb8cc06,0xbebda591184c9a18ea0122da8da8b8c068db7d7372b9982d15e72e38703b8133
17,0.001,0.000000692999999,0x0c4085d8e714ca77ac5f46cd2b80a92d238a7cd3,2017-10-31T01:16:43.000Z,0.000692999999,0xced732ca92cb4f040239c4e8c85f14acbb5db000,buy,0x8ae4bf2c33a8e667de34b54938b0ccd03eb8cc06,0x54bc1826aacdec49d7f3aaca41c78fdc802e8f36c123ebfc2bfd9f44e41b22fe
18,1516.1489383,0.80371055219283,0xd0d089fe18092dcb94a1a06b2496a5b9a611d3a5,2017-10-30T16:56:20.000Z,0.0005301,0x458bb0c850e5e7e242159a7ba4f932f81b08c76c,sell,0x8ae4bf2c33a8e667de34b54938b0ccd03eb8cc06,0xe16b5e67c08cdc5ad2404b34527829ee3dfcd8083c1ecc90ba32d56a58948654
19,100,0.0588999,0xced732ca92cb4f040239c4e8c85f14acbb5db000,2017-10-29T20:03:29.000Z,0.000588999,0x6cee96ed9a414ca70c4a047156e5ee32aa8a017b,buy,0x8ae4bf2c33a8e667de34b54938b0ccd03eb8cc06,0x7275d03ff84aa63d23bfed57a95656e251723c5e090530a92844ee2e01f6fc04
20,0.05714516,0.000033647070208,0x3936968cf999728de3dbf7afecb7ee3d9c02b381,2017-10-29T07:23:25.000Z,0.0005888,0x40068d2eefb8f1dc7f73437d44d306d899edd669,sell,0x8ae4bf2c33a8e667de34b54938b0ccd03eb8cc06,0xd1ace2db28d413c10eb76828dc6166ce4ad54c5dd0e91693cafc1610757f9e14
21,573.22300867,0.331150932108659,0x3936968cf999728de3dbf7afecb7ee3d9c02b381,2017-10-29T07:22:48.000Z,0.0005777,0x40068d2eefb8f1dc7f73437d44d306d899edd669,sell,0x8ae4bf2c33a8e667de34b54938b0ccd03eb8cc06,0x7b737961b6c35305f77fdfbb30209f1f155eb9dbbafe1f4491021484738dd0e6
22,0.00000003,0.000000000017664,0x3936968cf999728de3dbf7afecb7ee3d9c02b381,2017-10-28T22:05:28.000Z,0.0005888,0x458bb0c850e5e7e242159a7ba4f932f81b08c76c,sell,0x8ae4bf2c33a8e667de34b54938b0ccd03eb8cc06,0xa438f42f22c989f831096e11d18f3be646dc549fb353535df14a6e3daf3cd2ae
23,0.67024128,0.0005,0x34f9560c63078eb61872a4dc2ccd20e21c34feaf,2017-10-28T20:54:27.000Z,0.00074600000763904,0xfbf7dc0756a9768d0c71aea5f8421f3b1eaee7d1,buy,0x8ae4bf2c33a8e667de34b54938b0ccd03eb8cc06,0x09642d7a6ab4889f3695486bc6c40a014f5c9e519e77a3f007e7c9b4a25d397b
24,0.67024128,0.0005,0xe444a40689f51f63bcd29910622035707d533d29,2017-10-28T20:53:09.000Z,0.00074600000763904,0xfbf7dc0756a9768d0c71aea5f8421f3b1eaee7d1,buy,0x8ae4bf2c33a8e667de34b54938b0ccd03eb8cc06,0x70aa09216d7af3d9c249dfdcb7fa05231d5c09b4a7ca709da4e6028a8f86b1a4
25,0.00032526,0.000000191513088,0x3936968cf999728de3dbf7afecb7ee3d9c02b381,2017-10-28T20:21:57.000Z,0.0005888,0x458bb0c850e5e7e242159a7ba4f932f81b08c76c,sell,0x8ae4bf2c33a8e667de34b54938b0ccd03eb8cc06,0xff812148375e23716dea998c9a93cbe3d75b01093ac6b0c91c5330654661a9a5
26,155.14786427,0.089628921188779,0x3936968cf999728de3dbf7afecb7ee3d9c02b381,2017-10-28T18:50:51.000Z,0.0005777,0xd03c6d8b4836a381e3f7923992c588ec4658b582,sell,0x8ae4bf2c33a8e667de34b54938b0ccd03eb8cc06,0x5fe62f17a54e01b10c69fb5fd6a210e193bf8cd9c740a839eb7dce98a5a063ef
27,1983.95410628,1.168152177777664,0x3936968cf999728de3dbf7afecb7ee3d9c02b381,2017-10-28T14:03:06.000Z,0.0005888,0x9778550d76b07ac9f5e57392f68ecdf6efc1774e,sell,0x8ae4bf2c33a8e667de34b54938b0ccd03eb8cc06,0xfbc46aa048b6b429f04920185d41aa40dfc1b95673a654be60a11f71d8a1fed7
28,1000,0.5999,0x3936968cf999728de3dbf7afecb7ee3d9c02b381,2017-10-28T14:02:33.000Z,0.0005999,0x9778550d76b07ac9f5e57392f68ecdf6efc1774e,sell,0x8ae4bf2c33a8e667de34b54938b0ccd03eb8cc06,0x23b00fa694b73f34e2edad506b9baf4bc4ddcfc9e08ac148aefee5b0af90f990
29,1,0.0007479,0x927a4460df1ba655363dde2fe1b2a07d3a209e83,2017-10-28T11:15:16.000Z,0.0007479,0xced732ca92cb4f040239c4e8c85f14acbb5db000,buy,0x8ae4bf2c33a8e667de34b54938b0ccd03eb8cc06,0x292dfc287cb37b7901cc5ea54701d8ce7b42a4d01eeb6df32b5c0c5d6e3a9456
30,648,0.433836,0x870f3bd33ce1169173dd8b5fe6af6650e8d39194,2017-10-27T17:04:51.000Z,0.0006695,0xfbf7dc0756a9768d0c71aea5f8421f3b1eaee7d1,buy,0x8ae4bf2c33a8e667de34b54938b0ccd03eb8cc06,0xfaa4eb2b4a9cc85f96aa7eabcb68432199c13478c67e79517fdb948db0a7fb70
31,2156,1.4660797844,0x870f3bd33ce1169173dd8b5fe6af6650e8d39194,2017-10-27T17:02:11.000Z,0.0006799999,0xced732ca92cb4f040239c4e8c85f14acbb5db000,buy,0x8ae4bf2c33a8e667de34b54938b0ccd03eb8cc06,0x3b2fc128adfc15f7e2f1fb368dd006092c9ce779c90ee31d63b39140698495ce
32,196.8,0.133824,0x870f3bd33ce1169173dd8b5fe6af6650e8d39194,2017-10-27T16:59:42.000Z,0.00068,0x3dee4a4e076e8d82859d241db0baf46f112cfa23,buy,0x8ae4bf2c33a8e667de34b54938b0ccd03eb8cc06,0xf1aa254bf3f9bd24c1b9ba9f20135ebda43a77b889edc5700f0c955fd6e556ca
33,196.8,0.1106017968,0x3dee4a4e076e8d82859d241db0baf46f112cfa23,2017-10-26T19:22:54.000Z,0.000562001,0xd227c0b8808fc71f0c50c16f40c0e29bc1e7dfd7,sell,0x8ae4bf2c33a8e667de34b54938b0ccd03eb8cc06,0x0c5a61c77ef5dd25c7609c369279399c416f01eee4887863888a2e265119788b
34,423.68657162,0.23565913168733182,0x71c18728545e77c54d4ea21b31a0e3acb51ca8fd,2017-10-26T01:27:22.000Z,0.000556211,0xd7fd6ed94ed2cc8b45385d3dd879c885f41f4168,sell,0x8ae4bf2c33a8e667de34b54938b0ccd03eb8cc06,0x17a4ad6b98487202a9408ed12756646be0af11b96e077e53e2870a77b1de9d3c
35,400,0.271559996,0x9310929406050fcca085623b26611fedb1222cac,2017-10-25T15:31:23.000Z,0.00067889999,0xced732ca92cb4f040239c4e8c85f14acbb5db000,buy,0x8ae4bf2c33a8e667de34b54938b0ccd03eb8cc06,0x85bdeac59e74b770c64e84ad7601861361ffe3520a6c8f9392628b1ae3d92874
36,4211.239,2.8573256615,0x9310929406050fcca085623b26611fedb1222cac,2017-10-25T15:29:26.000Z,0.0006785,0x3d11410192ed9c2401089edd92bc96a6c9261cfc,buy,0x8ae4bf2c33a8e667de34b54938b0ccd03eb8cc06,0xf54ab56e0129ada90e1cf8cad959137b87261fabf5098edb87bfe10948d31402
37,1775,1.201675,0x9310929406050fcca085623b26611fedb1222cac,2017-10-25T15:28:31.000Z,0.000677,0x7ff6dade60b697ef9fb6249196f75812b7d26ba2,buy,0x8ae4bf2c33a8e667de34b54938b0ccd03eb8cc06,0xdf466e313b4258b3b90f1e3cdff992ac450a1eb0349269fbe7dc624134025d28
38,1110,0.6549,0x9310929406050fcca085623b26611fedb1222cac,2017-10-25T12:43:35.000Z,0.00059,0xced732ca92cb4f040239c4e8c85f14acbb5db000,sell,0x8ae4bf2c33a8e667de34b54938b0ccd03eb8cc06,0x1f4e61721de03ffcb45325231fa337ffc6026c0dd1657a712991c7d306479b11
39,200,0.1030222,0xadfac97883d508f98bf12e07a22a5348598a5a16,2017-10-25T07:56:27.000Z,0.000515111,0x6ac6eebda32e60d0dd15dc24d55ff9128a75a34c,sell,0x8ae4bf2c33a8e667de34b54938b0ccd03eb8cc06,0x06eea446427609dc2210a620fc5e4efe5b226790c7bb11ce24d35570803e6a75
40,402,0.27291779598,0x80f3c0ababdb3e1100cb79539c41c86578437f7d,2017-10-25T06:50:18.000Z,0.00067889999,0xced732ca92cb4f040239c4e8c85f14acbb5db000,buy,0x8ae4bf2c33a8e667de34b54938b0ccd03eb8cc06,0x4c50b4ead17ca38e8283d9614cebff1e8a18a2c277b38580717051ae871dc7f0
41,2436.86913797,1.35246237157335,0x009a12d4290630bc01fd82516ac57c1dc6a9bcfb,2017-10-25T03:16:41.000Z,0.000555,0xad440e6b26dd3a044a97294bf87c017d7fb81c67,sell,0x8ae4bf2c33a8e667de34b54938b0ccd03eb8cc06,0x35789296ecab651c0d0cb76796c27c41be3ca01d8a3ca5cd9d6008cabe3b77a1
42,381.47934351,0.2250728126709,0xa75fcdf436c9713b3757819f1fb235918749c3ba,2017-10-25T03:10:53.000Z,0.00059,0xad440e6b26dd3a044a97294bf87c017d7fb81c67,sell,0x8ae4bf2c33a8e667de34b54938b0ccd03eb8cc06,0x6fcea96b55e48be057a2e1479bb25ff1f84f52075955eeccfbe5e700d01ac002
43,624.47826062,0.3278510868255,0x009a12d4290630bc01fd82516ac57c1dc6a9bcfb,2017-10-25T01:46:36.000Z,0.000525,0x47c40215d36b0104545bc7b95fb6cbe583175b67,sell,0x8ae4bf2c33a8e667de34b54938b0ccd03eb8cc06,0x1a1b2ceb5212cf6f4ce67f86508a3c7f56d0d5a93ae186ca84a0b6850b09a4b7
44,27.46666545,0.01864986584408972,0x8e387a510ddcc1891417c6ea3920d3997aff1020,2017-10-25T01:07:44.000Z,0.0006790000001288734,0x7ff6dade60b697ef9fb6249196f75812b7d26ba2,buy,0x8ae4bf2c33a8e667de34b54938b0ccd03eb8cc06,0xe40da0bfbd56969a50661c2e7a7f4b1893212628e76ac2d74eb819bcaa219f3b
45,2000,1.042,0xdef0083fea701af025c19bdf0d328d5a44eac384,2017-10-25T01:01:49.000Z,0.000521,0x47c40215d36b0104545bc7b95fb6cbe583175b67,sell,0x8ae4bf2c33a8e667de34b54938b0ccd03eb8cc06,0x38b0573bc56b54ba61af25eba83fa2f2ce28a274ce16a7ada73f49d6aa156795
46,493,0.334747,0xdef0083fea701af025c19bdf0d328d5a44eac384,2017-10-25T01:00:17.000Z,0.000679,0xfbf7dc0756a9768d0c71aea5f8421f3b1eaee7d1,buy,0x8ae4bf2c33a8e667de34b54938b0ccd03eb8cc06,0x6188ba4e1241c61793ce28970e0921b3e738c2eaee3bf4dcb6aa00a193def314
47,2500,1.3003,0x3dee4a4e076e8d82859d241db0baf46f112cfa23,2017-10-25T00:57:33.000Z,0.00052012,0x47c40215d36b0104545bc7b95fb6cbe583175b67,sell,0x8ae4bf2c33a8e667de34b54938b0ccd03eb8cc06,0xff2b2d4e006562f3fb21a5b7ab9e2f70cbc19555ab5eb60617e1ca04c4e5dabe
48,3000,1.6200003,0xced732ca92cb4f040239c4e8c85f14acbb5db000,2017-10-25T00:55:44.000Z,0.0005400001,0x47c40215d36b0104545bc7b95fb6cbe583175b67,sell,0x8ae4bf2c33a8e667de34b54938b0ccd03eb8cc06,0x80f72c20e0fa5d224e09ee856ff232f1233991508eb05fbb10ca10fa6331a71b
49,3000,1.536,0xced732ca92cb4f040239c4e8c85f14acbb5db000,2017-10-25T00:55:44.000Z,0.000512,0x47c40215d36b0104545bc7b95fb6cbe583175b67,sell,0x8ae4bf2c33a8e667de34b54938b0ccd03eb8cc06,0x4d64f54f48c343ef842f89d761335a0929c46fa183be458da6cd7810cd9cadc0
50,1500,0.811500015,0x953d1111662196af36e9d387c0f909e14111fa76,2017-10-25T00:55:07.000Z,0.00054100001,0x47c40215d36b0104545bc7b95fb6cbe583175b67,sell,0x8ae4bf2c33a8e667de34b54938b0ccd03eb8cc06,0x56c34cb5c7c3b076ffcf0e82ced58edf160700e731b9eebf545d7e8edc98aefe
51,4000,2.16404,0xced732ca92cb4f040239c4e8c85f14acbb5db000,2017-10-25T00:55:07.000Z,0.00054101,0x47c40215d36b0104545bc7b95fb6cbe583175b67,sell,0x8ae4bf2c33a8e667de34b54938b0ccd03eb8cc06,0x3afc2e9f1a1d4a8c6cc53a4f43f19429d8122b0cd72e5c4c1d87ad005677ea28
52,1000,0.615,0xe624fa6d80d1cce582d49fc9e71b043ca16c783d,2017-10-25T00:55:07.000Z,0.000615,0x47c40215d36b0104545bc7b95fb6cbe583175b67,sell,0x8ae4bf2c33a8e667de34b54938b0ccd03eb8cc06,0x5c330bd897ad33ffb2491be382258dd43810f17b4713165ff6f99d850e26e04f
53,74,0.04588,0x8e387a510ddcc1891417c6ea3920d3997aff1020,2017-10-25T00:54:47.000Z,0.00062,0x47c40215d36b0104545bc7b95fb6cbe583175b67,sell,0x8ae4bf2c33a8e667de34b54938b0ccd03eb8cc06,0xd62dfceeb4dfc72c2b9770acbc042f01890639f58ce146bbc6d777667f3dcb79
54,1,0.000679,0x0b773d7819259d78757b26dc4148812d35676d8f,2017-10-24T18:18:20.000Z,0.000679,0x7ff6dade60b697ef9fb6249196f75812b7d26ba2,buy,0x8ae4bf2c33a8e667de34b54938b0ccd03eb8cc06,0x55f9e2e86a07a9c7e91a91df4bd38252f3a6294d5ed2162804bb776e6dd3e8bc
55,3,0.002046,0x1d5321e125f6c7079a716705541c7b371ca79e69,2017-10-24T05:12:22.000Z,0.000682,0x7ff6dade60b697ef9fb6249196f75812b7d26ba2,buy,0x8ae4bf2c33a8e667de34b54938b0ccd03eb8cc06,0xb3784358d0083330a17d5e21660ac9f3654b7f820f489ee50da162426afb7642
56,2.99102691,0.0020638085679,0x06ce03d50dd172ca4512dec28e8f86e34fd32eb9,2017-10-24T05:12:22.000Z,0.00069,0x1d5321e125f6c7079a716705541c7b371ca79e69,sell,0x8ae4bf2c33a8e667de34b54938b0ccd03eb8cc06,0xb3784358d0083330a17d5e21660ac9f3654b7f820f489ee50da162426afb7642
57,997,0.68793,0x06ce03d50dd172ca4512dec28e8f86e34fd32eb9,2017-10-24T05:07:15.000Z,0.00069,0x273a5d3e6721b9f5c1a6474f560c1334c63dda01,sell,0x8ae4bf2c33a8e667de34b54938b0ccd03eb8cc06,0xd2797126c0890461277f2409e56aec7e5a7462c5aff5946442805df36e9644de
58,1000,0.682,0x273a5d3e6721b9f5c1a6474f560c1334c63dda01,2017-10-24T05:07:15.000Z,0.000682,0x7ff6dade60b697ef9fb6249196f75812b7d26ba2,buy,0x8ae4bf2c33a8e667de34b54938b0ccd03eb8cc06,0xd2797126c0890461277f2409e56aec7e5a7462c5aff5946442805df36e9644de
59,3450,2.3529,0x1bb2d3f6f9b1b7acb25290ac5e9f2007a1af713b,2017-10-24T02:49:22.000Z,0.000682,0x7ff6dade60b697ef9fb6249196f75812b7d26ba2,buy,0x8ae4bf2c33a8e667de34b54938b0ccd03eb8cc06,0xa72002797fb637e8527e689845dd58e19a2cc9fffa0933cd8c7cffcdf7ab2ace
60,17.542,0.011963644,0x1bb2d3f6f9b1b7acb25290ac5e9f2007a1af713b,2017-10-24T02:35:11.000Z,0.000682,0x47c40215d36b0104545bc7b95fb6cbe583175b67,sell,0x8ae4bf2c33a8e667de34b54938b0ccd03eb8cc06,0x867d26e935802e65de8fcf4a2e6249bec9843e97fcd5a9d2f0b648afa95df527
61,5450,3.7169,0x1bb2d3f6f9b1b7acb25290ac5e9f2007a1af713b,2017-10-24T02:23:30.000Z,0.000682,0x7ff6dade60b697ef9fb6249196f75812b7d26ba2,buy,0x8ae4bf2c33a8e667de34b54938b0ccd03eb8cc06,0x012798395809d16fa4ece66432d5aab4a60865948aad2144493a755db5e7a174
62,2000,1.364,0x1bb2d3f6f9b1b7acb25290ac5e9f2007a1af713b,2017-10-24T02:15:34.000Z,0.000682,0x7ff6dade60b697ef9fb6249196f75812b7d26ba2,buy,0x8ae4bf2c33a8e667de34b54938b0ccd03eb8cc06,0x48584ecb64106282a759b0becb7628b1846e13c49d7975e9bbdace4cd9f0ef43
63,1.64191007,0.001149501240007,0xf1cc647bb15a5ab7667feff7e7c80914374589a1,2017-10-23T20:58:42.000Z,0.0007001,0x7eb0fd6a30d1ff304b8011a6b13673e1f40dfbbc,sell,0x8ae4bf2c33a8e667de34b54938b0ccd03eb8cc06,0xa35fecff269880de09ce0ddfc1a4d0b88d9343a13a9a5cb386609b0bfd67b28f
64,1.647,0.0011265476706,0x7eb0fd6a30d1ff304b8011a6b13673e1f40dfbbc,2017-10-23T20:56:34.000Z,0.0006839998,0xced732ca92cb4f040239c4e8c85f14acbb5db000,buy,0x8ae4bf2c33a8e667de34b54938b0ccd03eb8cc06,0xf188fe8740ae34b6a9e6a425fd5aea3e7aa7614b5662937df6bdaa6259ec55cd
65,1993.99300982,1.2163875798084554,0x953d1111662196af36e9d387c0f909e14111fa76,2017-10-23T12:32:30.000Z,0.000610026,0x097501c95264ad3204159efaefdc5820783dbeae,sell,0x8ae4bf2c33a8e667de34b54938b0ccd03eb8cc06,0xcb48c00ab5a2a0d3277606edc70e35dcfdd030c99fa28fbd5ee386292fe9a210
66,3.88271066,0.0026790703554,0x1d5321e125f6c7079a716705541c7b371ca79e69,2017-10-23T10:51:17.000Z,0.00069,0x7ff6dade60b697ef9fb6249196f75812b7d26ba2,buy,0x8ae4bf2c33a8e667de34b54938b0ccd03eb8cc06,0x026e8e8d4291fc0082bd787638ffb81e69a9aac6594798e5adaedbf3c75172fe
67,3.87109736,0.0029807449672,0x29b8eca0a380c562a00b7e5d1fbc624e5be736a5,2017-10-23T10:51:17.000Z,0.00077,0x1d5321e125f6c7079a716705541c7b371ca79e69,sell,0x8ae4bf2c33a8e667de34b54938b0ccd03eb8cc06,0x026e8e8d4291fc0082bd787638ffb81e69a9aac6594798e5adaedbf3c75172fe
68,420,0.32256,0xd41905214a51393886233296a362da0afa646022,2017-10-23T04:18:28.000Z,0.000768,0x7ff6dade60b697ef9fb6249196f75812b7d26ba2,buy,0x8ae4bf2c33a8e667de34b54938b0ccd03eb8cc06,0x827d5f583df9167667c003083a425b881f1bad0a447117024bbec5cc6ed931bf
69,380,0.29184,0xd41905214a51393886233296a362da0afa646022,2017-10-23T03:37:43.000Z,0.000768,0x7ff6dade60b697ef9fb6249196f75812b7d26ba2,buy,0x8ae4bf2c33a8e667de34b54938b0ccd03eb8cc06,0x70974924cdc4a0f14f52a45bdb11b282395c1b2511e664df1b8ea9d8b2f2de8c
70,2000,1.5382222,0xc9ffdeeee53736a67f0a4d22e64ab62dc9f010c4,2017-10-22T18:44:55.000Z,0.0007691111,0x28fc50a4088f19e18ec8272f5a3fcd035bc2cbe5,buy,0x8ae4bf2c33a8e667de34b54938b0ccd03eb8cc06,0xa053dccdf446dcc770c664ad893c55bc7f4ea822aa8e2d114b42d1bf6ef0af43
71,574.57,0.44184433,0xc9ffdeeee53736a67f0a4d22e64ab62dc9f010c4,2017-10-22T18:44:38.000Z,0.000769,0x62bf1d823a732c142cca9307bf3adac4053c3f09,buy,0x8ae4bf2c33a8e667de34b54938b0ccd03eb8cc06,0xe8a012bfcb114067c5674dcb31a44d34bfa6fe5714636bec66e3bb9c48162fb2
72,26,0.019994,0xd7fd6ed94ed2cc8b45385d3dd879c885f41f4168,2017-10-22T12:29:38.000Z,0.000769,0x62bf1d823a732c142cca9307bf3adac4053c3f09,buy,0x8ae4bf2c33a8e667de34b54938b0ccd03eb8cc06,0x351da9c5d5803b0c26f2e2fbdc02898f29fb5560dc2093ca13abdfa4cb114efa
73,1993.88153002,1.5552275934156,0xfbf7dc0756a9768d0c71aea5f8421f3b1eaee7d1,2017-10-22T05:37:16.000Z,0.00078,0x097501c95264ad3204159efaefdc5820783dbeae,sell,0x8ae4bf2c33a8e667de34b54938b0ccd03eb8cc06,0x3e7ddd2da15e88736358278370f18cdeab5def2755e58d3c2b06c83a87478f0e
74,11043.64000453,7.730548003171,0x28fc50a4088f19e18ec8272f5a3fcd035bc2cbe5,2017-10-22T03:03:15.000Z,0.0007,0x9778550d76b07ac9f5e57392f68ecdf6efc1774e,sell,0x8ae4bf2c33a8e667de34b54938b0ccd03eb8cc06,0x897669ec3b7a5156a25a88c4bed6c651cac2f86d7687cf06b3a89e9ea39af996
75,30,0.02115,0x4bf37db6c16f5663e00936986b5b4d5278f84000,2017-10-22T00:54:43.000Z,0.000705,0x5695b06071cdf4e1a08d00418b8d8e07fe327f94,sell,0x8ae4bf2c33a8e667de34b54938b0ccd03eb8cc06,0x31aedc546bb7e02197129ea307f6581ac8c0147b412480208da336c1192ce00b
76,2982.88535607,2.088019749249,0xa05df80650cdbbc3d21c07541508ef3009ca336c,2017-10-21T23:02:20.000Z,0.0007,0x9778550d76b07ac9f5e57392f68ecdf6efc1774e,sell,0x8ae4bf2c33a8e667de34b54938b0ccd03eb8cc06,0xf8b6fa98526011bcc029824954a51b58ed21c56c7d1edec59612bfc7ee56c4db
77,1323.00678345,0.926237049093345,0xf1cc647bb15a5ab7667feff7e7c80914374589a1,2017-10-21T22:55:58.000Z,0.0007001,0x9778550d76b07ac9f5e57392f68ecdf6efc1774e,sell,0x8ae4bf2c33a8e667de34b54938b0ccd03eb8cc06,0xd24424d9bace0c75a598e2033187b69e821dc6dccb8bd0da554fabcb33ec9ae9
78,100.68786761,0.070491576113761,0xf1cc647bb15a5ab7667feff7e7c80914374589a1,2017-10-21T21:27:40.000Z,0.0007001,0x488049319c07a4a5f11151adbe786771d9f74770,sell,0x8ae4bf2c33a8e667de34b54938b0ccd03eb8cc06,0x033500f135f41e74f591e331dae08a8eb91c306e6a0b9f0d202dfa99c1f1ec0e
79,527.65427175,0.369410755652175,0xf1cc647bb15a5ab7667feff7e7c80914374589a1,2017-10-21T20:53:02.000Z,0.0007001,0xf81ab81ca1a6a19cc7b69b2c7876ff6543060598,sell,0x8ae4bf2c33a8e667de34b54938b0ccd03eb8cc06,0xb86ffd917e0f09dff2451cbcbfe299da99eea7d815ed80cfd253a2bfc008f9e5
80,625.6276034,0.481733254618,0x29b8eca0a380c562a00b7e5d1fbc624e5be736a5,2017-10-21T20:48:51.000Z,0.00077,0x097501c95264ad3204159efaefdc5820783dbeae,sell,0x8ae4bf2c33a8e667de34b54938b0ccd03eb8cc06,0xb5e67a5215a47234e2dc4fb83163553f9fed468dba15ad7bf4a43fee5b053418
81,670.48968594,0.5162770581738,0x29b8eca0a380c562a00b7e5d1fbc624e5be736a5,2017-10-21T20:42:49.000Z,0.00077,0x097501c95264ad3204159efaefdc5820783dbeae,sell,0x8ae4bf2c33a8e667de34b54938b0ccd03eb8cc06,0x8c7a112a2ec976e92662bacb18f9e4619692bb78296177397baa00707d58208e
82,1520.84932627,2.2356485096201775,0x458bb0c850e5e7e242159a7ba4f932f81b08c76c,2017-10-21T20:02:16.000Z,0.001470000000002155,0x29b8eca0a380c562a00b7e5d1fbc624e5be736a5,buy,0x8ae4bf2c33a8e667de34b54938b0ccd03eb8cc06,0xf0ff8be2739221ee890575aa8eb63979e31a5aa7fe5cc8e000287fa3783102cb
83,600,0.93054,0xb679f03cc85b95ccfe5a6eee617b201ae1a28f04,2017-10-21T18:12:21.000Z,0.0015509,0xced732ca92cb4f040239c4e8c85f14acbb5db000,buy,0x8ae4bf2c33a8e667de34b54938b0ccd03eb8cc06,0xd2aa448b5691b35fd9dde6d6938b8309dd61d436759fafd2e07f614570dd01a8
84,47.00428671,0.032907701125671,0xf1cc647bb15a5ab7667feff7e7c80914374589a1,2017-10-21T09:13:31.000Z,0.0007001,0x3d9bf3fce665a1aa13e5d044be238f0b7fa78299,sell,0x8ae4bf2c33a8e667de34b54938b0ccd03eb8cc06,0x95a802aa9ff221afdadc5148014bf322ca93d9d033c2d48143739ae7400ab2f6
85,10,0.015539999,0x8abf98207ad56cb4ec656502ce429fb0deabe671,2017-10-21T09:00:15.000Z,0.0015539999,0xced732ca92cb4f040239c4e8c85f14acbb5db000,buy,0x8ae4bf2c33a8e667de34b54938b0ccd03eb8cc06,0x60999f51bdad376bd2f3e7212774fb195916b6ebc4af6a2623ea51742a31fbb9
86,100,0.1554,0xcd0a7ca4ba69f8ac1b2444e86b512d99d523ec06,2017-10-21T02:24:02.000Z,0.001554,0x953d1111662196af36e9d387c0f909e14111fa76,buy,0x8ae4bf2c33a8e667de34b54938b0ccd03eb8cc06,0x1939c1527f3fa15330a886769afe7c01f03decb71829faa04148ff3afd800cee
87,1991.45702955,1.396210523417505,0x3dee4a4e076e8d82859d241db0baf46f112cfa23,2017-10-21T00:53:53.000Z,0.0007011,0xd1f9eb61ad476170a6ac5e6ccf064b3306e54e44,sell,0x8ae4bf2c33a8e667de34b54938b0ccd03eb8cc06,0x2013596675830b41a4eff6409d3f80aa2ce1d7b709e83b446d7def66c05e586b
88,400,0.62799996,0xb6c37ac76c97d2b6c8c343615aa458e7b3398712,2017-10-20T21:14:40.000Z,0.0015699999,0xced732ca92cb4f040239c4e8c85f14acbb5db000,buy,0x8ae4bf2c33a8e667de34b54938b0ccd03eb8cc06,0x07ab0aa48da777ff75e3bdc182a6e2d1a14c182f2e3a5abe02f50d3772ab4acc
89,2.057,0.00174845,0xc65a4c0f725f5e5388b67c13d48155910f264c50,2017-10-20T20:49:41.000Z,0.00085,0xcd8eddd0a27047d53d65f23d483a8a169d54526b,sell,0x8ae4bf2c33a8e667de34b54938b0ccd03eb8cc06,0x043536a837123fd3f42c8f04f7469a911b43be928842d7e443efe1bda56b3faa
90,682.03960768,0.579733666528,0xc65a4c0f725f5e5388b67c13d48155910f264c50,2017-10-20T08:55:35.000Z,0.00085,0x097501c95264ad3204159efaefdc5820783dbeae,sell,0x8ae4bf2c33a8e667de34b54938b0ccd03eb8cc06,0x366ecd67e36da2f51bb9ecb0d4244a8c8dccf87ca58ab8b55623ffdbcac176c9
91,370,0.3145,0xc65a4c0f725f5e5388b67c13d48155910f264c50,2017-10-20T08:51:52.000Z,0.00085,0xced732ca92cb4f040239c4e8c85f14acbb5db000,sell,0x8ae4bf2c33a8e667de34b54938b0ccd03eb8cc06,0x35da5e728d115d9622996bfb33ba6d5c9a75d4ef8a6f8a293980f8651dabc342
92,2072.90329385,1.7619677997725,0xc65a4c0f725f5e5388b67c13d48155910f264c50,2017-10-20T08:41:44.000Z,0.00085,0xced732ca92cb4f040239c4e8c85f14acbb5db000,sell,0x8ae4bf2c33a8e667de34b54938b0ccd03eb8cc06,0xa0be6077ea2ac7dd98b106df438350b1120dca82d7a68445527fc3668e2f8c63
93,1555,1.32175,0xc65a4c0f725f5e5388b67c13d48155910f264c50,2017-10-20T08:29:32.000Z,0.00085,0xced732ca92cb4f040239c4e8c85f14acbb5db000,sell,0x8ae4bf2c33a8e667de34b54938b0ccd03eb8cc06,0x3b7bc048f14c1532cced406fd404ddbb60984fdd1ba9d44b22397eed5c95da69
94,1539.30461285,1.339196552484113,0xced732ca92cb4f040239c4e8c85f14acbb5db000,2017-10-20T08:25:18.000Z,0.000870001,0x097501c95264ad3204159efaefdc5820783dbeae,sell,0x8ae4bf2c33a8e667de34b54938b0ccd03eb8cc06,0x5d1220464f2a27d504bdebab6d668af24122e6bb9ccf29e431b266c77efa2a16
95,2700,2.349,0x29b8eca0a380c562a00b7e5d1fbc624e5be736a5,2017-10-20T08:24:19.000Z,0.00087,0x097501c95264ad3204159efaefdc5820783dbeae,sell,0x8ae4bf2c33a8e667de34b54938b0ccd03eb8cc06,0xd3d379339f0339db3bcfdaa98e3dad2b87009e034981b9e0bf8cd19428659301
96,0.1,0.00018696999,0x6cdea8e07bf82d7a07dbf36642d6e5be8623845c,2017-10-19T23:55:54.000Z,0.0018696999,0xced732ca92cb4f040239c4e8c85f14acbb5db000,buy,0x8ae4bf2c33a8e667de34b54938b0ccd03eb8cc06,0x9deea435615ba563dbf91a9263951d2db1bccd60738cb61b108feb692caf8e43
97,200,0.191984,0x803b496c36be2f0ac2d115d315b7f1bc464d3429,2017-10-19T07:22:41.000Z,0.00095992,0xced732ca92cb4f040239c4e8c85f14acbb5db000,sell,0x8ae4bf2c33a8e667de34b54938b0ccd03eb8cc06,0x24cf032e3a7262c82c52f6d4ab4bce75a70d23eef2991b8bc83c92fcd910b30b
98,200,0.191984,0x803b496c36be2f0ac2d115d315b7f1bc464d3429,2017-10-19T07:19:45.000Z,0.00095992,0xced732ca92cb4f040239c4e8c85f14acbb5db000,sell,0x8ae4bf2c33a8e667de34b54938b0ccd03eb8cc06,0xdb09ea450018d6c1c0ca6b7f25d0c873b4a3a63a3696a5f57871dd0e30220afe
99,397.0288594,0.381147705024,0x9a708e3dfb9a4616caad52d8f39bfa9bdf19bcd8,2017-10-19T07:19:28.000Z,0.00096,0xced732ca92cb4f040239c4e8c85f14acbb5db000,sell,0x8ae4bf2c33a8e667de34b54938b0ccd03eb8cc06,0x0229247e491be6497ca9e623dfd2e070cabddaf623f520107e308b6e5ff73958
100,195.00919684,0.1872088289664,0x9a708e3dfb9a4616caad52d8f39bfa9bdf19bcd8,2017-10-19T06:59:50.000Z,0.00096,0xe2eabfc1e89a462bbd2ba188cd8a9591a9a0d04e,sell,0x8ae4bf2c33a8e667de34b54938b0ccd03eb8cc06,0x73da828bed2558c4c900440e46d5bda399d62c618b1a00d2b384af959aacccd5
101,231.829,0.222787669,0x5a86ebf9a0e6f8181ed5143557f7b8ba89957fcc,2017-10-19T06:59:13.000Z,0.000961,0xe2eabfc1e89a462bbd2ba188cd8a9591a9a0d04e,sell,0x8ae4bf2c33a8e667de34b54938b0ccd03eb8cc06,0x43c69dfe173c677437973b0b41761d445e0e1a6d9de8141b00d8092b44f81d18
102,268.17072644,0.25771206810884,0x5a86ebf9a0e6f8181ed5143557f7b8ba89957fcc,2017-10-19T06:46:53.000Z,0.000961,0xe2eabfc1e89a462bbd2ba188cd8a9591a9a0d04e,sell,0x8ae4bf2c33a8e667de34b54938b0ccd03eb8cc06,0xc47ed2491db3f45a53cbc25a438f9dd94ca5cbe716556a30b6f9894db0cf0a3f
103,32.96194376,0.0316434660096,0x9a708e3dfb9a4616caad52d8f39bfa9bdf19bcd8,2017-10-19T04:36:47.000Z,0.00096,0x3dee4a4e076e8d82859d241db0baf46f112cfa23,sell,0x8ae4bf2c33a8e667de34b54938b0ccd03eb8cc06,0x3f2c0a08f0a4d4b178c9fde5bfc203f879eeb47e6a032e8a9466b9a7f71f299b
104,1,0.00189897,0x3ac636ac5c3a2576156ac5f10066ca68abe0ad54,2017-10-18T17:00:05.000Z,0.00189897,0x2475fe4d7a9d7d2e7908baf6697b801596bf5148,buy,0x8ae4bf2c33a8e667de34b54938b0ccd03eb8cc06,0xbb3e37b3175fc8ab2de4899a9db5979d94d019b9c7289d9a8dc835609a836a55
105,100,0.189896,0x8092ef9c88a43e78045ecda3660ea330f90e5f85,2017-10-18T15:34:29.000Z,0.00189896,0xced732ca92cb4f040239c4e8c85f14acbb5db000,buy,0x8ae4bf2c33a8e667de34b54938b0ccd03eb8cc06,0x4ede35867619f8ce24236ddff7503e39676000702a30018e0f5187ed5ca851f5
106,0.26330201,0.0005,0x379374d13077e8867ef31803c37baf9785a17c00,2017-10-18T15:26:42.000Z,0.0018989600573121337,0xced732ca92cb4f040239c4e8c85f14acbb5db000,buy,0x8ae4bf2c33a8e667de34b54938b0ccd03eb8cc06,0x5aa7179a200682856e602ad9259e65e4388a7b68d45936fddf9d02823e3c28a0
107,0.26330201,0.0005,0xf9695cd65d6dfdf257fab76a3eb0cb8f001971cc,2017-10-18T15:26:20.000Z,0.0018989600573121337,0xced732ca92cb4f040239c4e8c85f14acbb5db000,buy,0x8ae4bf2c33a8e667de34b54938b0ccd03eb8cc06,0x5f57b3d029ad1ec429936fba63e391285ef67c22e41d0f5ae2e319478ed7c88b
108,0.26358795,0.0005,0x16e5d97bbc92417e051e3b2cabfbf8ceea2acb9c,2017-10-17T18:10:26.000Z,0.0018969000669416033,0xced732ca92cb4f040239c4e8c85f14acbb5db000,buy,0x8ae4bf2c33a8e667de34b54938b0ccd03eb8cc06,0x0cde960941390e039639e1db061b47a68add0bfde0e7c78addc07f6d8665c82a
109,0.26358795,0.0005,0x16e5d97bbc92417e051e3b2cabfbf8ceea2acb9c,2017-10-17T18:10:17.000Z,0.0018969000669416033,0xced732ca92cb4f040239c4e8c85f14acbb5db000,buy,0x8ae4bf2c33a8e667de34b54938b0ccd03eb8cc06,0x0cde960941390e039639e1db061b47a68add0bfde0e7c78addc07f6d8665c82a
110,1598.006,1.232080204066,0xced732ca92cb4f040239c4e8c85f14acbb5db000,2017-10-17T17:23:38.000Z,0.000771011,0xa9054eb702f16540298cc78ef0ce2132e6a8d1af,sell,0x8ae4bf2c33a8e667de34b54938b0ccd03eb8cc06,0x5313b7b206daa301ea3aed5dc00432adb2efd9809f461ea7aa9b2c084172c367
111,1.99381916,0.00153725650437076,0xced732ca92cb4f040239c4e8c85f14acbb5db000,2017-10-17T16:50:22.000Z,0.000771011,0x61ca5f6de06a78dc4e281f43c2a6546d05408cd8,sell,0x8ae4bf2c33a8e667de34b54938b0ccd03eb8cc06,0x8cb7bd3e7c6ad3662a2e5c5ea5b8b19a5ab6ee83b50f1450cbedf1e150ed852d
112,500,0.99345,0x7dac9edc0046ee01af8ea4a6d60823655b2ae2e6,2017-10-17T14:23:31.000Z,0.0019869,0xced732ca92cb4f040239c4e8c85f14acbb5db000,buy,0x8ae4bf2c33a8e667de34b54938b0ccd03eb8cc06,0x34f2678d4cb4f22433c0fbaad17582f8582fdee9614106c448906f7ed680642f
113,0.25150905,0.0005,0xcd912af5286dc0b0a23edb30209734ecb60838b3,2017-10-17T05:53:47.000Z,0.0019880000341936004,0x953d1111662196af36e9d387c0f909e14111fa76,buy,0x8ae4bf2c33a8e667de34b54938b0ccd03eb8cc06,0xbd0b51b680806e541e33890b2427777e48be4ced85a862f782f82ac25507fbf4
114,715.667,0.53675740667,0xf732b16f5aee6cd2db5b30a7a3860764a48b19ff,2017-10-15T21:01:54.000Z,0.00075001,0x5f246470e3103948fa2b04d1c237b799c0d09fbe,buy,0x8ae4bf2c33a8e667de34b54938b0ccd03eb8cc06,0xebde6400b6026f50c920881b15a472d11a83a6ae812824bfa4ab8bfd9a963fb8
115,463.4,0.3804514,0xff4482de17e729e19d75d70fc005f2e4ba75905f,2017-10-15T09:46:33.000Z,0.000821,0xfd00f089f52345ba10d9cf0887f5bc822be97b57,buy,0x8ae4bf2c33a8e667de34b54938b0ccd03eb8cc06,0xde1926b2a225e41615f86ad654464bfee1fb972bb06ce08e7159efa5d4cd8827
116,201.86422091,0.161491376728,0x6ac6eebda32e60d0dd15dc24d55ff9128a75a34c,2017-10-15T08:01:41.000Z,0.0008,0xabb3613d01388a8d3c79b86fde98a50ae685b1c4,sell,0x8ae4bf2c33a8e667de34b54938b0ccd03eb8cc06,0xb0c1af4cb5f429a69492677e1309ee12ca5ca0e2c18a388a46591c1045c17e39
117,1500,1.233465,0xd827e8d05bccce5b9fdf97129fccd50e7486e2df,2017-10-15T02:34:05.000Z,0.00082231,0xfd00f089f52345ba10d9cf0887f5bc822be97b57,sell,0x8ae4bf2c33a8e667de34b54938b0ccd03eb8cc06,0xb72f2c952b97f2d57f34a3eb068f39f6fdeaca4403a25cde3398d939e63bbe4d
118,5,0.024999995,0x75ba5e97caf179995b5383d91bdd9eade220c553,2017-10-14T23:52:20.000Z,0.004999999,0xf36990a2cb4d609e0a7d4f3bf884c0342d81fd3d,buy,0x8ae4bf2c33a8e667de34b54938b0ccd03eb8cc06,0xcd53c41fa8e1efbad09a5bf1e022c35bcea48d072daabd49d30ace18c89259c7
119,100,0.1399998,0x8092ef9c88a43e78045ecda3660ea330f90e5f85,2017-10-13T10:53:17.000Z,0.001399998,0x2475fe4d7a9d7d2e7908baf6697b801596bf5148,buy,0x8ae4bf2c33a8e667de34b54938b0ccd03eb8cc06,0x2cb1ae3fbf3cfa620553d47ffbb5103caaca662c9a4113740fa7e64d43fff5d2
120,900,0.7290909,0xced732ca92cb4f040239c4e8c85f14acbb5db000,2017-10-12T13:00:07.000Z,0.000810101,0x9a941cbe8f6580ebb8ec48da765b3ad49b1d5671,sell,0x8ae4bf2c33a8e667de34b54938b0ccd03eb8cc06,0xadd6f98eb4ce323441016e7b6f8abcab84eb00a37915ee8e447fedb8bd99a267
121,1000,0.810001,0xced732ca92cb4f040239c4e8c85f14acbb5db000,2017-10-12T08:59:40.000Z,0.000810001,0x9a941cbe8f6580ebb8ec48da765b3ad49b1d5671,sell,0x8ae4bf2c33a8e667de34b54938b0ccd03eb8cc06,0x21754aa60ad131a3d7e6c655ad9265a88b7de3fb2d64a7d92304d82b9a7a6ef7
122,100,0.1399998,0x8092ef9c88a43e78045ecda3660ea330f90e5f85,2017-10-12T06:05:08.000Z,0.001399998,0x2475fe4d7a9d7d2e7908baf6697b801596bf5148,buy,0x8ae4bf2c33a8e667de34b54938b0ccd03eb8cc06,0x2dd99c7cef6b8d59868953034095c284e931e09d8b3b577d3cd1f62b780f99d7
123,32.53653673,0.02606176592073,0x3dee4a4e076e8d82859d241db0baf46f112cfa23,2017-10-11T16:25:37.000Z,0.000801,0x229f58d5ff796eb6b9b4cfbadf74b18037389e64,sell,0x8ae4bf2c33a8e667de34b54938b0ccd03eb8cc06,0x1a6486fd23f887f1cdcff23eb416e0b57d2b3b255c5bfc7b42a21f6feea37e75
124,54.2,0.048671058,0x07013f7b845be7cfaee6929359e2a817d76d08e9,2017-10-11T16:22:02.000Z,0.00089799,0x229f58d5ff796eb6b9b4cfbadf74b18037389e64,sell,0x8ae4bf2c33a8e667de34b54938b0ccd03eb8cc06,0x6a8ecc90f922110e6d2d9952e59d98a81cdb78d84c7356c026de067e2a33d116
125,26,0.026,0x8e387a510ddcc1891417c6ea3920d3997aff1020,2017-10-10T21:02:06.000Z,0.001,0x3dee4a4e076e8d82859d241db0baf46f112cfa23,buy,0x8ae4bf2c33a8e667de34b54938b0ccd03eb8cc06,0xa43c92f121c26c90dc5570d1059b1d1bcd1d58c5d9825768491ede56687c9a78
126,45.8,0.041127942,0x07013f7b845be7cfaee6929359e2a817d76d08e9,2017-10-10T20:37:40.000Z,0.00089799,0x68ac844966d257a7f1d53337aced470c60dc5a66,sell,0x8ae4bf2c33a8e667de34b54938b0ccd03eb8cc06,0x828c350e9568356f73c3c8720a41e62c43f3dfd77f961e1866b58312840f32f6
127,100,0.159889,0xb6c37ac76c97d2b6c8c343615aa458e7b3398712,2017-10-09T05:05:11.000Z,0.00159889,0x2475fe4d7a9d7d2e7908baf6697b801596bf5148,buy,0x8ae4bf2c33a8e667de34b54938b0ccd03eb8cc06,0xb6487008132dbc851cf6d7fed8b9d8aba61193c384d52123cdd5b3391bba80e6
128,26.51194754,0.023863403980754,0x3dee4a4e076e8d82859d241db0baf46f112cfa23,2017-10-08T01:51:14.000Z,0.0009001,0x5100dadf11113b0730829d2047b9df4da1d80e68,sell,0x8ae4bf2c33a8e667de34b54938b0ccd03eb8cc06,0xac87ce72233b8217ca6b467d99c4d923615b27717091ebd644f7ec1c44f183cf
129,16.01024656,0.01666666666896,0x5d5065b42bdee0274e394ba9042c21e1818c69cf,2017-10-08T01:44:24.000Z,0.001041,0x5100dadf11113b0730829d2047b9df4da1d80e68,sell,0x8ae4bf2c33a8e667de34b54938b0ccd03eb8cc06,0x6a39250287b533fc721f6ce556b6d7d539cb5ede7c78b86cd86d52a965948a95
130,707.40992336,0.7781509156996311,0xb45e8adcc875d28f3ac4592995833c2c488b5522,2017-10-08T01:17:15.000Z,0.0011000000000051331,0x5f246470e3103948fa2b04d1c237b799c0d09fbe,buy,0x8ae4bf2c33a8e667de34b54938b0ccd03eb8cc06,0x55036b8161b4f525d67c8d0629649622a5e42ab2a63f153e8da123199b6cf26b
131,76.923,0.0999999,0xc6660a835c352bf39d6b5b170c65d8e3f03a6b6a,2017-10-07T15:55:54.000Z,0.0013,0x5f246470e3103948fa2b04d1c237b799c0d09fbe,buy,0x8ae4bf2c33a8e667de34b54938b0ccd03eb8cc06,0x41b01a9735ddd486cef1c71b3bcf63f247a99d95622f69c7bf1f18ce31b08127
132,468.45778087,0.421658848561087,0x3dee4a4e076e8d82859d241db0baf46f112cfa23,2017-10-07T12:31:29.000Z,0.0009001,0xdaed9afb6a8d9bbfe92c621410236786cd919a96,sell,0x8ae4bf2c33a8e667de34b54938b0ccd03eb8cc06,0x32ff6b2ae71f95098eb35cac38da5f67b52e3616292a2d861ae04919f3bd4ca9
133,30,0.0322866,0xdea806ac274c620140526d1ea9cec477810d4d7b,2017-10-07T12:28:06.000Z,0.00107622,0xdaed9afb6a8d9bbfe92c621410236786cd919a96,sell,0x8ae4bf2c33a8e667de34b54938b0ccd03eb8cc06,0x7f18884645d769a789e0b1c8c337f8b26bb3747f7ce93f2f8f8227114881c632
134,60,0.0645732,0xdea806ac274c620140526d1ea9cec477810d4d7b,2017-10-07T10:30:36.000Z,0.00107622,0x3dee4a4e076e8d82859d241db0baf46f112cfa23,sell,0x8ae4bf2c33a8e667de34b54938b0ccd03eb8cc06,0xf3fe70e04a820a6c930e167847fa8eea6b6227d5e40d4efb288a6e997610ca71
135,60.73472236,0.054667323596236,0x3dee4a4e076e8d82859d241db0baf46f112cfa23,2017-10-07T09:58:52.000Z,0.0009001,0x343123254576560466c3dadd5d855367f8826e68,sell,0x8ae4bf2c33a8e667de34b54938b0ccd03eb8cc06,0xf9fd459570c7b5d37f174861f2f7ded38870f9e3837e90a7230b4d5f19beb6de
136,29.9072874,0.029907287409032,0x343123254576560466c3dadd5d855367f8826e68,2017-10-07T09:48:58.000Z,0.001000000000302,0x343123254576560466c3dadd5d855367f8826e68,buy,0x8ae4bf2c33a8e667de34b54938b0ccd03eb8cc06,0x6389cd15548ac9342c3f4c797ba6fd23f41c759835c0ba0288772a736d1d8d65
137,4.19695094,0.0067104838732113,0x65f2dddf638c7a7118b22d610c9aeba141f2467f,2017-10-06T16:35:26.000Z,0.001598895,0x59b2880227e294011500b87d75f22ab23438573c,buy,0x8ae4bf2c33a8e667de34b54938b0ccd03eb8cc06,0x2ee537090f0cdff391685b6dc7655b41476d5998ed287b1282c989c267635294
138,4.1839806,0.0209198988160194,0x2d13ec7ecadb62324f3f89e7c367dce37348eb18,2017-10-06T16:35:26.000Z,0.004999999,0x65f2dddf638c7a7118b22d610c9aeba141f2467f,sell,0x8ae4bf2c33a8e667de34b54938b0ccd03eb8cc06,0x2ee537090f0cdff391685b6dc7655b41476d5998ed287b1282c989c267635294
139,5,0.007994475,0x65f2dddf638c7a7118b22d610c9aeba141f2467f,2017-10-06T16:27:04.000Z,0.001598895,0x59b2880227e294011500b87d75f22ab23438573c,buy,0x8ae4bf2c33a8e667de34b54938b0ccd03eb8cc06,0x3fd3134830fa7c809213e0dc51c6a4f218ceaf5f069fd45e558279f51bb57eb5
140,4.9845479,0.0249227345154521,0x2d13ec7ecadb62324f3f89e7c367dce37348eb18,2017-10-06T16:27:04.000Z,0.004999999,0x65f2dddf638c7a7118b22d610c9aeba141f2467f,sell,0x8ae4bf2c33a8e667de34b54938b0ccd03eb8cc06,0x3fd3134830fa7c809213e0dc51c6a4f218ceaf5f069fd45e558279f51bb57eb5
141,3.99108114,0.01995540170891886,0x2d13ec7ecadb62324f3f89e7c367dce37348eb18,2017-10-06T16:18:53.000Z,0.004999999,0x5ae933bfbbaa04c3e05ae56295138174ada9799c,sell,0x8ae4bf2c33a8e667de34b54938b0ccd03eb8cc06,0x1d45389d6f62d7308ee9b6234a5ad561559ec65f47cf09f168a3281c448365af
142,4.00309041,0.006400521257085899,0x5ae933bfbbaa04c3e05ae56295138174ada9799c,2017-10-06T16:18:53.000Z,0.0015988950039941513,0x59b2880227e294011500b87d75f22ab23438573c,buy,0x8ae4bf2c33a8e667de34b54938b0ccd03eb8cc06,0x1d45389d6f62d7308ee9b6234a5ad561559ec65f47cf09f168a3281c448365af
143,0.99690958,0.00498454690309042,0x2d13ec7ecadb62324f3f89e7c367dce37348eb18,2017-10-06T16:14:09.000Z,0.004999999,0x4b7186e044fc39580ceaa492fd3b8146e6fd5d0b,sell,0x8ae4bf2c33a8e667de34b54938b0ccd03eb8cc06,0x273d5b8ad4d5457c02e20e3cf92bf216d47b10da6afe0c31007ee3a1010c4856
144,1,0.001598895,0x4b7186e044fc39580ceaa492fd3b8146e6fd5d0b,2017-10-06T16:12:51.000Z,0.001598895,0x59b2880227e294011500b87d75f22ab23438573c,buy,0x8ae4bf2c33a8e667de34b54938b0ccd03eb8cc06,0x15fa9d75f32654a0ccdf13f9f64d52c937379e681cfc4a4abd57f46faf74038e
145,25.92447821,0.04145059636101258,0x2d13ec7ecadb62324f3f89e7c367dce37348eb18,2017-10-06T16:04:38.000Z,0.001598898,0xe2eabfc1e89a462bbd2ba188cd8a9591a9a0d04e,sell,0x8ae4bf2c33a8e667de34b54938b0ccd03eb8cc06,0x8c544081a55d899d36df24ecfb9ced2d921f95b0156e0e0b2caf5fc0000fd456
146,496.29947163,0.51664774996683,0x3dee4a4e076e8d82859d241db0baf46f112cfa23,2017-10-06T07:09:01.000Z,0.001041,0x335147a6afcfe1136d9341c9a264f4a69616ad7a,sell,0x8ae4bf2c33a8e667de34b54938b0ccd03eb8cc06,0x8395e2d1fc4e41a6d9355c1db3424d143186e08934d24aea4b18b95da3611282
147,402.60265702,0.41910936595782,0x3dee4a4e076e8d82859d241db0baf46f112cfa23,2017-10-05T23:48:24.000Z,0.001041,0x41fa6f20d83c539026d77bad0e9e2e965b81cca7,sell,0x8ae4bf2c33a8e667de34b54938b0ccd03eb8cc06,0x7e0b796c7b9551dcc12916d15589b30db4a4cba5c5b752acafb4ed9d0f2db80e
148,123,0.196664577,0x179d0d9bcc04790550dde2398e4123772623d686,2017-10-05T23:42:48.000Z,0.001598899,0x41fa6f20d83c539026d77bad0e9e2e965b81cca7,sell,0x8ae4bf2c33a8e667de34b54938b0ccd03eb8cc06,0x971f0aef6c29342fc03714ec9c48e80d77113ab4c0bbeb0a195afbc037d8fdbb
149,51.559,0.0618713259018,0xf36990a2cb4d609e0a7d4f3bf884c0342d81fd3d,2017-10-05T23:42:48.000Z,0.0012000102,0x41fa6f20d83c539026d77bad0e9e2e965b81cca7,sell,0x8ae4bf2c33a8e667de34b54938b0ccd03eb8cc06,0xc8e6b134237402ec36d8f7331a4a6f7dd3e9892ec3a490c32829e4f83d13329b
150,1000,1.598899,0x2b9ab3c66be76863bbc256c046c38e12c4c2aec9,2017-10-05T18:56:47.000Z,0.001598899,0x59b2880227e294011500b87d75f22ab23438573c,buy,0x8ae4bf2c33a8e667de34b54938b0ccd03eb8cc06,0x17663276da2f9cb59877e84d8b0d56dec06b7bf9cf28da34214abdf402bce170
151,48.44089122,0.05812956356109045,0xf36990a2cb4d609e0a7d4f3bf884c0342d81fd3d,2017-10-05T08:36:56.000Z,0.0012000102,0xe2eabfc1e89a462bbd2ba188cd8a9591a9a0d04e,sell,0x8ae4bf2c33a8e667de34b54938b0ccd03eb8cc06,0x9ffe283760696ca09132d1f5ccba4de450313beadd8a1e4060b9911a3e468549
152,24.5234367,0.0307033672718367,0xf36990a2cb4d609e0a7d4f3bf884c0342d81fd3d,2017-10-05T08:33:17.000Z,0.001252001,0xe2eabfc1e89a462bbd2ba188cd8a9591a9a0d04e,sell,0x8ae4bf2c33a8e667de34b54938b0ccd03eb8cc06,0xba2a12cb53b8480154ee08637a71ac50cf7894480046a560f53648c5b9e51504
153,49.85056325,0.06241295503956325,0xf36990a2cb4d609e0a7d4f3bf884c0342d81fd3d,2017-10-05T08:33:17.000Z,0.001252001,0x48a2622590ffcba44f98f228da094dda64ddec21,sell,0x8ae4bf2c33a8e667de34b54938b0ccd03eb8cc06,0x7f6ba70bd7eb5039ae821d495e83f8d1ef1c930554f840aa111741b3d9b99c96
154,49.85056325,0.06241295503956325,0xf36990a2cb4d609e0a7d4f3bf884c0342d81fd3d,2017-10-05T08:32:59.000Z,0.001252001,0x48a2622590ffcba44f98f228da094dda64ddec21,sell,0x8ae4bf2c33a8e667de34b54938b0ccd03eb8cc06,0x7f6ba70bd7eb5039ae821d495e83f8d1ef1c930554f840aa111741b3d9b99c96
155,81.306,0.130000000788,0x7582b5c61ef0fcf29d8faec12115c919434e5023,2017-10-04T19:41:14.000Z,0.001598898,0x2475fe4d7a9d7d2e7908baf6697b801596bf5148,buy,0x8ae4bf2c33a8e667de34b54938b0ccd03eb8cc06,0xe5146ba763675dd83c6b6e17606c1cff99b7ed476530e1769090b7ddbcd99e76
156,121.07911617,0.15160316136656785,0xff4482de17e729e19d75d70fc005f2e4ba75905f,2017-10-04T09:39:35.000Z,0.001252100000083506,0x5104efc872d45dba3a97bf02aebe240dfc283321,buy,0x8ae4bf2c33a8e667de34b54938b0ccd03eb8cc06,0x4a07db23e0f030894ecd91a5cb525d2d8c5354a4ac4a05a4d2fadc1518efe58a
157,120.12397083,0.15040722388126668,0xff4482de17e729e19d75d70fc005f2e4ba75905f,2017-10-04T08:58:48.000Z,0.0012521000000418208,0x5104efc872d45dba3a97bf02aebe240dfc283321,buy,0x8ae4bf2c33a8e667de34b54938b0ccd03eb8cc06,0xa9d9e086128975471502d28ffaab56bedd419be7cf47400bac553aea53cb64a3
158,118.70404697,0.14862933722002872,0xff4482de17e729e19d75d70fc005f2e4ba75905f,2017-10-04T08:10:44.000Z,0.0012521000000749066,0x5104efc872d45dba3a97bf02aebe240dfc283321,buy,0x8ae4bf2c33a8e667de34b54938b0ccd03eb8cc06,0x31f276df78b6f119a512129743e62ff79f6d8fbd325c8ac590a24ad7ac3cefb2
159,144.65756755,0.23129284011297405,0x179eda1807504cfaa5f753a33ad6b100b75104f3,2017-10-04T02:41:38.000Z,0.0015988990001026327,0x59b2880227e294011500b87d75f22ab23438573c,buy,0x8ae4bf2c33a8e667de34b54938b0ccd03eb8cc06,0xda40ae3e9c17e8395188ca9cba5dcd47f675b2d4c339ce4e724eaad6fae4f935
160,242.98762034,0.38851266318536654,0xdf6453a8256d0397c5757fada7d6711a728e9f41,2017-10-03T23:58:42.000Z,0.001598899000046755,0x59b2880227e294011500b87d75f22ab23438573c,buy,0x8ae4bf2c33a8e667de34b54938b0ccd03eb8cc06,0x185d83348cb73efc6d95c3dad2657b7744b9ec67d42fff4d45b16876edfd1ed3
161,807.32657829,1.0107769126519714,0x59b2880227e294011500b87d75f22ab23438573c,2017-10-03T21:41:28.000Z,0.001252005,0x9a941cbe8f6580ebb8ec48da765b3ad49b1d5671,sell,0x8ae4bf2c33a8e667de34b54938b0ccd03eb8cc06,0xe1011eaffd898452da38dadc8b4c39498b655af4f876004d94b40779a8d68f1a
162,479,0.5997559,0x9a708e3dfb9a4616caad52d8f39bfa9bdf19bcd8,2017-10-03T21:37:08.000Z,0.0012521,0x9a941cbe8f6580ebb8ec48da765b3ad49b1d5671,sell,0x8ae4bf2c33a8e667de34b54938b0ccd03eb8cc06,0x8f0916b71eeb676f6637e7ef9ff6c68779dd8ad2e2681f5f2bfec416904fb17b
163,1595.27763931,1.9974487274576904,0x59b2880227e294011500b87d75f22ab23438573c,2017-10-03T14:38:41.000Z,0.001252101,0x6bad391397f5f6047d3b6752576ee1a4ae3d2927,sell,0x8ae4bf2c33a8e667de34b54938b0ccd03eb8cc06,0x2a966b2462c7198c8ed8e04eabcbf89aa4949f60ac413d1a28f10336d06adc84
164,9.3,0.0116436465,0x59b2880227e294011500b87d75f22ab23438573c,2017-10-03T09:59:39.000Z,0.001252005,0x48a2622590ffcba44f98f228da094dda64ddec21,sell,0x8ae4bf2c33a8e667de34b54938b0ccd03eb8cc06,0x3871ed55efa27a7e8b6af007cb5d7504cc303090d5f92d6cc1bf9186463eb454
165,248.62810964,0.29835646647720604,0x3dee4a4e076e8d82859d241db0baf46f112cfa23,2017-10-02T21:42:38.000Z,0.001200011,0x457cf8e30ad1d45c8f160e497f7581cdf268c8d9,sell,0x8ae4bf2c33a8e667de34b54938b0ccd03eb8cc06,0x8526f444d31dacde0eba5e8f40c499641e28122caeb0ad81ea1829257820c7fb
166,249.39885678,0.39876383212042665,0x457cf8e30ad1d45c8f160e497f7581cdf268c8d9,2017-10-02T21:38:04.000Z,0.0015989000000596822,0x2475fe4d7a9d7d2e7908baf6697b801596bf5148,buy,0x8ae4bf2c33a8e667de34b54938b0ccd03eb8cc06,0xfbfb755c0dae2bf5a73db1ec92b60e25a336740c9d0cd35e4dd00aa9b89802b2
167,75,0.1875,0x1576c99013ee5489dc9326b2b13bc11ab32b90ce,2017-10-02T17:18:22.000Z,0.0025,0x000636e406605d8a4e7ce06a38949ff03df0046a,buy,0x8ae4bf2c33a8e667de34b54938b0ccd03eb8cc06,0x767031ff86f5eac9783d19457552520458826b51efaef6205ab1e4ff54275902
168,24.667,0.0370005,0x432b4d9124c21fd74491aac91b985195737f057f,2017-10-02T10:29:50.000Z,0.0015,0x48a2622590ffcba44f98f228da094dda64ddec21,buy,0x8ae4bf2c33a8e667de34b54938b0ccd03eb8cc06,0x008d46cede8650ca3aed316bc6a7a784fc6aecb710d4b0858ab70e76c7d356cc
169,16,0.024,0x432b4d9124c21fd74491aac91b985195737f057f,2017-10-02T07:32:07.000Z,0.0015,0x48a2622590ffcba44f98f228da094dda64ddec21,buy,0x8ae4bf2c33a8e667de34b54938b0ccd03eb8cc06,0xecbd9281f709878b6085f404f6a95f48eebfeddeeebba7f58c3211171abc3270
170,800,1.04,0x3dee4a4e076e8d82859d241db0baf46f112cfa23,2017-10-02T02:46:02.000Z,0.0013,0xddf55fb7bc30d76e9942dc50a153cecae968a191,sell,0x8ae4bf2c33a8e667de34b54938b0ccd03eb8cc06,0x7b5ebef4a44c33cce74e554b743c4f3c3d485d0ea5bc05b0ef55aeb74eb8589a
171,747,1.000981494,0x2475fe4d7a9d7d2e7908baf6697b801596bf5148,2017-10-02T02:38:26.000Z,0.001340002,0xddf55fb7bc30d76e9942dc50a153cecae968a191,sell,0x8ae4bf2c33a8e667de34b54938b0ccd03eb8cc06,0x1c0851544acad9b477c6bc0dc45785dafdabc55442cc6b4d9a2bc6631f0921de
172,797.6,1.0624039976,0x7bae79fb521ce567aa02f067954f1a95f81acf94,2017-10-01T09:48:24.000Z,0.001332001,0x3ee0a5d5a0bd2619be64ac5ecd9467339a8aaf7a,sell,0x8ae4bf2c33a8e667de34b54938b0ccd03eb8cc06,0x9a7f6ee4048dc567962dabd443cb44241c4ebee34195206058d8939da99dd32c
173,500,0.7995,0xa6611484565198f05b2819b689f685f08abc063c,2017-10-01T05:24:03.000Z,0.001599,0x7880a04c87487f8257cf49ac1f4e0a54d169942c,buy,0x8ae4bf2c33a8e667de34b54938b0ccd03eb8cc06,0x9f2e4ab74a9f9e28de050a950d88ca0b7820eef1f6579194be3f18ddbfc89283
174,43.26,0.0575358,0xe2eabfc1e89a462bbd2ba188cd8a9591a9a0d04e,2017-10-01T02:39:13.000Z,0.00133,0x1461a70efe8da0c132a18a7da1f137e42c023fec,buy,0x8ae4bf2c33a8e667de34b54938b0ccd03eb8cc06,0xa1ddaca27a062951afd459d165c7842179466277c7b188a11cb59957d81fcb79
175,395.48,0.6999996,0x9a941cbe8f6580ebb8ec48da765b3ad49b1d5671,2017-09-30T22:22:27.000Z,0.00177,0x1461a70efe8da0c132a18a7da1f137e42c023fec,buy,0x8ae4bf2c33a8e667de34b54938b0ccd03eb8cc06,0x4bd217c4d402484743607622c88168e2b8f08912a1332ba0b3f40d79c25e7421
176,120,0.16812,0xfa3904421faf4df086d5ff0196b3b9367f0adf0d,2017-09-30T21:14:38.000Z,0.001401,0xd23612a9ff17c7f1bb86c76d1b32b5fb71f1fcff,sell,0x8ae4bf2c33a8e667de34b54938b0ccd03eb8cc06,0x01a9d466a44c48d31c4363d895607bb247e3b3746d1e49efba629ec0a3c811df
177,625,0.87625,0x7880a04c87487f8257cf49ac1f4e0a54d169942c,2017-09-30T19:26:45.000Z,0.001402,0xddf55fb7bc30d76e9942dc50a153cecae968a191,sell,0x8ae4bf2c33a8e667de34b54938b0ccd03eb8cc06,0x07efd22ea35ca99af408de04f8a3f0189520f4e33dbe55fb402219f771f3c5d7
178,1500,2.715,0x3ee0a5d5a0bd2619be64ac5ecd9467339a8aaf7a,2017-09-30T10:56:46.000Z,0.00181,0xddf55fb7bc30d76e9942dc50a153cecae968a191,buy,0x8ae4bf2c33a8e667de34b54938b0ccd03eb8cc06,0x70a87e15e8b270208ad87a94a2311257956527f5486c33609f0d5ad6229a08c0
179,226,0.316626,0x3b3a98a13f5dfe9115911fc1b5d6fb696d16cd8f,2017-09-30T07:43:58.000Z,0.001401,0x3dee4a4e076e8d82859d241db0baf46f112cfa23,sell,0x8ae4bf2c33a8e667de34b54938b0ccd03eb8cc06,0x04740140b851164a50a9699a49f0fc9f7f8708b9ff94220645e695cd0773e66e
180,250,0.35025,0x3b3a98a13f5dfe9115911fc1b5d6fb696d16cd8f,2017-09-30T07:43:52.000Z,0.001401,0x3dee4a4e076e8d82859d241db0baf46f112cfa23,sell,0x8ae4bf2c33a8e667de34b54938b0ccd03eb8cc06,0x59ec2259587dbdfc41bbe8cdf6f12c3ef36260d50dc02c75ba322bb2317ec63d
181,500,0.700505,0x3dee4a4e076e8d82859d241db0baf46f112cfa23,2017-09-30T07:07:09.000Z,0.00140101,0xddf55fb7bc30d76e9942dc50a153cecae968a191,sell,0x8ae4bf2c33a8e667de34b54938b0ccd03eb8cc06,0x4d7b463e619afaaacd3e688dd52fca8fe40988758ad04e77c80d4f56e732f2a6
182,488.35961151,0.732539417265,0x15f3719e4d502c8720e6e6ac3d01ccc888ee6f1e,2017-09-30T06:54:03.000Z,0.0015,0xddf55fb7bc30d76e9942dc50a153cecae968a191,sell,0x8ae4bf2c33a8e667de34b54938b0ccd03eb8cc06,0x2233dea183585eb1bde53481170ab9db06b1c77fdbe614ef011ba6d87f7eedc0
183,15,0.149985,0x76a5ea9ed14d4d14637f25e53737e864c148e429,2017-09-29T22:07:28.000Z,0.009999,0xf36990a2cb4d609e0a7d4f3bf884c0342d81fd3d,buy,0x8ae4bf2c33a8e667de34b54938b0ccd03eb8cc06,0x099e14966bcc612f1722a1e072b9346813fa3a5588c782490f71f855553247be
184,560.96102083,0.841441531245,0x15f3719e4d502c8720e6e6ac3d01ccc888ee6f1e,2017-09-29T18:36:32.000Z,0.0015,0xe2340e23971b386604c72f868681d9e871a99566,sell,0x8ae4bf2c33a8e667de34b54938b0ccd03eb8cc06,0xc1f9da86dd06f173d3581ec89c2e83ee944850a019de5e2a0f136beecd27658e
185,32.768,0.05799936,0x1aef0cae06906e503fa33110fd9d0694696ed66d,2017-09-29T14:04:05.000Z,0.00177,0x1461a70efe8da0c132a18a7da1f137e42c023fec,buy,0x8ae4bf2c33a8e667de34b54938b0ccd03eb8cc06,0x6f28ca84ca64bdaa03a38038ac9ea183e9c485e63fb557b4b8ce5b556c980823
186,1,0.001795,0x0249924245a19aa2d7f5ddb0739a7132b7d094ab,2017-09-28T17:59:25.000Z,0.001795,0x450573f9ec383956e44d7a62b363107594d76c70,buy,0x8ae4bf2c33a8e667de34b54938b0ccd03eb8cc06,0x324474e284127a546d2a14472fba318cf5658c1f0421ff73688f4b3a5cea1510
187,630,1.071,0x15f3719e4d502c8720e6e6ac3d01ccc888ee6f1e,2017-09-28T13:38:26.000Z,0.0017,0x1fdf047bf7a114b37e7936d01e9cad754ad18803,buy,0x8ae4bf2c33a8e667de34b54938b0ccd03eb8cc06,0xcefd2fa54c321cc613768d5d203b969d7b2565e45cd44ba119493adce7435f95
188,70,0.119,0x15f3719e4d502c8720e6e6ac3d01ccc888ee6f1e,2017-09-28T08:22:06.000Z,0.0017,0x1fdf047bf7a114b37e7936d01e9cad754ad18803,buy,0x8ae4bf2c33a8e667de34b54938b0ccd03eb8cc06,0xed43e958212c85c7c69ffdf6b0d57a58cb1726bd1b9831e82e20baa73aa3ac72
189,100,0.177,0x3fec83e0d72db9f18e9122f339b427dac8f15188,2017-09-28T07:43:32.000Z,0.00177,0x1461a70efe8da0c132a18a7da1f137e42c023fec,buy,0x8ae4bf2c33a8e667de34b54938b0ccd03eb8cc06,0xdc94e846c0b0e20d07b1de72733a27037442e45d115235e81dd8c28a56e21960
190,147.02444738,0.18422163256714,0x4f98e9653d007a465a76792c0e57548afd0f3a43,2017-09-28T05:05:33.000Z,0.001253,0x1ed014aec47fae44c9e55bac7662c0b78ae61798,sell,0x8ae4bf2c33a8e667de34b54938b0ccd03eb8cc06,0x56ea8765844d38cba839b43e583ae60b12a3f9e4e85c1a1fe39fc2291f32b970
191,355.139,0.710277644861,0xe962934947d3ee8cc7f1958c7e78046061bf8096,2017-09-28T00:40:15.000Z,0.001999999,0xf732b16f5aee6cd2db5b30a7a3860764a48b19ff,buy,0x8ae4bf2c33a8e667de34b54938b0ccd03eb8cc06,0x760c7a29626b7b16398cef0afaeb0c0724f6e5176e6bc29cc59d4c670a789c60
192,600,0.84,0xdb53b233d89d5d4849bc48e00a79a42192ce090c,2017-09-27T22:02:18.000Z,0.0014,0xddf55fb7bc30d76e9942dc50a153cecae968a191,sell,0x8ae4bf2c33a8e667de34b54938b0ccd03eb8cc06,0x08bd6a5cc74283480a38ac234dd6cd832eb1c3d779d29687de9de252fddffdcc
193,700,0.994,0x1fdf047bf7a114b37e7936d01e9cad754ad18803,2017-09-27T21:59:36.000Z,0.00142,0xddf55fb7bc30d76e9942dc50a153cecae968a191,sell,0x8ae4bf2c33a8e667de34b54938b0ccd03eb8cc06,0x2a58152367d4e1d90559a55977ba77c0087c0d0a1d9b20a9698ec6dcbefeea4e
194,400,0.568004,0x3dee4a4e076e8d82859d241db0baf46f112cfa23,2017-09-27T21:54:18.000Z,0.00142001,0xddf55fb7bc30d76e9942dc50a153cecae968a191,sell,0x8ae4bf2c33a8e667de34b54938b0ccd03eb8cc06,0xb2e4ff7875afa264a9a1b02acf44794505a9f12417a327c22bdb5a52a7fb0bfa
195,665,0.9975,0x063a45b94fb03feac08266095c7009ced55d8950,2017-09-27T06:46:58.000Z,0.0015,0xddf55fb7bc30d76e9942dc50a153cecae968a191,sell,0x8ae4bf2c33a8e667de34b54938b0ccd03eb8cc06,0xfe443518d48318e07dd267876d38515546c65343bde576def36279a58cd6961e
196,200.73683294,0.321178932704,0x1461a70efe8da0c132a18a7da1f137e42c023fec,2017-09-27T06:42:55.000Z,0.0016,0xddf55fb7bc30d76e9942dc50a153cecae968a191,sell,0x8ae4bf2c33a8e667de34b54938b0ccd03eb8cc06,0xe1ea9e24aa909eb2a5176143b022b98ce99301bed7cd51cfeb947c1d54ca7b86
197,369.62236387,0.591395782192,0x1461a70efe8da0c132a18a7da1f137e42c023fec,2017-09-27T04:19:52.000Z,0.0016,0x2fbd3ec5bd9230954c157bc8b0a5ae2cbebf01a1,sell,0x8ae4bf2c33a8e667de34b54938b0ccd03eb8cc06,0x256eff21363b2d1b4df19dda7ea7e866cc2625bfad98b822689aa16d06ffe54c
198,1081.04476124,1.783723856046,0x1012a3d66139b6c972b18a462ebd66c11a0e345f,2017-09-27T00:09:03.000Z,0.00165,0x9778550d76b07ac9f5e57392f68ecdf6efc1774e,sell,0x8ae4bf2c33a8e667de34b54938b0ccd03eb8cc06,0xae662c616f42c4b0500fd3c77ac89c4cd9b1ccf051f5c42dc32f973359214e37
199,904.57145401,1.4925428991165,0x1012a3d66139b6c972b18a462ebd66c11a0e345f,2017-09-26T23:48:06.000Z,0.00165,0x097501c95264ad3204159efaefdc5820783dbeae,sell,0x8ae4bf2c33a8e667de34b54938b0ccd03eb8cc06,0x28e2e714dc19e7946cd84132670dcc2425a380db8860a9e4ce825abfdb5f45c5
200,1.15143056,0.001842288896,0x1461a70efe8da0c132a18a7da1f137e42c023fec,2017-09-26T09:47:37.000Z,0.0016,0x27c7b31a8ee34c0018890108e53a969fbeda2219,sell,0x8ae4bf2c33a8e667de34b54938b0ccd03eb8cc06,0x9908f3c560e4d19178a31febccbb91fef95400893cc36331b416fe11d424a0d5
201,10,0.01999999,0x2f7401e2e8a12cfc4f5e39b7ef92aa8fd1a65ec4,2017-09-26T08:26:27.000Z,0.001999999,0xf732b16f5aee6cd2db5b30a7a3860764a48b19ff,buy,0x8ae4bf2c33a8e667de34b54938b0ccd03eb8cc06,0x8d4a1866a366be33a22d32cc95139dcd14ece0ade0f7cd929d28c2750ae8d577
202,1.155,0.00183645,0x27c7b31a8ee34c0018890108e53a969fbeda2219,2017-09-26T00:54:44.000Z,0.00159,0x6b7ccda4ee569d3c737e046494b8374ecbd17e8b,buy,0x8ae4bf2c33a8e667de34b54938b0ccd03eb8cc06,0x17926c58f204123941e15c0983d2a6062bb53896b19b5ae2554cd64653c25dc4
203,9029.89381292,13.33408299778771,0x50d6e0681119e1a3d2e5629b09964031bf049786,2017-09-25T19:39:50.000Z,0.00147666000000014,0x66e56be69fdbe88fb1bb3b0d6264638bfc4887bc,buy,0x8ae4bf2c33a8e667de34b54938b0ccd03eb8cc06,0x387872b3587935d8b0ad6b32cc7b3f3746e5a0989ad24445f2dcdbd2032021f9
204,9172.05,13.543999353,0x6e7897cf3dc5c8d7349ed63d68b0fcc34435ca8f,2017-09-25T19:33:38.000Z,0.00147666,0x66e56be69fdbe88fb1bb3b0d6264638bfc4887bc,buy,0x8ae4bf2c33a8e667de34b54938b0ccd03eb8cc06,0x10fc5f3a747ad4283252ae8cd667891fcbb6c4ac7f16514c164e7be0c7698f76
205,3712.55478385,5.482181147126126,0x7880a04c87487f8257cf49ac1f4e0a54d169942c,2017-09-25T19:33:38.000Z,0.001476660000001666,0x66e56be69fdbe88fb1bb3b0d6264638bfc4887bc,buy,0x8ae4bf2c33a8e667de34b54938b0ccd03eb8cc06,0x13297cb9c513c6d51a14981523b54c4ae08530bc48ea2a218dcc540f477e9da0
206,1350,1.993491,0x75f157da5b8fe9cc61c40e8f9ba22d99cebc55d2,2017-09-25T19:30:32.000Z,0.00147666,0x66e56be69fdbe88fb1bb3b0d6264638bfc4887bc,buy,0x8ae4bf2c33a8e667de34b54938b0ccd03eb8cc06,0x784e4a254cba34b27b72ab81b6b3af40ba491d69734823f2d2c4e037acf0b07d
207,1450,2.141157,0x75f157da5b8fe9cc61c40e8f9ba22d99cebc55d2,2017-09-25T19:24:58.000Z,0.00147666,0x66e56be69fdbe88fb1bb3b0d6264638bfc4887bc,buy,0x8ae4bf2c33a8e667de34b54938b0ccd03eb8cc06,0x87c2daff247dda6d349a93256368e60d6776ac6dcb4726309e1b3adfcf0ca8af
208,6751.44771092,9.96959277681472,0xf142f26d1cac4ba8a6e6d7974d243eda2fe5f4f9,2017-09-25T19:24:58.000Z,0.0014766600000011246,0x66e56be69fdbe88fb1bb3b0d6264638bfc4887bc,buy,0x8ae4bf2c33a8e667de34b54938b0ccd03eb8cc06,0x5c07d3347a9a055383ca01908fa4b733f802b17dd02a1d8d3d07dc7bdd41a53d
209,4063.224,6.00000035184,0x6e7897cf3dc5c8d7349ed63d68b0fcc34435ca8f,2017-09-25T19:13:12.000Z,0.00147666,0x66e56be69fdbe88fb1bb3b0d6264638bfc4887bc,buy,0x8ae4bf2c33a8e667de34b54938b0ccd03eb8cc06,0x11e55c8a89e8f186a2a8a42d840eb555028435409db2dd107880b29dcd8cb2bc
210,3375.95941412,4.985144228461878,0xf142f26d1cac4ba8a6e6d7974d243eda2fe5f4f9,2017-09-25T18:58:16.000Z,0.0014766600000022034,0x66e56be69fdbe88fb1bb3b0d6264638bfc4887bc,buy,0x8ae4bf2c33a8e667de34b54938b0ccd03eb8cc06,0xd5ab6e8dbd27702678d46568d68cdda24c93f612d1b5585e2e88ac63306b7afe
211,4050.86865026,5.981755701092938,0xf142f26d1cac4ba8a6e6d7974d243eda2fe5f4f9,2017-09-25T18:43:17.000Z,0.0014766600000000016,0x66e56be69fdbe88fb1bb3b0d6264638bfc4887bc,buy,0x8ae4bf2c33a8e667de34b54938b0ccd03eb8cc06,0x0696d48e1cc748f944ee687a853d7fbc32e4d116cb7a4d44efc07b3cc9ee3f9b
212,6884.37849488,10.16588634826414,0xf73866a0ce96947b13fff5a27555ef39af687010,2017-09-25T18:43:17.000Z,0.0014766600000021262,0x66e56be69fdbe88fb1bb3b0d6264638bfc4887bc,buy,0x8ae4bf2c33a8e667de34b54938b0ccd03eb8cc06,0x6ca6aa1184bef9a7c170afe4b9654446e256bb6bc270edf10cf271b31e98dfd0
213,2025.81343251,2.991437663261343,0xf142f26d1cac4ba8a6e6d7974d243eda2fe5f4f9,2017-09-25T18:29:54.000Z,0.0014766600000054924,0x66e56be69fdbe88fb1bb3b0d6264638bfc4887bc,buy,0x8ae4bf2c33a8e667de34b54938b0ccd03eb8cc06,0x90908466ce1056ba085d2e0914c44844b014b280bcae17cb9417353867d14bbf
214,2844.257,4.20000054162,0x7880a04c87487f8257cf49ac1f4e0a54d169942c,2017-09-25T18:29:20.000Z,0.00147666,0x66e56be69fdbe88fb1bb3b0d6264638bfc4887bc,buy,0x8ae4bf2c33a8e667de34b54938b0ccd03eb8cc06,0xc5f0337319f508b54f5b0ad2971f5d304dfb2ebef07fb4d30ac1855171e8266e
215,4815.73292059,7.111200174533021,0xf142f26d1cac4ba8a6e6d7974d243eda2fe5f4f9,2017-09-25T18:14:39.000Z,0.00147666000000303,0x66e56be69fdbe88fb1bb3b0d6264638bfc4887bc,buy,0x8ae4bf2c33a8e667de34b54938b0ccd03eb8cc06,0xee41703c3e1f282cc241cdc5b0e7437de6623570a79f9bf332d580f2d4824e9c
216,677.204,1.00000005864,0x75f157da5b8fe9cc61c40e8f9ba22d99cebc55d2,2017-09-25T18:11:00.000Z,0.00147666,0x66e56be69fdbe88fb1bb3b0d6264638bfc4887bc,buy,0x8ae4bf2c33a8e667de34b54938b0ccd03eb8cc06,0x9766cd6c499c44da6abcbbc67dc5af440abd07a74e0e5925ecb43a115465b20c
217,575.623,0.84999945918,0x7880a04c87487f8257cf49ac1f4e0a54d169942c,2017-09-25T18:11:00.000Z,0.00147666,0x66e56be69fdbe88fb1bb3b0d6264638bfc4887bc,buy,0x8ae4bf2c33a8e667de34b54938b0ccd03eb8cc06,0xcd4302fd805137e725ef99d5fc439b2bc16e87da7d308039d02f391c2cddb37f
218,846.505,1.2500000733,0x75f157da5b8fe9cc61c40e8f9ba22d99cebc55d2,2017-09-25T18:08:44.000Z,0.00147666,0x66e56be69fdbe88fb1bb3b0d6264638bfc4887bc,buy,0x8ae4bf2c33a8e667de34b54938b0ccd03eb8cc06,0x199b9d9a768479ed68abf63d9b724358de97268e9d3fe7d5c4fb78325cdf25fa
219,2031.612,3.00000017592,0xf142f26d1cac4ba8a6e6d7974d243eda2fe5f4f9,2017-09-25T18:07:03.000Z,0.00147666,0x66e56be69fdbe88fb1bb3b0d6264638bfc4887bc,buy,0x8ae4bf2c33a8e667de34b54938b0ccd03eb8cc06,0x18facab7c671575391e17e79454543d3ada41463fece5816d76e8d6c231dc049
220,6238.403,9.21200017398,0xf73866a0ce96947b13fff5a27555ef39af687010,2017-09-25T17:57:05.000Z,0.00147666,0x66e56be69fdbe88fb1bb3b0d6264638bfc4887bc,buy,0x8ae4bf2c33a8e667de34b54938b0ccd03eb8cc06,0x2c3d1135bba3c5592a746a4b4a10ab2a509d617275e9690b4ffe91045c373076
221,677.204,1.00000005864,0xf142f26d1cac4ba8a6e6d7974d243eda2fe5f4f9,2017-09-25T17:49:11.000Z,0.00147666,0x66e56be69fdbe88fb1bb3b0d6264638bfc4887bc,buy,0x8ae4bf2c33a8e667de34b54938b0ccd03eb8cc06,0xd383fdfa91dd5240418137b426878637e0d98fc37948f6641689f1a16fc2499a
222,609.484,0.90000064344,0xcd8eddd0a27047d53d65f23d483a8a169d54526b,2017-09-25T17:18:16.000Z,0.00147666,0x66e56be69fdbe88fb1bb3b0d6264638bfc4887bc,buy,0x8ae4bf2c33a8e667de34b54938b0ccd03eb8cc06,0xa8bba6819c9cb6c417664d61e7b96a55a77e9bc43ba53c0d2df3e8b211c9d0f0
223,1000,1.47666,0x75f157da5b8fe9cc61c40e8f9ba22d99cebc55d2,2017-09-25T17:16:00.000Z,0.00147666,0x66e56be69fdbe88fb1bb3b0d6264638bfc4887bc,buy,0x8ae4bf2c33a8e667de34b54938b0ccd03eb8cc06,0x2580ab8658ae6841a6454cfcc0495495a0521f477b33a10824ced6e33c7cd295
224,1,0.00147666,0x97af61fe4ca0e53368f498afa304eaebc59019a2,2017-09-25T14:19:41.000Z,0.00147666,0x66e56be69fdbe88fb1bb3b0d6264638bfc4887bc,buy,0x8ae4bf2c33a8e667de34b54938b0ccd03eb8cc06,0x69de242e12903b73cfc2045295d0713bbe709c209f7bdd382809c34b7b7941bc
225,2,0.00295332,0xc12ca201a331ffd2b2681be817292c3e0171c16b,2017-09-25T14:19:41.000Z,0.00147666,0x66e56be69fdbe88fb1bb3b0d6264638bfc4887bc,buy,0x8ae4bf2c33a8e667de34b54938b0ccd03eb8cc06,0xe25b645064043302b70cdc7030f7208f21728672b0cb3fbba2e3768449a82019
226,5000,7.3833,0xf2b1fdc974a80ae077f285421eb39e10403fb1f2,2017-09-25T13:52:51.000Z,0.00147666,0x66e56be69fdbe88fb1bb3b0d6264638bfc4887bc,buy,0x8ae4bf2c33a8e667de34b54938b0ccd03eb8cc06,0x3eb1e9542be42acb165d607651cae7f7b7a20036870cee7fff539bb90970614b
227,877.75291253,1.2961426158213813,0xf5eaf1c5e1e16aa1a05364940722b8e501d3de26,2017-09-25T13:30:11.000Z,0.0014766600000055046,0x66e56be69fdbe88fb1bb3b0d6264638bfc4887bc,buy,0x8ae4bf2c33a8e667de34b54938b0ccd03eb8cc06,0x8d191afc19d57de885ca50d64f8fbe1c79835e4c16a5d11f89cf2fdfc70d4b65
228,6000,8.85996,0xf2b1fdc974a80ae077f285421eb39e10403fb1f2,2017-09-25T13:09:43.000Z,0.00147666,0x66e56be69fdbe88fb1bb3b0d6264638bfc4887bc,buy,0x8ae4bf2c33a8e667de34b54938b0ccd03eb8cc06,0x57f56f3b01caf1013bcd20f73f5efa0b6610d983044c03618a1b0538aa3c7a54
229,1087.98186737,1.606579304276742,0xf5eaf1c5e1e16aa1a05364940722b8e501d3de26,2017-09-25T12:37:28.000Z,0.0014766600000056598,0x66e56be69fdbe88fb1bb3b0d6264638bfc4887bc,buy,0x8ae4bf2c33a8e667de34b54938b0ccd03eb8cc06,0x039bda4eaab4245fa37d3d78e1a66ad806133359e681f020f6ae660a16a96b39
230,5000,7.3833,0xf2b1fdc974a80ae077f285421eb39e10403fb1f2,2017-09-25T12:33:33.000Z,0.00147666,0x66e56be69fdbe88fb1bb3b0d6264638bfc4887bc,buy,0x8ae4bf2c33a8e667de34b54938b0ccd03eb8cc06,0xccd4d01d8a1654ee75805e72d1181d04fcb3bf9e9ab2980f06531f7cb0a9de41
231,0.313,0.000391876313,0xf36990a2cb4d609e0a7d4f3bf884c0342d81fd3d,2017-09-25T11:53:32.000Z,0.001252001,0x18a902dc44442205b4ba2b1dc038e67506d22c55,sell,0x8ae4bf2c33a8e667de34b54938b0ccd03eb8cc06,0x1225422cc2d8f8f3d39eb6cddfa27fb2af320d9078f92a3956ce102affebc1d5
232,1,0.00147666,0xf73866a0ce96947b13fff5a27555ef39af687010,2017-09-25T11:37:07.000Z,0.00147666,0x66e56be69fdbe88fb1bb3b0d6264638bfc4887bc,buy,0x8ae4bf2c33a8e667de34b54938b0ccd03eb8cc06,0x6850ce245dfcbc806c5380633e07b6e0e621d0b302ad04bf42864dacdc1ef946
233,0.00000005,0.00000000006260005,0xf36990a2cb4d609e0a7d4f3bf884c0342d81fd3d,2017-09-25T10:33:33.000Z,0.001252001,0x0671f73668831051b71f967938d22f3584a3051d,sell,0x8ae4bf2c33a8e667de34b54938b0ccd03eb8cc06,0xb0e9d5060a2164e77bb407d7d0a7a39888eb35dc7d3a78ef2909f952639fff64
234,0.33557046,0.0005,0xc886b21b865e7c90432d9b8bdb14ad254f2232f5,2017-09-25T05:24:12.000Z,0.0014900000435080012,0x66e56be69fdbe88fb1bb3b0d6264638bfc4887bc,buy,0x8ae4bf2c33a8e667de34b54938b0ccd03eb8cc06,0x5e895bb9200b34a5c49c39dd4af7bcd9abc22ee92583b18d7037b483f5737d6f
235,0.33557046,0.0005,0xe37bd4d49c619e748d4efe74525489d26b6aff43,2017-09-25T05:09:19.000Z,0.0014900000435080012,0x66e56be69fdbe88fb1bb3b0d6264638bfc4887bc,buy,0x8ae4bf2c33a8e667de34b54938b0ccd03eb8cc06,0xe1604f6ecbaec81a2666d05a42c6e1f548e98a27eec62e7e19de122732f54719
236,0.33557046,0.0005,0x23ee598e50ff1b1bde1022bf3c8a41d4c23321a0,2017-09-25T00:56:11.000Z,0.0014900000435080012,0x66e56be69fdbe88fb1bb3b0d6264638bfc4887bc,buy,0x8ae4bf2c33a8e667de34b54938b0ccd03eb8cc06,0x6f9b1773dfc603d1bcd5c74a1af3b0f9d873d4224a7a380ab830d60a6a407cb3
237,0.33557046,0.0005,0xe5a759eb3e214ff0a2bbbea31acc41c9bf27b239,2017-09-25T00:32:24.000Z,0.0014900000435080012,0x66e56be69fdbe88fb1bb3b0d6264638bfc4887bc,buy,0x8ae4bf2c33a8e667de34b54938b0ccd03eb8cc06,0x78c4185057f10bc2472e4357fb4611fc450324a75ef95df097f641bbc990e6ff
238,0.33557046,0.0005,0x160506e5a5ce5dadd43623689f53d5aa1f288f0f,2017-09-25T00:13:51.000Z,0.0014900000435080012,0x66e56be69fdbe88fb1bb3b0d6264638bfc4887bc,buy,0x8ae4bf2c33a8e667de34b54938b0ccd03eb8cc06,0x8adb3d56c07d4435fb56ccacffe7024c3cc5540a1a16b0a7107d9cc74a113bdb
239,0.313,0.000391876313,0xf36990a2cb4d609e0a7d4f3bf884c0342d81fd3d,2017-09-24T23:34:56.000Z,0.001252001,0xd868b838b5de79f1e540b5d83c9e9a3d0b3810cd,sell,0x8ae4bf2c33a8e667de34b54938b0ccd03eb8cc06,0xf535fc567e3b9fe40b216ca5770c4d362261bf629c68f605c0be4d58b5547727
240,0.0005369,0.000000724815,0xcdd786ce25ec9dd580bd48b410346efbd7ebf08b,2017-09-24T14:06:48.000Z,0.00135,0x0671f73668831051b71f967938d22f3584a3051d,sell,0x8ae4bf2c33a8e667de34b54938b0ccd03eb8cc06,0x417c69aa34a9dfc0aff46cc75da160187659f679ba9ff2d301117277b21de95a
241,5.38564008,0.007270614108,0xcdd786ce25ec9dd580bd48b410346efbd7ebf08b,2017-09-24T13:50:57.000Z,0.00135,0x0671f73668831051b71f967938d22f3584a3051d,sell,0x8ae4bf2c33a8e667de34b54938b0ccd03eb8cc06,0x03dd389fa93ceb2882567c17674ba4b1b4f518e9714f5a1c72fd7893ec309e12
242,400,0.548,0xafa6e8f049214da4073a5fc8f2817222e8e4065e,2017-09-24T11:02:09.000Z,0.00137,0xf6087a8189e5014c263e898155c5c3c24b019629,sell,0x8ae4bf2c33a8e667de34b54938b0ccd03eb8cc06,0x31e2a1ab2f9a8bfa1a8fc737b217c06109c878fb839064e044f815506b63e5fa
243,4.67230912,0.007428971514893704,0x0671f73668831051b71f967938d22f3584a3051d,2017-09-24T07:28:04.000Z,0.0015900000030164322,0x6b7ccda4ee569d3c737e046494b8374ecbd17e8b,buy,0x8ae4bf2c33a8e667de34b54938b0ccd03eb8cc06,0x409d242b5fc68a0545a7ffeec3637092ac39a0675420db06884274c5a891daf1
244,0.3144654,0.0005,0xc22f5ab4f1591613a92b4d172cc7f4e4a5af58cd,2017-09-23T23:29:51.000Z,0.0015900000445200012,0x6b7ccda4ee569d3c737e046494b8374ecbd17e8b,buy,0x8ae4bf2c33a8e667de34b54938b0ccd03eb8cc06,0x9810f07b35542ed67f0c66f33e2a351a3d1a301880b0875b68b379002b9da378
245,0.3144654,0.0005,0x452b06f1c61cff4c9bebaa405319a7c3b12553a2,2017-09-23T23:28:20.000Z,0.0015900000445200012,0x6b7ccda4ee569d3c737e046494b8374ecbd17e8b,buy,0x8ae4bf2c33a8e667de34b54938b0ccd03eb8cc06,0x543b863ab2b39202252f759fbc7bdb7603faaabdf6b86740518d32a433be4297
246,0.3144654,0.0005,0x2ba19ec4bcd5ae8de66b110bde5ebf41092bd02f,2017-09-23T19:20:23.000Z,0.0015900000445200012,0x6b7ccda4ee569d3c737e046494b8374ecbd17e8b,buy,0x8ae4bf2c33a8e667de34b54938b0ccd03eb8cc06,0x053c1531df2a7dbfb202e96afbc496a3302aae0548fc701b08d025e956a2f19e
247,0.3144654,0.0005,0x18a902dc44442205b4ba2b1dc038e67506d22c55,2017-09-23T16:31:50.000Z,0.0015900000445200012,0x6b7ccda4ee569d3c737e046494b8374ecbd17e8b,buy,0x8ae4bf2c33a8e667de34b54938b0ccd03eb8cc06,0x3b66aa211f905a457746751f8756ced9a22fafe6903952ac1e0439512397917a
248,0.3144654,0.0005,0xd868b838b5de79f1e540b5d83c9e9a3d0b3810cd,2017-09-23T16:25:33.000Z,0.0015900000445200012,0x6b7ccda4ee569d3c737e046494b8374ecbd17e8b,buy,0x8ae4bf2c33a8e667de34b54938b0ccd03eb8cc06,0x6a6c65f5ba22e17b2c4ca82981da8d073572158c5edd6f426bf4343ee8c295c8
249,0.6,0.000954,0x636d925f140f761f7a0e600db2177dd068ddada1,2017-09-23T11:28:32.000Z,0.00159,0x6b7ccda4ee569d3c737e046494b8374ecbd17e8b,buy,0x8ae4bf2c33a8e667de34b54938b0ccd03eb8cc06,0xf4c5500a97a17fb155e694e1c823c427a192326323042c0d2cec6265004aa566
250,1,0.001695,0x18bc639218a3abdf0772a49c3c4ea2ee9148ddc4,2017-09-23T09:41:48.000Z,0.001695,0x450573f9ec383956e44d7a62b363107594d76c70,buy,0x8ae4bf2c33a8e667de34b54938b0ccd03eb8cc06,0x0f8610b3fa7ff871adbb837cebfa6d23c3aad3b11cba657ca4d0a6058ef2d824
251,1,0.001695,0x0c3d0fc12a1ab89e3b00180bf9988762a44d69d4,2017-09-23T07:05:42.000Z,0.001695,0x450573f9ec383956e44d7a62b363107594d76c70,buy,0x8ae4bf2c33a8e667de34b54938b0ccd03eb8cc06,0xe8f3d4f0d3f5dc5ee24606605c3ad1f1b4b9ce9dfcc6394855a539385eef75f6
252,95.27985369,0.1614993520087728,0xd8d7866b34532503d4d4f3db0286289e78e2a2fe,2017-09-23T01:16:27.000Z,0.00169500000004432,0x450573f9ec383956e44d7a62b363107594d76c70,buy,0x8ae4bf2c33a8e667de34b54938b0ccd03eb8cc06,0x99640caf34db98d9ece6408df3cafd4b3a70e79970bf7a2aefc11951b045ac7a
253,149.55134685,0.2018943182475,0xcdd786ce25ec9dd580bd48b410346efbd7ebf08b,2017-09-22T14:07:57.000Z,0.00135,0xad440e6b26dd3a044a97294bf87c017d7fb81c67,sell,0x8ae4bf2c33a8e667de34b54938b0ccd03eb8cc06,0x6175496c98bd7e62038515670a2fb8dde315d19486359edc2b6c205cd9526746
254,75,0.0119325,0xad440e6b26dd3a044a97294bf87c017d7fb81c67,2017-09-22T14:05:04.000Z,0.0001591,0x0671f73668831051b71f967938d22f3584a3051d,buy,0x8ae4bf2c33a8e667de34b54938b0ccd03eb8cc06,0xfd4bbeae10ff9930eadce6830dd7a3671adce7fd92392d76afb771ccbcd31047
255,0.548,0.0010000726,0x19b78488b79c6a45d4e060f05a2b35c4873f25c5,2017-09-22T05:50:35.000Z,0.00182495,0x450573f9ec383956e44d7a62b363107594d76c70,buy,0x8ae4bf2c33a8e667de34b54938b0ccd03eb8cc06,0x8ade77123f33067eb6fc88d305b2b1721c81ea10a603332dad3269fafe96974a
256,0.2739801,0.0005,0x999dbc9673afdd6b6c140c261297f89de35ff1b3,2017-09-22T05:38:17.000Z,0.0018249500602416015,0x450573f9ec383956e44d7a62b363107594d76c70,buy,0x8ae4bf2c33a8e667de34b54938b0ccd03eb8cc06,0xdb6d9d4059e1a4acb7a8103bf06ffb66bb8636fa68588c7de8dd54504ef221d1
257,0.2739801,0.0005,0x8612d2a48328bbf318b856ed0daaa4a7034383d0,2017-09-22T05:29:09.000Z,0.0018249500602416015,0x450573f9ec383956e44d7a62b363107594d76c70,buy,0x8ae4bf2c33a8e667de34b54938b0ccd03eb8cc06,0xb49c6d2b1e57014e4ad6afcff94390ee006d471990119c9fb8d6af57bb8a2126
258,0.2739726,0.0005,0x8f28b1970e72adb11173044ebc762800e3128238,2017-09-22T05:13:36.000Z,0.0018250000182500003,0x450573f9ec383956e44d7a62b363107594d76c70,buy,0x8ae4bf2c33a8e667de34b54938b0ccd03eb8cc06,0xcdb18d07379d24e8ff51a6fc5c04b50ceda635280661cbe5bbace6e5e7978d94
259,0.2739726,0.0005,0x7ed2114439b24152cf18c02c10cae681a7ca2adc,2017-09-22T05:11:38.000Z,0.0018250000182500003,0x450573f9ec383956e44d7a62b363107594d76c70,buy,0x8ae4bf2c33a8e667de34b54938b0ccd03eb8cc06,0x0825fdb001d46915393f0754c820bcb3f1bcb9757b8496933117822d9e0f8f8f
260,0.2739726,0.0005,0x03dd03643b71b06642179afb38211c0f45699bc5,2017-09-22T05:04:27.000Z,0.0018250000182500003,0x450573f9ec383956e44d7a62b363107594d76c70,buy,0x8ae4bf2c33a8e667de34b54938b0ccd03eb8cc06,0xd9cdd4cad4342104e8b151bdd9ae02ef796c3c4477200fb7182f99342ae8db47
261,204.932,0.3740009,0x5941d1abe4146790ec6b3d0b2492edc8cca225d8,2017-09-22T02:33:00.000Z,0.001825,0x450573f9ec383956e44d7a62b363107594d76c70,buy,0x8ae4bf2c33a8e667de34b54938b0ccd03eb8cc06,0x854b232ea82d55e9543a7b18fedaa5ab84a757afef0371da2fc3d5948b568fb3
262,74.8,0.10098,0xcdd786ce25ec9dd580bd48b410346efbd7ebf08b,2017-09-21T17:15:30.000Z,0.00135,0x3dee4a4e076e8d82859d241db0baf46f112cfa23,sell,0x8ae4bf2c33a8e667de34b54938b0ccd03eb8cc06,0x65d254c794a61cb0321a4549f355f88375e1fefad0aabaeaaf8cda7f0acbbabb
263,4.9,0.0071050294,0xf36990a2cb4d609e0a7d4f3bf884c0342d81fd3d,2017-09-21T17:02:16.000Z,0.001450006,0x3dee4a4e076e8d82859d241db0baf46f112cfa23,sell,0x8ae4bf2c33a8e667de34b54938b0ccd03eb8cc06,0x3729404c094b4d64e67f7200832429b62c81eba3f9a12a07e50d9d47af99bb6d
264,69.33915499,0.10054219077042995,0xf36990a2cb4d609e0a7d4f3bf884c0342d81fd3d,2017-09-21T12:12:32.000Z,0.001450006,0x9cdc370013229bf5ac914f78681d8479ab79c5a9,sell,0x8ae4bf2c33a8e667de34b54938b0ccd03eb8cc06,0x3e007744a5cbbecd8cd5fa11c7db3cf0da9cd1ea0cb71f1ff365c0203cbde68a
265,80,0.10016032,0x3dee4a4e076e8d82859d241db0baf46f112cfa23,2017-09-21T06:08:30.000Z,0.001252004,0x20f3027ff5affdfada79581122dcbd9309e4bf46,sell,0x8ae4bf2c33a8e667de34b54938b0ccd03eb8cc06,0xece3be459fa57067118df264dfdab96f04759a56a74c66ddc2933b7f3e624fbb
266,100,0.1825,0x488049319c07a4a5f11151adbe786771d9f74770,2017-09-20T03:21:01.000Z,0.001825,0x450573f9ec383956e44d7a62b363107594d76c70,buy,0x8ae4bf2c33a8e667de34b54938b0ccd03eb8cc06,0x3b2bea52abb08937e7b2abbf9d8dda4f32b7bbfa9cc6b353c3eccb66e94145e5
267,4.384,0.0080008,0x38eed870f8f9036ff75426d66f4501354ccb7d7a,2017-09-19T23:37:37.000Z,0.001825,0x450573f9ec383956e44d7a62b363107594d76c70,buy,0x8ae4bf2c33a8e667de34b54938b0ccd03eb8cc06,0x8637bf6da92f90cbefb4831fb5cdf3530d48236fec1a8f2f703807fd391b754d
268,0.251,0.000363951506,0xf36990a2cb4d609e0a7d4f3bf884c0342d81fd3d,2017-09-19T19:59:33.000Z,0.001450006,0x8b24d80c6dd6e1af5a000e03ca8f00886a05f6f5,sell,0x8ae4bf2c33a8e667de34b54938b0ccd03eb8cc06,0x819537611b235bd4338e5de1e6d81df1ccc6b7c16a1e6d5a965f71207aae87a5
269,1,0.001825,0xd6f29f2fb0a1dc783aeab42ce7ce9276f8e14a54,2017-09-19T19:06:38.000Z,0.001825,0x450573f9ec383956e44d7a62b363107594d76c70,buy,0x8ae4bf2c33a8e667de34b54938b0ccd03eb8cc06,0x80b85f279fabbd70cd1a9773ee27dc921db1d130ee5de73eafb8ff03e7d57e69
270,0.418,0.000606102508,0xf36990a2cb4d609e0a7d4f3bf884c0342d81fd3d,2017-09-19T18:46:38.000Z,0.001450006,0x64b604630e055318093215b7ed41697ca4fb5de6,sell,0x8ae4bf2c33a8e667de34b54938b0ccd03eb8cc06,0x6cb7d96aa6affde8183d003fe9d3132be86799e8cd75bfa048fd415474890f57
271,1,0.001825,0xd6f29f2fb0a1dc783aeab42ce7ce9276f8e14a54,2017-09-19T16:36:35.000Z,0.001825,0x450573f9ec383956e44d7a62b363107594d76c70,buy,0x8ae4bf2c33a8e667de34b54938b0ccd03eb8cc06,0xf09db148470e3c1c2c3eddb99491e56c0bed04e0d341c3167c87ad4a5e234947
272,1715,2.82975,0xd1f9eb61ad476170a6ac5e6ccf064b3306e54e44,2017-09-19T09:41:35.000Z,0.00165,0x7fec3cdd590f3f91fff8f924f4a640a080b08beb,sell,0x8ae4bf2c33a8e667de34b54938b0ccd03eb8cc06,0x4fb38a38f0cfd34b7f6e10099fea58ad71df6a7138ab3e200b52a0bc17c5e0de
273,51.31072821,0.09441173991570205,0xcb1b7de784559fb1ac90f118053b8a7b2b754fc5,2017-09-19T04:14:08.000Z,0.0018400000001812886,0x5104efc872d45dba3a97bf02aebe240dfc283321,buy,0x8ae4bf2c33a8e667de34b54938b0ccd03eb8cc06,0x730646d0e8881b99ed6b7d84d010f65b9a4751f00c66f0e337344d6932d697b8
274,500,1,0xdaed9afb6a8d9bbfe92c621410236786cd919a96,2017-09-18T15:25:24.000Z,0.002,0x0671f73668831051b71f967938d22f3584a3051d,buy,0x8ae4bf2c33a8e667de34b54938b0ccd03eb8cc06,0x95d2e038b000806fe13732b0cff63b35bad377eae8b7335b5c3a604263739942
275,0.757,0.00143073,0x1f101198bcb178d41487c54e549119bf7b297c38,2017-09-18T13:57:28.000Z,0.00189,0xf732b16f5aee6cd2db5b30a7a3860764a48b19ff,sell,0x8ae4bf2c33a8e667de34b54938b0ccd03eb8cc06,0x0986fea7497da7bdd59e387847a35be0a1b0d7b0ce5880237ead7c7d1e8b7a89
276,208.61649071,0.3504757043928,0x855bb1c07c1d09f815607433a76889f375c11e84,2017-09-18T12:18:26.000Z,0.00168,0xff684104992bd26b6326bca4620d733526c0ddb1,sell,0x8ae4bf2c33a8e667de34b54938b0ccd03eb8cc06,0x4059b22d41250fd4f4d0d4517b058ecd64630b63df7c90638c8dd3f43b02c0e6
277,0.19632721,0.0003298297128,0x855bb1c07c1d09f815607433a76889f375c11e84,2017-09-18T01:43:41.000Z,0.00168,0x5104efc872d45dba3a97bf02aebe240dfc283321,sell,0x8ae4bf2c33a8e667de34b54938b0ccd03eb8cc06,0x0ba38737368e78e1419e36f61655156da39f00b7ca0817c7264e3607fd0db009
278,27,0.04536,0x855bb1c07c1d09f815607433a76889f375c11e84,2017-09-18T01:41:13.000Z,0.00168,0x5104efc872d45dba3a97bf02aebe240dfc283321,sell,0x8ae4bf2c33a8e667de34b54938b0ccd03eb8cc06,0xbbe0ce4b7cb0b71c0ad0b484ca03bd53c2ed8978b73a91dfeb5aed9ceefd796b
279,293.84054255,0.49394595202655,0x5e33b1a195da8fa10b7536d44e7a76b16cabe9ae,2017-09-18T01:34:04.000Z,0.001681,0x5104efc872d45dba3a97bf02aebe240dfc283321,sell,0x8ae4bf2c33a8e667de34b54938b0ccd03eb8cc06,0xea2c00afdde078a9f8e8e13882a324b5cf1beeed33f091bd4fe98b55efb91855
280,630,1.197,0x151c870fdeb7df73465ab770f280662533b76e44,2017-09-18T00:19:01.000Z,0.0019,0x7fec3cdd590f3f91fff8f924f4a640a080b08beb,sell,0x8ae4bf2c33a8e667de34b54938b0ccd03eb8cc06,0xae64488a9496b7acb27a584c5ca15342854b8c56dbc9e176ca50de067bbed22c
281,687.94819163,1.3002220821807,0x1f101198bcb178d41487c54e549119bf7b297c38,2017-09-17T10:06:24.000Z,0.00189,0x669f0ab96fd3beb68bc836bb874894bbb516331a,sell,0x8ae4bf2c33a8e667de34b54938b0ccd03eb8cc06,0x6fb4f5fe0d282e744e23d92b020897fde410940e522ffe4428b44e75eb818c6d
282,808.31023826,1.5277063503114,0x1f101198bcb178d41487c54e549119bf7b297c38,2017-09-17T09:57:20.000Z,0.00189,0x669f0ab96fd3beb68bc836bb874894bbb516331a,sell,0x8ae4bf2c33a8e667de34b54938b0ccd03eb8cc06,0x9dec2ed985fcee904d532796ee16e5d37e42233c6263c452742d3ab006a51e65
283,1.94304474,0.0002331653688,0xa3d559a26e0252266d4d43231d7c29707c76d8b0,2017-09-17T06:49:28.000Z,0.00012,0x0047e5bb93e5494e03ec6d84f8532a0faad4d2cd,sell,0x8ae4bf2c33a8e667de34b54938b0ccd03eb8cc06,0x5b465d348056910fc7cfed06b80dfe4d2ade87bf9d969a89b7dd8bab4c5e29da
284,100,0.189,0x2c9ef0b9dfb2a5cb63408c5ff73f9ada6d73074e,2017-09-17T03:25:40.000Z,0.00189,0x521b7aa879e707c30b46b7c7ca520e6bf6f6b648,buy,0x8ae4bf2c33a8e667de34b54938b0ccd03eb8cc06,0xa4722b664a54521efd0f2a8a9ea1a0c0460b6ab8b19ea561b3519d3ea754cea0
285,0.26315789,0.0005,0x42c24a83bded723edfdf5883bc7efb30bc1a1bf3,2017-09-16T17:50:09.000Z,0.0019000000342000007,0x0671f73668831051b71f967938d22f3584a3051d,buy,0x8ae4bf2c33a8e667de34b54938b0ccd03eb8cc06,0x70087c450f50c9aa9f479e7efc67e771b59140a596776bcdbe8eab8b11959517
286,0.25,0.0005,0x0f657c396dfcd6c59bb82b89fc3adbe5f90ce153,2017-09-16T16:02:00.000Z,0.002,0x2fbd3ec5bd9230954c157bc8b0a5ae2cbebf01a1,buy,0x8ae4bf2c33a8e667de34b54938b0ccd03eb8cc06,0x8664ce2a7624d8b476f4125c2e65c3b50a54d83f50391c046b2608c53f385265
287,0.25,0.0005,0x1f8ac99600c61189d92c85cc760735b9e0067a60,2017-09-16T15:50:47.000Z,0.002,0x2fbd3ec5bd9230954c157bc8b0a5ae2cbebf01a1,buy,0x8ae4bf2c33a8e667de34b54938b0ccd03eb8cc06,0xfa67b5e380d523d06aca97c6710c5de5d033f18b08ca4cc0f32f9b2167044cd9
288,237.04914764,0.3982425680352,0x855bb1c07c1d09f815607433a76889f375c11e84,2017-09-16T15:22:41.000Z,0.00168,0xf71e48a86109f40405859ecefd78b4374e03f68d,sell,0x8ae4bf2c33a8e667de34b54938b0ccd03eb8cc06,0xca774f5fdc1fc8ef70373bd33375afa2166e4000783c94e287f0a188fb5a67d1
289,1000,1.7177,0x12d00b993bfd0422d6bde9aa63d96e0ab74fb636,2017-09-16T15:21:09.000Z,0.0017177,0xf71e48a86109f40405859ecefd78b4374e03f68d,sell,0x8ae4bf2c33a8e667de34b54938b0ccd03eb8cc06,0x5913e8002cc561405e2469d68663ce1061a8af62388a86feab005b43694e75ee
290,200,0.9,0x23158e6d5599d15bd6a44e1c5db7ad3486552d2a,2017-09-16T14:54:12.000Z,0.0045,0x000636e406605d8a4e7ce06a38949ff03df0046a,buy,0x8ae4bf2c33a8e667de34b54938b0ccd03eb8cc06,0x89a6884d62697ba08fab09cd37c7c2b6598afa43e521fcae21982809604ed36b
291,225,0.45,0xcfe901da5630432c1915a9855fbde2e2d8b26ae5,2017-09-16T14:28:21.000Z,0.002,0x2fbd3ec5bd9230954c157bc8b0a5ae2cbebf01a1,buy,0x8ae4bf2c33a8e667de34b54938b0ccd03eb8cc06,0x01ac9292170a9730e54a87f2be2f262b651cd3d0c0d8ccb6f840757a5c05709b
292,750,1.5,0xcfe901da5630432c1915a9855fbde2e2d8b26ae5,2017-09-16T14:22:29.000Z,0.002,0x2fbd3ec5bd9230954c157bc8b0a5ae2cbebf01a1,buy,0x8ae4bf2c33a8e667de34b54938b0ccd03eb8cc06,0x5fc9d27b9ba041ec9fe25a3c7ac12c1bcf9d9a4dccf1e675922afee810f11a31
293,20,0.047,0x7d3fd84582f220a99dea71611ec51c2c290b4ef8,2017-09-16T13:49:48.000Z,0.00235,0x42cd573e485a8822dcd3ee8bd65d20c5b486057b,buy,0x8ae4bf2c33a8e667de34b54938b0ccd03eb8cc06,0x0710c5bef5c7fe050657d3a30b6ad4800c0aaeb5aa0356802f186ee9edc574ca
294,155,0.2604,0xcfe901da5630432c1915a9855fbde2e2d8b26ae5,2017-09-16T09:42:43.000Z,0.00168,0x7fec3cdd590f3f91fff8f924f4a640a080b08beb,buy,0x8ae4bf2c33a8e667de34b54938b0ccd03eb8cc06,0x1c5536ca2781a330e699a3baa197672fb9a4361ad425197f5c67931a5e26abf3
295,755,1.29105,0xf73a2ca173919864a896511053bc7c32cbbdaafb,2017-09-16T04:40:01.000Z,0.00171,0x7fec3cdd590f3f91fff8f924f4a640a080b08beb,sell,0x8ae4bf2c33a8e667de34b54938b0ccd03eb8cc06,0xc4a9bd265160364b85db1ea95f45f60dbf502cedfce41da7006a552744ef3e48
296,1,0.002000000000007762,0xd6f29f2fb0a1dc783aeab42ce7ce9276f8e14a54,2017-09-16T03:00:08.000Z,0.002000000000007762,0x2fbd3ec5bd9230954c157bc8b0a5ae2cbebf01a1,buy,0x8ae4bf2c33a8e667de34b54938b0ccd03eb8cc06,0xceef7a582105bc73e47e241dc1a2d450842ed11963f2faedb6794649ae8e47e3
297,1,0.002000000000007762,0xd6f29f2fb0a1dc783aeab42ce7ce9276f8e14a54,2017-09-16T02:56:35.000Z,0.002000000000007762,0x2fbd3ec5bd9230954c157bc8b0a5ae2cbebf01a1,buy,0x8ae4bf2c33a8e667de34b54938b0ccd03eb8cc06,0x113b35991297f359dc7a68ab271cb8961ace1854275aa52570b696ba92bfda06
298,1,0.002000000000007762,0xd6f29f2fb0a1dc783aeab42ce7ce9276f8e14a54,2017-09-16T02:55:04.000Z,0.002000000000007762,0x2fbd3ec5bd9230954c157bc8b0a5ae2cbebf01a1,buy,0x8ae4bf2c33a8e667de34b54938b0ccd03eb8cc06,0xb3ee22acc40cc3a17761a10a95117b6ebeb7e0f8db974c8e93f3e85f3d98d9c0
299,1,0.002000000000007762,0xd6f29f2fb0a1dc783aeab42ce7ce9276f8e14a54,2017-09-16T02:53:25.000Z,0.002000000000007762,0x2fbd3ec5bd9230954c157bc8b0a5ae2cbebf01a1,buy,0x8ae4bf2c33a8e667de34b54938b0ccd03eb8cc06,0x776131e8dd8c6a8918ff9dac9c602d0f7f418fa032f25da1344514756eb511bc
300,1,0.002000000000007762,0xd6f29f2fb0a1dc783aeab42ce7ce9276f8e14a54,2017-09-16T02:45:24.000Z,0.002000000000007762,0x2fbd3ec5bd9230954c157bc8b0a5ae2cbebf01a1,buy,0x8ae4bf2c33a8e667de34b54938b0ccd03eb8cc06,0x6f2f7555b0b026d21abfc0523bd808694554a94c7ce16ae0ac97869ab20e6e10
301,1,0.002000000000007762,0xd6f29f2fb0a1dc783aeab42ce7ce9276f8e14a54,2017-09-16T02:40:41.000Z,0.002000000000007762,0x2fbd3ec5bd9230954c157bc8b0a5ae2cbebf01a1,buy,0x8ae4bf2c33a8e667de34b54938b0ccd03eb8cc06,0xf7e00fe3a41ad416d928e0f0c5ae8b6e1b0f38d7973de887a3e9b48c3b0c9aa6
302,69.55410638,0.1391082127659205,0x9cdc370013229bf5ac914f78681d8479ab79c5a9,2017-09-16T02:35:09.000Z,0.0020000000000851208,0x2fbd3ec5bd9230954c157bc8b0a5ae2cbebf01a1,buy,0x8ae4bf2c33a8e667de34b54938b0ccd03eb8cc06,0x1eb643f806549f86df17925427a23de7f1b701f1d87da0ec7ad86d7e7a6fc060
303,19.85035831,0.03970071663114582,0x10d4353d211503c867d2cf50610d11bc8a4f6c90,2017-09-16T02:26:29.000Z,0.002000000000561492,0x2fbd3ec5bd9230954c157bc8b0a5ae2cbebf01a1,buy,0x8ae4bf2c33a8e667de34b54938b0ccd03eb8cc06,0x5d689c9e77ebfa6eacb7bf239543efe75d9858b5c181bab6c417babbbda85ed2
304,74.78620682,0.14957241364450893,0x1186126621f3c1bdbf848c2a33f297066a5239f9,2017-09-16T02:06:27.000Z,0.002000000000060291,0x2fbd3ec5bd9230954c157bc8b0a5ae2cbebf01a1,buy,0x8ae4bf2c33a8e667de34b54938b0ccd03eb8cc06,0xd1bb7bc178f34804061377e2514d47f1c7a891672c5a9e475c34a23fb403d96a
305,1000,2,0x12d00b993bfd0422d6bde9aa63d96e0ab74fb636,2017-09-16T02:03:23.000Z,0.002,0x2fbd3ec5bd9230954c157bc8b0a5ae2cbebf01a1,buy,0x8ae4bf2c33a8e667de34b54938b0ccd03eb8cc06,0xa82f014c9fcad4252dc38becb9b890f6a8a8d51318069f1a675c1fdac571dc58
306,30,0.06,0x10d4353d211503c867d2cf50610d11bc8a4f6c90,2017-09-16T01:51:35.000Z,0.002,0x2fbd3ec5bd9230954c157bc8b0a5ae2cbebf01a1,buy,0x8ae4bf2c33a8e667de34b54938b0ccd03eb8cc06,0x05b9d3f917403f4b5679b1b184e746a94d6a9532719bcfce93c5c6f0ec8c716b
307,730,1.2483,0xf73a2ca173919864a896511053bc7c32cbbdaafb,2017-09-16T01:02:41.000Z,0.00171,0x9a941cbe8f6580ebb8ec48da765b3ad49b1d5671,sell,0x8ae4bf2c33a8e667de34b54938b0ccd03eb8cc06,0x094bd8ebee49bdd7c35c564be018a0c9819032633f539079daed72f302d99d26
308,123.5,0.247,0x20f3027ff5affdfada79581122dcbd9309e4bf46,2017-09-16T00:32:12.000Z,0.002,0x2fbd3ec5bd9230954c157bc8b0a5ae2cbebf01a1,buy,0x8ae4bf2c33a8e667de34b54938b0ccd03eb8cc06,0x67e79ef594ba90d14544eaaa6f72a1a6ab50f995d765dacf59ed5a26b59be707
309,398.76383214,0.7975276642942425,0x21b87496e44272c89693c88d6754d4c9bde8b353,2017-09-15T23:29:12.000Z,0.0020000000000357167,0x2fbd3ec5bd9230954c157bc8b0a5ae2cbebf01a1,buy,0x8ae4bf2c33a8e667de34b54938b0ccd03eb8cc06,0x180dcaabe444eb0fcbaa8605b378e1bff226209d8332f5cec194e25e26bd58e0
310,0.00026777,0.000000535546881348,0x21b87496e44272c89693c88d6754d4c9bde8b353,2017-09-15T23:27:23.000Z,0.002000025698726519,0x2fbd3ec5bd9230954c157bc8b0a5ae2cbebf01a1,buy,0x8ae4bf2c33a8e667de34b54938b0ccd03eb8cc06,0x765500d4c97b2dac04f08ea667630915b325529a3c3f68768ea2be80ef551f5e
311,2.68603538,0.005372070766803806,0x21b87496e44272c89693c88d6754d4c9bde8b353,2017-09-15T23:25:10.000Z,0.0020000000025330294,0x2fbd3ec5bd9230954c157bc8b0a5ae2cbebf01a1,buy,0x8ae4bf2c33a8e667de34b54938b0ccd03eb8cc06,0x0d8befb0ab907f36f00aa43978da789d529c83d87be1a529b73fc591862def16
312,65,0.13,0x521b7aa879e707c30b46b7c7ca520e6bf6f6b648,2017-09-15T22:13:02.000Z,0.002,0x2fbd3ec5bd9230954c157bc8b0a5ae2cbebf01a1,buy,0x8ae4bf2c33a8e667de34b54938b0ccd03eb8cc06,0x8a4be40882de73283775d621ab84cb851e9219b2a7255273f8b89be4aeb9d945
313,500,1,0x7ca4c1158624b4c4cfb1efcc60eb862a2ce1dcb4,2017-09-15T19:23:16.000Z,0.002,0x2fbd3ec5bd9230954c157bc8b0a5ae2cbebf01a1,buy,0x8ae4bf2c33a8e667de34b54938b0ccd03eb8cc06,0x0d8601d7d04998a7377a55fc4dcdeb30af950d222745eff3197060872e3fcc0c
314,149.803,0.29660994,0xd1f9eb61ad476170a6ac5e6ccf064b3306e54e44,2017-09-15T18:39:11.000Z,0.00198,0x000636e406605d8a4e7ce06a38949ff03df0046a,buy,0x8ae4bf2c33a8e667de34b54938b0ccd03eb8cc06,0x684b6d65821aca74d15183dac7405e88fdbd2600710b7c8d5c135ccb47569779
315,50.505,0.0999999,0x0fe614ffea49095e98e6cb5cbd589f5455bf0f02,2017-09-15T18:26:55.000Z,0.00198,0x000636e406605d8a4e7ce06a38949ff03df0046a,buy,0x8ae4bf2c33a8e667de34b54938b0ccd03eb8cc06,0x817cc8228d7af6a9c8b8fb313b794330fe0c25cb60161d5a7e90e5cc390d53e6
316,50,0.08400005,0xf36990a2cb4d609e0a7d4f3bf884c0342d81fd3d,2017-09-15T09:16:12.000Z,0.001680001,0x43aa1a40f46c9a1d059b5eaa04c504d852a258f2,sell,0x8ae4bf2c33a8e667de34b54938b0ccd03eb8cc06,0xa2996d8d717fe6fcbee6dbd34175a954c57274508a29178666b19b70ae48dd9e
317,3636.409,6.36371575,0x2fbd3ec5bd9230954c157bc8b0a5ae2cbebf01a1,2017-09-15T04:58:20.000Z,0.00175,0xafa6e8f049214da4073a5fc8f2817222e8e4065e,buy,0x8ae4bf2c33a8e667de34b54938b0ccd03eb8cc06,0x6719012ad8a4bab62b8097030bf0306011e6a7f13d9caf84032d883386081e58
318,1081.41075948,1.784327753142,0xd1f9eb61ad476170a6ac5e6ccf064b3306e54e44,2017-09-15T04:34:41.000Z,0.00165,0x89ecbafb9da41394b8d4554217fd934f7953aef9,sell,0x8ae4bf2c33a8e667de34b54938b0ccd03eb8cc06,0xaa64ddae0a18161dad6d79a369dc3c9cee62b418f939d7beefce18ee6ec76812
319,0.25252652,0.0005,0x8b24d80c6dd6e1af5a000e03ca8f00886a05f6f5,2017-09-15T04:24:30.000Z,0.0019799900620338807,0x89ecbafb9da41394b8d4554217fd934f7953aef9,buy,0x8ae4bf2c33a8e667de34b54938b0ccd03eb8cc06,0x66a16be9f1ae2aae382e6e54fc092d5dba9cba70cb26d9b982eceaf08d939f54
320,593.24957481,0.9966592856808,0xafa6e8f049214da4073a5fc8f2817222e8e4065e,2017-09-15T03:43:39.000Z,0.00168,0x19fff3b449a3a58a48c7f1d838761f5721401d26,sell,0x8ae4bf2c33a8e667de34b54938b0ccd03eb8cc06,0x18e60939c9b5535e6ead9ac83e9e4f9b7bfbb9fb482bbf05c7b9e369008e182e
321,886.48496411,1.4892947397048,0xafa6e8f049214da4073a5fc8f2817222e8e4065e,2017-09-15T03:37:22.000Z,0.00168,0x19fff3b449a3a58a48c7f1d838761f5721401d26,sell,0x8ae4bf2c33a8e667de34b54938b0ccd03eb8cc06,0x537c695b4b27d18607aa2d39080acb942e19431a4314656a283500432e5036e3
322,2330.67490778,3.9155338450704,0xafa6e8f049214da4073a5fc8f2817222e8e4065e,2017-09-15T03:30:35.000Z,0.00168,0x19fff3b449a3a58a48c7f1d838761f5721401d26,sell,0x8ae4bf2c33a8e667de34b54938b0ccd03eb8cc06,0x38fa696d5e6147a6b9935e4c6d248ec5549a4c21a57fd5ae691e875aef909b54
323,200.01,0.399999999,0x4dcf0249995c85a834bb4140139d781b519d4bef,2017-09-15T01:22:19.000Z,0.0019999,0x89ecbafb9da41394b8d4554217fd934f7953aef9,buy,0x8ae4bf2c33a8e667de34b54938b0ccd03eb8cc06,0x39c48c747ec6c0cbd2ae8573480bbed9efa190c8fc14ff496d26647417ca3ca5
324,200,0.46998,0x4dcf0249995c85a834bb4140139d781b519d4bef,2017-09-15T01:15:44.000Z,0.0023499,0x953d1111662196af36e9d387c0f909e14111fa76,buy,0x8ae4bf2c33a8e667de34b54938b0ccd03eb8cc06,0xf0e19be64838a34e9189138744e52e34894a387c4a77c6657db1104f337cf8b1
325,100,0.2,0x4dcf0249995c85a834bb4140139d781b519d4bef,2017-09-15T01:15:31.000Z,0.002,0x000636e406605d8a4e7ce06a38949ff03df0046a,buy,0x8ae4bf2c33a8e667de34b54938b0ccd03eb8cc06,0xedb13eb5d50e63b5e19122fdae8c299b28af5ece7eae151ca92bb35675808c13
326,100,0.185,0x4dcf0249995c85a834bb4140139d781b519d4bef,2017-09-15T01:10:07.000Z,0.00185,0x000636e406605d8a4e7ce06a38949ff03df0046a,buy,0x8ae4bf2c33a8e667de34b54938b0ccd03eb8cc06,0x3c5f88c753eaa154c58fa46a712299d70cb62feb01f142139fd13a07d557fed4
327,448.59934203,0.672943872979203,0x352d8117640f04b80377470634218c8129f3f48f,2017-09-14T22:10:32.000Z,0.0015001,0x3bb601f5b35ddd49157ac79d9aaab4aa2c2aa298,sell,0x8ae4bf2c33a8e667de34b54938b0ccd03eb8cc06,0xac1261b4f5766748d0919c6a060f98cdd23ef9c0dcd60b8b9f31394183367441
328,437.62536137,0.6345579555749757,0x953d1111662196af36e9d387c0f909e14111fa76,2017-09-14T18:48:45.000Z,0.0014500027,0x411304c635cab6463d6cd9cc29a1ca238a36b6e3,sell,0x8ae4bf2c33a8e667de34b54938b0ccd03eb8cc06,0x47f5a47b3375a803499f4e1af3e95b01a32911215b7ca46939085410130e5723
329,500,1.1995,0xf351947f05540da19252f2cad5bf4c68167b8e3c,2017-09-14T15:23:50.000Z,0.002399,0x89ecbafb9da41394b8d4554217fd934f7953aef9,buy,0x8ae4bf2c33a8e667de34b54938b0ccd03eb8cc06,0xb4d4a62175e4013a1e32e981e7ac7f7135399b7204db1f3267bc06584a2cfc36
330,1,0.0025,0xc3a0dba2ac58de472a068174610bf320499f291f,2017-09-14T05:17:54.000Z,0.0025,0x000636e406605d8a4e7ce06a38949ff03df0046a,buy,0x8ae4bf2c33a8e667de34b54938b0ccd03eb8cc06,0x657210788fb11760ac456501dfffe064cc4c44180809cc78143b2f4ddd72dbde
331,650,0.85091565,0xebd7066af614ab9df5dc93972654d9b25b2fc1c7,2017-09-14T04:51:16.000Z,0.001309101,0x9a941cbe8f6580ebb8ec48da765b3ad49b1d5671,sell,0x8ae4bf2c33a8e667de34b54938b0ccd03eb8cc06,0x1718e1953babfabd124047a510a6d6b4dee852a4df624540809c881264158ecd
332,0.3,0.0009,0x78b0e4933f5b7d90102367e28efcde256998411e,2017-09-14T01:52:47.000Z,0.003,0x89ecbafb9da41394b8d4554217fd934f7953aef9,buy,0x8ae4bf2c33a8e667de34b54938b0ccd03eb8cc06,0x3115e63f38dfe91614516abce9008a77132525cb4e440d3473e6e3991ac272f4
333,199.948,0.599844,0x89ecbafb9da41394b8d4554217fd934f7953aef9,2017-09-14T00:14:36.000Z,0.003,0x000636e406605d8a4e7ce06a38949ff03df0046a,buy,0x8ae4bf2c33a8e667de34b54938b0ccd03eb8cc06,0x53571488ecb39dfff51b1df188d030a29530f4221bee6e85017de0168a400fa4
334,0.0516885,0.000155065527877433,0x89ecbafb9da41394b8d4554217fd934f7953aef9,2017-09-14T00:13:26.000Z,0.0030000005393353065,0x000636e406605d8a4e7ce06a38949ff03df0046a,buy,0x8ae4bf2c33a8e667de34b54938b0ccd03eb8cc06,0x199eb7c48bcd8078bae9e385975f9d447bad8a8cf2e53a27b61abf83ce345e98
335,0.100002,0.0005,0x4c2fb430e95954bcfa54ce4741a9fc2ff6e415ad,2017-09-13T21:16:42.000Z,0.00499990000199996,0xb902ba6e3272e66c74035d7e30f4fa9279bd56f9,buy,0x8ae4bf2c33a8e667de34b54938b0ccd03eb8cc06,0xfcad00643d17b36a1c2d54bf30274940eb6e7555e85b6a85496a58fabf7fe1d3
336,213.1214488,1.0656072440286832,0x0671f73668831051b71f967938d22f3584a3051d,2017-09-13T20:47:33.000Z,0.005000000000134586,0xb26be4d9ce4f9df16fd116fa2dff101228a48bd9,buy,0x8ae4bf2c33a8e667de34b54938b0ccd03eb8cc06,0x9b191c5e51213659f12749edc26cb6623ea3c44a0c87acc6c37fe67a6cb5af26
337,362.87173554,1.814322390540476,0x0671f73668831051b71f967938d22f3584a3051d,2017-09-13T20:35:04.000Z,0.004999900000038663,0xb902ba6e3272e66c74035d7e30f4fa9279bd56f9,buy,0x8ae4bf2c33a8e667de34b54938b0ccd03eb8cc06,0x99c0f3a5a73f5000d6e563540eff4a2e7604cd4687e61442fae37bf24524576d
338,2291.826,3.000000234,0xf142f26d1cac4ba8a6e6d7974d243eda2fe5f4f9,2017-09-13T15:25:24.000Z,0.001309,0x009b56330ae5ec5042b9ca46ddb3043cc0d006f3,buy,0x8ae4bf2c33a8e667de34b54938b0ccd03eb8cc06,0x21d1a71fcd6ed3d5a22c2bc7649709d2090515c507fd741bd6f482348d1a3c96
339,6283.74074879,8.162579232683685,0xf142f26d1cac4ba8a6e6d7974d243eda2fe5f4f9,2017-09-13T15:20:39.000Z,0.0012990000000008713,0x009b56330ae5ec5042b9ca46ddb3043cc0d006f3,buy,0x8ae4bf2c33a8e667de34b54938b0ccd03eb8cc06,0x9a0bb89be0c3a289c15034960379efb8cb1049fa9e5bd25b84cf67fcfe0123db
340,1650,2.14335,0x69d9481f5c18fa8b47c4a010027b99abbc1e78e6,2017-09-13T15:19:02.000Z,0.001299,0x009b56330ae5ec5042b9ca46ddb3043cc0d006f3,buy,0x8ae4bf2c33a8e667de34b54938b0ccd03eb8cc06,0x9b1b24d5d94881d6e2e7140a58e30ccffe64d1402c5fe7bf2c0fca3af467037e
341,997.77379591,1.296108160898656,0xff684104992bd26b6326bca4620d733526c0ddb1,2017-09-13T15:15:51.000Z,0.0012990000000115917,0x009b56330ae5ec5042b9ca46ddb3043cc0d006f3,buy,0x8ae4bf2c33a8e667de34b54938b0ccd03eb8cc06,0xd63a3932b6b1f4336d2177949e05bca13b7d0814023f568c08ec305eab40bc26
342,970.71745528,1.2609619744176597,0xff684104992bd26b6326bca4620d733526c0ddb1,2017-09-13T14:59:09.000Z,0.0012990000000092092,0x009b56330ae5ec5042b9ca46ddb3043cc0d006f3,buy,0x8ae4bf2c33a8e667de34b54938b0ccd03eb8cc06,0xd01c0b7d040488eeedb9e16d87cf555298e139524dbabb6487a8f0d314232235
343,97.768,0.127000632,0x9a941cbe8f6580ebb8ec48da765b3ad49b1d5671,2017-09-13T03:15:20.000Z,0.001299,0x009b56330ae5ec5042b9ca46ddb3043cc0d006f3,buy,0x8ae4bf2c33a8e667de34b54938b0ccd03eb8cc06,0x6f082c83a5cb60f407eb9e721f89c74cebc4e84dc14644e91af6e9fff9648d19
344,91.618,0.12093576,0x9a941cbe8f6580ebb8ec48da765b3ad49b1d5671,2017-09-13T02:44:23.000Z,0.00132,0x000636e406605d8a4e7ce06a38949ff03df0046a,buy,0x8ae4bf2c33a8e667de34b54938b0ccd03eb8cc06,0x24d767f547665ffb18c800c45ba58eff65c23e99e92d93df90bc684e3a82faf8
345,2.07761475,0.0024723615525,0x9a941cbe8f6580ebb8ec48da765b3ad49b1d5671,2017-09-13T02:35:17.000Z,0.00119,0x1fdf047bf7a114b37e7936d01e9cad754ad18803,buy,0x8ae4bf2c33a8e667de34b54938b0ccd03eb8cc06,0xaf59cdbf2c6610e612751a02c8bf32a5b1000338956b3b631c1fcf557dc9b85a
346,1,0.00132,0xd6f29f2fb0a1dc783aeab42ce7ce9276f8e14a54,2017-09-13T02:32:03.000Z,0.00132,0x000636e406605d8a4e7ce06a38949ff03df0046a,buy,0x8ae4bf2c33a8e667de34b54938b0ccd03eb8cc06,0xd00ffbaa9ab446be2c831fa94dcda587e4be3037fb199fd9eca9cc0d570ffcc3
347,214.2,0.254897997858,0xf142f26d1cac4ba8a6e6d7974d243eda2fe5f4f9,2017-09-12T15:32:32.000Z,0.00118999999,0x28fc50a4088f19e18ec8272f5a3fcd035bc2cbe5,buy,0x8ae4bf2c33a8e667de34b54938b0ccd03eb8cc06,0xd74d778ee315641101935f4ad8576cc9dd9a8e98fd649ffb30496c50bf4efd6d
348,3,0.004557,0x9b113df7b32e93193e6e2d8ec491bcc30da0c04c,2017-09-12T05:43:05.000Z,0.001519,0x009b56330ae5ec5042b9ca46ddb3043cc0d006f3,buy,0x8ae4bf2c33a8e667de34b54938b0ccd03eb8cc06,0x51aca994c19cfb276fc6417feb59a178550d39f92728a8fcfb19094fae53ea17
349,214.2,0.17144570142,0x28fc50a4088f19e18ec8272f5a3fcd035bc2cbe5,2017-09-12T05:01:04.000Z,0.0008004001,0x92efc54c39219b0be3dd169e10eb4780204f0a09,sell,0x8ae4bf2c33a8e667de34b54938b0ccd03eb8cc06,0x759c8fa183cf1427a1f02274c2e35f869ee69a8bc27c457c9add7e922e9d9c6d
350,2,0.00238,0x78b0e4933f5b7d90102367e28efcde256998411e,2017-09-11T23:28:43.000Z,0.00119,0x1fdf047bf7a114b37e7936d01e9cad754ad18803,buy,0x8ae4bf2c33a8e667de34b54938b0ccd03eb8cc06,0x9f0e6ddf866de430e7aa606d34ca70fcd9695e9e175d33dffa0269f76e38e03b
351,2,0.00238,0x8b182a4526944fa498970732a69a95d281c3c8a9,2017-09-11T20:49:14.000Z,0.00119,0x1fdf047bf7a114b37e7936d01e9cad754ad18803,buy,0x8ae4bf2c33a8e667de34b54938b0ccd03eb8cc06,0x270d55c560a642f357ec8f7e06ded1993053c83011255549797ed8e5e9d0a785
352,2,0.00238,0x0024a5046fd95c5eee6db19a69ef7ed3bacd50f1,2017-09-10T12:02:44.000Z,0.00119,0x1fdf047bf7a114b37e7936d01e9cad754ad18803,buy,0x8ae4bf2c33a8e667de34b54938b0ccd03eb8cc06,0x09a47485860b48fd8c9ecd24c1ae129823820e174754e60824dfd0899eae55f1
353,8.377,0.0067032754,0x8107b4bebd1c6a0c69d71b85adb664e5e4a5674f,2017-09-10T06:09:07.000Z,0.0008002,0x6d3d0dfa885186833d6cf04f7890aab7d3b43cd1,sell,0x8ae4bf2c33a8e667de34b54938b0ccd03eb8cc06,0x981dddaee3e16607dd95d4040d0baa4da7a74138cbc6673ff16db21cfd1509f2
354,0.42016806,0.0005,0x64b604630e055318093215b7ed41697ca4fb5de6,2017-09-10T04:09:22.000Z,0.0011900000204680004,0x1fdf047bf7a114b37e7936d01e9cad754ad18803,buy,0x8ae4bf2c33a8e667de34b54938b0ccd03eb8cc06,0x0b5f1bb63e681c75d997682a3c55d98d323aa2ea834a9da3f751342669af3192
355,1000,1.32,0xe105d9a941406c426ee79972ce9798be7ad24345,2017-09-10T01:13:38.000Z,0.00132,0x000636e406605d8a4e7ce06a38949ff03df0046a,buy,0x8ae4bf2c33a8e667de34b54938b0ccd03eb8cc06,0x114e8c669ccd016e17d58455be746eceee52111bd1c9e644f92d298f889c2aa4
356,2100,1.47,0x42cd573e485a8822dcd3ee8bd65d20c5b486057b,2017-09-09T18:20:39.000Z,0.0007,0x9a941cbe8f6580ebb8ec48da765b3ad49b1d5671,sell,0x8ae4bf2c33a8e667de34b54938b0ccd03eb8cc06,0x3ffef4b481c5d856601781ba7041c072baabf5b32d538904234e242175d73dc9
357,190.78759949,0.0476968998725,0xd038c7d97f4be623f5c035b4cc1f950567b2931e,2017-09-07T21:34:25.000Z,0.00025,0x327612e7cf129a9531348a26f2b2d0fba3d04faf,sell,0x8ae4bf2c33a8e667de34b54938b0ccd03eb8cc06,0x0f4f5ffb97dbeb8dba6e0c2283335173eaa0f2e6b7f9ab35823a2a578e0f5e9d
358,3.24653652,0.00081488066652,0x1fdf047bf7a114b37e7936d01e9cad754ad18803,2017-09-07T07:20:49.000Z,0.000251,0x6803403c9605d470494bb7bccac936b82ab9e823,sell,0x8ae4bf2c33a8e667de34b54938b0ccd03eb8cc06,0x07a1d1d8641b2dac7f8292b9e49f1f90a5614df8621de899c4fc050e955e589e
359,1250,1.375,0x35257e15e4e85882e6df33cedc7c1151f0a137ea,2017-09-06T08:03:51.000Z,0.0011,0x1fdf047bf7a114b37e7936d01e9cad754ad18803,buy,0x8ae4bf2c33a8e667de34b54938b0ccd03eb8cc06,0x4149eca2d3825cfd7fc0bebba1a76d097e3aaf04b4deaa670e90a98cd8ac4201
360,1255.25045295,0.21464782745445,0x1fdf047bf7a114b37e7936d01e9cad754ad18803,2017-09-05T14:41:01.000Z,0.000171,0x010f7ec243bb5e7ed2b54cce49ca147e540e56fc,sell,0x8ae4bf2c33a8e667de34b54938b0ccd03eb8cc06,0xa4445a2ebf70414896db7388a8077275d5620c94997627a06e4e2f83cf38abb5
361,5742.412,7.000000228,0x9a941cbe8f6580ebb8ec48da765b3ad49b1d5671,2017-09-05T06:10:51.000Z,0.001219,0x009b56330ae5ec5042b9ca46ddb3043cc0d006f3,buy,0x8ae4bf2c33a8e667de34b54938b0ccd03eb8cc06,0x36e428ffd0f8ab9657896ce43331260da295777c1308f17892432ee656336031
362,1185.852898,1.4111649486236209,0x9a941cbe8f6580ebb8ec48da765b3ad49b1d5671,2017-09-04T05:14:20.000Z,0.0011900000000030534,0x009b56330ae5ec5042b9ca46ddb3043cc0d006f3,buy,0x8ae4bf2c33a8e667de34b54938b0ccd03eb8cc06,0x31597fe3d98061a83e3fd077e26e92c1ea7d7b86358884622728b8e64438fd3e
363,199.38191606,0.25919649087827734,0x0e98e292e4080b395b6111afcd296deec0df0361,2017-09-03T22:27:16.000Z,0.001300000000001391,0x000636e406605d8a4e7ce06a38949ff03df0046a,buy,0x8ae4bf2c33a8e667de34b54938b0ccd03eb8cc06,0xc473badbfe3e2644d5d8095007c2268c923c80c1e6b9a6fb372add2e60cf4ec1
364,200,0.25,0x5915ae2ca15831871fdc91459fa79fb8421159ee,2017-09-03T00:48:30.000Z,0.00125,0x000636e406605d8a4e7ce06a38949ff03df0046a,buy,0x8ae4bf2c33a8e667de34b54938b0ccd03eb8cc06,0x16e4a6020e131fb38f512e94be6108e1539df09821ea1959f47b0158094785ce
365,84.034,0.10000046,0x71e225db0ff43fe2782f49de377acfbdab0a7933,2017-09-02T11:27:59.000Z,0.00119,0x009b56330ae5ec5042b9ca46ddb3043cc0d006f3,buy,0x8ae4bf2c33a8e667de34b54938b0ccd03eb8cc06,0x155d612d7fb9edd5a3b3db9f896de628dcaa144e824f0c0e1f5b91c6c3aee273
366,251.32544004,0.2990772736516798,0x5915ae2ca15831871fdc91459fa79fb8421159ee,2017-09-02T11:05:37.000Z,0.0011900000000162332,0x009b56330ae5ec5042b9ca46ddb3043cc0d006f3,buy,0x8ae4bf2c33a8e667de34b54938b0ccd03eb8cc06,0x690273704acfa1afd2eca862051d10836d270989ceb62e38777f0e8b965231ed
367,500,0.595,0x15f3719e4d502c8720e6e6ac3d01ccc888ee6f1e,2017-09-02T01:23:28.000Z,0.00119,0x009b56330ae5ec5042b9ca46ddb3043cc0d006f3,buy,0x8ae4bf2c33a8e667de34b54938b0ccd03eb8cc06,0x469f5521afb6e833614ce667a9af7f1aa08902382ae2b5543a2e8ab13019699b
368,200,0.24,0x327612e7cf129a9531348a26f2b2d0fba3d04faf,2017-09-01T21:22:06.000Z,0.0012,0x000636e406605d8a4e7ce06a38949ff03df0046a,buy,0x8ae4bf2c33a8e667de34b54938b0ccd03eb8cc06,0x5ab7e49375200d1f74b11777221c74c3f6c283d84de9635769f00156c61b133c
369,221.862,0.23961096,0x327612e7cf129a9531348a26f2b2d0fba3d04faf,2017-09-01T21:08:50.000Z,0.00108,0x1fdf047bf7a114b37e7936d01e9cad754ad18803,buy,0x8ae4bf2c33a8e667de34b54938b0ccd03eb8cc06,0x7a8f2ac899847e8166b11b0c0a835fcf7c0b735f94d428ea1e61d2e2e04da606
370,19.74654535,0.01974654535,0x327612e7cf129a9531348a26f2b2d0fba3d04faf,2017-09-01T20:29:16.000Z,0.001,0xca872b6ac295ed9f8fc664d674ca3b3428b6bf56,buy,0x8ae4bf2c33a8e667de34b54938b0ccd03eb8cc06,0xaa1ea863bffbfd71f2927c8e48ba2b49f5e724c105f68e112d4b984d136be75e
371,0.1,0.0001,0x244e9a7b7492a8432a35a2dcd4b5dd740fe4ad2a,2017-09-01T15:11:19.000Z,0.001,0xca872b6ac295ed9f8fc664d674ca3b3428b6bf56,buy,0x8ae4bf2c33a8e667de34b54938b0ccd03eb8cc06,0x2007feaf81edae2b87808e5f5f32c04541a9b152e3f98e67bce403040a811a5c
372,26,0.0208,0x105662547e77e5a98b86f65044a128688cf432e6,2017-09-01T01:07:01.000Z,0.0008,0xce253104c8f863ac56d95dd34555ac34b3fc6778,buy,0x8ae4bf2c33a8e667de34b54938b0ccd03eb8cc06,0x96357e861a390620b45d5d76e2466a5bee5b2d98a29bbf2de27a79975e6d30f4
373,48,0.03312,0x105662547e77e5a98b86f65044a128688cf432e6,2017-09-01T01:05:12.000Z,0.00069,0xb4e238204fea0d297d6e4557c673d68f21c6e7ee,buy,0x8ae4bf2c33a8e667de34b54938b0ccd03eb8cc06,0x9b7ca763559fdbbd64752a5d75c6a79402eca4ed769944b2b7c203d7974c8dd3
374,398.76383212,0.04785604625655332,0xb902ba6e3272e66c74035d7e30f4fa9279bd56f9,2017-08-31T21:47:26.000Z,0.000120011,0xf142f26d1cac4ba8a6e6d7974d243eda2fe5f4f9,sell,0x8ae4bf2c33a8e667de34b54938b0ccd03eb8cc06,0xb270d223133322e2b2b90236b8add605bdf0e91a53220b7b4119720c83049b33
375,200,0.22,0xf142f26d1cac4ba8a6e6d7974d243eda2fe5f4f9,2017-08-31T21:44:14.000Z,0.0011,0x000636e406605d8a4e7ce06a38949ff03df0046a,buy,0x8ae4bf2c33a8e667de34b54938b0ccd03eb8cc06,0xbe831fe10505f0108a088020385cb2e06735f2ecb295ee9f98c5e58c0e8a78de
376,200,0.216,0xf142f26d1cac4ba8a6e6d7974d243eda2fe5f4f9,2017-08-31T21:41:15.000Z,0.00108,0x000636e406605d8a4e7ce06a38949ff03df0046a,buy,0x8ae4bf2c33a8e667de34b54938b0ccd03eb8cc06,0x8c692780144c1240e1a759a698f9fbfe615e3936f7e26452c7e3cd1fea6f0594
377,1750,1.4,0xd038c7d97f4be623f5c035b4cc1f950567b2931e,2017-08-31T21:35:01.000Z,0.0008,0xce253104c8f863ac56d95dd34555ac34b3fc6778,buy,0x8ae4bf2c33a8e667de34b54938b0ccd03eb8cc06,0xff611d1a6f003084ad01564b998736db7adce8db7e9283b80e035204e92773f7
378,12000,9.6,0x669f0ab96fd3beb68bc836bb874894bbb516331a,2017-08-31T21:33:43.000Z,0.0008,0xce253104c8f863ac56d95dd34555ac34b3fc6778,buy,0x8ae4bf2c33a8e667de34b54938b0ccd03eb8cc06,0x933d4eb71166e26d2738690a7875f82216217661cf1b6d6a2b6644874f69ec79
379,1500,1.35,0x5f246470e3103948fa2b04d1c237b799c0d09fbe,2017-08-31T21:31:17.000Z,0.0009,0xd038c7d97f4be623f5c035b4cc1f950567b2931e,sell,0x8ae4bf2c33a8e667de34b54938b0ccd03eb8cc06,0xff0978f0ca535bbfb1eca8950bd70dd9a13838cc85bd10ab8d454dd78144fa3a
380,0.05,0.00005,0x98f0deb428b74fb5302d250af5d55e77c8519f2a,2017-08-30T13:54:15.000Z,0.001,0xca872b6ac295ed9f8fc664d674ca3b3428b6bf56,buy,0x8ae4bf2c33a8e667de34b54938b0ccd03eb8cc06,0x55cd9258a047c8e17607daccde9b92135db6143c24748e23f5255a321439b79f
381,0.03261008,0.0000286968704,0x00f8cf425cd0faf4ccf78bd66011426506983d85,2017-08-30T01:18:06.000Z,0.00088,0xcf009dba115991aade5225175f37cbe019b8456d,sell,0x8ae4bf2c33a8e667de34b54938b0ccd03eb8cc06,0xd9e081b6caa4f6f932f8e10d521d383fa3210b09772609c789e5ee6658dcbe66
