,amount,amountBase,buyer,date,price,seller,side,tokenAddr,txHash
0,300,0.204,0x5514f6b75e993b8a363ccfed615fc62264850a75,2017-11-02T14:03:12.000Z,0.00068,0xbfb8bd5172c0ec7a31b472c0cc1d42313d4afe9b,buy,0xd850942ef8811f2a866692a623011bde52a462c1,0xbf52fdd196484226fa4cfd552a93a1970aea525f9d3233ee876164b723cdcf05
1,1542.4840256089226,0.8977287878724441,0xa59fb839e80142c9d0515155702d35f9dce4439e,2017-11-02T13:13:40.000Z,0.000582002,0x4b0925f7776c00378f9556fcd4b3aaf3efe0013f,sell,0xd850942ef8811f2a866692a623011bde52a462c1,0x81da4f39d8e2d36c36d70e032c022540c62108f7d020ca9248acc1627716499b
2,170,0.09963785,0xd92ce5941305b7cf1e5cc5713b93db2b651a4fdf,2017-11-02T12:52:58.000Z,0.000586105,0xbfb8bd5172c0ec7a31b472c0cc1d42313d4afe9b,sell,0xd850942ef8811f2a866692a623011bde52a462c1,0x155bed97045ac2f681ddc14e73a4196487a034bc287990851e4b641b0e8d10cd
3,960.6625370295976,0.5619875841623146,0x23c07f4f81bb69d30073db1d6e0949e4e9c3bb0f,2017-11-02T12:47:03.000Z,0.000585,0x0248cf74ed50adcf0c050a7ca4136dcb90520f84,sell,0xd850942ef8811f2a866692a623011bde52a462c1,0xcb226e387128b3d0218d3111fbaa6906d290b0feca48697bd0635febf4a64f1b
4,943.242,0.63197214,0x0248cf74ed50adcf0c050a7ca4136dcb90520f84,2017-11-02T11:59:26.000Z,0.00067,0x6a912f36057ff7149c41c9140a30d5fe7cd1d7ff,buy,0xd850942ef8811f2a866692a623011bde52a462c1,0xd243eb8d650bed1c77800452d6fc53e9b69244e10823cf323de9b10cf09f3534
5,1614,1.08138,0xfca228fa85b495ccad06b2dbf8e274d1d5704e41,2017-11-02T11:16:15.000Z,0.00067,0x6a912f36057ff7149c41c9140a30d5fe7cd1d7ff,buy,0xd850942ef8811f2a866692a623011bde52a462c1,0xe852b1b66e63c09d5214d2f3682c470558236f3675e3fbd1e991ffec4eeaf804
6,40.628624056899135,0.02564113092854961,0x4be7bced82b314ad60dc69274a75757e7d5d93a3,2017-11-02T09:59:01.000Z,0.0006311099999999999,0x6c723da0e2243be0d60a23801c00039b98ce35d6,sell,0xd850942ef8811f2a866692a623011bde52a462c1,0xbe4495ca69099f6283f3faa408e04825c5a18f2d3d3e211221ed4b6084b2c350
7,1448.441,0.913966271,0x23c54718330e3d7e8d98895cd41886369b0b4c0d,2017-11-02T07:13:38.000Z,0.000631,0x6a912f36057ff7149c41c9140a30d5fe7cd1d7ff,sell,0xd850942ef8811f2a866692a623011bde52a462c1,0x8d3c709060964bf0132e98e35d2655f0d29afc2ef3f62851dbebb04a69a1c6ce
8,5000,3.475,0xec2ed738f663207fa0a70df59dafb9d8f20bffe8,2017-11-02T04:25:22.000Z,0.000695,0x6a912f36057ff7149c41c9140a30d5fe7cd1d7ff,buy,0xd850942ef8811f2a866692a623011bde52a462c1,0xe16361d94978220bd28ac17a2498c063c3a8300b56093f794ba9998601140c7d
9,10,0.0058,0x0c8a9ea8a3844253eceb6a0301d7901119a6da8d,2017-11-02T04:21:33.000Z,0.00058,0x6fcf7af8feb49f47da5b17847f61fa2d5e660dc0,buy,0xd850942ef8811f2a866692a623011bde52a462c1,0x4690663b6d9c3920ebe37790ca43e88168060ced94d943452b7cc421c6561172
10,9.970089730807578,0.006291126620139581,0x23c54718330e3d7e8d98895cd41886369b0b4c0d,2017-11-02T04:21:33.000Z,0.0006309999999999999,0x0c8a9ea8a3844253eceb6a0301d7901119a6da8d,sell,0xd850942ef8811f2a866692a623011bde52a462c1,0x4690663b6d9c3920ebe37790ca43e88168060ced94d943452b7cc421c6561172
11,10,0.0058,0x0248cf74ed50adcf0c050a7ca4136dcb90520f84,2017-11-02T03:03:40.000Z,0.00058,0x6fcf7af8feb49f47da5b17847f61fa2d5e660dc0,buy,0xd850942ef8811f2a866692a623011bde52a462c1,0xdf383149f33f9700266962305731cd5704e92ba71eeb0e85ba8c670dd598688e
12,10,0.0058,0x0248cf74ed50adcf0c050a7ca4136dcb90520f84,2017-11-02T03:00:47.000Z,0.00058,0x6fcf7af8feb49f47da5b17847f61fa2d5e660dc0,buy,0xd850942ef8811f2a866692a623011bde52a462c1,0x02f0630ab45f0b3f9265eb3667d0eb948b786b5d70f8ad17ddbe9d996b646e88
13,5000,3.475,0x3b7e651384e2eb31ed894a5843cb23215420b5b0,2017-11-02T02:56:42.000Z,0.000695,0x6a912f36057ff7149c41c9140a30d5fe7cd1d7ff,buy,0xd850942ef8811f2a866692a623011bde52a462c1,0x2652b7753329242d6b498fb9ae33f8fce865814b19621ce2b8edf2d760dcccd9
14,250,0.1625,0xa8bbd768ae1bae2e29e3cea581e4d21b30727e17,2017-11-02T01:40:45.000Z,0.00065,0x6c723da0e2243be0d60a23801c00039b98ce35d6,sell,0xd850942ef8811f2a866692a623011bde52a462c1,0x94b8f68affebefe104728381f13e1a6aabdbb56dd8d2696b1eb063034affc8dc
15,3985.9089438936676,2.2918976427388587,0x6a912f36057ff7149c41c9140a30d5fe7cd1d7ff,2017-11-02T00:39:45.000Z,0.000575,0x0248cf74ed50adcf0c050a7ca4136dcb90520f84,sell,0xd850942ef8811f2a866692a623011bde52a462c1,0xfd81a6346f4edc83f340fb8df94a70b5d3d45bdd70ba4344011aa79bba38ebea
16,494,0.344812,0xc432f55e9cd14fd870e46e3d2eee14090663b1e9,2017-11-01T20:43:56.000Z,0.000698,0xa7ec16e309939001355a1faaac55c13bc9056b8f,buy,0xd850942ef8811f2a866692a623011bde52a462c1,0x6f1f2b74dd830ad8c1ed8d773de15c2c94c3ecd7f749b641e7ef1f3d19ff3d0f
17,575,0.391,0xa095c135d7d5c0cb847fe7099e266d83239516be,2017-11-01T18:35:30.000Z,0.00068,0x09e396aca9535fffc68c72f880ab36e252b73a43,sell,0xd850942ef8811f2a866692a623011bde52a462c1,0xa85dc4d09fd7ed3e24e6af491f283a3e39272a0fab72111c43eaf5073a02f943
18,265.17794836008375,0.15115673412421493,0xf7c8850c080d7d86e12207128f54f48d6b4c26f0,2017-11-01T16:55:36.000Z,0.00057002,0x905464547593854dccf84a96e50d582f5bc1fd89,sell,0xd850942ef8811f2a866692a623011bde52a462c1,0x4d1201f7a4f6f74a0b10a71744daac145d174f253d499f497c7e756f55fb8aad
19,100,0.06998,0xaf18ae729a8e7483f36bd486d6a088fe7f013d63,2017-11-01T16:39:09.000Z,0.0006998,0xa7ec16e309939001355a1faaac55c13bc9056b8f,buy,0xd850942ef8811f2a866692a623011bde52a462c1,0x9158f8e6ff69f60c174d10c84035559ad656d2261d4149f22aefd796a613a782
20,1283.2294995029058,0.7186213520166223,0xf7c8850c080d7d86e12207128f54f48d6b4c26f0,2017-11-01T16:04:35.000Z,0.00056001,0x0a41fcd0bf2175f5459dc13627f92b1a467e4143,sell,0xd850942ef8811f2a866692a623011bde52a462c1,0xdccbb9f303cafddebfc0b308d845cbcdffb730e950755270e1981152b13b175c
21,200.74,0.1144218,0xa7ec16e309939001355a1faaac55c13bc9056b8f,2017-11-01T16:02:34.000Z,0.00057,0x0a41fcd0bf2175f5459dc13627f92b1a467e4143,sell,0xd850942ef8811f2a866692a623011bde52a462c1,0xe9578bff61e5b9cd37c9dfcad06fc2224081ecb4cd7eefc0f53302f7a498b748
22,15.829,0.009038359,0x1804111464a198d8b0450bdbf7cb9fd65a903baf,2017-11-01T15:59:26.000Z,0.000571,0x0a41fcd0bf2175f5459dc13627f92b1a467e4143,sell,0xd850942ef8811f2a866692a623011bde52a462c1,0x955956f26eb0f81224ac037908b94bff9384c77890dc401ebdeda74c901e938b
23,481.35081248130797,0.2791834712391586,0xa7ec16e309939001355a1faaac55c13bc9056b8f,2017-11-01T15:59:26.000Z,0.00058,0x0a41fcd0bf2175f5459dc13627f92b1a467e4143,sell,0xd850942ef8811f2a866692a623011bde52a462c1,0x941295496d9582cff9ad588eb4a511abeac18b1acde44d21311415f055ce2414
24,426,0.25986,0xb3c0ecb43538646cf98718d105f8fb80746a197e,2017-11-01T15:59:16.000Z,0.00061,0x0a41fcd0bf2175f5459dc13627f92b1a467e4143,sell,0xd850942ef8811f2a866692a623011bde52a462c1,0x7907955f6b23cb4eeeae8a241b51c787613301a31389f7f342ff327206b09def
25,157,0.1098686,0xe3ab90e2d47e7bbcdfde9c82510c7b78bfa12e98,2017-11-01T14:25:33.000Z,0.0006998,0xa7ec16e309939001355a1faaac55c13bc9056b8f,buy,0xd850942ef8811f2a866692a623011bde52a462c1,0xf8584b97e94ecb8ffc0d005e4e98da7ddbf297603a7e41a471b4e70bcf5a832a
26,2,0.00116,0x0f752ce5a7ea8bbe95531b25a37feee0489b1684,2017-11-01T14:09:33.000Z,0.00058,0x6fcf7af8feb49f47da5b17847f61fa2d5e660dc0,buy,0xd850942ef8811f2a866692a623011bde52a462c1,0xd0666fb374fb4b00c246eb58f0d539cc3e2046a13d7963df43cdb9b7adfc80d4
27,644.4023527066095,0.3737533645698335,0xa7ec16e309939001355a1faaac55c13bc9056b8f,2017-11-01T13:50:55.000Z,0.00058,0xf84bfa23c2ab766c47056011b26e2d12ade5c754,sell,0xd850942ef8811f2a866692a623011bde52a462c1,0x04f803159389118d002b05f00a38e59154031432c774e71e442659344d34bf4f
28,384.24683481208257,0.22286316419100788,0xa7ec16e309939001355a1faaac55c13bc9056b8f,2017-11-01T13:39:34.000Z,0.00058,0xaeb1aa0266af6e166b5a6eabb2c8278fd55a7eb5,sell,0xd850942ef8811f2a866692a623011bde52a462c1,0xb97919e85e13e1e975b8c967e869db64e09ca9da0dc81fd225f0a02841a66321
29,1000,0.57,0xcf07a57fd29eeb079cd71a0ab67f0cfadf3c308f,2017-11-01T13:30:26.000Z,0.00057,0xaeb1aa0266af6e166b5a6eabb2c8278fd55a7eb5,sell,0xd850942ef8811f2a866692a623011bde52a462c1,0x31f62a8f16bfc2ba710cd18451401cdf59bcfc34df26bce5771ea24c56d493d4
30,4500,2.479545,0x0ce4b16411b408bc9f06d456175db3cc79b25299,2017-11-01T13:18:18.000Z,0.00055101,0xaeb1aa0266af6e166b5a6eabb2c8278fd55a7eb5,sell,0xd850942ef8811f2a866692a623011bde52a462c1,0x7d9cccc99d1346790ffdb2523982a4b30226fb184b5783581d75b51494bda8ee
31,3300,1.8645,0x23c07f4f81bb69d30073db1d6e0949e4e9c3bb0f,2017-11-01T13:11:56.000Z,0.000565,0xaeb1aa0266af6e166b5a6eabb2c8278fd55a7eb5,sell,0xd850942ef8811f2a866692a623011bde52a462c1,0x568c80cbcd53919bc099a1b9661664227f0e90be1ee97897757187fbd6854993
32,95,0.06175,0x5edf0ab528eeaae340b3be58ee4da57f75108726,2017-11-01T12:56:52.000Z,0.00065,0x6c723da0e2243be0d60a23801c00039b98ce35d6,sell,0xd850942ef8811f2a866692a623011bde52a462c1,0x634cefad52599636057da41418daba339afc980aa2386e6484873c8b7e44a25c
33,941.5888543014285,0.5941425670642013,0x23c54718330e3d7e8d98895cd41886369b0b4c0d,2017-11-01T12:55:28.000Z,0.0006309999999999999,0x6c723da0e2243be0d60a23801c00039b98ce35d6,sell,0xd850942ef8811f2a866692a623011bde52a462c1,0x23448df929baebf6afc6f0c7df86c63da1a8e5e824c3ee5d883dcf2163037a64
34,1049.6318361539004,0.7032533302231132,0x21b1f5aa876e89aa30d45ddf4d5b9b0023fec388,2017-11-01T12:55:28.000Z,0.00067,0xa7ec16e309939001355a1faaac55c13bc9056b8f,sell,0xd850942ef8811f2a866692a623011bde52a462c1,0xb4664a3d567bd1e0de79c3301f481ab20ddea351d9f5a3aab3531fc2ae870476
35,0.36816384609962133,0.000246669776886746,0x21b1f5aa876e89aa30d45ddf4d5b9b0023fec388,2017-11-01T12:54:50.000Z,0.0006699999999999992,0x6c723da0e2243be0d60a23801c00039b98ce35d6,sell,0xd850942ef8811f2a866692a623011bde52a462c1,0x9c13e3e18a5cba410a3779b684d2b82ae7f9b48f438b4f7d1c1e21ac86fb17ac
36,253,0.1771,0x0b00cb7d7247b77f828360ac1af6826b01e667cb,2017-11-01T12:33:48.000Z,0.0007,0xa7ec16e309939001355a1faaac55c13bc9056b8f,buy,0xd850942ef8811f2a866692a623011bde52a462c1,0x58df6f150f381761392fb14cfd089efbad5d4d72b4d791b71c79b9520dda6b40
37,249.22739507526668,0.13707506729139668,0xa25f2d38cb91f53136c25e553641e341d1cbd07f,2017-11-01T12:30:58.000Z,0.00055,0x1a0c11d3d72c592619d4cc5c56a592cf1b3293df,sell,0xd850942ef8811f2a866692a623011bde52a462c1,0x7c470beaf3bd94c22644be8f3673ff61b4effa86b3f1570fc52ed1bdad3d4fb0
38,1000,0.7035,0xd9b3f168b951c93bf3c0f4c07ff6feff2ee5dec0,2017-11-01T11:54:56.000Z,0.0007035,0x23c54718330e3d7e8d98895cd41886369b0b4c0d,buy,0xd850942ef8811f2a866692a623011bde52a462c1,0x6a7048963f4d60793b876e490d46445e226c9aabcf33006192cc7a642a7df660
39,5715,4.0005,0xf76103d0aee7a5543b4638c7030b9d6ea8c1d657,2017-11-01T11:34:07.000Z,0.0007,0xa7ec16e309939001355a1faaac55c13bc9056b8f,buy,0xd850942ef8811f2a866692a623011bde52a462c1,0x2cf6b6e84e9de14890fc27ef7a7305a5f18cd038a43ce201041e8a75d8590394
40,200,0.14,0x50be0c6e4a79a2bfb576c8bb67c41071671fc782,2017-11-01T11:31:36.000Z,0.0007,0xa7ec16e309939001355a1faaac55c13bc9056b8f,buy,0xd850942ef8811f2a866692a623011bde52a462c1,0x1aa7d1e3fe66fd4472b7c87e804df1095b1ef108c83de2d0a3d770b3660d393a
41,4844.363,3.3910541,0xd9b3f168b951c93bf3c0f4c07ff6feff2ee5dec0,2017-11-01T11:10:29.000Z,0.0007,0xa7ec16e309939001355a1faaac55c13bc9056b8f,buy,0xd850942ef8811f2a866692a623011bde52a462c1,0xc641d6dceaf34d2653ceefee3b9549a132c9b2bae68da8c3f04897cedd6f1c41
42,274.1501345827933,0.1710970989931213,0xc6d63792fba47ed3dcab5ce7df14d6b5c1ed9f86,2017-11-01T10:15:34.000Z,0.0006240999999999999,0x5e6d7a8a18ecc01e856796f8b3fd384246e2d4d5,sell,0xd850942ef8811f2a866692a623011bde52a462c1,0x48412b79f044ae75d230459579383611cb81ffc952c1885edebad3a99b215c19
43,180,0.1134,0x0f752ce5a7ea8bbe95531b25a37feee0489b1684,2017-11-01T08:23:02.000Z,0.00063,0x83cfe8b3c96bd189667a1902eac997d7cb01076a,sell,0xd850942ef8811f2a866692a623011bde52a462c1,0x0c97e7270e98d9880d9cd6c19f00b1e824b0082d02d379901c4b626c0c5db073
44,140,0.0924,0x9916dbbd0a9cee5934c41cf398f38404564fed89,2017-11-01T08:22:49.000Z,0.00066,0x83cfe8b3c96bd189667a1902eac997d7cb01076a,sell,0xd850942ef8811f2a866692a623011bde52a462c1,0xd187f8d3e8460c260a80b8596ba274e766c45a6a5a07027b330ddbd9a632995f
45,605.7430099914072,0.3695638103957576,0x0ce4b16411b408bc9f06d456175db3cc79b25299,2017-11-01T08:07:49.000Z,0.0006101,0x3df86cefaecfaa31be2f74f8f832cb4ef62b79f8,sell,0xd850942ef8811f2a866692a623011bde52a462c1,0x5394b96f174f2b46d41023325eb146007ef2203f8bff42384ca8149352bf256f
46,1850,1.1322,0xf7c8850c080d7d86e12207128f54f48d6b4c26f0,2017-11-01T08:02:43.000Z,0.000612,0x3df86cefaecfaa31be2f74f8f832cb4ef62b79f8,sell,0xd850942ef8811f2a866692a623011bde52a462c1,0x807a132fd929563cec0b27159711d2dcb01d591ae832a8806743408f0a503e87
47,800,0.5048024,0x7e5efd1cafec78d575d8f41ac3a234814610a3a6,2017-11-01T08:02:24.000Z,0.000631003,0x3df86cefaecfaa31be2f74f8f832cb4ef62b79f8,sell,0xd850942ef8811f2a866692a623011bde52a462c1,0x4fb903a6820e4011d7f8c0a9f9dbf549c70105ebff6e57f8bba5bfa275f1541c
48,2000,1.32,0xece006374e7b500c822471422bf388c907bf622c,2017-11-01T08:00:58.000Z,0.00066,0x3df86cefaecfaa31be2f74f8f832cb4ef62b79f8,sell,0xd850942ef8811f2a866692a623011bde52a462c1,0xab49ec4c285c6a3588ab134ff145668976ad00b204195c11c5ad19c202b905d5
49,11701.187623806201,7.722783831712093,0x4b5c29e20be8ffe28dce28e41191d68d957fa501,2017-11-01T08:00:24.000Z,0.00066,0x3df86cefaecfaa31be2f74f8f832cb4ef62b79f8,sell,0xd850942ef8811f2a866692a623011bde52a462c1,0x7220327fe97251947620050cf868aa5c20dda9289999a3b78793574d04aa3d63
50,3451.812376193799,2.2781961682879075,0x4b5c29e20be8ffe28dce28e41191d68d957fa501,2017-11-01T07:59:55.000Z,0.00066,0x739c5f6d73d483705a08f9a52c7cd61c7933573e,sell,0xd850942ef8811f2a866692a623011bde52a462c1,0x105009d54d14dacd64132211593225aea339c2007899fc5acc4287f1cc19c3ba
51,10590.948,7.4136636,0x4b5c29e20be8ffe28dce28e41191d68d957fa501,2017-11-01T05:00:31.000Z,0.0007,0x6a912f36057ff7149c41c9140a30d5fe7cd1d7ff,sell,0xd850942ef8811f2a866692a623011bde52a462c1,0x562f0e190bf7b384002f87963a5babc7df35b150209c2a009af2bced36b45fb4
52,3693.051540225302,2.5851360781577113,0x4b5c29e20be8ffe28dce28e41191d68d957fa501,2017-11-01T04:35:07.000Z,0.0007,0x6c723da0e2243be0d60a23801c00039b98ce35d6,sell,0xd850942ef8811f2a866692a623011bde52a462c1,0xcf162e4632d84a28dd5f85c7b255a9c1a01556aafaa63a96eab041e580a15ade
53,615,0.4428,0xaca946b01013afa11364f64209a8bedda3459c29,2017-11-01T04:18:59.000Z,0.00072,0x9e35d546ef3630a33bd7bf00b6c1cee9d66c19bc,buy,0xd850942ef8811f2a866692a623011bde52a462c1,0x0d84adb3b2e7377d47d46eb3db5fe247ef4a87ae32e07e7717a0eee8dd6f36b3
54,547.15,0.393948,0xaca946b01013afa11364f64209a8bedda3459c29,2017-11-01T04:16:13.000Z,0.00072,0x49dc235474e153367b593cab41b56dff301fbea0,buy,0xd850942ef8811f2a866692a623011bde52a462c1,0xbf2296dc616a5efc8f280a5be6d88bb310c0942594ea90a895e9452963de1618
55,4166.66,2.9999952,0xa81d30697eaf18bc2d0b6a87ec5aa22e0506be42,2017-11-01T04:14:12.000Z,0.00072,0x09e396aca9535fffc68c72f880ab36e252b73a43,sell,0xd850942ef8811f2a866692a623011bde52a462c1,0xee43a1a9ccc54cf8383e69bc2e589636161e810f4bda02911f62226e06d85135
56,11914.79812580999,6.136121034792144,0xc0ad7700cefe80f198a696e1a78931550add582e,2017-11-01T00:47:58.000Z,0.0005149999999999999,0xb00548770ea87482f024cd4292a975fea72e8f01,sell,0xd850942ef8811f2a866692a623011bde52a462c1,0x048be208da9bd3c9e081c5d35f0fe0b86a617b0581564ae4e5424a4796c12c56
57,4000,2.6044,0x0ce4b16411b408bc9f06d456175db3cc79b25299,2017-11-01T00:45:47.000Z,0.0006511,0xb00548770ea87482f024cd4292a975fea72e8f01,sell,0xd850942ef8811f2a866692a623011bde52a462c1,0xf7072d578ca73decbc0578dfa9e909a76aa31bde7f9bda0df48b6e5cffa5a342
58,1001,0.651651,0xa3e5ef8df6c770c7731cd66c5a1da1bc990ae0df,2017-11-01T00:45:47.000Z,0.000651,0xb00548770ea87482f024cd4292a975fea72e8f01,sell,0xd850942ef8811f2a866692a623011bde52a462c1,0xf9af9046a192916b94b239df5ecfaca37dfed3850429aecc851028d6b970f4ad
59,2000,1.262004,0x3dee4a4e076e8d82859d241db0baf46f112cfa23,2017-11-01T00:45:47.000Z,0.000631002,0xb00548770ea87482f024cd4292a975fea72e8f01,sell,0xd850942ef8811f2a866692a623011bde52a462c1,0xd2a57ee107677ec2f59708fc3fcd8db1c447ffe451ae808c5aebec499659e387
60,160,0.11504,0xc754b1ba19a4d7d4a3ad78fb2edd17d188fff0e5,2017-10-31T21:54:07.000Z,0.000719,0x6a912f36057ff7149c41c9140a30d5fe7cd1d7ff,sell,0xd850942ef8811f2a866692a623011bde52a462c1,0x170d580bc73d4dfd9aa19b4e86214a7a9d85a56ec3f0f79cf063b5bfdf0469bc
61,695.1562981983247,0.4991222221063972,0x0a41fcd0bf2175f5459dc13627f92b1a467e4143,2017-10-31T20:58:05.000Z,0.000718,0x6a912f36057ff7149c41c9140a30d5fe7cd1d7ff,buy,0xd850942ef8811f2a866692a623011bde52a462c1,0xe143d9284e8d0b3ff03f0a3089bad1b7bbc03fc9f94f926e1145f09df622e2af
62,700,0.5005,0x8b7da2436d81b3fa21e7a7cc9acbeb64e372f5b8,2017-10-31T20:49:35.000Z,0.000715,0x0a41fcd0bf2175f5459dc13627f92b1a467e4143,sell,0xd850942ef8811f2a866692a623011bde52a462c1,0x253e9c950996c2173f10e26dab6760a2d8f4e7ed9cd3929e4e25c7b3deec80d5
63,3284.388,2.39760324,0x373176e6e692f81312e6ab4371403e087cca03a2,2017-10-31T18:01:23.000Z,0.00073,0x421b705ba5829f1852bfd7c2fdf5da4f3a46cf81,buy,0xd850942ef8811f2a866692a623011bde52a462c1,0xd955f30280fb7bbf4091ba5044e8bfe34f58272e8f239332b2755144e0211650
64,623.5417566654482,0.4489500647991227,0xebfbe456544ad234afcae0c62e602d5eb343dcc0,2017-10-31T18:00:05.000Z,0.00072,0x9e35d546ef3630a33bd7bf00b6c1cee9d66c19bc,buy,0xd850942ef8811f2a866692a623011bde52a462c1,0x13ba44045f0ba771d6941b1794dcdac507cc8e4735e51192589b1531cea9de4a
65,20.2627046,0.01418389322,0xeac68d3242198faccaa6a8f54059eff5685e8969,2017-10-31T14:59:29.000Z,0.0007,0x49d9649f2fb25d8269d7785d4140af210662efef,buy,0xd850942ef8811f2a866692a623011bde52a462c1,0x8f787132d1b7f8699058593ed19bea8b50f8e2fa98af445bc784c16eac6cdedb
66,420.9015321074089,0.28621304183303803,0xeac68d3242198faccaa6a8f54059eff5685e8969,2017-10-31T14:20:50.000Z,0.0006799999999999999,0x1d5321e125f6c7079a716705541c7b371ca79e69,sell,0xd850942ef8811f2a866692a623011bde52a462c1,0x0f9737aa307815786022e258d04a98143d19e12a59ee7e365933473dcffdf2c2
67,422.16423670373115,0.2849608597750185,0x1d5321e125f6c7079a716705541c7b371ca79e69,2017-10-31T14:20:50.000Z,0.000675,0xe19fb6529bcd2d42c0aa7e783105214d47f8ffc8,buy,0xd850942ef8811f2a866692a623011bde52a462c1,0x0f9737aa307815786022e258d04a98143d19e12a59ee7e365933473dcffdf2c2
68,2403.2070556255753,1.6822449389379028,0x4b0925f7776c00378f9556fcd4b3aaf3efe0013f,2017-10-31T14:13:03.000Z,0.0007,0x49d9649f2fb25d8269d7785d4140af210662efef,buy,0xd850942ef8811f2a866692a623011bde52a462c1,0x621718ee0afde2ee8596c0d47ab0a0227c0c27d027b007cc19eaa98ed2974309
69,534.0587037327143,0.3738410926129,0x00bd60856eed2a8f84626843c9bfe761190b3b92,2017-10-31T14:00:50.000Z,0.0007,0x49d9649f2fb25d8269d7785d4140af210662efef,buy,0xd850942ef8811f2a866692a623011bde52a462c1,0xf3060b5e8d0fb291a351f92671c7403796e609de3742a089a89a23d687a0f385
70,1827.8357632962689,1.2429283190414628,0xeac68d3242198faccaa6a8f54059eff5685e8969,2017-10-31T13:52:30.000Z,0.0006799999999999999,0xd4fbc28dc6e196a5e088e917aec77983145b0a84,sell,0xd850942ef8811f2a866692a623011bde52a462c1,0xa2e4adb5e901a3d7df40b97a171aeb4c33576bb2936ae01de1e1476054df8464
71,172,0.1204,0x6e6c15ca7d6b730420046d174297cc18feb59099,2017-10-31T13:51:00.000Z,0.0007,0xd4fbc28dc6e196a5e088e917aec77983145b0a84,sell,0xd850942ef8811f2a866692a623011bde52a462c1,0x98086f4447927c393dd0d8e48f5055a8a6faea210691a91354fa42d7cdb9fa02
72,2421.4427846717917,1.6950099492702542,0x0a41fcd0bf2175f5459dc13627f92b1a467e4143,2017-10-31T13:21:37.000Z,0.0007,0x49d9649f2fb25d8269d7785d4140af210662efef,buy,0xd850942ef8811f2a866692a623011bde52a462c1,0x5288599bd41ac125717b7ebb160269cb058b614288c18504aa9f9b27afb8c2f8
73,2120.0916077424245,1.4840641254196971,0x9e35d546ef3630a33bd7bf00b6c1cee9d66c19bc,2017-10-31T13:02:26.000Z,0.0007,0x49d9649f2fb25d8269d7785d4140af210662efef,buy,0xd850942ef8811f2a866692a623011bde52a462c1,0x938f9878aab23a87af29fdcf47998d91e12a8528834091c17074447763ef4f4e
74,1,0.0007,0x94b0bf6dd676f7b4884557735945b927535fd822,2017-10-31T12:06:11.000Z,0.0007,0x49d9649f2fb25d8269d7785d4140af210662efef,buy,0xd850942ef8811f2a866692a623011bde52a462c1,0x9c770bb2e145e75cb310017030d8fe17631dbfb509b5811173c49e7fc2a1cb15
75,0.3272346189956507,0.000225791887106999,0x6600b26e4b86a169d975a9e6659e797cececa637,2017-10-31T11:21:46.000Z,0.00069,0x23629de53757f3279ca1b32e63c399e9eb0246bc,buy,0xd850942ef8811f2a866692a623011bde52a462c1,0x248830f08e75891e9e7435531a9a581ca5022abab6330bfb01b5c64b0d70605c
76,4,0.0028,0x6600b26e4b86a169d975a9e6659e797cececa637,2017-10-31T10:55:41.000Z,0.0007,0x49d9649f2fb25d8269d7785d4140af210662efef,buy,0xd850942ef8811f2a866692a623011bde52a462c1,0x57cc36c93f3d2967cb1a9bceb1d0718a0efcd1ecc1cb9cc9fd80b2f6571f6226
77,498.4548851004209,0.3489184195702946,0x6600b26e4b86a169d975a9e6659e797cececa637,2017-10-31T10:50:39.000Z,0.0007,0x49d9649f2fb25d8269d7785d4140af210662efef,buy,0xd850942ef8811f2a866692a623011bde52a462c1,0x5d2af164e44438bd676123e2b75ddc7ca0595c8310f30f03586e68adad1b612e
78,19167.862,12.07575306,0x3df86cefaecfaa31be2f74f8f832cb4ef62b79f8,2017-10-31T10:15:16.000Z,0.00063,0xa5012e9a899020b4e8878d886ba2efe22494ee2b,buy,0xd850942ef8811f2a866692a623011bde52a462c1,0xe7f1428f7f502445be20ed15b685c08bbc4711161c2bac87499ef1deaa4700fb
79,1003.0090270812436,0.6318956870611835,0xd4fbc28dc6e196a5e088e917aec77983145b0a84,2017-10-31T10:14:16.000Z,0.00063,0xa5012e9a899020b4e8878d886ba2efe22494ee2b,buy,0xd850942ef8811f2a866692a623011bde52a462c1,0xce2e4e507397fc86d636ca1faeafe1d1ec0969b29f1e9a4294a5bd4b724c567a
80,1000,0.63,0x273a5d3e6721b9f5c1a6474f560c1334c63dda01,2017-10-31T10:13:31.000Z,0.00063,0xa5012e9a899020b4e8878d886ba2efe22494ee2b,buy,0xd850942ef8811f2a866692a623011bde52a462c1,0x7fce663105df299ec7f4218e81fddf4db5b9572b6dafffc7a45212d567eacf1d
81,399.4028046097538,0.25961182299634,0x23c07f4f81bb69d30073db1d6e0949e4e9c3bb0f,2017-10-31T10:13:31.000Z,0.00065,0x273a5d3e6721b9f5c1a6474f560c1334c63dda01,sell,0xd850942ef8811f2a866692a623011bde52a462c1,0xfb1481dc44922484eab81008b593e9f925d788d354912523e0b1e8b0049f6807
82,3354.8124117415036,2.1135318193971475,0xc9d56287b414e1aa0963016aa721b527f095fd9c,2017-10-31T10:13:31.000Z,0.00063,0xa5012e9a899020b4e8878d886ba2efe22494ee2b,buy,0xd850942ef8811f2a866692a623011bde52a462c1,0x93f4f75ba2e9c96f4143026f9abba0d2d11cc66a761fe8d4fc1eaeddd826ddcf
83,929.8339730092321,0.5953726929178114,0x318acb24cf301a1582e41275fca45567fc7bcdb1,2017-10-31T10:13:31.000Z,0.0006403,0x273a5d3e6721b9f5c1a6474f560c1334c63dda01,sell,0xd850942ef8811f2a866692a623011bde52a462c1,0x0d42729a9016e4d1a7f56242c4dfbb3bf4dfb3feef0567b0eb53d1fb659d78b6
84,932.6318686150773,0.5875580772274988,0x273a5d3e6721b9f5c1a6474f560c1334c63dda01,2017-10-31T10:13:31.000Z,0.00063,0xa5012e9a899020b4e8878d886ba2efe22494ee2b,buy,0xd850942ef8811f2a866692a623011bde52a462c1,0x0d42729a9016e4d1a7f56242c4dfbb3bf4dfb3feef0567b0eb53d1fb659d78b6
85,400.60461846514926,0.25238090963304405,0x273a5d3e6721b9f5c1a6474f560c1334c63dda01,2017-10-31T10:13:31.000Z,0.00063,0xa5012e9a899020b4e8878d886ba2efe22494ee2b,buy,0xd850942ef8811f2a866692a623011bde52a462c1,0xfb1481dc44922484eab81008b593e9f925d788d354912523e0b1e8b0049f6807
86,348.95,0.230307,0x9916dbbd0a9cee5934c41cf398f38404564fed89,2017-10-31T10:13:31.000Z,0.00066,0x273a5d3e6721b9f5c1a6474f560c1334c63dda01,sell,0xd850942ef8811f2a866692a623011bde52a462c1,0xc431e1b5f2c748f2821644f0c38f5a610ed900f445c015ce54ac97db1fa5abd8
87,1003.0090270812436,0.6318956870611835,0xd4fbc28dc6e196a5e088e917aec77983145b0a84,2017-10-31T10:13:31.000Z,0.00063,0xa5012e9a899020b4e8878d886ba2efe22494ee2b,buy,0xd850942ef8811f2a866692a623011bde52a462c1,0x7ccdd70cec2422f21db2e1978ad27cf9030c34337207428c78c11c044ec1e900
88,3344.778077508977,2.307930321261969,0xcec059742071b60375cc5f8c236768b25f85776d,2017-10-31T10:13:31.000Z,0.00069001,0xc9d56287b414e1aa0963016aa721b527f095fd9c,sell,0xd850942ef8811f2a866692a623011bde52a462c1,0x93f4f75ba2e9c96f4143026f9abba0d2d11cc66a761fe8d4fc1eaeddd826ddcf
89,350,0.2205,0x273a5d3e6721b9f5c1a6474f560c1334c63dda01,2017-10-31T10:13:31.000Z,0.00063,0xa5012e9a899020b4e8878d886ba2efe22494ee2b,buy,0xd850942ef8811f2a866692a623011bde52a462c1,0xc431e1b5f2c748f2821644f0c38f5a610ed900f445c015ce54ac97db1fa5abd8
90,997,0.639077,0x23629de53757f3279ca1b32e63c399e9eb0246bc,2017-10-31T10:13:31.000Z,0.000641,0x273a5d3e6721b9f5c1a6474f560c1334c63dda01,sell,0xd850942ef8811f2a866692a623011bde52a462c1,0x7fce663105df299ec7f4218e81fddf4db5b9572b6dafffc7a45212d567eacf1d
91,1.4285714285714286,0.001,0xd1f6f7607d6891e2dfda76380145f1f314e79db8,2017-10-31T07:01:14.000Z,0.0007,0xa5012e9a899020b4e8878d886ba2efe22494ee2b,buy,0xd850942ef8811f2a866692a623011bde52a462c1,0xdabff70916bdf3728d76877cb00f1960b977ae8c6cba06e4301b4f64b5d6719a
92,0.009907833087604739,0.000006440091506943,0x23c07f4f81bb69d30073db1d6e0949e4e9c3bb0f,2017-10-31T06:44:00.000Z,0.0006499999999999918,0x8a0efb8b949aa901ecb7204924fc9ab206798fd5,sell,0xd850942ef8811f2a866692a623011bde52a462c1,0x2d912db3d87a7d3df679e1d375c3a29b3016823d6e564a237c1a81397b3b89a2
93,99.38547370176313,0.06460055790614604,0x23c07f4f81bb69d30073db1d6e0949e4e9c3bb0f,2017-10-31T06:41:06.000Z,0.00065,0x8a0efb8b949aa901ecb7204924fc9ab206798fd5,sell,0xd850942ef8811f2a866692a623011bde52a462c1,0x4318fff1956705f37c4240cca9329d8673f5d614b1edb8be35bddb28d25c2fe2
94,294.2146346326388,0.19969318160811483,0xb2cd0402bc1c5e2d064c78538df5837b93d7cc99,2017-10-31T06:39:35.000Z,0.0006787329999999999,0x8a0efb8b949aa901ecb7204924fc9ab206798fd5,sell,0xd850942ef8811f2a866692a623011bde52a462c1,0x0e36985032ba8b2175aaca5544d86d8877fc44ddc0ceaef985b0231c827e1853
95,290.237,0.2020339757,0x23c54718330e3d7e8d98895cd41886369b0b4c0d,2017-10-31T06:35:36.000Z,0.0006961,0x8a0efb8b949aa901ecb7204924fc9ab206798fd5,sell,0xd850942ef8811f2a866692a623011bde52a462c1,0xd5386f2b45a9867de4392f00a6621b115e958f0bd4d8c294e91fe212b89d7a79
96,171.88186857955998,0.12031730800569197,0xf892344826cde7d60d62c836f0f993ce99653295,2017-10-31T06:35:15.000Z,0.0007,0x8a0efb8b949aa901ecb7204924fc9ab206798fd5,sell,0xd850942ef8811f2a866692a623011bde52a462c1,0x3c385dd81491e0dcf88d332ecbcb7b4686bad268ddf4d00d15bb7b3005c79184
97,0.6436468515691,0.00045055279609837,0xf892344826cde7d60d62c836f0f993ce99653295,2017-10-31T06:00:45.000Z,0.0007,0xe444a40689f51f63bcd29910622035707d533d29,sell,0xd850942ef8811f2a866692a623011bde52a462c1,0x7f3d6a12d04f9034c9da15874b98df082011addfc7cf475a7649cd7d57afd99d
98,2500,1.75,0xf892344826cde7d60d62c836f0f993ce99653295,2017-10-31T05:29:10.000Z,0.0007,0x49d9649f2fb25d8269d7785d4140af210662efef,buy,0xd850942ef8811f2a866692a623011bde52a462c1,0xa3409a7772346d2f208aa8b6ef4f6153d59bb11ba6b3e03a208be015e19bc245
99,589,0.4123,0xb2cd0402bc1c5e2d064c78538df5837b93d7cc99,2017-10-31T05:13:18.000Z,0.0007,0x49d9649f2fb25d8269d7785d4140af210662efef,buy,0xd850942ef8811f2a866692a623011bde52a462c1,0xbf6f788f2b34bafc905cf162d141bc36ebfe1f1b41067796d3ca0ef23c41327f
100,784.6605315625025,0.546202196020658,0x23c54718330e3d7e8d98895cd41886369b0b4c0d,2017-10-31T02:44:24.000Z,0.0006961,0xfbf7dc0756a9768d0c71aea5f8421f3b1eaee7d1,sell,0xd850942ef8811f2a866692a623011bde52a462c1,0x9d2ff18cda188d509eecfede2ca3410a7d208bc20252a4c09f613ab2e0f55a67
101,223.56175854849965,0.1556213401256106,0x23c54718330e3d7e8d98895cd41886369b0b4c0d,2017-10-31T02:43:29.000Z,0.0006961,0xb13d1f7bdbafed198db2919edde395d565d5ad93,sell,0xd850942ef8811f2a866692a623011bde52a462c1,0x93719a964f06861cf3ee0f30a518dddf1a7dc4d2595ef1d2d1e646914c0a1c41
102,1000,0.7,0xbb6c767c72fe1b661b9da7e1477d1bc76d430406,2017-10-31T01:40:27.000Z,0.0007,0x49d9649f2fb25d8269d7785d4140af210662efef,buy,0xd850942ef8811f2a866692a623011bde52a462c1,0x1497c9050fcc0274688528d4cc202a47ab64b1c0735bfdf8174d5d1e1dd25a29
103,1000,0.7,0xf142f26d1cac4ba8a6e6d7974d243eda2fe5f4f9,2017-10-31T01:19:00.000Z,0.0007,0x49d9649f2fb25d8269d7785d4140af210662efef,buy,0xd850942ef8811f2a866692a623011bde52a462c1,0xffde0b882deed167dc23336a629e83eebf4e39cdff07f13b9b2da0f6288e933a
104,150,0.105,0x9d695a8167ca4186df3477ebc962ca5dd91f59c5,2017-10-31T01:14:04.000Z,0.0007,0x49d9649f2fb25d8269d7785d4140af210662efef,buy,0xd850942ef8811f2a866692a623011bde52a462c1,0xb3384fab20bfebfb30bb2eec8aa1eff81bd5d5a3a9b64a88e88141f01a902d7b
105,100,0.07,0x9d695a8167ca4186df3477ebc962ca5dd91f59c5,2017-10-31T01:11:04.000Z,0.0007,0x49d9649f2fb25d8269d7785d4140af210662efef,buy,0xd850942ef8811f2a866692a623011bde52a462c1,0xb5b68891f3087cd8a29d380e74ccd6d01c83fa92f3adf3507e6426b8515f9dad
106,850,0.595,0xa4026f8084023963fc4ae130111e5117b37b445c,2017-10-30T23:41:02.000Z,0.0007,0x49d9649f2fb25d8269d7785d4140af210662efef,buy,0xd850942ef8811f2a866692a623011bde52a462c1,0xb6e55ea33b434686bc6929e8daca7440ce2acf90dcf3fc1d98f2ebb72792ec72
107,1.428,0.0009996,0xa7ec16e309939001355a1faaac55c13bc9056b8f,2017-10-30T23:39:06.000Z,0.0007,0x49d9649f2fb25d8269d7785d4140af210662efef,buy,0xd850942ef8811f2a866692a623011bde52a462c1,0x5f4c7428f46b7aedbae8e0ca185b40e75ae38d6e7558d145fbac1aae130da94e
108,16562.94059843058,11.594058418901406,0xa7ec16e309939001355a1faaac55c13bc9056b8f,2017-10-30T23:37:42.000Z,0.0007,0x49d9649f2fb25d8269d7785d4140af210662efef,buy,0xd850942ef8811f2a866692a623011bde52a462c1,0x9cf75deb0649fd6c64bcc25a642037a5172d9af4b15515aeaf12ee7ea453e24e
109,1371,0.9597,0xbfb8bd5172c0ec7a31b472c0cc1d42313d4afe9b,2017-10-30T23:30:29.000Z,0.0007,0x49d9649f2fb25d8269d7785d4140af210662efef,buy,0xd850942ef8811f2a866692a623011bde52a462c1,0x6bbf62a422866a37bcc74ef76b24d2238ad171456419d78ba31ee3f6bc83015e
110,1488.449433722207,1.0419146036055449,0xbfb8bd5172c0ec7a31b472c0cc1d42313d4afe9b,2017-10-30T23:15:35.000Z,0.0007,0x49d9649f2fb25d8269d7785d4140af210662efef,buy,0xd850942ef8811f2a866692a623011bde52a462c1,0xe1b33e73836570422b0174c5a76315b0ab582df363de41c39581c106aca6f689
111,3229.766,2.247952663426,0x6c723da0e2243be0d60a23801c00039b98ce35d6,2017-10-30T23:07:27.000Z,0.000696011,0xd4f756dadd2eb06bd14066a882f611636bf16129,buy,0xd850942ef8811f2a866692a623011bde52a462c1,0x4d026f94c22a55c1b10bdbcb59bb04a328211717a42d324a9f3fb9a38e1f1421
112,5650.859935584627,3.9556019549092394,0x6c723da0e2243be0d60a23801c00039b98ce35d6,2017-10-30T22:51:52.000Z,0.0007,0x49d9649f2fb25d8269d7785d4140af210662efef,buy,0xd850942ef8811f2a866692a623011bde52a462c1,0xacd3c31136335890aba8133676ba7283482a27572a7062402674c648ddc55835
113,60,0.042,0xf5050930cf7925b8c1835f5dc9afff1b1752c6eb,2017-10-30T22:35:47.000Z,0.0007,0x49d9649f2fb25d8269d7785d4140af210662efef,buy,0xd850942ef8811f2a866692a623011bde52a462c1,0xa9e3151ed8391bc2f4ed4634217e96eba505232a2b3d26691999d99baf2372af
114,42107.488500251784,29.475241950176247,0x6a912f36057ff7149c41c9140a30d5fe7cd1d7ff,2017-10-30T22:26:26.000Z,0.0007,0x49d9649f2fb25d8269d7785d4140af210662efef,buy,0xd850942ef8811f2a866692a623011bde52a462c1,0x65e335ac4df9496b8c8e3fb404c9833e04dbd3408ec0e0339166538bb8d02efd
115,2078.43297480106,1.4549030823607418,0xb464ad1875168fef6ec593a3a20ef66873e3e8c0,2017-10-30T22:26:08.000Z,0.0007,0x49d9649f2fb25d8269d7785d4140af210662efef,buy,0xd850942ef8811f2a866692a623011bde52a462c1,0xef6c5c02cdd064bb7dbb0c6439beae923f0ce869c5cc2a4ebe6fcdb8f4b54f28
116,4200,2.9358,0x6a912f36057ff7149c41c9140a30d5fe7cd1d7ff,2017-10-30T22:14:39.000Z,0.000699,0x23c54718330e3d7e8d98895cd41886369b0b4c0d,buy,0xd850942ef8811f2a866692a623011bde52a462c1,0xd87048c4a472745262f09244069b525140b4e1b14ea4e44219a92ac95d9ddcb5
117,128,0.0896,0xa2c830995b3511204ea91a2e872e43280a4f2117,2017-10-30T20:48:07.000Z,0.0007,0x49d9649f2fb25d8269d7785d4140af210662efef,buy,0xd850942ef8811f2a866692a623011bde52a462c1,0x8bc52b32f95e04e6939c59ba85cfd92f7b5dca6dc4c5747a43716d15fee6fd5f
118,30,0.0246,0xf379ef555f1e7e93ed3d14095189e463df451820,2017-10-30T20:08:36.000Z,0.00082,0xa702c091023a4cd50a32ba96833cdc8e005b0191,buy,0xd850942ef8811f2a866692a623011bde52a462c1,0x59de5fcbfff69f1e4ff37f813400a29806065961b6b5208cdabc5b53eef23178
119,0.001,0.0000007,0x0c4085d8e714ca77ac5f46cd2b80a92d238a7cd3,2017-10-30T20:00:51.000Z,0.0007,0x49d9649f2fb25d8269d7785d4140af210662efef,buy,0xd850942ef8811f2a866692a623011bde52a462c1,0x23aee2e21f01bdb54b580d702c7577fd1428d24acd788a2024cf49566f107471
120,262.7853653673612,0.17836109939188516,0xb2cd0402bc1c5e2d064c78538df5837b93d7cc99,2017-10-30T19:30:44.000Z,0.0006787329999999999,0xd9e3e788ff8643596251ed385c705b6d60bb7bdc,sell,0xd850942ef8811f2a866692a623011bde52a462c1,0x1f394c326692ec50d3f98e8190d8a46534f95acf0ca682cb35716c99d70ce075
121,50,0.035,0x0cc8697f4fdb1a46a7ea00b48a4c279c55a1d83c,2017-10-30T18:20:06.000Z,0.0007,0x49d9649f2fb25d8269d7785d4140af210662efef,buy,0xd850942ef8811f2a866692a623011bde52a462c1,0xe7e703c9be51de3dc74da74e3f0b08ac7d3ab9997ffcccffd501f7710d05f71f
122,950,0.64619,0x58a789325c3acae0ab79fc1c90fd9368937d9634,2017-10-30T17:40:18.000Z,0.0006802,0x49dc235474e153367b593cab41b56dff301fbea0,sell,0xd850942ef8811f2a866692a623011bde52a462c1,0x023c21f558e0cffe54431e0044541e92e39751f57d0350a72d3646adc1abb0fa
123,2848.3130865744974,1.9938191606021483,0xb464ad1875168fef6ec593a3a20ef66873e3e8c0,2017-10-30T17:37:33.000Z,0.0007,0x49d9649f2fb25d8269d7785d4140af210662efef,buy,0xd850942ef8811f2a866692a623011bde52a462c1,0x4b78f6458902cb5c41c3372fd12f45af03d0f22d7cd8ee9168ff86b2ee7c6d22
124,2848.3130865744974,1.9938191606021483,0xb464ad1875168fef6ec593a3a20ef66873e3e8c0,2017-10-30T17:37:30.000Z,0.0007,0x49d9649f2fb25d8269d7785d4140af210662efef,buy,0xd850942ef8811f2a866692a623011bde52a462c1,0x4b78f6458902cb5c41c3372fd12f45af03d0f22d7cd8ee9168ff86b2ee7c6d22
125,10,0.007,0xc73604d0514ac01e63513d07601e7e98f2f117b4,2017-10-30T17:14:13.000Z,0.0007,0x49d9649f2fb25d8269d7785d4140af210662efef,buy,0xd850942ef8811f2a866692a623011bde52a462c1,0x3c42d07c9ffa1a9da1ce347636ee91212195d21d5ebc2eeb1fbe3971bad09787
126,629.441,0.426760998,0x22cf4ad9fa9fc9a590b1455d7d757957bf8a268b,2017-10-30T15:42:28.000Z,0.000678,0xdd83ff08c73b5250134d1582b74e6d1390aa502d,sell,0xd850942ef8811f2a866692a623011bde52a462c1,0x1067b6055ea6af5ae69bba1568b3140349c60ce0fd76de81fbbe94764c5c4928
127,825.1281028810687,0.5594368537533646,0x22cf4ad9fa9fc9a590b1455d7d757957bf8a268b,2017-10-30T15:29:35.000Z,0.000678,0xba9a92202784a9efc2213eb6accaa0ea7d0e0eda,sell,0xd850942ef8811f2a866692a623011bde52a462c1,0xfc4e1c3f5a608b3326889f6361bb39a7fdf742272ae9c5d1a5f04a795f77383f
128,1229.4410611916026,0.8962625336086782,0xdd83ff08c73b5250134d1582b74e6d1390aa502d,2017-10-30T15:18:45.000Z,0.000729,0xfbf7dc0756a9768d0c71aea5f8421f3b1eaee7d1,buy,0xd850942ef8811f2a866692a623011bde52a462c1,0x1754e448c979d01fa929584435b1c0a6fb2b1a19f7f9e29fd129b50d857d173e
129,780,0.52806,0xc9d56287b414e1aa0963016aa721b527f095fd9c,2017-10-30T15:13:06.000Z,0.000677,0xee300431c25447134633cc5d94b93555b92f7952,buy,0xd850942ef8811f2a866692a623011bde52a462c1,0xdd538adb95a4738cfd3a7d525376b6acd9af4321a1b9021e6e9cb49fb496f7ee
130,777.666999002991,0.5365980059820539,0xcec059742071b60375cc5f8c236768b25f85776d,2017-10-30T15:13:06.000Z,0.00069001,0xc9d56287b414e1aa0963016aa721b527f095fd9c,sell,0xd850942ef8811f2a866692a623011bde52a462c1,0xdd538adb95a4738cfd3a7d525376b6acd9af4321a1b9021e6e9cb49fb496f7ee
131,838.899,0.58304319399,0x318acb24cf301a1582e41275fca45567fc7bcdb1,2017-10-30T14:35:56.000Z,0.00069501,0x8a0efb8b949aa901ecb7204924fc9ab206798fd5,sell,0xd850942ef8811f2a866692a623011bde52a462c1,0xf2b97d33495d87ad2f817d850d3b6241151327c5aa94003fdacbe9f3f4510d25
132,124.09472479325859,0.08637116940335592,0x318acb24cf301a1582e41275fca45567fc7bcdb1,2017-10-30T14:33:58.000Z,0.0006960099999999999,0x8a0efb8b949aa901ecb7204924fc9ab206798fd5,sell,0xd850942ef8811f2a866692a623011bde52a462c1,0xfa6f29c6bac48cbab5c8dfacb097f6023af34b985a07a3230447b8a6dba8e357
133,2000,1.392026,0x27f15a99a7b741d354ed84b82550ed9e7521311f,2017-10-30T14:33:22.000Z,0.000696013,0x8a0efb8b949aa901ecb7204924fc9ab206798fd5,sell,0xd850942ef8811f2a866692a623011bde52a462c1,0x57f1730043fb65e7694569e744e70fe9bd81a80db54b4add5d954b5f44f3c95c
134,1166.3218746302937,0.8117751869270546,0x318acb24cf301a1582e41275fca45567fc7bcdb1,2017-10-30T14:31:43.000Z,0.000696013,0x8a0efb8b949aa901ecb7204924fc9ab206798fd5,sell,0xd850942ef8811f2a866692a623011bde52a462c1,0x0177a79ad85e36bbf6b8b078417f3f680c89c1cad84bdc913c18dc368b7d4008
135,98.884916336829,0.06882518727434536,0x318acb24cf301a1582e41275fca45567fc7bcdb1,2017-10-30T14:16:39.000Z,0.000696013,0x44d6f542edee15dc0f44edd635291f08312c8320,sell,0xd850942ef8811f2a866692a623011bde52a462c1,0x55cb95d11629bff02c1e7ea8dfd8218ec3fdbe346d2b03ec844cdde982712efc
136,591.2668478788902,0.41152941259272996,0x318acb24cf301a1582e41275fca45567fc7bcdb1,2017-10-30T14:14:24.000Z,0.000696013,0x44d6f542edee15dc0f44edd635291f08312c8320,sell,0xd850942ef8811f2a866692a623011bde52a462c1,0x3460331ba34b4f18b07d1eb5a621a8e60b2df86d04622bee114368d52eb63b9a
137,850.309,0.5919000949,0x83cfe8b3c96bd189667a1902eac997d7cb01076a,2017-10-30T14:13:10.000Z,0.0006961,0x44d6f542edee15dc0f44edd635291f08312c8320,sell,0xd850942ef8811f2a866692a623011bde52a462c1,0xe3671fdc66c32cca4c85177ef784c060cce95b161dc0696fc396bac24042a915
138,17.655,0.012623325,0x26f7b9867a3f9121e0ac67ed07937db91f784c68,2017-10-30T14:13:07.000Z,0.000715,0x44d6f542edee15dc0f44edd635291f08312c8320,sell,0xd850942ef8811f2a866692a623011bde52a462c1,0xf2c61a897be1b36a1d4453e35069463c71b26069a8cc1ab13e0ec6e18a3edab2
139,99.69095803010667,0.06939487588475725,0x83cfe8b3c96bd189667a1902eac997d7cb01076a,2017-10-30T10:09:10.000Z,0.0006961,0x88978ae8618b15bdaf1c4267e9a990203237b282,sell,0xd850942ef8811f2a866692a623011bde52a462c1,0x72f0e6920f67dd87fcc17548b0779f3e8fa4074c5883593a6e22f89c8df540df
140,1582.3447107176785,1.1313764681631402,0x26f7b9867a3f9121e0ac67ed07937db91f784c68,2017-10-30T07:06:39.000Z,0.000715,0x9778550d76b07ac9f5e57392f68ecdf6efc1774e,sell,0xd850942ef8811f2a866692a623011bde52a462c1,0xbf295c1a2bfa60b14cab53c9f7f8cf0ab0ceec24965058397c2016c7dd91123f
141,0.5086780474901,0.000354046533867726,0x318acb24cf301a1582e41275fca45567fc7bcdb1,2017-10-30T03:10:17.000Z,0.000696012999999998,0x379374d13077e8867ef31803c37baf9785a17c00,sell,0xd850942ef8811f2a866692a623011bde52a462c1,0xca2c750aaf617c4f0530c445985c67e7e4a754b84cbc381fc2cdc16ac1fa4078
142,0.57299366269,0.000398811038149854,0x318acb24cf301a1582e41275fca45567fc7bcdb1,2017-10-30T03:10:17.000Z,0.0006960129999999983,0x16e5d97bbc92417e051e3b2cabfbf8ceea2acb9c,sell,0xd850942ef8811f2a866692a623011bde52a462c1,0xc97a899879214d24e35d14881ba4d580f54960a1cf325cf4e5f281d48c0a3f37
143,4161.100636050048,2.892006553061144,0x318acb24cf301a1582e41275fca45567fc7bcdb1,2017-10-30T01:36:25.000Z,0.00069501,0x8abd2110ea52d1b228a7458738774bc98dee06d2,sell,0xd850942ef8811f2a866692a623011bde52a462c1,0x1fdacae8e7d5ee713aebb1388833e859123eef0576496a7bceaf7fd40902f851
144,2339.7932090328773,1.6285264907986001,0x318acb24cf301a1582e41275fca45567fc7bcdb1,2017-10-30T00:50:09.000Z,0.000696013,0x9778550d76b07ac9f5e57392f68ecdf6efc1774e,sell,0xd850942ef8811f2a866692a623011bde52a462c1,0xd53897daf8e4456ea9063851c14c0642141f97c05dfa86f6b7ecaeb9101ec257
145,3465.679808792375,2.412147803717581,0x318acb24cf301a1582e41275fca45567fc7bcdb1,2017-10-30T00:46:02.000Z,0.0006960099999999999,0x9778550d76b07ac9f5e57392f68ecdf6efc1774e,sell,0xd850942ef8811f2a866692a623011bde52a462c1,0x4b59fef16116101e47760c66981b5d212a323c2cbac914082a3847ab218b7e22
146,2850,2.109,0x3178fa51b660a9ae24c72ee7b6d311ebaf2cd6f2,2017-10-29T21:53:39.000Z,0.00074,0xa7ec16e309939001355a1faaac55c13bc9056b8f,buy,0xd850942ef8811f2a866692a623011bde52a462c1,0x31028b0aecf7a2eee6077f1e8f3465352d2b1a9aba1a562dc5c6debc55ca993a
147,294.1178591070029,0.20000014419276196,0x4115a16c445b1b6af4481338370370dfb6b1bfa3,2017-10-29T21:41:07.000Z,0.0006799999999999999,0xa7ec16e309939001355a1faaac55c13bc9056b8f,sell,0xd850942ef8811f2a866692a623011bde52a462c1,0xec4300a34132862115a248f23ba70bc80b1e6a8c4b89cb1c910863b22e35e1ad
148,701.5404604869063,0.4883423145449355,0x23c54718330e3d7e8d98895cd41886369b0b4c0d,2017-10-29T21:39:55.000Z,0.0006961,0xa7ec16e309939001355a1faaac55c13bc9056b8f,sell,0xd850942ef8811f2a866692a623011bde52a462c1,0x3f28982dd607689b6dd49cf93a0b9843dc5a9b75554f8908f2e7a50e0fb3606e
149,37.085,0.02595987085,0x23c54718330e3d7e8d98895cd41886369b0b4c0d,2017-10-29T21:38:02.000Z,0.00070001,0xa7ec16e309939001355a1faaac55c13bc9056b8f,sell,0xd850942ef8811f2a866692a623011bde52a462c1,0x4213eae29c7304a55d1ad4e4b2fe3540d230c7c8f73d2c3daa925414bbda7e5a
150,363.2238662295121,0.25285030355061777,0xf00babe0923eb7803ed5cb1aea0a04907198afd7,2017-10-29T21:36:26.000Z,0.000696128,0xa7ec16e309939001355a1faaac55c13bc9056b8f,sell,0xd850942ef8811f2a866692a623011bde52a462c1,0x13cc42057fb0d52f95210af0b06141bd63358d74df0dd110241226b2160747e9
151,10000,6.8,0x4115a16c445b1b6af4481338370370dfb6b1bfa3,2017-10-29T21:34:57.000Z,0.00068,0xa7ec16e309939001355a1faaac55c13bc9056b8f,sell,0xd850942ef8811f2a866692a623011bde52a462c1,0x5a42059cd62c6d76ed7a650d2049e57724cdb4dc90d149e35ef9df54cfbde23f
152,2125.664,1.460354550304,0xb2cd0402bc1c5e2d064c78538df5837b93d7cc99,2017-10-29T21:32:51.000Z,0.000687011,0xa7ec16e309939001355a1faaac55c13bc9056b8f,sell,0xd850942ef8811f2a866692a623011bde52a462c1,0xab711f99a1fb1398e6b982a2ac8db4442d6b915a77398d4c426ac282f50c1dcb
153,1410.2254664143666,0.9815310268790632,0x318acb24cf301a1582e41275fca45567fc7bcdb1,2017-10-29T21:31:27.000Z,0.0006960099999999999,0xa7ec16e309939001355a1faaac55c13bc9056b8f,sell,0xd850942ef8811f2a866692a623011bde52a462c1,0x2d49957128f4062d1ca1a0aa25d112ff07c6ae29a237d7a31688c61bb9ac8412
154,2000,1.392,0xfbf7dc0756a9768d0c71aea5f8421f3b1eaee7d1,2017-10-29T21:26:56.000Z,0.000696,0xa7ec16e309939001355a1faaac55c13bc9056b8f,sell,0xd850942ef8811f2a866692a623011bde52a462c1,0xf8e6e3ca908e40b4d06c031f1f2a8f8442ebca6c5bb353b97e4b2d8d2b616cb8
155,3005,2.09151606,0x318acb24cf301a1582e41275fca45567fc7bcdb1,2017-10-29T21:25:09.000Z,0.000696012,0xa7ec16e309939001355a1faaac55c13bc9056b8f,sell,0xd850942ef8811f2a866692a623011bde52a462c1,0x0b7ad90310121fa8b7d144711a15a6676bda930095515354f938671ff8e9faf1
156,1500,1.0443,0x49dc235474e153367b593cab41b56dff301fbea0,2017-10-29T21:24:30.000Z,0.0006962,0xa7ec16e309939001355a1faaac55c13bc9056b8f,sell,0xd850942ef8811f2a866692a623011bde52a462c1,0x5ba6733f70cc7802dad7dba16e8b92c9713a6ee5c94ced434d18337470a40231
157,11441.378,7.96577339805,0xf00babe0923eb7803ed5cb1aea0a04907198afd7,2017-10-29T21:23:42.000Z,0.000696225,0xa7ec16e309939001355a1faaac55c13bc9056b8f,sell,0xd850942ef8811f2a866692a623011bde52a462c1,0x766dce09fa4abe70faa97df9547fb373fe875d9b9a6cc956948acdc2b11b3f8e
158,1962.9149636128004,1.3740601036785964,0x23c54718330e3d7e8d98895cd41886369b0b4c0d,2017-10-29T21:21:36.000Z,0.00070001,0xbc06520c969a5b52ca0a3de15e014a8f5fc6ab15,sell,0xd850942ef8811f2a866692a623011bde52a462c1,0xec160f078c32a726c157ff33c8fb362146c05c2a927461dc5cb142c308bd5073
159,2558.621960786083,1.7813765746482908,0xf00babe0923eb7803ed5cb1aea0a04907198afd7,2017-10-29T20:58:44.000Z,0.000696225,0x669f0ab96fd3beb68bc836bb874894bbb516331a,sell,0xd850942ef8811f2a866692a623011bde52a462c1,0x2c24c3f698bcc67b6fc50db8e168a79cdcf627d9339551279da91822a43065c1
160,3015.6514804109297,2.0989326338352523,0x318acb24cf301a1582e41275fca45567fc7bcdb1,2017-10-29T20:03:33.000Z,0.000696013,0x3795f9907f35dd3df303ccee7078bc5f420d8ae1,sell,0xd850942ef8811f2a866692a623011bde52a462c1,0xfdd91dbadcd8cbeba4891252734d2374f48459e628ea419a0cb0186e9e702d3b
161,0.08387046516083264,0.000058290057157243,0xa6bae6a84f7131f65891cee52ab215a277e5d482,2017-10-29T17:59:34.000Z,0.0006950009999999899,0xf142f26d1cac4ba8a6e6d7974d243eda2fe5f4f9,sell,0xd850942ef8811f2a866692a623011bde52a462c1,0x3b0659ddb82b21fec7f6c4df1a62f2eac079727c98f198b8757da2b9e2dbaee0
162,841.3046360283122,0.5847075633443131,0xa6bae6a84f7131f65891cee52ab215a277e5d482,2017-10-29T17:58:36.000Z,0.000695001,0xf142f26d1cac4ba8a6e6d7974d243eda2fe5f4f9,sell,0xd850942ef8811f2a866692a623011bde52a462c1,0x239e2da5625715af8643fabc8a53ba834f419c6ab1c75a851e1b77000cd112df
163,42,0.032508,0xd3979c47c788f28bbc1badbbb787b89f636cf28d,2017-10-29T14:55:27.000Z,0.000774,0xfbf7dc0756a9768d0c71aea5f8421f3b1eaee7d1,buy,0xd850942ef8811f2a866692a623011bde52a462c1,0xac3aa084ae84dd7a888e6d60dd6569ea3cffc37c3ad801a63b7bd9c543a225d7
164,0.0010431323739031,0.000000807384457401,0x6556a06227ce9ad224c9bb28489fceb07b698b11,2017-10-29T14:22:48.000Z,0.0007740000000000006,0xfbf7dc0756a9768d0c71aea5f8421f3b1eaee7d1,buy,0xd850942ef8811f2a866692a623011bde52a462c1,0x905e26e089e885dd9ae955ad4c69636a4ec9a5aae14ab54ff8f6a651730b2b3f
165,10.463660842602401,0.00809887349217426,0x6556a06227ce9ad224c9bb28489fceb07b698b11,2017-10-29T14:20:16.000Z,0.000774,0xfbf7dc0756a9768d0c71aea5f8421f3b1eaee7d1,buy,0xd850942ef8811f2a866692a623011bde52a462c1,0xe51d05a14136f98f3817d9c488c4d9da6a16c25178e23929472b68ab3059e597
166,0.000001974077766699,0.0069092721834465,0x8a7bf497e153df124d91e52bb8081635a9301e72,2017-10-29T13:21:18.000Z,3500,0x1d5321e125f6c7079a716705541c7b371ca79e69,sell,0xd850942ef8811f2a866692a623011bde52a462c1,0xf2873912289d4f8c11e321ff8c884fb4a037d46c49d9967f4c5713cd8bc74073
167,0.00000198,0.00000000153252,0x1d5321e125f6c7079a716705541c7b371ca79e69,2017-10-29T13:21:18.000Z,0.000774,0xfbf7dc0756a9768d0c71aea5f8421f3b1eaee7d1,buy,0xd850942ef8811f2a866692a623011bde52a462c1,0xf2873912289d4f8c11e321ff8c884fb4a037d46c49d9967f4c5713cd8bc74073
168,0.00066,0.00000051084,0x273a5d3e6721b9f5c1a6474f560c1334c63dda01,2017-10-29T13:20:59.000Z,0.000774,0xfbf7dc0756a9768d0c71aea5f8421f3b1eaee7d1,buy,0xd850942ef8811f2a866692a623011bde52a462c1,0xc61e0f8fcf61ad1e1f168a07caee6cfac1ccbc777d20d9beac0f17313aa682f6
169,0.00065802,2.30307,0x8a7bf497e153df124d91e52bb8081635a9301e72,2017-10-29T13:20:59.000Z,3500,0x273a5d3e6721b9f5c1a6474f560c1334c63dda01,sell,0xd850942ef8811f2a866692a623011bde52a462c1,0xc61e0f8fcf61ad1e1f168a07caee6cfac1ccbc777d20d9beac0f17313aa682f6
170,30,0.02127,0xa702c091023a4cd50a32ba96833cdc8e005b0191,2017-10-29T12:04:52.000Z,0.000709,0xfbf7dc0756a9768d0c71aea5f8421f3b1eaee7d1,buy,0xd850942ef8811f2a866692a623011bde52a462c1,0x676bc0eff1bccbcd8646514c65aa86d1805bc7ced3dc0d48a6cbb3e718b2b1ea
171,3025,1.999525,0x3795f9907f35dd3df303ccee7078bc5f420d8ae1,2017-10-29T09:53:23.000Z,0.000661,0x2995d2c83b10272bb1a85e56d13d33466e0d7146,sell,0xd850942ef8811f2a866692a623011bde52a462c1,0xe0c5476a3e4f33e6f9a25edf1b848ee92041b9859858b2d78150ba9491817bfd
172,5766,3.840156,0x89e6268db04ad02c3ea19a38edb0e82d2b87f1f5,2017-10-29T09:52:45.000Z,0.000666,0x2995d2c83b10272bb1a85e56d13d33466e0d7146,sell,0xd850942ef8811f2a866692a623011bde52a462c1,0x34f528654aa2f7f0835db292501fd7eff105bd7d87c38d7284b05f6a5806563f
173,375,0.26625,0x6085258c3ef0581a96c157217cddaef84bc8be93,2017-10-29T08:20:54.000Z,0.00071,0xbfb8bd5172c0ec7a31b472c0cc1d42313d4afe9b,buy,0xd850942ef8811f2a866692a623011bde52a462c1,0x4cbd5dcd6157e600907a9c02eea7c2cb4fcb986f4e92186d768eea65084c4e41
174,4234.161996312503,2.794546917566252,0x89e6268db04ad02c3ea19a38edb0e82d2b87f1f5,2017-10-29T08:15:14.000Z,0.00066,0x9778550d76b07ac9f5e57392f68ecdf6efc1774e,sell,0xd850942ef8811f2a866692a623011bde52a462c1,0xadd957ef4585f5129c635e91cab98b9c82c68192a2bca738b32a450030e73f9f
175,800,0.54,0x0f752ce5a7ea8bbe95531b25a37feee0489b1684,2017-10-29T04:48:16.000Z,0.000675,0xbfb8bd5172c0ec7a31b472c0cc1d42313d4afe9b,sell,0xd850942ef8811f2a866692a623011bde52a462c1,0xd13a596a57fda8a2a620c951517c3151c26539ea0742de137240965444956973
176,1379.9944960622072,0.9107963674010567,0x0549af7c7201e1d98604deb3ac14aea189602f23,2017-10-29T00:10:11.000Z,0.00066,0x6c723da0e2243be0d60a23801c00039b98ce35d6,sell,0xd850942ef8811f2a866692a623011bde52a462c1,0x48607f127e5cf948daca559432db90482b9cb845107df01c2528a41fdfe5dae1
177,835.507,0.5516017214,0x0cc753ad2c7c30d8c9a36702f00ffa03696e081f,2017-10-29T00:08:42.000Z,0.0006602,0x6c723da0e2243be0d60a23801c00039b98ce35d6,sell,0xd850942ef8811f2a866692a623011bde52a462c1,0xb48b60ae9f90ce44f2a5c4f18a78173ad32af77daa4828427ae552b39e2819f1
178,1000,0.66121,0xa44845e5488fc4684b9b678f3121d0ccd517d969,2017-10-29T00:08:10.000Z,0.00066121,0x6c723da0e2243be0d60a23801c00039b98ce35d6,sell,0xd850942ef8811f2a866692a623011bde52a462c1,0x68ac8972a1e23e08c2fe75b9ddefa34aaae4f809a0bb8323299e21abc0e18340
179,650,0.45565,0x2c34973c4c46f13534c81a893645f347b65c89d6,2017-10-29T00:07:32.000Z,0.000701,0x6c723da0e2243be0d60a23801c00039b98ce35d6,sell,0xd850942ef8811f2a866692a623011bde52a462c1,0x5fa526ece5a12c2a9d836c6c54d383c98a742bddf1763e6e29458fc6c9dd568e
180,288,0.19296,0x6ed48086e062f2dec5cefde0f5cddde73a78cb04,2017-10-29T00:07:32.000Z,0.00067,0x6c723da0e2243be0d60a23801c00039b98ce35d6,sell,0xd850942ef8811f2a866692a623011bde52a462c1,0x29e5f35091161e6c8197aa1475c880f72068f6d4c006c16652460b91df8b8846
181,1300,0.884,0x714bf5e430fd38d4e7164833fced30bdc85a30fc,2017-10-29T00:07:32.000Z,0.00068,0x6c723da0e2243be0d60a23801c00039b98ce35d6,sell,0xd850942ef8811f2a866692a623011bde52a462c1,0x60ec593d25542d3eb18ae5aafcd1c8d9f7814fc888c61c9139c925fee6f8d2a5
182,0.6455777921239509,0.0005,0x34f9560c63078eb61872a4dc2ccd20e21c34feaf,2017-10-28T21:08:18.000Z,0.0007745,0xa656fab6aa963f983269abbef599a97bcd07dc46,buy,0xd850942ef8811f2a866692a623011bde52a462c1,0x3c64fcd483e444191996b6cc79a9a565e8fd96d670134906549c6528de33d680
183,0.6455777921239509,0.0005,0xe444a40689f51f63bcd29910622035707d533d29,2017-10-28T21:08:00.000Z,0.0007745,0xa656fab6aa963f983269abbef599a97bcd07dc46,buy,0xd850942ef8811f2a866692a623011bde52a462c1,0x25dee18fd79792c68014a854bea5df88c326f1a9c1e0db2ce93c18bb375bc362
184,164.49280333616755,0.10859814876253782,0x0cc753ad2c7c30d8c9a36702f00ffa03696e081f,2017-10-28T17:04:07.000Z,0.0006602,0x1ed014aec47fae44c9e55bac7662c0b78ae61798,sell,0xd850942ef8811f2a866692a623011bde52a462c1,0xa5c15c2b72efff91e96b57e6a51e1f6198056d47107078b3ff474bed24684165
185,5,0.00387,0x497c322eb7a7c75510d408913ee36e8ffd85b065,2017-10-28T13:19:16.000Z,0.000774,0xfbf7dc0756a9768d0c71aea5f8421f3b1eaee7d1,buy,0xd850942ef8811f2a866692a623011bde52a462c1,0x6faebce8c38862dbb619539b73b47f5e599a830de38a6f313aa916cfa14a0a78
186,10,0.00774,0xf00118adac77d70abb28b6b27cb8f18a6d62750c,2017-10-28T12:27:54.000Z,0.000774,0xfbf7dc0756a9768d0c71aea5f8421f3b1eaee7d1,buy,0xd850942ef8811f2a866692a623011bde52a462c1,0xf934673567517e919121474293cee5caa01ecca082befb089efcfefaebed2f30
187,475,0.3705,0x8b7da2436d81b3fa21e7a7cc9acbeb64e372f5b8,2017-10-28T07:16:22.000Z,0.00078,0x9778550d76b07ac9f5e57392f68ecdf6efc1774e,sell,0xd850942ef8811f2a866692a623011bde52a462c1,0x583bc520bbecbd161f6d9cffdcf6424b2002fb5569a0821f0d61ff6617f8636f
188,2600,2.0137,0x5b42d5649195e98f7bbaf1080d34f9afd754f5da,2017-10-28T06:51:47.000Z,0.0007745,0xfbf7dc0756a9768d0c71aea5f8421f3b1eaee7d1,buy,0xd850942ef8811f2a866692a623011bde52a462c1,0xf1de360a1fbdb45ec58a719fff9d57ee0c39461b6b85d24641d9be640f834e9d
189,287,0.2222815,0x99daacbc6d3cc495519938b1b9ae913a94caa1c1,2017-10-28T04:21:01.000Z,0.0007745,0xfbf7dc0756a9768d0c71aea5f8421f3b1eaee7d1,buy,0xd850942ef8811f2a866692a623011bde52a462c1,0x7f696d00dde6d06d8807c6f48fecbb612e1711459e75f981a6f8e896e67e0fb0
190,0.24845717782401225,0.000176404596255048,0x69c054e15d94f632f19a28c424b4a65f69e08a6b,2017-10-28T02:31:31.000Z,0.0007099999999999972,0x9ec0dbc657d14ea31d77e4aa0905232ef899372f,sell,0xd850942ef8811f2a866692a623011bde52a462c1,0xff3e22fc3d21780ffa56c6d24a3d500ebe7080ec83bb7fee0a7d90660ccb6fd0
191,2492.2739507526667,1.5701575117136877,0x3dee4a4e076e8d82859d241db0baf46f112cfa23,2017-10-28T02:30:47.000Z,0.00063001,0x9ec0dbc657d14ea31d77e4aa0905232ef899372f,sell,0xd850942ef8811f2a866692a623011bde52a462c1,0x30c22822a9b8e0ad1321a1916d67ef0ee77ee128acabf73b882a64df55d4c73d
192,536.4915296546634,0.4155126897175368,0xe121cb63c3f6e80eb2600532d43ebbad54ddb61a,2017-10-28T02:07:54.000Z,0.0007745,0xf142f26d1cac4ba8a6e6d7974d243eda2fe5f4f9,sell,0xd850942ef8811f2a866692a623011bde52a462c1,0x3b25c3249687cbe859979b5b39673749e6f5a4e69e8a1856a4616f528d0d65d6
193,963.5084703453366,0.7462373102824632,0xe121cb63c3f6e80eb2600532d43ebbad54ddb61a,2017-10-28T02:05:16.000Z,0.0007745,0xab296c308b24c972b60a662262f144eeefc27ec8,sell,0xd850942ef8811f2a866692a623011bde52a462c1,0xaa03cf71b5f71adfdb60e21b9c7511730af89a05f755fc10a1b7c5e16b9c2135
194,1500,1.161,0xfbf7dc0756a9768d0c71aea5f8421f3b1eaee7d1,2017-10-28T00:28:48.000Z,0.000774,0x2995d2c83b10272bb1a85e56d13d33466e0d7146,sell,0xd850942ef8811f2a866692a623011bde52a462c1,0xcce25d3b3b6cc8a9e94b0f0aee9de2b196965c6db829929819886eda3deea1df
195,25.79691527600024,0.019863624762520186,0x205c27ba7c660abd6c05c8fcdc33214c3425cbfc,2017-10-27T22:07:59.000Z,0.00077,0x6a912f36057ff7149c41c9140a30d5fe7cd1d7ff,buy,0xd850942ef8811f2a866692a623011bde52a462c1,0xa79fa66f36a2f83b41396d10df97cca2feb75daa3e3a0ec718c9324aba53e28b
196,31,0.02449,0xb77c1f7c6f3b44bcfce50cea8ae13d9237b99ee4,2017-10-27T21:39:42.000Z,0.00079,0x6a912f36057ff7149c41c9140a30d5fe7cd1d7ff,sell,0xd850942ef8811f2a866692a623011bde52a462c1,0x1d6c05be6844a19eecb141f7625136d3e02351805c3484f4709218d71edf6f17
197,2026,1.58028,0x205c27ba7c660abd6c05c8fcdc33214c3425cbfc,2017-10-27T21:37:05.000Z,0.00078,0x6a912f36057ff7149c41c9140a30d5fe7cd1d7ff,sell,0xd850942ef8811f2a866692a623011bde52a462c1,0xf73a1cae7c42f5cf17be0f263ef1ef93a0c172e1ccfa5d0c183b586b1d828277
198,11826.518612675036,7.3325598050446485,0x739c5f6d73d483705a08f9a52c7cd61c7933573e,2017-10-27T20:13:03.000Z,0.0006200099999999999,0x2b73eef60937c13f6482398973a769bb9b27b37b,sell,0xd850942ef8811f2a866692a623011bde52a462c1,0xd59184703214886fd43f11193fde7672c0d280294b52a411dff9a3b3e16329ea
199,997.455,0.64834575,0x0f752ce5a7ea8bbe95531b25a37feee0489b1684,2017-10-27T20:10:22.000Z,0.00065,0x2b73eef60937c13f6482398973a769bb9b27b37b,sell,0xd850942ef8811f2a866692a623011bde52a462c1,0xe5f7beb876117a47991d46920693f95e3d23b12f4bb10b366d55fe3bc7aade2a
200,2000,1.28,0x652bf94db025def61d235c0a3eb986189c560a1f,2017-10-27T20:10:22.000Z,0.00064,0x2b73eef60937c13f6482398973a769bb9b27b37b,sell,0xd850942ef8811f2a866692a623011bde52a462c1,0x0d56f363712409dcae9bc057c5603fce8f9f44e01a43a5430a62913f270963aa
201,750,0.487575,0x23c54718330e3d7e8d98895cd41886369b0b4c0d,2017-10-27T20:10:02.000Z,0.0006501,0x2b73eef60937c13f6482398973a769bb9b27b37b,sell,0xd850942ef8811f2a866692a623011bde52a462c1,0xe0ddd53340003466508b9a379d4c8bbb9d946a03ede9416a35540ae181abbe39
202,750,0.487575,0x23c54718330e3d7e8d98895cd41886369b0b4c0d,2017-10-27T18:53:38.000Z,0.0006501,0xdbf19b1734edf51f16ba4434e75fb8965b82ed70,sell,0xd850942ef8811f2a866692a623011bde52a462c1,0x34357dcc7c10efb3ffc03c3466004cf8b86c4fa53ab680e13c4b91e00472e90c
203,46,0.03588,0x34a5ec722201cdea8a04255336557d01736edd9c,2017-10-27T18:22:02.000Z,0.00078,0x185365e9f83e946e7387816817f182feabec6d15,buy,0xd850942ef8811f2a866692a623011bde52a462c1,0xe6d082225333f182552b29239c70a495610b6f3a2e4065f978c880be7ac631a3
204,1002.5446117037185,0.651653997607417,0x0f752ce5a7ea8bbe95531b25a37feee0489b1684,2017-10-27T17:55:47.000Z,0.00065,0x65dd27fe1c8e98f3c0ef0513b43f185df50e2cd4,sell,0xd850942ef8811f2a866692a623011bde52a462c1,0xfa052e276f23813f60b1a840aab314a421f600f15b99521223d9d413ad8e5cb2
205,100,0.0680011,0xadfac97883d508f98bf12e07a22a5348598a5a16,2017-10-27T17:49:11.000Z,0.000680011,0x65dd27fe1c8e98f3c0ef0513b43f185df50e2cd4,sell,0xd850942ef8811f2a866692a623011bde52a462c1,0xfb77a51736d8e428201cc8303f198ec9858e40c3ef7a349116daba7d73400d06
206,100,0.0680011,0x9d384fe998564e20926deb1f9bcafcc071cdd4e9,2017-10-27T17:49:11.000Z,0.000680011,0x65dd27fe1c8e98f3c0ef0513b43f185df50e2cd4,sell,0xd850942ef8811f2a866692a623011bde52a462c1,0xce37f41ebfc763f14dfd9ff3e781bdd965384b795bd26f616585b418afb5ef7e
207,100,0.0680011,0xadfac97883d508f98bf12e07a22a5348598a5a16,2017-10-27T17:48:33.000Z,0.000680011,0x65dd27fe1c8e98f3c0ef0513b43f185df50e2cd4,sell,0xd850942ef8811f2a866692a623011bde52a462c1,0xfb77a51736d8e428201cc8303f198ec9858e40c3ef7a349116daba7d73400d06
208,602.686,0.4460479086,0xba9a92202784a9efc2213eb6accaa0ea7d0e0eda,2017-10-27T17:10:34.000Z,0.0007401,0x3efd9b0bd8e4595bc494539aca584821950106ee,buy,0xd850942ef8811f2a866692a623011bde52a462c1,0x54ec8dcd4f3b3a7e8794cd8ecb8174cbd5df2e8f03083dbbfc440e8f66e55147
209,598,0.4186,0x0f752ce5a7ea8bbe95531b25a37feee0489b1684,2017-10-27T16:41:19.000Z,0.0007,0x3efd9b0bd8e4595bc494539aca584821950106ee,sell,0xd850942ef8811f2a866692a623011bde52a462c1,0x13573b44eae176655dc20b8f2c6455011897e1d9f047601ad40b0f00069f8ba8
210,998,0.70858,0x69c054e15d94f632f19a28c424b4a65f69e08a6b,2017-10-27T16:39:47.000Z,0.00071,0x3efd9b0bd8e4595bc494539aca584821950106ee,sell,0xd850942ef8811f2a866692a623011bde52a462c1,0xf69e6bd628735065488631a4f7565bfb5b34aa92f094a565040993fd7c0a5cc4
211,400,0.284,0x69c054e15d94f632f19a28c424b4a65f69e08a6b,2017-10-27T15:25:04.000Z,0.00071,0x185365e9f83e946e7387816817f182feabec6d15,sell,0xd850942ef8811f2a866692a623011bde52a462c1,0xe3deae1f8a33ac1a3e8e0c2fe0f3c79501ecdd7557fc552b79a24ff79fdfdb83
212,306.4,0.2298,0x0f752ce5a7ea8bbe95531b25a37feee0489b1684,2017-10-27T11:14:50.000Z,0.00075,0xf84bfa23c2ab766c47056011b26e2d12ade5c754,buy,0xd850942ef8811f2a866692a623011bde52a462c1,0xa065d318803e2dafa21c0fb7397fcb169d6272a1968ce5477201070fb428e961
213,2000,1.4,0x0f752ce5a7ea8bbe95531b25a37feee0489b1684,2017-10-27T10:47:43.000Z,0.0007,0x2995d2c83b10272bb1a85e56d13d33466e0d7146,sell,0xd850942ef8811f2a866692a623011bde52a462c1,0x9d1a050de987b2691c2c346d8f2ac7fc036e071c92f4d861ed34d944611b9040
214,120,0.096,0xe32c340433a440a800277ca53627d99b4414345c,2017-10-27T09:09:04.000Z,0.0008,0x185365e9f83e946e7387816817f182feabec6d15,buy,0xd850942ef8811f2a866692a623011bde52a462c1,0x7d595de9c536c6dcc157bdfef706ca71bebc82a0da8f4cb9d22c2a766e7e0231
215,180,0.1296,0x7b539c09d70d4e04e05ae355a2ca5b5c951ae8f2,2017-10-27T08:38:38.000Z,0.00072,0x185365e9f83e946e7387816817f182feabec6d15,sell,0xd850942ef8811f2a866692a623011bde52a462c1,0xaa57882fc05b6ef227588a1fa0383465b88f8350c00aa0af98ace0960b589914
216,140,0.10094,0x0f752ce5a7ea8bbe95531b25a37feee0489b1684,2017-10-27T08:38:29.000Z,0.000721,0x185365e9f83e946e7387816817f182feabec6d15,sell,0xd850942ef8811f2a866692a623011bde52a462c1,0xd0a627a9558eb3eb6f61eaeec1ff0c9eb65e9dd79261e676e7294ffa4c1eebf1
217,1204,0.868084,0xb80ffc7db3c1fb8583626acf5b43000dd82d7a33,2017-10-27T07:15:41.000Z,0.000721,0x185365e9f83e946e7387816817f182feabec6d15,sell,0xd850942ef8811f2a866692a623011bde52a462c1,0x23283b81c123af02d357d23429b0c7f58297315dba44815e09e8570560075ea0
218,0.000000000717846461,0.000000111984047916,0x50a72df43b0121a9a81219727064e5e71b702ad1,2017-10-27T06:57:29.000Z,156,0x1609c9e95937475f94a6ef53b4b8183a50820853,sell,0xd850942ef8811f2a866692a623011bde52a462c1,0x750072dd7295bb372f0e465ff0eb46f0bcee362a291bf300d53d7fe375444b4b
219,498.4871917057123,0.35442439330276143,0xb80ffc7db3c1fb8583626acf5b43000dd82d7a33,2017-10-27T06:10:00.000Z,0.000711,0xbea606631b65b8f0279879b0ffe00dbb7fdfba9a,sell,0xd850942ef8811f2a866692a623011bde52a462c1,0x58f7da694ebea54d758a06bce3d85f98b462ce841ceb6254c552755863f0500b
220,2492.370622603738,1.7720755126712577,0xb80ffc7db3c1fb8583626acf5b43000dd82d7a33,2017-10-27T06:04:36.000Z,0.000711,0x3dee4a4e076e8d82859d241db0baf46f112cfa23,sell,0xd850942ef8811f2a866692a623011bde52a462c1,0xd04665128b0d7cca1a542e5018d526c99ef257331652227661a42c8b84281b72
221,1107.5912263210369,0.7874973619142572,0xb80ffc7db3c1fb8583626acf5b43000dd82d7a33,2017-10-27T06:02:41.000Z,0.000711,0x1d5321e125f6c7079a716705541c7b371ca79e69,sell,0xd850942ef8811f2a866692a623011bde52a462c1,0x1774aab6f1a1d062a022aaf747eb0d7d5229cdd028b086d35a7c4d45584a9c37
222,1110.914,0.7776398,0x1d5321e125f6c7079a716705541c7b371ca79e69,2017-10-27T06:02:41.000Z,0.0007,0x6a912f36057ff7149c41c9140a30d5fe7cd1d7ff,buy,0xd850942ef8811f2a866692a623011bde52a462c1,0x1774aab6f1a1d062a022aaf747eb0d7d5229cdd028b086d35a7c4d45584a9c37
223,70,0.049,0x1d5321e125f6c7079a716705541c7b371ca79e69,2017-10-27T06:02:02.000Z,0.0007,0x6a912f36057ff7149c41c9140a30d5fe7cd1d7ff,buy,0xd850942ef8811f2a866692a623011bde52a462c1,0xb73e065db93dcb5efd5b2ff9c524d307e5a154ab45d6e1dcfc7bb36097423326
224,69.79062811565304,0.049551345962113656,0x06410ffda716b7c0951823f4194db32ae55d631e,2017-10-27T06:02:02.000Z,0.00071,0x1d5321e125f6c7079a716705541c7b371ca79e69,sell,0xd850942ef8811f2a866692a623011bde52a462c1,0xb73e065db93dcb5efd5b2ff9c524d307e5a154ab45d6e1dcfc7bb36097423326
225,2500,1.6,0x3dee4a4e076e8d82859d241db0baf46f112cfa23,2017-10-27T05:51:42.000Z,0.00064,0x6a912f36057ff7149c41c9140a30d5fe7cd1d7ff,sell,0xd850942ef8811f2a866692a623011bde52a462c1,0xc7cb908a2a15241ff7dc922531d4871d69be145a8179f9839bd53856fbce0ef8
226,297.502,0.214498942,0xfbf7dc0756a9768d0c71aea5f8421f3b1eaee7d1,2017-10-27T05:50:22.000Z,0.000721,0x6a912f36057ff7149c41c9140a30d5fe7cd1d7ff,sell,0xd850942ef8811f2a866692a623011bde52a462c1,0x323e30e3a4935d4be0ba987969d54ee054b1aabd29d633030d74b8c69ba751c9
227,325.9,0.224871,0x2995d2c83b10272bb1a85e56d13d33466e0d7146,2017-10-27T05:50:22.000Z,0.00069,0x6a912f36057ff7149c41c9140a30d5fe7cd1d7ff,sell,0xd850942ef8811f2a866692a623011bde52a462c1,0x7a39ff5b4f2efc5db420dfc5468fdb6ea8ac1187dbbf9d574426f1406d2a8d65
228,552.630870337069,0.39789975295139307,0xcec059742071b60375cc5f8c236768b25f85776d,2017-10-27T05:48:56.000Z,0.00072001,0x6a912f36057ff7149c41c9140a30d5fe7cd1d7ff,sell,0xd850942ef8811f2a866692a623011bde52a462c1,0xf293d6fb059a4b1c39e09dd1630105b8fefc2c64e6d4014d6a57bdc9432bda57
229,601.249,0.433500529,0xfbf7dc0756a9768d0c71aea5f8421f3b1eaee7d1,2017-10-27T05:48:56.000Z,0.000721,0x6a912f36057ff7149c41c9140a30d5fe7cd1d7ff,sell,0xd850942ef8811f2a866692a623011bde52a462c1,0xfbce6b2d87e294a7feed57b4d1734427093c6a5b87aad5c8cbf42e16c6b8acc2
230,1516.3122408048507,1.0917599765019006,0xcec059742071b60375cc5f8c236768b25f85776d,2017-10-27T05:46:48.000Z,0.00072001,0x6a912f36057ff7149c41c9140a30d5fe7cd1d7ff,sell,0xd850942ef8811f2a866692a623011bde52a462c1,0x11fdae35348a163f3ad848b69ba15896025a4b2dbe806397a6b8707f0a1e814e
231,601.2486047412445,0.4335002440184373,0xfbf7dc0756a9768d0c71aea5f8421f3b1eaee7d1,2017-10-27T05:45:39.000Z,0.000721,0x6a912f36057ff7149c41c9140a30d5fe7cd1d7ff,sell,0xd850942ef8811f2a866692a623011bde52a462c1,0xc4ae4681ef270a7b9cd111c1c783d452b4b752f95bf0358ca62abeceb2f127a5
232,120,0.101616,0x0d22ce04fac178d8a98823aaad0ccb357041c288,2017-10-27T04:40:58.000Z,0.0008468,0xee300431c25447134633cc5d94b93555b92f7952,buy,0xd850942ef8811f2a866692a623011bde52a462c1,0x1db95be7ac99e2d29135a1e1b482330b2e3abc515a7454ad70f7958b881cf89e
233,1499,1.266655,0x0d22ce04fac178d8a98823aaad0ccb357041c288,2017-10-27T04:39:33.000Z,0.000845,0xfbf7dc0756a9768d0c71aea5f8421f3b1eaee7d1,buy,0xd850942ef8811f2a866692a623011bde52a462c1,0xf0f87c19e3c1bc502237e402638e3a50814ad79ef090c79dd1e39d2fd2da8aba
234,50,0.03600125,0x4be7bced82b314ad60dc69274a75757e7d5d93a3,2017-10-27T04:36:26.000Z,0.000720025,0xf6a7222207c2e93d2013c76310316b5204fe89f5,sell,0xd850942ef8811f2a866692a623011bde52a462c1,0x02ad3a130923e607fc503dae7694d7ccac707bd6819f39f0720c5b95686f3eb7
235,290,0.2088029,0xcec059742071b60375cc5f8c236768b25f85776d,2017-10-27T04:34:17.000Z,0.00072001,0xf6a7222207c2e93d2013c76310316b5204fe89f5,sell,0xd850942ef8811f2a866692a623011bde52a462c1,0xe138123225198eb8bcbd0974c07514471f85ba6634d8cb443c4e1f24896efc3d
236,2.598,0.0018991385196,0xc21b694c177db28c04ba260547c536e9eeea2eb5,2017-10-27T04:32:58.000Z,0.0007310002,0xf6a7222207c2e93d2013c76310316b5204fe89f5,sell,0xd850942ef8811f2a866692a623011bde52a462c1,0x472e20655448a7994ed8916737f5af2c35d2875dbfeceaa7752ab3dbbcf9b4e6
237,50,0.03660005,0x4be7bced82b314ad60dc69274a75757e7d5d93a3,2017-10-27T04:32:58.000Z,0.000732001,0xf6a7222207c2e93d2013c76310316b5204fe89f5,sell,0xd850942ef8811f2a866692a623011bde52a462c1,0x3cad85f4fc3e58e424c642fabab303578ff9794384a8d95c0fd2ea373ab1fd73
238,2492.2365681393626,1.7944352514260224,0xcec059742071b60375cc5f8c236768b25f85776d,2017-10-27T04:14:57.000Z,0.00072001,0x6a912f36057ff7149c41c9140a30d5fe7cd1d7ff,sell,0xd850942ef8811f2a866692a623011bde52a462c1,0xa1aa4ddf3f5e0ab50921e442e264e1f6f3b9173794442da1746bd8bbc00c3f00
239,600,0.4452006,0x851638b1a455db32e74a51d8d963910049597fc8,2017-10-27T04:13:19.000Z,0.000742001,0x6a912f36057ff7149c41c9140a30d5fe7cd1d7ff,sell,0xd850942ef8811f2a866692a623011bde52a462c1,0x242d3e6ea809868804a94e187104ece6d411633f1b89928348712b5e44049dcc
240,300,0.2199,0x0f752ce5a7ea8bbe95531b25a37feee0489b1684,2017-10-27T04:13:19.000Z,0.000733,0x6a912f36057ff7149c41c9140a30d5fe7cd1d7ff,sell,0xd850942ef8811f2a866692a623011bde52a462c1,0x4068251a7e26d167fc6e48cfc40176a00c0a7f340011530f1ca3ed4b9b5b8152
241,328.746,0.243929532,0xfbf7dc0756a9768d0c71aea5f8421f3b1eaee7d1,2017-10-27T04:13:19.000Z,0.000742,0x6a912f36057ff7149c41c9140a30d5fe7cd1d7ff,sell,0xd850942ef8811f2a866692a623011bde52a462c1,0xf64d0a76c187ebe8ef7486e7b3522fea373c37bb2331fea6d741e46972f929c4
242,953.4660340711339,0.7074717972807814,0xfbf7dc0756a9768d0c71aea5f8421f3b1eaee7d1,2017-10-27T03:52:18.000Z,0.000742,0xab296c308b24c972b60a662262f144eeefc27ec8,sell,0xd850942ef8811f2a866692a623011bde52a462c1,0x1c6b887a2941999afb2525b84331fd9f134127f2cc44be4b95f1cfe223dd5ba0
243,2000,1.6936,0xe9e4db58c68f33c3483cc784d7fe68efa80cc86e,2017-10-27T03:17:06.000Z,0.0008468,0xee300431c25447134633cc5d94b93555b92f7952,buy,0xd850942ef8811f2a866692a623011bde52a462c1,0x5343722cba269ebe8024a514cfb4ced0f67a451358321c10b0ac8acf28fc062b
244,3000,2.52,0xe9e4db58c68f33c3483cc784d7fe68efa80cc86e,2017-10-27T03:16:41.000Z,0.00084,0x09e396aca9535fffc68c72f880ab36e252b73a43,buy,0xd850942ef8811f2a866692a623011bde52a462c1,0x73c1db075480ad0aa051af89ab5f1ed1678e4b7e7b9ba715dfc5cd2b49ea7886
245,217.78776754454657,0.16159852351805357,0xfbf7dc0756a9768d0c71aea5f8421f3b1eaee7d1,2017-10-27T01:49:06.000Z,0.000742,0xab296c308b24c972b60a662262f144eeefc27ec8,sell,0xd850942ef8811f2a866692a623011bde52a462c1,0x3eeade1fa4b39568cf75c53bf4124bd1e1d3b0f7a4b548d043aee72ccad47070
246,175.852,0.130306332,0x0f752ce5a7ea8bbe95531b25a37feee0489b1684,2017-10-27T01:48:20.000Z,0.000741,0xab296c308b24c972b60a662262f144eeefc27ec8,sell,0xd850942ef8811f2a866692a623011bde52a462c1,0x5531fe2535973399a9db62828efa6722b3c8b0fb8e05cf81151ccc9f1c29f582
247,300,0.2235,0x0f752ce5a7ea8bbe95531b25a37feee0489b1684,2017-10-27T01:46:46.000Z,0.000745,0xab296c308b24c972b60a662262f144eeefc27ec8,sell,0xd850942ef8811f2a866692a623011bde52a462c1,0x1c1952437e2fde1481481bc99ae584ed1e046e0793bb3e63877b30d77bb8cd4d
248,220,0.165,0x0f752ce5a7ea8bbe95531b25a37feee0489b1684,2017-10-27T01:45:39.000Z,0.00075,0xab296c308b24c972b60a662262f144eeefc27ec8,sell,0xd850942ef8811f2a866692a623011bde52a462c1,0x533d1f76781d1b4493801ddd51b5641deb1f2da3c01ef393a4cd76b0fead7486
249,0.00034,0.05304,0x50a72df43b0121a9a81219727064e5e71b702ad1,2017-10-27T01:29:49.000Z,156,0x3ac636ac5c3a2576156ac5f10066ca68abe0ad54,sell,0xd850942ef8811f2a866692a623011bde52a462c1,0x656a402d8650c0ff310e0b93676cf792f9661f2417daaaf498130b4ac08da268
250,0.000000239282153539,0.000037328015952084,0x50a72df43b0121a9a81219727064e5e71b702ad1,2017-10-27T01:24:13.000Z,156,0x1d5321e125f6c7079a716705541c7b371ca79e69,sell,0xd850942ef8811f2a866692a623011bde52a462c1,0x1f5f2a5c69b849e0a61e58709fad3b754cf7cc198efc89edfec6b49008f3a73f
251,0.00000024,0.0000000002004,0x1d5321e125f6c7079a716705541c7b371ca79e69,2017-10-27T01:24:13.000Z,0.000835,0x6a912f36057ff7149c41c9140a30d5fe7cd1d7ff,buy,0xd850942ef8811f2a866692a623011bde52a462c1,0x1f5f2a5c69b849e0a61e58709fad3b754cf7cc198efc89edfec6b49008f3a73f
252,0.00008,0.0000000668,0x273a5d3e6721b9f5c1a6474f560c1334c63dda01,2017-10-27T01:23:22.000Z,0.000835,0x6a912f36057ff7149c41c9140a30d5fe7cd1d7ff,buy,0xd850942ef8811f2a866692a623011bde52a462c1,0x0c477f5cb6dae050be172c128f1193a0215507e489639083001ccd10c53eca0b
253,0.00007976,0.01244256,0x50a72df43b0121a9a81219727064e5e71b702ad1,2017-10-27T01:23:22.000Z,156,0x273a5d3e6721b9f5c1a6474f560c1334c63dda01,sell,0xd850942ef8811f2a866692a623011bde52a462c1,0x0c477f5cb6dae050be172c128f1193a0215507e489639083001ccd10c53eca0b
254,0,0,0x9d384fe998564e20926deb1f9bcafcc071cdd4e9,2017-10-27T00:24:20.000Z,NaN,0x4a57d0208164a1c1c63c75395dc444428a07b50a,sell,0xd850942ef8811f2a866692a623011bde52a462c1,0x1a3d2ed9bb0472f42a3229208634ea5656c08653c8342208d44aa706237530a3
255,0,0,0x9d384fe998564e20926deb1f9bcafcc071cdd4e9,2017-10-27T00:20:13.000Z,NaN,0x4a57d0208164a1c1c63c75395dc444428a07b50a,sell,0xd850942ef8811f2a866692a623011bde52a462c1,0x61ddd0873d8d9d2c63816ea12f57cc054e0a2db61e8eb6455d3aa772587f1a7b
256,0,0,0x9d384fe998564e20926deb1f9bcafcc071cdd4e9,2017-10-27T00:19:50.000Z,NaN,0x4a57d0208164a1c1c63c75395dc444428a07b50a,sell,0xd850942ef8811f2a866692a623011bde52a462c1,0xc57d927f92ad832de1b4dc3c2cb85e4a6425e2e74d84cacdc59233277b00ea41
257,0,0,0x9d384fe998564e20926deb1f9bcafcc071cdd4e9,2017-10-27T00:19:12.000Z,NaN,0x4a57d0208164a1c1c63c75395dc444428a07b50a,sell,0xd850942ef8811f2a866692a623011bde52a462c1,0x6904a3bdb9d18c25e5d7bf24ed503c0fc98fe59cca082c4c7838be29fdd82934
258,0,0,0x9d384fe998564e20926deb1f9bcafcc071cdd4e9,2017-10-27T00:17:18.000Z,NaN,0x4a57d0208164a1c1c63c75395dc444428a07b50a,sell,0xd850942ef8811f2a866692a623011bde52a462c1,0x3e27ef603845fe6dd657b829d7efbd19a3071737cff72b98bc77336d61b7a43e
259,0.00074501,0.116892069,0x9d384fe998564e20926deb1f9bcafcc071cdd4e9,2017-10-27T00:16:09.000Z,156.9,0x0249924245a19aa2d7f5ddb0739a7132b7d094ab,sell,0xd850942ef8811f2a866692a623011bde52a462c1,0xfee9613cc47db57085131e66d3b29a40e42e48bd29ad1f59b27cf33fc457116e
260,893.003,0.670645253,0xb80ffc7db3c1fb8583626acf5b43000dd82d7a33,2017-10-26T23:05:22.000Z,0.000751,0x6a912f36057ff7149c41c9140a30d5fe7cd1d7ff,sell,0xd850942ef8811f2a866692a623011bde52a462c1,0xbecf7cda02c51f330f2b74196bd2f5cad7975060a84e075d9b3e2bf19e03fe9f
261,0.9969095803010667,0.000748679094806101,0xb80ffc7db3c1fb8583626acf5b43000dd82d7a33,2017-10-26T21:28:07.000Z,0.0007509999999999999,0xb4c432a9559a4f1464d2bff9fcbbdc14f1c39dec,sell,0xd850942ef8811f2a866692a623011bde52a462c1,0xdedaadd286be1011b94e2ab1f9d525d327afb382983f198f8a458faa0df8699d
262,32.89624701128921,0.02746836625442649,0x99daacbc6d3cc495519938b1b9ae913a94caa1c1,2017-10-26T18:40:34.000Z,0.000835,0x6a912f36057ff7149c41c9140a30d5fe7cd1d7ff,buy,0xd850942ef8811f2a866692a623011bde52a462c1,0xb11f32b9b0428c2f650a3752cd6444cce16e7996d5ce97ebc12ee22371f4e896
263,399.49157611404644,0.29602325790050843,0x0f752ce5a7ea8bbe95531b25a37feee0489b1684,2017-10-26T14:41:33.000Z,0.000741,0xacd333a4da462cfd766d11d22326568fa4765eb7,sell,0xd850942ef8811f2a866692a623011bde52a462c1,0x3e300d0220bee27840cb1e17182ce44b9d5ab8b1d6c8b42b1f06cd8cdbb63d5b
264,1000,0.742,0xebb19d7023ee664d4b1652f1fb25e70e7e65642b,2017-10-26T14:40:07.000Z,0.000742,0xacd333a4da462cfd766d11d22326568fa4765eb7,sell,0xd850942ef8811f2a866692a623011bde52a462c1,0xaca3887bae62330b40760c8efafcb1b2e84c9e0e47c2fcf1f221ef17d95c8678
265,1000,0.750001,0xebb19d7023ee664d4b1652f1fb25e70e7e65642b,2017-10-26T14:39:14.000Z,0.000750001,0xacd333a4da462cfd766d11d22326568fa4765eb7,sell,0xd850942ef8811f2a866692a623011bde52a462c1,0x4aa50689238904538e2f3dcd22c00e53e509b439d02402379d774e20af4d7b73
266,1090,0.8175545,0xc21b694c177db28c04ba260547c536e9eeea2eb5,2017-10-26T14:39:01.000Z,0.00075005,0xacd333a4da462cfd766d11d22326568fa4765eb7,sell,0xd850942ef8811f2a866692a623011bde52a462c1,0xc611d81afd6ddaf3ce7ffebc8f28bf93cdd1011dbbe8bfeba945f03ff6dafa4e
267,100,0.08468,0x006f11323d586ae28609e72d28f1d7f06ddead9e,2017-10-26T13:49:02.000Z,0.0008468,0xee300431c25447134633cc5d94b93555b92f7952,buy,0xd850942ef8811f2a866692a623011bde52a462c1,0x85e8dc6ccca76f120f7f6f45abd0db08bacb29fd41e673f6f24e113bebba42ad
268,24.656239346716045,0.01827027335591659,0x0f752ce5a7ea8bbe95531b25a37feee0489b1684,2017-10-26T13:33:33.000Z,0.000741,0xab296c308b24c972b60a662262f144eeefc27ec8,sell,0xd850942ef8811f2a866692a623011bde52a462c1,0xfc849e92281406ad6c7d57f2a058cf9626a2a0b60e816ca71b2e070e4d143ccf
269,871.0149892834587,0.653261241962594,0x0f752ce5a7ea8bbe95531b25a37feee0489b1684,2017-10-26T13:31:28.000Z,0.00075,0xab296c308b24c972b60a662262f144eeefc27ec8,sell,0xd850942ef8811f2a866692a623011bde52a462c1,0x9b2fb5e34fd3bdd3727ab80ab8e10cdfd93804cae4a85627931def74d06c7e91
270,60,0.04446,0x0f752ce5a7ea8bbe95531b25a37feee0489b1684,2017-10-26T13:23:58.000Z,0.000741,0x6fcf7af8feb49f47da5b17847f61fa2d5e660dc0,buy,0xd850942ef8811f2a866692a623011bde52a462c1,0x7ec5567cfee984f1f7ca7bd282085245ec0a2257d076cad73156d604b91edfc3
271,1128.9850107165412,0.846738758037406,0x0f752ce5a7ea8bbe95531b25a37feee0489b1684,2017-10-26T13:00:26.000Z,0.00075,0x9778550d76b07ac9f5e57392f68ecdf6efc1774e,sell,0xd850942ef8811f2a866692a623011bde52a462c1,0x336bb26f8b691703bf5004402be4dd3e8f937e0e0b483c6dbec9f7673aa2430c
272,4500,3.33,0x3df86cefaecfaa31be2f74f8f832cb4ef62b79f8,2017-10-26T12:21:18.000Z,0.00074,0x6fcf7af8feb49f47da5b17847f61fa2d5e660dc0,buy,0xd850942ef8811f2a866692a623011bde52a462c1,0x430f09d22fe234500120d93753c870ba8e1139952564683f7aca77f699748fab
273,500,0.37,0xebb19d7023ee664d4b1652f1fb25e70e7e65642b,2017-10-26T12:18:07.000Z,0.00074,0x6fcf7af8feb49f47da5b17847f61fa2d5e660dc0,buy,0xd850942ef8811f2a866692a623011bde52a462c1,0x09bda7291d4c5870786c2324aa8faac99ccff8e8b0d0cf37bbbedfaed4d43085
274,5000,3.7,0x9778550d76b07ac9f5e57392f68ecdf6efc1774e,2017-10-26T12:17:21.000Z,0.00074,0x6fcf7af8feb49f47da5b17847f61fa2d5e660dc0,buy,0xd850942ef8811f2a866692a623011bde52a462c1,0x91916a75a6b8d00d4406c325d79db9205b42b3df7163716a2e8226e9e1ed12e9
275,966,0.706146,0x9778550d76b07ac9f5e57392f68ecdf6efc1774e,2017-10-26T12:14:46.000Z,0.000731,0xb20bf481d921cdcb41737213cdf893ed15da7f5b,buy,0xd850942ef8811f2a866692a623011bde52a462c1,0x2794fa1f1c11f6dfbefb6064e3128848b0de13edc300f85573685045ff896b5e
276,3000,2.193,0x9778550d76b07ac9f5e57392f68ecdf6efc1774e,2017-10-26T12:13:40.000Z,0.000731,0xb20bf481d921cdcb41737213cdf893ed15da7f5b,buy,0xd850942ef8811f2a866692a623011bde52a462c1,0xabc6e3ea0fe84ec910f4b90965ec740519b109f5104b65642e3127b172abebcb
277,10000,7.36,0x09e396aca9535fffc68c72f880ab36e252b73a43,2017-10-26T11:53:09.000Z,0.000736,0x6fcf7af8feb49f47da5b17847f61fa2d5e660dc0,buy,0xd850942ef8811f2a866692a623011bde52a462c1,0x324883f1dcb7d03ca0a9e175133dbd59d341f10ced7b2e9327f938ba8c940ca6
278,5000,3.675,0x927e9be72a655782a06298ef2cc69688849e5775,2017-10-26T09:31:49.000Z,0.000735,0x6fcf7af8feb49f47da5b17847f61fa2d5e660dc0,buy,0xd850942ef8811f2a866692a623011bde52a462c1,0x428eee90f89d0caa14cee0bee856250211fa7e807fda2ce1193f90e63e29777f
279,2.166,0.001585512,0x4be7bced82b314ad60dc69274a75757e7d5d93a3,2017-10-26T08:37:53.000Z,0.000732,0xbea606631b65b8f0279879b0ffe00dbb7fdfba9a,sell,0xd850942ef8811f2a866692a623011bde52a462c1,0xcf4d9ef0b6deaa9e770d0e351841e5fcae835b164f766109d1a71dda6620f9cf
280,15,0.01125,0x23c07f4f81bb69d30073db1d6e0949e4e9c3bb0f,2017-10-26T08:37:00.000Z,0.00075,0xbea606631b65b8f0279879b0ffe00dbb7fdfba9a,sell,0xd850942ef8811f2a866692a623011bde52a462c1,0x04ff8f5f3adc33155743a70328f71272c1198b462b0c5daefde591598c3dd8f4
281,250,0.19,0x0f752ce5a7ea8bbe95531b25a37feee0489b1684,2017-10-26T07:55:27.000Z,0.00076,0xbea606631b65b8f0279879b0ffe00dbb7fdfba9a,sell,0xd850942ef8811f2a866692a623011bde52a462c1,0xc6ad6c0924d219dcb4b3093a738e2453066986cb3642dba4341b8c30dd42f982
282,155,0.12865,0xc5593e135722733dfc1043fbdb9be0f8ba3f419c,2017-10-26T03:43:29.000Z,0.00083,0x6a912f36057ff7149c41c9140a30d5fe7cd1d7ff,buy,0xd850942ef8811f2a866692a623011bde52a462c1,0x0a512cc60e3e83a5f0f644d848315115c0c47217448b72264139367cf2097c5e
283,300,0.219,0xc21b694c177db28c04ba260547c536e9eeea2eb5,2017-10-26T01:30:28.000Z,0.00073,0x14d6a9617a144ac2ee29a309862a3d88ba2820d6,sell,0xd850942ef8811f2a866692a623011bde52a462c1,0xa0581f742f8b4de5be2531f471fa632bf2cc820a624719e853d45d78e36c7605
284,5,0.00415,0x4ea9c94c8b33ee7fa141c0d1fbc782b47ce22b13,2017-10-26T01:04:04.000Z,0.00083,0x6a912f36057ff7149c41c9140a30d5fe7cd1d7ff,buy,0xd850942ef8811f2a866692a623011bde52a462c1,0x93fd73a5e14df23b8a81aa65f9f5782f9d95c0df6c89031b9bd501e05b82b256
285,0.04705719287142169,0.00003905747008328,0x0c5132ab8084865458c891b35eb1ba17681b71d2,2017-10-26T00:22:53.000Z,0.00083,0x6a912f36057ff7149c41c9140a30d5fe7cd1d7ff,buy,0xd850942ef8811f2a866692a623011bde52a462c1,0x8f8c05ce4e7c8d8c96daab07025f795a9aa7957820ffae38a930ce5cbde90871
286,39.84797952329069,0.028690943736564528,0xcec059742071b60375cc5f8c236768b25f85776d,2017-10-25T23:49:17.000Z,0.00072001,0xf142f26d1cac4ba8a6e6d7974d243eda2fe5f4f9,sell,0xd850942ef8811f2a866692a623011bde52a462c1,0x90ebac96cc74adde141f42ddc9881f385bd1f196d25c443573c046950ba75c51
287,358.97234119542696,0.2584636753841194,0xcec059742071b60375cc5f8c236768b25f85776d,2017-10-25T23:34:26.000Z,0.00072001,0x1ed014aec47fae44c9e55bac7662c0b78ae61798,sell,0xd850942ef8811f2a866692a623011bde52a462c1,0x4933e480cc728d39a6eee9425adbfb0d9dc90f4c97395b26343d7fb80cb8004f
288,105,0.08694,0xda335761adceaa57fe02367340c2e33ba185175e,2017-10-25T22:31:43.000Z,0.000828,0x64d9398c4592a94bb8450752e3aec2aacf3943d7,buy,0xd850942ef8811f2a866692a623011bde52a462c1,0x871d30bafced9bc3ed6e5fff4d3e4584e4886944f33f530991e34ca5af9ae845
289,2550,1.92525,0xc0ad7700cefe80f198a696e1a78931550add582e,2017-10-25T21:35:14.000Z,0.000755,0x6a912f36057ff7149c41c9140a30d5fe7cd1d7ff,sell,0xd850942ef8811f2a866692a623011bde52a462c1,0xff737c51ec1d5eb4ac50b70e4eb9c0635f1e5b57b9d01b333a59c9f9bac34f7b
290,547.537,0.42160349,0xb73d726e5b71eeadc95f24e5e752016c9aa5bf75,2017-10-25T21:35:14.000Z,0.00077,0x6a912f36057ff7149c41c9140a30d5fe7cd1d7ff,sell,0xd850942ef8811f2a866692a623011bde52a462c1,0x0bbf63d6fc5aa44c7aeaa33af2683cf329a55343e9500be71f1af2ebd8afcb44
291,323.16294990739067,0.2488354714286908,0xb73d726e5b71eeadc95f24e5e752016c9aa5bf75,2017-10-25T21:23:51.000Z,0.00077,0x1296673c17dbedcc8f15350b65c3d928acb12a59,sell,0xd850942ef8811f2a866692a623011bde52a462c1,0xb158454dd016535461218e589df9e00623c51679832cae2b03d905d4aa3e656d
292,710.79,0.5615241,0x0f752ce5a7ea8bbe95531b25a37feee0489b1684,2017-10-25T21:21:49.000Z,0.00079,0x1296673c17dbedcc8f15350b65c3d928acb12a59,sell,0xd850942ef8811f2a866692a623011bde52a462c1,0x5cd015a90f54be7ea3455330f22b1073f8c61e44ff619cde62c3effdd696f783
293,500,0.405,0x0f752ce5a7ea8bbe95531b25a37feee0489b1684,2017-10-25T20:25:05.000Z,0.00081,0x1296673c17dbedcc8f15350b65c3d928acb12a59,sell,0xd850942ef8811f2a866692a623011bde52a462c1,0x5f444e52b4ce1297e11dab044c09de7fcfac4392f467e2b0b62cd6270481bf4a
294,147.67170197978254,0.11961407860362386,0x2da3a0a5f918faf1533087af784b9ddabb673682,2017-10-25T20:18:16.000Z,0.00081,0x1296673c17dbedcc8f15350b65c3d928acb12a59,sell,0xd850942ef8811f2a866692a623011bde52a462c1,0xbb6987a117a4ae525a29bec05bec17b686f5f8cb5ab7838c9995d093c6dc12e5
295,1,0.00086,0x0b773d7819259d78757b26dc4148812d35676d8f,2017-10-25T19:52:09.000Z,0.00086,0x1296673c17dbedcc8f15350b65c3d928acb12a59,buy,0xd850942ef8811f2a866692a623011bde52a462c1,0x5e6012338577711b7436e57372ba053531ed397d557538252540c825a8d26906
296,12.298157862174545,0.01057641576147011,0x99daacbc6d3cc495519938b1b9ae913a94caa1c1,2017-10-25T19:41:28.000Z,0.00086,0x1296673c17dbedcc8f15350b65c3d928acb12a59,buy,0xd850942ef8811f2a866692a623011bde52a462c1,0xef22c7a1d23d15539618f7ac6812c7e043b7ef5492776beb9799adaf2de9b69a
297,586,0.50396,0xa2877c21dea4835e2de9cbbe07c2d748b592e515,2017-10-25T17:08:32.000Z,0.00086,0x6a912f36057ff7149c41c9140a30d5fe7cd1d7ff,buy,0xd850942ef8811f2a866692a623011bde52a462c1,0xd58614b45d524b8d978a58be6e82c5a5f124ae61d961c4104450d3fa7363a50d
298,652.3282980202175,0.5283859213963762,0x2da3a0a5f918faf1533087af784b9ddabb673682,2017-10-25T17:02:36.000Z,0.00081,0xaf5e45aac23e57e8970cfafec4034c7a8f841cd2,sell,0xd850942ef8811f2a866692a623011bde52a462c1,0x892087f9b2619df4fecffe04c7de0f2cf0bcf3fc7f21ee3442b5033b61d21efc
299,1,0.00085,0x67c80cde9200e8fbdcbae68f4c28ab74d88db962,2017-10-25T16:56:15.000Z,0.00085,0xaf5e45aac23e57e8970cfafec4034c7a8f841cd2,buy,0xd850942ef8811f2a866692a623011bde52a462c1,0x796a542eb0fe2e03147f6b733b84ba5153b6b1e96c5ed1b1ba4e2b2ea1970294
300,800,0.68,0x0f752ce5a7ea8bbe95531b25a37feee0489b1684,2017-10-25T16:36:15.000Z,0.00085,0xaf5e45aac23e57e8970cfafec4034c7a8f841cd2,buy,0xd850942ef8811f2a866692a623011bde52a462c1,0x34158afe5e5c6fbf7be968ee28cf63a3f35e6d8a66cf521936a9a38ffaa2ab8a
301,199.64948425591987,0.17309610284988253,0x206751daf683e30fa8175f3ac1bb45a5c80b2213,2017-10-25T16:04:01.000Z,0.000867,0xaf5e45aac23e57e8970cfafec4034c7a8f841cd2,buy,0xd850942ef8811f2a866692a623011bde52a462c1,0xc377aec17c4f7912e4131fdaa94e9030f75186d9a436574926ba225919f40b1e
302,800,0.6944,0x8b7af9f8388782b82e9cddb6a0d88028b129da40,2017-10-25T15:10:39.000Z,0.000868,0x4086084834380b6fbb9e623adee6d8c6f7e46847,buy,0xd850942ef8811f2a866692a623011bde52a462c1,0x356f3f5ba4cff2c9fade45a3ca7fc90414259ec6620288721ff9d8a75b5f6185
303,431,0.35342,0x0f752ce5a7ea8bbe95531b25a37feee0489b1684,2017-10-25T13:44:09.000Z,0.00082,0xb50f0eb6e3c9169f987c1422fb844b5c7020c1fe,buy,0xd850942ef8811f2a866692a623011bde52a462c1,0xea0da76dcd32be0f15c53e5f6cd0610286dc32ebfbba50b0eab2ccd0081c2090
304,1130.443,0.88174554,0x9778550d76b07ac9f5e57392f68ecdf6efc1774e,2017-10-25T13:35:34.000Z,0.00078,0x95ba9614fb17e7b3721dde75993069ed69897684,buy,0xd850942ef8811f2a866692a623011bde52a462c1,0x758e29a070c056559485cb859bcb78ebaf0c61c26473db99ed15c481f44f64c6
305,5000,3.85,0x3df86cefaecfaa31be2f74f8f832cb4ef62b79f8,2017-10-25T13:13:20.000Z,0.00077,0x95ba9614fb17e7b3721dde75993069ed69897684,buy,0xd850942ef8811f2a866692a623011bde52a462c1,0xcb090bd5a5f3ccdcf162f225037e64f2ee3bf5a12087869cb2ea1567856e1830
306,10000,7.55,0xc0ad7700cefe80f198a696e1a78931550add582e,2017-10-25T13:00:10.000Z,0.000755,0x318acb24cf301a1582e41275fca45567fc7bcdb1,sell,0xd850942ef8811f2a866692a623011bde52a462c1,0x302f8e6fc6d1fe2e83f5350112c370a449ba778a4cc5eb3101c4a32307b17e1b
307,700,0.5285,0xc0ad7700cefe80f198a696e1a78931550add582e,2017-10-25T12:11:56.000Z,0.000755,0x64d9398c4592a94bb8450752e3aec2aacf3943d7,sell,0xd850942ef8811f2a866692a623011bde52a462c1,0x7334c10c6012043464422df621979b4d60fb01f731494a10d235f8a740ad2eb9
308,109.00596013305731,0.08611470850511528,0xf78e54692d9365552b7e59630dc65add5dcdda7e,2017-10-25T12:09:59.000Z,0.00079,0x64d9398c4592a94bb8450752e3aec2aacf3943d7,sell,0xd850942ef8811f2a866692a623011bde52a462c1,0x522f713f5dc8854cd70075979174b26b8204f6610cc369a1cae2171f5df976c9
309,24.775,0.01982024775,0x4115a16c445b1b6af4481338370370dfb6b1bfa3,2017-10-25T12:09:36.000Z,0.00080001,0x64d9398c4592a94bb8450752e3aec2aacf3943d7,sell,0xd850942ef8811f2a866692a623011bde52a462c1,0xb1c9ca3ac4f2bf4b69b699b861427c84babc8ec0f81d1e91d928cc5a6d08e093
310,271.5218224371532,0.2199326761740941,0x2b22950834ff985c4329313855373ca10d03ab9d,2017-10-25T12:09:30.000Z,0.00081,0x64d9398c4592a94bb8450752e3aec2aacf3943d7,sell,0xd850942ef8811f2a866692a623011bde52a462c1,0xef751a2b937f9587823ffa7896ac1deac528591d54e96dac71c4325addc783ba
311,400,0.324,0x9916dbbd0a9cee5934c41cf398f38404564fed89,2017-10-25T12:07:27.000Z,0.00081,0x95ba9614fb17e7b3721dde75993069ed69897684,buy,0xd850942ef8811f2a866692a623011bde52a462c1,0xc832bd5b92edc7b400e0c997933a2f8bb063361abc1a6c930221ad48fcf97218
312,1969.556959394724,1.5953411371097264,0xbc06520c969a5b52ca0a3de15e014a8f5fc6ab15,2017-10-25T12:05:46.000Z,0.00081,0x95ba9614fb17e7b3721dde75993069ed69897684,buy,0xd850942ef8811f2a866692a623011bde52a462c1,0x3409510cae416f19fcc2d0db93019855f33aa27b9704b2639551d31b485cbd16
313,0.08882404943345057,0.000071947480041094,0x2b22950834ff985c4329313855373ca10d03ab9d,2017-10-25T11:46:13.000Z,0.0008099999999999891,0x872a3227f785fb315e5d50bbffaadcd09739bd73,sell,0xd850942ef8811f2a866692a623011bde52a462c1,0xcdc9456c463bc1749e754f2b837230769fb091a8e743656f0e84aaa1ac256acb
314,890.9940398669427,0.7038852914948848,0xf78e54692d9365552b7e59630dc65add5dcdda7e,2017-10-25T11:44:54.000Z,0.00079,0x872a3227f785fb315e5d50bbffaadcd09739bd73,sell,0xd850942ef8811f2a866692a623011bde52a462c1,0x09e82e31e214326dbe8db9864bf0b7c7860c5718118c9773a775ee9ffd3a1764
315,600,0.48,0xd5c16d704d0b74260b2228c9bfe805bddab8372d,2017-10-25T11:44:31.000Z,0.0008,0x872a3227f785fb315e5d50bbffaadcd09739bd73,sell,0xd850942ef8811f2a866692a623011bde52a462c1,0xb7c9ab4527d7bd7301442afe78e7c006203912a0c3420eb07afd95b2c7e4afa7
316,578.3893535134133,0.4684953763458648,0x2b22950834ff985c4329313855373ca10d03ab9d,2017-10-25T11:27:19.000Z,0.00081,0x3efd9b0bd8e4595bc494539aca584821950106ee,sell,0xd850942ef8811f2a866692a623011bde52a462c1,0x73f2f4bf3f1ab6d1603cae98492a9a708b8b48811610345a4d548ef3447bc7cc
317,14,0.01211,0x99daacbc6d3cc495519938b1b9ae913a94caa1c1,2017-10-25T09:59:54.000Z,0.000865,0x6a912f36057ff7149c41c9140a30d5fe7cd1d7ff,buy,0xd850942ef8811f2a866692a623011bde52a462c1,0x381a63b0983439b00ee5ef14281ff7b4ec24555c0492f0ea4d7e824a4420537e
318,3.9909114788385804,0.003452138429195372,0x99daacbc6d3cc495519938b1b9ae913a94caa1c1,2017-10-25T09:32:39.000Z,0.000865,0x6a912f36057ff7149c41c9140a30d5fe7cd1d7ff,buy,0xd850942ef8811f2a866692a623011bde52a462c1,0x1eff9778d2436f535d5cc2e847c867ee54a0a5a103d9da1dad48eda530340f5e
319,232.5,0.2011125,0x99daacbc6d3cc495519938b1b9ae913a94caa1c1,2017-10-25T09:24:07.000Z,0.000865,0x6a912f36057ff7149c41c9140a30d5fe7cd1d7ff,buy,0xd850942ef8811f2a866692a623011bde52a462c1,0xca8802e77c21996a45fd4490ec6967c1fa97ccfa8a16727ce4cd6a4d8bf94d51
320,2063.024106956129,1.7845158525170517,0x6a59b61ac36107f220d8efc7150d393b73081db4,2017-10-25T09:02:42.000Z,0.000865,0x6a912f36057ff7149c41c9140a30d5fe7cd1d7ff,buy,0xd850942ef8811f2a866692a623011bde52a462c1,0x0e98ae498b4ad3bc82d551ae435268f9fe4b1c06735a28e4aa227fef514f4c27
321,105.934,0.089937966,0x99daacbc6d3cc495519938b1b9ae913a94caa1c1,2017-10-25T08:51:53.000Z,0.000849,0x2a00f936d006cfd369776a6da1ceaef866b55748,buy,0xd850942ef8811f2a866692a623011bde52a462c1,0x76b592b149b5e4412efb117ae57aec4a4bc7e5dd403cd9d9651c2d3536ec79e0
322,150,0.1215,0x99daacbc6d3cc495519938b1b9ae913a94caa1c1,2017-10-25T08:24:08.000Z,0.00081,0x0d02bdb7b2d56f924bb0d369acf8b46e60a9273b,buy,0xd850942ef8811f2a866692a623011bde52a462c1,0x4bc4481bca05c2ade986427fb45afb9edd5538463793cd43f5e47b873c710a30
323,2900,2.349,0x95ba9614fb17e7b3721dde75993069ed69897684,2017-10-25T08:21:41.000Z,0.00081,0x0d02bdb7b2d56f924bb0d369acf8b46e60a9273b,sell,0xd850942ef8811f2a866692a623011bde52a462c1,0xd9187fcf2701cddab28fcb2262cf9e8cb7b2df96b051625546915cbd591632cd
324,0.000000000000001197,0.000000000000000001,0x99daacbc6d3cc495519938b1b9ae913a94caa1c1,2017-10-25T08:08:53.000Z,0.000835421888053467,0x6a912f36057ff7149c41c9140a30d5fe7cd1d7ff,buy,0xd850942ef8811f2a866692a623011bde52a462c1,0x47036aae5239ad4b5d0fc2d8f34b11b0cecf3199c53b4ef5cda42b0f0453ad56
325,0.000000115361892215,0.00000000009632718,0x99daacbc6d3cc495519938b1b9ae913a94caa1c1,2017-10-25T08:03:28.000Z,0.0008350000000041175,0x6a912f36057ff7149c41c9140a30d5fe7cd1d7ff,buy,0xd850942ef8811f2a866692a623011bde52a462c1,0x93a3fc990185691e24db88f883e8e9aefd93bed7f887edbb9a45598bf8872c38
326,0.001157195136615568,0.000000966257939074,0x99daacbc6d3cc495519938b1b9ae913a94caa1c1,2017-10-25T07:56:27.000Z,0.0008350000000000007,0x6a912f36057ff7149c41c9140a30d5fe7cd1d7ff,buy,0xd850942ef8811f2a866692a623011bde52a462c1,0xbfff5a0ce284337dcafe8a7110843e38b66a95fafda51314ba57f356940fb64b
327,11.607824415380348,0.00969253338684259,0x99daacbc6d3cc495519938b1b9ae913a94caa1c1,2017-10-25T07:49:53.000Z,0.000835,0x6a912f36057ff7149c41c9140a30d5fe7cd1d7ff,buy,0xd850942ef8811f2a866692a623011bde52a462c1,0x11d90d5c03541f22a5a3fc4118375edcc6b76a7c1ca8655784894ecce50f6a79
328,0.00079761994,0.3270241754,0xd36acaf38771b775821e3f6ed5f6a046326880d8,2017-10-25T07:07:45.000Z,410,0x273a5d3e6721b9f5c1a6474f560c1334c63dda01,sell,0xd850942ef8811f2a866692a623011bde52a462c1,0x8f67cf232efc25f759b3e3ce1b9107753fb8ebc39458c036d791cb9434d172a3
329,0.00080002,0.0000006680167,0x273a5d3e6721b9f5c1a6474f560c1334c63dda01,2017-10-25T07:07:45.000Z,0.000835,0x6a912f36057ff7149c41c9140a30d5fe7cd1d7ff,buy,0xd850942ef8811f2a866692a623011bde52a462c1,0x8f67cf232efc25f759b3e3ce1b9107753fb8ebc39458c036d791cb9434d172a3
330,500,0.4175,0xcc6e0348016e9a0e7d02f400f0832d00698f0b65,2017-10-25T07:04:19.000Z,0.000835,0x6a912f36057ff7149c41c9140a30d5fe7cd1d7ff,buy,0xd850942ef8811f2a866692a623011bde52a462c1,0x06e8f94ac0216a2ce95b6172ea9c53fbf35ff4aa91c6c0ceaddc087ba4413f63
331,0.03987216985439162,0.000033293261828417,0x840becd657d205c4514c1b62b638725a738315d7,2017-10-25T06:59:18.000Z,0.000835,0x6a912f36057ff7149c41c9140a30d5fe7cd1d7ff,buy,0xd850942ef8811f2a866692a623011bde52a462c1,0x7d1b0c617b3020a0313f49ed20f86e42db0e11391c6751544e49c19de4df09c4
332,1225,1.029,0xba9a92202784a9efc2213eb6accaa0ea7d0e0eda,2017-10-25T04:36:39.000Z,0.00084,0xb50f0eb6e3c9169f987c1422fb844b5c7020c1fe,buy,0xd850942ef8811f2a866692a623011bde52a462c1,0x1c38c5c480fc6721496848ff583131f7106fe7ee6cc1e58da3cc75cbbf5af826
333,4500,3.825,0xd78c8e543dce46a07f9c6f5b4652d2d90614ca18,2017-10-25T03:39:10.000Z,0.00085,0x6a912f36057ff7149c41c9140a30d5fe7cd1d7ff,buy,0xd850942ef8811f2a866692a623011bde52a462c1,0xf8bfd8aa961ac7970dd4fa7973e3de2c905bf698354455552d195ba7091bc259
334,52.31,0.04441119,0x0f752ce5a7ea8bbe95531b25a37feee0489b1684,2017-10-25T03:32:37.000Z,0.000849,0x2a00f936d006cfd369776a6da1ceaef866b55748,buy,0xd850942ef8811f2a866692a623011bde52a462c1,0xe12ba0795dd371c0c38e3980ee9930b3a87d8212b0e11d7b5aef0d0a64cf87da
335,436.3756135708723,0.37048289592167055,0x973108a6f641cd522071feea33ef575e49b2ccf0,2017-10-25T03:14:24.000Z,0.000849,0x2a00f936d006cfd369776a6da1ceaef866b55748,buy,0xd850942ef8811f2a866692a623011bde52a462c1,0xfd3484ec227508605ead88db46ccd64eb14846d348544a9da1802c90fc6995b2
336,150,0.12735,0x0f752ce5a7ea8bbe95531b25a37feee0489b1684,2017-10-25T03:07:32.000Z,0.000849,0x2a00f936d006cfd369776a6da1ceaef866b55748,buy,0xd850942ef8811f2a866692a623011bde52a462c1,0x951226adae34f426226334bcb28df558e54d95c0604aedc996aa5b502b705525
337,310,0.26164,0x973108a6f641cd522071feea33ef575e49b2ccf0,2017-10-25T03:04:25.000Z,0.000844,0x318acb24cf301a1582e41275fca45567fc7bcdb1,buy,0xd850942ef8811f2a866692a623011bde52a462c1,0xe922132f16ab68feeac9728b96c747e7a9275b1271e135806ca0f734dbc4c28a
338,310,0.26133,0xcc6e0348016e9a0e7d02f400f0832d00698f0b65,2017-10-25T03:00:35.000Z,0.000843,0x318acb24cf301a1582e41275fca45567fc7bcdb1,buy,0xd850942ef8811f2a866692a623011bde52a462c1,0x6c6bef38bd40f93ff19ef007918f92f54da436b803797398109212ccc6d390e7
339,350,0.294,0xcc6e0348016e9a0e7d02f400f0832d00698f0b65,2017-10-25T02:55:24.000Z,0.00084,0xd36acaf38771b775821e3f6ed5f6a046326880d8,buy,0xd850942ef8811f2a866692a623011bde52a462c1,0xf912de9cdd87459c91c1874b4967dc81067dc701d6d08870aad76654d4c236a4
340,340,0.28866,0x7b539c09d70d4e04e05ae355a2ca5b5c951ae8f2,2017-10-24T23:03:20.000Z,0.000849,0x2a00f936d006cfd369776a6da1ceaef866b55748,buy,0xd850942ef8811f2a866692a623011bde52a462c1,0xe45285882b1f2fdec6b7ea9efa6834e90c90752964f30b8c9e354231fb702765
341,1000,0.85,0x2da3a0a5f918faf1533087af784b9ddabb673682,2017-10-24T21:48:40.000Z,0.00085,0x6a912f36057ff7149c41c9140a30d5fe7cd1d7ff,buy,0xd850942ef8811f2a866692a623011bde52a462c1,0xea66611be04946ad9f2586614542be1993e0fddc6d0c192aed28a7c587c878d9
342,1700,1.4535,0x1296673c17dbedcc8f15350b65c3d928acb12a59,2017-10-24T20:03:53.000Z,0.000855,0x6a912f36057ff7149c41c9140a30d5fe7cd1d7ff,buy,0xd850942ef8811f2a866692a623011bde52a462c1,0x3c0e43639d462b28fe30b711eb8354a8cf70fe1a043135ee1bfe48429204f906
343,220,0.1881,0x6fdd67e67974d559cfde6615365010f43bfb086e,2017-10-24T19:31:16.000Z,0.000855,0x6a912f36057ff7149c41c9140a30d5fe7cd1d7ff,buy,0xd850942ef8811f2a866692a623011bde52a462c1,0xe443d5dbd7d64a7757caf47f9acaaa90cbc5f0100f11aee91b6149939643a48f
344,1000,0.85,0xf1da44a642c14420bdf83f964df997cf5fa30ea7,2017-10-24T19:11:58.000Z,0.00085,0x6a912f36057ff7149c41c9140a30d5fe7cd1d7ff,buy,0xd850942ef8811f2a866692a623011bde52a462c1,0x3258b4c3eb907602d8548888c3a0dc4cb1c0bacdb0b57a632518c279f80a0078
345,969.2616368333713,0.8238723913083656,0x800b2daa2500de1828abd925c8d693476abe0932,2017-10-24T18:31:51.000Z,0.00085,0x6a912f36057ff7149c41c9140a30d5fe7cd1d7ff,buy,0xd850942ef8811f2a866692a623011bde52a462c1,0x35d83bbd11475bc43e1a51a5f8b5fda261c379512ece96a8a847eedba73d2c71
346,17090.824,13.67283010824,0x4115a16c445b1b6af4481338370370dfb6b1bfa3,2017-10-24T17:05:37.000Z,0.00080001,0x94ec83fc57394504eb57001350f2b5d4e6f7c5b6,sell,0xd850942ef8811f2a866692a623011bde52a462c1,0x3632cdd47484c1f0074594925fb58e7f26fcb31c10c81dcec510dd9cd06210bd
347,300,0.243,0x80780100a0d7286aa1463cc88c585cd8bb520e9c,2017-10-24T17:03:43.000Z,0.00081,0x94ec83fc57394504eb57001350f2b5d4e6f7c5b6,sell,0xd850942ef8811f2a866692a623011bde52a462c1,0x4149de7238ee6d8ddf93b7b3fc65b14678af848b263edf8c2aeb82cd5592fa08
348,35,0.032375,0x85c145432a864146471ea54fe2cae9921d72526f,2017-10-24T15:42:23.000Z,0.000925,0x6a912f36057ff7149c41c9140a30d5fe7cd1d7ff,buy,0xd850942ef8811f2a866692a623011bde52a462c1,0xb09fa151ad092330126cb94c60163b7371118f98eb1d2332e4931308fcbee381
349,2000,1.85,0x58a8f5137694edd08964b5268f2e7a6ac514e19b,2017-10-24T15:32:41.000Z,0.000925,0x6a912f36057ff7149c41c9140a30d5fe7cd1d7ff,buy,0xd850942ef8811f2a866692a623011bde52a462c1,0xafa163410173d418f52fc8fc71bf7ee4c26f25f5de8546974a1a7a98812b9423
350,3000,2.7747,0x58a8f5137694edd08964b5268f2e7a6ac514e19b,2017-10-24T15:27:28.000Z,0.0009249,0x4086084834380b6fbb9e623adee6d8c6f7e46847,buy,0xd850942ef8811f2a866692a623011bde52a462c1,0xf2eb83b404e945825664d573c6471d9189d23143d142feca9676b46bdf87ce10
351,1200,1.0188,0x58a8f5137694edd08964b5268f2e7a6ac514e19b,2017-10-24T15:27:23.000Z,0.000849,0x4086084834380b6fbb9e623adee6d8c6f7e46847,buy,0xd850942ef8811f2a866692a623011bde52a462c1,0x35f20116943f447938ab4a1c1dbb29460f3ba6b4e8650cad4a0c73f5ce90a49d
352,600,0.498,0x58a8f5137694edd08964b5268f2e7a6ac514e19b,2017-10-24T15:27:13.000Z,0.00083,0xf142f26d1cac4ba8a6e6d7974d243eda2fe5f4f9,buy,0xd850942ef8811f2a866692a623011bde52a462c1,0x453579e9aec850a1e7dd3fb7306d5104359922eab6d30957ed69ee101f87b68a
353,600,0.492,0x0f752ce5a7ea8bbe95531b25a37feee0489b1684,2017-10-24T14:34:44.000Z,0.00082,0xf142f26d1cac4ba8a6e6d7974d243eda2fe5f4f9,sell,0xd850942ef8811f2a866692a623011bde52a462c1,0xb3b8b42133cff58ed3bb8aab5b2299bd901ed1bbadbd25038256da2af9e222a1
354,1200,1.0188,0x2da3a0a5f918faf1533087af784b9ddabb673682,2017-10-24T14:32:41.000Z,0.000849,0x4086084834380b6fbb9e623adee6d8c6f7e46847,sell,0xd850942ef8811f2a866692a623011bde52a462c1,0x96f2e5628e506bf0be628c3222a2497175a93d1eb708e6692198bc2bc115448f
355,2700,2.2923,0xbc354b9c89fdd6df1cec185428ffdcca71d31e88,2017-10-24T14:27:50.000Z,0.000849,0x4086084834380b6fbb9e623adee6d8c6f7e46847,buy,0xd850942ef8811f2a866692a623011bde52a462c1,0x0c52e7fd1760fdee96f0dfdf43c353815238e1d75b075474f92a71be13e86ccb
356,320,0.27168,0x0f752ce5a7ea8bbe95531b25a37feee0489b1684,2017-10-24T14:19:11.000Z,0.000849,0x4086084834380b6fbb9e623adee6d8c6f7e46847,buy,0xd850942ef8811f2a866692a623011bde52a462c1,0xcbb645fb6993f6a86cf6f0b7fff1680a69e86bb804d7865a8d3fd22eb74f0a04
357,611,0.48880611,0x4115a16c445b1b6af4481338370370dfb6b1bfa3,2017-10-24T13:21:52.000Z,0.00080001,0x0248cf74ed50adcf0c050a7ca4136dcb90520f84,sell,0xd850942ef8811f2a866692a623011bde52a462c1,0x89a97fcf1e23279738834c8c562c34ae15da18bf98bb40cac1e3686d0fd46181
358,250,0.20000275,0x4be7bced82b314ad60dc69274a75757e7d5d93a3,2017-10-24T13:20:36.000Z,0.000800011,0x0248cf74ed50adcf0c050a7ca4136dcb90520f84,sell,0xd850942ef8811f2a866692a623011bde52a462c1,0x7568e0af1f8c2739eb397402a8731b94cddc3fc8b48a799dbff4516edf8cb33c
359,298.17565546804906,0.23854350613099393,0x4115a16c445b1b6af4481338370370dfb6b1bfa3,2017-10-24T11:06:45.000Z,0.00080001,0x0999e80755e6544cbde752ae13e483645271ff52,sell,0xd850942ef8811f2a866692a623011bde52a462c1,0x27bc754cd7f6bfe6fb61da3fcaee9da2f482fba30f08e7894c4a05b2de02ea96
360,300,0.2475,0x0f752ce5a7ea8bbe95531b25a37feee0489b1684,2017-10-24T11:04:48.000Z,0.000825,0x0999e80755e6544cbde752ae13e483645271ff52,sell,0xd850942ef8811f2a866692a623011bde52a462c1,0x97fbc36307546cf93cd82b959cdfd42d4d3ea1f78d67536a318c7f0f57e72a51
361,300,0.2547,0x9916dbbd0a9cee5934c41cf398f38404564fed89,2017-10-24T10:22:35.000Z,0.000849,0x4086084834380b6fbb9e623adee6d8c6f7e46847,buy,0xd850942ef8811f2a866692a623011bde52a462c1,0x4e8644ee845d92b4b9f9853a4e4cae98d467f31b73958bef13758dfc34c28159
362,300,0.2547,0x0f752ce5a7ea8bbe95531b25a37feee0489b1684,2017-10-24T07:58:38.000Z,0.000849,0x4086084834380b6fbb9e623adee6d8c6f7e46847,buy,0xd850942ef8811f2a866692a623011bde52a462c1,0x826fcbb620776a36398298ee81bff6d75fc7bb78dab37721879ba08ebb9622f9
363,1180,1.00182,0xcedd0f5b2ac03d2df0f4f697afbf5778155629bd,2017-10-24T07:15:38.000Z,0.000849,0x4086084834380b6fbb9e623adee6d8c6f7e46847,buy,0xd850942ef8811f2a866692a623011bde52a462c1,0x1ede0395f000514b610c63780fbc93c1b78adb48f3d812f6f01a2fb7fe02789d
364,1336.394906950843,1.0958438236996915,0x95ba9614fb17e7b3721dde75993069ed69897684,2017-10-24T06:51:36.000Z,0.00082,0x02e7847d410e59e3fddac715be2fa17b6c21fa58,sell,0xd850942ef8811f2a866692a623011bde52a462c1,0x3d22d9648a408a7efa0b762f00f82dfae79723fd2979ab14c545107e54f905b1
365,4000,3.28,0x95ba9614fb17e7b3721dde75993069ed69897684,2017-10-24T06:36:06.000Z,0.00082,0x0248cf74ed50adcf0c050a7ca4136dcb90520f84,sell,0xd850942ef8811f2a866692a623011bde52a462c1,0x30803b28c9bc80be1dd21589f071674fb3eb79f07818014f856ae94044c4e66e
366,263.60509304915684,0.21615617630030862,0x95ba9614fb17e7b3721dde75993069ed69897684,2017-10-24T05:23:44.000Z,0.00082,0x3efd9b0bd8e4595bc494539aca584821950106ee,sell,0xd850942ef8811f2a866692a623011bde52a462c1,0x120de543653dba09d0cde6152ae896e07a2fde649852b4d9f22f49748342a7d6
367,20,0.01652,0xe2da005b771a9a7dd00f5d2cc6bc54a9144ad6b0,2017-10-24T05:22:04.000Z,0.000826,0x3efd9b0bd8e4595bc494539aca584821950106ee,sell,0xd850942ef8811f2a866692a623011bde52a462c1,0x0316b5420d51e7fe4e273376ed286aa514cee9b3d32386b0506b4285cc055371
368,330,0.27918,0x0f752ce5a7ea8bbe95531b25a37feee0489b1684,2017-10-24T05:18:20.000Z,0.000846,0x3efd9b0bd8e4595bc494539aca584821950106ee,sell,0xd850942ef8811f2a866692a623011bde52a462c1,0x35b23a4a6cda9538aa97ec455a1f5990dd17f398434a2e46c33ac3b0182358db
369,313,0.264172,0x510ee6176b3445bc93579911842cff2f2a2eb29d,2017-10-24T05:17:39.000Z,0.000844,0x3efd9b0bd8e4595bc494539aca584821950106ee,sell,0xd850942ef8811f2a866692a623011bde52a462c1,0x1925dc841428ea8876c37a60588c72f4df4a48efff0e79e7f3aec830e920a465
370,30,0.0252,0x58948655e84c31da43b3437e706deab6cf07dc81,2017-10-24T05:16:16.000Z,0.00084,0x3efd9b0bd8e4595bc494539aca584821950106ee,sell,0xd850942ef8811f2a866692a623011bde52a462c1,0x61a7045ac6827348396c96548a1e1a5ebe522e53fc36c428e54f8f927253b2c2
371,0.000000000000485555,0.000000000000000437,0x1f9dc9bc0e1d8f14e86704256bb67417b3b1f8cb,2017-10-24T04:42:21.000Z,0.000900001029749462,0x6a912f36057ff7149c41c9140a30d5fe7cd1d7ff,buy,0xd850942ef8811f2a866692a623011bde52a462c1,0xd2c9cb3d20c5a0dcd03198fc2c4db290afb73102dc855dbd7a0122fad887a826
372,9.05694082840237,0.007653115000000002,0x0f752ce5a7ea8bbe95531b25a37feee0489b1684,2017-10-24T03:28:29.000Z,0.0008449999999999998,0x0248cf74ed50adcf0c050a7ca4136dcb90520f84,sell,0xd850942ef8811f2a866692a623011bde52a462c1,0x0a4839ed28f144b56416ac30e11b7c1e0a8e595d24997561dec4d060639438f4
373,591.715276,0.499999999935276,0xd843598a965b7ba6288199fa3a7b26d6df7d827b,2017-10-24T03:26:07.000Z,0.000845001,0x0248cf74ed50adcf0c050a7ca4136dcb90520f84,sell,0xd850942ef8811f2a866692a623011bde52a462c1,0xbf7ef005ef5550d2b58e20f55865179c7324f18668415f191dd79dd955d9d341
374,1186.4424500265393,1.0974592662745488,0x22cf4ad9fa9fc9a590b1455d7d757957bf8a268b,2017-10-24T03:12:35.000Z,0.000925,0x6a912f36057ff7149c41c9140a30d5fe7cd1d7ff,buy,0xd850942ef8811f2a866692a623011bde52a462c1,0x56d619b68c434f72a8801c3c759da3c47c0bf7d92c7d3effe15abadf36c64a52
375,4.115302540123223,0.003498007159104739,0xdd2de64e5a70cf23181aaf248cc1a2a7c89039df,2017-10-24T02:46:50.000Z,0.0008499999999999997,0x0248cf74ed50adcf0c050a7ca4136dcb90520f84,sell,0xd850942ef8811f2a866692a623011bde52a462c1,0xa5be0d1d0dfd83dadb76eaac1bcded440840d77ed1134ad5e9f886aaf9c67dbd
376,3294.063,2.799956844063,0xcec059742071b60375cc5f8c236768b25f85776d,2017-10-24T02:20:24.000Z,0.000850001,0x1a9a08e53f2e652d7b3eb366b6e21eb730dbab9c,sell,0xd850942ef8811f2a866692a623011bde52a462c1,0x3c1b5d918b37245cb847450993cabdec41fceffaf9209bea757a2cc20eacbcca
377,500,0.4375,0xcc6e0348016e9a0e7d02f400f0832d00698f0b65,2017-10-24T02:15:42.000Z,0.000875,0x6a912f36057ff7149c41c9140a30d5fe7cd1d7ff,buy,0xd850942ef8811f2a866692a623011bde52a462c1,0x329823e3dceb045d2b95260ddcf21d0f6f4000debbc9a15a175236972f29b533
378,265.56070794018365,0.23103781590795977,0xab296c308b24c972b60a662262f144eeefc27ec8,2017-10-24T01:17:36.000Z,0.00087,0x6a912f36057ff7149c41c9140a30d5fe7cd1d7ff,buy,0xd850942ef8811f2a866692a623011bde52a462c1,0x9d686e5a0fd066c9e21eeb8c5ff33c0fdbe560d6ce7d14daec2ca08627615833
379,265.56070794018365,0.23103781590795977,0xab296c308b24c972b60a662262f144eeefc27ec8,2017-10-24T01:17:32.000Z,0.00087,0x6a912f36057ff7149c41c9140a30d5fe7cd1d7ff,buy,0xd850942ef8811f2a866692a623011bde52a462c1,0x9d686e5a0fd066c9e21eeb8c5ff33c0fdbe560d6ce7d14daec2ca08627615833
380,255.93659655069285,0.21754636300468547,0xcec059742071b60375cc5f8c236768b25f85776d,2017-10-24T01:06:17.000Z,0.000850001,0x4be2166a8dbe25e79a9b30b4ce26858e10d21e92,sell,0xd850942ef8811f2a866692a623011bde52a462c1,0x3746ae762baedd3e5458be7e1d59cc40a75a8d69d70ce008ce4795549f191806
381,1090,0.92650218,0xdd2de64e5a70cf23181aaf248cc1a2a7c89039df,2017-10-24T00:23:11.000Z,0.000850002,0x4be2166a8dbe25e79a9b30b4ce26858e10d21e92,sell,0xd850942ef8811f2a866692a623011bde52a462c1,0x0ae8bd475e13cdcfc729dc98288a5a0dc9d362ca0861cf2179f918a68dda536a
