,amount,amountBase,buyer,date,price,seller,side,tokenAddr,txHash
0,71.96260458,1.295326882571853,0xeaed7361ca718a28300d9000cbe491e1f70208c9,2017-11-02T15:15:48.000Z,0.018000000001832245,0x31b537ff3d6916e714711ea556239bc5002d1115,buy,0xf433089366899d83a9f26a773d59ec7ecf30355e,0xe0742434e9e1b4fcbc9c47f978033018d31ee2c074a16ff89928a4b7dff96a13
1,2.42483985,0.043647117428147,0xfc2acd6ac8560d587a32b6261909fcde979bd3ee,2017-11-02T13:54:51.000Z,0.018000000052847614,0x31b537ff3d6916e714711ea556239bc5002d1115,buy,0xf433089366899d83a9f26a773d59ec7ecf30355e,0x36fb3b8a8b6ddaedd30066e1e2cd65f364a9db17f85541452b051f8d8982293c
2,0.02777777,0.0005,0x4fda9e6bcd83af6c5cc771b5d20accc2b7720074,2017-11-02T13:07:57.000Z,0.01800000504000141,0x31b537ff3d6916e714711ea556239bc5002d1115,buy,0xf433089366899d83a9f26a773d59ec7ecf30355e,0x75b6f57d24dab0f70cabc20a32f9362efc2c30bcf74b999f173739ed6a2a42a6
3,0.02777777,0.0005,0x3075f7f189912f4f425dd7021b9c396434197477,2017-11-02T12:43:04.000Z,0.01800000504000141,0x31b537ff3d6916e714711ea556239bc5002d1115,buy,0xf433089366899d83a9f26a773d59ec7ecf30355e,0x10d6dc82bf1eb1e67887fdb9a44282d09c7637ceb3ef8b972bde187a33172b23
4,0.1,0.0018,0x75c4ee57efc9aa3d939fd41f7c3ad59c649ec9f7,2017-11-02T10:19:36.000Z,0.018,0x31b537ff3d6916e714711ea556239bc5002d1115,buy,0xf433089366899d83a9f26a773d59ec7ecf30355e,0xd3e9ae4a01bc39f3af0b70560b61ddf6ef21368ebad5594b8757e3f3ad6e741e
5,1.56514804,0.02768512110554,0x49fda303070ca1cc762161d2d057f112b83b35a4,2017-11-02T09:53:21.000Z,0.0176885,0xdd94736409e42ae626f22296349182378dd53b0a,sell,0xf433089366899d83a9f26a773d59ec7ecf30355e,0x958647f65ff943ae8a6cb98818bdabda2bc7a078bf74c5ad5bbe508349e3f2b2
6,35.19090818,0.62247437934193,0x49fda303070ca1cc762161d2d057f112b83b35a4,2017-11-02T04:08:59.000Z,0.0176885,0xaf51d2fae4909543d54d02550bc7c861789d9f0c,sell,0xf433089366899d83a9f26a773d59ec7ecf30355e,0x8f284b7210053f0198cfbd1c382164e97e04259b1ae090077ee9d46055734226
7,5,0.1,0x49ef69ad25f2f37761fd336a6024360e243614f3,2017-11-01T21:18:22.000Z,0.02,0x65ca6f5c8bcee95ada1eecbe4be45c352b4b2ad8,buy,0xf433089366899d83a9f26a773d59ec7ecf30355e,0xe3a6917b4b1fe49fb0d4f6ee95e10b48558ae609d9b0221b2bdd3cbb551b032d
8,20,0.4011202,0x4bfa5fdd96496a949f8ad8ca7c59fceec8d7e3d6,2017-11-01T16:17:08.000Z,0.02005601,0xa3b2ceb252ec28d6bb74c78831ebfa56829ff4ed,sell,0xf433089366899d83a9f26a773d59ec7ecf30355e,0x0cc92be842fbbd1f5425b7186696de7f67472d63d06f81e69423e89c6fe78baa
9,21.872,0.4496905072,0x4bfa5fdd96496a949f8ad8ca7c59fceec8d7e3d6,2017-11-01T16:15:33.000Z,0.0205601,0xa3b2ceb252ec28d6bb74c78831ebfa56829ff4ed,sell,0xf433089366899d83a9f26a773d59ec7ecf30355e,0x5b57e4e8907a1a41142af118ca34bcc60a7ee9134522e6ae13301d89eb565dcd
10,70.57122918,1.450951529063718,0x4bfa5fdd96496a949f8ad8ca7c59fceec8d7e3d6,2017-11-01T16:04:10.000Z,0.0205601,0xa3b2ceb252ec28d6bb74c78831ebfa56829ff4ed,sell,0xf433089366899d83a9f26a773d59ec7ecf30355e,0x594bb1cb4d5d443f4394120da439c091bc36e77fa75775ecaba4d3f1b37f0de7
11,90.45064668,1.859674340805468,0x4bfa5fdd96496a949f8ad8ca7c59fceec8d7e3d6,2017-11-01T14:32:28.000Z,0.0205601,0x8347b459b281c76c95337a628a8523348ddbdef5,sell,0xf433089366899d83a9f26a773d59ec7ecf30355e,0x6403fb5da153e9bbc61362aa4b4828efed8eee160ba3e79c7c8dea9efacfffa3
12,44,0.90684,0x3edc3d0f431cb4981b13a4334f37f15735dc84fb,2017-11-01T14:29:03.000Z,0.02061,0x8347b459b281c76c95337a628a8523348ddbdef5,sell,0xf433089366899d83a9f26a773d59ec7ecf30355e,0x40ddb0396976139771c9d31d141c660cdf65ee7d3c2b46fc2be06021df728073
13,8.01192055,0.16664794744,0x3edc3d0f431cb4981b13a4334f37f15735dc84fb,2017-11-01T14:29:03.000Z,0.0208,0x8347b459b281c76c95337a628a8523348ddbdef5,sell,0xf433089366899d83a9f26a773d59ec7ecf30355e,0x598b86c7b9a00a1704e7fbe215302966fbf689aa38e45e0e4ea8953642f27dd9
14,160.10607,3.291796809807,0x4bfa5fdd96496a949f8ad8ca7c59fceec8d7e3d6,2017-11-01T14:10:31.000Z,0.0205601,0x9778550d76b07ac9f5e57392f68ecdf6efc1774e,sell,0xf433089366899d83a9f26a773d59ec7ecf30355e,0x1df1b33265172d75147e68651f8083a776eb50aca241d48bfada5f315978fcce
15,134.6,2.7998146,0x729929af8cbfd06a18f388523b0338e97bb273e2,2017-11-01T14:09:33.000Z,0.020801,0x9778550d76b07ac9f5e57392f68ecdf6efc1774e,sell,0xf433089366899d83a9f26a773d59ec7ecf30355e,0x028fd8607e9c49da2e49a4f8e26439967f74d415958c766b201fc583f398ce8f
16,61.98807945,1.28935205256,0x3edc3d0f431cb4981b13a4334f37f15735dc84fb,2017-11-01T14:07:36.000Z,0.0208,0x9778550d76b07ac9f5e57392f68ecdf6efc1774e,sell,0xf433089366899d83a9f26a773d59ec7ecf30355e,0x8d8cb5f5916911f0f460abbf28829d611a8bc8e7aaf35a19e0e10e74ec44059b
17,60,1.266,0xfbf7dc0756a9768d0c71aea5f8421f3b1eaee7d1,2017-11-01T14:06:27.000Z,0.0211,0x9778550d76b07ac9f5e57392f68ecdf6efc1774e,sell,0xf433089366899d83a9f26a773d59ec7ecf30355e,0x5749ba6fd458bc7481382d7d38023c17f5edfde0cdf0ff89ad592d9e70c8440a
18,100,2.1,0x6f59e0bb467cf8450b9701537a29053524eeb12f,2017-11-01T14:06:27.000Z,0.021,0x9778550d76b07ac9f5e57392f68ecdf6efc1774e,sell,0xf433089366899d83a9f26a773d59ec7ecf30355e,0x4e3cb117c9c55e263e010db8a2fc117cb4d5e6fc1861cf4f4acaa391b080fc8a
19,3.83,0.10341,0xe5c5f7b4e7d4a86da73bb6a3e7fde89a9e8f1041,2017-11-01T08:21:01.000Z,0.027,0x2a40c5a487c50857a5d00256184d094e0d236352,buy,0xf433089366899d83a9f26a773d59ec7ecf30355e,0xa3498e540261c0b7eb2b6727cdacbe8affb9411b456661d8ada003aec28bbabe
20,50,1.32,0xf44072eda87ede9613b6ae1b812de8a60ade27a2,2017-11-01T08:04:05.000Z,0.0264,0x6f59e0bb467cf8450b9701537a29053524eeb12f,buy,0xf433089366899d83a9f26a773d59ec7ecf30355e,0x1e87f636397e2802ba63ce2138bfd27aa79795d44f92d1c4c9baaeb8335dd822
21,19.17312228,0.5178660327827999,0x726078f7ea5ae4942479d825820ed72b87f9ec73,2017-11-01T08:04:05.000Z,0.02700999999999999,0xf44072eda87ede9613b6ae1b812de8a60ade27a2,sell,0xf433089366899d83a9f26a773d59ec7ecf30355e,0xc7a7e7a72fff6d298040dd88de50244b5c696af187912d54b0e4b8f48f1dd17f
22,19.23081473,0.5086550496085,0xf44072eda87ede9613b6ae1b812de8a60ade27a2,2017-11-01T08:04:05.000Z,0.02645,0xec8d94eced26f21aa0646b64b03b431096ea95e9,buy,0xf433089366899d83a9f26a773d59ec7ecf30355e,0xc7a7e7a72fff6d298040dd88de50244b5c696af187912d54b0e4b8f48f1dd17f
23,49.85,1.34599985,0x726078f7ea5ae4942479d825820ed72b87f9ec73,2017-11-01T08:04:05.000Z,0.027001,0xf44072eda87ede9613b6ae1b812de8a60ade27a2,sell,0xf433089366899d83a9f26a773d59ec7ecf30355e,0x1e87f636397e2802ba63ce2138bfd27aa79795d44f92d1c4c9baaeb8335dd822
24,30.6768777,0.8285824666769996,0x726078f7ea5ae4942479d825820ed72b87f9ec73,2017-11-01T03:17:19.000Z,0.02700999999999999,0xf44072eda87ede9613b6ae1b812de8a60ade27a2,sell,0xf433089366899d83a9f26a773d59ec7ecf30355e,0xe594ca11fcf8aa6d330e8166fc1219eb4705427b020aeb4238a36e6e958ca790
25,30.76918526,0.8138449501270001,0xf44072eda87ede9613b6ae1b812de8a60ade27a2,2017-11-01T03:17:19.000Z,0.02645,0xec8d94eced26f21aa0646b64b03b431096ea95e9,buy,0xf433089366899d83a9f26a773d59ec7ecf30355e,0xe594ca11fcf8aa6d330e8166fc1219eb4705427b020aeb4238a36e6e958ca790
26,50,1.25,0x273a5d3e6721b9f5c1a6474f560c1334c63dda01,2017-11-01T03:16:32.000Z,0.025,0x2a40c5a487c50857a5d00256184d094e0d236352,buy,0xf433089366899d83a9f26a773d59ec7ecf30355e,0xaedb9d61857368f2abf40b4b90c99e51c402a479d27bc67bb684170453511b8d
27,28.92714535,0.6870197020625,0x273a5d3e6721b9f5c1a6474f560c1334c63dda01,2017-11-01T03:16:32.000Z,0.02375,0xd3a65f8c8c5ed562d8ea7a1fc8dc4391e26c4684,buy,0xf433089366899d83a9f26a773d59ec7ecf30355e,0x3ee03ef4b87b8c040015ff704682adf47eb40f5218194187974bad7d02e438a9
28,43.99999999,1.05599999976,0xf44072eda87ede9613b6ae1b812de8a60ade27a2,2017-11-01T03:16:32.000Z,0.024,0x2a40c5a487c50857a5d00256184d094e0d236352,buy,0xf433089366899d83a9f26a773d59ec7ecf30355e,0x939a227c109e123ecca0b786e8acae619a5cae2f9f4ffd0464a9ed86fd792903
29,28.84036391,0.7789782292090998,0x726078f7ea5ae4942479d825820ed72b87f9ec73,2017-11-01T03:16:32.000Z,0.02700999999999999,0x273a5d3e6721b9f5c1a6474f560c1334c63dda01,sell,0xf433089366899d83a9f26a773d59ec7ecf30355e,0x3ee03ef4b87b8c040015ff704682adf47eb40f5218194187974bad7d02e438a9
30,49.85,1.3464484999999995,0x726078f7ea5ae4942479d825820ed72b87f9ec73,2017-11-01T03:16:32.000Z,0.02700999999999999,0x273a5d3e6721b9f5c1a6474f560c1334c63dda01,sell,0xf433089366899d83a9f26a773d59ec7ecf30355e,0xaedb9d61857368f2abf40b4b90c99e51c402a479d27bc67bb684170453511b8d
31,43.86799999,1.1848746797298995,0x726078f7ea5ae4942479d825820ed72b87f9ec73,2017-11-01T03:16:32.000Z,0.02700999999999999,0xf44072eda87ede9613b6ae1b812de8a60ade27a2,sell,0xf433089366899d83a9f26a773d59ec7ecf30355e,0x939a227c109e123ecca0b786e8acae619a5cae2f9f4ffd0464a9ed86fd792903
32,0.66285465,0.0157427979375,0x273a5d3e6721b9f5c1a6474f560c1334c63dda01,2017-11-01T01:35:10.000Z,0.02375,0xd3a65f8c8c5ed562d8ea7a1fc8dc4391e26c4684,buy,0xf433089366899d83a9f26a773d59ec7ecf30355e,0x61cb3049d2980e31f6dd67878fd80a15664c5c0e0a13c33831403971f6d7dd0c
33,0.66086608,0.016521652,0x3cb319e3dc7432c795b70ffaa05e90ba46107305,2017-11-01T01:35:10.000Z,0.025,0x273a5d3e6721b9f5c1a6474f560c1334c63dda01,sell,0xf433089366899d83a9f26a773d59ec7ecf30355e,0x61cb3049d2980e31f6dd67878fd80a15664c5c0e0a13c33831403971f6d7dd0c
34,30,0.696,0xe624fa6d80d1cce582d49fc9e71b043ca16c783d,2017-11-01T01:16:50.000Z,0.0232,0xd3a65f8c8c5ed562d8ea7a1fc8dc4391e26c4684,sell,0xf433089366899d83a9f26a773d59ec7ecf30355e,0xa3623cde3e211dd5020506445886b226110256dc6ba4ce9585b3e4dc65e2a331
35,6,0.144,0xf44072eda87ede9613b6ae1b812de8a60ade27a2,2017-10-31T18:37:55.000Z,0.024,0x2a40c5a487c50857a5d00256184d094e0d236352,buy,0xf433089366899d83a9f26a773d59ec7ecf30355e,0xc2cda8c88bb94f635ba9951ccf60d699651417e9f67f6e15d491f6ab2696cc82
36,5.982,0.1513446,0x36e1d3b78338afffe565d50c441c77344ed78865,2017-10-31T18:37:55.000Z,0.0253,0xf44072eda87ede9613b6ae1b812de8a60ade27a2,sell,0xf433089366899d83a9f26a773d59ec7ecf30355e,0xc2cda8c88bb94f635ba9951ccf60d699651417e9f67f6e15d491f6ab2696cc82
37,15,0.42375,0xa8ebce443fddd76cc1ab018d96b4f5e3b629f1e6,2017-10-31T14:50:33.000Z,0.02825,0x3cb319e3dc7432c795b70ffaa05e90ba46107305,buy,0xf433089366899d83a9f26a773d59ec7ecf30355e,0x7c964538086c66342d00a056e5abc264ad787b6566f387af64419d052d8c71d2
38,0.1,0.002825,0xc73604d0514ac01e63513d07601e7e98f2f117b4,2017-10-31T14:13:03.000Z,0.02825,0x3cb319e3dc7432c795b70ffaa05e90ba46107305,buy,0xf433089366899d83a9f26a773d59ec7ecf30355e,0x95ca4c42a4bd2fd9afc478d68e7bd75ef45a369c16bba212dc71775062218c36
39,5.1,0.1479,0xfc2acd6ac8560d587a32b6261909fcde979bd3ee,2017-10-31T12:15:46.000Z,0.029,0x3cb319e3dc7432c795b70ffaa05e90ba46107305,buy,0xf433089366899d83a9f26a773d59ec7ecf30355e,0xf3c8519ccba1ab67d1e0cc26afb62332b9306c3963b4d52b228afd0a88caafbc
40,0.02,0.00058,0x94b0bf6dd676f7b4884557735945b927535fd822,2017-10-31T11:57:14.000Z,0.029,0x3cb319e3dc7432c795b70ffaa05e90ba46107305,buy,0xf433089366899d83a9f26a773d59ec7ecf30355e,0x05f94d67fdbdf54277a68ff6f1a1ed45e154e3d2be4144d83ef1cca28604e23a
41,199.33714535,4.98342863375,0x3cb319e3dc7432c795b70ffaa05e90ba46107305,2017-10-31T11:44:01.000Z,0.025,0x3df86cefaecfaa31be2f74f8f832cb4ef62b79f8,sell,0xf433089366899d83a9f26a773d59ec7ecf30355e,0x2be036dead3dc2c85ca030cac274dfc9c7bb9c462dc3a411225184d96c2e0def
42,0.001,0.000033,0x6cdea8e07bf82d7a07dbf36642d6e5be8623845c,2017-10-31T11:29:18.000Z,0.033,0x30d5e67f7f2cd3dd957b035ffd5c10c6305ba19f,buy,0xf433089366899d83a9f26a773d59ec7ecf30355e,0x2a5c22ee2317d9d371e8a57075b190070343e344db81e1980ef57b65ea36627f
43,0.12,0.003036024,0x3dee4a4e076e8d82859d241db0baf46f112cfa23,2017-10-31T06:49:45.000Z,0.0253002,0x009a12d4290630bc01fd82516ac57c1dc6a9bcfb,sell,0xf433089366899d83a9f26a773d59ec7ecf30355e,0xb9b3634f9841ada2c15c5af34b917b2406910ecaa944ead72ca041757ebf5236
44,55,1.39975,0x3dee4a4e076e8d82859d241db0baf46f112cfa23,2017-10-31T06:48:49.000Z,0.02545,0x009a12d4290630bc01fd82516ac57c1dc6a9bcfb,sell,0xf433089366899d83a9f26a773d59ec7ecf30355e,0x7117f488314f4392dee4aa388024c916f2c31bea149a77a4ac530e0faca10225
45,5.75578,0.1291777880909912,0xdb44707fdce4b4fe093616e982fce34394e67edd,2017-10-31T06:48:49.000Z,0.02244314204,0x009a12d4290630bc01fd82516ac57c1dc6a9bcfb,sell,0xf433089366899d83a9f26a773d59ec7ecf30355e,0x3d5fcca60b311c38c886bfa6157a2b17bd566f57fbdcb4827b3c6541d9c02716
46,0.12,0.003036024,0x3dee4a4e076e8d82859d241db0baf46f112cfa23,2017-10-31T06:48:49.000Z,0.0253002,0x009a12d4290630bc01fd82516ac57c1dc6a9bcfb,sell,0xf433089366899d83a9f26a773d59ec7ecf30355e,0x84f715a928228a97c6c4229645c68c4735c482b76cc4c9766ddf1530e09404e3
47,0.12,0.003036024,0x3dee4a4e076e8d82859d241db0baf46f112cfa23,2017-10-31T06:48:49.000Z,0.0253002,0x009a12d4290630bc01fd82516ac57c1dc6a9bcfb,sell,0xf433089366899d83a9f26a773d59ec7ecf30355e,0x51c350c14a072daf1db2014331fcaf514657ec04a688457230f662cd98abce42
48,118.311,3.04650825,0xeb73d8f2590f7929d82cc2f832f2c94ce4789fba,2017-10-31T06:48:29.000Z,0.02575,0x009a12d4290630bc01fd82516ac57c1dc6a9bcfb,sell,0xf433089366899d83a9f26a773d59ec7ecf30355e,0xd0b882fb6749e0c72ab617d83071be135ded97585028b54e5809232c7e86fd45
49,99.60868003,2.5649235107725,0xeb73d8f2590f7929d82cc2f832f2c94ce4789fba,2017-10-31T06:47:31.000Z,0.02575,0x4bfa5fdd96496a949f8ad8ca7c59fceec8d7e3d6,sell,0xf433089366899d83a9f26a773d59ec7ecf30355e,0x28872060ca9e57ee2a809776d54548b75ffcfa6f9c343674b1e2f4f92840181e
50,182.08017594,4.688564530455,0xeb73d8f2590f7929d82cc2f832f2c94ce4789fba,2017-10-31T06:39:07.000Z,0.02575,0x009a12d4290630bc01fd82516ac57c1dc6a9bcfb,sell,0xf433089366899d83a9f26a773d59ec7ecf30355e,0x98798511d06498ba6a4deeae05b26be6355562976f6acb87d101647869374223
51,174.66934785,4.49860905387675,0x009a12d4290630bc01fd82516ac57c1dc6a9bcfb,2017-10-31T06:36:23.000Z,0.025755,0x4bfa5fdd96496a949f8ad8ca7c59fceec8d7e3d6,sell,0xf433089366899d83a9f26a773d59ec7ecf30355e,0x98ff26ec98de66a79b9ce0ae7271d6b11a2e0bebe1c57732b46f7709f4f25454
52,7.97527664,0.2054032498632,0x009a12d4290630bc01fd82516ac57c1dc6a9bcfb,2017-10-31T06:33:31.000Z,0.025755,0xddb46c7067e700e5bc86a28c30a3a4b7e49348f4,sell,0xf433089366899d83a9f26a773d59ec7ecf30355e,0x68da18e22fcb88c80b7a21e47785e2a04c309db0fabcae7b8c123085bc87f394
53,0.616,0.016638159999999992,0x726078f7ea5ae4942479d825820ed72b87f9ec73,2017-10-31T06:26:48.000Z,0.02700999999999999,0xa78b0e6244361daa4af40f96f25429f998fbe196,sell,0xf433089366899d83a9f26a773d59ec7ecf30355e,0x6edc293ab48dd66dc27e750ff54ce7b9f65ec9665961e373fc9f79aa88b5c5f5
54,6.31,0.170692441,0x0b946efae53975b97a0d1d02f75fabf55d0d6a96,2017-10-31T06:26:04.000Z,0.0270511,0xa78b0e6244361daa4af40f96f25429f998fbe196,sell,0xf433089366899d83a9f26a773d59ec7ecf30355e,0x8d3655bafcc93fc562d5ec1ee7dbf14a15b9077720972ffc4d0c20629549608c
55,4,0.1082044,0x0b946efae53975b97a0d1d02f75fabf55d0d6a96,2017-10-31T06:08:04.000Z,0.0270511,0xff0847608a0c6b659736931bfa86d5239df4a6fb,sell,0xf433089366899d83a9f26a773d59ec7ecf30355e,0xa5e931e234b7d9b4c6127e98cac800ecf92da1de362ead17f908fbb6ed30bd62
56,0.012,0.0003246132,0x0b946efae53975b97a0d1d02f75fabf55d0d6a96,2017-10-31T05:06:25.000Z,0.0270511,0xe444a40689f51f63bcd29910622035707d533d29,sell,0xf433089366899d83a9f26a773d59ec7ecf30355e,0xe604bd5c708a26aeda3f0ca8fd4a36fb5c78d0bc178b2410e4a6fa618aa04ece
57,10,0.275,0xff0847608a0c6b659736931bfa86d5239df4a6fb,2017-10-31T04:36:32.000Z,0.0275,0x9d235c14b6e6432b3b82eaf29755e42d82aa846f,buy,0xf433089366899d83a9f26a773d59ec7ecf30355e,0x44653e7024ecea67d4f81a465a4c706864d9a925b87c3d6fd8e2ab45c5e7229e
58,39.64793438,1.072520237706818,0x0b946efae53975b97a0d1d02f75fabf55d0d6a96,2017-10-31T00:52:10.000Z,0.0270511,0xf142f26d1cac4ba8a6e6d7974d243eda2fe5f4f9,sell,0xf433089366899d83a9f26a773d59ec7ecf30355e,0x0bf6575bc0841df10a09198ab09b3cd1072efbca6e9347a9ff593b5e1d2c9c5a
59,0.079,0.0021804,0x9a941cbe8f6580ebb8ec48da765b3ad49b1d5671,2017-10-31T00:51:48.000Z,0.0276,0xf142f26d1cac4ba8a6e6d7974d243eda2fe5f4f9,sell,0xf433089366899d83a9f26a773d59ec7ecf30355e,0xa6583b7d5963044133ba0f09e96b27af85732689ce8a35b39326ce82908b494a
60,10,0.272000001,0x953d1111662196af36e9d387c0f909e14111fa76,2017-10-31T00:51:48.000Z,0.0272000001,0xf142f26d1cac4ba8a6e6d7974d243eda2fe5f4f9,sell,0xf433089366899d83a9f26a773d59ec7ecf30355e,0x8fb161c11b166471d31c457927eacb0f7705fad2b17f346c4f1ec8336c1fc7d5
61,40,1.094044,0x0b946efae53975b97a0d1d02f75fabf55d0d6a96,2017-10-31T00:51:19.000Z,0.0273511,0xf142f26d1cac4ba8a6e6d7974d243eda2fe5f4f9,sell,0xf433089366899d83a9f26a773d59ec7ecf30355e,0xb5c358ba7842659ac8496937619f4829345d598544f52e3370f281ccb27e1368
62,0.42,0.01596,0x797b3387f696974bae3eaa464cd958a8037e7cdc,2017-10-31T00:16:20.000Z,0.038,0x27daf1c7fc65ad21fc69a0bcd3128481c8c03f50,buy,0xf433089366899d83a9f26a773d59ec7ecf30355e,0x27bf68825b66779279878025486a308759ef2f49df2fad9bedbdfff3482b45c6
63,0.79972828,0.022072500528,0x9a941cbe8f6580ebb8ec48da765b3ad49b1d5671,2017-10-31T00:02:14.000Z,0.0276,0xf142f26d1cac4ba8a6e6d7974d243eda2fe5f4f9,sell,0xf433089366899d83a9f26a773d59ec7ecf30355e,0x16fd4c6d3685893e271ac3d2449cfed8e29f3e141e336030932bb523c71fee51
64,50,1.4,0x6f59e0bb467cf8450b9701537a29053524eeb12f,2017-10-31T00:01:02.000Z,0.028,0xf142f26d1cac4ba8a6e6d7974d243eda2fe5f4f9,sell,0xf433089366899d83a9f26a773d59ec7ecf30355e,0x781c647db161c4fb8f8c3ad319cb5951bb0a2488c884c8f4523954d5b55deb9d
65,38.931,1.16793,0xa9fe63c238039e4e0a81db8f2ea3a98161ee065e,2017-10-31T00:00:38.000Z,0.03,0xf142f26d1cac4ba8a6e6d7974d243eda2fe5f4f9,sell,0xf433089366899d83a9f26a773d59ec7ecf30355e,0x810280eaa74bcfaf3fa3db1e261a1174f2b14935284db1b0fd2061ed48d12062
66,379.324,14.414312,0x7f9354eb6af29ebe56dc5cecbe729b80e97c954f,2017-10-30T21:39:41.000Z,0.038,0xba9a0f82667dc3d9eed8570809f6f552662a6422,buy,0xf433089366899d83a9f26a773d59ec7ecf30355e,0x52396b0a70806aa8c7f58b7388765d70ed6a7943b6fafbbd633ef880523a4a36
67,0.1,0.0038,0x0c4085d8e714ca77ac5f46cd2b80a92d238a7cd3,2017-10-30T17:40:35.000Z,0.038,0xba9a0f82667dc3d9eed8570809f6f552662a6422,buy,0xf433089366899d83a9f26a773d59ec7ecf30355e,0xa1ddd2f172aa8c5ac6dbc1fd9c9a5401a1618fd14f15afb3c47e6c27ca83c85d
68,32,0.9216,0x963bafe8fae686de2824093ac201e5f5dee8c8da,2017-10-30T17:17:17.000Z,0.0288,0xf142f26d1cac4ba8a6e6d7974d243eda2fe5f4f9,sell,0xf433089366899d83a9f26a773d59ec7ecf30355e,0xc301de87bf628e625f6e9946d2316ad21c2bdf41449ed23f20bebf2aa4f6d889
69,8,0.248,0xddb46c7067e700e5bc86a28c30a3a4b7e49348f4,2017-10-30T17:11:36.000Z,0.031,0xff0847608a0c6b659736931bfa86d5239df4a6fb,sell,0xf433089366899d83a9f26a773d59ec7ecf30355e,0xdafe59315d00c17daafcbcc7756376cebe3746f0d8775abe24c319c532616249
70,519.531,16.105461,0x3cfc62f06a161224d415341440fb42342b81909f,2017-10-30T13:04:22.000Z,0.031,0x9778550d76b07ac9f5e57392f68ecdf6efc1774e,sell,0xf433089366899d83a9f26a773d59ec7ecf30355e,0x7075eb11f5c540c60fe1e54b55cbce3ef4bd8f92e8193167e2daa9f12adb3f6f
71,2.99072874,0.09271259094,0x3cfc62f06a161224d415341440fb42342b81909f,2017-10-30T13:00:00.000Z,0.031,0xff0847608a0c6b659736931bfa86d5239df4a6fb,sell,0xf433089366899d83a9f26a773d59ec7ecf30355e,0x0310146d2d148034a966b0b2711f362694ee0587e201dd5b0262be56ca0f9935
72,88.81776492,2.75335071252,0x3cfc62f06a161224d415341440fb42342b81909f,2017-10-30T12:54:00.000Z,0.031,0xced732ca92cb4f040239c4e8c85f14acbb5db000,sell,0xf433089366899d83a9f26a773d59ec7ecf30355e,0xb1c9eb874d068374198d4db476f1a2c7ec6e671d92010b287d76cbe041460e4c
73,498.35493402,15.44900295462,0x3cfc62f06a161224d415341440fb42342b81909f,2017-10-30T12:52:05.000Z,0.031,0x9778550d76b07ac9f5e57392f68ecdf6efc1774e,sell,0xf433089366899d83a9f26a773d59ec7ecf30355e,0x28842d4b03591e922531b1ffbafcde2d89c0570085b6dc5eba6e880f63f435a2
74,498.34308719,15.44863570289,0x3cfc62f06a161224d415341440fb42342b81909f,2017-10-30T12:46:50.000Z,0.031,0x9778550d76b07ac9f5e57392f68ecdf6efc1774e,sell,0xf433089366899d83a9f26a773d59ec7ecf30355e,0xef3d24ce240647c59cc9b84e2c58b7796d5c75d2a9ab44d7b77517f30d31a623
75,379.50761538,11.76473607678,0x3cfc62f06a161224d415341440fb42342b81909f,2017-10-30T12:41:10.000Z,0.031,0x9778550d76b07ac9f5e57392f68ecdf6efc1774e,sell,0xf433089366899d83a9f26a773d59ec7ecf30355e,0x2d8a4de335e72981eec1cbc48a437bfdb64d72960f0cf928ce15c91f205c6bbd
76,550.90495509,17.07805360779,0x3cfc62f06a161224d415341440fb42342b81909f,2017-10-30T12:40:32.000Z,0.031,0x3df86cefaecfaa31be2f74f8f832cb4ef62b79f8,sell,0xf433089366899d83a9f26a773d59ec7ecf30355e,0x84fae32d44f9084b722055da792971fb1c7e1d2409646b873c1945cfbc6788a5
77,680.88982076,21.10758444356,0x3cfc62f06a161224d415341440fb42342b81909f,2017-10-30T12:37:48.000Z,0.031,0x9778550d76b07ac9f5e57392f68ecdf6efc1774e,sell,0xf433089366899d83a9f26a773d59ec7ecf30355e,0x311ad8809c2efc4d78982c8c431a6be957092194e43d6a3e576cdbe6c17c185f
78,5.999,0.1997667,0x9a941cbe8f6580ebb8ec48da765b3ad49b1d5671,2017-10-30T06:44:27.000Z,0.0333,0x56942bbbd851b7462b4233db375422ffac50ab0a,buy,0xf433089366899d83a9f26a773d59ec7ecf30355e,0x92be4e8e35976d73573412208f176f82b41eef66d0ecabd9cde033efb52ebe9d
79,13,0.4316,0x9a941cbe8f6580ebb8ec48da765b3ad49b1d5671,2017-10-30T06:36:13.000Z,0.0332,0xfbf7dc0756a9768d0c71aea5f8421f3b1eaee7d1,buy,0xf433089366899d83a9f26a773d59ec7ecf30355e,0x6be167ff4602932f1e72a25df689203c0cc808f289169bf4af7db934553e289b
80,0.015,0.0004057665,0x0b946efae53975b97a0d1d02f75fabf55d0d6a96,2017-10-30T02:47:41.000Z,0.0270511,0x16e5d97bbc92417e051e3b2cabfbf8ceea2acb9c,sell,0xf433089366899d83a9f26a773d59ec7ecf30355e,0x99bdbb4e548031b5d988c498ac8445f7d4eab18a243d9955f8b72a0b0952add5
81,0.015,0.0004057665,0x0b946efae53975b97a0d1d02f75fabf55d0d6a96,2017-10-30T02:47:01.000Z,0.0270511,0x379374d13077e8867ef31803c37baf9785a17c00,sell,0xf433089366899d83a9f26a773d59ec7ecf30355e,0xc1c9fdc86c927718f70f7b5da65b2c688ca09c73ce05cfcdf7ddc3a71371df88
82,30.14024907,0.75350622675,0x3dee4a4e076e8d82859d241db0baf46f112cfa23,2017-10-29T20:21:38.000Z,0.025,0x5276064fb6e5c1bb2d7dff3e31e378c5f1b2a355,sell,0xf433089366899d83a9f26a773d59ec7ecf30355e,0x0055e6cd41cbb562273d51a288830b9038186f7b9b0ffaf957336b6dc0cf72b7
83,500,13.5255,0x009a12d4290630bc01fd82516ac57c1dc6a9bcfb,2017-10-29T20:17:14.000Z,0.027051,0x5276064fb6e5c1bb2d7dff3e31e378c5f1b2a355,sell,0xf433089366899d83a9f26a773d59ec7ecf30355e,0x5adf3d05ae98de7118d1e164c2b68381f649ab5d6697d237ec667b2808134f35
84,0.00623873,0.000207437928023564,0x152da6ae66217a5d0a425a76c468e10e7e875033,2017-10-29T19:38:45.000Z,0.033250024928721714,0xfbf7dc0756a9768d0c71aea5f8421f3b1eaee7d1,buy,0xf433089366899d83a9f26a773d59ec7ecf30355e,0x19a8a073e2489a62e8352c81a8bb65f9700ded162d7ab63ab712ff5676118a41
85,0.00427198,0.000126304527791856,0x997c7ca3fde513bb15ec45d08067fe328f4832ed,2017-10-29T17:51:01.000Z,0.029565805034634057,0xf142f26d1cac4ba8a6e6d7974d243eda2fe5f4f9,sell,0xf433089366899d83a9f26a773d59ec7ecf30355e,0xa0c86d50b80331d4271b7437c6ab2e59b3fa1e7e2aa07d09b67f09ff8685a6fd
86,42.85217789,1.2669591368052036,0x997c7ca3fde513bb15ec45d08067fe328f4832ed,2017-10-29T17:47:16.000Z,0.02956580503463423,0xf142f26d1cac4ba8a6e6d7974d243eda2fe5f4f9,sell,0xf433089366899d83a9f26a773d59ec7ecf30355e,0xec2482543015bbd0aaeca75d1f0b745cfca21a6ae9052efee8dfc2f7a741698f
87,0.19633322,0.005804749704341949,0x997c7ca3fde513bb15ec45d08067fe328f4832ed,2017-10-29T17:38:31.000Z,0.029565805034634227,0xf142f26d1cac4ba8a6e6d7974d243eda2fe5f4f9,sell,0xf433089366899d83a9f26a773d59ec7ecf30355e,0xafd4d084923561682140fe4fc5dd7cca02509906514028a263a24a8d59f79c41
88,2.3,0.0684825,0x51aefa5e5b31e0416490a6f647efcb1a3af94c74,2017-10-29T17:37:36.000Z,0.029775,0xf142f26d1cac4ba8a6e6d7974d243eda2fe5f4f9,sell,0xf433089366899d83a9f26a773d59ec7ecf30355e,0x89b18b4174e08cbd83a911e1897ac82978ec949500ff4f6f1aefcfa81665e2c1
89,1.39598423,0.04606747959,0x3e1b1fe45cb2040b97cdb3191d4933ad1ff0928d,2017-10-29T17:37:22.000Z,0.033,0xf142f26d1cac4ba8a6e6d7974d243eda2fe5f4f9,sell,0xf433089366899d83a9f26a773d59ec7ecf30355e,0xfddd1092bc808e9e832c9050572228149a39201a832a0bed9d679a6828fdf89f
90,32,1.056,0x3e1b1fe45cb2040b97cdb3191d4933ad1ff0928d,2017-10-29T17:35:34.000Z,0.033,0xf142f26d1cac4ba8a6e6d7974d243eda2fe5f4f9,sell,0xf433089366899d83a9f26a773d59ec7ecf30355e,0x517356991530dbb0a481fe51c0bbb37efd38e76e1fb4484e5b8c173a1e91f289
91,20,0.665,0xa8ebce443fddd76cc1ab018d96b4f5e3b629f1e6,2017-10-29T15:30:57.000Z,0.03325,0xfbf7dc0756a9768d0c71aea5f8421f3b1eaee7d1,buy,0xf433089366899d83a9f26a773d59ec7ecf30355e,0x8079948a3da11ba2b65a601a4e3fe5baa90a9c7e214f33dcbd7fb53c786a4ada
92,24.82304854,0.7339134134989018,0x997c7ca3fde513bb15ec45d08067fe328f4832ed,2017-10-29T14:02:36.000Z,0.02956580503463423,0xa8ebce443fddd76cc1ab018d96b4f5e3b629f1e6,sell,0xf433089366899d83a9f26a773d59ec7ecf30355e,0x5e31f0cc10129f2149dcd157ede64b3a97cbf9d191c2ff776037f9071cb29ef4
93,0.577,0.0215798,0xb2db3e970eaeef3f9173c12046b2847110ef3b39,2017-10-28T21:05:14.000Z,0.0374,0xfbf7dc0756a9768d0c71aea5f8421f3b1eaee7d1,buy,0xf433089366899d83a9f26a773d59ec7ecf30355e,0xeba7fdc1988d1c39f632d901b50dd440730b7c4e712a743a4aef77545db3af0f
94,11.1,0.413475,0xb2db3e970eaeef3f9173c12046b2847110ef3b39,2017-10-28T20:55:25.000Z,0.03725,0x450573f9ec383956e44d7a62b363107594d76c70,buy,0xf433089366899d83a9f26a773d59ec7ecf30355e,0xb8a925e3a4495802ca7f4b4e4ff3923cd28e1ca871ede98da1bf924dc7771e43
95,8.32297297,0.30795,0xb2db3e970eaeef3f9173c12046b2847110ef3b39,2017-10-28T20:54:53.000Z,0.03700000001321643,0x3dee4a4e076e8d82859d241db0baf46f112cfa23,buy,0xf433089366899d83a9f26a773d59ec7ecf30355e,0x8aac30fc4b480a3882deb5d6cbb77a78048231eb57d4067490f2b8ac0b2d42ea
96,0.01351351,0.0005,0x34f9560c63078eb61872a4dc2ccd20e21c34feaf,2017-10-28T20:48:20.000Z,0.0370000096200025,0x3dee4a4e076e8d82859d241db0baf46f112cfa23,buy,0xf433089366899d83a9f26a773d59ec7ecf30355e,0x5ffcacd5f8dcace64094183753a8e4e0a3b7dbfe9f9d516ad63c559b7f6cf38a
97,0.01351351,0.0005,0xe444a40689f51f63bcd29910622035707d533d29,2017-10-28T20:47:01.000Z,0.0370000096200025,0x3dee4a4e076e8d82859d241db0baf46f112cfa23,buy,0xf433089366899d83a9f26a773d59ec7ecf30355e,0xedfff28ea8106c0318c176c692cd1577a3e6665950daf893144bac4b5e3d647f
98,8.35943862,0.225705678683862,0x3dee4a4e076e8d82859d241db0baf46f112cfa23,2017-10-28T17:04:26.000Z,0.0270001,0x1ed014aec47fae44c9e55bac7662c0b78ae61798,sell,0xf433089366899d83a9f26a773d59ec7ecf30355e,0x8a4f13d3c7e30a01847c11d5dbdfaad12ead6d7615d533e5936609cc8e91ee81
99,33.873,1.0399011,0xfbf7dc0756a9768d0c71aea5f8421f3b1eaee7d1,2017-10-28T14:17:45.000Z,0.0307,0x450573f9ec383956e44d7a62b363107594d76c70,sell,0xf433089366899d83a9f26a773d59ec7ecf30355e,0x00113cdd0bf9ba3b76585ef627a849deb33c3d506d76aa5ef52a395c91064bd4
100,10.20795534,0.32665457088,0xfd9aca52245010f9a2d44f471ab66dd988709bac,2017-10-28T12:54:54.000Z,0.032,0x450573f9ec383956e44d7a62b363107594d76c70,sell,0xf433089366899d83a9f26a773d59ec7ecf30355e,0xad079c980ca4eb4f1a13ddc0d20b7a0d360cd4af0cbbc30ffd3457fa9c69056b
101,10,0.4999,0xbc76c047542888fae4fc812390d87509c22ba64a,2017-10-28T10:55:36.000Z,0.04999,0xe624fa6d80d1cce582d49fc9e71b043ca16c783d,buy,0xf433089366899d83a9f26a773d59ec7ecf30355e,0xe8967a15ef728b108473ae1c68bf8ca91a2ea92ea3870268a9b507ae890bd04c
102,5.79204466,0.18534542912,0xfd9aca52245010f9a2d44f471ab66dd988709bac,2017-10-28T10:26:26.000Z,0.032,0x9778550d76b07ac9f5e57392f68ecdf6efc1774e,sell,0xf433089366899d83a9f26a773d59ec7ecf30355e,0x3682a8ba67a6ea38fe3b48f23f690c70aad4ddb9ce5dbeb2d2dff2ed2f27708d
103,30,1.012248203259439,0x997c7ca3fde513bb15ec45d08067fe328f4832ed,2017-10-28T10:25:41.000Z,0.03374160677531464,0x9778550d76b07ac9f5e57392f68ecdf6efc1774e,sell,0xf433089366899d83a9f26a773d59ec7ecf30355e,0x80c9c1dffc238d1b4574a56bb84a2267416f1d004f43c515aeaa6daa810fa5c1
104,332.118,11.491282467882,0x997c7ca3fde513bb15ec45d08067fe328f4832ed,2017-10-28T09:13:36.000Z,0.034599999,0xba9a0f82667dc3d9eed8570809f6f552662a6422,buy,0xf433089366899d83a9f26a773d59ec7ecf30355e,0x898c3768e85b4ac764f9aaa4d9765d14fb50d422a89d88d15913acdf5cf886eb
105,48.537,1.6745265,0x997c7ca3fde513bb15ec45d08067fe328f4832ed,2017-10-28T09:11:53.000Z,0.0345,0xfbf7dc0756a9768d0c71aea5f8421f3b1eaee7d1,buy,0xf433089366899d83a9f26a773d59ec7ecf30355e,0x2fe369af6d50d856eb6010952a7ac3626a5fedeb1a2df740e9e6343ba3dc1bfa
106,1,0.0345,0x997c7ca3fde513bb15ec45d08067fe328f4832ed,2017-10-28T08:00:24.000Z,0.0345,0xfbf7dc0756a9768d0c71aea5f8421f3b1eaee7d1,buy,0xf433089366899d83a9f26a773d59ec7ecf30355e,0xe344d92a9272e088af628eb0d5e5c796e832bf92b5f91657511c5c8e0beae8ae
107,80.17,2.525355,0x3acda6ffff10500aafeb0e5574a954a859b801b7,2017-10-27T22:06:49.000Z,0.0315,0xba9a0f82667dc3d9eed8570809f6f552662a6422,sell,0xf433089366899d83a9f26a773d59ec7ecf30355e,0x547ebd298609e243834c758cf39ab1da094eecc0dcbcb08045f78b5f2f6b31dd
108,0.83,0.026145,0x3acda6ffff10500aafeb0e5574a954a859b801b7,2017-10-27T22:02:12.000Z,0.0315,0xa63f3b9db73f4ff327e4891d95071508e413a9ca,sell,0xf433089366899d83a9f26a773d59ec7ecf30355e,0x8403aba8b002944bad85d3a06aef98a9833c5d459a06417c58a030a2760c043b
109,2.88148613,0.099411271485,0x3acda6ffff10500aafeb0e5574a954a859b801b7,2017-10-27T19:47:06.000Z,0.0345,0xd67c4efd07ecc4bc7cc5daadfc460126a5c9139d,buy,0xf433089366899d83a9f26a773d59ec7ecf30355e,0x86565c41b9ad28b1370ce41a4bc4749e356069130b0b58727758bf5dd02673ba
110,0.46280947,0.015920645997408035,0xb677d7a00f9bcccdb6c0a751a1f493213403f55f,2017-10-27T16:12:28.000Z,0.0344000004956857,0xfbf7dc0756a9768d0c71aea5f8421f3b1eaee7d1,buy,0xf433089366899d83a9f26a773d59ec7ecf30355e,0x850e6fb566c19ee94b178dbcaf52c44dab88f5765adb2d0dd775b1221f8ec096
111,21,0.669899979,0x5a7f52c42526ddb16755d0681ddc80be166c2ff6,2017-10-27T03:58:16.000Z,0.031899999,0xba9a0f82667dc3d9eed8570809f6f552662a6422,buy,0xf433089366899d83a9f26a773d59ec7ecf30355e,0x754e84946d3fa8f14387e50a2b86659834fa65c60187b246fc39d98f13532ba4
112,1.67786589,0.051342696234,0x6fcdb009d25c35107d9f5ec9d8012444313219a1,2017-10-27T03:29:35.000Z,0.0306,0x3dee4a4e076e8d82859d241db0baf46f112cfa23,sell,0xf433089366899d83a9f26a773d59ec7ecf30355e,0x94ce850c02b796d260119f0c96ae9c036868a51e5a988afe1cce36bc713ad027
113,0.1986,0.0063353398014,0xba3ff966097cb5bfc45f25f49e435c8a8e8792ca,2017-10-27T02:53:32.000Z,0.031899999,0xba9a0f82667dc3d9eed8570809f6f552662a6422,buy,0xf433089366899d83a9f26a773d59ec7ecf30355e,0x35f167a8dcaa59bf6f5f77c498fc8866115e8acbac9a9aa715656949efa2c310
114,0.3,0.0095700003,0xf36990a2cb4d609e0a7d4f3bf884c0342d81fd3d,2017-10-27T02:29:37.000Z,0.031900001,0x89809d4c349bf4e6485bd809e19da531c9c5ac0e,sell,0xf433089366899d83a9f26a773d59ec7ecf30355e,0xf12d17e3579f22483f1375babff7699051435b6364793bac1fffecf337da1b4a
115,0.042,0.001344,0xda52240c880a4b3e6525b939c463788a7a364387,2017-10-27T02:29:15.000Z,0.032,0x89809d4c349bf4e6485bd809e19da531c9c5ac0e,sell,0xf433089366899d83a9f26a773d59ec7ecf30355e,0x0c80c1fe7ef710fc05746773d78ad6aee1d9f263695008975cc229181b501c13
116,10,0.32,0xf78e54692d9365552b7e59630dc65add5dcdda7e,2017-10-26T21:43:50.000Z,0.032,0xba9a0f82667dc3d9eed8570809f6f552662a6422,buy,0xf433089366899d83a9f26a773d59ec7ecf30355e,0x41d70c715144d21158b08ef2d1f4cdb8de684279d9d36e91fb7b3f0c540eb06d
117,31,0.992,0xe624fa6d80d1cce582d49fc9e71b043ca16c783d,2017-10-26T17:43:05.000Z,0.032,0xba9a0f82667dc3d9eed8570809f6f552662a6422,sell,0xf433089366899d83a9f26a773d59ec7ecf30355e,0xc578c5be8c7ff486b1c489e9aba1ba52b3c1df283af779f94cdf24065ac5086d
118,127.60442627,3.904695443862,0x6fcdb009d25c35107d9f5ec9d8012444313219a1,2017-10-26T15:49:16.000Z,0.0306,0x3df86cefaecfaa31be2f74f8f832cb4ef62b79f8,sell,0xf433089366899d83a9f26a773d59ec7ecf30355e,0x38a58adb52ab12d98ed422f03548dbba3e6ecd4e26312944f6536fc6c2482c8b
119,0.14033197,0.00449062304,0xda52240c880a4b3e6525b939c463788a7a364387,2017-10-26T12:47:59.000Z,0.032,0xf142f26d1cac4ba8a6e6d7974d243eda2fe5f4f9,sell,0xf433089366899d83a9f26a773d59ec7ecf30355e,0x1ed322beb15e6cff94cab86a7b2af91702b3d1811c386f01fbb9178b02c3e138
120,50,1.6,0xfbf7dc0756a9768d0c71aea5f8421f3b1eaee7d1,2017-10-26T12:46:01.000Z,0.032,0xf142f26d1cac4ba8a6e6d7974d243eda2fe5f4f9,sell,0xf433089366899d83a9f26a773d59ec7ecf30355e,0xfc29a2b5c0c8b0535bc8af904beefd534a9c1066080cc7fae6a61d6a4ee24435
121,99.411,3.1712109,0x65ca6f5c8bcee95ada1eecbe4be45c352b4b2ad8,2017-10-26T12:46:01.000Z,0.0319,0xf142f26d1cac4ba8a6e6d7974d243eda2fe5f4f9,sell,0xf433089366899d83a9f26a773d59ec7ecf30355e,0xe39dbd580a50512a641252283ee6802578f180c41fdaad470308eb47904bbc51
122,0.81746585,0.0261589072,0xda52240c880a4b3e6525b939c463788a7a364387,2017-10-26T09:40:35.000Z,0.032,0xaa1d8404ceb17d991b7dc59c323bca9bcbe1ee82,sell,0xf433089366899d83a9f26a773d59ec7ecf30355e,0x000b92eacfe13a519eb4bb0144d0536e220cb1705ecd78cbe537ed34ea294708
123,411.65378062,13.131755601778,0x65ca6f5c8bcee95ada1eecbe4be45c352b4b2ad8,2017-10-25T22:06:38.000Z,0.0319,0xfddd5d907592b596bae6da6ec5b27fb8ff6686be,sell,0xf433089366899d83a9f26a773d59ec7ecf30355e,0x7a03c16ccefe885faa74317afc70d7eaa7f891c33e20af6f7a7817ae62e206c6
124,80.64957733,2.572721516827,0x65ca6f5c8bcee95ada1eecbe4be45c352b4b2ad8,2017-10-25T22:01:58.000Z,0.0319,0x6bad391397f5f6047d3b6752576ee1a4ae3d2927,sell,0xf433089366899d83a9f26a773d59ec7ecf30355e,0xb2d107d0d4484c2e17603b3aa78ecb8aa869e2df907ddc90f130b35ea0edc36e
125,45.91005666,1.464530807454,0x65ca6f5c8bcee95ada1eecbe4be45c352b4b2ad8,2017-10-25T21:53:43.000Z,0.0319,0x6bad391397f5f6047d3b6752576ee1a4ae3d2927,sell,0xf433089366899d83a9f26a773d59ec7ecf30355e,0x3d5dfe8c9b7c494b0f660a56f1d48f237d3269d8d374487085fd7ff1db542676
126,7.12790349,0.227380121331,0x65ca6f5c8bcee95ada1eecbe4be45c352b4b2ad8,2017-10-25T21:49:38.000Z,0.0319,0x01ac7aef192ee2637afa390c4fbcfc92a00604a6,sell,0xf433089366899d83a9f26a773d59ec7ecf30355e,0x74f169ac71799c783b81fe644ed829e2a4b2412e7d4b5c44ae358c5d807d1cce
127,116.16054217,3.705521295223,0x65ca6f5c8bcee95ada1eecbe4be45c352b4b2ad8,2017-10-25T21:42:24.000Z,0.0319,0x6bad391397f5f6047d3b6752576ee1a4ae3d2927,sell,0xf433089366899d83a9f26a773d59ec7ecf30355e,0x2efba099c4cf99bca5c530fd29a3829a6518a6859209758dad06c04de449215e
128,299.07329307,9.540438048933,0x65ca6f5c8bcee95ada1eecbe4be45c352b4b2ad8,2017-10-25T21:25:11.000Z,0.0319,0xfddd5d907592b596bae6da6ec5b27fb8ff6686be,sell,0xf433089366899d83a9f26a773d59ec7ecf30355e,0x35f02207bdbdf7428ceaa73044818aa4baf915875508005f9b83105b0dc55cef
129,36.39848487,1.161111667353,0x65ca6f5c8bcee95ada1eecbe4be45c352b4b2ad8,2017-10-25T20:49:43.000Z,0.0319,0x6bad391397f5f6047d3b6752576ee1a4ae3d2927,sell,0xf433089366899d83a9f26a773d59ec7ecf30355e,0xdff50b3730927153b543fcf31e52f2e65298fa04d33ccdee18c2d02341dd6a33
130,34.98775072,1.116109247968,0x65ca6f5c8bcee95ada1eecbe4be45c352b4b2ad8,2017-10-25T20:21:51.000Z,0.0319,0x6bad391397f5f6047d3b6752576ee1a4ae3d2927,sell,0xf433089366899d83a9f26a773d59ec7ecf30355e,0x5635913704ff22df4e2f15588a110fbdf8a1e1468c3e564d493b8d5806d6d1f4
131,22.12737623,0.705863301737,0x65ca6f5c8bcee95ada1eecbe4be45c352b4b2ad8,2017-10-25T19:49:49.000Z,0.0319,0x6bad391397f5f6047d3b6752576ee1a4ae3d2927,sell,0xf433089366899d83a9f26a773d59ec7ecf30355e,0x1d7e0a762c745bdb7f74b4f1c79559d206f7bfc39601013384b655cc520d9f29
132,11,0.388886542,0xcecda63b7a91bc694d813bde85c1f76227f53425,2017-10-25T18:03:05.000Z,0.035353322,0xba9a0f82667dc3d9eed8570809f6f552662a6422,buy,0xf433089366899d83a9f26a773d59ec7ecf30355e,0x8eb7df7a847880133ec75c61de1db77bfdd38a6d172a12c12ab9a6a62556a0e6
133,9.681,0.28839699,0xf142f26d1cac4ba8a6e6d7974d243eda2fe5f4f9,2017-10-25T17:05:56.000Z,0.02979,0xfddd5d907592b596bae6da6ec5b27fb8ff6686be,buy,0xf433089366899d83a9f26a773d59ec7ecf30355e,0x4ac096bf9e9fc5fc3fcd9fe77bb28d511f41f06ec207e6b24a6f9f2ee2487637
134,0.00007872,0.003936,0xfde94706263f00761bb59ff72e01555212d5931b,2017-10-25T13:21:54.000Z,50,0x273a5d3e6721b9f5c1a6474f560c1334c63dda01,sell,0xf433089366899d83a9f26a773d59ec7ecf30355e,0x037a0ffa35817d476cadfb6c2cc075fd028637e10bbfbfe3b8113273a7a8b18d
135,0.02639919,0.000786432096288866,0x6dfca959b12f86c9d35c1acaf686bfd0828e7a0e,2017-10-25T13:21:54.000Z,0.02979000856802296,0xfddd5d907592b596bae6da6ec5b27fb8ff6686be,buy,0xf433089366899d83a9f26a773d59ec7ecf30355e,0x72822eab80f72111320e995b284f62d6ed3d33833afeedc3b079fdce3a2641f4
136,0.00007896,0.00000342317846304,0x273a5d3e6721b9f5c1a6474f560c1334c63dda01,2017-10-25T13:21:54.000Z,0.043353324,0xba9a0f82667dc3d9eed8570809f6f552662a6422,buy,0xf433089366899d83a9f26a773d59ec7ecf30355e,0x037a0ffa35817d476cadfb6c2cc075fd028637e10bbfbfe3b8113273a7a8b18d
137,0.02624104,1.312052,0xfde94706263f00761bb59ff72e01555212d5931b,2017-10-25T13:21:16.000Z,50,0x273a5d3e6721b9f5c1a6474f560c1334c63dda01,sell,0xf433089366899d83a9f26a773d59ec7ecf30355e,0x9e3120bd458e6e7457618d25132155e49735f8131918ee8a21f9fd85bc9ab41a
138,0.02632,0.00114105946136,0x273a5d3e6721b9f5c1a6474f560c1334c63dda01,2017-10-25T13:21:16.000Z,0.043353323,0xbddb5d1b761672780bf4859e569f0b212cbf53c2,buy,0xf433089366899d83a9f26a773d59ec7ecf30355e,0x9e3120bd458e6e7457618d25132155e49735f8131918ee8a21f9fd85bc9ab41a
139,17.393,0.5181374682607,0x377edb5544b9b92c196a2566d6c47d81fa1cc31c,2017-10-25T11:15:16.000Z,0.0297899999,0xced732ca92cb4f040239c4e8c85f14acbb5db000,buy,0xf433089366899d83a9f26a773d59ec7ecf30355e,0x589bba918e32c8154e78b16ae4e3dda5910158d14e7ee7e05ec1a82b927d9d18
140,18.1,0.539018,0xcc6e0348016e9a0e7d02f400f0832d00698f0b65,2017-10-25T03:32:27.000Z,0.02978,0xfddd5d907592b596bae6da6ec5b27fb8ff6686be,buy,0xf433089366899d83a9f26a773d59ec7ecf30355e,0xa3db83ee02d940e70ef84d5bbee5864424b52b4c739db1816beaad4e28eb723d
141,0.9,0.026802,0xe1fa699860444be91d366c21de8fef56e3dec77a,2017-10-25T02:19:45.000Z,0.02978,0xfddd5d907592b596bae6da6ec5b27fb8ff6686be,buy,0xf433089366899d83a9f26a773d59ec7ecf30355e,0xd4f3c1673bdc8b6b5b9610506b9c0380542735e42d390d33b7549f5c190285b2
142,0.07,0.00208599999993,0x4efb6d8714cff87522b80b9f37cb9a5cb7367932,2017-10-24T11:59:38.000Z,0.029799999999,0xced732ca92cb4f040239c4e8c85f14acbb5db000,buy,0xf433089366899d83a9f26a773d59ec7ecf30355e,0x82df6f9656d0ebeff544dfd6de75e4c66f4b5f7639605288120ce058c46b43f3
143,21,0.6279,0x5a7f52c42526ddb16755d0681ddc80be166c2ff6,2017-10-24T05:07:15.000Z,0.0299,0x5bec04ab73a8e74b9191921d569cc92cc3f13db6,buy,0xf433089366899d83a9f26a773d59ec7ecf30355e,0xdae2c9c9fe366d0ace47a47c2cc91995e40b7eff55b857b5a9db51c8da0c9704
144,23.69780045,0.59244501125,0x483daffb2397afa9e11621770ef05a18161c7c95,2017-10-24T02:46:50.000Z,0.025,0xad440e6b26dd3a044a97294bf87c017d7fb81c67,sell,0xf433089366899d83a9f26a773d59ec7ecf30355e,0x4a76b9d42e1b6d876fe742c6f3d969cb87f63b4487085f67400585cf455dbec2
145,0.004,0.0000952356,0x5bcc31d3a34b019f73262b7f5257b53d1e2db8ea,2017-10-23T20:15:05.000Z,0.0238089,0xa3bbee0a48e3d4c9d8c4a6e86f504df99bf81683,sell,0xf433089366899d83a9f26a773d59ec7ecf30355e,0x92ce3f1befa60e363e774df74dbd9a03b5d10f94e1ad14f5990bbc9da7f6a325
146,40.38789607,0.961591378741023,0x5bcc31d3a34b019f73262b7f5257b53d1e2db8ea,2017-10-23T20:12:48.000Z,0.0238089,0xa3bbee0a48e3d4c9d8c4a6e86f504df99bf81683,sell,0xf433089366899d83a9f26a773d59ec7ecf30355e,0xf09af9ef14bb71d11d70b8cda19765a14d3733ce94f6ad1e75e30e0bebe0d920
147,16.5,0.49335,0xeaaafe7140eb4badcd1b2766ad34b050427bda44,2017-10-23T13:19:50.000Z,0.0299,0xad440e6b26dd3a044a97294bf87c017d7fb81c67,sell,0xf433089366899d83a9f26a773d59ec7ecf30355e,0x8046a74a302128aa215723cc99964a7a22991c0041c45a1d0cc5524b9d91438c
148,39.71089622,0.945472757012358,0x5bcc31d3a34b019f73262b7f5257b53d1e2db8ea,2017-10-23T13:04:49.000Z,0.0238089,0x6bad391397f5f6047d3b6752576ee1a4ae3d2927,sell,0xf433089366899d83a9f26a773d59ec7ecf30355e,0x6cb5de1bb7dfd281edb1b136a4d8837739c95af5183db46114d2cb3a877669e7
149,8.99895562,0.214255234461018,0x5bcc31d3a34b019f73262b7f5257b53d1e2db8ea,2017-10-23T11:54:36.000Z,0.0238089,0xad440e6b26dd3a044a97294bf87c017d7fb81c67,sell,0xf433089366899d83a9f26a773d59ec7ecf30355e,0x969d266a4acd983041c0186455240eb382297af02c40578a2c76b9a02d6aa76c
150,10,0.3,0x30d5e67f7f2cd3dd957b035ffd5c10c6305ba19f,2017-10-23T09:04:23.000Z,0.03,0xd67c4efd07ecc4bc7cc5daadfc460126a5c9139d,buy,0xf433089366899d83a9f26a773d59ec7ecf30355e,0x0b4a160c32984ad3c5f98dcc21c2630966f12ee2d41046e83de30d327d08621a
151,18.323,0.54969,0xa51f6dcd8ee85ddbdcea19f1313d80f8d66d222b,2017-10-23T07:10:05.000Z,0.03,0xad440e6b26dd3a044a97294bf87c017d7fb81c67,sell,0xf433089366899d83a9f26a773d59ec7ecf30355e,0x500f08b2709579260cb45b100987601b5caa2398640d7a6c63a592bf6522458e
152,5.26,0.11572,0x273a5d3e6721b9f5c1a6474f560c1334c63dda01,2017-10-23T05:06:13.000Z,0.022,0x13a8a75b53c3a105ed16f1a9105b29a5b53c8d87,buy,0xf433089366899d83a9f26a773d59ec7ecf30355e,0x677ca134a3f6ada98338badae2cd4688438327da3e12d8d85b0195e9579fbb76
153,5.24422,0.1176967743490088,0xdb44707fdce4b4fe093616e982fce34394e67edd,2017-10-23T05:06:13.000Z,0.02244314204,0x273a5d3e6721b9f5c1a6474f560c1334c63dda01,sell,0xf433089366899d83a9f26a773d59ec7ecf30355e,0x677ca134a3f6ada98338badae2cd4688438327da3e12d8d85b0195e9579fbb76
154,1.68276912,0.03634865437656,0x3dee4a4e076e8d82859d241db0baf46f112cfa23,2017-10-22T19:37:57.000Z,0.0216005,0xa300e3aa8e5c53a93e598ba6e685a84a9cd1059c,sell,0xf433089366899d83a9f26a773d59ec7ecf30355e,0xd47685eecbb13220e166d82b59f7f4bffc0cee9880147a4f6d288e81e1c6cbe4
155,0.1,0.003,0xe1fa699860444be91d366c21de8fef56e3dec77a,2017-10-22T18:34:10.000Z,0.03,0xd67c4efd07ecc4bc7cc5daadfc460126a5c9139d,buy,0xf433089366899d83a9f26a773d59ec7ecf30355e,0x6e9e88e8c6da43c1abc43b164ab6e167cdf0865f9fbab607145f1ff45b6181f0
156,25,0.557245,0x5bcc31d3a34b019f73262b7f5257b53d1e2db8ea,2017-10-22T11:05:37.000Z,0.0222898,0x4d517d272ce8d879d8891518e70153b49d2cdb96,sell,0xf433089366899d83a9f26a773d59ec7ecf30355e,0xc438585edd425ef57d79fca9c180440e842e806de091422d41e376fda4976131
157,10,0.216004,0xd67c4efd07ecc4bc7cc5daadfc460126a5c9139d,2017-10-22T03:36:32.000Z,0.0216004,0xaa1d8404ceb17d991b7dc59c323bca9bcbe1ee82,sell,0xf433089366899d83a9f26a773d59ec7ecf30355e,0x83524ba4a9b1e3102602a25dda9cf8ce9d8081e40483838e317d5e5a549b848c
158,2.98148613,0.064401293002452,0xd67c4efd07ecc4bc7cc5daadfc460126a5c9139d,2017-10-21T16:44:22.000Z,0.0216004,0x3dee4a4e076e8d82859d241db0baf46f112cfa23,sell,0xf433089366899d83a9f26a773d59ec7ecf30355e,0x779e0047e06dbc4b5420d90a3f86f746a74df5442c2a35a3f75a86f70c94bfae
159,81.67663675,2.450299102692003,0xa51f6dcd8ee85ddbdcea19f1313d80f8d66d222b,2017-10-21T13:09:48.000Z,0.030000000002350775,0x27daf1c7fc65ad21fc69a0bcd3128481c8c03f50,buy,0xf433089366899d83a9f26a773d59ec7ecf30355e,0x4f0f53f8dd85f537508874c72216389f44f3c44101092034ced89c0c96e61344
160,2.99072874,0.064600638002622,0x3dee4a4e076e8d82859d241db0baf46f112cfa23,2017-10-21T13:02:53.000Z,0.0216003,0xa3bbee0a48e3d4c9d8c4a6e86f504df99bf81683,sell,0xf433089366899d83a9f26a773d59ec7ecf30355e,0x8132bd54253495d04ed1c36621bbfbdacbfa3201cb44b2ce93cccbff56cacd20
161,3.32336324,0.09970089730799676,0x9d79b4dee7f1e0a0eeaab19a74365230f6158d84,2017-10-21T07:16:07.000Z,0.030000000032496227,0x27daf1c7fc65ad21fc69a0bcd3128481c8c03f50,buy,0xf433089366899d83a9f26a773d59ec7ecf30355e,0x743107f0621855310a6bb4464ed72c01b39a9e4eee66e7f05bd53c4e5b5b49d2
162,15,0.45,0x89809d4c349bf4e6485bd809e19da531c9c5ac0e,2017-10-21T04:04:40.000Z,0.03,0x27daf1c7fc65ad21fc69a0bcd3128481c8c03f50,buy,0xf433089366899d83a9f26a773d59ec7ecf30355e,0x97c9123f36f3ad7e3d14d17285620b0962ea6e1a36a3fa9dedd0da82a60ae2ec
163,10,0.30555,0x89809d4c349bf4e6485bd809e19da531c9c5ac0e,2017-10-21T01:40:43.000Z,0.030555,0x27daf1c7fc65ad21fc69a0bcd3128481c8c03f50,buy,0xf433089366899d83a9f26a773d59ec7ecf30355e,0x61a96574640f52bbf464f9d56eece158d88621c9a70feb0bf27bc360238d64fc
164,10,0.3,0x89809d4c349bf4e6485bd809e19da531c9c5ac0e,2017-10-21T00:59:30.000Z,0.03,0x27daf1c7fc65ad21fc69a0bcd3128481c8c03f50,buy,0xf433089366899d83a9f26a773d59ec7ecf30355e,0xf2b433aaf2ef05e045b2962acc7d21ddbc5d45201e3fdfe838aaf2b6c4607c80
165,1,0.030888,0x3ac636ac5c3a2576156ac5f10066ca68abe0ad54,2017-10-21T00:11:49.000Z,0.030888,0x27daf1c7fc65ad21fc69a0bcd3128481c8c03f50,buy,0xf433089366899d83a9f26a773d59ec7ecf30355e,0x44a5f197b8e865bec90bafed4a8d52ca2b003ce6c78bcc67a82c99ae0cc90a47
166,12.3,0.381299877,0x1da251119e3a70bcb4aed858bd2acccff2155077,2017-10-20T21:18:26.000Z,0.03099999,0xced732ca92cb4f040239c4e8c85f14acbb5db000,sell,0xf433089366899d83a9f26a773d59ec7ecf30355e,0xc69c26b616911f2e9e4d93ff9ea64d5762de1b92c1398008e9667ecd49170c09
167,0.26969766,0.008360624824603693,0x6fcdb009d25c35107d9f5ec9d8012444313219a1,2017-10-20T16:26:28.000Z,0.03099999022833084,0xbddb5d1b761672780bf4859e569f0b212cbf53c2,buy,0xf433089366899d83a9f26a773d59ec7ecf30355e,0x353a8aa5e74218660a0600a2d0b47212ff5eb9a5463b15db3403c7261c8692ed
168,91.99680988,1.93193300748,0x1738f9c350bd1f9041f1553d28e02de6ed906afc,2017-10-19T23:58:49.000Z,0.021,0x3bda00536d37ef4f3427700c1755e20e46c6b4b4,sell,0xf433089366899d83a9f26a773d59ec7ecf30355e,0x411738b8b5045bca0132875ed6b72e2278a3df2b4d576de2d139617f6a0ee1f0
169,80,1.68016,0x3dee4a4e076e8d82859d241db0baf46f112cfa23,2017-10-19T23:57:22.000Z,0.021002,0x3bda00536d37ef4f3427700c1755e20e46c6b4b4,sell,0xf433089366899d83a9f26a773d59ec7ecf30355e,0x60f178177eceb43af78890477069e76eb63ff83328bffe8c87cfbe5f844a0c03
170,60,1.26006,0x3dee4a4e076e8d82859d241db0baf46f112cfa23,2017-10-19T23:57:22.000Z,0.021001,0x3bda00536d37ef4f3427700c1755e20e46c6b4b4,sell,0xf433089366899d83a9f26a773d59ec7ecf30355e,0x5c80b4725dd8ab89a9bf46b9df05d805092e1a60c019b1d4abf82c0602974672
171,0.01612903,0.0005,0xf9695cd65d6dfdf257fab76a3eb0cb8f001971cc,2017-10-18T15:19:43.000Z,0.03100000434000061,0xbddb5d1b761672780bf4859e569f0b212cbf53c2,buy,0xf433089366899d83a9f26a773d59ec7ecf30355e,0x3c1f6b67d656478fa2360309a4e03e9915063677529cd085f8a41f668089fb33
172,0.01612903,0.0005,0x379374d13077e8867ef31803c37baf9785a17c00,2017-10-18T15:19:43.000Z,0.03100000434000061,0xbddb5d1b761672780bf4859e569f0b212cbf53c2,buy,0xf433089366899d83a9f26a773d59ec7ecf30355e,0xe0b40de95aa0d42640cb823a06d0a966d48dd472b8678e0674facbeefb6c115a
173,0.01612903,0.0005,0x16e5d97bbc92417e051e3b2cabfbf8ceea2acb9c,2017-10-17T18:00:53.000Z,0.03100000434000061,0xbddb5d1b761672780bf4859e569f0b212cbf53c2,buy,0xf433089366899d83a9f26a773d59ec7ecf30355e,0xbf7908c419e5ad063256b1a5fcbd125baf75434e91724560aa4d8171d5d5cab1
174,0.01612903,0.0005,0xcd912af5286dc0b0a23edb30209734ecb60838b3,2017-10-17T05:42:09.000Z,0.03100000434000061,0x5bec04ab73a8e74b9191921d569cc92cc3f13db6,buy,0xf433089366899d83a9f26a773d59ec7ecf30355e,0x492201a7268d72bd27f4ef0ef562e4ad330c535954cb15117895163e936ecbf2
175,9.9690958,0.2093510118,0xd98a3954353055ab642c9159c7f3b25dac2dc29b,2017-10-15T06:29:59.000Z,0.021,0xcda44b46e08b4361c118b37ab3ffa5e11e2f80c7,sell,0xf433089366899d83a9f26a773d59ec7ecf30355e,0xbe3b115ea7a6e7d007d6506256b909f47c1ffdad6817b89c4ac693e483f29d94
176,19.9381916,0.44869105758556,0x5250c8a7cdd9f7d931560438ea367fa823a5b078,2017-10-14T14:06:15.000Z,0.0225041,0x9f0f89cf734a14ea580f8795c5dde77cedb7ffea,sell,0xf433089366899d83a9f26a773d59ec7ecf30355e,0x2a088a3a42e2a79f657d6ed73719ca5cdb29f5b894fcc805d2cced6935ee703b
177,0.00158914,0.00238371,0xb50d76bbd2a93864789a54f8fddb86bbcfd1f2db,2017-10-12T23:45:16.000Z,1.5,0xa3d7dedda551204ccb03bd79aa87824cc453b8de,buy,0xf433089366899d83a9f26a773d59ec7ecf30355e,0x20e38d765abd8e2233161746163bfc0313892c27cf280fb20a24e72b47559ac2
178,5,0.175,0x85382b5aff2d066d6a9a00a2c5d7d718cd045296,2017-10-12T02:18:23.000Z,0.035,0x5bec04ab73a8e74b9191921d569cc92cc3f13db6,buy,0xf433089366899d83a9f26a773d59ec7ecf30355e,0x44df2150e3e833f98ed2b445a4b164de8106092f8851c89e839544ab1421f7f6
179,13.921,0.459393,0xeaaafe7140eb4badcd1b2766ad34b050427bda44,2017-10-11T02:42:25.000Z,0.033,0xa94b40c53432f0576e64873ce1cead1aae62fc90,sell,0xf433089366899d83a9f26a773d59ec7ecf30355e,0x78e59cfc82cd40e05f46d44510caae5c9a4a0b3f819441ba092391eeab9bdbfd
180,30,0.99,0xeaaafe7140eb4badcd1b2766ad34b050427bda44,2017-10-11T02:40:43.000Z,0.033,0xa94b40c53432f0576e64873ce1cead1aae62fc90,sell,0xf433089366899d83a9f26a773d59ec7ecf30355e,0xe1d1b240b76d1125516cb21ae7c7cb13c6c777ec53940148c5594a81c3e5e502
181,0.2,0.0066,0xb0a6029a6caf9863c5871f26ae8085947ccfafc8,2017-10-09T11:27:04.000Z,0.033,0xe7c858e08713025fe02aebf83c0006831fe2ca43,buy,0xf433089366899d83a9f26a773d59ec7ecf30355e,0xd8f1f6d22c1597b6458093ad8cef4dc69e0c2d54e824fc0376c16c9f13d75710
182,5.999,0.17967005,0x56942bbbd851b7462b4233db375422ffac50ab0a,2017-10-09T08:49:13.000Z,0.02995,0x51aefa5e5b31e0416490a6f647efcb1a3af94c74,buy,0xf433089366899d83a9f26a773d59ec7ecf30355e,0x06f7185b5b4463690b15186195822c4560ab106eec7a1ee057bc1b4debe13681
183,1.70495479,0.042282878792,0xf0a5fbea3c92dac6219c4c312e197fd4d355af10,2017-10-09T08:24:17.000Z,0.0248,0xd4bd0cb652ae556fb24a128cc552af07cd3d19f2,buy,0xf433089366899d83a9f26a773d59ec7ecf30355e,0x0245a20b8864ae1640c368864bf0e9a3fcba9998516eb1c09fd043f216e87672
184,0.00004501,0.000001116248,0x1d5321e125f6c7079a716705541c7b371ca79e69,2017-10-09T07:50:27.000Z,0.0248,0xd4bd0cb652ae556fb24a128cc552af07cd3d19f2,buy,0xf433089366899d83a9f26a773d59ec7ecf30355e,0x60f73bb1a30763bd0f23e3eb0014b0530a9ca5fc11f62a9e4a5bc12e916d2038
185,0.00004487,0.004487,0x34d5e6e9e39fbba6f6d3ab97b1ae58450a3c89b3,2017-10-09T07:50:27.000Z,100,0x1d5321e125f6c7079a716705541c7b371ca79e69,sell,0xf433089366899d83a9f26a773d59ec7ecf30355e,0x60f73bb1a30763bd0f23e3eb0014b0530a9ca5fc11f62a9e4a5bc12e916d2038
186,0.01495519,1.495519,0x34d5e6e9e39fbba6f6d3ab97b1ae58450a3c89b3,2017-10-09T07:49:27.000Z,100,0x5ae933bfbbaa04c3e05ae56295138174ada9799c,sell,0xf433089366899d83a9f26a773d59ec7ecf30355e,0x22c82770e04ac399e2e6a65a7cdb0c085011ca97e9e203a73a7f6da6c979df54
187,0.0150002,0.00037200496,0x5ae933bfbbaa04c3e05ae56295138174ada9799c,2017-10-09T07:49:27.000Z,0.0248,0xd4bd0cb652ae556fb24a128cc552af07cd3d19f2,buy,0xf433089366899d83a9f26a773d59ec7ecf30355e,0x22c82770e04ac399e2e6a65a7cdb0c085011ca97e9e203a73a7f6da6c979df54
188,0.16,0.003968,0x755dfe72cff68f68627b7a6ce5ef96ece2bfcfdc,2017-10-08T23:59:08.000Z,0.0248,0xd4bd0cb652ae556fb24a128cc552af07cd3d19f2,buy,0xf433089366899d83a9f26a773d59ec7ecf30355e,0x5aa53d9d5e32310081ff3d96229c23380aa3610d2e9d3a87222c7b3c3e738f68
189,9.9571615,0.3971901757252509,0xf4de32f3f17b3211fd2e8e4c425d29fde4208d27,2017-10-08T22:21:02.000Z,0.03988989992029866,0x953d1111662196af36e9d387c0f909e14111fa76,buy,0xf433089366899d83a9f26a773d59ec7ecf30355e,0x9081b36b3dd8830f5077085b00bfce7a4c7c27ff7d67c890d640cbe5d00cf2b5
190,19.99890464,0.4995726379072,0x755dfe72cff68f68627b7a6ce5ef96ece2bfcfdc,2017-10-08T21:36:27.000Z,0.02498,0xf142f26d1cac4ba8a6e6d7974d243eda2fe5f4f9,sell,0xf433089366899d83a9f26a773d59ec7ecf30355e,0xf0f8fe4a2ae4cbaf4201d540e64939af1ad845088042fa7a1d692d4f948bc132
191,344.92712145,14.9537372529307,0x273bf07e7c51840a6d0b07f29fd6f687fa6f476d,2017-10-08T19:02:49.000Z,0.043353324000932086,0xe8f7355a17fc67219fd6d15fc9ffd5662977957b,buy,0xf433089366899d83a9f26a773d59ec7ecf30355e,0xfed5a0c358dbbb85e6bef928ef51f00f499debb6e9fb0d4055076afbf6ec20f6
192,68,1.69864,0x755dfe72cff68f68627b7a6ce5ef96ece2bfcfdc,2017-10-08T04:41:53.000Z,0.02498,0xf142f26d1cac4ba8a6e6d7974d243eda2fe5f4f9,sell,0xf433089366899d83a9f26a773d59ec7ecf30355e,0xbacfdc67bada73c6c3bbdffacd77b3158347d9452381dcc3890df9774d5c7012
193,12,0.324,0x755dfe72cff68f68627b7a6ce5ef96ece2bfcfdc,2017-10-08T03:23:14.000Z,0.027,0xb3f355cf29abd8c30b41286dabc8c22919cbe52c,buy,0xf433089366899d83a9f26a773d59ec7ecf30355e,0x5ec44c9368aa3fbcb5d76125a441b8f47abf57447c66c426753a7e1bec9b75e9
194,10,0.27,0x9d79b4dee7f1e0a0eeaab19a74365230f6158d84,2017-10-08T02:27:16.000Z,0.027,0xb3f355cf29abd8c30b41286dabc8c22919cbe52c,buy,0xf433089366899d83a9f26a773d59ec7ecf30355e,0xc9d3a80d427353a38871d97b5c26b4fc13a47e8fb7dfa5a63abde86c6e66d789
195,5.47986974,0.12609180814247103,0x953d1111662196af36e9d387c0f909e14111fa76,2017-10-08T01:45:39.000Z,0.02301000099,0x5da17644f34a493c1b67989f2d03f03e5c8516a0,sell,0xf433089366899d83a9f26a773d59ec7ecf30355e,0x7b94ccdf5c92bfecad96b0664d4a8129e412ee0ee037e49bef3158f1b4e0a2d3
196,0.61728395,0.01666666665,0x5d5065b42bdee0274e394ba9042c21e1818c69cf,2017-10-08T01:34:51.000Z,0.027,0x5da17644f34a493c1b67989f2d03f03e5c8516a0,sell,0xf433089366899d83a9f26a773d59ec7ecf30355e,0x1fd46083290a5483d4f94f113df612d10b1a36b1ca3c9dbe2216293fb769d1c7
197,5,0.1655,0xa53194e5e67e9eade3cfc81a6b5e426a46c58dfe,2017-10-07T02:26:24.000Z,0.0331,0xfddd5d907592b596bae6da6ec5b27fb8ff6686be,buy,0xf433089366899d83a9f26a773d59ec7ecf30355e,0xb2f575f5e9f949a05558f2290aff203b58ec8df032fbba4adea04dae2d7938a0
198,0.83228129,0.02247159483,0x421e09c1fbbb6cdf3cf2a5cabcf61c60c1bf4e72,2017-10-06T22:45:59.000Z,0.027,0xb7032054ca06ba7d905f3664de935cc72729b9a3,sell,0xf433089366899d83a9f26a773d59ec7ecf30355e,0xe83733e931aaf7a46efcdb96aa1a90c26e998e588dc57de56cb24f8d57cee3ac
199,0.15467461,0.00417621447,0x5bec04ab73a8e74b9191921d569cc92cc3f13db6,2017-10-06T22:43:21.000Z,0.027,0xb7032054ca06ba7d905f3664de935cc72729b9a3,sell,0xf433089366899d83a9f26a773d59ec7ecf30355e,0x1c1ad5099e629936c78ea8336f5ea11d7768dae1932cff53c0c428ef83652d6c
200,49.84532539,1.34582378553,0x5bec04ab73a8e74b9191921d569cc92cc3f13db6,2017-10-06T15:41:02.000Z,0.027,0x097501c95264ad3204159efaefdc5820783dbeae,sell,0xf433089366899d83a9f26a773d59ec7ecf30355e,0xac82389912daacff011b6f48055dec68b4bf41a0e3e02a0cb9d3f0fa3c22a630
201,15.58218053,0.5157701758303135,0x11bbc285031c6cbdba65f7f18a03fae8094bfd69,2017-10-06T00:49:30.000Z,0.033100000018438595,0xfddd5d907592b596bae6da6ec5b27fb8ff6686be,buy,0xf433089366899d83a9f26a773d59ec7ecf30355e,0xf3f8bd180aae4a692379d02490eb517d2ee7a946c84066411007681431ccd94a
202,4,0.15456,0x0dd490d3ef56152abaa8712b75a2d6a2d88adac0,2017-10-05T02:08:33.000Z,0.03864,0xa53194e5e67e9eade3cfc81a6b5e426a46c58dfe,buy,0xf433089366899d83a9f26a773d59ec7ecf30355e,0xfc31273b30f3ae7e2d8f0607e556f627d933dd818902dff0f31a36f49d3907a2
203,4,0.1344,0xa53194e5e67e9eade3cfc81a6b5e426a46c58dfe,2017-10-03T23:11:52.000Z,0.0336,0xba9a0f82667dc3d9eed8570809f6f552662a6422,buy,0xf433089366899d83a9f26a773d59ec7ecf30355e,0x2ef463f290bc06db0ce1d2739ac6aa375bdda61a23c7c8945b94557d6e95ed1f
204,1,0.0336,0x0249924245a19aa2d7f5ddb0739a7132b7d094ab,2017-10-03T20:57:16.000Z,0.0336,0xba9a0f82667dc3d9eed8570809f6f552662a6422,buy,0xf433089366899d83a9f26a773d59ec7ecf30355e,0xf5ade458a124f715f4b7e150a8627f3dc6d58354a7a295dcd0d720ac1c7d87c4
205,60.10450201,2.019511267683501,0x11bbc285031c6cbdba65f7f18a03fae8094bfd69,2017-10-03T13:01:56.000Z,0.03360000000245408,0x6214ff0afd2a91a7ef0889406acb48b84f1f0159,buy,0xf433089366899d83a9f26a773d59ec7ecf30355e,0x7ec77428a8e65909037fe04274ba8b9908d39dc4bcbc2842cd31e5d7e5fe815b
206,0.02749798,0.000923932316498769,0x11bbc285031c6cbdba65f7f18a03fae8094bfd69,2017-10-03T03:27:17.000Z,0.03360000685500422,0x6214ff0afd2a91a7ef0889406acb48b84f1f0159,buy,0xf433089366899d83a9f26a773d59ec7ecf30355e,0x9b1a99387ce5ea2c205fbb2235e9198fb1bda005c874d613936e612ea42797cf
207,12.245,0.4200035,0x4c6df76d41355d5d4227d147dfd778624baedfff,2017-09-29T21:30:15.000Z,0.0343,0xeff80b390f9c7ca54f290f29d43e1dfc2c6d711f,buy,0xf433089366899d83a9f26a773d59ec7ecf30355e,0x55169ec4395dd0aba78dfcbb89be29472f86dc058157b21ee4b2e732f42c6a04
208,0.1,0.0034,0xa0be78d2bac6a692adba423c7af50ec86a18bddf,2017-09-28T13:01:37.000Z,0.034,0xeff80b390f9c7ca54f290f29d43e1dfc2c6d711f,buy,0xf433089366899d83a9f26a773d59ec7ecf30355e,0x691c315e7f38ea4d090e2f214c81de3a13effc27e87845f7ab2fc8a06f4e7619
209,0.00397399,0.00015792672026,0xe92072db1f4de50c6cd438785dab81b8044ec8cd,2017-09-27T03:56:00.000Z,0.03974009000022647,0x2b4336b69ae26e2778441aab25362f42230f4f12,buy,0xf433089366899d83a9f26a773d59ec7ecf30355e,0xded7c2874bba0969a6ae5ae8cd26e7ae220edb2071a3a29a557a79ed54452b86
210,5,0.1616,0x9759ab21a1d72b3061a1108cb8826ce3c8a37f2d,2017-09-26T20:04:52.000Z,0.03232,0x2b4336b69ae26e2778441aab25362f42230f4f12,sell,0xf433089366899d83a9f26a773d59ec7ecf30355e,0x53d3715716aa48c1d56c8a30d22bac3a5a1e3522463f440c7943273f13e0302a
211,10.529,0.420001799471,0xf119d97994ba49226c56640d0fb10dd740778b64,2017-09-25T23:47:35.000Z,0.039889999,0xe8f7355a17fc67219fd6d15fc9ffd5662977957b,buy,0xf433089366899d83a9f26a773d59ec7ecf30355e,0x343537682d81a84aa6942fc099107b31647cd5cc889f286f33894da248038dbf
212,9.49848327,0.3788944883194865,0x501133b60402a06090ed4b190849af3851e171d2,2017-09-25T18:52:07.000Z,0.03988999901870507,0xe8f7355a17fc67219fd6d15fc9ffd5662977957b,buy,0xf433089366899d83a9f26a773d59ec7ecf30355e,0x994b18ba661d73c8bfc8de7f448f232ba1ff43ef1bc5e9c3b05e0bcbc5b32a75
213,29.37673973,1.1163161098663315,0x501133b60402a06090ed4b190849af3851e171d2,2017-09-25T18:46:47.000Z,0.03800000000430039,0x2b4336b69ae26e2778441aab25362f42230f4f12,buy,0xf433089366899d83a9f26a773d59ec7ecf30355e,0x494ea5b2633d6396cbbeccbba6685b6f0b80182e2ec730a9f16deb997c645617
214,0.21590242,0.008204292073668544,0x501133b60402a06090ed4b190849af3851e171d2,2017-09-25T18:41:45.000Z,0.038000000526481094,0x2b4336b69ae26e2778441aab25362f42230f4f12,buy,0xf433089366899d83a9f26a773d59ec7ecf30355e,0xd1abbd17d6e437225da1a589837db4d16094fd660ba90f7ed1a9bda5d6154d81
215,0.01315789,0.0005,0x23ee598e50ff1b1bde1022bf3c8a41d4c23321a0,2017-09-25T00:36:56.000Z,0.038000013680004927,0x2b4336b69ae26e2778441aab25362f42230f4f12,buy,0xf433089366899d83a9f26a773d59ec7ecf30355e,0x33b7ffbcbc10a45e13a2242a330af8955d7afeb7864cd9ab968516d02be779d9
216,0.01315789,0.0005,0xe5a759eb3e214ff0a2bbbea31acc41c9bf27b239,2017-09-25T00:19:33.000Z,0.038000013680004927,0x2b4336b69ae26e2778441aab25362f42230f4f12,buy,0xf433089366899d83a9f26a773d59ec7ecf30355e,0x6c1d5f19d1c8ae4c7e1b8652316486fe3f791e81a8da886b4f109747eed24eb5
217,0.01315789,0.0005,0x160506e5a5ce5dadd43623689f53d5aa1f288f0f,2017-09-25T00:10:08.000Z,0.038000013680004927,0x2b4336b69ae26e2778441aab25362f42230f4f12,buy,0xf433089366899d83a9f26a773d59ec7ecf30355e,0x10c81f681453c37a83002f0f60426b6f6c4d2cf0573b80ddba716d7f79ce1bf1
218,0.01253447,0.0005,0xc22f5ab4f1591613a92b4d172cc7f4e4a5af58cd,2017-09-23T23:28:20.000Z,0.03988999933782601,0xba9a0f82667dc3d9eed8570809f6f552662a6422,buy,0xf433089366899d83a9f26a773d59ec7ecf30355e,0xca9e409969ce4276cbd7207253bfbc371aac01cbb3bf4adb0d7e9c9f473a04e5
219,0.01253447,0.0005,0x452b06f1c61cff4c9bebaa405319a7c3b12553a2,2017-09-23T23:28:20.000Z,0.03988999933782601,0xba9a0f82667dc3d9eed8570809f6f552662a6422,buy,0xf433089366899d83a9f26a773d59ec7ecf30355e,0x8d256cd1fe5668ce680ac58e4c9315563b24d0c7a18cc3de82ce3cf817199e4e
220,0.01253447,0.0005,0x2ba19ec4bcd5ae8de66b110bde5ebf41092bd02f,2017-09-23T19:18:58.000Z,0.03988999933782601,0xba9a0f82667dc3d9eed8570809f6f552662a6422,buy,0xf433089366899d83a9f26a773d59ec7ecf30355e,0x3857d5d0d4505ed2dbd32739907b45e1aa4f3d5db15d50188183fbc8a041098e
221,0.01253447,0.0005,0x18a902dc44442205b4ba2b1dc038e67506d22c55,2017-09-23T16:25:33.000Z,0.03988999933782601,0xba9a0f82667dc3d9eed8570809f6f552662a6422,buy,0xf433089366899d83a9f26a773d59ec7ecf30355e,0x6e2471074bb2d8c3e1340d573fb5091b78faf509f45b3745e8e395a5799bf00d
222,0.01253447,0.0005,0xd868b838b5de79f1e540b5d83c9e9a3d0b3810cd,2017-09-23T16:23:28.000Z,0.03988999933782601,0xba9a0f82667dc3d9eed8570809f6f552662a6422,buy,0xf433089366899d83a9f26a773d59ec7ecf30355e,0xd44b07a86066384a1ed02911fbb26cc133e19b6f2d80aedcbd13f19ebad5b10b
223,0.0872,0.0034784077384,0x797b3387f696974bae3eaa464cd958a8037e7cdc,2017-09-23T15:50:31.000Z,0.039889997,0xba9a0f82667dc3d9eed8570809f6f552662a6422,buy,0xf433089366899d83a9f26a773d59ec7ecf30355e,0x4bb77c1096628d7064db68f1286eae60b74d34a31af4a56439f56e0843247106
224,0.01253447,0.0005,0x999dbc9673afdd6b6c140c261297f89de35ff1b3,2017-09-22T06:05:38.000Z,0.03988999933782601,0xba9a0f82667dc3d9eed8570809f6f552662a6422,buy,0xf433089366899d83a9f26a773d59ec7ecf30355e,0x909f1b931c560b82a4f8fdd9973d998434090814b55dde5b2817537155dae336
225,0.01253447,0.0005,0x999dbc9673afdd6b6c140c261297f89de35ff1b3,2017-09-22T05:32:37.000Z,0.03988999933782601,0xba9a0f82667dc3d9eed8570809f6f552662a6422,buy,0xf433089366899d83a9f26a773d59ec7ecf30355e,0x76d567e496b1f738d9249f8b12fd1d758ed264788dc96c565a5d3db95338a571
226,0.01253447,0.0005,0x8612d2a48328bbf318b856ed0daaa4a7034383d0,2017-09-22T05:23:58.000Z,0.03988999933782601,0xba9a0f82667dc3d9eed8570809f6f552662a6422,buy,0xf433089366899d83a9f26a773d59ec7ecf30355e,0xdc6ae454e41c11538480e1e796a98c88d827c8ccd917cf6217c5bd77cf26c45e
227,0.01253447,0.0005,0x10c12555236fa11fc988be565ab70c82a4660ecf,2017-09-22T05:15:38.000Z,0.03988999933782601,0xba9a0f82667dc3d9eed8570809f6f552662a6422,buy,0xf433089366899d83a9f26a773d59ec7ecf30355e,0x9218061029b643ef58ff943aef61dfe2d9c18865ec056e14d37001f1a1e698fb
228,0.025,0.000997249925,0x19b78488b79c6a45d4e060f05a2b35c4873f25c5,2017-09-22T05:11:38.000Z,0.039889997,0xba9a0f82667dc3d9eed8570809f6f552662a6422,buy,0xf433089366899d83a9f26a773d59ec7ecf30355e,0xd0ec914a765a6a6cdae04a5e5ed5c8ab0cab6125fbe4e4f202886e4bdb8e3ee2
229,0.01253447,0.0005,0x8f28b1970e72adb11173044ebc762800e3128238,2017-09-22T05:08:25.000Z,0.03988999933782601,0xba9a0f82667dc3d9eed8570809f6f552662a6422,buy,0xf433089366899d83a9f26a773d59ec7ecf30355e,0x0a1814b2b63bfb877321373050093515d0309501eea70af94e974590bd096c02
230,0.01253447,0.0005,0x7ed2114439b24152cf18c02c10cae681a7ca2adc,2017-09-22T05:05:01.000Z,0.03988999933782601,0xba9a0f82667dc3d9eed8570809f6f552662a6422,buy,0xf433089366899d83a9f26a773d59ec7ecf30355e,0xb1d76052342976cf854a30de7661a0f39ec70ab39988bb6a79a0ca89b7fe87d8
231,0.01253447,0.0005,0x03dd03643b71b06642179afb38211c0f45699bc5,2017-09-22T04:56:56.000Z,0.03988999933782601,0xba9a0f82667dc3d9eed8570809f6f552662a6422,buy,0xf433089366899d83a9f26a773d59ec7ecf30355e,0x3aee08869b882f24d4b1b72811520d63500c86f91b4a2f653463d096ecc83627
232,0.011,0.000331155033,0x953d1111662196af36e9d387c0f909e14111fa76,2017-09-19T19:48:06.000Z,0.030105003,0x8b24d80c6dd6e1af5a000e03ca8f00886a05f6f5,sell,0xf433089366899d83a9f26a773d59ec7ecf30355e,0xd606ed69f06d3cbd10e5684b07efe4d1b0956c8e9d5dd11d58dfdd574e1e6bac
233,0.01,0.000315,0xed14c7d6ba3de845bbcdf9c6051dda1acbd5769f,2017-09-19T17:38:40.000Z,0.0315,0x4c2fb430e95954bcfa54ce4741a9fc2ff6e415ad,sell,0xf433089366899d83a9f26a773d59ec7ecf30355e,0x156ffa4d6a924fa64852e898a83322eb2748a2f9c28610d8c704f71d231db2c3
234,52.83574811,1.5906203025230463,0x3dee4a4e076e8d82859d241db0baf46f112cfa23,2017-09-19T15:49:46.000Z,0.030105002,0x2b3f1961d3feec7fc8dfad0933be177e772f8f5c,sell,0xf433089366899d83a9f26a773d59ec7ecf30355e,0x6d51fe382cc1d069d42edca7100597a022863bd914d58a4323145b93bb7242fe
235,4.9845479,0.1500598294831437,0x953d1111662196af36e9d387c0f909e14111fa76,2017-09-19T14:39:53.000Z,0.030105003,0x298652fd13cc0ee45a2a6ddd26708945f4cfb711,sell,0xf433089366899d83a9f26a773d59ec7ecf30355e,0xed5079ac6b7e54f518811b897789ad77160c8e64a3c59da8a2c9604cb2bd3e9d
236,0.263,0.01050685,0xcdaa02719ede8291e0c0588e343377b0406d5a71,2017-09-18T23:30:54.000Z,0.03995,0x036b337c54af5387226a7a5e6da0ad1baf90ca5b,buy,0xf433089366899d83a9f26a773d59ec7ecf30355e,0x9dab0ba82074f351ba0f426acdf80d9c2469fcba98c36421b5601ff016766c34
237,1,0.03995,0x35ca1f6ccca60fff19178af476ce18caa3a4a169,2017-09-18T20:46:09.000Z,0.03995,0x036b337c54af5387226a7a5e6da0ad1baf90ca5b,buy,0xf433089366899d83a9f26a773d59ec7ecf30355e,0x4f4bc8fe3515266d4feba9582af809f3733f1ed726a37174b06c8fa5e516ee71
238,5.003,0.20001994,0xe7c858e08713025fe02aebf83c0006831fe2ca43,2017-09-18T12:32:43.000Z,0.03998,0x953d1111662196af36e9d387c0f909e14111fa76,buy,0xf433089366899d83a9f26a773d59ec7ecf30355e,0xdc5a15423e2cc5ba77f45d66a8f5f44b6f8c75375c01472e7a2a8351b61f04c3
239,162.04199868,6.480059527464859,0xdce1e6a360daf8b13a701937b15e587dc6d69693,2017-09-18T06:43:25.000Z,0.03999000000155305,0x036b337c54af5387226a7a5e6da0ad1baf90ca5b,buy,0xf433089366899d83a9f26a773d59ec7ecf30355e,0x5333aa7bb3b3f48b3bd75c72bbd5d772c31ef153dd35f9a51c0bdc8e884a537a
240,15,0.6,0x0cb99ed3904abe2648c5c6775b41df17ce476a5c,2017-09-18T01:10:42.000Z,0.04,0x036b337c54af5387226a7a5e6da0ad1baf90ca5b,buy,0xf433089366899d83a9f26a773d59ec7ecf30355e,0x61701310d04994bae0455766487aadf98f9ef1c9ce7acfe6fcd8e64242dd0c39
241,13.37281608,0.40258865483403217,0xba9a0f82667dc3d9eed8570809f6f552662a6422,2017-09-17T21:05:56.000Z,0.030105002,0x6a1afc7af4278351bca6125e03cc9e1a3f41e80a,sell,0xf433089366899d83a9f26a773d59ec7ecf30355e,0x1ce41d111998497c37469a93402940c2bb423c79def13c7a6d20d0da0848f89b
242,0.1,0.00431,0x926faf4321846800c037bef00d1fb9fac45813b9,2017-09-17T04:07:54.000Z,0.0431,0x2682c04ba1fc0e80540670df1ecf5591dabfd8b0,buy,0xf433089366899d83a9f26a773d59ec7ecf30355e,0x648ac12f6d9e463c8ce568b970b56822963807fa50bc7da628fd59f1d5cf9a81
243,2.552,0.1099912,0x41d4d7c94ae3f53d2ac51d7022f8322fdac44c06,2017-09-17T03:30:28.000Z,0.0431,0x2682c04ba1fc0e80540670df1ecf5591dabfd8b0,buy,0xf433089366899d83a9f26a773d59ec7ecf30355e,0xa671e56f0a94606e39f0265397b363ae0c43cde95cdb3509cf94aed40ebc4a42
244,3.26,0.1956,0x3151195f6eafb712fd375a7f44920980fa28d499,2017-09-17T01:24:35.000Z,0.06,0xb236b907580361fd4f87b759de68ca5c206644af,buy,0xf433089366899d83a9f26a773d59ec7ecf30355e,0x36eb25b9a6198476be2f5a7e6bcc46fd7885c5529dd2fc1410c3d01e5c14699f
245,0.08972186,0.00270107668502186,0xba9a0f82667dc3d9eed8570809f6f552662a6422,2017-09-16T18:45:35.000Z,0.030105001,0x27063631c04b1edc22fb969bfc5d9c3c195fe2b7,sell,0xf433089366899d83a9f26a773d59ec7ecf30355e,0xafd5dd93979836fb24d3fb78dcd1d2f8ab7d809cef5682383df95c8dddf409e0
246,0.01153314,0.0005,0x42c24a83bded723edfdf5883bc7efb30bc1a1bf3,2017-09-16T17:36:25.000Z,0.04335332788815535,0xba9a0f82667dc3d9eed8570809f6f552662a6422,buy,0xf433089366899d83a9f26a773d59ec7ecf30355e,0x15488d02eb981539dc1e64e3a41bdac534c7d9a173667be532d6f94a805d4891
247,0.01153314,0.0005,0x0f657c396dfcd6c59bb82b89fc3adbe5f90ce153,2017-09-16T15:51:33.000Z,0.04335332788815535,0xba9a0f82667dc3d9eed8570809f6f552662a6422,buy,0xf433089366899d83a9f26a773d59ec7ecf30355e,0x13a8b70c5cfac9e1b3c55b59e3cbb9267b9c3dec0ff10e9c8f95134938a34e83
248,0.01153314,0.0005,0x1f8ac99600c61189d92c85cc760735b9e0067a60,2017-09-16T15:45:49.000Z,0.04335332788815535,0xba9a0f82667dc3d9eed8570809f6f552662a6422,buy,0xf433089366899d83a9f26a773d59ec7ecf30355e,0xa12904529cf48fb45fbedf3fbca8190e9bec7785882b7edf75ad4ceecbf86fca
249,13.41427181,0.5815532722209676,0x6a1afc7af4278351bca6125e03cc9e1a3f41e80a,2017-09-16T11:12:50.000Z,0.0433533240162492,0xe8f7355a17fc67219fd6d15fc9ffd5662977957b,buy,0xf433089366899d83a9f26a773d59ec7ecf30355e,0x05493d80899add5e161cbe55ee07ebbc64bed69a1f79bfda64215090ae35f6bf
250,0.244,0.010736,0x69dda1579e49f8e19cbde5a946e758f977781797,2017-09-16T02:53:25.000Z,0.044,0xba9a0f82667dc3d9eed8570809f6f552662a6422,sell,0xf433089366899d83a9f26a773d59ec7ecf30355e,0xc9b60361e1738678ef5be3ee8ca9a68bec13f3acddf32b5ca119733024d57f18
251,78.75585684,3.46525770096,0x69dda1579e49f8e19cbde5a946e758f977781797,2017-09-16T02:23:04.000Z,0.044,0xb6dba64619f3a70bdd4ffde2e1f5281a0009f041,sell,0xf433089366899d83a9f26a773d59ec7ecf30355e,0x5f9e50787b4f582a50614657212c8bb71947e84ef605a6b5db7324ffa2b26eb1
252,79,3.424912675,0xb6dba64619f3a70bdd4ffde2e1f5281a0009f041,2017-09-16T02:23:04.000Z,0.043353325,0xba9a0f82667dc3d9eed8570809f6f552662a6422,buy,0xf433089366899d83a9f26a773d59ec7ecf30355e,0x5f9e50787b4f582a50614657212c8bb71947e84ef605a6b5db7324ffa2b26eb1
253,0.01262945,0.0005,0x8b24d80c6dd6e1af5a000e03ca8f00886a05f6f5,2017-09-15T04:22:56.000Z,0.03959000589891088,0x036b337c54af5387226a7a5e6da0ad1baf90ca5b,buy,0xf433089366899d83a9f26a773d59ec7ecf30355e,0x632682836a2dcf11336e652b51ca768303870d57042afccf7df46f04303ea502
254,38.99411823,1.48177649274,0x176c237744fdccb7d400f88d82760efaadbcb78f,2017-09-14T10:58:29.000Z,0.038,0x534cacb922c009e510fb25e0d89d307d15a8392f,sell,0xf433089366899d83a9f26a773d59ec7ecf30355e,0x4510accf344c18b1939150a858dd695e38a47a730c465c2f850b8b3c5b879beb
255,0.01153314,0.0005,0x4c2fb430e95954bcfa54ce4741a9fc2ff6e415ad,2017-09-13T21:15:07.000Z,0.04335332788815535,0xba9a0f82667dc3d9eed8570809f6f552662a6422,buy,0xf433089366899d83a9f26a773d59ec7ecf30355e,0xb62160966f6f5c78d642c1d2ab1cc5ceb1fad04e2904af72292c9c7549c07a78
256,20,0.86706652,0xbced14931efa6d8b15e5b32d692e7ed945ff71a0,2017-09-13T18:06:29.000Z,0.043353326,0xba9a0f82667dc3d9eed8570809f6f552662a6422,buy,0xf433089366899d83a9f26a773d59ec7ecf30355e,0x11f499d6d2165c0bc36f82938926b20004a9cdac2cfb9847a84e2cfcd24499b8
257,4.9845479,0.149536437,0x33a96b5993f65e26ad4f51b3d3ccea513271b923,2017-09-13T01:55:02.000Z,0.03,0x232e9c9fad511d9db268669de4167adfa1a942cf,sell,0xf433089366899d83a9f26a773d59ec7ecf30355e,0xfdfe8231758838803e8e9e7f76bebfe0e03e2c2f7c435639495c85a84b219f47
258,120,5.976,0x2010b2c289bc6ee29abac31313644a9eda5f0084,2017-09-12T22:10:25.000Z,0.0498,0xba9a0f82667dc3d9eed8570809f6f552662a6422,buy,0xf433089366899d83a9f26a773d59ec7ecf30355e,0x1d55cfd83d46e9be574240aa4bd4e57cc4a4f84b46dc70be9a9c04126a6c1586
259,0.674,0.029993,0x3bd189a9b1c11684b08f6464866dfa431362a06e,2017-09-11T21:33:50.000Z,0.0445,0xba9a0f82667dc3d9eed8570809f6f552662a6422,buy,0xf433089366899d83a9f26a773d59ec7ecf30355e,0x9522223c949b909137fdb1de12bec405f4b933256c11365a169e53fe8a1c691a
260,9.99755553,0.44089219913309335,0x3151195f6eafb712fd375a7f44920980fa28d499,2017-09-11T11:54:11.000Z,0.0441000000260157,0xba9a0f82667dc3d9eed8570809f6f552662a6422,buy,0xf433089366899d83a9f26a773d59ec7ecf30355e,0x000ba8ee1c78d123c0a22a449fb9a737f2d7ab3537e989d989323126dcf4e6f6
261,10,0.443,0x3151195f6eafb712fd375a7f44920980fa28d499,2017-09-11T11:47:21.000Z,0.0443,0xba9a0f82667dc3d9eed8570809f6f552662a6422,buy,0xf433089366899d83a9f26a773d59ec7ecf30355e,0xf676d4bb80e1d5f1fd9323da3a1429f298079f60644f4dc090400b019db1758f
262,10,0.442,0x3151195f6eafb712fd375a7f44920980fa28d499,2017-09-11T11:44:43.000Z,0.0442,0xba9a0f82667dc3d9eed8570809f6f552662a6422,buy,0xf433089366899d83a9f26a773d59ec7ecf30355e,0x407e9c1e0688b75b874807487d973c07a4bc8ab378692d1fc527fe77220e3087
263,67.416,3.000012,0x03c6de8dc9c469ffa502527f8597aff7cdd11f71,2017-09-11T08:03:19.000Z,0.0445,0xba9a0f82667dc3d9eed8570809f6f552662a6422,buy,0xf433089366899d83a9f26a773d59ec7ecf30355e,0x3cf23eac677b79f15f0ac290cef531b0a81c80d211f2d56d05a0d5cd66c3b515
264,0.00244446,0.000107800866906633,0xad04a36e77d7c590d3c85448a7e26a6d934f16e8,2017-09-11T06:25:03.000Z,0.044100074006788004,0xba9a0f82667dc3d9eed8570809f6f552662a6422,buy,0xf433089366899d83a9f26a773d59ec7ecf30355e,0xed0de5a62a1acad68fa1aa89df4ad1ef34e8c5442f61fb3c0bf6994625bbea95
265,20,0.998,0x7ac34681f6aaeb691e150c43ee494177c0e2c183,2017-09-10T16:26:54.000Z,0.0499,0x953d1111662196af36e9d387c0f909e14111fa76,buy,0xf433089366899d83a9f26a773d59ec7ecf30355e,0x36bc2831b817b853e79c1087cc7a058397f87a6782526a56e91e83cd0b8db1d1
266,2,0.010001,0x953d1111662196af36e9d387c0f909e14111fa76,2017-09-10T12:10:45.000Z,0.0050005,0x0024a5046fd95c5eee6db19a69ef7ed3bacd50f1,sell,0xf433089366899d83a9f26a773d59ec7ecf30355e,0x514e39a6389a8701161cf4e7c14bf63a61d5160d16b3ce690b63fe253e975a61
267,3,0.1227,0x0024a5046fd95c5eee6db19a69ef7ed3bacd50f1,2017-09-10T11:59:17.000Z,0.0409,0x534cacb922c009e510fb25e0d89d307d15a8392f,buy,0xf433089366899d83a9f26a773d59ec7ecf30355e,0xf79c7541bd9b7295c97e611757f0c4cfd94608dffda381c6ae3a4c4ed9039568
268,1.63349201,0.064646589740157,0x036b337c54af5387226a7a5e6da0ad1baf90ca5b,2017-09-10T11:34:22.000Z,0.0395757,0xdcf93441dd681e2cac27bff4d6db7e5036f25bad,sell,0xf433089366899d83a9f26a773d59ec7ecf30355e,0xae201ddc03c626b4a3770230830aa6e3ae20d49466f651c75a9c9625e8bd3245
269,9.008,0.3564979056,0x96812aaf77d06197a764a7b366db5ab1dd82c4da,2017-09-10T10:01:55.000Z,0.0395757,0xdcf93441dd681e2cac27bff4d6db7e5036f25bad,sell,0xf433089366899d83a9f26a773d59ec7ecf30355e,0x80f5b541c4d4fa13e6b0d85d03c692e555b044e75f25ba03c10c4350b9ac69dd
270,36.88562313,1.459774355305941,0x036b337c54af5387226a7a5e6da0ad1baf90ca5b,2017-09-10T09:58:35.000Z,0.0395757,0x669f0ab96fd3beb68bc836bb874894bbb516331a,sell,0xf433089366899d83a9f26a773d59ec7ecf30355e,0x18a8b7edfff24e4ea8a027d56719e6b65a4b966d1b4061a0c22b043b9534327d
271,99.68561154,3.945127856623578,0x036b337c54af5387226a7a5e6da0ad1baf90ca5b,2017-09-10T09:44:41.000Z,0.0395757,0x669f0ab96fd3beb68bc836bb874894bbb516331a,sell,0xf433089366899d83a9f26a773d59ec7ecf30355e,0x33a723c91b9f008839e7bbcb58f80d679707c5128e993b0f5a1f20d9ffe0d10a
272,0.00418303,0.000165546340371,0x036b337c54af5387226a7a5e6da0ad1baf90ca5b,2017-09-10T09:38:40.000Z,0.0395757,0xdcf93441dd681e2cac27bff4d6db7e5036f25bad,sell,0xf433089366899d83a9f26a773d59ec7ecf30355e,0x4befd1f1df813529f82eb63a042ef90368095a1d9bdaf932ac85a40115048993
273,46.3692553,1.83509573697621,0x036b337c54af5387226a7a5e6da0ad1baf90ca5b,2017-09-10T09:34:49.000Z,0.0395757,0x669f0ab96fd3beb68bc836bb874894bbb516331a,sell,0xf433089366899d83a9f26a773d59ec7ecf30355e,0x4a28a29ef482f4713fd55de3f7392aa0300a31c48c798f7c9731a0f824054535
274,41.95992423,1.660593373349211,0x036b337c54af5387226a7a5e6da0ad1baf90ca5b,2017-09-10T08:32:23.000Z,0.0395757,0xdcf93441dd681e2cac27bff4d6db7e5036f25bad,sell,0xf433089366899d83a9f26a773d59ec7ecf30355e,0xf7c0624627f74283cd4242b4c0ae8770c795eb6bf35afb22e4153432c94ce95f
275,26.13680021,1.034382164070897,0x036b337c54af5387226a7a5e6da0ad1baf90ca5b,2017-09-10T08:08:11.000Z,0.0395757,0x534cacb922c009e510fb25e0d89d307d15a8392f,sell,0xf433089366899d83a9f26a773d59ec7ecf30355e,0x2f89a6df1897cb89659690b77a7f0c1792d1e4f79fce6823debee8f4963c89ea
276,0.094,0.0037201158,0x96812aaf77d06197a764a7b366db5ab1dd82c4da,2017-09-10T05:45:25.000Z,0.0395757,0x2c467743ec933b2ea83e40b550f9e8fd69852abb,sell,0xf433089366899d83a9f26a773d59ec7ecf30355e,0x13aa01c880f4baa277deb5430326e44547f69172c4bcd41ce345869ba8b19de8
277,0.010006,0.0005,0x64b604630e055318093215b7ed41697ca4fb5de6,2017-09-10T04:07:39.000Z,0.04997001798920648,0x64507a39479269b03ca8103acd261bc677f384f3,buy,0xf433089366899d83a9f26a773d59ec7ecf30355e,0xbf34f0aa636256f2ddae75f933d74ca0ff1796e04a854eb90ea4c0b9f99164a3
278,6.125,0.2995125,0x6686861fc55504b1b41850247ba35ca5a109a31c,2017-09-09T20:44:43.000Z,0.0489,0xf142f26d1cac4ba8a6e6d7974d243eda2fe5f4f9,sell,0xf433089366899d83a9f26a773d59ec7ecf30355e,0x7c0a0e98b8e0791f7776314d6a2fb2b33eb44dcbfd75d380739204007582f1a5
279,7.089,0.3466521,0x034bad8968a3b1c4f6b6a3bfb382f16b97531871,2017-09-09T19:49:21.000Z,0.0489,0xf1e22a8ca75dca3e3f6855761e90e6a0b67894b2,buy,0xf433089366899d83a9f26a773d59ec7ecf30355e,0x2cb4ddcc7e1d547ad8723bc9779fbd86ced380329d4d21670d9fc67f7699186b
280,10,0.498,0x0cb99ed3904abe2648c5c6775b41df17ce476a5c,2017-09-09T13:04:54.000Z,0.0498,0x953d1111662196af36e9d387c0f909e14111fa76,buy,0xf433089366899d83a9f26a773d59ec7ecf30355e,0xe544752478de2b5bef980f21c225509e7ec120579b6ef6dcfa9f3f44b20f1d7d
281,0.001,0.0000395757,0x96812aaf77d06197a764a7b366db5ab1dd82c4da,2017-09-09T12:26:16.000Z,0.0395757,0x2c467743ec933b2ea83e40b550f9e8fd69852abb,sell,0xf433089366899d83a9f26a773d59ec7ecf30355e,0xefa73ba7c8ed8f0a259829c91dda746f5bc061656cbe545c892ba2a8f2c8e219
282,0.001,0.0000395757,0x96812aaf77d06197a764a7b366db5ab1dd82c4da,2017-09-09T12:07:15.000Z,0.0395757,0x2c467743ec933b2ea83e40b550f9e8fd69852abb,sell,0xf433089366899d83a9f26a773d59ec7ecf30355e,0x12580e3e2cfde6f784525d6456a64cbac5386cdbf27e61ae5492ff92ff8adf57
283,15.89132108,0.628910155665756,0x96812aaf77d06197a764a7b366db5ab1dd82c4da,2017-09-09T08:26:01.000Z,0.0395757,0xa3d7dedda551204ccb03bd79aa87824cc453b8de,sell,0xf433089366899d83a9f26a773d59ec7ecf30355e,0x7db178e81b3868962e3e218576f93e59ff27f58c3524622b85c9e4a001100b93
284,0.001,0.0000395757,0x96812aaf77d06197a764a7b366db5ab1dd82c4da,2017-09-09T00:51:04.000Z,0.0395757,0x2c467743ec933b2ea83e40b550f9e8fd69852abb,sell,0xf433089366899d83a9f26a773d59ec7ecf30355e,0x6a70877967f8a1ce21ac7bd962dd3f323774a42c67a8638935d3704a0959154b
285,0.001,0.0000395757,0x96812aaf77d06197a764a7b366db5ab1dd82c4da,2017-09-09T00:48:21.000Z,0.0395757,0x2c467743ec933b2ea83e40b550f9e8fd69852abb,sell,0xf433089366899d83a9f26a773d59ec7ecf30355e,0x1a03a5aa9c84f47b20ccead4bdad3bc689cad66fab4696db6e7984d64d704462
286,0.0015,0.00005936355,0x96812aaf77d06197a764a7b366db5ab1dd82c4da,2017-09-09T00:46:00.000Z,0.0395757,0x2c467743ec933b2ea83e40b550f9e8fd69852abb,sell,0xf433089366899d83a9f26a773d59ec7ecf30355e,0x5b75646ac7bd25fba6978483b7897b733af7384d6de0cb03f289cbf071ea8e89
287,0.0015,0.00005936355,0x96812aaf77d06197a764a7b366db5ab1dd82c4da,2017-09-09T00:45:16.000Z,0.0395757,0x2c467743ec933b2ea83e40b550f9e8fd69852abb,sell,0xf433089366899d83a9f26a773d59ec7ecf30355e,0x5b75646ac7bd25fba6978483b7897b733af7384d6de0cb03f289cbf071ea8e89
288,0.001,0.0000395757,0x96812aaf77d06197a764a7b366db5ab1dd82c4da,2017-09-09T00:40:23.000Z,0.0395757,0x2c467743ec933b2ea83e40b550f9e8fd69852abb,sell,0xf433089366899d83a9f26a773d59ec7ecf30355e,0x2b566dfff6d54426cff419702cb45272a5fd0c74d32428740da2b1afeb08ae10
289,0.102,0.004998,0x2c467743ec933b2ea83e40b550f9e8fd69852abb,2017-09-09T00:30:35.000Z,0.049,0xf1e22a8ca75dca3e3f6855761e90e6a0b67894b2,buy,0xf433089366899d83a9f26a773d59ec7ecf30355e,0xd6eb038a66e93faf4376725ce9fcb33e1c321fb837418b8433e1ba4d0186c00b
290,0.19193052,0.006160969692,0xf1e22a8ca75dca3e3f6855761e90e6a0b67894b2,2017-09-08T19:56:28.000Z,0.0321,0x6051555b585a70bd0616052d3ba30020a16fdd44,sell,0xf433089366899d83a9f26a773d59ec7ecf30355e,0xb7afd61e33bc2b2d19c8c69df0bd2498fd587acacc3fa05c31e5ea8c93af584d
291,11,0.05115,0x953d1111662196af36e9d387c0f909e14111fa76,2017-09-08T18:59:46.000Z,0.00465,0x6051555b585a70bd0616052d3ba30020a16fdd44,sell,0xf433089366899d83a9f26a773d59ec7ecf30355e,0xf525f5272a7f524ac90b37e5482b4be00c4525fa15417d30075c6a530fd8301e
292,7,0.2247,0xf1e22a8ca75dca3e3f6855761e90e6a0b67894b2,2017-09-08T18:52:45.000Z,0.0321,0x6051555b585a70bd0616052d3ba30020a16fdd44,sell,0xf433089366899d83a9f26a773d59ec7ecf30355e,0x001ba1ab03283960b141b2933397a015bb1f081e821632ba9aeee205c11ca905
293,0.80927008,0.03228988347543072,0xcd371e6ee9dbc386f85b8eab0c9711368d404618,2017-09-08T18:37:54.000Z,0.039900009,0x6051555b585a70bd0616052d3ba30020a16fdd44,sell,0xf433089366899d83a9f26a773d59ec7ecf30355e,0xb05ed50ff50270763410c10bb9aaf3843ad3c5426cba8ef306083c894b4f60ab
294,0.83994391,0.04198039709548003,0xa63f3b9db73f4ff327e4891d95071508e413a9ca,2017-09-07T13:22:10.000Z,0.04998000056394245,0x953d1111662196af36e9d387c0f909e14111fa76,buy,0xf433089366899d83a9f26a773d59ec7ecf30355e,0x1007baba9b0e065f4cc02a2fd7b0c7c6192108ddaf56fbb1dd6ad9502cbab874
295,0.06,0.00312006,0xf81ab81ca1a6a19cc7b69b2c7876ff6543060598,2017-09-06T01:06:54.000Z,0.052001,0x89bd83a07f75f6ab07798cd902abfd4ce5603cd2,buy,0xf433089366899d83a9f26a773d59ec7ecf30355e,0xb5e4c2af1c324b2386378658643171add515033ada9b792d1621929a2b7a8faa
296,32.76239158,1.045601898558226,0x8d63e9251932354da6b074eb9126880e939e2400,2017-09-05T23:53:48.000Z,0.0319147,0xf142f26d1cac4ba8a6e6d7974d243eda2fe5f4f9,sell,0xf433089366899d83a9f26a773d59ec7ecf30355e,0x6b931bd7ebafaf291a1a5fdc5ac6b92f87ff43fa05cb1f264b26114dff23d603
297,37.015,1.85075,0x2b3f1961d3feec7fc8dfad0933be177e772f8f5c,2017-09-05T23:51:39.000Z,0.05,0xf142f26d1cac4ba8a6e6d7974d243eda2fe5f4f9,sell,0xf433089366899d83a9f26a773d59ec7ecf30355e,0x1040a540dd58d36c725d457757db158db10967eb39050418b35d3640f4cbf67d
298,4.9845479,0.249227395,0x2b3f1961d3feec7fc8dfad0933be177e772f8f5c,2017-09-05T23:40:03.000Z,0.05,0x953d1111662196af36e9d387c0f909e14111fa76,sell,0xf433089366899d83a9f26a773d59ec7ecf30355e,0x7885e1753dea44ca0b244c86fa0a1c19299c5ccaf12697278ca4a9b68f33d108
299,1,0.1,0x2b3f1961d3feec7fc8dfad0933be177e772f8f5c,2017-09-05T23:06:52.000Z,0.1,0xdde55c4e41b5e9b5ac21e87ce7604deeb54bdaf0,buy,0xf433089366899d83a9f26a773d59ec7ecf30355e,0x561bf29c5119665761c5a1d6d46c277d488b2eb0d94a3fc1be3dc586534eadef
300,0.997,0.0997,0x2b3f1961d3feec7fc8dfad0933be177e772f8f5c,2017-09-05T22:44:04.000Z,0.1,0x92d71d257d4db1d96ec8ace218470bd55bd520c6,buy,0xf433089366899d83a9f26a773d59ec7ecf30355e,0x02b366514df287a6df3ca03b989475921124f1c6698b4fd8b62877ae042e85cd
301,9.00299103,0.45014955184139016,0x2b3f1961d3feec7fc8dfad0933be177e772f8f5c,2017-09-05T22:40:11.000Z,0.05000000003791964,0xdde55c4e41b5e9b5ac21e87ce7604deeb54bdaf0,buy,0xf433089366899d83a9f26a773d59ec7ecf30355e,0x79d05248ebae32b93f4c90c77e518c934135aa818561daafa34faa0893606c1d
302,0.00009938,0.00000496914355648,0x92d71d257d4db1d96ec8ace218470bd55bd520c6,2017-09-04T18:39:05.000Z,0.05000144452082914,0xdde55c4e41b5e9b5ac21e87ce7604deeb54bdaf0,buy,0xf433089366899d83a9f26a773d59ec7ecf30355e,0xcc6bff6d4ea91a024c42b49ad6d5077182e2bf4ebb75e83b5b7f0a4b6ed20c0b
303,0.99690958,0.04984547901505333,0x92d71d257d4db1d96ec8ace218470bd55bd520c6,2017-09-04T18:33:16.000Z,0.0500000000151,0xdde55c4e41b5e9b5ac21e87ce7604deeb54bdaf0,buy,0xf433089366899d83a9f26a773d59ec7ecf30355e,0x29eb5adddce508a629792a82231bcee63045a352ee9d1908abef571ac24105e9
304,10,0.4,0x3151195f6eafb712fd375a7f44920980fa28d499,2017-09-04T17:39:19.000Z,0.04,0xdde55c4e41b5e9b5ac21e87ce7604deeb54bdaf0,buy,0xf433089366899d83a9f26a773d59ec7ecf30355e,0xc4be483e8c44450005ec7c916fdaa339dace45f7cdae91188ce04ab4b73e8055
305,10,0.5,0x3151195f6eafb712fd375a7f44920980fa28d499,2017-09-04T17:39:19.000Z,0.05,0xdde55c4e41b5e9b5ac21e87ce7604deeb54bdaf0,buy,0xf433089366899d83a9f26a773d59ec7ecf30355e,0xfac58000976d1bde1bf906c4e88a35b8cffd63a056fb5a9d825c228354e8d047
306,0.00160989,0.000080494745802495,0xdde55c4e41b5e9b5ac21e87ce7604deeb54bdaf0,2017-09-04T06:31:37.000Z,0.05000015268278889,0xdde55c4e41b5e9b5ac21e87ce7604deeb54bdaf0,buy,0xf433089366899d83a9f26a773d59ec7ecf30355e,0xcb2b20d3887c805d356fbe1ff39208b0a935266a3bbb8ca7fb1c1cac9615e0fb
307,2.5,0.625,0x3151195f6eafb712fd375a7f44920980fa28d499,2017-09-03T17:29:14.000Z,0.25,0xb236b907580361fd4f87b759de68ca5c206644af,buy,0xf433089366899d83a9f26a773d59ec7ecf30355e,0xedc2c92e04b7373807b9247ec1abf70fc4239687ba0a66dd953a9b84756d9426
308,0.2,0.0495,0x3ac91e029c9f119516e2b94a996352aed9766db9,2017-08-29T01:22:20.000Z,0.2475,0xb236b907580361fd4f87b759de68ca5c206644af,buy,0xf433089366899d83a9f26a773d59ec7ecf30355e,0xd4d9c4fbcdc821387db7212631991ef08f4e5066cfc453d8cc13a1e8d3dcaff0
309,0.89,0.26788010409,0x9f9f076fdfb80402ec60f9bd046969240cd9e011,2017-08-27T22:54:58.000Z,0.300988881,0xf0ee970a9ad9723fe6985b721b4733a525412316,buy,0xf433089366899d83a9f26a773d59ec7ecf30355e,0x66a0a0cf8e3b111013ee70d31c4c9428608938da2e59610941c7ae5e9271250f
310,9.9690958,0.03090419698,0xb236b907580361fd4f87b759de68ca5c206644af,2017-08-27T03:35:47.000Z,0.0031,0xba9a0f82667dc3d9eed8570809f6f552662a6422,sell,0xf433089366899d83a9f26a773d59ec7ecf30355e,0x1fa83dd46a3004166648cc59ba1bcf04a23f4d7cd09ec9a718f8a717e0891f40
311,0.09,0.02708899929,0x9632bfd6eb7b1b9ef8f9ee910e72958a9c589adc,2017-08-25T13:50:05.000Z,0.300988881,0xf0ee970a9ad9723fe6985b721b4733a525412316,buy,0xf433089366899d83a9f26a773d59ec7ecf30355e,0xbeb035cb797193fea92179b17c2b7c08e1059f19fb088252efc066bfbcee2174
312,0.33,0.33,0x7ad72ebf2ff3dd4845b7873a5c516721a8546e97,2017-08-21T19:30:22.000Z,1,0x18226a72b7c3b384afb0ebc5026d599759ec3158,buy,0xf433089366899d83a9f26a773d59ec7ecf30355e,0x8b43a637b4cdbbb144b6d56f6831fc360419bf158391ca780b3ca71eaa7ed203
313,0.79354002,0.00634832016,0x995d8b47357b2e67f1cf2937a17d443fc48ea08d,2017-08-20T13:50:37.000Z,0.008,0x35aeb679e28532045261eb8aeee9081f3f62be06,sell,0xf433089366899d83a9f26a773d59ec7ecf30355e,0x60ad3d9f074f58d340f43d86bbc91369fd14a16562b56c24178c48c6125fbbd9
314,15.94058418,0.06376233672,0xa3d7dedda551204ccb03bd79aa87824cc453b8de,2017-08-20T12:29:17.000Z,0.004,0x995d8b47357b2e67f1cf2937a17d443fc48ea08d,sell,0xf433089366899d83a9f26a773d59ec7ecf30355e,0x8e1fb51c28541fe51e37877a04c6ce180c376a060f23845750827036b3f5dcae
315,0.00341797,0.000011962895,0xc13db92088575a50c5efb1b848f3bdc2d228406c,2017-08-19T08:04:43.000Z,0.0035,0xc13db92088575a50c5efb1b848f3bdc2d228406c,sell,0xf433089366899d83a9f26a773d59ec7ecf30355e,0x277e18463dc437b32ade6380f5c3808e6d96458e689334c308d4d3218464a918
316,0.11962914,0.119629149636128,0xc13db92088575a50c5efb1b848f3bdc2d228406c,2017-08-19T08:03:34.000Z,1.0000000805500064,0x18226a72b7c3b384afb0ebc5026d599759ec3158,buy,0xf433089366899d83a9f26a773d59ec7ecf30355e,0x202c053638382bd8667b473cd4031c6246a16678704fa76fdf3095d66d5db675
