,amount,amountBase,buyer,date,price,seller,side,tokenAddr,txHash
0,199.38191606,0.008194596750066,0x5c87dd923e0a136284a9adbbb01e8c1a5e6ae872,2017-11-02T15:13:24.000Z,0.0000411,0xc8f0f7ee5ab3ef98804438550111bc2c115c96dc,sell,0x6aac8cb9861e42bf8259f5abdc6ae3ae89909e11,0x89f8c21edbc66afd43987861e33a916aa4ea4322ede53ccc2e97cb53b2f95288
1,1993.8191606,0.08194596750066,0x5c87dd923e0a136284a9adbbb01e8c1a5e6ae872,2017-11-02T14:54:54.000Z,0.0000411,0x0739497dae2285bbe5c5cb8c741e6babf88901d6,sell,0x6aac8cb9861e42bf8259f5abdc6ae3ae89909e11,0xc231e945040acdbd31cb7ab17563880c707dcce41f8ad2b593ffd875352c1423
2,23000,0.9453,0x5c87dd923e0a136284a9adbbb01e8c1a5e6ae872,2017-11-02T14:53:01.000Z,0.0000411,0xf0cc14c08842bfb575473f95e3c08dc20ba147d5,sell,0x6aac8cb9861e42bf8259f5abdc6ae3ae89909e11,0xbf1c4a470bf7151d28826ce241ddf98d6e10d6fac9dee95fa0c62781fe1cd9db
3,2000,0.084,0x37b4d54cc98f34d10de4596546cd4f3fa3000a4e,2017-11-02T14:51:49.000Z,0.000042,0xf0cc14c08842bfb575473f95e3c08dc20ba147d5,sell,0x6aac8cb9861e42bf8259f5abdc6ae3ae89909e11,0xf0d2f2de57c0d7dccee90e03e1f8a8ad6b0105c89cc6b3748f3cd3ce0f8e6acf
4,3.76144672,0.000154595460192,0x5c87dd923e0a136284a9adbbb01e8c1a5e6ae872,2017-11-02T14:50:14.000Z,0.0000411,0xf0cc14c08842bfb575473f95e3c08dc20ba147d5,sell,0x6aac8cb9861e42bf8259f5abdc6ae3ae89909e11,0xf203881ca77e17728468f7514eb259d5d9cf1df0e91173c29c68d65637e4559d
5,996.9095803,0.04097298375033,0x5c87dd923e0a136284a9adbbb01e8c1a5e6ae872,2017-11-02T14:45:56.000Z,0.0000411,0x5cc2072740d99c150b6815eccc05c8b6bcd466b7,sell,0x6aac8cb9861e42bf8259f5abdc6ae3ae89909e11,0x51956cae38abcb95b6c946f65f6752ea2a6cec15e70bfccb97eb610202077e14
6,1993.8191606,0.08194596750066,0x5c87dd923e0a136284a9adbbb01e8c1a5e6ae872,2017-11-02T14:22:39.000Z,0.0000411,0x6021d72b7c22b8d10966d5a62742e92e69a38782,sell,0x6aac8cb9861e42bf8259f5abdc6ae3ae89909e11,0x90ae6cbe03d17297dd7fc719bede9383f3ff9ae4b7fdc1d48e5bab24cd0e86e2
7,37731.07205463,1.550747061445293,0x5c87dd923e0a136284a9adbbb01e8c1a5e6ae872,2017-11-02T14:05:06.000Z,0.0000411,0xf0cc14c08842bfb575473f95e3c08dc20ba147d5,sell,0x6aac8cb9861e42bf8259f5abdc6ae3ae89909e11,0x14915d3dda4ff792907188809ef9ef61bd966b1a74b9cb3367fc36e1ff7037a3
8,9469.874,0.38940121888,0x9aa1c56adc3331524f2c544a8b30f6ec0eda281e,2017-11-02T14:03:12.000Z,0.00004112,0xf0cc14c08842bfb575473f95e3c08dc20ba147d5,sell,0x6aac8cb9861e42bf8259f5abdc6ae3ae89909e11,0x79dfa505a0a90803a226e4393ca39fc83985aa5c68b8ffe7b00064b30ac84078
9,5000,0.2075,0x179eda1807504cfaa5f753a33ad6b100b75104f3,2017-11-02T14:03:12.000Z,0.0000415,0xf0cc14c08842bfb575473f95e3c08dc20ba147d5,sell,0x6aac8cb9861e42bf8259f5abdc6ae3ae89909e11,0xbfeb383801722d3c8795ce255164d84adb39367f5c2e73ff7881f2b1a575fe8b
10,1500,0.063,0xeae3d0d4b082496664314de57f7dec1e4336cffd,2017-11-02T13:49:42.000Z,0.000042,0xf0cc14c08842bfb575473f95e3c08dc20ba147d5,sell,0x6aac8cb9861e42bf8259f5abdc6ae3ae89909e11,0x7110d8b0f0df3c8b8b83ade7a310f65fedb88febd208b542f599370681e328dd
11,1169.85411043,0.076274488000036,0x179eda1807504cfaa5f753a33ad6b100b75104f3,2017-11-02T13:32:43.000Z,0.0000652,0xf44072eda87ede9613b6ae1b812de8a60ade27a2,sell,0x6aac8cb9861e42bf8259f5abdc6ae3ae89909e11,0xe3d5e9e67c958a33b4ed4085748988bb89c02c910efe56ce58c577c80e5dd275
12,1173.37423313,0.06805570552154,0xf44072eda87ede9613b6ae1b812de8a60ade27a2,2017-11-02T13:32:43.000Z,0.000058,0x5e76660125738c38869952618336d10fbb74125c,buy,0x6aac8cb9861e42bf8259f5abdc6ae3ae89909e11,0xe3d5e9e67c958a33b4ed4085748988bb89c02c910efe56ce58c577c80e5dd275
13,1000,0.0415,0xf1695582c702dd963a9abb90f1591d5bdfc22476,2017-11-02T13:32:16.000Z,0.0000415,0x16d70c756ac9c33e3e862d79d6778702342cd188,buy,0x6aac8cb9861e42bf8259f5abdc6ae3ae89909e11,0xcaac23d6daf5823555bb4250783c96cbe611910d76988d8ad382b28600f31e1b
14,0.04457598,0.00000184990317,0xeae3d0d4b082496664314de57f7dec1e4336cffd,2017-11-02T13:31:23.000Z,0.0000415,0x1b6572f89d7d320e044b0a218e3c68c8198c2c40,sell,0x6aac8cb9861e42bf8259f5abdc6ae3ae89909e11,0xa73aa7c81ecb74985fdfc9744d16ce35b333bf92b32c4888acfbcd61b5aca197
15,447.1416675,0.0183864653676,0x9aa1c56adc3331524f2c544a8b30f6ec0eda281e,2017-11-02T13:24:14.000Z,0.00004112,0x1b6572f89d7d320e044b0a218e3c68c8198c2c40,sell,0x6aac8cb9861e42bf8259f5abdc6ae3ae89909e11,0xa4755a137397f356559e6e71961650f40476f914a90b5de0cb8474955a782259
16,6000,0.252,0x5e76660125738c38869952618336d10fbb74125c,2017-11-02T13:22:03.000Z,0.000042,0x1b6572f89d7d320e044b0a218e3c68c8198c2c40,sell,0x6aac8cb9861e42bf8259f5abdc6ae3ae89909e11,0xac2e1fafdadd5e5a14a416432dc6660bf29e821ef44e89f42a2bb32f2f26d380
17,17547.888,0.737011296,0x9aa1c56adc3331524f2c544a8b30f6ec0eda281e,2017-11-02T13:15:57.000Z,0.000042,0x1184bb4e404e1e0082bbfeef0f90efe209dc1f68,buy,0x6aac8cb9861e42bf8259f5abdc6ae3ae89909e11,0x05027e74abf23417b6a391f9f1665a59a48a0efd3c305085a5f8c10ee7b5a524
18,17547.888,0.737011296,0x9aa1c56adc3331524f2c544a8b30f6ec0eda281e,2017-11-02T13:15:56.000Z,0.000042,0x1184bb4e404e1e0082bbfeef0f90efe209dc1f68,buy,0x6aac8cb9861e42bf8259f5abdc6ae3ae89909e11,0x05027e74abf23417b6a391f9f1665a59a48a0efd3c305085a5f8c10ee7b5a524
19,19950,1.06533,0xf5e892df8898e39dce4b723992746dd365c9a869,2017-11-02T12:43:50.000Z,0.0000534,0xf0cc14c08842bfb575473f95e3c08dc20ba147d5,sell,0x6aac8cb9861e42bf8259f5abdc6ae3ae89909e11,0x0a0ef389c877c1dcc9a6585b4708324577dcfe2267b051cd6e6a6ff11e2dd4d5
20,50,0.00267,0xf5e892df8898e39dce4b723992746dd365c9a869,2017-11-02T12:36:11.000Z,0.0000534,0xf0cc14c08842bfb575473f95e3c08dc20ba147d5,sell,0x6aac8cb9861e42bf8259f5abdc6ae3ae89909e11,0x7edc80765565ecde518af27414eff66210aeb4615a2e2f119ffdb5ecd0fa6626
21,1993.52008772,0.081933675605292,0x5c87dd923e0a136284a9adbbb01e8c1a5e6ae872,2017-11-02T12:19:22.000Z,0.0000411,0x1b3529cec0bd2760d2ef184b15f1b2a16e79c77e,sell,0x6aac8cb9861e42bf8259f5abdc6ae3ae89909e11,0x54eae6ec5869e8c7b077ebe8837fda3904f6de1d070b1b99608e40109204866d
22,1993.52008772,0.081933675605292,0x5c87dd923e0a136284a9adbbb01e8c1a5e6ae872,2017-11-02T12:19:19.000Z,0.0000411,0x1b3529cec0bd2760d2ef184b15f1b2a16e79c77e,sell,0x6aac8cb9861e42bf8259f5abdc6ae3ae89909e11,0x54eae6ec5869e8c7b077ebe8837fda3904f6de1d070b1b99608e40109204866d
23,23000,1.15,0x9aa1c56adc3331524f2c544a8b30f6ec0eda281e,2017-11-02T11:25:56.000Z,0.00005,0x564109f0557b21c23681a29bee0d58f2afa4b624,sell,0x6aac8cb9861e42bf8259f5abdc6ae3ae89909e11,0xcbb5b374776a31f636113339a704befb274c35470053ff6b1df8eb15d9b9bfbf
24,772.4745535,0.0409411513355,0x456d3ebab6bf5ee4152fd3398f90606db679ef79,2017-11-02T11:25:14.000Z,0.000053,0x564109f0557b21c23681a29bee0d58f2afa4b624,sell,0x6aac8cb9861e42bf8259f5abdc6ae3ae89909e11,0xa2ce6ddeee53a849d58f7c6dd5883ed901850cea379f6e160825c36669c55e99
25,15000,0.795,0x9aa1c56adc3331524f2c544a8b30f6ec0eda281e,2017-11-02T11:12:54.000Z,0.000053,0x564109f0557b21c23681a29bee0d58f2afa4b624,sell,0x6aac8cb9861e42bf8259f5abdc6ae3ae89909e11,0xdf9418926fe32bfc034631b13b0cb627a2babac98b38089fa75b93c49cd8c39f
26,0.05663154,0.00000300147162,0x456d3ebab6bf5ee4152fd3398f90606db679ef79,2017-11-02T10:39:14.000Z,0.000053,0x969182504dd6506ef431983a19b34897cd5f136b,sell,0x6aac8cb9861e42bf8259f5abdc6ae3ae89909e11,0xbf1fa57e5d70b04530b6d5eda6e80658a26eb35463df91cbd90fb5d1df004c87
27,568.07094078,0.03010775986134,0x456d3ebab6bf5ee4152fd3398f90606db679ef79,2017-11-02T10:37:11.000Z,0.000053,0x969182504dd6506ef431983a19b34897cd5f136b,sell,0x6aac8cb9861e42bf8259f5abdc6ae3ae89909e11,0x5416866e389aabf2b3d55cbace871973a1a2532641b0066b7ec789a1d7ae5533
28,1993.8191606,0.1026836805900606,0xe2ec0dced4b729aae8061f3ec62ab0f28b0ac0f8,2017-11-02T09:54:22.000Z,0.000051501,0xf2413c15664f09da4f739b1174ea60ea18a91c63,sell,0x6aac8cb9861e42bf8259f5abdc6ae3ae89909e11,0xa7a23f9317e68a79c29dd5146083bcd94e46d6db2613332f321cee248894a606
29,20000,1.07,0x82933a4e514f1cafb314c1379ea4d30e05378be9,2017-11-02T09:02:01.000Z,0.0000535,0xb99f72a8b0d3a5025ab8b2ca534973497af42899,sell,0x6aac8cb9861e42bf8259f5abdc6ae3ae89909e11,0x64cdf141727a749c6bf8f64b86ebe337a474474382a30c63c64b5c8ab3b4db09
30,1610.30866124,0.0885669763682,0x70fb221358a7409363a65e9c0131faf542a3ab2b,2017-11-02T09:02:01.000Z,0.000055,0xb99f72a8b0d3a5025ab8b2ca534973497af42899,sell,0x6aac8cb9861e42bf8259f5abdc6ae3ae89909e11,0xc585ac7b23ec9f138236d9da154058df93ec0268f84ca7396b07f660168096d2
31,996.9095803,0.0548300269165,0x70fb221358a7409363a65e9c0131faf542a3ab2b,2017-11-02T08:42:25.000Z,0.000055,0x8b442c5b6907c69078c442ac25b64818e683af0b,sell,0x6aac8cb9861e42bf8259f5abdc6ae3ae89909e11,0xcbf4ab4f7ed6b236f9a703658fed2c00009740620b7472fbf2e509e4d4781328
32,70,0.00462,0xfad75b12bb8ae1746d87f16ffcffe45426368775,2017-11-02T08:32:24.000Z,0.000066,0x7e1e88f8b509f9cf701d309f56aae0e3ca6bb266,buy,0x6aac8cb9861e42bf8259f5abdc6ae3ae89909e11,0x968d355763b606bf3b6fb285a7eef62e919f9bb1ba932e897e280be587d5ef41
33,200,0.0132,0x5efdca26e7cbb98c4f23a46d7a724c6c9148d0cf,2017-11-02T08:31:18.000Z,0.000066,0x7e1e88f8b509f9cf701d309f56aae0e3ca6bb266,buy,0x6aac8cb9861e42bf8259f5abdc6ae3ae89909e11,0x4e2ebcb75a07a72f4f387d6a089293414708c754b44c07d4fd7db816c383b81b
34,451.27355199,0.02527177018499199,0xb67bd20bf6a257209f14b1c61a1777c57e1ee050,2017-11-02T08:25:52.000Z,0.000056001,0x969182504dd6506ef431983a19b34897cd5f136b,sell,0x6aac8cb9861e42bf8259f5abdc6ae3ae89909e11,0x1ccd8215e6db346de65694dfad9a2258a4941c216200039d525c3e76ec8fa85c
35,530,0.02968,0xc9e66217875fd6e4218b47dc4e248b989113837d,2017-11-02T08:24:06.000Z,0.000056,0x969182504dd6506ef431983a19b34897cd5f136b,sell,0x6aac8cb9861e42bf8259f5abdc6ae3ae89909e11,0xd0e2064ac05ab166ae2bb5e63555fe610d0ab4c82fe22b068c2c42bc91a49a66
36,178,0.00996978,0xca2b0e74d88a4f986bcb0d998915f0a000e00b8b,2017-11-02T08:23:14.000Z,0.00005601,0x969182504dd6506ef431983a19b34897cd5f136b,sell,0x6aac8cb9861e42bf8259f5abdc6ae3ae89909e11,0xf02cab5be67b08a503ce561f82d6a46572b1f7e05072b8d25cde6a773ffa74ec
37,250,0.01425,0x619bef28aa1ad4f038feeb8155429f8dc7d5cc02,2017-11-02T08:22:27.000Z,0.000057,0x969182504dd6506ef431983a19b34897cd5f136b,sell,0x6aac8cb9861e42bf8259f5abdc6ae3ae89909e11,0x4527b576e4a6514156cdba8ef41bfe043af7984ffa4604cffcaa385517098250
38,8.33333333,0.0005,0x3075f7f189912f4f425dd7021b9c396434197477,2017-11-02T08:03:32.000Z,0.000060000000024,0x969182504dd6506ef431983a19b34897cd5f136b,buy,0x6aac8cb9861e42bf8259f5abdc6ae3ae89909e11,0x9f455250c966bf4c3f452b3087eb6a83000f71e61b9fbfafedfcc884f5ad9600
39,8.33333333,0.0005,0x4fda9e6bcd83af6c5cc771b5d20accc2b7720074,2017-11-02T08:01:42.000Z,0.000060000000024,0x969182504dd6506ef431983a19b34897cd5f136b,buy,0x6aac8cb9861e42bf8259f5abdc6ae3ae89909e11,0xcc2a10b0074c544e000ba950b629bda8d16eafa9ee1d89a1267d5a4d8050a729
40,30,0.001995,0xfad75b12bb8ae1746d87f16ffcffe45426368775,2017-11-02T07:22:46.000Z,0.0000665,0x969182504dd6506ef431983a19b34897cd5f136b,buy,0x6aac8cb9861e42bf8259f5abdc6ae3ae89909e11,0x1ad347be39788d329983458731111f70f03172b248e00e5d90d67422d4dfb0e3
41,2023.72644801,0.11333070481500801,0xb67bd20bf6a257209f14b1c61a1777c57e1ee050,2017-11-02T07:09:11.000Z,0.000056001,0x93ed508495c0525d5fecb8016b769965667c3328,sell,0x6aac8cb9861e42bf8259f5abdc6ae3ae89909e11,0xf3c1f5720d492649a1d80d8c6874bac258790a3a861becaf75cc7cac1d27570d
42,7975.2766424,0.4266852756450424,0x2ef0bb40a46f3276bdc8433d0a7ae78a83e5de12,2017-11-02T06:15:36.000Z,0.000053501,0x9ddb004b654a5a939340930d1e1405a5f11aecd6,sell,0x6aac8cb9861e42bf8259f5abdc6ae3ae89909e11,0x7184e8de99d6cf1f59ff71204a9af54aaa8d7c6fb0de98f7160e395227131243
43,1993.8191606,0.109660053833,0x70fb221358a7409363a65e9c0131faf542a3ab2b,2017-11-02T05:17:52.000Z,0.000055,0xde4fc7384427a4a18fee6ef9ac28353b519ce475,sell,0x6aac8cb9861e42bf8259f5abdc6ae3ae89909e11,0x0ebaf07b21b34cb470fad7651b76147f7e9c670fea5562f0a3aaad72cdae7d3c
44,398.96259786,0.0219429428823,0x70fb221358a7409363a65e9c0131faf542a3ab2b,2017-11-02T05:11:49.000Z,0.000055,0xe66d3694198499adb8380b949b062db5b3efb0ef,sell,0x6aac8cb9861e42bf8259f5abdc6ae3ae89909e11,0xaeaeee57ef713ce7661deab0d5151a70a73aafb998fa5bb823afbe089274b801
45,1365.32886241,0.07509308743255,0x1b7eb7b543307d90958a381a53389c8f40864bdf,2017-11-02T05:08:39.000Z,0.000055,0x2b057a9574ed945d2f6a631bc39857401ad67a30,sell,0x6aac8cb9861e42bf8259f5abdc6ae3ae89909e11,0xc86854c33b200a7530f7ef1886a445d5c105610d7157b49a9af66015be48c380
46,1177.60663756,0.0647683650658,0x1b7eb7b543307d90958a381a53389c8f40864bdf,2017-11-02T05:06:02.000Z,0.000055,0x6833020e1fad7f8054b101fd9ca44e96886371e4,sell,0x6aac8cb9861e42bf8259f5abdc6ae3ae89909e11,0xcec29dd8486d194f7061a60e9e9588ca3c3aee6fbbb528305ec98d46a97d43df
47,1993.8191606,0.109660053833,0x1b7eb7b543307d90958a381a53389c8f40864bdf,2017-11-02T05:06:02.000Z,0.000055,0x9a9ee91fd20b3e3c3e00f6a4e5b048618acad3ad,sell,0x6aac8cb9861e42bf8259f5abdc6ae3ae89909e11,0x15053eedbb220406bc474c1c9a5b9939d939f309c277d32b6c19b6e26a7ed9b2
48,500,0.02755,0xf0d8444b98fd316d6fa97ef6d9501f457e72656f,2017-11-02T05:06:02.000Z,0.0000551,0x2b057a9574ed945d2f6a631bc39857401ad67a30,sell,0x6aac8cb9861e42bf8259f5abdc6ae3ae89909e11,0x7b6265d53381c393f9c14ad88639be1c78c195705c11b856d20b3a44a98eda79
49,600,0.0396,0xea50c3e3af66ca485899dcdb5c6a6f57946e1da1,2017-11-02T04:59:43.000Z,0.000066,0xe66d3694198499adb8380b949b062db5b3efb0ef,buy,0x6aac8cb9861e42bf8259f5abdc6ae3ae89909e11,0xe3ee33eaded6e42385d0321ed850aa9ac69ea14b57097647719315bdecfef200
50,447.487,0.0302948699,0xf124c07cbf9bee82db79462ad5e9d809ca11d02e,2017-11-02T04:38:51.000Z,0.0000677,0xc9e66217875fd6e4218b47dc4e248b989113837d,buy,0x6aac8cb9861e42bf8259f5abdc6ae3ae89909e11,0x8fd3af0dfb84f43df6a98532030e5a8da9a340a84d6100c96f1b245d060b9c07
51,1999.99999999,0.0799999999996,0xf44072eda87ede9613b6ae1b812de8a60ade27a2,2017-11-02T04:20:04.000Z,0.00004,0x781f806e99f9a78704bd110498a45b34f162b1bb,buy,0x6aac8cb9861e42bf8259f5abdc6ae3ae89909e11,0x06eae467b3c5e28fd11f4c36f9cfe3a94d57f6b63fc5399fda95df35f95445a7
52,1993.99999999,0.10966999999945,0x1b7eb7b543307d90958a381a53389c8f40864bdf,2017-11-02T04:20:04.000Z,0.000055,0xf44072eda87ede9613b6ae1b812de8a60ade27a2,sell,0x6aac8cb9861e42bf8259f5abdc6ae3ae89909e11,0x06eae467b3c5e28fd11f4c36f9cfe3a94d57f6b63fc5399fda95df35f95445a7
53,4481.60701824,0.2464883860032,0x1b7eb7b543307d90958a381a53389c8f40864bdf,2017-11-02T02:43:33.000Z,0.000055,0xdd1ba752d669d4821adcd03b67cf5d8eb2533d48,sell,0x6aac8cb9861e42bf8259f5abdc6ae3ae89909e11,0x37684c1c074ba3954a5ef70186f34599271b10867efa00420cd1b1a557f01466
54,1,0.0000678,0xed2ca7381d82f8fb9bcc54ea6ab6526e35aece25,2017-11-02T02:28:26.000Z,0.0000678,0x69ba47528bd1f8acfaa58fb24375a0a758f23812,buy,0x6aac8cb9861e42bf8259f5abdc6ae3ae89909e11,0x5f5948878a4d3960a536646e30f7b2469a26983990fd8b1a2872bccec4194912
55,1,0.0000678,0xe2b48b3dd0b33283b4802e63e65518f27e635054,2017-11-02T02:28:26.000Z,0.0000678,0x69ba47528bd1f8acfaa58fb24375a0a758f23812,buy,0x6aac8cb9861e42bf8259f5abdc6ae3ae89909e11,0x0839d2cb5c31484308bf596e2544345deb3e910f29f16488ed375502c8d4d223
56,800.71288476,0.054288333586728,0x0c8a9ea8a3844253eceb6a0301d7901119a6da8d,2017-11-02T02:04:28.000Z,0.0000678,0x69ba47528bd1f8acfaa58fb24375a0a758f23812,buy,0x6aac8cb9861e42bf8259f5abdc6ae3ae89909e11,0xd766276f855df10165b62cede0e86ebecb0cd907e3b2513f38598cda2ff30d4f
57,798.31793096,0.05508393723624,0x1ee62f8f20e7c034183e16d78aad9a306d0d9b44,2017-11-02T02:04:28.000Z,0.000069,0x0c8a9ea8a3844253eceb6a0301d7901119a6da8d,sell,0x6aac8cb9861e42bf8259f5abdc6ae3ae89909e11,0xd766276f855df10165b62cede0e86ebecb0cd907e3b2513f38598cda2ff30d4f
58,4984.99999999,0.34396499999931,0x1ee62f8f20e7c034183e16d78aad9a306d0d9b44,2017-11-02T01:59:46.000Z,0.000069,0xf44072eda87ede9613b6ae1b812de8a60ade27a2,sell,0x6aac8cb9861e42bf8259f5abdc6ae3ae89909e11,0x1a6712232ff66754e83252f080951178ddcbe019d4695769ec76c459f52e2859
59,997,0.068793,0x1ee62f8f20e7c034183e16d78aad9a306d0d9b44,2017-11-02T01:59:46.000Z,0.000069,0x273a5d3e6721b9f5c1a6474f560c1334c63dda01,sell,0x6aac8cb9861e42bf8259f5abdc6ae3ae89909e11,0xe9389b3336c95b4003b38a7ac5fd0ae3286e0eeaac0bdd230815b8efed726214
60,4984.99999999,0.34396499999931,0x1ee62f8f20e7c034183e16d78aad9a306d0d9b44,2017-11-02T01:59:46.000Z,0.000069,0xf44072eda87ede9613b6ae1b812de8a60ade27a2,sell,0x6aac8cb9861e42bf8259f5abdc6ae3ae89909e11,0xe1a102c02c761fdabb90c3207175c6942d9b32872256c8ae10ea9bc65a2a4b3c
61,4999.99999998,0.33499999999933,0xf44072eda87ede9613b6ae1b812de8a60ade27a2,2017-11-02T01:59:46.000Z,0.000067000000000134,0x69ba47528bd1f8acfaa58fb24375a0a758f23812,buy,0x6aac8cb9861e42bf8259f5abdc6ae3ae89909e11,0x1a6712232ff66754e83252f080951178ddcbe019d4695769ec76c459f52e2859
62,4999.99999998,0.337499999999325,0xf44072eda87ede9613b6ae1b812de8a60ade27a2,2017-11-02T01:59:46.000Z,0.00006750000000013498,0x69ba47528bd1f8acfaa58fb24375a0a758f23812,buy,0x6aac8cb9861e42bf8259f5abdc6ae3ae89909e11,0xe1a102c02c761fdabb90c3207175c6942d9b32872256c8ae10ea9bc65a2a4b3c
63,5000,0.3325,0x273a5d3e6721b9f5c1a6474f560c1334c63dda01,2017-11-02T01:59:46.000Z,0.0000665,0x69ba47528bd1f8acfaa58fb24375a0a758f23812,buy,0x6aac8cb9861e42bf8259f5abdc6ae3ae89909e11,0x74324ca8de6920470b64a2519db2d395fa99a51f8e6cdd93fbab57fe352d72aa
64,1000,0.062,0x273a5d3e6721b9f5c1a6474f560c1334c63dda01,2017-11-02T01:59:46.000Z,0.000062,0x43c88efbbad582ab05a1deb26ec6873c0ef7b55f,buy,0x6aac8cb9861e42bf8259f5abdc6ae3ae89909e11,0xe9389b3336c95b4003b38a7ac5fd0ae3286e0eeaac0bdd230815b8efed726214
65,4985,0.343965,0x1ee62f8f20e7c034183e16d78aad9a306d0d9b44,2017-11-02T01:59:46.000Z,0.000069,0x273a5d3e6721b9f5c1a6474f560c1334c63dda01,sell,0x6aac8cb9861e42bf8259f5abdc6ae3ae89909e11,0x74324ca8de6920470b64a2519db2d395fa99a51f8e6cdd93fbab57fe352d72aa
66,4262.4694775,0.281322985515,0xf44072eda87ede9613b6ae1b812de8a60ade27a2,2017-11-02T01:59:06.000Z,0.000066,0x76be6d6ad321c7391f5736db90f4f76b8de74022,buy,0x6aac8cb9861e42bf8259f5abdc6ae3ae89909e11,0xbd66f67417e53a2ceb9cc586ed8ca53074450ee468f6eb4ed9a7a9b928d47acd
67,4249.68206906,0.29322806276514,0x1ee62f8f20e7c034183e16d78aad9a306d0d9b44,2017-11-02T01:59:06.000Z,0.000069,0xf44072eda87ede9613b6ae1b812de8a60ade27a2,sell,0x6aac8cb9861e42bf8259f5abdc6ae3ae89909e11,0xbd66f67417e53a2ceb9cc586ed8ca53074450ee468f6eb4ed9a7a9b928d47acd
68,417.889,0.025491229,0x5daf6dada571baed742a5ed6ec585ec27303d60f,2017-11-02T01:44:39.000Z,0.000061,0x76be6d6ad321c7391f5736db90f4f76b8de74022,sell,0x6aac8cb9861e42bf8259f5abdc6ae3ae89909e11,0x232356df9011173df2f5eeb00078f5714a3fa5dd72685a7f389a532445b70cdf
69,1993.8191606,0.119629149636,0x5daf6dada571baed742a5ed6ec585ec27303d60f,2017-11-02T01:39:15.000Z,0.00006,0x6c214db0a4d172443539bfb8b02e23f467303f95,sell,0x6aac8cb9861e42bf8259f5abdc6ae3ae89909e11,0xf92d1203a031175c5bc1c7965c66e4968560057e65bc5cf17372fe9e754896e1
70,3635.39696422,0.22175921481742,0x5daf6dada571baed742a5ed6ec585ec27303d60f,2017-11-02T01:35:43.000Z,0.000061,0x9aa1c56adc3331524f2c544a8b30f6ec0eda281e,sell,0x6aac8cb9861e42bf8259f5abdc6ae3ae89909e11,0x19069f6020d12154b99604ef99ea7e5a00ba89995dec8f1e0b2eb459a78ef6ac
71,30000,1.8,0x32a0bb6e02b8d87a54844148fbfd10ef2a6ce6b4,2017-11-02T01:33:21.000Z,0.00006,0x9aa1c56adc3331524f2c544a8b30f6ec0eda281e,sell,0x6aac8cb9861e42bf8259f5abdc6ae3ae89909e11,0x73ee44e6fc1b073d85547b27965d9ceb1a5fdf64e8025d73cf06007c10b4585a
72,4131.0927126,0.2540622018249,0x5daf6dada571baed742a5ed6ec585ec27303d60f,2017-11-02T01:32:52.000Z,0.0000615,0x9aa1c56adc3331524f2c544a8b30f6ec0eda281e,sell,0x6aac8cb9861e42bf8259f5abdc6ae3ae89909e11,0x6f93e9646f4672ae9fe08337a5d0d8d551c408b0ece7ff556ba1cdb2865adcb9
73,2000,0.124002,0xe6a1144b1c42cf79cac48159339f21894d0efa06,2017-11-02T01:32:52.000Z,0.000062001,0x9aa1c56adc3331524f2c544a8b30f6ec0eda281e,sell,0x6aac8cb9861e42bf8259f5abdc6ae3ae89909e11,0x02f936f97aa8f117ec481b2975d2b051704016926e73bb4717b7f9e109bf3242
74,4485.95869982,0.2781384113062396,0xc86eb59c0de26c9163bde99fe6280ea4ab88a8bd,2017-11-02T01:32:40.000Z,0.000062002,0x9aa1c56adc3331524f2c544a8b30f6ec0eda281e,sell,0x6aac8cb9861e42bf8259f5abdc6ae3ae89909e11,0x667bf366781292dcd6ea4032511fbbe5e2f06bfc5e7bb0da8fb7fdd0b23e9474
75,1836.52391891,0.114048135364311,0x5a91def498b2dd9c6995f92e03412574ad8c1672,2017-11-02T01:32:32.000Z,0.0000621,0x9aa1c56adc3331524f2c544a8b30f6ec0eda281e,sell,0x6aac8cb9861e42bf8259f5abdc6ae3ae89909e11,0xbdcc9254b596674738db440654ac499666f43045a66c47595c9a91417b28fbf8
76,689.65692049,0.042827694762429,0x5a91def498b2dd9c6995f92e03412574ad8c1672,2017-11-02T01:31:27.000Z,0.0000621,0x9a30d150806e8fce970cb601a954ade1f775d7ea,sell,0x6aac8cb9861e42bf8259f5abdc6ae3ae89909e11,0x9756cf8cb992990c0a9f9b9827148d88202628e7b0f134dad95b2f7aa0c27fdd
77,5676.07478625,0.3525410049739875,0x3186a46fd56588b63bdbdfe79d3cbab8495b199a,2017-11-02T01:29:02.000Z,0.00006211,0x76be6d6ad321c7391f5736db90f4f76b8de74022,sell,0x6aac8cb9861e42bf8259f5abdc6ae3ae89909e11,0x67e716e8de6750c56ac3f9d31872a144da187f65143668e3ebece209248222c7
78,30.10605315,0.0018698869611465,0x3186a46fd56588b63bdbdfe79d3cbab8495b199a,2017-11-02T01:28:23.000Z,0.00006211,0xd3a07067a6a428555239ab562614e8776cba689a,sell,0x6aac8cb9861e42bf8259f5abdc6ae3ae89909e11,0x964fee2754ea5a2f9187921e5cefd6d71c7e51250b4a24c99df483814e8701bd
79,1366.1808394,0.0901679354004,0xb7478f925f4583b836bc5d810445eedd6eb68e49,2017-11-02T01:23:59.000Z,0.000066,0x9a30d150806e8fce970cb601a954ade1f775d7ea,sell,0x6aac8cb9861e42bf8259f5abdc6ae3ae89909e11,0xb5e56351a13cf9e70bc8f00382f89924d94eb9c71f75fb2c4a1a7937756adc02
80,700,0.0483,0x1ee62f8f20e7c034183e16d78aad9a306d0d9b44,2017-11-02T01:19:32.000Z,0.000069,0x76be6d6ad321c7391f5736db90f4f76b8de74022,sell,0x6aac8cb9861e42bf8259f5abdc6ae3ae89909e11,0xbe15296511c41adeed30b5f621aa93cc5c5d7be4dde9e69357fa501e13599939
81,5000,0.345,0x1ee62f8f20e7c034183e16d78aad9a306d0d9b44,2017-11-02T01:15:14.000Z,0.000069,0x58ff734be859f621f41edb63a5b4c96607220028,sell,0x6aac8cb9861e42bf8259f5abdc6ae3ae89909e11,0xa9aee2d2c4ad14353984c4564612b83fc24d193dc4f9e4bdf58ed489002515b5
82,1993.8191606,0.123836108064866,0x3186a46fd56588b63bdbdfe79d3cbab8495b199a,2017-11-02T01:09:29.000Z,0.00006211,0xdb3a3dff3180a9f045208b966b8e3d0070ae2372,sell,0x6aac8cb9861e42bf8259f5abdc6ae3ae89909e11,0x590214f992b6af0e21c3c2418f8a213c78ae92da373d3790a687ea35389913c6
83,1700,0.1122,0xb7478f925f4583b836bc5d810445eedd6eb68e49,2017-11-02T00:49:32.000Z,0.000066,0xdbaf12d05b2bd9e5ecfbde9383a0a9ced64a26c2,sell,0x6aac8cb9861e42bf8259f5abdc6ae3ae89909e11,0x0ad3ddea0e4a756a0ce372c9e1fe4eb4bdb380ffc07ac4cffdd3b9b5727cd6c7
84,220,0.01474,0xe833266083a879df83642378fd186908b1ad8093,2017-11-02T00:49:01.000Z,0.000067,0xdbaf12d05b2bd9e5ecfbde9383a0a9ced64a26c2,sell,0x6aac8cb9861e42bf8259f5abdc6ae3ae89909e11,0xb3b392bee9b9c88d23134e156bf6a356e4d75ee6fc92c72610776c4cf239ce38
85,3201.545,0.22410815,0xfad75b12bb8ae1746d87f16ffcffe45426368775,2017-11-02T00:20:41.000Z,0.00007,0x3514a3b157ab18834ea8bdb752f727a135a961ed,buy,0x6aac8cb9861e42bf8259f5abdc6ae3ae89909e11,0x8d1bea363d01112fff9fefb1d513358f0de90f4c58c17afeb4e88b330aa9f0db
86,1000,0.067,0xe833266083a879df83642378fd186908b1ad8093,2017-11-02T00:15:07.000Z,0.000067,0xb4066e3f167a4e5b7b97cca2b163ee396cfd0a1d,sell,0x6aac8cb9861e42bf8259f5abdc6ae3ae89909e11,0x22a0446fe92f722d0f4be3f3103eb58e5fcc3f85b6e9568a5a65958166fe46fe
87,1993.8191606,0.1315920645996,0xb7478f925f4583b836bc5d810445eedd6eb68e49,2017-11-02T00:07:51.000Z,0.000066,0x087c172696900e8bff0189f2979ed230d586ea45,sell,0x6aac8cb9861e42bf8259f5abdc6ae3ae89909e11,0x18a4b48cac1e41069c7fa0b91ea705179e34802835a642e7cf64c646747102d2
88,4000,0.28,0xfad75b12bb8ae1746d87f16ffcffe45426368775,2017-11-01T23:40:13.000Z,0.00007,0x1a334a6974070c52ab42701c113929b294f5d67b,buy,0x6aac8cb9861e42bf8259f5abdc6ae3ae89909e11,0xa68ebe3953e991f068cfdc388cffbd139a202a3145051eea2e9c1fd5ba83e496
89,1242.977,0.088251367,0xbd6876511ea1a216c0f349c410682ff1b3de0d26,2017-11-01T23:30:06.000Z,0.000071,0xdc0de8be6351136fd46d7d0fe7b9b0dd74f16326,buy,0x6aac8cb9861e42bf8259f5abdc6ae3ae89909e11,0x8df1ea86ed56d57f7788100622a49735cd7a28586bdb3bdde22a31f078331800
90,1340.96676426,0.09252670673412422,0xbd6876511ea1a216c0f349c410682ff1b3de0d26,2017-11-01T23:22:06.000Z,0.00006900000000013737,0x76be6d6ad321c7391f5736db90f4f76b8de74022,buy,0x6aac8cb9861e42bf8259f5abdc6ae3ae89909e11,0x461d41dbd3f9e9d34509cab30db0f6f99161e68e5b6164c20f66859f375164dd
91,837,0.057753,0xe833266083a879df83642378fd186908b1ad8093,2017-11-01T23:21:29.000Z,0.000069,0x76be6d6ad321c7391f5736db90f4f76b8de74022,buy,0x6aac8cb9861e42bf8259f5abdc6ae3ae89909e11,0x8dc753834c47a102c2eaf6a59d227c8f6f4de538dd41bff69e9fa8bdece27473
92,15.03323573,0.001037293265875785,0xbd6876511ea1a216c0f349c410682ff1b3de0d26,2017-11-01T23:16:59.000Z,0.00006900000003364444,0x76be6d6ad321c7391f5736db90f4f76b8de74022,buy,0x6aac8cb9861e42bf8259f5abdc6ae3ae89909e11,0x03b49edd79b4fcc6ffee7d682d27ca64e1dae0a686bbc3b96c39e5e04dc47e94
93,10000,0.744,0x16be20a72ba9c873d8ffb2248c0316180ab9709f,2017-11-01T23:16:59.000Z,0.0000744,0x1a4cfe7277bfdbd108ef42a3db9e8a1c05428c6c,buy,0x6aac8cb9861e42bf8259f5abdc6ae3ae89909e11,0xc37f944aa011fb70920b4bab5aee74b6683944d4227e6ead7a0c178bc9e33ea6
94,1994,0.1318034,0x16be20a72ba9c873d8ffb2248c0316180ab9709f,2017-11-01T23:07:12.000Z,0.0000661,0x5a91def498b2dd9c6995f92e03412574ad8c1672,buy,0x6aac8cb9861e42bf8259f5abdc6ae3ae89909e11,0x93f8d3dac0abb84750bcb66b2be23af20f51f539a07f83ed795629ce09c759c0
95,1315.451,0.08693815659,0x16be20a72ba9c873d8ffb2248c0316180ab9709f,2017-11-01T23:06:28.000Z,0.00006609,0x97c5c53f8acac416f87a884f6f923ae063ebaacd,buy,0x6aac8cb9861e42bf8259f5abdc6ae3ae89909e11,0xc5317661cac57821e0c15f66a6114e8a034e2524a8d1f7573963abc70985bca1
96,20000,1.3,0x273a5d3e6721b9f5c1a6474f560c1334c63dda01,2017-11-01T23:02:47.000Z,0.000065,0xf1695582c702dd963a9abb90f1591d5bdfc22476,buy,0x6aac8cb9861e42bf8259f5abdc6ae3ae89909e11,0xd9e5d607a14f1978550315c111b2dd83efaf0475f4fcffcbe35fe82f34fc3ff4
97,19940,1.31604,0xb7478f925f4583b836bc5d810445eedd6eb68e49,2017-11-01T23:02:47.000Z,0.000066,0x273a5d3e6721b9f5c1a6474f560c1334c63dda01,sell,0x6aac8cb9861e42bf8259f5abdc6ae3ae89909e11,0xd9e5d607a14f1978550315c111b2dd83efaf0475f4fcffcbe35fe82f34fc3ff4
98,163,0.01012556,0xe833266083a879df83642378fd186908b1ad8093,2017-11-01T22:57:45.000Z,0.00006212,0xf155eac36ea8e082bdcd673c58608d6f02e4225c,sell,0x6aac8cb9861e42bf8259f5abdc6ae3ae89909e11,0x3a633e7892a83f2fd5500aaa82c1b3a58fb59d863ba45a7267d5935648c48652
99,1993.8191606,0.12381616987326,0x5a91def498b2dd9c6995f92e03412574ad8c1672,2017-11-01T21:23:39.000Z,0.0000621,0xcbd0e70cb6c4dea0552633412c7deb53eca2c151,sell,0x6aac8cb9861e42bf8259f5abdc6ae3ae89909e11,0xdd13cf8a6a14147d453dedd45d339047863b87632d360929284d5aaddfe42ab0
100,3086.04030018,0.19134067069176036,0xc86eb59c0de26c9163bde99fe6280ea4ab88a8bd,2017-11-01T21:02:35.000Z,0.000062002,0x15cd30009b5c47264dd1babc00de1e1180aeb40d,sell,0x6aac8cb9861e42bf8259f5abdc6ae3ae89909e11,0xcd0edfbf8821ceefcb9f9781bdaaf500689b686f44482cfc247f4ba4bd2bc706
101,369.07904798,0.0239901381187,0x114b2b26c40a02c42cd6f67be09d896d1892dbb8,2017-11-01T21:00:14.000Z,0.000065,0x15cd30009b5c47264dd1babc00de1e1180aeb40d,sell,0x6aac8cb9861e42bf8259f5abdc6ae3ae89909e11,0x0cc0de255855eb4318564ba7663ae19054cc9f01201b80bd07c44eff1549adfc
102,26.62576687,0.001735999999924,0x179eda1807504cfaa5f753a33ad6b100b75104f3,2017-11-01T20:59:49.000Z,0.0000652,0x15cd30009b5c47264dd1babc00de1e1180aeb40d,sell,0x6aac8cb9861e42bf8259f5abdc6ae3ae89909e11,0xcbd2aadbcd08eed9c8fa989a37fc6bd8616da1acce2a9576bc45765fd1deb095
103,2100,0.136941,0x3186a46fd56588b63bdbdfe79d3cbab8495b199a,2017-11-01T20:59:33.000Z,0.00006521,0x15cd30009b5c47264dd1babc00de1e1180aeb40d,sell,0x6aac8cb9861e42bf8259f5abdc6ae3ae89909e11,0xab03d240e683cdf98da535507a5b59e25405ca37db9134dbafcc6c825e428a34
104,506.1808394,0.03292706360297,0x114b2b26c40a02c42cd6f67be09d896d1892dbb8,2017-11-01T20:57:49.000Z,0.00006505,0x15cd30009b5c47264dd1babc00de1e1180aeb40d,sell,0x6aac8cb9861e42bf8259f5abdc6ae3ae89909e11,0x621667aa5a79ad90791b1c87d41dfa3b41a9c5f006a5dbfe4333e048f0ebd2c1
105,200,0.013042,0x3186a46fd56588b63bdbdfe79d3cbab8495b199a,2017-11-01T20:57:04.000Z,0.00006521,0xf1695582c702dd963a9abb90f1591d5bdfc22476,sell,0x6aac8cb9861e42bf8259f5abdc6ae3ae89909e11,0xb7f325869114a8c3fb994b7109f2cea3f91a092dfff9c8cf1ee67465a530c73d
106,500,0.03260500005,0xbf3ff66b9f477e3c6f3b8b2c6053e398a243e6c1,2017-11-01T20:53:38.000Z,0.0000652100001,0x15cd30009b5c47264dd1babc00de1e1180aeb40d,sell,0x6aac8cb9861e42bf8259f5abdc6ae3ae89909e11,0xb8b0ddc3dbd02c91b43704818d1c309188bddebe02922462944873a270ef9885
107,1170.0927126,0.076313446715772,0x179eda1807504cfaa5f753a33ad6b100b75104f3,2017-11-01T20:53:38.000Z,0.00006522,0xf1695582c702dd963a9abb90f1591d5bdfc22476,sell,0x6aac8cb9861e42bf8259f5abdc6ae3ae89909e11,0x9d365b44c36bfa3ef0196c52442e79343d4bad0f59da9d355f03b90c14c29db4
108,29.9072874,0.001950553284228,0x179eda1807504cfaa5f753a33ad6b100b75104f3,2017-11-01T20:47:56.000Z,0.00006522,0x369c8fa4e8b8528d64b6379c9b3907f2058657d8,sell,0x6aac8cb9861e42bf8259f5abdc6ae3ae89909e11,0x6fadfecd12964fc535f08cbdd6b13d3636de9a67d0beb1876ea420dacc146465
109,29.9072874,0.001950553284228,0x179eda1807504cfaa5f753a33ad6b100b75104f3,2017-11-01T20:47:42.000Z,0.00006522,0x369c8fa4e8b8528d64b6379c9b3907f2058657d8,sell,0x6aac8cb9861e42bf8259f5abdc6ae3ae89909e11,0x6fadfecd12964fc535f08cbdd6b13d3636de9a67d0beb1876ea420dacc146465
110,30,0.0021597,0xa83acd1b5c446fddd0797d83e7549a8a9f494592,2017-11-01T20:44:59.000Z,0.00007199,0x15cd30009b5c47264dd1babc00de1e1180aeb40d,buy,0x6aac8cb9861e42bf8259f5abdc6ae3ae89909e11,0x437405dd83f82ae6508e9526c75c63fc05bcd29d6d866212e9aa10075e722280
111,4400,0.2948,0xfad75b12bb8ae1746d87f16ffcffe45426368775,2017-11-01T20:38:59.000Z,0.000067,0x5a91def498b2dd9c6995f92e03412574ad8c1672,buy,0x6aac8cb9861e42bf8259f5abdc6ae3ae89909e11,0x32acc7d4e311e297a54aea4e68fa32e37f0310d85a04d5916f0ee338698685cd
112,498.45479511,0.032449407161661,0xfad75b12bb8ae1746d87f16ffcffe45426368775,2017-11-01T20:18:52.000Z,0.0000651,0x6e336aee8f7d3d346415e0e4c35f460a262057a0,sell,0x6aac8cb9861e42bf8259f5abdc6ae3ae89909e11,0xc473be9cc3d1185326ce545d9deb13f7cc4ad2d0d2cf7b951eb8e599254264bf
113,4400,0.28644,0x5a91def498b2dd9c6995f92e03412574ad8c1672,2017-11-01T20:08:23.000Z,0.0000651,0x1b6572f89d7d320e044b0a218e3c68c8198c2c40,sell,0x6aac8cb9861e42bf8259f5abdc6ae3ae89909e11,0xff86e4501346faf953e23f40a373031e1d8a82bc05dd162096454e43915ee9d0
114,4000,0.29,0xf1abd19fae90a6c4184ec6870049d84c9b8e0db5,2017-11-01T20:06:08.000Z,0.0000725,0x564109f0557b21c23681a29bee0d58f2afa4b624,buy,0x6aac8cb9861e42bf8259f5abdc6ae3ae89909e11,0x5851cc8798f784ba15c997f9dbdc3c90ccd8d7ab5a2d259ffe2f94e940b5aa5e
115,1376.94693411,0.09969095803010666,0x1868625498c833fea86e31b613b6a6ad9f65cd4f,2017-11-01T19:33:44.000Z,0.0000724000000003941,0x7e826e85cba4d3aaaa1b484f53be01d10f527fd6,buy,0x6aac8cb9861e42bf8259f5abdc6ae3ae89909e11,0x0f482c88e698850c89b08e8dc5b5ec7b87fa5775242d330b3ce6e996301fc15a
116,1993.8191606,0.12969793639703,0x114b2b26c40a02c42cd6f67be09d896d1892dbb8,2017-11-01T19:12:21.000Z,0.00006505,0xa8b719f9c37c4d3543e71e0dc2d992c6a57da675,sell,0x6aac8cb9861e42bf8259f5abdc6ae3ae89909e11,0x8fa1db4fbe641c43115356017416de663ada445175fa49e9bc4710bcaad64b51
117,460,0.03335,0x179eda1807504cfaa5f753a33ad6b100b75104f3,2017-11-01T19:12:21.000Z,0.0000725,0x564109f0557b21c23681a29bee0d58f2afa4b624,buy,0x6aac8cb9861e42bf8259f5abdc6ae3ae89909e11,0x5809a1df11b2dc41e82133cac6b0cf8b2f2e906242113e71d77d160ff8a66ec2
118,4984.97945693,0.324522162646143,0x179eda1807504cfaa5f753a33ad6b100b75104f3,2017-11-01T18:51:53.000Z,0.0000651,0x3e7d005ed164cc1b2066279cf625a0960281dfb2,sell,0x6aac8cb9861e42bf8259f5abdc6ae3ae89909e11,0x155a08a5cc0ddae9132e112e6b003de6fc344294960e2b339f996f70654049a3
119,9679.72780667,0.7201717488164959,0x1b6572f89d7d320e044b0a218e3c68c8198c2c40,2017-11-01T18:51:24.000Z,0.0000744000000000256,0x1a4cfe7277bfdbd108ef42a3db9e8a1c05428c6c,buy,0x6aac8cb9861e42bf8259f5abdc6ae3ae89909e11,0xa9f1884dd04cc6a0cec4dbe66e2f87c1ff7ab40091d869b226214e939b57805e
120,1200,0.0888,0x1b6572f89d7d320e044b0a218e3c68c8198c2c40,2017-11-01T18:48:43.000Z,0.000074,0xf155eac36ea8e082bdcd673c58608d6f02e4225c,buy,0x6aac8cb9861e42bf8259f5abdc6ae3ae89909e11,0xf1d5d596505a300aebd289b240a4d225ad241017aafe3317ed69066cabe3e428
121,1511.23301249,0.09823770197691245,0x114b2b26c40a02c42cd6f67be09d896d1892dbb8,2017-11-01T18:16:40.000Z,0.000065005,0x18c657a2403e75ed03a885622031e6c9985fe212,sell,0x6aac8cb9861e42bf8259f5abdc6ae3ae89909e11,0x4628ba15231a0f23a06c6b5ce9b8462ff90806566c60f35efe0e6723cd1653b8
122,2193,0.144738,0x76be6d6ad321c7391f5736db90f4f76b8de74022,2017-11-01T18:00:09.000Z,0.000066,0x5a91def498b2dd9c6995f92e03412574ad8c1672,buy,0x6aac8cb9861e42bf8259f5abdc6ae3ae89909e11,0xd343c314f02bba9325fae92cc1e604a5d549542f29e17ed5ecb8acef9b44ea15
123,9946.93521334,0.6465607358023133,0x179eda1807504cfaa5f753a33ad6b100b75104f3,2017-11-01T17:44:25.000Z,0.000065001,0xd433ff14078a9185ce9d096147fa4fecd00d7148,sell,0x6aac8cb9861e42bf8259f5abdc6ae3ae89909e11,0xdea05a4bdfc35eddc2cc617ff7c295a1e378130e5f3f1e9f24906aa415c5fa11
124,0.04969144,0.00000322999329144,0x179eda1807504cfaa5f753a33ad6b100b75104f3,2017-11-01T17:42:37.000Z,0.000065001,0x6e336aee8f7d3d346415e0e4c35f460a262057a0,sell,0x6aac8cb9861e42bf8259f5abdc6ae3ae89909e11,0x6bbb900423b680f134702c4d40ea7a3ec7638d85fcb5d4d25ab8c11abc508d14
125,1.01784468,0.0000661599042,0x114b2b26c40a02c42cd6f67be09d896d1892dbb8,2017-11-01T17:03:57.000Z,0.000065,0x945663a6f26180ea6fdd3e88ecc5ebb84dddd3f6,sell,0x6aac8cb9861e42bf8259f5abdc6ae3ae89909e11,0x3681e779d4d5d892db245a4b5208a955d36f11ce57d019e007b9481452590ef5
126,1993,0.129545,0x114b2b26c40a02c42cd6f67be09d896d1892dbb8,2017-11-01T17:00:46.000Z,0.000065,0x945663a6f26180ea6fdd3e88ecc5ebb84dddd3f6,sell,0x6aac8cb9861e42bf8259f5abdc6ae3ae89909e11,0x17bafc8fdc2a3d27199513fe228a21f6325660e5f0284f2fe69d4e295ab927d6
127,1500,0.1124985,0xea50c3e3af66ca485899dcdb5c6a6f57946e1da1,2017-11-01T16:44:16.000Z,0.000074999,0x3ca06145775b9da37f328e6fc779679ea7767f0a,buy,0x6aac8cb9861e42bf8259f5abdc6ae3ae89909e11,0x284c0ef6cc7e283f49c17ad8eb81f638187bca4bdcb68e3dff276a6b97df8ccb
128,2000,0.149998,0xea50c3e3af66ca485899dcdb5c6a6f57946e1da1,2017-11-01T16:37:56.000Z,0.000074999,0x3ca06145775b9da37f328e6fc779679ea7767f0a,buy,0x6aac8cb9861e42bf8259f5abdc6ae3ae89909e11,0xb6b2ac671f29a9fc9cf1fc52da995ae8b202b50b9738fa6120100d94e40bdb52
129,1746.78475639,0.13100710994506692,0x5931a911875cf5658eb8768a7b0bc289629aead9,2017-11-01T16:37:34.000Z,0.0000749990000003282,0x3ca06145775b9da37f328e6fc779679ea7767f0a,buy,0x6aac8cb9861e42bf8259f5abdc6ae3ae89909e11,0xd0a67a12f8df627e07cf0779c1b97e421efe2a82cd8bacfdc362699ada78eb0d
130,6000,0.441,0x5931a911875cf5658eb8768a7b0bc289629aead9,2017-11-01T16:35:26.000Z,0.0000735,0xbc02b496d9574163061cea6ada93e1275b12ff25,buy,0x6aac8cb9861e42bf8259f5abdc6ae3ae89909e11,0x92708f002ce4aba69e51acbeb0fabe8934429a88b7ae4ab424620bf64bb1368a
131,5937,0.427464,0x5931a911875cf5658eb8768a7b0bc289629aead9,2017-11-01T16:35:26.000Z,0.000072,0x114b2b26c40a02c42cd6f67be09d896d1892dbb8,buy,0x6aac8cb9861e42bf8259f5abdc6ae3ae89909e11,0x83cf68b0db0ec16f8bae9a4bfb56fbc9151d4234b21ddd243f1701f17404b8bd
132,761.269,0.05328883,0x5931a911875cf5658eb8768a7b0bc289629aead9,2017-11-01T16:35:26.000Z,0.00007,0x70fb221358a7409363a65e9c0131faf542a3ab2b,buy,0x6aac8cb9861e42bf8259f5abdc6ae3ae89909e11,0x398d62b86c1852a448df1110cd5d3262c27ef0773222ceddb369b80c37c97dd2
133,2000,0.14,0xea50c3e3af66ca485899dcdb5c6a6f57946e1da1,2017-11-01T16:34:43.000Z,0.00007,0xe856796af9bbdd34bce43324c850d4fc4d7323b1,buy,0x6aac8cb9861e42bf8259f5abdc6ae3ae89909e11,0xe9590f02e9c6787388b8fbfea69c1655bfdce99f06564653f388a664985d38d1
134,58.79,0.004056509994121,0x5931a911875cf5658eb8768a7b0bc289629aead9,2017-11-01T16:33:07.000Z,0.0000689999999,0xb99f72a8b0d3a5025ab8b2ca534973497af42899,buy,0x6aac8cb9861e42bf8259f5abdc6ae3ae89909e11,0xb232def474e2d3cc401596f5c5159f212adeec7c803d7d2a45e94dc84c1fd24b
135,6055,0.4238499993945,0xea50c3e3af66ca485899dcdb5c6a6f57946e1da1,2017-11-01T16:31:32.000Z,0.0000699999999,0xb99f72a8b0d3a5025ab8b2ca534973497af42899,buy,0x6aac8cb9861e42bf8259f5abdc6ae3ae89909e11,0x7fcf87cadf887c3d7d68ed01541cd22f624285789f4b2e2ea0c77227d90bb7bf
136,5200,0.36399999948,0xfad75b12bb8ae1746d87f16ffcffe45426368775,2017-11-01T16:29:59.000Z,0.0000699999999,0xb99f72a8b0d3a5025ab8b2ca534973497af42899,buy,0x6aac8cb9861e42bf8259f5abdc6ae3ae89909e11,0xa9b72da68b93152fb77277a3bd480969af1ebad5e90258c5ed6c3459ecfa36a3
137,2000,0.142,0x7193e6c845afc37e65f5cf34f85e3bd0722c7441,2017-11-01T16:16:08.000Z,0.000071,0xc360629a9aae3bf14aeb578b96953d53a6ace5f2,buy,0x6aac8cb9861e42bf8259f5abdc6ae3ae89909e11,0x26bef22397ee8016b9730e3113c3a6a97143b0495f85031f26ac8bdbe27260bc
138,5000,0.3475,0x7193e6c845afc37e65f5cf34f85e3bd0722c7441,2017-11-01T16:12:48.000Z,0.0000695,0x76be6d6ad321c7391f5736db90f4f76b8de74022,buy,0x6aac8cb9861e42bf8259f5abdc6ae3ae89909e11,0x8e726e9905a2cc09060f780b9845034d4d80e665c611663f0bdf0a12dcc392b2
139,13000,0.90999987,0x7193e6c845afc37e65f5cf34f85e3bd0722c7441,2017-11-01T16:12:27.000Z,0.00006999999,0xb99f72a8b0d3a5025ab8b2ca534973497af42899,buy,0x6aac8cb9861e42bf8259f5abdc6ae3ae89909e11,0x549ad34d9a9a65c8f564ff72df3eb9bcfaf48c80ffb4611415fc9ff1a8c123da
140,800,0.05592,0xfad75b12bb8ae1746d87f16ffcffe45426368775,2017-11-01T16:09:54.000Z,0.0000699,0xdb5936126a51b5bb370ceec5f2d45e72a2e57789,buy,0x6aac8cb9861e42bf8259f5abdc6ae3ae89909e11,0x0e02c76c3a85c0c4ff7f747983b36ea87f30182f09cddf5385601f50919baea6
141,22290.918,1.5603642599999998,0x7193e6c845afc37e65f5cf34f85e3bd0722c7441,2017-11-01T16:09:54.000Z,0.00007,0x6f386979f14b4d841cb77bfddd3afba6f0c6b6a1,buy,0x6aac8cb9861e42bf8259f5abdc6ae3ae89909e11,0x6de5900b65d1484b69bfba48c74032f877c19008d85ec4873c6b9cfe53497f85
142,10000,0.699999,0x7193e6c845afc37e65f5cf34f85e3bd0722c7441,2017-11-01T16:09:32.000Z,0.0000699999,0xb99f72a8b0d3a5025ab8b2ca534973497af42899,buy,0x6aac8cb9861e42bf8259f5abdc6ae3ae89909e11,0x12ceb94965eff69d05c4139742d3fd086c9e2c7cb22802f1ad3bfc4f86422558
143,303.442,0.0209374979696558,0xfad75b12bb8ae1746d87f16ffcffe45426368775,2017-11-01T16:04:35.000Z,0.0000689999999,0xb99f72a8b0d3a5025ab8b2ca534973497af42899,buy,0x6aac8cb9861e42bf8259f5abdc6ae3ae89909e11,0x755d960eb1332abadfebdc906fc716cc53be91605a9108763f4ad74622f6a916
144,5000,0.3445,0xfad75b12bb8ae1746d87f16ffcffe45426368775,2017-11-01T16:02:34.000Z,0.0000689,0x76be6d6ad321c7391f5736db90f4f76b8de74022,buy,0x6aac8cb9861e42bf8259f5abdc6ae3ae89909e11,0x80905d7a27fc05597063561e8fbc90e9a82e85bc61792972034e0fe7ebdcf2bd
145,257,0.016705,0xfad75b12bb8ae1746d87f16ffcffe45426368775,2017-11-01T15:58:28.000Z,0.000065,0xadc45ad9e5d19bb7536b468a3fce8a8d275649ed,buy,0x6aac8cb9861e42bf8259f5abdc6ae3ae89909e11,0x81022c7433776b97470d4bfa227bfe075881eb0dfaab2d091b9e9cbccf1ca637
146,439.558,0.028570830442,0xfad75b12bb8ae1746d87f16ffcffe45426368775,2017-11-01T15:58:28.000Z,0.000064999,0x76be6d6ad321c7391f5736db90f4f76b8de74022,buy,0x6aac8cb9861e42bf8259f5abdc6ae3ae89909e11,0xf7d2c5737f80b4c578d52ea94ae6f13aa1a03cd975e92adc3db02a057d9a8677
147,5500,0.3574945,0xfad75b12bb8ae1746d87f16ffcffe45426368775,2017-11-01T15:38:39.000Z,0.000064999,0x76be6d6ad321c7391f5736db90f4f76b8de74022,buy,0x6aac8cb9861e42bf8259f5abdc6ae3ae89909e11,0xa79958eea602ce9de4bf06424fc0fe2308c47924ede740f037cc91c2cc047553
148,1993.8191606,0.1236167879572,0x5a91def498b2dd9c6995f92e03412574ad8c1672,2017-11-01T15:25:54.000Z,0.000062,0x755b5127da8de1f0e9258cd6eccea145ccfb83a4,sell,0x6aac8cb9861e42bf8259f5abdc6ae3ae89909e11,0xce1495c2a80e07ff6827ab33b38c8f2561b91c6608e7aed924df8cb2294e512f
149,2000,0.13,0xfad75b12bb8ae1746d87f16ffcffe45426368775,2017-11-01T15:18:34.000Z,0.000065,0x879df0511528cff77db51e0013482ef79d666061,buy,0x6aac8cb9861e42bf8259f5abdc6ae3ae89909e11,0xd95e791dd1a9e84528957a8e461a9f1955cde1de4439100a9e568465bc68683e
150,1500,0.0975,0xfad75b12bb8ae1746d87f16ffcffe45426368775,2017-11-01T15:13:26.000Z,0.000065,0xadc45ad9e5d19bb7536b468a3fce8a8d275649ed,buy,0x6aac8cb9861e42bf8259f5abdc6ae3ae89909e11,0xf59f38bd2dd16c77f6d67225cda446cbdfdb40f541d5892030b1a5ab6fb48f42
151,2000,0.1379999998,0xfad75b12bb8ae1746d87f16ffcffe45426368775,2017-11-01T15:03:24.000Z,0.0000689999999,0xb99f72a8b0d3a5025ab8b2ca534973497af42899,buy,0x6aac8cb9861e42bf8259f5abdc6ae3ae89909e11,0x97d71fa75d900cb48a186d197fff3878660ba04edb90c8ce7f2899336aad1057
152,2000,0.13,0xfad75b12bb8ae1746d87f16ffcffe45426368775,2017-11-01T14:36:31.000Z,0.000065,0x480b343caec0e49b3ef7815e6f98c02c0152fb74,buy,0x6aac8cb9861e42bf8259f5abdc6ae3ae89909e11,0x1e707f67bfd900a0adb34ae79025cb54e6c5410238445c384f769508cb30de61
153,199.38191606,0.01236167879572,0x5a91def498b2dd9c6995f92e03412574ad8c1672,2017-11-01T14:27:16.000Z,0.000062,0x410f8aa044aa1e5e951270b6c666850c52bce288,sell,0x6aac8cb9861e42bf8259f5abdc6ae3ae89909e11,0x7c6860fed23857fc758206823cf2fd74282c308b1faee1b91cb4c9ec522acc2c
154,6637.7677889,0.4580059767709108,0x15cd30009b5c47264dd1babc00de1e1180aeb40d,2017-11-01T14:24:52.000Z,0.00006899999990008852,0xb99f72a8b0d3a5025ab8b2ca534973497af42899,buy,0x6aac8cb9861e42bf8259f5abdc6ae3ae89909e11,0x0a43cfb9a23d34452ab43ea88e70ba8106da562d2d3fcbe03ea5b1c031434805
155,88,0.005456,0xd14cc8e4ae00443cc17311993cb9027048a53fc8,2017-11-01T14:04:36.000Z,0.000062,0x0c1b0b9cf8ee4423afbf413bfbee2c70ebf70bb8,sell,0x6aac8cb9861e42bf8259f5abdc6ae3ae89909e11,0xd0e70125c3f45fe18f53fcc72e7e75bae55316f05886c76a8f55d5d0083621bd
156,1993,0.141503,0x70fb221358a7409363a65e9c0131faf542a3ab2b,2017-11-01T14:04:07.000Z,0.000071,0x4a42f8134bc67bcaeb8dee1e5aad82d85290c419,buy,0x6aac8cb9861e42bf8259f5abdc6ae3ae89909e11,0x5054bbb23918ccee845438e179b3344de24495c4691351ca69e40322701a1c21
157,403.09,0.0282163,0x70fb221358a7409363a65e9c0131faf542a3ab2b,2017-11-01T14:03:57.000Z,0.00007,0x0744f1ef0a9011ccc08d7f1f8ab8aedb80828e59,buy,0x6aac8cb9861e42bf8259f5abdc6ae3ae89909e11,0x986c24dc51d94673261f1d8dbedfb667d260732558515309ecdfef26b87e9c8e
158,2000,0.14,0x70fb221358a7409363a65e9c0131faf542a3ab2b,2017-11-01T14:03:06.000Z,0.00007,0x37a714705378b50a324152efe9bb2152abb342b5,buy,0x6aac8cb9861e42bf8259f5abdc6ae3ae89909e11,0x57c8de1fb18ebae7cd0e6b578abdbe943010803455c0c35d5bb4d1aa65d735f8
159,9200,0.5704,0x905e60e76301106075eb3cadb0cf8d269bea6c0d,2017-11-01T13:53:49.000Z,0.000062,0xb99f72a8b0d3a5025ab8b2ca534973497af42899,sell,0x6aac8cb9861e42bf8259f5abdc6ae3ae89909e11,0x1a047eaca938fcc0a458bf9de66ca8f7e83e824552cc7b68e87102ea8b42e487
160,1895,0.1326498105,0x70fb221358a7409363a65e9c0131faf542a3ab2b,2017-11-01T13:49:11.000Z,0.0000699999,0x9160918305c4f996406d87c1d076c1a4fce57424,buy,0x6aac8cb9861e42bf8259f5abdc6ae3ae89909e11,0xb1a22a85889e495781979ccd8476fe6735bd79bb6dc09564781408280d3cd51b
161,1451.81,0.09872308,0x70fb221358a7409363a65e9c0131faf542a3ab2b,2017-11-01T13:49:08.000Z,0.000068,0x3514a3b157ab18834ea8bdb752f727a135a961ed,buy,0x6aac8cb9861e42bf8259f5abdc6ae3ae89909e11,0x9f2460b6a6f6f534098bb598f5b8e43b91d850b85f4da49a23d94cfdfe83ade9
162,7439,0.4574985,0x5daf6dada571baed742a5ed6ec585ec27303d60f,2017-11-01T13:33:01.000Z,0.0000615,0xd433ff14078a9185ce9d096147fa4fecd00d7148,sell,0x6aac8cb9861e42bf8259f5abdc6ae3ae89909e11,0x397378ab3a7da01080afec6fde6c0092fa2b49413e806b522cfd89504f8f1c44
163,14577.88669794,0.9475626353661,0xb39077f818a336baedd15ad07a6218c3b81aafeb,2017-11-01T13:29:09.000Z,0.000065,0xd433ff14078a9185ce9d096147fa4fecd00d7148,sell,0x6aac8cb9861e42bf8259f5abdc6ae3ae89909e11,0xb119ffc9d122aeff40f7afeeb96b08859aa9c7dc29f4d669ad8332d649776ff7
164,422.11330206,0.0274373646339,0xb39077f818a336baedd15ad07a6218c3b81aafeb,2017-11-01T13:26:11.000Z,0.000065,0x10acd94b57e4344b1f92e64efbe212041a6867ab,sell,0x6aac8cb9861e42bf8259f5abdc6ae3ae89909e11,0xb1c9d62413866d510396f1e5e8e1307d38b685df725c2ccb213b7ae65f320188
165,3000,0.204,0xfad75b12bb8ae1746d87f16ffcffe45426368775,2017-11-01T13:22:10.000Z,0.000068,0x3514a3b157ab18834ea8bdb752f727a135a961ed,buy,0x6aac8cb9861e42bf8259f5abdc6ae3ae89909e11,0x009f29bcd4ac0c4d38bf27f8454a01c164e0d6c7da83e06793a155dae229c776
166,2023.72644801,0.12951849267264,0xb39077f818a336baedd15ad07a6218c3b81aafeb,2017-11-01T13:21:17.000Z,0.000064,0x285c55c3292cbbdd4521452462932ba2cfc7d49d,sell,0x6aac8cb9861e42bf8259f5abdc6ae3ae89909e11,0xed7f9fa118917fed3df671e58cc69fb9fc0c2f8009f6c9be8b1051b7850615bb
167,3000,0.204,0xfad75b12bb8ae1746d87f16ffcffe45426368775,2017-11-01T13:19:59.000Z,0.000068,0x3514a3b157ab18834ea8bdb752f727a135a961ed,buy,0x6aac8cb9861e42bf8259f5abdc6ae3ae89909e11,0xeec2c37a0bbde6a44a744e38708e0e5541597c5db37d3e92445da65e6b9ec8cd
168,2000,0.136,0xfad75b12bb8ae1746d87f16ffcffe45426368775,2017-11-01T13:17:59.000Z,0.000068,0xe66d3694198499adb8380b949b062db5b3efb0ef,buy,0x6aac8cb9861e42bf8259f5abdc6ae3ae89909e11,0x78f7ef5959cb34fab56fbc25adf3424304b31868b22b0786db19c2cba7357fcc
169,2000,0.138,0xfad75b12bb8ae1746d87f16ffcffe45426368775,2017-11-01T13:15:35.000Z,0.000069,0x0a7c759c68df05d622d8969a564b002787d9a778,buy,0x6aac8cb9861e42bf8259f5abdc6ae3ae89909e11,0xc95de1a8d752ac758a60649f99898ece12a2f491e840334c9de7cece168acf63
170,1238.731,0.08671117,0xfad75b12bb8ae1746d87f16ffcffe45426368775,2017-11-01T13:11:56.000Z,0.00007,0x70fb221358a7409363a65e9c0131faf542a3ab2b,buy,0x6aac8cb9861e42bf8259f5abdc6ae3ae89909e11,0x05522bc897661ae911bb1b08a249d956608bc0b4a8ced4b6fc31a417698f4a4f
171,1505,0.19866,0x925b40cc038e9d061f750f42fe39a1e39d5960c1,2017-11-01T13:07:10.000Z,0.000132,0x70fb221358a7409363a65e9c0131faf542a3ab2b,buy,0x6aac8cb9861e42bf8259f5abdc6ae3ae89909e11,0xeced630c2ca0ca3dd38565855e308e69bf9e2eba88ed2d964a7ff3ac2dabf09f
172,5000,0.66,0x925b40cc038e9d061f750f42fe39a1e39d5960c1,2017-11-01T13:05:16.000Z,0.000132,0x70fb221358a7409363a65e9c0131faf542a3ab2b,buy,0x6aac8cb9861e42bf8259f5abdc6ae3ae89909e11,0x185772dd8189280bdb7f51dcfb8946cb487c00fb98013132f975edc7238b4c3a
173,3800,0.342,0x70fb221358a7409363a65e9c0131faf542a3ab2b,2017-11-01T13:00:40.000Z,0.00009,0x925b40cc038e9d061f750f42fe39a1e39d5960c1,buy,0x6aac8cb9861e42bf8259f5abdc6ae3ae89909e11,0x70cab56a97651d1362898f1cd10059825cc369664a007cbfedc64586273ec5f0
174,2200,0.15884,0x70fb221358a7409363a65e9c0131faf542a3ab2b,2017-11-01T12:55:28.000Z,0.0000722,0x925b40cc038e9d061f750f42fe39a1e39d5960c1,buy,0x6aac8cb9861e42bf8259f5abdc6ae3ae89909e11,0x515f938c52ae4dc105290a02c299312e420778b63015f836b017d58db15ed2a1
175,5320.18427855,0.328255369986535,0xb39077f818a336baedd15ad07a6218c3b81aafeb,2017-11-01T12:55:28.000Z,0.0000617,0x005d1231aa5a6c73eebbd495525f4c1a4b1f4af3,sell,0x6aac8cb9861e42bf8259f5abdc6ae3ae89909e11,0xd748fa2697c5886aa45ee46adb449434193202882111b50754b5704b0519c32a
176,200,0.014,0x179eda1807504cfaa5f753a33ad6b100b75104f3,2017-11-01T12:53:51.000Z,0.00007,0x10acd94b57e4344b1f92e64efbe212041a6867ab,buy,0x6aac8cb9861e42bf8259f5abdc6ae3ae89909e11,0x91af969201f250e2445f98b6e28472b8be98fd1817d7cc1d32930d275d03d8f0
177,1800,0.1458,0x925b40cc038e9d061f750f42fe39a1e39d5960c1,2017-11-01T12:53:00.000Z,0.000081,0x70fb221358a7409363a65e9c0131faf542a3ab2b,buy,0x6aac8cb9861e42bf8259f5abdc6ae3ae89909e11,0xf272fbd2f82d0eae195d4a59af86a072d05c4b577e157192db5d126be3561b1d
178,0.09938287,0.000006956800979072,0x8047717aced5fd7cc313ed7affaffbd98db69e0a,2017-11-01T12:52:29.000Z,0.00007000000079563008,0x10acd94b57e4344b1f92e64efbe212041a6867ab,buy,0x6aac8cb9861e42bf8259f5abdc6ae3ae89909e11,0xb224c7b8241f3188bb1fba77bb5bbf6ff78a1ed01f7c9bb65893822687479993
179,4865,0.3828755,0x70fb221358a7409363a65e9c0131faf542a3ab2b,2017-11-01T12:51:35.000Z,0.0000787,0x70fb221358a7409363a65e9c0131faf542a3ab2b,buy,0x6aac8cb9861e42bf8259f5abdc6ae3ae89909e11,0xe237d0f03ad7c051354eeab537d6e8074d7a900346bd7ee6e1395594ef66f23c
180,2700,0.20007,0x925b40cc038e9d061f750f42fe39a1e39d5960c1,2017-11-01T12:50:00.000Z,0.0000741,0x70fb221358a7409363a65e9c0131faf542a3ab2b,buy,0x6aac8cb9861e42bf8259f5abdc6ae3ae89909e11,0xc36831e9d391afe32d871d81f6548bc29b94c11a4b65bed1dcd031e3bf561a5b
181,500,0.036,0x925b40cc038e9d061f750f42fe39a1e39d5960c1,2017-11-01T12:47:38.000Z,0.000072,0x70fb221358a7409363a65e9c0131faf542a3ab2b,buy,0x6aac8cb9861e42bf8259f5abdc6ae3ae89909e11,0x1a5ebc1eaf93a00cf30b973127a66e935f87eb079948ec6b3b198be6ee8bf0b1
182,1000,0.085,0x925b40cc038e9d061f750f42fe39a1e39d5960c1,2017-11-01T12:46:03.000Z,0.000085,0x70fb221358a7409363a65e9c0131faf542a3ab2b,buy,0x6aac8cb9861e42bf8259f5abdc6ae3ae89909e11,0xfc2d6ef43e0488130d8ee08d82c2f3d4a201e0bdfac55f06ca4788217bc32995
183,1000,0.071,0x925b40cc038e9d061f750f42fe39a1e39d5960c1,2017-11-01T12:44:41.000Z,0.000071,0x70fb221358a7409363a65e9c0131faf542a3ab2b,buy,0x6aac8cb9861e42bf8259f5abdc6ae3ae89909e11,0xe366e4b88dd3e7a977bd3180035ea391fd4d55a9db7228c6e0ff26dec5248a57
184,29.9072874,0.0018392981751,0x5daf6dada571baed742a5ed6ec585ec27303d60f,2017-11-01T12:05:03.000Z,0.0000615,0xd29efd58596feaac4398b8d20803c5c8af1d868c,sell,0x6aac8cb9861e42bf8259f5abdc6ae3ae89909e11,0xc79602b3209428b3987658facd09a40c4c2ce98ee9ffad81fcca83c5e112bb54
185,996.9095803,0.06978367062107467,0x8047717aced5fd7cc313ed7affaffbd98db69e0a,2017-11-01T11:43:31.000Z,0.00007000000000007489,0x0744f1ef0a9011ccc08d7f1f8ab8aedb80828e59,buy,0x6aac8cb9861e42bf8259f5abdc6ae3ae89909e11,0x804071ee37fd631be402edcec9f6a4f23d035cf2cfddc203db2d8549b924de58
186,12.23497519,0.0007340985114,0x5daf6dada571baed742a5ed6ec585ec27303d60f,2017-11-01T11:34:11.000Z,0.00006,0x05a7d295fce4da2d2b95e3b8223919fb301810a1,sell,0x6aac8cb9861e42bf8259f5abdc6ae3ae89909e11,0x135ee9a9c36a9233935bb1ef3694ec943db5ad43dad76d081f9a62fd21447752
187,398.76383212,0.02237503738408532,0x8047717aced5fd7cc313ed7affaffbd98db69e0a,2017-11-01T11:07:17.000Z,0.000056111,0xaab9ace9eaf702131e2a1091f7d7568216aff40c,sell,0x6aac8cb9861e42bf8259f5abdc6ae3ae89909e11,0xa50bf64739aa1fd6cce12a95de7857974c60a302a79a925033df38be24d69e35
188,5508,0.347004,0x5daf6dada571baed742a5ed6ec585ec27303d60f,2017-11-01T11:04:17.000Z,0.000063,0xb3c74e8478cb91b17d0f78e3d0e3ea574c9fe2f8,buy,0x6aac8cb9861e42bf8259f5abdc6ae3ae89909e11,0xaf789a6a4156900a5bce945f6c560fd019f931064cc4745435087f98925bd26a
189,1810,0.11222,0x5daf6dada571baed742a5ed6ec585ec27303d60f,2017-11-01T11:04:17.000Z,0.000062,0x5a91def498b2dd9c6995f92e03412574ad8c1672,buy,0x6aac8cb9861e42bf8259f5abdc6ae3ae89909e11,0xc698f976fcb835af9c340eae32549fbd21c3940802b07cc430cfee7350fccc2c
190,1993.8191606,0.1098614295682206,0xfad75b12bb8ae1746d87f16ffcffe45426368775,2017-11-01T10:47:59.000Z,0.000055101,0x68bc4897e6533f28e6acca36df0cf16e1d963de7,sell,0x6aac8cb9861e42bf8259f5abdc6ae3ae89909e11,0xa4c603bbdd83b5d563c63f99216949ee041107a1eed75052263b1a2b448e88b6
191,1016,0.061976,0x5daf6dada571baed742a5ed6ec585ec27303d60f,2017-11-01T10:45:51.000Z,0.000061,0x1e3ef8b1672f7e1bcb6ec5d58f41d6c48338690a,buy,0x6aac8cb9861e42bf8259f5abdc6ae3ae89909e11,0x204e8b40b3d97fa780c4ec9b8850d89fc6b5861262db2d2e8fcaae6526dae745
192,4329,0.26406899995671,0x5daf6dada571baed742a5ed6ec585ec27303d60f,2017-11-01T10:45:51.000Z,0.00006099999999,0x4ef101828052e3b1340145926be230bda53e112b,buy,0x6aac8cb9861e42bf8259f5abdc6ae3ae89909e11,0x06e474380291d55ebb05d8ea8c9403286cf0f2e04b4a4578bfbff637b6b689fb
193,200,0.0110202,0x5daf6dada571baed742a5ed6ec585ec27303d60f,2017-11-01T10:45:22.000Z,0.000055101,0x1bfbf31ea19095c7dd2eea5df4de2cc85ad187d5,buy,0x6aac8cb9861e42bf8259f5abdc6ae3ae89909e11,0x8998921521ce53c3c0b696bd1e88fdc1b68a2ac4118e9748f9bf35d22cca2c66
194,3987.6383212,0.219320107666,0x1b7eb7b543307d90958a381a53389c8f40864bdf,2017-11-01T10:37:10.000Z,0.000055,0xbe6b2873892ee57dea783f515788a397069af3e6,sell,0x6aac8cb9861e42bf8259f5abdc6ae3ae89909e11,0x97f6461d3af0868d7cd7da48912a3059173a3f7dd3ae9326e5562cfeeedfde49
195,1993.8191606,0.109660053833,0x61c4b4fbbcdb49fbc03cdead92fa3fbc3d864fff,2017-11-01T10:10:50.000Z,0.000055,0x437401805369026e52313fce03b4f5a3a517fb20,sell,0x6aac8cb9861e42bf8259f5abdc6ae3ae89909e11,0x7477d363ee1884e62994579bcf0e635798891952f69c5b18b19e2763971d69cd
196,1012,0.076913012,0x244b168fb08f1a39a6c0214ffbc0d352a81eb544,2017-11-01T10:08:41.000Z,0.000076001,0xdfc80ed386d3403f844b581a0805c69c9bcb43f9,buy,0x6aac8cb9861e42bf8259f5abdc6ae3ae89909e11,0xfa979b703958772bb2b99ae9da0b2ab0e71caad96eba9d4bc755163f47034b2a
197,829.28367384,0.0456106020612,0x61c4b4fbbcdb49fbc03cdead92fa3fbc3d864fff,2017-11-01T10:06:12.000Z,0.000055,0x5facaadd40ae912dccf963096bcb530c413839ee,sell,0x6aac8cb9861e42bf8259f5abdc6ae3ae89909e11,0x12394c110b0ccb87de3869cad3e2e07f9646c635edce3c3044611656c1f9d0ab
198,926.39930141,0.051415161228255,0x3e7d005ed164cc1b2066279cf625a0960281dfb2,2017-11-01T09:32:21.000Z,0.0000555,0x5facaadd40ae912dccf963096bcb530c413839ee,sell,0x6aac8cb9861e42bf8259f5abdc6ae3ae89909e11,0x12d1c990fea985f3b645b0e564330869e8c4a699e9c6f79ffcd594f71762ba59
199,961.51508224,0.0528833295232,0x61c4b4fbbcdb49fbc03cdead92fa3fbc3d864fff,2017-11-01T09:05:34.000Z,0.000055,0x004d9c456b5a8f3ad9ff1f524e416663040c995a,sell,0x6aac8cb9861e42bf8259f5abdc6ae3ae89909e11,0x8fa5fbbffe68ee63fa4199189091ebee2739a194ec2233fecee7e1c0bbc988ae
200,3438.65919946,0.1891262559703,0x61c4b4fbbcdb49fbc03cdead92fa3fbc3d864fff,2017-11-01T09:00:06.000Z,0.000055,0xf15fba0bde8bdbce0d5df8b76df9094d12dd75d2,sell,0x6aac8cb9861e42bf8259f5abdc6ae3ae89909e11,0xcb1b89aa14249f730e0530506a8afbb764646dacc47564c69225bf9695bd8bc2
201,1032.407,0.0585374769,0xb5c1008412049d13743a69a61b638f6399c8822c,2017-11-01T08:42:11.000Z,0.0000567,0x004d9c456b5a8f3ad9ff1f524e416663040c995a,sell,0x6aac8cb9861e42bf8259f5abdc6ae3ae89909e11,0x49b7da4a2761291493f310d457196e33edd34472961bb095377767833638bc00
202,0.00054573,0.000000030942891,0xb5c1008412049d13743a69a61b638f6399c8822c,2017-11-01T08:37:01.000Z,0.0000567,0x65e44324f5a4edb9fa333b1e0185975641cd5029,sell,0x6aac8cb9861e42bf8259f5abdc6ae3ae89909e11,0x705e6b4550a7448edd7c46f965d3dce4a9282312d90ffe1b1bb37838059ec0f6
203,1993.8191606,0.11304954640602,0xb5c1008412049d13743a69a61b638f6399c8822c,2017-11-01T08:28:22.000Z,0.0000567,0x36fef8678944d9fea67ea28f23fef98098de0995,sell,0x6aac8cb9861e42bf8259f5abdc6ae3ae89909e11,0x915e0c40c543685ad1de4d9bcbd14179ef8545129f944779f8549aefb2ba72f5
204,238.25229059,0.01381863285422,0x179eda1807504cfaa5f753a33ad6b100b75104f3,2017-11-01T08:25:09.000Z,0.000058,0x5facaadd40ae912dccf963096bcb530c413839ee,sell,0x6aac8cb9861e42bf8259f5abdc6ae3ae89909e11,0x65de05b572576bdd834519e604ffa92baab4fe6adce938a75a9dfc48e59f0547
205,1573.77307912,0.089232933586104,0xb5c1008412049d13743a69a61b638f6399c8822c,2017-11-01T08:02:43.000Z,0.0000567,0x456d3ebab6bf5ee4152fd3398f90606db679ef79,sell,0x6aac8cb9861e42bf8259f5abdc6ae3ae89909e11,0x2678610b13d80be652f2ba3c39bf898ab1a91e23562da1169663ab92b6e24f84
206,1810,0.1086,0x5a91def498b2dd9c6995f92e03412574ad8c1672,2017-11-01T07:25:02.000Z,0.00006,0x18c657a2403e75ed03a885622031e6c9985fe212,sell,0x6aac8cb9861e42bf8259f5abdc6ae3ae89909e11,0xeb34391b659557b6cf21b3fcb7b5a47aa27f873a5fa07fdda3bd0ad1cbb4e652
207,310,0.01798,0x179eda1807504cfaa5f753a33ad6b100b75104f3,2017-11-01T07:20:17.000Z,0.000058,0x05c52b40447b96c0242bac3cc1d8e52ef8a3b331,sell,0x6aac8cb9861e42bf8259f5abdc6ae3ae89909e11,0xff44adda6a5c9ecc510a47c0dabf012a98b885ec7c5dc3c7974507d387d4f2b5
208,268.95,0.0155991,0xfad75b12bb8ae1746d87f16ffcffe45426368775,2017-11-01T07:02:11.000Z,0.000058,0x5f3ec22cf5c45527887febc5a32db462be84604b,buy,0x6aac8cb9861e42bf8259f5abdc6ae3ae89909e11,0x4a09ae6ae0887a82452efe7b395d65c5757e6195f2509de7d5ddabc2cb3bc4ed
209,531.04982664,0.0308008899452631,0x18c657a2403e75ed03a885622031e6c9985fe212,2017-11-01T06:43:10.000Z,0.00005800000000026946,0x5f3ec22cf5c45527887febc5a32db462be84604b,buy,0x6aac8cb9861e42bf8259f5abdc6ae3ae89909e11,0xf91f7a12f46b7d591d9d10924427681e717050ec2a1bd46f9ab31af4f3b3b853
210,1020,0.05916,0x179eda1807504cfaa5f753a33ad6b100b75104f3,2017-11-01T06:42:56.000Z,0.000058,0x8e1f56859006d2c936efc423596210f18c5a00da,sell,0x6aac8cb9861e42bf8259f5abdc6ae3ae89909e11,0xf2e4891cef893dd065e4df1a665ec370f078da44d4463204a9646f407184ffd4
211,700,0.0406,0x9a30d150806e8fce970cb601a954ade1f775d7ea,2017-11-01T06:25:24.000Z,0.000058,0x5f3ec22cf5c45527887febc5a32db462be84604b,buy,0x6aac8cb9861e42bf8259f5abdc6ae3ae89909e11,0xf0439c75a45909b2c909a3c7024f2b9c5565bbf4befee32cf0008596ac6a87fc
212,1993.8191606,0.1156415113148,0x179eda1807504cfaa5f753a33ad6b100b75104f3,2017-11-01T06:14:27.000Z,0.000058,0xcfdadc3626ad7dc8c761461d505cd661af02d2d0,sell,0x6aac8cb9861e42bf8259f5abdc6ae3ae89909e11,0x72cedf75f1aaa2a61cc8ea431e4f10c3e970aac00878b5d45175a7400d3f1a1c
213,1500,0.087,0x18c657a2403e75ed03a885622031e6c9985fe212,2017-11-01T06:12:53.000Z,0.000058,0x5f3ec22cf5c45527887febc5a32db462be84604b,buy,0x6aac8cb9861e42bf8259f5abdc6ae3ae89909e11,0x38196edb733ae81533c6d6f37e2f7533a8215bcdc6ca4de8ceb8e7523f8b9dca
214,1993.8191606,0.1156415113148,0x179eda1807504cfaa5f753a33ad6b100b75104f3,2017-11-01T05:29:58.000Z,0.000058,0xe66d3694198499adb8380b949b062db5b3efb0ef,sell,0x6aac8cb9861e42bf8259f5abdc6ae3ae89909e11,0xb1b5dd5bd5dda5d0088e3ef20ff4de450ec28081b15bd91b235f338ed7b4776e
215,0.1208243,0.0000070078094,0x179eda1807504cfaa5f753a33ad6b100b75104f3,2017-11-01T05:16:46.000Z,0.000058,0x7458dc7bbd54b5130a42b7b87e1a4651999c048e,sell,0x6aac8cb9861e42bf8259f5abdc6ae3ae89909e11,0x6122c70924d97eacdd2b681404b335c9ec52e4bb2f716db2eb859c6c6298b2be
216,1211.98856391,0.07029533670678,0x179eda1807504cfaa5f753a33ad6b100b75104f3,2017-11-01T05:11:35.000Z,0.000058,0x7458dc7bbd54b5130a42b7b87e1a4651999c048e,sell,0x6aac8cb9861e42bf8259f5abdc6ae3ae89909e11,0x71cc71c6b22b240103ec94da749cf1e2dca374dfe4f4185a4f0111007805b0f4
217,781.90854591,0.04847832984642,0xb4066e3f167a4e5b7b97cca2b163ee396cfd0a1d,2017-11-01T05:09:04.000Z,0.000062,0x7458dc7bbd54b5130a42b7b87e1a4651999c048e,sell,0x6aac8cb9861e42bf8259f5abdc6ae3ae89909e11,0x49d75184fc18fe9c2fa5d5fa8d67d4612888e6ed3c7fe07093b0643930997128
218,1993.8191606,0.1276044262784,0x179eda1807504cfaa5f753a33ad6b100b75104f3,2017-11-01T04:48:48.000Z,0.000064,0x00cda8320c29d2513088006758cf65edbae10f6e,sell,0x6aac8cb9861e42bf8259f5abdc6ae3ae89909e11,0x9ead88df9fc7d02f2796e737f51fd66e9da231cba3c9847090f4aa00564e9f53
219,8269.86367192,0.5623507296911818,0xdb2d8c5a29256fe15b7c4586c110ad223f5f247c,2017-11-01T04:29:06.000Z,0.00006800000000007519,0x3514a3b157ab18834ea8bdb752f727a135a961ed,buy,0x6aac8cb9861e42bf8259f5abdc6ae3ae89909e11,0xabddb1c7031c949aa87918dbdaf624ebad7185528978119c693357613d0bd8d1
220,605.32288098,0.0336014731231998,0xb5c1008412049d13743a69a61b638f6399c8822c,2017-11-01T03:16:25.000Z,0.00005551,0x1490f0244299d7659d72e4e0d869b4db34cdb0fe,sell,0x6aac8cb9861e42bf8259f5abdc6ae3ae89909e11,0x5a0214319069210a8f961080c7fa4408b917fcd61dd7c97b58eee5ea7c6992f7
221,0.19876574,0.00001103149857,0x3e7d005ed164cc1b2066279cf625a0960281dfb2,2017-11-01T03:06:34.000Z,0.0000555,0x7d878c82755b4831bb18b5df0b8fdf1e82cd61a2,sell,0x6aac8cb9861e42bf8259f5abdc6ae3ae89909e11,0x8766e3988460db97ae4e8d14ff7efe1c8c35344bf16aa5e0316ab6cc0c035bc0
222,1993.8191606,0.1106569634133,0x3e7d005ed164cc1b2066279cf625a0960281dfb2,2017-11-01T03:05:50.000Z,0.0000555,0x7d878c82755b4831bb18b5df0b8fdf1e82cd61a2,sell,0x6aac8cb9861e42bf8259f5abdc6ae3ae89909e11,0x4409ef4470fa5d33a48be19b9e92645b0d2f350841135615d848ee6aca82c131
223,2079.58277225,0.115416843859875,0x3e7d005ed164cc1b2066279cf625a0960281dfb2,2017-11-01T03:04:36.000Z,0.0000555,0x1b91bd2b16196bc4f8e3cf779be84e138329673e,sell,0x6aac8cb9861e42bf8259f5abdc6ae3ae89909e11,0x685162c878d1a9be4db46eb818546488dab14cca61facc6651c9061d656d250f
224,440.47,0.025018696,0xb39077f818a336baedd15ad07a6218c3b81aafeb,2017-11-01T03:03:24.000Z,0.0000568,0x1b91bd2b16196bc4f8e3cf779be84e138329673e,sell,0x6aac8cb9861e42bf8259f5abdc6ae3ae89909e11,0x01d31b560022dc0034f84b5e99f17403acabcea800877c8ced50c1343e01ec0b
225,497,0.026440897,0x6504d0956f761726d8264ba97ae52738f4301381,2017-11-01T01:28:45.000Z,0.000053201,0x9790f84a00e7be2bebfb042d5dc4f2f2c6db9267,buy,0x6aac8cb9861e42bf8259f5abdc6ae3ae89909e11,0xbe55bda44ee9e6252c5e029318880bf32c2891b7b4dc9aaf7942c587abed2c99
226,970,0.0582,0x5a86c7b5033db2adcd1aaf9d16635b25af986fdd,2017-11-01T00:47:14.000Z,0.00006,0x38223b8ebc6d6f404f887df06c334c4702a55711,sell,0x6aac8cb9861e42bf8259f5abdc6ae3ae89909e11,0x6393e093c922d0cbf5fb875f3cdbe4f71a00e4177ec75ea8a0067eac4fd105ad
227,11730.13632807,0.7976492703088182,0xd433ff14078a9185ce9d096147fa4fecd00d7148,2017-11-01T00:44:10.000Z,0.00006800000000000495,0x3514a3b157ab18834ea8bdb752f727a135a961ed,buy,0x6aac8cb9861e42bf8259f5abdc6ae3ae89909e11,0x2af5e8c62985f2a78406dc26c84bbc03382fae5533ef7cde5353a864e8282e26
228,700,0.049,0xbfc4c71b97213ac494b302fd576e8b7deb2f6e46,2017-11-01T00:41:40.000Z,0.00007,0x0744f1ef0a9011ccc08d7f1f8ab8aedb80828e59,buy,0x6aac8cb9861e42bf8259f5abdc6ae3ae89909e11,0x4bc1cc70d7fb165617414c1c999065b133b3e887398a4c1a92b1e1e0ea738616
229,2874.602,0.17247612,0x76be6d6ad321c7391f5736db90f4f76b8de74022,2017-11-01T00:09:57.000Z,0.00006,0x00bbc0ecd4ee094a092a6575b32247baf0a9e177,buy,0x6aac8cb9861e42bf8259f5abdc6ae3ae89909e11,0x6026a3e99e1a622cd24c187a39ab61feb5b5366703d4590d185b33f8fa1e03dd
230,20330.50779591,1.2198304677549197,0xd433ff14078a9185ce9d096147fa4fecd00d7148,2017-11-01T00:07:47.000Z,0.00006000000000001572,0x00bbc0ecd4ee094a092a6575b32247baf0a9e177,buy,0x6aac8cb9861e42bf8259f5abdc6ae3ae89909e11,0x7db59007cdcabf8cd34c5bd71c36447773606fbdb8d01704f832e9d4762e6327
231,10000,0.7,0xfad75b12bb8ae1746d87f16ffcffe45426368775,2017-11-01T00:06:17.000Z,0.00007,0x76be6d6ad321c7391f5736db90f4f76b8de74022,buy,0x6aac8cb9861e42bf8259f5abdc6ae3ae89909e11,0x77ad3c30cf4054450db865b6ccfbc0f6e62432f6dd1915f54c7fd9bed2726877
232,2000,0.14,0xfad75b12bb8ae1746d87f16ffcffe45426368775,2017-11-01T00:05:09.000Z,0.00007,0x335aaba4da1c65323eb212368c2468016c88a524,buy,0x6aac8cb9861e42bf8259f5abdc6ae3ae89909e11,0xa28e7f7cbae2d723c0cb30f319e2f2095fa57f8fb0a078f07e7b7d88e4c10d32
233,2000,0.14,0xfad75b12bb8ae1746d87f16ffcffe45426368775,2017-11-01T00:04:10.000Z,0.00007,0x9648cade67f668c10191f82409ccdd345f82a2c4,buy,0x6aac8cb9861e42bf8259f5abdc6ae3ae89909e11,0x7781d57761f343c044844f5bb7d141a68613b202428c7de321500a71e3abdeda
234,2000,0.14,0xfad75b12bb8ae1746d87f16ffcffe45426368775,2017-11-01T00:04:10.000Z,0.00007,0x001fad7324aee4dccf5ed0530cf702bd611ccfd8,buy,0x6aac8cb9861e42bf8259f5abdc6ae3ae89909e11,0xd1abe4ce2550463f1634777afa5140fdaa7bb4584e1e68eaed6dc379a2f7b7af
235,498.5,0.034743456,0xfad75b12bb8ae1746d87f16ffcffe45426368775,2017-10-31T23:45:12.000Z,0.000069696,0x842050f1f2b847e89e57cd1b95b322899970a1cc,buy,0x6aac8cb9861e42bf8259f5abdc6ae3ae89909e11,0xb72e40feca00c014aac1a7eeeabb8304c8db17e186cf7e4b25dd9f9585cf7398
236,5000,0.3,0x6504d0956f761726d8264ba97ae52738f4301381,2017-10-31T22:39:19.000Z,0.00006,0x9aa1c56adc3331524f2c544a8b30f6ec0eda281e,sell,0x6aac8cb9861e42bf8259f5abdc6ae3ae89909e11,0xcad3fde38cb2a98d23879d0ef5927418d5a36a3fce3eba9a898fe7b55e2df555
237,2000,0.126,0x6504d0956f761726d8264ba97ae52738f4301381,2017-10-31T22:36:35.000Z,0.000063,0x760de42737a127d5f2d8dba00399db569fb60cd9,buy,0x6aac8cb9861e42bf8259f5abdc6ae3ae89909e11,0xc4e071c825852c2f2f232567d80da5e2333604ac7c70ce9ed2e77a25918bebf3
238,540,0.03504546,0x6504d0956f761726d8264ba97ae52738f4301381,2017-10-31T22:36:01.000Z,0.000064899,0xde7b89667dc3311c45179aa6223d9592053dc4c8,buy,0x6aac8cb9861e42bf8259f5abdc6ae3ae89909e11,0x21cae0f49d49641c851954d58e6c433d0e9b91533a9cdec923de2c172f5fb99c
239,28000,1.9039999999972,0x6504d0956f761726d8264ba97ae52738f4301381,2017-10-31T22:36:01.000Z,0.0000679999999999,0x6f386979f14b4d841cb77bfddd3afba6f0c6b6a1,buy,0x6aac8cb9861e42bf8259f5abdc6ae3ae89909e11,0x554e80c1ff33310afa1642fa3cbf4a494697b3b0f722353c0a57aca0a4bd7b69
240,1500.19792122,0.09451246903719757,0x6504d0956f761726d8264ba97ae52738f4301381,2017-10-31T22:35:53.000Z,0.00006300000000022501,0x7eba78f19bc4477eafdc29f46f6975490e54531d,buy,0x6aac8cb9861e42bf8259f5abdc6ae3ae89909e11,0x4e0faff237929e450a82c8044753fdc50665f4cfeb8a6caae21a0a9de9f4d45c
241,9155.191,0.585932224,0x6504d0956f761726d8264ba97ae52738f4301381,2017-10-31T22:35:53.000Z,0.000064,0x23629de53757f3279ca1b32e63c399e9eb0246bc,buy,0x6aac8cb9861e42bf8259f5abdc6ae3ae89909e11,0x8cd8e20c1dc5692920540d26afc004b13bee8492b030df4d32a9a7c72bad0fbc
242,0.00007877,0.000000004962802437,0x6504d0956f761726d8264ba97ae52738f4301381,2017-10-31T22:21:04.000Z,0.00006300371254284627,0x7eba78f19bc4477eafdc29f46f6975490e54531d,buy,0x6aac8cb9861e42bf8259f5abdc6ae3ae89909e11,0x85b1d3252aae6b19c785d39c1c80e23322e8e5aeb4aeb83072ebe6c8eff0836e
243,0.77784173,0.000049781871242775,0x6504d0956f761726d8264ba97ae52738f4301381,2017-10-31T22:19:54.000Z,0.00006400000067208402,0x23629de53757f3279ca1b32e63c399e9eb0246bc,buy,0x6aac8cb9861e42bf8259f5abdc6ae3ae89909e11,0x58cb2c9b4b7b7a4feeb94012056435667b9310accf00d010b96979a32afc52d1
244,1578.60154948,0.08366588212244,0x456d3ebab6bf5ee4152fd3398f90606db679ef79,2017-10-31T22:11:38.000Z,0.000053,0xaac466a9e0dc26624c68196b5905e001ce4fc427,sell,0x6aac8cb9861e42bf8259f5abdc6ae3ae89909e11,0x85bda30c47470e674be6692cea7faf62774db98b264c02f33f7a3eb3a2e87d52
245,2000,0.107,0x62e6991c8b4ecfdd39bf62117536b726b88c2235,2017-10-31T22:09:34.000Z,0.0000535,0xaac466a9e0dc26624c68196b5905e001ce4fc427,sell,0x6aac8cb9861e42bf8259f5abdc6ae3ae89909e11,0x084796e65ece7ebc2b543e7544858b14f06a1cf372e143314529f827535c3fd4
246,409.27699449,0.0245566196694,0x76be6d6ad321c7391f5736db90f4f76b8de74022,2017-10-31T22:08:40.000Z,0.00006,0xaac466a9e0dc26624c68196b5905e001ce4fc427,sell,0x6aac8cb9861e42bf8259f5abdc6ae3ae89909e11,0xbcec2f5fbb7d6afedc8849f3915621716eae4e94aae79ae9cbdaf09748c126c2
247,1993.8191606,0.119629149636,0x76be6d6ad321c7391f5736db90f4f76b8de74022,2017-10-31T21:33:01.000Z,0.00006,0x5b0d48fc406b735e0f04dfc82861f554574ebaaf,sell,0x6aac8cb9861e42bf8259f5abdc6ae3ae89909e11,0x3d380337782bdabcb0c8d15d34409a008c1d04a9e5b62ece58789b9997367596
248,3730.83,0.24250395,0x0b8e85646831bfaed23b9fa23cf8105ef54b6580,2017-10-31T20:56:31.000Z,0.000065,0xdc0de8be6351136fd46d7d0fe7b9b0dd74f16326,sell,0x6aac8cb9861e42bf8259f5abdc6ae3ae89909e11,0x57fe40a0f4fc7f8a0566ed99d434926dd3d9b4ce4af23024a868dd593a80fdb2
249,5000,0.325,0x0b8e85646831bfaed23b9fa23cf8105ef54b6580,2017-10-31T20:55:07.000Z,0.000065,0xdc0de8be6351136fd46d7d0fe7b9b0dd74f16326,sell,0x6aac8cb9861e42bf8259f5abdc6ae3ae89909e11,0xe3c9ed1af2ca5c9bacef0bbcea1a92042b71c2559d95f4bb323ad4a3826c69ca
250,1269.17,0.08249605,0x0b8e85646831bfaed23b9fa23cf8105ef54b6580,2017-10-31T20:48:09.000Z,0.000065,0x3f783a5ce5778bc5019aca3fdae3256b7e473c19,sell,0x6aac8cb9861e42bf8259f5abdc6ae3ae89909e11,0xed2346257da9050e29923fab5b7e4b418bee28891187a27a22985940158a26d5
251,701.725,0.043507651725,0xf4acc83aff5a80a5ce9f255202dc267df74de85a,2017-10-31T20:45:07.000Z,0.000062001,0x3f783a5ce5778bc5019aca3fdae3256b7e473c19,sell,0x6aac8cb9861e42bf8259f5abdc6ae3ae89909e11,0x6cfcdcf7fe21c641d1c807c79aac28bc9ddc1c24d818edec8c6cf90ab8e9582b
252,3239.95613597,0.20088052038627596,0xf4acc83aff5a80a5ce9f255202dc267df74de85a,2017-10-31T20:32:54.000Z,0.000062001,0xd9ff8572b2e986d9f7ef7e8d305b391f1117e64c,sell,0x6aac8cb9861e42bf8259f5abdc6ae3ae89909e11,0xb005e19e0b690f585625c40418bdffae8d50086ced1c532026f1452e2eb73db5
253,3067.58968889,0.1901936283008689,0xf4acc83aff5a80a5ce9f255202dc267df74de85a,2017-10-31T20:31:11.000Z,0.000062001,0x02f3f615dad26e296bec71632d7d3fdb702dae7c,sell,0x6aac8cb9861e42bf8259f5abdc6ae3ae89909e11,0x87ff4bcd349b2ebe455dd99c576febb304d5e33a14a32fda5ac1a62070770820
254,641.62625411,0.041705706517565486,0x5cb68e898ea5630b8a7cef7f5fe17f92a4028873,2017-10-31T20:22:26.000Z,0.00006500000000064755,0xf155eac36ea8e082bdcd673c58608d6f02e4225c,buy,0x6aac8cb9861e42bf8259f5abdc6ae3ae89909e11,0x5ce1c12b648fe145a7957f8dfefeddf5f92dd5df175166ba9135a0dfaaa0480a
255,8005.982,0.504376866,0xdc0de8be6351136fd46d7d0fe7b9b0dd74f16326,2017-10-31T20:19:33.000Z,0.000063,0x02f3f615dad26e296bec71632d7d3fdb702dae7c,sell,0x6aac8cb9861e42bf8259f5abdc6ae3ae89909e11,0x9b2886b4653b5b1f5d6137f7d2bf956f2801cd3fc29655523aabe8b53eb72295
256,0.19876574,0.00001252224162,0xdc0de8be6351136fd46d7d0fe7b9b0dd74f16326,2017-10-31T20:13:50.000Z,0.000063,0x80f06c316a9ff68b593dd48f2bf5a25dcfa07294,sell,0x6aac8cb9861e42bf8259f5abdc6ae3ae89909e11,0x404b1f4ccba7ee8e4255c39fa16be2a3995381f9d31d483afdb168a7cf498c62
257,1993.8191606,0.1256106071178,0xdc0de8be6351136fd46d7d0fe7b9b0dd74f16326,2017-10-31T20:00:39.000Z,0.000063,0x80f06c316a9ff68b593dd48f2bf5a25dcfa07294,sell,0x6aac8cb9861e42bf8259f5abdc6ae3ae89909e11,0x4b9bb456078475e6dec866e865f6a9c6cb31efeaec29c51ec5feacd0581bb116
258,40.00259839,0.00204013251789,0x9aa1c56adc3331524f2c544a8b30f6ec0eda281e,2017-10-31T19:54:55.000Z,0.000051,0x49d11ec08cbb8ef22da431fda7183f9d3563f0bc,sell,0x6aac8cb9861e42bf8259f5abdc6ae3ae89909e11,0x1436a87258e30e1a3ab654f53cf0593af1d00d189de2b6a42e75840a7428bd1f
259,141.01569974,0.00874297338388,0xb4066e3f167a4e5b7b97cca2b163ee396cfd0a1d,2017-10-31T19:54:53.000Z,0.000062,0x49d11ec08cbb8ef22da431fda7183f9d3563f0bc,sell,0x6aac8cb9861e42bf8259f5abdc6ae3ae89909e11,0x7b68b801427cbc7c2d04ed24c65d44fde02123dc92c76849fc8af1939313adc0
260,907.1808394,0.0562452120428,0x02f3f615dad26e296bec71632d7d3fdb702dae7c,2017-10-31T19:51:14.000Z,0.000062,0x49d11ec08cbb8ef22da431fda7183f9d3563f0bc,sell,0x6aac8cb9861e42bf8259f5abdc6ae3ae89909e11,0x3ab0b6d298592eb09732be6a8fcb31d34c75b96f4974e84cd03d83368d53bd6d
261,651.982,0.042379481982,0xfad75b12bb8ae1746d87f16ffcffe45426368775,2017-10-31T19:51:14.000Z,0.000065001,0x49d11ec08cbb8ef22da431fda7183f9d3563f0bc,sell,0x6aac8cb9861e42bf8259f5abdc6ae3ae89909e11,0x0b7cd1159d99ab9db11f474782639df740f2bf798426254d0086ec239341378c
262,500,0.0315,0xe6a1144b1c42cf79cac48159339f21894d0efa06,2017-10-31T19:51:14.000Z,0.000063,0x49d11ec08cbb8ef22da431fda7183f9d3563f0bc,sell,0x6aac8cb9861e42bf8259f5abdc6ae3ae89909e11,0x3b82080a87f3617cf8b4c118eddb7aedfb444ee548292d0235a7e3b22fb46150
263,661.86,0.0397116,0x76be6d6ad321c7391f5736db90f4f76b8de74022,2017-10-31T19:51:14.000Z,0.00006,0x49d11ec08cbb8ef22da431fda7183f9d3563f0bc,sell,0x6aac8cb9861e42bf8259f5abdc6ae3ae89909e11,0xde6241d3ed557f4d5e6074eb8359a88ad736fa8193b10217a45316cac43053d5
264,491,0.030442982,0xc86eb59c0de26c9163bde99fe6280ea4ab88a8bd,2017-10-31T19:51:14.000Z,0.000062002,0x49d11ec08cbb8ef22da431fda7183f9d3563f0bc,sell,0x6aac8cb9861e42bf8259f5abdc6ae3ae89909e11,0xaac700ee028df2d5883fd154f5187d9de041109d2c198f4d69b4e160b16efa85
265,2984.56700289,0.19399983975485288,0xfad75b12bb8ae1746d87f16ffcffe45426368775,2017-10-31T19:26:29.000Z,0.000065001,0x60c797646b94c0f3a2a349c265f422360d7a8983,sell,0x6aac8cb9861e42bf8259f5abdc6ae3ae89909e11,0x4f29cded37c911a89709bab7f682a2870ff930c1e3e911b8e0692b8d6fe71371
266,498.45479114,0.03240005987889114,0xfad75b12bb8ae1746d87f16ffcffe45426368775,2017-10-31T19:04:44.000Z,0.000065001,0x6e336aee8f7d3d346415e0e4c35f460a262057a0,sell,0x6aac8cb9861e42bf8259f5abdc6ae3ae89909e11,0x6fcfc526a1c089a5401838a0e2635498f4e01ba5ef6271b448ca818aedadfd60
267,0.00993829,0.00000065592714,0xf15fba0bde8bdbce0d5df8b76df9094d12dd75d2,2017-10-31T18:53:26.000Z,0.000066,0x6e336aee8f7d3d346415e0e4c35f460a262057a0,sell,0x6aac8cb9861e42bf8259f5abdc6ae3ae89909e11,0x63c48d208799be5fcfa1c77190ab4bb167aad1625b7ef44a8dcb611dfed881b2
268,599,0.039534,0xf15fba0bde8bdbce0d5df8b76df9094d12dd75d2,2017-10-31T18:52:30.000Z,0.000066,0xb39077f818a336baedd15ad07a6218c3b81aafeb,sell,0x6aac8cb9861e42bf8259f5abdc6ae3ae89909e11,0x56b81d80d40900c430b35104760ca0f2ab8bae0461416de1c942d4f1fb7bf230
269,99.69095804,0.0064799122726,0xb39077f818a336baedd15ad07a6218c3b81aafeb,2017-10-31T18:29:11.000Z,0.000065,0x6e336aee8f7d3d346415e0e4c35f460a262057a0,sell,0x6aac8cb9861e42bf8259f5abdc6ae3ae89909e11,0x88d9b438fc832d900ad494206e6ae7b8ba01662086845cc1c9f8388ce9cd82f4
270,2000,0.134,0xb39077f818a336baedd15ad07a6218c3b81aafeb,2017-10-31T17:37:42.000Z,0.000067,0xce757e8767465182ed2885099ae8c5f4066fd587,buy,0x6aac8cb9861e42bf8259f5abdc6ae3ae89909e11,0x8ca2e486937c6f74b2f31ef0a9bc302a4a06b4f1b743a23eb26dd4c1f082c5d8
271,996.9095803,0.0618093908881803,0xf4acc83aff5a80a5ce9f255202dc267df74de85a,2017-10-31T17:25:54.000Z,0.000062001,0x0b3181786fe6ee88f2d27ee3a9ebd51c1318abfa,sell,0x6aac8cb9861e42bf8259f5abdc6ae3ae89909e11,0xdbaa7c68eec2d530a12706dc30df90588e3d02f4f335e76a53184554e0891af3
272,1993.8191606,0.1236187817763606,0xf4acc83aff5a80a5ce9f255202dc267df74de85a,2017-10-31T17:24:41.000Z,0.000062001,0x4a8fc60c79e304388912be40c8ec078fa21aa348,sell,0x6aac8cb9861e42bf8259f5abdc6ae3ae89909e11,0x267fdc187bb1a29eced0690ec2993a92f327c5d1e722783c0adf64fa84664298
273,248.21184499,0.01265880409449,0x9aa1c56adc3331524f2c544a8b30f6ec0eda281e,2017-10-31T17:22:27.000Z,0.000051,0xe5f80b82b325740196728fdc27130ce20166cc43,sell,0x6aac8cb9861e42bf8259f5abdc6ae3ae89909e11,0xc692ce1f866aa063c881f9fccf9c212ef26df1d0f307f6403a2b6dffc2efd056
274,99,0.006138,0x02f3f615dad26e296bec71632d7d3fdb702dae7c,2017-10-31T17:08:41.000Z,0.000062,0xb1cd4caee91590056c4bcb8fa67fa6914df4101b,sell,0x6aac8cb9861e42bf8259f5abdc6ae3ae89909e11,0xd4e6870ac9b2d29e8018be0e8fcd4b99a2f7133566f314e649439db81e16d7dd
275,1000,0.062004,0x5cc2072740d99c150b6815eccc05c8b6bcd466b7,2017-10-31T17:03:55.000Z,0.000062004,0xb1cd4caee91590056c4bcb8fa67fa6914df4101b,sell,0x6aac8cb9861e42bf8259f5abdc6ae3ae89909e11,0x3b0379f12037f00e557affeae41e71c4ae97abb87e6d80a9c3636d360962af17
276,854.55080252,0.05640120751712252,0xc86eb59c0de26c9163bde99fe6280ea4ab88a8bd,2017-10-31T17:01:59.000Z,0.000066001,0xb1cd4caee91590056c4bcb8fa67fa6914df4101b,sell,0x6aac8cb9861e42bf8259f5abdc6ae3ae89909e11,0x7c1cf12458542cbfcb6c29715d240ef01fee241a371b81df9df42092262cbfd7
277,20.99999999,0.001438499999999997,0xc86eb59c0de26c9163bde99fe6280ea4ab88a8bd,2017-10-31T16:59:42.000Z,0.0000685000000326189,0x4ef101828052e3b1340145926be230bda53e112b,buy,0x6aac8cb9861e42bf8259f5abdc6ae3ae89909e11,0x8a3f122d1d5f5cf43919ec3109bcd77bb48707359b6ac308313100dea3960f76
278,145.44919748,0.00959979248287748,0xc86eb59c0de26c9163bde99fe6280ea4ab88a8bd,2017-10-31T16:59:09.000Z,0.000066001,0xd6059aa323a6a3590394fef14b870ff44811c0ff,sell,0x6aac8cb9861e42bf8259f5abdc6ae3ae89909e11,0x7c3259b9781b692d4531e403cc0125116de702c1be23aee9f0586108aaa9d396
279,40.15151515,0.0026499999999,0xf15fba0bde8bdbce0d5df8b76df9094d12dd75d2,2017-10-31T16:57:23.000Z,0.000066,0xb1cd4caee91590056c4bcb8fa67fa6914df4101b,sell,0x6aac8cb9861e42bf8259f5abdc6ae3ae89909e11,0xd1ecd1af837c775c9e954f0b95c0826f3c2a3c829dc7b5ad40d344c99f3ee809
280,116.6707068,0.0060669934243068,0x114b2b26c40a02c42cd6f67be09d896d1892dbb8,2017-10-31T16:44:58.000Z,0.000052001,0xe5f80b82b325740196728fdc27130ce20166cc43,sell,0x6aac8cb9861e42bf8259f5abdc6ae3ae89909e11,0xc4ca09bcb2f8c9bc90dbd350dca9cebe750546bc845ead235fc40f582fb59cf5
281,1864.99602091,0.11563907827652455,0xfad75b12bb8ae1746d87f16ffcffe45426368775,2017-10-31T16:34:08.000Z,0.000062005,0x1ddb5544049975310ef469ef86a051d9eb9537b5,sell,0x6aac8cb9861e42bf8259f5abdc6ae3ae89909e11,0xa1d058ba12e65f2e01a006be8a9fef50db80b457100227f88dae0fcc83fbde53
282,100,0.00685,0xb39077f818a336baedd15ad07a6218c3b81aafeb,2017-10-31T16:32:30.000Z,0.0000685,0xb39077f818a336baedd15ad07a6218c3b81aafeb,buy,0x6aac8cb9861e42bf8259f5abdc6ae3ae89909e11,0x4a933b772d27401c45cebaf5df206d13c005182ea954d6ec6ca730f617dd2fbe
283,28000,1.736139972,0x6f386979f14b4d841cb77bfddd3afba6f0c6b6a1,2017-10-31T16:13:00.000Z,0.000062004999,0xe5f80b82b325740196728fdc27130ce20166cc43,sell,0x6aac8cb9861e42bf8259f5abdc6ae3ae89909e11,0xf13e01fade27cf7234be7ca9e9c11f6afffb829d3ce924919732b0942e859afe
284,1993.8191606,0.1236167879572,0x4a42f8134bc67bcaeb8dee1e5aad82d85290c419,2017-10-31T16:13:00.000Z,0.000062,0x9b6453f3bf29717911e0fb0c6c6c30c1cd9235a8,sell,0x6aac8cb9861e42bf8259f5abdc6ae3ae89909e11,0x85316b5a0a946793e9a52455eed5ff8aaef370a5206ac862b2de5b88a1d3a4ef
285,3500,0.245,0x77bceed73edd0c150064a6895f717506f0f3025b,2017-10-31T16:03:21.000Z,0.00007,0xb39077f818a336baedd15ad07a6218c3b81aafeb,buy,0x6aac8cb9861e42bf8259f5abdc6ae3ae89909e11,0x807cbf29a92aebf385ff580b9a169b9c9583534c7caf042c67e5fc67a3a5a0e3
286,100,0.007,0x1b3529cec0bd2760d2ef184b15f1b2a16e79c77e,2017-10-31T16:02:06.000Z,0.00007,0xb39077f818a336baedd15ad07a6218c3b81aafeb,buy,0x6aac8cb9861e42bf8259f5abdc6ae3ae89909e11,0xe460e9420450e6ad0944cf86e6f6ca19b64ffa48c84d13eaf0190188c9263a0a
287,1150,0.0759,0xb39077f818a336baedd15ad07a6218c3b81aafeb,2017-10-31T16:00:04.000Z,0.000066,0x8e6d9d4869a6e8e1889428e7e9182a3d83e9f290,buy,0x6aac8cb9861e42bf8259f5abdc6ae3ae89909e11,0xff9e9251172b57a2416ebd6b4e9a1ebd5815dbd0b8ff6332bfea8d65f43410f4
288,128.83598347,0.00851631617933394,0xa1dc29270c60dd37d64643d20151b7ee1806b776,2017-10-31T15:47:07.000Z,0.000066102,0x1ddb5544049975310ef469ef86a051d9eb9537b5,sell,0x6aac8cb9861e42bf8259f5abdc6ae3ae89909e11,0xb7f9c57befef15a75f1f3f9be779ae264ef6a4c021c4ab230a92bdc09a33721f
289,2.729,0.000207398542,0xb39077f818a336baedd15ad07a6218c3b81aafeb,2017-10-31T15:45:21.000Z,0.000075998,0x4ef101828052e3b1340145926be230bda53e112b,buy,0x6aac8cb9861e42bf8259f5abdc6ae3ae89909e11,0x059296178f588843639a531f6f757409cb6099f078e23cf495a751de4fad5636
290,5531.89487361,0.38170074627909,0x2c0f4bcbc2a523dc9c1b484d17ab2cab788af64a,2017-10-31T15:35:34.000Z,0.000069,0x9aa1c56adc3331524f2c544a8b30f6ec0eda281e,sell,0x6aac8cb9861e42bf8259f5abdc6ae3ae89909e11,0xe734ef3748a34c8fc08b695e2186234e993a90b8ca9449da53e85edd11cc0840
291,3200,0.2304,0xd14cc8e4ae00443cc17311993cb9027048a53fc8,2017-10-31T15:35:11.000Z,0.000072,0x9aa1c56adc3331524f2c544a8b30f6ec0eda281e,sell,0x6aac8cb9861e42bf8259f5abdc6ae3ae89909e11,0xe712e08a35f783b4d1ea3472154f3eedfea08be93b454118119e2996420e347f
292,59711.78555662,3.04530106338762,0x9aa1c56adc3331524f2c544a8b30f6ec0eda281e,2017-10-31T15:29:33.000Z,0.000051,0xea613418cd7881e63fb7716657da310dbd655f59,sell,0x6aac8cb9861e42bf8259f5abdc6ae3ae89909e11,0xa8d662f88fd7a81fd31a473d3026943ed53fec7543042ace7b365b24c2c5864d
293,20000,1.3,0xb39077f818a336baedd15ad07a6218c3b81aafeb,2017-10-31T15:25:35.000Z,0.000065,0xea613418cd7881e63fb7716657da310dbd655f59,sell,0x6aac8cb9861e42bf8259f5abdc6ae3ae89909e11,0x74e9b9b46c6a5842b238685344286727cf6679190460e7bc48af60424ca601c4
294,700,0.0532,0x18c657a2403e75ed03a885622031e6c9985fe212,2017-10-31T15:15:09.000Z,0.000076,0x179db9068c45e6617c13176c4c5082c9e5e347fc,buy,0x6aac8cb9861e42bf8259f5abdc6ae3ae89909e11,0x14931cc2b856f0353c11551c87d3f538e40cb5c8d9986effb7c748fc01f685f0
295,28450,1.450952845,0xe5f80b82b325740196728fdc27130ce20166cc43,2017-10-31T15:13:54.000Z,0.0000510001,0xea613418cd7881e63fb7716657da310dbd655f59,sell,0x6aac8cb9861e42bf8259f5abdc6ae3ae89909e11,0xc622d0857c127181dc40eb27c17cd4776be79401c78e85178c71b6a07e368e95
296,600.298,0.0455626182,0x18c657a2403e75ed03a885622031e6c9985fe212,2017-10-31T15:13:41.000Z,0.0000759,0x99f39ae0af0d01614b73737d7a9aa4e2bf0d1221,buy,0x6aac8cb9861e42bf8259f5abdc6ae3ae89909e11,0xb829985c68976ac7cbb290f5b438a9fd0fc29d8282caf8edc329941b3f22a61c
297,40.15151515,0.0026499999999,0xf15fba0bde8bdbce0d5df8b76df9094d12dd75d2,2017-10-31T14:44:04.000Z,0.000066,0xf15fba0bde8bdbce0d5df8b76df9094d12dd75d2,sell,0x6aac8cb9861e42bf8259f5abdc6ae3ae89909e11,0xc109c23c17e1de2a1cac36c0d01eca5a60c758e7ef243a602c0feadb6f6553e7
298,250,0.018999975,0x8b695683f570f0aeb766bf88139f9373ebb9aa69,2017-10-31T14:35:21.000Z,0.0000759999,0x4ef101828052e3b1340145926be230bda53e112b,buy,0x6aac8cb9861e42bf8259f5abdc6ae3ae89909e11,0xeb88885b9590be52d8cf8e7649735518cf54e0bd3bc299a72a35d22a8193289c
299,101.1808394,0.007588562955,0x179db9068c45e6617c13176c4c5082c9e5e347fc,2017-10-31T14:15:42.000Z,0.000075,0x77bceed73edd0c150064a6895f717506f0f3025b,sell,0x6aac8cb9861e42bf8259f5abdc6ae3ae89909e11,0xd74f9f4c06fff2b24dd8b115f2090266447a90a9c43a10a7d6b60e4baf862fe1
300,79.25584662,0.0059782685105466,0x2fbec459b555906d6351b03f51ff22c83c175947,2017-10-31T14:14:01.000Z,0.00007543,0x77bceed73edd0c150064a6895f717506f0f3025b,sell,0x6aac8cb9861e42bf8259f5abdc6ae3ae89909e11,0x451b0238dbca48a9886eaf4169772dabe6ff35b73c68edb7f979119d4ea6dad3
301,1298,0.089562,0x77bceed73edd0c150064a6895f717506f0f3025b,2017-10-31T14:12:08.000Z,0.000069,0x61fcfb5d01c0cfad5db2d1791f082ec97c229d38,buy,0x6aac8cb9861e42bf8259f5abdc6ae3ae89909e11,0x0ec891c58ccefc85164d39157135233aa6c906444514f0c07284fd4fa859e8ef
302,200,0.0138,0x273a5d3e6721b9f5c1a6474f560c1334c63dda01,2017-10-31T14:11:36.000Z,0.000069,0x61fcfb5d01c0cfad5db2d1791f082ec97c229d38,buy,0x6aac8cb9861e42bf8259f5abdc6ae3ae89909e11,0xac82814517f297e0f7ef57f78e2d6610135314be108a468f6a567953e8dfe86e
303,199.4,0.0151544,0x3a6eb1dca828f4bc3993d8ebc8549b2559c3f698,2017-10-31T14:11:36.000Z,0.000076,0x273a5d3e6721b9f5c1a6474f560c1334c63dda01,sell,0x6aac8cb9861e42bf8259f5abdc6ae3ae89909e11,0xac82814517f297e0f7ef57f78e2d6610135314be108a468f6a567953e8dfe86e
304,2000,0.151,0x77bceed73edd0c150064a6895f717506f0f3025b,2017-10-31T14:09:52.000Z,0.0000755,0x9e80568e1a201b51e629cc32c24aeb293a85968f,buy,0x6aac8cb9861e42bf8259f5abdc6ae3ae89909e11,0xeb624869be8da364bd5a4fc92fe568ce9fdc43fb828d9d55dd762abcc1437d0f
305,614.759,0.046721684,0x50923479a9634c1f2c74a4b87ece58c8caf8dfb9,2017-10-31T14:09:25.000Z,0.000076,0x6f386979f14b4d841cb77bfddd3afba6f0c6b6a1,sell,0x6aac8cb9861e42bf8259f5abdc6ae3ae89909e11,0x5cc4bb9b9a3a23ac3b62e97208e0f977c22b599fbf8a2541bd5a6eb7a41c303f
306,0.00000001,0.00000000000076,0x50923479a9634c1f2c74a4b87ece58c8caf8dfb9,2017-10-31T14:02:56.000Z,0.000076,0x0e805d74dd4a917bcbcfb5fd433168b5e145541a,sell,0x6aac8cb9861e42bf8259f5abdc6ae3ae89909e11,0xd1b4b4579d14a61fe3c76fe237833eee187c8ca4bb5441955941781da39bb296
307,0.0001601,0.0000000121676,0x50923479a9634c1f2c74a4b87ece58c8caf8dfb9,2017-10-31T14:00:50.000Z,0.000076,0x0e805d74dd4a917bcbcfb5fd433168b5e145541a,sell,0x6aac8cb9861e42bf8259f5abdc6ae3ae89909e11,0x31d16b8b64a8bc5a0d722cabf4ae03d490bf57a78b672a537fd13a426eb7dff4
308,1993.8191606,0.149536437045,0x179db9068c45e6617c13176c4c5082c9e5e347fc,2017-10-31T13:55:41.000Z,0.000075,0x713668776b837ada605f815d2817008cbafcfe0f,sell,0x6aac8cb9861e42bf8259f5abdc6ae3ae89909e11,0xcde05edab169b0f84b25416f0d169ed463584e3cea500f55e18686901c5ccf8b
309,100,0.0076,0x50923479a9634c1f2c74a4b87ece58c8caf8dfb9,2017-10-31T13:47:40.000Z,0.000076,0x9160918305c4f996406d87c1d076c1a4fce57424,sell,0x6aac8cb9861e42bf8259f5abdc6ae3ae89909e11,0xd040eb8ec7b041f14d9b87c109fc0e876c7dda00d734bc5b8597b512392f2dff
310,1535.24075366,0.11667829727816,0x50923479a9634c1f2c74a4b87ece58c8caf8dfb9,2017-10-31T13:47:25.000Z,0.000076,0xc9de79b87b81ad5276498d92510dd8e5e407fad6,sell,0x6aac8cb9861e42bf8259f5abdc6ae3ae89909e11,0x3a3525e575c2d478512b85f2a9bb0537328ea55cce7aaa8f3de0df4f2342efc9
311,1905,0.142875,0x179db9068c45e6617c13176c4c5082c9e5e347fc,2017-10-31T13:37:34.000Z,0.000075,0x07f44e667b4d2034ab4b5e28b179b0e87624b1b8,sell,0x6aac8cb9861e42bf8259f5abdc6ae3ae89909e11,0x766b6a3d3b8965ea4d24782ffeb26c34927cefcf0febae42c9cd86f44245fa25
312,1.05334934,0.000079527875170105,0x4ef101828052e3b1340145926be230bda53e112b,2017-10-31T13:37:06.000Z,0.00007550000000009968,0x2a67d20fcb7d6cab098c1df4e4c9dcd3785ef7c4,sell,0x6aac8cb9861e42bf8259f5abdc6ae3ae89909e11,0xec92f5e4074b771a88a08504dce2d1dc8fb1c5cb27c997b4bb3f9f03a3c0d82d
313,460,0.03496,0xb6a3b3b6e69851cb0c2375aea30b3d21991f5acf,2017-10-31T13:36:07.000Z,0.000076,0xc9de79b87b81ad5276498d92510dd8e5e407fad6,buy,0x6aac8cb9861e42bf8259f5abdc6ae3ae89909e11,0x09a3a900e9de78c2cb032bdeb602893d1840c4aceb328c469cd986a5aeb824d2
314,1337,0.101613337,0xad52133284be6b31bc5888a170daebd8776885ea,2017-10-31T13:31:22.000Z,0.000076001,0x07f44e667b4d2034ab4b5e28b179b0e87624b1b8,sell,0x6aac8cb9861e42bf8259f5abdc6ae3ae89909e11,0x108e20c1107c9711a0fce3f0312464dbe550468143ddd22a0991f23c7c30da80
315,10566.14726365,0.797744118405575,0x6f386979f14b4d841cb77bfddd3afba6f0c6b6a1,2017-10-31T13:30:42.000Z,0.0000755,0x2a67d20fcb7d6cab098c1df4e4c9dcd3785ef7c4,sell,0x6aac8cb9861e42bf8259f5abdc6ae3ae89909e11,0x50582ec34e7f8cefe482f5d6e277333767ada069423aaf3086ea046909c57122
316,0.19876574,0.000015006813370019,0x4ef101828052e3b1340145926be230bda53e112b,2017-10-31T13:14:47.000Z,0.00007550000000009558,0xf02913aba543137a8826fd457a8f8d97a2e5782b,sell,0x6aac8cb9861e42bf8259f5abdc6ae3ae89909e11,0x5e4c327696d7ba4abb12340286f85e13cef5f4b8cfc5ba39dab7667069874119
317,1993.8191606,0.1505333466253,0x6f386979f14b4d841cb77bfddd3afba6f0c6b6a1,2017-10-31T13:11:59.000Z,0.0000755,0xf02913aba543137a8826fd457a8f8d97a2e5782b,sell,0x6aac8cb9861e42bf8259f5abdc6ae3ae89909e11,0x0d3dea2b7aef44190a080602e0da4a3e044e95f5436bf54e9ab689bb842340fa
318,300,0.02265000000003,0x4ef101828052e3b1340145926be230bda53e112b,2017-10-31T13:10:23.000Z,0.0000755000000001,0xf15fba0bde8bdbce0d5df8b76df9094d12dd75d2,sell,0x6aac8cb9861e42bf8259f5abdc6ae3ae89909e11,0xe83d9ffe822b602478186804b05ef2bb40eaf8672d79f3609a0be8f79f73e85f
319,1993.8191606,0.1505333466253,0x6f386979f14b4d841cb77bfddd3afba6f0c6b6a1,2017-10-31T13:04:22.000Z,0.0000755,0x18441dd8105d6f142bd4dd06af9c12ab609f06ca,sell,0x6aac8cb9861e42bf8259f5abdc6ae3ae89909e11,0x089c51eebf39b50e87b2c0ddf0d8ae4e194bf1276949d99e88407aac1a5678c1
320,2309.55271796,0.17437123020621095,0x4ef101828052e3b1340145926be230bda53e112b,2017-10-31T12:56:23.000Z,0.0000755000000001,0xa1fae6471b8c2e7543c125272594b3df2d7e7e51,sell,0x6aac8cb9861e42bf8259f5abdc6ae3ae89909e11,0x5f939714c0bd16d318ceb41e222d775c358830973dc7d5d8d66849a3c10898c5
321,996.01195421,0.0751989025429546,0x4ef101828052e3b1340145926be230bda53e112b,2017-10-31T12:45:56.000Z,0.0000755000000001,0x309bd98f55de942e10a1d9071709f26696b4a248,sell,0x6aac8cb9861e42bf8259f5abdc6ae3ae89909e11,0x76d6199d5bfcd28433b3defcbc6d08b036b590df2b6edd78367524375ec735b5
322,5760.15514282,0.43489171328291,0x6f386979f14b4d841cb77bfddd3afba6f0c6b6a1,2017-10-31T12:44:03.000Z,0.0000755,0xf7bc4e2c7c7e42d808ce3b510ae6d06e887eff7d,sell,0x6aac8cb9861e42bf8259f5abdc6ae3ae89909e11,0xe279a22d02b151b9fda09a229833639d7d399e7a3697642156b8b4307fcd950f
323,995.91267072,0.07519140663945958,0x4ef101828052e3b1340145926be230bda53e112b,2017-10-31T12:43:08.000Z,0.0000755000000001,0x309bd98f55de942e10a1d9071709f26696b4a248,sell,0x6aac8cb9861e42bf8259f5abdc6ae3ae89909e11,0xf32b1c417e382add5dfbab586ba89dce1f36f092efb2c88ff6fa636b31abe400
324,0.25853078,0.00001951907389,0x6f386979f14b4d841cb77bfddd3afba6f0c6b6a1,2017-10-31T12:09:21.000Z,0.0000755,0x120523daa602ef7d8b93d5ac161192b232468d79,sell,0x6aac8cb9861e42bf8259f5abdc6ae3ae89909e11,0xf8b6adec9254f5d37a608a07970f9aa8cd308a96ea5bf2ab90da441e14ad9c39
325,2593.32224489,0.195795829489195,0x6f386979f14b4d841cb77bfddd3afba6f0c6b6a1,2017-10-31T12:08:42.000Z,0.0000755,0x120523daa602ef7d8b93d5ac161192b232468d79,sell,0x6aac8cb9861e42bf8259f5abdc6ae3ae89909e11,0xd3a8c8e50a7c7e390878d3db81a821f7a161266b638e2a3fabf84a60bd9a75b4
326,1000,0.076,0xd14cc8e4ae00443cc17311993cb9027048a53fc8,2017-10-31T12:07:01.000Z,0.000076,0x120523daa602ef7d8b93d5ac161192b232468d79,sell,0x6aac8cb9861e42bf8259f5abdc6ae3ae89909e11,0x954cf01f866eae989ec8c1d37a0ef28677d1a2500e3aa4af1a5ec1bae08a5455
327,0.74415338,0.0000561314894534,0x2fbec459b555906d6351b03f51ff22c83c175947,2017-10-31T11:34:11.000Z,0.00007543,0xdec08a327f3d1eb3d7b38c035813e13cffeabe29,sell,0x6aac8cb9861e42bf8259f5abdc6ae3ae89909e11,0xb8e8ab19c8a68537ce724d1421b3434e06df64581ccae30ddbf688b892803cc1
328,500,0.03775,0xfad75b12bb8ae1746d87f16ffcffe45426368775,2017-10-31T11:30:16.000Z,0.0000755,0x61fcfb5d01c0cfad5db2d1791f082ec97c229d38,sell,0x6aac8cb9861e42bf8259f5abdc6ae3ae89909e11,0x6f123938bb3743a6f1dbef3637d11d916e22f7bc747561291fdbce8b41d8e362
329,376.019,0.031209577,0xdec08a327f3d1eb3d7b38c035813e13cffeabe29,2017-10-31T11:25:51.000Z,0.000083,0xefaff3c81a10e700fb992cbed55e83e242477f45,buy,0x6aac8cb9861e42bf8259f5abdc6ae3ae89909e11,0xc53081c7421e7ca5013e19129c1c321c9636d7fcf3109bc3f5a4bb6d04ca1edb
330,2000,0.16,0xdec08a327f3d1eb3d7b38c035813e13cffeabe29,2017-10-31T11:23:49.000Z,0.00008,0x5976b167476d5e2a4b963569c3723e42a9ba262e,buy,0x6aac8cb9861e42bf8259f5abdc6ae3ae89909e11,0x5e60d194f9d69a69619f6816da116f70e2a49e44504afb0b89e6ef99989cd00f
331,2453.78666091,0.19630293287335462,0xdec08a327f3d1eb3d7b38c035813e13cffeabe29,2017-10-31T11:22:57.000Z,0.00008000000000022602,0x6f386979f14b4d841cb77bfddd3afba6f0c6b6a1,buy,0x6aac8cb9861e42bf8259f5abdc6ae3ae89909e11,0xa09aed03b8e23bf2ba678cfd5c359f46228f50a7e085000879db87be21a5df12
332,2494,0.202014,0xdec08a327f3d1eb3d7b38c035813e13cffeabe29,2017-10-31T11:22:43.000Z,0.000081,0x9373cf51068cb0f770b3eb1edd2afe886f56f43c,buy,0x6aac8cb9861e42bf8259f5abdc6ae3ae89909e11,0x4a46c93e11b4e5fc71c28adbff47c9815a93cf54813c89d2a3ec610384534ce9
333,600,0.0479994,0xdec08a327f3d1eb3d7b38c035813e13cffeabe29,2017-10-31T11:22:23.000Z,0.000079999,0x0a4400bbf048aa76fa9cf84bff392db89a2e49f6,buy,0x6aac8cb9861e42bf8259f5abdc6ae3ae89909e11,0x6d35a657102ae287d4658df7ff970d6eee0b96d28f5700fa65ff857c7aa93616
334,2000,0.1658,0xdec08a327f3d1eb3d7b38c035813e13cffeabe29,2017-10-31T11:22:23.000Z,0.0000829,0x05a7d295fce4da2d2b95e3b8223919fb301810a1,buy,0x6aac8cb9861e42bf8259f5abdc6ae3ae89909e11,0x41088a8ce049b335beb7a37c8b5e6b183ce9e05acacd032253767b74ebd54960
335,2326,0.186077674,0xdec08a327f3d1eb3d7b38c035813e13cffeabe29,2017-10-31T11:21:53.000Z,0.000079999,0xd52d7ec3a6f036c844320d665c42cf564d588949,buy,0x6aac8cb9861e42bf8259f5abdc6ae3ae89909e11,0xa6ddf47a37fa8260a59ec278af23fc72baa707cd7af4dca457e598107375d95b
336,260.08789247,0.020284254733862063,0xdec08a327f3d1eb3d7b38c035813e13cffeabe29,2017-10-31T11:21:46.000Z,0.00007799000000048738,0x95b0ba82b55c627d44cc9a0ef71d26b84c901d39,buy,0x6aac8cb9861e42bf8259f5abdc6ae3ae89909e11,0x2e3de8b8a1fc2d037ee9f3f7909269e24011ff2597aa9861a1bc28274e3ca880
337,1514.605,0.119653795,0xdec08a327f3d1eb3d7b38c035813e13cffeabe29,2017-10-31T11:19:48.000Z,0.000079,0x254deb3b02a6df946e0ab6802d37840bd9b11f57,buy,0x6aac8cb9861e42bf8259f5abdc6ae3ae89909e11,0x7e6cf2a8a4aa46e2ac7ada762dc94a7fd91ed9e24638f4e556ecff6c2bfcdd1f
338,5763.003,0.455271473997,0xdec08a327f3d1eb3d7b38c035813e13cffeabe29,2017-10-31T11:19:37.000Z,0.000078999,0x8b995ed81dac85151819a0a167a67ce632a35201,buy,0x6aac8cb9861e42bf8259f5abdc6ae3ae89909e11,0x847f6999c9a3350e231ef775d8725832b2c1f5c5e8d97e31ad24e5108e0de174
339,467.236,0.0350427,0xdec08a327f3d1eb3d7b38c035813e13cffeabe29,2017-10-31T11:19:23.000Z,0.000075,0x5a688b5ec3dedb3f2798fbe8ec258c1e7a7f18ab,buy,0x6aac8cb9861e42bf8259f5abdc6ae3ae89909e11,0xb54e29216f6aabcb47b2d2ee10d322895eb2174dc00df899adb1acdd757b075a
340,1531.76387541,0.11488229065628318,0x90fdf660ab6557ebc6a1433670876090e03133c6,2017-10-31T11:09:47.000Z,0.00007500000000034808,0x5a688b5ec3dedb3f2798fbe8ec258c1e7a7f18ab,buy,0x6aac8cb9861e42bf8259f5abdc6ae3ae89909e11,0xfac08220fd2e9975be32e7380d04ded5c87594c33a835c166f0ea99320cf2386
341,1,0.000075,0x6cdea8e07bf82d7a07dbf36642d6e5be8623845c,2017-10-31T11:04:01.000Z,0.000075,0x5a688b5ec3dedb3f2798fbe8ec258c1e7a7f18ab,buy,0x6aac8cb9861e42bf8259f5abdc6ae3ae89909e11,0xdf37f0397f4a9d28a0a1dac9631fca40aca8a823dba6b678fac99f4f99d62463
342,1993.8191606,0.139567341242,0xd14cc8e4ae00443cc17311993cb9027048a53fc8,2017-10-31T10:55:32.000Z,0.00007,0x1932a822f0e7a33b4387926704a301759d0a4a58,sell,0x6aac8cb9861e42bf8259f5abdc6ae3ae89909e11,0x86f386c6b46a6cbee0afb9779b28f95db6703ab2979c432b8504973ed7b16c6b
343,996.9095803,0.0707805802013,0xd14cc8e4ae00443cc17311993cb9027048a53fc8,2017-10-31T10:51:52.000Z,0.000071,0x3e9d246c216e1817313839e78e6ce414872c45bf,sell,0x6aac8cb9861e42bf8259f5abdc6ae3ae89909e11,0x28f049e46211ca2753e7854364d2335d8948b26e8f95fe12e9c17a1876a4d965
344,1739.91210752,0.13569574526613792,0x179db9068c45e6617c13176c4c5082c9e5e347fc,2017-10-31T10:46:06.000Z,0.00007799000000037538,0x95b0ba82b55c627d44cc9a0ef71d26b84c901d39,buy,0x6aac8cb9861e42bf8259f5abdc6ae3ae89909e11,0x3900ba83846de0f6c23982b93d44f685f76946d22b48d288e0fef3f022304755
345,3500,0.2834615,0x244b168fb08f1a39a6c0214ffbc0d352a81eb544,2017-10-31T10:39:52.000Z,0.000080989,0x6c36f3c98a409911a148272740b32ba5a64ee5b1,buy,0x6aac8cb9861e42bf8259f5abdc6ae3ae89909e11,0x133c77a679e8dffb4ce1f282fbcc23d6ec814fa942a2b7cd4c7e37abd08073df
346,588.17665237,0.020939088824372,0x9b366cef4df8ea0b19322cba32c377e73d69bcae,2017-10-31T10:34:18.000Z,0.0000356,0x244b168fb08f1a39a6c0214ffbc0d352a81eb544,sell,0x6aac8cb9861e42bf8259f5abdc6ae3ae89909e11,0xc589be32d0c42013bb8ac75b9cfcc21be03c04a56360ab672ed596e6cc97aebe
347,1495.36437045,0.1046755059315,0xd14cc8e4ae00443cc17311993cb9027048a53fc8,2017-10-31T10:19:18.000Z,0.00007,0xcb6e4ab37a2829438a7653ede8bafcf73b7aacf0,sell,0x6aac8cb9861e42bf8259f5abdc6ae3ae89909e11,0x8b5d5b3699f5049a193a0ab35c538d67a6545b17feac2b71d3778a618dfb923a
348,20.206206,0.001050742918206,0x114b2b26c40a02c42cd6f67be09d896d1892dbb8,2017-10-31T10:03:21.000Z,0.000052001,0xe5f80b82b325740196728fdc27130ce20166cc43,sell,0x6aac8cb9861e42bf8259f5abdc6ae3ae89909e11,0xaca55f916de775489cbb756db0e442646193b43f692bb8061ad0ca5902524632
349,784.56482708,0.05186208876446924,0x9a30d150806e8fce970cb601a954ade1f775d7ea,2017-10-31T10:00:17.000Z,0.000066103,0x6ea314700745ea32544837a3819d4fc09174979c,sell,0x6aac8cb9861e42bf8259f5abdc6ae3ae89909e11,0x9518632c571023a63bf09fcf078ac7db665c970f66d57eec3bf48adc1344e78b
350,786.99697805,0.062171974269445485,0x6ea314700745ea32544837a3819d4fc09174979c,2017-10-31T09:57:21.000Z,0.00007899900000060169,0x8b995ed81dac85151819a0a167a67ce632a35201,buy,0x6aac8cb9861e42bf8259f5abdc6ae3ae89909e11,0x3e3a1242c119a90a08272b5d087d9f49dbd42dc4ef5c5397de434afebdc8cf40
351,1993.8191606,0.129598245439,0xa21ea84282207440ad34bdcb277d6bd5a4b08321,2017-10-31T09:54:09.000Z,0.000065,0x90cb967082af265d2a216911948a23822dcd4604,sell,0x6aac8cb9861e42bf8259f5abdc6ae3ae89909e11,0x7a55980f22d35c072294c2f4018ccce1a3435a3a97bf2c9fecb6a4b9641653a8
352,800,0.054800355555555555,0xb4066e3f167a4e5b7b97cca2b163ee396cfd0a1d,2017-10-31T09:48:12.000Z,0.00006850044444444443,0x6f386979f14b4d841cb77bfddd3afba6f0c6b6a1,buy,0x6aac8cb9861e42bf8259f5abdc6ae3ae89909e11,0xf6d35700cda04b54a3864dc3ced91d48c470dfd51a7125d8e10502415196dfba
353,7850,0.5377284888888888,0xd14cc8e4ae00443cc17311993cb9027048a53fc8,2017-10-31T09:48:12.000Z,0.00006850044444444443,0x6f386979f14b4d841cb77bfddd3afba6f0c6b6a1,buy,0x6aac8cb9861e42bf8259f5abdc6ae3ae89909e11,0x6b97d40a025a7859a5a91fb66a8bde20f8a2f82a3eb7387e75b5f884cec47c9e
354,372.3616788,0.0255067749978,0x11425b52632dd157c95ebd5d7f8792b6a1f249b6,2017-10-31T09:47:39.000Z,0.0000685,0x10acd94b57e4344b1f92e64efbe212041a6867ab,sell,0x6aac8cb9861e42bf8259f5abdc6ae3ae89909e11,0xf7a6e6a9d3101b3ca6fb558be6f40ca340241ac593d560ff6c26615bdbb62b63
355,3987.6383212,0.2731532250022,0x11425b52632dd157c95ebd5d7f8792b6a1f249b6,2017-10-31T09:42:38.000Z,0.0000685,0xee6f1818e54e77a85392a6e9f9848b116f44ddf1,sell,0x6aac8cb9861e42bf8259f5abdc6ae3ae89909e11,0x3493347bd389a02842f97cef8ce566431e115dc3d160c4b108923fbe4eef7137
356,6476.23227609,0.4436247892376983,0xd14cc8e4ae00443cc17311993cb9027048a53fc8,2017-10-31T09:34:47.000Z,0.00006850044444445637,0x6f386979f14b4d841cb77bfddd3afba6f0c6b6a1,buy,0x6aac8cb9861e42bf8259f5abdc6ae3ae89909e11,0x040f9119a9894074a0c5f306b1d801c28bb5b9b4a0afeee7cb6175b0b1dca555
357,1000,0.066102,0xa1dc29270c60dd37d64643d20151b7ee1806b776,2017-10-31T09:26:18.000Z,0.000066102,0x10acd94b57e4344b1f92e64efbe212041a6867ab,sell,0x6aac8cb9861e42bf8259f5abdc6ae3ae89909e11,0xc17449a1b9ad8ece668f0635e2790ae35f33e0160fec75b7eb15476e0c2af086
358,17944.37244541,1.1861589073864918,0xa1dc29270c60dd37d64643d20151b7ee1806b776,2017-10-31T09:26:18.000Z,0.000066102,0x319410e3421c15a50c3e04a162a095bc42076325,sell,0x6aac8cb9861e42bf8259f5abdc6ae3ae89909e11,0xa319e7300426f95d3f2df0393840489bd710f9e01a5d723363a0f3b46e199859
359,926.79157112,0.06126277643417424,0xa1dc29270c60dd37d64643d20151b7ee1806b776,2017-10-31T09:24:43.000Z,0.000066102,0x72992a2922f9bd8f2b23c6a7840df990652a364f,sell,0x6aac8cb9861e42bf8259f5abdc6ae3ae89909e11,0x6b059d92c65a355cc3d22e171cd5c2367162bbc5cd0890df43b4a4a7534e4dda
360,70.125,0.004838625,0x2c0f4bcbc2a523dc9c1b484d17ab2cab788af64a,2017-10-31T09:22:19.000Z,0.000069,0x72992a2922f9bd8f2b23c6a7840df990652a364f,sell,0x6aac8cb9861e42bf8259f5abdc6ae3ae89909e11,0xbdcebd7ab659c44f8187838f24cff8c527d7245df74e4ffae0dabb66a1d107e7
361,23304.9297783,1.6080401547027,0x2c0f4bcbc2a523dc9c1b484d17ab2cab788af64a,2017-10-31T09:20:16.000Z,0.000069,0xf44072eda87ede9613b6ae1b812de8a60ade27a2,sell,0x6aac8cb9861e42bf8259f5abdc6ae3ae89909e11,0xb8c7c2520f68e7ccaae7878258253b16f16456bdc8c55eeef4571aa866d2cd3b
362,23375.05494312,1.6012016525177126,0xf44072eda87ede9613b6ae1b812de8a60ade27a2,2017-10-31T09:20:16.000Z,0.00006850044444447374,0x6f386979f14b4d841cb77bfddd3afba6f0c6b6a1,buy,0x6aac8cb9861e42bf8259f5abdc6ae3ae89909e11,0xb8c7c2520f68e7ccaae7878258253b16f16456bdc8c55eeef4571aa866d2cd3b
363,933.83985662,0.06443495010678,0x2c0f4bcbc2a523dc9c1b484d17ab2cab788af64a,2017-10-31T09:18:17.000Z,0.000069,0x90fdf660ab6557ebc6a1433670876090e03133c6,sell,0x6aac8cb9861e42bf8259f5abdc6ae3ae89909e11,0x44390c4be6a802be73c96726fea39e0e4482a550b45c45c64c5ea4654be65ccb
364,1559.21049147,0.10758552391143,0x2c0f4bcbc2a523dc9c1b484d17ab2cab788af64a,2017-10-31T09:14:26.000Z,0.000069,0xdace8e70eb1370e5b5da26cb3e99f3e169343bc9,sell,0x6aac8cb9861e42bf8259f5abdc6ae3ae89909e11,0x5fd502a285729967eb932221e859d9a32291ec2c6e960c9fbfeee8cf02425a99
365,434.652,0.03042564,0xd14cc8e4ae00443cc17311993cb9027048a53fc8,2017-10-31T09:13:29.000Z,0.00007,0xdace8e70eb1370e5b5da26cb3e99f3e169343bc9,sell,0x6aac8cb9861e42bf8259f5abdc6ae3ae89909e11,0xdf77aaa24bf59c00f4c76a8b5ac5ec7dd784ae7092ddda5dcd8cbb3d03dc6a2c
366,1993.8191606,0.139567341242,0xd14cc8e4ae00443cc17311993cb9027048a53fc8,2017-10-31T08:42:20.000Z,0.00007,0x9c87d761dce93fc8de514a729b660d9da9f7a5a8,sell,0x6aac8cb9861e42bf8259f5abdc6ae3ae89909e11,0xc9cadef06eb6eb1e4dfa443f568393e8fa07639104ee716e32ba110947c81caf
367,500,0.034,0xd14cc8e4ae00443cc17311993cb9027048a53fc8,2017-10-31T08:35:56.000Z,0.000068,0xdddc2b6ac555bd3f6c2e07d0504155c4b619a87a,sell,0x6aac8cb9861e42bf8259f5abdc6ae3ae89909e11,0xabb03e5f28f61b5000b22b593073ba5ffb34fecfe430fcdc5e070b3e48e70704
368,8500,0.67999999999915,0xfad75b12bb8ae1746d87f16ffcffe45426368775,2017-10-31T08:26:07.000Z,0.0000799999999999,0x6f386979f14b4d841cb77bfddd3afba6f0c6b6a1,buy,0x6aac8cb9861e42bf8259f5abdc6ae3ae89909e11,0xb9de7110c3b53f167207523b68ce4727b7a7bb9a705f1616f099c81b259e41aa
369,3060.64092515,0.2448482133713778,0xf0b956d60ac90d9124db022cfdfe83b203922876,2017-10-31T08:20:36.000Z,0.00007999900000009898,0x35a1dfa63abb2d966dc6ab66aeca6443b31e89e2,buy,0x6aac8cb9861e42bf8259f5abdc6ae3ae89909e11,0xab422f8c1fb1f9018a2065fbe9c06283030044c1001861cc1f80ce4e14061700
370,2000,0.136,0xd14cc8e4ae00443cc17311993cb9027048a53fc8,2017-10-31T08:17:02.000Z,0.000068,0x3f7c14e402fcc3864d6e1ae1c4747ff1805d0512,buy,0x6aac8cb9861e42bf8259f5abdc6ae3ae89909e11,0x69b7b663777d95924d706959ad44a84afec7e29e0a6dc4bd8fb272a990dce7b1
371,936.53537826,0.061904988502986,0x90fdf660ab6557ebc6a1433670876090e03133c6,2017-10-31T07:52:20.000Z,0.0000661,0xd8a78526b2622d92b0acb640fee52dd58c94f86d,sell,0x6aac8cb9861e42bf8259f5abdc6ae3ae89909e11,0x33fd993d6e9805f97e8d77b54e69b1f2f898190228d3eead44d6eb8e1ca9673a
372,84,0.00546,0x289638bfe1b0e2e7353513e85657a2c20423f7d1,2017-10-31T07:41:35.000Z,0.000065,0xc3f56c4d43038e9552eaa822505d942283de4789,buy,0x6aac8cb9861e42bf8259f5abdc6ae3ae89909e11,0xbd4a34ae970769451b3153ab7b630bc44508331b23caa75a9a7632e2f82cc460
373,1501,0.097565,0xef735ff43107ddc1ea7c452c95dbedf42687d13f,2017-10-31T07:32:01.000Z,0.000065,0x5351ed65ea96588e2c55caf4abfd10fe3548540e,sell,0x6aac8cb9861e42bf8259f5abdc6ae3ae89909e11,0x288a4ba81ca152236c64f9502f47fc6affe93b7d13b7098f76aad9cd68c68a87
374,939.35907484,0.07514778662862219,0xd8a78526b2622d92b0acb640fee52dd58c94f86d,2017-10-31T07:23:47.000Z,0.00007999900000052912,0x35a1dfa63abb2d966dc6ab66aeca6443b31e89e2,buy,0x6aac8cb9861e42bf8259f5abdc6ae3ae89909e11,0x39f182b5871d4ce382a14c771c289096a58666293697a808b5c95091e6381ed2
375,999,0.064935,0xef735ff43107ddc1ea7c452c95dbedf42687d13f,2017-10-31T07:06:19.000Z,0.000065,0x8698327a7e55446f7558f03faaff08ab6bb45a76,sell,0x6aac8cb9861e42bf8259f5abdc6ae3ae89909e11,0x84d3c910d12174b87c3e4c800972b482c8fbf8a413ce44f730debd1ed1049127
376,500,0.03999999999995,0x6833020e1fad7f8054b101fd9ca44e96886371e4,2017-10-31T07:02:19.000Z,0.0000799999999999,0x6f386979f14b4d841cb77bfddd3afba6f0c6b6a1,buy,0x6aac8cb9861e42bf8259f5abdc6ae3ae89909e11,0xb7248b43a378f0ac8d9dd093f16fcce9de5910b336b366dd29fbdc4e801cbb83
377,14930.4471687,0.9257623766952435,0x6f386979f14b4d841cb77bfddd3afba6f0c6b6a1,2017-10-31T06:53:58.000Z,0.000062005,0xf44072eda87ede9613b6ae1b812de8a60ade27a2,sell,0x6aac8cb9861e42bf8259f5abdc6ae3ae89909e11,0xca15601d025d95c661e603203f96829141ba3e5987c8c94f30e04e2eea3efdd4
378,14975.37328857,0.8236455308713501,0xf44072eda87ede9613b6ae1b812de8a60ade27a2,2017-10-31T06:53:58.000Z,0.000055,0x6f386979f14b4d841cb77bfddd3afba6f0c6b6a1,buy,0x6aac8cb9861e42bf8259f5abdc6ae3ae89909e11,0xca15601d025d95c661e603203f96829141ba3e5987c8c94f30e04e2eea3efdd4
379,50000,3.10015,0x6f386979f14b4d841cb77bfddd3afba6f0c6b6a1,2017-10-31T06:52:54.000Z,0.000062003,0x70136f9dff822fed82d677c584486edbd579ed3a,sell,0x6aac8cb9861e42bf8259f5abdc6ae3ae89909e11,0xf86b42165391a87d4d6ead9c68494cf094b4790b95351e509808bac754f7b42f
