,amount,amountBase,buyer,date,price,seller,side,tokenAddr,txHash
0,125.749210863,0.2263485795534,0x3dee4a4e076e8d82859d241db0baf46f112cfa23,2017-11-02T08:57:59.000Z,0.0018,0xc2ef3492077355a26a7bd24386a15e1346c07ef0,sell,0x607f4c5bb672230e8672085532f7e901544a7375,0x51a4183172b73ddc022e7433167f8f14450cd8b93d340ec058bc72c9346fd85e
1,47.615719425,0.0967551418716,0xb4b8444f616f4e7ec1b5faaf30e9b628cdaf4e4c,2017-11-02T08:29:36.000Z,0.002032,0xc2ef3492077355a26a7bd24386a15e1346c07ef0,sell,0x607f4c5bb672230e8672085532f7e901544a7375,0xdae7ecca9dc88d2f60b6660c06a245d9a50d55664fb7d23d713926e09d3f3a84
2,100,0.18,0x3dee4a4e076e8d82859d241db0baf46f112cfa23,2017-11-02T08:21:08.000Z,0.0018,0xc2ef3492077355a26a7bd24386a15e1346c07ef0,sell,0x607f4c5bb672230e8672085532f7e901544a7375,0x495914863e5f80af75c97e1d9eb6d99b8250e3ecdbb560f77fc1d2f4923d182d
3,0.8,0.00168,0xb4b8444f616f4e7ec1b5faaf30e9b628cdaf4e4c,2017-11-02T08:20:36.000Z,0.0021,0xc2ef3492077355a26a7bd24386a15e1346c07ef0,sell,0x607f4c5bb672230e8672085532f7e901544a7375,0xc391f8badf545d895381cf87231ecae7f497530f047294303486d8591981b7ff
4,74.199980061,0.1558199581281,0xb4b8444f616f4e7ec1b5faaf30e9b628cdaf4e4c,2017-11-02T04:37:02.000Z,0.0021,0x8fd2515a5b29e61220ee080d484d1f2ea4c46e6b,sell,0x607f4c5bb672230e8672085532f7e901544a7375,0x5078eadd4b5f3727a6ddd68f5a18a5d01a633026cf5d3979627a84fac36efc5d
5,130,0.27313,0x1099b992dffe76b4bdface01f3516aaca6309544,2017-11-02T04:34:07.000Z,0.002101,0x8fd2515a5b29e61220ee080d484d1f2ea4c46e6b,sell,0x607f4c5bb672230e8672085532f7e901544a7375,0x35ab62a0bccedaa44acb604906c30c6da3ff036f095ee69391f8ff22f541546e
6,348.95,0.97706,0xde011857682ba9c3753d9967cf58d6e9590b7aff,2017-11-01T05:11:35.000Z,0.0028,0x273a5d3e6721b9f5c1a6474f560c1334c63dda01,sell,0x607f4c5bb672230e8672085532f7e901544a7375,0xcbc305b8405390ec0cabd8c617d1e3f7c7c56666a68682db0fd3cb1dfc518781
7,350,0.9625,0x273a5d3e6721b9f5c1a6474f560c1334c63dda01,2017-11-01T05:11:35.000Z,0.00275,0xe8f0cc52b0d087e4eaabe1de8c0bc01f83918ea9,buy,0x607f4c5bb672230e8672085532f7e901544a7375,0xcbc305b8405390ec0cabd8c617d1e3f7c7c56666a68682db0fd3cb1dfc518781
8,153.789302453,0.31223457603776456,0xf7c8850c080d7d86e12207128f54f48d6b4c26f0,2017-11-01T01:35:10.000Z,0.002030275,0x44525d0e03fedd63445fa53c9aed398ce9df5f06,sell,0x607f4c5bb672230e8672085532f7e901544a7375,0x2356117fc8bef5c1294b2602291d127295519aa6a44108e9c994c7f359bcc0fe
9,97,0.198365,0xa36334b0909ab194b9ddb9689bfde7f6b2332220,2017-11-01T01:34:29.000Z,0.002045,0x44525d0e03fedd63445fa53c9aed398ce9df5f06,sell,0x607f4c5bb672230e8672085532f7e901544a7375,0x3b343d82bb154002ce63efae122b786bca836d81133c8e8ba579922716724842
10,11.083591575,0.0225052326930375,0x6bad391397f5f6047d3b6752576ee1a4ae3d2927,2017-11-01T00:22:55.000Z,0.0020305,0xe6bf284394d3923de93daa95c85d5066b26573d4,sell,0x607f4c5bb672230e8672085532f7e901544a7375,0xb3e34ab8303a5c540e97401de1e1b98e95a3d8ffe5658966209ceae284d7886b
11,11.117950709,0.029907287409032,0xe6bf284394d3923de93daa95c85d5066b26573d4,2017-10-31T23:53:03.000Z,0.002690000000163879,0x44525d0e03fedd63445fa53c9aed398ce9df5f06,buy,0x607f4c5bb672230e8672085532f7e901544a7375,0xf7e0491c4d3b044579269230e4545f4dccf4f2e7d37d6c227e6c8c8eb7b66297
12,0.181818181,0.0005,0x42c24a83bded723edfdf5883bc7efb30bc1a1bf3,2017-10-31T06:45:45.000Z,0.002750000012375,0xe8f0cc52b0d087e4eaabe1de8c0bc01f83918ea9,buy,0x607f4c5bb672230e8672085532f7e901544a7375,0xaf2be1fc56c964f15bdc4ab9c75899fe5254ef49d2dc1d1b7f276590f8b1ef23
13,0.01,0.0000275,0x0c4085d8e714ca77ac5f46cd2b80a92d238a7cd3,2017-10-31T01:01:28.000Z,0.00275,0xe8f0cc52b0d087e4eaabe1de8c0bc01f83918ea9,buy,0x607f4c5bb672230e8672085532f7e901544a7375,0x55a7226e7df2f6dd745937318671c4e1367149f684eb37cce4f3e5e6c897f356
14,1099.771021348,2.639450451235856,0xff4482de17e729e19d75d70fc005f2e4ba75905f,2017-10-30T05:00:55.000Z,0.0024000000000005965,0xe8f0cc52b0d087e4eaabe1de8c0bc01f83918ea9,buy,0x607f4c5bb672230e8672085532f7e901544a7375,0x5cd2ced029954f54f27c7dde107e273f8fff60e35e56f47033e7b685928a7571
15,200,0.48,0xd4a99a3e6a1a495ab95ea1a72a45f670ddbc0d96,2017-10-30T04:54:29.000Z,0.0024,0xe8f0cc52b0d087e4eaabe1de8c0bc01f83918ea9,buy,0x607f4c5bb672230e8672085532f7e901544a7375,0x4d1f170ec3205a687876ccb7b92c3d0d86eac7b59b14574be74c8c5f9247c2b7
16,1200.020645318,2.880049548764144,0xff4482de17e729e19d75d70fc005f2e4ba75905f,2017-10-30T04:39:23.000Z,0.002400000000000787,0xe8f0cc52b0d087e4eaabe1de8c0bc01f83918ea9,buy,0x607f4c5bb672230e8672085532f7e901544a7375,0xd612fb3190b81de4ecff677ed32439d0853332b81bb4db411d2cb0f719105fa9
17,0.208333333,0.0005,0xf9695cd65d6dfdf257fab76a3eb0cb8f001971cc,2017-10-30T03:36:22.000Z,0.00240000000384,0xe8f0cc52b0d087e4eaabe1de8c0bc01f83918ea9,buy,0x607f4c5bb672230e8672085532f7e901544a7375,0x296765156f0de5d8780e54bdc39b810723823cfcbe6ab137c33c66093a830b2d
18,157.577344232,0.2718366765346232,0x3dee4a4e076e8d82859d241db0baf46f112cfa23,2017-10-29T17:46:19.000Z,0.0017251,0x39fdaca82c17d258a6b2057d98c66f83ab7511d6,sell,0x607f4c5bb672230e8672085532f7e901544a7375,0x5cf92827cdbf2d74230622e79179cb67bc14a4fd791bb83c96864300600b2736
19,600,1.1586,0x0ce4b16411b408bc9f06d456175db3cc79b25299,2017-10-29T17:45:18.000Z,0.001931,0x39fdaca82c17d258a6b2057d98c66f83ab7511d6,sell,0x607f4c5bb672230e8672085532f7e901544a7375,0x79545dd80b0f1a7283648311cb9b1811c340b42258165b9d00af310adfacf1d3
20,150,0.285,0x00a090ef6fdea0b2700dfb1d8e534e4f3e1f7937,2017-10-29T17:45:18.000Z,0.0019,0x39fdaca82c17d258a6b2057d98c66f83ab7511d6,sell,0x607f4c5bb672230e8672085532f7e901544a7375,0xd29f58750b12dad7c063c986d9d7a1a881affd8079f2af9b0fedf613ca2f371e
21,100,0.193,0x29b8eca0a380c562a00b7e5d1fbc624e5be736a5,2017-10-29T17:45:18.000Z,0.00193,0x39fdaca82c17d258a6b2057d98c66f83ab7511d6,sell,0x607f4c5bb672230e8672085532f7e901544a7375,0x637d17fc941ca4eb085f77271c65ec9ea94e492daafbff0698603b7c757c99df
22,900,1.737009,0x3dee4a4e076e8d82859d241db0baf46f112cfa23,2017-10-29T17:45:07.000Z,0.00193001,0x39fdaca82c17d258a6b2057d98c66f83ab7511d6,sell,0x607f4c5bb672230e8672085532f7e901544a7375,0x60877c23980ccf8c029aec3070583fdf362ceebf7e2db581b9091b2f3faa0d2d
23,250,0.555,0x9bbbb31c8fa3a88ecca4d18ec20fdabb09a50ece,2017-10-29T17:35:02.000Z,0.00222,0x39fdaca82c17d258a6b2057d98c66f83ab7511d6,sell,0x607f4c5bb672230e8672085532f7e901544a7375,0x9eec730fb1431cb2b28ae3ca8d3dd4e25b6e7efe212d856b8b507b3c79905bd7
24,0.722,0.0017328,0xed82e943a3c0acd48dda866f85f361273d486cf7,2017-10-29T17:34:17.000Z,0.0024,0x39fdaca82c17d258a6b2057d98c66f83ab7511d6,sell,0x607f4c5bb672230e8672085532f7e901544a7375,0xadb329c624fa568f455a0108a2a7e055565b20ecdebc5361ffe05fbe30885ffc
25,99.277858686,0.2382668608464,0xed82e943a3c0acd48dda866f85f361273d486cf7,2017-10-29T17:10:07.000Z,0.0024,0x3dee4a4e076e8d82859d241db0baf46f112cfa23,sell,0x607f4c5bb672230e8672085532f7e901544a7375,0xd1a71a9ba89fd9526e93741ffa93dc86ea29ddd629a2ae61ee8924e928ec604a
26,2,0.0056,0x92d3ed39d77c4a667d2a193dd9b946ac8fedf94f,2017-10-29T10:10:39.000Z,0.0028,0xe8f0cc52b0d087e4eaabe1de8c0bc01f83918ea9,sell,0x607f4c5bb672230e8672085532f7e901544a7375,0x84d9d3ca48d8e3d78418a488aca8a7ee733e0381d4f00aed2de5ecd856a2d8cd
27,890.200525562,2.848641681799608,0x3cf4e59ad56d349fb1966d65a16a1001249f2649,2017-10-29T09:16:22.000Z,0.003200000000001357,0xe8f0cc52b0d087e4eaabe1de8c0bc01f83918ea9,buy,0x607f4c5bb672230e8672085532f7e901544a7375,0x544651805ca9378fdca5acd181a8a8d186735656c2d126f96ec3109af699934b
28,0.16025641,0.0005,0x34f9560c63078eb61872a4dc2ccd20e21c34feaf,2017-10-28T20:57:14.000Z,0.003120000004992,0x3dee4a4e076e8d82859d241db0baf46f112cfa23,buy,0x607f4c5bb672230e8672085532f7e901544a7375,0xe91d08c5c458b5deefcd4269979cb9fd75581eb40a2e7af9724895aaad82f319
29,0.16025641,0.0005,0xe444a40689f51f63bcd29910622035707d533d29,2017-10-28T20:57:11.000Z,0.003120000004992,0x3dee4a4e076e8d82859d241db0baf46f112cfa23,buy,0x607f4c5bb672230e8672085532f7e901544a7375,0x001462dc0a308f76c3299b291d81c9a35d1d214c86b50635835619a84d148f44
30,49.691,0.2832387,0x5a7f52c42526ddb16755d0681ddc80be166c2ff6,2017-10-27T04:10:24.000Z,0.0057,0x29b8eca0a380c562a00b7e5d1fbc624e5be736a5,buy,0x607f4c5bb672230e8672085532f7e901544a7375,0xaa9732a697d5d24d8706a92eedcda8be76cefdbb3ad84ae640afb967f1d48087
31,19.99,0.13993,0x5a7f52c42526ddb16755d0681ddc80be166c2ff6,2017-10-27T04:09:31.000Z,0.007,0xbf72f0123005df8127d9a033fd9215513b9db413,buy,0x607f4c5bb672230e8672085532f7e901544a7375,0x96f15a8016755bfc63af3dd6420ae35a84b282c68fb0446cc261ddc12605bb3e
32,99.905293589,0.1569513161336126,0x3dee4a4e076e8d82859d241db0baf46f112cfa23,2017-10-27T04:08:08.000Z,0.001571001,0x7d5b1cc5b58494fc8f6ffee039a646343cb36cf3,sell,0x607f4c5bb672230e8672085532f7e901544a7375,0x5b364168522cc441555671cf0656e6768ecbfef6e82b488c56acfccae6a8c9b8
33,12.684,0.044394,0xbf72f0123005df8127d9a033fd9215513b9db413,2017-10-25T07:02:57.000Z,0.0035,0xced732ca92cb4f040239c4e8c85f14acbb5db000,sell,0x607f4c5bb672230e8672085532f7e901544a7375,0xf8eae0caa41f940cbd44026b9102b58249ac796cb99995ef4ee4d0dec9b28f14
34,7.315532638,0.025604364233,0xbf72f0123005df8127d9a033fd9215513b9db413,2017-10-25T05:15:18.000Z,0.0035,0xe2eabfc1e89a462bbd2ba188cd8a9591a9a0d04e,sell,0x607f4c5bb672230e8672085532f7e901544a7375,0xc3bf608c4ec8a4e7c1e872aa49180215a1b481a2502850ba82108d9063eccfe2
35,262.675,2.7580875,0x44525d0e03fedd63445fa53c9aed398ce9df5f06,2017-10-23T01:55:19.000Z,0.0105,0x1f9aa698b3781ea29878036773a0df87f5325d98,buy,0x607f4c5bb672230e8672085532f7e901544a7375,0x93e2de8a348aa04b34e44782b3838ce8933c85142b811dbd00287955e0b8d463
36,8.392783397,0.0125891750955,0x8d0958d2c3dfdc58982ddd4fa49a477fdd611698,2017-10-22T18:08:17.000Z,0.0015,0x3dee4a4e076e8d82859d241db0baf46f112cfa23,sell,0x607f4c5bb672230e8672085532f7e901544a7375,0xe00921ead6c81be6c574120f10d078740c5974a7a18c20affa942d73641243db
37,8.383679902,0.0068008411365024,0x3dee4a4e076e8d82859d241db0baf46f112cfa23,2017-10-21T19:39:28.000Z,0.0008112,0xca610c3b102f1e4cc944c310f855e9a4c680caeb,sell,0x607f4c5bb672230e8672085532f7e901544a7375,0x06b40bc14cb815bffab22ad414312090455a21a9855a46de95b2eb847fcb064e
38,99.69095803,0.269165586681,0x29b8eca0a380c562a00b7e5d1fbc624e5be736a5,2017-10-20T20:22:14.000Z,0.0027,0x097501c95264ad3204159efaefdc5820783dbeae,sell,0x607f4c5bb672230e8672085532f7e901544a7375,0xa31e366ae8fa3ed20fa5bbd0fe7ca5f6e0d26718a7d591df26e8c0695752ed82
39,0.01,0.000099999999,0x6cdea8e07bf82d7a07dbf36642d6e5be8623845c,2017-10-20T08:08:41.000Z,0.0099999999,0x48eaedfa6ab55f414a433f0778f55ed9b827e822,buy,0x607f4c5bb672230e8672085532f7e901544a7375,0xd4c6a42e2ee5dd02e96a27c7c98f8303c1e6109c5b07371935245f08ee8391f8
40,0.1,0.00099999999,0x359a434bcd08ddc98f2f0ecbf5990cf922e953e6,2017-10-19T18:30:09.000Z,0.0099999999,0x48eaedfa6ab55f414a433f0778f55ed9b827e822,buy,0x607f4c5bb672230e8672085532f7e901544a7375,0xe7fdb1a781176e709959c3885fc0823df3b8a9862ee0d1576157380daa3f38c5
41,1,0.0105,0x3ac636ac5c3a2576156ac5f10066ca68abe0ad54,2017-10-19T03:25:32.000Z,0.0105,0x1f9aa698b3781ea29878036773a0df87f5325d98,buy,0x607f4c5bb672230e8672085532f7e901544a7375,0x0c72a43dbc9b24150139ab3204a778e0cc25a2a5682e03550cd0803e49bad4d8
42,0.05,0.0005,0xcd912af5286dc0b0a23edb30209734ecb60838b3,2017-10-18T17:31:07.000Z,0.01,0x48eaedfa6ab55f414a433f0778f55ed9b827e822,buy,0x607f4c5bb672230e8672085532f7e901544a7375,0xf62a87bb313df9fc09c89e09a465dacd21c43402698868f9631648785d1ecb7e
43,0.05,0.0005,0xf9695cd65d6dfdf257fab76a3eb0cb8f001971cc,2017-10-18T16:16:46.000Z,0.01,0x48eaedfa6ab55f414a433f0778f55ed9b827e822,buy,0x607f4c5bb672230e8672085532f7e901544a7375,0x44565f93b6fbd1273ce45feb0b22b60f15532526923f95ee8c9340f669592e13
44,0.05,0.0005,0x42c24a83bded723edfdf5883bc7efb30bc1a1bf3,2017-10-18T16:16:23.000Z,0.01,0x48eaedfa6ab55f414a433f0778f55ed9b827e822,buy,0x607f4c5bb672230e8672085532f7e901544a7375,0x8dc223276d015fb338bbaeb6937370ac9b1fdc728d8f0b1f6540fe7850de6dbd
45,0.05,0.0005,0x379374d13077e8867ef31803c37baf9785a17c00,2017-10-18T16:16:20.000Z,0.01,0x48eaedfa6ab55f414a433f0778f55ed9b827e822,buy,0x607f4c5bb672230e8672085532f7e901544a7375,0x00f559432c89bc79e9cdeb64d836b6a94a99fcb027db091a200ad34e7ef08470
46,0.05,0.0005,0x379374d13077e8867ef31803c37baf9785a17c00,2017-10-18T16:15:31.000Z,0.01,0x48eaedfa6ab55f414a433f0778f55ed9b827e822,buy,0x607f4c5bb672230e8672085532f7e901544a7375,0x00f559432c89bc79e9cdeb64d836b6a94a99fcb027db091a200ad34e7ef08470
47,0.05,0.0005,0x16e5d97bbc92417e051e3b2cabfbf8ceea2acb9c,2017-10-18T15:56:16.000Z,0.01,0x48eaedfa6ab55f414a433f0778f55ed9b827e822,buy,0x607f4c5bb672230e8672085532f7e901544a7375,0xf3294a4548a05aa03a8075fc6d929220216793f8a1d9f29bac8780f312e614d7
48,0.1,0.00099999999,0x636d925f140f761f7a0e600db2177dd068ddada1,2017-10-18T15:37:02.000Z,0.0099999999,0x48eaedfa6ab55f414a433f0778f55ed9b827e822,buy,0x607f4c5bb672230e8672085532f7e901544a7375,0x87b0b15abbafaf2cc305276b567524f2b7cd4919903c12f34914c7a7e440e2fd
49,7.269449412,0.0166666666668924,0x5d5065b42bdee0274e394ba9042c21e1818c69cf,2017-10-13T05:47:55.000Z,0.0022927,0x97da834f9ad88f3ad9628d3e699600df51b76621,sell,0x607f4c5bb672230e8672085532f7e901544a7375,0x2363b506533ef5fd703cbb96cc3ca6ae70b5ff95668bf4d972fcb722ed223bc6
50,234.286,2.460003,0xa94b40c53432f0576e64873ce1cead1aae62fc90,2017-10-11T01:39:17.000Z,0.0105,0x1f9aa698b3781ea29878036773a0df87f5325d98,buy,0x607f4c5bb672230e8672085532f7e901544a7375,0xb896627079d4cbc4efff7c384ed78d4cd7819de27c2100a2f0d874e365f3663e
51,246.735121124,0.16284517994184,0x3dee4a4e076e8d82859d241db0baf46f112cfa23,2017-10-08T21:53:28.000Z,0.00066,0xbfb50b318ebd18975bd60b8d21488a8595debe74,sell,0x607f4c5bb672230e8672085532f7e901544a7375,0xc977d6124bc05e5516c8b88c65633e880586d1e5f11119635c82200a73c5f467
52,0.000099385,0.00000022560395,0x5d5065b42bdee0274e394ba9042c21e1818c69cf,2017-10-08T19:10:24.000Z,0.00227,0x0734e30d680f2923d10f21ee52347b8621429469,sell,0x607f4c5bb672230e8672085532f7e901544a7375,0x2cdb046d6082ad668760ef4b7961501fe9308ffec31ef6d134d5f1c8d1d33a17
53,10,0.0227,0x1604f9caed8042ead86e35e76250a48e5b1c8300,2017-10-08T01:30:02.000Z,0.00227,0x1ca9bd189db5ab9099a4b17a15cf3ac3da289c38,sell,0x607f4c5bb672230e8672085532f7e901544a7375,0x914c2b17cbcf1cb5784ba7e65e0eb6858c524cfaded89b3bed90828c6e674ac6
54,0.1,0.00105,0xa0be78d2bac6a692adba423c7af50ec86a18bddf,2017-09-28T14:01:45.000Z,0.0105,0x1f9aa698b3781ea29878036773a0df87f5325d98,buy,0x607f4c5bb672230e8672085532f7e901544a7375,0x7f36b73677e861f3401c7e88ceb22a07cb8dd2222ea52f1b18f3fb04c4e2bbe0
55,335.893,0.96401291,0x708416775b69e3d3d6c634ffdf91778a161d30bd,2017-09-23T17:49:50.000Z,0.00287,0xbe4736749ef1e1c1e686bb161fb17cdd4aea563e,buy,0x607f4c5bb672230e8672085532f7e901544a7375,0x5baff8d0ead1d43fd55adf653552f0a54e875de31472ce6c1bf109ac43b3a42a
56,4.107,0.01178709,0x2acbe8585df294333cb535663f46140e518eea07,2017-09-18T09:39:21.000Z,0.00287,0xbe4736749ef1e1c1e686bb161fb17cdd4aea563e,buy,0x607f4c5bb672230e8672085532f7e901544a7375,0xb00bdc13affbf9c8df3394ebfb6a4862c6497a18c35d5d7a436c4dc62df1f1ff
57,195.892732529,0.44467650284083,0x2acbe8585df294333cb535663f46140e518eea07,2017-09-17T22:05:23.000Z,0.00227,0x19fff3b449a3a58a48c7f1d838761f5721401d26,sell,0x607f4c5bb672230e8672085532f7e901544a7375,0x43dde1d33f4877b038e7fdd47af018c6d4e1c78a865aa5fc05769e1658635b6b
58,0.1,0.00105,0x0024a5046fd95c5eee6db19a69ef7ed3bacd50f1,2017-09-11T15:55:04.000Z,0.0105,0x1f9aa698b3781ea29878036773a0df87f5325d98,buy,0x607f4c5bb672230e8672085532f7e901544a7375,0x4703e0ce96d39339bf306ec332dcfd2358dd22d6cf7d4fc2ce94054735bd91d6
59,0.5,0.00525,0xefd0199657b444856e3259ed8e3c39ee43cf51dc,2017-09-10T17:47:01.000Z,0.0105,0x1f9aa698b3781ea29878036773a0df87f5325d98,buy,0x607f4c5bb672230e8672085532f7e901544a7375,0xb6e45bfb0b58d61f3b4a3de1e942259e58d58b98d64a7b274a1598126af7d86e
60,2,0.00062002,0xb902ba6e3272e66c74035d7e30f4fa9279bd56f9,2017-09-03T14:29:58.000Z,0.00031001,0xbd221a8c9a92a2150d8483412d2545713d571831,sell,0x607f4c5bb672230e8672085532f7e901544a7375,0x9df122444ea4a2296156fdf690a659b3d6c8971822c35b69f04bd24670ff3999
61,4,0.00124,0xbd221a8c9a92a2150d8483412d2545713d571831,2017-09-03T14:14:21.000Z,0.00031,0xbd221a8c9a92a2150d8483412d2545713d571831,buy,0x607f4c5bb672230e8672085532f7e901544a7375,0x050ec2180965afc5654d2b6a7537badb28731494178c7ceff662bd067d080fcd
62,1,0.00031001,0xb902ba6e3272e66c74035d7e30f4fa9279bd56f9,2017-09-03T14:10:08.000Z,0.00031001,0xbd221a8c9a92a2150d8483412d2545713d571831,sell,0x607f4c5bb672230e8672085532f7e901544a7375,0xa3a84b6a76651d32e141a646a44703ac1b64abd3c58647c413864c1ec5ebd287
63,0.186754432,0.001960921544412321,0x86a19f340e952a119d4c64bb829ab1c9db3c4f8f,2017-09-01T01:36:08.000Z,0.010500000045044826,0x1f9aa698b3781ea29878036773a0df87f5325d98,buy,0x607f4c5bb672230e8672085532f7e901544a7375,0xe592d05462c22f596185633fe86f412348289c3ad10a58ff2cd6f86e176d5ee4
64,0.2,0.0021,0xbb325a2ee38566c7a03010b2c4929fd99861bf36,2017-08-25T12:27:47.000Z,0.0105,0x1f9aa698b3781ea29878036773a0df87f5325d98,buy,0x607f4c5bb672230e8672085532f7e901544a7375,0xcfb5f1f9f40636cfe13db015b894041121d9b20a7fc27ee78a20a3cc7931211e
65,0.952,0.009996,0x6d3d0dfa885186833d6cf04f7890aab7d3b43cd1,2017-08-24T20:02:20.000Z,0.0105,0x1f9aa698b3781ea29878036773a0df87f5325d98,buy,0x607f4c5bb672230e8672085532f7e901544a7375,0xaa2942610ca3bdf4383fb07234ecbdf3c79aa785c4834317f9e98ce0d61e1000
66,761.638890428,0.09139666685136,0xa3d559a26e0252266d4d43231d7c29707c76d8b0,2017-08-17T17:56:13.000Z,0.00012,0xf2b8041e57c3186941caf50f48049966d3645528,sell,0x607f4c5bb672230e8672085532f7e901544a7375,0x961e8f62e54304a726116b14c2875193e832f25d9c9f712fd408e51a116672e9
