,amount,amountBase,buyer,date,price,seller,side,tokenAddr,txHash
0,40000,0.126,0x3f103aacf41262cd789775edb8b6e5c270cf6f39,2017-11-02T16:03:10.000Z,0.00000315,0x5e72330b74449b9d3346c85c969afc139455135a,sell,0x4cd988afbad37289baaf53c13e98e2bd46aaea8c,0xf0161e144d4197d110eed561820b51252fab7396173d254b05784b241d452bc2
1,59000,0.18821,0xc839c08f9aafeeb7b751132e54c9a1d2c708cfa4,2017-11-02T15:56:05.000Z,0.00000319,0x5e72330b74449b9d3346c85c969afc139455135a,sell,0x4cd988afbad37289baaf53c13e98e2bd46aaea8c,0xce225e0a7621f74c4ae71d3b90e093197ecd86453b48280ec363d11e55b21223
2,30000,0.09834,0xc839c08f9aafeeb7b751132e54c9a1d2c708cfa4,2017-11-02T14:57:34.000Z,0.000003278,0xed97cf17871ff27fbad98df9cb2ba7ce1e04685e,buy,0x4cd988afbad37289baaf53c13e98e2bd46aaea8c,0xe49a12e6fb78ec579f1bfa7b94b6b43bf19521b2b2d77a394b04d8b5e677a421
3,144044.23676012462,0.462382,0xc839c08f9aafeeb7b751132e54c9a1d2c708cfa4,2017-11-02T14:50:44.000Z,0.00000321,0xed97cf17871ff27fbad98df9cb2ba7ce1e04685e,buy,0x4cd988afbad37289baaf53c13e98e2bd46aaea8c,0x0e6ce1008906d8c6641d90a73ed9bfdb76bfbcebc85c97a301fc418213cc57d7
4,90000,0.2835,0x3f103aacf41262cd789775edb8b6e5c270cf6f39,2017-11-02T14:48:22.000Z,0.00000315,0x47dc26367828fecef504b1e23e1701c5c9b72e1f,sell,0x4cd988afbad37289baaf53c13e98e2bd46aaea8c,0x81622dc4af356cec2d512aa2f4788afb9c94090f0fec9cf4fe528fe178b58543
5,1900,0.005985,0x3f103aacf41262cd789775edb8b6e5c270cf6f39,2017-11-02T14:20:03.000Z,0.00000315,0x47dc26367828fecef504b1e23e1701c5c9b72e1f,sell,0x4cd988afbad37289baaf53c13e98e2bd46aaea8c,0xcbcae3e55c2303a53f9dbed1a326f4cda0ef65044900e70b845002a3e4113f1d
6,135900,0.428085,0x3f103aacf41262cd789775edb8b6e5c270cf6f39,2017-11-02T14:08:08.000Z,0.00000315,0x47dc26367828fecef504b1e23e1701c5c9b72e1f,sell,0x4cd988afbad37289baaf53c13e98e2bd46aaea8c,0x1c04ae8a99271ba3460b7fe931d998ea32afc46d409aa9fe1a1b052c7bf4891c
7,10000,0.0321,0x7dd2b7049a05c5d95db27337c144eeda1354f87b,2017-11-02T13:53:19.000Z,0.00000321,0xed97cf17871ff27fbad98df9cb2ba7ce1e04685e,buy,0x4cd988afbad37289baaf53c13e98e2bd46aaea8c,0x74cbbfc803cf41bdf30974d7af9d988cd46dc68e32e083796ed507a10836dd97
8,199700,0.629055,0x3f103aacf41262cd789775edb8b6e5c270cf6f39,2017-11-02T13:11:54.000Z,0.00000315,0x7dd2b7049a05c5d95db27337c144eeda1354f87b,sell,0x4cd988afbad37289baaf53c13e98e2bd46aaea8c,0x6260b772e48cc221db3434ea79e4c302df0cea9041541683f74dc8ef0dc34592
9,185000,0.59385,0x5daaa145804914c6c4d2cc6e051648db7d03bf60,2017-11-02T12:50:41.000Z,0.00000321,0xed97cf17871ff27fbad98df9cb2ba7ce1e04685e,buy,0x4cd988afbad37289baaf53c13e98e2bd46aaea8c,0x1ef9a357b1946562e2e7e4fbbdeadc93cbf64d6bd0a1fa2b5e832b4f88f80313
10,16726.670322001795,0.05103307115242747,0x47a181d57da50fadaad0cc8e0a40369098aecd8a,2017-11-02T12:38:22.000Z,0.00000305099999999999,0x037f96a2a6430376cff5cd297cc40c2554f8f7bf,sell,0x4cd988afbad37289baaf53c13e98e2bd46aaea8c,0xd552065465a7eef608dc93d23aff861505b5fb58642a1725a1d8889cb9f180c9
11,15000,0.04815,0x5daaa145804914c6c4d2cc6e051648db7d03bf60,2017-11-02T12:32:31.000Z,0.00000321,0xed97cf17871ff27fbad98df9cb2ba7ce1e04685e,buy,0x4cd988afbad37289baaf53c13e98e2bd46aaea8c,0xd1e35ca0efc07232a0cf96eb93e525afd2a10b252cb9ce6cc544b3a223fccafc
12,155.76323987538942,0.0005,0x4fda9e6bcd83af6c5cc771b5d20accc2b7720074,2017-11-02T12:17:09.000Z,0.00000321,0xed97cf17871ff27fbad98df9cb2ba7ce1e04685e,buy,0x4cd988afbad37289baaf53c13e98e2bd46aaea8c,0x802f0e800c52cf83d2a4b97c5f9380d9d52e5e8b56b14b794600e72caaf12614
13,5800,0.018618,0xc9adb337ca299ab069463d4ecd38aece8926f4e5,2017-11-02T12:12:59.000Z,0.00000321,0xed97cf17871ff27fbad98df9cb2ba7ce1e04685e,buy,0x4cd988afbad37289baaf53c13e98e2bd46aaea8c,0x9ce79852643bb3b0f924f3d25aa0836ccd42cda0d168fa77632f4f2c10b34ab6
14,452167.2550922959,1.4469352162953468,0xc839c08f9aafeeb7b751132e54c9a1d2c708cfa4,2017-11-02T12:03:27.000Z,0.0000032,0xed97cf17871ff27fbad98df9cb2ba7ce1e04685e,buy,0x4cd988afbad37289baaf53c13e98e2bd46aaea8c,0xf92b0e0eabee05cc1e94823b78f84d33e2a6ae3b2ad6261f85faea47c7100c6b
15,156.25,0.0005,0x3075f7f189912f4f425dd7021b9c396434197477,2017-11-02T12:02:30.000Z,0.0000032,0xed97cf17871ff27fbad98df9cb2ba7ce1e04685e,buy,0x4cd988afbad37289baaf53c13e98e2bd46aaea8c,0x4edde7d14de743928cccaa601bc4f2d6bd7bae2a4a45b2bb20d229f68184643f
16,93026.49490770411,0.2976847837046532,0xe3e4f4ef4ac1ff0ae714f0077c268fd33a808213,2017-11-02T12:00:21.000Z,0.0000032,0xed97cf17871ff27fbad98df9cb2ba7ce1e04685e,buy,0x4cd988afbad37289baaf53c13e98e2bd46aaea8c,0x5e32b2a9500aa1187b1ab5748c893a02aeeab509f8eb7d1786874c241cd64920
17,9000,0.0288,0xe3e4f4ef4ac1ff0ae714f0077c268fd33a808213,2017-11-02T09:38:53.000Z,0.0000032,0xed97cf17871ff27fbad98df9cb2ba7ce1e04685e,buy,0x4cd988afbad37289baaf53c13e98e2bd46aaea8c,0xed070814491624a44cdfc718b02e0310579551da74a00dfc5f858e7985799574
18,80853.657,0.24983780013,0xe3e4f4ef4ac1ff0ae714f0077c268fd33a808213,2017-11-02T09:37:30.000Z,0.00000309,0x88a93cbe428580b212bcc63b5f7f81ae249e41de,buy,0x4cd988afbad37289baaf53c13e98e2bd46aaea8c,0x50997a78953215f75d0754e85c736706723801f6b73442258fd4d2374f414f3a
19,100000,0.309,0xe3e4f4ef4ac1ff0ae714f0077c268fd33a808213,2017-11-02T09:09:01.000Z,0.00000309,0x88a93cbe428580b212bcc63b5f7f81ae249e41de,buy,0x4cd988afbad37289baaf53c13e98e2bd46aaea8c,0x6d2ca85e82c24481e66110396a3769d7278b89396efbfeecaeb2fb246f1b99a0
20,30000,0.09153,0x47a181d57da50fadaad0cc8e0a40369098aecd8a,2017-11-02T08:59:46.000Z,0.000003051,0x7dd2b7049a05c5d95db27337c144eeda1354f87b,sell,0x4cd988afbad37289baaf53c13e98e2bd46aaea8c,0x7039f5d13175bac2ee0e96263fb2bf27801a5523483830f8231462103a28abc2
21,900,0.0027459,0x47a181d57da50fadaad0cc8e0a40369098aecd8a,2017-11-02T08:30:17.000Z,0.000003051,0x7dd2b7049a05c5d95db27337c144eeda1354f87b,sell,0x4cd988afbad37289baaf53c13e98e2bd46aaea8c,0xf67f0a0fbb560b1d2286b562a09785303743bdea9adbdb532e366b8f1e9e31e9
22,5000,0.01525,0x3f103aacf41262cd789775edb8b6e5c270cf6f39,2017-11-02T08:09:37.000Z,0.00000305,0x7dd2b7049a05c5d95db27337c144eeda1354f87b,sell,0x4cd988afbad37289baaf53c13e98e2bd46aaea8c,0x71657a287bde1c353f66b2fe31bd63b33c03d77aeb4b9b75f31ffec9b74ecd04
23,120000,0.3708,0xed97cf17871ff27fbad98df9cb2ba7ce1e04685e,2017-11-02T08:04:46.000Z,0.00000309,0x88a93cbe428580b212bcc63b5f7f81ae249e41de,buy,0x4cd988afbad37289baaf53c13e98e2bd46aaea8c,0x16e5c74c62ed7ccf83035d73f31fcc7a24f61c2ca4e893a2a8b88315f7233ac7
24,801146.3425965084,2.475542198623211,0x47a181d57da50fadaad0cc8e0a40369098aecd8a,2017-11-02T07:27:17.000Z,0.00000309,0x88a93cbe428580b212bcc63b5f7f81ae249e41de,buy,0x4cd988afbad37289baaf53c13e98e2bd46aaea8c,0x6c9bfa6b6f61addc6844d3b5928cae9dc37dfd37d1e5a205b7029e6675c6f744
25,280000,0.8652,0xed97cf17871ff27fbad98df9cb2ba7ce1e04685e,2017-11-02T06:56:56.000Z,0.00000309,0x88a93cbe428580b212bcc63b5f7f81ae249e41de,buy,0x4cd988afbad37289baaf53c13e98e2bd46aaea8c,0x02d0a516d970dac5e37b2db2301739532b5b17b9a98b1127f95c0a74efc9bc32
26,70000,0.2163,0x47a181d57da50fadaad0cc8e0a40369098aecd8a,2017-11-02T06:41:49.000Z,0.00000309,0xf25f48fbab046faad7f5f845addb5532899d3600,buy,0x4cd988afbad37289baaf53c13e98e2bd46aaea8c,0x523c74b53eb421cf5e428fb7658af7595ee2dc6234a0b75ae83f09c5ecd8ebe7
27,114000,0.3477,0x3f103aacf41262cd789775edb8b6e5c270cf6f39,2017-11-02T06:17:49.000Z,0.00000305,0xed97cf17871ff27fbad98df9cb2ba7ce1e04685e,sell,0x4cd988afbad37289baaf53c13e98e2bd46aaea8c,0x58045455bcb7675d57df6b07d5253fcd6d512882b6679c1de6cac8dc3c51bb91
28,6000,0.0183,0x3f103aacf41262cd789775edb8b6e5c270cf6f39,2017-11-02T06:08:31.000Z,0.00000305,0x3f103aacf41262cd789775edb8b6e5c270cf6f39,sell,0x4cd988afbad37289baaf53c13e98e2bd46aaea8c,0xbe2a552d44c9ef057626e79c8f97d2b9f2d51783c1daba8317cac20fcd708643
29,80000,0.2472,0x3f103aacf41262cd789775edb8b6e5c270cf6f39,2017-11-02T06:05:36.000Z,0.00000309,0xf25f48fbab046faad7f5f845addb5532899d3600,buy,0x4cd988afbad37289baaf53c13e98e2bd46aaea8c,0x2605d0acd43b8891a9748a3bf2b0603efe8a74962035674be9c08426ef676408
30,14700,0.044541,0xe3b35d7bf8ba5ea0d8c6a09c59803e5566d017aa,2017-11-02T02:25:36.000Z,0.00000303,0x3f103aacf41262cd789775edb8b6e5c270cf6f39,sell,0x4cd988afbad37289baaf53c13e98e2bd46aaea8c,0x137aca24148a6e1b2b33a9f7d97153afc3b2c8773d8e534c706dc2355580392d
31,350000,1.0815,0xe3b35d7bf8ba5ea0d8c6a09c59803e5566d017aa,2017-11-02T01:20:40.000Z,0.00000309,0x88a93cbe428580b212bcc63b5f7f81ae249e41de,buy,0x4cd988afbad37289baaf53c13e98e2bd46aaea8c,0x60d85271bdbbdfcd7cde8d9f7e955e8557361c1bf9eb5acb0428222330135f88
32,158000,0.48506,0xe3b35d7bf8ba5ea0d8c6a09c59803e5566d017aa,2017-11-02T01:16:25.000Z,0.00000307,0xed97cf17871ff27fbad98df9cb2ba7ce1e04685e,buy,0x4cd988afbad37289baaf53c13e98e2bd46aaea8c,0x1b1408abb1b438e293d4751c92fccc850d6e211b6eeafb3c1d6b826b2e4a40ef
33,14000,0.04242,0xe3b35d7bf8ba5ea0d8c6a09c59803e5566d017aa,2017-11-02T00:59:07.000Z,0.00000303,0x7dd2b7049a05c5d95db27337c144eeda1354f87b,sell,0x4cd988afbad37289baaf53c13e98e2bd46aaea8c,0x2586e503d55ded91c4407a37b7ef346034bc9d319f53b3ef84740ca089db3a94
34,41000,0.12587,0x5daaa145804914c6c4d2cc6e051648db7d03bf60,2017-11-01T14:51:23.000Z,0.00000307,0xed97cf17871ff27fbad98df9cb2ba7ce1e04685e,buy,0x4cd988afbad37289baaf53c13e98e2bd46aaea8c,0x5ca7cea7993407162495f1c2e82d36d6b4f73128ccdf427f39b05e54ec62debb
35,189000,0.57267,0xe3b35d7bf8ba5ea0d8c6a09c59803e5566d017aa,2017-11-01T14:51:01.000Z,0.00000303,0xed97cf17871ff27fbad98df9cb2ba7ce1e04685e,sell,0x4cd988afbad37289baaf53c13e98e2bd46aaea8c,0x23060cbee2734bafd9ea7fbdb6b338e7b64635d601fb516c6b00db6fb748e03a
36,300,0.000909,0xe3b35d7bf8ba5ea0d8c6a09c59803e5566d017aa,2017-11-01T13:55:46.000Z,0.00000303,0xed97cf17871ff27fbad98df9cb2ba7ce1e04685e,sell,0x4cd988afbad37289baaf53c13e98e2bd46aaea8c,0x93a231d802e449495924a0bc5eb3a25571cbd5c6bdfce242bcce15a8f239e850
37,14552.257,0.04452990642,0x7dd2b7049a05c5d95db27337c144eeda1354f87b,2017-11-01T13:54:22.000Z,0.00000306,0xed97cf17871ff27fbad98df9cb2ba7ce1e04685e,sell,0x4cd988afbad37289baaf53c13e98e2bd46aaea8c,0x4693472f82bf3bde9d401782b752d57bf38d0d41ecb233f54e92d76284357677
38,12550,0.038403,0x7dd2b7049a05c5d95db27337c144eeda1354f87b,2017-11-01T13:49:08.000Z,0.00000306,0xed97cf17871ff27fbad98df9cb2ba7ce1e04685e,sell,0x4cd988afbad37289baaf53c13e98e2bd46aaea8c,0x070e0bea5ea64838472a9f904479fb5420635751fe2b8a5d45bbd0b83073cb6a
39,20000,0.0612,0x7dd2b7049a05c5d95db27337c144eeda1354f87b,2017-11-01T13:10:18.000Z,0.00000306,0xed97cf17871ff27fbad98df9cb2ba7ce1e04685e,sell,0x4cd988afbad37289baaf53c13e98e2bd46aaea8c,0x10134568cb2558e8cf76fcfe781f841f4d01619614a28a9b7bde37bb8b8c3b63
40,158000,0.48822,0xc839c08f9aafeeb7b751132e54c9a1d2c708cfa4,2017-11-01T12:19:01.000Z,0.00000309,0x88a93cbe428580b212bcc63b5f7f81ae249e41de,buy,0x4cd988afbad37289baaf53c13e98e2bd46aaea8c,0x840c306870d7d286b8339d76fa87b7631229824e40b58540947484352c28e09a
41,10000,0.0306,0x7dd2b7049a05c5d95db27337c144eeda1354f87b,2017-11-01T12:09:49.000Z,0.00000306,0x88a93cbe428580b212bcc63b5f7f81ae249e41de,sell,0x4cd988afbad37289baaf53c13e98e2bd46aaea8c,0xb17a4fc6f57082dacf18bbf15af21b68fb3d5be3957cc9d56f557618f125835d
42,360000,1.152,0x88a93cbe428580b212bcc63b5f7f81ae249e41de,2017-11-01T11:38:55.000Z,0.0000032,0xed97cf17871ff27fbad98df9cb2ba7ce1e04685e,buy,0x4cd988afbad37289baaf53c13e98e2bd46aaea8c,0x3c359e0ed28f71220f665601c418c27973a5ca3ff1579b6450728ad8d7e44060
43,8888,0.02915264,0x88a93cbe428580b212bcc63b5f7f81ae249e41de,2017-11-01T11:27:03.000Z,0.00000328,0xed97cf17871ff27fbad98df9cb2ba7ce1e04685e,buy,0x4cd988afbad37289baaf53c13e98e2bd46aaea8c,0xbf6debef7c8c2ad1986bdd55d2c4ff58c779650b57e64d0f0028b7881d1e9539
44,3500,0.0112,0x88a93cbe428580b212bcc63b5f7f81ae249e41de,2017-11-01T11:27:03.000Z,0.0000032,0xed97cf17871ff27fbad98df9cb2ba7ce1e04685e,buy,0x4cd988afbad37289baaf53c13e98e2bd46aaea8c,0x6e8142a2f445b4665faba9140e4857a2a616090aa05289e70d66b9d84054f2fd
45,15000,0.048,0xe3e4f4ef4ac1ff0ae714f0077c268fd33a808213,2017-11-01T11:11:41.000Z,0.0000032,0xed97cf17871ff27fbad98df9cb2ba7ce1e04685e,buy,0x4cd988afbad37289baaf53c13e98e2bd46aaea8c,0x7d6c46c198d0f557fa2acf0a5a98d82eb9aba9c73c15d1ec4557f863dbfb56d0
46,4000,0.01224,0x7dd2b7049a05c5d95db27337c144eeda1354f87b,2017-11-01T10:55:05.000Z,0.00000306,0xe3e4f4ef4ac1ff0ae714f0077c268fd33a808213,sell,0x4cd988afbad37289baaf53c13e98e2bd46aaea8c,0x428660b58a9b4612496cca46e6b843c160349b370e2a8fa5567d17ba16748029
47,18000,0.0576,0xe3b35d7bf8ba5ea0d8c6a09c59803e5566d017aa,2017-11-01T10:42:43.000Z,0.0000032,0xed97cf17871ff27fbad98df9cb2ba7ce1e04685e,buy,0x4cd988afbad37289baaf53c13e98e2bd46aaea8c,0x2858999ff4594f4d75068a46bdb4a1c5ab4adb0ecc920f5ea9ad56f0cd8b431c
48,205084.45058639423,0.6275584187943664,0x7dd2b7049a05c5d95db27337c144eeda1354f87b,2017-11-01T09:05:08.000Z,0.00000305999999999999,0x1f88226d0ae261a2b08e31647947f2911125a3bb,sell,0x4cd988afbad37289baaf53c13e98e2bd46aaea8c,0x40dd99b57cfb13798ac231beaea9ff6ef4868711e9ec1debd771a0c501379016
49,143888,0.44461392,0x7dd2b7049a05c5d95db27337c144eeda1354f87b,2017-11-01T09:03:33.000Z,0.00000309,0x1f88226d0ae261a2b08e31647947f2911125a3bb,sell,0x4cd988afbad37289baaf53c13e98e2bd46aaea8c,0x4e54a08fce7bb19c67cf43158f8cf023a29183af00a2abe079c78133898b36ef
50,7800,0.024102,0x7dd2b7049a05c5d95db27337c144eeda1354f87b,2017-11-01T09:01:56.000Z,0.00000309,0xed97cf17871ff27fbad98df9cb2ba7ce1e04685e,sell,0x4cd988afbad37289baaf53c13e98e2bd46aaea8c,0x128bebd17e999428bbfe47461f2b2223dee15a659fcc8138dcaa3a280e4bc733
51,178445.06096311283,0.5585330408145432,0xe3b35d7bf8ba5ea0d8c6a09c59803e5566d017aa,2017-11-01T09:00:24.000Z,0.00000312999999999999,0xed97cf17871ff27fbad98df9cb2ba7ce1e04685e,sell,0x4cd988afbad37289baaf53c13e98e2bd46aaea8c,0x7d152852c96a5725a1df1b688f118a5b2a86267ead126cf2807f4d921a799004
52,800,0.00256,0xe3e4f4ef4ac1ff0ae714f0077c268fd33a808213,2017-11-01T08:34:16.000Z,0.0000032,0xed97cf17871ff27fbad98df9cb2ba7ce1e04685e,buy,0x4cd988afbad37289baaf53c13e98e2bd46aaea8c,0xbf10f7800884a8dc86274143e8bae1ad7fc37f9cbf91138229aacbadffedf44b
53,409650,1.2903975,0x3fecbde3bb7ade1afee2e6acb4a0131e423c7453,2017-11-01T08:21:01.000Z,0.00000315,0xed97cf17871ff27fbad98df9cb2ba7ce1e04685e,buy,0x4cd988afbad37289baaf53c13e98e2bd46aaea8c,0x81e88f19ccdffb0d80e8d8acfbb6beb01db20f45282138c9d577cd4e0435502c
54,15000,0.04695,0xe3b35d7bf8ba5ea0d8c6a09c59803e5566d017aa,2017-11-01T06:35:04.000Z,0.00000313,0xed97cf17871ff27fbad98df9cb2ba7ce1e04685e,sell,0x4cd988afbad37289baaf53c13e98e2bd46aaea8c,0x0ef7c7d6f6ffad24dc4fb1ba429993bd6f77fdd33ba17694e1988fd3c8b76d28
55,267000,0.84105,0x3f103aacf41262cd789775edb8b6e5c270cf6f39,2017-11-01T06:18:52.000Z,0.00000315,0xed97cf17871ff27fbad98df9cb2ba7ce1e04685e,buy,0x4cd988afbad37289baaf53c13e98e2bd46aaea8c,0xe44ac5ca0c4fedb91fd9361b4ef0d688038bdcecb7b347175d68cd20d3e9751b
56,3000,0.00927,0x7dd2b7049a05c5d95db27337c144eeda1354f87b,2017-11-01T04:48:11.000Z,0.00000309,0xc9adb337ca299ab069463d4ecd38aece8926f4e5,sell,0x4cd988afbad37289baaf53c13e98e2bd46aaea8c,0xe40cb124d2a0eb9a807f03a7a8381aee27ade961423b70d155ac6def7d0e3fcc
57,80008,0.25042504,0xe3b35d7bf8ba5ea0d8c6a09c59803e5566d017aa,2017-11-01T04:47:29.000Z,0.00000313,0xc9adb337ca299ab069463d4ecd38aece8926f4e5,sell,0x4cd988afbad37289baaf53c13e98e2bd46aaea8c,0x80f7455fd94ee856e0f465f582f142b599dfcaa163223edc7196265572de8989
58,50050,0.16016,0x5daaa145804914c6c4d2cc6e051648db7d03bf60,2017-11-01T03:26:02.000Z,0.0000032,0xed97cf17871ff27fbad98df9cb2ba7ce1e04685e,buy,0x4cd988afbad37289baaf53c13e98e2bd46aaea8c,0x7574910aa82d67fa791762621d351b80ae0ed61cc5646530dba91ed26133418d
59,200000,0.64,0x5daaa145804914c6c4d2cc6e051648db7d03bf60,2017-11-01T03:20:17.000Z,0.0000032,0xed97cf17871ff27fbad98df9cb2ba7ce1e04685e,buy,0x4cd988afbad37289baaf53c13e98e2bd46aaea8c,0x6080546f337711dcc7224fb3b00e791c46e56de85eb6d90fb055720e8f3c1baf
60,100000,0.313,0xe3b35d7bf8ba5ea0d8c6a09c59803e5566d017aa,2017-11-01T03:19:13.000Z,0.00000313,0x3fecbde3bb7ade1afee2e6acb4a0131e423c7453,sell,0x4cd988afbad37289baaf53c13e98e2bd46aaea8c,0xd4b055e951deb12b4c655e97fd3153dd36c9dc4be55d78588acb731f55fd6438
61,309046.93903688714,0.9673169191854568,0xe3b35d7bf8ba5ea0d8c6a09c59803e5566d017aa,2017-11-01T03:09:05.000Z,0.00000312999999999999,0x7ceec637ab35e88cabe6607eb97935ad2bb5da74,sell,0x4cd988afbad37289baaf53c13e98e2bd46aaea8c,0xb9da9de05037e18270c0053564fc6370ef3ec63067f930e992a85026a89d27fd
62,90000,0.288,0x5daaa145804914c6c4d2cc6e051648db7d03bf60,2017-11-01T02:46:22.000Z,0.0000032,0xed97cf17871ff27fbad98df9cb2ba7ce1e04685e,buy,0x4cd988afbad37289baaf53c13e98e2bd46aaea8c,0xf11054ffabc665f0a77b1b1a9b728138cdc9a7c8cc9736314416d78f035743eb
63,98000,0.3136,0x5daaa145804914c6c4d2cc6e051648db7d03bf60,2017-11-01T02:20:44.000Z,0.0000032,0xed97cf17871ff27fbad98df9cb2ba7ce1e04685e,buy,0x4cd988afbad37289baaf53c13e98e2bd46aaea8c,0x2d9ed91e3ee06fdbccc3f8c6c3883eb456bf006f66e77b7d1ca606cc2b21c100
64,296000,0.92648,0xe3b35d7bf8ba5ea0d8c6a09c59803e5566d017aa,2017-11-01T02:17:39.000Z,0.00000313,0xe3e4f4ef4ac1ff0ae714f0077c268fd33a808213,sell,0x4cd988afbad37289baaf53c13e98e2bd46aaea8c,0x730336481f1c9e477fe39145f8bf93e862b1bf2243e4e6bdcc29701158e148c2
65,2450,0.007595,0xe3b75e65a0200342b6c7eaa6cba0481501111f35,2017-11-01T01:52:51.000Z,0.0000031,0xed97cf17871ff27fbad98df9cb2ba7ce1e04685e,sell,0x4cd988afbad37289baaf53c13e98e2bd46aaea8c,0xe8357033ba29d8c7c14e2662af413a1e93315b05efeb4ee12bcc0cde120a7db4
66,34000,0.11152,0xc839c08f9aafeeb7b751132e54c9a1d2c708cfa4,2017-11-01T01:04:14.000Z,0.00000328,0xed97cf17871ff27fbad98df9cb2ba7ce1e04685e,buy,0x4cd988afbad37289baaf53c13e98e2bd46aaea8c,0xfaba7543b74a1ee7e98aa6f93c92a51ba387d4fb4e72ee48b04959db78aec50a
67,795,0.0024645,0x7dd2b7049a05c5d95db27337c144eeda1354f87b,2017-11-01T00:56:50.000Z,0.0000031,0xed97cf17871ff27fbad98df9cb2ba7ce1e04685e,sell,0x4cd988afbad37289baaf53c13e98e2bd46aaea8c,0x9e72150f40a5800d3e812d4f2378bcd46dea33635b677282bddf28c452890631
68,187905,0.5825055,0x7dd2b7049a05c5d95db27337c144eeda1354f87b,2017-10-31T17:09:43.000Z,0.0000031,0xed97cf17871ff27fbad98df9cb2ba7ce1e04685e,sell,0x4cd988afbad37289baaf53c13e98e2bd46aaea8c,0x7202f8d30133b3a8bff1c90e9319ea3b0e6e340379e2be527f44d5b4cf0b62f6
69,0.1967304151109756,0.000000645275761564,0xe3e4f4ef4ac1ff0ae714f0077c268fd33a808213,2017-10-31T17:04:05.000Z,0.00000328,0xed97cf17871ff27fbad98df9cb2ba7ce1e04685e,buy,0x4cd988afbad37289baaf53c13e98e2bd46aaea8c,0x77e812d0abc58b6a1d707360c29fe5dac7b8b4af2aba4048b349f9ae7aba9bfd
70,28000,0.0868,0x7dd2b7049a05c5d95db27337c144eeda1354f87b,2017-10-31T15:14:57.000Z,0.0000031,0xd5738e30a526bce278bff00b5f32db79ba138d7e,sell,0x4cd988afbad37289baaf53c13e98e2bd46aaea8c,0xce7bc6e2961ae0f1d5949b3dca9246228bb21a3808a5972c61dc0a899d3c88fa
71,96000,0.31488,0x47dc26367828fecef504b1e23e1701c5c9b72e1f,2017-10-31T15:13:41.000Z,0.00000328,0xed97cf17871ff27fbad98df9cb2ba7ce1e04685e,buy,0x4cd988afbad37289baaf53c13e98e2bd46aaea8c,0x71eba68c8c4f4e6c2d998d3e50decab4a264d402957a68054ef2871237c61517
72,1000,0.00328,0x3f103aacf41262cd789775edb8b6e5c270cf6f39,2017-10-31T14:18:17.000Z,0.00000328,0xed97cf17871ff27fbad98df9cb2ba7ce1e04685e,buy,0x4cd988afbad37289baaf53c13e98e2bd46aaea8c,0x0fc7c4f82ee43aa4b80682e5dd1e8a8cf8d5920ec66e921567cac24778a1a049
73,200000,0.638,0x3f103aacf41262cd789775edb8b6e5c270cf6f39,2017-10-31T14:02:56.000Z,0.00000319,0x5daaa145804914c6c4d2cc6e051648db7d03bf60,buy,0x4cd988afbad37289baaf53c13e98e2bd46aaea8c,0xdcc6091ce89c4deed7fb2c82d09f2bf7aa975f73663ba29b247fea62e5e3252c
74,5000,0.0164,0x3f103aacf41262cd789775edb8b6e5c270cf6f39,2017-10-31T14:02:13.000Z,0.00000328,0xed97cf17871ff27fbad98df9cb2ba7ce1e04685e,buy,0x4cd988afbad37289baaf53c13e98e2bd46aaea8c,0x3f55b027727e2d1400693348537e19e1434ebe87117eb339fdd64e43c0b1417c
75,196000,0.62524,0x3f103aacf41262cd789775edb8b6e5c270cf6f39,2017-10-31T13:58:33.000Z,0.00000319,0x5daaa145804914c6c4d2cc6e051648db7d03bf60,buy,0x4cd988afbad37289baaf53c13e98e2bd46aaea8c,0xf7f53f07a9f45311dd1c16fe03aff34b82d12b18b20a2991a7a69339963d7fef
76,3300,0.01023,0x7dd2b7049a05c5d95db27337c144eeda1354f87b,2017-10-31T13:23:19.000Z,0.0000031,0xc839c08f9aafeeb7b751132e54c9a1d2c708cfa4,sell,0x4cd988afbad37289baaf53c13e98e2bd46aaea8c,0xd855e0b555f3bd7d98d15ecc60ef049889da052c80cdc7e810082e258ae6f4c2
77,439999.99954906915,1.3771999985885863,0x4a508f1c2303642813186cbaf5a1e8df96f20a74,2017-10-31T13:16:32.000Z,0.00000312999999999999,0xc839c08f9aafeeb7b751132e54c9a1d2c708cfa4,sell,0x4cd988afbad37289baaf53c13e98e2bd46aaea8c,0x7f3af4d35d696ae47148707367622e5c9b907849dbde8846912e051a222dd1d5
78,9757.863,0.03054211119,0x4a508f1c2303642813186cbaf5a1e8df96f20a74,2017-10-31T13:12:49.000Z,0.00000313,0xc839c08f9aafeeb7b751132e54c9a1d2c708cfa4,sell,0x4cd988afbad37289baaf53c13e98e2bd46aaea8c,0x27857945c66fd8b6896fab57704e8dc2b1181a0515a596ac8bf0fe3b73f714e3
79,39000,0.12441,0x7dd2b7049a05c5d95db27337c144eeda1354f87b,2017-10-31T12:18:23.000Z,0.00000319,0x5daaa145804914c6c4d2cc6e051648db7d03bf60,buy,0x4cd988afbad37289baaf53c13e98e2bd46aaea8c,0x2d0c9d938b8dc5bd1aa2902ba6b0268d30f64841456d8f0ce99b26671f0b1164
80,1333,0.00417229,0x4a508f1c2303642813186cbaf5a1e8df96f20a74,2017-10-31T12:07:17.000Z,0.00000313,0xed97cf17871ff27fbad98df9cb2ba7ce1e04685e,sell,0x4cd988afbad37289baaf53c13e98e2bd46aaea8c,0x114b78bbf396a6b33506853bad7ee27d36bd07499e73f5ae09a0d70f0faeab6d
81,124000,0.3906,0x4a508f1c2303642813186cbaf5a1e8df96f20a74,2017-10-31T12:02:16.000Z,0.00000315,0xed97cf17871ff27fbad98df9cb2ba7ce1e04685e,sell,0x4cd988afbad37289baaf53c13e98e2bd46aaea8c,0x4fdf8642ebc524b57e4fc1ddf91a9202baabb5dbb44fc109ef89a3ed02e92e38
82,13000,0.04095,0x4a508f1c2303642813186cbaf5a1e8df96f20a74,2017-10-31T11:50:12.000Z,0.00000315,0xed97cf17871ff27fbad98df9cb2ba7ce1e04685e,sell,0x4cd988afbad37289baaf53c13e98e2bd46aaea8c,0xab550e2c3424e7116dc957e34848110e89c238caaffd28e53dfe3a8317f71182
83,60000,0.1968,0x4a508f1c2303642813186cbaf5a1e8df96f20a74,2017-10-31T10:46:49.000Z,0.00000328,0xed97cf17871ff27fbad98df9cb2ba7ce1e04685e,buy,0x4cd988afbad37289baaf53c13e98e2bd46aaea8c,0x7e7e9255fdf08d1cebb12e04982665f25c4897a1bd0dec280542690018682bf4
84,167000,0.52271,0x4a508f1c2303642813186cbaf5a1e8df96f20a74,2017-10-31T10:44:12.000Z,0.00000313,0xc9adb337ca299ab069463d4ecd38aece8926f4e5,sell,0x4cd988afbad37289baaf53c13e98e2bd46aaea8c,0xb05402dad7556e1d7d0a7f2ab5bbdca3ad8624708ce092cec1ace34d72e16f10
85,106088,0.33523808,0x7dd2b7049a05c5d95db27337c144eeda1354f87b,2017-10-31T10:42:38.000Z,0.00000316,0xc9adb337ca299ab069463d4ecd38aece8926f4e5,sell,0x4cd988afbad37289baaf53c13e98e2bd46aaea8c,0x9bebca586b296cd8b54957c8686a6fb95ce9cefdf1648fba915bbc6103217f54
86,190000,0.6232,0xa2312851d68b8f40df119f1b63f95e7600d6fd98,2017-10-31T07:00:54.000Z,0.00000328,0xed97cf17871ff27fbad98df9cb2ba7ce1e04685e,buy,0x4cd988afbad37289baaf53c13e98e2bd46aaea8c,0xa4fd0667041afe96790d03ff63bf342b5584cd788a7aeb2a4674ef2c7d0132d8
87,58000,0.18328,0x7dd2b7049a05c5d95db27337c144eeda1354f87b,2017-10-31T05:02:52.000Z,0.00000316,0xc9adb337ca299ab069463d4ecd38aece8926f4e5,sell,0x4cd988afbad37289baaf53c13e98e2bd46aaea8c,0x20b0494efb565be4518aaecd4e13c57fc901667a67b422caf6dbac6633ffaa3e
88,250794.9039331869,0.8000357435468661,0x4a508f1c2303642813186cbaf5a1e8df96f20a74,2017-10-31T04:59:43.000Z,0.00000318999999999999,0xc9adb337ca299ab069463d4ecd38aece8926f4e5,sell,0x4cd988afbad37289baaf53c13e98e2bd46aaea8c,0x746abdc2c423e30d0f8af64be42e5a1e59b1b36e3f71f5faeb1e064ac48c991d
89,135.0960668131107,0.000430956453133823,0x4a508f1c2303642813186cbaf5a1e8df96f20a74,2017-10-31T04:50:53.000Z,0.00000318999999999999,0xe444a40689f51f63bcd29910622035707d533d29,sell,0x4cd988afbad37289baaf53c13e98e2bd46aaea8c,0xd74462a028371a7f2dd869fda6cd518cf5df79f30cd1cd74d2168c09607c2070
90,195070,0.6222733,0x4a508f1c2303642813186cbaf5a1e8df96f20a74,2017-10-31T04:17:02.000Z,0.00000319,0xc9adb337ca299ab069463d4ecd38aece8926f4e5,sell,0x4cd988afbad37289baaf53c13e98e2bd46aaea8c,0xc813bfbf905ddfb25d6db3c2b9a1f30f345d4d5ac01e2ed4fe73e9a41302cf6f
91,111000,0.36408,0x5daaa145804914c6c4d2cc6e051648db7d03bf60,2017-10-31T04:08:36.000Z,0.00000328,0xed97cf17871ff27fbad98df9cb2ba7ce1e04685e,buy,0x4cd988afbad37289baaf53c13e98e2bd46aaea8c,0xd7c28c37af615eb3435313eeddca49bc996de9e9ac6f77c9ac08bfced3ada669
92,1955.5169680484184,0.006472761164240265,0xe3e4f4ef4ac1ff0ae714f0077c268fd33a808213,2017-10-31T03:32:58.000Z,0.00000331,0xed97cf17871ff27fbad98df9cb2ba7ce1e04685e,buy,0x4cd988afbad37289baaf53c13e98e2bd46aaea8c,0x5351c8eb0d78c8fcb4e93add228a0282899585f4ceef35cfc19fa1e25392d3b2
93,5500,0.01804,0xe3e4f4ef4ac1ff0ae714f0077c268fd33a808213,2017-10-31T02:56:02.000Z,0.00000328,0xed97cf17871ff27fbad98df9cb2ba7ce1e04685e,buy,0x4cd988afbad37289baaf53c13e98e2bd46aaea8c,0xe7f3ea02ae1dbcfbba1ec8052e0e7b94d5b359be1aabd7ea0ebf5e8d9d075516
94,334000,1.06546,0x4a508f1c2303642813186cbaf5a1e8df96f20a74,2017-10-31T02:53:54.000Z,0.00000319,0xed97cf17871ff27fbad98df9cb2ba7ce1e04685e,sell,0x4cd988afbad37289baaf53c13e98e2bd46aaea8c,0x64dec0cb8d05c3f5baf0b10d04b591a8633d89f11e1774e3ca18041e3cfdf929
95,24800,0.078368,0x7dd2b7049a05c5d95db27337c144eeda1354f87b,2017-10-31T01:52:53.000Z,0.00000316,0xed97cf17871ff27fbad98df9cb2ba7ce1e04685e,sell,0x4cd988afbad37289baaf53c13e98e2bd46aaea8c,0x67f8d3bf72074b8788933c44678cc4734ea99e828edf2da1345d2543c6945803
96,60000,0.192,0x7dd2b7049a05c5d95db27337c144eeda1354f87b,2017-10-31T01:40:43.000Z,0.0000032,0x88a93cbe428580b212bcc63b5f7f81ae249e41de,sell,0x4cd988afbad37289baaf53c13e98e2bd46aaea8c,0x9326493f87cc05d8a84e848552376e24669cf49840401539b25a7bbe857be30c
97,120000.745,0.3864023989,0x47dc26367828fecef504b1e23e1701c5c9b72e1f,2017-10-31T01:33:53.000Z,0.00000322,0x88a93cbe428580b212bcc63b5f7f81ae249e41de,sell,0x4cd988afbad37289baaf53c13e98e2bd46aaea8c,0xd8654bb554b5ce996231abe7e3a57f61b576eaec5018acc33d15afbc3bb45e4e
98,10000,0.0331,0x3f103aacf41262cd789775edb8b6e5c270cf6f39,2017-10-31T01:19:37.000Z,0.00000331,0xed97cf17871ff27fbad98df9cb2ba7ce1e04685e,buy,0x4cd988afbad37289baaf53c13e98e2bd46aaea8c,0x63e97696cf863e2ce95cdbc32fc8ba868ba3166fbf6bd7d1ce4803740e4b6586
99,7619,0.02453318,0x47dc26367828fecef504b1e23e1701c5c9b72e1f,2017-10-31T01:02:22.000Z,0.00000322,0xe3e4f4ef4ac1ff0ae714f0077c268fd33a808213,sell,0x4cd988afbad37289baaf53c13e98e2bd46aaea8c,0x76f2e10c9b2dbfcb40c7592eda0215e2780b9e2d4aa8564a24be3c1dce51b131
100,53000,0.17066,0x47dc26367828fecef504b1e23e1701c5c9b72e1f,2017-10-31T00:55:51.000Z,0.00000322,0xed97cf17871ff27fbad98df9cb2ba7ce1e04685e,sell,0x4cd988afbad37289baaf53c13e98e2bd46aaea8c,0xc7b46ce3b53d1444ae3c0eab74b39a62e2caa3ea8db4924c5872767710a79541
101,1900,0.006289,0x5daaa145804914c6c4d2cc6e051648db7d03bf60,2017-10-31T00:53:53.000Z,0.00000331,0xed97cf17871ff27fbad98df9cb2ba7ce1e04685e,buy,0x4cd988afbad37289baaf53c13e98e2bd46aaea8c,0x77937443bbaef79327648a57d057e8ca1a30428d89ab906c35f1519e0b25ebf5
102,13.913601958144685,0.000044801798305225,0x47dc26367828fecef504b1e23e1701c5c9b72e1f,2017-10-30T20:30:34.000Z,0.00000321999999999993,0x967e5a1610575e15ea2b27822ac32dbeaee098dd,sell,0x4cd988afbad37289baaf53c13e98e2bd46aaea8c,0x9738ba1d0710942e7946e9ab6a4b88597559561d0476def65b8a6b762920361e
103,139567.34124214933,0.4494068387997209,0x47dc26367828fecef504b1e23e1701c5c9b72e1f,2017-10-30T20:21:49.000Z,0.00000321999999999999,0x967e5a1610575e15ea2b27822ac32dbeaee098dd,sell,0x4cd988afbad37289baaf53c13e98e2bd46aaea8c,0x17d04b0ed161528e61dd7fdece26d569a7615ba8c49e8df2675c09bda38cf5a8
104,155000,0.51305,0x5daaa145804914c6c4d2cc6e051648db7d03bf60,2017-10-30T16:19:59.000Z,0.00000331,0xed97cf17871ff27fbad98df9cb2ba7ce1e04685e,buy,0x4cd988afbad37289baaf53c13e98e2bd46aaea8c,0x82776d672283f30c323d6fc4f7285f990eee6dab26a4ad0fb1f0cb9ba39cccbd
105,39800,0.128156,0x47dc26367828fecef504b1e23e1701c5c9b72e1f,2017-10-30T16:19:27.000Z,0.00000322,0xe3b35d7bf8ba5ea0d8c6a09c59803e5566d017aa,sell,0x4cd988afbad37289baaf53c13e98e2bd46aaea8c,0xff568aa93b7d5d9dc13c56df69ac377a424164ffcf525635d9cb8aab4489fa74
106,9999,0.03219678,0x47dc26367828fecef504b1e23e1701c5c9b72e1f,2017-10-30T16:07:25.000Z,0.00000322,0xe3b35d7bf8ba5ea0d8c6a09c59803e5566d017aa,sell,0x4cd988afbad37289baaf53c13e98e2bd46aaea8c,0x5835ec4572f170f8d4112fe108836e0acc1d3bffd03b539cac2e9c84233a8d67
107,18700,0.061897,0x4a508f1c2303642813186cbaf5a1e8df96f20a74,2017-10-30T15:56:16.000Z,0.00000331,0xed97cf17871ff27fbad98df9cb2ba7ce1e04685e,buy,0x4cd988afbad37289baaf53c13e98e2bd46aaea8c,0x0ba73d3462ead5be830ac0504ce71c83d546be3d1f7665bef65a3fa8050cb014
108,125846,0.41151642,0x3fecbde3bb7ade1afee2e6acb4a0131e423c7453,2017-10-30T15:15:52.000Z,0.00000327,0x47dc26367828fecef504b1e23e1701c5c9b72e1f,sell,0x4cd988afbad37289baaf53c13e98e2bd46aaea8c,0x36307d09b294fa2d9bd76b83407793a124cfd209bd6029e2e30215b20392b433
109,162437.23217343865,0.5376672384940819,0xe3e4f4ef4ac1ff0ae714f0077c268fd33a808213,2017-10-30T15:02:18.000Z,0.00000331,0xed97cf17871ff27fbad98df9cb2ba7ce1e04685e,buy,0x4cd988afbad37289baaf53c13e98e2bd46aaea8c,0xe3be10a56ad3031ca1a0e5f034074953056cc6d9bb8317d069adaa4855d9e604
110,39880,0.1304076,0x3fecbde3bb7ade1afee2e6acb4a0131e423c7453,2017-10-30T14:30:34.000Z,0.00000327,0x273a5d3e6721b9f5c1a6474f560c1334c63dda01,sell,0x4cd988afbad37289baaf53c13e98e2bd46aaea8c,0x3d575cfd07a4646908bf036ab2cfde8b7df3469d46776f65bb7039cbb3b954a4
111,40000,0.128,0x273a5d3e6721b9f5c1a6474f560c1334c63dda01,2017-10-30T14:30:34.000Z,0.0000032,0xe386eebeb7212bad789a000f57701c15197610e1,buy,0x4cd988afbad37289baaf53c13e98e2bd46aaea8c,0x3d575cfd07a4646908bf036ab2cfde8b7df3469d46776f65bb7039cbb3b954a4
112,67474,0.22063998,0x3fecbde3bb7ade1afee2e6acb4a0131e423c7453,2017-10-30T14:07:22.000Z,0.00000327,0xed97cf17871ff27fbad98df9cb2ba7ce1e04685e,sell,0x4cd988afbad37289baaf53c13e98e2bd46aaea8c,0x32adf71b3f06c6cf564cd8f0f4bce11062f31fb813ef7f2beee5624e72fd0e98
113,67474,0.22063998,0x3fecbde3bb7ade1afee2e6acb4a0131e423c7453,2017-10-30T14:06:37.000Z,0.00000327,0xed97cf17871ff27fbad98df9cb2ba7ce1e04685e,sell,0x4cd988afbad37289baaf53c13e98e2bd46aaea8c,0x32adf71b3f06c6cf564cd8f0f4bce11062f31fb813ef7f2beee5624e72fd0e98
114,40000,0.1352,0xe386eebeb7212bad789a000f57701c15197610e1,2017-10-30T13:54:48.000Z,0.00000338,0xe3b35d7bf8ba5ea0d8c6a09c59803e5566d017aa,buy,0x4cd988afbad37289baaf53c13e98e2bd46aaea8c,0xf4abd248464607c39e2e6e6a49b9330eac851489c44e33185185c02bc91e732a
115,237700,0.803426,0x88a93cbe428580b212bcc63b5f7f81ae249e41de,2017-10-30T13:41:43.000Z,0.00000338,0xe3b35d7bf8ba5ea0d8c6a09c59803e5566d017aa,buy,0x4cd988afbad37289baaf53c13e98e2bd46aaea8c,0x54acb967def9b03a76643d5ffe0aeb8be4d14973d48893048993f9e114606782
116,30000,0.1014,0x88a93cbe428580b212bcc63b5f7f81ae249e41de,2017-10-30T13:15:27.000Z,0.00000338,0xe3b35d7bf8ba5ea0d8c6a09c59803e5566d017aa,buy,0x4cd988afbad37289baaf53c13e98e2bd46aaea8c,0x2ab8c27f6c6689b10fbd21d756cb6bf9c2ce8d031caac2078028321f29e402c9
117,9800,0.032046,0x3fecbde3bb7ade1afee2e6acb4a0131e423c7453,2017-10-30T13:05:50.000Z,0.00000327,0xed97cf17871ff27fbad98df9cb2ba7ce1e04685e,sell,0x4cd988afbad37289baaf53c13e98e2bd46aaea8c,0x348dc818ebbf6455bbfdd4bf2ea3389d35b1a4acb19bd18e766c7278fc5c3935
118,123929.033,0.4089658089,0xe3e4f4ef4ac1ff0ae714f0077c268fd33a808213,2017-10-30T12:40:10.000Z,0.0000033,0x7dd2b7049a05c5d95db27337c144eeda1354f87b,sell,0x4cd988afbad37289baaf53c13e98e2bd46aaea8c,0xafc334f09fa49bfb346c0160ceae06fc273c415c14cc014531fc6caf7fb459f2
119,35171.96690260193,0.11606749077858639,0xe3e4f4ef4ac1ff0ae714f0077c268fd33a808213,2017-10-30T12:22:17.000Z,0.00000329999999999999,0x4a508f1c2303642813186cbaf5a1e8df96f20a74,sell,0x4cd988afbad37289baaf53c13e98e2bd46aaea8c,0xc0bc3107c724755c197c11708a5aec5efd704d507ed32378a89c35c61dc45d60
120,12000,0.04056,0x5daaa145804914c6c4d2cc6e051648db7d03bf60,2017-10-30T12:13:44.000Z,0.00000338,0xe3b35d7bf8ba5ea0d8c6a09c59803e5566d017aa,buy,0x4cd988afbad37289baaf53c13e98e2bd46aaea8c,0x449c25c9c0adcfc961f15103ce22a9b2dde52550dfd392e5f9fcd610b64f6da2
121,60000,0.198,0xe3e4f4ef4ac1ff0ae714f0077c268fd33a808213,2017-10-30T12:03:42.000Z,0.0000033,0x5daaa145804914c6c4d2cc6e051648db7d03bf60,sell,0x4cd988afbad37289baaf53c13e98e2bd46aaea8c,0x43e9b2f8bee43132d3e75fff3d207b3fd1aabd9df6fa719b180dfcb97ef99695
122,180000,0.6084,0xed97cf17871ff27fbad98df9cb2ba7ce1e04685e,2017-10-30T11:58:35.000Z,0.00000338,0xe3b35d7bf8ba5ea0d8c6a09c59803e5566d017aa,buy,0x4cd988afbad37289baaf53c13e98e2bd46aaea8c,0xe397632b17e643c650ecceec9b2e4ed64205bef544b2e7406e0342f90011f786
123,999,0.0032967,0xe3e4f4ef4ac1ff0ae714f0077c268fd33a808213,2017-10-30T11:52:18.000Z,0.0000033,0xed97cf17871ff27fbad98df9cb2ba7ce1e04685e,sell,0x4cd988afbad37289baaf53c13e98e2bd46aaea8c,0x5c8758ecc730133d17b29b933c8eae4089df8ede842562a8d3f9f8fb9b3b3fad
124,10000,0.033,0xe3e4f4ef4ac1ff0ae714f0077c268fd33a808213,2017-10-30T11:31:14.000Z,0.0000033,0xed97cf17871ff27fbad98df9cb2ba7ce1e04685e,sell,0x4cd988afbad37289baaf53c13e98e2bd46aaea8c,0xa2b8a76400e578cc2d9297813f99c2922484d947170004a262350976bbe42029
125,210000,0.693,0xe3e4f4ef4ac1ff0ae714f0077c268fd33a808213,2017-10-30T11:15:39.000Z,0.0000033,0xed97cf17871ff27fbad98df9cb2ba7ce1e04685e,sell,0x4cd988afbad37289baaf53c13e98e2bd46aaea8c,0xe15a5b9502d6912e8f0f810ba7f0ab4263ef815cd6ee4878bc7350c3461d6412
126,900,0.00297,0xe3e4f4ef4ac1ff0ae714f0077c268fd33a808213,2017-10-30T11:14:05.000Z,0.0000033,0xed97cf17871ff27fbad98df9cb2ba7ce1e04685e,sell,0x4cd988afbad37289baaf53c13e98e2bd46aaea8c,0xce73f80b064e51efebf841572b7e4d9934f1200e5f77d37c9bb356a3d7838ccd
127,150000,0.507,0xe3e4f4ef4ac1ff0ae714f0077c268fd33a808213,2017-10-30T11:09:56.000Z,0.00000338,0xe3b35d7bf8ba5ea0d8c6a09c59803e5566d017aa,buy,0x4cd988afbad37289baaf53c13e98e2bd46aaea8c,0x3a7850d725e174029cc7435b5ac5522d5014a324e2141da9e247f6f28ff6e5df
128,8000,0.02704,0xe3e4f4ef4ac1ff0ae714f0077c268fd33a808213,2017-10-30T10:58:34.000Z,0.00000338,0xe3b35d7bf8ba5ea0d8c6a09c59803e5566d017aa,buy,0x4cd988afbad37289baaf53c13e98e2bd46aaea8c,0x0b2d9b1c5a10bd35e5086b280fa85559e47e663ec692dcff283ebef68e198875
129,180000,0.6084,0xe3b35d7bf8ba5ea0d8c6a09c59803e5566d017aa,2017-10-30T10:57:03.000Z,0.00000338,0xe3b35d7bf8ba5ea0d8c6a09c59803e5566d017aa,buy,0x4cd988afbad37289baaf53c13e98e2bd46aaea8c,0x8143f23c2bb374d8c86593fa1856a3e6bf36c756630133a53ed6e96bc9885604
130,79000,0.2607,0xe3e4f4ef4ac1ff0ae714f0077c268fd33a808213,2017-10-30T10:44:14.000Z,0.0000033,0x5daaa145804914c6c4d2cc6e051648db7d03bf60,sell,0x4cd988afbad37289baaf53c13e98e2bd46aaea8c,0xe6d064fa99cc2091020908dee42e54040a227a85198b15df926df698d4d3401d
131,30000,0.0981,0x3fecbde3bb7ade1afee2e6acb4a0131e423c7453,2017-10-30T08:44:25.000Z,0.00000327,0x7dd2b7049a05c5d95db27337c144eeda1354f87b,sell,0x4cd988afbad37289baaf53c13e98e2bd46aaea8c,0x7fcfbb4d29d06d6349dcfa714a8f2b89e66b0aa2dd6eb2b381478bb45961fbfa
132,54790,0.1851902,0x7dd2b7049a05c5d95db27337c144eeda1354f87b,2017-10-30T08:33:47.000Z,0.00000338,0xe3b35d7bf8ba5ea0d8c6a09c59803e5566d017aa,buy,0x4cd988afbad37289baaf53c13e98e2bd46aaea8c,0xc0884314511026cb108205a844af2cf6f3fdf89da20f0b897177dc2f6ca4f7ba
133,343000,1.15934,0x7dd2b7049a05c5d95db27337c144eeda1354f87b,2017-10-30T08:31:12.000Z,0.00000338,0xe3b35d7bf8ba5ea0d8c6a09c59803e5566d017aa,buy,0x4cd988afbad37289baaf53c13e98e2bd46aaea8c,0x077e216c9011e8e6b65f6423a4d9e66eb6da349c91f1807e73205ae738ebbc5e
134,5000,0.01635,0x3fecbde3bb7ade1afee2e6acb4a0131e423c7453,2017-10-30T08:20:04.000Z,0.00000327,0x47dc26367828fecef504b1e23e1701c5c9b72e1f,sell,0x4cd988afbad37289baaf53c13e98e2bd46aaea8c,0x480ecc68627041c361a895ac76d5f27e0fa0dd3026a8c106ca906328410ed7bf
135,98000,0.32438,0xed97cf17871ff27fbad98df9cb2ba7ce1e04685e,2017-10-30T08:05:01.000Z,0.00000331,0xd5738e30a526bce278bff00b5f32db79ba138d7e,sell,0x4cd988afbad37289baaf53c13e98e2bd46aaea8c,0xe04d2f930102dc51b03a5214e25c1fe18ba85d23953bd9a3d47a53295459c511
136,3000,0.00993,0xed97cf17871ff27fbad98df9cb2ba7ce1e04685e,2017-10-30T07:57:28.000Z,0.00000331,0xd5738e30a526bce278bff00b5f32db79ba138d7e,sell,0x4cd988afbad37289baaf53c13e98e2bd46aaea8c,0x17f4573062bd8760b39bb78547632cf2d4441badacecc82ad2ef5d1646fb8bc1
137,169000,0.58981,0xe3e4f4ef4ac1ff0ae714f0077c268fd33a808213,2017-10-30T07:47:58.000Z,0.00000349,0xd5738e30a526bce278bff00b5f32db79ba138d7e,sell,0x4cd988afbad37289baaf53c13e98e2bd46aaea8c,0x7ebf7fad5280235a66f999db844f7e77f8c56a0c8e38139cd40aad8d10995476
138,100000,0.349,0xe3e4f4ef4ac1ff0ae714f0077c268fd33a808213,2017-10-30T07:41:07.000Z,0.00000349,0xd5738e30a526bce278bff00b5f32db79ba138d7e,sell,0x4cd988afbad37289baaf53c13e98e2bd46aaea8c,0x4ed1ea53333203a409fd9ef192c4a6539594c66f7ede3489ab7f326a11f30000
139,51000,0.17799,0xe3e4f4ef4ac1ff0ae714f0077c268fd33a808213,2017-10-30T07:28:50.000Z,0.00000349,0x5daaa145804914c6c4d2cc6e051648db7d03bf60,sell,0x4cd988afbad37289baaf53c13e98e2bd46aaea8c,0x9f8d898b68fdd4dfe5abf689af586becef06b7db6ece9b3c4ef4c3b1326b87b4
140,101131,0.35598112,0xe3e4f4ef4ac1ff0ae714f0077c268fd33a808213,2017-10-30T07:20:29.000Z,0.00000352,0xc839c08f9aafeeb7b751132e54c9a1d2c708cfa4,sell,0x4cd988afbad37289baaf53c13e98e2bd46aaea8c,0x0bff98c81238c31e18bed0419c9370165d70e5e3a6e726896a08e612fb332070
141,56669,0.19947488,0xe3e4f4ef4ac1ff0ae714f0077c268fd33a808213,2017-10-30T07:13:41.000Z,0.00000352,0xc839c08f9aafeeb7b751132e54c9a1d2c708cfa4,sell,0x4cd988afbad37289baaf53c13e98e2bd46aaea8c,0x683386184a768b7b8487f8e874158f5267a2cd57f4b0bc5ed5d88463b185f1c4
142,1300,0.004667,0x7dd2b7049a05c5d95db27337c144eeda1354f87b,2017-10-30T07:09:26.000Z,0.00000359,0x88a93cbe428580b212bcc63b5f7f81ae249e41de,buy,0x4cd988afbad37289baaf53c13e98e2bd46aaea8c,0x566a0623fc62c4bc9c163f98c1ed1662554f13fc68d37d3bad9c92ee2cbb6256
143,52500,0.18795,0xed97cf17871ff27fbad98df9cb2ba7ce1e04685e,2017-10-30T07:08:12.000Z,0.00000358,0x88a93cbe428580b212bcc63b5f7f81ae249e41de,sell,0x4cd988afbad37289baaf53c13e98e2bd46aaea8c,0x3df4b35314da09d96110081f7cfbdca2ff38e7bf94df7081494cab37b548ea5f
144,57000,0.20406,0xed97cf17871ff27fbad98df9cb2ba7ce1e04685e,2017-10-30T06:54:34.000Z,0.00000358,0xc839c08f9aafeeb7b751132e54c9a1d2c708cfa4,sell,0x4cd988afbad37289baaf53c13e98e2bd46aaea8c,0x54d56b91d9ea86332c5bbb6ff52382c4fcf73bd3ef0aa55c27669085db88696e
145,66881.27174774083,0.24077257829186696,0xed97cf17871ff27fbad98df9cb2ba7ce1e04685e,2017-10-30T06:53:01.000Z,0.00000359999999999999,0xc839c08f9aafeeb7b751132e54c9a1d2c708cfa4,sell,0x4cd988afbad37289baaf53c13e98e2bd46aaea8c,0xbe7cdf7901a96bfcf28e086fd0942a7beb854b3ac17e7920062c1df87cbc262b
146,135.50135501355012,0.0005,0xe444a40689f51f63bcd29910622035707d533d29,2017-10-30T03:06:37.000Z,0.00000369,0x5daaa145804914c6c4d2cc6e051648db7d03bf60,buy,0x4cd988afbad37289baaf53c13e98e2bd46aaea8c,0xe1c9e956ddb00b35e37d7ca34456fabd214eef12a23db5d1bf230f979ae498fd
147,135.50135501355012,0.0005,0x34f9560c63078eb61872a4dc2ccd20e21c34feaf,2017-10-30T03:04:56.000Z,0.00000369,0x5daaa145804914c6c4d2cc6e051648db7d03bf60,buy,0x4cd988afbad37289baaf53c13e98e2bd46aaea8c,0x0561e29540ab958a291b6909720ae0e61c0b14a6ec039fb53025eec23723f34d
148,163.4440939476651,0.000588398738211594,0xed97cf17871ff27fbad98df9cb2ba7ce1e04685e,2017-10-30T02:36:07.000Z,0.00000359999999999999,0x379374d13077e8867ef31803c37baf9785a17c00,sell,0x4cd988afbad37289baaf53c13e98e2bd46aaea8c,0x7872cb2b182b28685176495027947b58f7b6c5bdf31a3fc79b19deaec3485e2d
149,160.9117128923107,0.000579282166412318,0xed97cf17871ff27fbad98df9cb2ba7ce1e04685e,2017-10-30T02:34:31.000Z,0.00000359999999999999,0x16e5d97bbc92417e051e3b2cabfbf8ceea2acb9c,sell,0x4cd988afbad37289baaf53c13e98e2bd46aaea8c,0xb4fa80657fb2d47af02f2a41a2bc07c2839563bdff3102dfc14bd749d1b17859
150,34500,0.1242,0xed97cf17871ff27fbad98df9cb2ba7ce1e04685e,2017-10-30T02:09:51.000Z,0.0000036,0xc839c08f9aafeeb7b751132e54c9a1d2c708cfa4,sell,0x4cd988afbad37289baaf53c13e98e2bd46aaea8c,0xd13453ee5c01c0de3e80d1185deaf13f1ef07efb424d850c76b2537f6a698918
151,316000,1.16604,0xe3b35d7bf8ba5ea0d8c6a09c59803e5566d017aa,2017-10-30T02:05:15.000Z,0.00000369,0x5daaa145804914c6c4d2cc6e051648db7d03bf60,buy,0x4cd988afbad37289baaf53c13e98e2bd46aaea8c,0xca5b53ae1845e43104acd4565a3988c0fafefd5c91bdd5c489f46140e765bce7
152,1500,0.00537,0xed97cf17871ff27fbad98df9cb2ba7ce1e04685e,2017-10-30T01:36:25.000Z,0.00000358,0x47dc26367828fecef504b1e23e1701c5c9b72e1f,sell,0x4cd988afbad37289baaf53c13e98e2bd46aaea8c,0x51eb9aa3070e80029382dfbf7feb4870c8e8a0a28dbebfde46cb8472007b4d40
153,30000,0.108,0xed97cf17871ff27fbad98df9cb2ba7ce1e04685e,2017-10-30T01:28:52.000Z,0.0000036,0x47dc26367828fecef504b1e23e1701c5c9b72e1f,sell,0x4cd988afbad37289baaf53c13e98e2bd46aaea8c,0x41807b36f67eb1dcf89e324973707f86420c1d4e47f9548a7705e82a1c6acde6
154,220000,0.8118,0xc839c08f9aafeeb7b751132e54c9a1d2c708cfa4,2017-10-30T01:25:17.000Z,0.00000369,0x5daaa145804914c6c4d2cc6e051648db7d03bf60,buy,0x4cd988afbad37289baaf53c13e98e2bd46aaea8c,0x7ea006d5e8edc0d9c085302ec81086894001ce4240fe9a9532888812c43ed1f6
155,350,0.00126,0xed97cf17871ff27fbad98df9cb2ba7ce1e04685e,2017-10-30T01:19:26.000Z,0.0000036,0x7dd2b7049a05c5d95db27337c144eeda1354f87b,sell,0x4cd988afbad37289baaf53c13e98e2bd46aaea8c,0xb164a018aee0ea1c558f9d839ce6927730080bc58f2ae2aa2409f44f027bbc98
156,17944.3724454192,0.06459974080350912,0xed97cf17871ff27fbad98df9cb2ba7ce1e04685e,2017-10-30T01:13:20.000Z,0.00000359999999999999,0x07dc42630e5a61a975534f54bd2baa1c6a80c81e,sell,0x4cd988afbad37289baaf53c13e98e2bd46aaea8c,0x995440d45277b5e3780da4d5f58df0dc8642be228699a0bf3064c409dd0d5c03
157,18000,0.06642,0x07dc42630e5a61a975534f54bd2baa1c6a80c81e,2017-10-30T00:15:03.000Z,0.00000369,0x5daaa145804914c6c4d2cc6e051648db7d03bf60,buy,0x4cd988afbad37289baaf53c13e98e2bd46aaea8c,0x0e03fd60ee47a90d0f38c9b7b1d53b5838847618b948ad01e8d965f055189fef
158,8000,0.0288,0xed97cf17871ff27fbad98df9cb2ba7ce1e04685e,2017-10-30T00:11:27.000Z,0.0000036,0x7dd2b7049a05c5d95db27337c144eeda1354f87b,sell,0x4cd988afbad37289baaf53c13e98e2bd46aaea8c,0xb46dd76307b2ff0cb912e1c7987eba50a6958bffdd26f99c8080d3a2161ae085
159,50000,0.176,0xe3e4f4ef4ac1ff0ae714f0077c268fd33a808213,2017-10-30T00:05:59.000Z,0.00000352,0x3f103aacf41262cd789775edb8b6e5c270cf6f39,sell,0x4cd988afbad37289baaf53c13e98e2bd46aaea8c,0xb3d3a37ef74b4672e22713f133eac19f7b67df3f792ee6c7d80974cc81dc8acc
160,18.995143136284554,0.00007009207817289,0xc9adb337ca299ab069463d4ecd38aece8926f4e5,2017-10-30T00:03:30.000Z,0.00000369,0x5daaa145804914c6c4d2cc6e051648db7d03bf60,buy,0x4cd988afbad37289baaf53c13e98e2bd46aaea8c,0xbbb651a5040515abe2cfafabae751310801f9ceb89d32037174f208f36dae19e
161,140000,0.5166,0x967e5a1610575e15ea2b27822ac32dbeaee098dd,2017-10-29T19:55:12.000Z,0.00000369,0x5daaa145804914c6c4d2cc6e051648db7d03bf60,buy,0x4cd988afbad37289baaf53c13e98e2bd46aaea8c,0xdce18bfa5a3aaa176b3560f4f43c9dcb2f96cd23f4f87278a68cde7b12fc55af
162,40000,0.1408,0xe3e4f4ef4ac1ff0ae714f0077c268fd33a808213,2017-10-29T14:44:25.000Z,0.00000352,0xd5738e30a526bce278bff00b5f32db79ba138d7e,sell,0x4cd988afbad37289baaf53c13e98e2bd46aaea8c,0x80c23e94a4ce8d9c712da9292e604fc5e5ad4fba6239a94e9476e25293b543a3
163,500000,1.845,0xd5738e30a526bce278bff00b5f32db79ba138d7e,2017-10-29T14:00:54.000Z,0.00000369,0x5daaa145804914c6c4d2cc6e051648db7d03bf60,buy,0x4cd988afbad37289baaf53c13e98e2bd46aaea8c,0xf65d617422a2a1c590bd95835db68761610bd9e5136eebbe393f64a086905285
164,221000,0.81549,0xe3e4f4ef4ac1ff0ae714f0077c268fd33a808213,2017-10-29T13:33:21.000Z,0.00000369,0x5daaa145804914c6c4d2cc6e051648db7d03bf60,buy,0x4cd988afbad37289baaf53c13e98e2bd46aaea8c,0xefe3b11f4df52b0d0acf78c468a771fb78e3885a2887d0ceae880dd4ee0b5c68
165,36332,0.13297512,0x3f103aacf41262cd789775edb8b6e5c270cf6f39,2017-10-29T13:26:23.000Z,0.00000366,0xd5738e30a526bce278bff00b5f32db79ba138d7e,buy,0x4cd988afbad37289baaf53c13e98e2bd46aaea8c,0xa78fdd6070a60cbbe39d2b2f04095a3e9ec8ad0b77f1684febabcc8614bd4386
166,300000,1.098,0x7dd2b7049a05c5d95db27337c144eeda1354f87b,2017-10-29T13:15:28.000Z,0.00000366,0xd5738e30a526bce278bff00b5f32db79ba138d7e,buy,0x4cd988afbad37289baaf53c13e98e2bd46aaea8c,0x85befff6e2e028bb02f61b415b43e9ff39dae2a6c78a6ab965cb338a77e2b4b1
167,1800,0.006588,0x7dd2b7049a05c5d95db27337c144eeda1354f87b,2017-10-29T13:09:44.000Z,0.00000366,0xd5738e30a526bce278bff00b5f32db79ba138d7e,buy,0x4cd988afbad37289baaf53c13e98e2bd46aaea8c,0xb9be3d408a8a8b3961160b69b26a183cf3f8e2f9e17146202b1ed376de5295b1
168,133868,0.46719932,0x47dc26367828fecef504b1e23e1701c5c9b72e1f,2017-10-29T13:06:29.000Z,0.00000349,0xc839c08f9aafeeb7b751132e54c9a1d2c708cfa4,sell,0x4cd988afbad37289baaf53c13e98e2bd46aaea8c,0x852b86b07afa489c6c9f4e2475e95792776b1a5f289b8d5b25fecbfa38a49fd6
169,24000,0.08376,0x47dc26367828fecef504b1e23e1701c5c9b72e1f,2017-10-29T12:53:13.000Z,0.00000349,0xc839c08f9aafeeb7b751132e54c9a1d2c708cfa4,sell,0x4cd988afbad37289baaf53c13e98e2bd46aaea8c,0x8fd7f4b723d6858ec4f808957ae6dfb7395812a572b4c49493c211a3728706db
170,300,0.001035,0x8d7138841f7f1ada08f4f19aba9940cc5570381f,2017-10-29T12:43:47.000Z,0.00000345,0xc839c08f9aafeeb7b751132e54c9a1d2c708cfa4,sell,0x4cd988afbad37289baaf53c13e98e2bd46aaea8c,0xa0b72265fac2fe35747cafa11fd2c991d64baf45b727cf71e170c3291dd32926
171,50000,0.1745,0x47dc26367828fecef504b1e23e1701c5c9b72e1f,2017-10-29T12:25:31.000Z,0.00000349,0xc839c08f9aafeeb7b751132e54c9a1d2c708cfa4,sell,0x4cd988afbad37289baaf53c13e98e2bd46aaea8c,0x4462c6333ba19e6f9f7bf5bb12548a950d116883d53af3c55311b0d289bdd211
172,130000,0.4537,0x47dc26367828fecef504b1e23e1701c5c9b72e1f,2017-10-29T12:20:32.000Z,0.00000349,0xc839c08f9aafeeb7b751132e54c9a1d2c708cfa4,sell,0x4cd988afbad37289baaf53c13e98e2bd46aaea8c,0x376201427b82a94f2cdf5f53f4a5ed8b5e4fd1fc3af195aad89b52f023d6b8f4
173,82000,0.2911,0x5daaa145804914c6c4d2cc6e051648db7d03bf60,2017-10-29T12:20:06.000Z,0.00000355,0xc839c08f9aafeeb7b751132e54c9a1d2c708cfa4,sell,0x4cd988afbad37289baaf53c13e98e2bd46aaea8c,0x87ed7e9a3a64b3f1a55ff70f7b5d1aecc27cbf274ab5503dded8e6fa4963c64f
174,5000,0.01775,0x5daaa145804914c6c4d2cc6e051648db7d03bf60,2017-10-29T12:17:08.000Z,0.00000355,0xc839c08f9aafeeb7b751132e54c9a1d2c708cfa4,sell,0x4cd988afbad37289baaf53c13e98e2bd46aaea8c,0xa04c27b5e8ca8d7dcef2ab4dd477fc4ec472c4eeaaff21969498c94a7e26fc91
175,247900,0.907314,0x47dc26367828fecef504b1e23e1701c5c9b72e1f,2017-10-29T12:11:00.000Z,0.00000366,0xd5738e30a526bce278bff00b5f32db79ba138d7e,buy,0x4cd988afbad37289baaf53c13e98e2bd46aaea8c,0x72a535daadb9b1d5ba4e09c2ddcbc198798d485e6015ffe7088bb8f3eb34f41a
176,1000,0.00366,0x035392de57aa4fe343d86494103dbe1b068a56c6,2017-10-29T10:04:45.000Z,0.00000366,0xd5738e30a526bce278bff00b5f32db79ba138d7e,buy,0x4cd988afbad37289baaf53c13e98e2bd46aaea8c,0x936cf5e39eebadebd47cb8629dbcb9d259530277061bf0eea23033d2e03d50be
177,888,0.00309912,0x47dc26367828fecef504b1e23e1701c5c9b72e1f,2017-10-29T09:50:14.000Z,0.00000349,0xe3b35d7bf8ba5ea0d8c6a09c59803e5566d017aa,sell,0x4cd988afbad37289baaf53c13e98e2bd46aaea8c,0xf88c4166418d98cec990b9afb5db950750099e4827824224b1a0bcb52a6ca5d3
178,75000,0.26625,0x5daaa145804914c6c4d2cc6e051648db7d03bf60,2017-10-29T09:50:07.000Z,0.00000355,0xe3b35d7bf8ba5ea0d8c6a09c59803e5566d017aa,sell,0x4cd988afbad37289baaf53c13e98e2bd46aaea8c,0xdda28f3b0ce9fb11032dbeabb2dd048d4bb7a9aff75c6705a012eebc78ca293e
179,9800,0.035868,0xe3e4f4ef4ac1ff0ae714f0077c268fd33a808213,2017-10-29T09:16:15.000Z,0.00000366,0xd5738e30a526bce278bff00b5f32db79ba138d7e,buy,0x4cd988afbad37289baaf53c13e98e2bd46aaea8c,0x8696af645af352f8b4deb8ab06eac0b15c5f8fd2cea9288515b55c52ae98f072
180,14000,0.0497,0x5daaa145804914c6c4d2cc6e051648db7d03bf60,2017-10-29T09:07:45.000Z,0.00000355,0xe3b35d7bf8ba5ea0d8c6a09c59803e5566d017aa,sell,0x4cd988afbad37289baaf53c13e98e2bd46aaea8c,0x4f48f26064d372ca479735799c879439dbfef2f210e1d98b68bff2ff9b4f7ff8
181,240000,0.8376,0x47dc26367828fecef504b1e23e1701c5c9b72e1f,2017-10-29T09:00:28.000Z,0.00000349,0xe3b35d7bf8ba5ea0d8c6a09c59803e5566d017aa,sell,0x4cd988afbad37289baaf53c13e98e2bd46aaea8c,0x5371afadce64f5a5784d726d67c75a4d03562c827563fec7392aa6d60dcb315e
182,8000,0.0284,0x5daaa145804914c6c4d2cc6e051648db7d03bf60,2017-10-29T08:55:55.000Z,0.00000355,0xe3b35d7bf8ba5ea0d8c6a09c59803e5566d017aa,sell,0x4cd988afbad37289baaf53c13e98e2bd46aaea8c,0x9b7ca2775aec02368f1a8fad6ff5d9312d030837439398bd268234fead54f53e
183,588,0.00215208,0xe3e4f4ef4ac1ff0ae714f0077c268fd33a808213,2017-10-29T08:54:06.000Z,0.00000366,0xd5738e30a526bce278bff00b5f32db79ba138d7e,buy,0x4cd988afbad37289baaf53c13e98e2bd46aaea8c,0xaeb648e98cfbe40984d88b8952bbb744b707efa330c0f1fba0ea2acf9db7befa
184,369000,1.32471,0xe3e4f4ef4ac1ff0ae714f0077c268fd33a808213,2017-10-29T08:26:51.000Z,0.00000359,0xed97cf17871ff27fbad98df9cb2ba7ce1e04685e,buy,0x4cd988afbad37289baaf53c13e98e2bd46aaea8c,0x0d0053c5aea8618e761c56e870d228361a2230cf2d256c88169cec52942ccfe2
185,1000,0.00359,0xe3e4f4ef4ac1ff0ae714f0077c268fd33a808213,2017-10-29T08:13:30.000Z,0.00000359,0xed97cf17871ff27fbad98df9cb2ba7ce1e04685e,buy,0x4cd988afbad37289baaf53c13e98e2bd46aaea8c,0xe1c0022df2c5429af0b1be783e46164cd3f6ddf354a4e69d1b05074732fb008e
186,11000,0.04026,0xed97cf17871ff27fbad98df9cb2ba7ce1e04685e,2017-10-29T08:10:07.000Z,0.00000366,0xd5738e30a526bce278bff00b5f32db79ba138d7e,buy,0x4cd988afbad37289baaf53c13e98e2bd46aaea8c,0x9ccff5ca78e29192dddf4647eb39025d007fdcb428040037d1bc04f5ab87a1bf
187,86000,0.28466,0xed97cf17871ff27fbad98df9cb2ba7ce1e04685e,2017-10-29T08:01:11.000Z,0.00000331,0xc839c08f9aafeeb7b751132e54c9a1d2c708cfa4,sell,0x4cd988afbad37289baaf53c13e98e2bd46aaea8c,0xb9aee9f8607af07893fe144f75fea4979bd0f74a21d494d2231348e8d1ce316f
188,35000,0.12215,0x47dc26367828fecef504b1e23e1701c5c9b72e1f,2017-10-29T07:51:06.000Z,0.00000349,0xe3b35d7bf8ba5ea0d8c6a09c59803e5566d017aa,sell,0x4cd988afbad37289baaf53c13e98e2bd46aaea8c,0xa6f05b2cbdd46f3c3e133f544d1b03f14f38b428bcbd5dccba82df4c9f38eef9
189,98000,0.3479,0x5daaa145804914c6c4d2cc6e051648db7d03bf60,2017-10-29T07:49:01.000Z,0.00000355,0xe3b35d7bf8ba5ea0d8c6a09c59803e5566d017aa,sell,0x4cd988afbad37289baaf53c13e98e2bd46aaea8c,0xd80c042142c781e5f8db7cbcbdd0639e13e048b1afd425d937965fe91d2ad166
190,180000,0.639,0x5daaa145804914c6c4d2cc6e051648db7d03bf60,2017-10-29T07:46:51.000Z,0.00000355,0xe3b35d7bf8ba5ea0d8c6a09c59803e5566d017aa,sell,0x4cd988afbad37289baaf53c13e98e2bd46aaea8c,0x495fc795696f7cd1308d05969e37e9522bc0b88bb2a98bd6c941a29342822ecd
191,120000,0.4296,0x47dc26367828fecef504b1e23e1701c5c9b72e1f,2017-10-29T07:45:13.000Z,0.00000358,0xe3b35d7bf8ba5ea0d8c6a09c59803e5566d017aa,sell,0x4cd988afbad37289baaf53c13e98e2bd46aaea8c,0x2802a89e79121b752f2655c57cf12467e2198620bba7fc36247ddf4750392e68
192,2600,0.009308,0x47dc26367828fecef504b1e23e1701c5c9b72e1f,2017-10-29T07:41:47.000Z,0.00000358,0xe3b35d7bf8ba5ea0d8c6a09c59803e5566d017aa,sell,0x4cd988afbad37289baaf53c13e98e2bd46aaea8c,0xde897162da2e61dff7c646a4091d2596976ede1e1dcac5869400f7b1107b11c2
193,50000,0.183,0xf469dd6fd23b361b9a16020f0945f4a3eaeb9971,2017-10-29T06:05:31.000Z,0.00000366,0xd5738e30a526bce278bff00b5f32db79ba138d7e,buy,0x4cd988afbad37289baaf53c13e98e2bd46aaea8c,0x0d5b10ecfdf6f468c800cb65aa9d25676a076c425a33507f37606c1584a862d7
194,5780,0.0211548,0xe3e4f4ef4ac1ff0ae714f0077c268fd33a808213,2017-10-29T05:21:10.000Z,0.00000366,0xd5738e30a526bce278bff00b5f32db79ba138d7e,buy,0x4cd988afbad37289baaf53c13e98e2bd46aaea8c,0xda287d1d97cde9201090d6af5b470eb16e1f9f4103033459f5af659370f0dd1c
195,100000,0.366,0xe3e4f4ef4ac1ff0ae714f0077c268fd33a808213,2017-10-29T05:12:58.000Z,0.00000366,0xd5738e30a526bce278bff00b5f32db79ba138d7e,buy,0x4cd988afbad37289baaf53c13e98e2bd46aaea8c,0x760800fe3cb064cb331425061028cb8834a4ab15fbaf60e6ed6283a6143a9c8e
196,10000,0.0366,0xe3e4f4ef4ac1ff0ae714f0077c268fd33a808213,2017-10-29T05:10:56.000Z,0.00000366,0xd5738e30a526bce278bff00b5f32db79ba138d7e,buy,0x4cd988afbad37289baaf53c13e98e2bd46aaea8c,0x026b7a613a22f1c9dec45d8e989479eaba51ffbfa5f280c7c4830adef9b59c14
197,342300,1.23228,0xe3e4f4ef4ac1ff0ae714f0077c268fd33a808213,2017-10-29T05:04:40.000Z,0.0000036,0xd5738e30a526bce278bff00b5f32db79ba138d7e,buy,0x4cd988afbad37289baaf53c13e98e2bd46aaea8c,0x4bcf3ab96162781649fd4f76389d591f99e12fa342d257fc2f522c208a648293
198,76000,0.27208,0x47dc26367828fecef504b1e23e1701c5c9b72e1f,2017-10-29T05:01:34.000Z,0.00000358,0xe3b35d7bf8ba5ea0d8c6a09c59803e5566d017aa,sell,0x4cd988afbad37289baaf53c13e98e2bd46aaea8c,0x6a6b2de3ef5f6b579ab32195213bb7db8453567a0a074c93c06bcda11cae9521
199,264000,0.9372,0x5daaa145804914c6c4d2cc6e051648db7d03bf60,2017-10-29T04:26:12.000Z,0.00000355,0xe3b35d7bf8ba5ea0d8c6a09c59803e5566d017aa,sell,0x4cd988afbad37289baaf53c13e98e2bd46aaea8c,0xcd6427f6f1f3462e04e692af878493559830920f2a4c5ec7f142ff576a37341d
200,5800,0.021228,0xe3e4f4ef4ac1ff0ae714f0077c268fd33a808213,2017-10-29T04:22:16.000Z,0.00000366,0xd5738e30a526bce278bff00b5f32db79ba138d7e,buy,0x4cd988afbad37289baaf53c13e98e2bd46aaea8c,0xaa13053d1a98191068aa241fbd8bd88870fd3907c891c26e650b6256a64e9644
201,347700,1.25172,0xe3e4f4ef4ac1ff0ae714f0077c268fd33a808213,2017-10-29T03:48:48.000Z,0.0000036,0xd5738e30a526bce278bff00b5f32db79ba138d7e,buy,0x4cd988afbad37289baaf53c13e98e2bd46aaea8c,0xf9df5a5f8f4c653ddcb0286291fd8881312de94cf157f8328960d4f585253b0e
202,210000,0.7518,0x47dc26367828fecef504b1e23e1701c5c9b72e1f,2017-10-29T03:12:51.000Z,0.00000358,0xd5738e30a526bce278bff00b5f32db79ba138d7e,sell,0x4cd988afbad37289baaf53c13e98e2bd46aaea8c,0xe6442b4614561167968c1180c1286efea4dcf8b9bfd6f2508a58dbf5162e510d
203,5000,0.0179,0x47dc26367828fecef504b1e23e1701c5c9b72e1f,2017-10-29T02:54:54.000Z,0.00000358,0xd5738e30a526bce278bff00b5f32db79ba138d7e,sell,0x4cd988afbad37289baaf53c13e98e2bd46aaea8c,0xdc8dd857d03249efbd5d54f517df9020b1cf17a15129f5775a88d6d4160ff84b
204,90896,0.32813456,0x5daaa145804914c6c4d2cc6e051648db7d03bf60,2017-10-29T02:50:42.000Z,0.00000361,0xd5738e30a526bce278bff00b5f32db79ba138d7e,sell,0x4cd988afbad37289baaf53c13e98e2bd46aaea8c,0x6363d60cf4933912845d2f9864582206b20f35ac227c15b75a5aef1986a598e5
205,79600,0.288152,0x47dc26367828fecef504b1e23e1701c5c9b72e1f,2017-10-29T02:30:58.000Z,0.00000362,0x3f103aacf41262cd789775edb8b6e5c270cf6f39,sell,0x4cd988afbad37289baaf53c13e98e2bd46aaea8c,0xbbdaf9118eade8c07a6e84ea0327c9f790d477400190de3942abab54dd0e3933
206,49649,0.18221183,0x47dc26367828fecef504b1e23e1701c5c9b72e1f,2017-10-29T02:28:08.000Z,0.00000367,0x3f103aacf41262cd789775edb8b6e5c270cf6f39,buy,0x4cd988afbad37289baaf53c13e98e2bd46aaea8c,0x48d9a7c17a0a3be47e5541a4128451324bdfb16b355499e6000ef7b6e49761d5
207,49649,0.18221183,0x47dc26367828fecef504b1e23e1701c5c9b72e1f,2017-10-29T02:27:26.000Z,0.00000367,0x3f103aacf41262cd789775edb8b6e5c270cf6f39,buy,0x4cd988afbad37289baaf53c13e98e2bd46aaea8c,0x48d9a7c17a0a3be47e5541a4128451324bdfb16b355499e6000ef7b6e49761d5
208,111111,0.4111107,0x47dc26367828fecef504b1e23e1701c5c9b72e1f,2017-10-29T02:18:47.000Z,0.0000037,0x5daaa145804914c6c4d2cc6e051648db7d03bf60,buy,0x4cd988afbad37289baaf53c13e98e2bd46aaea8c,0xb39d41083621bc8435c43b3a12b23b295b589de6123a7583152bc0ef91160951
209,68888,0.25281896,0x47dc26367828fecef504b1e23e1701c5c9b72e1f,2017-10-29T02:07:33.000Z,0.00000367,0x3f103aacf41262cd789775edb8b6e5c270cf6f39,buy,0x4cd988afbad37289baaf53c13e98e2bd46aaea8c,0x0ce24314244a7c583c49212f8790113cae8de0a4ddc9bc6f5f20c1f84bde5bcf
210,2000,0.00722,0x5daaa145804914c6c4d2cc6e051648db7d03bf60,2017-10-29T02:06:03.000Z,0.00000361,0xed97cf17871ff27fbad98df9cb2ba7ce1e04685e,sell,0x4cd988afbad37289baaf53c13e98e2bd46aaea8c,0x792f95ccf72972761f5c23e0e5759630cbc9a6b2864f214994949fd1f1ec5fa7
211,124644,0.44996484,0x5daaa145804914c6c4d2cc6e051648db7d03bf60,2017-10-29T02:03:06.000Z,0.00000361,0xed97cf17871ff27fbad98df9cb2ba7ce1e04685e,sell,0x4cd988afbad37289baaf53c13e98e2bd46aaea8c,0x6246dc111759f081dfa4b4642a17d7022c6a4a3056063ec5294210f5b8b727c8
212,18000,0.06606,0xed97cf17871ff27fbad98df9cb2ba7ce1e04685e,2017-10-28T15:48:47.000Z,0.00000367,0x3f103aacf41262cd789775edb8b6e5c270cf6f39,buy,0x4cd988afbad37289baaf53c13e98e2bd46aaea8c,0xe46500673dd60e95a00706a70261414767dcddb350f0c19339bbb47239c72352
213,150,0.0005505,0xed97cf17871ff27fbad98df9cb2ba7ce1e04685e,2017-10-28T15:18:50.000Z,0.00000367,0x3f103aacf41262cd789775edb8b6e5c270cf6f39,buy,0x4cd988afbad37289baaf53c13e98e2bd46aaea8c,0x27bac0539314f7b8851899fe31a7698c4bb6523b8da131df710095dd40323cbb
214,50000,0.1805,0x5daaa145804914c6c4d2cc6e051648db7d03bf60,2017-10-28T14:58:10.000Z,0.00000361,0x3f103aacf41262cd789775edb8b6e5c270cf6f39,sell,0x4cd988afbad37289baaf53c13e98e2bd46aaea8c,0xa2d507afe5120184e891736afa639c35b3c02f3999d9694330ee9b28692a252e
215,98000,0.3626,0xe3e4f4ef4ac1ff0ae714f0077c268fd33a808213,2017-10-28T14:42:06.000Z,0.0000037,0x5daaa145804914c6c4d2cc6e051648db7d03bf60,buy,0x4cd988afbad37289baaf53c13e98e2bd46aaea8c,0x4fc7a90017b7b19ae4945e53f1b0adcbb54772155c74cce40e12b331adb3152f
216,391000,1.41542,0xe3e4f4ef4ac1ff0ae714f0077c268fd33a808213,2017-10-28T13:55:48.000Z,0.00000362,0x5daaa145804914c6c4d2cc6e051648db7d03bf60,buy,0x4cd988afbad37289baaf53c13e98e2bd46aaea8c,0x5401c3190f056ed7ca13eb3954a47a7d771e6671bd5dd674b1d4d457b32a0ee6
217,333000,1.20546,0xe3e4f4ef4ac1ff0ae714f0077c268fd33a808213,2017-10-28T13:54:06.000Z,0.00000362,0x5daaa145804914c6c4d2cc6e051648db7d03bf60,buy,0x4cd988afbad37289baaf53c13e98e2bd46aaea8c,0xca4d47d4f1903d3a371a5703dd814c2aedd4751b14ef866eaf5bdc4bf0f28097
218,1000,0.0037,0xe3e4f4ef4ac1ff0ae714f0077c268fd33a808213,2017-10-28T13:48:29.000Z,0.0000037,0x5daaa145804914c6c4d2cc6e051648db7d03bf60,buy,0x4cd988afbad37289baaf53c13e98e2bd46aaea8c,0x7de6a67e30eb02d4452ecd37fc0d4261696d1db6597e5359d0c638ba3aae7f9d
219,30000,0.1071,0xe3e4f4ef4ac1ff0ae714f0077c268fd33a808213,2017-10-28T13:42:51.000Z,0.00000357,0xc839c08f9aafeeb7b751132e54c9a1d2c708cfa4,buy,0x4cd988afbad37289baaf53c13e98e2bd46aaea8c,0x6c718405e17a15042fcc6d1756a01fd348bbbfb7d0e7ae39ade6bdeed15edbe6
220,375800,1.311542,0x47dc26367828fecef504b1e23e1701c5c9b72e1f,2017-10-28T13:34:29.000Z,0.00000349,0x5daaa145804914c6c4d2cc6e051648db7d03bf60,sell,0x4cd988afbad37289baaf53c13e98e2bd46aaea8c,0x9e651f867d698b9e9562f2d4fec51cf17e0aeb0f534e91b98fb3b255107f35a8
221,2000,0.00714,0x5daaa145804914c6c4d2cc6e051648db7d03bf60,2017-10-28T12:49:34.000Z,0.00000357,0xc839c08f9aafeeb7b751132e54c9a1d2c708cfa4,buy,0x4cd988afbad37289baaf53c13e98e2bd46aaea8c,0x8f494dd3813a3a0b8c67560c8a7c72a559b03b829139460a7cdabeef8f983723
222,444,0.00154956,0x47dc26367828fecef504b1e23e1701c5c9b72e1f,2017-10-28T12:42:14.000Z,0.00000349,0x5daaa145804914c6c4d2cc6e051648db7d03bf60,sell,0x4cd988afbad37289baaf53c13e98e2bd46aaea8c,0xfc21f875244fb99361ccb16a06c94065a29b1f750987a174a86bb110cad12f56
223,136000,0.49232,0xe3e4f4ef4ac1ff0ae714f0077c268fd33a808213,2017-10-28T12:38:44.000Z,0.00000362,0x5daaa145804914c6c4d2cc6e051648db7d03bf60,buy,0x4cd988afbad37289baaf53c13e98e2bd46aaea8c,0xe9d8079b67b7236fafbaf651290dd6d30d0938f4db6d00b126056538a8fbfa67
224,5000,0.01785,0xe3e4f4ef4ac1ff0ae714f0077c268fd33a808213,2017-10-28T12:36:32.000Z,0.00000357,0xc839c08f9aafeeb7b751132e54c9a1d2c708cfa4,buy,0x4cd988afbad37289baaf53c13e98e2bd46aaea8c,0xeee03462b7c364d3a87d11640d41db37f1ffd1a941f4431b34a2ab386d6adc42
225,153619,0.5376665,0xe3e4f4ef4ac1ff0ae714f0077c268fd33a808213,2017-10-28T12:35:50.000Z,0.0000035,0x5daaa145804914c6c4d2cc6e051648db7d03bf60,buy,0x4cd988afbad37289baaf53c13e98e2bd46aaea8c,0x7790ec5e8c1b92418148eed93d3f0d4011ce6b618690fd586f067c4359ca9ba1
226,168800,0.5908,0xe3e4f4ef4ac1ff0ae714f0077c268fd33a808213,2017-10-28T09:29:36.000Z,0.0000035,0x5daaa145804914c6c4d2cc6e051648db7d03bf60,buy,0x4cd988afbad37289baaf53c13e98e2bd46aaea8c,0xc93ad78e3f1ff4a9106272256abf1ad0dbab2f077bc24aed2babae8a0fabd809
227,7000,0.02422,0xe3e4f4ef4ac1ff0ae714f0077c268fd33a808213,2017-10-28T09:27:59.000Z,0.00000346,0x5daaa145804914c6c4d2cc6e051648db7d03bf60,sell,0x4cd988afbad37289baaf53c13e98e2bd46aaea8c,0xae51adbe03c0d116e4c07108653699b9738aeef2bb57f3381b48ded82f96981c
228,1000,0.00346,0xe3e4f4ef4ac1ff0ae714f0077c268fd33a808213,2017-10-28T09:27:10.000Z,0.00000346,0x5daaa145804914c6c4d2cc6e051648db7d03bf60,sell,0x4cd988afbad37289baaf53c13e98e2bd46aaea8c,0x0a64bf983a9b758d7b022bc138623716db39c9952772d45b0244e8e6da2b1cdd
229,240000,0.816,0x7dd2b7049a05c5d95db27337c144eeda1354f87b,2017-10-28T09:27:02.000Z,0.0000034,0x5daaa145804914c6c4d2cc6e051648db7d03bf60,sell,0x4cd988afbad37289baaf53c13e98e2bd46aaea8c,0xfb083b607ce612e11c8d21aa334f74ba81b5ebdea94258c4ae8f54683acd4496
230,19000,0.06574,0xe3e4f4ef4ac1ff0ae714f0077c268fd33a808213,2017-10-28T09:24:25.000Z,0.00000346,0x5daaa145804914c6c4d2cc6e051648db7d03bf60,sell,0x4cd988afbad37289baaf53c13e98e2bd46aaea8c,0x66485fd29e5efcb6e8607ae42de311bd3c1ff012278d1ad0b9aa65fbb20bb087
231,115500,0.407715,0x7dd2b7049a05c5d95db27337c144eeda1354f87b,2017-10-28T09:21:51.000Z,0.00000353,0x47dc26367828fecef504b1e23e1701c5c9b72e1f,sell,0x4cd988afbad37289baaf53c13e98e2bd46aaea8c,0xb1c44ee3e5377c2ada28c0778f50f7287d3a12df0904c60266ec01139a140677
232,322000,1.14954,0x47dc26367828fecef504b1e23e1701c5c9b72e1f,2017-10-28T05:44:25.000Z,0.00000357,0xc839c08f9aafeeb7b751132e54c9a1d2c708cfa4,buy,0x4cd988afbad37289baaf53c13e98e2bd46aaea8c,0x679394c0a0729a840ca3d787e930eaef8bc4ae0939b5f8f750f095e27cedb464
233,88000,0.31416,0x47dc26367828fecef504b1e23e1701c5c9b72e1f,2017-10-28T05:37:44.000Z,0.00000357,0xc839c08f9aafeeb7b751132e54c9a1d2c708cfa4,buy,0x4cd988afbad37289baaf53c13e98e2bd46aaea8c,0x03d7d13bd28d0d1ff17fbac19dfab661e612d3e54dbbc6dc414634acfcbb77f7
234,3400,0.012002,0x7dd2b7049a05c5d95db27337c144eeda1354f87b,2017-10-28T05:33:11.000Z,0.00000353,0xc839c08f9aafeeb7b751132e54c9a1d2c708cfa4,sell,0x4cd988afbad37289baaf53c13e98e2bd46aaea8c,0xf2e69c59864dbb76143fb38c8f49f6e1d6206055b6f7358d938765f33a38a820
235,188500,0.665405,0x7dd2b7049a05c5d95db27337c144eeda1354f87b,2017-10-28T05:30:43.000Z,0.00000353,0xc839c08f9aafeeb7b751132e54c9a1d2c708cfa4,sell,0x4cd988afbad37289baaf53c13e98e2bd46aaea8c,0x74358c09364bcb4ed0c5ffc669f31cd5cf88f31a561b986024f256e84c5f3b3a
236,1500,0.00561,0xed97cf17871ff27fbad98df9cb2ba7ce1e04685e,2017-10-28T03:51:06.000Z,0.00000374,0x3f103aacf41262cd789775edb8b6e5c270cf6f39,buy,0x4cd988afbad37289baaf53c13e98e2bd46aaea8c,0xc32e6e78f7d92fd3350e70bffd368e8ef59f5353465799631bddf82303d7cc26
237,52000,0.1924,0xed97cf17871ff27fbad98df9cb2ba7ce1e04685e,2017-10-28T03:49:38.000Z,0.0000037,0xe3b35d7bf8ba5ea0d8c6a09c59803e5566d017aa,buy,0x4cd988afbad37289baaf53c13e98e2bd46aaea8c,0x4a533ad6c8f971f97ae34714b974dede60c047c1a010943e04b1418737890088
238,210000,0.7707,0xed97cf17871ff27fbad98df9cb2ba7ce1e04685e,2017-10-28T03:49:35.000Z,0.00000367,0xe3b35d7bf8ba5ea0d8c6a09c59803e5566d017aa,buy,0x4cd988afbad37289baaf53c13e98e2bd46aaea8c,0x2cf1483d9d5fa6656b92db1be94111b9281953940202b8d0f7b630070438ed7d
239,7600,0.027892,0xed97cf17871ff27fbad98df9cb2ba7ce1e04685e,2017-10-28T02:36:13.000Z,0.00000367,0xe3b35d7bf8ba5ea0d8c6a09c59803e5566d017aa,buy,0x4cd988afbad37289baaf53c13e98e2bd46aaea8c,0x5416fa197186efd3daeba8e1aef65740cb7034eaded248010228c70b21089548
240,380456,1.38485984,0xed97cf17871ff27fbad98df9cb2ba7ce1e04685e,2017-10-28T02:33:44.000Z,0.00000364,0xe3b35d7bf8ba5ea0d8c6a09c59803e5566d017aa,buy,0x4cd988afbad37289baaf53c13e98e2bd46aaea8c,0x8d80af30932d8f02267c9dbd2da4a8ea643b090c8a9a83cf4144c35d6a764a11
241,330000,1.1649,0x7dd2b7049a05c5d95db27337c144eeda1354f87b,2017-10-28T01:52:12.000Z,0.00000353,0x47dc26367828fecef504b1e23e1701c5c9b72e1f,sell,0x4cd988afbad37289baaf53c13e98e2bd46aaea8c,0x8707f4c7eee88ef7240d1b6bed12e9283c4b4cf7c493070b77c3f2b2029de247
242,4000,0.01468,0x47dc26367828fecef504b1e23e1701c5c9b72e1f,2017-10-28T01:50:25.000Z,0.00000367,0xe3b35d7bf8ba5ea0d8c6a09c59803e5566d017aa,buy,0x4cd988afbad37289baaf53c13e98e2bd46aaea8c,0x3848ed5b42d7efa2f42d01f26a50fa8ae435434747c889f180effd1457e14873
243,30000,0.1038,0xe3e4f4ef4ac1ff0ae714f0077c268fd33a808213,2017-10-28T01:49:31.000Z,0.00000346,0xd5738e30a526bce278bff00b5f32db79ba138d7e,sell,0x4cd988afbad37289baaf53c13e98e2bd46aaea8c,0x9b2b1697a0e9c19d9346a370d98352ce362be0460cae8533a46405a21dedcbb1
244,30000,0.1038,0xe3e4f4ef4ac1ff0ae714f0077c268fd33a808213,2017-10-28T01:49:21.000Z,0.00000346,0xd5738e30a526bce278bff00b5f32db79ba138d7e,sell,0x4cd988afbad37289baaf53c13e98e2bd46aaea8c,0x9b2b1697a0e9c19d9346a370d98352ce362be0460cae8533a46405a21dedcbb1
245,180544,0.65718016,0xed97cf17871ff27fbad98df9cb2ba7ce1e04685e,2017-10-27T14:47:44.000Z,0.00000364,0xe3b35d7bf8ba5ea0d8c6a09c59803e5566d017aa,buy,0x4cd988afbad37289baaf53c13e98e2bd46aaea8c,0xa50ed5ee03c2c808f329ccfd6c8410b4648d71f494f6c996bcba9e44e8054ee7
246,10600,0.037418,0x7dd2b7049a05c5d95db27337c144eeda1354f87b,2017-10-27T14:32:45.000Z,0.00000353,0xe3b35d7bf8ba5ea0d8c6a09c59803e5566d017aa,sell,0x4cd988afbad37289baaf53c13e98e2bd46aaea8c,0xd50ac214362d152ee1c8a70bdcf33f4452189e52dc46df6021b99ddaca694843
247,486600,1.707966,0x7dd2b7049a05c5d95db27337c144eeda1354f87b,2017-10-27T14:28:48.000Z,0.00000351,0x7dd2b7049a05c5d95db27337c144eeda1354f87b,sell,0x4cd988afbad37289baaf53c13e98e2bd46aaea8c,0x369db91ea237ca9f8d9db908c308c9133209fca74710f79a7cf8bb7647977f29
248,1600,0.005536,0xe3e4f4ef4ac1ff0ae714f0077c268fd33a808213,2017-10-27T14:00:35.000Z,0.00000346,0xe3b35d7bf8ba5ea0d8c6a09c59803e5566d017aa,sell,0x4cd988afbad37289baaf53c13e98e2bd46aaea8c,0x13ae8dd44c89294b7d49fc88040fc40e90ac4f64f087f29da14ca229756e667a
249,237500,0.855,0x5daaa145804914c6c4d2cc6e051648db7d03bf60,2017-10-27T13:13:58.000Z,0.0000036,0xe3b35d7bf8ba5ea0d8c6a09c59803e5566d017aa,buy,0x4cd988afbad37289baaf53c13e98e2bd46aaea8c,0x5f6ef2d50f23e5c55f7f53adfbf039160539dcc732abf35c6935a4a048601df5
250,247000,0.89908,0x5daaa145804914c6c4d2cc6e051648db7d03bf60,2017-10-27T13:05:00.000Z,0.00000364,0xe3b35d7bf8ba5ea0d8c6a09c59803e5566d017aa,buy,0x4cd988afbad37289baaf53c13e98e2bd46aaea8c,0x86ee86049a7f693688a7f470d1205748ab585cd965f8579da7048d53e624146d
251,2000,0.00728,0x5daaa145804914c6c4d2cc6e051648db7d03bf60,2017-10-27T13:02:08.000Z,0.00000364,0xe3b35d7bf8ba5ea0d8c6a09c59803e5566d017aa,buy,0x4cd988afbad37289baaf53c13e98e2bd46aaea8c,0x59971d3b69c57ad930f1e2ffa16d4d0c727e93f4a76c7eabb7b3101035db0a08
252,300,0.001038,0xe3e4f4ef4ac1ff0ae714f0077c268fd33a808213,2017-10-27T12:59:13.000Z,0.00000346,0x5daaa145804914c6c4d2cc6e051648db7d03bf60,sell,0x4cd988afbad37289baaf53c13e98e2bd46aaea8c,0x5cbf731fcfdf10895e410d3734e7a0580aa11153260c8f7e6d921fc1afff8c0c
253,100,0.000346,0xe3e4f4ef4ac1ff0ae714f0077c268fd33a808213,2017-10-27T12:50:07.000Z,0.00000346,0x5daaa145804914c6c4d2cc6e051648db7d03bf60,sell,0x4cd988afbad37289baaf53c13e98e2bd46aaea8c,0xb266261d5c7e3c0bac4d3d153220d4cbfc322759d2daf6ad0479628012838d57
254,500,0.0018,0x47dc26367828fecef504b1e23e1701c5c9b72e1f,2017-10-27T12:33:45.000Z,0.0000036,0xe3b35d7bf8ba5ea0d8c6a09c59803e5566d017aa,buy,0x4cd988afbad37289baaf53c13e98e2bd46aaea8c,0xe2c36f2ad3caef1b728be2ab2f756f5500955ee83156b500f191ba66c50c0c9b
255,88000,0.32032,0x47dc26367828fecef504b1e23e1701c5c9b72e1f,2017-10-27T12:32:18.000Z,0.00000364,0xe3b35d7bf8ba5ea0d8c6a09c59803e5566d017aa,buy,0x4cd988afbad37289baaf53c13e98e2bd46aaea8c,0x1171d4e85e54323011e6cfd0fdf02e2111facd6368752732adf28bb626c8fc2c
256,2000,0.0072,0x47dc26367828fecef504b1e23e1701c5c9b72e1f,2017-10-27T12:26:40.000Z,0.0000036,0xe3b35d7bf8ba5ea0d8c6a09c59803e5566d017aa,buy,0x4cd988afbad37289baaf53c13e98e2bd46aaea8c,0xc79d3321d33d80ebd1036ab076491fbf007dd275642a4d8c38bd6364e97ddbcf
257,322282.19,1.1569930621,0x47dc26367828fecef504b1e23e1701c5c9b72e1f,2017-10-27T12:24:55.000Z,0.00000359,0xe3b35d7bf8ba5ea0d8c6a09c59803e5566d017aa,buy,0x4cd988afbad37289baaf53c13e98e2bd46aaea8c,0x75af03ee5203f56a84f6d2cfa105bbcbc8c683b5f532ad09d0c32daf43a62df6
258,322282.19,1.1569930621,0x47dc26367828fecef504b1e23e1701c5c9b72e1f,2017-10-27T12:24:13.000Z,0.00000359,0xe3b35d7bf8ba5ea0d8c6a09c59803e5566d017aa,buy,0x4cd988afbad37289baaf53c13e98e2bd46aaea8c,0x75af03ee5203f56a84f6d2cfa105bbcbc8c683b5f532ad09d0c32daf43a62df6
259,195847.8095131624,0.7030936361522531,0xc9adb337ca299ab069463d4ecd38aece8926f4e5,2017-10-27T12:17:50.000Z,0.00000359,0xe3b35d7bf8ba5ea0d8c6a09c59803e5566d017aa,buy,0x4cd988afbad37289baaf53c13e98e2bd46aaea8c,0x85a1b74dcc654a2fc5f6b26ba4fbb6deb44f064394f44ad76fbd2c16705a558a
260,28000,0.09688,0xe3e4f4ef4ac1ff0ae714f0077c268fd33a808213,2017-10-27T11:54:33.000Z,0.00000346,0xc9adb337ca299ab069463d4ecd38aece8926f4e5,sell,0x4cd988afbad37289baaf53c13e98e2bd46aaea8c,0x2fbfcb80289440f02261542a9f7924c683d038e1378525af498445c80ac0c571
261,91700,0.314531,0x47dc26367828fecef504b1e23e1701c5c9b72e1f,2017-10-27T11:41:12.000Z,0.00000343,0x5daaa145804914c6c4d2cc6e051648db7d03bf60,sell,0x4cd988afbad37289baaf53c13e98e2bd46aaea8c,0x8380842dd687074c717ee84eaaa88c1eda310d16795311ba68dd5aa05da0e5ff
262,1300,0.004667,0x5daaa145804914c6c4d2cc6e051648db7d03bf60,2017-10-27T09:19:14.000Z,0.00000359,0xe3b35d7bf8ba5ea0d8c6a09c59803e5566d017aa,buy,0x4cd988afbad37289baaf53c13e98e2bd46aaea8c,0xe42423b445c3d7ee523c8868236d978ec3ae099752e2d1076cf1890c0c233872
263,471741.524,1.66524757972,0x5daaa145804914c6c4d2cc6e051648db7d03bf60,2017-10-27T09:02:38.000Z,0.00000353,0x88a93cbe428580b212bcc63b5f7f81ae249e41de,buy,0x4cd988afbad37289baaf53c13e98e2bd46aaea8c,0x45e23fe4cf876c84b40c290d80bdb17bb910a7fc6fda0d766ec1bc4be7388ba1
264,300,0.001029,0x47dc26367828fecef504b1e23e1701c5c9b72e1f,2017-10-27T08:45:53.000Z,0.00000343,0x5daaa145804914c6c4d2cc6e051648db7d03bf60,sell,0x4cd988afbad37289baaf53c13e98e2bd46aaea8c,0x782e14ea6f6e401ffd0f0c5d53ab9bc222c82ad889589e6b81f243b86ecf2546
265,8000,0.02744,0x47dc26367828fecef504b1e23e1701c5c9b72e1f,2017-10-27T08:45:38.000Z,0.00000343,0x5daaa145804914c6c4d2cc6e051648db7d03bf60,sell,0x4cd988afbad37289baaf53c13e98e2bd46aaea8c,0x7b12959d312fcb219eedc641d130c5859f12461522269ab5013080852e65cccf
266,400000,1.412,0x47dc26367828fecef504b1e23e1701c5c9b72e1f,2017-10-27T08:38:29.000Z,0.00000353,0x88a93cbe428580b212bcc63b5f7f81ae249e41de,buy,0x4cd988afbad37289baaf53c13e98e2bd46aaea8c,0x877bbc1f0d6204e05c475fd1230cf68fa27d9fd5e076243f05119ce01aba6011
267,2100,0.007413,0x47dc26367828fecef504b1e23e1701c5c9b72e1f,2017-10-27T01:55:24.000Z,0.00000353,0x88a93cbe428580b212bcc63b5f7f81ae249e41de,buy,0x4cd988afbad37289baaf53c13e98e2bd46aaea8c,0x0bb1c2211f1b68b4e1c39135db4637f1a46c6ca6a8e8bc335d49d56dd19993ec
268,170000,0.6001,0x47dc26367828fecef504b1e23e1701c5c9b72e1f,2017-10-27T01:52:16.000Z,0.00000353,0x88a93cbe428580b212bcc63b5f7f81ae249e41de,buy,0x4cd988afbad37289baaf53c13e98e2bd46aaea8c,0x3bf805c734ca8d492ed1e1e1f21132f99b67ade6bbe86445e276a379d656f395
269,20000,0.0686,0x47dc26367828fecef504b1e23e1701c5c9b72e1f,2017-10-27T01:42:46.000Z,0.00000343,0xc839c08f9aafeeb7b751132e54c9a1d2c708cfa4,sell,0x4cd988afbad37289baaf53c13e98e2bd46aaea8c,0x65161c52360809d443f45def00745023e5eca81d4686a07d67a5b5bb736f3513
270,90000,0.3087,0x47dc26367828fecef504b1e23e1701c5c9b72e1f,2017-10-27T01:38:25.000Z,0.00000343,0xc839c08f9aafeeb7b751132e54c9a1d2c708cfa4,sell,0x4cd988afbad37289baaf53c13e98e2bd46aaea8c,0x9b78d89b50e1de0d60fba724d649fa97b8ae62a11317efc9a1bb1541c7b7dab3
271,720000,2.5416,0x47dc26367828fecef504b1e23e1701c5c9b72e1f,2017-10-27T01:04:49.000Z,0.00000353,0x88a93cbe428580b212bcc63b5f7f81ae249e41de,buy,0x4cd988afbad37289baaf53c13e98e2bd46aaea8c,0xb4c6b579f5ec4980ef67d5481bf768f1203addf8e3dbc48bf008fefed32ec5c1
272,800,0.002824,0x47dc26367828fecef504b1e23e1701c5c9b72e1f,2017-10-27T00:59:59.000Z,0.00000353,0x88a93cbe428580b212bcc63b5f7f81ae249e41de,buy,0x4cd988afbad37289baaf53c13e98e2bd46aaea8c,0xadb2aa734b8b1ff186d07e013061ff09b39a972d16a0a5d0a9521b58a4cff203
273,1.9938191606021334,0.000006759046954441,0xe3b35d7bf8ba5ea0d8c6a09c59803e5566d017aa,2017-10-26T21:31:39.000Z,0.00000338999999999988,0xb4c432a9559a4f1464d2bff9fcbbdc14f1c39dec,sell,0x4cd988afbad37289baaf53c13e98e2bd46aaea8c,0x9ea1323003d68d96f02e0552da95b4c75a71349fa7bf64d4e58e3de2de11d686
274,45000,0.16155,0x47dc26367828fecef504b1e23e1701c5c9b72e1f,2017-10-26T16:57:12.000Z,0.00000359,0xe3b35d7bf8ba5ea0d8c6a09c59803e5566d017aa,buy,0x4cd988afbad37289baaf53c13e98e2bd46aaea8c,0xe42df37f4f62e0b0b519992e9b21cbd28f7d32d0c2def3ec6ace82aafdc95e1c
275,1000000,3.53,0x7dd2b7049a05c5d95db27337c144eeda1354f87b,2017-10-26T16:51:42.000Z,0.00000353,0x88a93cbe428580b212bcc63b5f7f81ae249e41de,buy,0x4cd988afbad37289baaf53c13e98e2bd46aaea8c,0x7b828166abbbe51c57ac996904cefba6b97922f7f9af72547f058ea14afbbc1e
276,5000,0.01695,0xe3b35d7bf8ba5ea0d8c6a09c59803e5566d017aa,2017-10-26T14:52:13.000Z,0.00000339,0xc839c08f9aafeeb7b751132e54c9a1d2c708cfa4,sell,0x4cd988afbad37289baaf53c13e98e2bd46aaea8c,0x7d322c91f5e63a94a2d04327fdba207d1928c9ef6f63284bbed3bca297a147f3
277,2000,0.00678,0xe3b35d7bf8ba5ea0d8c6a09c59803e5566d017aa,2017-10-26T14:44:33.000Z,0.00000339,0xc839c08f9aafeeb7b751132e54c9a1d2c708cfa4,sell,0x4cd988afbad37289baaf53c13e98e2bd46aaea8c,0xdc60d6fec91d46e15fe9b74a9de135d3dd0c6c98a9e34b40d40888a0a10ff11e
278,100000,0.353,0x08dc4e5f2bb82623a8e7b5f00c00c87d5ba21bce,2017-10-26T14:10:01.000Z,0.00000353,0x88a93cbe428580b212bcc63b5f7f81ae249e41de,buy,0x4cd988afbad37289baaf53c13e98e2bd46aaea8c,0xc8bd8c17cb45f9be5e370b7d8bbbfef51a5a87daf53e1895680c7e12b0d2eadf
279,3400,0.012002,0xe3b35d7bf8ba5ea0d8c6a09c59803e5566d017aa,2017-10-26T13:48:58.000Z,0.00000353,0x88a93cbe428580b212bcc63b5f7f81ae249e41de,buy,0x4cd988afbad37289baaf53c13e98e2bd46aaea8c,0x9470e8b35098b7d66c3f03da22265fa59a065f609c833cde13dc9fec78bc07b8
280,390000,1.3767,0xe3b35d7bf8ba5ea0d8c6a09c59803e5566d017aa,2017-10-26T13:21:33.000Z,0.00000353,0x88a93cbe428580b212bcc63b5f7f81ae249e41de,buy,0x4cd988afbad37289baaf53c13e98e2bd46aaea8c,0x9441f7ca97b9f2f6fbaa1e8744f97ee74275b2be2f73bd1c77f2a245a32e27c2
281,281958.475736717,0.995313419350611,0xe3b35d7bf8ba5ea0d8c6a09c59803e5566d017aa,2017-10-26T13:18:05.000Z,0.00000353,0x88a93cbe428580b212bcc63b5f7f81ae249e41de,buy,0x4cd988afbad37289baaf53c13e98e2bd46aaea8c,0x28b437a85c94b9f2adba6267f0e445623d996c6c6c6e704e107524b689540f71
282,140000,0.4844,0xe3b35d7bf8ba5ea0d8c6a09c59803e5566d017aa,2017-10-26T13:16:06.000Z,0.00000346,0x5daaa145804914c6c4d2cc6e051648db7d03bf60,sell,0x4cd988afbad37289baaf53c13e98e2bd46aaea8c,0x046ad35d9d19d0930631dd993380db67741448a98a9bc3aebef38cdb16e62bd2
283,24000,0.08472,0x14c2b732f734da979d383a850a7de033585da67b,2017-10-26T12:50:22.000Z,0.00000353,0x3f103aacf41262cd789775edb8b6e5c270cf6f39,sell,0x4cd988afbad37289baaf53c13e98e2bd46aaea8c,0xb9b5affdb3d38b3fb313416de6276cd40fa834fc65d71131dffb17ddc0a9517d
284,10000,0.0353,0x5daaa145804914c6c4d2cc6e051648db7d03bf60,2017-10-26T12:46:34.000Z,0.00000353,0x88a93cbe428580b212bcc63b5f7f81ae249e41de,buy,0x4cd988afbad37289baaf53c13e98e2bd46aaea8c,0x5bc2863ca3fdd809736d79f7c12000fa56454de8b89b9b24649c5becef45b655
285,27000,0.09531,0x5daaa145804914c6c4d2cc6e051648db7d03bf60,2017-10-26T10:41:49.000Z,0.00000353,0x88a93cbe428580b212bcc63b5f7f81ae249e41de,buy,0x4cd988afbad37289baaf53c13e98e2bd46aaea8c,0x8186080affaa60c41a0817b505492cf8051042b765c96a1f67286ec4043602a3
286,31000,0.11191,0x5daaa145804914c6c4d2cc6e051648db7d03bf60,2017-10-26T10:41:24.000Z,0.00000361,0x7dd2b7049a05c5d95db27337c144eeda1354f87b,buy,0x4cd988afbad37289baaf53c13e98e2bd46aaea8c,0xcb400c030dcf6c47c5e9254e0d86a9e53280910d68ed0cf3c642c7de3757b1cb
287,10900,0.0392291,0x5daaa145804914c6c4d2cc6e051648db7d03bf60,2017-10-26T10:41:18.000Z,0.000003599,0xe3e4f4ef4ac1ff0ae714f0077c268fd33a808213,buy,0x4cd988afbad37289baaf53c13e98e2bd46aaea8c,0x2517f0fabd4d24c21774307a6b02d031dfd084d0e0bdf81398a0f927146eb24e
288,10000,0.0353,0x7dd2b7049a05c5d95db27337c144eeda1354f87b,2017-10-26T09:39:38.000Z,0.00000353,0x88a93cbe428580b212bcc63b5f7f81ae249e41de,buy,0x4cd988afbad37289baaf53c13e98e2bd46aaea8c,0x8797caf48e81cd8af433b98f55b3bc751091e8924aad47bb8d4d298fc3c8df84
289,700,0.002471,0x7dd2b7049a05c5d95db27337c144eeda1354f87b,2017-10-26T09:31:30.000Z,0.00000353,0x88a93cbe428580b212bcc63b5f7f81ae249e41de,buy,0x4cd988afbad37289baaf53c13e98e2bd46aaea8c,0xa4b592be59957ac599504e3292a726c903c311790a6fcdf32f42306312259776
290,48000,0.16224,0xed97cf17871ff27fbad98df9cb2ba7ce1e04685e,2017-10-26T09:15:33.000Z,0.00000338,0x4a508f1c2303642813186cbaf5a1e8df96f20a74,sell,0x4cd988afbad37289baaf53c13e98e2bd46aaea8c,0x27acd5f9ecfb67f222505c301692908ead11bc356364bc5d19826754a26ffe22
291,500000,1.69,0xed97cf17871ff27fbad98df9cb2ba7ce1e04685e,2017-10-26T09:11:16.000Z,0.00000338,0x4a508f1c2303642813186cbaf5a1e8df96f20a74,sell,0x4cd988afbad37289baaf53c13e98e2bd46aaea8c,0xa40963e7a7e291be36647bb2ece1a8d5f764e2df23007419a04b7216555ff5cf
292,11000,0.03718,0xed97cf17871ff27fbad98df9cb2ba7ce1e04685e,2017-10-26T09:03:40.000Z,0.00000338,0x4a508f1c2303642813186cbaf5a1e8df96f20a74,sell,0x4cd988afbad37289baaf53c13e98e2bd46aaea8c,0x8f71ba1745066fcc5653e6ab314fc0e5df4a2fa6ceaff4465d836544fb55202c
293,1000,0.00338,0xed97cf17871ff27fbad98df9cb2ba7ce1e04685e,2017-10-26T08:45:08.000Z,0.00000338,0xc839c08f9aafeeb7b751132e54c9a1d2c708cfa4,sell,0x4cd988afbad37289baaf53c13e98e2bd46aaea8c,0x63740d4106fb714226e6b092e83be109580831d1f4d5f21dd3b5514662e49a86
294,520000,1.768,0xed97cf17871ff27fbad98df9cb2ba7ce1e04685e,2017-10-26T08:38:06.000Z,0.0000034,0xc839c08f9aafeeb7b751132e54c9a1d2c708cfa4,sell,0x4cd988afbad37289baaf53c13e98e2bd46aaea8c,0x1f800647abc2fb0573060e3d8c518c222b64b7c40bffeb25a3251ced3abe9a2d
295,20000,0.068,0xed97cf17871ff27fbad98df9cb2ba7ce1e04685e,2017-10-26T08:35:35.000Z,0.0000034,0xc839c08f9aafeeb7b751132e54c9a1d2c708cfa4,sell,0x4cd988afbad37289baaf53c13e98e2bd46aaea8c,0x8d3b09ddb3b4e6e62f40afc36fed8cfb38fa9388970431fafa43b019cf83ce1a
296,300,0.001059,0xe3b35d7bf8ba5ea0d8c6a09c59803e5566d017aa,2017-10-26T05:56:09.000Z,0.00000353,0x88a93cbe428580b212bcc63b5f7f81ae249e41de,buy,0x4cd988afbad37289baaf53c13e98e2bd46aaea8c,0xf1b3cf4337ea7837869b8fc7ed96a76d4da799e4da36d2b584eb5927086a2c31
297,186000,0.65472,0xe3b35d7bf8ba5ea0d8c6a09c59803e5566d017aa,2017-10-26T05:54:41.000Z,0.00000352,0x88a93cbe428580b212bcc63b5f7f81ae249e41de,buy,0x4cd988afbad37289baaf53c13e98e2bd46aaea8c,0x2d47ade15a410c32d49195ce7818baae935bc7e4f6150ed01db70f2663f00018
298,242000,0.8349,0xe3b35d7bf8ba5ea0d8c6a09c59803e5566d017aa,2017-10-26T05:54:12.000Z,0.00000345,0x88a93cbe428580b212bcc63b5f7f81ae249e41de,buy,0x4cd988afbad37289baaf53c13e98e2bd46aaea8c,0x00909778161b46eddf2cc78049168cf08d5145dd12b8357a1d075e3dd7cfc4da
299,1000,0.00345,0xe3b35d7bf8ba5ea0d8c6a09c59803e5566d017aa,2017-10-26T05:43:14.000Z,0.00000345,0x88a93cbe428580b212bcc63b5f7f81ae249e41de,buy,0x4cd988afbad37289baaf53c13e98e2bd46aaea8c,0xc2c038a6c12c0f5e25ca114607d59cb1c9fb53277ffa7ca0e7563d301a7d83d5
300,3000,0.01056,0xe3b35d7bf8ba5ea0d8c6a09c59803e5566d017aa,2017-10-26T05:38:15.000Z,0.00000352,0x88a93cbe428580b212bcc63b5f7f81ae249e41de,buy,0x4cd988afbad37289baaf53c13e98e2bd46aaea8c,0xd0f2d1f52dd0a03aee09e41c10896608b18338afdaff11126884675d43c3bb13
301,40000,0.1352,0xed97cf17871ff27fbad98df9cb2ba7ce1e04685e,2017-10-26T05:28:03.000Z,0.00000338,0x3f103aacf41262cd789775edb8b6e5c270cf6f39,sell,0x4cd988afbad37289baaf53c13e98e2bd46aaea8c,0x9193b55439bd0f118cdda3e0d2f427965c7a7c82c6985fdad4af9fa1b70680e8
302,10000,0.034,0xed97cf17871ff27fbad98df9cb2ba7ce1e04685e,2017-10-26T05:19:02.000Z,0.0000034,0x3f103aacf41262cd789775edb8b6e5c270cf6f39,sell,0x4cd988afbad37289baaf53c13e98e2bd46aaea8c,0x45f6fd41f95e8939a5d833ade054cc18856cd4276d707ac54ca68f97150b9dd4
303,290556,1.016946,0xe3b35d7bf8ba5ea0d8c6a09c59803e5566d017aa,2017-10-26T05:08:53.000Z,0.0000035,0x88a93cbe428580b212bcc63b5f7f81ae249e41de,buy,0x4cd988afbad37289baaf53c13e98e2bd46aaea8c,0x33a1a23c8a6208e84bc36197e7356c2c4019ca058e697cbeef8f0798a1ba04c4
304,113000,0.38985,0xed97cf17871ff27fbad98df9cb2ba7ce1e04685e,2017-10-26T03:29:28.000Z,0.00000345,0x88a93cbe428580b212bcc63b5f7f81ae249e41de,buy,0x4cd988afbad37289baaf53c13e98e2bd46aaea8c,0x7e3bf07a72754e0ba4a0ab5ed6049356a74264bd71420725f76bf33b6868ff5c
305,321000,1.10745,0xed97cf17871ff27fbad98df9cb2ba7ce1e04685e,2017-10-26T03:28:49.000Z,0.00000345,0x88a93cbe428580b212bcc63b5f7f81ae249e41de,buy,0x4cd988afbad37289baaf53c13e98e2bd46aaea8c,0x047f0783ab70eac9c566621fd4e592749dd15489f56f95b851e814847d3f0f0c
306,400,0.00138,0xed97cf17871ff27fbad98df9cb2ba7ce1e04685e,2017-10-26T02:31:20.000Z,0.00000345,0x88a93cbe428580b212bcc63b5f7f81ae249e41de,buy,0x4cd988afbad37289baaf53c13e98e2bd46aaea8c,0x6ec45272fb694d2b17c2fbc1c92085a16f2b2738cdf654cd07af4cb97343d838
307,600,0.00207,0xed97cf17871ff27fbad98df9cb2ba7ce1e04685e,2017-10-26T02:23:31.000Z,0.00000345,0x88a93cbe428580b212bcc63b5f7f81ae249e41de,buy,0x4cd988afbad37289baaf53c13e98e2bd46aaea8c,0x88f053e31b0c115fbf86540544892117294b9b3b7556246dff4e739043081c6c
308,117612,0.40458528,0xed97cf17871ff27fbad98df9cb2ba7ce1e04685e,2017-10-26T02:23:16.000Z,0.00000344,0x88a93cbe428580b212bcc63b5f7f81ae249e41de,buy,0x4cd988afbad37289baaf53c13e98e2bd46aaea8c,0xb5607b050e0d0d3bde2cc52a7e4801f5eaafde9de965b20cba9747bc7a484889
309,160000,0.544,0xed97cf17871ff27fbad98df9cb2ba7ce1e04685e,2017-10-26T01:58:28.000Z,0.0000034,0xc9adb337ca299ab069463d4ecd38aece8926f4e5,sell,0x4cd988afbad37289baaf53c13e98e2bd46aaea8c,0x06fb91d99fd7fabf067b5a2946ea5dbad2b31e9ce2b05e7eaf03ace500fa87c9
310,3500,0.01204,0xed97cf17871ff27fbad98df9cb2ba7ce1e04685e,2017-10-26T01:55:05.000Z,0.00000344,0x88a93cbe428580b212bcc63b5f7f81ae249e41de,buy,0x4cd988afbad37289baaf53c13e98e2bd46aaea8c,0xdb6ab5df35a1af04ecf652aff901ec2257da22434078641aa2679a786953b141
311,44444,0.155554,0xe3b35d7bf8ba5ea0d8c6a09c59803e5566d017aa,2017-10-26T01:27:22.000Z,0.0000035,0x88a93cbe428580b212bcc63b5f7f81ae249e41de,buy,0x4cd988afbad37289baaf53c13e98e2bd46aaea8c,0x4c6502f9e00ff8f0db192b240a9da9d1c5c8154098e99cfa0e5b291f26fe8294
312,2000,0.0069,0xc9adb337ca299ab069463d4ecd38aece8926f4e5,2017-10-26T00:51:15.000Z,0.00000345,0x88a93cbe428580b212bcc63b5f7f81ae249e41de,buy,0x4cd988afbad37289baaf53c13e98e2bd46aaea8c,0x379eb72befcaaf59eb7e582b45d8a30cfb3e3e572a1db504fd5daf20674b8b27
313,8888,0.03057472,0xc9adb337ca299ab069463d4ecd38aece8926f4e5,2017-10-26T00:51:10.000Z,0.00000344,0x88a93cbe428580b212bcc63b5f7f81ae249e41de,buy,0x4cd988afbad37289baaf53c13e98e2bd46aaea8c,0x85dd2d5cc25ab51aaa6c71283afc47e7e23484a304ec985e9f1c51d7ef09ae6a
314,29684.89826810334,0.09825701326742206,0xe3b35d7bf8ba5ea0d8c6a09c59803e5566d017aa,2017-10-25T23:42:19.000Z,0.00000330999999999999,0x1ed014aec47fae44c9e55bac7662c0b78ae61798,sell,0x4cd988afbad37289baaf53c13e98e2bd46aaea8c,0x05efc965dfe7df32b660cc91a0bed6753016e7dd66a607582b536fe807dfaeda
315,100,0.0003599,0x7a8dcc431b75b2ce3f55fc44bdcb121d3e839916,2017-10-25T19:51:47.000Z,0.000003599,0xe3e4f4ef4ac1ff0ae714f0077c268fd33a808213,buy,0x4cd988afbad37289baaf53c13e98e2bd46aaea8c,0xf9d21ee3dae436dfd8117341dbdbb1b920f33344d1b2561ae7c72a90070a1479
316,100,0.000372,0xc839c08f9aafeeb7b751132e54c9a1d2c708cfa4,2017-10-25T17:10:15.000Z,0.00000372,0xed97cf17871ff27fbad98df9cb2ba7ce1e04685e,buy,0x4cd988afbad37289baaf53c13e98e2bd46aaea8c,0x6ea853c2d0313db71a246c3fc3859f20ef8559cedde124ad2f1133fa21d67e1f
317,100,0.000372,0xc839c08f9aafeeb7b751132e54c9a1d2c708cfa4,2017-10-25T17:10:04.000Z,0.00000372,0xed97cf17871ff27fbad98df9cb2ba7ce1e04685e,buy,0x4cd988afbad37289baaf53c13e98e2bd46aaea8c,0x5c070c8241d0bf79d624aecc20d7fc5543c3321b3f96e96acaedeeeab8e3ef1d
318,11000,0.03971,0xe3e4f4ef4ac1ff0ae714f0077c268fd33a808213,2017-10-25T17:09:09.000Z,0.00000361,0x7dd2b7049a05c5d95db27337c144eeda1354f87b,buy,0x4cd988afbad37289baaf53c13e98e2bd46aaea8c,0xfa3e9e3c382b9cd450d98470ed9ed9748b94b1df3383a51f8cd263cba7c9f788
319,374,0.00135014,0x67c80cde9200e8fbdcbae68f4c28ab74d88db962,2017-10-25T17:02:39.000Z,0.00000361,0x7dd2b7049a05c5d95db27337c144eeda1354f87b,buy,0x4cd988afbad37289baaf53c13e98e2bd46aaea8c,0xc191459d69fdf5c6c52bd8af9108a06ab3e1f7ef9a12357367c5a14fb562bac2
320,5000,0.01805,0xe3b35d7bf8ba5ea0d8c6a09c59803e5566d017aa,2017-10-25T16:45:22.000Z,0.00000361,0x7dd2b7049a05c5d95db27337c144eeda1354f87b,buy,0x4cd988afbad37289baaf53c13e98e2bd46aaea8c,0xb3191835962905c96f3f7c9fec631873c1879da597efc4cc70e88093d5386e5d
321,460000,1.5226,0xe3b35d7bf8ba5ea0d8c6a09c59803e5566d017aa,2017-10-25T16:09:09.000Z,0.00000331,0x88a93cbe428580b212bcc63b5f7f81ae249e41de,sell,0x4cd988afbad37289baaf53c13e98e2bd46aaea8c,0xbc75425e1ba03c5180df5773b71f952468dd141d36cd3442489f5fd08ae95bcc
322,141389,0.5090004,0xe3b35d7bf8ba5ea0d8c6a09c59803e5566d017aa,2017-10-25T15:31:02.000Z,0.0000036,0x7dd2b7049a05c5d95db27337c144eeda1354f87b,buy,0x4cd988afbad37289baaf53c13e98e2bd46aaea8c,0xb414b675c1fa55231da00ef6c2dcac5f66cc6865078a944764b6219202b87f24
323,375000,1.27125,0xc9adb337ca299ab069463d4ecd38aece8926f4e5,2017-10-25T14:40:49.000Z,0.00000339,0xed97cf17871ff27fbad98df9cb2ba7ce1e04685e,sell,0x4cd988afbad37289baaf53c13e98e2bd46aaea8c,0xbe5a03978f91b26251cc933048383ee2df47969ac35126aeac41cfd27b3e690f
324,411000,1.43439,0xc9adb337ca299ab069463d4ecd38aece8926f4e5,2017-10-25T14:36:01.000Z,0.00000349,0xed97cf17871ff27fbad98df9cb2ba7ce1e04685e,sell,0x4cd988afbad37289baaf53c13e98e2bd46aaea8c,0x65a35266bed39bd674c7ca7a3411304a8cccaf66817c1fa1b8f7f25d1773ca6f
325,7000,0.02373,0xc9adb337ca299ab069463d4ecd38aece8926f4e5,2017-10-25T14:14:28.000Z,0.00000339,0xed97cf17871ff27fbad98df9cb2ba7ce1e04685e,sell,0x4cd988afbad37289baaf53c13e98e2bd46aaea8c,0xc57717868abef7bbd8f55d6d46c41005b69376caf5416e7dbd1f21f667e0f796
326,300000,1.047,0xc9adb337ca299ab069463d4ecd38aece8926f4e5,2017-10-25T14:12:50.000Z,0.00000349,0xed97cf17871ff27fbad98df9cb2ba7ce1e04685e,sell,0x4cd988afbad37289baaf53c13e98e2bd46aaea8c,0xf3b59daa3d9ea1bd37bc43dbe6e40fa8174ee9dd216b71abc2321217fe05d365
327,1000,0.00361,0xc839c08f9aafeeb7b751132e54c9a1d2c708cfa4,2017-10-25T13:58:33.000Z,0.00000361,0x7dd2b7049a05c5d95db27337c144eeda1354f87b,buy,0x4cd988afbad37289baaf53c13e98e2bd46aaea8c,0xb69ab818194c51c23d6150829c9ab6889e69b9af2ceff3fbf6bb926029f16940
328,111,0.0003996,0xc839c08f9aafeeb7b751132e54c9a1d2c708cfa4,2017-10-25T13:58:33.000Z,0.0000036,0x7dd2b7049a05c5d95db27337c144eeda1354f87b,buy,0x4cd988afbad37289baaf53c13e98e2bd46aaea8c,0xced367c63189f470489c6eebb8f4e87940d68706a7a6ea325b834347b162dfb9
329,410000,1.4801,0xe3b35d7bf8ba5ea0d8c6a09c59803e5566d017aa,2017-10-25T12:41:34.000Z,0.00000361,0x7dd2b7049a05c5d95db27337c144eeda1354f87b,buy,0x4cd988afbad37289baaf53c13e98e2bd46aaea8c,0xb6783bc79ad9a06e9553b5d55f09e16a89bb53376f7af7105e6af4794b23f8d1
330,198000,0.7128,0xed97cf17871ff27fbad98df9cb2ba7ce1e04685e,2017-10-25T12:19:04.000Z,0.0000036,0x7dd2b7049a05c5d95db27337c144eeda1354f87b,buy,0x4cd988afbad37289baaf53c13e98e2bd46aaea8c,0x048e3893df7c17395e1791f99f3bbf0dd9e20eac6744d4a63a5f56db4e4c290b
331,44000,0.15356,0xc9adb337ca299ab069463d4ecd38aece8926f4e5,2017-10-25T12:01:40.000Z,0.00000349,0xed97cf17871ff27fbad98df9cb2ba7ce1e04685e,sell,0x4cd988afbad37289baaf53c13e98e2bd46aaea8c,0xf2b0e24dd7a40d86365e75f18d951ec0f8bae2e61c9ff49c7a8cc76382874f3f
332,500,0.0018,0xed97cf17871ff27fbad98df9cb2ba7ce1e04685e,2017-10-25T11:51:58.000Z,0.0000036,0x7dd2b7049a05c5d95db27337c144eeda1354f87b,buy,0x4cd988afbad37289baaf53c13e98e2bd46aaea8c,0x1ce759bbba19a7fa80e9b31e871fc8a0931f2bbf05e5123a2c25cf5594cf7dc8
333,181200,0.64326,0xed97cf17871ff27fbad98df9cb2ba7ce1e04685e,2017-10-25T11:45:25.000Z,0.00000355,0x4a508f1c2303642813186cbaf5a1e8df96f20a74,buy,0x4cd988afbad37289baaf53c13e98e2bd46aaea8c,0x661aa512b049e3942e23e90134b2ee986c3e6cacbe36f2b8f076f00f2acd3f95
334,310000,1.1005,0xed97cf17871ff27fbad98df9cb2ba7ce1e04685e,2017-10-25T11:37:00.000Z,0.00000355,0x4a508f1c2303642813186cbaf5a1e8df96f20a74,buy,0x4cd988afbad37289baaf53c13e98e2bd46aaea8c,0x8f24e5c6ee6b7397b60c92fd1699741af59d2811d98103aa505c02aa7315a75e
335,30000,0.1017,0xc9adb337ca299ab069463d4ecd38aece8926f4e5,2017-10-25T11:30:37.000Z,0.00000339,0xed97cf17871ff27fbad98df9cb2ba7ce1e04685e,sell,0x4cd988afbad37289baaf53c13e98e2bd46aaea8c,0xc04d92b4b7f3bef8830739485b9a90bc090b499ec922fb597d717cb732fbea91
336,150000,0.5325,0x5daaa145804914c6c4d2cc6e051648db7d03bf60,2017-10-25T05:25:12.000Z,0.00000355,0x4a508f1c2303642813186cbaf5a1e8df96f20a74,buy,0x4cd988afbad37289baaf53c13e98e2bd46aaea8c,0xeaa6efc270f15993a2d34b68110d8c2b5a2e0f94163d1a18092d471120c253eb
337,248800,0.88324,0x5daaa145804914c6c4d2cc6e051648db7d03bf60,2017-10-25T05:19:05.000Z,0.00000355,0x4a508f1c2303642813186cbaf5a1e8df96f20a74,buy,0x4cd988afbad37289baaf53c13e98e2bd46aaea8c,0xe245bc9dbc5907d9a8773bd4b055f6780429bb3cd2aa2f0a3934c601b2d184c3
338,14000,0.04886,0xc9adb337ca299ab069463d4ecd38aece8926f4e5,2017-10-25T05:12:55.000Z,0.00000349,0x4a508f1c2303642813186cbaf5a1e8df96f20a74,sell,0x4cd988afbad37289baaf53c13e98e2bd46aaea8c,0x3899dfc404ce43dc1f9dc31a25f97d4b26133daaa13c9d8f7325eaa0bfed494b
339,330000,1.188,0xe3b35d7bf8ba5ea0d8c6a09c59803e5566d017aa,2017-10-25T05:01:24.000Z,0.0000036,0x7dd2b7049a05c5d95db27337c144eeda1354f87b,buy,0x4cd988afbad37289baaf53c13e98e2bd46aaea8c,0xa6a7dab761f312604bd3488a9ac7dec43f294ffa7271c693a03b7468881676d7
340,80000,0.288,0xe3b35d7bf8ba5ea0d8c6a09c59803e5566d017aa,2017-10-25T04:59:44.000Z,0.0000036,0x7dd2b7049a05c5d95db27337c144eeda1354f87b,buy,0x4cd988afbad37289baaf53c13e98e2bd46aaea8c,0xbd68950b702bb1237de8e97bce6c877bed765ae107570d5daf95b034b378b558
341,111,0.000387501,0xf36990a2cb4d609e0a7d4f3bf884c0342d81fd3d,2017-10-25T04:59:24.000Z,0.000003491,0x7dd2b7049a05c5d95db27337c144eeda1354f87b,sell,0x4cd988afbad37289baaf53c13e98e2bd46aaea8c,0x14dd05b8d9ced71724974221a4cd49debec72a9ee3e3b70e4546842fb3b2fc8b
342,1000,0.00349,0xc9adb337ca299ab069463d4ecd38aece8926f4e5,2017-10-25T03:35:41.000Z,0.00000349,0x7dd2b7049a05c5d95db27337c144eeda1354f87b,sell,0x4cd988afbad37289baaf53c13e98e2bd46aaea8c,0xd7e8a2d407413a6164853d6f02f923401ecc433b8903f90177e9c73c401ab2c7
343,900000,3.222,0xed97cf17871ff27fbad98df9cb2ba7ce1e04685e,2017-10-25T03:27:27.000Z,0.00000358,0x7dd2b7049a05c5d95db27337c144eeda1354f87b,buy,0x4cd988afbad37289baaf53c13e98e2bd46aaea8c,0x19c36e13342d4680d810f64e1e78a3ec2640323233e66006d820ea7f7605478f
344,50000,0.18,0xed97cf17871ff27fbad98df9cb2ba7ce1e04685e,2017-10-25T03:17:20.000Z,0.0000036,0x7dd2b7049a05c5d95db27337c144eeda1354f87b,buy,0x4cd988afbad37289baaf53c13e98e2bd46aaea8c,0x8be1c248138a28357810f7a0831c8bd7bee9c2709018608477ea452a3d5bd53e
345,210000,0.7518,0xc9adb337ca299ab069463d4ecd38aece8926f4e5,2017-10-25T02:39:28.000Z,0.00000358,0x7dd2b7049a05c5d95db27337c144eeda1354f87b,buy,0x4cd988afbad37289baaf53c13e98e2bd46aaea8c,0x6f3284d2fa4950b5500cce4a033f5d7cc2074f12ea1f3cb0982298287bdb88cc
346,137836.16787957333,0.4865616726148938,0xc9adb337ca299ab069463d4ecd38aece8926f4e5,2017-10-25T01:56:16.000Z,0.00000352999999999999,0x7dd2b7049a05c5d95db27337c144eeda1354f87b,sell,0x4cd988afbad37289baaf53c13e98e2bd46aaea8c,0x4709d6a94d4ca7607b4b16d52cfba819e3a520a01471e905384da474e51686e7
347,100000,0.3,0x4febc5fafe8a6523275075bbe2eb977ac8481052,2017-10-25T01:23:20.000Z,0.000003,0x4febc5fafe8a6523275075bbe2eb977ac8481052,sell,0x4cd988afbad37289baaf53c13e98e2bd46aaea8c,0x7f0d7eee614410652b9d9683afeafb14087b9c86e73df0e43ad8f66458c32ae0
348,90000,0.3348,0xc9adb337ca299ab069463d4ecd38aece8926f4e5,2017-10-25T00:51:49.000Z,0.00000372,0xed97cf17871ff27fbad98df9cb2ba7ce1e04685e,buy,0x4cd988afbad37289baaf53c13e98e2bd46aaea8c,0xb88e24a0c33e3756f3fcdddc9797d01fc139a4d99826c22eef0a8952dfe6131c
349,1000,0.00372,0xaec7fad17c8adb73e36f3d1ec7d3f56a65413549,2017-10-24T19:53:46.000Z,0.00000372,0xed97cf17871ff27fbad98df9cb2ba7ce1e04685e,buy,0x4cd988afbad37289baaf53c13e98e2bd46aaea8c,0x9da3bc64393e24bcbc7e494c5a5182bbd4283abe8d61471677d9b08ce1fbf9a6
350,398763.8321204267,1.4076363273851062,0xc9adb337ca299ab069463d4ecd38aece8926f4e5,2017-10-24T18:43:21.000Z,0.00000352999999999999,0x1f88226d0ae261a2b08e31647947f2911125a3bb,sell,0x4cd988afbad37289baaf53c13e98e2bd46aaea8c,0x74ee94cb3395b6f33e619857ef62b399d8bb89b69cd9ddd018624499e8fdba90
351,1000,0.0038,0xc9adb337ca299ab069463d4ecd38aece8926f4e5,2017-10-24T15:27:08.000Z,0.0000038,0xed97cf17871ff27fbad98df9cb2ba7ce1e04685e,buy,0x4cd988afbad37289baaf53c13e98e2bd46aaea8c,0x35c1463d767db7d19533a8b651e36d0a7bac4916e7e52ecbcbd1d0386e97ed7b
352,690000,2.5668,0xc9adb337ca299ab069463d4ecd38aece8926f4e5,2017-10-24T15:20:15.000Z,0.00000372,0xed97cf17871ff27fbad98df9cb2ba7ce1e04685e,buy,0x4cd988afbad37289baaf53c13e98e2bd46aaea8c,0xcf9587bc29abfdef1170619e8c1300b1ac946057291489f4c27cec11030bd962
353,140000,0.4998,0xc9adb337ca299ab069463d4ecd38aece8926f4e5,2017-10-24T15:12:37.000Z,0.00000357,0x3fecbde3bb7ade1afee2e6acb4a0131e423c7453,buy,0x4cd988afbad37289baaf53c13e98e2bd46aaea8c,0x929ea8c3ea362a7942d8f2baf75e8a591e1d4412404ef906c7fa680e68219f23
354,19000,0.06935,0xc9adb337ca299ab069463d4ecd38aece8926f4e5,2017-10-24T15:12:37.000Z,0.00000365,0x47dc26367828fecef504b1e23e1701c5c9b72e1f,buy,0x4cd988afbad37289baaf53c13e98e2bd46aaea8c,0xa841523c0b7fee9a8702240abe885d68526f5ffa925f20495304f8a85ba1ab66
355,28238.26276496975,0.09770438916679533,0xd5738e30a526bce278bff00b5f32db79ba138d7e,2017-10-24T14:55:09.000Z,0.00000345999999999999,0xed97cf17871ff27fbad98df9cb2ba7ce1e04685e,sell,0x4cd988afbad37289baaf53c13e98e2bd46aaea8c,0x0468c5c5bb99c3d8971ba3816b95c2b491c9c14d5b55ef3df147c7ca846672b0
356,703.063,0.00256617995,0x7dd2b7049a05c5d95db27337c144eeda1354f87b,2017-10-24T14:49:04.000Z,0.00000365,0x47dc26367828fecef504b1e23e1701c5c9b72e1f,buy,0x4cd988afbad37289baaf53c13e98e2bd46aaea8c,0x9b275fbf444a5624fd40248129979b4d7d0325a9b52802bbc2e608ebd4557974
357,40000,0.1428,0x7dd2b7049a05c5d95db27337c144eeda1354f87b,2017-10-24T14:48:09.000Z,0.00000357,0x3fecbde3bb7ade1afee2e6acb4a0131e423c7453,buy,0x4cd988afbad37289baaf53c13e98e2bd46aaea8c,0xa3be254bef7728f3bc7b7ee3fce8b3565d3f96cbb53e991602eb1031021bf0f4
358,11200,0.040544,0x7dd2b7049a05c5d95db27337c144eeda1354f87b,2017-10-24T13:13:48.000Z,0.00000362,0xbda3ae1ed77728e30c7caea6430a77ff0fb41a29,buy,0x4cd988afbad37289baaf53c13e98e2bd46aaea8c,0x2c2ea129703ffe0cb014fa9a539bc3620a122b0b85f71d8dd6cc204522466ff8
359,1111,0.00384406,0xd5738e30a526bce278bff00b5f32db79ba138d7e,2017-10-24T13:10:08.000Z,0.00000346,0x7dd2b7049a05c5d95db27337c144eeda1354f87b,sell,0x4cd988afbad37289baaf53c13e98e2bd46aaea8c,0xd4e4e9e0ee400bcb5690f479c4aa9e8e5a862377bf327b1a8367a6794c511b62
360,1120000,3.9984,0x7dd2b7049a05c5d95db27337c144eeda1354f87b,2017-10-24T12:56:04.000Z,0.00000357,0x3fecbde3bb7ade1afee2e6acb4a0131e423c7453,buy,0x4cd988afbad37289baaf53c13e98e2bd46aaea8c,0xbd29eef3e397114565e5b73ee96f5a590e63ef6aacd3b879dfa2112eb6995c22
361,1120000,3.9984,0x7dd2b7049a05c5d95db27337c144eeda1354f87b,2017-10-24T12:51:10.000Z,0.00000357,0x3fecbde3bb7ade1afee2e6acb4a0131e423c7453,buy,0x4cd988afbad37289baaf53c13e98e2bd46aaea8c,0xd82425a522404e42375e4116f5ba009f47c907b4f2b1942ce0704b1b426bc6ae
362,1450,0.005017,0xd5738e30a526bce278bff00b5f32db79ba138d7e,2017-10-24T12:01:32.000Z,0.00000346,0x7dd2b7049a05c5d95db27337c144eeda1354f87b,sell,0x4cd988afbad37289baaf53c13e98e2bd46aaea8c,0xa232939e95e041fd9aa395437320253c97b3727789b4b44c3de51ddfaa596d07
363,700,0.002499,0x4febc5fafe8a6523275075bbe2eb977ac8481052,2017-10-24T11:40:01.000Z,0.00000357,0x3fecbde3bb7ade1afee2e6acb4a0131e423c7453,buy,0x4cd988afbad37289baaf53c13e98e2bd46aaea8c,0x13e579d60103e61e13f0d7ebc77ce432a1795e5f7459ddadf0f1790b1b1175f1
364,10000,0.0357,0x273a5d3e6721b9f5c1a6474f560c1334c63dda01,2017-10-24T11:32:14.000Z,0.00000357,0x3fecbde3bb7ade1afee2e6acb4a0131e423c7453,buy,0x4cd988afbad37289baaf53c13e98e2bd46aaea8c,0x5f6ab0c2d49bf9422bc0de35894e84b59422bd2b1ce6e6328816523614bb0076
365,9970,0.307076,0x4febc5fafe8a6523275075bbe2eb977ac8481052,2017-10-24T11:32:14.000Z,0.0000308,0x273a5d3e6721b9f5c1a6474f560c1334c63dda01,sell,0x4cd988afbad37289baaf53c13e98e2bd46aaea8c,0x5f6ab0c2d49bf9422bc0de35894e84b59422bd2b1ce6e6328816523614bb0076
366,100000,0.3,0x4febc5fafe8a6523275075bbe2eb977ac8481052,2017-10-24T11:23:47.000Z,0.000003,0x4febc5fafe8a6523275075bbe2eb977ac8481052,sell,0x4cd988afbad37289baaf53c13e98e2bd46aaea8c,0x37375ff530ad9e371d599e1805aa78916615e7e9469bffce24f3ceaae46ab1e0
367,268700,0.959259,0xe3b35d7bf8ba5ea0d8c6a09c59803e5566d017aa,2017-10-24T11:10:49.000Z,0.00000357,0x3fecbde3bb7ade1afee2e6acb4a0131e423c7453,buy,0x4cd988afbad37289baaf53c13e98e2bd46aaea8c,0xf2572164801692d4a0e846b66205f69852ccccc4fc1cd68ace35386ab580e1d0
368,4984.547901505333,0.01724653573920845,0xd5738e30a526bce278bff00b5f32db79ba138d7e,2017-10-24T10:57:14.000Z,0.00000345999999999999,0x4c4accb56ab37e60dbad323c37c2ae4e791ae36c,sell,0x4cd988afbad37289baaf53c13e98e2bd46aaea8c,0xaa9a7314474b1a3849149ec7d11858c61daacc333157fa51b7cda3fb893b9123
369,600,0.002142,0x5daaa145804914c6c4d2cc6e051648db7d03bf60,2017-10-24T10:49:01.000Z,0.00000357,0x3fecbde3bb7ade1afee2e6acb4a0131e423c7453,buy,0x4cd988afbad37289baaf53c13e98e2bd46aaea8c,0x2cdec600b0f00f4ef37c790c8125910f7b81155443440d31fe9289ac5141d277
370,11677.1,0.041687247,0x4febc5fafe8a6523275075bbe2eb977ac8481052,2017-10-24T10:32:00.000Z,0.00000357,0x3fecbde3bb7ade1afee2e6acb4a0131e423c7453,buy,0x4cd988afbad37289baaf53c13e98e2bd46aaea8c,0xe275a2b12949f97a34d852942663cae2880d093f833f2ddb27409f41bc3da1f3
371,13000,0.04498,0xd5738e30a526bce278bff00b5f32db79ba138d7e,2017-10-24T09:31:45.000Z,0.00000346,0xed97cf17871ff27fbad98df9cb2ba7ce1e04685e,sell,0x4cd988afbad37289baaf53c13e98e2bd46aaea8c,0xfd0c596f97f8a1d9a45c8c59c109c8aedbb10ea5dc0c90fc2ddd6414f7d9cb61
372,680000,2.4276,0xd5738e30a526bce278bff00b5f32db79ba138d7e,2017-10-24T09:22:39.000Z,0.00000357,0x3fecbde3bb7ade1afee2e6acb4a0131e423c7453,buy,0x4cd988afbad37289baaf53c13e98e2bd46aaea8c,0x3fa007d9b45fdcd1f432542d34f32f28f11c080eb234cd2f20bf45e27a5cd7ee
373,5000,0.0181,0x5daaa145804914c6c4d2cc6e051648db7d03bf60,2017-10-24T08:55:14.000Z,0.00000362,0xbda3ae1ed77728e30c7caea6430a77ff0fb41a29,buy,0x4cd988afbad37289baaf53c13e98e2bd46aaea8c,0xfe6227f61cb393520d15b0e28ca2b7a333d46f7c3d8687e63623be12808a9d72
374,3200,0.011584,0x7dd2b7049a05c5d95db27337c144eeda1354f87b,2017-10-24T07:34:02.000Z,0.00000362,0xbda3ae1ed77728e30c7caea6430a77ff0fb41a29,buy,0x4cd988afbad37289baaf53c13e98e2bd46aaea8c,0x1f623bb8c3422f95168e8956416724828f1ff02179b091a0aaba47b1d0d1423d
375,600,0.002172,0x7dd2b7049a05c5d95db27337c144eeda1354f87b,2017-10-24T06:50:27.000Z,0.00000362,0xbda3ae1ed77728e30c7caea6430a77ff0fb41a29,buy,0x4cd988afbad37289baaf53c13e98e2bd46aaea8c,0xd09e63be0ca09959fd530ceb84b4633d4900d7b5c5f5a39a9ae2427539fe8509
376,44516.8998,0.153138135312,0xd5738e30a526bce278bff00b5f32db79ba138d7e,2017-10-24T06:29:46.000Z,0.00000344,0xe3e4f4ef4ac1ff0ae714f0077c268fd33a808213,buy,0x4cd988afbad37289baaf53c13e98e2bd46aaea8c,0x53484c758b001f20927debe6c50f01b4b1131a88f28fea6c3a29fdbfd6d36bc8
377,510000,1.70187,0xd5738e30a526bce278bff00b5f32db79ba138d7e,2017-10-24T06:18:30.000Z,0.000003337,0xed97cf17871ff27fbad98df9cb2ba7ce1e04685e,buy,0x4cd988afbad37289baaf53c13e98e2bd46aaea8c,0x3b1ceef0320c0be5650710d79be5fe27f9fd3b751240d33c5851d5ff0934563f
378,15000,0.0516,0xd5738e30a526bce278bff00b5f32db79ba138d7e,2017-10-24T01:18:27.000Z,0.00000344,0xe3e4f4ef4ac1ff0ae714f0077c268fd33a808213,buy,0x4cd988afbad37289baaf53c13e98e2bd46aaea8c,0x375232eed58b3cfa1b375e8112104a16f15507bf8ab5a03f8c1c53a60ebf0fc8
379,1588,0.00546272,0xe3b35d7bf8ba5ea0d8c6a09c59803e5566d017aa,2017-10-24T01:16:58.000Z,0.00000344,0xe3e4f4ef4ac1ff0ae714f0077c268fd33a808213,buy,0x4cd988afbad37289baaf53c13e98e2bd46aaea8c,0x59672c93e4e38baabb9f233000ef2bf13ff9e64064c7088835084f34270b63a9
380,112000,0.38528,0xe3b35d7bf8ba5ea0d8c6a09c59803e5566d017aa,2017-10-23T16:09:59.000Z,0.00000344,0xe3e4f4ef4ac1ff0ae714f0077c268fd33a808213,buy,0x4cd988afbad37289baaf53c13e98e2bd46aaea8c,0x04b92f1ec5e3689b598ff25155019086812cfbaa2934e9baaed8bbbf974fcbea
381,7700,0.025333,0xd5738e30a526bce278bff00b5f32db79ba138d7e,2017-10-23T16:08:29.000Z,0.00000329,0xe3e4f4ef4ac1ff0ae714f0077c268fd33a808213,sell,0x4cd988afbad37289baaf53c13e98e2bd46aaea8c,0x65ce441bc128de6065e98acc0e0d6e81bd006736f4fd806a78ee46cf10a1041b
382,113000,0.37177,0xd5738e30a526bce278bff00b5f32db79ba138d7e,2017-10-23T16:02:59.000Z,0.00000329,0xe3e4f4ef4ac1ff0ae714f0077c268fd33a808213,sell,0x4cd988afbad37289baaf53c13e98e2bd46aaea8c,0x4964ebd676f47908e4604fc40ecc5cc9eb17a5bb929a37dfacfc69a0734d1303
383,11000,0.03784,0xd5738e30a526bce278bff00b5f32db79ba138d7e,2017-10-23T15:54:28.000Z,0.00000344,0xe3e4f4ef4ac1ff0ae714f0077c268fd33a808213,buy,0x4cd988afbad37289baaf53c13e98e2bd46aaea8c,0xf092f9e5dd3a12ebc0514f4b978da9ff120fb6017bec9cdcaa917a4cc39bd933
384,330000,1.1187,0xd5738e30a526bce278bff00b5f32db79ba138d7e,2017-10-23T15:46:45.000Z,0.00000339,0xe3e4f4ef4ac1ff0ae714f0077c268fd33a808213,buy,0x4cd988afbad37289baaf53c13e98e2bd46aaea8c,0xd4f929353f1905ed035226212ddf89436871b1c1208e7146d21fae0ea96ed482
385,40.296,0.00013861824,0xd5738e30a526bce278bff00b5f32db79ba138d7e,2017-10-23T15:19:26.000Z,0.00000344,0xe3e4f4ef4ac1ff0ae714f0077c268fd33a808213,buy,0x4cd988afbad37289baaf53c13e98e2bd46aaea8c,0xcfefb52a00b8531e4357f0b6c1c716051b0a8858d51d7fee43a1da1fbb23ad53
386,80000,0.2712,0xd5738e30a526bce278bff00b5f32db79ba138d7e,2017-10-23T15:13:41.000Z,0.00000339,0xe3e4f4ef4ac1ff0ae714f0077c268fd33a808213,buy,0x4cd988afbad37289baaf53c13e98e2bd46aaea8c,0xefae00fb2c5cd57bf74657f720fd96e0402a22425209fe77179a1194b2d4d35d
387,1900,0.006441,0xd5738e30a526bce278bff00b5f32db79ba138d7e,2017-10-23T15:04:58.000Z,0.00000339,0xe3e4f4ef4ac1ff0ae714f0077c268fd33a808213,buy,0x4cd988afbad37289baaf53c13e98e2bd46aaea8c,0x12aabefcdbf1617d779718a9a32a1348d2be788b5d4031dafd73cb76b2289d72
388,18000,0.06102,0xd5738e30a526bce278bff00b5f32db79ba138d7e,2017-10-23T14:53:51.000Z,0.00000339,0xe3e4f4ef4ac1ff0ae714f0077c268fd33a808213,buy,0x4cd988afbad37289baaf53c13e98e2bd46aaea8c,0x9a46c28b4a083f0f16e29ca72732c00066c9c1d79037f8d2c6f6056668cac67e
