,amount,amountBase,buyer,date,price,seller,side,tokenAddr,txHash
0,0.625,0.0005,0x4fda9e6bcd83af6c5cc771b5d20accc2b7720074,2017-11-02T14:44:32.000Z,0.0008,0xc11f32a3d45a3dc54b34234dd2b9f46292e69c02,buy,0x7c5a0ce9267ed19b22f8cae653f198e3e8daf098,0x8acd075bb3c5df579d6c4f0ec6f3555b66c69aeb6c64d46a02a3582ae100b2df
1,0.625,0.0005,0x3075f7f189912f4f425dd7021b9c396434197477,2017-11-02T14:37:12.000Z,0.0008,0xc11f32a3d45a3dc54b34234dd2b9f46292e69c02,buy,0x7c5a0ce9267ed19b22f8cae653f198e3e8daf098,0x9152c75fcd6b8119c07717d94cb554e825c8f9bec935ba2efd96f7f144a045ac
2,100,0.077,0x667d04d0f2b86e6a8ea9d5b67834e709c633c3c0,2017-10-31T21:30:46.000Z,0.00077,0x254fb89e4cab71708eaab16e067ca8156a38e18a,buy,0x7c5a0ce9267ed19b22f8cae653f198e3e8daf098,0x1f6d234b95c0223bc4dea5078df768d00cd99ab3f62afa89cfcdd8eeb6a50564
3,0.0993828711296049,0.000067580352368131,0x9833156e2636e8c218252ed5caa62a62463bc768,2017-10-31T16:54:20.000Z,0.0006799999999999967,0x26a7f4ab31d95cb549daaf4c0335bd7204581f05,sell,0x7c5a0ce9267ed19b22f8cae653f198e3e8daf098,0xcfb9d68e15b30c28e35a4841ef9c0705f7e53ec309a08352cd3c6b3d6023f2b4
4,996.9095803010667,0.6778985146047254,0x9833156e2636e8c218252ed5caa62a62463bc768,2017-10-31T16:52:38.000Z,0.0006799999999999999,0x26a7f4ab31d95cb549daaf4c0335bd7204581f05,sell,0x7c5a0ce9267ed19b22f8cae653f198e3e8daf098,0xd87516d0a314113b16a4472a664b18f7c3ebdc0a9db31e19dcda9aaad89f3407
5,500,0.36,0x6c723da0e2243be0d60a23801c00039b98ce35d6,2017-10-31T14:18:50.000Z,0.00072,0x254fb89e4cab71708eaab16e067ca8156a38e18a,buy,0x7c5a0ce9267ed19b22f8cae653f198e3e8daf098,0x029279c3e9aeafbc88928866b0c43626905702ead3d66b6070b1ee51399793d5
6,300,0.219,0x6c723da0e2243be0d60a23801c00039b98ce35d6,2017-10-31T14:18:50.000Z,0.00073,0x527e6009e17c7e85ca8c3912accd8f0e12b89e2b,buy,0x7c5a0ce9267ed19b22f8cae653f198e3e8daf098,0x48b40a3074490a170c8f7cab00a4363b6630bff99f7aa65b73ea71064e87e9ef
7,200,0.1436,0x6c723da0e2243be0d60a23801c00039b98ce35d6,2017-10-31T14:14:35.000Z,0.000718,0x3dee4a4e076e8d82859d241db0baf46f112cfa23,buy,0x7c5a0ce9267ed19b22f8cae653f198e3e8daf098,0x52dea25845a69a8b3f525f42fb21610553835a4aa1c2a6e5629ba4c16be3b4b3
8,199.3816516505228,0.12999703625779252,0x3dee4a4e076e8d82859d241db0baf46f112cfa23,2017-10-31T10:06:56.000Z,0.000652001,0x92a8f4c470e2c243e48c14709dda9009be4d5310,sell,0x7c5a0ce9267ed19b22f8cae653f198e3e8daf098,0x797bb46459391f9faac0b7a3e56ce3ff8be8aae3d341ad4bad18d7956cf1cbed
9,0.5927520648517,0.000386474939035373,0x3dee4a4e076e8d82859d241db0baf46f112cfa23,2017-10-31T05:38:44.000Z,0.0006520009999999996,0xe444a40689f51f63bcd29910622035707d533d29,sell,0x7c5a0ce9267ed19b22f8cae653f198e3e8daf098,0xc909e5143bcd4a0d1c66b165482afe5ddf200465096d3c6c2484c99033fee6cb
10,0.01,0.0000078,0x0c4085d8e714ca77ac5f46cd2b80a92d238a7cd3,2017-10-31T01:14:49.000Z,0.00078,0xc11f32a3d45a3dc54b34234dd2b9f46292e69c02,buy,0x7c5a0ce9267ed19b22f8cae653f198e3e8daf098,0xcacf82e9d621f7bc02e73388634872759537db8cc66a46178ea76341746f0438
11,929,0.605708,0x254fb89e4cab71708eaab16e067ca8156a38e18a,2017-10-30T16:29:20.000Z,0.000652,0xf70bde4f9bc5c226dc60d7e7901992692968d98d,sell,0x7c5a0ce9267ed19b22f8cae653f198e3e8daf098,0x0ab4ae5af4400e5f9af24e101f75d426e9ae63be1002a85dd7e33ffd798be67d
12,47.305,0.0321674,0xcadeeb6dc272d6c677840c244b33b4198e36fa70,2017-10-30T16:26:26.000Z,0.00068,0xf70bde4f9bc5c226dc60d7e7901992692968d98d,sell,0x7c5a0ce9267ed19b22f8cae653f198e3e8daf098,0xbb0bf58b7664de8c3de74c1aadf2ef353af0f52b0d538f6b157438614aa444e0
13,490.784,0.33373312,0x834d1e21a8a11a87174fbbca30337034b3fdc299,2017-10-30T16:25:59.000Z,0.00068,0xf70bde4f9bc5c226dc60d7e7901992692968d98d,sell,0x7c5a0ce9267ed19b22f8cae653f198e3e8daf098,0xcc3b1e58d628da0d511696fd6a936b9dae15e45ce73b84211798a9ca1fa0b292
14,45.4356378103134,0.03135059008911625,0xc11f32a3d45a3dc54b34234dd2b9f46292e69c02,2017-10-30T16:25:37.000Z,0.00069,0xf70bde4f9bc5c226dc60d7e7901992692968d98d,sell,0x7c5a0ce9267ed19b22f8cae653f198e3e8daf098,0x7a3c74cec6eeee2e851bb776964b872c9d019727017900d22dae1cab0d925d97
15,0.5060959254216,0.000349206188540904,0xc11f32a3d45a3dc54b34234dd2b9f46292e69c02,2017-10-30T02:58:18.000Z,0.00069,0x16e5d97bbc92417e051e3b2cabfbf8ceea2acb9c,sell,0x7c5a0ce9267ed19b22f8cae653f198e3e8daf098,0xbbbd3e4670559b9747a4bcf16bd8b74456073dc3b0aa6e6faf0b96b6d2c15d8d
16,1,0.0008,0x0b773d7819259d78757b26dc4148812d35676d8f,2017-10-29T16:30:18.000Z,0.0008,0xc11f32a3d45a3dc54b34234dd2b9f46292e69c02,buy,0x7c5a0ce9267ed19b22f8cae653f198e3e8daf098,0x906bb512ff767101883f23390aca02605e9ae15cb8cc1f35a09a0b247382ab1d
17,65,0.057265,0x45c635e987e6077116d127e35e7b4b0cd9b27031,2017-10-29T08:35:08.000Z,0.000881,0xc11f32a3d45a3dc54b34234dd2b9f46292e69c02,sell,0x7c5a0ce9267ed19b22f8cae653f198e3e8daf098,0xf1672629e73531f812e450c2c48ea15d30221906439a82ae1a0d5ae1da30a885
18,6743.589424729369,4.58564080881597,0x834d1e21a8a11a87174fbbca30337034b3fdc299,2017-10-29T02:29:38.000Z,0.0006799999999999999,0x9778550d76b07ac9f5e57392f68ecdf6efc1774e,sell,0x7c5a0ce9267ed19b22f8cae653f198e3e8daf098,0x4e72eb89277dd44c1c226be3f0f95f07e2282b59f560c25f375a8488d8f21e4e
19,231.904,0.204307424,0x45c635e987e6077116d127e35e7b4b0cd9b27031,2017-10-29T02:29:12.000Z,0.000881,0x9778550d76b07ac9f5e57392f68ecdf6efc1774e,sell,0x7c5a0ce9267ed19b22f8cae653f198e3e8daf098,0xcf65f20c8f4c04a0ccadcd10d809410286c248c7f0c4b260c3f3c3dcc4da8064
20,235.112,0.207133672,0x45c635e987e6077116d127e35e7b4b0cd9b27031,2017-10-29T02:29:12.000Z,0.000881,0x9778550d76b07ac9f5e57392f68ecdf6efc1774e,sell,0x7c5a0ce9267ed19b22f8cae653f198e3e8daf098,0xe0f333f085925ffd4547ca27d18b2b8ce46d69653f2fe1913c845255c4e7086b
21,3.32673373573522,0.00279778307175332,0x1d5321e125f6c7079a716705541c7b371ca79e69,2017-10-29T02:14:01.000Z,0.000841,0xc11f32a3d45a3dc54b34234dd2b9f46292e69c02,buy,0x7c5a0ce9267ed19b22f8cae653f198e3e8daf098,0x3e8039fe74b580f5981e71c1bb090cb6fdb72908328cc369e7e0c6e966c23ca5
22,3.3167833855784847,0.002922086162694644,0x45c635e987e6077116d127e35e7b4b0cd9b27031,2017-10-29T02:14:01.000Z,0.0008809999999999997,0x1d5321e125f6c7079a716705541c7b371ca79e69,sell,0x7c5a0ce9267ed19b22f8cae653f198e3e8daf098,0x3e8039fe74b580f5981e71c1bb090cb6fdb72908328cc369e7e0c6e966c23ca5
23,0.025879850520245704,0.000017598298353767,0x834d1e21a8a11a87174fbbca30337034b3fdc299,2017-10-29T01:01:09.000Z,0.000679999999999997,0xf142f26d1cac4ba8a6e6d7974d243eda2fe5f4f9,sell,0x7c5a0ce9267ed19b22f8cae653f198e3e8daf098,0xfdb47faa192682e0fa3716f4a680cd848407df784be1f17d4e687441a85e6b4a
24,259.60078056858464,0.17652853078663755,0x834d1e21a8a11a87174fbbca30337034b3fdc299,2017-10-29T01:00:25.000Z,0.0006799999999999999,0xf142f26d1cac4ba8a6e6d7974d243eda2fe5f4f9,sell,0x7c5a0ce9267ed19b22f8cae653f198e3e8daf098,0x8c7cc6fd3d630531547156c54f6c6a400b08d6f1cad761a615d6e4fd72146477
25,2505.999460297343,1.7040796330021932,0x834d1e21a8a11a87174fbbca30337034b3fdc299,2017-10-29T00:58:10.000Z,0.0006799999999999999,0x9778550d76b07ac9f5e57392f68ecdf6efc1774e,sell,0x7c5a0ce9267ed19b22f8cae653f198e3e8daf098,0x187e126b91a813708a53868f4eff7231a8aadab669329fda0f17a826c5df37ba
26,190.58,0.1315002,0xc11f32a3d45a3dc54b34234dd2b9f46292e69c02,2017-10-29T00:57:23.000Z,0.00069,0x9778550d76b07ac9f5e57392f68ecdf6efc1774e,sell,0x7c5a0ce9267ed19b22f8cae653f198e3e8daf098,0x705fa1be5b3348f6c8c626f5e980e21a79ee2c8960146ed9a87757798e495b12
27,2470.309,2.176342229,0x45c635e987e6077116d127e35e7b4b0cd9b27031,2017-10-29T00:56:49.000Z,0.000881,0xf142f26d1cac4ba8a6e6d7974d243eda2fe5f4f9,sell,0x7c5a0ce9267ed19b22f8cae653f198e3e8daf098,0xfd2c9b391ac4644248d898432156b6d65eedd18b33a7fe1c2e6a18abbac5e5e1
28,294.5977530053055,0.25954062039767417,0x45c635e987e6077116d127e35e7b4b0cd9b27031,2017-10-29T00:34:28.000Z,0.000881,0x273a5d3e6721b9f5c1a6474f560c1334c63dda01,sell,0x7c5a0ce9267ed19b22f8cae653f198e3e8daf098,0x0f4596da391b664fc9b3ebe0d2ef99766a8a05db295ffd380fdb79933c85d7c7
29,295.48420562217206,0.24850221692824667,0x273a5d3e6721b9f5c1a6474f560c1334c63dda01,2017-10-29T00:34:28.000Z,0.000841,0xc11f32a3d45a3dc54b34234dd2b9f46292e69c02,buy,0x7c5a0ce9267ed19b22f8cae653f198e3e8daf098,0x0f4596da391b664fc9b3ebe0d2ef99766a8a05db295ffd380fdb79933c85d7c7
30,0.5945303210463734,0.0005,0x34f9560c63078eb61872a4dc2ccd20e21c34feaf,2017-10-28T20:58:07.000Z,0.000841,0xc11f32a3d45a3dc54b34234dd2b9f46292e69c02,buy,0x7c5a0ce9267ed19b22f8cae653f198e3e8daf098,0x3a5f7d16e5fa109787fb83280df2c1c4f3594065994cc8dcac144f581ffb4e68
31,0.5945303210463734,0.0005,0xe444a40689f51f63bcd29910622035707d533d29,2017-10-28T20:57:47.000Z,0.000841,0xc11f32a3d45a3dc54b34234dd2b9f46292e69c02,buy,0x7c5a0ce9267ed19b22f8cae653f198e3e8daf098,0x51ea4bce5f7c98a9b26291979642194d236a002ba1682b23813f4d509c8159c1
32,170,0.1428,0xcdd727af7a8d3b6991410b6596b261caacfe9843,2017-10-28T19:22:24.000Z,0.00084,0x3dee4a4e076e8d82859d241db0baf46f112cfa23,buy,0x7c5a0ce9267ed19b22f8cae653f198e3e8daf098,0x85c1a345671ab8fd61bbcab08d06edfaa740fff8e9e9a020f32fa5a52f28bf2c
33,5.982053838484546,0.005383848454636091,0x45c635e987e6077116d127e35e7b4b0cd9b27031,2017-10-28T04:53:19.000Z,0.0008999999999999999,0x1d5321e125f6c7079a716705541c7b371ca79e69,sell,0x7c5a0ce9267ed19b22f8cae653f198e3e8daf098,0x7538a5c52404c974305100b66b11e843f710d57a6616ca3dc175315783711a60
34,6,0.00528,0x1d5321e125f6c7079a716705541c7b371ca79e69,2017-10-28T04:53:19.000Z,0.00088,0x095718762a36548710afde4e2fe81bbb9ff58483,buy,0x7c5a0ce9267ed19b22f8cae653f198e3e8daf098,0x7538a5c52404c974305100b66b11e843f710d57a6616ca3dc175315783711a60
35,2000,1.76,0x273a5d3e6721b9f5c1a6474f560c1334c63dda01,2017-10-28T04:40:59.000Z,0.00088,0x095718762a36548710afde4e2fe81bbb9ff58483,buy,0x7c5a0ce9267ed19b22f8cae653f198e3e8daf098,0xab59e7b3746af18364f1cc520d800c068ce0bd1d31db5f1af00f231200f4b6fe
36,1994,1.7946,0x45c635e987e6077116d127e35e7b4b0cd9b27031,2017-10-28T04:40:59.000Z,0.0009,0x273a5d3e6721b9f5c1a6474f560c1334c63dda01,sell,0x7c5a0ce9267ed19b22f8cae653f198e3e8daf098,0xab59e7b3746af18364f1cc520d800c068ce0bd1d31db5f1af00f231200f4b6fe
37,9.419798624264779,0.006499661050742697,0xc11f32a3d45a3dc54b34234dd2b9f46292e69c02,2017-10-27T19:57:34.000Z,0.00069,0xb6d71af49cd802a1ab88f8908a0c52a3ebffd37f,sell,0x7c5a0ce9267ed19b22f8cae653f198e3e8daf098,0xfabc9ac4e3ea74a08dca8fbe75d09d41727aa15f905325471314fe64fb69b006
38,200,0.168,0x5fa58fbe865d7040e9bc76f2be7c658694f2878c,2017-10-26T16:42:48.000Z,0.00084,0xc11f32a3d45a3dc54b34234dd2b9f46292e69c02,sell,0x7c5a0ce9267ed19b22f8cae653f198e3e8daf098,0x36fc0348540bae8249ece5ffbfdee57cc062ca6265dcfa7850eb91a64403ead9
39,527.0371847273452,0.3584385163702522,0x7b6b2f3c88ce2ecedc01c545f13faf36034d772f,2017-10-25T23:45:57.000Z,0.000680101,0x47c40215d36b0104545bc7b95fb6cbe583175b67,sell,0x7c5a0ce9267ed19b22f8cae653f198e3e8daf098,0xeed047fc379f0506ac66efc14bed206b703af7b859e6652fa5f39cba354e784c
40,300,0.21,0xc11f32a3d45a3dc54b34234dd2b9f46292e69c02,2017-10-25T23:44:10.000Z,0.0007,0x47c40215d36b0104545bc7b95fb6cbe583175b67,sell,0x7c5a0ce9267ed19b22f8cae653f198e3e8daf098,0x66b58b6be9de8d24050aea7f4e113acb82bd9e2b0af6569af7d7f2259a897885
41,9000,6.120909,0x7b6b2f3c88ce2ecedc01c545f13faf36034d772f,2017-10-25T23:44:10.000Z,0.000680101,0x47c40215d36b0104545bc7b95fb6cbe583175b67,sell,0x7c5a0ce9267ed19b22f8cae653f198e3e8daf098,0xde56c214f612eee8a8199793102ee845cacc3270d35cd27151d2babe611a6673
42,143,0.10014576,0x1a6d2e623d1310b4a77c108d22ed0d8760225747,2017-10-25T23:43:58.000Z,0.00070032,0x47c40215d36b0104545bc7b95fb6cbe583175b67,sell,0x7c5a0ce9267ed19b22f8cae653f198e3e8daf098,0x21ec9442ba8b3cd64d70e62cc221ce0606e32f49a637bb5c090b4b8f974741a2
43,48,0.04176,0xf953d48b9bfb438cc4707a33c2edf966ae4516e5,2017-10-25T17:41:12.000Z,0.00087,0x3dee4a4e076e8d82859d241db0baf46f112cfa23,buy,0x7c5a0ce9267ed19b22f8cae653f198e3e8daf098,0x3e069d738c439a1caf9ca0d2c166b8be707176e674313eb8d82fe6f1dc9b12a4
44,0.02173466130790915,0.000015221218007154,0x3dee4a4e076e8d82859d241db0baf46f112cfa23,2017-10-25T06:30:01.000Z,0.000700319999999957,0x4aaea37d22fb358b4c67026c31e8b1aba7f415a6,sell,0x7c5a0ce9267ed19b22f8cae653f198e3e8daf098,0xc8ce1a94326fb666a6c7195aba8762666eeb9f3d64559c9bbf079493acb8b2f1
45,2,0.00176,0xf953d48b9bfb438cc4707a33c2edf966ae4516e5,2017-10-25T03:12:50.000Z,0.00088,0x095718762a36548710afde4e2fe81bbb9ff58483,buy,0x7c5a0ce9267ed19b22f8cae653f198e3e8daf098,0x94335bd2e2db93c64f4b95c250ab8d8b031d9285a1fc6a806e2f7a7ea7d34bf9
46,218.02038757963666,0.15268403782977114,0x3dee4a4e076e8d82859d241db0baf46f112cfa23,2017-10-24T20:31:11.000Z,0.00070032,0x4aaea37d22fb358b4c67026c31e8b1aba7f415a6,sell,0x7c5a0ce9267ed19b22f8cae653f198e3e8daf098,0xed6de7dfe060c1665c70571c925a0a742410f59d210e1e7100cd9945f92d8991
47,0.13230443718242432,0.000145534880900666,0xa056f9a3747ad6d80719e7096862473a8847084b,2017-10-23T18:55:12.000Z,0.0010999999999999944,0x1d5321e125f6c7079a716705541c7b371ca79e69,sell,0x7c5a0ce9267ed19b22f8cae653f198e3e8daf098,0x3ecab50f19d0f023b9b86647d550c7351acb3409449bba37d4b715882e1727d3
48,0.13270135049397158,0.000116777188434695,0x1d5321e125f6c7079a716705541c7b371ca79e69,2017-10-23T18:55:12.000Z,0.00088,0x095718762a36548710afde4e2fe81bbb9ff58483,buy,0x7c5a0ce9267ed19b22f8cae653f198e3e8daf098,0x3ecab50f19d0f023b9b86647d550c7351acb3409449bba37d4b715882e1727d3
49,6,0.00528,0x273a5d3e6721b9f5c1a6474f560c1334c63dda01,2017-10-23T18:54:03.000Z,0.00088,0x095718762a36548710afde4e2fe81bbb9ff58483,buy,0x7c5a0ce9267ed19b22f8cae653f198e3e8daf098,0x9f901941dc96c158fbb0dc4eb2ceebf19fa27dd88f54761f9d816c40044ba30b
50,5.982,0.0065802,0xa056f9a3747ad6d80719e7096862473a8847084b,2017-10-23T18:54:03.000Z,0.0011,0x273a5d3e6721b9f5c1a6474f560c1334c63dda01,sell,0x7c5a0ce9267ed19b22f8cae653f198e3e8daf098,0x9f901941dc96c158fbb0dc4eb2ceebf19fa27dd88f54761f9d816c40044ba30b
51,0.05982053838484546,0.00006580259222333,0xa056f9a3747ad6d80719e7096862473a8847084b,2017-10-23T18:52:59.000Z,0.0010999999999999998,0x1d5321e125f6c7079a716705541c7b371ca79e69,sell,0x7c5a0ce9267ed19b22f8cae653f198e3e8daf098,0x201ea67905ac8cbeee2232a18553dc498e8d1a04eb699873518246532c3c96d0
52,0.06,0.0000528,0x1d5321e125f6c7079a716705541c7b371ca79e69,2017-10-23T18:52:59.000Z,0.00088,0x095718762a36548710afde4e2fe81bbb9ff58483,buy,0x7c5a0ce9267ed19b22f8cae653f198e3e8daf098,0x201ea67905ac8cbeee2232a18553dc498e8d1a04eb699873518246532c3c96d0
53,19.94,0.021934,0xa056f9a3747ad6d80719e7096862473a8847084b,2017-10-23T18:52:00.000Z,0.0011,0x273a5d3e6721b9f5c1a6474f560c1334c63dda01,sell,0x7c5a0ce9267ed19b22f8cae653f198e3e8daf098,0xa25c129f4d127556e7e6cae4adaa7f3abb2ea496e132f964a4aa7ca5e1f0e4fa
54,20,0.0176,0x273a5d3e6721b9f5c1a6474f560c1334c63dda01,2017-10-23T18:52:00.000Z,0.00088,0x095718762a36548710afde4e2fe81bbb9ff58483,buy,0x7c5a0ce9267ed19b22f8cae653f198e3e8daf098,0xa25c129f4d127556e7e6cae4adaa7f3abb2ea496e132f964a4aa7ca5e1f0e4fa
55,0.5982053838484547,0.0006580259222333,0xa056f9a3747ad6d80719e7096862473a8847084b,2017-10-23T18:51:20.000Z,0.0010999999999999998,0x1d5321e125f6c7079a716705541c7b371ca79e69,sell,0x7c5a0ce9267ed19b22f8cae653f198e3e8daf098,0x9dc6afa40097331d564bca5c004d9dbb3494baa6c4d479b740975550a7b4f33a
56,0.6,0.000528,0x1d5321e125f6c7079a716705541c7b371ca79e69,2017-10-23T18:51:20.000Z,0.00088,0x095718762a36548710afde4e2fe81bbb9ff58483,buy,0x7c5a0ce9267ed19b22f8cae653f198e3e8daf098,0x9dc6afa40097331d564bca5c004d9dbb3494baa6c4d479b740975550a7b4f33a
57,49.85,0.054835,0xa056f9a3747ad6d80719e7096862473a8847084b,2017-10-23T18:50:10.000Z,0.0011,0x273a5d3e6721b9f5c1a6474f560c1334c63dda01,sell,0x7c5a0ce9267ed19b22f8cae653f198e3e8daf098,0xf1b98f5cd4286e08f058ca76c45db422941e32f97306667fbcaa892e4b1eeb75
58,50,0.044,0x273a5d3e6721b9f5c1a6474f560c1334c63dda01,2017-10-23T18:50:10.000Z,0.00088,0x095718762a36548710afde4e2fe81bbb9ff58483,buy,0x7c5a0ce9267ed19b22f8cae653f198e3e8daf098,0xf1b98f5cd4286e08f058ca76c45db422941e32f97306667fbcaa892e4b1eeb75
59,100,0.088,0x273a5d3e6721b9f5c1a6474f560c1334c63dda01,2017-10-23T18:48:46.000Z,0.00088,0x095718762a36548710afde4e2fe81bbb9ff58483,buy,0x7c5a0ce9267ed19b22f8cae653f198e3e8daf098,0xb4e0a68fcd50ffd0c8770f4bda513c1622357a76248ac60b6a69b241da5b682b
60,99.7,0.10967,0xa056f9a3747ad6d80719e7096862473a8847084b,2017-10-23T18:48:46.000Z,0.0011,0x273a5d3e6721b9f5c1a6474f560c1334c63dda01,sell,0x7c5a0ce9267ed19b22f8cae653f198e3e8daf098,0xb4e0a68fcd50ffd0c8770f4bda513c1622357a76248ac60b6a69b241da5b682b
61,199.4,0.21934,0xa056f9a3747ad6d80719e7096862473a8847084b,2017-10-23T18:47:37.000Z,0.0011,0x273a5d3e6721b9f5c1a6474f560c1334c63dda01,sell,0x7c5a0ce9267ed19b22f8cae653f198e3e8daf098,0xf3e6c26a5161316cceb3f06ff5a30889458de140b20a83a4473e190197aa6256
62,200,0.176,0x273a5d3e6721b9f5c1a6474f560c1334c63dda01,2017-10-23T18:47:37.000Z,0.00088,0x095718762a36548710afde4e2fe81bbb9ff58483,buy,0x7c5a0ce9267ed19b22f8cae653f198e3e8daf098,0xf3e6c26a5161316cceb3f06ff5a30889458de140b20a83a4473e190197aa6256
63,2,0.00176,0x583b640795999aa2bb22c1a62a91336ff9d325bb,2017-10-23T08:41:16.000Z,0.00088,0x095718762a36548710afde4e2fe81bbb9ff58483,buy,0x7c5a0ce9267ed19b22f8cae653f198e3e8daf098,0x07efd5cbada0afdfdc1ccb111b15fe6cd54013d73766ecdb1fc25faf69ee78fb
64,38,0.03344,0xd06565093dc5e110827c5ff27386595b448a1901,2017-10-23T08:35:53.000Z,0.00088,0x095718762a36548710afde4e2fe81bbb9ff58483,buy,0x7c5a0ce9267ed19b22f8cae653f198e3e8daf098,0xa3c3f0e39294df0af3772e8e893b9e8a4f8fa9081678e09de2dd8110fab034de
65,1,0.000998,0x359a434bcd08ddc98f2f0ecbf5990cf922e953e6,2017-10-22T23:35:42.000Z,0.000998,0x4aaea37d22fb358b4c67026c31e8b1aba7f415a6,buy,0x7c5a0ce9267ed19b22f8cae653f198e3e8daf098,0xff100f0d5707457b9077dff29ff96dcee3677e4b986c003be65a3d56a586ca34
66,2.2206187354938938,0.001776494988395115,0xd06565093dc5e110827c5ff27386595b448a1901,2017-10-22T20:29:47.000Z,0.0008,0xe7e4df577f3cbd90d38b32d42a62a7c3768304f6,buy,0x7c5a0ce9267ed19b22f8cae653f198e3e8daf098,0x46b23538daf8489b7140ff455a517cfaa89f445bdd07de4ece6b72f089b1fd16
67,12,0.0096,0xd06565093dc5e110827c5ff27386595b448a1901,2017-10-22T20:27:30.000Z,0.0008,0xa5f282efd8db8c66dc5dcfb5ab3bfccb2637d783,buy,0x7c5a0ce9267ed19b22f8cae653f198e3e8daf098,0x24c5d1a924bb580fcf35156bf9e2f7cd8f27897f3686e6f91b3ff7378a17560a
68,500,0.35005,0x8d71cd37bc1c715f6d4e9b5d68aa17a8b42cac87,2017-10-21T17:15:47.000Z,0.0007001,0x632d7de0037bca4cdb13a4189473b7489e051dee,sell,0x7c5a0ce9267ed19b22f8cae653f198e3e8daf098,0x0c39227246d428cc0ed1e9cab62bde1d27b0e2b7a57191ee7c165420e5c4833b
69,18349.89867881654,12.496281000274063,0x632d7de0037bca4cdb13a4189473b7489e051dee,2017-10-21T17:09:00.000Z,0.000681,0x1d12d09793daf5eb834c8d29eb6a039c32b73813,sell,0x7c5a0ce9267ed19b22f8cae653f198e3e8daf098,0x97c6a9e823a6c4ad0d507e73cbc489f0498e2ed4d16d082543387bf188ba0991
70,5015.451999111795,3.510816399378257,0x834d1e21a8a11a87174fbbca30337034b3fdc299,2017-10-21T17:07:49.000Z,0.0007,0x1d12d09793daf5eb834c8d29eb6a039c32b73813,sell,0x7c5a0ce9267ed19b22f8cae653f198e3e8daf098,0x44d157b58bbd200eb7ba47a76c142d2f514e072a3298c092e45a355ed708a130
71,4984.548000888205,3.489183600621743,0x834d1e21a8a11a87174fbbca30337034b3fdc299,2017-10-21T13:52:18.000Z,0.0007,0xc91e1aec51b6e554f913a5ecc21bef6d3c0825f0,sell,0x7c5a0ce9267ed19b22f8cae653f198e3e8daf098,0xe4bb4353285662c8f611802159bbd8a61a78be260dc3eea8bd26935479b757fb
72,59.80681528973966,0.05382613376076569,0x31d807e1ed35f84248341461c6a2c44db722877b,2017-10-21T08:58:12.000Z,0.0009,0x69f15a89732a07be5e59bb6687969c88afda7b93,buy,0x7c5a0ce9267ed19b22f8cae653f198e3e8daf098,0xee9068dc6cb8701667b50657ff8b811c84c54278afd41632ee6df9c2ddf29899
73,1600,1.3584,0x31d807e1ed35f84248341461c6a2c44db722877b,2017-10-21T08:57:37.000Z,0.000849,0x3dee4a4e076e8d82859d241db0baf46f112cfa23,buy,0x7c5a0ce9267ed19b22f8cae653f198e3e8daf098,0xc4cd0bb2115f864edd1bc7a27f657448d7a524c275f4bd2073cdba5fca180ccd
74,600,0.45,0x31d807e1ed35f84248341461c6a2c44db722877b,2017-10-21T08:56:37.000Z,0.00075,0xe7e4df577f3cbd90d38b32d42a62a7c3768304f6,buy,0x7c5a0ce9267ed19b22f8cae653f198e3e8daf098,0xccc6e6e49d72a5d1ac364579a7049071c4af8ab6e770873b6ee56c68062b957a
75,1725.0699436207904,1.449058752641464,0x834d1e21a8a11a87174fbbca30337034b3fdc299,2017-10-21T02:34:57.000Z,0.00084,0xf142f26d1cac4ba8a6e6d7974d243eda2fe5f4f9,sell,0x7c5a0ce9267ed19b22f8cae653f198e3e8daf098,0x12765dfa992a3c6bca0c288a3e3c555319e5d3813e9ad775f4b01c06267f22bb
76,1547.0717633934803,1.2995402812505235,0x834d1e21a8a11a87174fbbca30337034b3fdc299,2017-10-21T02:30:20.000Z,0.00084,0xf18521dc5c211dc0ed6c85b034d4f46d456950bb,sell,0x7c5a0ce9267ed19b22f8cae653f198e3e8daf098,0xce4bf84452c80a4cb617d0b7a81fe7a525180f17cbe4b903d3153b0aa1213c72
77,1500,1.2630015,0x3dee4a4e076e8d82859d241db0baf46f112cfa23,2017-10-21T02:28:53.000Z,0.000842001,0xf18521dc5c211dc0ed6c85b034d4f46d456950bb,sell,0x7c5a0ce9267ed19b22f8cae653f198e3e8daf098,0x9f58b2c16b7fb214a6d4f2f0c4206d4d247702123a434f650594979607f93525
78,100,0.0842001,0x3dee4a4e076e8d82859d241db0baf46f112cfa23,2017-10-21T02:02:34.000Z,0.000842001,0xe7e4df577f3cbd90d38b32d42a62a7c3768304f6,sell,0x7c5a0ce9267ed19b22f8cae653f198e3e8daf098,0xdffcf968a47bf9b02b28318a1923a296408b95ae014bd51eda27d2b7cfcf5bae
79,20,0.018,0xca48b2cf4a8cb1a56ec0c0b88011a8d18395aab8,2017-10-20T23:33:04.000Z,0.0009,0xe7e4df577f3cbd90d38b32d42a62a7c3768304f6,sell,0x7c5a0ce9267ed19b22f8cae653f198e3e8daf098,0xdc20dc37c6ba76b35c1dd7a958578bcedd70577d97f8bb42f5195ee4771db481
80,20,0.0188,0xe3d0a0d0fcdab0f65f97c5e29b3d413e827ca3ce,2017-10-20T17:59:03.000Z,0.00094,0xe7e4df577f3cbd90d38b32d42a62a7c3768304f6,sell,0x7c5a0ce9267ed19b22f8cae653f198e3e8daf098,0x77a7706385f904fe9b4a27e76d0bc7822f9863535b47c8a79862eaaa6ca0abf6
81,498.49408299628544,0.49849408299628545,0xe7e4df577f3cbd90d38b32d42a62a7c3768304f6,2017-10-20T01:51:48.000Z,0.001,0xd8eafcb5d5c59ce7c7e978a79ea1b97863d0deef,buy,0x7c5a0ce9267ed19b22f8cae653f198e3e8daf098,0x7a13d2002364af6ffe883ef5b37981e66599495dee03be1024b86f46708076d6
82,394.14653573920845,0.39414653573920844,0xe7e4df577f3cbd90d38b32d42a62a7c3768304f6,2017-10-20T01:12:40.000Z,0.001,0xd8eafcb5d5c59ce7c7e978a79ea1b97863d0deef,buy,0x7c5a0ce9267ed19b22f8cae653f198e3e8daf098,0x194b454ac509a315b6075b7faba0a944a66d80be6aaba01a104f7cc7d2f67937
83,0.1,0.0001,0x6cdea8e07bf82d7a07dbf36642d6e5be8623845c,2017-10-19T23:49:26.000Z,0.001,0xd8eafcb5d5c59ce7c7e978a79ea1b97863d0deef,buy,0x7c5a0ce9267ed19b22f8cae653f198e3e8daf098,0xe1e2fc9f7ec33331197165f6f34bfd8597ca79344f7849a456cf1e7326184783
84,0.049,0.000041209,0x1a6d2e623d1310b4a77c108d22ed0d8760225747,2017-10-19T20:49:56.000Z,0.000841,0xd0d7c568d5bb8ef7bba5d74cb66e8208b1687e0f,sell,0x7c5a0ce9267ed19b22f8cae653f198e3e8daf098,0xf747e15b38688f3cb76dd5c0b45553a4bbedbc66fed770acad67a606fa7f368d
85,494.24085335460074,0.41516231681786464,0x834d1e21a8a11a87174fbbca30337034b3fdc299,2017-10-19T20:49:05.000Z,0.00084,0xd0d7c568d5bb8ef7bba5d74cb66e8208b1687e0f,sell,0x7c5a0ce9267ed19b22f8cae653f198e3e8daf098,0x338c6d80a75176405ab7adbeda53b57f41249061538a8fa9416550b74cf2ea5f
86,1500,1.2615015,0x3dee4a4e076e8d82859d241db0baf46f112cfa23,2017-10-19T20:47:47.000Z,0.000841001,0xd0d7c568d5bb8ef7bba5d74cb66e8208b1687e0f,sell,0x7c5a0ce9267ed19b22f8cae653f198e3e8daf098,0x82936d2683af3b48f2e6db9934d23a3fe32429dee56cbfddfd34b9c511a741bb
87,1,0.00118,0x3ac636ac5c3a2576156ac5f10066ca68abe0ad54,2017-10-18T16:40:58.000Z,0.00118,0x834d1e21a8a11a87174fbbca30337034b3fdc299,buy,0x7c5a0ce9267ed19b22f8cae653f198e3e8daf098,0x604c2c62e809c59586b48f42f829754394d7844f31f321737fa77d5d20e60cfa
88,0.46296296296296297,0.0005,0xf9695cd65d6dfdf257fab76a3eb0cb8f001971cc,2017-10-18T15:33:22.000Z,0.00108,0x65f3de22aa43e5175ebb9e194e54444d69ea6035,buy,0x7c5a0ce9267ed19b22f8cae653f198e3e8daf098,0x21d8af0814355e4711894a5aa8731d10df7c3526e0dd8d39a458167a3568144c
89,0.46296296296296297,0.0005,0x379374d13077e8867ef31803c37baf9785a17c00,2017-10-18T15:29:43.000Z,0.00108,0x65f3de22aa43e5175ebb9e194e54444d69ea6035,buy,0x7c5a0ce9267ed19b22f8cae653f198e3e8daf098,0xcd08a81b2413eaa17aaab853a32aaf7094a7d0c35c9b0751133bed78a0ff5343
90,255.5235651215152,0.23888898103210457,0xf142f26d1cac4ba8a6e6d7974d243eda2fe5f4f9,2017-10-18T14:22:00.000Z,0.0009349,0x492842125e4c3a7d10cda0e0291ea22788e4ad60,buy,0x7c5a0ce9267ed19b22f8cae653f198e3e8daf098,0x717454394885abe5d45681bc42975ba76953140552584dea99ebf040d44d4c71
91,219.69625078113353,0.20539402485528174,0x4aaea37d22fb358b4c67026c31e8b1aba7f415a6,2017-10-18T08:25:07.000Z,0.0009349,0x492842125e4c3a7d10cda0e0291ea22788e4ad60,buy,0x7c5a0ce9267ed19b22f8cae653f198e3e8daf098,0x0e776a6cb3a64bcc6096c25a8239d4eb84abfd5d0cf4545421e8a11b71d13ac2
92,3409,3.13628,0x9778550d76b07ac9f5e57392f68ecdf6efc1774e,2017-10-18T08:08:29.000Z,0.00092,0xd8eafcb5d5c59ce7c7e978a79ea1b97863d0deef,buy,0x7c5a0ce9267ed19b22f8cae653f198e3e8daf098,0xb828b703c643aab91dc99b693bbe6610bf06b534bb789cdab950e80c44230870
93,1591,1.46372,0xd5840247f1e80d7d5d262e4687db4fa683b9eed7,2017-10-17T23:00:11.000Z,0.00092,0xd8eafcb5d5c59ce7c7e978a79ea1b97863d0deef,buy,0x7c5a0ce9267ed19b22f8cae653f198e3e8daf098,0x95c8fa8ca1e31304aa73ffa76ce7d21cbac02b346eab7139494dd33ed4f60593
94,3856.414520167412,3.3936447777473226,0xd5840247f1e80d7d5d262e4687db4fa683b9eed7,2017-10-17T21:59:12.000Z,0.00088,0xd8eafcb5d5c59ce7c7e978a79ea1b97863d0deef,buy,0x7c5a0ce9267ed19b22f8cae653f198e3e8daf098,0xabe7654666dcaa98030e5d2f1ef06d1bb1de79d6479be29786d4854d52271b5a
95,810.4881918140995,0.7132296087964076,0xf81ab81ca1a6a19cc7b69b2c7876ff6543060598,2017-10-17T21:54:52.000Z,0.00088,0xd8eafcb5d5c59ce7c7e978a79ea1b97863d0deef,buy,0x7c5a0ce9267ed19b22f8cae653f198e3e8daf098,0x0a9dafdbe04d719675083325062d39e34bf66135f22bc4c01ce941569adbbf7f
96,333.0972880184884,0.2931256134562698,0xf81ab81ca1a6a19cc7b69b2c7876ff6543060598,2017-10-17T21:17:30.000Z,0.00088,0xd8eafcb5d5c59ce7c7e978a79ea1b97863d0deef,buy,0x7c5a0ce9267ed19b22f8cae653f198e3e8daf098,0xe97f571b7a84aca51e635802516a8fa9a9961d72d829f29a325dc5fd1748fc8b
97,210.8,0.18548292,0xf81ab81ca1a6a19cc7b69b2c7876ff6543060598,2017-10-17T21:16:52.000Z,0.0008799,0x7ca6f32042316d0a3015299ef37474fdab6da71a,buy,0x7c5a0ce9267ed19b22f8cae653f198e3e8daf098,0x6b963e12c890c95e3691faf7fd93e93f62a4443c122dd0ef1f24a26b3c255cfc
98,14.493184097351262,0.013549677812613695,0xb0d2ce3e2bfbc1a47dbfe5b3eef5335284dfeb49,2017-10-17T20:22:35.000Z,0.0009349,0x492842125e4c3a7d10cda0e0291ea22788e4ad60,buy,0x7c5a0ce9267ed19b22f8cae653f198e3e8daf098,0x99627ac92c2903320ee9cf63e607dea42d004bccdbe560f71173cc35a8b35bbc
99,300,0.255,0xf082e67d73561f40c30a9cd41a1b24999ef57362,2017-10-17T20:17:16.000Z,0.00085,0x7ca6f32042316d0a3015299ef37474fdab6da71a,sell,0x7c5a0ce9267ed19b22f8cae653f198e3e8daf098,0x60427444ff8e7b4dfd25d4ccdc7c69bfc1ebc3c6c18ced42eb5e29de4d8978b5
100,0.5076142131979695,0.0005,0xcd912af5286dc0b0a23edb30209734ecb60838b3,2017-10-17T05:59:56.000Z,0.000985,0x7ca6f32042316d0a3015299ef37474fdab6da71a,buy,0x7c5a0ce9267ed19b22f8cae653f198e3e8daf098,0xa7708551000d778cdf9a6f5624b7fe9afc3e1229a67c10bf9376bf8866dd3877
101,2,0.002098,0xe90379a8a74f550d491e991e1dacc1a98dd467a6,2017-10-16T18:13:34.000Z,0.001049,0x492842125e4c3a7d10cda0e0291ea22788e4ad60,buy,0x7c5a0ce9267ed19b22f8cae653f198e3e8daf098,0x99c38c55fca62635a11f692db7f8d5b1c98edb347172b0af01e167c3aebb86a2
102,285.987,0.300000363,0xd0d7c568d5bb8ef7bba5d74cb66e8208b1687e0f,2017-10-16T18:13:34.000Z,0.001049,0x492842125e4c3a7d10cda0e0291ea22788e4ad60,buy,0x7c5a0ce9267ed19b22f8cae653f198e3e8daf098,0x6c3f8e81dcbf267f844b4d158bfb875d1179f4c5fbb879235c3bd42e7bfae227
103,1714.286,1.8000003,0xd0d7c568d5bb8ef7bba5d74cb66e8208b1687e0f,2017-10-16T18:07:02.000Z,0.00105,0x65f3de22aa43e5175ebb9e194e54444d69ea6035,buy,0x7c5a0ce9267ed19b22f8cae653f198e3e8daf098,0x4483fb7a72f2f96d20785efc2f509ed557464005209d5ae253422c4db0ce2b94
104,1212.142358688067,0.9030460572226099,0x3dee4a4e076e8d82859d241db0baf46f112cfa23,2017-10-15T01:26:01.000Z,0.000745,0xf56b7af915ecdc84873dbeeec9f5780771616e89,sell,0x7c5a0ce9267ed19b22f8cae653f198e3e8daf098,0x45fcc80138d545cbb128392d5bcbb6d28923da79408df293856d4f598b0da181
105,36.78596351310936,0.030900577210646995,0x3dee4a4e076e8d82859d241db0baf46f112cfa23,2017-10-11T13:41:18.000Z,0.00084001,0xf56a5813467b2b28d095877a40df468290e747e4,sell,0x7c5a0ce9267ed19b22f8cae653f198e3e8daf098,0xfb3d139a400ce152a66145bff3e306ecbf5aad8080b688cc80ab5e93822d7ca9
106,1,0.0011,0x3c3aef0043c8629556d0b20425aca08a1509d1dc,2017-10-10T19:52:48.000Z,0.0011,0x3dee4a4e076e8d82859d241db0baf46f112cfa23,buy,0x7c5a0ce9267ed19b22f8cae653f198e3e8daf098,0x7d2a80450dea48266c5853014c9c1211e7aeb7938485a438a596e85dea2bd8db
107,0.00086,0.258,0x862d06e10f2054114f7efae588cc936df5987817,2017-10-10T19:50:32.000Z,300,0x0249924245a19aa2d7f5ddb0739a7132b7d094ab,sell,0x7c5a0ce9267ed19b22f8cae653f198e3e8daf098,0xa975869a4c0b242654621f57e43fe2b4d4062ac7cbf93e53d4bdb77e44cb06dc
108,170.487,0.144921451428,0x3dee4a4e076e8d82859d241db0baf46f112cfa23,2017-10-10T06:29:23.000Z,0.000850044,0xfe423f6b9b3aa093cc08831d9b106027f97e132e,sell,0x7c5a0ce9267ed19b22f8cae653f198e3e8daf098,0xbf0b879446bfc4e95917ef9a120d8238a258c3fa02fc9aa8023258e94785a5d4
109,171,0.019323,0xfe423f6b9b3aa093cc08831d9b106027f97e132e,2017-10-10T06:29:23.000Z,0.000113,0x3dee4a4e076e8d82859d241db0baf46f112cfa23,buy,0x7c5a0ce9267ed19b22f8cae653f198e3e8daf098,0xbf0b879446bfc4e95917ef9a120d8238a258c3fa02fc9aa8023258e94785a5d4
110,171.3,0.1456125372,0x3dee4a4e076e8d82859d241db0baf46f112cfa23,2017-10-09T21:29:54.000Z,0.000850044,0xc321655a034f32987281e05c1be0095d341d4685,sell,0x7c5a0ce9267ed19b22f8cae653f198e3e8daf098,0x5c53972ded1242fd34e8b40861b1b87129be7575579a10fa90e2a49364c0b693
111,1,0.00118,0x0249924245a19aa2d7f5ddb0739a7132b7d094ab,2017-10-08T19:09:23.000Z,0.00118,0x834d1e21a8a11a87174fbbca30337034b3fdc299,buy,0x7c5a0ce9267ed19b22f8cae653f198e3e8daf098,0xba600e28a98831a5278d6fee4deb1750930d6c02afa14ee3f9b086ed78178bc1
112,1233.6174396311287,1.036238649290148,0x834d1e21a8a11a87174fbbca30337034b3fdc299,2017-10-08T03:38:47.000Z,0.00084,0x2ac06c47395cd6227aaf0e7605544ecda02efac4,sell,0x7c5a0ce9267ed19b22f8cae653f198e3e8daf098,0x26379e46d1fa0257fdf53c8bed750ca8356f4c442ee636a6eec31e6cc2d6a4c4
113,12.591845536228996,0.011584497893330676,0x667d04d0f2b86e6a8ea9d5b67834e709c633c3c0,2017-10-08T03:23:57.000Z,0.0009199999999999999,0x2ac06c47395cd6227aaf0e7605544ecda02efac4,sell,0x7c5a0ce9267ed19b22f8cae653f198e3e8daf098,0xf6f0d99d0bebbcba851c38ffa3f53f4530e465f1345d651e7fb353bc2a2c5912
114,18.11594203,0.0166666666676,0x5d5065b42bdee0274e394ba9042c21e1818c69cf,2017-10-08T03:08:34.000Z,0.00092,0x755dfe72cff68f68627b7a6ce5ef96ece2bfcfdc,sell,0x7c5a0ce9267ed19b22f8cae653f198e3e8daf098,0x7c12098a100fcf24ba006603568086a3c52652e603b224be3831b7285f7db13d
115,0.000500647991227195,0.00100129598245439,0xd82b979bbad70239f4e86b0bb9e02a4499caba65,2017-10-08T01:15:11.000Z,2,0xa5c47c2500996a6aa03fa50a9550996d51c05813,buy,0x7c5a0ce9267ed19b22f8cae653f198e3e8daf098,0x3fc9e4a8dcd9f31df74b27b2af7ace295c0ab1d14da739a65624b9944a112984
116,1939.0624045459076,1.551249923636726,0x834d1e21a8a11a87174fbbca30337034b3fdc299,2017-10-07T23:34:50.000Z,0.0008,0x5d0f6116fccad7c110fb6244cb27a16ce1f73fdf,sell,0x7c5a0ce9267ed19b22f8cae653f198e3e8daf098,0x95a0e99fad10016bb27e4bd23fa761c9355ff5beaaf2628ec3f019274c0ac3aa
117,5000,4.3,0x834d1e21a8a11a87174fbbca30337034b3fdc299,2017-10-07T23:29:59.000Z,0.00086,0x5d0f6116fccad7c110fb6244cb27a16ce1f73fdf,sell,0x7c5a0ce9267ed19b22f8cae653f198e3e8daf098,0x4df82a443281f4e761ca3d1375cc0746b1edb6028a1f4740595117edd6379106
118,2000,1.8,0xcac0eb798903ffe73ab1776da3174e6e40e721c6,2017-10-07T23:29:02.000Z,0.0009,0x5d0f6116fccad7c110fb6244cb27a16ce1f73fdf,sell,0x7c5a0ce9267ed19b22f8cae653f198e3e8daf098,0x325dd591c1e263fdd1a19f75cdde17307715f1f0af8ccebc7a18f0a866fbd8b0
119,1030.834,0.92776090834,0x3dee4a4e076e8d82859d241db0baf46f112cfa23,2017-10-07T23:28:16.000Z,0.00090001,0x5d0f6116fccad7c110fb6244cb27a16ce1f73fdf,sell,0x7c5a0ce9267ed19b22f8cae653f198e3e8daf098,0xdb7605b14fce1c13b54287742a3d92a9a6503d8270f280db0d5938eb7cf44798
120,38.432,0.04765568,0x75329e11038275805e824740627bb2c0a5603800,2017-10-07T18:08:44.000Z,0.00124,0xa5c47c2500996a6aa03fa50a9550996d51c05813,buy,0x7c5a0ce9267ed19b22f8cae653f198e3e8daf098,0x695845abef3a9ae4952d217e714868901b2300f19618f0e7a5ef4f0f89b8350e
121,0.9969095803010667,0.000917156813876981,0x667d04d0f2b86e6a8ea9d5b67834e709c633c3c0,2017-10-07T10:17:05.000Z,0.0009199999999999996,0x43b2126e7a22e0c288dfb469e3de4d2c097f3ca0,sell,0x7c5a0ce9267ed19b22f8cae653f198e3e8daf098,0xbe6111c86ed2fccd4db5eedbad6d2781529d561760c1a1699ecc81899bec94eb
122,319.1659042095613,0.28725250544764724,0x3dee4a4e076e8d82859d241db0baf46f112cfa23,2017-10-07T01:44:31.000Z,0.00090001,0xb20b2c3dca2d4745fad838074b9a777f76abf87e,sell,0x7c5a0ce9267ed19b22f8cae653f198e3e8daf098,0xb99c42dc3c1e566ca5223c5dc9eaa679342a367e6dce93369ac6190fcf322c7a
123,50.8423885953544,0.05085255707307347,0x6fcc3250e5d56fd978a7cb0396c3d42336134f2e,2017-10-05T20:29:32.000Z,0.0010002,0xeff8e500df2624e9754e05bbc851904059579bad,sell,0x7c5a0ce9267ed19b22f8cae653f198e3e8daf098,0x5d52106629f83ada369700fb38a8716acbd4a5d2b16a4c8fb37f05dca3281624
124,250,0.315,0x068a903c384626bafe48bc93857e95be2d39dd13,2017-10-04T14:25:22.000Z,0.00126,0x3d53269e7e2464b859a099cb4e8c0ff53b1ddd26,buy,0x7c5a0ce9267ed19b22f8cae653f198e3e8daf098,0x346d7205b10352117350208aeb76a617f3e22ccbfbb15e2afee12ebd3ee7f59a
125,33,0.04158,0x068a903c384626bafe48bc93857e95be2d39dd13,2017-10-04T14:14:04.000Z,0.00126,0x3d53269e7e2464b859a099cb4e8c0ff53b1ddd26,buy,0x7c5a0ce9267ed19b22f8cae653f198e3e8daf098,0xc031bc27c6bb9685af7b91febf944992490f1d122c0466a1bc4c2742673319e9
126,37.983,0.04331999133,0x068a903c384626bafe48bc93857e95be2d39dd13,2017-10-04T13:57:02.000Z,0.00114051,0x69feaaa6f28bc5e8c6c533927c0a54ab6b1d7274,buy,0x7c5a0ce9267ed19b22f8cae653f198e3e8daf098,0x1e8307986760cdc6a9493717c3df33e424d45b2950e3d86c5be1dfa79b1adb39
127,25.433861926208806,0.02543894869859405,0x6fcc3250e5d56fd978a7cb0396c3d42336134f2e,2017-10-04T03:08:12.000Z,0.0010002,0x3dee4a4e076e8d82859d241db0baf46f112cfa23,sell,0x7c5a0ce9267ed19b22f8cae653f198e3e8daf098,0xdeeac42b28dfe934c397e801639031a30e1122750d870c418dc9ecff1fd291f7
128,94.84673538032101,0.09486684288822163,0xd5840247f1e80d7d5d262e4687db4fa683b9eed7,2017-10-02T19:30:06.000Z,0.0010002119999999999,0x735b71a05531bf047bc799caab80b02d4a44f29e,sell,0x7c5a0ce9267ed19b22f8cae653f198e3e8daf098,0x5bfac2f5c6e2a1222dbc82d9b8fccf9235b08e57ddc4315eda9c531312650b3e
129,7.415119011065697,0.00741667618605802,0x3dee4a4e076e8d82859d241db0baf46f112cfa23,2017-10-02T07:55:47.000Z,0.00100021,0x903de156b1419c5df4c6cf20d7996fec182c6ed0,sell,0x7c5a0ce9267ed19b22f8cae653f198e3e8daf098,0xf6359512785503058bf47a855a02806e2be924444f063616b38d4845c15e55fc
130,50,0.06445,0x45cfb7fc554ca7f3490062473431ba0116384d72,2017-10-01T06:59:51.000Z,0.001289,0x3d53269e7e2464b859a099cb4e8c0ff53b1ddd26,buy,0x7c5a0ce9267ed19b22f8cae653f198e3e8daf098,0x19b3b41744bf1677f5ef2a07f1555df19eea333fd28bc12d569c0af3c5a2f73a
131,1,0.00128,0xa0be78d2bac6a692adba423c7af50ec86a18bddf,2017-09-28T14:12:09.000Z,0.00128,0x3dee4a4e076e8d82859d241db0baf46f112cfa23,buy,0x7c5a0ce9267ed19b22f8cae653f198e3e8daf098,0xd19619d66aeb3f1d1f7bd23a4e1ee4643de34cde76530aa65ed4a6aa3fd0735d
132,261.60798085760524,0.261634141655691,0x3dee4a4e076e8d82859d241db0baf46f112cfa23,2017-09-28T05:05:33.000Z,0.0010001,0x1ed014aec47fae44c9e55bac7662c0b78ae61798,sell,0x7c5a0ce9267ed19b22f8cae653f198e3e8daf098,0xa923343b1a69fe70793e59e5d3ea22ac857c9bb60857141bb4dc23984101b718
133,70.98959347252571,0.07099669243187297,0x3dee4a4e076e8d82859d241db0baf46f112cfa23,2017-09-27T18:03:22.000Z,0.0010001,0xa63f3b9db73f4ff327e4891d95071508e413a9ca,sell,0x7c5a0ce9267ed19b22f8cae653f198e3e8daf098,0x12a610686ee7f5699d178f67e485b58c2c839b76f514c20c952fb71fbeb68ee4
134,50,0.0644,0x03797dc036af11910f7a7e30d791d2bcb5e4a7ca,2017-09-27T10:31:56.000Z,0.001288,0x3d53269e7e2464b859a099cb4e8c0ff53b1ddd26,buy,0x7c5a0ce9267ed19b22f8cae653f198e3e8daf098,0x3989d2973d8bd7fac9451a68506b3c881194d89eda9dc1822c1397684dd91d65
135,994.5075,0.8762804484,0x3dee4a4e076e8d82859d241db0baf46f112cfa23,2017-09-25T20:35:23.000Z,0.00088112,0xe6752641b59bffab5cce0e14dc517f9422acce12,sell,0x7c5a0ce9267ed19b22f8cae653f198e3e8daf098,0x93e2910842ec583c6737125349b47f8167a6c1ef0262192f5c72aa78ab897ffa
136,997.5,0.129675,0xe6752641b59bffab5cce0e14dc517f9422acce12,2017-09-25T20:35:23.000Z,0.00013,0xe5b5a0eef415e3b8e5c6cf65d3e008dd47d55587,buy,0x7c5a0ce9267ed19b22f8cae653f198e3e8daf098,0x93e2910842ec583c6737125349b47f8167a6c1ef0262192f5c72aa78ab897ffa
137,0.3875968992248062,0.0005,0xe37bd4d49c619e748d4efe74525489d26b6aff43,2017-09-25T05:18:43.000Z,0.00129,0x65f3de22aa43e5175ebb9e194e54444d69ea6035,buy,0x7c5a0ce9267ed19b22f8cae653f198e3e8daf098,0x16434019fc453db6dfebf6af5f81136792790a76192cbc97692ea2893d441401
138,0.3849114703618168,0.0005,0x23ee598e50ff1b1bde1022bf3c8a41d4c23321a0,2017-09-25T00:56:25.000Z,0.001299,0x3d53269e7e2464b859a099cb4e8c0ff53b1ddd26,buy,0x7c5a0ce9267ed19b22f8cae653f198e3e8daf098,0x8b854187b6248cd6ba361cbe4255c36a1ff4dc193eccf1acd83214d915d91991
139,0.3849114703618168,0.0005,0xe5a759eb3e214ff0a2bbbea31acc41c9bf27b239,2017-09-25T00:33:33.000Z,0.001299,0x3d53269e7e2464b859a099cb4e8c0ff53b1ddd26,buy,0x7c5a0ce9267ed19b22f8cae653f198e3e8daf098,0xcda174724344cf664cd669f1359dd768ae761faffc4f7baf50eef6bcb4443da9
140,0.3849114703618168,0.0005,0x160506e5a5ce5dadd43623689f53d5aa1f288f0f,2017-09-25T00:14:37.000Z,0.001299,0x3d53269e7e2464b859a099cb4e8c0ff53b1ddd26,buy,0x7c5a0ce9267ed19b22f8cae653f198e3e8daf098,0x0f47202878ce70aba430f1d6f8e755b7c08eaed2952ad4570cee880ae5a544cf
141,0.3692625826224,0.000409882205236029,0xf36990a2cb4d609e0a7d4f3bf884c0342d81fd3d,2017-09-24T23:35:29.000Z,0.0011100019999999993,0xd868b838b5de79f1e540b5d83c9e9a3d0b3810cd,sell,0x7c5a0ce9267ed19b22f8cae653f198e3e8daf098,0xd6c5063027e4f9eb13830fd5a427919ad564f994261b270f5649253a548d071e
142,0.3720182735375,0.000412941027663172,0xf36990a2cb4d609e0a7d4f3bf884c0342d81fd3d,2017-09-24T23:19:03.000Z,0.0011100019999999997,0x1f8ac99600c61189d92c85cc760735b9e0067a60,sell,0x7c5a0ce9267ed19b22f8cae653f198e3e8daf098,0xd7786e60be3004579c436b3a416cdd9b96f8de916574f11def51f3757bdd8f8f
143,0.3849114703618168,0.0005,0x452b06f1c61cff4c9bebaa405319a7c3b12553a2,2017-09-23T23:29:51.000Z,0.001299,0x3d53269e7e2464b859a099cb4e8c0ff53b1ddd26,buy,0x7c5a0ce9267ed19b22f8cae653f198e3e8daf098,0xb308666d8633f71878e09bc900b7ed0480b8bb4fcd7681f3b7a7ae4a4f316255
144,0.3849114703618168,0.0005,0xc22f5ab4f1591613a92b4d172cc7f4e4a5af58cd,2017-09-23T23:29:51.000Z,0.001299,0x3d53269e7e2464b859a099cb4e8c0ff53b1ddd26,buy,0x7c5a0ce9267ed19b22f8cae653f198e3e8daf098,0x3102b830f0ca76c4749ae70082f3489bda6d84d4a03ab39783dc88dad9db6679
145,0.3849114703618168,0.0005,0x2ba19ec4bcd5ae8de66b110bde5ebf41092bd02f,2017-09-23T19:20:29.000Z,0.001299,0x3d53269e7e2464b859a099cb4e8c0ff53b1ddd26,buy,0x7c5a0ce9267ed19b22f8cae653f198e3e8daf098,0x6acdc5ac080ecfab8c03625052c81a57479b3b237eeb686d532781ec7a728409
146,0.37037037037037035,0.0005,0x18a902dc44442205b4ba2b1dc038e67506d22c55,2017-09-23T16:31:50.000Z,0.00135,0x7bc8a2f101ea9245ea5a43a5821e5a085b017a04,buy,0x7c5a0ce9267ed19b22f8cae653f198e3e8daf098,0x609be555409b1b691077238b77b74f058cb6b27035da22490465044f361ee4eb
147,0.37037037037037035,0.0005,0xd868b838b5de79f1e540b5d83c9e9a3d0b3810cd,2017-09-23T16:29:44.000Z,0.00135,0x7bc8a2f101ea9245ea5a43a5821e5a085b017a04,buy,0x7c5a0ce9267ed19b22f8cae653f198e3e8daf098,0x89b9a163610f9ecf039cb3330becf344e3fc2babd413c85d83b45cf0272471af
148,19,0.02565,0x2aff3281ba1c2f5b0fc7ef3583002ef2d62d173e,2017-09-23T14:40:21.000Z,0.00135,0x7bc8a2f101ea9245ea5a43a5821e5a085b017a04,sell,0x7c5a0ce9267ed19b22f8cae653f198e3e8daf098,0x11ab1d7ec82c77b58c2c1af7b1b678e4053255e8973e611511daea7e23f54ac1
149,0.3720182735375,0.000483251737325212,0x2aff3281ba1c2f5b0fc7ef3583002ef2d62d173e,2017-09-23T13:48:30.000Z,0.0012989999999999987,0x0f657c396dfcd6c59bb82b89fc3adbe5f90ce153,sell,0x7c5a0ce9267ed19b22f8cae653f198e3e8daf098,0x37e9c23903a76a0a4af8471832647d4bbbcfc6e3b060971a272944734ad5f2be
150,1,0.00135,0x636d925f140f761f7a0e600db2177dd068ddada1,2017-09-23T11:27:14.000Z,0.00135,0x7bc8a2f101ea9245ea5a43a5821e5a085b017a04,buy,0x7c5a0ce9267ed19b22f8cae653f198e3e8daf098,0xcb086ff9ecb3ab7d48ae41f77866955e676baa09fd44fde1c8ec8e4fff80b1e8
151,1,0.0013,0x18bc639218a3abdf0772a49c3c4ea2ee9148ddc4,2017-09-23T09:34:19.000Z,0.0013,0xe5b5a0eef415e3b8e5c6cf65d3e008dd47d55587,buy,0x7c5a0ce9267ed19b22f8cae653f198e3e8daf098,0xdb1bb006f8ea253723d88330ffc319fcd5e9aeb1c534c238b3fc1dd9eaa36bab
152,1,0.001299,0x0c3d0fc12a1ab89e3b00180bf9988762a44d69d4,2017-09-23T07:05:42.000Z,0.001299,0x3d53269e7e2464b859a099cb4e8c0ff53b1ddd26,buy,0x7c5a0ce9267ed19b22f8cae653f198e3e8daf098,0x4a4406761c7fb857812a9d9f10974510f7a51b8044f3f9168318dbe2566f9e6d
153,187.1179344033496,0.2432533147243545,0x2aff3281ba1c2f5b0fc7ef3583002ef2d62d173e,2017-09-23T00:50:09.000Z,0.0013,0xe2eabfc1e89a462bbd2ba188cd8a9591a9a0d04e,sell,0x7c5a0ce9267ed19b22f8cae653f198e3e8daf098,0xc360a19baf3f90420ab75c36f426c271c21415f2e5caaadcbd1033a0c79faa9f
154,0.01407206779259345,0.000018293688130371,0x2aff3281ba1c2f5b0fc7ef3583002ef2d62d173e,2017-09-22T21:50:42.000Z,0.0012999999999999657,0xf81ab81ca1a6a19cc7b69b2c7876ff6543060598,sell,0x7c5a0ce9267ed19b22f8cae653f198e3e8daf098,0xacd702d24b9b8dbe37768892f3477ae1fb75ed49d13ef9089cfe29b2da65ff02
155,141.1569120275049,0.18350398563575634,0x2aff3281ba1c2f5b0fc7ef3583002ef2d62d173e,2017-09-22T21:49:42.000Z,0.0013,0xf81ab81ca1a6a19cc7b69b2c7876ff6543060598,sell,0x7c5a0ce9267ed19b22f8cae653f198e3e8daf098,0xeb355e2d6ce6ce8a81a3722e5e4ac59bb77eb2a933925a0a127ce841d21bb2fa
156,4.9845479015053336,0.006479912271956933,0x2aff3281ba1c2f5b0fc7ef3583002ef2d62d173e,2017-09-22T21:45:57.000Z,0.0013,0xf81ab81ca1a6a19cc7b69b2c7876ff6543060598,sell,0x7c5a0ce9267ed19b22f8cae653f198e3e8daf098,0x2eb1d8bd5019fd8d3300b2a96f90c24afcb5fe5bbc4ec5dd8b6b67b565b4c9ea
157,0.35765379113018597,0.0005,0x999dbc9673afdd6b6c140c261297f89de35ff1b3,2017-09-22T06:30:04.000Z,0.001398,0x3dee4a4e076e8d82859d241db0baf46f112cfa23,buy,0x7c5a0ce9267ed19b22f8cae653f198e3e8daf098,0x9bb48c18845567e125f5a6c8c0bd30b75efbcdc49860808604998b633d393e61
158,0.35765379113018597,0.0005,0x999dbc9673afdd6b6c140c261297f89de35ff1b3,2017-09-22T05:38:17.000Z,0.001398,0x3dee4a4e076e8d82859d241db0baf46f112cfa23,buy,0x7c5a0ce9267ed19b22f8cae653f198e3e8daf098,0x07c5452cf959a2f792ec31c1bc9713d6755722d19eaf134d66f045f386b45dc5
159,0.35765379113018597,0.0005,0x8612d2a48328bbf318b856ed0daaa4a7034383d0,2017-09-22T05:29:09.000Z,0.001398,0x3dee4a4e076e8d82859d241db0baf46f112cfa23,buy,0x7c5a0ce9267ed19b22f8cae653f198e3e8daf098,0x78719160a01b5f1eaa04cc4bd454b542d242e58109b68f74fd56af22e37f373d
160,0.35765379113018597,0.0005,0x10c12555236fa11fc988be565ab70c82a4660ecf,2017-09-22T05:29:07.000Z,0.001398,0x3dee4a4e076e8d82859d241db0baf46f112cfa23,buy,0x7c5a0ce9267ed19b22f8cae653f198e3e8daf098,0x8496d2cf4a99b4e7402485423d7e1c5d9bea8e7a1d7eeb2ae4fef63d36e3d566
161,0.35765379113018597,0.0005,0x8f28b1970e72adb11173044ebc762800e3128238,2017-09-22T05:14:41.000Z,0.001398,0x3dee4a4e076e8d82859d241db0baf46f112cfa23,buy,0x7c5a0ce9267ed19b22f8cae653f198e3e8daf098,0x6ef4f68b45f4378f09b07bf5b6ccb51452066a9c30de5054a666020a1637b06f
162,0.35765379113018597,0.0005,0x03dd03643b71b06642179afb38211c0f45699bc5,2017-09-22T05:07:53.000Z,0.001398,0x3dee4a4e076e8d82859d241db0baf46f112cfa23,buy,0x7c5a0ce9267ed19b22f8cae653f198e3e8daf098,0xe2280ec02137e810d893debd4f81598a43b7c009b49572859c5526126a208fc3
163,71.434,0.1000004566,0xdd69ac836b4c1856290696a2c89f2503781ed11c,2017-09-21T18:11:53.000Z,0.0013999,0x65f3de22aa43e5175ebb9e194e54444d69ea6035,buy,0x7c5a0ce9267ed19b22f8cae653f198e3e8daf098,0xf7485b36634f9338e995edab61878288b81eae508736ff0332487884fb38afc1
164,159.50609009489472,0.1772272167044375,0x3dee4a4e076e8d82859d241db0baf46f112cfa23,2017-09-21T10:05:48.000Z,0.0011111,0xeddf1956593ec725a0964401d291f4250463abaf,sell,0x7c5a0ce9267ed19b22f8cae653f198e3e8daf098,0x456513ca67d0628ab8f2c99d37126bb3a546fbbfb5476f41de7b9c6fa19892a2
165,71.485,0.1000003665,0xed0b1f964083c72f77a73c51493177c1c0c17ab9,2017-09-21T07:08:02.000Z,0.0013989,0x3d53269e7e2464b859a099cb4e8c0ff53b1ddd26,buy,0x7c5a0ce9267ed19b22f8cae653f198e3e8daf098,0xc017b91d38ce4c92be7ef90ff1d2af191b1b4d14c7c581e63708afb513c0c8aa
166,10.177,0.013627003,0x45f8aef4dfabfbf943416db1e43f088e543bfdb6,2017-09-20T01:29:14.000Z,0.001339,0xe9c247a7dec44d2c7f93d0b38ddeaaab0435b96b,buy,0x7c5a0ce9267ed19b22f8cae653f198e3e8daf098,0x6c9d137d7bb8933385e66785281ebef4d33b05d9f3b019932df4acebc8fe00c3
167,315.40382392386215,0.4223257202340514,0x3d53269e7e2464b859a099cb4e8c0ff53b1ddd26,2017-09-19T21:27:34.000Z,0.001339,0xe9c247a7dec44d2c7f93d0b38ddeaaab0435b96b,buy,0x7c5a0ce9267ed19b22f8cae653f198e3e8daf098,0xd45ff96d3f7a70a2a15d9b3f48968333a8f1f74dd6b67ec4f4499d8c08a7abec
168,2820.1448416193384,3.778994087769913,0x3d53269e7e2464b859a099cb4e8c0ff53b1ddd26,2017-09-19T21:25:51.000Z,0.00134,0x008ffdea584d1c91e2e3547bd2dcc523bdcb0f96,buy,0x7c5a0ce9267ed19b22f8cae653f198e3e8daf098,0x7d8f3ff7923bcf92e8f9e049e66bab7d78c09e1941a55a50a53b81c72a1a85e8
169,2000,2.678,0x3d53269e7e2464b859a099cb4e8c0ff53b1ddd26,2017-09-19T21:17:43.000Z,0.001339,0xe9c247a7dec44d2c7f93d0b38ddeaaab0435b96b,buy,0x7c5a0ce9267ed19b22f8cae653f198e3e8daf098,0xc655493c1a53b75720186d5a47d092c7973ee6e62a36cbc8ca27ef5d6b780c00
170,0.4491031410273,0.000498504935643444,0x94a00fbb63f2e2c8e7db218d75d6c5d319d166bd,2017-09-19T19:59:41.000Z,0.001110001,0x8b24d80c6dd6e1af5a000e03ca8f00886a05f6f5,sell,0x7c5a0ce9267ed19b22f8cae653f198e3e8daf098,0x301aa9f9588c268c588e27fd180e0cbc4deb7a9422cb5d441eb661316ec01da2
171,75,0.098985,0xdad62a339b5cb392953f513f4c15d14f8d23c462,2017-09-19T19:23:23.000Z,0.0013198,0x3d53269e7e2464b859a099cb4e8c0ff53b1ddd26,buy,0x7c5a0ce9267ed19b22f8cae653f198e3e8daf098,0xe95cd5109662fe78b30446cb456649e223fd4da0013c276d629e249723f67d47
172,0.4573435656333,0.000507651815196528,0x94a00fbb63f2e2c8e7db218d75d6c5d319d166bd,2017-09-19T18:46:38.000Z,0.0011100009999999987,0x64b604630e055318093215b7ed41697ca4fb5de6,sell,0x7c5a0ce9267ed19b22f8cae653f198e3e8daf098,0x14beed7db9ec4dcd707eb5f6f9588ed577635f64cf75492c150a8689d8579f82
173,74.627,0.10000018,0xb6eee08dd1fd9a5b6f45328b9196db505e754a68,2017-09-19T16:28:20.000Z,0.00134,0x008ffdea584d1c91e2e3547bd2dcc523bdcb0f96,buy,0x7c5a0ce9267ed19b22f8cae653f198e3e8daf098,0xf8e5a26b8e787a0e69de47cc5367fec6cc19880dc8773a891c65103547a13682
174,0.461578228278,0.000512352294966808,0x94a00fbb63f2e2c8e7db218d75d6c5d319d166bd,2017-09-19T15:30:38.000Z,0.0011100009999999993,0x4c2fb430e95954bcfa54ce4741a9fc2ff6e415ad,sell,0x7c5a0ce9267ed19b22f8cae653f198e3e8daf098,0x2188e17d4111d4c406a856b60cb2a10f0508a5d3d1efd72297536d2a5210b62d
175,75.328,0.0979264,0x94a00fbb63f2e2c8e7db218d75d6c5d319d166bd,2017-09-19T12:33:36.000Z,0.0013,0x1fdf047bf7a114b37e7936d01e9cad754ad18803,buy,0x7c5a0ce9267ed19b22f8cae653f198e3e8daf098,0x59dcfe91b337b61bfba269f2c2b1ba186e3d31ad2ace0ed3754300e7eb19c1e4
176,350,0.455,0x9cf978ee08747474e0af89fca8735c49cf714c8e,2017-09-19T07:19:05.000Z,0.0013,0x1fdf047bf7a114b37e7936d01e9cad754ad18803,buy,0x7c5a0ce9267ed19b22f8cae653f198e3e8daf098,0x0e05b2249295c407626e645969a893fb27ef66c9bc192755a0bb7a7fdfadd68c
177,1,0.00133,0xd6f29f2fb0a1dc783aeab42ce7ce9276f8e14a54,2017-09-17T03:11:43.000Z,0.00133,0x3d53269e7e2464b859a099cb4e8c0ff53b1ddd26,buy,0x7c5a0ce9267ed19b22f8cae653f198e3e8daf098,0xc1d35321a7cbddd60665cb6408f9b428997114c26dfd3623146e3d53e9b0e5e2
178,7.861305959735153,0.006529600730156018,0x8d71cd37bc1c715f6d4e9b5d68aa17a8b42cac87,2017-09-16T18:24:44.000Z,0.0008305999999999999,0xece5dd8b1ee75e0b7cfc1a1ff5f9dde43d99535f,sell,0x7c5a0ce9267ed19b22f8cae653f198e3e8daf098,0x0a7e24ae5de6724a8e7b93968931a1341d2a5a17893b918aa2322b7ca457e133
179,0.373134328358209,0.0005,0x42c24a83bded723edfdf5883bc7efb30bc1a1bf3,2017-09-16T17:50:28.000Z,0.00134,0x008ffdea584d1c91e2e3547bd2dcc523bdcb0f96,buy,0x7c5a0ce9267ed19b22f8cae653f198e3e8daf098,0xebe1274cd84a75d7ee58fd964998daa5e46193edf39d61c243927f7d5ce444c4
180,0.373134328358209,0.0005,0x1f8ac99600c61189d92c85cc760735b9e0067a60,2017-09-16T16:57:21.000Z,0.00134,0x008ffdea584d1c91e2e3547bd2dcc523bdcb0f96,buy,0x7c5a0ce9267ed19b22f8cae653f198e3e8daf098,0x5c7980897d928498158c283a90727011d46e9dfa98a4b02ae509861e786d042a
181,0.373134328358209,0.0005,0x0f657c396dfcd6c59bb82b89fc3adbe5f90ce153,2017-09-16T16:34:50.000Z,0.00134,0x008ffdea584d1c91e2e3547bd2dcc523bdcb0f96,buy,0x7c5a0ce9267ed19b22f8cae653f198e3e8daf098,0x4ef3ba40f9c1445b2166891fd4b89b5e3bb0dfd21535227dd0981edd17cf402d
182,0.21712023647683965,0.000241003462489292,0xccbcbccfae2df5737dd1c419d92429626703ac4d,2017-09-16T12:52:39.000Z,0.00111,0x3d53269e7e2464b859a099cb4e8c0ff53b1ddd26,buy,0x7c5a0ce9267ed19b22f8cae653f198e3e8daf098,0x9ebf68ca49e5936e82cb072289b2e211b2971e72c80e7e0d34d641079ec92966
183,1804.1087553955872,2.4175057322300866,0xccbcbccfae2df5737dd1c419d92429626703ac4d,2017-09-16T12:30:19.000Z,0.00134,0x008ffdea584d1c91e2e3547bd2dcc523bdcb0f96,buy,0x7c5a0ce9267ed19b22f8cae653f198e3e8daf098,0x363097505e08a607e4a01c00ad089f82d51681dcde8136fd5ea7efbc04427deb
184,855.856,0.95000016,0xc3a5d9bc563a0af5ac88f8bddae29e064fe01ce4,2017-09-16T12:09:12.000Z,0.00111,0x3d53269e7e2464b859a099cb4e8c0ff53b1ddd26,buy,0x7c5a0ce9267ed19b22f8cae653f198e3e8daf098,0xb014210bd5fc7153ee83a58c09b5c3b4429b3cebcbbf60bf2cfd1e8539e928f3
185,0.0805807063213018,0.000089444584016645,0xc3a5d9bc563a0af5ac88f8bddae29e064fe01ce4,2017-09-16T10:32:38.000Z,0.00111,0x3d53269e7e2464b859a099cb4e8c0ff53b1ddd26,buy,0x7c5a0ce9267ed19b22f8cae653f198e3e8daf098,0x2ad6b87dfe707ed668594023134978d29fad81c61337d2b846ddc3b0fe7fba8e
186,818.4627654271758,0.6795729079852457,0x7b6b2f3c88ce2ecedc01c545f13faf36034d772f,2017-09-15T18:39:11.000Z,0.000830304,0x962030cf5d93a88e83ec6ee5e050930c60521398,sell,0x7c5a0ce9267ed19b22f8cae653f198e3e8daf098,0x035094a6e7ee015451f9dba5a4e62dc6662e60075d9c0d601e652ee051870c3d
187,2000,1.71102,0x3dee4a4e076e8d82859d241db0baf46f112cfa23,2017-09-15T18:29:28.000Z,0.00085551,0x962030cf5d93a88e83ec6ee5e050930c60521398,sell,0x7c5a0ce9267ed19b22f8cae653f198e3e8daf098,0x9c6aed5bec1281ca0834a4a236a483c3df7188f268e820e2eb320291993dde56
188,0.45045045045045046,0.0005,0x8b24d80c6dd6e1af5a000e03ca8f00886a05f6f5,2017-09-15T04:24:55.000Z,0.00111,0x3d53269e7e2464b859a099cb4e8c0ff53b1ddd26,buy,0x7c5a0ce9267ed19b22f8cae653f198e3e8daf098,0x4ef358e0a727c818b3618028584d4bbc0238fbe16839dcadf34aff73dd3455c6
189,867.4327551686554,0.7202294166165346,0x8d71cd37bc1c715f6d4e9b5d68aa17a8b42cac87,2017-09-14T14:58:07.000Z,0.0008303,0xa91a30500a60258dc83f08bd7e29086f19e75e10,sell,0x7c5a0ce9267ed19b22f8cae653f198e3e8daf098,0xb894ed72b046de72676125e5e80f854f18bfb99cddb9acfc87074a8c181d9af8
190,114.53497402352941,0.09735472792,0x4d8c8e511da966228778810f6a1a8971ae630dc1,2017-09-14T14:54:49.000Z,0.00085,0xa91a30500a60258dc83f08bd7e29086f19e75e10,sell,0x7c5a0ce9267ed19b22f8cae653f198e3e8daf098,0x8297ca92e53cbb46dcae66e951578e9323d206e4a6256080b948bf59c5516774
191,2000,1.660604,0x3dee4a4e076e8d82859d241db0baf46f112cfa23,2017-09-14T14:53:56.000Z,0.000830302,0xa91a30500a60258dc83f08bd7e29086f19e75e10,sell,0x7c5a0ce9267ed19b22f8cae653f198e3e8daf098,0x02fac96401708b0751e310d66347f4d14f9fb5c924f48f8d52be27fcbefeacad
192,2000,1.680002,0xd5840247f1e80d7d5d262e4687db4fa683b9eed7,2017-09-14T14:53:38.000Z,0.000840001,0xa91a30500a60258dc83f08bd7e29086f19e75e10,sell,0x7c5a0ce9267ed19b22f8cae653f198e3e8daf098,0xaef7da4160645dd4d3aef4add057d6dca949bea6993fdcd0893301e3ce37e356
193,2000,1.680002,0xd5840247f1e80d7d5d262e4687db4fa683b9eed7,2017-09-14T14:52:28.000Z,0.000840001,0xa91a30500a60258dc83f08bd7e29086f19e75e10,sell,0x7c5a0ce9267ed19b22f8cae653f198e3e8daf098,0xaef7da4160645dd4d3aef4add057d6dca949bea6993fdcd0893301e3ce37e356
194,1000,1,0x4d8c8e511da966228778810f6a1a8971ae630dc1,2017-09-14T14:48:48.000Z,0.001,0xa91a30500a60258dc83f08bd7e29086f19e75e10,sell,0x7c5a0ce9267ed19b22f8cae653f198e3e8daf098,0xc5f7705f87c325542b285e11b6bb296e47ae7edff8fa809977eabda747ccae11
195,2.442,0.00263736,0x4d8c8e511da966228778810f6a1a8971ae630dc1,2017-09-14T02:34:35.000Z,0.00108,0x383932e5467528999954bf192452e390e1c84795,buy,0x7c5a0ce9267ed19b22f8cae653f198e3e8daf098,0xe2fc80f9aa2b2d1846cf786c210b768152ecba6f69aeaebef23245d0bda29750
196,0.46296296296296297,0.0005,0x4c2fb430e95954bcfa54ce4741a9fc2ff6e415ad,2017-09-13T21:16:42.000Z,0.00108,0x383932e5467528999954bf192452e390e1c84795,buy,0x7c5a0ce9267ed19b22f8cae653f198e3e8daf098,0x93b09a4fdbaa36f22c4ef51e54573df825bbb8acf6ff776e7c9add0d3e46c7aa
197,8.403,0.00999957,0x8c6f66266d558643b24b6ac351f1569b93b2d8fa,2017-09-12T18:10:56.000Z,0.00119,0x8d71cd37bc1c715f6d4e9b5d68aa17a8b42cac87,buy,0x7c5a0ce9267ed19b22f8cae653f198e3e8daf098,0x5b0b9962ba4f565aec24fec33a13a03791c408d7195f7156e079a415a82aa5c0
198,1,0.00112,0xd6f29f2fb0a1dc783aeab42ce7ce9276f8e14a54,2017-09-12T16:15:34.000Z,0.00112,0xc0fe21f530f2012f1553fbe6088e62e04848c936,buy,0x7c5a0ce9267ed19b22f8cae653f198e3e8daf098,0x9a65c9fe6d5cd7374a2aa2e2f86fb2be924dd9936915e6d06ccf00098b344d62
199,0.25020933,0.000275230263,0x7aa6e2506316f6d613277d4f2f4e4e1dc55e528e,2017-09-12T04:20:12.000Z,0.0011,0x3d53269e7e2464b859a099cb4e8c0ff53b1ddd26,buy,0x7c5a0ce9267ed19b22f8cae653f198e3e8daf098,0x9712e267564f790ab330cc0dba5af06bc9ae835b554673535d8e659caf9ff56c
200,3,0.0033,0x9b113df7b32e93193e6e2d8ec491bcc30da0c04c,2017-09-12T04:20:12.000Z,0.0011,0x3d53269e7e2464b859a099cb4e8c0ff53b1ddd26,buy,0x7c5a0ce9267ed19b22f8cae653f198e3e8daf098,0x2ee1cb6ddfbaadb2e5e88decf23aea62dab54d55b140033ac9434ebcb43371d3
201,0.24945870201,0.00199566961608,0x0afd17ea7e8f9dac36743e2e75a83a1cd55b1f30,2017-09-12T04:20:12.000Z,0.008,0x7aa6e2506316f6d613277d4f2f4e4e1dc55e528e,sell,0x7c5a0ce9267ed19b22f8cae653f198e3e8daf098,0x9712e267564f790ab330cc0dba5af06bc9ae835b554673535d8e659caf9ff56c
202,1,0.0011,0x18622368e9838935264bb557663fbc0d16a02ab7,2017-09-12T03:51:56.000Z,0.0011,0x3d53269e7e2464b859a099cb4e8c0ff53b1ddd26,buy,0x7c5a0ce9267ed19b22f8cae653f198e3e8daf098,0xbb54e62197f2d49cf88fec4664661a76c5ad8b8d7aabddd4a663bb956ddb73e8
203,11.033,0.0121363,0xdd5ed75a9175b77685cfd27124f86b3a6c053660,2017-09-12T03:47:22.000Z,0.0011,0x3d53269e7e2464b859a099cb4e8c0ff53b1ddd26,buy,0x7c5a0ce9267ed19b22f8cae653f198e3e8daf098,0x7e26717a7758a29d1e0365840ddcc4e9946293c17d4ff19d4349f6e144298910
204,10.99979067,0.08799832536,0x0afd17ea7e8f9dac36743e2e75a83a1cd55b1f30,2017-09-12T03:47:22.000Z,0.008,0xdd5ed75a9175b77685cfd27124f86b3a6c053660,sell,0x7c5a0ce9267ed19b22f8cae653f198e3e8daf098,0x7e26717a7758a29d1e0365840ddcc4e9946293c17d4ff19d4349f6e144298910
205,1553.185126109062,1.2425481008872494,0x834d1e21a8a11a87174fbbca30337034b3fdc299,2017-09-12T00:56:47.000Z,0.0008,0xb20b2c3dca2d4745fad838074b9a777f76abf87e,sell,0x7c5a0ce9267ed19b22f8cae653f198e3e8daf098,0xe3b8256ff210841fd0b451e803b8b178c04cd553f3a51c579164c1e7992f829c
206,1,0.00113,0x0024a5046fd95c5eee6db19a69ef7ed3bacd50f1,2017-09-11T19:44:24.000Z,0.00113,0x383932e5467528999954bf192452e390e1c84795,buy,0x7c5a0ce9267ed19b22f8cae653f198e3e8daf098,0xda7afcfc1ba3069ffdb0cb1486354ea2330f159f53dd31d2efc4c1ed2aa78f19
207,1,0.00113,0x0024a5046fd95c5eee6db19a69ef7ed3bacd50f1,2017-09-11T19:43:48.000Z,0.00113,0x383932e5467528999954bf192452e390e1c84795,buy,0x7c5a0ce9267ed19b22f8cae653f198e3e8daf098,0xda7afcfc1ba3069ffdb0cb1486354ea2330f159f53dd31d2efc4c1ed2aa78f19
208,2850,2.28,0x834d1e21a8a11a87174fbbca30337034b3fdc299,2017-09-11T16:56:50.000Z,0.0008,0xa91a30500a60258dc83f08bd7e29086f19e75e10,sell,0x7c5a0ce9267ed19b22f8cae653f198e3e8daf098,0xce623a0dfcba1e82aa8a211995f4cd9f42e8740168003cc7888f155d0b776ed5
209,700,0.567,0xadfac97883d508f98bf12e07a22a5348598a5a16,2017-09-11T16:56:30.000Z,0.00081,0xa91a30500a60258dc83f08bd7e29086f19e75e10,sell,0x7c5a0ce9267ed19b22f8cae653f198e3e8daf098,0xd94fe83886da0b13a23813018f54a14344ed1fce7898cf7601b1d01fe0562eed
210,994.0658025922233,0.8052927066799602,0x8d71cd37bc1c715f6d4e9b5d68aa17a8b42cac87,2017-09-11T16:54:09.000Z,0.0008101,0xa91a30500a60258dc83f08bd7e29086f19e75e10,sell,0x7c5a0ce9267ed19b22f8cae653f198e3e8daf098,0xfce091068411b073e7d69750281b2120d3b5f76904a6bdf3cecc07707d644653
211,402.241,0.326217451,0x82ae67419cdcb55c304f55a3b6a99bf8b53d6897,2017-09-11T16:46:55.000Z,0.000811,0xa91a30500a60258dc83f08bd7e29086f19e75e10,sell,0x7c5a0ce9267ed19b22f8cae653f198e3e8daf098,0xd5fd2aafd8c703d22d7856ef6e584e61ca472a7f6ff09d7b7b55926844b54250
212,77.75894726348321,0.06306250623068488,0x82ae67419cdcb55c304f55a3b6a99bf8b53d6897,2017-09-11T09:17:47.000Z,0.000811,0x04991c500eb82f7388923d926d17fdfae2423598,sell,0x7c5a0ce9267ed19b22f8cae653f198e3e8daf098,0x57f635b8e85625b194471ebc5f3ab859b6f81a1516e81c2e005c3e9ac9ffb40a
213,5.9341974077766,0.004807293320039823,0x8d71cd37bc1c715f6d4e9b5d68aa17a8b42cac87,2017-09-10T06:09:07.000Z,0.0008100999999999999,0x6d3d0dfa885186833d6cf04f7890aab7d3b43cd1,sell,0x7c5a0ce9267ed19b22f8cae653f198e3e8daf098,0x68b08e230de7d8c2fb86bb2899c26cafa7df2e2db643f60f8b6ee3c242af54e0
214,0.45871559633027525,0.0005,0x64b604630e055318093215b7ed41697ca4fb5de6,2017-09-10T04:10:39.000Z,0.00109,0x8d71cd37bc1c715f6d4e9b5d68aa17a8b42cac87,buy,0x7c5a0ce9267ed19b22f8cae653f198e3e8daf098,0x1b111448941a1ca0e5de1c2f49a9676459da6c5f004200518f42075a43d6a23e
215,0.1,0.0001149,0xcc8f72d19e9af2a071421c076e4ae1ecf893d0fe,2017-09-08T22:55:21.000Z,0.001149,0x3d53269e7e2464b859a099cb4e8c0ff53b1ddd26,buy,0x7c5a0ce9267ed19b22f8cae653f198e3e8daf098,0x2751635111ebdaa687938fd2ba471e81ad6a8ba5122ea98caa2e8b23030c0b18
216,262.88367560562256,0.14484890525869804,0x0ab359f10e9c8be86663bc83ac772ecf9473c42c,2017-09-08T14:28:01.000Z,0.000551,0x62084ec8901faf5249a8f7fc2158a2c3e1a4209b,sell,0x7c5a0ce9267ed19b22f8cae653f198e3e8daf098,0xf8934d425d1abcf96df31871258e6f569e5e026a416101063349764caa45db83
217,10000,7.54,0x834d1e21a8a11a87174fbbca30337034b3fdc299,2017-09-08T14:24:39.000Z,0.000754,0x62084ec8901faf5249a8f7fc2158a2c3e1a4209b,sell,0x7c5a0ce9267ed19b22f8cae653f198e3e8daf098,0x951dc39b0cfee4d11ada6594779dfe20a76e7e270a70736067005a2583192275
218,1000,0.752,0x8d71cd37bc1c715f6d4e9b5d68aa17a8b42cac87,2017-09-08T14:20:49.000Z,0.000752,0x62084ec8901faf5249a8f7fc2158a2c3e1a4209b,sell,0x7c5a0ce9267ed19b22f8cae653f198e3e8daf098,0x6b4dc3bcfc99c55348f1544b76a2fd088f6ba4e75e622fa25cc353aabe66a21e
219,5144.113,3.868372976,0xb66b8c69526a6cb4f439b18bbf1116086d96cdcf,2017-09-08T14:20:20.000Z,0.000752,0x62084ec8901faf5249a8f7fc2158a2c3e1a4209b,sell,0x7c5a0ce9267ed19b22f8cae653f198e3e8daf098,0xc3b004d8ce9f2d013de3040b8bbb1f1d6c5587293e2de6ce01d9746a0ab6427c
220,500,0.3765,0x8d71cd37bc1c715f6d4e9b5d68aa17a8b42cac87,2017-09-08T14:20:20.000Z,0.000753,0x62084ec8901faf5249a8f7fc2158a2c3e1a4209b,sell,0x7c5a0ce9267ed19b22f8cae653f198e3e8daf098,0xb57707a1cc4add4f34072ac402e76920c724c206ce55a70c60631e8e650bbac5
221,450.682,0.338913314682,0x94a00fbb63f2e2c8e7db218d75d6c5d319d166bd,2017-09-08T14:20:20.000Z,0.000752001,0x62084ec8901faf5249a8f7fc2158a2c3e1a4209b,sell,0x7c5a0ce9267ed19b22f8cae653f198e3e8daf098,0x2dacf2b1cf170e1e88f5dfeb12215133f2512fdd94cb0ad535f2319a434e8c5b
222,759.2862127405044,0.5709832319808593,0xb66b8c69526a6cb4f439b18bbf1116086d96cdcf,2017-09-08T09:48:50.000Z,0.000752,0x8dbdbb1daa5ee7a45dcc5e23d4aadacf7db9bc2e,sell,0x7c5a0ce9267ed19b22f8cae653f198e3e8daf098,0x84bec9ebd9c7711ca80a8306f1a82fd4891104480cc8137b2a703e9b36c96506
223,500,0.6299,0x3b6c0eded99510828b24687c32fa4a8a2ae4e4c3,2017-09-08T01:29:55.000Z,0.0012598,0x8d71cd37bc1c715f6d4e9b5d68aa17a8b42cac87,buy,0x7c5a0ce9267ed19b22f8cae653f198e3e8daf098,0x3cdd0fe08a44cd97c88fdd1bbcd70bfafcbf0301afee4f1014fd224c99773681
224,1096.6005383311733,0.8246436048250424,0xb66b8c69526a6cb4f439b18bbf1116086d96cdcf,2017-09-07T23:29:53.000Z,0.000752,0xb3bf8d2abc4087fb10f1e789bc1c44c4a707b685,sell,0x7c5a0ce9267ed19b22f8cae653f198e3e8daf098,0xe2eb33fc0858eace962d769422fd33773648da5ab8d6066ac8685a39c120cd83
225,1000,1.15,0xb3bf8d2abc4087fb10f1e789bc1c44c4a707b685,2017-09-07T18:16:21.000Z,0.00115,0x3d53269e7e2464b859a099cb4e8c0ff53b1ddd26,buy,0x7c5a0ce9267ed19b22f8cae653f198e3e8daf098,0x6c35e38e066e83b964b4c24af200451db6e8c0e5805522a4fe9eb768d0049a73
226,100,0.115,0xb3bf8d2abc4087fb10f1e789bc1c44c4a707b685,2017-09-07T18:13:49.000Z,0.00115,0x3d53269e7e2464b859a099cb4e8c0ff53b1ddd26,buy,0x7c5a0ce9267ed19b22f8cae653f198e3e8daf098,0x8469b61a168d77496fd83ba46355b35f159c06b80f4788856cba5cd39e97f8c5
227,13.68555882403158,0.016956407382975127,0xd4aee28720967544bf5e7b72c68876c146cf6726,2017-09-07T10:46:38.000Z,0.001239,0x3d53269e7e2464b859a099cb4e8c0ff53b1ddd26,buy,0x7c5a0ce9267ed19b22f8cae653f198e3e8daf098,0xe25c1a31c0e091d2112565427ce7684a5aebdaa4f9a1add828aaa5f899284f8f
228,517.1617256351541,0.7136831813765125,0x3b6c0eded99510828b24687c32fa4a8a2ae4e4c3,2017-09-07T03:31:08.000Z,0.00138,0x008ffdea584d1c91e2e3547bd2dcc523bdcb0f96,buy,0x7c5a0ce9267ed19b22f8cae653f198e3e8daf098,0x1d856f9aae5dcf989f14235f8dd1d77b39e927d3982b0a1d72934a72e536e32e
229,65.01627436484596,0.0897224586234874,0xd4aee28720967544bf5e7b72c68876c146cf6726,2017-09-07T03:21:42.000Z,0.00138,0x008ffdea584d1c91e2e3547bd2dcc523bdcb0f96,buy,0x7c5a0ce9267ed19b22f8cae653f198e3e8daf098,0x39e62fdb35f013201aea13a657eb56488aef4f2992362e4d43f437b53adf2836
230,300,0.35997,0x244504b2ffdfd48f75fbf1ad9df22a95d8f9d3b6,2017-09-06T22:11:31.000Z,0.0011999,0x8d71cd37bc1c715f6d4e9b5d68aa17a8b42cac87,buy,0x7c5a0ce9267ed19b22f8cae653f198e3e8daf098,0x195a208c7e969e478a43ac98cc7093a78a22f91a83b82c662f816fec8e66b2ab
231,89.217,0.1070514783,0x244504b2ffdfd48f75fbf1ad9df22a95d8f9d3b6,2017-09-06T22:10:23.000Z,0.0011999,0x68bd7e6657ee981fabc22ea310cc004e4f97d533,buy,0x7c5a0ce9267ed19b22f8cae653f198e3e8daf098,0x828ff5fde29f0564ab2473324bdc2a1b1de6470661d8dbddbfccd16b9b395dc2
232,89.217,0.1070514783,0x68bd7e6657ee981fabc22ea310cc004e4f97d533,2017-09-06T14:20:51.000Z,0.0011999,0x8d71cd37bc1c715f6d4e9b5d68aa17a8b42cac87,buy,0x7c5a0ce9267ed19b22f8cae653f198e3e8daf098,0x6597ce4eb8ade8e8c73f6e5ee06788958d1f0cf5b4580b2dcd130d1423498504
233,400,0.47996,0x72727667ea73e5b0a1612d7d685b205c78ae4748,2017-09-05T22:57:55.000Z,0.0011999,0x8d71cd37bc1c715f6d4e9b5d68aa17a8b42cac87,buy,0x7c5a0ce9267ed19b22f8cae653f198e3e8daf098,0x4101b5c9d518ffa9427c472ada50235714ea1c79c45226183684dd5b01934897
234,2.108,0.002131188,0x4c5155368c814bb73e4273e0f85982f989996f77,2017-09-05T19:38:05.000Z,0.001011,0xece5dd8b1ee75e0b7cfc1a1ff5f9dde43d99535f,sell,0x7c5a0ce9267ed19b22f8cae653f198e3e8daf098,0xfbc89d42f3da91eac2b1f77b9438792c89105f516e36d4a4fe47c2a852b7ecef
235,189.20745688366065,0.14209480011962916,0x8d71cd37bc1c715f6d4e9b5d68aa17a8b42cac87,2017-09-05T19:26:39.000Z,0.000751,0x7cbc4e0d168744912c5afc081499145bbdc51e69,sell,0x7c5a0ce9267ed19b22f8cae653f198e3e8daf098,0xf59dd9949d1942d531d166d262acc561b3c339fdde63ede69d8b2078fd3995c7
236,74.76821852258,0.08972186222709601,0xb6eee08dd1fd9a5b6f45328b9196db505e754a68,2017-09-04T16:14:44.000Z,0.0012,0x1fdf047bf7a114b37e7936d01e9cad754ad18803,buy,0x7c5a0ce9267ed19b22f8cae653f198e3e8daf098,0x208253356f296beb26a0079ebdd2d7b62ca3d08a331fed5dbe27394f29a2c4e7
237,993.9188515601635,1.0048519589273253,0x4c5155368c814bb73e4273e0f85982f989996f77,2017-09-04T11:20:29.000Z,0.001011,0x572c5ddddfad90aefb179a76a32ebad64659715f,sell,0x7c5a0ce9267ed19b22f8cae653f198e3e8daf098,0x310d24747d5d2007de362169d6f0b28138da8c2fc5cc09868063604fcbd1efb7
238,216.7194990395401,0.2990729086745653,0xa6d8bdd2f1eacea10b47395b48939673afa231c9,2017-09-04T11:03:48.000Z,0.00138,0x008ffdea584d1c91e2e3547bd2dcc523bdcb0f96,buy,0x7c5a0ce9267ed19b22f8cae653f198e3e8daf098,0x2d2d0081ae392da5cfde6baa202fab715f9a6fd2dfe5237727e36ccf225681ed
239,197.98624264779184,0.20016409131691756,0x4c5155368c814bb73e4273e0f85982f989996f77,2017-09-03T22:10:29.000Z,0.001011,0x9778550d76b07ac9f5e57392f68ecdf6efc1774e,sell,0x7c5a0ce9267ed19b22f8cae653f198e3e8daf098,0xbc46058ff2231bcfd6d61b930f65865433f3041c96d1a1b409e0bf6298ff9945
240,500,0.51,0x1fdf047bf7a114b37e7936d01e9cad754ad18803,2017-09-03T22:10:12.000Z,0.00102,0x9778550d76b07ac9f5e57392f68ecdf6efc1774e,sell,0x7c5a0ce9267ed19b22f8cae653f198e3e8daf098,0x14a58aacf55403f38d503861026ea7e457e558e9182517a495bb67c3eb6c3a2a
241,200,0.218,0x48eaedfa6ab55f414a433f0778f55ed9b827e822,2017-09-03T22:09:20.000Z,0.00109,0x9778550d76b07ac9f5e57392f68ecdf6efc1774e,sell,0x7c5a0ce9267ed19b22f8cae653f198e3e8daf098,0x660fe881e3a0b882e72fde47c664cb11835fe6c539a7f195a96f57494fabc626
242,860,0.946,0x4c5155368c814bb73e4273e0f85982f989996f77,2017-09-03T17:19:56.000Z,0.0011,0xe5b5a0eef415e3b8e5c6cf65d3e008dd47d55587,buy,0x7c5a0ce9267ed19b22f8cae653f198e3e8daf098,0xc78ca896f57ad7ce3de652d1bd0ab05f6e610d37480d98c35fb531ffabf3e004
243,140,0.154,0xc12ebaea18b002af9b30138a3b045495faf1377a,2017-09-03T14:20:43.000Z,0.0011,0xe5b5a0eef415e3b8e5c6cf65d3e008dd47d55587,buy,0x7c5a0ce9267ed19b22f8cae653f198e3e8daf098,0x47cde030ba23878075b5479c5bc3f71efb7dbbd397dce6a2f3cfb9806b43f111
244,899.7,0.8997,0x9778550d76b07ac9f5e57392f68ecdf6efc1774e,2017-09-03T12:08:05.000Z,0.001,0xe5b5a0eef415e3b8e5c6cf65d3e008dd47d55587,buy,0x7c5a0ce9267ed19b22f8cae653f198e3e8daf098,0x13944f312a3504b280226953121c936e182619d04d9199527983718484a55884
245,100,0.101,0x779f7997ab5e572bf0c550b0c8530a26af7fe481,2017-09-03T11:38:31.000Z,0.00101,0xe5b5a0eef415e3b8e5c6cf65d3e008dd47d55587,sell,0x7c5a0ce9267ed19b22f8cae653f198e3e8daf098,0x6c4e8faabf7d3e7495f118e61c921bbf00c3cbc63d501f4201a383e4991bf6a0
246,28,0.04452,0x3b6c0eded99510828b24687c32fa4a8a2ae4e4c3,2017-09-02T20:09:37.000Z,0.00159,0xdbb3d1bcdac76d904842e8d32c5e8c7afeb1c13c,buy,0x7c5a0ce9267ed19b22f8cae653f198e3e8daf098,0x2363f2ba85955585cb1ec316bd7bb21c3e01162aad1c1412954107fafe6a5dd3
247,1294,1.770192,0x3b6c0eded99510828b24687c32fa4a8a2ae4e4c3,2017-09-02T20:06:47.000Z,0.001368,0x3d53269e7e2464b859a099cb4e8c0ff53b1ddd26,buy,0x7c5a0ce9267ed19b22f8cae653f198e3e8daf098,0xe06a98680e850d6b0dfe8b170e2503d63a94b6de738c75f74e8556c0134ca060
248,699,0.643779,0x669f0ab96fd3beb68bc836bb874894bbb516331a,2017-09-02T18:35:37.000Z,0.000921,0xaefbae1318271a32b0139dbb49fa77096800ccfc,buy,0x7c5a0ce9267ed19b22f8cae653f198e3e8daf098,0xb41e83a7b97e710f8b584f03e8b070f3e1a51633770900fcce0c92ad3eaad521
249,200.30904196989334,0.18448462765427176,0x8d71cd37bc1c715f6d4e9b5d68aa17a8b42cac87,2017-09-02T15:47:17.000Z,0.000921,0xaefbae1318271a32b0139dbb49fa77096800ccfc,sell,0x7c5a0ce9267ed19b22f8cae653f198e3e8daf098,0x3ffe199304867f7ed2c13777c94b7ed6a4de7958c7a3503a586edcd24533c5f4
250,9.449,0.013030161551,0xb6d71af49cd802a1ab88f8908a0c52a3ebffd37f,2017-09-02T02:52:49.000Z,0.001378999,0x254fb89e4cab71708eaab16e067ca8156a38e18a,buy,0x7c5a0ce9267ed19b22f8cae653f198e3e8daf098,0x6243da20335c6d6d0d22259026f5bfb30511fdd4eab4097796ecaebb05bb17bf
251,50,0.05595,0xd6146c64896d92d4d32c37cb06779ddf20a05c82,2017-09-01T21:22:06.000Z,0.001119,0x94a00fbb63f2e2c8e7db218d75d6c5d319d166bd,sell,0x7c5a0ce9267ed19b22f8cae653f198e3e8daf098,0x7717b8d96f473e47f0fe84476e0b5a44e4a6f4c4fa1e8df411dd92f17c2e0948
252,99.69095803010667,0.09181537234572824,0x8d71cd37bc1c715f6d4e9b5d68aa17a8b42cac87,2017-09-01T20:24:50.000Z,0.000921,0xaefbae1318271a32b0139dbb49fa77096800ccfc,sell,0x7c5a0ce9267ed19b22f8cae653f198e3e8daf098,0x96405038b03b1e2ae49de0956381d592ce863dd558f0de51781d4e62914cc525
253,121.26591961918054,0.10913932765726249,0x7b6b2f3c88ce2ecedc01c545f13faf36034d772f,2017-09-01T05:51:15.000Z,0.0009,0xc084485191e02ec96ae0323360d6775f5c4998d0,sell,0x7c5a0ce9267ed19b22f8cae653f198e3e8daf098,0x51f7a90db9620f621bd0e8e5f6b2ec510321b146bffd5e9a0a665e061b69eb59
254,966.0070901131625,0.8694063811018462,0x7b6b2f3c88ce2ecedc01c545f13faf36034d772f,2017-09-01T05:39:19.000Z,0.0009,0x1fdf047bf7a114b37e7936d01e9cad754ad18803,sell,0x7c5a0ce9267ed19b22f8cae653f198e3e8daf098,0x09b3473e15093a942f7dd6fb617b61ecdd043bc64a360c9dd7ac4f99b041b611
255,149.63177965876727,0.18718935635311787,0x11c1015216f9e33e7cb423882919ffaf1ede97be,2017-09-01T05:11:32.000Z,0.001251,0xbc18642c7e0647d6e65b53cadefb4367d8f85a97,buy,0x7c5a0ce9267ed19b22f8cae653f198e3e8daf098,0x4ccfa44790d927a269dc213b456db5da06464ece3631b3605f66b582d214cb0b
256,498.45479015053337,0.44860931113548,0x7b6b2f3c88ce2ecedc01c545f13faf36034d772f,2017-09-01T01:57:00.000Z,0.0009,0x911fd52baae88c7303d75da41be35c49b0bf768a,sell,0x7c5a0ce9267ed19b22f8cae653f198e3e8daf098,0x4853dfd39b9e2b249897a387599b7cddaa2e048cd5c51cb065c4300a92048eeb
257,50,0.0555,0x16ccb4e8e360c0eda6b4351fa5f211f21bde989d,2017-09-01T00:36:48.000Z,0.00111,0xbc18642c7e0647d6e65b53cadefb4367d8f85a97,sell,0x7c5a0ce9267ed19b22f8cae653f198e3e8daf098,0x42081c622cb96e0f1f773612c78c0284841af789e4b32c84395e9e802e16f095
258,100,0.0900001,0x7bd02d3903fa837426cd80f163efb5207f2b4195,2017-09-01T00:20:11.000Z,0.000900001,0xbc18642c7e0647d6e65b53cadefb4367d8f85a97,sell,0x7c5a0ce9267ed19b22f8cae653f198e3e8daf098,0x9d2f81e28f99acd904e57aef42b3e018b1bbf045385ed159f31fa563401d605b
259,1500,1.35,0x7b6b2f3c88ce2ecedc01c545f13faf36034d772f,2017-09-01T00:06:01.000Z,0.0009,0xbc18642c7e0647d6e65b53cadefb4367d8f85a97,sell,0x7c5a0ce9267ed19b22f8cae653f198e3e8daf098,0xcff49f9d17c2ee1bb985fde17c7e8588ffa8be780d5ac9953fcc5c0a01b75137
260,320,0.40032,0xa05a2e51beb7fde2c8cddd4750926fa6ca02b769,2017-08-31T23:31:37.000Z,0.001251,0xbc18642c7e0647d6e65b53cadefb4367d8f85a97,buy,0x7c5a0ce9267ed19b22f8cae653f198e3e8daf098,0x2d44afe3b0ca70dc96398a7ed34c71a30b15e53513643f50e163b61c604452f7
261,75,0.103875,0xd2698756c5fcb0e6741b785dfb045a23e36e5d43,2017-08-31T06:19:14.000Z,0.001385,0x1509f23126c9ce5798b8a6b104c35f81f7f0b212,buy,0x7c5a0ce9267ed19b22f8cae653f198e3e8daf098,0xd9d0510b74029631178b91e27a657b1b5a2bc00611a19d5e07e7e6773657a09a
262,25,0.034625,0x98f0deb428b74fb5302d250af5d55e77c8519f2a,2017-08-30T12:19:04.000Z,0.001385,0x1509f23126c9ce5798b8a6b104c35f81f7f0b212,buy,0x7c5a0ce9267ed19b22f8cae653f198e3e8daf098,0x9525308b0671449bbcd8483a1f5ee812679044112d6032aea1abb4cedc5fb0b9
263,57,0.078945,0xaef0a87ccab111f7125bce9f9bf6bcff746c9d85,2017-08-30T05:55:40.000Z,0.001385,0xbc18642c7e0647d6e65b53cadefb4367d8f85a97,buy,0x7c5a0ce9267ed19b22f8cae653f198e3e8daf098,0xbe2b6f84cc12e7dd87beeed302386e93c9830aab9c8d6538982aa73f69a2df73
264,1,0.001387,0x9778550d76b07ac9f5e57392f68ecdf6efc1774e,2017-08-29T12:19:55.000Z,0.001387,0xa9e864200f21269028271edeaf43a2883f8fbfa9,buy,0x7c5a0ce9267ed19b22f8cae653f198e3e8daf098,0x03e93bb6625847f4c840611a02ff16c96b8237b3e3b916d9275dc0e1d1fbaa87
265,0.00000382143,0.00000000530032341,0x39dc3f7adc8cad2b03c831c7771a25d4fb99021e,2017-08-29T12:17:48.000Z,0.001387,0xa9e864200f21269028271edeaf43a2883f8fbfa9,buy,0x7c5a0ce9267ed19b22f8cae653f198e3e8daf098,0xebc982d17aafce5ec43cf17d1f75efa335a99de99125cc9086ba7255686b402a
266,0.00000381,0.01524,0x91f2590733f73c38e3c38a149cdd40755713a80e,2017-08-29T12:17:48.000Z,4000,0x39dc3f7adc8cad2b03c831c7771a25d4fb99021e,sell,0x7c5a0ce9267ed19b22f8cae653f198e3e8daf098,0xebc982d17aafce5ec43cf17d1f75efa335a99de99125cc9086ba7255686b402a
267,0.00127,0.00000176149,0xf22b9431279708fd7d18e979291e356189de7f94,2017-08-29T12:16:36.000Z,0.001387,0xa9e864200f21269028271edeaf43a2883f8fbfa9,buy,0x7c5a0ce9267ed19b22f8cae653f198e3e8daf098,0x94673548d1fcd82ff53a9c3fbe6082b19886cc6b916d64472d3ef250753c7bff
268,0.00126619,5.06476,0x91f2590733f73c38e3c38a149cdd40755713a80e,2017-08-29T12:16:36.000Z,4000,0xf22b9431279708fd7d18e979291e356189de7f94,sell,0x7c5a0ce9267ed19b22f8cae653f198e3e8daf098,0x94673548d1fcd82ff53a9c3fbe6082b19886cc6b916d64472d3ef250753c7bff
269,99.736,0.14760928,0x4273120b5c96b3a2cfecdd7888304643fbc1b663,2017-08-29T03:33:12.000Z,0.00148,0x3d53269e7e2464b859a099cb4e8c0ff53b1ddd26,sell,0x7c5a0ce9267ed19b22f8cae653f198e3e8daf098,0x21f0ecd5239f23940d774bebe17c1f68433e379be20504974a5dcbc69b7505e0
270,100.26373043564949,0.14839032104476124,0x4273120b5c96b3a2cfecdd7888304643fbc1b663,2017-08-29T02:18:40.000Z,0.00148,0x8d71cd37bc1c715f6d4e9b5d68aa17a8b42cac87,sell,0x7c5a0ce9267ed19b22f8cae653f198e3e8daf098,0x03524d740dfb100160ea17a0a095f485ad405e78af701045488501c520f55ffc
271,200,0.256,0x8c7c59abbe050e42300d47fbf1cb6aa35e4cbd73,2017-08-29T00:45:42.000Z,0.00128,0x3d53269e7e2464b859a099cb4e8c0ff53b1ddd26,sell,0x7c5a0ce9267ed19b22f8cae653f198e3e8daf098,0x013db9dba8e0b7cb15c08f36c53dea7afe0b2f4b8695415afdcfef484dfd9a9b
272,7,0.009555,0x620f6187b0bf753888b8d48603272a0a8d05a9e6,2017-08-29T00:45:19.000Z,0.001365,0x3d53269e7e2464b859a099cb4e8c0ff53b1ddd26,sell,0x7c5a0ce9267ed19b22f8cae653f198e3e8daf098,0x6d64bd958ea39bcf3d3f4e7c75c2cf0039e25e9b421861eb25ca3ec49dc0990e
273,2.240554281726647,0.003091964908782772,0x492842125e4c3a7d10cda0e0291ea22788e4ad60,2017-08-29T00:42:40.000Z,0.0013799999999999997,0x3d53269e7e2464b859a099cb4e8c0ff53b1ddd26,sell,0x7c5a0ce9267ed19b22f8cae653f198e3e8daf098,0x9c6ebbb05520137f899d1f8a3836996b6fc0c21dfc0d100041dbc93975cc2571
274,0.9999178966753623,0.001489877666046289,0x16ccb4e8e360c0eda6b4351fa5f211f21bde989d,2017-08-29T00:42:39.000Z,0.0014899999999999991,0x3d53269e7e2464b859a099cb4e8c0ff53b1ddd26,sell,0x7c5a0ce9267ed19b22f8cae653f198e3e8daf098,0x60a846c9392475a3eca62116838686437423ca38a3f9833fbc448a60800c8118
275,69.3,0.0999999,0xbc43454e4b5c4cdbb2099449b76e11664307a1f2,2017-08-28T21:27:42.000Z,0.001443,0x492842125e4c3a7d10cda0e0291ea22788e4ad60,buy,0x7c5a0ce9267ed19b22f8cae653f198e3e8daf098,0x236b309ec503289e231e91d135a51d43c3317d63206378e1f9d36d3426ae004e
276,0.000082103324637645,0.00000012233395371,0x16ccb4e8e360c0eda6b4351fa5f211f21bde989d,2017-08-28T18:03:27.000Z,0.001489999999998891,0xece5dd8b1ee75e0b7cfc1a1ff5f9dde43d99535f,sell,0x7c5a0ce9267ed19b22f8cae653f198e3e8daf098,0x82a07eefe3917b4f1b63677a9ded1c45057480c89c36775c053b89e50b005e77
277,220,0.31746,0x8c7c59abbe050e42300d47fbf1cb6aa35e4cbd73,2017-08-28T17:04:22.000Z,0.001443,0x492842125e4c3a7d10cda0e0291ea22788e4ad60,buy,0x7c5a0ce9267ed19b22f8cae653f198e3e8daf098,0xa92a44e11287d881c1056af2cfd5d128b498a4fea3b96c7f0e2983ac86882163
278,106.36526767022231,0.11806544711394676,0x7b6b2f3c88ce2ecedc01c545f13faf36034d772f,2017-08-28T13:47:17.000Z,0.00111,0x4377f0787428d47c675640ac8ee17f77b2e41303,sell,0x7c5a0ce9267ed19b22f8cae653f198e3e8daf098,0xf20f43c083640d00aaf33681a02af64225fcb6ef7e081f252571100d51d3ce81
279,4985,5.982,0x669f0ab96fd3beb68bc836bb874894bbb516331a,2017-08-28T13:07:49.000Z,0.0012,0xacee7d11d13aefc626cbf120911fc9ea46dcead0,buy,0x7c5a0ce9267ed19b22f8cae653f198e3e8daf098,0x80b3d618b03c2fa856fb0f51bde533bd7276ff3a1761bd8235bbe56c1e67b4b3
280,5000,6,0xb66b8c69526a6cb4f439b18bbf1116086d96cdcf,2017-08-28T12:57:41.000Z,0.0012,0xacee7d11d13aefc626cbf120911fc9ea46dcead0,sell,0x7c5a0ce9267ed19b22f8cae653f198e3e8daf098,0xf6bedc049fcbbaef52e68528c345e47a8783e429f68d4a73fa4ad4f79d0cd2bd
281,193.305,0.29537004,0xbfe1b1b036686e7f1ccfe35edf94ce0b0df78ba6,2017-08-27T18:08:33.000Z,0.001528,0x4377f0787428d47c675640ac8ee17f77b2e41303,buy,0x7c5a0ce9267ed19b22f8cae653f198e3e8daf098,0x47989b88848d346aeac98950a95b4ab4e8aaa7b055070b4fccb7050a69bf31f3
282,28.71,0.041632371,0x48ae7ea7038973e4dd8316cb37ffd01a8b3b9828,2017-08-27T17:22:07.000Z,0.0014501,0x3d53269e7e2464b859a099cb4e8c0ff53b1ddd26,sell,0x7c5a0ce9267ed19b22f8cae653f198e3e8daf098,0x97ffde0099a8d09f375d7d7ec77598becdd7020087703320663a1f316cb22716
283,800,1.04,0xb6dba64619f3a70bdd4ffde2e1f5281a0009f041,2017-08-27T16:07:07.000Z,0.0013,0xc799a66887b6c91df640a2cf56cc0ec39f77d0d4,buy,0x7c5a0ce9267ed19b22f8cae653f198e3e8daf098,0x4cc24b98993c17170a9b8d8f948613c745ba9682cf68e15875c50bb84ea0867c
284,722.7594457182734,0.9974080350912172,0x492842125e4c3a7d10cda0e0291ea22788e4ad60,2017-08-27T16:05:29.000Z,0.00138,0xb6dba64619f3a70bdd4ffde2e1f5281a0009f041,sell,0x7c5a0ce9267ed19b22f8cae653f198e3e8daf098,0xb7a1cc1e4757607ec83d956a27ec2b14b272e0fd5be05927e630a1322b728fdb
285,725,0.9425,0xb6dba64619f3a70bdd4ffde2e1f5281a0009f041,2017-08-27T16:05:29.000Z,0.0013,0xc799a66887b6c91df640a2cf56cc0ec39f77d0d4,buy,0x7c5a0ce9267ed19b22f8cae653f198e3e8daf098,0xb7a1cc1e4757607ec83d956a27ec2b14b272e0fd5be05927e630a1322b728fdb
286,0.997,0.013958,0x16ccb4e8e360c0eda6b4351fa5f211f21bde989d,2017-08-27T09:25:16.000Z,0.014,0xf22b9431279708fd7d18e979291e356189de7f94,sell,0x7c5a0ce9267ed19b22f8cae653f198e3e8daf098,0x8419ee4f725d60f42e76a71865b1e869481be9acfb92cea59a57fb9174510a21
287,1,0.00153,0xf22b9431279708fd7d18e979291e356189de7f94,2017-08-27T09:25:16.000Z,0.00153,0x15e1e939f9f3c7273803145ac8daf5efa5b44ede,buy,0x7c5a0ce9267ed19b22f8cae653f198e3e8daf098,0x8419ee4f725d60f42e76a71865b1e869481be9acfb92cea59a57fb9174510a21
288,50.731,0.07558919,0x16ccb4e8e360c0eda6b4351fa5f211f21bde989d,2017-08-27T06:59:15.000Z,0.00149,0x3d53269e7e2464b859a099cb4e8c0ff53b1ddd26,sell,0x7c5a0ce9267ed19b22f8cae653f198e3e8daf098,0x38b6a76ef369e47740a305c50c0dab5e4ed3a8e3aed1427d57eb2679cb8e527c
289,176.666992091184,0.265000488136776,0xdc0b49bc1964baa65b924f1b40b4580b68ed91f0,2017-08-27T06:59:08.000Z,0.0015,0x3d53269e7e2464b859a099cb4e8c0ff53b1ddd26,sell,0x7c5a0ce9267ed19b22f8cae653f198e3e8daf098,0x3b9420f63a3934830d3de8ec44394154ac4a3e7f0a206f523636eed2be92c504
290,3.889,0.005829611,0x202de975eaaeafcc6d136d5829bba2a8da94d995,2017-08-27T06:59:08.000Z,0.001499,0x3d53269e7e2464b859a099cb4e8c0ff53b1ddd26,sell,0x7c5a0ce9267ed19b22f8cae653f198e3e8daf098,0x3e3168cddd13619b3c895c2e2f75bdd522083a5b3801f642d47b190437cdd628
291,1576.1109672274124,2.362590339873891,0x202de975eaaeafcc6d136d5829bba2a8da94d995,2017-08-27T06:45:48.000Z,0.001499,0xa91a30500a60258dc83f08bd7e29086f19e75e10,sell,0x7c5a0ce9267ed19b22f8cae653f198e3e8daf098,0x1a42e40ce80c2abfb9ca98d3c00710ca92f608676ef9edba767bee9e95c2df98
292,5.589741888782667,0.008105684712923744,0x48ae7ea7038973e4dd8316cb37ffd01a8b3b9828,2017-08-26T20:22:22.000Z,0.0014501,0xeddf1956593ec725a0964401d291f4250463abaf,sell,0x7c5a0ce9267ed19b22f8cae653f198e3e8daf098,0x3e43f36fcfbfcb56ff5e3cf872f1a4e51adf2e06bd07b10a24e761ca797c3ffe
293,34.3,0.04973843,0x48ae7ea7038973e4dd8316cb37ffd01a8b3b9828,2017-08-26T20:19:27.000Z,0.0014501,0xeddf1956593ec725a0964401d291f4250463abaf,sell,0x7c5a0ce9267ed19b22f8cae653f198e3e8daf098,0x689d1e45a86f03efcbe068534d37d1f2746d3a1b142674d2047ff7811f8c1304
294,9969.11225817314,13.657683793697203,0x15e1e939f9f3c7273803145ac8daf5efa5b44ede,2017-08-26T07:41:25.000Z,0.00137,0xa91a30500a60258dc83f08bd7e29086f19e75e10,sell,0x7c5a0ce9267ed19b22f8cae653f198e3e8daf098,0x3daeca28c6809dd4db9dc64ff08a2565863355c5ab1aba0e9968831f4a2c9c86
295,500,0.745,0x16ccb4e8e360c0eda6b4351fa5f211f21bde989d,2017-08-25T21:18:12.000Z,0.00149,0x3d53269e7e2464b859a099cb4e8c0ff53b1ddd26,sell,0x7c5a0ce9267ed19b22f8cae653f198e3e8daf098,0xbe3fd62e5a8d25b4a4bea8e2f89f60b7cab77b77859a0f806e18ec13be819976
296,107.94562334470149,0.16947462865118135,0x32f156f3381553ab8548d049f68159cd657c4234,2017-08-25T20:39:39.000Z,0.00157,0x0f1b76410215ed963ea2c3d3eaddd4a56350b422,buy,0x7c5a0ce9267ed19b22f8cae653f198e3e8daf098,0xc67a350bd7c850492a12797f14d6d9ff0ed591caac1167aed262239e1f35bc96
297,34.2685370741483,0.0513,0x16ccb4e8e360c0eda6b4351fa5f211f21bde989d,2017-08-25T16:06:44.000Z,0.001497,0x0f1b76410215ed963ea2c3d3eaddd4a56350b422,sell,0x7c5a0ce9267ed19b22f8cae653f198e3e8daf098,0x8fad7698693de7c63637f221bd18d773634ac5e91b5f7aae51f1d36eb6bae936
298,100,0.1497,0x16ccb4e8e360c0eda6b4351fa5f211f21bde989d,2017-08-25T15:52:52.000Z,0.001497,0x0f1b76410215ed963ea2c3d3eaddd4a56350b422,sell,0x7c5a0ce9267ed19b22f8cae653f198e3e8daf098,0x4625f5fc3a9f32278616f0c2a83c44dc590f1b82e9bfe9bc6c633e4ac5c9e10f
299,100,0.149,0x16ccb4e8e360c0eda6b4351fa5f211f21bde989d,2017-08-25T15:23:15.000Z,0.00149,0x0f1b76410215ed963ea2c3d3eaddd4a56350b422,sell,0x7c5a0ce9267ed19b22f8cae653f198e3e8daf098,0xb418b8a73ba725ec0587f64251f0baec3e16d28e9fceb528a861e8b2f038d09e
300,100,0.148,0x16ccb4e8e360c0eda6b4351fa5f211f21bde989d,2017-08-25T15:01:00.000Z,0.00148,0x0f1b76410215ed963ea2c3d3eaddd4a56350b422,sell,0x7c5a0ce9267ed19b22f8cae653f198e3e8daf098,0x0d2ed9a3e7a3f0b75303ddb0187751cfb1f61c61d4dfe1eb00ad87f47e05eb0f
301,100,0.148,0x16ccb4e8e360c0eda6b4351fa5f211f21bde989d,2017-08-25T14:37:29.000Z,0.00148,0xece5dd8b1ee75e0b7cfc1a1ff5f9dde43d99535f,sell,0x7c5a0ce9267ed19b22f8cae653f198e3e8daf098,0xc7ea69ee308fc9813ec6a50e488a38ebac2b70552ecfefbe3ce163aea5a30013
302,3.9098793739407838,0.005200139567341242,0x383932e5467528999954bf192452e390e1c84795,2017-08-25T14:32:10.000Z,0.00133,0x68b3948c0e4e19dc1da056f5491efd22278a9f48,sell,0x7c5a0ce9267ed19b22f8cae653f198e3e8daf098,0x185fa3f7e88a68c0244d68ab3bb4a018503991e73e7222d9e8e3118f033d8ded
303,712.7476682284916,0.9622093521084638,0x65f3de22aa43e5175ebb9e194e54444d69ea6035,2017-08-25T14:08:52.000Z,0.00135,0x2ac06c47395cd6227aaf0e7605544ecda02efac4,sell,0x7c5a0ce9267ed19b22f8cae653f198e3e8daf098,0xe3ada873856e26a878ab308392ecdc45101d5a94dbe5f47e50272e57944b5998
304,34.938,0.04751568,0x92a8f4c470e2c243e48c14709dda9009be4d5310,2017-08-25T14:07:49.000Z,0.00136,0x2ac06c47395cd6227aaf0e7605544ecda02efac4,sell,0x7c5a0ce9267ed19b22f8cae653f198e3e8daf098,0xb7be4662b5c1d2a96ae41e63e8e70070753ee00edd5ad3ef509f66431016e3c7
305,26,0.03848,0x1fdf047bf7a114b37e7936d01e9cad754ad18803,2017-08-25T12:52:46.000Z,0.00148,0x68b3948c0e4e19dc1da056f5491efd22278a9f48,sell,0x7c5a0ce9267ed19b22f8cae653f198e3e8daf098,0x98de91612a631e71eb89dae8ed4bffead222c88e4e51068f41de74fab458c5dc
306,1,0.00163,0xbb325a2ee38566c7a03010b2c4929fd99861bf36,2017-08-25T11:44:58.000Z,0.00163,0x1fdf047bf7a114b37e7936d01e9cad754ad18803,buy,0x7c5a0ce9267ed19b22f8cae653f198e3e8daf098,0xb089c5cb541eb568721e5144c796331d09919f06295b5cbab3e9c9f8124ec3e8
307,30,0.0489,0x7791f89e603835a6d67939712cfad31db6a1b94c,2017-08-25T09:21:38.000Z,0.00163,0x1fdf047bf7a114b37e7936d01e9cad754ad18803,buy,0x7c5a0ce9267ed19b22f8cae653f198e3e8daf098,0x536d16c030beb4e34f8e3100581756d89103eba151dc0561bf7e9b9746e4524a
308,165.06173477063942,0.22448395928806958,0x92a8f4c470e2c243e48c14709dda9009be4d5310,2017-08-25T09:20:40.000Z,0.00136,0xa91a30500a60258dc83f08bd7e29086f19e75e10,sell,0x7c5a0ce9267ed19b22f8cae653f198e3e8daf098,0x1cb71ac5f4e5b6d650e614dc114bfed90b9d2195548e257bef160b5ec26296e5
309,500.299,0.725933849,0x2fd290debb4bb121fad58d3003d002a9e8076d42,2017-08-25T09:18:45.000Z,0.001451,0xa91a30500a60258dc83f08bd7e29086f19e75e10,sell,0x7c5a0ce9267ed19b22f8cae653f198e3e8daf098,0x379cc065c8c8fb8dec9663cf4011abb2d60e4942d6a378f202fe3120bccdcc00
310,342,0.499662,0x492842125e4c3a7d10cda0e0291ea22788e4ad60,2017-08-25T09:13:21.000Z,0.001461,0xa91a30500a60258dc83f08bd7e29086f19e75e10,sell,0x7c5a0ce9267ed19b22f8cae653f198e3e8daf098,0x32848f8fb4b97c212b60c6c71c080f21b180779d3f951e070bc32ae444dabe34
311,3993.231484283876,5.917969059708704,0x0f1b76410215ed963ea2c3d3eaddd4a56350b422,2017-08-25T08:36:25.000Z,0.001482,0xa91a30500a60258dc83f08bd7e29086f19e75e10,sell,0x7c5a0ce9267ed19b22f8cae653f198e3e8daf098,0x910194118b31a632a7460e788c00ca1138ae291da650c5e43f82528d9137824a
312,974,1.44152,0x1fdf047bf7a114b37e7936d01e9cad754ad18803,2017-08-25T07:19:24.000Z,0.00148,0xa91a30500a60258dc83f08bd7e29086f19e75e10,sell,0x7c5a0ce9267ed19b22f8cae653f198e3e8daf098,0x2c8782f6c36b76890413ba8682d2b85dbcf71cd4881415d60790f6081c939bd9
313,500,0.7425,0x254fb89e4cab71708eaab16e067ca8156a38e18a,2017-08-25T07:13:42.000Z,0.001485,0xa91a30500a60258dc83f08bd7e29086f19e75e10,sell,0x7c5a0ce9267ed19b22f8cae653f198e3e8daf098,0xf6596aba332209f9cc9b09f920cd6c68ab74d175e8b42c3504cdf18a2e21dc47
314,117.63,0.1776213,0x31d807e1ed35f84248341461c6a2c44db722877b,2017-08-25T07:12:56.000Z,0.00151,0xa91a30500a60258dc83f08bd7e29086f19e75e10,sell,0x7c5a0ce9267ed19b22f8cae653f198e3e8daf098,0xcbd233ccd25b78fef0e8ab91d09fca5d58166293939130897287affe9d111f98
315,1000,1.55,0xf592a2ad10bac720f66cf83a6a6a182743b4eabb,2017-08-25T07:10:44.000Z,0.00155,0xa91a30500a60258dc83f08bd7e29086f19e75e10,sell,0x7c5a0ce9267ed19b22f8cae653f198e3e8daf098,0x6709826601a7ce5f074eb86e3e3818eaf48b03bf58c2799e952595a753d8df24
316,64,0.128,0x16ccb4e8e360c0eda6b4351fa5f211f21bde989d,2017-08-25T05:21:16.000Z,0.002,0xad440e6b26dd3a044a97294bf87c017d7fb81c67,sell,0x7c5a0ce9267ed19b22f8cae653f198e3e8daf098,0xa3913442f36d6ec394aff18a884a59f6cc1f5697a38be7c7fd24acd0c80582e5
317,64.192,0.10784256,0xad440e6b26dd3a044a97294bf87c017d7fb81c67,2017-08-25T05:21:16.000Z,0.00168,0x095718762a36548710afde4e2fe81bbb9ff58483,buy,0x7c5a0ce9267ed19b22f8cae653f198e3e8daf098,0xa3913442f36d6ec394aff18a884a59f6cc1f5697a38be7c7fd24acd0c80582e5
318,154.71659085408822,0.2599238726348682,0xc0fe21f530f2012f1553fbe6088e62e04848c936,2017-08-25T04:45:21.000Z,0.00168,0x095718762a36548710afde4e2fe81bbb9ff58483,buy,0x7c5a0ce9267ed19b22f8cae653f198e3e8daf098,0x6bb6665eb7021c710c56120913a3c1a0c57cd8bb241f1c87cdfb8d586688126a
319,300,0.504,0x4377f0787428d47c675640ac8ee17f77b2e41303,2017-08-25T00:25:36.000Z,0.00168,0x095718762a36548710afde4e2fe81bbb9ff58483,buy,0x7c5a0ce9267ed19b22f8cae653f198e3e8daf098,0xeac28aba59fbcf38ba94eaffddf9d50db6d055183bcbfab455f349f1d6de7a50
320,1000,1.68,0xf142f26d1cac4ba8a6e6d7974d243eda2fe5f4f9,2017-08-25T00:22:09.000Z,0.00168,0x095718762a36548710afde4e2fe81bbb9ff58483,buy,0x7c5a0ce9267ed19b22f8cae653f198e3e8daf098,0x1436486fcbe1223ba8ac88be4a33bdcffd66b397e6e3e62bb57f2f4b864384e1
321,614.8803059624222,1.0329989140168694,0x9985d7f476f2891b238cd34ef05eebdfc1541c9c,2017-08-24T22:59:17.000Z,0.00168,0x095718762a36548710afde4e2fe81bbb9ff58483,buy,0x7c5a0ce9267ed19b22f8cae653f198e3e8daf098,0x85acc2a990d2d4a73f23d38f878039c5e289d18bdabed8a19493fcc3f414e938
322,952.381,1.60000008,0x9985d7f476f2891b238cd34ef05eebdfc1541c9c,2017-08-24T22:37:13.000Z,0.00168,0x095718762a36548710afde4e2fe81bbb9ff58483,buy,0x7c5a0ce9267ed19b22f8cae653f198e3e8daf098,0x1b2c4db885053ea99f45e0acaf96c0c88d8d1f092ad10d86052ef202dec22b5c
323,10,0.0173353,0x1a76bc7b059581df0e33d8af31212e8f4bb858a4,2017-08-24T21:50:29.000Z,0.00173353,0x69feaaa6f28bc5e8c6c533927c0a54ab6b1d7274,buy,0x7c5a0ce9267ed19b22f8cae653f198e3e8daf098,0x534853cb3125d68bdc5a94d38ed703f1fddc6df3a2fbc32457f3f475d3ea48ae
324,53.571,0.08999928,0xc0fe21f530f2012f1553fbe6088e62e04848c936,2017-08-24T20:23:36.000Z,0.00168,0x095718762a36548710afde4e2fe81bbb9ff58483,buy,0x7c5a0ce9267ed19b22f8cae653f198e3e8daf098,0x9f6a564a8092a854071df424d201df5a190fa4ce79fb4d844049f9014820ec05
325,71.20782734718168,0.11962914994326522,0xa63f3b9db73f4ff327e4891d95071508e413a9ca,2017-08-24T20:23:36.000Z,0.00168,0x095718762a36548710afde4e2fe81bbb9ff58483,buy,0x7c5a0ce9267ed19b22f8cae653f198e3e8daf098,0x6b0270fa67d722f2bb4f9323666f730f44572b239b02af86ab2dd15ca98b0485
326,0.001833865108866071,0.000003080893382895,0xa63f3b9db73f4ff327e4891d95071508e413a9ca,2017-08-24T20:19:22.000Z,0.0016800000000000003,0x095718762a36548710afde4e2fe81bbb9ff58483,buy,0x7c5a0ce9267ed19b22f8cae653f198e3e8daf098,0xc95bc50f93b6abdb6919534282011584a6ba8686461b1e8ac9f7787fbc164358
327,5.952,0.00999936,0x6d3d0dfa885186833d6cf04f7890aab7d3b43cd1,2017-08-24T20:01:25.000Z,0.00168,0x095718762a36548710afde4e2fe81bbb9ff58483,buy,0x7c5a0ce9267ed19b22f8cae653f198e3e8daf098,0x537c973d97721418671ee4f6acfc22e138e764fc51d1128e1e764972f78d9311
328,200,0.35,0xad3d30038d73b9d7dca8116b788fa57a2237f127,2017-08-24T18:21:02.000Z,0.00175,0x3d53269e7e2464b859a099cb4e8c0ff53b1ddd26,buy,0x7c5a0ce9267ed19b22f8cae653f198e3e8daf098,0x2797f341710d936b834b406b51a3ded9d3f8f989b3d6c8a149c7830ee67aabb0
329,5,0.009,0xf81ab81ca1a6a19cc7b69b2c7876ff6543060598,2017-08-24T16:53:30.000Z,0.0018,0x1509f23126c9ce5798b8a6b104c35f81f7f0b212,buy,0x7c5a0ce9267ed19b22f8cae653f198e3e8daf098,0x3b837e9ecce6807e0de9a4d2d6737ce88b93d24cc0f808d67e2f04c111b558ed
330,0.1,0.00018,0x2d7ad46c8c2128b37f7bbf1d70f81db34d1176ba,2017-08-24T16:44:41.000Z,0.0018,0x1509f23126c9ce5798b8a6b104c35f81f7f0b212,buy,0x7c5a0ce9267ed19b22f8cae653f198e3e8daf098,0x08a2036ae683fe60168221003582dab76f85fefea81c462cb24c6c34ab038c89
331,100,0.168,0x72727667ea73e5b0a1612d7d685b205c78ae4748,2017-08-24T16:35:51.000Z,0.00168,0xa9e864200f21269028271edeaf43a2883f8fbfa9,sell,0x7c5a0ce9267ed19b22f8cae653f198e3e8daf098,0x8b92e26577bacd94faa8f6b944d52ad164e96b3bf1633eb76569d89d4f43b173
332,200,0.337,0x16ccb4e8e360c0eda6b4351fa5f211f21bde989d,2017-08-24T15:55:26.000Z,0.001685,0xa9e864200f21269028271edeaf43a2883f8fbfa9,sell,0x7c5a0ce9267ed19b22f8cae653f198e3e8daf098,0x02bf67c9047ffd64afe7748bf56663777f7c2fd13a4a822a394963bf039424b9
333,300,0.504,0x527e6009e17c7e85ca8c3912accd8f0e12b89e2b,2017-08-24T14:44:21.000Z,0.00168,0x095718762a36548710afde4e2fe81bbb9ff58483,buy,0x7c5a0ce9267ed19b22f8cae653f198e3e8daf098,0xaab8f1442e6050b57b4bc01ef6f684efa6cc2e2d727e0aa265ec281a20ac7393
334,5000,8.4,0x0f1b76410215ed963ea2c3d3eaddd4a56350b422,2017-08-24T14:43:25.000Z,0.00168,0x095718762a36548710afde4e2fe81bbb9ff58483,buy,0x7c5a0ce9267ed19b22f8cae653f198e3e8daf098,0x85a8d19ef78d9dd58a137a4b895480563148ac60f7d0045a30fc80ad004c048d
335,15,0.02415,0xa57480b29e41b19f2dd62de628dba4f9c31b0066,2017-08-24T14:05:30.000Z,0.00161,0x8d71cd37bc1c715f6d4e9b5d68aa17a8b42cac87,buy,0x7c5a0ce9267ed19b22f8cae653f198e3e8daf098,0xae42146eeb22893c4b92a7ff19877f58811223ea3d49b68a85b4bae714d05ede
336,5800,9.454,0xa57480b29e41b19f2dd62de628dba4f9c31b0066,2017-08-24T14:03:44.000Z,0.00163,0x095718762a36548710afde4e2fe81bbb9ff58483,buy,0x7c5a0ce9267ed19b22f8cae653f198e3e8daf098,0xa8de8b2187c138a273d315205029f4077c51d9c153f1fd0611ba37da288fed48
337,12200,19.886,0xbebc241c4d0332ded7fa6d8d19e44e2765b6ec24,2017-08-24T13:59:14.000Z,0.00163,0x095718762a36548710afde4e2fe81bbb9ff58483,buy,0x7c5a0ce9267ed19b22f8cae653f198e3e8daf098,0x7454a9abee8c489642e2250c56cca9b5c7a0259730e016d6c5368d09242af1f2
338,5492.831517318022,8.898387058055196,0x9833156e2636e8c218252ed5caa62a62463bc768,2017-08-24T13:12:33.000Z,0.00162,0xa57480b29e41b19f2dd62de628dba4f9c31b0066,buy,0x7c5a0ce9267ed19b22f8cae653f198e3e8daf098,0x2ef2b8f4e7cc626b10538c10d887dbcec1263b412f15a8cb3b25c09672e06c11
339,300,0.465,0x9833156e2636e8c218252ed5caa62a62463bc768,2017-08-24T13:07:43.000Z,0.00155,0x4377f0787428d47c675640ac8ee17f77b2e41303,buy,0x7c5a0ce9267ed19b22f8cae653f198e3e8daf098,0xb899692d8fd5c6ec32b4cff1e50ec9fd38924c10b438d4de049f63be3a9bcb18
340,20000,31.6,0x9833156e2636e8c218252ed5caa62a62463bc768,2017-08-24T13:07:43.000Z,0.00158,0x095718762a36548710afde4e2fe81bbb9ff58483,buy,0x7c5a0ce9267ed19b22f8cae653f198e3e8daf098,0x4ab32bcc266c6b9a9f775dfd906d455aab4c07dbf16bf66dd3b898235fa893ae
341,99.70088637893252,0.1446659861358311,0x2fd290debb4bb121fad58d3003d002a9e8076d42,2017-08-24T13:03:00.000Z,0.001451,0xeddf1956593ec725a0964401d291f4250463abaf,sell,0x7c5a0ce9267ed19b22f8cae653f198e3e8daf098,0xb8a6a9d361344d0a6aa0d4c83b5011e8366e70415d529ecfd83b236bb681df55
342,29886.407722887885,45.72620381601846,0xa57480b29e41b19f2dd62de628dba4f9c31b0066,2017-08-24T12:54:18.000Z,0.00153,0x095718762a36548710afde4e2fe81bbb9ff58483,buy,0x7c5a0ce9267ed19b22f8cae653f198e3e8daf098,0x7f948c7a18aa946ce938a1b09d276008c39f917d5669173dfe7ddd5939ce14bd
343,225.94745496765168,0.3456996061005071,0x763461e16d1e7a2cff2f99aa11071e123e700f25,2017-08-24T12:51:31.000Z,0.00153,0x095718762a36548710afde4e2fe81bbb9ff58483,buy,0x7c5a0ce9267ed19b22f8cae653f198e3e8daf098,0xbf366dff443ff82238942df0f034267c9afc3633e35a6fef84cbc707e189f996
344,13203.365099514167,20.201148602256673,0xa57480b29e41b19f2dd62de628dba4f9c31b0066,2017-08-24T12:48:02.000Z,0.00153,0x095718762a36548710afde4e2fe81bbb9ff58483,buy,0x7c5a0ce9267ed19b22f8cae653f198e3e8daf098,0x535c2aeb6cc6427506b5b6adac41430160baa6ce9bc73564aab56949d9598e94
345,358.00556910381005,0.5477485207288294,0x31d807e1ed35f84248341461c6a2c44db722877b,2017-08-24T12:07:38.000Z,0.00153,0x095718762a36548710afde4e2fe81bbb9ff58483,buy,0x7c5a0ce9267ed19b22f8cae653f198e3e8daf098,0x39954cf80e7efc36c5844f0932e3d315a80cc8fdb850b23f5e1d6e232d6259d1
346,411.97849637562524,0.6286791854692041,0x31d807e1ed35f84248341461c6a2c44db722877b,2017-08-24T12:05:19.000Z,0.001526,0xf34d9150d7647e0ce3c3af41a7a4ac643519e43f,buy,0x7c5a0ce9267ed19b22f8cae653f198e3e8daf098,0xe4133c96b6301a4866234477d688c0a5f9d42df22cbd8f20775b422d9da8fc7e
347,391.98923345781907,0.5981755702566318,0x763461e16d1e7a2cff2f99aa11071e123e700f25,2017-08-24T11:58:13.000Z,0.001526,0xf34d9150d7647e0ce3c3af41a7a4ac643519e43f,buy,0x7c5a0ce9267ed19b22f8cae653f198e3e8daf098,0x074c0cd00e8d25e4afcef4838ace4b2acef9d012f065fe672b96b58f4ce75232
348,6209.15,9.4999995,0x6fd623ab0dff084df49975986ad8af7c306bf8b8,2017-08-24T11:35:28.000Z,0.00153,0x095718762a36548710afde4e2fe81bbb9ff58483,buy,0x7c5a0ce9267ed19b22f8cae653f198e3e8daf098,0x8ae5c3b0555f14df2b7e2e93a54946843cd716b698023894f59b363993204d98
349,196.0322701665557,0.299145244274164,0x763461e16d1e7a2cff2f99aa11071e123e700f25,2017-08-24T11:35:28.000Z,0.001526,0xf34d9150d7647e0ce3c3af41a7a4ac643519e43f,buy,0x7c5a0ce9267ed19b22f8cae653f198e3e8daf098,0x1079770c2463ed73f3173a0f5b6cd07c4bbc11e814e7ae5cd62ffe19dc4734d0
350,28,0.0406,0xdbb3d1bcdac76d904842e8d32c5e8c7afeb1c13c,2017-08-24T10:02:58.000Z,0.00145,0xa91a30500a60258dc83f08bd7e29086f19e75e10,sell,0x7c5a0ce9267ed19b22f8cae653f198e3e8daf098,0xd735fad2dce92f6ff390eedf0b6d35259ca061d209c45393c323c123b8bfea18
351,1884,2.88252,0x3d53269e7e2464b859a099cb4e8c0ff53b1ddd26,2017-08-24T09:34:28.000Z,0.00153,0x095718762a36548710afde4e2fe81bbb9ff58483,buy,0x7c5a0ce9267ed19b22f8cae653f198e3e8daf098,0x9e849ccb795aab0674147a1d3f44729fc767dac5e332286d38b964d0d26ed126
352,116.85815352648693,0.178792974895525,0x3d53269e7e2464b859a099cb4e8c0ff53b1ddd26,2017-08-24T09:27:50.000Z,0.00153,0x095718762a36548710afde4e2fe81bbb9ff58483,buy,0x7c5a0ce9267ed19b22f8cae653f198e3e8daf098,0x8d8ff1c4bbaef018d77bfc10c5d248cb0273d61cb832c3b2c6ba6a0eed0d2887
353,84.484,0.126726,0xa9e864200f21269028271edeaf43a2883f8fbfa9,2017-08-24T09:19:14.000Z,0.0015,0x8d71cd37bc1c715f6d4e9b5d68aa17a8b42cac87,sell,0x7c5a0ce9267ed19b22f8cae653f198e3e8daf098,0xa716392483abd4ac39c67e57491ebfd2e02cc0839703c80a67afcd6a8f67dad6
354,750,1.1475,0xa9e864200f21269028271edeaf43a2883f8fbfa9,2017-08-24T09:13:28.000Z,0.00153,0x095718762a36548710afde4e2fe81bbb9ff58483,buy,0x7c5a0ce9267ed19b22f8cae653f198e3e8daf098,0x1e08845bef9cc8181733d99c72327ac37de7165c7eb51b02926288b4660698ef
355,2824.019839080308,4.264269957011265,0x3d53269e7e2464b859a099cb4e8c0ff53b1ddd26,2017-08-24T09:00:13.000Z,0.00151,0x095718762a36548710afde4e2fe81bbb9ff58483,buy,0x7c5a0ce9267ed19b22f8cae653f198e3e8daf098,0x98c34aea441a1d1a6bc74339b676c2e0fbaf52f942d0172848919d3652466eee
356,3000,4.53,0x3d53269e7e2464b859a099cb4e8c0ff53b1ddd26,2017-08-24T08:45:20.000Z,0.00151,0x095718762a36548710afde4e2fe81bbb9ff58483,buy,0x7c5a0ce9267ed19b22f8cae653f198e3e8daf098,0x35973686ba1c3cbed4048064fb3bad4b2dc9359b719100ed13d30c1dd679b980
357,690,1.0419,0x3d53269e7e2464b859a099cb4e8c0ff53b1ddd26,2017-08-24T08:21:09.000Z,0.00151,0x095718762a36548710afde4e2fe81bbb9ff58483,buy,0x7c5a0ce9267ed19b22f8cae653f198e3e8daf098,0x1bac20443a7a9747b5972c2e571dab293a8a1a8df506bd2b01197818d735cd1a
358,818.2169215806315,1.2354257298945954,0x3d53269e7e2464b859a099cb4e8c0ff53b1ddd26,2017-08-24T08:20:34.000Z,0.0015099,0xfd7997b32e69e101e1035d0d7530df1a79edf807,buy,0x7c5a0ce9267ed19b22f8cae653f198e3e8daf098,0xbc63aa55040ce28d7000fed73e871d9b40f4e725fa3adfb27503be7254aeb7f0
359,1500,2.26485,0x3d53269e7e2464b859a099cb4e8c0ff53b1ddd26,2017-08-24T07:53:39.000Z,0.0015099,0xfd7997b32e69e101e1035d0d7530df1a79edf807,buy,0x7c5a0ce9267ed19b22f8cae653f198e3e8daf098,0xc14d0a929d797240fbcb38b8ad48f04eb7fc3418e9dcaa9bf40bc1aed1e64c76
360,77.91356182859431,0.11764168700499456,0x31d807e1ed35f84248341461c6a2c44db722877b,2017-08-24T07:37:36.000Z,0.0015099,0xfd7997b32e69e101e1035d0d7530df1a79edf807,buy,0x7c5a0ce9267ed19b22f8cae653f198e3e8daf098,0xba672f226b192118f1a055c3ce0dab3e3cd9ca0b32abc0acb7592343977f21d3
361,42.229516590774246,0.06376234710041004,0x31d807e1ed35f84248341461c6a2c44db722877b,2017-08-24T07:25:44.000Z,0.0015099,0xfd7997b32e69e101e1035d0d7530df1a79edf807,buy,0x7c5a0ce9267ed19b22f8cae653f198e3e8daf098,0xef05187bd6a7bc6cc2c22c81da8a246bbc7be98dfb404c42c09cbfec92b02fd4
362,761.64,1.150000236,0xc9a4156e9cf73a91eab056d6077b7c3f988a0ccc,2017-08-24T05:34:22.000Z,0.0015099,0xfd7997b32e69e101e1035d0d7530df1a79edf807,buy,0x7c5a0ce9267ed19b22f8cae653f198e3e8daf098,0x7819b7670e19aee756407e4738b8215c9e19779e675e9700a6c431cd9e1e6f4c
363,1553.733751766553,2.33060062764983,0x763461e16d1e7a2cff2f99aa11071e123e700f25,2017-08-24T04:47:00.000Z,0.0015,0x095718762a36548710afde4e2fe81bbb9ff58483,buy,0x7c5a0ce9267ed19b22f8cae653f198e3e8daf098,0x1663870f3c039b207970e43d7f99e3113e496e67d61bc691c98493262314ac3e
364,4666.667,7.0000005,0x763461e16d1e7a2cff2f99aa11071e123e700f25,2017-08-24T04:42:31.000Z,0.0015,0x095718762a36548710afde4e2fe81bbb9ff58483,buy,0x7c5a0ce9267ed19b22f8cae653f198e3e8daf098,0xd6daee6127994b3764c27e2270dd6a8ee505b842990f07b44ec1cc42f2821bb3
365,305,0.4575,0x6e30c3516bbc31b6ffabf9860c293afb8f99914f,2017-08-24T04:36:33.000Z,0.0015,0x095718762a36548710afde4e2fe81bbb9ff58483,buy,0x7c5a0ce9267ed19b22f8cae653f198e3e8daf098,0xbf02bd9a87864cc7b0a51c515bfcc0272a5edc66627fcc9dea899cb7bab149ab
366,18485.98016091969,27.913830042988735,0xa1ddd2516a9308b424844cc1a7491d22fc707156,2017-08-24T04:03:27.000Z,0.00151,0x095718762a36548710afde4e2fe81bbb9ff58483,buy,0x7c5a0ce9267ed19b22f8cae653f198e3e8daf098,0x92b3ae68a9b220b185d38f5155b2d84f6629445c23c2e2a2bbb7fb09d4dc1dab
367,185.333,0.2779995,0x74e764bbe673431ecb592ce67899ba9ec8840984,2017-08-24T01:37:30.000Z,0.0015,0x1509f23126c9ce5798b8a6b104c35f81f7f0b212,buy,0x7c5a0ce9267ed19b22f8cae653f198e3e8daf098,0x6deed4bc31a95c2f79637b7f71b7f60ca886d9d0d28dbbdd4c227911e01c5a46
368,64.667,0.0970005,0x74e764bbe673431ecb592ce67899ba9ec8840984,2017-08-24T01:36:05.000Z,0.0015,0x1509f23126c9ce5798b8a6b104c35f81f7f0b212,buy,0x7c5a0ce9267ed19b22f8cae653f198e3e8daf098,0x97936ee44d5f72b3712792a6f96b6d9f37022263f54148dd178a659a3bde9b5a
369,1493.859,2.06152542,0x3d53269e7e2464b859a099cb4e8c0ff53b1ddd26,2017-08-24T01:03:34.000Z,0.00138,0xfa4e68227b19e6150dc1cf2095658efc86951753,buy,0x7c5a0ce9267ed19b22f8cae653f198e3e8daf098,0x6c626b579f0612bf6c79cf07bfc02f00c6991ab487b4b43e29af16b8694036c0
370,1800,2.484,0x3d53269e7e2464b859a099cb4e8c0ff53b1ddd26,2017-08-24T00:42:38.000Z,0.00138,0xfa4e68227b19e6150dc1cf2095658efc86951753,buy,0x7c5a0ce9267ed19b22f8cae653f198e3e8daf098,0x21e4df29ce68dfe1312e2ceb2083d3b8ee888a6f8a51a91a0befd5bbde38542f
371,0.872,0.0011336,0x6fcc3250e5d56fd978a7cb0396c3d42336134f2e,2017-08-24T00:34:45.000Z,0.0013,0xfa4e68227b19e6150dc1cf2095658efc86951753,sell,0x7c5a0ce9267ed19b22f8cae653f198e3e8daf098,0x7d075837eaeed77bbb016a72548423791a95e75a2e3f802c55214573d9d5cb1f
372,500,0.66,0x2d6f3e1dbd4e9c2fdb313de4cd63fed2cf8cb250,2017-08-24T00:34:17.000Z,0.00132,0xfa4e68227b19e6150dc1cf2095658efc86951753,sell,0x7c5a0ce9267ed19b22f8cae653f198e3e8daf098,0x108e33fbd64dbadfde53524e520c31887708bef6e04ed8784075a0a813c506e7
373,1000,1.36,0xc915e9396cd5438a943430c10fdee8f8cd4a473d,2017-08-24T00:34:17.000Z,0.00136,0xfa4e68227b19e6150dc1cf2095658efc86951753,sell,0x7c5a0ce9267ed19b22f8cae653f198e3e8daf098,0x8d1b5e4b02357274851e74b6459a7b995d714ff95a29efeebaaba01cb9022264
374,300,0.435,0x4377f0787428d47c675640ac8ee17f77b2e41303,2017-08-23T21:06:07.000Z,0.00145,0xece5dd8b1ee75e0b7cfc1a1ff5f9dde43d99535f,buy,0x7c5a0ce9267ed19b22f8cae653f198e3e8daf098,0xd0031d21cc96da9b78e6a11953c49b4329353b4df3a9a2ab3ab5f9eebdea74f2
375,425.4418729194031,0.6381628093791046,0x763461e16d1e7a2cff2f99aa11071e123e700f25,2017-08-23T18:31:32.000Z,0.0015,0x095718762a36548710afde4e2fe81bbb9ff58483,buy,0x7c5a0ce9267ed19b22f8cae653f198e3e8daf098,0xc1f1c0f033461e2b715c526bb2a2b8b937727150c9b431c5d922196c2e7fe06a
376,365.8573822719794,0.5487860734079691,0xe792f143e978d004fed31b9cf63a18d1426e3fb2,2017-08-23T18:28:30.000Z,0.0015,0x095718762a36548710afde4e2fe81bbb9ff58483,buy,0x7c5a0ce9267ed19b22f8cae653f198e3e8daf098,0xa109ba87baa432ffbcb480491ce00e02add438db09880c7a6f01403078df9973
377,940.7605878660167,1.4111408817990252,0x763461e16d1e7a2cff2f99aa11071e123e700f25,2017-08-23T18:28:30.000Z,0.0015,0x095718762a36548710afde4e2fe81bbb9ff58483,buy,0x7c5a0ce9267ed19b22f8cae653f198e3e8daf098,0xa96bb9ae1bb7d80c93b35a9e81b01e96ad0a3fb10af16f0533ec98a8b6325817
378,66.667,0.1000005,0x2b7ce005ae8ce68eb52159668a9225d89e7f5cea,2017-08-23T18:16:36.000Z,0.0015,0x095718762a36548710afde4e2fe81bbb9ff58483,buy,0x7c5a0ce9267ed19b22f8cae653f198e3e8daf098,0x02e7f5526a3f3a71c979cd189b4f4ec74b8ad9bd341b69a17a16e156d79792e5
379,257.228336528918,0.385842504793377,0x763461e16d1e7a2cff2f99aa11071e123e700f25,2017-08-23T18:14:41.000Z,0.0015,0x095718762a36548710afde4e2fe81bbb9ff58483,buy,0x7c5a0ce9267ed19b22f8cae653f198e3e8daf098,0xd2aa720a1b7cfdb502beeada722031331b1fd2d632f1cd0fe39b979b9fce6300
380,1333.333,1.9999995,0xfda9ad2315617ce8496156ae27bea9576f4020d7,2017-08-23T18:10:36.000Z,0.0015,0x095718762a36548710afde4e2fe81bbb9ff58483,buy,0x7c5a0ce9267ed19b22f8cae653f198e3e8daf098,0x998075af4c23f96a5e32c3b4503f0df50b43871a7fd2fa6a8f5ba70a45f2353c
381,623.6307330482788,0.9354460995724181,0x763461e16d1e7a2cff2f99aa11071e123e700f25,2017-08-23T18:10:36.000Z,0.0015,0x095718762a36548710afde4e2fe81bbb9ff58483,buy,0x7c5a0ce9267ed19b22f8cae653f198e3e8daf098,0x4ec04e8a4d6c4ba7a448ba52c74b9c81f588e297c580fe14763b5558c1864bc4
