,amount,amountBase,buyer,date,price,seller,side,tokenAddr,txHash
0,1.6611035789053932,0.004501590698833615,0x12c3fd99ab45bd806128e96062dc5a6c273d8af6,2017-11-02T11:12:23.000Z,0.0027099999999999997,0xa90e8485a12ddbbc85daaa54760c7ff308985202,sell,0xee609fe292128cad03b786dbb9bc2634ccdbe7fc,0xfbf715e95d87c780a92f21cae8146c1dfe9e4de987c270ee3bef1308f02be526
1,28.249,0.079097228249,0x6a1424bb183b5f458c309a2db47b07dc131d8040,2017-11-02T11:10:34.000Z,0.002800001,0xa90e8485a12ddbbc85daaa54760c7ff308985202,sell,0xee609fe292128cad03b786dbb9bc2634ccdbe7fc,0x4d81da973915707e444858f717b3b271612a9753ad1352f5d17b31c09acabed1
2,73.75088664681367,0.20650255636196493,0x6a1424bb183b5f458c309a2db47b07dc131d8040,2017-11-02T10:55:25.000Z,0.002800001,0xcdc2aa9baecaebfdf2a84ab42d37970f2e03d295,sell,0xee609fe292128cad03b786dbb9bc2634ccdbe7fc,0x38e8b3b167caa0969f3fc2fd8074814e7f4aa7a64b38b90efec1e811a066e72e
3,35,0.098,0xbb8603d204a02a2403ad861ffedfad45c21d8244,2017-11-02T10:53:56.000Z,0.0028,0xcdc2aa9baecaebfdf2a84ab42d37970f2e03d295,sell,0xee609fe292128cad03b786dbb9bc2634ccdbe7fc,0x4366d372ff299d9b9aa2860de7c9167d838bc0d4fdba563d23c02fe111fee51b
4,64.79912271956934,0.1846774997507726,0x307e1218e7b34a16afa587e405c953299b25894e,2017-11-02T10:36:06.000Z,0.00285,0xa43d494251fc0b2f3f86df775df1e7ca1da25b25,sell,0xee609fe292128cad03b786dbb9bc2634ccdbe7fc,0xf4eb82ea40afd12607b350e7579b2d168c1768cb8586935dfc91ff12655f92dc
5,64.79912271956934,0.1846774997507726,0x307e1218e7b34a16afa587e405c953299b25894e,2017-11-02T10:35:55.000Z,0.00285,0xa43d494251fc0b2f3f86df775df1e7ca1da25b25,sell,0xee609fe292128cad03b786dbb9bc2634ccdbe7fc,0xf4eb82ea40afd12607b350e7579b2d168c1768cb8586935dfc91ff12655f92dc
6,18.941282025720266,0.05398265377330276,0x307e1218e7b34a16afa587e405c953299b25894e,2017-11-02T10:34:14.000Z,0.00285,0xfc72adf282f9839f437e628d2468f5f90c2b20cd,sell,0xee609fe292128cad03b786dbb9bc2634ccdbe7fc,0xae15da2561dcdac3458d751c916a310f172d56701448ba23bb100d786e4df5bf
7,60.304104700939824,0.1718666983976785,0x307e1218e7b34a16afa587e405c953299b25894e,2017-11-02T10:13:14.000Z,0.00285,0x0bc0e60faae8df443fe0d4358a9e4b245ea40f21,sell,0xee609fe292128cad03b786dbb9bc2634ccdbe7fc,0x3103da4bbc020fdaed12948030677c981b5a26fc6cf366ee707b66431791754e
8,96.16951358281804,0.274083209880545,0x000b75fcdc15d41277deb033c72d2c8d774ccced,2017-11-02T10:13:05.000Z,0.002850001,0x0bc0e60faae8df443fe0d4358a9e4b245ea40f21,sell,0xee609fe292128cad03b786dbb9bc2634ccdbe7fc,0xb3507f10632fd1008fe12d450e15b03abcb33e94c444602811175bf30d35d835
9,34.89183531053733,0.09944180041870203,0x8bc57591697b5811632a9e9eb7b9cd49aede340f,2017-11-02T09:19:33.000Z,0.002850002,0xc48d3c070f4ca6788e2744f4ccd87223b8159d7f,sell,0xee609fe292128cad03b786dbb9bc2634ccdbe7fc,0x0b77fbc24aa684cff012b01cf3668f5042303cdef8cdb29c65f1692fc6304ea0
10,49.847466672475925,0.14206537971148975,0x8bc57591697b5811632a9e9eb7b9cd49aede340f,2017-11-02T09:17:47.000Z,0.002850002,0x0ee9835b4f0e1ae8e631d8197a4a642f417d257e,sell,0xee609fe292128cad03b786dbb9bc2634ccdbe7fc,0x19e58ca71e814399a48a2338ca891b319d6d70286642aef5b3947be8f1f7e08b
11,24.26,0.06914104852,0x8bc57591697b5811632a9e9eb7b9cd49aede340f,2017-11-02T09:03:50.000Z,0.002850002,0xa997c16ac933b4fe5207a81fd0eea5c5295d6143,sell,0xee609fe292128cad03b786dbb9bc2634ccdbe7fc,0xdcf7b24bff1b62f88e6e2f68f7c799e404a7255693b54a8e53a27e68b60eb4c6
12,0.5,0.001425001,0x8bc57591697b5811632a9e9eb7b9cd49aede340f,2017-11-02T09:03:50.000Z,0.002850002,0xce05c7dbfa8e8c82cc85c168b40ae7432051639f,sell,0xee609fe292128cad03b786dbb9bc2634ccdbe7fc,0x026c457e94af801cdadff36ea951c3b7f8906c5024e3ef03392f12465ef3c38d
13,19.4,0.0552900388,0x8bc57591697b5811632a9e9eb7b9cd49aede340f,2017-11-02T09:02:45.000Z,0.002850002,0xce05c7dbfa8e8c82cc85c168b40ae7432051639f,sell,0xee609fe292128cad03b786dbb9bc2634ccdbe7fc,0x89dd5988fa4f27abd2cfd6405ccfa5b0b23571fee68b16f07a34cba42e98cfd1
14,7.97650702563777,0.022733060976081694,0x8bc57591697b5811632a9e9eb7b9cd49aede340f,2017-11-02T08:52:33.000Z,0.002850002,0xa2bfa48a6afefabf498b6541f609e6cef4700d91,sell,0xee609fe292128cad03b786dbb9bc2634ccdbe7fc,0x88c9ca5596bc5ca40433841262a96aafea46c324d9a035c0e95852adff9f6c5c
15,9.28,0.02644800928,0x000b75fcdc15d41277deb033c72d2c8d774ccced,2017-11-02T08:49:45.000Z,0.002850001,0xa48d5f67513752ea4d9b208dfd6085274d53df9b,sell,0xee609fe292128cad03b786dbb9bc2634ccdbe7fc,0xe2dce4a62436f3d1b36a3cd54e0a0de7c293d9ddf118cfbc1812dbb8ceed1e35
16,20.37065841102432,0.05826008305552955,0xe693155851396785973c325eeb28e101e7761386,2017-11-02T08:48:01.000Z,0.00286,0xa48d5f67513752ea4d9b208dfd6085274d53df9b,sell,0xee609fe292128cad03b786dbb9bc2634ccdbe7fc,0xc808786ee82d144e01ec7abb712dd686da7e967451a9a384183cdff1447647d0
17,34.89183531053733,0.09944176552686672,0x000b75fcdc15d41277deb033c72d2c8d774ccced,2017-11-02T08:24:06.000Z,0.002850001,0x980c3fc0ba5c7a30723de509fb45eff811928965,sell,0xee609fe292128cad03b786dbb9bc2634ccdbe7fc,0x3cebc5f0ad685a095470e492f7b06de68f15f02eacad2881cf8debbdeda430de
18,14.953643704516,0.04276742099491576,0xe693155851396785973c325eeb28e101e7761386,2017-11-02T08:19:20.000Z,0.00286,0xda68ae7c529eb47c195bb8e74de4b8fb140fd9f4,sell,0xee609fe292128cad03b786dbb9bc2634ccdbe7fc,0xd56ef6909c7a5c7ab1ad0c3715e8563deaa106e11abd9e47ebf714b3215ccabc
19,1.68,0.0048048,0xe693155851396785973c325eeb28e101e7761386,2017-11-02T08:13:32.000Z,0.00286,0xe5c3bd2ea98e31878002809b087bbde173b14c85,sell,0xee609fe292128cad03b786dbb9bc2634ccdbe7fc,0xa7fd1a21e4badac51b3f5128687f6d2e6e07e8c519c6b9e67ff0f8227f0bf238
20,2.9956978844596804,0.008567695949554685,0xe693155851396785973c325eeb28e101e7761386,2017-11-02T08:06:45.000Z,0.0028599999999999997,0x4238aaacf2e9875bf207717d6e86de66761775ee,sell,0xee609fe292128cad03b786dbb9bc2634ccdbe7fc,0x83ac4195f9265faa113f640790e572bdfe88d9209595ad4848dd2dababa0df9f
21,4.984547901505759,0.014205966503839314,0x000b75fcdc15d41277deb033c72d2c8d774ccced,2017-11-02T07:38:29.000Z,0.002850001,0xde2d742034238fc682047e337a777ceb6f417223,sell,0xee609fe292128cad03b786dbb9bc2634ccdbe7fc,0x18ed5de013f4bde882466fd02d3206875e7c84ea32cda3c66969ee2ff88984a1
22,1025.365203485633,2.922291855299257,0x000b75fcdc15d41277deb033c72d2c8d774ccced,2017-11-02T07:34:52.000Z,0.002850001,0xde723eb90ba23358992eb58410fbbbf9bf8c615c,sell,0xee609fe292128cad03b786dbb9bc2634ccdbe7fc,0x7729c949176330b2b4342701130bb6e0402f4f7e149b84153c6bdc9413f35e22
23,100,0.2850001,0x000b75fcdc15d41277deb033c72d2c8d774ccced,2017-11-02T07:34:05.000Z,0.002850001,0xde723eb90ba23358992eb58410fbbbf9bf8c615c,sell,0xee609fe292128cad03b786dbb9bc2634ccdbe7fc,0x7edacf5caaf2762e990f979c5b6922dfa1bd64f469b56e485d1b95adf248b5fc
24,300,0.8550003,0x000b75fcdc15d41277deb033c72d2c8d774ccced,2017-11-02T07:32:39.000Z,0.002850001,0xde723eb90ba23358992eb58410fbbbf9bf8c615c,sell,0xee609fe292128cad03b786dbb9bc2634ccdbe7fc,0x2efc2251170e687b62b45c259e2e0087acdcb96bcb12d07b69971124ca948c12
25,6,0.018,0xe491ea86eddd4e878b49e6922d882d7dafd691a1,2017-11-02T07:23:34.000Z,0.003,0x727d137bff4a5a766fa9e6a42ffb2a4155b1ec51,buy,0xee609fe292128cad03b786dbb9bc2634ccdbe7fc,0x0cd5a48fdc76158f20f4108c33b9be41da74ad8012622ee5379fe1611f2a3c51
26,45,0.1305,0xe491ea86eddd4e878b49e6922d882d7dafd691a1,2017-11-02T07:19:34.000Z,0.0029,0xea407239885a632fc8f5fdc9f4ad1b044e13814c,buy,0xee609fe292128cad03b786dbb9bc2634ccdbe7fc,0x34a31c3274a6226995d4bbd920cc5b56f32dd7c975f76402be0a60b8d487a95f
27,24.925221097813836,0.07103690505399053,0x000b75fcdc15d41277deb033c72d2c8d774ccced,2017-11-02T07:16:31.000Z,0.002850001,0xdb22e8673705c9717f4f33c696ea419d96b6de33,sell,0xee609fe292128cad03b786dbb9bc2634ccdbe7fc,0x742ca9b202cf73e9bf23659969a4ec7d1e71a9ad7439387f656fef197d0302db
28,7.77,0.02214450777,0x000b75fcdc15d41277deb033c72d2c8d774ccced,2017-11-02T07:16:31.000Z,0.002850001,0x841a9465857df6d719e1d7a09d236c76eaa5b017,sell,0xee609fe292128cad03b786dbb9bc2634ccdbe7fc,0x49b45e1efee211aedd6703722946e609c80508c48f2f3cb624da43cbed3ac8ef
29,2.9907287409032,0.00852357990230286,0x000b75fcdc15d41277deb033c72d2c8d774ccced,2017-11-02T07:02:23.000Z,0.002850001,0x729088d8a15b8860229a958b32086c3d79a8053e,sell,0xee609fe292128cad03b786dbb9bc2634ccdbe7fc,0x257a2857e7efb1b15cbd69a7190bc72fd683aaa632b160cebece7a5878048307
30,2.9907287409032,0.00852357990230286,0x000b75fcdc15d41277deb033c72d2c8d774ccced,2017-11-02T06:54:08.000Z,0.002850001,0x00cd8942105d72827882c01ddacdccfc0e2c585a,sell,0xee609fe292128cad03b786dbb9bc2634ccdbe7fc,0x0e7b45403f2edbbbd615f7f472cc25d9b8781c03532afb2853b1bb17237d7768
31,112.12608351689968,0.31955945014924764,0x000b75fcdc15d41277deb033c72d2c8d774ccced,2017-11-02T06:53:45.000Z,0.002850001,0x9e5c8e02d750d106ed3c89b305d1b99358ec07f6,sell,0xee609fe292128cad03b786dbb9bc2634ccdbe7fc,0x64150f6f9d32db7e480858a8e9994c891e9227b5ccd2dd3997aa021b0da3cf0d
32,163.81676555444545,0.4668781094637007,0xe121cb63c3f6e80eb2600532d43ebbad54ddb61a,2017-11-02T06:52:23.000Z,0.002850002,0x9e5c8e02d750d106ed3c89b305d1b99358ec07f6,sell,0xee609fe292128cad03b786dbb9bc2634ccdbe7fc,0xe3ca835988a643e2f0acccc13f35a2507c273eed08784e50e14e301a2ddc18c8
33,87.85168908938263,0.2503774896081187,0xe121cb63c3f6e80eb2600532d43ebbad54ddb61a,2017-11-02T06:50:31.000Z,0.002850002,0x9e5c8e02d750d106ed3c89b305d1b99358ec07f6,sell,0xee609fe292128cad03b786dbb9bc2634ccdbe7fc,0xfcc38c60a7b8ebfbbdbb3edbf7b32ec0493441d79c5ccc0b90f897f5e45d3262
34,347.01,1.006329,0xc0b6ebf6485ff134453e537139cab5a340125287,2017-11-02T06:49:43.000Z,0.0029,0x9e5c8e02d750d106ed3c89b305d1b99358ec07f6,sell,0xee609fe292128cad03b786dbb9bc2634ccdbe7fc,0xfdd7d2ec6f215726e0cbabbecd02446835f0f44b03101d1020f1838d5a8a9a80
35,19.938191606021334,0.03987638321204267,0x4cb48fa9a7c07b36fe5e666f2082b8e0ec2ffc1a,2017-11-02T06:44:53.000Z,0.002,0x1fd0a69191c1bc30b8be851fa476d5d23942c451,sell,0xee609fe292128cad03b786dbb9bc2634ccdbe7fc,0x2b828f864556450adfbecffb7663689e0ab14297f0d09fcc2bb183b9afb29fa6
36,2.9907287409032,0.0089721862227096,0xc0b6ebf6485ff134453e537139cab5a340125287,2017-11-02T06:44:53.000Z,0.003,0x7cd3c433600110daa50849cb3b72f559b1f77543,sell,0xee609fe292128cad03b786dbb9bc2634ccdbe7fc,0xb5b6ac0cc1a3d685e84d336465211e5704679b859f3757b5c16e5926f198e2f4
37,7.977761214186773,0.022736635415954734,0xe121cb63c3f6e80eb2600532d43ebbad54ddb61a,2017-11-02T06:37:52.000Z,0.002850002,0x8628bf4d0b75cefb9333f1517bd5865cbf93cea5,sell,0xee609fe292128cad03b786dbb9bc2634ccdbe7fc,0x26c9cb6b2cb28d68f8c9fb225b94e3ba7fa58c9766815a33bcd128eef3a63577
38,2.9907287409032,0.008523582893031602,0xe121cb63c3f6e80eb2600532d43ebbad54ddb61a,2017-11-02T06:31:55.000Z,0.002850002,0x8373dc1767d2c9d2ceb5833fdbcb4a4ae00c531b,sell,0xee609fe292128cad03b786dbb9bc2634ccdbe7fc,0x140f05a9bac835c9296faba71f4c77b6c442d546989244d41cd70544d5ac97c7
39,3.4851666578011056,0.009932731945066466,0xe121cb63c3f6e80eb2600532d43ebbad54ddb61a,2017-11-02T06:15:43.000Z,0.002850002,0xcfe90adac3c00fd9b89fc7f68ec2380366fdf65e,sell,0xee609fe292128cad03b786dbb9bc2634ccdbe7fc,0x6fec802238b11f553f044ce4c68253397f5a80d7ebf8bb7862259e169a6ae6f7
40,2.9907287409032,0.008523582893031602,0xe121cb63c3f6e80eb2600532d43ebbad54ddb61a,2017-11-02T06:06:21.000Z,0.002850002,0x1e0db5ed0b0387dea2bfec689aff7962b4a1a518,sell,0xee609fe292128cad03b786dbb9bc2634ccdbe7fc,0x02f5b03be9df1cf886acf52cf5775cbc5494fd0d2b16d2c6b718e2b23d8634e1
41,45,0.12825,0x1ac30ada5f3039116d799e19ba6bf0ade5791f4f,2017-11-02T06:01:26.000Z,0.00285,0x4c1ac9fa9aa8efb7f975d7e0610004c456df352f,buy,0xee609fe292128cad03b786dbb9bc2634ccdbe7fc,0x91911ded485ad6c0ddf8f7f7deddbc2bb6ff3601b56594379acd5e8a53e8470c
42,2.9907287409032,0.008523582893031602,0xe121cb63c3f6e80eb2600532d43ebbad54ddb61a,2017-11-02T05:55:10.000Z,0.002850002,0x319b961263350140ef8a0c13816428ca752b4ac8,sell,0xee609fe292128cad03b786dbb9bc2634ccdbe7fc,0xd1ec3448dfc5755cc1d361fbc83d54a047fb4e8ed343824153772457ddd1b2c3
43,27.91346824842987,0.07955344033496162,0xe121cb63c3f6e80eb2600532d43ebbad54ddb61a,2017-11-02T05:53:32.000Z,0.002850002,0xa78978e17389b4042620f8fe18bf8f49ba70f768,sell,0xee609fe292128cad03b786dbb9bc2634ccdbe7fc,0x5b4b808efd53724600686774d595d30245b43805941b13ea8dce576e40ff315c
44,29.907287409032,0.08523582893031602,0xe121cb63c3f6e80eb2600532d43ebbad54ddb61a,2017-11-02T05:44:08.000Z,0.002850002,0x38bfd641b57bebf2fe152da4c98ba74e27411a03,sell,0xee609fe292128cad03b786dbb9bc2634ccdbe7fc,0x40f7defa6b446acebf41a492c881ebb91939d50019e87a8a97c97e055f15d548
45,19.233287008658166,0.05481490644124979,0xe121cb63c3f6e80eb2600532d43ebbad54ddb61a,2017-11-02T05:16:19.000Z,0.002850002,0x066e6c7fcabecc6a76a2f84a69e154fb853935c9,sell,0xee609fe292128cad03b786dbb9bc2634ccdbe7fc,0x855a2b924fd5e3317b6b9a91bd5de05f4211864ef6bfa817cebe83ad430a0b3d
46,50.8423885953544,0.14490090918153722,0xe121cb63c3f6e80eb2600532d43ebbad54ddb61a,2017-11-02T04:54:44.000Z,0.002850002,0xdeffa9f45be3d70b2517ff6529bca44e91f15e66,sell,0xee609fe292128cad03b786dbb9bc2634ccdbe7fc,0x663ead193e4271c99f07e31fda08d9b462f19c58fa5903721d9b5411455e4093
47,1,0.00287,0xe121cb63c3f6e80eb2600532d43ebbad54ddb61a,2017-11-02T04:32:16.000Z,0.00287,0x727d137bff4a5a766fa9e6a42ffb2a4155b1ec51,buy,0xee609fe292128cad03b786dbb9bc2634ccdbe7fc,0x2bb25f3aa74c6e8c58eb4ff4103992b767ab426335773f7b337fb4da6bcfe6da
48,59.185742934553964,0.16867942654922174,0x000b75fcdc15d41277deb033c72d2c8d774ccced,2017-11-02T04:20:04.000Z,0.002850001,0x3f08b42009a08827a0ad1389b396259a8deb8327,sell,0xee609fe292128cad03b786dbb9bc2634ccdbe7fc,0x161204c99402efc8b2319403416b869d535d5e358b9bda4cd99d44096fa58810
49,30.58787483824701,0.08748132203738646,0x11223cdaaca042ec7f355a023056a6f5c6edc31c,2017-11-02T04:16:58.000Z,0.00286,0x3f08b42009a08827a0ad1389b396259a8deb8327,sell,0xee609fe292128cad03b786dbb9bc2634ccdbe7fc,0x7e2b42cfa85b666f4046e86cd0b579ff627b1e55f7f6f5d3a7b019254c55595a
50,2.517,0.00719862,0x4b8173c54d6425aab704090add5cff71fd29a156,2017-11-02T04:16:49.000Z,0.00286,0x3f08b42009a08827a0ad1389b396259a8deb8327,sell,0xee609fe292128cad03b786dbb9bc2634ccdbe7fc,0x7e537114a34bb61d717488c26c2fa8513fb61afb9477e59834684415611a7389
51,34.89183531053733,0.09979064898813678,0x11223cdaaca042ec7f355a023056a6f5c6edc31c,2017-11-02T04:03:31.000Z,0.00286,0x32579cc122216e5bb56985f2289e55d47e82497b,sell,0xee609fe292128cad03b786dbb9bc2634ccdbe7fc,0xf178c12fd4d04a9c93360a38fc3b3957025192decbc823c1762409da1deeff62
52,24.520289851215654,0.07012802897447677,0x11223cdaaca042ec7f355a023056a6f5c6edc31c,2017-11-02T03:48:40.000Z,0.00286,0x56eb4d25984265a416fa895ce72b900786fcf1a0,sell,0xee609fe292128cad03b786dbb9bc2634ccdbe7fc,0x1d8d23b95203590d2ad1bdc143cc1ffa58ef92021160bdcb60d8ed85743fdc0d
53,0.40352085991523373,0.00115810486795672,0x3d215404ddbec9f33d806a945d8e142f90b27d36,2017-11-02T03:46:14.000Z,0.002869999999999998,0x56eb4d25984265a416fa895ce72b900786fcf1a0,sell,0xee609fe292128cad03b786dbb9bc2634ccdbe7fc,0x1c53313d7804305f6bb6000418d5fd86e6d90e50155abf190cdf9ca2d7a68f7a
54,59.41476898504617,0.17824430695513852,0x302705f62983da13d20c500d64fc29daa9f8fc49,2017-11-02T03:42:21.000Z,0.003,0x6c214db0a4d172443539bfb8b02e23f467303f95,buy,0xee609fe292128cad03b786dbb9bc2634ccdbe7fc,0x283973bc0096408cd45c332d1b472acd112e9b7662a62b465903b70a649143e6
55,3.8,0.011324,0x302705f62983da13d20c500d64fc29daa9f8fc49,2017-11-02T03:38:47.000Z,0.00298,0xc54933cde62f716279ad4fa3575d642fa2ebd9b2,buy,0xee609fe292128cad03b786dbb9bc2634ccdbe7fc,0x6fa7094c3551f82f5af848c6a0acf00cd99d10ee4ac7d015ce2249068c33b065
56,0.5911656120217615,0.001696645306502455,0x3d215404ddbec9f33d806a945d8e142f90b27d36,2017-11-02T03:25:24.000Z,0.002869999999999999,0x727d137bff4a5a766fa9e6a42ffb2a4155b1ec51,sell,0xee609fe292128cad03b786dbb9bc2634ccdbe7fc,0x27f99be876d553f877bb303bd6326c6708131d62560c3a8f719bee5ca1dcc55d
57,0.4057844213170199,0.001164601289179847,0x4b8173c54d6425aab704090add5cff71fd29a156,2017-11-02T03:23:40.000Z,0.0028699999999999997,0x727d137bff4a5a766fa9e6a42ffb2a4155b1ec51,sell,0xee609fe292128cad03b786dbb9bc2634ccdbe7fc,0x1cf3c93ebe78b5b2823b7f8a42a6eaa33aec73a6dcfbbb66fe9eccf9f4889c39
58,2.8267899511514307,0.00808461926029309,0x4b8173c54d6425aab704090add5cff71fd29a156,2017-11-02T03:20:22.000Z,0.0028599999999999997,0x6bad3020688ace91149d1cd8c384e2c66ab9d5f9,sell,0xee609fe292128cad03b786dbb9bc2634ccdbe7fc,0x3f7633944df5b3f03eacfae16a8b836f042787be3292dca7c5169910f63fe2a1
59,5.149,0.01482912,0x83fe7e8ba8c3ec104021204a171bb6ab57ddf735,2017-11-02T03:17:25.000Z,0.00288,0x6bad3020688ace91149d1cd8c384e2c66ab9d5f9,sell,0xee609fe292128cad03b786dbb9bc2634ccdbe7fc,0x8b8a1733398b99f3c353cfd037c8c06458852a6555685ff0079ad4201c66087e
60,19.938191606021334,0.05682386601535241,0x000b75fcdc15d41277deb033c72d2c8d774ccced,2017-11-02T03:01:49.000Z,0.002850001,0x99c24521433b2316b973009f1bbcf281f96003db,sell,0xee609fe292128cad03b786dbb9bc2634ccdbe7fc,0x3e5c62149dbde9e6100b5118bc1aad23401a8166a29966176b628b16940df9b0
61,10.901167894928406,0.032485480326886654,0xe9da4b4a9f8bb2eececfbf48e4b6f9cf2890ac3c,2017-11-02T02:46:00.000Z,0.00298,0xc54933cde62f716279ad4fa3575d642fa2ebd9b2,buy,0xee609fe292128cad03b786dbb9bc2634ccdbe7fc,0xb7573d7f87d6c52ce811a6f3ef33dbbe6a581992c497c1779b42f859fe0de222
62,53,0.1579399947,0xe9da4b4a9f8bb2eececfbf48e4b6f9cf2890ac3c,2017-11-02T02:33:02.000Z,0.0029799999,0x9a381800a8441c6c6ee3ec80be2a94498a1bf5cc,buy,0xee609fe292128cad03b786dbb9bc2634ccdbe7fc,0xaa874509c567ffd20086cc8aa0c96933df32fd90778f6c3479d0c82f19bb9fb4
63,199.38220308241074,0.5682394781670738,0x000b75fcdc15d41277deb033c72d2c8d774ccced,2017-11-02T02:31:33.000Z,0.002850001,0x9593cfc4d8cfdebab7edc8dff7b8e746596edf12,sell,0xee609fe292128cad03b786dbb9bc2634ccdbe7fc,0x5bd9b1289845a3fece60836b6f26b0ba8c5c2a744624dafc66176bf2701ee2ef
64,3.8486611504336556,0.011084144113248928,0x83fe7e8ba8c3ec104021204a171bb6ab57ddf735,2017-11-02T02:16:41.000Z,0.0028799999999999997,0x9fe5d6bec1f5f5b993891f27f0a20c20feab0d29,sell,0xee609fe292128cad03b786dbb9bc2634ccdbe7fc,0x7765caf5fc419e3866c9abf2f075719e11522a4639590d939051169e7600442c
65,1.136,0.00327168,0x8bc57591697b5811632a9e9eb7b9cd49aede340f,2017-11-02T02:14:28.000Z,0.00288,0x9fe5d6bec1f5f5b993891f27f0a20c20feab0d29,sell,0xee609fe292128cad03b786dbb9bc2634ccdbe7fc,0x10da631dd1ee81f13709572d1bab2bd515aed0d19837f11e2166f24b7623e647
66,2,0.006,0x437401805369026e52313fce03b4f5a3a517fb20,2017-11-02T01:31:27.000Z,0.003,0x1d76c2a0f74838c67a87c58c0298bd0391ae4973,buy,0xee609fe292128cad03b786dbb9bc2634ccdbe7fc,0x6036ea0c33d8e881574129faa0568f2b221564bacfe5a238097026f49fffc186
67,0.001987806036196619,0.000005724881384246,0x83fe7e8ba8c3ec104021204a171bb6ab57ddf735,2017-11-02T01:31:20.000Z,0.002879999999999868,0x437401805369026e52313fce03b4f5a3a517fb20,sell,0xee609fe292128cad03b786dbb9bc2634ccdbe7fc,0x65e2909ec7fed890f6e222ab3a3d78820ebb27c9beb597ab2167be14232b6cf4
68,29.907287409032,0.0852357691157412,0x307e1218e7b34a16afa587e405c953299b25894e,2017-11-02T00:09:09.000Z,0.00285,0xf4aec84e2cc5877e0604e8b5d3e4473f793984de,sell,0xee609fe292128cad03b786dbb9bc2634ccdbe7fc,0x900d3f94f4569305f961caa7589e3d7625db1382154c1611cb565d865ae010cf
69,1.9399860432658758,0.005548360083740404,0x4b8173c54d6425aab704090add5cff71fd29a156,2017-11-01T23:53:41.000Z,0.0028599999999999997,0x8e659f05e9f256b8e1ecfcf10eac8659de823b75,sell,0xee609fe292128cad03b786dbb9bc2634ccdbe7fc,0x23ee38d686d58ab378ad6ad217247e1c6e9b2dd24bbf720bd8073c84c8acc93c
70,9,0.02583,0x3d215404ddbec9f33d806a945d8e142f90b27d36,2017-11-01T23:49:02.000Z,0.00287,0x8e659f05e9f256b8e1ecfcf10eac8659de823b75,sell,0xee609fe292128cad03b786dbb9bc2634ccdbe7fc,0x388f7e7756b5d4ca853cc15e71b19ea27d7b2f3187c0330592250f01cf83c840
71,9,0.02583,0x4b8173c54d6425aab704090add5cff71fd29a156,2017-11-01T23:47:45.000Z,0.00287,0x8e659f05e9f256b8e1ecfcf10eac8659de823b75,sell,0xee609fe292128cad03b786dbb9bc2634ccdbe7fc,0xcf9a3c05842997bd5585676c7d881189555a51914d4077a0d5ca2da9763aa0fc
72,12.136430672607798,0.03483155603038438,0x4b8173c54d6425aab704090add5cff71fd29a156,2017-11-01T23:44:55.000Z,0.00287,0x34cad3b1c2c8bc51f497ab666511d3aaeb164a7f,sell,0xee609fe292128cad03b786dbb9bc2634ccdbe7fc,0xef8af1a1ee731b959f4dbbd343be2db775b443d2701df11fe008f68b0669ade0
73,0.8234759644138763,0.002371610777511963,0x4d5cc38a54fed26be5a9b93c96d8e68669b4224f,2017-11-01T23:38:06.000Z,0.0028799999999999993,0x34cad3b1c2c8bc51f497ab666511d3aaeb164a7f,sell,0xee609fe292128cad03b786dbb9bc2634ccdbe7fc,0x65aee26a23e08ad5bcafefc5d7f6170896744d40c791694b766a7c8d985864a7
74,0.001920771458344549,0.000005531821800032,0x4d5cc38a54fed26be5a9b93c96d8e68669b4224f,2017-11-01T23:30:06.000Z,0.002879999999999843,0x04f5c03c379677dc4527d3499312f2d8934bde5c,sell,0xee609fe292128cad03b786dbb9bc2634ccdbe7fc,0x9476a66de9f36b0b35a51dd22e8b093f9798aec10e28ae1abf1c8fcb21f1f0af
75,37.886127128608145,0.1083543235878193,0x4b8173c54d6425aab704090add5cff71fd29a156,2017-11-01T23:28:45.000Z,0.00286,0x2102fd3d7ee31c79693b6ac1cc9583adb9c068ed,sell,0xee609fe292128cad03b786dbb9bc2634ccdbe7fc,0x40432e5139ffe7893cec35de651c1dbe5b1cd1988861b32bf89a9aad14bb0a62
76,19.267258498654172,0.055489704476124016,0x4d5cc38a54fed26be5a9b93c96d8e68669b4224f,2017-11-01T23:26:13.000Z,0.00288,0x04f5c03c379677dc4527d3499312f2d8934bde5c,sell,0xee609fe292128cad03b786dbb9bc2634ccdbe7fc,0x360d77442a7782fb625c91d22c65e5c395035db257a4051b9fc533bfd4b7478d
77,0.671,0.00193248,0xcb9352cf5dcc70b3abc8099102c2319a6619aca4,2017-11-01T23:25:07.000Z,0.00288,0x04f5c03c379677dc4527d3499312f2d8934bde5c,sell,0xee609fe292128cad03b786dbb9bc2634ccdbe7fc,0x25aaada02db5bf9476f61a70b44b859b5a1df0a950f74b5792f5c6cf03c8a5bc
78,54.830026916558666,0.1568138769813578,0x4b8173c54d6425aab704090add5cff71fd29a156,2017-11-01T23:02:39.000Z,0.00286,0xa839c6c2143fac413b4aa0134b200b84dfa1bb08,sell,0xee609fe292128cad03b786dbb9bc2634ccdbe7fc,0x10963643263b4fd11e8e3fa2f7d1dbc878fbec9dda47710f2e02ea2e44d8c6ec
79,29.907344765473606,0.08613315292456399,0x4d5cc38a54fed26be5a9b93c96d8e68669b4224f,2017-11-01T22:39:54.000Z,0.00288,0xfc068e65f7b5a7f9247de8ef464c9c74c3827d99,sell,0xee609fe292128cad03b786dbb9bc2634ccdbe7fc,0xa972fd91066ba7fe08d276c713c247ab658cddf7f1a4c5f80a983372d21f09b9
80,40,0.1236,0xbc4ecb8880a385dd0ac14e7b06a9f10b4f4bd246,2017-11-01T22:19:28.000Z,0.00309,0xfca72be6349e409479fa36e845f9bc446d5ac15e,buy,0xee609fe292128cad03b786dbb9bc2634ccdbe7fc,0x74a1bce26ff4e0809b5162ac230d29ae6feaf946a46918bb5a04d626785c4be0
81,0.6788954241850275,0.002097786860731735,0x7603267556fceb3f2dcc97bf591619ffb8cf1d48,2017-11-01T22:06:51.000Z,0.00309,0xfca72be6349e409479fa36e845f9bc446d5ac15e,buy,0xee609fe292128cad03b786dbb9bc2634ccdbe7fc,0x3bd1003bc6d68b8837228a45461dbcef6b2712515b1b7be5d658565d2fea5ab0
82,14.953643704516,0.04306649386900608,0xcb9352cf5dcc70b3abc8099102c2319a6619aca4,2017-11-01T21:45:33.000Z,0.00288,0xe7dca60ec582b820941cfbfee4633487db3a4d3a,sell,0xee609fe292128cad03b786dbb9bc2634ccdbe7fc,0xd23d6575f654271e5ec2b71ed9b8387f2c6544584e51d7c64cb1c359e9c41eea
83,13,0.03744,0xa131d5f149ae1f162cf92c4afccd8e5a1f5d6f4f,2017-11-01T21:44:47.000Z,0.00288,0x485ce6e0f019aea59a6a86c924b0d8987fdd3086,buy,0xee609fe292128cad03b786dbb9bc2634ccdbe7fc,0x1189371a5398db588e835920ebd7083956fc8cdb225f61a29de096d5a8aaf638
84,29.907287409032,0.08583391486392185,0x4b8173c54d6425aab704090add5cff71fd29a156,2017-11-01T21:43:39.000Z,0.00287,0x06595e2fa93082f8f0337c5767305a442eeb9ef6,sell,0xee609fe292128cad03b786dbb9bc2634ccdbe7fc,0x09b12a34a9cef29add6638cc7a486bbd5bd737783af4e8081ff3348c68cac0c8
85,29.41504404832707,0.08471532685918196,0xcb9352cf5dcc70b3abc8099102c2319a6619aca4,2017-11-01T21:24:23.000Z,0.00288,0x7c05d26e6e283dd16a896d18661c3be87cc3abf9,sell,0xee609fe292128cad03b786dbb9bc2634ccdbe7fc,0xc3d38470c3ea26afb61b78571d5ac5b54530f2593a3f907620f44cd5388eca7b
86,12.959824543913866,0.037324294686471936,0xcb9352cf5dcc70b3abc8099102c2319a6619aca4,2017-11-01T21:23:39.000Z,0.0028799999999999997,0x7cc9ff2884524e6117535b55eef42fad906d58a1,sell,0xee609fe292128cad03b786dbb9bc2634ccdbe7fc,0x6583be6fc9232c6a0093e752de42176619d83132ee78df684091ebe26855d814
87,90,0.2583,0x3d215404ddbec9f33d806a945d8e142f90b27d36,2017-11-01T21:05:08.000Z,0.00287,0x4cf646e8d4fef62c03823b164bdfa4362ee341b3,sell,0xee609fe292128cad03b786dbb9bc2634ccdbe7fc,0xa8afc83998888d9af1fe087254bb76e1846cb27db9375eafead3dc1cd73b103f
88,0.005313528063004685,0.000015249825540823,0x3d215404ddbec9f33d806a945d8e142f90b27d36,2017-11-01T21:02:57.000Z,0.002869999999999916,0x4cf646e8d4fef62c03823b164bdfa4362ee341b3,sell,0xee609fe292128cad03b786dbb9bc2634ccdbe7fc,0xc8bc9034d1531b68fa45ce525a4f4e04fca99f31b1648da7468e5db656565019
89,10,0.010000001,0xf44072eda87ede9613b6ae1b812de8a60ade27a2,2017-11-01T20:59:24.000Z,0.0010000001,0xba536fdd7f31004d01735a3b789fd986dc55c78e,buy,0xee609fe292128cad03b786dbb9bc2634ccdbe7fc,0x2dc6faf7b626841d78d97c6cec9ce4eeaa1e059cc7ec7f5183c1302ae7520b42
90,9.97,0.0286139,0x4b8173c54d6425aab704090add5cff71fd29a156,2017-11-01T20:59:24.000Z,0.00287,0xf44072eda87ede9613b6ae1b812de8a60ade27a2,sell,0xee609fe292128cad03b786dbb9bc2634ccdbe7fc,0x2dc6faf7b626841d78d97c6cec9ce4eeaa1e059cc7ec7f5183c1302ae7520b42
91,7.975873088248916,0.022890755763274387,0x4b8173c54d6425aab704090add5cff71fd29a156,2017-11-01T20:40:13.000Z,0.00287,0xfead0d408ff878d61b9d4f7a2526925ebe436a4c,sell,0xee609fe292128cad03b786dbb9bc2634ccdbe7fc,0x082d0a5b30821cf6dcae8ba032d3ac7cc31a3a5cd5cdd43ab4a4501e9179c327
92,19.938191606021334,0.05742199182534144,0x8bc57591697b5811632a9e9eb7b9cd49aede340f,2017-11-01T20:36:19.000Z,0.00288,0xc435d84b4db4bc91de9fbc498fa12c5c9497fb8a,sell,0xee609fe292128cad03b786dbb9bc2634ccdbe7fc,0x80c3dc1278efc8b2531ab8faef95f3a9ad0577ef33e87ba7fe13179599f100ec
93,24.92579051185413,0.07178627667413989,0x8bc57591697b5811632a9e9eb7b9cd49aede340f,2017-11-01T20:35:08.000Z,0.00288,0x8c90cab04e1b0257832bb4a930b9b1e4a6f3c40f,sell,0xee609fe292128cad03b786dbb9bc2634ccdbe7fc,0xfd7e8ccc6fc1bc766fb2b7e902e0f773743b71bb185bef987bbcb9e47b84b79d
94,30.604624408794265,0.08783527205323954,0x4b8173c54d6425aab704090add5cff71fd29a156,2017-11-01T20:16:45.000Z,0.00287,0x8c90cab04e1b0257832bb4a930b9b1e4a6f3c40f,sell,0xee609fe292128cad03b786dbb9bc2634ccdbe7fc,0xfba6426f516ad9a3f8fdcd83bdc94d2ff4b28c7ad46fa81d4996f187800d9587
95,44.16799726374723,0.12720383211959202,0x3d215404ddbec9f33d806a945d8e142f90b27d36,2017-11-01T20:14:07.000Z,0.00288,0x8c90cab04e1b0257832bb4a930b9b1e4a6f3c40f,sell,0xee609fe292128cad03b786dbb9bc2634ccdbe7fc,0x855e8fbdefd008ff2efb95a735c6cf9f145672eda12349da4a6249bd69ae0e4c
96,9.969095803010667,0.02871099591267072,0x3d215404ddbec9f33d806a945d8e142f90b27d36,2017-11-01T19:39:45.000Z,0.0028799999999999997,0xcdc2aa9baecaebfdf2a84ab42d37970f2e03d295,sell,0xee609fe292128cad03b786dbb9bc2634ccdbe7fc,0xd830781acdb54c66a8e9aa0d03b31cdd9a82fd506f442ea0e06e166c62bf47aa
97,2.8791196622176027,0.008349447020431047,0xe491ea86eddd4e878b49e6922d882d7dafd691a1,2017-11-01T19:33:49.000Z,0.0029,0x9593cfc4d8cfdebab7edc8dff7b8e746596edf12,sell,0xee609fe292128cad03b786dbb9bc2634ccdbe7fc,0xadaa2ed6dcec99091dd5c10dfa4b54f01963246db594c2e5b176d7d5cbf661fe
98,100,0.288,0x4b8173c54d6425aab704090add5cff71fd29a156,2017-11-01T19:32:14.000Z,0.00288,0x9593cfc4d8cfdebab7edc8dff7b8e746596edf12,sell,0xee609fe292128cad03b786dbb9bc2634ccdbe7fc,0xde48139fd8e64699066a09ac4d7147b2bfbb88da514a6111220a7b13f2c31fee
99,45.169973083441334,0.13054122221114545,0x4b8173c54d6425aab704090add5cff71fd29a156,2017-11-01T19:32:07.000Z,0.0028899999999999998,0x9593cfc4d8cfdebab7edc8dff7b8e746596edf12,sell,0xee609fe292128cad03b786dbb9bc2634ccdbe7fc,0x3ebf6d83e5d6b6cab8b6ab2640101a11d9d5e65f453de3c4c99021ca96086a65
100,5.045859381128351,0.014632992205272219,0x5a62df5af866ed26af427871e027b9f1694927e5,2017-11-01T19:26:41.000Z,0.0029,0x6b2e85430cdd04519e0321a9e5b04b5353e4a011,sell,0xee609fe292128cad03b786dbb9bc2634ccdbe7fc,0xdd5b9a7bf34d99a9d8832c08f1711250989d543b74f66d2af142c7e4ebf5a6a6
101,45.8629069332421,0.13208517196773725,0x3d215404ddbec9f33d806a945d8e142f90b27d36,2017-11-01T19:25:11.000Z,0.00288,0xc288480fc575fa8c72d565d79fff36f6904ec38c,sell,0xee609fe292128cad03b786dbb9bc2634ccdbe7fc,0x912a84293f49f2f3b3b718bb4885eb06e9d1f8fafa70499af51cadbd5c40d641
102,9.791843647733609,0.028396346578427465,0x3d215404ddbec9f33d806a945d8e142f90b27d36,2017-11-01T19:24:09.000Z,0.0029,0x6b2e85430cdd04519e0321a9e5b04b5353e4a011,sell,0xee609fe292128cad03b786dbb9bc2634ccdbe7fc,0xed21fe5ff7ed3ba1c8f3a9555b5ae5e5f4252c98beb2b2e99c0d07a295a78637
103,24.922739507526668,0.07202671717675206,0x4b8173c54d6425aab704090add5cff71fd29a156,2017-11-01T19:07:13.000Z,0.0028899999999999998,0x647d6a16e3c80b54a1efa7ca3a95ce063d1cd120,sell,0xee609fe292128cad03b786dbb9bc2634ccdbe7fc,0x4e7b63cb5dbc28bc56dff86c5800e90ef925a2096b11bf96161b5a78aefaef2b
104,1.701983850064799,0.004935754867171767,0xe6a1144b1c42cf79cac48159339f21894d0efa06,2017-11-01T18:29:24.000Z,0.0029000009999999997,0x066e6c7fcabecc6a76a2f84a69e154fb853935c9,sell,0xee609fe292128cad03b786dbb9bc2634ccdbe7fc,0xd82cc08066d206eb6792866bb2d7bbac6905a5f994511f09a399b88f8a101d45
105,75.07726049247333,0.21697328282324793,0x3d215404ddbec9f33d806a945d8e142f90b27d36,2017-11-01T18:19:08.000Z,0.0028899999999999998,0xe5c3bd2ea98e31878002809b087bbde173b14c85,sell,0xee609fe292128cad03b786dbb9bc2634ccdbe7fc,0x98dfe21bebbcc0cc548f4c58940844594f9d5b2ba9e67ab72e1b5652906db44d
106,24.922739507526668,0.07202671717675206,0x3d215404ddbec9f33d806a945d8e142f90b27d36,2017-11-01T18:18:26.000Z,0.0028899999999999998,0x38223b8ebc6d6f404f887df06c334c4702a55711,sell,0xee609fe292128cad03b786dbb9bc2634ccdbe7fc,0x3777ca55c98ef34a43d0a2e5b3f0e95f86d434d3047dde512cf0c5de022dff16
107,35,0.112385,0x1de0ff221a62c5a292f2818f27671c10c5fe9b68,2017-11-01T18:04:00.000Z,0.003211,0x309da4ad891e21b1527af45a802fcaf97bd1e380,buy,0xee609fe292128cad03b786dbb9bc2634ccdbe7fc,0xdb04f907040c4997ab1fedb744ded23c4a4b6d03063fd444435685d5c452fe17
108,29.907287409032,0.08643206061210248,0x4b8173c54d6425aab704090add5cff71fd29a156,2017-11-01T17:46:59.000Z,0.0028899999999999998,0xab6d84e32c979eb15e081c18015d15a9027b7aba,sell,0xee609fe292128cad03b786dbb9bc2634ccdbe7fc,0x009b0e6ce62be1fe6cc74d63e0a938581be152069ef29ee64159f528f3cbf407
109,7.9752766424085335,0.02312831023826139,0xe6a1144b1c42cf79cac48159339f21894d0efa06,2017-11-01T17:38:05.000Z,0.0029000009999999997,0x1e8921b115bec2436a01666c7c180f954e8fb563,sell,0xee609fe292128cad03b786dbb9bc2634ccdbe7fc,0xdfdcdbf1610a24087a4eeb365d41e6e04a6ec521322d5907f645141966cfb94b
110,14.954140618871648,0.04336700779472778,0x5a62df5af866ed26af427871e027b9f1694927e5,2017-11-01T17:36:26.000Z,0.0029,0x60b5718d0069010c9df9a71918647d0c1b872d78,sell,0xee609fe292128cad03b786dbb9bc2634ccdbe7fc,0x9f16c215b201ddfb47cbce3c5d7fe83d1b7e2d52497da7f829ad634394e1d3bf
111,24.922739507526668,0.07227596949456684,0xe6a1144b1c42cf79cac48159339f21894d0efa06,2017-11-01T17:28:12.000Z,0.002900001,0xda35e83b09bfa7ff2bcc503dd861eb068e88f46f,sell,0xee609fe292128cad03b786dbb9bc2634ccdbe7fc,0x53b401117caeaf0fb95775a180cdc4b568ddc4d3c6a3c05aa11293012a5ebe17
112,22.075138268777792,0.06821217725052338,0x61a8039a2a68e6bc9a4eef5d1705a0561915a4b3,2017-11-01T17:19:19.000Z,0.00309,0x71f4632a7f8d9841fc9cbc2c69e1bde15462822d,buy,0xee609fe292128cad03b786dbb9bc2634ccdbe7fc,0x781d4e1668afc535d3268bc3a127e64b6f33ac1fbd10581210ab1348c1a3577f
113,15,0.0435,0x61a8039a2a68e6bc9a4eef5d1705a0561915a4b3,2017-11-01T17:18:25.000Z,0.0029,0xf22ca1c457d2074aafb14544b70e03f5ee4c6e6b,buy,0xee609fe292128cad03b786dbb9bc2634ccdbe7fc,0xb3e2dbbed23c6f90005c559500711a7917a753129447de4987d1b31760957b4f
114,35.20087728043067,0.10208254411324892,0x4b8173c54d6425aab704090add5cff71fd29a156,2017-11-01T17:02:32.000Z,0.0029,0xf00dd34fa52d31aa537658baf071cbaeac59a66d,sell,0xee609fe292128cad03b786dbb9bc2634ccdbe7fc,0x05f22c1c4cdcdc6485158df80a70a7a079edc8377e9cef2ddd4e27b5bbb039c7
115,2.991225655258848,0.008674557391476314,0x1829ee60346d0cfdea1132e0bea6503cb623a73c,2017-11-01T17:00:46.000Z,0.0029000009999999997,0xa56c2266e8cbb4afad5fcf2f6738b3ddf5a2211a,sell,0xee609fe292128cad03b786dbb9bc2634ccdbe7fc,0x980218d34809364d38b4f4bfe1ec6a31df33680d9cbb98168420ca98f7558743
116,10.268168677100986,0.029777699431761537,0x1829ee60346d0cfdea1132e0bea6503cb623a73c,2017-11-01T16:55:36.000Z,0.002900001,0xbe6da849eb49da5da6bca30c8e7a2d081257400b,sell,0xee609fe292128cad03b786dbb9bc2634ccdbe7fc,0x94970a8938e2089d54040b87d03ea8d988aaedbb7c4d3f928db1a9b5576d50dd
117,10.268168677100986,0.029777699431761537,0x1829ee60346d0cfdea1132e0bea6503cb623a73c,2017-11-01T16:55:25.000Z,0.002900001,0xbe6da849eb49da5da6bca30c8e7a2d081257400b,sell,0xee609fe292128cad03b786dbb9bc2634ccdbe7fc,0x94970a8938e2089d54040b87d03ea8d988aaedbb7c4d3f928db1a9b5576d50dd
118,19.938191606021334,0.057820775595653476,0x1829ee60346d0cfdea1132e0bea6503cb623a73c,2017-11-01T16:55:11.000Z,0.002900001,0x9f572258ae47917ad31b8f121b7cde4765f07538,sell,0xee609fe292128cad03b786dbb9bc2634ccdbe7fc,0xf2efec4084bdd7a0df3c7638a0c54d847b3bccb82da7ef3020dda3954a8e49fd
119,150,0.45,0x321a31ed33b8b2ba584dc4ce85c6d9346886a36e,2017-11-01T16:46:54.000Z,0.003,0xca109a0cdc598fd3ee01ce84a354636fe44ab03b,buy,0xee609fe292128cad03b786dbb9bc2634ccdbe7fc,0xd66ef38a33918d6d011c18c2893e81e972db7129aede7e14b3491cc5ed2da8d3
120,155,0.465,0x90f8a972112245bd631826cf5f1b45fba3b5679d,2017-11-01T16:46:54.000Z,0.003,0xca109a0cdc598fd3ee01ce84a354636fe44ab03b,buy,0xee609fe292128cad03b786dbb9bc2634ccdbe7fc,0xf2548c46da03c3e3998b6dca7bf038893d13b9e09cd51efaa36728f17220d785
121,4.57258498654172,0.013489125710298075,0xe491ea86eddd4e878b49e6922d882d7dafd691a1,2017-11-01T16:42:00.000Z,0.00295,0x61a8039a2a68e6bc9a4eef5d1705a0561915a4b3,sell,0xee609fe292128cad03b786dbb9bc2634ccdbe7fc,0xd64bbe3d9d69c20dfe3f75f72d31506945d7e2472f79cdf2fcb6da4d8a6d5239
122,9.969095803010667,0.028910377828730936,0x4b8173c54d6425aab704090add5cff71fd29a156,2017-11-01T16:37:56.000Z,0.0029,0x02d26c9e67ecb68fed11ec0ed8555328ec0f98b2,sell,0xee609fe292128cad03b786dbb9bc2634ccdbe7fc,0x3074e8dfe35840ded5bcdbcc3109de94e50c408026c112ff0303582d2992d8c8
123,29.907287409032,0.0867311334861928,0x4b8173c54d6425aab704090add5cff71fd29a156,2017-11-01T16:23:11.000Z,0.0029,0x61b3d61ed5f4c9a0126cdbd713b042c4fa4d860a,sell,0xee609fe292128cad03b786dbb9bc2634ccdbe7fc,0xb11124a52bbcbecf8f7755416434a8dbde386316335f68b01da62c4e5edc79ac
124,0.5201276044262786,0.001534376433057521,0xe491ea86eddd4e878b49e6922d882d7dafd691a1,2017-11-01T16:19:07.000Z,0.0029499999999999986,0x2a3ac54431fe70441b8147c32c66ad675681656e,sell,0xee609fe292128cad03b786dbb9bc2634ccdbe7fc,0xd90d413516dbb4f7f8dd8d78e217a26572bc5ed4e6d507d17d6c18e53c2ceaa7
125,19.42,0.056318,0x3d215404ddbec9f33d806a945d8e142f90b27d36,2017-11-01T16:18:18.000Z,0.0029,0x2a3ac54431fe70441b8147c32c66ad675681656e,sell,0xee609fe292128cad03b786dbb9bc2634ccdbe7fc,0x3d233e9600f9a98fc55bae3e83e9d913d695270530d84964e98bdcd0393727d4
126,14.953643704516,0.0441132489283222,0xe491ea86eddd4e878b49e6922d882d7dafd691a1,2017-11-01T16:16:35.000Z,0.00295,0x012ecf2ec79db72cd9dc22b065f9ffe13d36735e,sell,0xee609fe292128cad03b786dbb9bc2634ccdbe7fc,0xa316dec276c887140496e9dad2fdecad45267b94e9db75fc1e69f4e1d73d3e3f
127,14.953643704516,0.0441132489283222,0xe491ea86eddd4e878b49e6922d882d7dafd691a1,2017-11-01T16:10:20.000Z,0.00295,0x53f8dd3d14f3e625af9c9c73c12a38c9a65c0d0e,sell,0xee609fe292128cad03b786dbb9bc2634ccdbe7fc,0x0a493fd0252155993eb3a357236a153f41f5cd3aa3ca3f4f8f69fcd9418369ca
128,24.922739507526668,0.07227594457182733,0x4b8173c54d6425aab704090add5cff71fd29a156,2017-11-01T16:02:34.000Z,0.0029,0x2c6216f99ef316148837a31ded86ef7d66c5cee1,sell,0xee609fe292128cad03b786dbb9bc2634ccdbe7fc,0xbe9a517edbf624cb7035c7ab9aa35e5885f6c1ec1f20733b794949ce62441a2c
129,22.583716127174476,0.06978368283296912,0xf1ca3d2e10c3ded5b1afa99228dd31a095a9dc9c,2017-11-01T15:58:28.000Z,0.00309,0x71f4632a7f8d9841fc9cbc2c69e1bde15462822d,buy,0xee609fe292128cad03b786dbb9bc2634ccdbe7fc,0x7394125825b5437b5f5a4f9ffb96b46bffd55fd714168e8533e10c215d857127
130,11.142107988961097,0.03231211316798718,0xd33ad3a5c61ca8f7e9b27b8cc8aa0ff2269eb280,2017-11-01T15:55:15.000Z,0.0029,0xb486e2f1a9bf83fe6102d1270f7dbcee6ee32fe1,sell,0xee609fe292128cad03b786dbb9bc2634ccdbe7fc,0x88586529697f048f88d183acdfdad38ed7f5d44386ee32b2883602acb8a702f2
131,6.668804509294814,0.01973966134751265,0xc402dbb5420acd2654219935202a4ec3d8ec5ddb,2017-11-01T15:54:06.000Z,0.00296,0xb486e2f1a9bf83fe6102d1270f7dbcee6ee32fe1,sell,0xee609fe292128cad03b786dbb9bc2634ccdbe7fc,0xa38b4b8ee6e2369f536edc62570bb04aadd13569efed0f3ff4b0a54bce659a45
132,56.96364965417932,0.1680428804071283,0x12c3fd99ab45bd806128e96062dc5a6c273d8af6,2017-11-01T15:53:12.000Z,0.002950002,0xb486e2f1a9bf83fe6102d1270f7dbcee6ee32fe1,sell,0xee609fe292128cad03b786dbb9bc2634ccdbe7fc,0x1eb3a42c7dd4c7958c566ce75a733ff3487fa3ca0ffc63e52b97a574444fc83a
133,8,0.0248,0x309da4ad891e21b1527af45a802fcaf97bd1e380,2017-11-01T15:53:12.000Z,0.0031,0xee0717bfab61e234c62e10cc7a13a7c060e251df,buy,0xee609fe292128cad03b786dbb9bc2634ccdbe7fc,0xbe6c3b4cfa9aef0ab7c5f6e0192e49a12aa68b66b9afb1ac5cda924bbc124f29
134,22.96,0.07117528824,0x309da4ad891e21b1527af45a802fcaf97bd1e380,2017-11-01T15:52:11.000Z,0.003099969,0x69a0b8f0e64d39806b5d79eefb856c7bc8c00708,buy,0xee609fe292128cad03b786dbb9bc2634ccdbe7fc,0x15b3b4e8cfdbda184e959022a7edab484ac061d4f68fb67af478977227454a70
135,19.938191606021334,0.059017047153823145,0xc402dbb5420acd2654219935202a4ec3d8ec5ddb,2017-11-01T15:51:44.000Z,0.00296,0x23a2390112d5c2b0c59b7bb46857546714698433,sell,0xee609fe292128cad03b786dbb9bc2634ccdbe7fc,0xfbc7adbe424b9925c7fb4c73df8873304a4d334f45df674e2a35b30736e8cdc5
136,16.884219256608162,0.04997728899956016,0xc402dbb5420acd2654219935202a4ec3d8ec5ddb,2017-11-01T15:51:16.000Z,0.00296,0xd347f7b5fab42a04177be02c1f669aab83fae992,sell,0xee609fe292128cad03b786dbb9bc2634ccdbe7fc,0xd503a6cdea8721c094cca48f1cdd927335a2aa21cd8e11d7231bab4505cf6e57
137,67.85986045997134,0.2001869276562178,0xc402dbb5420acd2654219935202a4ec3d8ec5ddb,2017-11-01T15:50:24.000Z,0.002950005,0xd347f7b5fab42a04177be02c1f669aab83fae992,sell,0xee609fe292128cad03b786dbb9bc2634ccdbe7fc,0xb4622252b1c2d59383ab77a488f1e58ed3862ec10f74c03316992246064b7dc9
138,0.03951572203101418,0.000122497513308761,0xf1ca3d2e10c3ded5b1afa99228dd31a095a9dc9c,2017-11-01T15:47:17.000Z,0.003099969,0x69a0b8f0e64d39806b5d79eefb856c7bc8c00708,buy,0xee609fe292128cad03b786dbb9bc2634ccdbe7fc,0xf15dce29ae4abef3b76c25e9fdf6be7a9eeca06801611693a693cea8d829f000
139,0.000496914355648025,0.000001470866492718,0xc402dbb5420acd2654219935202a4ec3d8ec5ddb,2017-11-01T15:41:40.000Z,0.00295999999999969,0xb486e2f1a9bf83fe6102d1270f7dbcee6ee32fe1,sell,0xee609fe292128cad03b786dbb9bc2634ccdbe7fc,0x1bf923fe57c0ac91783f7fef18286030246ba6b5d7a68b1fa75d561ecbd470ee
140,34.89183531053733,0.10327983251919051,0xc402dbb5420acd2654219935202a4ec3d8ec5ddb,2017-11-01T15:39:56.000Z,0.00296,0x42d2c28be4820d50b8c5b558864fafc871213a48,sell,0xee609fe292128cad03b786dbb9bc2634ccdbe7fc,0xd7e40a1168b5b132759ee1a8d59b28f56400d413dc173d110d470ad05f1162a5
141,0.003776549102924986,0.000011178585344657,0xc402dbb5420acd2654219935202a4ec3d8ec5ddb,2017-11-01T15:37:37.000Z,0.0029599999999997463,0xd347f7b5fab42a04177be02c1f669aab83fae992,sell,0xee609fe292128cad03b786dbb9bc2634ccdbe7fc,0x13b2925e2d09dbefbb2bd97581c2b3211620cd348704361aadff309b3968f2b9
142,307.14013954002866,0.9060649473437822,0xc402dbb5420acd2654219935202a4ec3d8ec5ddb,2017-11-01T15:32:11.000Z,0.002950005,0x889c4867e9c0225cad8fa2cfe75ab74333036edc,sell,0xee609fe292128cad03b786dbb9bc2634ccdbe7fc,0x4fb0046255e91d31d88d3e9d9760d037313122fddd78c797c80a2d0c9ba2cea1
143,34.892456385392435,0.10328167090076162,0xc402dbb5420acd2654219935202a4ec3d8ec5ddb,2017-11-01T15:25:54.000Z,0.00296,0xae2dc168632473910535a5cd5b95fa169fd929b6,sell,0xee609fe292128cad03b786dbb9bc2634ccdbe7fc,0x366f58a5cfe7d5cf81abe568159cd6d7f9e31349ba219dc01a4e7243660a67fe
144,34,0.10064,0xc402dbb5420acd2654219935202a4ec3d8ec5ddb,2017-11-01T15:19:24.000Z,0.00296,0xd9066c25e01fca3505c35ae6a8025767c08723b3,sell,0xee609fe292128cad03b786dbb9bc2634ccdbe7fc,0xc6d502b133c4349070ba2e0f3211299f135481945c4a4803db38534c7756b757
145,19.940179263443927,0.05902293061979402,0xc402dbb5420acd2654219935202a4ec3d8ec5ddb,2017-11-01T15:16:10.000Z,0.00296,0x49b27c452166cccb9be69085637c1751edbfa8a4,sell,0xee609fe292128cad03b786dbb9bc2634ccdbe7fc,0x38d02f98820061157a40a064da40a9e36d1121c244ad52910eb7e6e439c1855b
146,34.89183531053733,0.10327983251919051,0xc402dbb5420acd2654219935202a4ec3d8ec5ddb,2017-11-01T15:03:24.000Z,0.00296,0x9d451bba449666a23549a572f1584b2492b66169,sell,0xee609fe292128cad03b786dbb9bc2634ccdbe7fc,0x64485f093708763c9f93fb771cc2cdd9a4019bf8996a2f5fcf6cae9fa0c6bc55
147,4.183,0.013809235313468473,0xd9066c25e01fca3505c35ae6a8025767c08723b3,2017-11-01T14:27:00.000Z,0.0033012754753689874,0x45ff788556fd9a4b27349899f4f2235d4b1a5455,buy,0xee609fe292128cad03b786dbb9bc2634ccdbe7fc,0x38c86cf0d303d9d8a2639c8998d1ef6189bd969122a27790086d15eb25fb8ffd
148,30,0.09603,0xd9066c25e01fca3505c35ae6a8025767c08723b3,2017-11-01T14:25:08.000Z,0.003201,0xdaca74b362cad300c11d1de5afb5ff23cfda0373,buy,0xee609fe292128cad03b786dbb9bc2634ccdbe7fc,0x57d5df0d48ca7a6b6b39b695d51597e4e05f90ecc0a595989a39589bb82c007f
149,14.953643704516,0.04426278536536736,0xc402dbb5420acd2654219935202a4ec3d8ec5ddb,2017-11-01T14:24:52.000Z,0.00296,0x1edc150031bc695dfeaac59b061f5bdd84d441bc,sell,0xee609fe292128cad03b786dbb9bc2634ccdbe7fc,0x7e820e6fc1f0a35e119211e2b0fd28ce6389665c463f0310f99161ccaa96ed9c
150,70.7881563522664,0.20528565342157254,0x3d215404ddbec9f33d806a945d8e142f90b27d36,2017-11-01T14:22:48.000Z,0.0029,0xd9066c25e01fca3505c35ae6a8025767c08723b3,sell,0xee609fe292128cad03b786dbb9bc2634ccdbe7fc,0xc0e3a926a6fce2ea67f920281041cbbb09eb9343e76027bef9ff57fdc5d80186
151,19.938191606021334,0.059017047153823145,0xc402dbb5420acd2654219935202a4ec3d8ec5ddb,2017-11-01T14:22:44.000Z,0.00296,0x667a262485bbde9c952368222c12391de30091fa,sell,0xee609fe292128cad03b786dbb9bc2634ccdbe7fc,0x43e24dce5805f9fa8f19e8ea605dfc8e704dbfd76105033edb0adc02403b00b2
152,20,0.0592,0xd9066c25e01fca3505c35ae6a8025767c08723b3,2017-11-01T14:18:08.000Z,0.00296,0x63838cd7ec8654b14aa21b560e695fbdbfa972eb,buy,0xee609fe292128cad03b786dbb9bc2634ccdbe7fc,0x99f9ef03011c49f6b952d5a78a261573dd1da080ddb0f99f9dd9a350094e94d2
153,11,0.03256,0xd9066c25e01fca3505c35ae6a8025767c08723b3,2017-11-01T14:14:41.000Z,0.00296,0xdf233f0f18f6ab1a5cc48b655e01f8094d182a39,buy,0xee609fe292128cad03b786dbb9bc2634ccdbe7fc,0x6c766772c3ba19f51ec4980e161a30c21209698c85f4620dad2b48cede5b1625
154,20,0.05900004,0xd9066c25e01fca3505c35ae6a8025767c08723b3,2017-11-01T14:04:36.000Z,0.002950002,0xdf233f0f18f6ab1a5cc48b655e01f8094d182a39,buy,0xee609fe292128cad03b786dbb9bc2634ccdbe7fc,0xa271432b93ad412f92d88f6c4924c9fee2f5157efe951cb84959c2d2353b0f74
155,20,0.05900004,0xd9066c25e01fca3505c35ae6a8025767c08723b3,2017-11-01T14:03:06.000Z,0.002950002,0xdf233f0f18f6ab1a5cc48b655e01f8094d182a39,buy,0xee609fe292128cad03b786dbb9bc2634ccdbe7fc,0x524c977b0facf2e2c156e2b9683a4968d62602d6bcbe91427bcc80bf6d104fe5
156,75.99636958416875,0.2249492539691395,0xc402dbb5420acd2654219935202a4ec3d8ec5ddb,2017-11-01T14:00:27.000Z,0.00296,0xd9066c25e01fca3505c35ae6a8025767c08723b3,sell,0xee609fe292128cad03b786dbb9bc2634ccdbe7fc,0x1c1c8043e069150729b31d03e8718c7cd70cf2ae23b03504de30cd393a041e7e
157,1,0.002931121,0xe28fd3070b9e93c993841aca34eb2cce243e64bf,2017-11-01T13:57:07.000Z,0.002931121,0xf2dbfad05b092826ce27af9e3cb859983e755434,sell,0xee609fe292128cad03b786dbb9bc2634ccdbe7fc,0x6faa63d58a3887e4557b8d9d746e62cb011381156d7f2bbd97192b91efb40903
158,0.000522280753417668,0.000001540729267143,0x12c3fd99ab45bd806128e96062dc5a6c273d8af6,2017-11-01T13:54:43.000Z,0.0029500019999987984,0x00e22a92f03c3de2127763bb1c088847bffeea85,sell,0xee609fe292128cad03b786dbb9bc2634ccdbe7fc,0xc97362260cfefe2a46dbe8378921cd646ac12038209f3e0ee49559d6c96ba7bf
159,5.238998237532617,0.015455055278717695,0x12c3fd99ab45bd806128e96062dc5a6c273d8af6,2017-11-01T13:54:17.000Z,0.0029500019999999997,0x00e22a92f03c3de2127763bb1c088847bffeea85,sell,0xee609fe292128cad03b786dbb9bc2634ccdbe7fc,0x49ced8cd0c6debc0419fea7f3d12b875383c3f6161542dd0d4cef0a8750a6f6c
160,7.9752766424085335,0.023527082045658457,0x12c3fd99ab45bd806128e96062dc5a6c273d8af6,2017-11-01T13:53:22.000Z,0.0029500019999999997,0x5c164d6c663d6b4ffc41cd675cc29eeae5ed389a,sell,0xee609fe292128cad03b786dbb9bc2634ccdbe7fc,0xa71230adc3264db2a87bca7d35c83d142062650446b5ef1359700b184b0d1b45
161,6.074223889237359,0.0188301001308597,0xc402dbb5420acd2654219935202a4ec3d8ec5ddb,2017-11-01T13:52:45.000Z,0.003100001,0x00e22a92f03c3de2127763bb1c088847bffeea85,sell,0xee609fe292128cad03b786dbb9bc2634ccdbe7fc,0xa11850650f370f550b9614ba957028b49391de534fde828a0ea1e0c589df0c05
162,3.641390136616112,0.01165973121744479,0xc402dbb5420acd2654219935202a4ec3d8ec5ddb,2017-11-01T13:50:53.000Z,0.0032019999999999996,0x00e22a92f03c3de2127763bb1c088847bffeea85,sell,0xee609fe292128cad03b786dbb9bc2634ccdbe7fc,0x3a3c1d4cf9aeff58d8f29b6fafc22027b54a4f8a7c2b9e1a6948dca9fbd8e433
163,12.994533942033549,0.04158263855984678,0x5557b21d19f17ea5225c76cb03327129278fd0f4,2017-11-01T13:50:08.000Z,0.00320001,0xf2dbfad05b092826ce27af9e3cb859983e755434,sell,0xee609fe292128cad03b786dbb9bc2634ccdbe7fc,0x91058fe6ea96c8d28384bdb582396ac43ca7416b3e59f164391d84b2e4643c9b
164,2.43,0.00778086,0xc402dbb5420acd2654219935202a4ec3d8ec5ddb,2017-11-01T13:48:44.000Z,0.003202,0x0c1b0b9cf8ee4423afbf413bfbee2c70ebf70bb8,sell,0xee609fe292128cad03b786dbb9bc2634ccdbe7fc,0x06c22192dd2711a331c157e350c58ebda7a85e4ac3a7d3db584b7ab4f9d956bd
165,10.057932462004612,0.03219544181087676,0x732c7bd23a124c195a85799966a82a245b36f080,2017-11-01T13:48:10.000Z,0.003201,0xf2dbfad05b092826ce27af9e3cb859983e755434,sell,0xee609fe292128cad03b786dbb9bc2634ccdbe7fc,0xed21e4750b44263011b297cc7ac60de1acefda8cdc07a1e15783e159f46800b9
166,19.94206753799539,0.06383455818912324,0x732c7bd23a124c195a85799966a82a245b36f080,2017-11-01T13:26:11.000Z,0.003201,0xaaf2f5b0db5e3a604a69c7116cceda6d8b0c5a98,sell,0xee609fe292128cad03b786dbb9bc2634ccdbe7fc,0x0705639fada2ec0848942f54af325cb974282c3270823b3da88f64644b241bce
167,6.824596282226781,0.021852357295690152,0xc402dbb5420acd2654219935202a4ec3d8ec5ddb,2017-11-01T13:11:42.000Z,0.003202,0xd935ac4a38e7bae1b96194a99abdfc5b91690673,sell,0xee609fe292128cad03b786dbb9bc2634ccdbe7fc,0x15f9b1b60427fb3ca1cdffecc2ff36753dac094ab9f8b23b7a2858545ccfb29d
168,8.044865552417056,0.025759667543704963,0x69a0b8f0e64d39806b5d79eefb856c7bc8c00708,2017-11-01T13:08:17.000Z,0.003202001,0xd935ac4a38e7bae1b96194a99abdfc5b91690673,sell,0xee609fe292128cad03b786dbb9bc2634ccdbe7fc,0xde1686c001a44c211e2eca8ec86f4dcf8317a8adec3d27405bdb9f6dde963c42
169,12.959824543913866,0.0414973581896122,0xc402dbb5420acd2654219935202a4ec3d8ec5ddb,2017-11-01T13:08:17.000Z,0.003202,0xaa37312a451e7318867c383f8801d2c1787015fd,sell,0xee609fe292128cad03b786dbb9bc2634ccdbe7fc,0x5f83b9a0252895b23e65bac36eb73e09f8e5510666fb04e0d1bfccd39770b206
170,14.955134447582944,0.047886355456295035,0x69a0b8f0e64d39806b5d79eefb856c7bc8c00708,2017-11-01T12:52:23.000Z,0.003202001,0xe20054b84a9d8669d82b46bd6589ced36406fb9b,sell,0xee609fe292128cad03b786dbb9bc2634ccdbe7fc,0xa507cd91c02cdd60f4eb472fbc3795b9d6d142830e439b0ec72df1d657d4a7a2
171,13.88927524673512,0.04447345934004586,0xc402dbb5420acd2654219935202a4ec3d8ec5ddb,2017-11-01T12:49:44.000Z,0.003202,0x9db1ee70e0af0baca42d8b3361b032cbe10c4ba8,sell,0xee609fe292128cad03b786dbb9bc2634ccdbe7fc,0xb7bb38418071597d97a7f101a98e4edc3a921cc36be599f16603b4efbcf66d7d
172,170.556,0.546120312,0xc402dbb5420acd2654219935202a4ec3d8ec5ddb,2017-11-01T12:48:43.000Z,0.003202,0x9db1ee70e0af0baca42d8b3361b032cbe10c4ba8,sell,0xee609fe292128cad03b786dbb9bc2634ccdbe7fc,0x51a626f2a11d6f455f219b3cedc1ab0fda25c25d83010a91553e994781251de1
173,5,0.01601,0xc402dbb5420acd2654219935202a4ec3d8ec5ddb,2017-11-01T12:35:53.000Z,0.003202,0x2b47fca8ae934ad8e7b687258ad0ca95f062c20c,sell,0xee609fe292128cad03b786dbb9bc2634ccdbe7fc,0x778ef6a4882d6355681d983e9756bab60e77fce6dec696f0ebb95d82ecb6d7ec
174,29.912753466944128,0.0957806366011551,0xc402dbb5420acd2654219935202a4ec3d8ec5ddb,2017-11-01T12:35:03.000Z,0.003202,0x36c02d72d2534a2bfe7b135d0888ccb6f62827b6,sell,0xee609fe292128cad03b786dbb9bc2634ccdbe7fc,0xe36977cb30a8e5218058a23ab567384941ea68af6b572f49f19730fbc5df5af4
175,47.31684368525039,0.15620593562998505,0xe621b5e73fb3213e7eb3c27dd60d337d2d07e1e3,2017-11-01T12:33:48.000Z,0.0033012754753689874,0x45ff788556fd9a4b27349899f4f2235d4b1a5455,buy,0xee609fe292128cad03b786dbb9bc2634ccdbe7fc,0xb56388b28cf96c550cc111166792257824c656df59aac93a628ed2179ab7bf7a
176,0.000977579096840932,0.000003130208268084,0xc402dbb5420acd2654219935202a4ec3d8ec5ddb,2017-11-01T12:31:53.000Z,0.0032019999999993204,0x67d4129549f69793ba5a98bd6068dfafc28abd5b,sell,0xee609fe292128cad03b786dbb9bc2634ccdbe7fc,0x767c7e8698017cb42f27ccc714a4aebfaa83c65d286f738ba8e9dd26aa1acfe8
177,9.969095803010667,0.03192104476124016,0xc402dbb5420acd2654219935202a4ec3d8ec5ddb,2017-11-01T12:31:53.000Z,0.003202,0x523f53264684635ca0f9bf522692b27ca16481b2,sell,0xee609fe292128cad03b786dbb9bc2634ccdbe7fc,0x48417db8bc9c4d079fc52fdfe639edd2bebbe3c1ce664835090852877c1af4ef
178,24.922739507526668,0.07980261190310038,0xc402dbb5420acd2654219935202a4ec3d8ec5ddb,2017-11-01T12:30:58.000Z,0.003202,0x56fd6ad97cfeb09cb2ff6b94a31324e7de41d86c,sell,0xee609fe292128cad03b786dbb9bc2634ccdbe7fc,0x5840fb8c24b3ff812af4d43cba975f00cc7803f05d6577e275dbc806d200366e
179,9.806095920411385,0.031399119137157254,0xc402dbb5420acd2654219935202a4ec3d8ec5ddb,2017-11-01T12:30:27.000Z,0.003202,0x67d4129549f69793ba5a98bd6068dfafc28abd5b,sell,0xee609fe292128cad03b786dbb9bc2634ccdbe7fc,0x2fb59f332b22614e613bc95afc80070f381c9c9ce2119f586a3fc5a8493bc987
180,15.118150730045205,0.04841587771296976,0x1d0029dc900540f0b0bd955ae51b198774c4de0f,2017-11-01T12:28:50.000Z,0.0032025,0x67d4129549f69793ba5a98bd6068dfafc28abd5b,sell,0xee609fe292128cad03b786dbb9bc2634ccdbe7fc,0x4a5a7b57b0e94725ed43e0cc393a5429ba40f9e6319e06d366263feabe8e8605
181,39.87638321204267,0.12768417904496063,0xc402dbb5420acd2654219935202a4ec3d8ec5ddb,2017-11-01T12:12:42.000Z,0.003202,0x56b1ff706ea9b1a12d2b9937f6bd25461e0db451,sell,0xee609fe292128cad03b786dbb9bc2634ccdbe7fc,0xda16a50fa0fa7c2f3a0c77f46a7e5057522acb0bb74c0b68c78082ce4133f4a3
182,0.000000000034569344,0.000000000000110691,0xc402dbb5420acd2654219935202a4ec3d8ec5ddb,2017-11-01T12:09:49.000Z,0.003201998857716247,0x56b1ff706ea9b1a12d2b9937f6bd25461e0db451,sell,0xee609fe292128cad03b786dbb9bc2634ccdbe7fc,0xb5e7daa3f058c1721d95fc650a5abdbde1e014f1b1a769707028f1330ae91239
183,0.000000346765077215,0.000000001110341777,0xc402dbb5420acd2654219935202a4ec3d8ec5ddb,2017-11-01T12:06:46.000Z,0.0032019999993008813,0x56b1ff706ea9b1a12d2b9937f6bd25461e0db451,sell,0xee609fe292128cad03b786dbb9bc2634ccdbe7fc,0x4886db9a2ec6a09a9a76383b9ab0b61a0857ca15e15bc591349bfb50085aa8b6
184,0.003478400489536172,0.000011139577567739,0x1d0029dc900540f0b0bd955ae51b198774c4de0f,2017-11-01T12:04:27.000Z,0.00320249999999983,0x56b1ff706ea9b1a12d2b9937f6bd25461e0db451,sell,0xee609fe292128cad03b786dbb9bc2634ccdbe7fc,0x3f671417cdf596da23d009a56d89b1c11f78345b0f56a080b18e22577517464a
185,14.953643704516,0.04788904396371249,0x1d0029dc900540f0b0bd955ae51b198774c4de0f,2017-11-01T12:02:59.000Z,0.0032025,0xa154da02dcd375d942512263a178fdc9a73a7b53,sell,0xee609fe292128cad03b786dbb9bc2634ccdbe7fc,0xb9aeb765c8667edb463d03cdb751b16a4c7e07aa393d69f94f815023b33f6e54
186,115,0.3887,0xe621b5e73fb3213e7eb3c27dd60d337d2d07e1e3,2017-11-01T12:02:49.000Z,0.00338,0x8ac95ae34065f45de5e59c77e7523273e7d5e39f,buy,0xee609fe292128cad03b786dbb9bc2634ccdbe7fc,0xd30d16671469f9470c42c2f2235698133bebb26b19376d84a6aa7deb8aa5e3cf
187,24.92472716494926,0.07982143874575,0x1d0029dc900540f0b0bd955ae51b198774c4de0f,2017-11-01T12:02:14.000Z,0.0032025,0x3d25c06e6fc91a5ad6e81b91ddb1eae46ce72c97,sell,0xee609fe292128cad03b786dbb9bc2634ccdbe7fc,0x9c78abb01b068fcb7e77bd59863790fc34157bbe9326e3a9a114a1bb50c620a3
188,15,0.051,0x6086d973e49cbd211eb73eacf15ee9cad4f09190,2017-11-01T11:42:31.000Z,0.0034,0x65378ce4385c490a8827fcfd14dd732990d788e2,buy,0xee609fe292128cad03b786dbb9bc2634ccdbe7fc,0x3c6831e764d939d9fb2bb1a7583d4701d8c3838e3c82de570dba90d302ec2f19
189,20,0.07002,0x6086d973e49cbd211eb73eacf15ee9cad4f09190,2017-11-01T11:37:54.000Z,0.003501,0x3c2a8e33b1288506abb6fc69b000cc7723b7da63,buy,0xee609fe292128cad03b786dbb9bc2634ccdbe7fc,0xc74af0c670f229c9254818fee5a2f0ca0aa864016fd898c6bc2ff3ae9eaab647
190,29.909275066454594,0.0957694987627876,0xc402dbb5420acd2654219935202a4ec3d8ec5ddb,2017-11-01T11:34:48.000Z,0.003202,0xc6f004e13340ae659f5a731ab0f3d37ad0d35147,sell,0xee609fe292128cad03b786dbb9bc2634ccdbe7fc,0xd286057a340b978ae84506c39f4113a3dddeaa52606eb4062987e03ea580174f
191,9.969095803010667,0.03192104476124016,0xc402dbb5420acd2654219935202a4ec3d8ec5ddb,2017-11-01T11:34:11.000Z,0.003202,0x9ba8bbd5a41113c066b83f7cd0ec0474fb239bda,sell,0xee609fe292128cad03b786dbb9bc2634ccdbe7fc,0xcbd5d05fe31f919fe43fccea72d6296e66aa1d2a904eaf1acb6e202228fdf38f
192,30,0.09603,0x309da4ad891e21b1527af45a802fcaf97bd1e380,2017-11-01T11:34:11.000Z,0.003201,0xc7f2aeb3de4304c9cf9c82203e21138fec30123a,buy,0xee609fe292128cad03b786dbb9bc2634ccdbe7fc,0x68c7fad44fc5ca1bc152c830f0986706bf24932dbf89060ebed5065ecbbcdcc8
193,20.2,0.06464,0x309da4ad891e21b1527af45a802fcaf97bd1e380,2017-11-01T11:34:07.000Z,0.0032,0x166a795cba879bec8466d55d7945152319537408,buy,0xee609fe292128cad03b786dbb9bc2634ccdbe7fc,0x3e507db3bae20079e5c27e679c35b543e03d8aa6b61cacd6cfaee26ed2f7f756
194,39.87638321204267,0.12768417904496063,0xc402dbb5420acd2654219935202a4ec3d8ec5ddb,2017-11-01T11:31:36.000Z,0.003202,0x9f4503fafb941258f91de6a87bfe6086faa57004,sell,0xee609fe292128cad03b786dbb9bc2634ccdbe7fc,0xe89041f252e8eaf96fe9543773571d7c0640e367dc837fddc5eb22b06cde42b8
195,40,0.1356,0x1d0029dc900540f0b0bd955ae51b198774c4de0f,2017-11-01T11:29:17.000Z,0.00339,0x1bdb8adc0c51e7050f4b03f207947bab6c7b545a,buy,0xee609fe292128cad03b786dbb9bc2634ccdbe7fc,0x7e03d94d484dc4fa4868c3456473c91a938370ece6d5ff8d9eb705ac7fd9a6a7
196,29.91488866569263,0.0957874735075478,0xc402dbb5420acd2654219935202a4ec3d8ec5ddb,2017-11-01T11:28:09.000Z,0.003202,0xcb734fd46342bf1c9c01cda7509cff67612fd3c7,sell,0xee609fe292128cad03b786dbb9bc2634ccdbe7fc,0x1fc065b2bcdde4cc2aca79be7005cd6d25a8c52aebe6467035f9867b7f30d18b
197,174.96011591461544,0.5599073629499524,0x309da4ad891e21b1527af45a802fcaf97bd1e380,2017-11-01T11:14:58.000Z,0.0032002,0x1451dbe4304a60b5b25b4d98b355effd440417af,sell,0xee609fe292128cad03b786dbb9bc2634ccdbe7fc,0x18de331dd4cad014c430744dc6d1bb73bf2b5e6a87543920a1c7d5af4c0e6f77
198,19.939413210334973,0.06384600109949258,0xc402dbb5420acd2654219935202a4ec3d8ec5ddb,2017-11-01T11:13:11.000Z,0.003202,0x19db5d8e1b1a303af2a87e3ab306972aa790bb5b,sell,0xee609fe292128cad03b786dbb9bc2634ccdbe7fc,0x92571c8e741e6500e048f4f8ac30d47fa745f9b184ea146e566150b100a9de12
199,59.8155686467753,0.1915294508069745,0xc402dbb5420acd2654219935202a4ec3d8ec5ddb,2017-11-01T11:06:16.000Z,0.003202,0x1c2dab0bc25205e34c7787ccf5f20b9a20b0b410,sell,0xee609fe292128cad03b786dbb9bc2634ccdbe7fc,0x3f1ca88d23c816016ec5a5f6300616dfdeab35f3ae11f570b92ab54d3bc03e8a
200,49.845479015053336,0.15960522380620076,0xc402dbb5420acd2654219935202a4ec3d8ec5ddb,2017-11-01T11:04:17.000Z,0.003202,0xdd84a03532c6f638bc4f1e408b8cb61ad1c783fe,sell,0xee609fe292128cad03b786dbb9bc2634ccdbe7fc,0x116271d5702690b059d7be231bdd51548900fc98d16f4331441f9f22b9af9146
201,19,0.060838,0xc402dbb5420acd2654219935202a4ec3d8ec5ddb,2017-11-01T10:46:53.000Z,0.003202,0x3603576f910ac545006eadbfee5798202ed07a45,sell,0xee609fe292128cad03b786dbb9bc2634ccdbe7fc,0x9765fc21d3eb8b623848aa5b43515b15bb2ad1f20029fe4a7726fea185715e5b
202,38,0.121676,0xd9066c25e01fca3505c35ae6a8025767c08723b3,2017-11-01T10:43:53.000Z,0.003202,0x4fbfb25abd890be954a26a79059fc90cc1fe6838,buy,0xee609fe292128cad03b786dbb9bc2634ccdbe7fc,0x5fffc49bfee8ccba2f7996fc0978f2165b4b8766ba416039bb8709a2c6e0c428
203,9.985,0.03197197,0xd9066c25e01fca3505c35ae6a8025767c08723b3,2017-11-01T10:41:33.000Z,0.003202,0x73abeb9313ecdcb3073adcf4a9d8f9eec631ebe1,buy,0xee609fe292128cad03b786dbb9bc2634ccdbe7fc,0x49b159b9783091b29fe07d09210b07fd1d98340dffab1338c774c7b4bf13e314
204,44.860931113548,0.1436447014255807,0xc402dbb5420acd2654219935202a4ec3d8ec5ddb,2017-11-01T10:35:01.000Z,0.003202,0xff22590e7f4a33ad470fe428530a93a54dd3e2f0,sell,0xee609fe292128cad03b786dbb9bc2634ccdbe7fc,0x9753e22502545c54773974e8d0d3c98ebc46533da913a44192d23b32a0651d43
205,15.04483590640298,0.04817356457230234,0xc402dbb5420acd2654219935202a4ec3d8ec5ddb,2017-11-01T10:28:39.000Z,0.003202,0xe386eebeb7212bad789a000f57701c15197610e1,sell,0xee609fe292128cad03b786dbb9bc2634ccdbe7fc,0x118d29aabb8c2c42a5fbf94ebc64ac855755920e827e2116b4ba36b65966d0f2
206,24.926715020523325,0.07981534149571569,0xc402dbb5420acd2654219935202a4ec3d8ec5ddb,2017-11-01T10:25:49.000Z,0.003202,0x670563c34b7889e9a6aa2f4fdb7d95a2f0ddeef6,sell,0xee609fe292128cad03b786dbb9bc2634ccdbe7fc,0xca7881a3d8ee8ec8231425c1a6844d404fd8282fdf96cd3a9b0fe8d3fa80ffe8
207,14.953643704516,0.04788156714186023,0xc402dbb5420acd2654219935202a4ec3d8ec5ddb,2017-11-01T10:23:51.000Z,0.003202,0x3440ea9be618f50e9e0199469a5946d1721f9bd6,sell,0xee609fe292128cad03b786dbb9bc2634ccdbe7fc,0xd28000cc32035b3589af96cd0c371df10ca441bfd30bbb6ceecfa46abeb1a7aa
208,3,0.009606,0xd9066c25e01fca3505c35ae6a8025767c08723b3,2017-11-01T10:22:30.000Z,0.003202,0xbdc1e8a238572e8e282b791e993f571bf8640d83,buy,0xee609fe292128cad03b786dbb9bc2634ccdbe7fc,0x4cf46a73ba9f191bae71d206e11d55488480cee280cf89839dfb195336032c51
209,57.322300867311334,0.1835460073771309,0xc402dbb5420acd2654219935202a4ec3d8ec5ddb,2017-11-01T10:16:52.000Z,0.003202,0xe2e53a44f71aaa1d2aa0f81dd3963f41efdfcb77,sell,0xee609fe292128cad03b786dbb9bc2634ccdbe7fc,0x00f05c28b2a1d44dbb596be7d2800e7f5b54d7b87c5fae9541a411824c565577
210,25,0.08,0xd9066c25e01fca3505c35ae6a8025767c08723b3,2017-11-01T10:13:27.000Z,0.0032,0xd8a4730d956e1b1084d97812d9236426f92a042c,buy,0xee609fe292128cad03b786dbb9bc2634ccdbe7fc,0x7e649b279f62761240b3667c0535696c6d78733a9f60464ab6ef8d138dca33c6
211,39.87638321204267,0.12768417904496063,0xc402dbb5420acd2654219935202a4ec3d8ec5ddb,2017-11-01T10:10:29.000Z,0.003202,0x95320ba63ad84d5b255eeb2d6300790a742facdb,sell,0xee609fe292128cad03b786dbb9bc2634ccdbe7fc,0x3291a6b582974cb1f5228449d07bf4238dcdf787cd151d3cc1b2ed31b050ad53
212,14.955631361938593,0.047887931620927374,0xc402dbb5420acd2654219935202a4ec3d8ec5ddb,2017-11-01T10:07:33.000Z,0.003202,0x28bfce290ec67e9d05817317e0706cab8f4612e1,sell,0xee609fe292128cad03b786dbb9bc2634ccdbe7fc,0xc68676e2a2efa03853e2207335f226fb656331442a18659017e5bc7c0135f1a9
213,87,0.27840087,0x5557b21d19f17ea5225c76cb03327129278fd0f4,2017-11-01T10:04:35.000Z,0.00320001,0xd9066c25e01fca3505c35ae6a8025767c08723b3,sell,0xee609fe292128cad03b786dbb9bc2634ccdbe7fc,0x55f70f782bea25b09b9f2110c80d19a269eec162ec8e6909709880efe2abd98c
214,12.22262068057803,0.04741007890548051,0xd9066c25e01fca3505c35ae6a8025767c08723b3,2017-11-01T09:59:11.000Z,0.00387888,0x732c7bd23a124c195a85799966a82a245b36f080,buy,0xee609fe292128cad03b786dbb9bc2634ccdbe7fc,0x2f95e6f5aaf4275b3d895cae1f46e2b4c476a37f4c6110781c6bc9d144ca55fc
215,20,0.07,0xd9066c25e01fca3505c35ae6a8025767c08723b3,2017-11-01T09:57:36.000Z,0.0035,0xe7952c2991a9a4dfe15e39aa9d40fabdb4912aa4,buy,0xee609fe292128cad03b786dbb9bc2634ccdbe7fc,0xf1be7f09471babb1dab7e35a1f3cfef3ef8b7b2c52c69653a134ad803913675c
216,0.000000000000005417,0.000000000000000017,0x309da4ad891e21b1527af45a802fcaf97bd1e380,2017-11-01T09:55:28.000Z,0.0031382684142514305,0x95320ba63ad84d5b255eeb2d6300790a742facdb,sell,0xee609fe292128cad03b786dbb9bc2634ccdbe7fc,0x01dd33a6dd2cd7755980c6619a274f7000a5be4d1542420390dbe9df6c6facf8
217,100,0.39,0x307e1218e7b34a16afa587e405c953299b25894e,2017-11-01T09:51:48.000Z,0.0039,0xf33bc464fb8a61db1d8cce0c22dad4f833fabb2a,buy,0xee609fe292128cad03b786dbb9bc2634ccdbe7fc,0x832df0bf74b47c8d913b60ec4f7da98d685d182432724f5a368fa37f9e5fe906
218,0.000000000054323253,0.000000000000173834,0x5557b21d19f17ea5225c76cb03327129278fd0f4,2017-11-01T09:50:46.000Z,0.0031999924599508058,0x95320ba63ad84d5b255eeb2d6300790a742facdb,sell,0xee609fe292128cad03b786dbb9bc2634ccdbe7fc,0xd52cf7bf8ba8134922fcdd465eec3385b1d06ba8540fc07e16a9086d2c24cc21
219,0.000000544916549909,0.000000001743732959,0x309da4ad891e21b1527af45a802fcaf97bd1e380,2017-11-01T09:49:50.000Z,0.0031999999986992503,0x95320ba63ad84d5b255eeb2d6300790a742facdb,sell,0xee609fe292128cad03b786dbb9bc2634ccdbe7fc,0x267b51a65f49d1bc35f2af6e6d50966f8820617d857c835a9ac8eb569c5bf4a0
220,0.00546605791212827,0.000017491439979389,0x5557b21d19f17ea5225c76cb03327129278fd0f4,2017-11-01T09:47:37.000Z,0.003200009999999893,0x95320ba63ad84d5b255eeb2d6300790a742facdb,sell,0xee609fe292128cad03b786dbb9bc2634ccdbe7fc,0x5994d025719a40f66a675f2d97dc254c7c0deab6285d234548a65580de38c13b
221,25,0.09699995,0xd9066c25e01fca3505c35ae6a8025767c08723b3,2017-11-01T09:46:02.000Z,0.003879998,0x55c6afe9031ce70ecc400d5adf9d5b86690a1b5d,buy,0xee609fe292128cad03b786dbb9bc2634ccdbe7fc,0x563db190c814deb7a86bc968ac2e6c779e3b01252f43b771cf9175ad4b667a82
222,30,0.114,0xd9066c25e01fca3505c35ae6a8025767c08723b3,2017-11-01T09:44:19.000Z,0.0038,0x732c7bd23a124c195a85799966a82a245b36f080,buy,0xee609fe292128cad03b786dbb9bc2634ccdbe7fc,0x2df983a7f9ee4bf8b0eb2dbb572653742670f78f80aa415b9d0a8ade59d7fc18
223,54.830026916558666,0.17545608613298774,0x309da4ad891e21b1527af45a802fcaf97bd1e380,2017-11-01T09:43:07.000Z,0.0032,0xa3d1ed43ba62d61a8687130770dda943dc7b59bd,sell,0xee609fe292128cad03b786dbb9bc2634ccdbe7fc,0x911b7c5a6d75b60133ed71a83f2872d244ba08d943fa528f2631671db76b7461
224,38.855547801814375,0.124337752965806,0x309da4ad891e21b1527af45a802fcaf97bd1e380,2017-11-01T09:41:26.000Z,0.0032,0x4867518dc012031dd6b9068463c096d98a59d2c7,sell,0xee609fe292128cad03b786dbb9bc2634ccdbe7fc,0x90f7f38cba3715590e0a552afe617c3e7a31fdadd4e31a388f8b38902ea8a785
225,108,0.3294,0xe621b5e73fb3213e7eb3c27dd60d337d2d07e1e3,2017-11-01T09:41:10.000Z,0.00305,0xd9066c25e01fca3505c35ae6a8025767c08723b3,sell,0xee609fe292128cad03b786dbb9bc2634ccdbe7fc,0xf06166faf3da82b8ec72c65525f266a81631b599142e6e02a1f4c76d620b3f42
226,14.953643704516,0.0478516598544512,0x309da4ad891e21b1527af45a802fcaf97bd1e380,2017-11-01T09:40:36.000Z,0.0032,0xc06d1aa2f5f3dba9ccc0d294f623a6c26e11f5d8,sell,0xee609fe292128cad03b786dbb9bc2634ccdbe7fc,0x523dec978dbe6760e071f1967b056e1a8a63a842c69cd5799d4ce3ca249374ce
227,42.3,0.13113,0xc402dbb5420acd2654219935202a4ec3d8ec5ddb,2017-11-01T09:34:26.000Z,0.0031,0xded4e66fba192b369cd459966dc21f9e93cd29bb,sell,0xee609fe292128cad03b786dbb9bc2634ccdbe7fc,0xef3f2a4aa806fae0717b398c5e57e96fb22bf5acae204ba6956076f45ec26002
228,15,0.0582,0xe621b5e73fb3213e7eb3c27dd60d337d2d07e1e3,2017-11-01T09:26:07.000Z,0.00388,0x9d3aeaca91a54a6b4588d2821ea105521ab0a4d3,buy,0xee609fe292128cad03b786dbb9bc2634ccdbe7fc,0xaa5e691c69794155b0d711ab17c20dec1ecbbdaffad762e9a438a0a796e471de
229,15,0.054,0xe621b5e73fb3213e7eb3c27dd60d337d2d07e1e3,2017-11-01T09:25:29.000Z,0.0036,0x40f3a355c57c73e8f578e025564aa06d72cf4242,buy,0xee609fe292128cad03b786dbb9bc2634ccdbe7fc,0xebaf892dde3b24f7bd5f2ec79d4159f77deec0623edd0066b501706406e72781
230,17.005,0.061218,0xe621b5e73fb3213e7eb3c27dd60d337d2d07e1e3,2017-11-01T09:24:17.000Z,0.0036,0x309da4ad891e21b1527af45a802fcaf97bd1e380,buy,0xee609fe292128cad03b786dbb9bc2634ccdbe7fc,0x6cb0b7ec0a8a315ce3193d70a3a87149640bc676f438af63c5f29c1e9a6f8031
231,13,0.05005,0xe621b5e73fb3213e7eb3c27dd60d337d2d07e1e3,2017-11-01T09:24:17.000Z,0.00385,0x1c9e97a757f4176bc4269b51f6ed630617e522b7,buy,0xee609fe292128cad03b786dbb9bc2634ccdbe7fc,0x326b850e589596919cefc3e886815546b0ede58e34aa86e57608c5d40791d3e0
232,262.9945289944692,0.9467803043800891,0xe621b5e73fb3213e7eb3c27dd60d337d2d07e1e3,2017-11-01T09:21:02.000Z,0.0036,0x309da4ad891e21b1527af45a802fcaf97bd1e380,buy,0xee609fe292128cad03b786dbb9bc2634ccdbe7fc,0x270cd983c6f6aef1736bc56b3c78d0292684c0798822cfb4fe8c07833051237a
233,18,0.06309,0xe621b5e73fb3213e7eb3c27dd60d337d2d07e1e3,2017-11-01T09:20:14.000Z,0.003505,0x309da4ad891e21b1527af45a802fcaf97bd1e380,buy,0xee609fe292128cad03b786dbb9bc2634ccdbe7fc,0x780c35bc00c3c86aef01c12fc3c5e92b71f15fb3a3ef6a236519dc68a54dc958
234,7.975773556764182,0.02472490600174252,0xc402dbb5420acd2654219935202a4ec3d8ec5ddb,2017-11-01T09:14:21.000Z,0.003100001,0xe917683dfee2422fe51d431b6fc694e105aa687d,sell,0xee609fe292128cad03b786dbb9bc2634ccdbe7fc,0xf71f274b646a1f6732d8446bec3cca157f67403f1ee650872092f86f4691ae1d
235,11.829089821553184,0.03667019027590469,0xc402dbb5420acd2654219935202a4ec3d8ec5ddb,2017-11-01T09:12:59.000Z,0.003100001,0x525efb3088eb2d72c686ba82e72c6e0f6484c4e2,sell,0xee609fe292128cad03b786dbb9bc2634ccdbe7fc,0xc6e44dc055e9e376eb77b8a1ea330a80a15acded309c0d6c3ff435a3b76ad772
236,18.08,0.05604803616,0xd8be615ede64e49ec0894b3eeaa7f48f125e2043,2017-11-01T09:11:07.000Z,0.003100002,0x525efb3088eb2d72c686ba82e72c6e0f6484c4e2,sell,0xee609fe292128cad03b786dbb9bc2634ccdbe7fc,0xfabecc9cc2c235977f3abdab8c8f9121f5408165a0b9720d1b483cef848e9f00
237,82,0.28741,0xc9909dbde253ca326b1df81f08ab776b5f01c42f,2017-11-01T09:11:07.000Z,0.003505,0x309da4ad891e21b1527af45a802fcaf97bd1e380,buy,0xee609fe292128cad03b786dbb9bc2634ccdbe7fc,0x4ca963d0a9b3790729653182cf6a3203051d9ae039c6cac892edd93419fc6cde
238,12.959824543913866,0.040175482005782075,0xd8be615ede64e49ec0894b3eeaa7f48f125e2043,2017-11-01T09:03:11.000Z,0.003100002,0x1fc0c80307ae4105764b7446464dee7b0cd03651,sell,0xee609fe292128cad03b786dbb9bc2634ccdbe7fc,0xef7bd9f784d39ca2297e90e20366ebf9121197838c61981546ae2b355769a377
239,57.820755657461866,0.17924440035888745,0xc402dbb5420acd2654219935202a4ec3d8ec5ddb,2017-11-01T09:02:11.000Z,0.003100001,0x499956a22681fdf6f721942b6a89d5af0e59baa2,sell,0xee609fe292128cad03b786dbb9bc2634ccdbe7fc,0xea3da81375a9251d99fa4a2fe8402d41fd4883f5c4cabbd7b88fc7aa54363e0a
240,12.959824543913866,0.040175482005782075,0xd8be615ede64e49ec0894b3eeaa7f48f125e2043,2017-11-01T08:59:50.000Z,0.003100002,0xdc27524165fbaf272fbd3e11be15a7b9f3ac6c43,sell,0xee609fe292128cad03b786dbb9bc2634ccdbe7fc,0x1c570a1d41b2e11e44736b54db328effd3f2fc124ca0eb02e273b3961dffd0e4
241,74.58890538721847,0.23122560670037726,0xc402dbb5420acd2654219935202a4ec3d8ec5ddb,2017-11-01T08:56:49.000Z,0.0031,0x087c172696900e8bff0189f2979ed230d586ea45,sell,0xee609fe292128cad03b786dbb9bc2634ccdbe7fc,0x43a318530d3595fa8f356716266c908f9c388a5de4e99d5ca04133c52e43323a
242,14.953643704516,0.04635631043764331,0xc402dbb5420acd2654219935202a4ec3d8ec5ddb,2017-11-01T08:46:05.000Z,0.003100001,0x51d332435a6cda41a180dd52bf6931d62fbf4e82,sell,0xee609fe292128cad03b786dbb9bc2634ccdbe7fc,0xc07c32bbdb8aaa02da5aeeadccdc2ae96ab14fea286e04cb812ad627cac53897
243,35.998,0.111593835998,0xc402dbb5420acd2654219935202a4ec3d8ec5ddb,2017-11-01T08:46:00.000Z,0.003100001,0x5351ed65ea96588e2c55caf4abfd10fe3548540e,sell,0xee609fe292128cad03b786dbb9bc2634ccdbe7fc,0xe5ac413a498f6aef9361145ccdaa63d24e65c010751c17f3ef1e6bec90e594ab
244,100,0.3100002,0x3fc71995d19ea3769bf21b5b53e8c9eb94ca19e1,2017-11-01T08:42:50.000Z,0.003100002,0x5351ed65ea96588e2c55caf4abfd10fe3548540e,sell,0xee609fe292128cad03b786dbb9bc2634ccdbe7fc,0x3b51105705239add0ee14361d106d9f0bb57d6298904c8d09c8cbe08b1d72991
245,21.79694005384485,0.06757055776079914,0x309da4ad891e21b1527af45a802fcaf97bd1e380,2017-11-01T08:41:34.000Z,0.003100002,0x5351ed65ea96588e2c55caf4abfd10fe3548540e,sell,0xee609fe292128cad03b786dbb9bc2634ccdbe7fc,0x2be599ca8a4311262b519b3901f027cfe230da7c29e6482ac6a3a1db232f7e02
246,47.8516598544512,0.14834024125211842,0x309da4ad891e21b1527af45a802fcaf97bd1e380,2017-11-01T08:40:39.000Z,0.003100002,0x004d9c456b5a8f3ad9ff1f524e416663040c995a,sell,0xee609fe292128cad03b786dbb9bc2634ccdbe7fc,0xde168208d253ad580f31da9f43ba7e66246bd9ad6480f2d7ad756851c22eb6a5
247,175.45608613298774,0.5439142179244343,0x309da4ad891e21b1527af45a802fcaf97bd1e380,2017-11-01T08:34:24.000Z,0.003100002,0x90aad56da23a48591d79a9873b3bd4d9e2dde91f,sell,0xee609fe292128cad03b786dbb9bc2634ccdbe7fc,0x615290b6ae71871f355d18c410bd30ba4248df91f28560b837647ee999efd08f
248,19.94167025420021,0.061819217671361164,0x309da4ad891e21b1527af45a802fcaf97bd1e380,2017-11-01T08:33:06.000Z,0.003100002,0x662e0d6303ee08eb8989f945571c5ae53f461a25,sell,0xee609fe292128cad03b786dbb9bc2634ccdbe7fc,0x7155a3d444ed9ce74ffab458f481a15c4d4c1c1fd45eab546360e3839cc031d2
249,0.00360389335003695,0.000013947067264643,0x71a3eabaf8f28bb918f6856ed433096773e1cc44,2017-11-01T08:21:35.000Z,0.003870000000000001,0x857e45dc2761c2afd46b28508768fa14652e4021,buy,0xee609fe292128cad03b786dbb9bc2634ccdbe7fc,0x99bb63d4a729d24d5b5af8bfa077c581c48af9878eca5f46cc2f4d5c9819f015
250,14.953643704516,0.04635632539128701,0x309da4ad891e21b1527af45a802fcaf97bd1e380,2017-11-01T08:19:13.000Z,0.003100002,0x6814908ffe738c3f729385d38621e8933832ce8b,sell,0xee609fe292128cad03b786dbb9bc2634ccdbe7fc,0xb94208051d705661ef3bdeb76657328312d0ea90ac4ad34febd7e26bf11bfbed
251,8,0.0304,0x66d1f96a84f189ede13d9ec240cdf8033f87bfd2,2017-11-01T08:17:56.000Z,0.0038,0x4867518dc012031dd6b9068463c096d98a59d2c7,sell,0xee609fe292128cad03b786dbb9bc2634ccdbe7fc,0x290393bbdab4e164d94582d7ae00b5cf1ba71b2799a76634f19e04e6040a0c4e
252,30.006978367062107,0.0930216629448709,0xc402dbb5420acd2654219935202a4ec3d8ec5ddb,2017-11-01T08:13:46.000Z,0.003100001,0x3ed5ab3de43a93a8e444945c45f6d4fe322a6608,sell,0xee609fe292128cad03b786dbb9bc2634ccdbe7fc,0x6256c779142ad1f70f8152c043611dc4c3a3e651cb375b236347e648e3ce8579
253,14.953643733863633,0.04635631052862099,0xc402dbb5420acd2654219935202a4ec3d8ec5ddb,2017-11-01T08:08:41.000Z,0.003100001,0xbf6319fce9ad45fce00de1b92aef1bb8e997b342,sell,0xee609fe292128cad03b786dbb9bc2634ccdbe7fc,0x89a8bacbe08376a356d317f9d500e350b6c83b8be36cbcef682d92cb91c25611
254,0.000294386090750914,0.000000912597175713,0xc402dbb5420acd2654219935202a4ec3d8ec5ddb,2017-11-01T08:04:37.000Z,0.003100000999996861,0xbf6319fce9ad45fce00de1b92aef1bb8e997b342,sell,0xee609fe292128cad03b786dbb9bc2634ccdbe7fc,0x8b061c66ad755f1a81a88f8ed01b1abe0edf238aefaa5eba37dcdd2e1fd8903a
255,59.81705938984224,0.18543294392557033,0xc402dbb5420acd2654219935202a4ec3d8ec5ddb,2017-11-01T07:58:50.000Z,0.003100001,0x4408530f567419feceeb8472db72596354c3bdfd,sell,0xee609fe292128cad03b786dbb9bc2634ccdbe7fc,0x9e6cb6cea37a8e99367850496ee79e081c295a7cb8f84d1c0d297500e5e98233
256,24.922739507526668,0.07726051739607218,0xc402dbb5420acd2654219935202a4ec3d8ec5ddb,2017-11-01T07:50:46.000Z,0.003100001,0x48b7ec299387f17fb9fd1aea979f33306bae576e,sell,0xee609fe292128cad03b786dbb9bc2634ccdbe7fc,0xa74ffd3371ac7dfb41e76e1b4da77113e551298e7d7527ae82a90b5a44c19d78
257,35.647797986082004,0.11050820940465221,0xc402dbb5420acd2654219935202a4ec3d8ec5ddb,2017-11-01T07:46:42.000Z,0.003100001,0xffd84530db27cc11d3ebf2b4854e3b2b53609a7e,sell,0xee609fe292128cad03b786dbb9bc2634ccdbe7fc,0xf91c9f73129c7551064908a800cdd6692a46de5aaf5b9184522db4548777e534
258,74.2138448071471,0.2374843033828707,0xe621b5e73fb3213e7eb3c27dd60d337d2d07e1e3,2017-11-01T07:45:08.000Z,0.0032,0xffd84530db27cc11d3ebf2b4854e3b2b53609a7e,sell,0xee609fe292128cad03b786dbb9bc2634ccdbe7fc,0xb0f55e5c2800ca1cbe30b43e7880c24550bf9ac00ecbe0359e670a1fc6cb5b92
259,7.9752766424085335,0.025520885255707306,0xe621b5e73fb3213e7eb3c27dd60d337d2d07e1e3,2017-11-01T07:44:23.000Z,0.0032,0x8d54a3c33f214b2a77e1a321771b70673c0049e1,sell,0xee609fe292128cad03b786dbb9bc2634ccdbe7fc,0xc0d6fb4011e2251b56a99ad610944936ea62895e559be9c04acc764ec43fb5b7
260,17.9443724454192,0.05742199182534144,0xe621b5e73fb3213e7eb3c27dd60d337d2d07e1e3,2017-11-01T07:41:35.000Z,0.0032,0x9bf2ff08b372261c0dfd13c766ba1ff57550d6a2,sell,0xee609fe292128cad03b786dbb9bc2634ccdbe7fc,0x362ac822333b92058184175b465ae14b57a75670d40585aa4873cb5797d19503
261,7.977761214186773,0.025528835885397675,0xe621b5e73fb3213e7eb3c27dd60d337d2d07e1e3,2017-11-01T07:28:06.000Z,0.0031999999999999997,0x9664ed0820a10e95851480b9821532994b7bd9d1,sell,0xee609fe292128cad03b786dbb9bc2634ccdbe7fc,0x46d538abcdfbec1e6ae67ee54015d175a44b4eb4427a7a35bb13f863c218d78a
262,25,0.1,0xc402dbb5420acd2654219935202a4ec3d8ec5ddb,2017-11-01T07:26:46.000Z,0.004,0x9364a39e67c8644a28fa8c5471a5ad8f91a616df,buy,0xee609fe292128cad03b786dbb9bc2634ccdbe7fc,0xea78e66a3c955d090a4ba43e954d1014f415a3accbb4a265fa2fbb5a1d3d3ca0
263,19.938191606021334,0.05782075565746187,0xe6a1144b1c42cf79cac48159339f21894d0efa06,2017-11-01T07:26:05.000Z,0.0029,0x47bb7b32aa66986c2fb5f4afb26aefe218d99d02,sell,0xee609fe292128cad03b786dbb9bc2634ccdbe7fc,0x67f6088b756580d573885fd2fbfefcf40a8e77fedd866970eb9f2a61279d424e
264,30.2,0.1208,0xc402dbb5420acd2654219935202a4ec3d8ec5ddb,2017-11-01T07:25:17.000Z,0.004,0x7496747f049d0e2d5ad03f8880e1f2247bbdc97d,buy,0xee609fe292128cad03b786dbb9bc2634ccdbe7fc,0x31f01c4fec8bdf2aba28f74cc347462a6ab1db14c52766d94fc06a65b6c822dd
265,60,0.24,0xc402dbb5420acd2654219935202a4ec3d8ec5ddb,2017-11-01T07:24:30.000Z,0.004,0x4d518fed90f4e190c2c12c6c729fdcbee7e5347c,buy,0xee609fe292128cad03b786dbb9bc2634ccdbe7fc,0x1245f7f5e16216e2955e725d40aa560ecd77714f9853e12561a140332d13dbbb
266,46,0.184,0xc402dbb5420acd2654219935202a4ec3d8ec5ddb,2017-11-01T07:21:26.000Z,0.004,0xf51a629ba664517e56de5c928653b197c4dadcac,buy,0xee609fe292128cad03b786dbb9bc2634ccdbe7fc,0x80f0bdb00b77082c3a32d954277d8c1ed50bd605dc85d4978fdad7eecca3266b
267,0.000000218745156,0.000000000874980624,0xd9066c25e01fca3505c35ae6a8025767c08723b3,2017-11-01T07:12:21.000Z,0.004,0x71871f8d560b0ed56d657211f68d6654db65c2dd,buy,0xee609fe292128cad03b786dbb9bc2634ccdbe7fc,0xa6bf10be7fc2342f90da1629b42f3810ccf9ad67be6c0104fb68f3bd74a4b86a
268,397,1.6674,0xc402dbb5420acd2654219935202a4ec3d8ec5ddb,2017-11-01T07:12:09.000Z,0.0042,0xdc12a30aeefea6c719fdd07b7227e74ee8eba011,buy,0xee609fe292128cad03b786dbb9bc2634ccdbe7fc,0x259f13c35dc12b434850f61cce03f8504ec4394f0b3501cea13f5cac5271283b
269,89,0.3471,0xe621b5e73fb3213e7eb3c27dd60d337d2d07e1e3,2017-11-01T07:11:46.000Z,0.0039,0x549d163be1135f593f5950d63f2d1d1676b895e5,buy,0xee609fe292128cad03b786dbb9bc2634ccdbe7fc,0x7646684d1b6e37417797904ec6c20bbde723e2dcd5b59fc01a3c80681d2be829
270,0.0021942326580395,0.000008776930632158,0xd9066c25e01fca3505c35ae6a8025767c08723b3,2017-11-01T07:10:15.000Z,0.004,0x71871f8d560b0ed56d657211f68d6654db65c2dd,buy,0xee609fe292128cad03b786dbb9bc2634ccdbe7fc,0x99ba36d1dfbf82bccd016da2a548a14ab0002a68088049cfa89bd79e8919dbec
271,19.938191606021334,0.06380221313926827,0xe621b5e73fb3213e7eb3c27dd60d337d2d07e1e3,2017-11-01T07:09:27.000Z,0.0032,0xa710cc2c8fbf4382243b87f9850468611aa0db9a,sell,0xee609fe292128cad03b786dbb9bc2634ccdbe7fc,0xc94c6aa5a4044284c38f4ec10d0a583e35f1041467e99adc53d7a69f1b1a8d52
272,22.01034779279195,0.0880413911711678,0xd9066c25e01fca3505c35ae6a8025767c08723b3,2017-11-01T07:09:27.000Z,0.004,0x71871f8d560b0ed56d657211f68d6654db65c2dd,buy,0xee609fe292128cad03b786dbb9bc2634ccdbe7fc,0x708a25a458684aa501a0ecfe54230be4a14e78723fff2b4422c5f80512d0c020
273,15,0.06,0xd9066c25e01fca3505c35ae6a8025767c08723b3,2017-11-01T07:08:16.000Z,0.004,0x4ef101828052e3b1340145926be230bda53e112b,buy,0xee609fe292128cad03b786dbb9bc2634ccdbe7fc,0xbf06a5aada88e2b081560fc773938345c0c1e76d3bbfcdb857af38085627c50b
274,10,0.04,0xd9066c25e01fca3505c35ae6a8025767c08723b3,2017-11-01T07:07:23.000Z,0.004,0x229f306b07b276acacf8c405757ab49423b36d70,buy,0xee609fe292128cad03b786dbb9bc2634ccdbe7fc,0x542065619b554cbd196e4cf0a389c5658d919aa8f4a8eb33fc29e5a9d97ff743
275,7.9752766424085335,0.025520885255707306,0xe621b5e73fb3213e7eb3c27dd60d337d2d07e1e3,2017-11-01T07:07:23.000Z,0.0032,0xfccdaf1429397433fc6ba1a952c9b74fb9eae680,sell,0xee609fe292128cad03b786dbb9bc2634ccdbe7fc,0x0fe132bdf0605520c182f7ed36332eceef33ae1bbfb0b21bb209da0893049a7d
276,3,0.012,0xd9066c25e01fca3505c35ae6a8025767c08723b3,2017-11-01T07:06:25.000Z,0.004,0x1125feecfcb7576c795cfd094ba5a1a0c6fbb799,buy,0xee609fe292128cad03b786dbb9bc2634ccdbe7fc,0x49ef54bb50b4c316f6d58f1cd61df528214c0c5eeb848190831a28998f0cda10
277,33,0.13167,0xd9066c25e01fca3505c35ae6a8025767c08723b3,2017-11-01T07:06:06.000Z,0.00399,0x6d7ff4d014737ade242c42294de9cc8c6d4e2643,buy,0xee609fe292128cad03b786dbb9bc2634ccdbe7fc,0x08d7c494490e6ec02c160e896f1cb6a66fafd7052cc44fcc4c284309c8b94439
278,25,0.0995,0xd9066c25e01fca3505c35ae6a8025767c08723b3,2017-11-01T07:05:20.000Z,0.00398,0xa8c61c6ca38b794d1889939d6a43bbaa544759af,buy,0xee609fe292128cad03b786dbb9bc2634ccdbe7fc,0x0789bcd282940fb5c85e6df8e03e85701133df2bd838c45b448fbf3694577085
279,63,0.249354441,0xe621b5e73fb3213e7eb3c27dd60d337d2d07e1e3,2017-11-01T07:03:01.000Z,0.003958007,0x5d36c8665f9afee5bef11d8923d6f2a474d4e733,buy,0xee609fe292128cad03b786dbb9bc2634ccdbe7fc,0x03e236db1b24dbc78e01bf6a0c96611664a322a60f0439ed7f4c1619b3c0bfa7
280,7.9752766424085335,0.025520885255707306,0xe621b5e73fb3213e7eb3c27dd60d337d2d07e1e3,2017-11-01T07:01:24.000Z,0.0032,0x215c7d0aa8a467768f37efccf22298ea4a14f244,sell,0xee609fe292128cad03b786dbb9bc2634ccdbe7fc,0x7626077af63def407f408e618d450fe7dce240472e1cb9b1833e39d30fd4682c
281,128,0.3968,0xe621b5e73fb3213e7eb3c27dd60d337d2d07e1e3,2017-11-01T07:01:24.000Z,0.0031,0xd9066c25e01fca3505c35ae6a8025767c08723b3,sell,0xee609fe292128cad03b786dbb9bc2634ccdbe7fc,0x73987b90aeb7d26da455567c42f8b7e53cf913bbfbd0271c0e64698281312eb3
282,7.9752766424085335,0.025520885255707306,0xe621b5e73fb3213e7eb3c27dd60d337d2d07e1e3,2017-11-01T07:01:05.000Z,0.0032,0x215c7d0aa8a467768f37efccf22298ea4a14f244,sell,0xee609fe292128cad03b786dbb9bc2634ccdbe7fc,0x7626077af63def407f408e618d450fe7dce240472e1cb9b1833e39d30fd4682c
283,98.944,0.3915906688,0xd9066c25e01fca3505c35ae6a8025767c08723b3,2017-11-01T06:59:54.000Z,0.0039577,0x44bd8745ab637cad4fcd384fb3e72dad9ff5e627,buy,0xee609fe292128cad03b786dbb9bc2634ccdbe7fc,0x2467d312d7fbab78706755c158ecc666c7ba27db06f883e0e1412cb894805c49
284,124,0.3844,0xe621b5e73fb3213e7eb3c27dd60d337d2d07e1e3,2017-11-01T06:59:07.000Z,0.0031,0xd9066c25e01fca3505c35ae6a8025767c08723b3,sell,0xee609fe292128cad03b786dbb9bc2634ccdbe7fc,0xfd530e3afbcfe144c67161afb22deeea6715cbefb714e5fde1ab5f2428df2bcb
285,30,0.118731,0xd9066c25e01fca3505c35ae6a8025767c08723b3,2017-11-01T06:58:29.000Z,0.0039577,0x44bd8745ab637cad4fcd384fb3e72dad9ff5e627,buy,0xee609fe292128cad03b786dbb9bc2634ccdbe7fc,0x69949051cdfe5b3a5500b74bad85f0a8af7a1a4f76106498a6553de43f12e169
286,10,0.0395,0xd9066c25e01fca3505c35ae6a8025767c08723b3,2017-11-01T06:57:36.000Z,0.00395,0x2756ccfe1f1ec0a7a7be8f8e2593165eb2b33fc3,buy,0xee609fe292128cad03b786dbb9bc2634ccdbe7fc,0x1c01b02bab429d5e629557d26d45ef4531ab30bd67e5606866f71d8045aeae05
287,204,0.80722596,0xe621b5e73fb3213e7eb3c27dd60d337d2d07e1e3,2017-11-01T06:56:43.000Z,0.00395699,0x2ce14359bc481c408a39904fdff1431b80ebe0be,buy,0xee609fe292128cad03b786dbb9bc2634ccdbe7fc,0xeae72c6b3ad6d6336314bff201c8e5180c8830f3656751c81015cac8e18f1d3c
288,10,0.039,0xd9066c25e01fca3505c35ae6a8025767c08723b3,2017-11-01T06:56:43.000Z,0.0039,0xa9bfd3d38156416ea00af4bf17f19e382cd4d29f,buy,0xee609fe292128cad03b786dbb9bc2634ccdbe7fc,0x3442a82353a62d598e3454261f36ff109ce13fb9711872cf0d115832d7e5154b
289,15,0.0585,0xe621b5e73fb3213e7eb3c27dd60d337d2d07e1e3,2017-11-01T06:55:32.000Z,0.0039,0x01093995ec71767d17df0c629591024b921258aa,buy,0xee609fe292128cad03b786dbb9bc2634ccdbe7fc,0x472ccb0daaf5dcc305315ef8be8c9d95cd0be1feca79f1dea70177ceb61919eb
290,10,0.039,0xd9066c25e01fca3505c35ae6a8025767c08723b3,2017-11-01T06:55:09.000Z,0.0039,0x59f92edf69e4b03fb22fb840053a19da978ba9ae,buy,0xee609fe292128cad03b786dbb9bc2634ccdbe7fc,0xd12a81a4a0797c9ce82ab6a235f0a8c4bcb50428d46513e7e37dc257a7150ed1
291,5,0.0195,0xd9066c25e01fca3505c35ae6a8025767c08723b3,2017-11-01T06:53:46.000Z,0.0039,0x22d4a7c8cbf16dc28b8ccdf0905bb1b42ae835c6,buy,0xee609fe292128cad03b786dbb9bc2634ccdbe7fc,0x7aed312fd7560010207b4eea7a3c570014171664e957ed145c3e9f1fe6dfa57d
292,4,0.0144,0xd9066c25e01fca3505c35ae6a8025767c08723b3,2017-11-01T06:52:54.000Z,0.0036,0x1125feecfcb7576c795cfd094ba5a1a0c6fbb799,buy,0xee609fe292128cad03b786dbb9bc2634ccdbe7fc,0x769eb19ba39bc0137c9aedee6af0051136db47ea7a15609f78b4acffa1c7b17d
293,35.38863715604742,0.12386023004616598,0xd9066c25e01fca3505c35ae6a8025767c08723b3,2017-11-01T06:52:00.000Z,0.0035,0x4acef8d79830d9d663e97628d2b3fb31877394f9,buy,0xee609fe292128cad03b786dbb9bc2634ccdbe7fc,0x860cfeee96fa27de045cbf916d68139ad2eb369a8ebf864b795cbb8bc2613c37
294,50,0.165,0xd9066c25e01fca3505c35ae6a8025767c08723b3,2017-11-01T06:51:22.000Z,0.0033,0x51ca9a4707043be59e56c1db14d58dcbd955569e,buy,0xee609fe292128cad03b786dbb9bc2634ccdbe7fc,0x83fedc84128d62a7914d631899445035dc5bbbebd0ba06670a640c0770902555
295,24.922739507526668,0.07726049247333266,0xe621b5e73fb3213e7eb3c27dd60d337d2d07e1e3,2017-11-01T06:48:13.000Z,0.0031,0xb02e09dafdaf18ae6fcd7b35a79f4c55e40759c1,sell,0xee609fe292128cad03b786dbb9bc2634ccdbe7fc,0x5c0906f995a9faea8f39839e8819ffa08c858f87e0782254d6b479e72bce1b15
296,201.58249059077286,0.6047474717723186,0xc402dbb5420acd2654219935202a4ec3d8ec5ddb,2017-11-01T06:47:20.000Z,0.003,0xd9066c25e01fca3505c35ae6a8025767c08723b3,sell,0xee609fe292128cad03b786dbb9bc2634ccdbe7fc,0x535dd498ef476ed711b13bef010e880e08ba5582d8f63d67e50014e975421d72
297,0.006440526599277714,0.000022541843097472,0xd9066c25e01fca3505c35ae6a8025767c08723b3,2017-11-01T06:44:51.000Z,0.0035,0x4acef8d79830d9d663e97628d2b3fb31877394f9,buy,0xee609fe292128cad03b786dbb9bc2634ccdbe7fc,0x53b65a9576e50003b861375677d2e894a2ac3b28048e7cfa7099fc8bdfbd786b
298,64.6049223173533,0.22611722811073656,0xd9066c25e01fca3505c35ae6a8025767c08723b3,2017-11-01T06:43:10.000Z,0.0035,0x4acef8d79830d9d663e97628d2b3fb31877394f9,buy,0xee609fe292128cad03b786dbb9bc2634ccdbe7fc,0x74644a3087502c28b20c6eb52795a6f053220acdebd4b5e0c5c365c0f591178b
299,67.5,0.23625,0xd9066c25e01fca3505c35ae6a8025767c08723b3,2017-11-01T06:41:27.000Z,0.0035,0x9b155a5a1d7852bd9e38acc8e8b685d35d3d77a3,buy,0xee609fe292128cad03b786dbb9bc2634ccdbe7fc,0x4f2a4db632eb3c8efe1016d70d9069ef45fa35ff7575d5969de64eb0812c30b6
300,30,0.105,0xd9066c25e01fca3505c35ae6a8025767c08723b3,2017-11-01T06:39:43.000Z,0.0035,0x59f92edf69e4b03fb22fb840053a19da978ba9ae,buy,0xee609fe292128cad03b786dbb9bc2634ccdbe7fc,0x3071566e659cbe02d93ddd21dad7d67aa18caa6f7a4a2ca208a0e6be72e63413
301,20.073,0.07005477,0xd9066c25e01fca3505c35ae6a8025767c08723b3,2017-11-01T06:39:01.000Z,0.00349,0xbf7d6e827f6067f4e8944c6a09beaf0eb4cf39ca,buy,0xee609fe292128cad03b786dbb9bc2634ccdbe7fc,0x7c8b53396774a223a56cac77b154587e0dfad9bbb9ce4c4d81d0806a57b405a7
302,20,0.07,0xd9066c25e01fca3505c35ae6a8025767c08723b3,2017-11-01T06:35:51.000Z,0.0035,0xa9bfd3d38156416ea00af4bf17f19e382cd4d29f,buy,0xee609fe292128cad03b786dbb9bc2634ccdbe7fc,0x73e4e48a88a7d25e6ed51383112d61dcf3b671ff4cd92971481790f9297cfe5d
303,230.33467651675207,0.6797455008967939,0xd8be615ede64e49ec0894b3eeaa7f48f125e2043,2017-11-01T06:34:46.000Z,0.002951121,0xd9066c25e01fca3505c35ae6a8025767c08723b3,sell,0xee609fe292128cad03b786dbb9bc2634ccdbe7fc,0x5062bfec5dffa062e68ce31a62f905dbdffbb2de8d661c9f571b969e941e2050
304,15,0.0525,0xd9066c25e01fca3505c35ae6a8025767c08723b3,2017-11-01T06:33:25.000Z,0.0035,0x2756ccfe1f1ec0a7a7be8f8e2593165eb2b33fc3,buy,0xee609fe292128cad03b786dbb9bc2634ccdbe7fc,0x2985992cf05d32bd95b6abbef0d3eef1e620021358e61d85b8d2c37c3abf3269
305,10,0.035,0xd9066c25e01fca3505c35ae6a8025767c08723b3,2017-11-01T06:32:51.000Z,0.0035,0x22d4a7c8cbf16dc28b8ccdf0905bb1b42ae835c6,buy,0xee609fe292128cad03b786dbb9bc2634ccdbe7fc,0x6109aa7a7691b6403eaaa9cee0ee05c354c0759f24e754a2ae19c9fd0ce309df
306,79,0.27255,0xd9066c25e01fca3505c35ae6a8025767c08723b3,2017-11-01T06:31:55.000Z,0.00345,0xcb9352cf5dcc70b3abc8099102c2319a6619aca4,buy,0xee609fe292128cad03b786dbb9bc2634ccdbe7fc,0x0e0f90c4a5f87c5f1aefdcc28ac0d36f3813f50d5df704ffa07b4ce736b3d958
307,80,0.272,0xd9066c25e01fca3505c35ae6a8025767c08723b3,2017-11-01T06:30:59.000Z,0.0034,0x11223cdaaca042ec7f355a023056a6f5c6edc31c,buy,0xee609fe292128cad03b786dbb9bc2634ccdbe7fc,0xd3a416810d29b0baa435ba8b6d45c15b84a997978297cad781d97677594b8f7c
308,22,0.0748,0xd9066c25e01fca3505c35ae6a8025767c08723b3,2017-11-01T06:30:29.000Z,0.0034,0x0a880217efba5d7cb8fc746dcc9a01a9e7c1e419,buy,0xee609fe292128cad03b786dbb9bc2634ccdbe7fc,0x3849ad954307634aa6cb7f60d940b584387fbc25ddd086ebcf950bb24c9bf047
309,25,0.08125,0xd9066c25e01fca3505c35ae6a8025767c08723b3,2017-11-01T06:29:39.000Z,0.00325,0xa3041a207060edacddcdeab68ac72497c1fb228d,buy,0xee609fe292128cad03b786dbb9bc2634ccdbe7fc,0x1982f2eb61c49427f0c83fa703785d650cece5f0f21dc450b01cc3add29f484a
310,176,0.519397296,0xd8be615ede64e49ec0894b3eeaa7f48f125e2043,2017-11-01T06:29:02.000Z,0.002951121,0xd9066c25e01fca3505c35ae6a8025767c08723b3,sell,0xee609fe292128cad03b786dbb9bc2634ccdbe7fc,0x46646ff1c6c166eee030676b7e51ddf6cae8a0ee6b5c05cc69e7ff229474b74a
311,14.953643704516,0.044860931113548004,0xc402dbb5420acd2654219935202a4ec3d8ec5ddb,2017-11-01T06:13:35.000Z,0.003,0x204e7b97413dca47f8095a6679a5097f5b9a37eb,sell,0xee609fe292128cad03b786dbb9bc2634ccdbe7fc,0x54324fac92fe2da9c22abef390300a0a6d3000cfa2a5ca18239d746eb39d770b
312,15,0.051,0xd9066c25e01fca3505c35ae6a8025767c08723b3,2017-11-01T06:12:39.000Z,0.0034,0x8559d6fa6c3fddc0e5eedd0468aa1e1a14ed0bf7,buy,0xee609fe292128cad03b786dbb9bc2634ccdbe7fc,0x9ba6a0650c8b2ca7c11ac61b88ca59c2ff6efb8760ad6415388e92115ec7a9e7
313,39.87638321204267,0.119629149636128,0xc402dbb5420acd2654219935202a4ec3d8ec5ddb,2017-11-01T06:10:48.000Z,0.003,0x92c7a1c38a2fc7f5e7a9486dcfb814656b835453,sell,0xee609fe292128cad03b786dbb9bc2634ccdbe7fc,0xb17b8872905b729ae5263126818107563ca86339fb9801b65c501dde0964d7ae
314,8,0.0268,0xd9066c25e01fca3505c35ae6a8025767c08723b3,2017-11-01T06:10:24.000Z,0.00335,0x609032a0015a1a9315eddaa4272d57b5f6c82b74,buy,0xee609fe292128cad03b786dbb9bc2634ccdbe7fc,0xab336cf64e6a97d20adc4d74bc77022aee97c393754a4bffad88f20c2d85435f
315,35,0.1155,0xd9066c25e01fca3505c35ae6a8025767c08723b3,2017-11-01T06:09:33.000Z,0.0033,0xeb4087b779d8dff4f9d9a593eaccd5bfa91e1203,buy,0xee609fe292128cad03b786dbb9bc2634ccdbe7fc,0xabc6a991ea67f05481a2b1b4c9e82cd663c4170cbdf17b330ff6e3faee9451c9
316,19.938191606021334,0.059814574818064,0xc402dbb5420acd2654219935202a4ec3d8ec5ddb,2017-11-01T06:09:33.000Z,0.003,0xa0ef26551e7c9c416252bf64d0635f7a63cb7887,sell,0xee609fe292128cad03b786dbb9bc2634ccdbe7fc,0xa968eeb5c718b54d2fc0975b6325bb7682a5cbcfb794e9ac7e799c11111296f8
317,30.046,0.0961472,0xd9066c25e01fca3505c35ae6a8025767c08723b3,2017-11-01T06:08:42.000Z,0.0032,0x05711e000a291e32512c1db11975e49b6ca6ac14,buy,0xee609fe292128cad03b786dbb9bc2634ccdbe7fc,0x542957b71a3d3212b1c3b100161a138c054ba4b3b9d35cbd311a4f080569cf1b
318,8,0.0256,0xd9066c25e01fca3505c35ae6a8025767c08723b3,2017-11-01T06:07:51.000Z,0.0032,0x0e4ad8029b466478a2e371db43a807a4bdb07a11,buy,0xee609fe292128cad03b786dbb9bc2634ccdbe7fc,0x80be159261dbc4c9c0c282f34d333c4cdc8504ff300c83f199eca40547ec2f9a
319,3,0.008853363,0xd9066c25e01fca3505c35ae6a8025767c08723b3,2017-11-01T06:06:54.000Z,0.002951121,0xb726590ef7c355c20f654e0171280039b9a81009,buy,0xee609fe292128cad03b786dbb9bc2634ccdbe7fc,0x858ce175d6559df67a7ea119ce6fddd22d161f91d3b33308990594cf62f85492
320,20,0.0638,0xd9066c25e01fca3505c35ae6a8025767c08723b3,2017-11-01T06:05:30.000Z,0.00319,0x107d35bdbb393d33d6d9ce4127883b057b8e6187,buy,0xee609fe292128cad03b786dbb9bc2634ccdbe7fc,0xe464203e6ea42f1047ae2793bf0f3c05d68b00a6feceb3084c54de9c67596c96
321,57.5,0.181125,0xd9066c25e01fca3505c35ae6a8025767c08723b3,2017-11-01T06:03:24.000Z,0.00315,0x61ca5f6de06a78dc4e281f43c2a6546d05408cd8,buy,0xee609fe292128cad03b786dbb9bc2634ccdbe7fc,0x7a013db0f8b93c791cde29ec6d2b01aeb199291d34e63e38aacef1c1dab38800
322,139.56734124214933,0.418702023726448,0xc402dbb5420acd2654219935202a4ec3d8ec5ddb,2017-11-01T06:03:07.000Z,0.003,0xc1346eb12de99ab7b027df5fc49d500f33852091,sell,0xee609fe292128cad03b786dbb9bc2634ccdbe7fc,0x6b74d02c2b4e7cc0da68739110e3d3fc47f94adef1dcd17d9ea6acad32487c09
323,307.14013954002866,0.921420418620086,0xc402dbb5420acd2654219935202a4ec3d8ec5ddb,2017-11-01T06:02:10.000Z,0.003,0xd9066c25e01fca3505c35ae6a8025767c08723b3,sell,0xee609fe292128cad03b786dbb9bc2634ccdbe7fc,0x946dbc5ebb437a2207ef5b52c064a09efb68393a53f3b99046f6dae14a3aab90
324,15,0.045,0xc402dbb5420acd2654219935202a4ec3d8ec5ddb,2017-11-01T05:56:17.000Z,0.003,0xf7dc53864e9d19e03d5b3ae31c7c44996581714f,buy,0xee609fe292128cad03b786dbb9bc2634ccdbe7fc,0x05e3b70dbdad06c26a9aca4bebfde4b62cded7ba8c3751823c23c372172b554c
325,19.439736815870802,0.05736901555178945,0xd8be615ede64e49ec0894b3eeaa7f48f125e2043,2017-11-01T05:52:44.000Z,0.002951121,0x07dc42630e5a61a975534f54bd2baa1c6a80c81e,sell,0xee609fe292128cad03b786dbb9bc2634ccdbe7fc,0x22676f6b32c523175abd8db89f2899596a94f24b6acae1c21f148397531609fa
326,14.953643704516,0.04413001196291496,0xd8be615ede64e49ec0894b3eeaa7f48f125e2043,2017-11-01T05:18:09.000Z,0.002951121,0xb4066e3f167a4e5b7b97cca2b163ee396cfd0a1d,sell,0xee609fe292128cad03b786dbb9bc2634ccdbe7fc,0x9eb8f6a1dfa5a9f728667ec989f5f1c544b22eee29274df1472d1eaa3734eaf9
327,34.3933805203868,0.10149902751470441,0xd8be615ede64e49ec0894b3eeaa7f48f125e2043,2017-11-01T05:17:26.000Z,0.002951121,0x970be7fcce186bfaed2aad0da213ad587840587d,sell,0xee609fe292128cad03b786dbb9bc2634ccdbe7fc,0x942c6a2967825ec7514ccdeb1052ecc9aaaafc61b6a0837614f7a731972bfbcf
328,26.60253795820804,0.07850730842176486,0xd8be615ede64e49ec0894b3eeaa7f48f125e2043,2017-11-01T05:16:08.000Z,0.002951121,0x8fcc63369cbb096a17de6313d2375943ae4e5cfc,sell,0xee609fe292128cad03b786dbb9bc2634ccdbe7fc,0xdf95d5bd869c70acee675bfc5ac03c36fe5e9062722abe858522ac0c4ff80f62
329,8.290123802713378,0.02446516673691111,0xd8be615ede64e49ec0894b3eeaa7f48f125e2043,2017-11-01T05:14:59.000Z,0.002951122,0x8fcc63369cbb096a17de6313d2375943ae4e5cfc,sell,0xee609fe292128cad03b786dbb9bc2634ccdbe7fc,0x90f18c2962a6e7d29c7d82dfb64fef3a2a32e3a0ab74094c8df04781f9521f2b
330,25.5,0.075253611,0x15654927007de51345293f7c40cd17d15a2e348b,2017-11-01T05:13:01.000Z,0.002951122,0x5562dc822ce62f36ea27d474d740f1ee47517161,buy,0xee609fe292128cad03b786dbb9bc2634ccdbe7fc,0x28f657613dd4def97483f8a43cb9af01dd529a8ce0966fca55445b7e7cd885d9
331,99.69095803010667,0.2942000797527664,0xd8be615ede64e49ec0894b3eeaa7f48f125e2043,2017-11-01T05:11:07.000Z,0.002951121,0xc44688c4a674be0a7c8d7206179f14e29c8d8413,sell,0xee609fe292128cad03b786dbb9bc2634ccdbe7fc,0x0645c9b7e99b2ad9720143eeb7c42dccab7deb61eaf34035880ceae6c660e5fd
332,60.5,0.18996395,0x15654927007de51345293f7c40cd17d15a2e348b,2017-11-01T05:05:45.000Z,0.0031399,0xdd8804e408a21dc344e2a480dd207dea38f325ce,buy,0xee609fe292128cad03b786dbb9bc2634ccdbe7fc,0x9b9a00c68c5de00c9c58721972d0160306bbabfe63127c2cb4278f7f73ae9656
333,24.92472716494926,0.07355591068047938,0xd8be615ede64e49ec0894b3eeaa7f48f125e2043,2017-11-01T05:05:01.000Z,0.002951122,0xfe2bf579ef19a52709cfd1d43893584c4fb6a536,sell,0xee609fe292128cad03b786dbb9bc2634ccdbe7fc,0xc201632c141cd76546b63924b30a7a410fbbf43979808fb55de2be42c819880b
334,24.922739507526668,0.07355004486093111,0xd8be615ede64e49ec0894b3eeaa7f48f125e2043,2017-11-01T05:04:28.000Z,0.002951122,0x204546847b76eb76de89b7f119c368311f1c9010,sell,0xee609fe292128cad03b786dbb9bc2634ccdbe7fc,0xb85f3611992cb045b760b50f1e5a5fc05f2a990175ccc17b4c76cd51bced1b56
335,29.91026889516589,0.08826885256243974,0xd8be615ede64e49ec0894b3eeaa7f48f125e2043,2017-11-01T05:03:29.000Z,0.002951122,0x8698327a7e55446f7558f03faaff08ab6bb45a76,sell,0xee609fe292128cad03b786dbb9bc2634ccdbe7fc,0x7d442fb61b2a16e283f72c1f9e463a0a94ea0a2b79bade10123c2bfb9b46f3ff
336,12.714188488022888,0.03752112135915108,0xd8be615ede64e49ec0894b3eeaa7f48f125e2043,2017-11-01T04:46:16.000Z,0.002951122,0x04ab96c0c58ba42428c752f7d49d930df1e1a4b9,sell,0xee609fe292128cad03b786dbb9bc2634ccdbe7fc,0x7fc2e26d9b8caa02078d29b608006377d48628fb0883267d822aaccc10884cac
337,7.224723357591467,0.0213210472692254,0xfd256b528f695301164c9e21ee7c8eebb02180f1,2017-11-01T04:45:50.000Z,0.002951123,0x04ab96c0c58ba42428c752f7d49d930df1e1a4b9,sell,0xee609fe292128cad03b786dbb9bc2634ccdbe7fc,0x9fe330cf8a335656436a02829073f3042719c21630746820baffe1e637e7124c
338,19.938191606021334,0.05884003588874489,0xd8be615ede64e49ec0894b3eeaa7f48f125e2043,2017-11-01T04:02:12.000Z,0.002951122,0xc08f2af4aa52013b51771803d89d2f6531342fec,sell,0xee609fe292128cad03b786dbb9bc2634ccdbe7fc,0x119e1f5fb099ca8c2ccab63a0412ba4c5f4f87e2feecb40351ee74b5377ddfed
339,7.9752766424085335,0.0235360223307746,0xfd256b528f695301164c9e21ee7c8eebb02180f1,2017-11-01T03:47:59.000Z,0.002951123,0xfdf7c01650ea64dae1496d7be373af4c060d13a7,sell,0xee609fe292128cad03b786dbb9bc2634ccdbe7fc,0xf83feaff3ce18c9d6e84a41d5fead24240d1599efac174472742783237e8cb56
340,10,0.02951122,0xd8be615ede64e49ec0894b3eeaa7f48f125e2043,2017-11-01T03:34:59.000Z,0.002951122,0x9593cfc4d8cfdebab7edc8dff7b8e746596edf12,sell,0xee609fe292128cad03b786dbb9bc2634ccdbe7fc,0x6708d5721654471d877de368415b371f75323364ed6587fd73d77f2b51139b97
341,2.9907287409032,0.008826005383311733,0xd8be615ede64e49ec0894b3eeaa7f48f125e2043,2017-11-01T03:34:08.000Z,0.0029511219999999996,0x254725732926fe73ab16ba7974a7ccbc5aa7f760,sell,0xee609fe292128cad03b786dbb9bc2634ccdbe7fc,0x9989c88192df05da7a46af8ac7e9493811b7508f4f2635d01e3a1370a1ab69b3
342,19.938191606021334,0.05884003588874489,0xd8be615ede64e49ec0894b3eeaa7f48f125e2043,2017-11-01T03:29:16.000Z,0.002951122,0x295a66b8bef63661178f271c2b30630f3a8ea100,sell,0xee609fe292128cad03b786dbb9bc2634ccdbe7fc,0xd171fbb4e012394f876e1e242cf1c513f52e2a62b2066d427f3b47293d8ebef4
343,19.5,0.057525,0x07dc42630e5a61a975534f54bd2baa1c6a80c81e,2017-11-01T03:19:02.000Z,0.00295,0x88c498bdef0cfa35790a67c3893322b0bac3823d,buy,0xee609fe292128cad03b786dbb9bc2634ccdbe7fc,0x13215a4b9021d1f1be64a39afb39d331212a0c8ecf207994cd13deff64e83b8a
344,25,0.073749975,0x8352e46f5b540c91e5b0074e81b70a9ead1e0d75,2017-11-01T03:17:19.000Z,0.002949999,0xffd04803cd79fe11c6a94c84a0e227a1312f4ecc,buy,0xee609fe292128cad03b786dbb9bc2634ccdbe7fc,0x8088708b3ed6be6e1b04bd26ac38e3fa4ed573abb4cb941151018d97dfce244f
345,7.9752766424085335,0.023536014355497955,0xd8be615ede64e49ec0894b3eeaa7f48f125e2043,2017-11-01T03:16:16.000Z,0.002951122,0x6427601221e1f68a2c1e3172fb469e520f3caf44,sell,0xee609fe292128cad03b786dbb9bc2634ccdbe7fc,0x80d1bc99ef88bcaf0cfcc3b6deee4eb16a9e0f441cc89c7cda5050095afc3355
346,19.938191606021334,0.05884003588874489,0xd8be615ede64e49ec0894b3eeaa7f48f125e2043,2017-11-01T03:08:44.000Z,0.002951122,0x76e059c6ff6bf9fffd5f33afdf4ab2fd511c9df4,sell,0xee609fe292128cad03b786dbb9bc2634ccdbe7fc,0x583829d807acc6650bd09c47d055f121b5167ac55b1bbf147d7d286311d65140
347,9.969095803010667,0.029420017944372445,0xd8be615ede64e49ec0894b3eeaa7f48f125e2043,2017-11-01T02:26:53.000Z,0.002951122,0xbc9222dbc82b3d6204d66991c39ebd38c82d3bb4,sell,0xee609fe292128cad03b786dbb9bc2634ccdbe7fc,0xab7a7d7d2902926d54bcc10a2cb4469bf8400acbe1bb9235f3ad233c780ae6ec
348,42.86760886730151,0.12650754361568858,0xd8be615ede64e49ec0894b3eeaa7f48f125e2043,2017-11-01T02:20:32.000Z,0.002951122,0x3e7b6711022e4a3ab9ad744fa2a33e0b34da8e8e,sell,0xee609fe292128cad03b786dbb9bc2634ccdbe7fc,0x86818b63ef58118a387dcdf4572a53a03e4897c1eafc4f804e29b67eee03568a
349,35.89142843641795,0.1059199840701386,0xd8be615ede64e49ec0894b3eeaa7f48f125e2043,2017-11-01T02:17:39.000Z,0.002951122,0x41a2e3701378a67ae030a609d1cdac1509e00a7f,sell,0xee609fe292128cad03b786dbb9bc2634ccdbe7fc,0x110a0a03dc4bb18c6ac2d8a96c08d7aa1387e94407b450b0364a424d11d325ea
350,29.909275066454594,0.08826591965266561,0xd8be615ede64e49ec0894b3eeaa7f48f125e2043,2017-11-01T02:15:10.000Z,0.002951122,0x9b14cba5dd629b029e133afc253fa46cce81fe97,sell,0xee609fe292128cad03b786dbb9bc2634ccdbe7fc,0x76a40eab3e1f105fa564eb895153599a90b130e0c2caca7b8a2412612c7ffd02
351,52.337752965806004,0.15445509420795533,0xd8be615ede64e49ec0894b3eeaa7f48f125e2043,2017-11-01T02:15:10.000Z,0.002951122,0x4d6f70396dd953ca4d5370c3a6dba60c2b827848,sell,0xee609fe292128cad03b786dbb9bc2634ccdbe7fc,0xcbe8d4bfb40dd5d7800173e7f033aa725528bf6edeade80cd1e2424a6f0bc7c1
352,46,0.135751612,0x49ea8a980ad4e401bdd6d629e388a13baf62b944,2017-11-01T02:05:31.000Z,0.002951122,0x7494893c437a1d9deb992037f3273174b5123027,buy,0xee609fe292128cad03b786dbb9bc2634ccdbe7fc,0xafd7033f576c93cb98b563e05150dc7df821f6c695449e77c73390c239c61906
353,7.980742700320662,0.023552145359255712,0xd8be615ede64e49ec0894b3eeaa7f48f125e2043,2017-11-01T01:53:53.000Z,0.002951122,0xbe4618103ac3cde866e66be727a36d0d36701666,sell,0xee609fe292128cad03b786dbb9bc2634ccdbe7fc,0xf0b74093c1625a32e4dd4dd879e9c19da9d536ba48614e9c7eb789cdaa3db767
354,12.959824543913866,0.03824602332768418,0xd8be615ede64e49ec0894b3eeaa7f48f125e2043,2017-11-01T01:37:58.000Z,0.002951122,0x245412100b0925de177f138ba3a9814a7095f7ff,sell,0xee609fe292128cad03b786dbb9bc2634ccdbe7fc,0xa066b689418b5c969203efe927e926e128cc1eaa5f2ed95e5224d6eae005b795
355,502.2568689334025,1.4822207933036116,0xd8be615ede64e49ec0894b3eeaa7f48f125e2043,2017-11-01T01:36:04.000Z,0.002951121,0x2b1d2e128f6360105e529bb5e63e5cea36968a0b,sell,0xee609fe292128cad03b786dbb9bc2634ccdbe7fc,0x91439e87fa7029da76652af5e7b101bb7a1ed8ed05061dcfcca7bd9792f83775
356,14.953643704516,0.044130026916558665,0xd8be615ede64e49ec0894b3eeaa7f48f125e2043,2017-11-01T01:31:51.000Z,0.002951122,0x1163241a044381400b923f2e2c57dbc0db7c67d1,sell,0xee609fe292128cad03b786dbb9bc2634ccdbe7fc,0x34408f8ccde73cbd2a31d010bc94b2c04e88e6b705d8f3a764ada7aaa9687e7c
357,7.9752766424085335,0.023536014355497955,0xd8be615ede64e49ec0894b3eeaa7f48f125e2043,2017-11-01T01:30:46.000Z,0.002951122,0x74a7195c2d76e2b61ee02d0011749b75e635ef8f,sell,0xee609fe292128cad03b786dbb9bc2634ccdbe7fc,0x86f960e6d2834c11aeb9b43330b1c0bb931d595cab8ee641afd0451151cc450e
358,85.75857270931849,0.2530840106110694,0xd8be615ede64e49ec0894b3eeaa7f48f125e2043,2017-11-01T01:26:47.000Z,0.002951122,0xe29490737a9d025b71e88acb841a1e5d9c334c37,sell,0xee609fe292128cad03b786dbb9bc2634ccdbe7fc,0x833c55137fc2a43e0bbab5a879166e32e74ce77462aa0ee34c34676e6f6246d9
359,26.918645708422524,0.0794402075603313,0xd8be615ede64e49ec0894b3eeaa7f48f125e2043,2017-11-01T01:11:24.000Z,0.002951122,0x41a2e3701378a67ae030a609d1cdac1509e00a7f,sell,0xee609fe292128cad03b786dbb9bc2634ccdbe7fc,0xc6b50ffd55e998d92b0a8bf670559788edc4716a1d46fe55ef7d353edfcbc206
360,14.953643704516,0.0478516598544512,0xfd256b528f695301164c9e21ee7c8eebb02180f1,2017-11-01T01:10:32.000Z,0.0032,0x05711e000a291e32512c1db11975e49b6ca6ac14,buy,0xee609fe292128cad03b786dbb9bc2634ccdbe7fc,0xfb8c507ed18ee50c36f1f2f326e3e52052382aea23867e3d7ebd707dad995f2f
361,8,0.0248,0x5dd50f08d84482cfa1b77966a968d240988d9a6e,2017-11-01T00:59:33.000Z,0.0031,0x8bab9990dcd15e58054c3edca5b7d1b4196e967e,buy,0xee609fe292128cad03b786dbb9bc2634ccdbe7fc,0x27c588dddb16c21155c68f558a0c172d70b3b4923e356539bc328851be81ce55
362,8,0.024,0xbf8af88cdffb4a18a3fd599b45e81a12f5c3fbb7,2017-11-01T00:51:25.000Z,0.003,0x8a97a3db5f6102df77f3703143d9ec3ab7270fc1,buy,0xee609fe292128cad03b786dbb9bc2634ccdbe7fc,0x750511f67ca43993fd6adf490da353c4ce7d042fddd8f72a5203cb16ddef8c75
363,12,0.036,0xeb085957faae162c89df4dff59f3b2aadafd1dd6,2017-11-01T00:44:12.000Z,0.003,0x8a97a3db5f6102df77f3703143d9ec3ab7270fc1,buy,0xee609fe292128cad03b786dbb9bc2634ccdbe7fc,0x622680238b4df112728ee67822576bb2249495a928f92da7bf28e9aa716c9621
364,19.938191606021334,0.05884003588874489,0xd8be615ede64e49ec0894b3eeaa7f48f125e2043,2017-11-01T00:43:44.000Z,0.002951122,0x7e72093fc98207970ab626b62f8a8f2d745cb574,sell,0xee609fe292128cad03b786dbb9bc2634ccdbe7fc,0x071a4ac71b0e9a932849589f7cf60520e6d8c2ee866bb0abd915a5140e188b8d
365,8,0.0236,0xeb085957faae162c89df4dff59f3b2aadafd1dd6,2017-11-01T00:41:58.000Z,0.00295,0xa458ebef1579bd96192bfcdcce2c2c6ddefe71e4,buy,0xee609fe292128cad03b786dbb9bc2634ccdbe7fc,0x958b553ecd0c16601c294336b5040db8077fa3b31c67a11252c0a7b42bfd9123
366,114.1932653281392,0.3369982575617088,0xd8be615ede64e49ec0894b3eeaa7f48f125e2043,2017-11-01T00:32:16.000Z,0.002951122,0x08ef720ca2596bad5333fedf818f1bc148d9b8c6,sell,0xee609fe292128cad03b786dbb9bc2634ccdbe7fc,0xe1f7ca0ffcbd7ff3313aeff82b6ace9c18ff0d93ed86ec476d04c87b4db72684
367,27.9152571401102,0.0823813294818363,0xd8be615ede64e49ec0894b3eeaa7f48f125e2043,2017-11-01T00:28:41.000Z,0.002951122,0x143ecfee04a13884e5310fe20c61abb954fc5e09,sell,0xee609fe292128cad03b786dbb9bc2634ccdbe7fc,0xfc3a60deda6287bc2e8f252762f4595689306c20ab528e4c0eeb917a800383e9
368,20,0.05902244,0x1ac30ada5f3039116d799e19ba6bf0ade5791f4f,2017-11-01T00:20:03.000Z,0.002951122,0x4fcbe9e524a0ed6f5d23795e936dd665e0149250,buy,0xee609fe292128cad03b786dbb9bc2634ccdbe7fc,0x460fb1922f5e02387a3e66742bdd583e2a93313445da55ee56052f3abf25dbd1
369,19.938191606021334,0.05884003588874489,0xd8be615ede64e49ec0894b3eeaa7f48f125e2043,2017-10-31T23:57:31.000Z,0.002951122,0x680ea6597186219e9abfa407e1293d0635966847,sell,0xee609fe292128cad03b786dbb9bc2634ccdbe7fc,0xdf23bfe0371fb51cd16db06ffc7c3b158a39601d8a09ec87a8bcd4080cab03c6
370,14.953643704516,0.044130026916558665,0xd8be615ede64e49ec0894b3eeaa7f48f125e2043,2017-10-31T23:55:13.000Z,0.002951122,0xe9d592a534aac071cf6cb595875e552aee112d42,sell,0xee609fe292128cad03b786dbb9bc2634ccdbe7fc,0xdb9ca8b6c04715190b3d2311a6fd3687f078a2b9d6110c4fff15a3e9be68904d
