,amount,amountBase,buyer,date,price,seller,side,tokenAddr,txHash
0,101.8,0.203600509,0x41363408e35a5cd4dfac024c70aea81e0e1ce239,2017-11-02T12:57:44.000Z,0.002000005,0xaf9459c8b081fbfba7b938d0b0792574c20a42a9,sell,0x1b9743f556d65e757c4c650b4555baf354cb8bd3,0x7c05a88770222244c42d84d8d39c12f020ef731259a32969fa9b99e151a4c25e
1,0.125313283208,0.0005,0x4fda9e6bcd83af6c5cc771b5d20accc2b7720074,2017-11-02T10:42:16.000Z,0.003990000000000638,0xb13b14b367bdcbf2f240ffb84d0939b5c583afd2,buy,0x1b9743f556d65e757c4c650b4555baf354cb8bd3,0x86a23f0f6d308940fee5a92a66937b2270d2663fc5320cf9942bde559419c791
2,0.125313283208,0.0005,0x3075f7f189912f4f425dd7021b9c396434197477,2017-11-02T10:16:06.000Z,0.003990000000000638,0xb13b14b367bdcbf2f240ffb84d0939b5c583afd2,buy,0x1b9743f556d65e757c4c650b4555baf354cb8bd3,0xe7df532ca3dc2de3548ce32fc0a1f9cee6bcaa9db12386b9ec64c884c923faa2
3,498.454790150533,0.9969120725750168,0x41363408e35a5cd4dfac024c70aea81e0e1ce239,2017-11-01T21:49:35.000Z,0.002000005,0xa4e7227d0029cf852ff6270f01e93f4a0344d3db,sell,0x1b9743f556d65e757c4c650b4555baf354cb8bd3,0x9775f20aa6bd2cb6bda854fc9af4a07e448cc833656379bb80edf0978c6ba4a9
4,195.242345126743,0.39048566646521166,0x41363408e35a5cd4dfac024c70aea81e0e1ce239,2017-11-01T18:07:47.000Z,0.002000005,0xd35cc4db1066b87373c5b83f2a033b4aabb8a1f2,sell,0x1b9743f556d65e757c4c650b4555baf354cb8bd3,0x2d5921c70dc6641d15e871f051a1594cc85272287378efe819320a1dd18dadec
5,70,0.1631,0x41363408e35a5cd4dfac024c70aea81e0e1ce239,2017-10-31T05:20:41.000Z,0.00233,0xaf9459c8b081fbfba7b938d0b0792574c20a42a9,sell,0x1b9743f556d65e757c4c650b4555baf354cb8bd3,0xc31e9de4797bd58ecedb321c0e55e8dc881af37503cba7d3cf884ef31197732c
6,93.801620620472,0.2187453792869407,0xc7c9f2d328c104fc59ce23bc25bfad5c5566cfeb,2017-10-31T05:19:24.000Z,0.002332,0xaf9459c8b081fbfba7b938d0b0792574c20a42a9,sell,0x1b9743f556d65e757c4c650b4555baf354cb8bd3,0x3f3266da75572f6dc67d63af20aca7ed56ad11abe946f6b594f943ebd77041bb
7,0.065410524261,0.000152537342576652,0xc7c9f2d328c104fc59ce23bc25bfad5c5566cfeb,2017-10-31T04:16:13.000Z,0.002332,0xaeb4d487f4066b41af8f99f30ec3ad40cd47a5b1,sell,0x1b9743f556d65e757c4c650b4555baf354cb8bd3,0xd7c020995e025d2e0d5f5220fdbd72b8b9627990fae1a3947a662b959dc90ace
8,656.132968855267,1.5301020833704826,0xc7c9f2d328c104fc59ce23bc25bfad5c5566cfeb,2017-10-31T04:15:14.000Z,0.002332,0xaeb4d487f4066b41af8f99f30ec3ad40cd47a5b1,sell,0x1b9743f556d65e757c4c650b4555baf354cb8bd3,0x3c2d0fcfda05a7ff8a91d76f28afc519f76ecd6561c29105a0ad430b3f6edf6b
9,340.810587179743,0.7947706301137478,0xd5f035581b3f86edb225c99e69d2790f027cf928,2017-10-31T04:14:12.000Z,0.0023320009999999998,0xaeb4d487f4066b41af8f99f30ec3ad40cd47a5b1,sell,0x1b9743f556d65e757c4c650b4555baf354cb8bd3,0xc14c916a3d3604d87ba72de736df8e2c4b3c0064368ae7f5aabb0a5e2894b227
10,4,0.009328004,0xd5f035581b3f86edb225c99e69d2790f027cf928,2017-10-31T02:54:22.000Z,0.002332001,0x6e8924a045d9499fb31b6af07fb792f560f0932d,sell,0x1b9743f556d65e757c4c650b4555baf354cb8bd3,0x54314591ba23cd0c3af86eb403721d5dad6fbdc3b33cb1b48141a06ff8e4d345
11,0.01,0.0000322,0x0c4085d8e714ca77ac5f46cd2b80a92d238a7cd3,2017-10-31T01:32:29.000Z,0.00322,0xb13b14b367bdcbf2f240ffb84d0939b5c583afd2,buy,0x1b9743f556d65e757c4c650b4555baf354cb8bd3,0x4223819b3ecfd4d21c2c565cd552e6d4ec00d7bb020a568b45ef740d0a25df6e
12,20.189412820257,0.04708173088625214,0xd5f035581b3f86edb225c99e69d2790f027cf928,2017-10-30T18:20:06.000Z,0.0023320009999999998,0x4ced2b7d27ac74b0ecb2440d9857ba6c6407149f,sell,0x1b9743f556d65e757c4c650b4555baf354cb8bd3,0xb08e7a35a3a4faffc9366c175785cfe9995966a0283b990676ea33a8315cba7d
13,0.1,0.000333,0x6cdea8e07bf82d7a07dbf36642d6e5be8623845c,2017-10-30T12:42:40.000Z,0.00333,0xd35cc4db1066b87373c5b83f2a033b4aabb8a1f2,buy,0x1b9743f556d65e757c4c650b4555baf354cb8bd3,0xdc5489971368346aad17aa60e1e4775bf950754eec1b65d261e1a2f9b3b7c933
14,50,0.11655,0xd5f035581b3f86edb225c99e69d2790f027cf928,2017-10-30T04:01:50.000Z,0.002331,0x6e8924a045d9499fb31b6af07fb792f560f0932d,sell,0x1b9743f556d65e757c4c650b4555baf354cb8bd3,0x784d2c0421030308c0dcc687fb3af1fc485c997bf0a2b292bd031ff4647cd65e
15,0.000000000001,0.000000000000002331,0xd5f035581b3f86edb225c99e69d2790f027cf928,2017-10-29T21:43:50.000Z,0.002331,0x6044e2c1b259eeecb1d5912e83d534eb1681dbe5,sell,0x1b9743f556d65e757c4c650b4555baf354cb8bd3,0x9211eff967fc95e1fbd571df9ea6b4d2e3a42475aaccbd8807a9dd89dd19e041
16,0.000000008847,0.000000000020622357,0xd5f035581b3f86edb225c99e69d2790f027cf928,2017-10-29T21:41:07.000Z,0.002331,0x6044e2c1b259eeecb1d5912e83d534eb1681dbe5,sell,0x1b9743f556d65e757c4c650b4555baf354cb8bd3,0x0d6203552b1a9a3dbf7995fd53698a9ef883393237958189ca55dc81ee4150c5
17,0.000088741003,0.000000206855277993,0xd5f035581b3f86edb225c99e69d2790f027cf928,2017-10-29T21:36:26.000Z,0.002331,0x6044e2c1b259eeecb1d5912e83d534eb1681dbe5,sell,0x1b9743f556d65e757c4c650b4555baf354cb8bd3,0xfae937813e8c31c4a38206916246de6fef1e3916d7c05fb20a951f2e2ff20598
18,10,0.02331,0xd5f035581b3f86edb225c99e69d2790f027cf928,2017-10-29T17:08:24.000Z,0.002331,0x6e8924a045d9499fb31b6af07fb792f560f0932d,sell,0x1b9743f556d65e757c4c650b4555baf354cb8bd3,0x85a298e6a8b2e031505e8c1df1292bf91189b8863efcb0daba628ea34b1d6ee7
19,0.007244118393,0.00001690052893528,0xaf9459c8b081fbfba7b938d0b0792574c20a42a9,2017-10-29T03:44:49.000Z,0.0023330000999998842,0x6f9fcac7ac5e87ec747d47e81a42e8ca6b73e95a,sell,0x1b9743f556d65e757c4c650b4555baf354cb8bd3,0x5c54abd0911853c3902d8eb28e8e9da70720cbf33e89d6f0ab494511e56efed5
20,30,0.0699,0x41363408e35a5cd4dfac024c70aea81e0e1ce239,2017-10-29T00:11:11.000Z,0.00233,0x6e8924a045d9499fb31b6af07fb792f560f0932d,sell,0x1b9743f556d65e757c4c650b4555baf354cb8bd3,0x497669ef0483c675199cb1afef5b019f0f139ce7f694773b0002c62865c65855
21,0.132766861391,0.0005,0x34f9560c63078eb61872a4dc2ccd20e21c34feaf,2017-10-28T20:31:40.000Z,0.003766000000011253,0xd35cc4db1066b87373c5b83f2a033b4aabb8a1f2,buy,0x1b9743f556d65e757c4c650b4555baf354cb8bd3,0x87f02db4de00993de1f39bd85375066c5db76af20c8b99ecfed3b9ee2d58158e
22,0.131578947368,0.0005,0xe444a40689f51f63bcd29910622035707d533d29,2017-10-28T20:25:39.000Z,0.00380000000001216,0xf3019dc6a28af019e2d6730f3d2defe3bdb28e62,buy,0x1b9743f556d65e757c4c650b4555baf354cb8bd3,0x62594b998996ce65d7234db1894adbf69902260a0f6c35ab10e646638eef49fa
23,1.041433106568,0.00242653913830344,0x41363408e35a5cd4dfac024c70aea81e0e1ce239,2017-10-28T19:32:38.000Z,0.00233,0x8ec864754b0e34c12d26011317c7d8e9540c45ba,sell,0x1b9743f556d65e757c4c650b4555baf354cb8bd3,0xe560fbf86ab47d5d922ec5b0c4ba48ad597b260e07785ab3e7c682f133f38991
24,1,0.0038,0x8ec864754b0e34c12d26011317c7d8e9540c45ba,2017-10-28T19:30:56.000Z,0.0038,0xf3019dc6a28af019e2d6730f3d2defe3bdb28e62,buy,0x1b9743f556d65e757c4c650b4555baf354cb8bd3,0xcffb206cc703b5a8c8b7575691986ab2913fed536208e2299956c719aeb5fa0c
25,446.615491974877,1.0406140963014634,0x41363408e35a5cd4dfac024c70aea81e0e1ce239,2017-10-28T19:25:29.000Z,0.00233,0x8ec864754b0e34c12d26011317c7d8e9540c45ba,sell,0x1b9743f556d65e757c4c650b4555baf354cb8bd3,0xda454aaf7aa0ba1d69c1760c2a7bffd090f59d984b70e60dcabc66ea1049eb4a
26,1,0.00233,0x41363408e35a5cd4dfac024c70aea81e0e1ce239,2017-10-28T18:27:32.000Z,0.00233,0xa0be78d2bac6a692adba423c7af50ec86a18bddf,sell,0x1b9743f556d65e757c4c650b4555baf354cb8bd3,0xc50a5d1d3ad77a92366d0a982240b6b6357aa47c4f4f63deb2b7577b72b47900
27,82.200040226573,0.1911233135308049,0xaf9459c8b081fbfba7b938d0b0792574c20a42a9,2017-10-28T17:18:05.000Z,0.0023251,0x1ed014aec47fae44c9e55bac7662c0b78ae61798,sell,0x1b9743f556d65e757c4c650b4555baf354cb8bd3,0xea9744a17ea6a9b20b25807106618cb5f77bfc8e91637be014a78520c1c8b04e
28,184.374037028203,0.4286880734942748,0xaf9459c8b081fbfba7b938d0b0792574c20a42a9,2017-10-28T08:45:21.000Z,0.0023251,0x2773052087f99699013b4c06895fe69feebb4eee,sell,0x1b9743f556d65e757c4c650b4555baf354cb8bd3,0x85305f91c0f5be7aa3a04dc658b511fa4b650e34ef38887a18b049af857f52e4
29,100,0.24,0x44cb493471579fe1ba572bd69882f1c80827f0bc,2017-10-28T08:45:03.000Z,0.0024,0x2773052087f99699013b4c06895fe69feebb4eee,sell,0x1b9743f556d65e757c4c650b4555baf354cb8bd3,0x4d5ad4b5bb50b2b0a4e0425371c29ec0da4f0d906b5459b10f2a18adfa5f8e24
30,19.99969325859,0.04649928682622175,0x41363408e35a5cd4dfac024c70aea81e0e1ce239,2017-10-27T18:51:26.000Z,0.002325,0xabc0c70c3dac3adc85107a24f34d07df89a35f2c,sell,0x1b9743f556d65e757c4c650b4555baf354cb8bd3,0xd6bb4bb238c8c588c2c28b526a0233037f980b4cc597231818fc144debb6a68b
31,82,0.19762164,0x44cb493471579fe1ba572bd69882f1c80827f0bc,2017-10-27T18:49:28.000Z,0.00241002,0xabc0c70c3dac3adc85107a24f34d07df89a35f2c,sell,0x1b9743f556d65e757c4c650b4555baf354cb8bd3,0x886fb8db168f76eed6b75ceff1c0af1b3ed7b3b79ee786fa7b6247a98d51ce00
32,10,0.022666,0xd35cc4db1066b87373c5b83f2a033b4aabb8a1f2,2017-10-26T02:02:26.000Z,0.0022666,0x6e8924a045d9499fb31b6af07fb792f560f0932d,sell,0x1b9743f556d65e757c4c650b4555baf354cb8bd3,0xeab66fa0ff6efe8fcb175e9ef6faf5b0ca54cb4b874bcd16e1e46c44e897ed58
33,0.890160996883,0.0018693380934543,0xd5f035581b3f86edb225c99e69d2790f027cf928,2017-10-25T18:53:12.000Z,0.0021,0x6044e2c1b259eeecb1d5912e83d534eb1681dbe5,sell,0x1b9743f556d65e757c4c650b4555baf354cb8bd3,0x60ecbd0f263deb4d987f0277dba75da2e0b30d5b6cce7d670ba5cc37e80b13a3
34,0.5,0.0012093955,0xf36990a2cb4d609e0a7d4f3bf884c0342d81fd3d,2017-10-25T18:51:13.000Z,0.002418791,0x6044e2c1b259eeecb1d5912e83d534eb1681dbe5,sell,0x1b9743f556d65e757c4c650b4555baf354cb8bd3,0xa28e618ef6b1665c29dbe375858d7efa1af7df2deaf3e5f30e2c483207ee24cc
35,72.665751593253,0.145331503186506,0xff49ad0d2269f48222229618ae845bbc7a8d75eb,2017-10-25T15:23:08.000Z,0.002,0x6f9fcac7ac5e87ec747d47e81a42e8ca6b73e95a,sell,0x1b9743f556d65e757c4c650b4555baf354cb8bd3,0xeb2ff78b72ad35e6079c64a98f3409ae7ab6eec5792df1204a1fba1056f3bafa
36,0.819792343806,0.002244591437340828,0xd5f035581b3f86edb225c99e69d2790f027cf928,2017-10-25T15:21:29.000Z,0.002738,0x6f9fcac7ac5e87ec747d47e81a42e8ca6b73e95a,sell,0x1b9743f556d65e757c4c650b4555baf354cb8bd3,0x9122c8d897abe9a0fc282e4541a5c18f356b86db2eb9cfd658fd9611c4c962cb
37,25.9,0.0705775,0xee2a3e9d14b54e566f1dfeb141a3fdb4dfeac21b,2017-10-25T15:15:12.000Z,0.002725,0x6f9fcac7ac5e87ec747d47e81a42e8ca6b73e95a,sell,0x1b9743f556d65e757c4c650b4555baf354cb8bd3,0xf5d6b5bcd71c880f22746620336ca1aa07f60ddc831e1a8f9e22d1315e047455
38,99.690958030106,0.2292892034692438,0x6f9fcac7ac5e87ec747d47e81a42e8ca6b73e95a,2017-10-22T15:44:40.000Z,0.0023,0xff723447d3a4da1bc4bfd6ee7ee112dc6bf1dd08,sell,0x1b9743f556d65e757c4c650b4555baf354cb8bd3,0xf4b1949c6c40272a3c565136b4bee609bf0a4c2c85caca799c863029ff099bb7
39,67,0.2278,0x090ca68cfae0b4fdac317b45f1e20c81598468a6,2017-10-21T16:34:25.000Z,0.0034,0xfd5f985439dacedecf754cd177461b4a3e7bdbe3,sell,0x1b9743f556d65e757c4c650b4555baf354cb8bd3,0x565eb4e13423d3e8a4591dd4b5398472d04b48214d4a2a41a8c70e76461a94bf
40,220,0.7205,0x41363408e35a5cd4dfac024c70aea81e0e1ce239,2017-10-21T16:34:25.000Z,0.003275,0xfd5f985439dacedecf754cd177461b4a3e7bdbe3,sell,0x1b9743f556d65e757c4c650b4555baf354cb8bd3,0x0447afed9a2b2b2852cbafa500a1a4f3269135c7518249fb6716c8fc3885a8e3
41,300,0.99,0xd5f035581b3f86edb225c99e69d2790f027cf928,2017-10-21T10:13:49.000Z,0.0033,0x2773052087f99699013b4c06895fe69feebb4eee,sell,0x1b9743f556d65e757c4c650b4555baf354cb8bd3,0x1b141266cf5a1e6584bc1b7cc1689f7c6567be7cee6f2b6f7c3b2c7f34e56481
42,396.969394875884,1.290150533346623,0x41363408e35a5cd4dfac024c70aea81e0e1ce239,2017-10-20T23:00:42.000Z,0.00325,0xef58321032cf693fa7e39f31e45cbc32f2092cb3,sell,0x1b9743f556d65e757c4c650b4555baf354cb8bd3,0x5a6c253bae4d96ac9b9a2bcca251181b10271f9d4bdd0d06994bd98fbc6f2d14
43,206.385128840105,0.703773289344758,0xd5f035581b3f86edb225c99e69d2790f027cf928,2017-10-20T11:27:32.000Z,0.00341,0x2773052087f99699013b4c06895fe69feebb4eee,sell,0x1b9743f556d65e757c4c650b4555baf354cb8bd3,0xc830f5e09866853bafcff946760f3f29177590ea63f5d32cc5bdfe321159718e
44,1,0.0056,0x3ac636ac5c3a2576156ac5f10066ca68abe0ad54,2017-10-19T01:26:33.000Z,0.0056,0x6e8924a045d9499fb31b6af07fb792f560f0932d,buy,0x1b9743f556d65e757c4c650b4555baf354cb8bd3,0x7734c313aa2c9b3537af0d61f22701984c5b1ec57b5dd7eac583ed162b8b8870
45,10,0.048,0x27849f835bb345a26dffbfa7a8863c387b546730,2017-10-18T21:19:31.000Z,0.0048,0x6e8924a045d9499fb31b6af07fb792f560f0932d,buy,0x1b9743f556d65e757c4c650b4555baf354cb8bd3,0x2e598e6727f178f0c6fddd353df41c3ff4ff0b8a6b93553ef3ac4d4004abbd6f
46,0.10395010395,0.0005,0x379374d13077e8867ef31803c37baf9785a17c00,2017-10-18T15:13:58.000Z,0.00481000000000481,0x90e45273dd18260ea789fa2c62ee8d718925c501,buy,0x1b9743f556d65e757c4c650b4555baf354cb8bd3,0x7a04870adc21260e0d37a01fd00ec71fd51e8d10e066a5e513fddb715e9c14fe
47,0.10395010395,0.0005,0xf9695cd65d6dfdf257fab76a3eb0cb8f001971cc,2017-10-18T15:12:31.000Z,0.00481000000000481,0x90e45273dd18260ea789fa2c62ee8d718925c501,buy,0x1b9743f556d65e757c4c650b4555baf354cb8bd3,0x9406d04172fcfd18872915772d8a9d1d430ffc8cd8660b1489e4973a6002b9a0
48,297.079154312589,0.998185958490299,0xd5f035581b3f86edb225c99e69d2790f027cf928,2017-10-18T13:14:30.000Z,0.00336,0xa7150354276201ac468b8dcd1361cf848f885406,sell,0x1b9743f556d65e757c4c650b4555baf354cb8bd3,0x00ff6faee8bb2bc3371dfdece04f10b454a97ff501cc4ae9067cacbd9aef2446
49,0.997389602501,0.000997389602501,0xff49ad0d2269f48222229618ae845bbc7a8d75eb,2017-10-18T11:15:47.000Z,0.001,0xff49ad0d2269f48222229618ae845bbc7a8d75eb,sell,0x1b9743f556d65e757c4c650b4555baf354cb8bd3,0x78d7e188d17b25ec9a24cc7eadc4cffe025cef01754863c7cddf55a025b7ab9a
50,1,0.00481,0xff49ad0d2269f48222229618ae845bbc7a8d75eb,2017-10-18T11:14:50.000Z,0.00481,0x90e45273dd18260ea789fa2c62ee8d718925c501,buy,0x1b9743f556d65e757c4c650b4555baf354cb8bd3,0x6299d43161232fcbfbc91bf15eed08caf8b2d897b3a37a70495f471ee4ea0c5d
51,40,0.1344,0xd35cc4db1066b87373c5b83f2a033b4aabb8a1f2,2017-10-17T22:20:53.000Z,0.00336,0x6e8924a045d9499fb31b6af07fb792f560f0932d,buy,0x1b9743f556d65e757c4c650b4555baf354cb8bd3,0x9bd427deb732b942295b2b78d97965ddf811279c37a3628b4061d13155179f70
52,0.3,0.00141,0xa0be78d2bac6a692adba423c7af50ec86a18bddf,2017-10-17T17:43:33.000Z,0.0047,0x6e8924a045d9499fb31b6af07fb792f560f0932d,buy,0x1b9743f556d65e757c4c650b4555baf354cb8bd3,0x2ac40714cd3cc1dcf1c2eba3137ac791baa127ad97f633d63e5391ca4d42e4ab
53,0.106382978723,0.0005,0x16e5d97bbc92417e051e3b2cabfbf8ceea2acb9c,2017-10-17T17:34:43.000Z,0.00470000000001786,0x6e8924a045d9499fb31b6af07fb792f560f0932d,buy,0x1b9743f556d65e757c4c650b4555baf354cb8bd3,0xa33108cc2b27ce76c011443906fc4bb3f9851b4681849e24e845f1ab511fade0
54,0.106382978723,0.0005,0xcd912af5286dc0b0a23edb30209734ecb60838b3,2017-10-17T05:15:41.000Z,0.00470000000001786,0x6e8924a045d9499fb31b6af07fb792f560f0932d,buy,0x1b9743f556d65e757c4c650b4555baf354cb8bd3,0xb40655539a18a40886f60900dd9f0366898a533a0665cabf449c1bc585134bda
55,15.142059615192,0.0484545907686144,0xd5f035581b3f86edb225c99e69d2790f027cf928,2017-10-16T11:34:16.000Z,0.0032,0x06595e2fa93082f8f0337c5767305a442eeb9ef6,sell,0x1b9743f556d65e757c4c650b4555baf354cb8bd3,0x9b3b96e4b8ba84621ee0424b6f333f49ed0af8ee8181c670930812ea160f13a4
56,4.528635063958,0.0144916322046656,0xd5f035581b3f86edb225c99e69d2790f027cf928,2017-10-16T09:11:08.000Z,0.0032,0x95208e2b3c3da6c8d5da538b6dc90304275ccfdd,sell,0x1b9743f556d65e757c4c650b4555baf354cb8bd3,0x5a485f500efabbfaf5176f542737c8aedf121f6b1f2fcacb4eb66e74ee9548db
57,0.007601298899,0.0000243241564768,0xd5f035581b3f86edb225c99e69d2790f027cf928,2017-10-16T05:01:47.000Z,0.0032,0x0a0064941ecde87251075ed1f56f51e5b1754d14,sell,0x1b9743f556d65e757c4c650b4555baf354cb8bd3,0x44ccfbd64f29e672aa345f62c096bbd8cea8dc45a3c3edfe6d3604e606d1ef7e
58,76.248629249327,0.2439956135978464,0xd5f035581b3f86edb225c99e69d2790f027cf928,2017-10-16T04:16:24.000Z,0.0032,0x0a0064941ecde87251075ed1f56f51e5b1754d14,sell,0x1b9743f556d65e757c4c650b4555baf354cb8bd3,0x8129a211f33b7be546a0f24b2f8e948f6018a6265361a4266a79afd9ba3c8b82
59,0.394420495974,0.001969893330674907,0x6044e2c1b259eeecb1d5912e83d534eb1681dbe5,2017-10-15T16:36:22.000Z,0.004994399000007244,0xf49ef170dd95abf50049c1c45ef35a6579186dbf,buy,0x1b9743f556d65e757c4c650b4555baf354cb8bd3,0x09440f736765d84e0a575e9723580a91b7192b9a13010293620b248e694c4d63
60,1,0.008,0x6044e2c1b259eeecb1d5912e83d534eb1681dbe5,2017-10-15T16:17:15.000Z,0.008,0x3e2dd9f858fa90d397cc136bca488dbfdc69d48d,buy,0x1b9743f556d65e757c4c650b4555baf354cb8bd3,0x9c6f09cda438f75b15838c41fed5a25ec84ca8e79aa9b5d41040b2971fec53af
61,758.714767301365,2.276144301904095,0xf457ebabb27dfe14199a78d8ff81bf0373a1e295,2017-10-13T11:54:33.000Z,0.003,0x97677751e84c0dc6b2f598fa35cac91c209e80d2,sell,0x1b9743f556d65e757c4c650b4555baf354cb8bd3,0xf8c7902087ea7e158d3e12e58f6a60f5ca8754e6049e1d290cdc025da0fb3588
62,25.237337075067,0.100949348300268,0xad64261fe58b9142e384289515aebcc456dd7417,2017-10-13T09:55:42.000Z,0.004,0x78ca69f187fafd65b526b478c793b95e6ebc6654,sell,0x1b9743f556d65e757c4c650b4555baf354cb8bd3,0x2c674fbbcfc58eaac6ca528e81d12153b26d4a1e24846cde95defb2a1d8873a8
63,0.000102743978,0.000000419773878836,0xc7c9f2d328c104fc59ce23bc25bfad5c5566cfeb,2017-10-13T07:23:10.000Z,0.004085629999998637,0x2773052087f99699013b4c06895fe69feebb4eee,sell,0x1b9743f556d65e757c4c650b4555baf354cb8bd3,0x36fbf26381505d158c71c0e03622fe534a409c0129e26f4b581f0474f252f6cb
64,24.023368557471,0.10834539219419421,0xff49ad0d2269f48222229618ae845bbc7a8d75eb,2017-10-12T23:31:27.000Z,0.00451,0xd356f7cb661c48a79143f469284be0e594fa5094,sell,0x1b9743f556d65e757c4c650b4555baf354cb8bd3,0x75dc71c48ec32ec613ad4ae5b538c578f55cdfda87b5b4a513832c05aa4da285
65,62,0.31,0xf142f26d1cac4ba8a6e6d7974d243eda2fe5f4f9,2017-10-12T23:16:09.000Z,0.005,0xe374479695fd5eefbc1caaa8e9d705f05ae24f2b,buy,0x1b9743f556d65e757c4c650b4555baf354cb8bd3,0x9363e921e7b31ec0f058d55d0785df9bd3a05f3ff0169cab821accae3246454d
66,136.053,0.63491309298,0xd35cc4db1066b87373c5b83f2a033b4aabb8a1f2,2017-10-12T23:11:04.000Z,0.00466666,0xd356f7cb661c48a79143f469284be0e594fa5094,sell,0x1b9743f556d65e757c4c650b4555baf354cb8bd3,0xa78a11a2146f4930927f1e3dea0a69634122a116517b980e5f298ab033ec23ca
67,70,0.318885,0xdcf026a4bf1b5817c5de39ef82f7465e923207d1,2017-10-12T19:57:15.000Z,0.0045555,0xd356f7cb661c48a79143f469284be0e594fa5094,sell,0x1b9743f556d65e757c4c650b4555baf354cb8bd3,0x2cb7234c25fa09f474d24e1e45472e0d7341ba86cc533df8c9ac64eec2ddae11
68,30.284804486093,0.14132888570307076,0xd35cc4db1066b87373c5b83f2a033b4aabb8a1f2,2017-10-12T14:52:17.000Z,0.0046666599999999996,0x082b53c60797af3ecdcb072a57b7bcbc1729bceb,sell,0x1b9743f556d65e757c4c650b4555baf354cb8bd3,0x223c6f5be79813ae13a4f3edae87e16614d9da22b99d3ec2783d5ab8ac8d1ed3
69,6.662048649187,0.031089515949215003,0xd35cc4db1066b87373c5b83f2a033b4aabb8a1f2,2017-10-11T23:30:03.000Z,0.0046666599999999996,0x931455ae7daed2a745b4b83522eafe7713ea452c,sell,0x1b9743f556d65e757c4c650b4555baf354cb8bd3,0xd21f6ac320905567a73340e7db6cfcc738b5b755da098e41efe242897e01c9e5
70,575.919,3.454938081,0xad64261fe58b9142e384289515aebcc456dd7417,2017-10-11T16:46:51.000Z,0.005999,0xe374479695fd5eefbc1caaa8e9d705f05ae24f2b,buy,0x1b9743f556d65e757c4c650b4555baf354cb8bd3,0xa0c8d80fa02216d051b27059b06d0aa60837a2b283d6884927cfd54c652b00f1
71,14.953643704516,0.06812207157810786,0xd35cc4db1066b87373c5b83f2a033b4aabb8a1f2,2017-10-10T04:18:13.000Z,0.00455555,0xc9c0c5f4a3d07a9624ae857c2f0afb9ce68c605a,sell,0x1b9743f556d65e757c4c650b4555baf354cb8bd3,0x55c78f0d13f1401c4bc8cc1ec7efdf96b15f3adaa91cb4bc01b829ef64b9e610
72,7.67,0.0349410685,0xd35cc4db1066b87373c5b83f2a033b4aabb8a1f2,2017-10-10T01:07:00.000Z,0.00455555,0x3fb5df6d175b7ab55eb208d08a62ba6470ac3a3e,sell,0x1b9743f556d65e757c4c650b4555baf354cb8bd3,0x79d5cd7a4b05500109c1b0a1030ae2b643a4a1bfe705811ad0f7b317de4f23df
73,0.001788935332,0.000008149584351692,0xd35cc4db1066b87373c5b83f2a033b4aabb8a1f2,2017-10-09T23:03:25.000Z,0.0045555499999996646,0x6207b73b30ca90cbfab22cd06648b5c422afe13d,sell,0x1b9743f556d65e757c4c650b4555baf354cb8bd3,0x6c4a2f8c875115aac8fecf6cc1036a25d9736917fa3c8024b6460fa72292c40f
74,17.944810314742,0.08174848062932291,0xd35cc4db1066b87373c5b83f2a033b4aabb8a1f2,2017-10-09T22:58:33.000Z,0.00455555,0x6207b73b30ca90cbfab22cd06648b5c422afe13d,sell,0x1b9743f556d65e757c4c650b4555baf354cb8bd3,0x1314f640b886aa93356776d6f2c15bd09a32926c8c247cdc5831172fe77dcfcf
75,4.392267168157,0.02000919269789762,0xd35cc4db1066b87373c5b83f2a033b4aabb8a1f2,2017-10-09T22:48:43.000Z,0.00455555,0x6207b73b30ca90cbfab22cd06648b5c422afe13d,sell,0x1b9743f556d65e757c4c650b4555baf354cb8bd3,0xae2e295562634d29af12d2f08a9bd9cbf0714d81ebee8dc0f07f503bbcc100e2
76,30,0.1366665,0xd35cc4db1066b87373c5b83f2a033b4aabb8a1f2,2017-10-09T22:47:26.000Z,0.00455555,0x6207b73b30ca90cbfab22cd06648b5c422afe13d,sell,0x1b9743f556d65e757c4c650b4555baf354cb8bd3,0xe3435792e1152a06b06ea40b2367c09c18021a4290e23e231f23938fa8ccc621
77,133.378,0.800001244,0x90e2c8cb7adb6b47aeea62b1d47e7ab6c9866b18,2017-10-09T11:04:39.000Z,0.005998,0x120c322c0b1477a5c2eeb6f9f06d2c98797f485f,buy,0x1b9743f556d65e757c4c650b4555baf354cb8bd3,0xf4e331561a082b797440ac05a850a73e098c4bf3e8057e6b75c7eccb0fd14427
78,3,0.01666665,0x5d5065b42bdee0274e394ba9042c21e1818c69cf,2017-10-09T06:46:53.000Z,0.00555555,0x931455ae7daed2a745b4b83522eafe7713ea452c,sell,0x1b9743f556d65e757c4c650b4555baf354cb8bd3,0x4ce8d675bbcf33e01b579c8a277b0d0fa6df76ba6a0147fe01f9bd907a095198
79,0.433,0.0024248,0xc67571f1e3a16ffd8fece3742e44fd80592e2411,2017-10-09T06:45:07.000Z,0.0056,0x931455ae7daed2a745b4b83522eafe7713ea452c,sell,0x1b9743f556d65e757c4c650b4555baf354cb8bd3,0x06f4715c1f89f41220257d4ec51e01d08b6a78ffc7fdfb0c920e1c3ed170cbbc
80,500,2.5,0xbc8fdeb530a215ca8c1b69c29ab6192b6351ee1b,2017-10-08T19:25:15.000Z,0.005,0xe374479695fd5eefbc1caaa8e9d705f05ae24f2b,sell,0x1b9743f556d65e757c4c650b4555baf354cb8bd3,0x2dc2f885ab801d1691c185937e23d3e025df3baf8c8d2811ec61bd7943c1e079
81,2000,9,0xad64261fe58b9142e384289515aebcc456dd7417,2017-10-08T18:14:47.000Z,0.0045,0xe374479695fd5eefbc1caaa8e9d705f05ae24f2b,sell,0x1b9743f556d65e757c4c650b4555baf354cb8bd3,0xe6c18d6ca3cc66925dbd0a51c03172370c41140d13f2262721135705452a95d3
82,1000,5,0xbc8fdeb530a215ca8c1b69c29ab6192b6351ee1b,2017-10-08T16:31:57.000Z,0.005,0xe374479695fd5eefbc1caaa8e9d705f05ae24f2b,sell,0x1b9743f556d65e757c4c650b4555baf354cb8bd3,0xb87de9cdb99ea5897562dd8f0643692e8207394a637d16720ad4e841f2deca3e
83,32.055,0.198741,0xd35cc4db1066b87373c5b83f2a033b4aabb8a1f2,2017-10-08T08:45:54.000Z,0.0062,0xaeb4d487f4066b41af8f99f30ec3ad40cd47a5b1,buy,0x1b9743f556d65e757c4c650b4555baf354cb8bd3,0x5fee9d23c3e3873f7879a0ef4f80946036a23d35c1f14042c7909253ef2fc8e6
84,1209.677,7.4999974,0xa0be78d2bac6a692adba423c7af50ec86a18bddf,2017-10-08T07:00:41.000Z,0.0062,0xaeb4d487f4066b41af8f99f30ec3ad40cd47a5b1,buy,0x1b9743f556d65e757c4c650b4555baf354cb8bd3,0x6feef74075cb0d5357c48e9016f8104239f8b2cdbbce1dba04c6d8c304d1138e
85,756,3.78,0xbc8fdeb530a215ca8c1b69c29ab6192b6351ee1b,2017-10-08T05:11:31.000Z,0.005,0xaeb4d487f4066b41af8f99f30ec3ad40cd47a5b1,sell,0x1b9743f556d65e757c4c650b4555baf354cb8bd3,0x80ab3e961c03108e9a0c85fc5ff47625c0016f5f2cf8a32fff11ff12db92d061
86,66,0.429,0xdef0083fea701af025c19bdf0d328d5a44eac384,2017-10-07T21:52:54.000Z,0.0065,0xdcf026a4bf1b5817c5de39ef82f7465e923207d1,buy,0x1b9743f556d65e757c4c650b4555baf354cb8bd3,0x41ca1e1298ca902fb6bfc05fb01f5e8dadba9fba27f417bfc548724b252675b5
87,9,0.0585,0xbba1f993e59c2b0014d7f83f73b57a622bdd9dfc,2017-10-07T13:42:32.000Z,0.0065,0xb236b907580361fd4f87b759de68ca5c206644af,buy,0x1b9743f556d65e757c4c650b4555baf354cb8bd3,0x9a06ad0fbb5ed582fa552766b0aa0141a0ae22129ece513b243d547846dbf388
88,22,0.1232,0xc67571f1e3a16ffd8fece3742e44fd80592e2411,2017-10-07T12:52:15.000Z,0.0056,0xf49ef170dd95abf50049c1c45ef35a6579186dbf,sell,0x1b9743f556d65e757c4c650b4555baf354cb8bd3,0xd01e8815a20f20d7346c208e74c7518f988bb599f62f7e0b721c23cee59e247c
89,16.5669826209,0.09277510267704,0xc67571f1e3a16ffd8fece3742e44fd80592e2411,2017-10-07T05:07:30.000Z,0.0056,0x4cc4bd0a8fc9bdb97791e44dc5e661b8c461c98b,sell,0x1b9743f556d65e757c4c650b4555baf354cb8bd3,0x33360e9bf42ea44377dfe356782fb01b0ecd169bc60328eaa6fc432b7057d327
90,16.618340267025,0.12463755200268835,0x4cc4bd0a8fc9bdb97791e44dc5e661b8c461c98b,2017-10-07T04:41:33.000Z,0.007500000000000051,0xe374479695fd5eefbc1caaa8e9d705f05ae24f2b,buy,0x1b9743f556d65e757c4c650b4555baf354cb8bd3,0x344bf3a2def9dcd7d359e3de3918c68405eecd31bf0b801eda076ce18efcd432
91,66.063,0.36994949685,0xd35cc4db1066b87373c5b83f2a033b4aabb8a1f2,2017-10-06T22:11:30.000Z,0.00559995,0x4b0423e8032977b4f7a585267929a1d589ed826f,buy,0x1b9743f556d65e757c4c650b4555baf354cb8bd3,0x7bf8f84cc1686e9b0a830b93a9b136033baf6a364f0ec2a8a18733995cc885bf
92,300,1.674,0xa0be78d2bac6a692adba423c7af50ec86a18bddf,2017-10-06T21:57:27.000Z,0.00558,0xaeb4d487f4066b41af8f99f30ec3ad40cd47a5b1,buy,0x1b9743f556d65e757c4c650b4555baf354cb8bd3,0xa6e2633347721c27b8fe92538fe90992d56a876dd676a5e7c2a0bc4f397cc01b
93,300,1.671,0xa0be78d2bac6a692adba423c7af50ec86a18bddf,2017-10-06T21:56:02.000Z,0.00557,0xaeb4d487f4066b41af8f99f30ec3ad40cd47a5b1,buy,0x1b9743f556d65e757c4c650b4555baf354cb8bd3,0x7163d5bc3ae2d1a6f4eae2ad0a3be52621f01e4ef04547271fa32afa79e4bc40
94,22,0.121,0xa0be78d2bac6a692adba423c7af50ec86a18bddf,2017-10-06T21:54:41.000Z,0.0055,0xee2a3e9d14b54e566f1dfeb141a3fdb4dfeac21b,buy,0x1b9743f556d65e757c4c650b4555baf354cb8bd3,0xf1747b2e5a903fb3476787354bd434af398a0e4632085bf757a3ea4a07f7a608
95,124.87963891675,0.6743500501504514,0xa0be78d2bac6a692adba423c7af50ec86a18bddf,2017-10-06T21:49:01.000Z,0.005400000000000011,0xaeb4d487f4066b41af8f99f30ec3ad40cd47a5b1,buy,0x1b9743f556d65e757c4c650b4555baf354cb8bd3,0xf10f6da83ced2ac1ee211e8e4bc0238708094659b28557950507fe95df28a207
96,213,1.14807,0xa0be78d2bac6a692adba423c7af50ec86a18bddf,2017-10-06T21:47:04.000Z,0.00539,0x008cd39b569505e006ec93689add83999e96ab12,buy,0x1b9743f556d65e757c4c650b4555baf354cb8bd3,0x843878a927dfd7bf26a49bb5554b75bae2e0a93270428beb5612f06233b279c2
97,200,1.0779998,0xa0be78d2bac6a692adba423c7af50ec86a18bddf,2017-10-06T21:45:48.000Z,0.005389999,0x82671b5eaeec53dc1849b9cfb4400c02c1d5e65e,buy,0x1b9743f556d65e757c4c650b4555baf354cb8bd3,0x0e3fac9bd80ba0105bb4a148111e2adbf6af95f75dc4f34aaa02a22bec2ff1e2
98,200,1.0779998,0xa0be78d2bac6a692adba423c7af50ec86a18bddf,2017-10-06T21:43:10.000Z,0.005389999,0x82671b5eaeec53dc1849b9cfb4400c02c1d5e65e,buy,0x1b9743f556d65e757c4c650b4555baf354cb8bd3,0xbb4d0a5c8f48257608b625ef7b64e2c0a5d1097e4804308fd50ed663735dae53
99,40,0.21559996,0xa0be78d2bac6a692adba423c7af50ec86a18bddf,2017-10-06T21:42:39.000Z,0.005389999,0xc67571f1e3a16ffd8fece3742e44fd80592e2411,buy,0x1b9743f556d65e757c4c650b4555baf354cb8bd3,0xb136d92b2bb54170a367f092cb2d341e2468c3725a98756df47befa89558f23c
100,99.504,0.53632456992,0xa0be78d2bac6a692adba423c7af50ec86a18bddf,2017-10-06T21:36:57.000Z,0.00538998,0x82671b5eaeec53dc1849b9cfb4400c02c1d5e65e,buy,0x1b9743f556d65e757c4c650b4555baf354cb8bd3,0x3997e5b77625509ae092dea645184e7e6007e8d67f5ff861f51625fd4fb2613a
101,10,0.0538998,0x5ae933bfbbaa04c3e05ae56295138174ada9799c,2017-10-06T18:36:57.000Z,0.00538998,0x82671b5eaeec53dc1849b9cfb4400c02c1d5e65e,buy,0x1b9743f556d65e757c4c650b4555baf354cb8bd3,0x80f028aae683661b59cd43d601012e7fd6da2b5c980e0b3ee15b898919bb0a74
102,9.97,0.06979,0xa0be78d2bac6a692adba423c7af50ec86a18bddf,2017-10-06T18:36:57.000Z,0.007,0x5ae933bfbbaa04c3e05ae56295138174ada9799c,sell,0x1b9743f556d65e757c4c650b4555baf354cb8bd3,0x80f028aae683661b59cd43d601012e7fd6da2b5c980e0b3ee15b898919bb0a74
103,18.495608152554,0.09969095803010666,0xa1470e5869bea8324b44b92a66440f7ffc3a01ff,2017-10-06T18:10:05.000Z,0.005389980000000198,0x82671b5eaeec53dc1849b9cfb4400c02c1d5e65e,buy,0x1b9743f556d65e757c4c650b4555baf354cb8bd3,0x2406cf20b12e7587adfe3749250b0e3272cdc9de3b2085ce1787099d3fceb478
104,0.057987326036,0.0001797607107116,0xae13c40a59d82d08380679d1fc54af910bb7fab6,2017-10-06T10:44:05.000Z,0.0031,0xae13c40a59d82d08380679d1fc54af910bb7fab6,sell,0x1b9743f556d65e757c4c650b4555baf354cb8bd3,0xaefe1e52585a865d7b380d2957c5e5b845e4f65e6e844757266822921115852a
105,35,0.189,0xb93727624334d96240f3fad171a07a42ec943c64,2017-10-06T08:36:11.000Z,0.0054,0xaeb4d487f4066b41af8f99f30ec3ad40cd47a5b1,buy,0x1b9743f556d65e757c4c650b4555baf354cb8bd3,0x49e143b006fa76cfd6eb38b7c4c91652e22e5295b10d2496b494f11286413d89
106,39.999999999999,0.239999999999994,0x2151ab2bab2c919843c4d1f699e26dcf2ceccdb5,2017-10-06T08:33:12.000Z,0.006,0xfe423f6b9b3aa093cc08831d9b106027f97e132e,sell,0x1b9743f556d65e757c4c650b4555baf354cb8bd3,0xd9c2b1db41028918e3b450f102dfcdbfcf8c003ff6e5ef7e6ad75e489527a529
107,40.120361083249,0.21664994984954863,0xfe423f6b9b3aa093cc08831d9b106027f97e132e,2017-10-06T08:33:12.000Z,0.005400000000000101,0xaeb4d487f4066b41af8f99f30ec3ad40cd47a5b1,buy,0x1b9743f556d65e757c4c650b4555baf354cb8bd3,0xd9c2b1db41028918e3b450f102dfcdbfcf8c003ff6e5ef7e6ad75e489527a529
108,30,0.1443,0xa0be78d2bac6a692adba423c7af50ec86a18bddf,2017-10-05T22:48:03.000Z,0.00481,0x310d200340c51fd5a603f6688c73d53152f0a5d5,buy,0x1b9743f556d65e757c4c650b4555baf354cb8bd3,0x216760927541a5eb5f5589a30685f7119ef81c940a27c0bc0390dc71a408c9ed
109,240,1.152,0xa0be78d2bac6a692adba423c7af50ec86a18bddf,2017-10-05T22:26:49.000Z,0.0048,0xaeb4d487f4066b41af8f99f30ec3ad40cd47a5b1,buy,0x1b9743f556d65e757c4c650b4555baf354cb8bd3,0xf52317ca17e193933744d2fbb3a6dc3e272f929b09ebd533ff0fd67d8aa5f33b
110,31,0.131722379,0xa0be78d2bac6a692adba423c7af50ec86a18bddf,2017-10-05T21:50:19.000Z,0.004249109,0x84de0a3a5a20cbc76a6c70daa36f80a08714a6f8,buy,0x1b9743f556d65e757c4c650b4555baf354cb8bd3,0x94a819294119b611f84c3967498b9f33794d5a8cde78a9b115f4eca5aed4afd3
111,99,0.4206609,0xa0be78d2bac6a692adba423c7af50ec86a18bddf,2017-10-05T21:34:33.000Z,0.0042491,0xc67571f1e3a16ffd8fece3742e44fd80592e2411,buy,0x1b9743f556d65e757c4c650b4555baf354cb8bd3,0x36e93b9d762916bf18d95c84b67d8e89b900968697314cf6f6277eb5e4bd13a1
112,100,0.42,0xa0be78d2bac6a692adba423c7af50ec86a18bddf,2017-10-05T21:27:41.000Z,0.0042,0x1aa7e20656f755f935223342abfab5a5c2d6fc72,buy,0x1b9743f556d65e757c4c650b4555baf354cb8bd3,0xe812ce29bd4e75c0cb2d82127774383dbf84e3ed034b5d65bb0a43d5fb46f961
113,70,0.294,0xa0be78d2bac6a692adba423c7af50ec86a18bddf,2017-10-05T21:02:58.000Z,0.0042,0x1aa7e20656f755f935223342abfab5a5c2d6fc72,buy,0x1b9743f556d65e757c4c650b4555baf354cb8bd3,0xada94d12b87837f51a540ab7c89620f54ef6d3f6f721f391021fe2ed7fdf1a85
114,0.013075389973,0.0000457638649055,0xa0be78d2bac6a692adba423c7af50ec86a18bddf,2017-10-05T19:44:12.000Z,0.0035,0xa6dfcf5ee18d97d5047b60a894596a6d6450e350,sell,0x1b9743f556d65e757c4c650b4555baf354cb8bd3,0xefe9225b511790d72409ccce8b89ef199e6ec70164be9725e02bcb3da0f17535
115,131.159236813787,0.39478930280949887,0x2773052087f99699013b4c06895fe69feebb4eee,2017-10-05T19:22:50.000Z,0.00301,0xa6dfcf5ee18d97d5047b60a894596a6d6450e350,sell,0x1b9743f556d65e757c4c650b4555baf354cb8bd3,0x589b90e07fb903b047637fbf37b7dc233e203673c654062a4d37e4f4032d51e4
116,301,1.27624,0xa0be78d2bac6a692adba423c7af50ec86a18bddf,2017-10-05T19:22:16.000Z,0.00424,0xb6ed27337d3bcf50b6e832af4938180972e35c0a,buy,0x1b9743f556d65e757c4c650b4555baf354cb8bd3,0x5a22fc7eed2245029c372220bdbd67821bf26e6744267f8e1d10f07a97033807
117,16,0.0672,0xa0be78d2bac6a692adba423c7af50ec86a18bddf,2017-10-05T19:11:02.000Z,0.0042,0x39cac9765fe2e4be47eb2e0e28002711362a60d4,buy,0x1b9743f556d65e757c4c650b4555baf354cb8bd3,0x298c67a264aca5b40b6606be57d6bd514b1da04fc46439ed0f64b8fded5e331a
118,33.855,0.1320345,0xa0be78d2bac6a692adba423c7af50ec86a18bddf,2017-10-05T18:01:18.000Z,0.0039,0x1fdf047bf7a114b37e7936d01e9cad754ad18803,buy,0x1b9743f556d65e757c4c650b4555baf354cb8bd3,0xb565489a0e2bb9227260febe52e91c5fcd024245af59588b8aec2ad3a90cf3e5
119,209.628999999999,0.8156897287819,0xa0be78d2bac6a692adba423c7af50ec86a18bddf,2017-10-05T17:54:50.000Z,0.0038911111000000187,0x28fc50a4088f19e18ec8272f5a3fcd035bc2cbe5,buy,0x1b9743f556d65e757c4c650b4555baf354cb8bd3,0x1816ac55781ed6441af8afc772ac590dc3da70e7415b757db5f229a4aed5bcc6
120,66.152,0.2513776,0xa0be78d2bac6a692adba423c7af50ec86a18bddf,2017-10-05T17:52:19.000Z,0.0038,0x75a0b523df19f8f3389cb7b8067afa0fe4f07fb0,buy,0x1b9743f556d65e757c4c650b4555baf354cb8bd3,0x1e384f78c0b30af296b98b0076c67ce66a7ca9889171d01f993497212528d8d6
121,58.799999999999,0.223439999412,0xa0be78d2bac6a692adba423c7af50ec86a18bddf,2017-10-05T17:51:07.000Z,0.0037999999900000647,0xbcce870909b3dbbe28f744f69b080dbdeeb7748a,buy,0x1b9743f556d65e757c4c650b4555baf354cb8bd3,0x3713818b20f1bb417cf23cdbce288e8dea284179ac63b90c09fda0be1b8420ad
122,131.56583044791,0.49995015438640217,0xa6dfcf5ee18d97d5047b60a894596a6d6450e350,2017-10-05T15:10:06.000Z,0.0037999999900000187,0xbcce870909b3dbbe28f744f69b080dbdeeb7748a,buy,0x1b9743f556d65e757c4c650b4555baf354cb8bd3,0x2c0af306538a854b336249e65a02d61160f1ec48a25848b05feea9d24526ee2d
123,99.999999999999,0.379999999,0xf771322691357ab362ea1389b1c43def0f836f2d,2017-10-05T14:07:26.000Z,0.003799999990000038,0xbcce870909b3dbbe28f744f69b080dbdeeb7748a,buy,0x1b9743f556d65e757c4c650b4555baf354cb8bd3,0x9c4b73ce0aa40b2f14f526111f2e5eb5b4f876a48202cb79afcab301a4c510e9
124,213.158,0.8100004,0x008cd39b569505e006ec93689add83999e96ab12,2017-10-05T09:38:32.000Z,0.0038,0x75a0b523df19f8f3389cb7b8067afa0fe4f07fb0,buy,0x1b9743f556d65e757c4c650b4555baf354cb8bd3,0x34926bddbaa7669bf4fce18347deee647c869812c85968f80b4df5e323d0cdf3
125,12.959824543913,0.0362875087229564,0x2773052087f99699013b4c06895fe69feebb4eee,2017-10-05T03:23:33.000Z,0.0028,0x96b1d9a05e5b14b4b699ff66431be8e75127abf6,sell,0x1b9743f556d65e757c4c650b4555baf354cb8bd3,0x3951067df187caba247945f0478425b06ed30ce878a93111e63e9b642f43d959
126,23.058167086747,0.08972186222709601,0xae13c40a59d82d08380679d1fc54af910bb7fab6,2017-10-04T22:17:37.000Z,0.0038911099000000257,0xbcce870909b3dbbe28f744f69b080dbdeeb7748a,buy,0x1b9743f556d65e757c4c650b4555baf354cb8bd3,0x29623aa9e7534368dc4cae61beb97a46a14a4b5b447105cfd5a606275c8a1080
127,16.87710425514,0.06567066745050862,0x184c47b039f9e5cee47055ef1242233862ed9afa,2017-10-04T20:09:47.000Z,0.003891109900000074,0xbcce870909b3dbbe28f744f69b080dbdeeb7748a,buy,0x1b9743f556d65e757c4c650b4555baf354cb8bd3,0x1e40cda5b30f74b54d0473185fc65d56fe42779163c6c74aa7e0ef874c73c552
128,3.083999999999,0.0120001829316,0x184c47b039f9e5cee47055ef1242233862ed9afa,2017-10-04T19:43:00.000Z,0.0038911099000012617,0xbcce870909b3dbbe28f744f69b080dbdeeb7748a,buy,0x1b9743f556d65e757c4c650b4555baf354cb8bd3,0x810b78b001f5a7e154dce944f0dc0eb48cc1f9b78e148fa0d9492558104d846d
129,489.91776339348,1.2247944084837,0xf457ebabb27dfe14199a78d8ff81bf0373a1e295,2017-10-04T15:22:15.000Z,0.0025,0xbfb50b318ebd18975bd60b8d21488a8595debe74,sell,0x1b9743f556d65e757c4c650b4555baf354cb8bd3,0xc7461436c83acc7427cb125ff4f3542f0fb66c0ffebbd71eb447026acc23d4c6
130,304.615,1.1879984999695385,0x341351a485851b281237fc34e5f30dc0acbff296,2017-10-04T00:49:34.000Z,0.0038999999999,0xbcce870909b3dbbe28f744f69b080dbdeeb7748a,buy,0x1b9743f556d65e757c4c650b4555baf354cb8bd3,0x1dcab711aa8b37b2642f3e794ada637d04c7682bda28580eb9256b041009e72b
131,716.345,2.85821655,0x341351a485851b281237fc34e5f30dc0acbff296,2017-10-04T00:47:40.000Z,0.00399,0x62a33798e85257cc2cd9fa119168bad0658bb0fa,buy,0x1b9743f556d65e757c4c650b4555baf354cb8bd3,0xf645dfceb3e33a96f22b43ea1ad9c085a487da64d0f5d8f3c6aa7ffa9278fb9e
132,20,0.077999999998,0x2b0416e24e78caf64c7d67c2a5e38388a8a69bce,2017-10-03T21:13:06.000Z,0.0038999999999,0xbcce870909b3dbbe28f744f69b080dbdeeb7748a,buy,0x1b9743f556d65e757c4c650b4555baf354cb8bd3,0xb21caa2bdcab9a41b75e7ffcc069ca808ea74cd2053f8093f629abbc1249312e
133,0.111020789132,0.000277996167009071,0x2773052087f99699013b4c06895fe69feebb4eee,2017-10-03T16:26:29.000Z,0.0025040010000157977,0x008cd39b569505e006ec93689add83999e96ab12,buy,0x1b9743f556d65e757c4c650b4555baf354cb8bd3,0xfe98307817f13969c27b814e5ae81c3d4f6ee9a73471627b5016344c4b39814b
134,1,0.0042491,0xa0be78d2bac6a692adba423c7af50ec86a18bddf,2017-10-02T22:32:03.000Z,0.0042491,0xc67571f1e3a16ffd8fece3742e44fd80592e2411,buy,0x1b9743f556d65e757c4c650b4555baf354cb8bd3,0x0c4f9c7fa94344c461eb9446f0f41b1235252502fbbde214876d80fe23db7417
135,22,0.055,0xee2a3e9d14b54e566f1dfeb141a3fdb4dfeac21b,2017-10-02T02:51:08.000Z,0.0025,0x62a33798e85257cc2cd9fa119168bad0658bb0fa,sell,0x1b9743f556d65e757c4c650b4555baf354cb8bd3,0xdee9d105656b5c2e0e67dec74db08ba3ab546857ca2ca0dc0653c8bc0030a6bb
136,400,1.00400816,0xbcce870909b3dbbe28f744f69b080dbdeeb7748a,2017-10-02T02:47:58.000Z,0.0025100204,0x62a33798e85257cc2cd9fa119168bad0658bb0fa,sell,0x1b9743f556d65e757c4c650b4555baf354cb8bd3,0x0ecd7c3e0e6134e391d5846e3dc0d4f52b0f76da1a70bf6c45fe442c604cd6de
137,230,0.5773069,0x008cd39b569505e006ec93689add83999e96ab12,2017-10-02T02:45:52.000Z,0.00251003,0x75a0b523df19f8f3389cb7b8067afa0fe4f07fb0,sell,0x1b9743f556d65e757c4c650b4555baf354cb8bd3,0xa22d0fff779990f7f4aff63c23a79ed7f14e3a3069561d37aef7d16717d60152
138,237,0.594877347,0xdad62a339b5cb392953f513f4c15d14f8d23c462,2017-10-02T02:43:04.000Z,0.002510031,0x62a33798e85257cc2cd9fa119168bad0658bb0fa,sell,0x1b9743f556d65e757c4c650b4555baf354cb8bd3,0x6e444e474e40af868fb60791bc7da8b3b71e3e9aa0253725b778828ff3fdecac
139,356,0.9968,0xd5f035581b3f86edb225c99e69d2790f027cf928,2017-10-02T02:38:26.000Z,0.0028,0x62a33798e85257cc2cd9fa119168bad0658bb0fa,sell,0x1b9743f556d65e757c4c650b4555baf354cb8bd3,0x400242d55a7176fd652968c6e4790ec5442f3ffd50d99baa5add0e9adf8c43f1
140,200,0.56000002,0xbcce870909b3dbbe28f744f69b080dbdeeb7748a,2017-10-02T02:36:41.000Z,0.0028000001,0x62a33798e85257cc2cd9fa119168bad0658bb0fa,sell,0x1b9743f556d65e757c4c650b4555baf354cb8bd3,0xe455188a2e1b719ad72bb35a7663a6f77ab03f3c2898b656c42df3d84415fd13
141,7.25,0.03045,0x83e6b5e0b571030839d846656c2a4ebf614862d8,2017-10-01T15:34:58.000Z,0.0042,0x28fc50a4088f19e18ec8272f5a3fcd035bc2cbe5,sell,0x1b9743f556d65e757c4c650b4555baf354cb8bd3,0x40bc1e03cc5b2faa37d73c5cf9b8d4fa06063589c9cba1d5bedb4713823a30c3
142,33,0.132,0xd79d5b416d1a5aafeaaad8fc288aa57cc420b990,2017-10-01T01:37:57.000Z,0.004,0x28fc50a4088f19e18ec8272f5a3fcd035bc2cbe5,sell,0x1b9743f556d65e757c4c650b4555baf354cb8bd3,0x50e446ed933fae1c9f976b63cc809432a9f5e2900ac9177d22c0c0d57024cddd
143,0.994717382918,0.00481443213332312,0xd79d5b416d1a5aafeaaad8fc288aa57cc420b990,2017-09-30T00:55:11.000Z,0.00484,0x971f30c325d9924ad472adf0bf98702502baad93,sell,0x1b9743f556d65e757c4c650b4555baf354cb8bd3,0x86881e81d9fd1d516d34bac3ff38f8603b8951209101e08571dca242b7c94dac
144,45,0.2178,0xd79d5b416d1a5aafeaaad8fc288aa57cc420b990,2017-09-29T22:40:04.000Z,0.00484,0xa0be78d2bac6a692adba423c7af50ec86a18bddf,sell,0x1b9743f556d65e757c4c650b4555baf354cb8bd3,0x2bf956cd8c66a0048bcea790fa1255607a4cff649f3563e05d908423b02efb79
145,1,0.0048399999999,0xa0be78d2bac6a692adba423c7af50ec86a18bddf,2017-09-29T22:38:45.000Z,0.0048399999999,0xbcce870909b3dbbe28f744f69b080dbdeeb7748a,buy,0x1b9743f556d65e757c4c650b4555baf354cb8bd3,0x9d2051816f526fb345b82cf70996ad1ad715644dc96f4726b4d8600c1697c0ba
146,45.384615384615,0.1043846153846145,0xa0be78d2bac6a692adba423c7af50ec86a18bddf,2017-09-29T19:32:47.000Z,0.0023,0x58e1166605207811672df06605eef3b1ec202fc6,buy,0x1b9743f556d65e757c4c650b4555baf354cb8bd3,0x45f0be313c5667f78fe244ca585750eac340924354762647fa974dcd68e0a1f2
147,101,0.5150993536,0xa0be78d2bac6a692adba423c7af50ec86a18bddf,2017-09-28T21:14:41.000Z,0.0050999936,0xbcce870909b3dbbe28f744f69b080dbdeeb7748a,buy,0x1b9743f556d65e757c4c650b4555baf354cb8bd3,0xd57f88333b980a3524fbf5d558adf348e3bd61afd247767737bc51b38083bb15
148,29.37,0.11748,0xa0be78d2bac6a692adba423c7af50ec86a18bddf,2017-09-28T17:30:18.000Z,0.004,0xa49d627bd16ae6033b2ade32be8263c58b3fb1df,buy,0x1b9743f556d65e757c4c650b4555baf354cb8bd3,0x40d802f44ddd1f3cdfc5e6bb3ef0e6ca15ce07d45c7515eddb96cc90a7603d94
149,1,0.004,0x0249924245a19aa2d7f5ddb0739a7132b7d094ab,2017-09-28T17:13:32.000Z,0.004,0xa49d627bd16ae6033b2ade32be8263c58b3fb1df,buy,0x1b9743f556d65e757c4c650b4555baf354cb8bd3,0xc04a01730b451779caf5fe69a4a1ded71b16c763a98be633e469722d9a4986c1
150,0.996909580301,0.00399760741700701,0x971f30c325d9924ad472adf0bf98702502baad93,2017-09-28T07:48:22.000Z,0.00401,0xa7150354276201ac468b8dcd1361cf848f885406,sell,0x1b9743f556d65e757c4c650b4555baf354cb8bd3,0xbdb7618526a4971590359ff9715f9f668203a8e4cc2f3ab44c9196650e3f048a
151,18.781678396494,0.0788830492652748,0x090ca68cfae0b4fdac317b45f1e20c81598468a6,2017-09-28T05:31:23.000Z,0.0042,0xbbee4ee4922f300a2d12734850ebf65b1d82d30f,sell,0x1b9743f556d65e757c4c650b4555baf354cb8bd3,0x5e011edbe353b24fb328a098b32e9695e7b9d565fc32f780557e5e70140d3b7a
152,250,0.55024975,0x28fc50a4088f19e18ec8272f5a3fcd035bc2cbe5,2017-09-28T05:26:42.000Z,0.002200999,0x52f0683472ffc82258dfc52ef2834b853c74b599,sell,0x1b9743f556d65e757c4c650b4555baf354cb8bd3,0x147d5f80ce2dc8788c95cf0238400d81246c9082fd61bfbb0678444ecf5e4d0e
153,0.711,0.00307863,0x88ccd3e12ba916f098ed1e3e5be9649184ca4c95,2017-09-28T02:15:23.000Z,0.00433,0x717a6dcb1f178c83fe2ace641393fe1067501413,sell,0x1b9743f556d65e757c4c650b4555baf354cb8bd3,0x68ee0f4fb4746fdbae039650e8325799e2f1654dce2fdfe26bdb2ad7090527fd
154,583.192104476124,1.2830226298474727,0xa0be78d2bac6a692adba423c7af50ec86a18bddf,2017-09-28T02:14:52.000Z,0.0022,0x75f75a59aeaf0baba0e80c94c59b4a0aa5e3568c,sell,0x1b9743f556d65e757c4c650b4555baf354cb8bd3,0xb624e219a0219ca0993a014a8a197f7c15b5de90a7bdc59ceb294539657063dc
155,1.293,0.0054306,0x090ca68cfae0b4fdac317b45f1e20c81598468a6,2017-09-28T02:09:11.000Z,0.0042,0x717a6dcb1f178c83fe2ace641393fe1067501413,sell,0x1b9743f556d65e757c4c650b4555baf354cb8bd3,0xfe464b1751ebc4069135e1da4a37fc88ba6a4cb239f707db837c720bec4289dd
156,1.284522863474,0.00570328151382456,0xd5f035581b3f86edb225c99e69d2790f027cf928,2017-09-28T01:02:32.000Z,0.00444,0x717a6dcb1f178c83fe2ace641393fe1067501413,sell,0x1b9743f556d65e757c4c650b4555baf354cb8bd3,0x8602a307ca531640f56d1530a5881254bb3ac5feff95f3f8832f5bd2e4b1faf5
157,160,0.5696,0xbcce870909b3dbbe28f744f69b080dbdeeb7748a,2017-09-27T23:29:30.000Z,0.00356,0x52f0683472ffc82258dfc52ef2834b853c74b599,sell,0x1b9743f556d65e757c4c650b4555baf354cb8bd3,0x9fc1f40125c684e815cb355d902295223cab5882a94f1973e6399532c9b89f50
158,164,0.71176,0x090ca68cfae0b4fdac317b45f1e20c81598468a6,2017-09-27T23:08:25.000Z,0.00434,0x52f0683472ffc82258dfc52ef2834b853c74b599,sell,0x1b9743f556d65e757c4c650b4555baf354cb8bd3,0x9d9acc315d5d8451ea1dca508098f48c263edae8284b7fce54a77cebff44bd26
159,75,0.3376575,0xdad62a339b5cb392953f513f4c15d14f8d23c462,2017-09-27T22:35:23.000Z,0.0045021,0x52f0683472ffc82258dfc52ef2834b853c74b599,sell,0x1b9743f556d65e757c4c650b4555baf354cb8bd3,0x5175c48e59b89b3d27a9238a371870b94a268ee26adf2ec223bc6464462639e7
160,308,1.386308,0xd5f035581b3f86edb225c99e69d2790f027cf928,2017-09-27T22:26:03.000Z,0.004501,0x52f0683472ffc82258dfc52ef2834b853c74b599,sell,0x1b9743f556d65e757c4c650b4555baf354cb8bd3,0xdc8c556daee5533fd01689993b82540cfe0a56e06991f939410ba5ff70dd0362
161,150,0.705,0x2773052087f99699013b4c06895fe69feebb4eee,2017-09-27T18:04:52.000Z,0.0047,0x6e8924a045d9499fb31b6af07fb792f560f0932d,buy,0x1b9743f556d65e757c4c650b4555baf354cb8bd3,0xd32ec6c560fadfc3fdc6ff2ade9cd23c61679bfe866559325849651bedb55000
162,379,1.5539,0x65f2dddf638c7a7118b22d610c9aeba141f2467f,2017-09-25T18:05:26.000Z,0.0041,0xe74191d81fe3925d9ab0b2486bbdbd87c0b4c188,buy,0x1b9743f556d65e757c4c650b4555baf354cb8bd3,0xd7b246828409a8c4917bbac2cdd4c77702ab48242cfffbda0ef53132942afe7c
163,377.828730934104,1.6246635430166472,0xd5f035581b3f86edb225c99e69d2790f027cf928,2017-09-25T18:05:26.000Z,0.0043,0x65f2dddf638c7a7118b22d610c9aeba141f2467f,sell,0x1b9743f556d65e757c4c650b4555baf354cb8bd3,0xd7b246828409a8c4917bbac2cdd4c77702ab48242cfffbda0ef53132942afe7c
164,69.790628115653,0.3070787637088732,0x2773052087f99699013b4c06895fe69feebb4eee,2017-09-25T18:03:10.000Z,0.0044,0xb8878cd00f51f088588602acb43c7008333e767e,sell,0x1b9743f556d65e757c4c650b4555baf354cb8bd3,0x2f549bc699971f3c1bbed71f9ab71a46772478261c312edeb6d2d4cff68e4b4f
165,70,0.287,0xb8878cd00f51f088588602acb43c7008333e767e,2017-09-25T18:03:10.000Z,0.0041,0xe74191d81fe3925d9ab0b2486bbdbd87c0b4c188,buy,0x1b9743f556d65e757c4c650b4555baf354cb8bd3,0x2f549bc699971f3c1bbed71f9ab71a46772478261c312edeb6d2d4cff68e4b4f
166,0.0866964,0.000357189168,0x2773052087f99699013b4c06895fe69feebb4eee,2017-09-25T11:27:50.000Z,0.00412,0x18a902dc44442205b4ba2b1dc038e67506d22c55,sell,0x1b9743f556d65e757c4c650b4555baf354cb8bd3,0xd7de320070228b4e5d85e72eae20da6bbb98ff1c7f93023a8000a9813ff97568
167,0.0866964,0.000357189168,0x2773052087f99699013b4c06895fe69feebb4eee,2017-09-25T10:54:51.000Z,0.00412,0xd868b838b5de79f1e540b5d83c9e9a3d0b3810cd,sell,0x1b9743f556d65e757c4c650b4555baf354cb8bd3,0x462c437be4efd66951348a380fbafb864a00650c8e93816998aaf51b2832b299
168,0.06410338594,0.0005,0xc886b21b865e7c90432d9b8bdb14ad254f2232f5,2017-09-25T04:14:03.000Z,0.007799900000102865,0x1e10e42fd7449c5d7f3205d70c21f473274e39b0,buy,0x1b9743f556d65e757c4c650b4555baf354cb8bd3,0x9a181bb3115df702c059e771b35166ae2a80cc720ee7fb36a3f8de8aae093246
169,0.06410338594,0.0005,0xe37bd4d49c619e748d4efe74525489d26b6aff43,2017-09-25T04:09:25.000Z,0.007799900000102865,0x1e10e42fd7449c5d7f3205d70c21f473274e39b0,buy,0x1b9743f556d65e757c4c650b4555baf354cb8bd3,0xd103a989c61276ac560895ec9cd764bca62ee57e8ad5965ccd21f3462f42ceb2
170,0.01,0.000077999,0xa0be78d2bac6a692adba423c7af50ec86a18bddf,2017-09-25T01:56:38.000Z,0.0077999,0x1e10e42fd7449c5d7f3205d70c21f473274e39b0,buy,0x1b9743f556d65e757c4c650b4555baf354cb8bd3,0x69d47a4a11217a37824e3ad9806721737a8a0feb347ad535f4af367e5bfa020c
171,3.376,0.019408624,0xa0be78d2bac6a692adba423c7af50ec86a18bddf,2017-09-25T01:28:12.000Z,0.005749,0x971f30c325d9924ad472adf0bf98702502baad93,buy,0x1b9743f556d65e757c4c650b4555baf354cb8bd3,0x7ad0b6775d60e058298f06ac063da865f73438c05d1f7036722896fed4042180
172,68,0.4216,0xa0be78d2bac6a692adba423c7af50ec86a18bddf,2017-09-25T01:18:36.000Z,0.0062,0x090ca68cfae0b4fdac317b45f1e20c81598468a6,buy,0x1b9743f556d65e757c4c650b4555baf354cb8bd3,0x7af99b10ecdb12da3b4c241adc6a10ae814ee4d7361ab627b5cff7d9c50f496e
173,50,0.3469995,0xa0be78d2bac6a692adba423c7af50ec86a18bddf,2017-09-25T01:18:36.000Z,0.00693999,0x1e10e42fd7449c5d7f3205d70c21f473274e39b0,buy,0x1b9743f556d65e757c4c650b4555baf354cb8bd3,0x4adceb4115c5daa974bdce57204f71adfe8563595f572dca29f87f68321f258e
174,200,1.16,0xa0be78d2bac6a692adba423c7af50ec86a18bddf,2017-09-25T01:15:48.000Z,0.0058,0x1fdf047bf7a114b37e7936d01e9cad754ad18803,buy,0x1b9743f556d65e757c4c650b4555baf354cb8bd3,0x1ba3bd009adf5c4bc17d5c75c6ef7a67dcb5ad0ff237d669eac7d8e8f018d76b
175,110.826,0.6372495,0xa0be78d2bac6a692adba423c7af50ec86a18bddf,2017-09-25T00:53:27.000Z,0.00575,0x28fc50a4088f19e18ec8272f5a3fcd035bc2cbe5,buy,0x1b9743f556d65e757c4c650b4555baf354cb8bd3,0x5ad836d33181bb9fbe6f6f41c0fe3fdf487c7fa0d0d3a2ec3859683cf82c1d45
176,99.539,0.5723492400461,0xa0be78d2bac6a692adba423c7af50ec86a18bddf,2017-09-25T00:53:05.000Z,0.0057499999,0xbcce870909b3dbbe28f744f69b080dbdeeb7748a,buy,0x1b9743f556d65e757c4c650b4555baf354cb8bd3,0x1acf1523dc08049abc88d81f53cd9b14695ae8403893d5fd11b226cd23c4910f
177,111.388,0.612634,0xa0be78d2bac6a692adba423c7af50ec86a18bddf,2017-09-25T00:47:44.000Z,0.0055,0x303da2c34ae265551710e201eca6ca7d5a03d6b2,buy,0x1b9743f556d65e757c4c650b4555baf354cb8bd3,0x3c4c338ad91089be67efc1bc3533ef036033f65992accd4ef6a95bfe50b3a1be
178,153.512666666666,0.690807,0xa0be78d2bac6a692adba423c7af50ec86a18bddf,2017-09-25T00:47:03.000Z,0.00450000000000002,0x4219b5771e8dae40bf1c70dd118ec9d84d747974,buy,0x1b9743f556d65e757c4c650b4555baf354cb8bd3,0x21bab4e2d9725d2551eec5c782d2a70c17589773b25635ed37b0e78ebf8cf440
179,0.111111111111,0.0005,0x23ee598e50ff1b1bde1022bf3c8a41d4c23321a0,2017-09-25T00:19:30.000Z,0.0045000000000045,0x4219b5771e8dae40bf1c70dd118ec9d84d747974,buy,0x1b9743f556d65e757c4c650b4555baf354cb8bd3,0xac8daf3f87df84f7adffb1a8caf5ce2c727b6a9d086941671e256d4cbb0789b3
180,0.111111111111,0.0005,0xe5a759eb3e214ff0a2bbbea31acc41c9bf27b239,2017-09-25T00:10:08.000Z,0.0045000000000045,0x4219b5771e8dae40bf1c70dd118ec9d84d747974,buy,0x1b9743f556d65e757c4c650b4555baf354cb8bd3,0xb2ed19fa99fdb6d008e715df44bf4d1ab3c242bd945848400653405d6f9239db
181,0.111111111111,0.0005,0x160506e5a5ce5dadd43623689f53d5aa1f288f0f,2017-09-24T23:43:53.000Z,0.0045000000000045,0x4219b5771e8dae40bf1c70dd118ec9d84d747974,buy,0x1b9743f556d65e757c4c650b4555baf354cb8bd3,0xd53d60234185ceeeb3325888824f5ed28bd8817c7fc5080b63d9b90d3b02aea9
182,375,1.6875,0xd5f035581b3f86edb225c99e69d2790f027cf928,2017-09-24T20:52:43.000Z,0.0045,0xa0be78d2bac6a692adba423c7af50ec86a18bddf,sell,0x1b9743f556d65e757c4c650b4555baf354cb8bd3,0x45f95b21fc46bd8f2e2dd40f1dd3f44db6639aa81e279b84227f3447f9e47d28
183,0.086956523251,0.0005,0x452b06f1c61cff4c9bebaa405319a7c3b12553a2,2017-09-23T23:28:12.000Z,0.005749999900027627,0xbcce870909b3dbbe28f744f69b080dbdeeb7748a,buy,0x1b9743f556d65e757c4c650b4555baf354cb8bd3,0xb4ce5abddc95d32a2610e575ec0609ea71cc8dc959e8129bf35191ee4f85f692
184,0.086956523251,0.0005,0xc22f5ab4f1591613a92b4d172cc7f4e4a5af58cd,2017-09-23T23:28:12.000Z,0.005749999900027627,0xbcce870909b3dbbe28f744f69b080dbdeeb7748a,buy,0x1b9743f556d65e757c4c650b4555baf354cb8bd3,0x7ea9bfd00f69b4d59ebf1dec0c59560c228bfcb8cfe0d7e64f9aca9e18f5bb05
185,0.086956523251,0.0005,0x2ba19ec4bcd5ae8de66b110bde5ebf41092bd02f,2017-09-23T19:17:59.000Z,0.005749999900027627,0xbcce870909b3dbbe28f744f69b080dbdeeb7748a,buy,0x1b9743f556d65e757c4c650b4555baf354cb8bd3,0x790a5262a1a28042677d36d874232bf2d3e6db9d2a186b44d5d28d8b939a0ddf
186,0.086956521739,0.0005,0x18a902dc44442205b4ba2b1dc038e67506d22c55,2017-09-23T16:13:11.000Z,0.005750000000008625,0x28fc50a4088f19e18ec8272f5a3fcd035bc2cbe5,buy,0x1b9743f556d65e757c4c650b4555baf354cb8bd3,0xec8b371c3e31a7731e8b2357def24bea764f63783843d6a3bb61bef9af80ce81
187,0.086956521739,0.0005,0xd868b838b5de79f1e540b5d83c9e9a3d0b3810cd,2017-09-23T16:03:02.000Z,0.005750000000008625,0x28fc50a4088f19e18ec8272f5a3fcd035bc2cbe5,buy,0x1b9743f556d65e757c4c650b4555baf354cb8bd3,0x2c163c09f234f49af24671d3239e47aac9d6a9ad9857ca66d4a74a07fc39a5bc
188,0.2,0.0011599999998,0x636d925f140f761f7a0e600db2177dd068ddada1,2017-09-23T10:52:29.000Z,0.005799999999,0xbcce870909b3dbbe28f744f69b080dbdeeb7748a,buy,0x1b9743f556d65e757c4c650b4555baf354cb8bd3,0x1341947cca25410368a7de421acfe3f836950713f5aba4fe54f2e29b85436891
189,14.594625935924,0.05852445000305524,0x03d9ec148edb3c6a4b250e0023fd6a311833bb08,2017-09-22T21:06:00.000Z,0.00401,0x76d214efd13600411c64d388f6e31737f14ef416,sell,0x1b9743f556d65e757c4c650b4555baf354cb8bd3,0xf69b113f960d1bff168ccfcaa594ab0dee709cf44bd71bfae2f68d5113f5f1ec
190,64.08286619173,0.288372897862785,0xdcf026a4bf1b5817c5de39ef82f7465e923207d1,2017-09-22T21:04:49.000Z,0.0045,0x76d214efd13600411c64d388f6e31737f14ef416,sell,0x1b9743f556d65e757c4c650b4555baf354cb8bd3,0x77b87fbe5d0f3502a5ef539895d3d42dca1e58190de245620de75a01564c4d9b
191,52.584972584987,0.23663237715829122,0xbcce870909b3dbbe28f744f69b080dbdeeb7748a,2017-09-22T21:02:27.000Z,0.00450000001,0x76d214efd13600411c64d388f6e31737f14ef416,sell,0x1b9743f556d65e757c4c650b4555baf354cb8bd3,0x73c576b6a2c0b40975a757f50950e7114afd694a4172925dbbaef543ad268bc1
192,47.415027415013,0.21336762384170876,0xbcce870909b3dbbe28f744f69b080dbdeeb7748a,2017-09-22T16:58:56.000Z,0.00450000001,0x9ef82a3f66bb06041e0115134606d6a98f47801b,sell,0x1b9743f556d65e757c4c650b4555baf354cb8bd3,0x6412cf0679ef1bb02052409d72d70e8667cce3fc6dbe0eba54817d770e1eab34
193,40.483733954723,0.24285785785651826,0xd5f035581b3f86edb225c99e69d2790f027cf928,2017-09-22T16:42:40.000Z,0.00599889966,0xbcce870909b3dbbe28f744f69b080dbdeeb7748a,buy,0x1b9743f556d65e757c4c650b4555baf354cb8bd3,0xe4566612d431d6bf371ef220e775ce1b3883d58e530dda6998680566381b6c9a
194,131.689,0.790002311,0x326c2a15d01073e958f60f3d34c5f66b27fe95b1,2017-09-22T16:01:28.000Z,0.005999,0x76d214efd13600411c64d388f6e31737f14ef416,buy,0x1b9743f556d65e757c4c650b4555baf354cb8bd3,0x3528d8fd0ca4d5eb6b64b8346cf3873c67036aace0db7668a60bd29cc75c00b4
195,1.91713380827,0.008627102137215,0xdcf026a4bf1b5817c5de39ef82f7465e923207d1,2017-09-22T14:54:02.000Z,0.0045,0xdb20b53318bb30ab68899041b2c89f03d57dfa0a,sell,0x1b9743f556d65e757c4c650b4555baf354cb8bd3,0x333690662c55cc83edcecd5c1c1813c3620ea38cabc60ad3866c8f27d35c9f74
196,6.647171730628,0.03987638321204267,0x5767036b507856794d9f1496bd30dd2f2304e1ba,2017-09-22T12:50:38.000Z,0.005999000000000796,0x76d214efd13600411c64d388f6e31737f14ef416,buy,0x1b9743f556d65e757c4c650b4555baf354cb8bd3,0xf7e112728073eb6c57ccd378b0f7b8b1a87ae75082244a85487d7107cf6f3121
197,29.09,0.1309052909,0xbcce870909b3dbbe28f744f69b080dbdeeb7748a,2017-09-22T09:48:48.000Z,0.00450001,0x154a2928d8186c2dae1052faf2e02890b4f55358,sell,0x1b9743f556d65e757c4c650b4555baf354cb8bd3,0x2af7bb038ee6f9f315e04c6ea2d532a5e67f220d727a8d6517a1df0daaf73aba
198,0.078137208938,0.0005,0x999dbc9673afdd6b6c140c261297f89de35ff1b3,2017-09-22T05:54:17.000Z,0.0063990000000734345,0x971f30c325d9924ad472adf0bf98702502baad93,buy,0x1b9743f556d65e757c4c650b4555baf354cb8bd3,0xbb1626dc465d2ff3cbbcb27728aec448f601f6feb99a5ff65b31c7a31a62995c
199,0.078137208938,0.0005,0x999dbc9673afdd6b6c140c261297f89de35ff1b3,2017-09-22T05:24:18.000Z,0.0063990000000734345,0x971f30c325d9924ad472adf0bf98702502baad93,buy,0x1b9743f556d65e757c4c650b4555baf354cb8bd3,0x1d3e24f3c7e7431056c9f1bc10fa89d1371096bce03e9a68f2ec2d31968cadb6
200,0.078137208938,0.0005,0x8612d2a48328bbf318b856ed0daaa4a7034383d0,2017-09-22T05:09:50.000Z,0.0063990000000734345,0x971f30c325d9924ad472adf0bf98702502baad93,buy,0x1b9743f556d65e757c4c650b4555baf354cb8bd3,0xf06f32eb1eb61fe7f0cdae245589b15332fb66a0a1fecf5a85c95a2c2f664d3d
201,0.078137208938,0.0005,0x10c12555236fa11fc988be565ab70c82a4660ecf,2017-09-22T05:08:25.000Z,0.0063990000000734345,0x971f30c325d9924ad472adf0bf98702502baad93,buy,0x1b9743f556d65e757c4c650b4555baf354cb8bd3,0xc4643e0124996d799a68d7a2b18dea3392e86769ff504195049924b0d266bb9e
202,0.078137208938,0.0005,0x8f28b1970e72adb11173044ebc762800e3128238,2017-09-22T04:56:56.000Z,0.0063990000000734345,0x971f30c325d9924ad472adf0bf98702502baad93,buy,0x1b9743f556d65e757c4c650b4555baf354cb8bd3,0x1d78922b3546163721aced3cd5e0a8aceafe0fe78d1a60f3f05cb79d1ab99a53
203,0.078137208938,0.0005,0x7ed2114439b24152cf18c02c10cae681a7ca2adc,2017-09-22T04:55:48.000Z,0.0063990000000734345,0x971f30c325d9924ad472adf0bf98702502baad93,buy,0x1b9743f556d65e757c4c650b4555baf354cb8bd3,0xf9fce112485b1f22fb8aae60e181c9311a96d234ac5674c1ec214afcf1bc848b
204,11.39367959326,0.05127167210646593,0xbcce870909b3dbbe28f744f69b080dbdeeb7748a,2017-09-21T09:38:32.000Z,0.00450001,0xeddf1956593ec725a0964401d291f4250463abaf,sell,0x1b9743f556d65e757c4c650b4555baf354cb8bd3,0x7164035877d7b06a8ffab998467b4c47879d52d209561942e8ccb3d011fbc5f6
205,15.037,0.06992205,0x4ac39e232296e66eccd4b38e42883a2bcededd23,2017-09-21T07:32:30.000Z,0.00465,0xc00f25429630178d6558baed0135805464e98c05,sell,0x1b9743f556d65e757c4c650b4555baf354cb8bd3,0x5358ac46c43cc35ec3c6581ac872ce467c2ad34293807ccde1ab16ada3cdca70
206,0.000621142944,0.000003975314845184,0xc00f25429630178d6558baed0135805464e98c05,2017-09-21T07:04:58.000Z,0.006400000005770008,0x4ac39e232296e66eccd4b38e42883a2bcededd23,buy,0x1b9743f556d65e757c4c650b4555baf354cb8bd3,0xe05cdcbfaad7738b671d836975b7bcf27c75b95de70f888d0b7e136e64f3392e
207,42.652776393181,0.19833541022829165,0x4ac39e232296e66eccd4b38e42883a2bcededd23,2017-09-21T01:06:15.000Z,0.00465,0xcbe2dd256fd1c8d3ea867ab096a89c086c8d5979,sell,0x1b9743f556d65e757c4c650b4555baf354cb8bd3,0xa1ae11903b08ea22c294b6e3581c8cca22607d054472190952db9ff2e4df0904
208,71.6,0.45823999999284,0x1d50ae2082d0d0e29f01830347aed93d3b34cfe9,2017-09-21T00:32:18.000Z,0.0063999999999,0xbcce870909b3dbbe28f744f69b080dbdeeb7748a,buy,0x1b9743f556d65e757c4c650b4555baf354cb8bd3,0x809d13ee88c01b4af40e752168512b292355880459729b4ee9e301807b4470a1
209,25.149404824308,0.1169447324330322,0x4ac39e232296e66eccd4b38e42883a2bcededd23,2017-09-20T23:51:07.000Z,0.00465,0xab550bae4df060851327fb9f2e1403f4dd6eb08a,sell,0x1b9743f556d65e757c4c650b4555baf354cb8bd3,0x00ed133767cc5a67307a9b0fd22dceee32132a66d34ba60797515a7c8ccf53c7
210,7.160698072951,0.03329724603922215,0x4ac39e232296e66eccd4b38e42883a2bcededd23,2017-09-20T15:30:23.000Z,0.00465,0xc5da8228544f74d34ec674673ee9c9fead76a645,sell,0x1b9743f556d65e757c4c650b4555baf354cb8bd3,0xd5ad5cd9be607f6d239c29cb47e2379be5540307e0335015f771276284285828
211,7.160698072951,0.03329724603922215,0x4ac39e232296e66eccd4b38e42883a2bcededd23,2017-09-20T15:28:51.000Z,0.00465,0xc5da8228544f74d34ec674673ee9c9fead76a645,sell,0x1b9743f556d65e757c4c650b4555baf354cb8bd3,0xd5ad5cd9be607f6d239c29cb47e2379be5540307e0335015f771276284285828
212,25.227367979264,0.11735771583953612,0xab550bae4df060851327fb9f2e1403f4dd6eb08a,2017-09-20T01:16:24.000Z,0.004652,0x0a1022b83d725df1b1fca0d30eefd653474be43f,sell,0x1b9743f556d65e757c4c650b4555baf354cb8bd3,0x492053246e08eaa8478e638e08e61e89e0856929fa579b2c85962dda716330c8
213,0.0923157,0.00042557541392628,0xbcce870909b3dbbe28f744f69b080dbdeeb7748a,2017-09-19T19:43:59.000Z,0.0046100004,0x8b24d80c6dd6e1af5a000e03ca8f00886a05f6f5,sell,0x1b9743f556d65e757c4c650b4555baf354cb8bd3,0xb84c7e58dc6a844940a877a98ff240a610401088edd5112739cd5e6139d0b85e
214,12.785,0.089494999987215,0xcbe2dd256fd1c8d3ea867ab096a89c086c8d5979,2017-09-19T18:30:37.000Z,0.006999999999,0xbcce870909b3dbbe28f744f69b080dbdeeb7748a,buy,0x1b9743f556d65e757c4c650b4555baf354cb8bd3,0xcf639f7460e2e5f226780de57b03773992c9d10907e3a909f5059aaa5918dca3
215,0.0844922,0.00038950907579688,0xbcce870909b3dbbe28f744f69b080dbdeeb7748a,2017-09-19T14:38:47.000Z,0.0046100004,0x4c2fb430e95954bcfa54ce4741a9fc2ff6e415ad,sell,0x1b9743f556d65e757c4c650b4555baf354cb8bd3,0x8935f8165419044c8ec6f713001f8aa574a5ff438103c37ac711b09c6669bd45
216,60,0.42,0xe2ad87555d232018e7274b9a09e2012fb0413756,2017-09-19T13:52:21.000Z,0.007,0x4ac39e232296e66eccd4b38e42883a2bcededd23,buy,0x1b9743f556d65e757c4c650b4555baf354cb8bd3,0xd46c8e9fbb8c7a4faf294541d90d1a3ab7b713da3d59fb7cc95e330591f4e526
217,233.763558794177,1.077650006041156,0x1fdf047bf7a114b37e7936d01e9cad754ad18803,2017-09-19T12:02:39.000Z,0.00461,0x73850df49cef8599fce66903d0fad7bfa8ec6307,sell,0x1b9743f556d65e757c4c650b4555baf354cb8bd3,0x365743f78eb5514a957e8e24cf33c1f97be59dd8f26091842a76eac83e669ed0
218,111,0.499500555,0x28fc50a4088f19e18ec8272f5a3fcd035bc2cbe5,2017-09-19T11:55:45.000Z,0.004500005,0x73850df49cef8599fce66903d0fad7bfa8ec6307,sell,0x1b9743f556d65e757c4c650b4555baf354cb8bd3,0x4659979a770f732db7c31f15e52d967f7d04aa10ea0055e9fc49eb6ee7fa425d
219,60,0.276,0x4ac39e232296e66eccd4b38e42883a2bcededd23,2017-09-19T11:53:35.000Z,0.0046,0x73850df49cef8599fce66903d0fad7bfa8ec6307,sell,0x1b9743f556d65e757c4c650b4555baf354cb8bd3,0xcdd67d7cc7eba292af23e79346cc9cafc2fdbd89003087db1830335f289dca4e
220,0.091139229109,0.00042015184619249,0x1fdf047bf7a114b37e7936d01e9cad754ad18803,2017-09-19T11:50:23.000Z,0.00461,0x6f9fcac7ac5e87ec747d47e81a42e8ca6b73e95a,sell,0x1b9743f556d65e757c4c650b4555baf354cb8bd3,0x6c18ae31f489acf9ef39c4e76231864737a390bf5f844f1b59103ed0b96350db
221,30,0.23999995998,0xcbe2dd256fd1c8d3ea867ab096a89c086c8d5979,2017-09-18T23:25:57.000Z,0.007999998666,0xbcce870909b3dbbe28f744f69b080dbdeeb7748a,buy,0x1b9743f556d65e757c4c650b4555baf354cb8bd3,0x108fbe8d773f11c4a34074bcd8dc125b6dd5f45bc3ca5d75d4fb73e90f1a2e54
222,54,0.223783776,0xac26e3bfcc106f5e7afbe76f4b56c1e82e3cdd06,2017-09-18T22:04:06.000Z,0.004144144,0xa0be78d2bac6a692adba423c7af50ec86a18bddf,sell,0x1b9743f556d65e757c4c650b4555baf354cb8bd3,0x89affe0fbce5115c3ff80c3b9859b738b1cb8651b0cfc07b5950ada08b55237c
223,243.74173561958,1.2187086780979,0x3dd4fb3dee846ae826fdc30879fa18d3c3576870,2017-09-18T22:04:06.000Z,0.005,0xa0be78d2bac6a692adba423c7af50ec86a18bddf,sell,0x1b9743f556d65e757c4c650b4555baf354cb8bd3,0x49ef97f02e532be4e90002a560ae4e260e397d851df77b8d653a22d377787df0
224,12.25826438042,0.0612913219021,0x3dd4fb3dee846ae826fdc30879fa18d3c3576870,2017-09-18T17:34:39.000Z,0.005,0x73850df49cef8599fce66903d0fad7bfa8ec6307,sell,0x1b9743f556d65e757c4c650b4555baf354cb8bd3,0x56a95806c97f9e54134bd1bc650a0b7414519611ebda1bff4337ae1b7c634033
225,20.037882564051,0.12656560458361898,0x326c2a15d01073e958f60f3d34c5f66b27fe95b1,2017-09-18T16:52:22.000Z,0.00631631631631,0x6fdbda20f1fe29a09b13d812065f5a2edf4b96e4,sell,0x1b9743f556d65e757c4c650b4555baf354cb8bd3,0x436614ea4020451726428ad7b0aca063f154f06906c19bf0dfa4ff0b2861f5b5
226,486.245,3.0730684,0x555da72ae7e80a18b62e132c8434c73ca34c5c3b,2017-09-18T16:51:11.000Z,0.00632,0x73850df49cef8599fce66903d0fad7bfa8ec6307,sell,0x1b9743f556d65e757c4c650b4555baf354cb8bd3,0x97cfbee3c1161a9d50905502a5c16d3bfa678de23e58537329102b5b2cc72bf4
227,0.1,0.00079,0xa0be78d2bac6a692adba423c7af50ec86a18bddf,2017-09-18T14:57:32.000Z,0.0079,0x971f30c325d9924ad472adf0bf98702502baad93,buy,0x1b9743f556d65e757c4c650b4555baf354cb8bd3,0xf41f1cda2ef5001f7d96fce0e4467b42d37d98f854dccd8333e6eb4f4056b759
228,70.131085659949,0.4432284613709478,0xbcce870909b3dbbe28f744f69b080dbdeeb7748a,2017-09-18T06:20:43.000Z,0.006320000000001,0x2031d8904a14d8345dd5ad21b2a5fb1ec90db1f1,sell,0x1b9743f556d65e757c4c650b4555baf354cb8bd3,0xd3672be4ddb137a7d9bce6ec03d8d4af75add4596e94e2e915649007dbf15b74
229,3.997515428221,0.02530427266063893,0x971f30c325d9924ad472adf0bf98702502baad93,2017-09-18T06:17:44.000Z,0.00633,0x2031d8904a14d8345dd5ad21b2a5fb1ec90db1f1,sell,0x1b9743f556d65e757c4c650b4555baf354cb8bd3,0x0b6f9b5e1dbc183460765a3b9102a09fdbc2848cb9ff546e11df297bbd5f2b57
230,0.002484571779,0.00001572733936107,0x971f30c325d9924ad472adf0bf98702502baad93,2017-09-18T03:39:12.000Z,0.00633,0xcd07679a857c49b6cc0b1181a57a2f480a8ddf50,sell,0x1b9743f556d65e757c4c650b4555baf354cb8bd3,0x567ba60b6acb3d4c7068cd44c9d9a89685e570a5f4a0059052399d937e675ebc
231,8,0.050560000000008,0xbcce870909b3dbbe28f744f69b080dbdeeb7748a,2017-09-18T00:19:38.000Z,0.006320000000001,0x3fb5df6d175b7ab55eb208d08a62ba6470ac3a3e,sell,0x1b9743f556d65e757c4c650b4555baf354cb8bd3,0xf3c9ca1495f679632a5e8dd13a54c68ea5a0a1c5c84ae6631e38d4c022668d14
232,11.154421293988,0.07049594257801531,0xbcce870909b3dbbe28f744f69b080dbdeeb7748a,2017-09-17T18:32:29.000Z,0.006320000000001,0x01ef9320f831d04014fc4067700e8946520d7433,sell,0x1b9743f556d65e757c4c650b4555baf354cb8bd3,0x3205833fabc95bd3182bf63e9ddf53f7a2c736234ef7484c9149a8b9d276567e
233,498.454790150533,3.1502342737513684,0x555da72ae7e80a18b62e132c8434c73ca34c5c3b,2017-09-17T17:22:40.000Z,0.00632,0x425cccbf1139523a066921160bcd3efce8dc5e78,sell,0x1b9743f556d65e757c4c650b4555baf354cb8bd3,0x860a0a91f2e9a23ddd6c4bcc2c3a2a46346929feeb8e4c75b465d4367567039f
234,0.01,0.00012,0xa0be78d2bac6a692adba423c7af50ec86a18bddf,2017-09-17T15:23:16.000Z,0.012,0xad340745670a6f6603008d0277bcce84a28c32a5,buy,0x1b9743f556d65e757c4c650b4555baf354cb8bd3,0xf7146d7af090b2d30dbbbdb41355113a66ea94fea2ce7418def5dee89b08190f
235,0.023851889071,0.000150266924999189,0x971f30c325d9924ad472adf0bf98702502baad93,2017-09-17T10:13:54.000Z,0.006300000999999997,0x7c91c51b46664982605972dbf3d4209761ae786d,sell,0x1b9743f556d65e757c4c650b4555baf354cb8bd3,0xf49a045eaf46e5ab8a2f4b69eb44012cd4306f273360d3c9ead2951f587198b2
236,239.258299272256,1.5073272854152129,0x555da72ae7e80a18b62e132c8434c73ca34c5c3b,2017-09-17T10:12:07.000Z,0.0063,0x7c91c51b46664982605972dbf3d4209761ae786d,sell,0x1b9743f556d65e757c4c650b4555baf354cb8bd3,0x4c3b785366a51fe9c0b8b12bfb7dcc5790fb7c998b2ef05c584d32163b69fdf9
237,0.035244137867,0.000757748964156008,0x6207b73b30ca90cbfab22cd06648b5c422afe13d,2017-09-17T09:13:50.000Z,0.021500000000440018,0x6207b73b30ca90cbfab22cd06648b5c422afe13d,buy,0x1b9743f556d65e757c4c650b4555baf354cb8bd3,0x399f2bd2d65f3f73340ca0dba9e8847c7a07ac8e3b7e31e589c141a67c3e48f4
238,36.879,0.295032,0x555da72ae7e80a18b62e132c8434c73ca34c5c3b,2017-09-17T07:00:50.000Z,0.008,0xdcf026a4bf1b5817c5de39ef82f7465e923207d1,buy,0x1b9743f556d65e757c4c650b4555baf354cb8bd3,0x5949efde0c0defe89b4359ccb0f50e6b1a3b39b645ed65dfd9ca3258ff4109bd
239,300,2.4,0x555da72ae7e80a18b62e132c8434c73ca34c5c3b,2017-09-17T07:00:50.000Z,0.008,0xaeb4d487f4066b41af8f99f30ec3ad40cd47a5b1,buy,0x1b9743f556d65e757c4c650b4555baf354cb8bd3,0xd37f7331792d0efc3a16ed46e3b1aad1b874a2e50dd0f5bbabddb6d40dde9e8d
240,29.8125,0.2385,0x555da72ae7e80a18b62e132c8434c73ca34c5c3b,2017-09-17T07:00:50.000Z,0.008,0x6e8924a045d9499fb31b6af07fb792f560f0932d,buy,0x1b9743f556d65e757c4c650b4555baf354cb8bd3,0x879dbac6b51702b3bf19e0e22a795b34d5e99e1a9f116c3e61edba835d60097f
241,280,2.23972,0x555da72ae7e80a18b62e132c8434c73ca34c5c3b,2017-09-17T04:19:36.000Z,0.007999,0xaeb4d487f4066b41af8f99f30ec3ad40cd47a5b1,buy,0x1b9743f556d65e757c4c650b4555baf354cb8bd3,0x17d2eb51eadce3eebb2c30d852e359ad960e4d3d260ae00320cba9e09465e55c
242,280,2.23944,0x555da72ae7e80a18b62e132c8434c73ca34c5c3b,2017-09-17T04:17:50.000Z,0.007998,0xaeb4d487f4066b41af8f99f30ec3ad40cd47a5b1,buy,0x1b9743f556d65e757c4c650b4555baf354cb8bd3,0xe8667931cefe2c24c4a9a56565320cb9e63ebb7119049f891169f31c525c5e41
243,100,0.7998,0x555da72ae7e80a18b62e132c8434c73ca34c5c3b,2017-09-17T04:16:50.000Z,0.007998,0xaeb4d487f4066b41af8f99f30ec3ad40cd47a5b1,buy,0x1b9743f556d65e757c4c650b4555baf354cb8bd3,0x6614e4e0c6e8f2f7d28ab36486c771631a14f1709ab9ab3c6a2a860b4f5dddc8
244,9.96909580301,0.058817675206854804,0xa0be78d2bac6a692adba423c7af50ec86a18bddf,2017-09-16T18:53:51.000Z,0.005900001,0x95208e2b3c3da6c8d5da538b6dc90304275ccfdd,sell,0x1b9743f556d65e757c4c650b4555baf354cb8bd3,0x97471d1c20107f770a4778847799cb98a02b773101fff33b569dcddd17f88989
245,0.0625,0.0005,0x42c24a83bded723edfdf5883bc7efb30bc1a1bf3,2017-09-16T17:20:36.000Z,0.008,0x6e8924a045d9499fb31b6af07fb792f560f0932d,buy,0x1b9743f556d65e757c4c650b4555baf354cb8bd3,0xa8e5bd80b1c90e64847818fdc9d28cc5e1170a151388dee17093b670e4c52e56
246,0.0625,0.0005,0x0f657c396dfcd6c59bb82b89fc3adbe5f90ce153,2017-09-16T15:44:02.000Z,0.008,0x6e8924a045d9499fb31b6af07fb792f560f0932d,buy,0x1b9743f556d65e757c4c650b4555baf354cb8bd3,0x9a34815e8f59f71074973c5ed98fef6aec5cc8f930e1f6afc07c656cf3170849
247,0.0625,0.0005,0x1f8ac99600c61189d92c85cc760735b9e0067a60,2017-09-16T15:15:43.000Z,0.008,0x6e8924a045d9499fb31b6af07fb792f560f0932d,buy,0x1b9743f556d65e757c4c650b4555baf354cb8bd3,0x66b445bdb666fd0da3fb9193f1b6deb339484d5f1bf40ef78dba67d930fcd863
248,4,0.0316,0x555da72ae7e80a18b62e132c8434c73ca34c5c3b,2017-09-16T13:28:47.000Z,0.0079,0x971f30c325d9924ad472adf0bf98702502baad93,buy,0x1b9743f556d65e757c4c650b4555baf354cb8bd3,0xb7b941d798590c4d9501987f0267130cc96d3155c9b4a873f9e93e66199a6e7b
249,0.16178335767,0.001148661839457,0x555da72ae7e80a18b62e132c8434c73ca34c5c3b,2017-09-16T13:28:18.000Z,0.0071,0xcfeaa3013d4758edffac60504fe263d6b3d3b325,buy,0x1b9743f556d65e757c4c650b4555baf354cb8bd3,0x36339a9aab3aa995e893c550b234a367696668a2eb753ef228701a13daf089b0
250,16,0.1136,0x555da72ae7e80a18b62e132c8434c73ca34c5c3b,2017-09-16T12:41:12.000Z,0.0071,0xcfeaa3013d4758edffac60504fe263d6b3d3b325,buy,0x1b9743f556d65e757c4c650b4555baf354cb8bd3,0xce66a97c556c1089219fd29406a1661329cac38600675e24247b2c2586e7a0aa
251,306.695,2.146865,0x555da72ae7e80a18b62e132c8434c73ca34c5c3b,2017-09-16T12:38:26.000Z,0.007,0x5fa3149325b575af9db776e457fb784c7c8dd75e,buy,0x1b9743f556d65e757c4c650b4555baf354cb8bd3,0x26f53b41dccf8ade178c5d3ae86d50dade54650b8d156b561a7164d3ab7235cd
252,0.001,0.0000058,0x1fdf047bf7a114b37e7936d01e9cad754ad18803,2017-09-16T12:18:59.000Z,0.0058,0x7b1500130626f1aaa099f04a7decc48d9417d893,sell,0x1b9743f556d65e757c4c650b4555baf354cb8bd3,0xaed8e7abf89c7793b2a5fbfd53d1f5ed2c401b28b8682b07f8e8c303cc80cec7
253,10.657655452431,0.06224070784219704,0x555da72ae7e80a18b62e132c8434c73ca34c5c3b,2017-09-16T11:39:09.000Z,0.00584,0x7844548e6d70eb498878ee634741f2e63f4fc088,buy,0x1b9743f556d65e757c4c650b4555baf354cb8bd3,0xe71d3f2683095a528fd1194799e2d20d381ba98cd8080cd1609212642145a282
254,4,0.0228,0x971f30c325d9924ad472adf0bf98702502baad93,2017-09-16T10:29:13.000Z,0.0057,0x7844548e6d70eb498878ee634741f2e63f4fc088,sell,0x1b9743f556d65e757c4c650b4555baf354cb8bd3,0x2016436c6a8f476c2829b2dc57d7e48b7b2445caa749e0069c06235208fd5939
255,500.35,3.7276075,0x555da72ae7e80a18b62e132c8434c73ca34c5c3b,2017-09-16T10:19:22.000Z,0.00745,0xc85d3baba724711ce7b43e746acf9c6bf38e6ec5,buy,0x1b9743f556d65e757c4c650b4555baf354cb8bd3,0x98ea17b8f02a62be61add37106f4e37de036a1a7c05505913de953b22ac15ea0
256,300,2.25,0x555da72ae7e80a18b62e132c8434c73ca34c5c3b,2017-09-16T10:16:01.000Z,0.0075,0xaeb4d487f4066b41af8f99f30ec3ad40cd47a5b1,buy,0x1b9743f556d65e757c4c650b4555baf354cb8bd3,0x6ffc6f12c0732b1a28826422d31632b2bf2563cc414f4cfea4020f6f4c18bf18
257,12,0.09,0x555da72ae7e80a18b62e132c8434c73ca34c5c3b,2017-09-16T05:25:04.000Z,0.0075,0xc65f0e02a94b6f94a893801218b69cfbf8bb0e3a,buy,0x1b9743f556d65e757c4c650b4555baf354cb8bd3,0xae0315d463c66929cf873e0474d5f317ed86c00f22c48548c04262a5dc9eb43c
258,300,2.22,0x555da72ae7e80a18b62e132c8434c73ca34c5c3b,2017-09-16T05:20:18.000Z,0.0074,0xaeb4d487f4066b41af8f99f30ec3ad40cd47a5b1,buy,0x1b9743f556d65e757c4c650b4555baf354cb8bd3,0x3a387f789a179f4e44cf5a5aca32d251386320ade1b76b20858b36532a0f24d6
259,300,2.2197,0x555da72ae7e80a18b62e132c8434c73ca34c5c3b,2017-09-16T05:19:04.000Z,0.007399,0xaeb4d487f4066b41af8f99f30ec3ad40cd47a5b1,buy,0x1b9743f556d65e757c4c650b4555baf354cb8bd3,0x4785f499f078a389e4f4319a53990574977559547f87768a6c76bb2f47861b08
260,100,0.72999,0x555da72ae7e80a18b62e132c8434c73ca34c5c3b,2017-09-16T05:16:50.000Z,0.0072999,0xaeb4d487f4066b41af8f99f30ec3ad40cd47a5b1,buy,0x1b9743f556d65e757c4c650b4555baf354cb8bd3,0x288ca5c1239aae8627d4f688a53393dfacc351b103f02d7a02aa2e15a2a47600
261,24.922739507526,0.08847572525196652,0xbcce870909b3dbbe28f744f69b080dbdeeb7748a,2017-09-16T00:19:31.000Z,0.00355000000001,0xcd07679a857c49b6cc0b1181a57a2f480a8ddf50,sell,0x1b9743f556d65e757c4c650b4555baf354cb8bd3,0x67ed2c2bfda52c034b107bcbe53fb3e51a093549c7fd7e6cc216374ebe4cd23f
262,0.000000084439,0.000000000743068023,0x417bb6f8effcad008d58cbc4b5a5440922fd75ee,2017-09-15T21:26:17.000Z,0.008800057118156302,0x6e8924a045d9499fb31b6af07fb792f560f0932d,buy,0x1b9743f556d65e757c4c650b4555baf354cb8bd3,0x286b0501ab9912ef1c7669711e631f4d68cc0181577ef122b16a4f727a5f31ba
263,0.000931714416,0.000007453715334721,0x417bb6f8effcad008d58cbc4b5a5440922fd75ee,2017-09-15T21:10:36.000Z,0.008000000007213584,0x63257244787fe729585ed58c7454eb4b229a33ee,buy,0x1b9743f556d65e757c4c650b4555baf354cb8bd3,0xf1ff30f69d60d0a0a4af29f1c9587e04584535413e0948d96b8340150f055045
264,12,0.082799988,0x555da72ae7e80a18b62e132c8434c73ca34c5c3b,2017-09-15T20:40:32.000Z,0.006899999,0xad340745670a6f6603008d0277bcce84a28c32a5,buy,0x1b9743f556d65e757c4c650b4555baf354cb8bd3,0xf37d0f390eeaa80fca0bf30412f09b60073e4f252a12d6562b39277f0888a681
265,8.9,0.06052,0x555da72ae7e80a18b62e132c8434c73ca34c5c3b,2017-09-15T20:38:56.000Z,0.0068,0x52e66bfaa1c33a006c7da30a9f881421ae6dad6e,buy,0x1b9743f556d65e757c4c650b4555baf354cb8bd3,0xad1b3621bc7f195c431d96b1d288507a32125489f4fd892ff40bb0dbdbdf5188
266,15,0.099,0x555da72ae7e80a18b62e132c8434c73ca34c5c3b,2017-09-15T20:33:58.000Z,0.0066,0x6e8924a045d9499fb31b6af07fb792f560f0932d,buy,0x1b9743f556d65e757c4c650b4555baf354cb8bd3,0x9fecd1dc33b5ecf1508c1228b637a406263d7a83885ab85bd50f3fdf860db63d
267,59.097585968371,0.378224550197575,0x555da72ae7e80a18b62e132c8434c73ca34c5c3b,2017-09-15T20:28:35.000Z,0.00640000000000001,0xcfeaa3013d4758edffac60504fe263d6b3d3b325,buy,0x1b9743f556d65e757c4c650b4555baf354cb8bd3,0x6e752a0cc4b60e42d25ee731b134f849802fc2a71c1f03711f57907dc515e2b1
268,157.781791902913,0.946690751417478,0x555da72ae7e80a18b62e132c8434c73ca34c5c3b,2017-09-15T20:25:42.000Z,0.006,0x3e2dd9f858fa90d397cc136bca488dbfdc69d48d,buy,0x1b9743f556d65e757c4c650b4555baf354cb8bd3,0x7a3b847db8fefcbaae9f609c4d6da867eecfd9d514a72ac0aa64be76bb3e3faf
269,443.098,2.6142782,0x555da72ae7e80a18b62e132c8434c73ca34c5c3b,2017-09-15T20:22:21.000Z,0.0059,0xaeb4d487f4066b41af8f99f30ec3ad40cd47a5b1,buy,0x1b9743f556d65e757c4c650b4555baf354cb8bd3,0x425a5b81ac8b7ef9c4b44a59b8618bbf71d22b806b0c06965ac75433b1ae1b51
270,173.595,1.0242105,0x555da72ae7e80a18b62e132c8434c73ca34c5c3b,2017-09-15T20:20:40.000Z,0.0059,0x7b1500130626f1aaa099f04a7decc48d9417d893,buy,0x1b9743f556d65e757c4c650b4555baf354cb8bd3,0x806c5d61760070b289e509ee4b582060ca7902917cfabe8e308e01d8d75f63d5
271,1.246136975376,0.07476821852258,0x417bb6f8effcad008d58cbc4b5a5440922fd75ee,2017-09-15T20:19:18.000Z,0.06000000000001605,0x2b0416e24e78caf64c7d67c2a5e38388a8a69bce,buy,0x1b9743f556d65e757c4c650b4555baf354cb8bd3,0x29d3b490c4fd4e22aa9392055db9237c3d18a83e7658c5784c47a9badc2eb227
272,243.361870589894,1.2654817246338301,0x555da72ae7e80a18b62e132c8434c73ca34c5c3b,2017-09-15T20:17:20.000Z,0.00519999999,0xbcce870909b3dbbe28f744f69b080dbdeeb7748a,buy,0x1b9743f556d65e757c4c650b4555baf354cb8bd3,0x9621cdd1d93ad32fb5029be771facf7583535c540506e185ad34913327dcf65e
273,300,1.62,0x555da72ae7e80a18b62e132c8434c73ca34c5c3b,2017-09-15T20:13:21.000Z,0.0054,0xaeb4d487f4066b41af8f99f30ec3ad40cd47a5b1,buy,0x1b9743f556d65e757c4c650b4555baf354cb8bd3,0x90dce1507d3becd762b0e3d55268aa46c0f3cd031fd02932c664ddf1498e6045
274,300,1.56,0x555da72ae7e80a18b62e132c8434c73ca34c5c3b,2017-09-15T20:07:18.000Z,0.0052,0xaeb4d487f4066b41af8f99f30ec3ad40cd47a5b1,buy,0x1b9743f556d65e757c4c650b4555baf354cb8bd3,0x8e3a107349d8185f3c1dd8aae745aa796c3a91b30b5243fed036c20b4a0a957c
275,233.98,1.21552633398,0x555da72ae7e80a18b62e132c8434c73ca34c5c3b,2017-09-15T20:03:36.000Z,0.005195001,0xa0be78d2bac6a692adba423c7af50ec86a18bddf,buy,0x1b9743f556d65e757c4c650b4555baf354cb8bd3,0xcfbf43215d62077968616c4a8c5a7e64762a36b4005add8f62d44f57b1acdc0c
276,328.982,1.70906149,0x555da72ae7e80a18b62e132c8434c73ca34c5c3b,2017-09-15T20:01:02.000Z,0.005195,0xac24f7b9a9bd0b7447851b3b4e44cf89369b6a5f,buy,0x1b9743f556d65e757c4c650b4555baf354cb8bd3,0xe313700f451f17c67ccde08138bf2eedb04c9ef54c3458c04099dddd2e4b261c
277,150,0.7732732725,0x555da72ae7e80a18b62e132c8434c73ca34c5c3b,2017-09-15T19:58:32.000Z,0.00515515515,0x326c2a15d01073e958f60f3d34c5f66b27fe95b1,buy,0x1b9743f556d65e757c4c650b4555baf354cb8bd3,0xcf8e059a646161577ffcb974672b8d18be6187b9c70d1ee2bd869148da717b1d
278,14.669655452431,0.07628206165608853,0x7844548e6d70eb498878ee634741f2e63f4fc088,2017-09-15T12:58:37.000Z,0.0051999900000001265,0xa0be78d2bac6a692adba423c7af50ec86a18bddf,buy,0x1b9743f556d65e757c4c650b4555baf354cb8bd3,0x432514eb7d88cc09e6c3932045a689d8d9ac33268586804d08e94f0f8c086381
279,0.001,0.002,0x7b1500130626f1aaa099f04a7decc48d9417d893,2017-09-15T09:23:22.000Z,2,0x0f7ce02f8af040579eb7a93549bdcc965fa8eb7b,buy,0x1b9743f556d65e757c4c650b4555baf354cb8bd3,0x2243e93cd0590144d9a9d6a00e8b03ad975c327b99795876dabba3060ef77941
280,0.006,0.000018,0xa0be78d2bac6a692adba423c7af50ec86a18bddf,2017-09-15T05:37:46.000Z,0.003,0xcabed89f0460f5f467eef2f492d0c8d747440ca2,sell,0x1b9743f556d65e757c4c650b4555baf354cb8bd3,0x03dc3eb24da16534a15da98a08ce97cfa26f1f4dfaad5ece013c89e4a6ea3fdd
281,64.179050575196,0.192537151725588,0xcfeaa3013d4758edffac60504fe263d6b3d3b325,2017-09-15T05:24:13.000Z,0.003,0xcabed89f0460f5f467eef2f492d0c8d747440ca2,sell,0x1b9743f556d65e757c4c650b4555baf354cb8bd3,0x4654b160666588275464c11c28fb16bbbef5e8fb9cc18382a6ae468240fe95e0
282,0.006536646046,0.00003529782328356,0x4ae69ea3dd71eea2ecdec80853ee92fd86bb8d5e,2017-09-15T05:05:04.000Z,0.005399990000247904,0xbcce870909b3dbbe28f744f69b080dbdeeb7748a,buy,0x1b9743f556d65e757c4c650b4555baf354cb8bd3,0xea977012da6faa5cdfb6b12ae71b8447e18f07b40a33fbe32ba8232c6959b6b9
283,65.570189328949,0.35407246535739206,0x4ae69ea3dd71eea2ecdec80853ee92fd86bb8d5e,2017-09-15T05:00:28.000Z,0.005399900000000006,0xa0be78d2bac6a692adba423c7af50ec86a18bddf,buy,0x1b9743f556d65e757c4c650b4555baf354cb8bd3,0x36709f55e18190a83677920e7a625d42bc99798c0bf46ee4902a60b13bdd8620
284,300,1.61997,0x4ae69ea3dd71eea2ecdec80853ee92fd86bb8d5e,2017-09-15T04:59:14.000Z,0.0053999,0xa0be78d2bac6a692adba423c7af50ec86a18bddf,buy,0x1b9743f556d65e757c4c650b4555baf354cb8bd3,0x81b6970e54a63152215097624922434c6be7eef2fca5ffb9bdb2df569eb9f563
285,20.905144802882,0.1128877819355628,0xa0e6452322b61066673307566da7a95c748605cb,2017-09-15T04:21:18.000Z,0.0054,0xcfeaa3013d4758edffac60504fe263d6b3d3b325,sell,0x1b9743f556d65e757c4c650b4555baf354cb8bd3,0xc7edee63047cfa54a209d6e7bc5d923f3b3c3e2d51378aafc929598d23065d87
286,914.217607181295,2.69694194118482,0xa0be78d2bac6a692adba423c7af50ec86a18bddf,2017-09-15T04:18:13.000Z,0.00295,0x6f9fcac7ac5e87ec747d47e81a42e8ca6b73e95a,sell,0x1b9743f556d65e757c4c650b4555baf354cb8bd3,0xaa5960fedbf94e48ace112e8fa5f4d0099698b0b5ccdcb54de8f6b9768e8b5f1
287,0.053833499848,0.0002907008991792,0xa0e6452322b61066673307566da7a95c748605cb,2017-09-15T04:17:23.000Z,0.0054,0xa0be78d2bac6a692adba423c7af50ec86a18bddf,sell,0x1b9743f556d65e757c4c650b4555baf354cb8bd3,0x9c9e0af207de6428631266809d35c754b16dc83189cc2d23ff77c84529d33f7b
288,177.037184727345,0.956000797527663,0xa0e6452322b61066673307566da7a95c748605cb,2017-09-15T04:15:07.000Z,0.0054,0x8a419e49555dc54cc2d54780b844accc419749be,sell,0x1b9743f556d65e757c4c650b4555baf354cb8bd3,0xaaf130d24793d51b4f80cd917a95edea879a0033a046e60b41f286177298cc5f
289,540.003836969925,2.916020719637595,0xa0e6452322b61066673307566da7a95c748605cb,2017-09-15T04:07:15.000Z,0.0054,0xa0be78d2bac6a692adba423c7af50ec86a18bddf,sell,0x1b9743f556d65e757c4c650b4555baf354cb8bd3,0xecb2136febb6fb0c2f8c97fbe587f8f95fcc3efbdec7085e556beace23312362
290,0.09259276406,0.0005,0x8b24d80c6dd6e1af5a000e03ca8f00886a05f6f5,2017-09-15T03:58:17.000Z,0.005399990000039319,0xbcce870909b3dbbe28f744f69b080dbdeeb7748a,buy,0x1b9743f556d65e757c4c650b4555baf354cb8bd3,0xd4cebbcebaeaab738fad36ff3f05ed3e72ece81ac7b1a77e3d4fdf2218e1ddec
291,345,1.00050345,0xa0be78d2bac6a692adba423c7af50ec86a18bddf,2017-09-15T03:49:11.000Z,0.00290001,0x6f9fcac7ac5e87ec747d47e81a42e8ca6b73e95a,sell,0x1b9743f556d65e757c4c650b4555baf354cb8bd3,0xe48242bd718d8f974ecf7593a47e4378b18a9484eb72b9a45767f686c0fecc28
292,10,0.054,0x1aa7e20656f755f935223342abfab5a5c2d6fc72,2017-09-15T03:05:53.000Z,0.0054,0xa0be78d2bac6a692adba423c7af50ec86a18bddf,buy,0x1b9743f556d65e757c4c650b4555baf354cb8bd3,0xda6618332b32268e70cceff63163198f411fe7921c6f3ccdf589ea1fe5a17226
293,0.001,0.00002,0xa0be78d2bac6a692adba423c7af50ec86a18bddf,2017-09-14T21:30:33.000Z,0.02,0x4b0423e8032977b4f7a585267929a1d589ed826f,buy,0x1b9743f556d65e757c4c650b4555baf354cb8bd3,0x670ea426a05b32607403570692712a0fa20d3eb1494ac57f51d9558221635319
294,5.5,0.02999997,0xff64f34e8511693e3dffa0e1fe037a6a65f3937b,2017-09-14T21:27:36.000Z,0.00545454,0xa0be78d2bac6a692adba423c7af50ec86a18bddf,buy,0x1b9743f556d65e757c4c650b4555baf354cb8bd3,0xd31384c4b1ec3b9ea3c77eb8d4e1c0562cdcbc4ae7bd1e81e4a46ee8e8b8a74d
295,10,0.0546999,0x1aa7e20656f755f935223342abfab5a5c2d6fc72,2017-09-14T20:41:48.000Z,0.00546999,0xbcce870909b3dbbe28f744f69b080dbdeeb7748a,buy,0x1b9743f556d65e757c4c650b4555baf354cb8bd3,0x859da8368ce11321fc765c5970760eed252041fc428ce01c2f4d85dcbc0ecdea
296,46.539,0.25456786461,0x1aa7e20656f755f935223342abfab5a5c2d6fc72,2017-09-14T20:35:31.000Z,0.00546999,0xbcce870909b3dbbe28f744f69b080dbdeeb7748a,buy,0x1b9743f556d65e757c4c650b4555baf354cb8bd3,0x2249522ae2ba77be51125a731a797c873b9485ac11f2e43ad589f00af2eb4485
297,0.334333333332,0.00182880333332604,0x39dc3f7adc8cad2b03c831c7771a25d4fb99021e,2017-09-14T20:30:39.000Z,0.00547,0xcabed89f0460f5f467eef2f492d0c8d747440ca2,buy,0x1b9743f556d65e757c4c650b4555baf354cb8bd3,0xc6701faa3f7f4f53eb1c48d36c2c0121b0508c819a7dcb8086b9d1c97d36b3e5
298,0.333333333333,0.00999999999999,0xa631422c0192d9082be50c2e526c913e0824e1eb,2017-09-14T20:30:39.000Z,0.03,0x39dc3f7adc8cad2b03c831c7771a25d4fb99021e,sell,0x1b9743f556d65e757c4c650b4555baf354cb8bd3,0xc6701faa3f7f4f53eb1c48d36c2c0121b0508c819a7dcb8086b9d1c97d36b3e5
299,3.009,0.01645923,0x39dc3f7adc8cad2b03c831c7771a25d4fb99021e,2017-09-14T20:29:53.000Z,0.00547,0xcabed89f0460f5f467eef2f492d0c8d747440ca2,buy,0x1b9743f556d65e757c4c650b4555baf354cb8bd3,0xad2602e9b1bb0f6b5cc5b9f02e949eef3c886de2e6db6cd604f25363a7284fe3
300,3,0.09,0xa631422c0192d9082be50c2e526c913e0824e1eb,2017-09-14T20:29:53.000Z,0.03,0x39dc3f7adc8cad2b03c831c7771a25d4fb99021e,sell,0x1b9743f556d65e757c4c650b4555baf354cb8bd3,0xad2602e9b1bb0f6b5cc5b9f02e949eef3c886de2e6db6cd604f25363a7284fe3
301,0.01,0.000258,0xa0be78d2bac6a692adba423c7af50ec86a18bddf,2017-09-14T19:09:45.000Z,0.0258,0xdcf026a4bf1b5817c5de39ef82f7465e923207d1,buy,0x1b9743f556d65e757c4c650b4555baf354cb8bd3,0xeede33602d6fc3bc1069337084b3340ddc2ea3417201d88a145abd4ab66bba56
302,0.001,0.0000113,0xa0be78d2bac6a692adba423c7af50ec86a18bddf,2017-09-14T19:07:24.000Z,0.0113,0xb236b907580361fd4f87b759de68ca5c206644af,buy,0x1b9743f556d65e757c4c650b4555baf354cb8bd3,0xcbf2886fc86b3db2b9d8ca9dca6e3d99fc21922ab094fa871701689d2f2c8761
303,41.299761037242,0.14165818039903982,0xbcce870909b3dbbe28f744f69b080dbdeeb7748a,2017-09-14T18:30:57.000Z,0.003430000001,0x6f9fcac7ac5e87ec747d47e81a42e8ca6b73e95a,sell,0x1b9743f556d65e757c4c650b4555baf354cb8bd3,0x429c04b81e9410515d7a557fbd7862355f09199eb206d62543ba191977a07061
304,0.01,0.0001,0xa0be78d2bac6a692adba423c7af50ec86a18bddf,2017-09-14T18:21:49.000Z,0.01,0x859a6971be310d51be6c86deb1d1b54222215aca,buy,0x1b9743f556d65e757c4c650b4555baf354cb8bd3,0x3d52ca93e2321ef1be035d617fb5c175665db1a1d20581e80482516daccde51f
305,240,0.8256,0x7c91c51b46664982605972dbf3d4209761ae786d,2017-09-14T18:17:34.000Z,0.00344,0x6f9fcac7ac5e87ec747d47e81a42e8ca6b73e95a,sell,0x1b9743f556d65e757c4c650b4555baf354cb8bd3,0x4f747e2e14d33144330fd5c67445e7b94dc4121fbf2d28f37e7475611eeb9aca
306,212,0.72928636,0xa0be78d2bac6a692adba423c7af50ec86a18bddf,2017-09-14T18:12:33.000Z,0.00344003,0x6f9fcac7ac5e87ec747d47e81a42e8ca6b73e95a,sell,0x1b9743f556d65e757c4c650b4555baf354cb8bd3,0xd2a6eb2f403c3467249e2a888108691044bb1a279c9e4d0a37fc199f10d55ab2
307,250,0.86000750025,0xbcce870909b3dbbe28f744f69b080dbdeeb7748a,2017-09-14T18:09:03.000Z,0.003440030001,0x6f9fcac7ac5e87ec747d47e81a42e8ca6b73e95a,sell,0x1b9743f556d65e757c4c650b4555baf354cb8bd3,0x05d268e0198785c593d2cea064af64f2a408c6f7e6b2d97b2ff0dae14d9d0307
308,50,0.2924995,0x57b6eb8d4511445761e7112d42374f6895a4ca08,2017-09-14T17:22:40.000Z,0.00584999,0xbcce870909b3dbbe28f744f69b080dbdeeb7748a,buy,0x1b9743f556d65e757c4c650b4555baf354cb8bd3,0xea1c30055b72c247d95335f7e9e21ee4cb85f6ba18f102a1d0f6fae5fffaad6e
309,181.835,1.054643,0xd5f035581b3f86edb225c99e69d2790f027cf928,2017-09-14T16:47:05.000Z,0.0058,0xb6ed27337d3bcf50b6e832af4938180972e35c0a,buy,0x1b9743f556d65e757c4c650b4555baf354cb8bd3,0x435f40276f21207cc22697dab7338f594b0c7ec17cb9a72fd19affba7eb6061d
310,25,0.145,0xf771322691357ab362ea1389b1c43def0f836f2d,2017-09-14T16:21:05.000Z,0.0058,0xcfeaa3013d4758edffac60504fe263d6b3d3b325,sell,0x1b9743f556d65e757c4c650b4555baf354cb8bd3,0x9e2288a51fe65e4d39e288218e3bedc9820aba9ebfd4592dba94660f43f649aa
311,36.889,0.2176451,0xdcf026a4bf1b5817c5de39ef82f7465e923207d1,2017-09-14T15:58:48.000Z,0.0059,0x7aa6e2506316f6d613277d4f2f4e4e1dc55e528e,sell,0x1b9743f556d65e757c4c650b4555baf354cb8bd3,0x1267d7795da5e4dc18483be4d8e28f143db55d345f017bb7898ba07d903f6833
312,37,0.2146,0x7aa6e2506316f6d613277d4f2f4e4e1dc55e528e,2017-09-14T15:58:48.000Z,0.0058,0xb6ed27337d3bcf50b6e832af4938180972e35c0a,buy,0x1b9743f556d65e757c4c650b4555baf354cb8bd3,0x1267d7795da5e4dc18483be4d8e28f143db55d345f017bb7898ba07d903f6833
313,1,0.0061,0x120072725849144c5b2d112eee1c80e2f63cdcd9,2017-09-14T13:32:18.000Z,0.0061,0x7b1500130626f1aaa099f04a7decc48d9417d893,buy,0x1b9743f556d65e757c4c650b4555baf354cb8bd3,0x0f51ee092b7241e7aec931ca5fb2dbf79fe2e274a375fdc35a8b55268322f436
314,15.902414031628,0.10177544980242502,0x7b1500130626f1aaa099f04a7decc48d9417d893,2017-09-14T10:13:28.000Z,0.006400000000000366,0xcfeaa3013d4758edffac60504fe263d6b3d3b325,buy,0x1b9743f556d65e757c4c650b4555baf354cb8bd3,0x5c27a2343ae841f030750f3c167959084ca220134f5f8f6ade038eef76aa95cd
315,154.692661034686,0.8972174340011839,0x7b1500130626f1aaa099f04a7decc48d9417d893,2017-09-14T10:08:01.000Z,0.005800000000000033,0xac24f7b9a9bd0b7447851b3b4e44cf89369b6a5f,buy,0x1b9743f556d65e757c4c650b4555baf354cb8bd3,0x0025b03ae490705ba35a7e6bd388f6f7e46cf49b88605faa32a7dac3c40c302b
316,0.000879494434,0.00000993828711296,0xe5d14710331fb3628d8f33af4426f6ec252a85a7,2017-09-14T09:12:35.000Z,0.011300000009960268,0x54813a6952b0a90b9e1fc5676390d1c739fa003d,buy,0x1b9743f556d65e757c4c650b4555baf354cb8bd3,0xc897c6d39fd28c658a5522e214e99e9cd7b958d3c74a4dbd90f69cb0234ea68a
317,1.329212773734,0.09969095803010666,0xe5d14710331fb3628d8f33af4426f6ec252a85a7,2017-09-14T09:05:13.000Z,0.07500000000004263,0x2b0416e24e78caf64c7d67c2a5e38388a8a69bce,buy,0x1b9743f556d65e757c4c650b4555baf354cb8bd3,0x467f9bb2b45304c12435d51501dcf505faeb73beacf9569ea9f4380f70ff0eee
318,65.31500549562,0.37882703187460115,0xcabed89f0460f5f467eef2f492d0c8d747440ca2,2017-09-14T08:10:54.000Z,0.005800000000000079,0xac24f7b9a9bd0b7447851b3b4e44cf89369b6a5f,buy,0x1b9743f556d65e757c4c650b4555baf354cb8bd3,0x71f37914d07f33444749017f7d9299aacf844c306ded0667eabd40e3524fab6f
319,2.406333469692,0.013956734124214934,0xcabed89f0460f5f467eef2f492d0c8d747440ca2,2017-09-14T07:54:48.000Z,0.005800000000000554,0xac24f7b9a9bd0b7447851b3b4e44cf89369b6a5f,buy,0x1b9743f556d65e757c4c650b4555baf354cb8bd3,0x2942ff02fe4892a6945c69401eefda13c551863e9e8cbd32035c41d09b62116e
320,177.586,1.0299988,0x8a419e49555dc54cc2d54780b844accc419749be,2017-09-14T07:07:00.000Z,0.0058,0xac24f7b9a9bd0b7447851b3b4e44cf89369b6a5f,buy,0x1b9743f556d65e757c4c650b4555baf354cb8bd3,0xac0d32bc8e1562ab10add33cab4b6778476fdb0fb853a2cb5a7e5fef5b35b662
321,6,0.0354,0xd338877750e407d1c1330261b6c86801e3f2f187,2017-09-14T07:05:26.000Z,0.0059,0xac24f7b9a9bd0b7447851b3b4e44cf89369b6a5f,sell,0x1b9743f556d65e757c4c650b4555baf354cb8bd3,0x0df1b3758048db672653118a2bed589d1be377035407d0ad22443d4a8f060edb
322,0.0058,0.0000198940000058,0xbcce870909b3dbbe28f744f69b080dbdeeb7748a,2017-09-14T02:48:32.000Z,0.003430000001,0xed6d42dd1d479e535f4c39ad7430d5079e5eff5a,sell,0x1b9743f556d65e757c4c650b4555baf354cb8bd3,0xef385a5c4a337f9f2306ba716cfe548d6579e96e7c79f113635c311fd2bde7f2
323,58.694438962758,0.2013219257009544,0xbcce870909b3dbbe28f744f69b080dbdeeb7748a,2017-09-14T02:46:52.000Z,0.003430000001,0xed6d42dd1d479e535f4c39ad7430d5079e5eff5a,sell,0x1b9743f556d65e757c4c650b4555baf354cb8bd3,0x7b810fdaa24bded4e5dbc7220b38a0d0104e96821412d15aa78cdcf57114e1cb
324,4,0.02399996,0x7b1500130626f1aaa099f04a7decc48d9417d893,2017-09-14T02:10:18.000Z,0.00599999,0xcfeaa3013d4758edffac60504fe263d6b3d3b325,sell,0x1b9743f556d65e757c4c650b4555baf354cb8bd3,0x7614ca9f7b60bbe7f9162362d7e85cbbcd34f1950351830aaf80b7d188541dc7
325,45.761,0.27456554239,0x1aa7e20656f755f935223342abfab5a5c2d6fc72,2017-09-14T00:48:14.000Z,0.00599999,0xa0be78d2bac6a692adba423c7af50ec86a18bddf,buy,0x1b9743f556d65e757c4c650b4555baf354cb8bd3,0x356f48a7841f351f7cf48ced3fe035175581b3d6fc6593b03e6360e6e1c49122
326,51.768668132182,0.2847276747270018,0x1aa7e20656f755f935223342abfab5a5c2d6fc72,2017-09-14T00:48:14.000Z,0.005500000000000015,0xa434cff8c34919323afd4c59f6c3ddd5134ab128,buy,0x1b9743f556d65e757c4c650b4555baf354cb8bd3,0xa4e7ad0a342c3208ce5418a164000bb02145ff2d7d4193779fa51e82b4030f79
327,4.230100675296,0.02326555371413244,0x1aa7e20656f755f935223342abfab5a5c2d6fc72,2017-09-14T00:43:57.000Z,0.005500000000001049,0xa434cff8c34919323afd4c59f6c3ddd5134ab128,buy,0x1b9743f556d65e757c4c650b4555baf354cb8bd3,0xd05a14492411696706ffa8e97b3a0b09a7185022fa5a791ab427ad542bc2534c
328,1.461551077083,0.008769306462502385,0x1aa7e20656f755f935223342abfab5a5c2d6fc72,2017-09-14T00:40:36.000Z,0.0060000000000029995,0x3e2dd9f858fa90d397cc136bca488dbfdc69d48d,buy,0x1b9743f556d65e757c4c650b4555baf354cb8bd3,0xab18fd59282c4399271f1efab7fc610eb3239af8d062c69f084a73b6ed46eaa4
329,0.238749243462,0.00143249307327959,0x1aa7e20656f755f935223342abfab5a5c2d6fc72,2017-09-14T00:39:53.000Z,0.005999990000000103,0xa0be78d2bac6a692adba423c7af50ec86a18bddf,buy,0x1b9743f556d65e757c4c650b4555baf354cb8bd3,0x7629d54961ef0b9b08f797c9c87a91e64ff43ef03f0c516865235b4eb30abbc4
330,0.00061559626,0.000003385779432889,0x1aa7e20656f755f935223342abfab5a5c2d6fc72,2017-09-14T00:39:50.000Z,0.005500000004693011,0xa434cff8c34919323afd4c59f6c3ddd5134ab128,buy,0x1b9743f556d65e757c4c650b4555baf354cb8bd3,0xd2f82ea74c7ec3be36ba346808aff9967a27979e53d8723b95be20b736f54c03
331,0.00061559626,0.000003385779432889,0x1aa7e20656f755f935223342abfab5a5c2d6fc72,2017-09-14T00:39:17.000Z,0.005500000004693011,0xa434cff8c34919323afd4c59f6c3ddd5134ab128,buy,0x1b9743f556d65e757c4c650b4555baf354cb8bd3,0x55072570e4e9df0d2e3f9bc505b5ec17b267db610b874064621a47f23d2c706a
332,10,0.055,0xc5da8228544f74d34ec674673ee9c9fead76a645,2017-09-14T00:35:54.000Z,0.0055,0xa434cff8c34919323afd4c59f6c3ddd5134ab128,buy,0x1b9743f556d65e757c4c650b4555baf354cb8bd3,0x7cc9e093d32d2b0f00a9109862754b5b937407f6b2f9f4783880feda6e01c3ea
333,10,0.0599999,0xc5da8228544f74d34ec674673ee9c9fead76a645,2017-09-14T00:32:17.000Z,0.00599999,0xa0be78d2bac6a692adba423c7af50ec86a18bddf,buy,0x1b9743f556d65e757c4c650b4555baf354cb8bd3,0xcc3a8a8da7eb86763d08997ff1502f329cc8273b9ac95ae3eb8a44edb1b3c61f
334,0.07,0.00084,0xa0be78d2bac6a692adba423c7af50ec86a18bddf,2017-09-14T00:08:23.000Z,0.012,0xad340745670a6f6603008d0277bcce84a28c32a5,buy,0x1b9743f556d65e757c4c650b4555baf354cb8bd3,0xf41b3fcf82c568d57bc79f1d9304042d29354817c235143fa701b04f4575d834
335,66,0.39599934,0xa434cff8c34919323afd4c59f6c3ddd5134ab128,2017-09-13T23:06:30.000Z,0.00599999,0xa0be78d2bac6a692adba423c7af50ec86a18bddf,buy,0x1b9743f556d65e757c4c650b4555baf354cb8bd3,0x57674276a1f3e5ebb9d87869141a30666d6e10d0dc2350ae6774a63806740259
336,0.08,0.000904,0xa0be78d2bac6a692adba423c7af50ec86a18bddf,2017-09-13T22:58:25.000Z,0.0113,0x54813a6952b0a90b9e1fc5676390d1c739fa003d,buy,0x1b9743f556d65e757c4c650b4555baf354cb8bd3,0x6bd87363a8683bb9395a9c4463a55a44cf42140b310da9c8bb6796a8a172292d
337,50,0.176065,0xfd5f985439dacedecf754cd177461b4a3e7bdbe3,2017-09-13T22:27:26.000Z,0.0035213,0x6f9fcac7ac5e87ec747d47e81a42e8ca6b73e95a,sell,0x1b9743f556d65e757c4c650b4555baf354cb8bd3,0x7535e0c885528574178781f4cf2a777383db6d34efffe567c8d180383d3b4844
338,122,0.4295986,0xa0be78d2bac6a692adba423c7af50ec86a18bddf,2017-09-13T22:23:34.000Z,0.0035213,0x6f9fcac7ac5e87ec747d47e81a42e8ca6b73e95a,sell,0x1b9743f556d65e757c4c650b4555baf354cb8bd3,0x25dd1acbf93d6b484a59dcb17467e9e67591bba8cb3efa822c94dd18e2906630
339,122,0.4295986,0xa0be78d2bac6a692adba423c7af50ec86a18bddf,2017-09-13T22:22:30.000Z,0.0035213,0x6f9fcac7ac5e87ec747d47e81a42e8ca6b73e95a,sell,0x1b9743f556d65e757c4c650b4555baf354cb8bd3,0x25dd1acbf93d6b484a59dcb17467e9e67591bba8cb3efa822c94dd18e2906630
340,15.17,0.091018483,0xc65f0e02a94b6f94a893801218b69cfbf8bb0e3a,2017-09-13T21:16:27.000Z,0.0059999,0x3ed5ab3de43a93a8e444945c45f6d4fe322a6608,buy,0x1b9743f556d65e757c4c650b4555baf354cb8bd3,0x93aa7608698e78c5be8d1dff2d35d52cbc3c97449b30f31b692bc38901717651
341,73.315254237288,0.43256,0xc65f0e02a94b6f94a893801218b69cfbf8bb0e3a,2017-09-13T21:13:52.000Z,0.005900000000000011,0xa0be78d2bac6a692adba423c7af50ec86a18bddf,buy,0x1b9743f556d65e757c4c650b4555baf354cb8bd3,0x359573799bf9e152ddec677a6afdd74f6fc7960f0d6bedda24fbd50ad9509cf9
342,0.002,0.0000226,0xa0be78d2bac6a692adba423c7af50ec86a18bddf,2017-09-13T20:59:38.000Z,0.0113,0x54813a6952b0a90b9e1fc5676390d1c739fa003d,buy,0x1b9743f556d65e757c4c650b4555baf354cb8bd3,0x9267bd994695ca870a83a499cd763003a9c7f82af451baabaac813d1b7f25a46
343,0.084745762711,0.0005,0x4c2fb430e95954bcfa54ce4741a9fc2ff6e415ad,2017-09-13T20:35:16.000Z,0.00590000000006018,0xa0be78d2bac6a692adba423c7af50ec86a18bddf,buy,0x1b9743f556d65e757c4c650b4555baf354cb8bd3,0x37b0937acb4a819a5a3a1a2a27a11c4c916f2deb61ef9fda39e712a0d699e42c
344,22.361330963971,0.07650258549393758,0xdad62a339b5cb392953f513f4c15d14f8d23c462,2017-09-13T08:54:29.000Z,0.0034212,0x7844548e6d70eb498878ee634741f2e63f4fc088,sell,0x1b9743f556d65e757c4c650b4555baf354cb8bd3,0xe1c98215558617b46d1522643a09fed702a377fc8b83ba4c3fbab738284d6917
345,9.800163336055,0.0587999999999964,0xafab342cb4deace1467b96e5739bada57cabdb93,2017-09-13T08:39:50.000Z,0.0059999,0x3e2dd9f858fa90d397cc136bca488dbfdc69d48d,sell,0x1b9743f556d65e757c4c650b4555baf354cb8bd3,0x2049a103d0eba1143c27fe84e220b5c3ce922a76248f061f4a6b98f6574b6b75
346,1,0.00642,0x4a4d9f8b456e49a9ad50d31aca27c74b9ea260f7,2017-09-13T04:07:09.000Z,0.00642,0xa0be78d2bac6a692adba423c7af50ec86a18bddf,buy,0x1b9743f556d65e757c4c650b4555baf354cb8bd3,0xe0b9b406ac7539466e203200ced20379962524142b850cd74e686673aec10ef7
347,1.115264797507,0.00715999999999494,0x8a9a552b4952acfc68be6355e6504c5801502fa0,2017-09-13T04:02:27.000Z,0.00642,0xcfeaa3013d4758edffac60504fe263d6b3d3b325,sell,0x1b9743f556d65e757c4c650b4555baf354cb8bd3,0x4826a8183eea9548df57842e2df8da178b2e5f04a3442c133da04af86f8f351b
348,1,0.00642,0x8a9a552b4952acfc68be6355e6504c5801502fa0,2017-09-13T03:59:42.000Z,0.00642,0xcfeaa3013d4758edffac60504fe263d6b3d3b325,sell,0x1b9743f556d65e757c4c650b4555baf354cb8bd3,0x05112eca7e95f02140689c92502d762f0db1d20a7866c5f73e55763760c2a7e3
349,1,0.00642,0x8a9a552b4952acfc68be6355e6504c5801502fa0,2017-09-13T03:56:58.000Z,0.00642,0xcfeaa3013d4758edffac60504fe263d6b3d3b325,sell,0x1b9743f556d65e757c4c650b4555baf354cb8bd3,0xd1e81de5a8dc37da7881806c7e40d66d99cbd33c5da1228439d1d313e633d017
350,38.044057192174,0.24424284717376135,0x43378edf384585400eca6590e623cccf72746a7c,2017-09-13T02:50:30.000Z,0.006420000000000112,0xa0be78d2bac6a692adba423c7af50ec86a18bddf,buy,0x1b9743f556d65e757c4c650b4555baf354cb8bd3,0xc88b8b4cc9b03a8e325b1959bf6dd1ec897744449c43fa7ee366e709a2c9472d
351,9,0.05796,0x52e66bfaa1c33a006c7da30a9f881421ae6dad6e,2017-09-13T02:28:40.000Z,0.00644,0x6e21cf1b1cd858a600375dd7e9a829062cf3054b,buy,0x1b9743f556d65e757c4c650b4555baf354cb8bd3,0x3971a779f13c53c4d70b7d18e84e4ecea25ec87c38778cb7353d0d050679ee36
352,1,0.00642,0xd6f29f2fb0a1dc783aeab42ce7ce9276f8e14a54,2017-09-13T02:21:12.000Z,0.00642,0xa0be78d2bac6a692adba423c7af50ec86a18bddf,buy,0x1b9743f556d65e757c4c650b4555baf354cb8bd3,0xd59be012535fdc24481aaf8d1acaf17b597d9126587b19e6ee569ab7e46d3e19
353,70,0.178507,0x008cd39b569505e006ec93689add83999e96ab12,2017-09-12T22:58:04.000Z,0.0025501,0x3928e6d64d19fa29c0128acbe2b03623b064c217,sell,0x1b9743f556d65e757c4c650b4555baf354cb8bd3,0xaaa51fd4caf20f4d68daf32c522ddeabf2c454b8ccbab6c5f74733b97d97b7bf
354,10.476,0.031428,0x090ca68cfae0b4fdac317b45f1e20c81598468a6,2017-09-12T22:49:33.000Z,0.003,0x3928e6d64d19fa29c0128acbe2b03623b064c217,sell,0x1b9743f556d65e757c4c650b4555baf354cb8bd3,0xd8d8b1e612b1840dca498314777212fca5b36aafbb91b43cf639820bc1367584
355,24.773,0.074319,0xcfeaa3013d4758edffac60504fe263d6b3d3b325,2017-09-12T22:45:10.000Z,0.003,0x3928e6d64d19fa29c0128acbe2b03623b064c217,sell,0x1b9743f556d65e757c4c650b4555baf354cb8bd3,0xe9cbbd43b1a87d5cab547a9265a414fb71e560b7d828f4abbf095d605cccc931
356,100,0.300002,0x8d6c1c952c89402e5fbb907af9354c7a09a18027,2017-09-12T22:27:02.000Z,0.00300002,0x3928e6d64d19fa29c0128acbe2b03623b064c217,sell,0x1b9743f556d65e757c4c650b4555baf354cb8bd3,0xc71c0907df3ffca1f18cede585abbfd8341532fd44531432ceb17ab65a202ca0
357,79,0.237079,0x986535d6430d8d4bfdd99194623430f45607fc3b,2017-09-12T22:25:17.000Z,0.003001,0x3928e6d64d19fa29c0128acbe2b03623b064c217,sell,0x1b9743f556d65e757c4c650b4555baf354cb8bd3,0x0a2077de8b7beaea0bcdd39df36bf302f74023bb36e4f706dfe9de28b0f8bab5
358,14.16,0.05664,0x6207b73b30ca90cbfab22cd06648b5c422afe13d,2017-09-12T22:17:14.000Z,0.004,0x3928e6d64d19fa29c0128acbe2b03623b064c217,sell,0x1b9743f556d65e757c4c650b4555baf354cb8bd3,0x6d32a7f6a08587cb62cd7c643021a3c4950374d655ddc399392e736a771a36db
359,14.547,0.058188,0x9341da688c0c0802371523dff61452e00caa9877,2017-09-12T20:14:50.000Z,0.004,0x5fa3149325b575af9db776e457fb784c7c8dd75e,sell,0x1b9743f556d65e757c4c650b4555baf354cb8bd3,0xd0337470b564efc8b244813ab97315778f975c4e118ce6cb74a8d21207462ec7
360,13,0.0546,0x6207b73b30ca90cbfab22cd06648b5c422afe13d,2017-09-12T20:14:41.000Z,0.0042,0x5fa3149325b575af9db776e457fb784c7c8dd75e,sell,0x1b9743f556d65e757c4c650b4555baf354cb8bd3,0x1c93e54e48f6332bbb5d29d9005c5861a5f8212c1301f0f145555a7c4d1ad199
361,50,0.215,0xcfeaa3013d4758edffac60504fe263d6b3d3b325,2017-09-12T20:12:41.000Z,0.0043,0x5fa3149325b575af9db776e457fb784c7c8dd75e,sell,0x1b9743f556d65e757c4c650b4555baf354cb8bd3,0xe1ab30b8d82db2a5ab71e0069b7601c338324b85f72ce4a807c8e0ab1c2beefb
362,300,2.04,0x2237f44d6be6470801e6636311de1bf46ac98a6b,2017-09-12T18:20:32.000Z,0.0068,0x3e2dd9f858fa90d397cc136bca488dbfdc69d48d,buy,0x1b9743f556d65e757c4c650b4555baf354cb8bd3,0xc0e664d5022596b35653b023d198446e9d4e005f88d891d8c1b8ad9bbe89f828
363,2.857,0.019999,0x71f11748ffdc444511b32fa325d4870982fd4c6d,2017-09-12T07:23:07.000Z,0.007,0xcfeaa3013d4758edffac60504fe263d6b3d3b325,buy,0x1b9743f556d65e757c4c650b4555baf354cb8bd3,0xd38c37e105480525b7f5b16d00bc4dd6e34ef787e059e763c854a1b1e62dbb3c
364,2.312224959767,0.016185574718373043,0xdad62a339b5cb392953f513f4c15d14f8d23c462,2017-09-12T06:19:53.000Z,0.007000000000001749,0xcfeaa3013d4758edffac60504fe263d6b3d3b325,buy,0x1b9743f556d65e757c4c650b4555baf354cb8bd3,0x171629d5d3ee028af5cc7f38e5aafddbb12bbf92dca2e3958efaf6964d07b043
365,0.000939770024,0.000003759080096,0x9341da688c0c0802371523dff61452e00caa9877,2017-09-12T05:37:28.000Z,0.004,0x8cb4bf46c928f2e2c94d02ed337c1c35cf205686,sell,0x1b9743f556d65e757c4c650b4555baf354cb8bd3,0xcf75aec2e0cbea49bd8fd175b4ed8d9bdbb97b33661109aa7da5dbd7ef62d9bd
366,9.426833108387,0.037707332433548,0x9341da688c0c0802371523dff61452e00caa9877,2017-09-12T05:32:15.000Z,0.004,0x8cb4bf46c928f2e2c94d02ed337c1c35cf205686,sell,0x1b9743f556d65e757c4c650b4555baf354cb8bd3,0xd9f1b330f4b9d4d2256eb69f3572fb53ce0f29e237086dee649b6ef6ea9090b9
367,1,0.0041,0x9341da688c0c0802371523dff61452e00caa9877,2017-09-12T05:24:46.000Z,0.0041,0x8cb4bf46c928f2e2c94d02ed337c1c35cf205686,sell,0x1b9743f556d65e757c4c650b4555baf354cb8bd3,0x2a503c17ee88528f4acc1e11859eb10439e18f58c4b4c2b6935484cbf817c957
368,0.001,0.000001,0xf1e65cd0b31fcb8713ac1902002b262d57c9da33,2017-09-12T04:34:37.000Z,0.001,0x57b00c981363c67b11e07eaa71364bf20e8025fe,sell,0x1b9743f556d65e757c4c650b4555baf354cb8bd3,0x939c6d4afc3662d04bc9021a0d2803132802a74b99b49bba820f2f91619b2a3c
369,0.01,0.0000001,0x57b00c981363c67b11e07eaa71364bf20e8025fe,2017-09-12T04:21:04.000Z,0.00001,0xf1e65cd0b31fcb8713ac1902002b262d57c9da33,sell,0x1b9743f556d65e757c4c650b4555baf354cb8bd3,0xbd9b0974815c9aafe83b25c9e608fd9d29d32a4acaed4bb0a078dc92442ea505
370,4.285714285714,0.029999999999998,0x1438b93e43c76420a53c990fffe424cbea985bf4,2017-09-12T04:14:09.000Z,0.007,0xcfeaa3013d4758edffac60504fe263d6b3d3b325,sell,0x1b9743f556d65e757c4c650b4555baf354cb8bd3,0xd0e2e2d0465dd461a54e0ad5ca7f3f9f6642ee78549aa23cdc41f774c94d8222
371,0.1,0.00113,0xa0be78d2bac6a692adba423c7af50ec86a18bddf,2017-09-12T04:04:56.000Z,0.0113,0x54813a6952b0a90b9e1fc5676390d1c739fa003d,buy,0x1b9743f556d65e757c4c650b4555baf354cb8bd3,0xd9083c180c14853eb74cffc018410a1a293d0ce07f845c99cefaff5d486ca6dc
372,0.009983307554,0.00000009983307554,0xf1e65cd0b31fcb8713ac1902002b262d57c9da33,2017-09-12T03:42:26.000Z,0.00001,0x57b00c981363c67b11e07eaa71364bf20e8025fe,sell,0x1b9743f556d65e757c4c650b4555baf354cb8bd3,0x2bcb24816ca624eb7d9df9af759e7602f4180db2565f377b94b626f15e4cd2e0
373,0.01,0.000001,0x57b00c981363c67b11e07eaa71364bf20e8025fe,2017-09-12T03:40:10.000Z,0.0001,0xf1e65cd0b31fcb8713ac1902002b262d57c9da33,sell,0x1b9743f556d65e757c4c650b4555baf354cb8bd3,0x9ba1ec9955a3d199a1b7ee9dbc9e79a55ddc8ec80dc5457348c26021b1ca4f7d
374,0.142558069983,0.0001140464559864,0xf1e65cd0b31fcb8713ac1902002b262d57c9da33,2017-09-12T03:01:36.000Z,0.0008,0x57b00c981363c67b11e07eaa71364bf20e8025fe,sell,0x1b9743f556d65e757c4c650b4555baf354cb8bd3,0x889fb8d5f5d1543ff3db0ea11e8349a59b040e96a60d370829af97b02c0133b7
375,0.143,0.001001,0x57b00c981363c67b11e07eaa71364bf20e8025fe,2017-09-12T02:53:35.000Z,0.007,0xcfeaa3013d4758edffac60504fe263d6b3d3b325,buy,0x1b9743f556d65e757c4c650b4555baf354cb8bd3,0xf9f26e186c2e74fbb04896b06b64ce9a5ec9cdc5b2420aa69abc29e64f5d9413
376,210,1.47,0x1438b93e43c76420a53c990fffe424cbea985bf4,2017-09-12T02:01:48.000Z,0.007,0xa0be78d2bac6a692adba423c7af50ec86a18bddf,sell,0x1b9743f556d65e757c4c650b4555baf354cb8bd3,0x06ea9a474fdcc6ebaaccf76cb28d6e5ee9054614c380a1dd4483e2eafbcc84f9
377,29.908564544489,0.20935995181142458,0x154a2928d8186c2dae1052faf2e02890b4f55358,2017-09-12T01:11:03.000Z,0.007000000000000053,0xa0be78d2bac6a692adba423c7af50ec86a18bddf,buy,0x1b9743f556d65e757c4c650b4555baf354cb8bd3,0x78a3737426571aa96604855934c9300cb8e41590cb5a1b177ecb53133c799edd
378,0.00000006549,0.000000000458436807,0xc5da8228544f74d34ec674673ee9c9fead76a645,2017-09-11T23:55:05.000Z,0.007000103939532753,0x5fa3149325b575af9db776e457fb784c7c8dd75e,buy,0x1b9743f556d65e757c4c650b4555baf354cb8bd3,0xe78264c7d5c5e5ad51c2c61fd107913ba403b396a71fe26f567d8a4fdb5b1d20
379,0.000117912297,0.000004598579614043,0xc5da8228544f74d34ec674673ee9c9fead76a645,2017-09-11T23:52:43.000Z,0.039000000263271946,0xa25942d870dc984d2483fab0f731af6fbb5e1479,buy,0x1b9743f556d65e757c4c650b4555baf354cb8bd3,0x63e7fef8ad33433753d32b7c44497da1bcfb6f75ead8b3f5b1b1a1c4d25725e0
