,amount,amountBase,buyer,date,price,seller,side,tokenAddr,txHash
0,341.07592378,0.6071151443284,0x5d77ceb2bba13aa68787f141635f015bf5b70278,2017-11-02T10:42:16.000Z,0.00178,0x4b7ef3c467974c144121f7952d2769cb18bd8656,sell,0x4ceda7906a5ed2179785cd3a40a69ee8bc99c466,0xaa1cfff4a90d90079b8d4d5f995905d2a97b07a568acbe9d520bc3320d7deda1
1,2258.92407622,4.0208848556716,0x5d77ceb2bba13aa68787f141635f015bf5b70278,2017-11-02T10:29:50.000Z,0.00178,0xc5ade67e26741e927bada0d3201286054c0a3cd0,sell,0x4ceda7906a5ed2179785cd3a40a69ee8bc99c466,0xbb13b590e868645c603d87c6684cbb68858cd8a1a6686838cc280b4e86c88861
2,2913.62935324,5.238705577137598,0x143f71bc538ede8ef21317d19dd45ac6e592e7da,2017-11-02T06:56:56.000Z,0.001798000000004145,0x8bf07feb58d62315daa9327c2cf1b8ef0a5fdb1e,buy,0x4ceda7906a5ed2179785cd3a40a69ee8bc99c466,0x5eb0aeacef401b14871b893c37a31c554cb3651d615308c8f8951f9a0fc55a1e
3,785,1.411429215,0xf69bbb08adb77cd25b4702fe516c278705ae024a,2017-11-02T06:39:04.000Z,0.001797999,0x1a94749b553336f2120d57aa4b90984dca75fd21,buy,0x4ceda7906a5ed2179785cd3a40a69ee8bc99c466,0x54afefd0d8221ba450ed3415871eb218effa7aadd7c384c98257ce2e787b5bed
4,0.27808676,0.0005,0x3075f7f189912f4f425dd7021b9c396434197477,2017-11-02T06:30:07.000Z,0.0017980000198499202,0x8bf07feb58d62315daa9327c2cf1b8ef0a5fdb1e,buy,0x4ceda7906a5ed2179785cd3a40a69ee8bc99c466,0xfa7e6c8b585bcb500fd158421d8795354957ff1cfa9ebf257d85797441071f11
5,0.27808676,0.0005,0x4fda9e6bcd83af6c5cc771b5d20accc2b7720074,2017-11-02T06:21:22.000Z,0.0017980000198499202,0x8bf07feb58d62315daa9327c2cf1b8ef0a5fdb1e,buy,0x4ceda7906a5ed2179785cd3a40a69ee8bc99c466,0x97e8adb7e822f1e02a6e1a604f01372d29de1119b0cee488c42704e03f58cb46
6,335.07693641,0.6024683316707474,0xa5684e7c4c9880ccd020c31e45b2c4e202d901c0,2017-11-02T06:20:36.000Z,0.0017980000000166155,0x8bf07feb58d62315daa9327c2cf1b8ef0a5fdb1e,buy,0x4ceda7906a5ed2179785cd3a40a69ee8bc99c466,0xc922c570084e8e28c6dac197b60c769e30d83161bad60b67c6658031adf5215f
7,101.925,0.183159225,0xa5684e7c4c9880ccd020c31e45b2c4e202d901c0,2017-11-02T06:17:49.000Z,0.001797,0xb651bb834c9dcbbbf6ea47636ee20bb3c245c4bb,buy,0x4ceda7906a5ed2179785cd3a40a69ee8bc99c466,0xf4a471228179f408cf9dea34ee40af87c52d9fd760539839f6b15baeee3adcac
8,1330,2.39001,0xa385e47bc8741d6932b756647cfbd94b1560b6be,2017-11-02T06:07:23.000Z,0.001797,0xb651bb834c9dcbbbf6ea47636ee20bb3c245c4bb,buy,0x4ceda7906a5ed2179785cd3a40a69ee8bc99c466,0xc2180484421e8eba3dd4bad945231156acac99823b11f378926082c122dc12a2
9,800,1.4376,0x011a2245b4da2bfa88fa5feac3c9d2ebceb2647c,2017-11-02T04:38:51.000Z,0.001797,0xb651bb834c9dcbbbf6ea47636ee20bb3c245c4bb,buy,0x4ceda7906a5ed2179785cd3a40a69ee8bc99c466,0xf2577176e2acd0911a075793d9c601212c32067b7a2eec3bf192d8d3f59811c0
10,462.56604525,0.7952435449938,0x143f71bc538ede8ef21317d19dd45ac6e592e7da,2017-11-01T21:40:56.000Z,0.0017192,0x145ed8c2c0bfb3c9268fed36425f242a4052048c,sell,0x4ceda7906a5ed2179785cd3a40a69ee8bc99c466,0xdaab1be8d74172ad1061669552933446dca13e625ed46e0bdb876458125ded49
11,3285,5.9787,0xcbe4347cefbf18c0e4fec08a23cd197d0e7a7aae,2017-11-01T19:52:26.000Z,0.00182,0x7f427765bb3d5a97ff1cea9ac99c0879497a6163,buy,0x4ceda7906a5ed2179785cd3a40a69ee8bc99c466,0xffa040a6a499c33a2485c323789028162192c06547a0b9864bc881a7ea5b7485
12,1716.1325434,3.140522554433326,0xf01135dc2ae673e5e730f4206fa571b5fcae3c20,2017-11-01T19:41:31.000Z,0.0018300000000065998,0x7f427765bb3d5a97ff1cea9ac99c0879497a6163,buy,0x4ceda7906a5ed2179785cd3a40a69ee8bc99c466,0x08f5fc07303ad9cca4a399e6a972b80c48b7c6b07bb6895b218378b899eb34ef
13,19.8,0.0365112,0xacdb87aadc9544633facc6394a52a275db7a7bad,2017-11-01T17:58:23.000Z,0.001844,0x4b7ef3c467974c144121f7952d2769cb18bd8656,buy,0x4ceda7906a5ed2179785cd3a40a69ee8bc99c466,0xc1b01b2ee49839596d48258b0d6be743b60f7154eacd4d38cb13f1cd9343d06c
14,9.8,0.017934,0xacdb87aadc9544633facc6394a52a275db7a7bad,2017-11-01T17:56:22.000Z,0.00183,0x4b7ef3c467974c144121f7952d2769cb18bd8656,buy,0x4ceda7906a5ed2179785cd3a40a69ee8bc99c466,0xdd2e522eb87950c1b7eca04df57cd0aa3cf7c630d439437001c696ee232e3709
15,40.2,0.073566,0xacdb87aadc9544633facc6394a52a275db7a7bad,2017-11-01T17:48:08.000Z,0.00183,0x4b7ef3c467974c144121f7952d2769cb18bd8656,buy,0x4ceda7906a5ed2179785cd3a40a69ee8bc99c466,0x58e30342c4c7634fbf7e3b94735f073453f172ec703d76a2ca6ee1dd040bb9af
16,570,1.0431,0xa385e47bc8741d6932b756647cfbd94b1560b6be,2017-11-01T17:28:39.000Z,0.00183,0x245d3b421672e029b7ddf9fd5e9a1d19e72ec41b,buy,0x4ceda7906a5ed2179785cd3a40a69ee8bc99c466,0xd14eeb63f1e9b3b5c92a1d73ed907dd2b77e84bf5e5dbdbb5320ea7af25d3374
17,500,0.915,0xa385e47bc8741d6932b756647cfbd94b1560b6be,2017-11-01T17:26:21.000Z,0.00183,0x4b7ef3c467974c144121f7952d2769cb18bd8656,buy,0x4ceda7906a5ed2179785cd3a40a69ee8bc99c466,0xef3c0f65bd5940359a076c9464c73633a8278e4d981bf3b6c218dc820d9880c3
18,1138,1.9915,0x1080355c93a1b4c0dd3c340eed4f7e514c583077,2017-11-01T14:37:24.000Z,0.00175,0xcfdd62e3787cf315c258262b7a6ec6fe95e7e2af,sell,0x4ceda7906a5ed2179785cd3a40a69ee8bc99c466,0xf104be879fa0cac510dcdd0f6e2d4227007e0b8eb482c84a0c895db2ffee800f
19,550,1.0065,0x70f6e508d68e2163e746a383de8266d19c9df08d,2017-11-01T14:27:48.000Z,0.00183,0x4b7ef3c467974c144121f7952d2769cb18bd8656,buy,0x4ceda7906a5ed2179785cd3a40a69ee8bc99c466,0xba901d1e35e5959ca1b4f5af42cd331aa5563df547b5fd6e1ff85b580d58bccc
20,70.8,0.129564,0xacdb87aadc9544633facc6394a52a275db7a7bad,2017-11-01T12:36:21.000Z,0.00183,0x4b7ef3c467974c144121f7952d2769cb18bd8656,buy,0x4ceda7906a5ed2179785cd3a40a69ee8bc99c466,0x9f06d4d5828908117441bc7f6e81d2235d98b542160a0232e8863064c5e22b42
21,118.30081283,0.20359569888043,0xc4146f36ebd6aa1ffdb00c7c307f64bd195b11cd,2017-11-01T11:35:17.000Z,0.001721,0xe65b6eeafe34adb2e19e8b2ae9c517688771548e,sell,0x4ceda7906a5ed2179785cd3a40a69ee8bc99c466,0x7d1ef44500af1413248300ba78d1493d5678e24090419b97a51c298b6c5292bc
22,886,1.524806,0x4071523846f26963ddc97c9bfe9cc641e0b7e65a,2017-11-01T11:34:07.000Z,0.001721,0xe65b6eeafe34adb2e19e8b2ae9c517688771548e,sell,0x4ceda7906a5ed2179785cd3a40a69ee8bc99c466,0x273172b321c24ef57725ad32ca28d4a2ed05b5e50ecd45a03a642c75deb92776
23,100.96104726,0.18656591924019347,0x8acf7b4d5dfc5456aa077321ab950ca0225064f9,2017-11-01T10:51:29.000Z,0.0018479000000835913,0x4b7ef3c467974c144121f7952d2769cb18bd8656,buy,0x4ceda7906a5ed2179785cd3a40a69ee8bc99c466,0x9e1faa5ab3e3484518c94d561125b41efa5742e81684561735b0dc018d1e6c6c
24,16.18368465,0.029907287409032,0xfb390441ff968f7569cd6f3cf01cb7214dfeed31,2017-11-01T09:42:44.000Z,0.0018479900007834125,0xda896bd9e964386f7343414a646c8ef75d5ae009,buy,0x4ceda7906a5ed2179785cd3a40a69ee8bc99c466,0xd137135bbe9efad9f2c83f97c0e28537c15d35678a254d1216fac5f334fd7839
25,915,1.69091085,0x3ff35b7a4f1cb5a767a965f2b51dadbd6a3c66f1,2017-11-01T09:19:20.000Z,0.00184799,0xda896bd9e964386f7343414a646c8ef75d5ae009,sell,0x4ceda7906a5ed2179785cd3a40a69ee8bc99c466,0x22b6793c222af5fc73a27314935fcaea44a46716244bc582d0b1ab2542bae112
26,37.76193086,0.06978367062107467,0x2f2c6a9ff11b873bab582f3df9f06b52baa4f53b,2017-11-01T08:58:36.000Z,0.0018479900002940333,0xda896bd9e964386f7343414a646c8ef75d5ae009,buy,0x4ceda7906a5ed2179785cd3a40a69ee8bc99c466,0xa6910ed11169a94876d69d7690917b1aec8483e5d1525364f5aa676ff0cc5090
27,200,0.3698,0xc4146f36ebd6aa1ffdb00c7c307f64bd195b11cd,2017-11-01T08:15:00.000Z,0.001849,0xda896bd9e964386f7343414a646c8ef75d5ae009,buy,0x4ceda7906a5ed2179785cd3a40a69ee8bc99c466,0x827657afcd359d72056db994b097c950b29ffc463320ea71e2a53f324f0123ce
28,1000,1.849,0x70d692072e72e1b4b26b01be1541cb46af42d8cb,2017-11-01T06:51:45.000Z,0.001849,0xda896bd9e964386f7343414a646c8ef75d5ae009,buy,0x4ceda7906a5ed2179785cd3a40a69ee8bc99c466,0x558f65f244359a158e01a8f4f47afb4795d9cab167a3314f82aca4f45212623e
29,70.09099266,0.12959824543913867,0x8be5d14bd441a61271f0d101e2d5e4c0b795c82e,2017-11-01T05:52:44.000Z,0.0018490000001540664,0xda896bd9e964386f7343414a646c8ef75d5ae009,buy,0x4ceda7906a5ed2179785cd3a40a69ee8bc99c466,0xd9bd64c8f8fe03aa0829e29a3e9203d89039f7d0a1613ac62b2f8228d4fc5327
30,130.0334164,0.2235274427916,0xf71efd8a6cfdc9fbe4acce580d67e934d1f2d2c5,2017-11-01T03:52:40.000Z,0.001719,0x06c6fea19f72ffeccb0326805b723ae3cae131ca,sell,0x4ceda7906a5ed2179785cd3a40a69ee8bc99c466,0x0a1af71139c84aab181543d857847dc114e1da780a42568736a08814c3ce6f8d
31,0.57,0.0010431,0xda896bd9e964386f7343414a646c8ef75d5ae009,2017-11-01T03:48:44.000Z,0.00183,0x06c6fea19f72ffeccb0326805b723ae3cae131ca,sell,0x4ceda7906a5ed2179785cd3a40a69ee8bc99c466,0x1457c3a321ac4e0e606fcadeb6e9c81b4e2ad5b9ded7b5ec9175b24186b18333
32,0.59,0.0010738,0xda896bd9e964386f7343414a646c8ef75d5ae009,2017-11-01T03:48:44.000Z,0.00182,0x06c6fea19f72ffeccb0326805b723ae3cae131ca,sell,0x4ceda7906a5ed2179785cd3a40a69ee8bc99c466,0x372a29f6a0a51c8fa6b3157f9bc38305678b50efc3a7ac5c49267d01abe40131
33,131.6,0.231616,0x06c6fea19f72ffeccb0326805b723ae3cae131ca,2017-11-01T03:47:31.000Z,0.00176,0x4b7ef3c467974c144121f7952d2769cb18bd8656,buy,0x4ceda7906a5ed2179785cd3a40a69ee8bc99c466,0x868505d81c5a58f7c6441fbcccc36c0da7b7c38fd77edb2adfb961eee222260a
34,2496,4.44288,0x4f88889fca082c9bb945e84d7abf70a69ee7e4cf,2017-11-01T03:18:28.000Z,0.00178,0x4b7ef3c467974c144121f7952d2769cb18bd8656,buy,0x4ceda7906a5ed2179785cd3a40a69ee8bc99c466,0xe07dabfa4afea5af2c205558d04bbc1aa278ac9ba3de22ce63233769d98c77f3
35,1,0.00176,0x8ed0bb52eac702619d19a7629d5c7637ab905cef,2017-11-01T02:55:25.000Z,0.00176,0x4b7ef3c467974c144121f7952d2769cb18bd8656,buy,0x4ceda7906a5ed2179785cd3a40a69ee8bc99c466,0x82fdf78f7b41a88d5b936392cfa5bfdc3b7b7d3ba5194b8d26e5eb5f8cbf636d
36,1466.89972766,2.5817435206957677,0xf01135dc2ae673e5e730f4206fa571b5fcae3c20,2017-11-01T02:35:01.000Z,0.0017600000000096581,0x4b7ef3c467974c144121f7952d2769cb18bd8656,buy,0x4ceda7906a5ed2179785cd3a40a69ee8bc99c466,0xfeb487e382224e4ea18e5cbde592e361f4d59af04dcf80647ddd3a88f4181a05
37,594.5,1.040375,0xf01135dc2ae673e5e730f4206fa571b5fcae3c20,2017-11-01T02:32:56.000Z,0.00175,0xfbf7dc0756a9768d0c71aea5f8421f3b1eaee7d1,buy,0x4ceda7906a5ed2179785cd3a40a69ee8bc99c466,0xd16fef8ab8c3083e25c45c9dd8aa7f475c28e2e143e5eb8fdddd71fb0a86824b
38,0.5,0.00088,0xed2ca7381d82f8fb9bcc54ea6ab6526e35aece25,2017-11-01T02:28:55.000Z,0.00176,0x4b7ef3c467974c144121f7952d2769cb18bd8656,buy,0x4ceda7906a5ed2179785cd3a40a69ee8bc99c466,0x40cdeef3e42fc9fe964278acd93ddb703c9bc7fea9c76ec553ed9d5559c4ca26
39,0.5,0.000875,0xe2b48b3dd0b33283b4802e63e65518f27e635054,2017-11-01T02:28:55.000Z,0.00175,0xfbf7dc0756a9768d0c71aea5f8421f3b1eaee7d1,buy,0x4ceda7906a5ed2179785cd3a40a69ee8bc99c466,0x97c29dec3fd3468bc5d536a5478d9589cc48f34c354efa77813cde7975e80d72
40,4,0.00712,0x3e8509460c64fdb314134c6ad9bd03e2da24a2cd,2017-11-01T01:37:58.000Z,0.00178,0x4b7ef3c467974c144121f7952d2769cb18bd8656,buy,0x4ceda7906a5ed2179785cd3a40a69ee8bc99c466,0x9ea51673820c161fb94a8ae86289a12afa4cd5214540f42330cf44f7da122cb9
41,480.91915063,0.8223717475773,0x027da9ae58f3ef7e6ae9a8135dab65c0c9ebb3e6,2017-11-01T01:19:23.000Z,0.00171,0x7e3219d4044a4840a247f731a170c1af9e28fcfe,sell,0x4ceda7906a5ed2179785cd3a40a69ee8bc99c466,0xf4431e28c75e295057e34e95bfb19cd43dc81f3171c90a9ecc02eeb8093cf008
42,358.9018438,0.61013313446,0xdf597efae5e744aa6bb63ba78dcdb2516d652a85,2017-11-01T00:25:39.000Z,0.0017,0x82e4d78c6c62d461251fa5a1d4deb9f0fe378e30,sell,0x4ceda7906a5ed2179785cd3a40a69ee8bc99c466,0xce0660c551b588b234aceb926528bf3bd500ea83af899724a4f7e68c26f7e71b
43,2659,4.73302,0x91f4f9e9837c16e83377c98cc931e655512a0d74,2017-11-01T00:23:07.000Z,0.00178,0x01cc041db841e586bad9620b667a2ee013bcebe1,buy,0x4ceda7906a5ed2179785cd3a40a69ee8bc99c466,0xad6a127632e2b2719da4b9820d4353d43ad955b1dab38bdb9ffe1b461326b7da
44,7356.25979529,12.32909141690604,0xd673f3cf3d51327d8b4651ed41d26e098ec1240d,2017-10-31T23:06:26.000Z,0.001676,0x82e4d78c6c62d461251fa5a1d4deb9f0fe378e30,sell,0x4ceda7906a5ed2179785cd3a40a69ee8bc99c466,0xd7650b5bda3b0a3ebddc3e8056fc158e519d4a72523f6fe38159ac42e7b387f1
45,133.80741305,0.23550104697318613,0x3032c921b55de9be0ccaedac42947380c4f889b4,2017-10-31T23:02:31.000Z,0.0017600000000387581,0x4b7ef3c467974c144121f7952d2769cb18bd8656,buy,0x4ceda7906a5ed2179785cd3a40a69ee8bc99c466,0xd495ed4e52c2fa308cfedf60336d09385dc4aa4015005a06a0efb2593fbe6fcc
46,8380.03899331,14.078465508762836,0x9b3aba55fa1e97ca7b88e175a3106bd041ec453f,2017-10-31T22:57:54.000Z,0.001680000000000243,0xc43e270c1ca449ed03e1c51e93d9475a84458e53,buy,0x4ceda7906a5ed2179785cd3a40a69ee8bc99c466,0x6d0f0a2858fb06bdae6a3afaa9a4a41b78e48082223c26f0686937bf6e9bd076
47,1485.44100668,2.495540891237164,0xce0c1588c5cb3553eec92f29828167cbbefdd2d1,2017-10-31T22:55:42.000Z,0.0016800000000099392,0xc43e270c1ca449ed03e1c51e93d9475a84458e53,buy,0x4ceda7906a5ed2179785cd3a40a69ee8bc99c466,0x276b4d4a76bbb3d4c746aac1db4fa704859486a14c429ae1ed96481833941aef
48,1134.51999999,1.9059935999999995,0x422d7c1f2f04e7582163d1381a436516f4de3c2a,2017-10-31T22:55:09.000Z,0.0016800000000148077,0xc43e270c1ca449ed03e1c51e93d9475a84458e53,buy,0x4ceda7906a5ed2179785cd3a40a69ee8bc99c466,0x1313399370b5fbc271a94ec5e23eaa58ae9d917ad15d4f826055ecfb1c5cffaa
49,1130,1.9888,0xea1a9636bed23a715082e9bf914d4fff16919927,2017-10-31T22:55:09.000Z,0.00176,0x422d7c1f2f04e7582163d1381a436516f4de3c2a,sell,0x4ceda7906a5ed2179785cd3a40a69ee8bc99c466,0x1313399370b5fbc271a94ec5e23eaa58ae9d917ad15d4f826055ecfb1c5cffaa
50,84.97407328,0.14955436898027502,0x34a5ec722201cdea8a04255336557d01736edd9c,2017-10-31T22:53:52.000Z,0.0017600000000879683,0x4b7ef3c467974c144121f7952d2769cb18bd8656,buy,0x4ceda7906a5ed2179785cd3a40a69ee8bc99c466,0xd4384404eb210e7ba622ee87efd1f807d4090e26db13e832a25b4635b2a14da9
51,7000,11.732,0x9b3aba55fa1e97ca7b88e175a3106bd041ec453f,2017-10-31T22:49:25.000Z,0.001676,0xc43e270c1ca449ed03e1c51e93d9475a84458e53,buy,0x4ceda7906a5ed2179785cd3a40a69ee8bc99c466,0x9d680da2feb0c35d4902a51a1ae9c8933bd718d1cd6a200f837d9553e2d38679
52,1643.74020471,2.75490858309396,0xd673f3cf3d51327d8b4651ed41d26e098ec1240d,2017-10-31T22:47:00.000Z,0.001676,0x1eaa18a0e964d346f2b5182be3f97d7aab5145b9,sell,0x4ceda7906a5ed2179785cd3a40a69ee8bc99c466,0x8f8ac7d6b5117d1bfc86cbee877f369b331c1b70e87d6db674787ebc995bdeb7
53,17293.2,28.879644,0xce0c1588c5cb3553eec92f29828167cbbefdd2d1,2017-10-31T22:47:00.000Z,0.00167,0xc43e270c1ca449ed03e1c51e93d9475a84458e53,buy,0x4ceda7906a5ed2179785cd3a40a69ee8bc99c466,0xa3d86e85392b2e2e2853fb7922be8c00e70f44a1801e4411bcb3004a016b66e3
54,1700,2.992,0xc9418b4c86e05df0b49a909a98112deed727cc4c,2017-10-31T22:45:37.000Z,0.00176,0x422d7c1f2f04e7582163d1381a436516f4de3c2a,sell,0x4ceda7906a5ed2179785cd3a40a69ee8bc99c466,0x92265862b63971aa2f0e59e83471b831cdf60dccab92ed32d6b58cda9184f808
55,1706.79999999,2.8503559999999992,0x422d7c1f2f04e7582163d1381a436516f4de3c2a,2017-10-31T22:45:37.000Z,0.001670000000009784,0xc43e270c1ca449ed03e1c51e93d9475a84458e53,buy,0x4ceda7906a5ed2179785cd3a40a69ee8bc99c466,0x92265862b63971aa2f0e59e83471b831cdf60dccab92ed32d6b58cda9184f808
56,11000,18.48,0xce0c1588c5cb3553eec92f29828167cbbefdd2d1,2017-10-31T22:39:49.000Z,0.00168,0xc43e270c1ca449ed03e1c51e93d9475a84458e53,buy,0x4ceda7906a5ed2179785cd3a40a69ee8bc99c466,0x00cecbfa769d80a4a6c3f0c18814f064e84bc05de80a2d30efb32b09d519b017
57,950,1.59125,0xfc962d73859412ae20d0b0e5fe6ec12cf50e1667,2017-10-31T22:33:02.000Z,0.001675,0xc43e270c1ca449ed03e1c51e93d9475a84458e53,buy,0x4ceda7906a5ed2179785cd3a40a69ee8bc99c466,0xc459160ed72f3b1cd80c59a67d8aa18cab99d8890fe8069fdf1de74b323de282
58,4950,8.29125,0x4abd841f29dddb7ab882dfeb48c88a63094f2d93,2017-10-31T22:31:57.000Z,0.001675,0xc43e270c1ca449ed03e1c51e93d9475a84458e53,buy,0x4ceda7906a5ed2179785cd3a40a69ee8bc99c466,0x61b8ec3a4040789424bfe8c9b92f8e317228cab23368565763dc66245cc2ed20
59,1000,1.675,0x4abd841f29dddb7ab882dfeb48c88a63094f2d93,2017-10-31T22:28:02.000Z,0.001675,0xc43e270c1ca449ed03e1c51e93d9475a84458e53,buy,0x4ceda7906a5ed2179785cd3a40a69ee8bc99c466,0x931644fcfe47d0001144c1c4ad2bdfaba3d3548a62dc6ff237892c295736a171
60,6500,10.8875,0x3424d2adb0670a4764899bdcbfffa3213fe9fc38,2017-10-31T22:25:43.000Z,0.001675,0xc43e270c1ca449ed03e1c51e93d9475a84458e53,buy,0x4ceda7906a5ed2179785cd3a40a69ee8bc99c466,0xd7624dcdc793ee369ed56414c75104c915bab7dc1d63d5aa2b5c9ba8ebd972e3
61,2500,4.1875,0xda896bd9e964386f7343414a646c8ef75d5ae009,2017-10-31T22:21:33.000Z,0.001675,0xc43e270c1ca449ed03e1c51e93d9475a84458e53,buy,0x4ceda7906a5ed2179785cd3a40a69ee8bc99c466,0x284572a1ff06dd56b417651b7804430450bd7b7fc127caa1c6636c6bf7ced29c
62,2400,4.008,0x5e163da56f50223a3176e8c24518e98df949e657,2017-10-31T22:14:46.000Z,0.00167,0xc43e270c1ca449ed03e1c51e93d9475a84458e53,buy,0x4ceda7906a5ed2179785cd3a40a69ee8bc99c466,0x851af2a828692d0e475cf9d624bc61904011b583cdee16e1c27b7c39422e24f2
63,70,0.1232,0x5e163da56f50223a3176e8c24518e98df949e657,2017-10-31T22:08:25.000Z,0.00176,0x4b7ef3c467974c144121f7952d2769cb18bd8656,buy,0x4ceda7906a5ed2179785cd3a40a69ee8bc99c466,0x17bc5865907d6a9d5eea7ab55a73d4ffe49dcfa3817a29418773dae641de5d36
64,1.296,0.00228096,0xb2cd0402bc1c5e2d064c78538df5837b93d7cc99,2017-10-31T21:59:15.000Z,0.00176,0x4b7ef3c467974c144121f7952d2769cb18bd8656,buy,0x4ceda7906a5ed2179785cd3a40a69ee8bc99c466,0x79d5451b599e54a58dd8a98799ac1db2edc790c18c95d23d27658cb7b82eaedd
65,30,0.0528,0xd3d6e6780f8e6d3a1ca19714ae6c75db6ff1a229,2017-10-31T21:55:09.000Z,0.00176,0x4b7ef3c467974c144121f7952d2769cb18bd8656,buy,0x4ceda7906a5ed2179785cd3a40a69ee8bc99c466,0x88dea2e99210b133e624ff263c12e578fa7aea9642fd4f4584e70e2692cf5368
66,135,0.2376,0xe1bad1ef65944c7a8af59d1373a1ce7f07230e2e,2017-10-31T20:53:46.000Z,0.00176,0x4b7ef3c467974c144121f7952d2769cb18bd8656,sell,0x4ceda7906a5ed2179785cd3a40a69ee8bc99c466,0xa9f5010c1330bb9928c0d9778a70af7aadec828b06f304f6657422fbc9588f7e
67,430.839,0.75827664,0xe1bad1ef65944c7a8af59d1373a1ce7f07230e2e,2017-10-31T20:42:47.000Z,0.00176,0x4b7ef3c467974c144121f7952d2769cb18bd8656,buy,0x4ceda7906a5ed2179785cd3a40a69ee8bc99c466,0xb5ce6107a28d8c3adffe4c0e886ac9c0f5344a49ea3fb10e79ad3ef743a09d1f
68,569.16054577,1.001722560562257,0xa9aa3170bf9563361b47cf05c61800149711ada7,2017-10-31T20:36:15.000Z,0.001760000000012399,0x4b7ef3c467974c144121f7952d2769cb18bd8656,buy,0x4ceda7906a5ed2179785cd3a40a69ee8bc99c466,0xd5ac4878b22cbce4c5fa50ffaa7ae6e0957363c8af7e4bc200378fa8fbe7db6e
69,0.00954301,0.000016795707677738,0x2f2c6a9ff11b873bab582f3df9f06b52baa4f53b,2017-10-31T20:27:40.000Z,0.0017600010560334736,0x1eaa18a0e964d346f2b5182be3f97d7aab5145b9,buy,0x4ceda7906a5ed2179785cd3a40a69ee8bc99c466,0x91478c2a944107c882c18480e5eef9bfd65a7ef8ad20a2e181fa15daea75c8bf
70,95.72599074,0.16847774371537524,0x2f2c6a9ff11b873bab582f3df9f06b52baa4f53b,2017-10-31T20:26:28.000Z,0.0017600000001355455,0x1eaa18a0e964d346f2b5182be3f97d7aab5145b9,buy,0x4ceda7906a5ed2179785cd3a40a69ee8bc99c466,0x3cb0ed042a3e8a91436bc5a6d1efa3e79c50da0b47ff9cf96b3b6e626dcc99c8
71,1395.28689633,2.441752068587379,0x53468b5e59dd9718e8a42b6cb0c83860c9771daf,2017-10-31T18:54:30.000Z,0.0017500000000070803,0x1eaa18a0e964d346f2b5182be3f97d7aab5145b9,buy,0x4ceda7906a5ed2179785cd3a40a69ee8bc99c466,0xcbab70bd89dd2edb25fd6315a036b3f17d8158d382372b84aadc6dd200f53215
72,34,0.0595,0x53468b5e59dd9718e8a42b6cb0c83860c9771daf,2017-10-31T18:42:22.000Z,0.00175,0x1eaa18a0e964d346f2b5182be3f97d7aab5145b9,buy,0x4ceda7906a5ed2179785cd3a40a69ee8bc99c466,0xdfbd3efa2077468774ed0a6d1e9dd4de0981c0056cc4753932cc9188a91a6af7
73,2500,4.415,0xd673f3cf3d51327d8b4651ed41d26e098ec1240d,2017-10-31T18:35:57.000Z,0.001766,0x4b7ef3c467974c144121f7952d2769cb18bd8656,sell,0x4ceda7906a5ed2179785cd3a40a69ee8bc99c466,0x187eb03e8367ed9bcce9bbfcbd5eb045611975078e3a3c1a75e463373b5da48f
74,4500,7.56,0x6d392379b783d5396f44340935a6317bab7002fa,2017-10-31T18:02:58.000Z,0.00168,0x91f4f9e9837c16e83377c98cc931e655512a0d74,sell,0x4ceda7906a5ed2179785cd3a40a69ee8bc99c466,0xb11ad0b983dd1bb6180db94e5c93f5128142afc5a6c375b9ec5a99185bdc756a
75,166.88166735,0.2795267928277999,0xa749b3ded9b0fc8a493d2ea9c0718a3a32463df4,2017-10-31T18:01:23.000Z,0.0016750000000991716,0xc43e270c1ca449ed03e1c51e93d9475a84458e53,buy,0x4ceda7906a5ed2179785cd3a40a69ee8bc99c466,0xb08f58e012b2f1a6a81c2f7a3a92d914fa22f9df383312cdb37d0e3f19401413
76,10,0.0206,0x4cdc0893c11854a244b0ad922b8c16106abe5264,2017-10-31T18:01:23.000Z,0.00206,0xa1b0305dd5fea0b116d8601133a9d161b276c1f6,buy,0x4ceda7906a5ed2179785cd3a40a69ee8bc99c466,0x17c474810d07048e7b50c603e40f9f23ad84f67c86c54586022d5a7997f9bb20
77,589.2181997,0.986940484498056,0x21429d14a785311ee87682aa3e755f0324a0eca8,2017-10-31T17:55:18.000Z,0.0016750000000009437,0xc43e270c1ca449ed03e1c51e93d9475a84458e53,buy,0x4ceda7906a5ed2179785cd3a40a69ee8bc99c466,0x6ec238bde5b077233f862829c09ed51530a044ea4b5412790f2b4aee4bddee86
78,20000,33.5,0xd965952823153e5cbc611be87e8322cfc329f056,2017-10-31T17:52:33.000Z,0.001675,0xc43e270c1ca449ed03e1c51e93d9475a84458e53,buy,0x4ceda7906a5ed2179785cd3a40a69ee8bc99c466,0x66af284e91f8f68240a7e94544dc086f250a784f264e4ac49800f3e53fbc881f
79,10000,16.7,0x7f427765bb3d5a97ff1cea9ac99c0879497a6163,2017-10-31T17:41:37.000Z,0.00167,0xc43e270c1ca449ed03e1c51e93d9475a84458e53,buy,0x4ceda7906a5ed2179785cd3a40a69ee8bc99c466,0x0756b84f560e57f2296e0f410c7b6d7c0a5685503bfa68613630474d5f5689b3
80,357.30310192,0.6002692112256,0x6d392379b783d5396f44340935a6317bab7002fa,2017-10-31T17:40:16.000Z,0.00168,0xda896bd9e964386f7343414a646c8ef75d5ae009,sell,0x4ceda7906a5ed2179785cd3a40a69ee8bc99c466,0xfafaad479d134d321fe11f23d9851a1f10d7498d6412c00cd4a7f47aa54a7713
81,4442.10808628,7.440531044519,0xc9d56287b414e1aa0963016aa721b527f095fd9c,2017-10-31T17:34:58.000Z,0.001675,0xc43e270c1ca449ed03e1c51e93d9475a84458e53,buy,0x4ceda7906a5ed2179785cd3a40a69ee8bc99c466,0xa584e215d54cfdc017be1b971230181cbb04de01b04d1bc9f84abe49640808e1
82,4428.82162142,7.4847085401998,0xd965952823153e5cbc611be87e8322cfc329f056,2017-10-31T17:34:58.000Z,0.00169,0xc9d56287b414e1aa0963016aa721b527f095fd9c,sell,0x4ceda7906a5ed2179785cd3a40a69ee8bc99c466,0xa584e215d54cfdc017be1b971230181cbb04de01b04d1bc9f84abe49640808e1
83,15,0.026475,0x91f4f9e9837c16e83377c98cc931e655512a0d74,2017-10-31T17:02:24.000Z,0.001765,0xda896bd9e964386f7343414a646c8ef75d5ae009,sell,0x4ceda7906a5ed2179785cd3a40a69ee8bc99c466,0x39f89776632c8c8c5f3e27e854fecd37d6f98d850fe2887d3e272371c4ca0eb9
84,2.7,0.0048195,0x8981c070421aaf3ff4216dfa65bebef29f5ce535,2017-10-31T17:02:11.000Z,0.001785,0xda896bd9e964386f7343414a646c8ef75d5ae009,sell,0x4ceda7906a5ed2179785cd3a40a69ee8bc99c466,0x4095e49b22b748c5c9bc7297a1294c55ed14b6fa6d65d66b189af897d78a6bff
85,71.17837858,0.1202914598002,0xd965952823153e5cbc611be87e8322cfc329f056,2017-10-31T16:29:42.000Z,0.00169,0x3573cbd6c159610e127028e2f81b0c0fe1ba4435,sell,0x4ceda7906a5ed2179785cd3a40a69ee8bc99c466,0x0fd8ce331fde6fa951ca808864803dd0a657c12314894cae9fb87226a0cdb98b
86,971.96191085,1.74855947761938,0xbbbe8c026f7be2436f3485598fe0f28159ab34bd,2017-10-31T16:21:09.000Z,0.0017990000000002366,0xda896bd9e964386f7343414a646c8ef75d5ae009,buy,0x4ceda7906a5ed2179785cd3a40a69ee8bc99c466,0x886265d9a040f93682c3a76a530820fce966a99f87a81fb612491b40547e32b9
87,1884.84515593,3.3927212806898615,0xda0396c581d426dd0c333d8991c1e979e02f3223,2017-10-31T15:55:57.000Z,0.0018000000000084153,0x4b7ef3c467974c144121f7952d2769cb18bd8656,buy,0x4ceda7906a5ed2179785cd3a40a69ee8bc99c466,0x0c5a092891d858a6bf2945dacbfe010541fd60cb51f8c845500c42ede4124ef0
88,220,0.396,0xda0396c581d426dd0c333d8991c1e979e02f3223,2017-10-31T15:52:27.000Z,0.0018,0x4b7ef3c467974c144121f7952d2769cb18bd8656,buy,0x4ceda7906a5ed2179785cd3a40a69ee8bc99c466,0x8c39b2b49dfcd066a78db5d878f700d48bea2d34340cc8f023792d86d2bc74c7
89,4.96,0.0087296,0x4cdc0893c11854a244b0ad922b8c16106abe5264,2017-10-31T15:48:54.000Z,0.00176,0x9d413c9f3650b2d7a264373bc89c457a05dedcae,buy,0x4ceda7906a5ed2179785cd3a40a69ee8bc99c466,0xa716342740fb6ac6e127ff8b0d87132b980237e778308b2a8173cdd3a2b25b00
90,98.83255007,0.17987524113885053,0x34a5ec722201cdea8a04255336557d01736edd9c,2017-10-31T15:27:14.000Z,0.0018200000001158578,0x4b7ef3c467974c144121f7952d2769cb18bd8656,buy,0x4ceda7906a5ed2179785cd3a40a69ee8bc99c466,0xe8a50c1261583344dc6b1cb69729b0f5245bf0a6f4b362cf30f46671b4d8b72f
91,71.39903156,0.1195940918533156,0x3573cbd6c159610e127028e2f81b0c0fe1ba4435,2017-10-31T15:22:33.000Z,0.00167501,0x9c1e60b0be8174c63de5b9d90dcb5f703209d3c4,sell,0x4ceda7906a5ed2179785cd3a40a69ee8bc99c466,0x59228e21801280e0df56c276174d69782091ae5c0e6b91b3d2f8b7cf2e940403
92,492.32366046,0.836950222782,0xa723f3a4e817b90f1b0c91e77f85ce7e6da9e71f,2017-10-31T15:20:29.000Z,0.0017,0x9c1e60b0be8174c63de5b9d90dcb5f703209d3c4,sell,0x4ceda7906a5ed2179785cd3a40a69ee8bc99c466,0xd809f50ba7b048a5c27a956e344c9a34d78b48f7abdbc0910f22b39bdd960233
93,40000,68.52,0xd965952823153e5cbc611be87e8322cfc329f056,2017-10-31T15:09:15.000Z,0.001713,0xc43e270c1ca449ed03e1c51e93d9475a84458e53,buy,0x4ceda7906a5ed2179785cd3a40a69ee8bc99c466,0xdc9344c550b0b195aae86f26a2aa2e2900b4ad5f610c1d1e66bc587d9d063e3e
94,13871.03643833,23.76108541885929,0xd965952823153e5cbc611be87e8322cfc329f056,2017-10-31T15:04:41.000Z,0.001713,0x7f427765bb3d5a97ff1cea9ac99c0879497a6163,sell,0x4ceda7906a5ed2179785cd3a40a69ee8bc99c466,0xa505407b8caa577b78bd0297e191cf76058dc9cab91243ab31e8c32d0b16d617
95,500,0.8565,0x273a5d3e6721b9f5c1a6474f560c1334c63dda01,2017-10-31T14:43:18.000Z,0.001713,0xc43e270c1ca449ed03e1c51e93d9475a84458e53,buy,0x4ceda7906a5ed2179785cd3a40a69ee8bc99c466,0x4ad455653b9dd98a5a370be92266d1dea1f8d91ef274c810b2c2a849707535fa
96,1908.55855,3.26936079615,0xd815bbdb973fcfae73f27ddc9a135e377028c1c5,2017-10-31T14:43:18.000Z,0.001713,0xc43e270c1ca449ed03e1c51e93d9475a84458e53,buy,0x4ceda7906a5ed2179785cd3a40a69ee8bc99c466,0xfed3bf906e4c00c29a551527e0284f6b7840dc0e0ffc526d8e9a8474aea9df46
97,1000,1.713,0x273a5d3e6721b9f5c1a6474f560c1334c63dda01,2017-10-31T14:43:18.000Z,0.001713,0xc43e270c1ca449ed03e1c51e93d9475a84458e53,buy,0x4ceda7906a5ed2179785cd3a40a69ee8bc99c466,0x319b4f85214755134ecd83e59a520f8801d30e09658be995ce7f9e3cc891db7b
98,997,1.75472,0xd03859b836b3351b3c6210afca1ee0e5bec9df2d,2017-10-31T14:43:18.000Z,0.00176,0x273a5d3e6721b9f5c1a6474f560c1334c63dda01,sell,0x4ceda7906a5ed2179785cd3a40a69ee8bc99c466,0x319b4f85214755134ecd83e59a520f8801d30e09658be995ce7f9e3cc891db7b
99,498.5,0.872375,0xa723f3a4e817b90f1b0c91e77f85ce7e6da9e71f,2017-10-31T14:43:18.000Z,0.00175,0x273a5d3e6721b9f5c1a6474f560c1334c63dda01,sell,0x4ceda7906a5ed2179785cd3a40a69ee8bc99c466,0x4ad455653b9dd98a5a370be92266d1dea1f8d91ef274c810b2c2a849707535fa
100,1902.85,3.3299875,0x0598d2c365a5661032a91da03ed74e298ceea67b,2017-10-31T14:43:18.000Z,0.00175,0xd815bbdb973fcfae73f27ddc9a135e377028c1c5,sell,0x4ceda7906a5ed2179785cd3a40a69ee8bc99c466,0xfed3bf906e4c00c29a551527e0284f6b7840dc0e0ffc526d8e9a8474aea9df46
101,327.86531762,0.5999935312577291,0x06910f1af91289704433a2c3e6ae20cea0c75378,2017-10-31T14:41:52.000Z,0.0018300000000400444,0x1eaa18a0e964d346f2b5182be3f97d7aab5145b9,buy,0x4ceda7906a5ed2179785cd3a40a69ee8bc99c466,0x000e191b1c3ea0446193005b8eb27f99849025216a668db3f9124ed9ec96bf0f
102,2950.68034906,5.163690610855,0xf44072eda87ede9613b6ae1b812de8a60ade27a2,2017-10-31T14:09:16.000Z,0.00175,0xc43e270c1ca449ed03e1c51e93d9475a84458e53,buy,0x4ceda7906a5ed2179785cd3a40a69ee8bc99c466,0x466be8dbaabc117dbf2fbd170ca9d7a6e4d2c5a3e82eb6d84be85737beb5f9d0
103,2941.82830801,5.18938513532964,0x0584e184eb509fa6417371c8a171206658792da0,2017-10-31T14:09:16.000Z,0.001764,0xf44072eda87ede9613b6ae1b812de8a60ade27a2,sell,0x4ceda7906a5ed2179785cd3a40a69ee8bc99c466,0x466be8dbaabc117dbf2fbd170ca9d7a6e4d2c5a3e82eb6d84be85737beb5f9d0
104,15,0.02679,0x6595732468a241312bc307f327ba0d64f02b3c20,2017-10-31T14:04:51.000Z,0.001786,0x9d413c9f3650b2d7a264373bc89c457a05dedcae,sell,0x4ceda7906a5ed2179785cd3a40a69ee8bc99c466,0x38309b3652328230782e428f02be037b3a8b81493b6018c015aa154ee722fdd8
105,10,0.018,0x244beb883da53d9f6169762af296e944aba5bb84,2017-10-31T14:02:01.000Z,0.0018,0x9d413c9f3650b2d7a264373bc89c457a05dedcae,sell,0x4ceda7906a5ed2179785cd3a40a69ee8bc99c466,0x2372d27710f140e13dda88fdfacfbaf1cd402801ff6bd3275b0470e907129a41
106,30.03877394,0.052567854403173644,0x9d413c9f3650b2d7a264373bc89c457a05dedcae,2017-10-31T14:00:31.000Z,0.0017500000002721031,0xc43e270c1ca449ed03e1c51e93d9475a84458e53,buy,0x4ceda7906a5ed2179785cd3a40a69ee8bc99c466,0xa2547e04453ad1d458ad958d50312c4b3cb68ac0eaf5b237309222bf6d6bf24b
107,6969.96122605,12.197432145596826,0x7f427765bb3d5a97ff1cea9ac99c0879497a6163,2017-10-31T13:55:01.000Z,0.0017500000000013382,0xc43e270c1ca449ed03e1c51e93d9475a84458e53,buy,0x4ceda7906a5ed2179785cd3a40a69ee8bc99c466,0x1b35aea632d1aa85f2c6fe4b2620ef4e6a0ae8d32f6b940663814b2b2914a76c
108,6943.073,12.15037775,0x7f427765bb3d5a97ff1cea9ac99c0879497a6163,2017-10-31T13:52:30.000Z,0.00175,0xc43e270c1ca449ed03e1c51e93d9475a84458e53,buy,0x4ceda7906a5ed2179785cd3a40a69ee8bc99c466,0xdb94d609bb6442c655c2413e77c6a76a1a46b3fcab12b23b889df2f58074b298
109,624.92674087,1.0936217965225001,0xf44072eda87ede9613b6ae1b812de8a60ade27a2,2017-10-31T13:49:09.000Z,0.0017500000000000003,0xc43e270c1ca449ed03e1c51e93d9475a84458e53,buy,0x4ceda7906a5ed2179785cd3a40a69ee8bc99c466,0x35d034119405839606ce44af353cbbac392c1a5a29d7f2cb0e7df313098d5569
110,430.704,0.759335889744,0xb2cd0402bc1c5e2d064c78538df5837b93d7cc99,2017-10-31T13:49:09.000Z,0.001763011,0xf44072eda87ede9613b6ae1b812de8a60ade27a2,sell,0x4ceda7906a5ed2179785cd3a40a69ee8bc99c466,0x21083e37d025bfebb1b4c700cbfed659187bc4528a002ded67197fcd980d5b0c
111,432,0.756,0xf44072eda87ede9613b6ae1b812de8a60ade27a2,2017-10-31T13:49:09.000Z,0.00175,0xc43e270c1ca449ed03e1c51e93d9475a84458e53,buy,0x4ceda7906a5ed2179785cd3a40a69ee8bc99c466,0x21083e37d025bfebb1b4c700cbfed659187bc4528a002ded67197fcd980d5b0c
112,623.05196064,1.0984480832318477,0xda896bd9e964386f7343414a646c8ef75d5ae009,2017-10-31T13:49:09.000Z,0.001763012,0xf44072eda87ede9613b6ae1b812de8a60ade27a2,sell,0x4ceda7906a5ed2179785cd3a40a69ee8bc99c466,0x35d034119405839606ce44af353cbbac392c1a5a29d7f2cb0e7df313098d5569
113,4.5,0.008325,0x26a7f4ab31d95cb549daaf4c0335bd7204581f05,2017-10-31T13:37:15.000Z,0.00185,0xfbf7dc0756a9768d0c71aea5f8421f3b1eaee7d1,buy,0x4ceda7906a5ed2179785cd3a40a69ee8bc99c466,0x731db4967dd9f9002c56dfdd2fad49122f68906f6c82dd76eba0cf39dc91ed2f
114,5000,8.75,0xf44072eda87ede9613b6ae1b812de8a60ade27a2,2017-10-31T13:28:00.000Z,0.00175,0xc43e270c1ca449ed03e1c51e93d9475a84458e53,buy,0x4ceda7906a5ed2179785cd3a40a69ee8bc99c466,0x4361376c60b0cbacb3c2a9261138eab95f8c2a21f89469e676bdb1be1cebcb63
115,4985,8.798525,0x6d392379b783d5396f44340935a6317bab7002fa,2017-10-31T13:28:00.000Z,0.001765,0xf44072eda87ede9613b6ae1b812de8a60ade27a2,sell,0x4ceda7906a5ed2179785cd3a40a69ee8bc99c466,0x4361376c60b0cbacb3c2a9261138eab95f8c2a21f89469e676bdb1be1cebcb63
116,4985,8.82345,0x6d392379b783d5396f44340935a6317bab7002fa,2017-10-31T13:27:25.000Z,0.00177,0x273a5d3e6721b9f5c1a6474f560c1334c63dda01,sell,0x4ceda7906a5ed2179785cd3a40a69ee8bc99c466,0xa70bf4d7bd7502cbe45d6177efcc398bd64f0dbc37e4051e4210d62adf294053
117,5000,8.75,0x273a5d3e6721b9f5c1a6474f560c1334c63dda01,2017-10-31T13:27:25.000Z,0.00175,0xc43e270c1ca449ed03e1c51e93d9475a84458e53,buy,0x4ceda7906a5ed2179785cd3a40a69ee8bc99c466,0xa70bf4d7bd7502cbe45d6177efcc398bd64f0dbc37e4051e4210d62adf294053
118,725.07325913,1.2783128567252995,0xda896bd9e964386f7343414a646c8ef75d5ae009,2017-10-31T13:27:25.000Z,0.001763012,0xf44072eda87ede9613b6ae1b812de8a60ade27a2,sell,0x4ceda7906a5ed2179785cd3a40a69ee8bc99c466,0xf848fe5b467a29cfe1ea9ffcebfbcab9d6bd0c3bbf792426a7af83172f5a633f
119,2265.92674086,4.00162662435876,0xc5ade67e26741e927bada0d3201286054c0a3cd0,2017-10-31T13:27:25.000Z,0.001766,0xf44072eda87ede9613b6ae1b812de8a60ade27a2,sell,0x4ceda7906a5ed2179785cd3a40a69ee8bc99c466,0x6bf9620043254c7744bede19f6aaff2694cbf77cc5e35f8e412fa31540027d02
120,727.25502421,1.2726962923675,0xf44072eda87ede9613b6ae1b812de8a60ade27a2,2017-10-31T13:27:25.000Z,0.00175,0xc43e270c1ca449ed03e1c51e93d9475a84458e53,buy,0x4ceda7906a5ed2179785cd3a40a69ee8bc99c466,0xf848fe5b467a29cfe1ea9ffcebfbcab9d6bd0c3bbf792426a7af83172f5a633f
121,2272.74497578,3.9773037076324997,0xf44072eda87ede9613b6ae1b812de8a60ade27a2,2017-10-31T13:27:25.000Z,0.0017500000000076998,0xc43e270c1ca449ed03e1c51e93d9475a84458e53,buy,0x4ceda7906a5ed2179785cd3a40a69ee8bc99c466,0x6bf9620043254c7744bede19f6aaff2694cbf77cc5e35f8e412fa31540027d02
122,507.50000001,0.89573750001765,0x273a5d3e6721b9f5c1a6474f560c1334c63dda01,2017-10-31T13:24:15.000Z,0.001765,0xc43e270c1ca449ed03e1c51e93d9475a84458e53,buy,0x4ceda7906a5ed2179785cd3a40a69ee8bc99c466,0x3bb9d01d546da03b0c9f1583d4249b271c75ec438120f487230b9916194cc14f
123,505.9775,0.9031698375,0x6d392379b783d5396f44340935a6317bab7002fa,2017-10-31T13:24:15.000Z,0.001785,0x273a5d3e6721b9f5c1a6474f560c1334c63dda01,sell,0x4ceda7906a5ed2179785cd3a40a69ee8bc99c466,0x3bb9d01d546da03b0c9f1583d4249b271c75ec438120f487230b9916194cc14f
124,900,1.5885,0xf44072eda87ede9613b6ae1b812de8a60ade27a2,2017-10-31T13:24:07.000Z,0.001765,0xc43e270c1ca449ed03e1c51e93d9475a84458e53,buy,0x4ceda7906a5ed2179785cd3a40a69ee8bc99c466,0xd6a85e8b75b2b802b8ecf54dd282d7c0ac225232696380da6fc1ba6ccda0410e
125,897.3,1.6016805,0x8981c070421aaf3ff4216dfa65bebef29f5ce535,2017-10-31T13:24:07.000Z,0.001785,0xf44072eda87ede9613b6ae1b812de8a60ade27a2,sell,0x4ceda7906a5ed2179785cd3a40a69ee8bc99c466,0xd6a85e8b75b2b802b8ecf54dd282d7c0ac225232696380da6fc1ba6ccda0410e
126,2500,4.4125,0x273a5d3e6721b9f5c1a6474f560c1334c63dda01,2017-10-31T13:20:35.000Z,0.001765,0xc43e270c1ca449ed03e1c51e93d9475a84458e53,buy,0x4ceda7906a5ed2179785cd3a40a69ee8bc99c466,0x8238047bd104e146ab3eb272396af70e6816ddd91a48927793e9a3082d598874
127,2499.99999999,4.412499999982351,0xf44072eda87ede9613b6ae1b812de8a60ade27a2,2017-10-31T13:20:35.000Z,0.001765,0xc43e270c1ca449ed03e1c51e93d9475a84458e53,buy,0x4ceda7906a5ed2179785cd3a40a69ee8bc99c466,0x0ab5db35dc62de4977a66c8b9b0ab5f928167f5394e1e6b29e2a51096bcdd7c7
128,2492.49999999,4.44911249998215,0x6d392379b783d5396f44340935a6317bab7002fa,2017-10-31T13:20:35.000Z,0.001785,0xf44072eda87ede9613b6ae1b812de8a60ade27a2,sell,0x4ceda7906a5ed2179785cd3a40a69ee8bc99c466,0x0ab5db35dc62de4977a66c8b9b0ab5f928167f5394e1e6b29e2a51096bcdd7c7
129,2492.5,4.461575,0x6d392379b783d5396f44340935a6317bab7002fa,2017-10-31T13:20:35.000Z,0.00179,0x273a5d3e6721b9f5c1a6474f560c1334c63dda01,sell,0x4ceda7906a5ed2179785cd3a40a69ee8bc99c466,0x8238047bd104e146ab3eb272396af70e6816ddd91a48927793e9a3082d598874
130,4999.99999999,8.849999999982302,0xf44072eda87ede9613b6ae1b812de8a60ade27a2,2017-10-31T13:19:44.000Z,0.0017700000000000003,0xc43e270c1ca449ed03e1c51e93d9475a84458e53,buy,0x4ceda7906a5ed2179785cd3a40a69ee8bc99c466,0xf836095aaf329cecbaab9ea6dfa5427ac00b936d95298b1700cd97943ddfe3ee
131,4984.99999999,8.90320999998214,0x6595732468a241312bc307f327ba0d64f02b3c20,2017-10-31T13:19:44.000Z,0.001786,0xf44072eda87ede9613b6ae1b812de8a60ade27a2,sell,0x4ceda7906a5ed2179785cd3a40a69ee8bc99c466,0xf836095aaf329cecbaab9ea6dfa5427ac00b936d95298b1700cd97943ddfe3ee
132,1500,2.6775,0xf44072eda87ede9613b6ae1b812de8a60ade27a2,2017-10-31T13:19:18.000Z,0.001785,0xc43e270c1ca449ed03e1c51e93d9475a84458e53,buy,0x4ceda7906a5ed2179785cd3a40a69ee8bc99c466,0xb2ac22a22ca62223f2bfbfdedb36b3b83233c2e3557109d6bd5a6477e6de9b24
133,1495.5,2.6919,0x26a7f4ab31d95cb549daaf4c0335bd7204581f05,2017-10-31T13:19:18.000Z,0.0018,0xf44072eda87ede9613b6ae1b812de8a60ade27a2,sell,0x4ceda7906a5ed2179785cd3a40a69ee8bc99c466,0xb2ac22a22ca62223f2bfbfdedb36b3b83233c2e3557109d6bd5a6477e6de9b24
134,2492.5,4.511425,0x6d392379b783d5396f44340935a6317bab7002fa,2017-10-31T13:18:55.000Z,0.00181,0x273a5d3e6721b9f5c1a6474f560c1334c63dda01,sell,0x4ceda7906a5ed2179785cd3a40a69ee8bc99c466,0x59b1b6412835f692adc209613e78e65447fc35f3b107a90dc4b42f347311cd05
135,2500,4.4625,0x273a5d3e6721b9f5c1a6474f560c1334c63dda01,2017-10-31T13:18:55.000Z,0.001785,0xc43e270c1ca449ed03e1c51e93d9475a84458e53,buy,0x4ceda7906a5ed2179785cd3a40a69ee8bc99c466,0x59b1b6412835f692adc209613e78e65447fc35f3b107a90dc4b42f347311cd05
136,498.67926738,0.9275434373442328,0xc413ce690e7ed02a1c64eb77d42ec750b056ef05,2017-10-31T12:19:11.000Z,0.001860000000034958,0x1eaa18a0e964d346f2b5182be3f97d7aab5145b9,buy,0x4ceda7906a5ed2179785cd3a40a69ee8bc99c466,0x3f6b6b9e8a4d3726a51a4519471cd8d9ec5631266f23abea3e919d9ba7841664
137,296.49781828,0.557415898380754,0x8acf7b4d5dfc5456aa077321ab950ca0225064f9,2017-10-31T10:45:30.000Z,0.001880000000048412,0x4b7ef3c467974c144121f7952d2769cb18bd8656,buy,0x4ceda7906a5ed2179785cd3a40a69ee8bc99c466,0x9cac2adb09a0d29c662c56963aa67c5f706e15bc436a596007fba81a06398089
138,62.7282948,0.112283647692,0x6d392379b783d5396f44340935a6317bab7002fa,2017-10-31T09:51:49.000Z,0.00179,0x461085a24347b1449a32468573c5a5a8406a4153,sell,0x4ceda7906a5ed2179785cd3a40a69ee8bc99c466,0x849732ea1fe284aaf2ae7e584ae42fcc57b5dbccca836a4ed4105413d97651d0
139,143,0.2717,0x6c4b44a333908d4104783c7fc4efe675dc9b2ff0,2017-10-31T08:31:06.000Z,0.0019,0x82e4d78c6c62d461251fa5a1d4deb9f0fe378e30,buy,0x4ceda7906a5ed2179785cd3a40a69ee8bc99c466,0xb1defd90243a753520727d67e7db8b0f73fc074e9c5b52042bbde874e1601d65
140,6000,10.572,0x91f4f9e9837c16e83377c98cc931e655512a0d74,2017-10-31T08:17:54.000Z,0.001762,0x82e4d78c6c62d461251fa5a1d4deb9f0fe378e30,sell,0x4ceda7906a5ed2179785cd3a40a69ee8bc99c466,0x5b6797a5bec47ec3fd2a771b2d216c28b2488136f619a3288668163a91776ebf
141,600,1.0596,0xfbf7dc0756a9768d0c71aea5f8421f3b1eaee7d1,2017-10-31T08:10:53.000Z,0.001766,0x7e3219d4044a4840a247f731a170c1af9e28fcfe,sell,0x4ceda7906a5ed2179785cd3a40a69ee8bc99c466,0x9ec9cdd985fea4a8566278a4280c66962b81655b7045f43fe7ee555b69f7e02a
142,40,0.071252,0xd558317d56e5b5a9f654437939fe5f26b6d67cd5,2017-10-31T08:02:11.000Z,0.0017813,0xe65b6eeafe34adb2e19e8b2ae9c517688771548e,sell,0x4ceda7906a5ed2179785cd3a40a69ee8bc99c466,0x53be96dbc2323c147ff925bc0dd0f4d76c0bec8c6e09237956edbe0139f993e5
143,156.434,0.276575312,0x6309f79c37a1d41819785fba026afc9c77418f8e,2017-10-31T08:01:04.000Z,0.001768,0xe65b6eeafe34adb2e19e8b2ae9c517688771548e,sell,0x4ceda7906a5ed2179785cd3a40a69ee8bc99c466,0xe662e0b809b893953223e264ff54549e7e1d54d50da71971ec321a77158ada9f
144,1000,1.767,0x332ea769b386e1ad7d8fb70a174a311097e49bb7,2017-10-31T07:59:59.000Z,0.001767,0xe65b6eeafe34adb2e19e8b2ae9c517688771548e,sell,0x4ceda7906a5ed2179785cd3a40a69ee8bc99c466,0x845758ff02cda22daf3a6664dbf3c48671884a9e7bb6b7368608f4c84bec4641
145,5000,8.75,0xf44072eda87ede9613b6ae1b812de8a60ade27a2,2017-10-31T03:56:37.000Z,0.00175,0xc43e270c1ca449ed03e1c51e93d9475a84458e53,buy,0x4ceda7906a5ed2179785cd3a40a69ee8bc99c466,0x5b3b5e112185843fa24436f1306436df23a1af0ee3144bb1c3aa65f511cfb449
146,4985,8.798525,0x91f4f9e9837c16e83377c98cc931e655512a0d74,2017-10-31T03:56:37.000Z,0.001765,0xf44072eda87ede9613b6ae1b812de8a60ade27a2,sell,0x4ceda7906a5ed2179785cd3a40a69ee8bc99c466,0x5b3b5e112185843fa24436f1306436df23a1af0ee3144bb1c3aa65f511cfb449
147,555,0.979575,0x42237be48a9f4b16343dfe64221c67f94ff9ada6,2017-10-31T03:54:41.000Z,0.001765,0xc43e270c1ca449ed03e1c51e93d9475a84458e53,buy,0x4ceda7906a5ed2179785cd3a40a69ee8bc99c466,0xceb651f7c042fb8a3220d3d83d99095b9ddb21c9721a0a807771151d2f01e18b
148,40,0.0706,0xf44072eda87ede9613b6ae1b812de8a60ade27a2,2017-10-31T03:53:24.000Z,0.001765,0xc43e270c1ca449ed03e1c51e93d9475a84458e53,buy,0x4ceda7906a5ed2179785cd3a40a69ee8bc99c466,0x7eef1a0cffee81fc45868d0e5924373aa56cfbf0e5f1516bcea9a9c87b5b6213
149,258.02799999,0.4554194199999999,0x422d7c1f2f04e7582163d1381a436516f4de3c2a,2017-10-31T03:53:24.000Z,0.001765000000068403,0xc43e270c1ca449ed03e1c51e93d9475a84458e53,buy,0x4ceda7906a5ed2179785cd3a40a69ee8bc99c466,0x6ba7246261f46a75844d10136d33a6966e46fdc79b952c7b61d9fa9d2b158f73
150,39.88,0.073778,0x817a428d4d9e021c00d84cdf988e9a1dc2b6c2f2,2017-10-31T03:53:24.000Z,0.00185,0xf44072eda87ede9613b6ae1b812de8a60ade27a2,sell,0x4ceda7906a5ed2179785cd3a40a69ee8bc99c466,0x7eef1a0cffee81fc45868d0e5924373aa56cfbf0e5f1516bcea9a9c87b5b6213
151,278.14466249,0.528474858731,0xb4cfcb2b61bae99448176e1253a2916923cda0dc,2017-10-31T03:53:24.000Z,0.0019,0xf44072eda87ede9613b6ae1b812de8a60ade27a2,sell,0x4ceda7906a5ed2179785cd3a40a69ee8bc99c466,0x3ef5b6633dbd0fe72e1ac3a086c44acec9774b3fcd45bb8389dcffe0c3bf42c8
152,278.98160732,0.49240253691980007,0xf44072eda87ede9613b6ae1b812de8a60ade27a2,2017-10-31T03:53:24.000Z,0.0017650000000000003,0xc43e270c1ca449ed03e1c51e93d9475a84458e53,buy,0x4ceda7906a5ed2179785cd3a40a69ee8bc99c466,0x3ef5b6633dbd0fe72e1ac3a086c44acec9774b3fcd45bb8389dcffe0c3bf42c8
153,257,0.49858,0xf1520e6f2958f3f28d8d5accc2891d2e4fc37e41,2017-10-31T03:53:24.000Z,0.00194,0x422d7c1f2f04e7582163d1381a436516f4de3c2a,sell,0x4ceda7906a5ed2179785cd3a40a69ee8bc99c466,0x6ba7246261f46a75844d10136d33a6966e46fdc79b952c7b61d9fa9d2b158f73
154,0.258,0.0004902,0xb4cfcb2b61bae99448176e1253a2916923cda0dc,2017-10-31T03:39:49.000Z,0.0019,0xe444a40689f51f63bcd29910622035707d533d29,sell,0x4ceda7906a5ed2179785cd3a40a69ee8bc99c466,0x08a6f79cd09a99fd1c3bfb2446481973af8f9ac2cfe7e63c86f8360dbd8adce4
155,1986.69805826,3.9332588556610983,0xa749b3ded9b0fc8a493d2ea9c0718a3a32463df4,2017-10-31T03:36:38.000Z,0.001979797000006103,0xc43e270c1ca449ed03e1c51e93d9475a84458e53,buy,0x4ceda7906a5ed2179785cd3a40a69ee8bc99c466,0xa00827bd56f6335ab8247322042cd517a77943fd38c674fdfdea5d18d990e54c
156,490,0.97010053,0x47f7a04e251f8e2d4ea41d451aa29bb71e446098,2017-10-31T03:35:35.000Z,0.001979797,0xc43e270c1ca449ed03e1c51e93d9475a84458e53,buy,0x4ceda7906a5ed2179785cd3a40a69ee8bc99c466,0x0fc17625b32a0b3c2ee448630fd11166cea1575af20fc58f754734a7b3362848
157,161,0.318747317,0x34a5ec722201cdea8a04255336557d01736edd9c,2017-10-31T03:01:31.000Z,0.001979797,0xc43e270c1ca449ed03e1c51e93d9475a84458e53,buy,0x4ceda7906a5ed2179785cd3a40a69ee8bc99c466,0x5a47e91008204da5a62807045d440f0fac35c3aab0f2cf09823a9d0dca1419f9
158,4000,7.048,0x1eaa18a0e964d346f2b5182be3f97d7aab5145b9,2017-10-31T01:39:29.000Z,0.001762,0x91f4f9e9837c16e83377c98cc931e655512a0d74,sell,0x4ceda7906a5ed2179785cd3a40a69ee8bc99c466,0x521406ea7a5cc40f7c828f39bf31c53aec4e431b11a74f928f4babcf709745b1
159,3000,5.256003,0x4b7ef3c467974c144121f7952d2769cb18bd8656,2017-10-31T01:39:29.000Z,0.001752001,0x91f4f9e9837c16e83377c98cc931e655512a0d74,sell,0x4ceda7906a5ed2179785cd3a40a69ee8bc99c466,0xa25b6b311fcf4aacef7ffcfd67bb4ae949ce82682da3e34fecd78842a280365b
160,4850,8.49235,0x00566011c133ccbd50ab7088dfa1434e31e42946,2017-10-31T01:39:29.000Z,0.001751,0x91f4f9e9837c16e83377c98cc931e655512a0d74,sell,0x4ceda7906a5ed2179785cd3a40a69ee8bc99c466,0x14c22fd3916fa89ca9c5b14c0d201b63c007441e848f9fd8489ac7f4b356da92
161,7000,12.341,0x8bf07feb58d62315daa9327c2cf1b8ef0a5fdb1e,2017-10-31T01:38:39.000Z,0.001763,0x91f4f9e9837c16e83377c98cc931e655512a0d74,sell,0x4ceda7906a5ed2179785cd3a40a69ee8bc99c466,0x839599ede5941ed302106f6960f4b3bcb8af36a4f4ec90d8713b9adf5e277115
162,5818.09,10.26311076,0x0584e184eb509fa6417371c8a171206658792da0,2017-10-31T01:38:39.000Z,0.001764,0x91f4f9e9837c16e83377c98cc931e655512a0d74,sell,0x4ceda7906a5ed2179785cd3a40a69ee8bc99c466,0x58090ea5b15175223b70682a0b41670bf01d74ae3e02e8b8b5aae275f5be7d8a
163,1500.298,2.68553342,0x3dd434a613e6d7014ed25f1fd40e90f984a3291a,2017-10-31T01:38:39.000Z,0.00179,0x91f4f9e9837c16e83377c98cc931e655512a0d74,sell,0x4ceda7906a5ed2179785cd3a40a69ee8bc99c466,0x842be50ca1923b58665b82b0175b6a2062bc7ebf95aea3c45825317e00b5a43d
164,785,1.415355,0x1a94749b553336f2120d57aa4b90984dca75fd21,2017-10-31T01:37:26.000Z,0.001803,0x91f4f9e9837c16e83377c98cc931e655512a0d74,sell,0x4ceda7906a5ed2179785cd3a40a69ee8bc99c466,0xc532740c340ae68cd8f97b5bba34dc766487c54cd74f8e934443fa8238a4fe9f
165,500,0.9,0xa723f3a4e817b90f1b0c91e77f85ce7e6da9e71f,2017-10-31T01:37:26.000Z,0.0018,0x91f4f9e9837c16e83377c98cc931e655512a0d74,sell,0x4ceda7906a5ed2179785cd3a40a69ee8bc99c466,0xdab35e7aae60c2ff834b3f9bd49e5965e42437f6328aa26366668f9f76896ecd
166,2000,3.58,0xf85a551811c40e7ffb912a21efe2c26277be8ebc,2017-10-31T01:37:26.000Z,0.00179,0x91f4f9e9837c16e83377c98cc931e655512a0d74,sell,0x4ceda7906a5ed2179785cd3a40a69ee8bc99c466,0x694b9df8e032b42c1dfdbbf26ebbb5c4bd216068079ed9f6cbf37348fa54c7aa
167,800,1.4568,0x6309f79c37a1d41819785fba026afc9c77418f8e,2017-10-31T01:36:44.000Z,0.001821,0x91f4f9e9837c16e83377c98cc931e655512a0d74,sell,0x4ceda7906a5ed2179785cd3a40a69ee8bc99c466,0x543a369405deba607f1843b8f5583d9fef4396771b1bca3caf6afc2d1ae6e7bc
168,4034,7.345914,0x0584e184eb509fa6417371c8a171206658792da0,2017-10-31T01:36:34.000Z,0.001821,0x91f4f9e9837c16e83377c98cc931e655512a0d74,sell,0x4ceda7906a5ed2179785cd3a40a69ee8bc99c466,0x5fda977ef045238c085249b0b617ec25ade1ca96fddad66af3f5efe10967735e
169,53,0.1049294,0x119865afb55dda309072cd1031e7bf2caf4289ba,2017-10-30T22:38:06.000Z,0.0019798,0x8bf07feb58d62315daa9327c2cf1b8ef0a5fdb1e,buy,0x4ceda7906a5ed2179785cd3a40a69ee8bc99c466,0x588957b724cdc2eacd46a4b91f122b7914d13de74203d16e17f22d7a491936b3
170,1700,3.36566,0xf01135dc2ae673e5e730f4206fa571b5fcae3c20,2017-10-30T22:37:31.000Z,0.0019798,0x8bf07feb58d62315daa9327c2cf1b8ef0a5fdb1e,buy,0x4ceda7906a5ed2179785cd3a40a69ee8bc99c466,0xa6b3d67d63913c68dcdfb3448ca99172805278140f599b5025840d08ecef13e3
171,242,0.460042,0x0871e6872f0cdeb32eb013648a76575b4d2dba80,2017-10-30T22:35:10.000Z,0.001901,0x91f4f9e9837c16e83377c98cc931e655512a0d74,sell,0x4ceda7906a5ed2179785cd3a40a69ee8bc99c466,0xa9b19bd6c74d126189b6972130ab4b6119400e7743289f6a50d0cd780f4c6ba1
172,1,0.0019799,0x5971f9b8c955285dcd49d4951a33a613d3e2701b,2017-10-30T22:12:30.000Z,0.0019799,0x4b7ef3c467974c144121f7952d2769cb18bd8656,buy,0x4ceda7906a5ed2179785cd3a40a69ee8bc99c466,0x64ffba1e0094d06681efd19112e89626e5f67b2d8668a4a572cad1f185eefa48
173,900,1.7109,0x869daaa8257abbba3471a909cfa9c728be4d82f4,2017-10-30T21:58:05.000Z,0.001901,0x4b7ef3c467974c144121f7952d2769cb18bd8656,sell,0x4ceda7906a5ed2179785cd3a40a69ee8bc99c466,0x613e047a84a6dba2edcfd15805ce8f2adb0bfc2316861ff4303cf97cf92a1e93
174,260,0.514774,0x37dd4e5111c436147b1ff6821983bcf81fb23352,2017-10-30T21:54:09.000Z,0.0019799,0x4b7ef3c467974c144121f7952d2769cb18bd8656,buy,0x4ceda7906a5ed2179785cd3a40a69ee8bc99c466,0x9611dca2aadf4cd2134478e038a9933ea92aecc1b909f037c0d2a5647dff6710
175,2500,4.3800025,0x422d7c1f2f04e7582163d1381a436516f4de3c2a,2017-10-30T21:37:06.000Z,0.001752001,0x4b7ef3c467974c144121f7952d2769cb18bd8656,buy,0x4ceda7906a5ed2179785cd3a40a69ee8bc99c466,0x7503481aac9b6329dd296b17fe801cc824bdee1c64af63dfcf08840baae9315b
176,2479.99999999,4.5135999999818,0x0871e6872f0cdeb32eb013648a76575b4d2dba80,2017-10-30T21:37:06.000Z,0.00182,0x422d7c1f2f04e7582163d1381a436516f4de3c2a,sell,0x4ceda7906a5ed2179785cd3a40a69ee8bc99c466,0x7503481aac9b6329dd296b17fe801cc824bdee1c64af63dfcf08840baae9315b
177,1010,1.99976869,0x274b6986a20eb7115ce6a04e89ef889a424b5575,2017-10-30T20:35:42.000Z,0.001979969,0xc43e270c1ca449ed03e1c51e93d9475a84458e53,buy,0x4ceda7906a5ed2179785cd3a40a69ee8bc99c466,0x1fe1327703ecd97ca1cc82f95716cfd98e6154c8aec70078a72bf8bf0d227f67
178,63.422,0.12557365734,0x6309f79c37a1d41819785fba026afc9c77418f8e,2017-10-30T20:23:09.000Z,0.00197997,0x4b7ef3c467974c144121f7952d2769cb18bd8656,buy,0x4ceda7906a5ed2179785cd3a40a69ee8bc99c466,0xef75dc3cc130b1a1140ca0c56ced727ce9df3cabf6e70b6631549cca13ec2c84
179,106.94398222,0.21174587648323948,0x50c3277f7cd5660122dd8c2b64522889bbf464bc,2017-10-30T20:21:26.000Z,0.001979970000066447,0x4b7ef3c467974c144121f7952d2769cb18bd8656,buy,0x4ceda7906a5ed2179785cd3a40a69ee8bc99c466,0x1b9fc220077d83a86086520cabad8a19323ca934a3759e2c74eac62bacf8caf7
180,4,0.007996,0xbbbe8c026f7be2436f3485598fe0f28159ab34bd,2017-10-30T20:00:51.000Z,0.001999,0x8bf07feb58d62315daa9327c2cf1b8ef0a5fdb1e,buy,0x4ceda7906a5ed2179785cd3a40a69ee8bc99c466,0xc1a481146dc6d778c0e7249c2d01dcb7d82a16c5f7f46410a9f74fcb9d34c825
181,715.679,1.41702294963,0x274b6986a20eb7115ce6a04e89ef889a424b5575,2017-10-30T19:55:30.000Z,0.00197997,0xc43e270c1ca449ed03e1c51e93d9475a84458e53,buy,0x4ceda7906a5ed2179785cd3a40a69ee8bc99c466,0x34ba5d22f8f95b499253c035363efd6608d02c22f22818b37297921b0e33bf65
182,2284.32097626,4.522887003375278,0x50c3277f7cd5660122dd8c2b64522889bbf464bc,2017-10-30T19:17:19.000Z,0.0019799700000042754,0xc43e270c1ca449ed03e1c51e93d9475a84458e53,buy,0x4ceda7906a5ed2179785cd3a40a69ee8bc99c466,0x76e018a9fd4a037c97d85147e2b54f866ec731fea76ce099a6b99760d5f50bd3
183,159.916,0.3166176884,0x50c3277f7cd5660122dd8c2b64522889bbf464bc,2017-10-30T19:16:23.000Z,0.0019799,0xb09e4b177856c95003e806e2f07ddca38257df6d,buy,0x4ceda7906a5ed2179785cd3a40a69ee8bc99c466,0x04ca665568628c19e300d5acded6f046588b611711cdf02267a71e09e9456e17
184,98.49,0.1949993661,0x50c3277f7cd5660122dd8c2b64522889bbf464bc,2017-10-30T19:16:10.000Z,0.00197989,0xced732ca92cb4f040239c4e8c85f14acbb5db000,buy,0x4ceda7906a5ed2179785cd3a40a69ee8bc99c466,0x11283d649d47596c9dbee5d15ac843da5c3a91c3d985dd159236d48e753b3259
185,2000,3.9598,0xe377a13fc8ee23284dec5b2b7da93798ebb14633,2017-10-30T18:34:11.000Z,0.0019799,0xb09e4b177856c95003e806e2f07ddca38257df6d,buy,0x4ceda7906a5ed2179785cd3a40a69ee8bc99c466,0x67038e430a494983263785bced17d4d2fde355e65912ec0362e51665762cab85
186,125.99975787,0.24922739507526667,0x8dbd8f5b69e0dd36c25bc2d7a0b310ce202fcf6b,2017-10-30T17:50:28.000Z,0.0019779990000647982,0x4b7ef3c467974c144121f7952d2769cb18bd8656,buy,0x4ceda7906a5ed2179785cd3a40a69ee8bc99c466,0x1f38afecb6630ecfae6ece051b29d0da13ffeb89eee29f9ab4e48a1c8b77df31
187,57.08073001,0.113014137346799,0xc9d56287b414e1aa0963016aa721b527f095fd9c,2017-10-30T17:34:17.000Z,0.0019799,0xb09e4b177856c95003e806e2f07ddca38257df6d,buy,0x4ceda7906a5ed2179785cd3a40a69ee8bc99c466,0x93f52d5cc4ab8778de88a34c0aef5ee6b9a3191e4ce55a8fe31ea2afa1c3cfba
188,56.91000001,0.1394295000245,0x63939c946a4dd8a1892f975cecd8b55672edfe3c,2017-10-30T17:34:17.000Z,0.00245,0xc9d56287b414e1aa0963016aa721b527f095fd9c,sell,0x4ceda7906a5ed2179785cd3a40a69ee8bc99c466,0x93f52d5cc4ab8778de88a34c0aef5ee6b9a3191e4ce55a8fe31ea2afa1c3cfba
189,3000,5.93991,0x422d7c1f2f04e7582163d1381a436516f4de3c2a,2017-10-30T17:33:43.000Z,0.00197997,0xc43e270c1ca449ed03e1c51e93d9475a84458e53,buy,0x4ceda7906a5ed2179785cd3a40a69ee8bc99c466,0x1dca4ff7a1cb4af22388d0b672ec8de806fabaf7e61293114bf313299bc62c90
190,2975.99999999,7.2911999999755,0x63939c946a4dd8a1892f975cecd8b55672edfe3c,2017-10-30T17:33:43.000Z,0.00245,0x422d7c1f2f04e7582163d1381a436516f4de3c2a,sell,0x4ceda7906a5ed2179785cd3a40a69ee8bc99c466,0x1dca4ff7a1cb4af22388d0b672ec8de806fabaf7e61293114bf313299bc62c90
191,970,1.91866,0x273a5d3e6721b9f5c1a6474f560c1334c63dda01,2017-10-30T17:33:43.000Z,0.001978,0x1a94749b553336f2120d57aa4b90984dca75fd21,buy,0x4ceda7906a5ed2179785cd3a40a69ee8bc99c466,0x2a1ab9b0e06709a7e31eae30d97a4c88dfad6f475410efe511345557301acf96
192,967.09,2.3693705,0x63939c946a4dd8a1892f975cecd8b55672edfe3c,2017-10-30T17:33:43.000Z,0.00245,0x273a5d3e6721b9f5c1a6474f560c1334c63dda01,sell,0x4ceda7906a5ed2179785cd3a40a69ee8bc99c466,0x2a1ab9b0e06709a7e31eae30d97a4c88dfad6f475410efe511345557301acf96
193,0.01,0.00001977999,0x0c4085d8e714ca77ac5f46cd2b80a92d238a7cd3,2017-10-30T17:32:41.000Z,0.001977999,0x4b7ef3c467974c144121f7952d2769cb18bd8656,buy,0x4ceda7906a5ed2179785cd3a40a69ee8bc99c466,0xa3d528285359945f36c21b3f128cff24cc1550fd04098e01658f39346721021c
194,25,0.0494975,0xa9bb35b2ffebb08c8000fd752226df1dbbbb4484,2017-10-30T17:02:54.000Z,0.0019799,0x4b7ef3c467974c144121f7952d2769cb18bd8656,buy,0x4ceda7906a5ed2179785cd3a40a69ee8bc99c466,0xd79aae13c1603dc798b7fbe39c82a7775cddc1640cdfbe817c98d743c7aae0c1
195,2548,5.044782652,0x67edd5071543680fad0b7e6e23b376c3af4ac552,2017-10-30T14:55:43.000Z,0.001979899,0x4b7ef3c467974c144121f7952d2769cb18bd8656,sell,0x4ceda7906a5ed2179785cd3a40a69ee8bc99c466,0xeffac0cc6add44ba4e980a46598dcdcbc1a09013cc6c8df48c0a5a3d8dcb368a
196,505,0.9998495,0x17ea371717c0c254c24490323392b186c6cec982,2017-10-30T14:00:39.000Z,0.0019799,0x4b7ef3c467974c144121f7952d2769cb18bd8656,buy,0x4ceda7906a5ed2179785cd3a40a69ee8bc99c466,0x5655d43aba7ced419ca16cb885685473e8e06fbf740bf701fa0db9b5bbe4fd78
197,536,1.0612264,0x9d7cb17269e467ba291eb6cb237263bcd8d611ac,2017-10-30T13:48:16.000Z,0.0019799,0x91f4f9e9837c16e83377c98cc931e655512a0d74,sell,0x4ceda7906a5ed2179785cd3a40a69ee8bc99c466,0x62172418fd2befe7b91b1520895e78bb8bb0d48930010b542caaaf96dcbd7836
198,0.09335909,0.0001689799529,0x6309f79c37a1d41819785fba026afc9c77418f8e,2017-10-30T13:12:37.000Z,0.00181,0x322fc6b261b15fc09503d9fa9d2febe3f11bd60a,sell,0x4ceda7906a5ed2179785cd3a40a69ee8bc99c466,0x63d77f17288c9e17e2fec839aff30c5c98fca3878766afce5f8ca0560f08a9d7
199,936.4850152,1.695037877512,0x6309f79c37a1d41819785fba026afc9c77418f8e,2017-10-30T13:09:46.000Z,0.00181,0x322fc6b261b15fc09503d9fa9d2febe3f11bd60a,sell,0x4ceda7906a5ed2179785cd3a40a69ee8bc99c466,0xfab0aa724e529f725fa9413ded1ecf9de460157c18bddbcd7c6301f46c8002c8
200,810,1.4985,0xbaab267210220428bd147691ae1403b559bf00d3,2017-10-30T12:05:53.000Z,0.00185,0x7e3219d4044a4840a247f731a170c1af9e28fcfe,sell,0x4ceda7906a5ed2179785cd3a40a69ee8bc99c466,0x8cd3c6f1ce8cd9dacad6f7ebff20d93077bba3718f90b8c988e6527c3274dbe4
201,45,0.0899955,0x00fbbddcbcc49f70609d9c2fb122f950e5aca2b0,2017-10-30T10:12:06.000Z,0.0019999,0xb09e4b177856c95003e806e2f07ddca38257df6d,buy,0x4ceda7906a5ed2179785cd3a40a69ee8bc99c466,0x12fad94b5c33d06bcce7c5c208cb6a0ee568fa7cbfb98cb63a9342696dc73b23
202,2259.90356341,4.519581136476922,0xa749b3ded9b0fc8a493d2ea9c0718a3a32463df4,2017-10-30T09:52:24.000Z,0.0019999000000058688,0xb09e4b177856c95003e806e2f07ddca38257df6d,buy,0x4ceda7906a5ed2179785cd3a40a69ee8bc99c466,0xf1fce868d6544746d2949b187ded6ecd70f1a523ce714a3c428b1552a1cfcdca
203,1200,2.376,0xa749b3ded9b0fc8a493d2ea9c0718a3a32463df4,2017-10-30T09:50:19.000Z,0.00198,0xb09e4b177856c95003e806e2f07ddca38257df6d,buy,0x4ceda7906a5ed2179785cd3a40a69ee8bc99c466,0x7392a2b35eb4b5375f48ea108d315ead77e421ef38ab2fc40325139fffd6bbd4
204,3100,6.045,0x14a762928e0fb1834fc26673ea4d16c07cf2dccb,2017-10-30T09:31:29.000Z,0.00195,0xb09e4b177856c95003e806e2f07ddca38257df6d,sell,0x4ceda7906a5ed2179785cd3a40a69ee8bc99c466,0xd242a431eaa26c75206ac1261d6eb49d9235286b0736664084711df8f59a4701
205,1600,3.19984,0xea1a9636bed23a715082e9bf914d4fff16919927,2017-10-30T09:16:15.000Z,0.0019999,0x8bf07feb58d62315daa9327c2cf1b8ef0a5fdb1e,sell,0x4ceda7906a5ed2179785cd3a40a69ee8bc99c466,0x42d7872c4513e1fd44668bcf0a57085d0b804606685541c628a770c553cdff2e
206,498.5,1.0473988485,0xc2249c3dd3c18167a6f65c0cd8e0eccb6a0e29ab,2017-10-30T09:04:08.000Z,0.002101101,0x273a5d3e6721b9f5c1a6474f560c1334c63dda01,sell,0x4ceda7906a5ed2179785cd3a40a69ee8bc99c466,0x68fa7571602533b75a47400be30fd8ec663b27e22107a2b3efc7767a87e4375f
207,500,0.99995,0x273a5d3e6721b9f5c1a6474f560c1334c63dda01,2017-10-30T09:04:08.000Z,0.0019999,0xb09e4b177856c95003e806e2f07ddca38257df6d,buy,0x4ceda7906a5ed2179785cd3a40a69ee8bc99c466,0x68fa7571602533b75a47400be30fd8ec663b27e22107a2b3efc7767a87e4375f
208,4500,8.99955,0x4a8a287739ac4844e1260504ab4a479591726f1b,2017-10-30T08:43:59.000Z,0.0019999,0xb09e4b177856c95003e806e2f07ddca38257df6d,buy,0x4ceda7906a5ed2179785cd3a40a69ee8bc99c466,0x77c99412ec84d922fdcdde26be49b98892c454b469693607d2baa58931e1e33c
209,351.702,0.66119976,0x3dd434a613e6d7014ed25f1fd40e90f984a3291a,2017-10-30T08:26:17.000Z,0.00188,0xb09e4b177856c95003e806e2f07ddca38257df6d,sell,0x4ceda7906a5ed2179785cd3a40a69ee8bc99c466,0xb386afd209e6246f0b463b07dead948121567413400ba55d0ec07b6967462862
210,480,0.88848,0xbb627fdfa38743614f71c3d82029ad8fceb0b86d,2017-10-30T08:25:22.000Z,0.001851,0xb09e4b177856c95003e806e2f07ddca38257df6d,sell,0x4ceda7906a5ed2179785cd3a40a69ee8bc99c466,0x289d716b83e8bbc29185aa8456969b8d18da8906106dfd6b2652b3821e4e4d30
211,500,0.925,0xa723f3a4e817b90f1b0c91e77f85ce7e6da9e71f,2017-10-30T08:25:20.000Z,0.00185,0xb09e4b177856c95003e806e2f07ddca38257df6d,sell,0x4ceda7906a5ed2179785cd3a40a69ee8bc99c466,0xb0f76a249d95bc2590fd2c596ae2d880719cac04bbaf5461d1b89415d876c3f4
212,500,0.95,0xa723f3a4e817b90f1b0c91e77f85ce7e6da9e71f,2017-10-30T07:32:32.000Z,0.0019,0xb09e4b177856c95003e806e2f07ddca38257df6d,sell,0x4ceda7906a5ed2179785cd3a40a69ee8bc99c466,0x893b6ce82873180e382fe3564deebe140ed4d5f309d4b1146753449595b0bd26
213,193.22480111,0.3729240593671011,0xa1ddc4732fc7a7d613281cff8a33a7f407965ec1,2017-10-30T07:32:32.000Z,0.001930001,0xb09e4b177856c95003e806e2f07ddca38257df6d,sell,0x4ceda7906a5ed2179785cd3a40a69ee8bc99c466,0x93ce7e3b4572f0c0e46b3fe96866d00d7ad44e3b5be797850e430d18f22b3723
214,162,0.314280162,0xa749b3ded9b0fc8a493d2ea9c0718a3a32463df4,2017-10-30T07:31:34.000Z,0.001940001,0xb09e4b177856c95003e806e2f07ddca38257df6d,sell,0x4ceda7906a5ed2179785cd3a40a69ee8bc99c466,0x582b9e21f0e0528ecd6150cfce72886bd38d484feb937a4d4cdc04a6a4f025b7
215,490,0.94815,0x93e4a72b4d252bded284f91a36ac6251eae12f5b,2017-10-30T07:29:47.000Z,0.001935,0xb09e4b177856c95003e806e2f07ddca38257df6d,sell,0x4ceda7906a5ed2179785cd3a40a69ee8bc99c466,0xae92883186251d5695153d279929c57282c1c7cc8126b068d5ff6fd96f8e20df
216,900.309,1.73759637,0xb81d00b6c3d3baaf36a09d37fc30a95bbd9bc244,2017-10-30T07:29:47.000Z,0.00193,0xb09e4b177856c95003e806e2f07ddca38257df6d,sell,0x4ceda7906a5ed2179785cd3a40a69ee8bc99c466,0x604cc15b47bbfb95e18c4986f262c2f37588c6c36721783686ed12eb68a9c22c
217,519.958,0.99831936,0x14a762928e0fb1834fc26673ea4d16c07cf2dccb,2017-10-30T07:29:47.000Z,0.00192,0xb09e4b177856c95003e806e2f07ddca38257df6d,sell,0x4ceda7906a5ed2179785cd3a40a69ee8bc99c466,0x1ef0e822964072ce973f09d78be44fac78f8fffc945a60a1badea7cca8bb1ae4
218,1000,1.93,0xb81d00b6c3d3baaf36a09d37fc30a95bbd9bc244,2017-10-30T07:29:47.000Z,0.00193,0xb09e4b177856c95003e806e2f07ddca38257df6d,sell,0x4ceda7906a5ed2179785cd3a40a69ee8bc99c466,0x72585ec301a1292f8ea5e4d2496c6d81ffb1cf5e3099052804d6d10b2c3e0ada
219,1500,2.88,0x3dd434a613e6d7014ed25f1fd40e90f984a3291a,2017-10-30T07:29:47.000Z,0.00192,0xb09e4b177856c95003e806e2f07ddca38257df6d,sell,0x4ceda7906a5ed2179785cd3a40a69ee8bc99c466,0x87fd1829b49fc377c62f6b287e61fb98897a3bb1322aa1d6c5dd5d8d338c0800
220,2400,4.5996,0x486e439b2fe2768b5e0c823fdf1d14947701b9d3,2017-10-30T07:29:31.000Z,0.0019165,0xb09e4b177856c95003e806e2f07ddca38257df6d,sell,0x4ceda7906a5ed2179785cd3a40a69ee8bc99c466,0xf5885360acb942bf8247e05c9415b7a227687f29e860e8820147a3a77968bdd1
221,600,1.167,0xa723f3a4e817b90f1b0c91e77f85ce7e6da9e71f,2017-10-30T07:28:37.000Z,0.001945,0xb09e4b177856c95003e806e2f07ddca38257df6d,sell,0x4ceda7906a5ed2179785cd3a40a69ee8bc99c466,0xedd43cae3ede6cdd4d43bd944f5130e40972a8638e00ba3971768b1e32928097
222,1538.2,2.99949,0xac69402d502f29f77d7f03cca25ea2ae01735351,2017-10-30T07:28:37.000Z,0.00195,0xb09e4b177856c95003e806e2f07ddca38257df6d,sell,0x4ceda7906a5ed2179785cd3a40a69ee8bc99c466,0x2a57de4de34b577bb4cc866d7afcabf7ba10b1ccbae054a1fc3fe6032baefa25
223,7000,13.02,0x8bf07feb58d62315daa9327c2cf1b8ef0a5fdb1e,2017-10-30T05:13:52.000Z,0.00186,0x5946f68641f1af174e1d1fb4fab25aa9572cfa62,sell,0x4ceda7906a5ed2179785cd3a40a69ee8bc99c466,0x99e91aef71f5c7fa8e33877018a23553bb6b9b0fbbd8b78ee6da189055e68c58
224,15000,27.225,0x6d392379b783d5396f44340935a6317bab7002fa,2017-10-30T05:13:30.000Z,0.001815,0x5946f68641f1af174e1d1fb4fab25aa9572cfa62,sell,0x4ceda7906a5ed2179785cd3a40a69ee8bc99c466,0x3085f63225f1202a4f20cbac856ed8905619ce3fe177886a98ad056070acf13a
225,9186,16.998693,0xd26789f539bdf585ff8734a968ccc1b40a1187d6,2017-10-30T05:13:30.000Z,0.0018505,0x5946f68641f1af174e1d1fb4fab25aa9572cfa62,sell,0x4ceda7906a5ed2179785cd3a40a69ee8bc99c466,0xd3ccc5c092b3c8d523146d134ab94cc3aaf5362f39f72e863148025d3e1df112
226,5000,9.1,0x6d392379b783d5396f44340935a6317bab7002fa,2017-10-30T05:13:30.000Z,0.00182,0x5946f68641f1af174e1d1fb4fab25aa9572cfa62,sell,0x4ceda7906a5ed2179785cd3a40a69ee8bc99c466,0x5bea88b3de3c10a2283cf8d62c241e27f555142991240543490c13b9ad911b29
227,5000,9.15,0x6d392379b783d5396f44340935a6317bab7002fa,2017-10-30T05:13:30.000Z,0.00183,0x5946f68641f1af174e1d1fb4fab25aa9572cfa62,sell,0x4ceda7906a5ed2179785cd3a40a69ee8bc99c466,0xd79b7d03e8bd7efd11a59bdf36e0b6eccdaae2bff06f2f7094973a8e81148a06
228,25000,45,0xb09e4b177856c95003e806e2f07ddca38257df6d,2017-10-30T05:13:23.000Z,0.0018,0x5946f68641f1af174e1d1fb4fab25aa9572cfa62,sell,0x4ceda7906a5ed2179785cd3a40a69ee8bc99c466,0x45f9c6adf5e804b1ff13a15b8d81ebb09c3cf9b214829d24f47b0baaed9cdb8f
229,2900,6.0552,0x44d4b8526dddf147900bc5867fe6f6010b94ed9a,2017-10-30T04:25:27.000Z,0.002088,0xfc7dbee6383894b8e15a4ffff0d9f5fb0bcde1e9,buy,0x4ceda7906a5ed2179785cd3a40a69ee8bc99c466,0xf5fee0daaaa43f683add1715970242d22639d6f649e4b77dc86f1e807c4f0d7e
230,3760.09671846,7.8210011743968,0x44d4b8526dddf147900bc5867fe6f6010b94ed9a,2017-10-30T04:19:43.000Z,0.00208,0xef398a72ca7e9c352d14aa297c5c59f604c43bdc,buy,0x4ceda7906a5ed2179785cd3a40a69ee8bc99c466,0x933ac37fa7b9bc0392f12235c7018d21d2771c5bebe2e6113ed88180ed45560b
231,2946,6.12768,0x44d4b8526dddf147900bc5867fe6f6010b94ed9a,2017-10-30T04:19:25.000Z,0.00208,0x8e69a7a7fa07ebd03ed04853b0aee4696ef6d414,buy,0x4ceda7906a5ed2179785cd3a40a69ee8bc99c466,0xd73224e77c55c040ad14ae1e60bc04f8fcbb3a8fa2498e412763c77a712e39a1
232,56.77519889,0.10957619063289889,0xa1ddc4732fc7a7d613281cff8a33a7f407965ec1,2017-10-30T02:36:19.000Z,0.001930001,0xaba493dc8ed902064c6e0aa9a01bf81f1c46808a,sell,0x4ceda7906a5ed2179785cd3a40a69ee8bc99c466,0x7fe6ac5d9c3da229a229d54e8f3beca80d2da7f9c8d629e200847594d7708831
233,0.25,0.000485,0xf85a551811c40e7ffb912a21efe2c26277be8ebc,2017-10-30T01:53:26.000Z,0.00194,0x379374d13077e8867ef31803c37baf9785a17c00,sell,0x4ceda7906a5ed2179785cd3a40a69ee8bc99c466,0xfde619387754a59490ecd11c9edacdda461b08fead92d2bc50ca5ea68f372136
234,0.237,0.00045978,0xf85a551811c40e7ffb912a21efe2c26277be8ebc,2017-10-30T01:52:37.000Z,0.00194,0x16e5d97bbc92417e051e3b2cabfbf8ceea2acb9c,sell,0x4ceda7906a5ed2179785cd3a40a69ee8bc99c466,0x083c1a6fc2286c98001358c111a8a4e8ceb2f0a85001033e4397204bfc29734d
235,99.69095803,0.1924035489979,0xb81d00b6c3d3baaf36a09d37fc30a95bbd9bc244,2017-10-30T01:05:37.000Z,0.00193,0xff751bf33f82287f184ea88dfb1b125410c3f79b,sell,0x4ceda7906a5ed2179785cd3a40a69ee8bc99c466,0x8fce846b701afdb71691ead1269d41e74ddfd5e0c5b04711bac5b3c5f1f92233
236,240,0.50135592,0x6761d5023a01ea4d4efc12364f3df8aac7391fbd,2017-10-30T00:40:09.000Z,0.002088983,0x8ac745bf1b0bd6b42f64bcf5f8cce2d834d68501,sell,0x4ceda7906a5ed2179785cd3a40a69ee8bc99c466,0xc8f69d6fc26b6668abb875e33c58125c94290da42e0a8c221971f5e03b4e461d
237,2100,4.3868643,0x44d4b8526dddf147900bc5867fe6f6010b94ed9a,2017-10-29T23:49:29.000Z,0.002088983,0xc43e270c1ca449ed03e1c51e93d9475a84458e53,buy,0x4ceda7906a5ed2179785cd3a40a69ee8bc99c466,0xa1e79e677ba36aa9ab3df4cacb243e3d87ea450831fd2b440ebe268f2cfc448b
238,4000,8.35592,0x44d4b8526dddf147900bc5867fe6f6010b94ed9a,2017-10-29T23:47:22.000Z,0.00208898,0xc43e270c1ca449ed03e1c51e93d9475a84458e53,buy,0x4ceda7906a5ed2179785cd3a40a69ee8bc99c466,0x4de01c140d683f5b8bbc902b88c928b59c3ca1e1fee8a025e3e33962ac1df439
239,2000,4.1778,0x44d4b8526dddf147900bc5867fe6f6010b94ed9a,2017-10-29T23:41:23.000Z,0.0020889,0xd3a5e587ff77541e849f85f6dc00abf4080b989a,buy,0x4ceda7906a5ed2179785cd3a40a69ee8bc99c466,0x47895f9f5e1e70c41a670a303c8be198d7b7867c301f5375e959f249dbd7b06e
240,3300,6.893601,0x44d4b8526dddf147900bc5867fe6f6010b94ed9a,2017-10-29T23:34:50.000Z,0.00208897,0xc43e270c1ca449ed03e1c51e93d9475a84458e53,buy,0x4ceda7906a5ed2179785cd3a40a69ee8bc99c466,0x1008e092373a6791683b36761c62f30db1c15366e5d4a3833101edb28092d9e4
241,2000,4.1778,0x44d4b8526dddf147900bc5867fe6f6010b94ed9a,2017-10-29T23:32:14.000Z,0.0020889,0xd3a5e587ff77541e849f85f6dc00abf4080b989a,buy,0x4ceda7906a5ed2179785cd3a40a69ee8bc99c466,0xc9476d95211e80caf19b9166d484e12e8fa05638b2f44c8f7e7a697efaacea1e
242,3000,5.826,0xf85a551811c40e7ffb912a21efe2c26277be8ebc,2017-10-29T23:22:28.000Z,0.001942,0x8e69a7a7fa07ebd03ed04853b0aee4696ef6d414,sell,0x4ceda7906a5ed2179785cd3a40a69ee8bc99c466,0x5378eb99f8a550a694acf3897c12e4f5c0c52773687f04df59a3dd3f859a2f0d
243,1955.66272895,3.7744290668751246,0x8e69a7a7fa07ebd03ed04853b0aee4696ef6d414,2017-10-29T23:21:35.000Z,0.0019300000000008308,0xc43e270c1ca449ed03e1c51e93d9475a84458e53,buy,0x4ceda7906a5ed2179785cd3a40a69ee8bc99c466,0xe883688ddcbc669a1aa4084061508dbbc279dc8eb284f2e372df348357cbf006
244,1044.33727104,2.0155709331248755,0x46b234c291fe47dfaf7e1ee285aa13f406cbef8c,2017-10-29T23:20:45.000Z,0.001930000000016925,0xc43e270c1ca449ed03e1c51e93d9475a84458e53,buy,0x4ceda7906a5ed2179785cd3a40a69ee8bc99c466,0xd68be0698f5cab1586861a53312b3d83447b6280f09ee12bdffa571c2fb24228
245,4000,7.72,0x8e69a7a7fa07ebd03ed04853b0aee4696ef6d414,2017-10-29T23:18:21.000Z,0.00193,0xc43e270c1ca449ed03e1c51e93d9475a84458e53,buy,0x4ceda7906a5ed2179785cd3a40a69ee8bc99c466,0x22b24eeafbd727476213770b2d256ef78a37b9c12c9775da1fe146c9b102de83
246,581.03002873,1.2143469497480586,0xfc451fc713435cd4d4892350e1517a4b2695e03b,2017-10-29T21:37:36.000Z,0.002089990000004554,0x4b7ef3c467974c144121f7952d2769cb18bd8656,buy,0x4ceda7906a5ed2179785cd3a40a69ee8bc99c466,0x4f25ec455c7437f7c75eafed2a249c1aa0fb71855e9f7dfd4bd9b8fbf3dda855
247,533.13792064,1.1142529227762001,0xfc451fc713435cd4d4892350e1517a4b2695e03b,2017-10-29T21:33:19.000Z,0.0020899900000333994,0x4b7ef3c467974c144121f7952d2769cb18bd8656,buy,0x4ceda7906a5ed2179785cd3a40a69ee8bc99c466,0x8e7f739aadda45899a2228de6ba28ee5ac81e524f7ecf289059ff45c62838b8a
248,5000,10.5,0x7fad7c7ab544598d9583968cf7f6cc19c5dbb67a,2017-10-29T20:17:30.000Z,0.0021,0xa1b0305dd5fea0b116d8601133a9d161b276c1f6,buy,0x4ceda7906a5ed2179785cd3a40a69ee8bc99c466,0xc3a8d3be93604b5f7f713731fad1029c4681e85f7f338bb2b048a9751b8ede65
249,5164,10.839236,0x9ddb381ba70efbe8a55174c283b95860128b7dc5,2017-10-29T20:07:50.000Z,0.002099,0x8bf07feb58d62315daa9327c2cf1b8ef0a5fdb1e,buy,0x4ceda7906a5ed2179785cd3a40a69ee8bc99c466,0xd6792efe03ddf8ad3902f9db83eb9ecec1dcb0ee54f9222e645b0a972049d1bb
250,140,0.2961,0x4a456fdc4d0f988bee292fb04f8964c83922b63a,2017-10-29T18:55:24.000Z,0.002115,0xa1b0305dd5fea0b116d8601133a9d161b276c1f6,sell,0x4ceda7906a5ed2179785cd3a40a69ee8bc99c466,0xebb32fb09dee5cd26ca8bc38b88d7fd78d50839f409942638676d65317f52434
251,780,1.6497,0xa5684e7c4c9880ccd020c31e45b2c4e202d901c0,2017-10-29T18:51:15.000Z,0.002115,0x8bf07feb58d62315daa9327c2cf1b8ef0a5fdb1e,buy,0x4ceda7906a5ed2179785cd3a40a69ee8bc99c466,0x8e62f784b1150db9bacc95e031882976db8d79996764c6b17e4280665be6f4dc
252,932,1.9572,0xa5684e7c4c9880ccd020c31e45b2c4e202d901c0,2017-10-29T18:35:46.000Z,0.0021,0xf5bedf0fdb48e812d91b352e5ffa9c402ce6bbf4,buy,0x4ceda7906a5ed2179785cd3a40a69ee8bc99c466,0x99868f274f07aba3447ca999fcc0d57d548bf487e5d4eea9384680be5dd0c0e5
253,3059.65659293,6.48004669816701,0xeb582badc409e77f7e9f640195abac713864e8e5,2017-10-29T16:35:55.000Z,0.002117900000000184,0x8bf07feb58d62315daa9327c2cf1b8ef0a5fdb1e,buy,0x4ceda7906a5ed2179785cd3a40a69ee8bc99c466,0xcb75c7db8a479c3ab364bf176a3bdaf454fa671dccdc9cc33c81d845710c5f79
254,0.05436404,0.000115143038248195,0xf5c1498508e3cbb47d0de13c827f857a6e71e951,2017-10-29T14:14:47.000Z,0.0021180000281104017,0xaf859c7dc477ae70ff8c1ee8a25d65d800a90d90,buy,0x4ceda7906a5ed2179785cd3a40a69ee8bc99c466,0xd4d01ab330ec9397492fdcc9ddaad8d1558c68e551fa816e916efa632f587c93
255,545.06834198,1.1549998166676405,0xf5c1498508e3cbb47d0de13c827f857a6e71e951,2017-10-29T14:09:49.000Z,0.002119000000022053,0x4b7ef3c467974c144121f7952d2769cb18bd8656,buy,0x4ceda7906a5ed2179785cd3a40a69ee8bc99c466,0xfe085ad46bf26f74c27946e0caabfa2369ad26ba7388ffe6a55cad902baaac5f
256,395.89571841,0.8389029877217318,0xf5c1498508e3cbb47d0de13c827f857a6e71e951,2017-10-29T14:08:35.000Z,0.0021189999000012973,0xced732ca92cb4f040239c4e8c85f14acbb5db000,buy,0x4ceda7906a5ed2179785cd3a40a69ee8bc99c466,0xb15a8a6dacb279023182c42055302be8824cfa0f74347a2fcf5d83e56f21f99a
257,98.49466653,0.18910995672693307,0xced732ca92cb4f040239c4e8c85f14acbb5db000,2017-10-29T11:24:35.000Z,0.001920002,0xd64f9a51bae07df65a546408507e5163c7a1648e,sell,0x4ceda7906a5ed2179785cd3a40a69ee8bc99c466,0x286c0e61f7fbc6b00133e241c9250222935b3d5f858ed2b87c6845822d05745b
258,604.10428158,1.2800969122782682,0x322fc6b261b15fc09503d9fa9d2febe3f11bd60a,2017-10-29T10:49:00.000Z,0.0021189999000342263,0xced732ca92cb4f040239c4e8c85f14acbb5db000,buy,0x4ceda7906a5ed2179785cd3a40a69ee8bc99c466,0x2954c7c59c18def0841cfd8b315f80e58283d9ae1b9d9879082bdfc4a42f836d
259,0.06030428,0.000127842071023095,0xf5c1498508e3cbb47d0de13c827f857a6e71e951,2017-10-29T10:25:20.000Z,0.002119950209555524,0x4b7ef3c467974c144121f7952d2769cb18bd8656,buy,0x4ceda7906a5ed2179785cd3a40a69ee8bc99c466,0x292837ad3bb6485ae3d8dd73b900c656229e15b8544c7c8379f22f5ce9c13e3d
260,604.91229247,1.2823838144326623,0xf5c1498508e3cbb47d0de13c827f857a6e71e951,2017-10-29T10:24:27.000Z,0.0021199500000179954,0x4b7ef3c467974c144121f7952d2769cb18bd8656,buy,0x4ceda7906a5ed2179785cd3a40a69ee8bc99c466,0x67642cccc854f8d49cdb1b28e4c0ec886094440d4b9a53352f0f97695a32ac70
261,585.76315854,1.1715263170913226,0xf5c1498508e3cbb47d0de13c827f857a6e71e951,2017-10-29T10:22:35.000Z,0.0020000000000193296,0xba39afbbb526fe8f33fb74b04f66984333bddd2d,buy,0x4ceda7906a5ed2179785cd3a40a69ee8bc99c466,0xacec6b34482598c4368e00dbc7f53dd7bf0d1281f6ed4d687fb866e1a24c4db8
262,100,0.1999999,0xf5c1498508e3cbb47d0de13c827f857a6e71e951,2017-10-29T09:56:02.000Z,0.001999999,0x7275684df25a79b56047239b09d7e111fd3a4320,buy,0x4ceda7906a5ed2179785cd3a40a69ee8bc99c466,0x44862b64227ef8c63c6d2dd7780b94bce0080ce08f33b6a289eee0accc7b57a1
263,249.23684145,0.49847368290867744,0x800adad5d166c4bcfadc0b8219c7b5b9105fd19e,2017-10-29T09:33:47.000Z,0.002000000000034816,0xba39afbbb526fe8f33fb74b04f66984333bddd2d,buy,0x4ceda7906a5ed2179785cd3a40a69ee8bc99c466,0x20cb497c707b87453f94f6fc60da93b4fda996e81aa31f53ca7ac4b3ae156445
264,111.392,0.21665744,0x14a762928e0fb1834fc26673ea4d16c07cf2dccb,2017-10-29T08:32:46.000Z,0.001945,0xb09e4b177856c95003e806e2f07ddca38257df6d,buy,0x4ceda7906a5ed2179785cd3a40a69ee8bc99c466,0xd1be7c2d533860056954cccfa74e17a5dff38b18b0e30259ecb6ed797860175a
265,0.04182215,0.000080298528,0x14a762928e0fb1834fc26673ea4d16c07cf2dccb,2017-10-29T08:30:47.000Z,0.00192,0x9a63a5c363275ec2c2f80af302c60a7809a1e1e2,sell,0x4ceda7906a5ed2179785cd3a40a69ee8bc99c466,0xc233798b61762c2f8e8e2d12e6bf8d3d8451890c1886ccb185794dec729ef95d
266,100,0.1907005,0x7275684df25a79b56047239b09d7e111fd3a4320,2017-10-29T07:40:11.000Z,0.001907005,0x99daacbc6d3cc495519938b1b9ae913a94caa1c1,sell,0x4ceda7906a5ed2179785cd3a40a69ee8bc99c466,0x7d1780ec76a878094110069f7fad47e4f71e2d2459eef428a91dc3bb9bbd1934
267,3,0.00573,0xced732ca92cb4f040239c4e8c85f14acbb5db000,2017-10-29T07:40:11.000Z,0.00191,0x99daacbc6d3cc495519938b1b9ae913a94caa1c1,sell,0x4ceda7906a5ed2179785cd3a40a69ee8bc99c466,0xbbe69c5359c4010cb36529294afb29bba0ca55cfe40758fd120679ed65094baf
268,3,0.00573,0xced732ca92cb4f040239c4e8c85f14acbb5db000,2017-10-29T07:39:46.000Z,0.00191,0x99daacbc6d3cc495519938b1b9ae913a94caa1c1,sell,0x4ceda7906a5ed2179785cd3a40a69ee8bc99c466,0xbbe69c5359c4010cb36529294afb29bba0ca55cfe40758fd120679ed65094baf
269,335.28383717,0.6521270633085242,0x322fc6b261b15fc09503d9fa9d2febe3f11bd60a,2017-10-29T05:32:57.000Z,0.001945000000038398,0xb09e4b177856c95003e806e2f07ddca38257df6d,buy,0x4ceda7906a5ed2179785cd3a40a69ee8bc99c466,0x0c4d93b1ffede340e0aa14c649ac2ac57e93906637cc8dc8d2791c2d051812d2
270,162,0.30942,0xda1655377db523095f5c8f231b918a9fe4feb084,2017-10-29T04:02:40.000Z,0.00191,0x99daacbc6d3cc495519938b1b9ae913a94caa1c1,sell,0x4ceda7906a5ed2179785cd3a40a69ee8bc99c466,0xcd2145e59d7c0184ee57c57cb413de570ca4e565da219685f6746bbd77d04837
271,85,0.162775,0xee8e1b023dfe9e91791439db1cd7bb3360314327,2017-10-29T04:02:40.000Z,0.001915,0x99daacbc6d3cc495519938b1b9ae913a94caa1c1,sell,0x4ceda7906a5ed2179785cd3a40a69ee8bc99c466,0x656ed8ade4a37fd92063b29400f3e66701a2185a90e5de16c8970bd5f0aef787
272,2301.32472187,4.441510686724336,0x91f4f9e9837c16e83377c98cc931e655512a0d74,2017-10-29T01:09:10.000Z,0.0019299800000042036,0x4b7ef3c467974c144121f7952d2769cb18bd8656,buy,0x4ceda7906a5ed2179785cd3a40a69ee8bc99c466,0x59135238d3efda61a5a402a12973c5692898f9a91c1f32552a1cc2c4505288a9
273,4000,7.71992,0x91f4f9e9837c16e83377c98cc931e655512a0d74,2017-10-29T01:09:10.000Z,0.00192998,0xc43e270c1ca449ed03e1c51e93d9475a84458e53,buy,0x4ceda7906a5ed2179785cd3a40a69ee8bc99c466,0x8efa0185890a02c988a901e7775a8ce480674131764e1ce88306cfbd92e5655f
274,4500,8.639991,0x91f4f9e9837c16e83377c98cc931e655512a0d74,2017-10-29T01:08:49.000Z,0.001919998,0xc43e270c1ca449ed03e1c51e93d9475a84458e53,buy,0x4ceda7906a5ed2179785cd3a40a69ee8bc99c466,0x02ccb40c4062db535890e580637e957348996af9bc9712e7959455003ef834b4
275,932.08327775,1.7895970970305761,0xf5bedf0fdb48e812d91b352e5ffa9c402ce6bbf4,2017-10-29T00:37:34.000Z,0.0019199970000004392,0xb09e4b177856c95003e806e2f07ddca38257df6d,buy,0x4ceda7906a5ed2179785cd3a40a69ee8bc99c466,0x13d87790186debc04f15efb6d6b1b0b064d26c2e82b3c6b0283e0867c2af3642
276,4000,7.648,0x14002364bb0e360dd547072fd15bf0c3eb835b10,2017-10-29T00:19:07.000Z,0.001912,0xb09e4b177856c95003e806e2f07ddca38257df6d,sell,0x4ceda7906a5ed2179785cd3a40a69ee8bc99c466,0x53184938bed5d45dc5db8303e754361ef5496d953f7e1c416efe19a87a48e70a
277,519.27631302,0.9970089631721963,0xbbc818f10b2bd5d4ae1a8e3717f6324acee6ec1f,2017-10-29T00:18:19.000Z,0.0019199970000052676,0xb09e4b177856c95003e806e2f07ddca38257df6d,buy,0x4ceda7906a5ed2179785cd3a40a69ee8bc99c466,0xec4a444d74ce02240f2418225b742a06919ce73d9818c835ddc509fe268d5abf
278,7500,14.3999775,0x44d4b8526dddf147900bc5867fe6f6010b94ed9a,2017-10-29T00:16:41.000Z,0.001919997,0xb09e4b177856c95003e806e2f07ddca38257df6d,buy,0x4ceda7906a5ed2179785cd3a40a69ee8bc99c466,0x041b1f5c7897885aa783f4acf315562134ed5527ce05ee500e77cf422f8b9187
279,2800,5.3759916,0x44d4b8526dddf147900bc5867fe6f6010b94ed9a,2017-10-29T00:01:13.000Z,0.001919997,0xc43e270c1ca449ed03e1c51e93d9475a84458e53,buy,0x4ceda7906a5ed2179785cd3a40a69ee8bc99c466,0x932f2b0efef4a8561fe6b4779a97d556f92e0755a99f93b169ec6d3c689fe6aa
280,541.82325546,1.0403001086631443,0x732be8e71c0a2508c92da512598a2c00eab6c32f,2017-10-28T23:55:38.000Z,0.0019199990000059054,0xb09e4b177856c95003e806e2f07ddca38257df6d,buy,0x4ceda7906a5ed2179785cd3a40a69ee8bc99c466,0x66c09279a02150e6cb2d6999444423324a41a1ea6be5144da0ca3fb906638267
281,1067.88584132,2.0503301364769215,0x732be8e71c0a2508c92da512598a2c00eab6c32f,2017-10-28T23:54:28.000Z,0.0019199900000008753,0x046344b29c4ffcbb793c2afd416643a95f50986d,buy,0x4ceda7906a5ed2179785cd3a40a69ee8bc99c466,0xddbcb5a9f17416b35fee82ba51502d928ce2a5b1b2586658434d57e418bb85b6
282,32.11415867,0.06165886352307846,0x732be8e71c0a2508c92da512598a2c00eab6c32f,2017-10-28T23:32:56.000Z,0.0019199900005687572,0x046344b29c4ffcbb793c2afd416643a95f50986d,buy,0x4ceda7906a5ed2179785cd3a40a69ee8bc99c466,0x552e5aa6c03caba46b7b13a6a188e957f940c3aee0c450e6c31b6cf86f596e80
283,200,0.383998,0x732be8e71c0a2508c92da512598a2c00eab6c32f,2017-10-28T23:32:21.000Z,0.00191999,0x046344b29c4ffcbb793c2afd416643a95f50986d,buy,0x4ceda7906a5ed2179785cd3a40a69ee8bc99c466,0xd9e7a6b28122f69fa6e438e758c53aa74e7513c5808e8cebf2341bd24e34aa97
284,4676.48980995,8.97885575861663,0xfb79c4879f260e03ae60e5fed2493ee9594a4edc,2017-10-28T23:12:22.000Z,0.0019199990000005216,0xb09e4b177856c95003e806e2f07ddca38257df6d,buy,0x4ceda7906a5ed2179785cd3a40a69ee8bc99c466,0xe9b35df6bcb204f832cf3955727239de07ee8fccab17b60cee2e5e3f380425d5
285,10550,20.045,0xfb79c4879f260e03ae60e5fed2493ee9594a4edc,2017-10-28T22:15:43.000Z,0.0019,0xb09e4b177856c95003e806e2f07ddca38257df6d,sell,0x4ceda7906a5ed2179785cd3a40a69ee8bc99c466,0xd857dc46cb7e22dcdc2d3119326e5f444ce8bc051341b027013f34a507f8627d
286,1300,2.4752,0x046344b29c4ffcbb793c2afd416643a95f50986d,2017-10-28T22:15:20.000Z,0.001904,0xb09e4b177856c95003e806e2f07ddca38257df6d,sell,0x4ceda7906a5ed2179785cd3a40a69ee8bc99c466,0x785de9a74f7d0a4d776737a69e45acf3f8c4ff1a5cb569357d3349a64f2c1950
287,698.67527812,1.3484293132756635,0xeb582badc409e77f7e9f640195abac713864e8e5,2017-10-28T22:04:31.000Z,0.0019299800000137774,0x4b7ef3c467974c144121f7952d2769cb18bd8656,buy,0x4ceda7906a5ed2179785cd3a40a69ee8bc99c466,0x2645939d73b97a699308fd6ff86b3de4a33d4ca974aeb6215c7398141a5b70da
288,1390.934,2.68446089198,0xeb582badc409e77f7e9f640195abac713864e8e5,2017-10-28T21:59:31.000Z,0.00192997,0xc43e270c1ca449ed03e1c51e93d9475a84458e53,buy,0x4ceda7906a5ed2179785cd3a40a69ee8bc99c466,0xe818689a1dc00f17d68abc7d60ae6d0092a7d3390505002272c02fba07a29180
289,1483.406,2.862927594414,0xeb582badc409e77f7e9f640195abac713864e8e5,2017-10-28T21:59:09.000Z,0.001929969,0x4b7ef3c467974c144121f7952d2769cb18bd8656,buy,0x4ceda7906a5ed2179785cd3a40a69ee8bc99c466,0x75576b39b223b649e5ba6215d606a83d39ba1810441e69fdc9a2655e15155069
290,516.59377321,0.9970099678904175,0xee7f765ceb55df8cbfc0a405ffc61bc8766edf79,2017-10-28T21:51:47.000Z,0.00192996900000404,0x4b7ef3c467974c144121f7952d2769cb18bd8656,buy,0x4ceda7906a5ed2179785cd3a40a69ee8bc99c466,0xc0d89ed32840f3962e222c291c0463cf66b8a75633c8e3c88febf98dc51c301b
291,324.74011602,0.626738681718555,0xa749b3ded9b0fc8a493d2ea9c0718a3a32463df4,2017-10-28T20:26:32.000Z,0.0019299700000105795,0xc43e270c1ca449ed03e1c51e93d9475a84458e53,buy,0x4ceda7906a5ed2179785cd3a40a69ee8bc99c466,0x001db85a7f7bb8bd5dc8f1406c9c2ad48270c49af08d9bf96bab2f33b8732609
292,2000,3.859938,0xa749b3ded9b0fc8a493d2ea9c0718a3a32463df4,2017-10-28T20:25:09.000Z,0.001929969,0x4b7ef3c467974c144121f7952d2769cb18bd8656,buy,0x4ceda7906a5ed2179785cd3a40a69ee8bc99c466,0x0fe8c094e456c2ea66bf423ada6e3b54fdb96bf1ebf6205ab319a148b7a86f0d
293,0.25907151,0.0005,0xe444a40689f51f63bcd29910622035707d533d29,2017-10-28T20:02:33.000Z,0.00192996906529784,0x4b7ef3c467974c144121f7952d2769cb18bd8656,buy,0x4ceda7906a5ed2179785cd3a40a69ee8bc99c466,0x7b66f0051be01ff6d8f7900ceb74b6d9257e788f064bf735ca52b2ed553b4264
294,0.25907151,0.0005,0x34f9560c63078eb61872a4dc2ccd20e21c34feaf,2017-10-28T20:01:38.000Z,0.00192996906529784,0x4b7ef3c467974c144121f7952d2769cb18bd8656,buy,0x4ceda7906a5ed2179785cd3a40a69ee8bc99c466,0x3fb997bb2fad0fddfb1e1e1683d3381dad6109f9e8e1856e75263f2cf47d1c94
295,835,1.61152495,0xba39afbbb526fe8f33fb74b04f66984333bddd2d,2017-10-28T18:42:22.000Z,0.00192997,0xc43e270c1ca449ed03e1c51e93d9475a84458e53,buy,0x4ceda7906a5ed2179785cd3a40a69ee8bc99c466,0x98d48678eb254d8da4823c5c075416c08238122fd38a3dc6901fabe4f1585e16
296,150.654,0.296788078692,0xcdd727af7a8d3b6991410b6596b261caacfe9843,2017-10-28T18:38:19.000Z,0.001969998,0xda896bd9e964386f7343414a646c8ef75d5ae009,buy,0x4ceda7906a5ed2179785cd3a40a69ee8bc99c466,0x4cdd1631ca2c6ea6ec54e773d47dcc91037345c9c88eed96f6a8bce63c74e478
297,349.32575797,0.6741882331262287,0xaacbdb8ddb0231650550e36f5769a99fb0e20351,2017-10-28T18:22:45.000Z,0.0019299700000482867,0xc43e270c1ca449ed03e1c51e93d9475a84458e53,buy,0x4ceda7906a5ed2179785cd3a40a69ee8bc99c466,0x2f1df304d424f82bd5ac718ec99f22bcc162e8a82b3d2b2a9c518a4ec4580175
298,1182.491,2.28216033036,0xaacbdb8ddb0231650550e36f5769a99fb0e20351,2017-10-28T18:17:24.000Z,0.00192996,0xc43e270c1ca449ed03e1c51e93d9475a84458e53,buy,0x4ceda7906a5ed2179785cd3a40a69ee8bc99c466,0xa31ee539c1d0bb72f9a6593f96e4950127b0a1c6b97ccdcc4ac83db304db2db2
299,2117.50891328,4.086707502283423,0x4abd841f29dddb7ab882dfeb48c88a63094f2d93,2017-10-28T17:53:09.000Z,0.001929960000004512,0xc43e270c1ca449ed03e1c51e93d9475a84458e53,buy,0x4ceda7906a5ed2179785cd3a40a69ee8bc99c466,0x4a2d5e2a055b6e95d7fa3c5fecaf63603e30a252b55cedf1b83eb6d3135629f9
300,1048.293,2.023158316815,0x4abd841f29dddb7ab882dfeb48c88a63094f2d93,2017-10-28T17:46:15.000Z,0.001929955,0xd990b20677084e0ecc854a956cb15a401515dfe8,buy,0x4ceda7906a5ed2179785cd3a40a69ee8bc99c466,0x89a771a497887263ff87cf0db8a4b572968c2612b1ce37ce58045de4504e4662
301,2000,3.859908,0x4abd841f29dddb7ab882dfeb48c88a63094f2d93,2017-10-28T17:43:41.000Z,0.001929954,0x4b7ef3c467974c144121f7952d2769cb18bd8656,buy,0x4ceda7906a5ed2179785cd3a40a69ee8bc99c466,0x7508f5461be726ad4ed705f5f4f5d377ac5d249265b9357551822c0d41f42010
302,53.30000131,0.10286665734353452,0x8acf7b4d5dfc5456aa077321ab950ca0225064f9,2017-10-28T17:04:09.000Z,0.0019299560002869072,0x4b7ef3c467974c144121f7952d2769cb18bd8656,buy,0x4ceda7906a5ed2179785cd3a40a69ee8bc99c466,0x396ca162275777a49a3f1ac11672c97665924ae23b94a0172962c8f613111023
303,1775.22171291,3.3019123860126,0x004c01bf15cac0f93b1ea7a24f416b0daf3cdcef,2017-10-28T16:27:19.000Z,0.00186,0x1ed014aec47fae44c9e55bac7662c0b78ae61798,sell,0x4ceda7906a5ed2179785cd3a40a69ee8bc99c466,0x6f27196d6d5ac8f0d2fb256c77efce274571a15a65f60ddce9dcac4bcba97e4c
304,7,0.013509713,0xcb8bfe5d4ffd7bf978f574cf93d7674e9d54b3b6,2017-10-28T16:05:13.000Z,0.001929959,0x4b7ef3c467974c144121f7952d2769cb18bd8656,buy,0x4ceda7906a5ed2179785cd3a40a69ee8bc99c466,0x54264c052f813f77f2eaa2150e4d6a3ba2407b69dd181626857fc876620287ae
305,9.92315846,0.019151288984149136,0x95157a972cc6a0f634db7fe3a00635e20c0f2cb0,2017-10-28T15:52:00.000Z,0.0019299590005891266,0x4b7ef3c467974c144121f7952d2769cb18bd8656,buy,0x4ceda7906a5ed2179785cd3a40a69ee8bc99c466,0x01a77cf1a99d050e13571810a44b5477ededd5efdadf6d9f402f5c5ec65a6731
306,200,0.385992,0x4b49b5d5eb1f4106e9336f01077844b462650c68,2017-10-28T15:43:32.000Z,0.00192996,0xc43e270c1ca449ed03e1c51e93d9475a84458e53,buy,0x4ceda7906a5ed2179785cd3a40a69ee8bc99c466,0x4f4c5e07646bee09e9f377777be1dc16ebf69c0ffd3203e97df5e52ae4fb3c06
307,270.21580773,0.5215070513767636,0xf35c7f35e9274f3d9ff88d721d72698348281315,2017-10-28T15:09:53.000Z,0.0019299650000412043,0xd990b20677084e0ecc854a956cb15a401515dfe8,buy,0x4ceda7906a5ed2179785cd3a40a69ee8bc99c466,0x99dc9b3eef72efedd6123370d49c37c073028b43ba0f3e84df8344c3a5af2530
308,31.43458657,0.05783963929470164,0xacdb87aadc9544633facc6394a52a275db7a7bad,2017-10-28T14:31:37.000Z,0.0018400000001877435,0xc43e270c1ca449ed03e1c51e93d9475a84458e53,buy,0x4ceda7906a5ed2179785cd3a40a69ee8bc99c466,0xec5544e18c10208b38996e19cc97f46db54e66ffc00a47d629b9bf68b41be67e
309,997,1.90427,0xced732ca92cb4f040239c4e8c85f14acbb5db000,2017-10-28T14:27:35.000Z,0.00191,0xd2ea382e498316d91b9de8557670149b479721a0,sell,0x4ceda7906a5ed2179785cd3a40a69ee8bc99c466,0x687e457ce4ae1d803ec4cd37daa60af21bddc2185c287005c7340082efd42a34
310,1000,1.872,0xd2ea382e498316d91b9de8557670149b479721a0,2017-10-28T14:27:35.000Z,0.001872,0xc43e270c1ca449ed03e1c51e93d9475a84458e53,buy,0x4ceda7906a5ed2179785cd3a40a69ee8bc99c466,0x687e457ce4ae1d803ec4cd37daa60af21bddc2185c287005c7340082efd42a34
311,1156.85582398,2.2327317402814,0xfb79c4879f260e03ae60e5fed2493ee9594a4edc,2017-10-28T14:24:39.000Z,0.00193,0x4b7ef3c467974c144121f7952d2769cb18bd8656,sell,0x4ceda7906a5ed2179785cd3a40a69ee8bc99c466,0x2c02e71713effd8008c2fd9c80d0a038db32114af1274414032a68fa795a7308
312,4028.14417602,7.7743182597186,0xfb79c4879f260e03ae60e5fed2493ee9594a4edc,2017-10-28T14:15:00.000Z,0.00193,0x1eaa18a0e964d346f2b5182be3f97d7aab5145b9,sell,0x4ceda7906a5ed2179785cd3a40a69ee8bc99c466,0x3dfbd72838824fadcf188a60baf0c0f047c86dbc3fb081a7b0356dae1c78685d
313,149,0.288761851,0x4a51a658c342e64acfde23b4a61226f6df238aab,2017-10-28T14:13:03.000Z,0.001937999,0xd990b20677084e0ecc854a956cb15a401515dfe8,buy,0x4ceda7906a5ed2179785cd3a40a69ee8bc99c466,0x439a9c3b83b7be839742e6e3b0b2a0260e42bdae52622ecb3d5c235938bc323f
314,100,0.1937,0x1b1c185352e45359838a080260e1a08b98e1e8b7,2017-10-28T13:46:57.000Z,0.001937,0x1eaa18a0e964d346f2b5182be3f97d7aab5145b9,buy,0x4ceda7906a5ed2179785cd3a40a69ee8bc99c466,0x07a326b19e817eed84d42f6ba8b34f1414bb705e7464728de8f0985d58d2ef3a
315,25,0.048424975,0x4a51a658c342e64acfde23b4a61226f6df238aab,2017-10-28T13:38:44.000Z,0.001936999,0xd990b20677084e0ecc854a956cb15a401515dfe8,buy,0x4ceda7906a5ed2179785cd3a40a69ee8bc99c466,0x42cd33b4a9d96f9d9656acf25616607a130494e3416c4e2408545213ba58351a
316,1720,3.33164,0x17beb6ce0f9c79b2bb866ef2635e54365a69cd66,2017-10-28T13:32:03.000Z,0.001937,0x1eaa18a0e964d346f2b5182be3f97d7aab5145b9,buy,0x4ceda7906a5ed2179785cd3a40a69ee8bc99c466,0x08b4c2a28e0ae3b2ed5dd08267ec3f85e7f6f81dd5a0b80816b92821ad552958
317,1,0.00193,0x012bb70cadd8b83b7b423447c9b4f250339db840,2017-10-28T12:52:39.000Z,0.00193,0x1eaa18a0e964d346f2b5182be3f97d7aab5145b9,buy,0x4ceda7906a5ed2179785cd3a40a69ee8bc99c466,0xa322890ec940318508c9a453355c77044e744726cd1e950baeddf65317505c5e
318,113.22357564,0.21512479372994991,0x012bb70cadd8b83b7b423447c9b4f250339db840,2017-10-28T12:44:52.000Z,0.001900000000123207,0x1eaa18a0e964d346f2b5182be3f97d7aab5145b9,buy,0x4ceda7906a5ed2179785cd3a40a69ee8bc99c466,0x9a89589d0b63570ede67342bbe0cd36a9d25a146b346c2041e12263f6d1f9dbf
319,86.5,0.169539135,0x614031f6a4a6b93adb2b822ad1b9d7ca8770aee7,2017-10-28T12:08:52.000Z,0.00195999,0x1eaa18a0e964d346f2b5182be3f97d7aab5145b9,buy,0x4ceda7906a5ed2179785cd3a40a69ee8bc99c466,0x8830e5ac3d46915503a03cb2e6f1a7d1e811a18b183ccd5e63d702812a685e5c
320,2507.49119084,4.91467771907088,0x486e439b2fe2768b5e0c823fdf1d14947701b9d3,2017-10-28T11:59:38.000Z,0.0019599980000027366,0xd990b20677084e0ecc854a956cb15a401515dfe8,buy,0x4ceda7906a5ed2179785cd3a40a69ee8bc99c466,0x85c46ffd3bd2f7b08885e8cc279e2ef7155b86cc247080aad76e23911e20e74c
321,1525.89879349,2.990760109358518,0x9094b62d72edb5f30c55cf7f50ce74d0359ff9be,2017-10-28T11:51:38.000Z,0.001959999000011083,0x4b7ef3c467974c144121f7952d2769cb18bd8656,buy,0x4ceda7906a5ed2179785cd3a40a69ee8bc99c466,0x4f302a3a99887a9f04b4f1a1fda56ad7f97fd1ddf01939d9fd72180f7fed9f21
322,76.78634554,0.14973337380966656,0x34a5ec722201cdea8a04255336557d01736edd9c,2017-10-28T11:50:36.000Z,0.0019500000000868196,0x1eaa18a0e964d346f2b5182be3f97d7aab5145b9,buy,0x4ceda7906a5ed2179785cd3a40a69ee8bc99c466,0x8833734956ec902f132776c6923d4b8117832ba501d85eb6580f78791e79a878
323,434,0.8463,0x1ccdf905526e70ea1357536416f3c93fed698297,2017-10-28T11:45:41.000Z,0.00195,0x4b7ef3c467974c144121f7952d2769cb18bd8656,sell,0x4ceda7906a5ed2179785cd3a40a69ee8bc99c466,0x181ab723e888f5f06ef4b449aa8e96a77d8f8bdf18c6934242ea112098490a7f
324,146.31098723,0.28530657140948723,0x012bb70cadd8b83b7b423447c9b4f250339db840,2017-10-28T11:30:40.000Z,0.001950001,0x99c0212b0b330bb526b22720d437e016bb4597ca,sell,0x4ceda7906a5ed2179785cd3a40a69ee8bc99c466,0x9958d9a9a7385724a09512dea5afa49ccaf259645e7b707acea1731dcb6d190b
325,3535,6.9993,0xdf597efae5e744aa6bb63ba78dcdb2516d652a85,2017-10-28T11:29:31.000Z,0.00198,0x1eaa18a0e964d346f2b5182be3f97d7aab5145b9,buy,0x4ceda7906a5ed2179785cd3a40a69ee8bc99c466,0xa9290751c82b614fe67cfda11fffb9a2b9de4416db2d0a80fe88fd659e855039
326,746.30651748,1.4702223468263385,0x669b996dfbf62da2ddf0c9ceeac503b920671639,2017-10-28T10:01:47.000Z,0.001969998000005056,0xda896bd9e964386f7343414a646c8ef75d5ae009,buy,0x4ceda7906a5ed2179785cd3a40a69ee8bc99c466,0x6dca7deceec309b1ca47db99d981dd43a10c88a91ca595d417d57fb52e6d2b5f
327,159.72436104,0.3146569752955461,0x9094b62d72edb5f30c55cf7f50ce74d0359ff9be,2017-10-28T09:49:36.000Z,0.0019699999001200957,0xda896bd9e964386f7343414a646c8ef75d5ae009,buy,0x4ceda7906a5ed2179785cd3a40a69ee8bc99c466,0x401c82cd15580a7891491f675e5d4af17a166a30deea0cd198856bbbc61da1ae
328,50,0.0993,0xda335761adceaa57fe02367340c2e33ba185175e,2017-10-28T09:45:53.000Z,0.001986,0xb09e4b177856c95003e806e2f07ddca38257df6d,buy,0x4ceda7906a5ed2179785cd3a40a69ee8bc99c466,0x2423f6d81fcc8b21453b4bf4ededed512c484c8e60fd6fcd442f45dce1f50041
329,60,0.11939976,0x9094b62d72edb5f30c55cf7f50ce74d0359ff9be,2017-10-28T09:25:46.000Z,0.001989996,0xb09e4b177856c95003e806e2f07ddca38257df6d,buy,0x4ceda7906a5ed2179785cd3a40a69ee8bc99c466,0xda84b3ed95a65ead90ae0a7060cb9afb9418b9c94cdb7fa0321f4f2c03583fd4
330,603,1.199968794,0x9094b62d72edb5f30c55cf7f50ce74d0359ff9be,2017-10-28T08:48:32.000Z,0.001989998,0xb09e4b177856c95003e806e2f07ddca38257df6d,buy,0x4ceda7906a5ed2179785cd3a40a69ee8bc99c466,0xd4d20c73c665d0dde596f445c89c3875a2a910f0b842c51c526f451a23f6d3b9
331,18800,37.224,0xb75cdf900688e5ca2922bbbdbdab106039a5120b,2017-10-28T08:46:04.000Z,0.00198,0xb09e4b177856c95003e806e2f07ddca38257df6d,sell,0x4ceda7906a5ed2179785cd3a40a69ee8bc99c466,0x62737fe3b839d293cc107f73b2946618693133e7a35c468158a7c647126e37f4
332,500,0.994999,0xf0ebfe83d7d7369d625feb97720c0496b2e78667,2017-10-28T08:43:59.000Z,0.001989998,0xb09e4b177856c95003e806e2f07ddca38257df6d,sell,0x4ceda7906a5ed2179785cd3a40a69ee8bc99c466,0x976d81c8a49425c70b5a249f6830caa8099e5fd219de17747cebafb235b91434
333,1000,1.989998,0xf1520e6f2958f3f28d8d5accc2891d2e4fc37e41,2017-10-28T08:43:53.000Z,0.001989998,0xb09e4b177856c95003e806e2f07ddca38257df6d,sell,0x4ceda7906a5ed2179785cd3a40a69ee8bc99c466,0x7070d40ec61531ccd835547899ea3d5a50b717141a2ee8be0cf58681aea701cf
334,315.55298698,0.6279498129947719,0x8acf7b4d5dfc5456aa077321ab950ca0225064f9,2017-10-28T08:29:06.000Z,0.0019899980000334205,0xb09e4b177856c95003e806e2f07ddca38257df6d,buy,0x4ceda7906a5ed2179785cd3a40a69ee8bc99c466,0x382479e8d74b814685537776159ec3e3b20db0a626c78a5fea4202a425abe441
335,199.67101983,0.3893584886685,0x669b996dfbf62da2ddf0c9ceeac503b920671639,2017-10-28T07:45:12.000Z,0.00195,0x010f7ec243bb5e7ed2b54cce49ca147e540e56fc,sell,0x4ceda7906a5ed2179785cd3a40a69ee8bc99c466,0x90855eff87f58208a9806d5764c22979016e021bc28a3fd20c1ecbfd49d91fbe
336,69.6725514,0.13586147523,0x669b996dfbf62da2ddf0c9ceeac503b920671639,2017-10-28T07:44:54.000Z,0.00195,0x092410f6c66c761144069911a36a5a14c998cb35,sell,0x4ceda7906a5ed2179785cd3a40a69ee8bc99c466,0x78a6c41ea10eb97ab135ea9f00e5e67c27808ae8384d9e1cbc9b38930a3cf773
337,50,0.0995,0x07abae541d2bbe5e36e7f6d5fb52332e72609365,2017-10-28T07:44:08.000Z,0.00199,0x092410f6c66c761144069911a36a5a14c998cb35,sell,0x4ceda7906a5ed2179785cd3a40a69ee8bc99c466,0x319382d3d5b94c375a57c94446fc9a271a53f2eccef8f186ca0a774939035a89
338,100,0.199499,0x00bc7d1910bc4424aed7eddf5e5a008931625c28,2017-10-28T07:43:30.000Z,0.00199499,0x092410f6c66c761144069911a36a5a14c998cb35,sell,0x4ceda7906a5ed2179785cd3a40a69ee8bc99c466,0x5f8ead13204aae142e38cc317406dd6bf03c8c3747b289417d7f831931ea2195
339,299.5477418,0.5990355740566046,0x0f86ed5244efe7bbe0f0ecc826d878e682bacff2,2017-10-28T07:35:43.000Z,0.0019998000000165735,0xc43e270c1ca449ed03e1c51e93d9475a84458e53,buy,0x4ceda7906a5ed2179785cd3a40a69ee8bc99c466,0x5ec677433139a3120de11a26dd85ac7c28528c6ede8615ba49a9db97e7371c0c
340,249.25,0.529407,0x0f86ed5244efe7bbe0f0ecc826d878e682bacff2,2017-10-28T07:06:56.000Z,0.002124,0x273a5d3e6721b9f5c1a6474f560c1334c63dda01,sell,0x4ceda7906a5ed2179785cd3a40a69ee8bc99c466,0xc426554d4ea16d42f12d2aef09e34752567e932217a550d31e37ff357cd45a41
341,250,0.4975,0x273a5d3e6721b9f5c1a6474f560c1334c63dda01,2017-10-28T07:06:56.000Z,0.00199,0xb09e4b177856c95003e806e2f07ddca38257df6d,buy,0x4ceda7906a5ed2179785cd3a40a69ee8bc99c466,0xc426554d4ea16d42f12d2aef09e34752567e932217a550d31e37ff357cd45a41
342,110.412,0.21971988,0xd2ea382e498316d91b9de8557670149b479721a0,2017-10-28T07:06:56.000Z,0.00199,0xb09e4b177856c95003e806e2f07ddca38257df6d,buy,0x4ceda7906a5ed2179785cd3a40a69ee8bc99c466,0xfb90d07d8718b60ec9039d9b28e814cf032a655c803c9d963d2aa9c26552a2da
343,110.080764,0.23447257772382,0x0f86ed5244efe7bbe0f0ecc826d878e682bacff2,2017-10-28T07:06:56.000Z,0.002130005,0xd2ea382e498316d91b9de8557670149b479721a0,sell,0x4ceda7906a5ed2179785cd3a40a69ee8bc99c466,0xfb90d07d8718b60ec9039d9b28e814cf032a655c803c9d963d2aa9c26552a2da
344,285,0.56715,0x273a5d3e6721b9f5c1a6474f560c1334c63dda01,2017-10-28T07:05:13.000Z,0.00199,0xb09e4b177856c95003e806e2f07ddca38257df6d,buy,0x4ceda7906a5ed2179785cd3a40a69ee8bc99c466,0x0be564ad6131b3a2828b9f14c51e30eb72fc2c4e1edb6f05faa7079ed276f4fc
345,284.145,0.60522885,0x0f86ed5244efe7bbe0f0ecc826d878e682bacff2,2017-10-28T07:05:13.000Z,0.00213,0x273a5d3e6721b9f5c1a6474f560c1334c63dda01,sell,0x4ceda7906a5ed2179785cd3a40a69ee8bc99c466,0x0be564ad6131b3a2828b9f14c51e30eb72fc2c4e1edb6f05faa7079ed276f4fc
346,1000,1.99,0xaac7435b1fcb40bf67cb8c916f5a24278918bc30,2017-10-28T06:00:33.000Z,0.00199,0xb09e4b177856c95003e806e2f07ddca38257df6d,buy,0x4ceda7906a5ed2179785cd3a40a69ee8bc99c466,0x0014ef2995ccfa9f86ee87c406b17d0c42647a66c67be047b8f2fecd8989d398
347,547.36365295,1.0892536693749377,0xa9e60f3c758cc407d90438d2bc49314db4b01f1e,2017-10-28T05:24:00.000Z,0.0019900000000081072,0xb09e4b177856c95003e806e2f07ddca38257df6d,buy,0x4ceda7906a5ed2179785cd3a40a69ee8bc99c466,0x2bb69c77fc8a4ab8d52eabec561f950cf70392c82263102b77d2761ff533d128
348,2000,3.98998,0x6a7b5ec0a47939ac8f848be27206a11eb5e0b168,2017-10-28T05:08:32.000Z,0.00199499,0xda896bd9e964386f7343414a646c8ef75d5ae009,sell,0x4ceda7906a5ed2179785cd3a40a69ee8bc99c466,0x78f5918b7548b4068362577ad717a361f88b2cab1e670018de422e11ee7d006e
349,1250,2.4937375,0xaac7435b1fcb40bf67cb8c916f5a24278918bc30,2017-10-28T04:58:51.000Z,0.00199499,0xda896bd9e964386f7343414a646c8ef75d5ae009,buy,0x4ceda7906a5ed2179785cd3a40a69ee8bc99c466,0x746c7586a4b97414fc6ea799889c7f25e6e0563a24c9560a0bc5750c6e6834cf
350,1,0.00199499,0x918453d249a22b6a8535c81e21f7530cd6ab59f1,2017-10-28T04:20:19.000Z,0.00199499,0xda896bd9e964386f7343414a646c8ef75d5ae009,buy,0x4ceda7906a5ed2179785cd3a40a69ee8bc99c466,0x38665ecd499e6491e8f644363ed8f2216736902fdb3d417400b6e509524f0d39
351,130.92311742,0.2611903100388795,0x587fb12d74e84408d0fe7db83f31ec4976482819,2017-10-28T04:02:24.000Z,0.001994990000131021,0xda896bd9e964386f7343414a646c8ef75d5ae009,buy,0x4ceda7906a5ed2179785cd3a40a69ee8bc99c466,0xc75d3aecfa89ddeca57355b07b88ec8b62465ebf3db3f02e6ab4d2364263597e
352,122,0.24338878,0x99daacbc6d3cc495519938b1b9ae913a94caa1c1,2017-10-28T04:01:45.000Z,0.00199499,0xda896bd9e964386f7343414a646c8ef75d5ae009,buy,0x4ceda7906a5ed2179785cd3a40a69ee8bc99c466,0xe4d5d58b0bd466508c07e409e54b6f652e6df013e0efac0403f803e051519edf
353,278,0.554332,0x99daacbc6d3cc495519938b1b9ae913a94caa1c1,2017-10-28T03:59:32.000Z,0.001994,0xfbf7dc0756a9768d0c71aea5f8421f3b1eaee7d1,buy,0x4ceda7906a5ed2179785cd3a40a69ee8bc99c466,0x740dfbb9262eeb1531fa6dc0408066a04522aad1e14116d3e330a1b1d29e1d70
354,30,0.0598497,0x99daacbc6d3cc495519938b1b9ae913a94caa1c1,2017-10-28T03:52:12.000Z,0.00199499,0xda896bd9e964386f7343414a646c8ef75d5ae009,buy,0x4ceda7906a5ed2179785cd3a40a69ee8bc99c466,0x4b719036a1efd161162923379283f56c40c3ba04ae72320f77f035c13ca3dd83
355,504.75837411,1.006987908778165,0xee7f765ceb55df8cbfc0a405ffc61bc8766edf79,2017-10-28T03:40:22.000Z,0.0019949900000246776,0xda896bd9e964386f7343414a646c8ef75d5ae009,buy,0x4ceda7906a5ed2179785cd3a40a69ee8bc99c466,0xc9ae7ceec391f579e6365088c6798075c6485ef58a90c0d57fc92f64e99848a4
356,999.43173591,1.9938563188246823,0xa749b3ded9b0fc8a493d2ea9c0718a3a32463df4,2017-10-28T02:44:44.000Z,0.0019949900000015923,0xda896bd9e964386f7343414a646c8ef75d5ae009,buy,0x4ceda7906a5ed2179785cd3a40a69ee8bc99c466,0xa887d91e8cb89dc54e37d0d7e178c50b979515b747048f68486077958bb75831
357,30000,54.3,0xe5656eac31167e247b03acfe686b6950a006ba4d,2017-10-28T01:29:43.000Z,0.00181,0x5946f68641f1af174e1d1fb4fab25aa9572cfa62,sell,0x4ceda7906a5ed2179785cd3a40a69ee8bc99c466,0x712ca1bd53bed42f6cb81217848907902448f3c6eadd835a7b2de3a0eacc050b
358,330.44900733,0.59814574818064,0xea8356f5e9b8206eacdc3176b2afecb4f44dd1b8,2017-10-28T01:13:55.000Z,0.0018101000000381512,0xc43e270c1ca449ed03e1c51e93d9475a84458e53,buy,0x4ceda7906a5ed2179785cd3a40a69ee8bc99c466,0x5ce3bcb50f9fa18a37631123b65653a964b25b4a00ebd028dedbd59a5248eda1
359,1150,2.081615,0x592b8b0623b2ec93c82034f34d0b554bb56e19d3,2017-10-28T01:12:27.000Z,0.0018101,0xc43e270c1ca449ed03e1c51e93d9475a84458e53,buy,0x4ceda7906a5ed2179785cd3a40a69ee8bc99c466,0xae237c37f92eeab5bbbf1f2502ff0d03a60ce5e76b3bcb1b7c6ac9fd888c4173
360,1034.886,1.90419024,0xf1520e6f2958f3f28d8d5accc2891d2e4fc37e41,2017-10-28T01:11:35.000Z,0.00184,0x273a5d3e6721b9f5c1a6474f560c1334c63dda01,sell,0x4ceda7906a5ed2179785cd3a40a69ee8bc99c466,0xc8963d6b38dcb8b8f491f174daee9f456ea5c717b8296fe02123b2d60a15807e
361,1038,1.8788838,0x273a5d3e6721b9f5c1a6474f560c1334c63dda01,2017-10-28T01:11:35.000Z,0.0018101,0xc43e270c1ca449ed03e1c51e93d9475a84458e53,buy,0x4ceda7906a5ed2179785cd3a40a69ee8bc99c466,0xc8963d6b38dcb8b8f491f174daee9f456ea5c717b8296fe02123b2d60a15807e
362,4000,7.2404,0xb22d24c4100b9678c4fc07e49a40a5624c83f841,2017-10-28T01:11:27.000Z,0.0018101,0xc43e270c1ca449ed03e1c51e93d9475a84458e53,buy,0x4ceda7906a5ed2179785cd3a40a69ee8bc99c466,0x84b6b7291771bfac20606b0441ef1d7629d0b7355f279947b19776af75b81072
363,450,0.814545,0x592b8b0623b2ec93c82034f34d0b554bb56e19d3,2017-10-28T01:10:44.000Z,0.0018101,0xc43e270c1ca449ed03e1c51e93d9475a84458e53,buy,0x4ceda7906a5ed2179785cd3a40a69ee8bc99c466,0x478cfa9859cdb5fd9be1352f3ac73c2fcb51eba3b3c4a0caf805cf7488348791
364,500,0.9,0x99daacbc6d3cc495519938b1b9ae913a94caa1c1,2017-10-28T01:00:40.000Z,0.0018,0xc43e270c1ca449ed03e1c51e93d9475a84458e53,buy,0x4ceda7906a5ed2179785cd3a40a69ee8bc99c466,0xb1fd7740c883f8ee08cb8d677fb3d62ae1a6ee6a6d9202a08ba2d988d347ad96
365,996.9095803,1.9938191606021374,0x003250a80509ab009fbd49948afe8548e4a0f720,2017-10-28T00:58:00.000Z,0.002000000000002144,0x1eaa18a0e964d346f2b5182be3f97d7aab5145b9,buy,0x4ceda7906a5ed2179785cd3a40a69ee8bc99c466,0xc7b15a8f609655bad9c25e16e530dc4ac63b084dda93d0c7cb6fecc19ad6c9f1
366,0.00000002,0.000000000039630296,0x003250a80509ab009fbd49948afe8548e4a0f720,2017-10-28T00:55:13.000Z,0.0019815148,0xc43e270c1ca449ed03e1c51e93d9475a84458e53,buy,0x4ceda7906a5ed2179785cd3a40a69ee8bc99c466,0xf4bdb49d0e48d0b61047d88b15ff55f7853a0561fe26d8e02b253211b226cdea
367,162,0.29322,0xd2ea382e498316d91b9de8557670149b479721a0,2017-10-28T00:54:15.000Z,0.00181,0xc43e270c1ca449ed03e1c51e93d9475a84458e53,buy,0x4ceda7906a5ed2179785cd3a40a69ee8bc99c466,0xa504d81f38c9f2eac7be5ac843572d2b5ce3075a18ca778ce493176b0a26d1b2
368,39.52108,0.0774613168,0x4dde0e77ea89e5cf65d7d88e4318883bd9377a6e,2017-10-28T00:54:15.000Z,0.00196,0xd2ea382e498316d91b9de8557670149b479721a0,sell,0x4ceda7906a5ed2179785cd3a40a69ee8bc99c466,0x7c59012c709b469dd2f2f1974ee86f8c1972b2e14145c96615abc338d963ebbd
369,161.514,0.2988009,0x20ec8fe549cd5978bccc184efaee20027ed0c154,2017-10-28T00:54:15.000Z,0.00185,0xd2ea382e498316d91b9de8557670149b479721a0,sell,0x4ceda7906a5ed2179785cd3a40a69ee8bc99c466,0xa504d81f38c9f2eac7be5ac843572d2b5ce3075a18ca778ce493176b0a26d1b2
370,39.64,0.0717484,0xd2ea382e498316d91b9de8557670149b479721a0,2017-10-28T00:54:15.000Z,0.00181,0xc43e270c1ca449ed03e1c51e93d9475a84458e53,buy,0x4ceda7906a5ed2179785cd3a40a69ee8bc99c466,0x7c59012c709b469dd2f2f1974ee86f8c1972b2e14145c96615abc338d963ebbd
371,100,0.181,0xd2ea382e498316d91b9de8557670149b479721a0,2017-10-28T00:54:15.000Z,0.00181,0xc43e270c1ca449ed03e1c51e93d9475a84458e53,buy,0x4ceda7906a5ed2179785cd3a40a69ee8bc99c466,0x2ebbbeb86d07ac782597e3b39f6248c3da7ec540650d56da0d008ec756555437
372,99.7,0.18943,0xa723f3a4e817b90f1b0c91e77f85ce7e6da9e71f,2017-10-28T00:54:15.000Z,0.0019,0xd2ea382e498316d91b9de8557670149b479721a0,sell,0x4ceda7906a5ed2179785cd3a40a69ee8bc99c466,0x2ebbbeb86d07ac782597e3b39f6248c3da7ec540650d56da0d008ec756555437
373,0.00019876,0.000000397531484519,0x003250a80509ab009fbd49948afe8548e4a0f720,2017-10-28T00:51:36.000Z,0.0020000577808361843,0x1eaa18a0e964d346f2b5182be3f97d7aab5145b9,buy,0x4ceda7906a5ed2179785cd3a40a69ee8bc99c466,0x7e49f5df50893787391e6ca90090b12637322e6ec162fba1ad2dcb7fb3222c0f
374,250,0.4875,0xd8dc86111e30acded89a41e9cb11dd8fef133b6f,2017-10-28T00:41:00.000Z,0.00195,0x1eaa18a0e964d346f2b5182be3f97d7aab5145b9,sell,0x4ceda7906a5ed2179785cd3a40a69ee8bc99c466,0x769c2530932c3f95bbad90eed0145890eddd1799d6193348b60476187368cc22
375,152,0.29944,0xd8b88fe2b54757b68a25b936850f38199d5f8b0f,2017-10-28T00:39:10.000Z,0.00197,0x1eaa18a0e964d346f2b5182be3f97d7aab5145b9,sell,0x4ceda7906a5ed2179785cd3a40a69ee8bc99c466,0xf37071fb133ef184b54bf924173ea0456788f95008865182f10e0f3eccae7d43
376,1989.93199982,3.979863999642943,0x92edf76eb402a2147b008eb57b2a003b9c869c24,2017-10-28T00:17:31.000Z,0.002000000000001479,0xc43e270c1ca449ed03e1c51e93d9475a84458e53,buy,0x4ceda7906a5ed2179785cd3a40a69ee8bc99c466,0x0c40ae76a1d7618a886f8705709aaf70482af5c2aafc9667ae015442b656133c
377,31.36075484,0.06334841117385763,0x92edf76eb402a2147b008eb57b2a003b9c869c24,2017-10-28T00:02:56.000Z,0.0020199900001468727,0xda896bd9e964386f7343414a646c8ef75d5ae009,buy,0x4ceda7906a5ed2179785cd3a40a69ee8bc99c466,0xbb652e3468d50e91cf08dc921cf1ca2ae546a6024c969b07d7d7e5180e312b67
378,1.97408814,0.003987638321204266,0x003250a80509ab009fbd49948afe8548e4a0f720,2017-10-28T00:01:05.000Z,0.0020199900097694046,0xda896bd9e964386f7343414a646c8ef75d5ae009,buy,0x4ceda7906a5ed2179785cd3a40a69ee8bc99c466,0xa4cd297388a41f42922ffa05a7b847b2781f816a1c48b403c74c4594de7082b6
379,98.70440747,0.19938191606021333,0x22ac195a9720e28efb2adc00e038ed34495e8972,2017-10-27T23:59:05.000Z,0.002019990000150835,0xda896bd9e964386f7343414a646c8ef75d5ae009,buy,0x4ceda7906a5ed2179785cd3a40a69ee8bc99c466,0xc95c942d53bd7abe2c81f18ab17538ca5b5a94883dfa16d42919c4d42d1db015
380,25000,45,0xb09e4b177856c95003e806e2f07ddca38257df6d,2017-10-27T23:46:04.000Z,0.0018,0xaba493dc8ed902064c6e0aa9a01bf81f1c46808a,sell,0x4ceda7906a5ed2179785cd3a40a69ee8bc99c466,0x598fdab2cecd73027f9721717e296d684109b958d35a35d127f1974d416567f5
381,1.25076947,0.000000000000000012,0xc73604d0514ac01e63513d07601e7e98f2f117b4,2017-10-27T23:46:04.000Z,0.00000000000000000959,0x65c34104c1266d5499b9dbb3bfe0e68d5f50b00c,sell,0x4ceda7906a5ed2179785cd3a40a69ee8bc99c466,0x7ddbf6204073e2355c36a2381c9044fdc602061e676094733d10e09ad3af6374
