,amount,amountBase,buyer,date,price,seller,side,tokenAddr,txHash
0,500,0.214,0x5b637f8fa2f6cbc59d8966272c475d0c9a5f78c5,2017-11-02T13:50:13.000Z,0.000428,0xfd814286bf500306a07fa7d9327d0bd75c9e1b8c,sell,0x1c4481750daa5ff521a2a7490d9981ed46465dbd,0x01ee06d483ed62bc6adeba265eb71f9e3697cd74eb18947efc732011feadbd88
1,0.09395997408562673,0.000039463189115963,0xcc33a9e0dccf9fd43e74b2946e969d608356ec72,2017-11-02T13:35:27.000Z,0.0004199999999999976,0x1d0c4ef2825ea5b6f98635349249c031912a1fc4,sell,0x1c4481750daa5ff521a2a7490d9981ed46465dbd,0xa02bf79eff2c0c4ab97ae6d91bec1ac8f75bba95fa933a6aa6778a0cf30057d0
2,1951.266,0.836117481,0x5b637f8fa2f6cbc59d8966272c475d0c9a5f78c5,2017-11-02T13:31:11.000Z,0.0004285,0x4461c9e445efb0162c3b75fc9d1445dfca350ce9,buy,0x1c4481750daa5ff521a2a7490d9981ed46465dbd,0x99a695b24352738a80c2811d967d6d2ed926e79676eeadaff003673522c2f2c8
3,3000,1.285497,0x5b637f8fa2f6cbc59d8966272c475d0c9a5f78c5,2017-11-02T13:30:53.000Z,0.000428499,0x592c6dc01e055c73c938fdd3063356f1044dbb14,buy,0x1c4481750daa5ff521a2a7490d9981ed46465dbd,0x60c347c19df684a9907d3752aed8903c053ac6eaafdf3142145ed9f967ed219d
4,942.5125000529217,0.3958552500222271,0xcc33a9e0dccf9fd43e74b2946e969d608356ec72,2017-11-02T13:22:03.000Z,0.00041999999999999996,0x1d0c4ef2825ea5b6f98635349249c031912a1fc4,sell,0x1c4481750daa5ff521a2a7490d9981ed46465dbd,0x917ce426e944082ffd25cd87180189d739160381ffd020215aea57ed0b6b808e
5,1435,0.59983,0xcc33a9e0dccf9fd43e74b2946e969d608356ec72,2017-11-02T13:13:40.000Z,0.000418,0xce93883bba5998ad82e9f964a550ef04aab2270d,buy,0x1c4481750daa5ff521a2a7490d9981ed46465dbd,0x464406a3b99a3f7f68d9d8ffc88f2a02b71239771623ccb12cfcc0b9a8744d2a
6,1388,0.5946192,0xcc33a9e0dccf9fd43e74b2946e969d608356ec72,2017-11-02T13:13:40.000Z,0.0004284,0x0af93837166270bf4b89fd91dd200da9c92a4e31,buy,0x1c4481750daa5ff521a2a7490d9981ed46465dbd,0x7002f15fb981335bdc85a62be8d1dec3dc1cfac00631f57a289e70d4aad2ca4e
7,500,0.201,0x2234a8d6cddbb0b9cb5d3ca5d5faacd5b3c716c8,2017-11-02T13:08:22.000Z,0.000402,0x4461c9e445efb0162c3b75fc9d1445dfca350ce9,sell,0x1c4481750daa5ff521a2a7490d9981ed46465dbd,0x972528d69d2f9b742e22f012fb8d7ce6f660df17f5f3e7dbe543099c97eebf16
8,500,0.201,0x2234a8d6cddbb0b9cb5d3ca5d5faacd5b3c716c8,2017-11-02T12:58:32.000Z,0.000402,0x4461c9e445efb0162c3b75fc9d1445dfca350ce9,sell,0x1c4481750daa5ff521a2a7490d9981ed46465dbd,0x5ab01e28c49afb2af9bfa6a4053b3e909eb491572bb1f8bb567704ed058c8446
9,793.353581896122,0.33320850439637123,0xf21f44628a863c79bdf8dea362401b56b1bac97f,2017-11-02T12:24:05.000Z,0.00041999999999999996,0x4461c9e445efb0162c3b75fc9d1445dfca350ce9,sell,0x1c4481750daa5ff521a2a7490d9981ed46465dbd,0xb75ca31e3028cd565d0509f6656429dfbcd71bd036f526420b94dc67ecb6955c
10,2500,1.0125025,0x592c6dc01e055c73c938fdd3063356f1044dbb14,2017-11-02T12:20:17.000Z,0.000405001,0xbc1845a864aa2a7ba7513bc6837ff7d66ec191c4,sell,0x1c4481750daa5ff521a2a7490d9981ed46465dbd,0x039c093fe1e56058efa26a39c1d267519e04ddf3fcbcecfa6ff1b7aa6c895aec
11,1388,0.56214,0x0af93837166270bf4b89fd91dd200da9c92a4e31,2017-11-02T11:48:54.000Z,0.000405,0x8100ee1d925f24075fbff05e6354b7db2f6c1444,sell,0x1c4481750daa5ff521a2a7490d9981ed46465dbd,0x4e09961db7ca638a3a0ae527c4ed76e3b761f551c1b7b88b81c80958f7e4de8e
12,1500,0.6225,0xf21f44628a863c79bdf8dea362401b56b1bac97f,2017-11-02T11:45:53.000Z,0.000415,0x8100ee1d925f24075fbff05e6354b7db2f6c1444,sell,0x1c4481750daa5ff521a2a7490d9981ed46465dbd,0x0ab5b6d8932aeae6447b94978d617b11f0eda3e5abfc1f35743bdaac59d14249
13,1000,0.420001,0x592c6dc01e055c73c938fdd3063356f1044dbb14,2017-11-02T11:45:41.000Z,0.000420001,0x8100ee1d925f24075fbff05e6354b7db2f6c1444,sell,0x1c4481750daa5ff521a2a7490d9981ed46465dbd,0xba10f5746753264f3b6cb713e8014d1b210ab385d70f358eadf8defc1ffdd57f
14,80,0.0336,0xf21f44628a863c79bdf8dea362401b56b1bac97f,2017-11-02T09:42:13.000Z,0.00042,0x54409c45877a9877a724bdfc941dd5a16ac0f0c8,sell,0x1c4481750daa5ff521a2a7490d9981ed46465dbd,0x1e243101637e57d280928d8fa407d3d4417a74a4cf0e96de9fa40f5d6d71d715
15,2000,0.840002,0x592c6dc01e055c73c938fdd3063356f1044dbb14,2017-11-02T09:40:07.000Z,0.000420001,0x54409c45877a9877a724bdfc941dd5a16ac0f0c8,sell,0x1c4481750daa5ff521a2a7490d9981ed46465dbd,0x4cf96ee88ba5f8c71c3bcde94eda519bd84325cadb5258ad7b11e77bd80e0caa
16,3126.646418103878,1.3131914956036288,0xf21f44628a863c79bdf8dea362401b56b1bac97f,2017-11-02T08:57:59.000Z,0.00041999999999999996,0xc1cad6df277106222dd45cf5b0300fbd4d1193d5,sell,0x1c4481750daa5ff521a2a7490d9981ed46465dbd,0x99076bfb9e66b6652cfc725662feab905ea99de709539cae26d6eb6adb8118c4
17,3891.839,1.657923414,0xf21f44628a863c79bdf8dea362401b56b1bac97f,2017-11-02T08:56:18.000Z,0.000426,0xc1cad6df277106222dd45cf5b0300fbd4d1193d5,sell,0x1c4481750daa5ff521a2a7490d9981ed46465dbd,0x45bf5acf1837bc8144fae7b9672e39653700f26c6b33251c5dafe5c8f2daf64e
18,308.1607923402759,0.13127649753695753,0xf21f44628a863c79bdf8dea362401b56b1bac97f,2017-11-02T08:51:25.000Z,0.000426,0x03e755c4ae17365474da0695d82eb12367815196,sell,0x1c4481750daa5ff521a2a7490d9981ed46465dbd,0x4109d2c88f2fe474cc135452f06dc2638ad12d2b6fd7d1bfc13676a2fbf21e2d
19,3500,1.498,0xf21f44628a863c79bdf8dea362401b56b1bac97f,2017-11-02T08:31:18.000Z,0.000428,0x54409c45877a9877a724bdfc941dd5a16ac0f0c8,sell,0x1c4481750daa5ff521a2a7490d9981ed46465dbd,0xbd42ea3e4152e4a29dc6c7cfae1299d66154e0dcac8d802acb2528f4dc7cc3bc
20,3500,1.505,0xf21f44628a863c79bdf8dea362401b56b1bac97f,2017-11-02T08:24:21.000Z,0.00043,0xc1cad6df277106222dd45cf5b0300fbd4d1193d5,sell,0x1c4481750daa5ff521a2a7490d9981ed46465dbd,0x68ec2ca2d00fdc3d41ab5988911bc8422535f870b2313bef989b7db9746b1c72
21,4386.487,1.88627713974,0x592c6dc01e055c73c938fdd3063356f1044dbb14,2017-11-02T08:23:14.000Z,0.00043002,0xc1cad6df277106222dd45cf5b0300fbd4d1193d5,sell,0x1c4481750daa5ff521a2a7490d9981ed46465dbd,0x9a25e902dccf648915aa1510cefe37a21653db34962cbc9e828382d1a1190ecc
22,800,0.3559992,0x592c6dc01e055c73c938fdd3063356f1044dbb14,2017-11-02T07:59:57.000Z,0.000444999,0x54409c45877a9877a724bdfc941dd5a16ac0f0c8,buy,0x1c4481750daa5ff521a2a7490d9981ed46465dbd,0xf54ba4e30d3fd68a555778179235f749d3774a9ad1e45d13cadca0f893959c01
23,1.0869588846932277,0.0005,0x4fda9e6bcd83af6c5cc771b5d20accc2b7720074,2017-11-02T07:36:08.000Z,0.000459999,0x592c6dc01e055c73c938fdd3063356f1044dbb14,buy,0x1c4481750daa5ff521a2a7490d9981ed46465dbd,0xb752ebcca281a3bd1526f8181f31fb59ac2911a2204389f2fbeea86e40c549ee
24,1.0869588846932277,0.0005,0x3075f7f189912f4f425dd7021b9c396434197477,2017-11-02T07:34:05.000Z,0.000459999,0x592c6dc01e055c73c938fdd3063356f1044dbb14,buy,0x1c4481750daa5ff521a2a7490d9981ed46465dbd,0x28666a15b6c3c9bc2373d92442cdbbf0559e0dfad05d674b8d2cd91b78883057
25,2100,0.924042,0x4022993399c3440843df61eea54dd2be61a05e82,2017-11-02T06:45:35.000Z,0.00044002,0x592c6dc01e055c73c938fdd3063356f1044dbb14,sell,0x1c4481750daa5ff521a2a7490d9981ed46465dbd,0x9d1e2f194f58abbe058721285a263e81d15891541e1beb934d6cd632f4b7dba8
26,7000,3.080147,0x592c6dc01e055c73c938fdd3063356f1044dbb14,2017-11-02T06:43:22.000Z,0.000440021,0xbc1845a864aa2a7ba7513bc6837ff7d66ec191c4,sell,0x1c4481750daa5ff521a2a7490d9981ed46465dbd,0xdcd1864ea76ee611794ee74008f76f9125d89e51e24dd939285a0a0d8cde7d60
27,6495,3.0091335,0x4022993399c3440843df61eea54dd2be61a05e82,2017-11-02T06:18:09.000Z,0.0004633,0x592c6dc01e055c73c938fdd3063356f1044dbb14,buy,0x1c4481750daa5ff521a2a7490d9981ed46465dbd,0x12e886478fd373f468472a629921fd303073bb325c761339a9790d62c7380b8d
28,600,0.26718,0x592c6dc01e055c73c938fdd3063356f1044dbb14,2017-11-02T05:14:23.000Z,0.0004453,0x54409c45877a9877a724bdfc941dd5a16ac0f0c8,buy,0x1c4481750daa5ff521a2a7490d9981ed46465dbd,0x7228a971f4364076bdb000b05f1aaf8a2b22824eefe4dd4003480d181b360caa
29,500,0.22165,0x592c6dc01e055c73c938fdd3063356f1044dbb14,2017-11-02T04:28:30.000Z,0.0004433,0x54409c45877a9877a724bdfc941dd5a16ac0f0c8,buy,0x1c4481750daa5ff521a2a7490d9981ed46465dbd,0xfc494627f89508b72582e047e999df31c5ca9c01b2f255b7c726be2823e93162
30,0.11099608141574495,0.000047730534930398,0x592c6dc01e055c73c938fdd3063356f1044dbb14,2017-11-02T03:51:09.000Z,0.00043001999999999423,0x7837ff6026d4aa9e63d5c3cf1964cdc6d4e02743,sell,0x1c4481750daa5ff521a2a7490d9981ed46465dbd,0xc4e577ee3ab7fee5b65654db0f8d9bb5f34459528b70997a087f8c8dcb7410fb
31,1113.4016926813376,0.47878499588682877,0x592c6dc01e055c73c938fdd3063356f1044dbb14,2017-11-02T03:49:50.000Z,0.00043002,0x7837ff6026d4aa9e63d5c3cf1964cdc6d4e02743,sell,0x1c4481750daa5ff521a2a7490d9981ed46465dbd,0x89746aaa897d2520a816bcffc4dc6f24a80353a3b20f22bbf0e534d3e0039384
32,2000,0.876,0x6f017ddd10f1f0abfd4e598d45471352c6471c53,2017-11-02T03:44:00.000Z,0.000438,0x01bad82ac04051da6f2fa65915eacfb73f4cf223,sell,0x1c4481750daa5ff521a2a7490d9981ed46465dbd,0xb29f6291bccbf5616ea4dc338466df4a072b139637fac63f85447cd11685a553
33,742.822,0.33055579,0x6f017ddd10f1f0abfd4e598d45471352c6471c53,2017-11-02T03:37:47.000Z,0.000445,0x01bad82ac04051da6f2fa65915eacfb73f4cf223,sell,0x1c4481750daa5ff521a2a7490d9981ed46465dbd,0x236d0b9f994ab47b083bf46b04598d925077522f54e89117a7d3d1a6fcbf18dc
34,1257.177690378946,0.559444072218631,0x6f017ddd10f1f0abfd4e598d45471352c6471c53,2017-11-02T03:24:09.000Z,0.000445,0x55dec70a47eae12032d85f375a8031b020f63488,sell,0x1c4481750daa5ff521a2a7490d9981ed46465dbd,0x3a5b748afa93a053ef1a69520ff333dea0a27f201aa466949f1de4c7a7ddd45f
35,500,0.21501,0x592c6dc01e055c73c938fdd3063356f1044dbb14,2017-11-02T02:08:37.000Z,0.00043002,0x54409c45877a9877a724bdfc941dd5a16ac0f0c8,sell,0x1c4481750daa5ff521a2a7490d9981ed46465dbd,0xa95f3fc7823d94cab29149b749136a8573c2b701953d4b1c284f9678d2b0849d
36,1780.898,0.7661423196,0x592c6dc01e055c73c938fdd3063356f1044dbb14,2017-11-02T01:34:23.000Z,0.0004302,0x03c0974e0d234079280b2f9e38b10647f0a5ef86,sell,0x1c4481750daa5ff521a2a7490d9981ed46465dbd,0xa77c0530c6706e419aa8d0d56d7ddf7b5700e7e92d914ee68c1a2e9ddda1917d
37,1,0.00047333,0xed2ca7381d82f8fb9bcc54ea6ab6526e35aece25,2017-11-02T00:20:41.000Z,0.00047333,0xb75f71de00919176b72a62aad464952b481ab60f,buy,0x1c4481750daa5ff521a2a7490d9981ed46465dbd,0xa23e4182e0b122b0a610de3db50aba9df85ddd47345f55c747464ef3ad5c5e24
38,7000,3.31331,0xe7c298ed82346bbb83b58b90badd331ce371c030,2017-11-02T00:09:15.000Z,0.00047333,0xb75f71de00919176b72a62aad464952b481ab60f,buy,0x1c4481750daa5ff521a2a7490d9981ed46465dbd,0x8f25580db05c5f833a18918c86180c499ec40737a88b5cbcc2a6c8526a900778
39,2800,1.20428,0xcd371e6ee9dbc386f85b8eab0c9711368d404618,2017-11-02T00:07:06.000Z,0.0004301,0xb75f71de00919176b72a62aad464952b481ab60f,sell,0x1c4481750daa5ff521a2a7490d9981ed46465dbd,0x632834fa823254a2e08ab8b086d49d81e1aeb1bcd255eb81d9e8765857676c66
40,1728.3731154992995,0.7435461142877987,0x592c6dc01e055c73c938fdd3063356f1044dbb14,2017-11-01T22:59:04.000Z,0.0004302,0x68198f5253f24b73e9aae42058aae07fbae74680,sell,0x1c4481750daa5ff521a2a7490d9981ed46465dbd,0x6ccca363da8c1cf6ac13f0d8b8964997f64e46906f446565114ebaa5d730afca
41,2490.7287409032,1.0715115043365566,0x592c6dc01e055c73c938fdd3063356f1044dbb14,2017-11-01T22:46:55.000Z,0.0004302,0xcb87b56a7000130f638bdb38ca1c3d5307af3bd0,sell,0x1c4481750daa5ff521a2a7490d9981ed46465dbd,0x3fda789e2ede1bd39122b21a4823f319bb311191a10094e3c6664eb79a5ef8ff
42,1000,0.47479,0xcb87b56a7000130f638bdb38ca1c3d5307af3bd0,2017-11-01T21:47:47.000Z,0.00047479,0x03e755c4ae17365474da0695d82eb12367815196,buy,0x1c4481750daa5ff521a2a7490d9981ed46465dbd,0x96c9d44ef88f7a1d4d15cf763c77f4edbf0e83b010ea1a86d17e7a4b3e1f740f
43,498.45,0.2362653,0xcb87b56a7000130f638bdb38ca1c3d5307af3bd0,2017-11-01T21:45:51.000Z,0.000474,0xf01bddaf7a9dc5f7382a9385aba23d546ee8f5ff,buy,0x1c4481750daa5ff521a2a7490d9981ed46465dbd,0x3f6b8196fa0cfac992473f565c030290b00a6e1b83a7643a18b81ad78366119c
44,1000,0.474789,0xcb87b56a7000130f638bdb38ca1c3d5307af3bd0,2017-11-01T21:45:51.000Z,0.000474789,0x03e755c4ae17365474da0695d82eb12367815196,buy,0x1c4481750daa5ff521a2a7490d9981ed46465dbd,0xd673ae88ec03a37b34fe05da04d13931c793cfde41889377db8c1e563bfd9456
45,498.45479015053337,0.2123417406041272,0xf01bddaf7a9dc5f7382a9385aba23d546ee8f5ff,2017-11-01T21:38:41.000Z,0.000426,0xe23823ddec0d4263fc9f96a853a376e0c5cbcf0b,sell,0x1c4481750daa5ff521a2a7490d9981ed46465dbd,0x896b6dd4509047f3fb77e766434e7d1501cf40d312c4599573b7b53a6091990d
46,14825,7.02705,0x4022993399c3440843df61eea54dd2be61a05e82,2017-11-01T21:02:15.000Z,0.000474,0xd3e0af2fd0be2b6148916ab295d365c8f6fea179,buy,0x1c4481750daa5ff521a2a7490d9981ed46465dbd,0x1072277a9188474bcd00828134598e22dfb78a89678f8816eb0604394e9ca9dc
47,2900,1.363,0x4022993399c3440843df61eea54dd2be61a05e82,2017-11-01T21:02:15.000Z,0.00047,0x0af93837166270bf4b89fd91dd200da9c92a4e31,buy,0x1c4481750daa5ff521a2a7490d9981ed46465dbd,0x310e21fd304774ebb6567fd897953e0dc43a57806558cb201fc7e1d343ec3dae
48,2166,0.983364,0x4022993399c3440843df61eea54dd2be61a05e82,2017-11-01T21:02:15.000Z,0.000454,0x592c6dc01e055c73c938fdd3063356f1044dbb14,buy,0x1c4481750daa5ff521a2a7490d9981ed46465dbd,0x9d3c27da9a66793fd062858fc8f31d771ddae6cc84fee43df150047ed7db5498
49,2000,0.908,0x2c71d3cb2ae1d6ec5dd9e91d6efde9f0c57cabe9,2017-11-01T20:45:50.000Z,0.000454,0x592c6dc01e055c73c938fdd3063356f1044dbb14,buy,0x1c4481750daa5ff521a2a7490d9981ed46465dbd,0x31f4532e5388b73913ca39afbd7b75ade8b679b652ba506e240c593e324569ce
50,1,0.000454,0xe2b48b3dd0b33283b4802e63e65518f27e635054,2017-11-01T20:38:59.000Z,0.000454,0x592c6dc01e055c73c938fdd3063356f1044dbb14,buy,0x1c4481750daa5ff521a2a7490d9981ed46465dbd,0xbcceae4e1fc8f204a105586ba41316e329d98fac7ab97eb5de37ebf547c5b438
51,1,0.000454,0x94b0bf6dd676f7b4884557735945b927535fd822,2017-11-01T20:38:30.000Z,0.000454,0x592c6dc01e055c73c938fdd3063356f1044dbb14,buy,0x1c4481750daa5ff521a2a7490d9981ed46465dbd,0x76516f3c596938bb07bb7f64a7e3877979c591c3f001c46ad7011f1f4d442aba
52,500,0.21,0xa9e4996c84aba9910121339084172b2dcf346b35,2017-11-01T19:09:05.000Z,0.00042,0x03e755c4ae17365474da0695d82eb12367815196,sell,0x1c4481750daa5ff521a2a7490d9981ed46465dbd,0x357bd6df960451bab494f5c4f06c7fcc9c7cbe9a767dcf81ac9e931c8da353d8
53,500,0.21,0xa9e4996c84aba9910121339084172b2dcf346b35,2017-11-01T19:08:56.000Z,0.00042,0x03e755c4ae17365474da0695d82eb12367815196,sell,0x1c4481750daa5ff521a2a7490d9981ed46465dbd,0x7d12a8256600c8e45ca46b8c23eb92eb8c259e2d903e38f74d480376da8adb2d
54,1200,0.53256,0x2234a8d6cddbb0b9cb5d3ca5d5faacd5b3c716c8,2017-11-01T19:03:49.000Z,0.0004438,0x03e755c4ae17365474da0695d82eb12367815196,sell,0x1c4481750daa5ff521a2a7490d9981ed46465dbd,0x1e30517bb91ca7b3a5f8c3c6bf5a7fc9b886556bb6acd002827532b08a4edf56
55,800,0.3552,0xcc33a9e0dccf9fd43e74b2946e969d608356ec72,2017-11-01T19:03:40.000Z,0.000444,0x03e755c4ae17365474da0695d82eb12367815196,sell,0x1c4481750daa5ff521a2a7490d9981ed46465dbd,0x2761be2053bf63f8bccf783b6585d542a4671a6be07fdf3d777de9eea94ef4e9
56,800,0.36416,0xcc33a9e0dccf9fd43e74b2946e969d608356ec72,2017-11-01T19:02:39.000Z,0.0004552,0x03e755c4ae17365474da0695d82eb12367815196,sell,0x1c4481750daa5ff521a2a7490d9981ed46465dbd,0x61821996e0b4d147fad7ed2bb207522b8af528a25eafac2f3082af2771243aa3
57,7.107965307546605,0.003261134483102382,0x5b637f8fa2f6cbc59d8966272c475d0c9a5f78c5,2017-11-01T19:02:03.000Z,0.00045879999999999993,0x03e755c4ae17365474da0695d82eb12367815196,sell,0x1c4481750daa5ff521a2a7490d9981ed46465dbd,0x20c8089bf6b63b5029055011eacf8284d7bb8668a5fcbe2dc601fb59b54338b4
58,459.54,0.209182608,0xcc33a9e0dccf9fd43e74b2946e969d608356ec72,2017-11-01T19:02:03.000Z,0.0004552,0x03e755c4ae17365474da0695d82eb12367815196,sell,0x1c4481750daa5ff521a2a7490d9981ed46465dbd,0x654894a22e046d29aeb967667c3208819bb50f02b873efde145813106aa55298
59,1540.4596094605374,0.7012172142264367,0xcc33a9e0dccf9fd43e74b2946e969d608356ec72,2017-11-01T18:55:37.000Z,0.0004552,0xcb905422f21f848887a5c6f320ac4570476ea01f,sell,0x1c4481750daa5ff521a2a7490d9981ed46465dbd,0xf5e6cd98c4986e38e8de8a764a0859655d3a77db5913c3e3b115a5af9739b6ba
60,2292.8920346924533,1.0519788655168976,0x5b637f8fa2f6cbc59d8966272c475d0c9a5f78c5,2017-11-01T18:20:37.000Z,0.0004588,0xede47fcbb7372ce1282f9ebe5f7f50727579e45f,sell,0x1c4481750daa5ff521a2a7490d9981ed46465dbd,0x542d7de95dc2c7358f16d1a10ec37574fc33329994dac04269204bba47ff1764
61,714.1265481980585,0.33563947765308744,0xcb905422f21f848887a5c6f320ac4570476ea01f,2017-11-01T18:10:45.000Z,0.00047,0x68198f5253f24b73e9aae42058aae07fbae74680,sell,0x1c4481750daa5ff521a2a7490d9981ed46465dbd,0x02acc04fef2ec080668f908b4ba07a9d5d65570a180340a655a0c2cd154b5478
62,831.1084860518067,0.3947765308746082,0xcb905422f21f848887a5c6f320ac4570476ea01f,2017-11-01T18:04:38.000Z,0.000475,0x592c6dc01e055c73c938fdd3063356f1044dbb14,buy,0x1c4481750daa5ff521a2a7490d9981ed46465dbd,0x56318a7f0449537410fcca25d275dd4ceec60bed4277a96138ed51f9245b4276
63,175,0.0854,0x6571fef91fbfdb7fcb9bbeacf8579f69b21ba60d,2017-11-01T17:35:54.000Z,0.000488,0xd3e0af2fd0be2b6148916ab295d365c8f6fea179,buy,0x1c4481750daa5ff521a2a7490d9981ed46465dbd,0x0c3c9b8e1bd16f5055634dcb5673557502b1d63e8bae24449dade58d74ffc2b2
64,929.867,0.435177756,0xcc33a9e0dccf9fd43e74b2946e969d608356ec72,2017-11-01T17:34:14.000Z,0.000468,0x55dec70a47eae12032d85f375a8031b020f63488,sell,0x1c4481750daa5ff521a2a7490d9981ed46465dbd,0x87181e92d4c948b037cb12cb5468e43f1ab718152682b11c2b878337e2c2b472
65,1570.13258897418,0.7348220516399162,0xcc33a9e0dccf9fd43e74b2946e969d608356ec72,2017-11-01T17:26:38.000Z,0.000468,0xe32ad7583dcb633c3971f1d3bac822ef4cb171c8,sell,0x1c4481750daa5ff521a2a7490d9981ed46465dbd,0x7114f9d3eb7a895b2da089a5e770aa73133daec1f0ef29807dbda6027c75ce84
66,500,0.235,0xcc33a9e0dccf9fd43e74b2946e969d608356ec72,2017-11-01T16:45:44.000Z,0.00047,0x55dec70a47eae12032d85f375a8031b020f63488,sell,0x1c4481750daa5ff521a2a7490d9981ed46465dbd,0x7ae78df3fe814fedfceb2ec3fdb4e541a69c893b01d464b3c481400a244dd692
67,800,0.3816,0x5b637f8fa2f6cbc59d8966272c475d0c9a5f78c5,2017-11-01T16:44:16.000Z,0.000477,0x55dec70a47eae12032d85f375a8031b020f63488,sell,0x1c4481750daa5ff521a2a7490d9981ed46465dbd,0xfc19d3afd56181824619eb7ca8003b89a81587b66f1d8af305a52ac0e84bc221
68,1000,0.4777,0x5b637f8fa2f6cbc59d8966272c475d0c9a5f78c5,2017-11-01T16:30:04.000Z,0.0004777,0x5c44f3dd2bf7f49e99b79faeebe770124aaad23c,sell,0x1c4481750daa5ff521a2a7490d9981ed46465dbd,0x1d4c2e835e8c51e35c629a8e87cfd41defb621ebc989d52fdbeaaee3117dda22
69,1200,0.576,0x5b637f8fa2f6cbc59d8966272c475d0c9a5f78c5,2017-11-01T16:29:59.000Z,0.00048,0x5c44f3dd2bf7f49e99b79faeebe770124aaad23c,sell,0x1c4481750daa5ff521a2a7490d9981ed46465dbd,0x8c02abe171d5c35cd0199ac842bd857faf661da91963b4ffe07391541f66c058
70,3897.459,1.9483397541,0xbfb32912d4bcf53f892312d89c0af1b5893498dd,2017-11-01T16:26:30.000Z,0.0004999,0x7837ff6026d4aa9e63d5c3cf1964cdc6d4e02743,sell,0x1c4481750daa5ff521a2a7490d9981ed46465dbd,0x5e65c827e4cdf07243ea0038343fd0245d570ef146622b27ed90e4640201b1d0
71,2401.7515701325888,1.2008757850662946,0x5b637f8fa2f6cbc59d8966272c475d0c9a5f78c5,2017-11-01T16:24:10.000Z,0.0005,0x7837ff6026d4aa9e63d5c3cf1964cdc6d4e02743,sell,0x1c4481750daa5ff521a2a7490d9981ed46465dbd,0x4219ff68f584850a1c2f9529e8e7d1e8c7f3f5c1052393a63f204bd047dbc4c9
72,1598.248429867411,0.7991242149337056,0x5b637f8fa2f6cbc59d8966272c475d0c9a5f78c5,2017-11-01T16:18:51.000Z,0.0005,0x9e0f23d7f75f7e55934156dfa1c5437440a1d363,sell,0x1c4481750daa5ff521a2a7490d9981ed46465dbd,0xe58db3a6f655f066214384c7903dec5ab792defb85ae558b3dbdbf83d9969eec
73,1200,0.60096,0xbfb32912d4bcf53f892312d89c0af1b5893498dd,2017-11-01T16:09:32.000Z,0.0005008,0x0bab53e9de3abba1aa4c726e3a719071a9b150d5,sell,0x1c4481750daa5ff521a2a7490d9981ed46465dbd,0xae76f1e0e3f2384e2bdb3ae580256bbae25ff57c7e464bde900049f45b43a4e7
74,700,0.364,0xcc33a9e0dccf9fd43e74b2946e969d608356ec72,2017-11-01T15:58:25.000Z,0.00052,0x9e0f23d7f75f7e55934156dfa1c5437440a1d363,sell,0x1c4481750daa5ff521a2a7490d9981ed46465dbd,0xd6c5fff5d3a3c884bbb7025a5a11cad7b017153f4c4d8c6ea720e075578ce860
75,1200,0.6132,0xbfb32912d4bcf53f892312d89c0af1b5893498dd,2017-11-01T15:52:59.000Z,0.000511,0x9e0f23d7f75f7e55934156dfa1c5437440a1d363,sell,0x1c4481750daa5ff521a2a7490d9981ed46465dbd,0x60518e8fce43867389c76f36a1b7748a56469c203d0808b4c70b0e17c4e685a1
76,3000,1.5375,0xbfb32912d4bcf53f892312d89c0af1b5893498dd,2017-11-01T15:52:31.000Z,0.0005125,0x9e0f23d7f75f7e55934156dfa1c5437440a1d363,sell,0x1c4481750daa5ff521a2a7490d9981ed46465dbd,0x7f5869f5ea8323d3d1093ec641071c8a733e005480642651e994674aeb6a63ba
77,800,0.324,0x2234a8d6cddbb0b9cb5d3ca5d5faacd5b3c716c8,2017-11-01T15:46:39.000Z,0.000405,0x9e0f23d7f75f7e55934156dfa1c5437440a1d363,sell,0x1c4481750daa5ff521a2a7490d9981ed46465dbd,0x80e01cca67927bed0be5d7784fe87f112de37736c572fce988116efbe4ce7302
78,750,0.30435,0x2234a8d6cddbb0b9cb5d3ca5d5faacd5b3c716c8,2017-11-01T15:46:26.000Z,0.0004058,0x9e0f23d7f75f7e55934156dfa1c5437440a1d363,sell,0x1c4481750daa5ff521a2a7490d9981ed46465dbd,0x9b6c961e559ed8be541831a338bfc51e629064056b4f4061516e8b747ecd57c4
79,2451.3243168806807,1.2722128072179044,0x3c2919c567ae1568c629ef8fae19d66a07da978b,2017-11-01T15:44:55.000Z,0.00051899,0x6f017ddd10f1f0abfd4e598d45471352c6471c53,buy,0x1c4481750daa5ff521a2a7490d9981ed46465dbd,0x862f1d00d4941ad1f848a9b8659ee59f227cc259eb77918c3ed2f1d409128eb1
80,20000,9.9998,0x3c2919c567ae1568c629ef8fae19d66a07da978b,2017-11-01T15:43:42.000Z,0.00049999,0x6f017ddd10f1f0abfd4e598d45471352c6471c53,buy,0x1c4481750daa5ff521a2a7490d9981ed46465dbd,0x13d8fb9d05d44944118abd248b119d976e2591e3dba2017fd0cd7c500d8fcefb
81,7995,3.59775,0x3c2919c567ae1568c629ef8fae19d66a07da978b,2017-11-01T15:43:24.000Z,0.00045,0x7a7a1bf6d0e9c4b991ee4bf13b5d7565597690d6,buy,0x1c4481750daa5ff521a2a7490d9981ed46465dbd,0x92b5f4a20306cc3c68ccf08a5a479d3844087b260853547baf735ac730a34c4a
82,15000,6.75,0x3c2919c567ae1568c629ef8fae19d66a07da978b,2017-11-01T15:43:24.000Z,0.00045,0x6f017ddd10f1f0abfd4e598d45471352c6471c53,buy,0x1c4481750daa5ff521a2a7490d9981ed46465dbd,0x1c958193a8911826ac62335a6496a033f289647ced05a16566f74afc5c340c6f
83,4700,1.9364,0x3c2919c567ae1568c629ef8fae19d66a07da978b,2017-11-01T15:42:04.000Z,0.000412,0x3a5ca52299041fd2271cd58c229795bca54a0481,buy,0x1c4481750daa5ff521a2a7490d9981ed46465dbd,0x0ed636ed4e4e27070d07068ce677b88833332fac12d6f1931314b3d87a2cf222
84,3000,1.221,0x3c2919c567ae1568c629ef8fae19d66a07da978b,2017-11-01T15:42:02.000Z,0.000407,0x11d22bd50a6b44880479e41ad18f64da99cd94bc,buy,0x1c4481750daa5ff521a2a7490d9981ed46465dbd,0x06a794f073b4a35e4d146e14a067643c629d05e474ee8e3c94571e18ef1525e9
85,982,0.398692,0x3c2919c567ae1568c629ef8fae19d66a07da978b,2017-11-01T15:41:21.000Z,0.000406,0x6786af0a49543da5f3c879c33639fda2546fda33,buy,0x1c4481750daa5ff521a2a7490d9981ed46465dbd,0x36e8678b9bdb58125c1977cb4b66ec110d59abf9aad6642e8b26c4a13fe384a8
86,5499,2.23259399994501,0x3c2919c567ae1568c629ef8fae19d66a07da978b,2017-11-01T15:41:14.000Z,0.00040599999999,0x3ec6732676db7996c1b34e64b0503f941025cb63,buy,0x1c4481750daa5ff521a2a7490d9981ed46465dbd,0x5ee69d6ab7a0fd37302851eba02fa20a7d970b787e5406bfab0ed3dcb56c2b36
87,1,0.00040599999999,0x422d7c1f2f04e7582163d1381a436516f4de3c2a,2017-11-01T15:39:56.000Z,0.00040599999999,0x3ec6732676db7996c1b34e64b0503f941025cb63,buy,0x1c4481750daa5ff521a2a7490d9981ed46465dbd,0x5c24d376e09f9461fd1a053cf7efc943844c0d5e619e8c3fd7ad2bd5fa77fa8c
88,4000,1.624,0x3c2919c567ae1568c629ef8fae19d66a07da978b,2017-11-01T15:38:51.000Z,0.000406,0x0bab53e9de3abba1aa4c726e3a719071a9b150d5,sell,0x1c4481750daa5ff521a2a7490d9981ed46465dbd,0x4b6621e1204e8d6d0ea24ede843cc6593b34993618b639138b1ee795eb5eab44
89,500,0.201,0x2234a8d6cddbb0b9cb5d3ca5d5faacd5b3c716c8,2017-11-01T15:36:46.000Z,0.000402,0x0bab53e9de3abba1aa4c726e3a719071a9b150d5,sell,0x1c4481750daa5ff521a2a7490d9981ed46465dbd,0xe49d24fede625d18f794b4ac01609364423a97c727eb5ef35ea4d98256b01c83
90,6693.753543828572,2.7176639387944004,0x3c2919c567ae1568c629ef8fae19d66a07da978b,2017-11-01T15:35:46.000Z,0.000406,0x7dc04e2782f3bdbb4836ccb3e10d5a2b3541494b,sell,0x1c4481750daa5ff521a2a7490d9981ed46465dbd,0x02641cda020b98f5eae9d21c03c75c64d3bf4738fa896e56a5f31c47841316ae
91,829.504,0.336778624,0x3c2919c567ae1568c629ef8fae19d66a07da978b,2017-11-01T15:35:03.000Z,0.000406,0x273a5d3e6721b9f5c1a6474f560c1334c63dda01,sell,0x1c4481750daa5ff521a2a7490d9981ed46465dbd,0x1081f9c0b4923873150f160a3047b65f664797a050462151ecd80e699a05f5a8
92,4536.14850720011,1.8144548667315366,0x273a5d3e6721b9f5c1a6474f560c1334c63dda01,2017-11-01T15:35:03.000Z,0.000399999,0x592c6dc01e055c73c938fdd3063356f1044dbb14,buy,0x1c4481750daa5ff521a2a7490d9981ed46465dbd,0xc347aadef4a784c3aab1ee515660369e4b31d4c7faab76ae631d1b4a4efb8546
93,832,0.3317184,0x273a5d3e6721b9f5c1a6474f560c1334c63dda01,2017-11-01T15:35:03.000Z,0.0003987,0xf28ed72c7340438dc609c9b1d609966f9b9b20e8,buy,0x1c4481750daa5ff521a2a7490d9981ed46465dbd,0x1081f9c0b4923873150f160a3047b65f664797a050462151ecd80e699a05f5a8
94,4522.540061678509,1.8361512650414746,0x3c2919c567ae1568c629ef8fae19d66a07da978b,2017-11-01T15:35:03.000Z,0.000406,0x273a5d3e6721b9f5c1a6474f560c1334c63dda01,sell,0x1c4481750daa5ff521a2a7490d9981ed46465dbd,0xc347aadef4a784c3aab1ee515660369e4b31d4c7faab76ae631d1b4a4efb8546
95,5000,2,0x273a5d3e6721b9f5c1a6474f560c1334c63dda01,2017-11-01T15:34:38.000Z,0.0004,0x24c3b9e05ae76f055fdd2624f2bc9521416c39d6,buy,0x1c4481750daa5ff521a2a7490d9981ed46465dbd,0xf7984c23a2e7a0e985832844d685b551cce4f5582e36a62f44a89a6eb6773e3c
96,10000,3.5,0x273a5d3e6721b9f5c1a6474f560c1334c63dda01,2017-11-01T15:34:38.000Z,0.00035,0xe727503cb14efc1e3aafce09a223ba7fe8857be8,buy,0x1c4481750daa5ff521a2a7490d9981ed46465dbd,0x40737077c9e1e9fb292f0821abc84451746fca87f287594ba3fc14643848344e
97,4985,2.02391,0x3c2919c567ae1568c629ef8fae19d66a07da978b,2017-11-01T15:34:38.000Z,0.000406,0x273a5d3e6721b9f5c1a6474f560c1334c63dda01,sell,0x1c4481750daa5ff521a2a7490d9981ed46465dbd,0xf7984c23a2e7a0e985832844d685b551cce4f5582e36a62f44a89a6eb6773e3c
98,7000,2.73,0x273a5d3e6721b9f5c1a6474f560c1334c63dda01,2017-11-01T15:34:38.000Z,0.00039,0x59d10bc165b0613b379e23902cfb322207e867e5,buy,0x1c4481750daa5ff521a2a7490d9981ed46465dbd,0x98e130e3a201b7b8c86344a59e5ae84e7f492fc9d3095e62e4d8dfe2632fed28
99,6979,2.833474,0x3c2919c567ae1568c629ef8fae19d66a07da978b,2017-11-01T15:34:38.000Z,0.000406,0x273a5d3e6721b9f5c1a6474f560c1334c63dda01,sell,0x1c4481750daa5ff521a2a7490d9981ed46465dbd,0x98e130e3a201b7b8c86344a59e5ae84e7f492fc9d3095e62e4d8dfe2632fed28
100,9970,4.04782,0x3c2919c567ae1568c629ef8fae19d66a07da978b,2017-11-01T15:34:38.000Z,0.000406,0x273a5d3e6721b9f5c1a6474f560c1334c63dda01,sell,0x1c4481750daa5ff521a2a7490d9981ed46465dbd,0x40737077c9e1e9fb292f0821abc84451746fca87f287594ba3fc14643848344e
101,7976,3.238256,0x3c2919c567ae1568c629ef8fae19d66a07da978b,2017-11-01T15:34:38.000Z,0.000406,0x273a5d3e6721b9f5c1a6474f560c1334c63dda01,sell,0x1c4481750daa5ff521a2a7490d9981ed46465dbd,0x53f0fc8c44c12e1981a7ba8cf106a27730af06e059a500e01a29e54f333316de
102,8000,3.072,0x273a5d3e6721b9f5c1a6474f560c1334c63dda01,2017-11-01T15:34:38.000Z,0.000384,0xe727503cb14efc1e3aafce09a223ba7fe8857be8,buy,0x1c4481750daa5ff521a2a7490d9981ed46465dbd,0x53f0fc8c44c12e1981a7ba8cf106a27730af06e059a500e01a29e54f333316de
103,8567,3.341121433,0x3c2919c567ae1568c629ef8fae19d66a07da978b,2017-11-01T15:30:50.000Z,0.000389999,0x592c6dc01e055c73c938fdd3063356f1044dbb14,buy,0x1c4481750daa5ff521a2a7490d9981ed46465dbd,0x188f5df880c217578822625ca3107f5cada8d33cdb15f3d1f8edba8b31dc77e8
104,19384,6.78420616,0xb2865c884ba6f1190e12ef64ed5fd147ca33b34d,2017-11-01T15:05:38.000Z,0.00034999,0x592c6dc01e055c73c938fdd3063356f1044dbb14,buy,0x1c4481750daa5ff521a2a7490d9981ed46465dbd,0x90b336c49c1392599eb264a7d0db02869dbc9bab49bb8400448242aefb0daefd
105,2450,0.8574755,0x68198f5253f24b73e9aae42058aae07fbae74680,2017-11-01T14:51:51.000Z,0.00034999,0x592c6dc01e055c73c938fdd3063356f1044dbb14,buy,0x1c4481750daa5ff521a2a7490d9981ed46465dbd,0x567ef1d69a0b88cd55112ffdd030d13f58831f11f8224cd3c3967d92f2841b2a
106,10000,3.48,0x6f017ddd10f1f0abfd4e598d45471352c6471c53,2017-11-01T14:13:35.000Z,0.000348,0xe727503cb14efc1e3aafce09a223ba7fe8857be8,buy,0x1c4481750daa5ff521a2a7490d9981ed46465dbd,0x61cfe633971af7e8b0293fe84a9e3d934075ed9e5c322278dfe317243362cbe2
107,8807.740530843235,2.9065543751782674,0x6f017ddd10f1f0abfd4e598d45471352c6471c53,2017-11-01T14:12:59.000Z,0.00033,0x180cab3558e61b2ecbad214958d5733206ebd7be,buy,0x1c4481750daa5ff521a2a7490d9981ed46465dbd,0x5f7a18bc1d30c05caf19a62ac917cda9424f38b6614daa78937938b15f6f0f82
108,0.000000000040051515,0.000000000000013217,0x7ea97ed94e595299d198921f29397b6c2e5dffb2,2017-11-01T14:03:06.000Z,0.00033000000124839223,0x180cab3558e61b2ecbad214958d5733206ebd7be,buy,0x1c4481750daa5ff521a2a7490d9981ed46465dbd,0xc26a58251b1309c171e92db4f3c5db6810bc46873b8030633c281b7c53233126
109,513.5599691567248,0.16947478982171918,0x592c6dc01e055c73c938fdd3063356f1044dbb14,2017-11-01T12:52:23.000Z,0.00033,0x180cab3558e61b2ecbad214958d5733206ebd7be,buy,0x1c4481750daa5ff521a2a7490d9981ed46465dbd,0x8d2f639881acde8b0bc8d792aa6708803a1ff6dc10e8372da468c5159161db06
110,6028.063,1.977204664,0x6f017ddd10f1f0abfd4e598d45471352c6471c53,2017-11-01T12:28:50.000Z,0.000328,0xbc1845a864aa2a7ba7513bc6837ff7d66ec191c4,sell,0x1c4481750daa5ff521a2a7490d9981ed46465dbd,0x328182c4c17fb02a6bb1ebcf1e1a971d1e5ac30b35f8cc2e488bb119a6992cbf
111,13663.443,4.37230176,0x6f017ddd10f1f0abfd4e598d45471352c6471c53,2017-11-01T12:26:59.000Z,0.00032,0xbc1845a864aa2a7ba7513bc6837ff7d66ec191c4,sell,0x1c4481750daa5ff521a2a7490d9981ed46465dbd,0x6d59eeaf5fac5e9ab2db7bafcb51cf685d412cab90a6675d01d09bec2d6b79e3
112,11458.052,3.758252514052,0x592c6dc01e055c73c938fdd3063356f1044dbb14,2017-11-01T11:42:27.000Z,0.000328001,0xe727503cb14efc1e3aafce09a223ba7fe8857be8,sell,0x1c4481750daa5ff521a2a7490d9981ed46465dbd,0x3dc009d81da8173f0930757f1b9231577bbc5e7ac0dbf25a44cfb814c62e8804
113,20000,6.56002,0x592c6dc01e055c73c938fdd3063356f1044dbb14,2017-11-01T11:27:15.000Z,0.000328001,0xe727503cb14efc1e3aafce09a223ba7fe8857be8,sell,0x1c4481750daa5ff521a2a7490d9981ed46465dbd,0xcdd73f26648bcd9e50aa7ba67bbbd46b11bcb608dd3f540f9019395201a133fe
114,6336.55667430964,2.027698135779085,0x6f017ddd10f1f0abfd4e598d45471352c6471c53,2017-11-01T10:43:29.000Z,0.00031999999999999997,0x59f9fde4496bbbcc0915a018b351c744e5b43517,sell,0x1c4481750daa5ff521a2a7490d9981ed46465dbd,0x11fdce7ea4330444a20300b659434bbb5115f2d20cb1749b8d24baa9527b4f33
115,4000,1.392,0xda8be99300ab04a99e46f6e818286d2c23baafba,2017-11-01T10:38:52.000Z,0.000348,0x59f9fde4496bbbcc0915a018b351c744e5b43517,sell,0x1c4481750daa5ff521a2a7490d9981ed46465dbd,0x531f40862022adcb2cb6bd5270b31b3a0f89951d78f752e63367636058ddcf84
116,8000,2.784,0x6f017ddd10f1f0abfd4e598d45471352c6471c53,2017-11-01T10:38:02.000Z,0.000348,0x59f9fde4496bbbcc0915a018b351c744e5b43517,sell,0x1c4481750daa5ff521a2a7490d9981ed46465dbd,0x3759d87d87d6a8dc51327d7849e5b8a265ccbb1eb9dadbb5c71ea9bb1561d40f
117,2600,0.9984,0x5b965dc5f4749c26e9955aeb1f5610098b5b6ac0,2017-11-01T10:30:33.000Z,0.000384,0x59f9fde4496bbbcc0915a018b351c744e5b43517,sell,0x1c4481750daa5ff521a2a7490d9981ed46465dbd,0x0d9f1e4398dcf958977d611fd9c4a94428067f79a2c916ecf353dd2f8480d487
118,2000,0.768,0xbab7cebed2d3cdd9cb9f5972139e5715cce79148,2017-11-01T10:29:18.000Z,0.000384,0xe727503cb14efc1e3aafce09a223ba7fe8857be8,buy,0x1c4481750daa5ff521a2a7490d9981ed46465dbd,0xa9e3eaaaec075f8f40e198ab83557d5f64359219e35d5e00cc9f882a6a77fe0a
119,8000,2.96,0xbab7cebed2d3cdd9cb9f5972139e5715cce79148,2017-11-01T10:26:12.000Z,0.00037,0x59d10bc165b0613b379e23902cfb322207e867e5,buy,0x1c4481750daa5ff521a2a7490d9981ed46465dbd,0xd4d3d96941fe31e9503f4a158090e7da34c83b7fcadc180e447e8cbb3b8701aa
120,10000,3.83999,0xbab7cebed2d3cdd9cb9f5972139e5715cce79148,2017-11-01T10:26:12.000Z,0.000383999,0x592c6dc01e055c73c938fdd3063356f1044dbb14,buy,0x1c4481750daa5ff521a2a7490d9981ed46465dbd,0x5faf8b549887fc1ca2acdd3c029e777a2bc7ca4b8e0665cc837acbae1fc40102
121,8000,2.96,0xbab7cebed2d3cdd9cb9f5972139e5715cce79148,2017-11-01T10:26:06.000Z,0.00037,0x59d10bc165b0613b379e23902cfb322207e867e5,buy,0x1c4481750daa5ff521a2a7490d9981ed46465dbd,0xd4d3d96941fe31e9503f4a158090e7da34c83b7fcadc180e447e8cbb3b8701aa
122,2010.296,0.731747744,0xfd00279839462bc138d90c332578b17beb8d6d84,2017-11-01T07:38:44.000Z,0.000364,0x59d10bc165b0613b379e23902cfb322207e867e5,sell,0x1c4481750daa5ff521a2a7490d9981ed46465dbd,0x3c8dddaf457cc8bbc953055bf4b79dd0146fc23d932c31adb7e52681a32f5f02
123,15000,4.95,0x5c2a673f7ee8506734ba72ec33397f5d54a5e718,2017-11-01T07:38:01.000Z,0.00033,0x59d10bc165b0613b379e23902cfb322207e867e5,sell,0x1c4481750daa5ff521a2a7490d9981ed46465dbd,0xa791fbbe25cf20d258a33bc225d05bcb3b8ef22ceb238086d07990cf092526d7
124,4989.703625866858,1.8162521198155361,0xfd00279839462bc138d90c332578b17beb8d6d84,2017-11-01T06:56:38.000Z,0.000364,0x47871cfb1af4adce3d710a2073f71b7963c9082b,sell,0x1c4481750daa5ff521a2a7490d9981ed46465dbd,0x6079065d0515c745f0cba1c1ed1f09294d1fb919a9f1b9632a88a9598b2d1bce
125,395.88068583544856,0.14410056964410328,0xdc89f0101aa9ad67854e05c4593a99532111f851,2017-11-01T06:55:09.000Z,0.000364,0x47871cfb1af4adce3d710a2073f71b7963c9082b,sell,0x1c4481750daa5ff521a2a7490d9981ed46465dbd,0x42075ec6a27b8ff59a15eb30ceb5a55860e1ec61c0cdc154d919b050f40d6211
126,8000,2.8,0x54409c45877a9877a724bdfc941dd5a16ac0f0c8,2017-11-01T06:55:09.000Z,0.00035,0x47871cfb1af4adce3d710a2073f71b7963c9082b,sell,0x1c4481750daa5ff521a2a7490d9981ed46465dbd,0x849f8f4e6e464ee4541e7c4b7efdeca92c83f6cc5bfbd2dfa52fe622a87e7305
127,2000,0.7298,0xf21f44628a863c79bdf8dea362401b56b1bac97f,2017-11-01T06:45:22.000Z,0.0003649,0x47871cfb1af4adce3d710a2073f71b7963c9082b,sell,0x1c4481750daa5ff521a2a7490d9981ed46465dbd,0x6ac672bb087439f6052441e1f3aa08e16057009b6fd072b7f928b520c843c01b
128,411.655,0.150254075,0xc699f9dd0b71d5807279ef0aa2edfc57ca14a7a0,2017-11-01T06:45:22.000Z,0.000365,0x47871cfb1af4adce3d710a2073f71b7963c9082b,sell,0x1c4481750daa5ff521a2a7490d9981ed46465dbd,0xcc74a00a4db982ecf552735a49097a42c8041f6645d4f1d02c5875f231bd9d1e
129,22790,8.2044,0x1ddfc0532ddbafffae6e93579ca353dfdf502556,2017-11-01T06:45:22.000Z,0.00036,0x47871cfb1af4adce3d710a2073f71b7963c9082b,sell,0x1c4481750daa5ff521a2a7490d9981ed46465dbd,0xf2ae1db8957677840e85a841edb1194faa381b1284b1696120ff1134a3494b84
130,5000,1.815,0xf21f44628a863c79bdf8dea362401b56b1bac97f,2017-11-01T06:45:22.000Z,0.000363,0x47871cfb1af4adce3d710a2073f71b7963c9082b,sell,0x1c4481750daa5ff521a2a7490d9981ed46465dbd,0xdc94cac630395ea11ddaf6779d549a51188ae528e5d65e749b8537e6de2c05c5
131,500,0.185,0xdc89f0101aa9ad67854e05c4593a99532111f851,2017-11-01T06:44:51.000Z,0.00037,0x47871cfb1af4adce3d710a2073f71b7963c9082b,sell,0x1c4481750daa5ff521a2a7490d9981ed46465dbd,0xb3b4e037815676711bfc6dbf09b1bee1c43472fc4d04bfea6dd68afbb3b2efa3
132,2189.361,0.81006357,0xfd00279839462bc138d90c332578b17beb8d6d84,2017-11-01T06:20:46.000Z,0.00037,0x1035b0fcba2fb9079a771b5be13adbd89bdbc69b,sell,0x1c4481750daa5ff521a2a7490d9981ed46465dbd,0xcfc6cf563b317125b4ca45524bd97652176f4344dbf224181fcfec2dc17e84c4
133,2810.6387515848173,1.0399363380863824,0xfd00279839462bc138d90c332578b17beb8d6d84,2017-11-01T06:16:44.000Z,0.00037,0x02919eca2d40cee769646c57bd443c2ab59a43ec,sell,0x1c4481750daa5ff521a2a7490d9981ed46465dbd,0x49d1e85bf707a08a439b0c4880b5392056ae557f81cf143690cedb89eef14ca2
134,2320.721,0.854025328,0xf21f44628a863c79bdf8dea362401b56b1bac97f,2017-11-01T05:27:51.000Z,0.000368,0x59d10bc165b0613b379e23902cfb322207e867e5,sell,0x1c4481750daa5ff521a2a7490d9981ed46465dbd,0xf1dc81917378c9a3cbcd92703476d85c0f7b0fa3c99e179740fa27402ef6cfba
135,7000,2.597,0xfd00279839462bc138d90c332578b17beb8d6d84,2017-11-01T04:19:52.000Z,0.000371,0xbc1845a864aa2a7ba7513bc6837ff7d66ec191c4,sell,0x1c4481750daa5ff521a2a7490d9981ed46465dbd,0x4d3bf68cc1567fce69c8b4b5da8d7bb375ef3ec98c8e491d78fe6f156f546da8
136,10550,3.91405,0x70beaed001df46702effe4fa402492c8c795d8ca,2017-11-01T03:53:27.000Z,0.000371,0xbc1845a864aa2a7ba7513bc6837ff7d66ec191c4,sell,0x1c4481750daa5ff521a2a7490d9981ed46465dbd,0x5526dcfe4778f69a4ac59314eca5344aa838b4d833ce39975a5869bf0a7a77f9
137,3950,1.463475,0xfd00279839462bc138d90c332578b17beb8d6d84,2017-11-01T03:07:51.000Z,0.0003705,0xbc1845a864aa2a7ba7513bc6837ff7d66ec191c4,sell,0x1c4481750daa5ff521a2a7490d9981ed46465dbd,0xb0721364b0711c09f3d354dea2fccf829e76f560c52656209888e3b4413937bb
138,4615,1.79985,0x9084037dbf1368d06d9e530eeec30d1118d3f31d,2017-11-01T02:24:16.000Z,0.00039,0x24c3b9e05ae76f055fdd2624f2bc9521416c39d6,buy,0x1c4481750daa5ff521a2a7490d9981ed46465dbd,0x01ca004e6b30cf081698ce63b237d02af3d2c9385471b5863667370684c2f5fa
139,1182,0.4382856,0x6acc492870f3e5cb3e09dd7be9634dcb298ebce3,2017-11-01T01:36:32.000Z,0.0003708,0xbc1845a864aa2a7ba7513bc6837ff7d66ec191c4,sell,0x1c4481750daa5ff521a2a7490d9981ed46465dbd,0xe0becfcaaf01dd13219622c35fcd5d84ddf6829afbea99f3419524892f541d67
140,100000,37,0x1ddfc0532ddbafffae6e93579ca353dfdf502556,2017-11-01T01:35:50.000Z,0.00037,0xbc1845a864aa2a7ba7513bc6837ff7d66ec191c4,sell,0x1c4481750daa5ff521a2a7490d9981ed46465dbd,0x850c94997a1b0a0f0d69ced873d4036585d57e1f803360aaeb996fab3eec4eab
141,20000,7.4006,0x1ddfc0532ddbafffae6e93579ca353dfdf502556,2017-11-01T01:30:46.000Z,0.00037003,0xbc1845a864aa2a7ba7513bc6837ff7d66ec191c4,sell,0x1c4481750daa5ff521a2a7490d9981ed46465dbd,0x2df445bc2e3d43495ef51158fc9fb4113d45c78bc9fc59d6718c6ecea2b0c30e
142,7000,2.5956,0xfd00279839462bc138d90c332578b17beb8d6d84,2017-11-01T01:08:49.000Z,0.0003708,0xbc1845a864aa2a7ba7513bc6837ff7d66ec191c4,sell,0x1c4481750daa5ff521a2a7490d9981ed46465dbd,0xade652b236a7a55f63be09a2e7da7b420190d1239c4716f8a93a26ac8339372a
143,385,0.15015,0x6acc492870f3e5cb3e09dd7be9634dcb298ebce3,2017-11-01T01:05:07.000Z,0.00039,0x24c3b9e05ae76f055fdd2624f2bc9521416c39d6,buy,0x1c4481750daa5ff521a2a7490d9981ed46465dbd,0x3ef55b5013b9c8039e40f354deae1a791e1783bacd4a161277e2c109de60e493
144,2679.2789376483147,0.9859746490545799,0xf21f44628a863c79bdf8dea362401b56b1bac97f,2017-11-01T00:40:47.000Z,0.000368,0x59d10bc165b0613b379e23902cfb322207e867e5,sell,0x1c4481750daa5ff521a2a7490d9981ed46465dbd,0x2325a2729fc79bcfb6576fab1b66560def5bafbc62da8bdb571f931de2e854c6
145,30000,11.1003,0xb738f3f8d8e93da65ebb480deb08ab2476fba483,2017-11-01T00:38:13.000Z,0.00037001,0xbc1845a864aa2a7ba7513bc6837ff7d66ec191c4,sell,0x1c4481750daa5ff521a2a7490d9981ed46465dbd,0x39c36c46a1888e69108bd90280ca9a0d2d6b4b6ce1838848c3f61f8db49b0313
146,5000,1.95,0xfd00279839462bc138d90c332578b17beb8d6d84,2017-11-01T00:33:23.000Z,0.00039,0xbc1845a864aa2a7ba7513bc6837ff7d66ec191c4,sell,0x1c4481750daa5ff521a2a7490d9981ed46465dbd,0x39b59c89130c61acf63f6e39b0c0d21cfd5a542b7dcdc0bceb24a9d213999f20
147,65876,24.37675504,0xb738f3f8d8e93da65ebb480deb08ab2476fba483,2017-11-01T00:29:41.000Z,0.00037004,0xbc1845a864aa2a7ba7513bc6837ff7d66ec191c4,sell,0x1c4481750daa5ff521a2a7490d9981ed46465dbd,0x821d91b4e0009cfae3bdfefb3affac698bbc90b09e832df4e7bc2c3248dc2254
148,40000,14.8012,0xb738f3f8d8e93da65ebb480deb08ab2476fba483,2017-11-01T00:22:03.000Z,0.00037003,0xbc1845a864aa2a7ba7513bc6837ff7d66ec191c4,sell,0x1c4481750daa5ff521a2a7490d9981ed46465dbd,0x66b93210a9416de3f7a6fd55e8b7789df820a647d5fa88305b0734f27cc48007
149,36876,13.64559504,0xb738f3f8d8e93da65ebb480deb08ab2476fba483,2017-11-01T00:16:54.000Z,0.00037004,0xbc1845a864aa2a7ba7513bc6837ff7d66ec191c4,sell,0x1c4481750daa5ff521a2a7490d9981ed46465dbd,0xb10c9bdaa34d8b944f380808d09e91d5f66ffbbe03fbaadc9fcd42212275cfc2
150,25000,9.2505,0xb738f3f8d8e93da65ebb480deb08ab2476fba483,2017-11-01T00:13:42.000Z,0.00037002,0xbc1845a864aa2a7ba7513bc6837ff7d66ec191c4,sell,0x1c4481750daa5ff521a2a7490d9981ed46465dbd,0xc45cabfd20a6418798d856d4063f1981353f9cac6110a19db10e8302d9ac86ff
151,6752.868551250586,2.4985681168312683,0x592c6dc01e055c73c938fdd3063356f1044dbb14,2017-10-31T21:50:27.000Z,0.000370001,0xbc1845a864aa2a7ba7513bc6837ff7d66ec191c4,sell,0x1c4481750daa5ff521a2a7490d9981ed46465dbd,0xfd5cd0c1c04bce14c215fc5f121ba50fcbddd1b796e13f7853b170840ac5f129
152,100,0.0371115,0x592c6dc01e055c73c938fdd3063356f1044dbb14,2017-10-31T21:27:49.000Z,0.000371115,0xe727503cb14efc1e3aafce09a223ba7fe8857be8,buy,0x1c4481750daa5ff521a2a7490d9981ed46465dbd,0x3b35b273f030c5561897a87561b477c3999033abe75a5c9177fa1440a0f28f82
153,1767.651,0.655996497912,0x592c6dc01e055c73c938fdd3063356f1044dbb14,2017-10-31T21:02:56.000Z,0.000371112,0xbc1845a864aa2a7ba7513bc6837ff7d66ec191c4,sell,0x1c4481750daa5ff521a2a7490d9981ed46465dbd,0x331f73c4c0331f9eaf2c6faac0766e128b4121a10b61e8f353c385bb26dc1b8d
154,4345,1.60769345,0x592c6dc01e055c73c938fdd3063356f1044dbb14,2017-10-31T21:01:33.000Z,0.00037001,0xbc1845a864aa2a7ba7513bc6837ff7d66ec191c4,sell,0x1c4481750daa5ff521a2a7490d9981ed46465dbd,0x080935d80142c519a50201c7b5c30a5e587eaee6461d7704deee3311692b1cbb
155,12560,5.02398744,0xede47fcbb7372ce1282f9ebe5f7f50727579e45f,2017-10-31T20:53:46.000Z,0.000399999,0x592c6dc01e055c73c938fdd3063356f1044dbb14,buy,0x1c4481750daa5ff521a2a7490d9981ed46465dbd,0xd4ed0f05ab735aa200b5a52a2233df2073d9665b9192731caa2dcfd65f1a2e06
156,5080.251,1.849211364,0xf21f44628a863c79bdf8dea362401b56b1bac97f,2017-10-31T20:21:41.000Z,0.000364,0xbc1845a864aa2a7ba7513bc6837ff7d66ec191c4,sell,0x1c4481750daa5ff521a2a7490d9981ed46465dbd,0xb24715b25c37d808527a5c54230866ebe9a251cc274538b15dd2db5e755f3252
157,8047.605423188117,2.9051855577709103,0xf21f44628a863c79bdf8dea362401b56b1bac97f,2017-10-31T20:20:55.000Z,0.000361,0x2e0d9ac683e0d5856162a11c98a598b629307c54,sell,0x1c4481750daa5ff521a2a7490d9981ed46465dbd,0x2ef77c6ee90c4c3922eb51dcbe8c5ea5706aaf720f0d571d594aca818a3aeeb8
158,10000,3.62,0xf21f44628a863c79bdf8dea362401b56b1bac97f,2017-10-31T19:43:14.000Z,0.000362,0xbc1845a864aa2a7ba7513bc6837ff7d66ec191c4,sell,0x1c4481750daa5ff521a2a7490d9981ed46465dbd,0xe0a0692915460b7270c3a46a257adcd73870f3ab91a0f485e5ddaa9c3ec51891
159,10000,3.63,0xf21f44628a863c79bdf8dea362401b56b1bac97f,2017-10-31T19:37:29.000Z,0.000363,0xbc1845a864aa2a7ba7513bc6837ff7d66ec191c4,sell,0x1c4481750daa5ff521a2a7490d9981ed46465dbd,0xa149807af71fd2a3bda88df1e6b47fd9a7900ffb1af9eaa03d3ea6c7532370df
160,3177.755,1.185302615,0x50990ab891ae393e3fd78b5e8c1010d7b830c7e0,2017-10-31T16:16:28.000Z,0.000373,0xbc1845a864aa2a7ba7513bc6837ff7d66ec191c4,sell,0x1c4481750daa5ff521a2a7490d9981ed46465dbd,0xd40c98807c675892a4283e5073e0a196ed7771017bb425ebc6c5fb41be214bbb
161,4310,1.60763431,0x592c6dc01e055c73c938fdd3063356f1044dbb14,2017-10-31T16:15:18.000Z,0.000373001,0xbc1845a864aa2a7ba7513bc6837ff7d66ec191c4,sell,0x1c4481750daa5ff521a2a7490d9981ed46465dbd,0xbd63ed1466d5a7e2808a84f47a410633d287537ed7ef093258a523d0668e0982
162,8250,3.07725825,0x592c6dc01e055c73c938fdd3063356f1044dbb14,2017-10-31T15:55:16.000Z,0.000373001,0xbc1845a864aa2a7ba7513bc6837ff7d66ec191c4,sell,0x1c4481750daa5ff521a2a7490d9981ed46465dbd,0x96545b82fe0eb095ea7afd39d03075786b59de306db6cbd95fe37c4b4b2d694f
163,315,0.12789,0xbab7cebed2d3cdd9cb9f5972139e5715cce79148,2017-10-31T15:05:55.000Z,0.000406,0x6786af0a49543da5f3c879c33639fda2546fda33,buy,0x1c4481750daa5ff521a2a7490d9981ed46465dbd,0x4b8fcc9ee40e5999a2e93c493663dfb9526a0f4557b77111015b164ecd0d3ddf
164,16100.427479653727,6.536757456311933,0xbab7cebed2d3cdd9cb9f5972139e5715cce79148,2017-10-31T15:03:24.000Z,0.000405999,0x592c6dc01e055c73c938fdd3063356f1044dbb14,buy,0x1c4481750daa5ff521a2a7490d9981ed46465dbd,0xcc880ec8fa58f0c82516e860eb8c2e8bc755685edb05f65229b3294a48da7cc4
165,84.57252034627423,0.03433635868806699,0xbab7cebed2d3cdd9cb9f5972139e5715cce79148,2017-10-31T15:02:39.000Z,0.000405999,0x592c6dc01e055c73c938fdd3063356f1044dbb14,buy,0x1c4481750daa5ff521a2a7490d9981ed46465dbd,0x29bbc89af8b96c4d95019c46ec5e07967b26aa0e47edc77b15f477e73ccbf985
166,3562,1.4248,0x6f017ddd10f1f0abfd4e598d45471352c6471c53,2017-10-31T14:45:33.000Z,0.0004,0xce93883bba5998ad82e9f964a550ef04aab2270d,buy,0x1c4481750daa5ff521a2a7490d9981ed46465dbd,0x119a11bf86af56ddef4ddf7f4ac7f00267463ab16f46716001ab8c86ddc32316
167,2183.2445193490325,0.8143502057171891,0x50990ab891ae393e3fd78b5e8c1010d7b830c7e0,2017-10-31T14:25:22.000Z,0.000373,0x7dd5a790309d0d31752c582add1726f0dec1e703,sell,0x1c4481750daa5ff521a2a7490d9981ed46465dbd,0x944875a58cd245e0504e6698eb40a30351aa357f31c28f1f086796e7d684414f
168,282.3488788456861,0.10478305712618026,0x592c6dc01e055c73c938fdd3063356f1044dbb14,2017-10-31T14:24:35.000Z,0.000371112,0x7dd5a790309d0d31752c582add1726f0dec1e703,sell,0x1c4481750daa5ff521a2a7490d9981ed46465dbd,0xfb86e90b8f1c69e5973ada12c05990f7d69ef74a9b45d39154813a938e52f0f2
169,832,0.308764352,0xf28ed72c7340438dc609c9b1d609966f9b9b20e8,2017-10-31T14:24:35.000Z,0.000371111,0x7dd5a790309d0d31752c582add1726f0dec1e703,sell,0x1c4481750daa5ff521a2a7490d9981ed46465dbd,0xfe3b625220ecdd9459da61279f382b00240fec01cf0cbf47022f614ea5af47a0
170,233.20185559198634,0.0904823199696907,0xfd00279839462bc138d90c332578b17beb8d6d84,2017-10-31T14:18:50.000Z,0.000388,0x7dd5a790309d0d31752c582add1726f0dec1e703,sell,0x1c4481750daa5ff521a2a7490d9981ed46465dbd,0x1684b4ff88e4463e21ea75ca12669275278a6ee403194101a25b20a20bf3e2b5
171,450,0.16700085,0xce3e9ef88d20e1d2113a4d0f869f41c4d3ddc112,2017-10-31T14:18:50.000Z,0.000371113,0x7dd5a790309d0d31752c582add1726f0dec1e703,sell,0x1c4481750daa5ff521a2a7490d9981ed46465dbd,0xe3435bfaba6e05167c54654db62822fa648ad22d523d2ea8478f15a11db81412
172,2630,0.9994,0x414a8f8da8ba30998a7ab2b717ba93a029218238,2017-10-31T14:18:50.000Z,0.00038,0x7dd5a790309d0d31752c582add1726f0dec1e703,sell,0x1c4481750daa5ff521a2a7490d9981ed46465dbd,0xd4065b3a17998c1c007e328c7cc272d1cdb216a3e7a44317649297a88116a7ef
173,6714.012,2.49167056338,0x7dc04e2782f3bdbb4836ccb3e10d5a2b3541494b,2017-10-31T14:16:55.000Z,0.000371115,0x7dd5a790309d0d31752c582add1726f0dec1e703,sell,0x1c4481750daa5ff521a2a7490d9981ed46465dbd,0x6d1a92dcdda2c36a157c5a9af90c7164c3ab6c807295bb26d2dd39d0c7c3e2d0
174,3,0.0012,0x0b773d7819259d78757b26dc4148812d35676d8f,2017-10-31T12:12:14.000Z,0.0004,0xce93883bba5998ad82e9f964a550ef04aab2270d,buy,0x1c4481750daa5ff521a2a7490d9981ed46465dbd,0x71796a8e39b4244bad2401a4e335d1b035ab84262a6caa282d44412eb1bea4d6
175,2578,1.000264,0x6f017ddd10f1f0abfd4e598d45471352c6471c53,2017-10-31T11:39:07.000Z,0.000388,0x7dc04e2782f3bdbb4836ccb3e10d5a2b3541494b,sell,0x1c4481750daa5ff521a2a7490d9981ed46465dbd,0xef44766cb58dc6d4a099a18ac29a548ba24826c23e277d5091aba61e3b83f45f
176,3565,1.39035,0x6f017ddd10f1f0abfd4e598d45471352c6471c53,2017-10-31T11:31:23.000Z,0.00039,0xce93883bba5998ad82e9f964a550ef04aab2270d,buy,0x1c4481750daa5ff521a2a7490d9981ed46465dbd,0x0289a456a3c4623d6ca826076a9014ff504d2848d7d48a1d82796dc1b0875554
177,1960.893736417107,0.7274915762107467,0x3b1b4169f79f34f19c29dcd9b7a3552c638ec2e0,2017-10-31T04:22:41.000Z,0.00037099999999999996,0xb95d753d130b387f0189d67d6b46f023966ae6b6,sell,0x1c4481750daa5ff521a2a7490d9981ed46465dbd,0x7ad659f9c8bfde2bb0c276b2ddc44dc5031673245b507fc3f46a3e328319b2dc
178,3000,1.11333,0x11d22bd50a6b44880479e41ad18f64da99cd94bc,2017-10-31T04:11:11.000Z,0.00037111,0xb95d753d130b387f0189d67d6b46f023966ae6b6,sell,0x1c4481750daa5ff521a2a7490d9981ed46465dbd,0x65a71dcc3a5317baeaf67c15a470b72584eef71d00e81c6830cf7f56d450977a
179,14998.831,5.5675660672,0xd3e0af2fd0be2b6148916ab295d365c8f6fea179,2017-10-31T04:11:08.000Z,0.0003712,0xb95d753d130b387f0189d67d6b46f023966ae6b6,sell,0x1c4481750daa5ff521a2a7490d9981ed46465dbd,0x6bb04b17b42547008eb9eeaec85445c094edcbd37085c087d18ac0c1ad829966
180,1.16882920368,0.000433869400406016,0xd3e0af2fd0be2b6148916ab295d365c8f6fea179,2017-10-31T03:53:24.000Z,0.0003712,0xe444a40689f51f63bcd29910622035707d533d29,sell,0x1c4481750daa5ff521a2a7490d9981ed46465dbd,0x057f3dbf7a4c1a92d1cc242ac8462e39e85e0eb46333a371024ed19d94aa101f
181,25.839,0.00999995139,0xb105d96f87a1a4aa2ce523a86f4b200482aa14f0,2017-10-31T00:13:39.000Z,0.00038701,0x7837ff6026d4aa9e63d5c3cf1964cdc6d4e02743,sell,0x1c4481750daa5ff521a2a7490d9981ed46465dbd,0xecb0e3a7f38d7f3885071b56308eed87eab6be51adc07324d28f4d2f15cd322e
182,885,0.3429375,0x0d710c8aab9ee65daf642433a662ccb72d3fbec4,2017-10-31T00:04:49.000Z,0.0003875,0x7837ff6026d4aa9e63d5c3cf1964cdc6d4e02743,sell,0x1c4481750daa5ff521a2a7490d9981ed46465dbd,0x9e0ae5b0db4d998d8089a71035a4bb5f4dec219c237885941639f4572eb83543
183,4057.4219918253416,1.50534413318712,0x592c6dc01e055c73c938fdd3063356f1044dbb14,2017-10-30T23:17:32.000Z,0.00037101,0xede47fcbb7372ce1282f9ebe5f7f50727579e45f,sell,0x1c4481750daa5ff521a2a7490d9981ed46465dbd,0xb32f684b86c6b9d242e891a77a758f5135f4c12ebbede6f01131417ba6dc8252
184,430,0.17582657,0x65d2ab349dcde00c46b082dbdb413e8ebdda4e60,2017-10-30T22:44:39.000Z,0.000408899,0x592c6dc01e055c73c938fdd3063356f1044dbb14,buy,0x1c4481750daa5ff521a2a7490d9981ed46465dbd,0x7adc1daae8640a0912eaf5e6b3951a33ae0a3df7a09ffc8b92422b794c24c610
185,499.99,0.204445911,0x90fd2243e7c19eefb0c486d01d2ca09565a57df4,2017-10-30T22:37:09.000Z,0.0004089,0xfd814286bf500306a07fa7d9327d0bd75c9e1b8c,buy,0x1c4481750daa5ff521a2a7490d9981ed46465dbd,0xf3322d891b20e1e27a9f874bb3fb2124b0373ad269e5de43054ca4fb54b4a90b
186,125.63108709609348,0.05137042588250553,0xd359a9583175750b6e10c3c1bf15ac3aa8a9beb9,2017-10-30T22:22:18.000Z,0.000408899,0x592c6dc01e055c73c938fdd3063356f1044dbb14,buy,0x1c4481750daa5ff521a2a7490d9981ed46465dbd,0xe139748b712be38b46d2d8b5b8b7a4e9fa4fdbbc7367ecf18208e3fbfe330d08
187,4050,1.62,0x3b1b4169f79f34f19c29dcd9b7a3552c638ec2e0,2017-10-30T21:05:06.000Z,0.0004,0x1d1d0550eff15f810808bc6697411cf98285c8e5,buy,0x1c4481750daa5ff521a2a7490d9981ed46465dbd,0x40cf72fff75ee772af3217fb7288a346fb7cb8f6aaab4be3f91995e5d661fd97
188,1837.646995715476,0.7350587982861904,0x1c2f24d88f3ec8247bebd5ee66c38c33e406f927,2017-10-30T20:17:07.000Z,0.0004,0x59d10bc165b0613b379e23902cfb322207e867e5,buy,0x1c4481750daa5ff521a2a7490d9981ed46465dbd,0x1aace68fb83ba23124d3560a61316a039cfd8a997394331b3055cdb623b8052a
189,120,0.048,0x3f5a86104d20e0079c8758b805c84274f6f9a199,2017-10-30T20:04:54.000Z,0.0004,0x59d10bc165b0613b379e23902cfb322207e867e5,buy,0x1c4481750daa5ff521a2a7490d9981ed46465dbd,0xe63a2a13fb0a3f334c1b0cb5d03eec5c95b612199ba32b91230dae69442455dc
190,2542.353004284524,1.0169412017138098,0x0e68c453dad8d1f70e62f7257d22a4db2628f133,2017-10-30T18:23:59.000Z,0.0004,0x59d10bc165b0613b379e23902cfb322207e867e5,buy,0x1c4481750daa5ff521a2a7490d9981ed46465dbd,0xf558a8f5427b064edea4536c529d7b51d88d52f587727a092242d999d1afe4b2
191,70,0.02869993,0x4390465b02069152d92be6146be0f32725891860,2017-10-30T16:03:14.000Z,0.000409999,0x592c6dc01e055c73c938fdd3063356f1044dbb14,buy,0x1c4481750daa5ff521a2a7490d9981ed46465dbd,0x0fb69452d17a2293d768a70c6eec9c1ea255836d3b8293e97cf5d5ba5ae240c6
192,1500,0.6149985,0x4390465b02069152d92be6146be0f32725891860,2017-10-30T16:02:03.000Z,0.000409999,0x592c6dc01e055c73c938fdd3063356f1044dbb14,buy,0x1c4481750daa5ff521a2a7490d9981ed46465dbd,0xd7cbc2f470de3a2b4a2db8482752259ad2befdb772b2e037cb729ab85a2b34c5
193,4919.748778785764,1.790788555478018,0xf21f44628a863c79bdf8dea362401b56b1bac97f,2017-10-30T14:52:07.000Z,0.000364,0xee17fb8b378890cedcf7e441df2dd6551f96b1d7,sell,0x1c4481750daa5ff521a2a7490d9981ed46465dbd,0x5697984832d58c0d906d1dc723c9ead79cc7c37cad64db124dcc5d98a8e9903e
194,1133.4861928023129,0.4388178446814874,0xf21f44628a863c79bdf8dea362401b56b1bac97f,2017-10-30T13:41:52.000Z,0.00038714,0x5c136608971ab15f7acbc8b78b98f7ff865e1d66,sell,0x1c4481750daa5ff521a2a7490d9981ed46465dbd,0xf80c601505c4e4e2ba879422af518ca9a881e2d35f8b32f2aa891c69b31cd9ca
195,6000,2.3229,0xf21f44628a863c79bdf8dea362401b56b1bac97f,2017-10-30T13:40:44.000Z,0.00038715,0x5c136608971ab15f7acbc8b78b98f7ff865e1d66,sell,0x1c4481750daa5ff521a2a7490d9981ed46465dbd,0x6fb7f6884898f898bb48a0122de672e62b732bed269caac0bb484d012f818035
196,5616.3651294671945,2.174094941616751,0xf21f44628a863c79bdf8dea362401b56b1bac97f,2017-10-30T13:27:10.000Z,0.0003871,0x5e0dd4b7c50e12306d2dcd3a12a120d22fa08524,sell,0x1c4481750daa5ff521a2a7490d9981ed46465dbd,0xefe9ae201ee91b89c21ee7a9004499c598e21e871cf4defe8ccd6a8ae5f5a51f
197,6000,2.32305,0xf21f44628a863c79bdf8dea362401b56b1bac97f,2017-10-30T13:25:40.000Z,0.000387175,0x5e0dd4b7c50e12306d2dcd3a12a120d22fa08524,sell,0x1c4481750daa5ff521a2a7490d9981ed46465dbd,0xab0d07e816cbed1ca8e9b7f0bfd5982997b394c5759a1f0fa0637cd60ff20e3c
198,6000,2.3229,0xf21f44628a863c79bdf8dea362401b56b1bac97f,2017-10-30T13:24:58.000Z,0.00038715,0x5e0dd4b7c50e12306d2dcd3a12a120d22fa08524,sell,0x1c4481750daa5ff521a2a7490d9981ed46465dbd,0x198564adaacd8bdcb0a552b9e37e6c91244bd98d77003a232a672f71c8902643
199,8000,3.09608,0xf21f44628a863c79bdf8dea362401b56b1bac97f,2017-10-30T13:24:21.000Z,0.00038701,0x5e0dd4b7c50e12306d2dcd3a12a120d22fa08524,sell,0x1c4481750daa5ff521a2a7490d9981ed46465dbd,0xfa5e6196c92064bd4c60072ad9495eafc49b8719f57bcab4aeed71404f11e40e
200,500,0.1936,0x462cdf194d12c5168e804fe7d91e639fb3bed21d,2017-10-30T13:23:34.000Z,0.0003872,0x5e0dd4b7c50e12306d2dcd3a12a120d22fa08524,sell,0x1c4481750daa5ff521a2a7490d9981ed46465dbd,0x31a6bec35455beba11bb6fdd4e7f126eebcd2fbbdada392445b2f0f6135cc716
201,5000,1.936,0xf21f44628a863c79bdf8dea362401b56b1bac97f,2017-10-30T13:22:30.000Z,0.0003872,0x5e0dd4b7c50e12306d2dcd3a12a120d22fa08524,sell,0x1c4481750daa5ff521a2a7490d9981ed46465dbd,0xb2fbab27f622471854e7dc4ebaf661aef1808535116567bacc75d9d27ca462a8
202,8000,3.0576,0x31a3464c5dd6a706b78519ded5b7e8d19e8f9c7f,2017-10-30T10:04:14.000Z,0.0003822,0xbc1845a864aa2a7ba7513bc6837ff7d66ec191c4,sell,0x1c4481750daa5ff521a2a7490d9981ed46465dbd,0x206a6256293343a7684a28d1e440948453d73aedbab9b5c28af463de9cbfb7c1
203,1732.3738799572998,0.6749328636313641,0x69c801419a56628c2d194b91114924a0ab5df56a,2017-10-30T10:04:14.000Z,0.0003896,0xbc1845a864aa2a7ba7513bc6837ff7d66ec191c4,sell,0x1c4481750daa5ff521a2a7490d9981ed46465dbd,0xac6664388af6905090c041593ee3322a245e13fa0df60a7c8968bf1d2ca7d435
204,7000,2.73,0x6f017ddd10f1f0abfd4e598d45471352c6471c53,2017-10-30T10:03:36.000Z,0.00039,0xbc1845a864aa2a7ba7513bc6837ff7d66ec191c4,sell,0x1c4481750daa5ff521a2a7490d9981ed46465dbd,0x535387ae45c6695cd7ed3157c40a1d660f2f5606c5b67a8d8aab70eeeee46c11
205,3504.6356295484,1.3661069683979663,0xf21f44628a863c79bdf8dea362401b56b1bac97f,2017-10-30T08:58:16.000Z,0.0003898,0x5e0dd4b7c50e12306d2dcd3a12a120d22fa08524,sell,0x1c4481750daa5ff521a2a7490d9981ed46465dbd,0x78f76430f1ccf19cb44d7e4d2f8bc9ccbace1131fd89c0695957383ec97f6877
206,3500,1.36325,0xf21f44628a863c79bdf8dea362401b56b1bac97f,2017-10-30T08:57:06.000Z,0.0003895,0x5e0dd4b7c50e12306d2dcd3a12a120d22fa08524,sell,0x1c4481750daa5ff521a2a7490d9981ed46465dbd,0xa21a6e34b2fb7b620e7b1afa53152b02e1c51bddc9d86390069e53e0b52eb693
207,5000,1.9485,0xf21f44628a863c79bdf8dea362401b56b1bac97f,2017-10-30T08:43:59.000Z,0.0003897,0x5e0dd4b7c50e12306d2dcd3a12a120d22fa08524,sell,0x1c4481750daa5ff521a2a7490d9981ed46465dbd,0x52e116391e7bdf0147bb0bb24a92720683585460bb2ba61c1c07ddca1c4f43f7
208,375,0.15,0xb28b10bf5b3ff267421ab9797d2c06e2164b5e6b,2017-10-30T08:43:28.000Z,0.0004,0x5e0dd4b7c50e12306d2dcd3a12a120d22fa08524,sell,0x1c4481750daa5ff521a2a7490d9981ed46465dbd,0xe275a61554ec697153742fe38be94fc948f776a071032e7d1c0da86964e73f93
209,4000,1.556,0xf21f44628a863c79bdf8dea362401b56b1bac97f,2017-10-30T08:38:24.000Z,0.000389,0x5e0dd4b7c50e12306d2dcd3a12a120d22fa08524,sell,0x1c4481750daa5ff521a2a7490d9981ed46465dbd,0x6dfc5041bb38ae52dfd316b70c6e94faeb6c13c1d150759483cb930a87e603b8
210,2354.881866214734,0.9179329514505035,0xf21f44628a863c79bdf8dea362401b56b1bac97f,2017-10-30T08:37:11.000Z,0.0003898,0x5e0dd4b7c50e12306d2dcd3a12a120d22fa08524,sell,0x1c4481750daa5ff521a2a7490d9981ed46465dbd,0xe340f0d20707b123246d7db0ae7b681069c144c7f1bc31583045515aeb365100
211,3500,1.47,0x6f017ddd10f1f0abfd4e598d45471352c6471c53,2017-10-30T07:37:11.000Z,0.00042,0x59d10bc165b0613b379e23902cfb322207e867e5,buy,0x1c4481750daa5ff521a2a7490d9981ed46465dbd,0x4d117ab345aa142a989640594bf65ab851ae7d0932be0e46d63925d6e7cbfc30
212,2000,0.84,0x6f017ddd10f1f0abfd4e598d45471352c6471c53,2017-10-30T07:35:35.000Z,0.00042,0x59d10bc165b0613b379e23902cfb322207e867e5,buy,0x1c4481750daa5ff521a2a7490d9981ed46465dbd,0x24c790d56bc3e580ad73f558d0474ef6538e54c48c3ecaf4c8cc2d2c135b01e5
213,243.55860148820034,0.10343933805203868,0x006895f166f2ddbf9f461ab86fbe8519a972fdf0,2017-10-30T01:40:49.000Z,0.0004247,0x3ec6732676db7996c1b34e64b0503f941025cb63,buy,0x1c4481750daa5ff521a2a7490d9981ed46465dbd,0x7d07b8d1cef9e59c26ea83f8bb73d64f3e35c332f2d94ed06f6f79b6e9dad946
214,2346.8640538357054,0.9969243814288692,0xdb44a3709fef83587066c2f3f4e2e995fa994b55,2017-10-29T23:19:33.000Z,0.00042479,0x6761d5023a01ea4d4efc12364f3df8aac7391fbd,buy,0x1c4481750daa5ff521a2a7490d9981ed46465dbd,0x03a54ac9a05cfb373fb63e9db70d8b4bc2ad0a0d5d4dd0f8190bb6cf2827bfd3
215,352.22609909281226,0.13729773342637822,0xf21f44628a863c79bdf8dea362401b56b1bac97f,2017-10-29T20:36:47.000Z,0.0003898,0xd334ef5c0949bbd01065289b921219d117342024,sell,0x1c4481750daa5ff521a2a7490d9981ed46465dbd,0x1879616e527871384dcf097a340f4c5844cf450b1434fb71fed275ea7f430edf
216,3,0.001286397,0x00fa15cc5ea762a2a53d364a46fb583ec50db671,2017-10-29T20:36:00.000Z,0.000428799,0x592c6dc01e055c73c938fdd3063356f1044dbb14,buy,0x1c4481750daa5ff521a2a7490d9981ed46465dbd,0x4477c2e905dc85cf3a0c010056e385180ab25f3d8993aca6a213465a03c319ea
217,894,0.3485706,0x928f9a0876c0e4b7ff4ffb4b3a18d3ee00f0bd11,2017-10-29T20:36:00.000Z,0.0003899,0xd334ef5c0949bbd01065289b921219d117342024,sell,0x1c4481750daa5ff521a2a7490d9981ed46465dbd,0x66e7b1335967dbb49e402a3292f3facf012e17b3f1fc5044262a1ff508f084d7
218,2292.8920346924533,0.8937693151231183,0xf21f44628a863c79bdf8dea362401b56b1bac97f,2017-10-29T20:11:13.000Z,0.0003898,0xc9aadf0fd10504bbb81624eb05ff888aeff04987,sell,0x1c4481750daa5ff521a2a7490d9981ed46465dbd,0xa4aa22e4aee4d0b2909e88e7792304a3eac082ebf3bfee71140f0241fe347a5a
219,1495.3643704516,0.5828930316020337,0xf21f44628a863c79bdf8dea362401b56b1bac97f,2017-10-29T16:59:59.000Z,0.0003898,0xf30c2a0ea7128505cd668e0d2991bfdcc85ffba3,sell,0x1c4481750daa5ff521a2a7490d9981ed46465dbd,0xa7a55ececf7c489501ef9985778722716b395a8b3bca042f09b502022e75973d
220,0.0003897,1.9485,0xf21f44628a863c79bdf8dea362401b56b1bac97f,2017-10-29T16:48:10.000Z,5000,0x96373170538a83c7674ef92f41d195203a8abe09,sell,0x1c4481750daa5ff521a2a7490d9981ed46465dbd,0x092e2bf88ff73fe9638bcd4a0acb8e9700d2b2f2e197ad84bb2f3684849a9f2d
221,7147.695145050344,2.766158021134483,0x69c801419a56628c2d194b91114924a0ab5df56a,2017-10-29T12:06:46.000Z,0.000387,0x78bbd39a55fdbd9b902c77058bb0af7cfabe0379,sell,0x1c4481750daa5ff521a2a7490d9981ed46465dbd,0x1ea335afb588e417d1cb398b8953197d485f803824ed886f51164cc78be183c7
222,900,0.3492,0x3ec6732676db7996c1b34e64b0503f941025cb63,2017-10-29T12:02:51.000Z,0.000388,0x78bbd39a55fdbd9b902c77058bb0af7cfabe0379,sell,0x1c4481750daa5ff521a2a7490d9981ed46465dbd,0xd2681c55c5ead841bf6b35927299cf69d477ba045dbe55239b34716e1fcffd20
223,5000,1.94505,0x6b5ce5a580ac7febf891438c24603914ebfb7726,2017-10-29T10:12:00.000Z,0.00038901,0xbc1845a864aa2a7ba7513bc6837ff7d66ec191c4,sell,0x1c4481750daa5ff521a2a7490d9981ed46465dbd,0x47a53e43885faeb76f90713e16c6e38b38ec5cd3c6477b1842171dbde7fe0129
224,3500,1.36157,0x6b5ce5a580ac7febf891438c24603914ebfb7726,2017-10-29T10:11:20.000Z,0.00038902,0xbc1845a864aa2a7ba7513bc6837ff7d66ec191c4,sell,0x1c4481750daa5ff521a2a7490d9981ed46465dbd,0x1b1ebf6849985c230f66cbcfff54d55db51946e3b71754ddb9617da80c10a8e9
225,11973,4.657748433,0x592c6dc01e055c73c938fdd3063356f1044dbb14,2017-10-29T10:11:10.000Z,0.000389021,0xbc1845a864aa2a7ba7513bc6837ff7d66ec191c4,sell,0x1c4481750daa5ff521a2a7490d9981ed46465dbd,0xfb15bcc714730deb1cd3fa84b84e4c39b4d408d5fb3353a69e21e1a02da04b88
226,695.1918454921271,0.346761692531473,0x7120ea9cf06b279c6008d7d3cadc2a897af9712a,2017-10-29T06:22:58.000Z,0.0004988,0x03c0974e0d234079280b2f9e38b10647f0a5ef86,buy,0x1c4481750daa5ff521a2a7490d9981ed46465dbd,0xf2f40ebab8af8740d87a076e3e4886f34424a108b929374bce289972aa467fbc
227,2924.7856576149147,1.2474210829727612,0x7120ea9cf06b279c6008d7d3cadc2a897af9712a,2017-10-29T06:21:07.000Z,0.0004265,0x5e0dd4b7c50e12306d2dcd3a12a120d22fa08524,buy,0x1c4481750daa5ff521a2a7490d9981ed46465dbd,0x5022ac80f42b556a39bc1d8b9b3b6446dfb0a32f6eb01220fb73082a50959147
228,2991,1.298091009,0x8a09990601e7ff5cdccbec6e9dd0684620a21a29,2017-10-29T05:13:47.000Z,0.000433999,0xcbb55f800291cded8c365f7f327bda4736ac6d37,buy,0x1c4481750daa5ff521a2a7490d9981ed46465dbd,0x1f24ef54b151805e71d127f8496eac9c2c2adf3604fd8e8e9b053e9d1749e0fd
229,662.9847694145209,0.285083450848244,0x8a09990601e7ff5cdccbec6e9dd0684620a21a29,2017-10-29T05:13:47.000Z,0.00043,0x59d10bc165b0613b379e23902cfb322207e867e5,buy,0x1c4481750daa5ff521a2a7490d9981ed46465dbd,0x88a257feef69e0b94eadf569db8bf8c083fb6b1fafeca1850837550931358e22
230,2600,1.118,0x8a09990601e7ff5cdccbec6e9dd0684620a21a29,2017-10-29T05:08:45.000Z,0.00043,0x59d10bc165b0613b379e23902cfb322207e867e5,buy,0x1c4481750daa5ff521a2a7490d9981ed46465dbd,0x02b229e4ccdf387690fffa10f0c753cd059e1e4bce23530ed394843c628ffea4
231,1000,0.4265,0x8a09990601e7ff5cdccbec6e9dd0684620a21a29,2017-10-29T05:08:00.000Z,0.0004265,0x5e0dd4b7c50e12306d2dcd3a12a120d22fa08524,buy,0x1c4481750daa5ff521a2a7490d9981ed46465dbd,0xb8dbdf410b0dfe80c0613066076b5032ad25a2f16c519be70d6da876143f4716
232,2800,1.1942,0x8a09990601e7ff5cdccbec6e9dd0684620a21a29,2017-10-29T05:06:22.000Z,0.0004265,0x5e0dd4b7c50e12306d2dcd3a12a120d22fa08524,buy,0x1c4481750daa5ff521a2a7490d9981ed46465dbd,0x2f50ef14bc7250a944eb4bdf44be54463c6f8dbe0e45d7ebdd8f78aa54677707
233,2200,0.9383,0x8a09990601e7ff5cdccbec6e9dd0684620a21a29,2017-10-29T05:06:06.000Z,0.0004265,0x5e0dd4b7c50e12306d2dcd3a12a120d22fa08524,buy,0x1c4481750daa5ff521a2a7490d9981ed46465dbd,0xeb3bce4c0c552dbc5f942429992f5b57f3d15d440128c3e9d379abbd4f359dc4
234,2900,1.23685,0x8a09990601e7ff5cdccbec6e9dd0684620a21a29,2017-10-29T05:04:40.000Z,0.0004265,0x5e0dd4b7c50e12306d2dcd3a12a120d22fa08524,buy,0x1c4481750daa5ff521a2a7490d9981ed46465dbd,0xec2cbcb0ebe277636bcb8db8dbdf85e11203e28bf96fe163006e3945abfe70db
235,3000,1.2795,0x8a09990601e7ff5cdccbec6e9dd0684620a21a29,2017-10-29T05:03:17.000Z,0.0004265,0x5e0dd4b7c50e12306d2dcd3a12a120d22fa08524,buy,0x1c4481750daa5ff521a2a7490d9981ed46465dbd,0xae4b3fda6ff1e36675887cfda3d21701ffa8eb8345b3c15ea2933cb057b88675
236,4100,1.74865,0x8a09990601e7ff5cdccbec6e9dd0684620a21a29,2017-10-29T05:01:34.000Z,0.0004265,0x5e0dd4b7c50e12306d2dcd3a12a120d22fa08524,buy,0x1c4481750daa5ff521a2a7490d9981ed46465dbd,0xe05715854425ab8330ef34e2e90af8ca6fb63c859d1071c3f035d111bcf4c64f
237,5000,2.1,0x8a09990601e7ff5cdccbec6e9dd0684620a21a29,2017-10-29T05:00:58.000Z,0.00042,0x59d10bc165b0613b379e23902cfb322207e867e5,buy,0x1c4481750daa5ff521a2a7490d9981ed46465dbd,0x4d95d9fd48b03f8f87f054003f8ebb6a7cf9dd4149b169b825e02b26c354097b
238,2000,0.856,0x8a09990601e7ff5cdccbec6e9dd0684620a21a29,2017-10-29T05:00:31.000Z,0.000428,0x2bde376202f4a630b567875ebf14fc4a373b2625,buy,0x1c4481750daa5ff521a2a7490d9981ed46465dbd,0xd5154f007d566f0b2eb6327a3da9e3fa31d2a27ca0d67edf50ab595e033ef250
239,3100,1.333,0x8a09990601e7ff5cdccbec6e9dd0684620a21a29,2017-10-29T04:59:31.000Z,0.00043,0x59d10bc165b0613b379e23902cfb322207e867e5,buy,0x1c4481750daa5ff521a2a7490d9981ed46465dbd,0xe0c816f9b42db1dccd0d386d150342aced8924317ed80ebb715004085f29ce02
240,2600,1.1089,0x8a09990601e7ff5cdccbec6e9dd0684620a21a29,2017-10-29T04:58:22.000Z,0.0004265,0x5e0dd4b7c50e12306d2dcd3a12a120d22fa08524,buy,0x1c4481750daa5ff521a2a7490d9981ed46465dbd,0x50b477ef1c8b85bd1ef1c26262fb953eaa923af7fe992fdfab1086b7150fe5d7
241,2400,1.0236,0x8a09990601e7ff5cdccbec6e9dd0684620a21a29,2017-10-29T04:57:12.000Z,0.0004265,0x5e0dd4b7c50e12306d2dcd3a12a120d22fa08524,buy,0x1c4481750daa5ff521a2a7490d9981ed46465dbd,0x799af8317f62b996fdceb5ac6a62b2a147571009aefcb9da9ae5b41def534a87
242,6952,2.9636376,0x8a09990601e7ff5cdccbec6e9dd0684620a21a29,2017-10-29T04:55:02.000Z,0.0004263,0xd3a58c6f9721b89667add9cbf3b009bae925cc14,buy,0x1c4481750daa5ff521a2a7490d9981ed46465dbd,0x28320dcea3f87292847807f7589a4bed597f5a336780b22e205a6c52bb35e82b
243,571.852,0.243694157948,0x8a09990601e7ff5cdccbec6e9dd0684620a21a29,2017-10-29T04:52:59.000Z,0.000426149,0x592c6dc01e055c73c938fdd3063356f1044dbb14,buy,0x1c4481750daa5ff521a2a7490d9981ed46465dbd,0x90b5ced47859b43aba2c541ce8629198618113428a4895e16c39ccac2e733dd1
244,4345.05,1.824921,0x8a09990601e7ff5cdccbec6e9dd0684620a21a29,2017-10-29T04:51:47.000Z,0.00042,0x59d10bc165b0613b379e23902cfb322207e867e5,buy,0x1c4481750daa5ff521a2a7490d9981ed46465dbd,0x10faf39dbe24d1c9cd854e424c95e7845340816feada03bab6af75395856c49d
245,4.8448169845286975,0.002063892035409225,0x8a09990601e7ff5cdccbec6e9dd0684620a21a29,2017-10-29T04:50:23.000Z,0.000426,0x1d5321e125f6c7079a716705541c7b371ca79e69,sell,0x1c4481750daa5ff521a2a7490d9981ed46465dbd,0x4c778f8e6bb9740330d834c1b642f8cc21c1e0a358b875faa3260ddd270480bc
246,4.859351435482283,0.002040927602902559,0x1d5321e125f6c7079a716705541c7b371ca79e69,2017-10-29T04:50:23.000Z,0.00042,0x59d10bc165b0613b379e23902cfb322207e867e5,buy,0x1c4481750daa5ff521a2a7490d9981ed46465dbd,0x4c778f8e6bb9740330d834c1b642f8cc21c1e0a358b875faa3260ddd270480bc
247,1614.9244603919462,0.687957820126969,0x8a09990601e7ff5cdccbec6e9dd0684620a21a29,2017-10-29T04:49:17.000Z,0.000426,0xd53955fa72ae2844f9add18bb455898af8e470f1,sell,0x1c4481750daa5ff521a2a7490d9981ed46465dbd,0x9d5486d15871f777c5f4dc7f5a16e9120bb1f1fa93c9b2c954a8227934def09c
248,1619.7838118274285,0.68030920096752,0xd53955fa72ae2844f9add18bb455898af8e470f1,2017-10-29T04:49:17.000Z,0.00042,0x59d10bc165b0613b379e23902cfb322207e867e5,buy,0x1c4481750daa5ff521a2a7490d9981ed46465dbd,0x9d5486d15871f777c5f4dc7f5a16e9120bb1f1fa93c9b2c954a8227934def09c
249,30.3068367370892,0.012728871429577465,0x1d5321e125f6c7079a716705541c7b371ca79e69,2017-10-29T04:45:47.000Z,0.00042,0x59d10bc165b0613b379e23902cfb322207e867e5,buy,0x1c4481750daa5ff521a2a7490d9981ed46465dbd,0x05d3b02d72cf1edb34a50f6aa65d383d73d76471ffa6b8427b409f9be6a7f29e
250,30.216188172571485,0.012872096161515452,0x8a09990601e7ff5cdccbec6e9dd0684620a21a29,2017-10-29T04:45:47.000Z,0.00042599999999999995,0x1d5321e125f6c7079a716705541c7b371ca79e69,sell,0x1c4481750daa5ff521a2a7490d9981ed46465dbd,0x05d3b02d72cf1edb34a50f6aa65d383d73d76471ffa6b8427b409f9be6a7f29e
251,1650,0.70314585,0x8a09990601e7ff5cdccbec6e9dd0684620a21a29,2017-10-29T04:41:32.000Z,0.000426149,0x592c6dc01e055c73c938fdd3063356f1044dbb14,buy,0x1c4481750daa5ff521a2a7490d9981ed46465dbd,0xcb33a90cc16eb6a3934a9665fbe199b270a6fdc06661a3162036490fe3d261aa
252,500,0.213,0x8a09990601e7ff5cdccbec6e9dd0684620a21a29,2017-10-29T04:33:55.000Z,0.000426,0xfbf7dc0756a9768d0c71aea5f8421f3b1eaee7d1,buy,0x1c4481750daa5ff521a2a7490d9981ed46465dbd,0x2eb4ff9b993ec0daa4d82f28db950f2d225f18d2af2b24c0fe77d7122a0b11e1
253,2500,1.065,0x8a09990601e7ff5cdccbec6e9dd0684620a21a29,2017-10-29T04:28:50.000Z,0.000426,0xfbf7dc0756a9768d0c71aea5f8421f3b1eaee7d1,buy,0x1c4481750daa5ff521a2a7490d9981ed46465dbd,0xd1a569b0fc07332f4f581cb1741ef6c0f13a6cefb3c2b54593e6df5c048b79f7
254,2339.412677104962,0.9969383729356024,0x0e68c453dad8d1f70e62f7257d22a4db2628f133,2017-10-29T01:29:25.000Z,0.000426149,0x592c6dc01e055c73c938fdd3063356f1044dbb14,buy,0x1c4481750daa5ff521a2a7490d9981ed46465dbd,0xd48ce6396ac5d270f3ec1abd8901a1041c095382c10f1bb93b62c9f1f46a9bad
255,2342.734864564132,0.9991740770017377,0x8092ef9c88a43e78045ecda3660ea330f90e5f85,2017-10-28T21:40:30.000Z,0.000426499,0x592c6dc01e055c73c938fdd3063356f1044dbb14,buy,0x1c4481750daa5ff521a2a7490d9981ed46465dbd,0xb645380ee2996be6d78ef64650740c0f95294c02e0f02e6c71c06ade1d668a2a
256,145.65532861741764,0.062121852,0x77f23349cd32ddeb4aaeaf4d351f7234ab5de6ac,2017-10-28T20:30:20.000Z,0.000426499,0x592c6dc01e055c73c938fdd3063356f1044dbb14,buy,0x1c4481750daa5ff521a2a7490d9981ed46465dbd,0x227430a32d680bd141207bfb31a8df8784e2d28f6a9cdffb94ec4c06495d6cee
257,958.0281128501645,0.3707568796730137,0x69c801419a56628c2d194b91114924a0ab5df56a,2017-10-28T20:29:32.000Z,0.000387,0xd3e0af2fd0be2b6148916ab295d365c8f6fea179,sell,0x1c4481750daa5ff521a2a7490d9981ed46465dbd,0x7a87a802e06d0eb827b1f5bbb9d0dee43283d524ff5a3bc02e81c57166f2e7b7
258,6820,2.64616682,0x592c6dc01e055c73c938fdd3063356f1044dbb14,2017-10-28T20:27:53.000Z,0.000388001,0xd3e0af2fd0be2b6148916ab295d365c8f6fea179,sell,0x1c4481750daa5ff521a2a7490d9981ed46465dbd,0x2d9cabcdbbc789689a41e4ee81bd795b5ec49d8c4b57f289595b7eb6fc55fb34
259,1.172335691291187,0.0005,0x34f9560c63078eb61872a4dc2ccd20e21c34feaf,2017-10-28T20:07:51.000Z,0.000426499,0x592c6dc01e055c73c938fdd3063356f1044dbb14,buy,0x1c4481750daa5ff521a2a7490d9981ed46465dbd,0x4f167e60ffcd158707a2af324878f65d1a92e6186ebd761d5df575e30821b4c3
260,1.172335691291187,0.0005,0xe444a40689f51f63bcd29910622035707d533d29,2017-10-28T20:07:33.000Z,0.000426499,0x592c6dc01e055c73c938fdd3063356f1044dbb14,buy,0x1c4481750daa5ff521a2a7490d9981ed46465dbd,0x6536cd624ef6b12858b369303d55dee690b18e9d5f0262d6b05a9e3b97a9bd0b
261,764.921,0.3262388065,0xf0fd70e019ec4f646ddd5d815e3e7485baa694cf,2017-10-28T19:54:39.000Z,0.0004265,0x592c6dc01e055c73c938fdd3063356f1044dbb14,sell,0x1c4481750daa5ff521a2a7490d9981ed46465dbd,0x96e4b454da7c5af9d3ff1c8557f96888ab429a8de3e158e8dcd37b12c8cf7af4
262,925.078869576381,0.39454613787432646,0xf0fd70e019ec4f646ddd5d815e3e7485baa694cf,2017-10-28T19:50:42.000Z,0.0004265,0x592c6dc01e055c73c938fdd3063356f1044dbb14,sell,0x1c4481750daa5ff521a2a7490d9981ed46465dbd,0xadb623989191a8e6bc9d85f92fc174228aae9bf248f2d49c07c9b6f3bc7d7831
263,1068.861614921675,0.4558694787640944,0xf0fd70e019ec4f646ddd5d815e3e7485baa694cf,2017-10-28T18:48:26.000Z,0.0004265,0x592c6dc01e055c73c938fdd3063356f1044dbb14,sell,0x1c4481750daa5ff521a2a7490d9981ed46465dbd,0x64f7cc5a281a18ef965facf862b2c04fa86e88ea470b53350359210d0c76dc84
264,148.13838507832494,0.06318102123590558,0xf0fd70e019ec4f646ddd5d815e3e7485baa694cf,2017-10-28T18:45:39.000Z,0.0004265,0x592c6dc01e055c73c938fdd3063356f1044dbb14,sell,0x1c4481750daa5ff521a2a7490d9981ed46465dbd,0xd648b8ec32101be6264d25b860a496e7ccd1c76e4528082bad5d75a516271fed
265,1000,0.426499,0x8cc7656a3c697884abb7e2dea4303cd1d7761b76,2017-10-28T18:33:43.000Z,0.000426499,0x592c6dc01e055c73c938fdd3063356f1044dbb14,buy,0x1c4481750daa5ff521a2a7490d9981ed46465dbd,0x126f968919e194d0bed7e52eb3bec4b2166b34ad6c649026f4a81377a8bb2276
266,1075.2143423850853,0.45857891702723885,0x0e68c453dad8d1f70e62f7257d22a4db2628f133,2017-10-28T17:30:00.000Z,0.0004265,0x5e0dd4b7c50e12306d2dcd3a12a120d22fa08524,buy,0x1c4481750daa5ff521a2a7490d9981ed46465dbd,0xc58b7213fa7c281dbdc4b481445402fc35e609a9a922710a88ec60deb1633cfc
267,0.11058636380942535,0.000043117623249294,0x8fcc467661dd076463aa16929de00c5b9e5c71e1,2017-10-28T17:26:50.000Z,0.0003898999999999914,0xfe100b41e2463194787391e411948096b08ed3b2,sell,0x1c4481750daa5ff521a2a7490d9981ed46465dbd,0xa524269a82f19eff4c8bf0e994dda021998576bfef320b970534e0e4c664cb06
268,368.8352035252939,0.14347689417133933,0xb4cfcb2b61bae99448176e1253a2916923cda0dc,2017-10-28T16:54:21.000Z,0.00038899999999999997,0x1ed014aec47fae44c9e55bac7662c0b78ae61798,sell,0x1c4481750daa5ff521a2a7490d9981ed46465dbd,0x5c3910dbf51ea39c0c99789bebf2d51bdf4a4ef50ed5ee6e28b04bd6d898c4eb
269,634.4173241803567,0.27153061474919266,0xede47fcbb7372ce1282f9ebe5f7f50727579e45f,2017-10-28T16:22:44.000Z,0.000428,0xd3a58c6f9721b89667add9cbf3b009bae925cc14,buy,0x1c4481750daa5ff521a2a7490d9981ed46465dbd,0xeff970d26623cec44b835ee169d644582e3ccc9427834e6d988984dc283b7f48
270,3000,1.283997,0xede47fcbb7372ce1282f9ebe5f7f50727579e45f,2017-10-28T16:20:08.000Z,0.000427999,0x592c6dc01e055c73c938fdd3063356f1044dbb14,buy,0x1c4481750daa5ff521a2a7490d9981ed46465dbd,0x63bd173f9260fa499970598069257e6b90bb4ebfa71cebfc4cef4cabfc90f50c
271,5250,2.24595,0xede47fcbb7372ce1282f9ebe5f7f50727579e45f,2017-10-28T16:18:56.000Z,0.0004278,0xce0ea934fbb05d15e1b0c865c548188bdf50ba61,buy,0x1c4481750daa5ff521a2a7490d9981ed46465dbd,0xf0886e556b5fa201e35aee0aa6a7c392dbf33c719d19c8e60203aff3987f74dd
272,3000,1.283397,0xede47fcbb7372ce1282f9ebe5f7f50727579e45f,2017-10-28T16:18:34.000Z,0.000427799,0x592c6dc01e055c73c938fdd3063356f1044dbb14,buy,0x1c4481750daa5ff521a2a7490d9981ed46465dbd,0x002a24ff76a682ed4ea5183d8121aab29cf43ad1e5bf3529d5a094569464ba78
273,1109.2918153723458,0.4292959325490978,0x69c801419a56628c2d194b91114924a0ab5df56a,2017-10-28T13:18:06.000Z,0.000387,0xfe100b41e2463194787391e411948096b08ed3b2,sell,0x1c4481750daa5ff521a2a7490d9981ed46465dbd,0xe2554f50e791e90720a3d03e0b7a9f23b39c79ae47c87f38dcdfd2fe2ac827f3
274,300,0.1161003,0xe32ad7583dcb633c3971f1d3bac822ef4cb171c8,2017-10-28T13:12:36.000Z,0.000387001,0xfe100b41e2463194787391e411948096b08ed3b2,sell,0x1c4481750daa5ff521a2a7490d9981ed46465dbd,0xe7e9bccd2e0c83ff27f674655e7f29fa85cc85aa725babf1a65282db541f2776
275,1126.46,0.43594227292,0xbddb5d1b761672780bf4859e569f0b212cbf53c2,2017-10-28T13:07:34.000Z,0.000387002,0xfe100b41e2463194787391e411948096b08ed3b2,sell,0x1c4481750daa5ff521a2a7490d9981ed46465dbd,0xdc4cf603991c336107cfb7c1ccb9ae683ace16f53c36a91c414c25fa9bf3c575
276,2500,0.975,0x55dec70a47eae12032d85f375a8031b020f63488,2017-10-28T13:04:57.000Z,0.00039,0xfe100b41e2463194787391e411948096b08ed3b2,sell,0x1c4481750daa5ff521a2a7490d9981ed46465dbd,0x7c547b9041a00939030eb1d86586e385a1d334d7f7172e8aa7bb0479c7350e62
277,10,0.00388,0x006895f166f2ddbf9f461ab86fbe8519a972fdf0,2017-10-28T13:04:57.000Z,0.000388,0xfe100b41e2463194787391e411948096b08ed3b2,sell,0x1c4481750daa5ff521a2a7490d9981ed46465dbd,0xb7b2786f9cb77dfc6530a6fcffa8ce906907a049590b5ec4150b4eb84dd98d5b
278,3000,1.173,0xfbf7dc0756a9768d0c71aea5f8421f3b1eaee7d1,2017-10-28T13:04:28.000Z,0.000391,0xfe100b41e2463194787391e411948096b08ed3b2,sell,0x1c4481750daa5ff521a2a7490d9981ed46465dbd,0x8b9c210d03602ee1471d4d30c83c4477984f4d8cb626d4deb186b7a5c82bacf3
279,3637.015230585479,1.563916549151756,0xede47fcbb7372ce1282f9ebe5f7f50727579e45f,2017-10-28T10:17:13.000Z,0.00043,0x59d10bc165b0613b379e23902cfb322207e867e5,buy,0x1c4481750daa5ff521a2a7490d9981ed46465dbd,0xe662e65f1c429a126d1fd37a5e6ff4d1f883a229ad984a8bb0b39948f4842fb8
280,900,0.38592,0xede47fcbb7372ce1282f9ebe5f7f50727579e45f,2017-10-28T10:13:51.000Z,0.0004288,0x3ec6732676db7996c1b34e64b0503f941025cb63,buy,0x1c4481750daa5ff521a2a7490d9981ed46465dbd,0x65318f31fc1eba0405d47e68ce6603d142fff159ebf7b0ddb33a0f2626ed4476
281,2000,0.8558,0xede47fcbb7372ce1282f9ebe5f7f50727579e45f,2017-10-28T10:12:50.000Z,0.0004279,0x2bde376202f4a630b567875ebf14fc4a373b2625,buy,0x1c4481750daa5ff521a2a7490d9981ed46465dbd,0x6b2e30c8ba37b7176c9f25f897cdc3e7b1079f986f42a4d65a4e83f4cef4bdfb
282,2235,0.94317,0xede47fcbb7372ce1282f9ebe5f7f50727579e45f,2017-10-28T10:12:39.000Z,0.000422,0xea31da4c12aa381a336ed6db675d161ee3f7d4ae,buy,0x1c4481750daa5ff521a2a7490d9981ed46465dbd,0xfc539bfff03161ed0f91c46ce05f03e128b783efeb27d36ea05faa3d1d035518
283,181.4659441835775,0.07875585684378426,0x9db0bca93e96f1eed89df9956c45914d9d2430c0,2017-10-28T07:21:55.000Z,0.000433998,0x592c6dc01e055c73c938fdd3063356f1044dbb14,buy,0x1c4481750daa5ff521a2a7490d9981ed46465dbd,0xcb1c0f7f2e24586bd9f168f556b487f385c236690d2f2a21ef53a2a13ea1c2e9
284,99.80623023467247,0.03892442979152227,0x92989eb906d40c6385c9982b08c5953cbf763ab2,2017-10-28T06:50:47.000Z,0.00039,0x52a11f06a30cbb704abbd069a93fdf6d853fc3c5,sell,0x1c4481750daa5ff521a2a7490d9981ed46465dbd,0xabd06518c1605e24c0c1ce32da6c01f3465a6b19de1bfbf086c801b43f0db06d
285,1156.2954839996012,0.4509552387598445,0x92989eb906d40c6385c9982b08c5953cbf763ab2,2017-10-28T06:27:48.000Z,0.00039,0x52a11f06a30cbb704abbd069a93fdf6d853fc3c5,sell,0x1c4481750daa5ff521a2a7490d9981ed46465dbd,0x2c5b691b23e7c9787f4c3e0ae6fb4221ee5ac70f9bca0a344965de199bdfb442
286,10,0.00434,0x006895f166f2ddbf9f461ab86fbe8519a972fdf0,2017-10-28T04:32:49.000Z,0.000434,0x52a11f06a30cbb704abbd069a93fdf6d853fc3c5,sell,0x1c4481750daa5ff521a2a7490d9981ed46465dbd,0x00bdebc0d25eb2fae5aaeefa2db34f8d26e814f569c6074fbdd2bd887601d438
287,30,0.01302,0x006895f166f2ddbf9f461ab86fbe8519a972fdf0,2017-10-28T04:32:22.000Z,0.000434,0x52a11f06a30cbb704abbd069a93fdf6d853fc3c5,sell,0x1c4481750daa5ff521a2a7490d9981ed46465dbd,0x8c69ff468cdcf389f0bdac68f230bae54ade92b3ec522d3a900ba401d75fca03
288,15000,6.4332,0x229c5620230026a87392d086a2174debb88642f7,2017-10-28T02:56:48.000Z,0.00042888,0x5c71f7ca58238adbffcb03ce76fb2f8640a015c5,buy,0x1c4481750daa5ff521a2a7490d9981ed46465dbd,0x235e0f830da9d5ef6778c58b6f6710bff97ea64a671f8131157a5bd8cfa29845
289,0.1174417326425654,0.000045450185416138,0xbddb5d1b761672780bf4859e569f0b212cbf53c2,2017-10-28T00:40:23.000Z,0.0003870019999999992,0x678211b04dd46958818b1c19aa68b1e919de749d,sell,0x1c4481750daa5ff521a2a7490d9981ed46465dbd,0x871879ab39c012303b6f998b4b3737217f5de30317f191c96de2176c442c1cba
290,1178.0580201375735,0.45591080990928123,0xbddb5d1b761672780bf4859e569f0b212cbf53c2,2017-10-28T00:39:10.000Z,0.000387002,0x678211b04dd46958818b1c19aa68b1e919de749d,sell,0x1c4481750daa5ff521a2a7490d9981ed46465dbd,0x2e4701e667c8b9ca7f607f53f4daf503d603d41b5df76aa87de4005b9bcb4226
291,330,0.127743,0x592c6dc01e055c73c938fdd3063356f1044dbb14,2017-10-28T00:37:23.000Z,0.0003871,0x678211b04dd46958818b1c19aa68b1e919de749d,sell,0x1c4481750daa5ff521a2a7490d9981ed46465dbd,0xa65ac4982f9512c0e49e7a4d228115f48f993f2692a2acfb6b7c4c939b202a6f
292,100,0.04,0x8e3b72e61ab133f768fe915d8112806a58eb2f25,2017-10-28T00:37:23.000Z,0.0004,0x678211b04dd46958818b1c19aa68b1e919de749d,sell,0x1c4481750daa5ff521a2a7490d9981ed46465dbd,0xa30919199ae9b22f8c61cb00d381186a0d281f4c2632dc076d5cf035e3eb4106
293,1495.3643704516,0.5787090020935102,0xbddb5d1b761672780bf4859e569f0b212cbf53c2,2017-10-27T22:45:14.000Z,0.000387002,0x0a928293c3f5fb53b1110dbacc4217ebfa3a426e,sell,0x1c4481750daa5ff521a2a7490d9981ed46465dbd,0x448d6719ccdb4cd4b0d3538e5834700e93ce745c5b0717dbdf0bda62bc676e63
294,40,0.016,0x8e3b72e61ab133f768fe915d8112806a58eb2f25,2017-10-27T20:12:27.000Z,0.0004,0x59d10bc165b0613b379e23902cfb322207e867e5,buy,0x1c4481750daa5ff521a2a7490d9981ed46465dbd,0x9d03de022603d203ff773bacab35c82ab1fd6c1b4a0e34ae6ed0690d8bc3bfc1
295,852,0.3408,0x3f1827827dd5cf78bb8c62d3e45d8f921196d325,2017-10-27T19:39:16.000Z,0.0004,0x59d10bc165b0613b379e23902cfb322207e867e5,buy,0x1c4481750daa5ff521a2a7490d9981ed46465dbd,0xf9c3b16443cd6b2539a99690715bd7920d2c220431b349f1f4444292f5f735e2
296,776,0.3104,0x3f1827827dd5cf78bb8c62d3e45d8f921196d325,2017-10-27T18:23:35.000Z,0.0004,0x59d10bc165b0613b379e23902cfb322207e867e5,buy,0x1c4481750daa5ff521a2a7490d9981ed46465dbd,0xd5ef58007db4d83967b4a508bb1449a91106f652fdb29767550ae942a115f60e
297,1592,0.6368,0x3f1827827dd5cf78bb8c62d3e45d8f921196d325,2017-10-27T18:22:54.000Z,0.0004,0x59d10bc165b0613b379e23902cfb322207e867e5,buy,0x1c4481750daa5ff521a2a7490d9981ed46465dbd,0xe64289dbb722031871122fb9e79d137bbeb698651fd8162c4282530fde0a3a48
298,716,0.2864,0x3f1827827dd5cf78bb8c62d3e45d8f921196d325,2017-10-27T18:22:54.000Z,0.0004,0x59d10bc165b0613b379e23902cfb322207e867e5,buy,0x1c4481750daa5ff521a2a7490d9981ed46465dbd,0x9394281b5bedf724e6454d00a06075c863db5819265c56822d58f5371e7018b1
299,116,0.0464,0x3f1827827dd5cf78bb8c62d3e45d8f921196d325,2017-10-27T18:22:25.000Z,0.0004,0x59d10bc165b0613b379e23902cfb322207e867e5,buy,0x1c4481750daa5ff521a2a7490d9981ed46465dbd,0xb6159306c48d84c85abee62e11eaa1a08423a4caed11fc965e1a901ca214ffcc
300,816,0.3264,0x3f1827827dd5cf78bb8c62d3e45d8f921196d325,2017-10-27T18:22:02.000Z,0.0004,0x59d10bc165b0613b379e23902cfb322207e867e5,buy,0x1c4481750daa5ff521a2a7490d9981ed46465dbd,0x5965d8fd0e4ac777e77b242ff710413703f97d8abf29888783efc5f17b1d0721
301,646,0.2584,0x3f1827827dd5cf78bb8c62d3e45d8f921196d325,2017-10-27T18:22:02.000Z,0.0004,0x59d10bc165b0613b379e23902cfb322207e867e5,buy,0x1c4481750daa5ff521a2a7490d9981ed46465dbd,0xdb613ce79301f8efe00efd90c01323e36ee6698dee7e689f54e0dc269fbeb84b
302,2116,0.8464,0x3f1827827dd5cf78bb8c62d3e45d8f921196d325,2017-10-27T18:22:02.000Z,0.0004,0x59d10bc165b0613b379e23902cfb322207e867e5,buy,0x1c4481750daa5ff521a2a7490d9981ed46465dbd,0xeb0000c3ef947e7ac3076060f5274799b5149516b57b21a869cfe2aaf69ccc24
303,446,0.1784,0x3f1827827dd5cf78bb8c62d3e45d8f921196d325,2017-10-27T18:22:02.000Z,0.0004,0x59d10bc165b0613b379e23902cfb322207e867e5,buy,0x1c4481750daa5ff521a2a7490d9981ed46465dbd,0xc35d4687e397bdf3f6899629873b0577bada3c3c46ef454406d5b60dd4222960
304,876,0.3504,0x3f1827827dd5cf78bb8c62d3e45d8f921196d325,2017-10-27T18:21:25.000Z,0.0004,0x59d10bc165b0613b379e23902cfb322207e867e5,buy,0x1c4481750daa5ff521a2a7490d9981ed46465dbd,0x1e373ab44ed2118c821868e1e973473a98afbe8ae5f3cab8c72429c82e79fd97
305,954,0.3816,0x3f1827827dd5cf78bb8c62d3e45d8f921196d325,2017-10-27T18:21:25.000Z,0.0004,0x59d10bc165b0613b379e23902cfb322207e867e5,buy,0x1c4481750daa5ff521a2a7490d9981ed46465dbd,0xdaec46087d24831fe1d0b4f35e66ae4830458d0c6b8179ef9761f40848a14621
306,554,0.2216,0x3f1827827dd5cf78bb8c62d3e45d8f921196d325,2017-10-27T18:20:57.000Z,0.0004,0x59d10bc165b0613b379e23902cfb322207e867e5,buy,0x1c4481750daa5ff521a2a7490d9981ed46465dbd,0x92813d3fb7a4207cfbff9cd4c2b4e6734a03852a410e8ead69a512640917cc2e
307,1200,0.48,0x9084037dbf1368d06d9e530eeec30d1118d3f31d,2017-10-27T18:20:51.000Z,0.0004,0x59d10bc165b0613b379e23902cfb322207e867e5,buy,0x1c4481750daa5ff521a2a7490d9981ed46465dbd,0x9aa145f1747085c98f8f373829666fda916c5dea17cebd793610dda2cb3974fb
308,1054,0.4216,0x3f1827827dd5cf78bb8c62d3e45d8f921196d325,2017-10-27T18:20:51.000Z,0.0004,0x59d10bc165b0613b379e23902cfb322207e867e5,buy,0x1c4481750daa5ff521a2a7490d9981ed46465dbd,0xeac704f51dffd9d93f8f3c1e855f7520bfcdc1820ab88474464c3cf4e636db2d
309,900,0.36,0x3f1827827dd5cf78bb8c62d3e45d8f921196d325,2017-10-27T18:20:51.000Z,0.0004,0x59d10bc165b0613b379e23902cfb322207e867e5,buy,0x1c4481750daa5ff521a2a7490d9981ed46465dbd,0x4564bdf613387c8dd60fb9459e04c3f1fc639ecd4ce9252fd82e5da057d97ac3
310,100,0.04,0x3f1827827dd5cf78bb8c62d3e45d8f921196d325,2017-10-27T18:20:26.000Z,0.0004,0x59d10bc165b0613b379e23902cfb322207e867e5,buy,0x1c4481750daa5ff521a2a7490d9981ed46465dbd,0xa00330bf29d4ec3ff919bab411aa4faa9bc1eae4419d320bbf889d697358bab0
311,670,0.268,0x3f1827827dd5cf78bb8c62d3e45d8f921196d325,2017-10-27T18:20:16.000Z,0.0004,0x59d10bc165b0613b379e23902cfb322207e867e5,buy,0x1c4481750daa5ff521a2a7490d9981ed46465dbd,0x81bd4b9f9d56a36b191c379f0e74a501eaf9d115cdee4294c4b2feb381350419
312,376,0.1504,0x3f1827827dd5cf78bb8c62d3e45d8f921196d325,2017-10-27T18:20:16.000Z,0.0004,0x59d10bc165b0613b379e23902cfb322207e867e5,buy,0x1c4481750daa5ff521a2a7490d9981ed46465dbd,0xbd8791608c8f2b56a0fecfe88952491fc1da4406dcf871ff38c856acd12a7ea8
313,476,0.1904,0x3f1827827dd5cf78bb8c62d3e45d8f921196d325,2017-10-27T18:19:53.000Z,0.0004,0x59d10bc165b0613b379e23902cfb322207e867e5,buy,0x1c4481750daa5ff521a2a7490d9981ed46465dbd,0x43a3af69a759a34463397b22d4cf7bcc3e9091dae83f4940094a2bcb89661747
314,500,0.2,0x3f1827827dd5cf78bb8c62d3e45d8f921196d325,2017-10-27T18:19:46.000Z,0.0004,0x59d10bc165b0613b379e23902cfb322207e867e5,buy,0x1c4481750daa5ff521a2a7490d9981ed46465dbd,0x41a78bc8bd1dcdbb45b3018531e122fd0e9de660e738210f4d70043ed70af6cf
315,9224,3.6896,0x9084037dbf1368d06d9e530eeec30d1118d3f31d,2017-10-27T18:18:23.000Z,0.0004,0x59d10bc165b0613b379e23902cfb322207e867e5,buy,0x1c4481750daa5ff521a2a7490d9981ed46465dbd,0xbc3b2eaadf1eddd87e3386d9791f324b7a2ed5b009fcdbb26bff11be309b9a90
316,6151.676,2.4606704,0x9084037dbf1368d06d9e530eeec30d1118d3f31d,2017-10-27T18:16:17.000Z,0.0004,0x59d10bc165b0613b379e23902cfb322207e867e5,buy,0x1c4481750daa5ff521a2a7490d9981ed46465dbd,0x55c314dc79b797a220464e91b2f35d40ccc470cdbf1d5d8904769a57804db1a6
317,132.508,0.053003067492,0x9084037dbf1368d06d9e530eeec30d1118d3f31d,2017-10-27T18:16:05.000Z,0.000399999,0x592c6dc01e055c73c938fdd3063356f1044dbb14,buy,0x1c4481750daa5ff521a2a7490d9981ed46465dbd,0xccf6f9d9df133f92a5cd1e998e2787af35e26b03504fa7a09ccc6f022d17393f
318,174.50020386297845,0.06979990704498752,0x7ab439aff0de4fd7eed4cabd591c125aa7c130f1,2017-10-27T15:54:41.000Z,0.000399999,0x592c6dc01e055c73c938fdd3063356f1044dbb14,buy,0x1c4481750daa5ff521a2a7490d9981ed46465dbd,0xe085ff13562a95b2b1c6526c8cf57d46f4d9cd6e45989d8b3acd7896122f20f7
319,12.791782561912672,0.005116700232982507,0x0e68c453dad8d1f70e62f7257d22a4db2628f133,2017-10-27T15:54:41.000Z,0.000399999,0x592c6dc01e055c73c938fdd3063356f1044dbb14,buy,0x1c4481750daa5ff521a2a7490d9981ed46465dbd,0x2192bc60b6886aa1226a720effff8d3de9b111178d8e2b70cf30df869e0e470e
320,1208.72,0.4834759128,0x0e68c453dad8d1f70e62f7257d22a4db2628f133,2017-10-27T15:53:42.000Z,0.00039999,0x6786af0a49543da5f3c879c33639fda2546fda33,buy,0x1c4481750daa5ff521a2a7490d9981ed46465dbd,0xd8bdb646014824424b110f5eefe148f4725acc4cb0ce49e5c4073f3434fa1b15
321,2492.52241194789,0.9970089647791559,0x56cbae5c868d8feaffaf96ddcd1c578ed008834e,2017-10-27T12:19:43.000Z,0.0004,0x59d10bc165b0613b379e23902cfb322207e867e5,buy,0x1c4481750daa5ff521a2a7490d9981ed46465dbd,0x39af1ef205a8e36dfcb786ad04b05704cd9ad89f918f3a5e172a3a84ccbc97ac
322,2492.3142492823777,0.996925699712951,0x56cbae5c868d8feaffaf96ddcd1c578ed008834e,2017-10-27T12:02:44.000Z,0.0004,0x59d10bc165b0613b379e23902cfb322207e867e5,buy,0x1c4481750daa5ff521a2a7490d9981ed46465dbd,0x889a6410c97cbbffd7b2079d9b235693f05775eb19a7b8ac5c6f674597f43c3b
323,996.9095803010667,0.3837204665536836,0x55dec70a47eae12032d85f375a8031b020f63488,2017-10-27T10:45:32.000Z,0.00038490999999999997,0x937296fc01c16da1caaadd352f1212b1d580bd03,sell,0x1c4481750daa5ff521a2a7490d9981ed46465dbd,0x180c5d227191c8057e4a3a81edecb1c611c8bbcad8aab581f68dc50d26f96d04
324,6000,2.4,0x3ec6732676db7996c1b34e64b0503f941025cb63,2017-10-27T10:37:19.000Z,0.0004,0x59d10bc165b0613b379e23902cfb322207e867e5,buy,0x1c4481750daa5ff521a2a7490d9981ed46465dbd,0x01959bfa814ec5fb2621c54dc7e2bc84898c5e9f2cab456c553298f598c6bca7
325,883.576,0.34106917176,0x592c6dc01e055c73c938fdd3063356f1044dbb14,2017-10-27T10:32:48.000Z,0.00038601,0xe4cfa5a3f392107acf72da827f0c579aedee5b46,sell,0x1c4481750daa5ff521a2a7490d9981ed46465dbd,0x93246dc250110c16bbff1d0d1d062ccecc00ef04534b7f75482e23874c349d11
326,2863.487139866414,1.1453948559465656,0x1ddfc0532ddbafffae6e93579ca353dfdf502556,2017-10-27T10:20:25.000Z,0.0004,0x59d10bc165b0613b379e23902cfb322207e867e5,buy,0x1c4481750daa5ff521a2a7490d9981ed46465dbd,0x5333a0e9b457882ac141eb27353a2ad759552b4691b0f728d99ffd1ee6388256
327,1214.90326411594,0.4689648089813939,0x592c6dc01e055c73c938fdd3063356f1044dbb14,2017-10-27T09:16:22.000Z,0.00038601,0x2a2cbab438a613de69bfed451a2adb3b316c114d,sell,0x1c4481750daa5ff521a2a7490d9981ed46465dbd,0x611cea039f682565152def75035e8ff915f67aba24b71e52865918d931a0937e
328,1208.7216773408834,0.46657865467035436,0x6786af0a49543da5f3c879c33639fda2546fda33,2017-10-27T08:18:44.000Z,0.00038601,0x47f3eb029e530423d389a6e1a67f2b2ec67c35cb,buy,0x1c4481750daa5ff521a2a7490d9981ed46465dbd,0xcf726dabe1524fc09d832c063e5d2a7e1d2ad8ca9b4fb6a63875e7fb77511975
329,881.1743226591167,0.3401421002896456,0x592c6dc01e055c73c938fdd3063356f1044dbb14,2017-10-27T08:15:04.000Z,0.00038601,0x47f3eb029e530423d389a6e1a67f2b2ec67c35cb,buy,0x1c4481750daa5ff521a2a7490d9981ed46465dbd,0x368abf833e310230929caf61f9c030c24a00c0f29addd06cae4ca8194772aa81
330,0.02981486133888147,0.000011481703101603,0xce3e9ef88d20e1d2113a4d0f869f41c4d3ddc112,2017-10-27T08:05:21.000Z,0.00038509999999999147,0xaa0281c40f8b7b03be140dd39a9c47bad4c9f1fd,sell,0x1c4481750daa5ff521a2a7490d9981ed46465dbd,0xcd74da2d73ac994ac80fd728e5d28237de72afff5b6c95187bc5027175210244
331,299.07287409032,0.11517296381218224,0xce3e9ef88d20e1d2113a4d0f869f41c4d3ddc112,2017-10-27T08:03:56.000Z,0.0003851,0xaa0281c40f8b7b03be140dd39a9c47bad4c9f1fd,sell,0x1c4481750daa5ff521a2a7490d9981ed46465dbd,0x217f7a323db2d83ce34600150c89806ce050d9b422c915f3a6bdcf5d9015cc1d
332,5000,1.93,0xd3a58c6f9721b89667add9cbf3b009bae925cc14,2017-10-27T08:01:39.000Z,0.000386,0x59d10bc165b0613b379e23902cfb322207e867e5,sell,0x1c4481750daa5ff521a2a7490d9981ed46465dbd,0xc5ec892e51327cd9e11e37f519f5efee97b10991488272f36ea0fd53936bf980
333,9513.974970591167,3.6724894783978965,0x3f1827827dd5cf78bb8c62d3e45d8f921196d325,2017-10-27T08:01:16.000Z,0.00038601,0x59d10bc165b0613b379e23902cfb322207e867e5,sell,0x1c4481750daa5ff521a2a7490d9981ed46465dbd,0xf1c30ca95998a8e5e7d827abd6d0b18d88d4ad7e7d839730031cfa5dcbfdfbc6
334,486.0250294088326,0.18761052160210348,0x3f1827827dd5cf78bb8c62d3e45d8f921196d325,2017-10-27T07:25:05.000Z,0.00038601,0xf142121888da843ec0f7690e88ec1073bc91561d,sell,0x1c4481750daa5ff521a2a7490d9981ed46465dbd,0x4b8e2870a2b3c84c745b9cecb55e1ab9ebbe4f9f0eab6bbe42f0915779390af0
335,12.431,0.00479861462,0x52a11f06a30cbb704abbd069a93fdf6d853fc3c5,2017-10-27T07:23:47.000Z,0.00038602,0xf142121888da843ec0f7690e88ec1073bc91561d,sell,0x1c4481750daa5ff521a2a7490d9981ed46465dbd,0x639f5258860511dabd48acbb4d875f91e52768bb5359a2d9eb0ed4b7838c81e8
336,1284.5688366065199,0.49586926230684875,0x52a11f06a30cbb704abbd069a93fdf6d853fc3c5,2017-10-27T07:17:58.000Z,0.00038602,0xabc0c70c3dac3adc85107a24f34d07df89a35f2c,sell,0x1c4481750daa5ff521a2a7490d9981ed46465dbd,0x8758180047e6d05eb18122561de467f14352582634990dfa60c5af115f0afd1a
337,2733,1.054978995,0x592c6dc01e055c73c938fdd3063356f1044dbb14,2017-10-27T07:14:58.000Z,0.000386015,0xabc0c70c3dac3adc85107a24f34d07df89a35f2c,sell,0x1c4481750daa5ff521a2a7490d9981ed46465dbd,0x64ada73a8ecc50e37045a403c3c52df3b9f40ca89a42e23b03ab6734aff4cd4b
338,250,0.10575,0x6f017ddd10f1f0abfd4e598d45471352c6471c53,2017-10-27T01:52:43.000Z,0.000423,0x01bad82ac04051da6f2fa65915eacfb73f4cf223,sell,0x1c4481750daa5ff521a2a7490d9981ed46465dbd,0x90fe288e1a1db915f50855dddc5971e27c0f33935408e37415cefb8759e00690
339,6299.525,2.6709986,0xbd004f6273f54c727209e42b87bd101e598fb1a2,2017-10-27T01:52:16.000Z,0.000424,0x01bad82ac04051da6f2fa65915eacfb73f4cf223,sell,0x1c4481750daa5ff521a2a7490d9981ed46465dbd,0x4353c04bda6fcccf9d7bfa9003c09b99e50db2c2096bf97fbb345f961b614c61
340,2500,1.06,0xbd004f6273f54c727209e42b87bd101e598fb1a2,2017-10-26T22:26:05.000Z,0.000424,0xd3a58c6f9721b89667add9cbf3b009bae925cc14,sell,0x1c4481750daa5ff521a2a7490d9981ed46465dbd,0xb9ff1b17a06cfd94b678b0523b498c6be574837c6c1c0bc36f8685a189cb9e0b
341,2700.474511015851,1.1450011926707209,0xbd004f6273f54c727209e42b87bd101e598fb1a2,2017-10-26T21:43:08.000Z,0.000424,0xf44504d8f4ccc8d6182404ae32e022c07df2bde8,sell,0x1c4481750daa5ff521a2a7490d9981ed46465dbd,0x0675863939107ae4418ca3ef19b86e341d47d13d55271858b1b8b6e9480a67ed
342,553.006,0.234474544553006,0x3ec6732676db7996c1b34e64b0503f941025cb63,2017-10-26T21:40:32.000Z,0.000424000001,0xf44504d8f4ccc8d6182404ae32e022c07df2bde8,sell,0x1c4481750daa5ff521a2a7490d9981ed46465dbd,0xaa16f522492048462dcb916929dff96dbcf81d01f22e7a3921ccd24302e1fdb4
343,1.9938191606021334,0.000845379326089123,0x3ec6732676db7996c1b34e64b0503f941025cb63,2017-10-26T21:19:31.000Z,0.0004240000009999996,0xb4c432a9559a4f1464d2bff9fcbbdc14f1c39dec,sell,0x1c4481750daa5ff521a2a7490d9981ed46465dbd,0x7ff35e146e802d75f475c6585ba55804e5c85761c343f362ea3d525773114e5d
344,1180.64826828527,0.5890254210475211,0x0e68c453dad8d1f70e62f7257d22a4db2628f133,2017-10-26T17:59:10.000Z,0.0004989,0x02919eca2d40cee769646c57bd443c2ab59a43ec,buy,0x1c4481750daa5ff521a2a7490d9981ed46465dbd,0xd65d28b6f75d3bfd79873a8e402061e6933cce94f73b051075f75d43249acc13
345,7000,3.01,0xbd004f6273f54c727209e42b87bd101e598fb1a2,2017-10-26T17:06:16.000Z,0.00043,0x59d10bc165b0613b379e23902cfb322207e867e5,buy,0x1c4481750daa5ff521a2a7490d9981ed46465dbd,0x8e37f4ccf9f9b0ff120ecb94dc7cdda8c516d1441838dc98a8486cb4fe2b816a
346,4344.543951502,1.8464311793883499,0xbd004f6273f54c727209e42b87bd101e598fb1a2,2017-10-26T17:04:55.000Z,0.000425,0x90a7efe7552ba6db534be1e49b0ae524ed719153,buy,0x1c4481750daa5ff521a2a7490d9981ed46465dbd,0xa9f7f22a701f0147e5c036fc5d307414c676d7629c658ccef982dcd80854e6c9
347,571.527,0.242327448,0xbd004f6273f54c727209e42b87bd101e598fb1a2,2017-10-26T17:02:51.000Z,0.000424,0x5c44f3dd2bf7f49e99b79faeebe770124aaad23c,buy,0x1c4481750daa5ff521a2a7490d9981ed46465dbd,0x683a7079f93f1be967ad5b2bc2d41e58c192b0905d49de76b099be986832ea24
348,228.47290666307265,0.0968725124251428,0x79c4cdd69587343577d19d6a508afaba2dde7eb3,2017-10-26T16:14:06.000Z,0.000424,0x5c44f3dd2bf7f49e99b79faeebe770124aaad23c,buy,0x1c4481750daa5ff521a2a7490d9981ed46465dbd,0xa412274646f957d8067e044296f7684456bcaf927c9d08081014aa2fa68a3f3e
349,2250,0.95175,0x79c4cdd69587343577d19d6a508afaba2dde7eb3,2017-10-26T16:12:52.000Z,0.000423,0x56b09c1424761cafa39d473abd6912ac67fd5d09,buy,0x1c4481750daa5ff521a2a7490d9981ed46465dbd,0x56c48a3060438758964128417aa6c018a118014993502a9414e342c979974565
350,50,0.0171,0x65f2dddf638c7a7118b22d610c9aeba141f2467f,2017-10-26T15:37:08.000Z,0.000342,0x6f017ddd10f1f0abfd4e598d45471352c6471c53,buy,0x1c4481750daa5ff521a2a7490d9981ed46465dbd,0xa9b07cb0b55c830e9fc26c434e3f624a3bc04443b35fff7cf5528afc5e1e337d
351,49.845479015053336,0.019190509420795532,0x592c6dc01e055c73c938fdd3063356f1044dbb14,2017-10-26T15:37:08.000Z,0.000385,0x65f2dddf638c7a7118b22d610c9aeba141f2467f,sell,0x1c4481750daa5ff521a2a7490d9981ed46465dbd,0xa9b07cb0b55c830e9fc26c434e3f624a3bc04443b35fff7cf5528afc5e1e337d
352,49.845479015053336,0.019190509420795532,0x592c6dc01e055c73c938fdd3063356f1044dbb14,2017-10-26T15:37:06.000Z,0.000385,0x65f2dddf638c7a7118b22d610c9aeba141f2467f,sell,0x1c4481750daa5ff521a2a7490d9981ed46465dbd,0xa9b07cb0b55c830e9fc26c434e3f624a3bc04443b35fff7cf5528afc5e1e337d
353,50,0.0171,0x65f2dddf638c7a7118b22d610c9aeba141f2467f,2017-10-26T15:37:06.000Z,0.000342,0x6f017ddd10f1f0abfd4e598d45471352c6471c53,buy,0x1c4481750daa5ff521a2a7490d9981ed46465dbd,0xa9b07cb0b55c830e9fc26c434e3f624a3bc04443b35fff7cf5528afc5e1e337d
354,5202.467981558067,2.0034704196980115,0xd3e0af2fd0be2b6148916ab295d365c8f6fea179,2017-10-26T12:35:35.000Z,0.0003851,0xc59f575cecf9c1dafaa88eb422027a3e45c120f9,sell,0x1c4481750daa5ff521a2a7490d9981ed46465dbd,0x8068dcbf18d468f94b17e1e4b7d2ba994920b9da93ed25dd459ec9bd97cdf486
355,11.99994722769543,0.004679979418801217,0x135c91795a4859b2e0dfabf8ae0890cca1f0042e,2017-10-26T12:34:45.000Z,0.00038999999999999994,0xc59f575cecf9c1dafaa88eb422027a3e45c120f9,sell,0x1c4481750daa5ff521a2a7490d9981ed46465dbd,0xc0a01b5cc05e0100fee1ec239e5051cf8cca3b30f3b91db30d696c69ebc97ba4
356,1500,0.5925,0x68f66cbd1692faabb644106e9f5fe33111109403,2017-10-26T12:34:09.000Z,0.000395,0xc59f575cecf9c1dafaa88eb422027a3e45c120f9,sell,0x1c4481750daa5ff521a2a7490d9981ed46465dbd,0xe07d20d0db15aa7aada5a17127b600fa27809581368d1b69d9af7d2b13dfcd56
357,1275,0.541875,0xe32ad7583dcb633c3971f1d3bac822ef4cb171c8,2017-10-26T11:47:48.000Z,0.000425,0x90a7efe7552ba6db534be1e49b0ae524ed719153,buy,0x1c4481750daa5ff521a2a7490d9981ed46465dbd,0xe1e1acc3be4bc16106b67da276cc15e8c029488525621e91952cf806e1d1af71
358,380.4560484980001,0.16169382061165002,0x56cbae5c868d8feaffaf96ddcd1c578ed008834e,2017-10-26T11:40:26.000Z,0.000425,0x90a7efe7552ba6db534be1e49b0ae524ed719153,buy,0x1c4481750daa5ff521a2a7490d9981ed46465dbd,0x8ccf818e62b2830fed7cef67658f23375e2b02ca3f92a0a37145e88e82431ed8
359,3000,1.272,0x56cbae5c868d8feaffaf96ddcd1c578ed008834e,2017-10-26T11:37:16.000Z,0.000424,0xfbf7dc0756a9768d0c71aea5f8421f3b1eaee7d1,buy,0x1c4481750daa5ff521a2a7490d9981ed46465dbd,0x02c06b1ad092982fc7827deaa9693c8be09db3e85f85534cd412ed26a4ff78b7
360,1321.95,0.5605068,0x56cbae5c868d8feaffaf96ddcd1c578ed008834e,2017-10-26T10:22:17.000Z,0.000424,0xd3e70c734cee9c601d7eb3f17b6cfae0c75bb15c,buy,0x1c4481750daa5ff521a2a7490d9981ed46465dbd,0xe9a2458f3cb973fd82295be528480f5cb69751eaad51528f573618c5fc69dbc1
361,1500,0.5985,0x68f66cbd1692faabb644106e9f5fe33111109403,2017-10-26T08:55:43.000Z,0.000399,0x62042d10b3456601f13a3c6a05938801313909e2,sell,0x1c4481750daa5ff521a2a7490d9981ed46465dbd,0xc7e9e5030e92a1a012f6f4dd310ca3730014f0e758d2fc2b3baaec4e51a585fb
362,1495.3643704516,0.5757152826238661,0x592c6dc01e055c73c938fdd3063356f1044dbb14,2017-10-26T07:51:22.000Z,0.000385,0xd3e70c734cee9c601d7eb3f17b6cfae0c75bb15c,sell,0x1c4481750daa5ff521a2a7490d9981ed46465dbd,0xa1feeb570ad07087a9a1601830d0d5ebf5adb4a765f9068f2b6fc6cad8e43320
363,0.00005277230456982,0.000000020581198782,0x135c91795a4859b2e0dfabf8ae0890cca1f0042e,2017-10-26T04:17:58.000Z,0.00038999999999564546,0x995b2a6fac53dda67fbbfe22362282d3c21864fa,sell,0x1c4481750daa5ff521a2a7490d9981ed46465dbd,0x7ba2bdd84d9548ecdc60d7e5a50ae84f77d8fc8a8cb2730ec38282843ebaf1db
364,0.5293589871398664,0.000203750274150134,0x55dec70a47eae12032d85f375a8031b020f63488,2017-10-26T04:16:50.000Z,0.0003848999999999989,0x995b2a6fac53dda67fbbfe22362282d3c21864fa,sell,0x1c4481750daa5ff521a2a7490d9981ed46465dbd,0xb8eafa17acfd4c0e10d0cf4b510c743a0d8b7b38a84e1f4d436813fdb0f21dfd
365,2599,0.9987957,0xd3e0af2fd0be2b6148916ab295d365c8f6fea179,2017-10-26T04:13:24.000Z,0.0003843,0x995b2a6fac53dda67fbbfe22362282d3c21864fa,sell,0x1c4481750daa5ff521a2a7490d9981ed46465dbd,0x3149ad82fe976de127bac04aec850ce312eab950dcc025dcffebfee0277eab19
366,8,0.003080008,0x135c91795a4859b2e0dfabf8ae0890cca1f0042e,2017-10-26T04:08:36.000Z,0.000385001,0x995b2a6fac53dda67fbbfe22362282d3c21864fa,sell,0x1c4481750daa5ff521a2a7490d9981ed46465dbd,0x2f0aca4b179137b4780dc9539317264f2f0cbe638e762550e89d79c57197faf8
367,150,0.057675,0x5c44f3dd2bf7f49e99b79faeebe770124aaad23c,2017-10-26T04:08:36.000Z,0.0003845,0x995b2a6fac53dda67fbbfe22362282d3c21864fa,sell,0x1c4481750daa5ff521a2a7490d9981ed46465dbd,0xecddc8a1323ccef3398ad5c757cea4e8749ebf15ef4bcacfbab02745f61abb39
368,200,0.078,0x135c91795a4859b2e0dfabf8ae0890cca1f0042e,2017-10-26T04:08:07.000Z,0.00039,0x995b2a6fac53dda67fbbfe22362282d3c21864fa,sell,0x1c4481750daa5ff521a2a7490d9981ed46465dbd,0x1788249749c17ce0a9a39aed75b850cea5d2f43d9740e1d6394ce7ec71149908
369,100,0.04,0xe25abbb08d7c8dc15789900198d2f398b799fb22,2017-10-26T04:08:07.000Z,0.0004,0x995b2a6fac53dda67fbbfe22362282d3c21864fa,sell,0x1c4481750daa5ff521a2a7490d9981ed46465dbd,0x16fb5241f2fe73dbb3ddd1d877d804ab37e8201909e075622102770d26a17140
370,115,0.0483,0xe40c8d4236a6de397a6824d6c2bef6a455a7073b,2017-10-26T04:06:00.000Z,0.00042,0x995b2a6fac53dda67fbbfe22362282d3c21864fa,sell,0x1c4481750daa5ff521a2a7490d9981ed46465dbd,0x0a77f84ba110d1f394e4050c9bdc473f80ba694e2421429a46fd5ee828b35dcc
371,650,0.249925,0x5c44f3dd2bf7f49e99b79faeebe770124aaad23c,2017-10-25T23:20:48.000Z,0.0003845,0x1ed014aec47fae44c9e55bac7662c0b78ae61798,sell,0x1c4481750daa5ff521a2a7490d9981ed46465dbd,0x82a6683eb190fb743ba746b1062ab47aedf3cca94d8340a3aee56b1b906662d8
372,1500,0.6,0x5a34a4954c9e43f41d25517bfcf849584039338f,2017-10-25T23:20:43.000Z,0.0004,0x1ed014aec47fae44c9e55bac7662c0b78ae61798,sell,0x1c4481750daa5ff521a2a7490d9981ed46465dbd,0x595748f5ba9edbfe6cf6263be923c388b62e2490baeb53ca6494d190e69846bb
373,660.079,0.25743081,0xa842db65486e996ca467833480b7e50f8a123443,2017-10-25T23:20:43.000Z,0.00039,0x1ed014aec47fae44c9e55bac7662c0b78ae61798,sell,0x1c4481750daa5ff521a2a7490d9981ed46465dbd,0x14580d92fccec9973aa1fdc6c2732bd0ce67a585bc36a23647ce26293465875f
374,3931,1.804329,0xb95d753d130b387f0189d67d6b46f023966ae6b6,2017-10-25T22:05:42.000Z,0.000459,0xbca8b072de18860a00c72782b3ead19ee13a9fcd,buy,0x1c4481750daa5ff521a2a7490d9981ed46465dbd,0x7bc9f32956ffa62c85be6d03b70f912716797eb0edf3024c1f85e09a40738552
375,358,0.15215,0x745382f9afbd68b77f7894a65816254ea857908a,2017-10-25T20:19:12.000Z,0.000425,0x5c44f3dd2bf7f49e99b79faeebe770124aaad23c,sell,0x1c4481750daa5ff521a2a7490d9981ed46465dbd,0x1e9e0d41d0d54bf1b0d85c4f786a983d41f4a166d072dd2d4da18143411c443d
376,1200,0.5124,0xc9aadf0fd10504bbb81624eb05ff888aeff04987,2017-10-25T20:18:16.000Z,0.000427,0x5c44f3dd2bf7f49e99b79faeebe770124aaad23c,sell,0x1c4481750daa5ff521a2a7490d9981ed46465dbd,0x1d354e5ef597cc8ac8b6542b44527d9e948a11edfd3e3f5da9b07856710fb8b4
377,2062.548383128801,0.8043938694202325,0xa842db65486e996ca467833480b7e50f8a123443,2017-10-25T18:03:18.000Z,0.00039,0xcf2c609caf69e12c85d9b94a7743c33bf5c4c52e,sell,0x1c4481750daa5ff521a2a7490d9981ed46465dbd,0x53bae119629506a699d035d97c0bac400a2dc723977c103a555e9cf6a086cd4f
378,3500,1.372,0xa842db65486e996ca467833480b7e50f8a123443,2017-10-25T18:01:38.000Z,0.000392,0xcf2c609caf69e12c85d9b94a7743c33bf5c4c52e,sell,0x1c4481750daa5ff521a2a7490d9981ed46465dbd,0x2e272daf1d85660290982674a6955b8482b596e9f6eb43c3dbdb4fb975ebfef6
379,1600,0.616,0x5c44f3dd2bf7f49e99b79faeebe770124aaad23c,2017-10-25T17:51:00.000Z,0.000385,0xcf2c609caf69e12c85d9b94a7743c33bf5c4c52e,sell,0x1c4481750daa5ff521a2a7490d9981ed46465dbd,0xaff33de2d85b76f7b152fb6db7cf676969230de7c28610983003d8c30bd6235f
380,5000,1.95,0xd3a58c6f9721b89667add9cbf3b009bae925cc14,2017-10-25T17:42:39.000Z,0.00039,0xcf2c609caf69e12c85d9b94a7743c33bf5c4c52e,sell,0x1c4481750daa5ff521a2a7490d9981ed46465dbd,0x55ad4e9a92d813c2b700f3158ed8326d52d3f37c31692fce2b549d3754736533
381,5000,1.95005,0x6b5ce5a580ac7febf891438c24603914ebfb7726,2017-10-25T17:42:07.000Z,0.00039001,0xcf2c609caf69e12c85d9b94a7743c33bf5c4c52e,sell,0x1c4481750daa5ff521a2a7490d9981ed46465dbd,0xd3dd94cbddc2676c50f426f1aaf449ab106e0bfafcb54fc1ccfff2b69ba8632c
382,2000,0.78004,0x6b5ce5a580ac7febf891438c24603914ebfb7726,2017-10-25T17:27:52.000Z,0.00039002,0xcf2c609caf69e12c85d9b94a7743c33bf5c4c52e,sell,0x1c4481750daa5ff521a2a7490d9981ed46465dbd,0xf6a527105ac81334589bae2baf602b19df341afdc7337536120017265c561a3a
383,3804,1.74984,0x7267fafaf927b765bb450748b5264bf43a2a10cf,2017-10-25T17:11:36.000Z,0.00046,0xcf2c609caf69e12c85d9b94a7743c33bf5c4c52e,sell,0x1c4481750daa5ff521a2a7490d9981ed46465dbd,0xd10c8c532e1bce6183367850d882a7f0d40c2160aebbe400d20b2935de787f27
