,amount,amountBase,buyer,date,price,seller,side,tokenAddr,txHash
0,881772.50527394,0.969949755801334,0xddeccc80d6c93cea83be545ca79ef6c36b327347,2017-11-02T13:58:31.000Z,0.0000011,0x1be52a01d15c1b0ceca5f0b9947d195310f60385,sell,0x3597bfd533a99c9aa083587b074434e61eb0a258,0x9d3877905d6f179370fc9e82ee505214b70ef26495deb24332946396e8049808
1,488978.52,0.6014435796,0x5a86ebf9a0e6f8181ed5143557f7b8ba89957fcc,2017-11-02T13:55:52.000Z,0.00000123,0x38705b85a98190d9aba71c4e7bb66509d452db48,buy,0x3597bfd533a99c9aa083587b074434e61eb0a258,0xa26291454c24ba9722daa8a1ef7ec866d67bddf90bd8019fa8da7a9d15552a6a
2,0.40276136,0.000000443037496,0xddeccc80d6c93cea83be545ca79ef6c36b327347,2017-11-02T13:54:51.000Z,0.0000011,0x1be52a01d15c1b0ceca5f0b9947d195310f60385,sell,0x3597bfd533a99c9aa083587b074434e61eb0a258,0x87b3136d3a03eed7c809e425989d83cfc32fc1115f400009b6f90291e43aab79
3,202110.96196504,0.2364698254990968,0xddeccc80d6c93cea83be545ca79ef6c36b327347,2017-11-02T12:18:18.000Z,0.00000117,0x09bc235b5a3e78b7757c362201bcc64340336b3a,buy,0x3597bfd533a99c9aa083587b074434e61eb0a258,0xf0afa5bad7771c55bb6e5b17e3ce1cbc43f1427353051e88a7d67cf62806d483
4,275402,0.3167123,0xddeccc80d6c93cea83be545ca79ef6c36b327347,2017-11-02T12:17:09.000Z,0.00000115,0x09bc235b5a3e78b7757c362201bcc64340336b3a,buy,0x3597bfd533a99c9aa083587b074434e61eb0a258,0x28688792e549adfc0457163b6bc3e8a182552a9a961b9975374e5e7c07282330
5,397012.807,0.45259459998,0xddeccc80d6c93cea83be545ca79ef6c36b327347,2017-11-02T12:16:55.000Z,0.00000114,0x09bc235b5a3e78b7757c362201bcc64340336b3a,buy,0x3597bfd533a99c9aa083587b074434e61eb0a258,0x2b2bb77a304de7adf670cd69cec1b04835b591057bf373a4964b4f8d71f7f352
6,500000,0.555,0xddeccc80d6c93cea83be545ca79ef6c36b327347,2017-11-02T12:16:46.000Z,0.00000111,0x46c24e504d8d29a34e7daa3ab20e32f6e3d5eccb,buy,0x3597bfd533a99c9aa083587b074434e61eb0a258,0xaa5a125628a2ba3bd4157bbf3df810295377d3de8db3f1fcb0dec99e2dbdaddc
7,39876.38300811,0.04191007854152361,0x0c3ce762dc1165dc3b400a82cd3356a52c62a57a,2017-11-02T10:01:40.000Z,0.000001051,0x793807e7fcc3bc4705dcd8eb802ac06a5f580a3d,sell,0x3597bfd533a99c9aa083587b074434e61eb0a258,0xe2ac2352cf75a1f6ff92bf75d1a59787ba69f346419419e87681821fc7b51a94
8,438.59649122,0.0005,0x4fda9e6bcd83af6c5cc771b5d20accc2b7720074,2017-11-02T09:38:53.000Z,0.00000114000000002097,0x09bc235b5a3e78b7757c362201bcc64340336b3a,buy,0x3597bfd533a99c9aa083587b074434e61eb0a258,0xa8519a5eb3e3e2981caa7e1f07c7d749f98e510a02ae82ba748bec2d35caf171
9,438.59649122,0.0005,0x3075f7f189912f4f425dd7021b9c396434197477,2017-11-02T09:28:21.000Z,0.00000114000000002097,0x09bc235b5a3e78b7757c362201bcc64340336b3a,buy,0x3597bfd533a99c9aa083587b074434e61eb0a258,0x98386cde57c2338fbd564a33d7a455f90140210b9992f296a7525d0a18a96e34
10,404126.71716179,0.4247371797370413,0x0c3ce762dc1165dc3b400a82cd3356a52c62a57a,2017-11-02T08:18:07.000Z,0.000001051,0x5aa943321f5b22bcf7a7d09c7eab8137aa1b72f8,sell,0x3597bfd533a99c9aa083587b074434e61eb0a258,0x65355ece8ff554fe756fa5cba6dc6ba62efdbd2224ee7146a880f3d626e81153
11,28495.005,0.0307746054,0x6b9fa468597e3edbcab7ecbefb0888a51020938e,2017-11-02T08:16:27.000Z,0.00000108,0x5aa943321f5b22bcf7a7d09c7eab8137aa1b72f8,sell,0x3597bfd533a99c9aa083587b074434e61eb0a258,0x54c8c90a9021deea36afdedf3a2a0fd700d6402efd83c45dc00b39f374eaf2c9
12,125000,0.135625,0x43994958172990dcae8344eb44c4e5c9403cc6f9,2017-11-02T04:52:36.000Z,0.000001085,0x09bc235b5a3e78b7757c362201bcc64340336b3a,sell,0x3597bfd533a99c9aa083587b074434e61eb0a258,0xd520c96d81f53d4cbf4e564ccc19ec70191330f17094344b0a516ab8d4019fc6
13,475562.275,0.51646063065,0x0c3ce762dc1165dc3b400a82cd3356a52c62a57a,2017-11-02T04:50:55.000Z,0.000001086,0x09bc235b5a3e78b7757c362201bcc64340336b3a,sell,0x3597bfd533a99c9aa083587b074434e61eb0a258,0xea9ccca9539d2df3337e0ce3978a5cf1ad134a094d37338fc2d29dfa9423532b
14,974437.72469081,1.0582393690142196,0x0c3ce762dc1165dc3b400a82cd3356a52c62a57a,2017-11-02T04:30:49.000Z,0.000001086,0x09bc235b5a3e78b7757c362201bcc64340336b3a,sell,0x3597bfd533a99c9aa083587b074434e61eb0a258,0x193369c36f0b974a85d09d390e100c114bfdcedd16eb48b020f9a7e961600215
15,40710,0.0500733,0x9cf1e2584712cf3dd5532bcb18591100eaface48,2017-11-02T03:33:06.000Z,0.00000123,0x0f1b76410215ed963ea2c3d3eaddd4a56350b422,buy,0x3597bfd533a99c9aa083587b074434e61eb0a258,0x51f2db1ffe73668965d27aea42a3b870a1fd9522f64db4a1578675157e199b39
16,177210.64699431,0.1913874987538548,0x6b9fa468597e3edbcab7ecbefb0888a51020938e,2017-11-02T03:20:22.000Z,0.00000108,0x39c122da4cca59f5a1caf9aafb8ab780656e6b50,sell,0x3597bfd533a99c9aa083587b074434e61eb0a258,0xaee61a68cb45fb6ecdee7faedd45721e5c63f573174c539f2ecdd22ed72653fc
17,94294.34752267,0.1018378953244836,0x6b9fa468597e3edbcab7ecbefb0888a51020938e,2017-11-01T21:52:26.000Z,0.00000108,0x1c39c4a38ced25b4cf306d0ebfbd1fdd7d33d917,sell,0x3597bfd533a99c9aa083587b074434e61eb0a258,0xa40e2c457e49fb94f73b084cbebd379d6ca091087e6a003dd9e5bb5ec8c457d7
18,29372.649,0.031193753238,0x5a86ebf9a0e6f8181ed5143557f7b8ba89957fcc,2017-11-01T13:31:01.000Z,0.000001062,0xff0ad139c131720fe615e1c5f6492706480eb6a1,buy,0x3597bfd533a99c9aa083587b074434e61eb0a258,0xc027ad5ab3538f9015ba1ceef7c048a0aaefd4a63824942266cdd581e98a289a
19,100000,0.1063,0x5a86ebf9a0e6f8181ed5143557f7b8ba89957fcc,2017-11-01T12:59:35.000Z,0.000001063,0xff0ad139c131720fe615e1c5f6492706480eb6a1,sell,0x3597bfd533a99c9aa083587b074434e61eb0a258,0x44c4b3e74401460025e2895a2c0a5920023cf2cf8207ae2e2a4a3db4e4980381
20,3000,0.0033,0x0fe73b7e4aeb944b13650922598d9f1c0953d19c,2017-11-01T12:59:11.000Z,0.0000011,0xff0ad139c131720fe615e1c5f6492706480eb6a1,sell,0x3597bfd533a99c9aa083587b074434e61eb0a258,0x83c8a82af3c37b99c85d8e864b3f2b78a2d7f2c3e7391800a32a2b54bdaf50d3
21,100000,0.1071,0x5a86ebf9a0e6f8181ed5143557f7b8ba89957fcc,2017-11-01T12:58:34.000Z,0.000001071,0xff0ad139c131720fe615e1c5f6492706480eb6a1,sell,0x3597bfd533a99c9aa083587b074434e61eb0a258,0xb26656bfaaa8a693d588adaf327e73920f9b214af313bced694abc56a21f2180
22,664724.178,0.71790211224,0x344231b0bc78ea81f690c466338593e6142c9e09,2017-11-01T12:57:18.000Z,0.00000108,0xff0ad139c131720fe615e1c5f6492706480eb6a1,sell,0x3597bfd533a99c9aa083587b074434e61eb0a258,0xa12bcb22fa44bec34551ee2c24854f2297beeba29743de3a8d2d91fef1e889f7
23,100000,0.1111,0x0190d5407e389ba2ca7ad1d6f480f8ebefffb7d9,2017-11-01T12:57:12.000Z,0.000001111,0xff0ad139c131720fe615e1c5f6492706480eb6a1,sell,0x3597bfd533a99c9aa083587b074434e61eb0a258,0xc6f3a71ad06c412268bd2b0306ebd005ed4a2d68e5f5718a8049b72ab3152118
24,500000,0.54,0x344231b0bc78ea81f690c466338593e6142c9e09,2017-11-01T12:21:30.000Z,0.00000108,0x09bc235b5a3e78b7757c362201bcc64340336b3a,sell,0x3597bfd533a99c9aa083587b074434e61eb0a258,0x002bb7960e7b0e549d049bef008a3178eba19258e57dfd65ecaf8222963a20b7
25,1451891.2831514,1.568042585803512,0x344231b0bc78ea81f690c466338593e6142c9e09,2017-11-01T11:06:54.000Z,0.00000108,0x65e4bcff51eba7a03f6e2c9ab28d517d7fd4f383,sell,0x3597bfd533a99c9aa083587b074434e61eb0a258,0x1e389fe4f4f1df24cdbc786c872950a1f130b70510dcd89258c79774caf8bb77
26,100000,0.1081,0x5a86ebf9a0e6f8181ed5143557f7b8ba89957fcc,2017-11-01T11:00:53.000Z,0.000001081,0x65e4bcff51eba7a03f6e2c9ab28d517d7fd4f383,sell,0x3597bfd533a99c9aa083587b074434e61eb0a258,0xd1d24d264d63748d75a4af94175485b00d1548bd8fe3c98449cee962d72513bd
27,1407047.008,1.521017815648,0xb9176b7a30d19d8ecc5dd8f0e3d6cec03dba79df,2017-11-01T11:00:43.000Z,0.000001081,0x65e4bcff51eba7a03f6e2c9ab28d517d7fd4f383,sell,0x3597bfd533a99c9aa083587b074434e61eb0a258,0xef51e19c4d8ee05f602bdc4cefacc7db0ee5fff9ef2b05681e039ab9cb57b13c
28,1407047.008,1.521017815648,0xb9176b7a30d19d8ecc5dd8f0e3d6cec03dba79df,2017-11-01T11:00:26.000Z,0.000001081,0x65e4bcff51eba7a03f6e2c9ab28d517d7fd4f383,sell,0x3597bfd533a99c9aa083587b074434e61eb0a258,0xef51e19c4d8ee05f602bdc4cefacc7db0ee5fff9ef2b05681e039ab9cb57b13c
29,100000,0.1082,0x5a86ebf9a0e6f8181ed5143557f7b8ba89957fcc,2017-11-01T10:59:25.000Z,0.000001082,0x65e4bcff51eba7a03f6e2c9ab28d517d7fd4f383,sell,0x3597bfd533a99c9aa083587b074434e61eb0a258,0x84683c2d9c7d37e88a81c5fef91b7c0a0d327eac3067fb5653de40fb69358927
30,158.78718019,0.00017164894178539,0xb9176b7a30d19d8ecc5dd8f0e3d6cec03dba79df,2017-11-01T08:46:00.000Z,0.000001081,0xce1c28560f17c2aa0b0a539019bbb4492f117e40,sell,0x3597bfd533a99c9aa083587b074434e61eb0a258,0x49c907ac94a47cc93cf7063254e9a3550f1023fa8d1c1836b08d39eeac011774
31,1592794.20445335,1.7218105350140713,0xb9176b7a30d19d8ecc5dd8f0e3d6cec03dba79df,2017-11-01T08:41:50.000Z,0.000001081,0xce1c28560f17c2aa0b0a539019bbb4492f117e40,sell,0x3597bfd533a99c9aa083587b074434e61eb0a258,0xbbe8741a816523bdcc26d28d3223d5ca81c2ea9bd268338512ac8a86942ea192
32,100000,0.1083,0x5a86ebf9a0e6f8181ed5143557f7b8ba89957fcc,2017-11-01T08:40:43.000Z,0.000001083,0xce1c28560f17c2aa0b0a539019bbb4492f117e40,sell,0x3597bfd533a99c9aa083587b074434e61eb0a258,0xb172de57d36c0f0cbad558a3ebc72c0559f9d01b3d7f1ffbcfec99ed10054fcc
33,47658.05802013,0.0562365084637534,0xbb7dc3397c53a9c0a6ddf69d8d9ce53d19cfd408,2017-11-01T08:15:45.000Z,0.00000118,0x5515e656b67d2ae9d15e30f803f5aff9274576e1,sell,0x3597bfd533a99c9aa083587b074434e61eb0a258,0xc47ae14c69eb5234b5b9c840df000aea6cc5949a27bd35df906e6fa75e408c99
34,3524953,3.813999146,0xb9176b7a30d19d8ecc5dd8f0e3d6cec03dba79df,2017-11-01T08:15:00.000Z,0.000001082,0x5515e656b67d2ae9d15e30f803f5aff9274576e1,sell,0x3597bfd533a99c9aa083587b074434e61eb0a258,0xbbcc1e731e4508109684194af5fbeb5a9b0be9a42254557dd83e60bb2ccc4ba6
35,268568.16508907,0.2900536182961956,0x344231b0bc78ea81f690c466338593e6142c9e09,2017-11-01T06:21:36.000Z,0.00000108,0x1035b0fcba2fb9079a771b5be13adbd89bdbc69b,sell,0x3597bfd533a99c9aa083587b074434e61eb0a258,0x20bc711c80af91c123384656cd24330449f0200acb085715650d4f49f51d851e
36,1714816.37344603,1.8520016833217123,0x344231b0bc78ea81f690c466338593e6142c9e09,2017-11-01T04:11:50.000Z,0.00000108,0x09bc235b5a3e78b7757c362201bcc64340336b3a,sell,0x3597bfd533a99c9aa083587b074434e61eb0a258,0xcc5f1d2f433297ab42e888464a7b2b8676ed692e29c7971dba406dab886becc3
37,44966.968,0.05036300416,0x5a86ebf9a0e6f8181ed5143557f7b8ba89957fcc,2017-11-01T04:09:21.000Z,0.00000112,0x09bc235b5a3e78b7757c362201bcc64340336b3a,sell,0x3597bfd533a99c9aa083587b074434e61eb0a258,0x309767b84523c692948daa0be1aa1cd5f9c00b9ad577cdbb76d2ef43a126785c
38,2000000,2.16,0x344231b0bc78ea81f690c466338593e6142c9e09,2017-11-01T04:08:51.000Z,0.00000108,0x09bc235b5a3e78b7757c362201bcc64340336b3a,sell,0x3597bfd533a99c9aa083587b074434e61eb0a258,0xaa40d788a6aafe4f268a4f9868e9d77f63cfebcc06622b401263d335d5372a07
39,900000,0.999,0xdb4e5d81a20f21ee73ae1fa014d3d5d9dea3ade0,2017-11-01T04:08:29.000Z,0.00000111,0x09bc235b5a3e78b7757c362201bcc64340336b3a,sell,0x3597bfd533a99c9aa083587b074434e61eb0a258,0xc6c88266e57845e48fdd45609d68bdddcff203521d428ce8426426e6b83e2322
40,96835.419,0.11426579442,0xbb7dc3397c53a9c0a6ddf69d8d9ce53d19cfd408,2017-11-01T04:08:09.000Z,0.00000118,0x09bc235b5a3e78b7757c362201bcc64340336b3a,sell,0x3597bfd533a99c9aa083587b074434e61eb0a258,0xd24015814a49d2660f80a8652d96cfc8113681331dad5da85f298121180c6798
41,1191223.152,1.34608216176,0x47c965caead95d3f16c3b1e4bc7ac48e3702f5b3,2017-11-01T04:08:09.000Z,0.00000113,0x09bc235b5a3e78b7757c362201bcc64340336b3a,sell,0x3597bfd533a99c9aa083587b074434e61eb0a258,0x6ed2bd82ef7d96e0eb3b550b47b89c9e3053a8a5dca5a98c4b34153142dbae1b
42,37183.05084015,0.04391318304221715,0x5a86ebf9a0e6f8181ed5143557f7b8ba89957fcc,2017-11-01T04:07:58.000Z,0.000001181,0x09bc235b5a3e78b7757c362201bcc64340336b3a,sell,0x3597bfd533a99c9aa083587b074434e61eb0a258,0x839e839afcd0f84ebfe09c0d688635fcb8a1629d667457570c5ac54720da265a
43,62498.81255856,0.07381109763165936,0x5a86ebf9a0e6f8181ed5143557f7b8ba89957fcc,2017-11-01T03:47:59.000Z,0.000001181,0x7530f85827154ce178ff6c0710af07520663f9d5,sell,0x3597bfd533a99c9aa083587b074434e61eb0a258,0x60995f5eea8125d2b54106ffcfab1751924c3cb1c0c2252f89ac6d2f9c7dd726
44,318.13660129,0.00037571932612349,0x5a86ebf9a0e6f8181ed5143557f7b8ba89957fcc,2017-11-01T03:43:32.000Z,0.000001181,0xa5f282efd8db8c66dc5dcfb5ab3bfccb2637d783,sell,0x3597bfd533a99c9aa083587b074434e61eb0a258,0x12d3e5713897a4246b58fc26afedeae378a6f2eb0081fa9ffab8590e55079653
45,3583333.657,4.389583729825,0x5515e656b67d2ae9d15e30f803f5aff9274576e1,2017-11-01T02:25:00.000Z,0.000001225,0x710f59a692c7000b1bf942cdca20495d8a0a10eb,buy,0x3597bfd533a99c9aa083587b074434e61eb0a258,0x05ca965c600b9bd4501ee01d199dc8076ac613a5128273eca5a43a4f1c6d155b
46,797.52766424,0.0009012062605912,0x47c965caead95d3f16c3b1e4bc7ac48e3702f5b3,2017-10-31T21:29:37.000Z,0.00000113,0xcca72ddc853ad38eae133c924732327ae834ede1,sell,0x3597bfd533a99c9aa083587b074434e61eb0a258,0xc3472dd5615357364d9191c03dc623124d8a5a32bec9c4f9c91ed71116dd9aaf
47,300001,0.33900113,0x47c965caead95d3f16c3b1e4bc7ac48e3702f5b3,2017-10-31T20:49:13.000Z,0.00000113,0x1579c988f8c718e170406a057ac44bf7a61feda7,sell,0x3597bfd533a99c9aa083587b074434e61eb0a258,0xc43f2e8a689f51272dd88cccbb81661088f04fd0c56dbe5de594b47572265a56
48,7978.31994061,0.0090155015328893,0x47c965caead95d3f16c3b1e4bc7ac48e3702f5b3,2017-10-31T20:37:20.000Z,0.00000113,0xdb2d8c5a29256fe15b7c4586c110ad223f5f247c,sell,0x3597bfd533a99c9aa083587b074434e61eb0a258,0xa12186913f024b942e1fb47e9f227ade103ff27a2513e108b4cf890b6d963c5d
49,5000,0.0062,0x055799f4df26e698b7aa934e949c18aae4b236bc,2017-10-31T20:03:31.000Z,0.00000124,0x8c90cab04e1b0257832bb4a930b9b1e4a6f3c40f,sell,0x3597bfd533a99c9aa083587b074434e61eb0a258,0x7ed942be91776d05b87bac4c016d995ebcccd1596295e9b7d8aa295e8936f297
50,55033.03160203,0.0616369953942736,0x5a86ebf9a0e6f8181ed5143557f7b8ba89957fcc,2017-10-31T17:18:36.000Z,0.00000112,0x38a4ff00c207cbd78ab34b6ddd1b8754e4498508,sell,0x3597bfd533a99c9aa083587b074434e61eb0a258,0x68af274a84dc26372c648da354522e51d0a53ef024dc0319ebec5b8268b266c7
51,270.76972283,0.0003465852452224,0x1c412ea2c3132f611e42a963c33d2959e77aa41d,2017-10-31T15:28:08.000Z,0.00000128,0x1d5321e125f6c7079a716705541c7b371ca79e69,sell,0x3597bfd533a99c9aa083587b074434e61eb0a258,0x3919f391e19c9e9a5a4cf90a85b4995634e1d62f4308c16e22f7e06e9484a133
52,271.582032,0.000338391211872,0x1d5321e125f6c7079a716705541c7b371ca79e69,2017-10-31T15:28:08.000Z,0.000001246,0x72e1b6e5442c9a2b512c1d900fc8969bddf1deac,buy,0x3597bfd533a99c9aa083587b074434e61eb0a258,0x3919f391e19c9e9a5a4cf90a85b4995634e1d62f4308c16e22f7e06e9484a133
53,90527.344,0.11270654328,0x273a5d3e6721b9f5c1a6474f560c1334c63dda01,2017-10-31T15:25:43.000Z,0.000001245,0x8c90cab04e1b0257832bb4a930b9b1e4a6f3c40f,buy,0x3597bfd533a99c9aa083587b074434e61eb0a258,0xdeb9a4d9402f2dcdca7a6b9564d8c50c063ce5d5e5043291651f9c77d89bf192
54,90255.761968,0.11552737531904,0x1c412ea2c3132f611e42a963c33d2959e77aa41d,2017-10-31T15:25:43.000Z,0.00000128,0x273a5d3e6721b9f5c1a6474f560c1334c63dda01,sell,0x3597bfd533a99c9aa083587b074434e61eb0a258,0xdeb9a4d9402f2dcdca7a6b9564d8c50c063ce5d5e5043291651f9c77d89bf192
55,305169.16463906,0.32836202115162855,0x47b64c800161cc82d81ca055a90ee5c5550ef11d,2017-10-31T10:30:13.000Z,0.000001076,0xdcdc05c3aa3dc541115b0c4e5be4ba443a991452,sell,0x3597bfd533a99c9aa083587b074434e61eb0a258,0xaa5f73a7c0486e42467e86fb9b0be441df8ac585aa0249a36b88c68de05b3e90
56,100000,0.111,0x5a86ebf9a0e6f8181ed5143557f7b8ba89957fcc,2017-10-31T10:28:43.000Z,0.00000111,0xdcdc05c3aa3dc541115b0c4e5be4ba443a991452,sell,0x3597bfd533a99c9aa083587b074434e61eb0a258,0x5008c448d5fac5da310224f82dd661f2605e1723f4b4a9ea2e00765d304344f5
57,15000,0.0168,0x99b18eb4693be06c7ff62ee0fe9210c65e7c51e1,2017-10-31T10:28:43.000Z,0.00000112,0xdcdc05c3aa3dc541115b0c4e5be4ba443a991452,sell,0x3597bfd533a99c9aa083587b074434e61eb0a258,0xc0de37cb6b81fcf7084009e5f7649c5b87bb464dd52b1092b57b06bb1296bf8a
58,497900,0.557648,0x112218f6b3fb00ac03e4376ff11da6eacf246aa2,2017-10-31T10:27:18.000Z,0.00000112,0xdcdc05c3aa3dc541115b0c4e5be4ba443a991452,sell,0x3597bfd533a99c9aa083587b074434e61eb0a258,0xef8a79aab68363c3dc7438e656c3c1cb91085fc594f60760f1bc084ae1a2ee98
59,93633.0499527,0.1049626489969767,0x5a86ebf9a0e6f8181ed5143557f7b8ba89957fcc,2017-10-31T10:26:47.000Z,0.000001121,0xdcdc05c3aa3dc541115b0c4e5be4ba443a991452,sell,0x3597bfd533a99c9aa083587b074434e61eb0a258,0x8d4a2bda85e8a92d0436fd2dfd21f646da3571e6b1264f653e531c0605e261a5
60,550000,0.6171,0x113f5588d1077da83ec702178a0f9127c31c61a9,2017-10-31T10:25:27.000Z,0.000001122,0xdcdc05c3aa3dc541115b0c4e5be4ba443a991452,sell,0x3597bfd533a99c9aa083587b074434e61eb0a258,0x1491a31014f5b2a457991a7b3814df9042c43682fa30608ea332ffa480429c94
61,100000,0.1123,0x5a86ebf9a0e6f8181ed5143557f7b8ba89957fcc,2017-10-31T10:22:03.000Z,0.000001123,0xdcdc05c3aa3dc541115b0c4e5be4ba443a991452,sell,0x3597bfd533a99c9aa083587b074434e61eb0a258,0x2836b6b4b42f806eb2850da35d88c37922cd3825eca57cde3d6992ec18cfc8e9
62,1509220.911,1.70541962943,0xb787711b90c7a1be361204ce79ecdaf06c0157d7,2017-10-31T10:21:15.000Z,0.00000113,0xdcdc05c3aa3dc541115b0c4e5be4ba443a991452,sell,0x3597bfd533a99c9aa083587b074434e61eb0a258,0x54deb838f8a989b5728b281e2a46078bc70cf97350c193d4915e648b39b69628
63,99627.705,0.114671488455,0x5a86ebf9a0e6f8181ed5143557f7b8ba89957fcc,2017-10-31T10:19:18.000Z,0.000001151,0xdcdc05c3aa3dc541115b0c4e5be4ba443a991452,sell,0x3597bfd533a99c9aa083587b074434e61eb0a258,0x8b8f51c5f90750f45b0eb42fa559a0064bb78e2ea35688f4962f96455cbe0a0d
64,54000,0.062748,0x316838f7be288ebd89ae8db354ae1ffc6c430661,2017-10-31T10:19:18.000Z,0.000001162,0xdcdc05c3aa3dc541115b0c4e5be4ba443a991452,sell,0x3597bfd533a99c9aa083587b074434e61eb0a258,0xede081a44f60da9626e2e395cd20cebf4bd1067f5d1d7427d96d77a2ffca9f4d
65,100000,0.1163,0x5a86ebf9a0e6f8181ed5143557f7b8ba89957fcc,2017-10-31T10:19:18.000Z,0.000001163,0xdcdc05c3aa3dc541115b0c4e5be4ba443a991452,sell,0x3597bfd533a99c9aa083587b074434e61eb0a258,0x1987f8d10f1dc21234c0a443fb9716d56dea4d1758baee21f48753133b2b3a7a
66,2740000,3.1236,0x8c90cab04e1b0257832bb4a930b9b1e4a6f3c40f,2017-10-31T10:19:18.000Z,0.00000114,0xdcdc05c3aa3dc541115b0c4e5be4ba443a991452,sell,0x3597bfd533a99c9aa083587b074434e61eb0a258,0x3ca9fe7d812592d1b1a9772c7f9c2b2b0b5014d929bcb8b61caf8d707e712162
67,15000,0.01725,0x43994958172990dcae8344eb44c4e5c9403cc6f9,2017-10-31T10:19:18.000Z,0.00000115,0xdcdc05c3aa3dc541115b0c4e5be4ba443a991452,sell,0x3597bfd533a99c9aa083587b074434e61eb0a258,0xbfed5ce355028a7268becdfa3aac89683d8ccacd2ca83c1af35dfa7a9dae1cab
68,9200000,11.4632,0x7f3b0424d8ceb11f5929102a2659a360256a2096,2017-10-31T10:14:16.000Z,0.000001246,0x72e1b6e5442c9a2b512c1d900fc8969bddf1deac,buy,0x3597bfd533a99c9aa083587b074434e61eb0a258,0x0e4df5d9ccc50e948c7aba0439257514abe8d023e8677c36030f7316be890c04
69,3600000,4.482,0x7f3b0424d8ceb11f5929102a2659a360256a2096,2017-10-31T10:12:55.000Z,0.000001245,0x0f1b76410215ed963ea2c3d3eaddd4a56350b422,buy,0x3597bfd533a99c9aa083587b074434e61eb0a258,0x83764f653e2ecf0155c3a456cdd3e04f8467f1d4c73c3a11be6a6fd53146ce68
70,1276757.035,1.581901966365,0x7f3b0424d8ceb11f5929102a2659a360256a2096,2017-10-31T10:12:43.000Z,0.000001239,0xd59d327c8a5b610d03446e20de5f1a976f9b1d09,buy,0x3597bfd533a99c9aa083587b074434e61eb0a258,0x7b46fbb8c814aec487c161681632018df838f982675325ecf72fc44bbc8c6b1e
71,100015.83,0.1240196292,0x7f3b0424d8ceb11f5929102a2659a360256a2096,2017-10-31T10:12:43.000Z,0.00000124,0x43994958172990dcae8344eb44c4e5c9403cc6f9,buy,0x3597bfd533a99c9aa083587b074434e61eb0a258,0x59e0b2b2b886c230f03032e1a27326b74cff7c83cc7edb2abc36a0ae0b43e293
72,124378.109,0.1492537308,0x7f3b0424d8ceb11f5929102a2659a360256a2096,2017-10-31T10:12:38.000Z,0.0000012,0x527e6009e17c7e85ca8c3912accd8f0e12b89e2b,buy,0x3597bfd533a99c9aa083587b074434e61eb0a258,0xcb2949969d6a4e3cbd93017db12a04c6ee04701fe32cd97e489d66434aea132e
73,194397.3681587,0.219669026019331,0xb787711b90c7a1be361204ce79ecdaf06c0157d7,2017-10-31T07:37:13.000Z,0.00000113,0x6a1afc7af4278351bca6125e03cc9e1a3f41e80a,sell,0x3597bfd533a99c9aa083587b074434e61eb0a258,0x8aeb1b05351cdcc15533450fbfcc703722e25924e88f63623132d9898a7fc27c
74,372.295,0.000428511545,0x5a86ebf9a0e6f8181ed5143557f7b8ba89957fcc,2017-10-31T04:07:01.000Z,0.000001151,0xe444a40689f51f63bcd29910622035707d533d29,sell,0x3597bfd533a99c9aa083587b074434e61eb0a258,0xd5fed9b8074b1ffc19aead1b44f6638cf84f20c0810bc43a3af2a20b79696157
75,0.001,0.000000002329,0x5b3649d50247ee11269068c67a2d259d689f97d6,2017-10-31T03:53:35.000Z,0.000002329,0xbfad80ed7284b2da9bc80cacf93431ba8e48ed3c,buy,0x3597bfd533a99c9aa083587b074434e61eb0a258,0x5efbf4a4fbcf72a1d15b92ccd6cb205e21c9c50bac710683016b5e5db5a358d3
76,236141.662,0.29399636919,0xfc14cb960ad3aa5cd97114f8924167697c7952cd,2017-10-31T02:42:14.000Z,0.000001245,0x0f1b76410215ed963ea2c3d3eaddd4a56350b422,buy,0x3597bfd533a99c9aa083587b074434e61eb0a258,0x13082e4ed9c40e0567420c137425ac8c74a97acede6a41b525b0f15ed3435813
77,0.00001,0.00000000001246,0x0c4085d8e714ca77ac5f46cd2b80a92d238a7cd3,2017-10-31T00:41:18.000Z,0.000001246,0x72e1b6e5442c9a2b512c1d900fc8969bddf1deac,buy,0x3597bfd533a99c9aa083587b074434e61eb0a258,0x2d6dc3ef661a089c7381383315aae7b539934d496c5610d1e60074bd2e15cfcb
78,1163858.33769045,1.4490036304246117,0x7fcc6f744484118a6def0bfc4d75660c7f66d186,2017-10-31T00:15:39.000Z,0.000001245,0x0f1b76410215ed963ea2c3d3eaddd4a56350b422,buy,0x3597bfd533a99c9aa083587b074434e61eb0a258,0x26523579fa125d5925c9e4c6fb186f32f2546ddaf9eb029163fd12e708120cfb
79,3668940.54,4.5494862696,0x7fcc6f744484118a6def0bfc4d75660c7f66d186,2017-10-31T00:15:12.000Z,0.00000124,0x38705b85a98190d9aba71c4e7bb66509d452db48,buy,0x3597bfd533a99c9aa083587b074434e61eb0a258,0xd87456c28666b2892345ebecc74f777288078fc900e89087b7fdcec20a350e94
80,1447742.64296808,1.7952008772804307,0x7fcc6f744484118a6def0bfc4d75660c7f66d186,2017-10-31T00:14:57.000Z,0.00000124,0x8c90cab04e1b0257832bb4a930b9b1e4a6f3c40f,buy,0x3597bfd533a99c9aa083587b074434e61eb0a258,0x4bddf7aa3bb8accd58382a6b622c97be3b6737e8caaeef482f7b1ac312178e16
81,1000000,1.239,0x7fcc6f744484118a6def0bfc4d75660c7f66d186,2017-10-31T00:14:57.000Z,0.000001239,0x8c90cab04e1b0257832bb4a930b9b1e4a6f3c40f,buy,0x3597bfd533a99c9aa083587b074434e61eb0a258,0xf4cb7f96e71ed08c43b042b43287360ad7bbc844fb6856c8257ad86e6bcbb344
82,390000,0.43875,0x7fcc6f744484118a6def0bfc4d75660c7f66d186,2017-10-31T00:14:47.000Z,0.000001125,0x2268bc183bc6ff2919da62e472740830d6447469,buy,0x3597bfd533a99c9aa083587b074434e61eb0a258,0x6e113bc272267cd98dd234fcf7174dc7adcc547bbda6dada8dad17efe88def12
83,100000,0.1125,0x43994958172990dcae8344eb44c4e5c9403cc6f9,2017-10-30T22:49:37.000Z,0.000001125,0x2268bc183bc6ff2919da62e472740830d6447469,buy,0x3597bfd533a99c9aa083587b074434e61eb0a258,0xa632d0da7f1cc4502ac315b950a7cdde975b207c4f1339b00c892a6a43ea3bf3
84,19600,0.022148,0xb787711b90c7a1be361204ce79ecdaf06c0157d7,2017-10-30T21:51:31.000Z,0.00000113,0xf53445885eca46bcf56defbd5fbe0c9f64856f14,sell,0x3597bfd533a99c9aa083587b074434e61eb0a258,0x3de71b34e4c0f3ab9d9076007d54967f4c343c5efba691031ced4e1ef30c02c6
85,180000,0.2034,0xb787711b90c7a1be361204ce79ecdaf06c0157d7,2017-10-30T21:49:39.000Z,0.00000113,0xf53445885eca46bcf56defbd5fbe0c9f64856f14,sell,0x3597bfd533a99c9aa083587b074434e61eb0a258,0xf7f20598d14a1f1bd1aaab98485894384247efd612ccb29ba114a7008b252144
86,96781.72076811,0.1093633444679643,0xb787711b90c7a1be361204ce79ecdaf06c0157d7,2017-10-30T21:41:01.000Z,0.00000113,0x3228a06443455a433f606234384af6c44dec342e,sell,0x3597bfd533a99c9aa083587b074434e61eb0a258,0x2925146846a94652338209d00366a47d1d76876e1c8fe02a6347557b24be7aa8
87,1696.46441405,0.002103615873432359,0xc85a99fcb40cc3d4d6c94d4a7e396541977b5eaf,2017-10-30T20:52:31.000Z,0.0000012400000000061,0xb1dc1e7675ded0f5185f2e005287ca8d6cb03906,buy,0x3597bfd533a99c9aa083587b074434e61eb0a258,0x08612bd3161fc049124cf7c03affdbd562a5b5050001c34c1051e5fae5131199
88,52257.35703191,0.06479912271956934,0xe019b4bca028fa7ee53951c71378853cbbf02ba6,2017-10-30T20:40:21.000Z,0.00000124000000000001,0x8c90cab04e1b0257832bb4a930b9b1e4a6f3c40f,buy,0x3597bfd533a99c9aa083587b074434e61eb0a258,0xbc54a632be5fbf26ee72997f16936e48599dd07471370fbebb35a502ffe01bd6
89,56207.71663179,0.07009102263984457,0x0970ea95a4941beb8da0b40d4adcc066c0e48b1e,2017-10-30T14:22:14.000Z,0.00000124700000000004,0xc81d30440c361135cc53b17834418bfb5a293bbf,buy,0x3597bfd533a99c9aa083587b074434e61eb0a258,0x723c03da2de4f87cb6b71edba91fed2bb96e94e5562ce3cd1912ad524861c6e0
90,996909.58030106,1.1265078257401977,0x99b18eb4693be06c7ff62ee0fe9210c65e7c51e1,2017-10-30T13:27:59.000Z,0.00000113,0xe2bf5933dbb8029916863e7fbd9d745bad4c9c31,sell,0x3597bfd533a99c9aa083587b074434e61eb0a258,0x3ba950270cfd94eede538ae2bae15266d9e507c2cc85a564cf635c3129ef45a6
91,6905,0.00766455,0x5a86ebf9a0e6f8181ed5143557f7b8ba89957fcc,2017-10-30T13:16:16.000Z,0.00000111,0x8fae8e8eb03606a63c245819f950014842c52513,buy,0x3597bfd533a99c9aa083587b074434e61eb0a258,0x154345820122f36b9cabafb224c0ecfc2033a87b5ad5126fd82756e1b7bd85d4
92,6905,0.00766455,0x5a86ebf9a0e6f8181ed5143557f7b8ba89957fcc,2017-10-30T13:14:07.000Z,0.00000111,0x8fae8e8eb03606a63c245819f950014842c52513,buy,0x3597bfd533a99c9aa083587b074434e61eb0a258,0x154345820122f36b9cabafb224c0ecfc2033a87b5ad5126fd82756e1b7bd85d4
93,21617.53425213,0.027000300280920417,0x0970ea95a4941beb8da0b40d4adcc066c0e48b1e,2017-10-30T12:05:49.000Z,0.00000124900000000046,0x0f1b76410215ed963ea2c3d3eaddd4a56350b422,buy,0x3597bfd533a99c9aa083587b074434e61eb0a258,0xf32cf380661edc28d6258bc827dab88af6ce5e8195e40dc1cf99477ac7357f11
94,1500000,1.86,0x5a86ebf9a0e6f8181ed5143557f7b8ba89957fcc,2017-10-30T11:43:12.000Z,0.00000124,0xc9087108b890f9aee9c5b878c6f062a2b0c730f3,buy,0x3597bfd533a99c9aa083587b074434e61eb0a258,0x787550aff26803e560c0280c4628fa995c595fcda85fe19e91f28ac3f25725db
95,6366.9500473,0.0071373510030233,0x5a86ebf9a0e6f8181ed5143557f7b8ba89957fcc,2017-10-30T05:16:31.000Z,0.000001121,0x8988156d003068f226aff6d4abaf8fc880a84c47,sell,0x3597bfd533a99c9aa083587b074434e61eb0a258,0xcc02a5ba1cb53c932bb3b697f377ffaa3266ba789778bcac1f0c2b021f58b3f7
96,1963369.39459369,2.179340027998996,0xd871d75f83a9d579cee33a6692f52dd88b9c0b9d,2017-10-30T02:45:13.000Z,0.00000111,0xe20e30a6568d7bb626afd1c68d55efcf94924d77,sell,0x3597bfd533a99c9aa083587b074434e61eb0a258,0x44148f7fdc9e8fe5c12f95dda64a763cae5db641bf68961edaa9f0f03c1f590b
97,2500000,2.8,0x8c90cab04e1b0257832bb4a930b9b1e4a6f3c40f,2017-10-30T02:44:26.000Z,0.00000112,0xe20e30a6568d7bb626afd1c68d55efcf94924d77,sell,0x3597bfd533a99c9aa083587b074434e61eb0a258,0x8da004d39b12acae5a755e87947cac465e45950579d1e268c4c648d34d3a07f6
98,99287.598,0.111797835348,0x5a86ebf9a0e6f8181ed5143557f7b8ba89957fcc,2017-10-30T02:44:22.000Z,0.000001126,0xe20e30a6568d7bb626afd1c68d55efcf94924d77,sell,0x3597bfd533a99c9aa083587b074434e61eb0a258,0x0962b8c1be7037e6a2cca36e859d0e856cb3f284d0aa2f69f874e678bbd0bc51
99,100000,0.1121,0x5a86ebf9a0e6f8181ed5143557f7b8ba89957fcc,2017-10-30T02:44:22.000Z,0.000001121,0xe20e30a6568d7bb626afd1c68d55efcf94924d77,sell,0x3597bfd533a99c9aa083587b074434e61eb0a258,0x939f10ccff067bb4b89d1d8daa475f194e03d4891bc0c9155d927e8e35a82034
100,356.073,0.000400938198,0x5a86ebf9a0e6f8181ed5143557f7b8ba89957fcc,2017-10-30T02:13:20.000Z,0.000001126,0x16e5d97bbc92417e051e3b2cabfbf8ceea2acb9c,sell,0x3597bfd533a99c9aa083587b074434e61eb0a258,0xb2e62fbdaf2f19bddfbde6c0eceb5b3deac41d4af1d3cf509b425b73f46e3bb6
101,356.329,0.000401226454,0x5a86ebf9a0e6f8181ed5143557f7b8ba89957fcc,2017-10-30T02:13:01.000Z,0.000001126,0x379374d13077e8867ef31803c37baf9785a17c00,sell,0x3597bfd533a99c9aa083587b074434e61eb0a258,0x52621a157d1d5c1cf025eb56e3ae7d19583aa4dc0644871c7226e372017c8326
102,47907.30482071,0.0598841310258972,0xcd69c1ccdefbca98380ccb3461af38b08d6a5e1d,2017-10-29T23:49:12.000Z,0.0000012500000000002,0xc9ae52f35efe6a5b24f670ea2686913a5f3489c4,buy,0x3597bfd533a99c9aa083587b074434e61eb0a258,0xa3b3653ba985a0972c5b08e4e2d9d92ad6d820ea1f8fea9f6b6ff0fff86165a5
103,55000,0.068695,0x5c94fdc3b24d755b77f332d3063a797848d7cfbe,2017-10-29T20:48:54.000Z,0.000001249,0xe20e30a6568d7bb626afd1c68d55efcf94924d77,buy,0x3597bfd533a99c9aa083587b074434e61eb0a258,0xae2d93026507e94bc1f8f75063466e7f6da61993e77c14bfeb7b3b717a1a1237
104,0.30591827,0.000000382091925758,0x5c94fdc3b24d755b77f332d3063a797848d7cfbe,2017-10-29T20:36:07.000Z,0.00000124900002133903,0xe20e30a6568d7bb626afd1c68d55efcf94924d77,buy,0x3597bfd533a99c9aa083587b074434e61eb0a258,0x7cc1ee1562d3ef4d94ca66566d30d52b6b668445cb53b58a6685443afbe15798
105,900000,1.0125,0xc4c3f11db23126544b4bc14ab6a3e44abe90401e,2017-10-29T19:37:17.000Z,0.000001125,0x59aa869d269d80dcbea01835b20fc5c9a3672e28,sell,0x3597bfd533a99c9aa083587b074434e61eb0a258,0xde9ecd2552e02016569d3d9e327f386801aa944332a7a5f75f357b96e8508ec1
106,6386.56302295,0.007976817215672918,0x8988156d003068f226aff6d4abaf8fc880a84c47,2017-10-29T19:13:05.000Z,0.00000124900000000131,0xe20e30a6568d7bb626afd1c68d55efcf94924d77,buy,0x3597bfd533a99c9aa083587b074434e61eb0a258,0x730aa062322650d32b0671adc723cafa1f967aa711a75860dae723786fcaa901
107,3068.66621878,0.00383276410726747,0x5c94fdc3b24d755b77f332d3063a797848d7cfbe,2017-10-29T17:39:51.000Z,0.00000124900000000366,0xe20e30a6568d7bb626afd1c68d55efcf94924d77,buy,0x3597bfd533a99c9aa083587b074434e61eb0a258,0x76db4e3698e69fe11e3d2c0a90efc74c3d7a34915084c995bf9dadd41439c1a7
108,359285.79021815,0.4491072377726912,0x7e5da760c82bf59c9d27d425a6407928ee54a656,2017-10-29T16:51:22.000Z,0.00000125000000000001,0xc9ae52f35efe6a5b24f670ea2686913a5f3489c4,buy,0x3597bfd533a99c9aa083587b074434e61eb0a258,0x8f49155349c4a412cd962c5f91753e99139cde40b4889bdb0bdeb3551d7f8afd
109,405.50939772,0.000547437686922,0x8fae8e8eb03606a63c245819f950014842c52513,2017-10-29T15:50:25.000Z,0.00000135,0x1d5321e125f6c7079a716705541c7b371ca79e69,sell,0x3597bfd533a99c9aa083587b074434e61eb0a258,0x5e828d1e09e9b9160785bf704c09a6cf981f2bdad1accde6af65f64b2f73e024
110,406.72592592,0.0005084074074,0x1d5321e125f6c7079a716705541c7b371ca79e69,2017-10-29T15:50:25.000Z,0.00000125,0xc9ae52f35efe6a5b24f670ea2686913a5f3489c4,buy,0x3597bfd533a99c9aa083587b074434e61eb0a258,0x5e828d1e09e9b9160785bf704c09a6cf981f2bdad1accde6af65f64b2f73e024
111,303377.2558975,0.4040985048554788,0x65e4bcff51eba7a03f6e2c9ab28d517d7fd4f383,2017-10-29T12:45:44.000Z,0.00000133200000000002,0x3228a06443455a433f606234384af6c44dec342e,buy,0x3597bfd533a99c9aa083587b074434e61eb0a258,0x26a17d8f3706d940bdb3312ad56ce1a1ec83d5e647b1813d69526a05ca738d6b
112,75000,0.093675,0xf187eb34073c29ed27a39fb07f3cdd5ad75c99be,2017-10-29T12:32:27.000Z,0.000001249,0xd59d327c8a5b610d03446e20de5f1a976f9b1d09,sell,0x3597bfd533a99c9aa083587b074434e61eb0a258,0xaa723e2e750394caec10e070d6a72723179b5f8599b319962b03f134c0fb812c
113,91177.35,0.11406286485,0x5a86ebf9a0e6f8181ed5143557f7b8ba89957fcc,2017-10-29T12:32:20.000Z,0.000001251,0xd59d327c8a5b610d03446e20de5f1a976f9b1d09,sell,0x3597bfd533a99c9aa083587b074434e61eb0a258,0xb88a7b019546cf2cf90bd120cc6df4556be0d2d4355034a672788355d2adf0a9
114,393104.223,0.49531132098,0x30777d9a68fe6ec79bea759bb830ce0120b7658d,2017-10-29T12:29:06.000Z,0.00000126,0xd59d327c8a5b610d03446e20de5f1a976f9b1d09,sell,0x3597bfd533a99c9aa083587b074434e61eb0a258,0x0d5f74be1f6cf935927345d8029b029016f31c5bb37057bdd6cba8d04453eb58
115,6.62038236,0.0000083416817736,0x30777d9a68fe6ec79bea759bb830ce0120b7658d,2017-10-29T12:24:31.000Z,0.00000126,0x7bd02d3903fa837426cd80f163efb5207f2b4195,sell,0x3597bfd533a99c9aa083587b074434e61eb0a258,0xebd56515d4b1a60114da5ede25f3922f11d4bdec313d119e6b37f61d9b071180
116,0.19379661,0.0000002441837286,0x30777d9a68fe6ec79bea759bb830ce0120b7658d,2017-10-29T12:08:52.000Z,0.00000126,0x5aeda141ceb7323825fb57f8c0fae9a0a97a1674,sell,0x3597bfd533a99c9aa083587b074434e61eb0a258,0x92a4c3936e5ebd4dbf9eb659f45ab557103126ab9d231737012e5877feb673be
117,1943.97368158,0.0024494068387908,0x30777d9a68fe6ec79bea759bb830ce0120b7658d,2017-10-29T12:05:21.000Z,0.00000126,0x5aeda141ceb7323825fb57f8c0fae9a0a97a1674,sell,0x3597bfd533a99c9aa083587b074434e61eb0a258,0x9793d0fd12ece3b5b6ffffc40601fbe4b0f0306acd858028ccd4eed424f3b31f
118,1038535.93365441,1.3085552764045567,0x30777d9a68fe6ec79bea759bb830ce0120b7658d,2017-10-29T12:01:06.000Z,0.00000126,0xe499620ae183dafa02f7db18af73f7612b63aaab,sell,0x3597bfd533a99c9aa083587b074434e61eb0a258,0x9fbd5a9a658fd750ed87cc545890e730a929bb4cb823f25bc13437af49422e2c
119,66409.05541687,0.0836754098252562,0x30777d9a68fe6ec79bea759bb830ce0120b7658d,2017-10-29T11:15:53.000Z,0.00000126,0x7bd02d3903fa837426cd80f163efb5207f2b4195,sell,0x3597bfd533a99c9aa083587b074434e61eb0a258,0x85a5deca09a9c278b5e55bdaf9b3c12a816ad46dce9c265fe1bebd8d90f700bd
120,100000,0.13,0x5a86ebf9a0e6f8181ed5143557f7b8ba89957fcc,2017-10-29T11:06:05.000Z,0.0000013,0x7bd02d3903fa837426cd80f163efb5207f2b4195,sell,0x3597bfd533a99c9aa083587b074434e61eb0a258,0x592fe00476c92c44ef0016a1091f362684c5b47fa32753139fa03c359f1547c6
121,4621.212,0.00609999984,0xb0e0b4eb9691a70afaa2ccd3f4dac986573cbcd9,2017-10-29T11:05:32.000Z,0.00000132,0x7bd02d3903fa837426cd80f163efb5207f2b4195,sell,0x3597bfd533a99c9aa083587b074434e61eb0a258,0x6ecb9b2128f8d2ef6dd1d2fb39dd1c1d027ec65d3c83e6cf115d5a2aaa75742f
122,234000,0.31122,0x5a86ebf9a0e6f8181ed5143557f7b8ba89957fcc,2017-10-29T09:16:57.000Z,0.00000133,0x49dc235474e153367b593cab41b56dff301fbea0,buy,0x3597bfd533a99c9aa083587b074434e61eb0a258,0xeca58465bbc739b1fd4a1da50a999c6f6fcc45e55665e52e66b4f9f6b97c8b10
123,1500000,1.9815,0x30777d9a68fe6ec79bea759bb830ce0120b7658d,2017-10-29T01:14:42.000Z,0.000001321,0xb9d97e6c42801943b8dc14770b02e278df3dadad,sell,0x3597bfd533a99c9aa083587b074434e61eb0a258,0x6513efb4e02e66fa907d63d8da71bac54b789632311ccbed9b5f4caa81b8d19f
124,240000,0.3192,0x3e7dd7df9c1ffd12b8ecd94a27472bdc4d87ab7e,2017-10-29T01:14:42.000Z,0.00000133,0xb9d97e6c42801943b8dc14770b02e278df3dadad,sell,0x3597bfd533a99c9aa083587b074434e61eb0a258,0xd0f26213b3a067219ff951afe7542451eb304ab84fdc3d526a85cba2104226f5
125,191877.787,0.25711623458,0x30777d9a68fe6ec79bea759bb830ce0120b7658d,2017-10-29T00:30:08.000Z,0.00000134,0x929e1c8f9645a4965b8c89cfc8b7899001e84537,buy,0x3597bfd533a99c9aa083587b074434e61eb0a258,0x7460269d33814e2f7525a30dcf9b4bdadf6b8b8903a204b617b127437f88c214
126,779940,1.0295208,0x30777d9a68fe6ec79bea759bb830ce0120b7658d,2017-10-28T23:48:27.000Z,0.00000132,0xec8fc151209cad6789b11d47ddb7fd71fc274f23,buy,0x3597bfd533a99c9aa083587b074434e61eb0a258,0x157dfeca7465af92534066e9ff15b41c55057b5ce05364f92378f70f2303968d
127,20000,0.0268,0xb0e0b4eb9691a70afaa2ccd3f4dac986573cbcd9,2017-10-28T23:40:20.000Z,0.00000134,0xe0fda40ed2db6505c7d9b47249ef869031ae84cb,sell,0x3597bfd533a99c9aa083587b074434e61eb0a258,0xaa5bfe2140c4a59dfbe360e61cc73cd10c1bc028440fbc7695a585c2c9cc4d9a
128,20060,0.0264792,0xe0fda40ed2db6505c7d9b47249ef869031ae84cb,2017-10-28T23:40:20.000Z,0.00000132,0xec8fc151209cad6789b11d47ddb7fd71fc274f23,buy,0x3597bfd533a99c9aa083587b074434e61eb0a258,0xaa5bfe2140c4a59dfbe360e61cc73cd10c1bc028440fbc7695a585c2c9cc4d9a
129,49152.94088925,0.06581578785070677,0x9eb8561151a0ccd38834ca34e7acb6d3865fd317,2017-10-28T23:33:20.000Z,0.00000133900000000002,0x49dc235474e153367b593cab41b56dff301fbea0,buy,0x3597bfd533a99c9aa083587b074434e61eb0a258,0x602f8786804fc241bd5d152eed31822de61b365cf03c4cbf38f35cac74155ec7
130,50100.2331212,0.06708421214929322,0x9eb8561151a0ccd38834ca34e7acb6d3865fd317,2017-10-28T23:32:14.000Z,0.00000133900000000012,0x49dc235474e153367b593cab41b56dff301fbea0,buy,0x3597bfd533a99c9aa083587b074434e61eb0a258,0xdc08a3ec3702c504177c0833e1d1936c174598b8fb8059bcb4108bbf303344e3
131,373.41299477,0.0005,0x34f9560c63078eb61872a4dc2ccd20e21c34feaf,2017-10-28T20:21:16.000Z,0.00000133900000000795,0x49dc235474e153367b593cab41b56dff301fbea0,buy,0x3597bfd533a99c9aa083587b074434e61eb0a258,0x4bd9169cbd308d1d64f234b5c5455ef363024c270e43d40f3bed499ff78295f0
132,373.41299477,0.0005,0xe444a40689f51f63bcd29910622035707d533d29,2017-10-28T20:17:38.000Z,0.00000133900000000795,0x49dc235474e153367b593cab41b56dff301fbea0,buy,0x3597bfd533a99c9aa083587b074434e61eb0a258,0x54cc54bc82f2069866f7f8ba4c9e07b80b6775b33750a9b4cc4b4043fcfe13ca
133,8822.64978566,0.01103713488186066,0x5a86ebf9a0e6f8181ed5143557f7b8ba89957fcc,2017-10-28T18:37:23.000Z,0.000001251,0x888d1964bb7be8c18c4ad550ebdab83103e02fb0,sell,0x3597bfd533a99c9aa083587b074434e61eb0a258,0x791423b04da6ce223f70239f868f13f0670edbc16e7bfc048f3b00fb48f51280
134,50154.521,0.06570242251,0x5a86ebf9a0e6f8181ed5143557f7b8ba89957fcc,2017-10-28T17:41:44.000Z,0.00000131,0x49dc235474e153367b593cab41b56dff301fbea0,sell,0x3597bfd533a99c9aa083587b074434e61eb0a258,0x9fe50ff2e262ed2a1e4902d307bbeb7a6e77e4d5c4d1bf3ecb52555ad762fa6d
135,13370,0.01787569,0x552955220bf453e4d506acda6242c2f1910d5ecc,2017-10-28T17:41:37.000Z,0.000001337,0x49dc235474e153367b593cab41b56dff301fbea0,sell,0x3597bfd533a99c9aa083587b074434e61eb0a258,0xb0cc59bdf1725ea0be5c8365c20af8946fd02f94e919c5c8d02d56b6d9c9ddcf
136,6500,0.008775,0x8fae8e8eb03606a63c245819f950014842c52513,2017-10-28T17:40:38.000Z,0.00000135,0x49dc235474e153367b593cab41b56dff301fbea0,sell,0x3597bfd533a99c9aa083587b074434e61eb0a258,0x4e68daa1c31aeba7c219ffe87b287563379c82c8f7a8aa835ae64893b5d567c0
137,3583333.33859523,4.300000006314276,0x710f59a692c7000b1bf942cdca20495d8a0a10eb,2017-10-28T14:49:00.000Z,0.0000012,0xb9d97e6c42801943b8dc14770b02e278df3dadad,sell,0x3597bfd533a99c9aa083587b074434e61eb0a258,0xf7c92e7cb157666abec5dd6bed4ebd832976f63109240a5cd833b534b740743a
138,4900000,5.8849,0xe38ff5b3f5c5ed44f164afa3108ccac0a1ea3c1b,2017-10-28T14:48:06.000Z,0.000001201,0xb9d97e6c42801943b8dc14770b02e278df3dadad,sell,0x3597bfd533a99c9aa083587b074434e61eb0a258,0xcafda32d9184a7efa29abf31afb9902c6058517016fbc834b642bde81e5e42c9
139,209472.656,0.26812499968,0x1c412ea2c3132f611e42a963c33d2959e77aa41d,2017-10-28T14:48:00.000Z,0.00000128,0xb9d97e6c42801943b8dc14770b02e278df3dadad,sell,0x3597bfd533a99c9aa083587b074434e61eb0a258,0x5e5cbc2f8f2954f40d2ba7661d9a0bb1e05e198d9fd6bddf853dc97fdc61ad8d
140,1000,0.001349,0x83185ffbc3f8eb577ad6ec2093a2045df102c8f9,2017-10-28T13:35:27.000Z,0.000001349,0x4a51a658c342e64acfde23b4a61226f6df238aab,buy,0x3597bfd533a99c9aa083587b074434e61eb0a258,0x1a70a60a652085620149d33c426ff92260a77f0faee691ec37c220f0c1b8463e
141,44304.62618767,0.059766940727178496,0x3cf0a8dfcaafb1c11c569861922d61cfd4ac6cb4,2017-10-28T11:36:57.000Z,0.00000134900000000026,0x4a51a658c342e64acfde23b4a61226f6df238aab,buy,0x3597bfd533a99c9aa083587b074434e61eb0a258,0xd65a3a51a9398613a8a4615831b14c2f27e7f6f8c14b32d7fb9610fcff34f45f
142,49845.47888213,0.0652975773355903,0x5a86ebf9a0e6f8181ed5143557f7b8ba89957fcc,2017-10-28T08:52:01.000Z,0.00000131,0x68ca7fc4bfc3bb2a9cf6f45736dcadc2c427c5a0,sell,0x3597bfd533a99c9aa083587b074434e61eb0a258,0x2a067943dd4192bc18c2a25659ac713d2de88355b28f127cb2923467659d5323
143,75084,0.101288316,0x5a01c826638f637f72a70b0be8a5a71ecf1f4b79,2017-10-28T03:45:52.000Z,0.000001349,0x49dc235474e153367b593cab41b56dff301fbea0,buy,0x3597bfd533a99c9aa083587b074434e61eb0a258,0x1ca5bebb212b06a377f3fc1f1d6ef95d4d9cfa14515b6c024794503a3621de57
144,222981.65354107,0.267577984249284,0x4e7183b06b2da8c078471135fa6d48985d973145,2017-10-28T00:24:51.000Z,0.0000012,0x336707214137ab2035aa724e0378baf0e50af962,sell,0x3597bfd533a99c9aa083587b074434e61eb0a258,0x26300b06a7f43c5ad6d33328c2ed9bcf650c2e021af4b12babec8d807d86337b
145,100000,0.1211,0x5a86ebf9a0e6f8181ed5143557f7b8ba89957fcc,2017-10-28T00:24:35.000Z,0.000001211,0x336707214137ab2035aa724e0378baf0e50af962,sell,0x3597bfd533a99c9aa083587b074434e61eb0a258,0xe74f9e4607832514eee6f2d567cb89a3f19af7fcbfc410f4dd231929a159c2ef
146,74000,0.095534,0x1e9fee6e10f310cffd077d7105590b4fec4cb748,2017-10-28T00:23:25.000Z,0.000001291,0x336707214137ab2035aa724e0378baf0e50af962,sell,0x3597bfd533a99c9aa083587b074434e61eb0a258,0xede7a38a12f6568411fa669e371a84286e6506f6f82cb619839997e10fd6dc37
147,133088,0.166493088,0x49dc235474e153367b593cab41b56dff301fbea0,2017-10-28T00:23:25.000Z,0.000001251,0x336707214137ab2035aa724e0378baf0e50af962,sell,0x3597bfd533a99c9aa083587b074434e61eb0a258,0x81515331f52ebd971d42b01b8acb33ada57f754bf78d52b6cc44f5191f182641
148,146965.62267722,0.1851766845732972,0x49dc235474e153367b593cab41b56dff301fbea0,2017-10-28T00:23:22.000Z,0.00000126,0x336707214137ab2035aa724e0378baf0e50af962,sell,0x3597bfd533a99c9aa083587b074434e61eb0a258,0x0c7a349c70ba173116bc0815a37f50b0a3316ea2f0487ba924b10ff661198f69
149,360000,0.4536,0x65e4bcff51eba7a03f6e2c9ab28d517d7fd4f383,2017-10-28T00:22:59.000Z,0.00000126,0x336707214137ab2035aa724e0378baf0e50af962,sell,0x3597bfd533a99c9aa083587b074434e61eb0a258,0x6637279ba364476b66a7c166dd9a175854320c6205c68a97554a97b59680e961
150,200000,0.256,0x49dc235474e153367b593cab41b56dff301fbea0,2017-10-28T00:21:50.000Z,0.00000128,0x336707214137ab2035aa724e0378baf0e50af962,sell,0x3597bfd533a99c9aa083587b074434e61eb0a258,0x4ca73b532dd3515b3a52d08ddd5d30b16cf1bcf6783dd49fc29175446743c0a4
151,590000,0.7552,0x65e4bcff51eba7a03f6e2c9ab28d517d7fd4f383,2017-10-28T00:21:27.000Z,0.00000128,0x336707214137ab2035aa724e0378baf0e50af962,sell,0x3597bfd533a99c9aa083587b074434e61eb0a258,0xd6b19fc34c04f41b6ead427009af8fb9cace4cbe672785564bc7b456d7f91db7
152,100000,0.129,0x5a86ebf9a0e6f8181ed5143557f7b8ba89957fcc,2017-10-28T00:20:43.000Z,0.00000129,0x336707214137ab2035aa724e0378baf0e50af962,sell,0x3597bfd533a99c9aa083587b074434e61eb0a258,0x55db71c33bde0ef2c258aad0825bf327f4a64ba2cfd9aa1cfed04a794be85e2b
153,2000000,2.576,0xf76abdadd757233a8300502df05530876a008170,2017-10-28T00:20:21.000Z,0.000001288,0x336707214137ab2035aa724e0378baf0e50af962,sell,0x3597bfd533a99c9aa083587b074434e61eb0a258,0xb2d893518641d7615d2c62f490df809b4c39d1cbc2efdb7409e2a806a0ed0baa
154,16392.87070288,0.02132712478444688,0x9eb8561151a0ccd38834ca34e7acb6d3865fd317,2017-10-28T00:19:54.000Z,0.000001301,0x336707214137ab2035aa724e0378baf0e50af962,sell,0x3597bfd533a99c9aa083587b074434e61eb0a258,0x6e0eb0585b888d6caba9d02fae5a42cf516bc0671474935567ad3397be99d73b
155,49801.866,0.06524044446,0x68ca7fc4bfc3bb2a9cf6f45736dcadc2c427c5a0,2017-10-28T00:19:54.000Z,0.00000131,0x336707214137ab2035aa724e0378baf0e50af962,sell,0x3597bfd533a99c9aa083587b074434e61eb0a258,0xec4bc68b78659c9a321b65daf9fff548027a7f86d0380f8dca527a51a8613c9f
156,198754.305,0.25877810511,0x5a86ebf9a0e6f8181ed5143557f7b8ba89957fcc,2017-10-28T00:19:54.000Z,0.000001302,0x336707214137ab2035aa724e0378baf0e50af962,sell,0x3597bfd533a99c9aa083587b074434e61eb0a258,0x03b0dc3e0e413d8bd10802d7f83e043979c839402f06f440804cec30130733fc
157,198.13386667,0.0002595553653377,0x68ca7fc4bfc3bb2a9cf6f45736dcadc2c427c5a0,2017-10-27T22:40:07.000Z,0.00000131,0x09bc235b5a3e78b7757c362201bcc64340336b3a,sell,0x3597bfd533a99c9aa083587b074434e61eb0a258,0xa879d67dcfbbcdf6bab6aa28e60b4fc84e20c1ecfa649bf991dff348a6a3fb0f
158,81729.98105119,0.11434024349061822,0xa67eaff0317b0a4c29501779a0cc68b4bb52b797,2017-10-27T22:35:02.000Z,0.00000139900000000004,0x0f1b76410215ed963ea2c3d3eaddd4a56350b422,buy,0x3597bfd533a99c9aa083587b074434e61eb0a258,0x7f05bb3e6009b86ed01619939ed3e837f4e3797b5687fd74794862ec180c38c6
159,1700000,2.3783,0xa67eaff0317b0a4c29501779a0cc68b4bb52b797,2017-10-27T22:32:24.000Z,0.000001399,0x0f1b76410215ed963ea2c3d3eaddd4a56350b422,buy,0x3597bfd533a99c9aa083587b074434e61eb0a258,0x316b48fd0cfba214e962c39a78651fdbaa20891239ac7139ae8cb741062c1998
160,1245.69490092,0.00162189476099784,0x5a86ebf9a0e6f8181ed5143557f7b8ba89957fcc,2017-10-27T22:15:13.000Z,0.000001302,0x8988156d003068f226aff6d4abaf8fc880a84c47,sell,0x3597bfd533a99c9aa083587b074434e61eb0a258,0x982369426f4131b16449dea7e63e8002b1e6c202f3c17a92c97534a573259fcc
161,20000,0.02798,0x8f89d943ae74d33b77e5db257364637e1d8a820f,2017-10-27T20:48:03.000Z,0.000001399,0x0f1b76410215ed963ea2c3d3eaddd4a56350b422,buy,0x3597bfd533a99c9aa083587b074434e61eb0a258,0xe5efd249a63d28d954ce041702b470c102100ff36de5b5e21d55ca86d930ed1d
162,22346.09522488,0.03126218721961918,0xb012e699f0e6173de418f7f977cdb3a8c0933ecd,2017-10-27T20:23:09.000Z,0.00000139900000000053,0x0f1b76410215ed963ea2c3d3eaddd4a56350b422,buy,0x3597bfd533a99c9aa083587b074434e61eb0a258,0x0dd505290ae249d5d892b705cf153fdab5e8a7b13b1b6e8f65bb8888d12d12a6
163,3000,0.00765,0x1b137988fac9519835e4021113e53b5ee569da38,2017-10-27T20:13:55.000Z,0.00000255,0x0db5e7924d87d2ec27876882e7af911a58050dd1,buy,0x3597bfd533a99c9aa083587b074434e61eb0a258,0xa9f53ccd4af8c01245fa071c0aaba8abd9922262a0364992948bfcff4e2cf760
164,100000,0.1399,0xb012e699f0e6173de418f7f977cdb3a8c0933ecd,2017-10-27T20:11:41.000Z,0.000001399,0x0f1b76410215ed963ea2c3d3eaddd4a56350b422,buy,0x3597bfd533a99c9aa083587b074434e61eb0a258,0x1defd18be7cea5dc4683a1e2f4621c1cbacf1102106dd6294dcf1e4418f4a5c5
165,30000,0.0441,0xfc14cb960ad3aa5cd97114f8924167697c7952cd,2017-10-27T17:54:47.000Z,0.00000147,0xec8fc151209cad6789b11d47ddb7fd71fc274f23,buy,0x3597bfd533a99c9aa083587b074434e61eb0a258,0x1a95e8e1369acef4934eb60110c4b39b50fad880bf7318769ae17d01ff6c530d
166,576056.049,0.85256295252,0xec8bce8226cc92ce463c7df5fdbd10cfda50af31,2017-10-27T16:57:24.000Z,0.00000148,0x65e4bcff51eba7a03f6e2c9ab28d517d7fd4f383,buy,0x3597bfd533a99c9aa083587b074434e61eb0a258,0xf0f6c49640fec496571e2d6b60e6d3a96af3831c2a791cfb29db1199ec00f386
167,6.04138053,0.00000785983606953,0x9eb8561151a0ccd38834ca34e7acb6d3865fd317,2017-10-27T16:14:36.000Z,0.000001301,0xf19f2169328bd8a5cbe2683055e8f7339b644f63,sell,0x3597bfd533a99c9aa083587b074434e61eb0a258,0x50087260a6e6ab4140198d344f09cb854a5db17d593d625b48f457d6cce1ae86
168,60601.08791659,0.07884201537948358,0x9eb8561151a0ccd38834ca34e7acb6d3865fd317,2017-10-27T16:12:28.000Z,0.000001301,0xf19f2169328bd8a5cbe2683055e8f7339b644f63,sell,0x3597bfd533a99c9aa083587b074434e61eb0a258,0x2ae8b897994ebcff6264f8c4cd76ee22bb76028e57ef185002da5f9b6469db5c
169,3943.95124138,0.005837047837251831,0xf19f2169328bd8a5cbe2683055e8f7339b644f63,2017-10-27T16:11:04.000Z,0.00000148000000000239,0x65e4bcff51eba7a03f6e2c9ab28d517d7fd4f383,buy,0x3597bfd533a99c9aa083587b074434e61eb0a258,0x532574a1a8c3a1965b7b13887b640830d07fb0c4c7c0d8a793d58d56910efa33
170,200309.042,0.2904481109,0xd1871537e5bc1e3410c01a8600718e63ba305f63,2017-10-27T13:39:42.000Z,0.00000145,0x65e4bcff51eba7a03f6e2c9ab28d517d7fd4f383,sell,0x3597bfd533a99c9aa083587b074434e61eb0a258,0x2ab88279a01283ac2279867dc8e2cc4e378c055f5cb8dad1bc54d440cf053883
171,195000,0.2886,0x6a1afc7af4278351bca6125e03cc9e1a3f41e80a,2017-10-27T13:28:43.000Z,0.00000148,0x49dc235474e153367b593cab41b56dff301fbea0,buy,0x3597bfd533a99c9aa083587b074434e61eb0a258,0x7f900c2fab9bbfa9ee2a85fbae2f7324d82f349dad9e28197ebd24e4375c5cbd
172,99690.95799011,0.1445518890856595,0xd1871537e5bc1e3410c01a8600718e63ba305f63,2017-10-27T13:02:41.000Z,0.00000145,0x24418ab1b19550b380652432eac1ab37bf3d0fa9,sell,0x3597bfd533a99c9aa083587b074434e61eb0a258,0x8e9ff965b4f24374ec56d2a3a9aebf418516f60a92d4c41fd7783ab791f5a696
173,530054,0.6360648,0x65e4bcff51eba7a03f6e2c9ab28d517d7fd4f383,2017-10-27T12:02:44.000Z,0.0000012,0xb98772904df47732cf1161ea9ebb8fe162a5f7ea,buy,0x3597bfd533a99c9aa083587b074434e61eb0a258,0xd1488b9a0c2ba403c74e61b668ddeb450c0b688ae9d6550f2cfdcfa1f7dde83a
174,1000000,1.2,0xd2ea382e498316d91b9de8557670149b479721a0,2017-10-27T12:00:22.000Z,0.0000012,0xb98772904df47732cf1161ea9ebb8fe162a5f7ea,buy,0x3597bfd533a99c9aa083587b074434e61eb0a258,0x256a65b6a71c4fb5eb736797c95325e67e0b19295025d4f7a8b9d4c8870c9655
175,997000,1.244256,0x65e4bcff51eba7a03f6e2c9ab28d517d7fd4f383,2017-10-27T12:00:22.000Z,0.000001248,0xd2ea382e498316d91b9de8557670149b479721a0,sell,0x3597bfd533a99c9aa083587b074434e61eb0a258,0x256a65b6a71c4fb5eb736797c95325e67e0b19295025d4f7a8b9d4c8870c9655
176,0.00026323,0.000000000394846532,0x4efd19b91ff217cdbbc4a16359bd846d991e5d57,2017-10-27T11:50:42.000Z,0.00000150000582000531,0xcb7e627dd3b450f8a18fde88227998c02bd0c62b,buy,0x3597bfd533a99c9aa083587b074434e61eb0a258,0x2d77917cecdca46f6a71b9d19509df4745dd7bc4396a006f212d2a1f2bdeb07b
177,2.64047037,0.000003960705563129,0x4efd19b91ff217cdbbc4a16359bd846d991e5d57,2017-10-27T11:49:42.000Z,0.00000150000000307861,0xcb7e627dd3b450f8a18fde88227998c02bd0c62b,buy,0x3597bfd533a99c9aa083587b074434e61eb0a258,0xea51c79d28a3a69ca009dad3d62d6045f5cceafafd1cb4ef27439187c1867633
178,26486.55833582,0.03972983750373841,0x4efd19b91ff217cdbbc4a16359bd846d991e5d57,2017-10-27T11:47:28.000Z,0.00000150000000000031,0xcb7e627dd3b450f8a18fde88227998c02bd0c62b,buy,0x3597bfd533a99c9aa083587b074434e61eb0a258,0x841b420131227f24458f77b944754d128d2ee4d567395ffab03481239be4de08
179,500000,0.74,0x7f3b0424d8ceb11f5929102a2659a360256a2096,2017-10-27T11:03:19.000Z,0.00000148,0x65e4bcff51eba7a03f6e2c9ab28d517d7fd4f383,buy,0x3597bfd533a99c9aa083587b074434e61eb0a258,0x779822e82fa815d78dea1ea75dc0a0bc74db634d243eb442ab103c35e391a8b5
180,510000,0.7446,0x7f3b0424d8ceb11f5929102a2659a360256a2096,2017-10-27T11:02:52.000Z,0.00000146,0x65e4bcff51eba7a03f6e2c9ab28d517d7fd4f383,buy,0x3597bfd533a99c9aa083587b074434e61eb0a258,0xb93594b9987413190dde900637d58171e30562b97301204a85459910c3101571
181,2000000,2.9,0x7f3b0424d8ceb11f5929102a2659a360256a2096,2017-10-27T10:59:01.000Z,0.00000145,0x0f1b76410215ed963ea2c3d3eaddd4a56350b422,buy,0x3597bfd533a99c9aa083587b074434e61eb0a258,0x993a802515ef2e7bc5a61f5723f9f89f53ba36fb31b20277664fe041154fabd1
182,1000000,1.4,0x7f3b0424d8ceb11f5929102a2659a360256a2096,2017-10-27T10:58:35.000Z,0.0000014,0x47b64c800161cc82d81ca055a90ee5c5550ef11d,buy,0x3597bfd533a99c9aa083587b074434e61eb0a258,0x1c92080807babf672e9af71707241886706080c1ad523772c0efb2a4c31b891d
183,90304,0.1264256,0x7f3b0424d8ceb11f5929102a2659a360256a2096,2017-10-27T10:57:08.000Z,0.0000014,0x0d77884f76b8c961465432ee63ef05292a063f76,buy,0x3597bfd533a99c9aa083587b074434e61eb0a258,0x34ae5632f4d1ac363b53199b5333dcfeed40d929c4d21299a574a352bfb23ebe
184,489500,0.723481,0x7f3b0424d8ceb11f5929102a2659a360256a2096,2017-10-27T10:57:08.000Z,0.000001478,0x65e4bcff51eba7a03f6e2c9ab28d517d7fd4f383,buy,0x3597bfd533a99c9aa083587b074434e61eb0a258,0xeff172fe1a74a48121ef1fd55bd24f4129baac6eccaab76b8e8b52618436f322
185,434746.3,0.6082100737,0x7f3b0424d8ceb11f5929102a2659a360256a2096,2017-10-27T10:57:08.000Z,0.000001399,0x38705b85a98190d9aba71c4e7bb66509d452db48,buy,0x3597bfd533a99c9aa083587b074434e61eb0a258,0xd92d35461ae0de5a576d620aa5d0da11e4e12f5c71afe976e2b9d0963ea7ba02
186,948416.16588227,1.3277826322351873,0x7f3b0424d8ceb11f5929102a2659a360256a2096,2017-10-27T10:57:08.000Z,0.0000014,0xb9d97e6c42801943b8dc14770b02e278df3dadad,buy,0x3597bfd533a99c9aa083587b074434e61eb0a258,0x60d4cf19b924033d9de2bc255f93280d713fc322d0f55f9caf1b9e5721b53501
187,755547.541,1.057011009859,0x7f3b0424d8ceb11f5929102a2659a360256a2096,2017-10-27T10:07:47.000Z,0.000001399,0x38705b85a98190d9aba71c4e7bb66509d452db48,buy,0x3597bfd533a99c9aa083587b074434e61eb0a258,0xe6c55376be57662c7918acc067b0c31e2d0ce826e734be0a5785f59bcf4d4a5f
188,755547.541,1.057011009859,0x7f3b0424d8ceb11f5929102a2659a360256a2096,2017-10-27T10:06:12.000Z,0.000001399,0x38705b85a98190d9aba71c4e7bb66509d452db48,buy,0x3597bfd533a99c9aa083587b074434e61eb0a258,0xe6c55376be57662c7918acc067b0c31e2d0ce826e734be0a5785f59bcf4d4a5f
189,12018.34645893,0.014422015750716,0x4e7183b06b2da8c078471135fa6d48985d973145,2017-10-27T07:41:21.000Z,0.0000012,0xeaea4a70174112f48836e13541aa7dc4b57fc681,sell,0x3597bfd533a99c9aa083587b074434e61eb0a258,0xb77be1946155e4eaacec68cee4130bda1d75a711d4aba5adcc0b3a2714149f71
190,100000,0.125,0x5a86ebf9a0e6f8181ed5143557f7b8ba89957fcc,2017-10-27T07:24:23.000Z,0.00000125,0xeaea4a70174112f48836e13541aa7dc4b57fc681,sell,0x3597bfd533a99c9aa083587b074434e61eb0a258,0x777d48a4f0d721b10aa7cbe3a8619c177cafd330246c00f7f1286c92893f709e
191,133087.537,0.16635942125,0x65e4bcff51eba7a03f6e2c9ab28d517d7fd4f383,2017-10-27T07:23:47.000Z,0.00000125,0xeaea4a70174112f48836e13541aa7dc4b57fc681,sell,0x3597bfd533a99c9aa083587b074434e61eb0a258,0xb05138c7355905e2e9df43e0ff33d14555f1adc64e51b60fc16bf90d6e414fd2
192,53034.37732278,0.0668233154267028,0x49dc235474e153367b593cab41b56dff301fbea0,2017-10-27T07:21:10.000Z,0.00000126,0xeaea4a70174112f48836e13541aa7dc4b57fc681,sell,0x3597bfd533a99c9aa083587b074434e61eb0a258,0x1450986233eb39437472712e80149e82098731e796b7e60d1163bfdc36dddeb0
193,141995.843,0.179056758023,0x49dc235474e153367b593cab41b56dff301fbea0,2017-10-27T07:20:16.000Z,0.000001261,0xeaea4a70174112f48836e13541aa7dc4b57fc681,sell,0x3597bfd533a99c9aa083587b074434e61eb0a258,0x4def69dae9374d418c69ae9051589bc9ab57f281bfa2807a6111abd0d697f4f1
194,88500,0.1121295,0x3cf0a8dfcaafb1c11c569861922d61cfd4ac6cb4,2017-10-27T07:18:56.000Z,0.000001267,0xeaea4a70174112f48836e13541aa7dc4b57fc681,sell,0x3597bfd533a99c9aa083587b074434e61eb0a258,0xd6e647392a1b03d842564988bd16941416cb9c5009c117fd68c7ddc3b9e17401
195,350000,0.441,0x65e4bcff51eba7a03f6e2c9ab28d517d7fd4f383,2017-10-27T07:17:58.000Z,0.00000126,0xeaea4a70174112f48836e13541aa7dc4b57fc681,sell,0x3597bfd533a99c9aa083587b074434e61eb0a258,0xca0f24e9418de2ab83b52373331ad1f03340bf284215cf399df9604ffea45f76
196,100000,0.129,0x5a86ebf9a0e6f8181ed5143557f7b8ba89957fcc,2017-10-27T07:17:24.000Z,0.00000129,0xeaea4a70174112f48836e13541aa7dc4b57fc681,sell,0x3597bfd533a99c9aa083587b074434e61eb0a258,0x1c7a22e5bb4a6be74817f5d0e1039f21b74f2978288848980b85bb661ab395a4
197,12184.69387356,0.015840102035628,0x9eb8561151a0ccd38834ca34e7acb6d3865fd317,2017-10-27T07:17:02.000Z,0.0000013,0xeaea4a70174112f48836e13541aa7dc4b57fc681,sell,0x3597bfd533a99c9aa083587b074434e61eb0a258,0xac8bbf41f30a3aefede432ce601a9b65c0004d414ecab948a5824494013a8cb8
198,6187.09999004,0.0081051009869524,0x5a86ebf9a0e6f8181ed5143557f7b8ba89957fcc,2017-10-27T07:17:02.000Z,0.00000131,0xeaea4a70174112f48836e13541aa7dc4b57fc681,sell,0x3597bfd533a99c9aa083587b074434e61eb0a258,0xfd3889e865e62b55202bdc39ab10d69d27477911e3904f9ba65e8437b6a33eed
199,287815.2337315,0.37415980385095,0x9eb8561151a0ccd38834ca34e7acb6d3865fd317,2017-10-27T06:02:22.000Z,0.0000013,0x38705b85a98190d9aba71c4e7bb66509d452db48,sell,0x3597bfd533a99c9aa083587b074434e61eb0a258,0x8f3cc63082343b662718a52cf44b1adac56c580c5895dd73078aa086bb399fb2
200,92612.90000996,0.1213228990130476,0x5a86ebf9a0e6f8181ed5143557f7b8ba89957fcc,2017-10-27T06:01:03.000Z,0.00000131,0x7a124b3ebf61e210a5b339a6b46ad75a0ceae9de,sell,0x3597bfd533a99c9aa083587b074434e61eb0a258,0xdd8e2e7806588567cadba543ed5bfb94cae5182fa39e74b69b5bfcc17784352b
201,1200,0.001572,0x5a86ebf9a0e6f8181ed5143557f7b8ba89957fcc,2017-10-27T05:50:22.000Z,0.00000131,0x8988156d003068f226aff6d4abaf8fc880a84c47,sell,0x3597bfd533a99c9aa083587b074434e61eb0a258,0xb83e956a004ce2d9413774452bc164465eee636a290d73a61176666cc1b676f2
202,3051583.83411772,4.272217367764813,0xb9176b7a30d19d8ecc5dd8f0e3d6cec03dba79df,2017-10-27T05:33:59.000Z,0.0000014,0xb9d97e6c42801943b8dc14770b02e278df3dadad,buy,0x3597bfd533a99c9aa083587b074434e61eb0a258,0x3ec9527601cf786f91557102db3e2941b2b37a41e6f8969adfa5b3cf7305e1a5
203,36960,0.053592,0x5a86ebf9a0e6f8181ed5143557f7b8ba89957fcc,2017-10-27T04:36:04.000Z,0.00000145,0x2f9fe933ebb2f18d855ad2dde47c3d146804e09d,buy,0x3597bfd533a99c9aa083587b074434e61eb0a258,0x2ee76d4cb70c8b6205bd8a9bacb31969e11c0b93613b81c01d5a86aebfa13e31
204,0.00000722,0.000000000009386,0x9eb8561151a0ccd38834ca34e7acb6d3865fd317,2017-10-27T02:10:12.000Z,0.0000013,0xb9d97e6c42801943b8dc14770b02e278df3dadad,sell,0x3597bfd533a99c9aa083587b074434e61eb0a258,0x80767b74b5bb7c3f42561962e9b543ed3c637e74d51878d79341fd1bfab369ca
205,0.07238772,0.000000094104036,0x9eb8561151a0ccd38834ca34e7acb6d3865fd317,2017-10-27T02:09:21.000Z,0.0000013,0xb9d97e6c42801943b8dc14770b02e278df3dadad,sell,0x3597bfd533a99c9aa083587b074434e61eb0a258,0xa549c175f9dd5d1566cd9a9f96ca86fd559ca86f754a9bc3e22cb03be537653d
206,235400,0.3290892,0x9eb8561151a0ccd38834ca34e7acb6d3865fd317,2017-10-27T01:23:22.000Z,0.000001398,0x65e4bcff51eba7a03f6e2c9ab28d517d7fd4f383,buy,0x3597bfd533a99c9aa083587b074434e61eb0a258,0xd3400f44ad6f6ff51c1980a6a3784a055e504ef866dd800ce45b280480bb7320
207,156619.87495803,0.2187979653163694,0x9eb8561151a0ccd38834ca34e7acb6d3865fd317,2017-10-27T01:19:19.000Z,0.000001397,0x49dc235474e153367b593cab41b56dff301fbea0,buy,0x3597bfd533a99c9aa083587b074434e61eb0a258,0x3b669f9b7430a005edb03bb8d41a79dff787bf92b49944b8f2bbd9eea5c198fe
208,0.13797099,0.000000192745482819,0x9eb8561151a0ccd38834ca34e7acb6d3865fd317,2017-10-27T01:15:26.000Z,0.00000139700007094969,0x49dc235474e153367b593cab41b56dff301fbea0,buy,0x3597bfd533a99c9aa083587b074434e61eb0a258,0x29afc12b7d86c604d46b4ad78c83aeda718e76691d2af276788011372d5eb553
209,1383.98707097,0.001933429938147775,0x9eb8561151a0ccd38834ca34e7acb6d3865fd317,2017-10-27T01:11:19.000Z,0.00000139700000000194,0x49dc235474e153367b593cab41b56dff301fbea0,buy,0x3597bfd533a99c9aa083587b074434e61eb0a258,0x8af7ba4be7cc8480c3f97543575bbbd4bd7625d7c04741b67dabd03c3ff9c13c
210,100000,0.1146,0xc9d56287b414e1aa0963016aa721b527f095fd9c,2017-10-27T00:06:54.000Z,0.000001146,0x49dc235474e153367b593cab41b56dff301fbea0,buy,0x3597bfd533a99c9aa083587b074434e61eb0a258,0xc4940a98822b6213dff0c9e3e973bf101fae9f4308426fa60b791ba91b2d5681
211,99700.89730807,0.12572283150547628,0x49dc235474e153367b593cab41b56dff301fbea0,2017-10-27T00:06:54.000Z,0.000001261,0xc9d56287b414e1aa0963016aa721b527f095fd9c,sell,0x3597bfd533a99c9aa083587b074434e61eb0a258,0xc4940a98822b6213dff0c9e3e973bf101fae9f4308426fa60b791ba91b2d5681
212,158303.2596091,0.1996204103670751,0x49dc235474e153367b593cab41b56dff301fbea0,2017-10-27T00:02:27.000Z,0.000001261,0x43994958172990dcae8344eb44c4e5c9403cc6f9,sell,0x3597bfd533a99c9aa083587b074434e61eb0a258,0xbf9b17d18ecca85c0af063809a7cf66c4efd474996aa43d237b35184b210ca5e
213,2500,0.0047,0x1b137988fac9519835e4021113e53b5ee569da38,2017-10-26T23:32:18.000Z,0.00000188,0x0db5e7924d87d2ec27876882e7af911a58050dd1,buy,0x3597bfd533a99c9aa083587b074434e61eb0a258,0x7a433d9039ed8085fbdb9e71eb7f7dc3bc08f570b25e561da2cac404d7b9af0d
214,11000,0.020658,0x8dd7ae37bed525bc2554fdf8f68bc8dd415fd616,2017-10-26T23:12:04.000Z,0.000001878,0xbc0945c667fadc26b9bf39e586b15eeb901e7d1c,buy,0x3597bfd533a99c9aa083587b074434e61eb0a258,0x464aa9fa853626cf28963a6bad73e24a0ce4b4c71e78381f9f707393e8ecedcb
215,100000,0.2,0x21ca786919dd89ffccc7b270c4d501cd2f6787a3,2017-10-26T21:54:31.000Z,0.000002,0x4e7183b06b2da8c078471135fa6d48985d973145,buy,0x3597bfd533a99c9aa083587b074434e61eb0a258,0x7d943efb4d8c6b4373c7ba46aa58e7389c3c3e0dd188975f2d4b49b19ae0c2f1
216,1.99381916,0.00000249227395,0x65e4bcff51eba7a03f6e2c9ab28d517d7fd4f383,2017-10-26T21:01:38.000Z,0.00000125,0xb4c432a9559a4f1464d2bff9fcbbdc14f1c39dec,sell,0x3597bfd533a99c9aa083587b074434e61eb0a258,0x5887a1cf636355ae726c0e9aca156b54fd3e8a189f52947880771ce0eefe85b8
217,2000,0.00332,0x354d526a569ce8c8de4e1c495b58cfc105dda885,2017-10-26T20:50:06.000Z,0.00000166,0x0db5e7924d87d2ec27876882e7af911a58050dd1,buy,0x3597bfd533a99c9aa083587b074434e61eb0a258,0xaebc61746e0e926811a57d63a712baf3b613f6d85b6d586af07c033ca8d2bb04
218,1500,0.002325,0x354d526a569ce8c8de4e1c495b58cfc105dda885,2017-10-26T20:50:06.000Z,0.00000155,0x0db5e7924d87d2ec27876882e7af911a58050dd1,buy,0x3597bfd533a99c9aa083587b074434e61eb0a258,0xc9e4b33777ed1c248bd909ea2dda0b6bdd830efa77b3d8022e51143cbec51e4e
219,5700,0.009747,0x354d526a569ce8c8de4e1c495b58cfc105dda885,2017-10-26T20:50:02.000Z,0.00000171,0x8d6e0a79003a9d49e68a6b82bbd497189f019905,buy,0x3597bfd533a99c9aa083587b074434e61eb0a258,0x5fcb77adceb098953f74f9e1013c5738dc8e0a3a0ddfa4499ff96e447152bbae
220,364000,0.546,0x4a51a658c342e64acfde23b4a61226f6df238aab,2017-10-26T20:36:38.000Z,0.0000015,0x38705b85a98190d9aba71c4e7bb66509d452db48,buy,0x3597bfd533a99c9aa083587b074434e61eb0a258,0x60d6b768e494241a85dd15d7a6692c049f50b032acfe9754990b9b84c3aacf26
221,66361,0.097882475,0x4a51a658c342e64acfde23b4a61226f6df238aab,2017-10-26T20:18:31.000Z,0.000001475,0x65e4bcff51eba7a03f6e2c9ab28d517d7fd4f383,buy,0x3597bfd533a99c9aa083587b074434e61eb0a258,0x2b8f4ac3f43adf97249c02e2a4544407963a673c89c024030430b09f6ad28569
222,829430.93934364,1.2441464090154692,0x08de25476c98fd82c748474ce03c89ae0f62333a,2017-10-26T19:07:26.000Z,0.00000150000000000001,0x38705b85a98190d9aba71c4e7bb66509d452db48,buy,0x3597bfd533a99c9aa083587b074434e61eb0a258,0x402a24b63d9fefaeb6d08c57b9c5e6df85d933364a217b6ee0b870dda55ec6a0
223,224.37671077,0.0002804708884625,0x65e4bcff51eba7a03f6e2c9ab28d517d7fd4f383,2017-10-26T18:28:59.000Z,0.00000125,0x8c90cab04e1b0257832bb4a930b9b1e4a6f3c40f,sell,0x3597bfd533a99c9aa083587b074434e61eb0a258,0x6701198fcaecb84e0fea5764da8ef728d1b662094e440fda3ebae6de53e0dc34
224,2250722.7857206,2.81340348215075,0x65e4bcff51eba7a03f6e2c9ab28d517d7fd4f383,2017-10-26T18:27:01.000Z,0.00000125,0x8c90cab04e1b0257832bb4a930b9b1e4a6f3c40f,sell,0x3597bfd533a99c9aa083587b074434e61eb0a258,0xb0bedc65e858d1bf25584940bf73b7205b2a95e1464acfdbe645ef056467df10
225,69602.04834345,0.0870025604293125,0x65e4bcff51eba7a03f6e2c9ab28d517d7fd4f383,2017-10-26T18:07:04.000Z,0.00000125,0x92591bb7c96cd4d23d127658ea77e3f748cbd425,sell,0x3597bfd533a99c9aa083587b074434e61eb0a258,0x133ef2e8c2de44993741300f048e073e0069207b48033131f70fa3737bbab859
226,66361.25802907,0.0829515725363375,0x65e4bcff51eba7a03f6e2c9ab28d517d7fd4f383,2017-10-26T16:14:26.000Z,0.00000125,0xbe15230d75b71b62ea7e54836cffb776e916b5ba,sell,0x3597bfd533a99c9aa083587b074434e61eb0a258,0x7bed16ef4315988054df4e194fd74978676b76da9d059c46fe3a66d2c9804435
227,1987480.81648515,2.255790726710645,0xd871d75f83a9d579cee33a6692f52dd88b9c0b9d,2017-10-26T15:22:21.000Z,0.000001135,0x09bc235b5a3e78b7757c362201bcc64340336b3a,sell,0x3597bfd533a99c9aa083587b074434e61eb0a258,0x98bb46dacd16e2eca03bfe4b3b7f850500028c9e82ce5482a2bca3c3ba5a72b7
228,2000000,2.27,0xd871d75f83a9d579cee33a6692f52dd88b9c0b9d,2017-10-26T15:20:31.000Z,0.000001135,0x09bc235b5a3e78b7757c362201bcc64340336b3a,sell,0x3597bfd533a99c9aa083587b074434e61eb0a258,0x4980b6aa81d3440d1afa13172869441f7da9383d8b5b9090bc7215ba8bc62d15
229,2,0.00000227,0xd871d75f83a9d579cee33a6692f52dd88b9c0b9d,2017-10-26T15:18:46.000Z,0.000001135,0x09bc235b5a3e78b7757c362201bcc64340336b3a,sell,0x3597bfd533a99c9aa083587b074434e61eb0a258,0x147dd9308b6ec5f32ee1f778d503b29cf4aef0a409369fe4ed8f96f57583292d
230,2990000,3.39365,0xd871d75f83a9d579cee33a6692f52dd88b9c0b9d,2017-10-26T14:57:22.000Z,0.000001135,0x09bc235b5a3e78b7757c362201bcc64340336b3a,sell,0x3597bfd533a99c9aa083587b074434e61eb0a258,0x27c48044686011ea643de693a0fee97d7a608d095f71c6294f76bdeaf2afc680
231,10670.52138371,0.01211104177051085,0xd871d75f83a9d579cee33a6692f52dd88b9c0b9d,2017-10-26T14:57:22.000Z,0.000001135,0x9631aa6a48e0b2cde6457a4e521bba814ac7ea4e,sell,0x3597bfd533a99c9aa083587b074434e61eb0a258,0x84b9d01ae3bbdbc07c20c61a93469d5f20d5884c6fe225ed10e34a003f8671c8
232,200000,0.2274,0x5a86ebf9a0e6f8181ed5143557f7b8ba89957fcc,2017-10-26T14:55:22.000Z,0.000001137,0x9631aa6a48e0b2cde6457a4e521bba814ac7ea4e,sell,0x3597bfd533a99c9aa083587b074434e61eb0a258,0x656a0a5bd5100a62db2f8d94482d57ec944ba2723e48274364204ba88d14bc1a
233,1000000,1.139,0x47b64c800161cc82d81ca055a90ee5c5550ef11d,2017-10-26T14:51:03.000Z,0.000001139,0x9631aa6a48e0b2cde6457a4e521bba814ac7ea4e,sell,0x3597bfd533a99c9aa083587b074434e61eb0a258,0xb873444de6567f57a41c58c8f78e43d2010031180120dc8063066c6dbc02c039
234,1700000,1.9363,0xe38ff5b3f5c5ed44f164afa3108ccac0a1ea3c1b,2017-10-26T14:51:03.000Z,0.000001139,0x9631aa6a48e0b2cde6457a4e521bba814ac7ea4e,sell,0x3597bfd533a99c9aa083587b074434e61eb0a258,0xd3fd586da408019717d2298866176e345821cbb46c150682c4064539bf21e960
235,98800,0.112632,0x47b64c800161cc82d81ca055a90ee5c5550ef11d,2017-10-26T14:50:29.000Z,0.00000114,0x9631aa6a48e0b2cde6457a4e521bba814ac7ea4e,sell,0x3597bfd533a99c9aa083587b074434e61eb0a258,0x243f850c2fadfbeac892580f22ef5e1184b2975978c63948d2cf41ca50756082
236,500000,0.57,0x47b64c800161cc82d81ca055a90ee5c5550ef11d,2017-10-26T14:50:28.000Z,0.00000114,0x9631aa6a48e0b2cde6457a4e521bba814ac7ea4e,sell,0x3597bfd533a99c9aa083587b074434e61eb0a258,0x48817a5164a56c2f88cd330a301d28304f5f53507f4785621207e1c23abb7729
237,100000,0.114,0xc9087108b890f9aee9c5b878c6f062a2b0c730f3,2017-10-26T14:02:57.000Z,0.00000114,0x5a6ea848c1ea89a48aa52ea2a1581bc7255708bb,sell,0x3597bfd533a99c9aa083587b074434e61eb0a258,0x453737735c02cf6cf9639ca8b74c2df32c64c6354b299ad001b42cde0d12df87
238,200000,0.2284,0x5a86ebf9a0e6f8181ed5143557f7b8ba89957fcc,2017-10-26T14:02:05.000Z,0.000001142,0x5a6ea848c1ea89a48aa52ea2a1581bc7255708bb,sell,0x3597bfd533a99c9aa083587b074434e61eb0a258,0xe0cda55ce5e0fa95d29386f68e0260a9e7f0b76873e297eb10bb40afcff13b7b
239,12861.304,0.01520849198,0x5a86ebf9a0e6f8181ed5143557f7b8ba89957fcc,2017-10-26T13:39:13.000Z,0.0000011825,0x28fc50a4088f19e18ec8272f5a3fcd035bc2cbe5,buy,0x3597bfd533a99c9aa083587b074434e61eb0a258,0xec4669e1b313960c60d81f223e144f3ead8703a298ef155e104903c5f156bcc9
240,127200,0.1905456,0x76cd7f9cb7030803fff92875c49df9aa8c558344,2017-10-26T12:48:02.000Z,0.000001498,0x1438830408d902c3a7aaaa3b8e76f40b28ae9549,buy,0x3597bfd533a99c9aa083587b074434e61eb0a258,0xd91b1809fb82cbf3f8c9fcec9f1167e0d4371ae2e21eb2fa4eedb4e851b2f2cc
241,357042.373,0.668026279883,0x76cd7f9cb7030803fff92875c49df9aa8c558344,2017-10-26T12:47:59.000Z,0.000001871,0xbafd306e5c6207f466d37f0a183470735e885f7d,buy,0x3597bfd533a99c9aa083587b074434e61eb0a258,0x42d9900ddee4f4d2931ec9863bfa0836fb796990cd2203de5b7a4dc22686d276
242,500000,0.6725,0x76cd7f9cb7030803fff92875c49df9aa8c558344,2017-10-26T12:46:34.000Z,0.000001345,0xc81d30440c361135cc53b17834418bfb5a293bbf,buy,0x3597bfd533a99c9aa083587b074434e61eb0a258,0x28af2743be3ed621d4a2df4d0bd28e98bcee06aa75d155b075df86556c2fcaed
243,800428.541,1.18463424068,0x76cd7f9cb7030803fff92875c49df9aa8c558344,2017-10-26T12:45:14.000Z,0.00000148,0xc1baf97bc6bf89e983c6154775f7c5cff8f4b3c5,buy,0x3597bfd533a99c9aa083587b074434e61eb0a258,0x007cc4168420e3a81df7856e1b5069726628cc5b722aebc01fab2203816c2419
244,2220000,3.0081,0x76cd7f9cb7030803fff92875c49df9aa8c558344,2017-10-26T12:45:14.000Z,0.000001355,0x65e4bcff51eba7a03f6e2c9ab28d517d7fd4f383,buy,0x3597bfd533a99c9aa083587b074434e61eb0a258,0x44b3a843aa021e3b26f899107861ec5f3d23bd98b10c331224344088d3a6d19b
245,48000,0.056688,0x76cd7f9cb7030803fff92875c49df9aa8c558344,2017-10-26T12:45:07.000Z,0.000001181,0xe32ad7583dcb633c3971f1d3bac822ef4cb171c8,buy,0x3597bfd533a99c9aa083587b074434e61eb0a258,0x1da1a66a75ff20412b76a646e09b2436f411080df18b1874df91c9e8f1653c78
246,490000,0.61152,0xe5a4e8bcf5e36deffc52fc42b5ae949012fc40ec,2017-10-26T12:34:45.000Z,0.000001248,0xc81d30440c361135cc53b17834418bfb5a293bbf,buy,0x3597bfd533a99c9aa083587b074434e61eb0a258,0xd5420856e95853ce8e6c7f7ea9c051a0e733d5c5d4868e6c34a3299e60ac0b59
247,452613.001,0.5431356012,0xe5a4e8bcf5e36deffc52fc42b5ae949012fc40ec,2017-10-26T12:28:59.000Z,0.0000012,0x38705b85a98190d9aba71c4e7bb66509d452db48,buy,0x3597bfd533a99c9aa083587b074434e61eb0a258,0xf24ff144d3fe42cb4b62c9bb40efb650fc3a8569c57ec6f73ed999a5ff719cfa
248,21.46746641,0.0000242582370433,0xb9176b7a30d19d8ecc5dd8f0e3d6cec03dba79df,2017-10-26T11:16:29.000Z,0.00000113,0x9015df5b6b9e6b2b2bcb27d8a48ea318a1349670,sell,0x3597bfd533a99c9aa083587b074434e61eb0a258,0x031e4a100fe10b092afcc1c1753b0d225a6a89dd4bf84ec08724411daa44c164
249,215340.15551789,0.2433343757352157,0xb9176b7a30d19d8ecc5dd8f0e3d6cec03dba79df,2017-10-26T11:14:30.000Z,0.00000113,0x9015df5b6b9e6b2b2bcb27d8a48ea318a1349670,sell,0x3597bfd533a99c9aa083587b074434e61eb0a258,0x82614e83f2b43a54331663beb5c782d4ad0856111782eb11f76ab978a59b64f9
250,100000,0.1298,0xaa1355520d66fa39891fea4812e81bb21382d5df,2017-10-26T08:14:59.000Z,0.000001298,0x1438830408d902c3a7aaaa3b8e76f40b28ae9549,buy,0x3597bfd533a99c9aa083587b074434e61eb0a258,0xe0d285041c28f6f2bddd8a72c8f3d8ef8253e9e20b76f2dd4700ed224f4ed9ed
251,0.0001,0.000000000113,0xb9176b7a30d19d8ecc5dd8f0e3d6cec03dba79df,2017-10-26T06:26:37.000Z,0.00000113,0xf124c07cbf9bee82db79462ad5e9d809ca11d02e,sell,0x3597bfd533a99c9aa083587b074434e61eb0a258,0x2064f916d7d8b4cbc1739ddb7d857001f02067d0cc43ad693b74a5d3f5faccfc
252,1500138.47485302,1.873672955091433,0xb9176b7a30d19d8ecc5dd8f0e3d6cec03dba79df,2017-10-26T04:20:30.000Z,0.000001249,0x931c1e3c650732520c2a6d547b6ecb1a7fc0f3e7,buy,0x3597bfd533a99c9aa083587b074434e61eb0a258,0x2fa3d5547f4713070713380b7f78031ecc147c8cea6a53d5e2f49b3c1e872f80
253,2067698,2.5846225,0xb9176b7a30d19d8ecc5dd8f0e3d6cec03dba79df,2017-10-26T04:18:20.000Z,0.00000125,0xb9d97e6c42801943b8dc14770b02e278df3dadad,buy,0x3597bfd533a99c9aa083587b074434e61eb0a258,0x69e4dfa1259b18a8afd782fe113d69b513c64e2f810795a15119b2df47941f0b
254,10000,0.01248,0xef735ff43107ddc1ea7c452c95dbedf42687d13f,2017-10-26T03:03:34.000Z,0.000001248,0xc81d30440c361135cc53b17834418bfb5a293bbf,buy,0x3597bfd533a99c9aa083587b074434e61eb0a258,0xd17cef64b98f6bb38722dc966efaa1f6dde768850cfb5a52fc1440cb8f6fb4cc
255,541052.1340601,0.600567868806711,0xd871d75f83a9d579cee33a6692f52dd88b9c0b9d,2017-10-26T00:00:07.000Z,0.00000111,0x1ed014aec47fae44c9e55bac7662c0b78ae61798,sell,0x3597bfd533a99c9aa083587b074434e61eb0a258,0xc18c096188eb5bd3f2dfe68fd65fcdb7f0b426dec09cff1e7cae94c668a244f0
256,231324.53514697,0.28892434439856696,0x1be52a01d15c1b0ceca5f0b9947d195310f60385,2017-10-25T23:34:52.000Z,0.000001249,0x931c1e3c650732520c2a6d547b6ecb1a7fc0f3e7,buy,0x3597bfd533a99c9aa083587b074434e61eb0a258,0x014030cba4eed6b190b887b27e8ce951d4922ef01d3c9c9be2e7808eb6088618
257,24.18416388,0.000028597773797213,0xf124c07cbf9bee82db79462ad5e9d809ca11d02e,2017-10-25T22:58:07.000Z,0.00000118250000037681,0x28fc50a4088f19e18ec8272f5a3fcd035bc2cbe5,buy,0x3597bfd533a99c9aa083587b074434e61eb0a258,0x07d1e97c39ff51207d49f023a8885450cdb1cbf5a7637b78c5bd9719f8d877c2
258,242591.34795757,0.28686426895983613,0xf124c07cbf9bee82db79462ad5e9d809ca11d02e,2017-10-25T22:57:16.000Z,0.00000118250000000003,0x28fc50a4088f19e18ec8272f5a3fcd035bc2cbe5,buy,0x3597bfd533a99c9aa083587b074434e61eb0a258,0x4be5d49bfb17cd5922642c7b5642057c98c2ad52a8a59d2d66a86c395906994e
259,51982.436,0.059675836528,0xf124c07cbf9bee82db79462ad5e9d809ca11d02e,2017-10-25T22:56:34.000Z,0.000001148,0x0fe6090affd0b5ba58586ab18fe575a51911d098,buy,0x3597bfd533a99c9aa083587b074434e61eb0a258,0x1551929ce95d80d9d16b888343bdb70ff96512174e157ce9f51a09dab54be28d
260,119427.15577588,0.13710237483071436,0xf124c07cbf9bee82db79462ad5e9d809ca11d02e,2017-10-25T22:55:49.000Z,0.00000114800000000003,0x09bc235b5a3e78b7757c362201bcc64340336b3a,buy,0x3597bfd533a99c9aa083587b074434e61eb0a258,0x10f26ed86052ab95ab73ffadb74e28a827241fe889e0c2fdbfd7f954dda767ca
261,211949.15677588,0.24331763197871434,0xf124c07cbf9bee82db79462ad5e9d809ca11d02e,2017-10-25T22:55:49.000Z,0.00000114800000000001,0x0fe6090affd0b5ba58586ab18fe575a51911d098,buy,0x3597bfd533a99c9aa083587b074434e61eb0a258,0xd7fb875463bab89d65ae7690030d9a6244d274f8b3167638ea182e3c55175704
262,222222,0.255110856,0xf124c07cbf9bee82db79462ad5e9d809ca11d02e,2017-10-25T22:55:05.000Z,0.000001148,0x0fe6090affd0b5ba58586ab18fe575a51911d098,buy,0x3597bfd533a99c9aa083587b074434e61eb0a258,0x6bb8d16ecf9f0475ac6de0a71e3937f8e418e16b0920868f8ced4bb09cf85502
263,272.84322411,0.000313224021285651,0xf124c07cbf9bee82db79462ad5e9d809ca11d02e,2017-10-25T22:54:41.000Z,0.00000114800000002701,0x0fe6090affd0b5ba58586ab18fe575a51911d098,buy,0x3597bfd533a99c9aa083587b074434e61eb0a258,0xcd18a47f8b9a9f2fd9e96acbec2d27b9463bcd70cd8fb640f74eb3914077c478
264,272.84322411,0.000313224021285651,0xf124c07cbf9bee82db79462ad5e9d809ca11d02e,2017-10-25T22:54:28.000Z,0.00000114800000002701,0x09bc235b5a3e78b7757c362201bcc64340336b3a,buy,0x3597bfd533a99c9aa083587b074434e61eb0a258,0xde8372c9232d4d1c3d62703e2d2edc776f01656cf38c73bf6809f221df3dff7b
265,0.001,0.000000001148,0xf124c07cbf9bee82db79462ad5e9d809ca11d02e,2017-10-25T22:53:56.000Z,0.000001148,0x09bc235b5a3e78b7757c362201bcc64340336b3a,buy,0x3597bfd533a99c9aa083587b074434e61eb0a258,0x366853c7ef92d9b46c2b2683d7962235e228ec716bb81a6115b72ec7792ceeba
266,3500,0.0105,0x8dd7ae37bed525bc2554fdf8f68bc8dd415fd616,2017-10-25T22:37:03.000Z,0.000003,0x4e7183b06b2da8c078471135fa6d48985d973145,buy,0x3597bfd533a99c9aa083587b074434e61eb0a258,0xd42b94216d0f98bda12105f48bc50924467d6b7f23bff86f592bf56b2311635a
267,34000,0.038964,0x27849f835bb345a26dffbfa7a8863c387b546730,2017-10-25T21:30:09.000Z,0.000001146,0x024cd921773ac699abbaf0e8f8e75c13fdc43d35,buy,0x3597bfd533a99c9aa083587b074434e61eb0a258,0x9b2bf3a239208aa574bc628076300673686d1d0336145061de5a266d8a5b17ae
268,100000,0.114,0x1be52a01d15c1b0ceca5f0b9947d195310f60385,2017-10-25T20:10:56.000Z,0.00000114,0x49dc235474e153367b593cab41b56dff301fbea0,buy,0x3597bfd533a99c9aa083587b074434e61eb0a258,0x323d4d16f6b7f401f74c0c244c6b9f25049ea76073014da408aabd4bc679c25f
269,821740.868,0.93678458952,0x105a1374763f0ba6131bc1c4b842bb4a1a6eefc9,2017-10-25T18:43:40.000Z,0.00000114,0x38705b85a98190d9aba71c4e7bb66509d452db48,buy,0x3597bfd533a99c9aa083587b074434e61eb0a258,0x75b20b50abc7c570a41bd54d2e9d026c9547d9964680abb8257ea50725c36fe6
270,650040.63161928,0.7410463200459889,0x105a1374763f0ba6131bc1c4b842bb4a1a6eefc9,2017-10-25T18:34:09.000Z,0.00000114000000000001,0x38705b85a98190d9aba71c4e7bb66509d452db48,buy,0x3597bfd533a99c9aa083587b074434e61eb0a258,0x6bcc521bb4ec01cbcc7f4a7a4fc4b9ed8f03ac15433cffd88a2ff634eb079902
271,10000,0.01146,0xee252dbb20e5814b23bac1b7d05dc7cd83a2a0c0,2017-10-25T17:27:11.000Z,0.000001146,0x024cd921773ac699abbaf0e8f8e75c13fdc43d35,buy,0x3597bfd533a99c9aa083587b074434e61eb0a258,0x4c629cbbf7d41c32ec86ed7e1a7cccf7c2d536ad263e44af3a3498ab899a5786
272,68676.85271547,0.07822293524292567,0x105a1374763f0ba6131bc1c4b842bb4a1a6eefc9,2017-10-25T15:44:10.000Z,0.00000113900000000007,0x49dc235474e153367b593cab41b56dff301fbea0,buy,0x3597bfd533a99c9aa083587b074434e61eb0a258,0x8c74771323f674980567633e7e009ba5269d14019ba0ed757c034999534b9d88
273,550000,0.62645,0x105a1374763f0ba6131bc1c4b842bb4a1a6eefc9,2017-10-25T15:42:12.000Z,0.000001139,0x113f5588d1077da83ec702178a0f9127c31c61a9,buy,0x3597bfd533a99c9aa083587b074434e61eb0a258,0x31ffcdcc6d4a2f69e2a4e01fa118b80b4ca236dc36ea6f12e20684e02ea1fae8
274,13000,0.014807,0xba1cb412239a3f684bfd16c06ad0fbe4e9e56396,2017-10-25T15:03:13.000Z,0.000001139,0x49dc235474e153367b593cab41b56dff301fbea0,buy,0x3597bfd533a99c9aa083587b074434e61eb0a258,0x6f7065788e9bede8e283fb08cd9bc49fe453599006f71dc591be8d49d58cebe2
275,3005258.012,3.42599413368,0xd871d75f83a9d579cee33a6692f52dd88b9c0b9d,2017-10-25T14:50:02.000Z,0.00000114,0x38705b85a98190d9aba71c4e7bb66509d452db48,buy,0x3597bfd533a99c9aa083587b074434e61eb0a258,0x07f689950c6f315e0828d3f97547228dc3562097bcd113eeb12f1b136e9b833e
276,368491.87886296,0.41971225002492274,0x1be52a01d15c1b0ceca5f0b9947d195310f60385,2017-10-25T14:43:24.000Z,0.00000113900000000003,0x49dc235474e153367b593cab41b56dff301fbea0,buy,0x3597bfd533a99c9aa083587b074434e61eb0a258,0x3f1f00f34a0f76e82aa18b01c0da574c27a46ccae179772aa7225ee77ded1b34
277,65247,0.07568652,0x565082e07c6b7799872dcbc27b36be7762bd5a39,2017-10-25T13:36:27.000Z,0.00000116,0x4e7183b06b2da8c078471135fa6d48985d973145,buy,0x3597bfd533a99c9aa083587b074434e61eb0a258,0x0a9b7c3951244e8a4f3409b9c9c2fbbd9221ef1c503a27435c29d5990f22ba51
278,6175.55,0.0070277759,0x54b59cbea68b581f1fa6ae1c3d5ea0643e8e2378,2017-10-25T12:50:28.000Z,0.000001138,0xf11b19f5151c9ce2bbce5cfdfd403bae08f2c9b5,buy,0x3597bfd533a99c9aa083587b074434e61eb0a258,0x681bce3309034cba6d7f4bac437b8d4b2a08b4c149f96b239ec97827a29722cd
279,273181,0.3004991,0xbafd306e5c6207f466d37f0a183470735e885f7d,2017-10-25T12:41:12.000Z,0.0000011,0x0f1b76410215ed963ea2c3d3eaddd4a56350b422,sell,0x3597bfd533a99c9aa083587b074434e61eb0a258,0x48a63c643ec0892870bd6e3ac6ed0a6fb7f685e83c6723a019faa29c72e7d6b0
280,100000,0.1014,0x49dc235474e153367b593cab41b56dff301fbea0,2017-10-25T11:00:20.000Z,0.000001014,0x1579c988f8c718e170406a057ac44bf7a61feda7,sell,0x3597bfd533a99c9aa083587b074434e61eb0a258,0x789bd08a49456203de69fc18fabc4f2b4efe109a81d005d7a7d42fd1fb3c2b70
281,7881.26842155,0.008976764732151586,0x92591bb7c96cd4d23d127658ea77e3f748cbd425,2017-10-25T09:21:28.000Z,0.00000113900000000077,0x49dc235474e153367b593cab41b56dff301fbea0,buy,0x3597bfd533a99c9aa083587b074434e61eb0a258,0xc76ea8de9b6d08aa1ee0108e0ebcc8a0da2b25e78ab22162fe1e915e11e5c446
282,665954,0.674611402,0x6d8a038433887f524f5fd93956511b642250f9ab,2017-10-25T07:24:02.000Z,0.000001013,0xdb2d8c5a29256fe15b7c4586c110ad223f5f247c,sell,0x3597bfd533a99c9aa083587b074434e61eb0a258,0xd8475d49098a7f70785b410600d12be468d2b247cb565cefb385f28802ec4f69
283,332214.18674706,0.3371973995482659,0x47b64c800161cc82d81ca055a90ee5c5550ef11d,2017-10-25T07:21:59.000Z,0.000001015,0xdb2d8c5a29256fe15b7c4586c110ad223f5f247c,sell,0x3597bfd533a99c9aa083587b074434e61eb0a258,0xb7b527062a7c1478a45af57728559f7f71d9d5581997485556fb0598e99b1986
284,659074.909,0.779026542438,0xdb2d8c5a29256fe15b7c4586c110ad223f5f247c,2017-10-25T07:21:10.000Z,0.000001182,0xc9d56287b414e1aa0963016aa721b527f095fd9c,sell,0x3597bfd533a99c9aa083587b074434e61eb0a258,0x5939d776573061151988c71fc03ba1f95f3c8f118049477d69e7b6054c917e1e
285,661052.133727,0.758226797384869,0xc9d56287b414e1aa0963016aa721b527f095fd9c,2017-10-25T07:21:10.000Z,0.000001147,0x49dc235474e153367b593cab41b56dff301fbea0,buy,0x3597bfd533a99c9aa083587b074434e61eb0a258,0x5939d776573061151988c71fc03ba1f95f3c8f118049477d69e7b6054c917e1e
286,94776.514,0.09619816171,0x948b15e038ea3e9852f030589796494b6b511ae9,2017-10-25T07:20:25.000Z,0.000001015,0xdb2d8c5a29256fe15b7c4586c110ad223f5f247c,sell,0x3597bfd533a99c9aa083587b074434e61eb0a258,0x27b27b2eef2e21858795063e4412705a244f40208c24e5c0744e738bd38626ce
287,92900,0.097545,0x7a124b3ebf61e210a5b339a6b46ad75a0ceae9de,2017-10-25T07:17:58.000Z,0.00000105,0xdb2d8c5a29256fe15b7c4586c110ad223f5f247c,sell,0x3597bfd533a99c9aa083587b074434e61eb0a258,0x32f6b88da55d8561840605c3810974d02c6507bf4b6bd753a1f50542f80d85c3
288,500000,0.53,0x9f7a7ac52a3e1b2d4acdcda0da13bb0b111e2ddd,2017-10-25T07:17:31.000Z,0.00000106,0xdb2d8c5a29256fe15b7c4586c110ad223f5f247c,sell,0x3597bfd533a99c9aa083587b074434e61eb0a258,0x58165c40638d1d20896d8dfd97091687d3cb0737c74b77fae1762e9a76662aa9
289,187508.11585406,0.1987586028053036,0x49dc235474e153367b593cab41b56dff301fbea0,2017-10-25T07:17:09.000Z,0.00000106,0xdb2d8c5a29256fe15b7c4586c110ad223f5f247c,sell,0x3597bfd533a99c9aa083587b074434e61eb0a258,0xdbd2a15c9f0765916de0ea91c7be3d77925b8fbc1263a5be09fb7ef8467c89e1
290,118.63224005,0.00011993719469055,0x49dc235474e153367b593cab41b56dff301fbea0,2017-10-24T22:00:53.000Z,0.000001011,0x9603cd90f21d2b808ece81c7e9f8de1e48c385bb,sell,0x3597bfd533a99c9aa083587b074434e61eb0a258,0x429e1599570f9bca61dd189c907f2fcf718b1c8020cb1c243022075b8d7286e7
291,20970.78887381,0.024955238759844484,0xc77743bbf8a49eace43d47a9e06a1bd975a1f41e,2017-10-24T21:14:17.000Z,0.0000011900000000005,0x6b9fa468597e3edbcab7ecbefb0888a51020938e,buy,0x3597bfd533a99c9aa083587b074434e61eb0a258,0xb6743e28b86ad7aee0047ceedc0ebd01aa3333d837d42afff8907be5e368ba94
292,84459.459,0.096706080555,0x37dd4e5111c436147b1ff6821983bcf81fb23352,2017-10-24T20:22:31.000Z,0.000001145,0x88a5e8b95e8e96221a0b6b9fa93c9c422e5892c3,buy,0x3597bfd533a99c9aa083587b074434e61eb0a258,0x83437de69b05ab7fb3ff8f148ad7dc5a6432b9d912b11b883cf75083ba142ee3
293,1300,0.0014924,0x0b773d7819259d78757b26dc4148812d35676d8f,2017-10-24T17:52:58.000Z,0.000001148,0x09bc235b5a3e78b7757c362201bcc64340336b3a,buy,0x3597bfd533a99c9aa083587b074434e61eb0a258,0x1f2d5161f23a7e588a5bcc61c310d2652d37815e51655e6024dc88f50d3bc9b5
294,10000,0.01148,0x08633ba8540a230b5be19211578e8d08f4fb1323,2017-10-24T17:14:54.000Z,0.000001148,0x0fe6090affd0b5ba58586ab18fe575a51911d098,buy,0x3597bfd533a99c9aa083587b074434e61eb0a258,0x2d2a727f5800b98463755e6eb67b6f6c7a510847935b673f0020734451c1eb9b
295,919565.89184534,1.055661643838454,0x045b4f21a31953f9a51f54124cf1d791dd030dc9,2017-10-24T15:41:08.000Z,0.000001148,0x49dc235474e153367b593cab41b56dff301fbea0,buy,0x3597bfd533a99c9aa083587b074434e61eb0a258,0x4e882411e283a1ea2356b07d5827f5ac64616b3aee2ab58fef23e5c103a889d5
296,80434.10815465,0.09233835616154604,0x045b4f21a31953f9a51f54124cf1d791dd030dc9,2017-10-24T15:34:32.000Z,0.00000114800000000009,0x49dc235474e153367b593cab41b56dff301fbea0,buy,0x3597bfd533a99c9aa083587b074434e61eb0a258,0x94054f29fecac603f95b2d7947f77de0ec88873e3f59d2e45ea66c5597d3c0fd
297,495962.51588354,0.5009221410423754,0x9f7a7ac52a3e1b2d4acdcda0da13bb0b111e2ddd,2017-10-24T14:51:42.000Z,0.00000101,0x17df523680a01c381a907bc5b4f09b0d8e9f2f89,sell,0x3597bfd533a99c9aa083587b074434e61eb0a258,0x201b7d9dc6f7d5043664e453488c1a29a4c1b74c81028ec45fa530fd990c9186
298,5931.61200279,0.0059909281228179,0x9f7a7ac52a3e1b2d4acdcda0da13bb0b111e2ddd,2017-10-24T12:53:08.000Z,0.00000101,0x6c38996eb74ff3faf241b9b9401a67f225377472,sell,0x3597bfd533a99c9aa083587b074434e61eb0a258,0xc9d2820c6b257c3ce26bcd342586aa66a026dbdce3df7b8583d0c1aa1810e724
299,588471.585,0.59435630085,0x9f7a7ac52a3e1b2d4acdcda0da13bb0b111e2ddd,2017-10-24T12:27:04.000Z,0.00000101,0x7bd02d3903fa837426cd80f163efb5207f2b4195,sell,0x3597bfd533a99c9aa083587b074434e61eb0a258,0x9d0e60866c690008482822c3aa1652af88397bd2efdfeb476c355e366037eaff
300,95000,0.1045,0xd91b0d6ca95c25606bf8cf13c3b6363e8bc89fa9,2017-10-24T12:26:48.000Z,0.0000011,0x7bd02d3903fa837426cd80f163efb5207f2b4195,sell,0x3597bfd533a99c9aa083587b074434e61eb0a258,0xa84fd352c13861077688499d5ef37e5eab2425c6be5f5eae5a696a5d6beae03b
301,49845.47901505,0.04984547901505,0xad04c3b0de23827ec516c5ef7820037a3352cb4f,2017-10-24T11:49:17.000Z,0.000001,0x15cd30009b5c47264dd1babc00de1e1180aeb40d,sell,0x3597bfd533a99c9aa083587b074434e61eb0a258,0x2a4af62ef6f274a5fc77b23c9701f181d9718a99dec0bf08410e78ea2a5c832b
302,0.00408949,0.0000000041303849,0x9f7a7ac52a3e1b2d4acdcda0da13bb0b111e2ddd,2017-10-24T11:44:57.000Z,0.00000101,0x120523daa602ef7d8b93d5ac161192b232468d79,sell,0x3597bfd533a99c9aa083587b074434e61eb0a258,0xd2a4796e1eb169b784ba5892633d4b1c1338de8d115fcd3ed1d34b3aec745e13
303,41.02157204,0.0000414317877604,0x9f7a7ac52a3e1b2d4acdcda0da13bb0b111e2ddd,2017-10-24T11:00:26.000Z,0.00000101,0x120523daa602ef7d8b93d5ac161192b232468d79,sell,0x3597bfd533a99c9aa083587b074434e61eb0a258,0x2410bdffe120ccbb9948065c3e651c7d81bf99f85b51067e4f9cfe9ade46aa10
304,411487.3890938,0.415602262984738,0x9f7a7ac52a3e1b2d4acdcda0da13bb0b111e2ddd,2017-10-24T10:59:29.000Z,0.00000101,0x120523daa602ef7d8b93d5ac161192b232468d79,sell,0x3597bfd533a99c9aa083587b074434e61eb0a258,0x052fe346f093ae99cd382c6cce857cd0eb2f9b9b7aa035c1adfca5ac187e7286
305,20000,0.0203,0x1e9fee6e10f310cffd077d7105590b4fec4cb748,2017-10-24T10:57:55.000Z,0.000001015,0x120523daa602ef7d8b93d5ac161192b232468d79,sell,0x3597bfd533a99c9aa083587b074434e61eb0a258,0x277535ab93d04e85af034cbe496382ef5e302477c22c36763c55f1d7c96fe071
306,930429.18978601,0.9769506492753105,0x49dc235474e153367b593cab41b56dff301fbea0,2017-10-24T08:06:42.000Z,0.00000105,0x38705b85a98190d9aba71c4e7bb66509d452db48,sell,0x3597bfd533a99c9aa083587b074434e61eb0a258,0xf936a8e19eab8e2ac3c0f8b5432db7136e4aa7d945b8123e51f6960a813859d3
307,2876077.873,3.01988176665,0xc4672c9e60320890ff5221be51afeae05ca80809,2017-10-24T08:03:50.000Z,0.00000105,0x09bc235b5a3e78b7757c362201bcc64340336b3a,sell,0x3597bfd533a99c9aa083587b074434e61eb0a258,0xa9079c6dea0f629643a227c2312b5a79c1ded343248a46156078cdbf01f3bead
308,6172802.74343372,6.481442880605406,0xc4672c9e60320890ff5221be51afeae05ca80809,2017-10-24T07:50:03.000Z,0.00000105,0x38705b85a98190d9aba71c4e7bb66509d452db48,sell,0x3597bfd533a99c9aa083587b074434e61eb0a258,0x4889eaef5922c6399e31f532345fd471e4c0b8134fa3e492346e09e1b294f835
309,651119.38354316,0.683675352720318,0xc4672c9e60320890ff5221be51afeae05ca80809,2017-10-24T07:44:00.000Z,0.00000105,0x38705b85a98190d9aba71c4e7bb66509d452db48,sell,0x3597bfd533a99c9aa083587b074434e61eb0a258,0xf7b0b729a8512fa39e6a80f62fbc5dba3508761aacfe9d76ea15bda8a42b597d
310,861000,0.904911,0x49dc235474e153367b593cab41b56dff301fbea0,2017-10-24T07:40:51.000Z,0.000001051,0x38705b85a98190d9aba71c4e7bb66509d452db48,sell,0x3597bfd533a99c9aa083587b074434e61eb0a258,0xaadfcd52e1a71a662179bb5e226b25524eaaf63ff71b8b0eb641356ca7df306e
311,139000,0.146089,0x49dc235474e153367b593cab41b56dff301fbea0,2017-10-24T06:58:43.000Z,0.000001051,0x09bc235b5a3e78b7757c362201bcc64340336b3a,sell,0x3597bfd533a99c9aa083587b074434e61eb0a258,0x5892ff64b74d451381dcc7c9e1a536e99d7a033058dc60cca903e5484d0d0471
312,1179557.992,1.3564916908,0x7237527e4477443dd61b8fbb86356f57ef13aaf0,2017-10-24T06:28:19.000Z,0.00000115,0x7bd02d3903fa837426cd80f163efb5207f2b4195,sell,0x3597bfd533a99c9aa083587b074434e61eb0a258,0x7c8e75dcbbda02f398e2a0780cdea940c686ec193c35e09322ce9e0a02785b5e
313,247036.32141667,0.2840917696291705,0x7237527e4477443dd61b8fbb86356f57ef13aaf0,2017-10-24T05:59:54.000Z,0.00000115,0x38705b85a98190d9aba71c4e7bb66509d452db48,sell,0x3597bfd533a99c9aa083587b074434e61eb0a258,0x1f6873a351fd43d201ec6f74715b76ba00ab9da8a786f3aaa3fae276ec72bb5c
314,40925.091,0.048373457562,0xdb2d8c5a29256fe15b7c4586c110ad223f5f247c,2017-10-24T05:58:10.000Z,0.000001182,0x38705b85a98190d9aba71c4e7bb66509d452db48,sell,0x3597bfd533a99c9aa083587b074434e61eb0a258,0x4b714622351cfcdb2ee5b4f3833b2b70c3a12c08a498ade4b7f2fca86a9ef225
315,50000,0.05915,0xbfbdd7f780e8f8185051642cca63bdf74727e167,2017-10-24T05:57:44.000Z,0.000001183,0x38705b85a98190d9aba71c4e7bb66509d452db48,sell,0x3597bfd533a99c9aa083587b074434e61eb0a258,0xbdd2f82eea8c102a591db1fe0e6c3471c66ecc60d8b9ea87560f84f55c8c9210
316,279029.21112618,0.33204476124015553,0xb1af5d1bcdc6d84bf5567d67f8a47590983cd7a2,2017-10-24T04:59:19.000Z,0.00000119,0x6b9fa468597e3edbcab7ecbefb0888a51020938e,buy,0x3597bfd533a99c9aa083587b074434e61eb0a258,0x268c744a8cd5848e70919ed915024a504c899d45a801168f1e10dcdbeb118050
317,50000,0.059125,0x3cf0a8dfcaafb1c11c569861922d61cfd4ac6cb4,2017-10-24T04:08:32.000Z,0.0000011825,0x28fc50a4088f19e18ec8272f5a3fcd035bc2cbe5,buy,0x3597bfd533a99c9aa083587b074434e61eb0a258,0xb500e562b7940b3beb758304e69795ae066b924a70f7efb19b8677d3c9d6795b
318,700000,0.82775,0xdb2d8c5a29256fe15b7c4586c110ad223f5f247c,2017-10-24T04:06:18.000Z,0.0000011825,0x28fc50a4088f19e18ec8272f5a3fcd035bc2cbe5,buy,0x3597bfd533a99c9aa083587b074434e61eb0a258,0x1ed6b358c4d83892b2e6eea90e0c8a0296449d7bff9ad2c16e317388f7f05355
319,486975.92778335,0.5600223169508526,0xdb2d8c5a29256fe15b7c4586c110ad223f5f247c,2017-10-24T03:31:48.000Z,0.00000115,0x0f1b76410215ed963ea2c3d3eaddd4a56350b422,buy,0x3597bfd533a99c9aa083587b074434e61eb0a258,0x35fd4c2405dc769ba5ba318be706d77f4b092ed3feed09d51502557c1063a353
320,1008024.07221664,1.1592276830491475,0xd445f61ebca3d6b4c57eef1f39fdab6595ef8972,2017-10-24T02:07:20.000Z,0.00000115000000000001,0x0f1b76410215ed963ea2c3d3eaddd4a56350b422,buy,0x3597bfd533a99c9aa083587b074434e61eb0a258,0x9a747641033c4a1ebc6c76d017becf5e578f3bc0c6f272d49c4ebda4f8030de3
321,1004999.99999999,1.1909249999999882,0x7237527e4477443dd61b8fbb86356f57ef13aaf0,2017-10-24T02:07:20.000Z,0.000001185,0xd445f61ebca3d6b4c57eef1f39fdab6595ef8972,sell,0x3597bfd533a99c9aa083587b074434e61eb0a258,0x9a747641033c4a1ebc6c76d017becf5e578f3bc0c6f272d49c4ebda4f8030de3
322,1001985,1.185348255,0x7237527e4477443dd61b8fbb86356f57ef13aaf0,2017-10-24T02:06:22.000Z,0.000001183,0x273a5d3e6721b9f5c1a6474f560c1334c63dda01,sell,0x3597bfd533a99c9aa083587b074434e61eb0a258,0x4c4b231913736835729a0817f1cef86847cf78c4d7b28070f3a6d19e25187433
323,1005000,1.15575,0x273a5d3e6721b9f5c1a6474f560c1334c63dda01,2017-10-24T02:06:22.000Z,0.00000115,0x0f1b76410215ed963ea2c3d3eaddd4a56350b422,buy,0x3597bfd533a99c9aa083587b074434e61eb0a258,0x4c4b231913736835729a0817f1cef86847cf78c4d7b28070f3a6d19e25187433
324,50000,0.05695,0x15cd30009b5c47264dd1babc00de1e1180aeb40d,2017-10-24T02:05:53.000Z,0.000001139,0x32b8e9db7aa208845b90e14111021e8e513d09ad,buy,0x3597bfd533a99c9aa083587b074434e61eb0a258,0xc5892211a13a4dc723171b0e3aa82e1d8b31741e43b09d5a4b87de2a7679f0a1
325,996999.99999982,1.146549999999793,0x7237527e4477443dd61b8fbb86356f57ef13aaf0,2017-10-24T01:56:52.000Z,0.00000115,0xd2ea382e498316d91b9de8557670149b479721a0,sell,0x3597bfd533a99c9aa083587b074434e61eb0a258,0x8a7bd2f45cdff9bbd6e3e1fe5ba36520ac7409abcd2fd1066b923d72af6bcbed
326,999999.99999999,1.1349999999999887,0x273a5d3e6721b9f5c1a6474f560c1334c63dda01,2017-10-24T01:56:52.000Z,0.000001135,0x0f1b76410215ed963ea2c3d3eaddd4a56350b422,buy,0x3597bfd533a99c9aa083587b074434e61eb0a258,0xad62042a238dcb1bbf173e17689d4f386e87882bf41365fb0c4b2f2b8f221a25
327,999999.99999982,1.1249999999997975,0xd2ea382e498316d91b9de8557670149b479721a0,2017-10-24T01:56:52.000Z,0.000001125,0x0f1b76410215ed963ea2c3d3eaddd4a56350b422,buy,0x3597bfd533a99c9aa083587b074434e61eb0a258,0x8a7bd2f45cdff9bbd6e3e1fe5ba36520ac7409abcd2fd1066b923d72af6bcbed
328,996999.99999999,1.1465499999999884,0x7237527e4477443dd61b8fbb86356f57ef13aaf0,2017-10-24T01:56:52.000Z,0.00000115,0x273a5d3e6721b9f5c1a6474f560c1334c63dda01,sell,0x3597bfd533a99c9aa083587b074434e61eb0a258,0xad62042a238dcb1bbf173e17689d4f386e87882bf41365fb0c4b2f2b8f221a25
329,399999.998,0.44999999775,0x7237527e4477443dd61b8fbb86356f57ef13aaf0,2017-10-24T01:46:09.000Z,0.000001125,0x09bc235b5a3e78b7757c362201bcc64340336b3a,buy,0x3597bfd533a99c9aa083587b074434e61eb0a258,0x042997c56aeb6bcce5753228046186c21572091f79540d318b4858c021aaa1f4
330,106546.807,0.119652064261,0x7237527e4477443dd61b8fbb86356f57ef13aaf0,2017-10-24T01:46:01.000Z,0.000001123,0x61d662cf41841f3e5ef68a53a71e835b1dcad7bc,buy,0x3597bfd533a99c9aa083587b074434e61eb0a258,0x5dfca20acabe333cff0042b8659d2e545d84978852b75901c9d8878fc26d33e1
331,101725.31,0.11433924844,0x7237527e4477443dd61b8fbb86356f57ef13aaf0,2017-10-24T01:46:01.000Z,0.000001124,0x257e64d1e0cee3c153250d0a6c84d046b2d64bfe,buy,0x3597bfd533a99c9aa083587b074434e61eb0a258,0xad3bd92719c8a88bc7458f2b5eb45beea2d23eba8bf1d19ae47d2f94d5fdff38
332,5144548.41,5.8647851874,0x0c3ce762dc1165dc3b400a82cd3356a52c62a57a,2017-10-24T01:26:35.000Z,0.00000114,0x38705b85a98190d9aba71c4e7bb66509d452db48,buy,0x3597bfd533a99c9aa083587b074434e61eb0a258,0x2a7eba41bd4363b7e2ec6ba5398c18c17a8dddd0dd1b4ca402ae922c91f256de
333,0.00000017,0.000000000000195564,0x7237527e4477443dd61b8fbb86356f57ef13aaf0,2017-10-24T01:22:18.000Z,0.00000115037647058823,0x0f1b76410215ed963ea2c3d3eaddd4a56350b422,buy,0x3597bfd533a99c9aa083587b074434e61eb0a258,0x986f8b02e16ec029a26fe18682fc6076117619d4edd57830cba7490227bd3aa3
334,0.00174373,0.000000001961699581,0x7237527e4477443dd61b8fbb86356f57ef13aaf0,2017-10-24T01:21:50.000Z,0.0000011250019102728,0x09bc235b5a3e78b7757c362201bcc64340336b3a,buy,0x3597bfd533a99c9aa083587b074434e61eb0a258,0xed12320466cd17f995ff8b9c8976ebcde0fbcdf3ca9a3e7678c05477546febdd
335,17.52253649,0.000019677808483662,0x7237527e4477443dd61b8fbb86356f57ef13aaf0,2017-10-24T01:21:05.000Z,0.00000112300000030771,0x61d662cf41841f3e5ef68a53a71e835b1dcad7bc,buy,0x3597bfd533a99c9aa083587b074434e61eb0a258,0x16b6cfbcf1b17bd601b81ad6cf7364ab4e04c947177719f96bf27119de88f8d8
336,7219.95264189,0.008079127006280532,0xf23aef11371f7bdc43a3350d57e2fe4e60722f20,2017-10-23T21:58:46.000Z,0.00000111900000000077,0x3cf0a8dfcaafb1c11c569861922d61cfd4ac6cb4,buy,0x3597bfd533a99c9aa083587b074434e61eb0a258,0xf5ceff8838296aa8c34fc9c8d7fe80a8ac87079f08298394091b07ea1a92dfe5
337,99780.0473581,0.11165387299371947,0x7b750ca102ee1eafa2d773c659c0073fa42edf04,2017-10-23T21:41:10.000Z,0.00000111900000000005,0x3cf0a8dfcaafb1c11c569861922d61cfd4ac6cb4,buy,0x3597bfd533a99c9aa083587b074434e61eb0a258,0x16e58a8d3368243c9e476397c0658e5506f2fcbc13eb0314b0193ea10cb012c4
338,236631.34660496,0.23994418545742943,0x0c3ce762dc1165dc3b400a82cd3356a52c62a57a,2017-10-23T21:33:34.000Z,0.000001014,0x1cfb66cb98eecdeb6df0526f075ab5f54026844e,sell,0x3597bfd533a99c9aa083587b074434e61eb0a258,0x4f7e18e0c2266ca829fa792d040915743d0b8485aa92c6db1e5285c169c6c1c0
339,950000,0.96235,0xc10714119398fa0e4472ff9fdd993f13f13af654,2017-10-23T21:23:31.000Z,0.000001013,0xb9d97e6c42801943b8dc14770b02e278df3dadad,sell,0x3597bfd533a99c9aa083587b074434e61eb0a258,0x39faeb4bf52705af4e5d39675ee3039a3345ebae0750873c6b05b5b5c3095274
340,25000,0.027975,0xe5a4e8bcf5e36deffc52fc42b5ae949012fc40ec,2017-10-23T19:39:21.000Z,0.000001119,0x3cf0a8dfcaafb1c11c569861922d61cfd4ac6cb4,buy,0x3597bfd533a99c9aa083587b074434e61eb0a258,0x231dba314568a20b41cbe1e9cc5762aaebccd673884b949c8790d20a4e695c8d
341,1046.75505931,0.00105931612002172,0x49dc235474e153367b593cab41b56dff301fbea0,2017-10-23T19:35:04.000Z,0.000001012,0x229f58d5ff796eb6b9b4cfbadf74b18037389e64,sell,0x3597bfd533a99c9aa083587b074434e61eb0a258,0xe9860826a80b6e4844bce3585d88e9a4b177e05e87dc9db3610e52ebb4663578
342,432823,0.480866353,0x120523daa602ef7d8b93d5ac161192b232468d79,2017-10-23T19:29:24.000Z,0.000001111,0x49dc235474e153367b593cab41b56dff301fbea0,buy,0x3597bfd533a99c9aa083587b074434e61eb0a258,0xeee82d519dc8c5bba6dfcc6aede33d2ea24ac8f0ace1530e2a9a3cac2d54e86f
343,22000,0.02442,0xc32ccb6446263b34f68052643702e1cdf5341daa,2017-10-23T18:15:22.000Z,0.00000111,0x61d662cf41841f3e5ef68a53a71e835b1dcad7bc,sell,0x3597bfd533a99c9aa083587b074434e61eb0a258,0x5d5c8eac0cee6b3bcb7399805a1f52b0d4e21cc3aaff63ef4a2c85a493e40239
344,3333,0.003742959,0x54b59cbea68b581f1fa6ae1c3d5ea0643e8e2378,2017-10-23T15:45:08.000Z,0.000001123,0x61d662cf41841f3e5ef68a53a71e835b1dcad7bc,buy,0x3597bfd533a99c9aa083587b074434e61eb0a258,0x4bdb8be4950163527c44ee3d9022d734314478cb2b9c3d6711220d74624ad1b9
345,1000000,1.002,0x0c3ce762dc1165dc3b400a82cd3356a52c62a57a,2017-10-23T15:20:37.000Z,0.000001002,0x0f1b76410215ed963ea2c3d3eaddd4a56350b422,sell,0x3597bfd533a99c9aa083587b074434e61eb0a258,0x2ebbd60b36d02806ba0a86f90d1e12afa40e01dd577d9f6ca16d48bea6a2f95b
346,1000000,1.003,0xff0ad139c131720fe615e1c5f6492706480eb6a1,2017-10-23T15:20:37.000Z,0.000001003,0x0f1b76410215ed963ea2c3d3eaddd4a56350b422,sell,0x3597bfd533a99c9aa083587b074434e61eb0a258,0xc52f2d8bf8a81f806b750be1f97464ff05c91650dd8c9e55a3c898598df9b2bf
347,110000,0.11077,0x3cf0a8dfcaafb1c11c569861922d61cfd4ac6cb4,2017-10-23T15:17:39.000Z,0.000001007,0x61d662cf41841f3e5ef68a53a71e835b1dcad7bc,sell,0x3597bfd533a99c9aa083587b074434e61eb0a258,0xed341b9b37a8edfd5aea1c7fbf59395ced2bdcd3ea9147e09bc7adb4356055ea
348,150000,0.15015,0xc9087108b890f9aee9c5b878c6f062a2b0c730f3,2017-10-23T13:47:16.000Z,0.000001001,0x0f1b76410215ed963ea2c3d3eaddd4a56350b422,sell,0x3597bfd533a99c9aa083587b074434e61eb0a258,0xcbeba491022b605c4923d9f6789203da53b8c79059310b2bffaf86835af4fdaf
349,33333,0.037499625,0x74c54b23792cf0d6b78fd1f4bf1beb60ab192846,2017-10-23T13:43:57.000Z,0.000001125,0x3cf0a8dfcaafb1c11c569861922d61cfd4ac6cb4,buy,0x3597bfd533a99c9aa083587b074434e61eb0a258,0x6d1743c58d0e62c176f2f12a4a6beb07511aa068394618a582e5fd4271a0f9a3
350,250000,0.25,0xc9087108b890f9aee9c5b878c6f062a2b0c730f3,2017-10-23T13:34:48.000Z,0.000001,0x0f1b76410215ed963ea2c3d3eaddd4a56350b422,sell,0x3597bfd533a99c9aa083587b074434e61eb0a258,0xb746298301945c32d6358f6c8ceb496d71984e5b05462b02f08b557aa912e4af
351,31111,0.034999875,0x5d2ba7d1f80e353b48ec8a214a21d1e3d6951a3a,2017-10-23T13:33:35.000Z,0.000001125,0x3cf0a8dfcaafb1c11c569861922d61cfd4ac6cb4,buy,0x3597bfd533a99c9aa083587b074434e61eb0a258,0x83b443a0a66dff819ff1ba93ee458175668e4bf39ed437e29dbc5221508a9f55
352,48000,0.048048,0xe32ad7583dcb633c3971f1d3bac822ef4cb171c8,2017-10-23T12:38:02.000Z,0.000001001,0x0f1b76410215ed963ea2c3d3eaddd4a56350b422,sell,0x3597bfd533a99c9aa083587b074434e61eb0a258,0x8e1c5bbcc84fb58818b0fdee1a1fc878eb6738dac2dab716bb761e45001b363c
353,1483264.81,1.631591291,0xf90374ceea4b110a757e87e1fda442b1be6db34f,2017-10-23T12:30:16.000Z,0.0000011,0x669f0ab96fd3beb68bc836bb874894bbb516331a,sell,0x3597bfd533a99c9aa083587b074434e61eb0a258,0xf4bdcf3169613966fa1ac1aa800add9964434ba2aadc053dd8f7f17bc2de6e38
354,1301735.18972377,1.431908708696147,0xf90374ceea4b110a757e87e1fda442b1be6db34f,2017-10-23T12:24:48.000Z,0.0000011,0x0f1b76410215ed963ea2c3d3eaddd4a56350b422,sell,0x3597bfd533a99c9aa083587b074434e61eb0a258,0xd7b3cd615d5bdb7ea1ee3f363c37365cbc16a4e3bf2f582680f83735c49c32d3
355,599997.12485453,0.6017971162290936,0xd62a3c4ba5a939de6db81ee34102fcd42006c30f,2017-10-23T11:51:55.000Z,0.000001003,0x0f1b76410215ed963ea2c3d3eaddd4a56350b422,sell,0x3597bfd533a99c9aa083587b074434e61eb0a258,0x5b6c4ec73cc5454ee2e20382b7641058615f1122f79015cfca3b731ba351f089
356,41159.41581099,0.04630434278736375,0xf90374ceea4b110a757e87e1fda442b1be6db34f,2017-10-23T10:57:15.000Z,0.000001125,0x3cf0a8dfcaafb1c11c569861922d61cfd4ac6cb4,sell,0x3597bfd533a99c9aa083587b074434e61eb0a258,0xa5cad24678092fdf2f447c7444cbc1eedc27c023f7eba0288121921037a9809c
357,2.87514547,0.00000288377090641,0xd62a3c4ba5a939de6db81ee34102fcd42006c30f,2017-10-23T10:54:40.000Z,0.000001003,0xb21015b03f309c7bda5030e0a27df94aad4848be,sell,0x3597bfd533a99c9aa083587b074434e61eb0a258,0x6434151108af89a70227ee493edb72eb593fd4a9b31219fd24ad1070b74cb9fc
358,28840.58418901,0.03244565721263625,0xf90374ceea4b110a757e87e1fda442b1be6db34f,2017-10-23T10:53:44.000Z,0.000001125,0xb21015b03f309c7bda5030e0a27df94aad4848be,sell,0x3597bfd533a99c9aa083587b074434e61eb0a258,0x9c0203f3613b4c728fc40ade6d38276778a41bb9abb2c18c9da3f70ea767abfe
359,245197.332,0.245197332,0x03307f0fbf063a28e30719474c3d637e5ce1be35,2017-10-23T10:53:00.000Z,0.000001,0x0f1b76410215ed963ea2c3d3eaddd4a56350b422,sell,0x3597bfd533a99c9aa083587b074434e61eb0a258,0x2d9b27a048ad2e66a4018f4bdded6d847e1b70dc0d22852bd3b39396bfb27d0a
360,0.00048737,0.000000000548300269,0xf90374ceea4b110a757e87e1fda442b1be6db34f,2017-10-23T10:29:53.000Z,0.0000011250185054476,0x3cf0a8dfcaafb1c11c569861922d61cfd4ac6cb4,buy,0x3597bfd533a99c9aa083587b074434e61eb0a258,0x15941b5059175396b52dc4c5effce95dcfbedf12bf8a05f88079612316e4511b
361,0.00153833,0.00000000153833,0x03307f0fbf063a28e30719474c3d637e5ce1be35,2017-10-23T09:48:30.000Z,0.000001,0xc908f66d119946b2fa0a34a0ca4b9a2724085ed4,sell,0x3597bfd533a99c9aa083587b074434e61eb0a258,0x3d7e001bb1a5757928c8bd1e2a83d2ded5840f6cc4b7a214fb85a2f4134191c6
362,15.43088776,0.00001543088776,0x03307f0fbf063a28e30719474c3d637e5ce1be35,2017-10-23T09:46:48.000Z,0.000001,0xc908f66d119946b2fa0a34a0ca4b9a2724085ed4,sell,0x3597bfd533a99c9aa083587b074434e61eb0a258,0x0c01189d355af0fd8501c399cde19b7103de101e56b59e8e9b65b53b169012ee
363,154787.23507567,0.15478723507567,0x03307f0fbf063a28e30719474c3d637e5ce1be35,2017-10-23T09:44:10.000Z,0.000001,0xc908f66d119946b2fa0a34a0ca4b9a2724085ed4,sell,0x3597bfd533a99c9aa083587b074434e61eb0a258,0x976cd1c616e1b21e92e1784df83ea31509cf671ad6282c7fc57b47b254b87b4c
364,581894.321,0.57607537779,0x30777d9a68fe6ec79bea759bb830ce0120b7658d,2017-10-23T08:10:46.000Z,0.00000099,0x0f1b76410215ed963ea2c3d3eaddd4a56350b422,sell,0x3597bfd533a99c9aa083587b074434e61eb0a258,0x1cc92d8e3f20841e3cc803f89c8a115c10094aeacd7b0e7bbcbb9d4864f59837
365,260000,0.26,0x03307f0fbf063a28e30719474c3d637e5ce1be35,2017-10-23T08:04:02.000Z,0.000001,0x0f1b76410215ed963ea2c3d3eaddd4a56350b422,sell,0x3597bfd533a99c9aa083587b074434e61eb0a258,0x6b3f87a6134072692928732e5fe1c293ee42fa1b8cd7aa779dd0c8197e3df290
366,897300,1.184436,0x09bc235b5a3e78b7757c362201bcc64340336b3a,2017-10-23T07:36:20.000Z,0.00000132,0xd2ea382e498316d91b9de8557670149b479721a0,sell,0x3597bfd533a99c9aa083587b074434e61eb0a258,0x05dccce375366894e7adcc3e617dbbd3ef78e7f4c2e38460e8d6da89fecf16ab
367,900000,1.026,0xd2ea382e498316d91b9de8557670149b479721a0,2017-10-23T07:36:20.000Z,0.00000114,0x38705b85a98190d9aba71c4e7bb66509d452db48,buy,0x3597bfd533a99c9aa083587b074434e61eb0a258,0x05dccce375366894e7adcc3e617dbbd3ef78e7f4c2e38460e8d6da89fecf16ab
368,42.67391166,0.0000422471725434,0x30777d9a68fe6ec79bea759bb830ce0120b7658d,2017-10-23T07:14:12.000Z,0.00000099,0x4126b4809f749102565ab2f27347a0283794e0dc,sell,0x3597bfd533a99c9aa083587b074434e61eb0a258,0xc32f215328f86e69b7a2319e15516280c12d2a639fe091188b8f5e21a587fce4
369,428062.00777589,0.4237813876981311,0x30777d9a68fe6ec79bea759bb830ce0120b7658d,2017-10-23T07:12:58.000Z,0.00000099,0x4126b4809f749102565ab2f27347a0283794e0dc,sell,0x3597bfd533a99c9aa083587b074434e61eb0a258,0x74fc7635498b5e836ce62ea1b464409618fffd6505b046487e7e192e9b8be6fa
370,98000,0.098,0x4e7183b06b2da8c078471135fa6d48985d973145,2017-10-23T07:12:13.000Z,0.000001,0x4126b4809f749102565ab2f27347a0283794e0dc,sell,0x3597bfd533a99c9aa083587b074434e61eb0a258,0x3fe3a7faaaac6b0f938f9a5464279eb606e913a8a473ef6982438fd06f193b01
371,339000,0.335949,0x38705b85a98190d9aba71c4e7bb66509d452db48,2017-10-23T07:12:13.000Z,0.000000991,0x4126b4809f749102565ab2f27347a0283794e0dc,sell,0x3597bfd533a99c9aa083587b074434e61eb0a258,0x008262cc352097ffdf0f6795cdfbc1cdc961e954b3e52b562335bdcaddbf718a
372,100000,0.10001,0x3cf0a8dfcaafb1c11c569861922d61cfd4ac6cb4,2017-10-23T07:11:43.000Z,0.0000010001,0x4126b4809f749102565ab2f27347a0283794e0dc,sell,0x3597bfd533a99c9aa083587b074434e61eb0a258,0x172b860b9e0ec0ec26c89942c26c3cb26f72935c1dd415bbfb77726a2fe69c3a
373,197315.939,0.224742854521,0x541ea757f2d106eeeb8ddca70ca1310ae760eb54,2017-10-23T06:11:12.000Z,0.000001139,0x49dc235474e153367b593cab41b56dff301fbea0,buy,0x3597bfd533a99c9aa083587b074434e61eb0a258,0x87406df66aa815ae9ff9e5bfa551d523136a715dc8f1450f65c20e83021cfec3
374,100000,0.1138,0x541ea757f2d106eeeb8ddca70ca1310ae760eb54,2017-10-23T06:08:05.000Z,0.000001138,0xe697070bf833af624bd637b03af6234c2606a0b7,buy,0x3597bfd533a99c9aa083587b074434e61eb0a258,0x1dabb57b4080b7b717bd0a028091c338e4c8c7771e0d327225ded767db308325
