,amount,amountBase,buyer,date,price,seller,side,tokenAddr,txHash
0,3707,0.51898,0x50af1719afddfd539fbc0b53b0be582f5b7b9abf,2017-11-02T05:06:06.000Z,0.00014,0x00aa588411f3f2a27748ae795496583e40cda560,sell,0x0371a82e4a9d0a4312f3ee2ac9c6958512891372,0xa70eaf85b0005e854510d04141136253aaf57c82e3cd3f9faca931eb73874412
1,318.2759914265776,0.04175781325792689,0x24418ab1b19550b380652432eac1ab37bf3d0fa9,2017-11-01T20:41:19.000Z,0.00013120000999999998,0xb9549897417c115c1727a3b20b8353df25967fdd,sell,0x0371a82e4a9d0a4312f3ee2ac9c6958512891372,0x4119ef28a2e537237be523404c43be0371ddf6c2aa97cb7892bd0df7045d93c3
2,95.451,0.01336314,0x50af1719afddfd539fbc0b53b0be582f5b7b9abf,2017-11-01T20:41:05.000Z,0.00014,0xb9549897417c115c1727a3b20b8353df25967fdd,sell,0x0371a82e4a9d0a4312f3ee2ac9c6958512891372,0x9e121d0861c658eeb12cc7f148e3278c5d5d16f1754b2499ba1454a73b0d0d52
3,7518,0.999894,0x8d510817dbcd4a89bc18472036fe3f7bcc02583c,2017-11-01T17:53:03.000Z,0.000133,0xd6e0408ba14d93b8806d85cc9117c80aa3c5b7ba,sell,0x0371a82e4a9d0a4312f3ee2ac9c6958512891372,0xd352c6d149c273b0b7753356e821f3e9664c31addd4f7bb7a4af80ac875283b9
4,797,0.147445,0x05612170a8d3a88a515121893f1083ead5b75a04,2017-11-01T13:02:27.000Z,0.000185,0x0cdc9010e997542b7cd7c382316953a41e5461e8,buy,0x0371a82e4a9d0a4312f3ee2ac9c6958512891372,0x29dccbedc5c4d02d257f875c159e5f2fa32501f88bb1b5c049d384059e9e0766
5,797.5435655002341,0.10447820708053067,0x0cdc9010e997542b7cd7c382316953a41e5461e8,2017-11-01T07:44:21.000Z,0.00013099999999999999,0x8fa318faaec90b91c98c587879e2bd3c0209c8aa,sell,0x0371a82e4a9d0a4312f3ee2ac9c6958512891372,0x2a69a9b753672485a64f21624f07ef9f3b90406531213b0fe05c2002f8558ef5
6,500,0.1995,0xc9b8269ba0bdccc665d21709bd46df2476764dac,2017-10-31T13:51:00.000Z,0.000399,0x88650fdbfbb5c7933eb52008c4387050b963747d,buy,0x0371a82e4a9d0a4312f3ee2ac9c6958512891372,0xe6f718a3328090e070db6046bbec2f4848287a3a84122abc38d0c2d5bc70dde7
7,3,0.001197,0x0b773d7819259d78757b26dc4148812d35676d8f,2017-10-31T13:03:23.000Z,0.000399,0x88650fdbfbb5c7933eb52008c4387050b963747d,buy,0x0371a82e4a9d0a4312f3ee2ac9c6958512891372,0xb0c26a329fac979e27db7878a0a48031b0b4a81b6595811fccb1f45dca8993bf
8,768.2608647737436,0.14520130344223756,0x77c3db040f79ae46a91529a667c03ab484b37116,2017-10-31T08:52:43.000Z,0.000189,0x88650fdbfbb5c7933eb52008c4387050b963747d,buy,0x0371a82e4a9d0a4312f3ee2ac9c6958512891372,0x77c5f1197ed283d03cae841eee1198c7c3640b8d5672ea333be1fe62bbd2996b
9,1740.9156073483618,0.25243276306551243,0x77c3db040f79ae46a91529a667c03ab484b37116,2017-10-31T08:18:31.000Z,0.000145,0x0cdc9010e997542b7cd7c382316953a41e5461e8,buy,0x0371a82e4a9d0a4312f3ee2ac9c6958512891372,0x94b0f3455e433ffe645b955d05002ccedded2d7132ea7ebe8adff5bc1c8b8f25
10,256.553,0.034121549,0x77c3db040f79ae46a91529a667c03ab484b37116,2017-10-31T08:16:34.000Z,0.000133,0xb920ecf664ebd19a6be85218617128341b4e9a02,buy,0x0371a82e4a9d0a4312f3ee2ac9c6958512891372,0x231a317349cc21b9d500a0da0535a4e6e3e6e34773c380d559c9c4ae8b58759b
11,2992.366,0.391999946,0x77c3db040f79ae46a91529a667c03ab484b37116,2017-10-31T08:15:15.000Z,0.000131,0x0cdc9010e997542b7cd7c382316953a41e5461e8,buy,0x0371a82e4a9d0a4312f3ee2ac9c6958512891372,0xd4b75ab85b12b6ecb6e217a3db2708e1d2765be823e371a606017dd55b1ef524
12,3.816793893129771,0.0005,0x42c24a83bded723edfdf5883bc7efb30bc1a1bf3,2017-10-31T07:10:23.000Z,0.000131,0x0cdc9010e997542b7cd7c382316953a41e5461e8,buy,0x0371a82e4a9d0a4312f3ee2ac9c6958512891372,0xaa1e924c202155be4753f0d66886bb099603154bcacba4e0ceca57bc78a6c35d
13,3.816793893129771,0.0005,0x34f9560c63078eb61872a4dc2ccd20e21c34feaf,2017-10-31T07:00:23.000Z,0.000131,0x0cdc9010e997542b7cd7c382316953a41e5461e8,buy,0x0371a82e4a9d0a4312f3ee2ac9c6958512891372,0x1ad8ed64da22bbffeef1f5174b73f36688b569a8b63aea7c9c63e93906488cc7
14,10,0.0010001,0xf36990a2cb4d609e0a7d4f3bf884c0342d81fd3d,2017-10-30T22:16:58.000Z,0.00010001,0x202e799a604b0d4ba9369d2223e277420016acda,sell,0x0371a82e4a9d0a4312f3ee2ac9c6958512891372,0xa694e6477e2568934413b7a358c17e174294f5366b8298e3643cd5e207a03dbf
15,2000,0.2040002,0x24418ab1b19550b380652432eac1ab37bf3d0fa9,2017-10-30T20:49:47.000Z,0.0001020001,0xb920ecf664ebd19a6be85218617128341b4e9a02,sell,0x0371a82e4a9d0a4312f3ee2ac9c6958512891372,0x7cad4e531e08303dbe9f9b4940c6e1dc9a9d8c11dca10cc0ab2fd8f270f96430
16,1500,0.15615,0x0cdc9010e997542b7cd7c382316953a41e5461e8,2017-10-30T20:49:29.000Z,0.0001041,0xb920ecf664ebd19a6be85218617128341b4e9a02,sell,0x0371a82e4a9d0a4312f3ee2ac9c6958512891372,0x4c1670fccb833129031eb6aeadc20f0c445412ff9befa1d0a83cee58b3254723
17,472.46,0.05716766,0x0cdc9010e997542b7cd7c382316953a41e5461e8,2017-10-30T20:17:01.000Z,0.000121,0xb920ecf664ebd19a6be85218617128341b4e9a02,sell,0x0371a82e4a9d0a4312f3ee2ac9c6958512891372,0xa5e0555fe827084bca8193eda4fb98442cbcad407bfff7c408364d94fa09c129
18,250,0.036875,0xb77c1f7c6f3b44bcfce50cea8ae13d9237b99ee4,2017-10-30T20:16:23.000Z,0.0001475,0xb920ecf664ebd19a6be85218617128341b4e9a02,sell,0x0371a82e4a9d0a4312f3ee2ac9c6958512891372,0x7e56baaeee8cd420dcd0ef194615b15bbb7f6c5aba78f4fc14c0ecdfcc3b5d93
19,1300,0.1573,0x0cdc9010e997542b7cd7c382316953a41e5461e8,2017-10-30T20:09:12.000Z,0.000121,0xb920ecf664ebd19a6be85218617128341b4e9a02,sell,0x0371a82e4a9d0a4312f3ee2ac9c6958512891372,0x9b01f3c871a537819db72b882ffca9b3da6c8e17e6d1fba6bcadde7b087a8a7a
20,3736.7917353681405,0.44841500824417685,0x8d510817dbcd4a89bc18472036fe3f7bcc02583c,2017-10-30T20:06:35.000Z,0.00011999999999999999,0xb920ecf664ebd19a6be85218617128341b4e9a02,sell,0x0371a82e4a9d0a4312f3ee2ac9c6958512891372,0xb09cc09d07c947b5f449d58a4c1a71c432ffdf1582b86180b5263901deb7f2c9
21,1000,0.121,0x0cdc9010e997542b7cd7c382316953a41e5461e8,2017-10-30T20:06:25.000Z,0.000121,0xb920ecf664ebd19a6be85218617128341b4e9a02,sell,0x0371a82e4a9d0a4312f3ee2ac9c6958512891372,0x2ec7898228c662d71fc0647e044778ddd403e4168cfad4a42a8ac6f72274c609
22,5829.2082646318595,0.6995049917558231,0x8d510817dbcd4a89bc18472036fe3f7bcc02583c,2017-10-30T19:54:46.000Z,0.00011999999999999999,0xb920ecf664ebd19a6be85218617128341b4e9a02,sell,0x0371a82e4a9d0a4312f3ee2ac9c6958512891372,0x086d5e03bfc0b4dd9d908b5fdc562b1bc13b989d914c8189dee379dd65bbea8b
23,277.55214842011833,0.093812626166,0xe11928ddafde413e1ec6c7d40f3a9b4c58bb73fb,2017-10-30T19:30:37.000Z,0.000338,0xc9d56287b414e1aa0963016aa721b527f095fd9c,sell,0x0371a82e4a9d0a4312f3ee2ac9c6958512891372,0x7e6f95a0a7fa5d9fe00db44fdecd22771885e27d98b05c47d8703eecde84a285
24,278.3848048653787,0.048438956046575894,0xc9d56287b414e1aa0963016aa721b527f095fd9c,2017-10-30T19:30:37.000Z,0.000174,0x0cdc9010e997542b7cd7c382316953a41e5461e8,buy,0x0371a82e4a9d0a4312f3ee2ac9c6958512891372,0x7e6f95a0a7fa5d9fe00db44fdecd22771885e27d98b05c47d8703eecde84a285
25,50,0.0087,0x273a5d3e6721b9f5c1a6474f560c1334c63dda01,2017-10-30T18:01:58.000Z,0.000174,0x0cdc9010e997542b7cd7c382316953a41e5461e8,buy,0x0371a82e4a9d0a4312f3ee2ac9c6958512891372,0xbca3c200ca303930964d2d674cbf02b85b892eb3c793048105b6bf91ce179dd7
26,49.85,0.00997,0x97db72ed32e185d8a73eddf77b60bfeccf15b679,2017-10-30T18:01:58.000Z,0.0002,0x273a5d3e6721b9f5c1a6474f560c1334c63dda01,sell,0x0371a82e4a9d0a4312f3ee2ac9c6958512891372,0xbca3c200ca303930964d2d674cbf02b85b892eb3c793048105b6bf91ce179dd7
27,266.0597533947226,0.03591806670828755,0xf5b04a7c2fd7b3d1f09db2e917a83e9a435c341b,2017-10-30T14:34:46.000Z,0.000135,0xd4149907c84dea9a9b405c552f9446ac5660bbff,sell,0x0371a82e4a9d0a4312f3ee2ac9c6958512891372,0x3712d503cfc3a1af0d802c651e8ab417c003e7c23cec7e929b1a469a5f88582c
28,3.9402466052774034,0.000531933291712449,0xf5b04a7c2fd7b3d1f09db2e917a83e9a435c341b,2017-10-30T14:32:16.000Z,0.0001349999999999999,0xd4149907c84dea9a9b405c552f9446ac5660bbff,sell,0x0371a82e4a9d0a4312f3ee2ac9c6958512891372,0x9627b6f992aedf7edecba1884adea4c712640a8a4cddf81ce4a686abeee325de
29,2527.54,0.30583234,0x0cdc9010e997542b7cd7c382316953a41e5461e8,2017-10-30T14:16:39.000Z,0.000121,0xb920ecf664ebd19a6be85218617128341b4e9a02,sell,0x0371a82e4a9d0a4312f3ee2ac9c6958512891372,0x5a098bea8be9ae4537f1dbdfd8e4c5714a7d86e1f4861e2d1545c8169b295209
30,2000,0.244,0xd4149907c84dea9a9b405c552f9446ac5660bbff,2017-10-30T14:14:49.000Z,0.000122,0xb920ecf664ebd19a6be85218617128341b4e9a02,sell,0x0371a82e4a9d0a4312f3ee2ac9c6958512891372,0xefa4d8578346d67b02be6589724490bc777be960da0cef3f3de0659e69eedc6e
31,1000,0.189,0xd53955fa72ae2844f9add18bb455898af8e470f1,2017-10-30T06:37:33.000Z,0.000189,0x88650fdbfbb5c7933eb52008c4387050b963747d,buy,0x0371a82e4a9d0a4312f3ee2ac9c6958512891372,0xfe4c94e2a0245a4624f96d518a3f1407f35480cfc81483c0a89515e57fc32da3
32,997,0.2013940997,0x24418ab1b19550b380652432eac1ab37bf3d0fa9,2017-10-30T06:37:33.000Z,0.0002020001,0xd53955fa72ae2844f9add18bb455898af8e470f1,sell,0x0371a82e4a9d0a4312f3ee2ac9c6958512891372,0xfe4c94e2a0245a4624f96d518a3f1407f35480cfc81483c0a89515e57fc32da3
33,228.40840735867766,0.08108498461233057,0xe11928ddafde413e1ec6c7d40f3a9b4c58bb73fb,2017-10-30T05:16:56.000Z,0.000355,0xc9d56287b414e1aa0963016aa721b527f095fd9c,sell,0x0371a82e4a9d0a4312f3ee2ac9c6958512891372,0x2adc85ab391d13e8722d82808543011f77955ba4656c23ea20a6f4959b24067d
34,229.0936325807537,0.04329869655776245,0xc9d56287b414e1aa0963016aa721b527f095fd9c,2017-10-30T05:16:56.000Z,0.000189,0x88650fdbfbb5c7933eb52008c4387050b963747d,buy,0x0371a82e4a9d0a4312f3ee2ac9c6958512891372,0x2adc85ab391d13e8722d82808543011f77955ba4656c23ea20a6f4959b24067d
35,2.6455026455026456,0.0005,0xf9695cd65d6dfdf257fab76a3eb0cb8f001971cc,2017-10-30T03:48:31.000Z,0.000189,0x88650fdbfbb5c7933eb52008c4387050b963747d,buy,0x0371a82e4a9d0a4312f3ee2ac9c6958512891372,0xb215be447f6d249af37fc5029653a7e6e81706608115b45226bcb64f7d652510
36,1192,0.1551984,0x202e799a604b0d4ba9369d2223e277420016acda,2017-10-30T00:14:26.000Z,0.0001302,0xb920ecf664ebd19a6be85218617128341b4e9a02,sell,0x0371a82e4a9d0a4312f3ee2ac9c6958512891372,0x33328b013d3510d6fe5d95d3944f3fabadad7c2151c990751924c25230c49988
37,2184.6825221812383,0.2621619026617486,0x88650fdbfbb5c7933eb52008c4387050b963747d,2017-10-29T23:15:48.000Z,0.00011999999999999999,0xb920ecf664ebd19a6be85218617128341b4e9a02,sell,0x0371a82e4a9d0a4312f3ee2ac9c6958512891372,0xb444b19ff3ccf57d4d88f25824a21b790fc4bc9a22c6deb9460a223655616cb0
38,315.31747781876186,0.03783809733825142,0x88650fdbfbb5c7933eb52008c4387050b963747d,2017-10-29T22:00:53.000Z,0.00011999999999999999,0xe77da447b57dbb22568c1c890e4ae5f9f058b5f9,sell,0x0371a82e4a9d0a4312f3ee2ac9c6958512891372,0x0ee2366b11aaedad30b58d63b54f02aaf8a393ad1ab59166a9e6aac6d30b930f
39,1000,0.125,0x0d2c54ea3f649eb351d40e88b98fcef107c29d36,2017-10-29T21:59:07.000Z,0.000125,0xe77da447b57dbb22568c1c890e4ae5f9f058b5f9,sell,0x0371a82e4a9d0a4312f3ee2ac9c6958512891372,0x774d0e39ba3dd036ac68db0292e86ff2bceef37adf81e4a67c1675c09e66871e
40,2000,0.2500002,0x24418ab1b19550b380652432eac1ab37bf3d0fa9,2017-10-29T21:57:52.000Z,0.0001250001,0xe77da447b57dbb22568c1c890e4ae5f9f058b5f9,sell,0x0371a82e4a9d0a4312f3ee2ac9c6958512891372,0x8493e5dd4d248991258cefd1fc9d41732810aecef83ad6bf04a9e16d3497cf5a
41,1286.346,0.1686399606,0x7de0ad86d760c305e8682f20f474206be7f53710,2017-10-29T21:56:32.000Z,0.0001311,0xe77da447b57dbb22568c1c890e4ae5f9f058b5f9,sell,0x0371a82e4a9d0a4312f3ee2ac9c6958512891372,0x9b0494608671e2c63a27bc04d1fee02220fdd69da945604d4a8dd84b8789e6fd
42,300,0.09,0x77c3db040f79ae46a91529a667c03ab484b37116,2017-10-29T18:51:45.000Z,0.0003,0x74f355aeddfe000c50701d15594e37af63fddaa4,buy,0x0371a82e4a9d0a4312f3ee2ac9c6958512891372,0xda1a9018a0acb42c201d5e1a184cb092ae9718e8a03453dea642248f79e9c3b0
43,10,0.0003001,0x88650fdbfbb5c7933eb52008c4387050b963747d,2017-10-29T06:05:31.000Z,0.00003001,0x74f355aeddfe000c50701d15594e37af63fddaa4,sell,0x0371a82e4a9d0a4312f3ee2ac9c6958512891372,0x8c35b2b62f4142c0d051c86aae4dfee661b305cc3222d292a13d66df8d3d1575
44,41.545,0.0083131545,0xc370be1c1ce33e0f69ce376640fac9a5dc2bbb10,2017-10-29T06:03:33.000Z,0.0002001,0x74f355aeddfe000c50701d15594e37af63fddaa4,sell,0x0371a82e4a9d0a4312f3ee2ac9c6958512891372,0x926d106471801c830d5e43732149a529d9960255c2645e4553886ae05233a621
45,6000,0.78,0xc5c751ddaa97754342d53c0ef212b44c3455c166,2017-10-29T06:01:35.000Z,0.00013,0x74f355aeddfe000c50701d15594e37af63fddaa4,sell,0x0371a82e4a9d0a4312f3ee2ac9c6958512891372,0x7da518fbea6db08555b75e38337a4e31d1a363108638fe8eb380c1ab0aadd274
46,4223,0.8446,0xc370be1c1ce33e0f69ce376640fac9a5dc2bbb10,2017-10-29T02:58:00.000Z,0.0002,0xd6e0408ba14d93b8806d85cc9117c80aa3c5b7ba,sell,0x0371a82e4a9d0a4312f3ee2ac9c6958512891372,0xda61c661f4fed74f249ce25d88a585262fac1c7e932d0926f87b1bbce67c9459
47,1300,0.221,0x29b8eca0a380c562a00b7e5d1fbc624e5be736a5,2017-10-29T00:55:59.000Z,0.00017,0xe77da447b57dbb22568c1c890e4ae5f9f058b5f9,sell,0x0371a82e4a9d0a4312f3ee2ac9c6958512891372,0x7f3f281a45850b23c1749475f54ff80919d4b98c3c9cf04fc97a8d99f49b990f
48,800,0.168,0x7de0ad86d760c305e8682f20f474206be7f53710,2017-10-29T00:54:32.000Z,0.00021,0xe77da447b57dbb22568c1c890e4ae5f9f058b5f9,sell,0x0371a82e4a9d0a4312f3ee2ac9c6958512891372,0x1218475c7015c74561aebd03aa5612ace40420334b41e3233a50a436073c09e6
49,1600,0.3040016,0xac3327da2c123c7f9aa64003a72c5548b01fb0ee,2017-10-29T00:53:57.000Z,0.000190001,0xe77da447b57dbb22568c1c890e4ae5f9f058b5f9,sell,0x0371a82e4a9d0a4312f3ee2ac9c6958512891372,0xfaef6f0f57ed32fef2a353b8a72c1b66bca9b9d66c415f7637d5e6e15c6a7eed
50,2000,0.38,0x4e7a8e87145df3a3133473566306b1059a9dd891,2017-10-29T00:53:26.000Z,0.00019,0xe77da447b57dbb22568c1c890e4ae5f9f058b5f9,sell,0x0371a82e4a9d0a4312f3ee2ac9c6958512891372,0x642d469dad20b49cbe45060b2bb8911338105beb1a82c49d7ecf31f969355411
51,50,0.025,0x899888f5f43a4521dcb8163622853168b11c9f2f,2017-10-28T23:18:53.000Z,0.0005,0xb77c1f7c6f3b44bcfce50cea8ae13d9237b99ee4,buy,0x0371a82e4a9d0a4312f3ee2ac9c6958512891372,0x11a194ab32aa5fde211f8e0627c7b907df4bd93602b87a098c5044a1f40b8d90
52,355.20703862081757,0.16694730815142905,0xbcce870909b3dbbe28f744f69b080dbdeeb7748a,2017-10-28T22:30:09.000Z,0.00046999999999899997,0x7de0ad86d760c305e8682f20f474206be7f53710,sell,0x0371a82e4a9d0a4312f3ee2ac9c6958512891372,0xcda78ea3b3a1b5766a46cebf6f4d5ccf30a62356a027a0af7d1bcb304f10443c
53,1.0638297872340425,0.0005,0xe444a40689f51f63bcd29910622035707d533d29,2017-10-28T21:03:51.000Z,0.00047,0x7de0ad86d760c305e8682f20f474206be7f53710,buy,0x0371a82e4a9d0a4312f3ee2ac9c6958512891372,0x14462aacd3da5c4a74a7173c4ee9118a6642eca723de98d72a78629a77df833b
54,1.0638297872340425,0.0005,0x34f9560c63078eb61872a4dc2ccd20e21c34feaf,2017-10-28T21:02:51.000Z,0.00047,0x7de0ad86d760c305e8682f20f474206be7f53710,buy,0x0371a82e4a9d0a4312f3ee2ac9c6958512891372,0x1d3d127d4e19734844af945e4ea38cece5e6804a1bb37d55e4ef91dadc99faa0
55,1000,0.2001001,0x24418ab1b19550b380652432eac1ab37bf3d0fa9,2017-10-28T19:46:06.000Z,0.0002001001,0xd6e0408ba14d93b8806d85cc9117c80aa3c5b7ba,sell,0x0371a82e4a9d0a4312f3ee2ac9c6958512891372,0x219d765e847bea28fbafbf73437cae6d198c45af5f576157e6305244c19352f0
56,1000,0.205,0x0d2c54ea3f649eb351d40e88b98fcef107c29d36,2017-10-28T19:46:06.000Z,0.000205,0xd6e0408ba14d93b8806d85cc9117c80aa3c5b7ba,sell,0x0371a82e4a9d0a4312f3ee2ac9c6958512891372,0xde2c7acf653584c7b2581f702673540cf3b8dc8f8c3e094fb51aab0a3dad8a18
57,980,0.196,0xc370be1c1ce33e0f69ce376640fac9a5dc2bbb10,2017-10-28T19:45:35.000Z,0.0002,0xd6e0408ba14d93b8806d85cc9117c80aa3c5b7ba,sell,0x0371a82e4a9d0a4312f3ee2ac9c6958512891372,0x4fd58782d752f7c368214868d50257fb5c8b347b56b3a932254a6615e9dd286a
58,283.95070282125414,0.05679014056425082,0x168ca0dbf235c3b0f7ccc6d40d0621fde9eb31ca,2017-10-28T06:07:21.000Z,0.0002,0xd6e0408ba14d93b8806d85cc9117c80aa3c5b7ba,sell,0x0371a82e4a9d0a4312f3ee2ac9c6958512891372,0x215d9760bf60df4d91af9102d119cd56c6596e22e4cc20da5774a1b3bd46f97a
59,4,0.00132,0x74f355aeddfe000c50701d15594e37af63fddaa4,2017-10-28T00:23:52.000Z,0.00033,0x7de0ad86d760c305e8682f20f474206be7f53710,sell,0x0371a82e4a9d0a4312f3ee2ac9c6958512891372,0xe761c2b49e46cfdd3b207b691fee4957bbe768a242be44f0618f6fe6eda1f672
60,4,0.00152,0xe61e8c263ff39586b23b85039c3db024d117918b,2017-10-28T00:20:21.000Z,0.00038,0x7de0ad86d760c305e8682f20f474206be7f53710,sell,0x0371a82e4a9d0a4312f3ee2ac9c6958512891372,0x0044778f7b82f7c18ba216f35e5438b21a29496db2483eb2e347b4d38f10c275
61,4,0.0018,0xe61e8c263ff39586b23b85039c3db024d117918b,2017-10-27T22:46:21.000Z,0.00045,0x88650fdbfbb5c7933eb52008c4387050b963747d,sell,0x0371a82e4a9d0a4312f3ee2ac9c6958512891372,0x020e884e20ad6d6849dfdf8030f24b925d950c7601641d7abfc81542a624e24c
62,2.554,0.001210596,0x273a5d3e6721b9f5c1a6474f560c1334c63dda01,2017-10-27T16:22:56.000Z,0.000474,0xbcce870909b3dbbe28f744f69b080dbdeeb7748a,buy,0x0371a82e4a9d0a4312f3ee2ac9c6958512891372,0x74862d5e2c4543b533079f3a88e05bf1e1c1103a4fb4c4426b2942bb0cd2d69f
63,2.546338,0.002546338,0x202e799a604b0d4ba9369d2223e277420016acda,2017-10-27T16:22:56.000Z,0.001,0x273a5d3e6721b9f5c1a6474f560c1334c63dda01,sell,0x0371a82e4a9d0a4312f3ee2ac9c6958512891372,0x74862d5e2c4543b533079f3a88e05bf1e1c1103a4fb4c4426b2942bb0cd2d69f
64,159.50553284817067,0.028391984846974378,0x202e799a604b0d4ba9369d2223e277420016acda,2017-10-27T06:40:28.000Z,0.000178,0x8fa318faaec90b91c98c587879e2bd3c0209c8aa,sell,0x0371a82e4a9d0a4312f3ee2ac9c6958512891372,0xf42304bf27e70facbd521b5e6a50567ae26cadaaa81a1901fd609d98c9f79edf
65,498.45479015053337,0.08772804306649387,0xac3327da2c123c7f9aa64003a72c5548b01fb0ee,2017-10-26T16:27:59.000Z,0.000176,0x23ca50828542a820ed3f18acafddcd18432170e3,sell,0x0371a82e4a9d0a4312f3ee2ac9c6958512891372,0xe4df44231e263ff22514cc0e3b3204a137778bf5ed2ad015a9e10b29e4d98cbf
66,800,0.156,0x0d2c54ea3f649eb351d40e88b98fcef107c29d36,2017-10-26T16:25:46.000Z,0.000195,0xd6e0408ba14d93b8806d85cc9117c80aa3c5b7ba,sell,0x0371a82e4a9d0a4312f3ee2ac9c6958512891372,0x4e34ecf0b2bd795f3392cfab5998b1892d5419cc7108dddd3f599daf422e436a
67,5000,1,0x68bd7e6657ee981fabc22ea310cc004e4f97d533,2017-10-25T13:42:59.000Z,0.0002,0xd6e0408ba14d93b8806d85cc9117c80aa3c5b7ba,sell,0x0371a82e4a9d0a4312f3ee2ac9c6958512891372,0x33362b623699754ad76ea1088a09789ade3f43da4591588663914786de4f2407
68,500,0.09,0x202e799a604b0d4ba9369d2223e277420016acda,2017-10-25T05:46:52.000Z,0.00018,0x74f355aeddfe000c50701d15594e37af63fddaa4,sell,0x0371a82e4a9d0a4312f3ee2ac9c6958512891372,0x195d28f9ad77fa084b43d0e3a496005fd18d887ee486e492c1880d75f829b524
69,500,0.095,0x202e799a604b0d4ba9369d2223e277420016acda,2017-10-25T05:45:46.000Z,0.00019,0x74f355aeddfe000c50701d15594e37af63fddaa4,sell,0x0371a82e4a9d0a4312f3ee2ac9c6958512891372,0x7c5dbb52454eda9aa16ea977272cf3ae73c495d83eb4ba5aeb2189d2936a3635
70,1000,0.17,0x202e799a604b0d4ba9369d2223e277420016acda,2017-10-25T05:41:03.000Z,0.00017,0x74f355aeddfe000c50701d15594e37af63fddaa4,sell,0x0371a82e4a9d0a4312f3ee2ac9c6958512891372,0x75c8c1468e36230132e12727ebf1a7584e7159cf5c3574a4df6f5c1e33d5833d
71,2500,0.495,0xc370be1c1ce33e0f69ce376640fac9a5dc2bbb10,2017-10-25T05:37:29.000Z,0.000198,0x74f355aeddfe000c50701d15594e37af63fddaa4,sell,0x0371a82e4a9d0a4312f3ee2ac9c6958512891372,0xed89f4057a17d251ab97a795feaf4e14dace70020e034cbdfc174c191156e112
72,780,0.156,0xc370be1c1ce33e0f69ce376640fac9a5dc2bbb10,2017-10-25T01:10:58.000Z,0.0002,0x74f355aeddfe000c50701d15594e37af63fddaa4,sell,0x0371a82e4a9d0a4312f3ee2ac9c6958512891372,0x5e7724b84ebbc84185f2baf5cfcbd637689fc4aa634b7c149f1a395670b51be6
73,1000,0.21,0x202e799a604b0d4ba9369d2223e277420016acda,2017-10-25T00:43:35.000Z,0.00021,0xd6e0408ba14d93b8806d85cc9117c80aa3c5b7ba,sell,0x0371a82e4a9d0a4312f3ee2ac9c6958512891372,0x888b42f3ed7165b12e628a11c5ab77a42aab27ddd4884295a4a75a9ea4376a42
74,1000,0.22,0x202e799a604b0d4ba9369d2223e277420016acda,2017-10-25T00:42:02.000Z,0.00022,0xd6e0408ba14d93b8806d85cc9117c80aa3c5b7ba,sell,0x0371a82e4a9d0a4312f3ee2ac9c6958512891372,0x7c0961d8b5ff8e6218d5e8453b6527e3c13147bb3d351d7aab9cad84b9520019
75,2,0.0009,0x74f355aeddfe000c50701d15594e37af63fddaa4,2017-10-25T00:38:59.000Z,0.00045,0xd6e0408ba14d93b8806d85cc9117c80aa3c5b7ba,sell,0x0371a82e4a9d0a4312f3ee2ac9c6958512891372,0x88f93375098a25582a0914ec44c5f1e8250e018e37f206b12fc0aa297ad14776
76,20,0.004,0xc370be1c1ce33e0f69ce376640fac9a5dc2bbb10,2017-10-24T14:55:17.000Z,0.0002,0x202e799a604b0d4ba9369d2223e277420016acda,sell,0x0371a82e4a9d0a4312f3ee2ac9c6958512891372,0x4ff5077f0878f446c5b08b6eaca751118c66f8b6e8ff41739203e3fb8ae0aaa9
77,500,0.105,0x202e799a604b0d4ba9369d2223e277420016acda,2017-10-24T14:46:28.000Z,0.00021,0x88650fdbfbb5c7933eb52008c4387050b963747d,sell,0x0371a82e4a9d0a4312f3ee2ac9c6958512891372,0x80b7b717132ebb1b2bfae8aa5cba95c329704322682e50cbc6137fb46f01cd63
78,5,0.00165,0x74f355aeddfe000c50701d15594e37af63fddaa4,2017-10-24T14:45:17.000Z,0.00033,0x88650fdbfbb5c7933eb52008c4387050b963747d,sell,0x0371a82e4a9d0a4312f3ee2ac9c6958512891372,0xe0f77ffccf5cb6ad991375b519faf6cb4fec94670773e14241fede7d98f03a70
79,3,0.0012,0x74f355aeddfe000c50701d15594e37af63fddaa4,2017-10-24T14:45:17.000Z,0.0004,0x88650fdbfbb5c7933eb52008c4387050b963747d,sell,0x0371a82e4a9d0a4312f3ee2ac9c6958512891372,0xb884f197e7697073afacc5be6a9b4d1bd199e84f46997a2be6fb790cb7dfe8fe
80,3000,0.330003,0x88650fdbfbb5c7933eb52008c4387050b963747d,2017-10-23T18:48:02.000Z,0.000110001,0xd6e0408ba14d93b8806d85cc9117c80aa3c5b7ba,sell,0x0371a82e4a9d0a4312f3ee2ac9c6958512891372,0x7b7c0394733629e0941e57780cb8009d5a0d1588f1bb4a93bf99ceb230b425c3
81,5.975,0.00201955,0xe11928ddafde413e1ec6c7d40f3a9b4c58bb73fb,2017-10-23T18:37:16.000Z,0.000338,0xd6e0408ba14d93b8806d85cc9117c80aa3c5b7ba,sell,0x0371a82e4a9d0a4312f3ee2ac9c6958512891372,0x584f431c2e411637c1b0f3639eccc10cf6250fdf77c48856489ef0645f983eb9
82,14000,1.414,0x74f355aeddfe000c50701d15594e37af63fddaa4,2017-10-23T18:31:27.000Z,0.000101,0xd6e0408ba14d93b8806d85cc9117c80aa3c5b7ba,sell,0x0371a82e4a9d0a4312f3ee2ac9c6958512891372,0x50305276ba355d597538852ccae000535a8944b231b3cfbed2f2da1a6d0359a4
83,10,0.00424202,0xf36990a2cb4d609e0a7d4f3bf884c0342d81fd3d,2017-10-23T15:06:32.000Z,0.000424202,0xd6e0408ba14d93b8806d85cc9117c80aa3c5b7ba,sell,0x0371a82e4a9d0a4312f3ee2ac9c6958512891372,0x37b42a8437bb48e5f113924fcd2413d63ca89cfee2675bd04a16824964d9399c
84,400,0.22,0x202e799a604b0d4ba9369d2223e277420016acda,2017-10-23T12:49:00.000Z,0.00055,0xc9ae52f35efe6a5b24f670ea2686913a5f3489c4,buy,0x0371a82e4a9d0a4312f3ee2ac9c6958512891372,0xd8b6a6ada38093d7892f5b2171b61a6b92407dbe17743e2dfe36a3fef07b48b5
85,400,0.134,0x0d2c54ea3f649eb351d40e88b98fcef107c29d36,2017-10-23T11:32:48.000Z,0.000335,0x74f355aeddfe000c50701d15594e37af63fddaa4,sell,0x0371a82e4a9d0a4312f3ee2ac9c6958512891372,0xfdb7e7ab0ea835ce33dda4053846c10c26db40dfbb4fd2d9e2efdd41082dafa9
86,300,0.108,0xace2f0e2021ed8067a5f64eebd39bff7e67f096e,2017-10-23T06:37:18.000Z,0.00036,0x74f355aeddfe000c50701d15594e37af63fddaa4,sell,0x0371a82e4a9d0a4312f3ee2ac9c6958512891372,0x53cda712f317f499a640359e813dcdac24b2c9d6902def5d8b8a7726877e9a95
87,39.28964325,0.01666666666665,0x5d5065b42bdee0274e394ba9042c21e1818c69cf,2017-10-23T02:18:22.000Z,0.0004242,0xd6e0408ba14d93b8806d85cc9117c80aa3c5b7ba,sell,0x0371a82e4a9d0a4312f3ee2ac9c6958512891372,0xf28db0b1678697f683c0f215b9e1ba4773e507afe6c7b02372769850bd011937
88,2998.791745588675,0.4498187618383013,0x74f355aeddfe000c50701d15594e37af63fddaa4,2017-10-23T02:18:22.000Z,0.00015,0xd6e0408ba14d93b8806d85cc9117c80aa3c5b7ba,sell,0x0371a82e4a9d0a4312f3ee2ac9c6958512891372,0xfbe3a3ab94f310231501f557f03372288ab769f32683b67ea39838a9be00909f
89,7,0.00392,0xf61a327acaba5b2c08e8a8b335892c3a62b01a9f,2017-10-23T00:55:00.000Z,0.00056,0xc370be1c1ce33e0f69ce376640fac9a5dc2bbb10,buy,0x0371a82e4a9d0a4312f3ee2ac9c6958512891372,0x13f7b71e7db570f52ecc47d6d85d768e1ca686afbb722ea77bd7faf00eafcf16
90,4.2,0.002394,0x74f355aeddfe000c50701d15594e37af63fddaa4,2017-10-23T00:04:50.000Z,0.00057,0x88650fdbfbb5c7933eb52008c4387050b963747d,sell,0x0371a82e4a9d0a4312f3ee2ac9c6958512891372,0x1afedb3b14ed2b9a04a68310727f1f4e5f51a214ccef0ae4e675753bfcf0dd7f
91,200,0.114,0xf4fd890e3ed61a67a6ad80d2c56bbee6eba18f96,2017-10-22T23:16:12.000Z,0.00057,0xd6e0408ba14d93b8806d85cc9117c80aa3c5b7ba,buy,0x0371a82e4a9d0a4312f3ee2ac9c6958512891372,0xd4cf9e24ee1e14684067a7f1f2df71427a7d9ccf3d8065e0899dfeb464adac12
92,94.61187690557942,0.040134547407100596,0xd6bc5140a70906cd32c0131c255d36fadeac65c0,2017-10-22T20:31:52.000Z,0.000424202,0xd6e0408ba14d93b8806d85cc9117c80aa3c5b7ba,sell,0x0371a82e4a9d0a4312f3ee2ac9c6958512891372,0xe6d22c393c73c6eba499bb7e732469d824ccb94eeb1fe780fd831a078db57c4d
93,100,0.046,0xeae46ec3c5f204697789b090d03d2d2c72791af6,2017-10-22T20:04:31.000Z,0.00046,0xd6e0408ba14d93b8806d85cc9117c80aa3c5b7ba,sell,0x0371a82e4a9d0a4312f3ee2ac9c6958512891372,0x8ae307579960cf83515775ab1870e97b8ebbf4c59f9ee5b93891219e6f659f3c
94,100,0.045,0xd7dfa51f9ac2e34a705597e76ccb907859365b7d,2017-10-22T19:56:53.000Z,0.00045,0xd6e0408ba14d93b8806d85cc9117c80aa3c5b7ba,sell,0x0371a82e4a9d0a4312f3ee2ac9c6958512891372,0xd936274746d796e549f944ded50a1583aa29f1e5a7e2933ea04570c8eb4d75f1
95,50,0.0225,0xb77c1f7c6f3b44bcfce50cea8ae13d9237b99ee4,2017-10-22T19:46:00.000Z,0.00045,0xd6e0408ba14d93b8806d85cc9117c80aa3c5b7ba,sell,0x0371a82e4a9d0a4312f3ee2ac9c6958512891372,0x7d77067617f1bb3a46c029574ad29c0675688ba61af9667b23d617f6dbc03dc6
96,400,0.228,0x23ca50828542a820ed3f18acafddcd18432170e3,2017-10-22T19:25:42.000Z,0.00057,0xd6e0408ba14d93b8806d85cc9117c80aa3c5b7ba,buy,0x0371a82e4a9d0a4312f3ee2ac9c6958512891372,0x75a52256d657ab52dc4053cdf7aff8e94f3fd62848358c8c9e8013371978acd5
97,100,0.057,0x23ca50828542a820ed3f18acafddcd18432170e3,2017-10-22T19:24:52.000Z,0.00057,0xd6e0408ba14d93b8806d85cc9117c80aa3c5b7ba,buy,0x0371a82e4a9d0a4312f3ee2ac9c6958512891372,0x0aab994ce9e1edb6b294eecaa2d650ea0364e5eb3a264573524c1f09060747e6
98,100,0.001001,0xf36990a2cb4d609e0a7d4f3bf884c0342d81fd3d,2017-10-22T19:12:06.000Z,0.00001001,0x74f355aeddfe000c50701d15594e37af63fddaa4,sell,0x0371a82e4a9d0a4312f3ee2ac9c6958512891372,0x3601dffb49a59a0df344b59556d0c54587d831c87ed41781eb11076c275fd4f9
99,2000,0.7,0x4e7a8e87145df3a3133473566306b1059a9dd891,2017-10-22T19:08:42.000Z,0.00035,0x74f355aeddfe000c50701d15594e37af63fddaa4,sell,0x0371a82e4a9d0a4312f3ee2ac9c6958512891372,0x8fed79a06016e8e28c9bf81b5dc6288767f11974d523cf555bb84db4dc234888
100,700,0.2355507,0x88650fdbfbb5c7933eb52008c4387050b963747d,2017-10-22T18:50:56.000Z,0.000336501,0x74f355aeddfe000c50701d15594e37af63fddaa4,sell,0x0371a82e4a9d0a4312f3ee2ac9c6958512891372,0x0490887446617b41c4121ac31b5433eafb5a8bbe661758510f9c90ca2170b366
101,930,0.3906,0xc370be1c1ce33e0f69ce376640fac9a5dc2bbb10,2017-10-22T18:50:15.000Z,0.00042,0x74f355aeddfe000c50701d15594e37af63fddaa4,sell,0x0371a82e4a9d0a4312f3ee2ac9c6958512891372,0xd030b556f362b0b2b25ef28afac1e7dfdf3e728135c71b7641463867b3897580
102,635,0.26035,0x8fd92beaab5620f2f16085745f56c3714ea866af,2017-10-22T18:49:46.000Z,0.00041,0x74f355aeddfe000c50701d15594e37af63fddaa4,sell,0x0371a82e4a9d0a4312f3ee2ac9c6958512891372,0x1f98089a6b8e4f0b563a31cce194b4de5b3c69180644a76612faf80057086ab2
103,300,0.13503,0xace2f0e2021ed8067a5f64eebd39bff7e67f096e,2017-10-22T18:48:29.000Z,0.0004501,0x74f355aeddfe000c50701d15594e37af63fddaa4,sell,0x0371a82e4a9d0a4312f3ee2ac9c6958512891372,0x965be42e32566d12df8f742c7966fd68b20680461536b4714f973fdfa0ae2dd6
104,6201.208254411325,0.9301812381616987,0x74f355aeddfe000c50701d15594e37af63fddaa4,2017-10-22T18:14:40.000Z,0.00015,0xe52f57ae240bbeb1d02e2a8031dd9cbc14eebc3f,sell,0x0371a82e4a9d0a4312f3ee2ac9c6958512891372,0xe8981a047b27e42a0fcd20cf7a076aad2e4a159f5c9e1430234a3aa5999e9e86
105,2000,0.8,0x4e7a8e87145df3a3133473566306b1059a9dd891,2017-10-22T18:01:31.000Z,0.0004,0xe52f57ae240bbeb1d02e2a8031dd9cbc14eebc3f,sell,0x0371a82e4a9d0a4312f3ee2ac9c6958512891372,0xb307fb3d3ce297fe2e65cdfff5cc9a7f09ac19e04d1929c19977291194c21c93
106,4,0.00244,0x74f355aeddfe000c50701d15594e37af63fddaa4,2017-10-22T14:41:32.000Z,0.00061,0x1eeffc75e5b91837fead42b9d5c80faa49579d68,sell,0x0371a82e4a9d0a4312f3ee2ac9c6958512891372,0x5805908dff27be1d1fa3c247b3cff7bf6f498a92d6d5223f99eabd6f64d18356
107,4.9845479015053336,0.003239956135978466,0x09e396aca9535fffc68c72f880ab36e252b73a43,2017-10-22T09:45:31.000Z,0.0006499999999999999,0x7eb0fd6a30d1ff304b8011a6b13673e1f40dfbbc,sell,0x0371a82e4a9d0a4312f3ee2ac9c6958512891372,0x0afa83f2b0d999ba9b99141af83f47505917b60e08ba39b05318213a40b2fd1a
108,5,0.0029,0x7eb0fd6a30d1ff304b8011a6b13673e1f40dfbbc,2017-10-22T09:44:20.000Z,0.00058,0x74f355aeddfe000c50701d15594e37af63fddaa4,buy,0x0371a82e4a9d0a4312f3ee2ac9c6958512891372,0x6f64ce8ba117a2be525cdc87ae1750f3dfffcffe4f9c837b96ad110b84f321e1
109,0.5,0.00032899999995,0x86c5bc05977fc95ed0b957c94a1fa47af3f69254,2017-10-22T09:36:10.000Z,0.0006579999999,0xbcce870909b3dbbe28f744f69b080dbdeeb7748a,buy,0x0371a82e4a9d0a4312f3ee2ac9c6958512891372,0x04b9d5db5cb0e28f31ef8d6a22daf782b13368bd05b2c75ad0294f3cffa10638
110,500,0.2121005,0x4b0925f7776c00378f9556fcd4b3aaf3efe0013f,2017-10-22T09:13:17.000Z,0.000424201,0x09e396aca9535fffc68c72f880ab36e252b73a43,sell,0x0371a82e4a9d0a4312f3ee2ac9c6958512891372,0x8f5bb1599a04aab771ed8b2609cbed892fdf146332cbaf9bbed67d3cdc597618
111,2776.32,1.1660544,0xdca7a578e1707f516944634787a32a4b523921ed,2017-10-22T09:13:17.000Z,0.00042,0x09e396aca9535fffc68c72f880ab36e252b73a43,sell,0x0371a82e4a9d0a4312f3ee2ac9c6958512891372,0x8dc5f68feb08a153f5fb04454850c52bd87c804b1616c0b4ebe2f95810b6f48c
112,300,0.126,0x36ae02c0a243c1021d9b9bd675802bf49c4162df,2017-10-22T09:13:17.000Z,0.00042,0x09e396aca9535fffc68c72f880ab36e252b73a43,sell,0x0371a82e4a9d0a4312f3ee2ac9c6958512891372,0x7b8b874120dc5b7988733e0202548590591af4ea50319f64e0a7edf00a61b78f
113,223.6797562711893,0.0939454976338995,0xdca7a578e1707f516944634787a32a4b523921ed,2017-10-22T06:19:15.000Z,0.00041999999999999996,0xadeba2db6729a6108d1d333ac7f77d8bcccd0f95,sell,0x0371a82e4a9d0a4312f3ee2ac9c6958512891372,0x4b3ccb2a67b4dafa49107634fe704a291340be370d47a27bab345d4b0d289997
114,350,0.175,0x779f7997ab5e572bf0c550b0c8530a26af7fe481,2017-10-22T06:18:29.000Z,0.0005,0xadeba2db6729a6108d1d333ac7f77d8bcccd0f95,sell,0x0371a82e4a9d0a4312f3ee2ac9c6958512891372,0x5005406b71176514bec1b66f0bbff24dcfef850b138b57dbbd6149e8c1965076
115,0.7575757587235996,0.0005,0xf9695cd65d6dfdf257fab76a3eb0cb8f001971cc,2017-10-22T04:42:06.000Z,0.000659999999,0xbcce870909b3dbbe28f744f69b080dbdeeb7748a,buy,0x0371a82e4a9d0a4312f3ee2ac9c6958512891372,0xed68c3f40cc6d69d85709e744a4c3a61a8925d2ff6beec40282413a1017be709
116,50,0.033,0x273a5d3e6721b9f5c1a6474f560c1334c63dda01,2017-10-22T03:02:48.000Z,0.00066,0x74f355aeddfe000c50701d15594e37af63fddaa4,buy,0x0371a82e4a9d0a4312f3ee2ac9c6958512891372,0x3a7428fec2cec9526cd2def4f005c7de3c04a1a781255388f2982e660b4cc906
117,49.85,0.033898,0x09e396aca9535fffc68c72f880ab36e252b73a43,2017-10-22T03:02:48.000Z,0.00068,0x273a5d3e6721b9f5c1a6474f560c1334c63dda01,sell,0x0371a82e4a9d0a4312f3ee2ac9c6958512891372,0x3a7428fec2cec9526cd2def4f005c7de3c04a1a781255388f2982e660b4cc906
118,0.7299270083648569,0.0005,0x42c24a83bded723edfdf5883bc7efb30bc1a1bf3,2017-10-22T01:55:09.000Z,0.000684999999,0xbcce870909b3dbbe28f744f69b080dbdeeb7748a,buy,0x0371a82e4a9d0a4312f3ee2ac9c6958512891372,0x220458be02877ab6bfa0fb5daa0db53c07970732d213cfb38d672a5c0820d52b
119,0.7299270083648569,0.0005,0xcd912af5286dc0b0a23edb30209734ecb60838b3,2017-10-22T01:49:16.000Z,0.000684999999,0xbcce870909b3dbbe28f744f69b080dbdeeb7748a,buy,0x0371a82e4a9d0a4312f3ee2ac9c6958512891372,0xb2a70788fb19fc531c02c289c2732e9195056887bf36b39efc2a7fb5a0d3d3a3
120,0.7299270083648569,0.0005,0x379374d13077e8867ef31803c37baf9785a17c00,2017-10-22T01:48:44.000Z,0.000684999999,0xbcce870909b3dbbe28f744f69b080dbdeeb7748a,buy,0x0371a82e4a9d0a4312f3ee2ac9c6958512891372,0xa8d427bbde338bfe2b4cd93429e3175476f3015f1818e2fc46d8f19e1ab1e287
121,0.7299270083648569,0.0005,0x16e5d97bbc92417e051e3b2cabfbf8ceea2acb9c,2017-10-22T01:48:24.000Z,0.000684999999,0xbcce870909b3dbbe28f744f69b080dbdeeb7748a,buy,0x0371a82e4a9d0a4312f3ee2ac9c6958512891372,0x0f7b622f2fce173b50b9acdf4eedb3b8346f35064103a63a71e55c87fd953533
122,150,0.10274999985,0xd6bc5140a70906cd32c0131c255d36fadeac65c0,2017-10-22T01:24:56.000Z,0.000684999999,0xbcce870909b3dbbe28f744f69b080dbdeeb7748a,buy,0x0371a82e4a9d0a4312f3ee2ac9c6958512891372,0xaa267404298f01d4881b46560626ae5be69a801944d51b8460b89ddf4b4d36ee
123,90,0.063,0x8fa318faaec90b91c98c587879e2bd3c0209c8aa,2017-10-21T20:30:07.000Z,0.0007,0x7ebd855831f44abb31702f33c76a3b654d105f6a,buy,0x0371a82e4a9d0a4312f3ee2ac9c6958512891372,0x16f33246b9253043514c7ca5fbdc9d20b9d502c16774e550eb9555f5c237d496
124,71,0.0497,0x77b2fb6522270c5db006a07c2f28762fa7966bb0,2017-10-21T19:51:05.000Z,0.0007,0x7ebd855831f44abb31702f33c76a3b654d105f6a,buy,0x0371a82e4a9d0a4312f3ee2ac9c6958512891372,0x808dc415e85d96d3606ccba4f5071d0520f0be75cf46e90b2b965586054bfa47
125,2,0.00158,0x3579f666148befab58d40e4c04df9a5594198d64,2017-10-21T14:31:36.000Z,0.00079,0x74f355aeddfe000c50701d15594e37af63fddaa4,buy,0x0371a82e4a9d0a4312f3ee2ac9c6958512891372,0xed273f6c6f8a16791d0b744ba45e0a90aa17e2b71c5462df32355ff822aa1580
126,2,0.00158,0x3579f666148befab58d40e4c04df9a5594198d64,2017-10-21T14:31:10.000Z,0.00079,0x74f355aeddfe000c50701d15594e37af63fddaa4,buy,0x0371a82e4a9d0a4312f3ee2ac9c6958512891372,0xed273f6c6f8a16791d0b744ba45e0a90aa17e2b71c5462df32355ff822aa1580
127,8800,3.784,0x74f355aeddfe000c50701d15594e37af63fddaa4,2017-10-21T13:48:40.000Z,0.00043,0x09e396aca9535fffc68c72f880ab36e252b73a43,sell,0x0371a82e4a9d0a4312f3ee2ac9c6958512891372,0xf5648325abae771a1b709c6078c67039559c155566a404f137bd327c42e1c6ba
128,500,0.425,0xe11928ddafde413e1ec6c7d40f3a9b4c58bb73fb,2017-10-21T13:39:21.000Z,0.00085,0x09e396aca9535fffc68c72f880ab36e252b73a43,buy,0x0371a82e4a9d0a4312f3ee2ac9c6958512891372,0x04deb3476bc1ebeed42d0e1dd3ee76bfb5cc1df371dd7a0332760e0a5f5f1ef5
129,490,0.4214,0xe11928ddafde413e1ec6c7d40f3a9b4c58bb73fb,2017-10-21T12:54:13.000Z,0.00086,0xadeba2db6729a6108d1d333ac7f77d8bcccd0f95,buy,0x0371a82e4a9d0a4312f3ee2ac9c6958512891372,0x8c2f3f9901cedc303b828a889e46470e2e626fb43e64cd5b08867c0d650acca5
130,127.872,0.1086912,0xe11928ddafde413e1ec6c7d40f3a9b4c58bb73fb,2017-10-21T12:51:35.000Z,0.00085,0xb5e9b8426c6dee6ff761b82e1e8a6722b27d7c89,buy,0x0371a82e4a9d0a4312f3ee2ac9c6958512891372,0x610c55c8fe8a5769c7f95af1b4c63c0b237f2229f3092710b8bbd00ea13ca745
131,550,0.44,0xe11928ddafde413e1ec6c7d40f3a9b4c58bb73fb,2017-10-21T12:51:22.000Z,0.0008,0x565bf6f1c342b5403ed6a8dcb3472889a0737ec1,buy,0x0371a82e4a9d0a4312f3ee2ac9c6958512891372,0xa3afd2b90bd4918a0a8db967080e6d5c1884a4be05f39d27cdff5d0c2a3f197d
132,735.3045845424616,0.3676522922712308,0x6e9f7c86f07b2eb8ed9d01d208975ee2cde2e114,2017-10-21T12:25:19.000Z,0.0005,0x09e396aca9535fffc68c72f880ab36e252b73a43,sell,0x0371a82e4a9d0a4312f3ee2ac9c6958512891372,0xed11d605e71977b422351a73b31c60d63de8786b4290dedbadab7dd7885d79ef
133,140.08171791990503,0.07004085895995252,0x6e9f7c86f07b2eb8ed9d01d208975ee2cde2e114,2017-10-21T12:01:50.000Z,0.0005,0xfe737759f9f7ec05535c1b092d3d5392577f9e12,sell,0x0371a82e4a9d0a4312f3ee2ac9c6958512891372,0x346023a9f2dc8f5c483151b90fb316581ad51a78e79af97371fc179ec7d1acae
134,110.41372158977393,0.05520687183625913,0x3e37e3d2e664dff18fded3f653b508652d9e4cc8,2017-10-21T11:56:58.000Z,0.0005000000999999999,0xfe737759f9f7ec05535c1b092d3d5392577f9e12,sell,0x0371a82e4a9d0a4312f3ee2ac9c6958512891372,0xf442740d0e359cf80f3f56870a42c3985367c088f274973ec2c58c7bbf80035c
135,124.61369753763334,0.06230684876881667,0x6e9f7c86f07b2eb8ed9d01d208975ee2cde2e114,2017-10-21T11:56:40.000Z,0.0005,0xd4149907c84dea9a9b405c552f9446ac5660bbff,sell,0x0371a82e4a9d0a4312f3ee2ac9c6958512891372,0x33b8aabc526485486b89a044bc40dbb2673532a58f91484ca96677c89ef25b8b
136,35,0.021,0xa8c051c6d78bd4a739038a7036425728c4073659,2017-10-21T11:48:08.000Z,0.0006,0xd4149907c84dea9a9b405c552f9446ac5660bbff,buy,0x0371a82e4a9d0a4312f3ee2ac9c6958512891372,0x6b10af62d507ce0019257d0d2e890c8e9fc0178aa520a78c7c6e55e60770d7db
137,550,0.33,0x565bf6f1c342b5403ed6a8dcb3472889a0737ec1,2017-10-21T11:42:53.000Z,0.0006,0xd4149907c84dea9a9b405c552f9446ac5660bbff,buy,0x0371a82e4a9d0a4312f3ee2ac9c6958512891372,0x2a50cb555b85fabe269e8f474b69b0bb65e0c860708060d7f9b2ba4da5e192d3
138,489.58627841022604,0.24479318816374088,0x3e37e3d2e664dff18fded3f653b508652d9e4cc8,2017-10-21T11:33:16.000Z,0.0005000000999999999,0x1451dbe4304a60b5b25b4d98b355effd440417af,sell,0x0371a82e4a9d0a4312f3ee2ac9c6958512891372,0x379cafc1791bfcd16284f610b91d2ca4463608a15cff0a9cf66d112087723a3c
139,1000,0.5,0x6e9f7c86f07b2eb8ed9d01d208975ee2cde2e114,2017-10-21T09:35:12.000Z,0.0005,0x09e396aca9535fffc68c72f880ab36e252b73a43,sell,0x0371a82e4a9d0a4312f3ee2ac9c6958512891372,0xc96a5e6718471bb403a6d1e8b2d08e926f7958bc5181775906ecd27ad0d66435
140,0.000000000000173762,0.000000000000000151,0x5f605ab04ebe26ab23388328d291c9fb71429b21,2017-10-21T07:46:02.000Z,0.0008690047306085335,0x09e396aca9535fffc68c72f880ab36e252b73a43,buy,0x0371a82e4a9d0a4312f3ee2ac9c6958512891372,0x9226161fed7944d890b1dcfcfa2f527ed09be04434578ccd22dcee97abfc9341
141,0.000000001757276744,0.000000000001511258,0x5f605ab04ebe26ab23388328d291c9fb71429b21,2017-10-21T07:45:36.000Z,0.00086000000009105,0xadeba2db6729a6108d1d333ac7f77d8bcccd0f95,buy,0x0371a82e4a9d0a4312f3ee2ac9c6958512891372,0xc08f6ed650ca42baf8e44a117f625d44513417ddf18b6bdcb67c5e40978910c5
142,0.000017627241090697,0.000000015159427338,0x5f605ab04ebe26ab23388328d291c9fb71429b21,2017-10-21T07:37:17.000Z,0.0008600000000000329,0xadeba2db6729a6108d1d333ac7f77d8bcccd0f95,buy,0x0371a82e4a9d0a4312f3ee2ac9c6958512891372,0x0a35467b10fbadad2b3c391b161d4ed439aa33adc547261a179db936be688264
143,0.9969095803010667,0.000418702023726448,0xdca7a578e1707f516944634787a32a4b523921ed,2017-10-21T07:01:36.000Z,0.00041999999999999996,0xbe4d52e83a097a794b372851ec98f1ec15b4ecbc,sell,0x0371a82e4a9d0a4312f3ee2ac9c6958512891372,0xaddbf5408e26c9eb850e702cfbb774f77624cbfe9ee852b18f111c4edc7d214e
144,0.17681885537166048,0.000152064215619628,0x5f605ab04ebe26ab23388328d291c9fb71429b21,2017-10-21T05:36:53.000Z,0.00086,0xadeba2db6729a6108d1d333ac7f77d8bcccd0f95,buy,0x0371a82e4a9d0a4312f3ee2ac9c6958512891372,0xb01b71170280af0cb7f1194b132b4ad95b8bf48ddff75a0b23c8e4f01c9e1d07
145,140,0.12166,0x5af1686b0b114e625282797b48f5f777f49a449b,2017-10-20T22:05:02.000Z,0.000869,0x09e396aca9535fffc68c72f880ab36e252b73a43,buy,0x0371a82e4a9d0a4312f3ee2ac9c6958512891372,0x1c6e7cb63d532395a84753ff6954e1f14b0e78fbfdc100cc9ae240a04685f854
146,266.4,0.23147496,0x5af1686b0b114e625282797b48f5f777f49a449b,2017-10-20T22:02:36.000Z,0.0008689,0xc51e66fadc27ab84325a41e016e035a4665611c5,buy,0x0371a82e4a9d0a4312f3ee2ac9c6958512891372,0xd94009d03ad5ed1e270f0791716c845a662076fd1ff458bfb1f970998c4d4b55
147,52.21,0.045365269,0x5af1686b0b114e625282797b48f5f777f49a449b,2017-10-20T22:02:36.000Z,0.0008689,0xbc1bc417c7481de57f01a24d844fa05a20cf6b24,buy,0x0371a82e4a9d0a4312f3ee2ac9c6958512891372,0xd8264ddf8d05613f5f4b773c2ca1ce0818c762473b6fdc657b7dec912e593aaf
148,200,0.174,0xc64fa8f2648c868c124fbc3bf33979f862727c2a,2017-10-20T17:13:00.000Z,0.00087,0x1eeffc75e5b91837fead42b9d5c80faa49579d68,buy,0x0371a82e4a9d0a4312f3ee2ac9c6958512891372,0x6e3a3eb9b736ff02df54114169dd124b64faec587515d003bb3df0e149ddf28f
149,530.3558967201675,0.17846475924633637,0x168ca0dbf235c3b0f7ccc6d40d0621fde9eb31ca,2017-10-20T16:23:29.000Z,0.0003365,0xc8f222e1bd2c1a9f7ab6b8278148bc8760546501,sell,0x0371a82e4a9d0a4312f3ee2ac9c6958512891372,0xc60a8855381236fc557eb8e21a666fd696ebb20d969b179ce9803c410647fe1e
150,195.58369055926627,0.0655205363373542,0x0d2c54ea3f649eb351d40e88b98fcef107c29d36,2017-10-20T14:06:02.000Z,0.000335,0x19c5bee1e6009e19c0b927f4fb278b52c0baef66,sell,0x0371a82e4a9d0a4312f3ee2ac9c6958512891372,0xd6deb7a28a1c418c0be175acafd96f0c73b8e71b0546cd0d0f9d06eb92594571
151,70,0.0336,0x8fa318faaec90b91c98c587879e2bd3c0209c8aa,2017-10-20T14:04:28.000Z,0.00048,0x19c5bee1e6009e19c0b927f4fb278b52c0baef66,sell,0x0371a82e4a9d0a4312f3ee2ac9c6958512891372,0x0be636617be8d649f81ae2b5286564fb652a8935c95126fe3e14476817cf0d39
152,500,0.1675,0x0d2c54ea3f649eb351d40e88b98fcef107c29d36,2017-10-20T10:43:34.000Z,0.000335,0xfe737759f9f7ec05535c1b092d3d5392577f9e12,sell,0x0371a82e4a9d0a4312f3ee2ac9c6958512891372,0x2df960f8eac2fdcab0432461a9ce0ea91e5cd1d64ded8988a6835e30f9be5731
153,0.1,0.0000875,0x6cdea8e07bf82d7a07dbf36642d6e5be8623845c,2017-10-20T03:15:28.000Z,0.000875,0x08207c9cf23b8d379b43b947701dfdde5a6d28fe,buy,0x0371a82e4a9d0a4312f3ee2ac9c6958512891372,0xbb4f7befbae75a3b2d01316bbe664972aaf736488ac41b7e8a95af26a920abaa
154,34.4,0.03096,0x202e799a604b0d4ba9369d2223e277420016acda,2017-10-19T13:19:43.000Z,0.0009,0xe80740d4d497b53f2d13cb4d8cc7b89af65c77a9,buy,0x0371a82e4a9d0a4312f3ee2ac9c6958512891372,0xac28432503fc4ad53ea7d24c06cf100bf40f37379ed80a8197a912b3f33e9cc1
155,17.022,0.01666641042,0x5d5065b42bdee0274e394ba9042c21e1818c69cf,2017-10-19T07:01:13.000Z,0.00097911,0xfe737759f9f7ec05535c1b092d3d5392577f9e12,sell,0x0371a82e4a9d0a4312f3ee2ac9c6958512891372,0x52525cb03df4c33612dd78c39f73f8880bfcb055f920b78d304895b818a3d783
156,1,0.00115,0x3ac636ac5c3a2576156ac5f10066ca68abe0ad54,2017-10-16T17:02:04.000Z,0.00115,0x83645d38e7c1b551eff038eb33298e921336b1d1,buy,0x0371a82e4a9d0a4312f3ee2ac9c6958512891372,0x1f9685187b86db350a98ce04529b62c6f97dd65f4c6507e41e58430a6121e5de
157,0.9969095803010667,0.000011962914963612,0x86f12c8eddc23195254c4a04891ee6da4a5d79db,2017-10-16T12:54:09.000Z,0.00001199999999999919,0x541e350501dd562d2e6d61ef0b60050eb11c09e7,sell,0x0371a82e4a9d0a4312f3ee2ac9c6958512891372,0x78177f05b38de56401a4ae55c736d9210aabc97c9b04877e549e942396be3c97
