,amount,amountBase,buyer,date,price,seller,side,tokenAddr,txHash
0,0.06629448709002093,0.000277442428471737,0xb31827308bf2076e07e264e7080bab859ab8cdac,2017-11-02T08:01:42.000Z,0.004184999999999991,0xe4f0105abaea9b46782075c3e9c2636176178e01,sell,0xb8c77482e45f1f44de1745f52c74426c631bdd52,0x30fadd8cc666a2c6ce2dc78a49853d4ea3cc28eae32099c2fa6f3eed2920dc25
1,0.10526315789473684,0.0005,0x4fda9e6bcd83af6c5cc771b5d20accc2b7720074,2017-11-02T07:51:04.000Z,0.00475,0x105a1374763f0ba6131bc1c4b842bb4a1a6eefc9,buy,0xb8c77482e45f1f44de1745f52c74426c631bdd52,0x4ae1a698418fbcd48a9e50134f5b2c5f7fd091901317d3b6164c9fd55ac8dc29
2,0.10526315789473684,0.0005,0x3075f7f189912f4f425dd7021b9c396434197477,2017-11-02T07:51:04.000Z,0.00475,0x105a1374763f0ba6131bc1c4b842bb4a1a6eefc9,buy,0xb8c77482e45f1f44de1745f52c74426c631bdd52,0xa5147022a852db20cfcba38724ec425fef4ea9c771fce4164faa9d8d6836607d
3,23.098414728295772,0.09932318333167182,0x3e66e568931f0f32057f516e5187c6fd62d645c1,2017-11-02T06:23:44.000Z,0.0043,0xe4f0105abaea9b46782075c3e9c2636176178e01,buy,0xb8c77482e45f1f44de1745f52c74426c631bdd52,0xc32622359edf38019721d1f24941f00e6b54e4ac1bcfa8eb0c4db612be78d199
4,5.241585271704229,0.02253881666832818,0x3e66e568931f0f32057f516e5187c6fd62d645c1,2017-11-02T06:20:36.000Z,0.0043,0xe4f0105abaea9b46782075c3e9c2636176178e01,buy,0xb8c77482e45f1f44de1745f52c74426c631bdd52,0xf5d2d6890b74232de47f93531c8f94d09b5b25ff6d01d99b739e7acad8a5e6bc
5,3.66,0.015738,0x1a96f3bc6cd0e9db43e89f983d4227ec5f707539,2017-11-02T03:43:04.000Z,0.0043,0xe4f0105abaea9b46782075c3e9c2636176178e01,buy,0xb8c77482e45f1f44de1745f52c74426c631bdd52,0x2d004f44fff12c572a387eb86485de0ad349a6177c56b36975a7029f8884bc6a
6,0.3988035892323031,0.001994017946161515,0x6b6419c14e261f31a2fe1d8aba756f61984ccb55,2017-11-02T02:28:26.000Z,0.004999999999999999,0x1d5321e125f6c7079a716705541c7b371ca79e69,sell,0xb8c77482e45f1f44de1745f52c74426c631bdd52,0xed55f7b12fb9edcc6a82a29c1698a706c561a656a6eeb4289fb07fae8285f27d
7,0.4,0.00172,0x1d5321e125f6c7079a716705541c7b371ca79e69,2017-11-02T02:28:26.000Z,0.0043,0xe4f0105abaea9b46782075c3e9c2636176178e01,buy,0xb8c77482e45f1f44de1745f52c74426c631bdd52,0xed55f7b12fb9edcc6a82a29c1698a706c561a656a6eeb4289fb07fae8285f27d
8,100,0.46365,0x37b8817bddb22eca13f183e55eca8b3589ac30cd,2017-11-02T02:04:01.000Z,0.0046365,0xb31827308bf2076e07e264e7080bab859ab8cdac,buy,0xb8c77482e45f1f44de1745f52c74426c631bdd52,0xcacd6911b16aa1428ee8a0e18cbf4c6fee176694f979440aba7ec38997c3ad03
9,6,0.0258,0x1a96f3bc6cd0e9db43e89f983d4227ec5f707539,2017-11-02T01:49:27.000Z,0.0043,0xe4f0105abaea9b46782075c3e9c2636176178e01,buy,0xb8c77482e45f1f44de1745f52c74426c631bdd52,0x605cb2c5a6914aebcb9279beb90fbd358592fa37d877f2cf347baa2f0b07b442
10,3,0.0129,0x0edc326b97f071c1a5393ba5344bb762dee0c53a,2017-11-02T00:53:32.000Z,0.0043,0xe4f0105abaea9b46782075c3e9c2636176178e01,buy,0xb8c77482e45f1f44de1745f52c74426c631bdd52,0xaaad8ae69f6bec83d6f7d1b28631213fd9bc614508aaabcc2ca5613c62ed4303
11,19,0.0817,0x1a96f3bc6cd0e9db43e89f983d4227ec5f707539,2017-11-02T00:50:20.000Z,0.0043,0xe4f0105abaea9b46782075c3e9c2636176178e01,buy,0xb8c77482e45f1f44de1745f52c74426c631bdd52,0xc33e3c97a933f597acbb41f5db83c14718e9fe92bd8f6461ddfeb6e299971ebb
12,19.32021031682174,0.07921286229896912,0xfc05318f278b0a06ea0513c8651ed5d998578a81,2017-11-02T00:39:45.000Z,0.0041,0xa54ffa43d11698bc300d924781518b71dd10f0a8,sell,0xb8c77482e45f1f44de1745f52c74426c631bdd52,0x0c52d9d7df9220edad676f9cef5ead3073c8e6b731110c9dd85e286ab5d0e447
13,3,0.0129,0x1a96f3bc6cd0e9db43e89f983d4227ec5f707539,2017-11-02T00:26:57.000Z,0.0043,0xe4f0105abaea9b46782075c3e9c2636176178e01,buy,0xb8c77482e45f1f44de1745f52c74426c631bdd52,0x0394e4bcec1c08819d38e24362bca658d6eb23182019faabed6a378b4f303888
14,7.158918506289041,0.029351565875785066,0x1a96f3bc6cd0e9db43e89f983d4227ec5f707539,2017-11-01T23:46:52.000Z,0.0041,0x7add1decc8a22741d9b83e5e8711fafc59956c23,buy,0xb8c77482e45f1f44de1745f52c74426c631bdd52,0xa3279bcf45a8e4b0a9eb79e124eea89fbaa787a30fca9a520c4f67c006166827
15,3.4040814937109594,0.013956734124214934,0x07de80de1ab9947e01c7d898c470240009d19534,2017-11-01T20:46:07.000Z,0.0041,0x7add1decc8a22741d9b83e5e8711fafc59956c23,buy,0xb8c77482e45f1f44de1745f52c74426c631bdd52,0x583a059b53741acc6b0aaf1bb1b823a0aeb8f43c52c4bfbe53ba55ae2d98fbac
16,2,0.0078,0x6e1801a6c4860f390d485ce43927cf2f140f07e5,2017-11-01T15:22:32.000Z,0.0039,0x1a96f3bc6cd0e9db43e89f983d4227ec5f707539,sell,0xb8c77482e45f1f44de1745f52c74426c631bdd52,0xd943cfb1f413778970e81ce599db1356f0a1e12d3a9c857e13ed9ec16ab86fd5
17,0.9969095803010667,0.003969223407436945,0xb31827308bf2076e07e264e7080bab859ab8cdac,2017-11-01T11:32:55.000Z,0.003981528,0x01feb5851c24d8e470fc716b8df48c5d93a41cc3,sell,0xb8c77482e45f1f44de1745f52c74426c631bdd52,0x753cb104a5342d5b23b8dc6affe74c6f7ff2c69b1eb8ea3b2116e46b5d7bf07b
18,0.005078368713726306,0.00001954487390682,0xb31827308bf2076e07e264e7080bab859ab8cdac,2017-11-01T09:15:07.000Z,0.0038486519999999655,0x5077da020bbbb1789c9d74602af781983e019932,sell,0xb8c77482e45f1f44de1745f52c74426c631bdd52,0x1ec669c624deeec4b5db384ea34ea03d887bcebc55c0d3ddcb9740a643c3887b
19,50.94111656738857,0.19605463015931315,0xb31827308bf2076e07e264e7080bab859ab8cdac,2017-11-01T09:14:21.000Z,0.003848652,0x5077da020bbbb1789c9d74602af781983e019932,sell,0xb8c77482e45f1f44de1745f52c74426c631bdd52,0x83d52522629473fbbddec71471225a6047f1744dafefde411c59b06d5de2ee15
20,9.5,0.039172946,0xeaf4bdbe89e34ddaf61df73539a3c413561401e3,2017-11-01T08:19:13.000Z,0.004123468,0xe4f0105abaea9b46782075c3e9c2636176178e01,sell,0xb8c77482e45f1f44de1745f52c74426c631bdd52,0xa8a02b633817fbb4238410bd198d301d05368ea472f1e2ba088e5f2ee0e36f89
21,0.3,0.0013939431,0x152e63234f60cb8a4aa5f6a8bda7fb865067e0ef,2017-11-01T07:29:38.000Z,0.004646477,0xb4644415a639bf48418f50717ea59e7299682173,sell,0xb8c77482e45f1f44de1745f52c74426c631bdd52,0x2279ac3fd9fe5dacb3a1384e10fe63532c4e9133f1fc265551a2866ce84ab392
22,191.1275047353205,0.7510680215332469,0x3dee4a4e076e8d82859d241db0baf46f112cfa23,2017-11-01T07:15:46.000Z,0.00392967,0x5efdca26e7cbb98c4f23a46d7a724c6c9148d0cf,sell,0xb8c77482e45f1f44de1745f52c74426c631bdd52,0x7eff622318c65deb92345d0fde173be76ebcf6d34cc57585205f66e63cf1aaaf
23,10,0.048875,0x244ea573f91e4bff6582f3303e3afc3db5b27904,2017-11-01T04:43:03.000Z,0.0048875,0xb31827308bf2076e07e264e7080bab859ab8cdac,buy,0xb8c77482e45f1f44de1745f52c74426c631bdd52,0x2405c5dcf6055ca47301d56733cded0bb88d3879d1b5eaef9498b2e70e2d1c87
24,0.000000166864398105,0.000000000792605891,0x98563a3166ad2359890284d437ee8647f9ae8839,2017-11-01T03:56:08.000Z,0.004750000000007491,0x105a1374763f0ba6131bc1c4b842bb4a1a6eefc9,buy,0xb8c77482e45f1f44de1745f52c74426c631bdd52,0xfd3ad9f6af600aa8b55fc3f18550ef01fd4e1ee16a484122bdac9b68c7213dab
25,0.000000166864398105,0.000000000792605891,0x98563a3166ad2359890284d437ee8647f9ae8839,2017-11-01T03:55:46.000Z,0.004750000000007491,0x105a1374763f0ba6131bc1c4b842bb4a1a6eefc9,buy,0xb8c77482e45f1f44de1745f52c74426c631bdd52,0xfd3ad9f6af600aa8b55fc3f18550ef01fd4e1ee16a484122bdac9b68c7213dab
26,0.001704262438708858,0.000007950629690368,0x98563a3166ad2359890284d437ee8647f9ae8839,2017-11-01T03:54:21.000Z,0.004665144000000002,0xb31827308bf2076e07e264e7080bab859ab8cdac,buy,0xb8c77482e45f1f44de1745f52c74426c631bdd52,0xaf358657714ae3b7c28d0738b373e35e9404afdd10773f4780f067d0c4fd7999
27,0.4371188306397535,0.002076314445538829,0x55773078790df1f4c5477ead333186deb309bf2d,2017-11-01T02:59:04.000Z,0.00475,0x105a1374763f0ba6131bc1c4b842bb4a1a6eefc9,buy,0xb8c77482e45f1f44de1745f52c74426c631bdd52,0x6cc5b30005737957123e7050bd81fbf20bf251a21df9ddf43528bbfeaa9e3fe4
28,2.24,0.01053123456,0x55773078790df1f4c5477ead333186deb309bf2d,2017-11-01T02:48:03.000Z,0.004701444,0xb31827308bf2076e07e264e7080bab859ab8cdac,buy,0xb8c77482e45f1f44de1745f52c74426c631bdd52,0xe2d09738a565e390af73f2e646112c4f817428685220d6ffbd8560ac71c7b8d7
29,8,0.0508,0x1a96f3bc6cd0e9db43e89f983d4227ec5f707539,2017-11-01T00:37:09.000Z,0.00635,0xa53194e5e67e9eade3cfc81a6b5e426a46c58dfe,buy,0xb8c77482e45f1f44de1745f52c74426c631bdd52,0x92cf9c882a79fb71e03fbb4be40f1077e9429b4c63520a6c43d65d1611382c6a
30,100,0.4727206,0x8191e37ba4fd9a7772c5585013c2d4f6e0db77d5,2017-11-01T00:29:24.000Z,0.004727206,0xb31827308bf2076e07e264e7080bab859ab8cdac,buy,0xb8c77482e45f1f44de1745f52c74426c631bdd52,0xbc213c142aeedab5cd186cf4c8b04d65c230ea53354c3013b5c5105c68f4a478
31,55,0.259544395,0x2648c2431fc710c120e01ec0a4c6149471469255,2017-10-31T23:39:55.000Z,0.004718989,0xb31827308bf2076e07e264e7080bab859ab8cdac,buy,0xb8c77482e45f1f44de1745f52c74426c631bdd52,0x4cc6c70bb896fef895a92ba455498e3d990f4eac6142c9a3519c55ad5711d239
32,5,0.023455575,0xaf52eeaf8a495770656e57ce86a1521a2f5f2e0e,2017-10-31T19:30:13.000Z,0.004691115,0xb31827308bf2076e07e264e7080bab859ab8cdac,buy,0xb8c77482e45f1f44de1745f52c74426c631bdd52,0x54a695d6bb2364de5b80bdce5c7e2256171ad1dac5e611ad3a5ac852828be963
33,1.5224086481958004,0.006429825939674441,0x4706edf336652496dc03c0ab246c57dbc6aab114,2017-10-31T18:11:10.000Z,0.0042234559999999996,0x068a903c384626bafe48bc93857e95be2d39dd13,sell,0xb8c77482e45f1f44de1745f52c74426c631bdd52,0x2494721a0209329e02019146cff6d2994fbb4b12c4f4fc3fe671f9cd79bb574f
34,20,0.0950279,0xe9254306fd8e3951026213c76730fe8b6739021b,2017-10-31T17:40:16.000Z,0.004751395,0xb31827308bf2076e07e264e7080bab859ab8cdac,buy,0xb8c77482e45f1f44de1745f52c74426c631bdd52,0xf10401865dbf7d9df9169c281286502f1c0ceeb38526b691ce21cab2a7db74d7
35,8,0.033787664,0xeaf4bdbe89e34ddaf61df73539a3c413561401e3,2017-10-31T17:33:56.000Z,0.004223458,0x068a903c384626bafe48bc93857e95be2d39dd13,sell,0xb8c77482e45f1f44de1745f52c74426c631bdd52,0xbb20bd7f6a59d444d43c29c669afb114c0daeeffb6fd0b2f38012f8a6bc1788d
36,10,0.048867525,0xa0e4949eda31898ce6863047bd9649e8f8a57e30,2017-10-31T17:10:23.000Z,0.0048867525,0xb31827308bf2076e07e264e7080bab859ab8cdac,buy,0xb8c77482e45f1f44de1745f52c74426c631bdd52,0x3081e85c9ed0c5c8993c331606091d89efa45caea17dded991235798f202baf0
37,80,0.3909402,0xa0e4949eda31898ce6863047bd9649e8f8a57e30,2017-10-31T17:07:08.000Z,0.0048867525,0xb31827308bf2076e07e264e7080bab859ab8cdac,buy,0xb8c77482e45f1f44de1745f52c74426c631bdd52,0x30ff34878dae68825c6697e99b9e1d259305a247bd6b3c557190d24cb52e620c
38,33,0.1584,0xa0e4949eda31898ce6863047bd9649e8f8a57e30,2017-10-31T17:07:05.000Z,0.0048,0x415236b6d278cdc48f336d7536cb2d2aaf778fc4,buy,0xb8c77482e45f1f44de1745f52c74426c631bdd52,0x9a462d18362dbce6cb45bd156cf26dd99779960157bae2ce9b03cbb81f654763
39,429,1.981706298,0x8520cfccf866cfd47a360c9fa2624d409df03d97,2017-10-31T15:48:54.000Z,0.004619362,0xb31827308bf2076e07e264e7080bab859ab8cdac,buy,0xb8c77482e45f1f44de1745f52c74426c631bdd52,0xc9b43e79be2cd7c497ea9207a34bcb5f3d3d34ed147d8790c942a62e8593070a
40,3,0.014029157999999996,0x21307819952639b45caaa70e12ab6b6a795ecfc9,2017-10-31T15:15:44.000Z,0.004676385999999999,0xb31827308bf2076e07e264e7080bab859ab8cdac,buy,0xb8c77482e45f1f44de1745f52c74426c631bdd52,0x6402eab60b89d6cce8fe0656fb6a5239bd4cbc1f32a66b9ed4a4c092bf63a6ce
41,0.3,0.0014273721,0x0b773d7819259d78757b26dc4148812d35676d8f,2017-10-31T14:40:29.000Z,0.0047579070000000005,0xb31827308bf2076e07e264e7080bab859ab8cdac,buy,0xb8c77482e45f1f44de1745f52c74426c631bdd52,0xd1dd5728586d4882f8038537ef5158c0983629c59c7b5c33eedb1317b5d6fa55
42,30.206360283122322,0.12384637922440435,0x9c1530ea96ec915f021da0fe3f1b4bd614f36afc,2017-10-31T07:57:26.000Z,0.00410001,0xef85168a3e7d6d69ba6a4ea055f651e49f7a89de,sell,0xb8c77482e45f1f44de1745f52c74426c631bdd52,0x37183ae4289e69fa92e170f690fb6793320d1c23ca10cba42d472dba78c50214
43,0.207596711003788,0.000999999999999999,0xd1f6f7607d6891e2dfda76380145f1f314e79db8,2017-10-31T06:48:24.000Z,0.004817032000000001,0xb31827308bf2076e07e264e7080bab859ab8cdac,buy,0xb8c77482e45f1f44de1745f52c74426c631bdd52,0x02d5b3629cdb84c333025cf78cabf5307086ac3aa5f3e424f3a3886298374ae5
44,2.3745258845018236,0.01166449035610311,0x4ea9c94c8b33ee7fa141c0d1fbc782b47ce22b13,2017-10-31T05:44:12.000Z,0.004912345,0x415236b6d278cdc48f336d7536cb2d2aaf778fc4,buy,0xb8c77482e45f1f44de1745f52c74426c631bdd52,0x064f28149324fe61b4beec5fa910ae1771fb53fff1a273e35b92bde4c62a2f97
45,332.9,1.5395895949,0x1d1d215fa73293aa50bac6d603fbd3fe784129c8,2017-10-31T04:45:00.000Z,0.004624781,0x9e593db389c9d8307b5c932dda21491e63f8f7d3,buy,0xb8c77482e45f1f44de1745f52c74426c631bdd52,0xa4bf5518e8dcd47c2a0195734b50249a03dbc03494bd30c080ace06cc9b55387
46,0.0999477081785,0.00040978560353185,0xeb73d8f2590f7929d82cc2f832f2c94ce4789fba,2017-10-31T03:55:50.000Z,0.0041,0xe444a40689f51f63bcd29910622035707d533d29,sell,0xb8c77482e45f1f44de1745f52c74426c631bdd52,0xd26602b8a8775ed6a020a5657e5894a192d8d9c3e1d256e2318649df4fdf636e
47,0.1,0.0004624781,0x0c4085d8e714ca77ac5f46cd2b80a92d238a7cd3,2017-10-31T01:05:56.000Z,0.004624781,0x9e593db389c9d8307b5c932dda21491e63f8f7d3,buy,0xb8c77482e45f1f44de1745f52c74426c631bdd52,0x6b0762daa0cb6e32468761e515d3d009eeee7182bb464b3e5d4db92cbdb4b1fc
48,0.002146670016399466,0.000008479348711447,0x352d8117640f04b80377470634218c8129f3f48f,2017-10-31T00:00:38.000Z,0.0039500009999995775,0x98b31d397cb7ecffe83167cef2c9f13e9722071e,sell,0xb8c77482e45f1f44de1745f52c74426c631bdd52,0x7d306ab940b702c4029dd7b871613aaead16514f50d3c43f3cb638b8e23375ee
49,224.6,0.98824,0x1d1d215fa73293aa50bac6d603fbd3fe784129c8,2017-10-30T23:07:27.000Z,0.0044,0x0ccecf5195c26f5452ee88ab20607530bafed1cb,buy,0xb8c77482e45f1f44de1745f52c74426c631bdd52,0xc47705c14f8e4928c251c6f875f8a3c7b0c80ca0634f11e3a43abe612e445c93
50,62.578,0.2628276,0x352d8117640f04b80377470634218c8129f3f48f,2017-10-30T17:22:10.000Z,0.0042,0x527e6009e17c7e85ca8c3912accd8f0e12b89e2b,buy,0xb8c77482e45f1f44de1745f52c74426c631bdd52,0x9a651e692b351f613591b910d8ccde8e0788a6ebe48d3236c3db67cb08b6a43f
51,70,0.308,0xc2ce2da9cf4f8509d62bfe211e2cf44c9f86cb7b,2017-10-30T17:10:42.000Z,0.0044,0x0ccecf5195c26f5452ee88ab20607530bafed1cb,buy,0xb8c77482e45f1f44de1745f52c74426c631bdd52,0xa4fee5259176104da217555b8c22da7c410ce8577c7c695139b09ab2c8626c85
52,1,0.0044,0x01feb5851c24d8e470fc716b8df48c5d93a41cc3,2017-10-30T17:04:42.000Z,0.0044,0x0ccecf5195c26f5452ee88ab20607530bafed1cb,buy,0xb8c77482e45f1f44de1745f52c74426c631bdd52,0x45760e68f51b88c928b66b3500de6b02b2af782c7dbac158b9d2bda8a6efd0e9
53,73.721862227,0.3096318213534,0x3dee4a4e076e8d82859d241db0baf46f112cfa23,2017-10-30T16:55:21.000Z,0.0042,0xe1e1d0d73eeb29d0632bc4c7871bfc74dbed0741,buy,0xb8c77482e45f1f44de1745f52c74426c631bdd52,0x512c1d0af78a39bbb6097aafd836b3b092e5bb67fc857a5d8eb552cd14f1b12d
54,16,0.0672,0x9ee1830ff376758c5ecc7fb465f3b14d64116d71,2017-10-30T06:59:25.000Z,0.0042,0xe1e1d0d73eeb29d0632bc4c7871bfc74dbed0741,buy,0xb8c77482e45f1f44de1745f52c74426c631bdd52,0x79d237c862267deb38a225acc3bc214b9f208cf1a9bb00c6c3d54b0a8a3653fa
55,80.27925573657002,0.3291449485199371,0x9ee1830ff376758c5ecc7fb465f3b14d64116d71,2017-10-30T06:58:03.000Z,0.0041,0xd3a65f8c8c5ed562d8ea7a1fc8dc4391e26c4684,buy,0xb8c77482e45f1f44de1745f52c74426c631bdd52,0xdb564c7a3a07becd6a11d6d6b6c17588efbbf4969de92ece87d82333b9a3b16d
56,306.8005917844097,1.165842248780757,0x9e593db389c9d8307b5c932dda21491e63f8f7d3,2017-10-30T06:04:16.000Z,0.0038,0xd3a65f8c8c5ed562d8ea7a1fc8dc4391e26c4684,sell,0xb8c77482e45f1f44de1745f52c74426c631bdd52,0x544fb523047afa2ca74132c5db7326cd757490ca44f50849a6308e683d8e3d80
57,0.0997028913659,0.00037887098719042,0x9e593db389c9d8307b5c932dda21491e63f8f7d3,2017-10-30T02:01:33.000Z,0.0038,0x16e5d97bbc92417e051e3b2cabfbf8ceea2acb9c,sell,0xb8c77482e45f1f44de1745f52c74426c631bdd52,0x99a64a061bb250364f2376147c604b23c1c6eea088b826711a7d2fa7eaad8966
58,0.0997053242244,0.00037888023205272,0x9e593db389c9d8307b5c932dda21491e63f8f7d3,2017-10-30T02:01:06.000Z,0.0038,0x379374d13077e8867ef31803c37baf9785a17c00,sell,0xb8c77482e45f1f44de1745f52c74426c631bdd52,0xc7fd00fc0b53629749322d93135cdaf4b75a2f7a5916a16088dbb3a0a2272eaf
59,248,0.9424,0x9e593db389c9d8307b5c932dda21491e63f8f7d3,2017-10-29T18:52:18.000Z,0.0038,0xb356944dde459990dd5ac684591f31e6da06276b,sell,0xb8c77482e45f1f44de1745f52c74426c631bdd52,0x754bf0ac7addce2ca128d169bde09cb48465819e765880d8603c1c661c3d548e
60,99,0.41679,0x6dc8a351ce571992b0d4f86becce5a9b5bf9fa1e,2017-10-29T12:45:44.000Z,0.00421,0x7de0ad86d760c305e8682f20f474206be7f53710,buy,0xb8c77482e45f1f44de1745f52c74426c631bdd52,0x857ce4f94d1447e66543278db7a5e0db7314336cd1e90f26b8de679cb5765873
61,19.94137185789748,0.07398248959279966,0x7de0ad86d760c305e8682f20f474206be7f53710,2017-10-29T12:41:37.000Z,0.00371,0x368674b5b7bd3ec1d97954d63ffdbc367166a3ae,sell,0xb8c77482e45f1f44de1745f52c74426c631bdd52,0xd185a90a4e5613673988e483f80a69ecd2d6ee9e6b068624242ad62a8226f8fc
62,191.72,0.84930023628,0x5efdca26e7cbb98c4f23a46d7a724c6c9148d0cf,2017-10-29T10:43:03.000Z,0.004429899,0xf52fb0f3240e800c9d07737f602a53a43455a758,buy,0xb8c77482e45f1f44de1745f52c74426c631bdd52,0xdc74138c5f382783058acd50c9f53c39a942217efa46c876fb1967edbf4288b2
63,35,0.167999965,0xb4644415a639bf48418f50717ea59e7299682173,2017-10-29T02:21:48.000Z,0.004799999,0xf52fb0f3240e800c9d07737f602a53a43455a758,buy,0xb8c77482e45f1f44de1745f52c74426c631bdd52,0xd83173998ec2a3fbebc487717b422145905a008cbc1ab328a2a0250bef8b4376
64,89.721862227096,0.3283830924135181,0xe1e1d0d73eeb29d0632bc4c7871bfc74dbed0741,2017-10-29T01:58:05.000Z,0.003660012,0xa36334b0909ab194b9ddb9689bfde7f6b2332220,sell,0xb8c77482e45f1f44de1745f52c74426c631bdd52,0x3ab361a83a7c046e515ec72a288a94c82f32c454e84c36172e2fe226fc9147df
65,0.10024755130318809,0.0005,0xe444a40689f51f63bcd29910622035707d533d29,2017-10-28T20:09:22.000Z,0.004987653,0xf52fb0f3240e800c9d07737f602a53a43455a758,buy,0xb8c77482e45f1f44de1745f52c74426c631bdd52,0x2a4654238cea3c0d7b518e84d078b219a35a5e700f47b75b65561487e9c15f6a
66,51.29953571283525,0.18980828213749043,0x739c5f6d73d483705a08f9a52c7cd61c7933573e,2017-10-28T17:18:49.000Z,0.0037,0x1ed014aec47fae44c9e55bac7662c0b78ae61798,sell,0xb8c77482e45f1f44de1745f52c74426c631bdd52,0x922dcabd99952e939f3ae405379d5ff665155b1cd32c8361695b34a7caff212d
67,9.969095803010667,0.036486900608114846,0xf52fb0f3240e800c9d07737f602a53a43455a758,2017-10-28T07:07:21.000Z,0.003660001,0x946151fa04270a2d81ff3abc7f0648f1767a0fce,sell,0xb8c77482e45f1f44de1745f52c74426c631bdd52,0x7c67d3353c42ddda76ba2d0b2b7b91c16ad29622d1366f9f928b52f6b5c172e5
68,30.7,0.1290667603,0x10edf2926c9f23f25c5fc74543544c1266496297,2017-10-27T22:28:29.000Z,0.004204129,0xf52fb0f3240e800c9d07737f602a53a43455a758,sell,0xb8c77482e45f1f44de1745f52c74426c631bdd52,0x3e629504e5f3ce2b00f156a55cc2f4a4296a563388e233b636a916dbffaf1168
69,20,0.076,0xe3d0a0d0fcdab0f65f97c5e29b3d413e827ca3ce,2017-10-27T11:22:11.000Z,0.0038,0x5077da020bbbb1789c9d74602af781983e019932,sell,0xb8c77482e45f1f44de1745f52c74426c631bdd52,0x90ba643470ef4cae228a7474c4f467b70ae898df80ffd7c3232a33266ad878b2
70,4.887,0.019548,0xe83ed3431fe5974e009ed12794551a8cfba086bc,2017-10-27T11:19:27.000Z,0.004,0x5077da020bbbb1789c9d74602af781983e019932,sell,0xb8c77482e45f1f44de1745f52c74426c631bdd52,0x8494bf3ad10c2fbc375d33aef3a1cad978046d4b8baeb16de84624b37f76f2bd
71,1,0.00430042,0xfdcd8c6edf78486aba0157d3a5c200be0757802a,2017-10-27T08:49:11.000Z,0.00430042,0xb356944dde459990dd5ac684591f31e6da06276b,buy,0xb8c77482e45f1f44de1745f52c74426c631bdd52,0xf4c159bae087f11c5b1a7cfd9f0096fdbb173bdac7993c49a7891ebd65210ec1
72,0.12948904280620474,0.000556857269464659,0xfdcd8c6edf78486aba0157d3a5c200be0757802a,2017-10-27T08:46:00.000Z,0.00430042,0xb356944dde459990dd5ac684591f31e6da06276b,buy,0xb8c77482e45f1f44de1745f52c74426c631bdd52,0x193a3c36a35c2f8b00961790d67f6f0dc817b5b429326398b944bddace0fa880
73,1366.7889542418502,4.975111793440335,0xeb73d8f2590f7929d82cc2f832f2c94ce4789fba,2017-10-27T08:23:56.000Z,0.00364,0x244ea573f91e4bff6582f3303e3afc3db5b27904,sell,0xb8c77482e45f1f44de1745f52c74426c631bdd52,0xb4fe2d87b5ecf08cdf2f99e19fcb7364bb295fde392944c3408e9a2844258c19
74,40,0.16988444,0xa36334b0909ab194b9ddb9689bfde7f6b2332220,2017-10-27T04:36:26.000Z,0.004247111,0xb31827308bf2076e07e264e7080bab859ab8cdac,buy,0xb8c77482e45f1f44de1745f52c74426c631bdd52,0xb00369c6b3df7354031b3f5e24a9f42e35b9bb2d6776a12814d88bbb9c4839ca
75,0.5403896053509447,0.002221596246947874,0x36ae02c0a243c1021d9b9bd675802bf49c4162df,2017-10-26T19:10:29.000Z,0.004111101,0x142e562c31941d170bac90debb01149b0944d336,sell,0xb8c77482e45f1f44de1745f52c74426c631bdd52,0x8056bb9f8b9dd332cbda686b693ddb39176ad1f40059170c02c9b2e90bffa60b
76,240,0.9866688,0x694311dc3d706062dda60fd8db933a2400423826,2017-10-26T07:09:52.000Z,0.00411112,0x9e593db389c9d8307b5c932dda21491e63f8f7d3,sell,0xb8c77482e45f1f44de1745f52c74426c631bdd52,0x3996ec79a24e28e962fc8b448ad1700dedeed7e69270751f143f2d6f63fb29b5
77,36,0.164503944,0x046e7e0f9cb6126f1a88382342bb32db93504d67,2017-10-26T04:08:36.000Z,0.004569554,0xb31827308bf2076e07e264e7080bab859ab8cdac,buy,0xb8c77482e45f1f44de1745f52c74426c631bdd52,0x09133c94468cdf7f942523710772e43a83909aeae6bab73c9037c68ee218fa17
78,35.982,0.1601199,0xa36334b0909ab194b9ddb9689bfde7f6b2332220,2017-10-26T03:40:35.000Z,0.00445,0x68924f8a55d8a017aad7ce4f716c8bcea5de9685,buy,0xb8c77482e45f1f44de1745f52c74426c631bdd52,0x7aa39039a7c2c5494210b6d6eac29066b38e2a85a39af166866cad26035f0036
79,1,0.00445,0xfdcd8c6edf78486aba0157d3a5c200be0757802a,2017-10-26T02:54:14.000Z,0.00445,0x68924f8a55d8a017aad7ce4f716c8bcea5de9685,buy,0xb8c77482e45f1f44de1745f52c74426c631bdd52,0xb8098c4426f132d95d262212370925b38b031c66759b0451062420cb6ceaa723
80,1,0.00445,0xfdcd8c6edf78486aba0157d3a5c200be0757802a,2017-10-26T02:51:53.000Z,0.00445,0x68924f8a55d8a017aad7ce4f716c8bcea5de9685,buy,0xb8c77482e45f1f44de1745f52c74426c631bdd52,0xb61b9923e36de793d675905eebb41508bb8d7389bf5840a0002d756e18af47d1
81,10.01789772845014,0.044579644891603126,0xa53194e5e67e9eade3cfc81a6b5e426a46c58dfe,2017-10-26T00:17:34.000Z,0.00445,0x68924f8a55d8a017aad7ce4f716c8bcea5de9685,buy,0xb8c77482e45f1f44de1745f52c74426c631bdd52,0x0bd359a2908034251c3fd38e3eaa28f7a843795922f79c13c3da6985f6452a42
82,35.702322799322104,0.14721695716080152,0x415236b6d278cdc48f336d7536cb2d2aaf778fc4,2017-10-25T22:22:40.000Z,0.004123456,0x1a2d336e035ad7ce32131ee411da2017e6c51b2c,sell,0xb8c77482e45f1f44de1745f52c74426c631bdd52,0x74658417bc3d444c3e9f71889a7652e2bff2c9cddbb3017aba64687512b857dc
83,48,0.19968,0x68924f8a55d8a017aad7ce4f716c8bcea5de9685,2017-10-25T22:21:10.000Z,0.00416,0x1a2d336e035ad7ce32131ee411da2017e6c51b2c,sell,0xb8c77482e45f1f44de1745f52c74426c631bdd52,0x1d30fd0452228ed1c0fc1dd3fa2a97886be8f1acc107e6fa0b2037c3846ddcea
84,140.838,0.6900921162,0x1428550fc8a5b57d9b1078ad9b7bbff200ffe0ff,2017-10-25T18:48:17.000Z,0.0048999,0x694311dc3d706062dda60fd8db933a2400423826,buy,0xb8c77482e45f1f44de1745f52c74426c631bdd52,0xa7eaa3ebba86889cebc8041d5b5401e4e9918ffaefe433ca94e1c8c03375d191
85,144.57930415711294,0.6650647991227195,0x1428550fc8a5b57d9b1078ad9b7bbff200ffe0ff,2017-10-25T18:41:33.000Z,0.0046,0x99e882bd35c422b3506c50d9cb032f95e1156a73,sell,0xb8c77482e45f1f44de1745f52c74426c631bdd52,0xb7fda89ce107d612223587358143f97f471f4eda4f0ed90c8a0666972e45cd91
86,2,0.0097998,0xfdcd8c6edf78486aba0157d3a5c200be0757802a,2017-10-25T15:46:44.000Z,0.0048999,0x694311dc3d706062dda60fd8db933a2400423826,buy,0xb8c77482e45f1f44de1745f52c74426c631bdd52,0x4a6d2fb056a328aad3f7a892c887f75d0a5d86383fb5dee87fb212ff6d7ccff9
87,1,0.0048999,0xfdcd8c6edf78486aba0157d3a5c200be0757802a,2017-10-25T15:37:08.000Z,0.0048999,0x694311dc3d706062dda60fd8db933a2400423826,buy,0xb8c77482e45f1f44de1745f52c74426c631bdd52,0xd3affa669b19d7ceebe41550bfb2d857dbd2dca2745f1b2f5adbe32312df5f66
88,0.5,0.0024995,0xe1fa699860444be91d366c21de8fef56e3dec77a,2017-10-25T02:19:09.000Z,0.004999,0x694311dc3d706062dda60fd8db933a2400423826,buy,0xb8c77482e45f1f44de1745f52c74426c631bdd52,0x516010f8abfbc8dbe214eb5d81e98611c5f9129fccd95dcbdee633f0de9b23ca
89,32.8980161499352,0.13817166782972784,0x980561d80f2475bdb0587566d6b37379de971a81,2017-10-24T23:30:27.000Z,0.0042,0xadefb603d6e5352addd753a3389623c1f62a8779,sell,0xb8c77482e45f1f44de1745f52c74426c631bdd52,0x474cdb92273c483d719da5b8c4e85cd51203a4242b668c9f99070ec60897cfe4
90,150,0.645,0x980561d80f2475bdb0587566d6b37379de971a81,2017-10-24T22:27:40.000Z,0.0043,0x694311dc3d706062dda60fd8db933a2400423826,sell,0xb8c77482e45f1f44de1745f52c74426c631bdd52,0x125eb0d47d94fd75127e3106d247d1718c2cb2bfb920f5815b35a24758c2e2de
91,80,0.3580544,0xa2479a6042d536202d2512088e22f51df9dd6979,2017-10-24T22:16:11.000Z,0.00447568,0xace0bbd354573ed2e7e228e0e754dade7cc3b055,buy,0xb8c77482e45f1f44de1745f52c74426c631bdd52,0xccfc6a6c41669ac8dc2afe587a34187c0f5e25bbcb30d24c51509c2c15be5e0d
92,225,0.99,0x980561d80f2475bdb0587566d6b37379de971a81,2017-10-24T19:05:25.000Z,0.0044,0x694311dc3d706062dda60fd8db933a2400423826,sell,0xb8c77482e45f1f44de1745f52c74426c631bdd52,0x370c55fe1110c80833a76ee0b6fe846a35e78f8bce6c495a7d5f4c56f8feb7ba
93,100,0.47,0x980561d80f2475bdb0587566d6b37379de971a81,2017-10-24T19:04:21.000Z,0.0047,0x694311dc3d706062dda60fd8db933a2400423826,sell,0xb8c77482e45f1f44de1745f52c74426c631bdd52,0x0c8eb53d2d456a1676d58b4fbb940588e000892b409ea423cb5ce0be160c5972
94,102.20212545972404,0.4190297364061232,0xace0bbd354573ed2e7e228e0e754dade7cc3b055,2017-10-24T18:02:50.000Z,0.00410001,0xa63a343a028d70606d7f0fddfc47b7bf5954e234,sell,0xb8c77482e45f1f44de1745f52c74426c631bdd52,0x14df46873745dd55015f35c6e2e593a14d5d06efa16f111c873cfacf16aad8e6
95,100,0.47,0xdf0580c36714b0410eeccde642c25f961e46ce0c,2017-10-24T18:00:36.000Z,0.0047,0xa63a343a028d70606d7f0fddfc47b7bf5954e234,sell,0xb8c77482e45f1f44de1745f52c74426c631bdd52,0x3ea68e91876ddaf6f6c4641a06da58224be8fd9ca89771d25c0d616ec185a3c5
96,65.873,0.3227777,0xdf0580c36714b0410eeccde642c25f961e46ce0c,2017-10-24T15:55:48.000Z,0.0049,0x415236b6d278cdc48f336d7536cb2d2aaf778fc4,buy,0xb8c77482e45f1f44de1745f52c74426c631bdd52,0x0d5a51b9bb879717dbc8c592e167114a4fdefcd67b9df443a99cd36673dc701a
97,80,0.38159088,0xdf0580c36714b0410eeccde642c25f961e46ce0c,2017-10-24T15:55:42.000Z,0.004769886,0xace0bbd354573ed2e7e228e0e754dade7cc3b055,buy,0xb8c77482e45f1f44de1745f52c74426c631bdd52,0x0dd43cdad5bc6c6b719994f0cbdfcfde448bcf039804537fed4bec24688de6f2
98,0.06956800979072343,0.000285228840141966,0xd98a3954353055ab642c9159c7f3b25dac2dc29b,2017-10-24T13:46:28.000Z,0.0040999999999999995,0xe126c701fadcc72bbc7161a3419cc958044e738f,sell,0xb8c77482e45f1f44de1745f52c74426c631bdd52,0xe07526609559d8d51498c8ad49e430cb5d4e7f0037cbc22a7e9ce2835b7f863c
99,697.8367062107467,2.7913468248429867,0x3c3aef0043c8629556d0b20425aca08a1509d1dc,2017-10-24T13:36:54.000Z,0.004,0xe126c701fadcc72bbc7161a3419cc958044e738f,sell,0xb8c77482e45f1f44de1745f52c74426c631bdd52,0xa6f54242276665a5d900bdd1d1e2565b8255d99214437b516bcb072c67f93334
100,13.076961419599243,0.053615541820356896,0xd98a3954353055ab642c9159c7f3b25dac2dc29b,2017-10-24T07:49:54.000Z,0.0041,0x9e1477cd68e8e375705ccb3dcf5764fe901de3ef,sell,0xb8c77482e45f1f44de1745f52c74426c631bdd52,0xd1764ff00ed8d5bf678f39bbe5cd2344b8a0e6776e00b4763349f5e645075386
101,13.076961419599243,0.053615541820356896,0xd98a3954353055ab642c9159c7f3b25dac2dc29b,2017-10-24T07:48:52.000Z,0.0041,0x9e1477cd68e8e375705ccb3dcf5764fe901de3ef,sell,0xb8c77482e45f1f44de1745f52c74426c631bdd52,0xd1764ff00ed8d5bf678f39bbe5cd2344b8a0e6776e00b4763349f5e645075386
102,250,1.051051,0xb356944dde459990dd5ac684591f31e6da06276b,2017-10-24T07:47:58.000Z,0.004204204,0x9e1477cd68e8e375705ccb3dcf5764fe901de3ef,sell,0xb8c77482e45f1f44de1745f52c74426c631bdd52,0x3fd60117c607602d3a8aaa168c4af8982c0be8e905fff0f405260848aedf34cc
103,235,0.99875,0x8658c7e8be379543eef958493ba7f12504b9898a,2017-10-24T01:59:45.000Z,0.00425,0xa8596ea432d61e7a7f694a2cf73df545bfca7e26,sell,0xb8c77482e45f1f44de1745f52c74426c631bdd52,0x626e35a564fcb3b732a716dd8ed1cecbff4378e1e58809d102c5de4cbe9ababa
104,17.936512230243537,0.08250795625912026,0x50caf279447e23e6b10762bbc89cc3af2c6ce44c,2017-10-23T23:19:45.000Z,0.0046,0x415236b6d278cdc48f336d7536cb2d2aaf778fc4,buy,0xb8c77482e45f1f44de1745f52c74426c631bdd52,0x7058c89e4fe852457e0dd0901cba16a0d85ce2a3bcf5d3c83fc175fb5ae1ec94
105,164,0.7011,0x8658c7e8be379543eef958493ba7f12504b9898a,2017-10-23T19:35:04.000Z,0.004275,0xd82c5aab9378ee3df48f6d820ae1ef628e0432e9,buy,0xb8c77482e45f1f44de1745f52c74426c631bdd52,0x8ca28cb66ab1bb68edbee36884477cb61562df9b807042cdd8d7ece8b571072f
106,32.4949904,0.15110170536,0x0265afc497b9dfc5a9648d66322e19b9edcd0faa,2017-10-23T05:21:21.000Z,0.00465,0x493a2afd4d49a26fe1d9e2009af23308676a0657,buy,0xb8c77482e45f1f44de1745f52c74426c631bdd52,0xdac389a55bc49f262f11016c29c168cb1b673d5660547ab6e613210a4abde61f
107,22.683,0.0816610683,0xe2eabfc1e89a462bbd2ba188cd8a9591a9a0d04e,2017-10-23T01:40:58.000Z,0.0036001,0x1b6d4c049695de71b0117a63643977fa34cff049,buy,0xb8c77482e45f1f44de1745f52c74426c631bdd52,0x8e2f52dd5fef4e7339b61f1b07526d10b49d0db4ffd8d06c0ed9d9d7598d1c78
108,69.23671432120227,0.2492522407930425,0xe2eabfc1e89a462bbd2ba188cd8a9591a9a0d04e,2017-10-23T01:23:51.000Z,0.003600001,0x1b6d4c049695de71b0117a63643977fa34cff049,buy,0xb8c77482e45f1f44de1745f52c74426c631bdd52,0xb1b0afc7596997c5a086d935448c5ae889bf2d4845d3fec9b006e3171bb2ecf7
109,1.8501522509440829,0.006660549953550949,0x1d5321e125f6c7079a716705541c7b371ca79e69,2017-10-23T01:21:37.000Z,0.003600001,0x1b6d4c049695de71b0117a63643977fa34cff049,buy,0xb8c77482e45f1f44de1745f52c74426c631bdd52,0x45e2b59d3ae8af58a3b7ed2c93e9b71b216469adc457ed1c36b659c8bc08f51d
110,1.8446183957568123,0.006825088064300205,0xcd371e6ee9dbc386f85b8eab0c9711368d404618,2017-10-23T01:21:37.000Z,0.0036999999999999997,0x1d5321e125f6c7079a716705541c7b371ca79e69,sell,0xb8c77482e45f1f44de1745f52c74426c631bdd52,0x45e2b59d3ae8af58a3b7ed2c93e9b71b216469adc457ed1c36b659c8bc08f51d
111,69.2298127165203,0.2492273950092858,0xe2eabfc1e89a462bbd2ba188cd8a9591a9a0d04e,2017-10-23T01:21:36.000Z,0.003600001,0x1b6d4c049695de71b0117a63643977fa34cff049,buy,0xb8c77482e45f1f44de1745f52c74426c631bdd52,0xa3ce482de71af5f533e412f44607828b36881c90622754d9d19baaf177d313dc
112,65.802,0.2434674,0x415236b6d278cdc48f336d7536cb2d2aaf778fc4,2017-10-23T01:15:59.000Z,0.0037,0x273a5d3e6721b9f5c1a6474f560c1334c63dda01,sell,0xb8c77482e45f1f44de1745f52c74426c631bdd52,0xe8d715216c4db31d7434c80878e945fe7fd0a21efc2c93a2089634913e008b61
113,66,0.237600066,0x273a5d3e6721b9f5c1a6474f560c1334c63dda01,2017-10-23T01:15:59.000Z,0.003600001,0x1b6d4c049695de71b0117a63643977fa34cff049,buy,0xb8c77482e45f1f44de1745f52c74426c631bdd52,0xe8d715216c4db31d7434c80878e945fe7fd0a21efc2c93a2089634913e008b61
114,0.5,0.002325,0xe1fa699860444be91d366c21de8fef56e3dec77a,2017-10-22T18:34:05.000Z,0.00465,0x493a2afd4d49a26fe1d9e2009af23308676a0657,buy,0xb8c77482e45f1f44de1745f52c74426c631bdd52,0x078e4039b82f0aac622e6806c1b60249123a3ad4817068e8d5bb1a3de87b0067
115,73,0.27886,0xf361e7f39beb5e1a3f7fef72abd805797f8c1e84,2017-10-22T16:35:03.000Z,0.00382,0x142e562c31941d170bac90debb01149b0944d336,sell,0xb8c77482e45f1f44de1745f52c74426c631bdd52,0xb7d4f7cf4d3739681764b00e6b821dbca07b4e73de06253360ba83c922c273e3
116,0.0018096,0.00000841464,0x273a5d3e6721b9f5c1a6474f560c1334c63dda01,2017-10-22T16:03:49.000Z,0.00465,0x493a2afd4d49a26fe1d9e2009af23308676a0657,buy,0xb8c77482e45f1f44de1745f52c74426c631bdd52,0x0220984f441ce76fcde680e2ce0faeb368f0dd7151911214b1b9ff624777f1e5
117,0.0018041712,0.18041712,0x4c0c520b349d4dc1f1737a01b60b42a17d359f5f,2017-10-22T16:03:49.000Z,100,0x273a5d3e6721b9f5c1a6474f560c1334c63dda01,sell,0xb8c77482e45f1f44de1745f52c74426c631bdd52,0x0220984f441ce76fcde680e2ce0faeb368f0dd7151911214b1b9ff624777f1e5
118,0.0032,0.00001488,0x273a5d3e6721b9f5c1a6474f560c1334c63dda01,2017-10-22T16:03:31.000Z,0.00465,0x493a2afd4d49a26fe1d9e2009af23308676a0657,buy,0xb8c77482e45f1f44de1745f52c74426c631bdd52,0x8667d054357ec5b094004e82290f7f7aaf6dfeb434fe723cf0e62fe4e6a65ac0
119,0.0031904,0.31904,0x4c0c520b349d4dc1f1737a01b60b42a17d359f5f,2017-10-22T16:03:31.000Z,100,0x273a5d3e6721b9f5c1a6474f560c1334c63dda01,sell,0xb8c77482e45f1f44de1745f52c74426c631bdd52,0x8667d054357ec5b094004e82290f7f7aaf6dfeb434fe723cf0e62fe4e6a65ac0
120,0.001192594453555259,0.000004555710812581,0xf361e7f39beb5e1a3f7fef72abd805797f8c1e84,2017-10-22T12:14:07.000Z,0.003819999999999925,0xdf46ad6ac2c2a3df1577b255292b7a1a52572cef,sell,0xb8c77482e45f1f44de1745f52c74426c631bdd52,0x807450cbd663681251430ed564e69c2345d91abd9d741e0454ffa4863cf015a3
121,11.9629149636128,0.0456983351610009,0xf361e7f39beb5e1a3f7fef72abd805797f8c1e84,2017-10-22T10:54:44.000Z,0.00382,0x99901ec3cf5bd76890e85e32ec3571421a304292,sell,0xb8c77482e45f1f44de1745f52c74426c631bdd52,0x184b31a2d18e6756f9c1e4563f399f934e5ee7ea28d5cec4bf13751e0b698489
122,20,0.0924,0x368674b5b7bd3ec1d97954d63ffdbc367166a3ae,2017-10-22T10:39:02.000Z,0.00462,0xace0bbd354573ed2e7e228e0e754dade7cc3b055,buy,0xb8c77482e45f1f44de1745f52c74426c631bdd52,0x9c6fa30faf23912554cb8a0c2b6b5f6c8fec504246225c3d4222d67260651cb8
123,30.904196989333066,0.11805403249925232,0xf361e7f39beb5e1a3f7fef72abd805797f8c1e84,2017-10-22T02:02:26.000Z,0.00382,0xf84899cfe0cebc5bca951cb878314f9f0c35d675,sell,0xb8c77482e45f1f44de1745f52c74426c631bdd52,0x1711c14d95f67bd751c2586c5b1e6f42ad71ef977bd1bbfb8dc55c3d0d336732
124,250,1.1999975,0xb679f03cc85b95ccfe5a6eee617b201ae1a28f04,2017-10-21T17:59:12.000Z,0.00479999,0x352d8117640f04b80377470634218c8129f3f48f,buy,0xb8c77482e45f1f44de1745f52c74426c631bdd52,0x027d00b612666de1a687fe3b6ef4f55b51732e12ec243aa044e0cf5c95fe23cb
125,94.69,0.416636,0xb679f03cc85b95ccfe5a6eee617b201ae1a28f04,2017-10-21T17:57:23.000Z,0.0044,0x976856a4b31d3850227c7572c8f2bdb7addb1fba,buy,0xb8c77482e45f1f44de1745f52c74426c631bdd52,0x154b425ba97819ccfc5bad482dae6bd08488b05f9d491337e55e58feb73b4e12
126,100,0.47,0xb679f03cc85b95ccfe5a6eee617b201ae1a28f04,2017-10-21T17:57:23.000Z,0.0047,0xe026a60bed392313e0dd24310db38be527fee96f,buy,0xb8c77482e45f1f44de1745f52c74426c631bdd52,0x3c6172b227efe0baa81e7baf5f6a62452038ad08fc47736fda7bfc0f3e31f6be
127,5,0.022,0xedf5de3807d23e5d85b0caa1e10d52b85c2a6965,2017-10-21T14:09:44.000Z,0.0044,0x976856a4b31d3850227c7572c8f2bdb7addb1fba,buy,0xb8c77482e45f1f44de1745f52c74426c631bdd52,0x5c67d77323f5adc8db90c8e7b5765e337f6e0cbbb267e74e50a520e24b239f97
128,0.000000030566839235,0.00000000010243284,0x2475fe4d7a9d7d2e7908baf6697b801596bf5148,2017-10-21T14:04:04.000Z,0.00335110997942866,0x69f9a06cbf2069d529f77007cc6600f252b8851f,sell,0xb8c77482e45f1f44de1745f52c74426c631bdd52,0xe1d79fb26177f87b75e02f14aaa1be4c4bc1a06239ebdceff68db4f72e789101
129,0.000306615964358235,0.000001171272983848,0xf361e7f39beb5e1a3f7fef72abd805797f8c1e84,2017-10-21T14:01:47.000Z,0.0038199999999985073,0x69f9a06cbf2069d529f77007cc6600f252b8851f,sell,0xb8c77482e45f1f44de1745f52c74426c631bdd52,0x6cf915b6e9158fbb725a42f139614ac0e56fcdac58810b362fdd66f59aaa2d4c
130,14.953643704516,0.05697338251420596,0xd63f3945dde8dc7198588c2918cd7ead8a6e9211,2017-10-20T22:18:25.000Z,0.00381,0x1899a21760650d300930da2bf4df4f17089d3a1d,sell,0xb8c77482e45f1f44de1745f52c74426c631bdd52,0x8bcc68126894213caf62b1e68c5ef5769f035db44c5ba8259e4d190415b7fed7
131,177.764928720965,0.675506729139667,0x739c5f6d73d483705a08f9a52c7cd61c7933573e,2017-10-20T20:53:22.000Z,0.0038,0xcd8eddd0a27047d53d65f23d483a8a169d54526b,sell,0xb8c77482e45f1f44de1745f52c74426c631bdd52,0x41b9c5c8309a1bdd472af89657fbe6602ea97c7160098e5110590e43e6d5670e
132,600,2.9999994,0xb1455f4084cfd6495af7683a6414393a46a07bab,2017-10-20T19:38:23.000Z,0.004999999,0x352d8117640f04b80377470634218c8129f3f48f,buy,0xb8c77482e45f1f44de1745f52c74426c631bdd52,0x811dd375769b3dd0ead41ba6e208141608d5fa2be6b094df99656aeff3cffe9d
133,50,0.245,0xb1455f4084cfd6495af7683a6414393a46a07bab,2017-10-20T19:35:43.000Z,0.0049,0x415236b6d278cdc48f336d7536cb2d2aaf778fc4,buy,0xb8c77482e45f1f44de1745f52c74426c631bdd52,0x47f865fc482d4b7a545c278cd13605062ec04c8d957a17975d721edea1fe5f09
134,300,1.4399997,0xb1455f4084cfd6495af7683a6414393a46a07bab,2017-10-20T19:34:11.000Z,0.004799999,0x109b91033eddfec5797a27114319d95c4c95c0d9,buy,0xb8c77482e45f1f44de1745f52c74426c631bdd52,0x50f5fd5bb8d27d5ec0870f6cbfa4db77ad35c89807cdebfe80bcb434462b4657
135,79,0.33496,0xace0bbd354573ed2e7e228e0e754dade7cc3b055,2017-10-20T19:22:35.000Z,0.00424,0x694311dc3d706062dda60fd8db933a2400423826,sell,0xb8c77482e45f1f44de1745f52c74426c631bdd52,0x931628cf6ed1408399011acaa8103454eb14d5fe84dbdedf1278fadf8b7758d1
136,21,0.08904,0xace0bbd354573ed2e7e228e0e754dade7cc3b055,2017-10-20T19:08:15.000Z,0.00424,0xe8b1ebb99db7c5351a28e78f31a117ef3c28c6f0,sell,0xb8c77482e45f1f44de1745f52c74426c631bdd52,0xc39a64928d5b616ff06d3721360dafa8de21b87a3ff2eb9f866347fd58cefd15
137,0.00382,0.12224,0x415236b6d278cdc48f336d7536cb2d2aaf778fc4,2017-10-20T03:41:44.000Z,32,0x3ac636ac5c3a2576156ac5f10066ca68abe0ad54,sell,0xb8c77482e45f1f44de1745f52c74426c631bdd52,0xd400ff3e607446fb6e1958872e7290dcb28848936ca3fa0ce963ee948904266b
138,0.00382,0.12224,0x415236b6d278cdc48f336d7536cb2d2aaf778fc4,2017-10-20T03:40:19.000Z,32,0x3ac636ac5c3a2576156ac5f10066ca68abe0ad54,sell,0xb8c77482e45f1f44de1745f52c74426c631bdd52,0x3f2db31cc5a3ea0e3ee3469c2cf3b5ddeeab82c0e4ee28e29868132201cae9a4
139,32,0.1536,0x21e256212ed6d5261cbbd26fd462dec202445e5b,2017-10-20T02:44:25.000Z,0.0048,0x415236b6d278cdc48f336d7536cb2d2aaf778fc4,buy,0xb8c77482e45f1f44de1745f52c74426c631bdd52,0xd993bc091d5c3858865a824f27259716cb33665bcef34d70c6a76cd619e30abb
140,0.1,0.000444,0x6cdea8e07bf82d7a07dbf36642d6e5be8623845c,2017-10-19T13:17:57.000Z,0.00444,0xfd0fe438cf033aab2a6998a95f2614d231ab8e04,buy,0xb8c77482e45f1f44de1745f52c74426c631bdd52,0x53d2f26aaf2f2109fa9240d33779121b5036730a6070ab09a5c7b39283896cc6
141,92.741,0.38302033,0x415236b6d278cdc48f336d7536cb2d2aaf778fc4,2017-10-19T09:50:12.000Z,0.00413,0xfd0fe438cf033aab2a6998a95f2614d231ab8e04,sell,0xb8c77482e45f1f44de1745f52c74426c631bdd52,0xe23cca7b037144f707d5ed61ac6f1395e0e9f64926571561f8d927a4d11f0967
142,25,0.1035,0xc57c2dac35a7975c84aac7b381aff7ed75d04099,2017-10-19T09:47:55.000Z,0.00414,0xfd0fe438cf033aab2a6998a95f2614d231ab8e04,sell,0xb8c77482e45f1f44de1745f52c74426c631bdd52,0x2bd92d7fc074c3132c6d07f8f5a4b670ef273fa8908dd6a60ca6fa86b6d27579
143,300,1.2370374,0x109b91033eddfec5797a27114319d95c4c95c0d9,2017-10-19T09:47:01.000Z,0.004123458,0xfd0fe438cf033aab2a6998a95f2614d231ab8e04,sell,0xb8c77482e45f1f44de1745f52c74426c631bdd52,0x08e8df3c3b9a0336d104929647c53bdfba9f1b82063b40702b57c52596b0d36f
144,1272.4159091278873,6.361811065882611,0x8e695b0f6e1e19972d1f2663ad3042430c34343e,2017-10-19T07:42:49.000Z,0.004999789,0x352d8117640f04b80377470634218c8129f3f48f,buy,0xb8c77482e45f1f44de1745f52c74426c631bdd52,0x69f79e32962f94810d0aad526455f5ef6fdc07adae10821383393d1a43462bb7
145,2000,9.999548,0x8e695b0f6e1e19972d1f2663ad3042430c34343e,2017-10-19T07:40:59.000Z,0.004999774,0x352d8117640f04b80377470634218c8129f3f48f,buy,0xb8c77482e45f1f44de1745f52c74426c631bdd52,0x350a0607703bec7dee8f5358da12fd761929f6fb3c03ba5c90c17e645d539368
146,2000,9.6,0x8e695b0f6e1e19972d1f2663ad3042430c34343e,2017-10-19T07:40:52.000Z,0.0048,0x69f9a06cbf2069d529f77007cc6600f252b8851f,buy,0xb8c77482e45f1f44de1745f52c74426c631bdd52,0x2a661a76a57e73b18e75689b4c72860e3e1993c50a8e328ac3f782887771bfa2
147,1262.661,6.0606465339,0x8e695b0f6e1e19972d1f2663ad3042430c34343e,2017-10-19T07:40:46.000Z,0.0047999,0x951571ecb267b433469ef2c50f4c7b74b1d631f7,buy,0xb8c77482e45f1f44de1745f52c74426c631bdd52,0x934ab11e91a3261af40e0f31cad6a8ed6f526d4ccb8e2ddfcd5109622b5fea9b
148,100,0.479989,0x8e695b0f6e1e19972d1f2663ad3042430c34343e,2017-10-19T07:40:36.000Z,0.00479989,0x694311dc3d706062dda60fd8db933a2400423826,buy,0xb8c77482e45f1f44de1745f52c74426c631bdd52,0x391b8f16c7731a1739f3ec48de0d3942ec0e1aaf96e940e4978c3cdb0bf7b78e
149,1.9908284318612302,0.00822212142358688,0x415236b6d278cdc48f336d7536cb2d2aaf778fc4,2017-10-18T22:28:32.000Z,0.00413,0xbf52f67f8524587d6a7ab1f1f8d092c635b9587f,sell,0xb8c77482e45f1f44de1745f52c74426c631bdd52,0x157ac8b4be4bdc497be1230178dee6e46fcd449ea93b51ff4ce0250e06722639
150,1,0.004999778,0x3ac636ac5c3a2576156ac5f10066ca68abe0ad54,2017-10-18T16:27:08.000Z,0.004999778,0x352d8117640f04b80377470634218c8129f3f48f,buy,0xb8c77482e45f1f44de1745f52c74426c631bdd52,0xacce47f7e0e9061b7e387fcd23918b3b4a09b685a0a88b039987199f96043e79
151,0.10000444019714476,0.0005,0x379374d13077e8867ef31803c37baf9785a17c00,2017-10-18T15:05:25.000Z,0.004999778,0x352d8117640f04b80377470634218c8129f3f48f,buy,0xb8c77482e45f1f44de1745f52c74426c631bdd52,0x1b1423223c780c094f078f5ec67cc4ae90e3e147dfefc560b77e01f947e9057d
152,0.10000444019714476,0.0005,0xf9695cd65d6dfdf257fab76a3eb0cb8f001971cc,2017-10-18T15:02:56.000Z,0.004999778,0x352d8117640f04b80377470634218c8129f3f48f,buy,0xb8c77482e45f1f44de1745f52c74426c631bdd52,0xfd5f61821f6a70e2311dc3ab14417349852e31aa90439950c9235846f703e7d5
153,5.268156627426955,0.021757486871273324,0x415236b6d278cdc48f336d7536cb2d2aaf778fc4,2017-10-18T12:33:00.000Z,0.00413,0x016ab691721a99da1c1489ca0ac8b549eb0f7713,sell,0xb8c77482e45f1f44de1745f52c74426c631bdd52,0x241ecb1dbc98e2d023738ee57825c7597ea31ab4f14e67c540b570e940c285d6
154,13.957013264480223,0.06978367062107467,0x6dd0b878c5755e808121639291796fc9bb416e47,2017-10-18T04:06:22.000Z,0.0049999,0xd6ef78ef089ff1817ee51fa6a77f6bd06091ff05,buy,0xb8c77482e45f1f44de1745f52c74426c631bdd52,0xcf2cac63e795d44cb4bde0d6a07d098c1169aee7577dc5b2cdacbc51f3d5edc2
155,0.1000020000400008,0.0005,0x16e5d97bbc92417e051e3b2cabfbf8ceea2acb9c,2017-10-17T17:15:24.000Z,0.0049999,0x951571ecb267b433469ef2c50f4c7b74b1d631f7,buy,0xb8c77482e45f1f44de1745f52c74426c631bdd52,0xa5c3df86398e4b3d3b8e2be9cdde99561a23b87390188c2c3197444e4a5ea826
156,50.001,0.2499999999,0xbc76c047542888fae4fc812390d87509c22ba64a,2017-10-17T17:07:30.000Z,0.0049999,0x951571ecb267b433469ef2c50f4c7b74b1d631f7,buy,0xb8c77482e45f1f44de1745f52c74426c631bdd52,0x67670a258ca14d32db7b348353968a4c08c47f1f538ace9420d06fe8e725a81f
157,56.93128542643091,0.23475370741061452,0xe519e4b2d12035ff0939e5445b72d0ddc1548aa5,2017-10-17T06:49:38.000Z,0.004123457,0xc6f5d712cac8eefbcfb35621f20827d67428e703,buy,0xb8c77482e45f1f44de1745f52c74426c631bdd52,0xf3a1021f851513bec8d60aab9b3cdd57bb89f99c9aaf929e6829d697eabe6c17
158,495.1940354141819,2.041911311686856,0xe519e4b2d12035ff0939e5445b72d0ddc1548aa5,2017-10-17T06:44:14.000Z,0.004123457,0xc6f5d712cac8eefbcfb35621f20827d67428e703,buy,0xb8c77482e45f1f44de1745f52c74426c631bdd52,0x1904a2394c214c5b6b4e90f0892d5d55d575d242531445562f50a07261e5a9cf
159,96.50342168052904,0.39792770965252927,0x3c2f57015a55324bf59a97f74540daa18779a5a6,2017-10-17T05:21:06.000Z,0.004123457,0xc6f5d712cac8eefbcfb35621f20827d67428e703,buy,0xb8c77482e45f1f44de1745f52c74426c631bdd52,0xf94589ed8aee49407a6a1c76b9f6a9e1d136fee0f7d95352b17d588b5c162ee9
160,0.12125747885815227,0.0005,0xcd912af5286dc0b0a23edb30209734ecb60838b3,2017-10-17T04:56:04.000Z,0.004123457,0xc6f5d712cac8eefbcfb35621f20827d67428e703,buy,0xb8c77482e45f1f44de1745f52c74426c631bdd52,0x02cefed0c5005820a2047db449958e69a8ef028a4b2ac3de1dbac7290a148165
161,490,2.02049393,0xd4f756dadd2eb06bd14066a882f611636bf16129,2017-10-17T04:12:32.000Z,0.004123457,0xc6f5d712cac8eefbcfb35621f20827d67428e703,buy,0xb8c77482e45f1f44de1745f52c74426c631bdd52,0x59ba7f789acd4ab82a0fdbe153541760028d9ff58b4d054e7f73c9e44c632b0c
162,4.9845479015053336,0.020553567440933108,0x016ab691721a99da1c1489ca0ac8b549eb0f7713,2017-10-17T02:34:11.000Z,0.0041234567,0x7e97e2c12b49618d39b20fd6ae55fe3933ff6792,sell,0xb8c77482e45f1f44de1745f52c74426c631bdd52,0xe060851f62d136bba30eb9fc4abaf3f48a504dec7e4b86f899abaaa40dfb9b63
163,5,0.020617285,0x7aa6e2506316f6d613277d4f2f4e4e1dc55e528e,2017-10-17T02:31:42.000Z,0.004123457,0xc6f5d712cac8eefbcfb35621f20827d67428e703,buy,0xb8c77482e45f1f44de1745f52c74426c631bdd52,0xb35bfc68ecf9b3b2bc7ad1a40fe8dc305c522f48974e7a55001f13dfbf97d80a
164,4.985,0.0218343,0xe3d0a0d0fcdab0f65f97c5e29b3d413e827ca3ce,2017-10-17T02:31:42.000Z,0.00438,0x7aa6e2506316f6d613277d4f2f4e4e1dc55e528e,sell,0xb8c77482e45f1f44de1745f52c74426c631bdd52,0xb35bfc68ecf9b3b2bc7ad1a40fe8dc305c522f48974e7a55001f13dfbf97d80a
165,5,0.020617285,0x7e97e2c12b49618d39b20fd6ae55fe3933ff6792,2017-10-17T02:29:47.000Z,0.004123457,0xc6f5d712cac8eefbcfb35621f20827d67428e703,buy,0xb8c77482e45f1f44de1745f52c74426c631bdd52,0x1ccb7fddd81aaa5c7522ac59829713a437dbda26cf29e13239c54d4fe991b319
166,219.33342497096604,0.8992670423809608,0xb434e938062f321bee814acd82270acf6844cca9,2017-10-16T17:28:36.000Z,0.0041,0xa36334b0909ab194b9ddb9689bfde7f6b2332220,sell,0xb8c77482e45f1f44de1745f52c74426c631bdd52,0xca21b790bcefc78f929a406b84ff68f9c90d2ba4876c5cba5581033f1f319c3c
167,18.931312929917258,0.07761838301266075,0xb434e938062f321bee814acd82270acf6844cca9,2017-10-16T15:13:03.000Z,0.0041,0xd1aad7186a15f0619dde55d74bdde39df404ce9e,sell,0xb8c77482e45f1f44de1745f52c74426c631bdd52,0xd79a00938453708bfcb7b467a584cd0ee93db525e820c7b3676bd6c416975f4d
168,33.924992450715905,0.1390924690479352,0xb434e938062f321bee814acd82270acf6844cca9,2017-10-16T14:05:36.000Z,0.0041,0xa05c20da34f134e4782c9ac8781b5c5708381901,sell,0xb8c77482e45f1f44de1745f52c74426c631bdd52,0x5b10a207cc7d7f9b3411d105d0869a10c06324d8096a1c376685160e8a8274b8
169,14.92506487805272,0.061342016648796675,0xd6ef78ef089ff1817ee51fa6a77f6bd06091ff05,2017-10-16T13:55:19.000Z,0.00411,0xa05c20da34f134e4782c9ac8781b5c5708381901,sell,0xb8c77482e45f1f44de1745f52c74426c631bdd52,0xf0e657f05610cc81d7555f6aa6bcb5b115687f20959dd2356544a15c28d7e87f
170,11.9629149636128,0.05024424284717376,0xa021d614767da70616989e1b683ad20871476cfb,2017-10-16T10:44:32.000Z,0.0042,0xdf46ad6ac2c2a3df1577b255292b7a1a52572cef,sell,0xb8c77482e45f1f44de1745f52c74426c631bdd52,0x65af6f36dbb537d7dbaff33eb013ee871ddc74e42813a4e43038145c56c63f51
171,15,0.08549985,0xb4644415a639bf48418f50717ea59e7299682173,2017-10-16T10:00:41.000Z,0.00569999,0x951571ecb267b433469ef2c50f4c7b74b1d631f7,buy,0xb8c77482e45f1f44de1745f52c74426c631bdd52,0x6716b321b8fa1aaf8b07b81aec8fa31808d7e02d39153118c97add8653c1a501
172,24.923051894587946,0.11464603871510455,0x8e387a510ddcc1891417c6ea3920d3997aff1020,2017-10-15T20:31:52.000Z,0.0046,0xaef0a87ccab111f7125bce9f9bf6bcff746c9d85,sell,0xb8c77482e45f1f44de1745f52c74426c631bdd52,0x12fcf919d374fd119bc6083742c52fb238f3cf27b8276f617511a952c0f98217
173,12.561,0.07159757439,0x7840f5ae92e702ed0b89321d948ab8da7d9723b3,2017-10-15T20:28:42.000Z,0.00569999,0x951571ecb267b433469ef2c50f4c7b74b1d631f7,buy,0xb8c77482e45f1f44de1745f52c74426c631bdd52,0x2a5cfa8f0659c2b164a08fe5eb12f7b1c6d4d98d0c0142ecd17800afcdb39f1d
174,73.76106481312753,0.36880458645498954,0x142e562c31941d170bac90debb01149b0944d336,2017-10-15T18:52:36.000Z,0.00499999,0x530e10078b1a5f33291c93dc3f0da9295d78c593,buy,0xb8c77482e45f1f44de1745f52c74426c631bdd52,0xd9138290f2df62dda7e9e33899d026c4be864b801526f1822d24edbf3f89793f
175,8.014,0.0480022572,0x917551e4b3faa9dafc2a0b2e8bf827eac6c7239e,2017-10-15T16:21:40.000Z,0.0059898,0xe519e4b2d12035ff0939e5445b72d0ddc1548aa5,buy,0xb8c77482e45f1f44de1745f52c74426c631bdd52,0x31f68167457eba41bdd11e2c3dc63d40f548fc2b5be584d74f9baa1b0d9551bd
176,901,5.585299,0x46af5859d0061abf24ec723447ebe21ebfa8096e,2017-10-15T12:05:47.000Z,0.006199,0xe519e4b2d12035ff0939e5445b72d0ddc1548aa5,buy,0xb8c77482e45f1f44de1745f52c74426c631bdd52,0xb96e3492b4b84a5c9c440bf04caf0ceb14109aa42f763b4b744237e32f691dce
177,0.66090445,0.0033706060859555,0x46af5859d0061abf24ec723447ebe21ebfa8096e,2017-10-15T12:03:43.000Z,0.00509999,0xd6ef78ef089ff1817ee51fa6a77f6bd06091ff05,buy,0xb8c77482e45f1f44de1745f52c74426c631bdd52,0x18089f75851dd1b02b15472837d22232e853e290b419d9a5c0a1b81b67fa9c5e
178,10.124877001961426,0.04859940960941484,0x46af5859d0061abf24ec723447ebe21ebfa8096e,2017-10-15T12:03:27.000Z,0.0048,0x3da4ebcffab7a579feffbac8a2a6e27d9e23f0d5,buy,0xb8c77482e45f1f44de1745f52c74426c631bdd52,0xf7c69eacc68ce3541db9d33b2d501d68110b494fd2e0a363a28504852763e0ee
179,537.9859518121212,4.30388761449697,0x2b62dd90d422b0cfc32caa7ff62445c530f6e848,2017-10-15T07:30:50.000Z,0.008,0x0845ad270268891eb78c056035d6ecd6b06c2ed4,buy,0xb8c77482e45f1f44de1745f52c74426c631bdd52,0x422d1357a005a77d9d02a6f00febe30ee29a73cb37b6fe3b57999077b834fffd
180,100,0.745,0x2b62dd90d422b0cfc32caa7ff62445c530f6e848,2017-10-15T07:26:06.000Z,0.00745,0x530c354a6e7bd80d6f0bdc82e37381a17db25398,buy,0xb8c77482e45f1f44de1745f52c74426c631bdd52,0xf9c3350f6215ae9c75329917a3d1e7ef06e4cdd5a70091488077ca8a139038e4
181,1500,10.485,0x2b62dd90d422b0cfc32caa7ff62445c530f6e848,2017-10-15T07:26:02.000Z,0.00699,0x79adc6f2891e65969d62c7508c7a1eebce3b6019,buy,0xb8c77482e45f1f44de1745f52c74426c631bdd52,0x3575164443e545a36f055f467905b1e058ab9b439383a220fb8c412d73846db5
182,500,2.995,0x2b62dd90d422b0cfc32caa7ff62445c530f6e848,2017-10-15T07:13:42.000Z,0.00599,0x79adc6f2891e65969d62c7508c7a1eebce3b6019,buy,0xb8c77482e45f1f44de1745f52c74426c631bdd52,0x5feb261cfee9bc71fa469349a02b09877d22051aa07b9a246f2af116a20b84f3
183,528.436,2.906398,0x2b62dd90d422b0cfc32caa7ff62445c530f6e848,2017-10-15T07:13:35.000Z,0.0055,0x79adc6f2891e65969d62c7508c7a1eebce3b6019,buy,0xb8c77482e45f1f44de1745f52c74426c631bdd52,0x226dc75ba2e2bba9f61f11801cd26284068442f44f866d23b9ca34af02e495cb
184,0.00000401943760375,0.000000019293300498,0xb1455f4084cfd6495af7683a6414393a46a07bab,2017-10-15T06:40:27.000Z,0.0048,0x3da4ebcffab7a579feffbac8a2a6e27d9e23f0d5,buy,0xb8c77482e45f1f44de1745f52c74426c631bdd52,0xf9c17fe7b81169dc44eacc43309dc2ca77daaa4156962f669fe5da77bed0ac85
185,39.745639837340605,0.21860101910537333,0x2b62dd90d422b0cfc32caa7ff62445c530f6e848,2017-10-15T05:57:23.000Z,0.0055,0x79adc6f2891e65969d62c7508c7a1eebce3b6019,buy,0xb8c77482e45f1f44de1745f52c74426c631bdd52,0xbf2ef389741c3d3028d08b9ae1b774020847e7f4cce4f40c97b69f2ac69791e7
186,222,1.1322,0x2b62dd90d422b0cfc32caa7ff62445c530f6e848,2017-10-15T05:53:44.000Z,0.0051,0x142e562c31941d170bac90debb01149b0944d336,buy,0xb8c77482e45f1f44de1745f52c74426c631bdd52,0x777a4f3feb8a041fe96eeda9fb6001461bcd647fc886b0f191aac654ef21affb
187,181.818,0.999999,0x2b62dd90d422b0cfc32caa7ff62445c530f6e848,2017-10-15T05:47:37.000Z,0.0055,0x79adc6f2891e65969d62c7508c7a1eebce3b6019,buy,0xb8c77482e45f1f44de1745f52c74426c631bdd52,0xef4acaedee5497511bd7ca89fb45a353306075673278c6e1a5c579ef2ecd5c3c
188,663,3.38128674,0x2b62dd90d422b0cfc32caa7ff62445c530f6e848,2017-10-15T05:43:43.000Z,0.00509998,0xd6ef78ef089ff1817ee51fa6a77f6bd06091ff05,buy,0xb8c77482e45f1f44de1745f52c74426c631bdd52,0xb00c92fed881f9156b6cb8e49bcc78c00cb0326c0c25fe03b6b27a5265c3e274
189,766.094,3.9068495718,0x2b62dd90d422b0cfc32caa7ff62445c530f6e848,2017-10-15T05:39:33.000Z,0.0050997,0x951571ecb267b433469ef2c50f4c7b74b1d631f7,buy,0xb8c77482e45f1f44de1745f52c74426c631bdd52,0xa0a76fb380c849bb36f3f3106b7c74dce81af658998d204825857023aac7381b
190,500,2.375,0x2b62dd90d422b0cfc32caa7ff62445c530f6e848,2017-10-15T05:35:06.000Z,0.00475,0x79adc6f2891e65969d62c7508c7a1eebce3b6019,buy,0xb8c77482e45f1f44de1745f52c74426c631bdd52,0xa287334d50a4a6c8dd81e9f646c50008b7efa79470ef2b4324b98e9d2314d493
191,400,1.6,0x46af5859d0061abf24ec723447ebe21ebfa8096e,2017-10-14T19:19:06.000Z,0.004,0x3da4ebcffab7a579feffbac8a2a6e27d9e23f0d5,sell,0xb8c77482e45f1f44de1745f52c74426c631bdd52,0x6001f1405694f2c15ef0c9fb13649233e32a354c7de87be0dee464ec1d20b4c4
192,11.6,0.04988,0x522b93d22b112dfe64a36174dd875a903e87c9c7,2017-10-14T19:14:34.000Z,0.0043,0x3da4ebcffab7a579feffbac8a2a6e27d9e23f0d5,sell,0xb8c77482e45f1f44de1745f52c74426c631bdd52,0xeb941a281067a6ad5280f9544b64e2edc61c6f0cd5ae824f673e268d9b80b864
193,0.040318978600970834,0.00019353109728466,0xb1455f4084cfd6495af7683a6414393a46a07bab,2017-10-14T09:49:31.000Z,0.0048000000000000004,0x3da4ebcffab7a579feffbac8a2a6e27d9e23f0d5,buy,0xb8c77482e45f1f44de1745f52c74426c631bdd52,0x165af57c5456e8189c81629f60f9b4bee215c996fdd608e67de3658e50e2f5fb
194,112.09902037151625,0.5829137849416808,0xa538305fcbab9d85abc343d3bf2735b0b1a47b73,2017-10-14T02:56:45.000Z,0.00519999,0x951571ecb267b433469ef2c50f4c7b74b1d631f7,buy,0xb8c77482e45f1f44de1745f52c74426c631bdd52,0xfeea913a35601aee2507cbe3c37c55469ce67a557afe18fa4b3300bf0fbce69c
195,86,0.44676914,0xa538305fcbab9d85abc343d3bf2735b0b1a47b73,2017-10-14T02:54:00.000Z,0.00519499,0x951571ecb267b433469ef2c50f4c7b74b1d631f7,buy,0xb8c77482e45f1f44de1745f52c74426c631bdd52,0xaf447e6641b31711b8a7411207ae82ff2ab5d630713c10dc0976f389fda54e02
196,148,0.768712,0xa538305fcbab9d85abc343d3bf2735b0b1a47b73,2017-10-14T02:53:42.000Z,0.005194,0xd6ef78ef089ff1817ee51fa6a77f6bd06091ff05,buy,0xb8c77482e45f1f44de1745f52c74426c631bdd52,0xf17ab4ed92b08b1f60fd1ef4570ac075d65d3859f142d52842ac16d55b21f2a1
197,35.663,0.165654635,0xa538305fcbab9d85abc343d3bf2735b0b1a47b73,2017-10-14T02:51:53.000Z,0.004645,0x97f3deda02a6da13fb55f89bf3a74c2f0a3192c3,buy,0xb8c77482e45f1f44de1745f52c74426c631bdd52,0xe383cff3b80dbfd853bed0fdadae04b62de7488d6769f020fd161c11cf0a57e1
198,4.161506984838164,0.01502304021526577,0x8e387a510ddcc1891417c6ea3920d3997aff1020,2017-10-14T00:27:10.000Z,0.00361,0xee176ef60b82b6b9e31a8b832fd0bbaf5d5d8fe5,buy,0xb8c77482e45f1f44de1745f52c74426c631bdd52,0x6b1996a1a410d82afef4cc850f8febcc08c40833eff5c35d2a88ba7623180d17
199,373.32964810748206,1.9413104368624257,0xb1455f4084cfd6495af7683a6414393a46a07bab,2017-10-13T22:14:09.000Z,0.00519999,0x951571ecb267b433469ef2c50f4c7b74b1d631f7,buy,0xb8c77482e45f1f44de1745f52c74426c631bdd52,0xc63ec46975b5cae83c6af2e1f06b2ca5d77dad238b778bafb2ac979484f53f68
200,150,0.5415,0xaf626e7177d2a41b4a1e38b0d2820630238c5255,2017-10-13T15:17:16.000Z,0.00361,0xee176ef60b82b6b9e31a8b832fd0bbaf5d5d8fe5,buy,0xb8c77482e45f1f44de1745f52c74426c631bdd52,0x509b01a482c1f9cb5413a23c8157adfc40dffc36d4eae501b04b169d36de18e9
201,150,0.5415,0xaf626e7177d2a41b4a1e38b0d2820630238c5255,2017-10-13T15:17:16.000Z,0.00361,0xee176ef60b82b6b9e31a8b832fd0bbaf5d5d8fe5,buy,0xb8c77482e45f1f44de1745f52c74426c631bdd52,0xdc516435b901db648397f42b33d89924281ffbe7adb793de32b90e05b71c31fa
202,2.858,0.014844452,0x486911edddad897a9ca0ed166ab250f45fdc12fa,2017-10-13T13:12:05.000Z,0.005194,0x1804111464a198d8b0450bdbf7cb9fd65a903baf,buy,0xb8c77482e45f1f44de1745f52c74426c631bdd52,0x4c8a71a2a51f616810cc7c2ab6b8ae471d7272e44c7cbb4f8a60e3be9d05fc54
203,107.629,0.5000012824,0xb7f38338b5eed5f7454067f3cb335c784e9f995c,2017-10-13T09:46:54.000Z,0.0046456,0x951571ecb267b433469ef2c50f4c7b74b1d631f7,buy,0xb8c77482e45f1f44de1745f52c74426c631bdd52,0x9024355dcf943e2a416916733e41d6cc2faec0ae90a0548e57f4863acc4d6dbb
204,1.3408433855049346,0.006229022031701724,0xac01f02587b18b034716ea59e6d2a01ff0dd486e,2017-10-12T21:12:41.000Z,0.0046456,0xb2416f9dd9182e0be9fb1f19f09e08feca5b4c8f,sell,0xb8c77482e45f1f44de1745f52c74426c631bdd52,0xcde6a2c6e0646655da65f915e8bd0c1ddf48ae7049786416aafda3f4f34f9d21
205,222,0.999,0x142e562c31941d170bac90debb01149b0944d336,2017-10-12T19:00:02.000Z,0.0045,0x951571ecb267b433469ef2c50f4c7b74b1d631f7,sell,0xb8c77482e45f1f44de1745f52c74426c631bdd52,0x7de24244c8cb94128b45cb1c630e5361c7284cc7b675691cba0204b7c6fafdbe
206,44.83800219320108,0.20186077554979565,0x951571ecb267b433469ef2c50f4c7b74b1d631f7,2017-10-12T16:33:41.000Z,0.004502002,0x4292358e47292b75ccaec5457ce4505377190a79,sell,0xb8c77482e45f1f44de1745f52c74426c631bdd52,0x7e308271899e4716f641cb833db407e382b53e2e42f6c38602af5af0087ba682
207,0.5982073655607404,0.002991036827803701,0xbfdac44cda2f37a26ae41b0ad7c5172fbdadd428,2017-10-12T13:40:21.000Z,0.004999999999999998,0x068a903c384626bafe48bc93857e95be2d39dd13,sell,0xb8c77482e45f1f44de1745f52c74426c631bdd52,0x57de0962c6dd06f9e08503b066c467de6f962d67a908f7f4200b2b3359701198
208,0.5670839397866614,0.002892128092911972,0xbfdac44cda2f37a26ae41b0ad7c5172fbdadd428,2017-10-12T13:24:39.000Z,0.005099999999999999,0x068a903c384626bafe48bc93857e95be2d39dd13,sell,0xb8c77482e45f1f44de1745f52c74426c631bdd52,0xc9ad56a42c7d133062cfe7555141e835ef7b195a113b6e6fc4bc5a580bf2efbf
209,15,0.07791,0xb4644415a639bf48418f50717ea59e7299682173,2017-10-12T12:07:16.000Z,0.005194,0x1804111464a198d8b0450bdbf7cb9fd65a903baf,buy,0xb8c77482e45f1f44de1745f52c74426c631bdd52,0x0d2cec4d917c77abd059ac05d45ce49fffac7e90007bb10b71c17f1a043c4e7d
210,10,0.05194,0xac01f02587b18b034716ea59e6d2a01ff0dd486e,2017-10-12T08:45:33.000Z,0.005194,0x1804111464a198d8b0450bdbf7cb9fd65a903baf,buy,0xb8c77482e45f1f44de1745f52c74426c631bdd52,0x66faa2a7c5e4de23e15e70dc98a841a67657d1d9a46b87b515ad92a40217c8fc
211,4.3,0.0223342,0x8e387a510ddcc1891417c6ea3920d3997aff1020,2017-10-12T05:16:53.000Z,0.005194,0x1804111464a198d8b0450bdbf7cb9fd65a903baf,buy,0xb8c77482e45f1f44de1745f52c74426c631bdd52,0x0791263b01d0c0633396f668f246685e9f3268662ed44360850959559007e84a
212,401.279,2.04651888721,0xb1455f4084cfd6495af7683a6414393a46a07bab,2017-10-12T04:39:15.000Z,0.00509999,0x951571ecb267b433469ef2c50f4c7b74b1d631f7,buy,0xb8c77482e45f1f44de1745f52c74426c631bdd52,0xa2ee13edd57308c79bfc055a04100efa324ed45029af92c23dffd4791afb1263
213,0.002552780714860029,0.000013019156117979,0xb1455f4084cfd6495af7683a6414393a46a07bab,2017-10-12T03:27:50.000Z,0.00509999,0x951571ecb267b433469ef2c50f4c7b74b1d631f7,buy,0xb8c77482e45f1f44de1745f52c74426c631bdd52,0xc7a1ffc9cb62f28b79079839ce17dc5fc3e58f6b02652a6019a5fc2cebefc0b3
214,0.002552780714860029,0.000013019156117979,0xb1455f4084cfd6495af7683a6414393a46a07bab,2017-10-12T03:12:25.000Z,0.00509999,0x951571ecb267b433469ef2c50f4c7b74b1d631f7,buy,0xb8c77482e45f1f44de1745f52c74426c631bdd52,0xe7f50e1e954a64dfb2acdea34d624377c0a3c1d6a0a1b96ad3e702979bbf5829
215,79.75276642408534,0.35904711394676503,0x951571ecb267b433469ef2c50f4c7b74b1d631f7,2017-10-11T21:03:12.000Z,0.004502002,0x530e10078b1a5f33291c93dc3f0da9295d78c593,sell,0xb8c77482e45f1f44de1745f52c74426c631bdd52,0x204affdb6f6839769db4b6a384da45d7ed9ebffe42cde5370573ce62ddf3e5dd
216,4,0.02077996,0x1fd9c7db19a7d981f55819cee93e4cfb50cab9db,2017-10-11T13:14:16.000Z,0.00519499,0x951571ecb267b433469ef2c50f4c7b74b1d631f7,buy,0xb8c77482e45f1f44de1745f52c74426c631bdd52,0xb1a4891777b261d314502b23a3a265a688b89aa64951f61b308f3287aa43c717
217,19.192495174021055,0.09980097490490948,0x595e84638646462bd0ef419c268e38ac31612b99,2017-10-11T06:26:47.000Z,0.0052,0x4b0669f04774cd341b1fd2c01cee67ddb5151718,buy,0xb8c77482e45f1f44de1745f52c74426c631bdd52,0xdc7fdf21cbd54a19575158b948e720f5a2a495b0b07347b4212c65005b3c42e5
218,334.8057,1.740986291943,0x72c619bbd02a88de0165ebb77aeae78cbb8e0429,2017-10-11T00:58:02.000Z,0.00519999,0x951571ecb267b433469ef2c50f4c7b74b1d631f7,buy,0xb8c77482e45f1f44de1745f52c74426c631bdd52,0x6d67ce925a2a698eb64c76256cb6aa5bdb4ef023946e07fde1e70aa615af1a86
219,514.0827185724255,2.313372233575915,0x383db0fa23ff86a2e668c1050ccaac3f67d23ad8,2017-10-10T22:27:27.000Z,0.0045,0x5b6d9d663b0c8bcf1835b8110ef3ebf476b4a382,sell,0xb8c77482e45f1f44de1745f52c74426c631bdd52,0xea01798d03f88ecc09b519c53a1abe20cbf872b7a2cbf37c099708105c424b13
220,370,1.66537,0x934d3bac56631e528bab1432b412289129503f27,2017-10-10T22:25:25.000Z,0.004501,0x5b6d9d663b0c8bcf1835b8110ef3ebf476b4a382,sell,0xb8c77482e45f1f44de1745f52c74426c631bdd52,0x17f881930e329c94ef9d33375a395aeff3b199981506e6a5fc29fc53f52df2cb
221,90,0.40509018,0x951571ecb267b433469ef2c50f4c7b74b1d631f7,2017-10-10T22:25:15.000Z,0.004501002,0x5b6d9d663b0c8bcf1835b8110ef3ebf476b4a382,sell,0xb8c77482e45f1f44de1745f52c74426c631bdd52,0xd30e21144bd0dc15f08297756132ebae55495b3285abb1d511dc9532aff8e83f
222,12.875,0.058207875,0xade142b9a313a6b905b4d4431724363f2c6c2df8,2017-10-10T22:24:55.000Z,0.004521,0x5b6d9d663b0c8bcf1835b8110ef3ebf476b4a382,sell,0xb8c77482e45f1f44de1745f52c74426c631bdd52,0x0bc28e39821c20aabe5af6e8e9f3b0fce1b53de1cb61741359d98e4ccebea8fb
223,10,0.051,0x2499c3b16f19ae0a4879527ec91a999d77910ef2,2017-10-10T22:23:23.000Z,0.0051,0x5b6d9d663b0c8bcf1835b8110ef3ebf476b4a382,sell,0xb8c77482e45f1f44de1745f52c74426c631bdd52,0x3c58a21e49a848a2829a180315fbf8103831332a89f0a9ebe8c8cbd48cb7f3ae
224,48.077,0.24999991923,0xd6a86c1b14981ffcec4128159003a371a98cea0b,2017-10-10T21:12:41.000Z,0.00519999,0x951571ecb267b433469ef2c50f4c7b74b1d631f7,buy,0xb8c77482e45f1f44de1745f52c74426c631bdd52,0xb85d4a8e17bd2d7826d2c81fd83bbe479642d796d75a11e5543f6fa652d6f5eb
225,20,0.1039998,0x7aa6e2506316f6d613277d4f2f4e4e1dc55e528e,2017-10-10T18:32:35.000Z,0.00519999,0x951571ecb267b433469ef2c50f4c7b74b1d631f7,buy,0xb8c77482e45f1f44de1745f52c74426c631bdd52,0x6c0848cef1bd8a5219a92e8a56cb8bc0665e5f8f69a9991e61e1918527ab2be9
226,19.94,0.107676,0x182d73e90cf3db94837df22eadbe9aa4bd8b7973,2017-10-10T18:32:35.000Z,0.0054,0x7aa6e2506316f6d613277d4f2f4e4e1dc55e528e,sell,0xb8c77482e45f1f44de1745f52c74426c631bdd52,0x6c0848cef1bd8a5219a92e8a56cb8bc0665e5f8f69a9991e61e1918527ab2be9
227,200,1.03998,0xa09f5cb3088ba1beeb60f371349e209df1a77d92,2017-10-10T00:49:03.000Z,0.0051999,0x0ccecf5195c26f5452ee88ab20607530bafed1cb,sell,0xb8c77482e45f1f44de1745f52c74426c631bdd52,0x82f6a230f7d3593141ba266a5b2c325df7dfc8c07d0a319f57e0333104a6df01
228,100,0.52,0x530c354a6e7bd80d6f0bdc82e37381a17db25398,2017-10-09T22:24:36.000Z,0.0052,0x4b0669f04774cd341b1fd2c01cee67ddb5151718,buy,0xb8c77482e45f1f44de1745f52c74426c631bdd52,0xdaac1aafe13490248a54dd18dbb33d1d1c2eb4e79eb30d7cdb138c893c3f36f6
229,1,0.00510001,0x951571ecb267b433469ef2c50f4c7b74b1d631f7,2017-10-09T16:48:33.000Z,0.00510001,0xbf52f67f8524587d6a7ab1f1f8d092c635b9587f,sell,0xb8c77482e45f1f44de1745f52c74426c631bdd52,0xa1e05749cf3f90cf395e332fe71a651a4beb948eb6e49f17c3d6dac56b6345e2
230,2.8822556012169076,0.01469953238876224,0x951571ecb267b433469ef2c50f4c7b74b1d631f7,2017-10-09T16:24:27.000Z,0.00510001,0xfa7f71083f601e2365fecae3f792a3fbced9253f,sell,0xb8c77482e45f1f44de1745f52c74426c631bdd52,0x59391204a5f734934b73bb25b3106d8e8cd62376715e11e07ca4a55f3e643186
231,154.626,0.83497730748,0x7e424c759bbcd15311868103efabcacd8cc0df9d,2017-10-09T16:18:35.000Z,0.00539998,0x951571ecb267b433469ef2c50f4c7b74b1d631f7,buy,0xb8c77482e45f1f44de1745f52c74426c631bdd52,0x7f936c82673edf390ccd940590b53b4a110ff21390157ee03c097a3a2b7c4aab
232,199.40179263443926,0.9970089631721963,0xbfdac44cda2f37a26ae41b0ad7c5172fbdadd428,2017-10-09T16:15:50.000Z,0.005,0xaf626e7177d2a41b4a1e38b0d2820630238c5255,sell,0xb8c77482e45f1f44de1745f52c74426c631bdd52,0x10383c73420b8dffc367c7bd9772d9cec53a0c8ac432f9c1dbec6b3263287d03
233,199.38191606021334,1.016847771907088,0xbfdac44cda2f37a26ae41b0ad7c5172fbdadd428,2017-10-09T16:08:31.000Z,0.0051,0xaf626e7177d2a41b4a1e38b0d2820630238c5255,sell,0xb8c77482e45f1f44de1745f52c74426c631bdd52,0xb9aefffd7202427ca2c676619f8f31f42260c5d5d506cdebe27d2c544c72f918
234,695.776,3.75718344224,0x7e424c759bbcd15311868103efabcacd8cc0df9d,2017-10-09T15:54:56.000Z,0.00539999,0x5d2b747bd4e337d10424c2f964c522a90c5f0780,buy,0xb8c77482e45f1f44de1745f52c74426c631bdd52,0x2714e17a633f7fc81df30f769a5902bfce49d5c98da0872dfc2269f92549325a
235,178.091,0.961687660089,0x7e424c759bbcd15311868103efabcacd8cc0df9d,2017-10-09T15:50:29.000Z,0.005399979,0xd2a639d19b960ae9fbe947f2f3c44b213a95f1a2,buy,0xb8c77482e45f1f44de1745f52c74426c631bdd52,0x4033323a351a8ca2ea7700c965b1fcaca1798f3ac7a03bc22ad72e95dfc283d6
236,300,1.6199934,0x7e424c759bbcd15311868103efabcacd8cc0df9d,2017-10-09T15:46:51.000Z,0.005399978,0x951571ecb267b433469ef2c50f4c7b74b1d631f7,buy,0xb8c77482e45f1f44de1745f52c74426c631bdd52,0x24212fd7d91afe659d8309f6d762ec9641790cf0970c08db5896a11930343241
237,22.339756958910332,0.12487924140030876,0x28ed0ada17bb25e719bfcd67f486c631cf901ffe,2017-10-09T15:33:48.000Z,0.00559,0xace2f0e2021ed8067a5f64eebd39bff7e67f096e,buy,0xb8c77482e45f1f44de1745f52c74426c631bdd52,0x30b33461de9a708b60d0f10fc203509b122f6b78d6624addae1f4be32ade9fc6
238,109.8,0.52704,0xe373a27a98e124aa2b13b2c60e8bbf02d5ad3964,2017-10-09T11:46:46.000Z,0.0048,0x1ca9bd189db5ab9099a4b17a15cf3ac3da289c38,buy,0xb8c77482e45f1f44de1745f52c74426c631bdd52,0xaa73f165eea7bd48e4f5dea401efefc409c46d5e5cca0d168bfbd405df2a8cfa
239,191.706,0.8243358,0xe373a27a98e124aa2b13b2c60e8bbf02d5ad3964,2017-10-09T11:46:10.000Z,0.0043,0x1f5234f34aed027587172c76f9720d5d9dcb81d5,buy,0xb8c77482e45f1f44de1745f52c74426c631bdd52,0x2889f6c0d8a1e924c36a4dc9c2ec37ef705536b0d9f6c3c6133ff3fb075591ab
240,3.293781604,0.0141632608972,0x7aa6e2506316f6d613277d4f2f4e4e1dc55e528e,2017-10-09T07:47:51.000Z,0.0043,0x1f5234f34aed027587172c76f9720d5d9dcb81d5,buy,0xb8c77482e45f1f44de1745f52c74426c631bdd52,0x1eecd9f9afcc2514c0496cdd458d00bd0950846451e54e8f64a790281712e028
241,3.283900259188,0.016616666667501646,0x5d5065b42bdee0274e394ba9042c21e1818c69cf,2017-10-09T07:47:51.000Z,0.00506004,0x7aa6e2506316f6d613277d4f2f4e4e1dc55e528e,sell,0xb8c77482e45f1f44de1745f52c74426c631bdd52,0x1eecd9f9afcc2514c0496cdd458d00bd0950846451e54e8f64a790281712e028
242,1.7438762638283887,0.00941689694714802,0x8e387a510ddcc1891417c6ea3920d3997aff1020,2017-10-09T07:46:12.000Z,0.0053999799999999995,0xfa7f71083f601e2365fecae3f792a3fbced9253f,sell,0xb8c77482e45f1f44de1745f52c74426c631bdd52,0xca7f29430ae3f93e739b09d9c11a3119397f1aa6d93cb43b522d0a38df9f7392
243,1.3556346099695376,0.007237353604936569,0x56f3c475c909653aa66900b59dcd22add87323f4,2017-10-09T07:46:12.000Z,0.00533872,0xfa7f71083f601e2365fecae3f792a3fbced9253f,sell,0xb8c77482e45f1f44de1745f52c74426c631bdd52,0x8b8dbf27149ecede1c6560fc0c8e5c6e1d4febdc09e43c9566c4158f19f6f9f6
244,6,0.0258,0xfa7f71083f601e2365fecae3f792a3fbced9253f,2017-10-09T07:43:38.000Z,0.0043,0x1f5234f34aed027587172c76f9720d5d9dcb81d5,buy,0xb8c77482e45f1f44de1745f52c74426c631bdd52,0x4922e7e1eac7b8415d7178ac71d26074c1a1915673c80dba754e6ae5cf709e5c
245,24.184377538331574,0.13059515501943975,0xb1455f4084cfd6495af7683a6414393a46a07bab,2017-10-09T04:23:43.000Z,0.00539998,0x951571ecb267b433469ef2c50f4c7b74b1d631f7,buy,0xb8c77482e45f1f44de1745f52c74426c631bdd52,0x93bd8c65ce5e08bed19f2f32de8e1a174e7860f70e7d33914aed8cc64a26bb92
246,0.009833935098274404,0.000053103052851979,0x8e387a510ddcc1891417c6ea3920d3997aff1020,2017-10-09T04:23:43.000Z,0.005399979999999916,0xc1638a34da853fd9740bb073d81991076db0b944,sell,0xb8c77482e45f1f44de1745f52c74426c631bdd52,0xcddf2b00ddef61533e8f3726564d694f9735627380b22a815c9a78c3e4d791a7
247,1,0.00539998,0xd8a62ad8a7efa8a3267932d2e478c026566fbe34,2017-10-09T02:55:30.000Z,0.00539998,0x951571ecb267b433469ef2c50f4c7b74b1d631f7,buy,0xb8c77482e45f1f44de1745f52c74426c631bdd52,0x418d9868f08750a71c39dd8baa0f27807d14df6d882e78fbed12a62200e2b1a5
248,1,0.00539998,0xc4984256bac0e06bca2d63e5bce69d29904d0a7f,2017-10-09T02:38:41.000Z,0.00539998,0x951571ecb267b433469ef2c50f4c7b74b1d631f7,buy,0xb8c77482e45f1f44de1745f52c74426c631bdd52,0xc32a188999262c758f7278fbd3363c57ac755c3463bdfca866095c785cecc510
249,1,0.00539998,0x3e379f55f8faae407fae416f8ca096a82d2dee70,2017-10-09T02:37:30.000Z,0.00539998,0x951571ecb267b433469ef2c50f4c7b74b1d631f7,buy,0xb8c77482e45f1f44de1745f52c74426c631bdd52,0x21bdf85dfcf79bfa1242375f5908c6df9046beea7d58c8d7f9bb1974ac5dc792
250,2,0.01079996,0xc4984256bac0e06bca2d63e5bce69d29904d0a7f,2017-10-09T02:34:09.000Z,0.00539998,0x951571ecb267b433469ef2c50f4c7b74b1d631f7,buy,0xb8c77482e45f1f44de1745f52c74426c631bdd52,0x33eec9d1040041610586d72ddf7a81ddd918f5d3951d6a8db1f12cad5868ea1a
251,0.004,1.6,0x934d3bac56631e528bab1432b412289129503f27,2017-10-09T02:18:42.000Z,400,0x96373170538a83c7674ef92f41d195203a8abe09,sell,0xb8c77482e45f1f44de1745f52c74426c631bdd52,0xbc8503b3926e4124322c1dca6e11e8fdaf1d6d7066f11c60522ca67c0745b91d
252,0.003988000000000001,1.5952000000000004,0x934d3bac56631e528bab1432b412289129503f27,2017-10-09T02:18:42.000Z,400,0x7aa6e2506316f6d613277d4f2f4e4e1dc55e528e,sell,0xb8c77482e45f1f44de1745f52c74426c631bdd52,0xd114c4c1b80e85f004a18ee9dca8ca6f278c8f4a27ca46d15d7d01ce03c5ec47
253,0.004,1.6,0x934d3bac56631e528bab1432b412289129503f27,2017-10-09T02:18:42.000Z,400,0x96373170538a83c7674ef92f41d195203a8abe09,sell,0xb8c77482e45f1f44de1745f52c74426c631bdd52,0x41d9b719c7d43f903f48ff9dea7a9bcf55d6ccc6b46e26128ad3e753179d8e2b
254,0.004,0.00002159992,0x7aa6e2506316f6d613277d4f2f4e4e1dc55e528e,2017-10-09T02:18:42.000Z,0.00539998,0x951571ecb267b433469ef2c50f4c7b74b1d631f7,buy,0xb8c77482e45f1f44de1745f52c74426c631bdd52,0xd114c4c1b80e85f004a18ee9dca8ca6f278c8f4a27ca46d15d7d01ce03c5ec47
255,0.185,0.0009989963,0xcdd53f530ab4fb824fc9f2a321f3c001b4a710cc,2017-10-09T02:16:24.000Z,0.00539998,0x951571ecb267b433469ef2c50f4c7b74b1d631f7,buy,0xb8c77482e45f1f44de1745f52c74426c631bdd52,0x3c9cea564542c11674226ddb7f08c18c576df5adf0b96af77a9dabca12cd7826
256,0.004,1.6,0x934d3bac56631e528bab1432b412289129503f27,2017-10-09T02:16:24.000Z,400,0x0249924245a19aa2d7f5ddb0739a7132b7d094ab,sell,0xb8c77482e45f1f44de1745f52c74426c631bdd52,0x92c6c61915447c98b1dbfe06849cdb03b3522170c55b4d13f8d7de6dfba268e9
257,0.004,1.6,0x934d3bac56631e528bab1432b412289129503f27,2017-10-09T02:15:40.000Z,400,0x96373170538a83c7674ef92f41d195203a8abe09,sell,0xb8c77482e45f1f44de1745f52c74426c631bdd52,0xd0f3196b93901b5de31c4e1c12e058e809069ea539706fab562aab37c704606a
258,0.004,1.6,0x934d3bac56631e528bab1432b412289129503f27,2017-10-09T02:15:40.000Z,400,0x0249924245a19aa2d7f5ddb0739a7132b7d094ab,sell,0xb8c77482e45f1f44de1745f52c74426c631bdd52,0xe69c6d86a0caeb3253296f9ebec40340930582788df838e906bcc5dd4b7a6604
259,1,0.00539998,0x00fa15cc5ea762a2a53d364a46fb583ec50db671,2017-10-08T22:28:38.000Z,0.00539998,0x951571ecb267b433469ef2c50f4c7b74b1d631f7,buy,0xb8c77482e45f1f44de1745f52c74426c631bdd52,0x8532156ba418681a319f21ea4ce5d4b585aa50367b2939307a8a9453e33d49c0
260,500,2.21,0x79be04cb83a36114272286146667e0f7e52e01fc,2017-10-08T10:52:13.000Z,0.00442,0xb51a1f4c830a279d11b9a5928946b7cacdc48956,sell,0xb8c77482e45f1f44de1745f52c74426c631bdd52,0xd433ee23be4e09af7b077ee031f1939d82926d24010fe8072a9bcf8f92923da1
261,466.414,2.098863466414,0x79adc6f2891e65969d62c7508c7a1eebce3b6019,2017-10-08T10:52:01.000Z,0.004500001,0xb51a1f4c830a279d11b9a5928946b7cacdc48956,sell,0xb8c77482e45f1f44de1745f52c74426c631bdd52,0x3e6e3c6bbc108319820e0a76d859c246fb530fa949220c61c0c567672366a931
262,17.025,0.0949991595,0xcd8eddd0a27047d53d65f23d483a8a169d54526b,2017-10-08T03:03:37.000Z,0.00557998,0x5d2b747bd4e337d10424c2f964c522a90c5f0780,buy,0xb8c77482e45f1f44de1745f52c74426c631bdd52,0x5e86afc126f1d0697ee11fb4116c0c207037e0eeeb69dd92b94fa35c7408afb0
263,161.291,0.90000055418,0xcd8eddd0a27047d53d65f23d483a8a169d54526b,2017-10-08T03:00:01.000Z,0.00557998,0x5d2b747bd4e337d10424c2f964c522a90c5f0780,buy,0xb8c77482e45f1f44de1745f52c74426c631bdd52,0x2db921b01ccd46514e200348e6a4772d1e000095bbbab70ce00556945ae84b7c
264,133.58588376034294,0.601136610507427,0x79adc6f2891e65969d62c7508c7a1eebce3b6019,2017-10-08T02:17:25.000Z,0.004500001,0xa36334b0909ab194b9ddb9689bfde7f6b2332220,sell,0xb8c77482e45f1f44de1745f52c74426c631bdd52,0x94932ee3a8952bb3557cbfe7ca6e01bfb405ec6734952104a84b1687f363c4e2
265,195,0.975,0x042dc76ae749a3017783000243c1b5d2e01868bc,2017-10-07T21:10:51.000Z,0.005,0x79adc6f2891e65969d62c7508c7a1eebce3b6019,sell,0xb8c77482e45f1f44de1745f52c74426c631bdd52,0x6870ae85a15f1ed6406a0075876dd0f42230f96aabc6626f5628f394d9c2d57c
266,200,1.012004,0x951571ecb267b433469ef2c50f4c7b74b1d631f7,2017-10-07T21:10:10.000Z,0.00506002,0x79adc6f2891e65969d62c7508c7a1eebce3b6019,sell,0xb8c77482e45f1f44de1745f52c74426c631bdd52,0xf978b63e83fd77e9e57264331d84b6ecb1618cd0c4a6fc52829f162cb6da5951
267,170.669,0.86359196676,0x951571ecb267b433469ef2c50f4c7b74b1d631f7,2017-10-07T21:09:51.000Z,0.00506004,0x79adc6f2891e65969d62c7508c7a1eebce3b6019,sell,0xb8c77482e45f1f44de1745f52c74426c631bdd52,0xeed4e006ccff964149b4353a6e6e6e3cd41ab3125d0632c9049d5a63060cbe83
268,0.000162419239913154,0.000000867110844509,0x56f3c475c909653aa66900b59dcd22add87323f4,2017-10-07T15:02:01.000Z,0.0053387199999990545,0xb0b590dc97a6b701a7dc8355600bc42fa7cbeed7,sell,0xb8c77482e45f1f44de1745f52c74426c631bdd52,0xc23f30e221c1ff66b8cdd6e8881b5f667dd6a68d0ee655abcd1b443a860f6f87
269,98.64420297079054,0.526633779284219,0x56f3c475c909653aa66900b59dcd22add87323f4,2017-10-07T06:09:54.000Z,0.00533872,0xc1638a34da853fd9740bb073d81991076db0b944,sell,0xb8c77482e45f1f44de1745f52c74426c631bdd52,0x3bae326875c04b758ded0dd5f4af29180abb41e2d9ab8b86a1dd0d7c51bcab60
270,36,0.20152764,0x828de7eca71a6638169d95e19624fe3472560b84,2017-10-07T02:19:56.000Z,0.00559799,0x951571ecb267b433469ef2c50f4c7b74b1d631f7,buy,0xb8c77482e45f1f44de1745f52c74426c631bdd52,0xb3fdcdd70bb25a01a4623c5f6fd9ca18d10658e182034e172500700f9b8f8b9e
271,15,0.08396985,0xc3b6b2adfc0cc7dc86934c470ae7df1647bfa5a1,2017-10-07T01:43:47.000Z,0.00559799,0x951571ecb267b433469ef2c50f4c7b74b1d631f7,buy,0xb8c77482e45f1f44de1745f52c74426c631bdd52,0x516ae37e07a09fe9337dac6b644ce291a9c43e70f6bd79d62401feed7c9a23fc
272,29.330849766806356,0.14841527305403082,0x951571ecb267b433469ef2c50f4c7b74b1d631f7,2017-10-07T00:39:11.000Z,0.00506004,0x6a130cbd65c2c2f125c63030f8fad3c08e089068,sell,0xb8c77482e45f1f44de1745f52c74426c631bdd52,0x34ec5ccf79ad04dfdb60a308f9f4d171518501cd2625ab3e270379dd941db212
273,50,0.2530015,0x352d8117640f04b80377470634218c8129f3f48f,2017-10-06T22:12:27.000Z,0.00506003,0x40edf5b846af4b76330aa0f527128bb54d5868a4,sell,0xb8c77482e45f1f44de1745f52c74426c631bdd52,0xc43315db737d05ad536670fe66bd066dc66772e41293f6f34c3519ab8d99f650
274,56,0.28336224,0x951571ecb267b433469ef2c50f4c7b74b1d631f7,2017-10-06T14:07:13.000Z,0.00506004,0x068a903c384626bafe48bc93857e95be2d39dd13,sell,0xb8c77482e45f1f44de1745f52c74426c631bdd52,0x10cbc5ab1f4da489162edad43dd5f4c9ccc196f0a0593de93255a8fae0433ab4
275,26.2645,0.1549605237355,0x4d430062b34264c525b886ea3ae8f3538f2caacb,2017-10-06T07:02:34.000Z,0.005899999,0x582f8b4df633c5fb33b84bb559f55aba75e0a2a3,buy,0xb8c77482e45f1f44de1745f52c74426c631bdd52,0xb2fbd657de5b81c2bb6f1f705d0ca60d587b775ad9b98e6d0643b87e429570c6
276,40,0.2008,0x951571ecb267b433469ef2c50f4c7b74b1d631f7,2017-10-06T05:15:35.000Z,0.00502,0xf43c0ef9630008239b1686044ce9294d99833e39,sell,0xb8c77482e45f1f44de1745f52c74426c631bdd52,0x2d0b2422e162bb39e5549fce169df3e49866686d2883b8999bb8b177a3ac0c9c
277,2,0.0112,0xddb5472b244a81b6ca2925639308ed23d82d6e83,2017-10-06T00:49:30.000Z,0.0056,0x1ca9bd189db5ab9099a4b17a15cf3ac3da289c38,buy,0xb8c77482e45f1f44de1745f52c74426c631bdd52,0x62a07c434132726925c68aafc13f97512e59a1a96272ffcd542a5b79fb8f1daf
278,0.5028660748515522,0.002765763411683537,0x2939bf00ec5691dc9176a1070c028f1d247992af,2017-10-05T20:12:30.000Z,0.0055,0x6e1801a6c4860f390d485ce43927cf2f140f07e5,buy,0xb8c77482e45f1f44de1745f52c74426c631bdd52,0xa3a6994d4ac3c11083ff6290bf7235844ab4f1a7c47216444fe22dda753b8e5d
279,0.5028660748515522,0.002765763411683537,0x2939bf00ec5691dc9176a1070c028f1d247992af,2017-10-05T20:12:06.000Z,0.0055,0x6e1801a6c4860f390d485ce43927cf2f140f07e5,buy,0xb8c77482e45f1f44de1745f52c74426c631bdd52,0xa3a6994d4ac3c11083ff6290bf7235844ab4f1a7c47216444fe22dda753b8e5d
280,20,0.1002202,0x951571ecb267b433469ef2c50f4c7b74b1d631f7,2017-10-05T16:56:44.000Z,0.00501101,0x068a903c384626bafe48bc93857e95be2d39dd13,sell,0xb8c77482e45f1f44de1745f52c74426c631bdd52,0xa8274731222e152ea170859404bb02fbf308d38ca954a7d12e2d9f787d9a7faa
281,99.00683088749214,0.5445365798128979,0xa38ee434d44379c638e35326e3c328054fdcb029,2017-10-05T14:51:52.000Z,0.00549999,0xad5b3fbc469313e21efe4117627a658424091b0a,buy,0xb8c77482e45f1f44de1745f52c74426c631bdd52,0x3d3b428382e93eb38601a19a7e728ecad00cb10b005be26c359f0bf3d8ba15be
282,65.25616911250785,0.3589082775571021,0xf43c0ef9630008239b1686044ce9294d99833e39,2017-10-05T14:04:01.000Z,0.00549999,0xad5b3fbc469313e21efe4117627a658424091b0a,buy,0xb8c77482e45f1f44de1745f52c74426c631bdd52,0xeaa02288c8a996874a3610c82ece31c6f86ec21614da25c1efe5810fd15833d0
283,20,0.1002202,0x951571ecb267b433469ef2c50f4c7b74b1d631f7,2017-10-05T13:04:47.000Z,0.00501101,0x068a903c384626bafe48bc93857e95be2d39dd13,sell,0xb8c77482e45f1f44de1745f52c74426c631bdd52,0xd421b48b1fb0311e0c10673c7d80696e963b5b8cd003a3e20730f8c6409850fb
284,0.9227768069099985,0.005408531897655327,0x30fe67aaf39105a0aa84e5e86fff61b3b50ace8b,2017-10-05T10:49:01.000Z,0.0058611485,0x068a903c384626bafe48bc93857e95be2d39dd13,sell,0xb8c77482e45f1f44de1745f52c74426c631bdd52,0x84285d31415f0263782c0c01ba8a8750403ccf00f2efa82bcb0b4b638b6ec70e
285,12.727,0.06999837273,0x2398038a8cdfc1358fc85a03e9f37ce9e9d410e0,2017-10-05T09:59:59.000Z,0.00549999,0xad5b3fbc469313e21efe4117627a658424091b0a,buy,0xb8c77482e45f1f44de1745f52c74426c631bdd52,0x466f0b21ab358cdd767b8d6ea46021f6b567baa294b3d81271eae5009755b7bd
286,1,0.011,0x30fe67aaf39105a0aa84e5e86fff61b3b50ace8b,2017-10-05T09:40:55.000Z,0.011,0x9733ae7ececa99c8b1db998a7e8e37bcb3f68ae2,sell,0xb8c77482e45f1f44de1745f52c74426c631bdd52,0xd06aafb04dd93a81b07372ee30f19eef25618739b56338a346b20994df63ed95
287,1,0.01,0x30fe67aaf39105a0aa84e5e86fff61b3b50ace8b,2017-10-05T09:40:12.000Z,0.01,0x9733ae7ececa99c8b1db998a7e8e37bcb3f68ae2,sell,0xb8c77482e45f1f44de1745f52c74426c631bdd52,0xd7bb087b7d6a4cac9533a1e9888540c26f9442d1202219b80c728f99d8c45926
288,1.0711491375758528,0.005944877713545983,0xd3a65f8c8c5ed562d8ea7a1fc8dc4391e26c4684,2017-10-05T08:36:56.000Z,0.005549999999999999,0x068a903c384626bafe48bc93857e95be2d39dd13,sell,0xb8c77482e45f1f44de1745f52c74426c631bdd52,0x52e7223c1c315b1b602d2fde1bfd306862a11b2fadfa89c43d8612d3e6e36ac3
289,9.063247723146207,0.04984786247730414,0x410a99f620d6382ce5e78b697519668817afbd5d,2017-10-05T08:20:06.000Z,0.0055,0x6e1801a6c4860f390d485ce43927cf2f140f07e5,buy,0xb8c77482e45f1f44de1745f52c74426c631bdd52,0xead6ab07f6a555a855365018578c8469e8290c329ca227776972c919d6d98455
290,0.1,0.00055,0xa44845e5488fc4684b9b678f3121d0ccd517d969,2017-10-05T07:44:18.000Z,0.0055,0x6e1801a6c4860f390d485ce43927cf2f140f07e5,buy,0xb8c77482e45f1f44de1745f52c74426c631bdd52,0xa50956d7d8ef936b33dc94c0a6c384370cddc4ed62be24b306094fbc29dff12e
291,52.727,0.2899985,0x1258ac82d244f6fd8199ec61d107e04b00148df6,2017-10-05T07:39:18.000Z,0.0055,0x6e1801a6c4860f390d485ce43927cf2f140f07e5,buy,0xb8c77482e45f1f44de1745f52c74426c631bdd52,0xf31f9ab1a92ef0e02b6468605d56fc3aba64ad093bbb08cac6692babd984583d
292,10,0.055,0x2afa267e34a1188ab7dcc6233cef0f3975cec7b1,2017-10-05T05:47:57.000Z,0.0055,0x6e1801a6c4860f390d485ce43927cf2f140f07e5,buy,0xb8c77482e45f1f44de1745f52c74426c631bdd52,0xa583ab49b01d8a267b5a66faae16c5f2d95dd88a46dafd2a32209f10b2d865a9
293,355.978563387714,1.9756810268018128,0xd3a65f8c8c5ed562d8ea7a1fc8dc4391e26c4684,2017-10-05T05:37:01.000Z,0.00555,0x7aa6e2506316f6d613277d4f2f4e4e1dc55e528e,sell,0xb8c77482e45f1f44de1745f52c74426c631bdd52,0xea0b955469ebee0b36eabf96c4c0c3dcacc2eda416d770833e0d43c8a9b9b7ef
294,357.04971252528986,1.963773418889094,0x7aa6e2506316f6d613277d4f2f4e4e1dc55e528e,2017-10-05T05:37:01.000Z,0.0055,0x6e1801a6c4860f390d485ce43927cf2f140f07e5,buy,0xb8c77482e45f1f44de1745f52c74426c631bdd52,0xea0b955469ebee0b36eabf96c4c0c3dcacc2eda416d770833e0d43c8a9b9b7ef
295,72.727,0.3999985,0x3cfe7db05dfd8eb541f63a3039076d3aca29d042,2017-10-05T05:01:10.000Z,0.0055,0x6e1801a6c4860f390d485ce43927cf2f140f07e5,buy,0xb8c77482e45f1f44de1745f52c74426c631bdd52,0x4eee41cf9489166e27bac19df2f12001483ab2898e5258e8631f58c01dad9146
296,56.67362586304417,0.3003702170741341,0x450509957921d290023ed848d27e6fa40045bb67,2017-10-05T04:33:56.000Z,0.0053,0x1ca9bd189db5ab9099a4b17a15cf3ac3da289c38,sell,0xb8c77482e45f1f44de1745f52c74426c631bdd52,0xc128be1c1cffc174a3de053d7d602dc5392c42948fe81a5347966da2c87394bb
297,3.630173676712404,0.019965955221918224,0x3ba72b77041985be175e8e22530afe0209cd2e61,2017-10-05T04:17:39.000Z,0.0055,0x6e1801a6c4860f390d485ce43927cf2f140f07e5,buy,0xb8c77482e45f1f44de1745f52c74426c631bdd52,0x0c93c8e3066dcf1323c11fc293f1df18c8c5d69562a0b3cbfbcb6aa5d258b1b6
298,0.6,0.0033,0xa1ca4df2b64d39ca2b17fa3b1605dcd632792bd7,2017-10-05T04:09:39.000Z,0.0055,0x6e1801a6c4860f390d485ce43927cf2f140f07e5,buy,0xb8c77482e45f1f44de1745f52c74426c631bdd52,0x4c2c4e063d15b2a29108fc5db42445e436612ee05ed422908238aa83221b72df
299,0.6,0.0033,0xa1ca4df2b64d39ca2b17fa3b1605dcd632792bd7,2017-10-05T04:07:55.000Z,0.0055,0x6e1801a6c4860f390d485ce43927cf2f140f07e5,buy,0xb8c77482e45f1f44de1745f52c74426c631bdd52,0xdd1a18e03b453ee5011cf15af03869d60a2fbae3f9ed3c253635ac370dd7d767
300,0.1,0.00058,0xebb3b5365f80f437d4be00fffaedec844b24ce14,2017-10-05T03:47:26.000Z,0.0058,0x1ca9bd189db5ab9099a4b17a15cf3ac3da289c38,buy,0xb8c77482e45f1f44de1745f52c74426c631bdd52,0x7596569bd727fac6bd08d470b339de7bf58ab237ea1b565be8d48a2f2354224d
301,2,0.014,0x485053aae83e618eea783572636c12459019ae0b,2017-10-05T02:47:22.000Z,0.007,0x1ca9bd189db5ab9099a4b17a15cf3ac3da289c38,sell,0xb8c77482e45f1f44de1745f52c74426c631bdd52,0xe8828a48609ac78c44f7f80572593e63eb79dad3d5e077adbfd81e3e81bb8d5a
302,0.2,0.0011999994,0x73ca63db611015808aacd9fe7d5499b97095a2d5,2017-10-05T01:55:10.000Z,0.005999997,0x5d2b747bd4e337d10424c2f964c522a90c5f0780,buy,0xb8c77482e45f1f44de1745f52c74426c631bdd52,0xa77bdde93565143a94e9e5de36d3bc1e864ac00c5f07401fdaf4881a3f1dad4d
303,3.6509673983416873,0.02190579708811533,0x93a19a2d15d1344f51382d547386421ccfcec461,2017-10-05T01:23:54.000Z,0.005999998,0xad5b3fbc469313e21efe4117627a658424091b0a,buy,0xb8c77482e45f1f44de1745f52c74426c631bdd52,0x69d4f7d4bc54d79c1ee9015d744cbeb6f01926756e1a78662e58a348f18ba465
304,3.9847536320127914,0.023908509837815853,0x410a99f620d6382ce5e78b697519668817afbd5d,2017-10-05T01:23:54.000Z,0.005999997,0x5d2b747bd4e337d10424c2f964c522a90c5f0780,buy,0xb8c77482e45f1f44de1745f52c74426c631bdd52,0x7b6c787923c547a2c7b8982bf1d6bb4272418b1cb5ec1b590739d93612d89120
305,139.79691545885794,0.7409236519319471,0x450509957921d290023ed848d27e6fa40045bb67,2017-10-04T19:41:23.000Z,0.0053,0xfb285b3dc0428c1d01641446b8f15e4fa5d08eca,sell,0xb8c77482e45f1f44de1745f52c74426c631bdd52,0x404f6818892c3abadeac55600bf5a5a832ad117bc595af5dd0ab64f75f7a7c98
306,99.69095803010667,0.5283620775595653,0x450509957921d290023ed848d27e6fa40045bb67,2017-10-04T19:01:20.000Z,0.0053,0x9812322b50966b80a544fff56e668a161b6435e5,sell,0xb8c77482e45f1f44de1745f52c74426c631bdd52,0xf4975a3613e4854740cb9b6181c29d54599963e40c91ff93081f4b57dcf77ba6
307,16.898459951028432,0.0997008968126078,0xd0e51fed85f46636835ee79b56b1530a1040692b,2017-10-04T19:01:20.000Z,0.005899999,0xfb285b3dc0428c1d01641446b8f15e4fa5d08eca,buy,0xb8c77482e45f1f44de1745f52c74426c631bdd52,0x910c8a6ac0d447cca5a643d35a861ef544a371b30b46e5e289d63a783de51e71
308,0.3379368358427442,0.001993826993535355,0xe5df8bbb5f1541753899d722bff0d06a43151762,2017-10-04T18:54:45.000Z,0.005899999,0xfb285b3dc0428c1d01641446b8f15e4fa5d08eca,buy,0xb8c77482e45f1f44de1745f52c74426c631bdd52,0x1750160e99c29b06c917fbf8482109ed4601a402d219b024ae4de17091caedbd
309,0.013317316348430058,0.000078572153138421,0xe5df8bbb5f1541753899d722bff0d06a43151762,2017-10-04T18:52:12.000Z,0.005899999,0xfb285b3dc0428c1d01641446b8f15e4fa5d08eca,buy,0xb8c77482e45f1f44de1745f52c74426c631bdd52,0x6bafb1529fa6e4d3d6c550337dc81a408d3650c4833781d3a9ae70fbe0f9fe88
310,10,0.06095,0x15f8e988924cf1593e8d19942508d62732d38898,2017-10-04T17:57:39.000Z,0.006095,0x49c284573b66c68d1fb6db1736dad7eaaf1e26b6,buy,0xb8c77482e45f1f44de1745f52c74426c631bdd52,0xbde1030d62bcbe6975cfd6eb087c61db01bd2023d5a510b6cc73334ae615fb98
311,0.252,0.001575,0xbe7e74a655a8aba90b6081e7db5d9fde82705710,2017-10-04T17:48:02.000Z,0.00625,0x8cd3bec93d81f900f4faef7f40259d392b616a7e,buy,0xb8c77482e45f1f44de1745f52c74426c631bdd52,0x3f86c7a8fdcebb3b189fc6d4f158560dec07f65ad897d23f9695f537a384b44b
312,11.719479356980166,0.07148765212964332,0x2f9f0012d81988ad746f795b7597ef3a2c10cda0,2017-10-04T12:06:52.000Z,0.0060999,0xad5b3fbc469313e21efe4117627a658424091b0a,buy,0xb8c77482e45f1f44de1745f52c74426c631bdd52,0xb45204cbe4fe398dd8aa4ad8f203a487696f68685df6efea1a4be5ea99340780
313,56.950287474710144,0.3160740954846413,0xd3a65f8c8c5ed562d8ea7a1fc8dc4391e26c4684,2017-10-04T11:24:56.000Z,0.00555,0x5077da020bbbb1789c9d74602af781983e019932,sell,0xb8c77482e45f1f44de1745f52c74426c631bdd52,0x73ff7e69ca363bd7ed616ea9726cfbd271796608db32b1a386eb1268e2a2d5dc
314,0.164,0.0010004,0xe985ac05f01f7fa12e3322003e88bde06e6fe042,2017-10-04T11:20:44.000Z,0.0061,0xb006296f773f25dde04aeb79ce6ac703247ada9a,buy,0xb8c77482e45f1f44de1745f52c74426c631bdd52,0x045ce636cc9bea694ee5f08c6fd3ef8178473e4e353a72ef4b4d4e6f34ddf24e
315,5,0.0304995,0xe89a2a7a15cbaae3c58a03d79485373e216226d6,2017-10-04T08:42:42.000Z,0.0060999,0xad5b3fbc469313e21efe4117627a658424091b0a,buy,0xb8c77482e45f1f44de1745f52c74426c631bdd52,0x34e06eefc1d2e38910d292bdcb68892d5cbe2b66452a0b7baf212e7169e37512
316,1,0.0060999,0xd82c708b66d1ac187d2b5943bfde2559b56ed8a9,2017-10-04T07:51:35.000Z,0.0060999,0xad5b3fbc469313e21efe4117627a658424091b0a,buy,0xb8c77482e45f1f44de1745f52c74426c631bdd52,0xf7d7f63ea140015bd5165a4935829b3db6509b1892f3e00695b371bc696700de
317,1.639,0.0099977361,0x2f9f0012d81988ad746f795b7597ef3a2c10cda0,2017-10-04T07:02:47.000Z,0.0060999,0xad5b3fbc469313e21efe4117627a658424091b0a,buy,0xb8c77482e45f1f44de1745f52c74426c631bdd52,0xae4a9bfbdaa58773eedeb038823febadb83493e248912ba8bf7cc92cc1e81197
318,0.65,0.003530865,0x2f9f0012d81988ad746f795b7597ef3a2c10cda0,2017-10-04T06:49:26.000Z,0.0054321,0xac7d5f215e1d44c6ee1439d7ede2c1fb09f8598d,buy,0xb8c77482e45f1f44de1745f52c74426c631bdd52,0x0e7ba8006c3de318b73d87d4ae19fc5dca1aadb3583696cddcad7f401b886fb2
319,41.517,0.2532537,0xfff6e65de5beabd1e0d58effc362728186dac2a2,2017-10-04T01:53:32.000Z,0.0061,0xf2a4b1613efa4d50697bed77ba71be8cf765be57,buy,0xb8c77482e45f1f44de1745f52c74426c631bdd52,0x9abfd42377d7ee4dc10b910ac3c2ae6add7c82a7aa4cae769190693b84dab0d7
320,0.009251320905193898,0.000050882264978566,0xd2a639d19b960ae9fbe947f2f3c44b213a95f1a2,2017-10-04T01:06:23.000Z,0.005499999999999953,0x8b89f0de3d3f07f9afc9d27f773a24db91ab3191,sell,0xb8c77482e45f1f44de1745f52c74426c631bdd52,0xc7ecade69efd7d8d82fa5ec1a47a66af505ed5867cba3e270727aea491749184
321,0.24,0.00144,0x3514a3b157ab18834ea8bdb752f727a135a961ed,2017-10-04T00:59:47.000Z,0.006,0x8b89f0de3d3f07f9afc9d27f773a24db91ab3191,sell,0xb8c77482e45f1f44de1745f52c74426c631bdd52,0x0b5eacb9847cdd2b11efbb5bce630df2907e003befea28341ca31f65cb982208
322,0.25,0.001358025,0x8b89f0de3d3f07f9afc9d27f773a24db91ab3191,2017-10-04T00:57:30.000Z,0.0054321,0xac7d5f215e1d44c6ee1439d7ede2c1fb09f8598d,buy,0xb8c77482e45f1f44de1745f52c74426c631bdd52,0x9b49e32c62ed2b70fd5c2d7ccb6d5537ee3699ecba54c0461865fe32f58b9f82
323,0.1,0.00054321,0x17a413b49318185e310d7cedec92d1bdac105fab,2017-10-03T23:47:15.000Z,0.0054321,0xac7d5f215e1d44c6ee1439d7ede2c1fb09f8598d,buy,0xb8c77482e45f1f44de1745f52c74426c631bdd52,0x62b573e4829e637dfb49eec2c9e35fb916c6dd8edb31351a8f5990f68d0692c1
324,3.838500647991227,0.020344053434353505,0x450509957921d290023ed848d27e6fa40045bb67,2017-10-03T23:45:22.000Z,0.0053,0x90eecac4208bcd015aa65471e6f7febbeae5f9a4,sell,0xb8c77482e45f1f44de1745f52c74426c631bdd52,0x011e6ca6f4e6e8d1dd2cb3bfd2c8675a3c394fe8f28dece1b5b3c9f12ba1e7d9
325,18.2,0.1001,0xc50605ce3bcb0893a76ad47955a900a219207fc4,2017-10-03T23:38:19.000Z,0.0055,0x90eecac4208bcd015aa65471e6f7febbeae5f9a4,sell,0xb8c77482e45f1f44de1745f52c74426c631bdd52,0x8ea31ac653e237d69e74a7030a6957a2c62c056ca2fc0c8d600a3b0aee6bd47c
326,590,3.245,0xb006296f773f25dde04aeb79ce6ac703247ada9a,2017-10-03T23:08:47.000Z,0.0055,0x90eecac4208bcd015aa65471e6f7febbeae5f9a4,sell,0xb8c77482e45f1f44de1745f52c74426c631bdd52,0x807c1762f0cd076b7a41cad51090381558e6822ad1cdea2d5689d99fbba7d365
327,175,0.96425,0x855bb1c07c1d09f815607433a76889f375c11e84,2017-10-03T23:07:13.000Z,0.00551,0x90eecac4208bcd015aa65471e6f7febbeae5f9a4,sell,0xb8c77482e45f1f44de1745f52c74426c631bdd52,0x5c0553d2c4f48c3fb499cbcc9658cc8cd6ffa17b276a525b9248edd4478957d3
328,200,1.1028,0xad5b3fbc469313e21efe4117627a658424091b0a,2017-10-03T23:01:04.000Z,0.005514,0x90eecac4208bcd015aa65471e6f7febbeae5f9a4,sell,0xb8c77482e45f1f44de1745f52c74426c631bdd52,0x0c8d0590346098a4e3adccb34b97c55499f1a4803115063b53a8db4018af52f0
329,3,0.0162963,0xbf52f67f8524587d6a7ab1f1f8d092c635b9587f,2017-10-03T21:21:15.000Z,0.0054321,0xac7d5f215e1d44c6ee1439d7ede2c1fb09f8598d,buy,0xb8c77482e45f1f44de1745f52c74426c631bdd52,0x9fcca09a9562c601999c763f24ec2502339bb37449331f2581740751fe88affa
330,2,0.011,0x739c5f6d73d483705a08f9a52c7cd61c7933573e,2017-10-03T21:19:05.000Z,0.0055,0x8cd3bec93d81f900f4faef7f40259d392b616a7e,buy,0xb8c77482e45f1f44de1745f52c74426c631bdd52,0x81b3b96deab9e02b164001724fcf09e322ecfe77dc0e78cd29ad8357041054b3
331,4,0.0217284,0x0a11c821e5ce9afe3d0cfa56f12d594dfb4017c7,2017-10-03T21:17:50.000Z,0.0054321,0xac7d5f215e1d44c6ee1439d7ede2c1fb09f8598d,buy,0xb8c77482e45f1f44de1745f52c74426c631bdd52,0x23751bdad120d222ed342571402d264fbf3dff2138fad898a87e631e88714a68
332,19.788,0.1088359788,0x739c5f6d73d483705a08f9a52c7cd61c7933573e,2017-10-03T20:14:25.000Z,0.0055001,0xa707d724f36d6826209e25c946b8994474bc387e,buy,0xb8c77482e45f1f44de1745f52c74426c631bdd52,0x103cffe4da10a0d442eca7b182aaef811cbbb5c0986116f9816d6168ecf90c1a
333,3,0.0165,0x410a99f620d6382ce5e78b697519668817afbd5d,2017-10-03T20:06:31.000Z,0.0055,0x8cd3bec93d81f900f4faef7f40259d392b616a7e,buy,0xb8c77482e45f1f44de1745f52c74426c631bdd52,0x7be5541e62e1f9e0618538e298257726c7cfcaca3302464aece53cfcfc18899a
334,130,0.715,0x739c5f6d73d483705a08f9a52c7cd61c7933573e,2017-10-03T18:42:12.000Z,0.0055,0x8cd3bec93d81f900f4faef7f40259d392b616a7e,buy,0xb8c77482e45f1f44de1745f52c74426c631bdd52,0xbf8e0587677a8103993152b8818ba74ccf4055df40fcaa60143a82eccee8a557
335,9.97,0.060817,0xcaab4f28e949dea4e773e09e5b55bd34dbf8b9f3,2017-10-03T18:40:45.000Z,0.0061,0x273a5d3e6721b9f5c1a6474f560c1334c63dda01,sell,0xb8c77482e45f1f44de1745f52c74426c631bdd52,0xd7115fd9fe03ed141bc6c969e9dc405978e3ecc28c1ea1f269fd0109c024e153
336,10,0.055,0x273a5d3e6721b9f5c1a6474f560c1334c63dda01,2017-10-03T18:40:45.000Z,0.0055,0x8cd3bec93d81f900f4faef7f40259d392b616a7e,buy,0xb8c77482e45f1f44de1745f52c74426c631bdd52,0xd7115fd9fe03ed141bc6c969e9dc405978e3ecc28c1ea1f269fd0109c024e153
337,312.1697,1.951060625,0xa309340e09922b251dd6693c9cdd22929186b096,2017-10-03T15:03:33.000Z,0.00625,0x8cd3bec93d81f900f4faef7f40259d392b616a7e,sell,0xb8c77482e45f1f44de1745f52c74426c631bdd52,0x87e9a6c4edf11ec2abfe28033d3575e013ce5a3597fcd1c73ee8d468c2ded928
338,689.9,4.20839,0xfe423f6b9b3aa093cc08831d9b106027f97e132e,2017-10-03T14:46:04.000Z,0.0061,0x3514a3b157ab18834ea8bdb752f727a135a961ed,buy,0xb8c77482e45f1f44de1745f52c74426c631bdd52,0xb2947d65c55b263f6ca046511ce2fd111c183587755918ac1c7c7b09b417bafe
339,687.8303,4.298939375,0xa309340e09922b251dd6693c9cdd22929186b096,2017-10-03T14:46:04.000Z,0.00625,0xfe423f6b9b3aa093cc08831d9b106027f97e132e,sell,0xb8c77482e45f1f44de1745f52c74426c631bdd52,0xb2947d65c55b263f6ca046511ce2fd111c183587755918ac1c7c7b09b417bafe
340,4.036139604215838,0.024620451585716612,0x18d3be183432a9b79f9ec2132b21f8eb035ae0d2,2017-10-03T14:11:06.000Z,0.0060999999999999995,0x18d3be183432a9b79f9ec2132b21f8eb035ae0d2,sell,0xb8c77482e45f1f44de1745f52c74426c631bdd52,0x077b3787e3627e2edd182e34624fb75cefdbdf5aca950cdb64128d93da7e99d9
341,4.048651636988907,0.02530407273118067,0x18d3be183432a9b79f9ec2132b21f8eb035ae0d2,2017-10-03T14:09:18.000Z,0.00625,0xa7fd6bf6c5d09ff38fdd1a6643ea1baf3b254650,buy,0xb8c77482e45f1f44de1745f52c74426c631bdd52,0x7c044bf0c144b5d35eb382632bd19b145a282375d41450e465d901df39e9db83
342,15.951348363011093,0.09969592726881933,0xd0e51fed85f46636835ee79b56b1530a1040692b,2017-10-03T13:28:52.000Z,0.00625,0xa7fd6bf6c5d09ff38fdd1a6643ea1baf3b254650,buy,0xb8c77482e45f1f44de1745f52c74426c631bdd52,0x65bbf1cbf0d41d7dcabbd890a582ae927f131d730a4e6359727067b2a60257a0
343,41.517,0.2532537,0xf2a4b1613efa4d50697bed77ba71be8cf765be57,2017-10-03T13:28:52.000Z,0.0061,0x8cd3bec93d81f900f4faef7f40259d392b616a7e,sell,0xb8c77482e45f1f44de1745f52c74426c631bdd52,0xeed26194a39917e79478b34ffaf9cf4c01045da1bccbc245e80c59935e7a9b88
344,143.682,0.8764602,0x739c5f6d73d483705a08f9a52c7cd61c7933573e,2017-10-03T11:39:53.000Z,0.0061,0xf2a4b1613efa4d50697bed77ba71be8cf765be57,buy,0xb8c77482e45f1f44de1745f52c74426c631bdd52,0x48ffe8b0f87e1611aada2625fb7e707a3d9bd985fea6c56f96b56c8f2ca1ead7
345,7,0.0427,0x1899a21760650d300930da2bf4df4f17089d3a1d,2017-10-03T10:23:01.000Z,0.0061,0xf2a4b1613efa4d50697bed77ba71be8cf765be57,buy,0xb8c77482e45f1f44de1745f52c74426c631bdd52,0x3523ebc134f443a41a0668988d7d78633053930210dfdf0da19884dc859cc0f4
346,7.8,0.04758,0x1899a21760650d300930da2bf4df4f17089d3a1d,2017-10-03T09:35:23.000Z,0.0061,0xf2a4b1613efa4d50697bed77ba71be8cf765be57,buy,0xb8c77482e45f1f44de1745f52c74426c631bdd52,0x690f5e5db25a3215b0cae3d367c4f3f044e63abe8581b5e14633e0887d800fe5
347,0.005829601547931946,0.000035560569442384,0xf2a4b1613efa4d50697bed77ba71be8cf765be57,2017-10-03T08:21:27.000Z,0.00609999999999985,0x323aa94f92121ee3ba173cce400d1abe8f316ad4,sell,0xb8c77482e45f1f44de1745f52c74426c631bdd52,0x440c3a951f972517d15ad8545aef1d7cd771c33e4368ce515d4ffd4da9c83fed
348,58.47673312730535,0.35670807207656263,0xf2a4b1613efa4d50697bed77ba71be8cf765be57,2017-10-03T08:20:29.000Z,0.0061,0x323aa94f92121ee3ba173cce400d1abe8f316ad4,sell,0xb8c77482e45f1f44de1745f52c74426c631bdd52,0xd080ddeb6596d820150010ceb74938534741eebe241a8fbfada496b472e2c33e
349,2,0.0124,0xdf18eee0ac136b2b39dd6f0d2e120785cd94b20c,2017-10-03T08:19:19.000Z,0.0062,0x323aa94f92121ee3ba173cce400d1abe8f316ad4,sell,0xb8c77482e45f1f44de1745f52c74426c631bdd52,0x529ec9e2273ecfb76542ef1cf22326dfa296c25b8826aef514fb2d9058e39bb9
350,10,0.0635,0xcaab4f28e949dea4e773e09e5b55bd34dbf8b9f3,2017-10-03T07:59:45.000Z,0.00635,0x323aa94f92121ee3ba173cce400d1abe8f316ad4,sell,0xb8c77482e45f1f44de1745f52c74426c631bdd52,0xcb4c80849b1b250b54e0ec795e7d97c67bec3a1c383d3320cee18469b871bceb
351,20.247,0.12856845,0xf2a4b1613efa4d50697bed77ba71be8cf765be57,2017-10-03T07:28:03.000Z,0.00635,0x323aa94f92121ee3ba173cce400d1abe8f316ad4,sell,0xb8c77482e45f1f44de1745f52c74426c631bdd52,0x76d1057760293a8cb5940833e297580fc0680df0ad14dcdb54735ea4774d686b
352,2.416,0.0154624,0x352d8117640f04b80377470634218c8129f3f48f,2017-10-03T07:25:38.000Z,0.0064,0x323aa94f92121ee3ba173cce400d1abe8f316ad4,sell,0xb8c77482e45f1f44de1745f52c74426c631bdd52,0x8af6c45fd3d7c61097fc73d6ad17ae19094b2735944fddcb325e037c92774c38
353,1000,6.8,0x2b62dd90d422b0cfc32caa7ff62445c530f6e848,2017-10-03T05:04:10.000Z,0.0068,0xb006296f773f25dde04aeb79ce6ac703247ada9a,buy,0xb8c77482e45f1f44de1745f52c74426c631bdd52,0x3718d9d9928c4699adc1da0c2167c83709287acb56ac01589d3b1ec57bfbf600
354,1,0.0068,0x97bc2d837884147db3d1574d84d14385e1f5c7d9,2017-10-03T04:17:48.000Z,0.0068,0xb006296f773f25dde04aeb79ce6ac703247ada9a,buy,0xb8c77482e45f1f44de1745f52c74426c631bdd52,0x58a08402fb90b65be5836d5d56e63536d71688425fbcd9d6051ea9ce22f73e2c
355,20,0.131,0xa7fd6bf6c5d09ff38fdd1a6643ea1baf3b254650,2017-10-03T03:34:01.000Z,0.00655,0xb006296f773f25dde04aeb79ce6ac703247ada9a,buy,0xb8c77482e45f1f44de1745f52c74426c631bdd52,0x7f1b80302e22d48ccf2e5d971d91e0dca16bc607f0c7d649c44e827280452759
356,60,0.384,0x352d8117640f04b80377470634218c8129f3f48f,2017-10-03T03:00:00.000Z,0.0064,0xb006296f773f25dde04aeb79ce6ac703247ada9a,buy,0xb8c77482e45f1f44de1745f52c74426c631bdd52,0x0aba22d7635dc29909bc8bb8b6e051c1c2551ab6d34ee9f6cb83c94df4cf098d
357,160,1.024,0x352d8117640f04b80377470634218c8129f3f48f,2017-10-03T02:49:58.000Z,0.0064,0xb006296f773f25dde04aeb79ce6ac703247ada9a,buy,0xb8c77482e45f1f44de1745f52c74426c631bdd52,0xff501b09f942ca35340496dc5d7287c613eb4a47df6bb8035ed12422fd3db7d8
358,156.25,1,0x23c09abbc301e4bd6396548f5f6005ab345afb7e,2017-10-03T02:47:32.000Z,0.0064,0xb006296f773f25dde04aeb79ce6ac703247ada9a,buy,0xb8c77482e45f1f44de1745f52c74426c631bdd52,0xe771b2c2ab8af1f646f627dc361ec15d78fd3cbc97450a91592b0f7097f498f3
359,106.25,0.68,0xc30ff49429b3077fc2b9a910b072f2300dc41b9a,2017-10-03T02:46:20.000Z,0.0064,0xb006296f773f25dde04aeb79ce6ac703247ada9a,buy,0xb8c77482e45f1f44de1745f52c74426c631bdd52,0x8abb7c487e0570c83cd689dfcf475a3b7b2ab0283957828dbd76da58a1ed3876
360,937.5,6,0xc30ff49429b3077fc2b9a910b072f2300dc41b9a,2017-10-03T02:40:03.000Z,0.0064,0xb006296f773f25dde04aeb79ce6ac703247ada9a,buy,0xb8c77482e45f1f44de1745f52c74426c631bdd52,0xdf730c622eff81cd5e553d38f0e32b2db9a226c5d2db9f895a8ecf9ecd587cfe
361,2000,12.8,0x352d8117640f04b80377470634218c8129f3f48f,2017-10-03T02:38:45.000Z,0.0064,0xb006296f773f25dde04aeb79ce6ac703247ada9a,buy,0xb8c77482e45f1f44de1745f52c74426c631bdd52,0x27419dc405f9feac05562330d86df2a6adf33c8ce77916ed779062441c9bc2d0
362,467.042,2.9890688,0x352d8117640f04b80377470634218c8129f3f48f,2017-10-03T02:35:18.000Z,0.0064,0xb006296f773f25dde04aeb79ce6ac703247ada9a,buy,0xb8c77482e45f1f44de1745f52c74426c631bdd52,0x39407a9e0f1de80bd61cdf0c7c87c422468ab888928b5ba966051dd8844bc5a5
363,35.489,0.2395117121,0x431aaa37a3134ce0c520f2fb6fa96cb1a5b18a79,2017-10-03T02:23:54.000Z,0.0067489,0x3c2b6933a75db4591680e9e713d56bfdfd582b9c,buy,0xb8c77482e45f1f44de1745f52c74426c631bdd52,0xcbb793b1c362dfc7d51c5a1ae4a8fc38098687655e463671d6c08b13b4fbc03f
364,343.854,2.372936454,0x431aaa37a3134ce0c520f2fb6fa96cb1a5b18a79,2017-10-03T02:16:59.000Z,0.006901,0x6b723e05f4f6781bbcdbaa9e1d913ebf4ebdcf79,buy,0xb8c77482e45f1f44de1745f52c74426c631bdd52,0x3b6c407fc7f7f7bcf98a296904d872710ed15a37b6242e51f24506fc494cc59a
365,973.5,6.2304,0x352d8117640f04b80377470634218c8129f3f48f,2017-10-03T02:08:45.000Z,0.0064,0xb006296f773f25dde04aeb79ce6ac703247ada9a,buy,0xb8c77482e45f1f44de1745f52c74426c631bdd52,0x815527204a3e3e14b24a90cb4ae924abf78f64f76d57f54ab91a0d8dd5513c1a
366,26.5,0.1696,0x1bb25de31297c435e27d793e2920ffe942c3c07f,2017-10-03T01:57:00.000Z,0.0064,0xb006296f773f25dde04aeb79ce6ac703247ada9a,buy,0xb8c77482e45f1f44de1745f52c74426c631bdd52,0x68c6f516f5a484aeb28408e4912e663ea20160bf878f97611c89345d5ffb0bb0
367,0.30485506057038503,0.001996800646736022,0x729655cc35027fa0d01ac31309723dc0df42035b,2017-10-02T23:52:09.000Z,0.00655,0xb006296f773f25dde04aeb79ce6ac703247ada9a,buy,0xb8c77482e45f1f44de1745f52c74426c631bdd52,0x2f38d19d0d977085e3f645080bc873e97caac7222fb1d2aa0ac5d53365298430
368,444.85149554012486,2.8915347210108115,0x02ed8586b730b8cbb5785a6412ec2aab96a66311,2017-10-02T23:46:30.000Z,0.0065,0xb006296f773f25dde04aeb79ce6ac703247ada9a,buy,0xb8c77482e45f1f44de1745f52c74426c631bdd52,0x2023ee9531a4f567651157dc6011c2e590a8cfc29f4309da338755be165b07e5
369,900,5.85,0xcefb4b76e0930f436c78f4b6d84fe4dc781a412c,2017-10-02T23:38:33.000Z,0.0065,0xb006296f773f25dde04aeb79ce6ac703247ada9a,buy,0xb8c77482e45f1f44de1745f52c74426c631bdd52,0xaa7ed3f4a4c7a7eb3ea0816b23b310e23b64dd06f9d6c37a431b36a1cb8ff7de
370,690.0636710797482,4.485413862018364,0x6e7897cf3dc5c8d7349ed63d68b0fcc34435ca8f,2017-10-02T23:26:58.000Z,0.0065,0xb006296f773f25dde04aeb79ce6ac703247ada9a,buy,0xb8c77482e45f1f44de1745f52c74426c631bdd52,0xd6d2c25877729243983b7e4c7731ea9bb02b3786cd2eed9eac9ccb594f001f23
371,1727.1648900075572,11.140213540548743,0x6e7897cf3dc5c8d7349ed63d68b0fcc34435ca8f,2017-10-02T23:23:36.000Z,0.00645,0xb006296f773f25dde04aeb79ce6ac703247ada9a,buy,0xb8c77482e45f1f44de1745f52c74426c631bdd52,0x4a1944f87a2f0b0b1de14288a6a7ee780031ebfe79ba16210f8cda3b7d44d03d
372,772.8351099924429,4.984786459451256,0x02ed8586b730b8cbb5785a6412ec2aab96a66311,2017-10-02T23:22:25.000Z,0.00645,0xb006296f773f25dde04aeb79ce6ac703247ada9a,buy,0xb8c77482e45f1f44de1745f52c74426c631bdd52,0x0ed58b0393601365f84ec5c53b3679d865115bbc6f3bd19e9624bd6bbe195023
373,79.75276642408534,0.5064300667929419,0xf2a4b1613efa4d50697bed77ba71be8cf765be57,2017-10-02T23:18:12.000Z,0.00635,0xa53194e5e67e9eade3cfc81a6b5e426a46c58dfe,sell,0xb8c77482e45f1f44de1745f52c74426c631bdd52,0xac047a5e5cc2863ecac6c5b83454b1df91ca13622d81f0e35e77f91c31a992a9
374,465.3595945332161,2.9550334252859223,0xc30ff49429b3077fc2b9a910b072f2300dc41b9a,2017-10-02T23:01:02.000Z,0.00635,0xb006296f773f25dde04aeb79ce6ac703247ada9a,buy,0xb8c77482e45f1f44de1745f52c74426c631bdd52,0x712b55dd860deaabdd157411743d7d51d1e7c7c904d16fc7a45bc2ddbc1a69c8
375,376.8464181973977,2.3929747555534755,0x02ed8586b730b8cbb5785a6412ec2aab96a66311,2017-10-02T22:45:57.000Z,0.00635,0xb006296f773f25dde04aeb79ce6ac703247ada9a,buy,0xb8c77482e45f1f44de1745f52c74426c631bdd52,0xd57cfe59d1ad6f854ce2725a5a6f8da53d082f8e5cc6e00fe2daeba7ae02738c
376,157.48,0.999998,0xfb285b3dc0428c1d01641446b8f15e4fa5d08eca,2017-10-02T22:37:58.000Z,0.00635,0xb006296f773f25dde04aeb79ce6ac703247ada9a,buy,0xb8c77482e45f1f44de1745f52c74426c631bdd52,0x411168423b338ee459614a097445634c78fce2a6b9f974faf24733a8bccadf58
377,0.31398726938616267,0.001993819160602133,0x5f8b5a26fd83682c3847a1d41008f1c3f6b2181f,2017-10-02T22:37:58.000Z,0.00635,0xb006296f773f25dde04aeb79ce6ac703247ada9a,buy,0xb8c77482e45f1f44de1745f52c74426c631bdd52,0xcfe5bfaab28ababd60badafd714c5760ea9202359f133e5e9ff923d06af38395
378,1000,6.2,0x6e7897cf3dc5c8d7349ed63d68b0fcc34435ca8f,2017-10-02T22:32:46.000Z,0.0062,0xb006296f773f25dde04aeb79ce6ac703247ada9a,buy,0xb8c77482e45f1f44de1745f52c74426c631bdd52,0x058076c351ab22e15949e62b7cb510a0ca124aad527f87d0059b836d5c921907
379,350.77476217336414,2.139726049257521,0x6e7897cf3dc5c8d7349ed63d68b0fcc34435ca8f,2017-10-02T22:32:46.000Z,0.0061,0xb006296f773f25dde04aeb79ce6ac703247ada9a,buy,0xb8c77482e45f1f44de1745f52c74426c631bdd52,0x3ec3e4636f138c92dcc6f7d0727701add2b44d64f7a5c3620343545512eafd68
380,0.000162922739556885,0.000000993828711297,0xb0b590dc97a6b701a7dc8355600bc42fa7cbeed7,2017-10-02T22:21:29.000Z,0.006100000000000009,0xb006296f773f25dde04aeb79ce6ac703247ada9a,buy,0xb8c77482e45f1f44de1745f52c74426c631bdd52,0xb360cff75aeda6df21844981565ccc748b4049a6db526e5a0dd4d5520cf7d2e9
