,amount,amountBase,buyer,date,price,seller,side,tokenAddr,txHash
0,646.7500000000001,0.35249168500000005,0x0c92f6d870d7e15b78d7785b3404ac1747c26933,2017-11-02T14:40:52.000Z,0.00054502,0x9c17e14768936a8f17f5ffa343e825ad2da745da,sell,0x0d8775f648430679a709e98d2b0cb6250d2887ef,0xcaba0799ac638fb6cc8db15297903592fff111aeca1730703ae6d2c40d0af822
1,1.3223008673113348,0.000604422404147143,0x65a83820d3a8cd3c72e1b7f8b9e95c1571f0b062,2017-11-02T13:23:01.000Z,0.00045709899999999933,0xf63473fc91c01a809d3915f626dde9f17366ed52,sell,0x0d8775f648430679a709e98d2b0cb6250d2887ef,0xeda401fec22892de261419b227c132b9d38ce5538e25637d1055ad4eaf7491a4
2,451,0.206151649,0x65a83820d3a8cd3c72e1b7f8b9e95c1571f0b062,2017-11-02T13:20:55.000Z,0.000457099,0xf63473fc91c01a809d3915f626dde9f17366ed52,sell,0x0d8775f648430679a709e98d2b0cb6250d2887ef,0x617c13ac11c84e09584e94270eff7d79051be83753146cd119f74f3da543258d
3,10.2,0.004998,0xaa9255389cb6bfa4b3048bfd6717afb82e265db9,2017-11-02T13:20:27.000Z,0.00049,0xf63473fc91c01a809d3915f626dde9f17366ed52,sell,0x0d8775f648430679a709e98d2b0cb6250d2887ef,0x4307a21b04c10b6a6a8293da9266b6c74905ce6cc7f6aabd0042b5e09667ab70
4,30,0.015,0x49d1331c827135e536bcf74888c698ccd5f2f551,2017-11-02T13:20:22.000Z,0.0005,0xf63473fc91c01a809d3915f626dde9f17366ed52,sell,0x0d8775f648430679a709e98d2b0cb6250d2887ef,0x2a6f3b70a5918fb2e1a8fe0de1108b37e0006533e41a430c71446edd6cd85a8d
5,5.999999999999999,0.003272459999999999,0x75c4ee57efc9aa3d939fd41f7c3ad59c649ec9f7,2017-11-02T10:05:51.000Z,0.0005454099999999999,0x9c17e14768936a8f17f5ffa343e825ad2da745da,buy,0x0d8775f648430679a709e98d2b0cb6250d2887ef,0xd14fb7a394ee6edc5d7c93b257ddcd73a8c5c2c4835b4601189eefe06b0b8ac7
6,0.9140784535255092,0.0005,0x3075f7f189912f4f425dd7021b9c396434197477,2017-11-02T07:21:44.000Z,0.000546999,0xed7f4d43a68a1353004159aa48fcf79e23b5b75f,buy,0x0d8775f648430679a709e98d2b0cb6250d2887ef,0x78d3d03b3f6f1f5ea1640f50e2c21878e4504f8c230ba3aaf738d0b3d60448f6
7,0.9140784535255092,0.0005,0x4fda9e6bcd83af6c5cc771b5d20accc2b7720074,2017-11-02T07:18:46.000Z,0.000546999,0xed7f4d43a68a1353004159aa48fcf79e23b5b75f,buy,0x0d8775f648430679a709e98d2b0cb6250d2887ef,0xb56e807c2f8b536fb66bb715090390b6b423977335955c37db6f7e4696cd7401
8,159.8,0.0784618,0x6b93e311d43738b2ad45ad6f161c0bf1be4be35b,2017-11-02T04:24:45.000Z,0.000491,0x8fd2515a5b29e61220ee080d484d1f2ea4c46e6b,sell,0x0d8775f648430679a709e98d2b0cb6250d2887ef,0xba0facf3a48ce8cb144bd66383455b85b570293c3f75e16c484acb3005a94390
9,300,0.145746,0xec10d0305eb34843a73c71e821ab8ed0a580d34d,2017-11-02T04:21:35.000Z,0.00048582,0x8fd2515a5b29e61220ee080d484d1f2ea4c46e6b,sell,0x0d8775f648430679a709e98d2b0cb6250d2887ef,0xb74b4389846256c7ed6817144910131bf451da03c11845de5c97418eafdf1580
10,500,0.2425,0x24802cf659a5974b00989575b23532ab696f2df8,2017-11-02T04:21:33.000Z,0.000485,0x8fd2515a5b29e61220ee080d484d1f2ea4c46e6b,sell,0x0d8775f648430679a709e98d2b0cb6250d2887ef,0xf06285bc76211505f53c9bfde29bee663fec2cd6b60a22f92fdbec590e368605
11,856.737,0.419599796805,0xe00c7cb9781832336ab18c2b24ed5629defe1f46,2017-11-02T04:07:28.000Z,0.000489765,0x8fd2515a5b29e61220ee080d484d1f2ea4c46e6b,sell,0x0d8775f648430679a709e98d2b0cb6250d2887ef,0x3bbf297510ac1ee647fb7439567fba268e08f47cf05a619ee06ad3310cc4a361
12,0.2,0.0000982,0x6b93e311d43738b2ad45ad6f161c0bf1be4be35b,2017-11-02T03:51:59.000Z,0.000491,0x407060a3e4d99b2fe851b90d72578e7aeeab7f4d,sell,0x0d8775f648430679a709e98d2b0cb6250d2887ef,0xce0347f8902dfec47a761f2cd43902a109f258fe68502ec59a654ca8cf967cae
13,145,0.071195,0x6b93e311d43738b2ad45ad6f161c0bf1be4be35b,2017-11-02T03:49:59.000Z,0.000491,0x407060a3e4d99b2fe851b90d72578e7aeeab7f4d,sell,0x0d8775f648430679a709e98d2b0cb6250d2887ef,0xeca9b9b684650981d980931ad138d8621953743eaebe6fb82bd94022fce5904f
14,10.049999999999935,0.004934549999999967,0xaa9255389cb6bfa4b3048bfd6717afb82e265db9,2017-11-02T03:48:40.000Z,0.0004909999999999999,0x407060a3e4d99b2fe851b90d72578e7aeeab7f4d,sell,0x0d8775f648430679a709e98d2b0cb6250d2887ef,0x0688b6768a0f7c95b194143ea2450374eee8b46ac5ee55f94566f0eca35b7544
15,5.249999999999934,0.002677499999999966,0xba0514c54ca395ded28a055d3d973f3c11d3f7b9,2017-11-02T03:46:43.000Z,0.0005099999999999999,0x407060a3e4d99b2fe851b90d72578e7aeeab7f4d,sell,0x0d8775f648430679a709e98d2b0cb6250d2887ef,0x2476f37072d60a90eeed25fa1e68db113cbfd685036757ddb78697c803b0e9e5
16,8.45100322385609,0.004310011644166605,0xaa9255389cb6bfa4b3048bfd6717afb82e265db9,2017-11-02T03:42:31.000Z,0.0005099999999999999,0x407060a3e4d99b2fe851b90d72578e7aeeab7f4d,sell,0x0d8775f648430679a709e98d2b0cb6250d2887ef,0x57aac47437c67fdf6ef7c025b20facf21d68c40c6c14bed4946545efd62353b5
17,1691.5000000000002,0.8306956500000001,0xe2b567279c9ce0efd760dfb38190f23eb4c732b8,2017-11-02T02:02:07.000Z,0.0004911,0x9c17e14768936a8f17f5ffa343e825ad2da745da,sell,0x0d8775f648430679a709e98d2b0cb6250d2887ef,0x12257d9d71af0c190d70fe4b0b4f5741c88c6d69b4e8c580441c1b1c93972fec
18,2029.8,0.994602,0xaa9255389cb6bfa4b3048bfd6717afb82e265db9,2017-11-02T02:01:31.000Z,0.00049,0x9c17e14768936a8f17f5ffa343e825ad2da745da,sell,0x0d8775f648430679a709e98d2b0cb6250d2887ef,0x1716b5a8f6dbfb2f80f500eec1caae6f382bf1c99fe702250dd9ce0626b9a371
19,10,0.0054553,0xbe81618cf71d920f06f37feb0afd41912d9a2e1c,2017-11-02T01:07:49.000Z,0.00054553,0x9c17e14768936a8f17f5ffa343e825ad2da745da,buy,0x0d8775f648430679a709e98d2b0cb6250d2887ef,0x90a6c3fe3b07e406d66d429b4729bd8b326a50ef2e03507c3aa23ab0eded0975
20,1999.95,0.9819754500000001,0xaa9255389cb6bfa4b3048bfd6717afb82e265db9,2017-11-01T23:40:13.000Z,0.000491,0x9c17e14768936a8f17f5ffa343e825ad2da745da,sell,0x0d8775f648430679a709e98d2b0cb6250d2887ef,0xcab4d054554aaa00d17da0cb297fc65e1dceb141bff10ad82bfe781ceb4a4c8b
21,1044.75,0.5328225000000001,0xba0514c54ca395ded28a055d3d973f3c11d3f7b9,2017-11-01T23:35:38.000Z,0.00051,0x9c17e14768936a8f17f5ffa343e825ad2da745da,sell,0x0d8775f648430679a709e98d2b0cb6250d2887ef,0xf8a94fdaab7dd90806ba16edde4dcd8fcd032f5aa0c4e5d6f8e788415c2a96c1
22,497.5,0.253725,0x1ac4a9ac7517b725b9fe1fa8323e0c15eda42fa1,2017-11-01T23:24:12.000Z,0.00051,0x9c17e14768936a8f17f5ffa343e825ad2da745da,sell,0x0d8775f648430679a709e98d2b0cb6250d2887ef,0x51c1744a5ecf7fae4fcba52ce97bd7bee8e39ef46a2258b6dddf6057b99156fd
23,1681.7496415473531,0.8576923171891501,0xaa9255389cb6bfa4b3048bfd6717afb82e265db9,2017-11-01T20:15:18.000Z,0.00051,0x9c17e14768936a8f17f5ffa343e825ad2da745da,sell,0x0d8775f648430679a709e98d2b0cb6250d2887ef,0xe3f7d27bdd383ab05d19e1717f19cdb3823319b932641b00d26f8a00e1e42669
24,200,0.119998,0x2f749b907f339db981ffdad684bb8d3c33ff64c9,2017-11-01T17:09:51.000Z,0.00059999,0xbcc1c1f54c50e021e7d8edd1d29048d980990ce2,buy,0x0d8775f648430679a709e98d2b0cb6250d2887ef,0x1618b7ac06aa49e32b7d45d7628381fd230984438cee45c0643b665baf42bfb6
25,553.8519891966288,0.29907287409032,0x8510b2489aa170c6aaf4b0c327c39490ce65bdeb,2017-11-01T16:33:07.000Z,0.000539987,0xe00c7cb9781832336ab18c2b24ed5629defe1f46,buy,0x0d8775f648430679a709e98d2b0cb6250d2887ef,0xba2cba9e0b53c8e8b08cdd8e46c708ce1ec3f6c7884cb4be83d152f39f9af911
26,139,0.07089,0xaa9255389cb6bfa4b3048bfd6717afb82e265db9,2017-11-01T16:18:33.000Z,0.00051,0x73dc6c4444f4c62296df81a0ed372680b3ff2c6c,sell,0x0d8775f648430679a709e98d2b0cb6250d2887ef,0x085d96fa1cadad5203bcbb29884f465258fbf60064ff9ca81cd573b7fecd5913
27,130.79935522879074,0.06670767116668327,0xaa9255389cb6bfa4b3048bfd6717afb82e265db9,2017-11-01T15:04:20.000Z,0.00051,0x4e5f1d0d1c3e26ebbd4ff5e4c41a87c84e944c8f,sell,0x0d8775f648430679a709e98d2b0cb6250d2887ef,0x589879ce823b1ef7dbe40831ac8e3e67ee850b525e83a5e0a72cd99a1bd8c0af
28,10,0.00539987,0x542f9a56345aef94a0658b2d235fbc737c944622,2017-11-01T12:48:28.000Z,0.000539987,0xe00c7cb9781832336ab18c2b24ed5629defe1f46,buy,0x0d8775f648430679a709e98d2b0cb6250d2887ef,0xf20416ea3a9d6bf743465efe4f470bd6f3ae3fe4f58ff4fe9f92adc8c2395582
29,215,0.116097205,0x204509343c1976e7417dacc022a924de1ef0c495,2017-11-01T11:01:26.000Z,0.000539987,0xe00c7cb9781832336ab18c2b24ed5629defe1f46,buy,0x0d8775f648430679a709e98d2b0cb6250d2887ef,0x9bc780d6349437e9cb545a4f27642d797866f7752b8126e4e201f0c2ef45f8fb
30,1911,0.99996897,0x120c322c0b1477a5c2eeb6f9f06d2c98797f485f,2017-11-01T10:05:34.000Z,0.00052327,0xaa9255389cb6bfa4b3048bfd6717afb82e265db9,buy,0x0d8775f648430679a709e98d2b0cb6250d2887ef,0x1eb947d393a0c325598f2cd56dc884928a37f13c84ba4a48e5f20b5eed3c8fa3
31,6517.786,3.38924872,0x66cfebea3edac3a34881981b2c6ec41931e72d56,2017-11-01T10:05:34.000Z,0.00052,0x64e932ba77b0f642aca0e57b79d90a7db81a5f80,sell,0x0d8775f648430679a709e98d2b0cb6250d2887ef,0x32bad45169fae2fb107a474730cd4dad720f0b9bbd53cc599241d855a2f892cd
32,982.2138574143391,0.5107512058554563,0x66cfebea3edac3a34881981b2c6ec41931e72d56,2017-11-01T09:31:21.000Z,0.00052,0xba731793fe7ff79f04b01bfdcdca930684d005a8,sell,0x0d8775f648430679a709e98d2b0cb6250d2887ef,0xff93f54210f3c1a6da24504c1d54194704f387afc54b7a678611bd0455c07874
33,1011.711,0.527101431,0xe1de619ffb664bf8c4668de164e4ba170607c7d1,2017-11-01T09:05:08.000Z,0.000521,0xba731793fe7ff79f04b01bfdcdca930684d005a8,sell,0x0d8775f648430679a709e98d2b0cb6250d2887ef,0xaf0d3e8d7747723a7b626f7911fb139c04933f7be3e8be4be499cf1182045dfb
34,1835.3603900682285,0.956222763225547,0xe1de619ffb664bf8c4668de164e4ba170607c7d1,2017-11-01T08:58:50.000Z,0.000521,0x6bad391397f5f6047d3b6752576ee1a4ae3d2927,sell,0x0d8775f648430679a709e98d2b0cb6250d2887ef,0xdfa5a565924b84e03d0b9e127922d524cea109005c381dc93411ea62388b3f53
35,990.9281228192602,0.5162735519888346,0xe1de619ffb664bf8c4668de164e4ba170607c7d1,2017-11-01T08:51:29.000Z,0.000521,0x9c0355bf04baf8d2268e13dcc94fade7c037bfac,sell,0x0d8775f648430679a709e98d2b0cb6250d2887ef,0x11ff90b666f76b7df4166a49bb496d50bcaf1865287513ff79ebf564255c6091
36,1851.85,0.999813815,0xba5812dcaef758a856895bd0647d6d9f906b59c5,2017-11-01T03:27:23.000Z,0.0005399,0xaa9255389cb6bfa4b3048bfd6717afb82e265db9,buy,0x0d8775f648430679a709e98d2b0cb6250d2887ef,0xd92c201254366a6184c1a783a318ebcad27f334ac013d0d20771dfde06c82f2c
37,1177.815,0.634135596,0xba5812dcaef758a856895bd0647d6d9f906b59c5,2017-11-01T03:27:08.000Z,0.0005384,0x953d1111662196af36e9d387c0f909e14111fa76,buy,0x0d8775f648430679a709e98d2b0cb6250d2887ef,0x7abc4b44252582f0198a4bd07a55fe83878bbbc0d7eb6b45ddf68e934ff033ff
38,50,0.025,0x244beb883da53d9f6169762af296e944aba5bb84,2017-11-01T02:17:39.000Z,0.0005,0x993297f85da44df0256721eb98f191f37be2847c,sell,0x0d8775f648430679a709e98d2b0cb6250d2887ef,0x1f661e1c96daeab4949d47011667dc009b35dd3efd3bd14147e66a5b312225b7
39,822.1849390007795,0.4426643711580197,0xc50eb860a76619e3a6e6efa1fba968a4de8d38da,2017-11-01T01:45:43.000Z,0.0005384,0x953d1111662196af36e9d387c0f909e14111fa76,buy,0x0d8775f648430679a709e98d2b0cb6250d2887ef,0xfb85765be403a46fc02b1d85d32a9ea9f8f2717e87985797e4afb2fc57228ce9
40,180,0.09691920000000001,0xfb7858848a36b952db6af95d61742bfa47d6c154,2017-10-31T20:35:06.000Z,0.0005384400000000001,0x9c17e14768936a8f17f5ffa343e825ad2da745da,buy,0x0d8775f648430679a709e98d2b0cb6250d2887ef,0x2b46f87621bbf4fb0f039c39dbd41d9a4025c86e64e1739105e2caed6b38c2e3
41,192.5387997208653,0.09182772228967201,0xed7f4d43a68a1353004159aa48fcf79e23b5b75f,2017-10-31T20:17:00.000Z,0.000476931,0xdd77f29674ffef7e37f96b9b09923909e6efefc0,sell,0x0d8775f648430679a709e98d2b0cb6250d2887ef,0x5568cc3e72d0c847e22f4c5a99b4f5f95612436de0b319ece5eb5f3faadff40c
42,169.47462865118135,0.08050078755856843,0x407060a3e4d99b2fe851b90d72578e7aeeab7f4d,2017-10-31T19:36:30.000Z,0.000475002,0xe1244410d56fa32f6f1cf43dbe13c351c4c7157f,sell,0x0d8775f648430679a709e98d2b0cb6250d2887ef,0xc0897b9a436b70858cec76c5ec6639f3b133dcbe7003912b6475c3efef512b5f
43,0.08597766365932259,0.000039549725283288,0xfbf7dc0756a9768d0c71aea5f8421f3b1eaee7d1,2017-10-31T09:50:50.000Z,0.0004599999999999954,0x009a12d4290630bc01fd82516ac57c1dc6a9bcfb,sell,0x0d8775f648430679a709e98d2b0cb6250d2887ef,0xa2aae3a00ac193377093663cdd055f43ece456081ba68ffb5aa62371fa66e316
44,586.1702166295491,0.2674342996350655,0x9c17e14768936a8f17f5ffa343e825ad2da745da,2017-10-31T08:50:37.000Z,0.00045624,0x11b40b05677e60a976a05861f4c8ca38e9ab86bb,sell,0x0d8775f648430679a709e98d2b0cb6250d2887ef,0xd50c00df7a8dc6e756098b35823347cef289f45011f5c79be445e3b9ce67d3df
45,19.948135453853492,0.009026531292868706,0xec10d0305eb34843a73c71e821ab8ed0a580d34d,2017-10-31T06:00:45.000Z,0.0004525,0xfbf7dc0756a9768d0c71aea5f8421f3b1eaee7d1,sell,0x0d8775f648430679a709e98d2b0cb6250d2887ef,0x15fbd6fc9f67c93169d197ea7d9e55e8d70306bfa44c3097b6557d533e1f5c23
46,1000,0.55,0x3ec6732676db7996c1b34e64b0503f941025cb63,2017-10-31T05:34:25.000Z,0.00055,0x92ae5e30f0ca105f870173e59575cc5200c12702,buy,0x0d8775f648430679a709e98d2b0cb6250d2887ef,0x088120e2a444eda84f817b543293b2f378c1add3b1dca83f0fff5c0e398650de
47,2046.9571119000234,1.041899123,0x73b7424a32b34806f9ba10129843ce9cc3069397,2017-10-31T05:31:39.000Z,0.000508999,0xed7f4d43a68a1353004159aa48fcf79e23b5b75f,buy,0x0d8775f648430679a709e98d2b0cb6250d2887ef,0x6c3442efce65972a6b9da3d6cd516023accfa22e35d9d36b87d4fe27154f13af
48,3870.55,1.97010995,0x9c17e14768936a8f17f5ffa343e825ad2da745da,2017-10-31T05:29:39.000Z,0.000509,0xfbf7dc0756a9768d0c71aea5f8421f3b1eaee7d1,buy,0x0d8775f648430679a709e98d2b0cb6250d2887ef,0xed87c788be3bdf3459a7742f7c87101f23062d594a23bae0514e4ce11478b834
49,4,0.00223996,0x8a1fd9c947b6fed951142719249441008eec8087,2017-10-31T04:31:30.000Z,0.00055999,0x00a6ae3dc7e5af897322e62923124d13a6336168,buy,0x0d8775f648430679a709e98d2b0cb6250d2887ef,0xf2948bee5435cc0a8bd2c23b9ffca00bd01cae8a89d5984d37847901afaf29d6
50,0.7912769627624,0.000358052825649986,0xec10d0305eb34843a73c71e821ab8ed0a580d34d,2017-10-31T03:51:01.000Z,0.0004525,0xe444a40689f51f63bcd29910622035707d533d29,sell,0x0d8775f648430679a709e98d2b0cb6250d2887ef,0x7c525e7acd1575f356f87c27b52432e6fcbdd6569ab8909899ea185e05c7e36d
51,3,0.00167997,0x8a1fd9c947b6fed951142719249441008eec8087,2017-10-31T03:37:41.000Z,0.00055999,0x00a6ae3dc7e5af897322e62923124d13a6336168,buy,0x0d8775f648430679a709e98d2b0cb6250d2887ef,0xd5b338d27678937e1749103d828080c35fb3c664348c797a9f751ac23d1ebb43
52,1450.5501806812536,0.6583902215094142,0x9c17e14768936a8f17f5ffa343e825ad2da745da,2017-10-31T02:36:01.000Z,0.00045389000000000003,0x82c3052555814b8949e4cf86ed5117d1fff52145,sell,0x0d8775f648430679a709e98d2b0cb6250d2887ef,0xe635c1eb7992f43ed62480e9520cf7638bb449445d9417c7c6aa6d125cd4bcd7
53,1111,0.5056161,0xcf5fc15d82a33845f6acdc6068b8dab269c56c7e,2017-10-31T02:35:27.000Z,0.0004551,0x82c3052555814b8949e4cf86ed5117d1fff52145,sell,0x0d8775f648430679a709e98d2b0cb6250d2887ef,0xb7ddd0e9830dd318961bf3d76b0d8576166c9aec0b8e98a3beaba53adfac2969
54,2500,1.1377525,0x3dee4a4e076e8d82859d241db0baf46f112cfa23,2017-10-31T02:33:36.000Z,0.000455101,0x82c3052555814b8949e4cf86ed5117d1fff52145,sell,0x0d8775f648430679a709e98d2b0cb6250d2887ef,0xb41e18e7431cb2fecd56d18b4de4ed25f4eabd5f1f2ec1e29f2af88640b2e867
55,1607.7554463678864,0.7397298725517565,0x953d1111662196af36e9d387c0f909e14111fa76,2017-10-31T02:32:23.000Z,0.00046010098999999996,0x82c3052555814b8949e4cf86ed5117d1fff52145,sell,0x0d8775f648430679a709e98d2b0cb6250d2887ef,0xff1eedd0e5198d8f9e455d844d26e83ccfb1a8df36dc48ab4e9cf387659bfccb
56,392.24455363211354,0.18047210744824355,0x953d1111662196af36e9d387c0f909e14111fa76,2017-10-31T02:23:34.000Z,0.00046010098999999996,0x0265afc497b9dfc5a9648d66322e19b9edcd0faa,sell,0x0d8775f648430679a709e98d2b0cb6250d2887ef,0xae14cee794ae5e42e5e6c3da89cba37a7fc48c042e45c7940aa2196e84df6849
57,5.622620390455531,0.002592027999999999,0x2d447c59189389921aa7fa6bb74c3a12c70cc26c,2017-10-31T02:22:18.000Z,0.0004609999999999998,0x0265afc497b9dfc5a9648d66322e19b9edcd0faa,sell,0x0d8775f648430679a709e98d2b0cb6250d2887ef,0x8ff55e46c1d615acfa0eff62540e8f347dfc98327b429707b4de1e7975540691
58,300,0.1395,0x5744b2b124963c28bf830e859559120d81440674,2017-10-31T02:20:54.000Z,0.000465,0x0265afc497b9dfc5a9648d66322e19b9edcd0faa,sell,0x0d8775f648430679a709e98d2b0cb6250d2887ef,0x3630d7fffb3b781aaba5d0c9c53c5ddc9903d14e54731178f3e67f10869fb3ac
59,0.01,0.00000509999,0x0c4085d8e714ca77ac5f46cd2b80a92d238a7cd3,2017-10-30T21:53:35.000Z,0.000509999,0xed7f4d43a68a1353004159aa48fcf79e23b5b75f,buy,0x0d8775f648430679a709e98d2b0cb6250d2887ef,0x35dab3361ee443f209d2de43f0b4669b4588bc9ab355d4e8774e72ebd4afb07c
60,100,0.05093400000000001,0x0cc8697f4fdb1a46a7ea00b48a4c279c55a1d83c,2017-10-30T19:55:30.000Z,0.00050934,0x9c17e14768936a8f17f5ffa343e825ad2da745da,buy,0x0d8775f648430679a709e98d2b0cb6250d2887ef,0x84b4c71f08e5c32d082150c893c5dadca9b73dbede45de88c6ebb4e1132dc31d
61,0.0764483853418971,0.000034401773403853,0xbe4736749ef1e1c1e686bb161fb17cdd4aea563e,2017-10-30T17:20:30.000Z,0.0004499999999999909,0x527e6009e17c7e85ca8c3912accd8f0e12b89e2b,sell,0x0d8775f648430679a709e98d2b0cb6250d2887ef,0xbf5ecd0b52cb58f79e4182974fe4a524440329625f328acb68ba69bbc93c3db7
62,119.67369747359682,0.05672533260248489,0xd483b1ded6cfcba80640dff843ac07b391f90005,2017-10-30T10:57:03.000Z,0.000474,0x01c05bf83d6fa609939821ab2b2d9267bd2f2273,sell,0x0d8775f648430679a709e98d2b0cb6250d2887ef,0x6403b97123eda8dd34fd9a94a1dd50983571582ca7fb4e92bec8d7862c74757e
63,145.834,0.07000032,0x45bf821edd049a39549c2637eab76832d8cb4f96,2017-10-30T10:46:50.000Z,0.00048,0x01c05bf83d6fa609939821ab2b2d9267bd2f2273,sell,0x0d8775f648430679a709e98d2b0cb6250d2887ef,0xdbe26d44f97b1a08215c377109e10c42f997188cf3f84c4886f9db0139e7c890
64,0.1659678327648079,0.000079664559727107,0x45bf821edd049a39549c2637eab76832d8cb4f96,2017-10-30T09:09:50.000Z,0.00047999999999999524,0xf5d87d1c0967c3d4770b0031aca5a5e15dc07fcf,sell,0x0d8775f648430679a709e98d2b0cb6250d2887ef,0x59b840cc6714548d4afb53953a1eabe0fab1ccf8d9e4dabd90b5690fb10eb362
65,354,0.16992,0x45bf821edd049a39549c2637eab76832d8cb4f96,2017-10-30T08:41:33.000Z,0.00048,0x01c05bf83d6fa609939821ab2b2d9267bd2f2273,sell,0x0d8775f648430679a709e98d2b0cb6250d2887ef,0xdc13cd29e1c946cebad04e04b53fea36b620bff7e7dd31650c3bbafaed4859e0
66,626,0.300481252,0x9ed225800f748aa8e06e03eccb927315a3f6438f,2017-10-30T08:39:18.000Z,0.000480002,0x01c05bf83d6fa609939821ab2b2d9267bd2f2273,sell,0x0d8775f648430679a709e98d2b0cb6250d2887ef,0xc2b97d5353d6754fea738d6d506cf68b272526ce3e0c565a558d4e4c9e27f0f1
67,5047.640300294806,2.4228774394221078,0x9ed225800f748aa8e06e03eccb927315a3f6438f,2017-10-30T08:08:03.000Z,0.000480002,0x9c17e14768936a8f17f5ffa343e825ad2da745da,sell,0x0d8775f648430679a709e98d2b0cb6250d2887ef,0xc9b98548734d30f7556fe274a5a7bbbb8e912bcec43ebf4eb595ce5da97096ce
68,326.0483298941683,0.15650385044586057,0x9ed225800f748aa8e06e03eccb927315a3f6438f,2017-10-30T06:15:20.000Z,0.000480002,0xd19f8bf2721b31b0f4f20c80f5a59c0bd5f23262,sell,0x0d8775f648430679a709e98d2b0cb6250d2887ef,0xde63753622e51c96c692b6796f55d7c96093d8d265f57bd1f358e5c06487c5a0
69,29,0.0145,0x70816a5e4b9cb9a10d9f931c61cd6827c2bf05be,2017-10-30T06:12:27.000Z,0.0005,0xd19f8bf2721b31b0f4f20c80f5a59c0bd5f23262,sell,0x0d8775f648430679a709e98d2b0cb6250d2887ef,0xd427d79040560066726dfdf66eee86c7b4f210c30bec6b51cbfbd1eee3f24cf0
70,298.3058361081686,0.1491529180540843,0xa3c55cdef38319e613f7b0593b224448944a9b1d,2017-10-30T06:12:27.000Z,0.0005,0xd19f8bf2721b31b0f4f20c80f5a59c0bd5f23262,sell,0x0d8775f648430679a709e98d2b0cb6250d2887ef,0xe40a6fe169cc1a179fba65a04769097fc205841e05c3737262606662b5f28e96
71,0.8492410332885,0.00042462051664425,0xa3c55cdef38319e613f7b0593b224448944a9b1d,2017-10-30T01:57:03.000Z,0.0005,0x379374d13077e8867ef31803c37baf9785a17c00,sell,0x0d8775f648430679a709e98d2b0cb6250d2887ef,0x6051b4a98f040bf6edba90f3bb6da8c0ec7b606b98b8b46717d892ed3d69e532
72,0.8449228585429,0.00042246142927145,0xa3c55cdef38319e613f7b0593b224448944a9b1d,2017-10-30T01:56:07.000Z,0.0005,0x16e5d97bbc92417e051e3b2cabfbf8ceea2acb9c,sell,0x0d8775f648430679a709e98d2b0cb6250d2887ef,0xf108855d21fa0e0cf8de8a979adf00b1e374d5f2dc224a7e16f20808e91e5bda
73,459.1067828685784,0.30025583599605027,0x3e09a7ce2ae8a86f784beb0cd2734bed359a7b2d,2017-10-30T00:12:44.000Z,0.000654,0x6b9fa468597e3edbcab7ecbefb0888a51020938e,buy,0x0d8775f648430679a709e98d2b0cb6250d2887ef,0x42eb5abf468f392f36319bdd4da462c275d70ac6ec4dbc1a223aa777afe867da
74,50,0.0309455,0x3e09a7ce2ae8a86f784beb0cd2734bed359a7b2d,2017-10-29T23:58:59.000Z,0.00061891,0x487900cb95d2aaa302ae2646d24812845bae68a6,buy,0x0d8775f648430679a709e98d2b0cb6250d2887ef,0xc07335652119e0a9050fb557de607c32d087f768042383a4416c46231433fc51
75,50,0.0308265,0x2ee07a3fe3f0abefdc1687bd3e6af278c9a29d8f,2017-10-29T23:58:59.000Z,0.00061653,0xfbf7dc0756a9768d0c71aea5f8421f3b1eaee7d1,sell,0x0d8775f648430679a709e98d2b0cb6250d2887ef,0xad713d38a6f7f3a66730c25d7c1261f0706502fa6d68e16f857f594fe20f62cc
76,161.394,0.10087125,0x3e09a7ce2ae8a86f784beb0cd2734bed359a7b2d,2017-10-29T23:57:28.000Z,0.000625,0xa54ffa43d11698bc300d924781518b71dd10f0a8,buy,0x0d8775f648430679a709e98d2b0cb6250d2887ef,0xdb2a14d09a2ac21b347f21e8dd1a9bddb44a3b2d914c7aa6dc585fce274aa533
77,20,0.01236298,0xd63ebb436d57f9c931b0dca9bbe2d13c59e56523,2017-10-29T23:32:29.000Z,0.000618149,0xced732ca92cb4f040239c4e8c85f14acbb5db000,sell,0x0d8775f648430679a709e98d2b0cb6250d2887ef,0x54e2cae1c8d8e0d4ef874eb8aff54f9cd5a268f311fa02c0794216c8ad167e9f
78,350.178,0.17158722,0xba731793fe7ff79f04b01bfdcdca930684d005a8,2017-10-29T23:08:46.000Z,0.00049,0x01ac7aef192ee2637afa390c4fbcfc92a00604a6,sell,0x0d8775f648430679a709e98d2b0cb6250d2887ef,0xc4694142a14c4a97133338d0825886e57154e0d855a5cbcabf61fb81f1cd50b0
79,883.6217944372445,0.4329746792742498,0xba731793fe7ff79f04b01bfdcdca930684d005a8,2017-10-29T22:59:25.000Z,0.00049,0x6c723da0e2243be0d60a23801c00039b98ce35d6,sell,0x0d8775f648430679a709e98d2b0cb6250d2887ef,0x4d97fecf9369f069b2b081d61e82d8cbe4a31f9cb89afdb3718789b68bae41ba
80,2170.326,1.065630066,0xbcc1c1f54c50e021e7d8edd1d29048d980990ce2,2017-10-29T22:58:07.000Z,0.000491,0x6c723da0e2243be0d60a23801c00039b98ce35d6,sell,0x0d8775f648430679a709e98d2b0cb6250d2887ef,0x38922f73d47ecb15621c5c441f2c5a4ae934dfa840103ccb679633dab7288c61
81,5,0.00308255,0x477ebc76482312877ea4727163b883d481bbf4fd,2017-10-29T22:54:49.000Z,0.00061651,0x6c723da0e2243be0d60a23801c00039b98ce35d6,sell,0x0d8775f648430679a709e98d2b0cb6250d2887ef,0xfd74a76e791184f17039854fda1abb012b70d1a5306d6c78a66c07ebd5176308
82,29,0.01794839,0x6043c7d69e7ef49022dff3b41c84cfc996a03c39,2017-10-29T22:50:38.000Z,0.00061891,0x6c723da0e2243be0d60a23801c00039b98ce35d6,sell,0x0d8775f648430679a709e98d2b0cb6250d2887ef,0xbaebb9a9f56d7baf8b15e8fc6a3d1594cce6e183d733a0c3e16acb70f6c5fbc5
83,800,0.39912,0x3db250eecaa20afe1ab464e2583fda663f764729,2017-10-29T22:50:38.000Z,0.0004989,0x6c723da0e2243be0d60a23801c00039b98ce35d6,sell,0x0d8775f648430679a709e98d2b0cb6250d2887ef,0x69c0a52edf25893c621aad61175b1b224f263334697f52e8694c6e196f43c1c6
84,100,0.061651,0x477ebc76482312877ea4727163b883d481bbf4fd,2017-10-29T22:50:38.000Z,0.00061651,0x6c723da0e2243be0d60a23801c00039b98ce35d6,sell,0x0d8775f648430679a709e98d2b0cb6250d2887ef,0x8252abe85030791048d107b7ace18975ecbc979fa2ba74038500671b37d14534
85,995,0.61342745,0x477ebc76482312877ea4727163b883d481bbf4fd,2017-10-29T22:36:39.000Z,0.00061651,0x9c17e14768936a8f17f5ffa343e825ad2da745da,sell,0x0d8775f648430679a709e98d2b0cb6250d2887ef,0x17ba06d955dd34984ba6d823ade4c4e2035ccf9a5399c3df8e843bd466fc3b06
86,2049.9064046308,1.0065040446737228,0xbcc1c1f54c50e021e7d8edd1d29048d980990ce2,2017-10-29T20:16:47.000Z,0.000491,0x9c17e14768936a8f17f5ffa343e825ad2da745da,sell,0x0d8775f648430679a709e98d2b0cb6250d2887ef,0x6a71edfea0de625b3e0590d43e86ee5687066322e17acf184183a39a45b0a1ac
87,567.9184527963314,0.2788479603229987,0xbcc1c1f54c50e021e7d8edd1d29048d980990ce2,2017-10-29T18:40:37.000Z,0.000491,0xb00548770ea87482f024cd4292a975fea72e8f01,sell,0x0d8775f648430679a709e98d2b0cb6250d2887ef,0x8d4b1e32efa0abfa3c907a5a88583a7d1f1fa0c1f8d0d70d2cf6adcd8959f799
88,89.75391719752369,0.055826936496859735,0x2bec82ce6d156b28989d25fccaaea1df5f3e0d16,2017-10-29T18:34:03.000Z,0.000622,0xfbf7dc0756a9768d0c71aea5f8421f3b1eaee7d1,buy,0x0d8775f648430679a709e98d2b0cb6250d2887ef,0xdde5157877b1bc0e94ebe0bc1cca2ad9d38735d61bbb8c657ac468c323cc774f
89,211.8490732458193,0.10401789496369729,0xbcc1c1f54c50e021e7d8edd1d29048d980990ce2,2017-10-29T18:03:24.000Z,0.000491,0xa5684e7c4c9880ccd020c31e45b2c4e202d901c0,sell,0x0d8775f648430679a709e98d2b0cb6250d2887ef,0x24d660db15c1718caa3d01091e4b721a14d11feaecb14122fc6a4e584039c5c6
90,16.999,0.0084995,0xcb19092904c0c4d82ccd5c34a34c238ec6fa716c,2017-10-29T18:00:41.000Z,0.0005,0xa5684e7c4c9880ccd020c31e45b2c4e202d901c0,sell,0x0d8775f648430679a709e98d2b0cb6250d2887ef,0x0e97cc213d9f6c807b5ed3e5f1c640d518d055bd257a6dd7937b331f41c2d0a1
91,6.58,0.0033229,0x06958e21a8825d358cc6e84cde56cd8dcd8c4fd3,2017-10-29T17:55:42.000Z,0.000505,0xa5684e7c4c9880ccd020c31e45b2c4e202d901c0,sell,0x0d8775f648430679a709e98d2b0cb6250d2887ef,0x18c7db3e9e9c6892e6bb005d4a2e09e99053b4d16dc3d50563b7620ce9a29ff6
92,10,0.0052,0x92d3ed39d77c4a667d2a193dd9b946ac8fedf94f,2017-10-29T17:51:44.000Z,0.00052,0xa5684e7c4c9880ccd020c31e45b2c4e202d901c0,sell,0x0d8775f648430679a709e98d2b0cb6250d2887ef,0x88deff6dd4cb49fa3f499fad9e74a5ed8e22f3a4782f6b7a27404e32a1a0aca4
93,1309.4600581715586,0.6612773293766371,0x06958e21a8825d358cc6e84cde56cd8dcd8c4fd3,2017-10-29T16:57:03.000Z,0.000505,0x9c17e14768936a8f17f5ffa343e825ad2da745da,sell,0x0d8775f648430679a709e98d2b0cb6250d2887ef,0x5031b80748dff028b4138932f6b749942084f9f10d37712e85fd1d3f23e89145
94,3382.8010325748182,1.691400516287409,0xcb19092904c0c4d82ccd5c34a34c238ec6fa716c,2017-10-29T16:36:33.000Z,0.0005,0x9c17e14768936a8f17f5ffa343e825ad2da745da,sell,0x0d8775f648430679a709e98d2b0cb6250d2887ef,0x632852b899885cc23a8d04aa0d55d7db76f4647b0345c23743f3e22bfd4f2842
95,4683.959740531097,2.365399668968204,0x06958e21a8825d358cc6e84cde56cd8dcd8c4fd3,2017-10-29T16:16:50.000Z,0.000505,0x9c17e14768936a8f17f5ffa343e825ad2da745da,sell,0x0d8775f648430679a709e98d2b0cb6250d2887ef,0x73f9c76979c4e50f3b68a07317c39c9354c15a6e05334974ca9c579fa088c27d
96,55.869735789873076,0.03477220616090121,0xbaee98dcc2b13f925f51251a83e7ad0b7f3c9ad5,2017-10-29T15:53:49.000Z,0.00062238,0x9c17e14768936a8f17f5ffa343e825ad2da745da,buy,0x0d8775f648430679a709e98d2b0cb6250d2887ef,0xafc0ac995f17babf4c832741e9be84ab98ba7a2052ef90b9bbd3a5e5bd93cd61
97,200.19996726148938,0.1000999836307447,0xcb19092904c0c4d82ccd5c34a34c238ec6fa716c,2017-10-29T14:29:44.000Z,0.0005,0x4caff56c378decef5febedd1854cda5fff4d6c83,sell,0x0d8775f648430679a709e98d2b0cb6250d2887ef,0x04c596070bfdf168ba1f590180962e3205dd629af5da60bd5e0e79bf445568d8
98,37,0.02023493,0xdf537fe9b791ac57c4d5e94f6b2fa8d989d7f793,2017-10-29T10:49:30.000Z,0.00054689,0x9c17e14768936a8f17f5ffa343e825ad2da745da,buy,0x0d8775f648430679a709e98d2b0cb6250d2887ef,0xe48b992858d23c7653f5d14125d6bd1479f263454f9eec4792d4fd5c78aed052
99,193,0.10533746999999999,0x70d692072e72e1b4b26b01be1541cb46af42d8cb,2017-10-29T07:45:13.000Z,0.00054579,0x9c17e14768936a8f17f5ffa343e825ad2da745da,buy,0x0d8775f648430679a709e98d2b0cb6250d2887ef,0xd729f5c5045814b6d7edaa9cbcc07633b0428fe0f092f9616f250d67d37b83d6
100,627.967,0.312727566,0x70d692072e72e1b4b26b01be1541cb46af42d8cb,2017-10-29T07:44:16.000Z,0.000498,0x3a28875fe35bbbbd352dd43803a41944a57d70cc,buy,0x0d8775f648430679a709e98d2b0cb6250d2887ef,0x10c4195e527bfb0ae9656a4b19e5027ad160f8ade32954e9e5dfe2a0c981bab3
101,179.653,0.0951981247,0x70d692072e72e1b4b26b01be1541cb46af42d8cb,2017-10-29T07:44:16.000Z,0.0005299,0x61288825e371079a1e301037f2c1f18e59fb7c58,buy,0x0d8775f648430679a709e98d2b0cb6250d2887ef,0xab01f52b458fa05b67196646ad894692c40a6a07e5ed41b077616438db88a8ab
102,1037.7828730934104,0.5137025221812381,0xfbf7dc0756a9768d0c71aea5f8421f3b1eaee7d1,2017-10-29T05:29:36.000Z,0.000495,0x1ca9bd189db5ab9099a4b17a15cf3ac3da289c38,sell,0x0d8775f648430679a709e98d2b0cb6250d2887ef,0x3c4733a6758bdcf6bbea244af7f62a57016c9574119fb766fad59c31989d676c
103,492.6810187778737,0.24387710429504747,0xfbf7dc0756a9768d0c71aea5f8421f3b1eaee7d1,2017-10-29T05:23:20.000Z,0.000495,0x3dee4a4e076e8d82859d241db0baf46f112cfa23,sell,0x0d8775f648430679a709e98d2b0cb6250d2887ef,0x7c1822d99b03167dc1f89aad5b13bad9db510ca641772393549e4a037aebe65f
104,2000,0.990002,0xed7f4d43a68a1353004159aa48fcf79e23b5b75f,2017-10-29T05:22:56.000Z,0.000495001,0x3dee4a4e076e8d82859d241db0baf46f112cfa23,sell,0x0d8775f648430679a709e98d2b0cb6250d2887ef,0x99490c3ce0f09ea8f3950b9f1817f39fd84e7e29911d5698fce6471c930ae35f
105,25,0.014,0x2bec82ce6d156b28989d25fccaaea1df5f3e0d16,2017-10-29T05:19:09.000Z,0.00056,0x1ca9bd189db5ab9099a4b17a15cf3ac3da289c38,buy,0x0d8775f648430679a709e98d2b0cb6250d2887ef,0x2378ba5f739cc3be842368170c033d5407722dd1afe05cf73aca4f693eff991e
106,862.4419441666649,0.42700363097635746,0x2256c01a9c0e2de68cb7d27f7e39dc4e1c7d3783,2017-10-29T05:16:42.000Z,0.00049511,0x009a12d4290630bc01fd82516ac57c1dc6a9bcfb,sell,0x0d8775f648430679a709e98d2b0cb6250d2887ef,0x62b3e02e4374748ffefd251bf3e8ed25d9216cce80b1a94bc02dff95b87ccea9
107,2500,1.24,0xfbf7dc0756a9768d0c71aea5f8421f3b1eaee7d1,2017-10-29T05:16:18.000Z,0.000496,0x009a12d4290630bc01fd82516ac57c1dc6a9bcfb,sell,0x0d8775f648430679a709e98d2b0cb6250d2887ef,0x1f52ddd8cae4386ab08d33c6687902e570813c721ad0a2127f6ff1e606ec911e
108,2500,1.2400025,0x3dee4a4e076e8d82859d241db0baf46f112cfa23,2017-10-29T05:16:09.000Z,0.000496001,0x009a12d4290630bc01fd82516ac57c1dc6a9bcfb,sell,0x0d8775f648430679a709e98d2b0cb6250d2887ef,0x649a63f678e06952fcb0bcf8bacc2b981fe325a0ce7c68272ca56ebecf095d96
109,5880.115294049608,2.9112450820839606,0x009a12d4290630bc01fd82516ac57c1dc6a9bcfb,2017-10-29T05:09:23.000Z,0.0004950999999999999,0x9c17e14768936a8f17f5ffa343e825ad2da745da,sell,0x0d8775f648430679a709e98d2b0cb6250d2887ef,0x68a2790842687e53fc5d5a8bfab7029550ad722f5b01b509a69cd345ad2747cd
110,1664.823330463788,0.831029861867609,0x9c17e14768936a8f17f5ffa343e825ad2da745da,2017-10-29T02:57:29.000Z,0.00049917,0xf5d87d1c0967c3d4770b0031aca5a5e15dc07fcf,sell,0x0d8775f648430679a709e98d2b0cb6250d2887ef,0x96c54dab601edf1de9c782c31b568c7da3b9e904a6a542942be334c311ac0c81
111,350,0.1785,0x3e7dd7df9c1ffd12b8ecd94a27472bdc4d87ab7e,2017-10-29T02:54:54.000Z,0.00051,0xf5d87d1c0967c3d4770b0031aca5a5e15dc07fcf,sell,0x0d8775f648430679a709e98d2b0cb6250d2887ef,0xe3d7ca6e2b2474e8fc47012ee95615b483474841e421e975f155cfd13483f425
112,583.8879032918985,0.2919439516459493,0x07abae541d2bbe5e36e7f6d5fb52332e72609365,2017-10-29T02:54:54.000Z,0.0005,0xf5d87d1c0967c3d4770b0031aca5a5e15dc07fcf,sell,0x0d8775f648430679a709e98d2b0cb6250d2887ef,0xe19d2e9793e8f09960a26ab3c654c8823a9aad5e1518ab9298cdee971a177589
113,746.2499999999999,0.41043749999999996,0xfa9b28bd2a7d3562a0a78980357be64d5c8b16fb,2017-10-29T01:02:12.000Z,0.00055,0x9c17e14768936a8f17f5ffa343e825ad2da745da,sell,0x0d8775f648430679a709e98d2b0cb6250d2887ef,0x080cf16506f6ee2d88d0da0aeb6860f0c3998ce13b9423f02ac3b4877ae297f5
114,0.7936507936507936,0.0005,0x34f9560c63078eb61872a4dc2ccd20e21c34feaf,2017-10-28T20:07:33.000Z,0.00063,0xba731793fe7ff79f04b01bfdcdca930684d005a8,buy,0x0d8775f648430679a709e98d2b0cb6250d2887ef,0x4f11f74a02cd292546060aa74d4b683278cd01e3e5c161d01190097b04dcfb83
115,0.7936507936507936,0.0005,0xe444a40689f51f63bcd29910622035707d533d29,2017-10-28T20:06:45.000Z,0.00063,0xba731793fe7ff79f04b01bfdcdca930684d005a8,buy,0x0d8775f648430679a709e98d2b0cb6250d2887ef,0x128bd3f1527ff84a5f3ea5ef7f92414a0369f08243a2df71047813ead6c02803
116,994.910706346973,0.4666131312258374,0x0ce4b16411b408bc9f06d456175db3cc79b25299,2017-10-28T16:59:27.000Z,0.00046900001,0x1ed014aec47fae44c9e55bac7662c0b78ae61798,sell,0x0d8775f648430679a709e98d2b0cb6250d2887ef,0x85b8ed8521e12ae5289e0904824ea64956074e07f29d5231e90eaed86197cfc7
117,2.8845634410982934,0.001886504490478283,0x2bfba35fba6f4c80c8dacdeb828f62e7e8b0d6b9,2017-10-28T09:13:59.000Z,0.0006539999999999997,0x6b9fa468597e3edbcab7ecbefb0888a51020938e,sell,0x0d8775f648430679a709e98d2b0cb6250d2887ef,0x4cac1a735f18780ee3395122e260c9050b1ed70772453a8e6ad32f49432fe49e
118,574.0281247785734,0.375414393605187,0x2bfba35fba6f4c80c8dacdeb828f62e7e8b0d6b9,2017-10-28T06:53:49.000Z,0.000654,0x9c17e14768936a8f17f5ffa343e825ad2da745da,sell,0x0d8775f648430679a709e98d2b0cb6250d2887ef,0x5aaa23a701fd51038cce8887bb42a5040cc1709aa7cef2b3943428c81b3db87d
119,1770.0873117803283,1.1576371019043348,0x2bfba35fba6f4c80c8dacdeb828f62e7e8b0d6b9,2017-10-28T06:47:35.000Z,0.000654,0x9c17e14768936a8f17f5ffa343e825ad2da745da,sell,0x0d8775f648430679a709e98d2b0cb6250d2887ef,0xdc0141bf4e2d2b42a936f76b32fca2bec4060475c939a6df2ca82d7566845c3f
120,469,0.2454485236,0x273a5d3e6721b9f5c1a6474f560c1334c63dda01,2017-10-28T06:33:14.000Z,0.0005233444,0x905312a807dc2daa2b7aa65839c7a8d6ef3e0ea2,buy,0x0d8775f648430679a709e98d2b0cb6250d2887ef,0x8bd6f62f2ff5cd670113dcf9b99472185e83b7cbddd6c40fa4a92ac02c721171
121,800,0.48,0x273a5d3e6721b9f5c1a6474f560c1334c63dda01,2017-10-28T06:33:14.000Z,0.0006,0x202e799a604b0d4ba9369d2223e277420016acda,buy,0x0d8775f648430679a709e98d2b0cb6250d2887ef,0xcb868d32a0c904da8f54c626cbbf28e10e047e592adc4fc78e55879a6e36f4cb
122,467.593,0.305805822,0x2bfba35fba6f4c80c8dacdeb828f62e7e8b0d6b9,2017-10-28T06:33:14.000Z,0.000654,0x273a5d3e6721b9f5c1a6474f560c1334c63dda01,sell,0x0d8775f648430679a709e98d2b0cb6250d2887ef,0x8bd6f62f2ff5cd670113dcf9b99472185e83b7cbddd6c40fa4a92ac02c721171
123,797.6,0.5216304,0x2bfba35fba6f4c80c8dacdeb828f62e7e8b0d6b9,2017-10-28T06:33:14.000Z,0.000654,0x273a5d3e6721b9f5c1a6474f560c1334c63dda01,sell,0x0d8775f648430679a709e98d2b0cb6250d2887ef,0xcb868d32a0c904da8f54c626cbbf28e10e047e592adc4fc78e55879a6e36f4cb
124,1373.774,0.8242644,0x273a5d3e6721b9f5c1a6474f560c1334c63dda01,2017-10-28T06:32:49.000Z,0.0006,0x67ad00ba4db7c0118384905730b65347ff73f559,buy,0x0d8775f648430679a709e98d2b0cb6250d2887ef,0x415957449cf0f67e12ca2afdf2181a393ae79187aa98942d455d611625dc5cf2
125,1369.652678,0.895752851412,0x2bfba35fba6f4c80c8dacdeb828f62e7e8b0d6b9,2017-10-28T06:32:49.000Z,0.000654,0x273a5d3e6721b9f5c1a6474f560c1334c63dda01,sell,0x0d8775f648430679a709e98d2b0cb6250d2887ef,0x415957449cf0f67e12ca2afdf2181a393ae79187aa98942d455d611625dc5cf2
126,4359.3162923435,2.294136080439224,0x273a5d3e6721b9f5c1a6474f560c1334c63dda01,2017-10-28T06:32:31.000Z,0.0005262605249517082,0x00eb59d8d94684a24c12252d51bc18477579189a,buy,0x0d8775f648430679a709e98d2b0cb6250d2887ef,0x5e9cc506bd7ac33137c45f3f754c18ecd6724138a5b96b89e043c7d7f755d474
127,1292.1542478258418,0.8450688780781006,0x2bfba35fba6f4c80c8dacdeb828f62e7e8b0d6b9,2017-10-28T06:32:31.000Z,0.000654,0x273a5d3e6721b9f5c1a6474f560c1334c63dda01,sell,0x0d8775f648430679a709e98d2b0cb6250d2887ef,0x9755b984b4e6464bf89708ba654890a193de8d40a8b146cc9c4f93bff289b0e5
128,883,0.464182504,0x273a5d3e6721b9f5c1a6474f560c1334c63dda01,2017-10-28T06:32:31.000Z,0.000525688,0xd3eb46fe0b16307ea72dd2d8d95dbfd4c7ebeddb,buy,0x0d8775f648430679a709e98d2b0cb6250d2887ef,0x788e017264b246b408ba4ea9305935b4a05e7efaed0446bbc93ea6c641aae892
129,1296.0423749506938,0.69,0x273a5d3e6721b9f5c1a6474f560c1334c63dda01,2017-10-28T06:32:31.000Z,0.0005323900000000001,0x9c17e14768936a8f17f5ffa343e825ad2da745da,buy,0x0d8775f648430679a709e98d2b0cb6250d2887ef,0x9755b984b4e6464bf89708ba654890a193de8d40a8b146cc9c4f93bff289b0e5
130,4346.23834346647,2.842439876627071,0x2bfba35fba6f4c80c8dacdeb828f62e7e8b0d6b9,2017-10-28T06:32:31.000Z,0.000654,0x273a5d3e6721b9f5c1a6474f560c1334c63dda01,sell,0x0d8775f648430679a709e98d2b0cb6250d2887ef,0x5e9cc506bd7ac33137c45f3f754c18ecd6724138a5b96b89e043c7d7f755d474
131,880.351,0.575749554,0x2bfba35fba6f4c80c8dacdeb828f62e7e8b0d6b9,2017-10-28T06:32:31.000Z,0.000654,0x273a5d3e6721b9f5c1a6474f560c1334c63dda01,sell,0x0d8775f648430679a709e98d2b0cb6250d2887ef,0x788e017264b246b408ba4ea9305935b4a05e7efaed0446bbc93ea6c641aae892
132,74.46055437100213,0.034922,0x30ad3b0451b2595263b68fd4e04e5c3d052d3698,2017-10-28T01:08:43.000Z,0.00046899999999999996,0x46371f0751e243fef7b626031cffb8489d47e6c0,sell,0x0d8775f648430679a709e98d2b0cb6250d2887ef,0xc93a8b6c3fbcea7b368a5ce4f2f93884a2764954cfdcb00eed51570913d3d182
133,7.087,0.00361437,0xe5ad28858161fe7dc6900a69e0cf9f5c5de17ae5,2017-10-28T01:08:43.000Z,0.00051,0x46371f0751e243fef7b626031cffb8489d47e6c0,sell,0x0d8775f648430679a709e98d2b0cb6250d2887ef,0xe22ff8c1ffc03acc7385a88883c2b3ed92184037fd9878e18658fbaba0bb1a10
134,159.50553284817067,0.0721618981158409,0x9c17e14768936a8f17f5ffa343e825ad2da745da,2017-10-28T00:02:56.000Z,0.00045241000000000004,0x276a997c3f8206b04738d3fc213345e377820eac,sell,0x0d8775f648430679a709e98d2b0cb6250d2887ef,0xcc19fff3a8d8e384ff49e0a5f3c5d3fc6394bacec55cfcbc03fcda52c1ce52a8
135,17451.547220143973,7.854941403786802,0x009a12d4290630bc01fd82516ac57c1dc6a9bcfb,2017-10-27T20:45:56.000Z,0.0004501,0xa5a43ff72dbb4e8d91f9e77da6562b4f3630d6ef,sell,0x0d8775f648430679a709e98d2b0cb6250d2887ef,0x550d58181998d374c7f6a15bb8b45142a01b58002fb2af92800532753e50811e
136,1527.664,0.6899999988800002,0x9c17e14768936a8f17f5ffa343e825ad2da745da,2017-10-27T20:44:51.000Z,0.0004516700000000001,0xa5a43ff72dbb4e8d91f9e77da6562b4f3630d6ef,sell,0x0d8775f648430679a709e98d2b0cb6250d2887ef,0x8d5b5f67634e37267234cb3dc8b739ba466fac785fbb0285c9e24503af7be7ea
137,3300,1.485363,0x3dee4a4e076e8d82859d241db0baf46f112cfa23,2017-10-27T20:39:26.000Z,0.00045011,0xa5a43ff72dbb4e8d91f9e77da6562b4f3630d6ef,sell,0x0d8775f648430679a709e98d2b0cb6250d2887ef,0x9923451c7d56f49d936ff87b252620f748e844288c1784f741c649a8cec61079
138,1512.3287671232877,0.69,0x9c17e14768936a8f17f5ffa343e825ad2da745da,2017-10-27T20:38:23.000Z,0.00045625,0xa5a43ff72dbb4e8d91f9e77da6562b4f3630d6ef,sell,0x0d8775f648430679a709e98d2b0cb6250d2887ef,0x51c45e6cf5ab8c7110547e51c5744c173f6ebbd0509e2073f74571ae168bdb98
139,500,0.24500005,0xdf1e939518f6f84ba7035aab9812f7ed2014265f,2017-10-27T20:38:05.000Z,0.0004900001,0xa5a43ff72dbb4e8d91f9e77da6562b4f3630d6ef,sell,0x0d8775f648430679a709e98d2b0cb6250d2887ef,0x98b197fa5e2037a004d834a43095337d2ceb9e02c38e5ce8df545b877139c86c
140,9.999999999999998,0.005238499999999999,0x0f843e005dde4ff19f39d68f2d4302095c64aa76,2017-10-27T16:20:57.000Z,0.00052385,0x9c17e14768936a8f17f5ffa343e825ad2da745da,buy,0x0d8775f648430679a709e98d2b0cb6250d2887ef,0xe9a3ac599d231703a1e148a1e52b63cc64e8ee1066af87afa4eade65053141c3
141,64,0.03352128,0x65aa19e1469e9080c6da075fd35e39a668afcc70,2017-10-27T13:21:48.000Z,0.00052377,0x9c17e14768936a8f17f5ffa343e825ad2da745da,buy,0x0d8775f648430679a709e98d2b0cb6250d2887ef,0x82ceb49cf3a887f68f1174a513ea832c9161e2a2f75ff2fa2f6a7ee9f8f5eb50
142,1,0.00051,0xe5ad28858161fe7dc6900a69e0cf9f5c5de17ae5,2017-10-27T12:14:20.000Z,0.00051,0xb4554cecc900ea0dc48a768f8256c0611aaff20b,sell,0x0d8775f648430679a709e98d2b0cb6250d2887ef,0xbcec426b99f0b261851fae90cb4bb8d4c011b34956f0c07c2917e4c4af971462
143,354.09131691755556,0.17350474528960225,0x26336ea0829cd88307032db2c8abaaa05e97e082,2017-10-27T11:21:19.000Z,0.00049,0xb7d954ce552b320b4998546e4d3e3c3b7d6de0c1,sell,0x0d8775f648430679a709e98d2b0cb6250d2887ef,0x5bb8e4eecc68cb054cc89a54bef168fbeebaba3880d8d707e21fc37d0c0da7a0
144,170.5844307064047,0.08951759170179999,0x540e0299db8b33ec1bde2c466bcc6466c8c62acf,2017-10-27T11:07:11.000Z,0.0005247699999999999,0x9c17e14768936a8f17f5ffa343e825ad2da745da,buy,0x0d8775f648430679a709e98d2b0cb6250d2887ef,0x5a77b130a1927aa0e8f28d4eae8d5e12ea0d0347aed2de39549a2950f059c73d
145,7,0.003679816,0xd2de9679ebff746c5017ede3ab5e5bde2b3a54c8,2017-10-27T09:00:57.000Z,0.000525688,0xd3eb46fe0b16307ea72dd2d8d95dbfd4c7ebeddb,buy,0x0d8775f648430679a709e98d2b0cb6250d2887ef,0x573f790c61d79a1f1fe9caedf41886d6665a4e45e21417c7927d465dc21af9ec
146,0.14871537103971993,0.000075844839230257,0xe5ad28858161fe7dc6900a69e0cf9f5c5de17ae5,2017-10-27T00:54:05.000Z,0.0005099999999999988,0xf142f26d1cac4ba8a6e6d7974d243eda2fe5f4f9,sell,0x0d8775f648430679a709e98d2b0cb6250d2887ef,0xb9583c234ced0f85c0e934266d65d79db50280d0bea9e5184c872592f3d06a21
147,1491.7638868994306,0.7607995823187097,0xe5ad28858161fe7dc6900a69e0cf9f5c5de17ae5,2017-10-27T00:52:38.000Z,0.00051,0xf142f26d1cac4ba8a6e6d7974d243eda2fe5f4f9,sell,0x0d8775f648430679a709e98d2b0cb6250d2887ef,0x31c868c19d9f5feb51d5badf144ab2e368705d8fecfabf5c8f533298809e9e39
148,226.93170096751015,0.11929527201820847,0xfad31e1dc49e1f88ab384b76fe18b717dd96cb65,2017-10-27T00:50:59.000Z,0.000525688,0xf142f26d1cac4ba8a6e6d7974d243eda2fe5f4f9,sell,0x0d8775f648430679a709e98d2b0cb6250d2887ef,0x525747144a3a42ce3b5691794170bf55719621f7e40a2abd5a796da08265d836
149,70.57473374748986,0.037100290634250445,0xfad31e1dc49e1f88ab384b76fe18b717dd96cb65,2017-10-26T21:33:52.000Z,0.000525688,0x91f393650b00852200e1ef5d4a46e6aec5d1ea0c,sell,0x0d8775f648430679a709e98d2b0cb6250d2887ef,0x95eb511fc600f12fbb2a37cb90441c0fe319b134ed6af27fb3379a841651dd7a
150,0,0,0x273a5d3e6721b9f5c1a6474f560c1334c63dda01,2017-10-26T20:26:39.000Z,NaN,0x00eb59d8d94684a24c12252d51bc18477579189a,buy,0x0d8775f648430679a709e98d2b0cb6250d2887ef,0x6286394a4510c5e0b082850671b941d809d6f7d8ff569f780f9ee0222ee21f18
151,0.000000000000000019,0.0019,0xb4554cecc900ea0dc48a768f8256c0611aaff20b,2017-10-26T20:26:39.000Z,100000000000000,0x273a5d3e6721b9f5c1a6474f560c1334c63dda01,sell,0x0d8775f648430679a709e98d2b0cb6250d2887ef,0x6286394a4510c5e0b082850671b941d809d6f7d8ff569f780f9ee0222ee21f18
152,1.8971500375424655,0.000997307111785586,0xb4554cecc900ea0dc48a768f8256c0611aaff20b,2017-10-26T18:22:48.000Z,0.000525687,0xed7f4d43a68a1353004159aa48fcf79e23b5b75f,buy,0x0d8775f648430679a709e98d2b0cb6250d2887ef,0x7de0ed709198fc0bc1cbd14e1fe8e827c887de647c50576c12cc9749028fe22e
153,188,0.098829156,0x54b59cbea68b581f1fa6ae1c3d5ea0643e8e2378,2017-10-26T18:16:16.000Z,0.000525687,0xed7f4d43a68a1353004159aa48fcf79e23b5b75f,buy,0x0d8775f648430679a709e98d2b0cb6250d2887ef,0xd8841d698b72bd9eeda2c6eb58f42b12c5a095528aaab72e7e694d4a4e2aba8b
154,3.553701185743013,0.001741313581014076,0x26336ea0829cd88307032db2c8abaaa05e97e082,2017-10-26T16:50:08.000Z,0.0004899999999999999,0x09b4198c44fa9ab70a0248f58180ed569a1e769e,sell,0x0d8775f648430679a709e98d2b0cb6250d2887ef,0x0da64aba552b8e8d548209b932f2eeeb01c0e13db1b04ea7df36cc4c8ad79bc2
155,0.020215798512896337,0.000009905741271319,0x26336ea0829cd88307032db2c8abaaa05e97e082,2017-10-26T15:34:00.000Z,0.0004899999999999899,0x6f9fcac7ac5e87ec747d47e81a42e8ca6b73e95a,sell,0x0d8775f648430679a709e98d2b0cb6250d2887ef,0x604e4d275519f7f8aa216b33471d6658b973dbed3cdaae26059a769e74329cb3
156,140.412,0.073812763044,0x73dc6c4444f4c62296df81a0ed372680b3ff2c6c,2017-10-26T15:28:02.000Z,0.000525687,0xed7f4d43a68a1353004159aa48fcf79e23b5b75f,buy,0x0d8775f648430679a709e98d2b0cb6250d2887ef,0xd700e9ce0a774ccf99bf534ef60445ba59338fa81e1bdc6a0a66eea382c46960
157,202.78467488286313,0.09936449069260293,0x26336ea0829cd88307032db2c8abaaa05e97e082,2017-10-26T15:27:18.000Z,0.00049,0x6f9fcac7ac5e87ec747d47e81a42e8ca6b73e95a,sell,0x0d8775f648430679a709e98d2b0cb6250d2887ef,0x3c4aef6ff48c27eedb1ecb5f16c796793d2d25b4e060c7fe1e2d4a982e7ac253
158,993.605875,0.4968029375,0x34126a2a4ef74af06e3acadcfb71debc149f0442,2017-10-26T15:24:27.000Z,0.0005,0x6f9fcac7ac5e87ec747d47e81a42e8ca6b73e95a,sell,0x0d8775f648430679a709e98d2b0cb6250d2887ef,0xae951ae89432205dac5cbcb82701bd496d07ba282de2b1ab433f01462f14cd07
159,800,0.4205496,0x1dedb16313901d56f3e578df5fe2847e5f7a7691,2017-10-26T10:46:10.000Z,0.000525687,0xed7f4d43a68a1353004159aa48fcf79e23b5b75f,buy,0x0d8775f648430679a709e98d2b0cb6250d2887ef,0x506496bc94d1456c852b703253b1cd54942d2ebd59ab5e27abf43f108813ed74
160,620.18020776,0.32602067287673114,0x77cbb9b6235363e97134eae9757eb1b28412d79b,2017-10-26T08:02:09.000Z,0.000525687,0xed7f4d43a68a1353004159aa48fcf79e23b5b75f,buy,0x0d8775f648430679a709e98d2b0cb6250d2887ef,0x712c64acffb1666807c8804a1533765e56c787e2071a97e9530e4c6d04dbe56c
161,0.07654195598867318,0.000037429093020417,0x3dee4a4e076e8d82859d241db0baf46f112cfa23,2017-10-26T05:27:18.000Z,0.0004890009999999977,0xa6d57b017bcb0daa8d8c887360bef33306846f3b,sell,0x0d8775f648430679a709e98d2b0cb6250d2887ef,0x6f3ddf37752c005e2ef72f19b8b57957acaf3cd69a94d4b8ba2d0ad6247b5d2c
162,767.7923605223806,0.3754504642954441,0xba731793fe7ff79f04b01bfdcdca930684d005a8,2017-10-26T05:26:15.000Z,0.000489,0xa6d57b017bcb0daa8d8c887360bef33306846f3b,sell,0x0d8775f648430679a709e98d2b0cb6250d2887ef,0x5ce21bf4c19658f19e68099ec4b8076333b4aa6d19696464fb174126f421abec
163,200,0.1051374,0x8fe3f22aeedc2d274c95c68ba12695c358c6f084,2017-10-26T05:16:32.000Z,0.000525687,0xed7f4d43a68a1353004159aa48fcf79e23b5b75f,buy,0x0d8775f648430679a709e98d2b0cb6250d2887ef,0x8552ef93bdb9645a5bb220fff4cb2ccbb4f9d54a248ad2bfa3b6242c3633a630
164,299.07287409032,0.14594786162895027,0xdf1e939518f6f84ba7035aab9812f7ed2014265f,2017-10-26T00:14:53.000Z,0.000488001,0xa1c30665787d54e0553e7709cb8805a749d7310d,sell,0x0d8775f648430679a709e98d2b0cb6250d2887ef,0xedd0fb2303ff979c40d4ccca7130cf588b40294365da0af82aff6f1f239a0a22
165,8.510192316688368,0.00415298236073624,0xdf1e939518f6f84ba7035aab9812f7ed2014265f,2017-10-26T00:02:43.000Z,0.0004880009999999999,0xf142f26d1cac4ba8a6e6d7974d243eda2fe5f4f9,sell,0x0d8775f648430679a709e98d2b0cb6250d2887ef,0xb93a3e2e8d4e1eba6e4d96e21f0ae4e96f52c72c584f6f3e43a061b12ba1a088
166,2026,0.99274,0x36282355dc35bc527c43dcdb9dfceeb1bbe99639,2017-10-25T21:11:48.000Z,0.00049,0x552ffd1a0de671e211cb4a3e82a2f7f19996cec8,sell,0x0d8775f648430679a709e98d2b0cb6250d2887ef,0x85a51946d28b24395f58117ce33df65625187a5647907db7f1840062af29d707
167,2000,0.98002,0x3dee4a4e076e8d82859d241db0baf46f112cfa23,2017-10-25T21:11:48.000Z,0.00049001,0x552ffd1a0de671e211cb4a3e82a2f7f19996cec8,sell,0x0d8775f648430679a709e98d2b0cb6250d2887ef,0x31008151c8f95979c850944222a9c69f58559d589cea38a426f46ae6b9032be6
168,1000,0.5,0x34126a2a4ef74af06e3acadcfb71debc149f0442,2017-10-25T21:11:39.000Z,0.0005,0x552ffd1a0de671e211cb4a3e82a2f7f19996cec8,sell,0x0d8775f648430679a709e98d2b0cb6250d2887ef,0x32c88650cbf741349971aae8318fd048751de79df7a0ff0f280c33093dde9c4b
169,955.7824874340389,0.5024424284717376,0x71f0cbcf1f973ed4ead8bcce24a9dbd6d4f55077,2017-10-25T20:04:41.000Z,0.000525687,0xed7f4d43a68a1353004159aa48fcf79e23b5b75f,buy,0x0d8775f648430679a709e98d2b0cb6250d2887ef,0x87c5fa23a0d64b425192d34e475924a6ee3cbce4ab478bb6f3c7e81ff50f4a29
170,6.25,0.0031875,0x34126a2a4ef74af06e3acadcfb71debc149f0442,2017-10-25T18:45:13.000Z,0.00051,0xd483b1ded6cfcba80640dff843ac07b391f90005,buy,0x0d8775f648430679a709e98d2b0cb6250d2887ef,0x7c7ef833e4b93de125ec24794ef087d2283c73cbe58d44a85ee2f24f4724a870
171,1243.75,0.6343125,0x9c17e14768936a8f17f5ffa343e825ad2da745da,2017-10-25T18:24:32.000Z,0.00051,0xd483b1ded6cfcba80640dff843ac07b391f90005,buy,0x0d8775f648430679a709e98d2b0cb6250d2887ef,0x7cc365040b041b0541a27859c6906850ccaefa0c0f2f1802b123c84739c190e3
172,250,0.1275,0xe5c5f7b4e7d4a86da73bb6a3e7fde89a9e8f1041,2017-10-25T18:20:01.000Z,0.00051,0xd483b1ded6cfcba80640dff843ac07b391f90005,buy,0x0d8775f648430679a709e98d2b0cb6250d2887ef,0x3a9a4a08a9c204d849e5616a31dd9433a841f74e8750cf02f3099da11d9674c6
173,100,0.0525687,0x012cf6bb49242b1612e1fd2a38ed53119d61650d,2017-10-25T13:12:08.000Z,0.000525687,0xed7f4d43a68a1353004159aa48fcf79e23b5b75f,buy,0x0d8775f648430679a709e98d2b0cb6250d2887ef,0x7c3152da22e1af3715ad61e0272bcf3730e87d2b0ed1f5ead780952665584557
174,2000,1.05998,0x621fab0e57c8671fbda84ae1885369c80a2aff93,2017-10-25T08:31:11.000Z,0.00052999,0x25cb0ecbc7f8b7844531df9d137dcb594080a311,buy,0x0d8775f648430679a709e98d2b0cb6250d2887ef,0x5374378bd47b01029606441186ac79f5d4aae4a56d5461fa05c83b7774592984
175,469,0.2287677882,0x905312a807dc2daa2b7aa65839c7a8d6ef3e0ea2,2017-10-25T07:04:54.000Z,0.0004877778,0xc950a4c0dfb234f6571acd81f004d79f5a97b799,sell,0x0d8775f648430679a709e98d2b0cb6250d2887ef,0xdc7d1a8c3fbfb8f18d1ccd6ac79b9a5102b94848d5f256337d6cc877bdd427c3
176,3053.37499999003,1.4900500533701346,0xed7f4d43a68a1353004159aa48fcf79e23b5b75f,2017-10-25T03:25:36.000Z,0.000488001,0xad440e6b26dd3a044a97294bf87c017d7fb81c67,sell,0x0d8775f648430679a709e98d2b0cb6250d2887ef,0xee78ca45d13028b8755c09d94783208b90b85fb99a62719322a87c373f00f2d8
177,997.4199980061809,0.4871299528262386,0x9c17e14768936a8f17f5ffa343e825ad2da745da,2017-10-24T22:07:51.000Z,0.0004883899999999999,0x635d589ee087a32964a2e06a58d2b9f3cc4ae3be,sell,0x0d8775f648430679a709e98d2b0cb6250d2887ef,0x1f587227d245896a363d71aa350fc23b920b99d5f4e28e46537079b316482a14
178,750.1545209849467,0.36757571528262384,0x202e799a604b0d4ba9369d2223e277420016acda,2017-10-24T21:17:19.000Z,0.00049,0x91f393650b00852200e1ef5d4a46e6aec5d1ea0c,sell,0x0d8775f648430679a709e98d2b0cb6250d2887ef,0xb3a0100a7f43ca9cc1aa2e9cbcf4333e2ceb77b7f809122c3dfee3f4c0966abc
179,1900,0.9998949974082455,0x51e0112b47b9a9fed5ce588853160ff7584584f3,2017-10-24T19:54:30.000Z,0.0005262605249517082,0x00eb59d8d94684a24c12252d51bc18477579189a,buy,0x0d8775f648430679a709e98d2b0cb6250d2887ef,0x6721539354d6f9a047c40c0b24ed4f2e46b1aa38cd1e3f44d13a8050133c6e89
180,49.845479015053336,0.02442428471737613,0x202e799a604b0d4ba9369d2223e277420016acda,2017-10-24T18:16:30.000Z,0.00049,0x4f98b2ddfa2eaf3e13faf6241594d5849722b52a,sell,0x0d8775f648430679a709e98d2b0cb6250d2887ef,0xa7b95409e2f41633a1de6a30e0cea33c936bfc1967c37b7c2aa39691452f3e03
181,0.9999999999999998,0.000526260524951708,0x0b773d7819259d78757b26dc4148812d35676d8f,2017-10-24T17:40:27.000Z,0.0005262605249517082,0x00eb59d8d94684a24c12252d51bc18477579189a,buy,0x0d8775f648430679a709e98d2b0cb6250d2887ef,0xc53030dabceef95268b4fac22277ed4f6ac5a1a6c55d7978b834032dbcd32205
182,379.81975317676176,0.19940537041779993,0x77cbb9b6235363e97134eae9757eb1b28412d79b,2017-10-24T17:29:06.000Z,0.000525,0xd483b1ded6cfcba80640dff843ac07b391f90005,buy,0x0d8775f648430679a709e98d2b0cb6250d2887ef,0xc9d79f67cc14a7924f9ad22fd377635878f2ffe96719909a0bddced1a77c3658
183,291.22396509528585,0.1379340156004874,0xd483b1ded6cfcba80640dff843ac07b391f90005,2017-10-24T17:01:22.000Z,0.000473635525,0x00eb59d8d94684a24c12252d51bc18477579189a,buy,0x0d8775f648430679a709e98d2b0cb6250d2887ef,0x175b377d136e856ac62d9103b00b61aaf68a8297427bf7440c55f1a5f394a03f
184,1.4958116565000985,0.000787186627578626,0x1d5321e125f6c7079a716705541c7b371ca79e69,2017-10-24T16:59:11.000Z,0.0005262605249517082,0x00eb59d8d94684a24c12252d51bc18477579189a,buy,0x0d8775f648430679a709e98d2b0cb6250d2887ef,0x0c6b7676f3075f8e1423fca5e1cdac5e8d97efed87a66c84e56b3552e2c9a4c6
185,1.4913376435693904,0.001103495969192495,0x00eb59d8d94684a24c12252d51bc18477579189a,2017-10-24T16:59:11.000Z,0.0007399370450754336,0x1d5321e125f6c7079a716705541c7b371ca79e69,sell,0x0d8775f648430679a709e98d2b0cb6250d2887ef,0x0c6b7676f3075f8e1423fca5e1cdac5e8d97efed87a66c84e56b3552e2c9a4c6
186,342.1607068,0.2531773823,0x00eb59d8d94684a24c12252d51bc18477579189a,2017-10-24T16:58:56.000Z,0.0007399370449862538,0xd445f61ebca3d6b4c57eef1f39fdab6595ef8972,sell,0x0d8775f648430679a709e98d2b0cb6250d2887ef,0x0b6c63f17ee40333c3648f9f2a4243bec27a981b359ed39358eb0acb0b567cc8
187,343.1902776328987,0.16254710732155372,0xd445f61ebca3d6b4c57eef1f39fdab6595ef8972,2017-10-24T16:58:56.000Z,0.000473635525,0x00eb59d8d94684a24c12252d51bc18477579189a,buy,0x0d8775f648430679a709e98d2b0cb6250d2887ef,0x0b6c63f17ee40333c3648f9f2a4243bec27a981b359ed39358eb0acb0b567cc8
188,937.339,0.46862028860206856,0x00eb59d8d94684a24c12252d51bc18477579189a,2017-10-24T16:58:06.000Z,0.0004999474988260049,0xd483b1ded6cfcba80640dff843ac07b391f90005,sell,0x0d8775f648430679a709e98d2b0cb6250d2887ef,0xf0fce7a41a4125f0d17b143dc533c380d15569eb9397585567262c19c17b0a8e
189,1143.489,0.8461098714,0x00eb59d8d94684a24c12252d51bc18477579189a,2017-10-24T16:56:56.000Z,0.0007399370447813665,0xd445f61ebca3d6b4c57eef1f39fdab6595ef8972,sell,0x0d8775f648430679a709e98d2b0cb6250d2887ef,0x4df4186f7f3af8fd6d7404c3dddfa0beb6d027935170d51a17f6f66470b03ad4
190,1146.9297893681044,0.5432266929255015,0xd445f61ebca3d6b4c57eef1f39fdab6595ef8972,2017-10-24T16:56:56.000Z,0.000473635525,0x00eb59d8d94684a24c12252d51bc18477579189a,buy,0x0d8775f648430679a709e98d2b0cb6250d2887ef,0x4df4186f7f3af8fd6d7404c3dddfa0beb6d027935170d51a17f6f66470b03ad4
191,6200,3.0008,0xc44d85575607a609c1d7f49819754722ca0bbc97,2017-10-24T16:55:24.000Z,0.000484,0xd445f61ebca3d6b4c57eef1f39fdab6595ef8972,sell,0x0d8775f648430679a709e98d2b0cb6250d2887ef,0xf8e43de45db94d6be66d5b6280a4946560eb5a1a6716baa9ce40b8fbfbee965b
192,6218.655967903711,2.9453763841524574,0xd445f61ebca3d6b4c57eef1f39fdab6595ef8972,2017-10-24T16:55:24.000Z,0.000473635525,0x00eb59d8d94684a24c12252d51bc18477579189a,buy,0x0d8775f648430679a709e98d2b0cb6250d2887ef,0xf8e43de45db94d6be66d5b6280a4946560eb5a1a6716baa9ce40b8fbfbee965b
193,498.60388549999993,0.2617670398875,0x7aa6e2506316f6d613277d4f2f4e4e1dc55e528e,2017-10-24T16:55:11.000Z,0.000525,0xd483b1ded6cfcba80640dff843ac07b391f90005,buy,0x0d8775f648430679a709e98d2b0cb6250d2887ef,0xd0a31c5c367127e2a565e8124642cee81510ea2beec41410a811969ac5912b57
194,497.1080738434999,0.3678286792428999,0x00eb59d8d94684a24c12252d51bc18477579189a,2017-10-24T16:55:11.000Z,0.0007399370450754339,0x7aa6e2506316f6d613277d4f2f4e4e1dc55e528e,sell,0x0d8775f648430679a709e98d2b0cb6250d2887ef,0xd0a31c5c367127e2a565e8124642cee81510ea2beec41410a811969ac5912b57
195,543.5404714398061,0.323372609449363,0x00eb59d8d94684a24c12252d51bc18477579189a,2017-10-24T16:54:52.000Z,0.000594937500408697,0xd445f61ebca3d6b4c57eef1f39fdab6595ef8972,sell,0x0d8775f648430679a709e98d2b0cb6250d2887ef,0x7a4052dfbb1be6cab1eebc1629be9dd34acaf73673681eb7c99712d0ec32eb9c
196,252.4268089871554,0.13252407471825658,0x5ae933bfbbaa04c3e05ae56295138174ada9799c,2017-10-24T16:54:52.000Z,0.000525,0xd483b1ded6cfcba80640dff843ac07b391f90005,buy,0x0d8775f648430679a709e98d2b0cb6250d2887ef,0xa8c5ed377074bbba73fed9f975884431ec10b5c6d2d034d19c257599f6146acc
197,251.66952856019395,0.149727640250637,0x00eb59d8d94684a24c12252d51bc18477579189a,2017-10-24T16:54:52.000Z,0.000594937500408697,0x5ae933bfbbaa04c3e05ae56295138174ada9799c,sell,0x0d8775f648430679a709e98d2b0cb6250d2887ef,0xa8c5ed377074bbba73fed9f975884431ec10b5c6d2d034d19c257599f6146acc
198,545.1759994381204,0.2862173997050132,0xd445f61ebca3d6b4c57eef1f39fdab6595ef8972,2017-10-24T16:54:52.000Z,0.000525,0xd483b1ded6cfcba80640dff843ac07b391f90005,buy,0x0d8775f648430679a709e98d2b0cb6250d2887ef,0x7a4052dfbb1be6cab1eebc1629be9dd34acaf73673681eb7c99712d0ec32eb9c
199,6652.789,3.372964023,0x00eb59d8d94684a24c12252d51bc18477579189a,2017-10-24T15:58:23.000Z,0.000507,0x25cb0ecbc7f8b7844531df9d137dcb594080a311,sell,0x0d8775f648430679a709e98d2b0cb6250d2887ef,0xa664174d083aef696657f48d4558bbeb49b5db5ccf52caeada06a1811b1d52e6
200,1347.210973450339,0.6830359635393219,0x00eb59d8d94684a24c12252d51bc18477579189a,2017-10-24T15:50:44.000Z,0.000507,0x9c17e14768936a8f17f5ffa343e825ad2da745da,sell,0x0d8775f648430679a709e98d2b0cb6250d2887ef,0xdaebf7283943e27e544f08e7ad18bf69b3f9e89ee657de7fbc6befac5f22a471
201,2095.4,1.15247,0xdfab9b6074ca611462c9d5f47f39a1d05d6988f9,2017-10-24T13:15:42.000Z,0.00055,0xd483b1ded6cfcba80640dff843ac07b391f90005,buy,0x0d8775f648430679a709e98d2b0cb6250d2887ef,0xdcfd7c0614db830ec80b98769aae36d3b92fd6096c43ae877ef5c1c6cc9633c9
202,4.586241276171354,0.002751744765702811,0xa7887447f04d999529668c1d8527da856c02e957,2017-10-24T12:40:43.000Z,0.0005999999999999998,0x1d5321e125f6c7079a716705541c7b371ca79e69,sell,0x0d8775f648430679a709e98d2b0cb6250d2887ef,0x178cbe2529c03ca0a16046fb1b4e0bb6be79b04ffbb02ab64e3938a0b45869fb
203,4.599999999999867,0.002529999999999927,0x1d5321e125f6c7079a716705541c7b371ca79e69,2017-10-24T12:40:43.000Z,0.00055,0xd483b1ded6cfcba80640dff843ac07b391f90005,buy,0x0d8775f648430679a709e98d2b0cb6250d2887ef,0x178cbe2529c03ca0a16046fb1b4e0bb6be79b04ffbb02ab64e3938a0b45869fb
204,4,0.0023288,0x4efb6d8714cff87522b80b9f37cb9a5cb7367932,2017-10-24T12:00:26.000Z,0.0005822,0xd483b1ded6cfcba80640dff843ac07b391f90005,buy,0x0d8775f648430679a709e98d2b0cb6250d2887ef,0x40e8afc8889ace7998028c5ce83424c460c4d5619b8d216e03c60a65a25117c6
205,10,0.00654,0x1d5321e125f6c7079a716705541c7b371ca79e69,2017-10-24T10:17:59.000Z,0.000654,0x00eb59d8d94684a24c12252d51bc18477579189a,buy,0x0d8775f648430679a709e98d2b0cb6250d2887ef,0x126fbec56117b89605f704dbce5a18967297772a7ba288c0be573ed6099f183b
206,9.970089730807578,0.006979062811565304,0xa7887447f04d999529668c1d8527da856c02e957,2017-10-24T10:17:59.000Z,0.0007,0x1d5321e125f6c7079a716705541c7b371ca79e69,sell,0x0d8775f648430679a709e98d2b0cb6250d2887ef,0x126fbec56117b89605f704dbce5a18967297772a7ba288c0be573ed6099f183b
207,915.4000000000001,0.5492400000000001,0xa7887447f04d999529668c1d8527da856c02e957,2017-10-24T10:09:03.000Z,0.0006,0x9c17e14768936a8f17f5ffa343e825ad2da745da,sell,0x0d8775f648430679a709e98d2b0cb6250d2887ef,0x34c4b68d90ed4202a3c8ef4039da7ed19ca52086a332dff8ccd3b57d3a7d4ed8
208,25410.53765702323,12.867896269516562,0x009a12d4290630bc01fd82516ac57c1dc6a9bcfb,2017-10-24T07:39:07.000Z,0.0005064,0x2bba88a7bb8a823a307e8dd90432d41ca63e94a6,sell,0x0d8775f648430679a709e98d2b0cb6250d2887ef,0x5a1256d34e9ac9c739b2a340f9362e43860c629d94fc2800101a7678cd58dc08
209,1357.84,0.6899999743999999,0x9c17e14768936a8f17f5ffa343e825ad2da745da,2017-10-24T07:37:48.000Z,0.00050816,0x2bba88a7bb8a823a307e8dd90432d41ca63e94a6,sell,0x0d8775f648430679a709e98d2b0cb6250d2887ef,0x2fcc783760cb1d8c222dfb5705210eacee5bf4fb1163cedfedc83c9074c1c6b9
210,200,0.111604,0x0d4f98cb588c18fcc2695e2341112f066a915f80,2017-10-24T07:37:41.000Z,0.00055802,0x2bba88a7bb8a823a307e8dd90432d41ca63e94a6,sell,0x0d8775f648430679a709e98d2b0cb6250d2887ef,0x86a153991d0c64e9580bc60dbcb2bc41bec8138b1145e93ca35c61a03fbb16b5
211,153.5365976081266,0.07420116689205541,0x9c17e14768936a8f17f5ffa343e825ad2da745da,2017-10-24T05:27:22.000Z,0.00048327999999999994,0x389457b59649f2ab3523a2ebc6dcd148479e911f,sell,0x0d8775f648430679a709e98d2b0cb6250d2887ef,0x1785e86bb17712e576698bc7fa72c7e74e54f74dc67b880956710ee8935daf4f
212,11,0.007315,0x54b59cbea68b581f1fa6ae1c3d5ea0643e8e2378,2017-10-24T05:08:41.000Z,0.000665,0x30ad3b0451b2595263b68fd4e04e5c3d052d3698,buy,0x0d8775f648430679a709e98d2b0cb6250d2887ef,0x1924518e29e6995a39007a7025ce03e058352ae388447b09494fd43e828c51f9
213,138.31,0.0843691,0x3785caeb6baa3eacd1ea6435f5b3e3be2193e79b,2017-10-24T05:00:36.000Z,0.00061,0x0b931a6c9a6fa2bdfe58c873d3b6c70829f426e8,buy,0x0d8775f648430679a709e98d2b0cb6250d2887ef,0x14683fef57c9b5564ce26ee3c01a5fc812c45a14e92372994c7fe5aedfed9d16
214,61.689858477061335,0.037630813671007415,0xacc69d436ce830b0b43eaac802cf38c5238bb63f,2017-10-24T04:39:22.000Z,0.00061,0x0b931a6c9a6fa2bdfe58c873d3b6c70829f426e8,buy,0x0d8775f648430679a709e98d2b0cb6250d2887ef,0xebac8f0e59cc62b34951eec0348fda21aa135daf3c4eb752d7b947112d180ae7
215,74,0.0444,0xacc69d436ce830b0b43eaac802cf38c5238bb63f,2017-10-24T04:38:03.000Z,0.0006,0x487900cb95d2aaa302ae2646d24812845bae68a6,buy,0x0d8775f648430679a709e98d2b0cb6250d2887ef,0xf0fab997be224e5e821e989aacd265c7df7e522a5826018f67457af3d846bc72
216,100,0.06,0xacc69d436ce830b0b43eaac802cf38c5238bb63f,2017-10-24T04:36:51.000Z,0.0006,0x0b931a6c9a6fa2bdfe58c873d3b6c70829f426e8,buy,0x0d8775f648430679a709e98d2b0cb6250d2887ef,0x9246415d04d913d02723106316641dd3643a70f76f72ff13f828a103967b314b
217,263.166,0.1578996,0xacc69d436ce830b0b43eaac802cf38c5238bb63f,2017-10-24T04:35:13.000Z,0.0006,0xbc0945c667fadc26b9bf39e586b15eeb901e7d1c,buy,0x0d8775f648430679a709e98d2b0cb6250d2887ef,0x48d565bfc76c89817e88bba562b5ec26384a7efe453b5e32dce1b01b1e416e27
218,100,0.059,0xacc69d436ce830b0b43eaac802cf38c5238bb63f,2017-10-24T04:31:29.000Z,0.00059,0x6042fa5dc00ba647edc238ce0b0e250e84d5db15,buy,0x0d8775f648430679a709e98d2b0cb6250d2887ef,0x6abe70ce64b90b5dc6d0645692cee5b6f679f015eee8718dee7d0b623229786f
219,9047.6476447,5.066682681032,0xd673abe57c48c938421704209c811ae0316ee0f5,2017-10-24T04:22:51.000Z,0.00056,0x91f2590733f73c38e3c38a149cdd40755713a80e,buy,0x0d8775f648430679a709e98d2b0cb6250d2887ef,0x459de33aa8ab2ea7b5dc56a55b4128ca738fb622f0c96ccf8f94f911283e7998
220,1166.348,0.6899998133199999,0xd673abe57c48c938421704209c811ae0316ee0f5,2017-10-24T04:22:51.000Z,0.00059159,0x9c17e14768936a8f17f5ffa343e825ad2da745da,buy,0x0d8775f648430679a709e98d2b0cb6250d2887ef,0xc8422aa2b51e3dac2f69e5f2c5766ac17230f4262d8908a34435209866ec3f5e
221,8000,4.3992,0xd673abe57c48c938421704209c811ae0316ee0f5,2017-10-24T04:22:29.000Z,0.0005499,0x00eb59d8d94684a24c12252d51bc18477579189a,buy,0x0d8775f648430679a709e98d2b0cb6250d2887ef,0x90dd3e5cd8e97fa9ac59b71a99cb339c86f85bf8366e37143e95b04923d7e92f
222,282.35995131583957,0.14965077419739498,0x4cd6aaf29c19187f8c7ed5c95313010c81f59298,2017-10-24T02:37:40.000Z,0.00053,0x91f2590733f73c38e3c38a149cdd40755713a80e,buy,0x0d8775f648430679a709e98d2b0cb6250d2887ef,0x1b3283efdc19f825472d228d38bfee42eb9780fbcffd9edd424da6bb3ef88952
223,2163.9924039037237,1.1469159740689734,0x4cd6aaf29c19187f8c7ed5c95313010c81f59298,2017-10-24T02:35:11.000Z,0.00053,0x91f2590733f73c38e3c38a149cdd40755713a80e,buy,0x0d8775f648430679a709e98d2b0cb6250d2887ef,0xe2a981d963bfc736dea99e000d88fb6bde809ada73c00096333eec3857232523
224,698.363,0.348483137,0x4cd6aaf29c19187f8c7ed5c95313010c81f59298,2017-10-24T01:52:03.000Z,0.000499,0x00eb59d8d94684a24c12252d51bc18477579189a,buy,0x0d8775f648430679a709e98d2b0cb6250d2887ef,0x923708e6fc2236bb77e4842280080b8be998762451aea9901e092fbc9b104f7d
225,5878.438273430156,2.933340698441648,0xff4482de17e729e19d75d70fc005f2e4ba75905f,2017-10-24T01:32:59.000Z,0.000499,0x00eb59d8d94684a24c12252d51bc18477579189a,buy,0x0d8775f648430679a709e98d2b0cb6250d2887ef,0x7f4f7c8137c49d7dd534ca084f2f8692f9eb9b01ca1e27136ef939b5d46c6e44
226,10,0.0048,0x3b473f950fb09602597199ce1274e22ccd875960,2017-10-24T00:49:34.000Z,0.00048,0x7328826b11474bfba37ed52218da80c1624da933,buy,0x0d8775f648430679a709e98d2b0cb6250d2887ef,0xbcc25d085f6f33ad92e5b57241e4f464fbe277d4a664fca6eb1c5774d8835262
227,823.1982426691595,0.41077592309191063,0x91f393650b00852200e1ef5d4a46e6aec5d1ea0c,2017-10-24T00:17:03.000Z,0.000499,0x00eb59d8d94684a24c12252d51bc18477579189a,buy,0x0d8775f648430679a709e98d2b0cb6250d2887ef,0xc1ef208082b2d05fa75dba3c8159dfc865750a8e91940e7b5854f8c56f5e08f1
228,600,0.2994,0x183c0e555551dd1c159d6f8ce494751aad13ab8a,2017-10-23T23:32:14.000Z,0.000499,0x00eb59d8d94684a24c12252d51bc18477579189a,buy,0x0d8775f648430679a709e98d2b0cb6250d2887ef,0xe6722811d690e8fcae0ba5b32e12589444a5a9fbecb5625ea827414fd7dc34e1
229,350,0.2275,0x183c0e555551dd1c159d6f8ce494751aad13ab8a,2017-10-23T22:58:04.000Z,0.00065,0x30ad3b0451b2595263b68fd4e04e5c3d052d3698,buy,0x0d8775f648430679a709e98d2b0cb6250d2887ef,0x44f6a464f2c1689e08f05c9f2fb13fdb59f6d14319e57ebd72dc05c127c97126
230,1312.136,0.6899998369600001,0x8a4a088866056e97df13c715ac889e8b33abadb1,2017-10-23T22:45:09.000Z,0.0005258600000000001,0x9c17e14768936a8f17f5ffa343e825ad2da745da,buy,0x0d8775f648430679a709e98d2b0cb6250d2887ef,0xad4f4dee4b220298c72964e8e97486dddb70095ff8f4e1a01cfb4ccc5c03b264
231,131,0.0655,0x2346ec020397e426a781d0ad2b55e6b71432808f,2017-10-23T18:40:36.000Z,0.0005,0xd483b1ded6cfcba80640dff843ac07b391f90005,buy,0x0d8775f648430679a709e98d2b0cb6250d2887ef,0xad8c3905213e4a00a2beb2f42d10bbb91d590fd4c1c04d1d1ad2669297294ac3
232,65,0.0325,0x54cd8752187aaf378a8aa90df7741d5f89870f9b,2017-10-23T17:38:28.000Z,0.0005,0xd483b1ded6cfcba80640dff843ac07b391f90005,buy,0x0d8775f648430679a709e98d2b0cb6250d2887ef,0x15c0465f259ffaf89e30823fc90613707f930a29a7443a5c614f8baa2c907793
233,1480.2033695543814,0.6809039114186023,0x65a83820d3a8cd3c72e1b7f8b9e95c1571f0b062,2017-10-23T15:46:45.000Z,0.000460007,0x79dfda26ff037844daabe6dc3cdd39123a3bb8df,sell,0x0d8775f648430679a709e98d2b0cb6250d2887ef,0xf26fe26a9780eae091c4fe3716e23942ae083fe3dbb68f5beabc10f45022e664
234,124,0.057288,0x487900cb95d2aaa302ae2646d24812845bae68a6,2017-10-23T15:36:30.000Z,0.000462,0x79dfda26ff037844daabe6dc3cdd39123a3bb8df,sell,0x0d8775f648430679a709e98d2b0cb6250d2887ef,0x3fec884b80d3e40d45ab7f31a6843666415d2995ceab0f21396c8bd5122ca17c
235,400,0.1844,0xd98a3954353055ab642c9159c7f3b25dac2dc29b,2017-10-23T15:35:31.000Z,0.000461,0x79dfda26ff037844daabe6dc3cdd39123a3bb8df,sell,0x0d8775f648430679a709e98d2b0cb6250d2887ef,0xfd6af3c372389f1fb1b8381fdca888fbae66d4ea0e4f8583a0def0f6eb0e3cc8
236,212,0.097944,0x7328826b11474bfba37ed52218da80c1624da933,2017-10-23T15:34:25.000Z,0.000462,0x79dfda26ff037844daabe6dc3cdd39123a3bb8df,sell,0x0d8775f648430679a709e98d2b0cb6250d2887ef,0x8d7795cb1b8a29cd39ebda1ef7596c6a7abd8628c4591a4df5411ac65884f4a7
237,844.850690185422,0.4223408600236925,0xedeaa11ecadca9a1ffdb1201ce86d5ec8e6cc14a,2017-10-23T13:54:59.000Z,0.0004999,0x4cd6aaf29c19187f8c7ed5c95313010c81f59298,buy,0x0d8775f648430679a709e98d2b0cb6250d2887ef,0x65150b55bb639877ca05f78147c2826588e431e2ed2c47c2385393e99ca72d62
238,200,0.1018,0x0265afc497b9dfc5a9648d66322e19b9edcd0faa,2017-10-23T07:26:07.000Z,0.000509,0x4cd6aaf29c19187f8c7ed5c95313010c81f59298,buy,0x0d8775f648430679a709e98d2b0cb6250d2887ef,0xe3f8300ad9da20258b67db5c77fbfcf4ab60cfa3195165729e79523c3791cc44
239,200,0.1018,0x0265afc497b9dfc5a9648d66322e19b9edcd0faa,2017-10-23T04:34:41.000Z,0.000509,0x4cd6aaf29c19187f8c7ed5c95313010c81f59298,buy,0x0d8775f648430679a709e98d2b0cb6250d2887ef,0x84e8990c6f9dcc95536a6fd76c6340ab3c39265ada27d6f2555a31fc151e1e5c
240,300,0.1527,0x0265afc497b9dfc5a9648d66322e19b9edcd0faa,2017-10-23T04:32:59.000Z,0.000509,0x4cd6aaf29c19187f8c7ed5c95313010c81f59298,buy,0x0d8775f648430679a709e98d2b0cb6250d2887ef,0x9d0112c4e42d4b993beda50862dd2e54c91fbf787052d0a65ac638809aa81a10
241,80,0.04,0xa7887447f04d999529668c1d8527da856c02e957,2017-10-23T02:24:35.000Z,0.0005,0x4cd6aaf29c19187f8c7ed5c95313010c81f59298,sell,0x0d8775f648430679a709e98d2b0cb6250d2887ef,0x22a269fdc255d91e97d14a3a2ce448231c4cbcea027f9a0aafe768ee82b37f40
242,157.48978558669344,0.07186731385677582,0x9c17e14768936a8f17f5ffa343e825ad2da745da,2017-10-22T21:09:47.000Z,0.00045633000000000007,0x2617d7e8180e218f7f56e7729171c4394bfaae3f,sell,0x0d8775f648430679a709e98d2b0cb6250d2887ef,0x74580c51b08215ec8ca9d3cf3bc225bbb4956ea4154c9a36d836c8dd3c099bea
243,1699.9999999976044,0.8244999999988382,0x4f09e7dc45674e168b19846bdfb413913854dc04,2017-10-22T18:49:25.000Z,0.000485,0xd483b1ded6cfcba80640dff843ac07b391f90005,buy,0x0d8775f648430679a709e98d2b0cb6250d2887ef,0x2fa5f11787b9ad50a26b96424f9a48d818da346a880383109f6c66782dd1746c
244,0.000000002395612371,0.000000000001161872,0x4f09e7dc45674e168b19846bdfb413913854dc04,2017-10-22T18:40:35.000Z,0.00048500000002713294,0xd483b1ded6cfcba80640dff843ac07b391f90005,buy,0x0d8775f648430679a709e98d2b0cb6250d2887ef,0xab18a191be924c3592e45b46d86520ef9ff2a07bd3c8f146da1d2a944f48153e
245,1,0.00049,0xe1fa699860444be91d366c21de8fef56e3dec77a,2017-10-22T18:19:22.000Z,0.00049,0xd483b1ded6cfcba80640dff843ac07b391f90005,buy,0x0d8775f648430679a709e98d2b0cb6250d2887ef,0xdfa1d92a8c0933e5eaa851741541c9a2cdac2805296f62042c0db7866561da3a
246,300,0.1455,0x1fd29d9b7a3217e242c0eb9cbe8d82798e7d9a01,2017-10-22T17:26:24.000Z,0.000485,0xd483b1ded6cfcba80640dff843ac07b391f90005,buy,0x0d8775f648430679a709e98d2b0cb6250d2887ef,0x56e1a35e5933b1bf52849c36a879c7559cc6492f9307aa609c0d14cff15a24f7
247,8.533,0.00401051,0xf142f26d1cac4ba8a6e6d7974d243eda2fe5f4f9,2017-10-22T12:40:21.000Z,0.00047,0xccf96df350d221d8ad7c5fb56fe0fb4769787ead,buy,0x0d8775f648430679a709e98d2b0cb6250d2887ef,0xc6850440b22a14c1b386e98b8b259613de0a84c20e61856c07905f279448d3f1
248,6263.4065872340425,2.943801096,0x73b7424a32b34806f9ba10129843ce9cc3069397,2017-10-22T11:19:48.000Z,0.00047,0xccf96df350d221d8ad7c5fb56fe0fb4769787ead,buy,0x0d8775f648430679a709e98d2b0cb6250d2887ef,0x2cc96d70619c93131333d25db08dbd0d6b327512c9960983817e2f08b1071c9f
249,8962.060270212765,4.212168327,0x73b7424a32b34806f9ba10129843ce9cc3069397,2017-10-22T11:19:23.000Z,0.00047,0xccf96df350d221d8ad7c5fb56fe0fb4769787ead,buy,0x0d8775f648430679a709e98d2b0cb6250d2887ef,0x464ccf7219b5b9e427de4d8cf07feabb2eb688e5853665e0da17a8c7172dd8d5
250,1112,0.5004,0x97a7d32d8f7c2a1932816f1c66fa8da5145549b8,2017-10-22T10:18:31.000Z,0.00045,0x4d517d272ce8d879d8891518e70153b49d2cdb96,sell,0x0d8775f648430679a709e98d2b0cb6250d2887ef,0xe08cb6f606176e814ba30b973eadd3d5d6fb8deba0e6a0ed53f761592d2a62a5
251,1625,0.739375,0x4cd6aaf29c19187f8c7ed5c95313010c81f59298,2017-10-22T03:50:06.000Z,0.000455,0x46580b9a64022ac0a3d283ce7c9ee9d9e0f59050,sell,0x0d8775f648430679a709e98d2b0cb6250d2887ef,0xa052e404181c096b7a8015995a2f8fe33fdf7a08e36576ee3b4e5deab5090103
252,125,0.05675,0x2a815f4b0d2b2b1c6f1ca95da50ce37ff37d01fa,2017-10-22T03:50:06.000Z,0.000454,0x46580b9a64022ac0a3d283ce7c9ee9d9e0f59050,sell,0x0d8775f648430679a709e98d2b0cb6250d2887ef,0x12be9e82ae02afd9327f7484e69e60c9bc77efb3bea10175bdb82dda40cf7868
253,8000,3.60008,0x00eb59d8d94684a24c12252d51bc18477579189a,2017-10-22T03:47:35.000Z,0.00045001,0x46580b9a64022ac0a3d283ce7c9ee9d9e0f59050,sell,0x0d8775f648430679a709e98d2b0cb6250d2887ef,0x2b9f4eedbe0cfb4e225ad69e28c230cd5614225dfa783df5812aab8b2abd771b
254,220,0.099726,0x71623c3223a618f75de4f094c25fc612ce0d7c9d,2017-10-22T03:36:32.000Z,0.0004533,0x46580b9a64022ac0a3d283ce7c9ee9d9e0f59050,sell,0x0d8775f648430679a709e98d2b0cb6250d2887ef,0xe3297e426d1e035e7b281b25cc3f47eca63f7bfb9b237e8f900f38b2e8682209
255,937.339,0.46862028860206856,0x00eb59d8d94684a24c12252d51bc18477579189a,2017-10-22T03:36:11.000Z,0.0004999474988260049,0x46580b9a64022ac0a3d283ce7c9ee9d9e0f59050,sell,0x0d8775f648430679a709e98d2b0cb6250d2887ef,0xc71a3d0cd64247a837aec274c9ef1a4a7c9d70c4f436b0b5af28663d56f65e12
256,1469.617,0.68999987767,0x9c17e14768936a8f17f5ffa343e825ad2da745da,2017-10-22T03:35:43.000Z,0.00046951,0x46580b9a64022ac0a3d283ce7c9ee9d9e0f59050,sell,0x0d8775f648430679a709e98d2b0cb6250d2887ef,0x16d9823adc94e4079db18eca8e9e973657cc4e063b62a8b0b7ba5306d152bc30
257,700,0.3499636,0x89a359b8847852c2b6acad36d328a8e237daacc4,2017-10-22T03:35:33.000Z,0.000499948,0x46580b9a64022ac0a3d283ce7c9ee9d9e0f59050,sell,0x0d8775f648430679a709e98d2b0cb6250d2887ef,0xcf01a8eefd7f0a5bbdb3ac5663463f9db9f0ee14d7dd6aea71f7dd20d0b74526
258,2000,0.90662,0x3dee4a4e076e8d82859d241db0baf46f112cfa23,2017-10-22T03:35:33.000Z,0.00045331,0x46580b9a64022ac0a3d283ce7c9ee9d9e0f59050,sell,0x0d8775f648430679a709e98d2b0cb6250d2887ef,0x2da502326fc83b68c3d74ed7c3dd92d6ec4a4309f7852d0edcd097c97eaaca56
259,937.3390394437429,0.493284534955394,0x91f393650b00852200e1ef5d4a46e6aec5d1ea0c,2017-10-22T00:52:15.000Z,0.0005262605249517082,0x00eb59d8d94684a24c12252d51bc18477579189a,buy,0x0d8775f648430679a709e98d2b0cb6250d2887ef,0x33127bc20516f3174fb7c96e432b045ea60018c3350a7acacb21a58ebd3db11d
260,20.511681210405545,0.010438394567975382,0x0233c54e9aac25e4f5ff616af9d64b044fdaab4a,2017-10-21T23:43:28.000Z,0.0005089,0xd4667c4fc17a41e5da5b196dee81aa116823fc05,buy,0x0d8775f648430679a709e98d2b0cb6250d2887ef,0x1682d8f62f9bb762ca544965484b1f6c755740b183d1fb05279967ae811e1e12
261,4420,2.21,0x5eed2841e8e234bb4795836ef9b493bd91a315af,2017-10-21T23:07:59.000Z,0.0005,0xd483b1ded6cfcba80640dff843ac07b391f90005,buy,0x0d8775f648430679a709e98d2b0cb6250d2887ef,0xc7835c0383e0f117b78db05d3fe0e39cf859c5c6789fa6300c7c82a64acb75a5
262,200.692,0.10217430412,0xada754b500d5b1f588a67c392e445f20beb5cb98,2017-10-21T20:07:43.000Z,0.00050911,0xd483b1ded6cfcba80640dff843ac07b391f90005,buy,0x0d8775f648430679a709e98d2b0cb6250d2887ef,0x7172c67f31a0540a15aea3b197ffca38043d60738613b25226a360fa513ae5ab
263,1302.83,0.6615510174,0xbcc5b892beb920716070172c84cd02f81a0e2560,2017-10-21T19:16:50.000Z,0.00050778,0x9c17e14768936a8f17f5ffa343e825ad2da745da,buy,0x0d8775f648430679a709e98d2b0cb6250d2887ef,0x9f7090bddf1b286816c0a356a674a9ee1158f8860d929a17a1ea830ebc9c65bb
264,1700.1725443407558,0.8602873074364225,0x495b22e7653454ac79ecf9a84952f65b65c80635,2017-10-21T18:17:35.000Z,0.0005059999999999999,0xd483b1ded6cfcba80640dff843ac07b391f90005,sell,0x0d8775f648430679a709e98d2b0cb6250d2887ef,0xfa24b40e9f021595f45eba62f5d0af9636a9dd22e18fb333de88b45887521114
265,1299.8274556592442,0.6577126925635776,0x495b22e7653454ac79ecf9a84952f65b65c80635,2017-10-21T18:09:13.000Z,0.0005059999999999999,0x9c17e14768936a8f17f5ffa343e825ad2da745da,sell,0x0d8775f648430679a709e98d2b0cb6250d2887ef,0xf52b9f774ad9605c64eee477c8cb076fb177216113348e117aa5b1fa156c5a00
266,2.4999999999999343,0.001271499999999966,0xa75fcdf436c9713b3757819f1fb235918749c3ba,2017-10-21T17:27:14.000Z,0.0005085999999999997,0xd4667c4fc17a41e5da5b196dee81aa116823fc05,sell,0x0d8775f648430679a709e98d2b0cb6250d2887ef,0x020a57dc2eec374199a5a8784f44a835427370b43767e366e7967e704fbd56a3
267,497.50000000000006,0.25302850000000005,0xa75fcdf436c9713b3757819f1fb235918749c3ba,2017-10-21T17:08:34.000Z,0.0005086,0x9c17e14768936a8f17f5ffa343e825ad2da745da,sell,0x0d8775f648430679a709e98d2b0cb6250d2887ef,0x7189baf8392b36a4ea4253a4864ea2887fb99ce223146659ac6e68a4c26e855a
268,500,0.254555,0xefbf0404abeec650f4536c8535476098efd36493,2017-10-21T16:41:59.000Z,0.00050911,0xd483b1ded6cfcba80640dff843ac07b391f90005,buy,0x0d8775f648430679a709e98d2b0cb6250d2887ef,0x4f2c4ef1b2c6bfb2310d4935ead20d4c0dd4c46f7a6413c4c0a4ba333a1403a3
269,37,0.01776,0xa41f6028d1977d44c6e161a5f01572417236515d,2017-10-21T11:57:26.000Z,0.00048,0xd4667c4fc17a41e5da5b196dee81aa116823fc05,sell,0x0d8775f648430679a709e98d2b0cb6250d2887ef,0xe9782e28a16bffcc8d52e1bcd1d7a075728ccd5e4c55e2c765c4d76bc41668af
270,160,0.0768016,0x1239cd55b456752b1a70a9ea8f2664e89c58b5b2,2017-10-21T11:56:58.000Z,0.00048001,0xd4667c4fc17a41e5da5b196dee81aa116823fc05,sell,0x0d8775f648430679a709e98d2b0cb6250d2887ef,0x28b6f1c072fb4f63b720264991a9ea4a4bef69b2adbb5d73a2138034c62a5978
271,622,0.29856,0xf361e7f39beb5e1a3f7fef72abd805797f8c1e84,2017-10-21T11:18:15.000Z,0.00048,0xd4667c4fc17a41e5da5b196dee81aa116823fc05,sell,0x0d8775f648430679a709e98d2b0cb6250d2887ef,0xce4e448e09eba71d84f751f13dbc98a2ddb1a38b8ae5561f6df55992c6070f93
272,50,0.024005,0x7d6ce65de94582e5536fc84cb17c0e276fe4b497,2017-10-21T11:16:14.000Z,0.0004801,0xd4667c4fc17a41e5da5b196dee81aa116823fc05,sell,0x0d8775f648430679a709e98d2b0cb6250d2887ef,0x15a44e44437096a59a4bf0e5bdd6470039c7122d75cf54337a0381b0ecf8e56a
273,300,0.1464,0xa4a427e29022187fc470d001423cbbf9084b4a3f,2017-10-21T06:44:32.000Z,0.000488,0xd483b1ded6cfcba80640dff843ac07b391f90005,sell,0x0d8775f648430679a709e98d2b0cb6250d2887ef,0x61a58af1d29077fa4c7efa4d5b912c7e065c0869b854ffc1af69f66039c29aa9
274,508.744,0.25437708744,0x00eb59d8d94684a24c12252d51bc18477579189a,2017-10-21T06:41:31.000Z,0.00050001,0xd483b1ded6cfcba80640dff843ac07b391f90005,sell,0x0d8775f648430679a709e98d2b0cb6250d2887ef,0x81f8013718dbb9f1ef35a8fe615439733dc38cd237aa8bcfbe1261819ddae38b
275,930.7497468070908,0.46538418090101347,0x00eb59d8d94684a24c12252d51bc18477579189a,2017-10-21T06:34:49.000Z,0.00050001,0x9c17e14768936a8f17f5ffa343e825ad2da745da,sell,0x0d8775f648430679a709e98d2b0cb6250d2887ef,0x4600c7295b991e2beae42152f0685e604713c9b514723b056de55ecd9725ab31
276,6261.812104054809,3.130968670148445,0x00eb59d8d94684a24c12252d51bc18477579189a,2017-10-21T04:48:48.000Z,0.00050001,0xd4667c4fc17a41e5da5b196dee81aa116823fc05,sell,0x0d8775f648430679a709e98d2b0cb6250d2887ef,0xc2275168163a2b79b52e3d403aa47dda71d9a0fe3e36aa649883a0d90e2abbd2
277,200,0.100002,0x00eb59d8d94684a24c12252d51bc18477579189a,2017-10-21T03:20:35.000Z,0.00050001,0x80386b7d64963b5d929ff665d8e1cd75fab4bb00,sell,0x0d8775f648430679a709e98d2b0cb6250d2887ef,0x148c65f729e96314a4b256b8a424d8c0e09377d61e8ed900ffcd430087689104
278,200,0.109304,0xcd0a7ca4ba69f8ac1b2444e86b512d99d523ec06,2017-10-21T02:21:54.000Z,0.00054652,0x9c17e14768936a8f17f5ffa343e825ad2da745da,buy,0x0d8775f648430679a709e98d2b0cb6250d2887ef,0x4d71ea4480c2f15aa67bb8555c281054fef0a27fa90360d73e4b1cb3db40fd33
279,180,0.09837720000000001,0xac75b73394c329376c214663d92156afa864a77f,2017-10-21T01:55:56.000Z,0.00054654,0x9c17e14768936a8f17f5ffa343e825ad2da745da,buy,0x0d8775f648430679a709e98d2b0cb6250d2887ef,0x585cd4669da1dae1b44672811546d6a8ddcf18004f78af9ccad5ae7027b6eb07
280,583.9946985512794,0.3200290948061011,0x20c473542f8407b51e51e11523abd366dfe2e55f,2017-10-20T21:26:29.000Z,0.000548,0x4d0cc8e89db36586d590341502c6c3a7f4c31c74,buy,0x0d8775f648430679a709e98d2b0cb6250d2887ef,0xd532781bf3bfd30eaaafd026c3e5d7b2c0b981a974666a61d7ec89b10fdc6cdf
281,696.4999999999999,0.3800591549999999,0x1da251119e3a70bcb4aed858bd2acccff2155077,2017-10-20T20:32:54.000Z,0.0005456699999999999,0x9c17e14768936a8f17f5ffa343e825ad2da745da,sell,0x0d8775f648430679a709e98d2b0cb6250d2887ef,0xc2adbce2d932267cc8bf8aa66b9499670d2a1a398402b1d9dc573a27e8665493
282,98.6940484498056,0.0493480111653873,0x00eb59d8d94684a24c12252d51bc18477579189a,2017-10-20T16:22:45.000Z,0.00050001,0x59dec1d48af28e5076ae7a6b53ce489c5051ce68,sell,0x0d8775f648430679a709e98d2b0cb6250d2887ef,0x74bb8b5eb69b67b7ff1ca44782b3a8cbadbfba10d879e642f4d84cb60d790c90
283,5,0.0027,0x1a98b91d4bf41cb018af83349fb9b0409c4cad72,2017-10-20T15:51:09.000Z,0.00054,0xebf27ef6c3b5a557e840f444a22b1131801e2997,sell,0x0d8775f648430679a709e98d2b0cb6250d2887ef,0x08d1d3f9a6fe7f1b85d2a5c9cbb85be95090d40ad74f1baa06284bd361d4c1e1
284,5223,2.82042,0xb589025aa3646945569006a0903e4dfd157282c1,2017-10-20T13:57:01.000Z,0.00054,0xd483b1ded6cfcba80640dff843ac07b391f90005,buy,0x0d8775f648430679a709e98d2b0cb6250d2887ef,0x95d0ebc80c9925b80027d12c23a66efbf017a504dd4ffa7c846809d551b9fb6b
285,40,0.02192,0x811c5a7881b0dd6b129041e792478f9833460ced,2017-10-20T06:05:18.000Z,0.000548,0x80386b7d64963b5d929ff665d8e1cd75fab4bb00,buy,0x0d8775f648430679a709e98d2b0cb6250d2887ef,0x600c5d3bea56958c83997697c1965b412957af2d1ea855692ce29f3b38ca67be
286,900,0.48492900000000005,0x7bfc60db9cfa0f7da4696c5f97cdb6f9670322d8,2017-10-20T05:18:03.000Z,0.00053881,0x9c17e14768936a8f17f5ffa343e825ad2da745da,buy,0x0d8775f648430679a709e98d2b0cb6250d2887ef,0x5a254a19a80ac3914de00fa73b91d6d79599ccc5f58bb92c74b4c47314438007
287,995,0.5373,0x1a98b91d4bf41cb018af83349fb9b0409c4cad72,2017-10-19T22:57:47.000Z,0.00054,0x9c17e14768936a8f17f5ffa343e825ad2da745da,sell,0x0d8775f648430679a709e98d2b0cb6250d2887ef,0x32d3b8d6d920c7a93801d4708b5d9585ecd9264910828bf71ac620ddf4523b29
288,698.79,0.38333523030000005,0x4c781be3d0cb2a70800d3e3d69376f238c138b73,2017-10-19T22:03:13.000Z,0.0005485700000000001,0x9c17e14768936a8f17f5ffa343e825ad2da745da,buy,0x0d8775f648430679a709e98d2b0cb6250d2887ef,0xf585c8a381996d34bbb957d1ddcab3265f2d2d692d9256296f70bb76fa3ea66b
289,311.20989853007006,0.17070485354171405,0x4c781be3d0cb2a70800d3e3d69376f238c138b73,2017-10-19T21:52:59.000Z,0.00054852,0x9c17e14768936a8f17f5ffa343e825ad2da745da,buy,0x0d8775f648430679a709e98d2b0cb6250d2887ef,0x46adda49360e8c7af7d9f5ba22fd8eb4e03dadfb82bfb568b61d2952e41016f7
290,946.7205324478339,0.5192951464582859,0xf022e76accfe24a4cdb3eda946076be319ca376e,2017-10-19T21:35:33.000Z,0.00054852,0x9c17e14768936a8f17f5ffa343e825ad2da745da,buy,0x0d8775f648430679a709e98d2b0cb6250d2887ef,0x306d42765434eb0c1b0083fefdf3c27e5e356b196a294f4f6a6dc6e67d7b4982
291,0.2,0.00011,0x6cdea8e07bf82d7a07dbf36642d6e5be8623845c,2017-10-19T14:42:55.000Z,0.00055,0xd483b1ded6cfcba80640dff843ac07b391f90005,buy,0x0d8775f648430679a709e98d2b0cb6250d2887ef,0x7781f61ee4f1779df8c959866b77e90cd30cd242b02d06604e8b61c51c0f3148
292,796,0.413920796,0x48eaedfa6ab55f414a433f0778f55ed9b827e822,2017-10-19T14:24:56.000Z,0.000520001,0x9c17e14768936a8f17f5ffa343e825ad2da745da,sell,0x0d8775f648430679a709e98d2b0cb6250d2887ef,0xd2b10f8f69970ff183406977f265d5cbae3615848586b1ea88ecb99086b57133
293,344,0.19952,0x88a5e8b95e8e96221a0b6b9fa93c9c422e5892c3,2017-10-19T13:04:28.000Z,0.00058,0x0bad0d4699d16b6a9c1346be706b3de39fd0ad82,buy,0x0d8775f648430679a709e98d2b0cb6250d2887ef,0x456e6f6f23ec35311760379d8c3d2ed1d98f2843909e45a4c625811a54ecbd35
294,2237.215773791188,1.1868429679962254,0xebf27ef6c3b5a557e840f444a22b1131801e2997,2017-10-19T12:49:36.000Z,0.0005304999999999999,0xd4667c4fc17a41e5da5b196dee81aa116823fc05,sell,0x0d8775f648430679a709e98d2b0cb6250d2887ef,0xa51890617ed2716ca32cacd2d9067ceb27ef68440b39995c009ef8a9ccbe7757
295,1511.4268994088427,0.801811970136391,0xebf27ef6c3b5a557e840f444a22b1131801e2997,2017-10-19T12:15:14.000Z,0.0005304999999999999,0xd4667c4fc17a41e5da5b196dee81aa116823fc05,sell,0x0d8775f648430679a709e98d2b0cb6250d2887ef,0xf5b7baaa25dd8a37cf5f4b0169480a28eb0b1fbefddf7a8ee637bf5d0348363b
296,185,0.0999,0x1c5068e0d1031b3b0c4932f4c0b71708e17f1367,2017-10-19T12:12:31.000Z,0.00054,0xd4667c4fc17a41e5da5b196dee81aa116823fc05,sell,0x0d8775f648430679a709e98d2b0cb6250d2887ef,0xff391dc50e597e5cb1020de8d24ce4c95f87f099ec6a75c266c4173d4bb01dce
297,4.575,0.0024705,0x2cb24ead62eedbacdb7899af7a08134f480ff538,2017-10-19T12:12:01.000Z,0.00054,0xd4667c4fc17a41e5da5b196dee81aa116823fc05,sell,0x0d8775f648430679a709e98d2b0cb6250d2887ef,0x9638369413c24540d9fb805adc5538a40c19ceace029db9ec10b2707c476c298
298,830,0.4482,0x1e20dd2f2be5144e6be5f1b6cdb4c2fe132ab216,2017-10-19T12:11:42.000Z,0.00054,0xd4667c4fc17a41e5da5b196dee81aa116823fc05,sell,0x0d8775f648430679a709e98d2b0cb6250d2887ef,0x084666fa9694acb552ce80e4acf39b5cf73f43d4ad4ccee72611bf208413580d
299,910.425,0.4916295,0x2cb24ead62eedbacdb7899af7a08134f480ff538,2017-10-19T10:49:45.000Z,0.00054,0x9c17e14768936a8f17f5ffa343e825ad2da745da,sell,0x0d8775f648430679a709e98d2b0cb6250d2887ef,0x2036fa32832399e083e05269894f7e38c246a8758821779679ef119fd78ef093
300,1190.3735012507545,0.69,0x3d94cd6087ef5793c38878f1343be2bf558281d4,2017-10-19T05:25:56.000Z,0.0005796500000000001,0x9c17e14768936a8f17f5ffa343e825ad2da745da,buy,0x0d8775f648430679a709e98d2b0cb6250d2887ef,0xd88564fcddf5698c244a4d485ea3435cc8ee1f095c7d35384ccd0a1b709be9e3
301,0,0,0x7e2fc4723081c10cc2aa97e860399387da174c30,2017-10-19T01:42:28.000Z,NaN,0x86f07ee309655dbb0c169668f4e27848c0deda77,sell,0x0d8775f648430679a709e98d2b0cb6250d2887ef,0x77ae2ccd36fbef2ce0c743dda20881f236c22e5d8dd95d9f27d97d158ba8dc17
302,0,0,0x86f07ee309655dbb0c169668f4e27848c0deda77,2017-10-19T01:42:28.000Z,NaN,0x9c17e14768936a8f17f5ffa343e825ad2da745da,buy,0x0d8775f648430679a709e98d2b0cb6250d2887ef,0x77ae2ccd36fbef2ce0c743dda20881f236c22e5d8dd95d9f27d97d158ba8dc17
303,700,0.455,0x7e2fc4723081c10cc2aa97e860399387da174c30,2017-10-19T01:42:28.000Z,0.00065,0xd445f61ebca3d6b4c57eef1f39fdab6595ef8972,sell,0x0d8775f648430679a709e98d2b0cb6250d2887ef,0x1e8dc989691216af3ce7d91b7fd957f00b8096ac4dfa3aa492d44e495ffd7e2f
304,702.1063189568706,0.40698996990972924,0xd445f61ebca3d6b4c57eef1f39fdab6595ef8972,2017-10-19T01:42:28.000Z,0.0005796700000000001,0x9c17e14768936a8f17f5ffa343e825ad2da745da,buy,0x0d8775f648430679a709e98d2b0cb6250d2887ef,0x1e8dc989691216af3ce7d91b7fd957f00b8096ac4dfa3aa492d44e495ffd7e2f
305,58.621,0.03400018,0x55ebcb84dca2e53a3df1442f51b0e762ee5c1b9e,2017-10-19T00:43:35.000Z,0.00058,0x0bad0d4699d16b6a9c1346be706b3de39fd0ad82,buy,0x0d8775f648430679a709e98d2b0cb6250d2887ef,0x0f7876104e7a6e1de92ae6c797276b2cf1238806edadeaae80698b08a237e5b6
306,1189.5936417081875,0.69,0xcc499d16d7b24bd1388b44bb950b54b6c24b23e5,2017-10-18T22:19:18.000Z,0.0005800299999999999,0x9c17e14768936a8f17f5ffa343e825ad2da745da,buy,0x0d8775f648430679a709e98d2b0cb6250d2887ef,0x47522ed2471aa3d49cdaedb5832fb70888f8c2063d1d507de7df667d1f7dba24
307,2349.7497821428938,1.3628548736428785,0xcc499d16d7b24bd1388b44bb950b54b6c24b23e5,2017-10-18T22:18:20.000Z,0.00058,0xd4667c4fc17a41e5da5b196dee81aa116823fc05,buy,0x0d8775f648430679a709e98d2b0cb6250d2887ef,0x84d9d4f9529266873ccce6ba364934adbc6e6c3b21984d19793a71f75e7965d7
308,170.25021785710612,0.09874512635712156,0x91f393650b00852200e1ef5d4a46e6aec5d1ea0c,2017-10-18T22:16:45.000Z,0.00058,0xd4667c4fc17a41e5da5b196dee81aa116823fc05,buy,0x0d8775f648430679a709e98d2b0cb6250d2887ef,0xa3d68d453757c802cd6307fc3baef55c62d3e52ef2dc163286e9962edab355be
309,20,0.012,0xea2996b9e0375f0251563bf581ac75a93380494b,2017-10-18T21:39:01.000Z,0.0006,0xd4667c4fc17a41e5da5b196dee81aa116823fc05,sell,0x0d8775f648430679a709e98d2b0cb6250d2887ef,0xd13fdb8764c7bed2fb66cea13dd0b978110ad9a6ad8b5578f55a405c97a48a8b
310,20,0.012,0xea2996b9e0375f0251563bf581ac75a93380494b,2017-10-18T21:38:41.000Z,0.0006,0xd4667c4fc17a41e5da5b196dee81aa116823fc05,sell,0x0d8775f648430679a709e98d2b0cb6250d2887ef,0xd13fdb8764c7bed2fb66cea13dd0b978110ad9a6ad8b5578f55a405c97a48a8b
311,107.47568326495511,0.060186382628374856,0x2aff3281ba1c2f5b0fc7ef3583002ef2d62d173e,2017-10-18T21:38:23.000Z,0.00056,0xd4667c4fc17a41e5da5b196dee81aa116823fc05,sell,0x0d8775f648430679a709e98d2b0cb6250d2887ef,0x8151291611130290e114a6adb97da31e94ff94c0148334260636a94a0075cfd6
312,99.69279661322257,0.05582796610340464,0x2aff3281ba1c2f5b0fc7ef3583002ef2d62d173e,2017-10-18T19:28:15.000Z,0.00056,0xf907f8b2c3898ea475584f6fb9a53cece9207216,sell,0x0d8775f648430679a709e98d2b0cb6250d2887ef,0x80c4ece65112e5281345dfef10ba27c9459c2d3fbe14cf658ec7b2651da02f09
313,42.83152012182233,0.023985651268220505,0x2aff3281ba1c2f5b0fc7ef3583002ef2d62d173e,2017-10-18T19:12:29.000Z,0.00056,0x2617d7e8180e218f7f56e7729171c4394bfaae3f,sell,0x0d8775f648430679a709e98d2b0cb6250d2887ef,0x607d7fddf9f081820c1183c395b1c15436293e5eea5e7beeeaf4ce43423f807c
314,111.852,0.06375564,0x2aff3281ba1c2f5b0fc7ef3583002ef2d62d173e,2017-10-18T19:10:49.000Z,0.00057,0x2617d7e8180e218f7f56e7729171c4394bfaae3f,sell,0x0d8775f648430679a709e98d2b0cb6250d2887ef,0x6897e7ba630b0cdfb24ad40ca80bfe088e85bf21e862c75e34b3198fce353884
315,138.14774199980062,0.07874421293988636,0x2aff3281ba1c2f5b0fc7ef3583002ef2d62d173e,2017-10-18T19:00:51.000Z,0.00057,0x2617d7e8180e218f7f56e7729171c4394bfaae3f,sell,0x0d8775f648430679a709e98d2b0cb6250d2887ef,0x5fd57445e49742141839856dce0f12baa841ed6ec77ca0acc60f214270890582
316,50,0.02935,0x0dcea2fa107a4d6952a5c245e31f58a5c351020e,2017-10-18T17:38:49.000Z,0.000587,0x7fccf060abf989d5675fa0a3dd7f5ee2a5945837,buy,0x0d8775f648430679a709e98d2b0cb6250d2887ef,0x5001639317781c2bcf821b1883b10b024737adb931ebf87f843e5f09a024d63d
317,0.9999999999999998,0.00059306,0x3ac636ac5c3a2576156ac5f10066ca68abe0ad54,2017-10-18T16:13:43.000Z,0.0005930600000000002,0x9c17e14768936a8f17f5ffa343e825ad2da745da,buy,0x0d8775f648430679a709e98d2b0cb6250d2887ef,0x2b49a204139e9e09ae79de5b1c560bf4b1291133ec5a0e88664f400101f852e1
318,0.8517887563884157,0.0005,0x379374d13077e8867ef31803c37baf9785a17c00,2017-10-18T15:02:56.000Z,0.000587,0x7fccf060abf989d5675fa0a3dd7f5ee2a5945837,buy,0x0d8775f648430679a709e98d2b0cb6250d2887ef,0x0938d1cdace9d3c6b08606eb566ed02a61017cd4064f07dc4942d5bbc2107c09
319,0.8517887563884157,0.0005,0xf9695cd65d6dfdf257fab76a3eb0cb8f001971cc,2017-10-18T15:02:06.000Z,0.000587,0x7fccf060abf989d5675fa0a3dd7f5ee2a5945837,buy,0x0d8775f648430679a709e98d2b0cb6250d2887ef,0xac9f3c5862b015b3cd85737dff8151d5558b5de829bdbd92824872ae57b56b6d
320,6.583622938889443,0.00342348392822251,0x9a320265dcd01a2bbb63416aa0a00079deba5734,2017-10-18T08:58:18.000Z,0.00052,0xd4667c4fc17a41e5da5b196dee81aa116823fc05,sell,0x0d8775f648430679a709e98d2b0cb6250d2887ef,0x105ffb5471775538c0c196058fc778d0d1f33a886d991efa88f69c62fb43beb1
321,514.4905473836446,0.2675381715827795,0xdf1e939518f6f84ba7035aab9812f7ed2014265f,2017-10-18T08:58:16.000Z,0.0005200059999999999,0xd4667c4fc17a41e5da5b196dee81aa116823fc05,sell,0x0d8775f648430679a709e98d2b0cb6250d2887ef,0xe42e107e55499150e24f11a7a58562c5296b9f064ba1d4813f4dd9a6c53fee35
322,485.5094526163554,0.2524678284172205,0xdf1e939518f6f84ba7035aab9812f7ed2014265f,2017-10-18T07:24:52.000Z,0.0005200059999999999,0xd4667c4fc17a41e5da5b196dee81aa116823fc05,sell,0x0d8775f648430679a709e98d2b0cb6250d2887ef,0xdff110319ead41fc92cf7b57af3fc33839764df7e565ebb7954bef6ae31bad2a
323,200,0.1042,0x69feaaa6f28bc5e8c6c533927c0a54ab6b1d7274,2017-10-18T07:22:44.000Z,0.000521,0xd4667c4fc17a41e5da5b196dee81aa116823fc05,sell,0x0d8775f648430679a709e98d2b0cb6250d2887ef,0x02b1f1719e17437c4b65f38c7598de434744763dbdede8aac5f11d3f282aeebc
324,4.5,0.002475,0x30ad3b0451b2595263b68fd4e04e5c3d052d3698,2017-10-18T07:19:08.000Z,0.00055,0xd4667c4fc17a41e5da5b196dee81aa116823fc05,sell,0x0d8775f648430679a709e98d2b0cb6250d2887ef,0xa2da73b83ca1b1d2e09d3209d9f38ffb5eafc65e86c8e9931d6e5a7bf9f283ef
325,2,0.001174,0x359a434bcd08ddc98f2f0ecbf5990cf922e953e6,2017-10-18T00:08:26.000Z,0.000587,0x7fccf060abf989d5675fa0a3dd7f5ee2a5945837,buy,0x0d8775f648430679a709e98d2b0cb6250d2887ef,0xfb12883736bbf88e8ed7c076f41276b602f8445031a06a49ef47fe6368612c89
326,895.4999999999999,0.49252499999999994,0x30ad3b0451b2595263b68fd4e04e5c3d052d3698,2017-10-18T00:00:25.000Z,0.00055,0x9c17e14768936a8f17f5ffa343e825ad2da745da,sell,0x0d8775f648430679a709e98d2b0cb6250d2887ef,0xfaf9b02c2f48a399167853a20e783652f458f4aace61056a4015dfadb2a4675a
327,370.8,0.2187716292,0x198670956ac3dd32273ca3e54a2b890d01e00c89,2017-10-17T19:42:22.000Z,0.000589999,0xd0d089fe18092dcb94a1a06b2496a5b9a611d3a5,buy,0x0d8775f648430679a709e98d2b0cb6250d2887ef,0x6ac790ed3ee72ff6e87e95d880bd5720200136f8ac4484d40b9e72340fed1fa1
328,0.847457627118644,0.0005,0x16e5d97bbc92417e051e3b2cabfbf8ceea2acb9c,2017-10-17T17:11:20.000Z,0.00059,0xa5684e7c4c9880ccd020c31e45b2c4e202d901c0,buy,0x0d8775f648430679a709e98d2b0cb6250d2887ef,0xfd5ff08564612c232e46d9ddfc25a0ca994c693c9ea69c88c7c9b9000c599c7a
329,110,0.0649,0x8b5dbabb9cfb0ee1bbece31cd60b938d570aa3c4,2017-10-17T16:52:40.000Z,0.00059,0xa5684e7c4c9880ccd020c31e45b2c4e202d901c0,buy,0x0d8775f648430679a709e98d2b0cb6250d2887ef,0x0c290a6fdd1b483c9ec70471c93789cb7c6895e8376ecf6a077b7260d4247c97
330,93.41637706111055,0.04857651607177749,0x9a320265dcd01a2bbb63416aa0a00079deba5734,2017-10-17T12:33:02.000Z,0.00052,0x8a75ff000589d114288fa6b7ca9fe51b9fb69283,sell,0x0d8775f648430679a709e98d2b0cb6250d2887ef,0x76000d970f9bca962ee6a6133268dfcee9623af26cdc751c6501ed4c67c56c12
331,795.21,0.4980002627749596,0xae941e197a566dde42c5c9d13aa7c25aecddce0a,2017-10-17T11:07:09.000Z,0.0006262500003457698,0x00eb59d8d94684a24c12252d51bc18477579189a,buy,0x0d8775f648430679a709e98d2b0cb6250d2887ef,0xb3b0fa63bf1e31b40cbce81e023cf5b554db81d2ca4cd4d40494b315552a34bb
332,0.8333333333333334,0.0005,0xcd912af5286dc0b0a23edb30209734ecb60838b3,2017-10-17T04:52:42.000Z,0.0006,0xbc0945c667fadc26b9bf39e586b15eeb901e7d1c,buy,0x0d8775f648430679a709e98d2b0cb6250d2887ef,0x430a8c64547c1e9254afeaa46a630ac48a2e6f79b61f8a44f67bd5ece60921d9
333,9,0.0054,0x40e2118f706527815539d46b4c15a5e7fb31f0cb,2017-10-17T02:56:45.000Z,0.0006,0xbc0945c667fadc26b9bf39e586b15eeb901e7d1c,buy,0x0d8775f648430679a709e98d2b0cb6250d2887ef,0x042de43a3484e3d8280d2ca9e527c3e10b5d0d33db5ac082c661451e4e3f07e5
334,107,0.099724,0xbfb8a9b7af3d7d13f16c468145bef7780382d9e6,2017-10-17T00:36:36.000Z,0.000932,0xad440e6b26dd3a044a97294bf87c017d7fb81c67,sell,0x0d8775f648430679a709e98d2b0cb6250d2887ef,0x54dd4a2308ee534e4efb11f237f99913adfbac159476fa97b0d7bc6f92a60172
335,10.367,0.0062202,0x31a138689ff2dadb32fd23df9b8c54db52e9bea6,2017-10-17T00:34:56.000Z,0.0006,0xbc0945c667fadc26b9bf39e586b15eeb901e7d1c,buy,0x0d8775f648430679a709e98d2b0cb6250d2887ef,0x45092275aa2f3c079e9850a7cef6026adf4101bf6a4ede994424d9767085a3e6
336,19.938191606021334,0.009969095803010666,0xe96783249d79b0c489353a40d79c421e5f103aac,2017-10-17T00:16:18.000Z,0.0004999999999999999,0xce04accadd922303d9fa5ff1fb22005b852b52c5,sell,0x0d8775f648430679a709e98d2b0cb6250d2887ef,0x76018a3261a062d265febbf108a190382da5e0b40327e437df6e4a566e7e7553
337,6.998305253713487,0.004198983152228092,0x2971e8b34e301c2c17abf0c1d399a612238d0901,2017-10-16T21:16:50.000Z,0.0006,0xbc0945c667fadc26b9bf39e586b15eeb901e7d1c,buy,0x0d8775f648430679a709e98d2b0cb6250d2887ef,0xce1b2e58ff3df00b1e6e14e6ed2ea2189df5d1c098630a67e244a871a33b9cd7
338,1000,0.51,0x92ae5e30f0ca105f870173e59575cc5200c12702,2017-10-16T20:47:46.000Z,0.00051,0xad440e6b26dd3a044a97294bf87c017d7fb81c67,sell,0x0d8775f648430679a709e98d2b0cb6250d2887ef,0x0cd8a1c30917425e3fc3ad03f5771fdfeeecc672d49e282d02dfd9eb569055e8
339,460,0.3036,0x198670956ac3dd32273ca3e54a2b890d01e00c89,2017-10-16T18:05:41.000Z,0.00066,0x37d63be7b21af535bedd407c0f3477694e39e283,buy,0x0d8775f648430679a709e98d2b0cb6250d2887ef,0xbc005ab7ce3247f11d899f831f3b3aa7611b65c865f832d9daef90fc24afa4dd
340,168,0.0672,0xd999935b4c0930edf8b9c47d0e66476d42a3e175,2017-10-16T17:43:17.000Z,0.0004,0xdd59bf5187bf16216adbcb058307b8b3ad6ffb58,buy,0x0d8775f648430679a709e98d2b0cb6250d2887ef,0x5aa11372aedebe3f15ed5b83289f2092e4f0fb896a3cdfd2a7c135495d1b30a7
341,1216.4197463641706,0.601397922602446,0xa878559d707a760afc3beb027510281b210f2717,2017-10-16T14:19:29.000Z,0.0004944,0xd483b1ded6cfcba80640dff843ac07b391f90005,buy,0x0d8775f648430679a709e98d2b0cb6250d2887ef,0x2549604c737a34d5645aee33fe3914a6533abc3669d68e9ae7e6702d0df3eb07
342,301.6238178755628,0.1517167803914081,0xd84eba3e7f9661dcd31425dfcbb244544c444c2e,2017-10-16T12:43:55.000Z,0.000503,0x189c12d547f12514bab296ccae012b0b01c6cd6d,buy,0x0d8775f648430679a709e98d2b0cb6250d2887ef,0x3d77f050591d598f17124e1cf81d4dd3ce756609fac0e4460fc91b1db8625d01
343,200,0.09488,0x9d59a3ab33997134534891bf868425fe29f22255,2017-10-16T11:29:15.000Z,0.0004744,0xd483b1ded6cfcba80640dff843ac07b391f90005,buy,0x0d8775f648430679a709e98d2b0cb6250d2887ef,0x31fa235f3012da2d90e3504b027bbf298090b4e6808dc7787db87cc629bae79e
344,200,0.09,0x80386b7d64963b5d929ff665d8e1cd75fab4bb00,2017-10-16T09:34:53.000Z,0.00045,0x21975408008cd06489b641ccc6cbe0d485193c57,sell,0x0d8775f648430679a709e98d2b0cb6250d2887ef,0x508338c9a2f86afc9007fd2f250787842f19a3768683702b57f2410d46a1ec31
345,677.3066361720179,0.30478798627740805,0x1d820df182ffe63748da3ae078f3f4d54c36e1dd,2017-10-16T09:33:53.000Z,0.00045,0xd4667c4fc17a41e5da5b196dee81aa116823fc05,sell,0x0d8775f648430679a709e98d2b0cb6250d2887ef,0x72bd655fa45ff48e2331e654db552085f1d8c831704aa04fdc5586dae12fe4d0
346,128,0.059136,0x82313740a23b7baa85bf5500ca594eb3485d9fd5,2017-10-16T09:33:49.000Z,0.000462,0xd4667c4fc17a41e5da5b196dee81aa116823fc05,sell,0x0d8775f648430679a709e98d2b0cb6250d2887ef,0x6d1b4834c825d2d501a2e0f578d1f063393a6dc4d98bc83bc29e6c52753eba69
347,231.831,0.10710824031,0x25cb0ecbc7f8b7844531df9d137dcb594080a311,2017-10-16T09:33:49.000Z,0.00046201,0xd4667c4fc17a41e5da5b196dee81aa116823fc05,sell,0x0d8775f648430679a709e98d2b0cb6250d2887ef,0x052fb94b202107ecc2bc5643e2588c2bb291efd194d4585ca2a46243c37ca56d
348,231.831,0.10710824031,0x25cb0ecbc7f8b7844531df9d137dcb594080a311,2017-10-16T09:33:03.000Z,0.00046201,0xd4667c4fc17a41e5da5b196dee81aa116823fc05,sell,0x0d8775f648430679a709e98d2b0cb6250d2887ef,0x052fb94b202107ecc2bc5643e2588c2bb291efd194d4585ca2a46243c37ca56d
349,500,0.23115,0xd392e62605073c14b3399e16441d233274ba21b2,2017-10-16T09:32:20.000Z,0.0004623,0xd4667c4fc17a41e5da5b196dee81aa116823fc05,sell,0x0d8775f648430679a709e98d2b0cb6250d2887ef,0xf15bd9a9c953de1249f3764da2d385a9394f90d36576e7a93e3b24b73e01de2a
350,49.973,0.02398704,0xd6146c64896d92d4d32c37cb06779ddf20a05c82,2017-10-16T09:31:54.000Z,0.00048,0xd4667c4fc17a41e5da5b196dee81aa116823fc05,sell,0x0d8775f648430679a709e98d2b0cb6250d2887ef,0x29e2a7a66a8b3cf13a675b73652430b203182d94636a53ec463791da7de24111
351,10089.233376532748,4.540155019439736,0x1d820df182ffe63748da3ae078f3f4d54c36e1dd,2017-10-16T09:17:59.000Z,0.00045,0x3df86cefaecfaa31be2f74f8f832cb4ef62b79f8,sell,0x0d8775f648430679a709e98d2b0cb6250d2887ef,0xa2481749d5d131c9010cbd26b466889467c3589f9e77b61f6439c2b592b5d3b3
352,4735.615269764717,2.1310268713941225,0x1d820df182ffe63748da3ae078f3f4d54c36e1dd,2017-10-16T09:09:17.000Z,0.00045,0x25cb0ecbc7f8b7844531df9d137dcb594080a311,sell,0x0d8775f648430679a709e98d2b0cb6250d2887ef,0xeb60588ff769effb2663f79d128b6a3ca0374aeb769fdebb1d5c4b1c3af07a58
353,7550.844717530517,3.3978801228887328,0x1d820df182ffe63748da3ae078f3f4d54c36e1dd,2017-10-16T08:51:22.000Z,0.00045,0xd483b1ded6cfcba80640dff843ac07b391f90005,sell,0x0d8775f648430679a709e98d2b0cb6250d2887ef,0xa8b671501bde93b157ea7ceeaecd62914a64fd7b2bcfc55a2d157612c50daaa1
354,1947,0.87615,0x1d820df182ffe63748da3ae078f3f4d54c36e1dd,2017-10-16T08:32:09.000Z,0.00045,0xced732ca92cb4f040239c4e8c85f14acbb5db000,sell,0x0d8775f648430679a709e98d2b0cb6250d2887ef,0xaaf11aabf9897a535351b67a47984fe8afc1b1d637648cc2720a91202448a8a2
355,1500,0.69,0xff104dd2fb1828a20a78abf07823cfa844c908c3,2017-10-16T06:19:25.000Z,0.00046,0xd483b1ded6cfcba80640dff843ac07b391f90005,sell,0x0d8775f648430679a709e98d2b0cb6250d2887ef,0x225822f182481b7b7dea930b7341fecb22f91dcb0415a1b9c546077aa06e4298
356,0.026733992333863716,0.000012832316320254,0xd6146c64896d92d4d32c37cb06779ddf20a05c82,2017-10-16T05:22:47.000Z,0.00047999999999997817,0x427370ce17ff9b7df4651c4ab7d339f4653b57dd,sell,0x0d8775f648430679a709e98d2b0cb6250d2887ef,0xee285f25ba04eb9b217f47558fd4d2ecc80c1885031c5f7cbbc5614e77d2cdd0
357,268.16867710098694,0.12389661050742698,0x25cb0ecbc7f8b7844531df9d137dcb594080a311,2017-10-16T05:20:17.000Z,0.00046201,0x427370ce17ff9b7df4651c4ab7d339f4653b57dd,sell,0x0d8775f648430679a709e98d2b0cb6250d2887ef,0x6405b191a01d033dba640185d67d0085249313144fd253f54300d60d3f1440fc
358,354,0.168857646,0xd3eb46fe0b16307ea72dd2d8d95dbfd4c7ebeddb,2017-10-16T05:16:31.000Z,0.000476999,0xd483b1ded6cfcba80640dff843ac07b391f90005,sell,0x0d8775f648430679a709e98d2b0cb6250d2887ef,0x9554bdeecf38dc9c4eb0691f99a4d6f9ab4f14794b5edd531e93e935ce609a56
359,824.655,0.39398222487,0xd3eb46fe0b16307ea72dd2d8d95dbfd4c7ebeddb,2017-10-16T05:15:57.000Z,0.000477754,0xd483b1ded6cfcba80640dff843ac07b391f90005,sell,0x0d8775f648430679a709e98d2b0cb6250d2887ef,0x6f172da8b0601298fe7fb5d9e424b4af4d01c2bed20947ad165ba1df445fde19
360,906.90185422434,0.43327598846309534,0xd3eb46fe0b16307ea72dd2d8d95dbfd4c7ebeddb,2017-10-16T04:37:59.000Z,0.000477754,0x4cd6aaf29c19187f8c7ed5c95313010c81f59298,sell,0x0d8775f648430679a709e98d2b0cb6250d2887ef,0x3bdaf0b0a640f4e7271a0a1f1341b84257d8c11fe36145dfc8ccc4d2397252ee
361,582.189,0.27945072,0x685c2b05fb20eeffd9c673cf074a9c43d922ee87,2017-10-16T04:35:54.000Z,0.00048,0x4cd6aaf29c19187f8c7ed5c95313010c81f59298,sell,0x0d8775f648430679a709e98d2b0cb6250d2887ef,0x73b03068e208a99cf85f7142ed070a90862e6fc3cb5305dfe363a23162aabcc6
362,1417.810724354501,0.6805491476901605,0x685c2b05fb20eeffd9c673cf074a9c43d922ee87,2017-10-16T03:42:19.000Z,0.00048,0x4cd6aaf29c19187f8c7ed5c95313010c81f59298,sell,0x0d8775f648430679a709e98d2b0cb6250d2887ef,0xca1dda5d3f58362557686743e869db534c166a8169c98082f78b2ad29bcce5fb
363,0.000021515097271552,0.000000011654728192,0x4f09e7dc45674e168b19846bdfb413913854dc04,2017-10-15T23:04:22.000Z,0.0005417000000000131,0xd0d089fe18092dcb94a1a06b2496a5b9a611d3a5,buy,0x0d8775f648430679a709e98d2b0cb6250d2887ef,0xcbee9b1e5676cd315b481c1a3869f108c9b7e153d0abc4c8ca6b6e1c8493ce5a
364,0.23242262124300794,0.000116908578485233,0x4f09e7dc45674e168b19846bdfb413913854dc04,2017-10-15T23:03:46.000Z,0.000503,0x189c12d547f12514bab296ccae012b0b01c6cd6d,buy,0x0d8775f648430679a709e98d2b0cb6250d2887ef,0xb418276d320bb3d4b8bb98568a9ee6a3832de498046ce196746068572080196c
365,198.19275950319417,0.09969095803010666,0xac75b73394c329376c214663d92156afa864a77f,2017-10-15T22:08:58.000Z,0.000503,0x189c12d547f12514bab296ccae012b0b01c6cd6d,buy,0x0d8775f648430679a709e98d2b0cb6250d2887ef,0x6ee443bfb12f0e321ccfd4a97cde49bff8bb8a79c734917d99dce48686d62412
366,312,0.14976,0xcf5fc15d82a33845f6acdc6068b8dab269c56c7e,2017-10-15T19:53:17.000Z,0.00048,0x46371f0751e243fef7b626031cffb8489d47e6c0,sell,0x0d8775f648430679a709e98d2b0cb6250d2887ef,0x580220ca2e734551fef649a345cf536ccaa4a5adf34af587fcd54f7106fc1810
367,18.442827235569734,0.008811134483102383,0xd3eb46fe0b16307ea72dd2d8d95dbfd4c7ebeddb,2017-10-15T16:33:12.000Z,0.00047775399999999994,0xf907f8b2c3898ea475584f6fb9a53cece9207216,sell,0x0d8775f648430679a709e98d2b0cb6250d2887ef,0x53a9a1441c7523f9d25208a6cd309ceef030b1526d303e737b538e2a5f8be836
368,500,0.2405,0x189c12d547f12514bab296ccae012b0b01c6cd6d,2017-10-15T16:25:44.000Z,0.000481,0xf907f8b2c3898ea475584f6fb9a53cece9207216,sell,0x0d8775f648430679a709e98d2b0cb6250d2887ef,0x5777e5172104ca1645906f20e5fa475e3e339223d5facbb6d1323ee55e77fca6
369,487,0.236665929,0xd3eb46fe0b16307ea72dd2d8d95dbfd4c7ebeddb,2017-10-15T11:09:08.000Z,0.000485967,0x25cb0ecbc7f8b7844531df9d137dcb594080a311,sell,0x0d8775f648430679a709e98d2b0cb6250d2887ef,0x8c1fff2be8be119b58ab06f2ea78d448ecf2f1686d37784d5ee54c4f8bd93f4b
370,1377.8217180695046,0.6765104635721269,0x6c7b7b774297f592ad655dddec109c8f1473a28d,2017-10-15T08:15:21.000Z,0.000491,0xd483b1ded6cfcba80640dff843ac07b391f90005,sell,0x0d8775f648430679a709e98d2b0cb6250d2887ef,0xdbd9fcdce960dd16cc48297e0ac82ae0e0ead01ec64071f366bc277b123cb7f6
371,1200,0.5904,0x6f9fcac7ac5e87ec747d47e81a42e8ca6b73e95a,2017-10-15T08:12:17.000Z,0.000492,0xd483b1ded6cfcba80640dff843ac07b391f90005,sell,0x0d8775f648430679a709e98d2b0cb6250d2887ef,0x55ea84dde4c5cf362e305d5710629c1a779815ddf50d92a5a55562825505a356
372,498.4546271689715,0.24474122193996503,0x6c7b7b774297f592ad655dddec109c8f1473a28d,2017-10-15T05:52:33.000Z,0.000491,0x189c12d547f12514bab296ccae012b0b01c6cd6d,sell,0x0d8775f648430679a709e98d2b0cb6250d2887ef,0xe520405c3f0a96011fffcb6a48a22b26d30bc3556fa6bae96e6655880a2f7f9b
373,60,0.03048,0x0c5719fba3a34b524ae668cb51c5e2ce0e1ead14,2017-10-15T05:02:09.000Z,0.000508,0x0bad0d4699d16b6a9c1346be706b3de39fd0ad82,buy,0x0d8775f648430679a709e98d2b0cb6250d2887ef,0x727f65a94a5a3eabb01edb2786111921770616759fa5be1a7e18276a6a8b42f0
374,174.389,0.08833500406,0xd3eb46fe0b16307ea72dd2d8d95dbfd4c7ebeddb,2017-10-15T04:25:47.000Z,0.00050654,0x0bad0d4699d16b6a9c1346be706b3de39fd0ad82,sell,0x0d8775f648430679a709e98d2b0cb6250d2887ef,0xdc641c7f06be8f9d5c6bb8efb7a836ebd33ef679f4054b97176054e15971c821
