,amount,amountBase,buyer,date,price,seller,side,tokenAddr,txHash
0,307.60801515302563,0.09228240454590769,0x11c4a57e3628c051946cd7bb3ab955b5a1f58ff9,2017-11-02T13:49:29.000Z,0.0003,0x15b334b8a6b355ee38ac5d48a59a511949c04961,sell,0x4b35e0ab998ebe8414871c13cf778f9d0bbdf609,0x7cdfa820281f4de03c2eb7375406353e72009f85126f5e92449eac3a315ec7e3
1,125.58136775994417,0.05023254710397767,0x0c3b117c144f6d33d28479dda01d25c849eb01ce,2017-11-02T13:38:50.000Z,0.00039999999999999996,0x15b334b8a6b355ee38ac5d48a59a511949c04961,sell,0x4b35e0ab998ebe8414871c13cf778f9d0bbdf609,0xe83477fe73ca4f0e3bae81e5ecdef453d5cfb9a2cdf76dd2c3c1be1fba8f52e2
2,0.11863224005582694,0.00004745289602233,0x0c3b117c144f6d33d28479dda01d25c849eb01ce,2017-11-02T13:33:27.000Z,0.00039999999999999346,0x15b334b8a6b355ee38ac5d48a59a511949c04961,sell,0x4b35e0ab998ebe8414871c13cf778f9d0bbdf609,0xa56052ffb53e5f3793c3c862d82965527aaabf8ae3a6bdcaca9a6cfbbac298b1
3,498.45479015053337,0.19938191606021333,0x588e593f01673408e3a9a4974fad2103734eb69a,2017-11-02T09:19:54.000Z,0.00039999999999999996,0xd217ef7a7ac86c24bf603b9b8cddeaa45c99832f,sell,0x4b35e0ab998ebe8414871c13cf778f9d0bbdf609,0x0c78545f691a5afc800b72dbd6354976c3f1114f77823f952ad79455392b460a
4,1.3,0.00052,0x0c3b117c144f6d33d28479dda01d25c849eb01ce,2017-11-01T23:26:48.000Z,0.0004,0x33dec5ebf2c5775e179fdd81d28c70d87281c23d,sell,0x4b35e0ab998ebe8414871c13cf778f9d0bbdf609,0xd87f5891e5f029adfa6e425696502a866c75c4e59ef16687cb9f91a92c6b37ce
5,373,0.1492,0x0c3b117c144f6d33d28479dda01d25c849eb01ce,2017-11-01T23:22:48.000Z,0.0004,0x33dec5ebf2c5775e179fdd81d28c70d87281c23d,sell,0x4b35e0ab998ebe8414871c13cf778f9d0bbdf609,0x3ae0ee2065b4f968047b2f39bce9fdc55e4a7ddab6483ee07ccff217a3df65bc
6,200,0.088,0x0c3b117c144f6d33d28479dda01d25c849eb01ce,2017-11-01T23:21:14.000Z,0.00044,0x33dec5ebf2c5775e179fdd81d28c70d87281c23d,sell,0x4b35e0ab998ebe8414871c13cf778f9d0bbdf609,0x4a7d3803ee6315b5c0dadb3a2aca42505f124072f3ccf27f998d9e26fb585b09
7,108.841,0.0653046,0x0c3b117c144f6d33d28479dda01d25c849eb01ce,2017-11-01T21:49:10.000Z,0.0006,0x8f0c2380fa69fa17197b606dcde094fec2d7fe9f,buy,0x4b35e0ab998ebe8414871c13cf778f9d0bbdf609,0x81a030eb3698ca95d1e6a8971b64d95937331790d12acb6e7e161fe541fd7fa4
8,100.821,0.0604926,0x0c3b117c144f6d33d28479dda01d25c849eb01ce,2017-11-01T21:42:28.000Z,0.0006,0x7830dead8ec710f5deb0ff04b8c066674bdc8d63,buy,0x4b35e0ab998ebe8414871c13cf778f9d0bbdf609,0xb160a8d886d85ae3941a168234072190cd3fab8b1c3b4718b3e2135a5d9d32f7
9,217,0.129766,0x0c3b117c144f6d33d28479dda01d25c849eb01ce,2017-11-01T21:40:18.000Z,0.000598,0x143ecfee04a13884e5310fe20c61abb954fc5e09,buy,0x4b35e0ab998ebe8414871c13cf778f9d0bbdf609,0xe86fdb62d8579fe149332326af0f98144580cd0b6c4bca610844b346d4e232bf
10,441,0.26019,0x0c3b117c144f6d33d28479dda01d25c849eb01ce,2017-11-01T21:39:01.000Z,0.00059,0x799ec03a8b90c4f626d96c299f188bd3ef0c36c6,buy,0x4b35e0ab998ebe8414871c13cf778f9d0bbdf609,0xcb99b6d9e9b514a25cb56ef87739964e2c938a361d28d6985ed273c15538f53a
11,216.821,0.12792439,0x0c3b117c144f6d33d28479dda01d25c849eb01ce,2017-11-01T21:36:30.000Z,0.00059,0x588e593f01673408e3a9a4974fad2103734eb69a,buy,0x4b35e0ab998ebe8414871c13cf778f9d0bbdf609,0xc7ddefa4f1470c3e17b24ebe474dec874d54ae4be5a4543f24ab188d7afe3bd1
12,311.36,0.18339104,0x0c3b117c144f6d33d28479dda01d25c849eb01ce,2017-11-01T21:34:55.000Z,0.000589,0x9c29d669d0ba6bae5d0838176b057960de236ecc,buy,0x4b35e0ab998ebe8414871c13cf778f9d0bbdf609,0x9cfb7b1a021b804c04eabe4eadd2b5076025d6a898f5ee7d5ab219685504efcb
13,482.2,0.2835336,0x0c3b117c144f6d33d28479dda01d25c849eb01ce,2017-11-01T21:32:51.000Z,0.000588,0x50fbd3597583983ce6367bfd2b5ed55c82f4812e,buy,0x4b35e0ab998ebe8414871c13cf778f9d0bbdf609,0x5ea794069ec9d1bc69a64c6d3c6bfd894f20f1b29797236e95ccd296233d6d02
14,216.821,0.1274690659,0x0c3b117c144f6d33d28479dda01d25c849eb01ce,2017-11-01T21:31:10.000Z,0.0005879,0x1dd4d1f2bc0a2bb1d64671d8a4ae50436329a5d7,buy,0x4b35e0ab998ebe8414871c13cf778f9d0bbdf609,0x06f2ca729b6e7d10db5497dca8be08ab54f1caad9687bb820d185622884108f4
15,600,0.27,0x0c3b117c144f6d33d28479dda01d25c849eb01ce,2017-11-01T21:19:54.000Z,0.00045,0x50fbd3597583983ce6367bfd2b5ed55c82f4812e,sell,0x4b35e0ab998ebe8414871c13cf778f9d0bbdf609,0xa73fd76ae7c709278058557391a0c86f019b4713c693b38fb9561f68bda57411
16,1135,0.668515,0x0c3b117c144f6d33d28479dda01d25c849eb01ce,2017-11-01T21:19:20.000Z,0.000589,0x2c16b554619908df2db3805f8e461591da3f5ba9,buy,0x4b35e0ab998ebe8414871c13cf778f9d0bbdf609,0x302ddb6956db3ba928798b9a79b57136105b61de97c6e0a5bb0cd41e7cd6384c
17,253.6,0.1493704,0x0c3b117c144f6d33d28479dda01d25c849eb01ce,2017-11-01T21:16:53.000Z,0.000589,0x8ee6fcad578d51d3f5115dffbd0a367489254a24,buy,0x4b35e0ab998ebe8414871c13cf778f9d0bbdf609,0x03f5701a676b2988fd49b14b3cace599c6fccf7074c776e959c447c02e0aa78c
18,116,0.068324,0x0c3b117c144f6d33d28479dda01d25c849eb01ce,2017-11-01T21:14:51.000Z,0.000589,0x7830dead8ec710f5deb0ff04b8c066674bdc8d63,buy,0x4b35e0ab998ebe8414871c13cf778f9d0bbdf609,0xa4d692d7e1adde5c0080c5484a0bc1005d18721b67d41ae587435e5599742557
19,100,0.056,0x0c3b117c144f6d33d28479dda01d25c849eb01ce,2017-11-01T21:10:15.000Z,0.00056,0x092e0baa2047010fb279e40b3a2a34a31b2ddbbd,buy,0x4b35e0ab998ebe8414871c13cf778f9d0bbdf609,0xd46d4e2e9d9fa7cc4d2e1c75deb037413def67ce1b9cd19cd7ad3753ff0c3650
20,939.559,0.516402296698,0x0c3b117c144f6d33d28479dda01d25c849eb01ce,2017-11-01T20:52:11.000Z,0.000549622,0xe9c17ce0bbd3568980ae78ba2a96b9847fc8f423,buy,0x4b35e0ab998ebe8414871c13cf778f9d0bbdf609,0x2a651a7dab46a86d18a17bf277cb7e86f743e03207ed7a1a2f564069295e802a
21,117,0.064305774,0x0c3b117c144f6d33d28479dda01d25c849eb01ce,2017-11-01T20:49:56.000Z,0.000549622,0x092e0baa2047010fb279e40b3a2a34a31b2ddbbd,buy,0x4b35e0ab998ebe8414871c13cf778f9d0bbdf609,0x38a1f26899b996172e44cafa1565cbf4c4303bb4e95bbf8dca2d2c37590d8812
22,505.978,0.2730763266,0x0c3b117c144f6d33d28479dda01d25c849eb01ce,2017-11-01T20:36:19.000Z,0.0005397,0xf01ff18ef1392278cf7bc82ef3b8b22460e98c81,buy,0x4b35e0ab998ebe8414871c13cf778f9d0bbdf609,0x9784a16befb31cf927ae4701e3f1f03ca453ebe8ef3f3e7589e796687af9ba5a
23,216.81,0.117012357,0x0c3b117c144f6d33d28479dda01d25c849eb01ce,2017-11-01T20:35:44.000Z,0.0005397,0xe4511fe486525748c38cf429a5ad42867ea90e77,buy,0x4b35e0ab998ebe8414871c13cf778f9d0bbdf609,0xfc990b8d141d8f6aea1e401146ca6ffca1d20b7ad4d9a30e8e569e114c75cae8
24,505.91,0.252955,0x0c3b117c144f6d33d28479dda01d25c849eb01ce,2017-11-01T20:33:03.000Z,0.0005,0x1f824a7adda8f99b616ae81d32516c4f72e285f1,buy,0x4b35e0ab998ebe8414871c13cf778f9d0bbdf609,0x58b8e8b5bf7237e496e639de9df9579bb9bba1e8f538000b72b3767ec44f514a
25,249.99956,0.1224997844,0x0c3b117c144f6d33d28479dda01d25c849eb01ce,2017-11-01T20:12:37.000Z,0.00049,0x7cbf9f7f192c84e93af6e6758bb7b8b5da1c29b5,buy,0x4b35e0ab998ebe8414871c13cf778f9d0bbdf609,0x9a1f6d2f6bae08583ae2f5d20c29378913e5cb1426426116699f8e2bff43a6c6
26,100,0.0485,0x0c3b117c144f6d33d28479dda01d25c849eb01ce,2017-11-01T20:11:50.000Z,0.000485,0x7cbf9f7f192c84e93af6e6758bb7b8b5da1c29b5,buy,0x4b35e0ab998ebe8414871c13cf778f9d0bbdf609,0x61cbbbda385afa441edac694d74e2003770154052be2bcf70b3853709559c748
27,244.748,0.11747904,0x0c3b117c144f6d33d28479dda01d25c849eb01ce,2017-11-01T19:45:52.000Z,0.00048,0x7cbf9f7f192c84e93af6e6758bb7b8b5da1c29b5,buy,0x4b35e0ab998ebe8414871c13cf778f9d0bbdf609,0x2d58e25e8677a2dd5c7c637516f9104fe1eea432de26a21a2d8eb8dc3af9689f
28,500,0.2395,0x0c3b117c144f6d33d28479dda01d25c849eb01ce,2017-11-01T19:45:32.000Z,0.000479,0x6917383c86c9923aad3ec3ac2525d0bf7329e146,buy,0x4b35e0ab998ebe8414871c13cf778f9d0bbdf609,0x8fb1334d222560a92a0119d52232741f32655415c6250ce483c4d8f5799c4e42
29,216.17649308676351,0.0680955953223305,0xf008944a4ece209490294c49d8fb7413b33238c5,2017-11-01T17:33:54.000Z,0.000315,0x952f900b78b932ccc2ce131fd19751db71031e2b,sell,0x4b35e0ab998ebe8414871c13cf778f9d0bbdf609,0xf27255caf1a529a3145a8dc8966525859ec62a8152559a2bb54109be3d6e57c3
30,404.14714385405244,0.1273063503140265,0xf008944a4ece209490294c49d8fb7413b33238c5,2017-11-01T16:02:28.000Z,0.000315,0x204e7b97413dca47f8095a6679a5097f5b9a37eb,sell,0x4b35e0ab998ebe8414871c13cf778f9d0bbdf609,0x65ced2caa21a100a4c69d70c5fb968219e8c702ea03393cb45796b02b42cf84f
31,1220,0.3843,0xf008944a4ece209490294c49d8fb7413b33238c5,2017-11-01T15:31:20.000Z,0.000315,0x6f85a9efcfc4380eea2592adf4871e79653693f7,sell,0x4b35e0ab998ebe8414871c13cf778f9d0bbdf609,0xe5a8a02626dfed46dd694ebf5830071130d156f8204dd173dfb570d3dad167a6
32,67.69753763333665,0.021392421892134382,0x6917383c86c9923aad3ec3ac2525d0bf7329e146,2017-11-01T15:11:39.000Z,0.000316,0x6f85a9efcfc4380eea2592adf4871e79653693f7,sell,0x4b35e0ab998ebe8414871c13cf778f9d0bbdf609,0xe2c045d21df529d5ff51316fa05c1aab42781bb7bc2dafbfa5f00590cc704035
33,432.30246236666335,0.1366075781078656,0x6917383c86c9923aad3ec3ac2525d0bf7329e146,2017-11-01T13:51:23.000Z,0.000316,0x8b447b829139f1e2e237faee31604e60b03bc41e,sell,0x4b35e0ab998ebe8414871c13cf778f9d0bbdf609,0x8c3705a01669766d95c7aa7221b2223f850975eb900cc639e2643a65a4c53c6b
34,100.5,0.05025,0xdc3da22dafa08fe4f555f649db7e49b6734ea370,2017-11-01T11:31:30.000Z,0.0005,0x204e7b97413dca47f8095a6679a5097f5b9a37eb,buy,0x4b35e0ab998ebe8414871c13cf778f9d0bbdf609,0x938ff0f7f7d0746d0b38988a39a6cfa716f16f419a6480d2215055ed5536c000
35,252.17007277439936,0.0794335729239358,0xf008944a4ece209490294c49d8fb7413b33238c5,2017-11-01T10:15:34.000Z,0.000315,0xebd02feca4374fce35bae1c81fb8fd305a4a106c,sell,0x4b35e0ab998ebe8414871c13cf778f9d0bbdf609,0xdd1b880e7f05e64fe7079c1d4627066aca8cdb1f0af9fad2c55109b64526c1cf
36,360.2854947479581,0.11348993084560681,0xf008944a4ece209490294c49d8fb7413b33238c5,2017-11-01T09:23:39.000Z,0.000315,0xff6fc474f89473ddeaf5fec9dd73b94c5b863dc1,sell,0x4b35e0ab998ebe8414871c13cf778f9d0bbdf609,0xc0c922a41d99bc7b27810d36931a23881da8650d2c9bfd228071d7c5fa870d31
37,505.3011509202342,0.15916986253987378,0xf008944a4ece209490294c49d8fb7413b33238c5,2017-11-01T08:25:06.000Z,0.000315,0x90cb967082af265d2a216911948a23822dcd4604,sell,0x4b35e0ab998ebe8414871c13cf778f9d0bbdf609,0xd66fa0f7da8d447cf7f0328d4f9d608e60aacb9cab7372e711e828134532b7db
38,185.9968691845447,0.05765940144094722,0x927a4460df1ba655363dde2fe1b2a07d3a209e83,2017-11-01T07:22:35.000Z,0.000310002,0x47bb7b32aa66986c2fb5f4afb26aefe218d99d02,sell,0x4b35e0ab998ebe8414871c13cf778f9d0bbdf609,0x22124626d924cd94ab91c2037801266a2010a68a2c2ce732a778a5d96931853e
39,2500,0.8,0x44cb493471579fe1ba572bd69882f1c80827f0bc,2017-11-01T07:12:21.000Z,0.00032,0x47bb7b32aa66986c2fb5f4afb26aefe218d99d02,sell,0x4b35e0ab998ebe8414871c13cf778f9d0bbdf609,0xb60fec1796cb9b25b98c7c76764c6c4d3d3026e6cc721e3b632634725dad7072
40,0.1,0.00005,0xe9c17ce0bbd3568980ae78ba2a96b9847fc8f423,2017-11-01T06:13:28.000Z,0.0005,0x204e7b97413dca47f8095a6679a5097f5b9a37eb,buy,0x4b35e0ab998ebe8414871c13cf778f9d0bbdf609,0xdff93d6ed7974cec4118e9ba6b0da492bbbbba32b138a691d7c75c5e7d602981
41,306.674,0.153337,0xfde75854c4fc17b0f916d0da39171929ada1dfd6,2017-11-01T04:33:17.000Z,0.0005,0x9da7ad646dc636de4bbc54ece8723a2bc346ca36,sell,0x4b35e0ab998ebe8414871c13cf778f9d0bbdf609,0xeafb287eb08903dc6bd6839f8372cb3981783b2a72c30a13bb126c348fd5060f
42,50,0.0329,0xfde75854c4fc17b0f916d0da39171929ada1dfd6,2017-10-31T21:53:26.000Z,0.000658,0x9c29d669d0ba6bae5d0838176b057960de236ecc,buy,0x4b35e0ab998ebe8414871c13cf778f9d0bbdf609,0x5c1ed34c3bc2f11531963896993e7240c66ac6ea8381d8daa189dce4696ef78b
43,252.997,0.13914835,0xfde75854c4fc17b0f916d0da39171929ada1dfd6,2017-10-31T21:53:06.000Z,0.00055,0xbb8f4ab864e621c1ef82354b3547112ec38221cc,buy,0x4b35e0ab998ebe8414871c13cf778f9d0bbdf609,0x2204d9a2b1c1c0ae8b4035968a27ffca2aa01afaf0c2c23b2663adb472f49761
44,434,0.2604,0xfde75854c4fc17b0f916d0da39171929ada1dfd6,2017-10-31T21:52:31.000Z,0.0006,0x11c4a57e3628c051946cd7bb3ab955b5a1f58ff9,buy,0x4b35e0ab998ebe8414871c13cf778f9d0bbdf609,0x0373c2d73e0e5f8aeb524bd7cf9a21fbfa28d383811d1a29d8d2c2f03f3ccc57
45,326.141,0.1956846,0xfde75854c4fc17b0f916d0da39171929ada1dfd6,2017-10-31T21:51:50.000Z,0.0006,0xfe5e197dac987c65a1ca1a92abf7e9392c984889,buy,0x4b35e0ab998ebe8414871c13cf778f9d0bbdf609,0x8c72c8e142c8afeee879870bd564132f426428db70ca34fe5a4a59c80af81007
46,200,0.12,0xfde75854c4fc17b0f916d0da39171929ada1dfd6,2017-10-31T21:51:23.000Z,0.0006,0x61ffa27e33516e2a3df88c59e8e4c60a6fbcd155,buy,0x4b35e0ab998ebe8414871c13cf778f9d0bbdf609,0x3745c63184feb804440bfd36481c8df75c4b0fc4b7d499aa029834f1cc70813e
47,129,0.076755,0xfde75854c4fc17b0f916d0da39171929ada1dfd6,2017-10-31T21:49:36.000Z,0.000595,0x61ffa27e33516e2a3df88c59e8e4c60a6fbcd155,buy,0x4b35e0ab998ebe8414871c13cf778f9d0bbdf609,0x066eeea03ce797f918ab5578aa1225b15dda11550e9e98219db36c3608ee9205
48,451.9,0.266621,0xfde75854c4fc17b0f916d0da39171929ada1dfd6,2017-10-31T21:49:36.000Z,0.00059,0xaac27baada6d41249761e1a5ddf643bb81047e95,buy,0x4b35e0ab998ebe8414871c13cf778f9d0bbdf609,0x783c6eb0e7810e4515a50c46a3e9908b46cf47b72a9e60203a319465df81c269
49,1006.369,0.592751341,0xfde75854c4fc17b0f916d0da39171929ada1dfd6,2017-10-31T21:46:43.000Z,0.000589,0xa01a7b5872612c372c36ceaee183d0c7bad162d4,buy,0x4b35e0ab998ebe8414871c13cf778f9d0bbdf609,0x6a694aafa5c9dc16968eaa3ec56ce550f5ada8f59de380ff614575cc9ab8fd5e
50,39.367,0.0228643536,0xfde75854c4fc17b0f916d0da39171929ada1dfd6,2017-10-31T21:45:42.000Z,0.0005808,0xbbae907b91187d18a51062e221f6eab9d701f623,buy,0x4b35e0ab998ebe8414871c13cf778f9d0bbdf609,0xe53510234967d8c11ff77db1a6b9bdb5c380b77f7e76f6b698e60037c7f975d5
51,26.554,0.0154225632,0xfde75854c4fc17b0f916d0da39171929ada1dfd6,2017-10-31T21:45:06.000Z,0.0005808,0xad2433afdab262f5aa4e98946c430d1e9b179b8b,buy,0x4b35e0ab998ebe8414871c13cf778f9d0bbdf609,0xb536eabffd6099f579f07b8ed7e721171fe57767266a9b0b75c3c1ae8d830786
52,70,0.0392,0xfde75854c4fc17b0f916d0da39171929ada1dfd6,2017-10-31T21:43:41.000Z,0.00056,0x6917383c86c9923aad3ec3ac2525d0bf7329e146,buy,0x4b35e0ab998ebe8414871c13cf778f9d0bbdf609,0xc7c388a8b83c6c56a25d0e5a72cdb68f121bc539be1690e1ee01f2ccfd6a5b2b
53,200,0.114,0xfde75854c4fc17b0f916d0da39171929ada1dfd6,2017-10-31T21:43:41.000Z,0.00057,0x092e0baa2047010fb279e40b3a2a34a31b2ddbbd,buy,0x4b35e0ab998ebe8414871c13cf778f9d0bbdf609,0x0ed4e315b6ba01793e408d7bfca853134da2c4fc3fce5ecd5b929c924c4db6b5
54,135.662,0.07529241,0xfde75854c4fc17b0f916d0da39171929ada1dfd6,2017-10-31T21:42:20.000Z,0.000555,0x981ba820974f9d581db0b77ecccdb15fa0a82f48,buy,0x4b35e0ab998ebe8414871c13cf778f9d0bbdf609,0xdadc261c910a6278f9c3d5ca9d7a10e65fb87a55af34f675bcecd28c920f838f
55,218,0.1199,0xfde75854c4fc17b0f916d0da39171929ada1dfd6,2017-10-31T21:41:45.000Z,0.00055,0xa3406b9ef2aab95b0f2431982fefdc0de4662313,buy,0x4b35e0ab998ebe8414871c13cf778f9d0bbdf609,0xa3f64a5f3a063b370f2e793f89d0d79064f4424b736c8caa331c2f7dc056538d
56,506,0.277754532,0xfde75854c4fc17b0f916d0da39171929ada1dfd6,2017-10-31T21:39:49.000Z,0.000548922,0xacc95a0da6b76dd526a98dfde4da7f1e019b39d9,buy,0x4b35e0ab998ebe8414871c13cf778f9d0bbdf609,0x20bbe6863af883fe10647c55be7687856dc36e7a34030d6573306bd07bdc2f7e
57,200,0.108,0xfde75854c4fc17b0f916d0da39171929ada1dfd6,2017-10-31T21:39:37.000Z,0.00054,0x092e0baa2047010fb279e40b3a2a34a31b2ddbbd,buy,0x4b35e0ab998ebe8414871c13cf778f9d0bbdf609,0xf3e3b556856f1b1597ff96da34c6e89756905ada9c66ce08491854be06891210
58,1228.704,0.663498931296,0xfde75854c4fc17b0f916d0da39171929ada1dfd6,2017-10-31T21:37:57.000Z,0.000539999,0xc32490bae8e818287df24f9a294e80d2c526f0ec,buy,0x4b35e0ab998ebe8414871c13cf778f9d0bbdf609,0x532dd209b6e421a0e9540a3ab0e34cb8972d7e6d1c68481acc82744cab5afc1a
59,911.71,0.455855,0xfde75854c4fc17b0f916d0da39171929ada1dfd6,2017-10-31T21:37:38.000Z,0.0005,0xc79ab1cb52c8c6cbbc7e8992d78037a3b5d75c35,buy,0x4b35e0ab998ebe8414871c13cf778f9d0bbdf609,0xc1c6a15de717ead8a606de941a0df8da6df09b9076e1caa8e6043a68c07f0e0a
60,105.846,0.052922894154,0xfde75854c4fc17b0f916d0da39171929ada1dfd6,2017-10-31T21:36:32.000Z,0.000499999,0xfb62a2744ebc69c375ea1eefcb7adb5c5f661065,buy,0x4b35e0ab998ebe8414871c13cf778f9d0bbdf609,0xbf7ecf465a0cc171fa4bc60ca4fe27469346315b2503e7bc16678c8867acdbff
61,216,0.10368,0xfde75854c4fc17b0f916d0da39171929ada1dfd6,2017-10-31T21:35:57.000Z,0.00048,0x0082dfdb640969497b2d1d3aeb4df0ef86dbf421,buy,0x4b35e0ab998ebe8414871c13cf778f9d0bbdf609,0x60c4269e2b2bf369bb22bfba4f6f3486536b31b37c63f2cfc7a3925a5cb34481
62,140.6935,0.06471901,0xfde75854c4fc17b0f916d0da39171929ada1dfd6,2017-10-31T21:34:42.000Z,0.00046,0x07ee7f4efe19efef3205d25a59d682d5b4ba4b9e,buy,0x4b35e0ab998ebe8414871c13cf778f9d0bbdf609,0xa31672830d56dfbf5a3cf521158f88bba6247a1d78902b2e6604a065b585813d
63,216.821,0.09756945,0xfde75854c4fc17b0f916d0da39171929ada1dfd6,2017-10-31T21:34:09.000Z,0.00045,0xd9b368bbc477cfada4c4ae83b0f4c356c9a8bc93,buy,0x4b35e0ab998ebe8414871c13cf778f9d0bbdf609,0x3394b651d252df69ec22e0c1d51b7d68ae5952f5a21dfd5460c2559fc0c65ea0
64,100,0.067,0xfde75854c4fc17b0f916d0da39171929ada1dfd6,2017-10-31T19:34:24.000Z,0.00067,0x489572706fab7798df0ceab63f98c881645383f4,buy,0x4b35e0ab998ebe8414871c13cf778f9d0bbdf609,0x0f5366870bff025c928e9014d9ddc99b4e5596f9180d37b075b5b4cfdc73cfc7
65,40,0.0184,0xc56a4541f5590a9e5ed25adb139dc5831a089867,2017-10-31T16:06:56.000Z,0.00046,0x07ee7f4efe19efef3205d25a59d682d5b4ba4b9e,buy,0x4b35e0ab998ebe8414871c13cf778f9d0bbdf609,0x46ff8e0fe7a4f1947b4e790d5d6a8f24a584b435fe4d87f5362a5b09971eae3e
66,3,0.001499997,0x0b773d7819259d78757b26dc4148812d35676d8f,2017-10-31T13:00:11.000Z,0.000499999,0xfb62a2744ebc69c375ea1eefcb7adb5c5f661065,buy,0x4b35e0ab998ebe8414871c13cf778f9d0bbdf609,0x6f888c2ede9aeff98a8d6b27a1459b841a2dd7864410754323d8a37a6d4908f4
67,10,0.0055,0xc56a4541f5590a9e5ed25adb139dc5831a089867,2017-10-30T22:02:45.000Z,0.00055,0xbb8f4ab864e621c1ef82354b3547112ec38221cc,buy,0x4b35e0ab998ebe8414871c13cf778f9d0bbdf609,0x892b07b7a9efce31d2b167a5ac1c0800818dab47eaec12c61f923f40034d2974
68,10,0.0055,0xc56a4541f5590a9e5ed25adb139dc5831a089867,2017-10-30T21:59:58.000Z,0.00055,0xbb8f4ab864e621c1ef82354b3547112ec38221cc,buy,0x4b35e0ab998ebe8414871c13cf778f9d0bbdf609,0x388f395b4c301f018b5e1b650e89dbeb79a3c3b6799658727272ee0ba4a6b383
69,10,0.0055,0xc56a4541f5590a9e5ed25adb139dc5831a089867,2017-10-30T21:57:19.000Z,0.00055,0xbb8f4ab864e621c1ef82354b3547112ec38221cc,buy,0x4b35e0ab998ebe8414871c13cf778f9d0bbdf609,0xa7d3e8d897930bc0cbf03bc8fc5998de77c8995c8b320db6988fa55e262ff695
70,98.6940484498056,0.0493470242249028,0x0c3b117c144f6d33d28479dda01d25c849eb01ce,2017-10-30T07:32:36.000Z,0.0005,0x067be47f0d4b8380ff41321e0911a66b2b1f893e,sell,0x4b35e0ab998ebe8414871c13cf778f9d0bbdf609,0x85c9774655819ba445c1777f45dc5cfdae430af4e96fc3f4a31a117b186cc0fd
71,20,0.01198,0xc56a4541f5590a9e5ed25adb139dc5831a089867,2017-10-29T23:31:12.000Z,0.000599,0x6917383c86c9923aad3ec3ac2525d0bf7329e146,buy,0x4b35e0ab998ebe8414871c13cf778f9d0bbdf609,0x2dd7a4a7d9cd618597c9dcc5039e0021fada04209b563af81a275f51e607ec52
72,10,0.00599,0xc56a4541f5590a9e5ed25adb139dc5831a089867,2017-10-29T23:30:07.000Z,0.000599,0x6917383c86c9923aad3ec3ac2525d0bf7329e146,buy,0x4b35e0ab998ebe8414871c13cf778f9d0bbdf609,0xd565379a9f4874839d2caa8c9d9f7f3ca98a1abbc7742fbc202c55867b3967fc
73,1,0.0005,0xc56a4541f5590a9e5ed25adb139dc5831a089867,2017-10-29T23:04:51.000Z,0.0005,0xbb8f4ab864e621c1ef82354b3547112ec38221cc,buy,0x4b35e0ab998ebe8414871c13cf778f9d0bbdf609,0x1941859d5d8b1188d3bf81458202193cc66e32b55558463855f015b3fc5efd06
74,275.84488086930514,0.13792244043465257,0x0c3b117c144f6d33d28479dda01d25c849eb01ce,2017-10-29T17:18:09.000Z,0.0005,0x90cb967082af265d2a216911948a23822dcd4604,sell,0x4b35e0ab998ebe8414871c13cf778f9d0bbdf609,0xed6429f361f41e27e35575a288492c584f259edf4261e8b605ec09db0268fe8c
75,100,0.051,0x6917383c86c9923aad3ec3ac2525d0bf7329e146,2017-10-29T17:15:06.000Z,0.00051,0x90cb967082af265d2a216911948a23822dcd4604,sell,0x4b35e0ab998ebe8414871c13cf778f9d0bbdf609,0x69fa9b58e687f952a4a49699c0a5fe80c7bcaedeeb47f60645a962a91fd7fa4c
76,625.0623068487688,0.3125311534243844,0x0c3b117c144f6d33d28479dda01d25c849eb01ce,2017-10-29T13:36:13.000Z,0.0005,0xf8216c4b3f229902fd945e849d5d9c9bc1c92db2,sell,0x4b35e0ab998ebe8414871c13cf778f9d0bbdf609,0xdc66e13a0a353873a1464241befc42e91c7ccbd5d9a680141c45fbac61c433df
77,1,0.00064,0x1d5321e125f6c7079a716705541c7b371ca79e69,2017-10-29T12:23:59.000Z,0.00064,0xf8216c4b3f229902fd945e849d5d9c9bc1c92db2,buy,0x4b35e0ab998ebe8414871c13cf778f9d0bbdf609,0x5dcf8708059bfb2f09988686da2b4e216c63f7f072a8b42c87395d558edd7152
78,0.9970089730807578,0.000797607178464606,0xbb8f4ab864e621c1ef82354b3547112ec38221cc,2017-10-29T12:23:59.000Z,0.0007999999999999998,0x1d5321e125f6c7079a716705541c7b371ca79e69,sell,0x4b35e0ab998ebe8414871c13cf778f9d0bbdf609,0x5dcf8708059bfb2f09988686da2b4e216c63f7f072a8b42c87395d558edd7152
79,0.31314875902430345,0.0002094962066385,0xad2433afdab262f5aa4e98946c430d1e9b179b8b,2017-10-29T05:50:58.000Z,0.000668999,0xa01a7b5872612c372c36ceaee183d0c7bad162d4,buy,0x4b35e0ab998ebe8414871c13cf778f9d0bbdf609,0x74c1de55ef77769f75aea4ad1952c3880cc5ff4d13f5a253ad73cfd1aeb2349e
80,10,0.0068,0x0c3b117c144f6d33d28479dda01d25c849eb01ce,2017-10-28T23:56:07.000Z,0.00068,0x375cfb829206cb219f793a51771291a857af5712,buy,0x4b35e0ab998ebe8414871c13cf778f9d0bbdf609,0xd6269d7bfaf9ce1c05a7bd70d4217bdcd8e2406fd7ed8b6f7b1cd90873e71ad9
81,6000,4.008,0x0c3b117c144f6d33d28479dda01d25c849eb01ce,2017-10-28T23:35:34.000Z,0.000668,0xfde75854c4fc17b0f916d0da39171929ada1dfd6,buy,0x4b35e0ab998ebe8414871c13cf778f9d0bbdf609,0xa184d28f31aa3f1e283ee4c044054bb3dc5dce6ddea6602d83f21075a1a5710e
82,0.7473852726237259,0.0005,0xe444a40689f51f63bcd29910622035707d533d29,2017-10-28T21:04:19.000Z,0.000668999,0xa01a7b5872612c372c36ceaee183d0c7bad162d4,buy,0x4b35e0ab998ebe8414871c13cf778f9d0bbdf609,0xb94bdda6d7654f37a3e81c343f6b3331af71bfb25e58c53a4674f765669d6284
83,0.7473852726237259,0.0005,0x34f9560c63078eb61872a4dc2ccd20e21c34feaf,2017-10-28T21:04:11.000Z,0.000668999,0xa01a7b5872612c372c36ceaee183d0c7bad162d4,buy,0x4b35e0ab998ebe8414871c13cf778f9d0bbdf609,0xf0e6731382cb29f0ff1d09ec68e5c6afd7a51958cff215795bc7c8ba173b7cd0
84,180.877,0.12118759,0x0c3b117c144f6d33d28479dda01d25c849eb01ce,2017-10-28T20:53:34.000Z,0.00067,0xfc959190b011dd859b0fab53c2f3e006faaac82d,buy,0x4b35e0ab998ebe8414871c13cf778f9d0bbdf609,0x65158008a96aff6e43a1f18ed67e049c3c035363da47561622bf7eb781659f74
85,129,0.08514,0x0c3b117c144f6d33d28479dda01d25c849eb01ce,2017-10-28T20:50:36.000Z,0.00066,0x092e0baa2047010fb279e40b3a2a34a31b2ddbbd,buy,0x4b35e0ab998ebe8414871c13cf778f9d0bbdf609,0xefcd8280f83896adee4de88ad586f9574fcb30f3d42cfbb972b61a1f3b9fef3f
86,378,0.2456622,0x0c3b117c144f6d33d28479dda01d25c849eb01ce,2017-10-28T20:48:07.000Z,0.0006499,0x8ee6fcad578d51d3f5115dffbd0a367489254a24,buy,0x4b35e0ab998ebe8414871c13cf778f9d0bbdf609,0xc85f159083381dd2b9ed406d0a1fa08ee13857e181fbfb90b028c89267a6358c
87,240.42,0.1538688,0x0c3b117c144f6d33d28479dda01d25c849eb01ce,2017-10-28T20:48:07.000Z,0.00064,0x590fa45656b8ca8d9b371c4f848ee2cb34031b3b,buy,0x4b35e0ab998ebe8414871c13cf778f9d0bbdf609,0x7a70767c0d5c27d6dd5f0143c8a573435aafef2bf5ce0ae6a8dc6e0f2e60b351
88,120,0.0804,0x0c3b117c144f6d33d28479dda01d25c849eb01ce,2017-10-28T18:16:28.000Z,0.00067,0xfc959190b011dd859b0fab53c2f3e006faaac82d,buy,0x4b35e0ab998ebe8414871c13cf778f9d0bbdf609,0xf8b0dece1d3efbff02e4c0e27bc5fa2b91de67d40496d37c00e83fbf47b4e7a8
89,808.38,0.517282362,0xfde75854c4fc17b0f916d0da39171929ada1dfd6,2017-10-28T18:02:40.000Z,0.0006399,0x2adef0a727f1a443d61886981c89136ca866ab33,buy,0x4b35e0ab998ebe8414871c13cf778f9d0bbdf609,0x6350ec0b14c5d59a56b3f048bccc691c53ed5c5be3749c5d79748a092337d5ed
90,100,0.059,0xfde75854c4fc17b0f916d0da39171929ada1dfd6,2017-10-28T18:01:20.000Z,0.00059,0x6917383c86c9923aad3ec3ac2525d0bf7329e146,buy,0x4b35e0ab998ebe8414871c13cf778f9d0bbdf609,0xc8dfe4066409cc1fc7fabcd743bd46228c8c4117417e2856d1a58f5169fbcf1a
91,144,0.0864,0xfde75854c4fc17b0f916d0da39171929ada1dfd6,2017-10-28T18:01:20.000Z,0.0006,0xa6384118370b7ab77067d6f1d2ced2eb4a4334c1,buy,0x4b35e0ab998ebe8414871c13cf778f9d0bbdf609,0xf9f7905cda09d2782c23c5e33c1eeb22e788ee865a7885c77706318265cf435c
92,100,0.064,0x0c3b117c144f6d33d28479dda01d25c849eb01ce,2017-10-28T17:55:50.000Z,0.00064,0x092e0baa2047010fb279e40b3a2a34a31b2ddbbd,buy,0x4b35e0ab998ebe8414871c13cf778f9d0bbdf609,0x35daba868b8b99378d356fe3c414a85ede0af83e846b35eb29d059ed3712d636
93,100,0.064,0x0c3b117c144f6d33d28479dda01d25c849eb01ce,2017-10-28T17:54:56.000Z,0.00064,0x092e0baa2047010fb279e40b3a2a34a31b2ddbbd,buy,0x4b35e0ab998ebe8414871c13cf778f9d0bbdf609,0x35daba868b8b99378d356fe3c414a85ede0af83e846b35eb29d059ed3712d636
94,430.69562594556874,0.1722782503782275,0x11c4a57e3628c051946cd7bb3ab955b5a1f58ff9,2017-10-28T16:05:09.000Z,0.00039999999999999996,0x5facaadd40ae912dccf963096bcb530c413839ee,sell,0x4b35e0ab998ebe8414871c13cf778f9d0bbdf609,0x40acf7cc52b59fccff95e12fb584d88c5014d17c7999aac7dfebafad07fa772c
95,156.98135779084836,0.06279254311633935,0x11c4a57e3628c051946cd7bb3ab955b5a1f58ff9,2017-10-28T15:52:16.000Z,0.00039999999999999996,0x802fb80a1844b986b3ebadad804ee11f84c8cd5b,sell,0x4b35e0ab998ebe8414871c13cf778f9d0bbdf609,0x0b0d906de67cac0d92dc02f20845d0b01de0122aa56c4ad5bb55032c5e55ce51
96,88,0.0352,0x11c4a57e3628c051946cd7bb3ab955b5a1f58ff9,2017-10-28T15:50:29.000Z,0.0004,0x27340a802cbdf612384b0749b767b5b6c9a97513,sell,0x4b35e0ab998ebe8414871c13cf778f9d0bbdf609,0x8c23ecd255cd77f656abbe0f3c9ee03dcfdc3e67248e5c0dbe11f4fb416cf04d
97,100,0.0401,0x6917383c86c9923aad3ec3ac2525d0bf7329e146,2017-10-28T15:49:02.000Z,0.000401,0x27340a802cbdf612384b0749b767b5b6c9a97513,sell,0x4b35e0ab998ebe8414871c13cf778f9d0bbdf609,0x9cc592aad229e8dbf97e509ff66a26626ed3b933f60f225e2c7537a2dcbd0018
98,5000,3.35,0xfde75854c4fc17b0f916d0da39171929ada1dfd6,2017-10-27T22:00:31.000Z,0.00067,0x0c3b117c144f6d33d28479dda01d25c849eb01ce,buy,0x4b35e0ab998ebe8414871c13cf778f9d0bbdf609,0x0c6182f20b76da37b7804ca99cfd702236b5176998836b1d25ca0d8838e3b0a0
99,6000,4.02,0x0c3b117c144f6d33d28479dda01d25c849eb01ce,2017-10-27T20:52:16.000Z,0.00067,0xfde75854c4fc17b0f916d0da39171929ada1dfd6,buy,0x4b35e0ab998ebe8414871c13cf778f9d0bbdf609,0x5e6df4ef1fe036a909f25c851ea1ba42bff978dc543633c5014c52a68da3c1f9
100,438,0.29346,0x0c3b117c144f6d33d28479dda01d25c849eb01ce,2017-10-27T20:34:03.000Z,0.00067,0x35da45c1403333e0a984738733755c20636a3904,buy,0x4b35e0ab998ebe8414871c13cf778f9d0bbdf609,0x372f19351348acf35255c4e9f4ffb755627475a1abc6cfbda909bb91905c80f5
101,882.739,0.591434247261,0x0c3b117c144f6d33d28479dda01d25c849eb01ce,2017-10-27T20:26:26.000Z,0.000669999,0x1dd4d1f2bc0a2bb1d64671d8a4ae50436329a5d7,buy,0x4b35e0ab998ebe8414871c13cf778f9d0bbdf609,0x6e406f3686b4368b2fd5a36844707dea81ad1f13ca652828b647a3c64d9cafdd
102,629.877,0.40942005,0x0c3b117c144f6d33d28479dda01d25c849eb01ce,2017-10-27T19:57:12.000Z,0.00065,0xf8c854b77ebc0216786215bd1fb4ceca5800dc9a,buy,0x4b35e0ab998ebe8414871c13cf778f9d0bbdf609,0xf061eb5c612d0cf1a9874da220ac6c37aa393a0ea0488b715c2e7c6746ebeadb
103,1259.754,0.78104748,0x0c3b117c144f6d33d28479dda01d25c849eb01ce,2017-10-27T19:42:53.000Z,0.00062,0xf8c854b77ebc0216786215bd1fb4ceca5800dc9a,buy,0x4b35e0ab998ebe8414871c13cf778f9d0bbdf609,0xa34a0b050ea531fe86ab2c0ece6b2d89e5cef1ef5c26ee6d2429ad0d2a6d28eb
104,430.7268151971171,0.21536340759855857,0x0c3b117c144f6d33d28479dda01d25c849eb01ce,2017-10-27T18:45:03.000Z,0.0005,0x9eb429cb38ad55553a6e83ccacd178c7fd27a26a,sell,0x4b35e0ab998ebe8414871c13cf778f9d0bbdf609,0xf00bf9df2fa65fe486808dc831dbc54a6e55e0d001973a2373c869ac85c67f6d
105,629.877,0.42201759,0x0c3b117c144f6d33d28479dda01d25c849eb01ce,2017-10-27T18:04:30.000Z,0.00067,0x3fb40efc659f5d566216116aee4626da191e9b25,buy,0x4b35e0ab998ebe8414871c13cf778f9d0bbdf609,0x61a71fd2fcb2e524e23b75fc8f3db3a7fd28a1e6f1ce414abb57eda1dec52707
106,188.96,0.12650872,0x0c3b117c144f6d33d28479dda01d25c849eb01ce,2017-10-27T18:02:58.000Z,0.0006695,0x5fbdc3e2c3f1c39c3e67d884a052d2420f605580,buy,0x4b35e0ab998ebe8414871c13cf778f9d0bbdf609,0x82b0f6186a4d585c708e2b877377d00821df6fd58e5950dc3c25ecbccd8ee17c
107,620,0.4216,0x0c3b117c144f6d33d28479dda01d25c849eb01ce,2017-10-27T16:41:10.000Z,0.00068,0x375cfb829206cb219f793a51771291a857af5712,buy,0x4b35e0ab998ebe8414871c13cf778f9d0bbdf609,0xbeca36ce38036d6438ded9e47eed547155212808335f305ef980f691467ab914
108,694.479,0.4634952846,0x0c3b117c144f6d33d28479dda01d25c849eb01ce,2017-10-27T16:39:47.000Z,0.0006674,0x9c29d669d0ba6bae5d0838176b057960de236ecc,buy,0x4b35e0ab998ebe8414871c13cf778f9d0bbdf609,0x5360384c5ede282195cb78ddfacd3ca4f70fa65bef52cf1be01b2d2d0db938c9
109,188.96,0.115719104,0x0c3b117c144f6d33d28479dda01d25c849eb01ce,2017-10-27T16:38:44.000Z,0.0006124,0x588e593f01673408e3a9a4974fad2103734eb69a,buy,0x4b35e0ab998ebe8414871c13cf778f9d0bbdf609,0x76d74a048f56a4abae1425748d4738dd386a4be47c4ffa2d044b4800c54118b8
110,440,0.2684,0x0c3b117c144f6d33d28479dda01d25c849eb01ce,2017-10-27T16:38:28.000Z,0.00061,0xb8313b7e5dda94bdbfb7cd5656cee0b6364a4aed,buy,0x4b35e0ab998ebe8414871c13cf778f9d0bbdf609,0x478311e1b267e156814e92743b04c4d51200fa19e230da5d46134d973c5d6809
111,257,0.1542,0x0c3b117c144f6d33d28479dda01d25c849eb01ce,2017-10-27T16:37:18.000Z,0.0006,0xe1c4282919f391310a65b53559c571b9e594b6e1,buy,0x4b35e0ab998ebe8414871c13cf778f9d0bbdf609,0x07533c42d48ec4958c11f658a26089add516ed50f66f3d7f0f1c770c8b5c033e
112,400,0.2396,0x0c3b117c144f6d33d28479dda01d25c849eb01ce,2017-10-27T16:36:00.000Z,0.000599,0x6917383c86c9923aad3ec3ac2525d0bf7329e146,buy,0x4b35e0ab998ebe8414871c13cf778f9d0bbdf609,0x09e22566ff3404b9be6196d115aa4654688ce8ec840a78a018debe8f81a039c4
113,313.9666122021733,0.15698330610108663,0x0c3b117c144f6d33d28479dda01d25c849eb01ce,2017-10-27T15:55:14.000Z,0.0005,0xf8c854b77ebc0216786215bd1fb4ceca5800dc9a,sell,0x4b35e0ab998ebe8414871c13cf778f9d0bbdf609,0x0fd9d0926efc817e6c82fc1754b05daf7a1e95f0129d0500639158fdc0955651
114,2637.313019639119,1.3186565098195593,0x0c3b117c144f6d33d28479dda01d25c849eb01ce,2017-10-27T14:53:46.000Z,0.0005,0x143ecfee04a13884e5310fe20c61abb954fc5e09,sell,0x4b35e0ab998ebe8414871c13cf778f9d0bbdf609,0x451fe166935fc0eb39f84940d1c978db74b20c2fbeaf521bdbcc7762cfc0ec1f
115,627,0.3135,0x0c3b117c144f6d33d28479dda01d25c849eb01ce,2017-10-27T14:02:28.000Z,0.0005,0x15b334b8a6b355ee38ac5d48a59a511949c04961,sell,0x4b35e0ab998ebe8414871c13cf778f9d0bbdf609,0xcd919bfef4b93d5466d4cc28c28cf7314d54ad0c04432ea63e312080f149cdfc
116,250,0.125,0x0c3b117c144f6d33d28479dda01d25c849eb01ce,2017-10-27T13:33:47.000Z,0.0005,0x8caab934c654213f1ad4cd19b74fb675af3d3935,sell,0x4b35e0ab998ebe8414871c13cf778f9d0bbdf609,0x4698880b4708220edf88518c2a12a01f3183bb68ac70f0ccc68aa8da0a147493
117,564.2508224504038,0.28212541122520185,0x0c3b117c144f6d33d28479dda01d25c849eb01ce,2017-10-27T09:54:27.000Z,0.0005,0xd41905214a51393886233296a362da0afa646022,sell,0x4b35e0ab998ebe8414871c13cf778f9d0bbdf609,0xa4f09e01d15a206958c3f151cff768d6579d1b5f8e4d79249c5d89a7bfb0d9ab
118,288.067660253215,0.1440338301266075,0x0c3b117c144f6d33d28479dda01d25c849eb01ce,2017-10-27T09:08:10.000Z,0.0005,0xabec2a84cc2f7adbee576367336f33b31d0f3455,sell,0x4b35e0ab998ebe8414871c13cf778f9d0bbdf609,0xd43c2439f6f2f926be0a6c9baabf5680352ffc7d49622542e39b2a76b2138134
119,188.37670222310837,0.09418835111155419,0x0c3b117c144f6d33d28479dda01d25c849eb01ce,2017-10-27T08:58:03.000Z,0.0005,0xa3d1ed43ba62d61a8687130770dda943dc7b59bd,sell,0x4b35e0ab998ebe8414871c13cf778f9d0bbdf609,0x1a2086e5d75536f619aea7d615c7664aa677f4520a61e65bf431790fe348af0d
120,501.6274548898415,0.25081372744492075,0x0c3b117c144f6d33d28479dda01d25c849eb01ce,2017-10-27T06:41:25.000Z,0.0005,0xc32490bae8e818287df24f9a294e80d2c526f0ec,sell,0x4b35e0ab998ebe8414871c13cf778f9d0bbdf609,0x620aac42eb386417019faea84e783a7860e687112286a4d2bc0d8c36744ce486
121,566.89,0.3061206,0x0c3b117c144f6d33d28479dda01d25c849eb01ce,2017-10-26T21:58:08.000Z,0.00054,0xd3d6f9328006290f963676868e087d18c07d23a6,buy,0x4b35e0ab998ebe8414871c13cf778f9d0bbdf609,0x9120aaf75c231574ec2e3508c8f97d8bbcb76e13fe9d3938958ba5bb24a43360
122,941.9185740105672,0.4709592870052836,0x0c3b117c144f6d33d28479dda01d25c849eb01ce,2017-10-26T20:20:44.000Z,0.0005,0x857d27b63cb4fde55ab840eaccdd8513ae1e324b,sell,0x4b35e0ab998ebe8414871c13cf778f9d0bbdf609,0xe76f4123070e8fb2baa27c5e9f4e7fd2e51ed1519dcfe82c0d6982c0687c6e1c
123,183,0.0916647,0xbb8f4ab864e621c1ef82354b3547112ec38221cc,2017-10-26T19:59:05.000Z,0.0005009,0xfe5e197dac987c65a1ca1a92abf7e9392c984889,sell,0x4b35e0ab998ebe8414871c13cf778f9d0bbdf609,0xa9873fbe0743a3288dea79e213cad1a12a8e64746112ea76600af60642590136
124,100,0.05099,0xbb8f4ab864e621c1ef82354b3547112ec38221cc,2017-10-26T19:58:06.000Z,0.0005099,0xfe5e197dac987c65a1ca1a92abf7e9392c984889,sell,0x4b35e0ab998ebe8414871c13cf778f9d0bbdf609,0x2b53f6b3d28678f90f65089b8fb6f00aad1dda938cbafb0323946e7a50d9a430
125,450,0.225,0x0c3b117c144f6d33d28479dda01d25c849eb01ce,2017-10-26T16:01:41.000Z,0.0005,0xc32490bae8e818287df24f9a294e80d2c526f0ec,sell,0x4b35e0ab998ebe8414871c13cf778f9d0bbdf609,0xca74e9054af52d519d892a8c89d2cdb228c0eb51a6c5dd4e1eeb48725724c2e1
126,49.228,0.024614,0x590fa45656b8ca8d9b371c4f848ee2cb34031b3b,2017-10-26T15:02:32.000Z,0.0005,0x0082dfdb640969497b2d1d3aeb4df0ef86dbf421,buy,0x4b35e0ab998ebe8414871c13cf778f9d0bbdf609,0x893656c8e49c7dc80fe2df72fb725c158db98cae78ddba85e21ba54ba469e694
127,2.239375908961948,0.001119687954480974,0x590fa45656b8ca8d9b371c4f848ee2cb34031b3b,2017-10-26T14:56:25.000Z,0.0005,0x0082dfdb640969497b2d1d3aeb4df0ef86dbf421,buy,0x4b35e0ab998ebe8414871c13cf778f9d0bbdf609,0x8bc91cbaf4a082df6560941a0f3ea745068aa139a0df9ba81072bb86b4350740
128,312.0780926550682,0.15603904632753407,0x0c3b117c144f6d33d28479dda01d25c849eb01ce,2017-10-26T14:14:55.000Z,0.0005,0x08289cf66354969aae72a0f9429da54cb4c23b84,sell,0x4b35e0ab998ebe8414871c13cf778f9d0bbdf609,0xf7b05008ba7ec892274d03e266625c745a0fe79e98d299dad0fbff0d5d4e35b1
129,627.930415711295,0.31396520785564747,0x0c3b117c144f6d33d28479dda01d25c849eb01ce,2017-10-26T13:06:48.000Z,0.0005,0x4295715e48bb7f7a28bade06b7146aeeec0e5a9d,sell,0x4b35e0ab998ebe8414871c13cf778f9d0bbdf609,0x14e9471f6c6948044a959ab7dcc22824930503a6e09d598f61b7028a544c6118
130,225,0.1125,0x0c3b117c144f6d33d28479dda01d25c849eb01ce,2017-10-26T11:57:14.000Z,0.0005,0xc32490bae8e818287df24f9a294e80d2c526f0ec,sell,0x4b35e0ab998ebe8414871c13cf778f9d0bbdf609,0x306cfc2a8f6620fb7fb102ae6547add17fee650c27e700e3825bf177e6533acb
131,808.382409985098,0.40419120499254896,0x2adef0a727f1a443d61886981c89136ca866ab33,2017-10-26T10:51:11.000Z,0.0005,0x0082dfdb640969497b2d1d3aeb4df0ef86dbf421,buy,0x4b35e0ab998ebe8414871c13cf778f9d0bbdf609,0x06c5bc41c2cc83c8b9691fd398ad651afaea15b8688568f306e0162d46bcbfaa
132,400,0.2,0x6917383c86c9923aad3ec3ac2525d0bf7329e146,2017-10-26T10:13:48.000Z,0.0005,0x0082dfdb640969497b2d1d3aeb4df0ef86dbf421,buy,0x4b35e0ab998ebe8414871c13cf778f9d0bbdf609,0xea75af9a17c1564f79a2338ef040f2d02b0e9c66e7a623a8e94246d6c742c742
133,941.8981158408932,0.4709490579204466,0x0c3b117c144f6d33d28479dda01d25c849eb01ce,2017-10-26T08:41:11.000Z,0.0005,0xacc95a0da6b76dd526a98dfde4da7f1e019b39d9,sell,0x4b35e0ab998ebe8414871c13cf778f9d0bbdf609,0x309ccf4c97fe5185d9a7c91f0a9f4b3f2a6ab8b35d10384740ac833ce62fcfac
134,502.3444123218024,0.2511722061609012,0x0c3b117c144f6d33d28479dda01d25c849eb01ce,2017-10-26T08:28:30.000Z,0.0005,0xe4511fe486525748c38cf429a5ad42867ea90e77,sell,0x4b35e0ab998ebe8414871c13cf778f9d0bbdf609,0x14b9faae96a4de248d94364a3abea277667af25b7236c720a55aae407fb58920
135,627.930415711295,0.31396520785564747,0x0c3b117c144f6d33d28479dda01d25c849eb01ce,2017-10-26T08:23:17.000Z,0.0005,0xf01ff18ef1392278cf7bc82ef3b8b22460e98c81,sell,0x4b35e0ab998ebe8414871c13cf778f9d0bbdf609,0x1e785bc9a727685d4e4dcba616d406b1140de6b7e5a05b535aaeef641ee27c88
136,334.89781676801914,0.16744890838400958,0x0c3b117c144f6d33d28479dda01d25c849eb01ce,2017-10-26T06:54:06.000Z,0.0005,0xff6fc474f89473ddeaf5fec9dd73b94c5b863dc1,sell,0x4b35e0ab998ebe8414871c13cf778f9d0bbdf609,0x0876e3cdd8e23e75e4aec2f0f5b9d0af7c0a854e2548be424544203f0dfbafe7
137,1661.8482703618781,0.8309241351809391,0x0c3b117c144f6d33d28479dda01d25c849eb01ce,2017-10-26T06:52:02.000Z,0.0005,0xdd3b9be91ea4d427e62c3fa3f2b27b5290d98f1e,sell,0x4b35e0ab998ebe8414871c13cf778f9d0bbdf609,0x3d8c7f03945b952b3f589145b101b1f5d0fe382f02226ea164e8239d9096e45d
138,256.4021533246935,0.12820107666234673,0x0c3b117c144f6d33d28479dda01d25c849eb01ce,2017-10-26T06:16:52.000Z,0.0005,0x952f900b78b932ccc2ce131fd19751db71031e2b,sell,0x4b35e0ab998ebe8414871c13cf778f9d0bbdf609,0x2ba8d626a7b37c3d99aeb82e7e2d734571c86bf5eee2951e1075699d491642b7
139,629,0.36482,0x0c3b117c144f6d33d28479dda01d25c849eb01ce,2017-10-26T06:08:37.000Z,0.00058,0x204e7b97413dca47f8095a6679a5097f5b9a37eb,buy,0x4b35e0ab998ebe8414871c13cf778f9d0bbdf609,0x9c71dda9f9c6432b9679ab3498c1522484c3624473cd73b2f19b3a5395468344
140,334.89781676801914,0.16744890838400958,0x0c3b117c144f6d33d28479dda01d25c849eb01ce,2017-10-26T05:53:44.000Z,0.0005,0x1098b62b22535c7eea2b3c2f6dd049677979d514,sell,0x4b35e0ab998ebe8414871c13cf778f9d0bbdf609,0x7ac77034eaae95606757a73712020f0676078ac8b16421cfe229f159c693c7aa
141,300,0.204,0x0c3b117c144f6d33d28479dda01d25c849eb01ce,2017-10-26T05:08:12.000Z,0.00068,0xc32490bae8e818287df24f9a294e80d2c526f0ec,buy,0x4b35e0ab998ebe8414871c13cf778f9d0bbdf609,0x48a4187e931c430e604970b56f36b039b5daccab07bc2e2dd73328bc0a5adbd5
142,930,0.6324,0x0c3b117c144f6d33d28479dda01d25c849eb01ce,2017-10-26T04:39:33.000Z,0.00068,0x489572706fab7798df0ceab63f98c881645383f4,buy,0x4b35e0ab998ebe8414871c13cf778f9d0bbdf609,0x08b783730423505d6e65d930ef36e35f4c0e9da7141d8ae9752da20713da6ded
143,306,0.20808,0x0c3b117c144f6d33d28479dda01d25c849eb01ce,2017-10-26T04:35:03.000Z,0.00068,0xf008944a4ece209490294c49d8fb7413b33238c5,buy,0x4b35e0ab998ebe8414871c13cf778f9d0bbdf609,0x72c40fe7b6afd1175ee4023dd65126b64886be820249bd05aa5145b6a6e4d195
144,188,0.12784,0x0c3b117c144f6d33d28479dda01d25c849eb01ce,2017-10-26T04:33:49.000Z,0.00068,0x489572706fab7798df0ceab63f98c881645383f4,buy,0x4b35e0ab998ebe8414871c13cf778f9d0bbdf609,0x7d19b5ad5ff735ed9d91c13570edb8b5ba368ddccd8719252266d7fb45fdc402
145,314.936,0.2139045312,0x0c3b117c144f6d33d28479dda01d25c849eb01ce,2017-10-26T04:33:11.000Z,0.0006792,0xe9c17ce0bbd3568980ae78ba2a96b9847fc8f423,buy,0x4b35e0ab998ebe8414871c13cf778f9d0bbdf609,0x80360d1ab56bd9bf7096f6644fa475ca3c9aff569a9b1a478a1ba9ce8c0a49d3
146,94.47,0.0632949,0x0c3b117c144f6d33d28479dda01d25c849eb01ce,2017-10-26T04:31:58.000Z,0.00067,0x07ee7f4efe19efef3205d25a59d682d5b4ba4b9e,buy,0x4b35e0ab998ebe8414871c13cf778f9d0bbdf609,0xf8eb469aa6a74acf94127274d2a314a05f6c0ea522598b0e47885c919c2f285e
147,306.98,0.25924461,0x0c3b117c144f6d33d28479dda01d25c849eb01ce,2017-10-26T01:41:41.000Z,0.0008445,0x2adef0a727f1a443d61886981c89136ca866ab33,buy,0x4b35e0ab998ebe8414871c13cf778f9d0bbdf609,0x26dc5d5212d3f46c3c870523c619617857277a724239d9363cd47c5f0e3f1a6f
148,20,0.0169998,0x0c3b117c144f6d33d28479dda01d25c849eb01ce,2017-10-26T01:09:22.000Z,0.00084999,0xcf8cce88b21122f6a98e72aa5e165cce7023495c,buy,0x4b35e0ab998ebe8414871c13cf778f9d0bbdf609,0x517219f48d107e7226b7aa3e97d2738e0db87a5cd0f5be9209a130eb2904832a
149,647.022,0.43350474,0x0c3b117c144f6d33d28479dda01d25c849eb01ce,2017-10-26T00:06:37.000Z,0.00067,0x927a4460df1ba655363dde2fe1b2a07d3a209e83,buy,0x4b35e0ab998ebe8414871c13cf778f9d0bbdf609,0x76b0bc74c37ed1b75d5a6eb38cfcf37c040ef9685b0914b577b7923e50fc1006
150,20,0.0124,0x0c3b117c144f6d33d28479dda01d25c849eb01ce,2017-10-26T00:02:58.000Z,0.00062,0x5e0221c72f941fbc27e8ba90609a7f1594ec068a,buy,0x4b35e0ab998ebe8414871c13cf778f9d0bbdf609,0xdb26c68e539b0f92e3e33c36fe17971527c258781ba7012ba7534dde22c93f8c
151,158,0.0948,0x0c3b117c144f6d33d28479dda01d25c849eb01ce,2017-10-26T00:00:07.000Z,0.0006,0x799ec03a8b90c4f626d96c299f188bd3ef0c36c6,buy,0x4b35e0ab998ebe8414871c13cf778f9d0bbdf609,0x4856a52203a1cf27de55a384cdce850ba4fc41e3d9b96cae7cf6df1ad144df33
152,50,0.02945,0x0c3b117c144f6d33d28479dda01d25c849eb01ce,2017-10-25T23:58:15.000Z,0.000589,0x6917383c86c9923aad3ec3ac2525d0bf7329e146,buy,0x4b35e0ab998ebe8414871c13cf778f9d0bbdf609,0xd42114d830d31b29d665bae0ddbe4b135bea58bc60f9394ca4f73ffedf5f773f
153,100,0.068,0x0c3b117c144f6d33d28479dda01d25c849eb01ce,2017-10-25T20:33:30.000Z,0.00068,0x927a4460df1ba655363dde2fe1b2a07d3a209e83,buy,0x4b35e0ab998ebe8414871c13cf778f9d0bbdf609,0xf82fedd23cd2c637972296ba665776fef7c4f85a9e2c977efe09ceb4ff01afde
154,100,0.068,0x0c3b117c144f6d33d28479dda01d25c849eb01ce,2017-10-25T17:37:21.000Z,0.00068,0x489572706fab7798df0ceab63f98c881645383f4,buy,0x4b35e0ab998ebe8414871c13cf778f9d0bbdf609,0xcc98b07739f2c5e2e825b4dbbcfa8fdd5a0b54d66cec8596fda84160d533922f
155,299.092812281926,0.09271966908583391,0x9da7ad646dc636de4bbc54ece8723a2bc346ca36,2017-10-25T10:19:04.000Z,0.000310003,0x9eb429cb38ad55553a6e83ccacd178c7fd27a26a,sell,0x4b35e0ab998ebe8414871c13cf778f9d0bbdf609,0x6b2f57e175bd87816f3ee3dd13293dfb5b41b5b55f2ad5d052df76a34a787f0e
156,100,0.068,0x0c3b117c144f6d33d28479dda01d25c849eb01ce,2017-10-25T02:27:54.000Z,0.00068,0xf008944a4ece209490294c49d8fb7413b33238c5,buy,0x4b35e0ab998ebe8414871c13cf778f9d0bbdf609,0xde8c9ac710f6f3d3d218c59cb246c6d210db584d0146749031a09eace42d50f0
157,50,0.0325,0x0c3b117c144f6d33d28479dda01d25c849eb01ce,2017-10-25T01:53:56.000Z,0.00065,0x6917383c86c9923aad3ec3ac2525d0bf7329e146,buy,0x4b35e0ab998ebe8414871c13cf778f9d0bbdf609,0x7db9592bf830ad3e22212abdc9b0344f4d1036bc4269d4ac673be23db660c89f
158,996.9095803010667,0.30904196989333066,0x9da7ad646dc636de4bbc54ece8723a2bc346ca36,2017-10-25T01:03:32.000Z,0.00031,0x967e5a1610575e15ea2b27822ac32dbeaee098dd,sell,0x4b35e0ab998ebe8414871c13cf778f9d0bbdf609,0x9bcdda4cc271881410567bbcb5531b58ba42f88415e696a5a3762f359416769a
159,100,0.068,0x0c3b117c144f6d33d28479dda01d25c849eb01ce,2017-10-24T16:44:26.000Z,0.00068,0xf008944a4ece209490294c49d8fb7413b33238c5,buy,0x4b35e0ab998ebe8414871c13cf778f9d0bbdf609,0x63a46dd9035008e45108f63dca99dcd1f6742a25834138fc5195dd43c4b7a34a
160,747.0222310836407,0.22427101421593063,0x927a4460df1ba655363dde2fe1b2a07d3a209e83,2017-10-24T15:04:49.000Z,0.00030021999999999997,0x23b5cc114d981c014915831b77d492a44c7b6885,sell,0x4b35e0ab998ebe8414871c13cf778f9d0bbdf609,0x77e36b96f1d5e1497accb47a589aa19334ebeb3a1a7d730642c88d5a1724143f
161,20,0.0076,0x5e0221c72f941fbc27e8ba90609a7f1594ec068a,2017-10-24T14:51:19.000Z,0.00038,0x23b5cc114d981c014915831b77d492a44c7b6885,sell,0x4b35e0ab998ebe8414871c13cf778f9d0bbdf609,0xb0f75d8f497c5dd6d738b67a1a9dfb997d52d0fa1b2e134c38a45f217e46635d
162,50,0.02,0x6917383c86c9923aad3ec3ac2525d0bf7329e146,2017-10-24T14:49:26.000Z,0.0004,0x23b5cc114d981c014915831b77d492a44c7b6885,sell,0x4b35e0ab998ebe8414871c13cf778f9d0bbdf609,0xe52f6b76be65cb0f96769f0b4d9bac8a32509f16d04d5a17a645d8fc30289681
163,50,0.03,0x6917383c86c9923aad3ec3ac2525d0bf7329e146,2017-10-24T10:56:47.000Z,0.0006,0x799ec03a8b90c4f626d96c299f188bd3ef0c36c6,buy,0x4b35e0ab998ebe8414871c13cf778f9d0bbdf609,0x1008c5505c0eb4fddc00226416f9ba54ed9e48f543e7d8efaca99df400bedc68
164,864.061,0.595338029,0xfde75854c4fc17b0f916d0da39171929ada1dfd6,2017-10-24T02:17:49.000Z,0.000689,0x06195f91b396e27ca7912617554dcec737b74e09,buy,0x4b35e0ab998ebe8414871c13cf778f9d0bbdf609,0x370d5fdb20f1b6ad292999a5536c406dab147b6f6a90a2dcba7c2c4d7602a09d
165,839,0.57052,0xfde75854c4fc17b0f916d0da39171929ada1dfd6,2017-10-24T01:25:12.000Z,0.00068,0x26cae83f14c493e7c68964d698398f6bab3711ef,buy,0x4b35e0ab998ebe8414871c13cf778f9d0bbdf609,0x45aaed1210c93c984a7ac8b9e8698b41ea177d24a82a99a4843f779ccea1399c
166,1000,0.68,0xfde75854c4fc17b0f916d0da39171929ada1dfd6,2017-10-24T01:24:25.000Z,0.00068,0x26cae83f14c493e7c68964d698398f6bab3711ef,buy,0x4b35e0ab998ebe8414871c13cf778f9d0bbdf609,0x9bf04f51f0d8c357511beebd4028f7a70e223b960c662a2b2b5f21991a667e92
167,317.89353005682386,0.12079954142159306,0xf008944a4ece209490294c49d8fb7413b33238c5,2017-10-23T04:23:32.000Z,0.00037999999999999997,0x5ce541582b480ddb717b2c8784108f63173c1bbb,sell,0x4b35e0ab998ebe8414871c13cf778f9d0bbdf609,0x410ba8207a58a08e8d10a4ce4891a0483a286bc34f30c7a5efe169e21254407a
168,29,0.02465,0x0c3b117c144f6d33d28479dda01d25c849eb01ce,2017-10-23T01:14:13.000Z,0.00085,0x5ce541582b480ddb717b2c8784108f63173c1bbb,buy,0x4b35e0ab998ebe8414871c13cf778f9d0bbdf609,0xb4e6fc1a3399f46722e95ce338e45f94d4e9308545f494b5b9157b23d27cd862
169,29,0.02465,0x0c3b117c144f6d33d28479dda01d25c849eb01ce,2017-10-23T01:13:16.000Z,0.00085,0x5ce541582b480ddb717b2c8784108f63173c1bbb,buy,0x4b35e0ab998ebe8414871c13cf778f9d0bbdf609,0xb4e6fc1a3399f46722e95ce338e45f94d4e9308545f494b5b9157b23d27cd862
170,100,0.07,0x0c3b117c144f6d33d28479dda01d25c849eb01ce,2017-10-23T00:52:10.000Z,0.0007,0x799ec03a8b90c4f626d96c299f188bd3ef0c36c6,buy,0x4b35e0ab998ebe8414871c13cf778f9d0bbdf609,0xb9ffee00e7eddb37ea15e0ee5ec713177660ac6936bed4a1a8911a4ee97c906e
171,911.369,0.6367735203,0x0c3b117c144f6d33d28479dda01d25c849eb01ce,2017-10-23T00:40:36.000Z,0.0006987,0xe9c17ce0bbd3568980ae78ba2a96b9847fc8f423,buy,0x4b35e0ab998ebe8414871c13cf778f9d0bbdf609,0xa7659632a0d7a3835576f0699d63649d1a7edc946cd07609daefba41248bf5a9
172,2000,1.396,0x0c3b117c144f6d33d28479dda01d25c849eb01ce,2017-10-23T00:38:37.000Z,0.000698,0xfde75854c4fc17b0f916d0da39171929ada1dfd6,buy,0x4b35e0ab998ebe8414871c13cf778f9d0bbdf609,0xeef0c7ff08c3cdf9321ae52aa1d58fa7f16347d37de4e46c687d9a83578146a7
173,327.819,0.2289815715,0x0c3b117c144f6d33d28479dda01d25c849eb01ce,2017-10-23T00:34:46.000Z,0.0006985,0x4a977beecfc59e754e96917e592662c1db82cca6,buy,0x4b35e0ab998ebe8414871c13cf778f9d0bbdf609,0xc0b79ac6977338bf251b2d8b24ee3fa33811f5b0054c0079554313a1d788229f
174,496.942,0.34288998,0x0c3b117c144f6d33d28479dda01d25c849eb01ce,2017-10-23T00:33:52.000Z,0.00069,0x6492346bf7f21fa5873bead8333a42b51e02f7d6,buy,0x4b35e0ab998ebe8414871c13cf778f9d0bbdf609,0x1c94bf0f1b5d6b77a3f372bb4b10e1ff0eec3f7dc6fa02dfdbceeaeac6485328
175,1630,0.652,0x489572706fab7798df0ceab63f98c881645383f4,2017-10-23T00:07:12.000Z,0.0004,0x5ce541582b480ddb717b2c8784108f63173c1bbb,sell,0x4b35e0ab998ebe8414871c13cf778f9d0bbdf609,0x8248a2d228a17eabdc4c468ed4e409e3268f38d7664cdfb33bd57cd6560c557c
176,700,0.483,0xfde75854c4fc17b0f916d0da39171929ada1dfd6,2017-10-22T23:28:32.000Z,0.00069,0x6492346bf7f21fa5873bead8333a42b51e02f7d6,buy,0x4b35e0ab998ebe8414871c13cf778f9d0bbdf609,0xee8517480e3e4570f44f90027fdc4f406b0c323ae2e68e5cdd998934de1ff96b
177,0.7142857142857143,0.0005,0xf9695cd65d6dfdf257fab76a3eb0cb8f001971cc,2017-10-22T04:45:00.000Z,0.0007,0x799ec03a8b90c4f626d96c299f188bd3ef0c36c6,buy,0x4b35e0ab998ebe8414871c13cf778f9d0bbdf609,0xd706db900796193ba57b574c865a38b9bfbd183a652c4f761e79af3e453d7490
178,1177.451,0.55342551902,0xdef0083fea701af025c19bdf0d328d5a44eac384,2017-10-22T02:56:44.000Z,0.00047002,0x799ec03a8b90c4f626d96c299f188bd3ef0c36c6,sell,0x4b35e0ab998ebe8414871c13cf778f9d0bbdf609,0x763b4d6abe63dff257164fbea4fe42c001be465b540600ba320114da16742d69
179,0.6944444444444444,0.0005,0x42c24a83bded723edfdf5883bc7efb30bc1a1bf3,2017-10-22T01:56:31.000Z,0.00072,0x0c3b117c144f6d33d28479dda01d25c849eb01ce,buy,0x4b35e0ab998ebe8414871c13cf778f9d0bbdf609,0xf9632f1ae153e9583c40922c0da5ae3956722cc8ab12dc9cf30643612fd327b1
180,0.6944444444444444,0.0005,0xcd912af5286dc0b0a23edb30209734ecb60838b3,2017-10-22T01:49:30.000Z,0.00072,0x0c3b117c144f6d33d28479dda01d25c849eb01ce,buy,0x4b35e0ab998ebe8414871c13cf778f9d0bbdf609,0xbf735f40f7011f38b54b6ff80a3ff7dfc3a2c7b73813522f8eb1d8711a3c082a
181,0.6944444444444444,0.0005,0x16e5d97bbc92417e051e3b2cabfbf8ceea2acb9c,2017-10-22T01:49:30.000Z,0.00072,0x0c3b117c144f6d33d28479dda01d25c849eb01ce,buy,0x4b35e0ab998ebe8414871c13cf778f9d0bbdf609,0x43594885060e00cc1d2b53815b17fd5357aece310232c8cf0cc630482b6fccea
182,0.6944444444444444,0.0005,0x379374d13077e8867ef31803c37baf9785a17c00,2017-10-22T01:49:30.000Z,0.00072,0x0c3b117c144f6d33d28479dda01d25c849eb01ce,buy,0x4b35e0ab998ebe8414871c13cf778f9d0bbdf609,0xfef5f5e769f9dbd1d55082429418a125d9d8f43fdfcbfaf676a0dfdaa564a0c2
183,307.819,0.2154733,0xfde75854c4fc17b0f916d0da39171929ada1dfd6,2017-10-21T21:50:23.000Z,0.0007,0xa6152ec2fae5658ebf1be400c13a706598190693,buy,0x4b35e0ab998ebe8414871c13cf778f9d0bbdf609,0x59f21fbd9dd6153b7191a9948e8fc82312d1098a8aef6a6aaf266e3e684a208e
184,500,0.3595,0xfde75854c4fc17b0f916d0da39171929ada1dfd6,2017-10-21T21:46:12.000Z,0.000719,0x0c3b117c144f6d33d28479dda01d25c849eb01ce,buy,0x4b35e0ab998ebe8414871c13cf778f9d0bbdf609,0x3deeb5c93f4465066c9a46a6af5223d0c1555969a2c585f4267cf87c8d2af35f
185,288,0.2016,0xfde75854c4fc17b0f916d0da39171929ada1dfd6,2017-10-21T21:03:54.000Z,0.0007,0x857d27b63cb4fde55ab840eaccdd8513ae1e324b,buy,0x4b35e0ab998ebe8414871c13cf778f9d0bbdf609,0x7b8fdebf62d7a1bcec63b7a0a5564d9a44e91bf017f2dd4b42820de2ccd7435d
186,386,0.2702,0xfde75854c4fc17b0f916d0da39171929ada1dfd6,2017-10-21T20:31:12.000Z,0.0007,0x3753ab138a79cfbb0c7f704985dd8e0887561501,buy,0x4b35e0ab998ebe8414871c13cf778f9d0bbdf609,0xdbd1142b1d5181fe8bac76853647ecfc44701028c56a3f27a40118b85c094aed
187,200,0.14,0x0c3b117c144f6d33d28479dda01d25c849eb01ce,2017-10-21T19:55:00.000Z,0.0007,0x3753ab138a79cfbb0c7f704985dd8e0887561501,buy,0x4b35e0ab998ebe8414871c13cf778f9d0bbdf609,0x89a40ebdf97ae9bf030d8b95f06cfde1c8cfe697da1b3b4df3c7a39b11c84f66
188,100,0.07,0x0c3b117c144f6d33d28479dda01d25c849eb01ce,2017-10-21T17:59:12.000Z,0.0007,0xe9c17ce0bbd3568980ae78ba2a96b9847fc8f423,sell,0x4b35e0ab998ebe8414871c13cf778f9d0bbdf609,0x7bab8bb009cc7a721b15ff7be9f1bd9348acba21dc29a2ea10ef933267db1a59
189,500,0.36,0xfde75854c4fc17b0f916d0da39171929ada1dfd6,2017-10-21T17:12:10.000Z,0.00072,0x0c3b117c144f6d33d28479dda01d25c849eb01ce,buy,0x4b35e0ab998ebe8414871c13cf778f9d0bbdf609,0x9f3dcb6a7224cc4aed75d4e8705b132f5bb6dcb321a874011e3b5ca01ee41240
190,910.365,0.6372555,0x0c3b117c144f6d33d28479dda01d25c849eb01ce,2017-10-21T16:15:55.000Z,0.0007,0x489572706fab7798df0ceab63f98c881645383f4,buy,0x4b35e0ab998ebe8414871c13cf778f9d0bbdf609,0x1808af113d2e1b67740c2224ec0669ddfbeea9406b70bdd85ae5b794301ac7fb
191,800,0.5504,0x0c3b117c144f6d33d28479dda01d25c849eb01ce,2017-10-21T16:06:09.000Z,0.000688,0xd35cc4db1066b87373c5b83f2a033b4aabb8a1f2,buy,0x4b35e0ab998ebe8414871c13cf778f9d0bbdf609,0x4b024a266b53e2253199fb73249b337fd3ee171ae11db8f2178d405863b0c630
192,253.183,0.16456895,0x0c3b117c144f6d33d28479dda01d25c849eb01ce,2017-10-21T16:04:07.000Z,0.00065,0x07ee7f4efe19efef3205d25a59d682d5b4ba4b9e,buy,0x4b35e0ab998ebe8414871c13cf778f9d0bbdf609,0x8acb9eb62994a94018f42f8b778437831023f45d77bc5f0996136b8a3d23db2d
193,336.1968608456145,0.11094496407905277,0xac3ee6b2c233ca20065f95bb744ff20c98bdb70e,2017-10-21T08:52:52.000Z,0.00033,0xd2dda1755ea253e13382632dfc5a9b46de2319fa,sell,0x4b35e0ab998ebe8414871c13cf778f9d0bbdf609,0x31a0bea0369885c3493bc959b2c2cd2578199bfc8f62ee0a3844aa3fa2731569
194,299.56484235868805,0.11982593694347522,0x489572706fab7798df0ceab63f98c881645383f4,2017-10-21T08:48:37.000Z,0.00039999999999999996,0xd2dda1755ea253e13382632dfc5a9b46de2319fa,sell,0x4b35e0ab998ebe8414871c13cf778f9d0bbdf609,0x5a4072caaedc7628b88448e5e4820fd78021a1c680307b2fdf2ab14749d5d267
195,800,0.3203552,0xd35cc4db1066b87373c5b83f2a033b4aabb8a1f2,2017-10-21T08:48:16.000Z,0.000400444,0xd2dda1755ea253e13382632dfc5a9b46de2319fa,sell,0x4b35e0ab998ebe8414871c13cf778f9d0bbdf609,0x12c42b4284ebcac4c2bd30ff93a29f47ea4f9382a2726fac77bc61c163acab7a
196,610.4351576413119,0.24417406305652478,0x489572706fab7798df0ceab63f98c881645383f4,2017-10-21T06:04:18.000Z,0.00039999999999999996,0x0058c3fc8e28f97926076a162f18a8c0e2c46131,sell,0x4b35e0ab998ebe8414871c13cf778f9d0bbdf609,0xef7aefb56ad7160cb57567ad07557f503578061b8f7a33b13d511f083d23e6a4
197,586,0.3516,0x3753ab138a79cfbb0c7f704985dd8e0887561501,2017-10-21T06:03:22.000Z,0.0006,0x0058c3fc8e28f97926076a162f18a8c0e2c46131,sell,0x4b35e0ab998ebe8414871c13cf778f9d0bbdf609,0xa6b117298a246dbb2c76770ed98de07873b14fb8cb54d0da2d7605a0b06bb646
198,48.09,0.0346248,0x0c3b117c144f6d33d28479dda01d25c849eb01ce,2017-10-21T05:03:04.000Z,0.00072,0xe9c17ce0bbd3568980ae78ba2a96b9847fc8f423,sell,0x4b35e0ab998ebe8414871c13cf778f9d0bbdf609,0xf1ceca0bb62043023f909a11ddf0261d2a91b6d9c8fea649874cfe8db8c6b153
199,32.72883980371131,0.0225828994645608,0x0c3b117c144f6d33d28479dda01d25c849eb01ce,2017-10-21T05:01:41.000Z,0.00069,0xe9c17ce0bbd3568980ae78ba2a96b9847fc8f423,sell,0x4b35e0ab998ebe8414871c13cf778f9d0bbdf609,0x5b753ac10b35559219c90832ac2bd671ca9c888428ba807266c2026acd019b70
200,31.971546973593902,0.02301951382098761,0x0c3b117c144f6d33d28479dda01d25c849eb01ce,2017-10-21T03:24:17.000Z,0.0007199999999999999,0x3421c555a64032f3bb56c0f1236138dc88ae4c7f,sell,0x4b35e0ab998ebe8414871c13cf778f9d0bbdf609,0xa0eb4b39ccfa147ab724aea95674abb80d5205660c19434b9acc5ba3b60bbb15
201,19.938191606021334,0.01435549795633536,0x0c3b117c144f6d33d28479dda01d25c849eb01ce,2017-10-21T01:23:29.000Z,0.0007199999999999999,0x07ee7f4efe19efef3205d25a59d682d5b4ba4b9e,sell,0x4b35e0ab998ebe8414871c13cf778f9d0bbdf609,0x0453ead67a31395158af2fad14197dc37f14b573a98e364ae1fcfb669f28e0ba
202,327,0.257349,0x0c3b117c144f6d33d28479dda01d25c849eb01ce,2017-10-20T23:01:40.000Z,0.000787,0x8ee6fcad578d51d3f5115dffbd0a367489254a24,buy,0x4b35e0ab998ebe8414871c13cf778f9d0bbdf609,0x70110b9379a37046a0045607121aded18ed043eaae15e66f0f56962335ecf704
203,700,0.539,0x0c3b117c144f6d33d28479dda01d25c849eb01ce,2017-10-20T22:58:52.000Z,0.00077,0xfde75854c4fc17b0f916d0da39171929ada1dfd6,buy,0x4b35e0ab998ebe8414871c13cf778f9d0bbdf609,0x92b54dcc8e79f37b8b1779b64fcffcd0394c94489254932021fb1405c354afd2
204,1000,0.75,0xacb0d0cf424b6320c9a575900d06691e9bc230a5,2017-10-20T22:42:04.000Z,0.00075,0x0c3b117c144f6d33d28479dda01d25c849eb01ce,buy,0x4b35e0ab998ebe8414871c13cf778f9d0bbdf609,0xc6d062484d36d30f8cf9de3ff99df2222823f1aaac3df25fb08e8801d5ab16e5
205,200,0.142,0x26cae83f14c493e7c68964d698398f6bab3711ef,2017-10-20T21:26:24.000Z,0.00071,0xac726fae68a156ac048f91f3bf62570de1aafe3b,buy,0x4b35e0ab998ebe8414871c13cf778f9d0bbdf609,0x96327a1e871b33e7cc1f8d45d831fc72664429d709de4cb026f244e80d0857fb
206,200,0.142,0x26cae83f14c493e7c68964d698398f6bab3711ef,2017-10-20T21:25:56.000Z,0.00071,0xac726fae68a156ac048f91f3bf62570de1aafe3b,buy,0x4b35e0ab998ebe8414871c13cf778f9d0bbdf609,0x96327a1e871b33e7cc1f8d45d831fc72664429d709de4cb026f244e80d0857fb
207,1639,1.1473,0x26cae83f14c493e7c68964d698398f6bab3711ef,2017-10-20T21:22:44.000Z,0.0007,0x05aaff7c11f6feb5b991efe59cfeb5c936314196,buy,0x4b35e0ab998ebe8414871c13cf778f9d0bbdf609,0x82ee7e26763215f2623b83744f2814f8d7f483cecc3c5a05c417773afb2850e1
208,67.27116019628869,0.046417100535439196,0x0c3b117c144f6d33d28479dda01d25c849eb01ce,2017-10-20T20:49:57.000Z,0.00069,0x2adef0a727f1a443d61886981c89136ca866ab33,sell,0x4b35e0ab998ebe8414871c13cf778f9d0bbdf609,0xa2fd762dc8ce897061837888aad0f3506ec2e0e877c4fb53657841ccdfc44c4d
209,632,0.4424,0xfde75854c4fc17b0f916d0da39171929ada1dfd6,2017-10-20T20:11:25.000Z,0.0007,0x27340a802cbdf612384b0749b767b5b6c9a97513,buy,0x4b35e0ab998ebe8414871c13cf778f9d0bbdf609,0x1fcbf3efdfe0742ecace62a1d841a44d79c342ea8908368036c977d99f5de3a9
210,546,0.3822,0xfde75854c4fc17b0f916d0da39171929ada1dfd6,2017-10-20T19:52:03.000Z,0.0007,0x489572706fab7798df0ceab63f98c881645383f4,buy,0x4b35e0ab998ebe8414871c13cf778f9d0bbdf609,0x4e913cd175c2b3bb9274b6ddc5fa7de2ec63709afa0bef08c1dff5f4d4f312a5
211,20,0.018,0x0c3b117c144f6d33d28479dda01d25c849eb01ce,2017-10-20T19:29:45.000Z,0.0009,0xa6152ec2fae5658ebf1be400c13a706598190693,buy,0x4b35e0ab998ebe8414871c13cf778f9d0bbdf609,0x7094d83697737edcbec96918c39309119bb311a959a1c4b524ce12057e745c68
212,6,0.00599994,0x0c3b117c144f6d33d28479dda01d25c849eb01ce,2017-10-20T19:21:29.000Z,0.00099999,0xf36990a2cb4d609e0a7d4f3bf884c0342d81fd3d,buy,0x4b35e0ab998ebe8414871c13cf778f9d0bbdf609,0xfb01b68220e6e2ecfc31610f16fb95615203fedefb3ef08a68d0ad378af53221
213,100,0.072,0xacb0d0cf424b6320c9a575900d06691e9bc230a5,2017-10-20T19:19:49.000Z,0.00072,0xac726fae68a156ac048f91f3bf62570de1aafe3b,buy,0x4b35e0ab998ebe8414871c13cf778f9d0bbdf609,0x1d11b6331c552b47387b6842be7717a5f5bc435883375f37d1be171fa83604a1
214,1639,0.8195,0x0c3b117c144f6d33d28479dda01d25c849eb01ce,2017-10-20T19:18:38.000Z,0.0005,0x0082dfdb640969497b2d1d3aeb4df0ef86dbf421,buy,0x4b35e0ab998ebe8414871c13cf778f9d0bbdf609,0xe46014a7d8cd4be9284234f6ad07e5c91c15078c456431ded4e1768e7ecb3863
215,500,0.35,0xfad39ed02e312f4bfdbd368657d5bdb583f60d23,2017-10-20T17:42:36.000Z,0.0007,0x27340a802cbdf612384b0749b767b5b6c9a97513,buy,0x4b35e0ab998ebe8414871c13cf778f9d0bbdf609,0x9644379d77344f1c44f47dae2c037b925335a3d0d1621117b618675edc3b54ba
216,100,0.073,0x0c3b117c144f6d33d28479dda01d25c849eb01ce,2017-10-20T17:10:13.000Z,0.00073,0xac726fae68a156ac048f91f3bf62570de1aafe3b,buy,0x4b35e0ab998ebe8414871c13cf778f9d0bbdf609,0x1e8cb57e31caba32bb19dd60b2c03fbd9f64d16d401403818f6329b79008cef5
217,483.457669849,0.3384203688943,0xacb0d0cf424b6320c9a575900d06691e9bc230a5,2017-10-20T16:30:11.000Z,0.0007,0xd3d6f9328006290f963676868e087d18c07d23a6,buy,0x4b35e0ab998ebe8414871c13cf778f9d0bbdf609,0x93c8a26ab9f1b0f0dfa301a129c2126fced4f01edac830ee7c127594410685d1
218,100,0.07,0x0c3b117c144f6d33d28479dda01d25c849eb01ce,2017-10-20T16:25:21.000Z,0.0007,0xac726fae68a156ac048f91f3bf62570de1aafe3b,buy,0x4b35e0ab998ebe8414871c13cf778f9d0bbdf609,0x60e9c451717c78b7a961021a5ef72228df36b869255dea2a0266436d7cffca2e
219,437.092,0.30159348,0xacb0d0cf424b6320c9a575900d06691e9bc230a5,2017-10-20T16:24:26.000Z,0.00069,0x3753ab138a79cfbb0c7f704985dd8e0887561501,buy,0x4b35e0ab998ebe8414871c13cf778f9d0bbdf609,0x58ce8c2050ad69f8d2b80279d9280dc08b8427460477dd671ce83ae534a2c53c
220,500,0.3405,0x0c3b117c144f6d33d28479dda01d25c849eb01ce,2017-10-20T16:23:12.000Z,0.000681,0xd3d6f9328006290f963676868e087d18c07d23a6,buy,0x4b35e0ab998ebe8414871c13cf778f9d0bbdf609,0xed151b9814abac60768873aeef8236f9e3fcbb794a81cfd9af22654332ae8f5e
221,25.41,0.010164,0xa282feba781612881bb92dc9b00a5a6bab947507,2017-10-20T15:52:24.000Z,0.0004,0xaf76fbfbb35ab38d51f3142fb94a98bd930d9bad,sell,0x4b35e0ab998ebe8414871c13cf778f9d0bbdf609,0x3fd15470fee7e565bc0e9bf052b270c91ba1227f02db367f638760513844c7e5
222,20,0.01362,0xcf8cce88b21122f6a98e72aa5e165cce7023495c,2017-10-20T08:34:40.000Z,0.000681,0xaf76fbfbb35ab38d51f3142fb94a98bd930d9bad,sell,0x4b35e0ab998ebe8414871c13cf778f9d0bbdf609,0x3f1460f59326699da786c48e5f001eeeff946d6780a795b5db92af767bcd96a6
223,16,0.01104,0x0c3b117c144f6d33d28479dda01d25c849eb01ce,2017-10-20T04:18:04.000Z,0.00069,0x27340a802cbdf612384b0749b767b5b6c9a97513,sell,0x4b35e0ab998ebe8414871c13cf778f9d0bbdf609,0x9b89305cb4d355df95f8f241ffa22d1444210fad51cb4478122c87851a3a747e
224,34,0.02346,0x0c3b117c144f6d33d28479dda01d25c849eb01ce,2017-10-20T02:39:27.000Z,0.00069,0x8fd92beaab5620f2f16085745f56c3714ea866af,sell,0x4b35e0ab998ebe8414871c13cf778f9d0bbdf609,0xd493f6796760061de486635adb08ae8c67562760780de140cf867fcd21644110
225,9.854,0.00768612,0x5ce541582b480ddb717b2c8784108f63173c1bbb,2017-10-20T02:34:56.000Z,0.00078,0x8fd92beaab5620f2f16085745f56c3714ea866af,sell,0x4b35e0ab998ebe8414871c13cf778f9d0bbdf609,0xa9507d6a55ae395eb9b439f37d26fe6c15fc9e46bb85c27d76224ab58fe339e6
226,200,0.152,0xacb0d0cf424b6320c9a575900d06691e9bc230a5,2017-10-20T02:34:56.000Z,0.00076,0x8fd92beaab5620f2f16085745f56c3714ea866af,sell,0x4b35e0ab998ebe8414871c13cf778f9d0bbdf609,0x971195476a4f9ae6afd29188cb8e4a5e62c1790d614be96aee348f945756f723
227,6,0.004722,0x5ce541582b480ddb717b2c8784108f63173c1bbb,2017-10-20T02:34:41.000Z,0.000787,0x8fd92beaab5620f2f16085745f56c3714ea866af,sell,0x4b35e0ab998ebe8414871c13cf778f9d0bbdf609,0x4aa5dc1e32af3db50335357641503169497b5ad6ed21eaa29689f88f698e2722
228,20,0.01578,0xfde75854c4fc17b0f916d0da39171929ada1dfd6,2017-10-20T00:59:16.000Z,0.000789,0x0c3b117c144f6d33d28479dda01d25c849eb01ce,buy,0x4b35e0ab998ebe8414871c13cf778f9d0bbdf609,0x5672e2f5160d7f287b6bbf56f9954db709549f59ae777223b39c7b482c805904
229,200,0.1578,0xfde75854c4fc17b0f916d0da39171929ada1dfd6,2017-10-20T00:55:38.000Z,0.000789,0x0c3b117c144f6d33d28479dda01d25c849eb01ce,buy,0x4b35e0ab998ebe8414871c13cf778f9d0bbdf609,0x68f39e75c68e7a6bc9a1ab8dc7a594f47330177083beae0c2ba10961fbc3ae9e
230,300,0.2367,0xacb0d0cf424b6320c9a575900d06691e9bc230a5,2017-10-20T00:49:25.000Z,0.000789,0x0c3b117c144f6d33d28479dda01d25c849eb01ce,buy,0x4b35e0ab998ebe8414871c13cf778f9d0bbdf609,0x4899dfcb6f7a55a37be7ecf0ad4adf5142cdc7e49bbfc6a6dba70d313aebebae
231,432,0.297216,0x0c3b117c144f6d33d28479dda01d25c849eb01ce,2017-10-20T00:49:05.000Z,0.000688,0x4f51bd3a77b881bfb74dcabd09253f891a735510,buy,0x4b35e0ab998ebe8414871c13cf778f9d0bbdf609,0xe3a83ce55ac98c0801862f01a5b944b49113dc23ee4adaa6e9b8cd03ecb7e5bd
232,5,0.0045,0x0c3b117c144f6d33d28479dda01d25c849eb01ce,2017-10-20T00:35:35.000Z,0.0009,0x8fd92beaab5620f2f16085745f56c3714ea866af,buy,0x4b35e0ab998ebe8414871c13cf778f9d0bbdf609,0xd749fee8911351f59c6264b49275240d522793b89db9d71b4276eacab02378ab
233,529,0.38088,0x0c3b117c144f6d33d28479dda01d25c849eb01ce,2017-10-20T00:24:52.000Z,0.00072,0xac726fae68a156ac048f91f3bf62570de1aafe3b,buy,0x4b35e0ab998ebe8414871c13cf778f9d0bbdf609,0xa1fde1420dedb289c840c994e25dd987d9802d8466e84d05008bf01344280fca
234,1290,0.88881,0x0c3b117c144f6d33d28479dda01d25c849eb01ce,2017-10-20T00:15:00.000Z,0.000689,0x5f7188c06e07c1a3d2f83bf3c7e4ca71877afe58,buy,0x4b35e0ab998ebe8414871c13cf778f9d0bbdf609,0x1aef198d58dd4924a80d5a1d8fe595b30c7a2b2e605e3fc861d08942155dd76e
235,10,0.00689,0x96373170538a83c7674ef92f41d195203a8abe09,2017-10-19T23:33:44.000Z,0.000689,0x5f7188c06e07c1a3d2f83bf3c7e4ca71877afe58,buy,0x4b35e0ab998ebe8414871c13cf778f9d0bbdf609,0x5d66b13462808853043983636b79a51729dd170547e446d2263a908be04c0f7b
236,1966.915,1.3768405,0x5ce541582b480ddb717b2c8784108f63173c1bbb,2017-10-19T23:20:14.000Z,0.0007,0x11c4a57e3628c051946cd7bb3ab955b5a1f58ff9,buy,0x4b35e0ab998ebe8414871c13cf778f9d0bbdf609,0xd5155eed68d543211d87c7690a1eeda6b541016ade9087016d47d5267fe0e25e
237,337,0.236237,0x0c3b117c144f6d33d28479dda01d25c849eb01ce,2017-10-19T22:34:43.000Z,0.000701,0x1dd4d1f2bc0a2bb1d64671d8a4ae50436329a5d7,buy,0x4b35e0ab998ebe8414871c13cf778f9d0bbdf609,0xaaf7d3fd47fed38a2bb279ebd89bd908d8879875a9e5f757618008747a9d1d11
238,427,0.299327,0xb15056cb8ab7779888d8e463d75e42e2a94e335e,2017-10-19T22:27:02.000Z,0.000701,0x1dd4d1f2bc0a2bb1d64671d8a4ae50436329a5d7,buy,0x4b35e0ab998ebe8414871c13cf778f9d0bbdf609,0x792b317b3863d5baa0b951442f545182bf47f9b615f4e6319fc4edbb457cd136
239,159.884,0.1119188,0xacb0d0cf424b6320c9a575900d06691e9bc230a5,2017-10-19T22:25:26.000Z,0.0007,0x375cfb829206cb219f793a51771291a857af5712,buy,0x4b35e0ab998ebe8414871c13cf778f9d0bbdf609,0x8cdb82ea44f7514ebc12824ab2cdb0b409c88d6561badeb8295ffc59ddbe214d
240,448,0.3136,0xacb0d0cf424b6320c9a575900d06691e9bc230a5,2017-10-19T22:19:06.000Z,0.0007,0xa01a7b5872612c372c36ceaee183d0c7bad162d4,buy,0x4b35e0ab998ebe8414871c13cf778f9d0bbdf609,0x88bfd82295293ecb02585cfec2ac887b90cbf8688cd2f642c3b828229b959527
241,1300,0.91,0x5f7188c06e07c1a3d2f83bf3c7e4ca71877afe58,2017-10-19T22:07:15.000Z,0.0007,0xa01a7b5872612c372c36ceaee183d0c7bad162d4,buy,0x4b35e0ab998ebe8414871c13cf778f9d0bbdf609,0xfaa6bbd0bbe01b03149361abe1e8b8e3baf399d070692a3552082202268e3ba4
242,150,0.105,0x7aa6e2506316f6d613277d4f2f4e4e1dc55e528e,2017-10-19T21:02:30.000Z,0.0007,0x375cfb829206cb219f793a51771291a857af5712,buy,0x4b35e0ab998ebe8414871c13cf778f9d0bbdf609,0xe1f3f81da98ba05cd78f69a42ebddc40dd854183ba0cd84e27b1ffeb06e0d760
243,300,0.21,0x7d47f96513a3dc1d24bc93ae145c85b8e212545e,2017-10-19T21:02:30.000Z,0.0007,0x375cfb829206cb219f793a51771291a857af5712,buy,0x4b35e0ab998ebe8414871c13cf778f9d0bbdf609,0xf74e66a9e4799c0b1ede76c9ad93f7e3cfc47c279cc81d8b94cdaaf44a410447
244,149.55,0.107676,0xacb0d0cf424b6320c9a575900d06691e9bc230a5,2017-10-19T21:02:30.000Z,0.00072,0x7aa6e2506316f6d613277d4f2f4e4e1dc55e528e,sell,0x4b35e0ab998ebe8414871c13cf778f9d0bbdf609,0xe1f3f81da98ba05cd78f69a42ebddc40dd854183ba0cd84e27b1ffeb06e0d760
245,356.11565444836003,0.24928095811385204,0x8fd92beaab5620f2f16085745f56c3714ea866af,2017-10-19T20:47:47.000Z,0.0007,0x375cfb829206cb219f793a51771291a857af5712,buy,0x4b35e0ab998ebe8414871c13cf778f9d0bbdf609,0xafee4a2da5e1083fdba9c7f456538030cd1288c93d56080333ab8620ea53e505
246,1281,0.8967,0xacb0d0cf424b6320c9a575900d06691e9bc230a5,2017-10-19T20:43:25.000Z,0.0007,0x44cb493471579fe1ba572bd69882f1c80827f0bc,buy,0x4b35e0ab998ebe8414871c13cf778f9d0bbdf609,0x46a0991ee43dca4dc62ec2018009c7a103b26f5847c20df10761adb0c72508cc
247,1000,0.7,0x967e5a1610575e15ea2b27822ac32dbeaee098dd,2017-10-19T20:08:20.000Z,0.0007,0x375cfb829206cb219f793a51771291a857af5712,buy,0x4b35e0ab998ebe8414871c13cf778f9d0bbdf609,0x815fe0efe83dcb9176398ef7f06451b68b6bf6291c6b2772cfb5d39d1b0893fa
248,546,0.3822,0xacb0d0cf424b6320c9a575900d06691e9bc230a5,2017-10-19T19:04:19.000Z,0.0007,0xf008944a4ece209490294c49d8fb7413b33238c5,buy,0x4b35e0ab998ebe8414871c13cf778f9d0bbdf609,0x7cfe6a4bf3d59d35a1119f74990abcde7d00962f91506058659b19d900af0700
249,500,0.35,0xacb0d0cf424b6320c9a575900d06691e9bc230a5,2017-10-19T18:40:14.000Z,0.0007,0xac726fae68a156ac048f91f3bf62570de1aafe3b,buy,0x4b35e0ab998ebe8414871c13cf778f9d0bbdf609,0xdd1a6b57b227d45806345c751c42330dd054e29b19b89aeea95c9fad20a409b0
250,500,0.35,0xacb0d0cf424b6320c9a575900d06691e9bc230a5,2017-10-19T18:33:05.000Z,0.0007,0x27340a802cbdf612384b0749b767b5b6c9a97513,buy,0x4b35e0ab998ebe8414871c13cf778f9d0bbdf609,0xf6360197d92b6b10e1ca21b7851db7a5662c72f6033bfd3d804f589372c9e0ea
251,100,0.073,0xacb0d0cf424b6320c9a575900d06691e9bc230a5,2017-10-19T16:34:20.000Z,0.00073,0x27340a802cbdf612384b0749b767b5b6c9a97513,sell,0x4b35e0ab998ebe8414871c13cf778f9d0bbdf609,0xb1d661ae6132e92de55eab0e274e4958acd7f7e3118b62acdb79e31fe513c712
252,100,0.0731,0xacb0d0cf424b6320c9a575900d06691e9bc230a5,2017-10-19T16:26:39.000Z,0.000731,0x44cb493471579fe1ba572bd69882f1c80827f0bc,buy,0x4b35e0ab998ebe8414871c13cf778f9d0bbdf609,0x453b0deb7bfc47329c96780165bab9bdec1f3cd8af0e3d9748f15eea410c91a2
253,546,0.3822,0xacb0d0cf424b6320c9a575900d06691e9bc230a5,2017-10-19T16:18:29.000Z,0.0007,0xe1c4282919f391310a65b53559c571b9e594b6e1,buy,0x4b35e0ab998ebe8414871c13cf778f9d0bbdf609,0x9c2c49026c621f4054a5dcebeeef37c46f5a75403e0a8d189053b046ae591ab8
254,655.884,0.4591188,0xacb0d0cf424b6320c9a575900d06691e9bc230a5,2017-10-19T16:07:21.000Z,0.0007,0x590fa45656b8ca8d9b371c4f848ee2cb34031b3b,buy,0x4b35e0ab998ebe8414871c13cf778f9d0bbdf609,0x0ac0047a772e40f4caaa8dc65130f2a3cd29dd1673ca2ee40f4baf0518360e53
255,300,0.21,0xfde75854c4fc17b0f916d0da39171929ada1dfd6,2017-10-19T01:33:42.000Z,0.0007,0xaf76fbfbb35ab38d51f3142fb94a98bd930d9bad,sell,0x4b35e0ab998ebe8414871c13cf778f9d0bbdf609,0x87202400f16ddcc91ec5235f0c8f3c74ac4254a0319a395ddbaebd4314f515d9
256,400,0.2924,0xfde75854c4fc17b0f916d0da39171929ada1dfd6,2017-10-18T23:00:32.000Z,0.000731,0x0c3b117c144f6d33d28479dda01d25c849eb01ce,buy,0x4b35e0ab998ebe8414871c13cf778f9d0bbdf609,0xed72435c342e376a301a0a12632520df85d15e31cd3d8127d434c663210b60f3
257,3000,2.19,0x0c3b117c144f6d33d28479dda01d25c849eb01ce,2017-10-18T22:58:01.000Z,0.00073,0xacb0d0cf424b6320c9a575900d06691e9bc230a5,buy,0x4b35e0ab998ebe8414871c13cf778f9d0bbdf609,0xddd5c4737591bd308d246090a9aaffd30c9fff65d25a2f5827eaf55cfd358356
258,2846.271404126224,1.9639272688470943,0xfde75854c4fc17b0f916d0da39171929ada1dfd6,2017-10-18T22:49:38.000Z,0.00069,0x0c3b117c144f6d33d28479dda01d25c849eb01ce,buy,0x4b35e0ab998ebe8414871c13cf778f9d0bbdf609,0x522fb172820a42e83272eb43167a81be37ce4999548c4a27bc3110d65a3b433a
259,153.72859587377624,0.1060727311529056,0x7aa6e2506316f6d613277d4f2f4e4e1dc55e528e,2017-10-18T22:47:51.000Z,0.00069,0x0c3b117c144f6d33d28479dda01d25c849eb01ce,buy,0x4b35e0ab998ebe8414871c13cf778f9d0bbdf609,0x622e8bef45c930226ef9748a19ab759582bcbde265e3ad0bb82370dc04a34040
260,153.2674100861549,0.10728718706030843,0xfde75854c4fc17b0f916d0da39171929ada1dfd6,2017-10-18T22:47:51.000Z,0.0007,0x7aa6e2506316f6d613277d4f2f4e4e1dc55e528e,sell,0x4b35e0ab998ebe8414871c13cf778f9d0bbdf609,0x622e8bef45c930226ef9748a19ab759582bcbde265e3ad0bb82370dc04a34040
261,5000,3.55,0xacb0d0cf424b6320c9a575900d06691e9bc230a5,2017-10-18T22:41:16.000Z,0.00071,0x0c3b117c144f6d33d28479dda01d25c849eb01ce,sell,0x4b35e0ab998ebe8414871c13cf778f9d0bbdf609,0xd38676640a6b551240103150bc1311e6a15f09a9757ab9c9dc265e8be2abd47a
262,4000,2.84,0x0c3b117c144f6d33d28479dda01d25c849eb01ce,2017-10-18T22:35:27.000Z,0.00071,0xfde75854c4fc17b0f916d0da39171929ada1dfd6,buy,0x4b35e0ab998ebe8414871c13cf778f9d0bbdf609,0x2f251ff6146629762b3744c13d8ed54c197dfaa6c58e4e053d367159c8f344fd
263,4000,2.8,0x0c3b117c144f6d33d28479dda01d25c849eb01ce,2017-10-18T22:33:55.000Z,0.0007,0xfde75854c4fc17b0f916d0da39171929ada1dfd6,buy,0x4b35e0ab998ebe8414871c13cf778f9d0bbdf609,0xd3923853bccb23a68fc4eba7234d1df998cee5941c726f347712e365fcdf5f35
264,2500,1.825,0xfde75854c4fc17b0f916d0da39171929ada1dfd6,2017-10-18T22:05:28.000Z,0.00073,0x0c3b117c144f6d33d28479dda01d25c849eb01ce,buy,0x4b35e0ab998ebe8414871c13cf778f9d0bbdf609,0xf1fc775cfb109ee387bfd432386c7c5da4df96cf2ab98284bd2a729bc06f131c
265,5000,3.65,0xfde75854c4fc17b0f916d0da39171929ada1dfd6,2017-10-18T22:01:00.000Z,0.00073,0x0c3b117c144f6d33d28479dda01d25c849eb01ce,buy,0x4b35e0ab998ebe8414871c13cf778f9d0bbdf609,0xe286305a69c24c706a59c7d5f21ab318231687761f48848bab5b101af4f0323c
266,772.2506547672803,0.5575649727419764,0xfde75854c4fc17b0f916d0da39171929ada1dfd6,2017-10-18T21:59:03.000Z,0.000722,0xacb0d0cf424b6320c9a575900d06691e9bc230a5,buy,0x4b35e0ab998ebe8414871c13cf778f9d0bbdf609,0x5c2d78e3762f5be4b26b774ab242e1b50e75bd7d8f36cf01e3490abf19e104e5
267,5000,3.605,0xfde75854c4fc17b0f916d0da39171929ada1dfd6,2017-10-18T21:52:16.000Z,0.000721,0xacb0d0cf424b6320c9a575900d06691e9bc230a5,buy,0x4b35e0ab998ebe8414871c13cf778f9d0bbdf609,0x82b7d1e95652eb7366c2ad060dc20901efaf80050e10b06975387c5e54e03a9f
268,3996.990972918756,2.8778335005015045,0xfde75854c4fc17b0f916d0da39171929ada1dfd6,2017-10-18T21:47:39.000Z,0.00072,0xacb0d0cf424b6320c9a575900d06691e9bc230a5,buy,0x4b35e0ab998ebe8414871c13cf778f9d0bbdf609,0x8f4abf59fdb6db87fdc6e29f84347c890e7d50bf6460a24b7e50e56ace9fda54
269,2711.21,1.8707349,0xfde75854c4fc17b0f916d0da39171929ada1dfd6,2017-10-18T21:45:06.000Z,0.00069,0x0c3b117c144f6d33d28479dda01d25c849eb01ce,buy,0x4b35e0ab998ebe8414871c13cf778f9d0bbdf609,0xea7c05ea6b4552e91ffb3758f81e26f861ef485de46b89e58dda6d3d6ab55011
270,46.27140412622376,0.03238998288835663,0xfde75854c4fc17b0f916d0da39171929ada1dfd6,2017-10-18T21:11:54.000Z,0.0007,0xba0be9b18bc504b44676bda9652275167358592b,sell,0x4b35e0ab998ebe8414871c13cf778f9d0bbdf609,0xaff77d4ef60fbf41c7fb146c0a96190f00c64c30225ac2ac8ce505cd244ffb0c
271,0.000000000000000654,0,0xfde75854c4fc17b0f916d0da39171929ada1dfd6,2017-10-18T21:04:49.000Z,0,0x86f07ee309655dbb0c169668f4e27848c0deda77,sell,0x4b35e0ab998ebe8414871c13cf778f9d0bbdf609,0xf15c511048ecc9af42edeea77560732d5cc9eda143b921e552104e5b78a2e9ed
272,0,0,0x86f07ee309655dbb0c169668f4e27848c0deda77,2017-10-18T21:04:49.000Z,NaN,0x0c3b117c144f6d33d28479dda01d25c849eb01ce,buy,0x4b35e0ab998ebe8414871c13cf778f9d0bbdf609,0xf15c511048ecc9af42edeea77560732d5cc9eda143b921e552104e5b78a2e9ed
273,100,0.08,0xfde75854c4fc17b0f916d0da39171929ada1dfd6,2017-10-18T21:04:37.000Z,0.0008,0xd445f61ebca3d6b4c57eef1f39fdab6595ef8972,sell,0x4b35e0ab998ebe8414871c13cf778f9d0bbdf609,0x885fb3c9e9fa3f2697b127312f2c6c0e291f7c682f1fc42b4e05e67428a9dc97
274,100.30090270812437,0.06920762286860582,0xd445f61ebca3d6b4c57eef1f39fdab6595ef8972,2017-10-18T21:04:37.000Z,0.00069,0x0c3b117c144f6d33d28479dda01d25c849eb01ce,buy,0x4b35e0ab998ebe8414871c13cf778f9d0bbdf609,0x885fb3c9e9fa3f2697b127312f2c6c0e291f7c682f1fc42b4e05e67428a9dc97
275,118,0.08142,0xa2fc55517125958a9de8b67ea690db40569cd5f7,2017-10-18T21:04:21.000Z,0.00069,0x0c3b117c144f6d33d28479dda01d25c849eb01ce,buy,0x4b35e0ab998ebe8414871c13cf778f9d0bbdf609,0x8f02d48b84eaded7f88fad0eca5716435e0498e8cf4530b1e17a257c51032fd5
276,1000,0.85,0xfde75854c4fc17b0f916d0da39171929ada1dfd6,2017-10-18T21:04:21.000Z,0.00085,0xd445f61ebca3d6b4c57eef1f39fdab6595ef8972,sell,0x4b35e0ab998ebe8414871c13cf778f9d0bbdf609,0x0310393bcec74de8e4ad04b460a258c9685cd6c3422b44a659644ff904526721
277,1003.0090270812437,0.6920762286860582,0xd445f61ebca3d6b4c57eef1f39fdab6595ef8972,2017-10-18T21:04:21.000Z,0.00069,0x0c3b117c144f6d33d28479dda01d25c849eb01ce,buy,0x4b35e0ab998ebe8414871c13cf778f9d0bbdf609,0x0310393bcec74de8e4ad04b460a258c9685cd6c3422b44a659644ff904526721
278,67.47970079289719,0.04656099354709906,0x2adef0a727f1a443d61886981c89136ca866ab33,2017-10-18T21:03:40.000Z,0.00069,0x0c3b117c144f6d33d28479dda01d25c849eb01ce,buy,0x4b35e0ab998ebe8414871c13cf778f9d0bbdf609,0x7fc2c78a5be195dd8d5eb180fbad81b8d65e4db6deeb381fcf6ad6d3bf86c787
279,997,0.85742,0xfde75854c4fc17b0f916d0da39171929ada1dfd6,2017-10-18T21:03:40.000Z,0.00086,0x7aa6e2506316f6d613277d4f2f4e4e1dc55e528e,sell,0x4b35e0ab998ebe8414871c13cf778f9d0bbdf609,0xe1a5d7019c09ded947cd95b18a73808c1b9aeb934ca1e42ff4f96c19e0f9d3ef
280,1000,0.69,0x7aa6e2506316f6d613277d4f2f4e4e1dc55e528e,2017-10-18T21:03:40.000Z,0.00069,0x0c3b117c144f6d33d28479dda01d25c849eb01ce,buy,0x4b35e0ab998ebe8414871c13cf778f9d0bbdf609,0xe1a5d7019c09ded947cd95b18a73808c1b9aeb934ca1e42ff4f96c19e0f9d3ef
281,239.30916277138124,0.1723025971953945,0xd445f61ebca3d6b4c57eef1f39fdab6595ef8972,2017-10-18T21:03:01.000Z,0.00072,0xacb0d0cf424b6320c9a575900d06691e9bc230a5,buy,0x4b35e0ab998ebe8414871c13cf778f9d0bbdf609,0xdd6638e78cc503139c9f4d8bd3b6fa22ecdea19c8762c36d691466902e156398
282,238.5912352830671,0.20757437469626838,0xfde75854c4fc17b0f916d0da39171929ada1dfd6,2017-10-18T21:03:01.000Z,0.00087,0xd445f61ebca3d6b4c57eef1f39fdab6595ef8972,sell,0x4b35e0ab998ebe8414871c13cf778f9d0bbdf609,0xdd6638e78cc503139c9f4d8bd3b6fa22ecdea19c8762c36d691466902e156398
283,763.6998643098625,0.549863902303101,0x86f07ee309655dbb0c169668f4e27848c0deda77,2017-10-18T21:02:55.000Z,0.00072,0xacb0d0cf424b6320c9a575900d06691e9bc230a5,buy,0x4b35e0ab998ebe8414871c13cf778f9d0bbdf609,0xb8b058f412e3a6eb59eeb6f00d7462bd5c2dd636d25d498b1eabfa743b59176e
284,761.4087647169329,0.6624256253037316,0xfde75854c4fc17b0f916d0da39171929ada1dfd6,2017-10-18T21:02:55.000Z,0.00087,0x86f07ee309655dbb0c169668f4e27848c0deda77,sell,0x4b35e0ab998ebe8414871c13cf778f9d0bbdf609,0xb8b058f412e3a6eb59eeb6f00d7462bd5c2dd636d25d498b1eabfa743b59176e
285,1,0.004999999,0x3ac636ac5c3a2576156ac5f10066ca68abe0ad54,2017-10-18T20:30:55.000Z,0.004999999,0x0b2de009825eac9a347868b44349aa32e91ef81f,buy,0x4b35e0ab998ebe8414871c13cf778f9d0bbdf609,0x817d6517b0181ef63138e3b506a3ad2293a997c36fa6ed1b856e9941d44df66f
286,6,0.00449994,0xfde75854c4fc17b0f916d0da39171929ada1dfd6,2017-10-18T20:00:03.000Z,0.00074999,0x0773dd752384d3d8714ceb1c28a199591c63cddc,buy,0x4b35e0ab998ebe8414871c13cf778f9d0bbdf609,0x319b8d5cf9d288402bee2b842b519f5fceee70bb7093cb6bd1c272b89073a640
287,288,0.2016,0xfde75854c4fc17b0f916d0da39171929ada1dfd6,2017-10-18T19:58:10.000Z,0.0007,0xc890f4632dae3d01db77c37020a938200cf981f4,buy,0x4b35e0ab998ebe8414871c13cf778f9d0bbdf609,0x63e5a9a77051dde451891ec6ff56d21092122f97204889acf68182849da74a4a
288,218.546,0.1529822,0xfde75854c4fc17b0f916d0da39171929ada1dfd6,2017-10-18T19:56:58.000Z,0.0007,0x8d00eb81e18c88088a31565b4389214c1acb6ce1,buy,0x4b35e0ab998ebe8414871c13cf778f9d0bbdf609,0x5d0001ca8b408d5e88543177671b7227ccb7da16be84144403d3f28f1ac78420
289,1821,1.25649,0xfde75854c4fc17b0f916d0da39171929ada1dfd6,2017-10-18T19:56:07.000Z,0.00069,0xaac27baada6d41249761e1a5ddf643bb81047e95,buy,0x4b35e0ab998ebe8414871c13cf778f9d0bbdf609,0x7c9738cb36207af226c2c6548ccdebf7cad31696ca6e754ce5531368277d6bd9
290,326.458,0.2121977,0xfde75854c4fc17b0f916d0da39171929ada1dfd6,2017-10-18T19:54:25.000Z,0.00065,0x981ba820974f9d581db0b77ecccdb15fa0a82f48,buy,0x4b35e0ab998ebe8414871c13cf778f9d0bbdf609,0x68571af98e2b8063e523be45be9ad14d2091d8e28f4954778752a8fa281ce932
291,1,0.00065,0x0249924245a19aa2d7f5ddb0739a7132b7d094ab,2017-10-18T19:42:44.000Z,0.00065,0x981ba820974f9d581db0b77ecccdb15fa0a82f48,buy,0x4b35e0ab998ebe8414871c13cf778f9d0bbdf609,0xa0eeefe68e7254c1389e27d40e9193cb84c70f2d00778cf798319af17efc8fd9
292,436,0.26596,0xacb0d0cf424b6320c9a575900d06691e9bc230a5,2017-10-18T19:34:01.000Z,0.00061,0x2af767df63df2c981fe67f726985f62077848dbc,buy,0x4b35e0ab998ebe8414871c13cf778f9d0bbdf609,0x69bc78ace59a11eee05fc2f2545fe524ace91e02be9acb36fffff88f8379d8e0
293,983.55,0.59013,0xacb0d0cf424b6320c9a575900d06691e9bc230a5,2017-10-18T19:33:18.000Z,0.0006,0xc79ab1cb52c8c6cbbc7e8992d78037a3b5d75c35,buy,0x4b35e0ab998ebe8414871c13cf778f9d0bbdf609,0x3efa903d1baf343ad58f8e6f78e8064cf2e646ceee20f4cf1e50669bed93fd83
294,128.383,0.0770298,0xacb0d0cf424b6320c9a575900d06691e9bc230a5,2017-10-18T19:30:31.000Z,0.0006,0xbbe8a1421d8583194bd959a640cb82225650c748,buy,0x4b35e0ab998ebe8414871c13cf778f9d0bbdf609,0x923a1cac734d9a17f5121ab60322b030a3eafcf5d9a1e1af704e28ce98e2202a
295,655.63,0.3868217,0xacb0d0cf424b6320c9a575900d06691e9bc230a5,2017-10-18T19:29:58.000Z,0.00059,0xc79ab1cb52c8c6cbbc7e8992d78037a3b5d75c35,buy,0x4b35e0ab998ebe8414871c13cf778f9d0bbdf609,0xc8a92f33d993b44bcb0764b6b2b28939979ba21477da0d3ea27fb13858078ff2
296,382.45,0.2103475,0xacb0d0cf424b6320c9a575900d06691e9bc230a5,2017-10-18T19:29:11.000Z,0.00055,0xfb62a2744ebc69c375ea1eefcb7adb5c5f661065,buy,0x4b35e0ab998ebe8414871c13cf778f9d0bbdf609,0xa425003f5d74eab47f46d1e68014ed46902980f61c4feea68870c8c93e2a740b
297,288,0.15552,0xacb0d0cf424b6320c9a575900d06691e9bc230a5,2017-10-18T19:28:15.000Z,0.00054,0x3ffc937781f3d1b565d5ea019a54c4691260cba1,buy,0x4b35e0ab998ebe8414871c13cf778f9d0bbdf609,0x5275b6667a090ad483848bad4e93a601ccb0fea84ec2472539621b3b4d0c559b
298,65.127,0.03972747,0xacb0d0cf424b6320c9a575900d06691e9bc230a5,2017-10-18T00:52:33.000Z,0.00061,0xbbe8a1421d8583194bd959a640cb82225650c748,sell,0x4b35e0ab998ebe8414871c13cf778f9d0bbdf609,0xd7a392ad5f22fb1867b40c38ebae65854f8c5b6cd7fd5d2887f0ccbc9dafe34a
299,134.8728940285116,0.08227246535739208,0xacb0d0cf424b6320c9a575900d06691e9bc230a5,2017-10-17T22:50:47.000Z,0.00061,0xa2fc55517125958a9de8b67ea690db40569cd5f7,sell,0x4b35e0ab998ebe8414871c13cf778f9d0bbdf609,0xf4cc7db377bb6106186d212da14ffbfebbfe09196538d27ce9779cef2059aaeb
300,498.45479015053337,0.29907287409032,0xacb0d0cf424b6320c9a575900d06691e9bc230a5,2017-10-17T21:01:27.000Z,0.0006,0xba0be9b18bc504b44676bda9652275167358592b,sell,0x4b35e0ab998ebe8414871c13cf778f9d0bbdf609,0xfd8d725717ec4f4c0c92bc13211295391bb34a3b7e6003010760ddba076b63f3
301,200,0.122,0xacb0d0cf424b6320c9a575900d06691e9bc230a5,2017-10-17T20:57:34.000Z,0.00061,0xa2fc55517125958a9de8b67ea690db40569cd5f7,sell,0x4b35e0ab998ebe8414871c13cf778f9d0bbdf609,0x2ebc9b2fb2dc18dcb2fea602944d15da15decbe250657a53e477094462882cdc
302,592,0.3552,0xacb0d0cf424b6320c9a575900d06691e9bc230a5,2017-10-17T20:07:36.000Z,0.0006,0xfe5e197dac987c65a1ca1a92abf7e9392c984889,buy,0x4b35e0ab998ebe8414871c13cf778f9d0bbdf609,0x142de12f001984337c659b7295bcaef1029fd5e9ecc3d4c8ed15eb99bf23e6a6
303,67.569,0.0405414,0xacb0d0cf424b6320c9a575900d06691e9bc230a5,2017-10-17T18:41:22.000Z,0.0006,0x22eb520ce1f1eaffade7c4ff769fff8599c1b24a,buy,0x4b35e0ab998ebe8414871c13cf778f9d0bbdf609,0x99bdc1515dfe9cb2b6b075cccace0501d4e9737d38891b3add92f9f07f889aff
304,500,0.3,0xacb0d0cf424b6320c9a575900d06691e9bc230a5,2017-10-17T18:34:19.000Z,0.0006,0xfe5e197dac987c65a1ca1a92abf7e9392c984889,buy,0x4b35e0ab998ebe8414871c13cf778f9d0bbdf609,0xf8a59890126f31752681f360944ff930f79da9d64f56055fa8641639f4072b28
305,1666,0.4998,0xacb0d0cf424b6320c9a575900d06691e9bc230a5,2017-10-17T18:29:34.000Z,0.0003,0xdd3b9be91ea4d427e62c3fa3f2b27b5290d98f1e,buy,0x4b35e0ab998ebe8414871c13cf778f9d0bbdf609,0x1c8987e706e69db84f1094fd83f6ebec0d9e1887adf9565700d82056b3339bec
306,211.146,0.021114811146,0x0b2de009825eac9a347868b44349aa32e91ef81f,2017-10-17T07:13:05.000Z,0.000100001,0x44cb493471579fe1ba572bd69882f1c80827f0bc,sell,0x4b35e0ab998ebe8414871c13cf778f9d0bbdf609,0xc45114e634f1c5f6713a013f1775ad7a6c5a2f42b37ac902af80e18f33d361af
307,229.1716067035899,0.15583669255844113,0x0c3b117c144f6d33d28479dda01d25c849eb01ce,2017-10-14T08:54:10.000Z,0.0006799999999999999,0x22eb520ce1f1eaffade7c4ff769fff8599c1b24a,sell,0x4b35e0ab998ebe8414871c13cf778f9d0bbdf609,0x8826398f17ed5b39e5327b61dc12eb35c96eedbd399cb118effc2cfacbbdb01a
308,52.4139705882353,0.0356415,0xacb0d0cf424b6320c9a575900d06691e9bc230a5,2017-10-14T08:51:01.000Z,0.0006799999999999999,0x22eb520ce1f1eaffade7c4ff769fff8599c1b24a,sell,0x4b35e0ab998ebe8414871c13cf778f9d0bbdf609,0x6149515b481e81821fcc22a24de40bd4a52d67f2f7ce10a1774271dc3c1c34fd
309,83.2995017995357,0.05664366122368428,0x0c3b117c144f6d33d28479dda01d25c849eb01ce,2017-10-13T16:51:24.000Z,0.0006799999999999999,0x27340a802cbdf612384b0749b767b5b6c9a97513,sell,0x4b35e0ab998ebe8414871c13cf778f9d0bbdf609,0x9d63aa79fb460989161884e7e1d6dbcdb897f03197cfd42dc261daf667e41695
310,778.1693265362769,0.5369368353100311,0x0c3b117c144f6d33d28479dda01d25c849eb01ce,2017-10-13T16:31:37.000Z,0.00069,0x27340a802cbdf612384b0749b767b5b6c9a97513,sell,0x4b35e0ab998ebe8414871c13cf778f9d0bbdf609,0xdb101d49a8ea4153b0d020dda956ac3014ac54534a1c4263a89c60f324dbd854
311,221.8306734637231,0.15306316468996894,0x0c3b117c144f6d33d28479dda01d25c849eb01ce,2017-10-13T14:12:14.000Z,0.00069,0xf008944a4ece209490294c49d8fb7413b33238c5,sell,0x4b35e0ab998ebe8414871c13cf778f9d0bbdf609,0x7e2cfae2605e49b3ced05aec72b729be8198cfdf9cad89c4aa55901793ffc4de
312,65.30625427571223,0.04506131545024144,0xacb0d0cf424b6320c9a575900d06691e9bc230a5,2017-10-13T12:58:34.000Z,0.00069,0xf008944a4ece209490294c49d8fb7413b33238c5,sell,0x4b35e0ab998ebe8414871c13cf778f9d0bbdf609,0x4844aaa6389f4a06e61a691c5e7eca0a427684824eddefe37eefd32721a53588
313,861.3912518901406,0.5599043137285914,0x0c3b117c144f6d33d28479dda01d25c849eb01ce,2017-10-12T22:41:22.000Z,0.00065,0x22d6cf4b47bc8c6859a44f1f4876be9033620ab0,sell,0x4b35e0ab998ebe8414871c13cf778f9d0bbdf609,0xfbfb4b5598aaeb02f0b2ece2b17685f271f0791f146027ea36e7895d3467bfd3
314,68.448324145183,0.04722934366017627,0xacb0d0cf424b6320c9a575900d06691e9bc230a5,2017-10-12T20:51:20.000Z,0.00069,0x2c076682d6502a23d9a7fe9d537c9e4c8e236326,sell,0x4b35e0ab998ebe8414871c13cf778f9d0bbdf609,0xf92bdeca274a80e09dd3e8560317c7535119e23d4cbbc7c00ed1b65c38eb27f3
315,50,0.035,0x0c3b117c144f6d33d28479dda01d25c849eb01ce,2017-10-12T20:20:33.000Z,0.0007,0xacb0d0cf424b6320c9a575900d06691e9bc230a5,buy,0x4b35e0ab998ebe8414871c13cf778f9d0bbdf609,0xec03e9bc72550162ede3b2c0cc2bcc0db0fe021c0fce1d7686db89f3be5d315f
316,1435.549795633536,0.9905293589871399,0xacb0d0cf424b6320c9a575900d06691e9bc230a5,2017-10-12T13:13:06.000Z,0.00069,0x590fa45656b8ca8d9b371c4f848ee2cb34031b3b,sell,0x4b35e0ab998ebe8414871c13cf778f9d0bbdf609,0xbf04f815ffe7aba5be96f3b8bb1821f0879c573d17b9c90fa87580aeda6c4f6c
317,430.69562594556874,0.29717998190244244,0xacb0d0cf424b6320c9a575900d06691e9bc230a5,2017-10-12T07:59:16.000Z,0.00069,0x6b0d921d52c7a940104748e1867befe5f2105028,sell,0x4b35e0ab998ebe8414871c13cf778f9d0bbdf609,0x9bb55f103a6ba897955fb1a5749f3359bc1891c0ec7ef756c7fed4b7f72fed3e
318,574.2199182534144,0.37324294686471937,0x0c3b117c144f6d33d28479dda01d25c849eb01ce,2017-10-11T01:46:59.000Z,0.00065,0xc79ab1cb52c8c6cbbc7e8992d78037a3b5d75c35,sell,0x4b35e0ab998ebe8414871c13cf778f9d0bbdf609,0xd67fd9e8d6cdde0e625a4724ad6fb07276d45c1aca3207558e081a8c02ad1223
319,287,0.18655,0x0c3b117c144f6d33d28479dda01d25c849eb01ce,2017-10-11T01:16:40.000Z,0.00065,0xfe5e197dac987c65a1ca1a92abf7e9392c984889,sell,0x4b35e0ab998ebe8414871c13cf778f9d0bbdf609,0xb8eb19c6d78bdb1bf04e4f6e5f16be33fe52b0405b23e5e4f5cd0cabc1b6171b
320,143.56520865317515,0.09331738562456385,0x0c3b117c144f6d33d28479dda01d25c849eb01ce,2017-10-11T00:49:30.000Z,0.00065,0x67c1559f671935e1601eba3d688f029f87a00db6,sell,0x4b35e0ab998ebe8414871c13cf778f9d0bbdf609,0x6eb3c2caab8c7ea212c9c7724dd07c2b0517e428a99093621169ffb6486457f9
321,131.5538245762382,0.09208767720336676,0xacb0d0cf424b6320c9a575900d06691e9bc230a5,2017-10-10T23:09:26.000Z,0.0007,0x2c076682d6502a23d9a7fe9d537c9e4c8e236326,sell,0x4b35e0ab998ebe8414871c13cf778f9d0bbdf609,0xb6e2507db35355fa807ccbadf13c3712ba2ab8f561cc9002e5d66d35afba93be
322,97,0.0679,0xacb0d0cf424b6320c9a575900d06691e9bc230a5,2017-10-10T22:37:43.000Z,0.0007,0x2c076682d6502a23d9a7fe9d537c9e4c8e236326,sell,0x4b35e0ab998ebe8414871c13cf778f9d0bbdf609,0xc34005dba80155e5ad7e6a42cf374d57d89febbae1163b5c4db48f21a68b86fc
323,700,0.49,0xacb0d0cf424b6320c9a575900d06691e9bc230a5,2017-10-10T22:19:27.000Z,0.0007,0x2c076682d6502a23d9a7fe9d537c9e4c8e236326,sell,0x4b35e0ab998ebe8414871c13cf778f9d0bbdf609,0x905869456af7e14999b8d4b8892e214cb44e9ad610214ea9954f5cd60bf1b76f
324,398.7638321204267,0.2791346824842987,0xacb0d0cf424b6320c9a575900d06691e9bc230a5,2017-10-10T18:34:55.000Z,0.0007,0x3421c555a64032f3bb56c0f1236138dc88ae4c7f,sell,0x4b35e0ab998ebe8414871c13cf778f9d0bbdf609,0x5815345d4d111b6098ac4ecd2d04d3d81ae2e8e091e73e09ed4e49a81bf8c19e
325,215.34742298873493,0.15074319609211445,0xacb0d0cf424b6320c9a575900d06691e9bc230a5,2017-10-10T12:44:50.000Z,0.0007,0x08289cf66354969aae72a0f9429da54cb4c23b84,sell,0x4b35e0ab998ebe8414871c13cf778f9d0bbdf609,0xa872f8487ad606684837118e42f1bf36989a801a1a8e2025ec00aee42d9ba518
326,120.32550485255707,0.08422785339678995,0xacb0d0cf424b6320c9a575900d06691e9bc230a5,2017-10-10T04:35:55.000Z,0.0007,0x21e70fee23868b5c84e3cfa093990ccc1eb5d02f,sell,0x4b35e0ab998ebe8414871c13cf778f9d0bbdf609,0xbb830cfb10dbc3c2541edcb9e49c14e524f784197d94d5ca695c7fd90519cd32
327,23.2417608,0.01666666666968,0x5d5065b42bdee0274e394ba9042c21e1818c69cf,2017-10-10T04:28:29.000Z,0.0007171,0x21e70fee23868b5c84e3cfa093990ccc1eb5d02f,sell,0x4b35e0ab998ebe8414871c13cf778f9d0bbdf609,0x9cb934a0627d4ea1fa030ed01c980c88017ac88055d61617c9793b977e456067
328,237.0094154620431,0.16590659082343018,0xacb0d0cf424b6320c9a575900d06691e9bc230a5,2017-10-10T03:09:04.000Z,0.0007,0x06595e2fa93082f8f0337c5767305a442eeb9ef6,sell,0x4b35e0ab998ebe8414871c13cf778f9d0bbdf609,0x332183a462782978b605cdbf124d2cd7aaa42c4fb45b4a1523732eabc63e3bb0
329,193.70552117250705,0.13753092003248,0xbbe8a1421d8583194bd959a640cb82225650c748,2017-10-10T03:00:38.000Z,0.00071,0x06595e2fa93082f8f0337c5767305a442eeb9ef6,sell,0x4b35e0ab998ebe8414871c13cf778f9d0bbdf609,0xd83c245c6b05251c9a33746f6c0b700b5d9d641679f1deacd631547c408c2abe
330,100,0.07,0xacb0d0cf424b6320c9a575900d06691e9bc230a5,2017-10-09T18:27:45.000Z,0.0007,0xacb0d0cf424b6320c9a575900d06691e9bc230a5,sell,0x4b35e0ab998ebe8414871c13cf778f9d0bbdf609,0x525200fa4f1502dd5ea779f32228c747f1117e42ad806d6107b78d92f68fce48
331,50,0.0295,0xacb0d0cf424b6320c9a575900d06691e9bc230a5,2017-10-09T01:24:20.000Z,0.00059,0xacb0d0cf424b6320c9a575900d06691e9bc230a5,buy,0x4b35e0ab998ebe8414871c13cf778f9d0bbdf609,0x6c9efb61b0738b8a26a76250980dba5e91235555dd02d11b4af1763ef3f75abc
332,7,0.00413,0x8b182a4526944fa498970732a69a95d281c3c8a9,2017-10-07T22:39:00.000Z,0.00059,0xacb0d0cf424b6320c9a575900d06691e9bc230a5,buy,0x4b35e0ab998ebe8414871c13cf778f9d0bbdf609,0xcd25f3cdc0d76b722b63f448eed2bf7397c57502b98e375884a8fbe63d2229a5
333,10,0.0059,0x78b0e4933f5b7d90102367e28efcde256998411e,2017-10-07T20:30:35.000Z,0.00059,0xacb0d0cf424b6320c9a575900d06691e9bc230a5,buy,0x4b35e0ab998ebe8414871c13cf778f9d0bbdf609,0xb9c5d5ceef3e475f1b2da3973bed1dbd3306cb5316bccd9443d091f64cc3cf00
334,10,0.0059,0x78b0e4933f5b7d90102367e28efcde256998411e,2017-10-07T19:43:11.000Z,0.00059,0xacb0d0cf424b6320c9a575900d06691e9bc230a5,buy,0x4b35e0ab998ebe8414871c13cf778f9d0bbdf609,0xf6035ffee0e643b9678ce8c790d21339302ed040523712ea5203abb29b91855d
335,50,0.03,0x422d4d1f8a9373dc8b75f3e1aeab786083f38a51,2017-10-06T19:47:44.000Z,0.0006,0x0c3b117c144f6d33d28479dda01d25c849eb01ce,buy,0x4b35e0ab998ebe8414871c13cf778f9d0bbdf609,0xf8a7923a591fddd91738f756c574d5fbaafd682b1eb37b1e97b06a29a71e0091
336,300,0.156,0x422d4d1f8a9373dc8b75f3e1aeab786083f38a51,2017-10-06T19:32:32.000Z,0.00052,0xacb0d0cf424b6320c9a575900d06691e9bc230a5,sell,0x4b35e0ab998ebe8414871c13cf778f9d0bbdf609,0xbaf3d6d8e96029dc56a898c540287e36799904552e1db059ccf5624c21124cb8
337,200,0.12,0xacb0d0cf424b6320c9a575900d06691e9bc230a5,2017-10-06T18:48:17.000Z,0.0006,0x0c3b117c144f6d33d28479dda01d25c849eb01ce,buy,0x4b35e0ab998ebe8414871c13cf778f9d0bbdf609,0x90cd1dc9dcf7408aeaba5975b942bcca8d29035d330252c35fd44738041af4da
338,1,0.0006,0x6cdea8e07bf82d7a07dbf36642d6e5be8623845c,2017-10-06T13:44:05.000Z,0.0006,0x0c3b117c144f6d33d28479dda01d25c849eb01ce,buy,0x4b35e0ab998ebe8414871c13cf778f9d0bbdf609,0xdec6be23702c21d1a74da7fcdee754b8c11aaac5bdf6e408c50c8e0b7339628f
339,400,0.28,0xacb0d0cf424b6320c9a575900d06691e9bc230a5,2017-10-03T19:07:53.000Z,0.0007,0x9d78d6650a15f169a0b3dc16e3728a6969e55f5a,buy,0x4b35e0ab998ebe8414871c13cf778f9d0bbdf609,0x7f0ab77b48659686615297943993d77844ef4a9a7802e05f956da4f1ab2b2d6c
340,2,0.0014,0x0024a5046fd95c5eee6db19a69ef7ed3bacd50f1,2017-10-03T11:20:18.000Z,0.0007,0x9d78d6650a15f169a0b3dc16e3728a6969e55f5a,buy,0x4b35e0ab998ebe8414871c13cf778f9d0bbdf609,0x420d6039dec888db3993a44357256cb8ff1af9a0b912fad47695ed0674811cf6
