,amount,amountBase,buyer,date,price,seller,side,tokenAddr,txHash
0,498,0.11205,0x573ec53b8fcb60e6f20eec96c8045933dd169a4c,2017-11-02T16:02:16.000Z,0.000225,0xaca41f3b6f18ecbf7c049cbeb31470cd1ddc5efe,sell,0xc997d07b0bc607b6d1bcb6fb9d4a5579c466c3e5,0x5f5654ac5f4fa51027356ba9c0595ef03ca6f008983aeb7dd7203ec2bc3505cd
1,100,0.0305,0xcea58d938f3532df8378f3699c327a9f7f485bd3,2017-11-02T14:17:06.000Z,0.000305,0xe3de266867c5971dc4aa5cde92b6d3d310a994b8,buy,0xc997d07b0bc607b6d1bcb6fb9d4a5579c466c3e5,0xfcac020c5bd824d4bcf0eeab76f7566a41ac1f98485a6cc6ef5b70550c5eb43d
2,100,0.0305,0x55e0fc46f8e5c31ad0bebcc74120d96cc3a9d049,2017-11-02T13:39:35.000Z,0.000305,0xe3de266867c5971dc4aa5cde92b6d3d310a994b8,buy,0xc997d07b0bc607b6d1bcb6fb9d4a5579c466c3e5,0xb3412b88df7cca52ef96df5be6bf5dca0924bc8cceb23a0fd71835006211fcfc
3,1,0.0005,0x4fda9e6bcd83af6c5cc771b5d20accc2b7720074,2017-11-02T11:05:15.000Z,0.0005,0x13512137d004d3e8d919ced5f5f7119934917c11,buy,0xc997d07b0bc607b6d1bcb6fb9d4a5579c466c3e5,0xf1e7dee1e07c00cd4e765ebf67f6023f9f153bc0f3f87980b2fdd105ff7d0345
4,1,0.0005,0x3075f7f189912f4f425dd7021b9c396434197477,2017-11-02T10:51:09.000Z,0.0005,0x13512137d004d3e8d919ced5f5f7119934917c11,buy,0xc997d07b0bc607b6d1bcb6fb9d4a5579c466c3e5,0x43bcff12c74d6098fb1b0c777ef6ce0d245997218660097a5a98e884e248f082
5,50,0.01549895,0x55e0fc46f8e5c31ad0bebcc74120d96cc3a9d049,2017-11-02T08:58:47.000Z,0.000309979,0x13512137d004d3e8d919ced5f5f7119934917c11,buy,0xc997d07b0bc607b6d1bcb6fb9d4a5579c466c3e5,0x23ca487dd8e7ae28f4250340623227bf250db6de2ce2538222c6a315257b9a09
6,500,0.15499,0x55e0fc46f8e5c31ad0bebcc74120d96cc3a9d049,2017-11-01T09:40:36.000Z,0.00030998,0x7275684df25a79b56047239b09d7e111fd3a4320,buy,0xc997d07b0bc607b6d1bcb6fb9d4a5579c466c3e5,0x2c01d424f40701afb5406794d510ea2ef5413af9d7d436f8ffbfb8e913d8b868
7,99,0.02475,0x55e0fc46f8e5c31ad0bebcc74120d96cc3a9d049,2017-11-01T09:38:26.000Z,0.00025,0x0ae2d2b3a41f08ea2674178a6ea95a916aef0e6b,buy,0xc997d07b0bc607b6d1bcb6fb9d4a5579c466c3e5,0x91091866fa1e532e9314eab3e37a0d5c2de0dec11af469aa1ed6affefd317dd0
8,90,0.023634,0x0db5e7924d87d2ec27876882e7af911a58050dd1,2017-10-30T23:30:33.000Z,0.0002626,0xe3cee2600457d86a9f9644f3b0986c60b4064dbb,sell,0xc997d07b0bc607b6d1bcb6fb9d4a5579c466c3e5,0xf93f75672f03699c13e9d26122940ed32e014e11d6694e3300ff0e5309a45bf5
9,184,0.050232,0x36282355dc35bc527c43dcdb9dfceeb1bbe99639,2017-10-30T21:43:51.000Z,0.000273,0xe3cee2600457d86a9f9644f3b0986c60b4064dbb,sell,0xc997d07b0bc607b6d1bcb6fb9d4a5579c466c3e5,0x007704098d19ac0d26132e5aa6788413eacebba7c4d7b31abf62f50ad5e6e7ae
10,307,0.083811,0x36282355dc35bc527c43dcdb9dfceeb1bbe99639,2017-10-30T16:17:45.000Z,0.000273,0xecc996953e976a305ee585a9c7bbbcc85d1c467b,sell,0xc997d07b0bc607b6d1bcb6fb9d4a5579c466c3e5,0x180768749c6e5f1347cf71841c73acb37ead80db03c76059d6e5bb14a4690a10
11,4760,1.29949428,0x9c076455b231a5a4371d42ee0f5323d964417bda,2017-10-30T05:07:53.000Z,0.000273003,0x00a0d64e70c357ce6a7d883db32ecaa6bb6c6489,sell,0xc997d07b0bc607b6d1bcb6fb9d4a5579c466c3e5,0xc5044e753352df888a504e567e4005d20ff6fc6440d7bd0ddb62eb7a7d175ca2
12,896,0.244611584,0x7275684df25a79b56047239b09d7e111fd3a4320,2017-10-30T05:06:09.000Z,0.000273004,0x00a0d64e70c357ce6a7d883db32ecaa6bb6c6489,sell,0xc997d07b0bc607b6d1bcb6fb9d4a5579c466c3e5,0xd9b00637e7d7ba565a384d19f8caa53ae8af7467102b50221dcf350a4838c06b
13,2318,0.64904,0xddc94bc4f885d9565a0ba6d3e0eb197049e116c5,2017-10-30T05:05:46.000Z,0.00028,0x00a0d64e70c357ce6a7d883db32ecaa6bb6c6489,sell,0xc997d07b0bc607b6d1bcb6fb9d4a5579c466c3e5,0xbada4ba020f2e7bdd1206ed8d3e1f02367b932c73ebb7d3aa0d132f0d49dc08b
14,1000,0.29,0xcea58d938f3532df8378f3699c327a9f7f485bd3,2017-10-30T05:04:44.000Z,0.00029,0x00a0d64e70c357ce6a7d883db32ecaa6bb6c6489,sell,0xc997d07b0bc607b6d1bcb6fb9d4a5579c466c3e5,0xc2e15fdb514b2a5097908d14218da40bc80af45098a3bf5397ff4efb786b8e73
15,0,0,0xcea58d938f3532df8378f3699c327a9f7f485bd3,2017-10-30T03:50:52.000Z,NaN,0x16e5d97bbc92417e051e3b2cabfbf8ceea2acb9c,sell,0xc997d07b0bc607b6d1bcb6fb9d4a5579c466c3e5,0x83fb686badc1679589ddd418677f2b973c12e367cc148ed2ffede236b54416b5
16,0,0,0xcea58d938f3532df8378f3699c327a9f7f485bd3,2017-10-30T03:50:44.000Z,NaN,0x379374d13077e8867ef31803c37baf9785a17c00,sell,0xc997d07b0bc607b6d1bcb6fb9d4a5579c466c3e5,0x4ec6089b0a5f69fa3643a5c80ea1768ed3e01ab92968afe1595a330ed7383299
17,0,0,0xcea58d938f3532df8378f3699c327a9f7f485bd3,2017-10-30T02:25:54.000Z,NaN,0x379374d13077e8867ef31803c37baf9785a17c00,sell,0xc997d07b0bc607b6d1bcb6fb9d4a5579c466c3e5,0x189e8f3d27a1eb5be1a23b6ac9b81f50f5dd513d789fe24b33aaebbd64ac6d91
18,0,0,0xcea58d938f3532df8378f3699c327a9f7f485bd3,2017-10-30T02:25:54.000Z,NaN,0x16e5d97bbc92417e051e3b2cabfbf8ceea2acb9c,sell,0xc997d07b0bc607b6d1bcb6fb9d4a5579c466c3e5,0xbf9cbf0c253bf90ab6b526271232b104ae2c012334fe58925e889a1356ea5901
19,382,0.10696,0xddc94bc4f885d9565a0ba6d3e0eb197049e116c5,2017-10-29T03:58:42.000Z,0.00028,0x46c24e504d8d29a34e7daa3ab20e32f6e3d5eccb,sell,0xc997d07b0bc607b6d1bcb6fb9d4a5579c466c3e5,0x41b085a9b64be1097d34f636c3d48f8b684df8024511daa1da75a2068c8d4098
20,1,0.0005,0x34f9560c63078eb61872a4dc2ccd20e21c34feaf,2017-10-28T20:34:30.000Z,0.0005,0x13512137d004d3e8d919ced5f5f7119934917c11,buy,0xc997d07b0bc607b6d1bcb6fb9d4a5579c466c3e5,0x316da5f275078c258f7803510bfe696a9b25614732b921575f5be0543a299eeb
21,1,0.0005,0xe444a40689f51f63bcd29910622035707d533d29,2017-10-28T20:31:18.000Z,0.0005,0x13512137d004d3e8d919ced5f5f7119934917c11,buy,0xc997d07b0bc607b6d1bcb6fb9d4a5579c466c3e5,0xc120d4dd5fd4ca52718fd72c6c52f2febd25d31aea77c794c608f8352d9d56da
22,1104,0.301396416,0x7275684df25a79b56047239b09d7e111fd3a4320,2017-10-28T17:13:25.000Z,0.000273004,0x1ed014aec47fae44c9e55bac7662c0b78ae61798,sell,0xc997d07b0bc607b6d1bcb6fb9d4a5579c466c3e5,0x5abdc8ce83caf9f12aedec39027fc256a2a567dd516fd980ec3df6dd9619c5d3
23,114,0.031122,0x36282355dc35bc527c43dcdb9dfceeb1bbe99639,2017-10-28T03:29:22.000Z,0.000273,0xf56b7af915ecdc84873dbeeec9f5780771616e89,sell,0xc997d07b0bc607b6d1bcb6fb9d4a5579c466c3e5,0x66dd625dc946568cc394c391bc55ca59407de27b6aa41723bfc7b3cf6ea223d5
24,15000,4.65000015,0x9c076455b231a5a4371d42ee0f5323d964417bda,2017-10-27T13:12:46.000Z,0.00031000001,0xd999935b4c0930edf8b9c47d0e66476d42a3e175,sell,0xc997d07b0bc607b6d1bcb6fb9d4a5579c466c3e5,0x1caac22c88965f1ef7792ac8b9ab471eae05426ec7874cb567fdf0ebee87ff1c
25,9856,3.15392,0x50747434f2b3986b0cc1ddcf2fe501348abd0eb2,2017-10-27T11:21:19.000Z,0.00032,0x55e0fc46f8e5c31ad0bebcc74120d96cc3a9d049,sell,0xc997d07b0bc607b6d1bcb6fb9d4a5579c466c3e5,0x9b97348e34b0e8af2c93a24740bb541d963e707a272aa6895e1ecbf6511e5049
26,1,0.00032,0x50747434f2b3986b0cc1ddcf2fe501348abd0eb2,2017-10-27T04:55:04.000Z,0.00032,0x25b33418506e43a02bab5522c543ede920d3b0ff,sell,0xc997d07b0bc607b6d1bcb6fb9d4a5579c466c3e5,0x7517e69c2bd0d461c56a4defdaafb64008ecce5fa087b55bee949fe7765e93cf
27,7975,2.552,0x50747434f2b3986b0cc1ddcf2fe501348abd0eb2,2017-10-27T04:53:22.000Z,0.00032,0x25b33418506e43a02bab5522c543ede920d3b0ff,sell,0xc997d07b0bc607b6d1bcb6fb9d4a5579c466c3e5,0xc3719d8479b58f5c1f60620ab1c9f76f819aa0201f221e8c72cda7b7626a8efd
28,26,0.00975,0xc1b33419a43355ce7b96032ef86d10a0f36b416d,2017-10-26T21:06:16.000Z,0.000375,0x568cbdd99da79418f81fb5304661c18b84e7b609,buy,0xc997d07b0bc607b6d1bcb6fb9d4a5579c466c3e5,0x3159ef8385532376c2d206dcd6839efd230a6c33d14bcc094961e62897aad6b8
29,270,0.108,0x24e5443f08c17e1261307cfa00fe784b6d1d1449,2017-10-26T08:01:12.000Z,0.0004,0xd999935b4c0930edf8b9c47d0e66476d42a3e175,buy,0xc997d07b0bc607b6d1bcb6fb9d4a5579c466c3e5,0x629f76db068845fb3a739dc15d6d0a290dc320e9a20ca19d1f6853d2a0e3102d
30,11335,4.0806,0x24e5443f08c17e1261307cfa00fe784b6d1d1449,2017-10-26T07:56:25.000Z,0.00036,0x50747434f2b3986b0cc1ddcf2fe501348abd0eb2,buy,0xc997d07b0bc607b6d1bcb6fb9d4a5579c466c3e5,0xbaf6d97fb5353b8ecf70bb7a3e48d6b7e6a66e74080bd972e20387bd95f6596e
31,45,0.015525,0x24e5443f08c17e1261307cfa00fe784b6d1d1449,2017-10-26T07:55:51.000Z,0.000345,0x0db5e7924d87d2ec27876882e7af911a58050dd1,buy,0xc997d07b0bc607b6d1bcb6fb9d4a5579c466c3e5,0x9c2b68d2f10ba0b2d2b0987640466eb5359b19312969edc4aa9b0fc0760d41cf
32,1715,0.60025,0x273a5d3e6721b9f5c1a6474f560c1334c63dda01,2017-10-26T07:44:02.000Z,0.00035,0xc13d48a6c86a994f85038e96a7fea0aeb27d6f4d,buy,0xc997d07b0bc607b6d1bcb6fb9d4a5579c466c3e5,0x1e3d8537f392227d3c20f9a5ed3e9695d9a33d89480d6e562e9b4305a3e8ef9c
33,498,0.17928,0x24e5443f08c17e1261307cfa00fe784b6d1d1449,2017-10-26T07:44:02.000Z,0.00036,0xd445f61ebca3d6b4c57eef1f39fdab6595ef8972,sell,0xc997d07b0bc607b6d1bcb6fb9d4a5579c466c3e5,0x777f2f32ea12ef091c5954f0f871b3a1059a764834868917d9d1404e82b0278c
34,500,0.165,0xd445f61ebca3d6b4c57eef1f39fdab6595ef8972,2017-10-26T07:44:02.000Z,0.00033,0xd999935b4c0930edf8b9c47d0e66476d42a3e175,buy,0xc997d07b0bc607b6d1bcb6fb9d4a5579c466c3e5,0x777f2f32ea12ef091c5954f0f871b3a1059a764834868917d9d1404e82b0278c
35,1709,0.61524,0x24e5443f08c17e1261307cfa00fe784b6d1d1449,2017-10-26T07:44:02.000Z,0.00036,0x273a5d3e6721b9f5c1a6474f560c1334c63dda01,sell,0xc997d07b0bc607b6d1bcb6fb9d4a5579c466c3e5,0x1e3d8537f392227d3c20f9a5ed3e9695d9a33d89480d6e562e9b4305a3e8ef9c
36,500,0.165,0x568cbdd99da79418f81fb5304661c18b84e7b609,2017-10-26T03:44:09.000Z,0.00033,0xd999935b4c0930edf8b9c47d0e66476d42a3e175,buy,0xc997d07b0bc607b6d1bcb6fb9d4a5579c466c3e5,0x3072b9d7468c63e0a88fd44645f6d598079c1d46c29604e4e346035e94e753da
37,284,0.09965681462466354,0xe3cee2600457d86a9f9644f3b0986c60b4064dbb,2017-10-26T02:18:23.000Z,0.00035090427684740684,0xc13d48a6c86a994f85038e96a7fea0aeb27d6f4d,buy,0xc997d07b0bc607b6d1bcb6fb9d4a5579c466c3e5,0xde6925636a5763ed95cdb62aa2d9926d3518cfb48f0719e7fe2d1581b2ac75cc
38,284,0.09965681462466354,0xe3cee2600457d86a9f9644f3b0986c60b4064dbb,2017-10-26T02:18:09.000Z,0.00035090427684740684,0xc13d48a6c86a994f85038e96a7fea0aeb27d6f4d,buy,0xc997d07b0bc607b6d1bcb6fb9d4a5579c466c3e5,0xde6925636a5763ed95cdb62aa2d9926d3518cfb48f0719e7fe2d1581b2ac75cc
39,2301,0.770835,0x3a5db26628d8ec738f8164d0a585946afbfb3332,2017-10-25T22:14:31.000Z,0.000335,0x7b215cf963ee3df7109637b904bf74b14bc315f3,buy,0xc997d07b0bc607b6d1bcb6fb9d4a5579c466c3e5,0x6898c9a3a532defb59e247d47be588363539b240ba35a8088b7c6e24029d8296
40,3699,1.239165,0x36282355dc35bc527c43dcdb9dfceeb1bbe99639,2017-10-25T21:55:53.000Z,0.000335,0x7b215cf963ee3df7109637b904bf74b14bc315f3,buy,0xc997d07b0bc607b6d1bcb6fb9d4a5579c466c3e5,0x8d8a15ef3c432182f031d9b63afb3e6b4a77b63efcce063412da06ec94244a47
41,2000,0.66,0x36282355dc35bc527c43dcdb9dfceeb1bbe99639,2017-10-25T21:52:19.000Z,0.00033,0xd999935b4c0930edf8b9c47d0e66476d42a3e175,buy,0xc997d07b0bc607b6d1bcb6fb9d4a5579c466c3e5,0x55ead795b015bdc73a80d2685f7d4b6862b4ea1630ff0040a5dc4fa8d0e98fea
42,1801,0.592529,0x36282355dc35bc527c43dcdb9dfceeb1bbe99639,2017-10-25T21:51:10.000Z,0.000329,0xc13d48a6c86a994f85038e96a7fea0aeb27d6f4d,buy,0xc997d07b0bc607b6d1bcb6fb9d4a5579c466c3e5,0xa65b79a5553e053fd7f17e8768ad51c2f94095dff9d17d4d9f3dd6f94eaddc0a
43,700,0.21,0x50747434f2b3986b0cc1ddcf2fe501348abd0eb2,2017-10-25T21:27:26.000Z,0.0003,0x0db5e7924d87d2ec27876882e7af911a58050dd1,sell,0xc997d07b0bc607b6d1bcb6fb9d4a5579c466c3e5,0x88c40d707eb7375b71d2412edfd90ae9273487d2157eed46bfa1465a136358eb
44,30,0.00900003,0x0b2de009825eac9a347868b44349aa32e91ef81f,2017-10-25T21:26:25.000Z,0.000300001,0x0db5e7924d87d2ec27876882e7af911a58050dd1,sell,0xc997d07b0bc607b6d1bcb6fb9d4a5579c466c3e5,0x079cc077330715c60d43abb72d845ab37b4626d55a02c85d87d37db40d9a4faa
45,1246,0.3488801246,0x9c076455b231a5a4371d42ee0f5323d964417bda,2017-10-25T13:30:21.000Z,0.0002800001,0x0a5644befb3fd61a333b56847b17c1b2eb2258be,sell,0xc997d07b0bc607b6d1bcb6fb9d4a5579c466c3e5,0x7b72fda987a617da366db4f31d3258702972d1d3502d0a75e298c502e5106be5
46,348,0.092220348,0x9c076455b231a5a4371d42ee0f5323d964417bda,2017-10-24T11:41:10.000Z,0.000265001,0xe85ef540aac1cdb389d4562df710a4eff56a4de8,sell,0xc997d07b0bc607b6d1bcb6fb9d4a5579c466c3e5,0xef1ebe71eb29b29a949171742fe8116a431b5f588aeefd54dd5bff997df3f08c
47,700,0.1897,0xcba47dba4a8a9642b4b4f4e5e80479a17376f700,2017-10-24T11:40:33.000Z,0.000271,0xf56b7af915ecdc84873dbeeec9f5780771616e89,sell,0xc997d07b0bc607b6d1bcb6fb9d4a5579c466c3e5,0xb489d90ac9f63713e811fb6599c235bc43ad1d869c2a0a00b02f7f70898d258a
48,300,0.084,0x0db5e7924d87d2ec27876882e7af911a58050dd1,2017-10-24T11:40:33.000Z,0.00028,0xe85ef540aac1cdb389d4562df710a4eff56a4de8,sell,0xc997d07b0bc607b6d1bcb6fb9d4a5579c466c3e5,0x0c359d5275df18c14c6ec836e55ad1bed792ad83c164a2ea2fb1754285d2fb97
49,1000,0.267,0xe99c6e74fd52e7f558024a5a427c66d77b9c94ba,2017-10-24T11:39:07.000Z,0.000267,0xf56b7af915ecdc84873dbeeec9f5780771616e89,sell,0xc997d07b0bc607b6d1bcb6fb9d4a5579c466c3e5,0xe56c60d9ec7583c9f7074434e58c1a80308830b39a978c61a0c0d88472e94690
50,10635,3.1905,0x50747434f2b3986b0cc1ddcf2fe501348abd0eb2,2017-10-23T19:40:21.000Z,0.0003,0xd999935b4c0930edf8b9c47d0e66476d42a3e175,sell,0xc997d07b0bc607b6d1bcb6fb9d4a5579c466c3e5,0xe23732f3514648f77171fc462ce02af1fb1cd515712c349d6298e74d002aa8a1
51,3988,1.43568,0x3a5db26628d8ec738f8164d0a585946afbfb3332,2017-10-23T15:37:43.000Z,0.00036,0x50747434f2b3986b0cc1ddcf2fe501348abd0eb2,buy,0xc997d07b0bc607b6d1bcb6fb9d4a5579c466c3e5,0xc247680afa7e353e7dcd0e27afa924be308022bb5f419b8394c11531297d21f4
52,1000,0.355,0x3a5db26628d8ec738f8164d0a585946afbfb3332,2017-10-23T15:37:23.000Z,0.000355,0xd999935b4c0930edf8b9c47d0e66476d42a3e175,buy,0xc997d07b0bc607b6d1bcb6fb9d4a5579c466c3e5,0x070bd5d49610878807b348ca9e6e99a9d823774e8986311d9a8257e0635e7109
53,1000,0.35,0x3a5db26628d8ec738f8164d0a585946afbfb3332,2017-10-23T15:37:14.000Z,0.00035,0xd999935b4c0930edf8b9c47d0e66476d42a3e175,buy,0xc997d07b0bc607b6d1bcb6fb9d4a5579c466c3e5,0x0ab33a77740eba2719218f4ad19829531898622323be0ccbbe28efe1de5a5d6a
54,1375,0.495,0xcea58d938f3532df8378f3699c327a9f7f485bd3,2017-10-22T19:16:23.000Z,0.00036,0x50747434f2b3986b0cc1ddcf2fe501348abd0eb2,buy,0xc997d07b0bc607b6d1bcb6fb9d4a5579c466c3e5,0xa42a8a7449bf51718a241f46acc6b3e6ea38beed664a4ae9755de5dc80531ab0
55,3500,1.26,0x7985928668839ec799d8c77ea90b8567d289bf2a,2017-10-22T12:08:09.000Z,0.00036,0x50747434f2b3986b0cc1ddcf2fe501348abd0eb2,buy,0xc997d07b0bc607b6d1bcb6fb9d4a5579c466c3e5,0x77e7582d985c0ce4f8c12a2477cdcbba3f2be6ccaf5cf2a2eac151e00aa6649e
56,15000,4.95,0x7985928668839ec799d8c77ea90b8567d289bf2a,2017-10-22T12:05:45.000Z,0.00033,0xd999935b4c0930edf8b9c47d0e66476d42a3e175,buy,0xc997d07b0bc607b6d1bcb6fb9d4a5579c466c3e5,0x05d82ec4542e05de47331d328f99cabd0f877d57a7ec49e98847b3a5a497be77
57,99,0.0199089,0x0ae2d2b3a41f08ea2674178a6ea95a916aef0e6b,2017-10-21T11:47:15.000Z,0.0002011,0x422d4d1f8a9373dc8b75f3e1aeab786083f38a51,sell,0xc997d07b0bc607b6d1bcb6fb9d4a5579c466c3e5,0x382d6c5372654f43f6219d9438f125b2eb71fb973bdadd3702d6f5221434ae2b
58,800,0.304,0x708579419eee1768fc6194a72e2b62d31568552d,2017-10-21T07:42:50.000Z,0.00038,0xc13d48a6c86a994f85038e96a7fea0aeb27d6f4d,buy,0xc997d07b0bc607b6d1bcb6fb9d4a5579c466c3e5,0xfb5f76fb8ff0e41ed503ae4e37803e38342449eb9f0a561eb8a101e541468ca0
59,800,0.576,0xf56b7af915ecdc84873dbeeec9f5780771616e89,2017-10-21T03:40:42.000Z,0.00072,0xd999935b4c0930edf8b9c47d0e66476d42a3e175,buy,0xc997d07b0bc607b6d1bcb6fb9d4a5579c466c3e5,0x54bea88454d6e6bd0556dcaa55456d1d8029ad185d28f3d4bc34261021beadde
60,500,0.295,0xf56b7af915ecdc84873dbeeec9f5780771616e89,2017-10-21T03:32:12.000Z,0.00059,0xd999935b4c0930edf8b9c47d0e66476d42a3e175,buy,0xc997d07b0bc607b6d1bcb6fb9d4a5579c466c3e5,0xbc238d001cbdb3ae33d29fcd9618883ef4f761b84aeb3e0799bc96910bb647db
61,270,0.099576,0xf56b7af915ecdc84873dbeeec9f5780771616e89,2017-10-21T03:32:12.000Z,0.0003688,0x0db5e7924d87d2ec27876882e7af911a58050dd1,buy,0xc997d07b0bc607b6d1bcb6fb9d4a5579c466c3e5,0x66fb28bb045c9af4425760be01d778f2001baf1ddbe2b9d68d508e851ec0e0d2
62,250,0.08105,0xf56b7af915ecdc84873dbeeec9f5780771616e89,2017-10-21T03:32:10.000Z,0.0003242,0x0db5e7924d87d2ec27876882e7af911a58050dd1,buy,0xc997d07b0bc607b6d1bcb6fb9d4a5579c466c3e5,0x8a09ba9404d1bb78a6186a11679094acc7c2c00a0d2437024ff23ce88b02a816
63,2731,0.5462,0xd999935b4c0930edf8b9c47d0e66476d42a3e175,2017-10-21T02:40:02.000Z,0.0002,0x769a9b5f2a57cbd83d577d73b9224c88c3a62006,sell,0xc997d07b0bc607b6d1bcb6fb9d4a5579c466c3e5,0xa7fe52a3d7164dce562d7d9915a3d0f45626cf02a326ac6b76b0bc981f8fdce9
64,997,0.1771669,0x0db5e7924d87d2ec27876882e7af911a58050dd1,2017-10-19T20:47:47.000Z,0.0001777,0x153685a03c2025b6825ae164e2ff5681ee487667,sell,0xc997d07b0bc607b6d1bcb6fb9d4a5579c466c3e5,0xdc65a70c1b2da124a01282abd76c5e6b8346cb32319149d66bd3e929e0275c0b
65,2091,0.31365002091,0xd73c01bbcb5c67160ec2cbd75f38de6c323e154a,2017-10-19T19:35:44.000Z,0.00015000001,0x153685a03c2025b6825ae164e2ff5681ee487667,sell,0xc997d07b0bc607b6d1bcb6fb9d4a5579c466c3e5,0x6159b025e25b4445d74a7a9d4465c4df9b0a3c7eaf7936b0014614ec9575a8b1
66,79,0.007900079,0x13512137d004d3e8d919ced5f5f7119934917c11,2017-10-19T16:28:53.000Z,0.000100001,0x50747434f2b3986b0cc1ddcf2fe501348abd0eb2,sell,0xc997d07b0bc607b6d1bcb6fb9d4a5579c466c3e5,0x9160a4c070107b03f378caef7cb5de6939676ba803385b75bb22cdfddaf2c457
67,3333,0.49995,0xebb282ab49fe60425d898f976ec2c8eb2712729b,2017-10-19T16:27:53.000Z,0.00015,0x50747434f2b3986b0cc1ddcf2fe501348abd0eb2,sell,0xc997d07b0bc607b6d1bcb6fb9d4a5579c466c3e5,0x48b0f41f9c426d0f64c1f5fccc4422c0afee5a8e8c10a0fe17309e80535c0003
68,3000,0.51,0x9f9579f460fe5a61977152e117d94fe0f3290033,2017-10-19T16:27:47.000Z,0.00017,0x50747434f2b3986b0cc1ddcf2fe501348abd0eb2,sell,0xc997d07b0bc607b6d1bcb6fb9d4a5579c466c3e5,0x9da09285ed6fb07fb5a36fbb4439a11361500dcb50f0c7bb188d7e84a9af1c63
69,14913,2.609775,0x41f176b9b38f35d046c042783b7f673df90f6822,2017-10-19T16:27:30.000Z,0.000175,0x50747434f2b3986b0cc1ddcf2fe501348abd0eb2,sell,0xc997d07b0bc607b6d1bcb6fb9d4a5579c466c3e5,0x24f42b265199d685441eabe568cbbcd3ae1e92021187ef7465fdde8e31e9b8a2
70,1,0.000225,0x6cdea8e07bf82d7a07dbf36642d6e5be8623845c,2017-10-19T15:31:44.000Z,0.000225,0x153685a03c2025b6825ae164e2ff5681ee487667,buy,0xc997d07b0bc607b6d1bcb6fb9d4a5579c466c3e5,0x657fa5bce09d0d327ce55f6f31be87b872d2ac56d1b40d962b3d991b6c6b51d0
71,1709,0.3419642,0xebb282ab49fe60425d898f976ec2c8eb2712729b,2017-10-19T09:20:17.000Z,0.000200096079578701,0xecc996953e976a305ee585a9c7bbbcc85d1c467b,buy,0xc997d07b0bc607b6d1bcb6fb9d4a5579c466c3e5,0xa1a60ed33f9774c6f5aa2fc1622afaf89ea367aa36c4e7f86580070911689a45
72,86,0.0129,0x6a6fd86f0b1cf21271ef69c554e1dad0f892ba07,2017-10-19T07:21:14.000Z,0.00015,0xd73c01bbcb5c67160ec2cbd75f38de6c323e154a,sell,0xc997d07b0bc607b6d1bcb6fb9d4a5579c466c3e5,0xdd9ac6238f3018ac854b3e5d34d8f6272d6499e577d4748b288b369e733b2b5c
73,9938,1.88822,0xebb282ab49fe60425d898f976ec2c8eb2712729b,2017-10-18T21:32:32.000Z,0.00019,0x0a5644befb3fd61a333b56847b17c1b2eb2258be,buy,0xc997d07b0bc607b6d1bcb6fb9d4a5579c466c3e5,0x83a519a386552bd1f543f4752a2a5adcad40d097b773528ba37009cad9c3a56e
74,2,0.0005,0x42c24a83bded723edfdf5883bc7efb30bc1a1bf3,2017-10-18T20:43:43.000Z,0.00025,0x0a5644befb3fd61a333b56847b17c1b2eb2258be,buy,0xc997d07b0bc607b6d1bcb6fb9d4a5579c466c3e5,0x6fa3de48e50c9ead33faa9a48d4e8300c817e52028d5658e0a7711dc12eb20ae
75,18999,1.90008999,0xd73c01bbcb5c67160ec2cbd75f38de6c323e154a,2017-10-18T20:11:07.000Z,0.00010001,0x0a5644befb3fd61a333b56847b17c1b2eb2258be,sell,0xc997d07b0bc607b6d1bcb6fb9d4a5579c466c3e5,0x65b63f12313edc8f7710bd4f6fffef9d7070807b9ccdf432579f418cc88190da
76,2,0.0005,0x379374d13077e8867ef31803c37baf9785a17c00,2017-10-18T20:05:36.000Z,0.00025,0x0a5644befb3fd61a333b56847b17c1b2eb2258be,buy,0xc997d07b0bc607b6d1bcb6fb9d4a5579c466c3e5,0xb64dd17f91bc20a1c843038e0f6cc9964994d242b8849db44ba3be11383dbda4
77,1001,0.10011001,0xd73c01bbcb5c67160ec2cbd75f38de6c323e154a,2017-10-18T19:26:27.000Z,0.00010001,0x0a5644befb3fd61a333b56847b17c1b2eb2258be,sell,0xc997d07b0bc607b6d1bcb6fb9d4a5579c466c3e5,0x3b2398248db8bda72a9ee2188559bfd04c5779d2784ddb4fc311044b72406bc0
78,2,0.0005,0x42c24a83bded723edfdf5883bc7efb30bc1a1bf3,2017-10-18T19:04:32.000Z,0.00025,0xecc996953e976a305ee585a9c7bbbcc85d1c467b,buy,0xc997d07b0bc607b6d1bcb6fb9d4a5579c466c3e5,0x36cad93689e25f4243d7d9677cac8d09d0113effb5047447409882e35824ea26
79,2,0.0005,0x379374d13077e8867ef31803c37baf9785a17c00,2017-10-18T18:48:07.000Z,0.00025,0xecc996953e976a305ee585a9c7bbbcc85d1c467b,buy,0xc997d07b0bc607b6d1bcb6fb9d4a5579c466c3e5,0x3ed574004ef8566ccff91d8626bf9b3484ae4c4337d40fcac4f2610e7cbbf05f
80,1,0.000225,0x3ac636ac5c3a2576156ac5f10066ca68abe0ad54,2017-10-18T18:01:28.000Z,0.000225,0x153685a03c2025b6825ae164e2ff5681ee487667,buy,0xc997d07b0bc607b6d1bcb6fb9d4a5579c466c3e5,0x5b8dbd3a7e3a44fc363c5e8563945e1b8976da4dbc209e0ba2e3238873998297
81,2,0.0005,0x379374d13077e8867ef31803c37baf9785a17c00,2017-10-18T17:32:39.000Z,0.00025,0xecc996953e976a305ee585a9c7bbbcc85d1c467b,buy,0xc997d07b0bc607b6d1bcb6fb9d4a5579c466c3e5,0xb048e270b43fd53719583f6a2d1145b337a817e715b1b01a3054d06d38b9b948
82,2,0.0005,0xf9695cd65d6dfdf257fab76a3eb0cb8f001971cc,2017-10-18T17:28:44.000Z,0.00025,0xecc996953e976a305ee585a9c7bbbcc85d1c467b,buy,0xc997d07b0bc607b6d1bcb6fb9d4a5579c466c3e5,0xd49b100f5b174301d1c26c442043c6dcc26a8dea66a1ce2eff8937c92abe44eb
83,2,0.0005,0x42c24a83bded723edfdf5883bc7efb30bc1a1bf3,2017-10-18T17:28:00.000Z,0.00025,0xecc996953e976a305ee585a9c7bbbcc85d1c467b,buy,0xc997d07b0bc607b6d1bcb6fb9d4a5579c466c3e5,0xea38552520d352bb540c729c90c55c887900d082b901b5ffca2bbbe6d993af36
84,1555,0.31103578960875694,0x708579419eee1768fc6194a72e2b62d31568552d,2017-10-18T17:08:56.000Z,0.00020002301582556714,0xecc996953e976a305ee585a9c7bbbcc85d1c467b,buy,0xc997d07b0bc607b6d1bcb6fb9d4a5579c466c3e5,0x53eeda8199f60d63de47754024d3b02ae03a3e510eebe2a92fed844351dfb1fd
85,2,0.0005,0xcd912af5286dc0b0a23edb30209734ecb60838b3,2017-10-18T16:50:52.000Z,0.00025,0xecc996953e976a305ee585a9c7bbbcc85d1c467b,buy,0xc997d07b0bc607b6d1bcb6fb9d4a5579c466c3e5,0xd9b4659b35339e141011e18f6b061307f4b68907d69a8802d11cdd0b4cadf0b1
86,2,0.0005,0xf9695cd65d6dfdf257fab76a3eb0cb8f001971cc,2017-10-18T16:02:14.000Z,0.00025,0xecc996953e976a305ee585a9c7bbbcc85d1c467b,buy,0xc997d07b0bc607b6d1bcb6fb9d4a5579c466c3e5,0x33a3f0a88fad5218a9f1c6384d565e664b1854b6b0d8fea2c1d6ffb330d5784f
87,2,0.0005,0x42c24a83bded723edfdf5883bc7efb30bc1a1bf3,2017-10-18T16:00:46.000Z,0.00025,0xecc996953e976a305ee585a9c7bbbcc85d1c467b,buy,0xc997d07b0bc607b6d1bcb6fb9d4a5579c466c3e5,0x07ece0187f42e1d498e746959822b0c4d4e3a485acc144435e1535638f4be602
88,2,0.0005,0x379374d13077e8867ef31803c37baf9785a17c00,2017-10-18T16:00:24.000Z,0.00025,0xecc996953e976a305ee585a9c7bbbcc85d1c467b,buy,0xc997d07b0bc607b6d1bcb6fb9d4a5579c466c3e5,0x75362403070013f0470c6ec2a87bfbfcacfe7c96b80ef253a3a2a391278e9efa
89,2,0.0005,0x16e5d97bbc92417e051e3b2cabfbf8ceea2acb9c,2017-10-18T15:45:40.000Z,0.00025,0xecc996953e976a305ee585a9c7bbbcc85d1c467b,buy,0xc997d07b0bc607b6d1bcb6fb9d4a5579c466c3e5,0x10c0b064794793d38933f94d9994232251bc289889734e362914a91a87acfe6c
90,2,0.0005,0x379374d13077e8867ef31803c37baf9785a17c00,2017-10-18T15:13:58.000Z,0.00025,0xecc996953e976a305ee585a9c7bbbcc85d1c467b,buy,0xc997d07b0bc607b6d1bcb6fb9d4a5579c466c3e5,0xe09bec66389bc6309cde39f9f9b0158b44bd27c6753ec463f3bfd43b1a6d1d0e
91,2,0.0005,0xf9695cd65d6dfdf257fab76a3eb0cb8f001971cc,2017-10-18T15:12:58.000Z,0.00025,0xecc996953e976a305ee585a9c7bbbcc85d1c467b,buy,0xc997d07b0bc607b6d1bcb6fb9d4a5579c466c3e5,0x18f64a5c7e738b27050bef1171591a6a6870169b41f5a3dc7da0e9f4f8b2b47c
92,2,0.0005,0x42c24a83bded723edfdf5883bc7efb30bc1a1bf3,2017-10-18T15:11:56.000Z,0.00025,0xecc996953e976a305ee585a9c7bbbcc85d1c467b,buy,0xc997d07b0bc607b6d1bcb6fb9d4a5579c466c3e5,0xdaad9fc8c6a75900e67570140f09347b4ebe1f0554a176336fa42cb98e364e96
93,2,0.0005,0xcd912af5286dc0b0a23edb30209734ecb60838b3,2017-10-18T15:11:35.000Z,0.00025,0xecc996953e976a305ee585a9c7bbbcc85d1c467b,buy,0xc997d07b0bc607b6d1bcb6fb9d4a5579c466c3e5,0x636bd2473e1c243e15f32817e37c8c55ab63b6a5f02de4b5ed9a17b77a0b7765
94,3507,0.6313212,0x505e0182eedfde30b3ba301572455320e02a9198,2017-10-18T11:38:40.000Z,0.0001800174508126604,0xd73c01bbcb5c67160ec2cbd75f38de6c323e154a,buy,0xc997d07b0bc607b6d1bcb6fb9d4a5579c466c3e5,0x70fde7b342ebd4f38b161a16f7ed3f6109d6b4aefc3ca338f09588ad575ac566
95,1492,0.2686787463363573,0x2ccabb21023a7f1f63787b5b91979429951a076e,2017-10-18T11:20:08.000Z,0.00018007958869729041,0xd73c01bbcb5c67160ec2cbd75f38de6c323e154a,buy,0xc997d07b0bc607b6d1bcb6fb9d4a5579c466c3e5,0x4377c66e2b18a66994ef7fe0646a34066f76f775c10f3d06b3de2f4074fbaf61
96,1000,0.23,0x2ccabb21023a7f1f63787b5b91979429951a076e,2017-10-18T11:14:50.000Z,0.00023,0xd73c01bbcb5c67160ec2cbd75f38de6c323e154a,buy,0xc997d07b0bc607b6d1bcb6fb9d4a5579c466c3e5,0x0e51be849c3321d33f071c436879f41862ff47a67c07b4b605bd433afb6b5710
97,26769,3.21228,0xd73c01bbcb5c67160ec2cbd75f38de6c323e154a,2017-10-18T10:54:50.000Z,0.00012,0x50747434f2b3986b0cc1ddcf2fe501348abd0eb2,buy,0xc997d07b0bc607b6d1bcb6fb9d4a5579c466c3e5,0x0a489141f1bd97cbe8c7af58df38b9280f5626d3db6b77238082121004317747
98,124613,9.96904,0x50747434f2b3986b0cc1ddcf2fe501348abd0eb2,2017-10-18T08:40:05.000Z,0.00008,0xd2a43fc7134b54054792597a9cfa69f7804c1687,sell,0xc997d07b0bc607b6d1bcb6fb9d4a5579c466c3e5,0xc849c420f95765784f7758ae0a02cbed7d51e282005e9f2ed7b49b470dcbd289
99,39,0.004912598062357008,0x50747434f2b3986b0cc1ddcf2fe501348abd0eb2,2017-10-18T06:46:14.000Z,0.00012596405288094892,0x971f30c325d9924ad472adf0bf98702502baad93,buy,0xc997d07b0bc607b6d1bcb6fb9d4a5579c466c3e5,0xe2e189d77589d98af0ecd32e0f55ffe2fafd32ff06b77421233098a6f88d48bc
100,10,0.0012499,0x636d925f140f761f7a0e600db2177dd068ddada1,2017-10-18T05:48:25.000Z,0.00012499,0x971f30c325d9924ad472adf0bf98702502baad93,buy,0xc997d07b0bc607b6d1bcb6fb9d4a5579c466c3e5,0xc9849dcd006e9c49db60a9347a7a78771b9ff9ea16cfb43687a8e0fb5443b468
101,446,0.055826936496859735,0x708579419eee1768fc6194a72e2b62d31568552d,2017-10-18T04:03:03.000Z,0.00012517250335618773,0x971f30c325d9924ad472adf0bf98702502baad93,buy,0xc997d07b0bc607b6d1bcb6fb9d4a5579c466c3e5,0xe2fbbc7f13719c0db99f6197aa5738cd36e66ae8fdfc8693cf3d1e06289b9dd6
102,4,0.0005,0xcd912af5286dc0b0a23edb30209734ecb60838b3,2017-10-18T02:54:34.000Z,0.000125,0x971f30c325d9924ad472adf0bf98702502baad93,buy,0xc997d07b0bc607b6d1bcb6fb9d4a5579c466c3e5,0xd43c214360acbb63d8c76a99792af2cd210e20724241db7d9a87634abc4171b3
103,1,0.00007,0x41f176b9b38f35d046c042783b7f673df90f6822,2017-10-18T01:11:01.000Z,0.00007,0x135d52d6fdc0512c32bd9b840b098d26cc7e68ce,sell,0xc997d07b0bc607b6d1bcb6fb9d4a5579c466c3e5,0x220ed0787079e44d4b7e95fbded74a1d646f5a32534aa62b10a039be9cb9e8cb
104,1636,0.11452,0x41f176b9b38f35d046c042783b7f673df90f6822,2017-10-18T01:05:58.000Z,0.00007,0x135d52d6fdc0512c32bd9b840b098d26cc7e68ce,sell,0xc997d07b0bc607b6d1bcb6fb9d4a5579c466c3e5,0xc722e90107b9b71509f19e526eb82904b6125360b10ef0a9ebaa90ecc25fa9e4
105,5000,0.4,0x50747434f2b3986b0cc1ddcf2fe501348abd0eb2,2017-10-17T22:58:29.000Z,0.00008,0x135d52d6fdc0512c32bd9b840b098d26cc7e68ce,sell,0xc997d07b0bc607b6d1bcb6fb9d4a5579c466c3e5,0x408ccafee0d40f80b36a78d72b8a7f7ddfa775ae493206527556f234d55b3fa0
106,10000,0.8,0x50747434f2b3986b0cc1ddcf2fe501348abd0eb2,2017-10-17T22:49:10.000Z,0.00008,0x135d52d6fdc0512c32bd9b840b098d26cc7e68ce,sell,0xc997d07b0bc607b6d1bcb6fb9d4a5579c466c3e5,0xef976f717d23820114d69dfbb6c5825f2d6c3ca8aa723a9d61c6b3f05a5c9fb3
107,4444,0.39996,0x9f9579f460fe5a61977152e117d94fe0f3290033,2017-10-17T22:48:57.000Z,0.00009,0x50747434f2b3986b0cc1ddcf2fe501348abd0eb2,sell,0xc997d07b0bc607b6d1bcb6fb9d4a5579c466c3e5,0xc711fd9dc12b8633728c7425f1d4227bcd410845bf2a70baf0a64b498f8be873
108,10000,0.8,0x50747434f2b3986b0cc1ddcf2fe501348abd0eb2,2017-10-17T22:44:08.000Z,0.00008,0x135d52d6fdc0512c32bd9b840b098d26cc7e68ce,sell,0xc997d07b0bc607b6d1bcb6fb9d4a5579c466c3e5,0xe21c78d54610c1573bec770043268239712d7715fd7517312c9696e02dce17bb
109,30000,2.4,0x50747434f2b3986b0cc1ddcf2fe501348abd0eb2,2017-10-17T22:24:08.000Z,0.00008,0x135d52d6fdc0512c32bd9b840b098d26cc7e68ce,sell,0xc997d07b0bc607b6d1bcb6fb9d4a5579c466c3e5,0xd848b2488f4c92ca4d0551774f6b7d715b0516825cb8f2b3d880f98f6cf97fd9
110,14000,1.4,0x50747434f2b3986b0cc1ddcf2fe501348abd0eb2,2017-10-17T22:12:27.000Z,0.0001,0x135d52d6fdc0512c32bd9b840b098d26cc7e68ce,sell,0xc997d07b0bc607b6d1bcb6fb9d4a5579c466c3e5,0x41ac64a47fbdd5eedd2cc0d729a7ecacd933e50b2451aae48940be17d86f5cb9
111,6000,0.6,0x50747434f2b3986b0cc1ddcf2fe501348abd0eb2,2017-10-17T22:12:16.000Z,0.0001,0x135d52d6fdc0512c32bd9b840b098d26cc7e68ce,sell,0xc997d07b0bc607b6d1bcb6fb9d4a5579c466c3e5,0x873e6cee2005761464e23b40d2d5448c98a8ba31cc111f75eabb2b2f7c158ac5
112,500,0.015995,0x971f30c325d9924ad472adf0bf98702502baad93,2017-10-17T22:05:24.000Z,0.00003199,0x135d52d6fdc0512c32bd9b840b098d26cc7e68ce,sell,0xc997d07b0bc607b6d1bcb6fb9d4a5579c466c3e5,0xf9a67a2cdbad6df32d75457d22e5550d36d0361f5483878cb07f87f1b7fee011
113,10000,1,0x50747434f2b3986b0cc1ddcf2fe501348abd0eb2,2017-10-17T21:59:24.000Z,0.0001,0x135d52d6fdc0512c32bd9b840b098d26cc7e68ce,sell,0xc997d07b0bc607b6d1bcb6fb9d4a5579c466c3e5,0x91cc30996882e7319b45d68632d9db1668b7ce1e7ec9299aed1cf845ffa76b8a
114,500,0.105,0x0db5e7924d87d2ec27876882e7af911a58050dd1,2017-10-17T21:32:34.000Z,0.00021,0x135d52d6fdc0512c32bd9b840b098d26cc7e68ce,sell,0xc997d07b0bc607b6d1bcb6fb9d4a5579c466c3e5,0x5d934570c8aa664f6f7aa1db144343c020eed8c87e403a4f47a0da30d498d235
115,2500,0.6,0x9f9579f460fe5a61977152e117d94fe0f3290033,2017-10-17T17:32:36.000Z,0.00024,0x135d52d6fdc0512c32bd9b840b098d26cc7e68ce,sell,0xc997d07b0bc607b6d1bcb6fb9d4a5579c466c3e5,0x301b92e8097023b3fc4f724c9cce5d29a0d9785315f3998c220a5a9db547ee89
116,6498,1.611747784,0x9f9579f460fe5a61977152e117d94fe0f3290033,2017-10-17T16:04:58.000Z,0.0002480375167743921,0x135d52d6fdc0512c32bd9b840b098d26cc7e68ce,buy,0xc997d07b0bc607b6d1bcb6fb9d4a5579c466c3e5,0x6b74bf19c5e12f185c9d03f90e9611577006bd9e281a139493626f3cbce5c431
117,4,0.000992,0x3d7d0807cef2411d663f54d3c507980a6135c589,2017-10-17T15:36:24.000Z,0.000248,0x135d52d6fdc0512c32bd9b840b098d26cc7e68ce,buy,0xc997d07b0bc607b6d1bcb6fb9d4a5579c466c3e5,0x4ae0d33a27fe6b82b45fe3173d29bf234d69b4acb2276c5e05f43244f868ef08
118,1297,0.3216601036785964,0x3d7d0807cef2411d663f54d3c507980a6135c589,2017-10-17T15:22:37.000Z,0.0002480031639773295,0x135d52d6fdc0512c32bd9b840b098d26cc7e68ce,buy,0xc997d07b0bc607b6d1bcb6fb9d4a5579c466c3e5,0xb432af4a54f145b0881ec2099ec2377d5b4da056b6a8988341a79c64b2a1766c
119,2725,0.7085,0x9f9579f460fe5a61977152e117d94fe0f3290033,2017-10-17T05:12:05.000Z,0.00026,0x135d52d6fdc0512c32bd9b840b098d26cc7e68ce,buy,0xc997d07b0bc607b6d1bcb6fb9d4a5579c466c3e5,0x46a9f5daddf921fbdd87dadfbc6fc12e6023f0542bfb04837d7da741f65fee5b
120,1090,0.2672115224034372,0xcea58d938f3532df8378f3699c327a9f7f485bd3,2017-10-17T00:30:58.000Z,0.00024514818569122676,0x135d52d6fdc0512c32bd9b840b098d26cc7e68ce,buy,0xc997d07b0bc607b6d1bcb6fb9d4a5579c466c3e5,0x5092f5bcf5a9ba5a14abbb66a8a3220e7ac8aa3744adacd37fbc715bffc77233
121,250,0.06125,0xb85d14ab22a69276e57f24130ce4215e5ffe7dc0,2017-10-16T22:54:05.000Z,0.000245,0x135d52d6fdc0512c32bd9b840b098d26cc7e68ce,buy,0xc997d07b0bc607b6d1bcb6fb9d4a5579c466c3e5,0x47653d439c3944645f6026b81212363240c63457333ad9f692061e8d14d688a5
122,450,0.11025,0x3d7d0807cef2411d663f54d3c507980a6135c589,2017-10-16T21:12:48.000Z,0.000245,0x135d52d6fdc0512c32bd9b840b098d26cc7e68ce,buy,0xc997d07b0bc607b6d1bcb6fb9d4a5579c466c3e5,0xf79c6c4befca74439afec53cea0b71e1e106b66e83e7687e4273b303c75d97e9
123,1000,0.245,0xff751bf33f82287f184ea88dfb1b125410c3f79b,2017-10-16T21:09:09.000Z,0.000245,0x135d52d6fdc0512c32bd9b840b098d26cc7e68ce,buy,0xc997d07b0bc607b6d1bcb6fb9d4a5579c466c3e5,0xfb018c91914dedfb3dc01373c6d0235258738cb6f7ee9c1822d8631209e0730a
124,2000,0.536,0x8ddb486ef7a12cdab8769ba47037f1b2216d6225,2017-10-16T17:45:49.000Z,0.000268,0x135d52d6fdc0512c32bd9b840b098d26cc7e68ce,buy,0xc997d07b0bc607b6d1bcb6fb9d4a5579c466c3e5,0xfb3f13e5215b73e15c6013fd987c7f809956610e4b09f0e301b24630b52869d6
125,100,0.027,0x3d7d0807cef2411d663f54d3c507980a6135c589,2017-10-16T17:22:00.000Z,0.00027,0x50747434f2b3986b0cc1ddcf2fe501348abd0eb2,buy,0xc997d07b0bc607b6d1bcb6fb9d4a5579c466c3e5,0x52476a5bcca0d6b78f31bd587837defcb9fe8f3c0b971070e7716cedc02aaf16
126,100,0.027,0x3d7d0807cef2411d663f54d3c507980a6135c589,2017-10-16T17:14:29.000Z,0.00027,0x50747434f2b3986b0cc1ddcf2fe501348abd0eb2,buy,0xc997d07b0bc607b6d1bcb6fb9d4a5579c466c3e5,0xaef8e3db7da8e27ecd9b35c339518285548ad4f7832bbd9d01679608105f988d
127,2000,0.52,0x8ddb486ef7a12cdab8769ba47037f1b2216d6225,2017-10-16T17:11:00.000Z,0.00026,0x135d52d6fdc0512c32bd9b840b098d26cc7e68ce,buy,0xc997d07b0bc607b6d1bcb6fb9d4a5579c466c3e5,0x47a24ae669c94fe01741e2d445ea62accd1ac25336debb4aa9e0b024dd4bca09
128,10999,2.969732329777689,0x8ddb486ef7a12cdab8769ba47037f1b2216d6225,2017-10-16T16:36:28.000Z,0.0002700002118172278,0x50747434f2b3986b0cc1ddcf2fe501348abd0eb2,buy,0xc997d07b0bc607b6d1bcb6fb9d4a5579c466c3e5,0x54472eb2ebc8c01096c5c062e219020bab6cedd5662ac553c466eee3c6344350
129,2000,0.52,0x8ddb486ef7a12cdab8769ba47037f1b2216d6225,2017-10-16T16:31:19.000Z,0.00026,0x135d52d6fdc0512c32bd9b840b098d26cc7e68ce,buy,0xc997d07b0bc607b6d1bcb6fb9d4a5579c466c3e5,0x6acf86caea2811b8fabf0404fa38dd81a3aefc88f149d7bea145e49281e4da16
130,3450,1.0005,0x8ddb486ef7a12cdab8769ba47037f1b2216d6225,2017-10-16T15:49:28.000Z,0.00029,0x135d52d6fdc0512c32bd9b840b098d26cc7e68ce,buy,0xc997d07b0bc607b6d1bcb6fb9d4a5579c466c3e5,0xc441306d067087605b7740200f2420841cadb6b890f27f6734035bba1632c850
131,550,0.1595,0xa4f0f0c1ceb0f4a64778e825940da3c209491261,2017-10-16T15:12:25.000Z,0.00029,0x135d52d6fdc0512c32bd9b840b098d26cc7e68ce,buy,0xc997d07b0bc607b6d1bcb6fb9d4a5579c466c3e5,0xc4ccaca84e1481573e8a5e7f7c404dc090a054f6c3776ffd326e081b14ec01fc
132,85,0.0238,0xe3de266867c5971dc4aa5cde92b6d3d310a994b8,2017-10-16T06:51:53.000Z,0.00028,0x50747434f2b3986b0cc1ddcf2fe501348abd0eb2,sell,0xc997d07b0bc607b6d1bcb6fb9d4a5579c466c3e5,0xe38d7e6b8728e66e7382aab8204231919dc289ded7f96d89a28b2e52d5526957
133,42,0.016632,0x5d5065b42bdee0274e394ba9042c21e1818c69cf,2017-10-15T17:21:28.000Z,0.000396,0x50747434f2b3986b0cc1ddcf2fe501348abd0eb2,sell,0xc997d07b0bc607b6d1bcb6fb9d4a5579c466c3e5,0xe57f062ec2b9d3f7c96c42d3adaa737387de28c3bf859afc195236628ecc872f
134,3541,1.0623,0xd999935b4c0930edf8b9c47d0e66476d42a3e175,2017-10-10T18:31:24.000Z,0.0003,0x0a5644befb3fd61a333b56847b17c1b2eb2258be,sell,0xc997d07b0bc607b6d1bcb6fb9d4a5579c466c3e5,0x47f981de97fd98f2b87aa3ebcf3fc5c1bbaf7273b39867171dc148d0cf3d5eb2
135,1246,0.3738,0xd999935b4c0930edf8b9c47d0e66476d42a3e175,2017-10-10T11:22:27.000Z,0.0003,0xa76dc0d3e484b16b2e8edf552d531b369fb32980,sell,0xc997d07b0bc607b6d1bcb6fb9d4a5579c466c3e5,0xd593cd670eb8cb3e64a6b9663f607853035fb6d99f04cfbdbcfb309d93c15f03
136,101,0.0303,0xd999935b4c0930edf8b9c47d0e66476d42a3e175,2017-10-10T01:04:32.000Z,0.0003,0x8ce5c56c0bedfb5303b8746225605aa61f057200,sell,0xc997d07b0bc607b6d1bcb6fb9d4a5579c466c3e5,0x56fa9acf186c2017c4c5ab1d010e152685e6423b312f22c2fc8431117d404ca6
137,199,0.06567,0xd8ff437a25b92cd42b3ed48871efade709dbebe8,2017-10-10T01:00:43.000Z,0.00033,0x8ce5c56c0bedfb5303b8746225605aa61f057200,sell,0xc997d07b0bc607b6d1bcb6fb9d4a5579c466c3e5,0xdeb07fffb97114f04096d02e0a58c52242c8e25b6948221ecdad29a15a2b3df9
138,1,0.00033,0xd8ff437a25b92cd42b3ed48871efade709dbebe8,2017-10-10T00:51:48.000Z,0.00033,0x8ce5c56c0bedfb5303b8746225605aa61f057200,sell,0xc997d07b0bc607b6d1bcb6fb9d4a5579c466c3e5,0x13f75addc58977ca597bb1579915e9490c1cc28a3c8ddbf0269e8a248a800a2b
139,6429,2.25015,0xd999935b4c0930edf8b9c47d0e66476d42a3e175,2017-10-09T21:22:52.000Z,0.00035,0x0a5644befb3fd61a333b56847b17c1b2eb2258be,sell,0xc997d07b0bc607b6d1bcb6fb9d4a5579c466c3e5,0x225447ba11b41d87ea343ea5192692a8847a11e459be8c289683250910d17f9b
140,1,0.00036,0xd8ff437a25b92cd42b3ed48871efade709dbebe8,2017-10-09T12:04:34.000Z,0.00036,0xd73c01bbcb5c67160ec2cbd75f38de6c323e154a,sell,0xc997d07b0bc607b6d1bcb6fb9d4a5579c466c3e5,0x8b9a8827aa1d0cc0a60681321f6bed168d8896722bad24fc4dc98ae138f9369d
141,645,0.22575,0xd999935b4c0930edf8b9c47d0e66476d42a3e175,2017-10-09T12:02:23.000Z,0.00035,0xd73c01bbcb5c67160ec2cbd75f38de6c323e154a,sell,0xc997d07b0bc607b6d1bcb6fb9d4a5579c466c3e5,0xc8baec5490a3be54408cc2ade50eb5ddb6dd31c093cdad048c1618c5feeef1c7
142,2926,1.0241,0xd999935b4c0930edf8b9c47d0e66476d42a3e175,2017-10-09T04:50:03.000Z,0.00035,0x8ce5c56c0bedfb5303b8746225605aa61f057200,sell,0xc997d07b0bc607b6d1bcb6fb9d4a5579c466c3e5,0xd2e61d9381a8f6cf145810c9a5d2edb080424c08a4e80e24d498c78df8afae02
143,1711,0.6844,0xd999935b4c0930edf8b9c47d0e66476d42a3e175,2017-10-09T04:49:16.000Z,0.0004,0x8ce5c56c0bedfb5303b8746225605aa61f057200,sell,0xc997d07b0bc607b6d1bcb6fb9d4a5579c466c3e5,0x0b48d3e653ad737fdbecf94c329a9527c7ff2f709b400bd0abbeb4ab92ee030d
144,967,0.4835,0x505e0182eedfde30b3ba301572455320e02a9198,2017-10-09T03:20:47.000Z,0.0005,0x505e0182eedfde30b3ba301572455320e02a9198,sell,0xc997d07b0bc607b6d1bcb6fb9d4a5579c466c3e5,0xc1d30ad4a81873112c7904a0a3ffb6857563df862b5fafb5cdbd5d3e42b721b5
145,1033,0.5165,0x505e0182eedfde30b3ba301572455320e02a9198,2017-10-09T03:18:33.000Z,0.0005,0x273a5d3e6721b9f5c1a6474f560c1334c63dda01,sell,0xc997d07b0bc607b6d1bcb6fb9d4a5579c466c3e5,0x6fa8a296cc2b1d9ce530885d50d40522eda0c33a715c56bf3eed41d673b5aedb
146,1037,0.48739,0x273a5d3e6721b9f5c1a6474f560c1334c63dda01,2017-10-09T03:18:33.000Z,0.00047,0x0a5644befb3fd61a333b56847b17c1b2eb2258be,buy,0xc997d07b0bc607b6d1bcb6fb9d4a5579c466c3e5,0x6fa8a296cc2b1d9ce530885d50d40522eda0c33a715c56bf3eed41d673b5aedb
147,697,0.2788,0xd999935b4c0930edf8b9c47d0e66476d42a3e175,2017-10-08T22:55:51.000Z,0.0004,0x009e615bfd907525ca1e7de4e3332b9eeabe74b5,sell,0xc997d07b0bc607b6d1bcb6fb9d4a5579c466c3e5,0xba8194e1334b04cd3ac18aa2f0b813b9e7695259cc68a3c2c3984c207ccafac5
148,2592,1.0368,0xd999935b4c0930edf8b9c47d0e66476d42a3e175,2017-10-08T21:45:56.000Z,0.0004,0x8ce5c56c0bedfb5303b8746225605aa61f057200,sell,0xc997d07b0bc607b6d1bcb6fb9d4a5579c466c3e5,0xbdc5bb470a176c639c8bd10a872b674a55b5299435c9f2c8f23c6f8f61366b2a
149,350,0.14875,0xd8ff437a25b92cd42b3ed48871efade709dbebe8,2017-10-08T21:43:19.000Z,0.000425,0xd73c01bbcb5c67160ec2cbd75f38de6c323e154a,sell,0xc997d07b0bc607b6d1bcb6fb9d4a5579c466c3e5,0x71dd11c196d580216c4ecdeb4835384c29fee398e03081107b37d352f7099095
150,300,0.138,0xd8ff437a25b92cd42b3ed48871efade709dbebe8,2017-10-08T19:14:14.000Z,0.00046,0x0a5644befb3fd61a333b56847b17c1b2eb2258be,sell,0xc997d07b0bc607b6d1bcb6fb9d4a5579c466c3e5,0x80e5052e61201efacb85838c4c7f72d1321e87345dbd78a961ec40ec5f1d39b2
151,1,0.000519,0x0249924245a19aa2d7f5ddb0739a7132b7d094ab,2017-10-08T19:08:37.000Z,0.000519,0x0a5644befb3fd61a333b56847b17c1b2eb2258be,buy,0xc997d07b0bc607b6d1bcb6fb9d4a5579c466c3e5,0x88c12d645be9ca26568717c4886d55d763a94f452bf9795c55fc807f68d28395
152,1658,0.7461,0xd999935b4c0930edf8b9c47d0e66476d42a3e175,2017-10-08T17:57:34.000Z,0.00045,0x0a5644befb3fd61a333b56847b17c1b2eb2258be,sell,0xc997d07b0bc607b6d1bcb6fb9d4a5579c466c3e5,0x12278eee4d1274a03e48f1f6671f947d910e4e8418481d5d7a6af87a78f62c15
153,2000,1.08,0x8b7a5b22175614ee194e9e02e9fe0a1b5414c75e,2017-10-08T17:53:47.000Z,0.00054,0x0a5644befb3fd61a333b56847b17c1b2eb2258be,buy,0xc997d07b0bc607b6d1bcb6fb9d4a5579c466c3e5,0xff38d77791ab1fb0c57b41deab94000b12ed5a4129a24dbddd562f4ca20bcb9d
154,1347,0.60615,0xd999935b4c0930edf8b9c47d0e66476d42a3e175,2017-10-08T17:12:36.000Z,0.00045,0x8ce5c56c0bedfb5303b8746225605aa61f057200,sell,0xc997d07b0bc607b6d1bcb6fb9d4a5579c466c3e5,0xdcd13ab14e05f9b81398e502ccda839e838e4c3f460a448a91e3309c7b174855
155,16,0.008,0xd999935b4c0930edf8b9c47d0e66476d42a3e175,2017-10-08T17:04:30.000Z,0.0005,0x46c24e504d8d29a34e7daa3ab20e32f6e3d5eccb,sell,0xc997d07b0bc607b6d1bcb6fb9d4a5579c466c3e5,0x33de8b6b0bac8ccc1bc0e10da6997e117f83b3e6133a387fe66219982aabb46a
156,1995,0.89775,0xd999935b4c0930edf8b9c47d0e66476d42a3e175,2017-10-08T08:54:24.000Z,0.00045,0x8ce5c56c0bedfb5303b8746225605aa61f057200,sell,0xc997d07b0bc607b6d1bcb6fb9d4a5579c466c3e5,0x53c2b57b3e800cc86c8c32238e8cb6e1d0a8b1b66f7c59a49a2958fd56f82968
157,4984,2.492,0xd999935b4c0930edf8b9c47d0e66476d42a3e175,2017-10-08T08:45:10.000Z,0.0005,0x8ce5c56c0bedfb5303b8746225605aa61f057200,sell,0xc997d07b0bc607b6d1bcb6fb9d4a5579c466c3e5,0xebf37c33c2cd507cfda0a0a4458e4913d9c38ee8a5c2aa4517e39c93ae12f0ce
158,424,0.20352,0xd999935b4c0930edf8b9c47d0e66476d42a3e175,2017-10-08T06:16:44.000Z,0.00048,0x0a5644befb3fd61a333b56847b17c1b2eb2258be,buy,0xc997d07b0bc607b6d1bcb6fb9d4a5579c466c3e5,0x8d521b74660fa675f47f33c4b1cd16eb2f7d03502162c5af6a39c132672240d0
159,500,0.2425,0xd999935b4c0930edf8b9c47d0e66476d42a3e175,2017-10-08T06:16:44.000Z,0.000485,0xd8ff437a25b92cd42b3ed48871efade709dbebe8,buy,0xc997d07b0bc607b6d1bcb6fb9d4a5579c466c3e5,0x00a51acaffc4b41090e2f903cc3c3f23b29b798295b04875d8717ac082b54f2e
160,2803,1.26135,0xd999935b4c0930edf8b9c47d0e66476d42a3e175,2017-10-08T06:11:28.000Z,0.00045,0x8ce5c56c0bedfb5303b8746225605aa61f057200,buy,0xc997d07b0bc607b6d1bcb6fb9d4a5579c466c3e5,0xd80976375727238cc399623674094d728b0498e30a5e4ab174c2ff1a27f504dc
161,2083,0.99984,0xd999935b4c0930edf8b9c47d0e66476d42a3e175,2017-10-08T05:22:33.000Z,0.00048,0x55e0fc46f8e5c31ad0bebcc74120d96cc3a9d049,buy,0xc997d07b0bc607b6d1bcb6fb9d4a5579c466c3e5,0x89d82577382ca41b25beada7cb7448e16c5650c37f866b40e3bb9908c368923f
162,13258,3.9774,0xd999935b4c0930edf8b9c47d0e66476d42a3e175,2017-10-08T05:09:51.000Z,0.0003,0x8ce5c56c0bedfb5303b8746225605aa61f057200,sell,0xc997d07b0bc607b6d1bcb6fb9d4a5579c466c3e5,0xa8bdbe6cf6d49301fde5e83c2cc145ab583d4350a40ad76ca3fab046fdda3510
163,4998,1.69932,0xd999935b4c0930edf8b9c47d0e66476d42a3e175,2017-10-08T05:07:20.000Z,0.00034,0x55e0fc46f8e5c31ad0bebcc74120d96cc3a9d049,sell,0xc997d07b0bc607b6d1bcb6fb9d4a5579c466c3e5,0x71e2d37db7eb7e343a9720080dd5e4b03714672c3da07dd0a861b0638e6a4bab
164,100,0.035,0x8b7a5b22175614ee194e9e02e9fe0a1b5414c75e,2017-10-08T04:10:05.000Z,0.00035,0xd999935b4c0930edf8b9c47d0e66476d42a3e175,buy,0xc997d07b0bc607b6d1bcb6fb9d4a5579c466c3e5,0xd0f88b514e06c671e27fb434d14692364ca78da4f36884f9343cf2cd86dea9eb
165,498,0.17450688128246183,0xcea58d938f3532df8378f3699c327a9f7f485bd3,2017-10-08T04:02:37.000Z,0.00035041542426197155,0xd999935b4c0930edf8b9c47d0e66476d42a3e175,buy,0xc997d07b0bc607b6d1bcb6fb9d4a5579c466c3e5,0x786260d4e8ebad223d82cd006b6c3e074c1f86df73bb49c432f5d4e71bd27c4a
166,4600,2.254,0xd999935b4c0930edf8b9c47d0e66476d42a3e175,2017-10-08T04:02:37.000Z,0.00049,0x8ce5c56c0bedfb5303b8746225605aa61f057200,buy,0xc997d07b0bc607b6d1bcb6fb9d4a5579c466c3e5,0xf68b0dd4ee6c385c13eeb348799d4d37effb4450441b59f69c09811d3189425f
167,2,0.00068,0xd999935b4c0930edf8b9c47d0e66476d42a3e175,2017-10-08T03:39:40.000Z,0.00034,0xc13d48a6c86a994f85038e96a7fea0aeb27d6f4d,sell,0xc997d07b0bc607b6d1bcb6fb9d4a5579c466c3e5,0xad39752c90e573a92740bc9ca56ee2b7647ac9dafbec68009103e302ae61868b
168,10666,3.1998,0xd999935b4c0930edf8b9c47d0e66476d42a3e175,2017-10-08T03:38:47.000Z,0.0003,0xc13d48a6c86a994f85038e96a7fea0aeb27d6f4d,sell,0xc997d07b0bc607b6d1bcb6fb9d4a5579c466c3e5,0x3bace69ad259b0f54a20f23b78a343954fff9a950202564d454cd809e6c899dc
169,996,0.47852614437462987,0xcea58d938f3532df8378f3699c327a9f7f485bd3,2017-10-08T00:49:37.000Z,0.0004804479361191063,0x0a5644befb3fd61a333b56847b17c1b2eb2258be,buy,0xc997d07b0bc607b6d1bcb6fb9d4a5579c466c3e5,0x72e3a4ff5a8a22647707f1731ea0ed90b6ed3326384d70f63a955016da9613b0
170,400,0.2,0x46c24e504d8d29a34e7daa3ab20e32f6e3d5eccb,2017-10-07T19:08:07.000Z,0.0005,0xd999935b4c0930edf8b9c47d0e66476d42a3e175,buy,0xc997d07b0bc607b6d1bcb6fb9d4a5579c466c3e5,0x026da3d33af62a01bbe2d203cb5d23faa79ae4e857456522e09b1804aa7c13bf
171,191,0.09575422191207257,0xcea58d938f3532df8378f3699c327a9f7f485bd3,2017-10-07T15:29:51.000Z,0.000501331004775249,0xd999935b4c0930edf8b9c47d0e66476d42a3e175,buy,0xc997d07b0bc607b6d1bcb6fb9d4a5579c466c3e5,0x2f1c7fa6b937499bd216fcec6004075c4ee627334465b0e949e5f70e11790a0d
172,150,0.0997317,0xd999935b4c0930edf8b9c47d0e66476d42a3e175,2017-10-07T10:55:46.000Z,0.000664878,0xd8ff437a25b92cd42b3ed48871efade709dbebe8,buy,0xc997d07b0bc607b6d1bcb6fb9d4a5579c466c3e5,0xec30b9b2025b44b60eaea1a96aa846b005f54f5e5ecb09e7da5efc72dd523295
173,100,0.031536,0xd999935b4c0930edf8b9c47d0e66476d42a3e175,2017-10-07T10:55:46.000Z,0.00031536,0xd8ff437a25b92cd42b3ed48871efade709dbebe8,buy,0xc997d07b0bc607b6d1bcb6fb9d4a5579c466c3e5,0xdb9b393a61d08515cb308f4f405d9ec3e29e3984bad9602e7886b3cdfdf03ec3
174,1000,0.285,0xd999935b4c0930edf8b9c47d0e66476d42a3e175,2017-10-07T10:55:40.000Z,0.000285,0x505e0182eedfde30b3ba301572455320e02a9198,buy,0xc997d07b0bc607b6d1bcb6fb9d4a5579c466c3e5,0xe36603ee8ab3ea12f58bf620e7b19cdcd03f7ce3d2f2e68d037b2620d644fac6
175,1000,0.27,0xd999935b4c0930edf8b9c47d0e66476d42a3e175,2017-10-07T10:55:05.000Z,0.00027,0x505e0182eedfde30b3ba301572455320e02a9198,buy,0xc997d07b0bc607b6d1bcb6fb9d4a5579c466c3e5,0x1f6917989b29ede8d6314d3aae937de8bbafd8ad7fada93de359cee74955fb27
176,200,0.05398,0xcea58d938f3532df8378f3699c327a9f7f485bd3,2017-10-06T20:03:34.000Z,0.0002699,0x009a12d4290630bc01fd82516ac57c1dc6a9bcfb,buy,0xc997d07b0bc607b6d1bcb6fb9d4a5579c466c3e5,0x84fbd2d8ce3734d572f97b364bcdb3c3aaa6d7d22b34a993b15e98977da1c5f8
177,1000,0.269,0xcea58d938f3532df8378f3699c327a9f7f485bd3,2017-10-06T02:57:48.000Z,0.000269,0x0a5644befb3fd61a333b56847b17c1b2eb2258be,buy,0xc997d07b0bc607b6d1bcb6fb9d4a5579c466c3e5,0xc1e6b4993a6160c46aadf77849522f87d2c84a793bd6345af7a18bca92bcf619
178,1,0.0005,0x3bfdec5343e950ce45522eef9948c977631b4000,2017-10-03T18:59:29.000Z,0.0005,0x00961745dde1319864c16807af58e1df1e42fd58,buy,0xc997d07b0bc607b6d1bcb6fb9d4a5579c466c3e5,0x9813400dcad70b3ee3dd7cf1a3725ad84357a2c4d7f5b6e9f5fa05c03b2b6f97
179,1,0.0005,0x350f6f675b20d606bb7f6c412ef4775c9bc57168,2017-10-03T18:56:26.000Z,0.0005,0x00961745dde1319864c16807af58e1df1e42fd58,buy,0xc997d07b0bc607b6d1bcb6fb9d4a5579c466c3e5,0xe217d8667dddc35d67d7f254a6d1b373c90fd12c6e0d7e408aa362ef6dc5db43
180,48,0.01699985,0x2ccabb21023a7f1f63787b5b91979429951a076e,2017-10-03T11:39:53.000Z,0.00035416354166666666,0x00961745dde1319864c16807af58e1df1e42fd58,buy,0xc997d07b0bc607b6d1bcb6fb9d4a5579c466c3e5,0x769b2501da758fdf19e20fb4975c547632d43d3688d151b31592d0a1ebec4ec7
181,250,0.0825,0x2ccabb21023a7f1f63787b5b91979429951a076e,2017-10-03T11:29:14.000Z,0.00033,0xf98f087bc0dfd41686d8e7b428b8c660f73f9c21,buy,0xc997d07b0bc607b6d1bcb6fb9d4a5579c466c3e5,0x5afc789ab74df430fb0865a1c176cfd18ea1da01220971258d71a85414416863
182,900,0.315,0xbd419ddc0266a9323439f3109b62ac34764c96db,2017-10-01T14:37:29.000Z,0.00035,0x00961745dde1319864c16807af58e1df1e42fd58,buy,0xc997d07b0bc607b6d1bcb6fb9d4a5579c466c3e5,0x7d5828f1951e56e08bc485aea9b85ac4b03a11b80527fb28206edc6a1c615f23
183,350,0.1155,0xbd419ddc0266a9323439f3109b62ac34764c96db,2017-10-01T14:26:10.000Z,0.00033,0x00961745dde1319864c16807af58e1df1e42fd58,buy,0xc997d07b0bc607b6d1bcb6fb9d4a5579c466c3e5,0xcc773256805fed2cb8b8b84765114e9ed7059ebfae62be03ea697011838a7e16
184,100,0.035,0x422d4d1f8a9373dc8b75f3e1aeab786083f38a51,2017-09-28T18:44:57.000Z,0.00035,0x00961745dde1319864c16807af58e1df1e42fd58,buy,0xc997d07b0bc607b6d1bcb6fb9d4a5579c466c3e5,0xc5b4f70104d48565355aa3b4f0fc51d0ff6ab6c7648697c08f122482b26d61db
185,999,0.2997,0xd73c01bbcb5c67160ec2cbd75f38de6c323e154a,2017-09-28T07:53:56.000Z,0.0003,0x00961745dde1319864c16807af58e1df1e42fd58,buy,0xc997d07b0bc607b6d1bcb6fb9d4a5579c466c3e5,0xd71a0a9ced896076b119e577858602995722f236b4c48134bb5ff8846e9aba6e
186,1,0.0003,0xa0be78d2bac6a692adba423c7af50ec86a18bddf,2017-09-28T05:55:53.000Z,0.0003,0x00961745dde1319864c16807af58e1df1e42fd58,buy,0xc997d07b0bc607b6d1bcb6fb9d4a5579c466c3e5,0x14d176408da69a2594dfca38b2743fd0c2fcc643e9c691a3b2ac0fa88f00c3c2
187,3,0.0009,0x0024a5046fd95c5eee6db19a69ef7ed3bacd50f1,2017-09-11T19:50:09.000Z,0.0003,0x00961745dde1319864c16807af58e1df1e42fd58,buy,0xc997d07b0bc607b6d1bcb6fb9d4a5579c466c3e5,0x271927f4a98d136ba1fcd0693a7eb198a01769ee0ee68b04bb1d22d958c9cb6e
