,amount,amountBase,buyer,date,price,seller,side,tokenAddr,txHash
0,2,0.0005,0x3075f7f189912f4f425dd7021b9c396434197477,2017-11-02T13:37:55.000Z,0.00025,0xe56be81797e2616b7d4c57c892dbecda35045fa1,buy,0x8effd494eb698cc399af6231fccd39e08fd20b15,0x1c065c65072cfeca7592e4b9cb3d2022217a969e5b907ae128998a3252dd90b8
1,5600,1.0024,0xc105951a31bbf0ea125d757a912da0c8ed9c404c,2017-11-02T12:44:08.000Z,0.000179,0x8d510817dbcd4a89bc18472036fe3f7bcc02583c,buy,0x8effd494eb698cc399af6231fccd39e08fd20b15,0x57f17869292c230fe04d1640098d766db693293ae42252cb57163bce378db866
2,7800,1.3963353603828133,0x423cfb62c6ec7165c98964e2ab3865234f774756,2017-11-02T12:33:11.000Z,0.00017901735389523247,0x8d510817dbcd4a89bc18472036fe3f7bcc02583c,buy,0x8effd494eb698cc399af6231fccd39e08fd20b15,0x998e686c95f96aa56d231867047e51220ef9e6aa6fb667ccc9b49c6b00a79c56
3,12666,2.267214,0x63ecc6c4594171289a304fcb9e3829cc35eb6b9c,2017-11-02T12:32:31.000Z,0.000179,0x988bba55aa4fd987a8ec5b7d446f2c2be1fc79d8,sell,0x8effd494eb698cc399af6231fccd39e08fd20b15,0x3d010076a45556534bd26782db0faae4c34b235ea83fbe2d9a158a3b597d59fe
4,14000,2.52,0x63ecc6c4594171289a304fcb9e3829cc35eb6b9c,2017-11-02T12:32:31.000Z,0.00018,0x988bba55aa4fd987a8ec5b7d446f2c2be1fc79d8,sell,0x8effd494eb698cc399af6231fccd39e08fd20b15,0x701a9888c78b3894a9a6b020c195e657ef26a7b1fc39ccb2987609d84c4beb09
5,1,0.0001878,0x59412e662ebaf2756931ef6e5fdb64b790652ada,2017-11-02T10:54:23.000Z,0.0001878,0xe56be81797e2616b7d4c57c892dbecda35045fa1,buy,0x8effd494eb698cc399af6231fccd39e08fd20b15,0x4d7a5e57f15224ccb9675dae7330b97c5d55a8fc571d468fdd1e49f330694195
6,1,0.00018,0x94b0bf6dd676f7b4884557735945b927535fd822,2017-11-02T10:36:06.000Z,0.00018,0xe56be81797e2616b7d4c57c892dbecda35045fa1,buy,0x8effd494eb698cc399af6231fccd39e08fd20b15,0x81c66b77bdc444af4214076bf4fdafd35d326fe0463c9074dfb6c3dbea0835a0
7,1,0.00018,0x94b0bf6dd676f7b4884557735945b927535fd822,2017-11-02T10:35:55.000Z,0.00018,0xe56be81797e2616b7d4c57c892dbecda35045fa1,buy,0x8effd494eb698cc399af6231fccd39e08fd20b15,0x81c66b77bdc444af4214076bf4fdafd35d326fe0463c9074dfb6c3dbea0835a0
8,4185,0.6783885,0x07ff3463620606e7483f074c44fc25c32383bc79,2017-11-02T09:42:13.000Z,0.0001621,0x8bc94b3efc9ddce3531de26883ba525fa71a45fb,sell,0x8effd494eb698cc399af6231fccd39e08fd20b15,0x3c231206352d9fcbb0af4d950daa86a1a730f973dfc355257e835fbebc351023
9,2,0.00036,0x59412e662ebaf2756931ef6e5fdb64b790652ada,2017-11-02T09:21:34.000Z,0.00018,0x59412e662ebaf2756931ef6e5fdb64b790652ada,buy,0x8effd494eb698cc399af6231fccd39e08fd20b15,0xaf47f8029c26f4bc127b8661ff2009ca0127e3e1c9d2ded284c2f255da72ea18
10,5815,0.9426115,0x07ff3463620606e7483f074c44fc25c32383bc79,2017-11-02T09:20:07.000Z,0.0001621,0x73df157755c88a9a838a17fb9798648ef19e3747,sell,0x8effd494eb698cc399af6231fccd39e08fd20b15,0x81194c2490604f6561c97e2e00382effd3767c9e009b45d5fffc77072c271199
11,1596,0.272118,0x9c232158b5e0f9a23bf9a399cd9197c7f131d13b,2017-11-02T06:04:17.000Z,0.0001705,0x44cb3e93757202164e03e43827fedeeb9bbb143c,sell,0x8effd494eb698cc399af6231fccd39e08fd20b15,0x800ccc1f73845c58e980ef0c7cf4e1ac9eec886ee97e1f44a683a8fc3789f382
12,1404,0.239382,0x9c232158b5e0f9a23bf9a399cd9197c7f131d13b,2017-11-02T05:16:39.000Z,0.0001705,0x89271afc62fc082b3b1490e5d97d64c2d6cbd5bd,sell,0x8effd494eb698cc399af6231fccd39e08fd20b15,0x72c18a10b512dcc57e3cbcdef39725e2f35e52d6a98afe34968bab2168d9d8f3
13,1050,0.17850105,0x36bd75f9afe05ebb4aace381929eec3f853b3697,2017-11-02T05:15:17.000Z,0.000170001,0x89271afc62fc082b3b1490e5d97d64c2d6cbd5bd,sell,0x8effd494eb698cc399af6231fccd39e08fd20b15,0x1d6eb60b21cdaef9a44e11f4ea895778334c5c08e6bf91cbd7701435712c0a35
14,3032,0.512408,0x5c7adbcf8910c20b178e262da0e4a5dc802d36fe,2017-11-02T05:15:17.000Z,0.000169,0x89271afc62fc082b3b1490e5d97d64c2d6cbd5bd,sell,0x8effd494eb698cc399af6231fccd39e08fd20b15,0x05fe0dcdc079952f0faa81d073a88e7d1331dcf00bd01ad483052026932b6466
15,5000,0.8475,0x9c232158b5e0f9a23bf9a399cd9197c7f131d13b,2017-11-02T05:15:17.000Z,0.0001695,0x89271afc62fc082b3b1490e5d97d64c2d6cbd5bd,sell,0x8effd494eb698cc399af6231fccd39e08fd20b15,0xc24d2376ea52b3593bc8cfa163d9f517c374a861c4d98b352a6e4e3ee4c185cb
16,2138,0.3643152,0x463eb031a0d470ef9205aff34ede09bb2392c273,2017-11-02T05:14:58.000Z,0.0001704,0x89271afc62fc082b3b1490e5d97d64c2d6cbd5bd,sell,0x8effd494eb698cc399af6231fccd39e08fd20b15,0xacd179ed43d7b3ae7f461e0f03da29507169fb2c1991df5b008797339b1ea80b
17,73,0.0124392,0x463eb031a0d470ef9205aff34ede09bb2392c273,2017-11-02T04:54:57.000Z,0.0001704,0x9127ccce78568a3b568ba94bfef417a772d2a924,sell,0x8effd494eb698cc399af6231fccd39e08fd20b15,0x4dde8085a5d92a16b511c4a7c214d112d3362cfcc882194a63e437a5003f243b
18,3611,0.6156755,0x6d30dfb392ae802411fb035a84e534c71387caf9,2017-11-02T02:33:21.000Z,0.0001705,0x44cb3e93757202164e03e43827fedeeb9bbb143c,sell,0x8effd494eb698cc399af6231fccd39e08fd20b15,0xed3062ad81a73b7c55706cde75fd8e1f8fd6f89788d7756a437f59445772a1ce
19,1389,0.2368245,0x6d30dfb392ae802411fb035a84e534c71387caf9,2017-11-02T02:19:30.000Z,0.0001705,0x08f88c9e27eb51fbb4fb258c6e105da1bf3086a1,sell,0x8effd494eb698cc399af6231fccd39e08fd20b15,0x13282d3758aaed3d7f6d22e28a699e2d48bf2cf101308bcadc7f7f40b8c2cbfb
20,3000,0.513,0x9c232158b5e0f9a23bf9a399cd9197c7f131d13b,2017-11-02T02:17:38.000Z,0.000171,0x08f88c9e27eb51fbb4fb258c6e105da1bf3086a1,sell,0x8effd494eb698cc399af6231fccd39e08fd20b15,0xe085e6de6ca4468969fac9763e31e1ea32716aa63d866136f61adfadeaef4faf
21,10,0.001878,0x8647e3841186a79a9d1b1629cd35a7e5ee10c15d,2017-11-02T02:17:01.000Z,0.0001878,0x08f88c9e27eb51fbb4fb258c6e105da1bf3086a1,sell,0x8effd494eb698cc399af6231fccd39e08fd20b15,0xd4e4c38d6190bb70cfcbe3c83c9d7193b4f1999e1ea2693ba18e626e535cce51
22,1000,0.175,0xe74531493162c7ac97c27e52442174db434b73e1,2017-11-02T02:17:01.000Z,0.000175,0x08f88c9e27eb51fbb4fb258c6e105da1bf3086a1,sell,0x8effd494eb698cc399af6231fccd39e08fd20b15,0xa0cf8d44780323c3dfd8059df971cf314dafa93906851d57426bb6907dd2c67d
23,8,0.0015024,0x4b7179ab47b48594f88700d79daf8fd18e273740,2017-11-02T02:17:01.000Z,0.0001878,0x08f88c9e27eb51fbb4fb258c6e105da1bf3086a1,sell,0x8effd494eb698cc399af6231fccd39e08fd20b15,0xb6a20095925a4cc50b0757b0187aaded45d6b9822db5af8c529cd8327bbf2563
24,10000,1.705,0x463eb031a0d470ef9205aff34ede09bb2392c273,2017-11-01T23:38:47.000Z,0.0001705,0x44cb3e93757202164e03e43827fedeeb9bbb143c,sell,0x8effd494eb698cc399af6231fccd39e08fd20b15,0xd342579f47d212c3b3442cec39094545c116e5bac96884422951bd8f5c09c2a5
25,6355,1.0835275,0x463eb031a0d470ef9205aff34ede09bb2392c273,2017-11-01T23:37:43.000Z,0.0001705,0x44cb3e93757202164e03e43827fedeeb9bbb143c,sell,0x8effd494eb698cc399af6231fccd39e08fd20b15,0x9d80c2ad047c5b01345835a162b2b7e3074d4765e24d65bf829932f9b08775f1
26,22817,3.8903007817,0x44cb3e93757202164e03e43827fedeeb9bbb143c,2017-11-01T20:18:52.000Z,0.0001705001,0x669f0ab96fd3beb68bc836bb874894bbb516331a,sell,0x8effd494eb698cc399af6231fccd39e08fd20b15,0xa86c007d4751808e4c0d02ad1f01cb4f5b78301f6e38d07953949ce2aeb3931d
27,44201,7.5362749201,0x44cb3e93757202164e03e43827fedeeb9bbb143c,2017-11-01T18:13:43.000Z,0.0001705001,0xda3d1fdf36d3ad975a6d9beeaf809b6c456e9e3f,sell,0x8effd494eb698cc399af6231fccd39e08fd20b15,0x3ca56ed2d391c48889451ddfa37812b944fcca600225e27403e16b94ac7fda97
28,5300,0.99534,0x4b7179ab47b48594f88700d79daf8fd18e273740,2017-11-01T17:18:03.000Z,0.0001878,0xe56be81797e2616b7d4c57c892dbecda35045fa1,buy,0x8effd494eb698cc399af6231fccd39e08fd20b15,0x8439c7198c837294d05c15dc752281ccfe781759ff2d75a74e15dbc720aa9602
29,1,0.0001705,0x463eb031a0d470ef9205aff34ede09bb2392c273,2017-11-01T16:14:57.000Z,0.0001705,0xc757885dfc5b77c4690103639c78ae600e9e6953,sell,0x8effd494eb698cc399af6231fccd39e08fd20b15,0x94ab0c4cb26309aee11ed65e67771286377f9e3c03a3fcfc475574542b5c2792
30,3644,0.621302,0x463eb031a0d470ef9205aff34ede09bb2392c273,2017-11-01T16:13:44.000Z,0.0001705,0xc757885dfc5b77c4690103639c78ae600e9e6953,sell,0x8effd494eb698cc399af6231fccd39e08fd20b15,0x6c519a6474fd5c4c3e394969fffeeb6e91aa5ddb156a409ab6913ea7f24f583f
31,4386,0.752199,0x4c6dd54d08d5e5db12d90baa03045e877095fa5a,2017-11-01T16:10:32.000Z,0.0001715,0xc757885dfc5b77c4690103639c78ae600e9e6953,sell,0x8effd494eb698cc399af6231fccd39e08fd20b15,0xa4ce1b7a3ea912d4d0dc7b2eb7453f389757d10f2b3f33213c949d440b8a0458
32,1600,0.30048,0x5aaa7cafeed1637a16d81485e8fa579a5f8837c0,2017-11-01T15:51:44.000Z,0.0001878,0xe56be81797e2616b7d4c57c892dbecda35045fa1,buy,0x8effd494eb698cc399af6231fccd39e08fd20b15,0x75471e7753b60dd2697a42eb1046603eb0a8c62020d59d5e9ee134f31a1579ed
33,43864,7.522676,0x4c6dd54d08d5e5db12d90baa03045e877095fa5a,2017-11-01T13:36:36.000Z,0.0001715,0x2921b9fc4b286d6fe9b1027ba9a45fb324376e3d,sell,0x8effd494eb698cc399af6231fccd39e08fd20b15,0x6461324a2999c06ee24f6fe7b226d2565b7133f5e5e1119e40361a80859fab6a
34,1843,0.3463652200573951,0x549d163be1135f593f5950d63f2d1d1676b895e5,2017-11-01T12:50:33.000Z,0.00018793555076364356,0xe56be81797e2616b7d4c57c892dbecda35045fa1,buy,0x8effd494eb698cc399af6231fccd39e08fd20b15,0x4b06e5ac2882e56aa50c2239a1f8a019b21b418fa66384bd037a43f6d53eb70a
35,23210,4.1778,0x463eb031a0d470ef9205aff34ede09bb2392c273,2017-11-01T11:29:08.000Z,0.00018,0xb2da7fdb67b02fa90fbbd85fb999d62c4d451b5d,buy,0x8effd494eb698cc399af6231fccd39e08fd20b15,0x8a479fd64fe38f1030c609ded79794435b14e40da1f4f0556f179299355ec99f
36,11204,2.016760977404893,0x463eb031a0d470ef9205aff34ede09bb2392c273,2017-11-01T11:29:08.000Z,0.00018000365739065448,0xe56be81797e2616b7d4c57c892dbecda35045fa1,buy,0x8effd494eb698cc399af6231fccd39e08fd20b15,0xc291b842f1fd40de9807361fd41f3eb60bb18ba9fde14ad8fc4978b60a4b3fe2
37,3377,0.6079082242785432,0x3af051066cbddc1c00b7442f61848a94b1044bdf,2017-11-01T09:46:02.000Z,0.00018001428021277558,0xe56be81797e2616b7d4c57c892dbecda35045fa1,buy,0x8effd494eb698cc399af6231fccd39e08fd20b15,0xdf24a3e57427c05754a3576c948c8d75d51f471f185cbdcf38d63ec1d6ce286c
38,5000,0.9,0x39d07a75bcc6cd90e4b928f9c26d4586617e49ab,2017-11-01T06:14:12.000Z,0.00018,0xe56be81797e2616b7d4c57c892dbecda35045fa1,buy,0x8effd494eb698cc399af6231fccd39e08fd20b15,0x4d8471657658496e19b638286a865963555f879372cd48c40dd33c16cb3f95a2
39,564,0.09588,0x549d163be1135f593f5950d63f2d1d1676b895e5,2017-11-01T06:00:56.000Z,0.00017,0x8dd35adc59370a1125d3b4e1faee6f2c756c1b50,sell,0x8effd494eb698cc399af6231fccd39e08fd20b15,0xd778d703bff26f28cafe5e6c96940d133666d2bead534475ced6d09bc7a55b39
40,1000,0.170041,0x549d163be1135f593f5950d63f2d1d1676b895e5,2017-11-01T05:53:52.000Z,0.000170041,0x8dd35adc59370a1125d3b4e1faee6f2c756c1b50,sell,0x8effd494eb698cc399af6231fccd39e08fd20b15,0x13c45f37ad388999ee08eb7f5ea14b05adb3b7f187ed30b4cc7a72216ea7a582
41,5000,0.85,0x549d163be1135f593f5950d63f2d1d1676b895e5,2017-11-01T05:52:16.000Z,0.00017,0x8dd35adc59370a1125d3b4e1faee6f2c756c1b50,sell,0x8effd494eb698cc399af6231fccd39e08fd20b15,0x98e091afbb24e721caeb244fbea8acfda949acb84b282eeffd9ac26c6bd5fd36
42,1000,0.17004,0x549d163be1135f593f5950d63f2d1d1676b895e5,2017-11-01T05:45:02.000Z,0.00017004,0x8dd35adc59370a1125d3b4e1faee6f2c756c1b50,sell,0x8effd494eb698cc399af6231fccd39e08fd20b15,0x51de509df05eb07e0179a6dc1b21468b04fef5ad467dff5e019c5d82a1857f95
43,2000,0.34006,0x549d163be1135f593f5950d63f2d1d1676b895e5,2017-11-01T05:36:18.000Z,0.00017003,0x8dd35adc59370a1125d3b4e1faee6f2c756c1b50,sell,0x8effd494eb698cc399af6231fccd39e08fd20b15,0xc535db00dd2ddba1e25d48b52b71e0be2bbbf55c13052c0f50b6af4efbee60a5
44,3000,0.51006,0x549d163be1135f593f5950d63f2d1d1676b895e5,2017-11-01T05:28:34.000Z,0.00017002,0x8dd35adc59370a1125d3b4e1faee6f2c756c1b50,sell,0x8effd494eb698cc399af6231fccd39e08fd20b15,0x0fb070c4373da8af9408de1610c34d0312aa9fce651208b51912e42f13490290
45,14700,2.499,0x907c8e4f2cd23d52d4c313d5bfcfa9cd49297d68,2017-11-01T05:27:01.000Z,0.00017,0x8dd35adc59370a1125d3b4e1faee6f2c756c1b50,sell,0x8effd494eb698cc399af6231fccd39e08fd20b15,0xe99e1f90edb0588f270b9d68bc972169c1a867271b83627c7f5280485cc06014
46,4000,0.68004,0x549d163be1135f593f5950d63f2d1d1676b895e5,2017-11-01T05:23:20.000Z,0.00017001,0x8dd35adc59370a1125d3b4e1faee6f2c756c1b50,sell,0x8effd494eb698cc399af6231fccd39e08fd20b15,0x1ffb3580646cff49e039cfc8b58a66119c585c2485bb0fcf710a7ae2b7ab087d
47,4000,0.68,0x8ff6839996b00f42a0be4ea75aa43bad89df7fef,2017-11-01T05:17:30.000Z,0.00017,0x8dd35adc59370a1125d3b4e1faee6f2c756c1b50,sell,0x8effd494eb698cc399af6231fccd39e08fd20b15,0xc9167881ce091862ec0fac5015e1a4c46ebe15bce9fe33d1d506e65495607200
48,100000,17,0x907c8e4f2cd23d52d4c313d5bfcfa9cd49297d68,2017-11-01T05:12:44.000Z,0.00017,0x8dd35adc59370a1125d3b4e1faee6f2c756c1b50,sell,0x8effd494eb698cc399af6231fccd39e08fd20b15,0xb957cb92d406ecb48680fcdc9aba5511e45b4c582067487487918fca849ac1ae
49,20458,3.47786,0x34eec67ff1ae5febe8b32f6aa73f581ef410f2dd,2017-11-01T04:23:16.000Z,0.00017,0xe56be81797e2616b7d4c57c892dbecda35045fa1,buy,0x8effd494eb698cc399af6231fccd39e08fd20b15,0x9068f0c020af1dae04ebaf78ab8503b6fc9525d3c129b6ee72f9c638640444fe
50,13664,2.3229248694372937,0x34eec67ff1ae5febe8b32f6aa73f581ef410f2dd,2017-11-01T04:22:11.000Z,0.00017000328377029375,0xe56be81797e2616b7d4c57c892dbecda35045fa1,buy,0x8effd494eb698cc399af6231fccd39e08fd20b15,0xeaef6a7c0a61a58a9648fcfb12ae171d99e54fcfeff1e54159bb00f6ddf00dba
51,3000,0.51,0x557458cf2d822645f47164d59c727fad98509450,2017-11-01T03:47:11.000Z,0.00017,0xe56be81797e2616b7d4c57c892dbecda35045fa1,buy,0x8effd494eb698cc399af6231fccd39e08fd20b15,0x35641a236fb1a957eb0d1b82a9f8b04c93a39172ed50788e6e6eb5a8f658417a
52,5596,0.9513717971119088,0x148d0a9062f83b533033c617646820015aa2ea02,2017-11-01T02:46:06.000Z,0.00017000925609576638,0xe56be81797e2616b7d4c57c892dbecda35045fa1,buy,0x8effd494eb698cc399af6231fccd39e08fd20b15,0xaa9c7263ba4484f0b0cec9b3fbd4d46442b45384aeb7589b0f9b0a0531be57cf
53,6298,1.070785130562706,0x415236b6d278cdc48f336d7536cb2d2aaf778fc4,2017-11-01T02:39:25.000Z,0.0001700198683014776,0xe56be81797e2616b7d4c57c892dbecda35045fa1,buy,0x8effd494eb698cc399af6231fccd39e08fd20b15,0x3b7537bb9f716df1f1617605cab9e3abdc0131b076b728f57675d44c1a25ae99
54,26,0.00456271558169674,0x148d0a9062f83b533033c617646820015aa2ea02,2017-11-01T02:37:47.000Z,0.00017548906083449,0xe56be81797e2616b7d4c57c892dbecda35045fa1,buy,0x8effd494eb698cc399af6231fccd39e08fd20b15,0x7902f6748b21f641f85de7e2530db56bc088bb047d49677fb10b5008df83606d
55,1300,0.221,0xa0940a664ef5d9d6e7c887353088d451154a239c,2017-11-01T01:04:44.000Z,0.00017,0xe56be81797e2616b7d4c57c892dbecda35045fa1,buy,0x8effd494eb698cc399af6231fccd39e08fd20b15,0x9114ee2e05df68e6ed68b5f2a2069a25bd2b1078a7ec08c8238dd34eb333c371
56,12000,2.04,0x89a11a930b4cc1bb17a646530a05a875a021dffb,2017-11-01T01:00:21.000Z,0.00017,0xe56be81797e2616b7d4c57c892dbecda35045fa1,buy,0x8effd494eb698cc399af6231fccd39e08fd20b15,0xbde9532c4cb6afde29a65df4ecec205ea21c0e828ec7470ae89649a11b79affd
57,2000,0.34,0x5817f6d89035159be81249f9166df7f95c677cd0,2017-10-31T23:48:22.000Z,0.00017,0xe56be81797e2616b7d4c57c892dbecda35045fa1,buy,0x8effd494eb698cc399af6231fccd39e08fd20b15,0xfdf5d127ce3e91754af46a78de1c92c8b7f9b502d2be886a63985145b8ccc9d6
58,5834,0.9919250323995613,0x73df157755c88a9a838a17fb9798648ef19e3747,2017-10-31T20:43:44.000Z,0.00017002485985594126,0xe56be81797e2616b7d4c57c892dbecda35045fa1,buy,0x8effd494eb698cc399af6231fccd39e08fd20b15,0x323c6f57b9b182d84b57b034e936127d10bba4ffdcd20b599ab3c56bca84a6c2
59,195,0.03315,0x64db2a0348007280efec66b1ef48714307c4b95e,2017-10-31T16:16:28.000Z,0.00017,0xe56be81797e2616b7d4c57c892dbecda35045fa1,buy,0x8effd494eb698cc399af6231fccd39e08fd20b15,0x444cdaed11c80a2a7e7621f340d3bf9cc87f9557510a30658ba610d3c3ff7e2c
60,15102,2.5675070481507327,0xcb1ab94d76842a8c63ba853fe87665454f4f49b1,2017-10-31T15:22:06.000Z,0.0001700110613263629,0xe56be81797e2616b7d4c57c892dbecda35045fa1,buy,0x8effd494eb698cc399af6231fccd39e08fd20b15,0x220ae65bfcd4afaf63d5cd1a0cf6d4c48d0aa30af3246f5f3e5b0ce9e711f247
61,14897,2.5324929518492674,0xb2da7fdb67b02fa90fbbd85fb999d62c4d451b5d,2017-10-31T14:44:04.000Z,0.00017000019815058517,0xe56be81797e2616b7d4c57c892dbecda35045fa1,buy,0x8effd494eb698cc399af6231fccd39e08fd20b15,0x1040c3ebab3221984fccc3dbc9893e71ad54f26fad3843720c5aa0d995a7aa5f
62,290,0.05229079831656384,0xc33a778821e934ae61199a4ef579907a07586624,2017-10-31T14:38:41.000Z,0.00018031309764332355,0xe56be81797e2616b7d4c57c892dbecda35045fa1,buy,0x8effd494eb698cc399af6231fccd39e08fd20b15,0x7984f8fef12e75db9fb7b6c5e2a27783cada1b1180a1c8913b0dc4d3834b66a6
63,14299,2.686820328599227,0xc33a778821e934ae61199a4ef579907a07586624,2017-10-31T14:31:36.000Z,0.0001879026735155764,0xe56be81797e2616b7d4c57c892dbecda35045fa1,buy,0x8effd494eb698cc399af6231fccd39e08fd20b15,0xb531a6bd92a6fb4eb19cb310c1e0c113f021d0f6e6d6a5e93eb5748df702b68c
64,7808,1.40544,0xb2da7fdb67b02fa90fbbd85fb999d62c4d451b5d,2017-10-31T14:11:36.000Z,0.00018,0xbedc97d23b91e86f13e2b42c6f86908777726936,buy,0x8effd494eb698cc399af6231fccd39e08fd20b15,0xedd43204f99cc0d99e1af21e57acee66d9d32a20b7de7f7820fc4008dec399b5
65,500,0.09395,0xb2da7fdb67b02fa90fbbd85fb999d62c4d451b5d,2017-10-31T14:01:07.000Z,0.0001879,0xe56be81797e2616b7d4c57c892dbecda35045fa1,buy,0x8effd494eb698cc399af6231fccd39e08fd20b15,0x7e1304284d71906bbb641181230910f96438d3f04c78c3bbe5a75ad05e334cb6
66,5,0.0009395,0xb2da7fdb67b02fa90fbbd85fb999d62c4d451b5d,2017-10-31T13:56:05.000Z,0.0001879,0xe56be81797e2616b7d4c57c892dbecda35045fa1,buy,0x8effd494eb698cc399af6231fccd39e08fd20b15,0xf579b21830d0da4a9257ce47669ba0a0ee44fdb575ebe9a89a941a8a23218283
67,5,0.0009395,0x0b773d7819259d78757b26dc4148812d35676d8f,2017-10-31T13:34:02.000Z,0.0001879,0xe56be81797e2616b7d4c57c892dbecda35045fa1,buy,0x8effd494eb698cc399af6231fccd39e08fd20b15,0x8dd56989d25d660121ff26337cf4665eaf7a332587877024fd5882508a82c40b
68,18019,3.3872933169757684,0x549d163be1135f593f5950d63f2d1d1676b895e5,2017-10-31T12:48:46.000Z,0.00018798453393505568,0xf60f3bbffa2a0660592b8f12441dee1b1bb0c061,buy,0x8effd494eb698cc399af6231fccd39e08fd20b15,0x591cb40ebfa67997f82e57295ea05bce6220ed09e0b984fbc3988821a48c690f
69,4800,0.8976,0x3af051066cbddc1c00b7442f61848a94b1044bdf,2017-10-31T12:18:23.000Z,0.000187,0x34b62809df67ca50355e34c62035f0f349e001c7,buy,0x8effd494eb698cc399af6231fccd39e08fd20b15,0x51f05c4dd1de99c92ba8eca2f93f6dfeb4cc50048a51fe0b0937344cd977cfb3
70,99,0.01683495,0xa7bf116c833979558ec2fcea4470f5bf022ca601,2017-10-31T11:52:01.000Z,0.00017005,0x8ebe29802c4537b66f2ff90861026792719fd6bb,sell,0x8effd494eb698cc399af6231fccd39e08fd20b15,0x3016f972d74062d0f3166b0234025789517e3ecb4d0d89f4fbbb9dca4bc7a671
71,4871,0.8236861,0x34b62809df67ca50355e34c62035f0f349e001c7,2017-10-31T05:26:08.000Z,0.0001691,0xee238163d3b595a294e40017320b56643fe99b49,sell,0x8effd494eb698cc399af6231fccd39e08fd20b15,0x55112852f3d71cf601d0ca194f4acc34515e7e499e6e3ee712b2810e856df65a
72,10000,1.695,0x9c232158b5e0f9a23bf9a399cd9197c7f131d13b,2017-10-31T05:23:25.000Z,0.0001695,0xee238163d3b595a294e40017320b56643fe99b49,sell,0x8effd494eb698cc399af6231fccd39e08fd20b15,0xedaf4d2ae0fa7069187042dda29efd407d70aa6025c909b3afb5aeb565dba586
73,10000,1.695,0x9c232158b5e0f9a23bf9a399cd9197c7f131d13b,2017-10-31T05:23:21.000Z,0.0001695,0xee238163d3b595a294e40017320b56643fe99b49,sell,0x8effd494eb698cc399af6231fccd39e08fd20b15,0xedaf4d2ae0fa7069187042dda29efd407d70aa6025c909b3afb5aeb565dba586
74,1500,0.255,0x0ce361dcb9a24b6211b7ef736731087221e12d8c,2017-10-31T05:20:29.000Z,0.00017,0xee238163d3b595a294e40017320b56643fe99b49,sell,0x8effd494eb698cc399af6231fccd39e08fd20b15,0xcfdcc5671479d910145367b498d018183415824005571dbefbcd407cbf175d57
75,590,0.1003059,0xd92ce5941305b7cf1e5cc5713b93db2b651a4fdf,2017-10-31T05:19:18.000Z,0.00017001,0xee238163d3b595a294e40017320b56643fe99b49,sell,0x8effd494eb698cc399af6231fccd39e08fd20b15,0x4109555bbba2c80a7c8b1611116e0b607d566ffd4f379f10c7b7b264f5aa8d78
76,1653,0.28101,0x0902b91de56308fa50d3d5263686fd9f78a003e3,2017-10-31T05:19:11.000Z,0.00017,0xee238163d3b595a294e40017320b56643fe99b49,sell,0x8effd494eb698cc399af6231fccd39e08fd20b15,0x997c956e4cff3e511764291ecab68e8dee1f3c5b806638319c685c2cb1159243
77,1007,0.17119,0x0902b91de56308fa50d3d5263686fd9f78a003e3,2017-10-31T04:25:08.000Z,0.00017,0xa81d30697eaf18bc2d0b6a87ec5aa22e0506be42,sell,0x8effd494eb698cc399af6231fccd39e08fd20b15,0x6c6ece7e6a3a849899705c10a5b2a17666d1c97abea883c4cf7333ff45428055
78,1902,0.323341902,0xf60f3bbffa2a0660592b8f12441dee1b1bb0c061,2017-10-31T04:24:18.000Z,0.000170001,0xa81d30697eaf18bc2d0b6a87ec5aa22e0506be42,sell,0x8effd494eb698cc399af6231fccd39e08fd20b15,0xa3649bf7f0d65280185d14983a6de088d70e0c21f65ce3159caee98ba0a36693
79,5878,0.999853678,0xc3df65a938ff0b4ac381997fa63aca19b64bf507,2017-10-31T04:22:41.000Z,0.000170101,0xa81d30697eaf18bc2d0b6a87ec5aa22e0506be42,sell,0x8effd494eb698cc399af6231fccd39e08fd20b15,0xdf1f34d71c53151792546aa3ef9a54786c0e8cd8f55e74a2abfbd9d13c290725
80,2938,0.49951876,0x6d9673ed55c8be45250fbba244ca9dd73f049c38,2017-10-31T04:22:41.000Z,0.00017002,0xa81d30697eaf18bc2d0b6a87ec5aa22e0506be42,sell,0x8effd494eb698cc399af6231fccd39e08fd20b15,0x86c045ac944ed0a3f81a07178d4102ccf017b391d0022bbc2b9fb88960a068b7
81,1259,0.2141559,0x0814fc3949ea83a26a4858f66f18432bbee7a0b1,2017-10-31T04:21:49.000Z,0.0001701,0xa81d30697eaf18bc2d0b6a87ec5aa22e0506be42,sell,0x8effd494eb698cc399af6231fccd39e08fd20b15,0x7fc58635ad20489a7264fd9603af6235840394304f6bfcf8972801e63591f67b
82,180,0.0324,0xb1dcb9a55aff53c7b91b6ac73a7e221f1bc13e82,2017-10-31T04:21:42.000Z,0.00018,0xa81d30697eaf18bc2d0b6a87ec5aa22e0506be42,sell,0x8effd494eb698cc399af6231fccd39e08fd20b15,0x4b66b2c197b95cb8d4d4fea41a82a0791548af9394072b4c89fb9029040945d4
83,180,0.0324,0xb1dcb9a55aff53c7b91b6ac73a7e221f1bc13e82,2017-10-31T04:21:00.000Z,0.00018,0xa81d30697eaf18bc2d0b6a87ec5aa22e0506be42,sell,0x8effd494eb698cc399af6231fccd39e08fd20b15,0xa85a1dd20d0e28a6b4b5e53ef826ad18651de96bbc12510e4903183486398668
84,2,0.0003402,0x0814fc3949ea83a26a4858f66f18432bbee7a0b1,2017-10-31T01:13:52.000Z,0.0001701,0x89271afc62fc082b3b1490e5d97d64c2d6cbd5bd,sell,0x8effd494eb698cc399af6231fccd39e08fd20b15,0xd219214f72bfc9f728623fcab567b3c37314a404f8f7029f6cdc79dc3c3ed0f5
85,19939,3.3916239,0x0814fc3949ea83a26a4858f66f18432bbee7a0b1,2017-10-31T01:08:30.000Z,0.0001701,0x89271afc62fc082b3b1490e5d97d64c2d6cbd5bd,sell,0x8effd494eb698cc399af6231fccd39e08fd20b15,0xdaca819a3938ec84cd7159c03a4826eb0e7e33146574b71bed12a6e99b855023
86,79,0.014956327064231535,0x4ea9c94c8b33ee7fa141c0d1fbc782b47ce22b13,2017-10-31T00:19:37.000Z,0.00018932059574976626,0xf60f3bbffa2a0660592b8f12441dee1b1bb0c061,buy,0x8effd494eb698cc399af6231fccd39e08fd20b15,0x068a5c57f8270b93db047560e4c82db884da3a19edcc9b340427af0b419bfa30
87,8000,1.3608,0x0814fc3949ea83a26a4858f66f18432bbee7a0b1,2017-10-31T00:14:47.000Z,0.0001701,0xbd5c6b5d6a47291df783ebbff0a41ed3a17027ac,sell,0x8effd494eb698cc399af6231fccd39e08fd20b15,0x44fa713c0cec1cf0dc00571e628ecfe220591df21c396159b2d2c2c6da11f623
88,3300,0.594,0xded0faffa28b383092fdf0200182836d75fe60ee,2017-10-31T00:13:21.000Z,0.00018,0xbd5c6b5d6a47291df783ebbff0a41ed3a17027ac,sell,0x8effd494eb698cc399af6231fccd39e08fd20b15,0xddb1faef23d2b80b2049f12698250d453eb391e74ae3e5181538b606fdf54c65
89,4127,0.709844,0x3849abe6e51232114e18d2ac76955bd14fd9c645,2017-10-30T21:03:44.000Z,0.000172,0x9e82b3a3133c9f444b526019dc17301be06af18d,sell,0x8effd494eb698cc399af6231fccd39e08fd20b15,0x0febd9927b577d699e78644227abab4fc921082b5ba30b54e231bcd7b4e60be6
90,1,0.000172,0x3849abe6e51232114e18d2ac76955bd14fd9c645,2017-10-30T19:18:28.000Z,0.000172,0x1e91f21b3631a61c1c75e2a20c8f4364bd772de6,sell,0x8effd494eb698cc399af6231fccd39e08fd20b15,0xe42ac9b4e872328a84afb8f40bc7fd000aa211ddceafeb68b4d16289e183a4f0
91,3872,0.665984,0x3849abe6e51232114e18d2ac76955bd14fd9c645,2017-10-30T19:15:28.000Z,0.000172,0x1e91f21b3631a61c1c75e2a20c8f4364bd772de6,sell,0x8effd494eb698cc399af6231fccd39e08fd20b15,0xe9bf19bed103d994079afdabac7b97bd95bbbf55545d0e6d6a2cabaf811a3f02
92,30,0.0056397,0x64db2a0348007280efec66b1ef48714307c4b95e,2017-10-30T12:55:18.000Z,0.00018799,0x83fdd0303706b855421036cd2b6332546728400e,buy,0x8effd494eb698cc399af6231fccd39e08fd20b15,0x1dbd3881226791c5381bd689e70740bc02d83c1db11bcbd444b7a6a3331b8a40
93,18098,3.076678098,0xf60f3bbffa2a0660592b8f12441dee1b1bb0c061,2017-10-30T12:50:10.000Z,0.000170001,0x3ed43d92695483851ad52cea5fa945e4c8a890fd,sell,0x8effd494eb698cc399af6231fccd39e08fd20b15,0xb68e437ee3c3c1d84b31c714412fe0bb86755b42cee7c3bae5d2215c61779e86
94,1740,0.2958,0x0902b91de56308fa50d3d5263686fd9f78a003e3,2017-10-30T09:17:21.000Z,0.00017,0x7dac687bb9833d0d984baf0ad8f6b9ebea86fc88,sell,0x8effd494eb698cc399af6231fccd39e08fd20b15,0xcd5f487a072686e181695dd2c979d72cd9e833921b374e8b75fa0cd083f9fbde
95,356,0.06730493256,0x549d163be1135f593f5950d63f2d1d1676b895e5,2017-10-30T07:11:21.000Z,0.0001890587993258427,0x0076c3d27f52ee938e37964c98d89e35b300afad,buy,0x8effd494eb698cc399af6231fccd39e08fd20b15,0xa8ce401b6e1578fc143ddb73b17131db74512ba32281419ce73a3581c282490d
96,2400,0.408,0x0902b91de56308fa50d3d5263686fd9f78a003e3,2017-10-30T06:47:30.000Z,0.00017,0x89271afc62fc082b3b1490e5d97d64c2d6cbd5bd,sell,0x8effd494eb698cc399af6231fccd39e08fd20b15,0xf49d4c7733ee3d854bf4120ad3d5ca12aff38c3ffacfb63bcfa2519223f75f56
97,760,0.13452532,0xde05e601f672aacd0a4ebfa311085f89a77b9e64,2017-10-30T06:46:47.000Z,0.000177007,0x89271afc62fc082b3b1490e5d97d64c2d6cbd5bd,sell,0x8effd494eb698cc399af6231fccd39e08fd20b15,0x9a5fa242256da98d3f36f323216d95916599c4555f847d45dfbdf9fb9b6d7c94
98,2000,0.34004,0xc6939e988f4481b549ea7059cfcc42aab1f45bdb,2017-10-30T06:46:43.000Z,0.00017002,0x89271afc62fc082b3b1490e5d97d64c2d6cbd5bd,sell,0x8effd494eb698cc399af6231fccd39e08fd20b15,0x0ad4b732e6e39fdfea2af4b3bc95b303ecab453ec0f5e7c8a10a46334c964c85
99,670,0.1139201,0xd92ce5941305b7cf1e5cc5713b93db2b651a4fdf,2017-10-30T06:46:43.000Z,0.00017003,0x89271afc62fc082b3b1490e5d97d64c2d6cbd5bd,sell,0x8effd494eb698cc399af6231fccd39e08fd20b15,0x182b4e20325b49e23f63cd15a06ae4ec7448c957ffee7a328756c5524ee78b37
100,15520,2.63841552,0x6d9673ed55c8be45250fbba244ca9dd73f049c38,2017-10-30T06:46:43.000Z,0.000170001,0x89271afc62fc082b3b1490e5d97d64c2d6cbd5bd,sell,0x8effd494eb698cc399af6231fccd39e08fd20b15,0xf543736e2e00d588bad90540a88cba5483601ffb82504846775743416bb0da89
101,5980,1.1295944147378085,0x549d163be1135f593f5950d63f2d1d1676b895e5,2017-10-30T04:54:29.000Z,0.00018889538707990108,0xee238163d3b595a294e40017320b56643fe99b49,buy,0x8effd494eb698cc399af6231fccd39e08fd20b15,0x30a115dfa328ea5e32fcea04814ad3ccf55b4de7d1ab9899cf9936772035b63b
102,5200,0.9828,0xf818e5d9f3973ca1963d3695262171afd27ae4a1,2017-10-30T02:56:06.000Z,0.000189,0xe56be81797e2616b7d4c57c892dbecda35045fa1,buy,0x8effd494eb698cc399af6231fccd39e08fd20b15,0xe815dda880fc015571fbcf0f73e7dee36c9c60010096696754e6007691d37265
103,0,0,0xde05e601f672aacd0a4ebfa311085f89a77b9e64,2017-10-30T02:51:44.000Z,NaN,0x379374d13077e8867ef31803c37baf9785a17c00,sell,0x8effd494eb698cc399af6231fccd39e08fd20b15,0x394942b5e8395cc27dc8554bad6e6f512d2a94e7df665946b2ef283750b8c32a
104,9940,1.87866,0xf818e5d9f3973ca1963d3695262171afd27ae4a1,2017-10-30T02:43:04.000Z,0.000189,0xe56be81797e2616b7d4c57c892dbecda35045fa1,buy,0x8effd494eb698cc399af6231fccd39e08fd20b15,0x17d2f4b9fca6601341a04d852056747e34f3b1febf1c738e7535056b6532b38e
105,23763,4.488480601136477,0x29462308d05576244ad8ef0d4552dca453afd3c6,2017-10-30T02:29:54.000Z,0.00018888526705956643,0x0076c3d27f52ee938e37964c98d89e35b300afad,buy,0x8effd494eb698cc399af6231fccd39e08fd20b15,0x53549b722c4b2e46850305303768d5adf887353091573fdb0bb75bdc98bc3bbe
106,29469,5.510703,0x29462308d05576244ad8ef0d4552dca453afd3c6,2017-10-30T01:32:04.000Z,0.000187,0xe56be81797e2616b7d4c57c892dbecda35045fa1,buy,0x8effd494eb698cc399af6231fccd39e08fd20b15,0xd84c300adb06f30814071391fb57fbc08c60191e3fe014fcb16792e8993a9503
107,1772,0.30124,0x34b62809df67ca50355e34c62035f0f349e001c7,2017-10-29T19:07:08.000Z,0.00017,0x2544f726b197f8cd986b484f16372f19a12e336b,buy,0x8effd494eb698cc399af6231fccd39e08fd20b15,0xe3c57c6abfd83fee97e9ffb2f8dbb2e20bae6e5d37eed2d8212c16218c378c41
108,1939,0.327691,0x5c7adbcf8910c20b178e262da0e4a5dc802d36fe,2017-10-29T16:33:22.000Z,0.000169,0xee300431c25447134633cc5d94b93555b92f7952,sell,0x8effd494eb698cc399af6231fccd39e08fd20b15,0xd67a350af85ae1a32139986ef3d4fe59ef4721deed3799ea3fa51b9ba40266fa
109,2000,0.3384,0x89be575727156aca2c35cb1703e8f4b1e0ffe9e8,2017-10-29T16:31:16.000Z,0.0001692,0xee300431c25447134633cc5d94b93555b92f7952,sell,0x8effd494eb698cc399af6231fccd39e08fd20b15,0x3a2f2e4222b6730c90671f22b4270b4c9ae9e2eb2e637332256e42324d838fb9
110,5000,0.8455,0x9c232158b5e0f9a23bf9a399cd9197c7f131d13b,2017-10-29T16:31:16.000Z,0.0001691,0xee300431c25447134633cc5d94b93555b92f7952,sell,0x8effd494eb698cc399af6231fccd39e08fd20b15,0x0ac8022c502822a042c511025c1450ac34b10f83cea438754a10204ff56b4c89
111,3000,0.51,0x89be575727156aca2c35cb1703e8f4b1e0ffe9e8,2017-10-29T16:31:01.000Z,0.00017,0xee300431c25447134633cc5d94b93555b92f7952,sell,0x8effd494eb698cc399af6231fccd39e08fd20b15,0x0ee88bf64c48cda719242f1b6ceba36919ddaa1aa00425d75f9dd5fd935a82d9
112,5000,0.8525,0x9c232158b5e0f9a23bf9a399cd9197c7f131d13b,2017-10-29T16:29:01.000Z,0.0001705,0xee300431c25447134633cc5d94b93555b92f7952,sell,0x8effd494eb698cc399af6231fccd39e08fd20b15,0x8876e882a96b17dfc46dc005b420d75bcec0f4ade8ca3b940c439ee102a36456
113,1,0.000169,0x5c7adbcf8910c20b178e262da0e4a5dc802d36fe,2017-10-29T15:48:01.000Z,0.000169,0xd55c4f287e5860f8cf2d881ea83e04bf2eab4f51,sell,0x8effd494eb698cc399af6231fccd39e08fd20b15,0x781bfa181eb510307317671e011cf66a45c765e032a430d6e31d7b27af5306de
114,3921,0.662649,0x5c7adbcf8910c20b178e262da0e4a5dc802d36fe,2017-10-29T15:46:19.000Z,0.000169,0xd55c4f287e5860f8cf2d881ea83e04bf2eab4f51,sell,0x8effd494eb698cc399af6231fccd39e08fd20b15,0x10d4964b3c6f89e6287b816a2de4d516caf49c11f8387ac1a9cd3a27ac4e1674
115,5207,0.88519,0xea7302e16118f0a1e91d8e9e03f9b98c0d4fb06a,2017-10-29T15:44:51.000Z,0.00017,0xd55c4f287e5860f8cf2d881ea83e04bf2eab4f51,sell,0x8effd494eb698cc399af6231fccd39e08fd20b15,0xe6059abae476db46cbdfe21a244797b3eac9d1fe9ff91dad7204dc28e1ba38b4
116,5880,0.99960588,0x3a73def5c97d90f86ebf559b543782ff74c959a5,2017-10-29T15:42:45.000Z,0.000170001,0xd55c4f287e5860f8cf2d881ea83e04bf2eab4f51,sell,0x8effd494eb698cc399af6231fccd39e08fd20b15,0xec9b2073a9f9039856cd64f7f0613c2c3a7dcd71192ab3efb211accb1a572508
117,3000,0.513,0x2005b3ff935025468a282362be3d391a9675d292,2017-10-29T15:41:55.000Z,0.000171,0xd55c4f287e5860f8cf2d881ea83e04bf2eab4f51,sell,0x8effd494eb698cc399af6231fccd39e08fd20b15,0xa160f5fcfbb9b1d85706e2f7a29caaeb413a926025466d7597d63819caadd263
118,5000,0.8555,0x9c232158b5e0f9a23bf9a399cd9197c7f131d13b,2017-10-29T15:41:18.000Z,0.0001711,0xd55c4f287e5860f8cf2d881ea83e04bf2eab4f51,sell,0x8effd494eb698cc399af6231fccd39e08fd20b15,0x5fe6fec04f84d79478c4009cd38356fd9bb9ce4e7d6e562e075259f2928fe0c9
119,5577,0.95428047,0x2505fc886f39398732f144154b678ee1905024c1,2017-10-29T15:40:51.000Z,0.00017111,0xd55c4f287e5860f8cf2d881ea83e04bf2eab4f51,sell,0x8effd494eb698cc399af6231fccd39e08fd20b15,0xbb79ff2ec905f3ec94b7fc9be12078f789296a2480ad08b81b65534fc7108ae7
120,1000,0.1712,0x0cb88a60f558c10dd233652b931587d189183c77,2017-10-29T15:40:51.000Z,0.0001712,0xd55c4f287e5860f8cf2d881ea83e04bf2eab4f51,sell,0x8effd494eb698cc399af6231fccd39e08fd20b15,0x326f388ff0beaafce1ea1ea9d5103bebc3ab7718cfff4484cfdfebeb346e5863
121,20000,3.426,0x27a5be7e0022c7068be35acdde5df3e5df5fd16d,2017-10-29T15:35:38.000Z,0.0001713,0xd55c4f287e5860f8cf2d881ea83e04bf2eab4f51,sell,0x8effd494eb698cc399af6231fccd39e08fd20b15,0x4b077ff944dc1a4549d4185b1fb08a53a708394fdbcd01ffdc9650418268c144
122,531,0.099297,0x256fd7b351ee9b86ae9f4afd6926cc4b6fd1be26,2017-10-29T15:32:01.000Z,0.000187,0xe56be81797e2616b7d4c57c892dbecda35045fa1,buy,0x8effd494eb698cc399af6231fccd39e08fd20b15,0x0fdc50ff320ca125bb5eb19bea5fc14709d21f8d3e665c76843c3e86645c4129
123,30000,5.1,0x27a5be7e0022c7068be35acdde5df3e5df5fd16d,2017-10-29T15:29:38.000Z,0.00017,0xe56be81797e2616b7d4c57c892dbecda35045fa1,buy,0x8effd494eb698cc399af6231fccd39e08fd20b15,0xc83380e95b94093973ca93cc25ec86b349f58e220dc556fdf11a03ec5e1cfad0
124,423,0.07237953,0x2505fc886f39398732f144154b678ee1905024c1,2017-10-29T15:07:48.000Z,0.00017111,0xf42211cd13cc0f615b87333f87488a4ada5f01e0,sell,0x8effd494eb698cc399af6231fccd39e08fd20b15,0xfa6e775c1e9763e4883c45b3062d75f4d86b09294a8e555e4979905f41b72478
125,5000,0.8525,0x9c232158b5e0f9a23bf9a399cd9197c7f131d13b,2017-10-29T13:19:14.000Z,0.0001705,0x89271afc62fc082b3b1490e5d97d64c2d6cbd5bd,sell,0x8effd494eb698cc399af6231fccd39e08fd20b15,0x51464fb8cf51588215e1143f5c3f24e8d43a6184b1bb6fd235ba5e872826d6c4
126,7000,1.197,0x2005b3ff935025468a282362be3d391a9675d292,2017-10-29T13:17:55.000Z,0.000171,0x89271afc62fc082b3b1490e5d97d64c2d6cbd5bd,sell,0x8effd494eb698cc399af6231fccd39e08fd20b15,0xad59efbb17843819870d60703f590ea5ddf7f32953ab960ae315d52ea5cca9f3
127,4545,0.78174,0x2005b3ff935025468a282362be3d391a9675d292,2017-10-29T13:14:24.000Z,0.000172,0x89271afc62fc082b3b1490e5d97d64c2d6cbd5bd,sell,0x8effd494eb698cc399af6231fccd39e08fd20b15,0xf55b4f66ff9d25de70374a39bb2743cb29c41758c4376fd631ce5b2c7fd9de14
128,9455,1.62626,0x2005b3ff935025468a282362be3d391a9675d292,2017-10-29T13:13:26.000Z,0.000172,0xdf936e92f73b6e6334b417e87a87350d4a4b7a8c,sell,0x8effd494eb698cc399af6231fccd39e08fd20b15,0x3dbf92eb7c8e4f552514e4d783258f102ee3c50b061758c9c6ae42244e38f5d9
129,1250,0.23375,0x8ca69df0c06870d4d2e6722d8c2313b90204574e,2017-10-29T13:12:38.000Z,0.000187,0xdf936e92f73b6e6334b417e87a87350d4a4b7a8c,sell,0x8effd494eb698cc399af6231fccd39e08fd20b15,0x34ac8598df0287458852127bfc5b6cb0d053040509aa136f292e3dab6ac409c5
130,12656,2.366672,0x4de64557bdce3f85791020c2aad9eac0bf1a862c,2017-10-29T13:10:35.000Z,0.000187,0x89271afc62fc082b3b1490e5d97d64c2d6cbd5bd,sell,0x8effd494eb698cc399af6231fccd39e08fd20b15,0x446efc4fe1b67b9b08e2aa8cd482499bb6634ba02cfd843c362e96a81b66a969
131,19300,3.6091,0x549d163be1135f593f5950d63f2d1d1676b895e5,2017-10-29T12:59:28.000Z,0.000187,0xe56be81797e2616b7d4c57c892dbecda35045fa1,buy,0x8effd494eb698cc399af6231fccd39e08fd20b15,0x075ab84e699e85b5caf68c57b25e9777b816341ba932163ac24e7d50dc93bc8a
132,10700,2.0009,0x1c566c0e2306b486673d1bda54c79617d65f6602,2017-10-29T12:43:47.000Z,0.000187,0xe56be81797e2616b7d4c57c892dbecda35045fa1,buy,0x8effd494eb698cc399af6231fccd39e08fd20b15,0xf01c4aace53bc59231da113cbe04d6b901571df166ac60a71f742abc93ee86bc
133,2510,0.46937,0x29462308d05576244ad8ef0d4552dca453afd3c6,2017-10-29T12:37:55.000Z,0.000187,0x54409c45877a9877a724bdfc941dd5a16ac0f0c8,sell,0x8effd494eb698cc399af6231fccd39e08fd20b15,0x54d39298200ffeeba733ffdc6db301f8f0c3a03ba8fd908fbca7be1ac9c08612
134,24222,4.529536153752,0x8ca69df0c06870d4d2e6722d8c2313b90204574e,2017-10-29T12:09:51.000Z,0.00018700091461283132,0xf60f3bbffa2a0660592b8f12441dee1b1bb0c061,buy,0x8effd494eb698cc399af6231fccd39e08fd20b15,0xeb752605f5a45ad6440e051de55cdcacc55238f70db53beab9b8527b4f3f76fe
135,4232,0.757523768,0x2005b3ff935025468a282362be3d391a9675d292,2017-10-29T11:44:44.000Z,0.000178999,0x54409c45877a9877a724bdfc941dd5a16ac0f0c8,buy,0x8effd494eb698cc399af6231fccd39e08fd20b15,0xcc3a6f84b40e2ced683d311b31966c612460f33bde7869e8244c770281a10744
136,9000,1.682991,0x9778550d76b07ac9f5e57392f68ecdf6efc1774e,2017-10-29T11:31:53.000Z,0.000186999,0xf60f3bbffa2a0660592b8f12441dee1b1bb0c061,buy,0x8effd494eb698cc399af6231fccd39e08fd20b15,0xcedcb0769d158296755afd4717357953cdceb3612b0c2bb1ed0fb83bcd2db9ef
137,2132,0.39882247675248916,0x3a09d02eae540e87c0ce20b3d04e7850bd54e48e,2017-10-29T11:27:05.000Z,0.00018706495157246207,0xf60f3bbffa2a0660592b8f12441dee1b1bb0c061,buy,0x8effd494eb698cc399af6231fccd39e08fd20b15,0x14921692eafce0efdcbffd088eb73d60b7314e79da4aca903c9c7aeddcc9e578
138,593,0.10081,0xea7302e16118f0a1e91d8e9e03f9b98c0d4fb06a,2017-10-29T10:49:54.000Z,0.00017,0xc9b2378bbc6b1f48e0f58c76f2d994c60648c333,sell,0x8effd494eb698cc399af6231fccd39e08fd20b15,0x1222ed7ee34e38bd78b9979cb08e93e6602f0c362fa7eaea7bad69d726a92a85
139,9000,1.683,0x549d163be1135f593f5950d63f2d1d1676b895e5,2017-10-29T09:04:14.000Z,0.000187,0x89271afc62fc082b3b1490e5d97d64c2d6cbd5bd,buy,0x8effd494eb698cc399af6231fccd39e08fd20b15,0xee1b4f475701fa7207ba79ac04525566f9e6038b5fedb220928a4c7bf06b6f75
140,300,0.051,0x9efc61de6fd7f292b2c31ed02cbecdf62ec8e36c,2017-10-29T06:25:32.000Z,0.00017,0x89271afc62fc082b3b1490e5d97d64c2d6cbd5bd,sell,0x8effd494eb698cc399af6231fccd39e08fd20b15,0xd32b37e8a27a09f10cfc6c16588269c5380f0f56e13beb8c6a58be6330f12ab4
141,5000,0.65105,0x273a5d3e6721b9f5c1a6474f560c1334c63dda01,2017-10-29T06:24:52.000Z,0.00013021,0xd0044e50fc4dac8835e6207b0ff8265b13bff88b,buy,0x8effd494eb698cc399af6231fccd39e08fd20b15,0xb5b2f955db8147b860bd968dce0c9dec1a2de640db9999a4ace2a9271fed0d0c
142,4985,0.83748,0x199faeb870f3ed8c96caf35eba6d43d10c3e2478,2017-10-29T06:24:52.000Z,0.000168,0x273a5d3e6721b9f5c1a6474f560c1334c63dda01,sell,0x8effd494eb698cc399af6231fccd39e08fd20b15,0xb5b2f955db8147b860bd968dce0c9dec1a2de640db9999a4ace2a9271fed0d0c
143,337,0.056650037,0x5817f6d89035159be81249f9166df7f95c677cd0,2017-10-29T04:44:00.000Z,0.000168101,0xe2c4f233012d7c67bfe396902cbf1e97a4166b26,sell,0x8effd494eb698cc399af6231fccd39e08fd20b15,0xfcb208a58888f8863dda22768ac7c7d8af1cb877d8a931d17f841a563cc27ce9
144,2200,0.36982242,0x1e582de78c1cc083a3390a464cfd5e8a591c26dc,2017-10-29T04:42:58.000Z,0.0001681011,0xe2c4f233012d7c67bfe396902cbf1e97a4166b26,sell,0x8effd494eb698cc399af6231fccd39e08fd20b15,0x9970b1003a26e81f6ea371e0b005cbe14f3f77372367665c96f0afb42810721a
145,2974,0.499935348,0xc3df65a938ff0b4ac381997fa63aca19b64bf507,2017-10-29T04:41:32.000Z,0.000168102,0xe2c4f233012d7c67bfe396902cbf1e97a4166b26,sell,0x8effd494eb698cc399af6231fccd39e08fd20b15,0xe517dd5bffe27daab06350686db8c2f0c43b117cd6d5c53ab3a221026add7e8d
146,2000,0.3364,0x851638b1a455db32e74a51d8d963910049597fc8,2017-10-29T04:39:53.000Z,0.0001682,0xe2c4f233012d7c67bfe396902cbf1e97a4166b26,sell,0x8effd494eb698cc399af6231fccd39e08fd20b15,0xc31749e90cbddc05ad71afb416a8f43891e2a121bf8ac7bfbb75731b11ad7843
147,2870,0.482734,0x07ff3463620606e7483f074c44fc25c32383bc79,2017-10-29T04:13:29.000Z,0.0001682,0xe2c4f233012d7c67bfe396902cbf1e97a4166b26,sell,0x8effd494eb698cc399af6231fccd39e08fd20b15,0x150a76b388e1ceeb5c538510e1ce634b5ab6f78ba8c8ee88af84bdbd827397e3
148,11,0.002067989,0x24677967ad5f58190e49d969f6775850df3670d6,2017-10-29T04:13:11.000Z,0.000187999,0x54409c45877a9877a724bdfc941dd5a16ac0f0c8,buy,0x8effd494eb698cc399af6231fccd39e08fd20b15,0x8a6ccae1857ac1254f7b9aaa8d167c8fa360eb68297ed61758bc31a65556400e
149,5700,0.96159,0x8a489002a225099b6f4c26587d078088ffd30849,2017-10-29T04:12:13.000Z,0.0001687,0xe2c4f233012d7c67bfe396902cbf1e97a4166b26,sell,0x8effd494eb698cc399af6231fccd39e08fd20b15,0xc08852d55363da71fd3c830e436624e81d5ae8a86549e47095f95d8dc0ca7607
150,5800,0.97904,0x21a21e53672a757f2a57e2659ec7440407c7a6c6,2017-10-29T04:12:00.000Z,0.0001688,0xe2c4f233012d7c67bfe396902cbf1e97a4166b26,sell,0x8effd494eb698cc399af6231fccd39e08fd20b15,0x07cf1b742cb21e7626a774cbb78b9a4eb6568ad0848e3029787af2a7e7f00fa3
151,5700,0.9804,0x8a489002a225099b6f4c26587d078088ffd30849,2017-10-29T04:08:28.000Z,0.000172,0xe2c4f233012d7c67bfe396902cbf1e97a4166b26,sell,0x8effd494eb698cc399af6231fccd39e08fd20b15,0x91e14e5eb56e2aec2ae759e670d67a2fe36c1c8b81da4bedffffd6d569194bcd
152,4243,0.712824,0x54409c45877a9877a724bdfc941dd5a16ac0f0c8,2017-10-29T03:04:46.000Z,0.000168,0xe56be81797e2616b7d4c57c892dbecda35045fa1,buy,0x8effd494eb698cc399af6231fccd39e08fd20b15,0xd360b51ed6df117b1827fe2a9e27481fd829fe12d09432a7931df455c0eb98c9
153,4000,0.672,0x3849abe6e51232114e18d2ac76955bd14fd9c645,2017-10-29T02:52:44.000Z,0.000168,0xe56be81797e2616b7d4c57c892dbecda35045fa1,buy,0x8effd494eb698cc399af6231fccd39e08fd20b15,0x5c022c0f1fa24dc90ba62f02c0ee7d855c347d5541aabe951ace8762bfd30883
154,21,0.0036792,0x14c32a94d825b0fbfc1a7024282f6bcaaa3082d1,2017-10-29T01:49:34.000Z,0.0001752,0x5817f6d89035159be81249f9166df7f95c677cd0,sell,0x8effd494eb698cc399af6231fccd39e08fd20b15,0xc56443b63929e9859cac3185c56ad0650d4e3ec746da2585ce847c811bdb25f7
155,90,0.01593063,0xde05e601f672aacd0a4ebfa311085f89a77b9e64,2017-10-29T01:48:56.000Z,0.000177007,0x5817f6d89035159be81249f9166df7f95c677cd0,sell,0x8effd494eb698cc399af6231fccd39e08fd20b15,0xecc9ad9fbdf99e5c97c72a8c21d5b296d1903fb361c475a4f39ee19d8c4ed569
156,247,0.041496,0x5817f6d89035159be81249f9166df7f95c677cd0,2017-10-29T01:48:22.000Z,0.000168,0x08417893c3409bbab1c572ffef3e28fcb365499c,buy,0x8effd494eb698cc399af6231fccd39e08fd20b15,0x69c34d6293ec2296b979672fd160aa05df00a6acbf4d67e1ef8174f51020fed3
157,3240,0.54432,0xe2eabfc1e89a462bbd2ba188cd8a9591a9a0d04e,2017-10-29T01:01:01.000Z,0.000168,0xe56be81797e2616b7d4c57c892dbecda35045fa1,buy,0x8effd494eb698cc399af6231fccd39e08fd20b15,0x8cdd977ce6d89227fa2419ed9351ae71040414d905782b746353b998829edd02
158,5000,0.84,0xf142f26d1cac4ba8a6e6d7974d243eda2fe5f4f9,2017-10-29T00:34:37.000Z,0.000168,0xe56be81797e2616b7d4c57c892dbecda35045fa1,buy,0x8effd494eb698cc399af6231fccd39e08fd20b15,0xcf15d433dc725523cd324025b07ed2ed5393e2739d051e891c23acab4111ce44
159,6000,1.008,0xf142f26d1cac4ba8a6e6d7974d243eda2fe5f4f9,2017-10-29T00:28:11.000Z,0.000168,0xe56be81797e2616b7d4c57c892dbecda35045fa1,buy,0x8effd494eb698cc399af6231fccd39e08fd20b15,0x447036fc2ac2d37ea4d594075891a0af842235ea4aabc525c0264ce0fb314ac6
160,515,0.090125,0x5817f6d89035159be81249f9166df7f95c677cd0,2017-10-29T00:13:13.000Z,0.000175,0x273a5d3e6721b9f5c1a6474f560c1334c63dda01,sell,0x8effd494eb698cc399af6231fccd39e08fd20b15,0x022da38efc80597010c674194eb9d39ba7c0becb81c1ec777e908c26c666409b
161,517,0.086856,0x273a5d3e6721b9f5c1a6474f560c1334c63dda01,2017-10-29T00:13:13.000Z,0.000168,0xe56be81797e2616b7d4c57c892dbecda35045fa1,buy,0x8effd494eb698cc399af6231fccd39e08fd20b15,0x022da38efc80597010c674194eb9d39ba7c0becb81c1ec777e908c26c666409b
162,6979,1.2227208,0x14c32a94d825b0fbfc1a7024282f6bcaaa3082d1,2017-10-29T00:13:13.000Z,0.0001752,0x273a5d3e6721b9f5c1a6474f560c1334c63dda01,sell,0x8effd494eb698cc399af6231fccd39e08fd20b15,0x909f7504db14c8ce26ab885422af10aff418e9104edd5b3c06487564c85f9df3
163,7000,1.176,0x273a5d3e6721b9f5c1a6474f560c1334c63dda01,2017-10-29T00:13:13.000Z,0.000168,0xe56be81797e2616b7d4c57c892dbecda35045fa1,buy,0x8effd494eb698cc399af6231fccd39e08fd20b15,0x909f7504db14c8ce26ab885422af10aff418e9104edd5b3c06487564c85f9df3
164,770,0.14476,0xde05e601f672aacd0a4ebfa311085f89a77b9e64,2017-10-28T22:48:29.000Z,0.000188,0xe2c4f233012d7c67bfe396902cbf1e97a4166b26,buy,0x8effd494eb698cc399af6231fccd39e08fd20b15,0x4df6e56d875dbf62a99dc85bc78672885f315e6f9baeb6f1298d9f31fd25c7dd
165,1330,0.25004,0xa1184b193da53db215ac97c1e1c943dc357377d2,2017-10-28T21:44:04.000Z,0.000188,0xe2c4f233012d7c67bfe396902cbf1e97a4166b26,buy,0x8effd494eb698cc399af6231fccd39e08fd20b15,0x41a4e7d2a38895a99efd29fc776194d027f6969021e773a1915de9e0526c4ae9
166,2,0.0005,0x34f9560c63078eb61872a4dc2ccd20e21c34feaf,2017-10-28T20:51:39.000Z,0.00025,0xe2c4f233012d7c67bfe396902cbf1e97a4166b26,buy,0x8effd494eb698cc399af6231fccd39e08fd20b15,0xb3e7b8aa6372101b3c044cd38dbf71a2c7ea76301ed1f57ebfd4af15f84a712c
167,2,0.0005,0xe444a40689f51f63bcd29910622035707d533d29,2017-10-28T20:51:06.000Z,0.00025,0xe2c4f233012d7c67bfe396902cbf1e97a4166b26,buy,0x8effd494eb698cc399af6231fccd39e08fd20b15,0x19cc25186e96e11c683725b8ed29ec53a0584a90ff4cfb8b9045a0f6a2c510ff
168,648,0.122472,0xa1184b193da53db215ac97c1e1c943dc357377d2,2017-10-28T18:11:36.000Z,0.000189,0xe56be81797e2616b7d4c57c892dbecda35045fa1,buy,0x8effd494eb698cc399af6231fccd39e08fd20b15,0x8ad4c220180c510450ec65c77e0cd7bc02dc026b6e4e1a29f0964c916e38e360
169,283,0.049525,0x5817f6d89035159be81249f9166df7f95c677cd0,2017-10-28T16:54:25.000Z,0.000175,0x1ed014aec47fae44c9e55bac7662c0b78ae61798,sell,0x8effd494eb698cc399af6231fccd39e08fd20b15,0xc8a034a1a5bb1a24903cd527a0d71e8c089cbe75d934dcb6c6bf21eb4768c476
170,1,0.000345474798209711,0x463eb031a0d470ef9205aff34ede09bb2392c273,2017-10-28T14:11:47.000Z,0.000345474798209711,0xe56be81797e2616b7d4c57c892dbecda35045fa1,buy,0x8effd494eb698cc399af6231fccd39e08fd20b15,0x192b7b01ccc18236dba5ecd6bdec38288a4ff592129711e59b09e244ec78060a
171,10500,1.9845,0x463eb031a0d470ef9205aff34ede09bb2392c273,2017-10-28T14:10:39.000Z,0.000189,0xe56be81797e2616b7d4c57c892dbecda35045fa1,buy,0x8effd494eb698cc399af6231fccd39e08fd20b15,0x0574cc796e7c4e3e330f7190224acd6bc613d5d688829a820519c49ac132c3f0
172,5330,1.00618141,0x463eb031a0d470ef9205aff34ede09bb2392c273,2017-10-28T14:09:53.000Z,0.000188777,0xd35cc4db1066b87373c5b83f2a033b4aabb8a1f2,buy,0x8effd494eb698cc399af6231fccd39e08fd20b15,0xd2c4b5655b47879fdb0661d62a1f5fe2ff20a098c3e88cb5cea2253156953bbd
173,10,0.001888,0x256fd7b351ee9b86ae9f4afd6926cc4b6fd1be26,2017-10-28T13:55:08.000Z,0.0001888,0x5817f6d89035159be81249f9166df7f95c677cd0,sell,0x8effd494eb698cc399af6231fccd39e08fd20b15,0x4066276a15ef0d8bc24211e09dd2c062f3ab3441fc13fba8fa0a9b2c73fc963d
174,3970,0.749536,0x256fd7b351ee9b86ae9f4afd6926cc4b6fd1be26,2017-10-28T13:44:33.000Z,0.0001888,0xd35cc4db1066b87373c5b83f2a033b4aabb8a1f2,buy,0x8effd494eb698cc399af6231fccd39e08fd20b15,0x4598bcea0f13b8349ea5990c8ac13600ae811a2a0f1651becc1a98f16f517246
175,50,0.00945,0xf00118adac77d70abb28b6b27cb8f18a6d62750c,2017-10-28T12:29:06.000Z,0.000189,0xe56be81797e2616b7d4c57c892dbecda35045fa1,buy,0x8effd494eb698cc399af6231fccd39e08fd20b15,0x22ca6fe96c427850b98118a65157ebeb692314df1489b9176b21d0d3b24ef72a
176,77,0.014693439781616082,0x64db2a0348007280efec66b1ef48714307c4b95e,2017-10-28T10:49:31.000Z,0.0001908238932677413,0xe56be81797e2616b7d4c57c892dbecda35045fa1,buy,0x8effd494eb698cc399af6231fccd39e08fd20b15,0x0dc570796811b49eae42297a8fc7bf0e5c6eba0511a7fc0f0dfb5410865836df
177,8789,1.661112211,0x64db2a0348007280efec66b1ef48714307c4b95e,2017-10-28T10:46:57.000Z,0.000188999,0x46b234c291fe47dfaf7e1ee285aa13f406cbef8c,buy,0x8effd494eb698cc399af6231fccd39e08fd20b15,0x4c0cb6ae24a58c7e602666a7fba5669c060cdb3a0fb3eed0d24620bdb83d3c1f
178,1834,0.308115668,0x07ff3463620606e7483f074c44fc25c32383bc79,2017-10-28T10:27:52.000Z,0.000168002,0x89271afc62fc082b3b1490e5d97d64c2d6cbd5bd,sell,0x8effd494eb698cc399af6231fccd39e08fd20b15,0x9246243ceb6d54bc8808749757042ff50464890fbc8426b00fdb5528111be071
179,1400,0.2366,0x3efd9b0bd8e4595bc494539aca584821950106ee,2017-10-28T10:25:21.000Z,0.000169,0x89271afc62fc082b3b1490e5d97d64c2d6cbd5bd,sell,0x8effd494eb698cc399af6231fccd39e08fd20b15,0x9823d258158931db2df95550b70c20ff00a9282217f2473afa0f580792be63be
180,12000,2.017056,0xd35cc4db1066b87373c5b83f2a033b4aabb8a1f2,2017-10-28T10:25:21.000Z,0.000168088,0x89271afc62fc082b3b1490e5d97d64c2d6cbd5bd,sell,0x8effd494eb698cc399af6231fccd39e08fd20b15,0x9a6f160a647ba9f8bb02fc89b04c0b2a764a40f96d5d6a49ec45ea76fb72b77b
181,20,0.0034,0x3efd9b0bd8e4595bc494539aca584821950106ee,2017-10-28T10:23:39.000Z,0.00017,0x89271afc62fc082b3b1490e5d97d64c2d6cbd5bd,sell,0x8effd494eb698cc399af6231fccd39e08fd20b15,0x4996cb1a4218df391d7de2515e65d211df2a5179759b13734ea7b6ff33cc876b
182,2950,0.50150295,0xc3df65a938ff0b4ac381997fa63aca19b64bf507,2017-10-28T10:23:14.000Z,0.000170001,0x89271afc62fc082b3b1490e5d97d64c2d6cbd5bd,sell,0x8effd494eb698cc399af6231fccd39e08fd20b15,0x18ab77df8ae46addcfdf8f3ba7077ba51c7d96ac626e178e9174bf48296786a5
183,406,0.069426406,0xa87026865603709359ffd0bd24e42dcf1c1cbee9,2017-10-28T10:21:59.000Z,0.000171001,0x89271afc62fc082b3b1490e5d97d64c2d6cbd5bd,sell,0x8effd494eb698cc399af6231fccd39e08fd20b15,0x894e3b9af6551b10f16ca8050317654398dc7e8567004e8a57812bcc9dc92d63
184,100,0.0188999,0x64db2a0348007280efec66b1ef48714307c4b95e,2017-10-28T08:18:01.000Z,0.000188999,0x46b234c291fe47dfaf7e1ee285aa13f406cbef8c,buy,0x8effd494eb698cc399af6231fccd39e08fd20b15,0x16f426e310812ebc163b3706f691f5aa2e30e1a1c711213f2abd1bca167220df
185,1350,0.25514865,0xbc1879b8c4f156fd55d97ab77db151388ff4eded,2017-10-28T07:16:22.000Z,0.000188999,0x46b234c291fe47dfaf7e1ee285aa13f406cbef8c,buy,0x8effd494eb698cc399af6231fccd39e08fd20b15,0xd296d98fd4545ecc934d40cae872a4379a59dda0b2d521946e379c0e9410f92f
186,1128,0.189506256,0x07ff3463620606e7483f074c44fc25c32383bc79,2017-10-28T03:44:29.000Z,0.000168002,0xa1262c7f16acc148719675c92591d608c61eb166,sell,0x8effd494eb698cc399af6231fccd39e08fd20b15,0xc2ccb7740da6ecbdc94dcdafa6ac57de0b857538da7e3d0bea10bcf0fffd7abe
187,1666,0.28323666,0xa87026865603709359ffd0bd24e42dcf1c1cbee9,2017-10-28T03:41:55.000Z,0.00017001,0xa1262c7f16acc148719675c92591d608c61eb166,sell,0x8effd494eb698cc399af6231fccd39e08fd20b15,0x4d49b841af41f2b932eaca4a95df4209295b57b17a9f0c5d90e4ad043bcabdbd
188,15997,3.0235818798602425,0x746f947227b5080fd6e1e7854e5c30c54b6025ee,2017-10-28T00:57:46.000Z,0.0001890093067362782,0xe56be81797e2616b7d4c57c892dbecda35045fa1,buy,0x8effd494eb698cc399af6231fccd39e08fd20b15,0xdfc9de095bce321e558831da5a953ae9662bafb035b092edf17260d7d630e10a
189,18900,3.5721,0x746f947227b5080fd6e1e7854e5c30c54b6025ee,2017-10-28T00:56:12.000Z,0.000189,0xe56be81797e2616b7d4c57c892dbecda35045fa1,buy,0x8effd494eb698cc399af6231fccd39e08fd20b15,0xf4cbb54ab089cb40c77a53e1eaf9f401f856823792a6eb8e94316b1bc4bf02c3
190,3000,0.564,0x746f947227b5080fd6e1e7854e5c30c54b6025ee,2017-10-28T00:56:12.000Z,0.000188,0x9778550d76b07ac9f5e57392f68ecdf6efc1774e,buy,0x8effd494eb698cc399af6231fccd39e08fd20b15,0x93c6ea90924745368ba54ff3bffa17813fce6f4211650c0a5c55f3917eea987a
191,3000,0.59667,0x9778550d76b07ac9f5e57392f68ecdf6efc1774e,2017-10-27T23:36:05.000Z,0.00019889,0x14c32a94d825b0fbfc1a7024282f6bcaaa3082d1,buy,0x8effd494eb698cc399af6231fccd39e08fd20b15,0xcf254339ddc7b0a7f708b3f7e63c89220339444c71465919136762df69e5b6c1
192,7000,1.309,0x9778550d76b07ac9f5e57392f68ecdf6efc1774e,2017-10-27T23:34:52.000Z,0.000187,0xe56be81797e2616b7d4c57c892dbecda35045fa1,buy,0x8effd494eb698cc399af6231fccd39e08fd20b15,0x648df2879a0f6d13d166f42d0caee3e293a5a71b0a59b0faf13c909b486abb4e
193,4347,0.8130017599441731,0x547269c54497404c144bfb5063ca41d51b7b5a88,2017-10-27T23:32:34.000Z,0.00018702593971570578,0xe56be81797e2616b7d4c57c892dbecda35045fa1,buy,0x8effd494eb698cc399af6231fccd39e08fd20b15,0xd0acdbf2f0eb470cde6b2d8e05841433b0eef2b260ee525eb86971cad6e237a4
194,23000,4.301,0xf18521dc5c211dc0ed6c85b034d4f46d456950bb,2017-10-27T23:27:39.000Z,0.000187,0xe56be81797e2616b7d4c57c892dbecda35045fa1,buy,0x8effd494eb698cc399af6231fccd39e08fd20b15,0x8f23b40b4b854ec36a6317c1116f696e91426c09e4fd14c6cba4dfcb3885dd7c
195,18,0.003366,0xc5ff06991dbaf57bef6dd7a75056e62b7a2383fb,2017-10-27T21:09:57.000Z,0.000187,0xe56be81797e2616b7d4c57c892dbecda35045fa1,buy,0x8effd494eb698cc399af6231fccd39e08fd20b15,0xfcde9737a536b7fe9f087a5912bae8212c81f8c9a57170de841393dce05c689e
196,17,0.0028917,0x547269c54497404c144bfb5063ca41d51b7b5a88,2017-10-27T21:09:57.000Z,0.0001701,0xc5ff06991dbaf57bef6dd7a75056e62b7a2383fb,sell,0x8effd494eb698cc399af6231fccd39e08fd20b15,0xfcde9737a536b7fe9f087a5912bae8212c81f8c9a57170de841393dce05c689e
197,208,0.034944416,0x07ff3463620606e7483f074c44fc25c32383bc79,2017-10-27T18:19:34.000Z,0.000168002,0x65dd27fe1c8e98f3c0ef0513b43f185df50e2cd4,sell,0x8effd494eb698cc399af6231fccd39e08fd20b15,0x268f455c8560730b6254f07415deea2a4710fb46c99b34cbe632e5e58cb04c37
198,592,0.099457776,0xd92ce5941305b7cf1e5cc5713b93db2b651a4fdf,2017-10-27T18:17:57.000Z,0.000168003,0x65dd27fe1c8e98f3c0ef0513b43f185df50e2cd4,sell,0x8effd494eb698cc399af6231fccd39e08fd20b15,0x746bcb882708fc795ecc2587eea25bed5ffbedb46ed2a99477c29e8204f5bb81
199,2894,0.486192,0x3efd9b0bd8e4595bc494539aca584821950106ee,2017-10-27T17:43:08.000Z,0.000168,0xe56be81797e2616b7d4c57c892dbecda35045fa1,buy,0x8effd494eb698cc399af6231fccd39e08fd20b15,0x2523b238b2d54666362725969a9db41959d0e358f28f4c4f746da15d862faf28
200,6500,1.092,0x7aa6e2506316f6d613277d4f2f4e4e1dc55e528e,2017-10-27T17:42:17.000Z,0.000168,0xe56be81797e2616b7d4c57c892dbecda35045fa1,buy,0x8effd494eb698cc399af6231fccd39e08fd20b15,0xa3e10b7b3c0f091b2cb41758657c8d6261055311838900614791ef938bf4b7d7
201,6480,1.1016,0x3efd9b0bd8e4595bc494539aca584821950106ee,2017-10-27T17:42:17.000Z,0.00017,0x7aa6e2506316f6d613277d4f2f4e4e1dc55e528e,sell,0x8effd494eb698cc399af6231fccd39e08fd20b15,0xa3e10b7b3c0f091b2cb41758657c8d6261055311838900614791ef938bf4b7d7
202,55,0.00924,0x3efd9b0bd8e4595bc494539aca584821950106ee,2017-10-27T17:20:27.000Z,0.000168,0xe56be81797e2616b7d4c57c892dbecda35045fa1,buy,0x8effd494eb698cc399af6231fccd39e08fd20b15,0x78d5d1908ac7072b7e8649dcdbe4d9d61c1a49312af73cc51ffbf2678bb7a24e
203,50,0.0094,0x423cfb62c6ec7165c98964e2ab3865234f774756,2017-10-27T17:19:58.000Z,0.000188,0x273a5d3e6721b9f5c1a6474f560c1334c63dda01,sell,0x8effd494eb698cc399af6231fccd39e08fd20b15,0x541abc36f9e6d876a6570dd7a00b736dc81f0fdf8d1e5947a755daecc273ebd5
204,51,0.008568,0x273a5d3e6721b9f5c1a6474f560c1334c63dda01,2017-10-27T17:19:58.000Z,0.000168,0xe56be81797e2616b7d4c57c892dbecda35045fa1,buy,0x8effd494eb698cc399af6231fccd39e08fd20b15,0x541abc36f9e6d876a6570dd7a00b736dc81f0fdf8d1e5947a755daecc273ebd5
205,5483,0.9326583,0x547269c54497404c144bfb5063ca41d51b7b5a88,2017-10-27T17:19:33.000Z,0.0001701,0x273a5d3e6721b9f5c1a6474f560c1334c63dda01,sell,0x8effd494eb698cc399af6231fccd39e08fd20b15,0xaefcb3175f060ad5fd0507b1ae5e80f5abfbf2013516383fa6d82b1e1a62afb3
206,5500,0.924,0x273a5d3e6721b9f5c1a6474f560c1334c63dda01,2017-10-27T17:19:33.000Z,0.000168,0xe56be81797e2616b7d4c57c892dbecda35045fa1,buy,0x8effd494eb698cc399af6231fccd39e08fd20b15,0xaefcb3175f060ad5fd0507b1ae5e80f5abfbf2013516383fa6d82b1e1a62afb3
207,600,0.102,0x3efd9b0bd8e4595bc494539aca584821950106ee,2017-10-27T17:19:08.000Z,0.00017,0xe56be81797e2616b7d4c57c892dbecda35045fa1,buy,0x8effd494eb698cc399af6231fccd39e08fd20b15,0xac1d5bca153677a8cb8d12eb5825dee7c9b0ababed0e69fab3ced57478e0f87b
208,8510,1.4467,0x3efd9b0bd8e4595bc494539aca584821950106ee,2017-10-27T17:17:54.000Z,0.00017,0xe56be81797e2616b7d4c57c892dbecda35045fa1,buy,0x8effd494eb698cc399af6231fccd39e08fd20b15,0x2140b280869ca2a764397e8443072354b893cc3059a136f974f48589a926c284
209,151,0.028388,0x199faeb870f3ed8c96caf35eba6d43d10c3e2478,2017-10-27T17:17:54.000Z,0.000188,0xd2ea382e498316d91b9de8557670149b479721a0,sell,0x8effd494eb698cc399af6231fccd39e08fd20b15,0xd33859b04d709705b36f29c7c28f198d8403c8cf876c0e1116105e15424d189e
210,152,0.02584,0xd2ea382e498316d91b9de8557670149b479721a0,2017-10-27T17:17:54.000Z,0.00017,0xe56be81797e2616b7d4c57c892dbecda35045fa1,buy,0x8effd494eb698cc399af6231fccd39e08fd20b15,0xd33859b04d709705b36f29c7c28f198d8403c8cf876c0e1116105e15424d189e
211,525,0.097125,0x89be575727156aca2c35cb1703e8f4b1e0ffe9e8,2017-10-27T16:45:27.000Z,0.000185,0x1618ef8b3f3ddcb5c79531575dc851d3e01264ce,sell,0x8effd494eb698cc399af6231fccd39e08fd20b15,0xcfa1211686479fdf908bbe48042248c3510965951afc46260bbd6f22c297d075
212,538,0.09953538,0xd92ce5941305b7cf1e5cc5713b93db2b651a4fdf,2017-10-27T16:44:26.000Z,0.00018501,0x1618ef8b3f3ddcb5c79531575dc851d3e01264ce,sell,0x8effd494eb698cc399af6231fccd39e08fd20b15,0xdd78de5183e4b008f6e973b26a21acbd62ff314f12c53741f9451e4412423387
213,634,0.11863224005582694,0x662de03108bd3c9020f9f387247599a45e26ba80,2017-10-27T15:03:55.000Z,0.00018711709787985322,0xe56be81797e2616b7d4c57c892dbecda35045fa1,buy,0x8effd494eb698cc399af6231fccd39e08fd20b15,0xf7db0b1386003a60942b51b34ee9f660ea36a5c5b6012581972812c1fec61925
214,12381,2.315247,0x27a5be7e0022c7068be35acdde5df3e5df5fd16d,2017-10-27T06:52:56.000Z,0.000187,0x9d48e971e0bf3fdb686ea09c33bf8168bbf7d1cc,buy,0x8effd494eb698cc399af6231fccd39e08fd20b15,0xfe0429296851bbae5ab1ed0987453da0122e9758af1f475007a1711025fb7631
215,7383,1.3881224352625634,0x3a73def5c97d90f86ebf559b543782ff74c959a5,2017-10-27T05:23:45.000Z,0.00018801604161757597,0xe56be81797e2616b7d4c57c892dbecda35045fa1,buy,0x8effd494eb698cc399af6231fccd39e08fd20b15,0xf3b6fa2b99ac0cc7a5db29ff6ce7c5142547c8b19d19c3fdfc70167a68eb22de
216,3317,0.6236284318612302,0xab5f5f437b7dd26e2117bc116311d269034a6a61,2017-10-27T04:40:25.000Z,0.00018800977746796208,0xe56be81797e2616b7d4c57c892dbecda35045fa1,buy,0x8effd494eb698cc399af6231fccd39e08fd20b15,0x10100ac7c818902af559d3259241b57899b6b08607e9f5b3c4c31211a7774c74
217,8000,1.504,0x920307b68360efea14ad98f9424501c99a4aa9dc,2017-10-27T04:29:49.000Z,0.000188,0xe56be81797e2616b7d4c57c892dbecda35045fa1,buy,0x8effd494eb698cc399af6231fccd39e08fd20b15,0xb0b4c4f0340f1eca80079f533564fedcee3bf8e524b1b1968119e4ab4aabbe5a
218,255,0.04794,0x36bd75f9afe05ebb4aace381929eec3f853b3697,2017-10-27T04:14:07.000Z,0.000188,0xe56be81797e2616b7d4c57c892dbecda35045fa1,buy,0x8effd494eb698cc399af6231fccd39e08fd20b15,0x18dd6fd820c3f144d64343d1bb5c5a12bcce091a85e42eaed6c9d62bf8ec8b0b
219,1214,0.2234367,0x9c232158b5e0f9a23bf9a399cd9197c7f131d13b,2017-10-27T04:12:13.000Z,0.00018405,0x9d48e971e0bf3fdb686ea09c33bf8168bbf7d1cc,sell,0x8effd494eb698cc399af6231fccd39e08fd20b15,0x2004b808443c45f7cd060034fc1a083b13a3f501bd948ffc4b36b2cca2c25bf6
220,3483,0.6481863,0x4f5b0c6defeacb0e9a60056d38f6c76e259271fb,2017-10-27T04:11:40.000Z,0.0001861,0x9d48e971e0bf3fdb686ea09c33bf8168bbf7d1cc,sell,0x8effd494eb698cc399af6231fccd39e08fd20b15,0x8219fad9a29f28f05b58ae28f859e71e53535134c32c80404e7b98270b4782d4
221,2500,0.47,0x4f5b0c6defeacb0e9a60056d38f6c76e259271fb,2017-10-27T04:10:36.000Z,0.000188,0x9d48e971e0bf3fdb686ea09c33bf8168bbf7d1cc,sell,0x8effd494eb698cc399af6231fccd39e08fd20b15,0x301466026ab8d669a1cd16b6d61daad9e5c8c38d3f853e4fc227a7c5b250248c
222,10372,1.949936,0x423cfb62c6ec7165c98964e2ab3865234f774756,2017-10-27T04:10:07.000Z,0.000188,0x9d48e971e0bf3fdb686ea09c33bf8168bbf7d1cc,sell,0x8effd494eb698cc399af6231fccd39e08fd20b15,0xb5289a8fe77bb89fddfdbcbdaf348a76dba608409b83f3930855ea1b23cdaaa5
223,1475,0.272875,0x89be575727156aca2c35cb1703e8f4b1e0ffe9e8,2017-10-27T03:40:17.000Z,0.000185,0x9d48e971e0bf3fdb686ea09c33bf8168bbf7d1cc,sell,0x8effd494eb698cc399af6231fccd39e08fd20b15,0x9671b84ca7b360179e96d1c8538dadddb96aac95d256c027b53517ec047ee10d
224,5000,0.94,0x2505fc886f39398732f144154b678ee1905024c1,2017-10-27T03:38:18.000Z,0.000188,0xe56be81797e2616b7d4c57c892dbecda35045fa1,buy,0x8effd494eb698cc399af6231fccd39e08fd20b15,0xd4d5cec5d106abd9995b36d83a6b69fd9550d32e54ba161c6dbcaf681402b73b
225,2000,0.372,0xab5f5f437b7dd26e2117bc116311d269034a6a61,2017-10-27T03:37:39.000Z,0.000186,0x9d48e971e0bf3fdb686ea09c33bf8168bbf7d1cc,sell,0x8effd494eb698cc399af6231fccd39e08fd20b15,0x4fd4ddc662b6e98fb16ffd48db1edefcf3e2e44b84848cbcf97bcc117854010b
226,2600,0.4888,0x3902f114088ac61b054ee5904c390183abacb2b1,2017-10-27T03:37:33.000Z,0.000188,0x9d48e971e0bf3fdb686ea09c33bf8168bbf7d1cc,sell,0x8effd494eb698cc399af6231fccd39e08fd20b15,0x37b702135257274b25e72ec3f5cecc14b3e771b8e39bb6c99cebd1bb333a4b32
227,2000,0.3761,0x9c232158b5e0f9a23bf9a399cd9197c7f131d13b,2017-10-27T03:37:33.000Z,0.00018805,0x9d48e971e0bf3fdb686ea09c33bf8168bbf7d1cc,sell,0x8effd494eb698cc399af6231fccd39e08fd20b15,0xf7cf0e114f426fdfcebcc8fed711393f0c46f210e4ec335048f8c04b3ac7cd79
228,1090,0.2049854,0xd92ce5941305b7cf1e5cc5713b93db2b651a4fdf,2017-10-27T03:37:33.000Z,0.00018806,0x9d48e971e0bf3fdb686ea09c33bf8168bbf7d1cc,sell,0x8effd494eb698cc399af6231fccd39e08fd20b15,0x1bdab04f51df32c007c70061126b3f5ac4c22ef6041747495b5830a2d9ed314b
229,3500,0.658,0x6d30dfb392ae802411fb035a84e534c71387caf9,2017-10-27T03:36:54.000Z,0.000188,0x9d48e971e0bf3fdb686ea09c33bf8168bbf7d1cc,sell,0x8effd494eb698cc399af6231fccd39e08fd20b15,0x2187954acc4551033094f0316fce3ad2835ce830db8874fc1366c100203f87a6
230,500,0.09403005,0xb9f1a043bf2efc5820babadf1c244a378c577fa6,2017-10-27T03:19:32.000Z,0.0001880601,0x89271afc62fc082b3b1490e5d97d64c2d6cbd5bd,sell,0x8effd494eb698cc399af6231fccd39e08fd20b15,0x5a32d8c9f9b21721764654648da6247f0269afb549d1d1c7ef3a51c273a1b272
231,500,0.09403005,0xb9f1a043bf2efc5820babadf1c244a378c577fa6,2017-10-27T03:19:03.000Z,0.0001880601,0x89271afc62fc082b3b1490e5d97d64c2d6cbd5bd,sell,0x8effd494eb698cc399af6231fccd39e08fd20b15,0x5a32d8c9f9b21721764654648da6247f0269afb549d1d1c7ef3a51c273a1b272
232,19,0.0035815,0x0def8606f4dc0f43d4b9cdd69ac8c421cc9ee40c,2017-10-27T03:17:29.000Z,0.0001885,0x89271afc62fc082b3b1490e5d97d64c2d6cbd5bd,sell,0x8effd494eb698cc399af6231fccd39e08fd20b15,0xb20af5900b1eaa1890e4f092fa68ad7ee0f5abc3b643e2b01f8de8fde5c6438d
233,680,0.12784,0x36bd75f9afe05ebb4aace381929eec3f853b3697,2017-10-27T03:11:44.000Z,0.000188,0xe56be81797e2616b7d4c57c892dbecda35045fa1,buy,0x8effd494eb698cc399af6231fccd39e08fd20b15,0x6693a04fd0a691566aa8c834e343ae6d2ad4a28d4dd1187030df297ff15b4353
234,3786,0.7119242393694234,0xe2eabfc1e89a462bbd2ba188cd8a9591a9a0d04e,2017-10-27T03:09:45.000Z,0.00018804126766228826,0xe56be81797e2616b7d4c57c892dbecda35045fa1,buy,0x8effd494eb698cc399af6231fccd39e08fd20b15,0xb677a5288e36793f42190125633edde64d6d8ea62ae4f101eb010117fb8f9a9d
235,204,0.0384639218422889,0xc03e487a24b7a1ff0a1296cd30cb5f37c56f4a6e,2017-10-27T02:32:58.000Z,0.00018854863648180834,0xe56be81797e2616b7d4c57c892dbecda35045fa1,buy,0x8effd494eb698cc399af6231fccd39e08fd20b15,0x9f8f0b239d3574be3b4afce89184b7b0bcd48e5f3b14771cef25ecadc2e53f19
236,6978,1.3120451146858847,0xe2eabfc1e89a462bbd2ba188cd8a9591a9a0d04e,2017-10-27T02:10:43.000Z,0.00018802595509972552,0xe56be81797e2616b7d4c57c892dbecda35045fa1,buy,0x8effd494eb698cc399af6231fccd39e08fd20b15,0x29675db3bb40fc32058b91c25eaeef8ee96f75b350c47525fa2760cb618db7d8
237,6978,1.3120451146858847,0xe2eabfc1e89a462bbd2ba188cd8a9591a9a0d04e,2017-10-27T02:09:53.000Z,0.00018802595509972552,0xe56be81797e2616b7d4c57c892dbecda35045fa1,buy,0x8effd494eb698cc399af6231fccd39e08fd20b15,0x29675db3bb40fc32058b91c25eaeef8ee96f75b350c47525fa2760cb618db7d8
238,6022,1.135147,0x0def8606f4dc0f43d4b9cdd69ac8c421cc9ee40c,2017-10-27T01:54:47.000Z,0.0001885,0x9d48e971e0bf3fdb686ea09c33bf8168bbf7d1cc,sell,0x8effd494eb698cc399af6231fccd39e08fd20b15,0x0d2965c110709cc68e68ced090d4213b3c2411cab6f8df8478e431354f8158de
239,6141,1.1545820919204575,0x7db877be460656073f4e290ec5c49e28f178067f,2017-10-27T01:31:54.000Z,0.00018801206512301865,0xe56be81797e2616b7d4c57c892dbecda35045fa1,buy,0x8effd494eb698cc399af6231fccd39e08fd20b15,0x573f2b87ebc05fa66cf0b5dd59ebc4781d275ae68915f98ae9b2adfab30fbb16
240,5000,0.94,0x7db877be460656073f4e290ec5c49e28f178067f,2017-10-27T01:29:38.000Z,0.000188,0xe56be81797e2616b7d4c57c892dbecda35045fa1,buy,0x8effd494eb698cc399af6231fccd39e08fd20b15,0xcb0fd2f87e71804ee68bc4f8344eb25dda5f9ba9266014079d182b8b0087cbc4
241,5981,1.1245454141091336,0xe2eabfc1e89a462bbd2ba188cd8a9591a9a0d04e,2017-10-27T01:15:33.000Z,0.0001880196311836037,0xe56be81797e2616b7d4c57c892dbecda35045fa1,buy,0x8effd494eb698cc399af6231fccd39e08fd20b15,0x0dba154a0b399f7a8cb0d91eadf76c55729504ad84e69d5c534c81c73af727a0
242,2568,0.4828407477629764,0xe2a5f1e1ccf03a1b15d2aa00cf297a7e8b8126a3,2017-10-27T00:33:51.000Z,0.00018802209803854222,0xe56be81797e2616b7d4c57c892dbecda35045fa1,buy,0x8effd494eb698cc399af6231fccd39e08fd20b15,0xacace808c7d9188698cdf78cb980395acba87dda5aa93e085c565d21c84dada4
243,17955,3.3755408104163176,0xe2a5f1e1ccf03a1b15d2aa00cf297a7e8b8126a3,2017-10-27T00:25:53.000Z,0.00018800004513596865,0xe56be81797e2616b7d4c57c892dbecda35045fa1,buy,0x8effd494eb698cc399af6231fccd39e08fd20b15,0x8df0c4d31e3e58eea53b91feb17a2dbd2f4f0a81298de7c95b07ae47adbbaf41
244,1675,0.31504892871975204,0xe2eabfc1e89a462bbd2ba188cd8a9591a9a0d04e,2017-10-27T00:23:53.000Z,0.00018808891266850869,0xe56be81797e2616b7d4c57c892dbecda35045fa1,buy,0x8effd494eb698cc399af6231fccd39e08fd20b15,0x24e7ac20f4861d4eeac2bd044ffd691ef3f10719022cc962bb19bafddfc600c6
245,1360,0.25580398783279806,0xe2eabfc1e89a462bbd2ba188cd8a9591a9a0d04e,2017-10-27T00:11:09.000Z,0.00018809116752411623,0xe56be81797e2616b7d4c57c892dbecda35045fa1,buy,0x8effd494eb698cc399af6231fccd39e08fd20b15,0xee7158b9d09b7393a3ad21be2d0b4bd2be0ca28867818d9bb0286150d047d535
246,500,0.094,0x9b9086da6ed17b8becfda8cb0bb7b05626140db6,2017-10-26T21:07:34.000Z,0.000188,0xe56be81797e2616b7d4c57c892dbecda35045fa1,buy,0x8effd494eb698cc399af6231fccd39e08fd20b15,0xd573f2dc9507bd3cfbb8a4f62903341353cd407ab1d3cd5eb178f651ec497770
247,4509,0.8499465,0x0def8606f4dc0f43d4b9cdd69ac8c421cc9ee40c,2017-10-26T18:17:30.000Z,0.0001885,0xd35cc4db1066b87373c5b83f2a033b4aabb8a1f2,sell,0x8effd494eb698cc399af6231fccd39e08fd20b15,0x60c8b7b2d7b763822d9d26c1d0f7e33c1f034e56425b06ac3f9329c638bc6b6b
248,7000,1.3216,0x489ed70ec0c0ecbdaa044c232877855ecc1fd22b,2017-10-26T17:57:55.000Z,0.0001888,0xd35cc4db1066b87373c5b83f2a033b4aabb8a1f2,sell,0x8effd494eb698cc399af6231fccd39e08fd20b15,0xff252a2821bd60e1b2f404847927c867abf5919b63af190c20d11c015e694a79
249,500,0.0944,0xb9f1a043bf2efc5820babadf1c244a378c577fa6,2017-10-26T15:36:41.000Z,0.0001888,0x89271afc62fc082b3b1490e5d97d64c2d6cbd5bd,buy,0x8effd494eb698cc399af6231fccd39e08fd20b15,0xc356ad5447ce33ce90544e7802a8e190188ff0dca2835748ceb0c29bc327e03e
250,3000,0.5655,0x489ed70ec0c0ecbdaa044c232877855ecc1fd22b,2017-10-26T12:43:25.000Z,0.0001885,0xee300431c25447134633cc5d94b93555b92f7952,sell,0x8effd494eb698cc399af6231fccd39e08fd20b15,0xbc44f88dc4258aec2b70db6c3549e1f0d9248b96894af849133fc641cb01cfa5
251,5300,1.00064,0x9a6f4914a86b31cf3969160bbdbe053cd681e189,2017-10-26T06:09:04.000Z,0.0001888,0x89271afc62fc082b3b1490e5d97d64c2d6cbd5bd,sell,0x8effd494eb698cc399af6231fccd39e08fd20b15,0xfd1bb872650e8275727115fba2ebc9fa539836ce6a3508934338eaf8752ff60b
252,620,0.12393056,0x9a6f4914a86b31cf3969160bbdbe053cd681e189,2017-10-26T05:46:04.000Z,0.000199888,0xd35cc4db1066b87373c5b83f2a033b4aabb8a1f2,buy,0x8effd494eb698cc399af6231fccd39e08fd20b15,0xf109a28d0615c1d6a5ddd15cd45d011a8efefaf5dd8350384fbfd96f7a14506a
253,70,0.01316,0x199faeb870f3ed8c96caf35eba6d43d10c3e2478,2017-10-26T05:00:20.000Z,0.000188,0xc2113f04f040e962fbe32a8dcf1886e0f96353f2,sell,0x8effd494eb698cc399af6231fccd39e08fd20b15,0x951c185f0a51cc74606a9d71402b5931aaa3973abfe4433e7bc1147d65950c09
254,5000,0.99,0xdb4e5d81a20f21ee73ae1fa014d3d5d9dea3ade0,2017-10-26T04:57:47.000Z,0.000198,0xc2113f04f040e962fbe32a8dcf1886e0f96353f2,sell,0x8effd494eb698cc399af6231fccd39e08fd20b15,0x1930ad634f2869e237cfa7c4e886b17f716b47e2e185d17a1cf12f36506bc347
255,5000,0.99944,0xab5f5f437b7dd26e2117bc116311d269034a6a61,2017-10-26T03:10:53.000Z,0.000199888,0xd35cc4db1066b87373c5b83f2a033b4aabb8a1f2,buy,0x8effd494eb698cc399af6231fccd39e08fd20b15,0xfd09f443f32d933b3d4253ace65d61243169dc608ca6252fff337b40c818e22e
256,1786,0.3287133,0x9c232158b5e0f9a23bf9a399cd9197c7f131d13b,2017-10-25T23:43:03.000Z,0.00018405,0x1ed014aec47fae44c9e55bac7662c0b78ae61798,sell,0x8effd494eb698cc399af6231fccd39e08fd20b15,0x3af32dfc360e92d30385d12ae8feee7058b82a080baaf9268d32d627edc932a8
257,2336,0.46704752900594637,0x3efd9b0bd8e4595bc494539aca584821950106ee,2017-10-25T17:06:58.000Z,0.0001999347298826825,0xd35cc4db1066b87373c5b83f2a033b4aabb8a1f2,buy,0x8effd494eb698cc399af6231fccd39e08fd20b15,0x48e3f692484ef5ee59bdabe7da6a170020e596881d34cb35a598f2cde962c091
258,1,0.000183501,0x5817f6d89035159be81249f9166df7f95c677cd0,2017-10-25T16:10:58.000Z,0.000183501,0xa5c6d44f3ecdfaf9a024cf9bb61672615da833b8,sell,0x8effd494eb698cc399af6231fccd39e08fd20b15,0x0ad9f8f2714b6bfaa923f82f8a27fee94575ed3909c116a341e88ad190c38ef0
259,1,0.000184,0x2505fc886f39398732f144154b678ee1905024c1,2017-10-25T16:10:31.000Z,0.000184,0xa5c6d44f3ecdfaf9a024cf9bb61672615da833b8,sell,0x8effd494eb698cc399af6231fccd39e08fd20b15,0x8436049102b5a8854b9f53b3cd4fcbe7ba767033793a73a8bed5da42332ab5d8
260,8549,1.5687415,0x9c232158b5e0f9a23bf9a399cd9197c7f131d13b,2017-10-25T16:10:06.000Z,0.0001835,0xa5c6d44f3ecdfaf9a024cf9bb61672615da833b8,sell,0x8effd494eb698cc399af6231fccd39e08fd20b15,0x5f6dbe9905bed67199891749985fd0c457908e38b84179d776bcc6bcf0374626
261,7500,1.41,0x2005b3ff935025468a282362be3d391a9675d292,2017-10-25T16:08:08.000Z,0.000188,0xa5c6d44f3ecdfaf9a024cf9bb61672615da833b8,sell,0x8effd494eb698cc399af6231fccd39e08fd20b15,0x6529a4ea1704a1d1873359a20f19feb221cdd0f489a66a79fa2a4f3bd1522d52
262,2000,0.378,0x89be575727156aca2c35cb1703e8f4b1e0ffe9e8,2017-10-25T16:07:32.000Z,0.000189,0xa5c6d44f3ecdfaf9a024cf9bb61672615da833b8,sell,0x8effd494eb698cc399af6231fccd39e08fd20b15,0x9ec88a3f99264f1506f0f7aed7e54a02d496679a0edfbd2bddac5671adc548f9
263,637,0.116890137,0x5817f6d89035159be81249f9166df7f95c677cd0,2017-10-25T13:09:15.000Z,0.000183501,0x2e5a614bb67072b75724ae5b3da08563397c61cb,sell,0x8effd494eb698cc399af6231fccd39e08fd20b15,0xffbc656899cbe1152199504326b12220c6736603cd3652c07df2fa9abe320621
264,1,0.0002,0x5817f6d89035159be81249f9166df7f95c677cd0,2017-10-25T12:58:52.000Z,0.0002,0xbba1f993e59c2b0014d7f83f73b57a622bdd9dfc,buy,0x8effd494eb698cc399af6231fccd39e08fd20b15,0x8a5381307ccd9294f46878c5023e605ccf40c09b2ad069a4cef00649886b620d
265,8000,1.472352,0xd35cc4db1066b87373c5b83f2a033b4aabb8a1f2,2017-10-25T12:53:47.000Z,0.000184044,0x2e5a614bb67072b75724ae5b3da08563397c61cb,sell,0x8effd494eb698cc399af6231fccd39e08fd20b15,0xd08d13c3d5a5ba20381085836596e0f240bb800d69b5bcd22dcf58b1367f45d5
266,6000,1.1022,0x07ff3463620606e7483f074c44fc25c32383bc79,2017-10-25T12:53:47.000Z,0.0001837,0x2e5a614bb67072b75724ae5b3da08563397c61cb,sell,0x8effd494eb698cc399af6231fccd39e08fd20b15,0x0ab6acf3a370c68bedce9e3a0d33c94077292a1043b933dbfe12d1410c0b7159
267,973,0.180058515,0x14c32a94d825b0fbfc1a7024282f6bcaaa3082d1,2017-10-25T12:53:23.000Z,0.000185055,0x2e5a614bb67072b75724ae5b3da08563397c61cb,sell,0x8effd494eb698cc399af6231fccd39e08fd20b15,0xe64e9ad06f6a5258b477fe38749488917172ed34f3a24d25d7c720627eef80be
268,3000,0.5583,0x89be575727156aca2c35cb1703e8f4b1e0ffe9e8,2017-10-25T12:49:18.000Z,0.0001861,0x2e5a614bb67072b75724ae5b3da08563397c61cb,sell,0x8effd494eb698cc399af6231fccd39e08fd20b15,0xbf80a9e5612bfa0472ab4f605a77f1412118f5453f0f3e9463c453b371c5ee64
269,2000,0.38,0x89be575727156aca2c35cb1703e8f4b1e0ffe9e8,2017-10-25T12:48:32.000Z,0.00019,0x2e5a614bb67072b75724ae5b3da08563397c61cb,sell,0x8effd494eb698cc399af6231fccd39e08fd20b15,0x62832714c6de7f8fa74f529fbfdc05fb1567e3c9ca6766b17c6d0159c3832394
270,2000,0.382,0x89be575727156aca2c35cb1703e8f4b1e0ffe9e8,2017-10-25T12:48:25.000Z,0.000191,0x2e5a614bb67072b75724ae5b3da08563397c61cb,sell,0x8effd494eb698cc399af6231fccd39e08fd20b15,0x896cd04128f14c73b85d77c236ce6499bfce5c383b06929074aceaf969ee1df8
271,5252,0.99788,0x2c4ddfa7370a1c4d88be027788cd5084be2e9932,2017-10-25T12:48:25.000Z,0.00019,0x2e5a614bb67072b75724ae5b3da08563397c61cb,sell,0x8effd494eb698cc399af6231fccd39e08fd20b15,0x455bcfadab31f49896d30764fe7c3a8af43cb7f29a1b4418a7dbf25db572af01
272,7000,1.33,0xf818e5d9f3973ca1963d3695262171afd27ae4a1,2017-10-25T12:48:25.000Z,0.00019,0x2e5a614bb67072b75724ae5b3da08563397c61cb,sell,0x8effd494eb698cc399af6231fccd39e08fd20b15,0xe77cfbab7a7c9f5558b22c7d8e615a2f58727ebd576695f9b16df6ba48c9151b
273,3555,0.67548555,0x1f9ba7ebe95836d829d901f6a774c25d2a5fae22,2017-10-25T12:48:25.000Z,0.00019001,0x2e5a614bb67072b75724ae5b3da08563397c61cb,sell,0x8effd494eb698cc399af6231fccd39e08fd20b15,0xe93a664e1a3ac6cf84dbc905ec12a882b01cc8aa0a3758ab1f18f27b05a69206
274,2610,0.49851261,0xc3df65a938ff0b4ac381997fa63aca19b64bf507,2017-10-25T12:47:51.000Z,0.000191001,0x2e5a614bb67072b75724ae5b3da08563397c61cb,sell,0x8effd494eb698cc399af6231fccd39e08fd20b15,0xe1f7719ecc48c872b610514a8c3b2121b0863f0c2f9af5d422ac8679cda176c5
275,12000,2.2921188,0xd35cc4db1066b87373c5b83f2a033b4aabb8a1f2,2017-10-25T12:46:29.000Z,0.0001910099,0x2e5a614bb67072b75724ae5b3da08563397c61cb,sell,0x8effd494eb698cc399af6231fccd39e08fd20b15,0x890d58c02aa6d78cf31d57fc4b029ca4c7ad57116de65498d38067b5b6a98a14
276,2520,0.48384,0xe0a5e728e6a38940f0c940bf59fa524d8956f7bd,2017-10-25T12:46:18.000Z,0.000192,0x2e5a614bb67072b75724ae5b3da08563397c61cb,sell,0x8effd494eb698cc399af6231fccd39e08fd20b15,0x2e7a257ee8937359a42d7f8399aa088855e48fecabaea7951959c241a8264a12
277,2505,0.481461,0x547269c54497404c144bfb5063ca41d51b7b5a88,2017-10-25T12:46:18.000Z,0.0001922,0x2e5a614bb67072b75724ae5b3da08563397c61cb,sell,0x8effd494eb698cc399af6231fccd39e08fd20b15,0xf5bcb38d72e5abf5e094b7c62cdc3beb2bbabe8d18c15798c0ae3236cc0a29d4
278,720,0.138312,0x549d163be1135f593f5950d63f2d1d1676b895e5,2017-10-25T12:46:18.000Z,0.0001921,0x2e5a614bb67072b75724ae5b3da08563397c61cb,sell,0x8effd494eb698cc399af6231fccd39e08fd20b15,0x744d9ba3537d10f75dc3b30aa748a6605de6df49dbfd59ea4a77224b7b1bd498
279,1560,0.2998788,0xd92ce5941305b7cf1e5cc5713b93db2b651a4fdf,2017-10-25T12:45:25.000Z,0.00019223,0x2e5a614bb67072b75724ae5b3da08563397c61cb,sell,0x8effd494eb698cc399af6231fccd39e08fd20b15,0xb7ed1349cd9ffac335ba8ba277a6c2657f3df7d13f02f8a38161b4bbf449668c
280,5000,0.9625,0x9c232158b5e0f9a23bf9a399cd9197c7f131d13b,2017-10-25T12:43:46.000Z,0.0001925,0x2e5a614bb67072b75724ae5b3da08563397c61cb,sell,0x8effd494eb698cc399af6231fccd39e08fd20b15,0xd3a8e969de4cb0e81328d66ac2968064192fa653cbfcd740505e611238931b0d
281,1495,0.287339,0x547269c54497404c144bfb5063ca41d51b7b5a88,2017-10-25T09:52:59.000Z,0.0001922,0x4fa852e7892f601011499bd9edb3b159722c3154,sell,0x8effd494eb698cc399af6231fccd39e08fd20b15,0x8df74884cc7a1640559c147bf9d7fb452f4977b98886d8640417de9a5131f2c8
282,2580,0.49536,0xe0a5e728e6a38940f0c940bf59fa524d8956f7bd,2017-10-25T09:10:22.000Z,0.000192,0x78e427d9a3e8bf9a62897e3428ea1530ba2ac0ab,sell,0x8effd494eb698cc399af6231fccd39e08fd20b15,0x12e274a3c8c2809709a30b07dda2e766ba4dbbf892bad06cdbff6371129f5380
283,2730,0.59513727,0xc8b8d3c5cd7ad7de345cd8d6532dc3eb2fc2a348,2017-10-25T07:36:44.000Z,0.000217999,0x85af6945abf90907e4fbf2c72ce16b6b5a2761cd,buy,0x8effd494eb698cc399af6231fccd39e08fd20b15,0x9295e615d563b0187d0865333a01119d0899abb8bbb94ed86e8babea5598edde
284,1000,0.19,0x89be575727156aca2c35cb1703e8f4b1e0ffe9e8,2017-10-25T00:53:13.000Z,0.00019,0x6686861fc55504b1b41850247ba35ca5a109a31c,sell,0x8effd494eb698cc399af6231fccd39e08fd20b15,0xa58305ae32d0113ce1046b263321c40b1b90065decb27ce8c41242913fe96cef
285,7027,1.300381485,0x14c32a94d825b0fbfc1a7024282f6bcaaa3082d1,2017-10-24T23:18:27.000Z,0.000185055,0x6b7a76a9e6413f1364e15dd95db153565ec335e3,sell,0x8effd494eb698cc399af6231fccd39e08fd20b15,0x14d7e461f0b832d46b2c512aa21c34bc08e79ff1ba997efa695cbb257e67c09e
286,950,0.1805,0xd8e847f8569c326698113e88a2cb40524269b254,2017-10-24T23:16:27.000Z,0.00019,0x6b7a76a9e6413f1364e15dd95db153565ec335e3,sell,0x8effd494eb698cc399af6231fccd39e08fd20b15,0x5b921d6c2da968466680e8ef16628c3e764886f5e22bbb474646c55d7cc65967
287,200,0.0400004,0x3d4ca6db2866c7118df03a16415150de899212d7,2017-10-24T23:15:40.000Z,0.000200002,0x6b7a76a9e6413f1364e15dd95db153565ec335e3,sell,0x8effd494eb698cc399af6231fccd39e08fd20b15,0x7fe59e6e70944e28dc723d76dea70d6e45a06bcdd17b043b67a4f6d9f69a0ae9
288,1270,0.276987,0xe62c3ce0b451da92e541a37021ccaa03a360b361,2017-10-24T16:54:13.000Z,0.0002181,0x85af6945abf90907e4fbf2c72ce16b6b5a2761cd,buy,0x8effd494eb698cc399af6231fccd39e08fd20b15,0x81ef1bc35a8dfc3a8a5c564a579e93e7e6560be585885ff0577423f6cda69cc2
289,1389,0.3029409,0x15d8f5eaa3600df506601421e637b0252d9e2aea,2017-10-24T16:02:09.000Z,0.0002181,0x85af6945abf90907e4fbf2c72ce16b6b5a2761cd,buy,0x8effd494eb698cc399af6231fccd39e08fd20b15,0xca82bd8bf4a00c1907f944b984f49a04090c8e99f9eb2ba51652718fb5fef683
290,2000,0.4032,0x25396175bfcdfca064181d214487e222b2587d82,2017-10-24T14:48:09.000Z,0.0002016,0x6b7a76a9e6413f1364e15dd95db153565ec335e3,sell,0x8effd494eb698cc399af6231fccd39e08fd20b15,0xb16109767ef6d71a0343e3505cdb1a72d70c02603072c0ccbb5f88c711fe2946
291,10000,2.0161,0x9c232158b5e0f9a23bf9a399cd9197c7f131d13b,2017-10-24T14:46:52.000Z,0.00020161,0x6b7a76a9e6413f1364e15dd95db153565ec335e3,sell,0x8effd494eb698cc399af6231fccd39e08fd20b15,0x88ae9b70772e0fe5055bef6c557ce96802aebc13f830dfed98e7228c570c2a57
292,2200,0.44,0x951eb1101ba23381ed384ddca5dc2014364811e3,2017-10-24T14:46:03.000Z,0.0002,0x6b7a76a9e6413f1364e15dd95db153565ec335e3,sell,0x8effd494eb698cc399af6231fccd39e08fd20b15,0x9167d7054a1a12379b5f793fd44e0cf36c4e0ac9ecef5b57334c8a07b3725fa4
293,8868,1.68492,0xa0df272cd5c5de52f11f20874e5b53f5f71c4a18,2017-10-24T14:46:03.000Z,0.00019,0x6b7a76a9e6413f1364e15dd95db153565ec335e3,sell,0x8effd494eb698cc399af6231fccd39e08fd20b15,0xc575cdd7ffdcf4fe7cb4adb5ecf27cf6cb4dfa59796c9a6a2cce8019a4db3260
294,7770,1.56643977,0xd099dbafc4bdb1f2d47c3a1c16957fa0e89bb97c,2017-10-24T14:45:44.000Z,0.000201601,0x6b7a76a9e6413f1364e15dd95db153565ec335e3,sell,0x8effd494eb698cc399af6231fccd39e08fd20b15,0x36d5cbef76782846ff5dbec816f0ed82b4b8a84513dde32130e0b95fa734ff91
295,1500,0.30225,0x9c232158b5e0f9a23bf9a399cd9197c7f131d13b,2017-10-24T14:45:44.000Z,0.0002015,0x6b7a76a9e6413f1364e15dd95db153565ec335e3,sell,0x8effd494eb698cc399af6231fccd39e08fd20b15,0x0b8f47d20aa4333ce84dba27bad11ce7528a00ca4fe61c89ea128b3f31b8a808
296,9930,2.001918783,0x76c2b0da81f06d5d1945e163913b3e41f9cfee5c,2017-10-24T14:45:38.000Z,0.0002016031,0x6b7a76a9e6413f1364e15dd95db153565ec335e3,sell,0x8effd494eb698cc399af6231fccd39e08fd20b15,0x48ef7fd8f3f6b08a509b78e8e000a1e3edec9a39ed034cd0ade17cd84681d02b
297,1753,0.353424083,0x567aea70bbbeb4486ce5d40ea5e321af36dc4b62,2017-10-24T14:45:17.000Z,0.000201611,0x6b7a76a9e6413f1364e15dd95db153565ec335e3,sell,0x8effd494eb698cc399af6231fccd39e08fd20b15,0x858184cc97477cd1f5891035bd217dfcf94ee4e644edf93787d9baf9e83f672a
298,1778,0.41583864,0x3af051066cbddc1c00b7442f61848a94b1044bdf,2017-10-24T13:23:21.000Z,0.00023388,0x0076c3d27f52ee938e37964c98d89e35b300afad,buy,0x8effd494eb698cc399af6231fccd39e08fd20b15,0xe9f1ce2f2c74f895342a1074186c97a2bd0099524f5f61090503ed5f2a7d6592
299,10726,2.1623948506,0x76c2b0da81f06d5d1945e163913b3e41f9cfee5c,2017-10-24T12:38:24.000Z,0.0002016031,0x724bf8549abf4fb768ede8a525d8e4ff43c2a352,sell,0x8effd494eb698cc399af6231fccd39e08fd20b15,0x2044078487b12a457d7c4887ce9ab07575c6b47225391f5d2b684b2112382636
300,1664,0.3354624,0x549d163be1135f593f5950d63f2d1d1676b895e5,2017-10-24T11:49:44.000Z,0.0002016,0x724bf8549abf4fb768ede8a525d8e4ff43c2a352,buy,0x8effd494eb698cc399af6231fccd39e08fd20b15,0x3936e15bd60ece110c674be9284ba210ad8c297fbafa8b4c00c9d0cb90a4ac73
301,4960,0.99994096,0x481b80ea15893d325863bd63a58995d44e26e323,2017-10-24T11:39:07.000Z,0.000201601,0x724bf8549abf4fb768ede8a525d8e4ff43c2a352,buy,0x8effd494eb698cc399af6231fccd39e08fd20b15,0xb8d5bd5b18b3664653f0fc974a413c0d257303ba05456c484efa7f88f94e6697
302,5000,1.008005,0x9778550d76b07ac9f5e57392f68ecdf6efc1774e,2017-10-24T10:41:07.000Z,0.000201601,0x724bf8549abf4fb768ede8a525d8e4ff43c2a352,buy,0x8effd494eb698cc399af6231fccd39e08fd20b15,0x1851895ae026ff134521b43026eb8ce1afbe03eae05f4291b17f8839be9a3fd4
303,3514,0.7084958361140156,0x83fdd0303706b855421036cd2b6332546728400e,2017-10-24T09:17:32.000Z,0.00020162089815424462,0x724bf8549abf4fb768ede8a525d8e4ff43c2a352,buy,0x8effd494eb698cc399af6231fccd39e08fd20b15,0xf7b739a717347c02ce733f762479f71b2b698c9c5d1290fe0e2a3df0b5529f63
304,68,0.0137090108,0x76c2b0da81f06d5d1945e163913b3e41f9cfee5c,2017-10-24T08:45:57.000Z,0.0002016031,0x0ce4b16411b408bc9f06d456175db3cc79b25299,sell,0x8effd494eb698cc399af6231fccd39e08fd20b15,0x14df1994892ef74dff0ba464b89aaf92b66d1f150a73323aa7ee95e2d1f0e805
305,4065,0.819516195,0x76c2b0da81f06d5d1945e163913b3e41f9cfee5c,2017-10-24T08:37:57.000Z,0.000201603,0x724bf8549abf4fb768ede8a525d8e4ff43c2a352,buy,0x8effd494eb698cc399af6231fccd39e08fd20b15,0xdfd1f273ede1700ca523e619dd9ae1330b6b1506899a731fdf5f0a28f40efb90
306,9069,1.828337607,0x0ce4b16411b408bc9f06d456175db3cc79b25299,2017-10-24T08:26:08.000Z,0.000201603,0x9e5871f48e8a512718db4a17cdcd72b404dc8225,sell,0x8effd494eb698cc399af6231fccd39e08fd20b15,0x47dfdd693947dbe57827728bc43be161579aed68f5025f373ab540ea2799a8e1
307,3000,0.693,0x549d163be1135f593f5950d63f2d1d1676b895e5,2017-10-24T02:42:55.000Z,0.000231,0x9e5871f48e8a512718db4a17cdcd72b404dc8225,buy,0x8effd494eb698cc399af6231fccd39e08fd20b15,0x589a06d4bd3f99a0b5807a07516c3138751f7b7aff9a7dc281fdb79611c40ebd
308,1607,0.36977744,0x549d163be1135f593f5950d63f2d1d1676b895e5,2017-10-24T02:42:55.000Z,0.00023010419415059116,0x3a73def5c97d90f86ebf559b543782ff74c959a5,buy,0x8effd494eb698cc399af6231fccd39e08fd20b15,0x784086c4173f8c419df1c64732dc9d3e56856e6c11b3bcff6a8d98b518b32b89
309,366,0.08235,0x549d163be1135f593f5950d63f2d1d1676b895e5,2017-10-24T02:42:43.000Z,0.000225,0x3dee4a4e076e8d82859d241db0baf46f112cfa23,buy,0x8effd494eb698cc399af6231fccd39e08fd20b15,0xa86b4b03fc310b6e69335eb6040a81fdf3d708bec1514510e163b1db949657ca
310,3000,0.678,0x549d163be1135f593f5950d63f2d1d1676b895e5,2017-10-24T02:42:43.000Z,0.000226,0x9e5871f48e8a512718db4a17cdcd72b404dc8225,buy,0x8effd494eb698cc399af6231fccd39e08fd20b15,0xc574426bdfe09e6f133f03638d7f24d79567c99bfdfcb94f6219573b6a376d97
311,5605,1.129413105,0xe519e4b2d12035ff0939e5445b72d0ddc1548aa5,2017-10-24T02:13:29.000Z,0.000201501,0x9e5871f48e8a512718db4a17cdcd72b404dc8225,sell,0x8effd494eb698cc399af6231fccd39e08fd20b15,0xf72173863b8d45e635248dc7d824342b1d6fb75cc93830799af5d43b325a22b4
312,9035,1.820561535,0xe519e4b2d12035ff0939e5445b72d0ddc1548aa5,2017-10-24T01:59:30.000Z,0.000201501,0x3c44438ca119cb3f91dee8f514f435f2d88c338f,sell,0x8effd494eb698cc399af6231fccd39e08fd20b15,0xaea36c1960f3004aea772fd8ea0b874bbaa786fc72df117421fe9fc43326f074
313,2591,0.5961574975039247,0xc255c848b0cc5c6633e5c38e14c8b70bcea1ea68,2017-10-23T23:38:56.000Z,0.00023008780297334027,0x3a73def5c97d90f86ebf559b543782ff74c959a5,buy,0x8effd494eb698cc399af6231fccd39e08fd20b15,0x8b356114ac0f955f3865c1900adb3155341ff432822c2d02c8b37ada34d0a653
314,90,0.02025,0x4c725e97432c5d571000d778b641f57c8105d1b1,2017-10-23T22:31:57.000Z,0.000225,0x3dee4a4e076e8d82859d241db0baf46f112cfa23,buy,0x8effd494eb698cc399af6231fccd39e08fd20b15,0xe01926bdde726962aa45de9cb35780e25635df9e5cc287f4f21e8204b1b46c8c
315,4424,0.88482212,0xc3df65a938ff0b4ac381997fa63aca19b64bf507,2017-10-23T18:50:10.000Z,0.000200005,0x0008631eea90043b262125c8de8d3191b1156c4e,sell,0x8effd494eb698cc399af6231fccd39e08fd20b15,0x365347e1abc6e7345fb818adb90716734137e4d31c5af6120e90b24d3cf297b5
316,456,0.082085016,0x3dee4a4e076e8d82859d241db0baf46f112cfa23,2017-10-23T17:29:14.000Z,0.000180011,0x314cbb74e9c1a5bd5a5530e2c0dcb60f4850b238,sell,0x8effd494eb698cc399af6231fccd39e08fd20b15,0x419ecb70fc76e4138495c6683ae14d7d2f27d1f42bc1af2111dd1da2986f01d2
317,1202,0.241602,0x9c232158b5e0f9a23bf9a399cd9197c7f131d13b,2017-10-23T17:24:49.000Z,0.000201,0x314cbb74e9c1a5bd5a5530e2c0dcb60f4850b238,sell,0x8effd494eb698cc399af6231fccd39e08fd20b15,0x2efe595b2f64c58735c6864267a2a0f8faea845ef7aa8f4ac1d85b05673bdce7
318,5500,1.05600055,0xc757885dfc5b77c4690103639c78ae600e9e6953,2017-10-23T17:22:57.000Z,0.0001920001,0x314cbb74e9c1a5bd5a5530e2c0dcb60f4850b238,sell,0x8effd494eb698cc399af6231fccd39e08fd20b15,0x6bb7578028538ff72544709118db7e1eba8ce2cc12457df419ebd9d95f1f951c
319,3500,0.6720035,0x3dee4a4e076e8d82859d241db0baf46f112cfa23,2017-10-23T17:22:57.000Z,0.000192001,0x314cbb74e9c1a5bd5a5530e2c0dcb60f4850b238,sell,0x8effd494eb698cc399af6231fccd39e08fd20b15,0x8bc2aa6fb6c2a8e5f570a895ea6cafffb07c8947de9cda5cbfcd3cb931ec3b83
320,3000,0.606,0x89be575727156aca2c35cb1703e8f4b1e0ffe9e8,2017-10-23T17:22:32.000Z,0.000202,0x314cbb74e9c1a5bd5a5530e2c0dcb60f4850b238,sell,0x8effd494eb698cc399af6231fccd39e08fd20b15,0x7736911ecc7298abe07d518236e7d73141cc49e5db253ce4248de003714c0a90
321,39065,7.50048,0x93cc61dd1be82b6ac31d4b25a0f61173be7bb00d,2017-10-23T17:21:40.000Z,0.000192,0x314cbb74e9c1a5bd5a5530e2c0dcb60f4850b238,sell,0x8effd494eb698cc399af6231fccd39e08fd20b15,0xb2a27b81cd93f3961dbd662140fdb48328ad10ad3f6f2007994f528dbff3ba6f
322,40000,7.68072,0xf00babe0923eb7803ed5cb1aea0a04907198afd7,2017-10-23T17:21:07.000Z,0.000192018,0x314cbb74e9c1a5bd5a5530e2c0dcb60f4850b238,sell,0x8effd494eb698cc399af6231fccd39e08fd20b15,0xfc730aeb6a1ae417dd536548bc94ff2aeda97c34293357fd8fb33b184c04bf6c
323,798,0.160398,0x9c232158b5e0f9a23bf9a399cd9197c7f131d13b,2017-10-23T13:42:55.000Z,0.000201,0x2a862b06500d8e0410fe7a2611eaeb6b3e3276fa,sell,0x8effd494eb698cc399af6231fccd39e08fd20b15,0x47e0710b20edce43491db19970a13dafc3cef663c5690f0cce72ae1bd65e0eda
324,3355,0.671003355,0x83fdd0303706b855421036cd2b6332546728400e,2017-10-23T09:50:45.000Z,0.000200001,0x1fb25d2b2a1ad349021a209d44f0d1d00a8b97cd,sell,0x8effd494eb698cc399af6231fccd39e08fd20b15,0xb94f856ae1ed55c3e554f9b06eb68bfc2af191f29ac6abadef31c40c43312f94
325,888,0.2043050495392451,0xffe3d2e4be235ffe70f9a2723f1710ded50ad75f,2017-10-23T07:44:48.000Z,0.0002300732539856364,0x3a73def5c97d90f86ebf559b543782ff74c959a5,buy,0x8effd494eb698cc399af6231fccd39e08fd20b15,0xdf7dc260f0ac33d9f03b56bcab7c28ed28e7cc8fec2e9a31768a735af64fe6fa
326,5500,1.2925,0xffe3d2e4be235ffe70f9a2723f1710ded50ad75f,2017-10-23T07:43:47.000Z,0.000235,0xd35cc4db1066b87373c5b83f2a033b4aabb8a1f2,buy,0x8effd494eb698cc399af6231fccd39e08fd20b15,0x1180947c2867f02f05f2739c89c705d3b1b9994b1e95a067bed9e944be770929
327,2991,0.571283991,0x3dee4a4e076e8d82859d241db0baf46f112cfa23,2017-10-23T06:29:31.000Z,0.000191001,0xe29388758a0a01f7bda5a399abe1108b1259f104,sell,0x8effd494eb698cc399af6231fccd39e08fd20b15,0xe8b01fc1e32d538e4f9724a3934096f7dda6716adb793c8480491927a7f7726f
328,4460,1.063264,0xffe3d2e4be235ffe70f9a2723f1710ded50ad75f,2017-10-23T02:35:59.000Z,0.0002384,0xe28e920659ac540f9902414e0e0ff23a86712ed7,buy,0x8effd494eb698cc399af6231fccd39e08fd20b15,0x9b9832eb3f9e53e8c774bc1347895639cdb80ba849080eab58003c01532f1a44
329,4765,1.136924235,0xffe3d2e4be235ffe70f9a2723f1710ded50ad75f,2017-10-23T02:33:03.000Z,0.000238599,0x83fdd0303706b855421036cd2b6332546728400e,buy,0x8effd494eb698cc399af6231fccd39e08fd20b15,0x328e95072ddb65ae45dc77687e3a1885864b20c0ff440d04bd3a6bca722b2c0a
330,5,0.000710005,0x54409c45877a9877a724bdfc941dd5a16ac0f0c8,2017-10-23T00:34:05.000Z,0.000142001,0x57ff69166046245772dd53b9b079beeff1eaf58f,sell,0x8effd494eb698cc399af6231fccd39e08fd20b15,0x08a532640b5832f567eb7a278cccfcdc4c3be864816773e49c8feeccd033444a
331,3500,0.4970035,0x54409c45877a9877a724bdfc941dd5a16ac0f0c8,2017-10-23T00:32:35.000Z,0.000142001,0x57ff69166046245772dd53b9b079beeff1eaf58f,sell,0x8effd494eb698cc399af6231fccd39e08fd20b15,0xb8015062bdf2e08388c18968c668bff5c242e937dda65aab1eab8381f39a9ee6
332,921,0.13815,0xd842f147db3c3d525ce1a9d9993af9ca0defbafb,2017-10-23T00:32:16.000Z,0.00015,0x57ff69166046245772dd53b9b079beeff1eaf58f,sell,0x8effd494eb698cc399af6231fccd39e08fd20b15,0xd212f92122e9c5d5c73e47174e1fcb2b0d3b047137c6e35ffd26a8d1ae0cb207
333,200,0.038,0x36bd75f9afe05ebb4aace381929eec3f853b3697,2017-10-23T00:30:06.000Z,0.00019,0x57ff69166046245772dd53b9b079beeff1eaf58f,sell,0x8effd494eb698cc399af6231fccd39e08fd20b15,0x1eb71ed9e8287a67318f9df00a59961c35ee626010c5b8630729175273afb8bb
334,5000,0.80005,0x3dee4a4e076e8d82859d241db0baf46f112cfa23,2017-10-23T00:30:06.000Z,0.00016001,0x57ff69166046245772dd53b9b079beeff1eaf58f,sell,0x8effd494eb698cc399af6231fccd39e08fd20b15,0x617df4f4f952b12b5d7aabca0b5361b3e08e0d18d29f2a4bad05e0e9718fc48c
335,9700,1.649,0x89a11a930b4cc1bb17a646530a05a875a021dffb,2017-10-23T00:30:06.000Z,0.00017,0x57ff69166046245772dd53b9b079beeff1eaf58f,sell,0x8effd494eb698cc399af6231fccd39e08fd20b15,0x55cf2fcbefbabf22f72655bacb73e1d24d489fd932d1476211ed195986d82049
336,10000,1.71,0x7fb50efba0d35efb87a73bd685ceb9cef57e236e,2017-10-23T00:26:27.000Z,0.000171,0x57ff69166046245772dd53b9b079beeff1eaf58f,sell,0x8effd494eb698cc399af6231fccd39e08fd20b15,0x30e473d0bd3056b57b285e48c74bcbee66c5219fef253bb1a23eaa484db14763
337,7000,1.260616,0xd35cc4db1066b87373c5b83f2a033b4aabb8a1f2,2017-10-23T00:26:27.000Z,0.000180088,0x57ff69166046245772dd53b9b079beeff1eaf58f,sell,0x8effd494eb698cc399af6231fccd39e08fd20b15,0xbc3f624a7570b5ca5c9ba0096448f766ca929789e18717ddb5e95ee78200ae69
338,1000,0.191,0xfcbd4e101074615d6db43f94eef63ec9306feabc,2017-10-23T00:26:27.000Z,0.000191,0x57ff69166046245772dd53b9b079beeff1eaf58f,sell,0x8effd494eb698cc399af6231fccd39e08fd20b15,0x46cceaae4928e02680c5ab3e3cb919c405aa28b13ada085e8bdbed4b66228dc7
339,5088,0.971813088,0x3a73def5c97d90f86ebf559b543782ff74c959a5,2017-10-23T00:26:05.000Z,0.000191001,0x57ff69166046245772dd53b9b079beeff1eaf58f,sell,0x8effd494eb698cc399af6231fccd39e08fd20b15,0xf98b7a20e62659b01b195bfbe4c66b436b49990d13bbae658e9e74f7942e641f
340,5000,0.955,0x7fb50efba0d35efb87a73bd685ceb9cef57e236e,2017-10-23T00:26:05.000Z,0.000191,0x57ff69166046245772dd53b9b079beeff1eaf58f,sell,0x8effd494eb698cc399af6231fccd39e08fd20b15,0xfd3a96dc9cd3399cbb2493347fd3329d490989700b63769a9e6d1085ea90fe93
341,1000,0.196,0xfcbd4e101074615d6db43f94eef63ec9306feabc,2017-10-23T00:25:54.000Z,0.000196,0x57ff69166046245772dd53b9b079beeff1eaf58f,sell,0x8effd494eb698cc399af6231fccd39e08fd20b15,0x6319ec6a4a32c9cabffcfe5a6240f20d57d5ca1a72932072c1e146b6d55dba16
342,100,0.0195,0x41ac2e484520e65a1a176ab8929dc68dc38fcdd8,2017-10-23T00:25:54.000Z,0.000195,0x57ff69166046245772dd53b9b079beeff1eaf58f,sell,0x8effd494eb698cc399af6231fccd39e08fd20b15,0xb71c6e0524100bf0e5a316d47af8e0ab1185f236b38720de96ebf05f43f91bf7
343,5000,0.975,0x547269c54497404c144bfb5063ca41d51b7b5a88,2017-10-23T00:15:12.000Z,0.000195,0x57ff69166046245772dd53b9b079beeff1eaf58f,sell,0x8effd494eb698cc399af6231fccd39e08fd20b15,0x4542651c7370677e735b2b310efe090d6f7f071c555e86ec9bab3a87200c6a41
344,5000,0.905,0x7fb50efba0d35efb87a73bd685ceb9cef57e236e,2017-10-23T00:15:12.000Z,0.000181,0x57ff69166046245772dd53b9b079beeff1eaf58f,sell,0x8effd494eb698cc399af6231fccd39e08fd20b15,0xd2b4eb8d7ee2fdcf897ff23be24a65c412308a202e3ff4d70924e2d88fc26baf
345,10000,2,0xbd7a116f5e74fb871e427cd7de0fc82560845df9,2017-10-23T00:14:39.000Z,0.0002,0x57ff69166046245772dd53b9b079beeff1eaf58f,sell,0x8effd494eb698cc399af6231fccd39e08fd20b15,0x4e062f0da7e1375ee45894ecd08b5748d980634b289932181a2bce8bbfd3ecee
346,10000,1.90011,0x89a11a930b4cc1bb17a646530a05a875a021dffb,2017-10-23T00:14:39.000Z,0.000190011,0x57ff69166046245772dd53b9b079beeff1eaf58f,sell,0x8effd494eb698cc399af6231fccd39e08fd20b15,0xac802b06dd68c8e181c4a0d11fcc0257147319cb0bed11d3f97dc4f6ce2a9767
347,4950,0.9999,0x6fd623ab0dff084df49975986ad8af7c306bf8b8,2017-10-23T00:14:39.000Z,0.000202,0x57ff69166046245772dd53b9b079beeff1eaf58f,sell,0x8effd494eb698cc399af6231fccd39e08fd20b15,0x0351082de2c9b9173c67e5f0e87d12ab23abc19541759fb36c18e9e0b7dc4200
348,27620,4.99922,0xf60f3bbffa2a0660592b8f12441dee1b1bb0c061,2017-10-23T00:14:39.000Z,0.000181,0x57ff69166046245772dd53b9b079beeff1eaf58f,sell,0x8effd494eb698cc399af6231fccd39e08fd20b15,0xa6d5eff4d271fe225bcebf9af77609b0308cd749694539445a9221e8e2377212
349,7735,1.400035,0xf60f3bbffa2a0660592b8f12441dee1b1bb0c061,2017-10-23T00:14:39.000Z,0.000181,0x57ff69166046245772dd53b9b079beeff1eaf58f,sell,0x8effd494eb698cc399af6231fccd39e08fd20b15,0x405381d6a6c147c4b2f96b14985f1d3f34d62077ba181f38a18422e9e2e1f949
350,9300,1.9065,0xb66fab39d8743f7c7f053a47e5617528c717f61a,2017-10-23T00:14:07.000Z,0.000205,0x57ff69166046245772dd53b9b079beeff1eaf58f,sell,0x8effd494eb698cc399af6231fccd39e08fd20b15,0x55d60ebc13395faf8141077eefa44497a52bab3af0423fe85f7298a1229a150e
351,100,0.02,0x41ac2e484520e65a1a176ab8929dc68dc38fcdd8,2017-10-22T21:58:13.000Z,0.0002,0xbba1f993e59c2b0014d7f83f73b57a622bdd9dfc,sell,0x8effd494eb698cc399af6231fccd39e08fd20b15,0x6dbfba02577f79569ef8af3b9c55cb70f8a2a7ebbedee65e77c1925575dac55c
352,11943,2.843744881038605,0x7b7c8575b792193a7c09e87d2a2deb85f64a1c86,2017-10-22T18:29:28.000Z,0.0002381097614534543,0x1fb25d2b2a1ad349021a209d44f0d1d00a8b97cd,buy,0x8effd494eb698cc399af6231fccd39e08fd20b15,0x7233d46cf60f2ea573198d2580d9c633b26cb7929d1d313beb3210a7dc2794c6
353,18529,4.411876408134782,0xd36de45311cf597f672e8ee58dde3b630377f06d,2017-10-22T18:20:15.000Z,0.00023810655772760442,0x1fb25d2b2a1ad349021a209d44f0d1d00a8b97cd,buy,0x8effd494eb698cc399af6231fccd39e08fd20b15,0x49c4ed1152afce033990385eb332d57d1173eae1843a9255e003aca11f411616
354,10,0.002381,0xd36de45311cf597f672e8ee58dde3b630377f06d,2017-10-22T18:14:16.000Z,0.0002381,0x1fb25d2b2a1ad349021a209d44f0d1d00a8b97cd,buy,0x8effd494eb698cc399af6231fccd39e08fd20b15,0x721020ed88a49055ad82f27cc2c6a93c09898904b0a82da4e5dc3ae5bc920a4c
355,1,0.0002381,0xe1fa699860444be91d366c21de8fef56e3dec77a,2017-10-22T18:08:56.000Z,0.0002381,0x1fb25d2b2a1ad349021a209d44f0d1d00a8b97cd,buy,0x8effd494eb698cc399af6231fccd39e08fd20b15,0xf56e3583a2a239230bd13cfdb09170025992f57fed913f87f3029f709a439791
356,1001,0.22022,0xd36de45311cf597f672e8ee58dde3b630377f06d,2017-10-22T18:01:31.000Z,0.00022,0x00f7b412f16a0eb6e62b1c625fcea2cd63308594,buy,0x8effd494eb698cc399af6231fccd39e08fd20b15,0x0ebfabaa6d1d2d15af882529f9ba435685843be16d91da237145f4c4b5b5b6d5
357,4700,1.0951,0x9778550d76b07ac9f5e57392f68ecdf6efc1774e,2017-10-22T11:41:34.000Z,0.000233,0xd35cc4db1066b87373c5b83f2a033b4aabb8a1f2,buy,0x8effd494eb698cc399af6231fccd39e08fd20b15,0xb46c32026476447f74c89af5ae75860dabf825a90a2cd1150ccbb16f04afd052
358,100,0.02381,0xbd7a116f5e74fb871e427cd7de0fc82560845df9,2017-10-22T09:45:19.000Z,0.0002381,0xd35cc4db1066b87373c5b83f2a033b4aabb8a1f2,sell,0x8effd494eb698cc399af6231fccd39e08fd20b15,0x025bd143ec731b158245fbf949fa6ef60cbe5cc9c8ad22269c9ffa17691bfb39
359,235,0.050783735,0x6d9673ed55c8be45250fbba244ca9dd73f049c38,2017-10-22T07:04:14.000Z,0.000216101,0x1fb25d2b2a1ad349021a209d44f0d1d00a8b97cd,sell,0x8effd494eb698cc399af6231fccd39e08fd20b15,0x99faeb0a16c54c96b55a29d2ca9db71d1016d88c5295cd2006bd9f6f6ad885dc
360,1744,0.3768784,0x0d710c8aab9ee65daf642433a662ccb72d3fbec4,2017-10-22T05:08:18.000Z,0.0002161,0x85af6945abf90907e4fbf2c72ce16b6b5a2761cd,sell,0x8effd494eb698cc399af6231fccd39e08fd20b15,0x71c35724f33249f967bdafbdfef223da1f22db18365c767a3400fc4b70f14ac5
361,12500,2.5,0x706a25cffb1202c78164e23259b15752e0bb3a4a,2017-10-22T03:50:06.000Z,0.0002,0x1fb25d2b2a1ad349021a209d44f0d1d00a8b97cd,sell,0x8effd494eb698cc399af6231fccd39e08fd20b15,0xd38ff19bf107e17b7ab8a9281145f5e31aadbbf02aaf0a11ab9143bfb4d5db41
362,18000,3.600018,0x85af6945abf90907e4fbf2c72ce16b6b5a2761cd,2017-10-22T03:49:34.000Z,0.000200001,0x1fb25d2b2a1ad349021a209d44f0d1d00a8b97cd,sell,0x8effd494eb698cc399af6231fccd39e08fd20b15,0xa33c0323ad5cac3a872dc218a41716c31baeb43a087e7bae5a6bf33f206cc2b6
363,20000,4,0x89a11a930b4cc1bb17a646530a05a875a021dffb,2017-10-22T03:49:34.000Z,0.0002,0x1fb25d2b2a1ad349021a209d44f0d1d00a8b97cd,sell,0x8effd494eb698cc399af6231fccd39e08fd20b15,0xc71c8dd4ef09e304552ca5084f2d45301c25246c779e6e36085fd52aaece4016
364,14800,2.96148,0xf4fa8d6804dc10bc51dc4905358c0ef2da10fd64,2017-10-22T03:49:14.000Z,0.0002001,0x1fb25d2b2a1ad349021a209d44f0d1d00a8b97cd,sell,0x8effd494eb698cc399af6231fccd39e08fd20b15,0x7e0919398299322718c01b11ea4cb50151a88fb1881174829704be54eb898f6a
365,10000,2.05,0x89a11a930b4cc1bb17a646530a05a875a021dffb,2017-10-22T03:48:25.000Z,0.000205,0x1fb25d2b2a1ad349021a209d44f0d1d00a8b97cd,sell,0x8effd494eb698cc399af6231fccd39e08fd20b15,0x339a16705f39c6b135002447cf7bdbbc87e65fa1238355f116fd58f3a5eca4e1
366,10000,2.161,0xa410b730d89ec3ab3c11fbc4fea4a8385ca694f3,2017-10-22T03:42:51.000Z,0.0002161,0x1fb25d2b2a1ad349021a209d44f0d1d00a8b97cd,sell,0x8effd494eb698cc399af6231fccd39e08fd20b15,0x1d702d2f62a955b01878241106787aa364a9f466aa397f3c555040306a24c5a3
367,23074,4.983984,0xa81d30697eaf18bc2d0b6a87ec5aa22e0506be42,2017-10-22T03:42:21.000Z,0.000216,0x1fb25d2b2a1ad349021a209d44f0d1d00a8b97cd,sell,0x8effd494eb698cc399af6231fccd39e08fd20b15,0xe80097eab93dcb0cfd423cc54cd757d51de13b061f57100768c897391f32e6d0
368,14396,3.037556,0xd13678bd996bcacf0f4d0e81f3c1036af01cee49,2017-10-22T03:42:21.000Z,0.000211,0x1fb25d2b2a1ad349021a209d44f0d1d00a8b97cd,sell,0x8effd494eb698cc399af6231fccd39e08fd20b15,0xadead4f3cddf3627147336c9a0b63b53f6e32a4dfd3ea78eb16ccac45ab2436b
369,23044,4.979854488,0xa81d30697eaf18bc2d0b6a87ec5aa22e0506be42,2017-10-22T03:37:31.000Z,0.000216102,0x1fb25d2b2a1ad349021a209d44f0d1d00a8b97cd,sell,0x8effd494eb698cc399af6231fccd39e08fd20b15,0x5d850c0a35fb6b629ec76eec5c3477994c8767e6611a3789d9055d4ff772e9bd
370,3366,0.7276085033107335,0x9778550d76b07ac9f5e57392f68ecdf6efc1774e,2017-10-22T03:30:05.000Z,0.00021616414239772236,0x1fb25d2b2a1ad349021a209d44f0d1d00a8b97cd,buy,0x8effd494eb698cc399af6231fccd39e08fd20b15,0xbe4ef5cf74cc85a8de80d8dd16778140012a1263c2d1c5ee61715ab3f7cc546e
371,463,0.10010488665676727,0x85b038d96bce7f53f60c804a6c851107784fe760,2017-10-22T03:19:25.000Z,0.00021620925843794227,0x1fb25d2b2a1ad349021a209d44f0d1d00a8b97cd,buy,0x8effd494eb698cc399af6231fccd39e08fd20b15,0x52058683cf71356516c1e38ffd1bef258f2e76c8a391ac3521ad2b8b28ba52b0
372,19213,4.152118054032499,0x85b038d96bce7f53f60c804a6c851107784fe760,2017-10-22T03:17:20.000Z,0.00021610982428733145,0x1fb25d2b2a1ad349021a209d44f0d1d00a8b97cd,buy,0x8effd494eb698cc399af6231fccd39e08fd20b15,0x68c3dbaa015105091cff1785a9c4970c6d8d2c3019dd26be8e7dfd18cfbf9236
373,11999,2.593007898,0x9778550d76b07ac9f5e57392f68ecdf6efc1774e,2017-10-22T02:28:36.000Z,0.000216102,0x510c977625efc3e27a322d6b43daebdf5193388b,buy,0x8effd494eb698cc399af6231fccd39e08fd20b15,0xa4251d5fadc710352de467483225c30ca2dd95d96931d4e60f4004c3fd713b4a
374,205,0.0498692860799649,0xe2a5f1e1ccf03a1b15d2aa00cf297a7e8b8126a3,2017-10-21T16:27:05.000Z,0.00024326481014617024,0x6d9673ed55c8be45250fbba244ca9dd73f049c38,buy,0x8effd494eb698cc399af6231fccd39e08fd20b15,0xd38d9ccadc03089b46cb29e9cb8d2d96aa8d0ebebb00ef1c9671aef0d1114e1e
375,74,0.015984,0xa81d30697eaf18bc2d0b6a87ec5aa22e0506be42,2017-10-21T15:12:01.000Z,0.000216,0x5c2b2c58d9c62e61bdddd709c21477a2daf297ca,sell,0x8effd494eb698cc399af6231fccd39e08fd20b15,0xdd1a8a5fc49d66264fdd1536cbed0c4bcc314cc8209f86630900499cd3c0b74e
376,6104,1.287944,0xd13678bd996bcacf0f4d0e81f3c1036af01cee49,2017-10-21T14:52:09.000Z,0.000211,0x765c80af38d7dd4efa8649c93d457ea6ccb842a7,sell,0x8effd494eb698cc399af6231fccd39e08fd20b15,0x4b9b6e61466c444f6d0667a8d13c2b3d2a598067f5cec7883d3d64a90d9b2da8
377,5172,1.132088736,0xd35cc4db1066b87373c5b83f2a033b4aabb8a1f2,2017-10-21T13:43:42.000Z,0.000218888,0x85af6945abf90907e4fbf2c72ce16b6b5a2761cd,sell,0x8effd494eb698cc399af6231fccd39e08fd20b15,0xb7803dac3523c03f991bbf226271191611f644aa8c4db7b37b07063045473049
378,7065,1.546450785,0x6d9673ed55c8be45250fbba244ca9dd73f049c38,2017-10-21T13:43:08.000Z,0.000218889,0x85af6945abf90907e4fbf2c72ce16b6b5a2761cd,sell,0x8effd494eb698cc399af6231fccd39e08fd20b15,0xe3014a304b8aad43c45fa9742c9c33b080a776ee8693c7d8dd7a58ec8500a74d
379,5,0.001269495,0x1c41af6664365789956b7310fe0ff87090bd97b8,2017-10-21T13:04:40.000Z,0.000253899,0x54409c45877a9877a724bdfc941dd5a16ac0f0c8,sell,0x8effd494eb698cc399af6231fccd39e08fd20b15,0x38dbe407bed7eecf02e57c5b148d914e84eefcc4b77bb2fb2d70a32fba6cddd2
380,15000,3.795,0xdef0083fea701af025c19bdf0d328d5a44eac384,2017-10-21T10:25:10.000Z,0.000253,0xc018f8f7bc0a71fe6ea204764d6ecbffed7c265d,buy,0x8effd494eb698cc399af6231fccd39e08fd20b15,0xd01c50fa4eb2078acc2412bf12e264d6f19cb1128ed111abc1fce75dd593b378
381,828,0.181239264,0xd35cc4db1066b87373c5b83f2a033b4aabb8a1f2,2017-10-21T10:18:18.000Z,0.000218888,0x569dfde8c25673bb542e93a2846af82a3890057b,sell,0x8effd494eb698cc399af6231fccd39e08fd20b15,0x9552ddb0814cbf7e65a26942f4e51d817b9ae8fd49ad7593447b4abafb4b1900
382,3500,0.7672,0x547269c54497404c144bfb5063ca41d51b7b5a88,2017-10-21T10:13:49.000Z,0.0002192,0x569dfde8c25673bb542e93a2846af82a3890057b,sell,0x8effd494eb698cc399af6231fccd39e08fd20b15,0xe108227919aa67c1c3eecdffa1c88e7fc03adbb402b015ed2185d0e39c691d61
383,2,0.000507798,0xb4c432a9559a4f1464d2bff9fcbbdc14f1c39dec,2017-10-21T09:10:18.000Z,0.000253899,0x85af6945abf90907e4fbf2c72ce16b6b5a2761cd,buy,0x8effd494eb698cc399af6231fccd39e08fd20b15,0x7f0bbe16271b3a16186e8e7a3b22fc5af8c8d42ee9e21cecd5c4940cf43c11bb
384,2272,0.49984,0x1618ef8b3f3ddcb5c79531575dc851d3e01264ce,2017-10-21T08:21:07.000Z,0.00022,0x85af6945abf90907e4fbf2c72ce16b6b5a2761cd,sell,0x8effd494eb698cc399af6231fccd39e08fd20b15,0xe56859cd5397209dc1fd6b40e5370aa3cf27d29b717144ab2805da176e832c8a
385,15568,3.954272,0xc3df65a938ff0b4ac381997fa63aca19b64bf507,2017-10-21T05:57:22.000Z,0.000254,0x76c2b0da81f06d5d1945e163913b3e41f9cfee5c,buy,0x8effd494eb698cc399af6231fccd39e08fd20b15,0xedc585f0e3d3d139739224ee88b3f00dc504f149fbfdfca4e5cd81306e994651
386,452,0.1153671,0xc3df65a938ff0b4ac381997fa63aca19b64bf507,2017-10-21T05:56:30.000Z,0.00025523694690265486,0x83cfe8b3c96bd189667a1902eac997d7cb01076a,buy,0x8effd494eb698cc399af6231fccd39e08fd20b15,0xf86cb9cc8d12ad4ce5157c5ef53189eaba09c333abbf566f4a7cd0f6ea6d9b31
387,19570,4.994264,0xb0e091c6fd586d488f8d5aa73b8296fea7b0a718,2017-10-21T05:54:34.000Z,0.0002552,0x76c2b0da81f06d5d1945e163913b3e41f9cfee5c,sell,0x8effd494eb698cc399af6231fccd39e08fd20b15,0x233d4d8dd800560427cf5d443763f562e6a47a6bf60a1d9f9a657880ac39cef0
388,44,0.011367779390912236,0x64db2a0348007280efec66b1ef48714307c4b95e,2017-10-21T04:18:35.000Z,0.00025835862252073264,0x83cfe8b3c96bd189667a1902eac997d7cb01076a,buy,0x8effd494eb698cc399af6231fccd39e08fd20b15,0x27c0617bd6c2a8a0abdc458a7f4444e397a6771f5545d18d8bc1a2c22eb207df
389,2580,0.56244,0x547269c54497404c144bfb5063ca41d51b7b5a88,2017-10-21T02:51:13.000Z,0.000218,0x4a522a059291f53b8ffee8b90b72a1223b6dac46,sell,0x8effd494eb698cc399af6231fccd39e08fd20b15,0x03476cb338529807afc2244c9acbd86636a2489964cd81d82e595adcc5312a6d
390,472,0.120464312,0x1da251119e3a70bcb4aed858bd2acccff2155077,2017-10-21T00:03:56.000Z,0.000255221,0x7df82683a572d9529426b0c799083397193e0387,sell,0x8effd494eb698cc399af6231fccd39e08fd20b15,0x428a3bf863fcfc15312d04565f27895a896853f3439365abd3b1fb21c38973d7
