,amount,amountBase,buyer,date,price,seller,side,tokenAddr,txHash
0,0.6265664160401002,0.0005,0x3bfdec5343e950ce45522eef9948c977631b4000,2017-11-02T11:58:37.000Z,0.000798,0x88650fdbfbb5c7933eb52008c4387050b963747d,buy,0x1183f92a5624d68e85ffb9170f16bf0443b4c242,0xc1383f0fcc49d9bf1e53dd65ecf9f60a8c69863223e25b453061ea4e1b6012f1
1,0.6265664160401002,0.0005,0x350f6f675b20d606bb7f6c412ef4775c9bc57168,2017-11-02T11:58:37.000Z,0.000798,0x88650fdbfbb5c7933eb52008c4387050b963747d,buy,0x1183f92a5624d68e85ffb9170f16bf0443b4c242,0xd388b73df183f0d335e84f2ffb7259816676c047ffa344386dea122800a27c70
2,2000,1.05,0x508e4a96dab9bd044d0bb654d623c4ef663dfc35,2017-11-02T10:37:55.000Z,0.000525,0xb57ae4b8408b8553e7a99de8257264e01a1fb71e,sell,0x1183f92a5624d68e85ffb9170f16bf0443b4c242,0x0e40d3916cb0a8b7af05bccf6fe3bbd1a5106cfa0dee4f57a80b333019f3ab97
3,1000,0.55,0x508e4a96dab9bd044d0bb654d623c4ef663dfc35,2017-11-02T10:37:50.000Z,0.00055,0xb57ae4b8408b8553e7a99de8257264e01a1fb71e,sell,0x1183f92a5624d68e85ffb9170f16bf0443b4c242,0xa8c43e26041cf71a01b65355097fabfdc48c010c98ab7e2d2e2b17ec225ec0c5
4,160,0.0896,0xd9a6175953418ccda3f232750f5fa4939afa55a6,2017-11-02T10:22:11.000Z,0.00056,0x7c1ac7ea4f37e31019abf7aa8783af9ed20978c9,sell,0x1183f92a5624d68e85ffb9170f16bf0443b4c242,0x5d5662f8bdaa375d44b89e78f3d975b48b897244e222f309e8575cc045f964d4
5,0.001,0.000000785,0x0c4085d8e714ca77ac5f46cd2b80a92d238a7cd3,2017-11-02T10:07:42.000Z,0.000785,0xb57ae4b8408b8553e7a99de8257264e01a1fb71e,buy,0x1183f92a5624d68e85ffb9170f16bf0443b4c242,0x15bbea015d1ab69ed828bdd2047929ff1dc06905d80d9d4e1fbbdf8dc0cb353c
6,0.000405,3.24,0x79b40b57a32ddc795c99faad6b573d8b474292cf,2017-11-02T09:51:37.000Z,8000,0x273a5d3e6721b9f5c1a6474f560c1334c63dda01,sell,0x1183f92a5624d68e85ffb9170f16bf0443b4c242,0x29718ef4d9a3071061e0f358e8d51c35db61d8a66686313fb9f3f3632de03dd0
7,996.9095803010667,0.4994417306350314,0xb76c22caf4449ca354da2b77779e0d85fabbd31c,2017-11-02T04:37:02.000Z,0.00050099,0x1dbefb7fd039d77c46c8e5f1a355c6c921198054,sell,0x1183f92a5624d68e85ffb9170f16bf0443b4c242,0xcd60d093566089195041c53a7fcc11eaad3c668ec9c97d60e23fbc2de512871c
8,1461.863252479426,0.5847453009917704,0xa99d3d94e9c7448de1f9d15eb6d22d91f7cc17a5,2017-11-02T00:31:13.000Z,0.00039999999999999996,0xcaf218065acf4f8b65209748fd52cb72f5f7cc29,sell,0x1183f92a5624d68e85ffb9170f16bf0443b4c242,0xdf629005caf903ed04b4e6c97b22aac0ca66852ea358c9bd6463a29f7368cd06
9,1500,0.6225,0x11afbc0177e65937704095a6b7c1c53bfd0553e4,2017-11-02T00:29:45.000Z,0.000415,0xcaf218065acf4f8b65209748fd52cb72f5f7cc29,sell,0x1183f92a5624d68e85ffb9170f16bf0443b4c242,0x18004f58cb1e91484e0aee32db59ed20a3107cd640fba53f52b1c601d776fcef
10,8000,4.08,0xe896783ea1ab389218fdc46223f3b6d3dc4b3612,2017-11-02T00:28:51.000Z,0.00051,0xcaf218065acf4f8b65209748fd52cb72f5f7cc29,sell,0x1183f92a5624d68e85ffb9170f16bf0443b4c242,0xaf7c093cb656676b242fb4419e5344a1bf4bc4faa4d9a848c067787743dd94b8
11,300,0.174,0x0c597692c5ebb128a579a9b10adae16c610ddbc1,2017-11-02T00:28:51.000Z,0.00058,0xcaf218065acf4f8b65209748fd52cb72f5f7cc29,sell,0x1183f92a5624d68e85ffb9170f16bf0443b4c242,0x0db353f6b880c75aa577c5bb4a3282d422c0ff6caa429ce4264ac2bba9d11c7f
12,2107.046,1.08512869,0x79b40b57a32ddc795c99faad6b573d8b474292cf,2017-11-02T00:28:51.000Z,0.000515,0xcaf218065acf4f8b65209748fd52cb72f5f7cc29,sell,0x1183f92a5624d68e85ffb9170f16bf0443b4c242,0x9c35c614c636aae785be63fa7fa4d879dd10c812022ea405413f4ed1117f42e9
13,881.353,0.66101475,0xb911f119a87899c627f4f233de88d7a0c65341c8,2017-11-02T00:28:46.000Z,0.00075,0xcaf218065acf4f8b65209748fd52cb72f5f7cc29,sell,0x1183f92a5624d68e85ffb9170f16bf0443b4c242,0x1d69b15b2456b332cfbe8a9f6268f87dbf1497e552d4136e6af3f394cbea3522
14,405.6239027296988,0.32449912218375904,0xb2865c884ba6f1190e12ef64ed5fd147ca33b34d,2017-11-02T00:28:39.000Z,0.0008,0xcaf218065acf4f8b65209748fd52cb72f5f7cc29,sell,0x1183f92a5624d68e85ffb9170f16bf0443b4c242,0xee4dc218cf0951df004eb6041a8cfba88bb3f3829499582239af614da6424cb6
15,344.9307147841691,0.2759445718273353,0xb2865c884ba6f1190e12ef64ed5fd147ca33b34d,2017-11-01T23:59:56.000Z,0.0008,0xd0823c8cffcc5ef4091aed8590784cd170d0caf2,sell,0x1183f92a5624d68e85ffb9170f16bf0443b4c242,0xc644117428f3a08dcedde8ea101a5e122940ee9c33592517c4af1d1f37021d74
16,3.512854842811365,0.002810283874249091,0xb2865c884ba6f1190e12ef64ed5fd147ca33b34d,2017-11-01T23:13:32.000Z,0.0007999999999999997,0xd6bc5140a70906cd32c0131c255d36fadeac65c0,sell,0x1183f92a5624d68e85ffb9170f16bf0443b4c242,0x5597bbe52b92fc5bf420769231a454797b06f55d660bb748571993e284449d7a
17,49.845479015053336,0.03987638321204267,0xb2865c884ba6f1190e12ef64ed5fd147ca33b34d,2017-11-01T22:11:26.000Z,0.0007999999999999999,0xe2603cae5a714ccac6ec758bb0d4bbb1822deec0,sell,0x1183f92a5624d68e85ffb9170f16bf0443b4c242,0x039edeb922ff65a7b40881ca82d99e3e57cc59e34f5936de3dbb8bc99c453d6a
18,1097.5825670421693,0.8780660536337355,0xb2865c884ba6f1190e12ef64ed5fd147ca33b34d,2017-11-01T19:08:56.000Z,0.0008,0x2daf797758a4372812bc67d6d166b3a387dcfd78,sell,0x1183f92a5624d68e85ffb9170f16bf0443b4c242,0x5f17760f29c21e107d44a2d0c25a5c757b829625dab66dee622f5b4d3957ea9c
19,0.04969143556480245,0.000039753148451841,0xb2865c884ba6f1190e12ef64ed5fd147ca33b34d,2017-11-01T18:07:47.000Z,0.0007999999999999807,0xa4a67798c305d32b0e9ef17f837d72ea77634cab,sell,0x1183f92a5624d68e85ffb9170f16bf0443b4c242,0xe1a17a801a059f6f4c7fc4d3087404d05ae0cdee8f6780c0d00c2fbff124295f
20,498.45479015053337,0.39876383212042665,0xb2865c884ba6f1190e12ef64ed5fd147ca33b34d,2017-11-01T17:45:21.000Z,0.0008,0xa4a67798c305d32b0e9ef17f837d72ea77634cab,sell,0x1183f92a5624d68e85ffb9170f16bf0443b4c242,0x58a2f5ce39a7bb4a8af5f12d60302b9f5c69c9fc7801fc7b7d49628ea280c920
21,3.9876383212042668,0.0029907287409032,0xb911f119a87899c627f4f233de88d7a0c65341c8,2017-11-01T08:33:06.000Z,0.00075,0x6061ec9dc92e50e73e9034d42e84b4d8b788f643,sell,0x1183f92a5624d68e85ffb9170f16bf0443b4c242,0x81083fa467d7cc2184a99e560ca3552c5b28eb49c67891cd451c3b363ec416c4
22,1000,0.75,0xb911f119a87899c627f4f233de88d7a0c65341c8,2017-11-01T08:17:56.000Z,0.00075,0x2daf797758a4372812bc67d6d166b3a387dcfd78,sell,0x1183f92a5624d68e85ffb9170f16bf0443b4c242,0x447889ce6306b5b59cdcd1c875fac15f56c9a6f2fe4c1e6e5c1b5ec76fede43e
23,0.23999792683416452,0.000179998445125623,0xb911f119a87899c627f4f233de88d7a0c65341c8,2017-11-01T08:17:22.000Z,0.0007499999999999984,0xd1d9cfcb91b34373a23b8665ae17b4e5829958e2,sell,0x1183f92a5624d68e85ffb9170f16bf0443b4c242,0x9c2ca09cc8017056445edd8ec31705bafa2ad03a3b6bd0b20080750591dbaa44
24,2407.4192040735043,1.8055644030551283,0xb911f119a87899c627f4f233de88d7a0c65341c8,2017-11-01T08:16:14.000Z,0.00075,0xd1d9cfcb91b34373a23b8665ae17b4e5829958e2,sell,0x1183f92a5624d68e85ffb9170f16bf0443b4c242,0x6575ecba4aece01ef946f2cfc0d935ed5e11d8ed720cb5f9dcec789eaf391084
25,118,0.10148,0x98145d44c9b1d0b6b48e58e0c144ca76fe90105f,2017-11-01T08:15:00.000Z,0.00086,0xd1d9cfcb91b34373a23b8665ae17b4e5829958e2,sell,0x1183f92a5624d68e85ffb9170f16bf0443b4c242,0xd3dd792aaf99890c3c853d9d2f45584f0a0e247167d6db773622b79895df411b
26,95,0.071345,0x30f2e605c6c9d1c8a1b24093e759970c22614a5d,2017-11-01T08:13:08.000Z,0.000751,0xd1d9cfcb91b34373a23b8665ae17b4e5829958e2,sell,0x1183f92a5624d68e85ffb9170f16bf0443b4c242,0xbf92d441624a5b274a69b989b0b00b09e0508cacd9a81e86c1832ca9260a4e57
27,120,0.1038,0xcf65ae295dccc5ad75e244d30cd20a9f3db4fe50,2017-11-01T08:13:08.000Z,0.000865,0xd1d9cfcb91b34373a23b8665ae17b4e5829958e2,sell,0x1183f92a5624d68e85ffb9170f16bf0443b4c242,0xec3909a4b5d0c0907941c4f7d35fda426818430e60a0d41d433bb0105395644a
28,20.247,0.01755435147,0x56661e238d6784951f00c036a3a1224dcadd6840,2017-11-01T08:13:08.000Z,0.00086701,0xd1d9cfcb91b34373a23b8665ae17b4e5829958e2,sell,0x1183f92a5624d68e85ffb9170f16bf0443b4c242,0xadd555f69825fecb7f789cfc18ec86bb6972a8dffa200f65c50a43e030b7f4e1
29,3460,2.99982,0xfd2418617b08030afb197f64ec6325673b539f7c,2017-11-01T08:13:08.000Z,0.000867,0xd1d9cfcb91b34373a23b8665ae17b4e5829958e2,sell,0x1183f92a5624d68e85ffb9170f16bf0443b4c242,0x1dada543733c08aef261c0b584cba4e19394755328d86ffce3b2d12b78980fb5
30,38.431888329895585,0.03266710508041124,0xe99c29b1a29064a11099485b9b097980893e2d2d,2017-11-01T08:13:08.000Z,0.00085,0xd1d9cfcb91b34373a23b8665ae17b4e5829958e2,sell,0x1183f92a5624d68e85ffb9170f16bf0443b4c242,0xcb90d58551b913240d0c84d561c0601622450d12cb22821b1f7eaf67c8ccb739
31,552.2126326131553,0.49699136935183974,0x348b237a2e3c1b4f527a1f18b35d6965b4944689,2017-11-01T08:12:24.000Z,0.0009,0xd1d9cfcb91b34373a23b8665ae17b4e5829958e2,sell,0x1183f92a5624d68e85ffb9170f16bf0443b4c242,0x1c43574547fd168b0b1132e6b4f1de860772c7a76761bc257db32827e5ecf94c
32,3455,3.00585,0xde9a6aab82f1e3ecca2603110d2409e5c63d2850,2017-11-01T08:12:24.000Z,0.00087,0xd1d9cfcb91b34373a23b8665ae17b4e5829958e2,sell,0x1183f92a5624d68e85ffb9170f16bf0443b4c242,0x8d856426c630bad2fd232bc8a021c230c998aef661436323d710449c57d7a591
33,3,0.00264,0xdeb7cce1d1fc7f8b7a9573352f2ad71597dabaf1,2017-11-01T08:12:24.000Z,0.00088,0xd1d9cfcb91b34373a23b8665ae17b4e5829958e2,sell,0x1183f92a5624d68e85ffb9170f16bf0443b4c242,0x5e0a185d5ff1bdafe1ad53837832c77e386658eb24eac56964af5c6af807ba79
34,348.91835310537334,0.31402651779483604,0x348b237a2e3c1b4f527a1f18b35d6965b4944689,2017-11-01T07:43:19.000Z,0.0009,0xed9dea892f5c8b5e9a75fb49ed6d5625a2fdbaf5,sell,0x1183f92a5624d68e85ffb9170f16bf0443b4c242,0x3dc2d3dc6a11d7547c1c188460b2a05c9d43faad3b010d77c1275819f5249577
35,496.8690142814714,0.4471821128533242,0x348b237a2e3c1b4f527a1f18b35d6965b4944689,2017-11-01T07:32:41.000Z,0.0009,0x75768239a714dcf95fb1ef6797df67cb55f9bf5f,sell,0x1183f92a5624d68e85ffb9170f16bf0443b4c242,0x8778c10857b0b5b8f72399de99c6e77b21e1489ad11b6f38b58f678e94d98ef4
36,30,0.035433,0xdeb7cce1d1fc7f8b7a9573352f2ad71597dabaf1,2017-11-01T04:02:32.000Z,0.0011811,0xaf859c7dc477ae70ff8c1ee8a25d65d800a90d90,buy,0x1183f92a5624d68e85ffb9170f16bf0443b4c242,0x1423981e1f01a9e71ee666697efb5d5a9b4443722b0527d007ed7c1548cdb415
37,5.727140133585804,0.006764325211778193,0xd798cf11debb0b63a275777ff485787bc7be606b,2017-11-01T03:59:40.000Z,0.0011811,0xaf859c7dc477ae70ff8c1ee8a25d65d800a90d90,buy,0x1183f92a5624d68e85ffb9170f16bf0443b4c242,0x39342b66004ff4b3f75984dc77959f42931f27472b34aa26543fc43b98fbd819
38,79.75276642408534,0.06914644601734622,0x56661e238d6784951f00c036a3a1224dcadd6840,2017-11-01T03:59:40.000Z,0.00086701,0xd798cf11debb0b63a275777ff485787bc7be606b,sell,0x1183f92a5624d68e85ffb9170f16bf0443b4c242,0x557a9030e80dd8179ffb9cd0cb96164c22ce68ea21fab4c269c2ce5a632fc861
39,85,0.0737035,0xaf859c7dc477ae70ff8c1ee8a25d65d800a90d90,2017-11-01T01:29:51.000Z,0.0008671,0x2daf797758a4372812bc67d6d166b3a387dcfd78,sell,0x1183f92a5624d68e85ffb9170f16bf0443b4c242,0x2fddcefe144ef2b20f6f2ef8ef9c47fa3891686cce66fd17d6ee82027e5d2b9c
40,150.309,0.130317903,0xca768633c810b5e5d3f620955d627e97b18ea021,2017-11-01T01:29:31.000Z,0.000867,0x2daf797758a4372812bc67d6d166b3a387dcfd78,sell,0x1183f92a5624d68e85ffb9170f16bf0443b4c242,0x952016e4bc81ef5b610c2f71cc8db071c411ef82c312d71fc653af6de47382d5
41,500,0.4335,0xca768633c810b5e5d3f620955d627e97b18ea021,2017-11-01T00:05:33.000Z,0.000867,0x75768239a714dcf95fb1ef6797df67cb55f9bf5f,sell,0x1183f92a5624d68e85ffb9170f16bf0443b4c242,0xca40b80a573db52e7afe45e24da5e21d0fd3627e9b1485249167748f794bee1c
42,50,0.06,0xcea9fbbf4096e789bfe4712c38ec73c22ee4088a,2017-10-31T23:33:39.000Z,0.0012,0x4ca2872f4c9fb171e1f7f63b9a657dbd77d70a42,buy,0x1183f92a5624d68e85ffb9170f16bf0443b4c242,0x27c1a43428b96161e5094a1a9e3ff53f84a16d7f2ce5a809398a2419366a9b74
43,83,0.10043,0xa0e8d87e5caf8424c86c8d95d99d6394dc04ad22,2017-10-31T23:21:48.000Z,0.00121,0x4ca2872f4c9fb171e1f7f63b9a657dbd77d70a42,buy,0x1183f92a5624d68e85ffb9170f16bf0443b4c242,0x6517fd014dd86313e418b224d335a65c5164885ea8ac980aa28b31e91080fce7
44,99.69095803010667,0.08643206061210248,0xca768633c810b5e5d3f620955d627e97b18ea021,2017-10-31T22:53:40.000Z,0.000867,0x1077ab95c1ff324842ae8dd1ca3ebf6dfbe1e16f,sell,0x1183f92a5624d68e85ffb9170f16bf0443b4c242,0x231aa2f7c3b63ff20852bece4a2c561f9026dc6ea7da3db0796f48a34ca1fd55
45,60,0.072,0xcea9fbbf4096e789bfe4712c38ec73c22ee4088a,2017-10-31T22:43:42.000Z,0.0012,0x4ca2872f4c9fb171e1f7f63b9a657dbd77d70a42,buy,0x1183f92a5624d68e85ffb9170f16bf0443b4c242,0x2942434d8bc2c6d213a41360e73158c7bee37558aace5558c33e9b23f0802319
46,130.9703957499365,0.16005892064599742,0x028766e77831ba458cf66e585e6341519706a266,2017-10-31T22:22:33.000Z,0.0012221,0x9121e549540c67e9f89de688c4ea288ec4c5b183,buy,0x1183f92a5624d68e85ffb9170f16bf0443b4c242,0x34a4f17e9dc7bfa8c8fcd09b409a54b5757267619dafefafb097f1ee8bdaa000
47,200,0.202,0x3b0d91f3a91a8e46495d1dc35881510859f04ab3,2017-10-31T22:01:08.000Z,0.00101,0xdec08a327f3d1eb3d7b38c035813e13cffeabe29,sell,0x1183f92a5624d68e85ffb9170f16bf0443b4c242,0x494f93c46a88716aa9c71764b8bd358f3c0e9dc9df759e929b1eca36a175a11d
48,126.05,0.1273105,0x23c54718330e3d7e8d98895cd41886369b0b4c0d,2017-10-31T22:00:51.000Z,0.00101,0xdec08a327f3d1eb3d7b38c035813e13cffeabe29,sell,0x1183f92a5624d68e85ffb9170f16bf0443b4c242,0xa93a846e29b9089308e87e2c7523a61b384da6eec63395d207ae2cf183807004
49,0.317823,0.00035278353,0x1d5321e125f6c7079a716705541c7b371ca79e69,2017-10-31T21:51:50.000Z,0.00111,0xd3e0af2fd0be2b6148916ab295d365c8f6fea179,buy,0x1183f92a5624d68e85ffb9170f16bf0443b4c242,0xd004b050b6e3d4ae856c4e486a09ec3c8f7b49448f009c0d9d3127787881a12f
50,0.31687238285144564,0.000387249739082751,0x9121e549540c67e9f89de688c4ea288ec4c5b183,2017-10-31T21:51:50.000Z,0.0012220999999999977,0x1d5321e125f6c7079a716705541c7b371ca79e69,sell,0x1183f92a5624d68e85ffb9170f16bf0443b4c242,0xd004b050b6e3d4ae856c4e486a09ec3c8f7b49448f009c0d9d3127787881a12f
51,100,0.111,0x0f708bb6340efe1ae0a69cea648a31ed46e64f15,2017-10-31T21:50:27.000Z,0.00111,0xd3e0af2fd0be2b6148916ab295d365c8f6fea179,buy,0x1183f92a5624d68e85ffb9170f16bf0443b4c242,0x54cd04c3c88bc8b7c5af44ba3ce8194233339c86e5e4521b4ccb3d8acc70a2ad
52,105.623177,0.1290820846117,0x9121e549540c67e9f89de688c4ea288ec4c5b183,2017-10-31T21:49:58.000Z,0.0012221,0x273a5d3e6721b9f5c1a6474f560c1334c63dda01,sell,0x1183f92a5624d68e85ffb9170f16bf0443b4c242,0xb16cb1ae7ef991d5ee866d552084863663babff4b9011774140d59fe217b0f99
53,105.941,0.11759451,0x273a5d3e6721b9f5c1a6474f560c1334c63dda01,2017-10-31T21:49:58.000Z,0.00111,0xd3e0af2fd0be2b6148916ab295d365c8f6fea179,buy,0x1183f92a5624d68e85ffb9170f16bf0443b4c242,0xb16cb1ae7ef991d5ee866d552084863663babff4b9011774140d59fe217b0f99
54,800,0.888,0x0f708bb6340efe1ae0a69cea648a31ed46e64f15,2017-10-31T21:48:58.000Z,0.00111,0xd3e0af2fd0be2b6148916ab295d365c8f6fea179,buy,0x1183f92a5624d68e85ffb9170f16bf0443b4c242,0x2413e7f352355e3dcb31dd8c32c276578f36c8f9446550c4c20614a80a3b286d
55,1000,1.11,0x0f708bb6340efe1ae0a69cea648a31ed46e64f15,2017-10-31T21:48:36.000Z,0.00111,0xd3e0af2fd0be2b6148916ab295d365c8f6fea179,buy,0x1183f92a5624d68e85ffb9170f16bf0443b4c242,0x64381430aa1406140640cb85567acfd0788cca333524704a69bfff6bd68606de
56,100,0.111,0x60c797646b94c0f3a2a349c265f422360d7a8983,2017-10-31T21:42:40.000Z,0.00111,0xd3e0af2fd0be2b6148916ab295d365c8f6fea179,buy,0x1183f92a5624d68e85ffb9170f16bf0443b4c242,0xc5c0f202fefea1e3257b17011469ef3df809d55b6a6fd877dbda025d9f336a36
57,309.390888246436,0.3124847971289004,0x23c54718330e3d7e8d98895cd41886369b0b4c0d,2017-10-31T21:25:07.000Z,0.00101,0xabdda95296bee3062ac3ded6bc2d68c29f691bbb,sell,0x1183f92a5624d68e85ffb9170f16bf0443b4c242,0x73db3b2895c4b86516fe9621b97046c74b8bf33a2cae32e76059d166d9373b1f
58,102.35,0.1228189765,0x3b0d91f3a91a8e46495d1dc35881510859f04ab3,2017-10-31T21:20:04.000Z,0.00119999,0xf382c75c7edaf46a12b918128174cbf83a08f0d3,buy,0x1183f92a5624d68e85ffb9170f16bf0443b4c242,0x22d92e100a9364969386afcb190f9c2fa358e1f5845995bd0382785214404d73
59,110,0.1319989,0x028766e77831ba458cf66e585e6341519706a266,2017-10-31T21:16:28.000Z,0.00119999,0xf382c75c7edaf46a12b918128174cbf83a08f0d3,buy,0x1183f92a5624d68e85ffb9170f16bf0443b4c242,0xa38d238580a74ecd4fcb1a456d0f8d492c93d386438cb59308ca91c68c5b1098
60,50,0.0599995,0x77f23349cd32ddeb4aaeaf4d351f7234ab5de6ac,2017-10-31T21:13:44.000Z,0.00119999,0xf382c75c7edaf46a12b918128174cbf83a08f0d3,buy,0x1183f92a5624d68e85ffb9170f16bf0443b4c242,0x7f063299521cc919cd21747869ceb5e24a4e1a20d41d7d0016bd6edf4b2ea74b
61,500,0.599995,0x059a25a7f1043186af342d784f1b362939b61295,2017-10-31T21:13:03.000Z,0.00119999,0xf382c75c7edaf46a12b918128174cbf83a08f0d3,buy,0x1183f92a5624d68e85ffb9170f16bf0443b4c242,0x58f49b0dd5ff271df087ab8f861453c02050951755c2ef7e18c542da786bb54f
62,31.80568969872779,0.03212374659571506,0x23c54718330e3d7e8d98895cd41886369b0b4c0d,2017-10-31T21:02:34.000Z,0.00101,0x380b2791da751b9c48cb209cbcfd2df1d7853458,sell,0x1183f92a5624d68e85ffb9170f16bf0443b4c242,0x788c191cacba409f3482334957470dc7aa3685f82052a370f17d246def0a17d7
63,725,0.83375,0xec8bce8226cc92ce463c7df5fdbd10cfda50af31,2017-10-31T21:00:44.000Z,0.00115,0xd1d9cfcb91b34373a23b8665ae17b4e5829958e2,buy,0x1183f92a5624d68e85ffb9170f16bf0443b4c242,0xd5af48fe6e54f68f48c77dfeba1b4afc77230bf350fb83891f7c36927493baba
64,532.753343925658,0.5380808773649146,0x23c54718330e3d7e8d98895cd41886369b0b4c0d,2017-10-31T21:00:27.000Z,0.00101,0x68ca7fc4bfc3bb2a9cf6f45736dcadc2c427c5a0,sell,0x1183f92a5624d68e85ffb9170f16bf0443b4c242,0x075900e1da1a06e853bceadda2e4c887403faee3b0015f657af83e44b292d725
65,93,0.09951,0xfc4bcf831c96e650e11e6d804beaaeb2d357e138,2017-10-31T20:59:06.000Z,0.00107,0xd1d9cfcb91b34373a23b8665ae17b4e5829958e2,sell,0x1183f92a5624d68e85ffb9170f16bf0443b4c242,0x5f2e58e63bd23c56565f0c442b17982091c9aa3d94ac8024560657a01f19b28d
66,14700,14.994,0xcaf218065acf4f8b65209748fd52cb72f5f7cc29,2017-10-31T20:59:06.000Z,0.00102,0xd1d9cfcb91b34373a23b8665ae17b4e5829958e2,sell,0x1183f92a5624d68e85ffb9170f16bf0443b4c242,0xb9a1be915096acd40cf9e7cf25f5628f3e70ad282eedec653cd10ffc7c00522b
67,87,0.09483,0x9121e549540c67e9f89de688c4ea288ec4c5b183,2017-10-31T20:58:48.000Z,0.00109,0xd1d9cfcb91b34373a23b8665ae17b4e5829958e2,sell,0x1183f92a5624d68e85ffb9170f16bf0443b4c242,0x5935524b86c41e7544d5910f5d10d8157b8ddd81ca96840b6478b4ac24a9ac46
68,0.0006008879877464,0.000000751109984683,0xec8bce8226cc92ce463c7df5fdbd10cfda50af31,2017-10-31T20:57:33.000Z,0.00125,0xd1d9cfcb91b34373a23b8665ae17b4e5829958e2,buy,0x1183f92a5624d68e85ffb9170f16bf0443b4c242,0xe5f8a5866c75fe1014a6ed7bf4525f97b0494bf6fbc53a562114a724db18bb66
69,50,0.0625,0xe2603cae5a714ccac6ec758bb0d4bbb1822deec0,2017-10-31T20:56:34.000Z,0.00125,0xd1d9cfcb91b34373a23b8665ae17b4e5829958e2,buy,0x1183f92a5624d68e85ffb9170f16bf0443b4c242,0x5e3467864bef00c715406600c4169deacd0801e035d6d821d49dbde9cbe76686
70,5.499550552085666,0.007534384256357363,0xec8bce8226cc92ce463c7df5fdbd10cfda50af31,2017-10-31T20:55:07.000Z,0.00137,0xf382c75c7edaf46a12b918128174cbf83a08f0d3,buy,0x1183f92a5624d68e85ffb9170f16bf0443b4c242,0xe7cfa6e0d8632243f03eab32bbfe98d53a95fdb0c4705dfdd678ff048a5e1821
71,268.814,0.3225768,0xf382c75c7edaf46a12b918128174cbf83a08f0d3,2017-10-31T20:43:15.000Z,0.0012,0x1fabd314bb4f78f3d8860371e9042540dc1bf3c1,buy,0x1183f92a5624d68e85ffb9170f16bf0443b4c242,0x0f411de6b881901c9fa34519ea95bbe2ca682c183954de34f3755ca1761b3f3c
72,0.3225806451612903,0.0005,0x350f6f675b20d606bb7f6c412ef4775c9bc57168,2017-10-31T20:39:09.000Z,0.00155,0x1fabd314bb4f78f3d8860371e9042540dc1bf3c1,buy,0x1183f92a5624d68e85ffb9170f16bf0443b4c242,0x6db7f8a0eaf53ca5b610b4d073ccf61e4a0c1cebe70942a28f613ef26b9ade8a
73,0.3225806451612903,0.0005,0x3bfdec5343e950ce45522eef9948c977631b4000,2017-10-31T20:39:09.000Z,0.00155,0x1fabd314bb4f78f3d8860371e9042540dc1bf3c1,buy,0x1183f92a5624d68e85ffb9170f16bf0443b4c242,0x6c2dbff71d50fa26dadd93eda694f2bf992cb1e4de5f84444e3b5de19b03dfd4
74,18.941282025720266,0.020267171767520686,0x9121e549540c67e9f89de688c4ea288ec4c5b183,2017-10-31T20:36:15.000Z,0.00107,0x1804206b5be10e6d88ee076f73c6e9b50097f236,sell,0x1183f92a5624d68e85ffb9170f16bf0443b4c242,0x059792fd975f00c6bbd4ed9873e14fdc3b21c72965d9c83134bbe4787ac4700a
75,180,0.20214,0x00965498ad146825b0d04554a85825055feed354,2017-10-31T20:24:22.000Z,0.001123,0x1fabd314bb4f78f3d8860371e9042540dc1bf3c1,sell,0x1183f92a5624d68e85ffb9170f16bf0443b4c242,0xc28113fce0237dcc0724f5d2c46661b82d7805e9a9498f43f5f7bc75958d76d1
76,1,0.00148,0x0c3bcb5f24ecbd92b54f278f8b0bb777c2030875,2017-10-31T20:13:56.000Z,0.00148,0x1804206b5be10e6d88ee076f73c6e9b50097f236,buy,0x1183f92a5624d68e85ffb9170f16bf0443b4c242,0xc0e8606c00d576e987c4938f06705e964144b639bf2df87373bd6821e154d988
77,0.001120001,1.120001,0x5e4c8b04c9753ad2bcd2b5d82281b8546df27b50,2017-10-31T20:11:54.000Z,1000,0x3ac636ac5c3a2576156ac5f10066ca68abe0ad54,sell,0x1183f92a5624d68e85ffb9170f16bf0443b4c242,0x86dc635a056a1ff2e704f15dd2bc801b45d01881882275f9aa5989f85a83c43e
78,200,0.24,0x68ca7fc4bfc3bb2a9cf6f45736dcadc2c427c5a0,2017-10-31T20:09:37.000Z,0.0012,0xd6bc5140a70906cd32c0131c255d36fadeac65c0,sell,0x1183f92a5624d68e85ffb9170f16bf0443b4c242,0xc1561fd54e2896fc5d4a185dc069babca409d9a25d002d7bccb110cf83b79d7c
79,0.957462363433759,0.001426618921516301,0x129d529f956e3225c666af69b80bc68e70d9bb15,2017-10-31T20:09:02.000Z,0.00149,0xf382c75c7edaf46a12b918128174cbf83a08f0d3,buy,0x1183f92a5624d68e85ffb9170f16bf0443b4c242,0x0ccd0eb2673aff9d82c43d117284586248ec740361ffeeb2d1e78acbcb3d581d
80,0.1987111307077864,0.00022255646639272,0x3d15060413afba05f3767d41ed77509e60067b96,2017-10-31T20:08:40.000Z,0.0011199999999999962,0x468c0b08dfe1a4b8ae38321fead9da97a7729047,sell,0x1183f92a5624d68e85ffb9170f16bf0443b4c242,0x260a506fe5d6cccf259f796b6fc5db68a65c4cd25add45acde676046172e66c6
81,75,0.084751575,0xc99e79d409d181391d073de9223a935338520dc6,2017-10-31T20:08:40.000Z,0.001130021,0xd6bc5140a70906cd32c0131c255d36fadeac65c0,sell,0x1183f92a5624d68e85ffb9170f16bf0443b4c242,0x138023b682c47afc05b5049f65d0eb9f4fc6ba52613dd60d4900c20125b0a276
82,222,0.344322,0x129d529f956e3225c666af69b80bc68e70d9bb15,2017-10-31T20:07:54.000Z,0.001551,0xdec08a327f3d1eb3d7b38c035813e13cffeabe29,buy,0x1183f92a5624d68e85ffb9170f16bf0443b4c242,0xa6fa642b5d3b76538e71587dc3748d4e446ee07d3cabba6922d9174cc7c72b56
83,2712.513714164682,2.9843347134611244,0x7c1ac7ea4f37e31019abf7aa8783af9ed20978c9,2017-10-31T20:07:32.000Z,0.00110021,0xd6bc5140a70906cd32c0131c255d36fadeac65c0,sell,0x1183f92a5624d68e85ffb9170f16bf0443b4c242,0x972011221856f2b1d672efd4c5c5159f200e03f9ede919d7346aec7365bbb054
84,0.09069177425607422,0.000090419698933306,0x1d5321e125f6c7079a716705541c7b371ca79e69,2017-10-31T20:07:23.000Z,0.000997,0x7f325a2d8365385e4b189b708274526899c17453,buy,0x1183f92a5624d68e85ffb9170f16bf0443b4c242,0x377a8eecc8f5800c54acca38077c5b742689dde2dfd832983e56e431f007249e
85,0.09042051271792045,0.00010127097424407,0x3d15060413afba05f3767d41ed77509e60067b96,2017-10-31T20:07:23.000Z,0.00111999999999999,0x1d5321e125f6c7079a716705541c7b371ca79e69,sell,0x1183f92a5624d68e85ffb9170f16bf0443b4c242,0x377a8eecc8f5800c54acca38077c5b742689dde2dfd832983e56e431f007249e
86,1694.214933705513,1.8639922122121424,0x7c1ac7ea4f37e31019abf7aa8783af9ed20978c9,2017-10-31T20:06:41.000Z,0.00110021,0xee02095f350042bfe8a981a82246516653bc4858,sell,0x1183f92a5624d68e85ffb9170f16bf0443b4c242,0x94562c105a22eef72c3ecbe6bcf31dcf8a98be0e5f7c667ee5559f01ccf1885d
87,1993.271352129805,2.193017074326733,0x7c1ac7ea4f37e31019abf7aa8783af9ed20978c9,2017-10-31T20:05:37.000Z,0.00110021,0x468c0b08dfe1a4b8ae38321fead9da97a7729047,sell,0x1183f92a5624d68e85ffb9170f16bf0443b4c242,0xda81f9eca6535688fd18dd5141fda3d969869f3e9c29da0440c21d464f7bfba4
88,3.289,0.004933496711,0x129d529f956e3225c666af69b80bc68e70d9bb15,2017-10-31T20:05:00.000Z,0.001499999,0xee5a2149a3048957ba56421745462591c44d0ce7,buy,0x1183f92a5624d68e85ffb9170f16bf0443b4c242,0x586be4a19efac0d1a34bba473887a8f0f60ebd6dc37d212df9b2d2a369a05f85
89,450,0.495,0x1fabd314bb4f78f3d8860371e9042540dc1bf3c1,2017-10-31T19:59:21.000Z,0.0011,0xee02095f350042bfe8a981a82246516653bc4858,sell,0x1183f92a5624d68e85ffb9170f16bf0443b4c242,0x5eace30f1eec0d5842c1489463f39c1909774e338139d2aad8e0b33ed93de99b
90,34.40487929182755,0.03440487929182755,0x68ca7fc4bfc3bb2a9cf6f45736dcadc2c427c5a0,2017-10-31T19:50:21.000Z,0.001,0x82d99d98115565d2a58e99fc53704cee56e3c0de,buy,0x1183f92a5624d68e85ffb9170f16bf0443b4c242,0x5b9ff8d229fae4530a14223db0978c98e8f26fdd6c03b3ed90236809179a5ec7
91,4,0.004,0x6061ec9dc92e50e73e9034d42e84b4d8b788f643,2017-10-31T19:48:53.000Z,0.001,0x82d99d98115565d2a58e99fc53704cee56e3c0de,buy,0x1183f92a5624d68e85ffb9170f16bf0443b4c242,0xed81609ac9566c2d028331e144dafbbb85b490d520484d0dd390846a1233262d
92,1000,1,0x1dbefb7fd039d77c46c8e5f1a355c6c921198054,2017-10-31T19:47:28.000Z,0.001,0x82d99d98115565d2a58e99fc53704cee56e3c0de,buy,0x1183f92a5624d68e85ffb9170f16bf0443b4c242,0xb287d64e9a5fe034702d3c2b2d4b8c0f56897aa0cc7ccdd068912e90afaaf5fc
93,2097.816664930554,2.5173779001,0xdec08a327f3d1eb3d7b38c035813e13cffeabe29,2017-10-31T19:47:09.000Z,0.001199999,0x8a09575d6bd491b7d82ad062651beb62964b24d2,buy,0x1183f92a5624d68e85ffb9170f16bf0443b4c242,0xe4be3db8626c491908d27594a4188e14d25c859c7ea7c9b5c608c2b5a9b9f0c0
94,130,0.13,0x3a414b4b9af7d69044b8d53d8ec291d092b2ea32,2017-10-31T19:46:18.000Z,0.001,0x82d99d98115565d2a58e99fc53704cee56e3c0de,buy,0x1183f92a5624d68e85ffb9170f16bf0443b4c242,0xd925ac25099ffa375b4589eaa197aad3d6b18a2c54723044ba90ed69a8af00a3
95,300,0.3,0x68ca7fc4bfc3bb2a9cf6f45736dcadc2c427c5a0,2017-10-31T19:44:34.000Z,0.001,0x82d99d98115565d2a58e99fc53704cee56e3c0de,buy,0x1183f92a5624d68e85ffb9170f16bf0443b4c242,0xf51001250b9faf1dea0060c887a05cae445a76fbd23e40e5cbb9b9d9076ec929
96,310.35,0.31035,0xabdda95296bee3062ac3ded6bc2d68c29f691bbb,2017-10-31T19:43:48.000Z,0.001,0x82d99d98115565d2a58e99fc53704cee56e3c0de,buy,0x1183f92a5624d68e85ffb9170f16bf0443b4c242,0x4cf34b794d4a566b812252f1adf80f909f817038c4b0edc6f8e82feb9439d5af
97,99.69095813365438,0.09969095813365438,0xd6059aa323a6a3590394fef14b870ff44811c0ff,2017-10-31T19:43:28.000Z,0.001,0x82d99d98115565d2a58e99fc53704cee56e3c0de,buy,0x1183f92a5624d68e85ffb9170f16bf0443b4c242,0xbed4175f02384532d84651921a5cd1212be6c5180e16c0abca22148ccdc1fcdd
98,31.904287336793843,0.031904287336793846,0x380b2791da751b9c48cb209cbcfd2df1d7853458,2017-10-31T19:43:14.000Z,0.001,0x82d99d98115565d2a58e99fc53704cee56e3c0de,buy,0x1183f92a5624d68e85ffb9170f16bf0443b4c242,0x340919b4ff8da04c86263842fd69bc2bb4a2a7f73ce77919b4255be5e0d594c9
99,500,0.5,0xa4a67798c305d32b0e9ef17f837d72ea77634cab,2017-10-31T19:40:01.000Z,0.001,0x82d99d98115565d2a58e99fc53704cee56e3c0de,buy,0x1183f92a5624d68e85ffb9170f16bf0443b4c242,0x204030473dd57089347e043303fd6b4abe125b561e427dd2093bcbbf21ec9c68
100,996.9095803010667,0.9969095803010667,0x4ca2872f4c9fb171e1f7f63b9a657dbd77d70a42,2017-10-31T19:40:01.000Z,0.001,0x82d99d98115565d2a58e99fc53704cee56e3c0de,buy,0x1183f92a5624d68e85ffb9170f16bf0443b4c242,0x46c4ffefa2e29ed7db40f7247e2ff768250771fb2ea302d6b1240f6aa144deda
101,3.289801615249933,0.003289801615249933,0xee5a2149a3048957ba56421745462591c44d0ce7,2017-10-31T19:37:45.000Z,0.001,0x82d99d98115565d2a58e99fc53704cee56e3c0de,buy,0x1183f92a5624d68e85ffb9170f16bf0443b4c242,0x87cd770665663b4a3233d8b9c57bc1f5e60b755c8f28fd2df3a5b3c022ce72b3
102,100,0.1,0x90b77f628f3a72e5b318e8fb9919c8a407df0147,2017-10-31T19:33:48.000Z,0.001,0x82d99d98115565d2a58e99fc53704cee56e3c0de,buy,0x1183f92a5624d68e85ffb9170f16bf0443b4c242,0x3024427c697eef039d4823d190bf3754e6f502bafbf0e7a79bc9866bcd932622
103,1999.4504933214075,1.9994504933214077,0x468c0b08dfe1a4b8ae38321fead9da97a7729047,2017-10-31T19:32:40.000Z,0.001,0x82d99d98115565d2a58e99fc53704cee56e3c0de,buy,0x1183f92a5624d68e85ffb9170f16bf0443b4c242,0xb6e2c79922a64578497ed481b2917d1d1f8a370b854426e72820569ab2e3dc2c
104,20,0.02,0x1804206b5be10e6d88ee076f73c6e9b50097f236,2017-10-31T19:32:40.000Z,0.001,0x82d99d98115565d2a58e99fc53704cee56e3c0de,buy,0x1183f92a5624d68e85ffb9170f16bf0443b4c242,0xdefcbd452919fc95f599389484035f8273cf2979b520ba5b7cba3dd0a49da42b
105,30,0.03,0xd798cf11debb0b63a275777ff485787bc7be606b,2017-10-31T19:32:09.000Z,0.001,0x82d99d98115565d2a58e99fc53704cee56e3c0de,buy,0x1183f92a5624d68e85ffb9170f16bf0443b4c242,0x2c6d1f3a97261015e63fa60acae98c26e3fdd10d693cae1beb345a1147b18859
106,3000,3,0xd6bc5140a70906cd32c0131c255d36fadeac65c0,2017-10-31T19:32:09.000Z,0.001,0x82d99d98115565d2a58e99fc53704cee56e3c0de,buy,0x1183f92a5624d68e85ffb9170f16bf0443b4c242,0x83f8f5f950fe4f7fb705d5ffaf57e5b9511c8a3626aac32fa6d75bf12a544d8d
107,500,0.5,0xf382c75c7edaf46a12b918128174cbf83a08f0d3,2017-10-31T19:31:53.000Z,0.001,0x82d99d98115565d2a58e99fc53704cee56e3c0de,buy,0x1183f92a5624d68e85ffb9170f16bf0443b4c242,0xed97fcfb0804a5f09f6078b33ffd8d223afe018cf4ccaefd68998ef262b285b0
108,740,0.74,0x3a414b4b9af7d69044b8d53d8ec291d092b2ea32,2017-10-31T19:31:15.000Z,0.001,0x82d99d98115565d2a58e99fc53704cee56e3c0de,buy,0x1183f92a5624d68e85ffb9170f16bf0443b4c242,0xa433f291c0ab33dbe64b02e3755f7ed0565ae3881341b96541f5002ec60ed50e
109,50,0.0925,0xd798cf11debb0b63a275777ff485787bc7be606b,2017-10-31T19:30:21.000Z,0.00185,0xee02095f350042bfe8a981a82246516653bc4858,buy,0x1183f92a5624d68e85ffb9170f16bf0443b4c242,0xd847141bab4f552325f677c5adda2605baabdb46ae042440130ab552ff26b2ea
110,200,0.2,0x8f36ced491d043977bb124fb4778911bb840b6ad,2017-10-31T19:29:38.000Z,0.001,0x82d99d98115565d2a58e99fc53704cee56e3c0de,buy,0x1183f92a5624d68e85ffb9170f16bf0443b4c242,0x11ec5b921cb8ab83d377ab0b3ff3b4f7d98aa58c279c54bd58cabe753b54c5b2
111,999.9093082257439,0.9969095803010667,0x75768239a714dcf95fb1ef6797df67cb55f9bf5f,2017-10-31T19:27:57.000Z,0.000997,0x7f325a2d8365385e4b189b708274526899c17453,buy,0x1183f92a5624d68e85ffb9170f16bf0443b4c242,0xe9d30a89d58dc096d81ff8b6cded4b45330826457f8fa373742439157fce94ad
112,1000,0.997,0x080b35710dc43bf16c8cbcd01731a4d5981aa1a2,2017-10-31T19:27:41.000Z,0.000997,0x7f325a2d8365385e4b189b708274526899c17453,buy,0x1183f92a5624d68e85ffb9170f16bf0443b4c242,0xac735f6eb4f22716da2a781099156ada376e140766f8bb69797ddabce6652caa
113,397,0.395570403,0x080b35710dc43bf16c8cbcd01731a4d5981aa1a2,2017-10-31T19:27:21.000Z,0.000996399,0x8a09575d6bd491b7d82ad062651beb62964b24d2,buy,0x1183f92a5624d68e85ffb9170f16bf0443b4c242,0x187e1165e47e1e7f2b8df0465f1ef81388570b99d89ec806637b4865a3d635c7
114,2200.817,2.192891857983,0xee02095f350042bfe8a981a82246516653bc4858,2017-10-31T19:25:50.000Z,0.000996399,0x8a09575d6bd491b7d82ad062651beb62964b24d2,buy,0x1183f92a5624d68e85ffb9170f16bf0443b4c242,0x66639e5ae556cdbac9ac153256332d9cbd22573433db3493400dbd09af86674c
115,1540,1.309,0x2daf797758a4372812bc67d6d166b3a387dcfd78,2017-10-31T19:20:37.000Z,0.00085,0xce94b53893f7f88e8f9858c0d21944b9f9b0cf79,buy,0x1183f92a5624d68e85ffb9170f16bf0443b4c242,0xb4635826757b748cff8a5e73823774b04d3f6f384a0b818c434a516632cfc2e6
116,800,0.68,0x2daf797758a4372812bc67d6d166b3a387dcfd78,2017-10-31T19:17:32.000Z,0.00085,0xce94b53893f7f88e8f9858c0d21944b9f9b0cf79,buy,0x1183f92a5624d68e85ffb9170f16bf0443b4c242,0x7b98b0cd833adf4b3dec844f36c02c005bda0333a20b8bc4c7c06bd569f57d59
117,259.19029795490036,0.18143320856843023,0x348b237a2e3c1b4f527a1f18b35d6965b4944689,2017-10-31T16:05:54.000Z,0.0007,0x30fe208cad112e6ef4d37115301bd7ffb9fd7203,sell,0x1183f92a5624d68e85ffb9170f16bf0443b4c242,0x3cfbab72ab7ae9cf75f0033583aa23cfb9e204a844d205586a8d1ce2e21c0701
118,8694.241,6.0859687,0x7d608a751ce84759e3de1a2906fa5e40db554020,2017-10-31T10:37:09.000Z,0.0007,0x82d99d98115565d2a58e99fc53704cee56e3c0de,buy,0x1183f92a5624d68e85ffb9170f16bf0443b4c242,0x471f29a91463d7354f66e447dc3af9045922cb24c324da8ab397c4e4e9609a07
119,1304.7587808052106,0.9133311465636473,0x7d608a751ce84759e3de1a2906fa5e40db554020,2017-10-31T10:26:47.000Z,0.0007,0x82d99d98115565d2a58e99fc53704cee56e3c0de,buy,0x1183f92a5624d68e85ffb9170f16bf0443b4c242,0x1b285ef93805f54e2e3ebabe827e7ea31a36d5f04a33a28b45bb75b707aefe25
120,3700,2.55263,0x7d608a751ce84759e3de1a2906fa5e40db554020,2017-10-31T10:24:31.000Z,0.0006899,0x79b40b57a32ddc795c99faad6b573d8b474292cf,buy,0x1183f92a5624d68e85ffb9170f16bf0443b4c242,0x800d2f796bbbf331e2aba6d495bb01fdb6f6ba2e19f0ce77ea67ee992b09fd5f
121,1980,1.3859999802,0x7d608a751ce84759e3de1a2906fa5e40db554020,2017-10-31T10:22:03.000Z,0.00069999999,0x3d2daad115dd00669fb880fdd2c3e97bbf1f2b66,buy,0x1183f92a5624d68e85ffb9170f16bf0443b4c242,0xb93ac68a235bfbef75d5ba0078ecf27d3602dff0d5cacca12e7ac52dfb6c681d
122,3998,2.79856002,0x7d608a751ce84759e3de1a2906fa5e40db554020,2017-10-31T10:21:24.000Z,0.00069999,0x1a84a246b1ff279f1eaa13fca4c2245b58d32517,buy,0x1183f92a5624d68e85ffb9170f16bf0443b4c242,0x77b7978fd60f21b3e37aaf947fdd20f96f5fc9af448789115278143582805d99
123,510,0.356949,0x7d608a751ce84759e3de1a2906fa5e40db554020,2017-10-31T10:21:15.000Z,0.0006999,0x88650fdbfbb5c7933eb52008c4387050b963747d,buy,0x1183f92a5624d68e85ffb9170f16bf0443b4c242,0xa1c55819d29c90a7d62ba2f664fca3f37be257f72783714b1060bbdcc6c94590
124,5000,2.85,0x7d608a751ce84759e3de1a2906fa5e40db554020,2017-10-31T10:20:33.000Z,0.00057,0xf6612610f179cf58136dbe34b36acb560b3dc932,buy,0x1183f92a5624d68e85ffb9170f16bf0443b4c242,0x7541bbc0f581ff8242e3342db99d27c7b3f2a485bc733ade02e7f3eec747d56c
125,200,0.11,0x7d608a751ce84759e3de1a2906fa5e40db554020,2017-10-31T10:20:25.000Z,0.00055,0x3e246d0453d08ea726a39560ede13551bb73dfb4,buy,0x1183f92a5624d68e85ffb9170f16bf0443b4c242,0xbeb89c9dad63aea1001c367350214c57f90e0b9b64a1884610a216390a2987e1
126,3706,1.853,0x79b40b57a32ddc795c99faad6b573d8b474292cf,2017-10-29T16:05:04.000Z,0.0005,0x4115a16c445b1b6af4481338370370dfb6b1bfa3,buy,0x1183f92a5624d68e85ffb9170f16bf0443b4c242,0x8285fe1019ff7fcd2625f5a83df0a398e1ae48997b0b0e86b3a12aced1f5b940
127,724,0.362,0xf732b16f5aee6cd2db5b30a7a3860764a48b19ff,2017-10-29T16:03:19.000Z,0.0005,0x4115a16c445b1b6af4481338370370dfb6b1bfa3,buy,0x1183f92a5624d68e85ffb9170f16bf0443b4c242,0x00903383507fbdf6bdcba08bbfc6ea1a0e658a97f171d02a9190bcd2ed969a9e
128,6000,3,0x46dc6b56513ae75026900e7fd27aaf835cd0163a,2017-10-29T15:56:44.000Z,0.0005,0x4115a16c445b1b6af4481338370370dfb6b1bfa3,buy,0x1183f92a5624d68e85ffb9170f16bf0443b4c242,0x314a8f97945489e3e2d637876489ea4f02d3a986393d66c417c3d8fd7fcf49a4
129,1964.09,0.99186545,0xb76c22caf4449ca354da2b77779e0d85fabbd31c,2017-10-29T15:53:14.000Z,0.000505,0xd53955fa72ae2844f9add18bb455898af8e470f1,sell,0x1183f92a5624d68e85ffb9170f16bf0443b4c242,0x2f1018cd648518a9c1c43075142f661430c3f1d96b07590da054be465668591b
130,1970,0.985,0xd53955fa72ae2844f9add18bb455898af8e470f1,2017-10-29T15:53:14.000Z,0.0005,0x4115a16c445b1b6af4481338370370dfb6b1bfa3,buy,0x1183f92a5624d68e85ffb9170f16bf0443b4c242,0x2f1018cd648518a9c1c43075142f661430c3f1d96b07590da054be465668591b
131,1600,0.8,0xf732b16f5aee6cd2db5b30a7a3860764a48b19ff,2017-10-29T15:52:02.000Z,0.0005,0x4115a16c445b1b6af4481338370370dfb6b1bfa3,buy,0x1183f92a5624d68e85ffb9170f16bf0443b4c242,0x90e3fac449e8d1eb7cb3bc38dd1f40631a6eba20cb8b9e2894520450b6b285a2
132,0.5018075106533735,0.0005,0x34f9560c63078eb61872a4dc2ccd20e21c34feaf,2017-10-28T20:55:56.000Z,0.000996398,0x1a84a246b1ff279f1eaa13fca4c2245b58d32517,buy,0x1183f92a5624d68e85ffb9170f16bf0443b4c242,0x723555675e64f18b33d17fae1672dccc5e312db3ce259a5448bf4cdf7b765629
133,0.5018075106533735,0.0005,0xe444a40689f51f63bcd29910622035707d533d29,2017-10-28T20:55:12.000Z,0.000996398,0x1a84a246b1ff279f1eaa13fca4c2245b58d32517,buy,0x1183f92a5624d68e85ffb9170f16bf0443b4c242,0xd92a077ed48dba55cca182d4645a5a0d9cf8a18dca20160bcbb3860c6963a611
134,227.96,0.125378,0xe43b5c7fa0149340cd5905eec06d5d3f767bc7f4,2017-10-27T23:18:45.000Z,0.00055,0x1a84a246b1ff279f1eaa13fca4c2245b58d32517,buy,0x1183f92a5624d68e85ffb9170f16bf0443b4c242,0xe848585e00324d4ad4dd1d04eabbe7535fcc77deaae0ad758ba2d123b13137b2
135,1000,0.59,0xe43b5c7fa0149340cd5905eec06d5d3f767bc7f4,2017-10-27T23:17:45.000Z,0.00059,0x23c54718330e3d7e8d98895cd41886369b0b4c0d,buy,0x1183f92a5624d68e85ffb9170f16bf0443b4c242,0x8b8fce47276841085ed3d550247b86e802430a132c4de40aa943889ba7a563c7
136,1,0.00055,0xc73604d0514ac01e63513d07601e7e98f2f117b4,2017-10-27T23:03:07.000Z,0.00055,0x1a84a246b1ff279f1eaa13fca4c2245b58d32517,buy,0x1183f92a5624d68e85ffb9170f16bf0443b4c242,0xcb6c1bb51735bf90324607ccf68281472b9c4c29aecbdcea6494169a14505b41
137,1295.9824543913867,0.48599342039677,0x79b40b57a32ddc795c99faad6b573d8b474292cf,2017-10-27T20:54:27.000Z,0.000375,0xdb7c7c7f6ce956c5a6c8e0fbbc9b3ca71b9a8c17,sell,0x1183f92a5624d68e85ffb9170f16bf0443b4c242,0x1cafe2ac95278fb1cfe3bf670b6f2fac42ecf675a89a9827cf831b3602b775f8
138,3.995,0.001598,0xd3e0af2fd0be2b6148916ab295d365c8f6fea179,2017-10-27T11:33:30.000Z,0.0004,0xfbd39cb34a0b0989d13c7cd2ae1abeb56eaca44c,sell,0x1183f92a5624d68e85ffb9170f16bf0443b4c242,0x189624836d8ff3bda8a3b93aa4439dae2961b678fd300ba70a55d9f0a4fac6bd
139,4,0.0022,0xfbd39cb34a0b0989d13c7cd2ae1abeb56eaca44c,2017-10-27T10:31:56.000Z,0.00055,0x1a84a246b1ff279f1eaa13fca4c2245b58d32517,buy,0x1183f92a5624d68e85ffb9170f16bf0443b4c242,0xf057a2840b15386625d62d6272788162578de974bc615509f55b8b0e13d18cd0
140,1.7221650268277602,0.000688866010731104,0xd3e0af2fd0be2b6148916ab295d365c8f6fea179,2017-10-27T10:29:45.000Z,0.00039999999999999996,0xcb1ab94d76842a8c63ba853fe87665454f4f49b1,sell,0x1183f92a5624d68e85ffb9170f16bf0443b4c242,0x62b0f7647a68c47f95d9e9d5cbd31233a896fc72431e95cfb42366b64ad85e4f
141,17275.037384109262,6.391763832120427,0x5e0aef10bee9a0fa5db7a9631ca7ca77ac9f8827,2017-10-27T10:28:02.000Z,0.00037,0xcb1ab94d76842a8c63ba853fe87665454f4f49b1,sell,0x1183f92a5624d68e85ffb9170f16bf0443b4c242,0x1d129fee57c040610a4e1156cb100764a5127b531c9a8be96c3b0bfdd68e796b
142,470,0.18847,0xbd738420197ca6e0471320a2d6e62a3edeef5512,2017-10-27T10:23:08.000Z,0.000401,0xcb1ab94d76842a8c63ba853fe87665454f4f49b1,sell,0x1183f92a5624d68e85ffb9170f16bf0443b4c242,0x2d3cf9ecbae1d816b908347b923fd76bf0d066e58a43344198549185ed20cce1
143,1844.2827280159424,0.737713091206377,0xd3e0af2fd0be2b6148916ab295d365c8f6fea179,2017-10-27T09:23:13.000Z,0.00039999999999999996,0xfbd39cb34a0b0989d13c7cd2ae1abeb56eaca44c,sell,0x1183f92a5624d68e85ffb9170f16bf0443b4c242,0x1b113d3f0f4e48e4d1739bba97166113f05a74ac8b7b9bc61f1cb45e83047200
144,481.2082544113249,0.19296451001894127,0xbd738420197ca6e0471320a2d6e62a3edeef5512,2017-10-27T05:28:38.000Z,0.000401,0xf6a7222207c2e93d2013c76310316b5204fe89f5,sell,0x1183f92a5624d68e85ffb9170f16bf0443b4c242,0x3cec387097a84676b3cec8cbeea333c67437f7931ab5ae18fbcd756b361909c6
145,1183.3729530807027,0.39051307451663186,0xd3e0af2fd0be2b6148916ab295d365c8f6fea179,2017-10-26T13:01:34.000Z,0.00033,0x87fc87d73aa3b4c9aeb627f42d7a21513cd920b2,sell,0x1183f92a5624d68e85ffb9170f16bf0443b4c242,0x34edbc38cd6ebad4b331054ceea1522f1f480995e1d5ec0bf67c340f0edf8bd8
146,1045,0.3553,0x8a6b81db368c07bde2a7a943bec7649367afa6a4,2017-10-26T12:56:15.000Z,0.00034,0x87fc87d73aa3b4c9aeb627f42d7a21513cd920b2,sell,0x1183f92a5624d68e85ffb9170f16bf0443b4c242,0xa50a04dc9c465c510be98ef5b1ab90bc3c03af5d9a12f376bc07047f3491b92c
147,5,0.001750005,0x5b9d0a7a8e0b010e2714f41ab19592b2bdea7920,2017-10-26T12:56:09.000Z,0.000350001,0x87fc87d73aa3b4c9aeb627f42d7a21513cd920b2,sell,0x1183f92a5624d68e85ffb9170f16bf0443b4c242,0x7f15c68568d13279646617c55043f963ef29043f1930ad71a85ace6142dc30bb
148,150,0.0607575,0xb399e4b93e52590b91235c1c45d20986f189c3ce,2017-10-26T12:54:19.000Z,0.00040505,0x87fc87d73aa3b4c9aeb627f42d7a21513cd920b2,sell,0x1183f92a5624d68e85ffb9170f16bf0443b4c242,0x7900d79792bab53532d9791fa2b869cf796df2c3640ad465ed7d7c75ae1e5315
149,100,0.042,0x1a84a246b1ff279f1eaa13fca4c2245b58d32517,2017-10-26T12:51:01.000Z,0.00042,0x87fc87d73aa3b4c9aeb627f42d7a21513cd920b2,sell,0x1183f92a5624d68e85ffb9170f16bf0443b4c242,0xa09e17d1a4799f5663eaa54201b12fd38e6ac6dd79f2ce533bc1bd9a557fcc52
150,1000,0.425,0x23c54718330e3d7e8d98895cd41886369b0b4c0d,2017-10-26T12:50:52.000Z,0.000425,0x87fc87d73aa3b4c9aeb627f42d7a21513cd920b2,sell,0x1183f92a5624d68e85ffb9170f16bf0443b4c242,0xf1dc63471f23bf6e0ad0fb0b5a0e3c3425742d8f53b5fecf19874fc3b543810e
151,100,0.044,0x1a84a246b1ff279f1eaa13fca4c2245b58d32517,2017-10-26T12:50:09.000Z,0.00044,0x87fc87d73aa3b4c9aeb627f42d7a21513cd920b2,sell,0x1183f92a5624d68e85ffb9170f16bf0443b4c242,0xdeaa23d32155ed4fc16f347a2922041b2a9f00a46bf7a377f08d443729aa1ff8
152,12.9598,0.00777588,0x1a84a246b1ff279f1eaa13fca4c2245b58d32517,2017-10-26T12:27:00.000Z,0.0006,0xcc9746088d51b288f989c1d3e7779bbc2c067166,buy,0x1183f92a5624d68e85ffb9170f16bf0443b4c242,0x5c6919c14d875826970f9ffaf523184f5203495307960693691adca9c224f401
153,400,0.224,0xbd738420197ca6e0471320a2d6e62a3edeef5512,2017-10-26T12:24:51.000Z,0.00056,0x87fc87d73aa3b4c9aeb627f42d7a21513cd920b2,buy,0x1183f92a5624d68e85ffb9170f16bf0443b4c242,0x9db434f41d0b8d4b2ee550d1b1b3d465ee5b7d6c90a2702e39fcfd27aca1eb2f
154,161,0.09016,0x323262b4cb587153649303f9b562f9483b45d76d,2017-10-26T12:07:57.000Z,0.00056,0x87fc87d73aa3b4c9aeb627f42d7a21513cd920b2,sell,0x1183f92a5624d68e85ffb9170f16bf0443b4c242,0xfcdf870f40d8f3ac0e9a04a1fc940e675fd9bfb095f19501a3e99a2e99fe54f0
155,20,0.0112,0x1a84a246b1ff279f1eaa13fca4c2245b58d32517,2017-10-26T06:06:42.000Z,0.00056,0x87fc87d73aa3b4c9aeb627f42d7a21513cd920b2,buy,0x1183f92a5624d68e85ffb9170f16bf0443b4c242,0x0c1519564a1a884b448336289059d6017eb3ce89514260c8c761da00f8de829e
156,12.959824543913866,0.004160103678596351,0xcc9746088d51b288f989c1d3e7779bbc2c067166,2017-10-25T09:31:58.000Z,0.000321,0x78e427d9a3e8bf9a62897e3428ea1530ba2ac0ab,sell,0x1183f92a5624d68e85ffb9170f16bf0443b4c242,0xa391dadad73386a3c05bb3221c0ef639e7d87c09ccad5e82c3d7019246991185
157,350,0.14035,0x779f7997ab5e572bf0c550b0c8530a26af7fe481,2017-10-25T09:02:58.000Z,0.000401,0xfbd39cb34a0b0989d13c7cd2ae1abeb56eaca44c,sell,0x1183f92a5624d68e85ffb9170f16bf0443b4c242,0xf75002066b13b014d826dc403f7c1278a0105505735989589363cc25a77188f4
158,1495,0.598,0xd3e0af2fd0be2b6148916ab295d365c8f6fea179,2017-10-25T08:46:46.000Z,0.0004,0xfbd39cb34a0b0989d13c7cd2ae1abeb56eaca44c,sell,0x1183f92a5624d68e85ffb9170f16bf0443b4c242,0xbb6ba4516613059c329bec891eddf44eccb6b838becbfe0dac3a5ae1980b01fd
159,344.27808328715514,0.22928920346924533,0xc1ff9d027672c12fa7ec7a5f245b98c0560337ff,2017-10-24T18:30:30.000Z,0.000666,0x87fc87d73aa3b4c9aeb627f42d7a21513cd920b2,buy,0x1183f92a5624d68e85ffb9170f16bf0443b4c242,0x18c9da07cd9ee2c04c543d61ff3abc229dde044e198954fed21251a342ceafad
160,24.925224079304908,0.007477567223791472,0x323262b4cb587153649303f9b562f9483b45d76d,2017-10-24T15:13:03.000Z,0.0003,0x87fc87d73aa3b4c9aeb627f42d7a21513cd920b2,sell,0x1183f92a5624d68e85ffb9170f16bf0443b4c242,0x51d90ab61fd5cdb1d8cc48c8e581c569cfb3a32163422b19ad4529bdb2b9db06
161,24.922739507526668,0.007476821852258,0x323262b4cb587153649303f9b562f9483b45d76d,2017-10-24T14:18:50.000Z,0.0003,0x87fc87d73aa3b4c9aeb627f42d7a21513cd920b2,sell,0x1183f92a5624d68e85ffb9170f16bf0443b4c242,0xf485583a219f811aadbd972e39802c2ff3449efb3217d8b87d5cdc410befaf72
162,1.523,0.0003046,0x79b40b57a32ddc795c99faad6b573d8b474292cf,2017-10-23T14:16:15.000Z,0.0002,0x65919f4824cf41db56c2b4acb6a29b19aaf600a5,sell,0x1183f92a5624d68e85ffb9170f16bf0443b4c242,0x52cd3455165bd228d394c5b30a5d742d44e24f2c962ec14b0c4c506e1368f78e
163,10,0.00330001,0xf36990a2cb4d609e0a7d4f3bf884c0342d81fd3d,2017-10-23T14:14:34.000Z,0.000330001,0x65919f4824cf41db56c2b4acb6a29b19aaf600a5,sell,0x1183f92a5624d68e85ffb9170f16bf0443b4c242,0xd500820dba6497f4739cc140c7cdd0562f04d6365f67301fdfecfcb7b4b56c44
164,939,0.1878,0x79b40b57a32ddc795c99faad6b573d8b474292cf,2017-10-23T14:14:34.000Z,0.0002,0x65919f4824cf41db56c2b4acb6a29b19aaf600a5,sell,0x1183f92a5624d68e85ffb9170f16bf0443b4c242,0x3890da8f53a57a8aad6967f8531b89d38a81ad0d0e93ab0e3a904793075ab4fd
165,2000,0.66,0x79b40b57a32ddc795c99faad6b573d8b474292cf,2017-10-23T14:00:28.000Z,0.00033,0x65919f4824cf41db56c2b4acb6a29b19aaf600a5,sell,0x1183f92a5624d68e85ffb9170f16bf0443b4c242,0x17a92b80ff83313839f613185f1573dfa61d055366713c44c90de34c57504454
166,1000,0.350001,0x88650fdbfbb5c7933eb52008c4387050b963747d,2017-10-23T13:51:24.000Z,0.000350001,0x65919f4824cf41db56c2b4acb6a29b19aaf600a5,sell,0x1183f92a5624d68e85ffb9170f16bf0443b4c242,0x9dc8b909bc130ed8d64b615c4f42fb3ea21e5ffd2b1326e42959835354ea35ae
167,600,0.24,0x3e37e3d2e664dff18fded3f653b508652d9e4cc8,2017-10-23T13:51:15.000Z,0.0004,0x65919f4824cf41db56c2b4acb6a29b19aaf600a5,sell,0x1183f92a5624d68e85ffb9170f16bf0443b4c242,0xe53ac64416acfd9182aebfdba5c51853b21f24785267d7d4d0db6241c3317b2a
168,2000,1,0x79b40b57a32ddc795c99faad6b573d8b474292cf,2017-10-23T13:51:15.000Z,0.0005,0x65919f4824cf41db56c2b4acb6a29b19aaf600a5,sell,0x1183f92a5624d68e85ffb9170f16bf0443b4c242,0xb2a6655c71d1dce83afb6148f20d0fe7c3f08e66eb081bcb7b6cfab141edb3ed
169,29.73588479329137,0.019824022315143554,0x0667589f6ec70a6573b5854b20868d2c8e9c8d7e,2017-10-23T13:50:39.000Z,0.00066667,0x65919f4824cf41db56c2b4acb6a29b19aaf600a5,sell,0x1183f92a5624d68e85ffb9170f16bf0443b4c242,0xe9ba28334e7e4815db0020375af8181af23896fbb2831d104d8623fd93f549b5
170,150,0.10141666665,0xbd738420197ca6e0471320a2d6e62a3edeef5512,2017-10-23T12:01:53.000Z,0.000676111111,0x00bbc0ecd4ee094a092a6575b32247baf0a9e177,buy,0x1183f92a5624d68e85ffb9170f16bf0443b4c242,0xac586336a0b7b611cfee96bff2eda39c6780bcfdd20f629da2e851e963e6febd
171,97,0.06466699,0x0667589f6ec70a6573b5854b20868d2c8e9c8d7e,2017-10-23T11:56:02.000Z,0.00066667,0xfbd39cb34a0b0989d13c7cd2ae1abeb56eaca44c,sell,0x1183f92a5624d68e85ffb9170f16bf0443b4c242,0x8957b84bcda8d5a5b60ab6a18127b7eefd04f6db79ac697ff96a6514427e7fda
172,900,0.5999994,0xb399e4b93e52590b91235c1c45d20986f189c3ce,2017-10-23T11:53:21.000Z,0.000666666,0xfbd39cb34a0b0989d13c7cd2ae1abeb56eaca44c,sell,0x1183f92a5624d68e85ffb9170f16bf0443b4c242,0xef22da9050fa4f88f519cd75ae1fcea131c51ac35a709bb05e52616eaf9695ab
173,997,0.66466999,0x0667589f6ec70a6573b5854b20868d2c8e9c8d7e,2017-10-23T11:51:06.000Z,0.00066667,0xfbd39cb34a0b0989d13c7cd2ae1abeb56eaca44c,sell,0x1183f92a5624d68e85ffb9170f16bf0443b4c242,0xd43446cc0d96de2bbbe33a04f10e4d11afa7c6e63681eda7791c5712e31ec8c2
174,126.18,0.088326,0x0e64cbca254788df4a8d29e3721d077d91d0d92a,2017-10-23T11:29:33.000Z,0.0007,0x40039054689b6f6714a1a0c9da7f8330f1b25c0c,buy,0x1183f92a5624d68e85ffb9170f16bf0443b4c242,0x0aead7c04ca91daafb15a71c9751a8665b86f728382e7604c8a49f159b18533a
175,2498.3275701372004,1.6655600411833673,0x0667589f6ec70a6573b5854b20868d2c8e9c8d7e,2017-10-23T09:56:47.000Z,0.00066667,0x11eb9d8d9b324adf287fd8ce91ce82677b3d1b91,sell,0x1183f92a5624d68e85ffb9170f16bf0443b4c242,0x20bb5267da2115505d83132f506a02af8a5f54bed8a0798611b8aae87aa89531
176,3723.8560462566047,2.4825831103578904,0x0667589f6ec70a6573b5854b20868d2c8e9c8d7e,2017-10-23T09:50:45.000Z,0.00066667,0x11eb9d8d9b324adf287fd8ce91ce82677b3d1b91,sell,0x1183f92a5624d68e85ffb9170f16bf0443b4c242,0xbb6152168ef94fbc9061732f739e9a2c55de0bb662be213942d543baf03fc5bc
177,492.9717874588775,0.3450802512212142,0x0e64cbca254788df4a8d29e3721d077d91d0d92a,2017-10-23T09:48:49.000Z,0.0007,0x40039054689b6f6714a1a0c9da7f8330f1b25c0c,sell,0x1183f92a5624d68e85ffb9170f16bf0443b4c242,0xcaf4dfffa7647534f924e8e1d988897b2bb5be255d3a19a4d149e0cea849738f
178,23,0.016100023,0x518b7bb37a795801b4305bd39b7c78eab3ec2585,2017-10-23T09:48:49.000Z,0.000700001,0x40039054689b6f6714a1a0c9da7f8330f1b25c0c,sell,0x1183f92a5624d68e85ffb9170f16bf0443b4c242,0x9b1affb404b9453cd4c5e5c092a7711202ffe1e15a79b4037318a4ed242c226c
179,1507.0282125411225,1.0549197487787858,0x0e64cbca254788df4a8d29e3721d077d91d0d92a,2017-10-23T09:42:47.000Z,0.0007,0x0d7f2f3fba73e05a32d904b6c740abfaf1b0d71b,sell,0x1183f92a5624d68e85ffb9170f16bf0443b4c242,0x7925fd6202eca4b7b3297fa19b6b6acd0c3cebbbdd0206620bc28fcf6dbdd96b
180,1,0.00118,0x3ac636ac5c3a2576156ac5f10066ca68abe0ad54,2017-10-23T07:10:15.000Z,0.00118,0x82d99d98115565d2a58e99fc53704cee56e3c0de,buy,0x1183f92a5624d68e85ffb9170f16bf0443b4c242,0xe660f696644e4107641d085b2c72c9e7891210d25b23a9722b6559a7b00fcaf2
181,0.05978001291830196,0.000039853302092192,0xb399e4b93e52590b91235c1c45d20986f189c3ce,2017-10-22T15:50:10.000Z,0.0006666659999999884,0xb2870a21e8228faa8e2e312576093ac3208ea285,sell,0x1183f92a5624d68e85ffb9170f16bf0443b4c242,0x34ece854505e462706b2249753fc82aa6634ae217bf15b19ddc2f6006c6936e7
182,599.6533095834869,0.39976847328678494,0xb399e4b93e52590b91235c1c45d20986f189c3ce,2017-10-22T15:45:20.000Z,0.000666666,0xb2870a21e8228faa8e2e312576093ac3208ea285,sell,0x1183f92a5624d68e85ffb9170f16bf0443b4c242,0xfc642ca2b26a9e5b7ab4983f54e44b5250be0ab912f030adae68f84403b4fb8e
183,73.96586755414178,0.049310824922319696,0xddff8f2bca7f7c898a4b044ef63db1d80ee7439a,2017-10-22T15:43:37.000Z,0.00066667,0xb2870a21e8228faa8e2e312576093ac3208ea285,sell,0x1183f92a5624d68e85ffb9170f16bf0443b4c242,0x1c59eec304b688eb5d87fcd9b89a78555f1de7af08a7feede3d24cc083e98dba
184,5,0.0059444,0xf464c0f4ad3916c788792d46fb3e0b86b783746e,2017-10-22T14:43:01.000Z,0.00118888,0xe586e8534d235dad3d46685daf7c1815f0962944,buy,0x1183f92a5624d68e85ffb9170f16bf0443b4c242,0x0e15664e43d452d1a55aa3aa39bd7b2a46aac92b1031a2483cd2aa93c6ac7fcc
185,0.41666701388917826,0.0005,0xf9695cd65d6dfdf257fab76a3eb0cb8f001971cc,2017-10-22T04:09:44.000Z,0.001199999,0x8a09575d6bd491b7d82ad062651beb62964b24d2,buy,0x1183f92a5624d68e85ffb9170f16bf0443b4c242,0x59a1bd32247beb8286bd2d6e0d1cdc6e06635973ad1df9031418813caa811095
186,0.1,0.0001199999,0x6cdea8e07bf82d7a07dbf36642d6e5be8623845c,2017-10-22T04:01:49.000Z,0.001199999,0x8a09575d6bd491b7d82ad062651beb62964b24d2,buy,0x1183f92a5624d68e85ffb9170f16bf0443b4c242,0xb35227bedcd74e3069297558e902e00a5f08ed602173d9a2e04ce10955a17db3
187,0.41666701388917826,0.0005,0x16e5d97bbc92417e051e3b2cabfbf8ceea2acb9c,2017-10-22T01:31:28.000Z,0.001199999,0x8a09575d6bd491b7d82ad062651beb62964b24d2,buy,0x1183f92a5624d68e85ffb9170f16bf0443b4c242,0x21838365640d9192b50eb0ec36ae5771825c74bbea9fc60ae20dd624915d9a9d
188,0.41666701388917826,0.0005,0x42c24a83bded723edfdf5883bc7efb30bc1a1bf3,2017-10-22T01:28:39.000Z,0.001199999,0x8a09575d6bd491b7d82ad062651beb62964b24d2,buy,0x1183f92a5624d68e85ffb9170f16bf0443b4c242,0x9bdd173937b3b09614c510171e45ed4ceb8d94e81684c875e711890f808c8f23
189,0.41666701388917826,0.0005,0xcd912af5286dc0b0a23edb30209734ecb60838b3,2017-10-22T01:26:50.000Z,0.001199999,0x8a09575d6bd491b7d82ad062651beb62964b24d2,buy,0x1183f92a5624d68e85ffb9170f16bf0443b4c242,0x7589c46da73607925522a810021ca84d32142f872d125df1088a0c8747a160b9
190,0.41666701388917826,0.0005,0x379374d13077e8867ef31803c37baf9785a17c00,2017-10-22T01:26:11.000Z,0.001199999,0x8a09575d6bd491b7d82ad062651beb62964b24d2,buy,0x1183f92a5624d68e85ffb9170f16bf0443b4c242,0x906d8ffdf431e1017b39320820e1f8d2d45c8704c4b0a39c5a86cdd76c77b71c
