,amount,amountBase,buyer,date,price,seller,side,tokenAddr,txHash
0,50,0.0005,0x42c24a83bded723edfdf5883bc7efb30bc1a1bf3,2017-11-02T12:48:16.000Z,0.00001,0xf0b6feeaff52411c0b9a750f41aaafbf288f4375,buy,0x5046e860ff274fb8c66106b0ffb8155849fb0787,0x6d76547ea7102cca3fd883cf1d972105f707d257220dbd6b700d795090c2bde8
1,50,0.0005,0x34f9560c63078eb61872a4dc2ccd20e21c34feaf,2017-11-02T12:31:42.000Z,0.00001,0xf0b6feeaff52411c0b9a750f41aaafbf288f4375,buy,0x5046e860ff274fb8c66106b0ffb8155849fb0787,0x8cdf530a533f1d00cdb98b5c3ff448aca6730157032d2616ad953454fa552a52
2,50,0.0005,0x4fda9e6bcd83af6c5cc771b5d20accc2b7720074,2017-11-02T12:16:51.000Z,0.00001,0xf0b6feeaff52411c0b9a750f41aaafbf288f4375,buy,0x5046e860ff274fb8c66106b0ffb8155849fb0787,0x85c0f79125e95c22cff3cd8bf04d332c8895d2527fd9c7ab02ec59d9616f35d2
3,50,0.0005,0x3075f7f189912f4f425dd7021b9c396434197477,2017-11-02T12:02:13.000Z,0.00001,0xf0b6feeaff52411c0b9a750f41aaafbf288f4375,buy,0x5046e860ff274fb8c66106b0ffb8155849fb0787,0xbfa84a68fb32689aed0afd826b9ba8faffd11926fe7b3e31c1f708fe602fccfa
4,1764.4349816,0.0088257037779632,0x14c2b732f734da979d383a850a7de033585da67b,2017-11-02T12:02:09.000Z,0.000005002,0xa9a51832689646533d41ce4186f9e9b89fa6564a,sell,0x5046e860ff274fb8c66106b0ffb8155849fb0787,0x9a648953316d9b6406673090b5d8e3d103a625329fd678e11cb95dc71109b329
5,1874.19001096,0.00937469843482192,0x14c2b732f734da979d383a850a7de033585da67b,2017-11-02T11:48:54.000Z,0.000005002,0x1f0a0cfc5fc960584314517e4967cc6f7dc8ac89,sell,0x5046e860ff274fb8c66106b0ffb8155849fb0787,0x1196817a3cc0503707da331e400db098dc149c2f0556426251f3b1d1af4c312e
6,1874.19001096,0.00937469843482192,0x14c2b732f734da979d383a850a7de033585da67b,2017-11-02T11:37:02.000Z,0.000005002,0xb94042d34dd975e1dfa04d113a6efe5cd1e4962d,sell,0x5046e860ff274fb8c66106b0ffb8155849fb0787,0xbd82fc210dc592245df1a4b265423e947c6c2bf2d35d5a45804cd12eec72f5a3
7,1880,0.01879624,0x8176dfcb94b66eeee6fb6bf421e1c24b3c9ee44d,2017-11-02T10:22:11.000Z,0.000009998,0x4fcf18cd977f1ab4312d399b6cd8fadc5d6ea621,buy,0x5046e860ff274fb8c66106b0ffb8155849fb0787,0x98754690775fe83e8d0938fb6c157e378b4ad2e31913e4681bb2772dd9c20c84
8,20000,0.12,0x3453011daa568b3fed926bb0cf5e0a7b62454c97,2017-11-02T08:47:37.000Z,0.000006,0x13c3fd153e23ded7477e0817ad4d5754e2d67649,sell,0x5046e860ff274fb8c66106b0ffb8155849fb0787,0x7551280443f825ac98b3c69818356af340aae7306228edc4e03881b60c4bbdc2
9,731.22499347,0.00402319991407194,0xd3b26a33ff72667e631e5289f3a668655bea7413,2017-11-02T08:14:17.000Z,0.000005502,0x13c3fd153e23ded7477e0817ad4d5754e2d67649,sell,0x5046e860ff274fb8c66106b0ffb8155849fb0787,0xac9d37129a1388bf2c0d45703554123b6bc2827e1bae57ede38d6fc0239cb192
10,21806.61997808,0.13166837142764704,0x709d7d64b186f4cad964a6e27d47aed18c4eb702,2017-11-02T08:12:42.000Z,0.000006038,0x13c3fd153e23ded7477e0817ad4d5754e2d67649,sell,0x5046e860ff274fb8c66106b0ffb8155849fb0787,0x7eac5667323f691e5e8af0d8a55166cbae1e181b0f7bc262c2a23ba80bcbe681
11,1874.19001096,0.01131635928617648,0x709d7d64b186f4cad964a6e27d47aed18c4eb702,2017-11-02T05:09:58.000Z,0.000006038,0xb679f745ce13422bfdab708175e4bb582026c604,sell,0x5046e860ff274fb8c66106b0ffb8155849fb0787,0x1ec0b7368897ddded0e484e26d4178aaad55cdb1adb4e1382fed3f44344bb42a
12,1874.19001096,0.01131635928617648,0x709d7d64b186f4cad964a6e27d47aed18c4eb702,2017-11-01T22:58:32.000Z,0.000006038,0xa839c6c2143fac413b4aa0134b200b84dfa1bb08,sell,0x5046e860ff274fb8c66106b0ffb8155849fb0787,0xf11631ff5bc58ac82c475170a24a9416579eebb06ac4bec86c4ee3fa1f335efb
13,0.01987658,0.00000011997503688,0x709d7d64b186f4cad964a6e27d47aed18c4eb702,2017-11-01T21:50:51.000Z,0.000006036,0xadb2a296b5543be7546733c0b9a5ca731b604d80,sell,0x5046e860ff274fb8c66106b0ffb8155849fb0787,0xf12f79d1d9854cce69abceed0d82349d9367d0d344900e0dcc030ba1dfdd463a
14,1000,0.0109999,0x911b6384ee9b6f115a7141ed6046bfe14e266970,2017-11-01T21:01:41.000Z,0.0000109999,0x56e5b3910b4e89af25bffd144b762f5f7a00b22f,buy,0x5046e860ff274fb8c66106b0ffb8155849fb0787,0xe447394918981c92e2465a6834db6ae4c97aff346ef12ac9f45d56d05d4b8c9e
15,1880,0.02068,0xb85d14ab22a69276e57f24130ce4215e5ffe7dc0,2017-11-01T20:39:59.000Z,0.000011,0xb6dbd85555862cd184e86889cf7982aabd127c65,buy,0x5046e860ff274fb8c66106b0ffb8155849fb0787,0x8a13edd8a2e595af38557caefedfbfe2203bb4fe3dda61cee9897777336ba50a
16,500,0.00525,0xb85d14ab22a69276e57f24130ce4215e5ffe7dc0,2017-11-01T20:35:43.000Z,0.0000105,0x08137885f097675c7a79e976544734e1325faaae,buy,0x5046e860ff274fb8c66106b0ffb8155849fb0787,0x7fff1fcd2572ed57fee56adab44649812dbcef652328d4a40bdf20855118f17f
17,9365.345,0.0889707775,0x32b6d4dfbcf29d26d4dbb006a5b8eed2f699dfb7,2017-11-01T20:02:29.000Z,0.0000095,0x1a4cfe7277bfdbd108ef42a3db9e8a1c05428c6c,buy,0x5046e860ff274fb8c66106b0ffb8155849fb0787,0xe7090ccde868d92d32680e4c99a5fe5593dc7c12c30b2423d1f30716f2f8a159
18,1880,0.017672,0x32b6d4dfbcf29d26d4dbb006a5b8eed2f699dfb7,2017-11-01T20:00:55.000Z,0.0000094,0xb1dc1e7675ded0f5185f2e005287ca8d6cb03906,buy,0x5046e860ff274fb8c66106b0ffb8155849fb0787,0x4b8b67ed158eccb7f643dabd6d0aec919125be1f81e8cb92337de0ceeed1e750
19,1880,0.017484,0x32b6d4dfbcf29d26d4dbb006a5b8eed2f699dfb7,2017-11-01T19:59:43.000Z,0.0000093,0xbabe38961cb3d28892d11567b73304e087bad1c6,buy,0x5046e860ff274fb8c66106b0ffb8155849fb0787,0x781e0a07d2c705aa87f0cf907359a51c6b07d5a0c2851595dc34b9680b5ed923
20,2184.58777788,0.0131839872395058,0x27849f835bb345a26dffbfa7a8863c387b546730,2017-11-01T19:22:57.000Z,0.000006035,0x14c2b732f734da979d383a850a7de033585da67b,sell,0x5046e860ff274fb8c66106b0ffb8155849fb0787,0x80fd34d20a0a4dd419173dd41987691b5d49233621f038974b46da5f2af67944
21,1000,0.006036,0xdbbae39c54992479faac890e81eb4d8579b951d6,2017-11-01T19:20:44.000Z,0.000006036,0x14c2b732f734da979d383a850a7de033585da67b,sell,0x5046e860ff274fb8c66106b0ffb8155849fb0787,0xc91ba98b4151f7caaf90475fe3cb26ec8579f61c57fc3281fd98e0b90990fc09
22,1874.19001096,0.0113107367161436,0x27849f835bb345a26dffbfa7a8863c387b546730,2017-11-01T17:32:13.000Z,0.000006035,0xfe6a81f61c0e9875540f4e3c700673387ff51227,sell,0x5046e860ff274fb8c66106b0ffb8155849fb0787,0x666cd7eac5c0185aff4da569a9c4c666e64ab6a6aa09ad21b3350dc91703f98e
23,616.58939487,0.0037180340510661,0x7d10bc73cc7bc1f67ff97280ee644b384ae92078,2017-11-01T16:46:54.000Z,0.00000603,0xf82c7c1503a06fcf927ee401a7b868bf067715f8,sell,0x5046e860ff274fb8c66106b0ffb8155849fb0787,0xbc919daed10325c9bf5e98433020566209e0d746b8ed12d3cc92a79fff48e557
24,500,0.0049995,0x27849f835bb345a26dffbfa7a8863c387b546730,2017-11-01T16:41:12.000Z,0.000009999,0x08137885f097675c7a79e976544734e1325faaae,buy,0x5046e860ff274fb8c66106b0ffb8155849fb0787,0x27de734b555fa4edc4e38750d0f1f967bec60d5432b0e8732797a8d629159513
25,3748.38002193,0.0226027315322379,0x7d10bc73cc7bc1f67ff97280ee644b384ae92078,2017-11-01T16:13:44.000Z,0.00000603,0x92f012808e3ac2161e8e863e4e55201044e64e85,sell,0x5046e860ff274fb8c66106b0ffb8155849fb0787,0x11d78e9ac577a9e0a83d2555e748845ab1fd0742eea836ebb992352c726a5084
26,1874.19001096,0.0113013657660888,0x7d10bc73cc7bc1f67ff97280ee644b384ae92078,2017-11-01T14:07:40.000Z,0.00000603,0x7522b31cd0cba4e8f64dbebef846456f0aaff9f3,sell,0x5046e860ff274fb8c66106b0ffb8155849fb0787,0xc3dcae13bfbc30f7b6aa9b9d88b7745c3a863be273d6d9999b055574b426b69c
27,826.34487444,0.0049828595928732,0x7d10bc73cc7bc1f67ff97280ee644b384ae92078,2017-11-01T14:03:06.000Z,0.00000603,0xad2433afdab262f5aa4e98946c430d1e9b179b8b,sell,0x5046e860ff274fb8c66106b0ffb8155849fb0787,0x0de069e9402d8a48910e9484ae163833a39d44b072ace615255caaf03065f680
28,1874.19001096,0.0113013657660888,0x7d10bc73cc7bc1f67ff97280ee644b384ae92078,2017-11-01T13:49:08.000Z,0.00000603,0xcaf9e3848c0404b21e3f42cc59f9aa86dee0822a,sell,0x5046e860ff274fb8c66106b0ffb8155849fb0787,0xb2c874d6c7e6344e71fb4fb157f8e813419f0df00d87c57a6679b7d799405ed5
29,745,0.00449235,0x7d10bc73cc7bc1f67ff97280ee644b384ae92078,2017-11-01T10:59:07.000Z,0.00000603,0x8e631debfa715854403e17718889b04002802e48,sell,0x5046e860ff274fb8c66106b0ffb8155849fb0787,0xd00fd3ee2b92fe1a398611e6f369097a856aecc13d13d4022a9aae2bbf6ee6ae
30,747.75,0.014955,0x8e631debfa715854403e17718889b04002802e48,2017-11-01T10:50:46.000Z,0.00002,0xf44072eda87ede9613b6ae1b812de8a60ade27a2,sell,0x5046e860ff274fb8c66106b0ffb8155849fb0787,0x7d6957ad11bb3c0a3a7eb311ba8f839ca3181665cccaa9d277811a4c1964c153
31,750,0.00899625,0xf44072eda87ede9613b6ae1b812de8a60ade27a2,2017-11-01T10:50:46.000Z,0.000011995,0x13c3fd153e23ded7477e0817ad4d5754e2d67649,buy,0x5046e860ff274fb8c66106b0ffb8155849fb0787,0x7d6957ad11bb3c0a3a7eb311ba8f839ca3181665cccaa9d277811a4c1964c153
32,3239.95613597,0.0195369354998991,0x7d10bc73cc7bc1f67ff97280ee644b384ae92078,2017-11-01T10:50:17.000Z,0.00000603,0x8e631debfa715854403e17718889b04002802e48,sell,0x5046e860ff274fb8c66106b0ffb8155849fb0787,0xd417ac0626089247c3f28894362528ecfe0d6dac525a533738dce6b16acb8c3a
33,1874,0.01130022,0x7d10bc73cc7bc1f67ff97280ee644b384ae92078,2017-11-01T09:07:28.000Z,0.00000603,0x307e1218e7b34a16afa587e405c953299b25894e,sell,0x5046e860ff274fb8c66106b0ffb8155849fb0787,0x8298722a5835f532bb9c9bebdeb06bc36f442cf8cfd00495c63ffe0bc494ea54
34,1874.19001096,0.01124701425577096,0x3d0d217074fa119d0225efa72ab866e2f2e9636f,2017-11-01T08:43:03.000Z,0.000006001,0x8cfde7deea6969af4d5b8c5dcc99952d86c5092c,sell,0x5046e860ff274fb8c66106b0ffb8155849fb0787,0x89e3b7a05571000045c5bb7c5de257c8cf122af2fb15eb2141463ea54b50104f
35,1000,0.00601,0x08137885f097675c7a79e976544734e1325faaae,2017-11-01T08:33:06.000Z,0.00000601,0xfe04a678a433716e65e3f31fe6f03da75145805c,sell,0x5046e860ff274fb8c66106b0ffb8155849fb0787,0xe772bb40ea074c39bd5d0c8f8a1f459e0ecb8ef205d32e474f6756a205767773
36,1874.39194488,0.01068965726165064,0x107d35bdbb393d33d6d9ce4127883b057b8e6187,2017-11-01T06:02:10.000Z,0.000005703,0x1a6badf4b7cb3eab8cdb6216d1a334a48be8c5db,sell,0x5046e860ff274fb8c66106b0ffb8155849fb0787,0xac01a26d9994d65b7ab232565cdd38e6b6823bf37d59aabcb6e84bbf88b0df25
37,10000,0.138,0x6ea6f512533c3e2c31840912c9a6c415b0bf1379,2017-11-01T05:27:55.000Z,0.0000138,0x13c3fd153e23ded7477e0817ad4d5754e2d67649,buy,0x5046e860ff274fb8c66106b0ffb8155849fb0787,0xda0333514bac4500c82255e905e0f72ba0475f7af81bf3c1775d357766c0848f
38,5000,0.069,0x6ea6f512533c3e2c31840912c9a6c415b0bf1379,2017-11-01T05:25:32.000Z,0.0000138,0x13c3fd153e23ded7477e0817ad4d5754e2d67649,buy,0x5046e860ff274fb8c66106b0ffb8155849fb0787,0x3e79cabdb4699c6afee7f58afdbd00d74972f1350bb3b16638312f177ea1ef82
39,2.55522463,0.00001456989084026,0x13c3fd153e23ded7477e0817ad4d5754e2d67649,2017-11-01T04:45:50.000Z,0.000005702,0x508e4a96dab9bd044d0bb654d623c4ef663dfc35,sell,0x5046e860ff274fb8c66106b0ffb8155849fb0787,0xf2c29903f60a78fb26008230e535144a4f6cfaa06fc557d0bd391f6f07b7e021
40,40000,0.012,0xb99f72a8b0d3a5025ab8b2ca534973497af42899,2017-11-01T04:33:56.000Z,0.0000003,0xb99f72a8b0d3a5025ab8b2ca534973497af42899,sell,0x5046e860ff274fb8c66106b0ffb8155849fb0787,0x12fee8041139436ceb5eaece4237e65b602f5d0320a1aae8718dda712ebedc36
41,44000,0.0132,0xb99f72a8b0d3a5025ab8b2ca534973497af42899,2017-11-01T04:33:51.000Z,0.0000003,0xb99f72a8b0d3a5025ab8b2ca534973497af42899,sell,0x5046e860ff274fb8c66106b0ffb8155849fb0787,0x6013c7ad6e405bbf6f47a76d1bb9a854dfe253f6dada46c11622d7c749bb748d
42,12000,0.068424,0x13c3fd153e23ded7477e0817ad4d5754e2d67649,2017-11-01T04:33:17.000Z,0.000005702,0x47757d87fbcc7bf9bb7baebbdfdedfda9c04c3e5,sell,0x5046e860ff274fb8c66106b0ffb8155849fb0787,0x1be003be49438ed09542501b94bc0f32173a1d8dddc2c135c23f2b7004840174
43,36000,0.01116,0xb99f72a8b0d3a5025ab8b2ca534973497af42899,2017-11-01T04:30:59.000Z,0.00000031,0xb99f72a8b0d3a5025ab8b2ca534973497af42899,sell,0x5046e860ff274fb8c66106b0ffb8155849fb0787,0xe2426410f9f2e7094e655116895afd0bdc5ac62c160b041f243e20093a098ced
44,10000,0.0031,0xb99f72a8b0d3a5025ab8b2ca534973497af42899,2017-11-01T04:30:01.000Z,0.00000031,0xb99f72a8b0d3a5025ab8b2ca534973497af42899,sell,0x5046e860ff274fb8c66106b0ffb8155849fb0787,0xa92285200f46d5133b40bdc4cb9e3bc673229356c7e76859aecc8d9f7467bc07
45,2000,0.09,0xb99f72a8b0d3a5025ab8b2ca534973497af42899,2017-11-01T04:22:04.000Z,0.000045,0xb99f72a8b0d3a5025ab8b2ca534973497af42899,buy,0x5046e860ff274fb8c66106b0ffb8155849fb0787,0x31f264ec72fc298e68a9edca671108c08329c66cd3c18500b8cea1e3e3687953
46,200,0.01,0xb99f72a8b0d3a5025ab8b2ca534973497af42899,2017-11-01T04:21:01.000Z,0.00005,0xb99f72a8b0d3a5025ab8b2ca534973497af42899,buy,0x5046e860ff274fb8c66106b0ffb8155849fb0787,0x555dbbf15c47ef009360866dc181fc9f8be6114d0bfd431cc674c73a8eb49e4d
47,25631.45810999,0.146150574143163,0x13c3fd153e23ded7477e0817ad4d5754e2d67649,2017-11-01T04:14:12.000Z,0.000005702,0x508e4a96dab9bd044d0bb654d623c4ef663dfc35,sell,0x5046e860ff274fb8c66106b0ffb8155849fb0787,0xda9f1b52fa61bd184c2a57103f85139b409da92eb5847a1344068a08eba10954
48,30000,0.17109,0x5dc26ba24486c6dc4deba3a3726cc7e9ea0e0d0a,2017-11-01T03:58:22.000Z,0.000005703,0x508e4a96dab9bd044d0bb654d623c4ef663dfc35,sell,0x5046e860ff274fb8c66106b0ffb8155849fb0787,0xa74cb306e4cfaeea17b1c2c6f9861a33db9cc5b06b92cd24470c9dff5014bdff
49,57500,0.32798,0xfe0f18bb4ae6bae199cca71602cc431f241d8d10,2017-11-01T03:58:22.000Z,0.000005704,0x508e4a96dab9bd044d0bb654d623c4ef663dfc35,sell,0x5046e860ff274fb8c66106b0ffb8155849fb0787,0xef8371b5fbcea0f59dbc4260184e5365309fd9c4f0f07cdef6e19da074cab8a2
50,31251.61997808,0.175009071877248,0xf0b6feeaff52411c0b9a750f41aaafbf288f4375,2017-11-01T03:58:22.000Z,0.0000056,0x508e4a96dab9bd044d0bb654d623c4ef663dfc35,sell,0x5046e860ff274fb8c66106b0ffb8155849fb0787,0xeb5177b36b36ec3299999b420fef71035566c784cc1c9c8d03890f871472cb0e
51,70079.84271204,0.4001559018857484,0x13c3fd153e23ded7477e0817ad4d5754e2d67649,2017-11-01T03:58:22.000Z,0.00000571,0x508e4a96dab9bd044d0bb654d623c4ef663dfc35,sell,0x5046e860ff274fb8c66106b0ffb8155849fb0787,0xf53820705a8bfe9438419a821476bf59b511ee84e762cacf02768af07696e6c2
52,1000,0.005703,0xdbbae39c54992479faac890e81eb4d8579b951d6,2017-11-01T03:58:22.000Z,0.000005703,0x508e4a96dab9bd044d0bb654d623c4ef663dfc35,sell,0x5046e860ff274fb8c66106b0ffb8155849fb0787,0x8ad32fc541d6980de11bba90ac193ce559c4dadf0cb52c4523697063dfaf6bce
53,3125.80998904,0.01875485993424,0x3453011daa568b3fed926bb0cf5e0a7b62454c97,2017-11-01T03:57:48.000Z,0.000006,0x508e4a96dab9bd044d0bb654d623c4ef663dfc35,sell,0x5046e860ff274fb8c66106b0ffb8155849fb0787,0x0ab7590f3a08807432fcded0aca40cb6f3d8d1f1ee46549a282d5dd0348bc951
54,29920.15728796,0.1708440981142516,0x13c3fd153e23ded7477e0817ad4d5754e2d67649,2017-11-01T03:45:48.000Z,0.00000571,0x3d78717e8d256826ff7dc9a0b7a6eb0744cc365f,sell,0x5046e860ff274fb8c66106b0ffb8155849fb0787,0xd35dd47830b80b7c66b1435d944ad175856a347207badd9fcebceab93b8cf733
55,1874.19001096,0.01124514006576,0x3453011daa568b3fed926bb0cf5e0a7b62454c97,2017-11-01T02:43:24.000Z,0.000006,0xab838be41eaf45c4fd544457b676182af3d39fe6,sell,0x5046e860ff274fb8c66106b0ffb8155849fb0787,0x8f9035ba10f4c118e31e744ee427c41612f1929bd9679f4cd715b8460d66dd0e
56,5500,0.077,0x58c827ed24f0204cf0e45f44a9ab222014837b10,2017-11-01T00:22:16.000Z,0.000014,0x38ab523d0ca6c61c8787b82274d9e827d69fee96,buy,0x5046e860ff274fb8c66106b0ffb8155849fb0787,0x22573c27e83f40ddf2c4cd05ec445aafb161b47bb7617f564df7b785f915302a
57,1880,0.02538,0x58c827ed24f0204cf0e45f44a9ab222014837b10,2017-11-01T00:12:35.000Z,0.0000135,0x636a7a6fc4a244955764a75764cc91cd01ac59a1,buy,0x5046e860ff274fb8c66106b0ffb8155849fb0787,0xc8a12656e3c9b808ea3841c7a6bd502ac0a43bffda74f3143660161a4487df77
58,1880,0.0253612,0x58c827ed24f0204cf0e45f44a9ab222014837b10,2017-11-01T00:10:26.000Z,0.00001349,0x7eba78f19bc4477eafdc29f46f6975490e54531d,buy,0x5046e860ff274fb8c66106b0ffb8155849fb0787,0x50b9bf1091aa42c9a331f0a0f1a370bee1bea32cbf9806b0c362fe2c4e12fb5b
59,1874.19001096,0.010495464061376,0xf0b6feeaff52411c0b9a750f41aaafbf288f4375,2017-10-31T22:13:34.000Z,0.0000056,0x760de42737a127d5f2d8dba00399db569fb60cd9,sell,0x5046e860ff274fb8c66106b0ffb8155849fb0787,0xb5bb724461eac77d4f261973c0503d37917eaa78a2b4cef3ff3a0fe7a6c331b7
60,1874.19001096,0.010495464061376,0xf0b6feeaff52411c0b9a750f41aaafbf288f4375,2017-10-31T19:37:09.000Z,0.0000056,0x158a31c84665af5d4131d0c9a8164326968504fc,sell,0x5046e860ff274fb8c66106b0ffb8155849fb0787,0x137c6afb456f397da8d0782f9e01151176089594292257397b6529db3b3fa085
61,1880,0.0188,0x58d834007bb6992fda27057c165e8b038f3a1032,2017-10-31T18:52:30.000Z,0.00001,0x058352fca3a740fb822bc74e5f3d33ade894086b,buy,0x5046e860ff274fb8c66106b0ffb8155849fb0787,0xe7bbfd1530c8404051d8c9cd66ee20500782d339f0767f7cbe6d0c7d6b5af6fe
62,5090.44683471,0.025452239263996833,0x1a4cfe7277bfdbd108ef42a3db9e8a1c05428c6c,2017-10-31T16:46:20.000Z,0.00000500000099999999,0x28c432f6a71e0fc884172ecb59c9e57911540486,sell,0x5046e860ff274fb8c66106b0ffb8155849fb0787,0xbe423e01e9f5a7d328873b11de20c40e4379574237721d908eddf81aa463bd92
63,498.45503242,0.002492275660555032,0x1a4cfe7277bfdbd108ef42a3db9e8a1c05428c6c,2017-10-31T16:43:16.000Z,0.00000500000099999999,0xaef2368da7ee514b54a72e147d5b5738bc1e247d,sell,0x5046e860ff274fb8c66106b0ffb8155849fb0787,0x474c82442af885e5fb325e4038590e00d241733932ebeee043783a1ce920f3ef
64,616.106,0.00308053,0x86d4b794a7ffa3a3ea81421107cf26b7ad1b3d44,2017-10-31T16:41:59.000Z,0.000005,0xaef2368da7ee514b54a72e147d5b5738bc1e247d,buy,0x5046e860ff274fb8c66106b0ffb8155849fb0787,0x1e06b42640a88f49685f17cb8ef88085d62dde84ff8987f3d71f3140f695c22f
65,500,0.0025,0x86d4b794a7ffa3a3ea81421107cf26b7ad1b3d44,2017-10-31T16:41:33.000Z,0.000005,0xaef2368da7ee514b54a72e147d5b5738bc1e247d,buy,0x5046e860ff274fb8c66106b0ffb8155849fb0787,0x59d797143e092888d5056942e61ad8896b0ffca6070fb3fc7789cfdb0a03f013
66,150,0.0015,0x8d6e0a79003a9d49e68a6b82bbd497189f019905,2017-10-31T16:32:21.000Z,0.00001,0xfe04a678a433716e65e3f31fe6f03da75145805c,sell,0x5046e860ff274fb8c66106b0ffb8155849fb0787,0xdbe351043144adab9168cfdde6284787413d858783613e368db20e9439cb68f8
67,1874.19001096,0.00937095192899001,0x1a4cfe7277bfdbd108ef42a3db9e8a1c05428c6c,2017-10-31T15:40:26.000Z,0.00000500000099999999,0xff70eeda6fb9380d30b9a202c7a4970a2d966d37,sell,0x5046e860ff274fb8c66106b0ffb8155849fb0787,0x09170d4718d29d22a13a5823fcbff6dd4052eed695a4871fb4f013b8eee1731e
68,0.02769244,0.000000526156429027,0x6bef37280ef6520d5f466607f9ebe84ba889a822,2017-10-31T14:58:40.000Z,0.00001900000249262975,0xe66d3694198499adb8380b949b062db5b3efb0ef,buy,0x5046e860ff274fb8c66106b0ffb8155849fb0787,0x6d00b5becb4a25aeb2cafd9f3332547a20142cb61331d5df302a7a328dfef68c
69,263.89375697,0.005277875139567341,0x6bef37280ef6520d5f466607f9ebe84ba889a822,2017-10-31T14:39:35.000Z,0.00002000000000063412,0xaef2368da7ee514b54a72e147d5b5738bc1e247d,buy,0x5046e860ff274fb8c66106b0ffb8155849fb0787,0x447ba6affb424d9522ab06d41abd438f434e7a8382973135eb4a07458be70c48
70,1902.25320639,0.00760901282556,0x1a4cfe7277bfdbd108ef42a3db9e8a1c05428c6c,2017-10-31T14:09:52.000Z,0.000004,0x63cd0d6d36c4b6be6df6b288d2f3efb782f919ff,sell,0x5046e860ff274fb8c66106b0ffb8155849fb0787,0xd48e7a37cf619f92ad4c1acf7d74fdc7393670e19a304518e9049fceb1f74c78
71,30000,0.6003,0xc1247afc472ead93b059f15d1494cfc937809c8f,2017-10-31T13:46:50.000Z,0.00002001,0x508e4a96dab9bd044d0bb654d623c4ef663dfc35,sell,0x5046e860ff274fb8c66106b0ffb8155849fb0787,0x978e8763866c7e8b49d81d054695ad6787341a70b63fa16c2b53424ac5722219
72,3250,0.065,0x8e631debfa715854403e17718889b04002802e48,2017-10-31T13:46:50.000Z,0.00002,0x508e4a96dab9bd044d0bb654d623c4ef663dfc35,sell,0x5046e860ff274fb8c66106b0ffb8155849fb0787,0x1f356163105a14cf57a342418453a9ffa99b508b35e5ad39b58b5ec98b73d1c5
73,9103.27285417,0.2052788028615335,0x6bef37280ef6520d5f466607f9ebe84ba889a822,2017-10-31T13:46:41.000Z,0.00002255,0x508e4a96dab9bd044d0bb654d623c4ef663dfc35,sell,0x5046e860ff274fb8c66106b0ffb8155849fb0787,0x42bb97345dd8853708dc1b39db1cbb8343d44ee7d316f900b52d4c0746ae18c9
74,1874.19001096,0.042262984747148,0x6bef37280ef6520d5f466607f9ebe84ba889a822,2017-10-31T13:44:33.000Z,0.00002255,0x088250bad8a2cd1a8d7487028d6eed520525f3be,sell,0x5046e860ff274fb8c66106b0ffb8155849fb0787,0x340071def491be41a46c9d09cec7e120622281cb9ad80a610d56fb007a86e381
75,1874.19001096,0.042262984747148,0x6bef37280ef6520d5f466607f9ebe84ba889a822,2017-10-31T13:21:03.000Z,0.00002255,0xf0d8444b98fd316d6fa97ef6d9501f457e72656f,sell,0x5046e860ff274fb8c66106b0ffb8155849fb0787,0x6e8ac4f1d4e2a185fd42d92bbc226063e9cccbc2b871283a99b519b844bfda06
76,9970,0.2248235,0x6bef37280ef6520d5f466607f9ebe84ba889a822,2017-10-31T13:17:44.000Z,0.00002255,0xf44072eda87ede9613b6ae1b812de8a60ade27a2,sell,0x5046e860ff274fb8c66106b0ffb8155849fb0787,0xca6ef8f713c8744538e621add6873411684e01d17b71c449531e9ad62ad2672b
77,10000,0.22,0xf44072eda87ede9613b6ae1b812de8a60ade27a2,2017-10-31T13:17:44.000Z,0.000022,0x63a29264b28bef00a93e4eb8978cf426c2f9bf54,buy,0x5046e860ff274fb8c66106b0ffb8155849fb0787,0xca6ef8f713c8744538e621add6873411684e01d17b71c449531e9ad62ad2672b
78,1178.34712391,0.0265717276441705,0x6bef37280ef6520d5f466607f9ebe84ba889a822,2017-10-31T13:10:47.000Z,0.00002255,0x213f01a98c07c24782aeedf701261abb110a1045,sell,0x5046e860ff274fb8c66106b0ffb8155849fb0787,0x41d47ab5b51e92c7ba4173fc17845616500586eabf74f4b317299aae5da5f0e6
79,12535.73331551,0.28205399959897504,0xf44072eda87ede9613b6ae1b812de8a60ade27a2,2017-10-31T12:52:24.000Z,0.0000225,0x8a424781254908e4bc40db921f969218eef3c81a,buy,0x5046e860ff274fb8c66106b0ffb8155849fb0787,0xc8fd1081baedcc7351f7c5d0667ab66f52ce467272f6868506e13351f83fb9fd
80,12498.12611556,0.28745690065788,0x508e4a96dab9bd044d0bb654d623c4ef663dfc35,2017-10-31T12:52:24.000Z,0.000023,0xf44072eda87ede9613b6ae1b812de8a60ade27a2,sell,0x5046e860ff274fb8c66106b0ffb8155849fb0787,0xc8fd1081baedcc7351f7c5d0667ab66f52ce467272f6868506e13351f83fb9fd
81,1874.19001096,0.04310637025208,0x508e4a96dab9bd044d0bb654d623c4ef663dfc35,2017-10-31T12:48:23.000Z,0.000023,0xa98f44ab59f590e85aa7618b778eea20b43c1221,sell,0x5046e860ff274fb8c66106b0ffb8155849fb0787,0x4994bafbd73aa9a4b30a3ca9e5409184f63f41b57606f79f0fc74c65c792b336
82,1874.19001096,0.04310637025208,0x508e4a96dab9bd044d0bb654d623c4ef663dfc35,2017-10-31T11:23:49.000Z,0.000023,0xeb764abebcdd1e0160cf46a644bc5afe249c0678,sell,0x5046e860ff274fb8c66106b0ffb8155849fb0787,0x4dd0033918987fcef5c447496bd98227dbd55b60f59e7d38886e8baa0ef3b18f
83,4041.01114857,0.09294325641711,0x508e4a96dab9bd044d0bb654d623c4ef663dfc35,2017-10-31T10:55:54.000Z,0.000023,0xd8b50d899ca5ae70e95210520301b6a9ac0cd9e8,sell,0x5046e860ff274fb8c66106b0ffb8155849fb0787,0x77c09be9424a1a28a1e3a346e939fa1c49ef762b75e674e35d2e4291bf17f37d
84,994.277739,0.022868387997,0x508e4a96dab9bd044d0bb654d623c4ef663dfc35,2017-10-31T10:46:06.000Z,0.000023,0xf9a2499f5b479866ca4ee197d2dbdcc27d061251,sell,0x5046e860ff274fb8c66106b0ffb8155849fb0787,0x44ec8cf4dd4f794e8119d5a0d364096203350c045d06a4a9794a657c1e0050b0
85,1874.19001096,0.04310637025208,0x508e4a96dab9bd044d0bb654d623c4ef663dfc35,2017-10-31T10:46:06.000Z,0.000023,0x3e9d246c216e1817313839e78e6ce414872c45bf,sell,0x5046e860ff274fb8c66106b0ffb8155849fb0787,0x7be64bb67459abf02bd64c677bc83e99096eee7e42ef2d8a2ddc1ead70e3d372
86,0.03413399,0.00000078508177,0x508e4a96dab9bd044d0bb654d623c4ef663dfc35,2017-10-31T09:52:40.000Z,0.000023,0xfea1282a96c9c67080f9135154b2b2798b5fa736,sell,0x5046e860ff274fb8c66106b0ffb8155849fb0787,0x2e4a58cb6ad6dc36b2a0ad5391ff55e86f97fe19ba2444889d8b2f7279f7ea5e
87,1874.19001096,0.04310637025208,0x508e4a96dab9bd044d0bb654d623c4ef663dfc35,2017-10-31T09:51:49.000Z,0.000023,0x90cb967082af265d2a216911948a23822dcd4604,sell,0x5046e860ff274fb8c66106b0ffb8155849fb0787,0x74d3a29548f6ccbfceca5956932bba398e47f4e6e12c3b8504da4dde6c8959f0
88,1874.19001096,0.04310637025208,0x508e4a96dab9bd044d0bb654d623c4ef663dfc35,2017-10-31T08:54:03.000Z,0.000023,0x9c87d761dce93fc8de514a729b660d9da9f7a5a8,sell,0x5046e860ff274fb8c66106b0ffb8155849fb0787,0x5b35cc56710d8dabb67d31da82953e09ae6bbd2da5728209a2adf5b6018309e1
89,1874.19001096,0.04310637025208,0x508e4a96dab9bd044d0bb654d623c4ef663dfc35,2017-10-31T08:27:46.000Z,0.000023,0x1589acab58ade005a61ff098782c56d8efc9af44,sell,0x5046e860ff274fb8c66106b0ffb8155849fb0787,0xa58b670b0700d768090a043c43340d6ba109816b8cffed88cc52b4fcf7d7501f
90,698,0.02093302,0x67d2bf1c8ce48498cf5233673f4aefed251414c2,2017-10-31T08:08:43.000Z,0.00002999,0x213f01a98c07c24782aeedf701261abb110a1045,buy,0x5046e860ff274fb8c66106b0ffb8155849fb0787,0xdee323cdc79d43c499d3a47836e70af8417de16c5b19bdea684ab7689a8a3e2d
91,1312.75862068,0.03807,0x67d2bf1c8ce48498cf5233673f4aefed251414c2,2017-10-31T08:07:37.000Z,0.00002900000000021329,0xb4d22f1037db1381ff9a8215ca84f9dc24b8b645,buy,0x5046e860ff274fb8c66106b0ffb8155849fb0787,0xbc3380eea5c2d179198e4a355b73fe8dad754e445d4ef02b36218e203286e303
92,1874.19001096,0.04310637025208,0x508e4a96dab9bd044d0bb654d623c4ef663dfc35,2017-10-31T08:00:47.000Z,0.000023,0x12d1fe6789a9c415d6b1b8010808c20e50f8441a,sell,0x5046e860ff274fb8c66106b0ffb8155849fb0787,0xcd647cd2d3147d7a9550d2a877405e523d4c8514d87f1de4bf263146cc19a0cd
93,0.1868398,0.0000042973154,0x508e4a96dab9bd044d0bb654d623c4ef663dfc35,2017-10-31T07:49:03.000Z,0.000023,0xa7ef40afda6e29b81faa91a6608dc597e292604b,sell,0x5046e860ff274fb8c66106b0ffb8155849fb0787,0x4f49e342d822cd7de6f55a9fbf07fdd7ad278195a8062ec3e558aeaf5ef88cf3
94,1874.19001096,0.04310637025208,0x508e4a96dab9bd044d0bb654d623c4ef663dfc35,2017-10-31T07:48:24.000Z,0.000023,0xa7ef40afda6e29b81faa91a6608dc597e292604b,sell,0x5046e860ff274fb8c66106b0ffb8155849fb0787,0x1bcf077f30b2753128ce028c87b5adbe72f037f749357176a0b6210ddb528f17
95,1880,0.043616,0x6ea6f512533c3e2c31840912c9a6c415b0bf1379,2017-10-31T07:41:35.000Z,0.0000232,0x2a1e041d67e597d8e72bb3725c25d9fff97b8691,buy,0x5046e860ff274fb8c66106b0ffb8155849fb0787,0x76045177efa2e8d1e0b9934cf83d298c7b735162005eea8f260b5e1df1cbdc1f
96,1874.19001096,0.04310637025208,0x508e4a96dab9bd044d0bb654d623c4ef663dfc35,2017-10-31T07:25:40.000Z,0.000023,0x0dc6e0bb14b58b88cd3005ace0c59fe5957c9535,sell,0x5046e860ff274fb8c66106b0ffb8155849fb0787,0xeed76b59e7f8e42b86f48dfb160ab744249f1db040d79365d7118dded1e8b01e
97,548.30026916,0.01261090619068,0x508e4a96dab9bd044d0bb654d623c4ef663dfc35,2017-10-31T06:30:09.000Z,0.000023,0x966cc337eecb155c916e5514554d723c83abfea5,sell,0x5046e860ff274fb8c66106b0ffb8155849fb0787,0x9708379dee082d1b8ab39c497167f7b79894b7a7eb4810b2070994987bb1ed64
98,17.24137931,0.0005,0xf9695cd65d6dfdf257fab76a3eb0cb8f001971cc,2017-10-31T05:22:22.000Z,0.00002900000000058,0xb4d22f1037db1381ff9a8215ca84f9dc24b8b645,buy,0x5046e860ff274fb8c66106b0ffb8155849fb0787,0x1aaf43835fc5b98296964e8a987346eb3e7d0fdf842de34537dca710ac61043c
99,1874.19001096,0.04310637025208,0x508e4a96dab9bd044d0bb654d623c4ef663dfc35,2017-10-31T05:15:36.000Z,0.000023,0x18d75ed5cdd83c97a5d7d318435c2ad017d0c42e,sell,0x5046e860ff274fb8c66106b0ffb8155849fb0787,0x5750e7184e735ea0a7a3b098b431ca5745f692c33c02bc1387d594ac6073947c
100,135,0.003105,0x508e4a96dab9bd044d0bb654d623c4ef663dfc35,2017-10-31T04:14:12.000Z,0.000023,0x5b66fb0cfa931a2fc8fa17779ef26a1b9bb3d6e5,sell,0x5046e860ff274fb8c66106b0ffb8155849fb0787,0x1cd952e7c7fe3f5b60e7b0e78abeaaff69d46e595bafa5a8d042a48216d51e59
101,877.28043066,0.02017744990518,0x508e4a96dab9bd044d0bb654d623c4ef663dfc35,2017-10-31T04:13:20.000Z,0.000023,0x6b35bede44db19b5e34bc7478523be094a5015d3,sell,0x5046e860ff274fb8c66106b0ffb8155849fb0787,0x8d9691b2e93b050e2c09f253b5a25e474e813138b68f7db66afdc1055e8ceeec
102,386.66336,0.009666584,0xcbf62fe09875d01360e044695357f9032caad5d7,2017-10-31T04:11:43.000Z,0.000025,0x5b66fb0cfa931a2fc8fa17779ef26a1b9bb3d6e5,sell,0x5046e860ff274fb8c66106b0ffb8155849fb0787,0x1e4cf96d31e8f3fc3202a396b4913534c854ab3a246de9f6c18e16bdf2a40aca
103,875,0.021875,0xcbf62fe09875d01360e044695357f9032caad5d7,2017-10-31T04:09:06.000Z,0.000025,0x5b66fb0cfa931a2fc8fa17779ef26a1b9bb3d6e5,sell,0x5046e860ff274fb8c66106b0ffb8155849fb0787,0x2609a0b82fce16f9c08bb269d8410cd1ef9489564b4c8c70af3e1dc7b62cffd1
104,1874.19001096,0.04310637025208,0x508e4a96dab9bd044d0bb654d623c4ef663dfc35,2017-10-31T04:02:38.000Z,0.000023,0x51feb09f82313a99cb0d90be3702df6d7a3e1caa,sell,0x5046e860ff274fb8c66106b0ffb8155849fb0787,0x3a9f16e5b2bb13c49b709e33e299e1c047bf6cfabafd4766f80219989e1c785e
105,18776.58089294,0.57268571723467,0xfbb4f839b881ad411ac3f02e6808af3b01ffea49,2017-10-31T02:47:30.000Z,0.0000305,0x47757d87fbcc7bf9bb7baebbdfdedfda9c04c3e5,sell,0x5046e860ff274fb8c66106b0ffb8155849fb0787,0xdda2164741736598419ac3f80f92a8f6f9b3c16bec684d5d264258e65f023db4
106,3748.38002193,0.08621274050439,0x508e4a96dab9bd044d0bb654d623c4ef663dfc35,2017-10-31T02:33:30.000Z,0.000023,0xcc98ebdda7f32497839f74f3bcd42bfc391c52ab,sell,0x5046e860ff274fb8c66106b0ffb8155849fb0787,0x10a87d98f15f2464c1f8e742d4fdf18db9f1028bd2ec1fce93b5b3497262961c
107,90,0.00261,0x8d6e0a79003a9d49e68a6b82bbd497189f019905,2017-10-31T02:11:19.000Z,0.000029,0x1b3529cec0bd2760d2ef184b15f1b2a16e79c77e,sell,0x5046e860ff274fb8c66106b0ffb8155849fb0787,0xb24c8905db44def2e8616b3887d99996e7d09c2aad2f4dca19c2535f08afb4f5
108,0.1868398,0.0000042973154,0x508e4a96dab9bd044d0bb654d623c4ef663dfc35,2017-10-31T00:48:47.000Z,0.000023,0x0ffeb241a155c85420704efa283e4b440943d613,sell,0x5046e860ff274fb8c66106b0ffb8155849fb0787,0xe273aae3f1046cfdcba47901f9f2387d5f77e0b0186deebf5564583c285f5fe2
109,0.55654409,0.00001280051407,0x508e4a96dab9bd044d0bb654d623c4ef663dfc35,2017-10-30T23:51:26.000Z,0.000023,0x6eba6b49a31d9188443428190b8b27707e35e19d,sell,0x5046e860ff274fb8c66106b0ffb8155849fb0787,0x34b9278f65b36cc98ca4f8b17276a8c349ae2b50da9825539777b6c8c21443a3
110,1874.19001096,0.04310637025208,0x508e4a96dab9bd044d0bb654d623c4ef663dfc35,2017-10-30T23:00:32.000Z,0.000023,0x6b7ef7da2666d3ec447069e882a4e992249f4dce,sell,0x5046e860ff274fb8c66106b0ffb8155849fb0787,0x59880bd08d484fba769c6a65edfc364660bd36b094173427cbe12f6b0cf3d3ef
111,1880,0.056212,0x7ad2815cc4356b14e484dfe577e8899701608500,2017-10-30T22:28:30.000Z,0.0000299,0xe6465ac907376074fbe4b900d0ab806dbf14dbde,buy,0x5046e860ff274fb8c66106b0ffb8155849fb0787,0x2fb833ac40fec68b29f17bf2764a72df8a06abc2c14ec050bdb6326fbe6ce029
112,1508,0.034684,0x508e4a96dab9bd044d0bb654d623c4ef663dfc35,2017-10-30T21:43:51.000Z,0.000023,0x9e7c4003f511fff551a14d747a0c4127881017b1,sell,0x5046e860ff274fb8c66106b0ffb8155849fb0787,0x932674655c59fbefcabe8cf4dda7ec6c7d3f2b94b21e57317e8ab2d5afb4cbc6
113,1874.19001096,0.04310637025208,0x508e4a96dab9bd044d0bb654d623c4ef663dfc35,2017-10-30T21:26:08.000Z,0.000023,0x4cf150adbd95ed35bde9cf5dc5d51c9549f9efa3,sell,0x5046e860ff274fb8c66106b0ffb8155849fb0787,0xf5f1216b8f2c18f3733bfc8b6237cd2b87f52a8a32944ae0bd9ce64934e00de2
114,100,0.0023,0xbf3ff66b9f477e3c6f3b8b2c6053e398a243e6c1,2017-10-30T21:19:23.000Z,0.000023,0x68015ed84b7396967ff9b73dee09223a71c25a3a,buy,0x5046e860ff274fb8c66106b0ffb8155849fb0787,0x92ec87c4dcf0ff448ac26971ef479eac44b5affc9e3e4748ded20f4d58ea7bb3
115,1748.39256405,0.04021302897315,0x508e4a96dab9bd044d0bb654d623c4ef663dfc35,2017-10-30T20:24:42.000Z,0.000023,0xd6f62c02ba3487997f428afd96915e60b70d764e,sell,0x5046e860ff274fb8c66106b0ffb8155849fb0787,0xe7e8a02dd6a267d40362a267e8b1d7cec43ae50d9be096c41d05bbaaa7a6ae1c
116,1880,0.04888,0x5351ed65ea96588e2c55caf4abfd10fe3548540e,2017-10-30T20:08:19.000Z,0.000026,0x3753a0b1c9a052cc8c02805d627dd3f057fbfefe,buy,0x5046e860ff274fb8c66106b0ffb8155849fb0787,0x5210ea36b7ca2380f020172ec211211fd9c3e13334a0c443f3a0e426487ff3bf
117,1880,0.05076,0x5351ed65ea96588e2c55caf4abfd10fe3548540e,2017-10-30T20:08:10.000Z,0.000027,0xec908b51478c3c357ff26f6988adc89e490d226e,buy,0x5046e860ff274fb8c66106b0ffb8155849fb0787,0x5a58e327915390ea56e8f8be328549a995fe6b03b92a9ef815f4b3175ede1416
118,1880,0.04324,0x5351ed65ea96588e2c55caf4abfd10fe3548540e,2017-10-30T20:01:45.000Z,0.000023,0xe1af6d87bd6b906a20104c7932525821cd826fa8,buy,0x5046e860ff274fb8c66106b0ffb8155849fb0787,0x0d50ca743e655ce3ce38131303bb5f44bf364969b9159da1fa874f53a855925f
119,1874.19001096,0.04310637025208,0x508e4a96dab9bd044d0bb654d623c4ef663dfc35,2017-10-30T19:37:11.000Z,0.000023,0xc5c05d6d1fd05376fb992d2754f1c1d00b7eaa7f,sell,0x5046e860ff274fb8c66106b0ffb8155849fb0787,0x11dd72eefdeb666311c2bb31fb95a0c2ef73a1c4403b9dd3ab03993c379d5023
120,47624,1.095352,0x508e4a96dab9bd044d0bb654d623c4ef663dfc35,2017-10-30T19:20:50.000Z,0.000023,0xee72cd07a36d08f5fafff2214857a8221a3314be,sell,0x5046e860ff274fb8c66106b0ffb8155849fb0787,0x3688e298af41fde93d65b507bdecb61c04c78efbb41dfce3c0cc5a248f2ba8b4
121,2000,0.046008000002,0xbf3ff66b9f477e3c6f3b8b2c6053e398a243e6c1,2017-10-30T19:20:46.000Z,0.000023004000001,0xee72cd07a36d08f5fafff2214857a8221a3314be,sell,0x5046e860ff274fb8c66106b0ffb8155849fb0787,0x94c4cfe14dc991b27aac9ce75aed7ba5bc3e137615f9648d923a289106102a62
122,8599,0.197802797,0x6be6a7b8a77f85c38818a27d7a0f095588d3c54e,2017-10-30T19:10:29.000Z,0.000023003,0xee72cd07a36d08f5fafff2214857a8221a3314be,sell,0x5046e860ff274fb8c66106b0ffb8155849fb0787,0xb458e63153315c88ecc4c6eb013be3f665878f60ff9206b44efcd9e4c48b85e9
123,2000,0.046008000002,0xbf3ff66b9f477e3c6f3b8b2c6053e398a243e6c1,2017-10-30T19:10:29.000Z,0.000023004000001,0xee72cd07a36d08f5fafff2214857a8221a3314be,sell,0x5046e860ff274fb8c66106b0ffb8155849fb0787,0x817706794fc67b435e3c388b9315b72614b5c534aaf95085b7fd90895713324e
124,21500,0.494543,0x6bef37280ef6520d5f466607f9ebe84ba889a822,2017-10-30T19:10:29.000Z,0.000023002,0xee72cd07a36d08f5fafff2214857a8221a3314be,sell,0x5046e860ff274fb8c66106b0ffb8155849fb0787,0x543fd15867a44cab8a83c20b518242eec15423a35e52ecdde6d7bb031dd600fd
125,20000,0.46008,0x4717c48e3f3d63d01ee7452fcea47cb522c56a99,2017-10-30T19:10:29.000Z,0.000023004,0xee72cd07a36d08f5fafff2214857a8221a3314be,sell,0x5046e860ff274fb8c66106b0ffb8155849fb0787,0xe1baf6df83c8426622097bd4299e36e58aa2f4f42403346b3ed3f6880771b0c9
126,125.80998904,0.002894007178012929,0xbf3ff66b9f477e3c6f3b8b2c6053e398a243e6c1,2017-10-30T18:06:13.000Z,0.00002300300000099999,0xd6f62c02ba3487997f428afd96915e60b70d764e,sell,0x5046e860ff274fb8c66106b0ffb8155849fb0787,0xdb844d18140f91dfd2d6e3e44a4742276943927466d9aa319981a4e1ef065336
127,1874.19001096,0.04311199282398707,0xbf3ff66b9f477e3c6f3b8b2c6053e398a243e6c1,2017-10-30T17:38:57.000Z,0.00002300300000099999,0xbac3b9974c84a83f981695d518364b2a92f04316,sell,0x5046e860ff274fb8c66106b0ffb8155849fb0787,0x0f1b22bab85be7cf2915fa710fcdc2b4222d6504a5c1f1acbc82fdd6a8f38af3
128,1874.19001096,0.04310824444209096,0x132d1c6564ec904fc549620b3d6c56036bebc911,2017-10-30T17:04:32.000Z,0.000023001,0xa2fe177cf2a5e31472980730e0f58b02e69ac394,sell,0x5046e860ff274fb8c66106b0ffb8155849fb0787,0x510754d5cc7f66140cc1cafff92353213c32ae1b254b9040fecd07cad95e6d15
129,1874.19001096,0.04310824444209096,0x132d1c6564ec904fc549620b3d6c56036bebc911,2017-10-30T17:01:37.000Z,0.000023001,0x42f5eadfee699c703229718fddb14b84c11cabc6,sell,0x5046e860ff274fb8c66106b0ffb8155849fb0787,0xf3b79617e035a680be2b89f00d0c15061af7e5adaeaa09898bfb19993b647c37
130,797.2944636,0.023918833908,0x47757d87fbcc7bf9bb7baebbdfdedfda9c04c3e5,2017-10-30T15:48:36.000Z,0.00003,0xe9d19248b5d662de2c88c3179951e2067c532eaa,sell,0x5046e860ff274fb8c66106b0ffb8155849fb0787,0x44e725e7756ae911b557036f64a7546a44edff2ff2f5800ea71f22dd44702917
131,1874.19001096,0.0562257003288,0x47757d87fbcc7bf9bb7baebbdfdedfda9c04c3e5,2017-10-30T15:48:25.000Z,0.00003,0x158cad0e2dc87435a5bbe5ec2f0bd7aa6d352b1b,sell,0x5046e860ff274fb8c66106b0ffb8155849fb0787,0x28db2a6c3c870964da657cf585581874ce5d69ab8eb9793126a62dd1ec0c6d4e
132,1874.19001096,0.0562257003288,0x47757d87fbcc7bf9bb7baebbdfdedfda9c04c3e5,2017-10-30T15:48:21.000Z,0.00003,0x158cad0e2dc87435a5bbe5ec2f0bd7aa6d352b1b,sell,0x5046e860ff274fb8c66106b0ffb8155849fb0787,0x28db2a6c3c870964da657cf585581874ce5d69ab8eb9793126a62dd1ec0c6d4e
133,996.9095803,0.029907287409,0x47757d87fbcc7bf9bb7baebbdfdedfda9c04c3e5,2017-10-30T14:50:29.000Z,0.00003,0x525efb3088eb2d72c686ba82e72c6e0f6484c4e2,sell,0x5046e860ff274fb8c66106b0ffb8155849fb0787,0x6e774c5868c80551a787d75eda3d2203c67c24a996b7a42ea4744be06162ca1d
134,1874.19001096,0.0562257003288,0x47757d87fbcc7bf9bb7baebbdfdedfda9c04c3e5,2017-10-30T14:29:28.000Z,0.00003,0x82b84a9a0442b29f688cb0b4eabf0aa3bdecd681,sell,0x5046e860ff274fb8c66106b0ffb8155849fb0787,0xfdaa24b3ce903fd86b841d4050e182a4a85c42a41eca2fdf107c9071099c0b7d
135,1874.19001096,0.0562257003288,0x47757d87fbcc7bf9bb7baebbdfdedfda9c04c3e5,2017-10-30T14:16:39.000Z,0.00003,0x6701bb0663ed8cbb7f4cd059489b03db92f28da7,sell,0x5046e860ff274fb8c66106b0ffb8155849fb0787,0x9c97ccb6528912fdedb44b94f90348d035c5b77b4718cd8c8f4438e58dd2c143
136,874.28970192,0.0262286910576,0x47757d87fbcc7bf9bb7baebbdfdedfda9c04c3e5,2017-10-30T14:09:29.000Z,0.00003,0x2ae6686306e3e932f23a734cc26e7adb60f407f4,sell,0x5046e860ff274fb8c66106b0ffb8155849fb0787,0xef15ce12e4f064dc297fdaffe4258f6888bfcd1813d597a8ab90de3ecb44f065
137,1874.19001096,0.0562257003288,0x47757d87fbcc7bf9bb7baebbdfdedfda9c04c3e5,2017-10-30T14:08:28.000Z,0.00003,0x0ffeb241a155c85420704efa283e4b440943d613,sell,0x5046e860ff274fb8c66106b0ffb8155849fb0787,0x381333bdccd6361fa7c392abca588c1add47c7733102e42a9fa70d4950df4a15
138,1874.19001096,0.0562257003288,0x47757d87fbcc7bf9bb7baebbdfdedfda9c04c3e5,2017-10-30T14:00:21.000Z,0.00003,0x81c701fb2103dcbde6ffd7755397da9561ebfa8e,sell,0x5046e860ff274fb8c66106b0ffb8155849fb0787,0x42cf0927ce5b9b6769188bc11a8b78b8b6e76d6cf06a7f9724003f7df4dfaeb7
139,1874.19001096,0.0562257003288,0x47757d87fbcc7bf9bb7baebbdfdedfda9c04c3e5,2017-10-30T13:49:49.000Z,0.00003,0x4bd6c329dde9bd4e510fa801ff8c67b6fc585f87,sell,0x5046e860ff274fb8c66106b0ffb8155849fb0787,0x14a9f47b00734c08bb927516554dd5b0d23fffa182d66e74a1d1c188c3ad21c5
140,1874.19001096,0.0562257003288,0x47757d87fbcc7bf9bb7baebbdfdedfda9c04c3e5,2017-10-30T13:46:14.000Z,0.00003,0x5740241812f338b0650d59ff2c40c2f82792cba0,sell,0x5046e860ff274fb8c66106b0ffb8155849fb0787,0x876737d0954944d673e63caa779d3c36ca1380ef6bc21bdac93f6753e97a6a4b
141,157.97445495,0.0047392336485,0x47757d87fbcc7bf9bb7baebbdfdedfda9c04c3e5,2017-10-30T13:29:32.000Z,0.00003,0xaa95d7a3d9e105d715c483f1a4c19580579b1bc2,sell,0x5046e860ff274fb8c66106b0ffb8155849fb0787,0x85a85a2b02f671cbf91972707ba15ea7e546b4c2c7cfb212e4e6972d445590e9
142,1716.38666424,0.05149331631386424,0xad6311e899ca6b6e8f3a475a34a570a8706790b4,2017-10-30T13:26:49.000Z,0.000030001,0xaa95d7a3d9e105d715c483f1a4c19580579b1bc2,sell,0x5046e860ff274fb8c66106b0ffb8155849fb0787,0x6abdcd965bc8169b9a2bdca1c4b56b09f6031af059aae896e59b538066b1e793
143,1874.19001096,0.0562257003288,0x47757d87fbcc7bf9bb7baebbdfdedfda9c04c3e5,2017-10-30T13:16:06.000Z,0.00003,0xa5842ec685bdef95bd05a53a833091f6677f8753,sell,0x5046e860ff274fb8c66106b0ffb8155849fb0787,0xe6c0908ffc17ad92bf98a6614d7f20bf5e3408ed7e676c7363142b39c2f58cb3
144,1874.19001096,0.0562257003288,0x47757d87fbcc7bf9bb7baebbdfdedfda9c04c3e5,2017-10-30T13:13:09.000Z,0.00003,0x057c1f3e61b09ff651cdda8340a2bcde6dc69c9c,sell,0x5046e860ff274fb8c66106b0ffb8155849fb0787,0x6f53483d599f1a514652bfe71f986b71acc05356d25b16a3e985b0f51c0b327f
145,9969.09580301,0.299082843186103,0xad6311e899ca6b6e8f3a475a34a570a8706790b4,2017-10-30T13:08:57.000Z,0.000030001,0xab8a5a022c207f5b702c040d10f46d4ee4c6988b,sell,0x5046e860ff274fb8c66106b0ffb8155849fb0787,0x4ff1a4dfcabdff84644c97b82fcbaf5f696d35a39b147379d83d2f20484f8c36
146,1874.19001096,0.05622757451881096,0xad6311e899ca6b6e8f3a475a34a570a8706790b4,2017-10-30T12:49:39.000Z,0.000030001,0x5b490f40ea7cfad598423819a6a3d1154d273434,sell,0x5046e860ff274fb8c66106b0ffb8155849fb0787,0x5d74e4cf99f16c3d59872ab0662e02c1158f7ae5b8037c8dddf2891bf9667030
147,1874.19001096,0.05622757451881096,0xad6311e899ca6b6e8f3a475a34a570a8706790b4,2017-10-30T12:09:49.000Z,0.000030001,0x81df114b711dcf8e5c539870100367c5bc98c29d,sell,0x5046e860ff274fb8c66106b0ffb8155849fb0787,0x696c05fb63b7c5bf23767e5e95d924a28fb9d3d04f71e926e5bdb5d45516ae3b
148,1874.19001096,0.05622757451881096,0xad6311e899ca6b6e8f3a475a34a570a8706790b4,2017-10-30T11:45:19.000Z,0.000030001,0x918722a677d5fe9ccc6389a674989c95b9000061,sell,0x5046e860ff274fb8c66106b0ffb8155849fb0787,0xf0e26b013c7a87d719e2f6cad9ac180ed9a9a740a180e1009424773a890119f3
149,0.6134057,0.00001870887385,0xfbb4f839b881ad411ac3f02e6808af3b01ffea49,2017-10-30T11:13:28.000Z,0.0000305,0x8347b459b281c76c95337a628a8523348ddbdef5,sell,0x5046e860ff274fb8c66106b0ffb8155849fb0787,0xa3055545fb41679cfb20c634d3ebd00b09dae9623425bf2d59b0c1aba0ebb456
150,6153.07247532,0.18766871049726,0xfbb4f839b881ad411ac3f02e6808af3b01ffea49,2017-10-30T11:11:14.000Z,0.0000305,0x8347b459b281c76c95337a628a8523348ddbdef5,sell,0x5046e860ff274fb8c66106b0ffb8155849fb0787,0xe9f709392ce79b53c8fa44a5399b96f2ccbca37cf8d2d4979da93cb969b01a23
151,0.17888917,0.000005456119685,0xfbb4f839b881ad411ac3f02e6808af3b01ffea49,2017-10-30T10:52:41.000Z,0.0000305,0xd50ad0c396b2ec3e998eb6bf0400d0d786693818,sell,0x5046e860ff274fb8c66106b0ffb8155849fb0787,0xe7634d592e799724646d51e2c5e40cfb15bca3f07cc89b089818881a3024dea5
152,1794.43724454,0.05473033595847,0xfbb4f839b881ad411ac3f02e6808af3b01ffea49,2017-10-30T10:52:09.000Z,0.0000305,0xd50ad0c396b2ec3e998eb6bf0400d0d786693818,sell,0x5046e860ff274fb8c66106b0ffb8155849fb0787,0xc84704d2665379824cb751ceafef603583f79b853f939be900afba3447e75392
153,1874.19001096,0.05716279533428,0xfbb4f839b881ad411ac3f02e6808af3b01ffea49,2017-10-30T09:56:11.000Z,0.0000305,0x83ed35c2af39a05971f44dbe95a27fa0fff8c569,sell,0x5046e860ff274fb8c66106b0ffb8155849fb0787,0xa7a74f26f76c508dfa981c9b19d05772cd89fa60592e0b7480178949e3867bca
154,1874.19001096,0.05716279533428,0xfbb4f839b881ad411ac3f02e6808af3b01ffea49,2017-10-30T08:58:57.000Z,0.0000305,0xbf3db729363c1e4034390cabe6d2c1fcbd06b08c,sell,0x5046e860ff274fb8c66106b0ffb8155849fb0787,0xfdf53a8bb6f43b5bdf702b8a0ff034e1d4e0de3db7bc2c240554b52ffa21724c
155,1874.19001096,0.05716279533428,0xfbb4f839b881ad411ac3f02e6808af3b01ffea49,2017-10-30T08:01:09.000Z,0.0000305,0x191b55e3b69879ba73f9cc9f076072cb15109bea,sell,0x5046e860ff274fb8c66106b0ffb8155849fb0787,0x1e82b2974e4da39c19195fa47185532497527c1963d1d3ccd0dc64fbe626d843
156,6959.646,0.2129651676,0x107d35bdbb393d33d6d9ce4127883b057b8e6187,2017-10-30T07:40:10.000Z,0.0000306,0xff751bf33f82287f184ea88dfb1b125410c3f79b,sell,0x5046e860ff274fb8c66106b0ffb8155849fb0787,0xff168f5947c023b0acdcad615e6ffed1447452ca045931f342b8b35a0e4c23e7
157,1040.35352739,0.031834817938134,0x107d35bdbb393d33d6d9ce4127883b057b8e6187,2017-10-30T07:10:04.000Z,0.0000306,0xece2edcbeb1631f62055edb2e04011013bff75ee,sell,0x5046e860ff274fb8c66106b0ffb8155849fb0787,0xd0957d70dd51a50ee4af793a0e1b0fa5d1078519399bb927fef005529547c51c
158,833.91961782,0.02585150815242,0x8a424781254908e4bc40db921f969218eef3c81a,2017-10-30T07:07:25.000Z,0.000031,0xece2edcbeb1631f62055edb2e04011013bff75ee,sell,0x5046e860ff274fb8c66106b0ffb8155849fb0787,0x8f8e9a48ddbf657233d3d830f4739186b260bcaaee0aba34aff766492190389e
159,3760,0.1316,0x6ea6f512533c3e2c31840912c9a6c415b0bf1379,2017-10-30T06:02:48.000Z,0.000035,0x926117d329e986e1ea4480151547e14bd7399479,buy,0x5046e860ff274fb8c66106b0ffb8155849fb0787,0x67a36ed0a88dc4d7975a979f21becd1f7b414be51abc7b7ab05453ddb57fa2c1
160,1874.19001096,0.05716279533428,0xfbb4f839b881ad411ac3f02e6808af3b01ffea49,2017-10-30T04:45:21.000Z,0.0000305,0x1af57b15f375396dab8ed0446782188849059cd4,sell,0x5046e860ff274fb8c66106b0ffb8155849fb0787,0x6395fd43854a3fee901a65e5e9dd539077fe04c19d94b89adc66754f310bb027
161,1091.61599042,0.03329428770781,0xfbb4f839b881ad411ac3f02e6808af3b01ffea49,2017-10-30T04:28:46.000Z,0.0000305,0xab45233b06b1d1f452901661f6a931c9da663cc0,sell,0x5046e860ff274fb8c66106b0ffb8155849fb0787,0x0366ea734e3bae696edf76c4d2c1305b31c2fe2cf2d29abff00a95326328f04a
162,1774.49905293,0.05500947064083,0x8a424781254908e4bc40db921f969218eef3c81a,2017-10-30T03:12:07.000Z,0.000031,0x095fee0941b050120909d386750625451b1d82d9,sell,0x5046e860ff274fb8c66106b0ffb8155849fb0787,0x822e079ccf9087d19177703a18277c096150e8356ab0b415ae88afdce0aca3f7
163,1880,0.06204,0xd4a2deacd186d082c3746ab06b082e4651a5f343,2017-10-30T02:48:43.000Z,0.000033,0xd28f17e3420d730cdd670a4f876a5744313da4a6,buy,0x5046e860ff274fb8c66106b0ffb8155849fb0787,0xe6fe6d0ef94ebdaaf8726a77cbde0ef0356e14eae6391fbe7e7729f89ee6b344
164,1880,0.0658,0xd4a2deacd186d082c3746ab06b082e4651a5f343,2017-10-30T02:48:43.000Z,0.000035,0x501594f178d92cdd47ec34c5aeeddb37e5d14af8,buy,0x5046e860ff274fb8c66106b0ffb8155849fb0787,0x4f62186709e9889f8f13506300d0190e8a02bafd091cfb70241a48ccc4246088
165,4336.26,0.152636352,0xd4a2deacd186d082c3746ab06b082e4651a5f343,2017-10-30T02:48:23.000Z,0.0000352,0x38ab523d0ca6c61c8787b82274d9e827d69fee96,buy,0x5046e860ff274fb8c66106b0ffb8155849fb0787,0xbdbcff18fbff214aa603e2b0a1831a84307ff6344164bd7fae90d68200369477
166,12.462,0.000380091,0xfbb4f839b881ad411ac3f02e6808af3b01ffea49,2017-10-30T02:35:55.000Z,0.0000305,0x379374d13077e8867ef31803c37baf9785a17c00,sell,0x5046e860ff274fb8c66106b0ffb8155849fb0787,0x3dc21fe5c7833751db35367444aad07c8042a5a52ab409b57737b19bb156bf8f
167,1880,0.06016,0xd4a2deacd186d082c3746ab06b082e4651a5f343,2017-10-30T02:34:31.000Z,0.000032,0x90457c1ba9e5d619034d8126b09725199710525e,buy,0x5046e860ff274fb8c66106b0ffb8155849fb0787,0xa1a3e544cd817979763d16b44597d97ac8aad563aa50104beafb6b0d6882ae6b
168,12.462,0.000380091,0xfbb4f839b881ad411ac3f02e6808af3b01ffea49,2017-10-30T02:34:22.000Z,0.0000305,0x16e5d97bbc92417e051e3b2cabfbf8ceea2acb9c,sell,0x5046e860ff274fb8c66106b0ffb8155849fb0787,0x3205a049cbe762257a111a12b1f1c6039a9c6c1fbae7c54daeb15d6312745d47
169,447.542,0.013650031,0xd4a2deacd186d082c3746ab06b082e4651a5f343,2017-10-30T02:24:25.000Z,0.0000305,0x3ad5a3c5455db2208dfbd92575abd3c0a8be39e1,buy,0x5046e860ff274fb8c66106b0ffb8155849fb0787,0xd259834821a865981fb6c6bfcd1703ad2fe61de79e99592cbb68e2d67a37af27
170,797.62704711,0.024327624936855,0xfbb4f839b881ad411ac3f02e6808af3b01ffea49,2017-10-30T02:17:49.000Z,0.0000305,0xdeba453d3e2d7f0a3f6d40c3d6c24b9e2de2be4e,sell,0x5046e860ff274fb8c66106b0ffb8155849fb0787,0x82c3d2f6695a46bccedda25fb33cf031787fc1b25dfb5ebd578ada0315c9589e
171,1990,0.060695,0xfbb4f839b881ad411ac3f02e6808af3b01ffea49,2017-10-30T01:41:06.000Z,0.0000305,0x97c5c53f8acac416f87a884f6f923ae063ebaacd,sell,0x5046e860ff274fb8c66106b0ffb8155849fb0787,0xa7fcb17748044cbdd15d10fb34e57324f37b6c1ae984d3b24b39cbe3af976244
172,1874.19001096,0.05716279533428,0xfbb4f839b881ad411ac3f02e6808af3b01ffea49,2017-10-30T00:31:26.000Z,0.0000305,0x8ee6fcad578d51d3f5115dffbd0a367489254a24,sell,0x5046e860ff274fb8c66106b0ffb8155849fb0787,0x2763e813bed6198f8df570d46401052952e134f190f8d61c24fe1f1c703b3d3a
173,66,0.001980198,0x19200f87ea5123e493ecda665e42df8a7dd99be1,2017-10-30T00:11:19.000Z,0.000030003,0x58c79d25b388fe4e6c40e1e400eb6e602e6c02e0,sell,0x5046e860ff274fb8c66106b0ffb8155849fb0787,0x477981dc23247f6afba0982ef25af46b44d00f8d8d7b9385d30da2c44aab67c7
174,1874.19001096,0.05623132289883288,0x19200f87ea5123e493ecda665e42df8a7dd99be1,2017-10-30T00:07:42.000Z,0.000030003,0x1f59c2b92161711616b4418153923f14d55d2d4c,sell,0x5046e860ff274fb8c66106b0ffb8155849fb0787,0xe68775bcd67d89096af4541b1a6cb67d2ffce9ae7f1a2e866c9a63f41e747d85
175,1880,0.0564,0xc1247afc472ead93b059f15d1494cfc937809c8f,2017-10-30T00:03:19.000Z,0.00003,0x78cf1351851e6e6abea04aa2742abb00790a07cb,buy,0x5046e860ff274fb8c66106b0ffb8155849fb0787,0xcc14bc39fb0e38c897ea85607d7ca8dbe5c4b15c6e7672baa792d5975a3fcc2b
176,6468.61007077,0.19406477073317077,0xc1247afc472ead93b059f15d1494cfc937809c8f,2017-10-29T23:41:23.000Z,0.000030001,0x5dc26ba24486c6dc4deba3a3726cc7e9ea0e0d0a,buy,0x5046e860ff274fb8c66106b0ffb8155849fb0787,0xb2271516562780947bfc6725465586fc2e64f3042db259e6a65a017b731ca1c1
177,1527.38992923,0.04582322526682923,0x273a5d3e6721b9f5c1a6474f560c1334c63dda01,2017-10-29T23:40:28.000Z,0.000030001,0x5dc26ba24486c6dc4deba3a3726cc7e9ea0e0d0a,buy,0x5046e860ff274fb8c66106b0ffb8155849fb0787,0x03088249b06e8434145b360902a33661b7d97805cfda32482638725863fe7805
178,3240,0.09720324,0xd2ea382e498316d91b9de8557670149b479721a0,2017-10-29T23:40:28.000Z,0.000030001,0x5dc26ba24486c6dc4deba3a3726cc7e9ea0e0d0a,buy,0x5046e860ff274fb8c66106b0ffb8155849fb0787,0xeaf0acc4b0a92904665597373fde8967b607367a85483e238850dedc67c4ee3f
179,1522.80775944,0.04735977816091183,0xc1247afc472ead93b059f15d1494cfc937809c8f,2017-10-29T23:40:28.000Z,0.0000311003,0x273a5d3e6721b9f5c1a6474f560c1334c63dda01,sell,0x5046e860ff274fb8c66106b0ffb8155849fb0787,0x03088249b06e8434145b360902a33661b7d97805cfda32482638725863fe7805
180,3230.28,0.10013868,0xb84bea458757411ccb014544c891a09f66241bd9,2017-10-29T23:40:28.000Z,0.000031,0xd2ea382e498316d91b9de8557670149b479721a0,sell,0x5046e860ff274fb8c66106b0ffb8155849fb0787,0xeaf0acc4b0a92904665597373fde8967b607367a85483e238850dedc67c4ee3f
181,1472.61007077,0.04579861498396823,0xc1247afc472ead93b059f15d1494cfc937809c8f,2017-10-29T23:24:19.000Z,0.0000311003,0x373f39968c21adbecf282f3af22291ecf86524a3,sell,0x5046e860ff274fb8c66106b0ffb8155849fb0787,0x55d71a9c0dcdbe452af00c1059646c73df71462baf5d981a271d8c21da20f735
182,401.61997808,0.0130526492876,0x507198824a852e3d6dff88c0b8ffb65f2ebd47f5,2017-10-29T23:15:48.000Z,0.0000325,0x373f39968c21adbecf282f3af22291ecf86524a3,sell,0x5046e860ff274fb8c66106b0ffb8155849fb0787,0xd7957e3e977f856ae1cbdbbd45add96a54bef60f17b8a9394ed22aa20b7d0e98
183,1880,0.065612,0x6bef37280ef6520d5f466607f9ebe84ba889a822,2017-10-29T22:38:51.000Z,0.0000349,0x6c902aaeca32ead5a756282c41c2cc8fe33d02ac,buy,0x5046e860ff274fb8c66106b0ffb8155849fb0787,0x057af0c6188439bcc1d80e32b38c9bcaecb927c8e578c6e3c1fed94961941699
184,52640,1.8424,0x6bef37280ef6520d5f466607f9ebe84ba889a822,2017-10-29T22:38:25.000Z,0.000035,0x0799376cd3d071127ea4cef6babc670047b276d3,buy,0x5046e860ff274fb8c66106b0ffb8155849fb0787,0xe2075d085148639fb3d28f1693a247f687a9093309491b07250f439e71117c5d
185,1880,0.0658,0x6bef37280ef6520d5f466607f9ebe84ba889a822,2017-10-29T22:38:25.000Z,0.000035,0x199761231788efbdb11ed815b1d84a31295f8e2a,buy,0x5046e860ff274fb8c66106b0ffb8155849fb0787,0x97e2636d605cdf83a244e5adf033206e134f40292576710a4b5e190e5caf8ece
186,1874.19001096,0.0609111753562,0x507198824a852e3d6dff88c0b8ffb65f2ebd47f5,2017-10-29T20:30:32.000Z,0.0000325,0x1b45f312db4d85e9f93989207c035fff6baa653f,sell,0x5046e860ff274fb8c66106b0ffb8155849fb0787,0x1ca0af32ea10fa92fed3433be7310f2eea0aa2c63634b70ae30ca78250952391
187,1874.19001096,0.0609111753562,0x507198824a852e3d6dff88c0b8ffb65f2ebd47f5,2017-10-29T19:59:07.000Z,0.0000325,0x3bedc86edaa5f3f07bba5c7d9c7c8b041f915d6d,sell,0x5046e860ff274fb8c66106b0ffb8155849fb0787,0xecdce384eb2549035159de2d1538dca4483914f4f12e890aa598cd82360327e4
188,3.09236353,0.000111015850862326,0x3e257a10d383b7ce358ff25ccc87247aa7a72666,2017-10-29T19:32:43.000Z,0.00003590000004376134,0x3ad5a3c5455db2208dfbd92575abd3c0a8be39e1,buy,0x5046e860ff274fb8c66106b0ffb8155849fb0787,0xe2ffa847be237624fea28fbc228602aa3f09967b25bc54031b31d301f8ac0f42
189,7165.51928606,0.22213109786786,0x8a424781254908e4bc40db921f969218eef3c81a,2017-10-29T19:27:45.000Z,0.000031,0x9232c4c1eb3007a443cea63b96fef41a9dad09bf,sell,0x5046e860ff274fb8c66106b0ffb8155849fb0787,0xc6e3be26723d55eaba001bb36f5b9d1ff0626a0b3f10db12c05e79feeb110561
190,1425.07724591,0.053155381272443,0x9232c4c1eb3007a443cea63b96fef41a9dad09bf,2017-10-29T19:24:43.000Z,0.0000373,0xd2ea382e498316d91b9de8557670149b479721a0,sell,0x5046e860ff274fb8c66106b0ffb8155849fb0787,0x9ff0f235bd9512ea63e44c811f4fb1eef6e197cc99ebecb890a89ff0122d9693
191,1429.36534194,0.051314215775646,0xd2ea382e498316d91b9de8557670149b479721a0,2017-10-29T19:24:43.000Z,0.0000359,0x3ad5a3c5455db2208dfbd92575abd3c0a8be39e1,buy,0x5046e860ff274fb8c66106b0ffb8155849fb0787,0x9ff0f235bd9512ea63e44c811f4fb1eef6e197cc99ebecb890a89ff0122d9693
192,1880,0.065612,0x273a5d3e6721b9f5c1a6474f560c1334c63dda01,2017-10-29T19:24:03.000Z,0.0000349,0x081d94e8aeddf9e826cae4942a31661efbce5f8b,buy,0x5046e860ff274fb8c66106b0ffb8155849fb0787,0x42a772d4e4e14ed2d5660301a0915e194c1165fb6a8fe62da93eb675043b9f0f
193,1874.36,0.069913628,0x9232c4c1eb3007a443cea63b96fef41a9dad09bf,2017-10-29T19:24:03.000Z,0.0000373,0x273a5d3e6721b9f5c1a6474f560c1334c63dda01,sell,0x5046e860ff274fb8c66106b0ffb8155849fb0787,0x42a772d4e4e14ed2d5660301a0915e194c1165fb6a8fe62da93eb675043b9f0f
194,3899.9950795,0.13610982827455,0x273a5d3e6721b9f5c1a6474f560c1334c63dda01,2017-10-29T19:24:03.000Z,0.0000349,0x507198824a852e3d6dff88c0b8ffb65f2ebd47f5,buy,0x5046e860ff274fb8c66106b0ffb8155849fb0787,0xf0f14609f3333b02b75e94414b681de39e8454143fff2f8abf962a173569ee68
195,3888.29509426,0.145033407015898,0x9232c4c1eb3007a443cea63b96fef41a9dad09bf,2017-10-29T19:24:03.000Z,0.0000373,0x273a5d3e6721b9f5c1a6474f560c1334c63dda01,sell,0x5046e860ff274fb8c66106b0ffb8155849fb0787,0xf0f14609f3333b02b75e94414b681de39e8454143fff2f8abf962a173569ee68
196,0.1868398,0.00000581071778,0x2815d75ee94c6f9099ea0d090eaf154d37ae5ffe,2017-10-29T19:21:43.000Z,0.0000311,0x1fa3efc4cf179d8da034038760114e952868e2e8,sell,0x5046e860ff274fb8c66106b0ffb8155849fb0787,0x3429866815b97408b383a9bf1dacd023022aded4971d913b0f098018de9a640e
197,1874.19001096,0.058287309340856,0x2815d75ee94c6f9099ea0d090eaf154d37ae5ffe,2017-10-29T19:16:44.000Z,0.0000311,0x1fa3efc4cf179d8da034038760114e952868e2e8,sell,0x5046e860ff274fb8c66106b0ffb8155849fb0787,0xd8955d60f7500a9c0e508d9ed90755491bcfcd427ea2d54ad681ab44785ffe7c
198,1874,0.0582814,0x2815d75ee94c6f9099ea0d090eaf154d37ae5ffe,2017-10-29T19:09:02.000Z,0.0000311,0x32579cc122216e5bb56985f2289e55d47e82497b,sell,0x5046e860ff274fb8c66106b0ffb8155849fb0787,0xdcf163fd40e6e4db4b712b95741898f2ceb6ecf43ce82ad05eb966a59c8ced3a
199,875.58155046,0.027230586219306,0x2815d75ee94c6f9099ea0d090eaf154d37ae5ffe,2017-10-29T18:51:45.000Z,0.0000311,0xda87d37921e64598fbf63647d6f9c58ab246d9ea,sell,0x5046e860ff274fb8c66106b0ffb8155849fb0787,0x9ce57841a36b7299e5792535fae204a3cf6d1d1df99893a8e5bef317bd562056
200,998.70802267,0.032458010736775,0xf6561e96977e573f96ae7761709c3bfd6677bd48,2017-10-29T18:37:41.000Z,0.0000325,0xda87d37921e64598fbf63647d6f9c58ab246d9ea,sell,0x5046e860ff274fb8c66106b0ffb8155849fb0787,0xcc337978fab031d248044dce0667cfd0427f62d7b4428db29267f30e90a6851d
201,1.29197733,0.000041989263225,0xf6561e96977e573f96ae7761709c3bfd6677bd48,2017-10-29T18:34:53.000Z,0.0000325,0xcc53bcc754633c4b68934f052fdbe5a3b70bd66e,sell,0x5046e860ff274fb8c66106b0ffb8155849fb0787,0x73ba20eb93a05830950cb61d46e3566c66eb4e90a12c37bdf370e15925f751a1
202,1874.19001096,0.05809989033976,0x8a424781254908e4bc40db921f969218eef3c81a,2017-10-29T18:31:35.000Z,0.000031,0xf965db1c8678468de37e6ddd35bdb7e396b6ba6d,sell,0x5046e860ff274fb8c66106b0ffb8155849fb0787,0x0b67edf307795bce752f35af883b2e38fa518249c1af39d7b810f87e483a3de6
203,3229.75545622,0.10012241914282,0x8a424781254908e4bc40db921f969218eef3c81a,2017-10-29T18:15:09.000Z,0.000031,0x107d35bdbb393d33d6d9ce4127883b057b8e6187,sell,0x5046e860ff274fb8c66106b0ffb8155849fb0787,0x47045431d16abaf23ae63092f9bcb3650fe0fafa07f6d8d01cef3ab2bac05615
204,1874.19001096,0.05809989033976,0x8a424781254908e4bc40db921f969218eef3c81a,2017-10-29T18:09:56.000Z,0.000031,0xeb62f866b27ae872c0726b4477d7eea86de4e4f2,sell,0x5046e860ff274fb8c66106b0ffb8155849fb0787,0x8567603e02da21bd4b7915327aa24cb00c1ec41c73bb8fd2f0c13cb5a9e7df29
205,2665.92564147,0.08264369488557,0x8a424781254908e4bc40db921f969218eef3c81a,2017-10-29T18:04:03.000Z,0.000031,0x7f61d247979068d871b26d1b96a39b2fabcd8195,sell,0x5046e860ff274fb8c66106b0ffb8155849fb0787,0x0168f64a6d7f6ab8fbf035b2c96a086d9cde101277d987b2d04e37799d896eb8
206,1575.11713687,0.04882863124297,0x8a424781254908e4bc40db921f969218eef3c81a,2017-10-29T18:00:33.000Z,0.000031,0x27564eb2a537d3526d57eab2b5c19ea708d77552,sell,0x5046e860ff274fb8c66106b0ffb8155849fb0787,0xa8b170d03f680e1f35746557a340d032ad2861c83f62f7fd371eca187dfde0d2
207,1874.19001096,0.05809989033976,0x8a424781254908e4bc40db921f969218eef3c81a,2017-10-29T17:57:58.000Z,0.000031,0x708cdf357ded41c6ea42d0543b1b5c4ea4ec211e,sell,0x5046e860ff274fb8c66106b0ffb8155849fb0787,0x44d95beb38e7d43a6e8d6bbf6a44f685e3defe68be95f34e99e041ff075c8537
208,2335.567,0.072402577,0x8a424781254908e4bc40db921f969218eef3c81a,2017-10-29T17:53:49.000Z,0.000031,0x846007118f4183b04fb53a3cffa9d42a66e3b669,sell,0x5046e860ff274fb8c66106b0ffb8155849fb0787,0x7f888348254c98c4b0caf53f6b4b4942530eff6a3eef27b303d27511d746b044
209,3449.249,0.120723715,0x3d78717e8d256826ff7dc9a0b7a6eb0744cc365f,2017-10-29T17:51:01.000Z,0.000035,0x846007118f4183b04fb53a3cffa9d42a66e3b669,sell,0x5046e860ff274fb8c66106b0ffb8155849fb0787,0x63853cff71e4300b0aa06794126f96f06c2150cbf077dda2722a0d331f3a0ed6
210,1874.19001096,0.0655966503836,0x3d78717e8d256826ff7dc9a0b7a6eb0744cc365f,2017-10-29T17:48:47.000Z,0.000035,0x2adaa97799da80c5ca0fd45405b380e8d001983a,sell,0x5046e860ff274fb8c66106b0ffb8155849fb0787,0xfa51ef8ac51dcaa4a6871148e74e4ed30b30b4ccc838ae533714dd4dc4648d8c
211,1976.65237762,0.0691828332167,0x3d78717e8d256826ff7dc9a0b7a6eb0744cc365f,2017-10-29T17:39:19.000Z,0.000035,0x107d35bdbb393d33d6d9ce4127883b057b8e6187,sell,0x5046e860ff274fb8c66106b0ffb8155849fb0787,0xc7adbde6aec2330f78cfef16caabe6872d6069c248b2c4e59c70df85b3fabbfd
212,1874.19001096,0.0655966503836,0x3d78717e8d256826ff7dc9a0b7a6eb0744cc365f,2017-10-29T17:38:30.000Z,0.000035,0x2db763d231206e7930f5b7ac9174d05dc503cf54,sell,0x5046e860ff274fb8c66106b0ffb8155849fb0787,0xfeacc6e495609bfa13fc8afeb7b3c2b9885f6d77c5b22c30e881454117a3bad9
213,1874.19001096,0.0655966503836,0x3d78717e8d256826ff7dc9a0b7a6eb0744cc365f,2017-10-29T17:38:25.000Z,0.000035,0x2db763d231206e7930f5b7ac9174d05dc503cf54,sell,0x5046e860ff274fb8c66106b0ffb8155849fb0787,0xfeacc6e495609bfa13fc8afeb7b3c2b9885f6d77c5b22c30e881454117a3bad9
214,5740,0.2009,0x3d78717e8d256826ff7dc9a0b7a6eb0744cc365f,2017-10-29T17:35:34.000Z,0.000035,0x107d35bdbb393d33d6d9ce4127883b057b8e6187,sell,0x5046e860ff274fb8c66106b0ffb8155849fb0787,0x10ae88f58e437b2125a155b5d109eda6b5dd714b9fb00ef37a208063119f6a68
215,1874.19001096,0.0655966503836,0x3d78717e8d256826ff7dc9a0b7a6eb0744cc365f,2017-10-29T17:34:37.000Z,0.000035,0x6f49c48d1fce8f5fc780f4b9ab2e45f09fbbcbc4,sell,0x5046e860ff274fb8c66106b0ffb8155849fb0787,0x30b7e74660736bc821826ef6d3fd689c324458d7509d4a2d6e33739ed280d762
216,1850,0.06253,0x273a5d3e6721b9f5c1a6474f560c1334c63dda01,2017-10-29T17:26:09.000Z,0.0000338,0x86d4b794a7ffa3a3ea81421107cf26b7ad1b3d44,buy,0x5046e860ff274fb8c66106b0ffb8155849fb0787,0x89f0db022170ed5f4eb865549318b9fb27cb663cb7fd7fbf327495ae42992b2d
217,1380,0.04554,0x273a5d3e6721b9f5c1a6474f560c1334c63dda01,2017-10-29T17:26:09.000Z,0.000033,0xe90fffd34aecfe44db61a6efd85663296094a09c,buy,0x5046e860ff274fb8c66106b0ffb8155849fb0787,0xe2b8c146a5a01cf29b7ba5f6c1f39639537b171059e532854e1188114e6e241f
218,1375.86,0.0481551,0x3d78717e8d256826ff7dc9a0b7a6eb0744cc365f,2017-10-29T17:26:09.000Z,0.000035,0x273a5d3e6721b9f5c1a6474f560c1334c63dda01,sell,0x5046e860ff274fb8c66106b0ffb8155849fb0787,0xe2b8c146a5a01cf29b7ba5f6c1f39639537b171059e532854e1188114e6e241f
219,2000,0.0678,0x273a5d3e6721b9f5c1a6474f560c1334c63dda01,2017-10-29T17:26:09.000Z,0.0000339,0x86d4b794a7ffa3a3ea81421107cf26b7ad1b3d44,buy,0x5046e860ff274fb8c66106b0ffb8155849fb0787,0x31ff68c2a7b28ab4074317be3ec4d43fa3167f64942fecd48554fd7ad60f9686
220,1844.45,0.06455575,0x3d78717e8d256826ff7dc9a0b7a6eb0744cc365f,2017-10-29T17:26:09.000Z,0.000035,0x273a5d3e6721b9f5c1a6474f560c1334c63dda01,sell,0x5046e860ff274fb8c66106b0ffb8155849fb0787,0x89f0db022170ed5f4eb865549318b9fb27cb663cb7fd7fbf327495ae42992b2d
221,1994,0.06979,0x3d78717e8d256826ff7dc9a0b7a6eb0744cc365f,2017-10-29T17:26:09.000Z,0.000035,0x273a5d3e6721b9f5c1a6474f560c1334c63dda01,sell,0x5046e860ff274fb8c66106b0ffb8155849fb0787,0x31ff68c2a7b28ab4074317be3ec4d43fa3167f64942fecd48554fd7ad60f9686
222,1874.29856885,0.05810325563435,0x8a424781254908e4bc40db921f969218eef3c81a,2017-10-29T17:11:14.000Z,0.000031,0x65e44324f5a4edb9fa333b1e0185975641cd5029,sell,0x5046e860ff274fb8c66106b0ffb8155849fb0787,0xcf95f818d648573a3c38b84543bd315c0fe1db77abb40c837cdf4945ae6a5d03
223,1874.15587697,0.05809883218607,0x8a424781254908e4bc40db921f969218eef3c81a,2017-10-29T16:58:47.000Z,0.000031,0xb392a23fc325d36a590ec4962cd5f12e2b382d61,sell,0x5046e860ff274fb8c66106b0ffb8155849fb0787,0x88f26545ba0236705bfb9979b185e0152ccc447b817838018511a37db7985cd4
224,1874,0.058094,0x8a424781254908e4bc40db921f969218eef3c81a,2017-10-29T16:58:39.000Z,0.000031,0x8b3117df72155b305dbc8c4f40df6a2b4c06a461,sell,0x5046e860ff274fb8c66106b0ffb8155849fb0787,0x63b5e420464570ab2bdededf25d28f8ac7e83075c53e561695918a386471ccc4
225,1874.19001096,0.05809989033976,0x8a424781254908e4bc40db921f969218eef3c81a,2017-10-29T16:54:38.000Z,0.000031,0x7d4de9c7cd0afdf9e4438cbe50de141a7c9d0cd1,sell,0x5046e860ff274fb8c66106b0ffb8155849fb0787,0x74c366c90e890919c2f086da01bd8ee2730763018e14e664a070fcac6de781cf
226,30,0.001014,0x0b773d7819259d78757b26dc4148812d35676d8f,2017-10-29T16:24:22.000Z,0.0000338,0x86d4b794a7ffa3a3ea81421107cf26b7ad1b3d44,buy,0x5046e860ff274fb8c66106b0ffb8155849fb0787,0x1d41bb7cc537d813aedf4911f8307eb293812192a8ed0b002a542e98cd840355
227,12959.82454391,0.40175456086121,0x8a424781254908e4bc40db921f969218eef3c81a,2017-10-29T16:23:47.000Z,0.000031,0xcc53bcc754633c4b68934f052fdbe5a3b70bd66e,sell,0x5046e860ff274fb8c66106b0ffb8155849fb0787,0x2b4a5f8be516195aaa88608dcbb3ed21d14b85a64561ddc7703bc8ab37b47b70
228,1510.12374286,0.04681383602866,0x8a424781254908e4bc40db921f969218eef3c81a,2017-10-29T16:06:07.000Z,0.000031,0x85aa2e10d34206eb9eabaf444590a97fa5b66080,sell,0x5046e860ff274fb8c66106b0ffb8155849fb0787,0xdd37ffd3561f2ba7ef2b8a1d183b29023742ccc0464caba273a8688ce72e0a64
229,2245.19487353,0.07633662570032898,0x5351ed65ea96588e2c55caf4abfd10fe3548540e,2017-10-29T15:44:22.000Z,0.00003400000000013761,0x85aa2e10d34206eb9eabaf444590a97fa5b66080,buy,0x5046e860ff274fb8c66106b0ffb8155849fb0787,0x85396770ccb4eb3e8d736f88857e51d91e19ed506d2bde436f588d949e531786
230,997.36,0.03191552,0x5351ed65ea96588e2c55caf4abfd10fe3548540e,2017-10-29T15:35:00.000Z,0.000032,0x2da68c0157891755a733265f1b8eb33412b415ce,buy,0x5046e860ff274fb8c66106b0ffb8155849fb0787,0x270f46e06a2b64f623997cdbc1c6c4bccefbec8f22466bdb0672c8d5c74431cb
231,1874.19001096,0.05809989033976,0x8a424781254908e4bc40db921f969218eef3c81a,2017-10-29T15:19:36.000Z,0.000031,0x4ce32597fbe8a4097193f8a1e12befd3c51043ff,sell,0x5046e860ff274fb8c66106b0ffb8155849fb0787,0xbb0b63d538166db9037cf1facbe1268611acb8384e9ba5d098655e032d88fec9
232,7207.96397288,0.22344688315928,0x8a424781254908e4bc40db921f969218eef3c81a,2017-10-29T15:15:19.000Z,0.000031,0x952c73db8f515b7d84a7d4f8c7bf1a2880be7f25,sell,0x5046e860ff274fb8c66106b0ffb8155849fb0787,0xab6164c297bab7917149d19c1cfeb6178c6f5cfe3d23cb9aaf67355f55e17f2f
233,18225.01597098,0.566797996697478,0x2815d75ee94c6f9099ea0d090eaf154d37ae5ffe,2017-10-29T15:12:50.000Z,0.0000311,0x952c73db8f515b7d84a7d4f8c7bf1a2880be7f25,sell,0x5046e860ff274fb8c66106b0ffb8155849fb0787,0x933dceb6ae15c989418790b0ecf92e3c19612a6e59e023b9e0292bdf3813c7fc
234,880,0.027368,0x2815d75ee94c6f9099ea0d090eaf154d37ae5ffe,2017-10-29T15:12:07.000Z,0.0000311,0xf9a2499f5b479866ca4ee197d2dbdcc27d061251,sell,0x5046e860ff274fb8c66106b0ffb8155849fb0787,0xeb200d8759074402adda81bd6714c984480775463fe2aa31fcc2e222dedcdf37
235,0.18889394,0.000005874601534,0x2815d75ee94c6f9099ea0d090eaf154d37ae5ffe,2017-10-29T15:08:14.000Z,0.0000311,0xe23c06e33211db0ee25fcb0d094b2085f7db5924,sell,0x5046e860ff274fb8c66106b0ffb8155849fb0787,0xc249df68b4c6abc21a7d9ced3da654b737ee593a984923f4b0a98fe94e0da5b7
236,1894.79513508,0.058928128700988,0x2815d75ee94c6f9099ea0d090eaf154d37ae5ffe,2017-10-29T15:05:40.000Z,0.0000311,0xe23c06e33211db0ee25fcb0d094b2085f7db5924,sell,0x5046e860ff274fb8c66106b0ffb8155849fb0787,0x0578a14d8c2672620a12ebb032c32d3ffe4c9be1d80702edeaaa3cc576fd7ee3
237,1044.75470641,0.032491871369351,0x2815d75ee94c6f9099ea0d090eaf154d37ae5ffe,2017-10-29T14:44:25.000Z,0.0000311,0xcca72ddc853ad38eae133c924732327ae834ede1,sell,0x5046e860ff274fb8c66106b0ffb8155849fb0787,0x8a5ead6a5a24a0d3ce55d2a5677f1eb719ac946bf126b5184dc652c50d94e135
238,3748.38002193,0.11619978067983,0x8a424781254908e4bc40db921f969218eef3c81a,2017-10-29T14:27:18.000Z,0.000031,0x12d65ff99c29b7a6717e41b76e6ea9eceb064cc4,sell,0x5046e860ff274fb8c66106b0ffb8155849fb0787,0x6af7c9e4204ec4a2abe3f2c3c223c5b0d713a950206904d3131039a6c91e8e3a
239,829.518,0.0268763832,0x507198824a852e3d6dff88c0b8ffb65f2ebd47f5,2017-10-29T14:27:14.000Z,0.0000324,0xcca72ddc853ad38eae133c924732327ae834ede1,sell,0x5046e860ff274fb8c66106b0ffb8155849fb0787,0x993c98590157b0522ae83d8e19f4f09da2e79de4365a1a5de6c2abe77d250fe3
240,1874.19001096,0.060723756355104,0x507198824a852e3d6dff88c0b8ffb65f2ebd47f5,2017-10-29T13:53:53.000Z,0.0000324,0x0474be3129c842462ce53bcf7327670a8ecf1da2,sell,0x5046e860ff274fb8c66106b0ffb8155849fb0787,0x408558a16ecda9fe52c6157803e38971db7be6fa5ccd3fd67b4233f32b75be64
241,294,0.010289706,0xca8de04c40851042d73402d1207fc4a67ecfad9e,2017-10-29T13:29:21.000Z,0.000034999,0x389b675cdd46602197f71d0ac0b422e850f9cecd,buy,0x5046e860ff274fb8c66106b0ffb8155849fb0787,0x0c804b645645b55d7b993f5378335614ae41667d9968a382e91003aada70ac19
242,199.38191606,0.006459974080344,0x507198824a852e3d6dff88c0b8ffb65f2ebd47f5,2017-10-29T12:56:16.000Z,0.0000324,0xb60eaa37fcf907629fd560526a69e206cdb0a2a3,sell,0x5046e860ff274fb8c66106b0ffb8155849fb0787,0x5dde54bce478431916185b15f756eb09fbf8793934a1d3d615eed881f312566b
243,10,0.0004,0x952c73db8f515b7d84a7d4f8c7bf1a2880be7f25,2017-10-29T12:49:50.000Z,0.00004,0x0394f5dc1bfa0e8d75b8ded7adfb35ddf466c25b,buy,0x5046e860ff274fb8c66106b0ffb8155849fb0787,0x987c671fcc6fafd6f88440b10ef095abfe48ed35a7f355a7384ab8e0bae538a8
244,996.9095803,0.03229987040172,0x507198824a852e3d6dff88c0b8ffb65f2ebd47f5,2017-10-29T12:23:56.000Z,0.0000324,0xb12221dad518129c645b7b184a93c8e1aea0d10c,sell,0x5046e860ff274fb8c66106b0ffb8155849fb0787,0x57976404ebc85361a529f3000da52108559e4667912c3541020df42b7c024f35
245,3650.323995,0.12626470698705,0x93bf27a3512f28a4ce66ebd0bc0fc8dfd0602448,2017-10-29T12:15:26.000Z,0.00003459,0x507198824a852e3d6dff88c0b8ffb65f2ebd47f5,buy,0x5046e860ff274fb8c66106b0ffb8155849fb0787,0x8c3f6b931012b6016dcc86d3f5425b7c4f29e7747a3793a3a2945668317059bc
246,880,0.030184,0x93bf27a3512f28a4ce66ebd0bc0fc8dfd0602448,2017-10-29T12:13:42.000Z,0.0000343,0xb60eaa37fcf907629fd560526a69e206cdb0a2a3,buy,0x5046e860ff274fb8c66106b0ffb8155849fb0787,0x9e99576d31ec3b737eadd15d2e23bb1300ee8eb7a5ffe9ff2e80e025d290be89
247,1880,0.06204,0xda335761adceaa57fe02367340c2e33ba185175e,2017-10-29T11:45:41.000Z,0.000033,0xdf1fd56ce34e7dafaf8276ece2ea7241af3c8181,buy,0x5046e860ff274fb8c66106b0ffb8155849fb0787,0xeb69cb9e6e30c37f98112878f6b46afca037397cecc07f124a86445d0967b484
248,1880,0.056494,0x273a5d3e6721b9f5c1a6474f560c1334c63dda01,2017-10-29T11:45:14.000Z,0.00003005,0xd48361c515d9f7228ec57dd19cc8a22bb1a5107d,buy,0x5046e860ff274fb8c66106b0ffb8155849fb0787,0x6c331626e3f0a3d615f7c958bfa0f3450729a0b4d2950a794c8c43c8672d5fd6
249,1874.36,0.057730288,0x93bf27a3512f28a4ce66ebd0bc0fc8dfd0602448,2017-10-29T11:45:14.000Z,0.0000308,0x273a5d3e6721b9f5c1a6474f560c1334c63dda01,sell,0x5046e860ff274fb8c66106b0ffb8155849fb0787,0x6c331626e3f0a3d615f7c958bfa0f3450729a0b4d2950a794c8c43c8672d5fd6
250,10000,0.3004,0x2815d75ee94c6f9099ea0d090eaf154d37ae5ffe,2017-10-29T11:40:13.000Z,0.00003004,0x572d61f11413b477c83699e3ea311293437d269a,sell,0x5046e860ff274fb8c66106b0ffb8155849fb0787,0x09c06079432fce1d2324b813ee4990ad4b36a52797b3e4aa4a6a3b7b97e59a19
251,3359.58528562,0.1009219419800248,0x2815d75ee94c6f9099ea0d090eaf154d37ae5ffe,2017-10-29T11:30:11.000Z,0.00003004,0xd347f7b5fab42a04177be02c1f669aab83fae992,sell,0x5046e860ff274fb8c66106b0ffb8155849fb0787,0x2e665d4189a8d33a447439a662ab8e64aeec2fe08f508a837421573ac2b66455
252,5622.57003289,0.1686827235567329,0xad6311e899ca6b6e8f3a475a34a570a8706790b4,2017-10-29T10:29:11.000Z,0.000030001,0xb017853e62caa85483017df1c1463cdcb7df9d85,sell,0x5046e860ff274fb8c66106b0ffb8155849fb0787,0xbe5f13d827bf7ee8ef7fad768b76d484d997ec2213b8e631f279283040d19e0d
253,550,0.022000000000000002,0xd53955fa72ae2844f9add18bb455898af8e470f1,2017-10-29T09:30:46.000Z,0.00004,0xb4d22f1037db1381ff9a8215ca84f9dc24b8b645,buy,0x5046e860ff274fb8c66106b0ffb8155849fb0787,0x57694b14341970481b95a5c224d2c5cbb29e8c595b5bba2941d2956e73c07fcf
254,548.35,0.032901,0x5e0221c72f941fbc27e8ba90609a7f1594ec068a,2017-10-29T09:30:46.000Z,0.00006,0xd53955fa72ae2844f9add18bb455898af8e470f1,sell,0x5046e860ff274fb8c66106b0ffb8155849fb0787,0x57694b14341970481b95a5c224d2c5cbb29e8c595b5bba2941d2956e73c07fcf
255,1874.19001096,0.05622757451881096,0xad6311e899ca6b6e8f3a475a34a570a8706790b4,2017-10-29T08:50:19.000Z,0.000030001,0xd68561fab1e913e128edcfddac8b45337e0821a8,sell,0x5046e860ff274fb8c66106b0ffb8155849fb0787,0xedb264df66898acf40d76407ef230903b9c032a3d9d1ce36482c9faf40686284
256,1874.19001096,0.05622757451881096,0xad6311e899ca6b6e8f3a475a34a570a8706790b4,2017-10-29T08:43:23.000Z,0.000030001,0xfa68fe86ebe0e4b8f5ab142dfe85c28d6a1cde07,sell,0x5046e860ff274fb8c66106b0ffb8155849fb0787,0x13c24b7616d8df5a2c03a4adcf6f39144eb0d7ab50c97a8aec393ec681bf1077
257,0.12912664,0.00000387392832664,0xad6311e899ca6b6e8f3a475a34a570a8706790b4,2017-10-29T08:09:03.000Z,0.000030001,0x4ff65ad0303127bbac9332cd3e670a78478a8697,sell,0x5046e860ff274fb8c66106b0ffb8155849fb0787,0x9b2b99aba1f77c017756c00f8783e299f425a5cd5c08cce2b877084d11d3fdc1
258,1295.269275,0.038859373519275,0xad6311e899ca6b6e8f3a475a34a570a8706790b4,2017-10-29T08:05:57.000Z,0.000030001,0x4ff65ad0303127bbac9332cd3e670a78478a8697,sell,0x5046e860ff274fb8c66106b0ffb8155849fb0787,0xd6ab7bb7e2514243a58f237a5ad9ae39a76710ac8dcb96b95ed23aef67596f95
259,800,0.0276,0xac0ad176d2e0f46f938d667c9d4ef4fcbad61acd,2017-10-29T08:03:27.000Z,0.0000345,0x4ff65ad0303127bbac9332cd3e670a78478a8697,sell,0x5046e860ff274fb8c66106b0ffb8155849fb0787,0x2088e65b613fc8b4685fd3e5261c484758dd3c7ed9c6dba80bb46f2b8ecf042e
260,300,0.01047,0x46e213d1f119e54f5727126290908b435e52118d,2017-10-29T08:02:04.000Z,0.0000349,0x4ff65ad0303127bbac9332cd3e670a78478a8697,sell,0x5046e860ff274fb8c66106b0ffb8155849fb0787,0x41567aa2ad1af6cc77cf5566ff89fdcee73fac726f772f9ad09d98907d5d2721
261,33.93099475,0.001221515811,0x2a6f67536a902436c35b3a1a52bcf7742676d346,2017-10-29T08:02:04.000Z,0.000036,0x4ff65ad0303127bbac9332cd3e670a78478a8697,sell,0x5046e860ff274fb8c66106b0ffb8155849fb0787,0x9b13b9a1b313957c26559e8edbacc19e48ce36df2765a65801585d9d881c8a1b
262,2025.59904342,0.06076999690164342,0xad6311e899ca6b6e8f3a475a34a570a8706790b4,2017-10-29T07:27:28.000Z,0.000030001,0x1a6badf4b7cb3eab8cdb6216d1a334a48be8c5db,sell,0x5046e860ff274fb8c66106b0ffb8155849fb0787,0x7b1126b08a683dbb4f119aa58e4320c26d7e02345ec738f589af4313f89c8f88
263,18344.799,0.642086309799,0x3162f2032ddce11a87098cc13fcc6117ebe92f95,2017-10-29T07:26:26.000Z,0.000035001,0x1a6badf4b7cb3eab8cdb6216d1a334a48be8c5db,sell,0x5046e860ff274fb8c66106b0ffb8155849fb0787,0xbdb501c0e5259c83cf34986b9a4c6cae7436e0134767d45e55f93789b281c313
264,8120,0.2842,0x24bf5f007e4b06f5777c460fb02d3521c1b521a8,2017-10-29T07:26:26.000Z,0.000035,0x1a6badf4b7cb3eab8cdb6216d1a334a48be8c5db,sell,0x5046e860ff274fb8c66106b0ffb8155849fb0787,0x720e08a5349c7d1c3ae67baa22a7c682b1068d24cb118353c61625835e7282d5
265,1323.38260251,0.046715405868603,0x273a5d3e6721b9f5c1a6474f560c1334c63dda01,2017-10-29T06:40:46.000Z,0.0000353,0x4ff65ad0303127bbac9332cd3e670a78478a8697,buy,0x5046e860ff274fb8c66106b0ffb8155849fb0787,0xcf94358197880ceb188ac2d1a5fecc7084fe6b16d7b6b19035ef16194efbb1e6
266,1319.4124547,0.04921408456031,0x2979ee7aad1b0ba7a6c66aba40d5cfc926c4ea52,2017-10-29T06:40:46.000Z,0.0000373,0x273a5d3e6721b9f5c1a6474f560c1334c63dda01,sell,0x5046e860ff274fb8c66106b0ffb8155849fb0787,0xcf94358197880ceb188ac2d1a5fecc7084fe6b16d7b6b19035ef16194efbb1e6
267,1874.19001096,0.06559852457361096,0x3162f2032ddce11a87098cc13fcc6117ebe92f95,2017-10-29T06:21:34.000Z,0.000035001,0x8d8eebf1c1572530b5eeb14c8de3bab1c2e0c313,sell,0x5046e860ff274fb8c66106b0ffb8155849fb0787,0xd87e6f0289adbfefb22d1d6c1c18f4bbb406d57596abb55a985cfa13bb06f86b
268,1295.98245439,0.048340145548747,0x2979ee7aad1b0ba7a6c66aba40d5cfc926c4ea52,2017-10-29T05:26:43.000Z,0.0000373,0xab901f71988c64541932bba8d243bc23c3849561,sell,0x5046e860ff274fb8c66106b0ffb8155849fb0787,0xe240526dd1206f299ce089b1344dafae1e8a8acf2a11b91e021b6a0b713caeb8
269,1768.86743,0.065978755139,0x2979ee7aad1b0ba7a6c66aba40d5cfc926c4ea52,2017-10-29T05:23:20.000Z,0.0000373,0x273a5d3e6721b9f5c1a6474f560c1334c63dda01,sell,0x5046e860ff274fb8c66106b0ffb8155849fb0787,0xc796567493d9b71ebbab2db0a5e8cc912c591ce62394dd0a2dfaf4a5c317e601
270,1774.19,0.06209842419,0x273a5d3e6721b9f5c1a6474f560c1334c63dda01,2017-10-29T05:23:20.000Z,0.000035001,0x68015ed84b7396967ff9b73dee09223a71c25a3a,buy,0x5046e860ff274fb8c66106b0ffb8155849fb0787,0xc796567493d9b71ebbab2db0a5e8cc912c591ce62394dd0a2dfaf4a5c317e601
271,1874.19001096,0.069907287408808,0x2979ee7aad1b0ba7a6c66aba40d5cfc926c4ea52,2017-10-29T05:06:43.000Z,0.0000373,0x95e52a150e4a6f18323fb0d52066d130d1b79e22,sell,0x5046e860ff274fb8c66106b0ffb8155849fb0787,0x65a2088acad59f21bc8086432c3ba5fead154d8b6f4818a43eae51309b5ba806
272,1870,0.069751,0x2979ee7aad1b0ba7a6c66aba40d5cfc926c4ea52,2017-10-29T05:02:51.000Z,0.0000373,0xf8d22cc821e5efcb8d51d57225d9550bf129eb82,sell,0x5046e860ff274fb8c66106b0ffb8155849fb0787,0x2f573505d226d2fcb22550ca03e01655860b108a7737bd1481cd3157e11727c1
273,760,0.028348,0x2979ee7aad1b0ba7a6c66aba40d5cfc926c4ea52,2017-10-29T04:56:44.000Z,0.0000373,0x97c5c53f8acac416f87a884f6f923ae063ebaacd,sell,0x5046e860ff274fb8c66106b0ffb8155849fb0787,0x57c7ae329d68e59c074bc4ad1eb684c4540403a5809cd3684b571d661883a7df
274,880,0.032824,0x2979ee7aad1b0ba7a6c66aba40d5cfc926c4ea52,2017-10-29T04:41:32.000Z,0.0000373,0x2da68c0157891755a733265f1b8eb33412b415ce,sell,0x5046e860ff274fb8c66106b0ffb8155849fb0787,0x047e3855cac31a44b3fa778ef7942c7a92db89b8a6dc543193233e3a266c8f5a
275,1874.19001096,0.069907287408808,0x2979ee7aad1b0ba7a6c66aba40d5cfc926c4ea52,2017-10-29T04:25:28.000Z,0.0000373,0x254f707eff4c14031fe5358a63c662046257f92b,sell,0x5046e860ff274fb8c66106b0ffb8155849fb0787,0x03a071cfeb3260d9db8193fe12836685b4885d1d052326bf5a5628fb2a87a025
276,0.1490743,0.00000556048629743,0xb99f72a8b0d3a5025ab8b2ca534973497af42899,2017-10-29T04:05:33.000Z,0.0000373001,0xb635e6d8a6fc10c1122cca4a1d6bfee2bc7048f6,sell,0x5046e860ff274fb8c66106b0ffb8155849fb0787,0x98369cd09314c6e0fc70e39bd887f5ed9e6b0d80d2541edb8b951bdff12cb2da
277,1495.36437045,0.05577724055422204,0xb99f72a8b0d3a5025ab8b2ca534973497af42899,2017-10-29T04:00:35.000Z,0.0000373001,0xb635e6d8a6fc10c1122cca4a1d6bfee2bc7048f6,sell,0x5046e860ff274fb8c66106b0ffb8155849fb0787,0xc9e9f568d402a73e662ce0518f9db5c88bda0f17fad74a9d4e090893e5192012
278,26320,1.076488,0xb99f72a8b0d3a5025ab8b2ca534973497af42899,2017-10-29T03:53:34.000Z,0.0000409,0x06c6fea19f72ffeccb0326805b723ae3cae131ca,buy,0x5046e860ff274fb8c66106b0ffb8155849fb0787,0x38b65b3c90442700d40e217e8d6c7623db90dbb5591cfcceaa91fc9d2606a35f
279,1874.19001096,0.069907287408808,0x2979ee7aad1b0ba7a6c66aba40d5cfc926c4ea52,2017-10-29T03:12:51.000Z,0.0000373,0xa969661ba70e05c4ed0e676baf163cf680919b2e,sell,0x5046e860ff274fb8c66106b0ffb8155849fb0787,0x851fb029c2a5b63587b7c5b278a72df5caa456f5aceda1909e303afc2b2031b2
280,366.791,0.015038431,0x952c73db8f515b7d84a7d4f8c7bf1a2880be7f25,2017-10-29T03:12:26.000Z,0.000041,0x9e7c4003f511fff551a14d747a0c4127881017b1,buy,0x5046e860ff274fb8c66106b0ffb8155849fb0787,0x1829962db34b839189a099e40cccf4a99cf773238fa355fc6f6ea28b7bc4fc8f
281,1800,0.072,0x952c73db8f515b7d84a7d4f8c7bf1a2880be7f25,2017-10-29T03:10:00.000Z,0.00004,0x9945c0ed6b085b681561a9f76fd78c2995d6dcd9,buy,0x5046e860ff274fb8c66106b0ffb8155849fb0787,0x35317ca609174dd84a53a4c099692e781411340a19da19cf29d131bfd9d7955c
282,4000,0.164,0x107d35bdbb393d33d6d9ce4127883b057b8e6187,2017-10-29T02:38:13.000Z,0.000041,0xb017853e62caa85483017df1c1463cdcb7df9d85,buy,0x5046e860ff274fb8c66106b0ffb8155849fb0787,0x9671c0d85d041f24958e92a27fe64306602b2d8282e46e313993f61b4aa3b3e1
283,1880,0.0752,0x952c73db8f515b7d84a7d4f8c7bf1a2880be7f25,2017-10-29T01:48:39.000Z,0.00004,0x4705fbcf9bb6c840175500a617c21f031ded8478,buy,0x5046e860ff274fb8c66106b0ffb8155849fb0787,0xf31aa0b76318a9624300d34308e5b79a3d4ba52f63e7bcb1f10c9f4c17a2fc99
284,950,0.038,0x79d9bc5f52b9cebb987ec513e65d66da44946e54,2017-10-29T01:43:04.000Z,0.00004,0x952c73db8f515b7d84a7d4f8c7bf1a2880be7f25,sell,0x5046e860ff274fb8c66106b0ffb8155849fb0787,0x7f51323d3b0a71ff049e3a23be25892ca7e100755e18cd7fd3124ee989bd5b36
285,2585.89862404,0.1034359449616,0xc4337c118bbd48dfb9b575409e9f5828734f653f,2017-10-29T01:42:35.000Z,0.00004,0x952c73db8f515b7d84a7d4f8c7bf1a2880be7f25,sell,0x5046e860ff274fb8c66106b0ffb8155849fb0787,0xce40ef7bea7df3d98cf572898db8946c6b282d302422e1d1c5aea0cb6bd44a1e
286,95,0.0038,0xc4337c118bbd48dfb9b575409e9f5828734f653f,2017-10-29T01:39:18.000Z,0.00004,0x952c73db8f515b7d84a7d4f8c7bf1a2880be7f25,sell,0x5046e860ff274fb8c66106b0ffb8155849fb0787,0x2b9c0a79878555229097c4885d4cf8bd1c42d971690809dc28916ac3595afeed
287,5000,0.2,0xc4337c118bbd48dfb9b575409e9f5828734f653f,2017-10-29T01:32:35.000Z,0.00004,0x952c73db8f515b7d84a7d4f8c7bf1a2880be7f25,sell,0x5046e860ff274fb8c66106b0ffb8155849fb0787,0xaa52a81f1cab20be412ded6aada30720d9dbc6bfd7442dd811eb9c1d7c11183b
288,1519.10137596,0.0607640550384,0xc4337c118bbd48dfb9b575409e9f5828734f653f,2017-10-29T01:21:11.000Z,0.00004,0x5351ed65ea96588e2c55caf4abfd10fe3548540e,sell,0x5046e860ff274fb8c66106b0ffb8155849fb0787,0x553f914896b5dec277df9b9225ebdb84e3aa18f3b577c9f40f3b8e3076d495fb
289,1874,0.0699002,0x2979ee7aad1b0ba7a6c66aba40d5cfc926c4ea52,2017-10-29T00:54:44.000Z,0.0000373,0xad6cae260f5b6d341ef28ea015a1d488881c73a4,sell,0x5046e860ff274fb8c66106b0ffb8155849fb0787,0xafac78fb97267cb9f55e12396feb0a07dfdfffa6caae4aa7468dfc6a87d5ca03
290,3986.86247389,0.148709970276097,0x2979ee7aad1b0ba7a6c66aba40d5cfc926c4ea52,2017-10-29T00:07:32.000Z,0.0000373,0xcf3a26df4747e5d0990c2d1e892c6d15a4a2beaa,sell,0x5046e860ff274fb8c66106b0ffb8155849fb0787,0xc530e812212ad38ff1fd098a31992ab1bbf375d8d6a20a57c629ac7212d6f290
291,0.00010388,0.000000021815901641,0xb99f72a8b0d3a5025ab8b2ca534973497af42899,2017-10-28T23:50:51.000Z,0.00021001060493839045,0xb99f72a8b0d3a5025ab8b2ca534973497af42899,buy,0x5046e860ff274fb8c66106b0ffb8155849fb0787,0x48bb115000b95fba44efb3379c4f914fdb5966c931f537e342d22e91451af7ee
292,0.00042087,0.000000021881342802,0xb99f72a8b0d3a5025ab8b2ca534973497af42899,2017-10-28T23:48:34.000Z,0.00005199074013828498,0xb99f72a8b0d3a5025ab8b2ca534973497af42899,buy,0x5046e860ff274fb8c66106b0ffb8155849fb0787,0xe61ed6b27e917a9bb7112952724320328374949efb375ecfa286161552ce78d3
293,0.00042213,0.000000021946980266,0xb99f72a8b0d3a5025ab8b2ca534973497af42899,2017-10-28T23:47:09.000Z,0.00005199104604268827,0xb99f72a8b0d3a5025ab8b2ca534973497af42899,buy,0x5046e860ff274fb8c66106b0ffb8155849fb0787,0x6e57162c6ce3fa217c73bd4a0abdbb75228efd5e4420eb4f0cce0bd298767816
294,357.13828314,0.014178389840966728,0xd8b50d899ca5ae70e95210520301b6a9ac0cd9e8,2017-10-28T23:45:48.000Z,0.00003970000000086444,0x58b504525a0ef6d048670bc831532c320543f7f8,buy,0x5046e860ff274fb8c66106b0ffb8155849fb0787,0xcf011f93f9cde9f3ed64259ca4e4b4804e57b1b2870f19252e9ab4e426c77b0b
295,3404.867,0.1270015391,0x2979ee7aad1b0ba7a6c66aba40d5cfc926c4ea52,2017-10-28T23:43:43.000Z,0.0000373,0xb99f72a8b0d3a5025ab8b2ca534973497af42899,sell,0x5046e860ff274fb8c66106b0ffb8155849fb0787,0x02c0245dcb3333b6b26008a7b6bcbd6c59dd9151636c66ad2c04a52238f22635
296,18.36171685,0.000728960159033272,0xb99f72a8b0d3a5025ab8b2ca534973497af42899,2017-10-28T23:42:13.000Z,0.00003970000000480739,0x58b504525a0ef6d048670bc831532c320543f7f8,buy,0x5046e860ff274fb8c66106b0ffb8155849fb0787,0x3eb5253822063d8109b381bf299a47bdc23a70f032fabbf6bfb2b7881c66d1d4
297,1500,0.05625,0x6bef37280ef6520d5f466607f9ebe84ba889a822,2017-10-28T23:36:04.000Z,0.0000375,0x58b504525a0ef6d048670bc831532c320543f7f8,sell,0x5046e860ff274fb8c66106b0ffb8155849fb0787,0x74b6f7516329db5737844c5f934e4e2c032c941eebbdce61d96d88dc5d8ee3f6
298,1874.19001096,0.070282125411,0x6bef37280ef6520d5f466607f9ebe84ba889a822,2017-10-28T23:32:14.000Z,0.0000375,0x3c4bf1a3309cb0f90670d9eec18bab665ec12902,sell,0x5046e860ff274fb8c66106b0ffb8155849fb0787,0x9a6148867ae5a331688c6cfff111482c9a3a9a93f4b8e7def0b73a89daafa0af
299,1640,0.06724,0xd8b50d899ca5ae70e95210520301b6a9ac0cd9e8,2017-10-28T23:29:44.000Z,0.000041,0xb017853e62caa85483017df1c1463cdcb7df9d85,buy,0x5046e860ff274fb8c66106b0ffb8155849fb0787,0x1dd868ccf285d68d59764f00c6a63d6b24b08b725d762fa5a4071defb2f38cee
300,0.15316807,0.000005743802625,0x6bef37280ef6520d5f466607f9ebe84ba889a822,2017-10-28T23:28:39.000Z,0.0000375,0xdf78cf07ef59411f3e747c54ecd0fe5aa66f54fe,sell,0x5046e860ff274fb8c66106b0ffb8155849fb0787,0xa4da6d6bc906c6107e3f80571ae1f9a799a73c87a831eeba0d8a5480643cdd00
301,176.4,0.00693252,0xd8b50d899ca5ae70e95210520301b6a9ac0cd9e8,2017-10-28T23:28:36.000Z,0.0000393,0x3eab84f29252d0a4efda33b34419bbdc24ab4ca4,buy,0x5046e860ff274fb8c66106b0ffb8155849fb0787,0xff5c7b08c85b55214f6c3bad68d194357032bff30a262653d48ad08a69563acd
302,1880,0.07708,0xd8b50d899ca5ae70e95210520301b6a9ac0cd9e8,2017-10-28T23:28:36.000Z,0.000041,0xdd16064ec4b22e294a4ab348a7664af258072da8,buy,0x5046e860ff274fb8c66106b0ffb8155849fb0787,0xe116f08820bd2e75cee126d14770c8a7c6769f3bc96bfc83d9eaac10f6b045ac
303,1536.42884997,0.057616081873875,0x6bef37280ef6520d5f466607f9ebe84ba889a822,2017-10-28T23:25:09.000Z,0.0000375,0xdf78cf07ef59411f3e747c54ecd0fe5aa66f54fe,sell,0x5046e860ff274fb8c66106b0ffb8155849fb0787,0x02d6b656a15f7fd15639e210ccbe564a05dd6f55d867826bf9f024eff9537653
304,337.79483609,0.0135117934436,0xe66d3694198499adb8380b949b062db5b3efb0ef,2017-10-28T23:18:53.000Z,0.00004,0xdf78cf07ef59411f3e747c54ecd0fe5aa66f54fe,sell,0x5046e860ff274fb8c66106b0ffb8155849fb0787,0x1573c313cb4b937ab357c4c6106192a9f5633de16efd7127386f34ee9e45f392
305,1162.20516391,0.0464882065564,0xe66d3694198499adb8380b949b062db5b3efb0ef,2017-10-28T23:13:49.000Z,0.00004,0xf043ad8f43927607c3434f518379ce6b8f638d42,sell,0x5046e860ff274fb8c66106b0ffb8155849fb0787,0x266a963eb23a1484e2ff83a9e85c70daeacda2cf4863a7730ab46748015c4843
306,5640,0.2256,0x6bef37280ef6520d5f466607f9ebe84ba889a822,2017-10-28T22:58:22.000Z,0.00004,0xb017853e62caa85483017df1c1463cdcb7df9d85,buy,0x5046e860ff274fb8c66106b0ffb8155849fb0787,0xeec88e9ed121240f967ab29cac8b22018ae57c40d11255fb3d4347e5bc7580ef
307,1805,0.0722,0x6bef37280ef6520d5f466607f9ebe84ba889a822,2017-10-28T22:57:29.000Z,0.00004,0x6fe7366b25ffb92f643174a6d5729bbaabb9c284,buy,0x5046e860ff274fb8c66106b0ffb8155849fb0787,0x4b45a387e53fb8945faaa88219697fc4e259d3e4876419860f62b5b5a3980496
308,1880,0.07332,0x6bef37280ef6520d5f466607f9ebe84ba889a822,2017-10-28T22:57:27.000Z,0.000039,0x0286b9d0e740f8bc25b217fe187df2b615eeb5ae,buy,0x5046e860ff274fb8c66106b0ffb8155849fb0787,0x6fc772057fcdba69ddc5eb4e2a3bffa4242c7b0455270819a6bea926a6b6a54e
309,500,0.01915,0x6bef37280ef6520d5f466607f9ebe84ba889a822,2017-10-28T22:57:02.000Z,0.0000383,0x3eab84f29252d0a4efda33b34419bbdc24ab4ca4,buy,0x5046e860ff274fb8c66106b0ffb8155849fb0787,0x9529c8f4835537f5e9b97fe36850e6b6b8b648b61bc8bbabec4f92686432d207
310,1874.19001096,0.069907287408808,0x2979ee7aad1b0ba7a6c66aba40d5cfc926c4ea52,2017-10-28T22:36:59.000Z,0.0000373,0x80697ef2e768337000ae7c2dc05b4bc3c5b18b2a,sell,0x5046e860ff274fb8c66106b0ffb8155849fb0787,0xb2303d876de5b6d9b16fdd0f73505ac54800f809ebee3029cccc5bbeaf60f0c6
311,471.97482404,0.017604660936692,0x2979ee7aad1b0ba7a6c66aba40d5cfc926c4ea52,2017-10-28T22:30:44.000Z,0.0000373,0x9bcf2b81df43e7e9049d881cf3adf17a6e066047,sell,0x5046e860ff274fb8c66106b0ffb8155849fb0787,0x9da233ab668f6af2e8666759164372cb1d8627d73ed4f6f936c075c084f56bfa
312,9969.09580301,0.371847273452273,0x2979ee7aad1b0ba7a6c66aba40d5cfc926c4ea52,2017-10-28T22:30:27.000Z,0.0000373,0xf1695582c702dd963a9abb90f1591d5bdfc22476,sell,0x5046e860ff274fb8c66106b0ffb8155849fb0787,0x860723ef238549f7f9b94a9714a8b94f31102e9d10d8951a92811c3e09ef0eee
313,1200,0.04476,0x2979ee7aad1b0ba7a6c66aba40d5cfc926c4ea52,2017-10-28T22:23:11.000Z,0.0000373,0x3eab84f29252d0a4efda33b34419bbdc24ab4ca4,sell,0x5046e860ff274fb8c66106b0ffb8155849fb0787,0x4c0319b4d0bc0b0dd555d8e0b44d66077fe7504f5acfb828c4e9c6759a8e0b7f
314,1874.19001096,0.069907287408808,0x2979ee7aad1b0ba7a6c66aba40d5cfc926c4ea52,2017-10-28T21:56:15.000Z,0.0000373,0x9b06ec3ff3f504f636a13ae244fab26b90e7e54e,sell,0x5046e860ff274fb8c66106b0ffb8155849fb0787,0x403c486727dc1abd711c13563659be5c2c707c714923d668fd1d076e46ae6c92
315,3103.01407377,0.115742424951621,0x2979ee7aad1b0ba7a6c66aba40d5cfc926c4ea52,2017-10-28T21:43:07.000Z,0.0000373,0x523732949909c491079f7d7385d425157b27845a,sell,0x5046e860ff274fb8c66106b0ffb8155849fb0787,0xa1536c417b9a5d7dd3730822ce1f5b61f914f2e770b6b0eaed7cb77f16e46522
316,354.28843016,0.013214958444968,0x2979ee7aad1b0ba7a6c66aba40d5cfc926c4ea52,2017-10-28T21:30:44.000Z,0.0000373,0x9f13b3ed10828bbbc3fad8c584f4111a0ed417d8,sell,0x5046e860ff274fb8c66106b0ffb8155849fb0787,0x21a2e340e5440b465982464ea84580709b1490ef2f04a34ad5de1206865cb134
317,1874.19001096,0.0699260293089176,0x523732949909c491079f7d7385d425157b27845a,2017-10-28T21:22:19.000Z,0.00003731,0x1e99737d62e293d6043f2407a24652d39b1ec372,sell,0x5046e860ff274fb8c66106b0ffb8155849fb0787,0x80ba739bafdd7892b256578bf7ea5597af06e8029ceeb47bc92e4074a7db2f9c
318,12.5,0.0005,0x16e5d97bbc92417e051e3b2cabfbf8ceea2acb9c,2017-10-28T21:18:11.000Z,0.00004,0x6fe7366b25ffb92f643174a6d5729bbaabb9c284,buy,0x5046e860ff274fb8c66106b0ffb8155849fb0787,0x5fd45241c025fcc54e2c5946adb92b523bce22a8cfb21062bf32e427f4e1c00e
319,12.5,0.0005,0x42c24a83bded723edfdf5883bc7efb30bc1a1bf3,2017-10-28T21:15:07.000Z,0.00004,0x6fe7366b25ffb92f643174a6d5729bbaabb9c284,buy,0x5046e860ff274fb8c66106b0ffb8155849fb0787,0xaba7ec498b173e504e156f9d44670cc33abbb7253455e26651709785e6714680
320,12.5,0.0005,0x379374d13077e8867ef31803c37baf9785a17c00,2017-10-28T21:08:54.000Z,0.00004,0x6fe7366b25ffb92f643174a6d5729bbaabb9c284,buy,0x5046e860ff274fb8c66106b0ffb8155849fb0787,0xe48a23a7b0ede09dddd264cad1c6e51b9d46df32565d093e95a3d3015ae971a4
321,1238.44340644,0.0462063234942764,0x523732949909c491079f7d7385d425157b27845a,2017-10-28T21:06:12.000Z,0.00003731,0x71f4632a7f8d9841fc9cbc2c69e1bde15462822d,sell,0x5046e860ff274fb8c66106b0ffb8155849fb0787,0xf2c2bb00a690ac39bc84ecc82602190533436d8d92831e04b6f70fd4ebb5f97f
322,12.5,0.0005,0xe444a40689f51f63bcd29910622035707d533d29,2017-10-28T20:41:00.000Z,0.00004,0x6fe7366b25ffb92f643174a6d5729bbaabb9c284,buy,0x5046e860ff274fb8c66106b0ffb8155849fb0787,0x6c191024986f9480aad502079301381646c7c650ec5c8620dbda0e693fce0e9d
323,12.5,0.0005,0x34f9560c63078eb61872a4dc2ccd20e21c34feaf,2017-10-28T20:40:17.000Z,0.00004,0x6fe7366b25ffb92f643174a6d5729bbaabb9c284,buy,0x5046e860ff274fb8c66106b0ffb8155849fb0787,0xbdd7393b44afe2a6497319e25eadb1ff4d31a8d63ef9a6c2c8f1e3fa176ded20
324,712.05583259,0.0284822333036,0xdc8cc8afae1804d6e2ea8c7557c7bf3baf0fb904,2017-10-28T20:40:04.000Z,0.00004,0xf043ad8f43927607c3434f518379ce6b8f638d42,sell,0x5046e860ff274fb8c66106b0ffb8155849fb0787,0x4efb73165b1a7c2cd1c144d0362bafa608add1cd2ad149ecfe063948c7274df5
325,1088.94416741,0.0435577666964,0xdc8cc8afae1804d6e2ea8c7557c7bf3baf0fb904,2017-10-28T20:36:16.000Z,0.00004,0x65e44324f5a4edb9fa333b1e0185975641cd5029,sell,0x5046e860ff274fb8c66106b0ffb8155849fb0787,0x0777eae1d48683767453c3788387b6030c84619b4210b7a0ab4a499ef428a4b5
326,1000,0.0375,0xa131d5f149ae1f162cf92c4afccd8e5a1f5d6f4f,2017-10-28T19:53:32.000Z,0.0000375,0x5351ed65ea96588e2c55caf4abfd10fe3548540e,sell,0x5046e860ff274fb8c66106b0ffb8155849fb0787,0x141b22a3d789b3ac177d704c065aa7c5121a0d1c8186470c819f1d61ebb5fcd6
327,12.5,0.0005,0xcd912af5286dc0b0a23edb30209734ecb60838b3,2017-10-28T19:25:29.000Z,0.00004,0x6fe7366b25ffb92f643174a6d5729bbaabb9c284,buy,0x5046e860ff274fb8c66106b0ffb8155849fb0787,0x24779ae1ef7800dcfaedfb420e98299492563153d5e5d757106fb48f6a0fc5fb
328,480,0.0192,0x045ea38085906b440d01c982538fffc705bd9040,2017-10-28T19:02:54.000Z,0.00004,0x5772e242f50b189cd370bd257ff5cfa3c29fb0a3,buy,0x5046e860ff274fb8c66106b0ffb8155849fb0787,0x485e7222be8e412301668b775a48ab2f712a560daabc7f23cf69dfe35fb0f8f7
329,1874.19001096,0.069907287408808,0x2979ee7aad1b0ba7a6c66aba40d5cfc926c4ea52,2017-10-28T18:50:31.000Z,0.0000373,0x6b8db9d872f808cd0bff94b33009c8fdf302d0ec,sell,0x5046e860ff274fb8c66106b0ffb8155849fb0787,0xa14802f987ffbecd6e63730770d8aa5152f02ca46b82dcf0abe1ac5db47aa277
330,1874.19001096,0.069907287408808,0x2979ee7aad1b0ba7a6c66aba40d5cfc926c4ea52,2017-10-28T18:48:06.000Z,0.0000373,0xba4177fde40679239c854fc088ed33ccb1a7aac2,sell,0x5046e860ff274fb8c66106b0ffb8155849fb0787,0x7460297ef6522c22a19eee8ac8f1c05371a8a1806bf820b13af2d7df4e4c912a
331,329.78156522,0.0123651597879239,0x045ea38085906b440d01c982538fffc705bd9040,2017-10-28T18:46:29.000Z,0.000037495,0xc10ad6d6e1b25bf2fcc8624d087363a4392f25dc,buy,0x5046e860ff274fb8c66106b0ffb8155849fb0787,0x25990cad9ea671bc46e9cd657471dde2f8bf12198571c04a454a3f2d919f7357
332,10998,0.417924,0x3162f2032ddce11a87098cc13fcc6117ebe92f95,2017-10-28T18:44:45.000Z,0.000038,0x8a424781254908e4bc40db921f969218eef3c81a,buy,0x5046e860ff274fb8c66106b0ffb8155849fb0787,0x471b4d6929ec5d929473f189c9eb2370cf0b707f3b9156ddb4771e6523ee7d13
333,10998,0.417924,0x3162f2032ddce11a87098cc13fcc6117ebe92f95,2017-10-28T18:44:45.000Z,0.000038,0x8a424781254908e4bc40db921f969218eef3c81a,buy,0x5046e860ff274fb8c66106b0ffb8155849fb0787,0x94a0026437a5c0f6c101de87f361dfd9064560f21a18ad4792f779c77695cd8d
334,10998,0.417924,0x47757d87fbcc7bf9bb7baebbdfdedfda9c04c3e5,2017-10-28T17:59:32.000Z,0.000038,0x8a424781254908e4bc40db921f969218eef3c81a,buy,0x5046e860ff274fb8c66106b0ffb8155849fb0787,0x5efb6fadf9b78b4f9ea55a839ad2bbe82066addf73878259ede71d031813cfd2
335,120,0.00420108,0x2815d75ee94c6f9099ea0d090eaf154d37ae5ffe,2017-10-28T17:54:56.000Z,0.000035009,0x9d42719388bb8e8870586d8145398289ca401677,buy,0x5046e860ff274fb8c66106b0ffb8155849fb0787,0xfc4b83958405947a85151a463686ba5f574c311b1364ff01b7961e79d826031b
336,880,0.03080792,0x2815d75ee94c6f9099ea0d090eaf154d37ae5ffe,2017-10-28T17:53:27.000Z,0.000035009,0x9d42719388bb8e8870586d8145398289ca401677,buy,0x5046e860ff274fb8c66106b0ffb8155849fb0787,0xa58244737325ee5898e8be5954fd101f668e5b3221a0dc25512f61c71a826a95
337,880,0.03080792,0x2815d75ee94c6f9099ea0d090eaf154d37ae5ffe,2017-10-28T17:53:09.000Z,0.000035009,0x9d42719388bb8e8870586d8145398289ca401677,buy,0x5046e860ff274fb8c66106b0ffb8155849fb0787,0xc661cdb205596b8d876d5426755747fb7f7d270304e7235ed499a776f7c79c75
338,1874.19001096,0.06559852457361096,0x3162f2032ddce11a87098cc13fcc6117ebe92f95,2017-10-28T17:53:01.000Z,0.000035001,0x5cb9c6a832282df6f9772de0f29a5233e0a651f0,sell,0x5046e860ff274fb8c66106b0ffb8155849fb0787,0xef505dbfc27b7a8d24dc08b3682f64cb078a5063bd017a99ce22455daeca1f37
339,2666,0.099975,0x27849f835bb345a26dffbfa7a8863c387b546730,2017-10-28T17:46:03.000Z,0.0000375,0x77255e8c4a9f7fafd6f837487dec5b94bc86c3ab,buy,0x5046e860ff274fb8c66106b0ffb8155849fb0787,0x6609bda27c6d5be5dc52870bf87c072c64fa714c1fdfe983bd6eb463f12a89ed
340,11204.25078311,0.3921599816596331,0x3162f2032ddce11a87098cc13fcc6117ebe92f95,2017-10-28T17:41:44.000Z,0.000035001,0x0cca7e7317e21ff3a9d2845bde7de97382cc8248,sell,0x5046e860ff274fb8c66106b0ffb8155849fb0787,0x508b37142ce965afd1ce05af85a59a452383ed88b4998c504eaec45ecffbc8e5
341,1545.58168972,0.05564094082992,0x2815d75ee94c6f9099ea0d090eaf154d37ae5ffe,2017-10-28T17:40:38.000Z,0.000036,0xc10ad6d6e1b25bf2fcc8624d087363a4392f25dc,sell,0x5046e860ff274fb8c66106b0ffb8155849fb0787,0xc33f0cd77827062846a5e58983e5ca66820d63118334f5871e0ffe0d4c713440
342,0.5567346,0.0000200424456,0x2815d75ee94c6f9099ea0d090eaf154d37ae5ffe,2017-10-28T17:26:16.000Z,0.000036,0x9232c4c1eb3007a443cea63b96fef41a9dad09bf,sell,0x5046e860ff274fb8c66106b0ffb8155849fb0787,0x38454798364858cfd32b8dbbb0cf982d6817d6406ae5f5307fc92802084d7f4a
343,677.99614195,0.0244078611102,0x2815d75ee94c6f9099ea0d090eaf154d37ae5ffe,2017-10-28T17:26:01.000Z,0.000036,0xa77400c0d86ac8e0605735bed1596f53269134cc,sell,0x5046e860ff274fb8c66106b0ffb8155849fb0787,0x50f683983ace8c1f0e1072d54ebd05e1910183324f38996072e703fe8016c67a
344,3070.69,0.1106062538,0x8dc754ee96908ff4d262ff448285bcb668c318a4,2017-10-28T17:25:05.000Z,0.00003602,0xa77400c0d86ac8e0605735bed1596f53269134cc,sell,0x5046e860ff274fb8c66106b0ffb8155849fb0787,0xb07c1aecd3b67a7aa5b247ff0829c63cb4db54ffe3cfde78a8b4e7ba40cd0a85
345,957.37514146,0.0344846525953892,0x8dc754ee96908ff4d262ff448285bcb668c318a4,2017-10-28T17:21:55.000Z,0.00003602,0x9d0f536dc95cde0486a8708e1af01a6e4a60e9b2,sell,0x5046e860ff274fb8c66106b0ffb8155849fb0787,0xce1a8db333c7b1f2ece1e3a51fb80901f587c28b6d71163d40c432ea0f353a8c
346,210,0.00777,0x47757d87fbcc7bf9bb7baebbdfdedfda9c04c3e5,2017-10-28T17:09:33.000Z,0.000037,0x5772e242f50b189cd370bd257ff5cfa3c29fb0a3,buy,0x5046e860ff274fb8c66106b0ffb8155849fb0787,0x1ee2264f9d8db71af22bb05989b639823ddf8b7d51687cdd84d377b2adebb16e
347,11017.02098683,0.39661275552588,0x2815d75ee94c6f9099ea0d090eaf154d37ae5ffe,2017-10-28T16:57:22.000Z,0.000036,0x1ed014aec47fae44c9e55bac7662c0b78ae61798,sell,0x5046e860ff274fb8c66106b0ffb8155849fb0787,0xb6c8d8e59382c305b305c3cb74f99955c21c77b89e28502f801c58cafe7863d2
348,3748.93473719,0.1350366292335838,0x8dc754ee96908ff4d262ff448285bcb668c318a4,2017-10-28T16:48:24.000Z,0.00003602,0x8a75ff000589d114288fa6b7ca9fe51b9fb69283,sell,0x5046e860ff274fb8c66106b0ffb8155849fb0787,0xaa5114288fbb6e25c40c1cdd118fa7767947682b143d36774b80eae531713bee
349,0.04969143,0.00000178889148,0x2815d75ee94c6f9099ea0d090eaf154d37ae5ffe,2017-10-28T16:24:57.000Z,0.000036,0x2a67d20fcb7d6cab098c1df4e4c9dcd3785ef7c4,sell,0x5046e860ff274fb8c66106b0ffb8155849fb0787,0x51b6cf32844c9e516f193bec474ba5d46753c9f3712a5553c9d225a9a6157ed7
350,1874.19001096,0.06747084039456,0x2815d75ee94c6f9099ea0d090eaf154d37ae5ffe,2017-10-28T16:12:40.000Z,0.000036,0xcc20809d35d8465efcde023cb95fc092eec0e135,sell,0x5046e860ff274fb8c66106b0ffb8155849fb0787,0xa06719cc7ffc3488f140d364d0bf853b15d5c46f5edc0960db836518c742344f
351,5584.60474451,0.20104577080236,0x2815d75ee94c6f9099ea0d090eaf154d37ae5ffe,2017-10-28T16:04:41.000Z,0.000036,0x9232c4c1eb3007a443cea63b96fef41a9dad09bf,sell,0x5046e860ff274fb8c66106b0ffb8155849fb0787,0xe2cf219f3df691f2807a8471cc48a0a834c780baf917d35936bc89fa4c16b9cf
352,1880,0.07144,0x28a33ff06c3308248a9c15ba30a38db110af6899,2017-10-28T15:56:55.000Z,0.000038,0x0579673ec579e5ea86b3bc26160db5d95ba97780,buy,0x5046e860ff274fb8c66106b0ffb8155849fb0787,0xc1c4d59b7f92d2c6c68d6113642201caae065e5c98b5fd9b7952d9238d547224
353,270,0.00999,0xe5664785d93c52fc3a23ed1eebfa2487fe2de3b8,2017-10-28T15:43:32.000Z,0.000037,0x5772e242f50b189cd370bd257ff5cfa3c29fb0a3,buy,0x5046e860ff274fb8c66106b0ffb8155849fb0787,0xf57676e29f0f6b046b46f3bfac10947c0dd99210c2f5aa5eadd67372acb5b43d
354,2000,0.072,0x2815d75ee94c6f9099ea0d090eaf154d37ae5ffe,2017-10-28T15:20:21.000Z,0.000036,0x65e44324f5a4edb9fa333b1e0185975641cd5029,sell,0x5046e860ff274fb8c66106b0ffb8155849fb0787,0xfaf1209b5718be501850862640b0e28b235d924ba74417ae25a685e9cbda3e1e
355,1880,0.06956,0x2815d75ee94c6f9099ea0d090eaf154d37ae5ffe,2017-10-28T15:16:22.000Z,0.000037,0xc0b9d24955322e23a6ae4f669051a1caa5751611,buy,0x5046e860ff274fb8c66106b0ffb8155849fb0787,0x66659191513179ba0ffd8ccca3e68771574e9d806a569a45bfee5be287670bdb
356,2000,0.074,0x2815d75ee94c6f9099ea0d090eaf154d37ae5ffe,2017-10-28T15:13:34.000Z,0.000037,0x389b675cdd46602197f71d0ac0b422e850f9cecd,buy,0x5046e860ff274fb8c66106b0ffb8155849fb0787,0xa2aceb2d5e53bbd1be5227ab47f98b6f613da39516f4f57097b753b36f6907ca
357,1380,0.05106,0x2815d75ee94c6f9099ea0d090eaf154d37ae5ffe,2017-10-28T14:56:59.000Z,0.000037,0x4999913648943db3ed815fa1a6353e063ab015e1,buy,0x5046e860ff274fb8c66106b0ffb8155849fb0787,0xbb1cff8212399d53f022ac9c95e555c1827c2ad65bf325d525d0f84460f05668
358,498.5,0.01994,0x35384da841d9c85551ad24e634f8d979f5a06aa1,2017-10-28T14:53:13.000Z,0.00004,0x273a5d3e6721b9f5c1a6474f560c1334c63dda01,sell,0x5046e860ff274fb8c66106b0ffb8155849fb0787,0x2d1ba5f148258083272edfebc25f406db2e6a59920f561c141457189dbd882d6
359,500,0.0185,0x273a5d3e6721b9f5c1a6474f560c1334c63dda01,2017-10-28T14:53:13.000Z,0.000037,0x4999913648943db3ed815fa1a6353e063ab015e1,buy,0x5046e860ff274fb8c66106b0ffb8155849fb0787,0x2d1ba5f148258083272edfebc25f406db2e6a59920f561c141457189dbd882d6
360,1874.19001096,0.06559852457361096,0x3162f2032ddce11a87098cc13fcc6117ebe92f95,2017-10-28T14:31:56.000Z,0.000035001,0xa6384118370b7ab77067d6f1d2ced2eb4a4334c1,sell,0x5046e860ff274fb8c66106b0ffb8155849fb0787,0xe7c04dc586089d29a13d74fef1ef2c891d614ac54524819760a89e28a2627c9c
361,1325.8897418,0.0477320307048,0x2a6f67536a902436c35b3a1a52bcf7742676d346,2017-10-28T13:24:37.000Z,0.000036,0x2245875552c1cbe8d1edae6bc73f87000fddc777,sell,0x5046e860ff274fb8c66106b0ffb8155849fb0787,0xa3375aa250b7a432998ea407a0a0d382dabedba6ebe60c3281153485fce21bab
362,1.98765743,0.00007155566748,0x2a6f67536a902436c35b3a1a52bcf7742676d346,2017-10-28T13:09:25.000Z,0.000036,0xfc5b5a90e6d724e5dd1c9c99b6b81c34544117b5,sell,0x5046e860ff274fb8c66106b0ffb8155849fb0787,0xec4dfc7f69f0ba42c0f5867a2240fa188b2a64edcd97bc99e3d6ee2f45ad6e9b
363,19938.19160602,0.71777489781672,0x2a6f67536a902436c35b3a1a52bcf7742676d346,2017-10-28T13:07:34.000Z,0.000036,0xfc5b5a90e6d724e5dd1c9c99b6b81c34544117b5,sell,0x5046e860ff274fb8c66106b0ffb8155849fb0787,0x342804efa183460e9035a692c1b8914fa5e0c5619e38a01313510f0c738586cd
364,1874.19001096,0.06559852457361096,0x3162f2032ddce11a87098cc13fcc6117ebe92f95,2017-10-28T12:35:05.000Z,0.000035001,0x87dac1681affcf55daba8b302746f0c49f3f8dde,sell,0x5046e860ff274fb8c66106b0ffb8155849fb0787,0x3249b282afda4c622aa2b16381806aae6e2a722427e5ba1b8eb932f30f139883
365,1080,0.03780108,0x3162f2032ddce11a87098cc13fcc6117ebe92f95,2017-10-28T12:32:09.000Z,0.000035001,0x6bd47a3f2d1bdd4b0c730f02cbb64c2b1ac994ca,sell,0x5046e860ff274fb8c66106b0ffb8155849fb0787,0x52deb3091c08d00b23a28b2be913eee85959f41f6b634392bc27d428e5971b31
366,791.80998904,0.027792530615304,0x77255e8c4a9f7fafd6f837487dec5b94bc86c3ab,2017-10-28T12:30:43.000Z,0.0000351,0x6bd47a3f2d1bdd4b0c730f02cbb64c2b1ac994ca,sell,0x5046e860ff274fb8c66106b0ffb8155849fb0787,0x3f11c290e476a48105d8799c5f367cd00d83a770459260602e4615f97fcfe86c
367,1874.19001096,0.065784069384696,0x77255e8c4a9f7fafd6f837487dec5b94bc86c3ab,2017-10-28T12:25:25.000Z,0.0000351,0xf56b7d8d4f9c14f9f2b787fba3b3392489552e77,sell,0x5046e860ff274fb8c66106b0ffb8155849fb0787,0x4510f452a46f9baee44d2b9e0c21bf10a742ac67ef7e9edf92e95958cfc74b70
368,1280,0.044928,0x572d61f11413b477c83699e3ea311293437d269a,2017-10-28T12:22:37.000Z,0.0000351,0x338e25a8fa1b3f55cdb3877e9d0fed1f00fa8033,buy,0x5046e860ff274fb8c66106b0ffb8155849fb0787,0xc77a1c3858e260544885fc206460ff4fb39bafff7c92c87dd4f379b9c9f261c3
369,500,0.01755,0x02f516ad79119c74cf1f47ab610023337b3bd8d3,2017-10-28T11:49:20.000Z,0.0000351,0x338e25a8fa1b3f55cdb3877e9d0fed1f00fa8033,buy,0x5046e860ff274fb8c66106b0ffb8155849fb0787,0xba1b14c061fd2c624f0d206e7974889f183563da0e8ecde528052cc519e580dc
370,1874.19001096,0.06559852457361096,0x3162f2032ddce11a87098cc13fcc6117ebe92f95,2017-10-28T11:11:22.000Z,0.000035001,0x65753592de4db3482b2a2dec2406635f661d42ae,sell,0x5046e860ff274fb8c66106b0ffb8155849fb0787,0x300fa1c4c01a082aae8f2370aae1dbaa23efecae2153ffd7b11911ce2d4390e7
371,513.3683212,0.017967891242,0x3d78717e8d256826ff7dc9a0b7a6eb0744cc365f,2017-10-28T10:51:07.000Z,0.000035,0xcf4f5f219ebf2942df596db449269aa26a96131c,sell,0x5046e860ff274fb8c66106b0ffb8155849fb0787,0x261c48c8cf182d07725cc99c522ab27db128e39ffb02dbfd1d3c608f2a3751c4
372,7496.76004386,0.2623866015351,0x3d78717e8d256826ff7dc9a0b7a6eb0744cc365f,2017-10-28T10:50:00.000Z,0.000035,0xfebed3f7333f028aaf315e7aa6bddf28da95f853,sell,0x5046e860ff274fb8c66106b0ffb8155849fb0787,0x8995d053ab94d8b73f8a84b094a3762df172880b5a3a48bcd53b2b96544b0bc7
373,5987.079,0.2101464729,0x38ab523d0ca6c61c8787b82274d9e827d69fee96,2017-10-28T10:48:33.000Z,0.0000351,0xcf4f5f219ebf2942df596db449269aa26a96131c,sell,0x5046e860ff274fb8c66106b0ffb8155849fb0787,0x86de4bb17a905a24680504151e29b6d8090697abd5d667f39f98ba6067c484e0
374,1874.19001096,0.065784069384696,0x38ab523d0ca6c61c8787b82274d9e827d69fee96,2017-10-28T10:42:20.000Z,0.0000351,0x65df448a6ea8fb4405872649c8bbce3c7369754c,sell,0x5046e860ff274fb8c66106b0ffb8155849fb0787,0x1be64fa454076a4b559245647100ef1c5d249e6e6464c0d94c286a912e5d1c49
375,1874.19001096,0.065784069384696,0x38ab523d0ca6c61c8787b82274d9e827d69fee96,2017-10-28T10:40:45.000Z,0.0000351,0x8bed9155e8a286567618d816e2a2853e56ebf236,sell,0x5046e860ff274fb8c66106b0ffb8155849fb0787,0x1fc00c777389c20e7da9b7d1d0e9b35675887d0815679dd69ec448d0fdbd285c
376,0.05790394,0.000002032428294,0x38ab523d0ca6c61c8787b82274d9e827d69fee96,2017-10-28T10:37:38.000Z,0.0000351,0x1a4cfe7277bfdbd108ef42a3db9e8a1c05428c6c,sell,0x5046e860ff274fb8c66106b0ffb8155849fb0787,0x74f3c7d702e9c432593b76beb99f6b87438cab346ae65989150373542425d798
377,98,0.0034398,0x38ab523d0ca6c61c8787b82274d9e827d69fee96,2017-10-28T10:24:41.000Z,0.0000351,0x479a5ed22166876f3165d5345357453882d439dc,sell,0x5046e860ff274fb8c66106b0ffb8155849fb0787,0x10468d412eb4b4bb6eac7edc934c1e52bf742282e166bf2c073aa2c74e1df190
