,amount,amountBase,buyer,date,price,seller,side,tokenAddr,txHash
0,4.67,0.25685,0x83ad34a3939f8aa2d5110b8d2781e5394e71d044,2017-11-01T02:11:25.000Z,0.055,0xe89a2a7a15cbaae3c58a03d79485373e216226d6,buy,0xe2e6d4be086c6938b53b22144855eef674281639,0x087fd5ee01975ee808f47ae40585d4ed08f663391322f77bfec08cea034f55cd
1,0.02,0.0011,0x0b773d7819259d78757b26dc4148812d35676d8f,2017-10-31T14:10:10.000Z,0.055,0xe89a2a7a15cbaae3c58a03d79485373e216226d6,buy,0xe2e6d4be086c6938b53b22144855eef674281639,0xd8102d1703d4b0aaf4bdcc145d0a9b2278dce92f46e41fe85e17dd4dd8e22253
2,2.72050939577273,0.14962801676750015,0xf4524b1518816f4d0243a8cd9b18b109ab3d059c,2017-10-31T02:15:07.000Z,0.055,0xe89a2a7a15cbaae3c58a03d79485373e216226d6,buy,0xe2e6d4be086c6938b53b22144855eef674281639,0xcbff8871fc06d3aa358fa76a5cee8a8b7eb5496b0ef1b1325a64a3430280a382
3,0.009107468123861566,0.0005,0xe444a40689f51f63bcd29910622035707d533d29,2017-10-28T20:44:13.000Z,0.054900000000000004,0x1c193da9cfbe7e289bce3eb86a0f61917bc3b02f,buy,0xe2e6d4be086c6938b53b22144855eef674281639,0xf1b4e86c5ab0c5aff8e22a60ed2bf9851939cdcce29d88056f3e806ef6bb49fd
4,0.009107468123861566,0.0005,0x34f9560c63078eb61872a4dc2ccd20e21c34feaf,2017-10-28T20:44:13.000Z,0.054900000000000004,0x1c193da9cfbe7e289bce3eb86a0f61917bc3b02f,buy,0xe2e6d4be086c6938b53b22144855eef674281639,0x90d8f8026236eb93c8df7b85c62f48a2825c60b5d95937224a55a623f9e0d15b
5,3.6718195255843056,0.18359097627921528,0x599dbc0ecfa98fbd2b720210141c2ee2068e428d,2017-10-28T17:23:11.000Z,0.05,0x1ed014aec47fae44c9e55bac7662c0b78ae61798,sell,0xe2e6d4be086c6938b53b22144855eef674281639,0x972b8b7b66fe6764086387aefbadeae9180a1508bab684c1e8109a85537ef1d6
6,2.5755076167756945,0.12877538083878473,0x599dbc0ecfa98fbd2b720210141c2ee2068e428d,2017-10-28T09:06:28.000Z,0.05,0xa7fc4a2fdd8d263ac9c13758f91d866e745ddaa8,sell,0xe2e6d4be086c6938b53b22144855eef674281639,0xcdd47cb66f1264566d36f7cb6036780814773e767c296451d5a3a45f5266f427
7,15.1,0.8607,0x5f7188c06e07c1a3d2f83bf3c7e4ca71877afe58,2017-10-28T05:46:34.000Z,0.057,0xe89a2a7a15cbaae3c58a03d79485373e216226d6,sell,0xe2e6d4be086c6938b53b22144855eef674281639,0x21223f572a98cd7fc0317bb57a2d62b8dedbdc366350c000ebfc33f98cc4dd87
8,9.5976,0.527868,0x89ed66c36ea63b6ae3c956f010ac81f93f2ce314,2017-10-27T07:08:28.000Z,0.055,0x553253341310026089468ec99c0a1e194119c52e,buy,0xe2e6d4be086c6938b53b22144855eef674281639,0xe3209bc5c9a0842efa53d1ed04dec80d3e9ecbd18bd58db53894c8604cd00d66
9,18,0.99,0x8454ed3913df362e6a5eccf555259797eb8ad96b,2017-10-27T04:24:08.000Z,0.055,0x553253341310026089468ec99c0a1e194119c52e,buy,0xe2e6d4be086c6938b53b22144855eef674281639,0xf23bbba714cf9a33a13bc5ddccf1a6df86688c2c51b262b928a731a7e9688719
10,7.25,0.39875,0x83ad34a3939f8aa2d5110b8d2781e5394e71d044,2017-10-27T02:44:41.000Z,0.055,0x553253341310026089468ec99c0a1e194119c52e,buy,0xe2e6d4be086c6938b53b22144855eef674281639,0x576a3f5f2c1e0361dfc315d991017c067379bf9ef6c9da6a7499d0449bfa3cd3
11,7.15,0.39325,0x83ad34a3939f8aa2d5110b8d2781e5394e71d044,2017-10-27T02:34:15.000Z,0.055,0x553253341310026089468ec99c0a1e194119c52e,buy,0xe2e6d4be086c6938b53b22144855eef674281639,0x2508c80c73e4ae1799722fff22032d170130573e7de8c83441e410bcca9532dc
12,2.0207626627724324,0.29907287409032,0xb3a5cd96f8c88aedfb1f923b63c97adddf92b7df,2017-10-25T23:05:46.000Z,0.148,0x1364e09978f28c45fa7729ca7af12965f34acea3,buy,0xe2e6d4be086c6938b53b22144855eef674281639,0x51abe275dd3f78680cdf45746672b7c3d9adf0cc07c5bba482c397fa40860018
13,28.347529697936398,1.700851781876184,0x599dbc0ecfa98fbd2b720210141c2ee2068e428d,2017-10-25T05:33:16.000Z,0.06,0x265ca90bd2ceb257be4370d0cbd6bf8e0a6688e1,sell,0xe2e6d4be086c6938b53b22144855eef674281639,0xb0b93c97afa6aab95c72cf1377e72c4412f92441df63bac92cbec3653346bbaf
14,2,0.12,0x78df5bd7a716dd45883da518719ce597ea6bafbc,2017-10-25T05:33:16.000Z,0.06,0x265ca90bd2ceb257be4370d0cbd6bf8e0a6688e1,sell,0xe2e6d4be086c6938b53b22144855eef674281639,0x670c52eb74bcda4b0a316e4dc9fa820ea823772ac3dd70948fdd46d746833485
15,3.4,0.20667546,0x932365e6bf6475a057848c6ed365443f6ef1e93d,2017-10-25T05:33:02.000Z,0.0607869,0x265ca90bd2ceb257be4370d0cbd6bf8e0a6688e1,sell,0xe2e6d4be086c6938b53b22144855eef674281639,0x373c02a69420f9180613de24f8884decf9811331306142ef26d5ce4dbf9e8589
16,0.5,0.0355,0x4993bff03eb0544659917ee06dc9a9ec3e1fea1c,2017-10-25T05:32:34.000Z,0.071,0x265ca90bd2ceb257be4370d0cbd6bf8e0a6688e1,sell,0xe2e6d4be086c6938b53b22144855eef674281639,0xbe969faccb0f9993bec4f22f0e2b007020ece755d58f22985d69bee45e036391
17,3.170870302063603,0.19025221812381618,0x599dbc0ecfa98fbd2b720210141c2ee2068e428d,2017-10-23T21:49:14.000Z,0.06,0x54b4e3fb904aadbf7d80aae42306b35b398e41d0,sell,0xe2e6d4be086c6938b53b22144855eef674281639,0x8daaa638b94bf2f76e51bc5258aac2eb625cd661638de11f1ff44cccaa39b39b
18,0.461,0.0461,0xff64f34e8511693e3dffa0e1fe037a6a65f3937b,2017-10-23T21:41:53.000Z,0.1,0x4993bff03eb0544659917ee06dc9a9ec3e1fea1c,buy,0xe2e6d4be086c6938b53b22144855eef674281639,0x5604c1b76a9c4b4edd174a7e3eb7047b52d597fdb54a985d7f3e65c862c56649
19,2.82,0.3102,0xff64f34e8511693e3dffa0e1fe037a6a65f3937b,2017-10-23T21:41:53.000Z,0.11,0x33ae987fae4d80ccb9e6cb53e4ea44135bd05adb,buy,0xe2e6d4be086c6938b53b22144855eef674281639,0x0453c9502cddc911e5b6f415347904e1bf8bae90cc5ea23afec824d3f5cb628c
20,6,0.713999994,0x599dbc0ecfa98fbd2b720210141c2ee2068e428d,2017-10-23T08:58:13.000Z,0.118999999,0xf4b6e090b49b4edf517fce9e5b99d07281b0da48,buy,0xe2e6d4be086c6938b53b22144855eef674281639,0xdd22110a6a7b22e466672a26bdf8de28aff531aea5c2bb69a3c901b63ba7246c
21,19.752,2.86404,0x599dbc0ecfa98fbd2b720210141c2ee2068e428d,2017-10-23T08:56:36.000Z,0.145,0x599dbc0ecfa98fbd2b720210141c2ee2068e428d,buy,0xe2e6d4be086c6938b53b22144855eef674281639,0x70d356a9f5948055b301ee5b050d7e2b1b6b4cbfe7b948ddb8a4754117b2ce74
22,16.2478,2.355931,0x599dbc0ecfa98fbd2b720210141c2ee2068e428d,2017-10-23T08:55:13.000Z,0.145,0x599dbc0ecfa98fbd2b720210141c2ee2068e428d,buy,0xe2e6d4be086c6938b53b22144855eef674281639,0x58067427f27fc0028035fd9f451c0decbfc4c1ff21456a34f4825d4e523de439
23,0.000007520904270974,0.000000894987608246,0xc5847b34697e2ec7887f42fc171402ba0c977466,2017-10-23T08:50:20.000Z,0.1190000000000125,0xc841cd0ad77d714b3c6ad86c1160034a1f11fed3,buy,0xe2e6d4be086c6938b53b22144855eef674281639,0xa8d20a0bee843785a9ae042e6dc77834a6929bb44ff68676187ebfa99b723aab
24,13.2475,1.192275,0x599dbc0ecfa98fbd2b720210141c2ee2068e428d,2017-10-23T08:30:30.000Z,0.09,0x599dbc0ecfa98fbd2b720210141c2ee2068e428d,buy,0xe2e6d4be086c6938b53b22144855eef674281639,0xd5acd75547778b4627eb317664a3c39249e31325760546d9d6f4338a415b1a75
25,15.1448,1.363032,0x599dbc0ecfa98fbd2b720210141c2ee2068e428d,2017-10-23T08:28:46.000Z,0.09,0x599dbc0ecfa98fbd2b720210141c2ee2068e428d,buy,0xe2e6d4be086c6938b53b22144855eef674281639,0xf2accea1179939174b0ada3db08a9ac24b7da2bf9c1cc54ac7c932eade7854ee
26,13.15487,1.1839383,0x599dbc0ecfa98fbd2b720210141c2ee2068e428d,2017-10-23T08:27:50.000Z,0.09,0x599dbc0ecfa98fbd2b720210141c2ee2068e428d,buy,0xe2e6d4be086c6938b53b22144855eef674281639,0x381e2923e8861af72b032d2076f09f0485aa4abc892bd71e2e2a6b140d65df20
27,13,1.17,0x599dbc0ecfa98fbd2b720210141c2ee2068e428d,2017-10-23T08:27:03.000Z,0.09,0x599dbc0ecfa98fbd2b720210141c2ee2068e428d,buy,0xe2e6d4be086c6938b53b22144855eef674281639,0x86607754dcf6ad81b8880130c8bffe2fbfe55aaf9971bf9bad7ac49fea102a2a
28,4.527616795883923,0.055236924909783866,0x99acfe4a84c2c62edaa69b37ae006c70b1f244ae,2017-10-23T08:12:50.000Z,0.012199999999999999,0x1fdf047bf7a114b37e7936d01e9cad754ad18803,sell,0xe2e6d4be086c6938b53b22144855eef674281639,0x4747e4a24e399b646da6d8ed085c74cbfdd32a9142421109c66c136e51de1969
29,35,0.4235,0x7de5ffa742adc512dc75aaaddfb55336edf7afd4,2017-10-23T02:45:28.000Z,0.0121,0x265ca90bd2ceb257be4370d0cbd6bf8e0a6688e1,sell,0xe2e6d4be086c6938b53b22144855eef674281639,0x8644899d12f936c3c2baf9ae3ba8a0c3cb7282a52f3b5541f6205840432bbe76
30,1.5,0.0150000015,0xf36990a2cb4d609e0a7d4f3bf884c0342d81fd3d,2017-10-23T02:45:28.000Z,0.010000001,0x265ca90bd2ceb257be4370d0cbd6bf8e0a6688e1,sell,0xe2e6d4be086c6938b53b22144855eef674281639,0xd71b4052e9545180f82421cdbd6d22c7eae8726357ff9906f5ad589917ee8183
31,0.458,0.01832,0x4993bff03eb0544659917ee06dc9a9ec3e1fea1c,2017-10-23T02:44:42.000Z,0.04,0x265ca90bd2ceb257be4370d0cbd6bf8e0a6688e1,sell,0xe2e6d4be086c6938b53b22144855eef674281639,0x7245b8d5825f95a7de50649c42f90ba1c27ca258b6683f23369be5aaea63a9c5
32,2.82,0.12408,0x33ae987fae4d80ccb9e6cb53e4ea44135bd05adb,2017-10-23T02:44:42.000Z,0.044,0x265ca90bd2ceb257be4370d0cbd6bf8e0a6688e1,sell,0xe2e6d4be086c6938b53b22144855eef674281639,0xd0e4224db832de4aee9916b3a82dd2c481e59a34d4afcba7ed9831195fedcf4f
33,3,0.132000039,0xf4b6e090b49b4edf517fce9e5b99d07281b0da48,2017-10-23T02:44:30.000Z,0.044000013,0x265ca90bd2ceb257be4370d0cbd6bf8e0a6688e1,sell,0xe2e6d4be086c6938b53b22144855eef674281639,0x56a1b01ff9c03d1a2bb8ae460c7c11a2b74c756a49f8a34c3511ad0d184d1d1a
34,3,0.132000039,0xf4b6e090b49b4edf517fce9e5b99d07281b0da48,2017-10-23T02:44:30.000Z,0.044000013,0x265ca90bd2ceb257be4370d0cbd6bf8e0a6688e1,sell,0xe2e6d4be086c6938b53b22144855eef674281639,0x714e3de8c9d4c010f0e4875118b94c37b978ce3587e16ed534be6a2a9348dcf6
35,0.00054416396715065,0.000065299676058078,0x9304c56494b5fdacdcb6ebe8543af60f0c27d295,2017-10-22T21:47:28.000Z,0.12,0x1fdf047bf7a114b37e7936d01e9cad754ad18803,buy,0xe2e6d4be086c6938b53b22144855eef674281639,0x320767621bcb070741751ef3bb41c6317295b11c243ef09247dda3d4e63aa033
36,5.45850875448815,0.6550210505385781,0x9304c56494b5fdacdcb6ebe8543af60f0c27d295,2017-10-22T21:47:02.000Z,0.12,0x1fdf047bf7a114b37e7936d01e9cad754ad18803,buy,0xe2e6d4be086c6938b53b22144855eef674281639,0x1367d2dcd7da664c80b48f315ec364cfe45f8b01ff72838a445207906d502f56
37,9.939188515601636,0.4174459176552687,0xa1c6847bf55971f4eec6b9aaf92a8bca4a73d539,2017-10-22T11:37:06.000Z,0.042,0x7863fdcf1e54d0f442e663152f6ab2d8bb98adcf,sell,0xe2e6d4be086c6938b53b22144855eef674281639,0x1fc8af8b8decbf5b7af32e3397ad9b13be1e1e0689fc8c3a27ac03ab04177418
38,10,0.43,0x1fdf047bf7a114b37e7936d01e9cad754ad18803,2017-10-22T11:35:47.000Z,0.043,0x7863fdcf1e54d0f442e663152f6ab2d8bb98adcf,sell,0xe2e6d4be086c6938b53b22144855eef674281639,0x192bac3308622a205f2f4bca6dc18444cdc6af00bb13d43cd9242a83b02c6377
39,23.46680089065534,3.03191067507267,0xc841cd0ad77d714b3c6ad86c1160034a1f11fed3,2017-10-22T04:06:25.000Z,0.1292,0x33a8316094b5c0ea2c4cbae659c1c1b11ff8c06f,buy,0xe2e6d4be086c6938b53b22144855eef674281639,0xcf248de48b1e6140ef478c48b4b0b9aa9e4c685228ad05d27adaa5f6fd1b86ec
40,0.6996509392312403,0.058770678895424186,0x767de05af38f5bd6725c45cb2dcedd89a896e118,2017-10-20T21:31:40.000Z,0.084,0x61e71dfb7c14c0ad042f36d9e5e232056a34a4d4,buy,0xe2e6d4be086c6938b53b22144855eef674281639,0x0e71218866c16622e65b0c3202ad94aa6f6d0c6f57f8f6df107f9a20f2625025
41,0.13596075736644972,0.011420703618781777,0xc5847b34697e2ec7887f42fc171402ba0c977466,2017-10-20T11:48:38.000Z,0.084,0x61e71dfb7c14c0ad042f36d9e5e232056a34a4d4,buy,0xe2e6d4be086c6938b53b22144855eef674281639,0x0f29e3df606d9ca32ca838e626efc45b2600268d1ad150d1b06f8e71f43dbacb
42,1.595439552211759,0.13401692238578777,0x3698f751d4614ccb0b6f33256dd7b73cdb2f8df9,2017-10-20T11:38:10.000Z,0.084,0x8141c48249b9879dd565bda9a3e7e02b69ceb34d,sell,0xe2e6d4be086c6938b53b22144855eef674281639,0x1dbe7697162a0b1fb5015fa4717fe2219e0d4c2bcd0d37da3aa38ecd32f8a980
43,0.01,0.00084,0x6cdea8e07bf82d7a07dbf36642d6e5be8623845c,2017-10-20T00:27:44.000Z,0.084,0x61e71dfb7c14c0ad042f36d9e5e232056a34a4d4,buy,0xe2e6d4be086c6938b53b22144855eef674281639,0xc60d89fea8d9acfc693f0662165b1ab1a9b3f5b1f51efe4d076e0ea49ffef8a7
44,4.984949240682705,0.4187357362173472,0x61e71dfb7c14c0ad042f36d9e5e232056a34a4d4,2017-10-19T17:00:05.000Z,0.084,0x8141c48249b9879dd565bda9a3e7e02b69ceb34d,buy,0xe2e6d4be086c6938b53b22144855eef674281639,0xbcd1148492d345c8d8c6f7826d596f0c7291d982f0fc836f8fc6aecf4aeeb130
45,3.049724234871897,0.2561768357292393,0x3698f751d4614ccb0b6f33256dd7b73cdb2f8df9,2017-10-19T16:43:08.000Z,0.084,0x8141c48249b9879dd565bda9a3e7e02b69ceb34d,sell,0xe2e6d4be086c6938b53b22144855eef674281639,0x6687d1c6ac4e33e51dff22e89d96bfedb8c594336953727d2b8bf770e7409fa0
46,1.950275765128103,0.16382316427076066,0x3698f751d4614ccb0b6f33256dd7b73cdb2f8df9,2017-10-19T16:24:28.000Z,0.084,0xa2ce3fd53c1de583a5f5c10dfcccda524e4df6c7,sell,0xe2e6d4be086c6938b53b22144855eef674281639,0xa90d1471016fd699bcec8bec12759d15b1809af3fb87df32132622543f7668fe
47,1.29,0.10965,0x605b9b2c7a5da2d159916c3468a5f75962365f10,2017-10-19T01:52:30.000Z,0.085,0x8141c48249b9879dd565bda9a3e7e02b69ceb34d,buy,0xe2e6d4be086c6938b53b22144855eef674281639,0xde483b610f9e217fede35f0807980e7941c5d18ab5002f4b37d08ee6896b2b18
48,0.11747285664031729,0.009985192814426969,0x605b9b2c7a5da2d159916c3468a5f75962365f10,2017-10-18T20:45:19.000Z,0.085,0x8141c48249b9879dd565bda9a3e7e02b69ceb34d,buy,0xe2e6d4be086c6938b53b22144855eef674281639,0xe22898cf8e640e2dc4b06934dc5f1fcdabe4571d46742e0870354410b7291654
49,1.899636723728423,0.16146912151691595,0x605b9b2c7a5da2d159916c3468a5f75962365f10,2017-10-18T20:26:35.000Z,0.085,0x8141c48249b9879dd565bda9a3e7e02b69ceb34d,buy,0xe2e6d4be086c6938b53b22144855eef674281639,0xd87e25b02cf08cc1c57abe64987d946895f4ca8fa5a27f805b1896bea773d879
50,1,0.089,0x3ac636ac5c3a2576156ac5f10066ca68abe0ad54,2017-10-18T18:21:41.000Z,0.089,0x8141c48249b9879dd565bda9a3e7e02b69ceb34d,buy,0xe2e6d4be086c6938b53b22144855eef674281639,0xff9d1a5f82df0e79f1f1d1e14e776caa7c8bac1ab5b27bce611b175c88613759
51,0.6673694403775263,0.05939588019359984,0x2edc34e4b7c2a9bd6991631ee88fa069b7873a68,2017-10-18T15:43:46.000Z,0.089,0x8141c48249b9879dd565bda9a3e7e02b69ceb34d,buy,0xe2e6d4be086c6938b53b22144855eef674281639,0xb012ed32b5d4a58cfa406745d6864a20445bbb81479b3f917c5aed42bbabda3b
52,0.005617977528089887,0.0005,0xf9695cd65d6dfdf257fab76a3eb0cb8f001971cc,2017-10-18T15:19:13.000Z,0.08900000000000001,0x8141c48249b9879dd565bda9a3e7e02b69ceb34d,buy,0xe2e6d4be086c6938b53b22144855eef674281639,0xa0937caf322f46151feec6604ea1de58599af59b19060a8247f8f76f68d8bccb
53,0.005617977528089887,0.0005,0x379374d13077e8867ef31803c37baf9785a17c00,2017-10-18T15:19:02.000Z,0.08900000000000001,0x8141c48249b9879dd565bda9a3e7e02b69ceb34d,buy,0xe2e6d4be086c6938b53b22144855eef674281639,0x040ec624162cee60c86bb6a3b6c596aee7279d01fb366492fc4fb6b9771edadc
54,0.005617977528089887,0.0005,0x16e5d97bbc92417e051e3b2cabfbf8ceea2acb9c,2017-10-17T17:55:02.000Z,0.08900000000000001,0x8141c48249b9879dd565bda9a3e7e02b69ceb34d,buy,0xe2e6d4be086c6938b53b22144855eef674281639,0x49aa80a7835be7326b43bcfa9a536fa3dfa58046c9560045214d7eea21a04dac
55,0.005617977528089887,0.0005,0x42c24a83bded723edfdf5883bc7efb30bc1a1bf3,2017-10-17T15:42:15.000Z,0.08900000000000001,0x8141c48249b9879dd565bda9a3e7e02b69ceb34d,buy,0xe2e6d4be086c6938b53b22144855eef674281639,0x5592a037cfdb989dd0c8f7b2afc96bc0d13975fecfe8e6b0b6157145ed9abae2
56,0.005617977528089887,0.0005,0xcd912af5286dc0b0a23edb30209734ecb60838b3,2017-10-17T05:37:19.000Z,0.08900000000000001,0x8141c48249b9879dd565bda9a3e7e02b69ceb34d,buy,0xe2e6d4be086c6938b53b22144855eef674281639,0x58f0ad6b5162b4e4428492f4ae31c72dceab934feb5e76325d348ed3a5d5932c
57,0.11519841895696097,0.014883635729239357,0x30734294ea33a3f272c8e5ce8e4dfcec09f1a732,2017-10-16T15:24:26.000Z,0.1292,0x33a8316094b5c0ea2c4cbae659c1c1b11ff8c06f,buy,0xe2e6d4be086c6938b53b22144855eef674281639,0x868f382cf4f30066b08e0165a050f3ecf9608d7a46f8aa68287ab3b9f667de31
58,10.503,0.94527,0x553253341310026089468ec99c0a1e194119c52e,2017-10-16T15:21:40.000Z,0.09,0xa7fc4a2fdd8d263ac9c13758f91d866e745ddaa8,sell,0xe2e6d4be086c6938b53b22144855eef674281639,0xac059708921d9c772b2b3e2f6161b80a5ca62e981953762c5dbcab2fd46ad1a5
59,13.1180006903877,1.6948456891980908,0xa7fc4a2fdd8d263ac9c13758f91d866e745ddaa8,2017-10-16T15:15:39.000Z,0.1292,0x33a8316094b5c0ea2c4cbae659c1c1b11ff8c06f,buy,0xe2e6d4be086c6938b53b22144855eef674281639,0x97833676b4c13edab6a5939ef7e39cb70d944458654a3e6e444779572fcf5e16
60,0.05,0.00646,0x24f3ccffa8b95fc38a7dd08e93b22f2f323eecca,2017-10-16T14:44:13.000Z,0.1292,0x33a8316094b5c0ea2c4cbae659c1c1b11ff8c06f,buy,0xe2e6d4be086c6938b53b22144855eef674281639,0x9a6d33b8c91adb0c06d4b9562bbec6172026bfe8e2bda1609e653a7cf2b47ba1
61,0.000000000000000006,0.000000000000000001,0x81d0a5173b998b58c07fb02534e9691055a0b8e9,2017-10-16T14:27:51.000Z,0.16666666666666666,0x1364e09978f28c45fa7729ca7af12965f34acea3,buy,0xe2e6d4be086c6938b53b22144855eef674281639,0x514561b67f2b022f1652cd0442fc39d82378fe0a4b790d325425299376994051
62,0.000000000000000006,0.000000000000000001,0x81d0a5173b998b58c07fb02534e9691055a0b8e9,2017-10-16T14:27:51.000Z,0.16666666666666666,0x1364e09978f28c45fa7729ca7af12965f34acea3,buy,0xe2e6d4be086c6938b53b22144855eef674281639,0x689040e1ce95f09ea61800be9b72966bf87eeec30d77ba346b41e72981cc8dfd
63,5.445483332298758,0.49009349990688816,0x553253341310026089468ec99c0a1e194119c52e,2017-10-16T13:46:39.000Z,0.09,0x5420a07a52116a7f539cb64934e3a5428863311d,sell,0xe2e6d4be086c6938b53b22144855eef674281639,0x50f4c7c604b3dc6e3e299c46147305ff0597a94a7e3b594d8b00d4aa6fb5ac55
64,7.75,0.692075,0x7aa6e2506316f6d613277d4f2f4e4e1dc55e528e,2017-10-16T12:01:05.000Z,0.0893,0xbea1d510915cf1cc864908ec724fddfe7b153a34,buy,0xe2e6d4be086c6938b53b22144855eef674281639,0x4b72d7a1aa23b5cdeb1279996c17c74d0c9f6f1fe8f72682fadad91ecad1c64c
65,7.72675,0.6954075,0x553253341310026089468ec99c0a1e194119c52e,2017-10-16T12:01:05.000Z,0.09,0x7aa6e2506316f6d613277d4f2f4e4e1dc55e528e,sell,0xe2e6d4be086c6938b53b22144855eef674281639,0x4b72d7a1aa23b5cdeb1279996c17c74d0c9f6f1fe8f72682fadad91ecad1c64c
66,7.713,0.686457,0x7aa6e2506316f6d613277d4f2f4e4e1dc55e528e,2017-10-16T07:14:23.000Z,0.089,0x1fdf047bf7a114b37e7936d01e9cad754ad18803,buy,0xe2e6d4be086c6938b53b22144855eef674281639,0xc9820db6fb2fe488a78b3c277aadbdcb095c93ee8d1c8268174076e8bfaa0e8a
67,7.689861,0.69208749,0x553253341310026089468ec99c0a1e194119c52e,2017-10-16T07:14:23.000Z,0.09,0x7aa6e2506316f6d613277d4f2f4e4e1dc55e528e,sell,0xe2e6d4be086c6938b53b22144855eef674281639,0xc9820db6fb2fe488a78b3c277aadbdcb095c93ee8d1c8268174076e8bfaa0e8a
68,3.457,0.304216,0x7aa6e2506316f6d613277d4f2f4e4e1dc55e528e,2017-10-16T06:56:42.000Z,0.088,0xeea3be7b4bd53b0052b81310b8ec6ad8e6cf9753,buy,0xe2e6d4be086c6938b53b22144855eef674281639,0x5e8c3ae8de1ec0daa7de5d5fc9d419a8318533ce2833949fc2b1586c7d2f1344
69,3.446629,0.31019661,0x553253341310026089468ec99c0a1e194119c52e,2017-10-16T06:56:42.000Z,0.09,0x7aa6e2506316f6d613277d4f2f4e4e1dc55e528e,sell,0xe2e6d4be086c6938b53b22144855eef674281639,0x5e8c3ae8de1ec0daa7de5d5fc9d419a8318533ce2833949fc2b1586c7d2f1344
70,3.9876383212042668,0.35888744890838403,0x553253341310026089468ec99c0a1e194119c52e,2017-10-16T00:39:17.000Z,0.09,0x65f2dddf638c7a7118b22d610c9aeba141f2467f,sell,0xe2e6d4be086c6938b53b22144855eef674281639,0x644b1c7052acc76b47dc64907c7eb996ee2c4c78d0d0f90cc81b4d615f277e65
71,4,0.34,0x65f2dddf638c7a7118b22d610c9aeba141f2467f,2017-10-16T00:39:17.000Z,0.085,0xa59af1548600f218c7cf75d952384e2db3198e61,buy,0xe2e6d4be086c6938b53b22144855eef674281639,0x644b1c7052acc76b47dc64907c7eb996ee2c4c78d0d0f90cc81b4d615f277e65
72,3.2003988035892323,0.2880358923230309,0x553253341310026089468ec99c0a1e194119c52e,2017-10-16T00:32:05.000Z,0.09,0x3b2ceb8a5411aa1ab60d3d8eb450d9fa39a41176,sell,0xe2e6d4be086c6938b53b22144855eef674281639,0xf37ccb20110bea43e1376b5c8af6ea65f949f1c4e6309b5a93ffb55ea86e2606
73,3.21,0.26964,0x3b2ceb8a5411aa1ab60d3d8eb450d9fa39a41176,2017-10-16T00:32:05.000Z,0.084,0xd0f770146d6abf08f51600d5bc0b358030f43609,buy,0xe2e6d4be086c6938b53b22144855eef674281639,0xf37ccb20110bea43e1376b5c8af6ea65f949f1c4e6309b5a93ffb55ea86e2606
74,0.035,0.00210000021,0x0485fa945f0da22c4394826845c59050d184265a,2017-10-15T06:19:47.000Z,0.060000006,0x025fd27927bf438b63ea72de1d5bfc425e2f2779,sell,0xe2e6d4be086c6938b53b22144855eef674281639,0x2c8bfdea0523650904840f61e719b4e0420c214f83f56e39a3cfe5831e13e972
75,0.018,0.001584,0x025fd27927bf438b63ea72de1d5bfc425e2f2779,2017-10-15T06:16:00.000Z,0.088,0xeea3be7b4bd53b0052b81310b8ec6ad8e6cf9753,buy,0xe2e6d4be086c6938b53b22144855eef674281639,0x4eca2a385625ea6d7847856ff780e692338c17f880caf8be7239660e685679fa
76,0.01,0.00088,0x025fd27927bf438b63ea72de1d5bfc425e2f2779,2017-10-15T05:48:31.000Z,0.088,0xeea3be7b4bd53b0052b81310b8ec6ad8e6cf9753,buy,0xe2e6d4be086c6938b53b22144855eef674281639,0xeb70399be25967b93ac113c42ac9d8dc4e5d7cd8b5843e78925a1f6af1081b19
77,0.001,0.000060000003,0x0485fa945f0da22c4394826845c59050d184265a,2017-10-15T04:02:33.000Z,0.060000003,0x025fd27927bf438b63ea72de1d5bfc425e2f2779,sell,0xe2e6d4be086c6938b53b22144855eef674281639,0xd8788a0264a3dfdc95bcbfa76c6be20eadb7252c4bae8ee24f32e13bc158c985
78,0.001,0.000060000003,0x0485fa945f0da22c4394826845c59050d184265a,2017-10-15T02:43:06.000Z,0.060000003,0x025fd27927bf438b63ea72de1d5bfc425e2f2779,sell,0xe2e6d4be086c6938b53b22144855eef674281639,0x9dacf8a7c72cda4826ea93d63b5de03e0f038397eaa5a572586ed22be31f0ecf
79,0.01,0.00088,0x025fd27927bf438b63ea72de1d5bfc425e2f2779,2017-10-15T02:27:34.000Z,0.088,0xeea3be7b4bd53b0052b81310b8ec6ad8e6cf9753,buy,0xe2e6d4be086c6938b53b22144855eef674281639,0x2816009963ac4376e3a7079f367e68e13d3853c9518082878ada5fae0f22cf59
80,0.005,0.00044,0x0485fa945f0da22c4394826845c59050d184265a,2017-10-15T02:08:49.000Z,0.088,0xeea3be7b4bd53b0052b81310b8ec6ad8e6cf9753,buy,0xe2e6d4be086c6938b53b22144855eef674281639,0xc372fed51c640a28205f418f933226f6a313aa2c759c57c7cd35fbc7b7c2286c
81,0.2,0.0160000004,0xf36990a2cb4d609e0a7d4f3bf884c0342d81fd3d,2017-10-13T22:54:53.000Z,0.080000002,0xbea1d510915cf1cc864908ec724fddfe7b153a34,sell,0xe2e6d4be086c6938b53b22144855eef674281639,0xc99d4db5c0ae7cc62a8df9e92b2629e86e55b75140022534bfa18828e46af2b3
82,2.0358317075976267,0.1832248536837864,0x6419a84789d89fb53c38570ae09ddd6a02c0aa0f,2017-10-12T20:28:08.000Z,0.09,0x8141c48249b9879dd565bda9a3e7e02b69ceb34d,buy,0xe2e6d4be086c6938b53b22144855eef674281639,0xc252c9cd4c3530a6139dcbd75733112cc7b8a98a28ad96b8133164e10f40afa9
83,0.000055794260016233,0.000005021483401461,0x1a388f821bcf1244059272f4ab6165efe8ce12ab,2017-10-12T20:09:12.000Z,0.09000000000000054,0x8141c48249b9879dd565bda9a3e7e02b69ceb34d,buy,0xe2e6d4be086c6938b53b22144855eef674281639,0x55cdf368ba9cc02e096382fe509d734d682379c0a3b4930dee618518a2a83ba1
84,5.462364330628883,0.4588386037728262,0x5420a07a52116a7f539cb64934e3a5428863311d,2017-10-11T18:44:44.000Z,0.084,0x12ae8b5735112efb25f5b17ade6e35f30be434be,sell,0xe2e6d4be086c6938b53b22144855eef674281639,0xf979104d3ffa5c4f661864c585801af35edbe78830c97e067d4ba2769ceb0c80
85,3.5,0.3325,0xeea3be7b4bd53b0052b81310b8ec6ad8e6cf9753,2017-10-11T18:42:48.000Z,0.095,0x12ae8b5735112efb25f5b17ade6e35f30be434be,sell,0xe2e6d4be086c6938b53b22144855eef674281639,0x0aad34dfc21d6229152af500778cbb54e2a107d6b4c9eb7fdb79cafe49fa484e
86,0.01,0.0009,0x5d5065b42bdee0274e394ba9042c21e1818c69cf,2017-10-10T08:34:18.000Z,0.09,0x7de5ffa742adc512dc75aaaddfb55336edf7afd4,sell,0xe2e6d4be086c6938b53b22144855eef674281639,0x1d1b0947b50c27744d6af5453bd315a4693f1417e7a84c63369b65a999bfe1c8
87,2.1434811943314664,0.2827251695323204,0x824e2a678b5383e55fc90e101b654f2f6b94e264,2017-10-10T01:18:47.000Z,0.1319,0x577ffcd026be44fb0c7c1d464d6e26083b6afffd,buy,0xe2e6d4be086c6938b53b22144855eef674281639,0x07087e305642abf61a24db15a3d964e8bc89ba0184806a776527951ae6e3a38f
88,0.09127382146439318,0.01203901705115346,0xfe423f6b9b3aa093cc08831d9b106027f97e132e,2017-10-09T21:49:16.000Z,0.1319,0x577ffcd026be44fb0c7c1d464d6e26083b6afffd,buy,0xe2e6d4be086c6938b53b22144855eef674281639,0x8219330748ef4b1fc7648609715ea3f1b7efd5ddeffa0da4c61d0dc2eda1a38f
89,0.091,4.55,0x7e424c759bbcd15311868103efabcacd8cc0df9d,2017-10-09T21:49:16.000Z,50,0xfe423f6b9b3aa093cc08831d9b106027f97e132e,sell,0xe2e6d4be086c6938b53b22144855eef674281639,0x8219330748ef4b1fc7648609715ea3f1b7efd5ddeffa0da4c61d0dc2eda1a38f
90,2.104,0.17532632,0x03278cdc674fb3bfd89f368a86bc2ce295150f12,2017-10-09T16:55:11.000Z,0.08333,0x12ae8b5735112efb25f5b17ade6e35f30be434be,sell,0xe2e6d4be086c6938b53b22144855eef674281639,0x764f70c6dfe3716266f6334d55372019718e9ad434ebb36fdef9f4b339474def
91,0.5469435814267866,0.07958029109759744,0xf3da442bd35f75d489416cfe4452f57288639398,2017-10-09T08:24:17.000Z,0.1455,0x1fdf047bf7a114b37e7936d01e9cad754ad18803,buy,0xe2e6d4be086c6938b53b22144855eef674281639,0x38daacaaa57c9405e24990fcc9f59dd052f2a7e28a34f493d75275c5f35ee5a3
92,0.38,0.05053962,0x83ad34a3939f8aa2d5110b8d2781e5394e71d044,2017-10-09T01:59:37.000Z,0.132999,0x1c193da9cfbe7e289bce3eb86a0f61917bc3b02f,buy,0xe2e6d4be086c6938b53b22144855eef674281639,0x101a3f1714b205499b7851af35c6c3cad7570febeac9e23550398673afb31a29
93,6,0.828,0x1364e09978f28c45fa7729ca7af12965f34acea3,2017-10-08T02:53:49.000Z,0.138,0xd0f770146d6abf08f51600d5bc0b358030f43609,sell,0xe2e6d4be086c6938b53b22144855eef674281639,0x8afdf44df48273b979c4e45c35a68e1e4a27bd09659acd042933949126f4b474
94,0.822,0.1199298,0x0d30a563bc0a5af8df47413fd49e09a3bc81ca90,2017-10-07T21:18:03.000Z,0.1459,0xd0f770146d6abf08f51600d5bc0b358030f43609,buy,0xe2e6d4be086c6938b53b22144855eef674281639,0x3c649b063360b713643961b1013087fb91729704c2aefd0e90d0a96116e0b2ef
95,3.5919649087827734,0.32327684179044963,0x1fdf047bf7a114b37e7936d01e9cad754ad18803,2017-10-07T15:55:48.000Z,0.09,0x54b74d3b74463e66fd8b806da1e68b7d021902df,sell,0xe2e6d4be086c6938b53b22144855eef674281639,0xb72b0c4e86e9b9cc2e33f044f8cea124f9138cebb6909daaaf70f874e614ddc6
96,6.3,0.5670000063,0xd0f770146d6abf08f51600d5bc0b358030f43609,2017-10-07T09:49:01.000Z,0.090000001,0x54b74d3b74463e66fd8b806da1e68b7d021902df,sell,0xe2e6d4be086c6938b53b22144855eef674281639,0x77b6c6cc14b8d6446523b0ba7a7b587e206b06adb5b42053e7ad169b00d564ac
97,3.750373841092613,0.3131562157312332,0xd0f770146d6abf08f51600d5bc0b358030f43609,2017-10-07T03:49:17.000Z,0.0835,0x4f8e20e271876e3ad540e9364e9f8529aa2e92d7,sell,0xe2e6d4be086c6938b53b22144855eef674281639,0xcdd2c2d2520a3b49d8b43ba87ed8a18842050c699cfedf1a7d7731b8bd8fa590
98,1.6622390643612237,0.14960151579251013,0x1fdf047bf7a114b37e7936d01e9cad754ad18803,2017-10-07T03:34:44.000Z,0.09,0x2b48168d8a5a7f053c3fe5a20b37c03332b4efd1,sell,0xe2e6d4be086c6938b53b22144855eef674281639,0x6dbd6846f0c0a75e9ae69783ba1bb8c8f6db70a1940159c416e6480a9245033f
99,1.6673920054607434,0.24927510481638115,0x2b48168d8a5a7f053c3fe5a20b37c03332b4efd1,2017-10-07T03:29:50.000Z,0.1495,0x1fdf047bf7a114b37e7936d01e9cad754ad18803,buy,0xe2e6d4be086c6938b53b22144855eef674281639,0x3218fbf62bd5ef9fd7b76c1948b6b72b342c815224cf4c97843e3b672fec8329
100,0.000063787493904714,0.000009823274061326,0x0032680c2d3cada4e2914bcf22bdb53b4c5cad68,2017-10-07T02:10:44.000Z,0.1540000000000007,0x1c193da9cfbe7e289bce3eb86a0f61917bc3b02f,buy,0xe2e6d4be086c6938b53b22144855eef674281639,0x0e497e18703b667ec20b8c0fbefc5d014c250398b54eebc48ae004bd6041c2d1
101,4,0.6,0xa59af1548600f218c7cf75d952384e2db3198e61,2017-10-06T11:08:51.000Z,0.15,0x1fdf047bf7a114b37e7936d01e9cad754ad18803,buy,0xe2e6d4be086c6938b53b22144855eef674281639,0x37b9996f3b56c9548a9b1b884a50d086235359f7451c3b856780e556065ed78d
102,8.673836940149998,0.7806453246134998,0x1fdf047bf7a114b37e7936d01e9cad754ad18803,2017-10-06T08:36:11.000Z,0.09,0x03278cdc674fb3bfd89f368a86bc2ce295150f12,sell,0xe2e6d4be086c6938b53b22144855eef674281639,0x40d87ca88a4e5df143736242b556cc8cb6d9f8419c8a46951b41437899407c2a
103,1.786,0.275044,0x4f8e20e271876e3ad540e9364e9f8529aa2e92d7,2017-10-06T08:35:09.000Z,0.154,0x03278cdc674fb3bfd89f368a86bc2ce295150f12,sell,0xe2e6d4be086c6938b53b22144855eef674281639,0xb3f946b1a10b699206889dda03090d9b594da74c74a9ccd67914dc1d58a6968b
104,5,0.79995,0x89ed66c36ea63b6ae3c956f010ac81f93f2ce314,2017-10-06T08:16:08.000Z,0.15999,0x1c193da9cfbe7e289bce3eb86a0f61917bc3b02f,buy,0xe2e6d4be086c6938b53b22144855eef674281639,0x0721819ef622aa666d00b065309bf8e000272d8969f050a123a9624989bf9450
105,2,0.31,0x4f8e20e271876e3ad540e9364e9f8529aa2e92d7,2017-10-06T04:50:06.000Z,0.155,0x1c193da9cfbe7e289bce3eb86a0f61917bc3b02f,buy,0xe2e6d4be086c6938b53b22144855eef674281639,0x63926d2439c46b627e2c5bacd90190694e0aedcf67f35ba4e336805055c5f173
106,1,0.1349,0x5c00ef71c17a8322a24741c8abea9f5e6d2ff1f0,2017-10-06T00:20:27.000Z,0.1349,0x3a0f00e4174ac54e0343067320709cb95ee020d7,buy,0xe2e6d4be086c6938b53b22144855eef674281639,0xf28c6bd4c8c48ad61095fcdb672d85c1a1027d569c9ff2738eb0d6675665cff4
107,6.082643804206959,0.5389222410527366,0x984c782e0ff1493d976e6fc9dba61b62eaad92bf,2017-10-05T23:39:25.000Z,0.0886,0x41fa6f20d83c539026d77bad0e9e2e965b81cca7,sell,0xe2e6d4be086c6938b53b22144855eef674281639,0x5a2d2d94ff17e6f3639d7925a3ee890c94ccf0fc0cfb03979ad0badb84294a30
108,18.179,2.18148,0x577ffcd026be44fb0c7c1d464d6e26083b6afffd,2017-10-04T22:04:05.000Z,0.12,0xcc24d8fd93eadc300d08b0dfe6536897a81d06ea,buy,0xe2e6d4be086c6938b53b22144855eef674281639,0x8e03b7977ef3e82a625b2d59aab474e03795b3abe900f7102619aceb7d251bf7
109,4.738,0.566191,0x577ffcd026be44fb0c7c1d464d6e26083b6afffd,2017-10-04T21:51:13.000Z,0.1195,0xd0f770146d6abf08f51600d5bc0b358030f43609,buy,0xe2e6d4be086c6938b53b22144855eef674281639,0x9059c77e52db3f6b34c4a0527900b302cb879b68ea5477b8f6e083fae7e84cd0
110,9.39,1.0329,0x7ef9e1398d99285802243cfebf186a2aa20a8f54,2017-10-04T11:05:18.000Z,0.11,0x5fc3f6c9ca73d3a97bf59bc7327c92dbae884fd6,buy,0xe2e6d4be086c6938b53b22144855eef674281639,0x6f1ca9172d8cce0194cf144de85e560918c04d3000616e4981cd94db64a01d6c
111,0.152,0.01672,0x5d5065b42bdee0274e394ba9042c21e1818c69cf,2017-10-04T06:13:37.000Z,0.11,0x5fc3f6c9ca73d3a97bf59bc7327c92dbae884fd6,buy,0xe2e6d4be086c6938b53b22144855eef674281639,0x7503bf5523d378beb7862c64e23489a8ab4a5038c1d5c535940f60ce726e8768
112,0.152,0.01672,0x5d5065b42bdee0274e394ba9042c21e1818c69cf,2017-10-04T06:13:08.000Z,0.11,0x5fc3f6c9ca73d3a97bf59bc7327c92dbae884fd6,buy,0xe2e6d4be086c6938b53b22144855eef674281639,0x7503bf5523d378beb7862c64e23489a8ab4a5038c1d5c535940f60ce726e8768
113,2.985760747244372,0.38814889714176837,0xf05d39a635121ceafc5a2371e71a12f91f057915,2017-10-03T20:09:17.000Z,0.13,0x1fdf047bf7a114b37e7936d01e9cad754ad18803,buy,0xe2e6d4be086c6938b53b22144855eef674281639,0xe4871150e3099dd3e8c147cdd22a5d0ab3bb0e87863c24ef128dc56d7db138d0
114,4.451882845188284,0.532,0xc0cd7f2853e323fdedb780d45a87e3894ebebb25,2017-10-03T09:58:07.000Z,0.1195,0x1fdf047bf7a114b37e7936d01e9cad754ad18803,sell,0xe2e6d4be086c6938b53b22144855eef674281639,0x2f23aa914853e0a28205882acace774b469af072e2664c4f78c09ac9ac2140a7
115,3.8,0.456,0xc0cd7f2853e323fdedb780d45a87e3894ebebb25,2017-10-03T09:52:45.000Z,0.12,0x1fdf047bf7a114b37e7936d01e9cad754ad18803,sell,0xe2e6d4be086c6938b53b22144855eef674281639,0x7b72ddc2c81272504c423776cd9f33b843cc7b77d31fd6f34a74111a549b746e
116,0.000472285398293193,0.000039435830757481,0xd0f770146d6abf08f51600d5bc0b358030f43609,2017-10-03T03:27:52.000Z,0.0834999999999987,0x83a4d692e460f583b2758875b7ca6815b064e5a2,sell,0xe2e6d4be086c6938b53b22144855eef674281639,0x5eff9ed08e26042ebaf56f5e01578c6bd097fe0c3e0903f5d787b7b193a7f23e
117,4.737494830279018,0.395580818328298,0xd0f770146d6abf08f51600d5bc0b358030f43609,2017-10-03T03:08:45.000Z,0.0835,0x83a4d692e460f583b2758875b7ca6815b064e5a2,sell,0xe2e6d4be086c6938b53b22144855eef674281639,0xcd0b58b1e189728aca2bccb6fad0b78c6cfed0a750ded73256f14dbf3bec7cf3
118,4.953656532129528,0.41363032043281556,0x12ae8b5735112efb25f5b17ade6e35f30be434be,2017-10-03T02:58:52.000Z,0.0835,0x83a4d692e460f583b2758875b7ca6815b064e5a2,sell,0xe2e6d4be086c6938b53b22144855eef674281639,0xb0bb0d1b47b10191be29e01b1401b3275030fd54ad6a5ddb7575e0848ded4241
119,9.720698565978799,1.1664838279174559,0x83a4d692e460f583b2758875b7ca6815b064e5a2,2017-10-03T02:49:58.000Z,0.12,0xcc24d8fd93eadc300d08b0dfe6536897a81d06ea,buy,0xe2e6d4be086c6938b53b22144855eef674281639,0x3e04658a7c9fd580f1c043552081f710ac885f431d2f8b2ad85aa8786e081a72
120,23,1.913830023,0xa7845abe4c44eef2906139c669ecb3c9c306fe17,2017-10-02T21:36:17.000Z,0.083210001,0x99fde2ff93fb009f192011a6e8feaf3d830f1f6c,sell,0xe2e6d4be086c6938b53b22144855eef674281639,0xfaf81567f22f22a4ffbe73a8766f344d484d6e9edff0d4e72f41b754d6160992
121,5.046343467870472,0.4213696795671844,0x12ae8b5735112efb25f5b17ade6e35f30be434be,2017-10-02T18:52:51.000Z,0.0835,0xd5789ffea74a5c3e2647b75bd58de82a2c78921b,sell,0xe2e6d4be086c6938b53b22144855eef674281639,0xe916679a326e609070ecd74a0395c0cf3a332cceb4d5127e5d631db666ef806f
122,7.232690582496145,0.6027001062394038,0x03278cdc674fb3bfd89f368a86bc2ce295150f12,2017-10-02T14:02:08.000Z,0.08333,0x0cfe62f8c87667f20c13f348b7e77e207aa461c5,sell,0xe2e6d4be086c6938b53b22144855eef674281639,0xd9b777a3d5f2977b70a84f319b190aa800399695b1d73c2da4c9101f8569b9ff
123,0.8354329941929343,0.06951638028222705,0xa7845abe4c44eef2906139c669ecb3c9c306fe17,2017-10-02T12:22:25.000Z,0.083210001,0x35e8f072d7ffe7ba2367576f8a1ca2d4d921c9b5,sell,0xe2e6d4be086c6938b53b22144855eef674281639,0x76cd3e4ce23d14ac15369aceca39ab6668a0eb8ec70e99aaa50dbc567d66ad95
124,5.061987132620871,0.658057821042,0xd5789ffea74a5c3e2647b75bd58de82a2c78921b,2017-10-02T11:03:03.000Z,0.1299999,0x35e8f072d7ffe7ba2367576f8a1ca2d4d921c9b5,buy,0xe2e6d4be086c6938b53b22144855eef674281639,0xed78e83d63011d093b35c9b0e3cf09b913f15ed2aa588818703594495b6a87c2
125,4.974578805702323,0.41393470242249025,0xd3940486206d4fc277d3da0b911766a603336dd8,2017-10-02T07:30:52.000Z,0.08321,0x2b65eee5e537b7e4bea25723dfdde2356b313f69,sell,0xe2e6d4be086c6938b53b22144855eef674281639,0x240c0f589187f78bada059ef0c75bb72d0bb04bed905b486f86e08d2fdf9714a
126,0.09969095803010666,0.008295284717376132,0xa7845abe4c44eef2906139c669ecb3c9c306fe17,2017-10-02T07:23:25.000Z,0.08321000099999999,0x35e8f072d7ffe7ba2367576f8a1ca2d4d921c9b5,sell,0xe2e6d4be086c6938b53b22144855eef674281639,0x6b234ca8937072b361ab9ab9e8c46d750db885f683afbd561de9e12bf95c9203
127,7.255111923301883,0.9969887018147177,0x0cfe62f8c87667f20c13f348b7e77e207aa461c5,2017-10-02T02:56:37.000Z,0.13741879,0x1262cd16c44980f0d3442ddc8541cea948d86830,buy,0xe2e6d4be086c6938b53b22144855eef674281639,0xbee17c1a989fc3b84e476408ae3b0303deb4537af307b26d446bae5518a54a21
128,6.13238362212005,0.9969095803010667,0xca54c3123c855bceceb0db69b034e45530020f26,2017-10-01T05:50:09.000Z,0.1625647777,0x33a8316094b5c0ea2c4cbae659c1c1b11ff8c06f,buy,0xe2e6d4be086c6938b53b22144855eef674281639,0x6da051ed88a9c763598f750da003a98c7473c2c87459445279133553eba4e74a
129,1,0.13741879,0xbd74841bd1128aba6dbab47a2c1de4b017f5bc92,2017-10-01T05:50:09.000Z,0.13741879,0x1262cd16c44980f0d3442ddc8541cea948d86830,buy,0xe2e6d4be086c6938b53b22144855eef674281639,0xf90a6accfc142602761267764bc256c9a21c5868fc600f3c94add88f7b3db49a
130,11.26208752866115,0.9358794736317416,0x1fdf047bf7a114b37e7936d01e9cad754ad18803,2017-10-01T01:26:33.000Z,0.0831,0x356b3361de020a72e3be5ebd876c105a9caf0136,sell,0xe2e6d4be086c6938b53b22144855eef674281639,0x557ea9a71eed467d39b4bf9eab5550d704d8a9c12d21e9da5564b44253acbbdf
131,1,0.085,0x3a0f00e4174ac54e0343067320709cb95ee020d7,2017-10-01T00:49:48.000Z,0.085,0x356b3361de020a72e3be5ebd876c105a9caf0136,sell,0xe2e6d4be086c6938b53b22144855eef674281639,0x4b37c0c88d25ac9149ca9dd75ae82400ac6b2b121449dc4cedca75af6ae50fc4
132,3.060512411524275,0.2546652377629349,0xd3940486206d4fc277d3da0b911766a603336dd8,2017-09-30T22:41:54.000Z,0.08321,0x223209413d2d8c153c79974636c4cbf24cbf7859,sell,0xe2e6d4be086c6938b53b22144855eef674281639,0x6a7b97d880c313f6adb0186b4f7c74341295fc83d7e7a47614467139a94bee2a
133,0.000041695898718355,0.000005729799949839,0xffb746be094b3d72525535df7c51252614d3b30c,2017-09-30T04:36:57.000Z,0.1374187900000025,0x1262cd16c44980f0d3442ddc8541cea948d86830,buy,0xe2e6d4be086c6938b53b22144855eef674281639,0xf53b2e6d2620744df307a60c8ff14fd424b64068c31dbcf1e68aab7c623f2384
134,0.79,0.1157271,0x2b65eee5e537b7e4bea25723dfdde2356b313f69,2017-09-29T22:23:36.000Z,0.14649,0x63634c2c61ca8c4af9b3383bb30b09ebff29a58f,buy,0xe2e6d4be086c6938b53b22144855eef674281639,0x8f810f8d94e6e615fec02df197a5c2631d7100d98de63f80a859b950c6b7ae18
135,0.16747033002544828,0.023082268117077514,0x6339fe7cd7133bcb4ba6328b1ca348e7ea9ec13e,2017-09-29T21:50:02.000Z,0.137829,0x1262cd16c44980f0d3442ddc8541cea948d86830,buy,0xe2e6d4be086c6938b53b22144855eef674281639,0x3f99eb2f7a6be6b0cef36794b09362c099129c96b183330c80836c4d8819250f
136,4.21,0.6167229,0x2b65eee5e537b7e4bea25723dfdde2356b313f69,2017-09-29T21:07:21.000Z,0.14649,0x48eaedfa6ab55f414a433f0778f55ed9b827e822,buy,0xe2e6d4be086c6938b53b22144855eef674281639,0x32ee3f4a69242d0c6460aa467916f374802e1554129dac44a03090e3a2e57bc3
137,3.07,0.449755,0x223209413d2d8c153c79974636c4cbf24cbf7859,2017-09-29T19:48:14.000Z,0.1465,0xd0f770146d6abf08f51600d5bc0b358030f43609,buy,0xe2e6d4be086c6938b53b22144855eef674281639,0x87bf5716e1475186f85f864465896f5b526dec2ae842f7e86975e25dd09e521d
138,0.79,0.1157271,0x63634c2c61ca8c4af9b3383bb30b09ebff29a58f,2017-09-29T11:00:59.000Z,0.14649,0x48eaedfa6ab55f414a433f0778f55ed9b827e822,buy,0xe2e6d4be086c6938b53b22144855eef674281639,0x19fa7da4c300fd8e5f5af5ff5d7a45beab5f57b19213b3973cd59ed018e6afee
139,0.449,0.0729915851873,0x3249b1fbc40e5919cd25a325ce5b974f84c1b0fa,2017-09-29T00:31:09.000Z,0.1625647777,0x33a8316094b5c0ea2c4cbae659c1c1b11ff8c06f,buy,0xe2e6d4be086c6938b53b22144855eef674281639,0xb2061c2298200bfd010ef4f11824da17d78779473cf5ef2db778ea06a37840d7
140,3.3923902293064363,0.5514831634988528,0x1262cd16c44980f0d3442ddc8541cea948d86830,2017-09-28T17:38:33.000Z,0.1625647777,0x33a8316094b5c0ea2c4cbae659c1c1b11ff8c06f,buy,0xe2e6d4be086c6938b53b22144855eef674281639,0x038ae9831960aaf67efd79419d4d28e1869aecc83ed578ece0a50cd943b6a351
141,0.1,0.01465,0xa0be78d2bac6a692adba423c7af50ec86a18bddf,2017-09-28T12:30:31.000Z,0.1465,0xd0f770146d6abf08f51600d5bc0b358030f43609,buy,0xe2e6d4be086c6938b53b22144855eef674281639,0x50878dfb85c2b607829060b04f7232d39664d7a2ce9dd394c6c69bc5bce3ef56
142,5,0.405,0x48eaedfa6ab55f414a433f0778f55ed9b827e822,2017-09-28T04:59:20.000Z,0.081,0x1ed014aec47fae44c9e55bac7662c0b78ae61798,sell,0xe2e6d4be086c6938b53b22144855eef674281639,0x722c2928b8b7c9cb78d618595a24e20b34aadaccdb78889e43abfc11e6338a24
143,5.946900001,0.957450900161,0x1262cd16c44980f0d3442ddc8541cea948d86830,2017-09-28T01:57:04.000Z,0.161,0x8141c48249b9879dd565bda9a3e7e02b69ceb34d,buy,0xe2e6d4be086c6938b53b22144855eef674281639,0x868c38e948fef2b3c50300f4b36a9cd6b31cfd673cae8bc41bce6eb18f09034a
144,0.037,0.005957,0x47286e5bd438fdce00c471c19e224883cc2ab326,2017-09-28T00:51:54.000Z,0.161,0x8141c48249b9879dd565bda9a3e7e02b69ceb34d,buy,0xe2e6d4be086c6938b53b22144855eef674281639,0xc6be766a48b916393ed0e9188c2de7e18eb3251c1cc564fe74d329103b98c018
145,0.081000001,0.9963000123,0xc64608a89c5dd8ce828fb05ab2f09a353d1b0b86,2017-09-27T18:54:36.000Z,12.3,0xe6752641b59bffab5cce0e14dc517f9422acce12,sell,0xe2e6d4be086c6938b53b22144855eef674281639,0xc36f297626ae90b66a1e334f0a86c760dbd5973480eeca818def140d5df41d29
146,0.08124373219658977,0.011942828632898696,0xe6752641b59bffab5cce0e14dc517f9422acce12,2017-09-27T18:54:36.000Z,0.147,0xcc24d8fd93eadc300d08b0dfe6536897a81d06ea,buy,0xe2e6d4be086c6938b53b22144855eef674281639,0xc36f297626ae90b66a1e334f0a86c760dbd5973480eeca818def140d5df41d29
147,3.170870302063603,0.25366962733595855,0xd0f770146d6abf08f51600d5bc0b358030f43609,2017-09-27T08:39:10.000Z,0.080000001,0x425e3f20f26fbf22a1b893446fa2c9c999548353,sell,0xe2e6d4be086c6938b53b22144855eef674281639,0xbc95a28dcb7282dde018dd67e3669a3142052eecf8e421ad57e294f6e0a02850
148,0.016099999,0.002592099839,0xe92072db1f4de50c6cd438785dab81b8044ec8cd,2017-09-27T03:57:00.000Z,0.161,0x8141c48249b9879dd565bda9a3e7e02b69ceb34d,buy,0xe2e6d4be086c6938b53b22144855eef674281639,0x049b77ffee65efabc4ca1ac756ede2f20453e336bb6a1bbffb7149d476148354
149,0.505,0.0547925,0x8746f30b3bc330660dc7ebe8b2812ff27768a1ea,2017-09-27T03:45:16.000Z,0.1085,0x1fdf047bf7a114b37e7936d01e9cad754ad18803,buy,0xe2e6d4be086c6938b53b22144855eef674281639,0xd8f3fbed59a4344925535933e6cbc6ce392070aa8c2c25bf0f16a19959ada5cf
150,1.1,0.1199,0x12ae8b5735112efb25f5b17ade6e35f30be434be,2017-09-25T15:12:10.000Z,0.109,0x33a8316094b5c0ea2c4cbae659c1c1b11ff8c06f,buy,0xe2e6d4be086c6938b53b22144855eef674281639,0x954d698c0fab7f0cde3a429c30e2d38736149fe6a9518a13a8e154e60c405bdd
151,0.2885057471264368,0.0251,0x1fdf047bf7a114b37e7936d01e9cad754ad18803,2017-09-25T14:13:44.000Z,0.087,0x51ca9a4707043be59e56c1db14d58dcbd955569e,buy,0xe2e6d4be086c6938b53b22144855eef674281639,0xf63093fcd2c125d3166de26bdb451046b563d339d378705e5678dad3b72684cd
152,0.005747126436781609,0.0005,0x452b06f1c61cff4c9bebaa405319a7c3b12553a2,2017-09-25T10:57:25.000Z,0.08700000000000001,0x51ca9a4707043be59e56c1db14d58dcbd955569e,buy,0xe2e6d4be086c6938b53b22144855eef674281639,0x88d7bad76b42d1a07bf80920bfbcaf5676c2a40bc2282c19caa456a6c16b8262
153,0.005747126436781609,0.0005,0x03dd03643b71b06642179afb38211c0f45699bc5,2017-09-25T10:37:02.000Z,0.08700000000000001,0x51ca9a4707043be59e56c1db14d58dcbd955569e,buy,0xe2e6d4be086c6938b53b22144855eef674281639,0x803f76380fcb91dca9d603983f5afcd7203820baedd5e5fcd6519d50844cdbcb
154,2.015311390436647,0.21966894155759453,0x83ad34a3939f8aa2d5110b8d2781e5394e71d044,2017-09-25T08:35:01.000Z,0.109,0x33a8316094b5c0ea2c4cbae659c1c1b11ff8c06f,buy,0xe2e6d4be086c6938b53b22144855eef674281639,0x0278b6f4a9a5840d635ff34bba25248a4b73c61972f26715056d3f06aabc8758
155,5.1,0.663,0x0f7830971b2def5206466662d395285955ee9bf0,2017-09-24T21:30:38.000Z,0.13,0x423b9c427594872f155fa3986c508800269fe3b5,buy,0xe2e6d4be086c6938b53b22144855eef674281639,0x810cdd7d0e9ae97ba30328d3a3bc759c6b48170c5efca426b275edac47d54868
156,3,0.387,0x0f7830971b2def5206466662d395285955ee9bf0,2017-09-24T21:30:25.000Z,0.129,0x1fdf047bf7a114b37e7936d01e9cad754ad18803,buy,0xe2e6d4be086c6938b53b22144855eef674281639,0xc3dd5f0842c6ce67e9c749658d83c613d2686a9b19874b840c9958039e3508f3
157,1.0966005383311734,0.10966005383311733,0x83ad34a3939f8aa2d5110b8d2781e5394e71d044,2017-09-24T14:47:03.000Z,0.1,0x12ae8b5735112efb25f5b17ade6e35f30be434be,sell,0xe2e6d4be086c6938b53b22144855eef674281639,0x3bdefd9b1b5871d6e259b89ba6cdd066bae026679ff3e317229af139624f3d6a
158,3.216805965180634,0.27986211897071517,0x1fdf047bf7a114b37e7936d01e9cad754ad18803,2017-09-24T01:32:28.000Z,0.087,0x03a1eeb08c6df9348956414192c16f00d206291f,sell,0xe2e6d4be086c6938b53b22144855eef674281639,0xca692d4e519bc99f87db36554d27bcec781395d3303135052f6e5298e6851856
159,5,0.45,0x8746f30b3bc330660dc7ebe8b2812ff27768a1ea,2017-09-24T01:24:06.000Z,0.09,0x03a1eeb08c6df9348956414192c16f00d206291f,sell,0xe2e6d4be086c6938b53b22144855eef674281639,0xfd1a37575ce8351442e2b3a5f100a5f7c97609ed10f7aea6ce0b28fe77c783e0
160,11,0.990000011,0xa7845abe4c44eef2906139c669ecb3c9c306fe17,2017-09-24T01:22:35.000Z,0.090000001,0x03a1eeb08c6df9348956414192c16f00d206291f,sell,0xe2e6d4be086c6938b53b22144855eef674281639,0xd19ff4220b726d71b8126602d97ce113b081a05fd248378cc572bf20243ef032
161,0.9969095803010667,0.24424284717376135,0xdba651230e641696c2e1d609aaab4e86aa92123d,2017-09-22T22:24:00.000Z,0.245,0x0734ca18e5448787ffdb931922a3285c7f9f9018,buy,0xe2e6d4be086c6938b53b22144855eef674281639,0xca39cfebe681fd793949ee28d3890a9db6c67f101c6c1c777b990fe6f1f54b76
162,8,1.04,0x8746f30b3bc330660dc7ebe8b2812ff27768a1ea,2017-09-22T08:00:13.000Z,0.13,0x99fde2ff93fb009f192011a6e8feaf3d830f1f6c,sell,0xe2e6d4be086c6938b53b22144855eef674281639,0xea1bd405a72294be8e0e4d08164468770b982654e5598c88769251beff4bac8a
163,0.00000004279305767,0.000000010505695658,0xbea1d510915cf1cc864908ec724fddfe7b153a34,2017-09-21T22:53:00.000Z,0.24550000000035052,0x7de5ffa742adc512dc75aaaddfb55336edf7afd4,buy,0xe2e6d4be086c6938b53b22144855eef674281639,0x806da84ff863267048324e308ca77ebf8e71f61afc5149d5b178df3b2e0c9a40
164,0.000000000000000118,0.000000000000000029,0xff0bf15c2d48febdb8315e04cc097f42e4a8fbe4,2017-09-20T21:01:09.000Z,0.2457627118644068,0x33a8316094b5c0ea2c4cbae659c1c1b11ff8c06f,buy,0xe2e6d4be086c6938b53b22144855eef674281639,0x246f16b1dfac4c868f6eced94a3875408c2cc0a0895bfa464cebf601b4954a8c
165,0.16,1.5999999999999999,0xff0bf15c2d48febdb8315e04cc097f42e4a8fbe4,2017-09-20T20:57:04.000Z,10,0xe755445d9ae759292262342586b90a48a44411a6,sell,0xe2e6d4be086c6938b53b22144855eef674281639,0x99bad75c7c8f59f359e8269ae98fdb017af5c85166cc3da7a2f6abd5059c4fe4
166,0.160481444332999,0.039414242728184556,0xe755445d9ae759292262342586b90a48a44411a6,2017-09-20T20:57:04.000Z,0.2456,0x33a8316094b5c0ea2c4cbae659c1c1b11ff8c06f,buy,0xe2e6d4be086c6938b53b22144855eef674281639,0x99bad75c7c8f59f359e8269ae98fdb017af5c85166cc3da7a2f6abd5059c4fe4
167,1,0.19,0x99fde2ff93fb009f192011a6e8feaf3d830f1f6c,2017-09-20T05:39:50.000Z,0.19,0x99fde2ff93fb009f192011a6e8feaf3d830f1f6c,buy,0xe2e6d4be086c6938b53b22144855eef674281639,0x4f459b8abeab052650380eeb2faebff48db6dfea671068b1dfb9dd3eedb7fb0e
168,6,0.84,0x46a96d603ec2ac6d75fa8824be3197fa8ebce37b,2017-09-19T20:26:43.000Z,0.14,0x1fdf047bf7a114b37e7936d01e9cad754ad18803,buy,0xe2e6d4be086c6938b53b22144855eef674281639,0xfee7bd83f0383c9d194d8892579efec9bd226f2f656f8ff7c7fcb04f33c97595
169,1.108,0.14404,0x46a96d603ec2ac6d75fa8824be3197fa8ebce37b,2017-09-19T20:26:04.000Z,0.13,0xcc24d8fd93eadc300d08b0dfe6536897a81d06ea,buy,0xe2e6d4be086c6938b53b22144855eef674281639,0xc3ce9924dd80123d3add387b28a8046001d1f9fa9b8e52e8b44d981d231ad175
170,1.1,0.143,0x12ae8b5735112efb25f5b17ade6e35f30be434be,2017-09-19T12:33:25.000Z,0.13,0xcc24d8fd93eadc300d08b0dfe6536897a81d06ea,buy,0xe2e6d4be086c6938b53b22144855eef674281639,0xcb3a6ea4125786f44bb462aa29685e72f7f72ef2c9789e9bf03a92262bdfcb4f
171,7.309341042767421,0.7309341042767421,0x46a96d603ec2ac6d75fa8824be3197fa8ebce37b,2017-09-19T11:25:36.000Z,0.1,0xe9fb5f7a9eb8ad5b152f94f962be465b089b9d60,sell,0xe2e6d4be086c6938b53b22144855eef674281639,0xf6aa07a348b8ebb4e15a674c0aea79a88f0f913e311081c74c7b325b85feaa79
172,10,1,0x03278cdc674fb3bfd89f368a86bc2ce295150f12,2017-09-19T11:22:54.000Z,0.1,0xe9fb5f7a9eb8ad5b152f94f962be465b089b9d60,sell,0xe2e6d4be086c6938b53b22144855eef674281639,0xaccef4901efde9de3dd6fdf343a390da11a963db25d97582ceedfdc3942a2b59
173,10,1,0x7cf39a66854ca07d0f8109339643209d1e6b8439,2017-09-19T11:22:54.000Z,0.1,0xe9fb5f7a9eb8ad5b152f94f962be465b089b9d60,sell,0xe2e6d4be086c6938b53b22144855eef674281639,0x5d06453bfd089f7ae23ecd6113d6fde8af92988a26e1c9d6cf43897192eee57b
174,50,4,0x33a8316094b5c0ea2c4cbae659c1c1b11ff8c06f,2017-09-19T11:22:54.000Z,0.08,0xe9fb5f7a9eb8ad5b152f94f962be465b089b9d60,sell,0xe2e6d4be086c6938b53b22144855eef674281639,0x74df25562596c79d304ef6406f21f48bf2c8c2195c9ef9796fa7af589fc8eb2e
175,2.9029090987798645,0.29029090987798645,0x46a96d603ec2ac6d75fa8824be3197fa8ebce37b,2017-09-19T00:13:05.000Z,0.1,0x2d42b7be072d69379af9cc671b085a2cf9549a08,sell,0xe2e6d4be086c6938b53b22144855eef674281639,0xa1418ab0d104b081164fef8d182b5522b7ef04d863e8a408e97ef03e5cdbb5ef
176,6,0.60006,0x1fdf047bf7a114b37e7936d01e9cad754ad18803,2017-09-18T23:11:55.000Z,0.10001,0x2d42b7be072d69379af9cc671b085a2cf9549a08,sell,0xe2e6d4be086c6938b53b22144855eef674281639,0x4db8f086324bb3bb20deb109f7ed77dea4435c21f8487fccbae1008b81b56277
177,20.183,3.02745,0x46a96d603ec2ac6d75fa8824be3197fa8ebce37b,2017-09-18T14:46:39.000Z,0.15,0x99fde2ff93fb009f192011a6e8feaf3d830f1f6c,buy,0xe2e6d4be086c6938b53b22144855eef674281639,0x85a2c93f69a785a4f831bce2c54d049bbcaf4fb24b9f7e20b7dd79040929cf4b
178,19.274778063672695,2.8912167095509043,0x03a1eeb08c6df9348956414192c16f00d206291f,2017-09-18T06:06:18.000Z,0.15,0x99fde2ff93fb009f192011a6e8feaf3d830f1f6c,buy,0xe2e6d4be086c6938b53b22144855eef674281639,0x559eb103b2ea6832d37f993c11cfaf6ef5ce382bc5c9d4f36cb34bff6a78503d
179,0.000000006266719406,0.000000004700039555,0xac34332c46b178b2d9bd8821c62a890565ccdc4b,2017-09-18T03:56:30.000Z,0.7500000000797865,0xf1e141bbe88c17085b2046a356352bf32a6390d9,buy,0xe2e6d4be086c6938b53b22144855eef674281639,0x9f5ed3137ce643bf001f8838d968493c13b04d96f854e0a46954d2e5eca4f916
180,0.000062861462356565,0.000047146096767424,0xac34332c46b178b2d9bd8821c62a890565ccdc4b,2017-09-18T03:54:34.000Z,0.750000000000004,0xf1e141bbe88c17085b2046a356352bf32a6390d9,buy,0xe2e6d4be086c6938b53b22144855eef674281639,0x4f4fc2b984ec68f7d48e5eb04d10b44f0f8f69def0f91df8b0f95a6b443c8e18
181,0.000140510177517548,0.000105382633138161,0xbea1d510915cf1cc864908ec724fddfe7b153a34,2017-09-18T00:01:10.000Z,0.75,0xf1e141bbe88c17085b2046a356352bf32a6390d9,buy,0xe2e6d4be086c6938b53b22144855eef674281639,0x7109c4b49a55daa39ba68d637effab98a920c66a51a36018935e509905c1ae69
182,4.228372772035554,1.0570931930088885,0xbea1d510915cf1cc864908ec724fddfe7b153a34,2017-09-17T23:58:41.000Z,0.25,0x03278cdc674fb3bfd89f368a86bc2ce295150f12,buy,0xe2e6d4be086c6938b53b22144855eef674281639,0xb4cdaab22fff60e7683e7e778124a2623173bad6259231b515c87ec18a8bcd43
183,5.546641064840232,1.3533804198210166,0xbea1d510915cf1cc864908ec724fddfe7b153a34,2017-09-17T23:57:48.000Z,0.244,0x8b6f76fa68c3b0a52a0d791f135b6805a64342ea,buy,0xe2e6d4be086c6938b53b22144855eef674281639,0x5a441dfe9028c52986b71eb5510a31ab5ff4d9da8f9ad352b23c5a286237e8c7
184,13.169692979506369,2.436393201208678,0xbea1d510915cf1cc864908ec724fddfe7b153a34,2017-09-17T23:57:03.000Z,0.185,0x1fdf047bf7a114b37e7936d01e9cad754ad18803,buy,0xe2e6d4be086c6938b53b22144855eef674281639,0x83695dde6126d1cd72b1741263d2472e6c0ac549cf9dbe662c38f82bcbbe363b
185,5,0.9075,0xbea1d510915cf1cc864908ec724fddfe7b153a34,2017-09-17T23:54:56.000Z,0.1815,0x1fdf047bf7a114b37e7936d01e9cad754ad18803,buy,0xe2e6d4be086c6938b53b22144855eef674281639,0x24891905954ec7b26fb944623da9735d36ebc8ea6f10da46b0a027c0fcf5a703
186,1.21,0.2164448,0xbea1d510915cf1cc864908ec724fddfe7b153a34,2017-09-17T23:53:26.000Z,0.17888,0xb236b907580361fd4f87b759de68ca5c206644af,buy,0xe2e6d4be086c6938b53b22144855eef674281639,0xc5ff903e64b1ae5a32dc0a284eaca41bcbc7bf1826d7c2fdbdcd2c0c6c3a2214
187,5,0.875,0xbea1d510915cf1cc864908ec724fddfe7b153a34,2017-09-17T23:53:26.000Z,0.175,0x4993bff03eb0544659917ee06dc9a9ec3e1fea1c,buy,0xe2e6d4be086c6938b53b22144855eef674281639,0x2393c079dc598b6b92eaaec75b5376cc6c8ad2439e477107031e0b1d595b1fee
188,3,0.45,0xbea1d510915cf1cc864908ec724fddfe7b153a34,2017-09-17T23:52:44.000Z,0.15,0x1fdf047bf7a114b37e7936d01e9cad754ad18803,buy,0xe2e6d4be086c6938b53b22144855eef674281639,0x04e5be5204cf8281de71843916e92ba59c0ec16a144e754bbf88bf925770c578
189,0.129,0.019221,0xbea1d510915cf1cc864908ec724fddfe7b153a34,2017-09-17T23:51:42.000Z,0.149,0x88650fdbfbb5c7933eb52008c4387050b963747d,buy,0xe2e6d4be086c6938b53b22144855eef674281639,0xc068add3d99c36b4c3e10f7c5829140072b0f12e18954683a83270e87b28cd4c
190,0.578,0.0856596,0xbea1d510915cf1cc864908ec724fddfe7b153a34,2017-09-17T23:51:07.000Z,0.1482,0x88650fdbfbb5c7933eb52008c4387050b963747d,buy,0xe2e6d4be086c6938b53b22144855eef674281639,0xf4a7d1bd568f93bdc81f64556d7b8e9b6d555182443ac816118c1bf21f5dc167
191,1.282,0.1899924,0x3328c1e7e9784d2a5020bdfb9fc197a5261436e5,2017-09-17T09:15:40.000Z,0.1482,0x88650fdbfbb5c7933eb52008c4387050b963747d,buy,0xe2e6d4be086c6938b53b22144855eef674281639,0xe9775b66e9909023e028f38e01b7eccf129b44c40c0f274e6fa0470d86b23545
192,1.86,0.1488,0x88650fdbfbb5c7933eb52008c4387050b963747d,2017-09-15T10:07:19.000Z,0.08,0x8b6f76fa68c3b0a52a0d791f135b6805a64342ea,sell,0xe2e6d4be086c6938b53b22144855eef674281639,0x77a5eced0ccc47bf59604bc43daee6740f5efaabf654ea91ada4b8a76c8dfcb0
193,54.09777179703564,3.7868440257924947,0xe89a2a7a15cbaae3c58a03d79485373e216226d6,2017-09-15T09:56:31.000Z,0.07,0xeb9eb1f7efea8d9f4f90482a0ac8af2c902ac356,sell,0xe2e6d4be086c6938b53b22144855eef674281639,0x8b579308df551bf0bd8adb5956280478d14d7e2551f28040ce0d08c61af3549d
194,100,7,0xe89a2a7a15cbaae3c58a03d79485373e216226d6,2017-09-15T09:55:35.000Z,0.07,0xeb9eb1f7efea8d9f4f90482a0ac8af2c902ac356,sell,0xe2e6d4be086c6938b53b22144855eef674281639,0xeadcf1ecfee04de96d8680ab7b60325a901d0d76a67795bd0d48fd5635f956a0
195,0.034,0.002958,0x46a96d603ec2ac6d75fa8824be3197fa8ebce37b,2017-09-12T02:40:27.000Z,0.087,0x2d42b7be072d69379af9cc671b085a2cf9549a08,sell,0xe2e6d4be086c6938b53b22144855eef674281639,0x777a0535ff0eb33a608799de2253ef5899867ab2def4f1cf811e3e839cb7dc2d
196,0.01,0.00149,0x0024a5046fd95c5eee6db19a69ef7ed3bacd50f1,2017-09-12T01:34:40.000Z,0.149,0x88650fdbfbb5c7933eb52008c4387050b963747d,buy,0xe2e6d4be086c6938b53b22144855eef674281639,0x8e9951cb291414ab43df8b44f9626ef51108d4f34043772e81ff2739ba400714
197,0.04,0.0028,0xe89a2a7a15cbaae3c58a03d79485373e216226d6,2017-09-12T00:54:37.000Z,0.07,0x2d42b7be072d69379af9cc671b085a2cf9549a08,sell,0xe2e6d4be086c6938b53b22144855eef674281639,0xcd6eb7476264df1ab792aaf0040afac2d6c5fc38b7e819fdfdcecb0fd7045fca
198,0.1395812562313,0.011166500498504,0x88650fdbfbb5c7933eb52008c4387050b963747d,2017-09-10T06:04:56.000Z,0.08,0x6d3d0dfa885186833d6cf04f7890aab7d3b43cd1,sell,0xe2e6d4be086c6938b53b22144855eef674281639,0x7ee4b8584dc2f2aec8cb49c9a0dc1a1a282f6a55c2fe02b7a3994b1207e9a055
199,1.0039092717913247,0.10039092717913246,0x2d42b7be072d69379af9cc671b085a2cf9549a08,2017-09-09T10:01:07.000Z,0.1,0x1fdf047bf7a114b37e7936d01e9cad754ad18803,sell,0xe2e6d4be086c6938b53b22144855eef674281639,0xf18d4624a50f062c8bfc7a7bdc8aca8fbd3cf21cf9b561019ab11d70d4cd524b
200,2.9648090918153724,0.21050144551889144,0x1fdf047bf7a114b37e7936d01e9cad754ad18803,2017-09-09T08:52:41.000Z,0.071,0xe95d69be9424131cc656402996b51c4d153d7726,sell,0xe2e6d4be086c6938b53b22144855eef674281639,0x0f659c05ee94286502f09fa4c2df2906b7bb0ca70c88fec801ffed6ae87fece1
201,8,0.8,0x2d42b7be072d69379af9cc671b085a2cf9549a08,2017-09-09T08:28:01.000Z,0.1,0xe95d69be9424131cc656402996b51c4d153d7726,sell,0xe2e6d4be086c6938b53b22144855eef674281639,0xa547af4a89e994141ba7b409e67e22a738ff8ec49867d39a1b9b5fef395027c2
202,0.043584202964361815,0.008716840592872362,0xaa715b150a4040ed0bb30e7c520383374dc399f7,2017-09-06T05:06:59.000Z,0.2,0xe89a2a7a15cbaae3c58a03d79485373e216226d6,buy,0xe2e6d4be086c6938b53b22144855eef674281639,0x118e966d69ba269ffd63b79bffd19f5dd8c1c1c49036e14135c8db86fca61baa
203,1.21,0.105391,0xb236b907580361fd4f87b759de68ca5c206644af,2017-09-05T17:58:15.000Z,0.0871,0x8580a76997b6278c4584fde6e6580314d4cb7e54,buy,0xe2e6d4be086c6938b53b22144855eef674281639,0x1bc6e4ccc2da127cd35ac389bf045f481aaaabb54e24e9d68f4cdc918ea54f68
204,0.514,0.0771,0xaef0a87ccab111f7125bce9f9bf6bcff746c9d85,2017-09-04T21:21:56.000Z,0.15,0x8580a76997b6278c4584fde6e6580314d4cb7e54,buy,0xe2e6d4be086c6938b53b22144855eef674281639,0xf54ced7156f1bc98056872d8f2daf9248b239ad93b7bd10e4682df6f2177ef0a
205,1.55,0.2325,0xcbea0fcd5027a3bfdb4c8bc81c96b170fe5ed4d2,2017-09-04T16:23:09.000Z,0.15,0x8580a76997b6278c4584fde6e6580314d4cb7e54,buy,0xe2e6d4be086c6938b53b22144855eef674281639,0x33f0ca2e1bd37147d79b5f2c9f61f37f084c66a4926bfc4aa34f7ce62d884c79
206,1.9607443816079189,0.2941116572411878,0xaef0a87ccab111f7125bce9f9bf6bcff746c9d85,2017-09-04T07:56:00.000Z,0.15,0x8580a76997b6278c4584fde6e6580314d4cb7e54,buy,0xe2e6d4be086c6938b53b22144855eef674281639,0xaab6e8756f4f8185c36d5aae45ba4b74a5cf584a1fcc1c9fa761336d010801c1
207,5,0.405,0x1fdf047bf7a114b37e7936d01e9cad754ad18803,2017-09-03T18:21:49.000Z,0.081,0x8580a76997b6278c4584fde6e6580314d4cb7e54,sell,0xe2e6d4be086c6938b53b22144855eef674281639,0x0aac3e311089a3b0b5d25839b00ffdf38fb25a5810329eb1f04510c798d19caa
208,13,1.053,0x1fdf047bf7a114b37e7936d01e9cad754ad18803,2017-09-03T17:59:45.000Z,0.081,0x8580a76997b6278c4584fde6e6580314d4cb7e54,sell,0xe2e6d4be086c6938b53b22144855eef674281639,0x5ecd2782372956f627233a334962ad9e3d22b86a79ffe9f4204e85de3d20c68c
209,0.14,0.02492,0x6d3d0dfa885186833d6cf04f7890aab7d3b43cd1,2017-09-02T23:56:00.000Z,0.178,0x1fdf047bf7a114b37e7936d01e9cad754ad18803,buy,0xe2e6d4be086c6938b53b22144855eef674281639,0xf28fdff469ff1d4617aa682febdd2becc52208b0df27e866e1785da6fe5a90a9
210,0.35961646,0.107884938,0x73483e02fd8e83cebb6eff6e1d6eafeb17d88d49,2017-09-02T16:30:37.000Z,0.3,0xec8b617df32d155d5eca69ffae53424817a62746,buy,0xe2e6d4be086c6938b53b22144855eef674281639,0x8ec5a234b1cf39624e8a1df915aef2eec8c923953b90888317b8fe0658cf56a7
211,0.58,0.0768499942,0x73483e02fd8e83cebb6eff6e1d6eafeb17d88d49,2017-09-02T16:27:57.000Z,0.13249999,0x48ae7ea7038973e4dd8316cb37ffd01a8b3b9828,buy,0xe2e6d4be086c6938b53b22144855eef674281639,0x942441b4b3f44a8240199e052d1127b4011da096c4e7110c65b6ab032547c050
212,2.618,0.418877382,0x73483e02fd8e83cebb6eff6e1d6eafeb17d88d49,2017-09-02T16:25:26.000Z,0.159999,0x676bbd5ef2f0f0c3a27f2b31fb4f50f24e45d29f,buy,0xe2e6d4be086c6938b53b22144855eef674281639,0xb185da9bc8aece6ccce40d4c46562e22b21e6c5b285fc29149cb6c8fddd20d77
213,0.3640713787259496,0.029125710662147343,0x7bd02d3903fa837426cd80f163efb5207f2b4195,2017-09-02T11:53:55.000Z,0.080000001,0x1423cba13de9a4711eb7341244a4cc3d4987e370,sell,0xe2e6d4be086c6938b53b22144855eef674281639,0x1ca01952e3e1d56413f308a5a4f279c623815da7fb520dc8b02f9c197d1fd616
214,13.5,2.403,0xeb9eb1f7efea8d9f4f90482a0ac8af2c902ac356,2017-09-02T02:42:45.000Z,0.178,0x1fdf047bf7a114b37e7936d01e9cad754ad18803,buy,0xe2e6d4be086c6938b53b22144855eef674281639,0xed0fe704745dadb3cdae1c61c709873c053b8c74f62a804490745527f7818466
215,2.2084519475759037,0.22084519475759035,0xcc24d8fd93eadc300d08b0dfe6536897a81d06ea,2017-09-01T19:03:08.000Z,0.1,0x2d42b7be072d69379af9cc671b085a2cf9549a08,sell,0xe2e6d4be086c6938b53b22144855eef674281639,0xf0aeebb05c91e7df8e0f052ad0e8dceab8df79da9883b7a97a56a8f039ec6ba4
216,0.6,0.0804,0xaef0a87ccab111f7125bce9f9bf6bcff746c9d85,2017-08-31T12:54:31.000Z,0.134,0x1423cba13de9a4711eb7341244a4cc3d4987e370,sell,0xe2e6d4be086c6938b53b22144855eef674281639,0xa1a7ff04d3f944efaf536e214eb8b93eb840faa4484578824b43633cd96549d4
217,0.005,0.00091,0x98f0deb428b74fb5302d250af5d55e77c8519f2a,2017-08-30T13:57:54.000Z,0.182,0x0fed7ad561a88c027e232227df8c8a9536690f7c,buy,0xe2e6d4be086c6938b53b22144855eef674281639,0x14acc908f806d0cd1793a9869984f7a01ea12a2b84389fb4073cb4201fe435fa
218,0.01,0.0048,0x0fed7ad561a88c027e232227df8c8a9536690f7c,2017-08-29T20:09:16.000Z,0.48,0x4993bff03eb0544659917ee06dc9a9ec3e1fea1c,buy,0xe2e6d4be086c6938b53b22144855eef674281639,0xfd0c5234bf8351072abed4a4b450a106682407a7e18c5677eab16589dbd71479
219,0.272,0.050048,0x48ae7ea7038973e4dd8316cb37ffd01a8b3b9828,2017-08-29T01:21:38.000Z,0.184,0x1423cba13de9a4711eb7341244a4cc3d4987e370,buy,0xe2e6d4be086c6938b53b22144855eef674281639,0xcac19d69d73f5fbc369a4245627d41017a38541fdd166e23b94fa6f1020aa658
220,0.002224411785786768,0.000633957358949229,0x3322e8c18aacc3b1549e01060777537acbeb78ad,2017-08-28T16:10:17.000Z,0.28500000000000003,0x4993bff03eb0544659917ee06dc9a9ec3e1fea1c,buy,0xe2e6d4be086c6938b53b22144855eef674281639,0x6806d46472ccb37dd6992be82d7bfce6bd6af89f0439d6745d95e125ec397034
221,30.587908935159767,6.359226267619715,0x3322e8c18aacc3b1549e01060777537acbeb78ad,2017-08-28T16:04:34.000Z,0.2079,0x8b6f76fa68c3b0a52a0d791f135b6805a64342ea,buy,0xe2e6d4be086c6938b53b22144855eef674281639,0x674ef4ee4239466432bce8141917a59e3838122cc0cb7f14d0c472070ab5bb3e
222,36.952,6.023176,0x3322e8c18aacc3b1549e01060777537acbeb78ad,2017-08-28T16:00:02.000Z,0.163,0x8c2d7828f9ebd238d7daea41146a4d87f59225e2,buy,0xe2e6d4be086c6938b53b22144855eef674281639,0x2897e9c3aa9d63cb76c2b5499fa3d9ea56fa6f994b3c9b687cbca88f595572f9
223,28,4.62,0x3322e8c18aacc3b1549e01060777537acbeb78ad,2017-08-28T16:00:02.000Z,0.165,0xbd55cdb442c1f5daa0c3b3521a8ce66e2174e51b,buy,0xe2e6d4be086c6938b53b22144855eef674281639,0xe184ea781475e16c488d33afa1aea276228135572490f3cfaf9a4a662a92c766
224,27.972899999,3.91620599986,0x3322e8c18aacc3b1549e01060777537acbeb78ad,2017-08-28T15:59:10.000Z,0.14,0xe89a2a7a15cbaae3c58a03d79485373e216226d6,buy,0xe2e6d4be086c6938b53b22144855eef674281639,0x34cb6dcfcaa19df41231adb64db89fd3863b29a4c3f9f8624afec6f5e01c010c
225,0.02432495995913307,0.003989293433297823,0xaa715b150a4040ed0bb30e7c520383374dc399f7,2017-08-28T03:32:45.000Z,0.164,0x1aa7e20656f755f935223342abfab5a5c2d6fc72,buy,0xe2e6d4be086c6938b53b22144855eef674281639,0x62f5110eeb5d4aa98293a9e5453b867f067283a0d87435c7a43f57eaf5e70da9
226,0.10123432567354615,0.01660242941046157,0xaa715b150a4040ed0bb30e7c520383374dc399f7,2017-08-28T01:54:52.000Z,0.164,0x1aa7e20656f755f935223342abfab5a5c2d6fc72,buy,0xe2e6d4be086c6938b53b22144855eef674281639,0x1315388b22ce3b1f29e21f5257ff74510092b9534df97bf6ff5de60ca7cb0ec5
227,11.195,1.5673,0xa7845abe4c44eef2906139c669ecb3c9c306fe17,2017-08-28T01:01:59.000Z,0.14,0x1aa7e20656f755f935223342abfab5a5c2d6fc72,sell,0xe2e6d4be086c6938b53b22144855eef674281639,0x1926b9418a76369d31d6c36eddefa65e2e43c54f45d2117934c0a0fc925932ef
228,0.143,0.02002,0xaef0a87ccab111f7125bce9f9bf6bcff746c9d85,2017-08-27T23:07:49.000Z,0.14,0xe89a2a7a15cbaae3c58a03d79485373e216226d6,buy,0xe2e6d4be086c6938b53b22144855eef674281639,0xf8705a436ee2df55124a7bcba1b6b2529a6f0854987ed1f2a6e9818a8a93125c
229,0.003,0.00042,0xf732b16f5aee6cd2db5b30a7a3860764a48b19ff,2017-08-27T22:32:49.000Z,0.14,0xe89a2a7a15cbaae3c58a03d79485373e216226d6,buy,0xe2e6d4be086c6938b53b22144855eef674281639,0x8e626a167dcfd83eeaf9d82146d16651285a2ddd6e30755e3cab3036d613bdb9
230,0.08110000100000002,0.011354000140000002,0xf22b9431279708fd7d18e979291e356189de7f94,2017-08-27T22:27:10.000Z,0.14,0xe89a2a7a15cbaae3c58a03d79485373e216226d6,buy,0xe2e6d4be086c6938b53b22144855eef674281639,0x1e659ea8a65194ca4bfcb584189133b815d42732f63b5a2c4feaead53e99b51a
231,0.706,0.1199494,0x8141c48249b9879dd565bda9a3e7e02b69ceb34d,2017-08-25T23:50:15.000Z,0.1699,0x8b6f76fa68c3b0a52a0d791f135b6805a64342ea,buy,0xe2e6d4be086c6938b53b22144855eef674281639,0x3b2d5224c37a0551b0cd44fbf14453885646a9a0f7ce528e43d1702f88fd968f
232,1.29,0.2193,0xd0f4a7df579172ffc7fb0de2ef5f4b473cb79b8e,2017-08-25T16:39:43.000Z,0.17,0x8b6f76fa68c3b0a52a0d791f135b6805a64342ea,sell,0xe2e6d4be086c6938b53b22144855eef674281639,0xb99dfb9b99529549b5d65d909711a782355f68520a84de4c244b8be028521317
233,0.3,0.0584997,0xff64f34e8511693e3dffa0e1fe037a6a65f3937b,2017-08-25T12:17:11.000Z,0.194999,0x676bbd5ef2f0f0c3a27f2b31fb4f50f24e45d29f,buy,0xe2e6d4be086c6938b53b22144855eef674281639,0x5dc426fa7bbbd03a1563c18e40d8054bb769663f0ff20f35d51fbe73788936f3
234,0.2,0.0389998,0xbb325a2ee38566c7a03010b2c4929fd99861bf36,2017-08-25T12:04:28.000Z,0.194999,0x676bbd5ef2f0f0c3a27f2b31fb4f50f24e45d29f,buy,0xe2e6d4be086c6938b53b22144855eef674281639,0x23118e2501a4571c7c4952f854c535e31b0492e955665051fe9f22e74474768e
235,1.91,0.2292,0x83ad34a3939f8aa2d5110b8d2781e5394e71d044,2017-08-25T11:59:33.000Z,0.12,0xbd55cdb442c1f5daa0c3b3521a8ce66e2174e51b,buy,0xe2e6d4be086c6938b53b22144855eef674281639,0xeaaa7e3ca409970f1dd82ab2fe48eeb7f632afca912f06e2ba51cbaea137aa1a
236,24.369703916731797,1.7058792741712259,0xe89a2a7a15cbaae3c58a03d79485373e216226d6,2017-08-25T05:54:30.000Z,0.07,0x4983876af68e19aae8a99dfaba16b15453244022,sell,0xe2e6d4be086c6938b53b22144855eef674281639,0x4951ed81ec07e772ef72c172b610953a44bf312456e72580890918e155f98fb4
237,1.75,0.20460701625,0x676bbd5ef2f0f0c3a27f2b31fb4f50f24e45d29f,2017-08-25T05:39:02.000Z,0.116918295,0x4983876af68e19aae8a99dfaba16b15453244022,sell,0xe2e6d4be086c6938b53b22144855eef674281639,0x4f202219850ffd885a5f144f5445819bb4ce8e6ddbb3e4265574bb230c398306
238,7.5,0.8775,0x32906611ebf47de76dcf521abf131a7d4d2d7b12,2017-08-25T05:39:02.000Z,0.117,0x4983876af68e19aae8a99dfaba16b15453244022,sell,0xe2e6d4be086c6938b53b22144855eef674281639,0x660fdd730490cad9687a8157979a081a57000007efdf3a9c523349f1d0131e8e
239,6,0.726,0x4bc673761bf3b4a8a40f389b0c5a87919b3d00a9,2017-08-25T05:39:01.000Z,0.121,0x4983876af68e19aae8a99dfaba16b15453244022,sell,0xe2e6d4be086c6938b53b22144855eef674281639,0x85b5ba296fe61c50d8f8abd8a639182063f4e1ad131c53beff763faac9a015f9
240,2.215,0.3101,0x2d42b7be072d69379af9cc671b085a2cf9549a08,2017-08-25T05:33:53.000Z,0.14,0x4983876af68e19aae8a99dfaba16b15453244022,sell,0xe2e6d4be086c6938b53b22144855eef674281639,0x46f12485feb12f15e0a12e5a8f444972def2f4986894f195864b71773a98d59f
241,10,1.41,0x1fdf047bf7a114b37e7936d01e9cad754ad18803,2017-08-25T05:32:53.000Z,0.141,0x4983876af68e19aae8a99dfaba16b15453244022,sell,0xe2e6d4be086c6938b53b22144855eef674281639,0x7698f6cc6d1dbdb14160217e656230c06020c8483e8b255c9c9da02d8c7ecd33
242,0.01,0.0020899999,0x2d7ad46c8c2128b37f7bbf1d70f81db34d1176ba,2017-08-24T16:53:37.000Z,0.20899999,0x1468b39207e859ad21b75fe4f46b26437b30892e,buy,0xe2e6d4be086c6938b53b22144855eef674281639,0x510e12ae8962acfeed282c695437e3fd55eb97d392e0dd5f907602dbe4d64cbb
243,0.000298148613388815,0.000035777833904806,0x2d42b7be072d69379af9cc671b085a2cf9549a08,2017-08-24T07:00:54.000Z,0.12000000099999861,0x4c725e97432c5d571000d778b641f57c8105d1b1,sell,0xe2e6d4be086c6938b53b22144855eef674281639,0x87f334550f29feb9e44715d7ff98355ff37905ca4468a93be0131ecb80d11115
244,5,1.15,0x3322e8c18aacc3b1549e01060777537acbeb78ad,2017-08-23T17:15:46.000Z,0.23,0xb162a8693375acafb011de6123a7d7425101e20d,buy,0xe2e6d4be086c6938b53b22144855eef674281639,0xd786e0735bfd31133b5ff3086f6c370633b3f2f84148ed7fcafeaef5274b6ab6
245,1,0.14,0xb0c4f5e0e576733b39e295d05f943072a83d294e,2017-08-23T05:41:45.000Z,0.14,0x1ed014aec47fae44c9e55bac7662c0b78ae61798,sell,0xe2e6d4be086c6938b53b22144855eef674281639,0x2391f44ada30415a79fe22542a6d3febe4ce0ca94f3439cb2efda5e178bb23e6
246,4.851804887297694,0.6841044891089749,0x1fdf047bf7a114b37e7936d01e9cad754ad18803,2017-08-23T05:41:45.000Z,0.141,0x1ed014aec47fae44c9e55bac7662c0b78ae61798,sell,0xe2e6d4be086c6938b53b22144855eef674281639,0x569028467b3ff4e552ddd5d52f923c2f8270a39ad504a7ef23b96e8a9c47d19e
247,1.368,0.15994422788960458,0x676bbd5ef2f0f0c3a27f2b31fb4f50f24e45d29f,2017-08-23T05:41:45.000Z,0.11691829524093902,0x1ed014aec47fae44c9e55bac7662c0b78ae61798,sell,0xe2e6d4be086c6938b53b22144855eef674281639,0xf2eb068ef4af1b8822c720662566e1b09b20a59bf407f63c1296eed3b0694668
248,1.52,0.2128,0x28f1d97ff2f2df0d03b942a7687c2cfcb25c7e9b,2017-08-22T19:42:21.000Z,0.14,0x1aa7e20656f755f935223342abfab5a5c2d6fc72,sell,0xe2e6d4be086c6938b53b22144855eef674281639,0xaee23dd56bd2a8f57ef079e2075e31358aa7f1232e13c500a0b1ad857325bb53
249,0.6976337567025005,0.12278354117964008,0xaef0a87ccab111f7125bce9f9bf6bcff746c9d85,2017-08-21T22:16:40.000Z,0.176,0x1aa7e20656f755f935223342abfab5a5c2d6fc72,sell,0xe2e6d4be086c6938b53b22144855eef674281639,0x3a56187fb483850e967709d9bf07f3a144161ac9053fa836da2a832191920ad5
250,15,2.55,0x28f1d97ff2f2df0d03b942a7687c2cfcb25c7e9b,2017-08-21T13:09:26.000Z,0.17,0x46a96d603ec2ac6d75fa8824be3197fa8ebce37b,sell,0xe2e6d4be086c6938b53b22144855eef674281639,0x97ada03958f79fec7c9ad0f3143015bc6db161d6e1b46518d5e7de35d2b13c57
251,3.5450104675505933,0.24815073272854152,0xe89a2a7a15cbaae3c58a03d79485373e216226d6,2017-08-20T20:16:22.000Z,0.07,0x515bd0334ed58e7f354a8f0f0964aaec06adaf8c,sell,0xe2e6d4be086c6938b53b22144855eef674281639,0xc8d14960cf80376c3ccca91b41b222e872a9d4be2cbb00166ede5a81465cc602
252,18,2.07,0xb0c4f5e0e576733b39e295d05f943072a83d294e,2017-08-20T20:13:17.000Z,0.115,0x515bd0334ed58e7f354a8f0f0964aaec06adaf8c,sell,0xe2e6d4be086c6938b53b22144855eef674281639,0xedbb498a9106e293365d1663e149239fd527d9b30e8280bcfaf7f4b1f354dc61
253,4.318748878476722,0.7341873093410428,0x28f1d97ff2f2df0d03b942a7687c2cfcb25c7e9b,2017-08-20T09:21:33.000Z,0.17,0xe1a221d0ffe9704bb57eb38d2a9874ac4abaa5fe,sell,0xe2e6d4be086c6938b53b22144855eef674281639,0x626c109aab55544a02aabd57d3d44679ac58f7ac987548711d7f0b822e580ab0
254,5,0.855,0x8141c48249b9879dd565bda9a3e7e02b69ceb34d,2017-08-20T09:18:54.000Z,0.171,0xe1a221d0ffe9704bb57eb38d2a9874ac4abaa5fe,sell,0xe2e6d4be086c6938b53b22144855eef674281639,0x7578fb79a479e7988515f088c39e5e2d5cdc08685137260ff4a55ba0c93a554f
255,5,0.875,0x8141c48249b9879dd565bda9a3e7e02b69ceb34d,2017-08-20T09:18:29.000Z,0.175,0xe1a221d0ffe9704bb57eb38d2a9874ac4abaa5fe,sell,0xe2e6d4be086c6938b53b22144855eef674281639,0x8bb1c1e26b87d46858585fcbee423f0aafdf8e0fce9dd04b9f2b2de0ec329606
256,5.151,1.004445,0x68198f5253f24b73e9aae42058aae07fbae74680,2017-08-20T07:22:40.000Z,0.195,0xe1a221d0ffe9704bb57eb38d2a9874ac4abaa5fe,sell,0xe2e6d4be086c6938b53b22144855eef674281639,0xcfc5b645764cb0714a4a2e1e9e64ae142b16cb49b2a0875798478b44828d9800
257,0.47,0.089347,0x48ae7ea7038973e4dd8316cb37ffd01a8b3b9828,2017-08-20T07:22:40.000Z,0.1901,0xe1a221d0ffe9704bb57eb38d2a9874ac4abaa5fe,sell,0xe2e6d4be086c6938b53b22144855eef674281639,0xeccddc0f47798aaf3da490d6cb3c4f50bf9d91f7d7b45795537c4e47836e3884
258,0.34891835310537334,0.0680390788555478,0x68198f5253f24b73e9aae42058aae07fbae74680,2017-08-20T02:15:07.000Z,0.195,0x88650fdbfbb5c7933eb52008c4387050b963747d,sell,0xe2e6d4be086c6938b53b22144855eef674281639,0xcf619f464f4edf6e4d90e040bbf0c3b7e6d62ba42a77f2564f3eda3af21b6896
259,0.34,0.0833,0x48ae7ea7038973e4dd8316cb37ffd01a8b3b9828,2017-08-20T00:07:35.000Z,0.245,0x2b2192086ee41b6d36922cc4fc0c8ffc567dbe67,buy,0xe2e6d4be086c6938b53b22144855eef674281639,0xdd47cffa6b5329b558a0ba6d24e74cda7a39b09bc757702a244f4dee4412f618
260,2.6581722779184527,0.505052732804506,0xac34332c46b178b2d9bd8821c62a890565ccdc4b,2017-08-19T08:07:29.000Z,0.19,0x99fde2ff93fb009f192011a6e8feaf3d830f1f6c,buy,0xe2e6d4be086c6938b53b22144855eef674281639,0xf3f93a41c979037c98c3560e2fe78bf3fb349371928db78a5d18c13e78ddb897
261,5.263,0.99997,0x411304c635cab6463d6cd9cc29a1ca238a36b6e3,2017-08-19T07:08:11.000Z,0.19,0x99fde2ff93fb009f192011a6e8feaf3d830f1f6c,buy,0xe2e6d4be086c6938b53b22144855eef674281639,0x3278cbfa41d93c1b32783ec571edda0373db744ae680f81dc86ef92c10d44977
262,6.316,1.20004,0x6a9a81d05f3fa7e70f3aa898eb7fbb0430f145ff,2017-08-19T06:05:07.000Z,0.19,0x99fde2ff93fb009f192011a6e8feaf3d830f1f6c,buy,0xe2e6d4be086c6938b53b22144855eef674281639,0x78956c86c1ac5fabaea340d8251b73731aa6cc991eba8334d221f99895856854
263,8.54,1.460340009,0xa7845abe4c44eef2906139c669ecb3c9c306fe17,2017-08-19T03:16:52.000Z,0.17100000105386418,0xebb0675cfe28419e7d9a196560745f2dba603539,sell,0xe2e6d4be086c6938b53b22144855eef674281639,0x6a62bc02698fd9517fab330e1b5a3f6889afe8219844466e19f04745a447a7fd
264,0.909,0.29997,0x99fde2ff93fb009f192011a6e8feaf3d830f1f6c,2017-08-18T06:11:06.000Z,0.33,0x2b2192086ee41b6d36922cc4fc0c8ffc567dbe67,buy,0xe2e6d4be086c6938b53b22144855eef674281639,0x37d5ff2235befae01f6425fc0d107277ea44ea92aff3f6b82e7de019ad048c1e
265,4.681487389093809,0.7911713687568538,0x8141c48249b9879dd565bda9a3e7e02b69ceb34d,2017-08-17T13:05:07.000Z,0.169,0xdcfd6486786edff27f2e4b731020778364afcd4f,sell,0xe2e6d4be086c6938b53b22144855eef674281639,0x2b73b2ff06563f43c2682b0b68b97bc69de1d1c2342fe6e20aa36a1e9179b8bb
266,0.7919801059145122,0.13067671747589452,0x8141c48249b9879dd565bda9a3e7e02b69ceb34d,2017-08-17T03:21:49.000Z,0.165,0x074eb01c33023ac13034b0bdea31d67fb71d414e,sell,0xe2e6d4be086c6938b53b22144855eef674281639,0xcb9fcda4d5fa9bf0c592290129aabc5f75b6abeaecdb58dbcb010d543bb969de
267,0.205,0.03403,0x8141c48249b9879dd565bda9a3e7e02b69ceb34d,2017-08-17T03:15:29.000Z,0.166,0x074eb01c33023ac13034b0bdea31d67fb71d414e,sell,0xe2e6d4be086c6938b53b22144855eef674281639,0x5474da6ee6d9097ac8cc7365f104c534c3fb36864817d8d3031016aa95bf35b1
268,0.01069826410731222,0.002032670180389322,0xaef0a87ccab111f7125bce9f9bf6bcff746c9d85,2017-08-17T03:00:14.000Z,0.19,0x99fde2ff93fb009f192011a6e8feaf3d830f1f6c,buy,0xe2e6d4be086c6938b53b22144855eef674281639,0x43a4daf5ead98c0b01f2e808a430081be3135304c2a5646ad0d8e174ecc1f7ae
269,0.08270831308043732,0.01571457948528309,0xaef0a87ccab111f7125bce9f9bf6bcff746c9d85,2017-08-17T02:34:16.000Z,0.19,0x99fde2ff93fb009f192011a6e8feaf3d830f1f6c,buy,0xe2e6d4be086c6938b53b22144855eef674281639,0xcf66ffe0e2d284789aab034876ae013916e8e185481ba7b726d034d0ba03d30d
270,0.795,0.13197,0x8141c48249b9879dd565bda9a3e7e02b69ceb34d,2017-08-17T00:23:24.000Z,0.166,0x9824ec0015ec20b87f4398ad003fbf9318966439,sell,0xe2e6d4be086c6938b53b22144855eef674281639,0x45945e493f65423df19fc7cdca0b56146281a78b57bec10111e7e3cbd20eea7c
