,amount,amountBase,buyer,date,price,seller,side,tokenAddr,txHash
0,15,0.1245,0x739fc8613e0177a800fdb72f4322487e1a23a064,2017-11-02T12:59:45.000Z,0.0083,0x8d271b7dee29678ddbb3669c8a3f15f0a3713b9a,buy,0x4156d3342d5c385a87d264f90653733592000581,0x0a36c93f3d36931fb99cae2b9962c419d1ff9d52325737d045b95cfac8921263
1,0.5,0.05,0x5a2d756f54f8b0cadd5c84b89e4d787ecfa0702b,2017-11-02T12:53:12.000Z,0.1,0x8988156d003068f226aff6d4abaf8fc880a84c47,buy,0x4156d3342d5c385a87d264f90653733592000581,0x153850e558bcd9de652ac13c64f12cf65994487f78055f9be6b75955112bbede
2,0.1,0.01,0x5a2d756f54f8b0cadd5c84b89e4d787ecfa0702b,2017-11-02T12:53:12.000Z,0.1,0x8988156d003068f226aff6d4abaf8fc880a84c47,buy,0x4156d3342d5c385a87d264f90653733592000581,0x46bf35550f721f8e7eaf84436ce1b4edbcc64fa7eb61226b22c5d60f1e39400b
3,2.837,0.073762,0x075d567b34a0cdfe2f6fc2af78f6f87adcb5fb62,2017-11-02T12:36:28.000Z,0.026,0x244beb883da53d9f6169762af296e944aba5bb84,buy,0x4156d3342d5c385a87d264f90653733592000581,0xc15ba2351226340b845b0ab027d6f628281e69055bd2e70a9a1d3f3cf7c65d58
4,4.83501146,0.0393569932844,0xdf114c51ae98a8d2071066418ee9ee04403289d2,2017-11-02T12:34:41.000Z,0.00814,0x739fc8613e0177a800fdb72f4322487e1a23a064,sell,0x4156d3342d5c385a87d264f90653733592000581,0x18f4f9fd12e03a41de74fbdbc2eaac0ba9bd01a8fb15141cbe269acbbd21b88a
5,0.5,0.004925,0x075d567b34a0cdfe2f6fc2af78f6f87adcb5fb62,2017-11-02T12:15:56.000Z,0.00985,0x1eaa18a0e964d346f2b5182be3f97d7aab5145b9,buy,0x4156d3342d5c385a87d264f90653733592000581,0x85687b71bf0ff0ba16ec57b36776cc7b4fc457b426bbde9e29795167bf4ed31a
6,162,1.409238,0xced2450173480408eeba1cb5461dfa8b4db05c2b,2017-11-02T12:14:39.000Z,0.008699,0xbd11a3bae9ea4473053ad48d83e887e4bae2c3cf,buy,0x4156d3342d5c385a87d264f90653733592000581,0xfa964c6e0e146e52b8ab95a9268980c18ad655c83c15200d8d9ee37af8efe823
7,1,0.01,0x075d567b34a0cdfe2f6fc2af78f6f87adcb5fb62,2017-11-02T12:13:24.000Z,0.01,0xffd7611a52a71685a932c6f696d99df0aea5db30,buy,0x4156d3342d5c385a87d264f90653733592000581,0x3a4f5a44e9d0f1dbb08faa71756417d7f8b679fd2f99ba87c85e5c9db81dcf29
8,457,3.656,0x2d1204d83b9182c5755ad06c1c24767786527928,2017-11-02T12:12:59.000Z,0.008,0xbd11a3bae9ea4473053ad48d83e887e4bae2c3cf,sell,0x4156d3342d5c385a87d264f90653733592000581,0xee9821b75a6d30753b0d013ca0c09351a6d442e91159e4497d175129ffcaa3c9
9,100,0.8000001,0x36ac32b737afb8c3f35056fd8ea1e68cff54208f,2017-11-02T12:12:59.000Z,0.008000001,0xbd11a3bae9ea4473053ad48d83e887e4bae2c3cf,sell,0x4156d3342d5c385a87d264f90653733592000581,0x0fbb3cf9b8955f01d647f8e5f3a633512d97c6aff1e5dbb7ccde3b47cb877a44
10,200,1.6,0xadb560f5e18cd0e973aea453352480b2f79463a7,2017-11-02T12:12:59.000Z,0.008,0xbd11a3bae9ea4473053ad48d83e887e4bae2c3cf,sell,0x4156d3342d5c385a87d264f90653733592000581,0x15e9ad9d4e998a2ddba82ad487aa258bbaffb33758b900d2cf6baba76ff30d27
11,12.62276941,0.191253890715615,0x075d567b34a0cdfe2f6fc2af78f6f87adcb5fb62,2017-11-02T12:11:03.000Z,0.0151515,0x395b8d1e5c4f4de8078f0cff012f8d795ac3ac3c,buy,0x4156d3342d5c385a87d264f90653733592000581,0xac909c82cd82450854be09934399c06a51fabeca665561488b937a3e3e27dfea
12,128,1.0496,0xe6254e277851ecb43b75322b5d08fdf09242fe13,2017-11-02T12:05:19.000Z,0.0082,0xbd11a3bae9ea4473053ad48d83e887e4bae2c3cf,sell,0x4156d3342d5c385a87d264f90653733592000581,0x4068ce6e200f4ad3c7942b34afd1d7cf869f859ed2e52e52f09b4003209c927b
13,145,1.261355,0x28021f91ae796d6296fcd087207f7d0893322627,2017-11-02T12:04:41.000Z,0.008699,0xbd11a3bae9ea4473053ad48d83e887e4bae2c3cf,buy,0x4156d3342d5c385a87d264f90653733592000581,0x039598fb6da0df7d02a0a2f2e009cc0ccc629f182943e9411a2992a2004f7a98
14,3.44,0.03784,0x075d567b34a0cdfe2f6fc2af78f6f87adcb5fb62,2017-11-02T11:53:15.000Z,0.011,0xcead46d371e4d080feacfaea2ed9adbb374059b9,buy,0x4156d3342d5c385a87d264f90653733592000581,0x1a8317d89208ffd0ceef4e8ade532f9a56b4b3a43a083153a3d3e869ede95cf3
15,5,0.0505050505,0x075d567b34a0cdfe2f6fc2af78f6f87adcb5fb62,2017-11-02T11:51:19.000Z,0.0101010101,0x8988156d003068f226aff6d4abaf8fc880a84c47,buy,0x4156d3342d5c385a87d264f90653733592000581,0x58fe52b9bfc07d8465c583a00aa99b68672d58046ea6ca4cf8c4b894ddc321e9
16,7.073,0.0601197927,0x075d567b34a0cdfe2f6fc2af78f6f87adcb5fb62,2017-11-02T11:49:08.000Z,0.0084999,0x254fb89e4cab71708eaab16e067ca8156a38e18a,buy,0x4156d3342d5c385a87d264f90653733592000581,0x63016548514ed5c0bcaae2a07c4dbaef80663a7107e27ccf578146388b409435
17,90,0.7559999991,0xffb303c6a9243d19e4dc50f9776acc57a2c9cfe7,2017-11-02T10:51:09.000Z,0.00839999999,0x36ac32b737afb8c3f35056fd8ea1e68cff54208f,buy,0x4156d3342d5c385a87d264f90653733592000581,0xf9fccdcdb00dd99cc31d380bedda03a995de46085280c6a724cf7f7ced7a456e
18,10,0.0839999999,0x254deb3b02a6df946e0ab6802d37840bd9b11f57,2017-11-02T10:46:35.000Z,0.00839999999,0x36ac32b737afb8c3f35056fd8ea1e68cff54208f,buy,0x4156d3342d5c385a87d264f90653733592000581,0xee756aec5e71715a4b0c728c364de324b14e02f4d6c0342520efe63859362ece
19,75,0.6225,0xe854ac0572666a82224a8dc4b677f99ad8b91b83,2017-11-02T08:24:06.000Z,0.0083,0xbd11a3bae9ea4473053ad48d83e887e4bae2c3cf,buy,0x4156d3342d5c385a87d264f90653733592000581,0x91f1ddced95711aa11673a75b4922fc34669fc40ec921759b211a9a95768e781
20,100,0.8000001,0x36ac32b737afb8c3f35056fd8ea1e68cff54208f,2017-11-02T08:10:55.000Z,0.008000001,0xbd11a3bae9ea4473053ad48d83e887e4bae2c3cf,sell,0x4156d3342d5c385a87d264f90653733592000581,0xa4c5203571f488965df34361a00ab00fc10a26f7745f853f88026a9f93b47225
21,294.82664619,2.3615614359819,0xeea6fd6c2ee143f8a8d68132571d1e472d5dd9a3,2017-11-02T08:10:46.000Z,0.00801,0xbd11a3bae9ea4473053ad48d83e887e4bae2c3cf,sell,0x4156d3342d5c385a87d264f90653733592000581,0xd99943847b37b22c4d6d046ad490acad7fa6fd990c31bb3fa0b6644044624408
22,96,0.7776,0xd00f15f6ba4b9382381ca0984e74026906299136,2017-11-02T08:10:46.000Z,0.0081,0xbd11a3bae9ea4473053ad48d83e887e4bae2c3cf,sell,0x4156d3342d5c385a87d264f90653733592000581,0xb68ee1eb26da724eaa9ceff67ebfd25f05e7c35de6655be227476051db8ebe90
23,16.5,0.140085,0x3ad98de69e8603a1933333da6c8906203842e7c7,2017-11-02T07:17:57.000Z,0.00849,0xbd11a3bae9ea4473053ad48d83e887e4bae2c3cf,buy,0x4156d3342d5c385a87d264f90653733592000581,0xad1b0d828bf5cfe81e02bd8123aff42887bea7f11b42a9d11a7ca07133b35306
24,120,1.0188,0x629e636bd928cd0b2772191db915c525a99bf524,2017-11-02T07:15:02.000Z,0.00849,0xbd11a3bae9ea4473053ad48d83e887e4bae2c3cf,buy,0x4156d3342d5c385a87d264f90653733592000581,0xe059b29dad5c5dd716d75a3f79406efee872ecb025dc7e44258fe210596b01c9
25,9.33,0.079304067,0x1a96f3bc6cd0e9db43e89f983d4227ec5f707539,2017-11-02T06:06:21.000Z,0.0084999,0x254fb89e4cab71708eaab16e067ca8156a38e18a,buy,0x4156d3342d5c385a87d264f90653733592000581,0x2afab86d1da736ce04c07821e60c28e6e124ed00ac36a2ed0ee46011fa69f081
26,53.2665102,0.4527600100639,0x684d8908430c84029b4e8b8e74f94860dab94a38,2017-11-02T06:02:05.000Z,0.0084999000002801,0x254fb89e4cab71708eaab16e067ca8156a38e18a,buy,0x4156d3342d5c385a87d264f90653733592000581,0xf1ce02b68623c4ab6096a150f6360acd9ef78071536c540af4a658a4004e816f
27,3.33,0.028304667,0x1a96f3bc6cd0e9db43e89f983d4227ec5f707539,2017-11-02T05:57:01.000Z,0.0084999,0x254fb89e4cab71708eaab16e067ca8156a38e18a,buy,0x4156d3342d5c385a87d264f90653733592000581,0xccde747395825c8ee92886645186272f954e7c2542c35c592dd175cd1a09b395
28,154,1.206328662,0xecba73e96217cdb23afff854446dda91a103e7fd,2017-11-02T05:29:24.000Z,0.007833303,0x5b57fab222fc075e5b2080a95fb97a62891b8306,sell,0x4156d3342d5c385a87d264f90653733592000581,0xdaafc9b26e02f913d14c94a86ecc6f89c070ffe31c1378fa7c05b19b1d34bb82
29,19.854,0.1685366352,0x1a96f3bc6cd0e9db43e89f983d4227ec5f707539,2017-11-02T05:26:31.000Z,0.0084888,0x254fb89e4cab71708eaab16e067ca8156a38e18a,buy,0x4156d3342d5c385a87d264f90653733592000581,0x2e14962551f659c5c4b2c1146b8163ca5b4daf29198e89d2054e857907b759eb
30,394.666,3.0915371778,0x254fb89e4cab71708eaab16e067ca8156a38e18a,2017-11-02T05:24:23.000Z,0.0078333,0x5b57fab222fc075e5b2080a95fb97a62891b8306,sell,0x4156d3342d5c385a87d264f90653733592000581,0x91d4ec569ab19b61548ec89ba32e83426b46bd94be69e122ff7764fd1446fe64
31,160,1.2533328,0x3dee4a4e076e8d82859d241db0baf46f112cfa23,2017-11-02T05:23:43.000Z,0.00783333,0x5b57fab222fc075e5b2080a95fb97a62891b8306,sell,0x4156d3342d5c385a87d264f90653733592000581,0xf6e6eca8f220517d9d4137ce7d16ad6e568ba0ff5216f346524186b4f29914b0
32,123,0.9635082,0x3efd9b0bd8e4595bc494539aca584821950106ee,2017-11-02T05:23:11.000Z,0.0078334,0x5b57fab222fc075e5b2080a95fb97a62891b8306,sell,0x4156d3342d5c385a87d264f90653733592000581,0xb32e76915e39ce7941d6898b900353795561abee1f9f8296bb3fb646eef9f740
33,73,0.5913,0x3885c5f00744d4d665e0de5d306c68935a9369e2,2017-11-02T05:22:42.000Z,0.0081,0x5b57fab222fc075e5b2080a95fb97a62891b8306,sell,0x4156d3342d5c385a87d264f90653733592000581,0xdb24a69480cb9defa44341917e248ad68dd4b39d505720ef4033158f1cf35143
34,39,0.35061,0x1a96f3bc6cd0e9db43e89f983d4227ec5f707539,2017-11-02T05:12:45.000Z,0.00899,0x3885c5f00744d4d665e0de5d306c68935a9369e2,buy,0x4156d3342d5c385a87d264f90653733592000581,0xaf3cdea9badd298cde27d1023b13a12bce39c9d39901657c7fd8024afe7771e3
35,9.85114007,0.08856174927831685,0x634afaaebc4daf5f42b079523cbe09acb8c80fe6,2017-11-02T05:10:45.000Z,0.008990000004975754,0x3885c5f00744d4d665e0de5d306c68935a9369e2,buy,0x4156d3342d5c385a87d264f90653733592000581,0x01942ad149f5ed1ea01d9a2f51a35992c388b4bd95c55f253f807ce234f6d9bd
36,200,1.8,0x67743e5151fc6d4f77b8464ab1124f09ed92d7eb,2017-11-02T05:00:11.000Z,0.009,0x2d1204d83b9182c5755ad06c1c24767786527928,buy,0x4156d3342d5c385a87d264f90653733592000581,0xa1f1799b661a2ca42137d3d2c93ee2922c14d2f8ab5ee8e1b9317af1500d3e0b
37,17,0.153,0xcec7a9d1f617d42fc3fab40f47c8867a26185999,2017-11-02T04:45:27.000Z,0.009,0x3885c5f00744d4d665e0de5d306c68935a9369e2,sell,0x4156d3342d5c385a87d264f90653733592000581,0xdfdba761e336717f8ef2c017a4681d4238eb475a451a83b4ebe89da9c8c07bd8
38,188.57455786,1.6971710208006243,0x3885c5f00744d4d665e0de5d306c68935a9369e2,2017-11-02T04:18:47.000Z,0.009000000000321487,0x2d1204d83b9182c5755ad06c1c24767786527928,buy,0x4156d3342d5c385a87d264f90653733592000581,0xa9031383b8ee1d47b48ce1f7fac38436aee082d2d69721807551513835572379
39,150,1.3499999985,0x3885c5f00744d4d665e0de5d306c68935a9369e2,2017-11-02T04:17:30.000Z,0.00899999999,0xcd371e6ee9dbc386f85b8eab0c9711368d404618,buy,0x4156d3342d5c385a87d264f90653733592000581,0xec6629f008717f2522701e2202d439745c36e6b1fa108be860b92917f4ccafa6
40,91.4,0.8225086,0x3885c5f00744d4d665e0de5d306c68935a9369e2,2017-11-02T04:17:30.000Z,0.008999,0xd00f15f6ba4b9382381ca0984e74026906299136,buy,0x4156d3342d5c385a87d264f90653733592000581,0xf22996716578a3b9119aa4de16880bc731e7b4a076ed39c56260740e239d03f8
41,27.55094662,0.2338744481742299,0x3885c5f00744d4d665e0de5d306c68935a9369e2,2017-11-02T04:16:58.000Z,0.008488799002080528,0x36ac32b737afb8c3f35056fd8ea1e68cff54208f,buy,0x4156d3342d5c385a87d264f90653733592000581,0x0e1afc41bb604bd69c9473eede1a96f5783de44724b88af71395eac5cb692dc9
42,65,0.572,0x3885c5f00744d4d665e0de5d306c68935a9369e2,2017-11-02T04:16:58.000Z,0.0088,0x450573f9ec383956e44d7a62b363107594d76c70,buy,0x4156d3342d5c385a87d264f90653733592000581,0xbc206ddc1dbe83ea333f4b5af8392e1cbea2aa24912582c19aecc441725ad09b
43,200,1.62,0x3885c5f00744d4d665e0de5d306c68935a9369e2,2017-11-02T04:16:31.000Z,0.0081,0xffe6b0e1f27172cc65b26caf2f11e38cfe82b623,sell,0x4156d3342d5c385a87d264f90653733592000581,0x5b49bcc1c28b4491697d8bc7d194a1f559f448cf3c7bebc40e721649c74c4065
44,67.44905337,0.5725614568257701,0xaf51d2fae4909543d54d02550bc7c861789d9f0c,2017-11-02T04:15:47.000Z,0.008488799000408716,0x36ac32b737afb8c3f35056fd8ea1e68cff54208f,buy,0x4156d3342d5c385a87d264f90653733592000581,0x5162adae571da4d6dd9fb5070945db7dc0fc463141cfffa36c3ed48c166dc2f8
45,5.7,0.047994,0xaf51d2fae4909543d54d02550bc7c861789d9f0c,2017-11-02T04:13:12.000Z,0.00842,0xdf114c51ae98a8d2071066418ee9ee04403289d2,buy,0x4156d3342d5c385a87d264f90653733592000581,0xbd78249e294c3d896156b749d24a519a70d918379730c2de08e9cf1e1c8350c5
46,36,0.3006288,0xcec7a9d1f617d42fc3fab40f47c8867a26185999,2017-11-02T04:13:12.000Z,0.0083508,0xffe6b0e1f27172cc65b26caf2f11e38cfe82b623,sell,0x4156d3342d5c385a87d264f90653733592000581,0x1ce9657c64b32bd2d9c604f87450c734eec36a1159a31c4c44743e71f1a797b9
47,150,1.1865,0xa1969c4eb5e984c4faf99f93b43fd129ec2bf597,2017-11-02T04:09:57.000Z,0.00791,0xffe6b0e1f27172cc65b26caf2f11e38cfe82b623,sell,0x4156d3342d5c385a87d264f90653733592000581,0xce4b1eb48cdc5a5d63157644aeb3418c96681ad446b1ff314e6eb530989bcbd1
48,6.2,0.049662,0x48ae7ea7038973e4dd8316cb37ffd01a8b3b9828,2017-11-02T04:07:07.000Z,0.00801,0xffe6b0e1f27172cc65b26caf2f11e38cfe82b623,sell,0x4156d3342d5c385a87d264f90653733592000581,0x68062167742a270936b213a6c0287ac006753c42bbc59b25fd6cf2eae480aeb9
49,65.146,0.5530113648,0xc390daf1fbaffbbd0aa159c3fbbe77a5ca759b0e,2017-11-02T03:51:09.000Z,0.0084888,0x254fb89e4cab71708eaab16e067ca8156a38e18a,buy,0x4156d3342d5c385a87d264f90653733592000581,0x8e6090bf84a668883bc83ce80de4fbd74b95b8f57303a9d42d34dc429b3c3246
50,65,0.54729999935,0xe854ac0572666a82224a8dc4b677f99ad8b91b83,2017-11-02T03:27:43.000Z,0.00841999999,0x254fb89e4cab71708eaab16e067ca8156a38e18a,buy,0x4156d3342d5c385a87d264f90653733592000581,0x98babfb57448a841c9564e13bd5fd80fd7fddc41730c1a8eefd9cc8071b4870c
51,32,0.2656,0x9cf1e2584712cf3dd5532bcb18591100eaface48,2017-11-02T03:25:24.000Z,0.0083,0xb9f39aef46eea5b00fed808b5174fb0b2834b074,sell,0x4156d3342d5c385a87d264f90653733592000581,0x6702054699e31a32a3907b6c8e6808946d312f33213f29535891ab2c47651e0b
52,130.45254198,1.0971058780518,0xe854ac0572666a82224a8dc4b677f99ad8b91b83,2017-11-02T03:24:26.000Z,0.00841,0x3885c5f00744d4d665e0de5d306c68935a9369e2,buy,0x4156d3342d5c385a87d264f90653733592000581,0x0d826a02129bb24900f6ba4cf5025a5e246e6044f8ac5821addb593fe55d5ae9
53,100,0.841,0x6f45cf56760ed1a988d7d845687adb01d6c42e86,2017-11-02T03:21:22.000Z,0.00841,0x3885c5f00744d4d665e0de5d306c68935a9369e2,buy,0x4156d3342d5c385a87d264f90653733592000581,0xea34f2c9bda6078d2eaa490b0a9034aa17bb078fc378c1d63c19bd26fe7c2396
54,385,3.23785,0x5b57fab222fc075e5b2080a95fb97a62891b8306,2017-11-02T03:06:32.000Z,0.00841,0x3885c5f00744d4d665e0de5d306c68935a9369e2,buy,0x4156d3342d5c385a87d264f90653733592000581,0xbb5784d503081f18f5a28752ab86c7a8c98137f45b6b02b4a1bb8137fc55e7f6
55,112,0.9408,0x5b57fab222fc075e5b2080a95fb97a62891b8306,2017-11-02T03:03:40.000Z,0.0084,0x3c0e781116e7ebcfcee0955f314bdac09bf1813d,buy,0x4156d3342d5c385a87d264f90653733592000581,0x093f7752bfdfb31f4350e92256d020c28113529b0a68f9886327585c91cb8dee
56,47,0.3947999953,0x5b57fab222fc075e5b2080a95fb97a62891b8306,2017-11-02T03:03:07.000Z,0.0083999999,0x254fb89e4cab71708eaab16e067ca8156a38e18a,buy,0x4156d3342d5c385a87d264f90653733592000581,0x6e690a1de5c77e79fafb8fecbce0653b3bf5895b1956ccfa31851d52385b9268
57,3,0.0251999997,0x1a96f3bc6cd0e9db43e89f983d4227ec5f707539,2017-11-02T03:01:29.000Z,0.0083999999,0x254fb89e4cab71708eaab16e067ca8156a38e18a,buy,0x4156d3342d5c385a87d264f90653733592000581,0xb02252cd49bde1e2e7a74fd9516a052bb51c8515468eee642eeef1fd58867162
58,108.378,0.892384452,0x55ba4f1fcfa9a53c4d559124d201a58609c413b3,2017-11-02T02:38:20.000Z,0.008234,0x98b8f889dbe2b5c4c5879f65e13b24012f2afdce,buy,0x4156d3342d5c385a87d264f90653733592000581,0xa7a200bafb6efd22f7541098eb82fd5bc40452ea5c3b870e63ea4ec574e1553f
59,10,0.0841,0xdab2869386b6ec1159cf4d6cde39afa1090c9bc3,2017-11-02T02:17:38.000Z,0.00841,0x3885c5f00744d4d665e0de5d306c68935a9369e2,buy,0x4156d3342d5c385a87d264f90653733592000581,0x309d4d674bb70337b615cf99a4ce0b7ed6399009a1cb15f861571a31f33bc07e
60,115,0.96715,0xdab2869386b6ec1159cf4d6cde39afa1090c9bc3,2017-11-02T02:09:52.000Z,0.00841,0x3885c5f00744d4d665e0de5d306c68935a9369e2,buy,0x4156d3342d5c385a87d264f90653733592000581,0x94dabeb551a4f3fdd9f929aff4e825288ea481398828efbb22a6b19e3d56cc8a
61,35,0.29469999965,0x28a65ff3ee1109e0c07a3adee9c356ae7b097fa3,2017-11-02T02:06:12.000Z,0.00841999999,0x254fb89e4cab71708eaab16e067ca8156a38e18a,buy,0x4156d3342d5c385a87d264f90653733592000581,0xb0c21458c71d402c550da71231d043d3a13e9ecda88f5e20e092cf459779d072
62,4.53381564,0.0394895342244,0x8988156d003068f226aff6d4abaf8fc880a84c47,2017-11-02T02:05:55.000Z,0.00871,0x273a5d3e6721b9f5c1a6474f560c1334c63dda01,sell,0x4156d3342d5c385a87d264f90653733592000581,0x16ea9959672bfc1286321676fe8e80426f709f8f78e076a8d69a1068e1161bb4
63,4.54745802,0.0382441219482,0x273a5d3e6721b9f5c1a6474f560c1334c63dda01,2017-11-02T02:05:55.000Z,0.00841,0x3885c5f00744d4d665e0de5d306c68935a9369e2,buy,0x4156d3342d5c385a87d264f90653733592000581,0x16ea9959672bfc1286321676fe8e80426f709f8f78e076a8d69a1068e1161bb4
64,19.9381916,0.152726547656,0x93c6dee4dcca28ef89890db01e33b5ce0eba5129,2017-11-02T01:59:46.000Z,0.00766,0x7cb364139258c3301d7a2fd5fabf67794dea0b97,sell,0x4156d3342d5c385a87d264f90653733592000581,0x0fced37c9f2d6e3aa08aa3b8405fbb70ac0b937188486370e59aba87e540fa7e
65,5,0.04205,0x1f09bb1bcf9a48c7df27925b10f96705c6f0e7ed,2017-11-02T01:52:02.000Z,0.00841,0x3885c5f00744d4d665e0de5d306c68935a9369e2,buy,0x4156d3342d5c385a87d264f90653733592000581,0x03d614439c2e956ee38dace9f68aebfc9bf58b68b8be553729d61c3772a20f79
66,3.7,0.0310059963,0x1a96f3bc6cd0e9db43e89f983d4227ec5f707539,2017-11-02T01:43:58.000Z,0.008379999,0xdf114c51ae98a8d2071066418ee9ee04403289d2,buy,0x4156d3342d5c385a87d264f90653733592000581,0xdd85c25b329ad600df0bedff82d74c639b18f3cd6329e42b1447bcca98193ed6
67,25,0.197500025,0x282b1ac4d7a0069ee4556c19216b66c8e43215de,2017-11-02T01:38:33.000Z,0.007900001,0x3885c5f00744d4d665e0de5d306c68935a9369e2,sell,0x4156d3342d5c385a87d264f90653733592000581,0x27f71ad81c2f98e0d0f98e2b350e0e924a3649a6f3aad30593d214e272f901a5
68,88,0.704,0x3d37604599bf70eb2f1f104b2c4e6cd6e8ade72a,2017-11-02T01:26:47.000Z,0.008,0x3885c5f00744d4d665e0de5d306c68935a9369e2,sell,0x4156d3342d5c385a87d264f90653733592000581,0x63cd265e035cb66ef47fdddff0492988c2b529a223e4279fe74b592aa96a9138
69,2,0.016759998,0x1a96f3bc6cd0e9db43e89f983d4227ec5f707539,2017-11-02T01:15:57.000Z,0.008379999,0xdf114c51ae98a8d2071066418ee9ee04403289d2,buy,0x4156d3342d5c385a87d264f90653733592000581,0x2d83355ae57cea6048a5ccbf9c6bb55d3105eca2c73acbad502155bc4be588c2
70,191.39859795,1.4929092554085979,0xbeb1fd865feea5006c74bcb615ebb00f1a05d469,2017-11-02T01:11:12.000Z,0.007800001,0xe70a443b193f5e82f4f8775004c5bf8d1bfdce54,sell,0x4156d3342d5c385a87d264f90653733592000581,0xda46d2c985d015c92b4e448f0f3d34ef47bbaf6a9f92837a68109f4385e53fe9
71,98.60140205,0.769091034591402,0xbeb1fd865feea5006c74bcb615ebb00f1a05d469,2017-11-02T00:52:01.000Z,0.007800001,0x48af8000c9d156ac7156c4b27313bbfee6a647aa,sell,0x4156d3342d5c385a87d264f90653733592000581,0x08c2693c33f8429cc2f96dabe950abf90dc5ecc090bc14118a053c85913942f4
72,2,0.0158,0xf5050930cf7925b8c1835f5dc9afff1b1752c6eb,2017-11-02T00:28:46.000Z,0.0079,0x3885c5f00744d4d665e0de5d306c68935a9369e2,sell,0x4156d3342d5c385a87d264f90653733592000581,0xc5ba9bf3e577943d001ddaee0fcd50c2ac6ed6b0bb7cc28c77cedda241a79016
73,379,2.997890379,0xb49e2f2a21fb29270f5e6ec26dc4b3b616980f8e,2017-11-02T00:28:39.000Z,0.007910001,0x3885c5f00744d4d665e0de5d306c68935a9369e2,sell,0x4156d3342d5c385a87d264f90653733592000581,0x3469bba575a5117a3b403f438b081d8efe448c2e17080fa75b15a67f3962fc77
74,0.345,0.00272895,0xffd7611a52a71685a932c6f696d99df0aea5db30,2017-11-02T00:28:39.000Z,0.00791,0x3885c5f00744d4d665e0de5d306c68935a9369e2,sell,0x4156d3342d5c385a87d264f90653733592000581,0xdc79e198f4db90358fd0c4f55d8df458dc072074bb31107052bdb06154d2728c
75,5,0.0424,0x1a96f3bc6cd0e9db43e89f983d4227ec5f707539,2017-11-02T00:21:24.000Z,0.00848,0x3885c5f00744d4d665e0de5d306c68935a9369e2,buy,0x4156d3342d5c385a87d264f90653733592000581,0x852a4fee9bdec524cf11d431814d8eccff3a33e6f2f40bf6b53e3f8fb5ed167e
76,5,0.0424,0x1a96f3bc6cd0e9db43e89f983d4227ec5f707539,2017-11-02T00:16:13.000Z,0.00848,0x3885c5f00744d4d665e0de5d306c68935a9369e2,buy,0x4156d3342d5c385a87d264f90653733592000581,0xda47d19987fdec10cc3bc72393c1552988f89487dabe5234805593a3d9374ad2
77,5.7,0.0450870114,0xdf114c51ae98a8d2071066418ee9ee04403289d2,2017-11-02T00:13:30.000Z,0.007910002,0x3885c5f00744d4d665e0de5d306c68935a9369e2,sell,0x4156d3342d5c385a87d264f90653733592000581,0x9a51dda851cbf2c359f4ba787fc1fe83d7e482a85e142f3b6d4f8a96adf48829
78,253,2.001230253,0xb49e2f2a21fb29270f5e6ec26dc4b3b616980f8e,2017-11-02T00:13:14.000Z,0.007910001,0x3885c5f00744d4d665e0de5d306c68935a9369e2,sell,0x4156d3342d5c385a87d264f90653733592000581,0x33cab9f51ae1c16af7b619d9e9cbd42b4c311d90ce68677327ae4cf503d7169a
79,5.48300269,0.04306899161295269,0x5f2ce35dca6626c5c934fed00b0c1986156ee9ff,2017-11-02T00:05:18.000Z,0.007855001,0xf59a27dbef09c4de6851471deb581a5d59795a2c,sell,0x4156d3342d5c385a87d264f90653733592000581,0x1ff652b2f3aea02a8e761d3588a180a110fa370bc4565aa387febac2175e27d8
80,15,0.127332,0x1a96f3bc6cd0e9db43e89f983d4227ec5f707539,2017-11-01T23:57:25.000Z,0.0084888,0x254fb89e4cab71708eaab16e067ca8156a38e18a,buy,0x4156d3342d5c385a87d264f90653733592000581,0xed712010be576eb488b3b4e7efabf5dc8619d46a11b28c4baa45f549e3bffacd
81,89.3,0.7580497507,0x1a96f3bc6cd0e9db43e89f983d4227ec5f707539,2017-11-01T23:54:00.000Z,0.008488799,0x5f2ce35dca6626c5c934fed00b0c1986156ee9ff,buy,0x4156d3342d5c385a87d264f90653733592000581,0xf3e36d7536e005e924c63627a2ddee52fa9c633bfd5c0cceb7e1a1dfa0e14272
82,75,0.636,0x1a96f3bc6cd0e9db43e89f983d4227ec5f707539,2017-11-01T23:44:18.000Z,0.00848,0x450573f9ec383956e44d7a62b363107594d76c70,buy,0x4156d3342d5c385a87d264f90653733592000581,0x68d364ea40f8c9742a51881d0b74d20c1e1ed7aa102bde748469d56b921fad20
83,15,0.1179765,0xd3e57a594ad8fb2491450f9c7a507e4d3cd4c1da,2017-11-01T23:38:45.000Z,0.0078651,0x2b738c1964d6fc053d386798f7b6664909e0030b,sell,0x4156d3342d5c385a87d264f90653733592000581,0x2565db540fd65a7c68ad4e41a3239e1e814363a807cbba42087c91269b5011a0
84,0.40275147,0.0030246635397,0x09e396aca9535fffc68c72f880ab36e252b73a43,2017-11-01T23:26:26.000Z,0.00751,0x2b738c1964d6fc053d386798f7b6664909e0030b,sell,0x4156d3342d5c385a87d264f90653733592000581,0x6e13ffa327d8eed76c103ff210af33d4906beba1a4e464c311314e7f4a5c13fe
85,42.895,0.3972077,0xb3ddf3a756d4861533a749e67a42765ffcb9c981,2017-11-01T23:22:06.000Z,0.00926,0x254fb89e4cab71708eaab16e067ca8156a38e18a,buy,0x4156d3342d5c385a87d264f90653733592000581,0x6d38a33a9887664aa1c18a1e9d3ad54d95f99169dc096290351a053a42758a4a
86,5.7,0.0483861543,0x1a96f3bc6cd0e9db43e89f983d4227ec5f707539,2017-11-01T23:16:03.000Z,0.008488799,0x5f2ce35dca6626c5c934fed00b0c1986156ee9ff,buy,0x4156d3342d5c385a87d264f90653733592000581,0xa7a82b354df459383139f8e64caa07ed267ae90d77a2a132ef0ec96f2b26449b
87,20,0.157302,0xd3e57a594ad8fb2491450f9c7a507e4d3cd4c1da,2017-11-01T23:14:28.000Z,0.0078651,0x2b738c1964d6fc053d386798f7b6664909e0030b,sell,0x4156d3342d5c385a87d264f90653733592000581,0x53c6f7607f4fa5d0f80f2d665f00b4cddcb106dab0ac3c8fa5717cfc0c2f8524
88,5,0.042443995,0x1a96f3bc6cd0e9db43e89f983d4227ec5f707539,2017-11-01T23:10:29.000Z,0.008488799,0x5f2ce35dca6626c5c934fed00b0c1986156ee9ff,buy,0x4156d3342d5c385a87d264f90653733592000581,0x4ac1fc043628fdfd6599fe22192988a9d49cabdc8d4edd75ac30d1a6f8be82e0
89,0.655,0.00518105,0xffd7611a52a71685a932c6f696d99df0aea5db30,2017-11-01T23:09:42.000Z,0.00791,0x68ffa870f33cadbc03adef81fb3763e49c611c83,sell,0x4156d3342d5c385a87d264f90653733592000581,0x5e487474353457bc3b0e5acc12ab776fd89dd8dca235a4c9061592732a24ebbd
90,5,0.04249945,0x1a96f3bc6cd0e9db43e89f983d4227ec5f707539,2017-11-01T23:00:52.000Z,0.00849989,0x36ac32b737afb8c3f35056fd8ea1e68cff54208f,buy,0x4156d3342d5c385a87d264f90653733592000581,0xdd8f2cb0809207dca9dbbde7307b4e53b2636fc92ae2b6d3cfa1e119f9eb5b08
91,5.224,0.066073152,0x1a96f3bc6cd0e9db43e89f983d4227ec5f707539,2017-11-01T22:56:05.000Z,0.012648,0x41ecf2b56611359be97b566f7ae878f16a330530,buy,0x4156d3342d5c385a87d264f90653733592000581,0x76e739bdbc84687ec52c8ce542e80762d0a3be35d9d9910113ac8329f5538ec6
92,27,0.2294973,0x1a96f3bc6cd0e9db43e89f983d4227ec5f707539,2017-11-01T22:53:31.000Z,0.0084999,0x254fb89e4cab71708eaab16e067ca8156a38e18a,buy,0x4156d3342d5c385a87d264f90653733592000581,0x485e21407ae749c8a96807a729a3fc70809dacae2758cb3cb6bfa298d69f7267
93,120,0.942,0x3c0e781116e7ebcfcee0955f314bdac09bf1813d,2017-11-01T22:39:54.000Z,0.00785,0x98b8f889dbe2b5c4c5879f65e13b24012f2afdce,sell,0x4156d3342d5c385a87d264f90653733592000581,0x9bc257d94214f00e91ae6d0f122620df5db73467457c942191ec731284af213e
94,102.35387621,0.8039897999834262,0x5f2ce35dca6626c5c934fed00b0c1986156ee9ff,2017-11-01T22:37:57.000Z,0.007855001,0x98b8f889dbe2b5c4c5879f65e13b24012f2afdce,sell,0x4156d3342d5c385a87d264f90653733592000581,0xaabd6a22efe24b75838ca39d87881d30fd640324ddcf9d4f5dc38ed0098246bd
95,150,1.1775,0xcd371e6ee9dbc386f85b8eab0c9711368d404618,2017-11-01T22:36:39.000Z,0.00785,0x98b8f889dbe2b5c4c5879f65e13b24012f2afdce,sell,0x4156d3342d5c385a87d264f90653733592000581,0xfcdfe4cbc141dcfd5365aeada05c56b89dcb589c16ea80a06aaf96f7762530e7
96,150,1.17825,0x254fb89e4cab71708eaab16e067ca8156a38e18a,2017-11-01T22:36:17.000Z,0.007855,0x98b8f889dbe2b5c4c5879f65e13b24012f2afdce,sell,0x4156d3342d5c385a87d264f90653733592000581,0x32aecd2b9cebe6fde4c75b37b89c83c6bcdc2d6547a66a9c420fdacdf46e5baf
97,100,0.7855551,0x36ac32b737afb8c3f35056fd8ea1e68cff54208f,2017-11-01T22:36:00.000Z,0.007855551,0x98b8f889dbe2b5c4c5879f65e13b24012f2afdce,sell,0x4156d3342d5c385a87d264f90653733592000581,0x91362ffbd7c9954e38a215b1b093505940668cae96bdcea5541afba06dc93d3d
98,150,1.1783325,0x254fb89e4cab71708eaab16e067ca8156a38e18a,2017-11-01T22:35:02.000Z,0.00785555,0x98b8f889dbe2b5c4c5879f65e13b24012f2afdce,sell,0x4156d3342d5c385a87d264f90653733592000581,0xada066c53e87f88d0395badbf08276ae956fbdd2403ded228a5982e1d9da721e
99,1,0.00958,0x1a96f3bc6cd0e9db43e89f983d4227ec5f707539,2017-11-01T22:34:47.000Z,0.00958,0xd00f15f6ba4b9382381ca0984e74026906299136,buy,0x4156d3342d5c385a87d264f90653733592000581,0x5b5a2e7e096483bea750bc0e53f2f29eaa35cee54753b114b07b49228f838b95
100,200,1.5730002,0x5f2ce35dca6626c5c934fed00b0c1986156ee9ff,2017-11-01T22:34:47.000Z,0.007865001,0x98b8f889dbe2b5c4c5879f65e13b24012f2afdce,sell,0x4156d3342d5c385a87d264f90653733592000581,0x4cc1b0475134e02f85d6e7f8f8ef20188af923f568e64a965c784314e8bab93e
101,189.30506623,1.4869913141671567,0xba7e1694f3d7c47e93813aecca907c74999bafac,2017-11-01T22:00:11.000Z,0.0078550001,0x9778550d76b07ac9f5e57392f68ecdf6efc1774e,sell,0x4156d3342d5c385a87d264f90653733592000581,0xaff7f02c32599cea6a7e3bdfb0e4b8efeae404ea4fb630dd8dc5108e88d33dea
102,100,0.79666,0x2548876d60fb398c52af22fbb0fcf06ad4148783,2017-11-01T21:59:34.000Z,0.0079666,0x9778550d76b07ac9f5e57392f68ecdf6efc1774e,sell,0x4156d3342d5c385a87d264f90653733592000581,0xaec0dd7b6473fb40f82fdab7b56ee120f404e8a7c472e92a619de4d0fe3d01c3
103,25,0.1975,0xc297ce89eb439223c078dc3f8f89d886de014e52,2017-11-01T21:59:34.000Z,0.0079,0x9778550d76b07ac9f5e57392f68ecdf6efc1774e,sell,0x4156d3342d5c385a87d264f90653733592000581,0x59b83927d205b774524fbe2f8cd7fe0c6c898db9b4b4f685b8d61415d7c3d05f
104,410,3.649,0x2d1204d83b9182c5755ad06c1c24767786527928,2017-11-01T21:57:12.000Z,0.0089,0xba7e1694f3d7c47e93813aecca907c74999bafac,sell,0x4156d3342d5c385a87d264f90653733592000581,0xb6f572b84e92f4568ef19de185560f940b75c0fb4f0caf258328459b86a4e3cb
105,1,0.01,0x754df5f4ce6ce6ae6a31be6208da52e96a245100,2017-11-01T21:50:33.000Z,0.01,0xffd7611a52a71685a932c6f696d99df0aea5db30,buy,0x4156d3342d5c385a87d264f90653733592000581,0x2aedbc96bd31486a90976facf25dcdf7b25f910ada7618f35ce5356833725f5c
106,13.909,0.13714274,0x754df5f4ce6ce6ae6a31be6208da52e96a245100,2017-11-01T21:48:44.000Z,0.00986,0x2d1204d83b9182c5755ad06c1c24767786527928,buy,0x4156d3342d5c385a87d264f90653733592000581,0xe90bd62f6ae63442735441fd92b17db19fade2e28be308c8db5afe1dc269c301
107,329.2,3.245912,0x963f2e71a399ffc45ae739511bd44e1ad52b611a,2017-11-01T21:46:43.000Z,0.00986,0x2d1204d83b9182c5755ad06c1c24767786527928,buy,0x4156d3342d5c385a87d264f90653733592000581,0x41fccd4cd301c42761ca408d71398e1cddc8ddaa96a9dbd3115055c2db950453
108,387.39072118,3.4826425834082,0x2d1204d83b9182c5755ad06c1c24767786527928,2017-11-01T21:43:23.000Z,0.00899,0xba7e1694f3d7c47e93813aecca907c74999bafac,sell,0x4156d3342d5c385a87d264f90653733592000581,0xb0b35f66a0582e83d312a4e36047fd8b99638ffbcb1bcc7f484c117a7edad9a3
109,61.85,0.56902,0x963f2e71a399ffc45ae739511bd44e1ad52b611a,2017-11-01T21:43:06.000Z,0.0092,0x471f6cbf775e02b7cc8b799e0cc3403608099157,buy,0x4156d3342d5c385a87d264f90653733592000581,0x6593ccf0a0c2519876e915b36381cabfc4c88bff53bd290836824bb98c913e1b
110,97,0.9118,0x963f2e71a399ffc45ae739511bd44e1ad52b611a,2017-11-01T21:43:06.000Z,0.0094,0x3c0e781116e7ebcfcee0955f314bdac09bf1813d,buy,0x4156d3342d5c385a87d264f90653733592000581,0xccce1e6fe79c8a960ade8d1d62a67016e0ea2d3aea8bb93cf7d41fdc982eee13
111,15,0.1332,0x963f2e71a399ffc45ae739511bd44e1ad52b611a,2017-11-01T21:42:28.000Z,0.00888,0x383932e5467528999954bf192452e390e1c84795,buy,0x4156d3342d5c385a87d264f90653733592000581,0x7cc84d40facada9dd496bf8a675cdda01190bb1b48d3a13613279b0aea2b4551
112,200,2.08,0x963f2e71a399ffc45ae739511bd44e1ad52b611a,2017-11-01T21:41:28.000Z,0.0104,0x5f2ce35dca6626c5c934fed00b0c1986156ee9ff,buy,0x4156d3342d5c385a87d264f90653733592000581,0x6fb3f021802f34938366ed8fcf7df4a2be9a16a67e2fea9442f0e1f8be70f45c
113,406.162,3.9397714,0x963f2e71a399ffc45ae739511bd44e1ad52b611a,2017-11-01T21:40:56.000Z,0.0097,0xae34e154beff3ea26dbf5062ea8efcecb5857ba7,buy,0x4156d3342d5c385a87d264f90653733592000581,0x6a9c66a815584fbdd8ebfe405e523f8acfa336c6a133ecd4d4e3767c4ad494d8
114,10.195322,0.09165594478,0x2d1204d83b9182c5755ad06c1c24767786527928,2017-11-01T21:40:26.000Z,0.00899,0xf44072eda87ede9613b6ae1b812de8a60ade27a2,sell,0x4156d3342d5c385a87d264f90653733592000581,0xdfd7cc27cff46c4d6d7ead62948b72fcfb09e0b67ca75ae98f7c0a655a3187cb
115,10.226,0.0884549,0xf44072eda87ede9613b6ae1b812de8a60ade27a2,2017-11-01T21:40:26.000Z,0.00865,0xc0d25eec41257298c8501ffbf79253786602a882,buy,0x4156d3342d5c385a87d264f90653733592000581,0xdfd7cc27cff46c4d6d7ead62948b72fcfb09e0b67ca75ae98f7c0a655a3187cb
116,435,4.002,0x963f2e71a399ffc45ae739511bd44e1ad52b611a,2017-11-01T21:40:09.000Z,0.0092,0x2d1204d83b9182c5755ad06c1c24767786527928,buy,0x4156d3342d5c385a87d264f90653733592000581,0x0016afc3c293ecca33e80013eb8c66c445f666a95ab0b700c5a192543203459e
117,130,1.1362,0x963f2e71a399ffc45ae739511bd44e1ad52b611a,2017-11-01T21:39:28.000Z,0.00874,0x254fb89e4cab71708eaab16e067ca8156a38e18a,buy,0x4156d3342d5c385a87d264f90653733592000581,0x7c007ca851d2da08f180a1e47c2df6ea52bc50e077735c95d1ffacedfa45c3ca
118,37.338,0.32260032,0x963f2e71a399ffc45ae739511bd44e1ad52b611a,2017-11-01T21:39:28.000Z,0.00864,0x1eaa18a0e964d346f2b5182be3f97d7aab5145b9,buy,0x4156d3342d5c385a87d264f90653733592000581,0x727e53f6180a680318b42acd6c60f13b1bc8ca328380197d41530641a198d156
119,25,0.216,0x963f2e71a399ffc45ae739511bd44e1ad52b611a,2017-11-01T21:39:01.000Z,0.00864,0xc297ce89eb439223c078dc3f8f89d886de014e52,buy,0x4156d3342d5c385a87d264f90653733592000581,0xa5e90c267699174273d5f37c1052d0c7165b3e76d8fe00d25fd6367d9754abac
120,22.442,0.1930012,0x963f2e71a399ffc45ae739511bd44e1ad52b611a,2017-11-01T21:38:23.000Z,0.0086,0x9816c1382b872b84d2c4d6b9f8e9193d4b9671c5,buy,0x4156d3342d5c385a87d264f90653733592000581,0x5de5d7b341f7cbf1e38054d498e4c05db5cc9e27c390bdf78dc244f802ed28a5
121,1035,10.0395,0xdb1c89d71a297fcd5fd2a1110fe5fa871c3f98f0,2017-11-01T21:32:09.000Z,0.0097,0xae34e154beff3ea26dbf5062ea8efcecb5857ba7,buy,0x4156d3342d5c385a87d264f90653733592000581,0x88b96a646d6e6422edc4989ffcb90431174bcb099e8db15b6bbc718b6c162cbb
122,55.5,0.47952,0x684d8908430c84029b4e8b8e74f94860dab94a38,2017-11-01T21:23:39.000Z,0.00864,0x1eaa18a0e964d346f2b5182be3f97d7aab5145b9,buy,0x4156d3342d5c385a87d264f90653733592000581,0x4daf179ca844dde9bec5d9dbc3d626ad207dca2aaf38b4b644312757de560a3c
123,5.07685434,0.043864021533246936,0xcdfb3244f20e645777717977ea9e7de427e3be5d,2017-11-01T21:12:45.000Z,0.008640000007021462,0x1eaa18a0e964d346f2b5182be3f97d7aab5145b9,buy,0x4156d3342d5c385a87d264f90653733592000581,0xd57ea905924abdc49f885e7e6f36941a0a99b0e17be3fd605d216fd70b2b06f3
124,9.49986889,0.0741939760309,0x28a65ff3ee1109e0c07a3adee9c356ae7b097fa3,2017-11-01T21:10:35.000Z,0.00781,0xf01bddaf7a9dc5f7382a9385aba23d546ee8f5ff,sell,0x4156d3342d5c385a87d264f90653733592000581,0x3c9d751115e3fa05101bc932bc533f03a2bc3b366ca470aa6ef0b10c5637ad1d
125,115,0.99475,0x957734f845786adb2688197a46e2a6d8c00099be,2017-11-01T21:09:09.000Z,0.00865,0xc0d25eec41257298c8501ffbf79253786602a882,buy,0x4156d3342d5c385a87d264f90653733592000581,0x08617bb3660bf3683aeb6bedeb5b5b8225d3514050f48250c7ca8ddfe0009f61
126,77.08496635,0.6660141092872096,0xbca1a493ca81afac8567cd26a566de97502c7862,2017-11-01T21:07:00.000Z,0.008640000000301093,0x1eaa18a0e964d346f2b5182be3f97d7aab5145b9,buy,0x4156d3342d5c385a87d264f90653733592000581,0x8526c7c0b6773f51287211a69d002b81408f69e99e99c8d7b2aa6b485be45253
127,15.162,0.130529658,0xbca1a493ca81afac8567cd26a566de97502c7862,2017-11-01T21:04:31.000Z,0.008609,0xb213d84b4f70bf340a1ffc22db3b983f5f01c34e,buy,0x4156d3342d5c385a87d264f90653733592000581,0x0859d52022957a0aa64dbb9d0fcd2fa520dfacf3d5982ae967801200181d003e
128,9.52931849,0.072422820524,0xf01bddaf7a9dc5f7382a9385aba23d546ee8f5ff,2017-11-01T21:00:14.000Z,0.0076,0x6c723da0e2243be0d60a23801c00039b98ce35d6,sell,0x4156d3342d5c385a87d264f90653733592000581,0x2b5b3836cb5f352c8cdb30ad8d2eb55544b73020c150b970a0e874e7f1408341
129,12,0.0936,0x8566f8ec2b3f9354fa1f92340949125872f3a836,2017-11-01T20:59:04.000Z,0.0078,0x6c723da0e2243be0d60a23801c00039b98ce35d6,sell,0x4156d3342d5c385a87d264f90653733592000581,0xab6342b0aaa69e648fe9d7d59aa1060ed7726f1fa5a3b5a5435275f1f1ebec56
130,57.53684534,0.4720898160147,0x21b2ec62e93954074cde69ae0ccb2faa65f66075,2017-11-01T20:59:04.000Z,0.008205,0x6c723da0e2243be0d60a23801c00039b98ce35d6,sell,0x4156d3342d5c385a87d264f90653733592000581,0xf53bfc173684b341cc47469ddfa97d77246ca41a65f18e67b3f963b1e2817241
131,24.925,0.224325,0x158e25df0ee49ce2ccf15fb3f42a0ae6b689afa3,2017-11-01T20:57:04.000Z,0.009,0x273a5d3e6721b9f5c1a6474f560c1334c63dda01,sell,0x4156d3342d5c385a87d264f90653733592000581,0x4c8d8b24e215ca5cedee07d5318d9b4f4d582addcae911a3968ec20c35bce618
132,25,0.216,0x273a5d3e6721b9f5c1a6474f560c1334c63dda01,2017-11-01T20:57:04.000Z,0.00864,0x1eaa18a0e964d346f2b5182be3f97d7aab5145b9,buy,0x4156d3342d5c385a87d264f90653733592000581,0x4c8d8b24e215ca5cedee07d5318d9b4f4d582addcae911a3968ec20c35bce618
133,18.97418004,0.1556831472282,0x21b2ec62e93954074cde69ae0ccb2faa65f66075,2017-11-01T20:56:14.000Z,0.008205,0xc1c59390f2aaa7def424605d96769ef7a7c64916,sell,0x4156d3342d5c385a87d264f90653733592000581,0x3bf2b19e69c8e17b231adff6d166da0709f0e0343c1261281af0c9ba7e197d6f
134,72.65156753,0.6168118083939786,0x61617f93fd933aab1a6121b10c40209e847c7866,2017-11-01T20:38:06.000Z,0.008490000000884753,0x3c0e781116e7ebcfcee0955f314bdac09bf1813d,buy,0x4156d3342d5c385a87d264f90653733592000581,0x9b4b787b90fdd24b300dbfe4255b1654f07264b3ec1d6ecc2f36ecae67960afc
135,1000,8.61,0x61617f93fd933aab1a6121b10c40209e847c7866,2017-11-01T20:37:49.000Z,0.00861,0x1eaa18a0e964d346f2b5182be3f97d7aab5145b9,buy,0x4156d3342d5c385a87d264f90653733592000581,0xb411042135640f115fb25b5e2477a81c9bc97817f70cf25ddcc25507d9302f08
136,10,0.0849,0xb775824a6898addd0d17844a460ccef1309f5dc4,2017-11-01T20:37:23.000Z,0.00849,0x3c0e781116e7ebcfcee0955f314bdac09bf1813d,buy,0x4156d3342d5c385a87d264f90653733592000581,0x7b60192f10fce3f8e955ccdd31f4a0426a86e9dfee73bc73d69a607565d5e7b2
137,30,0.2547,0xb09ff029290a7a5aecb1b08cf61f50e5c1476262,2017-11-01T20:13:53.000Z,0.00849,0x3c0e781116e7ebcfcee0955f314bdac09bf1813d,buy,0x4156d3342d5c385a87d264f90653733592000581,0x8501b9bb3a9839acdece1c36f4f26f8977b3aa12e1798afe748118686e4d6683
138,30,0.254699997,0xc25cb95a525a527e012093126da809361c33bfcf,2017-11-01T19:57:21.000Z,0.0084899999,0x36ac32b737afb8c3f35056fd8ea1e68cff54208f,buy,0x4156d3342d5c385a87d264f90653733592000581,0x3e023c3feda8e79753ea776c37b24077a9610ad74b518e0fade1a8068120e6ab
139,2.34843246,0.01993819160602133,0xcdfb3244f20e645777717977ea9e7de427e3be5d,2017-11-01T19:36:43.000Z,0.008490000008780892,0x3c0e781116e7ebcfcee0955f314bdac09bf1813d,buy,0x4156d3342d5c385a87d264f90653733592000581,0xf6ecb31847b77c49cb077b3c30c55ed5a2effc755df1fca9dcddd488ed4f4814
140,168.2,1.344759,0x41a55562d3ea66f8ee2d4ecd7500d819a9ff83c5,2017-11-01T19:33:44.000Z,0.007995,0xb3d98d091d3229291823fcb828446f7e7f780a14,buy,0x4156d3342d5c385a87d264f90653733592000581,0xdab40b8ac556b7e0231f9dc07dc544c7c19995feefe95ec2307535cd2f6eefa4
141,11.02399999,0.09411288016218534,0xc25cb95a525a527e012093126da809361c33bfcf,2017-11-01T19:33:44.000Z,0.00853709000794233,0x5b26b28a924765d24176f87e219c719484404b62,buy,0x4156d3342d5c385a87d264f90653733592000581,0x62c252fc3a0485744bd9dc72dd0226d802afb4a53f99155ca86986797d0c657a
142,25,0.199875,0x49ef69ad25f2f37761fd336a6024360e243614f3,2017-11-01T19:25:11.000Z,0.007995,0xb3d98d091d3229291823fcb828446f7e7f780a14,buy,0x4156d3342d5c385a87d264f90653733592000581,0xe0f4048a30412b3554294a97762a64750006e88c6363512425248d58c983774f
143,120,0.96,0x3c0e781116e7ebcfcee0955f314bdac09bf1813d,2017-11-01T19:12:55.000Z,0.008,0xb3d98d091d3229291823fcb828446f7e7f780a14,sell,0x4156d3342d5c385a87d264f90653733592000581,0x8096202f9d6d8edbdcffd1828ea47a910ef723abaa3bbc70f4954b38afb36e8f
144,3,0.02548539,0x1a96f3bc6cd0e9db43e89f983d4227ec5f707539,2017-11-01T19:12:21.000Z,0.00849513,0xb3d98d091d3229291823fcb828446f7e7f780a14,buy,0x4156d3342d5c385a87d264f90653733592000581,0xcd821b8f3b8c29477c7b11f9c98b16875adb0f5d5480a520d4a0f532d77d80db
145,6,0.05097078,0xd5f6f23b67831e2b81d37c2a15781403eae63a3f,2017-11-01T19:12:11.000Z,0.00849513,0xb3d98d091d3229291823fcb828446f7e7f780a14,buy,0x4156d3342d5c385a87d264f90653733592000581,0xe2c591b83fb62bc9ffa622ac704bb2bf03f7497f98a46b7bfb55fcdbd53975e8
146,452,3.83979876,0xa2dde1f01d281987f3659c665662dd8efdb96a39,2017-11-01T19:10:28.000Z,0.00849513,0xb3d98d091d3229291823fcb828446f7e7f780a14,buy,0x4156d3342d5c385a87d264f90653733592000581,0xfb9d9787d6603192e689828f712a7870377f31337f045f38edd4165bdcba4525
147,79,0.631605,0x273a5d3e6721b9f5c1a6474f560c1334c63dda01,2017-11-01T19:08:13.000Z,0.007995,0xb3d98d091d3229291823fcb828446f7e7f780a14,buy,0x4156d3342d5c385a87d264f90653733592000581,0x085d0b25b485317bb457f94ad1003f05f1ad3c040ea523f547b56cf2c9e247f1
148,78.763,0.6773618,0x6ababd85bc481819d6bf16579914e861c7f89e00,2017-11-01T19:08:13.000Z,0.0086,0x273a5d3e6721b9f5c1a6474f560c1334c63dda01,sell,0x4156d3342d5c385a87d264f90653733592000581,0x085d0b25b485317bb457f94ad1003f05f1ad3c040ea523f547b56cf2c9e247f1
149,34.99999999,0.3004795500145176,0x8103a1614ca0f52ff629093280c46891ecd072f1,2017-11-01T19:07:55.000Z,0.008585130002867683,0x5b26b28a924765d24176f87e219c719484404b62,buy,0x4156d3342d5c385a87d264f90653733592000581,0x6a623cdf235550f9e50eacaa3c1232a6478d537f9b5e799a0de9cc60972ebd05
150,48,0.41232,0xa2dde1f01d281987f3659c665662dd8efdb96a39,2017-11-01T19:07:55.000Z,0.00859,0x3c0e781116e7ebcfcee0955f314bdac09bf1813d,buy,0x4156d3342d5c385a87d264f90653733592000581,0xc877192659555d20b11cb51d17577aaff66b7a325cb1952958097ce9b2c18855
151,50,0.4295,0xa2dde1f01d281987f3659c665662dd8efdb96a39,2017-11-01T19:07:20.000Z,0.00859,0x3c0e781116e7ebcfcee0955f314bdac09bf1813d,buy,0x4156d3342d5c385a87d264f90653733592000581,0xf4253b72ba0de5dc5eda48f0b05515e2b44603a98caa8d0060d540f406fb16ae
152,240.054,2.0644644,0x091e4fa9c3d57e77917969cda0345b6f2b3192b3,2017-11-01T19:07:13.000Z,0.0086,0x3ec0a413a32ebeef1db7ae3ba910a53af70f0242,sell,0x4156d3342d5c385a87d264f90653733592000581,0x2d874451ac5e94c26aac911c7edc04ef404575804a02d9d0cc6812040a5b0b6e
153,150,1.29,0xa2dde1f01d281987f3659c665662dd8efdb96a39,2017-11-01T19:06:15.000Z,0.0086,0x3ec0a413a32ebeef1db7ae3ba910a53af70f0242,buy,0x4156d3342d5c385a87d264f90653733592000581,0xb3019cac0213d46dc5a28e67d8ab50fbd972c8d2c780ace23dbe3dd418e042fe
154,34.99999999,0.3004795500145176,0x8103a1614ca0f52ff629093280c46891ecd072f1,2017-11-01T19:05:24.000Z,0.008585130002867683,0x5b26b28a924765d24176f87e219c719484404b62,buy,0x4156d3342d5c385a87d264f90653733592000581,0x7472517f6edc8b61c9b30b43d793ec47a10170e3456b9fa688a9e72b546264fc
155,9.94590177,0.085534755222,0x091e4fa9c3d57e77917969cda0345b6f2b3192b3,2017-11-01T19:05:02.000Z,0.0086,0xf44072eda87ede9613b6ae1b812de8a60ade27a2,sell,0x4156d3342d5c385a87d264f90653733592000581,0x1bb685c8d90553ef7bd528ded1843d9c5d5d39028e99aa7d7b58b03aba49b748
156,9.97582925,0.08180178995617074,0xf44072eda87ede9613b6ae1b812de8a60ade27a2,2017-11-01T19:05:02.000Z,0.008199999008219867,0xecba73e96217cdb23afff854446dda91a103e7fd,buy,0x4156d3342d5c385a87d264f90653733592000581,0x1bb685c8d90553ef7bd528ded1843d9c5d5d39028e99aa7d7b58b03aba49b748
157,3.78935699,0.0296327716618,0x8103a1614ca0f52ff629093280c46891ecd072f1,2017-11-01T19:01:10.000Z,0.00782,0x1a96f3bc6cd0e9db43e89f983d4227ec5f707539,sell,0x4156d3342d5c385a87d264f90653733592000581,0x4072105884f90e0ff2cf857df8603f95598f6321e067921c38df9b0dbfd3aeed
158,100,0.864,0x0032dca7b4ba38f6b91902a76dd074a44a9ac95a,2017-11-01T19:01:10.000Z,0.00864,0x1eaa18a0e964d346f2b5182be3f97d7aab5145b9,buy,0x4156d3342d5c385a87d264f90653733592000581,0xf8ac529823341a2cc599a6b4b1724e6008e5b221f96198012af63fdb1c9e955b
159,298.3,2.4460597017,0xa2dde1f01d281987f3659c665662dd8efdb96a39,2017-11-01T18:58:41.000Z,0.008199999,0xecba73e96217cdb23afff854446dda91a103e7fd,buy,0x4156d3342d5c385a87d264f90653733592000581,0x3e946525e19ae8bb3e0bf4cae0c7516b34c7412dd52c4d2da85dd773e0f29afa
160,519.97167111,4.15717351052445,0xb36db62a0841d949662068252f68e2d0e0f9142e,2017-11-01T18:51:19.000Z,0.007995,0xb3d98d091d3229291823fcb828446f7e7f780a14,buy,0x4156d3342d5c385a87d264f90653733592000581,0x3aa5b965c01ee5a1711a4feb501d229ea987010df72c086fb46beef960f381cf
161,50.56257922,0.4028533049370156,0xb36db62a0841d949662068252f68e2d0e0f9142e,2017-11-01T18:43:21.000Z,0.007967420000158282,0x5b26b28a924765d24176f87e219c719484404b62,buy,0x4156d3342d5c385a87d264f90653733592000581,0x545816a3fa4d41645c3f4949968f604fb009544a34cec63066698eae834a3717
162,15,0.1198485,0x1981765200d3fd2c9f7f643256213b5556629374,2017-11-01T18:42:57.000Z,0.0079899,0xecba73e96217cdb23afff854446dda91a103e7fd,buy,0x4156d3342d5c385a87d264f90653733592000581,0xb25f710c4380d209b583174ea4704c65c8a14bb0403bf17878816e1dcf1b6f74
163,399.7263774,2.9984410928497116,0x98b8f889dbe2b5c4c5879f65e13b24012f2afdce,2017-11-01T18:41:05.000Z,0.007501234,0xa110c8fb29ceb0478b4855bd6a7823d6cd639c21,sell,0x4156d3342d5c385a87d264f90653733592000581,0xf613551ac1edc57f4f62506835f137f2e74ec4b27a48d245b8cac8352864cf0f
164,100,0.798,0xb36db62a0841d949662068252f68e2d0e0f9142e,2017-11-01T18:40:29.000Z,0.00798,0x1eaa18a0e964d346f2b5182be3f97d7aab5145b9,buy,0x4156d3342d5c385a87d264f90653733592000581,0x1465a8d1f75cc9ece31eb8dc8cb72e41cef92ab13901cea46a7e8e5dd35da2eb
165,124.39995569,0.9911466950629844,0xb36db62a0841d949662068252f68e2d0e0f9142e,2017-11-01T18:37:49.000Z,0.007967420000798751,0x5b26b28a924765d24176f87e219c719484404b62,buy,0x4156d3342d5c385a87d264f90653733592000581,0xd79c1ae2132d866ce8eef58cbc46a211734e109db26d2321daa5bf423b98452a
166,6.48447697,0.04864157911958098,0x98b8f889dbe2b5c4c5879f65e13b24012f2afdce,2017-11-01T18:28:23.000Z,0.007501234,0x3dee4a4e076e8d82859d241db0baf46f112cfa23,sell,0x4156d3342d5c385a87d264f90653733592000581,0xd390eafe42c76de2d0c6560ce2a8365c9b447514079750504572ae47a30abe07
167,6.4896245,0.04868062026185,0x3dee4a4e076e8d82859d241db0baf46f112cfa23,2017-11-01T18:21:34.000Z,0.0075013,0xc26c6c4ce3c03949a75264b1be0357bcb69447f7,sell,0x4156d3342d5c385a87d264f90653733592000581,0x04d8f4a3fe485adee28516ca8857e3c448e95e69be0f16ed4287a170b3644ca3
168,97.42332823,0.7307951821120359,0x98b8f889dbe2b5c4c5879f65e13b24012f2afdce,2017-11-01T18:20:06.000Z,0.007501234,0xc26c6c4ce3c03949a75264b1be0357bcb69447f7,sell,0x4156d3342d5c385a87d264f90653733592000581,0x6bb99f2916dc69cff49e8cc0c748c2aa68ef3643dabe4f9eeaa865a969abd2e4
169,80,0.60009872,0x98b8f889dbe2b5c4c5879f65e13b24012f2afdce,2017-11-01T18:16:40.000Z,0.007501234,0xc26c6c4ce3c03949a75264b1be0357bcb69447f7,sell,0x4156d3342d5c385a87d264f90653733592000581,0xc90042dd2d7d3909e7a04c2d5b2341a3aed9bf354e0a941800352923ae0403bc
170,100,0.78,0xb36db62a0841d949662068252f68e2d0e0f9142e,2017-11-01T18:15:48.000Z,0.0078,0x9822d473b37741449b7e3b956c3e537792fbca46,buy,0x4156d3342d5c385a87d264f90653733592000581,0x32f66ea0b55172f0d0af112ba8e2ffc28dec720f4d540ce047077154a7b7b1ba
171,1.6,0.01232,0xffd7611a52a71685a932c6f696d99df0aea5db30,2017-11-01T18:12:23.000Z,0.0077,0xc26c6c4ce3c03949a75264b1be0357bcb69447f7,sell,0x4156d3342d5c385a87d264f90653733592000581,0x9b94afa144eb73eab92bc41e633398627c25877d66867078cb376188cbb77f0d
172,100,0.76,0x3b617201c4b7ff9603fc7fa21f24252b98d3326f,2017-11-01T18:10:34.000Z,0.0076,0xc26c6c4ce3c03949a75264b1be0357bcb69447f7,sell,0x4156d3342d5c385a87d264f90653733592000581,0xe4de42e2cf25d22777acc2b7f5e130bd81fe2e46e7e8d910fa522fada1d4517b
173,500,3.750617,0x98b8f889dbe2b5c4c5879f65e13b24012f2afdce,2017-11-01T18:10:34.000Z,0.007501234,0xc26c6c4ce3c03949a75264b1be0357bcb69447f7,sell,0x4156d3342d5c385a87d264f90653733592000581,0x707089bd0efb57d2e1f4dc34dec707921069e4320666d5c7cb622f303cd96def
174,99.562,0.79550038,0xb36db62a0841d949662068252f68e2d0e0f9142e,2017-11-01T18:10:34.000Z,0.00799,0x1eaa18a0e964d346f2b5182be3f97d7aab5145b9,buy,0x4156d3342d5c385a87d264f90653733592000581,0x0cc7114ab449b61ef49198ddf463948a50a32bb07fd7e08d053dcf2da72fbf28
175,120,0.936,0x3efd9b0bd8e4595bc494539aca584821950106ee,2017-11-01T18:10:02.000Z,0.0078,0xb3d98d091d3229291823fcb828446f7e7f780a14,sell,0x4156d3342d5c385a87d264f90653733592000581,0x22147348ca688357fd0d31f8d3c8b33ff550dc1e20055fd680c032265d1e95ba
176,0.438,0.00349962,0x1a96f3bc6cd0e9db43e89f983d4227ec5f707539,2017-11-01T18:09:22.000Z,0.00799,0x1eaa18a0e964d346f2b5182be3f97d7aab5145b9,buy,0x4156d3342d5c385a87d264f90653733592000581,0xec09bce6a94e9ee233f5189b2e8ed03cc246205d2090e82c4b3fb73bd053dd39
177,200,1.50026,0x3dee4a4e076e8d82859d241db0baf46f112cfa23,2017-11-01T18:09:09.000Z,0.0075013,0xc26c6c4ce3c03949a75264b1be0357bcb69447f7,sell,0x4156d3342d5c385a87d264f90653733592000581,0x8fc805dbda00e13fc587680bc8dbc5347a23025e85be3a465ef39ee9b8f014d7
178,10,0.077777777,0xb0d2ce3e2bfbc1a47dbfe5b3eef5335284dfeb49,2017-11-01T18:07:17.000Z,0.0077777777,0xc26c6c4ce3c03949a75264b1be0357bcb69447f7,sell,0x4156d3342d5c385a87d264f90653733592000581,0x912db4e44745989cf50d00e95e3932db6fd7fe03deb54e9e0623192bb3dbec2f
179,890,6.853,0xec2502fb3e05e03f0c05a737a9de7567ec08f853,2017-11-01T18:06:18.000Z,0.0077,0xb3d98d091d3229291823fcb828446f7e7f780a14,sell,0x4156d3342d5c385a87d264f90653733592000581,0xa4df29a4cc53548e385cf7c34b5fc6225a58a63c9f8178431d140771320c673f
180,0.1,0.01,0x7516afd5e479af411ec1f0398c55a19bd7762a36,2017-11-01T18:04:00.000Z,0.1,0x2c34973c4c46f13534c81a893645f347b65c89d6,buy,0x4156d3342d5c385a87d264f90653733592000581,0x14cf3af5c44b62775676040f50195d0acacc9306b7b279215ce5ea5906007f1a
181,110,0.847,0xec2502fb3e05e03f0c05a737a9de7567ec08f853,2017-11-01T18:02:32.000Z,0.0077,0x5d755ef2efebd5fe534d930f32ed760c78f88d2a,sell,0x4156d3342d5c385a87d264f90653733592000581,0x723a93f0b065ebb98c93f905c127efc65d2aedca782619571db36bec98d8bb95
182,59.6,0.459814,0xb213d84b4f70bf340a1ffc22db3b983f5f01c34e,2017-11-01T18:01:29.000Z,0.007715,0x5d755ef2efebd5fe534d930f32ed760c78f88d2a,sell,0x4156d3342d5c385a87d264f90653733592000581,0xf138955cbb725fb6043818902d8952932b603507e143987d147ba1503b307186
183,5,0.0525,0x7516afd5e479af411ec1f0398c55a19bd7762a36,2017-11-01T18:01:16.000Z,0.0105,0xbde166024b8e84042dd97dc292b130bf0cc715fa,buy,0x4156d3342d5c385a87d264f90653733592000581,0x8515018c053a31f0dcf05942d204b92245055e9be80e3d81d26b962fa2a8a3cb
184,40.4,0.311686,0xb213d84b4f70bf340a1ffc22db3b983f5f01c34e,2017-11-01T17:59:50.000Z,0.007715,0x34f7cfba755bf8ad0f8d9ce77401931c63072b9a,sell,0x4156d3342d5c385a87d264f90653733592000581,0x317d875fbd1b58f691f7a0b9e202713e3af79a7833eebad44b3a887d69b4bdd0
185,9.988,0.099870012,0x7516afd5e479af411ec1f0398c55a19bd7762a36,2017-11-01T17:57:53.000Z,0.009999,0x8c00e2da7f4801e1c445463ee76188c8bef0c59a,buy,0x4156d3342d5c385a87d264f90653733592000581,0xdb2b7086851b2255c3ec37bb3ac5bface1f9632aabdbdacfe0eb712e22988f5d
186,112.5,0.9,0x405183b5c1e41004cd4f7ffd2ac9ceabbe499393,2017-11-01T17:57:39.000Z,0.008,0xecba73e96217cdb23afff854446dda91a103e7fd,sell,0x4156d3342d5c385a87d264f90653733592000581,0x5587272b18db6a28799f5bf450c355f798bec3bea3eafa338531dd4d59093c41
187,2,0.0162,0xffd7611a52a71685a932c6f696d99df0aea5db30,2017-11-01T17:55:13.000Z,0.0081,0x34f7cfba755bf8ad0f8d9ce77401931c63072b9a,sell,0x4156d3342d5c385a87d264f90653733592000581,0x68d1d0e6fda601ad1182602b276a766e49ab8a96478f4bcc2e4150f1929c27fe
188,21.755,0.17865206,0xe9ebee76a902b6536c0bddf79ac4c4343e5bdbfb,2017-11-01T17:52:56.000Z,0.008212,0xecba73e96217cdb23afff854446dda91a103e7fd,sell,0x4156d3342d5c385a87d264f90653733592000581,0xa3c16f008eee26672d70f7c12b1dab3d5925b5c88664d03308bb0ca77f3c2122
189,100,0.859,0x7516afd5e479af411ec1f0398c55a19bd7762a36,2017-11-01T17:52:23.000Z,0.00859,0x1eaa18a0e964d346f2b5182be3f97d7aab5145b9,buy,0x4156d3342d5c385a87d264f90653733592000581,0x45fbd07661dd74096f33288c609225d008f15752eddc826414914f4a6ca639b8
190,500,3.95,0x35669c224a468c878703468d33ee7447cd751801,2017-11-01T17:46:25.000Z,0.0079,0xbd11a3bae9ea4473053ad48d83e887e4bae2c3cf,sell,0x4156d3342d5c385a87d264f90653733592000581,0xe0ea9e0735c1af8f9ef5b2f51a986eae15208a86648cb560919ac82280feddd9
191,8.97218622,0.07366171167150354,0xecba73e96217cdb23afff854446dda91a103e7fd,2017-11-01T17:38:30.000Z,0.008210007,0xf56a5813467b2b28d095877a40df468290e747e4,sell,0x4156d3342d5c385a87d264f90653733592000581,0x142c8fd8ae777ba0631d06b5a66a4a151de0b1173dc4623ec9d820ddd86660ed
192,32.25034841,0.26477558619853886,0xecba73e96217cdb23afff854446dda91a103e7fd,2017-11-01T17:25:55.000Z,0.008210007,0x9e1477cd68e8e375705ccb3dcf5764fe901de3ef,sell,0x4156d3342d5c385a87d264f90653733592000581,0x4f83d8c6cf1082b261c4c394edbb12becea21a526cc77271a2f36bac821b6eb3
193,115.046,0.977891,0xc30cbb75be14b9aecc126f4407150a7c61861b84,2017-11-01T17:24:02.000Z,0.0085,0x3ec0a413a32ebeef1db7ae3ba910a53af70f0242,sell,0x4156d3342d5c385a87d264f90653733592000581,0x4e817a13b0084fb1008375d048892d5416aac52e8b0507172ea5bc207e2dc204
194,120,1.02,0xc30cbb75be14b9aecc126f4407150a7c61861b84,2017-11-01T17:22:56.000Z,0.0085,0x3ec0a413a32ebeef1db7ae3ba910a53af70f0242,sell,0x4156d3342d5c385a87d264f90653733592000581,0xd24e99a06142a49fbcdd40469a98ccba5a962e594bdadf6cad6faedf837dc262
195,14.95364421,0.127105975785,0xc30cbb75be14b9aecc126f4407150a7c61861b84,2017-11-01T17:22:56.000Z,0.0085,0x7ad2815cc4356b14e484dfe577e8899701608500,sell,0x4156d3342d5c385a87d264f90653733592000581,0x6fc931a8e4db5a0d53ce8c1f90b263a9c2262d19eb96224b329b2a31d9b10a0b
196,53.24493066,0.43724737057992,0xe9ebee76a902b6536c0bddf79ac4c4343e5bdbfb,2017-11-01T17:19:19.000Z,0.008212,0x9e1477cd68e8e375705ccb3dcf5764fe901de3ef,sell,0x4156d3342d5c385a87d264f90653733592000581,0x799b20d791ea1054cfaeed569dfa272569a4006fabef652dcd96aab54c2f395d
197,15,0.1233,0x383932e5467528999954bf192452e390e1c84795,2017-11-01T17:18:03.000Z,0.00822,0x9e1477cd68e8e375705ccb3dcf5764fe901de3ef,sell,0x4156d3342d5c385a87d264f90653733592000581,0xe55f076a962acb149f2d1c25841a26dd47ff843de205b73fd27d181bc082fcc3
198,20,0.166,0x356b224837f1c8a2e5456a854c7560cf4cd0c091,2017-11-01T17:17:31.000Z,0.0083,0x9e1477cd68e8e375705ccb3dcf5764fe901de3ef,sell,0x4156d3342d5c385a87d264f90653733592000581,0xb1b4096040978bbecbfc422341b1b534869d4a1ba6af0f40b0218b08a7ed9fab
199,20.524,0.17096492,0x219d5c08ac120a3c285654dee6cc7e052db023b0,2017-11-01T17:16:59.000Z,0.00833,0x9e1477cd68e8e375705ccb3dcf5764fe901de3ef,sell,0x4156d3342d5c385a87d264f90653733592000581,0x15eed1776b245fa48719ac255722c37cae251b5604a829fe39ce86ebf9ce1a94
200,160,1.31360128,0x5d755ef2efebd5fe534d930f32ed760c78f88d2a,2017-11-01T17:13:12.000Z,0.008210008,0xbd11a3bae9ea4473053ad48d83e887e4bae2c3cf,sell,0x4156d3342d5c385a87d264f90653733592000581,0x0a90a8c074236c6e11d46b959120bda80874da26a7f8d73350c4374b546585fb
201,1000,8.21,0x1eaa18a0e964d346f2b5182be3f97d7aab5145b9,2017-11-01T17:13:12.000Z,0.00821,0xbd11a3bae9ea4473053ad48d83e887e4bae2c3cf,sell,0x4156d3342d5c385a87d264f90653733592000581,0xd323c22e6ae8dcc4b62c952ccf728811d5980af658f767b6a737a3a9027ac784
202,416.71098857,3.42120013313662,0xecba73e96217cdb23afff854446dda91a103e7fd,2017-11-01T17:12:40.000Z,0.008210007,0xb3d98d091d3229291823fcb828446f7e7f780a14,sell,0x4156d3342d5c385a87d264f90653733592000581,0xdcbe326995f446990c99396dc9d58500ad409f826e3e6bf8160b9ef7043a3b67
203,27.04439419,0.2252798036027,0x219d5c08ac120a3c285654dee6cc7e052db023b0,2017-11-01T17:11:09.000Z,0.00833,0x3efd9b0bd8e4595bc494539aca584821950106ee,sell,0x4156d3342d5c385a87d264f90653733592000581,0x5b4738af23d7051627ecab371557b9486c5d0b8ef630575d7563d0a3cf61dede
204,30,0.2519943,0x36ac32b737afb8c3f35056fd8ea1e68cff54208f,2017-11-01T17:09:51.000Z,0.00839981,0x3efd9b0bd8e4595bc494539aca584821950106ee,sell,0x4156d3342d5c385a87d264f90653733592000581,0xa744e1684ec46703c49d76b2193ddf35c2c9d45653b3f97aa36707a8ea846137
205,65,0.545987,0x55be510da4f4892d84369ed143c2d9ac1a4c1907,2017-11-01T17:09:33.000Z,0.0083998,0x3efd9b0bd8e4595bc494539aca584821950106ee,sell,0x4156d3342d5c385a87d264f90653733592000581,0x97e28ead1dc6bda8d118ca4b8744a62854c0c4f50a53b0f50f756c2924bf0ddf
206,8.9,0.0801,0xbcc5b892beb920716070172c84cd02f81a0e2560,2017-11-01T16:17:08.000Z,0.009,0x284b79f9a7eb223bb218bc69544cf89a7140a780,buy,0x4156d3342d5c385a87d264f90653733592000581,0xc4b2157b2e68a5dbef4b81ef5da541852eb08106f2103adcb0715acd1a026a8b
207,5,0.04455,0xbcc5b892beb920716070172c84cd02f81a0e2560,2017-11-01T16:14:59.000Z,0.00891,0xdf114c51ae98a8d2071066418ee9ee04403289d2,buy,0x4156d3342d5c385a87d264f90653733592000581,0xc17ef3c91ea140f794e74f2d0438824411b2086146be603f1f3a41d1326441bc
208,1.632,0.014116798368,0xbcc5b892beb920716070172c84cd02f81a0e2560,2017-11-01T16:14:57.000Z,0.008649999,0xeb19e912a51eb267cd423dcf0934d1a7f971ad66,buy,0x4156d3342d5c385a87d264f90653733592000581,0x2ffa598a70ae594ede5e7aeab314774656de3b7a0b9481c094e92b578db0d4f6
209,16.6052017,0.138321330161,0x219d5c08ac120a3c285654dee6cc7e052db023b0,2017-11-01T15:39:56.000Z,0.00833,0xbfb8bd5172c0ec7a31b472c0cc1d42313d4afe9b,sell,0x4156d3342d5c385a87d264f90653733592000581,0x4041b33df6458c1e3d5b0c709349f8e3d9938de2c1e8cf529e52a2753a5b8eee
210,10,0.0842,0x51d48ab1a6371b5b5636a18e77eef3b2f8a0a8e5,2017-11-01T15:38:39.000Z,0.00842,0xbfb8bd5172c0ec7a31b472c0cc1d42313d4afe9b,sell,0x4156d3342d5c385a87d264f90653733592000581,0x21e5391fd6f505853e894b97abc942e0bfbf6e66a58b1ced93036352286ccad9
211,60,0.50106,0x9e374f4655782f44c79bf531560e8fac0236e7c8,2017-11-01T15:36:46.000Z,0.008351,0xbfb8bd5172c0ec7a31b472c0cc1d42313d4afe9b,sell,0x4156d3342d5c385a87d264f90653733592000581,0xbfe1a133ac8f4c981c7aa8af93807715494fd966fe2c0ac325d9152d24a1131f
212,61.11796827,0.513390933468,0x3c0e781116e7ebcfcee0955f314bdac09bf1813d,2017-11-01T15:35:46.000Z,0.0084,0xbfb8bd5172c0ec7a31b472c0cc1d42313d4afe9b,sell,0x4156d3342d5c385a87d264f90653733592000581,0x3e627e6bd5104b6cbac9c1368e59921eb7492ff9014c10a3ebbd9e75e742aef1
213,463,3.9355,0xfb3c71bdf0af0efa63a57fd6030c57f3cbc846e1,2017-11-01T15:25:54.000Z,0.0085,0xbd11a3bae9ea4473053ad48d83e887e4bae2c3cf,sell,0x4156d3342d5c385a87d264f90653733592000581,0x68d4361f286f30a742b56b0009b165228fd263230a9a9ef9b9c7c7645dfc37e5
214,1.632,0.01224,0xeb19e912a51eb267cd423dcf0934d1a7f971ad66,2017-11-01T15:06:15.000Z,0.0075,0x1a96f3bc6cd0e9db43e89f983d4227ec5f707539,sell,0x4156d3342d5c385a87d264f90653733592000581,0x9f04f3b6a0dfd18fdf4c2611aa77bdeb6dd3bf70321a4d15a462a45ea93faf93
215,0.00050467,0.000004239228,0x3c0e781116e7ebcfcee0955f314bdac09bf1813d,2017-11-01T14:36:40.000Z,0.0084,0x994c5857751ecafecbff55b97fadda1c5b37136d,sell,0x4156d3342d5c385a87d264f90653733592000581,0x958dc6a31b882e0d2669d11798ca7984bd6420612c3f8425f62ec30c6cf497d0
216,38.88152706,0.326604827304,0x3c0e781116e7ebcfcee0955f314bdac09bf1813d,2017-11-01T13:02:27.000Z,0.0084,0xb00548770ea87482f024cd4292a975fea72e8f01,sell,0x4156d3342d5c385a87d264f90653733592000581,0x9988d1911b19b6e96634df1dfdf99b28344fb595d7918c8eda87bbaa6f498087
217,104.34,0.897324,0xf941cacde5bd68cf5b7ab15a8d284cf8672b28c8,2017-11-01T12:34:48.000Z,0.0086,0x3efd9b0bd8e4595bc494539aca584821950106ee,buy,0x4156d3342d5c385a87d264f90653733592000581,0x5e72186c546ee8d088207e61fd0ccf0726e5e154e4e0882ad151e9a19ba6a0cc
218,1,0.008710012,0x3f878dde0f23fee0b8e9938d93d581aa3d9cc61c,2017-11-01T12:29:43.000Z,0.008710012,0x3885c5f00744d4d665e0de5d306c68935a9369e2,sell,0x4156d3342d5c385a87d264f90653733592000581,0x9bb840f93da6c3e48d96eac0b229c771daf17179974ccb18dcb2b11472464fb4
219,6.48088189,0.05509398342777189,0x5d755ef2efebd5fe534d930f32ed760c78f88d2a,2017-11-01T12:29:37.000Z,0.008501001000000001,0x3885c5f00744d4d665e0de5d306c68935a9369e2,sell,0x4156d3342d5c385a87d264f90653733592000581,0xdde60dc73f0232ce044525b8ca557de554711626fe4b09649233e21628bd246a
220,60,0.51,0x7845e1b7f505310cb8f6191df9641dc4add7c887,2017-11-01T12:29:37.000Z,0.0085,0x3885c5f00744d4d665e0de5d306c68935a9369e2,sell,0x4156d3342d5c385a87d264f90653733592000581,0x81b7d767fea217beb073308abda8ef8796b36288567b93ea04f701a156e65b5c
221,2,0.0174,0xea2996b9e0375f0251563bf581ac75a93380494b,2017-11-01T12:29:37.000Z,0.0087,0x3885c5f00744d4d665e0de5d306c68935a9369e2,sell,0x4156d3342d5c385a87d264f90653733592000581,0x78109ffdf0ae5b46ca55f387a7784433ec7b8b7eea741477511b2b5d395c9148
222,662.30282691,5.63023633156191,0x35669c224a468c878703468d33ee7447cd751801,2017-11-01T12:29:19.000Z,0.008501,0x3885c5f00744d4d665e0de5d306c68935a9369e2,sell,0x4156d3342d5c385a87d264f90653733592000581,0x122770b400a306b2b470ce329b78e22cecfc60637673768b965c5460b451bccd
223,110,0.935,0x82d99d98115565d2a58e99fc53704cee56e3c0de,2017-11-01T12:29:19.000Z,0.0085,0x3885c5f00744d4d665e0de5d306c68935a9369e2,sell,0x4156d3342d5c385a87d264f90653733592000581,0x360eb5a891899f15ac87014a3916ef897806109c48baf27e872982a5e8fe6de2
224,100,0.87,0xfb3c71bdf0af0efa63a57fd6030c57f3cbc846e1,2017-11-01T11:50:32.000Z,0.0087,0xc0d25eec41257298c8501ffbf79253786602a882,sell,0x4156d3342d5c385a87d264f90653733592000581,0xdd3bff8e59f8a6cc942a6066915e9c0cadb426f5e96a3352cf5a61c1bc769a3c
225,219.65369821,1.9329523245943019,0x61617f93fd933aab1a6121b10c40209e847c7866,2017-11-01T11:50:16.000Z,0.008799999,0x4b7ef3c467974c144121f7952d2769cb18bd8656,buy,0x4156d3342d5c385a87d264f90653733592000581,0xd6f4ebe21e2a6ce895a78e4bdddd2bf0b1bfe64c167abc8d6e00920024228cdd
226,56.8475484,0.495710622048,0xfb3c71bdf0af0efa63a57fd6030c57f3cbc846e1,2017-11-01T11:49:06.000Z,0.00872,0xc0d25eec41257298c8501ffbf79253786602a882,sell,0x4156d3342d5c385a87d264f90653733592000581,0xeae2ebbfec99102988358b3f69cb585c043f3454ccfe7b6c28dd91013b8caa86
227,100,0.873,0xfb3c71bdf0af0efa63a57fd6030c57f3cbc846e1,2017-11-01T11:48:18.000Z,0.00873,0xc0d25eec41257298c8501ffbf79253786602a882,sell,0x4156d3342d5c385a87d264f90653733592000581,0x4f0d29bdc98e32ab6921db3f78e1219f28d73d8dd95dfb75cf3e1a4689b6ca5a
228,43.1524516,0.376289377952,0xfb3c71bdf0af0efa63a57fd6030c57f3cbc846e1,2017-11-01T11:48:18.000Z,0.00872,0x6c723da0e2243be0d60a23801c00039b98ce35d6,sell,0x4156d3342d5c385a87d264f90653733592000581,0x57651537f69e1d8c0af5085d165dbc937eb4d2f19d668a0c5c157fc4b73e5548
229,1,0.0088,0xffd7611a52a71685a932c6f696d99df0aea5db30,2017-11-01T11:44:52.000Z,0.0088,0xc0d25eec41257298c8501ffbf79253786602a882,sell,0x4156d3342d5c385a87d264f90653733592000581,0x5476bd831a09fcd816217bddff8d25ed69c5fcc5f8fdf5a423ae85c119caf7c2
230,72.31810445,0.61477620592945,0x35669c224a468c878703468d33ee7447cd751801,2017-11-01T11:06:16.000Z,0.008501,0x3efd9b0bd8e4595bc494539aca584821950106ee,sell,0x4156d3342d5c385a87d264f90653733592000581,0xc72841f3d706fd6eece660058b9123efb1ce58a325e2550d8dc0a4e2b16a0dc1
231,14.75896332,0.1255987926121633,0x989e24fcf7ae48db5f18de39a34c8c8b0f822e8c,2017-11-01T11:04:17.000Z,0.008510001,0x3efd9b0bd8e4595bc494539aca584821950106ee,sell,0x4156d3342d5c385a87d264f90653733592000581,0xd0e33107e218bb84f6572acfa6fe09c64b87d8448263b59b2e6f3697738243cb
232,47.51911811,0.40396007057222816,0x5d755ef2efebd5fe534d930f32ed760c78f88d2a,2017-11-01T11:01:15.000Z,0.008501001000000001,0xa110c8fb29ceb0478b4855bd6a7823d6cd639c21,sell,0x4156d3342d5c385a87d264f90653733592000581,0x37b9da74207aabce1b06dae84e2f63f92826f46fc750e4c22d42d5d7794a9fc2
233,79,0.671658,0xe9ebee76a902b6536c0bddf79ac4c4343e5bdbfb,2017-11-01T10:57:09.000Z,0.008502,0xa110c8fb29ceb0478b4855bd6a7823d6cd639c21,sell,0x4156d3342d5c385a87d264f90653733592000581,0xb3b76c9bf46ba8bb4631840db21509e75eb17bb8f088d8ae3a967e683fc8e006
234,40,0.3404,0xc5c751ddaa97754342d53c0ef212b44c3455c166,2017-11-01T10:56:55.000Z,0.00851,0xa110c8fb29ceb0478b4855bd6a7823d6cd639c21,sell,0x4156d3342d5c385a87d264f90653733592000581,0xad167ac7122f041d2b77cd4311c03db10ed9ccb0639959cf30515e87a35bd58e
235,23.4,0.201474,0x254fb89e4cab71708eaab16e067ca8156a38e18a,2017-11-01T10:32:24.000Z,0.00861,0x3efd9b0bd8e4595bc494539aca584821950106ee,sell,0x4156d3342d5c385a87d264f90653733592000581,0x9669e7fa82a89aba9cfdd6002878d6d187cdcb8babd4076ed4171d8e854f3d51
236,11.00431842,0.0990388658383919,0x057780d9bb6f4fe356d499b2a407d51d9e04d75c,2017-11-01T10:22:02.000Z,0.009000000005306272,0x254fb89e4cab71708eaab16e067ca8156a38e18a,buy,0x4156d3342d5c385a87d264f90653733592000581,0xeaf1f47d533a2e93e5597c4d662d583c97d31356bec9fee0214d8a38939d3397
237,100,0.897999999999999,0x057780d9bb6f4fe356d499b2a407d51d9e04d75c,2017-11-01T10:18:50.000Z,0.00897999999999999,0x5d755ef2efebd5fe534d930f32ed760c78f88d2a,buy,0x4156d3342d5c385a87d264f90653733592000581,0xb1153146a7e65cb9e516c0a97cf41038b22aee6b8b7b70b01ddcffefbf886cc5
238,195.585,1.721148,0x353d5cf43cd199511b48a379b7a2b5574602a621,2017-11-01T10:09:46.000Z,0.0088,0xd1ad676676b799b7c54741e06f17fdac87ed458b,buy,0x4156d3342d5c385a87d264f90653733592000581,0x4af9ea55c8c42a43748ea2673084f0bd07a0f96514b20a88071be7c19ba4e200
239,77,0.72226,0x0e98e292e4080b395b6111afcd296deec0df0361,2017-11-01T10:02:26.000Z,0.00938,0x3c0e781116e7ebcfcee0955f314bdac09bf1813d,buy,0x4156d3342d5c385a87d264f90653733592000581,0xbf2304af3cf0896c75899e341d8c689e99d58a80adf55cb8f1db44c4017a9090
240,155.57272455,1.32252373139955,0x35669c224a468c878703468d33ee7447cd751801,2017-11-01T09:55:23.000Z,0.008501,0x98b8f889dbe2b5c4c5879f65e13b24012f2afdce,sell,0x4156d3342d5c385a87d264f90653733592000581,0x6fbd55a6e3f814ef050fb0717e86911cba94c1482509965c99cd8269d0edfc91
241,105,0.8926050000000001,0x5d755ef2efebd5fe534d930f32ed760c78f88d2a,2017-11-01T09:52:35.000Z,0.008501000000000002,0x98b8f889dbe2b5c4c5879f65e13b24012f2afdce,sell,0x4156d3342d5c385a87d264f90653733592000581,0x458fe1556bd22be100a5332681d49b3e9925c979ac8576fca4be069c7b36ac02
242,109.80634409,0.93346373110909,0x35669c224a468c878703468d33ee7447cd751801,2017-11-01T09:28:17.000Z,0.008501,0x3efd9b0bd8e4595bc494539aca584821950106ee,sell,0x4156d3342d5c385a87d264f90653733592000581,0xaef64833232d8f92d6f6fa5cebb9f158ec12fa68ec730dd8556ff1539caedd35
243,15,0.132,0xb105d96f87a1a4aa2ce523a86f4b200482aa14f0,2017-11-01T09:20:14.000Z,0.0088,0xd1ad676676b799b7c54741e06f17fdac87ed458b,sell,0x4156d3342d5c385a87d264f90653733592000581,0xb7772a04f845fd0d3ce41f3e40f134e872f2f0631462a09b775cb84745460b7a
244,8.34103668,0.07098223048783668,0x989e24fcf7ae48db5f18de39a34c8c8b0f822e8c,2017-11-01T09:13:54.000Z,0.008510001,0x3efd9b0bd8e4595bc494539aca584821950106ee,sell,0x4156d3342d5c385a87d264f90653733592000581,0xaa0a00ca93eeea1ea298ab3aef5275432c474b9bd20c86e23ec951e09f97dc40
245,98.76590792,0.8503744671912,0x254fb89e4cab71708eaab16e067ca8156a38e18a,2017-11-01T09:12:02.000Z,0.00861,0x3efd9b0bd8e4595bc494539aca584821950106ee,sell,0x4156d3342d5c385a87d264f90653733592000581,0xeaf6597509b0bfcbf385e521601e13e12f35328515496fc3878cb9ea68bed1ea
246,50,0.444,0x634afaaebc4daf5f42b079523cbe09acb8c80fe6,2017-11-01T09:11:07.000Z,0.00888,0xd1ad676676b799b7c54741e06f17fdac87ed458b,sell,0x4156d3342d5c385a87d264f90653733592000581,0xd05991e847f5e00ec99ca01d60b784160fa6a326b681b28845b3b29fca940025
247,75,0.666,0xecc922fada0e098f24d36c74f12ac8dd435433b3,2017-11-01T08:50:26.000Z,0.00888,0x254fb89e4cab71708eaab16e067ca8156a38e18a,buy,0x4156d3342d5c385a87d264f90653733592000581,0x6dba41477c8bc111166cb60b513b42a2ad053148cb87ad83c7add11656e2620b
248,18.87986101,0.1625556032961,0x254fb89e4cab71708eaab16e067ca8156a38e18a,2017-11-01T08:30:12.000Z,0.00861,0x3885c5f00744d4d665e0de5d306c68935a9369e2,sell,0x4156d3342d5c385a87d264f90653733592000581,0x015454cf376843d0e02ae7bbc8d9707da7c5e7a9e60ef08d5f7766dbc8c5a45c
249,52.5,0.4515,0xb2f149e8ec8e0fe8408fb7a16da875989eac1d8c,2017-11-01T07:51:29.000Z,0.0086,0x3885c5f00744d4d665e0de5d306c68935a9369e2,sell,0x4156d3342d5c385a87d264f90653733592000581,0x722206a41653b4a437f99867401a0ef778b71bd532f9a9679abf525b4859aaaf
250,871.611,7.5055294821,0xe9ebee76a902b6536c0bddf79ac4c4343e5bdbfb,2017-11-01T07:50:54.000Z,0.0086111,0x3885c5f00744d4d665e0de5d306c68935a9369e2,sell,0x4156d3342d5c385a87d264f90653733592000581,0x18f4c77ba6f3f0ee446d2a19eb16ad4b639ecffae9800eff5499ed53e486c66f
251,17.608,0.151631292,0x877f11895defdaa53b5b56f8f298cc6062438c8e,2017-11-01T07:50:31.000Z,0.0086115,0x3885c5f00744d4d665e0de5d306c68935a9369e2,sell,0x4156d3342d5c385a87d264f90653733592000581,0x6e68f4da0430ce415af487f100d5cc38295cf93833a824c395dcb365fa6a4467
252,75,0.645866625,0x254fb89e4cab71708eaab16e067ca8156a38e18a,2017-11-01T07:47:12.000Z,0.008611555,0x3885c5f00744d4d665e0de5d306c68935a9369e2,sell,0x4156d3342d5c385a87d264f90653733592000581,0xc747a64fba42a4357b2997c849e3a476ae430bf64c598f4c5d2cbc02aec6069b
253,14.997,0.132348525,0xa045ea6c97d9f07ce2e5020944ee4c1ffac9f599,2017-11-01T07:45:20.000Z,0.008825,0x3885c5f00744d4d665e0de5d306c68935a9369e2,sell,0x4156d3342d5c385a87d264f90653733592000581,0xfc8b73e6adbe1e7bb30e4530672f839aa631826de1f053a1cd6f96fd0ec1cfe9
254,50,0.4659,0x70d692072e72e1b4b26b01be1541cb46af42d8cb,2017-11-01T07:43:19.000Z,0.009318,0x5d755ef2efebd5fe534d930f32ed760c78f88d2a,buy,0x4156d3342d5c385a87d264f90653733592000581,0xe1a7e8e1ee72b6d16e3a919012e96c634b53352d4395e7ea4d6358c7ca15694a
255,32.99999999,0.30751446000974536,0x1d13888f85432bc376b701976611b259e2923df7,2017-11-01T07:11:17.000Z,0.009318620003119138,0x5b26b28a924765d24176f87e219c719484404b62,buy,0x4156d3342d5c385a87d264f90653733592000581,0x85c1fa73497ffa06af74caf2f8211547943bb2d2ef2fa10a56509ab52bc84171
256,558.38899411,4.808343467180621,0xe9ebee76a902b6536c0bddf79ac4c4343e5bdbfb,2017-11-01T06:41:27.000Z,0.0086111,0xbddd2ff33bb3417395d0cee29d68fb1700beb1a9,sell,0x4156d3342d5c385a87d264f90653733592000581,0x186524e79fa9c603ca3e1cf036f7f21272c4734f2946cb77cc10cd20d231795a
257,122.85787228,1.05799056713922,0x877f11895defdaa53b5b56f8f298cc6062438c8e,2017-11-01T06:13:28.000Z,0.0086115,0x3efd9b0bd8e4595bc494539aca584821950106ee,sell,0x4156d3342d5c385a87d264f90653733592000581,0x9ab3d9a5edaaedd2a67b69a482de36e82cdc6927ea67ad86e61cad1ed90cdcdf
258,14.99999999,0.14051325001283113,0xfa659c3f28530216b2ced5c95612ba58ea3feead,2017-11-01T06:07:02.000Z,0.009367550007100442,0x5b26b28a924765d24176f87e219c719484404b62,buy,0x4156d3342d5c385a87d264f90653733592000581,0x0015883c50cce4e7e0c99f0efd970e343aa130836332c71a29099f21467b4ca3
259,69,0.61272,0xc78b014ac72afaf930b6b284f54fb6f462d26d1b,2017-11-01T05:45:26.000Z,0.00888,0x254fb89e4cab71708eaab16e067ca8156a38e18a,buy,0x4156d3342d5c385a87d264f90653733592000581,0xdb303213a667bf3aefad5ecd0d8a8f73419290f2213684ce4203b52ec3a703b5
260,9.53410067,0.082102907919705,0x877f11895defdaa53b5b56f8f298cc6062438c8e,2017-11-01T05:28:34.000Z,0.0086115,0xab296c308b24c972b60a662262f144eeefc27ec8,sell,0x4156d3342d5c385a87d264f90653733592000581,0x76d6481983abd8013cca1202e1460e13e239cb886939e63cecc7a3e3dfe45c68
261,5,0.0444,0x03278cdc674fb3bfd89f368a86bc2ce295150f12,2017-11-01T05:27:51.000Z,0.00888,0x254fb89e4cab71708eaab16e067ca8156a38e18a,buy,0x4156d3342d5c385a87d264f90653733592000581,0xb68efae6c3a070ac423649c7d63a66abd417b5aee2827437f96238bb83e2ed4b
262,82.683,0.7276104,0xd203bf9704607c00dd1e1cab809ad1796f9cacbb,2017-11-01T05:23:15.000Z,0.0088,0xab296c308b24c972b60a662262f144eeefc27ec8,sell,0x4156d3342d5c385a87d264f90653733592000581,0x811800e22d7d5684f6e2a40aad7e4bce8ee7b2aa4f834cc6da1920ce7604f9f3
263,117.31672913,1.032387216344,0xd203bf9704607c00dd1e1cab809ad1796f9cacbb,2017-11-01T05:16:30.000Z,0.0088,0x3efd9b0bd8e4595bc494539aca584821950106ee,sell,0x4156d3342d5c385a87d264f90653733592000581,0x46cab9f1b0837e99fe7d8fd1668cf48efd0c8abb9c1726e08ba8fd94509d6c76
264,16,0.14208,0xae1af243984fbeede00fba997c2729052b013295,2017-11-01T04:33:17.000Z,0.00888,0x254fb89e4cab71708eaab16e067ca8156a38e18a,buy,0x4156d3342d5c385a87d264f90653733592000581,0x7456192df82dd9c6fe22bb2c34f06870ef17597697292243047c7c1860239d3c
265,10,0.08666666,0x7cea503fd36694c94a0901361bdd4cc8b4387094,2017-11-01T04:03:06.000Z,0.008666666,0x3885c5f00744d4d665e0de5d306c68935a9369e2,sell,0x4156d3342d5c385a87d264f90653733592000581,0xd45679168ae0d8837c43b4a1af25a61e011cb9327014929f2909977dac7f0566
266,5,0.043335,0xbde166024b8e84042dd97dc292b130bf0cc715fa,2017-11-01T04:03:06.000Z,0.008667,0x3885c5f00744d4d665e0de5d306c68935a9369e2,sell,0x4156d3342d5c385a87d264f90653733592000581,0x77c75963ae2cee777c55850beb179345768815ef01fbe5e8ba3c9cb58c864bdb
267,245.608,2.129421605608,0xfe84f677ebcd47da3e447a14825904b2c2030be0,2017-11-01T04:03:06.000Z,0.008670001,0x3885c5f00744d4d665e0de5d306c68935a9369e2,sell,0x4156d3342d5c385a87d264f90653733592000581,0x6606be100e12d7ffec9bada874c46da2bc8ae18f63a7f3b4c83c2706ffdfc5d8
268,10,0.08666666,0xf9eb6185883c699cd0b12785d65fb5057a3cd206,2017-11-01T04:03:06.000Z,0.008666666,0x3885c5f00744d4d665e0de5d306c68935a9369e2,sell,0x4156d3342d5c385a87d264f90653733592000581,0xa6cb90f3e17b1f8bebea15bd7450afb5ad6984a50e5f8cbdaea96b088f61c35b
269,10,0.0888,0xae1af243984fbeede00fba997c2729052b013295,2017-11-01T03:59:40.000Z,0.00888,0x254fb89e4cab71708eaab16e067ca8156a38e18a,buy,0x4156d3342d5c385a87d264f90653733592000581,0x0a8dfad36385f420787ae4473a07bb52364b49fff91e129ba759c52ea48f9370
270,2.84553604,0.024699537380804,0xe9ebee76a902b6536c0bddf79ac4c4343e5bdbfb,2017-11-01T03:40:05.000Z,0.0086801,0x3885c5f00744d4d665e0de5d306c68935a9369e2,sell,0x4156d3342d5c385a87d264f90653733592000581,0x34a4a9c018b3c9cd65a9e3dfe066ba939c25b9c6b5ffc913f3b77db8a18bb3c2
271,5,0.0435500555,0xdf114c51ae98a8d2071066418ee9ee04403289d2,2017-11-01T03:40:05.000Z,0.0087100111,0x3885c5f00744d4d665e0de5d306c68935a9369e2,sell,0x4156d3342d5c385a87d264f90653733592000581,0x33cfc9bcca310f24f95398caa91586be1886e37051cb1234b2fe5e1b3dcc593e
272,2.247,0.0195489,0xe101a34cc8114346f0b1c9b45f8ddcb2a99e5930,2017-11-01T03:40:05.000Z,0.0087,0x3885c5f00744d4d665e0de5d306c68935a9369e2,sell,0x4156d3342d5c385a87d264f90653733592000581,0x70bb3148e3b857c9e4d2b7314860c2c3da60bb32971b23bd4183ad396f42a384
273,3.46371048,0.0300650069664,0x1eaa18a0e964d346f2b5182be3f97d7aab5145b9,2017-11-01T03:39:48.000Z,0.00868,0x3885c5f00744d4d665e0de5d306c68935a9369e2,sell,0x4156d3342d5c385a87d264f90653733592000581,0x47f5fbc9798be1f2d63dfb4c94291dbc6a719cdac56fd35c6d124ee912493a99
274,30,0.26010006,0x0c5719fba3a34b524ae668cb51c5e2ce0e1ead14,2017-11-01T03:39:48.000Z,0.008670002,0x3885c5f00744d4d665e0de5d306c68935a9369e2,sell,0x4156d3342d5c385a87d264f90653733592000581,0x47e6cb754f234e82e5c45b0fc4972c96617a395dad6dcd2e309d2bffdbc9695e
275,20,0.1736,0x7cb364139258c3301d7a2fd5fabf67794dea0b97,2017-11-01T03:39:44.000Z,0.00868,0x3885c5f00744d4d665e0de5d306c68935a9369e2,sell,0x4156d3342d5c385a87d264f90653733592000581,0x9bf1bd53bdfe98cb60039352bb74eca6333d40ff6986276edb7709a6314cfdb5
276,266.52735085,2.37209342257677,0x67743e5151fc6d4f77b8464ab1124f09ed92d7eb,2017-11-01T03:37:17.000Z,0.00890000000004416,0x3885c5f00744d4d665e0de5d306c68935a9369e2,buy,0x4156d3342d5c385a87d264f90653733592000581,0x9aa38193b7b59c6d6875cb563a48bd5a560618cdc1e47defe915a405aac1c445
277,99.39188515,0.8617277436423851,0xfe84f677ebcd47da3e447a14825904b2c2030be0,2017-11-01T03:34:41.000Z,0.008670001,0x1834e0baac6112f05a39656566292e23bb59b935,sell,0x4156d3342d5c385a87d264f90653733592000581,0x6825842158192470af985df4877fd7db9409857ed85769e2e0d8b3e01c32e954
278,100,0.8677,0x254fb89e4cab71708eaab16e067ca8156a38e18a,2017-11-01T03:32:51.000Z,0.008677,0x1834e0baac6112f05a39656566292e23bb59b935,sell,0x4156d3342d5c385a87d264f90653733592000581,0xbb5bc9615889131ad9a88068d372d89e056949d7179a9bf3223673cdcb54e374
279,22.46356976,0.284119230385804,0x16c0f401a46e0aaa6eb53c9f576cbd9037f855e4,2017-11-01T03:29:16.000Z,0.012648000002729932,0x41ecf2b56611359be97b566f7ae878f16a330530,buy,0x4156d3342d5c385a87d264f90653733592000581,0x2ced1c0992422f18f31c6cc2b7b27866d75f47acb74f09091c56d71a9fcc2892
280,0.1,0.0009095,0xed2ca7381d82f8fb9bcc54ea6ab6526e35aece25,2017-11-01T03:27:08.000Z,0.009095,0x3885c5f00744d4d665e0de5d306c68935a9369e2,buy,0x4156d3342d5c385a87d264f90653733592000581,0x6fa4d2ec1c0b8626972794f4bbdd81c00cb9de45cdbec91d6bfdf4092c312dac
281,0.1,0.0009095,0xe2b48b3dd0b33283b4802e63e65518f27e635054,2017-11-01T03:27:08.000Z,0.009095,0x3885c5f00744d4d665e0de5d306c68935a9369e2,buy,0x4156d3342d5c385a87d264f90653733592000581,0x8324e8d23138327f5b0a0e5737504eddbe75d320c5609d2daff625383f39246c
282,5,0.0459,0x1a96f3bc6cd0e9db43e89f983d4227ec5f707539,2017-11-01T03:03:09.000Z,0.00918,0xbde166024b8e84042dd97dc292b130bf0cc715fa,buy,0x4156d3342d5c385a87d264f90653733592000581,0xa32abcada4f8d3a1e176e7482c67d4900ae22376dc46531cded32c5aa421730c
283,37.96899975,0.3455178978012664,0x8cd3bec93d81f900f4faef7f40259d392b616a7e,2017-11-01T02:33:09.000Z,0.009100000002008649,0x3885c5f00744d4d665e0de5d306c68935a9369e2,buy,0x4156d3342d5c385a87d264f90653733592000581,0xec577d9a5660dab1dbad92b0c10c2386d6d52143adb25d26e0d4898e0fc9e9d0
284,287.037,2.63499966,0x690d356cca4be03be871b2f1d686fc3bc1584d7e,2017-11-01T02:27:18.000Z,0.00918,0x3885c5f00744d4d665e0de5d306c68935a9369e2,sell,0x4156d3342d5c385a87d264f90653733592000581,0x63a9986a5a6251bb4b3d5a2dc763c8bf9b6408455246298635a8277a065bf8ce
285,151,1.3741,0xe70a443b193f5e82f4f8775004c5bf8d1bfdce54,2017-11-01T01:39:37.000Z,0.0091,0xbd11a3bae9ea4473053ad48d83e887e4bae2c3cf,buy,0x4156d3342d5c385a87d264f90653733592000581,0x81bee9e93f834c507fcdea9a5462f379b9e61a2d6deca4e499701e652082b6db
286,547.77118459,4.984717779858089,0xe41d3ebb0829cb0cd9ded2a110385d243cc59b27,2017-11-01T01:37:53.000Z,0.00910000000016264,0xbd11a3bae9ea4473053ad48d83e887e4bae2c3cf,buy,0x4156d3342d5c385a87d264f90653733592000581,0xdad2880117e1bdf2f3f3facc8d148082cc20a901f76bee99a7f2780010ee511a
287,121,1.111869,0x5b45133819739cab05e5d2e13bcf7106932deeac,2017-11-01T01:19:28.000Z,0.009189,0xbd11a3bae9ea4473053ad48d83e887e4bae2c3cf,buy,0x4156d3342d5c385a87d264f90653733592000581,0x8d17296ce40c2be8235fb4a728f9a63aed291e25f488862457841b6b42acf0f3
288,21,0.19677,0xa29b220f486807f76c90b3f2a9ec580337de5566,2017-11-01T01:10:23.000Z,0.00937,0x1eaa18a0e964d346f2b5182be3f97d7aab5145b9,buy,0x4156d3342d5c385a87d264f90653733592000581,0xc50b53e6a8649c19b54fbd4fa711d2aaed5a413b3fa24a9f14781ecf8a2e6b7a
289,10,0.0919,0x622fd709ceac4c5c3c2bd626674d90a88ae2dd46,2017-11-01T01:09:16.000Z,0.00919,0x3885c5f00744d4d665e0de5d306c68935a9369e2,buy,0x4156d3342d5c385a87d264f90653733592000581,0x1d6a1a6203bdd27671255eb9f9a0e985c3b3d9d9aa9f87e2996a35b91ffa82f5
290,271.53879714,2.3569567591752,0x1eaa18a0e964d346f2b5182be3f97d7aab5145b9,2017-11-01T01:08:49.000Z,0.00868,0xe41ba7cfb98a58305596d551a87d37960f5f532a,sell,0x4156d3342d5c385a87d264f90653733592000581,0x25dce47e12cfc585b91f306ffcba797fe13449c2a06896520b93fbc04416dc7c
291,49.85044822,0.4327018905496,0x1eaa18a0e964d346f2b5182be3f97d7aab5145b9,2017-11-01T01:00:56.000Z,0.00868,0xa2b16e3b6b64771396c925e61fefd851e757e38e,sell,0x4156d3342d5c385a87d264f90653733592000581,0xb7065cd89b7b2e1f7fe0fbc12af13b5e901d416a48f0369ed2843b66b4657f4f
292,275.14704416,2.3882763433088,0x1eaa18a0e964d346f2b5182be3f97d7aab5145b9,2017-11-01T00:37:52.000Z,0.00868,0x62cc74bc73d10073c78beb995ada01aa443a7714,sell,0x4156d3342d5c385a87d264f90653733592000581,0x2de8ed4d9f47210051620c4b58e83d33bf4cc427b77e37a5117be154af5fe065
293,0.42564454,0.003949981386925387,0xf422a10219a1c919bc3cd0471a4d46bb48e8a453,2017-11-01T00:11:20.000Z,0.00928000013092001,0x3885c5f00744d4d665e0de5d306c68935a9369e2,buy,0x4156d3342d5c385a87d264f90653733592000581,0xc70d40169cf1b5d9547fdac6704274d7d5531b83d9b4026a6a89863f708f4d46
294,80.15446396,0.695748762619196,0xe9ebee76a902b6536c0bddf79ac4c4343e5bdbfb,2017-11-01T00:00:44.000Z,0.0086801,0x9c1e60b0be8174c63de5b9d90dcb5f703209d3c4,sell,0x4156d3342d5c385a87d264f90653733592000581,0x69798ff5b80c0c7deabe438e5da3fd5866db0bd6db5a5e8cb21582dcf9a0f3fc
295,165.51103923,1.5359424440582068,0xe70a443b193f5e82f4f8775004c5bf8d1bfdce54,2017-10-31T23:59:21.000Z,0.009280000000023,0x3885c5f00744d4d665e0de5d306c68935a9369e2,buy,0x4156d3342d5c385a87d264f90653733592000581,0x5c9edf4e7126ad03246257abe72a3be632deeaf1ea76354a95182ae8ddb84cce
296,0.00008294,0.000000769769713194,0x0e92c70872d69b8f176ccf8c3705371ffcf64f9e,2017-10-31T23:53:43.000Z,0.009281043081673499,0x3885c5f00744d4d665e0de5d306c68935a9369e2,buy,0x4156d3342d5c385a87d264f90653733592000581,0x43e4013dd10b0fe92acc53c293d9001b4686b65b57a3e69b958547a419734c41
297,0.83206465,0.007721559993033898,0x0e92c70872d69b8f176ccf8c3705371ffcf64f9e,2017-10-31T23:53:03.000Z,0.009280000049315756,0x3885c5f00744d4d665e0de5d306c68935a9369e2,buy,0x4156d3342d5c385a87d264f90653733592000581,0x7936b9a7b3f7e8465686f71370d1f7fdaf75245b1771efc510802f9d9661fbc8
298,26,0.24128,0x0e92c70872d69b8f176ccf8c3705371ffcf64f9e,2017-10-31T23:51:08.000Z,0.00928,0x3885c5f00744d4d665e0de5d306c68935a9369e2,buy,0x4156d3342d5c385a87d264f90653733592000581,0xf13ec285c4bd18a5486b17d5fab76fb6955185bbdf0b8a269825a77348a36890
299,0.38954669,0.003428010872,0xd203bf9704607c00dd1e1cab809ad1796f9cacbb,2017-10-31T23:10:38.000Z,0.0088,0x4a57d0208164a1c1c63c75395dc444428a07b50a,sell,0x4156d3342d5c385a87d264f90653733592000581,0x4f5d8b4541ad42bf536163711ee073fd6b707fd91558406121afe00f75ac7348
300,0.06651106,0.000585297328,0xd203bf9704607c00dd1e1cab809ad1796f9cacbb,2017-10-31T22:49:25.000Z,0.0088,0xc18ceb762637ec52c7e2bda2467ab9ffb8e16e7c,sell,0x4156d3342d5c385a87d264f90653733592000581,0xb1e1cf4ce5a14924dd3dabea2a665b5dd63c46a9715cd46c3fc77eba40022486
301,21.5,0.18662,0x1eaa18a0e964d346f2b5182be3f97d7aab5145b9,2017-10-31T22:48:07.000Z,0.00868,0xc18ceb762637ec52c7e2bda2467ab9ffb8e16e7c,sell,0x4156d3342d5c385a87d264f90653733592000581,0xa506c74c86be656ac7815db11049f0276f8390215ac9da8c1a0011c007dcdf48
302,75.763,0.65989573,0x3b617201c4b7ff9603fc7fa21f24252b98d3326f,2017-10-31T22:46:42.000Z,0.00871,0xc18ceb762637ec52c7e2bda2467ab9ffb8e16e7c,sell,0x4156d3342d5c385a87d264f90653733592000581,0x4506d3d233776044c138a8b810e9e9b94b093bade3e4e1eb477ead6a2772561b
303,124.237,1.08210427,0x3b617201c4b7ff9603fc7fa21f24252b98d3326f,2017-10-31T22:44:47.000Z,0.00871,0xc18ceb762637ec52c7e2bda2467ab9ffb8e16e7c,sell,0x4156d3342d5c385a87d264f90653733592000581,0xf7e606462f06dfea397bd360d552d723a47b420eee2821d682817527f3d5e55c
304,2,0.0176,0x38d48de493ec0af8f2ab8c4c8772e59d2e3357d8,2017-10-31T22:43:32.000Z,0.0088,0xc18ceb762637ec52c7e2bda2467ab9ffb8e16e7c,sell,0x4156d3342d5c385a87d264f90653733592000581,0x39f29a0883f5947ca751f1b5484fa97da4bbcd929765962783706d402c12277a
305,0.172,0.00154628,0x2d1204d83b9182c5755ad06c1c24767786527928,2017-10-31T22:43:12.000Z,0.00899,0xc18ceb762637ec52c7e2bda2467ab9ffb8e16e7c,sell,0x4156d3342d5c385a87d264f90653733592000581,0x30033aa3cb90231847cfdf22c6f12952af4503b232ed2093ea9bfec8e6353a80
306,113,1.06107,0x0e98e292e4080b395b6111afcd296deec0df0361,2017-10-31T22:25:43.000Z,0.00939,0x6f59e0bb467cf8450b9701537a29053524eeb12f,buy,0x4156d3342d5c385a87d264f90653733592000581,0x45c4aa31d12d6bf1c80595adfb5e6e45fcd5edd07401604824d2514774529458
307,33.738,0.303642,0xf00975c9ff12fdb11591b29b29d73e18fad19224,2017-10-31T22:14:00.000Z,0.009,0x1981765200d3fd2c9f7f643256213b5556629374,sell,0x4156d3342d5c385a87d264f90653733592000581,0x22b474a5eb5d0f0b878635fd2ad0205fa972d89361fe2d2b31b54a3498a0ee8c
308,65.4,0.588600654,0x402eba10977b19d0b9e34ed590ca5808c7d46892,2017-10-31T22:13:34.000Z,0.00900001,0x1981765200d3fd2c9f7f643256213b5556629374,sell,0x4156d3342d5c385a87d264f90653733592000581,0x264bc9d620eb48f336f6a552050a107a85590b7bf240bdb2d35acf1443295df0
309,0.00159212,0.00001432908,0xf00975c9ff12fdb11591b29b29d73e18fad19224,2017-10-31T22:05:08.000Z,0.009,0x2504b4282bb3a3367b6f72e88ab62e080c095f31,sell,0x4156d3342d5c385a87d264f90653733592000581,0xaecf7eb456e812535df5e60f6e976e27592271d79a6cb07a205b1ad9ab756aa0
310,15.97045868,0.14373412812,0xf00975c9ff12fdb11591b29b29d73e18fad19224,2017-10-31T22:04:29.000Z,0.009,0x2504b4282bb3a3367b6f72e88ab62e080c095f31,sell,0x4156d3342d5c385a87d264f90653733592000581,0x6d3a9035de36458a65e69373b769510d233395f3b8650fca78c54a2c38d473c4
311,20.59798691,0.18538188219,0xf00975c9ff12fdb11591b29b29d73e18fad19224,2017-10-31T21:33:01.000Z,0.009,0xb00548770ea87482f024cd4292a975fea72e8f01,sell,0x4156d3342d5c385a87d264f90653733592000581,0x125e4bbf443c6898b440d1419cbfafe00e046f56065f5efc5884bd016ab20dd0
312,220,1.97978,0xac9d314926d95a3de231bb4cb25aa27360549b4a,2017-10-31T21:31:33.000Z,0.008999,0xb00548770ea87482f024cd4292a975fea72e8f01,sell,0x4156d3342d5c385a87d264f90653733592000581,0xf1b65ad27c08803f5c9793394824d6810643b0b4e92c3db62b08975dca7fc153
313,27.99989511,0.3499986888782468,0xafe2d290463e27c1e9a529303fa05889b57e8dc6,2017-10-31T21:21:50.000Z,0.012500000000115958,0x49970156acdd884d81e4ca6ff1cb6c1c167125fe,buy,0x4156d3342d5c385a87d264f90653733592000581,0x5a00fed7b6c6d3242a0b1c7b80ba2fc6f48e53a525f448e15fd7d6d693711166
314,0.00000001,0.000000000130693955,0xafe2d290463e27c1e9a529303fa05889b57e8dc6,2017-10-31T21:18:51.000Z,0.0130693955,0x49970156acdd884d81e4ca6ff1cb6c1c167125fe,buy,0x4156d3342d5c385a87d264f90653733592000581,0x2bcc3b8a29c67604a38697b6af91a53f9bacceade1837bcbc913e45bb130a11f
315,0.00010487,0.000001310991059209,0xafe2d290463e27c1e9a529303fa05889b57e8dc6,2017-10-31T21:17:35.000Z,0.01250110669599504,0x49970156acdd884d81e4ca6ff1cb6c1c167125fe,buy,0x4156d3342d5c385a87d264f90653733592000581,0x45f79cd4463853928a746cbfb168ef73cee122d754bf26a5cdffaa250ac51590
316,49.69192072,0.44722728648,0xf00975c9ff12fdb11591b29b29d73e18fad19224,2017-10-31T20:30:07.000Z,0.009,0x81e6b15acf463ca72c4dd9aebee375305b06e20e,sell,0x4156d3342d5c385a87d264f90653733592000581,0xa311f78db5e15e9dcbd5d3755c46feed3a2a2a4d07b31c202b04f50b3345359a
317,222.6349153,1.9970351903115342,0xf2e36bf5ebcef026ef50e3a177638783bcd34f67,2017-10-31T20:27:40.000Z,0.008970000000316817,0x4b7ef3c467974c144121f7952d2769cb18bd8656,buy,0x4156d3342d5c385a87d264f90653733592000581,0xad276056027a57f3a9b9b4a591822778810d1b78b63f6e6665e5f6a532c027a2
318,1.45738649,0.013072756815300002,0xf44072eda87ede9613b6ae1b812de8a60ade27a2,2017-10-31T19:39:44.000Z,0.00897,0x4b7ef3c467974c144121f7952d2769cb18bd8656,buy,0x4156d3342d5c385a87d264f90653733592000581,0x40157814806c7e1a56f9b2294e322e0a9aa15129548975496cc48355ba3a089a
319,1.45301433,0.0145301433,0x38a4ff00c207cbd78ab34b6ddd1b8754e4498508,2017-10-31T19:39:44.000Z,0.01,0xf44072eda87ede9613b6ae1b812de8a60ade27a2,sell,0x4156d3342d5c385a87d264f90653733592000581,0x40157814806c7e1a56f9b2294e322e0a9aa15129548975496cc48355ba3a089a
320,49.84596568,0.4391429576408,0x81e6b15acf463ca72c4dd9aebee375305b06e20e,2017-10-31T19:31:39.000Z,0.00881,0xa2b16e3b6b64771396c925e61fefd851e757e38e,sell,0x4156d3342d5c385a87d264f90653733592000581,0x433100c258800b34f83525dda34fb118b87994789c6547fe419c1de1e63e25d5
321,80,0.7176,0x3c0e781116e7ebcfcee0955f314bdac09bf1813d,2017-10-31T19:30:09.000Z,0.00897,0x4b7ef3c467974c144121f7952d2769cb18bd8656,buy,0x4156d3342d5c385a87d264f90653733592000581,0x527931176e4265fc23c844c7805e6de503b575505af16a2f5168032690a61ad8
322,21.004,0.18840588,0x1009b28cf4a647bb0e4f0c26cd74a0844e2dc629,2017-10-31T19:28:35.000Z,0.00897,0x4b7ef3c467974c144121f7952d2769cb18bd8656,buy,0x4156d3342d5c385a87d264f90653733592000581,0x3d36e9707cb00d89899416c24c56171694b9a39dd0285a7bc77e9c4af9cc0d31
323,77,0.7161,0xad333898505f80f447cc4102324071939b871e2e,2017-10-31T19:25:50.000Z,0.0093,0x3c0e781116e7ebcfcee0955f314bdac09bf1813d,buy,0x4156d3342d5c385a87d264f90653733592000581,0x08962864353f06645a51b1af97f38c1d86177b617eb889dbd537c12768981ae7
324,7.10471427,0.0657896541402,0xad333898505f80f447cc4102324071939b871e2e,2017-10-31T19:25:32.000Z,0.00926,0x254fb89e4cab71708eaab16e067ca8156a38e18a,buy,0x4156d3342d5c385a87d264f90653733592000581,0x58846c993492722402acfb71e11da374b240cecd97e07467f133d859080df021
325,4,0.036799996,0xad333898505f80f447cc4102324071939b871e2e,2017-10-31T19:25:13.000Z,0.009199999,0xdf114c51ae98a8d2071066418ee9ee04403289d2,buy,0x4156d3342d5c385a87d264f90653733592000581,0x8f641987fdf0fb6214e4d08bc68f285831fe1da9a1178a433d303bd51047ab26
326,18.5378391,0.165172146381,0xad333898505f80f447cc4102324071939b871e2e,2017-10-31T19:24:58.000Z,0.00891,0x254fb89e4cab71708eaab16e067ca8156a38e18a,buy,0x4156d3342d5c385a87d264f90653733592000581,0x108f3b470d95ae8a3589030ccbf8501a985c809e510308e3ba039d3fe231d114
327,554.99970498,4.9727973566208,0x772d794f6c4f60ef72990c0b760526c7623b4cdf,2017-10-31T19:01:01.000Z,0.00896,0x1eaa18a0e964d346f2b5182be3f97d7aab5145b9,buy,0x4156d3342d5c385a87d264f90653733592000581,0x1599bbaec621d37e957247d0ecc2fb00be53512f58144fbd7c8d742919982d56
328,1.4621609,0.013027853619,0xf44072eda87ede9613b6ae1b812de8a60ade27a2,2017-10-31T18:56:31.000Z,0.00891,0x254fb89e4cab71708eaab16e067ca8156a38e18a,buy,0x4156d3342d5c385a87d264f90653733592000581,0x38ad95f1963a5a03cb35d7797c26169e0ae3bca8c2072baccc5d46059faa0ba6
329,1.45777441,0.0145777441,0x38a4ff00c207cbd78ab34b6ddd1b8754e4498508,2017-10-31T18:56:31.000Z,0.01,0xf44072eda87ede9613b6ae1b812de8a60ade27a2,sell,0x4156d3342d5c385a87d264f90653733592000581,0x38ad95f1963a5a03cb35d7797c26169e0ae3bca8c2072baccc5d46059faa0ba6
330,80,0.7128,0x3c0e781116e7ebcfcee0955f314bdac09bf1813d,2017-10-31T18:54:43.000Z,0.00891,0x254fb89e4cab71708eaab16e067ca8156a38e18a,buy,0x4156d3342d5c385a87d264f90653733592000581,0x2f225342a655cc2706610a2e91a94955a9444e4bd43e4d9b906f617042bf3e2c
331,349.7,3.119324,0xf142f26d1cac4ba8a6e6d7974d243eda2fe5f4f9,2017-10-31T18:53:30.000Z,0.00892,0x81e6b15acf463ca72c4dd9aebee375305b06e20e,buy,0x4156d3342d5c385a87d264f90653733592000581,0x129817181c0fbedf0744f8c6a88cd764509352ae064756792cd831a3582d76ac
332,500,4.455,0xf142f26d1cac4ba8a6e6d7974d243eda2fe5f4f9,2017-10-31T18:49:35.000Z,0.00891,0x1eaa18a0e964d346f2b5182be3f97d7aab5145b9,buy,0x4156d3342d5c385a87d264f90653733592000581,0xef51217545f190e8c5ad3d5009b3aafa06222d180acc60ceebc8abf268fe79d8
333,1,0.009,0xea2996b9e0375f0251563bf581ac75a93380494b,2017-10-31T18:31:00.000Z,0.009,0xc0d25eec41257298c8501ffbf79253786602a882,sell,0x4156d3342d5c385a87d264f90653733592000581,0x2f2899bfa951feae8125c118eaf171cd46637dda47839c90b7cb611a17ca6811
334,0.001,0.021,0xafe2d290463e27c1e9a529303fa05889b57e8dc6,2017-10-31T18:12:36.000Z,21,0x0c5719fba3a34b524ae668cb51c5e2ce0e1ead14,buy,0x4156d3342d5c385a87d264f90653733592000581,0x052b44b6b7716b1ef3ecaebe46c58cc5af49a25a89949b259d8fb314fdf990d1
335,6.97,0.11849,0xafe2d290463e27c1e9a529303fa05889b57e8dc6,2017-10-31T18:08:37.000Z,0.017,0x953d1111662196af36e9d387c0f909e14111fa76,buy,0x4156d3342d5c385a87d264f90653733592000581,0xc8af9efb2bc4c3d109b16bf2d78829024f4efc9ed7f5cb79f7c5fd8e2fcea1b8
336,15,0.13455,0x5941d1abe4146790ec6b3d0b2492edc8cca225d8,2017-10-31T18:06:35.000Z,0.00897,0x1eaa18a0e964d346f2b5182be3f97d7aab5145b9,buy,0x4156d3342d5c385a87d264f90653733592000581,0x06b8b96cbad58cbc9e7d231f95e2012ece522b3ff26c4446af8e1382b6c79896
337,10.544,0.09457968,0x0c5719fba3a34b524ae668cb51c5e2ce0e1ead14,2017-10-31T18:05:19.000Z,0.00897,0x1eaa18a0e964d346f2b5182be3f97d7aab5145b9,buy,0x4156d3342d5c385a87d264f90653733592000581,0x9a72bf66c4c01971dfeac73b60ea8631346520ecd1c80d509e9d328bd010305e
338,20,0.18,0xeff5e22ab9809b8e03ea9ea725b41fece4fe55b1,2017-10-31T17:57:01.000Z,0.009,0x1eaa18a0e964d346f2b5182be3f97d7aab5145b9,sell,0x4156d3342d5c385a87d264f90653733592000581,0x3c5f39049b4aa9387aabbea575d16d9553af74d9827e7f8c27df701aa950a921
339,9.996,0.089964,0x89d400d2268df5f9e4590c632f407bda11fab028,2017-10-31T17:53:30.000Z,0.009,0x254fb89e4cab71708eaab16e067ca8156a38e18a,buy,0x4156d3342d5c385a87d264f90653733592000581,0x5146622262f188a0318486ad2a26ac1a11512e8888b9c8adac88def7a108b3da
340,2.89032572,0.02890614752572,0x38a4ff00c207cbd78ab34b6ddd1b8754e4498508,2017-10-31T17:28:45.000Z,0.010001,0x65f2dddf638c7a7118b22d610c9aeba141f2467f,sell,0x4156d3342d5c385a87d264f90653733592000581,0x6bcfc7eb881ed4fc913298df2482447002180b90f0da05136e49e31057bc42ea
341,2.89928573,0.02609357157,0x65f2dddf638c7a7118b22d610c9aeba141f2467f,2017-10-31T17:28:45.000Z,0.009,0x254fb89e4cab71708eaab16e067ca8156a38e18a,buy,0x4156d3342d5c385a87d264f90653733592000581,0x6bcfc7eb881ed4fc913298df2482447002180b90f0da05136e49e31057bc42ea
342,30,0.3297,0x514b7ee6f94a92cc5f7d1882f6ff3d0a88b032c6,2017-10-31T17:24:41.000Z,0.01099,0x3c0e781116e7ebcfcee0955f314bdac09bf1813d,buy,0x4156d3342d5c385a87d264f90653733592000581,0x3228438d56b33fbb3b71db8553d7173ba7f103d7a7295c38abb088068524970a
343,100,0.9,0x7fcecc848ef9632ef130e3bcfb32e020a70dfff9,2017-10-31T17:24:22.000Z,0.009,0x81e6b15acf463ca72c4dd9aebee375305b06e20e,sell,0x4156d3342d5c385a87d264f90653733592000581,0x6bd85d4eed22f94c5ae170b76df12b61a76560dbbcf90cad84b44677bdbae4cf
344,0.069,0.00062859,0x5971f9b8c955285dcd49d4951a33a613d3e2701b,2017-10-31T17:07:05.000Z,0.00911,0x1eaa18a0e964d346f2b5182be3f97d7aab5145b9,buy,0x4156d3342d5c385a87d264f90653733592000581,0x836b0b376fb1a70599cdd42df9a4e255a26a4117eef638edc48954ebafe50df9
345,2.24195682,0.0201551918118,0x2d1204d83b9182c5755ad06c1c24767786527928,2017-10-31T16:48:42.000Z,0.00899,0x6c723da0e2243be0d60a23801c00039b98ce35d6,sell,0x4156d3342d5c385a87d264f90653733592000581,0x712ff531bb8397b60218e608e3140743bfd56110665ed6218d3a6b44de1a46f5
346,23.981,0.208653333237,0x628309ceda5ddf1cd96e1a4b718af7cdcf1f364d,2017-10-31T16:46:38.000Z,0.008700777,0x6c723da0e2243be0d60a23801c00039b98ce35d6,sell,0x4156d3342d5c385a87d264f90653733592000581,0x7e3a2d58b59bb4875088029b967ea9a83c510aca6f479451bc51b973f52167ac
347,20,0.17482,0x122443e2a2e40f588fb53fb578b6b3597d171ec4,2017-10-31T16:46:38.000Z,0.008741,0x6c723da0e2243be0d60a23801c00039b98ce35d6,sell,0x4156d3342d5c385a87d264f90653733592000581,0xdee5758c711196d3dd211c43d7ec40026c4dbe49cbcc39b9fadf310c82d806cb
348,49.087,0.42607516,0x1eaa18a0e964d346f2b5182be3f97d7aab5145b9,2017-10-31T16:46:38.000Z,0.00868,0x6c723da0e2243be0d60a23801c00039b98ce35d6,sell,0x4156d3342d5c385a87d264f90653733592000581,0xf63bb2b76d4f92b7dfaea8a2663bbfc36d5b2d5d6994a8fb2b3fbd5fd64a248f
349,384.797,3.336190374797004,0x5d755ef2efebd5fe534d930f32ed760c78f88d2a,2017-10-31T16:45:55.000Z,0.00867000100000001,0x6c723da0e2243be0d60a23801c00039b98ce35d6,sell,0x4156d3342d5c385a87d264f90653733592000581,0x0f0e5a2648194448c4768fa21c8956c2013ed00e835b09b5f49ea030d6fffbbf
350,50,0.456,0x450d90ee5536a828919c34222a77c06e18494ee2,2017-10-31T16:45:31.000Z,0.00912,0x81e6b15acf463ca72c4dd9aebee375305b06e20e,buy,0x4156d3342d5c385a87d264f90653733592000581,0x138108dce7a47c1431762c9b53fc4b0cbc8b3a2901972304cd282242249099b3
351,45.01876889,0.3916982689264275,0x628309ceda5ddf1cd96e1a4b718af7cdcf1f364d,2017-10-31T16:44:58.000Z,0.008700777,0x6c723da0e2243be0d60a23801c00039b98ce35d6,sell,0x4156d3342d5c385a87d264f90653733592000581,0xe076aea610c3125d8f7568ed8c02ffa81eb1958ffd8c75a33d1c3fe698e92a57
352,115.20280522,0.9988084364602063,0x5d755ef2efebd5fe534d930f32ed760c78f88d2a,2017-10-31T16:43:16.000Z,0.00867000100000001,0x6c723da0e2243be0d60a23801c00039b98ce35d6,sell,0x4156d3342d5c385a87d264f90653733592000581,0xcd6138a19fd717577496201690452fa7edc3db8ce8a2c15d4d13aaed4b35fcbc
353,74.68558698,0.6527520302052,0xe9ebee76a902b6536c0bddf79ac4c4343e5bdbfb,2017-10-31T16:42:43.000Z,0.00874,0x6c723da0e2243be0d60a23801c00039b98ce35d6,sell,0x4156d3342d5c385a87d264f90653733592000581,0x8e25aa5268c2d590452a647bfa8832714f82cd9090eb5c966f6342a17054a80f
354,650.913,5.64992484,0x1eaa18a0e964d346f2b5182be3f97d7aab5145b9,2017-10-31T16:24:52.000Z,0.00868,0x41ecf2b56611359be97b566f7ae878f16a330530,sell,0x4156d3342d5c385a87d264f90653733592000581,0xd4e2389aee867bc2b0f2cb5c1080a5bbf04fc3e8c5a63dd293680cdd2d3e7031
355,120,1.0476,0x254fb89e4cab71708eaab16e067ca8156a38e18a,2017-10-31T16:24:46.000Z,0.00873,0x41ecf2b56611359be97b566f7ae878f16a330530,sell,0x4156d3342d5c385a87d264f90653733592000581,0x67c2c1811879d4665a3d3605ecfa78b5c95b60ea9db099b5e984c25aaa26ec02
356,30,0.2703,0x66ba7e4d074192839652a4042a6fa9ad96bab92d,2017-10-31T16:00:04.000Z,0.00901,0x6c723da0e2243be0d60a23801c00039b98ce35d6,sell,0x4156d3342d5c385a87d264f90653733592000581,0x83603fa83690161a4788cec0be5e9f684bc91631ceb945138690e0aecebb5fc0
357,9.715,0.087435,0x603e61082b584467fe5a252e93a27797e8c0d53d,2017-10-31T16:00:04.000Z,0.009,0x6c723da0e2243be0d60a23801c00039b98ce35d6,sell,0x4156d3342d5c385a87d264f90653733592000581,0x9c79af42ee59303d33b8cf3ce7b0233ea8160caa7943b3518152f36c6c9519bd
358,99.54394225,0.8759866918,0xd203bf9704607c00dd1e1cab809ad1796f9cacbb,2017-10-31T15:55:27.000Z,0.0088,0x6c723da0e2243be0d60a23801c00039b98ce35d6,sell,0x4156d3342d5c385a87d264f90653733592000581,0x40a8c266206c7d4fdc0279e7922548a18d67c41753680511e83ef599edfee661
359,25.28469069,0.22756221621,0x603e61082b584467fe5a252e93a27797e8c0d53d,2017-10-31T15:54:15.000Z,0.009,0x6c723da0e2243be0d60a23801c00039b98ce35d6,sell,0x4156d3342d5c385a87d264f90653733592000581,0x4649e1f157e40d34220c287f6cc0e3fe096925fdcf7209072b7074e239af2866
360,36.505,0.32861801,0x2d1204d83b9182c5755ad06c1c24767786527928,2017-10-31T15:53:42.000Z,0.009002,0x6c723da0e2243be0d60a23801c00039b98ce35d6,sell,0x4156d3342d5c385a87d264f90653733592000581,0x2b16549fa02726cdaf4a0cb37e257028a1254f4e9ecee0bf489cbb918ab454b2
361,37.779,0.34038879,0x1eaa18a0e964d346f2b5182be3f97d7aab5145b9,2017-10-31T15:52:58.000Z,0.00901,0x6c723da0e2243be0d60a23801c00039b98ce35d6,sell,0x4156d3342d5c385a87d264f90653733592000581,0x5837361c478de29eeef1d4f62d6cf9dee2de62396fa0746774cffb62f6d60671
362,199.25224228,1.79366868500456,0x2d1204d83b9182c5755ad06c1c24767786527928,2017-10-31T15:51:51.000Z,0.009002,0x6c723da0e2243be0d60a23801c00039b98ce35d6,sell,0x4156d3342d5c385a87d264f90653733592000581,0xed378f2cf5dcb27d9fcc7a95d5b2c09e25d269d501c94ee204e71371a5a1ce6b
363,199.24227522,1.79357896153044,0x2d1204d83b9182c5755ad06c1c24767786527928,2017-10-31T15:47:24.000Z,0.009002,0x6c723da0e2243be0d60a23801c00039b98ce35d6,sell,0x4156d3342d5c385a87d264f90653733592000581,0x586a92c6f2bf5998d54502a9200bd678f4f2092f64245fc2a688aa1f4a33d195
364,99.26265552,0.8943565262352,0x1eaa18a0e964d346f2b5182be3f97d7aab5145b9,2017-10-31T15:45:27.000Z,0.00901,0x6c723da0e2243be0d60a23801c00039b98ce35d6,sell,0x4156d3342d5c385a87d264f90653733592000581,0x034e090a3cb28179311667eb82719c5fbc3dfb370a45c68981a4a8b5f611f897
365,100,0.902,0x3c0e781116e7ebcfcee0955f314bdac09bf1813d,2017-10-31T15:43:42.000Z,0.00902,0x6c723da0e2243be0d60a23801c00039b98ce35d6,sell,0x4156d3342d5c385a87d264f90653733592000581,0xf37423ead57d857e52d975176d4deb3aa75da5abfb29d13f97d634ba9bfb76d9
366,203.69750862,1.8353145526662,0x1eaa18a0e964d346f2b5182be3f97d7aab5145b9,2017-10-31T15:41:36.000Z,0.00901,0x6c723da0e2243be0d60a23801c00039b98ce35d6,sell,0x4156d3342d5c385a87d264f90653733592000581,0x1bbdcee9cfcfe8078b1241cd97764c540aaf3b5a7e7a9f846b3a7199c66d3bc2
367,39.70890261,0.3577772125161,0x1eaa18a0e964d346f2b5182be3f97d7aab5145b9,2017-10-31T15:32:31.000Z,0.00901,0x6c723da0e2243be0d60a23801c00039b98ce35d6,sell,0x4156d3342d5c385a87d264f90653733592000581,0x72fa06904ec36ac483d8cb34244834929ed879e8cd572e977a78f3f7734eb94d
368,74,0.6993,0xda09cb5c09310242846bfe7f32a90f292af86ddf,2017-10-31T15:29:33.000Z,0.00945,0xc0d25eec41257298c8501ffbf79253786602a882,buy,0x4156d3342d5c385a87d264f90653733592000581,0x558e4a36c23099bd9262c191e60709a92c0106ae54d5c23e3b94dee0ac827801
369,0.00194891,0.0000175596791,0x1eaa18a0e964d346f2b5182be3f97d7aab5145b9,2017-10-31T15:24:57.000Z,0.00901,0x6c723da0e2243be0d60a23801c00039b98ce35d6,sell,0x4156d3342d5c385a87d264f90653733592000581,0xfecf50501e347ee1a2d807b534c9dbcbd87d465d132c7898f8ef3b085541c5d7
370,19.54953544,0.1761413143144,0x1eaa18a0e964d346f2b5182be3f97d7aab5145b9,2017-10-31T15:24:29.000Z,0.00901,0x6c723da0e2243be0d60a23801c00039b98ce35d6,sell,0x4156d3342d5c385a87d264f90653733592000581,0xfc26c37393b19a91d5ccad5e5020bc734c02028acedaccdb5ceca5bbc7cc0386
371,5,0.045255,0xbde166024b8e84042dd97dc292b130bf0cc715fa,2017-10-31T15:22:33.000Z,0.009051,0x6c723da0e2243be0d60a23801c00039b98ce35d6,sell,0x4156d3342d5c385a87d264f90653733592000581,0x1d07429b1fac6c7783ec93c0585b049ff92c1e0eb05d65db8c0107c1fa11f33f
372,38,0.3439,0x49970156acdd884d81e4ca6ff1cb6c1c167125fe,2017-10-31T15:22:23.000Z,0.00905,0x6c723da0e2243be0d60a23801c00039b98ce35d6,sell,0x4156d3342d5c385a87d264f90653733592000581,0x64dd2c339c893384d29015e8897476c0fb3800f3aada1b3235977d10ba0908e6
373,15,0.1365,0x3885c5f00744d4d665e0de5d306c68935a9369e2,2017-10-31T15:22:23.000Z,0.0091,0x6c723da0e2243be0d60a23801c00039b98ce35d6,sell,0x4156d3342d5c385a87d264f90653733592000581,0x85b68b86444e0281795879f217137487e81e8f12a879360045dc64359630c064
374,22,0.2002,0xac1ef807ee69a3ad43e6ec322eb8c21a0ae453ef,2017-10-31T15:22:22.000Z,0.0091,0x6c723da0e2243be0d60a23801c00039b98ce35d6,sell,0x4156d3342d5c385a87d264f90653733592000581,0xa6df69fb69f14c178e0cb9fb8f01d73bd962230149bef2fa2925dd0e9174e048
375,14,0.13503,0xf56a5813467b2b28d095877a40df468290e747e4,2017-10-31T13:54:13.000Z,0.009645,0x3885c5f00744d4d665e0de5d306c68935a9369e2,buy,0x4156d3342d5c385a87d264f90653733592000581,0xcf3314e1d1d0c990ea12d31b6cebec258626489c693357dcf6b1e0e618b6f981
376,59.54403165,0.5743021852815461,0xa8ebce443fddd76cc1ab018d96b4f5e3b629f1e6,2017-10-31T13:45:44.000Z,0.009645000000290475,0x3885c5f00744d4d665e0de5d306c68935a9369e2,buy,0x4156d3342d5c385a87d264f90653733592000581,0x126b1818156a6ca2a14c7b269e36f7328bd7b176040ec6b847aad88634967dce
377,20,0.1958,0xdf13d76cdc478b5098d1861068acaceda0f823a5,2017-10-31T12:38:49.000Z,0.00979,0x3885c5f00744d4d665e0de5d306c68935a9369e2,buy,0x4156d3342d5c385a87d264f90653733592000581,0x0f9ae29da0ccef60ea64a6f4bfd2e769646594d53804385b1f9d04c516c8b6ca
378,155,1.457,0xeea6fd6c2ee143f8a8d68132571d1e472d5dd9a3,2017-10-31T12:07:01.000Z,0.0094,0xbd11a3bae9ea4473053ad48d83e887e4bae2c3cf,sell,0x4156d3342d5c385a87d264f90653733592000581,0xbe8319579f70aeb7986054a7fe36bee19338555ed5f2733b2b4d17c1632275b0
379,1319,13.00534,0x45b23183cf05a835c331432d8f24fdb427e9cd5e,2017-10-31T10:25:57.000Z,0.00986,0x84b9eee80beb6e618d677343c6eff6f3240326e7,buy,0x4156d3342d5c385a87d264f90653733592000581,0xfd1aaf44f3c9f51798adfe28c1be9e33b0b34984b913ad4e32e93cfc9df3d9d9
380,217,2.13745,0x45b23183cf05a835c331432d8f24fdb427e9cd5e,2017-10-31T10:24:06.000Z,0.00985,0x2d1204d83b9182c5755ad06c1c24767786527928,buy,0x4156d3342d5c385a87d264f90653733592000581,0xa7bedffe566c25ab0961a27e86148d8fbe6e79c12cc67d72584c9751f10b6c2c
381,102.371,1.0032358,0x45b23183cf05a835c331432d8f24fdb427e9cd5e,2017-10-31T10:23:39.000Z,0.0098,0xc0d25eec41257298c8501ffbf79253786602a882,buy,0x4156d3342d5c385a87d264f90653733592000581,0xa95a8600aa01587b0f5b5168e1a40c0ad242907f407e3de6090c383b8e8fb38e
382,46.97881302,0.4416008424051222,0x45b23183cf05a835c331432d8f24fdb427e9cd5e,2017-10-31T10:22:03.000Z,0.009400000000364468,0x3c0e781116e7ebcfcee0955f314bdac09bf1813d,buy,0x4156d3342d5c385a87d264f90653733592000581,0x7214b5ca05357360dd01981515eaa8a2769ffdf9890d8eccf3cfb4fda2f3513b
383,11,0.1034,0x91a135428469f4a9ddea9022fd90ad076a102317,2017-10-31T10:16:47.000Z,0.0094,0x3c0e781116e7ebcfcee0955f314bdac09bf1813d,buy,0x4156d3342d5c385a87d264f90653733592000581,0xcc33f4177b164d5026c1f3c4a6f9946c0062edea80632ca7883a3ebe9026b699
384,180,1.773,0x49520534fb8c448ba7f9cadc06c1efd0150aaf32,2017-10-31T10:08:18.000Z,0.00985,0x2d1204d83b9182c5755ad06c1c24767786527928,buy,0x4156d3342d5c385a87d264f90653733592000581,0xa06df716849dc7642b69ce543c73870b711b5b2bd00fc69bc0e7de9ccdf5de67
385,5.4,0.05076,0x2be8a55bef89a7685d94e27a64402526df5e89e0,2017-10-31T10:03:21.000Z,0.0094,0x3c0e781116e7ebcfcee0955f314bdac09bf1813d,buy,0x4156d3342d5c385a87d264f90653733592000581,0xd6fa6372623d7f0b3e08bc1822a53e726ebcbdde30435deafe52f49c7ab34ec4
386,3.19018697,0.029987757594877772,0xaaae9672b33333264366d382a790b1608ce30b82,2017-10-31T09:56:42.000Z,0.009400000024098203,0x3c0e781116e7ebcfcee0955f314bdac09bf1813d,buy,0x4156d3342d5c385a87d264f90653733592000581,0x88ca6c9693cc19d928cce794eeec3a870f1b1e31747850e5339c678cb1a4bfee
387,455,4.14505,0x81e6b15acf463ca72c4dd9aebee375305b06e20e,2017-10-31T08:26:49.000Z,0.00911,0xbd11a3bae9ea4473053ad48d83e887e4bae2c3cf,sell,0x4156d3342d5c385a87d264f90653733592000581,0x64c0b8f4c520ea84b31f4360aaec6bd39cdb3dc762d4532746032a9036abd4cb
