,amount,amountBase,buyer,date,price,seller,side,tokenAddr,txHash
0,10000,6.569,0xbda8ef20d4ccaa4ad5f2f5663855ccad4445253e,2017-11-02T14:10:10.000Z,0.0006569,0x0960da039bb8151cacfef620476e8baf34bd9565,buy,0xb24754be79281553dc1adc160ddf5cd9b74361a4,0xeddf24a01d679211cf9ab7cc74986cc66d2fe462e82cabcf0b11d011b7fd7f4b
1,0.129713033,0.0000814208708141,0xe9ebee76a902b6536c0bddf79ac4c4343e5bdbfb,2017-11-02T14:06:16.000Z,0.0006277,0x2aaebe8b991f8e6a334cd3825b6759a07943f0b4,sell,0xb24754be79281553dc1adc160ddf5cd9b74361a4,0x42fe65af4a94c863de0b2a2bf2eeb0ac0723fed420efa2ab20203500a9b00dc8
2,1301.151430565,0.816082177250368,0xe9ebee76a902b6536c0bddf79ac4c4343e5bdbfb,2017-11-02T14:03:12.000Z,0.0006272,0x2aaebe8b991f8e6a334cd3825b6759a07943f0b4,sell,0xb24754be79281553dc1adc160ddf5cd9b74361a4,0xe74b5bbe5353b35f5751017e1409bc88c945071b9a0994a63e85daaea494510d
3,10000,6.289,0x0960da039bb8151cacfef620476e8baf34bd9565,2017-11-02T13:59:07.000Z,0.0006289,0x2aaebe8b991f8e6a334cd3825b6759a07943f0b4,sell,0xb24754be79281553dc1adc160ddf5cd9b74361a4,0x9035e9c49031f7749127b3f4eb82f95e75d6cbb77dcfaed67c445b5ef1b961f1
4,1515,0.95219265,0x5a6030add6ad1c6ddff05a009b76305f1c1ab865,2017-11-02T13:54:12.000Z,0.00062851,0x2aaebe8b991f8e6a334cd3825b6759a07943f0b4,sell,0xb24754be79281553dc1adc160ddf5cd9b74361a4,0x6aaf083d884d7791e73920a92dde9a03663d3d5531e78381ff9c34150977e71a
5,5320,3.345748,0xe9ebee76a902b6536c0bddf79ac4c4343e5bdbfb,2017-11-02T13:52:39.000Z,0.0006289,0x2aaebe8b991f8e6a334cd3825b6759a07943f0b4,sell,0xb24754be79281553dc1adc160ddf5cd9b74361a4,0x3191e17b4b13ca420985710fdd482bc37bf11cc0ca5894a67563680b55a2c1c8
6,5000,3.345,0xe9ebee76a902b6536c0bddf79ac4c4343e5bdbfb,2017-11-02T13:48:07.000Z,0.000669,0x0960da039bb8151cacfef620476e8baf34bd9565,buy,0xb24754be79281553dc1adc160ddf5cd9b74361a4,0x8ae8578fedd0a968b675d42e3fcc9c5d2439197a6784e1f610dd2ffdc16cc690
7,1500,1.002,0xe9ebee76a902b6536c0bddf79ac4c4343e5bdbfb,2017-11-02T13:47:00.000Z,0.000668,0x48737bd0d7f24f3bb7c778e4e3074634765034a6,buy,0xb24754be79281553dc1adc160ddf5cd9b74361a4,0x0da95a0ab06cd5c662def2d55ea4578392c416372e1ae0c935bafa571cc41596
8,10000,6.569,0xbda8ef20d4ccaa4ad5f2f5663855ccad4445253e,2017-11-02T12:28:46.000Z,0.0006569,0x0960da039bb8151cacfef620476e8baf34bd9565,buy,0xb24754be79281553dc1adc160ddf5cd9b74361a4,0x83e4726888e7e22803e0b37b20ef70b0db130dde7ff201d0cb3fa97bd39c97d7
9,5297.379,3.475080624,0xbda8ef20d4ccaa4ad5f2f5663855ccad4445253e,2017-11-02T12:25:55.000Z,0.000656,0x1eaa18a0e964d346f2b5182be3f97d7aab5145b9,buy,0xb24754be79281553dc1adc160ddf5cd9b74361a4,0x319d86075abce59d7e77293f6e4d1943c6e469af4ea3ac4e89400be1811d4786
10,1500,0.981,0xbda8ef20d4ccaa4ad5f2f5663855ccad4445253e,2017-11-02T12:23:49.000Z,0.000654,0x48737bd0d7f24f3bb7c778e4e3074634765034a6,buy,0xb24754be79281553dc1adc160ddf5cd9b74361a4,0xb4377c1b1a0c22829f393839af9945dc9c9e32523d299b58ce024ade74050cc9
11,1100,0.7183,0xbda8ef20d4ccaa4ad5f2f5663855ccad4445253e,2017-11-02T12:23:04.000Z,0.000653,0x4de6bf61916eafb0510af6aa45e0cf994a571adb,buy,0xb24754be79281553dc1adc160ddf5cd9b74361a4,0x958fbd564a3bfd3a4b71e02e14d580e059277e5cf09a64cda2cf661ced4404a8
12,568.887,0.3519134982,0xbda8ef20d4ccaa4ad5f2f5663855ccad4445253e,2017-11-02T12:22:58.000Z,0.0006186,0x4387194fc92c9e30ff1cd2b6e7e7148a9ac50a0b,buy,0xb24754be79281553dc1adc160ddf5cd9b74361a4,0xffbe3a76d9d571562fc030143deb269243433d4db5397bc14031a174070453ea
13,20000,13.13798,0xbda8ef20d4ccaa4ad5f2f5663855ccad4445253e,2017-11-02T12:22:11.000Z,0.000656899,0x0960da039bb8151cacfef620476e8baf34bd9565,buy,0xb24754be79281553dc1adc160ddf5cd9b74361a4,0x6c83465e92b0fc9dadac0692a5d228851bb469d2b95b4225d039d12e0f06a8c7
14,1500,0.978,0xbda8ef20d4ccaa4ad5f2f5663855ccad4445253e,2017-11-02T12:21:18.000Z,0.000652,0x48737bd0d7f24f3bb7c778e4e3074634765034a6,buy,0xb24754be79281553dc1adc160ddf5cd9b74361a4,0x542f86cd9cb4d1507527aa87fcdd8f795c85e28f4f53c69b54ba85a3a7a67428
15,911.532987994,0.5947752746661336,0xbda8ef20d4ccaa4ad5f2f5663855ccad4445253e,2017-11-02T12:21:18.000Z,0.0006525000000000533,0x1dcb923d91f5b3e3aa5707d8c9688bea0395adb2,buy,0xb24754be79281553dc1adc160ddf5cd9b74361a4,0x520fccc6947a2784a60175a695c8871295573e0d1bc084544701aec13d8d71b0
16,20000,12.98,0xbda8ef20d4ccaa4ad5f2f5663855ccad4445253e,2017-11-02T12:19:55.000Z,0.000649,0x98b3214e91f793c7c6f969eb1c82d61dcffcecd0,buy,0xb24754be79281553dc1adc160ddf5cd9b74361a4,0x1cab3b0b22ade97760b2cf74bad509ae99d40cd3a02eb4676c853834ba6d88e6
17,15000,9.75,0xbda8ef20d4ccaa4ad5f2f5663855ccad4445253e,2017-11-02T12:19:55.000Z,0.00065,0x0960da039bb8151cacfef620476e8baf34bd9565,buy,0xb24754be79281553dc1adc160ddf5cd9b74361a4,0x6cdc56b75a799aee30bb8bea4b58f7ab41267521695b1c573439e0ea593399f5
18,20000,13.02,0xbda8ef20d4ccaa4ad5f2f5663855ccad4445253e,2017-11-02T12:19:55.000Z,0.000651,0x98b3214e91f793c7c6f969eb1c82d61dcffcecd0,buy,0xb24754be79281553dc1adc160ddf5cd9b74361a4,0x3d4bb86c8ca499371ae772c26d2061a13b49216dba2a7abf1d96a0670eea68fe
19,2000,1.28,0xbda8ef20d4ccaa4ad5f2f5663855ccad4445253e,2017-11-02T12:19:22.000Z,0.00064,0xaa57933f42f4af6365c7915cd243c1f7c0a4e390,buy,0xb24754be79281553dc1adc160ddf5cd9b74361a4,0x3374eda3b715be25cdd81d68454a08b78397e111e9667064a5b9a2149f13a5b1
20,4593.107622626,2.9349957708584684,0xbda8ef20d4ccaa4ad5f2f5663855ccad4445253e,2017-11-02T12:19:22.000Z,0.0006390000000000989,0x1eaa18a0e964d346f2b5182be3f97d7aab5145b9,buy,0xb24754be79281553dc1adc160ddf5cd9b74361a4,0x8985a722e4a63b1d5c2ce0304680e23d924ed72895827dce5fc976dc2e2258a6
21,4593.107622626,2.9349957708584684,0xbda8ef20d4ccaa4ad5f2f5663855ccad4445253e,2017-11-02T12:19:19.000Z,0.0006390000000000989,0x1eaa18a0e964d346f2b5182be3f97d7aab5145b9,buy,0xb24754be79281553dc1adc160ddf5cd9b74361a4,0x8985a722e4a63b1d5c2ce0304680e23d924ed72895827dce5fc976dc2e2258a6
22,1500,0.95775,0xbda8ef20d4ccaa4ad5f2f5663855ccad4445253e,2017-11-02T12:18:57.000Z,0.0006385,0x48737bd0d7f24f3bb7c778e4e3074634765034a6,buy,0xb24754be79281553dc1adc160ddf5cd9b74361a4,0xa8768bfae4d1d80b588d93671edc375f968247631fcc47074aae434cba86f3f5
23,1845,1.17711,0xbda8ef20d4ccaa4ad5f2f5663855ccad4445253e,2017-11-02T12:18:18.000Z,0.000638,0x1eaa18a0e964d346f2b5182be3f97d7aab5145b9,buy,0xb24754be79281553dc1adc160ddf5cd9b74361a4,0x093ddbbc0cdeaacce9a194e0ddab809e6dcab1152e0cd1c782f374aad34bdbad
24,155,0.09889,0xbda8ef20d4ccaa4ad5f2f5663855ccad4445253e,2017-11-02T12:10:22.000Z,0.000638,0x1eaa18a0e964d346f2b5182be3f97d7aab5145b9,buy,0xb24754be79281553dc1adc160ddf5cd9b74361a4,0x84bb58bb35a358b5a3587fa030d9a857df68f89332699ec1c7e542351d0d8882
25,398.76383212,0.246675306549432,0xceed13dd47c7bb5165ddaaef3acb3752109b713b,2017-11-02T11:40:58.000Z,0.0006186,0xfba86c955302919af639d8e64a01200e8f826197,sell,0xb24754be79281553dc1adc160ddf5cd9b74361a4,0x5356138fb4141396829a7e5bfc71a39b35aa85791062ef81b844ee9ce88d0034
26,406.892377373,0.2600042291415315,0x6a11e30823902d47673175c387ad8d7d90cbf0ee,2017-11-02T11:39:25.000Z,0.0006390000000004534,0x1eaa18a0e964d346f2b5182be3f97d7aab5145b9,buy,0xb24754be79281553dc1adc160ddf5cd9b74361a4,0x846bf55a5096a4abbd7b74ed32c34d7b79434e458a80d83577d9edf3c95d39d2
27,1500,0.93,0x48737bd0d7f24f3bb7c778e4e3074634765034a6,2017-11-02T11:31:47.000Z,0.00062,0x35e2cf9795159fa2d4fea7f392a0f9896b487f53,sell,0xb24754be79281553dc1adc160ddf5cd9b74361a4,0x29843bcebfc97583c69ea9f904610234436467f7619c853e029734ec5719a98e
28,6822.923012005,4.451957265333866,0xb1b60e41e220c0b3625e07bdff8a5d43339a90d3,2017-11-02T09:49:42.000Z,0.0006525000000000886,0x1dcb923d91f5b3e3aa5707d8c9688bea0395adb2,buy,0xb24754be79281553dc1adc160ddf5cd9b74361a4,0x4591521ebd212a359ec16cf200b47ab3982cae139ee4b3fd3a4e3ea7863286a4
29,1835.500986039,1.1354409099637255,0xceed13dd47c7bb5165ddaaef3acb3752109b713b,2017-11-02T09:09:19.000Z,0.0006186,0x7d258aa550a4e4860fc83e26b7d998e9d070b96e,sell,0xb24754be79281553dc1adc160ddf5cd9b74361a4,0xd7e7a41f789dd89e82570ae34f87a261807164d08b266a03f80c6ff5d81a191a
30,2693,1.66966,0x39f8cf09e87314e2a5b321153672831b125e7c2c,2017-11-02T09:07:07.000Z,0.00062,0x7d258aa550a4e4860fc83e26b7d998e9d070b96e,sell,0xb24754be79281553dc1adc160ddf5cd9b74361a4,0x7d25e7adc3fde0d602f6561264b3d5c774296d12a244d868fe2be942351a0983
31,8098.001,5.02076062,0x928318b2e90c8b1a5255d03ee5eb3a1533e3dbea,2017-11-02T09:04:35.000Z,0.00062,0x7d258aa550a4e4860fc83e26b7d998e9d070b96e,sell,0xb24754be79281553dc1adc160ddf5cd9b74361a4,0x3a63723d429f9e88849ceea11b400e2d3c8b2e2ff0054cb832e0296a9a5af2de
32,765.309,0.4745681109,0xe9ebee76a902b6536c0bddf79ac4c4343e5bdbfb,2017-11-02T09:04:10.000Z,0.0006201,0x7d258aa550a4e4860fc83e26b7d998e9d070b96e,sell,0xb24754be79281553dc1adc160ddf5cd9b74361a4,0x88545db237914a45c4d1d3f9962e4444ebb3fc5d2dcae6d13433ccb9f1b9bd28
33,99.69095803,0.061818363074403,0xe9ebee76a902b6536c0bddf79ac4c4343e5bdbfb,2017-11-02T08:57:31.000Z,0.0006201,0x7d258aa550a4e4860fc83e26b7d998e9d070b96e,sell,0xb24754be79281553dc1adc160ddf5cd9b74361a4,0x2e6932b24431a4d692e7808fdc5db1e2cacb5d148f499939ca38a0c7c41c540f
34,400,0.24804,0xe9ebee76a902b6536c0bddf79ac4c4343e5bdbfb,2017-11-02T07:58:19.000Z,0.0006201,0x0077fd7e912306e59d3643de725a1c89dbda2268,sell,0xb24754be79281553dc1adc160ddf5cd9b74361a4,0xfd1527a475fa8c89242d86fceea4cb10ce13edc7d8cd5a809d373728663833c8
35,5373.423843036,3.38525702111268,0x31cd857ec8645f2d19762e9d40bd994e5e791023,2017-11-02T07:30:10.000Z,0.00063,0x1dcb923d91f5b3e3aa5707d8c9688bea0395adb2,sell,0xb24754be79281553dc1adc160ddf5cd9b74361a4,0x661e1e7a3637e27505af22c43e3f86d3440bc647f6bf271d737f1ec7a1df9312
36,400,0.2612,0xfba86c955302919af639d8e64a01200e8f826197,2017-11-02T06:59:57.000Z,0.000653,0x4de6bf61916eafb0510af6aa45e0cf994a571adb,buy,0xb24754be79281553dc1adc160ddf5cd9b74361a4,0xc9713c44236fc514f6c3677350a43eaa904c1e793e4bf20e2770d360f00dad9d
37,500,0.3345,0x84c2f4eeedd911667eb1833ecd0bfa74c0c46b9a,2017-11-02T06:19:16.000Z,0.000669,0x1eaa18a0e964d346f2b5182be3f97d7aab5145b9,buy,0xb24754be79281553dc1adc160ddf5cd9b74361a4,0x94dd91ee03957bc1eebb97c562e23daf2f3035d7d1d805b5e3e096dffa9fa867
38,2641.838842639,1.66435847086257,0x31cd857ec8645f2d19762e9d40bd994e5e791023,2017-11-02T03:48:40.000Z,0.00063,0x0c6ead592dd190072e898e807f2fc68e98bcd8be,sell,0xb24754be79281553dc1adc160ddf5cd9b74361a4,0x0fad49ab447994da1547b1a3e574ea4d0fc1014f677bdeb449e295925664607e
39,1384.933705513,0.8759705687369725,0x48737bd0d7f24f3bb7c778e4e3074634765034a6,2017-11-02T03:45:03.000Z,0.0006325,0x0c6ead592dd190072e898e807f2fc68e98bcd8be,sell,0xb24754be79281553dc1adc160ddf5cd9b74361a4,0xc9be5374f48a5bcea5c01d99f339dacf01631b5bb9e0c1b369c55c085b1885f6
40,150,0.0984,0xbe81618cf71d920f06f37feb0afd41912d9a2e1c,2017-11-02T01:59:06.000Z,0.000656,0x1eaa18a0e964d346f2b5182be3f97d7aab5145b9,buy,0xb24754be79281553dc1adc160ddf5cd9b74361a4,0x23ae530076ddecf805a8d90caf9a8d5021bd9833bd95373fd9837afde89ac7ed
41,450,0.2952,0xff54308621eeddf887aa2d1470b480e2c0a195f5,2017-11-02T01:27:28.000Z,0.000656,0x1eaa18a0e964d346f2b5182be3f97d7aab5145b9,buy,0xb24754be79281553dc1adc160ddf5cd9b74361a4,0xaedd081186965490aae6e2246e91d2551e8d02f5feb019f7971463d1c364ce2a
42,1448,0.946992,0xff54308621eeddf887aa2d1470b480e2c0a195f5,2017-11-02T01:24:36.000Z,0.000654,0x48737bd0d7f24f3bb7c778e4e3074634765034a6,buy,0xb24754be79281553dc1adc160ddf5cd9b74361a4,0xacf65fe4f4d5fb2dfcfe614bb83eb1903a67429c6e77d0ef9ad26c2e1f9ae116
43,15.066294487,0.0095294312630275,0x48737bd0d7f24f3bb7c778e4e3074634765034a6,2017-11-02T01:04:54.000Z,0.0006325,0xa54ffa43d11698bc300d924781518b71dd10f0a8,sell,0xb24754be79281553dc1adc160ddf5cd9b74361a4,0x48c5e1c8ff6e80fdede26f451f3a0f9b25c8cce5429442e2eab83aecc7a9cb7c
44,50,0.0327,0xbe81618cf71d920f06f37feb0afd41912d9a2e1c,2017-11-02T00:35:11.000Z,0.000654,0x48737bd0d7f24f3bb7c778e4e3074634765034a6,buy,0xb24754be79281553dc1adc160ddf5cd9b74361a4,0x80983918f31c71886c93b9de85afcb214047533cbc7fc052cce06f258e5a6830
45,1,0.000654,0xed2ca7381d82f8fb9bcc54ea6ab6526e35aece25,2017-11-02T00:24:12.000Z,0.000654,0x48737bd0d7f24f3bb7c778e4e3074634765034a6,buy,0xb24754be79281553dc1adc160ddf5cd9b74361a4,0xa783f4b74ada033e89cc797e8a27d2b7c07d6fd6242b0ea264a5b7d933d4a1c5
46,1,0.000654,0xe2b48b3dd0b33283b4802e63e65518f27e635054,2017-11-02T00:24:12.000Z,0.000654,0x48737bd0d7f24f3bb7c778e4e3074634765034a6,buy,0xb24754be79281553dc1adc160ddf5cd9b74361a4,0xc38a5803c28d2abb73f23ed2c1a5cabc6ecfef5129eadee22d8c1900db52a7cc
47,84.737314325,0.05338450802475,0x31cd857ec8645f2d19762e9d40bd994e5e791023,2017-11-02T00:04:50.000Z,0.00063,0xf59a27dbef09c4de6851471deb581a5d59795a2c,sell,0xb24754be79281553dc1adc160ddf5cd9b74361a4,0x73c9b5d1eaa8a42ef5f31abce9a9b58fea1c2e1c0c5ccb7744988a7fb23e6e33
48,152.691782584,0.09970773402739873,0x60b00d7b7acf54634e3c7dc9b9c69d657bbf2bae,2017-11-01T22:36:39.000Z,0.0006530000000003061,0x1eaa18a0e964d346f2b5182be3f97d7aab5145b9,buy,0xb24754be79281553dc1adc160ddf5cd9b74361a4,0xe025afcd6d653117b27a647ae936160b04b7fdbc24a020620254702c57a9e9da
49,37.882564051,0.0234303658655435,0x689de6aae98fe48334d6147b8fdb1eb4f9be95d1,2017-11-01T21:12:52.000Z,0.0006185,0xe3a576e1e3f0d8519b617c01191712d8658ec96a,sell,0xb24754be79281553dc1adc160ddf5cd9b74361a4,0xbe19ac604defd50ef972a3323cf1de7477fe65055dbbb413f6eac387cd3001b9
50,1450,0.94685,0x013bd05b9c298ad5d91d7eb682b84f44ad70b4d4,2017-11-01T20:45:24.000Z,0.000653,0x1eaa18a0e964d346f2b5182be3f97d7aab5145b9,buy,0xb24754be79281553dc1adc160ddf5cd9b74361a4,0xc0613506ae664f381aa4d14007fa590941e9b0242f9fce476d81d2ddce99e6b2
51,73141.980416569,45.20174389743964,0xd3bda06524171f16fda487649f19c2a42b47aa51,2017-11-01T20:22:01.000Z,0.000618,0xd4a8daba23bc4b5a640e3d41a565e418131dd8b9,sell,0xb24754be79281553dc1adc160ddf5cd9b74361a4,0xd118878a275e706ac201f258e12d2c70056e09a6f56614b33f25b01ab9a3e38b
52,45320,28.03042,0xe9ebee76a902b6536c0bddf79ac4c4343e5bdbfb,2017-11-01T20:21:00.000Z,0.0006185,0xd4a8daba23bc4b5a640e3d41a565e418131dd8b9,sell,0xb24754be79281553dc1adc160ddf5cd9b74361a4,0xbf530cfd5235cef54e9e698afef8689c344698be1662d1bdd1558e647158452a
53,21350,13.367235,0xe9ebee76a902b6536c0bddf79ac4c4343e5bdbfb,2017-11-01T20:21:00.000Z,0.0006261,0xd4a8daba23bc4b5a640e3d41a565e418131dd8b9,sell,0xb24754be79281553dc1adc160ddf5cd9b74361a4,0x7831103f11b60364ebf54f5f2b909bd6d7cf1fe29aec8706a48decaa970567b3
54,20000,12.54,0x0960da039bb8151cacfef620476e8baf34bd9565,2017-11-01T20:21:00.000Z,0.000627,0xd4a8daba23bc4b5a640e3d41a565e418131dd8b9,sell,0xb24754be79281553dc1adc160ddf5cd9b74361a4,0xa4f5a71c360e54644dca1a7aaf8c4d7eca2cb355dc9afeaf468748efc6634f60
55,32000,20.032,0xd3bda06524171f16fda487649f19c2a42b47aa51,2017-11-01T20:21:00.000Z,0.000626,0xd4a8daba23bc4b5a640e3d41a565e418131dd8b9,sell,0xb24754be79281553dc1adc160ddf5cd9b74361a4,0x35a298f72c6a23f410b35c1cd7c949c5f34d5af02b801ebfbe4fa6b6ac5dda8d
56,6500,4.0768,0xe9ebee76a902b6536c0bddf79ac4c4343e5bdbfb,2017-11-01T20:19:47.000Z,0.0006272,0xd4a8daba23bc4b5a640e3d41a565e418131dd8b9,sell,0xb24754be79281553dc1adc160ddf5cd9b74361a4,0x2dae90e22f2091371b0903efe3adf8dd99234e61751401b2c231ad3a6e6f223f
57,263,0.16569,0x6275b1ed24536e266566b42841fb103f91d1b741,2017-11-01T20:19:47.000Z,0.00063,0xd4a8daba23bc4b5a640e3d41a565e418131dd8b9,sell,0xb24754be79281553dc1adc160ddf5cd9b74361a4,0xf44a09c499721a7e3ee9e51875b2451198b49a0e66f095987b469455e9e688be
58,920,0.58006,0xe9ebee76a902b6536c0bddf79ac4c4343e5bdbfb,2017-11-01T20:19:47.000Z,0.0006305,0xd4a8daba23bc4b5a640e3d41a565e418131dd8b9,sell,0xb24754be79281553dc1adc160ddf5cd9b74361a4,0x9697dead02c8cf3b6a6de810894e20df835c2f9e3458b671d31747ff75767fd8
59,944.422965443,0.595930891194533,0xb20116bd94b020e4bbb1321d7d23d864b2d589f1,2017-11-01T19:39:24.000Z,0.000631,0x35e2cf9795159fa2d4fea7f392a0f9896b487f53,sell,0xb24754be79281553dc1adc160ddf5cd9b74361a4,0x42e2bd4a0ec07b53259c61622e3257f20a47ffe4e28872b5dff10e653ce50379
60,2055.577034557,1.297069108805467,0xb20116bd94b020e4bbb1321d7d23d864b2d589f1,2017-11-01T18:52:50.000Z,0.000631,0x5fcaebbea685154473d4c35c93be4d83ab65a8ee,sell,0xb24754be79281553dc1adc160ddf5cd9b74361a4,0x14437912ac9b8da1a6f707442f8bd1090e202c124120e9892925d452a1d7082b
61,3000,1.8936,0x48737bd0d7f24f3bb7c778e4e3074634765034a6,2017-11-01T18:51:50.000Z,0.0006312,0x5fcaebbea685154473d4c35c93be4d83ab65a8ee,sell,0xb24754be79281553dc1adc160ddf5cd9b74361a4,0x1de01637ecd5f7016d160c41e3407053f8c2e86b3e90781632fb9d2cebc22cc0
62,2049.930851561,1.31195574499904,0x1cb42ca1ad81a7f245cf328943e9a2cb84b06e59,2017-11-01T18:49:59.000Z,0.00064,0x5fcaebbea685154473d4c35c93be4d83ab65a8ee,sell,0xb24754be79281553dc1adc160ddf5cd9b74361a4,0x5374107a9c09ec9023afd408c5a20d8adf21a81c00e7f535e82d9ef9a6b872f0
63,121.667854808,0.0795366857115148,0xab89360ddba16872c5f3e24c7aceafec74421f54,2017-11-01T16:04:10.000Z,0.0006537198,0x48737bd0d7f24f3bb7c778e4e3074634765034a6,sell,0xb24754be79281553dc1adc160ddf5cd9b74361a4,0x08e86003e3d8702373b5e0ec03a6ea37e18579a04934528a99cd429b714a4213
64,2500,1.6,0x1cb42ca1ad81a7f245cf328943e9a2cb84b06e59,2017-11-01T15:43:10.000Z,0.00064,0x35e2cf9795159fa2d4fea7f392a0f9896b487f53,sell,0xb24754be79281553dc1adc160ddf5cd9b74361a4,0x7881388efeab589cb1b350ae6176c76510b644bba066c9e20b19c4e06c71dff0
65,720,0.46152,0xe9ebee76a902b6536c0bddf79ac4c4343e5bdbfb,2017-11-01T15:42:23.000Z,0.000641,0x35e2cf9795159fa2d4fea7f392a0f9896b487f53,sell,0xb24754be79281553dc1adc160ddf5cd9b74361a4,0xfa237dcf89311e649fef8fc879ac0963dc61f1d82b2cd06a0383108587f27e10
66,266.660962806,0.17066301619584,0x1cb42ca1ad81a7f245cf328943e9a2cb84b06e59,2017-11-01T15:11:47.000Z,0.00064,0x8cd9f9c08c6a3f891bc570f1d6a3dc91c1f62bb0,sell,0xb24754be79281553dc1adc160ddf5cd9b74361a4,0x1b5d032851e4a3f52273038b7ba53e02ce351c1b50d87159da59bb24acb92a8c
67,1638.303954305,1.0509719866866576,0x0960da039bb8151cacfef620476e8baf34bd9565,2017-11-01T15:08:28.000Z,0.0006415,0x8cd9f9c08c6a3f891bc570f1d6a3dc91c1f62bb0,sell,0xb24754be79281553dc1adc160ddf5cd9b74361a4,0x38d73fb75ed3784c3a3591f74dd605ee37d37c12c35e4f0cb5709604adfba438
68,1000,0.64487,0xab89360ddba16872c5f3e24c7aceafec74421f54,2017-11-01T15:07:04.000Z,0.00064487,0x8cd9f9c08c6a3f891bc570f1d6a3dc91c1f62bb0,sell,0xb24754be79281553dc1adc160ddf5cd9b74361a4,0x503c2084090e882e4ad90e9f04ba799b206bc4e9f18682de9e1a775c8d039a5c
69,1850,1.204905,0xe9ebee76a902b6536c0bddf79ac4c4343e5bdbfb,2017-11-01T15:05:17.000Z,0.0006513,0x8cd9f9c08c6a3f891bc570f1d6a3dc91c1f62bb0,sell,0xb24754be79281553dc1adc160ddf5cd9b74361a4,0x318523c99de1a1c9f4c102aa7ec54f12f5a38c8494f162d4347b1a5d6156bc1b
70,1700.558,1.108763816,0x48737bd0d7f24f3bb7c778e4e3074634765034a6,2017-11-01T15:00:45.000Z,0.000652,0x8cd9f9c08c6a3f891bc570f1d6a3dc91c1f62bb0,sell,0xb24754be79281553dc1adc160ddf5cd9b74361a4,0xcbf09e3c62fb519bbecd7c39bfbb93920020d4861280b36bde60a5789476c6e3
71,3529.809638128,2.2943762647832,0x1cb42ca1ad81a7f245cf328943e9a2cb84b06e59,2017-11-01T14:59:39.000Z,0.00065,0x8cd9f9c08c6a3f891bc570f1d6a3dc91c1f62bb0,sell,0xb24754be79281553dc1adc160ddf5cd9b74361a4,0x3970c5d2b8067368e0bcbd6214e4956df72ff9012eb9cbd907706219e56dec7e
72,8585.927,5.5911556624,0x39f8cf09e87314e2a5b321153672831b125e7c2c,2017-11-01T14:58:06.000Z,0.0006512,0x8cd9f9c08c6a3f891bc570f1d6a3dc91c1f62bb0,sell,0xb24754be79281553dc1adc160ddf5cd9b74361a4,0x32f90fb112bec149f2e46c9fd3b67100855070cec56f1582c96628acc9c89155
73,799.44199764,0.52123618246128,0x48737bd0d7f24f3bb7c778e4e3074634765034a6,2017-11-01T14:56:08.000Z,0.000652,0xb0e0f1df166e5f0801a7ada97380d08f0603be5c,sell,0xb24754be79281553dc1adc160ddf5cd9b74361a4,0xc75db5bda26a837872bdca80a2a23b1d120e1e9beae3f62418d8bed7b1a57c9f
74,3500,2.289,0x48737bd0d7f24f3bb7c778e4e3074634765034a6,2017-11-01T14:35:47.000Z,0.000654,0x1eaa18a0e964d346f2b5182be3f97d7aab5145b9,buy,0xb24754be79281553dc1adc160ddf5cd9b74361a4,0xe726f661e6147b96d2f25dc7f3f82cb458755701b1c5e553b3f26d5e9a28245f
75,9.167639766,0.006527359513392,0x732d4bc29520f2345b79b6e046f7da468eaa028b,2017-11-01T13:52:14.000Z,0.000712,0xbf39e045ef6828e66dd2a30926e64b3df982c76c,buy,0xb24754be79281553dc1adc160ddf5cd9b74361a4,0xf4a8b53cd54bac7bd434985441b100513a27f70ded1fdadea31cce4c0ed33931
76,21.344,0.015175584,0x732d4bc29520f2345b79b6e046f7da468eaa028b,2017-11-01T13:51:26.000Z,0.000711,0x48737bd0d7f24f3bb7c778e4e3074634765034a6,buy,0xb24754be79281553dc1adc160ddf5cd9b74361a4,0x5997a780b41ab8cd1b8c89bc8c85d163a697c5941176dee2614caba3cac598d7
77,378.332145192,0.2473232142884852,0xab89360ddba16872c5f3e24c7aceafec74421f54,2017-11-01T13:48:10.000Z,0.0006537198,0xe586e8534d235dad3d46685daf7c1815f0962944,sell,0xb24754be79281553dc1adc160ddf5cd9b74361a4,0x4d71463f669538dfeccb13fa0f874284faf2c5f8e99c8ee99ea38f6b243451e0
78,485.795638243,0.3242685885272025,0xb2e8b66928ccedbdf08a2433d70f07942a5e24dd,2017-11-01T13:18:48.000Z,0.0006675,0xe586e8534d235dad3d46685daf7c1815f0962944,sell,0xb24754be79281553dc1adc160ddf5cd9b74361a4,0x8f926637bcfdc078cef64b0cb8cff61afb4898713adce915abfaf836afc9d421
79,500,0.3340735,0xab89360ddba16872c5f3e24c7aceafec74421f54,2017-11-01T12:44:41.000Z,0.000668147,0x35e2cf9795159fa2d4fea7f392a0f9896b487f53,sell,0xb24754be79281553dc1adc160ddf5cd9b74361a4,0x70d2dbacebb8374e6be3ab8f36ac3868c3a1febf9eb5052b15656bd2302721b3
80,1232.322626857,0.82565615999419,0x4de6bf61916eafb0510af6aa45e0cf994a571adb,2017-11-01T12:39:46.000Z,0.00067,0x35e2cf9795159fa2d4fea7f392a0f9896b487f53,sell,0xb24754be79281553dc1adc160ddf5cd9b74361a4,0xdd9d680c12302f10a1981173ad56c6b0526740baada2966ef4b13de782589189
81,267.677373143,0.17934384000581,0x4de6bf61916eafb0510af6aa45e0cf994a571adb,2017-11-01T11:16:47.000Z,0.00067,0x81310950d5501367cdbadf725b0524b2e96a0ad1,sell,0xb24754be79281553dc1adc160ddf5cd9b74361a4,0xd2031af03ad2160e844733723ef76b42545d34c71fe88f74a089f5e520a6a803
82,74.609,0.050084051783,0xab89360ddba16872c5f3e24c7aceafec74421f54,2017-11-01T10:57:09.000Z,0.000671287,0x81310950d5501367cdbadf725b0524b2e96a0ad1,sell,0xb24754be79281553dc1adc160ddf5cd9b74361a4,0x02b8e9d5cecb355214605c1b850685fccd96864cd79f7a4b791524bd1f56a6c4
83,0.000000001,0.000000000001101281,0x1fdf047bf7a114b37e7936d01e9cad754ad18803,2017-11-01T10:33:10.000Z,0.001101281,0x0960da039bb8151cacfef620476e8baf34bd9565,buy,0xb24754be79281553dc1adc160ddf5cd9b74361a4,0x79752c20d7a19b73d98b9147f72bb6d844d54e3bbbe6f388d0bc1b5e5d501d33
84,514.936594505,0.3502186766547406,0x8dbd7b3258be2824df1b3f87430d508638408cc1,2017-11-01T10:31:02.000Z,0.00068012,0x1fdf047bf7a114b37e7936d01e9cad754ad18803,sell,0xb24754be79281553dc1adc160ddf5cd9b74361a4,0x7b1540948718af10fcc25a8b3a8783bc5bedd7b25d5b42332161183b682b6ded
85,299.919740503,0.20398141391090036,0x8dbd7b3258be2824df1b3f87430d508638408cc1,2017-11-01T10:29:18.000Z,0.00068012,0x36ac32b737afb8c3f35056fd8ea1e68cff54208f,sell,0xb24754be79281553dc1adc160ddf5cd9b74361a4,0x577979fa77b0a28ee21642b527df935564fb02c0476c8fe7994250c5f48650a0
86,1476,0.99999,0x5a6030add6ad1c6ddff05a009b76305f1c1ab865,2017-11-01T10:29:18.000Z,0.0006775,0x0960da039bb8151cacfef620476e8baf34bd9565,buy,0xb24754be79281553dc1adc160ddf5cd9b74361a4,0xe6570ab482596e02feeb7f9f645d80102f0c53da1d7d321216d3cf50c9aedf7b
87,500,0.344,0x61b5507b57e75f0735657a851b89b08982d9b7cc,2017-11-01T10:08:13.000Z,0.000688,0x1eaa18a0e964d346f2b5182be3f97d7aab5145b9,buy,0xb24754be79281553dc1adc160ddf5cd9b74361a4,0x8b74ab65cb225cf9737863016386f141c6aa11817917e29e3d36c349709e0030
88,13361.696045695,8.571528013313342,0x0960da039bb8151cacfef620476e8baf34bd9565,2017-11-01T10:07:33.000Z,0.0006415,0x61b5507b57e75f0735657a851b89b08982d9b7cc,sell,0xb24754be79281553dc1adc160ddf5cd9b74361a4,0x655986fed0481181d034225c0d2b68a0523a4c1d4757279e65a5ad5e88ee0727
89,1000,0.688,0x61b5507b57e75f0735657a851b89b08982d9b7cc,2017-11-01T10:06:18.000Z,0.000688,0x1eaa18a0e964d346f2b5182be3f97d7aab5145b9,buy,0xb24754be79281553dc1adc160ddf5cd9b74361a4,0x04bf61a5a0c964e0944d7f89e373bca5e44b85d2d56b4d6c3e0741c6290a2ab4
90,2500,1.67825,0x48737bd0d7f24f3bb7c778e4e3074634765034a6,2017-11-01T10:06:12.000Z,0.0006713,0x61b5507b57e75f0735657a851b89b08982d9b7cc,sell,0xb24754be79281553dc1adc160ddf5cd9b74361a4,0x4570d1dbd60681405d1e5594ad194e412b8eb544794949f6fd968183593c9617
91,3201.039,2.147897169,0xe9ebee76a902b6536c0bddf79ac4c4343e5bdbfb,2017-11-01T10:06:12.000Z,0.000671,0x61b5507b57e75f0735657a851b89b08982d9b7cc,sell,0xb24754be79281553dc1adc160ddf5cd9b74361a4,0xe60d3d3e6f013e969d64a9f31d76138f468b4219faa8cfc773e918490d6cf9ef
92,8564,5.7130444,0xe9ebee76a902b6536c0bddf79ac4c4343e5bdbfb,2017-11-01T10:04:35.000Z,0.0006671,0x61b5507b57e75f0735657a851b89b08982d9b7cc,sell,0xb24754be79281553dc1adc160ddf5cd9b74361a4,0x27f9a621097feac2df2013a4e4ca86112597c17a1d7b0488cb40e89b4fec8e38
93,15000,9.7725,0x0960da039bb8151cacfef620476e8baf34bd9565,2017-11-01T10:04:35.000Z,0.0006515,0x61b5507b57e75f0735657a851b89b08982d9b7cc,sell,0xb24754be79281553dc1adc160ddf5cd9b74361a4,0x5a33324e4e23d31d5af8dc4826fbf1d82d2e10091c278ed945a5d619b4884b40
94,10000,6.6,0x0960da039bb8151cacfef620476e8baf34bd9565,2017-11-01T10:04:35.000Z,0.00066,0x61b5507b57e75f0735657a851b89b08982d9b7cc,sell,0xb24754be79281553dc1adc160ddf5cd9b74361a4,0x32993692b8fe177f366d9a270246c1d2a5293c5eff7c88ac3b21a1dc98b955de
95,325.390738448,0.21843057264054258,0xab89360ddba16872c5f3e24c7aceafec74421f54,2017-11-01T09:06:11.000Z,0.000671287,0x06811a2b589d9a80d20925ab683a32ef796b4648,sell,0xb24754be79281553dc1adc160ddf5cd9b74361a4,0xe14004f05bce76a266ce550d7cd84cbdac7c7f84d898070b729003b1c8434a80
96,535.861801468,0.359563268785028,0xe9ebee76a902b6536c0bddf79ac4c4343e5bdbfb,2017-11-01T08:19:06.000Z,0.000671,0x6413ea9b8fd8c9e90e5f1e7c3051b9f4ec08ca1e,sell,0xb24754be79281553dc1adc160ddf5cd9b74361a4,0xf36dee16a2bceb9039f5059b02f05d686ed930ef89dc2482380e7b56743c4e0b
97,19514.204361757,13.025731411472798,0xb2e8b66928ccedbdf08a2433d70f07942a5e24dd,2017-11-01T07:48:37.000Z,0.0006675,0x61b5507b57e75f0735657a851b89b08982d9b7cc,sell,0xb24754be79281553dc1adc160ddf5cd9b74361a4,0x45fc9347f4f13b68eddcc858a34810d7e1a93c15b38a5df07b3f53d33fe8108f
98,2000,1.37898,0x61b5507b57e75f0735657a851b89b08982d9b7cc,2017-11-01T07:44:51.000Z,0.00068949,0xaccba48528d5d958f452ac0acec373dda8174612,buy,0xb24754be79281553dc1adc160ddf5cd9b74361a4,0x2cceb502b1576404e5d8b10f67038f64c1e72025ae0956f32af94361fdf98758
99,12000,7.992,0x39f8cf09e87314e2a5b321153672831b125e7c2c,2017-11-01T07:44:30.000Z,0.000666,0x61b5507b57e75f0735657a851b89b08982d9b7cc,sell,0xb24754be79281553dc1adc160ddf5cd9b74361a4,0x1d2f43c4c2b89b555f52c9c2c27b337637766eb3dfd0bca60031399c181b934d
100,26700,17.1414,0x00a4c932f0eac697ff609fb18ac589a5df530f51,2017-11-01T07:44:23.000Z,0.000642,0x61b5507b57e75f0735657a851b89b08982d9b7cc,sell,0xb24754be79281553dc1adc160ddf5cd9b74361a4,0x4bbe54e877d2de5c9b923ce353b7eed086742f61c93f145d62be724f0e5bdbc3
101,24734,16.3281501,0xe9ebee76a902b6536c0bddf79ac4c4343e5bdbfb,2017-11-01T07:44:23.000Z,0.00066015,0x61b5507b57e75f0735657a851b89b08982d9b7cc,sell,0xb24754be79281553dc1adc160ddf5cd9b74361a4,0x97aae5acf7a772883bf6bfc7251f9d9fccbc2b7b60b1ae782ade78bd64ddf777
102,20000,12.5422,0x1eaa18a0e964d346f2b5182be3f97d7aab5145b9,2017-11-01T07:44:23.000Z,0.00062711,0x61b5507b57e75f0735657a851b89b08982d9b7cc,sell,0xb24754be79281553dc1adc160ddf5cd9b74361a4,0xbb500ab453c25b7ac1db0e4e148c7e43ab611dc003c62fa83604dd16baa43d92
103,2478.656,1.762324416,0x2df7e2f0dc50ed60ed3dafe9051198174fda86bf,2017-11-01T07:25:41.000Z,0.000711,0x48737bd0d7f24f3bb7c778e4e3074634765034a6,buy,0xb24754be79281553dc1adc160ddf5cd9b74361a4,0x1734956490d98b95f33cb021e62084aa5f940135d04fc7575bf6b0101eea56f7
104,2500,1.72375,0x2df7e2f0dc50ed60ed3dafe9051198174fda86bf,2017-11-01T07:23:48.000Z,0.0006895,0x48737bd0d7f24f3bb7c778e4e3074634765034a6,buy,0xb24754be79281553dc1adc160ddf5cd9b74361a4,0xca68cc7302a5c1eb8fe71ba0a93733d0863ad7f75f98ec641102031d51ffafc3
105,15000,10.3485,0xb53ad37e06cb1b7fa6ca0f84afdc082fb1d0af69,2017-11-01T06:47:20.000Z,0.0006899,0x0960da039bb8151cacfef620476e8baf34bd9565,buy,0xb24754be79281553dc1adc160ddf5cd9b74361a4,0x2f498926b485061b86540596513cabc9be6e40d035cad823f7bca603b2ff9d35
106,999,0.7077915,0xb53ad37e06cb1b7fa6ca0f84afdc082fb1d0af69,2017-11-01T06:23:47.000Z,0.0007085,0x48737bd0d7f24f3bb7c778e4e3074634765034a6,buy,0xb24754be79281553dc1adc160ddf5cd9b74361a4,0x6054cc0da13afe781ccfc3b32f8c90737577ae4cc73f3df60553e81b42206132
107,100,0.069,0x2818820241f5c241a2db62496e0a6e4fe95265c7,2017-11-01T05:50:57.000Z,0.00069,0xceed13dd47c7bb5165ddaaef3acb3752109b713b,buy,0xb24754be79281553dc1adc160ddf5cd9b74361a4,0x67fb8525756371e51eff1907f7f314cf949080bb4a490dc0a9bd59f9691d7041
108,2860.133585883,1.919149636127493,0xe9ebee76a902b6536c0bddf79ac4c4343e5bdbfb,2017-11-01T04:29:06.000Z,0.000671,0x92feae57c6977f627de0f35cf31bcd79976b0980,sell,0xb24754be79281553dc1adc160ddf5cd9b74361a4,0xac0165d57ab6a522badac9099cf0dd6718446e3c839d70151a2ca1c39dcfc92a
109,726.965363455,0.487793758878305,0xe9ebee76a902b6536c0bddf79ac4c4343e5bdbfb,2017-11-01T03:15:47.000Z,0.000671,0x2a330de86d7c730564c9f24e1587cc10523cb384,sell,0xb24754be79281553dc1adc160ddf5cd9b74361a4,0xdf0d7772a12848d339b980f2df594f00744ce09ad41091c54eef4ad248db4f77
110,750,0.504,0x48737bd0d7f24f3bb7c778e4e3074634765034a6,2017-11-01T03:13:31.000Z,0.000672,0x2a330de86d7c730564c9f24e1587cc10523cb384,sell,0xb24754be79281553dc1adc160ddf5cd9b74361a4,0xee083d843ee1c89b8d8a20761ed517c4fa94274ed75c0e1a3ee7f37c1cf14413
111,300,0.2047803,0x36ac32b737afb8c3f35056fd8ea1e68cff54208f,2017-11-01T03:05:12.000Z,0.000682601,0x2a330de86d7c730564c9f24e1587cc10523cb384,sell,0xb24754be79281553dc1adc160ddf5cd9b74361a4,0x31dcda3e994adbca62ef7195e9df5ca0d05cc0331ac6b1ea987530bd7e2589d1
112,217,0.148124634,0xe9ebee76a902b6536c0bddf79ac4c4343e5bdbfb,2017-11-01T03:04:45.000Z,0.000682602,0x2a330de86d7c730564c9f24e1587cc10523cb384,sell,0xb24754be79281553dc1adc160ddf5cd9b74361a4,0xd4010a5c41bbdd46e4871814c2fbeba442436994b2aea1ee32d71646155a346d
113,276.574,0.18945319,0x48737bd0d7f24f3bb7c778e4e3074634765034a6,2017-10-31T23:53:43.000Z,0.000685,0x38449f7b41793eedc220eb6307a36ebd1ebb7fca,sell,0xb24754be79281553dc1adc160ddf5cd9b74361a4,0xdcffc8c797527fcaa7511914d2adf792415146c9d574ab7d348bb42472345c42
114,421,0.287376705,0xe9ebee76a902b6536c0bddf79ac4c4343e5bdbfb,2017-10-31T23:45:38.000Z,0.000682605,0x38449f7b41793eedc220eb6307a36ebd1ebb7fca,sell,0xb24754be79281553dc1adc160ddf5cd9b74361a4,0x9ce2779a10c58c03bd3c9946ba06daa5515bb260768a6c7521e6df40a7194f0f
115,650,0.45499935,0x732d4bc29520f2345b79b6e046f7da468eaa028b,2017-10-31T23:01:14.000Z,0.000699999,0xb7ddaba243659e42d2813fcb9f30aca983478b5c,buy,0xb24754be79281553dc1adc160ddf5cd9b74361a4,0x5f20ac60c9827dedb7cca06ae965dc8a4dd342a5c3f356269c5df8148e5ef789
116,200,0.1398998,0x732d4bc29520f2345b79b6e046f7da468eaa028b,2017-10-31T22:57:43.000Z,0.000699499,0x36ac32b737afb8c3f35056fd8ea1e68cff54208f,buy,0xb24754be79281553dc1adc160ddf5cd9b74361a4,0x98f4f6d78fc02aa8bd4662ed8400a501642b467d5430a03b1b2ff8528b680475
117,132.431731614,0.0903978999997164,0xb5efdb84b02844dd4fbd378c4abe73a680ec6a60,2017-10-31T22:49:25.000Z,0.0006826,0x48737bd0d7f24f3bb7c778e4e3074634765034a6,sell,0xb24754be79281553dc1adc160ddf5cd9b74361a4,0x052e69629dae6f7fb6041b7755ee00acd15757c905ad2a4ce2ff878ec1ff69d8
118,981.151,0.66729060661,0xaccba48528d5d958f452ac0acec373dda8174612,2017-10-31T21:50:07.000Z,0.00068011,0x48737bd0d7f24f3bb7c778e4e3074634765034a6,sell,0xb24754be79281553dc1adc160ddf5cd9b74361a4,0x4cbd45b98f5a9759b3d3c70becdee178a44f14a1a7baf990ea580945e0076a8e
119,1018.848901405,0.6929293263345545,0xaccba48528d5d958f452ac0acec373dda8174612,2017-10-31T21:48:58.000Z,0.00068011,0xe8820697823675fe0dd42cbd5c2eb01cbc2999c2,sell,0xb24754be79281553dc1adc160ddf5cd9b74361a4,0xf96170c5bba7dfeec54d9f6476578eabdc8e35ce2a0548191c2b7b6ed0bbc7ff
120,2455.112,1.66977077344,0x8dbd7b3258be2824df1b3f87430d508638408cc1,2017-10-31T21:47:17.000Z,0.00068012,0xe8820697823675fe0dd42cbd5c2eb01cbc2999c2,sell,0xb24754be79281553dc1adc160ddf5cd9b74361a4,0x653e6f165d0676f217d1d435099bbd746d74edfc9005d9d4a66b9af1140bc2c4
121,912.777,0.621814726818,0x6937ef203de9fefb2110ed968fb261721fb50a01,2017-10-31T21:46:43.000Z,0.000681234,0xe8820697823675fe0dd42cbd5c2eb01cbc2999c2,sell,0xb24754be79281553dc1adc160ddf5cd9b74361a4,0xfb1f729d3aff510d8e02701a0ef2ed9bccef02669fd806a73d698c4358bb12b2
122,1295.982773319,0.8814238037897183,0x8dbd7b3258be2824df1b3f87430d508638408cc1,2017-10-31T20:31:11.000Z,0.00068012,0x402a308b2494cff493a142fae98889ba6466bfa4,sell,0xb24754be79281553dc1adc160ddf5cd9b74361a4,0xfe9ac82efaf86cbd5366fe1a00d79656db049890373c4fa3f9ae97fcf40dfeed
123,87.222945802,0.059419236260479666,0x6937ef203de9fefb2110ed968fb261721fb50a01,2017-10-31T20:05:37.000Z,0.000681234,0x4a7f57e5a6a0eefe040f41dfc70617704a905afa,sell,0xb24754be79281553dc1adc160ddf5cd9b74361a4,0xfe3d3c4451072551f1083c6ed4c85e77182148c571a51d2cdab4c03468a0ba73
124,1597.69997875,1.08662770954745,0x8dbd7b3258be2824df1b3f87430d508638408cc1,2017-10-31T19:56:10.000Z,0.00068012,0x64340e540165af3f1a86ccf8548286e804400233,sell,0xb24754be79281553dc1adc160ddf5cd9b74361a4,0x47d0cca8d383899b62fbb97a042bb578b02959f725a87ba6ae9634b319eaa5aa
125,4852,3.29999076,0xe9ebee76a902b6536c0bddf79ac4c4343e5bdbfb,2017-10-31T19:54:07.000Z,0.00068013,0x64340e540165af3f1a86ccf8548286e804400233,sell,0xb24754be79281553dc1adc160ddf5cd9b74361a4,0xcde6ee6804b5e61a8b16ffbf56b31cad03adcd4af6eb45b244f95bc76d9268f0
126,745.429329413,0.5080100879949595,0x48737bd0d7f24f3bb7c778e4e3074634765034a6,2017-10-31T17:32:14.000Z,0.0006815,0x5a0ceaf0bfccdb7fc7cfb38d71557a01fb791cd1,sell,0xb24754be79281553dc1adc160ddf5cd9b74361a4,0x752445f4be29c7ec88cb10c4a0e080e1e02d7c76152e626aed596ee86659509d
127,468,0.3188484,0x492842125e4c3a7d10cda0e0291ea22788e4ad60,2017-10-31T17:31:02.000Z,0.0006813,0x5a0ceaf0bfccdb7fc7cfb38d71557a01fb791cd1,sell,0xb24754be79281553dc1adc160ddf5cd9b74361a4,0xcfe32f9ca7d454049063950f4231eae7d33dba532faa18a422061d57426a5930
128,2123.852,1.45008119152,0xe9ebee76a902b6536c0bddf79ac4c4343e5bdbfb,2017-10-31T17:15:44.000Z,0.00068276,0x5a0ceaf0bfccdb7fc7cfb38d71557a01fb791cd1,sell,0xb24754be79281553dc1adc160ddf5cd9b74361a4,0x94825542cb1587bc47a58bbae88b45319e10a8f29592b98475c8795ef0d8cdfe
129,845.645607411,0.5773729949159344,0xe9ebee76a902b6536c0bddf79ac4c4343e5bdbfb,2017-10-31T14:58:09.000Z,0.00068276,0x41fb352d170dc6ed7e1735e47b7e5f402e2bda27,sell,0xb24754be79281553dc1adc160ddf5cd9b74361a4,0x56319476af358881167559fe5ccfdb6b7d9d74bf211b59560beb1e0941f64b73
130,61.808,0.0423446608,0x0960da039bb8151cacfef620476e8baf34bd9565,2017-10-31T14:56:49.000Z,0.0006851,0x41fb352d170dc6ed7e1735e47b7e5f402e2bda27,sell,0xb24754be79281553dc1adc160ddf5cd9b74361a4,0x2938379af9941d8aaff4f489a5ae33a2761cf6aa1a5d4750dd661854d1e7f4cb
131,4552,3.107928072,0xb4ace0b3f4de9f59f0987bf9ce21f7d059d80425,2017-10-31T14:56:49.000Z,0.000682761,0x41fb352d170dc6ed7e1735e47b7e5f402e2bda27,sell,0xb24754be79281553dc1adc160ddf5cd9b74361a4,0x67e95a7828a98a89a620697fbe81f9c594e7ea569201f25909182c48c327a564
132,1460,1.000392,0x5a6030add6ad1c6ddff05a009b76305f1c1ab865,2017-10-31T14:56:33.000Z,0.0006852,0x41fb352d170dc6ed7e1735e47b7e5f402e2bda27,sell,0xb24754be79281553dc1adc160ddf5cd9b74361a4,0x88ab93f2a033c892beb50aeca6228aaf6c31434aa2bb1b59365d6c7eed323173
133,200,0.1376438,0x36ac32b737afb8c3f35056fd8ea1e68cff54208f,2017-10-31T14:53:58.000Z,0.000688219,0x05a15ef964b65490443c46d094295026054f744c,sell,0xb24754be79281553dc1adc160ddf5cd9b74361a4,0x19735f160c8c2378f14d1ffc5ff83ffcf79450a8c46ba2dcbd01e7cc767ce39e
134,200,0.13704,0x5a6030add6ad1c6ddff05a009b76305f1c1ab865,2017-10-31T13:50:53.000Z,0.0006852,0xbf39e045ef6828e66dd2a30926e64b3df982c76c,sell,0xb24754be79281553dc1adc160ddf5cd9b74361a4,0x3e8e1432dfc3ea0defe4e9fc55ede033cd78f9b796fe31dfc57648c72de6e1ed
135,287,0.196882,0xb5efdb84b02844dd4fbd378c4abe73a680ec6a60,2017-10-31T13:41:53.000Z,0.000686,0xbf39e045ef6828e66dd2a30926e64b3df982c76c,sell,0xb24754be79281553dc1adc160ddf5cd9b74361a4,0x2f08881d2e437799929aba0d37bea5524d291a7815f35f06e5e5ddd74ba4c47f
136,1000,0.684,0x0016e7237bc15c246924b65d924afc8ea54e7d4a,2017-10-31T13:37:34.000Z,0.000684,0xbf39e045ef6828e66dd2a30926e64b3df982c76c,sell,0xb24754be79281553dc1adc160ddf5cd9b74361a4,0xd4acd7c711e7cd8af83ccf36079a7b8fef2115458e479b3a30f3ce4cf332342f
137,2058.984,1.41040404,0x48737bd0d7f24f3bb7c778e4e3074634765034a6,2017-10-31T13:36:19.000Z,0.000685,0xbf39e045ef6828e66dd2a30926e64b3df982c76c,sell,0xb24754be79281553dc1adc160ddf5cd9b74361a4,0x368fb8cd672790fdab74675b4c092834a579b431a1816b3bb632aa3cd3494f04
138,5521.145629389,3.80959048427841,0x05a15ef964b65490443c46d094295026054f744c,2017-10-31T13:24:46.000Z,0.00069,0xbf39e045ef6828e66dd2a30926e64b3df982c76c,sell,0xb24754be79281553dc1adc160ddf5cd9b74361a4,0x5dc308c56d8ea0876f33b28141b18207889afbc7ea2d0b3becbffed0f9f6c24d
139,2492.273950752,1.71966902601888,0x05a15ef964b65490443c46d094295026054f744c,2017-10-31T13:23:19.000Z,0.00069,0x153f41748791b9641db131e9ba6616cf0155c670,sell,0xb24754be79281553dc1adc160ddf5cd9b74361a4,0xddb945880e8ec464f7c32fefb83cf43e07db0d2152b5507c457eae3a0c0ebc81
140,4986.580419859,3.44074048970271,0x05a15ef964b65490443c46d094295026054f744c,2017-10-31T13:23:19.000Z,0.00069,0xbf39e045ef6828e66dd2a30926e64b3df982c76c,sell,0xb24754be79281553dc1adc160ddf5cd9b74361a4,0x350dbfa378942de594e898aaea74d089809ebab555bccd31dd4406c73680a3c3
141,1985,1.36171,0xb5efdb84b02844dd4fbd378c4abe73a680ec6a60,2017-10-31T11:34:54.000Z,0.000686,0xbf39e045ef6828e66dd2a30926e64b3df982c76c,sell,0xb24754be79281553dc1adc160ddf5cd9b74361a4,0xe3807e41b5626394639bbe04d615c7999e05c6047795e2b2d312b8b83e83ad60
142,3000,2.0565,0x48737bd0d7f24f3bb7c778e4e3074634765034a6,2017-10-31T11:33:08.000Z,0.0006855,0xbf39e045ef6828e66dd2a30926e64b3df982c76c,sell,0xb24754be79281553dc1adc160ddf5cd9b74361a4,0xc9ed2b390ae724047ddf6ca86d6ff81c5e478af11587761e035c24774cc0d1a5
143,19938.191606021,13.659655069284987,0x0960da039bb8151cacfef620476e8baf34bd9565,2017-10-31T11:27:04.000Z,0.0006851,0xbf39e045ef6828e66dd2a30926e64b3df982c76c,sell,0xb24754be79281553dc1adc160ddf5cd9b74361a4,0xf4c20f67ce624e6101adcf18e2602cfff8953ca1312b1712688f303cd95adabc
144,3477.018283665,2.497799532510086,0xc678eede5bf75dd448031366e5f50c52a6c748f5,2017-10-31T10:49:23.000Z,0.0007183740000001511,0x5a0ceaf0bfccdb7fc7cfb38d71557a01fb791cd1,buy,0xb24754be79281553dc1adc160ddf5cd9b74361a4,0x57b93139d54723a71f7699a386d78fcb84e7406b1bea536fd4d0a40798675c24
145,1700,1.221025,0xc678eede5bf75dd448031366e5f50c52a6c748f5,2017-10-31T10:43:42.000Z,0.00071825,0x48737bd0d7f24f3bb7c778e4e3074634765034a6,buy,0xb24754be79281553dc1adc160ddf5cd9b74361a4,0x21128cbfcdf8d42c4329d933291f8f8161ff4c0cf29d4ef52672b57d8cc90c4e
146,389.721862227,0.26890808493663,0x05a15ef964b65490443c46d094295026054f744c,2017-10-31T09:37:23.000Z,0.00069,0x527e6009e17c7e85ca8c3912accd8f0e12b89e2b,sell,0xb24754be79281553dc1adc160ddf5cd9b74361a4,0x784a92f508575962ab6bbecc1d0a065390d3e229a7d2b6211dc9c068827a8d6c
147,9969.522334392,6.87897041073048,0x05a15ef964b65490443c46d094295026054f744c,2017-10-31T07:48:37.000Z,0.00069,0x331bc97491dbeaf6b745cb49926fb73226f1cf32,sell,0xb24754be79281553dc1adc160ddf5cd9b74361a4,0x0f228bde17d23bf6f3be3355e6e06b9b73731c9a43de05ca8a84f6c668343903
148,4278.536285425,2.95219003694325,0x05a15ef964b65490443c46d094295026054f744c,2017-10-31T07:28:36.000Z,0.00069,0x331bc97491dbeaf6b745cb49926fb73226f1cf32,sell,0xb24754be79281553dc1adc160ddf5cd9b74361a4,0xc51bd7f4e0d3fa83f6bb938b336e061184e9d6b63adb6c845b4e3f3306069e8d
149,706.083,0.48720433083,0x851638b1a455db32e74a51d8d963910049597fc8,2017-10-31T07:26:47.000Z,0.00069001,0x331bc97491dbeaf6b745cb49926fb73226f1cf32,sell,0xb24754be79281553dc1adc160ddf5cd9b74361a4,0x6428f021d41b73a3fd6c173006334c1d59f2b26b144e40f69598a8c7dea08bc8
150,0.733,0.00050577733,0x851638b1a455db32e74a51d8d963910049597fc8,2017-10-31T06:06:09.000Z,0.00069001,0xe444a40689f51f63bcd29910622035707d533d29,sell,0xb24754be79281553dc1adc160ddf5cd9b74361a4,0x9839c6ab59327aa7a71ca7e9c086f1d0e17c3124b6f0f6990bdcb882c715881a
151,978.080972721,0.7026289187784782,0x9761f2dc74d04201c4068a96d99a8745df43d500,2017-10-31T06:05:32.000Z,0.0007183750000000305,0x48737bd0d7f24f3bb7c778e4e3074634765034a6,buy,0xb24754be79281553dc1adc160ddf5cd9b74361a4,0xc766918629edbc4b9622f3a0e17ffabc31f1ac31d3558ef8a5ab7cdc9e08c8d8
152,1467,1.053306,0x05a15ef964b65490443c46d094295026054f744c,2017-10-31T06:00:45.000Z,0.000718,0xaccba48528d5d958f452ac0acec373dda8174612,buy,0xb24754be79281553dc1adc160ddf5cd9b74361a4,0x842aedc40df58a05be750c9dd6bd96305f8ae96d293d4b72c1f8708bf63efe4e
153,441.015809023,0.302095829180755,0x48737bd0d7f24f3bb7c778e4e3074634765034a6,2017-10-31T04:28:34.000Z,0.000685,0x4da39d4a1748a245ceaf7acefb7b0c8fbf17e275,sell,0xb24754be79281553dc1adc160ddf5cd9b74361a4,0x6d200f34b4635599e0bc8dbc2521227f073e823747a1ef062598232e24af2225
154,430,0.30745,0x0016e7237bc15c246924b65d924afc8ea54e7d4a,2017-10-31T03:51:27.000Z,0.000715,0x48737bd0d7f24f3bb7c778e4e3074634765034a6,buy,0xb24754be79281553dc1adc160ddf5cd9b74361a4,0xb1df5fbccd2c3f5139547488b17135c33a079ba397010b418c84fc5d7cfa5253
155,1231.889,0.880799403111,0x0016e7237bc15c246924b65d924afc8ea54e7d4a,2017-10-31T03:47:29.000Z,0.000714999,0x0a70de1a644ced8488ec91b4b463826cbf4b5000,buy,0xb24754be79281553dc1adc160ddf5cd9b74361a4,0xf667f342367237ed284b2c54d8457acb3e8dfd26a56fdc173d39ad218309b034
156,500,0.35625,0x0016e7237bc15c246924b65d924afc8ea54e7d4a,2017-10-31T03:46:36.000Z,0.0007125,0x38449f7b41793eedc220eb6307a36ebd1ebb7fca,buy,0xb24754be79281553dc1adc160ddf5cd9b74361a4,0xc38f5ec2d7b1df7c524b013c72547b562b907d45b7499a953204deb4cdc9c6ca
157,1026.673537755,0.7325315691884169,0x0016e7237bc15c246924b65d924afc8ea54e7d4a,2017-10-31T03:46:36.000Z,0.0007135000000002186,0x48737bd0d7f24f3bb7c778e4e3074634765034a6,buy,0xb24754be79281553dc1adc160ddf5cd9b74361a4,0x2e238a33c448101c8f3fd30d53d5e981b42497b9e2b8efb62aee42d858c91983
158,500,0.34935,0x0016e7237bc15c246924b65d924afc8ea54e7d4a,2017-10-31T03:46:17.000Z,0.0006987,0x38449f7b41793eedc220eb6307a36ebd1ebb7fca,buy,0xb24754be79281553dc1adc160ddf5cd9b74361a4,0xc2976ba24ccbde68a0b7fac37decba32f71b065c1aa2c9a1b82c054a58912699
159,498.5,0.3404755,0x851638b1a455db32e74a51d8d963910049597fc8,2017-10-31T03:21:20.000Z,0.000683,0x38449f7b41793eedc220eb6307a36ebd1ebb7fca,sell,0xb24754be79281553dc1adc160ddf5cd9b74361a4,0x7bdec2c62238e64d919ab927d13b1ab48abbe44b37c5861902f69ee84a43692a
160,192.501990531,0.13143265905494556,0xe9ebee76a902b6536c0bddf79ac4c4343e5bdbfb,2017-10-31T01:27:52.000Z,0.00068276,0x158d76ee9f5cafa8e15221d3e096a91a13422119,sell,0xb24754be79281553dc1adc160ddf5cd9b74361a4,0x66dc22bb861e5883acfddfb34624598a9cf138cef8b397057298ed36d168b12b
161,1,0.0007135,0x5971f9b8c955285dcd49d4951a33a613d3e2701b,2017-10-31T01:09:42.000Z,0.0007135,0x48737bd0d7f24f3bb7c778e4e3074634765034a6,buy,0xb24754be79281553dc1adc160ddf5cd9b74361a4,0xcce6707eb71c31aa1d608f5dea78a55bf0afec7b03b5393754321ee21ca194c1
162,472.326462244,0.33700493081158306,0x24bde2086e85be8ee60b62eb209922614df316c4,2017-10-31T00:46:00.000Z,0.0007135000000010355,0x48737bd0d7f24f3bb7c778e4e3074634765034a6,buy,0xb24754be79281553dc1adc160ddf5cd9b74361a4,0x775ea4c352a5521f1644dca4caf5ab38b7d0a1430b4fac2a7c8c8fb4cf05f743
163,1070,0.76505,0x277b492978627f8b4c55be8a2241bb785162d410,2017-10-31T00:10:02.000Z,0.000715,0x48737bd0d7f24f3bb7c778e4e3074634765034a6,buy,0xb24754be79281553dc1adc160ddf5cd9b74361a4,0xb09a5ca825372ced688bf3cbf6e6231a64b285dbdb072ca585fbe627b25e09a3
164,0.064569052,0.000044084520253,0x48737bd0d7f24f3bb7c778e4e3074634765034a6,2017-10-30T23:55:17.000Z,0.00068275,0x04f612e8c2c78b786e0d5e1c2c911a08c76bf40a,sell,0xb24754be79281553dc1adc160ddf5cd9b74361a4,0x422fef267828d3ed786bba61fd23d3a2cc2abe619a04daca6fdfad675e617355
165,647.692154321,0.44221181836266277,0x48737bd0d7f24f3bb7c778e4e3074634765034a6,2017-10-30T23:53:40.000Z,0.00068275,0x04f612e8c2c78b786e0d5e1c2c911a08c76bf40a,sell,0xb24754be79281553dc1adc160ddf5cd9b74361a4,0xf5cac3e71ed31bec76e11e461c6ee4b59cf11b6d444add655814e44b2fb0cc5f
166,2000,1.4367,0xb5efdb84b02844dd4fbd378c4abe73a680ec6a60,2017-10-30T22:37:09.000Z,0.00071835,0x48737bd0d7f24f3bb7c778e4e3074634765034a6,buy,0xb24754be79281553dc1adc160ddf5cd9b74361a4,0xb9afc17b931e32f23464129446c9c6f9e13ea0291efebd22a3eac79988d3c23c
167,1800,1.29303,0x277b492978627f8b4c55be8a2241bb785162d410,2017-10-30T22:20:27.000Z,0.00071835,0x48737bd0d7f24f3bb7c778e4e3074634765034a6,buy,0xb24754be79281553dc1adc160ddf5cd9b74361a4,0x72992de2c151f49bd83bb760f2b4ad2ff02382e6133a8d0104f1aa6639e96fdd
168,532.618957374,0.3826281327883561,0x4f101b4b0d855e5db77c368f83ecd944679a6281,2017-10-30T22:00:57.000Z,0.0007183900000008415,0xaccba48528d5d958f452ac0acec373dda8174612,buy,0xb24754be79281553dc1adc160ddf5cd9b74361a4,0xec36ee60afe63b420724911c518122ba5a96bb89d6091b41fa061a0a567f24e2
169,444,0.31524,0x4f101b4b0d855e5db77c368f83ecd944679a6281,2017-10-30T21:56:45.000Z,0.00071,0xfd4f89dc09293bcdd22e3b500c8785f679a8cbca,buy,0xb24754be79281553dc1adc160ddf5cd9b74361a4,0x60592f4cf03b26ed6062d5b0c7608fa1134d05ba589464fcdbd2577f96ead8bb
170,435.299912112,0.296656890104328,0x48737bd0d7f24f3bb7c778e4e3074634765034a6,2017-10-30T20:17:37.000Z,0.0006815,0xb8e1ba2fd4fd2a58026ebc1f457a1e8bdc5f7431,sell,0xb24754be79281553dc1adc160ddf5cd9b74361a4,0xb0eaea1fbe3a280e6421c51500c5baaebcc971448ac9bfd43c36ca3d82a1c6b7
171,1405,0.95752155,0xaccba48528d5d958f452ac0acec373dda8174612,2017-10-30T20:17:28.000Z,0.00068151,0xb8e1ba2fd4fd2a58026ebc1f457a1e8bdc5f7431,sell,0xb24754be79281553dc1adc160ddf5cd9b74361a4,0xd57d567e199314c40700c124aacf10d03659c4834e30acd0ae2cb277b4d5f48b
172,1448.856037802,0.9874113271784788,0x851638b1a455db32e74a51d8d963910049597fc8,2017-10-30T20:16:23.000Z,0.000681511,0xb8e1ba2fd4fd2a58026ebc1f457a1e8bdc5f7431,sell,0xb24754be79281553dc1adc160ddf5cd9b74361a4,0xb8e927de730bbed8e16b9400f76de482d7090e7118d03b08ab6d8c746fead3b9
173,1500,1.02585,0x48737bd0d7f24f3bb7c778e4e3074634765034a6,2017-10-30T20:15:36.000Z,0.0006839,0xb8e1ba2fd4fd2a58026ebc1f457a1e8bdc5f7431,sell,0xb24754be79281553dc1adc160ddf5cd9b74361a4,0x6cf32a68ef20e3a9e25f18b762824bad121f061e1af1166bee61c3fa0da3e70e
174,250,0.179625,0x0ad747e3c2ad81b8ffa61df6c6223b01c21c8ffc,2017-10-30T19:43:03.000Z,0.0007185,0x48737bd0d7f24f3bb7c778e4e3074634765034a6,buy,0xb24754be79281553dc1adc160ddf5cd9b74361a4,0x310f21e1df011cba5434e7ddb17831fac347c31726094404c0a73fdcf88a3f00
175,595,0.40549845,0xaccba48528d5d958f452ac0acec373dda8174612,2017-10-30T19:24:38.000Z,0.00068151,0xdb0345e803263d01208f9054f2379c422ca48734,sell,0xb24754be79281553dc1adc160ddf5cd9b74361a4,0xaab3eda1e0dcf9c89649ecb12db98d6428f100089899fa6dbb84245f940c4897
176,1000,0.681511,0x6937ef203de9fefb2110ed968fb261721fb50a01,2017-10-30T19:21:30.000Z,0.000681511,0xdb0345e803263d01208f9054f2379c422ca48734,sell,0xb24754be79281553dc1adc160ddf5cd9b74361a4,0x245ae82b8d8bbd1f4ba4a02e7b90a7e34fd447b3c248de5a1517fdda409f1f43
177,1000,0.6813,0x492842125e4c3a7d10cda0e0291ea22788e4ad60,2017-10-30T18:33:26.000Z,0.0006813,0x06811a2b589d9a80d20925ab683a32ef796b4648,sell,0xb24754be79281553dc1adc160ddf5cd9b74361a4,0x2d309cd771a37e2806f2645401dd69d825d6aa23a40739e8b3b7fc78d86034a4
178,15412.272,10.94271312,0x05a15ef964b65490443c46d094295026054f744c,2017-10-30T18:30:38.000Z,0.00071,0xe7813792da36c7d52940405fa59e9ffd50edf611,buy,0xb24754be79281553dc1adc160ddf5cd9b74361a4,0x5e41deb7a2fa8bc69381a5e0b28ff40d5a757ddfb1f3564bf2ecff355c183e55
179,6264.111,4.44751881,0x05a15ef964b65490443c46d094295026054f744c,2017-10-30T18:30:38.000Z,0.00071,0x0960da039bb8151cacfef620476e8baf34bd9565,buy,0xb24754be79281553dc1adc160ddf5cd9b74361a4,0x46f3dce7d30b1e2bf72e5c25762473044f77ff68ee7238c794b58a092392606d
180,260,0.1794,0xc9b2378bbc6b1f48e0f58c76f2d994c60648c333,2017-10-30T18:23:06.000Z,0.00069,0x06811a2b589d9a80d20925ab683a32ef796b4648,sell,0xb24754be79281553dc1adc160ddf5cd9b74361a4,0x3e3fc44a5e6023523b773cfdc0f7c9b8c790aaf34cf75902f25301b836947b86
181,700,0.497,0x59622b691c59485e5f4ba3fefe487dd1e7c6c050,2017-10-30T18:16:05.000Z,0.00071,0x0960da039bb8151cacfef620476e8baf34bd9565,buy,0xb24754be79281553dc1adc160ddf5cd9b74361a4,0x3f447573836aaea094ca91e9452926d271670369274347778c584c25313ba6ef
182,1500,1.06485,0x59622b691c59485e5f4ba3fefe487dd1e7c6c050,2017-10-30T18:15:55.000Z,0.0007099,0xcff17df85be21ea407588e9731ded9035ad0062a,buy,0xb24754be79281553dc1adc160ddf5cd9b74361a4,0x5cbdc5c2702c0722f1d69da4271ef0946ba4eb0b424a184e380b9ce8b015aeea
183,3250.507899537,2.307860608671678,0xc678eede5bf75dd448031366e5f50c52a6c748f5,2017-10-30T16:44:44.000Z,0.0007100000000001256,0x0960da039bb8151cacfef620476e8baf34bd9565,buy,0xb24754be79281553dc1adc160ddf5cd9b74361a4,0x06ae4ad83a62c23b6fec977ab24f5d57167a05872514e25ee00555ce2fdeaa7e
184,2000,1.41998,0xc678eede5bf75dd448031366e5f50c52a6c748f5,2017-10-30T16:43:49.000Z,0.00070999,0xaccba48528d5d958f452ac0acec373dda8174612,buy,0xb24754be79281553dc1adc160ddf5cd9b74361a4,0x01c0cc699c8c8ae1cf99bddfdfc518b307899cfa01b5ef9866329c78674f684d
185,10214.619335061,6.946962609774986,0x0960da039bb8151cacfef620476e8baf34bd9565,2017-10-30T15:43:34.000Z,0.0006801,0xd61abf81451bbb7245ff7b6feb1dc02c54f287b0,sell,0xb24754be79281553dc1adc160ddf5cd9b74361a4,0xf4e1bf9f8ead40caae6351235431e0f76977b06de88e3a561143ce1aa13bab4f
186,2500,1.70625,0x48737bd0d7f24f3bb7c778e4e3074634765034a6,2017-10-30T15:40:36.000Z,0.0006825,0xd61abf81451bbb7245ff7b6feb1dc02c54f287b0,sell,0xb24754be79281553dc1adc160ddf5cd9b74361a4,0xf431ebe5be00c541cba1d9bc78b4dcb97b14bd010f9fcdbdb3fb1a28ec7317ba
187,250.115,0.1759559025,0x245daa19e296c56288ddd597880d7ec38ac14639,2017-10-30T15:39:07.000Z,0.0007035,0xd61abf81451bbb7245ff7b6feb1dc02c54f287b0,sell,0xb24754be79281553dc1adc160ddf5cd9b74361a4,0xfee494575430e487e49c5d68772450f2341e31023d6b7f24a9b3928f64b7248f
188,300,0.216,0xc12ebaea18b002af9b30138a3b045495faf1377a,2017-10-30T15:37:55.000Z,0.00072,0xd61abf81451bbb7245ff7b6feb1dc02c54f287b0,sell,0xb24754be79281553dc1adc160ddf5cd9b74361a4,0xb03f71fa87debdf6526143cd7a835d2597db95f38d9f3fb2689ce62133037fc6
189,2000,1.3652,0xaccba48528d5d958f452ac0acec373dda8174612,2017-10-30T15:37:55.000Z,0.0006826,0xd61abf81451bbb7245ff7b6feb1dc02c54f287b0,sell,0xb24754be79281553dc1adc160ddf5cd9b74361a4,0xe38698ed72500cbdf9cbc7dc811ce459f8852f77ae87fe8047125bcf0bff8ba2
190,22000,14.982,0xd15104d6768d7e60372b0bfca3b2c43dc3c6231e,2017-10-30T15:37:55.000Z,0.000681,0xd61abf81451bbb7245ff7b6feb1dc02c54f287b0,sell,0xb24754be79281553dc1adc160ddf5cd9b74361a4,0x6faeafda6806ac52ff6163118e001d73c5fb3924c04bb1498f6f022dcd03c018
191,2000,1.438,0x245daa19e296c56288ddd597880d7ec38ac14639,2017-10-30T15:37:07.000Z,0.000719,0xd61abf81451bbb7245ff7b6feb1dc02c54f287b0,sell,0xb24754be79281553dc1adc160ddf5cd9b74361a4,0xf1262eb4d2acfc2b2eb6880538ad3f4f40b76b7dbd4e4874085bbbf7a1883bd0
192,4508,3.241252,0x05a15ef964b65490443c46d094295026054f744c,2017-10-30T14:45:47.000Z,0.000719,0xfa740b9d9c10b556977f180938f6fb26538695b6,buy,0xb24754be79281553dc1adc160ddf5cd9b74361a4,0x3fd5970f559ae7357a986dfeb19fab1dbe98f93517769bc2e7eebbc3e32b4974
193,906,0.651414,0x48737bd0d7f24f3bb7c778e4e3074634765034a6,2017-10-30T14:38:41.000Z,0.000719,0x62d12e52453ffe26f2916017cff548a0b719da96,buy,0xb24754be79281553dc1adc160ddf5cd9b74361a4,0x5d15f57018bffe618d2f09da00486604c5b2fa2b53f54203f0486f0216195b94
194,1000,0.719,0x6937ef203de9fefb2110ed968fb261721fb50a01,2017-10-30T12:46:50.000Z,0.000719,0xfa740b9d9c10b556977f180938f6fb26538695b6,buy,0xb24754be79281553dc1adc160ddf5cd9b74361a4,0x388b68c699d86da9a9ee30e9f1a5a7d7d4dc6be0f364f1f341866ddaefd00c27
195,12019.48,8.5338308,0x05a15ef964b65490443c46d094295026054f744c,2017-10-30T12:26:35.000Z,0.00071,0x0960da039bb8151cacfef620476e8baf34bd9565,buy,0xb24754be79281553dc1adc160ddf5cd9b74361a4,0x7998fcfb65975d05d3b933df3e83e536b81574a0b1c0b8afa31a747d7a189bc6
196,7500,5.2875,0x05a15ef964b65490443c46d094295026054f744c,2017-10-30T12:26:21.000Z,0.000705,0xed05637cafbf838059080a3ad9bb059140995554,buy,0xb24754be79281553dc1adc160ddf5cd9b74361a4,0xa566427ca8d892a5753af27bb7d9cabd90e4c4263fe7d3b2c7d43e3f1b551b75
197,1420,0.99968,0x05a15ef964b65490443c46d094295026054f744c,2017-10-30T12:26:09.000Z,0.000704,0x492842125e4c3a7d10cda0e0291ea22788e4ad60,buy,0xb24754be79281553dc1adc160ddf5cd9b74361a4,0x35fd40fbb55fce5b0e0ea4396d4c88b80f93fcb4222c8eeaed762719a353ab8a
198,2000,1.407,0x05a15ef964b65490443c46d094295026054f744c,2017-10-30T12:25:30.000Z,0.0007035,0x48737bd0d7f24f3bb7c778e4e3074634765034a6,buy,0xb24754be79281553dc1adc160ddf5cd9b74361a4,0xa880df57052256672b2313558911e30625ed91b655e01ac7e2575db1fd97c098
199,5000,3.4945,0x05a15ef964b65490443c46d094295026054f744c,2017-10-30T11:55:26.000Z,0.0006989,0xed05637cafbf838059080a3ad9bb059140995554,buy,0xb24754be79281553dc1adc160ddf5cd9b74361a4,0xe0573053c1567684f2cb75266c177a81f036d8401fcb59765f77447362f0f9a5
200,2000,1.3976,0x05a15ef964b65490443c46d094295026054f744c,2017-10-30T11:55:09.000Z,0.0006988,0xaccba48528d5d958f452ac0acec373dda8174612,buy,0xb24754be79281553dc1adc160ddf5cd9b74361a4,0x658cc041175570592bdeabd887f11414e0c1b7e5bf2e327a9f40a788faef96bc
201,5000,3.4945,0x05a15ef964b65490443c46d094295026054f744c,2017-10-30T11:55:09.000Z,0.0006989,0xed05637cafbf838059080a3ad9bb059140995554,buy,0xb24754be79281553dc1adc160ddf5cd9b74361a4,0xe0573053c1567684f2cb75266c177a81f036d8401fcb59765f77447362f0f9a5
202,1695.525617186,1.1843246436048251,0x05a15ef964b65490443c46d094295026054f744c,2017-10-30T11:55:03.000Z,0.0006985000000002383,0x48737bd0d7f24f3bb7c778e4e3074634765034a6,buy,0xb24754be79281553dc1adc160ddf5cd9b74361a4,0xfbfb0f814e5df523fe75fb54bb579a2653e7bedd3820b68b99e276e0cf74da33
203,1304.474382813,0.911175356395175,0x3a2a780429b80d2d191fa23ab9e3442aaf6f4ae5,2017-10-30T11:32:17.000Z,0.0006985000000002257,0x48737bd0d7f24f3bb7c778e4e3074634765034a6,buy,0xb24754be79281553dc1adc160ddf5cd9b74361a4,0x67e8b82736f674548ea4d69c5e623d5700aaf07c329843ac7518b4bcea2c0715
204,2024.899978193,1.37693198517124,0x05a15ef964b65490443c46d094295026054f744c,2017-10-30T11:15:54.000Z,0.00068,0xe0e9f0ccbd344c74d8c93ff1257ff1628aa6804d,sell,0xb24754be79281553dc1adc160ddf5cd9b74361a4,0x371c4466b714432522578ebb563fff247fd488f1990a707dc9a9597798e4bef4
205,110.144722116,0.07489841103888,0x05a15ef964b65490443c46d094295026054f744c,2017-10-30T10:46:50.000Z,0.00068,0x437e1effe0a3fa05a9f65793f3908c1a48c2cfeb,sell,0xb24754be79281553dc1adc160ddf5cd9b74361a4,0x342a788d7981d357e2d7e6b306bfcdcee5c95332e2d29f6f175d3fad7d9ce790
206,8443.824550227,5.74180069415436,0x05a15ef964b65490443c46d094295026054f744c,2017-10-30T10:42:32.000Z,0.00068,0x01669fe4d8196c981ecbffe5631b1874c818245e,sell,0xb24754be79281553dc1adc160ddf5cd9b74361a4,0xd2baf41fe8b838d37b0f8299d91fd24702763cc24dda6a2640f32497859bea2a
207,1430,0.99957,0x5a6030add6ad1c6ddff05a009b76305f1c1ab865,2017-10-30T10:38:54.000Z,0.000699,0x01669fe4d8196c981ecbffe5631b1874c818245e,buy,0xb24754be79281553dc1adc160ddf5cd9b74361a4,0x40e5f5035dddba18cd53066ff97c0f5443d95664f0e06dad73a644adedb8f855
208,2350,1.598,0x05a15ef964b65490443c46d094295026054f744c,2017-10-30T10:33:09.000Z,0.00068,0x437e1effe0a3fa05a9f65793f3908c1a48c2cfeb,sell,0xb24754be79281553dc1adc160ddf5cd9b74361a4,0x29988f7cdf226c68fa413c49c9f4e0f41aa2c3ac36168bd6d9a77450e5af8fdf
209,205.502628821,0.13976439288745032,0xaccba48528d5d958f452ac0acec373dda8174612,2017-10-30T10:32:25.000Z,0.00068011,0x437e1effe0a3fa05a9f65793f3908c1a48c2cfeb,sell,0xb24754be79281553dc1adc160ddf5cd9b74361a4,0x6247bb666f80467e8059700745c5f7e9e277bc3cbf77b06eac0aade9ea65fb15
210,4396.869703918,2.990311085634632,0xed05637cafbf838059080a3ad9bb059140995554,2017-10-30T10:32:19.000Z,0.0006801,0x437e1effe0a3fa05a9f65793f3908c1a48c2cfeb,sell,0xb24754be79281553dc1adc160ddf5cd9b74361a4,0xaddc185980e0e0267cc999bc2c52ca707e581d0836a28407157e426e00afe104
211,1794.497371179,1.2204556071125496,0xaccba48528d5d958f452ac0acec373dda8174612,2017-10-30T10:15:47.000Z,0.00068011,0x06811a2b589d9a80d20925ab683a32ef796b4648,sell,0xb24754be79281553dc1adc160ddf5cd9b74361a4,0xebbf29c1398be6273cb8db692c3cc1f2c9bdc8060c9294707802dbf07e93febd
212,603.130296082,0.4101889143653682,0xed05637cafbf838059080a3ad9bb059140995554,2017-10-30T10:07:58.000Z,0.0006801,0x06811a2b589d9a80d20925ab683a32ef796b4648,sell,0xb24754be79281553dc1adc160ddf5cd9b74361a4,0x23ae18ce764ec956645dc855e675bef86a14e91848742eea77550bf3c266141f
213,700,0.4886,0xa50e2cee8bd23f91be2133c573cc47ae91679571,2017-10-30T09:54:33.000Z,0.000698,0x0960da039bb8151cacfef620476e8baf34bd9565,buy,0xb24754be79281553dc1adc160ddf5cd9b74361a4,0xea9fda0aca7504c030582328c08deb34dc3a1677e57d699224cc9990ae0176e6
214,548.063,0.381999911,0x05a15ef964b65490443c46d094295026054f744c,2017-10-30T09:33:23.000Z,0.000697,0xed05637cafbf838059080a3ad9bb059140995554,buy,0xb24754be79281553dc1adc160ddf5cd9b74361a4,0xa777458b6822c9a8ea939a9ade7d99edc7f7f0b2e4f1eabdb073dd0c5dfcb273
215,842.55,0.5872489245,0x05a15ef964b65490443c46d094295026054f744c,2017-10-30T09:17:21.000Z,0.00069699,0xaccba48528d5d958f452ac0acec373dda8174612,buy,0xb24754be79281553dc1adc160ddf5cd9b74361a4,0x804c5c5fe85f28314429a85ad1204b93f3a9d65f94b83a3b827cd8f4895d9c50
216,1157.449505419,0.806730730782562,0x2d903b732b836b29dbad9523d25cb40fa70cc79d,2017-10-30T09:07:57.000Z,0.0006969900000004952,0xaccba48528d5d958f452ac0acec373dda8174612,buy,0xb24754be79281553dc1adc160ddf5cd9b74361a4,0xc81cddb1e5d757db24832f7adbd119254c15cd9e341f62826e8c323364eb337f
217,15000,10.35,0x05a15ef964b65490443c46d094295026054f744c,2017-10-30T08:44:39.000Z,0.00069,0x0960da039bb8151cacfef620476e8baf34bd9565,buy,0xb24754be79281553dc1adc160ddf5cd9b74361a4,0x6f799eb0aebb019355cefc5d545202c88a481ea1fdd62845845a366777606db4
218,2723.287735028,1.8654520984946665,0x05a15ef964b65490443c46d094295026054f744c,2017-10-30T08:44:25.000Z,0.0006850000000001786,0x0960da039bb8151cacfef620476e8baf34bd9565,buy,0xb24754be79281553dc1adc160ddf5cd9b74361a4,0x6391dc730716e53e2c2c1384eca6805c98cf45f9c115a2cc316e4faf30c0d1b5
219,5000,3.415,0x05a15ef964b65490443c46d094295026054f744c,2017-10-30T08:38:54.000Z,0.000683,0x0960da039bb8151cacfef620476e8baf34bd9565,buy,0xb24754be79281553dc1adc160ddf5cd9b74361a4,0xdbe58e4128a556bce7d1dd8b544b7eedbfdcbe3e711b9c1edad40b313a09b78c
220,3791,2.585462,0x05a15ef964b65490443c46d094295026054f744c,2017-10-30T08:27:32.000Z,0.000682,0x1eaa18a0e964d346f2b5182be3f97d7aab5145b9,buy,0xb24754be79281553dc1adc160ddf5cd9b74361a4,0x11b12b0ecb994414ba9f1b4153eccd670017444fb3d9b6e870a2d7de28564862
221,7276.712264971,4.9845479015053336,0xac69402d502f29f77d7f03cca25ea2ae01735351,2017-10-30T06:54:14.000Z,0.0006850000000000273,0x0960da039bb8151cacfef620476e8baf34bd9565,buy,0xb24754be79281553dc1adc160ddf5cd9b74361a4,0x4cb784b9145d620ab3e3fad040ca254a32cd4e23376176c4e0ff711d7fba8e27
222,299.07287409,0.194756255607408,0x39f8cf09e87314e2a5b321153672831b125e7c2c,2017-10-30T06:23:03.000Z,0.0006512,0xd19f8bf2721b31b0f4f20c80f5a59c0bd5f23262,sell,0xb24754be79281553dc1adc160ddf5cd9b74361a4,0x1f0a35ad1145785bf1db9c90ae505d4689882fc5305682b83559c296d610594e
223,15,0.009768,0x39f8cf09e87314e2a5b321153672831b125e7c2c,2017-10-30T06:01:09.000Z,0.0006512,0x437e1effe0a3fa05a9f65793f3908c1a48c2cfeb,sell,0xb24754be79281553dc1adc160ddf5cd9b74361a4,0x07baad4d31ca1005667b5783a1d31ebde5a6c817b62949b5af37c193c32d7c82
224,1900,1.23728,0x39f8cf09e87314e2a5b321153672831b125e7c2c,2017-10-30T05:55:27.000Z,0.0006512,0x437e1effe0a3fa05a9f65793f3908c1a48c2cfeb,sell,0xb24754be79281553dc1adc160ddf5cd9b74361a4,0x3a7934d7df3952914b2e67546414520053d1cba0375a27a21c5c2375cf5532ca
225,500,0.33,0xe0e9f0ccbd344c74d8c93ff1257ff1628aa6804d,2017-10-30T05:54:55.000Z,0.00066,0x437e1effe0a3fa05a9f65793f3908c1a48c2cfeb,sell,0xb24754be79281553dc1adc160ddf5cd9b74361a4,0xc978b1832ade47dd4c07d1b78feecbaa95b9e883ee53eec62ad2b482f7546a8b
226,1988.5066,1.2984948098,0x00394b3fe53ee69b8181e54cdf8dff7cba38d630,2017-10-30T05:27:22.000Z,0.000653,0x437e1effe0a3fa05a9f65793f3908c1a48c2cfeb,sell,0xb24754be79281553dc1adc160ddf5cd9b74361a4,0xe4cbfdd952e51e8036fca428a2472efbf15d008243bb82b9fb0231ac600c5452
227,11378.431900833,7.418737599343116,0x0960da039bb8151cacfef620476e8baf34bd9565,2017-10-30T05:27:22.000Z,0.000652,0x437e1effe0a3fa05a9f65793f3908c1a48c2cfeb,sell,0xb24754be79281553dc1adc160ddf5cd9b74361a4,0xb7e3562e16260f54dcb332c3488492264a9bf69d44329db4ac99b95c99686c91
228,0.745,0.000486485,0x00394b3fe53ee69b8181e54cdf8dff7cba38d630,2017-10-30T03:15:58.000Z,0.000653,0x16e5d97bbc92417e051e3b2cabfbf8ceea2acb9c,sell,0xb24754be79281553dc1adc160ddf5cd9b74361a4,0x8a1392c73921f0b0d1c46114ead032b41f1b749bfcfa63d226ef95eda32dc4aa
229,0.7484,0.0004887052,0x00394b3fe53ee69b8181e54cdf8dff7cba38d630,2017-10-30T03:15:58.000Z,0.000653,0x379374d13077e8867ef31803c37baf9785a17c00,sell,0xb24754be79281553dc1adc160ddf5cd9b74361a4,0xb3b4a5d79772d17e2b5f62845d450ec2a6d83ac7ae84c7d4971bf042ee21f870
230,18666.134835726,12.31964899157916,0x0960da039bb8151cacfef620476e8baf34bd9565,2017-10-30T02:57:59.000Z,0.00066,0xe3c7464459f2bd3321d28f655d2abbc172cce178,sell,0xb24754be79281553dc1adc160ddf5cd9b74361a4,0xeb584f354b13565e98c2edf4361663e5579e987af763ef0b16e45cf174b017c5
231,999.867,0.660912087,0xcefd75af77054242a66f84f68d3202e0dce5e48a,2017-10-30T02:57:21.000Z,0.000661,0xe3c7464459f2bd3321d28f655d2abbc172cce178,sell,0xb24754be79281553dc1adc160ddf5cd9b74361a4,0xe160f9b198bc0ab6b7c7df08f973a07c7e9979ccbf60f796d68c0b411a45fc80
232,3881.936866787,2.705709996150802,0xd453ee86f8b2d7d78b23ac4a35bd50bfe09d1bbb,2017-10-30T01:20:17.000Z,0.0006970000000000678,0xed05637cafbf838059080a3ad9bb059140995554,buy,0xb24754be79281553dc1adc160ddf5cd9b74361a4,0xd17e703c0790b5b7e7e3a2302b65f7e96a3cefc4c9d12a43d7e955da39afc04d
233,0.132974297,0.000087896010317,0xcefd75af77054242a66f84f68d3202e0dce5e48a,2017-10-30T00:15:03.000Z,0.000661,0x70d692072e72e1b4b26b01be1541cb46af42d8cb,sell,0xb24754be79281553dc1adc160ddf5cd9b74361a4,0xbba00145cd794da682570b4cd89843ee65e3a85bd960071b045b8f853995b1ee
234,1333.865164274,0.88035100842084,0x0960da039bb8151cacfef620476e8baf34bd9565,2017-10-30T00:13:14.000Z,0.00066,0x70d692072e72e1b4b26b01be1541cb46af42d8cb,sell,0xb24754be79281553dc1adc160ddf5cd9b74361a4,0x073c24a59cc0b24d4148d0b931380129abc920cc6ffc0946a16d98fc6f528ae3
235,570,0.39729,0x0ad747e3c2ad81b8ffa61df6c6223b01c21c8ffc,2017-10-29T23:33:55.000Z,0.000697,0xed05637cafbf838059080a3ad9bb059140995554,buy,0xb24754be79281553dc1adc160ddf5cd9b74361a4,0x482337e8752961b42b0fa5d5159a5872582abe66f0d30f9a0be4d9614bc5ba4b
236,560,0.39144,0xc9b2378bbc6b1f48e0f58c76f2d994c60648c333,2017-10-29T21:56:32.000Z,0.000699,0x0960da039bb8151cacfef620476e8baf34bd9565,buy,0xb24754be79281553dc1adc160ddf5cd9b74361a4,0xd9975f76fa36f0fe3e405239f38a5db8d10bb035fe03846fccda7cdd6da1d174
237,1100,0.7689,0xc9b2378bbc6b1f48e0f58c76f2d994c60648c333,2017-10-29T21:54:11.000Z,0.000699,0x0960da039bb8151cacfef620476e8baf34bd9565,buy,0xb24754be79281553dc1adc160ddf5cd9b74361a4,0x564889b922d0dcd905fe8caeae44534c8a4ebae3d43e37407635a4c037d16e13
238,1100,0.7689,0xc9b2378bbc6b1f48e0f58c76f2d994c60648c333,2017-10-29T21:48:16.000Z,0.000699,0x0960da039bb8151cacfef620476e8baf34bd9565,buy,0xb24754be79281553dc1adc160ddf5cd9b74361a4,0xe0db32834c6d0bf616a1c8d0690668f20e0fbc8db0c0aac015d4d1624b5b0a76
239,0.111799053,0.000072892982556,0x0960da039bb8151cacfef620476e8baf34bd9565,2017-10-29T21:24:53.000Z,0.000652,0x02ac166e592c219d3a412135e37953340abf1f3e,sell,0xb24754be79281553dc1adc160ddf5cd9b74361a4,0x7e01be9e6172e20ae9cc638aa600d45cadb1d4dd2fb0fb96faa07ec0f2f5fd6b
240,1121.456300114,0.731189507674328,0x0960da039bb8151cacfef620476e8baf34bd9565,2017-10-29T21:22:37.000Z,0.000652,0x02ac166e592c219d3a412135e37953340abf1f3e,sell,0xb24754be79281553dc1adc160ddf5cd9b74361a4,0xade9b6fef376d24f846d685f20889a38842883dccacfbf6835f3fa8e5f29f1a4
241,1790.106388778,1.165359259094478,0x1eaa18a0e964d346f2b5182be3f97d7aab5145b9,2017-10-29T20:59:00.000Z,0.000651,0x7999b977c2e0c44e50e98c211af62564a701e94a,sell,0xb24754be79281553dc1adc160ddf5cd9b74361a4,0x161a4faf2f943c167feabc4ba45f82c9848c6fd6f134cc0a5f0796cc49e78786
242,1378,0.88513763,0xab89360ddba16872c5f3e24c7aceafec74421f54,2017-10-29T20:55:38.000Z,0.000642335,0x7999b977c2e0c44e50e98c211af62564a701e94a,sell,0xb24754be79281553dc1adc160ddf5cd9b74361a4,0x5db23af3df6e39effbaa65d8af3ab025ac24f0b2585d78a6f72f5ae1e1ed047b
243,2000,1.3022,0xaccba48528d5d958f452ac0acec373dda8174612,2017-10-29T20:53:56.000Z,0.0006511,0x7999b977c2e0c44e50e98c211af62564a701e94a,sell,0xb24754be79281553dc1adc160ddf5cd9b74361a4,0xf61993f837a99073ee9f1baae14c34fd0c8a62ab3b572cca49f93e81fcceb59d
244,2000,1.3024,0x1eaa18a0e964d346f2b5182be3f97d7aab5145b9,2017-10-29T20:53:51.000Z,0.0006512,0x7999b977c2e0c44e50e98c211af62564a701e94a,sell,0xb24754be79281553dc1adc160ddf5cd9b74361a4,0xc639b23b6dd3356c9612546ad4b177d8c1467d57c6a64bd729ca093213323cdc
245,1499,0.9999829,0x492842125e4c3a7d10cda0e0291ea22788e4ad60,2017-10-29T20:52:45.000Z,0.0006671,0x7999b977c2e0c44e50e98c211af62564a701e94a,sell,0xb24754be79281553dc1adc160ddf5cd9b74361a4,0x677de0905c9ddec7fa3461be5e89953ffef6599edb8eea12b7aa302703f3a755
246,385,0.2695,0x2bc9842431f9700969534d10c102a51caf13b925,2017-10-29T20:52:45.000Z,0.0007,0x7999b977c2e0c44e50e98c211af62564a701e94a,sell,0xb24754be79281553dc1adc160ddf5cd9b74361a4,0x999ffb5c2019406b336e7c46ed1e19687febd9f4e415affbc4fe6387b6517cb0
247,1696.792,1.1519520888,0x48737bd0d7f24f3bb7c778e4e3074634765034a6,2017-10-29T20:52:45.000Z,0.0006789,0x7999b977c2e0c44e50e98c211af62564a701e94a,sell,0xb24754be79281553dc1adc160ddf5cd9b74361a4,0xb4e5b463cc9ddf8502ab2bcedc56a107d3e336b3e04636b5b579ce06007b7513
248,300,0.1998,0x6bb3725d6685435e047f87c6151f3cbe6c2c3432,2017-10-29T20:52:45.000Z,0.000666,0x7999b977c2e0c44e50e98c211af62564a701e94a,sell,0xb24754be79281553dc1adc160ddf5cd9b74361a4,0x62ad893baf2ba25e823ede64f84a46e6cb050a26e09a25a17f22596b81dfe466
249,400,0.2616676,0xab89360ddba16872c5f3e24c7aceafec74421f54,2017-10-29T20:52:45.000Z,0.000654169,0x7999b977c2e0c44e50e98c211af62564a701e94a,sell,0xb24754be79281553dc1adc160ddf5cd9b74361a4,0x39326845b0f379e2ae74e7ef054a41dbbd0807ceb73fa01fa3b60d9ff849cf0a
250,479.48,0.31310044,0x0960da039bb8151cacfef620476e8baf34bd9565,2017-10-29T20:52:45.000Z,0.000653,0x7999b977c2e0c44e50e98c211af62564a701e94a,sell,0xb24754be79281553dc1adc160ddf5cd9b74361a4,0xe5eb7ba16f0a9cf07d7c65c3ef5f837c8669786ad684d2a52ea348463776863b
251,12500,8.34,0xed05637cafbf838059080a3ad9bb059140995554,2017-10-29T20:52:37.000Z,0.0006672,0x7999b977c2e0c44e50e98c211af62564a701e94a,sell,0xb24754be79281553dc1adc160ddf5cd9b74361a4,0xeedfd2e3a8142badb700f3cbddef06733e3c0ada2f37246df0d079c4a703eb49
252,12500,8.37625,0x0960da039bb8151cacfef620476e8baf34bd9565,2017-10-29T20:50:34.000Z,0.0006701,0x7999b977c2e0c44e50e98c211af62564a701e94a,sell,0xb24754be79281553dc1adc160ddf5cd9b74361a4,0x169005ac07d69dba7bf1954011011b3f477b32d7745c2bc5205281226a550bc2
253,6154,4.20324354,0xfa740b9d9c10b556977f180938f6fb26538695b6,2017-10-29T20:48:42.000Z,0.00068301,0x7999b977c2e0c44e50e98c211af62564a701e94a,sell,0xb24754be79281553dc1adc160ddf5cd9b74361a4,0xbcf951eb47c67fbf71d80eb084e31fbe7b8b268676e84703796cef8711ee498a
254,6354,4.339782,0xfa740b9d9c10b556977f180938f6fb26538695b6,2017-10-29T20:48:42.000Z,0.000683,0x7999b977c2e0c44e50e98c211af62564a701e94a,sell,0xb24754be79281553dc1adc160ddf5cd9b74361a4,0x7db1cb4fb3fe472b5e7425dc89f207ea1fc2c1d0506b8e231ed6f47afed167d6
255,5000,3.405,0xfa740b9d9c10b556977f180938f6fb26538695b6,2017-10-29T20:48:42.000Z,0.000681,0x7999b977c2e0c44e50e98c211af62564a701e94a,sell,0xb24754be79281553dc1adc160ddf5cd9b74361a4,0x7ad485e0f0713ca5294a1113e3394dde8d88715d39b8869aea50d6e6887bc1d2
256,8000,5.4,0x39f8cf09e87314e2a5b321153672831b125e7c2c,2017-10-29T20:48:42.000Z,0.000675,0x7999b977c2e0c44e50e98c211af62564a701e94a,sell,0xb24754be79281553dc1adc160ddf5cd9b74361a4,0xb0bd62218d894b5beddbb067e96400c2783e1bac05ef566a4140d6e4d0b20d0b
257,4000,2.766,0x48737bd0d7f24f3bb7c778e4e3074634765034a6,2017-10-29T20:48:13.000Z,0.0006915,0x7999b977c2e0c44e50e98c211af62564a701e94a,sell,0xb24754be79281553dc1adc160ddf5cd9b74361a4,0xa83e2dec383d52a6cfb77e9663722ac9552d3651e34a8007cc419e4eae22fa66
258,5939.259963371,4.1574819743597,0x05a15ef964b65490443c46d094295026054f744c,2017-10-29T20:47:41.000Z,0.0007,0x7999b977c2e0c44e50e98c211af62564a701e94a,sell,0xb24754be79281553dc1adc160ddf5cd9b74361a4,0x3f19a55c342ea3ab1ce576a4276f2fdcfb8cfa2aa2d78f775f13fa9ed1b3a831
259,7.965824682,0.0055848396845502,0x851638b1a455db32e74a51d8d963910049597fc8,2017-10-29T20:47:41.000Z,0.0007011,0x7999b977c2e0c44e50e98c211af62564a701e94a,sell,0xb24754be79281553dc1adc160ddf5cd9b74361a4,0xbad1e9b457864cf9dd57d92e6a1e73c7d5145913322e0837dd8e439b5a67cd35
260,500,0.346,0x1fdf047bf7a114b37e7936d01e9cad754ad18803,2017-10-29T20:47:41.000Z,0.000692,0x7999b977c2e0c44e50e98c211af62564a701e94a,sell,0xb24754be79281553dc1adc160ddf5cd9b74361a4,0x376e479e9e68444eb278438a06b6f996b450ca5265ca7463c23a09ecf3eec2c6
261,1990.030904197,1.4044643106370327,0x48737bd0d7f24f3bb7c778e4e3074634765034a6,2017-10-29T20:47:16.000Z,0.00070575,0x7999b977c2e0c44e50e98c211af62564a701e94a,sell,0xb24754be79281553dc1adc160ddf5cd9b74361a4,0x3f2e0f9f8e663f8985f5263c0ecb735e0573dcf4fd9182d4eda0e7f69455ff8a
262,9.969095803,0.00703568936296725,0x48737bd0d7f24f3bb7c778e4e3074634765034a6,2017-10-29T20:44:56.000Z,0.00070575,0x7999b977c2e0c44e50e98c211af62564a701e94a,sell,0xb24754be79281553dc1adc160ddf5cd9b74361a4,0xb94d40b72d7c2d9b8c8bfdc095fb49b5a0cb40c4149ee756a1aee83002827462
263,524.531149087,0.3737284437251884,0x2131c663c5506354084b9b06ce4f58a30ee4d27a,2017-10-29T20:44:56.000Z,0.0007125000000013362,0x48737bd0d7f24f3bb7c778e4e3074634765034a6,buy,0xb24754be79281553dc1adc160ddf5cd9b74361a4,0xa5e62ed05d5a42d4816a5ad2008d9a4dc80b0b39a4639150ad65ae2c1b972ab2
264,0.959433044,0.0006799022266306,0x2131c663c5506354084b9b06ce4f58a30ee4d27a,2017-10-29T19:21:43.000Z,0.00070865,0x26ae27ee262d912617940b53960a54aca57ec275,sell,0xb24754be79281553dc1adc160ddf5cd9b74361a4,0x5318e0681d50715538a9442c0f6789d557d048ae0ab3411289b3800bef90a14b
265,310,0.225835,0x9761f2dc74d04201c4068a96d99a8745df43d500,2017-10-29T18:38:33.000Z,0.0007285,0x48737bd0d7f24f3bb7c778e4e3074634765034a6,buy,0xb24754be79281553dc1adc160ddf5cd9b74361a4,0x5b1ed435d214c1ae72bbb1e6ea67e2717b3801e49f43a559c6c49ebf8e8ab58b
266,300,0.21897,0xd79b8571403a6a3f94ab2b8c3acc480aad0b1418,2017-10-29T18:21:42.000Z,0.0007299,0x48737bd0d7f24f3bb7c778e4e3074634765034a6,buy,0xb24754be79281553dc1adc160ddf5cd9b74361a4,0x59733e840348e5fb6def7235c501ad3f9b176de6101b7c6428a670e4b5b5671b
267,5416.741102581,3.7917187718067,0x05a15ef964b65490443c46d094295026054f744c,2017-10-29T18:01:24.000Z,0.0007,0xd781fd4ee5f1ccdedcf0cfdd61a2b74e6e6b049c,sell,0xb24754be79281553dc1adc160ddf5cd9b74361a4,0x6498dcb507ab0cac74fb6beb6b04ce74aa9d032069d88c36039ee108dbfcf458
268,3987.495679378,2.7912469755646,0x05a15ef964b65490443c46d094295026054f744c,2017-10-29T16:48:16.000Z,0.0007,0x1e42dc41156cb7070d5c022d9eaa9b3cd871ba79,sell,0xb24754be79281553dc1adc160ddf5cd9b74361a4,0xf385c6849a43396830e39fdf86b82b22b28f21386f20b9848828aac85ad789d5
269,2156.50325467,1.509552278269,0x05a15ef964b65490443c46d094295026054f744c,2017-10-29T16:29:01.000Z,0.0007,0x4df020c54f25570af5e2d305d3b598d49e9a0d28,sell,0xb24754be79281553dc1adc160ddf5cd9b74361a4,0xaace63844d69cc781a60fcb6cc4baf2447fce1e518c137dea4475eccd89dafb2
270,1500,1.079985,0x05a15ef964b65490443c46d094295026054f744c,2017-10-29T15:23:24.000Z,0.00071999,0xaccba48528d5d958f452ac0acec373dda8174612,buy,0xb24754be79281553dc1adc160ddf5cd9b74361a4,0x50515d6ce3d7f04c95ce65ebf7a15a334256470b8a6551aae226d47daaba59b5
271,2500,1.8,0x05a15ef964b65490443c46d094295026054f744c,2017-10-29T15:23:24.000Z,0.00072,0x4de6bf61916eafb0510af6aa45e0cf994a571adb,buy,0xb24754be79281553dc1adc160ddf5cd9b74361a4,0x17d5cbc8396cef73f6be75ec3cd0606865928ca960fde610bf930b1f7fd2080e
272,1000,0.71899,0x05a15ef964b65490443c46d094295026054f744c,2017-10-29T15:21:26.000Z,0.00071899,0x851638b1a455db32e74a51d8d963910049597fc8,buy,0xb24754be79281553dc1adc160ddf5cd9b74361a4,0x67fc06b81c786b95c7f7b3611cbaa94952ef07a0ce4a248a298c19120c997c9d
273,700,0.50225,0x05a15ef964b65490443c46d094295026054f744c,2017-10-29T15:21:26.000Z,0.0007175,0x48737bd0d7f24f3bb7c778e4e3074634765034a6,buy,0xb24754be79281553dc1adc160ddf5cd9b74361a4,0xad23e7ba858640f39eaa059d2db1fe12877fd322ce10fb64318c9da1971c278f
274,13020.52,9.36175388,0x05a15ef964b65490443c46d094295026054f744c,2017-10-29T15:21:26.000Z,0.000719,0x0960da039bb8151cacfef620476e8baf34bd9565,buy,0xb24754be79281553dc1adc160ddf5cd9b74361a4,0xbe7a292a20dbe1872db9efff7feb9037b3871a2b142f79816ffebba7ed372549
275,6388.443,4.567736745,0x5a6030add6ad1c6ddff05a009b76305f1c1ab865,2017-10-29T13:20:59.000Z,0.000715,0x4fa3da8730e0c8d6f8e902968330b62cbe2ca90f,buy,0xb24754be79281553dc1adc160ddf5cd9b74361a4,0x802b5b5309dee772a13e1e048dc540ef16f99d60c76acddea65fa19cd4d555a3
276,1500,1.0785,0x48737bd0d7f24f3bb7c778e4e3074634765034a6,2017-10-29T11:19:32.000Z,0.000719,0x0960da039bb8151cacfef620476e8baf34bd9565,buy,0xb24754be79281553dc1adc160ddf5cd9b74361a4,0x095216700bc2c692362a0ee58c22bac80ab8061c0f0e45ea40f2ddaf2d6dde33
277,0.000000132,0.000000000095351643,0xce9cb094a61828b0792308a8a1644cf5622edc49,2017-10-29T08:22:15.000Z,0.0007223609318181818,0x48737bd0d7f24f3bb7c778e4e3074634765034a6,buy,0xb24754be79281553dc1adc160ddf5cd9b74361a4,0x34d126df4ccaa593cca8ec815e67e0c18806f8d8db9cb1f2291b2181937f764d
278,0.001319272,0.000000956472330185,0xce9cb094a61828b0792308a8a1644cf5622edc49,2017-10-29T08:21:10.000Z,0.0007250000986794232,0x1fdf047bf7a114b37e7936d01e9cad754ad18803,buy,0xb24754be79281553dc1adc160ddf5cd9b74361a4,0xae2c4b61c0346a1cfd57cb1a9e0b9259ac724ae609b48559a13f959c31ea9111
279,494.147588189,0.333549622027575,0x4fa3da8730e0c8d6f8e902968330b62cbe2ca90f,2017-10-29T08:03:27.000Z,0.000675,0x4df020c54f25570af5e2d305d3b598d49e9a0d28,sell,0xb24754be79281553dc1adc160ddf5cd9b74361a4,0x0fe57171c2b6165e063eac55bb02968ebb19cdcd9aebb01a5bdf0d5359b58667
280,1500,1.01265,0xaccba48528d5d958f452ac0acec373dda8174612,2017-10-29T07:59:29.000Z,0.0006751,0x4df020c54f25570af5e2d305d3b598d49e9a0d28,sell,0xb24754be79281553dc1adc160ddf5cd9b74361a4,0xad243e1c978d141d6bee54dc50ba1f8f1ff05923cffa3de6713452f2cfcddab8
281,1794.457121166,1.21125855678705,0x4fa3da8730e0c8d6f8e902968330b62cbe2ca90f,2017-10-29T07:36:25.000Z,0.000675,0x4df020c54f25570af5e2d305d3b598d49e9a0d28,sell,0xb24754be79281553dc1adc160ddf5cd9b74361a4,0xa085822401318ad5a97c56138615190bb96ee3cca2698700156d29e7dea829e1
282,199.382409862,0.13458312665685,0x4fa3da8730e0c8d6f8e902968330b62cbe2ca90f,2017-10-29T07:31:40.000Z,0.000675,0x4df020c54f25570af5e2d305d3b598d49e9a0d28,sell,0xb24754be79281553dc1adc160ddf5cd9b74361a4,0x42700a5f300bc9b16f2ed2c0162f7519192496667b656b45218f983760d5fbe0
283,0.849491699,0.000576804863621,0x36ac32b737afb8c3f35056fd8ea1e68cff54208f,2017-10-29T07:27:35.000Z,0.000679,0x54c1634a9183f0f126033c327f0f3cda58f400de,sell,0xb24754be79281553dc1adc160ddf5cd9b74361a4,0xf9242fbee2b101d139b5b8a1e598f66b8544111d15070fd123509ec67e74f80b
284,8521.251224204,5.70923832021668,0x4fa3da8730e0c8d6f8e902968330b62cbe2ca90f,2017-10-29T07:24:54.000Z,0.00067,0x54c1634a9183f0f126033c327f0f3cda58f400de,sell,0xb24754be79281553dc1adc160ddf5cd9b74361a4,0xeb4b0485f505a7e0a08a75c6b40b3bde5b50378ae77200698c8622914dde37ae
285,10000,6.75,0x4fa3da8730e0c8d6f8e902968330b62cbe2ca90f,2017-10-29T07:23:22.000Z,0.000675,0x54c1634a9183f0f126033c327f0f3cda58f400de,sell,0xb24754be79281553dc1adc160ddf5cd9b74361a4,0xcde9d19a4a5ec6b6ede10a8544ca310a099ed3d1faf8c97872ba8ef65f6dcea7
286,10000,6.8,0x4fa3da8730e0c8d6f8e902968330b62cbe2ca90f,2017-10-29T07:20:34.000Z,0.00068,0x54c1634a9183f0f126033c327f0f3cda58f400de,sell,0xb24754be79281553dc1adc160ddf5cd9b74361a4,0xa57a82f3c34ed6df790eac6d2fc1b7a593418b260327f35443039585ac9e286f
287,10000,6.85,0x4fa3da8730e0c8d6f8e902968330b62cbe2ca90f,2017-10-29T07:20:34.000Z,0.000685,0x54c1634a9183f0f126033c327f0f3cda58f400de,sell,0xb24754be79281553dc1adc160ddf5cd9b74361a4,0xa6f8a48291bbf7f81ad5b9dd12dd9c976628960f1d71b256a3145193c44328fe
288,10000,6.9,0x4fa3da8730e0c8d6f8e902968330b62cbe2ca90f,2017-10-29T07:20:23.000Z,0.00069,0x54c1634a9183f0f126033c327f0f3cda58f400de,sell,0xb24754be79281553dc1adc160ddf5cd9b74361a4,0xccf159d5af1bfe0c0e3f10a413394807a0151685e2260bbe9576e580816ba21a
289,9900.299,6.9302093,0x4fa3da8730e0c8d6f8e902968330b62cbe2ca90f,2017-10-29T07:18:17.000Z,0.0007,0x54c1634a9183f0f126033c327f0f3cda58f400de,sell,0xb24754be79281553dc1adc160ddf5cd9b74361a4,0x36476df4bbacaf91ea2d47a0c045c3d9e5789bfc7e71eb6bde89256dd0875572
290,10000,6.95,0x4fa3da8730e0c8d6f8e902968330b62cbe2ca90f,2017-10-29T07:18:17.000Z,0.000695,0x54c1634a9183f0f126033c327f0f3cda58f400de,sell,0xb24754be79281553dc1adc160ddf5cd9b74361a4,0x96f93455f5fd6a4332f078675a12ef9ec7c11a90fbfaa69692da0aee687d828c
291,99.700897308,0.0697906281156,0x4fa3da8730e0c8d6f8e902968330b62cbe2ca90f,2017-10-29T07:10:03.000Z,0.0007,0xe0fda40ed2db6505c7d9b47249ef869031ae84cb,sell,0xb24754be79281553dc1adc160ddf5cd9b74361a4,0x1cb44cc5bc7efe8d10b4080a86f01d02b6f1f8735a9f3bf304c790f6a00f4cf3
292,100,0.0692499,0xe0fda40ed2db6505c7d9b47249ef869031ae84cb,2017-10-29T07:10:03.000Z,0.000692499,0xbcc4eb9d3b130da6dd2b955bdbce28d65e468f70,buy,0xb24754be79281553dc1adc160ddf5cd9b74361a4,0x1cb44cc5bc7efe8d10b4080a86f01d02b6f1f8735a9f3bf304c790f6a00f4cf3
293,1428,0.9996,0x4fa3da8730e0c8d6f8e902968330b62cbe2ca90f,2017-10-29T06:57:55.000Z,0.0007,0x492842125e4c3a7d10cda0e0291ea22788e4ad60,buy,0xb24754be79281553dc1adc160ddf5cd9b74361a4,0xdbeefdf9fb1598556e1a668fc0e6f504e44199659cf8f02162d3952e5e347bce
294,1000,0.692499,0x4fa3da8730e0c8d6f8e902968330b62cbe2ca90f,2017-10-29T06:57:40.000Z,0.000692499,0xbcc4eb9d3b130da6dd2b955bdbce28d65e468f70,buy,0xb24754be79281553dc1adc160ddf5cd9b74361a4,0xeac2a1752e1d05d0c8a1ab909893b55ca49411383c27c0e899ee3ff34248a77a
295,790.030861272,0.5443312634164743,0x4fa3da8730e0c8d6f8e902968330b62cbe2ca90f,2017-10-29T06:57:40.000Z,0.000689000000000084,0x48737bd0d7f24f3bb7c778e4e3074634765034a6,buy,0xb24754be79281553dc1adc160ddf5cd9b74361a4,0xdbfc9aa2a7c50ef414fcae13974318665364f8e0ab79f17b4f86d74ac132e516
296,1500,1.04925,0x4fa3da8730e0c8d6f8e902968330b62cbe2ca90f,2017-10-29T06:57:40.000Z,0.0006995,0x48737bd0d7f24f3bb7c778e4e3074634765034a6,buy,0xb24754be79281553dc1adc160ddf5cd9b74361a4,0xf624f24b40770e9f917f48c7cd6b05e299e083536eeb8f9c10d7af1447d57a16
297,2322,1.599855678,0x4fa3da8730e0c8d6f8e902968330b62cbe2ca90f,2017-10-29T06:57:38.000Z,0.000688999,0xaccba48528d5d958f452ac0acec373dda8174612,buy,0xb24754be79281553dc1adc160ddf5cd9b74361a4,0xbdcb86e3a45f3390b58c1f1aafe767b37a857e2da5609e9e7425f77657f4905d
298,2199,1.522803102,0x4fa3da8730e0c8d6f8e902968330b62cbe2ca90f,2017-10-29T06:57:38.000Z,0.000692498,0x851638b1a455db32e74a51d8d963910049597fc8,buy,0xb24754be79281553dc1adc160ddf5cd9b74361a4,0x245465e5380cc8f50a4a726b9ffaf78d7193fefb4fc492f52f5ccc0c71f97480
299,2640,1.8216,0x4fa3da8730e0c8d6f8e902968330b62cbe2ca90f,2017-10-29T06:57:38.000Z,0.00069,0xd5ee69367c6e601c4b625fffa31ccce368bf2b14,buy,0xb24754be79281553dc1adc160ddf5cd9b74361a4,0x51bfe10770932df4cbbaaaeb42a5ede71f2633627885c1bd9d86a6900faad816
300,50000,35,0x4fa3da8730e0c8d6f8e902968330b62cbe2ca90f,2017-10-29T06:57:35.000Z,0.0007,0xb2e8b66928ccedbdf08a2433d70f07942a5e24dd,buy,0xb24754be79281553dc1adc160ddf5cd9b74361a4,0x838a86ba846af6a9b6fcae7767d6c4bff88235b2a7cbcfb59c1abc150255e448
301,30000,20.99997,0x4fa3da8730e0c8d6f8e902968330b62cbe2ca90f,2017-10-29T06:57:35.000Z,0.000699999,0xfa740b9d9c10b556977f180938f6fb26538695b6,buy,0xb24754be79281553dc1adc160ddf5cd9b74361a4,0xdc1e252dc16e8c7bfa8b07008642aeac39309e65b550395990800440926fb516
302,12500,8.6875,0x4fa3da8730e0c8d6f8e902968330b62cbe2ca90f,2017-10-29T06:57:35.000Z,0.000695,0xed05637cafbf838059080a3ad9bb059140995554,buy,0xb24754be79281553dc1adc160ddf5cd9b74361a4,0x5baef1f22052cf237b5a61a7c9ac1c77fc59f307d26fdedeefd8e98719301d2b
303,16000,11.104,0x4fa3da8730e0c8d6f8e902968330b62cbe2ca90f,2017-10-29T06:57:35.000Z,0.000694,0x39f8cf09e87314e2a5b321153672831b125e7c2c,buy,0xb24754be79281553dc1adc160ddf5cd9b74361a4,0xfe4a0e62375b93dc7b2b798536c6d15918a7efcd1aa3fbf223627f9f45b82c18
304,15000,10.3875,0x4fa3da8730e0c8d6f8e902968330b62cbe2ca90f,2017-10-29T06:56:40.000Z,0.0006925,0x0960da039bb8151cacfef620476e8baf34bd9565,buy,0xb24754be79281553dc1adc160ddf5cd9b74361a4,0x71a33631ed724a3018222b3c48aef8b3f86aaafd04f082ba64a51ddaf0c88303
305,10000,6.925,0x69a7251a4ba3bb21047db05ec87572d965ef3e00,2017-10-29T06:45:56.000Z,0.0006925,0x0960da039bb8151cacfef620476e8baf34bd9565,buy,0xb24754be79281553dc1adc160ddf5cd9b74361a4,0xfbf98768e2dc626068e77d54f3635de7a79d1d8d31e51d743654cb9623ba7132
306,614,0.423046,0xed82e943a3c0acd48dda866f85f361273d486cf7,2017-10-29T01:35:50.000Z,0.000689,0x48737bd0d7f24f3bb7c778e4e3074634765034a6,buy,0xb24754be79281553dc1adc160ddf5cd9b74361a4,0x0b6cc6b4de9ec1a59747062d39ec8d9ce1f701a628b1882f10a6aa9fb7daac6c
307,15.969138727,0.011002736583525657,0x2818820241f5c241a2db62496e0a6e4fe95265c7,2017-10-29T01:27:25.000Z,0.0006890000000389913,0x48737bd0d7f24f3bb7c778e4e3074634765034a6,buy,0xb24754be79281553dc1adc160ddf5cd9b74361a4,0x3fb7c59f3d49ab7d55b1ca5340a9457fe2d3a31a771b2f972ee856ed1f2bcf91
308,74.739,0.05082252,0x2818820241f5c241a2db62496e0a6e4fe95265c7,2017-10-29T01:22:49.000Z,0.00068,0xeacb51305214d1ca506226712f0fad684a5db7d2,buy,0xb24754be79281553dc1adc160ddf5cd9b74361a4,0xaf6ea04e259ea4fdec635e2fa7dfebdd5545a08578bb8c1fbdebf92ca9e88ad6
309,5064.819231382,3.307326958092446,0x0960da039bb8151cacfef620476e8baf34bd9565,2017-10-28T23:56:21.000Z,0.000653,0x5e0981d9f9dc77f031521306f3687afb73e1456f,sell,0xb24754be79281553dc1adc160ddf5cd9b74361a4,0xf7c01951129ce5760cfd1cd224c3af5432155be064b5f5f83a8399db431d1d95
310,400,0.2756,0xe8820697823675fe0dd42cbd5c2eb01cbc2999c2,2017-10-28T23:49:47.000Z,0.000689,0x48737bd0d7f24f3bb7c778e4e3074634765034a6,buy,0xb24754be79281553dc1adc160ddf5cd9b74361a4,0x99760a92d2ef343ce14d79164a7c407a80c26a67b7bf8a4711b82b5406a52512
311,1330.943,0.888184846905,0xab89360ddba16872c5f3e24c7aceafec74421f54,2017-10-28T23:37:00.000Z,0.000667335,0x5e0981d9f9dc77f031521306f3687afb73e1456f,sell,0xb24754be79281553dc1adc160ddf5cd9b74361a4,0x29fb3e2700dac42230a690d2606a488f09b7ce2a4b1d6e9aa19033a52aae2b0e
312,199.38191606,0.135360382813134,0x48737bd0d7f24f3bb7c778e4e3074634765034a6,2017-10-28T23:30:30.000Z,0.0006789,0xbcc4eb9d3b130da6dd2b955bdbce28d65e468f70,sell,0xb24754be79281553dc1adc160ddf5cd9b74361a4,0xccb568f5bfaf6e801194f7ebe43045ba2a631b2e36dade706dadf8d5f0df9b72
313,0.05669918,0.0000378373472853,0xab89360ddba16872c5f3e24c7aceafec74421f54,2017-10-28T22:31:48.000Z,0.000667335,0x62cc74bc73d10073c78beb995ada01aa443a7714,sell,0xb24754be79281553dc1adc160ddf5cd9b74361a4,0xfca9a1dc6f9739df5471413c66f314c010be486f411a31ac26ce85c2d59f5dbf
314,0.735294117,0.0005,0x34f9560c63078eb61872a4dc2ccd20e21c34feaf,2017-10-28T22:25:37.000Z,0.0006800000005984,0xeacb51305214d1ca506226712f0fad684a5db7d2,buy,0xb24754be79281553dc1adc160ddf5cd9b74361a4,0xb02d4719a854c767001b43ec7b0d9a56aacdc98a2bb657d1c498f55060356790
315,0.735294117,0.0005,0xe444a40689f51f63bcd29910622035707d533d29,2017-10-28T22:20:23.000Z,0.0006800000005984,0xeacb51305214d1ca506226712f0fad684a5db7d2,buy,0xb24754be79281553dc1adc160ddf5cd9b74361a4,0xbbdf73c9c97c10d2f4449774bbe5edd8995cbbf3c2ed4b15929bafbab67fbed3
316,568.749465866,0.373668399073962,0x48737bd0d7f24f3bb7c778e4e3074634765034a6,2017-10-28T22:16:06.000Z,0.000657,0x62cc74bc73d10073c78beb995ada01aa443a7714,sell,0xb24754be79281553dc1adc160ddf5cd9b74361a4,0xe2bd8a8c7f177e22326e6c30dd3f93cc687b2d6e17a1216cdd7dc051af28be6c
317,18337.217,11.992539918,0x8130587fba11e84c3924115ef4871c4591b364ef,2017-10-28T22:15:43.000Z,0.000654,0x62cc74bc73d10073c78beb995ada01aa443a7714,sell,0xb24754be79281553dc1adc160ddf5cd9b74361a4,0x1be6d8ac0b4e991f4a048d00a3884979d57d1e25602b88453357d22c0ffb0a81
318,892.782544749,0.583879784265846,0x8130587fba11e84c3924115ef4871c4591b364ef,2017-10-28T21:24:04.000Z,0.000654,0x004950796e1263ca2b82f4fb8a50fb2ae7fe397b,sell,0xb24754be79281553dc1adc160ddf5cd9b74361a4,0x686f913c13fcdd0e6dccd7c672a9672dca13ee9ba14654b4465c548060088204
319,1653.898,1.084130139,0x1fdf047bf7a114b37e7936d01e9cad754ad18803,2017-10-28T21:23:01.000Z,0.0006555,0x004950796e1263ca2b82f4fb8a50fb2ae7fe397b,sell,0xb24754be79281553dc1adc160ddf5cd9b74361a4,0x0daa26f1209a9edc45c6a85c8adf5962e027747cc9eaf7731962762095234601
320,699.193,0.462866465193,0x851638b1a455db32e74a51d8d963910049597fc8,2017-10-28T21:22:19.000Z,0.000662001,0x004950796e1263ca2b82f4fb8a50fb2ae7fe397b,sell,0xb24754be79281553dc1adc160ddf5cd9b74361a4,0x1ce049af17bdac34b7c864dfb07be70403dff84fa60f6f51df5ce648e3458720
321,1000,0.6686,0xaccba48528d5d958f452ac0acec373dda8174612,2017-10-28T21:22:19.000Z,0.0006686,0x004950796e1263ca2b82f4fb8a50fb2ae7fe397b,sell,0xb24754be79281553dc1adc160ddf5cd9b74361a4,0xccff0038cb973593fd8d6a8f7364511ebc549547de4b4c0b1f640aa6dde852d9
322,370.909005612,0.25221812381616987,0xeb62ac8d1659a3971dff14e141e1027b8edcf0a1,2017-10-28T21:07:50.000Z,0.0006800000000000266,0xeacb51305214d1ca506226712f0fad684a5db7d2,buy,0xb24754be79281553dc1adc160ddf5cd9b74361a4,0xa4ba45eebe09091d0b87efb0af424f16065e2cc25b4a9010220e2e096536bcc6
323,180,0.12402,0xead459ae54d39cef5357c59e1bf33779fe79540b,2017-10-28T20:51:35.000Z,0.000689,0x48737bd0d7f24f3bb7c778e4e3074634765034a6,buy,0xb24754be79281553dc1adc160ddf5cd9b74361a4,0x8ba39251133aab28dfc29d9ac35a454d8e48a0925186f8036f5361eeb6aa3dac
324,300,0.207,0xff6ef346d8e6c0612a129f135b107123bea60f2b,2017-10-28T20:32:49.000Z,0.00069,0x48737bd0d7f24f3bb7c778e4e3074634765034a6,buy,0xb24754be79281553dc1adc160ddf5cd9b74361a4,0x40cb37fe8d49f0ff5d2b73e66ee740f3a44987b5e296b78b34c1fbb5d8a0c21f
325,0.038600304,0.000025823603376,0x48737bd0d7f24f3bb7c778e4e3074634765034a6,2017-10-28T19:50:46.000Z,0.000669,0xc233ab46822445da441022f4d5b4fab928ec8678,sell,0xb24754be79281553dc1adc160ddf5cd9b74361a4,0xef0ece992b8d3ea9f10b1b7b1abce47056acc07ae4dd3786d0a7fb58b51bce13
326,387.199637781,0.259036557675489,0x48737bd0d7f24f3bb7c778e4e3074634765034a6,2017-10-28T19:49:23.000Z,0.000669,0xc233ab46822445da441022f4d5b4fab928ec8678,sell,0xb24754be79281553dc1adc160ddf5cd9b74361a4,0x6c5c0d06a74607886410fcac473ae8c259603a17ed025369c2260ec984111dcb
327,9455.70032898,6.17457231482394,0x0960da039bb8151cacfef620476e8baf34bd9565,2017-10-28T19:41:25.000Z,0.000653,0x632b5192498bcc6d005206528dd90a0e53d6dd87,sell,0xb24754be79281553dc1adc160ddf5cd9b74361a4,0x9d6cbe0bd48dd13514515052b6f223caf30d38dd74e1fac6bb64a294b5448afe
328,12500,8.25125,0xed05637cafbf838059080a3ad9bb059140995554,2017-10-28T19:39:05.000Z,0.0006601,0x54c1634a9183f0f126033c327f0f3cda58f400de,sell,0xb24754be79281553dc1adc160ddf5cd9b74361a4,0x59013cb6b2775452eea34603817c89c24097afa98f43483623c9896b82a88e3f
329,6500,4.29,0x928318b2e90c8b1a5255d03ee5eb3a1533e3dbea,2017-10-28T19:32:38.000Z,0.00066,0x54c1634a9183f0f126033c327f0f3cda58f400de,sell,0xb24754be79281553dc1adc160ddf5cd9b74361a4,0x4e823f6cd8a6ba82a6e10d53161995915861d6069d84cdbd0f1fbc31ffcd571a
330,6000,3.96,0x39f8cf09e87314e2a5b321153672831b125e7c2c,2017-10-28T19:32:38.000Z,0.00066,0x54c1634a9183f0f126033c327f0f3cda58f400de,sell,0xb24754be79281553dc1adc160ddf5cd9b74361a4,0x32cd7787acd1351aeb16bab6c5878a58a4aae353bfda6c8517bc834cd39f40d4
331,10000,6.602,0x0960da039bb8151cacfef620476e8baf34bd9565,2017-10-28T19:30:14.000Z,0.0006602,0x54c1634a9183f0f126033c327f0f3cda58f400de,sell,0xb24754be79281553dc1adc160ddf5cd9b74361a4,0x75cdbeb46eead31fb0d7ce2a0bd35aa7ce499d580dbe12c747fcaa8a9653a1e6
332,5000,3.33,0x39f8cf09e87314e2a5b321153672831b125e7c2c,2017-10-28T19:30:14.000Z,0.000666,0x54c1634a9183f0f126033c327f0f3cda58f400de,sell,0xb24754be79281553dc1adc160ddf5cd9b74361a4,0x9be2fd73f14aacacfc4b1383cf30a47749f888b519cb33353c812c4891502696
333,2100,1.40532,0x48737bd0d7f24f3bb7c778e4e3074634765034a6,2017-10-28T19:30:14.000Z,0.0006692,0x54c1634a9183f0f126033c327f0f3cda58f400de,sell,0xb24754be79281553dc1adc160ddf5cd9b74361a4,0x27c6b60d21bb6a7cc25d9048b172942f7f76f2e64f79439363f3ef2528fdfd2f
334,1500,0.9916665,0x851638b1a455db32e74a51d8d963910049597fc8,2017-10-28T19:30:14.000Z,0.000661111,0x54c1634a9183f0f126033c327f0f3cda58f400de,sell,0xb24754be79281553dc1adc160ddf5cd9b74361a4,0x948e70f0fbdd1b475d69952c51ba3af08dd4d5511ccc6ab679d4a8073f2e948e
335,30000,19.8333,0xfa740b9d9c10b556977f180938f6fb26538695b6,2017-10-28T19:30:14.000Z,0.00066111,0x54c1634a9183f0f126033c327f0f3cda58f400de,sell,0xb24754be79281553dc1adc160ddf5cd9b74361a4,0xd118fe9f43207098dd4d9120c02006fa7cc0e8e14b54379db59773c4ac5e0b54
336,2500,1.6575,0x4de6bf61916eafb0510af6aa45e0cf994a571adb,2017-10-28T19:30:14.000Z,0.000663,0x54c1634a9183f0f126033c327f0f3cda58f400de,sell,0xb24754be79281553dc1adc160ddf5cd9b74361a4,0x75da2e5e3938758155f7d4b2919a4f76b4f5aa09cb7c61ff0ccf86d791935f6a
337,15000,9.93,0x0960da039bb8151cacfef620476e8baf34bd9565,2017-10-28T19:29:45.000Z,0.000662,0x54c1634a9183f0f126033c327f0f3cda58f400de,sell,0xb24754be79281553dc1adc160ddf5cd9b74361a4,0x66b12afd202c08bb33f14f7e1fee4fa0909e220f6735aaef3bb57f915aa450e9
338,178.030375217,0.12461948234851385,0x045f2680c349ccfe73a4b3c210debbfebac7eaed,2017-10-28T19:07:28.000Z,0.0006999900000020559,0xaccba48528d5d958f452ac0acec373dda8174612,buy,0xb24754be79281553dc1adc160ddf5cd9b74361a4,0xdd52cce33962849d273afa5384c0629a0d52abd6e2a06f923b949e5f27df8093
339,1286,0.88734,0xed82e943a3c0acd48dda866f85f361273d486cf7,2017-10-28T18:56:18.000Z,0.00069,0x26ae27ee262d912617940b53960a54aca57ec275,buy,0xb24754be79281553dc1adc160ddf5cd9b74361a4,0x18f8df111ba3cf9500ef6ab800c201ae176b0c815698855f685bef7ac508e689
340,600,0.411,0xed82e943a3c0acd48dda866f85f361273d486cf7,2017-10-28T18:54:33.000Z,0.000685,0x48737bd0d7f24f3bb7c778e4e3074634765034a6,buy,0xb24754be79281553dc1adc160ddf5cd9b74361a4,0xc17228ce895fb89a6304b816a7b0c6144d978a09d2188eece63fd4747cec1022
341,0.03664071,0.000024963315723,0xe9ebee76a902b6536c0bddf79ac4c4343e5bdbfb,2017-10-28T18:38:00.000Z,0.0006813,0xa5f282efd8db8c66dc5dcfb5ab3bfccb2637d783,sell,0xb24754be79281553dc1adc160ddf5cd9b74361a4,0xc891184c8d8c7b9614c5ebbb62ffe382d76a04ddcca8e3f21123d1cfcbb98a3d
342,33,0.0226776,0xe9ebee76a902b6536c0bddf79ac4c4343e5bdbfb,2017-10-28T17:33:48.000Z,0.0006872,0x48737bd0d7f24f3bb7c778e4e3074634765034a6,sell,0xb24754be79281553dc1adc160ddf5cd9b74361a4,0xddd7fb0feb40087972bc7a11720462a050e5112ee139f62f02457f2aed7c682b
343,42,0.02898,0x552955220bf453e4d506acda6242c2f1910d5ecc,2017-10-28T17:33:28.000Z,0.00069,0x48737bd0d7f24f3bb7c778e4e3074634765034a6,sell,0xb24754be79281553dc1adc160ddf5cd9b74361a4,0xac173da923cd818ceb539c1faaf45abc68a3e54107db6ac9b4d9f6168ce58967
344,7499.999936826,5.227499955967722,0x437e1effe0a3fa05a9f65793f3908c1a48c2cfeb,2017-10-28T16:44:50.000Z,0.000697,0xed05637cafbf838059080a3ad9bb059140995554,buy,0xb24754be79281553dc1adc160ddf5cd9b74361a4,0xd49561bf8ec0872c5cc1db25cc504a471ed54a400273d1a41ea1e99e10d8cf0c
345,1500,1.045485,0x437e1effe0a3fa05a9f65793f3908c1a48c2cfeb,2017-10-28T16:43:59.000Z,0.00069699,0x851638b1a455db32e74a51d8d963910049597fc8,buy,0xb24754be79281553dc1adc160ddf5cd9b74361a4,0x57f790017f55b7534bb2148b1630298f7a0fc6fb2066b8b27b727a208bff8a39
346,5000,3.455,0x437e1effe0a3fa05a9f65793f3908c1a48c2cfeb,2017-10-28T16:43:50.000Z,0.000691,0xed05637cafbf838059080a3ad9bb059140995554,buy,0xb24754be79281553dc1adc160ddf5cd9b74361a4,0x123e608b5a3a480926cab4e9a8027cb2094457cf832df8c5a7c0c3bdfb4e2a1e
347,1830,1.264347,0x437e1effe0a3fa05a9f65793f3908c1a48c2cfeb,2017-10-28T16:43:46.000Z,0.0006909,0x7de3e8802a017a2746749c56985bf6b4db3e1094,buy,0xb24754be79281553dc1adc160ddf5cd9b74361a4,0x370e00304206f3a32baf2b9e6f5d2ad6833cf363a0fccb121fa1f865177955ee
348,1007.822810902,0.6729232908392654,0x39f8cf09e87314e2a5b321153672831b125e7c2c,2017-10-28T16:34:02.000Z,0.0006677,0x1ed014aec47fae44c9e55bac7662c0b78ae61798,sell,0xb24754be79281553dc1adc160ddf5cd9b74361a4,0x2aaa8b6b729444dad457caaea1a2773beceed8895207e84252407b55858815d4
349,188.562585678,0.1301081841184424,0xa8553ce7a8fc8c59b0cddb7b85eab4e6bdc6be51,2017-10-28T15:25:16.000Z,0.0006900000000033008,0x1fdf047bf7a114b37e7936d01e9cad754ad18803,buy,0xb24754be79281553dc1adc160ddf5cd9b74361a4,0xeefd18c0b7d11b35d7d38829e038dd70393d4832cf0bbfa7b10dec01c8db4036
350,1450,1.0005,0x8db6338ec8b58083df49b4161f69e1f4f1344481,2017-10-28T14:20:48.000Z,0.00069,0x26ae27ee262d912617940b53960a54aca57ec275,sell,0xb24754be79281553dc1adc160ddf5cd9b74361a4,0x0f22be73e36094320834af4eebeb7cefefcac7a2a10bad89fc39ce0a99488783
351,2000,1.378,0x8130587fba11e84c3924115ef4871c4591b364ef,2017-10-28T13:39:28.000Z,0.000689,0x48737bd0d7f24f3bb7c778e4e3074634765034a6,buy,0xb24754be79281553dc1adc160ddf5cd9b74361a4,0x330fb9acf1fc43fd3448ef8227c64e53c2184f3973ef3e57eacc9cbd2989c881
352,12500,8.61125,0x8130587fba11e84c3924115ef4871c4591b364ef,2017-10-28T13:39:28.000Z,0.0006889,0xed05637cafbf838059080a3ad9bb059140995554,buy,0xb24754be79281553dc1adc160ddf5cd9b74361a4,0xa26ea3b960f5e7872cca98f9d11414918ffbd499e68738a9954b1e6b3d324ac5
353,157.539414321,0.10870219588155759,0xb027e2d00c194bd99b96f1b390d41be781451779,2017-10-28T12:56:08.000Z,0.0006900000000004291,0x1fdf047bf7a114b37e7936d01e9cad754ad18803,buy,0xb24754be79281553dc1adc160ddf5cd9b74361a4,0x8bc552df7eb9c7ffca9eabc0af6a75e6d51fce932616bf5a9e6f14ea968f6f60
354,1586.083142258,1.01509321104512,0x00a4c932f0eac697ff609fb18ac589a5df530f51,2017-10-28T12:54:50.000Z,0.00064,0x00e39deff024f8330cfd3cc603d650dab4519ffb,sell,0xb24754be79281553dc1adc160ddf5cd9b74361a4,0xe46bf0eddc8a6e0e9564216be9f2753492113437626642bad8c5c7de3164cb6c
355,3000,1.923,0x48737bd0d7f24f3bb7c778e4e3074634765034a6,2017-10-28T12:40:38.000Z,0.000641,0x00e39deff024f8330cfd3cc603d650dab4519ffb,sell,0xb24754be79281553dc1adc160ddf5cd9b74361a4,0x2870c182717f4b8071b18d16e7527332e7a7d6853c13c5f3f2819769e832e542
356,249.062,0.163882796,0x48737bd0d7f24f3bb7c778e4e3074634765034a6,2017-10-28T12:29:20.000Z,0.000658,0x1eaa18a0e964d346f2b5182be3f97d7aab5145b9,buy,0xb24754be79281553dc1adc160ddf5cd9b74361a4,0x8f0c941f8eeb55824c2355c9dcf4211ec29b226dd03c05dfa7bef93298ddb76e
357,144.381,0.095147079,0x48737bd0d7f24f3bb7c778e4e3074634765034a6,2017-10-28T12:28:38.000Z,0.000659,0x8b84a01f601858926999386833f218a75579ca8e,buy,0xb24754be79281553dc1adc160ddf5cd9b74361a4,0x9a7f9d4e48d2df495e9a2a5a9171576b07698f3b5115f9c2c0db277c4a1149d4
358,604.937532235,0.39804889621089296,0x48737bd0d7f24f3bb7c778e4e3074634765034a6,2017-10-28T12:25:35.000Z,0.0006580000000004347,0x1eaa18a0e964d346f2b5182be3f97d7aab5145b9,buy,0xb24754be79281553dc1adc160ddf5cd9b74361a4,0x1d0d22a066dafdbe18837b637d2d2cf51db8f5f20a5f880ea1d254c4ff5327db
359,180.927017348,0.11832626934587513,0x2818820241f5c241a2db62496e0a6e4fe95265c7,2017-10-28T12:21:37.000Z,0.0006540000000015649,0x48737bd0d7f24f3bb7c778e4e3074634765034a6,buy,0xb24754be79281553dc1adc160ddf5cd9b74361a4,0x3b641bc206cbb6bb148e72ababc965b773db9e704c769ff9a0d9761b24ae5c94
360,564.307519056,0.361721119714896,0x48737bd0d7f24f3bb7c778e4e3074634765034a6,2017-10-28T12:05:11.000Z,0.000641,0x7f427765bb3d5a97ff1cea9ac99c0879497a6163,sell,0xb24754be79281553dc1adc160ddf5cd9b74361a4,0xb14042b00ff108f2821811bf075b425b86a658e2396e763a1bd29c55cb1f62df
361,1000,0.659,0xead459ae54d39cef5357c59e1bf33779fe79540b,2017-10-28T12:04:35.000Z,0.000659,0x8b84a01f601858926999386833f218a75579ca8e,buy,0xb24754be79281553dc1adc160ddf5cd9b74361a4,0xb3dbea67ef76064d9d5401e13d8d865b93ff000c1a3db9e0b7f8866c04260ee2
362,0.019558549,0.000012752193506549,0xdd2de64e5a70cf23181aaf248cc1a2a7c89039df,2017-10-28T12:01:58.000Z,0.000652001,0x7ab42988b4e1c6031e487819028ea0f5c9a65750,sell,0xb24754be79281553dc1adc160ddf5cd9b74361a4,0x3ec5c8bf2d20004ef6112f9764ac44bf80fd335c88fa482b11fe46b8d225d4b2
363,31691,20.91606,0x00a4c932f0eac697ff609fb18ac589a5df530f51,2017-10-28T12:01:02.000Z,0.00066,0x7f427765bb3d5a97ff1cea9ac99c0879497a6163,buy,0xb24754be79281553dc1adc160ddf5cd9b74361a4,0x6f4f902b21ff50affd8f32074c39976b88ed3ee94d78f5c295c1e908ce1b2692
364,4,0.002636,0x7496747f049d0e2d5ad03f8880e1f2247bbdc97d,2017-10-28T11:58:06.000Z,0.000659,0xcacbf752a3e2d92381b18856294ad03966d24579,buy,0xb24754be79281553dc1adc160ddf5cd9b74361a4,0x7183a8dee1975828a8d4e6924308602144d3bfb54afaef9f573dfe454a86545d
365,5.602,0.003779350086,0xab89360ddba16872c5f3e24c7aceafec74421f54,2017-10-28T11:55:42.000Z,0.000674643,0x8b84a01f601858926999386833f218a75579ca8e,sell,0xb24754be79281553dc1adc160ddf5cd9b74361a4,0xcc22705dbefab57a4a8c559d06870c3e5bbd0b2bf1933a50ddf2154837264215
366,3208,2.11728,0x48737bd0d7f24f3bb7c778e4e3074634765034a6,2017-10-28T11:49:48.000Z,0.00066,0x7f427765bb3d5a97ff1cea9ac99c0879497a6163,buy,0xb24754be79281553dc1adc160ddf5cd9b74361a4,0x9a36ffb0ab2454d3a4bc6e489ca982a29e60a2d73108741a085c984f746824db
367,1150,0.74635,0x8b84a01f601858926999386833f218a75579ca8e,2017-10-28T11:48:51.000Z,0.000649,0x48737bd0d7f24f3bb7c778e4e3074634765034a6,buy,0xb24754be79281553dc1adc160ddf5cd9b74361a4,0x1d2c8a65b18ae174527c0fa9481133d4a474a62a8abd1f380b9f579d5bd92337
368,1,0.00066,0xead459ae54d39cef5357c59e1bf33779fe79540b,2017-10-28T11:46:42.000Z,0.00066,0x7f427765bb3d5a97ff1cea9ac99c0879497a6163,buy,0xb24754be79281553dc1adc160ddf5cd9b74361a4,0x2e6c3a1916965b979426da9f274d294c5993ebbc2d0cf635c820ae966b7db669
369,3116,2.000475116,0xc44d85575607a609c1d7f49819754722ca0bbc97,2017-10-28T11:42:09.000Z,0.000642001,0x48737bd0d7f24f3bb7c778e4e3074634765034a6,sell,0xb24754be79281553dc1adc160ddf5cd9b74361a4,0xfd1c687d3df1c347695051ae205f3faea10bfd13751e9659c853edba7e7edab5
370,100,0.066,0xead459ae54d39cef5357c59e1bf33779fe79540b,2017-10-28T11:39:21.000Z,0.00066,0x7f427765bb3d5a97ff1cea9ac99c0879497a6163,buy,0xb24754be79281553dc1adc160ddf5cd9b74361a4,0xdf5217ce982c2169af37061b003a4c20930f97823fd511ebc79fac117c2b2298
371,346.101791561,0.2268697243682355,0x1fdf047bf7a114b37e7936d01e9cad754ad18803,2017-10-28T11:36:57.000Z,0.0006555,0x7f427765bb3d5a97ff1cea9ac99c0879497a6163,sell,0xb24754be79281553dc1adc160ddf5cd9b74361a4,0x3f191654efeec94ab5e980f50162a72d9777e4777213bb349c995a877e3f29aa
372,854.963673277,0.5626515933835937,0x1eaa18a0e964d346f2b5182be3f97d7aab5145b9,2017-10-28T11:36:57.000Z,0.0006581,0x7f427765bb3d5a97ff1cea9ac99c0879497a6163,sell,0xb24754be79281553dc1adc160ddf5cd9b74361a4,0x015093af85ade134356f35e229cf4fa2bf5625c6aefca85c2b472248a29df39f
373,1400,0.9219,0x48737bd0d7f24f3bb7c778e4e3074634765034a6,2017-10-28T11:35:02.000Z,0.0006585,0x7f427765bb3d5a97ff1cea9ac99c0879497a6163,sell,0xb24754be79281553dc1adc160ddf5cd9b74361a4,0x176a3523026b06d263d10df525a1fffa97fa1d2843353ec827373482f3294cd8
374,776.948,0.513562628,0x4de6bf61916eafb0510af6aa45e0cf994a571adb,2017-10-28T11:35:02.000Z,0.000661,0x7f427765bb3d5a97ff1cea9ac99c0879497a6163,sell,0xb24754be79281553dc1adc160ddf5cd9b74361a4,0xf5b315f2e233113e510dd0a7a8c973fd34015104b7780243019b14f27a59b07d
375,12500,8.193875,0xed05637cafbf838059080a3ad9bb059140995554,2017-10-28T11:34:26.000Z,0.00065551,0x7f427765bb3d5a97ff1cea9ac99c0879497a6163,sell,0xb24754be79281553dc1adc160ddf5cd9b74361a4,0xde3f4afea2acbcba5d63378eab805c2b52d3bfa2a23015f50001d162877844d1
376,3516.517921331,2.313868792235798,0x39f8cf09e87314e2a5b321153672831b125e7c2c,2017-10-28T11:34:26.000Z,0.000658,0x7f427765bb3d5a97ff1cea9ac99c0879497a6163,sell,0xb24754be79281553dc1adc160ddf5cd9b74361a4,0xcee36b4829516dbb9a5a88a6af3078cc7030f9938e0fc2e7de162d126fb81a5a
377,200,0.1344,0xab89360ddba16872c5f3e24c7aceafec74421f54,2017-10-28T11:23:28.000Z,0.000672,0x48737bd0d7f24f3bb7c778e4e3074634765034a6,sell,0xb24754be79281553dc1adc160ddf5cd9b74361a4,0xac968ad3924be69995d7c726e114dd1b2c6d3fe5d0e1e2a9a5ad7c6b20e19e57
378,200,0.1342,0xab89360ddba16872c5f3e24c7aceafec74421f54,2017-10-28T11:23:28.000Z,0.000671,0x48737bd0d7f24f3bb7c778e4e3074634765034a6,sell,0xb24754be79281553dc1adc160ddf5cd9b74361a4,0x3cc36e2c0af9e672e75f581eccd62cf679039071a439c0fb74ccf6884e1a6fc1
379,1000,0.66873,0xab89360ddba16872c5f3e24c7aceafec74421f54,2017-10-28T11:23:19.000Z,0.00066873,0x48737bd0d7f24f3bb7c778e4e3074634765034a6,sell,0xb24754be79281553dc1adc160ddf5cd9b74361a4,0x058b379864e531a648dd2370b97faa2443be143f3c6932541166f1491e108db6
380,6399.945,4.289243139,0x302a828c349b00af237af7b188a590812dd6f1bf,2017-10-28T11:09:50.000Z,0.0006702,0x7f427765bb3d5a97ff1cea9ac99c0879497a6163,sell,0xb24754be79281553dc1adc160ddf5cd9b74361a4,0xbf3c990b77807304cb49f10cb05889533b274297f72467ce7f29f8b695c3f23f
381,2530.904,1.6959587704,0xed05637cafbf838059080a3ad9bb059140995554,2017-10-28T11:09:50.000Z,0.0006701,0x7f427765bb3d5a97ff1cea9ac99c0879497a6163,sell,0xb24754be79281553dc1adc160ddf5cd9b74361a4,0xe070127a4a39cb09482da2cc43c4a90ffd17a92397ec98930555bd2afcc91504
382,9969.09580301,6.680291097597001,0xed05637cafbf838059080a3ad9bb059140995554,2017-10-28T11:01:14.000Z,0.0006701,0xeb45e48c8e4c4904807d5455b0a55e072327c116,sell,0xb24754be79281553dc1adc160ddf5cd9b74361a4,0x66bf350bb8728352b0e3332ce05eb85e19eea58a1dba9250b5857a20c2f6d295
383,5,0.0025,0x273a5d3e6721b9f5c1a6474f560c1334c63dda01,2017-10-28T10:42:59.000Z,0.0005,0x7f427765bb3d5a97ff1cea9ac99c0879497a6163,buy,0xb24754be79281553dc1adc160ddf5cd9b74361a4,0xcf3391877e5d06767558d2a5b8d99b38cc007d3b4ede0918641ed7cdce6b2c7b
