,amount,amountBase,buyer,date,price,seller,side,tokenAddr,txHash
0,1.25,0.0005,0x3075f7f189912f4f425dd7021b9c396434197477,2017-11-02T08:54:43.000Z,0.0004,0x095718762a36548710afde4e2fe81bbb9ff58483,buy,0x12fef5e57bf45873cd9b62e9dbd7bfb99e32d73e,0xc5fba708b2af46175f80d7db781a93674dafa85856c435c491c55dc6296d5616
1,1.25,0.0005,0x4fda9e6bcd83af6c5cc771b5d20accc2b7720074,2017-11-02T08:51:25.000Z,0.0004,0x095718762a36548710afde4e2fe81bbb9ff58483,buy,0x12fef5e57bf45873cd9b62e9dbd7bfb99e32d73e,0x4351c85eca32352fc832130afc555e02d0d4511cee2fdf4e6abed14adcb44eee
2,2000,0.8316,0x265ca90bd2ceb257be4370d0cbd6bf8e0a6688e1,2017-11-01T06:04:59.000Z,0.0004158,0x529b1acfce48149fd18c67a3e9de92d1ea0243f8,buy,0x12fef5e57bf45873cd9b62e9dbd7bfb99e32d73e,0xa32d816e2de2722f9b958760004e57356f09c182886191913f7aa57f20f88677
3,641,0.1923,0x265ca90bd2ceb257be4370d0cbd6bf8e0a6688e1,2017-11-01T06:04:59.000Z,0.0003,0x527e6009e17c7e85ca8c3912accd8f0e12b89e2b,buy,0x12fef5e57bf45873cd9b62e9dbd7bfb99e32d73e,0xbbc1f6628f7bee59e3056aa76790169bfba104016db0128ab757e3467a990985
4,401.7067092014754,0.10265614953643705,0x3dee4a4e076e8d82859d241db0baf46f112cfa23,2017-11-01T04:29:06.000Z,0.00025555,0xb43b73d4bc9b8dbacdfd1a36d58b2df24b081c25,sell,0x12fef5e57bf45873cd9b62e9dbd7bfb99e32d73e,0xed492d2b91b20a28f13b506b4a77c91060ab05f8753d7899d01c165478effd07
5,16,0.00448,0x92d3ed39d77c4a667d2a193dd9b946ac8fedf94f,2017-11-01T04:07:58.000Z,0.00028,0xb43b73d4bc9b8dbacdfd1a36d58b2df24b081c25,sell,0x12fef5e57bf45873cd9b62e9dbd7bfb99e32d73e,0xa712ec1a00db47cab51fc1fb72589c6b036b3b36aa316dd470e0500b95493c3d
6,0.04769781516994257,0.0000119245014903,0x7b6b2f3c88ce2ecedc01c545f13faf36034d772f,2017-10-31T18:11:31.000Z,0.00025000099999998294,0xb9fac6494b5a2fd5141f5b09ad0e61444c8d9d47,sell,0x12fef5e57bf45873cd9b62e9dbd7bfb99e32d73e,0xa600b96f64fe58aef6aaa643211ee954c72a9d93c3e90dfdc943bf13ecbb84a4
7,478.45678396969396,0.11961419599242348,0x3dee4a4e076e8d82859d241db0baf46f112cfa23,2017-10-31T17:50:54.000Z,0.00025,0xb9fac6494b5a2fd5141f5b09ad0e61444c8d9d47,sell,0x12fef5e57bf45873cd9b62e9dbd7bfb99e32d73e,0xd74f0398ca3df7f61caafd5d64d7fa9838c099337600bbe19aeabc63b398cf65
8,20,0.006,0x244beb883da53d9f6169762af296e944aba5bb84,2017-10-31T17:34:08.000Z,0.0003,0xb9fac6494b5a2fd5141f5b09ad0e61444c8d9d47,sell,0x12fef5e57bf45873cd9b62e9dbd7bfb99e32d73e,0x8a2eeeadd2c5d0cb792666f71e35be2a743cf85c4eaab5ce4cb6177a352dfd7a
9,1,0.000425989,0x6cdea8e07bf82d7a07dbf36642d6e5be8623845c,2017-10-30T12:20:40.000Z,0.000425989,0xced732ca92cb4f040239c4e8c85f14acbb5db000,buy,0x12fef5e57bf45873cd9b62e9dbd7bfb99e32d73e,0x1f8182af4cb860acd65329013c70eb2d4ce496e2d51b5de08e9dd1153c71ccb4
10,1.4241968046293,0.000413017073342497,0x92d3ed39d77c4a667d2a193dd9b946ac8fedf94f,2017-10-30T02:09:54.000Z,0.00029,0x16e5d97bbc92417e051e3b2cabfbf8ceea2acb9c,sell,0x12fef5e57bf45873cd9b62e9dbd7bfb99e32d73e,0xafb15717f8dc0553f524836584d46191dbc0d7936e1b300c9048ed3653e5a786
11,2,0.000871738,0x12986cd77b7494830c0739f54b2e682cff07b77e,2017-10-29T16:13:48.000Z,0.000435869,0xced732ca92cb4f040239c4e8c85f14acbb5db000,buy,0x12fef5e57bf45873cd9b62e9dbd7bfb99e32d73e,0x622196c176ab7cc7db4c79bf7c9d4dddedc0c509feb10274da3de61bae2252e4
12,1.14681529392876,0.0005,0x34f9560c63078eb61872a4dc2ccd20e21c34feaf,2017-10-28T20:17:38.000Z,0.00043599,0x2475fe4d7a9d7d2e7908baf6697b801596bf5148,buy,0x12fef5e57bf45873cd9b62e9dbd7bfb99e32d73e,0x4a3ab4cd4fe250bcdbc2ed3701c898fa37aac170e8ae10d26f5b33f7021c42f8
13,1.14681529392876,0.0005,0xe444a40689f51f63bcd29910622035707d533d29,2017-10-28T20:14:57.000Z,0.00043599,0x2475fe4d7a9d7d2e7908baf6697b801596bf5148,buy,0x12fef5e57bf45873cd9b62e9dbd7bfb99e32d73e,0x52ebbc42388fd2d99d70030e95ee804a5000b535ad582838c59b121bf663e433
14,1000,0.251004,0x056056ce86b7d8108f7c1febac70d637d60ea042,2017-10-25T17:44:27.000Z,0.000251004,0x0b68ab79d142c95d384c4bcca019f45b0e23e3ef,sell,0x12fef5e57bf45873cd9b62e9dbd7bfb99e32d73e,0x686da87035cacdcd69e2eabf7ba8a55e5e70e7ef16898fabbdf6e93eac5c9954
15,5069,1.272344345,0x3dee4a4e076e8d82859d241db0baf46f112cfa23,2017-10-25T09:20:56.000Z,0.000251005,0xa215bd6da38e6a94a3414faf3cef42f5b34ea475,sell,0x12fef5e57bf45873cd9b62e9dbd7bfb99e32d73e,0x4dbdeeb8d5e390606638d6acb07d2f6b4f424042c6ef48449d74f4f0269730d8
16,7750.8403947761935,1.9454609390888247,0x7ff6dade60b697ef9fb6249196f75812b7d26ba2,2017-10-25T03:09:32.000Z,0.000251,0xe781dd7952366c6a0593f5506831f98a6968190f,sell,0x12fef5e57bf45873cd9b62e9dbd7bfb99e32d73e,0xbfa85e4c6126d053277d9b9c56f9ec62fbbca31bca36aa861d4dfd98b5b831db
17,380.85014139581256,0.09559338549034896,0x7ff6dade60b697ef9fb6249196f75812b7d26ba2,2017-10-25T02:56:29.000Z,0.000251,0xad440e6b26dd3a044a97294bf87c017d7fb81c67,sell,0x12fef5e57bf45873cd9b62e9dbd7bfb99e32d73e,0xbaef12d9bb74be1f7c36f48b7261c347cf1572e5ac3816ab574593af3d393f8e
18,8134,2.0237392,0x86be51d66065e70fa26b25c8971ea3942ec17887,2017-10-25T02:51:26.000Z,0.0002488,0xe781dd7952366c6a0593f5506831f98a6968190f,sell,0x12fef5e57bf45873cd9b62e9dbd7bfb99e32d73e,0x4425c67ec2f6bea340b797646ba572aaf96acd12527bf3d3c8527fd0a73f7b5a
19,14.455188914365467,0.003313129299172565,0x7ff6dade60b697ef9fb6249196f75812b7d26ba2,2017-10-23T23:45:25.000Z,0.0002292,0xf6a7222207c2e93d2013c76310316b5204fe89f5,sell,0x12fef5e57bf45873cd9b62e9dbd7bfb99e32d73e,0xff2045c9aa13f25d4dfe81b0bd2718bbbc0e66c03b37adfff5c1108a3512faa5
20,3929.817565546805,0.8649567759944173,0x6bad391397f5f6047d3b6752576ee1a4ae3d2927,2017-10-23T12:00:43.000Z,0.000220101,0x79dfda26ff037844daabe6dc3cdd39123a3bb8df,sell,0x12fef5e57bf45873cd9b62e9dbd7bfb99e32d73e,0xe9ad68e768fc43564e102a71fdb32edfed4a6257f84ee42e0f2432b34993f4ca
21,10000,2.56,0x7ff6dade60b697ef9fb6249196f75812b7d26ba2,2017-10-22T15:57:00.000Z,0.000256,0xad440e6b26dd3a044a97294bf87c017d7fb81c67,sell,0x12fef5e57bf45873cd9b62e9dbd7bfb99e32d73e,0xee37a12bd6b81d67a38f4d683801b5548d9f864a495bbe5e84cda6e3c29b2564
22,2500,0.0250025,0xf36990a2cb4d609e0a7d4f3bf884c0342d81fd3d,2017-10-22T11:28:45.000Z,0.000010001,0x4d517d272ce8d879d8891518e70153b49d2cdb96,sell,0x12fef5e57bf45873cd9b62e9dbd7bfb99e32d73e,0x9fb590fe02c1a8e424c94fba38f0c1f812dd611c925f77956627ce16e1f5a997
23,280.537,0.0704708944,0x48eaedfa6ab55f414a433f0778f55ed9b827e822,2017-10-22T10:26:48.000Z,0.0002512,0x4d517d272ce8d879d8891518e70153b49d2cdb96,sell,0x12fef5e57bf45873cd9b62e9dbd7bfb99e32d73e,0x1867b48c09959f5512c3ce986fe8b80faf98a88b6651b9067420c81896d72223
24,250,0.02500025,0xf36990a2cb4d609e0a7d4f3bf884c0342d81fd3d,2017-10-22T10:26:48.000Z,0.000100001,0x4d517d272ce8d879d8891518e70153b49d2cdb96,sell,0x12fef5e57bf45873cd9b62e9dbd7bfb99e32d73e,0x0d519772ca132cf3949b0b7c48ebcde949c8c29d20938e45900d1eec28226203
25,2000,0.40006,0x8d71cd37bc1c715f6d4e9b5d68aa17a8b42cac87,2017-10-22T10:26:48.000Z,0.00020003,0x4d517d272ce8d879d8891518e70153b49d2cdb96,sell,0x12fef5e57bf45873cd9b62e9dbd7bfb99e32d73e,0xc545fdd72160014b7dd9d9453508a021e6ac7b5eb0eba45516b45664fbc8dd3e
26,1.4284693950432112,0.0005,0x16e5d97bbc92417e051e3b2cabfbf8ceea2acb9c,2017-10-21T23:13:38.000Z,0.000350025,0x69f15a89732a07be5e59bb6687969c88afda7b93,buy,0x12fef5e57bf45873cd9b62e9dbd7bfb99e32d73e,0x36381ed4ea9b5faf6bc2c8127482147411c3cb2a13076d83d09167cca51c1582
27,5050.11212177192,1.2686437162224458,0x6bad391397f5f6047d3b6752576ee1a4ae3d2927,2017-10-21T14:00:09.000Z,0.000251211,0x9310929406050fcca085623b26611fedb1222cac,sell,0x12fef5e57bf45873cd9b62e9dbd7bfb99e32d73e,0x60c511bea4b0797f4c122ce014155b498a74ddd87795e149eb2d56491adea5fe
28,10,0.004299999,0x8abf98207ad56cb4ec656502ce429fb0deabe671,2017-10-20T09:49:54.000Z,0.0004299999,0xced732ca92cb4f040239c4e8c85f14acbb5db000,buy,0x12fef5e57bf45873cd9b62e9dbd7bfb99e32d73e,0x8675914545cd0ed560c4ac0413972af86541948277113c1559f1b368901bfe88
29,1.5,0.000670725,0x359a434bcd08ddc98f2f0ecbf5990cf922e953e6,2017-10-19T09:03:45.000Z,0.00044715,0xced732ca92cb4f040239c4e8c85f14acbb5db000,buy,0x12fef5e57bf45873cd9b62e9dbd7bfb99e32d73e,0xc9ce484429f11bfc2793133f0bf5758c4cd2c37994a80761278fffc3714bb59f
30,1,0.00044859,0x3ac636ac5c3a2576156ac5f10066ca68abe0ad54,2017-10-18T17:19:43.000Z,0.00044859,0x2475fe4d7a9d7d2e7908baf6697b801596bf5148,buy,0x12fef5e57bf45873cd9b62e9dbd7bfb99e32d73e,0xe71ea4997c17c12f41174457e9b341876dca456b0e85d4e7ad12ab51e89f7a22
31,1.1163206072784104,0.0005,0x379374d13077e8867ef31803c37baf9785a17c00,2017-10-18T17:17:44.000Z,0.0004479,0x9310929406050fcca085623b26611fedb1222cac,buy,0x12fef5e57bf45873cd9b62e9dbd7bfb99e32d73e,0x48dee1c10ab232422c64059ae4b07e8742339e228d31775cff1d5808ad8a99dc
32,1.1163206072784104,0.0005,0xf9695cd65d6dfdf257fab76a3eb0cb8f001971cc,2017-10-18T17:07:33.000Z,0.0004479,0x9310929406050fcca085623b26611fedb1222cac,buy,0x12fef5e57bf45873cd9b62e9dbd7bfb99e32d73e,0xf626a0696e8202a44d22b3e4bec032980ca616156ba3b564a2f8ebfb46483ad7
33,0.0993818773008936,0.00002167717507687,0x3dee4a4e076e8d82859d241db0baf46f112cfa23,2017-10-18T13:59:45.000Z,0.00021811999999999082,0xa3c29ffa3a2e7b1b5ffcf53dabb0991025b73d30,sell,0x12fef5e57bf45873cd9b62e9dbd7bfb99e32d73e,0xba33633eaffd40c5a81a817f5a61e163116fc97b98a064f80cc844e9e48d5009
34,996.8996112052637,0.2174437431960921,0x3dee4a4e076e8d82859d241db0baf46f112cfa23,2017-10-18T13:49:16.000Z,0.00021811999999999998,0xa3c29ffa3a2e7b1b5ffcf53dabb0991025b73d30,sell,0x12fef5e57bf45873cd9b62e9dbd7bfb99e32d73e,0x92ae0b6143cf6d45044369bab1ca48e2434447230b6a889575f4dda581f8acff
35,1.1113580795732385,0.0005,0xcd912af5286dc0b0a23edb30209734ecb60838b3,2017-10-17T05:02:12.000Z,0.0004499,0x4ef3365bf9b5d963c47bb8ecb306220e7af40699,buy,0x12fef5e57bf45873cd9b62e9dbd7bfb99e32d73e,0x02176c1ca67c92d7797a077e609bc88882e9d87205713ed359555fbdf81ffaf2
36,7.74558816833953,0.001626573515351301,0x4ef3365bf9b5d963c47bb8ecb306220e7af40699,2017-10-17T02:37:59.000Z,0.00020999999999999995,0x4ea9c94c8b33ee7fa141c0d1fbc782b47ce22b13,sell,0x12fef5e57bf45873cd9b62e9dbd7bfb99e32d73e,0xd454371b492f2816abc1c43ddd2ebc3510502f189aeac996713078f972fa0404
37,15,0.00315,0x4ef3365bf9b5d963c47bb8ecb306220e7af40699,2017-10-17T00:31:24.000Z,0.00021,0x4ea9c94c8b33ee7fa141c0d1fbc782b47ce22b13,sell,0x12fef5e57bf45873cd9b62e9dbd7bfb99e32d73e,0x2cc0973e3f57cce440b1c18dd99120046cbe613d431b54a5ebbd30805ca64742
38,220,0.100474,0x755dfe72cff68f68627b7a6ce5ef96ece2bfcfdc,2017-10-16T20:28:30.000Z,0.0004567,0x4ef3365bf9b5d963c47bb8ecb306220e7af40699,buy,0x12fef5e57bf45873cd9b62e9dbd7bfb99e32d73e,0xb6b961bba154cbb58e2ed3b77e634e17f40f09a4c2b46980b57c46404e7b28f5
39,4795.542858901664,2.19012442366039,0x755dfe72cff68f68627b7a6ce5ef96ece2bfcfdc,2017-10-16T18:36:19.000Z,0.0004567,0x4ef3365bf9b5d963c47bb8ecb306220e7af40699,buy,0x12fef5e57bf45873cd9b62e9dbd7bfb99e32d73e,0x8d1aea4c3c6cd6e43d078c2691c0285a6be36dc995955b61304fe39a49418bb7
40,7.16390878199264,0.002220811722417718,0x8717d4c20c0fff899b4fb2a8fcba7459f6e89257,2017-10-16T11:03:51.000Z,0.00030999999999999995,0x4ea9c94c8b33ee7fa141c0d1fbc782b47ce22b13,sell,0x12fef5e57bf45873cd9b62e9dbd7bfb99e32d73e,0xafd4a7548b70ed1fd676b36347fbb9d495531d912a014b4593054fc7ac8fcdb0
41,30,0.01400511,0x4ea9c94c8b33ee7fa141c0d1fbc782b47ce22b13,2017-10-16T10:46:34.000Z,0.000466837,0x2475fe4d7a9d7d2e7908baf6697b801596bf5148,buy,0x12fef5e57bf45873cd9b62e9dbd7bfb99e32d73e,0x36ba5d112022ea511617fefda9709d46726977fc2461056f8e9d6576d9bc4979
42,109.45338546309452,0.03831142124671966,0x27849f835bb345a26dffbfa7a8863c387b546730,2017-10-14T02:11:46.000Z,0.000350025,0xb952d59b6e43f9d2efa5dd8fbd7f967eddb6f1a7,sell,0x12fef5e57bf45873cd9b62e9dbd7bfb99e32d73e,0x349d0a9e0863004c3440c32a20a8ac541425afbfa0c0dcf728294e3c5ad3aad4
43,109.45338546309452,0.03831142124671966,0x27849f835bb345a26dffbfa7a8863c387b546730,2017-10-14T02:11:01.000Z,0.000350025,0xb952d59b6e43f9d2efa5dd8fbd7f967eddb6f1a7,sell,0x12fef5e57bf45873cd9b62e9dbd7bfb99e32d73e,0x349d0a9e0863004c3440c32a20a8ac541425afbfa0c0dcf728294e3c5ad3aad4
44,996.9095803010667,0.30904196989333066,0x8717d4c20c0fff899b4fb2a8fcba7459f6e89257,2017-10-14T02:07:13.000Z,0.00031,0xb952d59b6e43f9d2efa5dd8fbd7f967eddb6f1a7,sell,0x12fef5e57bf45873cd9b62e9dbd7bfb99e32d73e,0xcd86605ac47b99114dcf0a4d4d24675d7fe87aebcd386df59d0b866c7e88884a
45,1170.7165557326903,0.362922132277134,0x8717d4c20c0fff899b4fb2a8fcba7459f6e89257,2017-10-13T21:21:12.000Z,0.00031,0x097501c95264ad3204159efaefdc5820783dbeae,sell,0x12fef5e57bf45873cd9b62e9dbd7bfb99e32d73e,0x6d0a40a715e5c3be02f2ce9dd7a41a919662aa588d5677916677133a5e466238
46,24.86059482591813,0.008701829703941994,0x27849f835bb345a26dffbfa7a8863c387b546730,2017-10-13T10:03:52.000Z,0.00035002499999999996,0x3dee4a4e076e8d82859d241db0baf46f112cfa23,sell,0x12fef5e57bf45873cd9b62e9dbd7bfb99e32d73e,0xe941d2714a106e2af43cfd8c73ef518600cd78da88c110594dbd8699f46b30a5
47,133.06150932110458,0.04657485480011963,0x27849f835bb345a26dffbfa7a8863c387b546730,2017-10-13T09:34:24.000Z,0.000350025,0x956dc60c714883c17a7d0828d2178d51c5e377e1,sell,0x12fef5e57bf45873cd9b62e9dbd7bfb99e32d73e,0x0176ffbdaaafe64edc641aff82d461ea8e09b95332db3796b4b9de79fa2a86d1
48,500,0.1755,0xd98a3954353055ab642c9159c7f3b25dac2dc29b,2017-10-13T09:33:21.000Z,0.000351,0x956dc60c714883c17a7d0828d2178d51c5e377e1,sell,0x12fef5e57bf45873cd9b62e9dbd7bfb99e32d73e,0xc4558d85ddf4c2a4bbd7b4d43b937e920c198f7d8be147cce70604eb4040da15
49,2027.5715282623867,0.7096500348918353,0x4ef3365bf9b5d963c47bb8ecb306220e7af40699,2017-10-12T16:10:25.000Z,0.00035,0x669f0ab96fd3beb68bc836bb874894bbb516331a,sell,0x12fef5e57bf45873cd9b62e9dbd7bfb99e32d73e,0x0666a9390629992f0d56deaf3663435111a6a41e94b1ac8f3cba5b1bfe7cf363
50,5798,2.00031,0x4ef3365bf9b5d963c47bb8ecb306220e7af40699,2017-10-12T16:07:58.000Z,0.000345,0x669f0ab96fd3beb68bc836bb874894bbb516331a,sell,0x12fef5e57bf45873cd9b62e9dbd7bfb99e32d73e,0x1ad82e978f99ce76ffcd6f36eb7180cffbb2b66c518f4404f4238aab3a56b97d
51,1411.83119819007,0.4941409193665245,0x4ef3365bf9b5d963c47bb8ecb306220e7af40699,2017-10-12T16:06:40.000Z,0.00035,0xf81ab81ca1a6a19cc7b69b2c7876ff6543060598,sell,0x12fef5e57bf45873cd9b62e9dbd7bfb99e32d73e,0xb2c27783acedaf33f6d16e64e655fae1affb07e19a2d7e029458668bfbf26fe7
52,2078.7490445918274,0.7275621656071397,0x4ef3365bf9b5d963c47bb8ecb306220e7af40699,2017-10-12T15:51:42.000Z,0.00035,0xf81ab81ca1a6a19cc7b69b2c7876ff6543060598,sell,0x12fef5e57bf45873cd9b62e9dbd7bfb99e32d73e,0x2b84893b6fb2d8b73ed9bdfe1875779eaf3863d3879ccbad9c7eafbc0b171a5c
53,2,0.000957778,0xbf52f67f8524587d6a7ab1f1f8d092c635b9587f,2017-10-11T10:24:16.000Z,0.000478889,0xced732ca92cb4f040239c4e8c85f14acbb5db000,buy,0x12fef5e57bf45873cd9b62e9dbd7bfb99e32d73e,0xd5a3c850386cfaa485f650d6bd3adb561d4e560b5db012e106d3dacda572905c
54,7.258,0.002416914,0x29b8eca0a380c562a00b7e5d1fbc624e5be736a5,2017-10-11T03:07:53.000Z,0.000333,0x3dee4a4e076e8d82859d241db0baf46f112cfa23,sell,0x12fef5e57bf45873cd9b62e9dbd7bfb99e32d73e,0xb13baddc99c6aaad2ae8bf1b36a12a50f3b645a693391ef3908114112e20c765
55,31.81437543614794,0.009862774528960222,0x3dee4a4e076e8d82859d241db0baf46f112cfa23,2017-10-11T00:57:23.000Z,0.00031001,0xf142f26d1cac4ba8a6e6d7974d243eda2fe5f4f9,sell,0x12fef5e57bf45873cd9b62e9dbd7bfb99e32d73e,0x589394156552a60f8e436eb899fc83728ecce53f0b2a8ccc326368d3c4b88b16
56,2900,0.986,0x3c6e761fbbcdb9fa09179fe9eb07fc42138917b0,2017-10-10T17:22:12.000Z,0.00034,0xf142f26d1cac4ba8a6e6d7974d243eda2fe5f4f9,sell,0x12fef5e57bf45873cd9b62e9dbd7bfb99e32d73e,0x225c4cf268e8d1023bc7d9f461abfa94c3dcab7ddf121d03bed1239ba4571493
57,2692.741854616146,0.8966830375871766,0x29b8eca0a380c562a00b7e5d1fbc624e5be736a5,2017-10-10T13:14:07.000Z,0.000333,0x097501c95264ad3204159efaefdc5820783dbeae,sell,0x12fef5e57bf45873cd9b62e9dbd7bfb99e32d73e,0x6454456d98e39517d5504a5bd71a029f1b8ffd9ba08bd7691d24cf3124af6c83
58,1931.6663006229885,0.5988165531931264,0x8717d4c20c0fff899b4fb2a8fcba7459f6e89257,2017-10-10T12:13:37.000Z,0.00031,0xf81ab81ca1a6a19cc7b69b2c7876ff6543060598,sell,0x12fef5e57bf45873cd9b62e9dbd7bfb99e32d73e,0xe32833e722e1e3df543697da90105f43dd71a60d8d8faddda92817fffd7d5183
59,10893.543654561261,3.376998532913991,0x8717d4c20c0fff899b4fb2a8fcba7459f6e89257,2017-10-10T11:44:42.000Z,0.00031,0x097501c95264ad3204159efaefdc5820783dbeae,sell,0x12fef5e57bf45873cd9b62e9dbd7bfb99e32d73e,0x5993660e7606b5918c14fbf93e6fdf09b6e51a47b1c60cd594653e16ee0c5800
60,1.479,0.000999804,0xe985ac05f01f7fa12e3322003e88bde06e6fe042,2017-10-09T04:25:24.000Z,0.000676,0x971f30c325d9924ad472adf0bf98702502baad93,buy,0x12fef5e57bf45873cd9b62e9dbd7bfb99e32d73e,0x7eb95aada19d4941295c3ac33fa074d09b994fe31899dd8615e5cba86c387f74
61,1000,0.360022,0x8d71cd37bc1c715f6d4e9b5d68aa17a8b42cac87,2017-10-08T16:37:33.000Z,0.000360022,0x669f0ab96fd3beb68bc836bb874894bbb516331a,sell,0x12fef5e57bf45873cd9b62e9dbd7bfb99e32d73e,0xf39d82048107549b998fef47357e89c2c3522fe6f5e010caad32552c30255f22
62,10969.38766269463,3.948979558570066,0x834d1e21a8a11a87174fbbca30337034b3fdc299,2017-10-08T16:37:22.000Z,0.00035999999999999997,0x669f0ab96fd3beb68bc836bb874894bbb516331a,sell,0x12fef5e57bf45873cd9b62e9dbd7bfb99e32d73e,0x8d2f402d8e0c0aaccf33cd7c0b69548e2c605b1fa16080705980e5f8e84fab0d
63,4030.612337305371,1.4510204414299335,0x834d1e21a8a11a87174fbbca30337034b3fdc299,2017-10-08T16:32:09.000Z,0.00035999999999999997,0x3dee4a4e076e8d82859d241db0baf46f112cfa23,sell,0x12fef5e57bf45873cd9b62e9dbd7bfb99e32d73e,0x5990fb1d7e8d417408249c182bd50572971764c39dd5ee83f7494195f81bbff2
64,29747.673447868045,10.709787142374902,0x7b6b2f3c88ce2ecedc01c545f13faf36034d772f,2017-10-08T16:26:03.000Z,0.000360021,0x669f0ab96fd3beb68bc836bb874894bbb516331a,sell,0x12fef5e57bf45873cd9b62e9dbd7bfb99e32d73e,0xe51592e3b0189259ea003b9922b0c3ad5cdab7d999210bc59ea27a6b37146e5c
65,3972.3555101768175,1.430131403129368,0x7b6b2f3c88ce2ecedc01c545f13faf36034d772f,2017-10-08T16:20:30.000Z,0.000360021,0x3dee4a4e076e8d82859d241db0baf46f112cfa23,sell,0x12fef5e57bf45873cd9b62e9dbd7bfb99e32d73e,0x758d420cf0d4b035fd1c3aa5fbf84399330562738371e349106114b03ea6ca6d
66,3972.3555101768175,1.430131403129368,0x7b6b2f3c88ce2ecedc01c545f13faf36034d772f,2017-10-08T16:20:27.000Z,0.000360021,0x3dee4a4e076e8d82859d241db0baf46f112cfa23,sell,0x12fef5e57bf45873cd9b62e9dbd7bfb99e32d73e,0x758d420cf0d4b035fd1c3aa5fbf84399330562738371e349106114b03ea6ca6d
67,14944.671564361059,5.3803956012728325,0x7b6b2f3c88ce2ecedc01c545f13faf36034d772f,2017-10-08T16:17:59.000Z,0.000360021,0x669f0ab96fd3beb68bc836bb874894bbb516331a,sell,0x12fef5e57bf45873cd9b62e9dbd7bfb99e32d73e,0x3fe0fa1547149be6fa2521fa99226c980ca4b25ef3eb75f1c538e2853e66cdc5
68,14944.671564361059,5.3803956012728325,0x7b6b2f3c88ce2ecedc01c545f13faf36034d772f,2017-10-08T16:17:58.000Z,0.000360021,0x669f0ab96fd3beb68bc836bb874894bbb516331a,sell,0x12fef5e57bf45873cd9b62e9dbd7bfb99e32d73e,0x3fe0fa1547149be6fa2521fa99226c980ca4b25ef3eb75f1c538e2853e66cdc5
69,4158.1225836559815,1.49701145069041,0x7b6b2f3c88ce2ecedc01c545f13faf36034d772f,2017-10-08T16:10:00.000Z,0.000360021,0x3dee4a4e076e8d82859d241db0baf46f112cfa23,sell,0x12fef5e57bf45873cd9b62e9dbd7bfb99e32d73e,0x9c10eba5f2bbbf4a03aa851cb0c8b4ebdb2590e02862e0107ffc32c719a04df6
70,42.194,0.01666663,0x5d5065b42bdee0274e394ba9042c21e1818c69cf,2017-10-08T00:50:41.000Z,0.000395,0x1ca9bd189db5ab9099a4b17a15cf3ac3da289c38,sell,0x12fef5e57bf45873cd9b62e9dbd7bfb99e32d73e,0x50fcbe082740c8482981072000d507731cc85a0c0fc0640ad995aeca7d03a356
71,1732.04,0.6841558,0x3c6e761fbbcdb9fa09179fe9eb07fc42138917b0,2017-10-08T00:45:00.000Z,0.000395,0x1ca9bd189db5ab9099a4b17a15cf3ac3da289c38,sell,0x12fef5e57bf45873cd9b62e9dbd7bfb99e32d73e,0x68489cde803bc4f014b1075f40f07b90712ab03b0047091a6e865b4d24089994
72,198.81835314945334,0.07853324949403406,0x3c6e761fbbcdb9fa09179fe9eb07fc42138917b0,2017-10-07T10:35:01.000Z,0.000395,0x3dee4a4e076e8d82859d241db0baf46f112cfa23,sell,0x12fef5e57bf45873cd9b62e9dbd7bfb99e32d73e,0x245873c29b2d9fd822b3ea75b525d50f829db6f93faaef2da275810052f10e16
73,29.807596451001896,0.011774000598145748,0x3c6e761fbbcdb9fa09179fe9eb07fc42138917b0,2017-10-07T05:04:13.000Z,0.000395,0x4bf37db6c16f5663e00936986b5b4d5278f84000,sell,0x12fef5e57bf45873cd9b62e9dbd7bfb99e32d73e,0xc5a3f0f16db38bc26803793a4087524b60a8cf7a902174a546eae621b3364a42
74,199.38191606021334,0.07776094108264381,0x3dee4a4e076e8d82859d241db0baf46f112cfa23,2017-10-06T12:27:06.000Z,0.00039001,0x3048756b45c1385696b14b7b2b531c14466fb2cd,sell,0x12fef5e57bf45873cd9b62e9dbd7bfb99e32d73e,0xd9b6ac0282ff66e5b76a601e9e9dbcb729f2882eacf179176349db2a896d267b
75,300,0.204,0x3d94cd6087ef5793c38878f1343be2bf558281d4,2017-10-05T19:54:10.000Z,0.00068,0x48eaedfa6ab55f414a433f0778f55ed9b827e822,buy,0x12fef5e57bf45873cd9b62e9dbd7bfb99e32d73e,0x97ebbdd50fc766b2e34f903a552458da2153514afe446294592074ba901b7aa4
76,375.926,0.162813926526,0x9a708e3dfb9a4616caad52d8f39bfa9bdf19bcd8,2017-10-05T15:18:49.000Z,0.000433101,0x192fec3528f5e81f798f65d2e0bcf7694c322ab6,sell,0x12fef5e57bf45873cd9b62e9dbd7bfb99e32d73e,0x8a5215d0ff481d48998d851cfb406aadfcc8d931554880b0db1779a0ede143ca
77,2310,1.00046331,0x2475fe4d7a9d7d2e7908baf6697b801596bf5148,2017-10-05T15:15:01.000Z,0.000433101,0x192fec3528f5e81f798f65d2e0bcf7694c322ab6,sell,0x12fef5e57bf45873cd9b62e9dbd7bfb99e32d73e,0x8c32ff9255b93a5048ac2091a408fde751fe3e89d08c47c14591fee4f534dce2
78,30,0.0132,0x9d780ae358972fda0e507b91f133c21b10a1acb3,2017-10-04T12:25:03.000Z,0.00044,0x4bf37db6c16f5663e00936986b5b4d5278f84000,sell,0x12fef5e57bf45873cd9b62e9dbd7bfb99e32d73e,0xc0423519d68676a0fab11557e48ae5c904755be984b32cd12ea5aa02af6ae146
79,527.7398400329964,0.22856412471829077,0xba731793fe7ff79f04b01bfdcdca930684d005a8,2017-10-02T02:23:42.000Z,0.0004331,0x3dee4a4e076e8d82859d241db0baf46f112cfa23,sell,0x12fef5e57bf45873cd9b62e9dbd7bfb99e32d73e,0x020618eb372c6ba185cc6da72e8d28f4f8d8238d28b35f6275acdbc296c7461c
80,1,0.0005,0x0249924245a19aa2d7f5ddb0739a7132b7d094ab,2017-09-29T23:11:27.000Z,0.0005,0x1fdf047bf7a114b37e7936d01e9cad754ad18803,buy,0x12fef5e57bf45873cd9b62e9dbd7bfb99e32d73e,0xf054a46ff738ea6946d6166204f6f58c9fe006a887df85ad02d414d6683e52eb
81,5717.562,2.45855166,0x669f0ab96fd3beb68bc836bb874894bbb516331a,2017-09-29T19:17:36.000Z,0.00043,0x58e1166605207811672df06605eef3b1ec202fc6,buy,0x12fef5e57bf45873cd9b62e9dbd7bfb99e32d73e,0x68c16a0797238ffd38d8e8a193544cf5b8a08d92e0b74edeab3c5285d6ebf381
82,178,0.077163,0x6bad391397f5f6047d3b6752576ee1a4ae3d2927,2017-09-29T17:15:32.000Z,0.0004335,0xb8186b97012530dceadc931136bf6cc7e4237f10,sell,0x12fef5e57bf45873cd9b62e9dbd7bfb99e32d73e,0x90b59475f1b1ec9818361a71f3bd78d30a44cbe9862e61b0662fa4d01192b455
83,498.19438323359697,0.2157181679401475,0x1fdf047bf7a114b37e7936d01e9cad754ad18803,2017-09-28T22:16:32.000Z,0.000433,0xd06462ec68780dd7d5380be06bb792a4b2db8a6e,sell,0x12fef5e57bf45873cd9b62e9dbd7bfb99e32d73e,0xfe5ae06f08c203d8589a17508e99d8386b1b841e2eed2fa9e9c93fb4a39351aa
84,0.986940484498056,0.000426555677400059,0x3dee4a4e076e8d82859d241db0baf46f112cfa23,2017-09-28T17:52:15.000Z,0.0004321999999999992,0x3ce805ec07fe0131fe30affd88f5b3e0cbf5b045,sell,0x12fef5e57bf45873cd9b62e9dbd7bfb99e32d73e,0xfddd73c0eff79a103176319305add060bcfe116e9f1c734d703a6b4d5b7e75a3
85,2,0.001,0x0024a5046fd95c5eee6db19a69ef7ed3bacd50f1,2017-09-28T08:20:19.000Z,0.0005,0x3dee4a4e076e8d82859d241db0baf46f112cfa23,buy,0x12fef5e57bf45873cd9b62e9dbd7bfb99e32d73e,0x14f2a94ceccbcc02ccf273fb462e6dc8267894255a871bc58643aff34f949150
86,530.3888930526007,0.22923407957733402,0x3dee4a4e076e8d82859d241db0baf46f112cfa23,2017-09-28T05:10:48.000Z,0.0004322,0x1ed014aec47fae44c9e55bac7662c0b78ae61798,sell,0x12fef5e57bf45873cd9b62e9dbd7bfb99e32d73e,0x6328b9edad078694f79ff86a11568c26a5d173007b6d6afe7f47d4a071882bf4
87,23.50678414157491,0.010161982784402833,0x6bad391397f5f6047d3b6752576ee1a4ae3d2927,2017-09-27T19:04:31.000Z,0.00043229999999999994,0xe581a10b3d566e1473ecdd8fff0589173d8e8a5d,sell,0x12fef5e57bf45873cd9b62e9dbd7bfb99e32d73e,0x56c6bd15bbb2d23258828da5ec15614edcbd3d02ffe9fee82e7dd38ce59566ab
88,3922.338,2.0000001462,0x6bad391397f5f6047d3b6752576ee1a4ae3d2927,2017-09-27T16:03:52.000Z,0.0005099,0xd06462ec68780dd7d5380be06bb792a4b2db8a6e,buy,0x12fef5e57bf45873cd9b62e9dbd7bfb99e32d73e,0x227c4132ea4ab4e65eeb56645c13af7703bbb0bab8d1f7e27481b4c8ce274816
89,508.256,0.254128,0xba9a7bf08aad49e3c46a6a9cef85ecc42b0b1cfb,2017-09-27T09:47:42.000Z,0.0005,0x0f92b26f6907127ff8546daa15a90b6dfbff8034,buy,0x12fef5e57bf45873cd9b62e9dbd7bfb99e32d73e,0x6795e23c8305dbd91d5bd9e30640de4a7372dba332906074d3516b672284da50
90,5000.966,2.500483,0xba9a7bf08aad49e3c46a6a9cef85ecc42b0b1cfb,2017-09-27T09:43:55.000Z,0.0005,0x4b57b9fac61ca90795dc2fe6e4b0beb4c0387155,buy,0x12fef5e57bf45873cd9b62e9dbd7bfb99e32d73e,0x93897ecebf0036bdf1aa2c5c79b56154a8217c73eb4d11f0115da21c932d1f52
91,576.923,0.29999996,0xa3e0a69fe34136bef951dbd022bd69219aa28714,2017-09-26T02:45:20.000Z,0.00052,0xd06462ec68780dd7d5380be06bb792a4b2db8a6e,buy,0x12fef5e57bf45873cd9b62e9dbd7bfb99e32d73e,0x5afb1c706417cfd75282c2cf749fe47761adca96ea6e3feb95358776b058d807
92,3321.962624942678,0.704295940039347,0x7b6b2f3c88ce2ecedc01c545f13faf36034d772f,2017-09-26T01:31:57.000Z,0.000212012,0x0b26c31d9d2683ee211a56ff9d5db5e35bba7776,sell,0x12fef5e57bf45873cd9b62e9dbd7bfb99e32d73e,0x725593f5a5e95d20a097721d74d09a413988dcffd15804de6305f870318adce8
93,4000,0.848052,0x8d71cd37bc1c715f6d4e9b5d68aa17a8b42cac87,2017-09-26T01:27:01.000Z,0.000212013,0x0b26c31d9d2683ee211a56ff9d5db5e35bba7776,sell,0x12fef5e57bf45873cd9b62e9dbd7bfb99e32d73e,0x65601983701a346528d5104609b8b4174f8f42b3cc1ae8bc206603165736349d
94,7860,2.92392,0xa3d7dedda551204ccb03bd79aa87824cc453b8de,2017-09-26T01:27:01.000Z,0.000372,0x0b26c31d9d2683ee211a56ff9d5db5e35bba7776,sell,0x12fef5e57bf45873cd9b62e9dbd7bfb99e32d73e,0x230c6fd0d73bbbab0e855c8e811bac26cc7835a9c52a5d9d0cdd1fe770d5c5ea
95,1364.996,0.537808424,0x90a7efe7552ba6db534be1e49b0ae524ed719153,2017-09-26T01:27:01.000Z,0.000394,0x0b26c31d9d2683ee211a56ff9d5db5e35bba7776,sell,0x12fef5e57bf45873cd9b62e9dbd7bfb99e32d73e,0x027bf9895f64c32af9afba1e97d59973994a3747228c6c8ffdebc41b22aa7129
96,4000,1.576004,0x3dee4a4e076e8d82859d241db0baf46f112cfa23,2017-09-26T01:27:01.000Z,0.000394001,0x0b26c31d9d2683ee211a56ff9d5db5e35bba7776,sell,0x12fef5e57bf45873cd9b62e9dbd7bfb99e32d73e,0x56628f906ef9e00b78dcbc9045e79741e00a12839ef97173bae741f4966b8020
97,2100,0.8284521,0x3dee4a4e076e8d82859d241db0baf46f112cfa23,2017-09-26T01:27:01.000Z,0.000394501,0x0b26c31d9d2683ee211a56ff9d5db5e35bba7776,sell,0x12fef5e57bf45873cd9b62e9dbd7bfb99e32d73e,0xce8cdbe6c27d1cf30d62df40dbeb6b409410cfd264660538d01b18d74c1170a2
98,12999,4.54965,0x6375e1bcfbeb8755687a80ece17e18f0247730f4,2017-09-26T01:27:01.000Z,0.00035,0x0b26c31d9d2683ee211a56ff9d5db5e35bba7776,sell,0x12fef5e57bf45873cd9b62e9dbd7bfb99e32d73e,0xb126e85e2e9a716329b9c4af219686787cc11d4ae8a62d8f35f81e032daca7f8
99,5137,2.026556774,0xbeb1fd865feea5006c74bcb615ebb00f1a05d469,2017-09-26T01:25:03.000Z,0.000394502,0x0b26c31d9d2683ee211a56ff9d5db5e35bba7776,sell,0x12fef5e57bf45873cd9b62e9dbd7bfb99e32d73e,0xbc05b937ec3db11146456fe083277f9656c248ef0d2075c621286f2a504e3dca
100,5000,2.14,0x4b57b9fac61ca90795dc2fe6e4b0beb4c0387155,2017-09-26T01:24:00.000Z,0.000428,0x0b26c31d9d2683ee211a56ff9d5db5e35bba7776,sell,0x12fef5e57bf45873cd9b62e9dbd7bfb99e32d73e,0xd51b968e2fb160781aa0136deb0b03450e0b214a1075f1b280c4fb431560d684
101,23.579655172413794,0.0136762,0xe581a10b3d566e1473ecdd8fff0589173d8e8a5d,2017-09-25T16:01:43.000Z,0.00058,0x4b57b9fac61ca90795dc2fe6e4b0beb4c0387155,buy,0x12fef5e57bf45873cd9b62e9dbd7bfb99e32d73e,0x1b57a25c80129295e19eb07e990191d5f013a2b1cd9e5d46fefdc57d83c004f8
102,0.8620689655172413,0.0005,0xc886b21b865e7c90432d9b8bdb14ad254f2232f5,2017-09-25T03:35:54.000Z,0.00058,0x4b57b9fac61ca90795dc2fe6e4b0beb4c0387155,buy,0x12fef5e57bf45873cd9b62e9dbd7bfb99e32d73e,0xe67ad48dfd58698ce19da9556802591833f81f3e219b3e2938e0ee5a56008d07
103,0.8620689655172413,0.0005,0xe37bd4d49c619e748d4efe74525489d26b6aff43,2017-09-25T03:34:00.000Z,0.00058,0x4b57b9fac61ca90795dc2fe6e4b0beb4c0387155,buy,0x12fef5e57bf45873cd9b62e9dbd7bfb99e32d73e,0xd6f8a8569b11f98e2cdee91f1386d5703a610df7b1f6874896caf04a5f5eebfc
104,0.8620689655172413,0.0005,0x23ee598e50ff1b1bde1022bf3c8a41d4c23321a0,2017-09-25T00:13:10.000Z,0.00058,0x4b57b9fac61ca90795dc2fe6e4b0beb4c0387155,buy,0x12fef5e57bf45873cd9b62e9dbd7bfb99e32d73e,0xf58f173c986516daacbfc656e8e9e76976f8d05900b47260f8c412ea8b5e45f3
105,0.8620689655172413,0.0005,0xe5a759eb3e214ff0a2bbbea31acc41c9bf27b239,2017-09-24T23:47:57.000Z,0.00058,0x4b57b9fac61ca90795dc2fe6e4b0beb4c0387155,buy,0x12fef5e57bf45873cd9b62e9dbd7bfb99e32d73e,0x4fa5d4a2127a51ec748749ec33830aa4633c2bdda0951983b95e2647529a2d97
106,0.8620689655172413,0.0005,0x160506e5a5ce5dadd43623689f53d5aa1f288f0f,2017-09-24T23:37:57.000Z,0.00058,0x4b57b9fac61ca90795dc2fe6e4b0beb4c0387155,buy,0x12fef5e57bf45873cd9b62e9dbd7bfb99e32d73e,0x39162a683bca73bafef2655c1f14620fce0a595a2026930e115d84df68db338a
107,0.9605096079775,0.000408216583390437,0x4b57b9fac61ca90795dc2fe6e4b0beb4c0387155,2017-09-24T22:56:15.000Z,0.0004249999999999995,0x1f8ac99600c61189d92c85cc760735b9e0067a60,sell,0x12fef5e57bf45873cd9b62e9dbd7bfb99e32d73e,0x27f0f2317e51e19d1802216889d9e0aec20a572342fba0f464bb6d327b99c00d
108,0.7354022650389763,0.0005,0x452b06f1c61cff4c9bebaa405319a7c3b12553a2,2017-09-23T23:26:18.000Z,0.0006799,0x971f30c325d9924ad472adf0bf98702502baad93,buy,0x12fef5e57bf45873cd9b62e9dbd7bfb99e32d73e,0x13fcac27503b3477ec74c72a367aa51345cf32f751d16faa4f0dbf2ce28160c9
109,0.7354022650389763,0.0005,0xc22f5ab4f1591613a92b4d172cc7f4e4a5af58cd,2017-09-23T23:26:18.000Z,0.0006799,0x971f30c325d9924ad472adf0bf98702502baad93,buy,0x12fef5e57bf45873cd9b62e9dbd7bfb99e32d73e,0xfc4d936cb1b8b43b74c5a07d92b80187a1c7ee9773b3a3182d2b335a9ebbe9d7
110,0.7354022650389763,0.0005,0x2ba19ec4bcd5ae8de66b110bde5ebf41092bd02f,2017-09-23T19:17:44.000Z,0.0006799,0x971f30c325d9924ad472adf0bf98702502baad93,buy,0x12fef5e57bf45873cd9b62e9dbd7bfb99e32d73e,0x9e768c2e6d506193eeb1ce678e344a5d8f23dffe229ad7e62873506b7679e707
111,0.7354022650389763,0.0005,0x18a902dc44442205b4ba2b1dc038e67506d22c55,2017-09-23T15:53:51.000Z,0.0006799,0x971f30c325d9924ad472adf0bf98702502baad93,buy,0x12fef5e57bf45873cd9b62e9dbd7bfb99e32d73e,0x37ca02f1a67256a38721bef6b9144c2c80e7dfc920f8f6d88c460599b608f07f
112,0.7354022650389763,0.0005,0xd868b838b5de79f1e540b5d83c9e9a3d0b3810cd,2017-09-23T15:38:21.000Z,0.0006799,0x971f30c325d9924ad472adf0bf98702502baad93,buy,0x12fef5e57bf45873cd9b62e9dbd7bfb99e32d73e,0x731ec39bb42c8ff2e4feabf386016069717301306b3a756c7c0b0ee6621d13c8
113,0.9605096079775,0.000408216583390437,0x4b57b9fac61ca90795dc2fe6e4b0beb4c0387155,2017-09-23T13:33:38.000Z,0.0004249999999999995,0x0f657c396dfcd6c59bb82b89fc3adbe5f90ce153,sell,0x12fef5e57bf45873cd9b62e9dbd7bfb99e32d73e,0x33f4462b89a9ea46acd5efc04956d187edd06f5663718e5b806e300a84e13847
114,75.77908483700529,0.029629622171269066,0x3e246d0453d08ea726a39560ede13551bb73dfb4,2017-09-23T10:31:01.000Z,0.00039099999999999996,0x8305fc82a69415cd06b5a521b278d16d76b9da4d,sell,0x12fef5e57bf45873cd9b62e9dbd7bfb99e32d73e,0x9258cc36dcd499614c4f654835467504f9dd4c03c8eaa6f4c2cada8eeb4d0d7d
115,1.014,0.00074022,0x8305fc82a69415cd06b5a521b278d16d76b9da4d,2017-09-23T10:25:20.000Z,0.00073,0x9778550d76b07ac9f5e57392f68ecdf6efc1774e,buy,0x12fef5e57bf45873cd9b62e9dbd7bfb99e32d73e,0x7ab068e6ae837a578133cf0114d370e5df883ebdb7901186e0ab93be9e713d3c
116,75,0.33,0x8305fc82a69415cd06b5a521b278d16d76b9da4d,2017-09-23T10:16:21.000Z,0.0044,0x48eaedfa6ab55f414a433f0778f55ed9b827e822,buy,0x12fef5e57bf45873cd9b62e9dbd7bfb99e32d73e,0x8ac9874bb3793b179022fb47d4fcc8197683a44c3af9221a14b0a292d97dfa5d
117,1999.0230286113049,0.819599441730635,0xf0163f66ec80dda288e753e0a62c8eb71cd38684,2017-09-22T07:17:23.000Z,0.00041,0x1c4dc70ab29341ada799aef1f4581edab89a3704,sell,0x12fef5e57bf45873cd9b62e9dbd7bfb99e32d73e,0x86ea1f59a9b83609cb2dbe6db9bf6e0778a619890119940e4484683cf101058c
118,0.9769713886950454,0.000400558269364968,0xf0163f66ec80dda288e753e0a62c8eb71cd38684,2017-09-22T07:08:43.000Z,0.0004099999999999994,0x1c4dc70ab29341ada799aef1f4581edab89a3704,sell,0x12fef5e57bf45873cd9b62e9dbd7bfb99e32d73e,0x8c60935ee67a66abe712154b6700036d413a978c70c4385427fe7d9a66f5eccf
119,0.7142877551078718,0.0005,0x999dbc9673afdd6b6c140c261297f89de35ff1b3,2017-09-22T05:43:59.000Z,0.000699998,0x971f30c325d9924ad472adf0bf98702502baad93,buy,0x12fef5e57bf45873cd9b62e9dbd7bfb99e32d73e,0xdaaf6b3c0bdc7fdcb30866a245a6fb78c9f2027f4e07141fa96fc2a1272fb471
120,0.7142877551078718,0.0005,0x999dbc9673afdd6b6c140c261297f89de35ff1b3,2017-09-22T05:14:41.000Z,0.000699998,0x971f30c325d9924ad472adf0bf98702502baad93,buy,0x12fef5e57bf45873cd9b62e9dbd7bfb99e32d73e,0xdc6cdbe3bcc603bda8abccd9af25c015b606510a20b298f51761b8181270521c
121,0.7142877551078718,0.0005,0x8612d2a48328bbf318b856ed0daaa4a7034383d0,2017-09-22T05:03:50.000Z,0.000699998,0x971f30c325d9924ad472adf0bf98702502baad93,buy,0x12fef5e57bf45873cd9b62e9dbd7bfb99e32d73e,0x89b06fff4bf094e6330a7be6323b37c8240816ddca07ed8427e8b0faa5a67f0c
122,0.7142877551078718,0.0005,0x10c12555236fa11fc988be565ab70c82a4660ecf,2017-09-22T04:58:58.000Z,0.000699998,0x971f30c325d9924ad472adf0bf98702502baad93,buy,0x12fef5e57bf45873cd9b62e9dbd7bfb99e32d73e,0x511e26df64934a200579ddf57327f9513bd3c45ed7c522440b37559f660753fc
123,0.7142877551078718,0.0005,0x8f28b1970e72adb11173044ebc762800e3128238,2017-09-22T04:51:28.000Z,0.000699998,0x971f30c325d9924ad472adf0bf98702502baad93,buy,0x12fef5e57bf45873cd9b62e9dbd7bfb99e32d73e,0xcaa6a8fd8859e328373fdf9dee6282cf8dcdbae16c2e7185cd8abbf1d2107485
124,0.7142877551078718,0.0005,0x03dd03643b71b06642179afb38211c0f45699bc5,2017-09-22T04:34:25.000Z,0.000699998,0x971f30c325d9924ad472adf0bf98702502baad93,buy,0x12fef5e57bf45873cd9b62e9dbd7bfb99e32d73e,0x96304ef8400e3bfe306ba0b35f7f589892189003c15e2bbb8e3a00b1c45184e0
125,169.342,0.0677368,0xf732b16f5aee6cd2db5b30a7a3860764a48b19ff,2017-09-22T01:29:27.000Z,0.0004,0xc0998c780e0e3c13791c5a32721380d4b8e4c105,buy,0x12fef5e57bf45873cd9b62e9dbd7bfb99e32d73e,0xd8af2e7623693238645efab924891ca50efb8c1e968cbd64aa8f17c36362cb6c
126,1.429,0.001000297142,0x19b78488b79c6a45d4e060f05a2b35c4873f25c5,2017-09-21T22:39:43.000Z,0.000699998,0x971f30c325d9924ad472adf0bf98702502baad93,buy,0x12fef5e57bf45873cd9b62e9dbd7bfb99e32d73e,0x22b2cbdba47883b8442b55d3d7f9462c6d94050fce77b0edd61bb336e62d2574
127,322.7915569568517,0.09393234307444384,0x8d71cd37bc1c715f6d4e9b5d68aa17a8b42cac87,2017-09-21T10:48:28.000Z,0.00029099999999999997,0xad440e6b26dd3a044a97294bf87c017d7fb81c67,sell,0x12fef5e57bf45873cd9b62e9dbd7bfb99e32d73e,0x76ee195e399ea88907a4d424e45c41ff1cba0bc45fd976160a505cb757f22b2b
128,1000,0.351,0x8d71cd37bc1c715f6d4e9b5d68aa17a8b42cac87,2017-09-21T10:42:15.000Z,0.000351,0xad440e6b26dd3a044a97294bf87c017d7fb81c67,sell,0x12fef5e57bf45873cd9b62e9dbd7bfb99e32d73e,0x6f95a54c7719a310e54bd0c553f38dcd9b00f59553f449df4886d10be54884de
129,5000,1.7555,0x3dee4a4e076e8d82859d241db0baf46f112cfa23,2017-09-21T10:40:31.000Z,0.0003511,0xad440e6b26dd3a044a97294bf87c017d7fb81c67,sell,0x12fef5e57bf45873cd9b62e9dbd7bfb99e32d73e,0x3ae7ad6db46976cf948b399d113c83ff6e30080fb11e5f3518430f73c2f55378
130,1000,0.5,0x48eaedfa6ab55f414a433f0778f55ed9b827e822,2017-09-21T10:38:58.000Z,0.0005,0xad440e6b26dd3a044a97294bf87c017d7fb81c67,sell,0x12fef5e57bf45873cd9b62e9dbd7bfb99e32d73e,0x7dcc93ec52aaa890ed1140a243ee6f4db0683aca580e2d72b30fb94f987532e5
131,50,0.0275001,0xf36990a2cb4d609e0a7d4f3bf884c0342d81fd3d,2017-09-21T10:38:04.000Z,0.000550002,0xad440e6b26dd3a044a97294bf87c017d7fb81c67,sell,0x12fef5e57bf45873cd9b62e9dbd7bfb99e32d73e,0xf275519e538be0dbb9665b150fb6f237b2ed24cf6c6a750dbc442d3e6b7c2dc5
132,50,0.02805,0xaea518821216829b13c042d81c05470b8314e533,2017-09-21T10:37:08.000Z,0.000561,0xad440e6b26dd3a044a97294bf87c017d7fb81c67,sell,0x12fef5e57bf45873cd9b62e9dbd7bfb99e32d73e,0x51423bd72bb7999a0869fb5e72ae97f74b04e5e58f577fae30dd2f14f9b84784
133,37.77111885571063,0.021907248936312167,0xf0163f66ec80dda288e753e0a62c8eb71cd38684,2017-09-21T10:34:44.000Z,0.00058,0xad440e6b26dd3a044a97294bf87c017d7fb81c67,sell,0x12fef5e57bf45873cd9b62e9dbd7bfb99e32d73e,0xaec658826e4efcc69c5a04c659489517420bda538b9920d0c04dcb09f5bb89c1
134,30,0.01743,0x971f30c325d9924ad472adf0bf98702502baad93,2017-09-21T10:18:23.000Z,0.000581,0xad440e6b26dd3a044a97294bf87c017d7fb81c67,sell,0x12fef5e57bf45873cd9b62e9dbd7bfb99e32d73e,0x9fc63c310a734230e1bd1fdc3fa40ba52528be5fb4643e6a2eebfbc1b9ca809a
135,978.571,0.582249745,0xf0163f66ec80dda288e753e0a62c8eb71cd38684,2017-09-20T17:15:47.000Z,0.000595,0x9eb708e1c1b2345979d00203bb0044ce06317e8f,sell,0x12fef5e57bf45873cd9b62e9dbd7bfb99e32d73e,0xb2bb04bfdff11090483685469a33fc0adff7f39b370a62acb68fb8a9212a3685
136,44.66154919748779,0.031129099790648988,0xb2a393d4a7f26b6e8bcff9608b7a797b709c65d3,2017-09-20T13:29:05.000Z,0.000697,0xf81ab81ca1a6a19cc7b69b2c7876ff6543060598,sell,0x12fef5e57bf45873cd9b62e9dbd7bfb99e32d73e,0xe17d03ebdfd6fbda855b5259f78724ed477cefb53bb00f4363575eed15d14dda
137,762.2320805502941,0.453528087927425,0xf0163f66ec80dda288e753e0a62c8eb71cd38684,2017-09-20T02:55:32.000Z,0.000595,0xa0f7337919aa18fd1b5f7760073617c106c0dbe5,sell,0x12fef5e57bf45873cd9b62e9dbd7bfb99e32d73e,0x6cbf5bbe5796bfedeb026af9cfc8c1a9725495c53617b149db4effcb1d4e36a6
138,50,0.03105,0xaea518821216829b13c042d81c05470b8314e533,2017-09-20T02:53:20.000Z,0.000621,0xa0f7337919aa18fd1b5f7760073617c106c0dbe5,sell,0x12fef5e57bf45873cd9b62e9dbd7bfb99e32d73e,0xcf140337777dd2464c79cb6a5c0078c1002556c408106712b6fd53ad726f6fc1
139,0.9605096079775,0.00059551595694605,0xf2b1fdc974a80ae077f285421eb39e10403fb1f2,2017-09-19T19:43:59.000Z,0.00062,0x8b24d80c6dd6e1af5a000e03ca8f00886a05f6f5,sell,0x12fef5e57bf45873cd9b62e9dbd7bfb99e32d73e,0x69b3e3ea71b30ce007e3bbd81381690e64234a47e8c4c1e7686b22eacc32076c
140,28.612,0.019999788,0x4c6df76d41355d5d4227d147dfd778624baedfff,2017-09-19T18:44:48.000Z,0.000699,0x009b56330ae5ec5042b9ca46ddb3043cc0d006f3,buy,0x12fef5e57bf45873cd9b62e9dbd7bfb99e32d73e,0x6ea7ddf7990762859d07159f19f10891a069e697eade45fdea32dd8ef105778a
141,255.536,0.178364128,0x4c6df76d41355d5d4227d147dfd778624baedfff,2017-09-19T18:44:36.000Z,0.000698,0x74e4162038caf7212620fa50ce744f76ed5365c0,buy,0x12fef5e57bf45873cd9b62e9dbd7bfb99e32d73e,0xdf47c67202da1dc9af6585d31256afffe6d926c463bedd70e5acfaaae3ad9f7c
142,0.8624645095853,0.000534727995942886,0xf2b1fdc974a80ae077f285421eb39e10403fb1f2,2017-09-19T18:20:24.000Z,0.00062,0x64b604630e055318093215b7ed41697ca4fb5de6,sell,0x12fef5e57bf45873cd9b62e9dbd7bfb99e32d73e,0xfee92d9eb19d0e01491a6f65204a3906d2561f31187b9295b87378580da515f6
143,218.42389259253824,0.1354228134073737,0xf2b1fdc974a80ae077f285421eb39e10403fb1f2,2017-09-19T15:57:36.000Z,0.00062,0x5e2113ed022feebc901825f5ac0f57d84023a297,sell,0x12fef5e57bf45873cd9b62e9dbd7bfb99e32d73e,0xbdf063370a70ed2f4924e2a17ed508fa9eeba7ba56925454c0d77bb43ee3626a
144,0.9605096079775,0.00059551595694605,0xf2b1fdc974a80ae077f285421eb39e10403fb1f2,2017-09-19T14:27:37.000Z,0.00062,0x4c2fb430e95954bcfa54ce4741a9fc2ff6e415ad,sell,0x12fef5e57bf45873cd9b62e9dbd7bfb99e32d73e,0xcfa111bf974f88657033d81248785a3e12bf5896b971a8e0a5034bf119b20d1d
145,184.935,0.128899695,0x9778550d76b07ac9f5e57392f68ecdf6efc1774e,2017-09-19T13:20:58.000Z,0.000697,0xb8186b97012530dceadc931136bf6cc7e4237f10,buy,0x12fef5e57bf45873cd9b62e9dbd7bfb99e32d73e,0x2732fd1700b89b365747f2e4d80ccc597f33db4070fbf2229a1fefddac8ccbd8
146,3955.5,2.571075,0xf2b1fdc974a80ae077f285421eb39e10403fb1f2,2017-09-19T10:23:43.000Z,0.00065,0xda390e00b63b110ab71bc31bf7d668e1deea8565,buy,0x12fef5e57bf45873cd9b62e9dbd7bfb99e32d73e,0x569cbbe405c909266b18814e0fae4e3bff4970446872781f92075a8273980583
147,5030,3.2695,0x5e33b1a195da8fa10b7536d44e7a76b16cabe9ae,2017-09-19T07:57:07.000Z,0.00065,0xda390e00b63b110ab71bc31bf7d668e1deea8565,buy,0x12fef5e57bf45873cd9b62e9dbd7bfb99e32d73e,0x60877c62a826ba99cb879a66d2469b95d634455d87911559a555f333d67cdafd
148,259.19649087827736,0.15422191207257502,0xf0163f66ec80dda288e753e0a62c8eb71cd38684,2017-09-19T03:10:00.000Z,0.000595,0xdde7fe05376f28d95823c77f1fa394c7dd4dedba,sell,0x12fef5e57bf45873cd9b62e9dbd7bfb99e32d73e,0x7c6b0b8c9fa8e157a05d6a0946900378e2a1dbbe0e6d6456e74b3a06cb295851
149,15.065,0.010500305,0xcdaa02719ede8291e0c0588e343377b0406d5a71,2017-09-19T00:23:57.000Z,0.000697,0xb8186b97012530dceadc931136bf6cc7e4237f10,buy,0x12fef5e57bf45873cd9b62e9dbd7bfb99e32d73e,0x9f53ae88c7bbd56e470cb74d078b300aabf3248e1d372ced349f4cfbbca348e8
150,41.52756004785126,0.024708898228471502,0xf0163f66ec80dda288e753e0a62c8eb71cd38684,2017-09-18T23:52:24.000Z,0.000595,0xb8186b97012530dceadc931136bf6cc7e4237f10,sell,0x12fef5e57bf45873cd9b62e9dbd7bfb99e32d73e,0xde608a8d918b73de36703dc5d480cb418c019aeeef47b854cede880b8e2f8e58
151,2958.4724399521488,1.7602911017715286,0xf0163f66ec80dda288e753e0a62c8eb71cd38684,2017-09-18T23:18:49.000Z,0.000595,0x16f1078c2808287e6e33ecb98f14a91ce5b14b2a,sell,0x12fef5e57bf45873cd9b62e9dbd7bfb99e32d73e,0x04b86f491ce2c9264857d96d4c70d1d0f0cbbb8fc7c6f2a80f1da176c9db9b6b
152,3000,1.95,0xf0163f66ec80dda288e753e0a62c8eb71cd38684,2017-09-18T23:17:08.000Z,0.00065,0x16f1078c2808287e6e33ecb98f14a91ce5b14b2a,sell,0x12fef5e57bf45873cd9b62e9dbd7bfb99e32d73e,0x4c5d25776441578fa12836b397ae85df8b31f48a317cc3dd7c692783aecf81e2
153,9000,5.85009,0xda390e00b63b110ab71bc31bf7d668e1deea8565,2017-09-18T23:16:47.000Z,0.00065001,0x16f1078c2808287e6e33ecb98f14a91ce5b14b2a,sell,0x12fef5e57bf45873cd9b62e9dbd7bfb99e32d73e,0x158b90cd89f9b7c716a40b140a056ee3957736943f353aadb99a19f7d9a783bd
154,55,0.03685,0xf0163f66ec80dda288e753e0a62c8eb71cd38684,2017-09-18T18:16:07.000Z,0.00067,0xb8186b97012530dceadc931136bf6cc7e4237f10,buy,0x12fef5e57bf45873cd9b62e9dbd7bfb99e32d73e,0xdc31d5fafa598331dbce93406f5b890c0aed9ef79197a43453f4bdb369e27963
155,4.292,0.003000108,0xc5e6fee2338f3869232f348dbce50e8dba37d2b3,2017-09-18T15:27:29.000Z,0.000699,0x009b56330ae5ec5042b9ca46ddb3043cc0d006f3,buy,0x12fef5e57bf45873cd9b62e9dbd7bfb99e32d73e,0x04ed6e311eaa2f9baf20a6676d551c76621914a31a791cf5919563e8f6fd7632
156,219.1010066595751,0.19938191606021333,0x5e2113ed022feebc901825f5ac0f57d84023a297,2017-09-18T05:01:15.000Z,0.00091,0xf8ce18f4aef4e5a451930a0ac8844f1263d950a7,buy,0x12fef5e57bf45873cd9b62e9dbd7bfb99e32d73e,0x980dea76931eb01122827eff25705cf6fb17b4fea71f58b4155648938c516b73
157,10,0.0078,0xbc452f81886d4e2b4a8af7767b78ac80cd94e7d7,2017-09-18T04:05:10.000Z,0.00078,0xb8186b97012530dceadc931136bf6cc7e4237f10,buy,0x12fef5e57bf45873cd9b62e9dbd7bfb99e32d73e,0x718b022773397a519fee934cc1a1f0d909ca5faf8d5a5ec7b4674bbdcf579a27
158,5.555,0.004444,0x926faf4321846800c037bef00d1fb9fac45813b9,2017-09-17T20:30:47.000Z,0.0008,0xb8186b97012530dceadc931136bf6cc7e4237f10,buy,0x12fef5e57bf45873cd9b62e9dbd7bfb99e32d73e,0xdf6dd0a7316172ed060adf88f5a4464b122abca4e30ea21fc463cc057ca15a3b
159,1249.3470556039688,1.1369058205996116,0x9a54474575fd3489d5262ff12ca2a4e4cd06bcb6,2017-09-17T17:57:06.000Z,0.00091,0xf8ce18f4aef4e5a451930a0ac8844f1263d950a7,buy,0x12fef5e57bf45873cd9b62e9dbd7bfb99e32d73e,0xfa8974a6271d991ddf5bfda72e8ec8b95e29ef6ada86b9f5d6676d7c76e88305
160,1652.5676147366223,1.5038365294103264,0x9a54474575fd3489d5262ff12ca2a4e4cd06bcb6,2017-09-17T17:41:26.000Z,0.00091,0xf8ce18f4aef4e5a451930a0ac8844f1263d950a7,buy,0x12fef5e57bf45873cd9b62e9dbd7bfb99e32d73e,0x6375715ac6902271fd9a86ace610f900a883155370e5e647ff0c0aaf51f5dc44
161,625,0.5,0x9a54474575fd3489d5262ff12ca2a4e4cd06bcb6,2017-09-17T17:33:51.000Z,0.0008,0x1fdf047bf7a114b37e7936d01e9cad754ad18803,buy,0x12fef5e57bf45873cd9b62e9dbd7bfb99e32d73e,0xc2770843475d17991ea6e260d81123a73ac84df7b46869d3a8cf096169629a8d
162,2552.057,1.86300161,0x9a54474575fd3489d5262ff12ca2a4e4cd06bcb6,2017-09-17T17:23:16.000Z,0.00073,0xfe1b80ecc5704b9f7c059af0d3d52f4a25bd4b40,buy,0x12fef5e57bf45873cd9b62e9dbd7bfb99e32d73e,0x7edcc8997c4be8c28854ac2d0037e3af06ed258f25453dfeabdf28ca4b1519b2
163,154.45,0.111204,0x9a54474575fd3489d5262ff12ca2a4e4cd06bcb6,2017-09-17T17:17:12.000Z,0.00072,0x48eaedfa6ab55f414a433f0778f55ed9b827e822,buy,0x12fef5e57bf45873cd9b62e9dbd7bfb99e32d73e,0x4238619d3a7532ff80ca480b8e66925d187b4247259559d28bb55da9b9c2f7e8
164,2719.7696694197048,1.6835374253707973,0xf2b1fdc974a80ae077f285421eb39e10403fb1f2,2017-09-17T14:58:27.000Z,0.000619,0x009b56330ae5ec5042b9ca46ddb3043cc0d006f3,buy,0x12fef5e57bf45873cd9b62e9dbd7bfb99e32d73e,0x52a70a0dd1473f8f09150f9f774ead0526e713390ba32b76b107a8f78d1c3eb1
165,7280.230330580295,4.506462574629203,0xf2b1fdc974a80ae077f285421eb39e10403fb1f2,2017-09-17T13:03:07.000Z,0.000619,0x009b56330ae5ec5042b9ca46ddb3043cc0d006f3,buy,0x12fef5e57bf45873cd9b62e9dbd7bfb99e32d73e,0x67a2a64951088fa067f2c51604a0bd5fe87624730830a9481fffcfaf56d1cc24
166,10000,6.09,0x9af723cdc53e63f40881631bd588df2833893246,2017-09-17T12:39:54.000Z,0.000609,0x009b56330ae5ec5042b9ca46ddb3043cc0d006f3,buy,0x12fef5e57bf45873cd9b62e9dbd7bfb99e32d73e,0x161baa4306559b31b3b4e0d2d63f47063f1205fa817258527390ce8ad57f6f26
167,368.506,0.21741854,0x9af723cdc53e63f40881631bd588df2833893246,2017-09-17T12:39:14.000Z,0.00059,0x1fdf047bf7a114b37e7936d01e9cad754ad18803,buy,0x12fef5e57bf45873cd9b62e9dbd7bfb99e32d73e,0x5808265823d73411231075fd0f4e19ec5ece10b5612dd631aa077934e679abf9
168,2777.8195233193164,1.6639138944682708,0x9af723cdc53e63f40881631bd588df2833893246,2017-09-17T12:39:14.000Z,0.000599,0x009b56330ae5ec5042b9ca46ddb3043cc0d006f3,buy,0x12fef5e57bf45873cd9b62e9dbd7bfb99e32d73e,0x992f2287b36ab2b06f043223533f0d0ce13c31777fc0784231379015c5119325
169,631.4937498952401,0.3725813124381916,0x1a6b3ff9c17ba22980281cf2a5fa829b994bbd20,2017-09-17T12:30:53.000Z,0.00059,0x1fdf047bf7a114b37e7936d01e9cad754ad18803,buy,0x12fef5e57bf45873cd9b62e9dbd7bfb99e32d73e,0x5048f5028e6f287a985553d1fa99590597ba3a9d8c3d81368f4ab310dcda1fdf
170,7222.180476680684,4.326086105531729,0xf2b1fdc974a80ae077f285421eb39e10403fb1f2,2017-09-17T12:00:38.000Z,0.000599,0x009b56330ae5ec5042b9ca46ddb3043cc0d006f3,buy,0x12fef5e57bf45873cd9b62e9dbd7bfb99e32d73e,0x3c8c553ee167a507a2a90f67f431d571977100b8c035d9897a20e1fbce7309cf
171,3085.013563724948,1.8170729890339947,0xf71e48a86109f40405859ecefd78b4374e03f68d,2017-09-17T11:55:53.000Z,0.000589,0x009b56330ae5ec5042b9ca46ddb3043cc0d006f3,buy,0x12fef5e57bf45873cd9b62e9dbd7bfb99e32d73e,0xa80fee7da87252f42a1cdc5215ab8186fbe9145f73e530e6adea0936b067e297
172,3181.986436275052,1.8741900109660055,0x5ef52c9f4066693a5c3145715f427f1aefe35c41,2017-09-17T11:49:41.000Z,0.000589,0x009b56330ae5ec5042b9ca46ddb3043cc0d006f3,buy,0x12fef5e57bf45873cd9b62e9dbd7bfb99e32d73e,0x77ea53abc59875d05a827e09127d4eac672adc901afb55993365bf5145a6bf9f
173,1018,0.599602,0xf732b16f5aee6cd2db5b30a7a3860764a48b19ff,2017-09-17T11:08:41.000Z,0.000589,0x009b56330ae5ec5042b9ca46ddb3043cc0d006f3,buy,0x12fef5e57bf45873cd9b62e9dbd7bfb99e32d73e,0x57553d7c320845352d86e756e99f7965ff810a7bf1d068dca93aa01386186661
174,1697,0.999533,0xf732b16f5aee6cd2db5b30a7a3860764a48b19ff,2017-09-17T11:02:51.000Z,0.000589,0x009b56330ae5ec5042b9ca46ddb3043cc0d006f3,buy,0x12fef5e57bf45873cd9b62e9dbd7bfb99e32d73e,0x4751e2a105f69252c382103312412ce49482f64fa1d6310802381466fca6836b
175,1018,0.599602,0xf732b16f5aee6cd2db5b30a7a3860764a48b19ff,2017-09-17T10:54:10.000Z,0.000589,0x009b56330ae5ec5042b9ca46ddb3043cc0d006f3,buy,0x12fef5e57bf45873cd9b62e9dbd7bfb99e32d73e,0x77085adcaf5cbce081061e15798f85569388fae5abc353a85c6c53edf151bae7
176,3437.75,1.99045725,0x75f157da5b8fe9cc61c40e8f9ba22d99cebc55d2,2017-09-17T10:45:45.000Z,0.000579,0x009b56330ae5ec5042b9ca46ddb3043cc0d006f3,buy,0x12fef5e57bf45873cd9b62e9dbd7bfb99e32d73e,0x76bd9427afeba393120608642d0566ef1e8f8f10ef0d7f8f664ffc14a361c796
177,2245.25,1.29999975,0x75f157da5b8fe9cc61c40e8f9ba22d99cebc55d2,2017-09-17T10:43:57.000Z,0.000579,0x009b56330ae5ec5042b9ca46ddb3043cc0d006f3,buy,0x12fef5e57bf45873cd9b62e9dbd7bfb99e32d73e,0xa4cdd2ad8b2c07ae5d2b335c6bf5854f41d417ef1ef4313f9b883ef0a09675e9
178,2590,1.49961,0xf732b16f5aee6cd2db5b30a7a3860764a48b19ff,2017-09-17T10:39:18.000Z,0.000579,0x009b56330ae5ec5042b9ca46ddb3043cc0d006f3,buy,0x12fef5e57bf45873cd9b62e9dbd7bfb99e32d73e,0x1a4d9fd5443a7fd9916df21e8f8b7cc3497c677f08cf9d529079fe84eb83c9f8
179,1727,0.999933,0xf732b16f5aee6cd2db5b30a7a3860764a48b19ff,2017-09-17T10:16:03.000Z,0.000579,0x009b56330ae5ec5042b9ca46ddb3043cc0d006f3,buy,0x12fef5e57bf45873cd9b62e9dbd7bfb99e32d73e,0x3975ad60a93a4daf0d8873ff4b3180d0c0d63f3e2d02a8924c83b2616830bbec
180,3457.163,1.794267597,0xf142f26d1cac4ba8a6e6d7974d243eda2fe5f4f9,2017-09-16T22:18:57.000Z,0.000519,0xa3d7dedda551204ccb03bd79aa87824cc453b8de,buy,0x12fef5e57bf45873cd9b62e9dbd7bfb99e32d73e,0xe74ea46b102cebac4af6b6ba764321bfdd26f20e245077617c612dfb7be7dfc4
181,0.9633911368015414,0.0005,0x42c24a83bded723edfdf5883bc7efb30bc1a1bf3,2017-09-16T17:06:39.000Z,0.000519,0xa3d7dedda551204ccb03bd79aa87824cc453b8de,buy,0x12fef5e57bf45873cd9b62e9dbd7bfb99e32d73e,0xafdb86335fe15ce065dc02dcbbd466ccc0ce689bc205ab4af2ebcbf75b5d0538
182,0.9633911368015414,0.0005,0x0f657c396dfcd6c59bb82b89fc3adbe5f90ce153,2017-09-16T15:22:41.000Z,0.000519,0xa3d7dedda551204ccb03bd79aa87824cc453b8de,buy,0x12fef5e57bf45873cd9b62e9dbd7bfb99e32d73e,0x797fc64ecb7fd8e0dfa6e965a551114781959b39655038b8a13f3e28a149d379
183,0.9633911368015414,0.0005,0x1f8ac99600c61189d92c85cc760735b9e0067a60,2017-09-16T14:47:37.000Z,0.000519,0xa3d7dedda551204ccb03bd79aa87824cc453b8de,buy,0x12fef5e57bf45873cd9b62e9dbd7bfb99e32d73e,0x711e40f52491359511f5846971789c96a0322c8c58d512c584d12e45494e5bda
184,996.9095803010667,0.45857840693849067,0x48eaedfa6ab55f414a433f0778f55ed9b827e822,2017-09-15T22:02:51.000Z,0.00046,0x0e3ad8aeea730eae70dee76606cd2cfd63f8ce64,sell,0x12fef5e57bf45873cd9b62e9dbd7bfb99e32d73e,0xbf5ee8cff0ecf66d6379964c431c8a35028d980c07b7c9e1bcb503dbeb70b1c6
185,0.9633911368015414,0.0005,0x8b24d80c6dd6e1af5a000e03ca8f00886a05f6f5,2017-09-15T04:55:13.000Z,0.000519,0xa3d7dedda551204ccb03bd79aa87824cc453b8de,buy,0x12fef5e57bf45873cd9b62e9dbd7bfb99e32d73e,0x2e7a9c1a13d6520e175c97c5d15532d1cf6e7b8c1dc2a4ff11a2524c72f3ff1a
186,14.737141357128971,0.006631713610708037,0xf0163f66ec80dda288e753e0a62c8eb71cd38684,2017-09-14T19:12:48.000Z,0.00045,0x107a983548e7827696b14a0133b3de330c63eb74,sell,0x12fef5e57bf45873cd9b62e9dbd7bfb99e32d73e,0x3de9e8bc4442efc927b6959c9da4eef543893197b6f6317e6067530c9929e481
187,0.9633911368015414,0.0005,0x4c2fb430e95954bcfa54ce4741a9fc2ff6e415ad,2017-09-13T20:35:11.000Z,0.000519,0xa3d7dedda551204ccb03bd79aa87824cc453b8de,buy,0x12fef5e57bf45873cd9b62e9dbd7bfb99e32d73e,0xd0aea58dba05dec9f3f9f66c3b0df6a1e7a19219943f216c0eb28269749f0ff3
188,191.90451020835545,0.09979034530834484,0xb6da5fc7c96e9df5414bef272977eb1575e9d83d,2017-09-13T05:16:36.000Z,0.00052,0x74e4162038caf7212620fa50ce744f76ed5365c0,buy,0x12fef5e57bf45873cd9b62e9dbd7bfb99e32d73e,0x5292795501ad316500da09c8d246c29c8e5d90654e02fe2fcc4fd79cedcb237c
189,1815.944969047411,0.9969537880070286,0xb6da5fc7c96e9df5414bef272977eb1575e9d83d,2017-09-13T05:13:19.000Z,0.000549,0xa3d7dedda551204ccb03bd79aa87824cc453b8de,buy,0x12fef5e57bf45873cd9b62e9dbd7bfb99e32d73e,0xf1e1202705b242a922527def21e5426946a221e94e8b568d3da94258994f04f8
190,1,0.00052,0xd6f29f2fb0a1dc783aeab42ce7ce9276f8e14a54,2017-09-13T02:34:48.000Z,0.00052,0x74e4162038caf7212620fa50ce744f76ed5365c0,buy,0x12fef5e57bf45873cd9b62e9dbd7bfb99e32d73e,0x8bb89bb41671816a17a24692bae42214430f7389768794a4bb1f35f877f6160e
191,50,0.026,0x16f1078c2808287e6e33ecb98f14a91ce5b14b2a,2017-09-12T17:15:51.000Z,0.00052,0x74e4162038caf7212620fa50ce744f76ed5365c0,buy,0x12fef5e57bf45873cd9b62e9dbd7bfb99e32d73e,0xf66c017d1778b0ad98ed83f4a0bd40a93a2fdf0871960b712c38215b7469f25c
192,1,0.000549,0xd6f29f2fb0a1dc783aeab42ce7ce9276f8e14a54,2017-09-12T11:12:19.000Z,0.000549,0xa3d7dedda551204ccb03bd79aa87824cc453b8de,buy,0x12fef5e57bf45873cd9b62e9dbd7bfb99e32d73e,0x6fa5bee1ce2a9980d5f7b47c1b668ecc758ffb03614c5381f8077bd528b3d0f6
193,665.295,0.21954735,0x669f0ab96fd3beb68bc836bb874894bbb516331a,2017-09-12T10:31:00.000Z,0.00033,0x8a19056d45216e6b395d2a25a043e5373681cc20,buy,0x12fef5e57bf45873cd9b62e9dbd7bfb99e32d73e,0xc027f4a284c5a62c534cbf2c4b76a88481685aff37ff6e8689b120b504d949c5
194,95,0.05225,0x93a623884cea473f5e9a37f2f75ecb2798dc4773,2017-09-11T22:23:05.000Z,0.00055,0xa3d7dedda551204ccb03bd79aa87824cc453b8de,sell,0x12fef5e57bf45873cd9b62e9dbd7bfb99e32d73e,0x89b9fb2af048a294e5a2f89e35ea0da166075ed1ae8e890ea14cdc609564457a
195,14953.643704516,6.7291396670322,0x16f1078c2808287e6e33ecb98f14a91ce5b14b2a,2017-09-11T21:54:55.000Z,0.00045,0x2df99c67ab681d8fe7dea4abd761f75207b188b5,sell,0x12fef5e57bf45873cd9b62e9dbd7bfb99e32d73e,0x33421a7f870ec9b5a916a6fbb00a5606fc186c698960695fb6af4e370e1d607d
196,11.8362019267795,0.00355086057803385,0x75f157da5b8fe9cc61c40e8f9ba22d99cebc55d2,2017-09-10T06:04:56.000Z,0.0003,0x6d3d0dfa885186833d6cf04f7890aab7d3b43cd1,sell,0x12fef5e57bf45873cd9b62e9dbd7bfb99e32d73e,0x6f0e084e024c2d3e7db23d8fd92bd59473b120a913b342764a7556639d6174bf
197,0.8650519031141869,0.0005,0x64b604630e055318093215b7ed41697ca4fb5de6,2017-09-10T04:02:49.000Z,0.000578,0x74e4162038caf7212620fa50ce744f76ed5365c0,buy,0x12fef5e57bf45873cd9b62e9dbd7bfb99e32d73e,0x1f2860ce71ef4b05f6cd57d767fa5b5c46cf743bca05a2037936e3951ebc14d2
198,154.449583242513,0.07569574074715561,0x48eaedfa6ab55f414a433f0778f55ed9b827e822,2017-09-09T18:33:52.000Z,0.0004901,0x56326386a8afc043a4ae70b02f5ab73727726acb,sell,0x12fef5e57bf45873cd9b62e9dbd7bfb99e32d73e,0x682b4ad29a8b2410906ec0f43dea4793f300ddb45bd8a42b76f3a554705f1217
199,1000,0.491,0x1fdf047bf7a114b37e7936d01e9cad754ad18803,2017-09-09T18:13:18.000Z,0.000491,0x56326386a8afc043a4ae70b02f5ab73727726acb,sell,0x12fef5e57bf45873cd9b62e9dbd7bfb99e32d73e,0xa7adb465c3eb3e13de0a5e0151ef8f93a510403a9189be6b0ebffa7a95575bb7
200,1000,0.5,0xf142f26d1cac4ba8a6e6d7974d243eda2fe5f4f9,2017-09-08T20:55:38.000Z,0.0005,0x01669fe4d8196c981ecbffe5631b1874c818245e,buy,0x12fef5e57bf45873cd9b62e9dbd7bfb99e32d73e,0x0277037684e9452aa31219c5b39b693280e6c96e59b207cf4f5c6fa9de367916
201,99.54705596650383,0.04878801212918353,0x48eaedfa6ab55f414a433f0778f55ed9b827e822,2017-09-08T11:39:39.000Z,0.0004901,0x21fcfd025f3aa98591798f3b1d8fc23efe905463,sell,0x12fef5e57bf45873cd9b62e9dbd7bfb99e32d73e,0xed8383b4fe6388a67d1923a40f4ac99e1f5ce34cd852f2dd119b6ab71eb28207
202,100,0.051,0x87983902d569e393bc1eca07b076df9dbcfb5ec7,2017-09-08T11:34:47.000Z,0.00051,0x21fcfd025f3aa98591798f3b1d8fc23efe905463,sell,0x12fef5e57bf45873cd9b62e9dbd7bfb99e32d73e,0xcef74e83d0374f9a0441b5dd0819df5298b4a3212b601b24074093f980456b1c
203,75,0.06,0x9310929406050fcca085623b26611fedb1222cac,2017-09-07T19:16:18.000Z,0.0008,0x1fdf047bf7a114b37e7936d01e9cad754ad18803,buy,0x12fef5e57bf45873cd9b62e9dbd7bfb99e32d73e,0x131fdfe96a52407329bc8cea742c854bf8a888f94b7e83b42fa2e1b1ea4b86a2
204,1906.3989040181982,1.048519397210009,0x9310929406050fcca085623b26611fedb1222cac,2017-09-07T17:36:23.000Z,0.00055,0x097501c95264ad3204159efaefdc5820783dbeae,sell,0x12fef5e57bf45873cd9b62e9dbd7bfb99e32d73e,0x38212ead6a1e27cb6422db385ca99e2a2be1a411f8931226572c50bc13c55499
205,3087.4062065457715,1.6980734136001743,0x9310929406050fcca085623b26611fedb1222cac,2017-09-07T13:30:40.000Z,0.00055,0x097501c95264ad3204159efaefdc5820783dbeae,sell,0x12fef5e57bf45873cd9b62e9dbd7bfb99e32d73e,0x6c892d0644f81d551862eee4fb0b5ec67d7c697213f4a89671d4b654a7b3ffc5
206,207.08,0.1118232,0x8a19056d45216e6b395d2a25a043e5373681cc20,2017-09-07T01:05:04.000Z,0.00054,0x56326386a8afc043a4ae70b02f5ab73727726acb,sell,0x12fef5e57bf45873cd9b62e9dbd7bfb99e32d73e,0xd2f83aa3b88c49bc82aa151c40398ba078e1eb89e7e0b30d4c87cdcb8f0d2548
207,1365.6296169505647,0.9969096203739123,0x56326386a8afc043a4ae70b02f5ab73727726acb,2017-09-06T17:13:25.000Z,0.00073,0xfe1b80ecc5704b9f7c059af0d3d52f4a25bd4b40,buy,0x12fef5e57bf45873cd9b62e9dbd7bfb99e32d73e,0x9a25d0d329a5c5c8be501bc6ec99a954207ebf23303651b1502984d89d14b051
208,0.6264102367298996,0.000338261527834145,0x8a19056d45216e6b395d2a25a043e5373681cc20,2017-09-06T16:24:09.000Z,0.0005399999999999987,0x0024a5046fd95c5eee6db19a69ef7ed3bacd50f1,sell,0x12fef5e57bf45873cd9b62e9dbd7bfb99e32d73e,0x33cf3261b3210acd98d4ea766457d75a44f8788392e4034e061f37192d259480
209,0.6264102367298996,0.000338261527834145,0x8a19056d45216e6b395d2a25a043e5373681cc20,2017-09-06T15:59:02.000Z,0.0005399999999999987,0x6d3d0dfa885186833d6cf04f7890aab7d3b43cd1,sell,0x12fef5e57bf45873cd9b62e9dbd7bfb99e32d73e,0xea5591768e78c21fb8fcc1723951990b767bc3cdc63530a074ac858c7a694fe8
210,456.962795,0.2467599093,0x8a19056d45216e6b395d2a25a043e5373681cc20,2017-09-06T11:31:16.000Z,0.00054,0xf5bedf0fdb48e812d91b352e5ffa9c402ce6bbf4,buy,0x12fef5e57bf45873cd9b62e9dbd7bfb99e32d73e,0x075cf66c342353e0acb5615ef8e0866ec1ca4d8e8d91c17670a833f412c6ee24
211,900,0.486,0xd62154498b1e526f0cfbd89ef72fda86bd8a873e,2017-09-06T04:52:00.000Z,0.00054,0xf5bedf0fdb48e812d91b352e5ffa9c402ce6bbf4,buy,0x12fef5e57bf45873cd9b62e9dbd7bfb99e32d73e,0x05eeabef273fa64d39454129bfb7c7c514a6ecfff5a57e217e3b22b2a88d7552
212,4100.735,2.029863825,0xd62154498b1e526f0cfbd89ef72fda86bd8a873e,2017-09-06T01:59:35.000Z,0.000495,0xf5bedf0fdb48e812d91b352e5ffa9c402ce6bbf4,sell,0x12fef5e57bf45873cd9b62e9dbd7bfb99e32d73e,0xb360aa3537e40f2b8425e619eaf2416933001313a5c18f5510474def5e8a6a44
213,0.000000001068769353,0.00000000000052904,0xd62154498b1e526f0cfbd89ef72fda86bd8a873e,2017-09-05T06:06:34.000Z,0.0004949992236538242,0x534cacb922c009e510fb25e0d89d307d15a8392f,sell,0x12fef5e57bf45873cd9b62e9dbd7bfb99e32d73e,0x8534e5f47eb77ac037d0ae3097e295724a444c1b96cc436f46ce838ff01227ed
214,2799.725903334928,1.5118519878008612,0xf0163f66ec80dda288e753e0a62c8eb71cd38684,2017-09-05T05:58:11.000Z,0.00054,0xd75dcde9728743da121fe7b5b1ebc0503fdd5e9d,sell,0x12fef5e57bf45873cd9b62e9dbd7bfb99e32d73e,0x1a41cbf6afde68b49ba6129f7d4670715f63772240c088beeca1dd1e39b43630
215,0.000010720825368118,0.000000005789245698,0xf0163f66ec80dda288e753e0a62c8eb71cd38684,2017-09-05T04:49:14.000Z,0.0005399999999268975,0x534cacb922c009e510fb25e0d89d307d15a8392f,sell,0x12fef5e57bf45873cd9b62e9dbd7bfb99e32d73e,0x697b9f415333972418fd577eb3ab0c34899cef7c1120e6d87ef1724a76dea85d
216,0.16654534497904988,0.000089934486288686,0xf0163f66ec80dda288e753e0a62c8eb71cd38684,2017-09-05T04:29:17.000Z,0.0005399999999999944,0xdcf93441dd681e2cac27bff4d6db7e5036f25bad,sell,0x12fef5e57bf45873cd9b62e9dbd7bfb99e32d73e,0x9f89a063bdad2c525206a78d50f960c820736b73c3f3efe07dbe59015b61be8b
217,8.121500075874394,0.004872900045524635,0x2c33b6fb9801a4d41a95c5d87da53c0657e855c3,2017-09-04T11:19:33.000Z,0.0005999999999999998,0x7a01b2a7e3fd833dd3fc301bd7ace0991293ee89,sell,0x12fef5e57bf45873cd9b62e9dbd7bfb99e32d73e,0x71dfd938298ad7dcb7f486d34960aa3b72737fba989bff3743051e5a83b09379
218,300,0.18,0x48eaedfa6ab55f414a433f0778f55ed9b827e822,2017-09-04T10:01:41.000Z,0.0006,0xd75dcde9728743da121fe7b5b1ebc0503fdd5e9d,sell,0x12fef5e57bf45873cd9b62e9dbd7bfb99e32d73e,0x2dc0dc75c13f140e07784f2fc3cb2034182739109307b630923ae4fa7068e0b9
219,100,0.073,0x7d114b5bc46a424a2818fdce8fe688ee5e8c41f5,2017-09-04T07:11:22.000Z,0.00073,0xfe1b80ecc5704b9f7c059af0d3d52f4a25bd4b40,buy,0x12fef5e57bf45873cd9b62e9dbd7bfb99e32d73e,0x7cec081559e2352d6474d81fe00a6883f1a1f8d14775283b9e70d21c7e21047e
220,190,0.1425,0xcbcc6fe70270ea19219cac002524e21ba992780e,2017-09-04T01:33:00.000Z,0.00075,0x53619359d4e877a5951c824ab839dfab300e6b17,buy,0x12fef5e57bf45873cd9b62e9dbd7bfb99e32d73e,0x79ecc7cef59a2cfd0a29f1fddd1c93b14f7c93372a35894e47eb757f394fb054
221,1,0.00073,0x26a89d6a6a9470ac84734658a795e66662dd4ebd,2017-09-03T19:15:04.000Z,0.00073,0xfe1b80ecc5704b9f7c059af0d3d52f4a25bd4b40,buy,0x12fef5e57bf45873cd9b62e9dbd7bfb99e32d73e,0x7401016acacb233a835ea211a0207ee724f49bc31ef8e931d08fbda6ba51a21c
222,4.986537292753312,0.002493268646376655,0x75f157da5b8fe9cc61c40e8f9ba22d99cebc55d2,2017-09-02T20:46:26.000Z,0.0004999999999999998,0xa2b16e3b6b64771396c925e61fefd851e757e38e,sell,0x12fef5e57bf45873cd9b62e9dbd7bfb99e32d73e,0x639d18dc50df51363415b663aac8fab1443e4f47512f9aac6cef61e0098e28d6
223,30,0.02244,0xfd0f38b78a9b799061264bc6ece94f3bffe1a3eb,2017-09-02T20:27:08.000Z,0.000748,0xf5bedf0fdb48e812d91b352e5ffa9c402ce6bbf4,buy,0x12fef5e57bf45873cd9b62e9dbd7bfb99e32d73e,0x87d56531aa47a466cd36d0a3276127142d7e50e70166b60b7c0616e1312d1cb8
224,1078.7397512532204,0.7011808383145933,0x708416775b69e3d3d6c634ffdf91778a161d30bd,2017-09-01T12:19:08.000Z,0.00065,0x534cacb922c009e510fb25e0d89d307d15a8392f,sell,0x12fef5e57bf45873cd9b62e9dbd7bfb99e32d73e,0x7051658a26d8e5b757bb0577c37316b05b12d3796438bcc9d1f7d9174743176f
225,1731.6578606320406,1.1255776094108265,0x708416775b69e3d3d6c634ffdf91778a161d30bd,2017-09-01T11:18:57.000Z,0.00065,0x097501c95264ad3204159efaefdc5820783dbeae,sell,0x12fef5e57bf45873cd9b62e9dbd7bfb99e32d73e,0xc237548153e999a60252148cbf254691e0236ee858c8526497d7143a5d823d64
226,1670.6163554848492,1.085900631065152,0x708416775b69e3d3d6c634ffdf91778a161d30bd,2017-09-01T11:02:09.000Z,0.00065,0xdcf93441dd681e2cac27bff4d6db7e5036f25bad,sell,0x12fef5e57bf45873cd9b62e9dbd7bfb99e32d73e,0xcb7c8de97d0b6b3a7a70bc0d4c49939ba61007f69e00a5cae6d0c6a356580b2c
227,2899.274861113907,2.0352909525019625,0x65e4f5068f277398473d89038a9392f6cecbbd1b,2017-09-01T04:08:12.000Z,0.000702,0x6a47cf82e4149fe6986d5b0bfd69daf8d3590982,buy,0x12fef5e57bf45873cd9b62e9dbd7bfb99e32d73e,0x6b6c0ce6a6a1d73656288dc0f4e90b7cdd9cead7228c5a8a3e375de3412028ca
228,0.2251388860932621,0.00015804749803747,0x65e4f5068f277398473d89038a9392f6cecbbd1b,2017-09-01T04:02:14.000Z,0.000702,0x6a47cf82e4149fe6986d5b0bfd69daf8d3590982,buy,0x12fef5e57bf45873cd9b62e9dbd7bfb99e32d73e,0x10bcb70fc2bfa455ce2649f0ca95e66c3920c75493bafd988102dae090685cc8
229,0.5,0.000351,0x98f0deb428b74fb5302d250af5d55e77c8519f2a,2017-08-30T13:40:15.000Z,0.000702,0x6a47cf82e4149fe6986d5b0bfd69daf8d3590982,buy,0x12fef5e57bf45873cd9b62e9dbd7bfb99e32d73e,0xf936b154e7587f40db64677888808854754c2eb6b841d30b8b5e63099b9cc995
230,100,0.0625,0x87983902d569e393bc1eca07b076df9dbcfb5ec7,2017-08-30T12:16:32.000Z,0.000625,0xb5824adc3f5b58df09a7c8e8ffa3ca54592cc8e4,sell,0x12fef5e57bf45873cd9b62e9dbd7bfb99e32d73e,0xd4f5bfcd120098b14aef1cf9033b8c1cb18c3069ac216d597d670edc2bf17aef
231,1710,1.1457,0x5b062f506b0947c2ac0712471590ee6bc1d9d37f,2017-08-30T10:46:40.000Z,0.00067,0xb5824adc3f5b58df09a7c8e8ffa3ca54592cc8e4,sell,0x12fef5e57bf45873cd9b62e9dbd7bfb99e32d73e,0xc6469209c96b5797987e2c77be4fdbc42d626575eb5d47e626191642f25a84ed
232,0.000014558606250331,0.000000010991747719,0x6e59e3cdc791591ba85217a5ffd11dbf3d77ad9e,2017-08-30T06:41:52.000Z,0.0007550000000000065,0xb5824adc3f5b58df09a7c8e8ffa3ca54592cc8e4,buy,0x12fef5e57bf45873cd9b62e9dbd7bfb99e32d73e,0xc0897caa6be41a10214fcf2bcff867d40e71d33de755ad31b9d8f85c3ecc764a
233,505.7415040603634,0.36413388292346166,0xb939db5700b9a08ecaf6f26b28587e9fe8477078,2017-08-30T05:54:35.000Z,0.00072,0xc4092f51ebed74fb74484bded74e1ebb4c5f0b05,sell,0x12fef5e57bf45873cd9b62e9dbd7bfb99e32d73e,0xa74577b3a6e13767344f190510885411386e477932f7bb4941fcf7e65ead1ccc
234,2900,2.03,0x6a47cf82e4149fe6986d5b0bfd69daf8d3590982,2017-08-30T05:54:08.000Z,0.0007,0xc4092f51ebed74fb74484bded74e1ebb4c5f0b05,sell,0x12fef5e57bf45873cd9b62e9dbd7bfb99e32d73e,0x512e9a541e47706f93a51136c9d27a3685f9035fd335f3bc43e23e98b3254a4e
235,19.955583608469016,0.01436802019809769,0xb939db5700b9a08ecaf6f26b28587e9fe8477078,2017-08-30T05:51:43.000Z,0.0007199999999999999,0xa2b16e3b6b64771396c925e61fefd851e757e38e,sell,0x12fef5e57bf45873cd9b62e9dbd7bfb99e32d73e,0xe65ab5615bbd8249635c9bd67df273c1bd593b23758772a0c826082cde8d8b2e
236,10,0.00817,0x8ad8547a5903775d395b63fcacc6bc189e0adedb,2017-08-30T03:43:41.000Z,0.000817,0xc4092f51ebed74fb74484bded74e1ebb4c5f0b05,buy,0x12fef5e57bf45873cd9b62e9dbd7bfb99e32d73e,0x298c12f94fa0d6fc539d52239777b7cdea68758ce03c887325b7296f324c2e8d
237,27,0.02241,0x3de03fdf5597385f48244b5c100ee25bac9cedf9,2017-08-29T22:46:16.000Z,0.00083,0xf8ce18f4aef4e5a451930a0ac8844f1263d950a7,buy,0x12fef5e57bf45873cd9b62e9dbd7bfb99e32d73e,0xe2525859bee7b7c9d9b8ca8000c6c8ae579ab830b4105acd022608158bb44047
238,700,0.532,0x1fdf047bf7a114b37e7936d01e9cad754ad18803,2017-08-29T22:37:09.000Z,0.00076,0xc4092f51ebed74fb74484bded74e1ebb4c5f0b05,sell,0x12fef5e57bf45873cd9b62e9dbd7bfb99e32d73e,0x2b7b8e68cd2875845b5fe3fb1f37614d0c43a88509ed76747f058af30616bf00
239,327,0.27141,0x929b8000365cd35e3bde5257068fb23fe918aef5,2017-08-29T21:18:32.000Z,0.00083,0xf8ce18f4aef4e5a451930a0ac8844f1263d950a7,buy,0x12fef5e57bf45873cd9b62e9dbd7bfb99e32d73e,0x0740d4dff28feef3a9c979e3b1832dae2c2075c2581c763812c94ba16f45f0be
240,1366,1.132414,0x929b8000365cd35e3bde5257068fb23fe918aef5,2017-08-29T21:07:05.000Z,0.000829,0xc4092f51ebed74fb74484bded74e1ebb4c5f0b05,buy,0x12fef5e57bf45873cd9b62e9dbd7bfb99e32d73e,0xb342dde55a3cad072e9b44437748ba3ec2afe9a819216fbd8b85d26b3d0c14cb
241,1359,1.10079,0x929b8000365cd35e3bde5257068fb23fe918aef5,2017-08-29T20:31:54.000Z,0.00081,0x03779efad7c84eacaea6f3bb20c2f3d94033a2bd,buy,0x12fef5e57bf45873cd9b62e9dbd7bfb99e32d73e,0x0043b29dd4e6e221cccc71f95d39b6b0a077f5e5bfa38b2edd9130a9204823d5
242,1724.0351834356948,1.3792281467485559,0x5b062f506b0947c2ac0712471590ee6bc1d9d37f,2017-08-29T17:15:27.000Z,0.0008,0xff684104992bd26b6326bca4620d733526c0ddb1,sell,0x12fef5e57bf45873cd9b62e9dbd7bfb99e32d73e,0xb1eeceb43719450fad8df56e58ced01de2545b95ccad148a250e47ad02227d9d
243,1570.3292434552886,1.256263394764231,0x5b062f506b0947c2ac0712471590ee6bc1d9d37f,2017-08-29T16:36:25.000Z,0.0008,0xff684104992bd26b6326bca4620d733526c0ddb1,sell,0x12fef5e57bf45873cd9b62e9dbd7bfb99e32d73e,0x43e767bfe352040159c936d4ded547ffa707c25d80a0ac701ae130de957ea7e9
244,1218.285176997154,1.0111766969076377,0xf71e48a86109f40405859ecefd78b4374e03f68d,2017-08-29T08:24:51.000Z,0.00083,0xf8ce18f4aef4e5a451930a0ac8844f1263d950a7,buy,0x12fef5e57bf45873cd9b62e9dbd7bfb99e32d73e,0x1222a05f86cfd104fb879634efb040d4099fe14b737f5f8c6782a6cf9788f46c
245,3.09,0.002163,0xb5824adc3f5b58df09a7c8e8ffa3ca54592cc8e4,2017-08-29T07:43:25.000Z,0.0007,0x5446e71152ec97d531d08f3ddfbf1dc726b54ed1,sell,0x12fef5e57bf45873cd9b62e9dbd7bfb99e32d73e,0xa25c727fd9fd99611c671f53e1105dc8bf7680050f2ed24cdd3b97b9e159734f
246,20000,14,0x669f0ab96fd3beb68bc836bb874894bbb516331a,2017-08-29T06:46:37.000Z,0.0007,0x5446e71152ec97d531d08f3ddfbf1dc726b54ed1,buy,0x12fef5e57bf45873cd9b62e9dbd7bfb99e32d73e,0xfe6cdbd4464f16e11282005da0e5eed7215953bae6a66498fea2c598edee5260
247,1845,1.49445,0x097501c95264ad3204159efaefdc5820783dbeae,2017-08-29T06:11:17.000Z,0.00081,0xc7a80c3f5e639658329398fa87fc5f9b3f0bb03a,buy,0x12fef5e57bf45873cd9b62e9dbd7bfb99e32d73e,0xe14107a3150cd77287604366c4e9d069a6493a7d4071bc43886d815b481ae65c
248,1500,1.2,0x097501c95264ad3204159efaefdc5820783dbeae,2017-08-29T05:18:30.000Z,0.0008,0x1fdf047bf7a114b37e7936d01e9cad754ad18803,buy,0x12fef5e57bf45873cd9b62e9dbd7bfb99e32d73e,0x56b72a54534befd31d6d405e45f4c857c09fecc6229b2fca85e216b75525fc9f
249,1500,1.065,0x1fdf047bf7a114b37e7936d01e9cad754ad18803,2017-08-29T04:53:59.000Z,0.00071,0xc7a80c3f5e639658329398fa87fc5f9b3f0bb03a,sell,0x12fef5e57bf45873cd9b62e9dbd7bfb99e32d73e,0x56fd4e1d373413f80e6b29858f6d0f20db0dabba3ce3e21db62c27c753ac1b4c
250,996.9095803010667,0.6978367062107467,0xb5824adc3f5b58df09a7c8e8ffa3ca54592cc8e4,2017-08-29T04:07:56.000Z,0.0007,0x2225a9f0eab5dbb9c0140d1a08e509543aeb6ae7,sell,0x12fef5e57bf45873cd9b62e9dbd7bfb99e32d73e,0xcb038dd3356544bbb25a911caf2bc5e5f474b4ecd660c65830f6de6cb44a3189
251,1200,0.888,0x03779efad7c84eacaea6f3bb20c2f3d94033a2bd,2017-08-29T04:01:51.000Z,0.00074,0xc1562fc904c7b794711bc708c1969e148a2ec80b,sell,0x12fef5e57bf45873cd9b62e9dbd7bfb99e32d73e,0xc6a99fea902b5a5103eb622dce15ed5e563c08752153c07c8aa5e0dfc1005a8c
252,2,0.0017,0x2c82588148c968b19fd185a54aaff6e7643b2ebd,2017-08-29T03:59:55.000Z,0.00085,0xc1562fc904c7b794711bc708c1969e148a2ec80b,sell,0x12fef5e57bf45873cd9b62e9dbd7bfb99e32d73e,0xbb35525b2ad4b5a7c6e4bb3e0e5ecdcd0ca56eb38178bb605ece56c1c44a83d5
253,1200,0.888,0x03779efad7c84eacaea6f3bb20c2f3d94033a2bd,2017-08-29T03:40:40.000Z,0.00074,0xc7a80c3f5e639658329398fa87fc5f9b3f0bb03a,sell,0x12fef5e57bf45873cd9b62e9dbd7bfb99e32d73e,0xc0c56784c518ecc10ef400ef52c731a8d603a347bfcdb8e985eca2f77c93fe1e
254,21841.841429239666,18.565565214853716,0xc7a80c3f5e639658329398fa87fc5f9b3f0bb03a,2017-08-29T00:57:27.000Z,0.00085,0x9a7b483489ecc9c2902bcf02d3d77cdc7618867e,buy,0x12fef5e57bf45873cd9b62e9dbd7bfb99e32d73e,0xcee72b3500040e2bae3de7f7ef4d3928b6de8e4ebf6da37fa8e3f32110fda0ec
255,15000,12.45,0x00009277775ac7d0d59eaad8fee3d10ac6c805e8,2017-08-28T22:45:08.000Z,0.00083,0xf8ce18f4aef4e5a451930a0ac8844f1263d950a7,buy,0x12fef5e57bf45873cd9b62e9dbd7bfb99e32d73e,0x5888989e3a1f592476805911a07dfbd1f2aa8f54264c9af2ed38d3a76a0a3536
256,911.3091160636316,0.7563865663328142,0xb543dc837dad5e6dd2b896e7ced4cc48644d1eaf,2017-08-28T17:13:42.000Z,0.00083,0xf8ce18f4aef4e5a451930a0ac8844f1263d950a7,buy,0x12fef5e57bf45873cd9b62e9dbd7bfb99e32d73e,0x02804229e6c5839be3e57b594e78e2f819cb60a61a6a46f767912f65d1583143
257,540.8952661868523,0.4489430709350874,0xdcf93441dd681e2cac27bff4d6db7e5036f25bad,2017-08-28T17:13:00.000Z,0.00083,0xf8ce18f4aef4e5a451930a0ac8844f1263d950a7,buy,0x12fef5e57bf45873cd9b62e9dbd7bfb99e32d73e,0x4f12e64e2a58d74f83214e16aed2f6cc7c8250375902930998dc7ff96d9e2aa8
258,7228.916,6.00000028,0xb543dc837dad5e6dd2b896e7ced4cc48644d1eaf,2017-08-28T17:09:12.000Z,0.00083,0xf8ce18f4aef4e5a451930a0ac8844f1263d950a7,buy,0x12fef5e57bf45873cd9b62e9dbd7bfb99e32d73e,0x20d6766d6a51082371780a1bec11f9f86cca78208c6814fb8cf631255156c72d
259,16318.879617749517,13.544670082732098,0x83b70119c2ae3793963dbfbdeb4e9d767acf49b9,2017-08-28T17:06:58.000Z,0.00083,0xf8ce18f4aef4e5a451930a0ac8844f1263d950a7,buy,0x12fef5e57bf45873cd9b62e9dbd7bfb99e32d73e,0xbc1c3e4038b311267159383f922efcd2cb21ae64598238a8b2b0380b1218ba6d
260,4105.692666378896,3.403619220428105,0x83b70119c2ae3793963dbfbdeb4e9d767acf49b9,2017-08-28T17:05:07.000Z,0.000829,0x009b56330ae5ec5042b9ca46ddb3043cc0d006f3,buy,0x12fef5e57bf45873cd9b62e9dbd7bfb99e32d73e,0xe9ab93be1a1aa66cace5b1b2c4381707b36a161597ec24912239612ec4d89d2b
261,5894.307333621104,4.886380779571895,0x83b70119c2ae3793963dbfbdeb4e9d767acf49b9,2017-08-28T17:00:38.000Z,0.000829,0x009b56330ae5ec5042b9ca46ddb3043cc0d006f3,buy,0x12fef5e57bf45873cd9b62e9dbd7bfb99e32d73e,0xa8dbd975825fc107ca3a09807fbe09197360161253dd1c4c7899de43a2d48a17
262,131.89989409238157,0.1067070143207367,0xb543dc837dad5e6dd2b896e7ced4cc48644d1eaf,2017-08-28T17:00:04.000Z,0.000809,0x009b56330ae5ec5042b9ca46ddb3043cc0d006f3,buy,0x12fef5e57bf45873cd9b62e9dbd7bfb99e32d73e,0x79d29ead0083a365850881959e09c25dfa8aec61bef779768db6f7e60b912415
263,3819.53,3.08999977,0x83b70119c2ae3793963dbfbdeb4e9d767acf49b9,2017-08-28T16:59:43.000Z,0.000809,0x009b56330ae5ec5042b9ca46ddb3043cc0d006f3,buy,0x12fef5e57bf45873cd9b62e9dbd7bfb99e32d73e,0x1f6026fb06978a9ff16a167a8162aaadcdfb530c9a726b8b93d665949554e41f
264,9868.100105907619,7.983292985679263,0x83b70119c2ae3793963dbfbdeb4e9d767acf49b9,2017-08-28T16:56:23.000Z,0.000809,0x009b56330ae5ec5042b9ca46ddb3043cc0d006f3,buy,0x12fef5e57bf45873cd9b62e9dbd7bfb99e32d73e,0x3995e0995b8e653df5fff207642f116966d93a28548f6c0e321eacf9cda7194d
265,6180.47,5.00000023,0xc8cf6b135a4254d2412d45827e94e5d712f062a2,2017-08-28T16:48:06.000Z,0.000809,0x009b56330ae5ec5042b9ca46ddb3043cc0d006f3,buy,0x12fef5e57bf45873cd9b62e9dbd7bfb99e32d73e,0xe2c8c0b923c937e96071f6985f6f8015cae51e39b51d6b42df558566071e65b9
266,7163.999814131778,5.731199851305423,0x37fe6beb296fde7d87f46777cbd30fab37ccdd2e,2017-08-28T16:43:19.000Z,0.0008,0x9a7b483489ecc9c2902bcf02d3d77cdc7618867e,buy,0x12fef5e57bf45873cd9b62e9dbd7bfb99e32d73e,0x37d76f787cfcac51b3e87fc3232d9451fd12d5d6e1d44ea470b094d06eb7f53e
267,10.069,0.0080552,0x4da4ee0ffa7dda1761d4d2ac0da11f382df2f23a,2017-08-28T11:10:28.000Z,0.0008,0x9a7b483489ecc9c2902bcf02d3d77cdc7618867e,buy,0x12fef5e57bf45873cd9b62e9dbd7bfb99e32d73e,0xe3e7a382969998740cb024d039345395ac58295d3156ea70cb8076b4c7465b7c
268,87.22958827634334,0.06978367062107467,0xf894e8a38533304a5d49882ecf5b2ead4d9cf0f3,2017-08-27T11:40:28.000Z,0.0008,0x9a7b483489ecc9c2902bcf02d3d77cdc7618867e,buy,0x12fef5e57bf45873cd9b62e9dbd7bfb99e32d73e,0x8be9568cdfe5f89767e6001d88b574faef43936cb76cf5eb5ff8d3c8d9651a2b
269,0.0000000000004225,0.000000000000000338,0xf894e8a38533304a5d49882ecf5b2ead4d9cf0f3,2017-08-27T11:35:11.000Z,0.0008,0x9a7b483489ecc9c2902bcf02d3d77cdc7618867e,buy,0x12fef5e57bf45873cd9b62e9dbd7bfb99e32d73e,0x6547c59f266255bd51179bcd08cd905f9f4f7e9d4dbfe26f182f1c60c22454c0
270,0.0000000042337175,0.000000000003386974,0xf894e8a38533304a5d49882ecf5b2ead4d9cf0f3,2017-08-27T11:29:48.000Z,0.0008,0x9a7b483489ecc9c2902bcf02d3d77cdc7618867e,buy,0x12fef5e57bf45873cd9b62e9dbd7bfb99e32d73e,0x678633e47c8ee75367f1ac37de57a6add21375c98fc4fcb19607e1e0f4d334c2
271,0.00004246841343875,0.000000033974730751,0xf894e8a38533304a5d49882ecf5b2ead4d9cf0f3,2017-08-27T11:27:15.000Z,0.0008,0x9a7b483489ecc9c2902bcf02d3d77cdc7618867e,buy,0x12fef5e57bf45873cd9b62e9dbd7bfb99e32d73e,0xf259ace27f60d41cf686c39f5f96b949ab677939de06cdecf400b36a6d8a8534
272,0.4260006551964863,0.000340800524157189,0xf894e8a38533304a5d49882ecf5b2ead4d9cf0f3,2017-08-27T11:23:12.000Z,0.0008,0x9a7b483489ecc9c2902bcf02d3d77cdc7618867e,buy,0x12fef5e57bf45873cd9b62e9dbd7bfb99e32d73e,0x372cd3e6746dac219bb1370284aee154ff7b611639d47197c3dac74f6bb05eb7
273,4273.212572275945,3.4185700578207556,0xf894e8a38533304a5d49882ecf5b2ead4d9cf0f3,2017-08-27T11:20:05.000Z,0.0008,0x9a7b483489ecc9c2902bcf02d3d77cdc7618867e,buy,0x12fef5e57bf45873cd9b62e9dbd7bfb99e32d73e,0x76e297765a7dc265cb73e1d8e15d22c1238cdf3d146371b969787e795b7173aa
274,725,0.569125,0xf894e8a38533304a5d49882ecf5b2ead4d9cf0f3,2017-08-27T11:18:41.000Z,0.000785,0xb543dc837dad5e6dd2b896e7ced4cc48644d1eaf,buy,0x12fef5e57bf45873cd9b62e9dbd7bfb99e32d73e,0xfc19f932105219d9d5dbb2bc6b8886d1c25a28303b70141e751e6fa7bac53735
275,2.5309345927624363,0.001519066942576014,0xe809d458ea42a11be877d91929280a798a17cea0,2017-08-27T09:59:04.000Z,0.0006001999999999998,0x6e6c130bdc85fdc61f40920722217c5919af5a03,sell,0x12fef5e57bf45873cd9b62e9dbd7bfb99e32d73e,0x281849cb1762aebfa96847a6b71b21ec4c7b7e3ce74d55c8ca0a1b356e81f57d
276,2700,2.1195,0x6ed8cd17ee5453e17eb731a6b2004af53ea1f26a,2017-08-26T23:14:07.000Z,0.000785,0xb543dc837dad5e6dd2b896e7ced4cc48644d1eaf,buy,0x12fef5e57bf45873cd9b62e9dbd7bfb99e32d73e,0xb051de6badded489e64c2eef6cf81ad9561529c80d729160cb7f76b01de8aeb8
277,498.45479015053337,0.3912870102681687,0xe045849b4dc45fad6663d729b5daa3c687659a24,2017-08-26T18:53:13.000Z,0.000785,0x686ffabf44417c48ac80d0b56232ffaf699d2987,sell,0x12fef5e57bf45873cd9b62e9dbd7bfb99e32d73e,0x74eb1c861d37d9443aa373b68023f8b7a6aeb0a2435e312798c7026075091929
278,100,0.08,0x686ffabf44417c48ac80d0b56232ffaf699d2987,2017-08-26T07:25:08.000Z,0.0008,0x9a7b483489ecc9c2902bcf02d3d77cdc7618867e,buy,0x12fef5e57bf45873cd9b62e9dbd7bfb99e32d73e,0x7b0569d07a15659c3134ec428fa4cbd9f82730b54052f23cfc0326a2ad3bfb80
279,1,0.0008,0x6e59e3cdc791591ba85217a5ffd11dbf3d77ad9e,2017-08-26T05:56:24.000Z,0.0008,0x9a7b483489ecc9c2902bcf02d3d77cdc7618867e,buy,0x12fef5e57bf45873cd9b62e9dbd7bfb99e32d73e,0xf46d645ce5d2a73385632457efb66e63513df3fdfa2acd33b29ce7db1b91a054
280,0.0629821880899575,0.000050385750471966,0x6e59e3cdc791591ba85217a5ffd11dbf3d77ad9e,2017-08-26T05:46:53.000Z,0.0008,0x9a7b483489ecc9c2902bcf02d3d77cdc7618867e,buy,0x12fef5e57bf45873cd9b62e9dbd7bfb99e32d73e,0x2a6eae233c9a1d9fec4c27cdb37c1c9582089e74f46cf9521cf8eecabe5bc604
281,40,0.0312,0xb7fcac0fc7bb57b81c5cd05048b20f98e5426d10,2017-08-25T23:51:51.000Z,0.00078,0xdf3ded8c434839de00bb76947cf14d345f4890a0,sell,0x12fef5e57bf45873cd9b62e9dbd7bfb99e32d73e,0x22f4e30b28aeba582393f1187245e7bc07caf01ff54cbc963f75f0104ca527dd
282,7.5,0.006,0x3b4df05a595ef866477085b78f66b14c95257526,2017-08-25T23:18:46.000Z,0.0008,0x9a7b483489ecc9c2902bcf02d3d77cdc7618867e,buy,0x12fef5e57bf45873cd9b62e9dbd7bfb99e32d73e,0x8ad02cf7f6aae17c0ae9f90878e74a750bc759cb9fe57ad07627caab388739df
283,98430,76.7754,0xe97e94a697c2cda1dfc5a0a0417707553d70ea46,2017-08-25T19:40:14.000Z,0.00078,0xf8ce18f4aef4e5a451930a0ac8844f1263d950a7,buy,0x12fef5e57bf45873cd9b62e9dbd7bfb99e32d73e,0xeec00cf9f45b5d1c25e3eaf753ae437330268645afc46fce66d63f5aa1c639ae
284,0.33339345771809464,0.000266714766174475,0x2c82588148c968b19fd185a54aaff6e7643b2ebd,2017-08-25T15:36:49.000Z,0.0007999999999999978,0xb543dc837dad5e6dd2b896e7ced4cc48644d1eaf,sell,0x12fef5e57bf45873cd9b62e9dbd7bfb99e32d73e,0xbfb4314136e9907639605cfcf2a4c12a35521dc05b24188ee5f42ecd4a930538
285,570,0.4446,0xa91a30500a60258dc83f08bd7e29086f19e75e10,2017-08-25T15:08:56.000Z,0.00078,0xf8ce18f4aef4e5a451930a0ac8844f1263d950a7,buy,0x12fef5e57bf45873cd9b62e9dbd7bfb99e32d73e,0xbc13118db0df874e9f91ec86ab6dc0e196eb3d376f29feb44fceec78481b93af
286,1,0.0008,0xbb325a2ee38566c7a03010b2c4929fd99861bf36,2017-08-25T11:53:18.000Z,0.0008,0x9a7b483489ecc9c2902bcf02d3d77cdc7618867e,buy,0x12fef5e57bf45873cd9b62e9dbd7bfb99e32d73e,0xf1d31ea8573384fe0b194ff87d4344a3d7999d53e7ab16c4a8db19a87c8b6be3
287,498.4448210547303,0.3882885156016349,0x2c82588148c968b19fd185a54aaff6e7643b2ebd,2017-08-25T11:28:08.000Z,0.000779,0x534cacb922c009e510fb25e0d89d307d15a8392f,sell,0x12fef5e57bf45873cd9b62e9dbd7bfb99e32d73e,0xb01422e7403c8915f0bb7989b1a65a8bf251c3c38082dd3eeffcbf3093cc9f62
288,400,0.312,0x686ffabf44417c48ac80d0b56232ffaf699d2987,2017-08-25T10:49:31.000Z,0.00078,0xf8ce18f4aef4e5a451930a0ac8844f1263d950a7,buy,0x12fef5e57bf45873cd9b62e9dbd7bfb99e32d73e,0x891ae2a7c0e2107dd877daa61a51200c23124707d6700ace243be25c07937a0c
289,600,0.468,0xc4092f51ebed74fb74484bded74e1ebb4c5f0b05,2017-08-25T07:10:51.000Z,0.00078,0xf8ce18f4aef4e5a451930a0ac8844f1263d950a7,buy,0x12fef5e57bf45873cd9b62e9dbd7bfb99e32d73e,0x172f79f9b2c08d7f4b045dc605e8f6610db5971f8314fbf2b32d3399c8f1b68a
290,720,0.56088,0xc4092f51ebed74fb74484bded74e1ebb4c5f0b05,2017-08-25T07:10:44.000Z,0.000779,0x922131a0ec60fae04bda9ec7b1677705aecac960,buy,0x12fef5e57bf45873cd9b62e9dbd7bfb99e32d73e,0x840d0c0876c89fe26817054108cb9955789bf41e0ff8d0e1881441880b5bd6dd
291,12.5,0.01,0x6d3d0dfa885186833d6cf04f7890aab7d3b43cd1,2017-08-24T20:29:29.000Z,0.0008,0x9a7b483489ecc9c2902bcf02d3d77cdc7618867e,buy,0x12fef5e57bf45873cd9b62e9dbd7bfb99e32d73e,0x9f5ce7d0306fa96e1f8d5ac167cc04904bb15dbf3d87e92db2e3956d93f75743
292,243,0.1944,0xba328b6dafc2feb14a8ebd760c1ee1654f94e2dc,2017-08-24T19:44:48.000Z,0.0008,0x9a7b483489ecc9c2902bcf02d3d77cdc7618867e,buy,0x12fef5e57bf45873cd9b62e9dbd7bfb99e32d73e,0xc94e056ee49c6a28de2d7db245579bd0aa12dc1b18e483760e617360b78491ca
293,641,0.512159,0xba328b6dafc2feb14a8ebd760c1ee1654f94e2dc,2017-08-24T19:19:19.000Z,0.000799,0x009b56330ae5ec5042b9ca46ddb3043cc0d006f3,buy,0x12fef5e57bf45873cd9b62e9dbd7bfb99e32d73e,0x9ebd3e342f42c8f0b28479dcda5c64edb52e9c5147f107b12590df53f1949ad9
294,1016,0.80264,0xba328b6dafc2feb14a8ebd760c1ee1654f94e2dc,2017-08-24T19:15:21.000Z,0.00079,0x9a7b483489ecc9c2902bcf02d3d77cdc7618867e,buy,0x12fef5e57bf45873cd9b62e9dbd7bfb99e32d73e,0x7c8df17d16d6e22898477eb010bba1f73e79d882a425f97bba89912cb0dc7ae6
295,24500,19.11,0xe97e94a697c2cda1dfc5a0a0417707553d70ea46,2017-08-24T19:05:18.000Z,0.00078,0x9a7b483489ecc9c2902bcf02d3d77cdc7618867e,buy,0x12fef5e57bf45873cd9b62e9dbd7bfb99e32d73e,0xebf23d8242f86672f08f17b0d8d75122bc94ef04b3a84cd2800d66a25ad5b112
296,7092.663,5.53227714,0xe97e94a697c2cda1dfc5a0a0417707553d70ea46,2017-08-24T19:03:41.000Z,0.00078,0x9a7b483489ecc9c2902bcf02d3d77cdc7618867e,buy,0x12fef5e57bf45873cd9b62e9dbd7bfb99e32d73e,0xc64a49b7a1b698c833b6dc6d5b5807521357b0e1528f853dd8fc07b26f0d526e
297,486.69,0.37961771331,0xe97e94a697c2cda1dfc5a0a0417707553d70ea46,2017-08-24T19:03:00.000Z,0.000779999,0x4717c48e3f3d63d01ee7452fcea47cb522c56a99,buy,0x12fef5e57bf45873cd9b62e9dbd7bfb99e32d73e,0x1a253e97fe843618fa9934ac3a3344d8d4f8ef9b59986406a83a7a5369c63d46
298,641.026,0.50000028,0x527e6009e17c7e85ca8c3912accd8f0e12b89e2b,2017-08-24T13:45:39.000Z,0.00078,0x9a7b483489ecc9c2902bcf02d3d77cdc7618867e,buy,0x12fef5e57bf45873cd9b62e9dbd7bfb99e32d73e,0xa021c8aa3407f7777ab13e577646eb37b1fda4fa9fa3fc702f8b60e93aa6a2aa
299,4700,3.666,0x2ed986620cf0cb7da16fe6b7326ae8c6a5d835e9,2017-08-24T11:21:25.000Z,0.00078,0x9a7b483489ecc9c2902bcf02d3d77cdc7618867e,buy,0x12fef5e57bf45873cd9b62e9dbd7bfb99e32d73e,0xb500b45efe3c601be72fd04b1626452fa8a0e2ef9eae357466a470b6c4a203b8
300,300,0.2337,0x2ed986620cf0cb7da16fe6b7326ae8c6a5d835e9,2017-08-24T11:16:40.000Z,0.000779,0x946151fa04270a2d81ff3abc7f0648f1767a0fce,buy,0x12fef5e57bf45873cd9b62e9dbd7bfb99e32d73e,0x701cb1b96fd8d2287a43335a7e403eb16217a5beb88e39fbcfa208a0314aac69
301,6445.797797971099,5.027722282417457,0xb543dc837dad5e6dd2b896e7ced4cc48644d1eaf,2017-08-24T03:51:12.000Z,0.00078,0x9a7b483489ecc9c2902bcf02d3d77cdc7618867e,buy,0x12fef5e57bf45873cd9b62e9dbd7bfb99e32d73e,0x884c4476b4384ba0064dfcd5b6ff61ac032fd428873c92f34e24bf412f195082
302,12820.513,10.00000014,0xb543dc837dad5e6dd2b896e7ced4cc48644d1eaf,2017-08-24T03:46:56.000Z,0.00078,0x9a7b483489ecc9c2902bcf02d3d77cdc7618867e,buy,0x12fef5e57bf45873cd9b62e9dbd7bfb99e32d73e,0xaebcecc54c49d703888c6b8101d438162b1ab81a4ce82e288e70bc65b6f6837f
303,2200,1.628,0xb543dc837dad5e6dd2b896e7ced4cc48644d1eaf,2017-08-24T02:58:11.000Z,0.00074,0x9a7b483489ecc9c2902bcf02d3d77cdc7618867e,sell,0x12fef5e57bf45873cd9b62e9dbd7bfb99e32d73e,0x85fa97fe78f5bdce2f9306830c9a0e166d9252efb99b43b203545d84f9cbef03
304,3000,2.34,0xb5824adc3f5b58df09a7c8e8ffa3ca54592cc8e4,2017-08-24T02:49:38.000Z,0.00078,0x9a7b483489ecc9c2902bcf02d3d77cdc7618867e,buy,0x12fef5e57bf45873cd9b62e9dbd7bfb99e32d73e,0x358017e4b69d2da38a4e834ea38e081c3990e22b999abc2655899c6441d9b36d
305,720,0.56157768,0x922131a0ec60fae04bda9ec7b1677705aecac960,2017-08-24T02:23:16.000Z,0.000779969,0x00c41efb72911def11bb11f56d1b959c2b1dbdaa,buy,0x12fef5e57bf45873cd9b62e9dbd7bfb99e32d73e,0x39190b8fff777732305c59a6b2f080afaa1f1ebd363c33728d49dc6a68f542c2
306,2000,1.42,0xb5824adc3f5b58df09a7c8e8ffa3ca54592cc8e4,2017-08-24T01:19:19.000Z,0.00071,0x9a7b483489ecc9c2902bcf02d3d77cdc7618867e,sell,0x12fef5e57bf45873cd9b62e9dbd7bfb99e32d73e,0x5bf3a266fe709bfc2397e64573943c41621cecfa5ca60a179de5851c5d0dc739
307,4500,3.15612,0x2c82588148c968b19fd185a54aaff6e7643b2ebd,2017-08-24T00:30:41.000Z,0.00070136,0x9a7b483489ecc9c2902bcf02d3d77cdc7618867e,sell,0x12fef5e57bf45873cd9b62e9dbd7bfb99e32d73e,0x2d8d7fd7ae1957ad7c5d58b239b9b720d7b36d508975e530f2b0d9b5d0ab7caa
308,1416,1.0608672,0x11ed1a06260f2b0ff35e2c5da886a230b85d1684,2017-08-23T19:50:03.000Z,0.0007492,0x9a7b483489ecc9c2902bcf02d3d77cdc7618867e,sell,0x12fef5e57bf45873cd9b62e9dbd7bfb99e32d73e,0x8983e499b14f53821f65c1ddeec9f6094ecb1dde4bb9497ac229c9cac25d8d54
309,32750,24.5625,0xfa4e68227b19e6150dc1cf2095658efc86951753,2017-08-23T18:07:39.000Z,0.00075,0xd0e5d5fad5138f6d4f03362b3832e8f9bf19bd98,sell,0x12fef5e57bf45873cd9b62e9dbd7bfb99e32d73e,0x16035a2ac9063bd2ab07ca679a2f899fe717790ef1047741c2db5fc3b4142c31
310,800,0.624,0x5e55fe602787b4e5d55f5f894af8124eea73c76b,2017-08-23T17:32:16.000Z,0.00078,0x9a7b483489ecc9c2902bcf02d3d77cdc7618867e,buy,0x12fef5e57bf45873cd9b62e9dbd7bfb99e32d73e,0x84cf8d69370f8b1605b611db76832884082b69ff0881de940d6bc09981c886db
311,1081.999999994422,0.7897572099959286,0x00009277775ac7d0d59eaad8fee3d10ac6c805e8,2017-08-23T17:27:47.000Z,0.000729905,0x0024a5046fd95c5eee6db19a69ef7ed3bacd50f1,buy,0x12fef5e57bf45873cd9b62e9dbd7bfb99e32d73e,0xb53add72b1bd123207433a1a4762313cbf1768125c81747bd2382bda3f4b096a
312,202.668,0.1469343,0xbb3055885418d24f2aca63a35c4e1272b556e3b4,2017-08-23T17:20:06.000Z,0.000725,0x1fdf047bf7a114b37e7936d01e9cad754ad18803,buy,0x12fef5e57bf45873cd9b62e9dbd7bfb99e32d73e,0xa08eae335deb102aa96f711b696c819663629694e047c791f942eeb2df40544e
313,0.000000005577956035,0.000000000004071378,0xbb3055885418d24f2aca63a35c4e1272b556e3b4,2017-08-23T17:18:35.000Z,0.0007299050000490009,0x0024a5046fd95c5eee6db19a69ef7ed3bacd50f1,buy,0x12fef5e57bf45873cd9b62e9dbd7bfb99e32d73e,0xaf20618afd97ba34f64890d2031f3a4ac8324d1e365f46d548e0cfed50c2549f
314,0.000000005615693793,0.000000000004071378,0xbb3055885418d24f2aca63a35c4e1272b556e3b4,2017-08-23T17:18:35.000Z,0.0007250000000133555,0x1fdf047bf7a114b37e7936d01e9cad754ad18803,buy,0x12fef5e57bf45873cd9b62e9dbd7bfb99e32d73e,0xcd526d7500fc9c23b5d21ba47f354b9df7693ab746d55478b64d32f9691a0eeb
315,550.0636411375983,0.39879613982475876,0xeab80140795c08643a00cf19cc453b4aac318783,2017-08-23T15:57:43.000Z,0.000725,0x1fdf047bf7a114b37e7936d01e9cad754ad18803,buy,0x12fef5e57bf45873cd9b62e9dbd7bfb99e32d73e,0x4515c8fb055bca48ff0f512ffea4942d41e652c27dac6c4ff4b1446506975d8e
316,447.0049409038876,0.32407858215531854,0xeab80140795c08643a00cf19cc453b4aac318783,2017-08-23T15:51:02.000Z,0.000725,0x1fdf047bf7a114b37e7936d01e9cad754ad18803,buy,0x12fef5e57bf45873cd9b62e9dbd7bfb99e32d73e,0x06eb0fbd3592cd045cfdfbbbf797fdb9efd6ed97fb23d445c52965bb9bd5599d
317,2177.398,1.37176074,0xb543dc837dad5e6dd2b896e7ced4cc48644d1eaf,2017-08-23T14:48:42.000Z,0.00063,0x21a11b66f89655a975ec02a233a8ef51593419c1,buy,0x12fef5e57bf45873cd9b62e9dbd7bfb99e32d73e,0x1bab65e526a7ea8cfe84af8f795665e67b34619edee240629268ce08c6403397
318,720,0.4536,0xb543dc837dad5e6dd2b896e7ced4cc48644d1eaf,2017-08-23T14:39:42.000Z,0.00063,0x21a11b66f89655a975ec02a233a8ef51593419c1,buy,0x12fef5e57bf45873cd9b62e9dbd7bfb99e32d73e,0x2863d7bd4580726b364e0eba23d3095a8cd50ea56b3b6c1c9af1b0c036955311
319,1587.302,1.00000026,0x75f157da5b8fe9cc61c40e8f9ba22d99cebc55d2,2017-08-23T14:02:10.000Z,0.00063,0x21a11b66f89655a975ec02a233a8ef51593419c1,buy,0x12fef5e57bf45873cd9b62e9dbd7bfb99e32d73e,0x0abfa968bc559d4e0c57b0d7d1f0e610882ed36399a0e68b7b4256ad25c5efe6
320,7.353,0.00500004,0x923d48ae76d6b82d2291d07f32ad20ba239492d9,2017-08-23T12:04:06.000Z,0.00068,0xff932a993361906bd0d7ec8e6233a7bfc32b3f85,buy,0x12fef5e57bf45873cd9b62e9dbd7bfb99e32d73e,0xea84587714bf499ecfc4548af76de86c13471559f339d56dd211bc171c01990b
321,5246.13,2.9383049517,0xb543dc837dad5e6dd2b896e7ced4cc48644d1eaf,2017-08-23T07:55:47.000Z,0.00056009,0xadba3d5f25dab0eef138381301df7ccecdd5c4dd,buy,0x12fef5e57bf45873cd9b62e9dbd7bfb99e32d73e,0x8b7f0c3196d7ca7cb4f7fc6606b0448b6d0072973a42ccd94dc1fe4fcc4b1ff1
322,2500,1.4,0xff684104992bd26b6326bca4620d733526c0ddb1,2017-08-23T07:33:50.000Z,0.00056,0xadba3d5f25dab0eef138381301df7ccecdd5c4dd,buy,0x12fef5e57bf45873cd9b62e9dbd7bfb99e32d73e,0x07b0ac1a3613d485cfc6550d71f6b58367baa65852d6ddd269ce02f6c8fd9245
323,2500,1.4,0xb543dc837dad5e6dd2b896e7ced4cc48644d1eaf,2017-08-23T07:21:18.000Z,0.00056,0xadba3d5f25dab0eef138381301df7ccecdd5c4dd,buy,0x12fef5e57bf45873cd9b62e9dbd7bfb99e32d73e,0x79a9add6cf4aba1445e1d2aa897b5911bee5953acfcf1694ab9ca1a2d7125d09
324,5000,2.99995,0xb543dc837dad5e6dd2b896e7ced4cc48644d1eaf,2017-08-23T07:15:26.000Z,0.00059999,0xadba3d5f25dab0eef138381301df7ccecdd5c4dd,buy,0x12fef5e57bf45873cd9b62e9dbd7bfb99e32d73e,0x6a33bcd1664e274039b195b0550b2df8985d682d5e5db854c6e569a2eaba4b70
325,5000,2.8,0xb543dc837dad5e6dd2b896e7ced4cc48644d1eaf,2017-08-23T07:10:42.000Z,0.00056,0xadba3d5f25dab0eef138381301df7ccecdd5c4dd,buy,0x12fef5e57bf45873cd9b62e9dbd7bfb99e32d73e,0x62f6051d9d79eaad29e75ca8175c6d28c75fa6219686df8435f5b79b5f46744b
326,996.9095803010667,0.5583590868308245,0xc4092f51ebed74fb74484bded74e1ebb4c5f0b05,2017-08-23T06:32:43.000Z,0.00056009,0x00e8f39e0447446ec12ea97e945e6436355da290,sell,0x12fef5e57bf45873cd9b62e9dbd7bfb99e32d73e,0x25ae56faeeb7f8c622f2e9bdfe3d8c847db04a68a2eb736a10a8390a6c93c8ff
327,3387.097,2.10000014,0xf142f26d1cac4ba8a6e6d7974d243eda2fe5f4f9,2017-08-23T00:34:42.000Z,0.00062,0xadba3d5f25dab0eef138381301df7ccecdd5c4dd,buy,0x12fef5e57bf45873cd9b62e9dbd7bfb99e32d73e,0xd59afcdac2f549005db1d5dbe648afa5a4ee222970cebe7b78cd44d1cd3df21b
328,1000,0.62,0x01669fe4d8196c981ecbffe5631b1874c818245e,2017-08-22T21:42:31.000Z,0.00062,0x21a11b66f89655a975ec02a233a8ef51593419c1,sell,0x12fef5e57bf45873cd9b62e9dbd7bfb99e32d73e,0x96010c2619e4896896e71225a6c83acbb8b3798780fe718c56efd825ba55e49b
329,174.45917655268667,0.09771284019539428,0xc4092f51ebed74fb74484bded74e1ebb4c5f0b05,2017-08-22T19:13:34.000Z,0.00056009,0xa2b16e3b6b64771396c925e61fefd851e757e38e,sell,0x12fef5e57bf45873cd9b62e9dbd7bfb99e32d73e,0x0460655a1e7fba75ab6aeaf867c8a2fdefa3388c741eb63ca30812123e0d7394
330,1612.903,0.99999986,0x75f157da5b8fe9cc61c40e8f9ba22d99cebc55d2,2017-08-22T15:10:17.000Z,0.00062,0xadba3d5f25dab0eef138381301df7ccecdd5c4dd,buy,0x12fef5e57bf45873cd9b62e9dbd7bfb99e32d73e,0x05c6035858cfa49e2f3fb452b289c51e44dad86b9d02b1b049776ac127e9154d
331,5000,2.995,0x669f0ab96fd3beb68bc836bb874894bbb516331a,2017-08-22T12:03:36.000Z,0.000599,0xadba3d5f25dab0eef138381301df7ccecdd5c4dd,buy,0x12fef5e57bf45873cd9b62e9dbd7bfb99e32d73e,0xa80afead0c885c1fbe95602fbfa5c4380574d5c50a24120449d9c58855446843
332,5000,2.79999995,0x669f0ab96fd3beb68bc836bb874894bbb516331a,2017-08-22T11:54:35.000Z,0.00055999999,0xadba3d5f25dab0eef138381301df7ccecdd5c4dd,buy,0x12fef5e57bf45873cd9b62e9dbd7bfb99e32d73e,0xd74018bc6b95fad649e06be74118e494c7ab0ea7ba3f30c2ee7a7a5f62edbf4a
333,5000,2.795,0x669f0ab96fd3beb68bc836bb874894bbb516331a,2017-08-22T11:48:01.000Z,0.000559,0xadba3d5f25dab0eef138381301df7ccecdd5c4dd,buy,0x12fef5e57bf45873cd9b62e9dbd7bfb99e32d73e,0xdc32580660001e1a8eabeaa98af8fc4867b4c40680d38b3979274f38b82b5046
334,5000,2.795,0x669f0ab96fd3beb68bc836bb874894bbb516331a,2017-08-22T11:36:08.000Z,0.000559,0xadba3d5f25dab0eef138381301df7ccecdd5c4dd,buy,0x12fef5e57bf45873cd9b62e9dbd7bfb99e32d73e,0xe79bd6b5e479d7257316e8e4e6e2bc21f8230a45fd09254a2a2083334c5958e0
335,5000,2.795,0x669f0ab96fd3beb68bc836bb874894bbb516331a,2017-08-22T11:27:07.000Z,0.000559,0xadba3d5f25dab0eef138381301df7ccecdd5c4dd,buy,0x12fef5e57bf45873cd9b62e9dbd7bfb99e32d73e,0x0512c55b7e5d4c59d86a96cda243e03b0f50dc2cc23b27a7e9cb9e290dd98c3b
336,0.037,0.00002479,0x946151fa04270a2d81ff3abc7f0648f1767a0fce,2017-08-22T10:37:50.000Z,0.00067,0xadba3d5f25dab0eef138381301df7ccecdd5c4dd,buy,0x12fef5e57bf45873cd9b62e9dbd7bfb99e32d73e,0x0497dd3bd6a17b8b07daf84e4e970d9a8b37d4432541fd5116784a62f2d252d7
337,5000,2.795,0x669f0ab96fd3beb68bc836bb874894bbb516331a,2017-08-22T09:27:45.000Z,0.000559,0xadba3d5f25dab0eef138381301df7ccecdd5c4dd,buy,0x12fef5e57bf45873cd9b62e9dbd7bfb99e32d73e,0x5749493934c1ccb392d8d7aabf237ef4b27dc19a2a657dbc5a5e9f802e64cfa2
338,159.08991994222754,0.09545395196533653,0x946151fa04270a2d81ff3abc7f0648f1767a0fce,2017-08-21T22:40:41.000Z,0.0006,0x21a11b66f89655a975ec02a233a8ef51593419c1,sell,0x12fef5e57bf45873cd9b62e9dbd7bfb99e32d73e,0x326ca29ef414857c22ab2f5149333a1f88e4f62f60c5fbac2c7bf69ea955c9fa
339,40.87329279234373,0.02452397567540624,0x946151fa04270a2d81ff3abc7f0648f1767a0fce,2017-08-21T20:22:48.000Z,0.0006,0xd0a7aeff1c017fcd86888f5acfe0752735914dce,sell,0x12fef5e57bf45873cd9b62e9dbd7bfb99e32d73e,0xc192043944968afb096eeee3cc7c6de779640318bf1a0877bce56e193b4f3476
340,500,0.35,0x76da0396d4e09e47a3642af590b87cc1740c96d5,2017-08-21T08:53:39.000Z,0.0007,0xb543dc837dad5e6dd2b896e7ced4cc48644d1eaf,sell,0x12fef5e57bf45873cd9b62e9dbd7bfb99e32d73e,0x07bd74bce2b591619113e18f05b3ce651717bcb02748974b6c6ef54d2485d580
341,99.963,0.0699741,0x946151fa04270a2d81ff3abc7f0648f1767a0fce,2017-08-21T04:21:19.000Z,0.0007,0x1fdf047bf7a114b37e7936d01e9cad754ad18803,sell,0x12fef5e57bf45873cd9b62e9dbd7bfb99e32d73e,0xdfd027a372ca5048b0b9208792ff0e14de7665e00f5ed72840eccb009b86f625
342,996.9093667845889,0.6268566098341495,0xff932a993361906bd0d7ec8e6233a7bfc32b3f85,2017-08-20T23:38:52.000Z,0.0006288,0x9d0893cea04b693bf0aaa54386805a13fc7477a3,sell,0x12fef5e57bf45873cd9b62e9dbd7bfb99e32d73e,0x1693db33d008ac2af41a8344216338659e71bcab0d9dba1c9348e2ff6594ac44
343,1061,0.70026,0xf0ee970a9ad9723fe6985b721b4733a525412316,2017-08-20T17:11:50.000Z,0.00066,0xa1e2ccfb40dfb23e18bb77bf11202ccba7b0f4bd,buy,0x12fef5e57bf45873cd9b62e9dbd7bfb99e32d73e,0xb3cedf96a27b1c407bc03568fb1486a84d9ec181f4ad524f9e36ed1b19aa2e47
344,5,0.00374525,0x29b7448ca18e274ae5cdf174828c02d4e8f5845d,2017-08-18T21:53:36.000Z,0.00074905,0x0024a5046fd95c5eee6db19a69ef7ed3bacd50f1,buy,0x12fef5e57bf45873cd9b62e9dbd7bfb99e32d73e,0x5cea2658e011eecdfa336aaeddc3aca00a60f6137d6a57509af3dd049e8ab280
345,200,0.1502,0xa2b16e3b6b64771396c925e61fefd851e757e38e,2017-08-18T20:45:59.000Z,0.000751,0x1fdf047bf7a114b37e7936d01e9cad754ad18803,buy,0x12fef5e57bf45873cd9b62e9dbd7bfb99e32d73e,0x645065a8ee6e2a0a12d66633fdda441d4d196d6e7fb1b4be86057b74d14864ac
346,1087.6283521084638,0.7510073771308943,0x0024a5046fd95c5eee6db19a69ef7ed3bacd50f1,2017-08-18T19:55:43.000Z,0.0006905,0x75f157da5b8fe9cc61c40e8f9ba22d99cebc55d2,sell,0x12fef5e57bf45873cd9b62e9dbd7bfb99e32d73e,0xc1500c7aa0bc43295462640f049dfb489f3e4456c99d61d50ad55b41ee909a7e
347,486.7078722626525,0.36503090419698936,0x4717c48e3f3d63d01ee7452fcea47cb522c56a99,2017-08-18T18:12:26.000Z,0.00075,0x1fdf047bf7a114b37e7936d01e9cad754ad18803,buy,0x12fef5e57bf45873cd9b62e9dbd7bfb99e32d73e,0x8607d99b76ec11327a30a97df886b6b6f67ff969ba3a2733916c4f639691a32f
348,13.292127737347554,0.009969095803010666,0xa91a30500a60258dc83f08bd7e29086f19e75e10,2017-08-18T17:10:11.000Z,0.00075,0x1fdf047bf7a114b37e7936d01e9cad754ad18803,buy,0x12fef5e57bf45873cd9b62e9dbd7bfb99e32d73e,0xdc17f9cf803c77a16d75eaceedaf9b745c41e31d72ed1b650c8332bc838ca9db
349,2000,1.4,0x1fdf047bf7a114b37e7936d01e9cad754ad18803,2017-08-18T14:39:40.000Z,0.0007,0xb543dc837dad5e6dd2b896e7ced4cc48644d1eaf,sell,0x12fef5e57bf45873cd9b62e9dbd7bfb99e32d73e,0x27af39fcfa77875b1478af441cd5aeb790d248319d5532329e6999c81a3f6811
350,0.03678726542872116,0.000022072359257232,0x946151fa04270a2d81ff3abc7f0648f1767a0fce,2017-08-18T11:17:27.000Z,0.0005999999999999811,0x3080123175fd777c56919a08173ccc7f6a2a35fe,sell,0x12fef5e57bf45873cd9b62e9dbd7bfb99e32d73e,0x08efe382aef4e4e3aaa4a34233db3b566d7d569b29c5cb82e9e19f17b34b56a7
351,275.6879038135832,0.21779344401273076,0x0e3ad8aeea730eae70dee76606cd2cfd63f8ce64,2017-08-18T10:40:25.000Z,0.00079,0x9a7b483489ecc9c2902bcf02d3d77cdc7618867e,buy,0x12fef5e57bf45873cd9b62e9dbd7bfb99e32d73e,0x123ea57dff7ccdee25a36cb612c99cac9cab8adc192d5c096a6d5ee2b54be0aa
352,369.01305951550194,0.18450652975775098,0x7b6b2f3c88ce2ecedc01c545f13faf36034d772f,2017-08-18T10:37:44.000Z,0.0005,0x3080123175fd777c56919a08173ccc7f6a2a35fe,sell,0x12fef5e57bf45873cd9b62e9dbd7bfb99e32d73e,0x32d45a3c9f928aff520e16003e596506b6a5b3bec4cf9f19aa123aff67d14c18
353,1000,0.79,0x00e8f39e0447446ec12ea97e945e6436355da290,2017-08-18T03:54:52.000Z,0.00079,0x9a7b483489ecc9c2902bcf02d3d77cdc7618867e,buy,0x12fef5e57bf45873cd9b62e9dbd7bfb99e32d73e,0x1757fc6d008639844e5c75921b65c2779ab3662e56df42560ed9c99f0f948ef8
354,11,0.00869,0x60b19991ead62ae6d616c1843962760b68f7ecf5,2017-08-18T02:21:26.000Z,0.00079,0x9a7b483489ecc9c2902bcf02d3d77cdc7618867e,buy,0x12fef5e57bf45873cd9b62e9dbd7bfb99e32d73e,0xa13b72efaac3262d771ceb993484d60e70ab2d2a33e147dd246f25d3602a3131
355,9358.43223606919,7.477387356619282,0x43130148060f177c78825cbd5a0d0a18879b18bc,2017-08-18T02:05:35.000Z,0.000799,0x009b56330ae5ec5042b9ca46ddb3043cc0d006f3,buy,0x12fef5e57bf45873cd9b62e9dbd7bfb99e32d73e,0x8f851ad58fdcbcda0ad889b76ffb798532962ade7abb60c35ef372be4a146e4f
356,4172.123,3.29597717,0x60b19991ead62ae6d616c1843962760b68f7ecf5,2017-08-18T01:55:46.000Z,0.00079,0x9a7b483489ecc9c2902bcf02d3d77cdc7618867e,buy,0x12fef5e57bf45873cd9b62e9dbd7bfb99e32d73e,0x257ee807fe7710ed8867de5800ad29852f74bf7b770cc1211f3dca6c8a7655f1
357,2460.9652251499288,1.9441625278684436,0x6e7897cf3dc5c8d7349ed63d68b0fcc34435ca8f,2017-08-18T01:45:39.000Z,0.00079,0x9a7b483489ecc9c2902bcf02d3d77cdc7618867e,buy,0x12fef5e57bf45873cd9b62e9dbd7bfb99e32d73e,0xce6ea0ee2ddfb52167319bbf95d11de7071d1cde2ac04dca9e15fa9652cf05ee
358,2397.869681465775,1.894317048357962,0x6e7897cf3dc5c8d7349ed63d68b0fcc34435ca8f,2017-08-18T01:35:22.000Z,0.00079,0x9a7b483489ecc9c2902bcf02d3d77cdc7618867e,buy,0x12fef5e57bf45873cd9b62e9dbd7bfb99e32d73e,0xe16ce6785b3f27ded99c87098c434eae953d7789812d5b5a18d47db31057892d
359,4.977,0.00393183,0xd0a7aeff1c017fcd86888f5acfe0752735914dce,2017-08-18T01:28:35.000Z,0.00079,0x9a7b483489ecc9c2902bcf02d3d77cdc7618867e,buy,0x12fef5e57bf45873cd9b62e9dbd7bfb99e32d73e,0x939fc816453db7455daa7da02d7d258d60bb5e76f25a30b0a788cd2788ee2ec7
360,19.935730552339177,0.01552993410027222,0xd0a7aeff1c017fcd86888f5acfe0752735914dce,2017-08-18T01:11:49.000Z,0.000779,0x009b56330ae5ec5042b9ca46ddb3043cc0d006f3,buy,0x12fef5e57bf45873cd9b62e9dbd7bfb99e32d73e,0xb65f5d52bdc193774bf55e60abc2a208254252dc9d489593f7bb412c708bba1c
361,2397.863390782954,1.8943120787185335,0x6e7897cf3dc5c8d7349ed63d68b0fcc34435ca8f,2017-08-18T01:08:46.000Z,0.00079,0x9a7b483489ecc9c2902bcf02d3d77cdc7618867e,buy,0x12fef5e57bf45873cd9b62e9dbd7bfb99e32d73e,0x66012161f5dba5f949a008851295366827a173bf97585a9faba8f5a1737ad728
362,0.09726520912833041,0.000077714902093536,0xd0a7aeff1c017fcd86888f5acfe0752735914dce,2017-08-18T00:38:07.000Z,0.000799,0x009b56330ae5ec5042b9ca46ddb3043cc0d006f3,buy,0x12fef5e57bf45873cd9b62e9dbd7bfb99e32d73e,0x2c81009cafba6c2f63c34accca69eeeef096aff868a37fbd0b940459d085eb09
363,16,0.01264,0xd0a7aeff1c017fcd86888f5acfe0752735914dce,2017-08-18T00:35:26.000Z,0.00079,0x9a7b483489ecc9c2902bcf02d3d77cdc7618867e,buy,0x12fef5e57bf45873cd9b62e9dbd7bfb99e32d73e,0x4962ceb638bb75161502a6816f73052d28d7f4898b14a657a850c8294e2c005a
364,17366.697,13.54602366,0x00009277775ac7d0d59eaad8fee3d10ac6c805e8,2017-08-17T23:58:04.000Z,0.00078,0x9a7b483489ecc9c2902bcf02d3d77cdc7618867e,buy,0x12fef5e57bf45873cd9b62e9dbd7bfb99e32d73e,0x5bebe5f0a8ca36abf0ba40ab821a53a235b82f95fc42deca10a4ba06dfa4e4f0
365,7103.7477028544445,5.526715713651679,0x00009277775ac7d0d59eaad8fee3d10ac6c805e8,2017-08-17T23:56:40.000Z,0.0007780000001169695,0xd06462ec68780dd7d5380be06bb792a4b2db8a6e,buy,0x12fef5e57bf45873cd9b62e9dbd7bfb99e32d73e,0xad317a221ff2e88627197e716f3f0bf4cf9f78b4bed6b07bd8da5cc62f42f347
366,2334.7615514048634,1.844461625609842,0x6e7897cf3dc5c8d7349ed63d68b0fcc34435ca8f,2017-08-17T23:51:31.000Z,0.00079,0x9a7b483489ecc9c2902bcf02d3d77cdc7618867e,buy,0x12fef5e57bf45873cd9b62e9dbd7bfb99e32d73e,0x74883dd45aa86a5ca5f60cada0a0bf5700a663aa5a59bcb28661d851c60a68ec
367,9994.723297145556,7.77589472634832,0x00009277775ac7d0d59eaad8fee3d10ac6c805e8,2017-08-17T23:47:20.000Z,0.0007780000001169695,0xd06462ec68780dd7d5380be06bb792a4b2db8a6e,buy,0x12fef5e57bf45873cd9b62e9dbd7bfb99e32d73e,0x42ffe3363824c5c496a6e0b53b99f6c08b9cd83ad4c69e8f86200ce8240ab4a9
368,2271.603154841622,1.7945664923248814,0x6e7897cf3dc5c8d7349ed63d68b0fcc34435ca8f,2017-08-17T23:43:18.000Z,0.00079,0x9a7b483489ecc9c2902bcf02d3d77cdc7618867e,buy,0x12fef5e57bf45873cd9b62e9dbd7bfb99e32d73e,0xc5ec4c68c321ce8653e8cee563de4bba394679dfd0e798bb348ede535736fb99
369,678.3206404413227,0.5284117789037903,0x22187b5570fededaaada267741dfff8dfd0ed57e,2017-08-17T23:21:20.000Z,0.000779,0x009b56330ae5ec5042b9ca46ddb3043cc0d006f3,buy,0x12fef5e57bf45873cd9b62e9dbd7bfb99e32d73e,0xce01a018a228760138426f2f6f753ca391b4d88c928639dcfeb8dd84ada19467
370,1641.1196340322701,1.2964845108854934,0x6e7897cf3dc5c8d7349ed63d68b0fcc34435ca8f,2017-08-17T23:11:35.000Z,0.00079,0x9a7b483489ecc9c2902bcf02d3d77cdc7618867e,buy,0x12fef5e57bf45873cd9b62e9dbd7bfb99e32d73e,0x6972df3a8cfc7d22a5810ac24b3ab514d8afa7510c2e354c3fd5c98fed76037d
371,12.837,0.010000023,0x93bf27a3512f28a4ce66ebd0bc0fc8dfd0602448,2017-08-17T21:12:09.000Z,0.000779,0x009b56330ae5ec5042b9ca46ddb3043cc0d006f3,buy,0x12fef5e57bf45873cd9b62e9dbd7bfb99e32d73e,0x49e6e7894b58c47aba5b17c1bd016505db4209e98bf4138873941fdcfb3d570a
372,2633.303,2.05397634,0x00009277775ac7d0d59eaad8fee3d10ac6c805e8,2017-08-17T18:16:06.000Z,0.00078,0x9a7b483489ecc9c2902bcf02d3d77cdc7618867e,buy,0x12fef5e57bf45873cd9b62e9dbd7bfb99e32d73e,0xf75a1c00f2c77048dbb3ed43a5d04d90c602ddd37f05698f1f3637e77e2b3739
373,7366.697076661444,5.746023719795927,0x00009277775ac7d0d59eaad8fee3d10ac6c805e8,2017-08-17T18:10:49.000Z,0.00078,0x9a7b483489ecc9c2902bcf02d3d77cdc7618867e,buy,0x12fef5e57bf45873cd9b62e9dbd7bfb99e32d73e,0x99337570cff303b9d175bb8d69d86101efeb3770664be290699e3a4a0365947f
374,10000,7.8,0x00009277775ac7d0d59eaad8fee3d10ac6c805e8,2017-08-17T17:29:30.000Z,0.00078,0x9a7b483489ecc9c2902bcf02d3d77cdc7618867e,buy,0x12fef5e57bf45873cd9b62e9dbd7bfb99e32d73e,0xc0a8b54f5c68492e10c1b72e32961ef1bef75d4c989c5748814aa05514e2ed69
375,431.3966290063382,0.33605797399593745,0xb543dc837dad5e6dd2b896e7ced4cc48644d1eaf,2017-08-17T16:54:50.000Z,0.000779,0x009b56330ae5ec5042b9ca46ddb3043cc0d006f3,buy,0x12fef5e57bf45873cd9b62e9dbd7bfb99e32d73e,0x00d8468890eb53a9a4887f72bc886de6c61734c3aff069aa4570d2655cef5e16
376,2633.3029233385555,2.0539762802040733,0x097501c95264ad3204159efaefdc5820783dbeae,2017-08-17T16:34:47.000Z,0.00078,0x9a7b483489ecc9c2902bcf02d3d77cdc7618867e,buy,0x12fef5e57bf45873cd9b62e9dbd7bfb99e32d73e,0x97af555f6c9a6b0536c7f4ce87e41db199c273e76d25a8175238078d7b465c6d
377,1283.697,0.999999963,0xdf3ded8c434839de00bb76947cf14d345f4890a0,2017-08-17T13:38:43.000Z,0.000779,0x009b56330ae5ec5042b9ca46ddb3043cc0d006f3,buy,0x12fef5e57bf45873cd9b62e9dbd7bfb99e32d73e,0x9636d8afbfab2e52cb30fbba89d8c0329c24eeeab6f7432235109464a6ce1e1d
378,5648.267,4.399999993,0x21a11b66f89655a975ec02a233a8ef51593419c1,2017-08-17T11:53:30.000Z,0.000779,0x009b56330ae5ec5042b9ca46ddb3043cc0d006f3,buy,0x12fef5e57bf45873cd9b62e9dbd7bfb99e32d73e,0x2a21a861b6c470eb4cd70715e6fcbe8634a615b45a19732eb8df2d34efe6ded1
