,amount,amountBase,buyer,date,price,seller,side,tokenAddr,txHash
0,447.11171245,0.00402400541205,0xf155eac36ea8e082bdcd673c58608d6f02e4225c,2017-11-02T15:26:51.000Z,0.000009,0xb02a8468a646f6699f67d363e65bdf05e41eb883,sell,0xf152fca41bd23ff250292af391236db35e0e99c3,0xaaef998530d7aecf385093a4f45e1da704873735b4e92430a011592635261721
1,1000,0.008068,0xdbbae39c54992479faac890e81eb4d8579b951d6,2017-11-02T15:24:37.000Z,0.000008068,0xb02a8468a646f6699f67d363e65bdf05e41eb883,sell,0xf152fca41bd23ff250292af391236db35e0e99c3,0x8cf02670b446ee05548f3209ee3b572a5ec546a57e10552ce2b2ffae53b85bd5
2,1544.755,0.01394913765,0x02f3f615dad26e296bec71632d7d3fdb702dae7c,2017-11-02T15:22:23.000Z,0.00000903,0xb02a8468a646f6699f67d363e65bdf05e41eb883,sell,0xf152fca41bd23ff250292af391236db35e0e99c3,0x2e3b82717b160c8c7ef7cdf260587812fdfcfc1a2a279fb1679e64a26811d219
3,363.824,0.00145893424,0xa1dc29270c60dd37d64643d20151b7ee1806b776,2017-11-02T12:55:51.000Z,0.00000401,0x15b334b8a6b355ee38ac5d48a59a511949c04961,sell,0xf152fca41bd23ff250292af391236db35e0e99c3,0xbbb561a1d8a0e1bcc5b0fafd88a53e15f85536b34ae7188ac4cd281345bd7b9f
4,37.51219146,0.0005,0x4fda9e6bcd83af6c5cc771b5d20accc2b7720074,2017-11-02T10:21:23.000Z,0.00001332900000079067,0xfadf2dfe5087306c5b5fe7272ee3d1a5a1417287,buy,0xf152fca41bd23ff250292af391236db35e0e99c3,0xf83ae4b570fddf97fbf674f1fe0ac360bdcba0f84982f6f876d3554e20f57257
5,37.51219146,0.0005,0x3075f7f189912f4f425dd7021b9c396434197477,2017-11-02T10:08:20.000Z,0.00001332900000079067,0xfadf2dfe5087306c5b5fe7272ee3d1a5a1417287,buy,0xf152fca41bd23ff250292af391236db35e0e99c3,0xcfe30bc89f487c6d33cc2ce377e09df388572cc4c0572ca13b98d72cb3c62473
6,2990.7287409,0.0240005981457225,0x1d8a54cca8c998af9ed83d5c4b548229e9336c8d,2017-11-01T19:23:28.000Z,0.000008025,0xb1bd7cc0f172bbac6c96db1eafad947747132abd,sell,0xf152fca41bd23ff250292af391236db35e0e99c3,0xcc0ab75d30162a64f64e84b86371b60a55d1153712fc0eb9d68051a4b1fd4e3e
7,3160.6798134,0.028540938715002,0x02f3f615dad26e296bec71632d7d3fdb702dae7c,2017-11-01T19:08:56.000Z,0.00000903,0x7b8859277b9aeb2038a001b27fa3ddc2d0f10c98,sell,0xf152fca41bd23ff250292af391236db35e0e99c3,0x4075c917036cef2ffcd4f20f696a0722fdfe36186744d633dc46987cea36723a
8,7133.88529352,0.0644189842004856,0x02f3f615dad26e296bec71632d7d3fdb702dae7c,2017-11-01T19:05:57.000Z,0.00000903,0xf155eac36ea8e082bdcd673c58608d6f02e4225c,sell,0xf152fca41bd23ff250292af391236db35e0e99c3,0x4464ee5f58ad9d00b4e0cb3ca8ebe8b5bad21ac65edb065f4b3f7c2a7d3aff98
9,10000,0.14998,0x008cd39b569505e006ec93689add83999e96ab12,2017-11-01T18:27:46.000Z,0.000014998,0xfadf2dfe5087306c5b5fe7272ee3d1a5a1417287,buy,0xf152fca41bd23ff250292af391236db35e0e99c3,0x2daa64fd6d63cc057f5e9265c4a34a4ab33e274394253fa6c01697072f4d489a
10,3160.6798134,0.028540938715002,0x02f3f615dad26e296bec71632d7d3fdb702dae7c,2017-11-01T18:24:00.000Z,0.00000903,0xc698075aa6f05ecbc11c768d67b2351bba755ca2,sell,0xf152fca41bd23ff250292af391236db35e0e99c3,0x61c5b09780e7c3c78a0ca8f6889fcf5b934e94415ed3dc9fa522f03520b208b5
11,3160.6798134,0.025459275896937,0xf008944a4ece209490294c49d8fb7413b33238c5,2017-11-01T15:52:59.000Z,0.000008055,0xcea5ed954aaa3ebaf325f8bc71a344d6d2633712,sell,0xf152fca41bd23ff250292af391236db35e0e99c3,0xd1579c5d653968028bbc6d5d504a7278720ca80ece6f8b772f8d9fabee4974a0
12,996.9095803,0.0080301066693165,0xf008944a4ece209490294c49d8fb7413b33238c5,2017-11-01T14:47:03.000Z,0.000008055,0x812028886f88ef49db5e9982c97c496c8f395bd0,sell,0xf152fca41bd23ff250292af391236db35e0e99c3,0x21938635c065c714b197c65d099f20d44e0ebd9202d1e183191e781cb84ddb03
13,3160.6798134,0.02544347249787,0xf7b69d7067ce1da0839e07f0cb06c542100c49c4,2017-11-01T12:21:30.000Z,0.00000805,0xadc96b262ffc415a8b0ff7cc6a12395b50f62497,sell,0xf152fca41bd23ff250292af391236db35e0e99c3,0x7462cab5cc833a8518bf80b2fff8d931831a6a9464e5d5e69cf5881c592e63d4
14,3160.20336955,0.0253321902103128,0xf0b6feeaff52411c0b9a750f41aaafbf288f4375,2017-10-31T21:18:09.000Z,0.000008016,0x89be660c4f9ef474a6b3cf1a9e5b12cb7bbe64d5,sell,0xf152fca41bd23ff250292af391236db35e0e99c3,0x4f1ee7ed84b6a1d624c16117b6391b064c511f5c95803118048feb222816d4e0
15,3160.20336955,0.0253321902103128,0xf0b6feeaff52411c0b9a750f41aaafbf288f4375,2017-10-31T19:12:48.000Z,0.000008016,0x058352fca3a740fb822bc74e5f3d33ade894086b,sell,0xf152fca41bd23ff250292af391236db35e0e99c3,0x3e72c62feaaa5af8cce3b6d97247eae43592a309670b415f45b0ed3acb0a48f4
16,2500,0.025,0x4ecd49da857f153fa6d71ecdc6dc3ce2ebf92d80,2017-10-31T14:39:41.000Z,0.00001,0xfadf2dfe5087306c5b5fe7272ee3d1a5a1417287,sell,0xf152fca41bd23ff250292af391236db35e0e99c3,0xa0a91e41b8094e66adf8ba1e74315dce76ad40bf59d2f739af77a514e73f7d40
17,500,0.009,0x1d8a54cca8c998af9ed83d5c4b548229e9336c8d,2017-10-31T06:38:19.000Z,0.000018,0xaa569b62d106d4d59773c55e230d0373cd82f6a5,buy,0xf152fca41bd23ff250292af391236db35e0e99c3,0x62c7b276073b9d9d44847a9c58aec4edbd63452e4fd77543c310f0bee6049f1f
18,3160.6798134,0.020939503763775,0x1d8a54cca8c998af9ed83d5c4b548229e9336c8d,2017-10-31T02:30:47.000Z,0.000006625,0x8a3e74db1c322b31f2680665c5978b26635c97b0,sell,0xf152fca41bd23ff250292af391236db35e0e99c3,0x6304f95a0c1fa0c74076ee393394d35b2a7cee08c77c8f443c30dc9723891fea
19,897.3,0.0165991527,0xfadf2dfe5087306c5b5fe7272ee3d1a5a1417287,2017-10-31T00:41:33.000Z,0.000018499,0x273a5d3e6721b9f5c1a6474f560c1334c63dda01,sell,0xf152fca41bd23ff250292af391236db35e0e99c3,0xb9891ef4e3fb01082a4a8431fa6396cee4eaf6a576763003f1a506478b41fa0f
20,900,0.0135,0x273a5d3e6721b9f5c1a6474f560c1334c63dda01,2017-10-31T00:41:33.000Z,0.000015,0xdbbae39c54992479faac890e81eb4d8579b951d6,buy,0xf152fca41bd23ff250292af391236db35e0e99c3,0xb9891ef4e3fb01082a4a8431fa6396cee4eaf6a576763003f1a506478b41fa0f
21,1000,0.0119,0xd420b0a31a0fd6d7efc20c796e001af9062fc68b,2017-10-30T23:43:04.000Z,0.0000119,0xdbbae39c54992479faac890e81eb4d8579b951d6,buy,0xf152fca41bd23ff250292af391236db35e0e99c3,0x7be5e9b6d2828b97cec78d4aaa1a97771deea7aaef106cfcedb4c4dc260ae166
22,5000,0.03305,0x1d8a54cca8c998af9ed83d5c4b548229e9336c8d,2017-10-30T20:58:23.000Z,0.00000661,0xf155eac36ea8e082bdcd673c58608d6f02e4225c,sell,0xf152fca41bd23ff250292af391236db35e0e99c3,0xd58ffe2fe174b2d77957dfbfa42478e183424da86c734acd456a75f105f1c141
23,3170.47,0.02536376,0xfa6d69afc1bdde196c2bdacc9b67158c85ce4b71,2017-10-30T18:30:38.000Z,0.000008,0xa35375b015f3983cc17c1e9c75b957862a129a5c,buy,0xf152fca41bd23ff250292af391236db35e0e99c3,0x8c195a3b428779f6ea0ba752500ea764b973085210069fc19aa75cae20979c91
24,2990.7287409,0.019828531552167,0x1d8a54cca8c998af9ed83d5c4b548229e9336c8d,2017-10-30T17:23:49.000Z,0.00000663,0x3da475f79a8d6c5e3cce4c166f666bb2864a9c9b,sell,0xf152fca41bd23ff250292af391236db35e0e99c3,0xeb933026618b0b0d46bff5d3b3b7777e336b8491d3e70176681775c70bfd8d8a
25,3217.73721468,0.0213335977333284,0x1d8a54cca8c998af9ed83d5c4b548229e9336c8d,2017-10-30T16:28:54.000Z,0.00000663,0x659f7952cf483abcb29111f0e79730328a3ca612,sell,0xf152fca41bd23ff250292af391236db35e0e99c3,0xa3df1ca98f07312b95993d20945ce7b493fa054735b40850ba3d8e5a6837c482
26,3169.47,0.03169153053,0x15b334b8a6b355ee38ac5d48a59a511949c04961,2017-10-30T12:58:37.000Z,0.000009999,0x0cccfb3476efda0a3ab319e97a7767409eee39e3,buy,0xf152fca41bd23ff250292af391236db35e0e99c3,0x715373522191f6b1ca24bb924fc0122e1c2dd3abd4b245f39d70b9636e377cab
27,3170.477,0.03167306523,0x15b334b8a6b355ee38ac5d48a59a511949c04961,2017-10-30T12:56:35.000Z,0.00000999,0x395b8d1e5c4f4de8078f0cff012f8d795ac3ac3c,buy,0xf152fca41bd23ff250292af391236db35e0e99c3,0x21944e202eacd20fe38a5cb422d0107487f50956551bbc384ef1c8c1e7ef769e
28,7500,0.0749175,0x008cd39b569505e006ec93689add83999e96ab12,2017-10-30T10:25:16.000Z,0.000009989,0xfadf2dfe5087306c5b5fe7272ee3d1a5a1417287,buy,0xf152fca41bd23ff250292af391236db35e0e99c3,0xf466da9cf9788fa05c24351655c4cb5ef482df90101fe55c98a80015d73a0a6c
29,3170,0.02853,0xf155eac36ea8e082bdcd673c58608d6f02e4225c,2017-10-30T07:32:32.000Z,0.000009,0xdf0727e5cd2cfd93cad2628309b19564caa63ab3,buy,0xf152fca41bd23ff250292af391236db35e0e99c3,0xcb906be1b2f8c574baba698aa0d06315630c9d0267d65c93d9be87db6c5447fe
30,3160.20336955,0.0202569035988155,0x1d8a54cca8c998af9ed83d5c4b548229e9336c8d,2017-10-30T03:50:52.000Z,0.00000641,0x8d9c6fabbe86b246e247146684bf53678699b375,sell,0xf152fca41bd23ff250292af391236db35e0e99c3,0xd10490359918ca44cfc53e226894aa83c58c48e7a1cbf98fad3ddb0be20d59e2
31,3160.6798134,0.020259957603894,0x1d8a54cca8c998af9ed83d5c4b548229e9336c8d,2017-10-29T22:46:48.000Z,0.00000641,0x15b2fc33f79dc2c0b10bfd8fb48f1b5c453f6db2,sell,0xf152fca41bd23ff250292af391236db35e0e99c3,0x8cb4cf8adcb03123a2180454e43c9cc5778265ddecb0f58eacfd55c605b2d6bb
32,497.55757152,0.003134612700576,0x1d8a54cca8c998af9ed83d5c4b548229e9336c8d,2017-10-29T17:23:10.000Z,0.0000063,0x190da76f28f98515127233652af70575ce2c9b1c,sell,0xf152fca41bd23ff250292af391236db35e0e99c3,0xe45f919c9502497b9ee9596a9e5f39a7aa78b9bd5cf5c0db23a1c5477b2c7651
33,3170,0.026945,0xbb884febfd0814ad38fe18cc9a39f73282c91d76,2017-10-29T16:25:03.000Z,0.0000085,0x007a3833de239c214e699b5aa28070a10d4d5de6,buy,0xf152fca41bd23ff250292af391236db35e0e99c3,0xed00497940d97325a9b02771266f6103ec5857c26a55e157afb3f1f013d8ff71
34,12212.14235868,0.0766922540125104,0x1d8a54cca8c998af9ed83d5c4b548229e9336c8d,2017-10-29T15:12:07.000Z,0.00000628,0x14c2b732f734da979d383a850a7de033585da67b,sell,0xf152fca41bd23ff250292af391236db35e0e99c3,0x26b66660ced5fd4d91503b25341e3c6bf32150a970978c9df2971cb6f8d5b034
35,12642.71925363,0.0793962769127964,0x1d8a54cca8c998af9ed83d5c4b548229e9336c8d,2017-10-29T13:55:20.000Z,0.00000628,0xbd4694a35339ca8e5688c3c86db9a5611d86075e,sell,0xf152fca41bd23ff250292af391236db35e0e99c3,0x3d0e0090f6caa0e832598066b9fbea9c1efbf54225a34d4f073064758ffcb06a
36,37928.15771109,0.23799918963708974,0x1d8a54cca8c998af9ed83d5c4b548229e9336c8d,2017-10-29T12:42:42.000Z,0.000006275,0x00ac8a2bf7d97b363667aae3995192abada3c471,sell,0xf152fca41bd23ff250292af391236db35e0e99c3,0x2dc0cfb9fb1d6903ba67a0997c1ec6336ae2db4fa003d9886e5fb0900a6c1b00
37,5321.45931777,0.03301433360744508,0x008cd39b569505e006ec93689add83999e96ab12,2017-10-29T09:32:26.000Z,0.000006204,0x7f3230757c1b6d8c5e15d1970793c7b4b5254b6b,sell,0xf152fca41bd23ff250292af391236db35e0e99c3,0x3456a5c39b976ed9ca64485bc57ab8272171f6c2b8f1f9282280b01f5feccb04
38,3160.20336955,0.0193467650283851,0x008cd39b569505e006ec93689add83999e96ab12,2017-10-29T07:09:16.000Z,0.000006122,0x0374bab1bf3dbb4cc79a585332ac76a3194b581b,sell,0xf152fca41bd23ff250292af391236db35e0e99c3,0xb677b64bcd79a501ca9e2d81363772f0e62abc2026bbcec978043a5014381203
39,2990.7287409,0.018303259894308,0x1d8a54cca8c998af9ed83d5c4b548229e9336c8d,2017-10-29T04:35:24.000Z,0.00000612,0xe41f57d52a80d9d4b0caa82cd160f1339134f2e1,sell,0xf152fca41bd23ff250292af391236db35e0e99c3,0x8fea80e5e9708647a38889cef4315b52e41b5b77da44e5824debe7f30ca36f61
40,8685.85637738,0.0531574410295656,0x1d8a54cca8c998af9ed83d5c4b548229e9336c8d,2017-10-29T04:13:29.000Z,0.00000612,0xe07471464818b221bfc67f45d5da2e41eee9621f,sell,0xf152fca41bd23ff250292af391236db35e0e99c3,0xcc080143a000e84933d6f1b424967186d7ebe498a9b3f853e9eba3c5b254410b
41,3160.6798134,0.019343360458008,0x1d8a54cca8c998af9ed83d5c4b548229e9336c8d,2017-10-29T02:58:50.000Z,0.00000612,0x51d24049efbeee2bd82a30ae05675ad15c673843,sell,0xf152fca41bd23ff250292af391236db35e0e99c3,0x1f5f846538a1e202395fe487d64787188464dc313060d1910fdb63fc083193eb
42,1833,0.012831,0x4ecd49da857f153fa6d71ecdc6dc3ce2ebf92d80,2017-10-29T01:16:34.000Z,0.000007,0x1d8a54cca8c998af9ed83d5c4b548229e9336c8d,sell,0xf152fca41bd23ff250292af391236db35e0e99c3,0xacd92e9eb9a83200f611ee7602df0873bcfcf56b0f01725be8c89af87fbc09d9
43,42.01680672,0.0005,0x34f9560c63078eb61872a4dc2ccd20e21c34feaf,2017-10-28T20:28:37.000Z,0.0000119000000007616,0xdbbae39c54992479faac890e81eb4d8579b951d6,buy,0xf152fca41bd23ff250292af391236db35e0e99c3,0x84e9d86bc11f999161b5295eba04326829a55c5f51e9f57f713fb93cc3f54af5
44,42.01680672,0.0005,0xe444a40689f51f63bcd29910622035707d533d29,2017-10-28T20:20:24.000Z,0.0000119000000007616,0xdbbae39c54992479faac890e81eb4d8579b951d6,buy,0xf152fca41bd23ff250292af391236db35e0e99c3,0xf37cce65502825bdb12280deb278275f79b09a6f6e9c16b9946b6665ed8dbf4c
45,1160.87919532,0.006983733151125588,0x4ba054cf489d9de38525a2f1b76244fd3de4692e,2017-10-28T10:35:16.000Z,0.0000060159,0x4ed71f278cd62741569a51e3e80f5b6891265d37,sell,0xf152fca41bd23ff250292af391236db35e0e99c3,0xd9ab6e30b4238c265e606c4210ea5bd9842529134167dcffb303687133c4b61c
46,2000,0.012036,0xdbbae39c54992479faac890e81eb4d8579b951d6,2017-10-28T10:33:03.000Z,0.000006018,0x4ed71f278cd62741569a51e3e80f5b6891265d37,sell,0xf152fca41bd23ff250292af391236db35e0e99c3,0xbf31dd580ad5c5e1d7622c65e58ac58da110ee7886d9d49717994c83395396be
47,5000,0.059995,0x4cc4bd0a8fc9bdb97791e44dc5e661b8c461c98b,2017-10-28T10:19:23.000Z,0.000011999,0x4ba054cf489d9de38525a2f1b76244fd3de4692e,buy,0xf152fca41bd23ff250292af391236db35e0e99c3,0x7f7419919aea024876554852a4939450f5928bc677eb61097c8bb87521ac4641
48,2606.59030006,0.014466576165333,0x1d8a54cca8c998af9ed83d5c4b548229e9336c8d,2017-10-28T05:32:50.000Z,0.00000555,0xf52fb0f3240e800c9d07737f602a53a43455a758,sell,0xf152fca41bd23ff250292af391236db35e0e99c3,0x30e506bb1f5b222ebca7954e2964d97e4348ed46b44005681ee162a86cc82caa
49,20000,0.112,0x008cd39b569505e006ec93689add83999e96ab12,2017-10-28T05:31:07.000Z,0.0000056,0xf52fb0f3240e800c9d07737f602a53a43455a758,sell,0xf152fca41bd23ff250292af391236db35e0e99c3,0xf5ff924356fea86fe02d1637426d22cdce5242f910a0c9d43c613788ec485154
50,9003.09,0.05042630709,0x4ba054cf489d9de38525a2f1b76244fd3de4692e,2017-10-28T05:30:43.000Z,0.000005601,0xf52fb0f3240e800c9d07737f602a53a43455a758,sell,0xf152fca41bd23ff250292af391236db35e0e99c3,0xb8d9cf6eb34178b8b36cb458c43ba85b94c1f5ccb873b49c69ecc2466a78deb0
51,996.9095803,0.0055836905592603,0x4ba054cf489d9de38525a2f1b76244fd3de4692e,2017-10-28T04:33:34.000Z,0.000005601,0xbd56fe45cafbc7b90619e0b14b65a0a2b5c9da39,sell,0xf152fca41bd23ff250292af391236db35e0e99c3,0x642e425c245fdd3ebcbf18bca92436292e191b86441c532265030d97d650aef3
52,1.89054719,0.00000946218868595,0x1d8a54cca8c998af9ed83d5c4b548229e9336c8d,2017-10-27T19:10:51.000Z,0.000005005,0x98a324ce101657ab5f0f2ca8015abafbd358bf81,sell,0xf152fca41bd23ff250292af391236db35e0e99c3,0x262ce25ac1c484b618a61934692966c0ae2b75c0281e811e0de379c2e199aa31
53,18964.07888045,0.09491521479665226,0x1d8a54cca8c998af9ed83d5c4b548229e9336c8d,2017-10-27T19:02:02.000Z,0.000005005,0x98a324ce101657ab5f0f2ca8015abafbd358bf81,sell,0xf152fca41bd23ff250292af391236db35e0e99c3,0xc4511f31808cb308b871102a4e81a31940d951eb2706f6ca5b6d5d91384a7892
54,3500,0.07,0x3da475f79a8d6c5e3cce4c166f666bb2864a9c9b,2017-10-27T16:30:05.000Z,0.00002,0xe07471464818b221bfc67f45d5da2e41eee9621f,buy,0xf152fca41bd23ff250292af391236db35e0e99c3,0xd89a6a595e56d4134ca444936f1960a896b320e5e7d2cd4cf407593c9c51024a
55,9890,0.23736,0x14c2b732f734da979d383a850a7de033585da67b,2017-10-27T13:51:48.000Z,0.000024,0x1031e6db615803cc4e38207d422daac715ff9e9c,buy,0xf152fca41bd23ff250292af391236db35e0e99c3,0x22caf32863d4ad06265b8de1e0767b5b2ca3193d10523c6ea191fa09931f6303
56,500,0.01,0x14c2b732f734da979d383a850a7de033585da67b,2017-10-27T13:49:26.000Z,0.00002,0x4cd1ace2d57ac322437f4c853bdc492ab023de72,buy,0xf152fca41bd23ff250292af391236db35e0e99c3,0x4db995ed35382aa9fa2e14e8c37f5638b3ef0abe2b9338d5d601e37d3c139e8c
57,160,0.00152,0x14c2b732f734da979d383a850a7de033585da67b,2017-10-27T13:47:07.000Z,0.0000095,0xdbbae39c54992479faac890e81eb4d8579b951d6,buy,0xf152fca41bd23ff250292af391236db35e0e99c3,0x1a74ca6b6044950ce3ab0037e1e9c21a8ab601303fe2c70d26baa2dc1ff30652
58,1495.36437045,0.00448609311135,0x02f3f615dad26e296bec71632d7d3fdb702dae7c,2017-10-27T09:21:12.000Z,0.000003,0x1316fb4d258e6e9db929144f2c05fe80d7fd6368,sell,0xf152fca41bd23ff250292af391236db35e0e99c3,0x0a6a4e09322667c666bad1696a99336e597371a7eab957040081ce23b8e78a3e
59,2000,0.011,0x1d8a54cca8c998af9ed83d5c4b548229e9336c8d,2017-10-27T07:13:05.000Z,0.0000055,0xdbbae39c54992479faac890e81eb4d8579b951d6,buy,0xf152fca41bd23ff250292af391236db35e0e99c3,0x01b96dd1f14122421b15cf255d3d02bd30d419c9065968fbecd80472738ab12c
60,2000,0.0118,0x1d8a54cca8c998af9ed83d5c4b548229e9336c8d,2017-10-27T07:13:01.000Z,0.0000059,0x971f30c325d9924ad472adf0bf98702502baad93,buy,0xf152fca41bd23ff250292af391236db35e0e99c3,0x4502377ea3df94ec881fd9bc771e632857ddef10734201f9393b4f2c5d019a48
61,98094,0.686559906,0x1d8a54cca8c998af9ed83d5c4b548229e9336c8d,2017-10-27T07:13:01.000Z,0.000006999,0xb8df4c2bc68eb273b043a101fb05df928b39b750,buy,0xf152fca41bd23ff250292af391236db35e0e99c3,0xc0fa0ba2073cd481dff25d559a9195f78cbc38a05d593d290edbeae8ab994425
62,50,0.000025,0x008cd39b569505e006ec93689add83999e96ab12,2017-10-26T22:52:47.000Z,0.0000005,0x1d8a54cca8c998af9ed83d5c4b548229e9336c8d,sell,0xf152fca41bd23ff250292af391236db35e0e99c3,0xbdf5a18dd24e799b8825afcc68eca3479f6baa0ecb286a91242a4f7a0452def8
63,22,0.00000685256,0x429c7cf947d18c6e14660975ba5272621a618b36,2017-10-26T22:52:47.000Z,0.00000031148,0x1d8a54cca8c998af9ed83d5c4b548229e9336c8d,sell,0xf152fca41bd23ff250292af391236db35e0e99c3,0x95ae76361ff3758b20dafe21a5295b3d8203203f191277460973dc797d79b97b
64,2000,0.01,0x1d8a54cca8c998af9ed83d5c4b548229e9336c8d,2017-10-26T22:44:55.000Z,0.000005,0xa2312851d68b8f40df119f1b63f95e7600d6fd98,buy,0xf152fca41bd23ff250292af391236db35e0e99c3,0x042d50b53b6541f295069503e65214a73347a8d8efd79856dadbfe87ec862cef
65,30000,0.15,0x1d8a54cca8c998af9ed83d5c4b548229e9336c8d,2017-10-26T22:44:38.000Z,0.000005,0xbbe8a1421d8583194bd959a640cb82225650c748,buy,0xf152fca41bd23ff250292af391236db35e0e99c3,0xc95facdbd6dd3000cd151dd7f805789aeedea83e7447a6a73cbc6753a75067f2
66,12681,0.0608688,0x1d8a54cca8c998af9ed83d5c4b548229e9336c8d,2017-10-26T22:44:38.000Z,0.0000048,0x404e1d47acffe529498a3ac0f036c5eb08fb19ed,buy,0xf152fca41bd23ff250292af391236db35e0e99c3,0xb06900091ac750135bfc4f6c0f58ee65c4ad5e30c23876e5f284dc0ae6ffba83
67,1000,0.005,0xbd56fe45cafbc7b90619e0b14b65a0a2b5c9da39,2017-10-26T20:22:16.000Z,0.000005,0xa2312851d68b8f40df119f1b63f95e7600d6fd98,buy,0xf152fca41bd23ff250292af391236db35e0e99c3,0x9ece1b9aad3efb170fdd3d25d18de1a8754b227e3dcad29c94c57400b3c3f52e
68,20000,0.1,0x008cd39b569505e006ec93689add83999e96ab12,2017-10-26T16:04:53.000Z,0.000005,0xbbe8a1421d8583194bd959a640cb82225650c748,buy,0xf152fca41bd23ff250292af391236db35e0e99c3,0xfd901e4c6a2f3aad7e34c9676dcd95e251725e5bfa1fa0dd25d45b84e12e090a
69,1700,0.0085,0x14c2b732f734da979d383a850a7de033585da67b,2017-10-26T12:59:24.000Z,0.000005,0xfadf2dfe5087306c5b5fe7272ee3d1a5a1417287,sell,0xf152fca41bd23ff250292af391236db35e0e99c3,0xe37a24c34c994c17c6202a7c715ab0f64f94d22d25e3481f029af149b582e99f
70,2160.77950436,0.00065471618982108,0xdbbae39c54992479faac890e81eb4d8579b951d6,2017-10-25T14:18:20.000Z,0.000000303,0x31d17edd9f286e000bb4edb40d368a5621afb170,sell,0xf152fca41bd23ff250292af391236db35e0e99c3,0xcd83db2f236f36446a9eda779a5f39ea079ca77909117e21026119c325104809
71,47604.85,0.0975899425,0x580d0572dbd9f27c75d5fcc88a6075ce32924c2b,2017-10-25T00:51:49.000Z,0.00000205,0xb8df4c2bc68eb273b043a101fb05df928b39b750,sell,0xf152fca41bd23ff250292af391236db35e0e99c3,0xcedf5bb9eb2a6951b2ff884742e9b7e3515494c21c627eebe696cf22fb579ff2
72,47604.85,0.0975899425,0x580d0572dbd9f27c75d5fcc88a6075ce32924c2b,2017-10-25T00:51:38.000Z,0.00000205,0xb8df4c2bc68eb273b043a101fb05df928b39b750,sell,0xf152fca41bd23ff250292af391236db35e0e99c3,0xcedf5bb9eb2a6951b2ff884742e9b7e3515494c21c627eebe696cf22fb579ff2
73,6780.04706808,0.013899096489564,0x580d0572dbd9f27c75d5fcc88a6075ce32924c2b,2017-10-24T22:25:48.000Z,0.00000205,0x95e52a150e4a6f18323fb0d52066d130d1b79e22,sell,0xf152fca41bd23ff250292af391236db35e0e99c3,0xf732f8e1c166beae5cca43407072be593db8ec24fbf5b0585960eb199d1518d9
74,2702.26172167,0.007566332820676,0x580d0572dbd9f27c75d5fcc88a6075ce32924c2b,2017-10-24T22:22:43.000Z,0.0000028,0x95e52a150e4a6f18323fb0d52066d130d1b79e22,sell,0xf152fca41bd23ff250292af391236db35e0e99c3,0x856959e6b33bdf1705822053c7e3654ed2305e07705e4ab03fbbb49deaa08425
75,6320,0.017696,0x580d0572dbd9f27c75d5fcc88a6075ce32924c2b,2017-10-24T21:54:52.000Z,0.0000028,0x298652fd13cc0ee45a2a6ddd26708945f4cfb711,sell,0xf152fca41bd23ff250292af391236db35e0e99c3,0x9f9f887575e87f47a0b2bfa6638e98e2f3540dadce0d02cdef0804079935940d
76,3160.6798134,0.00884990347752,0x580d0572dbd9f27c75d5fcc88a6075ce32924c2b,2017-10-24T08:07:32.000Z,0.0000028,0xdc48cba9ca76d5394f3a17ea84621ceb3454d950,sell,0xf152fca41bd23ff250292af391236db35e0e99c3,0x08c1020520edc9174082ad25f6d4032aed0c7c623d6921aa119ea9d82c3eb74e
77,6321.35962681,0.017699806955068,0x580d0572dbd9f27c75d5fcc88a6075ce32924c2b,2017-10-24T05:29:45.000Z,0.0000028,0x820784e688eec968382b88481de74e3a27281cf5,sell,0xf152fca41bd23ff250292af391236db35e0e99c3,0x82473754402f3cc80e80fc6b713a163ac14d64d1856a372d9e05c32d6515ec63
78,3160.6798134,0.00884990347752,0x580d0572dbd9f27c75d5fcc88a6075ce32924c2b,2017-10-24T04:17:22.000Z,0.0000028,0x85d6ea6c010e63eba6a65d3003d34d31d3eb8d49,sell,0xf152fca41bd23ff250292af391236db35e0e99c3,0xf71ac3f4a9293cf86ec0ba6a267c7fdbae674f26e0c249599fbb4a3de775d7ba
79,3160.6798134,0.00884990347752,0x580d0572dbd9f27c75d5fcc88a6075ce32924c2b,2017-10-24T04:09:16.000Z,0.0000028,0xdf4a72a57c1bd29bc1a80f53d179a719976f8e4e,sell,0xf152fca41bd23ff250292af391236db35e0e99c3,0x76313589558ee7d8cff250bab3e38f0c98e8e8c0fe15641786931b7b2f6aa8fa
80,1999.79872721,0.009998993636098893,0x4ecd49da857f153fa6d71ecdc6dc3ce2ebf92d80,2017-10-24T03:56:41.000Z,0.00000500000000002444,0x54d5ce24863dcbc8df067801f7a6796145a5f1d0,buy,0xf152fca41bd23ff250292af391236db35e0e99c3,0x147c10809a245f09d4d1a58df1a6ae1d9114aaeead53ffeb964ea068e2c437da
81,3170,0.011095,0x116742c872f990da1b9be41ad0cf155863bf01df,2017-10-24T03:29:30.000Z,0.0000035,0x6915a8561913b1bb98080a1eab63a11bd4fa488d,buy,0xf152fca41bd23ff250292af391236db35e0e99c3,0x4ff095fb02277d8d2e580e69ba0bb77ae18b895dd4a25f8975942b4bb97bb734
82,3160.6798134,0.00884990347752,0x580d0572dbd9f27c75d5fcc88a6075ce32924c2b,2017-10-24T03:24:33.000Z,0.0000028,0x8556873e6e70cdbc930dba41e85d6d0a5d31b228,sell,0xf152fca41bd23ff250292af391236db35e0e99c3,0x174fdc47f781bbe6962f89b96cbf6de8577a95bf2534957474a4069c6565879e
83,3160.6798134,0.00884990347752,0x580d0572dbd9f27c75d5fcc88a6075ce32924c2b,2017-10-24T01:56:13.000Z,0.0000028,0x80ab0037f24658fc24c40202585ab8ff4f51c02c,sell,0xf152fca41bd23ff250292af391236db35e0e99c3,0xd60a64bc938e82255890c5dde8a51ce26c00b75214ff8f91eb13d6571fb04f6d
84,3160.6798134,0.00884990347752,0x580d0572dbd9f27c75d5fcc88a6075ce32924c2b,2017-10-24T00:30:29.000Z,0.0000028,0x504802184e6c5229be5877551e4ecd8710b4addf,sell,0xf152fca41bd23ff250292af391236db35e0e99c3,0xef5f571fd5ca7e809fdccf9e6a9bb049649a189547b42123d9e3833161d1144a
85,3150,0.00882,0x580d0572dbd9f27c75d5fcc88a6075ce32924c2b,2017-10-24T00:14:51.000Z,0.0000028,0xe82e81428b4e8e876e42154dd946b95a4a3c67b3,sell,0xf152fca41bd23ff250292af391236db35e0e99c3,0xbbc609ae0525015110f69884c48023cf00b9b20f96f0399716ae34b6442e88c4
86,3160.6798134,0.00884990347752,0x580d0572dbd9f27c75d5fcc88a6075ce32924c2b,2017-10-23T20:51:43.000Z,0.0000028,0x6a61e1547704f23e5c1c33665bdc12a543181026,sell,0xf152fca41bd23ff250292af391236db35e0e99c3,0x10903197cfb6affb9132013917a7dca68282eb1d9400e0154b931f11106c4af7
87,1111,0.005555,0x54b59cbea68b581f1fa6ae1c3d5ea0643e8e2378,2017-10-23T15:28:48.000Z,0.000005,0x54d5ce24863dcbc8df067801f7a6796145a5f1d0,buy,0xf152fca41bd23ff250292af391236db35e0e99c3,0x49e7ac5959b5cf7262e31ac73a8676bac99875869540dc0bb65fac2c6c2c59db
88,3160.6798134,0.00884990347752,0x580d0572dbd9f27c75d5fcc88a6075ce32924c2b,2017-10-23T13:47:16.000Z,0.0000028,0x10c252c8eec28f3b508c514c11819daff6c0d49e,sell,0xf152fca41bd23ff250292af391236db35e0e99c3,0xc1d46f1f6606ecefd9ea999d8f14a12a1c085a16be25e8df549322bea7e6a4f3
89,3160.6798134,0.00884990347752,0x580d0572dbd9f27c75d5fcc88a6075ce32924c2b,2017-10-23T13:46:01.000Z,0.0000028,0x10c252c8eec28f3b508c514c11819daff6c0d49e,sell,0xf152fca41bd23ff250292af391236db35e0e99c3,0xc1d46f1f6606ecefd9ea999d8f14a12a1c085a16be25e8df549322bea7e6a4f3
90,3160.6798134,0.00884990347752,0x580d0572dbd9f27c75d5fcc88a6075ce32924c2b,2017-10-23T08:04:02.000Z,0.0000028,0xfb149dd41949f88be75748b49c1f90efbc609f63,sell,0xf152fca41bd23ff250292af391236db35e0e99c3,0x206f137402eedeef2ab20d44cab89535b58818850a747c6ca201c4022339ad5e
91,2990.58051752,0.008373625449056,0x580d0572dbd9f27c75d5fcc88a6075ce32924c2b,2017-10-23T06:00:50.000Z,0.0000028,0x1d2cadab05cb50a822c672498c5e59ba82dab549,sell,0xf152fca41bd23ff250292af391236db35e0e99c3,0xbdb6accf76e675dd266476e2bcb71545200bf2b992d9bce1a27351d03c4022fd
92,3160.6798134,0.00884990347752,0x580d0572dbd9f27c75d5fcc88a6075ce32924c2b,2017-10-22T15:34:23.000Z,0.0000028,0xf82c7c1503a06fcf927ee401a7b868bf067715f8,sell,0xf152fca41bd23ff250292af391236db35e0e99c3,0x23bf48bd0fb9aad7414a6e09e73736ffd818dbca07f3048dbb400d848960685f
93,24800,0.06944,0x580d0572dbd9f27c75d5fcc88a6075ce32924c2b,2017-10-22T00:03:06.000Z,0.0000028,0x3e379f55f8faae407fae416f8ca096a82d2dee70,sell,0xf152fca41bd23ff250292af391236db35e0e99c3,0x58d394b2ff87fde9a02b069f37ed400e371866d03b585d76b37aa6c2e4c90606
94,22109,0.0619052,0x580d0572dbd9f27c75d5fcc88a6075ce32924c2b,2017-10-22T00:01:34.000Z,0.0000028,0x3e379f55f8faae407fae416f8ca096a82d2dee70,sell,0xf152fca41bd23ff250292af391236db35e0e99c3,0x83e30a59d1a706d25c9b18a50dd94dd0e01dd7e0a1ec92b11b90d266b09c0f8f
95,3160.6798134,0.0094820394402,0x9352b7829b1cf9ec67ac7dd74ccfefdbfe14af56,2017-10-21T15:53:34.000Z,0.000003,0x8a7bf497e153df124d91e52bb8081635a9301e72,sell,0xf152fca41bd23ff250292af391236db35e0e99c3,0x42ee3c902046e8636b71bb4088791ff74f46dee72b67fdbefece58302182126f
96,6000,0.018102,0x035392de57aa4fe343d86494103dbe1b068a56c6,2017-10-21T14:10:13.000Z,0.000003017,0xccef1314ac229a0a3680dc4f02ca7ba8838140bc,sell,0xf152fca41bd23ff250292af391236db35e0e99c3,0x54be2b10355a1e7032589f43ba82a07fd850c1968bfcf60d6b3b9cc4d889d877
97,21000,0.105,0x27849f835bb345a26dffbfa7a8863c387b546730,2017-10-21T10:18:18.000Z,0.000005,0xe07471464818b221bfc67f45d5da2e41eee9621f,buy,0xf152fca41bd23ff250292af391236db35e0e99c3,0x5e6b70ddc95de91e0516ba77185b6413eb16924561bcde1fe0d8f95932b7dee0
98,1167.977,0.0057230873,0x4ecd49da857f153fa6d71ecdc6dc3ce2ebf92d80,2017-10-21T06:52:14.000Z,0.0000049,0x6873035172a9d986e31d8b4ecf108838af8e7e23,buy,0xf152fca41bd23ff250292af391236db35e0e99c3,0x3e5b32538d3993399f17c9d730185b96d3d62217430fe2239525e58d4600ac70
99,1000,0.005,0x304c929780c19ae230022779a75b451f63d4705f,2017-10-20T22:38:20.000Z,0.000005,0x7f3230757c1b6d8c5e15d1970793c7b4b5254b6b,sell,0xf152fca41bd23ff250292af391236db35e0e99c3,0xcd72e9ee5e761814f4a88b934303ae35349b87ff9cf0e1804ec73f8dd1d41258
100,20000,0.12,0xd8d06134e33e921cd7a7487a3e38cdbe82564f9c,2017-10-20T21:00:14.000Z,0.000006,0xbbe8a1421d8583194bd959a640cb82225650c748,buy,0xf152fca41bd23ff250292af391236db35e0e99c3,0x6eef66695628a7cfbbdfb4f354fbebed745137f572473b779dd43adc31c329c0
101,2499,0.01471911,0xd8d06134e33e921cd7a7487a3e38cdbe82564f9c,2017-10-20T21:00:03.000Z,0.00000589,0x6291820dca6ff60a27ac7cd93d159f556bf5fe16,buy,0xf152fca41bd23ff250292af391236db35e0e99c3,0xd5006d801dc3aeaffc3037db03ea4d958baf8b5c1dde3d7fe4f5cc906c429023
102,500,0.0035,0xbb1467dfb86ea6ade4af6d20c2fedf5a2a33fc36,2017-10-20T20:48:33.000Z,0.000007,0x3e379f55f8faae407fae416f8ca096a82d2dee70,sell,0xf152fca41bd23ff250292af391236db35e0e99c3,0xfa35309be9f2d2546585b455c18bc7da40b7bf2efd0561eebb501c09269cedc1
103,3160,0.0107756,0x8a424781254908e4bc40db921f969218eef3c81a,2017-10-20T12:46:37.000Z,0.00000341,0x8bf7c4de9e17204228d4110e0995751c7d253642,sell,0xf152fca41bd23ff250292af391236db35e0e99c3,0x938069c9a2947075659de1e3ec76b430f9515b4e189ad8893b49fcff8ad86142
104,3170.477,0.01081132657,0x116742c872f990da1b9be41ad0cf155863bf01df,2017-10-20T10:55:03.000Z,0.00000341,0xcba0508a9437aff44ba25ac1d87184d485f958ce,buy,0xf152fca41bd23ff250292af391236db35e0e99c3,0xea3ed1e0270f31392d0b2fe6ff14ab7625915d231ed0abf80b422512a71088a1
105,990.89614278,0.0033789558468798,0x035392de57aa4fe343d86494103dbe1b068a56c6,2017-10-20T10:16:00.000Z,0.00000341,0xa8759794f4228712d36297f9ca59368d587657d5,sell,0xf152fca41bd23ff250292af391236db35e0e99c3,0x1329d3c3a4e680a1d534eaab9004c8753482af54ffde2f81a2590f91331e418a
106,29965,0.2247375,0x116742c872f990da1b9be41ad0cf155863bf01df,2017-10-20T06:07:37.000Z,0.0000075,0x116742c872f990da1b9be41ad0cf155863bf01df,buy,0xf152fca41bd23ff250292af391236db35e0e99c3,0xab655159f0203d558b7200b9c1a6153e0bb0626da3f976861cf331c0f67421d3
107,15996,0.11997,0x116742c872f990da1b9be41ad0cf155863bf01df,2017-10-20T06:06:44.000Z,0.0000075,0x116742c872f990da1b9be41ad0cf155863bf01df,buy,0xf152fca41bd23ff250292af391236db35e0e99c3,0xa2218057741492a5d7982bdb17afae2ae27bc7c0ccff5954477096e4f91b8312
108,14000,0.105,0x116742c872f990da1b9be41ad0cf155863bf01df,2017-10-20T06:06:00.000Z,0.0000075,0x116742c872f990da1b9be41ad0cf155863bf01df,buy,0xf152fca41bd23ff250292af391236db35e0e99c3,0xb39368d193e08781782694efb51d5dd157f75138bb2f92f88460847462fe071b
109,12642.24280977,0.0405815994193617,0x0fe6090affd0b5ba58586ab18fe575a51911d098,2017-10-20T06:03:16.000Z,0.00000321,0x32fb61e8b76528ddddd8bfbe465a483b4bba05ab,sell,0xf152fca41bd23ff250292af391236db35e0e99c3,0xc7e8140221630437c33e22834b1a65e44456e7ae5346b98ec01f11101713a6de
110,3.94731956,0.0000134603596996,0x035392de57aa4fe343d86494103dbe1b068a56c6,2017-10-20T04:55:26.000Z,0.00000341,0x7c29b7171c71aad14ac3fc8344132856386b98f2,sell,0xf152fca41bd23ff250292af391236db35e0e99c3,0x950b6a7547672af8ddc134f89e32ae6d1ff9017b683f5366abf682d8408ff749
111,39595.56248712,0.13011101833267633,0xfadf2dfe5087306c5b5fe7272ee3d1a5a1417287,2017-10-20T04:54:21.000Z,0.000003286,0x7c29b7171c71aad14ac3fc8344132856386b98f2,sell,0xf152fca41bd23ff250292af391236db35e0e99c3,0xf35547d0613114df9ab39a8b48627942658855a91d94c61f7b32295a6813d1c3
112,39595.56248712,0.13011101833267633,0xfadf2dfe5087306c5b5fe7272ee3d1a5a1417287,2017-10-20T04:54:19.000Z,0.000003286,0x7c29b7171c71aad14ac3fc8344132856386b98f2,sell,0xf152fca41bd23ff250292af391236db35e0e99c3,0xf35547d0613114df9ab39a8b48627942658855a91d94c61f7b32295a6813d1c3
113,72305.04079826,0.24663249416286487,0x116742c872f990da1b9be41ad0cf155863bf01df,2017-10-20T04:53:14.000Z,0.000003411,0x7c29b7171c71aad14ac3fc8344132856386b98f2,sell,0xf152fca41bd23ff250292af391236db35e0e99c3,0xa24355b53ea944413a76c5256e01d5a9f5e5ad90fb7f70531012edb25dde294e
114,70000,0.238,0xbbe8a1421d8583194bd959a640cb82225650c748,2017-10-20T04:53:14.000Z,0.0000034,0x7c29b7171c71aad14ac3fc8344132856386b98f2,sell,0xf152fca41bd23ff250292af391236db35e0e99c3,0x710ad201e76f52847e7725e2bfdef3352142f6d9ffabfffd4c5df29d245d1719
115,3160.6798134,0.0107810788435074,0x116742c872f990da1b9be41ad0cf155863bf01df,2017-10-20T04:28:11.000Z,0.000003411,0x50b12002416c48e451fcf439018b757357717eaa,sell,0xf152fca41bd23ff250292af391236db35e0e99c3,0xe2c8c72dd0ad067b490948ceccb1db551dacb871db55906070bb1da56d222e14
116,24534.27938834,0.08368642699362774,0x116742c872f990da1b9be41ad0cf155863bf01df,2017-10-20T03:52:33.000Z,0.000003411,0xc6addfb4310cd944163881d30ea29d327c348f53,sell,0xf152fca41bd23ff250292af391236db35e0e99c3,0x40005f96985ae3bdd2ab644ec3f5a99a933d7d88d2d1f7ece74095b57c0e4acc
117,1,0.0000079,0x6cdea8e07bf82d7a07dbf36642d6e5be8623845c,2017-10-20T00:03:47.000Z,0.0000079,0x6873035172a9d986e31d8b4ecf108838af8e7e23,buy,0xf152fca41bd23ff250292af391236db35e0e99c3,0x7c79beb74226e96f913744b55ef53680b4d71712a7ff4ca5c5cd09fc760e8eb5
118,3160.6798134,0.0103891545466458,0x3e379f55f8faae407fae416f8ca096a82d2dee70,2017-10-19T23:07:55.000Z,0.000003287,0x3549df43e9e6afc1c9483e6949d10f7282625285,sell,0xf152fca41bd23ff250292af391236db35e0e99c3,0xb1bab281c8379e9df2528decfcf826f177d0a2a792b4cb66ecc6d90ad08e2d12
119,3160.6798134,0.0103891545466458,0x3e379f55f8faae407fae416f8ca096a82d2dee70,2017-10-19T22:37:58.000Z,0.000003287,0x64a77d7271c4aa086a2bc2f145a1218bcb06ad18,sell,0xf152fca41bd23ff250292af391236db35e0e99c3,0xd5f2be312b367b4a4dcf9af6909f494b5a3bb96df36f534612964b8a9980aba0
120,2000,0.009306,0x971f30c325d9924ad472adf0bf98702502baad93,2017-10-19T21:38:00.000Z,0.000004653,0x7c29b7171c71aad14ac3fc8344132856386b98f2,sell,0xf152fca41bd23ff250292af391236db35e0e99c3,0xf6cd953323d2bf96d36c239b9dfce02ebe3d32525ec815752d258f87b09b58d8
121,11054.91368683,0.050852602959418,0xb47959d3b0b0436be20c0fb8004a97028ca9af43,2017-10-19T21:37:30.000Z,0.0000046,0x7c29b7171c71aad14ac3fc8344132856386b98f2,sell,0xf152fca41bd23ff250292af391236db35e0e99c3,0x0b900c8f00b63d6446ba6c34f6091821c1533dd817a3f313743bc39f50158355
122,70000,0.31507,0x3e379f55f8faae407fae416f8ca096a82d2dee70,2017-10-19T21:36:24.000Z,0.000004501,0x7c29b7171c71aad14ac3fc8344132856386b98f2,sell,0xf152fca41bd23ff250292af391236db35e0e99c3,0x172978ee5c4420520494b7382feb1943f80925aacdc6e4b076d59fa8cee0c104
123,50000,0.2326,0x116742c872f990da1b9be41ad0cf155863bf01df,2017-10-19T21:36:24.000Z,0.000004652,0x7c29b7171c71aad14ac3fc8344132856386b98f2,sell,0xf152fca41bd23ff250292af391236db35e0e99c3,0x966da64623bd7e82af156df72fa3a2caa389e391eed1f49d09cb346f37e80b34
124,5000,0.02501,0x0843e4bd8b4dfe7521a7f25c29892ea3f28c8c72,2017-10-19T21:34:47.000Z,0.000005002,0x7c29b7171c71aad14ac3fc8344132856386b98f2,sell,0xf152fca41bd23ff250292af391236db35e0e99c3,0x1feb7801a8a45631eedee79f228163943e7e875dec2225edad04fe42cd0c4368
125,20000,0.1,0xb47959d3b0b0436be20c0fb8004a97028ca9af43,2017-10-19T21:34:47.000Z,0.000005,0x7c29b7171c71aad14ac3fc8344132856386b98f2,sell,0xf152fca41bd23ff250292af391236db35e0e99c3,0x474024fd73b8ba371c5159379e167b6d677945ec9dd92abffa57a5b927e9209f
126,22124.76055978,0.112836278854878,0xb47959d3b0b0436be20c0fb8004a97028ca9af43,2017-10-19T21:34:36.000Z,0.0000051,0x7c29b7171c71aad14ac3fc8344132856386b98f2,sell,0xf152fca41bd23ff250292af391236db35e0e99c3,0x3e126d920eaa7566e2897440120e9943fede5ad28aa4b08a563ba8b7b24a9b49
127,9482.03944022,0.048358401145122,0xb47959d3b0b0436be20c0fb8004a97028ca9af43,2017-10-19T19:56:39.000Z,0.0000051,0x8ff3a0b7689f964774cf15faa82e639ebaa2cdff,sell,0xf152fca41bd23ff250292af391236db35e0e99c3,0x2968b9d593d94246902256d36c57109636fb7620033b8c48e24d6de8156863e1
128,3170.47,0.016169397,0xb47959d3b0b0436be20c0fb8004a97028ca9af43,2017-10-19T19:02:54.000Z,0.0000051,0xa1189723be8bfd659de450b89a1812612d926093,buy,0xf152fca41bd23ff250292af391236db35e0e99c3,0xb00115f4cb17ed68491213ae07022b014764aecb431878516096dd00e0852cd5
129,31606.79792642,0.15806559643002643,0x3e379f55f8faae407fae416f8ca096a82d2dee70,2017-10-19T16:38:47.000Z,0.000005001,0x47dd3d13e598186f326f4c6c4a4e737ecb642c39,sell,0xf152fca41bd23ff250292af391236db35e0e99c3,0x37173e549fd7fe1b3cbd8b0a80d53e59b18b1238a22c437c90313b51fdf856bf
130,3160.6798134,0.0158065597468134,0x3e379f55f8faae407fae416f8ca096a82d2dee70,2017-10-19T16:10:09.000Z,0.000005001,0xec56fead9e232e14980b4011e38c229ff5459fc7,sell,0xf152fca41bd23ff250292af391236db35e0e99c3,0x7ca387e471acb8eb496da2c0afdf17f8533790ac821c13450e182667fe357279
131,3160.6798134,0.014254665958434,0x116742c872f990da1b9be41ad0cf155863bf01df,2017-10-19T11:23:19.000Z,0.00000451,0x537cb35f5d73c7b285e19cf8396de6ad2566366f,sell,0xf152fca41bd23ff250292af391236db35e0e99c3,0xbde075ad59c681f68a0255925d19ae6974f600fdb18ba05e069b7b03874d0d5f
132,3160.6798134,0.014254665958434,0x116742c872f990da1b9be41ad0cf155863bf01df,2017-10-19T10:58:26.000Z,0.00000451,0x1310169ecb8bb9c0417f7d6cf499da4b233b040b,sell,0xf152fca41bd23ff250292af391236db35e0e99c3,0x55326718080f9e86e4d39221a3a5a2620a806bd54127ef0c90b7c709c338b73c
133,3160,0.0142516,0x116742c872f990da1b9be41ad0cf155863bf01df,2017-10-19T10:08:21.000Z,0.00000451,0xc9cfe46ee34a966e00cb812f8dffe4b3e7c785ca,sell,0xf152fca41bd23ff250292af391236db35e0e99c3,0x9a2c1f809be3d8a73b7f3b77d7b3c4a80fecda3289129962d5656c8d331a69ec
134,12642.72,0.058156512,0xb47959d3b0b0436be20c0fb8004a97028ca9af43,2017-10-19T08:06:51.000Z,0.0000046,0xc6addfb4310cd944163881d30ea29d327c348f53,sell,0xf152fca41bd23ff250292af391236db35e0e99c3,0xe332c5de5f79516cdc986e8d8b27f6df0c9832fcd5059ea4efd0139c43a7fae6
135,6839.32,0.03146771132,0x0843e4bd8b4dfe7521a7f25c29892ea3f28c8c72,2017-10-19T08:06:06.000Z,0.000004601,0xc6addfb4310cd944163881d30ea29d327c348f53,sell,0xf152fca41bd23ff250292af391236db35e0e99c3,0x81b79f8ed226b55118343f3dcf6bdb0b61d881e15352e89a8939a3b8118e8b91
136,3160.6798134,0.008913117073788,0xb47959d3b0b0436be20c0fb8004a97028ca9af43,2017-10-19T06:51:06.000Z,0.00000282,0x37f54a23c1bb87c46eba4e879cb19a4128ba4b99,sell,0xf152fca41bd23ff250292af391236db35e0e99c3,0x686052b37cb795c2fbfa1dd2ef646c99aefe76b4e72667823802651dcd016fb8
137,3160.6798134,0.0145422878214534,0x0843e4bd8b4dfe7521a7f25c29892ea3f28c8c72,2017-10-19T06:49:14.000Z,0.000004601,0xe626f9a773325a5cd9030c1986a7800b8359e42b,sell,0xf152fca41bd23ff250292af391236db35e0e99c3,0x8545ba55f1293210d3d0aab03784cc414dcfddb776d8a5d595bdeacd96c3ee37
138,50,0.00044995,0x22bbc3c4e46bf7104381db03bd93c6981faa96b5,2017-10-19T04:21:56.000Z,0.000008999,0xc6addfb4310cd944163881d30ea29d327c348f53,buy,0xf152fca41bd23ff250292af391236db35e0e99c3,0x0a6452353e7297f387140f8012851330c3881d02cb21c9953f9a3ae4e8adef9c
139,500,0.005,0xaa569b62d106d4d59773c55e230d0373cd82f6a5,2017-10-19T01:50:41.000Z,0.00001,0x1d2cadab05cb50a822c672498c5e59ba82dab549,buy,0xf152fca41bd23ff250292af391236db35e0e99c3,0xf13d8db00ec190e8aec7e4d3169871053ac3a6c446c99eb3d324d74c7c181a29
140,1000,0.009,0x4e6851d7653a78fc1cb85c5f48dca3c73882b337,2017-10-18T19:18:32.000Z,0.000009,0x4cd1ace2d57ac322437f4c853bdc492ab023de72,buy,0xf152fca41bd23ff250292af391236db35e0e99c3,0xc028e061bbf812d24316e33688e4053b8789f82a0190e7713382bed6eff47a22
141,1,0.000010999,0x3ac636ac5c3a2576156ac5f10066ca68abe0ad54,2017-10-18T17:30:39.000Z,0.000010999,0xc6addfb4310cd944163881d30ea29d327c348f53,buy,0xf152fca41bd23ff250292af391236db35e0e99c3,0x9fb7c440d3e486179362e1291d71315335005936b41da666c51928a7c4adbfcb
142,3160.6798134,0.0142230591603,0xb47959d3b0b0436be20c0fb8004a97028ca9af43,2017-10-18T17:30:13.000Z,0.0000045,0xe582b6853467c9de346244000f4855c8455f49d2,sell,0xf152fca41bd23ff250292af391236db35e0e99c3,0x5aabeb658202c050346b2fca50739dea191291cc051cc7280717cb27b20d3cde
143,46.29629629,0.0005,0x16e5d97bbc92417e051e3b2cabfbf8ceea2acb9c,2017-10-18T15:42:58.000Z,0.0000108000000014688,0xc6addfb4310cd944163881d30ea29d327c348f53,buy,0xf152fca41bd23ff250292af391236db35e0e99c3,0x0b1a35e74ebba0edfaf8748f97bfc74305ad6043d5a9e4aaaac2f0cdc29e88c7
144,46.29629629,0.0005,0x379374d13077e8867ef31803c37baf9785a17c00,2017-10-18T15:12:31.000Z,0.0000108000000014688,0xc6addfb4310cd944163881d30ea29d327c348f53,buy,0xf152fca41bd23ff250292af391236db35e0e99c3,0xd5339ce71a2a80a163f9a848ea7bc78896686c9d0763f30993d1b954f4d79092
145,46.29629629,0.0005,0xf9695cd65d6dfdf257fab76a3eb0cb8f001971cc,2017-10-18T15:11:56.000Z,0.0000108000000014688,0xc6addfb4310cd944163881d30ea29d327c348f53,buy,0xf152fca41bd23ff250292af391236db35e0e99c3,0x08453cf7c7f11b89fc8588c33c1e3d94a82027cfb75f8c2735b1b334611a4fd5
146,46.29629629,0.0005,0x42c24a83bded723edfdf5883bc7efb30bc1a1bf3,2017-10-18T15:11:35.000Z,0.0000108000000014688,0xc6addfb4310cd944163881d30ea29d327c348f53,buy,0xf152fca41bd23ff250292af391236db35e0e99c3,0xcfb05da428c37acf0cac2d85b9f0162a904be7489d7de3ce77b05f5e875a8b5d
147,0.99341802,0.0000039786391701,0x116742c872f990da1b9be41ad0cf155863bf01df,2017-10-18T14:34:10.000Z,0.000004005,0xf9a2499f5b479866ca4ee197d2dbdcc27d061251,sell,0xf152fca41bd23ff250292af391236db35e0e99c3,0x0ce2e90cc3a6146dda3fd7c1d794ff5df23a9fcd6455573d333ce5fb7cceba2a
148,9964.97609907,0.03990972927677535,0x116742c872f990da1b9be41ad0cf155863bf01df,2017-10-18T14:32:03.000Z,0.000004005,0xf9a2499f5b479866ca4ee197d2dbdcc27d061251,sell,0xf152fca41bd23ff250292af391236db35e0e99c3,0xd887ba27a2d8642edb18fa0380b9dafdf7df2ec5713c842e8dd81c1881367b56
149,9000,0.036045,0x116742c872f990da1b9be41ad0cf155863bf01df,2017-10-18T12:59:55.000Z,0.000004005,0xf9a2499f5b479866ca4ee197d2dbdcc27d061251,sell,0xf152fca41bd23ff250292af391236db35e0e99c3,0x63111f3cb623615d6fab7732a2f2cf60b478a455b9b831091e4c3a8f2b7ab1b3
150,1,0.00003899,0xf155eac36ea8e082bdcd673c58608d6f02e4225c,2017-10-18T09:04:34.000Z,0.00003899,0x0cccfb3476efda0a3ab319e97a7767409eee39e3,buy,0xf152fca41bd23ff250292af391236db35e0e99c3,0xc656f85c79bddb4fea920f9c96103f9be6f3b3668f17b09d432af95a2649c44a
151,150,0.0045,0xf155eac36ea8e082bdcd673c58608d6f02e4225c,2017-10-18T08:47:35.000Z,0.00003,0x116742c872f990da1b9be41ad0cf155863bf01df,sell,0xf152fca41bd23ff250292af391236db35e0e99c3,0xe2fbeb00f0376513c81c64860836618a8ed7a4b8fc66e423e86d7237579db329
152,50,0.00175,0xf155eac36ea8e082bdcd673c58608d6f02e4225c,2017-10-18T08:46:07.000Z,0.000035,0x1d2cadab05cb50a822c672498c5e59ba82dab549,sell,0xf152fca41bd23ff250292af391236db35e0e99c3,0x0e4099f9009d709e5f3ae540ebf9334dce8656e3c74059cb7392e425cc5b2598
153,257.888,0.00773406112,0xf155eac36ea8e082bdcd673c58608d6f02e4225c,2017-10-18T08:18:09.000Z,0.00002999,0xfadf2dfe5087306c5b5fe7272ee3d1a5a1417287,buy,0xf152fca41bd23ff250292af391236db35e0e99c3,0x342c9809a6236a09ff0d08bb3acfd6f5025faef5516c6d5a8afc54a8ae7413af
154,50,0.001625,0xf155eac36ea8e082bdcd673c58608d6f02e4225c,2017-10-18T07:42:08.000Z,0.0000325,0x1d2cadab05cb50a822c672498c5e59ba82dab549,buy,0xf152fca41bd23ff250292af391236db35e0e99c3,0xda3e6ea928225c09381b4960736217b663eaa05236f6d61d62d9e1f92c5926f8
155,1265.666,0.03164165,0xf155eac36ea8e082bdcd673c58608d6f02e4225c,2017-10-18T07:39:10.000Z,0.000025,0x1d2cadab05cb50a822c672498c5e59ba82dab549,buy,0xf152fca41bd23ff250292af391236db35e0e99c3,0x2c07388ff2122581f3b944ecec1113a4121ade7af4e29c3b83bbe32292c701c7
156,50,0.001375,0xf155eac36ea8e082bdcd673c58608d6f02e4225c,2017-10-18T07:39:10.000Z,0.0000275,0x1d2cadab05cb50a822c672498c5e59ba82dab549,buy,0xf152fca41bd23ff250292af391236db35e0e99c3,0x01657896fe98e6f3b9a0b1f419da3782648f7122c6dbc54ebc4d4c602a643fdf
157,734.33352453,0.0183583381133777,0xf155eac36ea8e082bdcd673c58608d6f02e4225c,2017-10-18T07:35:33.000Z,0.0000250000000001739,0x1d2cadab05cb50a822c672498c5e59ba82dab549,buy,0xf152fca41bd23ff250292af391236db35e0e99c3,0x89a84af9bb559456ce8690b3f5744aacc5fdb223df083aed8dbed2021e2fa691
158,250,0.005625,0xf155eac36ea8e082bdcd673c58608d6f02e4225c,2017-10-18T07:33:40.000Z,0.0000225,0x1d2cadab05cb50a822c672498c5e59ba82dab549,buy,0xf152fca41bd23ff250292af391236db35e0e99c3,0x7520a7abe80847ac0435ce880d453ee9c091b364edd9e2af2ff796a5f8947886
159,100,0.0021,0xf155eac36ea8e082bdcd673c58608d6f02e4225c,2017-10-18T07:31:55.000Z,0.000021,0x6291820dca6ff60a27ac7cd93d159f556bf5fe16,buy,0xf152fca41bd23ff250292af391236db35e0e99c3,0x31126ccd2a815051ac68a08a767d56346669c30d8a0388b87ba747f15f6deff0
160,3160.6798134,0.0110623793469,0xf155eac36ea8e082bdcd673c58608d6f02e4225c,2017-10-18T07:28:58.000Z,0.0000035,0xdd4ac5d767029adb00447ab3d9bfd2822e3f6c00,sell,0xf152fca41bd23ff250292af391236db35e0e99c3,0xc0054b65599edf98a0645c8aecad6b630317f42bcb46d4536039b15e059f8f84
161,70.478,0.001409630478,0xf155eac36ea8e082bdcd673c58608d6f02e4225c,2017-10-18T07:27:12.000Z,0.000020001,0x6291820dca6ff60a27ac7cd93d159f556bf5fe16,buy,0xf152fca41bd23ff250292af391236db35e0e99c3,0x8cda15a188400b3e75f5ea1f4674badf7b63a0ed387b7920159ea72bac699156
162,90.955,0.0015917125,0xf155eac36ea8e082bdcd673c58608d6f02e4225c,2017-10-18T07:26:29.000Z,0.0000175,0x1d2cadab05cb50a822c672498c5e59ba82dab549,buy,0xf152fca41bd23ff250292af391236db35e0e99c3,0xb746b3b7a3239e1659bbf7dddafe710265f47ccea0a9f6730dc53c88572edb11
163,500,0.0075,0xf155eac36ea8e082bdcd673c58608d6f02e4225c,2017-10-18T07:25:59.000Z,0.000015,0x6291820dca6ff60a27ac7cd93d159f556bf5fe16,buy,0xf152fca41bd23ff250292af391236db35e0e99c3,0xa5abe9340b86b5655353c5d4b80fc9a92ef69240ba3a7b11a183c9cf5b096e70
164,1000,0.01499,0xf155eac36ea8e082bdcd673c58608d6f02e4225c,2017-10-18T07:24:52.000Z,0.00001499,0x971f30c325d9924ad472adf0bf98702502baad93,buy,0xf152fca41bd23ff250292af391236db35e0e99c3,0x8ed907f3ff164c06a8284ffb7a4d52755921a8f894c35fadf30597879a00f74a
165,100,0.00125,0xf155eac36ea8e082bdcd673c58608d6f02e4225c,2017-10-18T07:24:00.000Z,0.0000125,0x1d2cadab05cb50a822c672498c5e59ba82dab549,buy,0xf152fca41bd23ff250292af391236db35e0e99c3,0x985a542d39e5ef1bedfc4e6c02c739622b000a6eb3422bacc1130013676a6ce5
166,1170,0.00819,0xf155eac36ea8e082bdcd673c58608d6f02e4225c,2017-10-18T07:21:32.000Z,0.000007,0xbba1f993e59c2b0014d7f83f73b57a622bdd9dfc,buy,0xf152fca41bd23ff250292af391236db35e0e99c3,0x6255899a6b36e93479b35a4785aeadb1ed626650480c36cc026de7047f004e5b
167,16801.15312737,0.0551077822577736,0xe500b153319ce70d5c70e08a213ac27ff119383a,2017-10-18T06:09:27.000Z,0.00000328,0xff97e52008f9bfe46a7aa6facc0320937fd18c06,sell,0xf152fca41bd23ff250292af391236db35e0e99c3,0x364d5ce74635e0d466327a571ec5a2f1ae9d2d090863bf49b08ae4a8a94bfa40
168,6000,0.042,0x43808d5a5cc952c530ff9d0499fa0bfd8ff553bf,2017-10-18T02:59:47.000Z,0.000007,0xbba1f993e59c2b0014d7f83f73b57a622bdd9dfc,buy,0xf152fca41bd23ff250292af391236db35e0e99c3,0xda34b68d22270dc83ac62797ec9371f1f845973422cf2620d0449355c5cfacc9
169,3160.20336955,0.010365467052124,0xe500b153319ce70d5c70e08a213ac27ff119383a,2017-10-18T02:09:04.000Z,0.00000328,0x2e3056ed1283f5e21f3f7d8825b06a2d98d33962,sell,0xf152fca41bd23ff250292af391236db35e0e99c3,0x3aa1c62d4f3b6d5ecc5b472ea82b5e0d41b660c6a4595b6628b5400c75ed8c23
170,500,0.0075,0x8ee17fa6098e2795ba6baf16ded7d2f3389f2a95,2017-10-17T23:13:04.000Z,0.000015,0x6873035172a9d986e31d8b4ecf108838af8e7e23,sell,0xf152fca41bd23ff250292af391236db35e0e99c3,0x8fc9d3ef55fbec602c04e48b226c656331a4ca1e6be36e8954a3cd24396e6bfb
171,50,0.0005,0xcd912af5286dc0b0a23edb30209734ecb60838b3,2017-10-17T21:48:33.000Z,0.00001,0x1d2cadab05cb50a822c672498c5e59ba82dab549,buy,0xf152fca41bd23ff250292af391236db35e0e99c3,0xa5706567a580b888e6be0d03c72f9e7b575e726a5ed0d1ba94f1fc6a5c421ed9
172,1800,0.018,0xe500b153319ce70d5c70e08a213ac27ff119383a,2017-10-17T21:07:59.000Z,0.00001,0xb5ee19efcff6d032cc511e5746758f965a44c1d4,buy,0xf152fca41bd23ff250292af391236db35e0e99c3,0x96738647898d241373cd9a29840198c5198c016cae52cd2dc6926f2028f16010
173,3170,0.02219,0x3e379f55f8faae407fae416f8ca096a82d2dee70,2017-10-17T15:23:08.000Z,0.000007,0x3f5198c464daa183d2d1b4e0c4743f849ba9f697,buy,0xf152fca41bd23ff250292af391236db35e0e99c3,0x9be56aa11c7f34be18df4c5db801a247a316d290d6b273cc4050f470eb6e82c3
174,200,0.001,0x3e379f55f8faae407fae416f8ca096a82d2dee70,2017-10-17T15:01:00.000Z,0.000005,0x1d2cadab05cb50a822c672498c5e59ba82dab549,buy,0xf152fca41bd23ff250292af391236db35e0e99c3,0x1a14d4ae465990299d25f47709b4c08fbf59fd6f70423d3573ac9b274b0cb984
175,499.99999938,0.003249999996019291,0x3e379f55f8faae407fae416f8ca096a82d2dee70,2017-10-17T15:01:00.000Z,0.00000650000000009858,0x6873035172a9d986e31d8b4ecf108838af8e7e23,buy,0xf152fca41bd23ff250292af391236db35e0e99c3,0x1da40abaf7285dd985ed18b1b06a9aeaf07e0f24b7d6a36a1ce4ed652c2694dc
176,3169,0.038028,0x3e379f55f8faae407fae416f8ca096a82d2dee70,2017-10-17T14:59:01.000Z,0.000012,0xe0f456dca19dfca5e2c3dfdfab9628199b764d38,buy,0xf152fca41bd23ff250292af391236db35e0e99c3,0x60b930cad838ceb4f474393a4494fb17b9de8d7c21d1e4531f0d0f6ef5754192
177,3169,0.025352,0x3e379f55f8faae407fae416f8ca096a82d2dee70,2017-10-17T14:58:27.000Z,0.000008,0xbe77bb206d7a7d2fb913b0814ba5a66f6a231033,buy,0xf152fca41bd23ff250292af391236db35e0e99c3,0x047a1ee9eebbcef2bbee0645cf96ba70a3c021ae2a47bee1bcdb42b65655dcb8
178,3170.47,0.02536058953,0x3e379f55f8faae407fae416f8ca096a82d2dee70,2017-10-17T14:58:25.000Z,0.000007999,0x9db8b98482bfde6b63e72a944cd38dd04a057d15,buy,0xf152fca41bd23ff250292af391236db35e0e99c3,0x21f799b402552b97f433b7da89ad0a5b5886d53358e9d5e6009834b2f54d826d
179,3170.47,0.0253003506,0x3e379f55f8faae407fae416f8ca096a82d2dee70,2017-10-17T14:58:25.000Z,0.00000798,0x66fa1e1af25d7661001301ab556c1eff78e2dbf9,buy,0xf152fca41bd23ff250292af391236db35e0e99c3,0x3b3e22e6b33d58f9ef1672d854b9c1ae648ce564f43b27bfb35a764947d88409
180,3170.477,0.022193339,0x3e379f55f8faae407fae416f8ca096a82d2dee70,2017-10-17T14:58:25.000Z,0.000007,0x34d4ecd77d6378ebdda1c62a38881e4587109181,buy,0xf152fca41bd23ff250292af391236db35e0e99c3,0xaf5284e1b0bd9bc308e83e717820b093c94c5a7dc1dec9aa1ecc7727be9942ae
181,999.99999999,0.006999999999999603,0x3e379f55f8faae407fae416f8ca096a82d2dee70,2017-10-17T14:58:08.000Z,0.0000070000000000696,0x6873035172a9d986e31d8b4ecf108838af8e7e23,buy,0xf152fca41bd23ff250292af391236db35e0e99c3,0x02be33b2b86cc39ae8232e9db69928b1cdde6bc557dd9e60188c1449db299c97
182,3160.6798134,0.00869186948685,0xb47959d3b0b0436be20c0fb8004a97028ca9af43,2017-10-17T14:33:38.000Z,0.00000275,0xb8c4d3c48fd783800efae55dfcef124e7b4f56c9,sell,0xf152fca41bd23ff250292af391236db35e0e99c3,0x89454ae03388466f6fca91ac14fb8e9b45fdf219509cb3d74a2044304da9e793
183,0.00000061,0.000000000003980709,0x659f7952cf483abcb29111f0e79730328a3ca612,2017-10-17T10:47:18.000Z,0.00000652575245901639,0x6873035172a9d986e31d8b4ecf108838af8e7e23,buy,0xf152fca41bd23ff250292af391236db35e0e99c3,0x06846516e2d5bba1844392d4b8f0403906d2aed3ecf584ad524a8f67a7bf6650
184,3113.24364221,0.021789592251881505,0xbf033f8fd87e50ac11ef75186b8cccdff0a337cc,2017-10-17T10:45:29.000Z,0.00000699900000001725,0xf19b6b204154b9b3923c2399a8be1a7910cb1cf9,buy,0xf152fca41bd23ff250292af391236db35e0e99c3,0xfab789e3da64fc42139acfeb0391dd95333b9e73acf29d2b42ca8dc4dc7dc20f
185,0.00570517,0.000000039930494021,0x659f7952cf483abcb29111f0e79730328a3ca612,2017-10-17T10:44:53.000Z,0.00000699900161099493,0xf19b6b204154b9b3923c2399a8be1a7910cb1cf9,buy,0xf152fca41bd23ff250292af391236db35e0e99c3,0x6ebb53c56a69e2ab7716703b619cb67d8a93b12e7955b49c514c170efdddcfb1
186,57.22857344,0.000400542785513645,0x659f7952cf483abcb29111f0e79730328a3ca612,2017-10-17T10:17:49.000Z,0.0000069990000001238,0xf19b6b204154b9b3923c2399a8be1a7910cb1cf9,buy,0xf152fca41bd23ff250292af391236db35e0e99c3,0xc5f37b4f07a080222ff900d110d21fdbdc34d760123fd894b93ae1d6df559f1f
187,12642.71925363,0.032871070059438,0x3e379f55f8faae407fae416f8ca096a82d2dee70,2017-10-17T07:57:10.000Z,0.0000026,0x5c1451df5986dfa8f990998a45f0a26860ee83e5,sell,0xf152fca41bd23ff250292af391236db35e0e99c3,0xb46a6951833472eb45321435a7fa4230115052d98ea3d150802759e49b6c4a2f
188,3170.47792083,0.014267150643735,0x1d2cadab05cb50a822c672498c5e59ba82dab549,2017-10-17T04:42:53.000Z,0.0000045,0xcc33a452f36359d837e03140e8fa379c4699753c,buy,0xf152fca41bd23ff250292af391236db35e0e99c3,0xa3f232ada823d678843eeb053f53c57614806ef6959aae847150eeac298da2af
189,3160.6798134,0.00821776751484,0xb47959d3b0b0436be20c0fb8004a97028ca9af43,2017-10-17T03:19:43.000Z,0.0000026,0xbf1027944e14c417b299b3c0a6a8dd7a294ef9c7,sell,0xf152fca41bd23ff250292af391236db35e0e99c3,0x718c2eaf49a4dbc16afa099ddb3150a256195c7623607998bff1c557b22e90b9
190,9511,0.0237775,0xb47959d3b0b0436be20c0fb8004a97028ca9af43,2017-10-17T01:20:05.000Z,0.0000025,0x11e629e8ede1a8ec10cf541cb4e525f35fd090f5,buy,0xf152fca41bd23ff250292af391236db35e0e99c3,0x3e17d4aefc994c4fc40cb9f0e4d312ffbe2adeda8bf95c74976a84d4a3bdd20f
191,3160.6798134,0.00663742760814,0xb47959d3b0b0436be20c0fb8004a97028ca9af43,2017-10-17T01:04:12.000Z,0.0000021,0x9f9df7ae9d9c19e4a787723b3d13084c92f33a53,sell,0xf152fca41bd23ff250292af391236db35e0e99c3,0x0bcbc8e0a780499b2f91b8fdd06c908bf5ed08e236e0e608151618aea543f786
192,1134.79779566,0.002326335481103,0x580d0572dbd9f27c75d5fcc88a6075ce32924c2b,2017-10-16T23:30:59.000Z,0.00000205,0x91cefc4139567a6c19657448c81f5534b2755e1e,sell,0xf152fca41bd23ff250292af391236db35e0e99c3,0xc59b490ee55ddc870f45d19ea6f2b0d8a8dc6f68e5ff7c76515401ee463ad4e8
193,6319.40982952,0.012954790150516,0x580d0572dbd9f27c75d5fcc88a6075ce32924c2b,2017-10-16T20:53:48.000Z,0.00000205,0x15cd8f632cc7448c2802f40f554c85caced5d2b4,sell,0xf152fca41bd23ff250292af391236db35e0e99c3,0x3a8c411d313858fa60cf78ee89092376eb722084e845dca8fe22cb418562b811
194,3160.89522359,0.0064798352083595,0x580d0572dbd9f27c75d5fcc88a6075ce32924c2b,2017-10-16T20:37:57.000Z,0.00000205,0xaa0bba6e7c895fb12d6c3c7755327691b64dd07a,sell,0xf152fca41bd23ff250292af391236db35e0e99c3,0x17db5b12da6396ed6ca212940c5b2b8c3f4f4e7a4224be293e90ac3e17969593
195,2026.084,0.006078252,0xb47959d3b0b0436be20c0fb8004a97028ca9af43,2017-10-16T16:43:37.000Z,0.000003,0x91cefc4139567a6c19657448c81f5534b2755e1e,sell,0xf152fca41bd23ff250292af391236db35e0e99c3,0xda99480f41642e3525dbf03c8fd634c50b511a603ec25d6699c10f9db0760c53
196,3161.19669789,0.00948359009367,0xb47959d3b0b0436be20c0fb8004a97028ca9af43,2017-10-16T16:38:26.000Z,0.000003,0xf8fbcefe0ab3095c0fcdbe00b90b7fbfc9b15279,sell,0xf152fca41bd23ff250292af391236db35e0e99c3,0xf107d92aaf830f429e071769038d220d20c76e25c880d8ce3d40426a74b512c9
197,3160.6798134,0.0094820394402,0xb47959d3b0b0436be20c0fb8004a97028ca9af43,2017-10-16T15:54:25.000Z,0.000003,0xf77bed0cd97ab4f8e39a64ff0978b8498a6b1882,sell,0xf152fca41bd23ff250292af391236db35e0e99c3,0xf190b400133a0989ecb0ca961c9795e1a222f9950020b6c7e40d044adfa4f218
198,2170,0.00651,0xb47959d3b0b0436be20c0fb8004a97028ca9af43,2017-10-16T15:24:26.000Z,0.000003,0xa8759794f4228712d36297f9ca59368d587657d5,sell,0xf152fca41bd23ff250292af391236db35e0e99c3,0x8c6041827cd6105bc16e661755824295fc23470f297043576544110a2291862f
199,3160.6798134,0.0094820394402,0xb47959d3b0b0436be20c0fb8004a97028ca9af43,2017-10-16T14:14:14.000Z,0.000003,0x5d1f4699c2027ddd29f760f3c3778ba5a0c7f77f,sell,0xf152fca41bd23ff250292af391236db35e0e99c3,0xa6d0558cc868e6672477005512f45c9284f73e0ec58ca24e142cb6b34ef84d18
200,3160.6798134,0.0094820394402,0xb47959d3b0b0436be20c0fb8004a97028ca9af43,2017-10-16T13:01:55.000Z,0.000003,0x3616cf47c1be6a9764f2b2af1cb4dacb4720211a,sell,0xf152fca41bd23ff250292af391236db35e0e99c3,0x85aed1bb6da7bcfdb71b5358044d1a3998d7aaed3e99c52041269b545c430aa9
201,3160.6798134,0.0094820394402,0xb47959d3b0b0436be20c0fb8004a97028ca9af43,2017-10-16T12:27:00.000Z,0.000003,0xe92072db1f4de50c6cd438785dab81b8044ec8cd,sell,0xf152fca41bd23ff250292af391236db35e0e99c3,0x2c47b636fa157f827dccfd3ba5bbb55405a8cc209500ae520967b19e82ef2e38
202,8487.02064389,0.02546106193167,0xb47959d3b0b0436be20c0fb8004a97028ca9af43,2017-10-16T06:56:07.000Z,0.000003,0xff97e52008f9bfe46a7aa6facc0320937fd18c06,sell,0xf152fca41bd23ff250292af391236db35e0e99c3,0x7f3020bd5e384e89347dd9312a0b8e6f690dedd7aa4353be3a283cc2c7b10c48
203,3160.6798134,0.0094820394402,0xb47959d3b0b0436be20c0fb8004a97028ca9af43,2017-10-16T06:38:13.000Z,0.000003,0x4c918082f3a212c7449158df057653bafd3102d8,sell,0xf152fca41bd23ff250292af391236db35e0e99c3,0x84b9f4d262639aad3124079413aad15f88d606bacf905b34ad7aa68371edda3c
204,3150,0.00945,0xbfa8801497ed1876521918033cbc46396b0a194a,2017-10-16T05:35:44.000Z,0.000003,0xb2b8caebdd790765d69218483fb1966689bb6bc2,buy,0xf152fca41bd23ff250292af391236db35e0e99c3,0x58ed03888e868184f59ffa1ce302c689b688412763e0290091a435502dd07db6
205,3160.68,0.00948204,0xbfa8801497ed1876521918033cbc46396b0a194a,2017-10-16T05:29:19.000Z,0.000003,0x7cdc17269f824059ce6867f23ce1fc47e63e6763,buy,0xf152fca41bd23ff250292af391236db35e0e99c3,0xf75ed334a1e69ec007e9ac827f78e779537b27dbed557d16ef5addd9c8350749
206,3160.6798134,0.0094820394402,0xb47959d3b0b0436be20c0fb8004a97028ca9af43,2017-10-16T04:23:44.000Z,0.000003,0x9188033a7d86a6993f3fc35bb6d7bea00461e8c7,sell,0xf152fca41bd23ff250292af391236db35e0e99c3,0x6a990c52625a4857e5e860cb82f2c451efba289b3eb42c1e8c59a5e5459fe616
207,3160.6798134,0.0094820394402,0xb47959d3b0b0436be20c0fb8004a97028ca9af43,2017-10-16T04:13:30.000Z,0.000003,0xd1869bf1ac6536f30c46e8f70d2f3e8ad23ebf7c,sell,0xf152fca41bd23ff250292af391236db35e0e99c3,0x312448d361c721112287cd554bb22f22a97aebfb8a9cd684becd26b0df78e87c
208,1930.44946339,0.00579134839017,0xb47959d3b0b0436be20c0fb8004a97028ca9af43,2017-10-16T03:47:11.000Z,0.000003,0xb3c74e8478cb91b17d0f78e3d0e3ea574c9fe2f8,sell,0xf152fca41bd23ff250292af391236db35e0e99c3,0x61754a8958dba32c4e1882f4dfe6731a3acdf463df688f0820227d129f3000d8
209,2000,0.002,0x4cd1ace2d57ac322437f4c853bdc492ab023de72,2017-10-16T02:58:39.000Z,0.000001,0xb3c74e8478cb91b17d0f78e3d0e3ea574c9fe2f8,sell,0xf152fca41bd23ff250292af391236db35e0e99c3,0x7cadf805971c5ae78997a2a3b240b7a173a4f463791f22567eea9ebc233b3541
210,3160.6798134,0.0094820394402,0xc9087108b890f9aee9c5b878c6f062a2b0c730f3,2017-10-16T00:21:12.000Z,0.000003,0xb24dc20b3440958822657d0bc6db3cd5d7b6bc0b,sell,0xf152fca41bd23ff250292af391236db35e0e99c3,0xa1a7326f56dd50c3b0491c68e620df9be8b6c3612ae1eabe1d6a8c7aff1b0c42
211,787.73212301,0.00236319636903,0xc9087108b890f9aee9c5b878c6f062a2b0c730f3,2017-10-16T00:21:12.000Z,0.000003,0xf4542269bfe02265dd8a9e043662f3ea43f276fc,sell,0xf152fca41bd23ff250292af391236db35e0e99c3,0xedf7e9368bae2de0e671fa2cdbd40013e4254e9aebdf47f4d64ae282e273c079
212,17502.27865046,0.06125797527661,0xb742b2e0489bfcb82e70d8a462434be7a93937d1,2017-10-16T00:12:39.000Z,0.0000035,0xf4542269bfe02265dd8a9e043662f3ea43f276fc,sell,0xf152fca41bd23ff250292af391236db35e0e99c3,0x762d3a821f70e665431f7253d9dc159aee3cd2a4d1731c04885646d2118f5800
213,18000,0.063,0xb742b2e0489bfcb82e70d8a462434be7a93937d1,2017-10-16T00:08:45.000Z,0.0000035,0xf4542269bfe02265dd8a9e043662f3ea43f276fc,sell,0xf152fca41bd23ff250292af391236db35e0e99c3,0xe85c4068695c6fb25345ca558af585952a595a8b3ca5d8d3fb7c1c6c1ca79949
214,3160.6798134,0.0094820394402,0xc9087108b890f9aee9c5b878c6f062a2b0c730f3,2017-10-15T23:23:09.000Z,0.000003,0x9839655f716122c5fe3594a031b1b0483058d123,sell,0xf152fca41bd23ff250292af391236db35e0e99c3,0x3398b996839477e05a179f62c20070bfb7cc781d959178b1497794d5ddfb620e
215,348.98414198,0.00104695242594,0xc9087108b890f9aee9c5b878c6f062a2b0c730f3,2017-10-15T22:58:51.000Z,0.000003,0xa0793d67aaf69238ce5245df8d8968bf88d2802b,sell,0xf152fca41bd23ff250292af391236db35e0e99c3,0x79b0621fdbec8b1de39477890a3fc839c09f6259a2e48f3039e735d3228c52a4
216,1500,0.004503,0x035392de57aa4fe343d86494103dbe1b068a56c6,2017-10-15T22:54:56.000Z,0.000003002,0xa0793d67aaf69238ce5245df8d8968bf88d2802b,sell,0xf152fca41bd23ff250292af391236db35e0e99c3,0xc341b7c7e22e3c0cb8b7eab636c2d5085a9f31cf32e8e13af9065426b7869ed8
217,1311.976,0.005247904,0x9542d5ea0317bf04f2bd8c694644713e30880c1b,2017-10-15T22:53:06.000Z,0.000004,0xa0793d67aaf69238ce5245df8d8968bf88d2802b,sell,0xf152fca41bd23ff250292af391236db35e0e99c3,0xec6d00e8a7189e9f195d57baaf8d3ca3babd5a87f495a61a5937d6bfb6b854e9
218,6751.26454818,0.05401011638544,0xa11f36555b15d08f63fe4c1da229574871e1fdb1,2017-10-15T20:29:54.000Z,0.000008,0xf4542269bfe02265dd8a9e043662f3ea43f276fc,sell,0xf152fca41bd23ff250292af391236db35e0e99c3,0x19222227de5304ba25ad5212de73df17c1c93b2b6184805452fdb5e748ccbf55
219,3160,0.02528,0xa11f36555b15d08f63fe4c1da229574871e1fdb1,2017-10-15T18:36:28.000Z,0.000008,0xf679fc852a221fef40f5fa4bbb5c36ed0eeebf77,sell,0xf152fca41bd23ff250292af391236db35e0e99c3,0xf73aefd244b2c026efc9ae30b96d2e8270836f91accc4baca3e8053eb4f61907
220,2160.77950436,0.01728623603488,0xa11f36555b15d08f63fe4c1da229574871e1fdb1,2017-10-15T18:21:58.000Z,0.000008,0xaa0bba6e7c895fb12d6c3c7755327691b64dd07a,sell,0xf152fca41bd23ff250292af391236db35e0e99c3,0x336b01e6095f22f7747d4c9d7ad5dc2e00974294a294f511e33b7d41f79c1690
221,3160.478,0.025283824,0xa11f36555b15d08f63fe4c1da229574871e1fdb1,2017-10-15T18:16:18.000Z,0.000008,0xf8fbcefe0ab3095c0fcdbe00b90b7fbfc9b15279,sell,0xf152fca41bd23ff250292af391236db35e0e99c3,0x7a2f9bd8ca48ecad10f2d8f9b7ea7c4710a1086bb75229a5fc578da400377ba2
222,1000,0.008001,0x971f30c325d9924ad472adf0bf98702502baad93,2017-10-15T17:09:16.000Z,0.000008001,0xaa0bba6e7c895fb12d6c3c7755327691b64dd07a,sell,0xf152fca41bd23ff250292af391236db35e0e99c3,0xed4ea0c0071cd512679e2e012ba617f948ff0dadc210108ea71889e425c6e2ac
223,6321.35962681,0.05057087701448,0xa11f36555b15d08f63fe4c1da229574871e1fdb1,2017-10-15T15:12:15.000Z,0.000008,0x9d273b28a4de55c64bb5061d88864746078fb0f1,sell,0xf152fca41bd23ff250292af391236db35e0e99c3,0x55fd248ae27e59f05eb1c9642125693cd5e27bac578a8288673db7ecd3abdae2
224,3160.6798134,0.0252854385072,0xa11f36555b15d08f63fe4c1da229574871e1fdb1,2017-10-15T13:04:26.000Z,0.000008,0xd8c5feb1a1b1d28780cc716815ff82d1ab01e1c6,sell,0xf152fca41bd23ff250292af391236db35e0e99c3,0xd16efb937b41b0393d584b499375b95d7a726ce10a4a65280481273a10039aca
225,3160.6798134,0.0252854385072,0xa11f36555b15d08f63fe4c1da229574871e1fdb1,2017-10-15T12:55:06.000Z,0.000008,0xade2a887fb77782f650ce80dcacf50fc81004ac6,sell,0xf152fca41bd23ff250292af391236db35e0e99c3,0xe5b5fd790cfd8dce432efaf9111da3307085c652c84c691f38ea99ef1bb519b9
226,3160.6798134,0.0252854385072,0xa11f36555b15d08f63fe4c1da229574871e1fdb1,2017-10-15T08:52:07.000Z,0.000008,0xbf4ed39e42cc3f90f4b697910c0f128433492dee,sell,0xf152fca41bd23ff250292af391236db35e0e99c3,0xa22aac9fa9c1ca6e7febc740195021bf870aaa7fb8edd3e6d17bd533e21e8dc1
227,18964.07888045,0.1517126310436,0xa11f36555b15d08f63fe4c1da229574871e1fdb1,2017-10-15T07:26:06.000Z,0.000008,0xff97e52008f9bfe46a7aa6facc0320937fd18c06,sell,0xf152fca41bd23ff250292af391236db35e0e99c3,0x3370da7280f87fd871466a1b8da9d0c7653a1dda34c4b43ac55c12fc957463b8
228,3160.6798134,0.0379281577608,0xb2ab9e24319cab79c19f0db719e83a02bec76006,2017-10-15T07:23:16.000Z,0.000012,0xd099309869b5a95abc3c6076cf669dd8105dbb4e,sell,0xf152fca41bd23ff250292af391236db35e0e99c3,0xc273fc49173704fbbfef1d43b1572a1217fa11c328b6d75a743434c02bfbef76
229,400,0.017996,0x190da76f28f98515127233652af70575ce2c9b1c,2017-10-15T06:55:51.000Z,0.00004499,0x971f30c325d9924ad472adf0bf98702502baad93,buy,0xf152fca41bd23ff250292af391236db35e0e99c3,0x2291771164031eeb9af8ccc2649228e55e6b947ae440916137aa5759cda70d67
230,3160.6798134,0.0379281577608,0xb2ab9e24319cab79c19f0db719e83a02bec76006,2017-10-15T06:52:24.000Z,0.000012,0xc6addfb4310cd944163881d30ea29d327c348f53,sell,0xf152fca41bd23ff250292af391236db35e0e99c3,0x220a243a525bb4b757de194ecdd3179f2bdfccdb6694286ec5ac2fde53878258
231,3160.6798134,0.0379281577608,0xb2ab9e24319cab79c19f0db719e83a02bec76006,2017-10-15T06:06:55.000Z,0.000012,0xeecce7a5405526f0967be496df5be14a13c5fa40,sell,0xf152fca41bd23ff250292af391236db35e0e99c3,0x80423fbab64c3e32d3b7f40e8934e4f94b90bd3490447d17de1629b8a3bf80d5
232,300,0.0048042,0x035392de57aa4fe343d86494103dbe1b068a56c6,2017-10-15T04:13:51.000Z,0.000016014,0x190da76f28f98515127233652af70575ce2c9b1c,sell,0xf152fca41bd23ff250292af391236db35e0e99c3,0x6be3e00553894e0c8272ba18ec41d7899bdab05d4d0405c5076ed335fd050ebe
233,3170.47779,0.10145528928,0x9d79b4dee7f1e0a0eeaab19a74365230f6158d84,2017-10-15T01:55:05.000Z,0.000032,0x22eb520ce1f1eaffade7c4ff769fff8599c1b24a,buy,0xf152fca41bd23ff250292af391236db35e0e99c3,0x5d0cf9987545ad48708a8cd89be861e9a1ba972ad45657586c65e60e16220e75
234,2990,0.03588,0x87b53f4d4cb88a808504f2d4c13b93bfaf7510b6,2017-10-15T00:58:34.000Z,0.000012,0xfc068e65f7b5a7f9247de8ef464c9c74c3827d99,buy,0xf152fca41bd23ff250292af391236db35e0e99c3,0x42af81186272af451b679a94f42d2e0236418b0aebc236441ad26a3fac010f9f
235,2741.77467597,0.04386839481552,0x9542d5ea0317bf04f2bd8c694644713e30880c1b,2017-10-14T23:57:49.000Z,0.000016,0x1d5321e125f6c7079a716705541c7b371ca79e69,sell,0xf152fca41bd23ff250292af391236db35e0e99c3,0x539fe74a1e1f9f933e9a408061ee3cf9fee0250f23c879382d0e8252ed3a9e0b
236,2750,0.033,0x1d5321e125f6c7079a716705541c7b371ca79e69,2017-10-14T23:57:49.000Z,0.000012,0xfc068e65f7b5a7f9247de8ef464c9c74c3827d99,buy,0xf152fca41bd23ff250292af391236db35e0e99c3,0x539fe74a1e1f9f933e9a408061ee3cf9fee0250f23c879382d0e8252ed3a9e0b
237,600,0.0072,0x8b182a4526944fa498970732a69a95d281c3c8a9,2017-10-14T23:51:10.000Z,0.000012,0xfc068e65f7b5a7f9247de8ef464c9c74c3827d99,buy,0xf152fca41bd23ff250292af391236db35e0e99c3,0x2b9d9c30af092c941ae21d09aecae209bd28572ef8c6ed68bce6314598705c02
238,30154.52098495,0.51262685674415,0xb2ab9e24319cab79c19f0db719e83a02bec76006,2017-10-14T19:28:29.000Z,0.000017,0xe07471464818b221bfc67f45d5da2e41eee9621f,sell,0xf152fca41bd23ff250292af391236db35e0e99c3,0x858325b2c020e44dbf7bccd3dacf57e163b4cdcd023d768d0730db7fffd3d161
239,12000,0.216,0xb47959d3b0b0436be20c0fb8004a97028ca9af43,2017-10-14T19:24:15.000Z,0.000018,0xe07471464818b221bfc67f45d5da2e41eee9621f,sell,0xf152fca41bd23ff250292af391236db35e0e99c3,0xedbae7a741fb45c6ab78a69ea952a97b5319a82ad4ff9956d442752d6ad8f400
240,1800,0.0378,0xb5ee19efcff6d032cc511e5746758f965a44c1d4,2017-10-14T13:45:30.000Z,0.000021,0xb2ab9e24319cab79c19f0db719e83a02bec76006,sell,0xf152fca41bd23ff250292af391236db35e0e99c3,0x1a4fec730430cbde78394840caeb28465a8a869d6030881b696b61ceba047e29
241,400,0.0084004,0x971f30c325d9924ad472adf0bf98702502baad93,2017-10-14T13:28:20.000Z,0.000021001,0xb2ab9e24319cab79c19f0db719e83a02bec76006,sell,0xf152fca41bd23ff250292af391236db35e0e99c3,0x227b2b31b6819288cbe1afaa40ef5b2d56439a430cb9d9c5c5a0a68bfa3106e7
242,5000,0.185,0x87b53f4d4cb88a808504f2d4c13b93bfaf7510b6,2017-10-14T10:28:35.000Z,0.000037,0xfadf2dfe5087306c5b5fe7272ee3d1a5a1417287,sell,0xf152fca41bd23ff250292af391236db35e0e99c3,0xc60dd9417114bd1b2b21a27b02dabce85017c1991a493d87320b37612cfe31dc
243,400,0.029996,0x190da76f28f98515127233652af70575ce2c9b1c,2017-10-14T05:34:20.000Z,0.00007499,0x971f30c325d9924ad472adf0bf98702502baad93,buy,0xf152fca41bd23ff250292af391236db35e0e99c3,0xa76bbe8069e4622b9f4c5fc20bdcc26b85bdb13f3635e19de9c6e2f8699c487d
244,250,0.004875,0x0024a5046fd95c5eee6db19a69ef7ed3bacd50f1,2017-10-14T02:13:41.000Z,0.0000195,0xb2ab9e24319cab79c19f0db719e83a02bec76006,sell,0xf152fca41bd23ff250292af391236db35e0e99c3,0x5c47e9280ba4645289d19848bcba4149260533e4d7e5ba447ee808bcd6030381
245,302,0.006040604,0x971f30c325d9924ad472adf0bf98702502baad93,2017-10-14T02:05:56.000Z,0.000020002,0xb2ab9e24319cab79c19f0db719e83a02bec76006,sell,0xf152fca41bd23ff250292af391236db35e0e99c3,0x5c6697dcdfa1ec73619e95259a3431ff6531ea18a4fff9d9ad9df1e592a6f4ec
246,825,0.01666665,0x5d5065b42bdee0274e394ba9042c21e1818c69cf,2017-10-14T01:13:59.000Z,0.000020202,0xb2ab9e24319cab79c19f0db719e83a02bec76006,sell,0xf152fca41bd23ff250292af391236db35e0e99c3,0x73fd19966f1a36798afdfb34a8a45abf6b49d52440bb22deea3e6f8d88f3d682
247,1200,0.084,0xc05eb25915a202c6ac9f3d9c11ab4044b6c25326,2017-10-13T22:10:43.000Z,0.00007,0xe07471464818b221bfc67f45d5da2e41eee9621f,sell,0xf152fca41bd23ff250292af391236db35e0e99c3,0x135056d401cc6e3ce7e2150179a2259c756cde8b4ea11ed717ff7fc27d3b5049
248,49845.47901505,0.84737314325585,0xb2ab9e24319cab79c19f0db719e83a02bec76006,2017-10-13T06:18:03.000Z,0.000017,0xcb50f849f5d795c677540dc8bf8c6a5648ad1f89,sell,0xf152fca41bd23ff250292af391236db35e0e99c3,0x60c183045597fc499c21de92329d43f5b10d41c8c965ee979276e55c8d3f3437
249,299000,5.083299,0xfadf2dfe5087306c5b5fe7272ee3d1a5a1417287,2017-10-13T05:34:24.000Z,0.000017001,0x8ddb486ef7a12cdab8769ba47037f1b2216d6225,sell,0xf152fca41bd23ff250292af391236db35e0e99c3,0x2af54cab898b6d4f2d680a46cd38a58feae47e227541592cd447b5282c38be38
250,98,0.001960196,0x971f30c325d9924ad472adf0bf98702502baad93,2017-10-13T05:11:36.000Z,0.000020002,0x8ddb486ef7a12cdab8769ba47037f1b2216d6225,sell,0xf152fca41bd23ff250292af391236db35e0e99c3,0x247b2ed7dab00b045484799b59c99fd830d3d9f9fa150024a69d8bb5d44bcbab
251,100,0.0094,0x035392de57aa4fe343d86494103dbe1b068a56c6,2017-10-13T00:10:58.000Z,0.000094,0xe07471464818b221bfc67f45d5da2e41eee9621f,buy,0xf152fca41bd23ff250292af391236db35e0e99c3,0x405fa6c10af2d1cb1924f7c38dcf58472f71278687f932145034d8d7fd52a57e
252,5300.15490488,0.5035147159640115,0x1d8f33533af10aac00b1df96289ceee134af8093,2017-10-12T23:48:58.000Z,0.00009500000000007765,0xe07471464818b221bfc67f45d5da2e41eee9621f,buy,0xf152fca41bd23ff250292af391236db35e0e99c3,0xbffbd7335c8826c6c6dfee4203e00aad9965d76c84a8bcbf3396598e03957425
253,200,0.019,0x94ae35eccb921899916b6dd57beefe58e14bd02c,2017-10-12T23:41:06.000Z,0.000095,0xe07471464818b221bfc67f45d5da2e41eee9621f,buy,0xf152fca41bd23ff250292af391236db35e0e99c3,0x0cb859eb6402e068cf7e29b50c3d60ae2f1da3e31353711715125bc187fb3b59
254,1875.34013876,0.17815731318271827,0xb3c74e8478cb91b17d0f78e3d0e3ea574c9fe2f8,2017-10-12T22:56:34.000Z,0.00009500000000027635,0xe07471464818b221bfc67f45d5da2e41eee9621f,buy,0xf152fca41bd23ff250292af391236db35e0e99c3,0x10755d3237815497e27064a58747035fc9f8eee3df0b899bcdac7c6ecca6e93e
255,100,0.0095,0x035392de57aa4fe343d86494103dbe1b068a56c6,2017-10-12T22:01:28.000Z,0.000095,0xe07471464818b221bfc67f45d5da2e41eee9621f,buy,0xf152fca41bd23ff250292af391236db35e0e99c3,0x9c5b7f6c7c7f1fb2e0387eb780d79f36751c92443477ec6d4851073b449400a5
256,2067.09371797,0.1963739032080755,0xb3c74e8478cb91b17d0f78e3d0e3ea574c9fe2f8,2017-10-12T21:57:20.000Z,0.00009500000000044773,0xe07471464818b221bfc67f45d5da2e41eee9621f,buy,0xf152fca41bd23ff250292af391236db35e0e99c3,0x995e79a13da8de7ec522542c7a07ee2ae06ef13dc298ad1aeb6c2c93834f798b
257,10000,0.99,0xfc7f6266b615a57a6d71b3e2dcef1dc06027d0c6,2017-10-12T21:54:36.000Z,0.000099,0xe07471464818b221bfc67f45d5da2e41eee9621f,buy,0xf152fca41bd23ff250292af391236db35e0e99c3,0x66855279224b107ea265a13d4034cb9757871af2a06e57552de0406fd951de40
258,10000,1,0x5b4c69ddc27c766492eeefcc62917ada330f8a78,2017-10-12T20:01:43.000Z,0.0001,0xe07471464818b221bfc67f45d5da2e41eee9621f,buy,0xf152fca41bd23ff250292af391236db35e0e99c3,0xdda7465dc869ad5361b5f752e07efc38b15297d12ffd6833abfe32c7974534bc
259,1,0.01,0xc6f781aba6232641260eb66ea49889728d244234,2017-10-12T16:25:24.000Z,0.01,0xe07471464818b221bfc67f45d5da2e41eee9621f,buy,0xf152fca41bd23ff250292af391236db35e0e99c3,0x878655deb94e0af3fdf054fa8bda22461a80a3fe2cfe09940929f76a19c81924
