,amount,amountBase,buyer,date,price,seller,side,tokenAddr,txHash
0,109.7664,0.3284277747637261,0xecd6b9cdfb68c64fa5d47df9d346363fa7ac0497,2017-11-02T15:51:05.000Z,0.0029920610930460148,0xdd3ad801b603ad644cbf7084de5e8b1ca9cee09e,buy,0x4470bb87d77b963a013db939be332f927f2b992e,0x71f94877e8c235e3297a11dcb5052a2cdd5f408e16e96641edc1dd2b0f8b8fc3
1,808.8006,2.420344448632321,0x2cf26e61790c11e1f104eb03511cb28fe1fa1b16,2017-11-02T15:40:35.000Z,0.0029925106987214417,0xdd3ad801b603ad644cbf7084de5e8b1ca9cee09e,buy,0x4470bb87d77b963a013db939be332f927f2b992e,0x8f0df68a3e3ba8acfb2c56f47ba43bf1d9f9f0562b5c81edcd8cf37e5e69b65b
2,104.2,0.3126,0xabe61029d75c4773228f06d0a3f99f392ab6241b,2017-11-02T14:05:19.000Z,0.003,0xbe77437a8c32bfaad930041258fdc1016acc9c94,buy,0x4470bb87d77b963a013db939be332f927f2b992e,0x7a2b7db8d3945a0bf2c49e51f7ad601bfccfe9737b9439fa83cd796d17f73ba8
3,630,1.701,0x7072e2a1bf3b29393b77bc2786dc05da2bf1f18e,2017-11-02T13:39:35.000Z,0.0027,0xff4914386c4ff36f738ba21b61cfe33892fc2a88,sell,0x4470bb87d77b963a013db939be332f927f2b992e,0x7f7e617a5c456e76f54a8e1a06b04d9137b20cbff0639b790ef629784d4fa60a
4,140,0.357014,0xeb4932499bf0785b6965f10e8ff9a395824502e1,2017-11-02T10:08:20.000Z,0.0025501,0xff4914386c4ff36f738ba21b61cfe33892fc2a88,sell,0x4470bb87d77b963a013db939be332f927f2b992e,0x526692bdeb525a120a754d88b1e6fa5bca609553463890e53010a8097b8ea62c
5,0.1724,0.0005,0x3075f7f189912f4f425dd7021b9c396434197477,2017-11-02T06:20:36.000Z,0.002900232018561485,0xff4914386c4ff36f738ba21b61cfe33892fc2a88,buy,0x4470bb87d77b963a013db939be332f927f2b992e,0x3366ae30667d2e92feaf88ffd5be1649f7fd0ac7dde8c412bacb097a0f164b51
6,0.1724,0.0005,0x4fda9e6bcd83af6c5cc771b5d20accc2b7720074,2017-11-02T06:14:50.000Z,0.002900232018561485,0xff4914386c4ff36f738ba21b61cfe33892fc2a88,buy,0x4470bb87d77b963a013db939be332f927f2b992e,0xda206eb39237ed4b4602dcfb685620c470ba59d2e636f897e6474a24b563c069
7,835.5567,2.0889761412267,0x7323d15c9a418b62d9fdbab0311d1ce76a9cf025,2017-11-02T06:04:39.000Z,0.002500101,0x3a976fef9e8613b11f92dc9586e953d044b6bf52,sell,0x4470bb87d77b963a013db939be332f927f2b992e,0xffb7bc0026063b728e1283346876981b5b1b465413c0d883fcffcbe1f9a2ff97
8,98.2288,0.23575894288,0x3dee4a4e076e8d82859d241db0baf46f112cfa23,2017-11-02T03:45:39.000Z,0.0024001,0x372450f05197402bb65079b52ab5253238ca3a46,sell,0x4470bb87d77b963a013db939be332f927f2b992e,0x22c2d9e5f68b22a83288d73309b181df4d0762c0a5d598888ae6d0be3fcf5163
9,0.405,0.0010935,0xd3f904b74cee33469893dacf6f7890c6e7fc976c,2017-11-02T03:43:04.000Z,0.0027,0x372450f05197402bb65079b52ab5253238ca3a46,sell,0x4470bb87d77b963a013db939be332f927f2b992e,0x1217acf3add3d342e77b6d3a1c53f09566d6a35ad983c17ada457de9a2c735f2
10,70,0.196,0x3655f0eb5edc49d7be2b3338a3fd641dbdc53798,2017-11-02T02:31:33.000Z,0.0028,0xff4914386c4ff36f738ba21b61cfe33892fc2a88,buy,0x4470bb87d77b963a013db939be332f927f2b992e,0x9eea72f8ab959682f5baa17d63e4f264091eee30e8144a40bfdc171f65407a14
11,450,1.26,0x4a2ece1f61457765fcc8b49c3e5969969680b588,2017-11-02T01:07:31.000Z,0.0028,0xff4914386c4ff36f738ba21b61cfe33892fc2a88,buy,0x4470bb87d77b963a013db939be332f927f2b992e,0xe035b5296181a67bc63e0c05e5d9219b47ab8e8bbba3c822548195df67e4b64e
12,8.4938,0.02038512,0xace2f0e2021ed8067a5f64eebd39bff7e67f096e,2017-11-02T00:52:31.000Z,0.0024,0xa54ffa43d11698bc300d924781518b71dd10f0a8,sell,0x4470bb87d77b963a013db939be332f927f2b992e,0x8507fdabde2ed1b9ff5673a4662a410da4cf3d268d586977e0fe9b73dd5d0b73
13,1.4655,0.004088745,0xec10d0305eb34843a73c71e821ab8ed0a580d34d,2017-11-02T00:49:32.000Z,0.00279,0xa54ffa43d11698bc300d924781518b71dd10f0a8,sell,0x4470bb87d77b963a013db939be332f927f2b992e,0x50c17b4c8d9690be8cf2e3d77eee7759d6919beca44ee83b217c7f6cbfe3a406
14,451.0167,1.0742361646117422,0xdd3ad801b603ad644cbf7084de5e8b1ca9cee09e,2017-11-02T00:17:29.000Z,0.0023818101737956535,0x02f550a68657dadbfe990b6b3bd8b6f1339d9386,sell,0x4470bb87d77b963a013db939be332f927f2b992e,0x8e3f8d4789156e0cb6e1af236853e2140e3e3cd4abb923932073ed3521ab0cbb
15,580,1.45058,0x3dee4a4e076e8d82859d241db0baf46f112cfa23,2017-11-02T00:15:39.000Z,0.002501,0xff4914386c4ff36f738ba21b61cfe33892fc2a88,sell,0x4470bb87d77b963a013db939be332f927f2b992e,0x052ab3489f38cdee2c7f9fa8c945f158dbf3c894494f6a929410a17859ec1fb2
16,17.236,0.04688192,0x44aed30a299d98b58743ec77f9be643a549c2a66,2017-11-02T00:13:14.000Z,0.00272,0xff4914386c4ff36f738ba21b61cfe33892fc2a88,sell,0x4470bb87d77b963a013db939be332f927f2b992e,0xfd87c268d4ba9127ab3283bda8d272004fcaa0670a3a32326f4c61091f8b6fc2
17,30,0.07845,0x383932e5467528999954bf192452e390e1c84795,2017-11-02T00:11:07.000Z,0.002615,0xff4914386c4ff36f738ba21b61cfe33892fc2a88,sell,0x4470bb87d77b963a013db939be332f927f2b992e,0xc58178830a8eb802a29d78264959799a40f87602ac7d74f3dcabf5f9a78401f8
18,259.695,0.68819175,0x6f59e0bb467cf8450b9701537a29053524eeb12f,2017-11-02T00:10:23.000Z,0.00265,0xdd3ad801b603ad644cbf7084de5e8b1ca9cee09e,sell,0x4470bb87d77b963a013db939be332f927f2b992e,0xe91458916612608946109ef046b45cfdeb9899546fa72a681c4703713fe4e186
19,50,0.1549995,0xb3ddf3a756d4861533a749e67a42765ffcb9c981,2017-11-01T23:24:20.000Z,0.00309999,0xe5c5f7b4e7d4a86da73bb6a3e7fde89a9e8f1041,buy,0x4470bb87d77b963a013db939be332f927f2b992e,0xe2e1dc341d705c5fac72c11e0461587e129e375101708631e170632cfcdcc24f
20,135.5797,0.368776784,0x44aed30a299d98b58743ec77f9be643a549c2a66,2017-11-01T22:21:10.000Z,0.00272,0x60b00d7b7acf54634e3c7dc9b9c69d657bbf2bae,sell,0x4470bb87d77b963a013db939be332f927f2b992e,0x63ff46382cb7486ed298c495cfeb3f542905ae7f4975745fe9a5b27175b441d6
21,85.949,0.24925224475667124,0xdc4ac79d3d166cf9c65efc182d72b4f10f8e4229,2017-11-01T21:27:55.000Z,0.0029000016842158863,0x02f550a68657dadbfe990b6b3bd8b6f1339d9386,buy,0x4470bb87d77b963a013db939be332f927f2b992e,0x601d1e2fc37c2cfc3961071d29e24231157eff6a4f1bbb71ad9f8d08d7abe1ef
22,53.2441,0.1597323,0x8267b481dfb0e69fa4051ca4fa55f9024a2893e7,2017-11-01T18:59:39.000Z,0.003,0xb6c6f37cebff29932720e2acdd1cdee7e757e908,buy,0x4470bb87d77b963a013db939be332f927f2b992e,0x164dcb894a90fa5f2c282ccdbe4d85447df5814d84eab36b9a8881c7a45c3ee7
23,25,0.075,0x49ef69ad25f2f37761fd336a6024360e243614f3,2017-11-01T18:58:41.000Z,0.003,0xb6c6f37cebff29932720e2acdd1cdee7e757e908,buy,0x4470bb87d77b963a013db939be332f927f2b992e,0xfc4683dabed6da45b2532d734c658c85f9a7c9ee0ccb20bbb50d3852f5c61c68
24,52.9999,0.155819706,0x1981765200d3fd2c9f7f643256213b5556629374,2017-11-01T18:39:17.000Z,0.00294,0xfbf7dc0756a9768d0c71aea5f8421f3b1eaee7d1,buy,0x4470bb87d77b963a013db939be332f927f2b992e,0x9300ac292429bef145a13dab62ae4befde94160ba9fda7dcd6e61c8a94d9354c
25,0.0001,0.000000294,0xc3d76023f5429f7e05020713b7782080aa3b5d1e,2017-11-01T18:07:11.000Z,0.00294,0xfbf7dc0756a9768d0c71aea5f8421f3b1eaee7d1,buy,0x4470bb87d77b963a013db939be332f927f2b992e,0x5f1152671149f1f8a1a602b150d5d79192aff6d38504656796be9f89d7a79003
26,250,0.75,0xc3d76023f5429f7e05020713b7782080aa3b5d1e,2017-11-01T18:06:18.000Z,0.003,0xb6c6f37cebff29932720e2acdd1cdee7e757e908,buy,0x4470bb87d77b963a013db939be332f927f2b992e,0xafc32b6a58c5a1322e354d330ada5d1e34760908473491db51ed6eb07f60575c
27,2.002,0.00586586,0xdc755b19d5be098e6fa481892aeeec5cca720829,2017-11-01T16:06:00.000Z,0.00293,0xf01bddaf7a9dc5f7382a9385aba23d546ee8f5ff,buy,0x4470bb87d77b963a013db939be332f927f2b992e,0x4ef65affca76802db906b6da4caf5d9fdf561a6a6f3f9999f423132a7b5271f9
28,2,0.00564,0xf01bddaf7a9dc5f7382a9385aba23d546ee8f5ff,2017-11-01T14:39:25.000Z,0.00282,0xf845d0cf7d49304a17a40e2e1fd80ed7fbe19ed8,buy,0x4470bb87d77b963a013db939be332f927f2b992e,0xdfe5d020de0fe4b5f199b3b6f935eb9aa5707eb6240d43e869b923041820d926
29,9.969,0.029907,0xea2996b9e0375f0251563bf581ac75a93380494b,2017-11-01T11:34:23.000Z,0.003,0xf84bfa23c2ab766c47056011b26e2d12ade5c754,sell,0x4470bb87d77b963a013db939be332f927f2b992e,0x0baf43664c39df825cefd393b6077522dfccfb0ce1f2208bc2bd8a12ceddae35
30,10,0.0294,0xf84bfa23c2ab766c47056011b26e2d12ade5c754,2017-11-01T11:34:07.000Z,0.00294,0xfbf7dc0756a9768d0c71aea5f8421f3b1eaee7d1,buy,0x4470bb87d77b963a013db939be332f927f2b992e,0x16a8aacaf9840214d6bbe100890e1c5f8e01732cf062cb894cf531cccd187c1e
31,398,1.1741,0xecc922fada0e098f24d36c74f12ac8dd435433b3,2017-11-01T09:03:33.000Z,0.00295,0xdd3ad801b603ad644cbf7084de5e8b1ca9cee09e,sell,0x4470bb87d77b963a013db939be332f927f2b992e,0xf8c82fe99fbf9568224cdd286299812deefd860a6f7a55a05568266cd4ba3550
32,922.1514,2.402204397,0x009a12d4290630bc01fd82516ac57c1dc6a9bcfb,2017-11-01T06:53:46.000Z,0.002605,0x0b90c9aef56233f157e445cd57fd4cba3d075525,sell,0x4470bb87d77b963a013db939be332f927f2b992e,0x21f37df749700e776a254f3652fe104dc44083553f95cd248176c0138591cac3
33,84.7481,0.255939262,0x273a5d3e6721b9f5c1a6474f560c1334c63dda01,2017-11-01T04:32:45.000Z,0.00302,0xff4914386c4ff36f738ba21b61cfe33892fc2a88,buy,0x4470bb87d77b963a013db939be332f927f2b992e,0x27bdd996be4c38d2ab61690a71fcc916244dd04315f1a27354e08c31b1ad2ca0
34,84.4938,0.26193078,0x8267b481dfb0e69fa4051ca4fa55f9024a2893e7,2017-11-01T04:32:45.000Z,0.0031,0x273a5d3e6721b9f5c1a6474f560c1334c63dda01,sell,0x4470bb87d77b963a013db939be332f927f2b992e,0x27bdd996be4c38d2ab61690a71fcc916244dd04315f1a27354e08c31b1ad2ca0
35,48.5345,0.135411255,0xec10d0305eb34843a73c71e821ab8ed0a580d34d,2017-11-01T04:26:59.000Z,0.00279,0xae1af243984fbeede00fba997c2729052b013295,sell,0x4470bb87d77b963a013db939be332f927f2b992e,0x2e4ab7d7a83e7965b236bee9c9ab3c892e1a7454acaeeea150a4a46196b33efe
36,160,0.4368,0xff4914386c4ff36f738ba21b61cfe33892fc2a88,2017-11-01T03:57:48.000Z,0.00273,0xae1af243984fbeede00fba997c2729052b013295,sell,0x4470bb87d77b963a013db939be332f927f2b992e,0x7a209fde09b7b978f1498af74a980337ad6b199fc80ed97360624f703f563523
37,24.966,0.0711531,0x383932e5467528999954bf192452e390e1c84795,2017-11-01T03:55:23.000Z,0.00285,0xae1af243984fbeede00fba997c2729052b013295,sell,0x4470bb87d77b963a013db939be332f927f2b992e,0xe0dbe0e827edb4d36ae3e24f402b2efffae36b46c91da81180ad96702c083c7a
38,5.0336,0.01434576,0x383932e5467528999954bf192452e390e1c84795,2017-11-01T03:26:02.000Z,0.00285,0x89d400d2268df5f9e4590c632f407bda11fab028,sell,0x4470bb87d77b963a013db939be332f927f2b992e,0xaaef1f0f9b8328f55b95ba2d4b879588c4dc5c9f5ceec758b4d79429d8cfae95
39,3.25,0.0094250065,0x7323d15c9a418b62d9fdbab0311d1ce76a9cf025,2017-11-01T03:22:29.000Z,0.002900002,0x89d400d2268df5f9e4590c632f407bda11fab028,sell,0x4470bb87d77b963a013db939be332f927f2b992e,0xcf42f5baa6dcda5a77fd5d73044ccfd971aaa21ceb77edb8e462ed5609aea88d
40,0.56,0.0016856,0xd331f2a397a43d50233a6ea993af3edf40aa80bc,2017-11-01T03:22:29.000Z,0.00301,0x89d400d2268df5f9e4590c632f407bda11fab028,sell,0x4470bb87d77b963a013db939be332f927f2b992e,0xe772e6994c2ee4b6e0218c1a60cbbc8cb91574a33c695ddb429649d7bcafa016
41,1.126,0.003389261126,0x7323d15c9a418b62d9fdbab0311d1ce76a9cf025,2017-11-01T03:22:06.000Z,0.003010001,0x89d400d2268df5f9e4590c632f407bda11fab028,sell,0x4470bb87d77b963a013db939be332f927f2b992e,0x0bfa3169d20a9e231850a751a6cc32e3a6fd579ba24634363036a69c68420dcf
42,233.2768,0.6349048026035192,0xdd3ad801b603ad644cbf7084de5e8b1ca9cee09e,2017-11-01T03:13:01.000Z,0.002721680006771009,0x2dd2fa545e53712d50fa4ae81743cce8bf560ab9,sell,0x4470bb87d77b963a013db939be332f927f2b992e,0xe8857fc24abe8bc48e41ff8c40b078774ac9803affc8ea6e6df9b83159db02df
43,147.5,0.449875,0x75c4ee57efc9aa3d939fd41f7c3ad59c649ec9f7,2017-11-01T02:32:00.000Z,0.00305,0xff4914386c4ff36f738ba21b61cfe33892fc2a88,buy,0x4470bb87d77b963a013db939be332f927f2b992e,0x5f544720fe6a5c8f684f6a1936f022561a864395bf5e9ef02ddfbdfe8e0d1e94
44,100.021,0.30406384,0x948b15e038ea3e9852f030589796494b6b511ae9,2017-11-01T02:24:09.000Z,0.00304,0xfbf7dc0756a9768d0c71aea5f8421f3b1eaee7d1,buy,0x4470bb87d77b963a013db939be332f927f2b992e,0x0ab2417785f3618d130ad65e853d11dda156f6cae1032ea53ea33a900d29d188
45,330.73,0.9954973,0xb013e3be83461b7f5d86b76abb34b03dadb5505e,2017-11-01T02:04:15.000Z,0.00301,0xdd3ad801b603ad644cbf7084de5e8b1ca9cee09e,sell,0x4470bb87d77b963a013db939be332f927f2b992e,0xd522e1056820de83bffb6f87219e41f533453dbb905d3017ae5846cc88a72fff
46,177,1.593,0xd708c8ef5d9fd34bbca8065002f2a8d7280725f0,2017-11-01T01:20:45.000Z,0.009,0x6cbe0b1a01a260bf8dd9deaaab2b508c545a4af1,buy,0x4470bb87d77b963a013db939be332f927f2b992e,0x89c4cba22935740234bf1e59702ce02ee5e7aa18fe0e4e7b67cd6cd61e64076f
47,97.184,0.26434048,0x44aed30a299d98b58743ec77f9be643a549c2a66,2017-11-01T01:17:34.000Z,0.00272,0x2418d70d0f30ea582f4f7926a66b87d26ea374a1,sell,0x4470bb87d77b963a013db939be332f927f2b992e,0x7917a3fe2c9f3594b14999abdab645a4bace1057f815ea83e1b8f397a2ca17e9
48,299.0728,0.849366752,0x57e2cd54f829a084aa4020fa365b6d5d1692f261,2017-11-01T00:10:26.000Z,0.00284,0x0c2f490d83766ede7115d9f2ef259da6c456f3e7,sell,0x4470bb87d77b963a013db939be332f927f2b992e,0x6b7b108df3985d932b6da5255350040ba973a41d2a6d0c895e015c52dd1db952
49,1840,5.612,0xa3089cef99d17449fc1cb67dc52cbf6fe9a2d965,2017-10-31T23:52:19.000Z,0.00305,0xff4914386c4ff36f738ba21b61cfe33892fc2a88,buy,0x4470bb87d77b963a013db939be332f927f2b992e,0x8a8beacc4d32c815ce60c7fd563e5e1d97d0b49e5e329cf062e4f00c2f2c39b2
50,224.1237,0.6746125611237,0x7323d15c9a418b62d9fdbab0311d1ce76a9cf025,2017-10-31T23:13:03.000Z,0.003010001,0xdd3ad801b603ad644cbf7084de5e8b1ca9cee09e,sell,0x4470bb87d77b963a013db939be332f927f2b992e,0xf79dbddb53ccb8327b5dabd8dfe8f3d2c460a1ac598f53be79cb25ba19897a84
51,149.9999,0.4642275555412415,0xb8cd62791040159d17d184f122ac8fd1ed74d185,2017-10-31T23:06:47.000Z,0.0030948524335098994,0xdd3ad801b603ad644cbf7084de5e8b1ca9cee09e,buy,0x4470bb87d77b963a013db939be332f927f2b992e,0x808bbc12d2846e461b0849d23476f5b1e401505ffc8a30706315789a712ae496
52,646.75,1.8755762935,0x7323d15c9a418b62d9fdbab0311d1ce76a9cf025,2017-10-31T21:37:38.000Z,0.002900002,0xdd3ad801b603ad644cbf7084de5e8b1ca9cee09e,sell,0x4470bb87d77b963a013db939be332f927f2b992e,0x45bdc9891169bd5049733411917b3cb6bdf56c6c2c9ddfa15d742e15e409c640
53,115.04,0.34512,0xeacb51305214d1ca506226712f0fad684a5db7d2,2017-10-31T21:31:55.000Z,0.003,0xff4914386c4ff36f738ba21b61cfe33892fc2a88,sell,0x4470bb87d77b963a013db939be332f927f2b992e,0x9c4dc58a6410aae423abba19a52e1da71882a10dea187cc49b42d710fee5ea97
54,111.44,0.3354344,0xd331f2a397a43d50233a6ea993af3edf40aa80bc,2017-10-31T21:26:23.000Z,0.00301,0xdd3ad801b603ad644cbf7084de5e8b1ca9cee09e,sell,0x4470bb87d77b963a013db939be332f927f2b992e,0xe2e69454f336cba0d5898f104cd38c4bede943b3360d0950c8034486158320ee
55,49.9799,0.15952268321245844,0x461bda6baf635dd621a4e6033b50606ac306069c,2017-10-31T20:29:47.000Z,0.0031917367424196216,0xdd3ad801b603ad644cbf7084de5e8b1ca9cee09e,buy,0x4470bb87d77b963a013db939be332f927f2b992e,0xffe456df95ab1568c2444514cbc1b27dd3ebf8bb6b46b9518f886dce824366d3
56,25,0.10375,0x48daa7ccbe3cf2fb7c31e8903bdd91a83522e912,2017-10-31T20:01:57.000Z,0.00415,0x383932e5467528999954bf192452e390e1c84795,buy,0x4470bb87d77b963a013db939be332f927f2b992e,0x2e614cada7ab8366bbe0da293aac4c97a286bb65fe1325cf76e3867a05f1e3ae
57,99.9999,0.319176017269758,0x579c9f03ac4549fb1aef89b6df86ce5ac9a47fbb,2017-10-31T19:45:39.000Z,0.0031917633644609443,0xdd3ad801b603ad644cbf7084de5e8b1ca9cee09e,buy,0x4470bb87d77b963a013db939be332f927f2b992e,0x82d43ea2a25853741220cd8f7326c8fa5000e6aa15dbb5aa830c1cb82b4d42bb
58,9.997,0.0319904,0x89d400d2268df5f9e4590c632f407bda11fab028,2017-10-31T17:52:33.000Z,0.0032,0x6f59e0bb467cf8450b9701537a29053524eeb12f,buy,0x4470bb87d77b963a013db939be332f927f2b992e,0x177235cc769cb141093e05e02d5788d82e467f02f5da153fc6f4d4c40ffd8755
59,489.9999,1.567676778186221,0x9928735e58646b828be5a0ce02e939cd752adc8f,2017-10-31T16:54:20.000Z,0.003199341016572087,0xdd3ad801b603ad644cbf7084de5e8b1ca9cee09e,buy,0x4470bb87d77b963a013db939be332f927f2b992e,0x8578db32712cb0c74bfc4c95166db21f748fda6b671467e8577ff6c9b1892181
60,14.9999,0.048930750390849286,0x2750b3f727a3194b8443c543530e0fe76e18d438,2017-10-31T15:17:34.000Z,0.003262071773201774,0xdd3ad801b603ad644cbf7084de5e8b1ca9cee09e,buy,0x4470bb87d77b963a013db939be332f927f2b992e,0x42c0cd6555abe311e663bbe7c718f9dfc4a864f0456f9d271e35ab4ec9acf2cf
61,0.4,0.001312,0x0b773d7819259d78757b26dc4148812d35676d8f,2017-10-31T12:07:57.000Z,0.00328,0x86c5369ff1c20528ba1cf7233d86f52135a76ffc,buy,0x4470bb87d77b963a013db939be332f927f2b992e,0x15ff3e4dcb4fa657f52f66ed3f819b873e03cff3e57eadf6291c7a086816561a
62,50,0.165,0xb09ff029290a7a5aecb1b08cf61f50e5c1476262,2017-10-31T10:00:17.000Z,0.0033,0xff4914386c4ff36f738ba21b61cfe33892fc2a88,buy,0x4470bb87d77b963a013db939be332f927f2b992e,0xb4ab5fc31de39ecb36396ad5b59b70e2ef02008553732f31525f9ccd0c1f4fe3
63,0.006,0.000018,0xeacb51305214d1ca506226712f0fad684a5db7d2,2017-10-31T09:48:49.000Z,0.003,0x009a12d4290630bc01fd82516ac57c1dc6a9bcfb,sell,0x4470bb87d77b963a013db939be332f927f2b992e,0xf96f169700f84118e11261437a29c832c909a914e9c2bbf7733b95ff293e18ca
64,18.9999,0.06402221409198242,0xaaae9672b33333264366d382a790b1608ce30b82,2017-10-31T09:35:14.000Z,0.0033696079501461806,0xdd3ad801b603ad644cbf7084de5e8b1ca9cee09e,buy,0x4470bb87d77b963a013db939be332f927f2b992e,0xfa29e5241f8b1aadd2cdf3d135b79b14b902f2d0eaaa81c2376c3489bea165e3
65,162.6702,0.489637302,0xfbf7dc0756a9768d0c71aea5f8421f3b1eaee7d1,2017-10-31T06:36:39.000Z,0.00301,0x93f879b96fb79b85d038a78e2d3c6d9a77ea03d0,sell,0x4470bb87d77b963a013db939be332f927f2b992e,0x352deab448a6a80f6017debe8f6f2ae6e72e840eba0fde26f2a53676b80bc2f5
66,70,0.238,0xddf55fb7bc30d76e9942dc50a153cecae968a191,2017-10-31T04:12:45.000Z,0.0034,0xff4914386c4ff36f738ba21b61cfe33892fc2a88,buy,0x4470bb87d77b963a013db939be332f927f2b992e,0x7bbeb514101f85c9adfbc6e1d6657eabbaae9e95ed75f27acd4f0b472e857e8f
67,9.969,0.029907,0xeacb51305214d1ca506226712f0fad684a5db7d2,2017-10-31T03:58:14.000Z,0.003,0xf829b9a860ae25e9a91d3635c7798f9fdff357db,sell,0x4470bb87d77b963a013db939be332f927f2b992e,0x649235ab1761804bcb8bf59e99c1d8c3c3ea765479db960f067f2fbf7b82ead4
68,4.9845,0.0149535,0xeacb51305214d1ca506226712f0fad684a5db7d2,2017-10-31T03:20:18.000Z,0.003,0xcc98ebdda7f32497839f74f3bcd42bfc391c52ab,sell,0x4470bb87d77b963a013db939be332f927f2b992e,0xf179e2baf4f9ed795e73d5a52ef6ca4c5021dfbbaaaf8aeec5cba8b831bb426b
69,42.5,0.1445,0x2a1ad27d59c6ccab13dd667d5718f96b1061be01,2017-10-31T02:00:48.000Z,0.0034,0xff4914386c4ff36f738ba21b61cfe33892fc2a88,buy,0x4470bb87d77b963a013db939be332f927f2b992e,0x2e5940f7a68cf337d03bf9605b7ad7f89e36d7dabe3589b9ce432a31603934b6
70,200,0.83,0x549b59e8a0a774031567f73a94a4c420e39283c7,2017-10-31T01:54:18.000Z,0.00415,0xeacb51305214d1ca506226712f0fad684a5db7d2,buy,0x4470bb87d77b963a013db939be332f927f2b992e,0x15946e4342808979ec6ad406ef7de3a9ddad29d7682a57853b1cc9055d1f991f
71,9.1066,0.03141777,0x9290206bfe2230b43b4ee16718618434347f7a30,2017-10-31T01:29:52.000Z,0.00345,0x0352957e9a0345f8babf750f8415676a503fb635,buy,0x4470bb87d77b963a013db939be332f927f2b992e,0x9e3542a978155af5e4edcf0421ab2091fdd866a15858fecffc990ca17950d5c3
72,497.5099,1.670976550932,0x9290206bfe2230b43b4ee16718618434347f7a30,2017-10-31T01:20:34.000Z,0.00335868,0xdd3ad801b603ad644cbf7084de5e8b1ca9cee09e,sell,0x4470bb87d77b963a013db939be332f927f2b992e,0x94c99f341328462b7c7bcd1cb476f1336993704b8d12dc5286fb486a663c7328
73,499.99,1.6099678,0x9290206bfe2230b43b4ee16718618434347f7a30,2017-10-31T01:15:13.000Z,0.00322,0xcd00c05d7756de5e52c70a6fee4cc19cf269cbc1,buy,0x4470bb87d77b963a013db939be332f927f2b992e,0xeb8ef9131aa2eb9850f737752a14125ce33e7640e4334e157f6662f8d50613e1
74,1998.6043,5.5965357301546,0x619741507837ec9c297cb9e7b9d07e433c247d09,2017-10-31T00:21:18.000Z,0.002800222,0xb00548770ea87482f024cd4292a975fea72e8f01,sell,0x4470bb87d77b963a013db939be332f927f2b992e,0xd882bb49d5cb248851f1a69d923f010b46e4ef00a7ddc9d6ab0713686a48981f
75,130,0.40963,0xe5c5f7b4e7d4a86da73bb6a3e7fde89a9e8f1041,2017-10-30T23:14:22.000Z,0.003151,0x0352957e9a0345f8babf750f8415676a503fb635,sell,0x4470bb87d77b963a013db939be332f927f2b992e,0x70904fe8f929d927422d780fcb0049959679482d5970d7e66ec922e979d1238d
76,200,0.63,0x6f59e0bb467cf8450b9701537a29053524eeb12f,2017-10-30T23:14:22.000Z,0.00315,0x0352957e9a0345f8babf750f8415676a503fb635,sell,0x4470bb87d77b963a013db939be332f927f2b992e,0x3a0e9221501e66ed415c8f06a78e7a1b2ba37de8b908ee38657af7e96c72b205
77,130,0.40963,0xe5c5f7b4e7d4a86da73bb6a3e7fde89a9e8f1041,2017-10-30T23:13:47.000Z,0.003151,0x0352957e9a0345f8babf750f8415676a503fb635,sell,0x4470bb87d77b963a013db939be332f927f2b992e,0x70904fe8f929d927422d780fcb0049959679482d5970d7e66ec922e979d1238d
78,31.9999,0.12810721428161095,0x9928735e58646b828be5a0ce02e939cd752adc8f,2017-10-30T22:41:46.000Z,0.004003362956809583,0xdd3ad801b603ad644cbf7084de5e8b1ca9cee09e,buy,0x4470bb87d77b963a013db939be332f927f2b992e,0x20a56a6a6430aba3fd05c6596a6c18790b63e4e7e6cc50ea511b74a3e8cb89a7
79,59.9999,0.25135503524079333,0xb24a3ff4d2cb40604ea0450db75dab691252a4c3,2017-10-30T20:43:51.000Z,0.004189257569442505,0xdd3ad801b603ad644cbf7084de5e8b1ca9cee09e,buy,0x4470bb87d77b963a013db939be332f927f2b992e,0x73d3ee82c280fdfd92900e12db484f0f4841e5f426c1162dea82965c617bb63a
80,49.99,0.2094581,0xabe61029d75c4773228f06d0a3f99f392ab6241b,2017-10-30T20:31:00.000Z,0.00419,0xe5c5f7b4e7d4a86da73bb6a3e7fde89a9e8f1041,buy,0x4470bb87d77b963a013db939be332f927f2b992e,0xed3dec23904ba8ff7df7f641eb3a8cb97da09bac0727ac1bb4aa02687baf4325
81,25,0.077775,0x383932e5467528999954bf192452e390e1c84795,2017-10-30T20:14:44.000Z,0.003111,0x0352957e9a0345f8babf750f8415676a503fb635,sell,0x4470bb87d77b963a013db939be332f927f2b992e,0xeee413788c803d125e4e98434ffdea8f7c89358533b05adbb999058fce12eff5
82,0.01,0.0000419,0x0c4085d8e714ca77ac5f46cd2b80a92d238a7cd3,2017-10-30T20:02:02.000Z,0.00419,0xe5c5f7b4e7d4a86da73bb6a3e7fde89a9e8f1041,buy,0x4470bb87d77b963a013db939be332f927f2b992e,0x761e5c90f0f9cfee46e0835ef082d62858a907068fe1d052c9b3a4c6a3254173
83,28.15,0.1176107,0xabe61029d75c4773228f06d0a3f99f392ab6241b,2017-10-30T19:52:20.000Z,0.004178,0xe5c5f7b4e7d4a86da73bb6a3e7fde89a9e8f1041,buy,0x4470bb87d77b963a013db939be332f927f2b992e,0x0471795a3331ba680b1200d99108450238736d247f4e6e672195cbbf858f4fff
84,447.75,1.388025,0x0352957e9a0345f8babf750f8415676a503fb635,2017-10-30T19:46:46.000Z,0.0031,0xdd3ad801b603ad644cbf7084de5e8b1ca9cee09e,sell,0x4470bb87d77b963a013db939be332f927f2b992e,0x0a394e5dfe91713298783772906cea8f2f6e7cf1eda907a272e3387dedab30ce
85,0.65,0.0021645,0xeacb51305214d1ca506226712f0fad684a5db7d2,2017-10-30T19:37:55.000Z,0.00333,0x0352957e9a0345f8babf750f8415676a503fb635,sell,0x4470bb87d77b963a013db939be332f927f2b992e,0x24c287fbe0eeabc288f4d06cb131e9c0c473dafc3dd2e73b9e2c5436017276cd
86,129.35,0.4307355,0xeacb51305214d1ca506226712f0fad684a5db7d2,2017-10-30T19:24:38.000Z,0.00333,0xdd3ad801b603ad644cbf7084de5e8b1ca9cee09e,sell,0x4470bb87d77b963a013db939be332f927f2b992e,0xddce0bdd4525cf84dd9764d3e6addceb1fe6b4bef59a63245127c38d2788bc52
87,369.2262,1.148293482,0x0352957e9a0345f8babf750f8415676a503fb635,2017-10-30T19:07:53.000Z,0.00311,0x3df86cefaecfaa31be2f74f8f832cb4ef62b79f8,sell,0x4470bb87d77b963a013db939be332f927f2b992e,0x7043624309134100a668672ac2d2c92815ba17e122509f487971da51c17ada48
88,101.219,0.3239008,0xf69d03a69b316538b6eafcd2b10b21235529a2bc,2017-10-30T19:07:10.000Z,0.0032,0x3df86cefaecfaa31be2f74f8f832cb4ef62b79f8,sell,0x4470bb87d77b963a013db939be332f927f2b992e,0xb18a30d9cb3284fc6b932cdce05cbc2a810b1153a9109c8953e3c6c2ea38e3e9
89,289.481,0.9263392,0xf69d03a69b316538b6eafcd2b10b21235529a2bc,2017-10-30T18:58:07.000Z,0.0032,0xdd3ad801b603ad644cbf7084de5e8b1ca9cee09e,sell,0x4470bb87d77b963a013db939be332f927f2b992e,0xcd15031664770ca1d4acab2ca39df26bc51506409f1b5aa4cafdda4220e55db8
90,290.0209,0.92806688,0xf69d03a69b316538b6eafcd2b10b21235529a2bc,2017-10-30T18:56:16.000Z,0.0032,0xdd3ad801b603ad644cbf7084de5e8b1ca9cee09e,sell,0x4470bb87d77b963a013db939be332f927f2b992e,0x5aa95713687b2c78397072bb932beb1eb0ab945876dccc324830eb16214458e1
91,292.0685,0.9346192,0xf69d03a69b316538b6eafcd2b10b21235529a2bc,2017-10-30T18:55:06.000Z,0.0032,0xdd3ad801b603ad644cbf7084de5e8b1ca9cee09e,sell,0x4470bb87d77b963a013db939be332f927f2b992e,0xafa9c2fb1b508bda613c6d33498cfb9016e66bf844256ad4eeba7228c3f83381
92,50,0.2095,0xabe61029d75c4773228f06d0a3f99f392ab6241b,2017-10-30T18:33:26.000Z,0.00419,0xe5c5f7b4e7d4a86da73bb6a3e7fde89a9e8f1041,buy,0x4470bb87d77b963a013db939be332f927f2b992e,0x5d5abd39b4b1f6c7df75677f34b434d3fea4522a6165f2d595fc38757088f48a
93,120,0.504,0x9c9ba4d8a3bd599746a9950037230d8a94c6c49b,2017-10-30T18:30:08.000Z,0.0042,0x579c9f03ac4549fb1aef89b6df86ce5ac9a47fbb,buy,0x4470bb87d77b963a013db939be332f927f2b992e,0x142bf149a9a6700afd41cb09b87efefb0eccfb96805697e98ec84f1a5caf50ea
94,379,1.58801,0x9c9ba4d8a3bd599746a9950037230d8a94c6c49b,2017-10-30T18:28:47.000Z,0.00419,0x0352957e9a0345f8babf750f8415676a503fb635,buy,0x4470bb87d77b963a013db939be332f927f2b992e,0xaabd126b255353c243da7fb210f810a09ff58341792e78f61b7c9e694706a08f
95,50,0.2095,0x9c9ba4d8a3bd599746a9950037230d8a94c6c49b,2017-10-30T18:27:48.000Z,0.00419,0xe5c5f7b4e7d4a86da73bb6a3e7fde89a9e8f1041,buy,0x4470bb87d77b963a013db939be332f927f2b992e,0x3193a672d9ef1cf2db00343d85638b2f1dec61ca27cdfe5935f6e2fb01f82e46
96,40,0.1676,0x9c9ba4d8a3bd599746a9950037230d8a94c6c49b,2017-10-30T18:24:55.000Z,0.00419,0xe5c5f7b4e7d4a86da73bb6a3e7fde89a9e8f1041,buy,0x4470bb87d77b963a013db939be332f927f2b992e,0xde97f534dbe8ae23c09a7317970067f1248af9e3761e4ae9c734b2f6aff0ba50
97,275.388,1.143961752,0x9c9ba4d8a3bd599746a9950037230d8a94c6c49b,2017-10-30T18:23:54.000Z,0.004154,0x9ecab597dfda4dd2e6bcf3230edc62bb9b8a9c2c,buy,0x4470bb87d77b963a013db939be332f927f2b992e,0x71c61f061b62a738c45f7de8e63c8ae57bc92c7d5eed0f3349e4eb0fa11cd791
98,200,0.822,0x9c9ba4d8a3bd599746a9950037230d8a94c6c49b,2017-10-30T18:23:21.000Z,0.00411,0x6f59e0bb467cf8450b9701537a29053524eeb12f,buy,0x4470bb87d77b963a013db939be332f927f2b992e,0x50b8ee5d4adf7d3664dd0228c90cf73be3a27566d9330db65fa8b0dde1a73c6a
99,40.597,0.1664477,0x9c9ba4d8a3bd599746a9950037230d8a94c6c49b,2017-10-30T18:22:29.000Z,0.0041,0xe5c5f7b4e7d4a86da73bb6a3e7fde89a9e8f1041,buy,0x4470bb87d77b963a013db939be332f927f2b992e,0xa0eed74645ee2e82968064da6b5dd8926abe1209c68180eb7dcd28742175c897
100,44,0.17071956,0x9c9ba4d8a3bd599746a9950037230d8a94c6c49b,2017-10-30T18:21:08.000Z,0.00387999,0x1abd1ea2747e39709e533dfcdffd9e422e13e56d,buy,0x4470bb87d77b963a013db939be332f927f2b992e,0x69d0e9cf5543d417d2be02ff123f3da3376c070491bd240e8feabd1e68da478f
101,51.658,0.1756320342,0x9c9ba4d8a3bd599746a9950037230d8a94c6c49b,2017-10-30T18:20:49.000Z,0.0033999,0x7ae7073419c3dc3c32b69f92a319e4b02170538d,buy,0x4470bb87d77b963a013db939be332f927f2b992e,0x821c4c50f84a5ccf0cac5da1c1051e71748fc51daecaf8c89513ed646cf4a830
102,100,0.339,0x9c9ba4d8a3bd599746a9950037230d8a94c6c49b,2017-10-30T18:20:49.000Z,0.00339,0x1fb9f5abd2c8c8e7e34f1738682d76d8704d1f8b,buy,0x4470bb87d77b963a013db939be332f927f2b992e,0x603f591f6768e5c0f45c1ff4f0f90cfc794fa1f4ee2a626c9486910a92089c25
103,249.9079,0.8344254033421064,0x9c9ba4d8a3bd599746a9950037230d8a94c6c49b,2017-10-30T18:20:45.000Z,0.0033389316757977895,0xdd3ad801b603ad644cbf7084de5e8b1ca9cee09e,buy,0x4470bb87d77b963a013db939be332f927f2b992e,0xcbaa38228675d41f70b26637bc09cf091cbd3817385ea35674d061014c35e2ec
104,169,0.57160532,0x9c9ba4d8a3bd599746a9950037230d8a94c6c49b,2017-10-30T18:19:09.000Z,0.00338228,0x56942bbbd851b7462b4233db375422ffac50ab0a,buy,0x4470bb87d77b963a013db939be332f927f2b992e,0xe2bee314937d3b685137e5d7d3909835f65d06ed52deca87cb12dbe9bd678ca1
105,150,0.5024985,0x9c9ba4d8a3bd599746a9950037230d8a94c6c49b,2017-10-30T18:18:43.000Z,0.00334999,0x7ae7073419c3dc3c32b69f92a319e4b02170538d,buy,0x4470bb87d77b963a013db939be332f927f2b992e,0x593d47b509b96d60f1885fb7236ed36b8dd9ecab91dce0b17826da311a8ca052
106,10.3718,0.0363013,0xf69d03a69b316538b6eafcd2b10b21235529a2bc,2017-10-30T18:17:30.000Z,0.0035,0xe5c5f7b4e7d4a86da73bb6a3e7fde89a9e8f1041,sell,0x4470bb87d77b963a013db939be332f927f2b992e,0x93be2446f3f38adc0943f9e0ca21c29694ecb2579bcd01e22a43dbbfde32bde7
107,170,0.5686704,0x9c9ba4d8a3bd599746a9950037230d8a94c6c49b,2017-10-30T18:17:21.000Z,0.00334512,0x0352957e9a0345f8babf750f8415676a503fb635,buy,0x4470bb87d77b963a013db939be332f927f2b992e,0x1f329674282dbdc7d4cdf7330fa672065fc53333e418550dfc261872a0c3fc8a
108,117.646,0.411761,0xf69d03a69b316538b6eafcd2b10b21235529a2bc,2017-10-30T18:15:35.000Z,0.0035,0x273a5d3e6721b9f5c1a6474f560c1334c63dda01,sell,0x4470bb87d77b963a013db939be332f927f2b992e,0xd8d000d7a6508d835f1d630273e4352a1ed8ca28e2a4b3343db4a6697460414c
109,118,0.394946,0x273a5d3e6721b9f5c1a6474f560c1334c63dda01,2017-10-30T18:15:35.000Z,0.003347,0x0352957e9a0345f8babf750f8415676a503fb635,buy,0x4470bb87d77b963a013db939be332f927f2b992e,0xd8d000d7a6508d835f1d630273e4352a1ed8ca28e2a4b3343db4a6697460414c
110,132.58,0.46403,0xf69d03a69b316538b6eafcd2b10b21235529a2bc,2017-10-30T18:15:10.000Z,0.0035,0x273a5d3e6721b9f5c1a6474f560c1334c63dda01,sell,0x4470bb87d77b963a013db939be332f927f2b992e,0x9051dd77366609b247330f82d485ab749fad5722581725206051a4fbb21670da
111,739.4022,2.5879077,0xf69d03a69b316538b6eafcd2b10b21235529a2bc,2017-10-30T18:15:10.000Z,0.0035,0xc9d56287b414e1aa0963016aa721b527f095fd9c,sell,0x4470bb87d77b963a013db939be332f927f2b992e,0x1447acc6ce17067c5f26d0407b1f07f5bc44d2ed9554d8adef75976bb9fa2bd8
112,741.6205,2.46,0xc9d56287b414e1aa0963016aa721b527f095fd9c,2017-10-30T18:15:10.000Z,0.003317060410277224,0xdd3ad801b603ad644cbf7084de5e8b1ca9cee09e,buy,0x4470bb87d77b963a013db939be332f927f2b992e,0x1447acc6ce17067c5f26d0407b1f07f5bc44d2ed9554d8adef75976bb9fa2bd8
113,132.979,0.4388307,0x273a5d3e6721b9f5c1a6474f560c1334c63dda01,2017-10-30T18:15:10.000Z,0.0033,0x527e6009e17c7e85ca8c3912accd8f0e12b89e2b,buy,0x4470bb87d77b963a013db939be332f927f2b992e,0x9051dd77366609b247330f82d485ab749fad5722581725206051a4fbb21670da
114,30,0.1003536,0xf526aa94cf553fe938766ca221f459e2f49ca93c,2017-10-30T16:25:37.000Z,0.00334512,0x0352957e9a0345f8babf750f8415676a503fb635,buy,0x4470bb87d77b963a013db939be332f927f2b992e,0x8d1da5c0f366495d493ecc8cd8b0653e15577db6fc64f7fe43cd568e80575ab0
115,733.6607,2.1276167636607,0x5f2ce35dca6626c5c934fed00b0c1986156ee9ff,2017-10-30T14:58:51.000Z,0.002900001,0x8a249cdb0dcb54e7ba0ab703b801f53900d28c05,sell,0x4470bb87d77b963a013db939be332f927f2b992e,0x9b73b899ca23e099df22488b67e4e31759cdbee9c80859be5bc8fd8cf29e1db7
116,325.1056,0.9451861110454535,0xdd3ad801b603ad644cbf7084de5e8b1ca9cee09e,2017-10-30T14:56:49.000Z,0.002907320301604935,0x8a249cdb0dcb54e7ba0ab703b801f53900d28c05,sell,0x4470bb87d77b963a013db939be332f927f2b992e,0x5f46a4777debfea523d732a914495e36dff52b9f786e0b83c538b99cf560e3f8
117,557.1209,1.6197566602117535,0xdd3ad801b603ad644cbf7084de5e8b1ca9cee09e,2017-10-30T14:37:22.000Z,0.002907370124171887,0xc8aa2f1cfee78848fd31cea466fc83b5253665a2,sell,0x4470bb87d77b963a013db939be332f927f2b992e,0xfcac59de55356031dae48addd337676279e23b55ea060b843662db390ab0fad2
118,149.5364,0.43475766183621695,0xdd3ad801b603ad644cbf7084de5e8b1ca9cee09e,2017-10-30T14:37:12.000Z,0.002907370124171887,0xba91a364ccd677ac72c1fe9844579f6eeadf5526,sell,0x4470bb87d77b963a013db939be332f927f2b992e,0x508671327a2a7a61befa66f561f637ca0626e96d9657c76257d09af46770d1ee
119,825.432,2.3937528,0xced732ca92cb4f040239c4e8c85f14acbb5db000,2017-10-30T12:58:37.000Z,0.0029,0xa505afce19192d53860f9846671b742e5e722924,buy,0x4470bb87d77b963a013db939be332f927f2b992e,0x2f11f33215ed8e447b825398801b063bde0211d22131b07a99156bfa053f0990
120,1075.7586,3.1197000856078425,0xdd3ad801b603ad644cbf7084de5e8b1ca9cee09e,2017-10-30T12:50:10.000Z,0.00290000013535364,0xa505afce19192d53860f9846671b742e5e722924,buy,0x4470bb87d77b963a013db939be332f927f2b992e,0x4650c7fafc7a9a8b7369bc4cab85093a008a1c5ac35cc138005d1db68f8b2137
121,12.2442,0.03550818,0x273a5d3e6721b9f5c1a6474f560c1334c63dda01,2017-10-30T12:47:55.000Z,0.0029,0xa505afce19192d53860f9846671b742e5e722924,buy,0x4470bb87d77b963a013db939be332f927f2b992e,0x760839d9feec58a05cd1d5aa814fe208ac65d19bcba029e5ff31b47e58462f30
122,12.2074,0.03784294,0x8267b481dfb0e69fa4051ca4fa55f9024a2893e7,2017-10-30T12:47:55.000Z,0.0031,0x273a5d3e6721b9f5c1a6474f560c1334c63dda01,sell,0x4470bb87d77b963a013db939be332f927f2b992e,0x760839d9feec58a05cd1d5aa814fe208ac65d19bcba029e5ff31b47e58462f30
123,86.2854,0.2588562,0xaa3f55c0df5c46369031701fdf14af31d2d83487,2017-10-30T12:47:55.000Z,0.003,0x273a5d3e6721b9f5c1a6474f560c1334c63dda01,sell,0x4470bb87d77b963a013db939be332f927f2b992e,0x3915726e7e85d2a8c720ed4ecb70ec29444a2114f8f9066d9600c0684a0379e4
124,86.5451,0.25098079,0x273a5d3e6721b9f5c1a6474f560c1334c63dda01,2017-10-30T12:47:55.000Z,0.0029,0xa505afce19192d53860f9846671b742e5e722924,buy,0x4470bb87d77b963a013db939be332f927f2b992e,0x3915726e7e85d2a8c720ed4ecb70ec29444a2114f8f9066d9600c0684a0379e4
125,75,0.253671,0xea12db725999d674849f15d693fa63a33c2f6364,2017-10-30T09:56:11.000Z,0.00338228,0x56942bbbd851b7462b4233db375422ffac50ab0a,buy,0x4470bb87d77b963a013db939be332f927f2b992e,0x3bd8344b1c7c8f6a8e9e0d3fc780bb6d04045d4d19f9df0a84ac7f70c9f5a8a3
126,97,0.3298,0x8267b481dfb0e69fa4051ca4fa55f9024a2893e7,2017-10-30T07:26:21.000Z,0.0034,0xff4914386c4ff36f738ba21b61cfe33892fc2a88,buy,0x4470bb87d77b963a013db939be332f927f2b992e,0xbd322710acc81b9750be3c4ee57a6c9969ebb82941f10c84154aa3a12de09fdc
127,200,0.68,0x53dffaa9d9f4fe2fe8a23956566fbebf1f858338,2017-10-30T06:21:51.000Z,0.0034,0xff4914386c4ff36f738ba21b61cfe33892fc2a88,buy,0x4470bb87d77b963a013db939be332f927f2b992e,0xc2c292a9fde3f703a81fe0729f6e476b7fe742bcd98402b49755037c8c166d92
128,3.0445,0.00943795,0x8267b481dfb0e69fa4051ca4fa55f9024a2893e7,2017-10-30T04:48:59.000Z,0.0031,0xc5ad5d7987a0c069311d9082e8470dbd834622fa,sell,0x4470bb87d77b963a013db939be332f927f2b992e,0x8a6c80e3f4d543a8e58ced23a498d927c4555a9481a8c70c671e5c3c10bd44cf
129,0,0,0xaa3f55c0df5c46369031701fdf14af31d2d83487,2017-10-30T03:24:31.000Z,NaN,0x16e5d97bbc92417e051e3b2cabfbf8ceea2acb9c,sell,0x4470bb87d77b963a013db939be332f927f2b992e,0x5b58064dc0e539c0855fcd75d60e185a49cdc0637e322b28cc121f51cfbe7589
130,0,0,0xaa3f55c0df5c46369031701fdf14af31d2d83487,2017-10-30T03:24:31.000Z,NaN,0x379374d13077e8867ef31803c37baf9785a17c00,sell,0x4470bb87d77b963a013db939be332f927f2b992e,0xb7c4417a17fab02242bc1335f27966405f35cc2168cadc433112d09db0c295f8
131,0.5,0.00193,0x45c635e987e6077116d127e35e7b4b0cd9b27031,2017-10-30T02:35:39.000Z,0.00386,0x0352957e9a0345f8babf750f8415676a503fb635,sell,0x4470bb87d77b963a013db939be332f927f2b992e,0xf7a10e653e2031db56b41a389bc4bc8b3f1ca063060268dd41f6845387008427
132,0.3,0.0011697,0x45c635e987e6077116d127e35e7b4b0cd9b27031,2017-10-30T02:34:57.000Z,0.003899,0x0352957e9a0345f8babf750f8415676a503fb635,sell,0x4470bb87d77b963a013db939be332f927f2b992e,0xb6efc5c9552c6852897326abfb1c9f73d1f1a384af4f6c196a6fc0e7a4c77891
133,0,0,0x45c635e987e6077116d127e35e7b4b0cd9b27031,2017-10-30T01:52:37.000Z,NaN,0x379374d13077e8867ef31803c37baf9785a17c00,sell,0x4470bb87d77b963a013db939be332f927f2b992e,0x051fbbb75f2b475011461b68248a5ddd3d057aaade36f0e8403f897b0497aad5
134,0,0,0x45c635e987e6077116d127e35e7b4b0cd9b27031,2017-10-30T01:52:07.000Z,NaN,0x16e5d97bbc92417e051e3b2cabfbf8ceea2acb9c,sell,0x4470bb87d77b963a013db939be332f927f2b992e,0xef62a640849396ce989e6d8064ed3ae23adb1e0fde93d8b4aa5819f49b04eff6
135,99.7,0.3887303,0x45c635e987e6077116d127e35e7b4b0cd9b27031,2017-10-30T00:24:16.000Z,0.003899,0x273a5d3e6721b9f5c1a6474f560c1334c63dda01,sell,0x4470bb87d77b963a013db939be332f927f2b992e,0xf72e2b95230247d319f48a92ddee787af937c64906b431ae2b396c9dd053d0aa
136,100,0.385,0x273a5d3e6721b9f5c1a6474f560c1334c63dda01,2017-10-30T00:24:16.000Z,0.00385,0xfa6772d214948d42f7de582d403367a5e4f56552,buy,0x4470bb87d77b963a013db939be332f927f2b992e,0xf72e2b95230247d319f48a92ddee787af937c64906b431ae2b396c9dd053d0aa
137,99.5,0.38407,0x45c635e987e6077116d127e35e7b4b0cd9b27031,2017-10-29T23:49:57.000Z,0.00386,0xdd3ad801b603ad644cbf7084de5e8b1ca9cee09e,sell,0x4470bb87d77b963a013db939be332f927f2b992e,0x047fa1434d44740fe64ed3c98e24fb0c38f98d47f767c1010236b7ca3b63bc9c
138,318.4,0.98704,0x0352957e9a0345f8babf750f8415676a503fb635,2017-10-29T22:08:47.000Z,0.0031,0xdd3ad801b603ad644cbf7084de5e8b1ca9cee09e,sell,0x4470bb87d77b963a013db939be332f927f2b992e,0x9712c9b48c9264e37fd4a6df1d45c4cbd9d6645a42cd4440eb6cbfc7b0b9b180
139,0.525,0.00179025,0x45c635e987e6077116d127e35e7b4b0cd9b27031,2017-10-29T21:26:56.000Z,0.00341,0x0352957e9a0345f8babf750f8415676a503fb635,sell,0x4470bb87d77b963a013db939be332f927f2b992e,0x75c37613e13e7ce1dcc7c38ce9bf4e00150989bc0cea8dc9888f6a0482826ef4
140,114.4209,0.4481387199680989,0xae1c1f6d34ffed3f2fd88bd88f81ce2cb876350e,2017-10-29T19:49:05.000Z,0.003916580974001244,0xdd3ad801b603ad644cbf7084de5e8b1ca9cee09e,buy,0x4470bb87d77b963a013db939be332f927f2b992e,0x10f483596eae91c85db6537e73eb73f8251b76b6c785921b2df53bc5ded87c95
141,100,0.4,0xae1c1f6d34ffed3f2fd88bd88f81ce2cb876350e,2017-10-29T19:46:07.000Z,0.004,0xfa6772d214948d42f7de582d403367a5e4f56552,buy,0x4470bb87d77b963a013db939be332f927f2b992e,0x4963ae75448036b7c0a50428a88fb511e4d2bc0d66fc604f1fdcabd7da1fd130
142,100,0.385,0xae1c1f6d34ffed3f2fd88bd88f81ce2cb876350e,2017-10-29T19:46:07.000Z,0.00385,0xfa6772d214948d42f7de582d403367a5e4f56552,buy,0x4470bb87d77b963a013db939be332f927f2b992e,0x887c2e32a63f9b12ec4a2c9835e9e05730459bf990eabf7f62f1792f3d9e1458
143,200,0.7378,0x7e95cc63f2400288b62545e9e297c0d0d4c765c5,2017-10-29T18:08:07.000Z,0.003689,0x7ae7073419c3dc3c32b69f92a319e4b02170538d,buy,0x4470bb87d77b963a013db939be332f927f2b992e,0x882c3035e374bd0b5bf1ad544fcbcda601de3bf0b86264a86fdf4e310b3d0aab
144,200,0.702,0x7e95cc63f2400288b62545e9e297c0d0d4c765c5,2017-10-29T18:08:07.000Z,0.00351,0x7ae7073419c3dc3c32b69f92a319e4b02170538d,buy,0x4470bb87d77b963a013db939be332f927f2b992e,0xf79b7088b61be9771c3a9410fe6ba5258a91a0412f8752a885e9a5d040bd572f
145,136.0549,0.469389405,0x7e95cc63f2400288b62545e9e297c0d0d4c765c5,2017-10-29T18:07:47.000Z,0.00345,0xeb73d8f2590f7929d82cc2f832f2c94ce4789fba,buy,0x4470bb87d77b963a013db939be332f927f2b992e,0x3e1c8d85c390c6f56b3318e179db891c1d00c1412594662527e58f81ea89f470
146,174.9731,0.5899169357447112,0xd2ea382e498316d91b9de8557670149b479721a0,2017-10-29T17:41:00.000Z,0.0033714721619763906,0xdd3ad801b603ad644cbf7084de5e8b1ca9cee09e,buy,0x4470bb87d77b963a013db939be332f927f2b992e,0x9ddbd8c4a9ca14383f96bd154fceca5e4e8bc7485905f53479a539c18cc32ded
147,124.4,0.41052,0x273a5d3e6721b9f5c1a6474f560c1334c63dda01,2017-10-29T17:41:00.000Z,0.0033,0x3dee4a4e076e8d82859d241db0baf46f112cfa23,buy,0x4470bb87d77b963a013db939be332f927f2b992e,0x54fc88efe93706afdf6e54a983a9ab5c076ede3c0f83a12c7855e945f22f8492
148,174.4482,0.594868362,0x45c635e987e6077116d127e35e7b4b0cd9b27031,2017-10-29T17:41:00.000Z,0.00341,0xd2ea382e498316d91b9de8557670149b479721a0,sell,0x4470bb87d77b963a013db939be332f927f2b992e,0x9ddbd8c4a9ca14383f96bd154fceca5e4e8bc7485905f53479a539c18cc32ded
149,124.0268,0.422931388,0x45c635e987e6077116d127e35e7b4b0cd9b27031,2017-10-29T17:41:00.000Z,0.00341,0x273a5d3e6721b9f5c1a6474f560c1334c63dda01,sell,0x4470bb87d77b963a013db939be332f927f2b992e,0x54fc88efe93706afdf6e54a983a9ab5c076ede3c0f83a12c7855e945f22f8492
150,25,0.078525,0x383932e5467528999954bf192452e390e1c84795,2017-10-29T16:19:49.000Z,0.003141,0x3dee4a4e076e8d82859d241db0baf46f112cfa23,sell,0x4470bb87d77b963a013db939be332f927f2b992e,0x6d92637ffad63cd1549de628696f2569f002d2e2b93bf003bc32ac1e957b7c5a
151,150,0.47715,0xfa6772d214948d42f7de582d403367a5e4f56552,2017-10-29T16:15:48.000Z,0.003181,0xeb73d8f2590f7929d82cc2f832f2c94ce4789fba,sell,0x4470bb87d77b963a013db939be332f927f2b992e,0x0b4fa5d39400083c909c7b4622ddc70edfb05b26d29e104056c5db0c6eec2ba4
152,5,0.015909,0x4e305167066caaefad7e930dc04eaf14d8e3e82e,2017-10-29T16:15:48.000Z,0.0031818,0xeb73d8f2590f7929d82cc2f832f2c94ce4789fba,sell,0x4470bb87d77b963a013db939be332f927f2b992e,0x51446c0770dcdb2ab01cdab3d35c357d6341764a3ed70b087bfb783998d8f750
153,150,0.47715,0xfa6772d214948d42f7de582d403367a5e4f56552,2017-10-29T16:14:45.000Z,0.003181,0x3dee4a4e076e8d82859d241db0baf46f112cfa23,sell,0x4470bb87d77b963a013db939be332f927f2b992e,0xe5b14f1251d12223ccc0e390f8e91e0ddb8602a0a92e4c7dc3c6bf0ebaacb304
154,156.25,0.5,0x7845e1b7f505310cb8f6191df9641dc4add7c887,2017-10-29T16:13:48.000Z,0.0032,0xeb73d8f2590f7929d82cc2f832f2c94ce4789fba,sell,0x4470bb87d77b963a013db939be332f927f2b992e,0x74705f655ea100a67919bd2250fbda9dc4fbcf186a82e3af0dd3776443403bd4
155,9.5,0.0316445,0xa9bd188a75fb4537ce8dd30de3aa2764156bc2ed,2017-10-29T16:13:07.000Z,0.003331,0xeb73d8f2590f7929d82cc2f832f2c94ce4789fba,sell,0x4470bb87d77b963a013db939be332f927f2b992e,0xa9f0058e85c2f1d2c6f253994842b912a83e9cffd0ab76c9e0802e3401dfd071
156,24.3,0.08019,0x9de0b7d6cdda7da38b0a4e08cd4d9fdfe73b1922,2017-10-29T16:11:38.000Z,0.0033,0xeb73d8f2590f7929d82cc2f832f2c94ce4789fba,sell,0x4470bb87d77b963a013db939be332f927f2b992e,0xb46122fbff303d988ba758e7602923b5a5e97aacce3b5ce16fdfeb2d5c828cf4
157,300,0.96003,0x3dee4a4e076e8d82859d241db0baf46f112cfa23,2017-10-29T16:11:38.000Z,0.0032001,0xeb73d8f2590f7929d82cc2f832f2c94ce4789fba,sell,0x4470bb87d77b963a013db939be332f927f2b992e,0x8f1bdd1d64003e9e0a93aa5936a79a94dac1428bb3dd7b8b07182a2b66da2363
158,300,0.96003,0x3dee4a4e076e8d82859d241db0baf46f112cfa23,2017-10-29T16:11:34.000Z,0.0032001,0xeb73d8f2590f7929d82cc2f832f2c94ce4789fba,sell,0x4470bb87d77b963a013db939be332f927f2b992e,0x8f1bdd1d64003e9e0a93aa5936a79a94dac1428bb3dd7b8b07182a2b66da2363
159,100,0.32989,0xef240b315c9aeee923f972546d8b3f661a2a9dce,2017-10-29T16:05:04.000Z,0.0032989,0xeb73d8f2590f7929d82cc2f832f2c94ce4789fba,sell,0x4470bb87d77b963a013db939be332f927f2b992e,0x0ab6dbc5846515722f4baaf12679c2023b88261a8010c0cd6a222c42e698a901
160,883.0481,2.808092958,0xeb73d8f2590f7929d82cc2f832f2c94ce4789fba,2017-10-29T15:58:30.000Z,0.00318,0xdd3ad801b603ad644cbf7084de5e8b1ca9cee09e,sell,0x4470bb87d77b963a013db939be332f927f2b992e,0x5cd0c280f3031ad9b3d609d132544b9708524862ec2fa5f8eaec0d88748afbec
161,141,0.4794,0x7cd0de48f0a8ed7e0c3f051a91880c8ebf0f0c32,2017-10-29T13:30:00.000Z,0.0034,0x9778550d76b07ac9f5e57392f68ecdf6efc1774e,buy,0x4470bb87d77b963a013db939be332f927f2b992e,0x7d6eacf3e83555054b78b568f7b8e90a0ad13243854e2a015a787d7cd592ce2c
162,120.79,0.4094781,0x7cd0de48f0a8ed7e0c3f051a91880c8ebf0f0c32,2017-10-29T13:29:34.000Z,0.00339,0x3df86cefaecfaa31be2f74f8f832cb4ef62b79f8,buy,0x4470bb87d77b963a013db939be332f927f2b992e,0xbc065a9a4854c2a69fd0cc422708318d29eb1353d2dc47339090b8fa2de9bdb9
163,150,0.51,0xf14a04d18cb5ba0fe293f6157cd4593404c12ece,2017-10-29T08:56:59.000Z,0.0034,0x9778550d76b07ac9f5e57392f68ecdf6efc1774e,buy,0x4470bb87d77b963a013db939be332f927f2b992e,0x19d6cdd6eb3098e3fc88aa392f386bd74f3392cf32e271d929e018cf7779191a
164,250,0.875,0x94c5f753ee3e5c59a849f4af205f6663d9c491d6,2017-10-29T07:48:04.000Z,0.0035,0x3df86cefaecfaa31be2f74f8f832cb4ef62b79f8,buy,0x4470bb87d77b963a013db939be332f927f2b992e,0x884d8d0a798ce87a7bf43fc923629bc1989f00c95ebe71809fc061ae0b7dc4b9
165,106,0.3604,0x70d692072e72e1b4b26b01be1541cb46af42d8cb,2017-10-29T07:47:53.000Z,0.0034,0x9778550d76b07ac9f5e57392f68ecdf6efc1774e,buy,0x4470bb87d77b963a013db939be332f927f2b992e,0x98251f3cd6b598e473e147c5064003db8dafda4f0da8a61cbb531d27552b66ae
166,200,0.68,0xb8cd62791040159d17d184f122ac8fd1ed74d185,2017-10-29T07:40:11.000Z,0.0034,0x9778550d76b07ac9f5e57392f68ecdf6efc1774e,buy,0x4470bb87d77b963a013db939be332f927f2b992e,0x9ed8379e180a25abef2d275cfc6989437690ff4670f75f390ab39356e861fc37
167,70,0.2331,0xeacb51305214d1ca506226712f0fad684a5db7d2,2017-10-29T07:39:18.000Z,0.00333,0x3df86cefaecfaa31be2f74f8f832cb4ef62b79f8,sell,0x4470bb87d77b963a013db939be332f927f2b992e,0x7f5a65aac4c27c8eb5bf222a7f3db5dde572e852d9979f8b8d9ade0b563b69a7
168,894.975,3.042915,0x70d692072e72e1b4b26b01be1541cb46af42d8cb,2017-10-29T07:07:39.000Z,0.0034,0xdd3ad801b603ad644cbf7084de5e8b1ca9cee09e,sell,0x4470bb87d77b963a013db939be332f927f2b992e,0x45aae358ece4b27e382053ab7ce49dcbfc8117268cebde23d97b18de0960f546
169,450,1.8693,0x515439183bb587d351b89455db6286864092bb6d,2017-10-29T06:11:05.000Z,0.004154,0x9ecab597dfda4dd2e6bcf3230edc62bb9b8a9c2c,buy,0x4470bb87d77b963a013db939be332f927f2b992e,0x3495fd0f19add3892a2a6449d5e7b7c0dcee36c0c38dc2c10c8fa8d70e09c3be
170,0.0001,0.00000030001,0x3dee4a4e076e8d82859d241db0baf46f112cfa23,2017-10-29T02:03:52.000Z,0.0030001,0xfa6772d214948d42f7de582d403367a5e4f56552,sell,0x4470bb87d77b963a013db939be332f927f2b992e,0x34c92f25566321a376f319bb07bd1fc681a3235ab91ce8e949856a6ce2354b2f
171,79.896,0.3550901634751414,0xa8e490fc5ed8fafa296166a572dd90d4409ddf45,2017-10-29T00:13:11.000Z,0.004444404769639799,0xef240b315c9aeee923f972546d8b3f661a2a9dce,buy,0x4470bb87d77b963a013db939be332f927f2b992e,0x65900eed61ac1fd0ff9d7d8a7dfaff60e3aa61d78a81b64bd10add69fa047aab
172,102.9846,0.331380756342,0x12d00b993bfd0422d6bde9aa63d96e0ab74fb636,2017-10-28T23:48:34.000Z,0.00321777,0x7cd0de48f0a8ed7e0c3f051a91880c8ebf0f0c32,sell,0x4470bb87d77b963a013db939be332f927f2b992e,0x31c2f331468a195667ca4a7e80586fbdc80bc0bdf71a222312976b0a651bc323
173,25,0.11055,0xa8e490fc5ed8fafa296166a572dd90d4409ddf45,2017-10-28T23:24:01.000Z,0.004422,0x383932e5467528999954bf192452e390e1c84795,buy,0x4470bb87d77b963a013db939be332f927f2b992e,0xbd21d723f3ba0eda059bef2adcc7be033e8d08530f9ff9cbdcaaed0184f69695
174,121.4427,0.47362678571591044,0x9095b24ee684b232207153137da257beac85aaf1,2017-10-28T23:14:56.000Z,0.0039000021056507343,0xff4914386c4ff36f738ba21b61cfe33892fc2a88,buy,0x4470bb87d77b963a013db939be332f927f2b992e,0x777424bc7a147576cc74580849e5dfbf938628da2c575c740926b63b3201aa4a
175,59,0.2301,0x9928735e58646b828be5a0ce02e939cd752adc8f,2017-10-28T23:03:18.000Z,0.0039,0xff4914386c4ff36f738ba21b61cfe33892fc2a88,buy,0x4470bb87d77b963a013db939be332f927f2b992e,0x07c9aeba6d7619620ecd780d8cf4e57313e3d084a1bbfc916a2ccb1c237dd241
176,290.0006,0.98452303694,0xa8e490fc5ed8fafa296166a572dd90d4409ddf45,2017-10-28T22:59:29.000Z,0.0033949,0xced732ca92cb4f040239c4e8c85f14acbb5db000,buy,0x4470bb87d77b963a013db939be332f927f2b992e,0x336352eac3979246697e733761291b43dc87b947f0536bed63d6b6010a2b0efa
177,290,1.131,0xced732ca92cb4f040239c4e8c85f14acbb5db000,2017-10-28T22:54:14.000Z,0.0039,0xff4914386c4ff36f738ba21b61cfe33892fc2a88,buy,0x4470bb87d77b963a013db939be332f927f2b992e,0x7b8a965379d8228be86df248d21698d153499d2e92df7ba7be2f5c2cb47b5f5c
178,249.2273,0.79752736,0x6f59e0bb467cf8450b9701537a29053524eeb12f,2017-10-28T21:27:58.000Z,0.0032,0xb0db30fe82aeb6c282f27ccc713d15f6b902e8b0,sell,0x4470bb87d77b963a013db939be332f927f2b992e,0x78f2948225942ccc29d7e5339be12ed951e89450e4179e504dbaa9c9191a8cec
179,0.1163,0.0005,0x34f9560c63078eb61872a4dc2ccd20e21c34feaf,2017-10-28T20:01:23.000Z,0.004299226139294927,0x6807cc3ead56cc0e19ab70b58d82136ff5c58eea,buy,0x4470bb87d77b963a013db939be332f927f2b992e,0xccb5fbac4478b3968a6bd4381c694f942e7ebe7b14d8febfe4a4e9d180a10f46
180,0.1163,0.0005,0xe444a40689f51f63bcd29910622035707d533d29,2017-10-28T20:01:23.000Z,0.004299226139294927,0x6807cc3ead56cc0e19ab70b58d82136ff5c58eea,buy,0x4470bb87d77b963a013db939be332f927f2b992e,0x961c3ad2e0c6b46d4dac2f106bd9ef190f41215ce55a13330f9ad465835337db
181,299.9999,1.3083782135854745,0xfcb9bf5e0df1e6feeb16cf2c4c58ccc354b70d37,2017-10-28T19:47:15.000Z,0.004361262165705637,0xdd3ad801b603ad644cbf7084de5e8b1ca9cee09e,buy,0x4470bb87d77b963a013db939be332f927f2b992e,0x671155dda18b79086d45b97dd5df4a78792b4df6ab4e1a3142d01de51889e3ec
182,4.9697,0.015991351569,0x12d00b993bfd0422d6bde9aa63d96e0ab74fb636,2017-10-28T18:17:45.000Z,0.00321777,0xb1eefba32d235e0ebf6637a2cbc25525949fc8b9,sell,0x4470bb87d77b963a013db939be332f927f2b992e,0xc983f726c74021e0f685f8e14ce4ff9d86a08594bd67c2102b5425a6e9211e05
183,42.5,0.1445,0xb6307dcae90864128cd46f3d33055981814373d6,2017-10-28T17:04:07.000Z,0.0034,0xeb73d8f2590f7929d82cc2f832f2c94ce4789fba,buy,0x4470bb87d77b963a013db939be332f927f2b992e,0x25ea598de0aba652fafa429c829f1eaa2aa477b86f6fc03b809384dddbffab7b
184,40,0.136,0xb6307dcae90864128cd46f3d33055981814373d6,2017-10-28T16:57:06.000Z,0.0034,0xeb73d8f2590f7929d82cc2f832f2c94ce4789fba,buy,0x4470bb87d77b963a013db939be332f927f2b992e,0x74e118aee791e779dbc3ebdf410ef328e132d83932cf12d82112e23781a78c25
185,41.27,0.140004348,0xb6307dcae90864128cd46f3d33055981814373d6,2017-10-28T16:56:30.000Z,0.0033924,0xced732ca92cb4f040239c4e8c85f14acbb5db000,buy,0x4470bb87d77b963a013db939be332f927f2b992e,0x54b5035d8c1631f41cbbcdd1b1ca01f54ca3f781b9f25c8d97518d01a223b1e6
186,44.9809,0.144738190593,0x12d00b993bfd0422d6bde9aa63d96e0ab74fb636,2017-10-28T16:55:52.000Z,0.00321777,0x1ed014aec47fae44c9e55bac7662c0b78ae61798,sell,0x4470bb87d77b963a013db939be332f927f2b992e,0xfc3a11518e79cc698a170af15008e1a35baa50f17ec39ec67dacb7ff51f173b5
187,1170,3.969108,0x515439183bb587d351b89455db6286864092bb6d,2017-10-28T15:29:50.000Z,0.0033924,0xced732ca92cb4f040239c4e8c85f14acbb5db000,buy,0x4470bb87d77b963a013db939be332f927f2b992e,0xce556705ec243c5deb0eca84f31cb73312c59693d89cdeea4101d1ae6cd53d08
188,0.0485,0.0001515625,0xeb73d8f2590f7929d82cc2f832f2c94ce4789fba,2017-10-28T15:02:38.000Z,0.003125,0xa5f282efd8db8c66dc5dcfb5ab3bfccb2637d783,sell,0x4470bb87d77b963a013db939be332f927f2b992e,0x50324d268a141ffa4023a5e2065ab031c0afac01e0716513d8a7b23192bbdc35
189,82.7434,0.259400559,0xeb73d8f2590f7929d82cc2f832f2c94ce4789fba,2017-10-28T14:51:56.000Z,0.003135,0x21b1f5aa876e89aa30d45ddf4d5b9b0023fec388,sell,0x4470bb87d77b963a013db939be332f927f2b992e,0xab0aa1000a317c719bb269dc30f177793c2a4e7d03c8e811281f9728c73c1382
190,4.985,0.01549338,0xb1eefba32d235e0ebf6637a2cbc25525949fc8b9,2017-10-28T12:26:35.000Z,0.003108,0xe0fda40ed2db6505c7d9b47249ef869031ae84cb,sell,0x4470bb87d77b963a013db939be332f927f2b992e,0x0d2a2f74365e7d3d6a5a35c672315cbe27cbfade37a4fcd276bef5cf839f6381
191,5,0.015,0xe0fda40ed2db6505c7d9b47249ef869031ae84cb,2017-10-28T12:26:35.000Z,0.003,0x9475170ca7faa73188a32647a8e5a87de7885d7b,buy,0x4470bb87d77b963a013db939be332f927f2b992e,0x0d2a2f74365e7d3d6a5a35c672315cbe27cbfade37a4fcd276bef5cf839f6381
192,99.9999,0.3386310276322918,0xb4af0f3caf35703a52b44ad40c043494adc7531c,2017-10-28T11:47:47.000Z,0.0033863136626365808,0xdd3ad801b603ad644cbf7084de5e8b1ca9cee09e,buy,0x4470bb87d77b963a013db939be332f927f2b992e,0xe5908c9916917aa13a1593a96b89440e23c1718e0314e70172b9157036f98554
193,224.9999,0.7619198121726566,0x52fca2180df9eebbfbaad5d8899b059b703dfa91,2017-10-28T11:43:44.000Z,0.0033863117813503767,0xdd3ad801b603ad644cbf7084de5e8b1ca9cee09e,buy,0x4470bb87d77b963a013db939be332f927f2b992e,0x0adf511b0d995a472eaebbcbe1afc181dd3621fcf3f96001197590adb6783075
194,0.005,0.000015500005,0xb1eefba32d235e0ebf6637a2cbc25525949fc8b9,2017-10-28T08:50:01.000Z,0.003100001,0x5efdca26e7cbb98c4f23a46d7a724c6c9148d0cf,sell,0x4470bb87d77b963a013db939be332f927f2b992e,0x2206ad6193dd67a5968003db445ea9fc858f37c48d096991606d981a1270cf86
195,51.7934,0.1605595917934,0xb1eefba32d235e0ebf6637a2cbc25525949fc8b9,2017-10-28T08:48:17.000Z,0.003100001,0x5efdca26e7cbb98c4f23a46d7a724c6c9148d0cf,sell,0x4470bb87d77b963a013db939be332f927f2b992e,0x69a286cb24ec210e0cf5be46e0e359ac38ae010502ffb97d766e5b873c341232
196,285.9,0.97491897141,0x4921c636bb542498593590bda270b1605088296c,2017-10-28T08:35:42.000Z,0.0034099999,0x8be9b4fc633014f520db96c4b75de38954ce6802,buy,0x4470bb87d77b963a013db939be332f927f2b992e,0xe883df44651b5c2c610c74bf201b7b89bfdcbaaf8ccad72dfdfa8caaa5fb834e
197,5.1623,0.0160031351623,0xb1eefba32d235e0ebf6637a2cbc25525949fc8b9,2017-10-28T08:29:54.000Z,0.003100001,0xb2259cf4a0e3468a3f8f07d75216df27372e1a91,sell,0x4470bb87d77b963a013db939be332f927f2b992e,0xcad59b9f32449c9e905de555e76a6338b9180cc234d0fb01635214562a3f6a58
198,476.7828,1.6449008074967602,0x6f2e0a6065cf524c52192799779c0493823391be,2017-10-28T06:01:02.000Z,0.0034500003093583913,0xeb73d8f2590f7929d82cc2f832f2c94ce4789fba,buy,0x4470bb87d77b963a013db939be332f927f2b992e,0xbe679d817af5fe4f13cc3d0008acc37e5c00b2ddc4df1ea65fe2586614afda2e
199,0.003,0.0000093,0x87add8d1b9c51f48999ea310dab4ae40d7bf0d74,2017-10-28T04:29:11.000Z,0.0031,0xfa6772d214948d42f7de582d403367a5e4f56552,sell,0x4470bb87d77b963a013db939be332f927f2b992e,0xefd53e64e38cae8833150c036fb3d1b2659fc304ff205fa5b414485279d8ba08
200,30.827,0.0955637,0x87add8d1b9c51f48999ea310dab4ae40d7bf0d74,2017-10-28T04:27:29.000Z,0.0031,0xfa6772d214948d42f7de582d403367a5e4f56552,sell,0x4470bb87d77b963a013db939be332f927f2b992e,0xc4ddb10793cb9992f3bc5404afba4391144062b6e7e39ab293984fa18d9f81bc
201,600,1.866,0x7b768c81353cd5ff73b74e72dc7409cf789436a3,2017-10-28T04:24:55.000Z,0.00311,0xfa6772d214948d42f7de582d403367a5e4f56552,sell,0x4470bb87d77b963a013db939be332f927f2b992e,0x687bc7bfe7a7b44a657fe4f961cb2e87384b70a8c39d0c5ed3fe81659972cd44
202,5.3306,0.016951308,0x2392bf4d922171dfdfd0298df5c3bfbf1f205184,2017-10-28T04:24:04.000Z,0.00318,0xfa6772d214948d42f7de582d403367a5e4f56552,sell,0x4470bb87d77b963a013db939be332f927f2b992e,0xcfc578facf81dee3e9cfc027006a4db1588e3d42a1e54591ead998129d31afb5
203,0.33,0.0010948641,0x12d00b993bfd0422d6bde9aa63d96e0ab74fb636,2017-10-28T04:23:17.000Z,0.00331777,0xfa6772d214948d42f7de582d403367a5e4f56552,sell,0x4470bb87d77b963a013db939be332f927f2b992e,0xadfc313d69bc6a26a633c60d614047e6d539dc065acde3fa69db120477af4381
204,20.5372,0.065308296,0x2392bf4d922171dfdfd0298df5c3bfbf1f205184,2017-10-28T03:33:01.000Z,0.00318,0x6c723da0e2243be0d60a23801c00039b98ce35d6,sell,0x4470bb87d77b963a013db939be332f927f2b992e,0x0554a3b03907de9543591784b8f39fa059fbaf01c067ef3dde635a21490c6764
205,54.996,0.1749422814996,0xced732ca92cb4f040239c4e8c85f14acbb5db000,2017-10-28T03:31:25.000Z,0.0031810001,0x6c723da0e2243be0d60a23801c00039b98ce35d6,sell,0x4470bb87d77b963a013db939be332f927f2b992e,0x87c69f2ed64681d45065adbcdd9c4a05057dc4358181695f7a38bc6df643abf0
206,63.0377,0.20018252012,0xeb4932499bf0785b6965f10e8ff9a395824502e1,2017-10-28T03:31:16.000Z,0.0031756,0x6c723da0e2243be0d60a23801c00039b98ce35d6,sell,0x4470bb87d77b963a013db939be332f927f2b992e,0x1431f5ef469004aa383a119ff1725f760ee9d5a7c30d518c440a3b5901f2dbb5
207,151.1676,0.5132579637978073,0x9095b24ee684b232207153137da257beac85aaf1,2017-10-28T03:27:32.000Z,0.00339529081494849,0xdd3ad801b603ad644cbf7084de5e8b1ca9cee09e,buy,0x4470bb87d77b963a013db939be332f927f2b992e,0xda808f978ab6d0cb064929577fa8e6a4c4f38b7f7acd25492f9df2821a2c8088
208,150,0.477150015,0xced732ca92cb4f040239c4e8c85f14acbb5db000,2017-10-28T03:18:19.000Z,0.0031810001,0xeb73d8f2590f7929d82cc2f832f2c94ce4789fba,sell,0x4470bb87d77b963a013db939be332f927f2b992e,0x0a386140cf5020c71f794beaa89591592e2963cd92a312a88d7cab66295bf1cd
209,320,1.01792,0xfa6772d214948d42f7de582d403367a5e4f56552,2017-10-28T03:16:50.000Z,0.003181,0xeb73d8f2590f7929d82cc2f832f2c94ce4789fba,sell,0x4470bb87d77b963a013db939be332f927f2b992e,0x86543fca375640c1c20c65e47a7c018d0e3a4a190cbc6abdd482181686e9211c
210,60.9533,0.19389245339533,0xced732ca92cb4f040239c4e8c85f14acbb5db000,2017-10-28T03:16:34.000Z,0.0031810001,0xe300b3909aad54fd05e919e39f402c842e0037d3,sell,0x4470bb87d77b963a013db939be332f927f2b992e,0x6584fd6d0c13b7365349c4debf576ec851b16dd5e8f07ef5c41c8d91063114a3
211,590,1.87679,0xced732ca92cb4f040239c4e8c85f14acbb5db000,2017-10-28T03:14:15.000Z,0.003181,0xe300b3909aad54fd05e919e39f402c842e0037d3,sell,0x4470bb87d77b963a013db939be332f927f2b992e,0x111e2b4f1ef6e578c1b0ae54d9d5f1f68d8c1c48812910ce0bb7a15f6f2f57f0
212,355.3125,1.13024909803125,0xced732ca92cb4f040239c4e8c85f14acbb5db000,2017-10-28T03:13:27.000Z,0.0031810001,0xdd3ad801b603ad644cbf7084de5e8b1ca9cee09e,sell,0x4470bb87d77b963a013db939be332f927f2b992e,0x9706c04de6c2583b39878346a260b8eee446f790f7010bb7bc8aa4635f4ab96d
213,10.1545,0.03371294,0xbe0aa9993dadf5fe1dbb1e657b303a4b6caf3e20,2017-10-28T03:12:01.000Z,0.00332,0xe300b3909aad54fd05e919e39f402c842e0037d3,sell,0x4470bb87d77b963a013db939be332f927f2b992e,0xdee10a84571a18366ad160836d1320660431127a6a55cb020f3def003f13c2f4
214,25,0.0825,0xbbe19481b353c630de960003b6272e68555b827e,2017-10-28T03:12:01.000Z,0.0033,0xe300b3909aad54fd05e919e39f402c842e0037d3,sell,0x4470bb87d77b963a013db939be332f927f2b992e,0x64b555ea7afd0c965618ac862ae0fdc6814aaa83af85d3106f7a6da2a3e59ff7
215,25,0.0795525,0x383932e5467528999954bf192452e390e1c84795,2017-10-28T03:12:01.000Z,0.0031821,0xe300b3909aad54fd05e919e39f402c842e0037d3,sell,0x4470bb87d77b963a013db939be332f927f2b992e,0x9d64de313ff2ac25a144366f290bbafa1359d0d51065f0133ed5d4f4d2b76d80
216,6.3879,0.02108007,0x570fc5714deb5c2f327e6a77aa5bc8805ecf3f34,2017-10-28T03:12:01.000Z,0.0033,0xe300b3909aad54fd05e919e39f402c842e0037d3,sell,0x4470bb87d77b963a013db939be332f927f2b992e,0x671f14aee14d69221b1bab3872baf1817d08250644c7d1103af597d8f8862aac
217,52.937,0.175644966,0x0b7fd00a8290dbd03a18b1924a8c7ef40ae7068e,2017-10-28T03:11:15.000Z,0.003318,0xe300b3909aad54fd05e919e39f402c842e0037d3,sell,0x4470bb87d77b963a013db939be332f927f2b992e,0x4fe315adff6301a5aee2e584412db4e0ad9f0b647cb091049544db450e5ff9bc
218,67.66,0.223278,0x570fc5714deb5c2f327e6a77aa5bc8805ecf3f34,2017-10-28T03:10:08.000Z,0.0033,0xdd3ad801b603ad644cbf7084de5e8b1ca9cee09e,sell,0x4470bb87d77b963a013db939be332f927f2b992e,0x7e8d17a8436dcf671ca80768bde8fb7f20959db4615fde5d4411d964280549af
219,473.1669,1.5056170758,0xeb73d8f2590f7929d82cc2f832f2c94ce4789fba,2017-10-28T03:04:13.000Z,0.003182,0xdd3ad801b603ad644cbf7084de5e8b1ca9cee09e,sell,0x4470bb87d77b963a013db939be332f927f2b992e,0x73cb024bf4a30e73ca01c1d0e57d9ad31ac80250776d8b1d1e782ba288d91e93
220,65.7154,0.218028582658,0x12d00b993bfd0422d6bde9aa63d96e0ab74fb636,2017-10-28T03:00:27.000Z,0.00331777,0xdd3ad801b603ad644cbf7084de5e8b1ca9cee09e,sell,0x4470bb87d77b963a013db939be332f927f2b992e,0xb158e18450389c380d2f3136da3804066f0ee38f73e2ab232eb0ab91b3ab5941
221,318.4,1.01888,0xfa6772d214948d42f7de582d403367a5e4f56552,2017-10-28T02:53:51.000Z,0.0032,0xdd3ad801b603ad644cbf7084de5e8b1ca9cee09e,sell,0x4470bb87d77b963a013db939be332f927f2b992e,0xb017b63bee62b8c3dc9c8fa4c509743fa111bc9af99f25e1ba1c21d5a141d6dc
222,24.5,0.08354499755,0x714076e5f3b4ffad7846989dd16e4d58af37709c,2017-10-28T02:39:30.000Z,0.0034099999,0x8be9b4fc633014f520db96c4b75de38954ce6802,buy,0x4470bb87d77b963a013db939be332f927f2b992e,0x8febeb6c834b8337b8f55de267a62dd7932befd0a0c3977160f1745248e4e851
223,49.8455,0.16548706,0xbe0aa9993dadf5fe1dbb1e657b303a4b6caf3e20,2017-10-28T02:16:28.000Z,0.00332,0x579790e999ed9e3c26ddbcf2ff66ca630bbb4571,sell,0x4470bb87d77b963a013db939be332f927f2b992e,0x702993720fa832fc5dfdd4fc49e7b0a35eb85fe3bb116b1dfb2d45d802758553
224,1451.953,4.927928482,0x7f3b8b870e1c9d54e5ebde1c1d99305817a73640,2017-10-28T02:11:58.000Z,0.003394,0xced732ca92cb4f040239c4e8c85f14acbb5db000,buy,0x4470bb87d77b963a013db939be332f927f2b992e,0x49ad3e22dfdc2503c3ad0b5648d67e94b18762f72ef3aeabd89e0bf6c1221942
225,3.9999,0.013553160800068615,0x450f9e6db5a5fd6f9b0a5192caca7fc162c77031,2017-10-28T01:24:30.000Z,0.0033883749093898885,0xdd3ad801b603ad644cbf7084de5e8b1ca9cee09e,buy,0x4470bb87d77b963a013db939be332f927f2b992e,0xc8f161a7cbb95c81d9a311c34c9d09737f5ff01cc355f54de0dc7419ce910cee
226,382.8367,1.2993478340165825,0xfd35665eac7e399a414e290f8908f54696001c35,2017-10-28T00:30:10.000Z,0.0033940001938596335,0xced732ca92cb4f040239c4e8c85f14acbb5db000,buy,0x4470bb87d77b963a013db939be332f927f2b992e,0xe6338c605d84f6d5ba463e2931351443adccf50ad65a5b7b12c6b97c8f75cad2
227,150,0.511499985,0x5a7f52c42526ddb16755d0681ddc80be166c2ff6,2017-10-28T00:07:16.000Z,0.0034099999,0x8be9b4fc633014f520db96c4b75de38954ce6802,buy,0x4470bb87d77b963a013db939be332f927f2b992e,0x2df47e17952c06d9f1f30a0a422794aab6dc60a4d3de0e1873d32381113e1d96
228,224.9822,0.746439193694,0x12d00b993bfd0422d6bde9aa63d96e0ab74fb636,2017-10-28T00:06:53.000Z,0.00331777,0xdd3ad801b603ad644cbf7084de5e8b1ca9cee09e,sell,0x4470bb87d77b963a013db939be332f927f2b992e,0x322a134da2589955df85d365bc33aa0986662973e0f246fe3c782305996dfd22
229,558.8481,1.916849153813919,0xc8aa2f1cfee78848fd31cea466fc83b5253665a2,2017-10-27T21:38:34.000Z,0.003430000305653574,0x69f9a06cbf2069d529f77007cc6600f252b8851f,buy,0x4470bb87d77b963a013db939be332f927f2b992e,0x79cb805f1a2eaba77483373e4d957106cc42344f19e74f7624a24b56ef57d480
230,8.9721,0.029767364217,0x12d00b993bfd0422d6bde9aa63d96e0ab74fb636,2017-10-27T21:18:04.000Z,0.00331777,0x9e192690c44493e5dc724b5adfc7099a8e3c324c,sell,0x4470bb87d77b963a013db939be332f927f2b992e,0xe49cdd639aa030beb1197f5844e39fed082c27c3591b2f6cac96d55d9c4450e0
231,806.059,2.6599947,0xced732ca92cb4f040239c4e8c85f14acbb5db000,2017-10-27T16:00:31.000Z,0.0033,0x69f9a06cbf2069d529f77007cc6600f252b8851f,buy,0x4470bb87d77b963a013db939be332f927f2b992e,0xae0ceceb98cb985e6c302b3fe5d0d8fed41b5b8cd5ec6c080952a6af08b6a634
232,201.6115,0.6653182527913459,0xdd3ad801b603ad644cbf7084de5e8b1ca9cee09e,2017-10-27T15:57:20.000Z,0.003300001501855529,0x69f9a06cbf2069d529f77007cc6600f252b8851f,buy,0x4470bb87d77b963a013db939be332f927f2b992e,0x6c0177f23a007a01eb973d454e5d90aa671ecd71ef67f469a077e90860029317
233,835.1304,2.755930477687733,0xff4482de17e729e19d75d70fc005f2e4ba75905f,2017-10-27T15:52:00.000Z,0.0033000001888180974,0x69f9a06cbf2069d529f77007cc6600f252b8851f,buy,0x4470bb87d77b963a013db939be332f927f2b992e,0xc383c0dd6a109acbf0b19296e85d07ca7071d85ff13e50b5551122eec54cf7c0
234,498.4799,1.6449837165335728,0xdd3ad801b603ad644cbf7084de5e8b1ca9cee09e,2017-10-27T15:51:19.000Z,0.003300000093350951,0x69f9a06cbf2069d529f77007cc6600f252b8851f,buy,0x4470bb87d77b963a013db939be332f927f2b992e,0x3047a87d0433ad61be885c9bcc60e8da02127f8fec0d5d66b4dc5539745e71c0
235,831.2823,2.743231774226566,0xff4482de17e729e19d75d70fc005f2e4ba75905f,2017-10-27T15:26:57.000Z,0.003300000221617333,0x69f9a06cbf2069d529f77007cc6600f252b8851f,buy,0x4470bb87d77b963a013db939be332f927f2b992e,0x3a78fc9e1c6f67819350dbf9f4ba44d632a6f6743023482fd4d5cb5b2bc7e0ad
236,947.0641,3.012620372741,0x0b7fd00a8290dbd03a18b1924a8c7ef40ae7068e,2017-10-27T15:01:11.000Z,0.00318101,0x7055f839c6e34fb5ad17e997c4f688348ec412ae,sell,0x4470bb87d77b963a013db939be332f927f2b992e,0x5fe1c9d53af6dc6760af105c310c0de31a862163b1afac0e3456d817f51052a4
237,1000,3.3,0xced732ca92cb4f040239c4e8c85f14acbb5db000,2017-10-27T14:04:43.000Z,0.0033,0x69f9a06cbf2069d529f77007cc6600f252b8851f,buy,0x4470bb87d77b963a013db939be332f927f2b992e,0xd1036acdd0fa7c8ba9843ac79d700a1b1de7430020a088d52683eadfcb37a58e
238,827.4366,2.7305409524155597,0xff4482de17e729e19d75d70fc005f2e4ba75905f,2017-10-27T13:57:23.000Z,0.0033000002083731364,0x69f9a06cbf2069d529f77007cc6600f252b8851f,buy,0x4470bb87d77b963a013db939be332f927f2b992e,0x6f0343dce766ab352062542bc015b86b8e29d3b03c91255a52d4ea3385d800d4
239,28.7379,0.09141526277379,0xced732ca92cb4f040239c4e8c85f14acbb5db000,2017-10-27T13:27:24.000Z,0.0031810001,0x7bae1217553b3696086e0fad286cb52830f0c4a4,sell,0x4470bb87d77b963a013db939be332f927f2b992e,0x9f03f5d03f2b36899b49a7b5fd2cd35448158f8491d20f336293d28533dc00e5
240,46.9647,0.161088921,0x5b4cece20d3874a75053914dae3fc1edf793e8be,2017-10-27T12:28:48.000Z,0.00343,0x7bae1217553b3696086e0fad286cb52830f0c4a4,sell,0x4470bb87d77b963a013db939be332f927f2b992e,0x1d9afdaa46af220c6cc325593c5993e0e40f7457b14d0e53a18f7650c856752f
241,14.8107,0.050800701,0x5b4cece20d3874a75053914dae3fc1edf793e8be,2017-10-27T12:20:07.000Z,0.00343,0xced732ca92cb4f040239c4e8c85f14acbb5db000,sell,0x4470bb87d77b963a013db939be332f927f2b992e,0xea11e2c2390b6ffb3a48506a72f4ea1859fe86091344298505d1cb67d208756f
242,1000,3.41,0x7aa6e2506316f6d613277d4f2f4e4e1dc55e528e,2017-10-27T12:14:43.000Z,0.00341,0x69f9a06cbf2069d529f77007cc6600f252b8851f,buy,0x4470bb87d77b963a013db939be332f927f2b992e,0xd3445fc05d24f1fd89ecbfc85e4792961418bb4aee22951e0c616841be5d2e3f
243,997,3.41971,0x5b4cece20d3874a75053914dae3fc1edf793e8be,2017-10-27T12:14:43.000Z,0.00343,0x7aa6e2506316f6d613277d4f2f4e4e1dc55e528e,sell,0x4470bb87d77b963a013db939be332f927f2b992e,0xd3445fc05d24f1fd89ecbfc85e4792961418bb4aee22951e0c616841be5d2e3f
244,141.5704,0.485586472,0x5b4cece20d3874a75053914dae3fc1edf793e8be,2017-10-27T12:06:11.000Z,0.00343,0xdd3ad801b603ad644cbf7084de5e8b1ca9cee09e,sell,0x4470bb87d77b963a013db939be332f927f2b992e,0x23c4ec950fa0e5127ff2aa63fb9d6383ccacdb8e175601616e86549a44a8e11c
245,485.0372,1.663677596,0x5b4cece20d3874a75053914dae3fc1edf793e8be,2017-10-27T11:59:35.000Z,0.00343,0xdd3ad801b603ad644cbf7084de5e8b1ca9cee09e,sell,0x4470bb87d77b963a013db939be332f927f2b992e,0x8aa136900163852d3d9bba09a6eba9ed23642047cd01d327ce262f9238a6db54
246,192.4568,0.660126824,0x5b4cece20d3874a75053914dae3fc1edf793e8be,2017-10-27T11:58:27.000Z,0.00343,0xd2ea382e498316d91b9de8557670149b479721a0,sell,0x4470bb87d77b963a013db939be332f927f2b992e,0xc9674ce34aa7eaff4625810c7e90b8e31d0c3a40fc494fbc33e66dd30c29123f
247,193.0359,0.6563223999999999,0xd2ea382e498316d91b9de8557670149b479721a0,2017-10-27T11:58:27.000Z,0.0034000017613304047,0x2cf1bc72c2aa695e7f0dac1015cb8d108d43592e,buy,0x4470bb87d77b963a013db939be332f927f2b992e,0xc9674ce34aa7eaff4625810c7e90b8e31d0c3a40fc494fbc33e66dd30c29123f
248,15,0.0495,0xdf7db12ba0a2f3116b4432f5d00c6d493e948534,2017-10-27T09:06:46.000Z,0.0033,0xb2f250beee42f28a217611b703357484fbe17a8d,buy,0x4470bb87d77b963a013db939be332f927f2b992e,0x8da2cd2089e30970ebf25279b6eeebfa67199ec3d5620ef1c6ecc57b0927d0c4
249,375.5313,1.280561733,0x8cf947b055f1d95bd10f9f69e23a38ff557656d6,2017-10-27T08:44:39.000Z,0.00341,0x69f9a06cbf2069d529f77007cc6600f252b8851f,buy,0x4470bb87d77b963a013db939be332f927f2b992e,0x34be882156d84b9afd4f69e40063f9d3673d10f05e6ac7d328b68ed47a20cb90
250,4,0.0132,0xa5195abc99a67b8b32d4148db89d50f563eadc2f,2017-10-27T08:42:20.000Z,0.0033,0xb2f250beee42f28a217611b703357484fbe17a8d,buy,0x4470bb87d77b963a013db939be332f927f2b992e,0x2073cbe365f7d6268e63bc8b22699d23e239c780155b61c7d89c955a6dba36a8
251,299,1.0166,0xfc29f3fc79b81a3cfdf52d152e759f0004bec294,2017-10-27T04:31:48.000Z,0.0034,0xeb73d8f2590f7929d82cc2f832f2c94ce4789fba,buy,0x4470bb87d77b963a013db939be332f927f2b992e,0xc3fbbaebd8ea13109e10a0bd0723d2a286d3ee3b3ef688b4128bc0240ca3bd2b
252,178.3714,0.6082466976936071,0xc38a1796fdbee574907aa7cddf2b6bbbd24ec560,2017-10-27T02:52:22.000Z,0.0034100012540889796,0x69f9a06cbf2069d529f77007cc6600f252b8851f,buy,0x4470bb87d77b963a013db939be332f927f2b992e,0x491970182ec205ef4b8b30e2b13cfdb1e7f15c5bda411a0739c34c56d836fa4b
253,55,0.18755,0x0e68ceec28bf6580bd4e6231084bf23d1c5c4098,2017-10-27T02:52:04.000Z,0.00341,0x69f9a06cbf2069d529f77007cc6600f252b8851f,buy,0x4470bb87d77b963a013db939be332f927f2b992e,0xcf8f71017961e11fa73576ca5b0b313bfabf508442605cf8ccb4a6f11e9aa00a
254,421.039,1.45890013078961,0x2cf4800397c534bcb97231e2321b1692cc97bf3e,2017-10-27T01:10:20.000Z,0.00346499999,0xa7e2affd54d9107bb4eeb951ee5a97bf240961fb,buy,0x4470bb87d77b963a013db939be332f927f2b992e,0x7bf36bca2c0879f8899f1546224579e623cd66b415cd248b54a9fb0b0468a7c3
255,0.1641,0.000523479,0x8cf947b055f1d95bd10f9f69e23a38ff557656d6,2017-10-27T00:56:24.000Z,0.00319,0xf142f26d1cac4ba8a6e6d7974d243eda2fe5f4f9,sell,0x4470bb87d77b963a013db939be332f927f2b992e,0xc0a6dd23f54f1e94bea58a4001409e0da66b3233e7621b4ccdaf9f4393522985
256,1,0.0033,0x94b0bf6dd676f7b4884557735945b927535fd822,2017-10-27T00:22:50.000Z,0.0033,0xa7e2affd54d9107bb4eeb951ee5a97bf240961fb,buy,0x4470bb87d77b963a013db939be332f927f2b992e,0x3a493dc167cba5f1905280184fd800933cc3b38485fa0416773bb3831a896eed
257,47.1743,0.16304553780246636,0xda12d27f66417975f0f77093f946fd2078114036,2017-10-26T21:15:57.000Z,0.0034562365059463813,0xdd3ad801b603ad644cbf7084de5e8b1ca9cee09e,buy,0x4470bb87d77b963a013db939be332f927f2b992e,0xd1124dacf865ca72af01ac6e299f283ea7a58efc2335a783b5b73fb7684c2a22
258,7.3731,0.025504947236466236,0xaaae9672b33333264366d382a790b1608ce30b82,2017-10-26T20:35:35.000Z,0.00345918911129189,0xdd3ad801b603ad644cbf7084de5e8b1ca9cee09e,buy,0x4470bb87d77b963a013db939be332f927f2b992e,0x134212047dc93540404611f69b544d1cc16bd2c1bc86f71267a3b5c1cad89163
259,74.7682,0.238510558,0x8cf947b055f1d95bd10f9f69e23a38ff557656d6,2017-10-26T20:10:02.000Z,0.00319,0x7bae1217553b3696086e0fad286cb52830f0c4a4,sell,0x4470bb87d77b963a013db939be332f927f2b992e,0xd3f22eb8f6b24ed989508090b6d0e96360dcc06beaa71e02d2b2a85cd9c2e65d
260,149.5364,0.477021116,0x8cf947b055f1d95bd10f9f69e23a38ff557656d6,2017-10-26T20:02:58.000Z,0.00319,0x7bae1217553b3696086e0fad286cb52830f0c4a4,sell,0x4470bb87d77b963a013db939be332f927f2b992e,0x8aa56dacc1fc3b819119c7c798f4aa4c20c16b81d1734a07d5472b6bb676f73e
261,222.006,0.6900058016937822,0xdd3ad801b603ad644cbf7084de5e8b1ca9cee09e,2017-10-26T19:27:39.000Z,0.0031080502405060324,0xd227c0b8808fc71f0c50c16f40c0e29bc1e7dfd7,sell,0x4470bb87d77b963a013db939be332f927f2b992e,0xf8523387b9339c13c16c0a48c4794e6787946855d6d7f164f73df9eb07c44d93
262,422,1.340103622,0xa7e2affd54d9107bb4eeb951ee5a97bf240961fb,2017-10-26T19:21:56.000Z,0.003175601,0xd227c0b8808fc71f0c50c16f40c0e29bc1e7dfd7,sell,0x4470bb87d77b963a013db939be332f927f2b992e,0x45418e448598abc1e1f982a3c4aaf06163790d9a6de4dc149a176ed2fea1c0ac
263,116.9623,0.37142547988,0xeb4932499bf0785b6965f10e8ff9a395824502e1,2017-10-26T18:00:40.000Z,0.0031756,0x5b1809d0c696b315574ddb640eef453a1331ff5b,sell,0x4470bb87d77b963a013db939be332f927f2b992e,0xbe7c7d3a9b98f9591d569853bd644d0e5ae56579c8fea1540e1e6300b0482c25
264,19.999,0.065016749,0xaa3f55c0df5c46369031701fdf14af31d2d83487,2017-10-26T17:18:00.000Z,0.003251,0x246a44139502cd3ce09b959da7558655ffef82af,sell,0x4470bb87d77b963a013db939be332f927f2b992e,0xcccb3df9eb8cdcc44392e80359a4dc1fcebf1d31050cd68d88b5b86ac4224e70
265,0.923,0.00319358,0xe3600d44bc0b7696f50a23fe604c5d935386cace,2017-10-26T17:17:32.000Z,0.00346,0x246a44139502cd3ce09b959da7558655ffef82af,sell,0x4470bb87d77b963a013db939be332f927f2b992e,0x472f5aed48e89e224b4674c560a6eff47e14552132c9e6eeb71b4a8828141629
266,21,0.072975,0x246a44139502cd3ce09b959da7558655ffef82af,2017-10-26T17:15:59.000Z,0.003475,0xeb73d8f2590f7929d82cc2f832f2c94ce4789fba,buy,0x4470bb87d77b963a013db939be332f927f2b992e,0x3328de91a6daebd171ae0eb80b76cbc7c923f23202a3dcea9b2ffc98f6ab70f3
267,250,0.86875,0x75c4ee57efc9aa3d939fd41f7c3ad59c649ec9f7,2017-10-26T17:04:55.000Z,0.003475,0xeb73d8f2590f7929d82cc2f832f2c94ce4789fba,buy,0x4470bb87d77b963a013db939be332f927f2b992e,0x14555a9aa619fb3f9fc7d357a7451f708dd47014dba036a6474b67ca37aeaa3c
268,183.677,0.63552242,0xe3600d44bc0b7696f50a23fe604c5d935386cace,2017-10-26T16:53:12.000Z,0.00346,0xdd3ad801b603ad644cbf7084de5e8b1ca9cee09e,sell,0x4470bb87d77b963a013db939be332f927f2b992e,0x57a4982afe2cdca512abfbb9deafad8e62666ae697c124dbf8ee7ec474c88c46
269,388.7944,1.34134068,0xe3600d44bc0b7696f50a23fe604c5d935386cace,2017-10-26T16:35:31.000Z,0.00345,0xa7e2affd54d9107bb4eeb951ee5a97bf240961fb,sell,0x4470bb87d77b963a013db939be332f927f2b992e,0xf6ec2d73924fb7765e3ce686b43734206673c251f668f954d8fcd48026dfb8da
270,700,2.408,0xff4482de17e729e19d75d70fc005f2e4ba75905f,2017-10-26T16:25:13.000Z,0.00344,0xeb73d8f2590f7929d82cc2f832f2c94ce4789fba,buy,0x4470bb87d77b963a013db939be332f927f2b992e,0xc53e291fa737b3ab271134bebccbe8d55305facc22e207b3baec817825f41ce3
271,299.9999,1.030443037407571,0xe3600d44bc0b7696f50a23fe604c5d935386cace,2017-10-26T16:15:29.000Z,0.0034348112696289935,0xdd3ad801b603ad644cbf7084de5e8b1ca9cee09e,buy,0x4470bb87d77b963a013db939be332f927f2b992e,0xa7dd3052f091899291ff6830504c430ba2456af03a562735557806e89d3ebce0
272,0.001,0.000003251,0xaa3f55c0df5c46369031701fdf14af31d2d83487,2017-10-26T13:05:56.000Z,0.003251,0x8b81d80e36e1c2069efb9abb145d434aa68f058b,sell,0x4470bb87d77b963a013db939be332f927f2b992e,0x29aeca956538429f400a792e350b6bc7ef5b26983fc566517e0aa2508a8e78f6
273,390.7885,1.21144435,0x87add8d1b9c51f48999ea310dab4ae40d7bf0d74,2017-10-26T12:57:43.000Z,0.0031,0x8cba8f92256e1e30a8ba70a3dff3e5dfe2a001af,sell,0x4470bb87d77b963a013db939be332f927f2b992e,0x02b59ae57cd2190948f09a5ff921d343ccb1eb935ea00e45b99c4473c6676a56
274,38.7231,0.12004161,0x87add8d1b9c51f48999ea310dab4ae40d7bf0d74,2017-10-26T12:49:45.000Z,0.0031,0xfa436455ee6fbb2df5f18ab3a5856cdc975f5b61,sell,0x4470bb87d77b963a013db939be332f927f2b992e,0xa2e7b294145b9e64b8d1098ecf6c3b1860239697266d2a7da5515ddc813f7173
275,536.8528,1.7458453056,0xb7fc8bf68c1a1268b34748499319a6aae2a2eaa1,2017-10-26T12:47:59.000Z,0.003252,0xfa436455ee6fbb2df5f18ab3a5856cdc975f5b61,sell,0x4470bb87d77b963a013db939be332f927f2b992e,0x38a0ecedea65ce87e406f0478b245e574b0789873d51d8f9c3fbc747359893cc
276,150.7031,0.4900864812,0xb7fc8bf68c1a1268b34748499319a6aae2a2eaa1,2017-10-26T12:45:14.000Z,0.003252,0x3dee4a4e076e8d82859d241db0baf46f112cfa23,sell,0x4470bb87d77b963a013db939be332f927f2b992e,0xa31c2c84cccf639f23689a7710116c0c03e7f6e174bc4eb6438a95bb8d11f67d
277,1270.291,4.12844575,0xeb73d8f2590f7929d82cc2f832f2c94ce4789fba,2017-10-26T12:40:07.000Z,0.00325,0xced732ca92cb4f040239c4e8c85f14acbb5db000,sell,0x4470bb87d77b963a013db939be332f927f2b992e,0x8dec917e052f1b40ebd9c46d585b382cf81bf0ae845f15a82c96450c07825ba2
278,151.1614,0.491578384414,0x3dee4a4e076e8d82859d241db0baf46f112cfa23,2017-10-26T12:34:45.000Z,0.00325201,0x3c3aef0043c8629556d0b20425aca08a1509d1dc,sell,0x4470bb87d77b963a013db939be332f927f2b992e,0xf6deedfcc47621c47a179a38605deaff212a2a84363f74e448307a2d9b3864bb
279,0.9647,0.003357156,0xaac7435b1fcb40bf67cb8c916f5a24278918bc30,2017-10-26T12:33:46.000Z,0.00348,0xb1eefba32d235e0ebf6637a2cbc25525949fc8b9,sell,0x4470bb87d77b963a013db939be332f927f2b992e,0x802ea3039998fb8f7654f8fb0b91c56f4b8c5a79d849579976e0dbfc5c2c9154
280,537.4441,1.7477682132,0xb7fc8bf68c1a1268b34748499319a6aae2a2eaa1,2017-10-26T12:31:25.000Z,0.003252,0xdd3ad801b603ad644cbf7084de5e8b1ca9cee09e,sell,0x4470bb87d77b963a013db939be332f927f2b992e,0x6fca3105c139f9c0f3405d0ce576049ed7d3e2363c41554f6cd733ff469b132f
281,245,0.81095,0xa7d3aa01d021c362143422e32c099a34d5fbe320,2017-10-26T12:23:52.000Z,0.00331,0x3c3aef0043c8629556d0b20425aca08a1509d1dc,sell,0x4470bb87d77b963a013db939be332f927f2b992e,0x02b33aa5e3a01ec905d0554dd069547d076d44708d9abc099cadb1b25317a011
282,100,0.331,0x995cb17d48effe27b4245f6a6412d87ea0492320,2017-10-26T12:23:52.000Z,0.00331,0x3c3aef0043c8629556d0b20425aca08a1509d1dc,sell,0x4470bb87d77b963a013db939be332f927f2b992e,0x69475e3afd1f2e47960252fe3cb475c9eb629275ff8b50ec7d3f8a85bf2c61cb
283,398.3889,1.3222527591,0xb1eefba32d235e0ebf6637a2cbc25525949fc8b9,2017-10-26T12:23:15.000Z,0.003319,0x3c3aef0043c8629556d0b20425aca08a1509d1dc,sell,0x4470bb87d77b963a013db939be332f927f2b992e,0x1b9c02fe07f5335d53d1369537875187aa18a1eb00f7f72c4449ada790261e44
284,200.3,0.6646596963,0xa7e2affd54d9107bb4eeb951ee5a97bf240961fb,2017-10-26T12:23:15.000Z,0.003318321,0x3c3aef0043c8629556d0b20425aca08a1509d1dc,sell,0x4470bb87d77b963a013db939be332f927f2b992e,0x7dbdcf941a2a65db776610ed6e763c22c71f4d6804655d23d571e075ebaabf7e
285,200,0.674,0x2392bf4d922171dfdfd0298df5c3bfbf1f205184,2017-10-26T12:21:18.000Z,0.00337,0xff4914386c4ff36f738ba21b61cfe33892fc2a88,sell,0x4470bb87d77b963a013db939be332f927f2b992e,0xf7ded2ae56a0d1774c4289a2ce6960b487c69224d6db138d9eab8eda9e14a435
286,351.236,1.1854215,0xb1eefba32d235e0ebf6637a2cbc25525949fc8b9,2017-10-26T12:10:21.000Z,0.003375,0xff4914386c4ff36f738ba21b61cfe33892fc2a88,sell,0x4470bb87d77b963a013db939be332f927f2b992e,0xbb62cf6eb0d6089fc6647480698b98ac187ac3f70e3b75b212daa69be8a7b52c
287,191.964,0.66803472,0xaac7435b1fcb40bf67cb8c916f5a24278918bc30,2017-10-26T12:04:36.000Z,0.00348,0xdd3ad801b603ad644cbf7084de5e8b1ca9cee09e,sell,0x4470bb87d77b963a013db939be332f927f2b992e,0x066e14b5602877dae1b3d538e0b29f38d571db13750163f1c94e9d707b928bfc
288,168.7437,0.587228076,0xaac7435b1fcb40bf67cb8c916f5a24278918bc30,2017-10-26T11:46:18.000Z,0.00348,0x5d6fdeab32ea14d9905f5a5e3e32b65c2cfac57e,sell,0x4470bb87d77b963a013db939be332f927f2b992e,0x38ffe332d838dde049e2d9bd61d694c56c726e1deaa2e5a21d3b7bfd8e4b87a6
289,23.3276,0.081180048,0xaac7435b1fcb40bf67cb8c916f5a24278918bc30,2017-10-26T11:23:24.000Z,0.00348,0xca4525d600ac0a5d4c306c1e6ab9202fc1580393,sell,0x4470bb87d77b963a013db939be332f927f2b992e,0xe3dd61a79a0bcfdae49f199f38840b4ba0062035f383e90fbe1c5b19c4924b13
290,400,1.42,0x9aa81488a693cfcfd87404118ef1d1ddfb581558,2017-10-26T10:10:53.000Z,0.00355,0xcafc13a82d2f7156db3c1f978e176221206f384c,buy,0x4470bb87d77b963a013db939be332f927f2b992e,0xcb2920576aaf67e29d65e4044dceb1901be2e680c7aa1a39e6ebf7160b97fe13
291,30,0.1065,0x7fee6294dd67ae2e1bdc110f27fd13e387f00f8d,2017-10-26T09:15:33.000Z,0.00355,0xcafc13a82d2f7156db3c1f978e176221206f384c,buy,0x4470bb87d77b963a013db939be332f927f2b992e,0xad6a5b4bf1124bbb25e80f58be49a7220ec52786e29bb12511aab863043e8498
292,398.7638,1.345827825,0xb1eefba32d235e0ebf6637a2cbc25525949fc8b9,2017-10-26T08:37:53.000Z,0.003375,0xd40cd8ad0879201b4c42b9726078f7d1f58a6bf6,sell,0x4470bb87d77b963a013db939be332f927f2b992e,0x28911d2a5aad5cd08602f4cf6e501fe40d2b9485bb05a598695f48c1f91a9e42
293,100.2894,0.33840150795,0xaac7435b1fcb40bf67cb8c916f5a24278918bc30,2017-10-26T08:06:13.000Z,0.00337425,0x8267b481dfb0e69fa4051ca4fa55f9024a2893e7,sell,0x4470bb87d77b963a013db939be332f927f2b992e,0xa60daeb9eb9a24bc81fef2a85c081a54a25179b0a7a036514b81e4c2a7b88565
294,8,0.0284,0xdd1039d2509345d554200a269b28598fbf4fe954,2017-10-26T04:58:13.000Z,0.00355,0xcafc13a82d2f7156db3c1f978e176221206f384c,buy,0x4470bb87d77b963a013db939be332f927f2b992e,0xde5fae34b9378b8df1dee6d4736c963d9622807a165745008470851f89a6d359
295,98.7,0.3275182827,0xa7e2affd54d9107bb4eeb951ee5a97bf240961fb,2017-10-26T03:07:29.000Z,0.003318321,0xf81074156d2444c72dc0ce13a8b271ef63c7b61a,sell,0x4470bb87d77b963a013db939be332f927f2b992e,0x2e007f57d510aa508d53cd750eb4ad753baa3467db924b4479d7a854903df7bd
296,25.0277,0.0830669363,0x8cba8f92256e1e30a8ba70a3dff3e5dfe2a001af,2017-10-26T01:06:52.000Z,0.003319,0x8267b481dfb0e69fa4051ca4fa55f9024a2893e7,sell,0x4470bb87d77b963a013db939be332f927f2b992e,0xc44ac995f918556355d2d814583c9760b796a578f651d2f8a8d74aedf6ff270e
297,90,0.29864889,0xa7e2affd54d9107bb4eeb951ee5a97bf240961fb,2017-10-26T01:06:52.000Z,0.003318321,0x8267b481dfb0e69fa4051ca4fa55f9024a2893e7,sell,0x4470bb87d77b963a013db939be332f927f2b992e,0xf0e387680d6edbf6ecaeaf05c8b1986bc5e06e19eaf6bdbee13976e134a566b5
298,9,0.0306,0x0e21f3e4415b497348196b2d6fca71473e9e535f,2017-10-26T01:06:32.000Z,0.0034,0x8267b481dfb0e69fa4051ca4fa55f9024a2893e7,sell,0x4470bb87d77b963a013db939be332f927f2b992e,0x98c2e83c5bd4c7360e9df4873e0edf02bcdf9bf7af8d47a82994bf15bebe897c
299,366.9723,1.2179810637,0x8cba8f92256e1e30a8ba70a3dff3e5dfe2a001af,2017-10-25T23:41:44.000Z,0.003319,0x5b2ca2e656fb9ae80a4858aed44a8b04523e6bb5,sell,0x4470bb87d77b963a013db939be332f927f2b992e,0xdc3005afa53a0653fb88d5f93c8c50592674c7f7abab9f7a95f2c44905baf672
300,30,0.10020003,0xf8221bef1fe28ce14536eac1e30905a958f04d23,2017-10-25T23:37:49.000Z,0.003340001,0x5b2ca2e656fb9ae80a4858aed44a8b04523e6bb5,sell,0x4470bb87d77b963a013db939be332f927f2b992e,0xaeddc504b75f37dc5a7e10f26849ab02637dc839cc4c47fe47c0633ce8aeef7c
301,600,2.002662,0x12d00b993bfd0422d6bde9aa63d96e0ab74fb636,2017-10-25T23:37:49.000Z,0.00333777,0x5b2ca2e656fb9ae80a4858aed44a8b04523e6bb5,sell,0x4470bb87d77b963a013db939be332f927f2b992e,0x4c6564f58bac879da05e2a6734744f3f1a7c9817c08802b29f654cf24a293306
302,202.9369,0.677809246,0xff4914386c4ff36f738ba21b61cfe33892fc2a88,2017-10-25T23:32:19.000Z,0.00334,0x1ed014aec47fae44c9e55bac7662c0b78ae61798,sell,0x4470bb87d77b963a013db939be332f927f2b992e,0x4f9d91ec9a89329ff2c3556595bbd16806518d4aca164107e740bf444f68f38b
303,925,3.28375,0x0b90c9aef56233f157e445cd57fd4cba3d075525,2017-10-25T23:22:39.000Z,0.00355,0xcafc13a82d2f7156db3c1f978e176221206f384c,buy,0x4470bb87d77b963a013db939be332f927f2b992e,0xe4c43f7f863068f948eaf9860f42f4fb91ed006c1e97e6b700064d50ec320fa2
304,115,0.40802,0xa7bcdd01cba0eef0b5742d6502e9adbd3ba63174,2017-10-25T23:08:12.000Z,0.003548,0x5f2ce35dca6626c5c934fed00b0c1986156ee9ff,buy,0x4470bb87d77b963a013db939be332f927f2b992e,0x10ef006acba8eb00776b88429533fe5769d55805b3a13112e669640a891afd49
305,30,0.11489994,0x7311c79d77bb97b35aa53f842a15194fdbc57399,2017-10-25T22:31:09.000Z,0.003829998,0xf8221bef1fe28ce14536eac1e30905a958f04d23,buy,0x4470bb87d77b963a013db939be332f927f2b992e,0x529d66d1f3bb5c05bef20b531819dd6f488b393797cee3625febe08a0bda1f86
306,90,0.351,0x01371f79bfb1300b8d9d16af84117969236c4279,2017-10-25T19:50:39.000Z,0.0039,0x7072e2a1bf3b29393b77bc2786dc05da2bf1f18e,buy,0x4470bb87d77b963a013db939be332f927f2b992e,0x8f03ec950b34c2deac40e71f6fe4c23c657880afa2a57bea1a0d3ee914319594
307,0.4489,0.001719282511,0x01371f79bfb1300b8d9d16af84117969236c4279,2017-10-25T19:49:17.000Z,0.00382999,0x951571ecb267b433469ef2c50f4c7b74b1d631f7,buy,0x4470bb87d77b963a013db939be332f927f2b992e,0x7bd6d12856330e85a290219450ef60b593d8794ef8d933cb0b7bc14a1f96f4e0
308,148.25,0.518875,0x01371f79bfb1300b8d9d16af84117969236c4279,2017-10-25T19:38:20.000Z,0.0035,0xeb73d8f2590f7929d82cc2f832f2c94ce4789fba,buy,0x4470bb87d77b963a013db939be332f927f2b992e,0xeea2862ab67ac1f59e8bd5d834df03e0875dcc4e047eafff853d88b95b91cab8
309,513,1.82115,0x5d85424b9aa6ea66b9e86d30351409f91e565257,2017-10-25T16:51:35.000Z,0.00355,0xcafc13a82d2f7156db3c1f978e176221206f384c,buy,0x4470bb87d77b963a013db939be332f927f2b992e,0x5dea1a9f1949cce71795e1c386ba52bcac5d228a80479244a6ed48fcfe206805
310,487,1.70449513,0x5d85424b9aa6ea66b9e86d30351409f91e565257,2017-10-25T16:48:02.000Z,0.00349999,0x951571ecb267b433469ef2c50f4c7b74b1d631f7,buy,0x4470bb87d77b963a013db939be332f927f2b992e,0xb84a53047e29c57e8aea7374c6fba4bfe63bdfc6639aa0f6ea982954c4941ef7
311,617.8423,2.193340242702039,0x4e331c258d5010ee01a235aecfa74270700ca34d,2017-10-25T16:38:36.000Z,0.0035500001257635465,0xcafc13a82d2f7156db3c1f978e176221206f384c,buy,0x4470bb87d77b963a013db939be332f927f2b992e,0x64c636a90075976cf3c57241fa6935ae93f77bd624830e47e3eae3d2982d735f
312,50,0.175,0xb09ff029290a7a5aecb1b08cf61f50e5c1476262,2017-10-25T16:36:15.000Z,0.0035,0xeb73d8f2590f7929d82cc2f832f2c94ce4789fba,buy,0x4470bb87d77b963a013db939be332f927f2b992e,0x9871d9f474451f61c93703f94fb77815888468012333a64842283e40f528edbb
313,94.258,0.3864578,0x3322f11ca9922bfcc669f80b45757216a89b7730,2017-10-25T15:21:29.000Z,0.0041,0x84b9eee80beb6e618d677343c6eff6f3240326e7,buy,0x4470bb87d77b963a013db939be332f927f2b992e,0xdf6702f1ec1529392064d3f31a315d90a3ddc4effea3c2e681b98aa1afc1a976
314,1677.6018,5.888382394256904,0x7fbde6571eca20329f7c81fcac1b8f914495e6a9,2017-10-25T12:53:57.000Z,0.003510000045455902,0xff4914386c4ff36f738ba21b61cfe33892fc2a88,buy,0x4470bb87d77b963a013db939be332f927f2b992e,0x8536d69830457e6f25aec4647114de2e8bad2036b64ee7d9779448509c5671b1
315,315.97,1.0900933403,0x7fbde6571eca20329f7c81fcac1b8f914495e6a9,2017-10-25T12:46:18.000Z,0.00344999,0x9b12d296a33f888e4f636107fbea1468167ff43c,buy,0x4470bb87d77b963a013db939be332f927f2b992e,0x1db0cca1f7ea1e5af17c0ecd86ed4c409f81b0f41ba89bf358e7719ab960e3d6
316,10,0.035,0xc6acc55d93617c64adbe1e6e05dd7a359db6f2b1,2017-10-25T12:44:54.000Z,0.0035,0x9b12d296a33f888e4f636107fbea1468167ff43c,sell,0x4470bb87d77b963a013db939be332f927f2b992e,0xc61edd8109db3c3253a367f65c7e719e8f4ba5275ca44335b81b28a428c25763
317,40,0.1408,0xe1390f11a7d6c2953639e7d6121bd22a508a8bb2,2017-10-25T12:26:44.000Z,0.00352,0xace2f0e2021ed8067a5f64eebd39bff7e67f096e,buy,0x4470bb87d77b963a013db939be332f927f2b992e,0x53f4677d8443270e0c34cf533721ee8867330983d7b7cc2f522f1322231163f4
318,181.169,0.634089507141,0xe1390f11a7d6c2953639e7d6121bd22a508a8bb2,2017-10-25T12:24:48.000Z,0.003499989,0xa7e2affd54d9107bb4eeb951ee5a97bf240961fb,buy,0x4470bb87d77b963a013db939be332f927f2b992e,0xb026d08fcc1630d4cd0d379fbefbb74902e88fb36c8bac6f5d5c565e6770df70
319,187.831,0.657406433859,0x9dd1b3b802fff43f996ffc7f316f739c9ec9a8f4,2017-10-25T11:55:21.000Z,0.003499989,0xa7e2affd54d9107bb4eeb951ee5a97bf240961fb,buy,0x4470bb87d77b963a013db939be332f927f2b992e,0xf0ce4a1cc165c20a666f4dea689fa93386d06a65a99f3c4c894ef10c6beaac88
320,1350,4.6575,0x9dd1b3b802fff43f996ffc7f316f739c9ec9a8f4,2017-10-25T11:46:46.000Z,0.00345,0xff4914386c4ff36f738ba21b61cfe33892fc2a88,buy,0x4470bb87d77b963a013db939be332f927f2b992e,0x1c061c4224202c68ac2f1b3732d132a6993bb43ebe7bf3a6286d9d1a21fdd601
321,742.169,2.55306136,0x9dd1b3b802fff43f996ffc7f316f739c9ec9a8f4,2017-10-25T11:45:53.000Z,0.00344,0x9af723cdc53e63f40881631bd588df2833893246,buy,0x4470bb87d77b963a013db939be332f927f2b992e,0xda0afa352ac508beaf34aaaadd01d29b9aae24dee19ca578df495bc080a5d226
322,860,3.01,0xced2450173480408eeba1cb5461dfa8b4db05c2b,2017-10-25T09:26:10.000Z,0.0035,0xff4914386c4ff36f738ba21b61cfe33892fc2a88,buy,0x4470bb87d77b963a013db939be332f927f2b992e,0x1f89924b3dd72803bd1e5cb33fbc158942d2a636f5b944ffdb08a276a3b00439
323,500,1.7599995,0xaac7435b1fcb40bf67cb8c916f5a24278918bc30,2017-10-25T08:37:50.000Z,0.003519999,0x951571ecb267b433469ef2c50f4c7b74b1d631f7,buy,0x4470bb87d77b963a013db939be332f927f2b992e,0x9bedf10b999f6182dd96e968f5dd71eacedbef04a05a229b455222b413c649cc
324,226,0.79778,0xcac0f1cee7a22905d9c39206c183141163ee311f,2017-10-25T07:04:19.000Z,0.00353,0xff4914386c4ff36f738ba21b61cfe33892fc2a88,buy,0x4470bb87d77b963a013db939be332f927f2b992e,0xe81595dda3bf4b96ba9a1544b797d3dfa6507c67bec83efec4ba0190e6b3aadf
325,100,0.3529,0xb8cd62791040159d17d184f122ac8fd1ed74d185,2017-10-25T07:02:05.000Z,0.003529,0x5f2ce35dca6626c5c934fed00b0c1986156ee9ff,buy,0x4470bb87d77b963a013db939be332f927f2b992e,0xe8c56be584d5c66de4eed698c4100b277f80bef207401d3759bc6f99a8116757
326,100,0.353,0x3c798a94f94f0384e8e3ee26a20472b36172a401,2017-10-25T06:52:35.000Z,0.00353,0xff4914386c4ff36f738ba21b61cfe33892fc2a88,buy,0x4470bb87d77b963a013db939be332f927f2b992e,0x728eb663f1161d0ba35d3692972886ab3ebb818b98b89a0eb9ed273fd661cdec
327,16.2825,0.05425687215,0xaac7435b1fcb40bf67cb8c916f5a24278918bc30,2017-10-25T06:35:42.000Z,0.00333222,0xc232d049a06117c36fda7dd5eaf2829f81f0744c,sell,0x4470bb87d77b963a013db939be332f927f2b992e,0x678dd3a1f3f971fea7d371164a30e6b4d2df1c06b325fa176d9ccba56fbc1d50
328,138,0.455400138,0xb1eefba32d235e0ebf6637a2cbc25525949fc8b9,2017-10-25T05:55:59.000Z,0.003300001,0x163f9e7f2ce20ae1aa9ed59587123db466bbd365,sell,0x4470bb87d77b963a013db939be332f927f2b992e,0x113544ca83a6c088a900021c95fe11d1099c236193b00c99949e7a555a6e3052
329,250,0.885,0x94c5f753ee3e5c59a849f4af205f6663d9c491d6,2017-10-25T04:44:10.000Z,0.00354,0xeb73d8f2590f7929d82cc2f832f2c94ce4789fba,buy,0x4470bb87d77b963a013db939be332f927f2b992e,0x003ea3cc2cdc48150ce6330b630e675642d10efb54782b1a7316ba9343733a44
330,250,0.9574995,0xacc3f43f5a5a4bc67c8dac696ee9eefae4b44ae8,2017-10-25T03:42:41.000Z,0.003829998,0x5f2ce35dca6626c5c934fed00b0c1986156ee9ff,buy,0x4470bb87d77b963a013db939be332f927f2b992e,0x429416f47d1bc55343795ea2220244cec249ed96ad0b7897f9b2531e27815dc7
331,448.2514,1.45681705,0xeb73d8f2590f7929d82cc2f832f2c94ce4789fba,2017-10-25T02:38:29.000Z,0.00325,0x1437ffcb7d51ead3cfc6e0ecfefec253e86e85df,sell,0x4470bb87d77b963a013db939be332f927f2b992e,0x5a5b35b38d690985acf5ea1a53750954944d3a3d34ffc9bef649fb0cdff4a946
332,314.6709,1.035,0xdd3ad801b603ad644cbf7084de5e8b1ca9cee09e,2017-10-25T02:36:13.000Z,0.003289150665028129,0x1437ffcb7d51ead3cfc6e0ecfefec253e86e85df,sell,0x4470bb87d77b963a013db939be332f927f2b992e,0x1bdf08201ead4bdcea9fed73448f890b68dd8211645ac27b21bd7ddb00a2e5e7
333,50.618,0.1700714182,0x5f2ce35dca6626c5c934fed00b0c1986156ee9ff,2017-10-25T02:36:10.000Z,0.0033599,0x1437ffcb7d51ead3cfc6e0ecfefec253e86e85df,sell,0x4470bb87d77b963a013db939be332f927f2b992e,0xc3a7624a17835eebd09942f27561e4b1b8541e4b0f3dbb4c5e0095c36b9a677d
334,0.5952,0.00226176,0xbe77437a8c32bfaad930041258fdc1016acc9c94,2017-10-25T02:18:03.000Z,0.0038,0x1d5321e125f6c7079a716705541c7b371ca79e69,sell,0x4470bb87d77b963a013db939be332f927f2b992e,0xb162d6da5ed44050a1a178ae3e7681ac9ab46463eedb329ac57560c169a8c2ed
335,0.597,0.00220888806,0x1d5321e125f6c7079a716705541c7b371ca79e69,2017-10-25T02:18:03.000Z,0.00369998,0xff4914386c4ff36f738ba21b61cfe33892fc2a88,buy,0x4470bb87d77b963a013db939be332f927f2b992e,0xb162d6da5ed44050a1a178ae3e7681ac9ab46463eedb329ac57560c169a8c2ed
336,0.5,0.00184999,0xe1fa699860444be91d366c21de8fef56e3dec77a,2017-10-25T02:17:58.000Z,0.00369998,0xff4914386c4ff36f738ba21b61cfe33892fc2a88,buy,0x4470bb87d77b963a013db939be332f927f2b992e,0xac0cc8e13b6df2f2fa92d017d81f8f154adacb340823719aa209e1e2e0fd9a3e
337,199,0.73629602,0x273a5d3e6721b9f5c1a6474f560c1334c63dda01,2017-10-25T02:14:53.000Z,0.00369998,0xff4914386c4ff36f738ba21b61cfe33892fc2a88,buy,0x4470bb87d77b963a013db939be332f927f2b992e,0xd5c3ec2b86b89a0e1570f84e712abe058b90acb5fc7698007c7d12c90dfe42c3
338,198.403,0.7539314,0xbe77437a8c32bfaad930041258fdc1016acc9c94,2017-10-25T02:14:53.000Z,0.0038,0x273a5d3e6721b9f5c1a6474f560c1334c63dda01,sell,0x4470bb87d77b963a013db939be332f927f2b992e,0xd5c3ec2b86b89a0e1570f84e712abe058b90acb5fc7698007c7d12c90dfe42c3
339,199.3819,0.66990324581,0x5f2ce35dca6626c5c934fed00b0c1986156ee9ff,2017-10-25T02:08:50.000Z,0.0033599,0x44aed30a299d98b58743ec77f9be643a549c2a66,sell,0x4470bb87d77b963a013db939be332f927f2b992e,0x3648ca9d6b1bc94bcd51c9b8f81db11e386c327dd18a08bd8add33354ada6bb7
340,150,0.554997,0x854cf408849a2463b8713ffb1f157a0df9dc7e12,2017-10-25T02:05:19.000Z,0.00369998,0xff4914386c4ff36f738ba21b61cfe33892fc2a88,buy,0x4470bb87d77b963a013db939be332f927f2b992e,0xaf5a0b1dbc911f714b8c16efd9a380df80e9558bc9e82897a95c88af7fa16c3f
341,2,0.00739996,0xedf5de3807d23e5d85b0caa1e10d52b85c2a6965,2017-10-25T01:42:35.000Z,0.00369998,0xff4914386c4ff36f738ba21b61cfe33892fc2a88,buy,0x4470bb87d77b963a013db939be332f927f2b992e,0xd83e5f7ddf9b49f0ad016d81a32393d7bd1a6ae8d1f78e6e3d7eeeaf4e008e07
342,722.899,2.5301465,0x344231b0bc78ea81f690c466338593e6142c9e09,2017-10-25T01:06:59.000Z,0.0035,0x6e139270673495e964ea23fc3b84fd2b79d35229,sell,0x4470bb87d77b963a013db939be332f927f2b992e,0x41619df6f0d5850e734faa10c695a895610185fba5a27db06195c321b1548c6b
343,251.673,0.880855751673,0x951571ecb267b433469ef2c50f4c7b74b1d631f7,2017-10-25T01:06:43.000Z,0.003500001,0x6e139270673495e964ea23fc3b84fd2b79d35229,sell,0x4470bb87d77b963a013db939be332f927f2b992e,0x4c88e90904587d8d94b73f8ad6e18308880c7ab057dc14a773f14c82a8f043b8
344,300,1.0500015,0x9b12d296a33f888e4f636107fbea1468167ff43c,2017-10-25T01:06:43.000Z,0.003500005,0x6e139270673495e964ea23fc3b84fd2b79d35229,sell,0x4470bb87d77b963a013db939be332f927f2b992e,0x99671443f3328b572d12234d328581293f63fe23a57cecd434129ff599b9049c
345,274,1.01379726,0x1437ffcb7d51ead3cfc6e0ecfefec253e86e85df,2017-10-25T00:28:58.000Z,0.00369999,0x9b12d296a33f888e4f636107fbea1468167ff43c,buy,0x4470bb87d77b963a013db939be332f927f2b992e,0x913040242d72ff615e57cd7adae1b17e37e31a93bf53fafad4c83ae3fc416c6f
346,268.2879,1.017393712985123,0x1437ffcb7d51ead3cfc6e0ecfefec253e86e85df,2017-10-25T00:26:03.000Z,0.003792171443382735,0xdd3ad801b603ad644cbf7084de5e8b1ca9cee09e,buy,0x4470bb87d77b963a013db939be332f927f2b992e,0xb2625bd23f52021eb57f9ffd49becfc6a590178b8667cf713dce4b49cfc1ac89
347,273.7378,1.035,0x1437ffcb7d51ead3cfc6e0ecfefec253e86e85df,2017-10-25T00:22:41.000Z,0.003780990422221556,0xdd3ad801b603ad644cbf7084de5e8b1ca9cee09e,buy,0x4470bb87d77b963a013db939be332f927f2b992e,0xae20a579b852c18a2d95ff35f3ed307976cfd7b0def18a3f8e5c53891d172244
348,277.1009,0.96985315,0x344231b0bc78ea81f690c466338593e6142c9e09,2017-10-24T23:53:34.000Z,0.0035,0xd9b166b458a14bb50a0931b8128006450c247cca,sell,0x4470bb87d77b963a013db939be332f927f2b992e,0x092609c456e207a268bfd6c2b1cb33054d05dddaf5775cfd2f19db62511c2837
349,233.227,0.81682392529,0x344231b0bc78ea81f690c466338593e6142c9e09,2017-10-24T23:53:00.000Z,0.00350227,0x6e139270673495e964ea23fc3b84fd2b79d35229,sell,0x4470bb87d77b963a013db939be332f927f2b992e,0xa32e58da1c261daeec019f53f36d5d6a88617260f14b94f58c4db416c88d273d
350,266.773,0.93431107471,0x344231b0bc78ea81f690c466338593e6142c9e09,2017-10-24T23:18:27.000Z,0.00350227,0x1437ffcb7d51ead3cfc6e0ecfefec253e86e85df,sell,0x4470bb87d77b963a013db939be332f927f2b992e,0xb1087ae4694eb9c688fcc3dbf36eef90b52cb0e4df4eeeaa801b523c47123a7b
351,800,2.84168,0x6bad391397f5f6047d3b6752576ee1a4ae3d2927,2017-10-24T23:16:27.000Z,0.0035521,0x1437ffcb7d51ead3cfc6e0ecfefec253e86e85df,sell,0x4470bb87d77b963a013db939be332f927f2b992e,0x3df194e2e052c7d62ac07594ac3919b7877d98f6796d4e5d118052d34442c78d
352,148,0.5328,0x163f9e7f2ce20ae1aa9ed59587123db466bbd365,2017-10-24T22:57:23.000Z,0.0036,0x6e139270673495e964ea23fc3b84fd2b79d35229,sell,0x4470bb87d77b963a013db939be332f927f2b992e,0xe22da371c2c04a0a2667a0a4d4265fefc8d5064cc9a83758ab53db14879e1358
353,300,1.0740015,0x9b12d296a33f888e4f636107fbea1468167ff43c,2017-10-24T22:48:15.000Z,0.003580005,0x5f2ce35dca6626c5c934fed00b0c1986156ee9ff,sell,0x4470bb87d77b963a013db939be332f927f2b992e,0xd811c067777bae60ca518889a899125a848afed02b24a8f701bd93851ea7a64b
354,9,0.03456,0x9e192690c44493e5dc724b5adfc7099a8e3c324c,2017-10-24T21:22:44.000Z,0.00384,0x93b61130cf0d007a2062d1c8029e84b1b8e4dde5,buy,0x4470bb87d77b963a013db939be332f927f2b992e,0x2cc97dfd56ab7e5e9db4d02b8c6986d0aee1dfcf89c036dafcd74ca81f237754
355,100,0.385,0xb4fe3a0b64a466153b081b1f37bbb020ed7d039d,2017-10-24T21:06:36.000Z,0.00385,0xad8e360975430ebab7f4cba2163e3aecce5afdcb,buy,0x4470bb87d77b963a013db939be332f927f2b992e,0xa775aeda48ea083e2da8802a3d41f729066938c267ee57009797f767a028c41c
356,32.936,0.13174431441376033,0xe29fc5d9ba0a58c38296edf7dc515af32bc3c641,2017-10-24T20:24:21.000Z,0.004000009546203556,0xfddd5d907592b596bae6da6ec5b27fb8ff6686be,buy,0x4470bb87d77b963a013db939be332f927f2b992e,0xaccd5549d9ae17fcca0c4866821e59ec26d877cb0509b33d022db613d0eb2297
357,20,0.0769998,0xb775824a6898addd0d17844a460ccef1309f5dc4,2017-10-24T19:42:13.000Z,0.00384999,0x951571ecb267b433469ef2c50f4c7b74b1d631f7,buy,0x4470bb87d77b963a013db939be332f927f2b992e,0x7a86d89d46d3a06b990857d41956bcc998135f7d6cfd70844bb1d0f67fdba2fd
358,0.006,0.000021228,0x009a12d4290630bc01fd82516ac57c1dc6a9bcfb,2017-10-24T19:31:57.000Z,0.003538,0x0c16bc745fde16093d73b7544d5bf30a1341b796,sell,0x4470bb87d77b963a013db939be332f927f2b992e,0xf648f11e6ea6be5f31fd179f03741de44e8c73e4e327aaba51ceba49e64327f4
359,40,0.152,0xb2f149e8ec8e0fe8408fb7a16da875989eac1d8c,2017-10-24T18:54:57.000Z,0.0038,0xad8e360975430ebab7f4cba2163e3aecce5afdcb,sell,0x4470bb87d77b963a013db939be332f927f2b992e,0x44c72e67059d45bda5b9039fb108e07551a08f642070c4a57df55fd48589ce2d
360,4,0.0154,0x4a7baad55e884ffe3ec376d74e612b4d1138845e,2017-10-24T18:50:37.000Z,0.00385,0xad8e360975430ebab7f4cba2163e3aecce5afdcb,sell,0x4470bb87d77b963a013db939be332f927f2b992e,0xff542f9fd43b612548ee51e35fbcce23ba3901421d18a2382524383162082c46
361,2,0.008,0xaaae9672b33333264366d382a790b1608ce30b82,2017-10-24T16:59:35.000Z,0.004,0xfddd5d907592b596bae6da6ec5b27fb8ff6686be,buy,0x4470bb87d77b963a013db939be332f927f2b992e,0xd97355b16c3ccd0b0da06ce4aac92fcb3efffd58698bda4b8e9420684e500b5b
362,2,0.008,0xaaae9672b33333264366d382a790b1608ce30b82,2017-10-24T16:59:11.000Z,0.004,0xfddd5d907592b596bae6da6ec5b27fb8ff6686be,buy,0x4470bb87d77b963a013db939be332f927f2b992e,0x6096fac4cc1ffa6bfc0c637978fc2ae06d4029f925f998f565bf17fc1512750d
363,407.449,1.507153851,0x951571ecb267b433469ef2c50f4c7b74b1d631f7,2017-10-24T16:23:31.000Z,0.003699,0x96b764f6903a68de91d06a343c8b83d2a45adcf5,buy,0x4470bb87d77b963a013db939be332f927f2b992e,0xe14b7f00b3155054c831abb27abee1d1e11c2fe8fcc7cf4c4e6974b911b3d5ca
364,300,1.152,0x6bad391397f5f6047d3b6752576ee1a4ae3d2927,2017-10-24T16:16:44.000Z,0.00384,0x15636434fa8779ca1895fd3e3bba90139d36a735,buy,0x4470bb87d77b963a013db939be332f927f2b992e,0xc4d285e3a195d8346773a89428cfa8308f7ce590390f6e562f9f126ceed1c143
365,680,2.3936,0xb1eefba32d235e0ebf6637a2cbc25525949fc8b9,2017-10-24T16:15:04.000Z,0.00352,0x96b764f6903a68de91d06a343c8b83d2a45adcf5,sell,0x4470bb87d77b963a013db939be332f927f2b992e,0xf4a424f291db7deaca5caa7ba1b8d34bb03b3b3017c7b977a3efc496e3ebcf58
366,800,2.8096,0x6bad391397f5f6047d3b6752576ee1a4ae3d2927,2017-10-24T15:29:47.000Z,0.003512,0x96b764f6903a68de91d06a343c8b83d2a45adcf5,sell,0x4470bb87d77b963a013db939be332f927f2b992e,0x4d866191865ff6814ec18bc88abcd86c227d1fc040ae33556f0bec43e0412bbd
367,498.4553,1.749578103,0xb1eefba32d235e0ebf6637a2cbc25525949fc8b9,2017-10-24T15:23:55.000Z,0.00351,0xce13c8e11791fc770aaf191fb13c78eec2fb3c16,sell,0x4470bb87d77b963a013db939be332f927f2b992e,0x17021b12b17f397cc94019827aa4ae20253b1c173f19193f6cd2ba5a1d8b082f
368,9.328,0.032648009328,0x951571ecb267b433469ef2c50f4c7b74b1d631f7,2017-10-24T15:06:28.000Z,0.003500001,0x8b81d80e36e1c2069efb9abb145d434aa68f058b,sell,0x4470bb87d77b963a013db939be332f927f2b992e,0x7293b53cc5e0fccc6b6b3d98de1439a6f1b507fe6c5e64999ad4a6e69f446d1e
369,338.9989,1.1864964889989,0x951571ecb267b433469ef2c50f4c7b74b1d631f7,2017-10-24T15:00:40.000Z,0.003500001,0x8b81d80e36e1c2069efb9abb145d434aa68f058b,sell,0x4470bb87d77b963a013db939be332f927f2b992e,0x7bf0746ce471df0589360e48ff01dcb06de54e955a30410311728ed3b05ca8ea
370,298.1485,1.0312154565508196,0xdd3ad801b603ad644cbf7084de5e8b1ca9cee09e,2017-10-24T14:44:29.000Z,0.0034587309899289102,0x7fbde6571eca20329f7c81fcac1b8f914495e6a9,sell,0x4470bb87d77b963a013db939be332f927f2b992e,0x3f72ebd7a14a5e398f7bbbbaeb1416de0e9b5b467991561ce4307a3b9a30939a
371,348.0211,1.14846966480211,0x8be9b4fc633014f520db96c4b75de38954ce6802,2017-10-24T14:01:17.000Z,0.0033000001,0x91412abcf8d65da1e8b46432731788ddbd656531,sell,0x4470bb87d77b963a013db939be332f927f2b992e,0x78db3784dabc38fe5234e6bccb2eef644a53e74f162831f0996e2baaf1a49349
372,300,1.023,0x15636434fa8779ca1895fd3e3bba90139d36a735,2017-10-24T13:49:04.000Z,0.00341,0x91412abcf8d65da1e8b46432731788ddbd656531,sell,0x4470bb87d77b963a013db939be332f927f2b992e,0x0f6676a2a96b2bbd51f9b8d14a5b2bb056b58a9a07b92325e948f046ab26c4da
373,126.4245,0.5533489238980784,0x93f879b96fb79b85d038a78e2d3c6d9a77ea03d0,2017-10-24T13:14:31.000Z,0.004376912100882965,0xdd3ad801b603ad644cbf7084de5e8b1ca9cee09e,buy,0x4470bb87d77b963a013db939be332f927f2b992e,0x878b32a52783e820c5fec13ab186065887446ecc737091a20ef8e4fed5e49e15
374,36.75,0.158025,0x93f879b96fb79b85d038a78e2d3c6d9a77ea03d0,2017-10-24T13:13:48.000Z,0.0043,0x995cb17d48effe27b4245f6a6412d87ea0492320,buy,0x4470bb87d77b963a013db939be332f927f2b992e,0xd6f739dc0c1c9c04d09290769f64ded54e0a41f64437ebd4793bc68b512363c8
375,55.2736,0.196497648,0x6bad391397f5f6047d3b6752576ee1a4ae3d2927,2017-10-24T13:07:37.000Z,0.003555,0x1e20dd2f2be5144e6be5f1b6cdb4c2fe132ab216,sell,0x4470bb87d77b963a013db939be332f927f2b992e,0xc2937a59850f7abd33c441ef65a2965fec2c1bb2e21be666c24b9351765c34dc
376,1873.5871,6.37019614,0xff4914386c4ff36f738ba21b61cfe33892fc2a88,2017-10-24T11:06:52.000Z,0.0034,0x8cd3bec93d81f900f4faef7f40259d392b616a7e,sell,0x4470bb87d77b963a013db939be332f927f2b992e,0x08a43e5dfe0fc73612821f02c2aab0c9307074357fc3e3a6b2274266e466e335
377,330.1758,0.9905274,0x009a12d4290630bc01fd82516ac57c1dc6a9bcfb,2017-10-24T09:29:22.000Z,0.003,0xfcb66c281af9ad2fc8358c0a7ac75e2b95bf0d8e,sell,0x4470bb87d77b963a013db939be332f927f2b992e,0x0487fecd2e7af7cdea08edb7ba8673a221fe76d01211fa848bf463fa991a53f2
378,496.9594,1.4908782,0x009a12d4290630bc01fd82516ac57c1dc6a9bcfb,2017-10-24T09:26:40.000Z,0.003,0x8b81d80e36e1c2069efb9abb145d434aa68f058b,sell,0x4470bb87d77b963a013db939be332f927f2b992e,0xbef23914ddc475e93c0d851dc2b3466e5d47c5414129652d36c82e6a7c622059
379,400,1.32,0xb1eefba32d235e0ebf6637a2cbc25525949fc8b9,2017-10-24T09:25:19.000Z,0.0033,0x8b81d80e36e1c2069efb9abb145d434aa68f058b,sell,0x4470bb87d77b963a013db939be332f927f2b992e,0x8187b7009418ce3259fa47e104ee68b02c8d3c422cea58c265a692666c4fd600
380,100,0.325,0x1fb9f5abd2c8c8e7e34f1738682d76d8704d1f8b,2017-10-24T09:25:19.000Z,0.00325,0x8b81d80e36e1c2069efb9abb145d434aa68f058b,sell,0x4470bb87d77b963a013db939be332f927f2b992e,0x8bc2d08bc40e062a6b1b00309d3b8f814362965d89a9c2d1a5d33d9876908680
381,13.59,0.0496035,0xe6e2ecb3a099ff9e8bbd4173935216e482523340,2017-10-24T09:09:42.000Z,0.00365,0x5f2ce35dca6626c5c934fed00b0c1986156ee9ff,buy,0x4470bb87d77b963a013db939be332f927f2b992e,0xb5b84dd744b98efbf8a7a79dbafba47afcebaa8766e874f027ec0ed6c87e0655
382,292.6399,0.8779197,0xb1eefba32d235e0ebf6637a2cbc25525949fc8b9,2017-10-24T07:11:41.000Z,0.003,0x0248cf74ed50adcf0c050a7ca4136dcb90520f84,sell,0x4470bb87d77b963a013db939be332f927f2b992e,0xe8ea3aee1bd0464ca3c1fd23358f0374f1aa0eda0964235e09cd4bc4f5f1314c
383,14,0.0532,0x48570c9c46e9f296c2e25ccbc5beb7545ec2c3a1,2017-10-24T07:10:05.000Z,0.0038,0x0248cf74ed50adcf0c050a7ca4136dcb90520f84,sell,0x4470bb87d77b963a013db939be332f927f2b992e,0xda368a65e3a9a1c972cd117234d3358d40c7f1e0e1a2967c7deafae6b50215ae
384,343.8035,1.035,0xdd3ad801b603ad644cbf7084de5e8b1ca9cee09e,2017-10-24T07:02:55.000Z,0.003010440556887873,0x0248cf74ed50adcf0c050a7ca4136dcb90520f84,sell,0x4470bb87d77b963a013db939be332f927f2b992e,0xfa3f612360479e0047670587bb0dec76ff84075a013e005351158f6c49b7f8c9
385,3.4958,0.01188572,0xb1eefba32d235e0ebf6637a2cbc25525949fc8b9,2017-10-24T06:58:55.000Z,0.0034,0x0248cf74ed50adcf0c050a7ca4136dcb90520f84,sell,0x4470bb87d77b963a013db939be332f927f2b992e,0xc71cd79672d4726640900fba25a1b964a93af372a2e5f7ca91a2f1eba98135e5
386,20.2372,0.0708302,0x9759ab21a1d72b3061a1108cb8826ce3c8a37f2d,2017-10-24T06:58:01.000Z,0.0035,0x0248cf74ed50adcf0c050a7ca4136dcb90520f84,sell,0x4470bb87d77b963a013db939be332f927f2b992e,0x175ea2837d522e2ad0f204cd00f09996a4a543ba1a5210fef04e49830f879cce
387,291.0311,1.035,0xdd3ad801b603ad644cbf7084de5e8b1ca9cee09e,2017-10-24T06:56:55.000Z,0.003556320956763727,0x0248cf74ed50adcf0c050a7ca4136dcb90520f84,sell,0x4470bb87d77b963a013db939be332f927f2b992e,0x298e6aef544a95bafa6330e35701f03b31befebd0eb277ea5ac818a6742ec1db
388,222,0.81252222,0x3efd9b0bd8e4595bc494539aca584821950106ee,2017-10-24T06:55:48.000Z,0.00366001,0x0248cf74ed50adcf0c050a7ca4136dcb90520f84,sell,0x4470bb87d77b963a013db939be332f927f2b992e,0x7db5f8733fc7591e6871b14dc71e21580b164be5604c10a6d31ba8272a44467c
