,amount,amountBase,buyer,date,price,seller,side,tokenAddr,txHash
0,43,0.7138,0x7762c03ff6292875f24c634cde56cee2aec86270,2017-11-02T13:11:11.000Z,0.0166,0x1eaa18a0e964d346f2b5182be3f97d7aab5145b9,buy,0xb7cb1c96db6b22b0d3d9536e0108d062bd488f74,0x8705f581169f22c2941f51d0ac6381687f3ebfd76bcbdc52fcf1935221bf72a4
1,0.6367398538271657,0.010315185632000083,0x80762d911af19e62920fa2c7939bf0146963981a,2017-11-02T12:52:02.000Z,0.0162,0xdeb7cce1d1fc7f8b7a9573352f2ad71597dabaf1,sell,0xb7cb1c96db6b22b0d3d9536e0108d062bd488f74,0x1a0c342ce937fb24eb26dd24a641f687459a91e061387c903a61cbc1ac965d8f
2,1.1489298795180722,0.019072236,0xa3490c145a1eca9eeeda137188da714df23e7a8d,2017-11-02T12:51:42.000Z,0.0166,0xdeb7cce1d1fc7f8b7a9573352f2ad71597dabaf1,sell,0xb7cb1c96db6b22b0d3d9536e0108d062bd488f74,0xad58ee4120e60dc027e3598f7bd8945a6e5dd2965f076e8001521728d60fe1d7
3,0.18,0.003051,0x6ab82901482016b1e639a73b02d67454382dbfb3,2017-11-02T12:51:21.000Z,0.01695,0xdeb7cce1d1fc7f8b7a9573352f2ad71597dabaf1,sell,0xb7cb1c96db6b22b0d3d9536e0108d062bd488f74,0xce78e84dfd3cfcb179b393f5a821ff35865548ffb617b9537dd5ae18463a759e
4,207.9987516802204,3.1203976887041702,0x1eaa18a0e964d346f2b5182be3f97d7aab5145b9,2017-11-02T12:45:57.000Z,0.015002002,0x0248cf74ed50adcf0c050a7ca4136dcb90520f84,sell,0xb7cb1c96db6b22b0d3d9536e0108d062bd488f74,0xc5adf504d2acbee000af3e3752f829f7328401033ee91fe3bea0d4df92c30fe8
5,1,0.017,0x75ba5e97caf179995b5383d91bdd9eade220c553,2017-11-02T12:40:08.000Z,0.017,0x0248cf74ed50adcf0c050a7ca4136dcb90520f84,sell,0xb7cb1c96db6b22b0d3d9536e0108d062bd488f74,0x3f42a9b79443b7c51248ffcc1dd99ae8cc99c84178fa4dbddda16c826e1f5a5d
6,60,1.008,0xf44072eda87ede9613b6ae1b812de8a60ade27a2,2017-11-02T12:27:20.000Z,0.0168,0x1be5e64f9d12be1319c841b946d59f444c61b9a5,buy,0xb7cb1c96db6b22b0d3d9536e0108d062bd488f74,0x5e334307516df763c967ac99ad210cd910f3fce97683d66db1171c9d99d1fa8a
7,59.82,1.013949,0x6ab82901482016b1e639a73b02d67454382dbfb3,2017-11-02T12:27:20.000Z,0.01695,0xf44072eda87ede9613b6ae1b812de8a60ade27a2,sell,0xb7cb1c96db6b22b0d3d9536e0108d062bd488f74,0x5e334307516df763c967ac99ad210cd910f3fce97683d66db1171c9d99d1fa8a
8,19.97,0.335496,0x5efdca26e7cbb98c4f23a46d7a724c6c9148d0cf,2017-11-02T12:24:16.000Z,0.0168,0xcd03e8b9dcbfb3100de5b01d5bf6fd499a12bac4,buy,0xb7cb1c96db6b22b0d3d9536e0108d062bd488f74,0xcef8e5380c75054869193ed15005bacb5bf368445f2496c30293c156dbfb543e
9,200,3.102,0x80762d911af19e62920fa2c7939bf0146963981a,2017-11-02T11:19:03.000Z,0.01551,0x4121bd8ab6219b43af31686347a8fad622dba135,sell,0xb7cb1c96db6b22b0d3d9536e0108d062bd488f74,0x189212fa12d9cdf809fdf1eef214cb6275bfd6d230775ea5d05e5190fd3ac681
10,41.963,0.6504265,0x9fa1621d504640fe0bd3105252b66788c668223a,2017-11-02T11:12:23.000Z,0.0155,0x1be5e64f9d12be1319c841b946d59f444c61b9a5,sell,0xb7cb1c96db6b22b0d3d9536e0108d062bd488f74,0xae025f4c7549bb86269bde31a2be6aea44cd0861bd3e4a5f761ee0a133d2b84c
11,100,1.54,0x07a2b0a6dda237e9689fb9ee5ad82564848219d5,2017-11-02T11:12:23.000Z,0.0154,0x1be5e64f9d12be1319c841b946d59f444c61b9a5,sell,0xb7cb1c96db6b22b0d3d9536e0108d062bd488f74,0x0a6332ae83de7e4afd1a59763037f7def97a87394a4d85f215f1bfee7d01bd04
12,20,0.32,0x477ebc76482312877ea4727163b883d481bbf4fd,2017-11-02T11:11:37.000Z,0.016,0x1be5e64f9d12be1319c841b946d59f444c61b9a5,sell,0xb7cb1c96db6b22b0d3d9536e0108d062bd488f74,0x7d1af48523fa2cc350e4c3f9b3581d67a4fbe462625f251281b242eb7c7e27af
13,20,0.326,0x477ebc76482312877ea4727163b883d481bbf4fd,2017-11-02T11:11:37.000Z,0.0163,0x1be5e64f9d12be1319c841b946d59f444c61b9a5,sell,0xb7cb1c96db6b22b0d3d9536e0108d062bd488f74,0xe2e5d04d60753e0e9dcf80e77a5cfd50ad5208ea05390fbb21df1b3cd08f49e5
14,200,3.2,0x80762d911af19e62920fa2c7939bf0146963981a,2017-11-02T11:10:34.000Z,0.016,0x1be5e64f9d12be1319c841b946d59f444c61b9a5,sell,0xb7cb1c96db6b22b0d3d9536e0108d062bd488f74,0x815ba2f8927976fd8fd0627ab68de9573570474379ee71937b52b21a3453745a
15,11,0.1923789989,0x2bd8e3040265f729d6fee3d80a19dad7a5724abf,2017-11-02T10:44:29.000Z,0.0174889999,0x21de9e523991ccb64c665315af72c7d0564e049b,buy,0xb7cb1c96db6b22b0d3d9536e0108d062bd488f74,0x566b662f924130a32fa469ce9998bd6fe64ba790cad8fb3552bfe8a02be80841
16,10,0.17,0xbd4ccb290181b5d7d071b20c4f530e632b1ef7ab,2017-11-02T10:07:42.000Z,0.017,0xcd03e8b9dcbfb3100de5b01d5bf6fd499a12bac4,sell,0xb7cb1c96db6b22b0d3d9536e0108d062bd488f74,0xde191dbc6a496af50acf6c5fb00855baba7b6cc897ba782bf490c781aeb61e45
17,2,0.034,0xbe46dbbc1e3dafd0cbda9f40f0839d7aa4e8d659,2017-11-02T10:06:34.000Z,0.017,0xecac176f9e75432a93cb516727173d9be46080d4,buy,0xb7cb1c96db6b22b0d3d9536e0108d062bd488f74,0x3a2a749428531abf3ec24a4f26d3431c3ce7f4088830b365bd6f452527eb0093
18,14.265417632519933,0.24948788754859935,0x2485921f79226d8d2d1577e2981d23cb44ed67ee,2017-11-02T08:27:34.000Z,0.0174889999,0x21de9e523991ccb64c665315af72c7d0564e049b,buy,0xb7cb1c96db6b22b0d3d9536e0108d062bd488f74,0x885d1fcbf3fc956897b79742939eed020ee12dbaf0bf3486aea62385587513cb
19,5,0.23495,0xd54bf09532648e998f4f56e3d5b354395a8f9e29,2017-11-02T08:04:23.000Z,0.04699,0xaf318ec14c84bdb5b7f02db14154cc6b60e0b790,buy,0xb7cb1c96db6b22b0d3d9536e0108d062bd488f74,0xcbab85daf72c57aef3a25a65ab60a16dfde984ada47ddf71ed49d2aab9be955d
20,299.3632601461728,4.849684814368,0x80762d911af19e62920fa2c7939bf0146963981a,2017-11-02T07:56:06.000Z,0.0162,0x4121bd8ab6219b43af31686347a8fad622dba135,sell,0xb7cb1c96db6b22b0d3d9536e0108d062bd488f74,0xf68ea9514bca42b09c96cd5b6cc429b518a13eeee4753de02f8ae34998e629ab
21,10,0.1672,0x4be7bced82b314ad60dc69274a75757e7d5d93a3,2017-11-02T07:54:21.000Z,0.01672,0x1be5e64f9d12be1319c841b946d59f444c61b9a5,sell,0xb7cb1c96db6b22b0d3d9536e0108d062bd488f74,0xe3653b4daec196acfe6edc4f70021eeb24c003bcb9b9f0d4a1463a3e3d45577d
22,115.48,1.90542,0x80762d911af19e62920fa2c7939bf0146963981a,2017-11-02T07:51:04.000Z,0.0165,0x1be5e64f9d12be1319c841b946d59f444c61b9a5,sell,0xb7cb1c96db6b22b0d3d9536e0108d062bd488f74,0x739c094d0a0017e2168ea558eb8d21f35c7e3a26002562e07670e984f5a3f8c3
23,200,3.34,0x07a2b0a6dda237e9689fb9ee5ad82564848219d5,2017-11-02T07:49:20.000Z,0.0167,0x1be5e64f9d12be1319c841b946d59f444c61b9a5,sell,0xb7cb1c96db6b22b0d3d9536e0108d062bd488f74,0xe6de2d8aa697aee7eaa13161b15c496261d6c3c8897a56aa4361aea2793cff6b
24,14.3,0.2500927,0x9ffced327a1a845ea530ecbac06443f842218420,2017-11-02T07:35:15.000Z,0.017489,0x1be5e64f9d12be1319c841b946d59f444c61b9a5,sell,0xb7cb1c96db6b22b0d3d9536e0108d062bd488f74,0x5482b5d9ccb2859a57b421a3a0d81458e95ce7df7e5bbf81ae6f8a9a48cffd35
25,60.946828002668276,1.0360960760453606,0x3cb319e3dc7432c795b70ffaa05e90ba46107305,2017-11-02T07:16:52.000Z,0.017,0x1be5e64f9d12be1319c841b946d59f444c61b9a5,sell,0xb7cb1c96db6b22b0d3d9536e0108d062bd488f74,0x9ed031c698318fd5100c655211b9672e59f7387c052b4688ac692213a44d02ff
26,13.138592159807217,0.22729764436466485,0x81c2976c8637f6f3610050f20b58287d84cc5a53,2017-11-02T07:16:31.000Z,0.0173,0x1be5e64f9d12be1319c841b946d59f444c61b9a5,sell,0xb7cb1c96db6b22b0d3d9536e0108d062bd488f74,0xd3de515f5f10ccc20576913dd09aad4303ed7be48633d67d36a387431c7f6dab
27,0.1244078401927829,0.002152255635335144,0x81c2976c8637f6f3610050f20b58287d84cc5a53,2017-11-02T06:39:04.000Z,0.0173,0xe41ba7cfb98a58305596d551a87d37960f5f532a,sell,0xb7cb1c96db6b22b0d3d9536e0108d062bd488f74,0x7a5a5874f9c2c7cad22e7224f3bf00001d5b47d26111363323af06c4e2c9ef4c
28,37.63162390138957,0.6999482045658458,0x3c53a3d8c2e6202b1e097217d55516dee02172f6,2017-11-02T05:25:24.000Z,0.0186,0xe41ba7cfb98a58305596d551a87d37960f5f532a,buy,0xb7cb1c96db6b22b0d3d9536e0108d062bd488f74,0x061b76f2e38e77437bf0b41c8cbb91d748c14fd5679ca37b7bb43f4e32a245c4
29,5,0.087445,0x3153b0e03e7544e72250188b06979f1a97a188d2,2017-11-02T04:44:01.000Z,0.017489,0x4121bd8ab6219b43af31686347a8fad622dba135,buy,0xb7cb1c96db6b22b0d3d9536e0108d062bd488f74,0x047e758c4e9760b126018fc29f9459db6f6d30d4d3f16fc9834dd86365a5d288
30,84.51993834916505,1.3945789827612232,0x80762d911af19e62920fa2c7939bf0146963981a,2017-11-02T04:03:06.000Z,0.0165,0x1f782d0194cd7cdd06961f8852575fe85dc64592,sell,0xb7cb1c96db6b22b0d3d9536e0108d062bd488f74,0x81d8ec49564302b53ccae26cbbca55214fffdaba52da86640fea36d980ebf7ec
31,59.5,0.952,0xcc2c7e6f865bdc3c8c8ef05f480d34edff43e8b0,2017-11-02T02:31:33.000Z,0.016,0x141605c92a5e23a375733d0ec559ccea2e6229de,sell,0xb7cb1c96db6b22b0d3d9536e0108d062bd488f74,0xe072a3beed14f327a5ddd3d950df8aa11d03580963503e1d5bb067188a9a5932
32,0.212,0.0035616,0x26af6b0e757054f09c254820205518023544e869,2017-11-02T02:28:26.000Z,0.0168,0x23c09abbc301e4bd6396548f5f6005ab345afb7e,buy,0xb7cb1c96db6b22b0d3d9536e0108d062bd488f74,0xad37b08626c0233c142f55ecccc39329e2dc2c0673c44901298390112c4727fd
33,200,3.2112,0x0248cf74ed50adcf0c050a7ca4136dcb90520f84,2017-11-02T02:23:24.000Z,0.016056,0x141605c92a5e23a375733d0ec559ccea2e6229de,sell,0xb7cb1c96db6b22b0d3d9536e0108d062bd488f74,0x172bc473caaaca1adf04c2ea7a50f8f796ef16e99c2474282c3b62002b89b205
34,7.9752766424085335,0.11964510018941282,0xa59fb839e80142c9d0515155702d35f9dce4439e,2017-11-02T01:48:17.000Z,0.015002,0x9cbe6dde0c603fee6dd45dda86fa6dfb33f6dd37,sell,0xb7cb1c96db6b22b0d3d9536e0108d062bd488f74,0xa1eb17b57294d1cfd6ef2412a2053c814b1f08004afde7f1a5247dba67df40f7
35,19,0.3135,0xd33e0d4e8eb5fb98b04bad1bddb7060c29c1eb0e,2017-11-02T01:21:53.000Z,0.0165,0xbd89eff33fc19ac54205701506c875248cf7c52d,buy,0xb7cb1c96db6b22b0d3d9536e0108d062bd488f74,0x4eb2007505e5b582277c828925049ae0d7bc8f164f266b8f394b21fd6925ffab
36,0.003342751258071322,0.000058535254897963,0x9afcca46b663bda84aa1bb420ad3a35a706e9d39,2017-11-02T00:59:07.000Z,0.017511100999999706,0x0c8a9ea8a3844253eceb6a0301d7901119a6da8d,sell,0xb7cb1c96db6b22b0d3d9536e0108d062bd488f74,0x5b3f41c2aa05d3839965ea56687d6773ce77425927ca8ed7f5855812c12a3a40
37,0.003352779511845562,0.00005666197375019,0x0c8a9ea8a3844253eceb6a0301d7901119a6da8d,2017-11-02T00:59:07.000Z,0.016900000000000002,0x82af6f6edd116fbf357aa5bb7668f58f969f723c,buy,0xb7cb1c96db6b22b0d3d9536e0108d062bd488f74,0x5b3f41c2aa05d3839965ea56687d6773ce77425927ca8ed7f5855812c12a3a40
38,1.1109076680990275,0.019453216377756547,0x9afcca46b663bda84aa1bb420ad3a35a706e9d39,2017-11-02T00:58:57.000Z,0.017511101,0x273a5d3e6721b9f5c1a6474f560c1334c63dda01,sell,0xb7cb1c96db6b22b0d3d9536e0108d062bd488f74,0x66ca712a7f644234064f18f90f9c68e14e0afa67a75429695e1faff3bdd1941f
39,1.1142504193570986,0.018496556961327838,0x273a5d3e6721b9f5c1a6474f560c1334c63dda01,2017-11-02T00:58:57.000Z,0.0166,0x23c09abbc301e4bd6396548f5f6005ab345afb7e,buy,0xb7cb1c96db6b22b0d3d9536e0108d062bd488f74,0x66ca712a7f644234064f18f90f9c68e14e0afa67a75429695e1faff3bdd1941f
40,62.4,0.998401248,0x24d7ed32eb93c8446e99a06b7f50e77ea4f8b299,2017-11-02T00:47:13.000Z,0.01600002,0x82af6f6edd116fbf357aa5bb7668f58f969f723c,sell,0xb7cb1c96db6b22b0d3d9536e0108d062bd488f74,0xbb1a0eccf3c5742cb0fa5070a5e47e7aeb4da83c8a3d2c74b5c8c058031a1bf0
41,61,0.986724471,0x518dc982aece497c2503260010c89f6323493472,2017-11-02T00:44:32.000Z,0.016175811,0xe41ba7cfb98a58305596d551a87d37960f5f532a,sell,0xb7cb1c96db6b22b0d3d9536e0108d062bd488f74,0x45d6ebb9b210aebce18cf93e60488d847e6080345d5095bac9cadd463a1a64a7
42,30,0.501,0x06811a2b589d9a80d20925ab683a32ef796b4648,2017-11-02T00:44:02.000Z,0.0167,0xe41ba7cfb98a58305596d551a87d37960f5f532a,sell,0xb7cb1c96db6b22b0d3d9536e0108d062bd488f74,0xb04ef184f7c920bd8edb08245e31f6a392bd716d3ed3ce09b504d93731a680fa
43,1200,20.16,0x185b7a204a33aea45f6eac9923a3207d6f8ab02e,2017-11-02T00:43:04.000Z,0.0168,0xfbb4fbc6d467ea31621724a8460ab7a58fad7055,sell,0xb7cb1c96db6b22b0d3d9536e0108d062bd488f74,0xb55df065c8e79a471fbe383f08d8f44fbad9475db968399e96a8082fa2acf0a3
44,88.12749462365167,1.5950988399386328,0x54343e7cd53d95105935396073e2ac6aa488915c,2017-11-02T00:38:52.000Z,0.0180999,0xa59fb839e80142c9d0515155702d35f9dce4439e,buy,0xb7cb1c96db6b22b0d3d9536e0108d062bd488f74,0xe5ffa07c694dc3436fdf4fdce26e911af0ddc2ab19323e3ec39d6ea9a318f50b
45,1.9852983096385963,0.03476462222962737,0x936efab40ca56398c9109497309c2fd391450bd8,2017-11-02T00:37:50.000Z,0.017511032,0xbd89eff33fc19ac54205701506c875248cf7c52d,buy,0xb7cb1c96db6b22b0d3d9536e0108d062bd488f74,0xdd5db05ef9ed0353853775bdec8198ccd91b3370c4d52d47aa038886f21cab35
46,100,1.7,0x086aa4b5717ac85edffb76fc22130e52dbe9544b,2017-11-02T00:14:46.000Z,0.017,0xfbb4fbc6d467ea31621724a8460ab7a58fad7055,sell,0xb7cb1c96db6b22b0d3d9536e0108d062bd488f74,0x090b678381134a3e87dc91e38e8172bfdead9f5e04ff554ef35b97de2df90105
47,30,0.522,0xcd03e8b9dcbfb3100de5b01d5bf6fd499a12bac4,2017-11-02T00:14:29.000Z,0.0174,0xfbb4fbc6d467ea31621724a8460ab7a58fad7055,sell,0xb7cb1c96db6b22b0d3d9536e0108d062bd488f74,0x397338ac906998bfae6ac819f991dd77d4b72771e29c9b8178cbd279d7e9fade
48,2.511,0.043942497489,0xecb8c1ff6cb58be2b2b13639b99abbbe912271e2,2017-11-02T00:14:23.000Z,0.017499999,0xfbb4fbc6d467ea31621724a8460ab7a58fad7055,sell,0xb7cb1c96db6b22b0d3d9536e0108d062bd488f74,0x7ce1ebe203c4d17035d89736fca4e655e6d7c06f3e2b51a4d87edd312353e2b7
49,6,0.1308,0xb3ddf3a756d4861533a749e67a42765ffcb9c981,2017-11-01T23:23:05.000Z,0.0218,0xeb73d8f2590f7929d82cc2f832f2c94ce4789fba,buy,0xb7cb1c96db6b22b0d3d9536e0108d062bd488f74,0x5e73dba124d0b0ec99e465c52d6f5528b94d0e82854cb36d53b801e692e1cecb
50,0.31061675697614843,0.005622163301268287,0x94c677110b22a5263413b6ddffacd2d06f2a6100,2017-11-01T22:43:27.000Z,0.0181,0x5a91def498b2dd9c6995f92e03412574ad8c1672,buy,0xb7cb1c96db6b22b0d3d9536e0108d062bd488f74,0x5c122ef72108c750953f16f97d26a99c1a8c2f88cb504b9e2eb567ce7ebc0f02
51,0.07796,0.00136516543396,0x94c677110b22a5263413b6ddffacd2d06f2a6100,2017-11-01T22:40:31.000Z,0.017511101,0xecac176f9e75432a93cb516727173d9be46080d4,buy,0xb7cb1c96db6b22b0d3d9536e0108d062bd488f74,0x97533d57a9e240a4eab15f5de033be05f0aba5d82527b90344ec20401b1d02a0
52,10,0.175,0xa49fdb01b57e943999aade25262cca6fc7f1b94f,2017-11-01T21:59:21.000Z,0.0175,0x0248cf74ed50adcf0c050a7ca4136dcb90520f84,sell,0xb7cb1c96db6b22b0d3d9536e0108d062bd488f74,0xe828249cd3ecd6c9120402e5859b08f53938b68144dbbf906947c2a67f58d880
53,9,0.15768,0x5a91def498b2dd9c6995f92e03412574ad8c1672,2017-11-01T21:59:15.000Z,0.01752,0x0248cf74ed50adcf0c050a7ca4136dcb90520f84,sell,0xb7cb1c96db6b22b0d3d9536e0108d062bd488f74,0xd600d43bbcbc1c710a7897e28d697bcd3f0c17165b6c156fd55a3355fb8f52ef
54,17.032,0.29806,0x7987b5cf4369baba978aa9869fdf5dbbf8d732a6,2017-11-01T21:57:47.000Z,0.0175,0x0248cf74ed50adcf0c050a7ca4136dcb90520f84,sell,0xb7cb1c96db6b22b0d3d9536e0108d062bd488f74,0x50e5da8f7f4d49db36309d0ad0a32044f81a16c02ad5fdbfc925aafe69a7d3cf
55,24.256,0.424479975744,0x03c9bdfa724ad71e42810f5a681cb27f2f663b02,2017-11-01T21:57:47.000Z,0.017499999,0x0248cf74ed50adcf0c050a7ca4136dcb90520f84,sell,0xb7cb1c96db6b22b0d3d9536e0108d062bd488f74,0x5f28770e8f456a5ffc60465a2b7bfd3a006cea2bf55e81a0392b579047c73e36
56,0.9679129718758746,0.016938477007827805,0x7987b5cf4369baba978aa9869fdf5dbbf8d732a6,2017-11-01T21:53:41.000Z,0.017499999999999998,0x136189e2edd46d3d181109df2d71bfd5f1ba1ccf,sell,0xb7cb1c96db6b22b0d3d9536e0108d062bd488f74,0x18e267d4750734a7bece528aff847dc8d2a0cfa7a26e65470ca25d5a730b228f
57,40,0.7004,0xd3e57a594ad8fb2491450f9c7a507e4d3cd4c1da,2017-11-01T21:52:07.000Z,0.01751,0x136189e2edd46d3d181109df2d71bfd5f1ba1ccf,sell,0xb7cb1c96db6b22b0d3d9536e0108d062bd488f74,0x330fe9662be630a8cfba8b58e1bd62d25b50f6f5d2e83734b9dd52e63959111e
58,27.67278913051975,0.48457818279174225,0x4742f2fc0085bd92ab4a51247ae04485fd93cb3d,2017-11-01T21:51:01.000Z,0.017510999,0x136189e2edd46d3d181109df2d71bfd5f1ba1ccf,sell,0xb7cb1c96db6b22b0d3d9536e0108d062bd488f74,0xe2f6ba678ffebac3453256ebd9506fa35f8b430f4ece865cdce2cd61b43d164d
59,50,0.87555,0x9fa1621d504640fe0bd3105252b66788c668223a,2017-11-01T21:51:01.000Z,0.017511,0x0248cf74ed50adcf0c050a7ca4136dcb90520f84,sell,0xb7cb1c96db6b22b0d3d9536e0108d062bd488f74,0x83edcd35d367f4e5fdc034da20111eda15355eb20d4644625d270cd1f0c280da
60,31,0.545600031,0x9afcca46b663bda84aa1bb420ad3a35a706e9d39,2017-11-01T21:49:18.000Z,0.017600001,0x136189e2edd46d3d181109df2d71bfd5f1ba1ccf,sell,0xb7cb1c96db6b22b0d3d9536e0108d062bd488f74,0xedb470d10af41304c4660c83b41becb4a1bcebfcfc96006b72ff53bfd4f34e48
61,0.093,0.0017298,0xac01f02587b18b034716ea59e6d2a01ff0dd486e,2017-11-01T21:49:10.000Z,0.0186,0x136189e2edd46d3d181109df2d71bfd5f1ba1ccf,sell,0xb7cb1c96db6b22b0d3d9536e0108d062bd488f74,0x31da5ab48c2bc486024609084752e6c3e548b42ef8f0ee51ff813420dfae1344
62,50,0.93,0xbeafd36577f57717257aa13202980be1670dbeed,2017-11-01T20:16:45.000Z,0.0186,0x1eaa18a0e964d346f2b5182be3f97d7aab5145b9,buy,0xb7cb1c96db6b22b0d3d9536e0108d062bd488f74,0x61199020a3e9a081ac453b1fdfabdc15f385f9f428f39abc7d4c41114d03d60f
63,8,0.1488,0x4d8063b39be029c9cd2f9d1e2e19d04ca2ce4a27,2017-11-01T19:59:43.000Z,0.0186,0x1eaa18a0e964d346f2b5182be3f97d7aab5145b9,buy,0xb7cb1c96db6b22b0d3d9536e0108d062bd488f74,0xbf0dd8a610e0b45a6f56f75fef4745bdc7878d2a3cda452f2f31c8229b11215b
64,0.789,0.013816179,0x605b9b2c7a5da2d159916c3468a5f75962365f10,2017-11-01T19:50:35.000Z,0.017511,0xd3ef7fa9e1042d5c27193ed955ffe655561bc66a,buy,0xb7cb1c96db6b22b0d3d9536e0108d062bd488f74,0x2b0f55e7ec8669a81c6767f05d230a33f1f7733f6e464d64bdb3aaa069f4af90
65,6.5,0.121548375,0x4d8063b39be029c9cd2f9d1e2e19d04ca2ce4a27,2017-11-01T19:35:15.000Z,0.01869975,0xa59fb839e80142c9d0515155702d35f9dce4439e,buy,0xb7cb1c96db6b22b0d3d9536e0108d062bd488f74,0x070b6c95eed8d83981a8178cbfafb540ed8e1fcda31a009a355d4e250a072365
66,14.373,0.270210948327,0xb7cac43fcf1d3babe5c2d6f79c604fa3c9cc19f6,2017-11-01T18:39:38.000Z,0.018799899,0x21d542b6403c2d4406494bdac9db0cbedcbe91da,buy,0xb7cb1c96db6b22b0d3d9536e0108d062bd488f74,0x97e22655aba1557a3f7a00e403efe87199ecf5a90734ce5fb13f3cf1ae6349ed
67,8,0.1504,0x91ee7e6179b1ce84cff129868d05628ca0ecab8e,2017-11-01T17:33:54.000Z,0.0188,0x1eaa18a0e964d346f2b5182be3f97d7aab5145b9,buy,0xb7cb1c96db6b22b0d3d9536e0108d062bd488f74,0x2aaa2269d3d339369c4de06bd620801b93f543f428cdd1a314e0063c5f541d65
68,2.991,0.052417275,0x092410f6c66c761144069911a36a5a14c998cb35,2017-11-01T17:31:54.000Z,0.017525,0x6571fef91fbfdb7fcb9bbeacf8579f69b21ba60d,sell,0xb7cb1c96db6b22b0d3d9536e0108d062bd488f74,0x8c882d7508cf486dbdac5d7873913e8e937a5b46bb4226899e37f5ee992dc0b3
69,4.655604118795262,0.08426643455019424,0x5f08e968d03ed9845409ff05e5e6893589800aa7,2017-11-01T17:19:19.000Z,0.0181,0x092410f6c66c761144069911a36a5a14c998cb35,sell,0xb7cb1c96db6b22b0d3d9536e0108d062bd488f74,0x11764951318e886138fb0e10cc42834e45a8ba57ce080d22f897a581ca3df49f
70,1.5,0.0273,0x036f037aca95ecbc846ff9859ef3a2f20513881f,2017-11-01T17:18:03.000Z,0.0182,0x092410f6c66c761144069911a36a5a14c998cb35,sell,0xb7cb1c96db6b22b0d3d9536e0108d062bd488f74,0xdec2cb7bcdfb53e0aeca7b76a72e9bdd97a1faebb8be7875d7bf225e7a434c49
71,0.024951841361854857,0.000486560906556169,0x06811a2b589d9a80d20925ab683a32ef796b4648,2017-11-01T17:06:35.000Z,0.019499999999999972,0x1d5321e125f6c7079a716705541c7b371ca79e69,sell,0xb7cb1c96db6b22b0d3d9536e0108d062bd488f74,0xb6f1d93772460fe00fbaf071b7c9b5828438d2f60bbe9342be1420b4922633ab
72,0.025026696885940423,0.000473004571144274,0x1d5321e125f6c7079a716705541c7b371ca79e69,2017-11-01T17:06:35.000Z,0.0189,0x1eaa18a0e964d346f2b5182be3f97d7aab5145b9,buy,0xb7cb1c96db6b22b0d3d9536e0108d062bd488f74,0xb6f1d93772460fe00fbaf071b7c9b5828438d2f60bbe9342be1420b4922633ab
73,6.3808,0.11549248,0x5f08e968d03ed9845409ff05e5e6893589800aa7,2017-11-01T17:05:30.000Z,0.0181,0x273a5d3e6721b9f5c1a6474f560c1334c63dda01,sell,0xb7cb1c96db6b22b0d3d9536e0108d062bd488f74,0x98817256c49d459c9dd0cd7eacb36fbaac0f303f10c026a02139e00fd4c33440
74,6.4,0.11199999936,0x273a5d3e6721b9f5c1a6474f560c1334c63dda01,2017-11-01T17:05:30.000Z,0.0174999999,0x9cc890d72512643a49903313ec2b1468558a0f52,buy,0xb7cb1c96db6b22b0d3d9536e0108d062bd488f74,0x98817256c49d459c9dd0cd7eacb36fbaac0f303f10c026a02139e00fd4c33440
75,19.4,0.3685999806,0xc24f0caf11ee68c6cb1d199737d8dae29c0b9d0a,2017-11-01T16:55:36.000Z,0.018999999,0x092410f6c66c761144069911a36a5a14c998cb35,buy,0xb7cb1c96db6b22b0d3d9536e0108d062bd488f74,0x6654158325479eccc971a15d81a749980d5b4f3251822fac09b109866270c97a
76,20,0.37999998,0xc24f0caf11ee68c6cb1d199737d8dae29c0b9d0a,2017-11-01T16:50:46.000Z,0.018999999,0x36ac32b737afb8c3f35056fd8ea1e68cff54208f,buy,0xb7cb1c96db6b22b0d3d9536e0108d062bd488f74,0x08b82cded037ef7381b12d29c97328e6d73293bee4a07c4bc4c1c8691600a885
77,171.31471848347084,2.9980075734607396,0x092410f6c66c761144069911a36a5a14c998cb35,2017-11-01T16:49:13.000Z,0.0175,0x992f06a382fdf68f95d6d62e547effbb985d0b0c,sell,0xb7cb1c96db6b22b0d3d9536e0108d062bd488f74,0xabf9029c5375c53c32303d217738c0489fcc9d40972be6fcbc36de12ddc46559
78,79.39387897517695,1.3893928026717177,0x03c9bdfa724ad71e42810f5a681cb27f2f663b02,2017-11-01T16:06:00.000Z,0.017499999,0x368674b5b7bd3ec1d97954d63ffdbc367166a3ae,sell,0xb7cb1c96db6b22b0d3d9536e0108d062bd488f74,0x4063e8bf24cd73cf7ab8724a0936a0dfc8aa12dc51116658e02f166bdc8fedc6
79,20,0.35200002,0x36ac32b737afb8c3f35056fd8ea1e68cff54208f,2017-11-01T16:04:10.000Z,0.017600001,0x368674b5b7bd3ec1d97954d63ffdbc367166a3ae,sell,0xb7cb1c96db6b22b0d3d9536e0108d062bd488f74,0x7aa4b90cfd2f6a57f1ae8cec578fb7e98b8408b059c4eb52cfa4b4a73f39959f
80,20.042214797664236,0.3948316315139854,0x7837ff6026d4aa9e63d5c3cf1964cdc6d4e02743,2017-11-01T16:03:19.000Z,0.0197,0x4121bd8ab6219b43af31686347a8fad622dba135,buy,0xb7cb1c96db6b22b0d3d9536e0108d062bd488f74,0x032b0917629acc151e4f308da6db55da28b05891b7aa2d3dd450348434969f06
81,100,1.77,0xa2f2d4e46b33489ed6bc645f27a2ab2b01b11d81,2017-11-01T16:03:19.000Z,0.0177,0x368674b5b7bd3ec1d97954d63ffdbc367166a3ae,sell,0xb7cb1c96db6b22b0d3d9536e0108d062bd488f74,0x75ba765e90a03504ac978929129118dafad088867547bf05f86fc6823504308d
82,159,2.8779,0x5f08e968d03ed9845409ff05e5e6893589800aa7,2017-11-01T15:19:24.000Z,0.0181,0xf0a9d42363e187d253c39c22daefb087cb52e6f2,sell,0xb7cb1c96db6b22b0d3d9536e0108d062bd488f74,0xff39ba1b6bb70c3ba353e15a54d9c8676cd2846b91a4eb04e12039f6bfec2be8
83,9.963595881204737,0.18034108544980576,0x5f08e968d03ed9845409ff05e5e6893589800aa7,2017-11-01T15:16:10.000Z,0.0181,0xee3f07980dcadfa90d7d1852d67531d045dbd140,sell,0xb7cb1c96db6b22b0d3d9536e0108d062bd488f74,0x457a35e568d48b40b155521f22cb877031b24cd1b0bd144bbcc52029cfa52acf
84,40,0.7244,0x68198f5253f24b73e9aae42058aae07fbae74680,2017-11-01T15:15:20.000Z,0.01811,0xf0a9d42363e187d253c39c22daefb087cb52e6f2,sell,0xb7cb1c96db6b22b0d3d9536e0108d062bd488f74,0xf2ad4d0435936f35b463596b9c17a2e1510180d250117ee7ec256bcf9d3777cf
85,9.863404258979903,0.19430906390190408,0x8c84356091ee0280eb986f3325f215adac53a445,2017-11-01T14:59:39.000Z,0.0197,0x4121bd8ab6219b43af31686347a8fad622dba135,buy,0xb7cb1c96db6b22b0d3d9536e0108d062bd488f74,0x7688ed8025aab35fce82acbf992805519942bbe9ba8c7fc2f2e90d114f46243d
86,65.002,1.235038,0x5f08e968d03ed9845409ff05e5e6893589800aa7,2017-11-01T14:37:24.000Z,0.019,0xa2f2d4e46b33489ed6bc645f27a2ab2b01b11d81,buy,0xb7cb1c96db6b22b0d3d9536e0108d062bd488f74,0x829b5f7e5eb622e83dc1161ea69b139b9a539a91ee9816f8130e7e33ef1e9d3f
87,25,0.475,0xc24f0caf11ee68c6cb1d199737d8dae29c0b9d0a,2017-11-01T14:31:45.000Z,0.019,0xa2f2d4e46b33489ed6bc645f27a2ab2b01b11d81,buy,0xb7cb1c96db6b22b0d3d9536e0108d062bd488f74,0x96fb692ca6c38b4c3403507c4083ca91c17e0af03b6b5dabd37af9a283a31684
88,9.998,0.189962,0xc24f0caf11ee68c6cb1d199737d8dae29c0b9d0a,2017-11-01T14:22:48.000Z,0.019,0xa2f2d4e46b33489ed6bc645f27a2ab2b01b11d81,buy,0xb7cb1c96db6b22b0d3d9536e0108d062bd488f74,0xe989938d38e1905e7b62e52ebc309a32dd5e4c4e9584b0b39ebf83325302e3ec
89,10,0.18,0xc24f0caf11ee68c6cb1d199737d8dae29c0b9d0a,2017-11-01T14:18:19.000Z,0.018,0x89ed66c36ea63b6ae3c956f010ac81f93f2ce314,buy,0xb7cb1c96db6b22b0d3d9536e0108d062bd488f74,0xf5011a70e037d06aa613b7cc537865f60a82f201a48feef86a517d680ec407c0
90,15,0.27,0x605b9b2c7a5da2d159916c3468a5f75962365f10,2017-11-01T14:06:27.000Z,0.018,0x89ed66c36ea63b6ae3c956f010ac81f93f2ce314,buy,0xb7cb1c96db6b22b0d3d9536e0108d062bd488f74,0x7384e2034df2fdcadb3ea4be46e0dca55ee02b9be867c35eaf00c051a3ebb5da
91,1,0.018,0x605b9b2c7a5da2d159916c3468a5f75962365f10,2017-11-01T14:05:55.000Z,0.018,0x89ed66c36ea63b6ae3c956f010ac81f93f2ce314,buy,0xb7cb1c96db6b22b0d3d9536e0108d062bd488f74,0xdee666b0f82e51f189492558b9b60e1b033a40888199e5b85b056b81dd54af0e
92,4.12,0.074155056,0x605b9b2c7a5da2d159916c3468a5f75962365f10,2017-11-01T14:05:55.000Z,0.0179988,0x3dee4a4e076e8d82859d241db0baf46f112cfa23,buy,0xb7cb1c96db6b22b0d3d9536e0108d062bd488f74,0x0d418980f64b94720c481444d68e1fa971b44807f3538df9c48ec2693c4f70af
93,221,3.8675,0x66b383e89b679069c9720987cb1a62daa0f17e37,2017-11-01T12:44:37.000Z,0.0175,0xbfffc4ca4a430b8df71d06724138ee3b210328ae,buy,0xb7cb1c96db6b22b0d3d9536e0108d062bd488f74,0x42b0f96e12a3f20254e6eed542109971edc6e5bb482214ea09f49603728d7c0d
94,30,0.525,0x21f252733f97a2bbda44cff116b56423800151fb,2017-11-01T12:38:38.000Z,0.0175,0xbfffc4ca4a430b8df71d06724138ee3b210328ae,buy,0xb7cb1c96db6b22b0d3d9536e0108d062bd488f74,0x2a01af8c35639b7097ccb6207016be8cc67419ae89dc5d3edfffbd92bae63817
95,15,0.2625,0x5efdca26e7cbb98c4f23a46d7a724c6c9148d0cf,2017-11-01T12:38:38.000Z,0.0175,0xbfffc4ca4a430b8df71d06724138ee3b210328ae,buy,0xb7cb1c96db6b22b0d3d9536e0108d062bd488f74,0x1d23639ea8d056a01a0faf23aef9da86b39fa55f5feeb0609432160cf2601fc8
96,268,4.689999732,0x09e396aca9535fffc68c72f880ab36e252b73a43,2017-11-01T12:03:04.000Z,0.017499999,0xd990b20677084e0ecc854a956cb15a401515dfe8,buy,0xb7cb1c96db6b22b0d3d9536e0108d062bd488f74,0x49051c15791830d05d61fa5625268cec25edc61ee1a51288fd27fa93cd0747c4
97,29,0.507499971,0xa1189723be8bfd659de450b89a1812612d926093,2017-11-01T12:02:49.000Z,0.017499999,0xd990b20677084e0ecc854a956cb15a401515dfe8,buy,0xb7cb1c96db6b22b0d3d9536e0108d062bd488f74,0x411913f4db224c55bd8757d0a83e9eb1a4c6968f643eafa8aebd5f01b3174a23
98,3,0.052499997,0x273a5d3e6721b9f5c1a6474f560c1334c63dda01,2017-11-01T11:48:16.000Z,0.017499999,0xd990b20677084e0ecc854a956cb15a401515dfe8,buy,0xb7cb1c96db6b22b0d3d9536e0108d062bd488f74,0x35a4a249fa2a43a15624801fb8e226f53961db9386b9d782c06f5d5eb3913ebf
99,2.991,0.053838,0xea2996b9e0375f0251563bf581ac75a93380494b,2017-11-01T11:48:16.000Z,0.018,0x273a5d3e6721b9f5c1a6474f560c1334c63dda01,sell,0xb7cb1c96db6b22b0d3d9536e0108d062bd488f74,0x35a4a249fa2a43a15624801fb8e226f53961db9386b9d782c06f5d5eb3913ebf
100,3,0.052499997,0x273a5d3e6721b9f5c1a6474f560c1334c63dda01,2017-11-01T11:47:20.000Z,0.017499999,0xd990b20677084e0ecc854a956cb15a401515dfe8,buy,0xb7cb1c96db6b22b0d3d9536e0108d062bd488f74,0x35a4a249fa2a43a15624801fb8e226f53961db9386b9d782c06f5d5eb3913ebf
101,2.991,0.053838,0xea2996b9e0375f0251563bf581ac75a93380494b,2017-11-01T11:47:20.000Z,0.018,0x273a5d3e6721b9f5c1a6474f560c1334c63dda01,sell,0xb7cb1c96db6b22b0d3d9536e0108d062bd488f74,0x35a4a249fa2a43a15624801fb8e226f53961db9386b9d782c06f5d5eb3913ebf
102,200,3.4999998,0x7762c03ff6292875f24c634cde56cee2aec86270,2017-11-01T10:17:24.000Z,0.017499999,0xd990b20677084e0ecc854a956cb15a401515dfe8,buy,0xb7cb1c96db6b22b0d3d9536e0108d062bd488f74,0xbd477e35458046254e77aa758622cf4ccf247985e18d660f2dd2e1896f9419dc
103,57.43036594632974,0.9836385927457626,0x7762c03ff6292875f24c634cde56cee2aec86270,2017-11-01T09:49:04.000Z,0.0171275,0x951571ecb267b433469ef2c50f4c7b74b1d631f7,sell,0xb7cb1c96db6b22b0d3d9536e0108d062bd488f74,0x9405bde7f566cbad156ef0dbe914d6e539d9cf119690ff2de2ebba12eef3beb0
104,13,0.23399974,0x112da5bd6f8a9d7b19b50532944673e89341129b,2017-11-01T08:53:20.000Z,0.01799998,0x4121bd8ab6219b43af31686347a8fad622dba135,buy,0xb7cb1c96db6b22b0d3d9536e0108d062bd488f74,0x48e2334841d77e5d08befd8c3d5a91e77502703b71d941c65947de9a67a451e9
105,8.317205598427572,0.16218550916933763,0x06811a2b589d9a80d20925ab683a32ef796b4648,2017-11-01T08:46:22.000Z,0.0195,0xf44072eda87ede9613b6ae1b812de8a60ade27a2,sell,0xb7cb1c96db6b22b0d3d9536e0108d062bd488f74,0xeeb1be751ed4083a648b8a8e212ac06d1bffa97aaf5c090c84e816dbf2e1d0db
106,8.34223229531351,0.15016001447099728,0xf44072eda87ede9613b6ae1b812de8a60ade27a2,2017-11-01T08:46:22.000Z,0.01799998,0x4121bd8ab6219b43af31686347a8fad622dba135,buy,0xb7cb1c96db6b22b0d3d9536e0108d062bd488f74,0xeeb1be751ed4083a648b8a8e212ac06d1bffa97aaf5c090c84e816dbf2e1d0db
107,15.338253910954506,0.2805366640313579,0xd9fe1582863354af5534e65a1bc3e5201eeebe40,2017-11-01T08:29:13.000Z,0.01829,0x3dee4a4e076e8d82859d241db0baf46f112cfa23,buy,0xb7cb1c96db6b22b0d3d9536e0108d062bd488f74,0xaef742355eafc5ec0ac56e1a9526cb9912a34f319400f968c7675dde60042919
108,4.8,0.08352,0x806c7057d15be91e56a62c8018a1d6176ca93a63,2017-11-01T08:01:35.000Z,0.0174,0x1be5e64f9d12be1319c841b946d59f444c61b9a5,sell,0xb7cb1c96db6b22b0d3d9536e0108d062bd488f74,0x3ece39dffeeead76ff2612d9b88bc11561efeaf5e54d9bdb3969eea233f326ba
109,10,0.1734104,0xcb19092904c0c4d82ccd5c34a34c238ec6fa716c,2017-11-01T08:01:35.000Z,0.01734104,0x1be5e64f9d12be1319c841b946d59f444c61b9a5,sell,0xb7cb1c96db6b22b0d3d9536e0108d062bd488f74,0xc03671f322cd40a80bf9071a2fde986fbafe61e34da42421672ca35c2c8ba55a
110,5.1355,0.092439,0xb2d93ac629556f16dd4ddd19f20fee3fd462cf43,2017-11-01T07:58:50.000Z,0.018,0x1be5e64f9d12be1319c841b946d59f444c61b9a5,buy,0xb7cb1c96db6b22b0d3d9536e0108d062bd488f74,0x59ffaee2e22605a8873057f6a736b8ee5b0fb08f0f711438f319e4f2c5a514aa
111,129.11598544512012,2.211434040711295,0xa59fb839e80142c9d0515155702d35f9dce4439e,2017-11-01T07:42:02.000Z,0.0171275,0x23c09abbc301e4bd6396548f5f6005ab345afb7e,sell,0xb7cb1c96db6b22b0d3d9536e0108d062bd488f74,0xa38c228aa7552207863384f8e941a0a69188cb62c09b721338aeb4adbf8fc2a7
112,9.444,0.169992,0xc7d99cad4a6c150084cfdedc7f569045165db3f2,2017-11-01T07:42:02.000Z,0.018,0x3dee4a4e076e8d82859d241db0baf46f112cfa23,sell,0xb7cb1c96db6b22b0d3d9536e0108d062bd488f74,0x15d3bf939ef4dbbe589a61bef04f2e5f3c507fba99b9dbd23a5958f3e875227b
113,11,0.199221,0x120c322c0b1477a5c2eeb6f9f06d2c98797f485f,2017-11-01T07:41:56.000Z,0.018111,0x3dee4a4e076e8d82859d241db0baf46f112cfa23,sell,0xb7cb1c96db6b22b0d3d9536e0108d062bd488f74,0xddf53d7e3b3a749b98b8103d23f30e522f8eab01a6f03aba98fe9817b991d63e
114,12.30167756142877,0.22360760533576832,0xd990b20677084e0ecc854a956cb15a401515dfe8,2017-11-01T07:41:35.000Z,0.018177001,0xe41ba7cfb98a58305596d551a87d37960f5f532a,sell,0xb7cb1c96db6b22b0d3d9536e0108d062bd488f74,0x1aaa5a9e7b4658e1268bf76e4ead8e43ef07d1a2931bc39b7452cca5313e49f8
115,10,0.18177,0x953d1111662196af36e9d387c0f909e14111fa76,2017-11-01T07:41:35.000Z,0.018177,0x3dee4a4e076e8d82859d241db0baf46f112cfa23,sell,0xb7cb1c96db6b22b0d3d9536e0108d062bd488f74,0xdbcf88c06c5fb89cf91aca5615c1bda41f5856bb9a9b151a70e47617a1cd7f0d
116,70.88401455487987,1.214065959288705,0xa59fb839e80142c9d0515155702d35f9dce4439e,2017-11-01T07:41:35.000Z,0.0171275,0x1b7688a79d07be5b3d03cfc59983c0d3ddf54de3,sell,0xb7cb1c96db6b22b0d3d9536e0108d062bd488f74,0x2e5c8ce006ff456f70f72fcaeb306738f3c40da714f5abcf2fe1656aeaf1f133
117,18.16,0.3300727096,0x3ff339c9b3b9af55ffe30af03484f1b3aca1a8ce,2017-11-01T07:39:05.000Z,0.01817581,0x1be5e64f9d12be1319c841b946d59f444c61b9a5,sell,0xb7cb1c96db6b22b0d3d9536e0108d062bd488f74,0x37b0e470eec2ac08fe2b55f4f45a0391051568014a4da39b72c33cf7a98b4fd0
118,27.398,0.49617832796,0xd92ce5941305b7cf1e5cc5713b93db2b651a4fdf,2017-11-01T07:38:44.000Z,0.01811002,0x1be5e64f9d12be1319c841b946d59f444c61b9a5,sell,0xb7cb1c96db6b22b0d3d9536e0108d062bd488f74,0x65b662465bcd35a0f03580dbd3fdb7718b677eea95a6949c6cbe4188932902ea
119,30.415,0.55081565,0xcd7ac50e622d55ad66d37cd9b444f400aaa75669,2017-11-01T07:37:34.000Z,0.01811,0x1b7688a79d07be5b3d03cfc59983c0d3ddf54de3,sell,0xb7cb1c96db6b22b0d3d9536e0108d062bd488f74,0xbd8ac2aa8af2690ed897741de8436215fb1e919f8455f86c908db242d6a33ee1
120,1.8,0.0327186018,0xd990b20677084e0ecc854a956cb15a401515dfe8,2017-11-01T07:35:25.000Z,0.018177001,0x3df86cefaecfaa31be2f74f8f832cb4ef62b79f8,sell,0xb7cb1c96db6b22b0d3d9536e0108d062bd488f74,0x1877141203ca6e4f6d04ef6cef76957e351c584f549fb01c80ea38f4d4c088e8
121,500,8.5505,0x97290863725d70d792882fc0f3487fa76d2420a0,2017-11-01T07:35:25.000Z,0.017101,0x1b7688a79d07be5b3d03cfc59983c0d3ddf54de3,sell,0xb7cb1c96db6b22b0d3d9536e0108d062bd488f74,0x6d357dc0ab3083e022850cf4c2a3323e49802b3c6512e984d36296a26fff5c71
122,79.66363949214747,1.4427085112027904,0x1eaa18a0e964d346f2b5182be3f97d7aab5145b9,2017-11-01T07:34:12.000Z,0.01811,0x3df86cefaecfaa31be2f74f8f832cb4ef62b79f8,sell,0xb7cb1c96db6b22b0d3d9536e0108d062bd488f74,0xbcab2e5ccae4490f2c459a991801bad5573b89526cb707d3898793f3b696f7d4
123,38,0.690688,0x120c322c0b1477a5c2eeb6f9f06d2c98797f485f,2017-11-01T07:33:30.000Z,0.018176,0x3df86cefaecfaa31be2f74f8f832cb4ef62b79f8,sell,0xb7cb1c96db6b22b0d3d9536e0108d062bd488f74,0x29fcfe213cf7469350c58d5a1d81ad374b7929f172da17e1eed93e9fbd69ff36
124,50,0.905055,0x3dee4a4e076e8d82859d241db0baf46f112cfa23,2017-11-01T07:33:30.000Z,0.0181011,0x3df86cefaecfaa31be2f74f8f832cb4ef62b79f8,sell,0xb7cb1c96db6b22b0d3d9536e0108d062bd488f74,0xfdd2144f1c8ff6f495194227901b30baf745d66cb97464cb4fdb6f753d6976bf
125,119.279,2.159069179,0x97290863725d70d792882fc0f3487fa76d2420a0,2017-11-01T07:33:20.000Z,0.018101,0x3df86cefaecfaa31be2f74f8f832cb4ef62b79f8,sell,0xb7cb1c96db6b22b0d3d9536e0108d062bd488f74,0xe3c57b1127f7a197fd8722b9cf217d25d145ceacb39380353871ac87e3ef14e2
126,807.7122670583133,14.61959203375547,0xe8f0cc52b0d087e4eaabe1de8c0bc01f83918ea9,2017-11-01T07:33:01.000Z,0.0181,0x3df86cefaecfaa31be2f74f8f832cb4ef62b79f8,sell,0xb7cb1c96db6b22b0d3d9536e0108d062bd488f74,0x6e071cf3b9592a945fd0f93538010c1e2117c50b3f80b8aa7528bb2181376636
127,0.04843966926912284,0.000876758013771123,0xe8f0cc52b0d087e4eaabe1de8c0bc01f83918ea9,2017-11-01T07:32:10.000Z,0.01809999999999999,0x1be5e64f9d12be1319c841b946d59f444c61b9a5,sell,0xb7cb1c96db6b22b0d3d9536e0108d062bd488f74,0x4aca739577da5a3062d879afcab3b40cef397dced63bf4641f7a934510be7d0c
128,485.89832243857126,8.83217429286423,0xd990b20677084e0ecc854a956cb15a401515dfe8,2017-11-01T07:31:37.000Z,0.018177001,0x1be5e64f9d12be1319c841b946d59f444c61b9a5,sell,0xb7cb1c96db6b22b0d3d9536e0108d062bd488f74,0xaade7fa96cabcc78a94cd500894b57bc78bc7b881e5c88c61d464cacfa25e0d0
129,893.355859834513,16.169741063004686,0xe8f0cc52b0d087e4eaabe1de8c0bc01f83918ea9,2017-11-01T07:30:57.000Z,0.0181,0x669f0ab96fd3beb68bc836bb874894bbb516331a,sell,0xb7cb1c96db6b22b0d3d9536e0108d062bd488f74,0x6e0067bd756eb36a5372df1546df5dc6d777c69254529ef19af2a2df5972b5ce
130,298.8834334379046,5.409790145226074,0xe8f0cc52b0d087e4eaabe1de8c0bc01f83918ea9,2017-11-01T07:30:07.000Z,0.0181,0x23c09abbc301e4bd6396548f5f6005ab345afb7e,sell,0xb7cb1c96db6b22b0d3d9536e0108d062bd488f74,0xb6d6f94620e8681b635d42f2ce376c2faff8139868ec0f0b27b2a9245b19badb
131,99.7208156211984,1.8050464835593123,0x97290863725d70d792882fc0f3487fa76d2420a0,2017-11-01T07:28:06.000Z,0.018101,0x23c09abbc301e4bd6396548f5f6005ab345afb7e,sell,0xb7cb1c96db6b22b0d3d9536e0108d062bd488f74,0x05b825d90a1531c5163192c5f5fb4e4e9064f0baa69ac48d67525d70b7c636ba
132,181,3.276281,0x97290863725d70d792882fc0f3487fa76d2420a0,2017-11-01T07:22:35.000Z,0.018101,0x23c09abbc301e4bd6396548f5f6005ab345afb7e,sell,0xb7cb1c96db6b22b0d3d9536e0108d062bd488f74,0x04d61d1a47cb6d03a5314b4ef4bc972c9fb5148913d7a00f0e38cdaa5aef86b9
133,100,1.8101,0x97290863725d70d792882fc0f3487fa76d2420a0,2017-11-01T07:20:37.000Z,0.018101,0x23c09abbc301e4bd6396548f5f6005ab345afb7e,sell,0xb7cb1c96db6b22b0d3d9536e0108d062bd488f74,0xb141793cd6bb387f02173b063e9da161036ec350e9869e8b641a4caf835fea5f
134,44,0.796884,0x120c322c0b1477a5c2eeb6f9f06d2c98797f485f,2017-11-01T07:19:39.000Z,0.018111,0x23c09abbc301e4bd6396548f5f6005ab345afb7e,sell,0xb7cb1c96db6b22b0d3d9536e0108d062bd488f74,0x1823c68ce0c275910007fe40948885a175bd639dcb1f3f208e57918018a534c1
135,55,1.045,0x6ab82901482016b1e639a73b02d67454382dbfb3,2017-11-01T07:18:32.000Z,0.019,0x23c09abbc301e4bd6396548f5f6005ab345afb7e,sell,0xb7cb1c96db6b22b0d3d9536e0108d062bd488f74,0xf9fd0f7587bf5e10116e012010ae91a93a310989da6a21fff6a889ba21f557fe
136,169.58463887745864,3.0711778100707763,0xcd7ac50e622d55ad66d37cd9b444f400aaa75669,2017-11-01T07:16:25.000Z,0.01811,0x739c5f6d73d483705a08f9a52c7cd61c7933573e,sell,0xb7cb1c96db6b22b0d3d9536e0108d062bd488f74,0x84c26acfd9c58896a7862e6dcd7c854e36b3d3e3081e687c9e6358996fa5598e
137,99.50149624117009,1.8019740869575152,0xd92ce5941305b7cf1e5cc5713b93db2b651a4fdf,2017-11-01T07:13:13.000Z,0.01811002,0x23c09abbc301e4bd6396548f5f6005ab345afb7e,sell,0xb7cb1c96db6b22b0d3d9536e0108d062bd488f74,0x738fc4704c9a61d7c0361d8d81f5f9c516e7f0e344f54dd2116653de45f71140
138,301.8454923071811,5.466421865683049,0x1eaa18a0e964d346f2b5182be3f97d7aab5145b9,2017-11-01T07:10:50.000Z,0.01811,0x2f438c36fd2455a1543ae375a2ea2ae378e78f05,sell,0xb7cb1c96db6b22b0d3d9536e0108d062bd488f74,0x7c7bf08da62e58b784bef859ad3390e5e8ccddb63c0ed7b91325e62cdcad8155
139,99.50879517721977,1.80210428065945,0x1eaa18a0e964d346f2b5182be3f97d7aab5145b9,2017-11-01T07:09:40.000Z,0.01811,0x23c09abbc301e4bd6396548f5f6005ab345afb7e,sell,0xb7cb1c96db6b22b0d3d9536e0108d062bd488f74,0xd41079359dc77fafc074b39ab9866d073b7b26ef6481e089d8beae55f0e3c86d
140,0.10050252131422863,0.001820102671051106,0xd92ce5941305b7cf1e5cc5713b93db2b651a4fdf,2017-11-01T06:51:22.000Z,0.018110019999999994,0x24d528b8530db22c0949f28fbbbd3c1cce771633,sell,0xb7cb1c96db6b22b0d3d9536e0108d062bd488f74,0x40ab9708de145a5fe581798ea4bd01d5b24e36845d94f48dcd20c0b8264d92fe
141,49,0.890722,0xa8d39347f3cadda48a2bafb0805f262f1764fd5c,2017-11-01T06:50:32.000Z,0.018178,0x24d528b8530db22c0949f28fbbbd3c1cce771633,sell,0xb7cb1c96db6b22b0d3d9536e0108d062bd488f74,0xff1d94ef2c092dcfa19a3a712389868e1c87903a59ad9b7446d8df81206879b6
142,1,0.018178,0xa8d39347f3cadda48a2bafb0805f262f1764fd5c,2017-11-01T06:35:51.000Z,0.018178,0x24d528b8530db22c0949f28fbbbd3c1cce771633,sell,0xb7cb1c96db6b22b0d3d9536e0108d062bd488f74,0x345730b2c9d7399211e5b100b661a3cd4838dc0b2037e609b6d8b57283414a86
143,7.627786666666666,0.157895184,0xc9d56287b414e1aa0963016aa721b527f095fd9c,2017-11-01T06:26:33.000Z,0.0207,0x2f438c36fd2455a1543ae375a2ea2ae378e78f05,buy,0xb7cb1c96db6b22b0d3d9536e0108d062bd488f74,0xc4f0ba2027ac0f2a3acbefc9f254d38e92ccb5be6bd15f4392056141e7269d4a
144,7.604971751412429,0.1749904,0x24d528b8530db22c0949f28fbbbd3c1cce771633,2017-11-01T06:26:33.000Z,0.02301,0xc9d56287b414e1aa0963016aa721b527f095fd9c,sell,0xb7cb1c96db6b22b0d3d9536e0108d062bd488f74,0xc4f0ba2027ac0f2a3acbefc9f254d38e92ccb5be6bd15f4392056141e7269d4a
145,10,0.18177,0x953d1111662196af36e9d387c0f909e14111fa76,2017-11-01T06:24:49.000Z,0.018177,0x24d528b8530db22c0949f28fbbbd3c1cce771633,sell,0xb7cb1c96db6b22b0d3d9536e0108d062bd488f74,0x2941b3fec681b15ef964dd70718e97567894e34ef2a89c85131e1fcb1ec96efa
146,20,0.416,0xe5abf3af3ee314f895b2e86c7a2dd536fcb07d92,2017-11-01T06:14:58.000Z,0.0208,0x4121bd8ab6219b43af31686347a8fad622dba135,buy,0xb7cb1c96db6b22b0d3d9536e0108d062bd488f74,0xe3a32675bdb5c65a3b593f213814e92de692550ee3096cdc1a052f40622b37e2
147,52.67568633011832,1.2120675424560223,0x24d528b8530db22c0949f28fbbbd3c1cce771633,2017-11-01T06:14:12.000Z,0.02301,0x422d7c1f2f04e7582163d1381a436516f4de3c2a,sell,0xb7cb1c96db6b22b0d3d9536e0108d062bd488f74,0xc8fbda196d81bd3dba999fd6291b50c1d6eaaaa6511a633dc79bd310dd39b18c
148,52.88638907543878,1.1000368927691266,0x422d7c1f2f04e7582163d1381a436516f4de3c2a,2017-11-01T06:14:12.000Z,0.0208,0x4121bd8ab6219b43af31686347a8fad622dba135,buy,0xb7cb1c96db6b22b0d3d9536e0108d062bd488f74,0xc8fbda196d81bd3dba999fd6291b50c1d6eaaaa6511a633dc79bd310dd39b18c
149,100,1.818,0xa2f2d4e46b33489ed6bc645f27a2ab2b01b11d81,2017-11-01T06:13:28.000Z,0.01818,0xa5a43ff72dbb4e8d91f9e77da6562b4f3630d6ef,sell,0xb7cb1c96db6b22b0d3d9536e0108d062bd488f74,0xcb4eac8d0f6b61198b28c366e727fcd6c3e09fa0939e8d5a1b541b242e357ed3
150,268.046,4.8784372,0xe6f7ffc5dcedc6fe25bf424a271cf548b6178fa0,2017-11-01T06:12:26.000Z,0.0182,0xa5a43ff72dbb4e8d91f9e77da6562b4f3630d6ef,sell,0xb7cb1c96db6b22b0d3d9536e0108d062bd488f74,0xa5b2f446a2b22904408652636150bd1536a5570ca9c060cd9f0f03b1349be7b4
151,28.121767704686487,0.5483744702413865,0x06811a2b589d9a80d20925ab683a32ef796b4648,2017-11-01T06:06:04.000Z,0.0195,0xa5a43ff72dbb4e8d91f9e77da6562b4f3630d6ef,sell,0xb7cb1c96db6b22b0d3d9536e0108d062bd488f74,0x13e43ff56937ab5475fd7d7c1738f01abbc474ec66a47a60815ecbb2e3754a7f
152,16.295637370305897,0.3389492573023627,0xfa68fe86ebe0e4b8f5ab142dfe85c28d6a1cde07,2017-11-01T06:03:07.000Z,0.0208,0x4121bd8ab6219b43af31686347a8fad622dba135,buy,0xb7cb1c96db6b22b0d3d9536e0108d062bd488f74,0x1ded6d2e9abee64aead0107bca7667d53608426cccde80e6d745bbf347e14dd5
153,0.05,0.00104945,0xe2b48b3dd0b33283b4802e63e65518f27e635054,2017-11-01T03:57:48.000Z,0.020989,0xfbb4fbc6d467ea31621724a8460ab7a58fad7055,buy,0xb7cb1c96db6b22b0d3d9536e0108d062bd488f74,0x927704ef34122b0c53dff69e9d658b648380d66088aed3d4eeeb86b946bd9fc3
154,0.01,0.00020989,0xed2ca7381d82f8fb9bcc54ea6ab6526e35aece25,2017-11-01T03:54:38.000Z,0.020989,0xfbb4fbc6d467ea31621724a8460ab7a58fad7055,buy,0xb7cb1c96db6b22b0d3d9536e0108d062bd488f74,0xe1f1026d1a3b9686824ed591286a5f64857554fea3250c276d76a90ee11ab786
155,25,0.4975,0x34f0ae5a0075d6d352eacfcc433704f43f02f2e2,2017-11-01T03:54:38.000Z,0.0199,0xa5a43ff72dbb4e8d91f9e77da6562b4f3630d6ef,sell,0xb7cb1c96db6b22b0d3d9536e0108d062bd488f74,0xe317f86d1e2a4e590f283f0a963c9c7150bbc0dcf120df3779dd91f6076d4054
156,1.954,0.0355628,0xe6f7ffc5dcedc6fe25bf424a271cf548b6178fa0,2017-11-01T03:53:51.000Z,0.0182,0xee3f07980dcadfa90d7d1852d67531d045dbd140,sell,0xb7cb1c96db6b22b0d3d9536e0108d062bd488f74,0xb664b3978c8057bd38b398f5a7307d750dacab6d1333aa8ef98bbde02cc422af
157,0.0326467125289565,0.000685221849270268,0x5971f9b8c955285dcd49d4951a33a613d3e2701b,2017-11-01T03:53:51.000Z,0.020989,0xfbb4fbc6d467ea31621724a8460ab7a58fad7055,buy,0xb7cb1c96db6b22b0d3d9536e0108d062bd488f74,0x03846d011c947cb38a1c9f9ac2c85f95398a7e88a4f4d24a0291d7f0b244e4ce
158,17,0.308992,0x120c322c0b1477a5c2eeb6f9f06d2c98797f485f,2017-11-01T03:34:41.000Z,0.018176,0xa3f6489c63d90ea3bd50af9b292c02b3f8ca234a,sell,0xb7cb1c96db6b22b0d3d9536e0108d062bd488f74,0x1c559fa8a1fd22bde825e3528313ffc89085a7e43bd025cd571853abf3469b56
159,10.96406997018852,0.23012486460428683,0xc9d56287b414e1aa0963016aa721b527f095fd9c,2017-11-01T01:55:51.000Z,0.020989,0xfbb4fbc6d467ea31621724a8460ab7a58fad7055,buy,0xb7cb1c96db6b22b0d3d9536e0108d062bd488f74,0xd47e215b1132f8dca292161c7290418c3065d12fbb47e170bdee86f2436b823a
160,10.93127614176323,0.241690515494385,0x953d1111662196af36e9d387c0f909e14111fa76,2017-11-01T01:55:51.000Z,0.02211,0xc9d56287b414e1aa0963016aa721b527f095fd9c,sell,0xb7cb1c96db6b22b0d3d9536e0108d062bd488f74,0xd47e215b1132f8dca292161c7290418c3065d12fbb47e170bdee86f2436b823a
161,14.110930029811481,0.28080750759324846,0xc9d56287b414e1aa0963016aa721b527f095fd9c,2017-11-01T01:55:23.000Z,0.0199,0x1eaa18a0e964d346f2b5182be3f97d7aab5145b9,buy,0xb7cb1c96db6b22b0d3d9536e0108d062bd488f74,0xf5b4e956f1fdd9d95b1cca1b621d92e587524002637504331ed7ba57867c77a3
162,14.110930029811481,0.28080750759324846,0xc9d56287b414e1aa0963016aa721b527f095fd9c,2017-11-01T01:55:08.000Z,0.0199,0x1eaa18a0e964d346f2b5182be3f97d7aab5145b9,buy,0xb7cb1c96db6b22b0d3d9536e0108d062bd488f74,0xf5b4e956f1fdd9d95b1cca1b621d92e587524002637504331ed7ba57867c77a3
163,14.06872385823677,0.311059484505615,0x953d1111662196af36e9d387c0f909e14111fa76,2017-11-01T01:55:08.000Z,0.02211,0xc9d56287b414e1aa0963016aa721b527f095fd9c,sell,0xb7cb1c96db6b22b0d3d9536e0108d062bd488f74,0xf5b4e956f1fdd9d95b1cca1b621d92e587524002637504331ed7ba57867c77a3
164,35.93152285997348,0.6938380657413165,0x2475fe4d7a9d7d2e7908baf6697b801596bf5148,2017-11-01T01:44:01.000Z,0.01931001,0x953d1111662196af36e9d387c0f909e14111fa76,sell,0xb7cb1c96db6b22b0d3d9536e0108d062bd488f74,0xd588cedf5c28ae73789405d251598afe7737eb347cf14ec96479f1b86cafaa56
165,9.382205978429269,0.18670589897074247,0x95852572d90fbc970309a453960e7268ae0444bb,2017-11-01T01:28:16.000Z,0.0199,0x1eaa18a0e964d346f2b5182be3f97d7aab5145b9,buy,0xb7cb1c96db6b22b0d3d9536e0108d062bd488f74,0xaaa46dfd76159cda2a1f8f4c615c80f4473698775e53cc556c5e4b4320e96cc0
166,24,0.4752,0x6b083c1fb7eeb463bd75d458c6e9877a508764ff,2017-11-01T01:22:56.000Z,0.0198,0x1eaa18a0e964d346f2b5182be3f97d7aab5145b9,buy,0xb7cb1c96db6b22b0d3d9536e0108d062bd488f74,0xe004b3200d14cb2a5cec21b88266b530bf14792440330e6e3d4b00e73b385998
167,31,0.61379969,0x6b083c1fb7eeb463bd75d458c6e9877a508764ff,2017-11-01T01:18:57.000Z,0.01979999,0x2475fe4d7a9d7d2e7908baf6697b801596bf5148,buy,0xb7cb1c96db6b22b0d3d9536e0108d062bd488f74,0x5214212ade423d86e0b0f4cd177145a59a3777c39118269530ca075032268066
168,46.25765033192239,0.8377260475111145,0x1eaa18a0e964d346f2b5182be3f97d7aab5145b9,2017-11-01T01:13:52.000Z,0.01811,0xb00548770ea87482f024cd4292a975fea72e8f01,sell,0xb7cb1c96db6b22b0d3d9536e0108d062bd488f74,0x9110d9dcf982d7a1dc37a8b729c258808d2870f2a480261a9ad688a03e0a1110
169,0.000690108378030757,0.00001249786962722,0x9fa1621d504640fe0bd3105252b66788c668223a,2017-11-01T01:03:12.000Z,0.018110009999998854,0xa2b16e3b6b64771396c925e61fefd851e757e38e,sell,0xb7cb1c96db6b22b0d3d9536e0108d062bd488f74,0xe712b8b3af0d66374a68b6278ffa825e7493870b85000254e720321a02262e88
170,6.92247714002652,0.1336731027986835,0x2475fe4d7a9d7d2e7908baf6697b801596bf5148,2017-11-01T01:02:30.000Z,0.01931001,0xa2b16e3b6b64771396c925e61fefd851e757e38e,sell,0xb7cb1c96db6b22b0d3d9536e0108d062bd488f74,0xc4193e1a955a2041e7c123533de1c7d26fda9ad0cbc0b5b4669e87f5576915d1
171,3.873,0.07513623873,0x2475fe4d7a9d7d2e7908baf6697b801596bf5148,2017-11-01T01:01:25.000Z,0.01940001,0xa2b16e3b6b64771396c925e61fefd851e757e38e,sell,0xb7cb1c96db6b22b0d3d9536e0108d062bd488f74,0x7fe858ebb617f8f4b81092e8ba2c5960bacceea0d8ee80be9b0d13bcd753ba16
172,9.146,0.17660935146,0x2475fe4d7a9d7d2e7908baf6697b801596bf5148,2017-11-01T01:01:25.000Z,0.01931001,0xa2b16e3b6b64771396c925e61fefd851e757e38e,sell,0xb7cb1c96db6b22b0d3d9536e0108d062bd488f74,0x89b637edc6f0307b5898982f6a6d05e2817db693ccd8f343fc1fbf39164237d9
173,17.1,0.338579829,0xa3f6489c63d90ea3bd50af9b292c02b3f8ca234a,2017-11-01T01:00:34.000Z,0.01979999,0x2475fe4d7a9d7d2e7908baf6697b801596bf5148,buy,0xb7cb1c96db6b22b0d3d9536e0108d062bd488f74,0xded5bd266bdae310e86a7e827505643e8df6a447cd517e36360a4da4cdc84b20
174,172.7244226915293,3.1280392949435956,0x1eaa18a0e964d346f2b5182be3f97d7aab5145b9,2017-11-01T00:34:53.000Z,0.01811,0x23c09abbc301e4bd6396548f5f6005ab345afb7e,sell,0xb7cb1c96db6b22b0d3d9536e0108d062bd488f74,0x362cdff57e094e344c80d8e71f3dd1121c0b22e0b3cc72504c8e59f184b2deba
175,3.5888869714233196,0.06854774115418541,0xaf318ec14c84bdb5b7f02db14154cc6b60e0b790,2017-11-01T00:22:03.000Z,0.0191,0xfbb4fbc6d467ea31621724a8460ab7a58fad7055,sell,0xb7cb1c96db6b22b0d3d9536e0108d062bd488f74,0x8756c27f86cbd2f248dbfae1d29fbd575683845b506ac4af3009d534ede468a4
176,19.71282000032426,0.3725722980061285,0x936e82d3896d7b2c05b625fbca9a9c39d9289718,2017-11-01T00:22:03.000Z,0.0189,0xfbb4fbc6d467ea31621724a8460ab7a58fad7055,sell,0xb7cb1c96db6b22b0d3d9536e0108d062bd488f74,0xad30118d3ba105b819ba15027020a481aff65dc0c4c8ee297a884ef15739cc77
177,77.5,1.4888525,0xbf76c61ac0f77ef3bb581488f3cbe4f45256e072,2017-11-01T00:20:56.000Z,0.019211,0xfbb4fbc6d467ea31621724a8460ab7a58fad7055,sell,0xb7cb1c96db6b22b0d3d9536e0108d062bd488f74,0x4bac30f673c1f0ad5ec6661d05bdb907daf13818619dd21663848f2466c18d78
178,215.307,4.112579007,0x97290863725d70d792882fc0f3487fa76d2420a0,2017-11-01T00:20:41.000Z,0.019101,0xfbb4fbc6d467ea31621724a8460ab7a58fad7055,sell,0xb7cb1c96db6b22b0d3d9536e0108d062bd488f74,0xc15e57523a12b96d4a3f36ee3eae634b9bbcd20fb8d309507551bdbb2317222e
179,27,0.5238,0x2b563341da4657ba5d25252886e413a9fadb7924,2017-11-01T00:20:15.000Z,0.0194,0xfbb4fbc6d467ea31621724a8460ab7a58fad7055,sell,0xb7cb1c96db6b22b0d3d9536e0108d062bd488f74,0x95c3e29b5908df7eb12125bc9b7d70b8d26e14e43866986dd2e017cdf6da48c8
180,20.806710223290164,0.4036503863989314,0x2475fe4d7a9d7d2e7908baf6697b801596bf5148,2017-11-01T00:20:03.000Z,0.01940001,0xfbb4fbc6d467ea31621724a8460ab7a58fad7055,sell,0xb7cb1c96db6b22b0d3d9536e0108d062bd488f74,0x9fefca6cdf47f710d554f7cd6140106573bffa56dcf03a18cc035362ed5a6f19
181,298.6840187304512,5.764601561497709,0x936e82d3896d7b2c05b625fbca9a9c39d9289718,2017-11-01T00:19:48.000Z,0.0193,0x23c09abbc301e4bd6396548f5f6005ab345afb7e,sell,0xb7cb1c96db6b22b0d3d9536e0108d062bd488f74,0x19ae878164ddfe114e0fb1ff7ed038b4e7964d01c658f460872b80f9c6bfc51d
182,99.39188515601634,1.9182633835111156,0x936e82d3896d7b2c05b625fbca9a9c39d9289718,2017-11-01T00:13:13.000Z,0.0193,0x23c09abbc301e4bd6396548f5f6005ab345afb7e,sell,0xb7cb1c96db6b22b0d3d9536e0108d062bd488f74,0x6f7aa36c1a18aeea149ef73e055c01b10287094f9ed74b3942409ed45596feb2
183,27.32,0.5300082732,0x2475fe4d7a9d7d2e7908baf6697b801596bf5148,2017-11-01T00:11:56.000Z,0.01940001,0x352d8117640f04b80377470634218c8129f3f48f,sell,0xb7cb1c96db6b22b0d3d9536e0108d062bd488f74,0x024c9f1962da69d9da7aa69ef3527d8fe18cec6e1f3f5908ddcec9912768708a
184,30.182572339250957,0.5861455548282536,0x7275684df25a79b56047239b09d7e111fd3a4320,2017-11-01T00:11:56.000Z,0.01942,0x352d8117640f04b80377470634218c8129f3f48f,sell,0xb7cb1c96db6b22b0d3d9536e0108d062bd488f74,0xf8b6800f56e0fea6ec0c0be8faeb0d8c4d2c1146b9d67891500c2f597b2cb5de
185,235.5438281483399,4.574261142640761,0x7275684df25a79b56047239b09d7e111fd3a4320,2017-10-31T23:23:37.000Z,0.01942,0x1d1d215fa73293aa50bac6d603fbd3fe784129c8,sell,0xb7cb1c96db6b22b0d3d9536e0108d062bd488f74,0xedf6c9943eb829c56ccea65190c50f3a49b3a2186f1a11e3483bab814dd36b0c
186,63.536,1.238952,0x06811a2b589d9a80d20925ab683a32ef796b4648,2017-10-31T23:22:50.000Z,0.0195,0x1d1d215fa73293aa50bac6d603fbd3fe784129c8,sell,0xb7cb1c96db6b22b0d3d9536e0108d062bd488f74,0x381b3d77c80cb05628a033befa6b2cd0f68725f7fc9fac3bf49bba94e49dacf2
187,6.073927435117765,0.13181029926949062,0xeb73d8f2590f7929d82cc2f832f2c94ce4789fba,2017-10-31T23:00:00.000Z,0.021701,0xc9d56287b414e1aa0963016aa721b527f095fd9c,sell,0xb7cb1c96db6b22b0d3d9536e0108d062bd488f74,0xa4103bffbe17a6a44d443c8191803f21c6a55c2c23307284c9313dccb57481fc
188,6.092149217423119,0.12123316021179832,0xc9d56287b414e1aa0963016aa721b527f095fd9c,2017-10-31T23:00:00.000Z,0.0198999,0x951571ecb267b433469ef2c50f4c7b74b1d631f7,buy,0xb7cb1c96db6b22b0d3d9536e0108d062bd488f74,0xa4103bffbe17a6a44d443c8191803f21c6a55c2c23307284c9313dccb57481fc
189,0.006843461375124224,0.000149187464821169,0x092410f6c66c761144069911a36a5a14c998cb35,2017-10-31T22:54:10.000Z,0.021800000999999933,0x1d5321e125f6c7079a716705541c7b371ca79e69,sell,0xb7cb1c96db6b22b0d3d9536e0108d062bd488f74,0xd5cb1d9812546e14050fa75303ddc2dcb1edf1db294b80a455756306e1bb540c
190,0.006863991759249597,0.000136593436009067,0x1d5321e125f6c7079a716705541c7b371ca79e69,2017-10-31T22:54:10.000Z,0.019900000000000004,0x1eaa18a0e964d346f2b5182be3f97d7aab5145b9,buy,0xb7cb1c96db6b22b0d3d9536e0108d062bd488f74,0xd5cb1d9812546e14050fa75303ddc2dcb1edf1db294b80a455756306e1bb540c
191,5.5,0.10945,0x2b563341da4657ba5d25252886e413a9fadb7924,2017-10-31T22:53:18.000Z,0.0199,0x1eaa18a0e964d346f2b5182be3f97d7aab5145b9,buy,0xb7cb1c96db6b22b0d3d9536e0108d062bd488f74,0xfcd5d819fa342d01ceecb2abd8e916b82719e6492ebd4a9e88f1ca6e1cc6cf59
192,0.479,0.00958,0xba08fb1bafc4a536c803038fa2d5a0c1a9100a1c,2017-10-31T22:52:03.000Z,0.02,0x2b563341da4657ba5d25252886e413a9fadb7924,sell,0xb7cb1c96db6b22b0d3d9536e0108d062bd488f74,0xed9ef819bed962b729d45ff9009c5e5a2426d0a56e4b0cbca068b639f13c4369
193,5,0.1,0x5f7a5241dc4ed10e3e6a46336dd179059cee31f9,2017-10-31T22:46:42.000Z,0.02,0x2b563341da4657ba5d25252886e413a9fadb7924,sell,0xb7cb1c96db6b22b0d3d9536e0108d062bd488f74,0x5284e8be05b237b504de302727cb2b454fb220794ff6a8f26965d1ae1a2926f7
194,55.814,1.1162744186,0x05eb0f6e6d31e0386fc1a8b5370e8e90bdd39f81,2017-10-31T22:35:53.000Z,0.0199999,0x951571ecb267b433469ef2c50f4c7b74b1d631f7,buy,0xb7cb1c96db6b22b0d3d9536e0108d062bd488f74,0x3feed33498763bbcbbd03db6ad9c4c2606beb5611809257ef59350c3999dd361
195,0.21154421293988634,0.00433665636526767,0xea2996b9e0375f0251563bf581ac75a93380494b,2017-10-31T22:33:00.000Z,0.020499999999999997,0x953d1111662196af36e9d387c0f909e14111fa76,sell,0xb7cb1c96db6b22b0d3d9536e0108d062bd488f74,0x42f253b864f50948f8ee8160912d275d8026763ba0d7e2401bcef611b4c86169
196,100,2.0001,0x9fa1621d504640fe0bd3105252b66788c668223a,2017-10-31T22:28:02.000Z,0.020001,0x951571ecb267b433469ef2c50f4c7b74b1d631f7,sell,0xb7cb1c96db6b22b0d3d9536e0108d062bd488f74,0x394a169cd05fe488f1059cdac513d8872cd002c2ac3394c91a87ae7184a1b9ab
197,35,0.721,0x90ca1894fbfa69eff6e2a89a53d87f66ccf97174,2017-10-31T21:46:45.000Z,0.0206,0x951571ecb267b433469ef2c50f4c7b74b1d631f7,sell,0xb7cb1c96db6b22b0d3d9536e0108d062bd488f74,0x9081f03fa582019477376844124cdbffeaeab9939abcecd46d3d7fa183fb84c1
198,140,2.9386,0xcb3e0c544ac47836c114f7dedafe6fdace8a5af4,2017-10-31T21:04:42.000Z,0.02099,0x951571ecb267b433469ef2c50f4c7b74b1d631f7,buy,0xb7cb1c96db6b22b0d3d9536e0108d062bd488f74,0x35a22ec2f37348fada6c68063ec286badf09064252c84cd2ee07ed03165e03d7
199,9.525000199399114,0.1858327538902767,0x1eaa18a0e964d346f2b5182be3f97d7aab5145b9,2017-10-31T20:57:10.000Z,0.01951,0x86c0fe6d0455dcf76a6754452c75e21f59677465,sell,0xb7cb1c96db6b22b0d3d9536e0108d062bd488f74,0xf6b25ecbfdff22474ae001a8fc376dee54e8388967abcb8b19f75d89f119a54b
200,20,0.4,0x5f7a5241dc4ed10e3e6a46336dd179059cee31f9,2017-10-31T20:51:28.000Z,0.02,0x86c0fe6d0455dcf76a6754452c75e21f59677465,sell,0xb7cb1c96db6b22b0d3d9536e0108d062bd488f74,0x31ab0d693af2f53d0cc2466fc79f23def73ed3d042fb96a24d7138bdd3b3f38d
201,0.0871669118303867,0.001829633479319817,0x1d5321e125f6c7079a716705541c7b371ca79e69,2017-10-31T20:50:24.000Z,0.02099,0x951571ecb267b433469ef2c50f4c7b74b1d631f7,buy,0xb7cb1c96db6b22b0d3d9536e0108d062bd488f74,0x60a32b79bddb3e2f31cfb196ead606be228524e9e42fa44e5948d6bf21bdd13d
202,0.0869061932506348,0.002085748638015235,0xee77a512dd209e392105cb416606a2e4914140e1,2017-10-31T20:50:24.000Z,0.023999999999999997,0x1d5321e125f6c7079a716705541c7b371ca79e69,sell,0xb7cb1c96db6b22b0d3d9536e0108d062bd488f74,0x60a32b79bddb3e2f31cfb196ead606be228524e9e42fa44e5948d6bf21bdd13d
203,28.968470364965185,0.6952432887591644,0xee77a512dd209e392105cb416606a2e4914140e1,2017-10-31T20:49:35.000Z,0.024,0x6d2f27149fbf6c559008e95ede61ff20f3e4b847,sell,0xb7cb1c96db6b22b0d3d9536e0108d062bd488f74,0x975b55618b3da7a61a887448fac2aa69f2e981b8d47793cc001d9bba68822ba4
204,29.055637276795572,0.609877826439939,0x6d2f27149fbf6c559008e95ede61ff20f3e4b847,2017-10-31T20:49:35.000Z,0.02099,0x951571ecb267b433469ef2c50f4c7b74b1d631f7,buy,0xb7cb1c96db6b22b0d3d9536e0108d062bd488f74,0x975b55618b3da7a61a887448fac2aa69f2e981b8d47793cc001d9bba68822ba4
205,9.44578183635455,0.207911104,0x953d1111662196af36e9d387c0f909e14111fa76,2017-10-31T20:22:26.000Z,0.022011,0x951571ecb267b433469ef2c50f4c7b74b1d631f7,sell,0xb7cb1c96db6b22b0d3d9536e0108d062bd488f74,0x8c36be665eac57a89fbfa17da5ea1f69b8689c8e83315c022775f39ae4be899e
206,17.681655596814398,0.38881960657394865,0x8bc4e7570fcf4b60dabc0c543e468c6cdcd51d73,2017-10-31T20:07:01.000Z,0.02199,0x951571ecb267b433469ef2c50f4c7b74b1d631f7,buy,0xb7cb1c96db6b22b0d3d9536e0108d062bd488f74,0x5768b1195fdb41240b9c2c2cc0b559b3beb7cea8ea81d9753510c2ec16688b06
207,23.5,0.4935,0x260582bbefdcd6cf969618aec6ac760379360081,2017-10-31T20:00:10.000Z,0.021,0x9d79b4dee7f1e0a0eeaab19a74365230f6158d84,sell,0xb7cb1c96db6b22b0d3d9536e0108d062bd488f74,0x427e25a5581c60d5dac89122413ec09cbfdd259de4e0f51591c193b881244079
208,0.05860352549823561,0.001288691525706201,0x1d5321e125f6c7079a716705541c7b371ca79e69,2017-10-31T19:39:20.000Z,0.02199,0x951571ecb267b433469ef2c50f4c7b74b1d631f7,buy,0xb7cb1c96db6b22b0d3d9536e0108d062bd488f74,0xb53818c920a8a020d4ff487ce0755a532175d420dc4b48aa2bbdb8c9a963280f
209,0.058428240775907886,0.001402277778621789,0xee77a512dd209e392105cb416606a2e4914140e1,2017-10-31T19:39:20.000Z,0.023999999999999997,0x1d5321e125f6c7079a716705541c7b371ca79e69,sell,0xb7cb1c96db6b22b0d3d9536e0108d062bd488f74,0xb53818c920a8a020d4ff487ce0755a532175d420dc4b48aa2bbdb8c9a963280f
210,19.938191606021334,0.38899411823347624,0x1eaa18a0e964d346f2b5182be3f97d7aab5145b9,2017-10-31T19:32:09.000Z,0.01951,0xa2b16e3b6b64771396c925e61fefd851e757e38e,sell,0xb7cb1c96db6b22b0d3d9536e0108d062bd488f74,0x91ec8245bf2d16b5839bc2ac28838232c56d756b80cc301da0b6eacc58d8bb56
211,19.5931120249101,0.4308525334277731,0x1d5321e125f6c7079a716705541c7b371ca79e69,2017-10-31T19:26:13.000Z,0.02199,0x951571ecb267b433469ef2c50f4c7b74b1d631f7,buy,0xb7cb1c96db6b22b0d3d9536e0108d062bd488f74,0xc3163e512158fb60587ecff3ae74fcc8fea2a7186b468b190c3653a63a9635c2
212,19.534508499411864,0.4688282039858847,0xee77a512dd209e392105cb416606a2e4914140e1,2017-10-31T19:26:13.000Z,0.024,0x1d5321e125f6c7079a716705541c7b371ca79e69,sell,0xb7cb1c96db6b22b0d3d9536e0108d062bd488f74,0xc3163e512158fb60587ecff3ae74fcc8fea2a7186b468b190c3653a63a9635c2
213,10,0.24,0xee77a512dd209e392105cb416606a2e4914140e1,2017-10-31T19:25:32.000Z,0.024,0xc297ce89eb439223c078dc3f8f89d886de014e52,sell,0xb7cb1c96db6b22b0d3d9536e0108d062bd488f74,0x6a1492ca5a178b651f585d1eaca2872003392875760b70e5f615cfca4146ad10
214,6.240489655618378,0.14977175173484109,0xee77a512dd209e392105cb416606a2e4914140e1,2017-10-31T19:23:54.000Z,0.024,0x1d5321e125f6c7079a716705541c7b371ca79e69,sell,0xb7cb1c96db6b22b0d3d9536e0108d062bd488f74,0x0d5161cc7e4c629a049625f3b63469bf9c9dde645fce6301e686689bdd1ec1a8
215,6.259211124585233,0.13764005262962928,0x1d5321e125f6c7079a716705541c7b371ca79e69,2017-10-31T19:23:54.000Z,0.02199,0x951571ecb267b433469ef2c50f4c7b74b1d631f7,buy,0xb7cb1c96db6b22b0d3d9536e0108d062bd488f74,0x0d5161cc7e4c629a049625f3b63469bf9c9dde645fce6301e686689bdd1ec1a8
216,37.48488732062693,0.8242926721805862,0xce7b45f913ed2eede94ccd573ad5e03e6209339d,2017-10-31T19:22:59.000Z,0.02199,0x951571ecb267b433469ef2c50f4c7b74b1d631f7,buy,0xb7cb1c96db6b22b0d3d9536e0108d062bd488f74,0x716d9e266e2ec1fec43b82e1c6975223013e6911d6605fc87dcdd41aa1e5eba0
217,134.27359951240913,2.6075933025309856,0x7275684df25a79b56047239b09d7e111fd3a4320,2017-10-31T19:07:05.000Z,0.01942,0x89a992323cbd5e0a207825ecb278f5b5cffad4c3,sell,0xb7cb1c96db6b22b0d3d9536e0108d062bd488f74,0x370a5814151b6a9933dd242e7baf3c9deb4019786a6fd8db056f389c119328ea
218,7.1,0.14342,0x9c62de7d38089db17a0ce3b3bf767f63979aceb6,2017-10-31T19:04:44.000Z,0.0202,0x89a992323cbd5e0a207825ecb278f5b5cffad4c3,sell,0xb7cb1c96db6b22b0d3d9536e0108d062bd488f74,0x91033d5ecf25cc6ab0d86a208580e354de88d22483f7ee26483aeed30e3d14ea
219,10,0.2201,0xc297ce89eb439223c078dc3f8f89d886de014e52,2017-10-31T19:03:17.000Z,0.02201,0x89a992323cbd5e0a207825ecb278f5b5cffad4c3,sell,0xb7cb1c96db6b22b0d3d9536e0108d062bd488f74,0x620b01fe17a616f56f9a224cda3994a3041ab8848068242239dcabe2ab1bbb60
220,1.7884557870601137,0.03666334363473233,0xea2996b9e0375f0251563bf581ac75a93380494b,2017-10-31T19:01:37.000Z,0.0205,0x79ba821f4670f614db04e80185127c2e1a381605,sell,0xb7cb1c96db6b22b0d3d9536e0108d062bd488f74,0xa66b1d6faa38c89a96be0b5aa234515a5baab93986b3118fcde30aaf53126197
221,1,0.02201,0xba08fb1bafc4a536c803038fa2d5a0c1a9100a1c,2017-10-31T19:00:02.000Z,0.02201,0x79ba821f4670f614db04e80185127c2e1a381605,sell,0xb7cb1c96db6b22b0d3d9536e0108d062bd488f74,0x4a29e75b23e647b8251c288c6867368f667bbde5ccd7f2b112a87973c90d07b8
222,5.383597380065021,0.11849836193261118,0x953d1111662196af36e9d387c0f909e14111fa76,2017-10-31T18:20:27.000Z,0.022011,0x951571ecb267b433469ef2c50f4c7b74b1d631f7,sell,0xb7cb1c96db6b22b0d3d9536e0108d062bd488f74,0xfdb6f45fe551fc02fd746df0542785e91d8da555332cf7de2042c84808ba9711
223,45,0.99495,0xc6d63792fba47ed3dcab5ce7df14d6b5c1ed9f86,2017-10-31T17:54:20.000Z,0.02211,0xcd3acc6a8725a5c42609783f6fb8486ec43335ea,sell,0xb7cb1c96db6b22b0d3d9536e0108d062bd488f74,0x0c131a470fb44830559f35908db4bc07758a52f087d54fd94793bfcd048a3532
224,50.46390960948198,1.1303915752523963,0x3b7200a758e35777c72e635ddf59e8d3aab4dadb,2017-10-31T17:53:30.000Z,0.0224,0x951571ecb267b433469ef2c50f4c7b74b1d631f7,buy,0xb7cb1c96db6b22b0d3d9536e0108d062bd488f74,0xeb518773e0d3c24989ebefe2182b716ccb1973594fc3aca00a36b8909fd5f66d
225,1,0.0224,0x422d7c1f2f04e7582163d1381a436516f4de3c2a,2017-10-31T17:50:31.000Z,0.0224,0x951571ecb267b433469ef2c50f4c7b74b1d631f7,buy,0xb7cb1c96db6b22b0d3d9536e0108d062bd488f74,0x9f4e4aa128350b05516e180b742715aecd872caf37c07b9d65938ef105da2b34
226,74,1.702,0x3b7200a758e35777c72e635ddf59e8d3aab4dadb,2017-10-31T17:39:55.000Z,0.023,0x951571ecb267b433469ef2c50f4c7b74b1d631f7,sell,0xb7cb1c96db6b22b0d3d9536e0108d062bd488f74,0xf9d6c1fcb38b6644dfe3c7bc3c9395dfefc2926024e833a1f4fc11183b283781
227,64.17284602882528,1.6364075737350448,0x0bdad3968886364804945951e5588f224cc482f4,2017-10-31T17:36:07.000Z,0.0255,0x951571ecb267b433469ef2c50f4c7b74b1d631f7,sell,0xb7cb1c96db6b22b0d3d9536e0108d062bd488f74,0x973122de80a804ce346e3c37130258bba1bceb7d7581355c6e615943e1427e79
228,166,3.818,0x3b7200a758e35777c72e635ddf59e8d3aab4dadb,2017-10-31T17:35:46.000Z,0.023,0x4121bd8ab6219b43af31686347a8fad622dba135,sell,0xb7cb1c96db6b22b0d3d9536e0108d062bd488f74,0x5ac5f0a5f55c5a0fbe4084c6c9b27c427d72d6b93c79c3d92ead6dc5a8025bab
229,0.07771687064360007,0.001981780201411801,0x0bdad3968886364804945951e5588f224cc482f4,2017-10-31T17:35:22.000Z,0.02549999999999999,0x1d5321e125f6c7079a716705541c7b371ca79e69,sell,0xb7cb1c96db6b22b0d3d9536e0108d062bd488f74,0xdaf5766c494a4dcf5b7d528e8b5b5db744131d07e54fd89d85b2a9f18c11a118
230,0.07795002125553087,0.001771414233031939,0x1d5321e125f6c7079a716705541c7b371ca79e69,2017-10-31T17:35:22.000Z,0.022725,0xeb73d8f2590f7929d82cc2f832f2c94ce4789fba,buy,0xb7cb1c96db6b22b0d3d9536e0108d062bd488f74,0xdaf5766c494a4dcf5b7d528e8b5b5db744131d07e54fd89d85b2a9f18c11a118
231,0.000000000000000062,0.000000000000000001,0x0bdad3968886364804945951e5588f224cc482f4,2017-10-31T17:35:22.000Z,0.016129032258064516,0x82af6f6edd116fbf357aa5bb7668f58f969f723c,sell,0xb7cb1c96db6b22b0d3d9536e0108d062bd488f74,0x2dd4180597899863f4120a9ea1e458824672a5b0c36942c8b03b69c9111e57d9
232,30.049481555334204,0.7662617796610223,0x0bdad3968886364804945951e5588f224cc482f4,2017-10-31T17:34:33.000Z,0.0255,0x1d5321e125f6c7079a716705541c7b371ca79e69,sell,0xb7cb1c96db6b22b0d3d9536e0108d062bd488f74,0xdc347f23e05762a3f7a564068a6b9c1547fba585c75edc11659adff37b8fa722
233,30.139630000000206,0.6751276999441527,0x1d5321e125f6c7079a716705541c7b371ca79e69,2017-10-31T17:34:33.000Z,0.0223999996,0x82af6f6edd116fbf357aa5bb7668f58f969f723c,buy,0xb7cb1c96db6b22b0d3d9536e0108d062bd488f74,0xdc347f23e05762a3f7a564068a6b9c1547fba585c75edc11659adff37b8fa722
234,49.646097098993124,1.2659754760243247,0x0bdad3968886364804945951e5588f224cc482f4,2017-10-31T17:33:43.000Z,0.0255,0x951571ecb267b433469ef2c50f4c7b74b1d631f7,sell,0xb7cb1c96db6b22b0d3d9536e0108d062bd488f74,0xc1639d5472d9c7a0ea1e9357a9c919889668dcc3f814bade07c208a10f9ebc77
235,100,2.37999,0xd815bbdb973fcfae73f27ddc9a135e377028c1c5,2017-10-31T17:31:34.000Z,0.0237999,0x951571ecb267b433469ef2c50f4c7b74b1d631f7,buy,0xb7cb1c96db6b22b0d3d9536e0108d062bd488f74,0xc75801f5045141ec101edce60b5fb8f12de56baed960dc406451444f2b299801
236,99.70089730807577,2.542372881355932,0x0bdad3968886364804945951e5588f224cc482f4,2017-10-31T17:31:34.000Z,0.0255,0xd815bbdb973fcfae73f27ddc9a135e377028c1c5,sell,0xb7cb1c96db6b22b0d3d9536e0108d062bd488f74,0xc75801f5045141ec101edce60b5fb8f12de56baed960dc406451444f2b299801
237,0.019365169975231,0.000426033739455082,0x1d5321e125f6c7079a716705541c7b371ca79e69,2017-10-31T17:30:27.000Z,0.022,0x1b7688a79d07be5b3d03cfc59983c0d3ddf54de3,buy,0xb7cb1c96db6b22b0d3d9536e0108d062bd488f74,0xe2c90de05ffbab2639f96201cdc58f34a0c9eac51747e3f95a7a34abe4183d20
238,0.019307248230539382,0.000492334829878754,0x0bdad3968886364804945951e5588f224cc482f4,2017-10-31T17:30:27.000Z,0.025499999999999988,0x1d5321e125f6c7079a716705541c7b371ca79e69,sell,0xb7cb1c96db6b22b0d3d9536e0108d062bd488f74,0xe2c90de05ffbab2639f96201cdc58f34a0c9eac51747e3f95a7a34abe4183d20
239,193.65169975231024,4.938118343683911,0x0bdad3968886364804945951e5588f224cc482f4,2017-10-31T17:29:28.000Z,0.0255,0x1b7688a79d07be5b3d03cfc59983c0d3ddf54de3,sell,0xb7cb1c96db6b22b0d3d9536e0108d062bd488f74,0xadd91102bb9158cf4f9bc51bd971b7cc0754240101cdf378cce8390bcece30e8
240,195,4.893246541903987,0x1d5321e125f6c7079a716705541c7b371ca79e69,2017-10-31T17:29:18.000Z,0.025093572009764035,0xe6f7ffc5dcedc6fe25bf424a271cf548b6178fa0,buy,0xb7cb1c96db6b22b0d3d9536e0108d062bd488f74,0xd24e7bd959f6f255b321eca57daa0f636c130cd25b2f544218accff6b6212850
241,194.41674975074775,4.9576271186440675,0x0bdad3968886364804945951e5588f224cc482f4,2017-10-31T17:29:18.000Z,0.0255,0x1d5321e125f6c7079a716705541c7b371ca79e69,sell,0xb7cb1c96db6b22b0d3d9536e0108d062bd488f74,0xd24e7bd959f6f255b321eca57daa0f636c130cd25b2f544218accff6b6212850
242,43.36989032901296,1.1059322033898304,0x0bdad3968886364804945951e5588f224cc482f4,2017-10-31T17:28:54.000Z,0.0255,0x1d5321e125f6c7079a716705541c7b371ca79e69,sell,0xb7cb1c96db6b22b0d3d9536e0108d062bd488f74,0xaf661e9781f865493c9bf5376aa7db0708d16cd3043355e40e37a38cf02f744a
243,43.5,1.065749565,0x1d5321e125f6c7079a716705541c7b371ca79e69,2017-10-31T17:28:54.000Z,0.02449999,0x2475fe4d7a9d7d2e7908baf6697b801596bf5148,buy,0xb7cb1c96db6b22b0d3d9536e0108d062bd488f74,0xaf661e9781f865493c9bf5376aa7db0708d16cd3043355e40e37a38cf02f744a
244,24.92522432701894,0.635593220338983,0x0bdad3968886364804945951e5588f224cc482f4,2017-10-31T17:27:53.000Z,0.0255,0x1d5321e125f6c7079a716705541c7b371ca79e69,sell,0xb7cb1c96db6b22b0d3d9536e0108d062bd488f74,0x52e9e74bc050ed95abbaffe21b56d92c571670c6bfbcf75489af2a1ad6b9b68e
245,25,0.612499725,0x1d5321e125f6c7079a716705541c7b371ca79e69,2017-10-31T17:27:53.000Z,0.024499989,0x21d542b6403c2d4406494bdac9db0cbedcbe91da,buy,0xb7cb1c96db6b22b0d3d9536e0108d062bd488f74,0x52e9e74bc050ed95abbaffe21b56d92c571670c6bfbcf75489af2a1ad6b9b68e
246,9.970089730807578,0.2542372881355932,0x0bdad3968886364804945951e5588f224cc482f4,2017-10-31T17:26:27.000Z,0.0255,0x1d5321e125f6c7079a716705541c7b371ca79e69,sell,0xb7cb1c96db6b22b0d3d9536e0108d062bd488f74,0x2bc4656cd21a2f6150173b4db6f82c2f0e43c4d6bfe96d4d4f1afbb3371b355b
247,10,0.2379,0x1d5321e125f6c7079a716705541c7b371ca79e69,2017-10-31T17:26:27.000Z,0.02379,0x179db9068c45e6617c13176c4c5082c9e5e347fc,buy,0xb7cb1c96db6b22b0d3d9536e0108d062bd488f74,0x2bc4656cd21a2f6150173b4db6f82c2f0e43c4d6bfe96d4d4f1afbb3371b355b
248,25,0.5625,0x1d5321e125f6c7079a716705541c7b371ca79e69,2017-10-31T17:24:22.000Z,0.0225,0xacb61b83aa858bd806623fc74d7aaf95fe037728,buy,0xb7cb1c96db6b22b0d3d9536e0108d062bd488f74,0x77278874407beca94612eb45815334be4cb61e4a84405cc8d8d6a22d200dff81
249,24.92522432701894,0.5857427716849452,0x0bdad3968886364804945951e5588f224cc482f4,2017-10-31T17:24:22.000Z,0.0235,0x1d5321e125f6c7079a716705541c7b371ca79e69,sell,0xb7cb1c96db6b22b0d3d9536e0108d062bd488f74,0x77278874407beca94612eb45815334be4cb61e4a84405cc8d8d6a22d200dff81
250,222.5,5.05075,0xd815bbdb973fcfae73f27ddc9a135e377028c1c5,2017-10-31T17:22:27.000Z,0.0227,0xeb73d8f2590f7929d82cc2f832f2c94ce4789fba,buy,0xb7cb1c96db6b22b0d3d9536e0108d062bd488f74,0xa5a27e1e1a068ef2749db60aa55e06762aa59b839133a5cac59080fd7b08f5d9
251,221.8344965104686,5.213110667996012,0x0bdad3968886364804945951e5588f224cc482f4,2017-10-31T17:22:27.000Z,0.0235,0xd815bbdb973fcfae73f27ddc9a135e377028c1c5,sell,0xb7cb1c96db6b22b0d3d9536e0108d062bd488f74,0xa5a27e1e1a068ef2749db60aa55e06762aa59b839133a5cac59080fd7b08f5d9
252,299.477039718991,6.738233273886482,0x1d5321e125f6c7079a716705541c7b371ca79e69,2017-10-31T17:20:48.000Z,0.0224999996,0x82af6f6edd116fbf357aa5bb7668f58f969f723c,buy,0xb7cb1c96db6b22b0d3d9536e0108d062bd488f74,0xc5e3dc617fd4124ea3f1ec4e16030846de32594187e0ce3d0ea36043e48a2e30
253,298.5812958314965,6.83751167454127,0x0bdad3968886364804945951e5588f224cc482f4,2017-10-31T17:20:48.000Z,0.0229,0x1d5321e125f6c7079a716705541c7b371ca79e69,sell,0xb7cb1c96db6b22b0d3d9536e0108d062bd488f74,0xc5e3dc617fd4124ea3f1ec4e16030846de32594187e0ce3d0ea36043e48a2e30
254,410,9.184,0xd815bbdb973fcfae73f27ddc9a135e377028c1c5,2017-10-31T17:20:08.000Z,0.0224,0x1eaa18a0e964d346f2b5182be3f97d7aab5145b9,buy,0xb7cb1c96db6b22b0d3d9536e0108d062bd488f74,0x2681e91ef849d0b868d8e6e16144f11f1f83c2891d31f684244509b9ca2003bf
255,408.7736789631107,9.360917248255234,0x0bdad3968886364804945951e5588f224cc482f4,2017-10-31T17:20:08.000Z,0.0229,0xd815bbdb973fcfae73f27ddc9a135e377028c1c5,sell,0xb7cb1c96db6b22b0d3d9536e0108d062bd488f74,0x2681e91ef849d0b868d8e6e16144f11f1f83c2891d31f684244509b9ca2003bf
256,9.973268321709751,0.200462693266366,0x1eaa18a0e964d346f2b5182be3f97d7aab5145b9,2017-10-31T15:46:58.000Z,0.0201,0xc637b6002de22dae16a29d60a01c37d9cc8f4b0f,sell,0xb7cb1c96db6b22b0d3d9536e0108d062bd488f74,0x5d2a2b549f616fbfa2651e01ab7f391ebeea7a15c5f9c185e65fc99ce734c401
257,30,0.6,0x3b7200a758e35777c72e635ddf59e8d3aab4dadb,2017-10-31T15:44:54.000Z,0.02,0x7cd0de48f0a8ed7e0c3f051a91880c8ebf0f0c32,sell,0xb7cb1c96db6b22b0d3d9536e0108d062bd488f74,0x4c90c8192c52b898f2b1b248196abd1392ac1f6e00a59a7dd624091104825cff
258,0.1,0.0022,0x94b0bf6dd676f7b4884557735945b927535fd822,2017-10-31T13:34:02.000Z,0.022,0x1b7688a79d07be5b3d03cfc59983c0d3ddf54de3,buy,0xb7cb1c96db6b22b0d3d9536e0108d062bd488f74,0x9e6c90192843a92bd21fc0589faf1f44d67e586da9a55ec10e145dfbe178a30e
259,0.27375859748760706,0.005748930547239748,0x96d0559dfa73e845e748567cb8cc26001f6d3da2,2017-10-31T13:16:02.000Z,0.020999999999999998,0x1d5321e125f6c7079a716705541c7b371ca79e69,sell,0xb7cb1c96db6b22b0d3d9536e0108d062bd488f74,0xe096f42b453731d49c3efb15f35672181a0ffae9f118a91f6c79982ed5db6c81
260,0.2745798732800699,0.005711261364225454,0x1d5321e125f6c7079a716705541c7b371ca79e69,2017-10-31T13:16:02.000Z,0.0208,0x3df86cefaecfaa31be2f74f8f832cb4ef62b79f8,buy,0xb7cb1c96db6b22b0d3d9536e0108d062bd488f74,0xe096f42b453731d49c3efb15f35672181a0ffae9f118a91f6c79982ed5db6c81
261,16,0.336,0xd331f2a397a43d50233a6ea993af3edf40aa80bc,2017-10-31T13:06:14.000Z,0.021,0x82af6f6edd116fbf357aa5bb7668f58f969f723c,buy,0xb7cb1c96db6b22b0d3d9536e0108d062bd488f74,0xb1830b519575039b3cc32bd83fc15d4180955674b98adaa8fede858769a61219
262,4,0.0828,0x39fc1e41fdb0b9619ed25be6c5f89faa7497de66,2017-10-31T12:53:22.000Z,0.0207,0x82af6f6edd116fbf357aa5bb7668f58f969f723c,sell,0xb7cb1c96db6b22b0d3d9536e0108d062bd488f74,0x062eb829dbd1a4af23b46da53a0ac14a93fbb2ecfe6efc6c040f1986056fa35d
263,43.847825293164256,0.9164195486271329,0x39fc1e41fdb0b9619ed25be6c5f89faa7497de66,2017-10-31T12:39:34.000Z,0.0209,0x951571ecb267b433469ef2c50f4c7b74b1d631f7,buy,0xb7cb1c96db6b22b0d3d9536e0108d062bd488f74,0x5f7ea37224861a561644398a0a225bb0962b90b698912ae17b8bb10a698d113e
264,89.47480281809963,1.8351282057992235,0x3dee4a4e076e8d82859d241db0baf46f112cfa23,2017-10-31T12:36:52.000Z,0.02051,0x951571ecb267b433469ef2c50f4c7b74b1d631f7,sell,0xb7cb1c96db6b22b0d3d9536e0108d062bd488f74,0xe72f34b45036cfbc999d2e8314a51e0bf9c01613efa57aacbc559b6434cd0a06
265,6.411113028576681,0.1224522588458146,0xaf318ec14c84bdb5b7f02db14154cc6b60e0b790,2017-10-31T12:30:07.000Z,0.0191,0x90fd0b045bfe9cce810d99f2ab350f4cbf57c2ca,sell,0xb7cb1c96db6b22b0d3d9536e0108d062bd488f74,0xcf50fb48514a0c7910518d39a6cda4f0eba9d230f7a50ec4d16cb1db24a3fc7e
266,10.525197181900364,0.21587179420077646,0x3dee4a4e076e8d82859d241db0baf46f112cfa23,2017-10-31T12:25:54.000Z,0.02051,0x951571ecb267b433469ef2c50f4c7b74b1d631f7,sell,0xb7cb1c96db6b22b0d3d9536e0108d062bd488f74,0xd773905c9958709b01c5c9dd923a7f5d4509a39df3bf55d44592e7f11734c9f2
267,191.7999214005532,4.142878302251948,0x97290863725d70d792882fc0f3487fa76d2420a0,2017-10-31T11:56:22.000Z,0.0216,0xfbb4fbc6d467ea31621724a8460ab7a58fad7055,sell,0xb7cb1c96db6b22b0d3d9536e0108d062bd488f74,0xe0853ec45b522c2371b6f9d61a71482f72bbe9145254d52b1676df0511a4b239
268,9.969095803010667,0.2153324693450304,0x97290863725d70d792882fc0f3487fa76d2420a0,2017-10-31T11:47:40.000Z,0.0216,0xfc2acd6ac8560d587a32b6261909fcde979bd3ee,sell,0xb7cb1c96db6b22b0d3d9536e0108d062bd488f74,0xdba6e203eb6fc8bac4cad774fa24670d206b7138eb277b8c496ef07e33ba221f
269,170.499,3.7190035044050704,0xe6f7ffc5dcedc6fe25bf424a271cf548b6178fa0,2017-10-31T11:39:32.000Z,0.021812465201585172,0xfbb4fbc6d467ea31621724a8460ab7a58fad7055,sell,0xb7cb1c96db6b22b0d3d9536e0108d062bd488f74,0x78e1fe47e0c22d1b8870e48f8a694557ce3a598bffaeed7d0153944a25f72aaa
270,47.387707329381655,1.0336427075523809,0x39fc1e41fdb0b9619ed25be6c5f89faa7497de66,2017-10-31T11:26:20.000Z,0.021812465,0x6ed48086e062f2dec5cefde0f5cddde73a78cb04,sell,0xb7cb1c96db6b22b0d3d9536e0108d062bd488f74,0x89545a5083ec5dd1154e569c90a6b5bb5a8ed149b6072de4c4b04dad794a55bd
271,2.16,0.04752,0x8c84356091ee0280eb986f3325f215adac53a445,2017-10-31T11:24:17.000Z,0.022,0x6ed48086e062f2dec5cefde0f5cddde73a78cb04,sell,0xb7cb1c96db6b22b0d3d9536e0108d062bd488f74,0x4a092123fba7c21d69831bad115c29adb54ffe040371722ae8090dcb9ea3c534
272,3.158,0.069510738,0x953d1111662196af36e9d387c0f909e14111fa76,2017-10-31T11:24:13.000Z,0.022011,0x6ed48086e062f2dec5cefde0f5cddde73a78cb04,sell,0xb7cb1c96db6b22b0d3d9536e0108d062bd488f74,0x6fc113135e657589328afddfe60f191d369836c653d8f3aeaa83399e5a61ce94
273,2,0.0442,0x445598750201119e8c0df5998d04ace8796c0ae7,2017-10-31T11:10:28.000Z,0.0221,0x3df86cefaecfaa31be2f74f8f832cb4ef62b79f8,sell,0xb7cb1c96db6b22b0d3d9536e0108d062bd488f74,0xd13e7b7b142a8d3dc452f58d9357e3536637983c39225301657cef5ba294a128
274,400,8.724,0x1eaa18a0e964d346f2b5182be3f97d7aab5145b9,2017-10-31T11:09:47.000Z,0.02181,0x3df86cefaecfaa31be2f74f8f832cb4ef62b79f8,sell,0xb7cb1c96db6b22b0d3d9536e0108d062bd488f74,0xc116782d27d605be6a357be35be532f80a0229a066e9948671caa31a188f9255
275,24.50077648066731,0.5344223343963721,0xe6f7ffc5dcedc6fe25bf424a271cf548b6178fa0,2017-10-31T11:07:45.000Z,0.021812465201585172,0xcd3acc6a8725a5c42609783f6fb8486ec43335ea,sell,0xb7cb1c96db6b22b0d3d9536e0108d062bd488f74,0xc89bf187d94a03dd33dcb81e330c9bf25475352de1a0e1d68e5ac749b41aae02
276,20.94,0.498369906,0x6a566793cf3eb13de5094271ba8c60d544fec67a,2017-10-31T11:05:30.000Z,0.0237999,0xcd3acc6a8725a5c42609783f6fb8486ec43335ea,sell,0xb7cb1c96db6b22b0d3d9536e0108d062bd488f74,0x0ccf1b60c746071e3ef2a7ad41ed4941c1662925d829756eb4548e953879a8bd
277,222.48471562658509,4.8968885909411375,0xeb73d8f2590f7929d82cc2f832f2c94ce4789fba,2017-10-31T11:01:50.000Z,0.02201,0x951571ecb267b433469ef2c50f4c7b74b1d631f7,sell,0xb7cb1c96db6b22b0d3d9536e0108d062bd488f74,0xf9e4172b49c52a4b16d8402299e27e5759e86382dd258a64077cc28a8d42a5a8
278,450,9.9,0xee292616e52c2d223180fcda699241fa53bbcc66,2017-10-31T10:58:43.000Z,0.022,0x39fc1e41fdb0b9619ed25be6c5f89faa7497de66,sell,0xb7cb1c96db6b22b0d3d9536e0108d062bd488f74,0x91c4e2a9e5ddb48921673c2cf4f258004fdf3ff0df851c786a6379f9d8e22b11
279,30,0.716997,0xb339b59360de7c3f804c6cf4e5f4e7ecc4735991,2017-10-31T09:42:52.000Z,0.0238999,0x951571ecb267b433469ef2c50f4c7b74b1d631f7,buy,0xb7cb1c96db6b22b0d3d9536e0108d062bd488f74,0x5c29bc3b7301fefcb74bc6208ef7564d7e83223cd3f747b196ec97e7dfc2c955
280,0.1106679960119641,0.002810967098703888,0xabbb9f579d421a72301abffbfa85b7caa998f7bd,2017-10-31T09:42:41.000Z,0.025399999999999995,0x1d5321e125f6c7079a716705541c7b371ca79e69,sell,0xb7cb1c96db6b22b0d3d9536e0108d062bd488f74,0x690e5299275fa39f813563c77d40ad78d86cdd525016da93e7fd11b7fc259e43
281,0.111,0.0026528889,0x1d5321e125f6c7079a716705541c7b371ca79e69,2017-10-31T09:42:41.000Z,0.0238999,0x951571ecb267b433469ef2c50f4c7b74b1d631f7,buy,0xb7cb1c96db6b22b0d3d9536e0108d062bd488f74,0x690e5299275fa39f813563c77d40ad78d86cdd525016da93e7fd11b7fc259e43
282,9.973072510651905,0.2195172990319591,0x953d1111662196af36e9d387c0f909e14111fa76,2017-10-31T09:22:15.000Z,0.022011,0x00a7fe7c9f394cf9a1fed84c135aa4cff02f64d4,sell,0xb7cb1c96db6b22b0d3d9536e0108d062bd488f74,0x1a7463e7793316f0e3cc0997b25a72b77624a3c03d5e231100d0e224e8757aee
283,0.08971741224262379,0.002108359187701659,0x1d5321e125f6c7079a716705541c7b371ca79e69,2017-10-31T08:56:50.000Z,0.0235,0xcd3acc6a8725a5c42609783f6fb8486ec43335ea,buy,0xb7cb1c96db6b22b0d3d9536e0108d062bd488f74,0xe0caa1e19d1bf40619e6eaad880d542776849a80bd02a32cc0ed25905fe18725
284,0.08944906504748135,0.002146777561139552,0xee77a512dd209e392105cb416606a2e4914140e1,2017-10-31T08:56:50.000Z,0.023999999999999997,0x1d5321e125f6c7079a716705541c7b371ca79e69,sell,0xb7cb1c96db6b22b0d3d9536e0108d062bd488f74,0xe0caa1e19d1bf40619e6eaad880d542776849a80bd02a32cc0ed25905fe18725
285,110,2.695,0x7934c8682c935af9460088a4b613adc3777ec2c3,2017-10-31T06:10:47.000Z,0.0245,0xafe49cf62215f8df3383be7469a8702f7195083e,buy,0xb7cb1c96db6b22b0d3d9536e0108d062bd488f74,0x28d0e07f71a2341c8c4c53bc5b9ff0a299de1b2b08f5a9988bb6b9f7c30e52e3
286,50,1.22,0x7934c8682c935af9460088a4b613adc3777ec2c3,2017-10-31T06:07:52.000Z,0.0244,0xfbf7dc0756a9768d0c71aea5f8421f3b1eaee7d1,buy,0xb7cb1c96db6b22b0d3d9536e0108d062bd488f74,0x9b5a13733119c9e792fb305208196b3ad9354b4250d39685bf2aefdc05816a5a
287,0.0214872623508,0.0005156942964192,0xee77a512dd209e392105cb416606a2e4914140e1,2017-10-31T06:04:51.000Z,0.024,0xe444a40689f51f63bcd29910622035707d533d29,sell,0xb7cb1c96db6b22b0d3d9536e0108d062bd488f74,0x0bdaf354d3e13152e968509407403c41e4e81bbd6c9962c7fad375d88f701e6e
288,10.128663345936415,0.24815225197544216,0x828afb810208e8a9d5b2a27a02e0f0add4e48312,2017-10-31T04:48:14.000Z,0.0245,0xafe49cf62215f8df3383be7469a8702f7195083e,buy,0xb7cb1c96db6b22b0d3d9536e0108d062bd488f74,0xce91bc6208ae9973fa7d3b50e658799efa2a1b0faee6d9db2f5a8dc234df6ca2
289,6.2201559975995595,0.14312578950476587,0x24d528b8530db22c0949f28fbbbd3c1cce771633,2017-10-31T04:44:12.000Z,0.02301,0x1d1d215fa73293aa50bac6d603fbd3fe784129c8,sell,0xb7cb1c96db6b22b0d3d9536e0108d062bd488f74,0x24aa10a1fbd37da5314d3e1f2fda2e687a36652a878a061d614ec1ed2f2e7742
290,43.5,1.000935435,0x2475fe4d7a9d7d2e7908baf6697b801596bf5148,2017-10-31T04:42:32.000Z,0.02301001,0x1d1d215fa73293aa50bac6d603fbd3fe784129c8,sell,0xb7cb1c96db6b22b0d3d9536e0108d062bd488f74,0xac5a86e4653b96d2d79a36f85ae6e77046aa9c188c1664db965ca9f351c90082
291,50,1.155,0xfbf7dc0756a9768d0c71aea5f8421f3b1eaee7d1,2017-10-31T04:41:39.000Z,0.0231,0x1d1d215fa73293aa50bac6d603fbd3fe784129c8,sell,0xb7cb1c96db6b22b0d3d9536e0108d062bd488f74,0xccb22692734b3c03fca5aa5e6929bfa7d4e47e11e14cb840b9dc95619f36548f
292,0.8969317842323652,0.021616055999999998,0xe6df02d852c6eab9456fc1b6b95d822a1ea1fadb,2017-10-31T02:56:56.000Z,0.0241,0x90fd0b045bfe9cce810d99f2ab350f4cbf57c2ca,sell,0xb7cb1c96db6b22b0d3d9536e0108d062bd488f74,0x2d2ef68bca4acdf3332b2db9dba18ea700b1e1d3fae5b22e34d6e2b914ef690a
293,15,0.3615,0x3fbcd0163364119be31459bc061be9c7ff8934d1,2017-10-31T02:48:13.000Z,0.0241,0x2bab3a87c69681a299aa1fae4b4c01d0f15d93af,sell,0xb7cb1c96db6b22b0d3d9536e0108d062bd488f74,0xbecccbe849ee646fae97f432bba5ce18a2849a3295676a3fbe4fad914a66d0c7
294,21,0.5082,0x72bed9a23f6996d497332cb9af109cb3c1c6678b,2017-10-31T02:48:09.000Z,0.0242,0x2bab3a87c69681a299aa1fae4b4c01d0f15d93af,sell,0xb7cb1c96db6b22b0d3d9536e0108d062bd488f74,0x0d84fc318bdb763690f1f60a68433b0d842ebc43a340fd1605e23637dfc19beb
295,6,0.1524,0x273a5d3e6721b9f5c1a6474f560c1334c63dda01,2017-10-31T01:44:51.000Z,0.0254,0x5edf0ab528eeaae340b3be58ee4da57f75108726,buy,0xb7cb1c96db6b22b0d3d9536e0108d062bd488f74,0x0c79168a24db30aa9d220cbf5aed238aca4f3584569a3675223bf113b54539fb
296,42.1,1.0525,0x092410f6c66c761144069911a36a5a14c998cb35,2017-10-31T01:44:51.000Z,0.025,0xcd3acc6a8725a5c42609783f6fb8486ec43335ea,sell,0xb7cb1c96db6b22b0d3d9536e0108d062bd488f74,0xfb39dc7ea032c56d3614aca37e6287d46269e26d1a2da899c67890a5d74edb67
297,5.982,0.155532,0xe6df02d852c6eab9456fc1b6b95d822a1ea1fadb,2017-10-31T01:44:51.000Z,0.026,0x273a5d3e6721b9f5c1a6474f560c1334c63dda01,sell,0xb7cb1c96db6b22b0d3d9536e0108d062bd488f74,0x0c79168a24db30aa9d220cbf5aed238aca4f3584569a3675223bf113b54539fb
298,10,0.240001,0xd2216a453941ee20b9ac3678a57d00013b12bb03,2017-10-31T00:15:39.000Z,0.0240001,0x6dc8a351ce571992b0d4f86becce5a9b5bf9fa1e,sell,0xb7cb1c96db6b22b0d3d9536e0108d062bd488f74,0x3edb78cb45e1c10fd1d77e71bae5351d00a5e4cbe746e8d0024b494b125b22a5
299,10,0.25899998999,0xe3cd68016859a41ad78cc680f12516c6d1ba067d,2017-10-31T00:02:14.000Z,0.025899998999,0x82af6f6edd116fbf357aa5bb7668f58f969f723c,buy,0xb7cb1c96db6b22b0d3d9536e0108d062bd488f74,0x38b858183bf1c1d49654d68a841d784574f20f2b33a24bc507458cea053067af
300,10,0.25899999,0xe3cd68016859a41ad78cc680f12516c6d1ba067d,2017-10-31T00:01:40.000Z,0.025899999,0x21d542b6403c2d4406494bdac9db0cbedcbe91da,sell,0xb7cb1c96db6b22b0d3d9536e0108d062bd488f74,0xad98f258c80beba6668c21ef3d62059deb03814f2b4f049ae8782ee19f3285ca
301,36.77499750772605,0.8825999401854252,0x092410f6c66c761144069911a36a5a14c998cb35,2017-10-30T23:38:46.000Z,0.024,0xabbb9f579d421a72301abffbfa85b7caa998f7bd,sell,0xb7cb1c96db6b22b0d3d9536e0108d062bd488f74,0x3e79e73955693bf65abfbb58cc50292d8a94bb1ecfeb247652921fa4a2439730
302,13,0.3315,0x942a7f37357aecd37f80897c47b1841c4fcf5189,2017-10-30T23:31:44.000Z,0.0255,0x1be5e64f9d12be1319c841b946d59f444c61b9a5,sell,0xb7cb1c96db6b22b0d3d9536e0108d062bd488f74,0x27b386ea81f7b11c4a877f830d46c1387b9643fa91c55659c2e59ad28b4d9dc7
303,0.6018,0.0155866193982,0x0cd2795a623adeb9370e2895e8d7526a6e4c556d,2017-10-30T23:15:35.000Z,0.025899999,0x21d542b6403c2d4406494bdac9db0cbedcbe91da,buy,0xb7cb1c96db6b22b0d3d9536e0108d062bd488f74,0x59d1d7e0f978444974d16f71a6a24b9fe06c7575bfec8fb2c54dd005346e38f9
304,0.6,0.018,0x141605c92a5e23a375733d0ec559ccea2e6229de,2017-10-30T23:15:35.000Z,0.03,0x0cd2795a623adeb9370e2895e8d7526a6e4c556d,sell,0xb7cb1c96db6b22b0d3d9536e0108d062bd488f74,0x59d1d7e0f978444974d16f71a6a24b9fe06c7575bfec8fb2c54dd005346e38f9
305,200,5.179999999980001,0xd2ea382e498316d91b9de8557670149b479721a0,2017-10-30T23:15:13.000Z,0.0258999999999,0x82af6f6edd116fbf357aa5bb7668f58f969f723c,buy,0xb7cb1c96db6b22b0d3d9536e0108d062bd488f74,0x9e463ed4d96027f114f24f288a8ac5023ba84b92fe50e60fb24528d160b75f9d
306,199.4,5.982,0x141605c92a5e23a375733d0ec559ccea2e6229de,2017-10-30T23:15:13.000Z,0.03,0xd2ea382e498316d91b9de8557670149b479721a0,sell,0xb7cb1c96db6b22b0d3d9536e0108d062bd488f74,0x9e463ed4d96027f114f24f288a8ac5023ba84b92fe50e60fb24528d160b75f9d
307,6.981,0.167544,0x092410f6c66c761144069911a36a5a14c998cb35,2017-10-30T23:14:22.000Z,0.024,0x9fa1621d504640fe0bd3105252b66788c668223a,buy,0xb7cb1c96db6b22b0d3d9536e0108d062bd488f74,0xafe2b86809fde4189356e29a909e9aca63af4d022d65a4142362d43a1882b0c0
308,6.981,0.167544,0x092410f6c66c761144069911a36a5a14c998cb35,2017-10-30T23:13:47.000Z,0.024,0x9fa1621d504640fe0bd3105252b66788c668223a,buy,0xb7cb1c96db6b22b0d3d9536e0108d062bd488f74,0xafe2b86809fde4189356e29a909e9aca63af4d022d65a4142362d43a1882b0c0
309,11.14883860033895,0.26757212640813477,0x092410f6c66c761144069911a36a5a14c998cb35,2017-10-30T23:11:37.000Z,0.024,0x3c422cc848c8178eefe164772e0c093d0fb422e9,buy,0xb7cb1c96db6b22b0d3d9536e0108d062bd488f74,0x5d35d256319a46bfb44a52572a404b0be5ec3273fa24633a9473428ec291afbe
310,37,0.888,0xd2ea382e498316d91b9de8557670149b479721a0,2017-10-30T23:11:10.000Z,0.024,0x9fa1621d504640fe0bd3105252b66788c668223a,buy,0xb7cb1c96db6b22b0d3d9536e0108d062bd488f74,0xc28f2d7ce8ef4a168433f1265a8dbb3b7e803981700fa96834ef5276283b7b82
311,36.889,0.9369806,0xabbb9f579d421a72301abffbfa85b7caa998f7bd,2017-10-30T23:11:10.000Z,0.0254,0xd2ea382e498316d91b9de8557670149b479721a0,sell,0xb7cb1c96db6b22b0d3d9536e0108d062bd488f74,0xc28f2d7ce8ef4a168433f1265a8dbb3b7e803981700fa96834ef5276283b7b82
312,9.969095803010667,0.239258299272256,0xe4d69661165cb6aa1ca42f23c00d2d7fc00f9cae,2017-10-30T23:11:00.000Z,0.024,0x3c422cc848c8178eefe164772e0c093d0fb422e9,buy,0xb7cb1c96db6b22b0d3d9536e0108d062bd488f74,0x71d22615ccc67036fdb7b0c65d3fa29c235b5c8d0c341d5b1cf85369b4cec00a
313,6,0.144,0xacadb04c26e202f4ccad5851233f274239f3ce43,2017-10-30T22:55:25.000Z,0.024,0x9fa1621d504640fe0bd3105252b66788c668223a,sell,0xb7cb1c96db6b22b0d3d9536e0108d062bd488f74,0x4280837df2c9c333647c0f15a665aa5f5538c6cb119d87475a1e3ee5206e07e2
314,17.882065596650385,0.4291695743196092,0x1be5e64f9d12be1319c841b946d59f444c61b9a5,2017-10-30T22:40:24.000Z,0.024,0x3c422cc848c8178eefe164772e0c093d0fb422e9,buy,0xb7cb1c96db6b22b0d3d9536e0108d062bd488f74,0x8b810e8a446def832cbc27100c1ef5064150697e58388b8416632ea7ed887fec
315,17.46,0.4365,0x832030c575d60f5334eebaf6f84c8c891e63490f,2017-10-30T21:40:47.000Z,0.025,0x1be5e64f9d12be1319c841b946d59f444c61b9a5,sell,0xb7cb1c96db6b22b0d3d9536e0108d062bd488f74,0xbed503bcadf3bef129453dcb2c2e6a8f5cc7d701677298de109235ab120e37d8
316,11,0.29149945,0x2491f9681420a4c104574721a72ab5590e25effa,2017-10-30T21:30:44.000Z,0.02649995,0x092410f6c66c761144069911a36a5a14c998cb35,buy,0xb7cb1c96db6b22b0d3d9536e0108d062bd488f74,0x00ef776078a77e3815f611c6792aa202352b76e84607a57b15d0f20a794187e4
317,189,5.0085,0x2491f9681420a4c104574721a72ab5590e25effa,2017-10-30T21:27:24.000Z,0.0265,0x951571ecb267b433469ef2c50f4c7b74b1d631f7,buy,0xb7cb1c96db6b22b0d3d9536e0108d062bd488f74,0x3cb98a059f221187d5aa418dfba0368e9be74930cd011db7fb15a8a2946b1d65
318,59,1.5635,0xee77a512dd209e392105cb416606a2e4914140e1,2017-10-30T21:26:08.000Z,0.0265,0x951571ecb267b433469ef2c50f4c7b74b1d631f7,buy,0xb7cb1c96db6b22b0d3d9536e0108d062bd488f74,0x1e67891fade6999a49bd3da1ed68f59b102ccd5904094bbff3f727170762620f
319,13.40854341699742,0.3753721729588428,0xbe1948981dc546461dedd22335fadfd0f8906187,2017-10-30T21:24:13.000Z,0.027995,0x092410f6c66c761144069911a36a5a14c998cb35,buy,0xb7cb1c96db6b22b0d3d9536e0108d062bd488f74,0xd9e6f8a119a325b49eacacf016efeb9808aa3aa4cda8de55d432c19a10b7f7ca
320,35,0.979825,0x7cd0de48f0a8ed7e0c3f051a91880c8ebf0f0c32,2017-10-30T21:09:37.000Z,0.027995,0x092410f6c66c761144069911a36a5a14c998cb35,buy,0xb7cb1c96db6b22b0d3d9536e0108d062bd488f74,0xcd43fad6614055f93d0f947b73da32ba4c9ffb3d9f17a23ddcb6c5c62e288700
321,1.59145658300258,0.04455282704115723,0x2491f9681420a4c104574721a72ab5590e25effa,2017-10-30T21:07:45.000Z,0.027995,0x092410f6c66c761144069911a36a5a14c998cb35,buy,0xb7cb1c96db6b22b0d3d9536e0108d062bd488f74,0xc0ec349e4214c97381f302ba631add11f0f3677c0512d4c8233f268238bd7bfb
322,14.57,0.370078,0x832030c575d60f5334eebaf6f84c8c891e63490f,2017-10-30T21:07:06.000Z,0.0254,0xddb46c7067e700e5bc86a28c30a3a4b7e49348f4,buy,0xb7cb1c96db6b22b0d3d9536e0108d062bd488f74,0xb412a7abd5f9e87f661f2481534700ea05f1c7189f71787bc10d8a0a141dc0c0
323,27.399,0.766870611,0xd9fe1582863354af5534e65a1bc3e5201eeebe40,2017-10-30T20:53:26.000Z,0.027989,0x953d1111662196af36e9d387c0f909e14111fa76,buy,0xb7cb1c96db6b22b0d3d9536e0108d062bd488f74,0x644fd8d270d3f879e3b5cf3dcb4ee9e538ce7218c0d56ee8409f3eb1b10bd3ce
324,0.76,0.02214452888,0xbe1948981dc546461dedd22335fadfd0f8906187,2017-10-30T20:52:09.000Z,0.029137538,0x003e51b0b457aa82deb2f9e55ab7d9c425d8a4e4,buy,0xb7cb1c96db6b22b0d3d9536e0108d062bd488f74,0x7a963d5172c56cf6373999deba187518463f5f782ee1596045dcb7f95cbc4124
325,37,1.0027,0xbe1948981dc546461dedd22335fadfd0f8906187,2017-10-30T20:50:30.000Z,0.0271,0x2e97778b97db81b62eb64103813e019f353537cd,buy,0xb7cb1c96db6b22b0d3d9536e0108d062bd488f74,0x74f0e7659848580a5b0e7a1be7d2d52f30076f1845e338d8022dff5d98503697
326,39.16,0.99466396084,0xbe1948981dc546461dedd22335fadfd0f8906187,2017-10-30T20:50:30.000Z,0.025399999,0x21d542b6403c2d4406494bdac9db0cbedcbe91da,buy,0xb7cb1c96db6b22b0d3d9536e0108d062bd488f74,0x9f67a18705c9749db422c14452cc961d916598c40c726ea664326e8ada2f5966
327,167,4.266706483509191,0xbe1948981dc546461dedd22335fadfd0f8906187,2017-10-30T20:48:36.000Z,0.025549140619815516,0xe6f7ffc5dcedc6fe25bf424a271cf548b6178fa0,buy,0xb7cb1c96db6b22b0d3d9536e0108d062bd488f74,0x098e44da5d7f9b18132dbe5777c49526198fbcbf0b30fbf8bbf9d18a8bb39dba
328,10.84,0.27533598916,0x260582bbefdcd6cf969618aec6ac760379360081,2017-10-30T20:18:13.000Z,0.025399999,0x21d542b6403c2d4406494bdac9db0cbedcbe91da,buy,0xb7cb1c96db6b22b0d3d9536e0108d062bd488f74,0x4b0e3a2e7a6ce4dab5372bba8f689fb6e7210eced2d3f949973d417b55c836fe
329,11.954345028436473,0.3036403637222864,0xee3f07980dcadfa90d7d1852d67531d045dbd140,2017-10-30T19:56:44.000Z,0.0254,0xc4721cad29d2b253ea2d35714d6130992c3f0b96,buy,0xb7cb1c96db6b22b0d3d9536e0108d062bd488f74,0xd1138265a77f6f85956d17f7820223a59b45c661a443fb62bbdecd61cd427e17
330,7.000389381482853,0.17780989028966446,0xd9e3e788ff8643596251ed385c705b6d60bb7bdc,2017-10-30T19:31:54.000Z,0.0254,0xc4721cad29d2b253ea2d35714d6130992c3f0b96,buy,0xb7cb1c96db6b22b0d3d9536e0108d062bd488f74,0x9e7f2c9ec7d5de00a4cff5f5c95ea3ea6c49f82d2d16591379ccc969c9fa7fdd
331,0.000613258766773385,0.000015576772676044,0xd9e3e788ff8643596251ed385c705b6d60bb7bdc,2017-10-30T19:23:22.000Z,0.025400000000000034,0xc4721cad29d2b253ea2d35714d6130992c3f0b96,buy,0xb7cb1c96db6b22b0d3d9536e0108d062bd488f74,0x25ff15527b23261bffde5f24706752c778d27e607f3042cd565f21b1f94ea15e
332,6.151598689503586,0.15625060671339108,0xd9e3e788ff8643596251ed385c705b6d60bb7bdc,2017-10-30T19:22:54.000Z,0.0254,0xc4721cad29d2b253ea2d35714d6130992c3f0b96,buy,0xb7cb1c96db6b22b0d3d9536e0108d062bd488f74,0xe2c1adfa6072b9bcb5ec9244d048a6f2e52de5b936caaf7922318051004ad055
333,12.988,0.32976532,0xd9e3e788ff8643596251ed385c705b6d60bb7bdc,2017-10-30T19:21:30.000Z,0.02539,0x7ef08a950fe33e19ca0b443198d68b866679b1dd,buy,0xb7cb1c96db6b22b0d3d9536e0108d062bd488f74,0xc7c9fa6378dcfc9dd8be3317fa516d4d99657319ef7e00244db58564a550c8f1
334,1.727961892349524,0.041471085416388574,0xd9e3e788ff8643596251ed385c705b6d60bb7bdc,2017-10-30T19:20:46.000Z,0.024,0x65919f4824cf41db56c2b4acb6a29b19aaf600a5,sell,0xb7cb1c96db6b22b0d3d9536e0108d062bd488f74,0xe02d3a0256584c31c08b393eeed68538bf479528f087e6dad5901293c2be5562
335,20,0.508,0xe11928ddafde413e1ec6c7d40f3a9b4c58bb73fb,2017-10-30T19:19:05.000Z,0.0254,0xc4721cad29d2b253ea2d35714d6130992c3f0b96,buy,0xb7cb1c96db6b22b0d3d9536e0108d062bd488f74,0x06ce24707ea35e6f596cab1ca5d6a3293ec46dff8ac4cac3c62f486958ebda70
336,44.5,1.121399555,0xe11928ddafde413e1ec6c7d40f3a9b4c58bb73fb,2017-10-30T19:19:05.000Z,0.02519999,0x2475fe4d7a9d7d2e7908baf6697b801596bf5148,buy,0xb7cb1c96db6b22b0d3d9536e0108d062bd488f74,0xef02d31deadf00fff9798d6c6d93519de250e751c8dd7bd34572629739d61b6d
337,5,0.125000005,0xe11928ddafde413e1ec6c7d40f3a9b4c58bb73fb,2017-10-30T19:18:28.000Z,0.025000001,0xacadb04c26e202f4ccad5851233f274239f3ce43,buy,0xb7cb1c96db6b22b0d3d9536e0108d062bd488f74,0x568c8133c8c0be9a299d734817f165eeaec13ab916f59de14b20ff6fb4d044d7
338,44,1.1,0xe11928ddafde413e1ec6c7d40f3a9b4c58bb73fb,2017-10-30T19:16:35.000Z,0.025,0xeb73d8f2590f7929d82cc2f832f2c94ce4789fba,buy,0xb7cb1c96db6b22b0d3d9536e0108d062bd488f74,0x2ba1c1c1730414d2e660d07e686922d11b2097259fbcd7c194c467e91477a38f
339,1.909,0.0448615,0xd73b6a699c3fbd59a81fc139b133d7db9058eeb5,2017-10-30T19:08:52.000Z,0.0235,0xeb73d8f2590f7929d82cc2f832f2c94ce4789fba,buy,0xb7cb1c96db6b22b0d3d9536e0108d062bd488f74,0xfb9f448055ce44e979f888b0e29d5d125e7e552952a77efd5aa73d0041a5b84c
340,0.09798809754196089,0.002119482549832613,0x092410f6c66c761144069911a36a5a14c998cb35,2017-10-30T19:04:48.000Z,0.02162999999999999,0x65919f4824cf41db56c2b4acb6a29b19aaf600a5,sell,0xb7cb1c96db6b22b0d3d9536e0108d062bd488f74,0xe7e136dfa935e673a4c17460085486d0cf94e3f520092139c7b099dae1157486
341,46,0.99475,0xeb73d8f2590f7929d82cc2f832f2c94ce4789fba,2017-10-30T19:04:48.000Z,0.021625,0x65919f4824cf41db56c2b4acb6a29b19aaf600a5,sell,0xb7cb1c96db6b22b0d3d9536e0108d062bd488f74,0x0bc5278fe95d6a27a432c4a873f449ec798e9f313ecb19300f476e5290b6448a
342,56,1.21128,0x092410f6c66c761144069911a36a5a14c998cb35,2017-10-30T19:00:10.000Z,0.02163,0x65919f4824cf41db56c2b4acb6a29b19aaf600a5,sell,0xb7cb1c96db6b22b0d3d9536e0108d062bd488f74,0x1aff2d6714699e60b3285c652203ab3ed2384baba307a7316e5ffc155239de8a
343,30,0.64890015,0x5068b86fdea5d9247a4c3ec204fc8d2cfa39f577,2017-10-30T19:00:00.000Z,0.021630005,0x65919f4824cf41db56c2b4acb6a29b19aaf600a5,sell,0xb7cb1c96db6b22b0d3d9536e0108d062bd488f74,0x737ff79be02316bd91cbcde08fb271c60b48e73a4933a29305b6e2042a426313
344,100,2.18,0x82af6f6edd116fbf357aa5bb7668f58f969f723c,2017-10-30T18:52:24.000Z,0.0218,0x65919f4824cf41db56c2b4acb6a29b19aaf600a5,sell,0xb7cb1c96db6b22b0d3d9536e0108d062bd488f74,0x4812d76387581bab7adaf8720adf3d45c4f52fdb9e72943ef5c1d86ea471c20b
345,25,0.55,0xa49fdb01b57e943999aade25262cca6fc7f1b94f,2017-10-30T18:41:01.000Z,0.022,0x65919f4824cf41db56c2b4acb6a29b19aaf600a5,sell,0xb7cb1c96db6b22b0d3d9536e0108d062bd488f74,0xe4c4392fc62b6814887e902a1359757d0685e88106ca50f619a1fa82d1042606
346,5,0.110100005,0xacadb04c26e202f4ccad5851233f274239f3ce43,2017-10-30T18:41:01.000Z,0.022020001,0x65919f4824cf41db56c2b4acb6a29b19aaf600a5,sell,0xb7cb1c96db6b22b0d3d9536e0108d062bd488f74,0x6129b664e29684344ec57f4dc059ec4b4c76a2b4e068d08c6999a8eb1780ee41
347,0.222,0.00499500222,0xe978b7c1f27bc03862f62da73c43400bf0864185,2017-10-30T18:34:50.000Z,0.02250001,0x65919f4824cf41db56c2b4acb6a29b19aaf600a5,sell,0xb7cb1c96db6b22b0d3d9536e0108d062bd488f74,0xa4b0f9299c4df2254e90cb3c5ec8840eae91cfd4000656a8776abe8afd70fd4d
348,50,1.1250005,0xe978b7c1f27bc03862f62da73c43400bf0864185,2017-10-30T18:29:40.000Z,0.02250001,0x65919f4824cf41db56c2b4acb6a29b19aaf600a5,sell,0xb7cb1c96db6b22b0d3d9536e0108d062bd488f74,0x0ff1891c93f05c847ef40d0db3c623979a3516a38b296edf8a421b4e54c78857
349,44.5,1.00125089,0x2475fe4d7a9d7d2e7908baf6697b801596bf5148,2017-10-30T18:27:48.000Z,0.02250002,0x65919f4824cf41db56c2b4acb6a29b19aaf600a5,sell,0xb7cb1c96db6b22b0d3d9536e0108d062bd488f74,0xa77a8c709e0f2049d7518608fedd1d3e085e993857662920e8644a07098ff334
350,0.37511002154240164,0.008477486486858275,0x1b7688a79d07be5b3d03cfc59983c0d3ddf54de3,2017-10-30T18:25:44.000Z,0.0226,0x65919f4824cf41db56c2b4acb6a29b19aaf600a5,sell,0xb7cb1c96db6b22b0d3d9536e0108d062bd488f74,0x6b5f92e64a393bced9348175e47eec6a4941217a7ca5992fb1daaff11b1148fa
351,3.947962851,0.0931719232836,0x2954bcb67e42a22efa2d200912dfc8f3234774cc,2017-10-30T17:47:27.000Z,0.0236,0xb2d93ac629556f16dd4ddd19f20fee3fd462cf43,buy,0xb7cb1c96db6b22b0d3d9536e0108d062bd488f74,0x98a5b9edd55437f73e318de33119183301e3db4626779d2f98c3957dcbf196d1
352,67,1.7018,0xd42bd417c8e5042efe018f9bc49e28807a3d4b1f,2017-10-30T17:47:14.000Z,0.0254,0xc4721cad29d2b253ea2d35714d6130992c3f0b96,buy,0xb7cb1c96db6b22b0d3d9536e0108d062bd488f74,0x3c4803cbf5fa4f39d45c19926af698d8780cd7be49a741853b912369e32dbc63
353,10,0.2449,0xd42bd417c8e5042efe018f9bc49e28807a3d4b1f,2017-10-30T17:45:09.000Z,0.02449,0x953d1111662196af36e9d387c0f909e14111fa76,buy,0xb7cb1c96db6b22b0d3d9536e0108d062bd488f74,0x83adc2ad39b22b9d3296cd249910a1602f24add4ad2621e38745f682e18d80c8
354,45.55,1.0704245445,0x2954bcb67e42a22efa2d200912dfc8f3234774cc,2017-10-30T17:43:37.000Z,0.02349999,0x2475fe4d7a9d7d2e7908baf6697b801596bf5148,buy,0xb7cb1c96db6b22b0d3d9536e0108d062bd488f74,0x055205aed4cb4cea3d6611175b30f5e28c7489eb3f1ee9f3656d891950016e8b
355,150,3.6,0x3df86cefaecfaa31be2f74f8f832cb4ef62b79f8,2017-10-30T17:43:37.000Z,0.024,0xc4721cad29d2b253ea2d35714d6130992c3f0b96,buy,0xb7cb1c96db6b22b0d3d9536e0108d062bd488f74,0xd0541ee5fa0fc5a0f8dbe7b98031ce30b1e73c402a7e35c7c6fd77178b52cd0a
356,100,2.35,0x23c09abbc301e4bd6396548f5f6005ab345afb7e,2017-10-30T17:43:21.000Z,0.0235,0xc4721cad29d2b253ea2d35714d6130992c3f0b96,buy,0xb7cb1c96db6b22b0d3d9536e0108d062bd488f74,0x58290e01ab636e7698d25c2012ea1af28c9c5742f4a831a7dda4b59c8faa40ef
357,152.764,3.589952472207236,0x2954bcb67e42a22efa2d200912dfc8f3234774cc,2017-10-30T17:42:16.000Z,0.023499989999,0x82af6f6edd116fbf357aa5bb7668f58f969f723c,buy,0xb7cb1c96db6b22b0d3d9536e0108d062bd488f74,0xf61caa5f911e8bbba6afff11b0eaa76c54ba676acde7630c84d815a498ea9f9f
358,26,0.598,0xd42bd417c8e5042efe018f9bc49e28807a3d4b1f,2017-10-30T17:42:16.000Z,0.023,0xeb73d8f2590f7929d82cc2f832f2c94ce4789fba,buy,0xb7cb1c96db6b22b0d3d9536e0108d062bd488f74,0x2e4dd15d2cc5e8a1879b364e7d3af085f434a82b3e8c58335a6c6e2695fa42dc
359,6.9,0.1587,0xade961ad486919ca034f85b47188b4bd85a4a925,2017-10-30T16:05:35.000Z,0.023,0xeb73d8f2590f7929d82cc2f832f2c94ce4789fba,buy,0xb7cb1c96db6b22b0d3d9536e0108d062bd488f74,0x754517cad753ce341efc80e4592c1debd19a18dda83c8d021a0f017a4c7230c7
360,8,0.1832,0x42190a479cdde84545674851e93fb9a26b7a4ad8,2017-10-30T15:52:27.000Z,0.0229,0xd172cb5ace48679eb024e4e52236cea433ed7276,sell,0xb7cb1c96db6b22b0d3d9536e0108d062bd488f74,0xb3cb4407a448cbbd16dd6e3f73742ace909d0759ba11c1707aed13d6975426b2
361,50,1.1250005,0xe978b7c1f27bc03862f62da73c43400bf0864185,2017-10-30T14:11:29.000Z,0.02250001,0x5e1e1b8f0e75f9608f8f82a40fceac31589558bf,sell,0xb7cb1c96db6b22b0d3d9536e0108d062bd488f74,0x34a97818fab37e2137da46efe50fb265ee2e033c6c728f4c00c014b8a73ec91a
362,51.072,1.14912051072,0xe978b7c1f27bc03862f62da73c43400bf0864185,2017-10-30T13:55:28.000Z,0.02250001,0x5e1e1b8f0e75f9608f8f82a40fceac31589558bf,sell,0xb7cb1c96db6b22b0d3d9536e0108d062bd488f74,0x680c4fbef754fab8777dba6e051941dd25df7824f638cd8934f06e2de60e2cac
363,51.072,1.14912051072,0xe978b7c1f27bc03862f62da73c43400bf0864185,2017-10-30T13:55:24.000Z,0.02250001,0x5e1e1b8f0e75f9608f8f82a40fceac31589558bf,sell,0xb7cb1c96db6b22b0d3d9536e0108d062bd488f74,0x680c4fbef754fab8777dba6e051941dd25df7824f638cd8934f06e2de60e2cac
364,4.05,0.09315,0x2f26fea2f504dddaa14d914aa4638f51cd8d8778,2017-10-30T11:00:12.000Z,0.023,0xafe49cf62215f8df3383be7469a8702f7195083e,sell,0xb7cb1c96db6b22b0d3d9536e0108d062bd488f74,0x1b61ad8544a649c2e4f1ad7279fb5a7e06a6c434fadc0c3f8801331e17d6540a
365,100,2,0x1d5321e125f6c7079a716705541c7b371ca79e69,2017-10-30T10:21:09.000Z,0.02,0xad8ee158866fe3075825b475c46ac865b288c79f,buy,0xb7cb1c96db6b22b0d3d9536e0108d062bd488f74,0x63e3ad128a95191cf104e9aa25c7aed72bdbdb36f0bef3b752652bede3a0b9ec
366,99.70089730807577,2.243271186440678,0xe978b7c1f27bc03862f62da73c43400bf0864185,2017-10-30T10:21:09.000Z,0.02250001,0x1d5321e125f6c7079a716705541c7b371ca79e69,sell,0xb7cb1c96db6b22b0d3d9536e0108d062bd488f74,0x63e3ad128a95191cf104e9aa25c7aed72bdbdb36f0bef3b752652bede3a0b9ec
367,249.22739507526668,5.532850662944871,0xe978b7c1f27bc03862f62da73c43400bf0864185,2017-10-30T09:12:54.000Z,0.02220001,0xb74baee18ab776e935312fdd2b1bfe95a55c6921,sell,0xb7cb1c96db6b22b0d3d9536e0108d062bd488f74,0xebc9cd197983b7c5f1edb2ae5c8ae05d25642defa99f3a3e91ebafa05a4c9eb6
368,21,0.4935,0x69c054e15d94f632f19a28c424b4a65f69e08a6b,2017-10-30T04:26:01.000Z,0.0235,0xeb73d8f2590f7929d82cc2f832f2c94ce4789fba,buy,0xb7cb1c96db6b22b0d3d9536e0108d062bd488f74,0x0b8e0f463057c007ef76ece540b314c1eeeeba6cd3bfeb1765d964b7015c605a
369,0.0253176478688,0.000557241429592288,0xf1a036dfe6040f0353f0b6209a6fba118329ad57,2017-10-30T03:13:37.000Z,0.02201,0x16e5d97bbc92417e051e3b2cabfbf8ceea2acb9c,sell,0xb7cb1c96db6b22b0d3d9536e0108d062bd488f74,0xef2f82a36fcfbfaf2925e6434468ac7023fbd2b0fd1651b56d71a8071697378d
370,0.0229302891691,0.000504695664611891,0xf1a036dfe6040f0353f0b6209a6fba118329ad57,2017-10-30T03:12:26.000Z,0.02201,0x379374d13077e8867ef31803c37baf9785a17c00,sell,0xb7cb1c96db6b22b0d3d9536e0108d062bd488f74,0xd03662444f34bb1e965b17dbc0476ab46725f6839973f3a20f1c1534eb271ec3
371,53.90220751671355,1.1863875874428653,0xeb73d8f2590f7929d82cc2f832f2c94ce4789fba,2017-10-30T02:57:31.000Z,0.02201,0xe70a443b193f5e82f4f8775004c5bf8d1bfdce54,sell,0xb7cb1c96db6b22b0d3d9536e0108d062bd488f74,0xc7d973c9424db9e9372f59595b63402971f68bb9ba76c1b88db32130540749db
372,38.57432088087167,0.8490208025879853,0xeb73d8f2590f7929d82cc2f832f2c94ce4789fba,2017-10-30T02:50:45.000Z,0.02201,0x42f69c6ad371b450e18e52fb8e7046533742b91a,sell,0xb7cb1c96db6b22b0d3d9536e0108d062bd488f74,0x84d7df52646fdf508cff7fecaa278d2957965533950d3efa420f81a6a691e45e
373,52.93589871398664,1.165119130694846,0xf1a036dfe6040f0353f0b6209a6fba118329ad57,2017-10-30T02:49:28.000Z,0.02201,0xa3a4210f165b6d465df4d99e82ce37e89da7ff97,sell,0xb7cb1c96db6b22b0d3d9536e0108d062bd488f74,0x01f43f2c4947763d0b65fb92c8e2bde11b4db1c7e992aadaa0826cb6e34b3200
374,300,6.63,0xeb73d8f2590f7929d82cc2f832f2c94ce4789fba,2017-10-30T02:49:16.000Z,0.0221,0xa3a4210f165b6d465df4d99e82ce37e89da7ff97,sell,0xb7cb1c96db6b22b0d3d9536e0108d062bd488f74,0xa7f53e6038ec347202d719cc83c2b4dda037fe9820667ed4ac086c56ded2de80
375,11.172586526976223,0.25138319685696503,0x89edf78d238f3a8c2ccf448a0e163eaa88465523,2017-10-30T02:25:32.000Z,0.0225,0x42f69c6ad371b450e18e52fb8e7046533742b91a,sell,0xb7cb1c96db6b22b0d3d9536e0108d062bd488f74,0x17d9c642d2f62090a4426b5e555ca4bc9fa2541bc98c9e3f2e6e67bf93bdaf07
376,1.8274134730237768,0.04111680314303498,0x89edf78d238f3a8c2ccf448a0e163eaa88465523,2017-10-30T00:00:24.000Z,0.0225,0x99bff24ee00bb6a32ea54a98fbee3742c2eb0436,sell,0xb7cb1c96db6b22b0d3d9536e0108d062bd488f74,0xfbd8e74856fbb047b0224ff2ccfdceac3370d6d7ee88d9c500fca52f3e13577b
377,70,1.547,0xd42bd417c8e5042efe018f9bc49e28807a3d4b1f,2017-10-29T23:59:13.000Z,0.0221,0x99bff24ee00bb6a32ea54a98fbee3742c2eb0436,sell,0xb7cb1c96db6b22b0d3d9536e0108d062bd488f74,0xbf3d97ac4bbdb5e94baee04d092d2964237b00038f0a62e6c5c176169f31bd45
378,10,0.24499988,0xda335761adceaa57fe02367340c2e33ba185175e,2017-10-29T21:28:31.000Z,0.024499988,0x953d1111662196af36e9d387c0f909e14111fa76,buy,0xb7cb1c96db6b22b0d3d9536e0108d062bd488f74,0x457e51fea019e3d7f9caf4f27e36da557341945ab1d39dc5ebc0b00f85c09800
379,50.63303758349118,1.1139268268368059,0x141605c92a5e23a375733d0ec559ccea2e6229de,2017-10-29T21:27:12.000Z,0.022,0xfc451fc713435cd4d4892350e1517a4b2695e03b,sell,0xb7cb1c96db6b22b0d3d9536e0108d062bd488f74,0xa686c2127eb35dae5c5d1df13368da40d380030a24be31157921e8421fe2693a
380,108.89094863211929,2.471824533949108,0x44f8c7c0b69edf7e9dd580860f5194dae354f136,2017-10-29T20:06:18.000Z,0.0227,0xd3cc5f429f5006dc074734308b5be71bfd6de60d,buy,0xb7cb1c96db6b22b0d3d9536e0108d062bd488f74,0x1c005758d33a13004b802ddd1d840282c9aa462d1243115db3661d16bc0fb9d2
