,amount,amountBase,buyer,date,price,seller,side,tokenAddr,txHash
0,51,0.02244,0xd483b1ded6cfcba80640dff843ac07b391f90005,2017-11-02T11:37:14.000Z,0.00044,0x4cd6aaf29c19187f8c7ed5c95313010c81f59298,sell,0xaec2e87e0a235266d9c5adc9deb4b2e29b54d009,0xd083dea09a1ae8b4a7741d4c8e6291edbd95358dccadec13c38b69d3f77d9988
1,420,0.1932,0xd483b1ded6cfcba80640dff843ac07b391f90005,2017-11-02T11:36:03.000Z,0.00046,0x4cd6aaf29c19187f8c7ed5c95313010c81f59298,sell,0xaec2e87e0a235266d9c5adc9deb4b2e29b54d009,0xdafcdacb0131696fe90895091db45cdf32e27c25f5a9af1c0bd7008259c851c8
2,420,0.193242,0x3de03fdf5597385f48244b5c100ee25bac9cedf9,2017-11-02T11:35:12.000Z,0.0004601,0x4cd6aaf29c19187f8c7ed5c95313010c81f59298,sell,0xaec2e87e0a235266d9c5adc9deb4b2e29b54d009,0x8f35ddcebde5abaca3ed30a99fae5eb6f8f7b154b272914d8e9337488aeda194
3,203,0.11165,0xdea025c3f2bc0f876f3649568e7c93d9396e6958,2017-11-01T23:35:38.000Z,0.00055,0xd483b1ded6cfcba80640dff843ac07b391f90005,buy,0xaec2e87e0a235266d9c5adc9deb4b2e29b54d009,0xb8b1127f1d54ca5233672dd7163662d69061959fe89b51679b1c8a7befc3b4f1
4,300,0.1647,0xa8ebce443fddd76cc1ab018d96b4f5e3b629f1e6,2017-11-01T15:50:09.000Z,0.000549,0xfbf7dc0756a9768d0c71aea5f8421f3b1eaee7d1,buy,0xaec2e87e0a235266d9c5adc9deb4b2e29b54d009,0xf3eb8920cf6612b1fbe344ad295bb12a110685de9c361ee75da14093a90c8136
5,300,0.1647,0xa8ebce443fddd76cc1ab018d96b4f5e3b629f1e6,2017-11-01T15:49:05.000Z,0.000549,0xfbf7dc0756a9768d0c71aea5f8421f3b1eaee7d1,buy,0xaec2e87e0a235266d9c5adc9deb4b2e29b54d009,0xf3eb8920cf6612b1fbe344ad295bb12a110685de9c361ee75da14093a90c8136
6,60,0.033,0x18dd594370c9cdce085182691b90f42af55b4add,2017-11-01T13:11:42.000Z,0.00055,0xd483b1ded6cfcba80640dff843ac07b391f90005,buy,0xaec2e87e0a235266d9c5adc9deb4b2e29b54d009,0xde79403d439dc19728e07caafc58ea4a293f1eb9d73d665381a384331db0af68
7,515,0.211168025,0x953d1111662196af36e9d387c0f909e14111fa76,2017-11-01T12:02:14.000Z,0.000410035,0x045e718cc8bf15f93ea31e94e95b6ce5ea2fa423,sell,0xaec2e87e0a235266d9c5adc9deb4b2e29b54d009,0xb1a94b934ca420e60fca836aacd84a8c72ff522098e5582904b9fcd66a55b20d
8,123,0.070725,0xc7779b91676a70c3628a0fe6dc0f5d36789f7e26,2017-11-01T07:50:54.000Z,0.000575,0xd483b1ded6cfcba80640dff843ac07b391f90005,buy,0xaec2e87e0a235266d9c5adc9deb4b2e29b54d009,0x525dd2535e46d04d39bc7aebdf98d0871a8ff78ac081a4e5170efe4a8bf9af6c
9,30,0.01230201,0xf7c8850c080d7d86e12207128f54f48d6b4c26f0,2017-11-01T01:52:47.000Z,0.000410067,0xec8dbdd4daa3bb5d31a36af99f7cf986c6bad31e,sell,0xaec2e87e0a235266d9c5adc9deb4b2e29b54d009,0xf6aaa44f69fa94d5320dc8373941c8d03bb7ad148b1a35e354fedeb2eb178423
10,297,0.121789899,0xf7c8850c080d7d86e12207128f54f48d6b4c26f0,2017-10-31T23:18:56.000Z,0.000410067,0x7af979b855f2ccbefa4f6bc5a81c1429a9bb851b,sell,0xaec2e87e0a235266d9c5adc9deb4b2e29b54d009,0xcb8be5b0d3c7ba1c50e8a9a77af4d3767303fddb8d54a8457965909648663613
11,5022,2.370384,0xadba3d5f25dab0eef138381301df7ccecdd5c4dd,2017-10-30T10:58:30.000Z,0.000472,0x23c09abbc301e4bd6396548f5f6005ab345afb7e,sell,0xaec2e87e0a235266d9c5adc9deb4b2e29b54d009,0x9e7b9ade8a342d69913fad19d7a159b92ede70d8998c9a999ccf52c8896bbbcb
12,4977,2.349144,0xadba3d5f25dab0eef138381301df7ccecdd5c4dd,2017-10-30T10:33:09.000Z,0.000472,0x23c09abbc301e4bd6396548f5f6005ab345afb7e,sell,0xaec2e87e0a235266d9c5adc9deb4b2e29b54d009,0x5f6dd2f7507ff42ce4de311548006e5fcd649eca5dc99617dd2670392bae8fc3
13,2056,0.970432,0xde7f305eb22e87c54fc7604933d52b7f2b393891,2017-10-30T07:22:23.000Z,0.000472,0x9778550d76b07ac9f5e57392f68ecdf6efc1774e,sell,0xaec2e87e0a235266d9c5adc9deb4b2e29b54d009,0xf7ca84e917c601d9b73ad42060a59ead3866158ae066164fcdd3ecc263af8855
14,9218,4.350896,0xde7f305eb22e87c54fc7604933d52b7f2b393891,2017-10-30T04:47:20.000Z,0.000472,0x9778550d76b07ac9f5e57392f68ecdf6efc1774e,sell,0xaec2e87e0a235266d9c5adc9deb4b2e29b54d009,0x324febedaba6deba8f05ba3815a1891c79428a0ae517e05b9cf2676475996578
15,10,0.00549,0x4eb6573d42ca7eb82e4808fe84dc9e5dd497ae0b,2017-10-30T04:35:01.000Z,0.000549,0xfbf7dc0756a9768d0c71aea5f8421f3b1eaee7d1,buy,0xaec2e87e0a235266d9c5adc9deb4b2e29b54d009,0x4c06909122a54d9afb662d350836e519d100fb6a936f988b9a9627fb8dc86eac
16,2132,1.006304,0xde7f305eb22e87c54fc7604933d52b7f2b393891,2017-10-30T03:27:40.000Z,0.000472,0x23c09abbc301e4bd6396548f5f6005ab345afb7e,sell,0xaec2e87e0a235266d9c5adc9deb4b2e29b54d009,0xf9a7cebd10229f5940ae495e77a11cfcd967ea3cede8609c6a8d58d9030c5177
17,1581,0.746232,0xde7f305eb22e87c54fc7604933d52b7f2b393891,2017-10-30T02:02:52.000Z,0.000472,0xacd435884b803bb1847bc0e5a198400fe2bcaf1a,sell,0xaec2e87e0a235266d9c5adc9deb4b2e29b54d009,0xbbca7241bcd17fedfad75eea9c205461fb468810c194f2b1c6486f147f9ed8fc
18,3000,1.419,0xfbf7dc0756a9768d0c71aea5f8421f3b1eaee7d1,2017-10-30T02:01:45.000Z,0.000473,0xacd435884b803bb1847bc0e5a198400fe2bcaf1a,sell,0xaec2e87e0a235266d9c5adc9deb4b2e29b54d009,0xd81f2e26df11032f4a905d796b1c236c13d845c8122da845bc90ea85110616ac
19,3,0.002328028607826553,0xc714231291004dad7d68b1235c293b7475e4e7d4,2017-10-30T00:37:43.000Z,0.0007760095359421843,0xd483b1ded6cfcba80640dff843ac07b391f90005,buy,0xaec2e87e0a235266d9c5adc9deb4b2e29b54d009,0x6f5acf3bde58dfa6572662d86261ce986180f48b79ec417ab381961f0fad739e
20,98,0.047824,0xd483b1ded6cfcba80640dff843ac07b391f90005,2017-10-29T22:02:21.000Z,0.000488,0xfc451fc713435cd4d4892350e1517a4b2695e03b,sell,0xaec2e87e0a235266d9c5adc9deb4b2e29b54d009,0xa54e742b50087f9681d074affa62ee311386dda0bae55b7ad7043d509d823613
21,3200,2.336,0xde7f305eb22e87c54fc7604933d52b7f2b393891,2017-10-29T14:57:24.000Z,0.00073,0x9cc466bcd5ff6eef3ae30366ed93c46cf1f5a9ce,buy,0xaec2e87e0a235266d9c5adc9deb4b2e29b54d009,0xb8396636bc112e7120e06606e2bdb6aa28ceeae67dd466a915fe8dd963155531
22,177,0.10183209429521654,0xde7f305eb22e87c54fc7604933d52b7f2b393891,2017-10-29T14:49:33.000Z,0.0005753225666396414,0xd483b1ded6cfcba80640dff843ac07b391f90005,buy,0xaec2e87e0a235266d9c5adc9deb4b2e29b54d009,0x01633cc0c1983b9512fbc5d8debd56bc480ce3c1831661b5fae499e17a612773
23,411,0.22644985,0xde7f305eb22e87c54fc7604933d52b7f2b393891,2017-10-29T14:49:33.000Z,0.0005509728710462287,0x1ca9bd189db5ab9099a4b17a15cf3ac3da289c38,buy,0xaec2e87e0a235266d9c5adc9deb4b2e29b54d009,0xc7d9dd682d2fcf264e2b5ff89a67ea52b28f57861dc5609500fe3660573b628c
24,122,0.0670878,0xde7f305eb22e87c54fc7604933d52b7f2b393891,2017-10-29T14:49:10.000Z,0.0005499,0x7b6b2f3c88ce2ecedc01c545f13faf36034d772f,buy,0xaec2e87e0a235266d9c5adc9deb4b2e29b54d009,0x2e7dad5b5b7798297a8906cb45ce226cba0e72caa2e5b172b502bc017e247877
25,100,0.05499,0x4eb6573d42ca7eb82e4808fe84dc9e5dd497ae0b,2017-10-29T10:32:51.000Z,0.0005499,0x7b6b2f3c88ce2ecedc01c545f13faf36034d772f,buy,0xaec2e87e0a235266d9c5adc9deb4b2e29b54d009,0x9f0d118facf224a2988616bea4bee88fdd5c1c7892b01b4c9c02fa433da77534
26,25,0.01375,0x9abc09df0d1962c57187aa78243cf32213015567,2017-10-28T21:36:06.000Z,0.00055,0x1ca9bd189db5ab9099a4b17a15cf3ac3da289c38,buy,0xaec2e87e0a235266d9c5adc9deb4b2e29b54d009,0xe175487b22d6f5064dd51b8f490e120abb709857e51552c56b35e6ee5d016a7f
27,110,0.0605,0xff6ef346d8e6c0612a129f135b107123bea60f2b,2017-10-28T20:12:06.000Z,0.00055,0x1ca9bd189db5ab9099a4b17a15cf3ac3da289c38,buy,0xaec2e87e0a235266d9c5adc9deb4b2e29b54d009,0x810e410dd85e64448b4971d0f23cc2b559a2e8b36ae8944065947ea1bd3be0cb
28,223,0.098122453,0x7b6b2f3c88ce2ecedc01c545f13faf36034d772f,2017-10-28T17:17:28.000Z,0.000440011,0x1ed014aec47fae44c9e55bac7662c0b78ae61798,sell,0xaec2e87e0a235266d9c5adc9deb4b2e29b54d009,0xf14ac33a502a59db10d3580a000e48d9ce36a7822433617d2f0f72191be72eab
29,57,0.03135,0x7fe8d0813e3cd40ffee3bbef165c19583f94847b,2017-10-28T17:00:03.000Z,0.00055,0x1ca9bd189db5ab9099a4b17a15cf3ac3da289c38,buy,0xaec2e87e0a235266d9c5adc9deb4b2e29b54d009,0xd14320cbcf79b96fb762b4d3451e483f3cfbb584c2c8d713f5c68fa9a9173cf4
30,1824,1.0443129057047835,0x3efd9b0bd8e4595bc494539aca584821950106ee,2017-10-28T08:18:16.000Z,0.0005725399702328856,0xd483b1ded6cfcba80640dff843ac07b391f90005,buy,0xaec2e87e0a235266d9c5adc9deb4b2e29b54d009,0xdbbc2eaad95de6feb234821d8d779da57e236cfc24b05b986da4d3f05dc068c5
31,1216,0.521665216,0x3dee4a4e076e8d82859d241db0baf46f112cfa23,2017-10-27T08:31:25.000Z,0.000429001,0xfb1d87f1d5f91a237a6aab0a94c9686696907d34,sell,0xaec2e87e0a235266d9c5adc9deb4b2e29b54d009,0xf47a0935adda336e45124975d73fb25c06845eb5441af4ff2eb25eeea952011d
32,362,0.2104294886324907,0x30d5e67f7f2cd3dd957b035ffd5c10c6305ba19f,2017-10-27T06:09:24.000Z,0.0005812969299240074,0x1ca9bd189db5ab9099a4b17a15cf3ac3da289c38,buy,0xaec2e87e0a235266d9c5adc9deb4b2e29b54d009,0xafc6c6b71e1afa852495446b33bafe33aa2e908dc43ad0edb4fdccb2bc2c66ba
33,1,0.00073,0xe1fa699860444be91d366c21de8fef56e3dec77a,2017-10-26T22:11:01.000Z,0.00073,0x9cc466bcd5ff6eef3ae30366ed93c46cf1f5a9ce,buy,0xaec2e87e0a235266d9c5adc9deb4b2e29b54d009,0x9c24dc4f958d2e8b628ac01bbd17ad96b0cdf2bf2613b68ea706bef55b08851e
34,307,0.1383100534166086,0xf142f26d1cac4ba8a6e6d7974d243eda2fe5f4f9,2017-10-25T20:12:15.000Z,0.0004505213466339042,0x51dc4be759f6109c78940645ecf0c0e64a30505f,buy,0xaec2e87e0a235266d9c5adc9deb4b2e29b54d009,0xdb73ac90e2818de18a9d80c326b69bf3f533d41d87f30894937644bc2f757c67
35,1695,0.7630399465833914,0xd483b1ded6cfcba80640dff843ac07b391f90005,2017-10-25T18:46:48.000Z,0.0004501710599312044,0x51dc4be759f6109c78940645ecf0c0e64a30505f,buy,0xaec2e87e0a235266d9c5adc9deb4b2e29b54d009,0xc7ff6ab2a7318cad1a9eba732ef9f80b589d975e8aa31553281df9c16baf419e
36,1,0.000838,0x9cc466bcd5ff6eef3ae30366ed93c46cf1f5a9ce,2017-10-22T21:25:48.000Z,0.000838,0x242161026d3db889df2573b50959e5d705c9910a,buy,0xaec2e87e0a235266d9c5adc9deb4b2e29b54d009,0xe6df062a07fb560b5e601779db9598ad52f1714d154259c81546d4ebbb35e52b
37,1,0.00052,0xe1fa699860444be91d366c21de8fef56e3dec77a,2017-10-22T18:28:18.000Z,0.00052,0xd483b1ded6cfcba80640dff843ac07b391f90005,buy,0xaec2e87e0a235266d9c5adc9deb4b2e29b54d009,0x841129199f7ca01159f720fb37a45c73d51f0dc74bf53b849e08cc99e0aa80f6
38,2000,0.8432,0x9cc466bcd5ff6eef3ae30366ed93c46cf1f5a9ce,2017-10-22T11:01:04.000Z,0.0004216,0x4d517d272ce8d879d8891518e70153b49d2cdb96,sell,0xaec2e87e0a235266d9c5adc9deb4b2e29b54d009,0xbcd7740c0275bd72b4120139cdfd959f2d3ed1d2ff522d9f535439f5dcbb394f
39,3000,1.275,0xf1cc647bb15a5ab7667feff7e7c80914374589a1,2017-10-22T11:01:04.000Z,0.000425,0x4d517d272ce8d879d8891518e70153b49d2cdb96,sell,0xaec2e87e0a235266d9c5adc9deb4b2e29b54d009,0xf0a8d93f4d4e94995ef4db8b879a7b6013a9bedfaa22ddcb689998f66a1ba2e3
40,1290,0.74562,0xeaaafe7140eb4badcd1b2766ad34b050427bda44,2017-10-22T03:19:09.000Z,0.000578,0x4cd6aaf29c19187f8c7ed5c95313010c81f59298,sell,0xaec2e87e0a235266d9c5adc9deb4b2e29b54d009,0xe71c43850ddefabe910f121344cd8e15fe772119c23febdd0f9ba3f35eba4e49
41,710,0.41038,0xeaaafe7140eb4badcd1b2766ad34b050427bda44,2017-10-22T03:17:54.000Z,0.000578,0xad440e6b26dd3a044a97294bf87c017d7fb81c67,sell,0xaec2e87e0a235266d9c5adc9deb4b2e29b54d009,0x89ce441ffa7049b0ebafe294b77527b4e7bd3692773e977e9ae6daaf87d85af0
42,472,0.272652,0xfcd6a571fbd33582fa48b032352675221f92b88b,2017-10-22T02:44:09.000Z,0.0005776525423728813,0x4cd6aaf29c19187f8c7ed5c95313010c81f59298,buy,0xaec2e87e0a235266d9c5adc9deb4b2e29b54d009,0x419c99f73b154a94de27f520a659506d27aa62a263a42010f20a0fdd11346a7d
43,1000,0.48,0xe655000fcc1d9692488dcde817db0d1fc7a6d825,2017-10-21T22:52:17.000Z,0.00048,0x4cd6aaf29c19187f8c7ed5c95313010c81f59298,sell,0xaec2e87e0a235266d9c5adc9deb4b2e29b54d009,0xa9b654675753f9208977699f214fc4cf79a8fd34dd7042ac27ca3efddce859f5
44,1413,0.67824,0xe655000fcc1d9692488dcde817db0d1fc7a6d825,2017-10-21T21:44:18.000Z,0.00048,0x1ca9bd189db5ab9099a4b17a15cf3ac3da289c38,buy,0xaec2e87e0a235266d9c5adc9deb4b2e29b54d009,0x21f73315f357bb46fac6a597a11a56f6110c96b104be71d0f19ceb523b1120a7
45,710,0.37985,0x1da251119e3a70bcb4aed858bd2acccff2155077,2017-10-20T21:26:24.000Z,0.000535,0x4cd6aaf29c19187f8c7ed5c95313010c81f59298,sell,0xaec2e87e0a235266d9c5adc9deb4b2e29b54d009,0xdb9f95f8728fa60f85014852f224f952b75c0eb3a8af4615e03ae50b5d5fd3e7
46,710,0.37985,0x1da251119e3a70bcb4aed858bd2acccff2155077,2017-10-20T21:25:56.000Z,0.000535,0x4cd6aaf29c19187f8c7ed5c95313010c81f59298,sell,0xaec2e87e0a235266d9c5adc9deb4b2e29b54d009,0xdb9f95f8728fa60f85014852f224f952b75c0eb3a8af4615e03ae50b5d5fd3e7
47,942,0.5512910018695193,0x30d5e67f7f2cd3dd957b035ffd5c10c6305ba19f,2017-10-20T06:08:17.000Z,0.0005852346092033114,0x4cd6aaf29c19187f8c7ed5c95313010c81f59298,buy,0xaec2e87e0a235266d9c5adc9deb4b2e29b54d009,0x23375b8bb390a1c1ae44f8e6435adfaf1668a7e57848beef139ae3b2334eec18
48,1,0.000585,0x6cdea8e07bf82d7a07dbf36642d6e5be8623845c,2017-10-20T00:56:57.000Z,0.000585,0x4cd6aaf29c19187f8c7ed5c95313010c81f59298,buy,0xaec2e87e0a235266d9c5adc9deb4b2e29b54d009,0x6bbb4ee11e213bcf192ae0434dd19cb55914dbc96747e00198501327b136a536
49,55,0.032175,0x0088d260e928e4febd3b9ca7dab2562a36a86b9b,2017-10-19T17:18:52.000Z,0.000585,0x4cd6aaf29c19187f8c7ed5c95313010c81f59298,buy,0xaec2e87e0a235266d9c5adc9deb4b2e29b54d009,0x25bf57b4305c7287a1b9646f6624ccfaaf7b45279e24af89dc615623262807a0
50,10,0.0052,0x0088d260e928e4febd3b9ca7dab2562a36a86b9b,2017-10-19T17:14:02.000Z,0.00052,0x1ca9bd189db5ab9099a4b17a15cf3ac3da289c38,buy,0xaec2e87e0a235266d9c5adc9deb4b2e29b54d009,0x77f10a59c9df529078157c50e141c5189e3f6bfeade185f2b45717ea62fd9379
51,1219,0.63408,0x99901ec3cf5bd76890e85e32ec3571421a304292,2017-10-19T15:34:27.000Z,0.0005201640689089417,0x1ca9bd189db5ab9099a4b17a15cf3ac3da289c38,buy,0xaec2e87e0a235266d9c5adc9deb4b2e29b54d009,0xfd4ab2f7fe03f0224808aa4e1c3080b92bfdcce951b1e610dc35b9f77929f308
52,1,0.000588,0x3ac636ac5c3a2576156ac5f10066ca68abe0ad54,2017-10-18T16:12:16.000Z,0.000588,0x4cd6aaf29c19187f8c7ed5c95313010c81f59298,buy,0xaec2e87e0a235266d9c5adc9deb4b2e29b54d009,0x2a83969e2e5f4f652793bb6dde826f9ccdbb2c0bb45e1805b48c196eaf597639
53,261,0.19480603448275863,0x03176be4f7037f92a60eaec8e896daae3278aa53,2017-10-17T20:01:38.000Z,0.0007463832738803012,0x663dfc04386dcc316c031d1b967c5bc772d5c9c2,buy,0xaec2e87e0a235266d9c5adc9deb4b2e29b54d009,0x2f739624250f517001e7fc9fc692de53caabe14908418fb0100c433aa77b1e49
54,74,0.03999996,0x68ce3f51de802de100b7971a849428cc2621e2eb,2017-10-17T00:10:02.000Z,0.00054054,0x1641f10eac179586d74ee61841aaf73fa9726fbe,buy,0xaec2e87e0a235266d9c5adc9deb4b2e29b54d009,0x168786bcc30338531cb49c796f294da21e1d131413b0f0b470aabca683eaa0b2
55,200,0.108,0x89809d4c349bf4e6485bd809e19da531c9c5ac0e,2017-10-16T19:29:18.000Z,0.00054,0x1641f10eac179586d74ee61841aaf73fa9726fbe,buy,0xaec2e87e0a235266d9c5adc9deb4b2e29b54d009,0xfe6906a81ee93c4a60733f4c4d6b7171c62d9f5e17c12282958956e29a31a6a1
56,106,0.04666014,0xf142f26d1cac4ba8a6e6d7974d243eda2fe5f4f9,2017-10-16T19:23:29.000Z,0.00044019,0xf1c3157357e7848fc7eb5a1dad49704ce8ad8a15,buy,0xaec2e87e0a235266d9c5adc9deb4b2e29b54d009,0x0d6e3b273c72ba31632633f0318f207b9a95a43a73e49e3f74209028ed61cd33
57,500,0.215,0xd98a3954353055ab642c9159c7f3b25dac2dc29b,2017-10-16T15:42:39.000Z,0.00043,0xf1c3157357e7848fc7eb5a1dad49704ce8ad8a15,sell,0xaec2e87e0a235266d9c5adc9deb4b2e29b54d009,0xa57412ae2efece6b96ccb600a0ecf134e6181f8f91ebc3ceec9debe8667854d3
58,40,0.022,0x9abc09df0d1962c57187aa78243cf32213015567,2017-10-15T17:33:56.000Z,0.00055,0x1ca9bd189db5ab9099a4b17a15cf3ac3da289c38,buy,0xaec2e87e0a235266d9c5adc9deb4b2e29b54d009,0xe3cd8da4adc14ac106d7dca2011a07a90e1f4b0ee942cd07e6559bdbb97fe88c
59,6,0.004999732620320855,0x08ed410289ea975a8c2d7a527c5d245c5475612f,2017-10-14T19:00:08.000Z,0.0008332887700534758,0x663dfc04386dcc316c031d1b967c5bc772d5c9c2,buy,0xaec2e87e0a235266d9c5adc9deb4b2e29b54d009,0x096f01d88c20982de9a0867c4a21dc49946ee8f9e7c87a48aca9c16d262cc974
60,473,0.3500000763,0xa69cd221044c9d0634c184e06f27ef5912950349,2017-10-14T18:47:56.000Z,0.000739957878012685,0x4cd6aaf29c19187f8c7ed5c95313010c81f59298,buy,0xaec2e87e0a235266d9c5adc9deb4b2e29b54d009,0xa3985bcc9f16b0b46cb0422c665a1b63c8bad62a4faeb8fe36414364591d7b24
61,935,0.69,0xa69cd221044c9d0634c184e06f27ef5912950349,2017-10-14T18:39:17.000Z,0.0007379679144385026,0x663dfc04386dcc316c031d1b967c5bc772d5c9c2,buy,0xaec2e87e0a235266d9c5adc9deb4b2e29b54d009,0xf7c7745f50b028d65d01c6374b741a104e0f29786621ced86e30f62db7f9bc75
62,855,0.3933,0xd33e0d4e8eb5fb98b04bad1bddb7060c29c1eb0e,2017-10-13T18:24:22.000Z,0.00046,0x1ca9bd189db5ab9099a4b17a15cf3ac3da289c38,buy,0xaec2e87e0a235266d9c5adc9deb4b2e29b54d009,0xdaf407c9cc1f9ebfdb4cb985ab2b4ae581a94b656c82de937b1a535d92fadb03
63,497,0.22862,0xd98a3954353055ab642c9159c7f3b25dac2dc29b,2017-10-13T05:35:18.000Z,0.00046,0x663dfc04386dcc316c031d1b967c5bc772d5c9c2,sell,0xaec2e87e0a235266d9c5adc9deb4b2e29b54d009,0x7363bb32548b62d54d53deaf1763937d93213c4e89d04a3441f9588e9097c817
64,2174,1.02178,0x236b51641779036caa134e8ddce110505e039b46,2017-10-12T19:44:59.000Z,0.00047,0x097501c95264ad3204159efaefdc5820783dbeae,sell,0xaec2e87e0a235266d9c5adc9deb4b2e29b54d009,0x331e835314e5af70f7a0c46817c28270a65e9cc17360fd5b31b75f727868e832
65,1319,0.61993,0x236b51641779036caa134e8ddce110505e039b46,2017-10-12T18:52:28.000Z,0.00047,0x663dfc04386dcc316c031d1b967c5bc772d5c9c2,sell,0xaec2e87e0a235266d9c5adc9deb4b2e29b54d009,0x2fb7adfb752f913eea3ad7e7b2e57fa78b878139bdb5f68575d29619c044b0a0
66,535,0.39804,0x409c29fdd92b9cfe89018847654d9e54cc09638f,2017-10-11T21:47:15.000Z,0.000744,0x4cd6aaf29c19187f8c7ed5c95313010c81f59298,sell,0xaec2e87e0a235266d9c5adc9deb4b2e29b54d009,0x453d09046b92326569d8e9ea0f44393eba238cd597905417f73c468e2937c59e
67,1782,1.325808,0x409c29fdd92b9cfe89018847654d9e54cc09638f,2017-10-11T21:36:36.000Z,0.000744,0x663dfc04386dcc316c031d1b967c5bc772d5c9c2,sell,0xaec2e87e0a235266d9c5adc9deb4b2e29b54d009,0x43a3885222ffa264598b8c6ec438db2e036eae1063f426f4ec7760fd7dba569a
68,5696,4.237824,0x409c29fdd92b9cfe89018847654d9e54cc09638f,2017-10-11T21:22:03.000Z,0.000744,0x097501c95264ad3204159efaefdc5820783dbeae,sell,0xaec2e87e0a235266d9c5adc9deb4b2e29b54d009,0x620a6b126da97cdc5dfad9a42faddd8f9dc19254bbd7ed4d221b4416d3277bea
69,1300,0.9672,0x409c29fdd92b9cfe89018847654d9e54cc09638f,2017-10-11T21:15:56.000Z,0.000744,0x4cd6aaf29c19187f8c7ed5c95313010c81f59298,sell,0xaec2e87e0a235266d9c5adc9deb4b2e29b54d009,0x0ed86093694e5ef460c38c093d4828e2e068747f002c15e11dd46163a77eb994
70,1422,1.057968,0x409c29fdd92b9cfe89018847654d9e54cc09638f,2017-10-11T21:15:05.000Z,0.000744,0x663dfc04386dcc316c031d1b967c5bc772d5c9c2,sell,0xaec2e87e0a235266d9c5adc9deb4b2e29b54d009,0xefd699e939432d48819053ef122b9bd2d76c263dec87970552cc73ae319ff26e
71,2725,1.9072275,0x409c29fdd92b9cfe89018847654d9e54cc09638f,2017-10-11T20:18:11.000Z,0.0006999,0x4cd6aaf29c19187f8c7ed5c95313010c81f59298,buy,0xaec2e87e0a235266d9c5adc9deb4b2e29b54d009,0xb4903d54d1b4aa113acef83b77f93241b3dc67ffe634c89ce4e10001161fbff2
72,501,0.2260011,0x3dee4a4e076e8d82859d241db0baf46f112cfa23,2017-10-11T00:09:05.000Z,0.0004511,0xc38a1796fdbee574907aa7cddf2b6bbbd24ec560,sell,0xaec2e87e0a235266d9c5adc9deb4b2e29b54d009,0x2b0dd00a51230ed37b10c4f0d896dceda5d516300961e52ba6871a89950fe371
73,6207,4.6497308663144254,0x05ff5cfcd9cfc215ec911bfc233d31c480f11612,2017-10-09T09:39:15.000Z,0.0007491108210591953,0x9cc466bcd5ff6eef3ae30366ed93c46cf1f5a9ce,buy,0xaec2e87e0a235266d9c5adc9deb4b2e29b54d009,0xf935d60eb1c7c9fee61a18c92b850be8b90861aa13b1ab6d68bce5e94b78099d
74,932,0.651468,0x05ff5cfcd9cfc215ec911bfc233d31c480f11612,2017-10-09T09:37:21.000Z,0.000699,0x3f250c2329a31826435669e6c679090c64d0ffb4,buy,0xaec2e87e0a235266d9c5adc9deb4b2e29b54d009,0x839f14ba30855a08f5b51d407870f7583e212f1de1c7b111bbc5d5cdcc526c08
75,212,0.148188,0x05ff5cfcd9cfc215ec911bfc233d31c480f11612,2017-10-09T09:37:11.000Z,0.000699,0xa99d3d94e9c7448de1f9d15eb6d22d91f7cc17a5,buy,0xaec2e87e0a235266d9c5adc9deb4b2e29b54d009,0xd545a26f91b6d498071405ce239631abb607de73c7d3987a6a06ddcceee3527e
76,1790,0.895,0x05ff5cfcd9cfc215ec911bfc233d31c480f11612,2017-10-09T08:33:29.000Z,0.0005,0x663dfc04386dcc316c031d1b967c5bc772d5c9c2,sell,0xaec2e87e0a235266d9c5adc9deb4b2e29b54d009,0x36e4ef87ac79b8e558ee2dd86001688b90bbcee7f67a958b279e3234101d7576
77,1789,0.835464789,0x3dee4a4e076e8d82859d241db0baf46f112cfa23,2017-10-08T22:36:48.000Z,0.000467001,0x663dfc04386dcc316c031d1b967c5bc772d5c9c2,sell,0xaec2e87e0a235266d9c5adc9deb4b2e29b54d009,0x70f9ca9096039ffa17264dc5a68a5e70b0bb02eeb1cd6f9e43fcc77769eb6d70
78,867,0.404889867,0x3dee4a4e076e8d82859d241db0baf46f112cfa23,2017-10-08T21:59:03.000Z,0.000467001,0x3c119697fddf112b25f89fcb5b37007e038eaaeb,sell,0xaec2e87e0a235266d9c5adc9deb4b2e29b54d009,0x1856b9d388cbf0162efd9648839c25ca7c4e80dde95b2223aca5919398eeb24f
79,130,0.0689,0x1fc8cfbe9c132935d20df6155f86c6bd670edd96,2017-10-08T21:55:40.000Z,0.00053,0x3c119697fddf112b25f89fcb5b37007e038eaaeb,sell,0xaec2e87e0a235266d9c5adc9deb4b2e29b54d009,0x2dc8a48f3fe820ddf132682001605bf1bca72f0353fef8633f0ed73f0ea2f5a0
80,393,0.2560191552977923,0x89809d4c349bf4e6485bd809e19da531c9c5ac0e,2017-10-08T18:57:31.000Z,0.0006514482323099041,0x669f0ab96fd3beb68bc836bb874894bbb516331a,buy,0xaec2e87e0a235266d9c5adc9deb4b2e29b54d009,0x7d8ecb29584c04e62aa058042913af86281058cc9906e8826007678d78f9718c
81,700,0.371,0x1fc8cfbe9c132935d20df6155f86c6bd670edd96,2017-10-08T12:06:12.000Z,0.00053,0x068a903c384626bafe48bc93857e95be2d39dd13,sell,0xaec2e87e0a235266d9c5adc9deb4b2e29b54d009,0xec5bc657f1b71b5d2b5d48924c0e83497815c0e97c513f2bcacc7f5d4a1b4969
82,26,0.01378,0x1fc8cfbe9c132935d20df6155f86c6bd670edd96,2017-10-08T11:58:11.000Z,0.00053,0x57b070709b9baffa065ec5a284ebf26b98398dcc,sell,0xaec2e87e0a235266d9c5adc9deb4b2e29b54d009,0xc40f365cded0edc2e05a912517fc4e4bfc7bb41fb01b13ff84724c8d43e84172
83,26,0.01378,0x1fc8cfbe9c132935d20df6155f86c6bd670edd96,2017-10-08T11:58:08.000Z,0.00053,0x57b070709b9baffa065ec5a284ebf26b98398dcc,sell,0xaec2e87e0a235266d9c5adc9deb4b2e29b54d009,0xc40f365cded0edc2e05a912517fc4e4bfc7bb41fb01b13ff84724c8d43e84172
84,37,0.024435208732839445,0x068a903c384626bafe48bc93857e95be2d39dd13,2017-10-08T11:57:16.000Z,0.0006604110468334985,0x669f0ab96fd3beb68bc836bb874894bbb516331a,buy,0xaec2e87e0a235266d9c5adc9deb4b2e29b54d009,0x15f59c5df30c5b89a0e7351d0140073c9f0e2841fbc415142b36450697cbf7a1
85,369,0.24000015,0x24d596db3b9fa95fb8828abbdc5c34e685a0bb17,2017-10-07T23:35:56.000Z,0.0006504069105691057,0x669f0ab96fd3beb68bc836bb874894bbb516331a,buy,0xaec2e87e0a235266d9c5adc9deb4b2e29b54d009,0x504ef2d61de0f5ca154c62cb1ba86f5275464de40a3dbcb9e67f58c7ee46e7ad
86,369,0.24000015,0x24d596db3b9fa95fb8828abbdc5c34e685a0bb17,2017-10-07T23:34:57.000Z,0.0006504069105691057,0x669f0ab96fd3beb68bc836bb874894bbb516331a,buy,0xaec2e87e0a235266d9c5adc9deb4b2e29b54d009,0xc287a56fcdc4c5c473a101bbcec8a90baac42714c8dac90c1cb35776da9d7f9c
87,22,0.0165,0x5d5065b42bdee0274e394ba9042c21e1818c69cf,2017-10-07T01:14:22.000Z,0.00075,0x94c78d10bce1fa43d17b392e7ee68d88a49ac60d,sell,0xaec2e87e0a235266d9c5adc9deb4b2e29b54d009,0x55392cb2b5ee19090cf3a348eebd2aaf0510197e43ec720884e7e91173ef90b5
88,22,0.0143429,0x94c78d10bce1fa43d17b392e7ee68d88a49ac60d,2017-10-07T01:14:22.000Z,0.00065195,0x669f0ab96fd3beb68bc836bb874894bbb516331a,buy,0xaec2e87e0a235266d9c5adc9deb4b2e29b54d009,0x55392cb2b5ee19090cf3a348eebd2aaf0510197e43ec720884e7e91173ef90b5
89,1194,0.8955,0xa09f5cb3088ba1beeb60f371349e209df1a77d92,2017-10-06T14:29:30.000Z,0.00075,0x663dfc04386dcc316c031d1b967c5bc772d5c9c2,sell,0xaec2e87e0a235266d9c5adc9deb4b2e29b54d009,0x8beff58dcecadcd2d0a1f68b9346efcf13f18267e11a05486951f1c722af6e05
90,8,0.006321292982265854,0x24d596db3b9fa95fb8828abbdc5c34e685a0bb17,2017-10-06T10:03:53.000Z,0.0007901616227832317,0xec11362cec810985d0ebbd7b73451444985b369f,buy,0xaec2e87e0a235266d9c5adc9deb4b2e29b54d009,0xdb3b8eda6a7e42eacfb148e1df40eab37f5f0c766536213946a4a8402517f0f6
91,205,0.17999975,0x84c2f4eeedd911667eb1833ecd0bfa74c0c46b9a,2017-10-06T06:22:45.000Z,0.0008780475609756098,0x9cc466bcd5ff6eef3ae30366ed93c46cf1f5a9ce,buy,0xaec2e87e0a235266d9c5adc9deb4b2e29b54d009,0x56d760690fd6d8ddb4b03cc5bfa29628710c9c66bcc58712df80141f54e8904b
92,24,0.059762586743697915,0x11c7ab8344817f6c6b4d1fe5f066ae5e83b8fbdc,2017-10-04T19:25:44.000Z,0.0024901077809874133,0x0f7ce02f8af040579eb7a93549bdcc965fa8eb7b,buy,0xaec2e87e0a235266d9c5adc9deb4b2e29b54d009,0x8d4119e93dbc9471da8ccba530f77a6b1ff7a05aae06545bcc8c9b1e55ac42e4
93,60,0.039,0x4811a723e3c1c5d58e535898afb0a754aafc282c,2017-10-04T09:10:34.000Z,0.00065,0xf2b1fdc974a80ae077f285421eb39e10403fb1f2,sell,0xaec2e87e0a235266d9c5adc9deb4b2e29b54d009,0x9579a009726543fa0ad58916f459b26609457ba77ee76a9ccc3edbdaba1e0ad7
94,61,0.03965,0xf2b1fdc974a80ae077f285421eb39e10403fb1f2,2017-10-04T09:07:20.000Z,0.00065,0x04b53c133556829bb22fa8e8daf410c3d0d8c8de,buy,0xaec2e87e0a235266d9c5adc9deb4b2e29b54d009,0xdaab490179f86565a95163243e21cfaaa0ad2678892941f430eccf415f4a1f6c
95,73,0.04745,0x45cfb7fc554ca7f3490062473431ba0116384d72,2017-10-01T09:56:57.000Z,0.00065,0xfb199a0cc7dc98ad9d696df75732160805a6c763,buy,0xaec2e87e0a235266d9c5adc9deb4b2e29b54d009,0xd4438fd53f5659220e7490f7f9d14925e456db182831f336b969e6a55a1c08cf
96,9,0.005891837865332689,0xff4482de17e729e19d75d70fc005f2e4ba75905f,2017-09-30T13:33:16.000Z,0.0006546486517036321,0xfb199a0cc7dc98ad9d696df75732160805a6c763,buy,0xaec2e87e0a235266d9c5adc9deb4b2e29b54d009,0x0ea1fe8048346256fdd9e29d8bff96d4386ec505ea1623c7d10f6ec758ac3bb7
97,100,0.06,0xa160d7ca12a3ca243fb2da477a1a0b80d737ec36,2017-09-30T11:16:54.000Z,0.0006,0xfb199a0cc7dc98ad9d696df75732160805a6c763,sell,0xaec2e87e0a235266d9c5adc9deb4b2e29b54d009,0xf93879112304488afff93afb9d891a9979402a00ed9b91350653a5c1a49877d5
98,1,0.00077,0x0249924245a19aa2d7f5ddb0739a7132b7d094ab,2017-09-29T23:10:41.000Z,0.00077,0xfb199a0cc7dc98ad9d696df75732160805a6c763,buy,0xaec2e87e0a235266d9c5adc9deb4b2e29b54d009,0x7e3e68774a2a81383c57c81ec926d6e097b4bb5e667280f4b627ab203010415c
99,1000,0.451,0x2fd290debb4bb121fad58d3003d002a9e8076d42,2017-09-29T02:32:31.000Z,0.000451,0xec8dbdd4daa3bb5d31a36af99f7cf986c6bad31e,sell,0xaec2e87e0a235266d9c5adc9deb4b2e29b54d009,0x74ef9ad76acdc458f45637efc4298542c9b63b229f9ad6cd6d4e09ded8072937
100,9200,4.1584,0x5b4047c2644ae7289576cc3f29a21da8eacda42f,2017-09-29T02:30:15.000Z,0.000452,0xec8dbdd4daa3bb5d31a36af99f7cf986c6bad31e,sell,0xaec2e87e0a235266d9c5adc9deb4b2e29b54d009,0x5deac871f73979766361c453f6f6bad4d4ca7539de2c021a0ea538f14e3413be
101,10,0.0072,0xa0be78d2bac6a692adba423c7af50ec86a18bddf,2017-09-28T14:20:21.000Z,0.00072,0xfb199a0cc7dc98ad9d696df75732160805a6c763,buy,0xaec2e87e0a235266d9c5adc9deb4b2e29b54d009,0xc64a4afb5c0c75a44b322244878dd4f5a772535a85654cfc12fd8c69326fb73d
102,9,0.00648,0xf6701c2a04e8a7b27629275d9468914912cfcb15,2017-09-28T04:59:20.000Z,0.00072,0xfb199a0cc7dc98ad9d696df75732160805a6c763,sell,0xaec2e87e0a235266d9c5adc9deb4b2e29b54d009,0xc0f01b0660f9046508c36718bc199578f3b667bc241a75bdf29e3ecf119787c2
103,11,0.00792,0xf6701c2a04e8a7b27629275d9468914912cfcb15,2017-09-28T02:23:10.000Z,0.00072,0xe2eabfc1e89a462bbd2ba188cd8a9591a9a0d04e,sell,0xaec2e87e0a235266d9c5adc9deb4b2e29b54d009,0xfdddd1ceeeb91dd191963c13c666c4a72bdfddf082f6e210245e19314c939418
104,100,0.072,0xf6701c2a04e8a7b27629275d9468914912cfcb15,2017-09-28T02:20:58.000Z,0.00072,0xe2eabfc1e89a462bbd2ba188cd8a9591a9a0d04e,sell,0xaec2e87e0a235266d9c5adc9deb4b2e29b54d009,0x672a36698010c333f8187f3c82c24272fc1adcfb1404c20cbbf0cf828d77a4fd
105,503,0.3925300035071877,0xc38a1796fdbee574907aa7cddf2b6bbbd24ec560,2017-09-26T22:58:38.000Z,0.0007803777405709497,0x9cc466bcd5ff6eef3ae30366ed93c46cf1f5a9ce,buy,0xaec2e87e0a235266d9c5adc9deb4b2e29b54d009,0x5d20f7d753478ea9af0f14ea86301d27218053f149928b374121344ed7b04af1
106,4909,1.227303999,0xb902ba6e3272e66c74035d7e30f4fa9279bd56f9,2017-09-26T02:55:07.000Z,0.000250011,0x2b7b4878ce9d11daf4877e2ace27aa943418466e,sell,0xaec2e87e0a235266d9c5adc9deb4b2e29b54d009,0x6fe9c4805a7ee96d875fb1e7a8b0a4489e487c65682ae2d0cf5f75c63f019978
107,25000,6.250275,0xb902ba6e3272e66c74035d7e30f4fa9279bd56f9,2017-09-26T02:52:16.000Z,0.000250011,0x2b7b4878ce9d11daf4877e2ace27aa943418466e,sell,0xaec2e87e0a235266d9c5adc9deb4b2e29b54d009,0x743a40fc27b63a6eacac59f2d6e520617fe4eb74dab2008ea05b5059195dc9a7
108,745,0.33525745,0x3dee4a4e076e8d82859d241db0baf46f112cfa23,2017-09-26T01:54:32.000Z,0.00045001,0x0b26c31d9d2683ee211a56ff9d5db5e35bba7776,sell,0xaec2e87e0a235266d9c5adc9deb4b2e29b54d009,0x3aa976c4db0d7009bdbcbae007c753d0003555a41c8572771ac09ac303523309
109,320,0.192,0x9cc466bcd5ff6eef3ae30366ed93c46cf1f5a9ce,2017-09-24T23:33:49.000Z,0.0006,0x097501c95264ad3204159efaefdc5820783dbeae,sell,0xaec2e87e0a235266d9c5adc9deb4b2e29b54d009,0x5fc74eda615577133f12d4f32eef5fdc34cd354df9c1086c0cb473bde3cbb53a
110,366,0.219966366,0x9f6257d23183bc9327cec95327680c349ac8c2d8,2017-09-24T23:31:48.000Z,0.000601001,0x097501c95264ad3204159efaefdc5820783dbeae,sell,0xaec2e87e0a235266d9c5adc9deb4b2e29b54d009,0x014c5434b20b68cafec0068eb98bfff5e6a37d6c816a18635ee8e09b0bee0bda
111,2776,1.66590536,0x7309898cefb334657bc292c22ba6ca1c21a956c2,2017-09-24T23:28:37.000Z,0.00060011,0x097501c95264ad3204159efaefdc5820783dbeae,sell,0xaec2e87e0a235266d9c5adc9deb4b2e29b54d009,0x97e61e64f7a2771088287b9d0a82d2b74bb5722a217b950333ad079586d8f4bc
112,132,0.086237382,0x7c68e5f8513e9c4b8149b16605b248f9f7654e98,2017-09-24T23:27:42.000Z,0.0006533135,0x38a4ff00c207cbd78ab34b6ddd1b8754e4498508,buy,0xaec2e87e0a235266d9c5adc9deb4b2e29b54d009,0xdf2bfdb3da95e8317aef6016cd79d77e1810d835eb8fbc5175421048a0514419
113,974,0.58450714,0x7309898cefb334657bc292c22ba6ca1c21a956c2,2017-09-24T23:25:20.000Z,0.00060011,0x663dfc04386dcc316c031d1b967c5bc772d5c9c2,sell,0xaec2e87e0a235266d9c5adc9deb4b2e29b54d009,0xe86114e8e20cdcd3f9d5e1fe5e6ef873b52648a54d47a3e12eab45e64e776dc9
114,920,0.5566,0x43130148060f177c78825cbd5a0d0a18879b18bc,2017-09-24T19:37:53.000Z,0.000605,0x663dfc04386dcc316c031d1b967c5bc772d5c9c2,sell,0xaec2e87e0a235266d9c5adc9deb4b2e29b54d009,0xa43ae2f86c053c12aa64d9ea4a16d8cd08ef75d9478b7f5e782169cb8e182581
115,328,0.214184,0xd1aad7186a15f0619dde55d74bdde39df404ce9e,2017-09-24T18:56:31.000Z,0.000653,0x3fd7e918e481b900165d7c506958355593c53670,buy,0xaec2e87e0a235266d9c5adc9deb4b2e29b54d009,0x626fb1804406df906e1f679e3390f297ee8130aafe950800e0cf87ff9b35ec33
116,1,0.0006533135,0x636d925f140f761f7a0e600db2177dd068ddada1,2017-09-23T11:12:51.000Z,0.0006533135,0x38a4ff00c207cbd78ab34b6ddd1b8754e4498508,buy,0xaec2e87e0a235266d9c5adc9deb4b2e29b54d009,0x39f2feac991571e3f3720021b60146b58fe1be82efedb6937b7c15ad52178819
117,681,0.418815,0xcc6ca80d6fd703b6ebf54b025b9ab7cbd8254df9,2017-09-23T09:31:59.000Z,0.000615,0x1ed014aec47fae44c9e55bac7662c0b78ae61798,sell,0xaec2e87e0a235266d9c5adc9deb4b2e29b54d009,0x1f848d701ea2f8f91d43e1b61532f742613a29930f0697c8728d8c18e9a9884b
118,252,0.15498,0xcc6ca80d6fd703b6ebf54b025b9ab7cbd8254df9,2017-09-23T07:34:51.000Z,0.000615,0x3dee4a4e076e8d82859d241db0baf46f112cfa23,sell,0xaec2e87e0a235266d9c5adc9deb4b2e29b54d009,0x61c2a08a005fff7226561d3c404a759c02ce34acda9086eab79017cee119ab33
119,253,0.1530903,0x3dee4a4e076e8d82859d241db0baf46f112cfa23,2017-09-23T04:37:32.000Z,0.0006051,0x0cee9942a8dc4aa6f594d680f6b9654f02ab62d1,sell,0xaec2e87e0a235266d9c5adc9deb4b2e29b54d009,0x65cdc9afd0566d9b975e1682283b6ce638c2673af6ef82391825d0cfa1e368b5
120,16,0.0096,0x9cc466bcd5ff6eef3ae30366ed93c46cf1f5a9ce,2017-09-22T00:37:53.000Z,0.0006,0xf1e65cd0b31fcb8713ac1902002b262d57c9da33,sell,0xaec2e87e0a235266d9c5adc9deb4b2e29b54d009,0x073ae0f5282e312343a70a4b75bc8b9aba541cd15905352d5eaed568a32a233a
121,1171,0.715481,0xfb199a0cc7dc98ad9d696df75732160805a6c763,2017-09-21T13:38:44.000Z,0.000611,0x663dfc04386dcc316c031d1b967c5bc772d5c9c2,sell,0xaec2e87e0a235266d9c5adc9deb4b2e29b54d009,0xebcd7ebdb977040fbf93ca4bfbd530141c2212b3e3787ac544ecea9f96d1929e
122,400,0.344,0xdf6453a8256d0397c5757fada7d6711a728e9f41,2017-09-21T03:18:34.000Z,0.00086,0xc496cce0b41d24fda9f87d451c2b20d43c0904d7,buy,0xaec2e87e0a235266d9c5adc9deb4b2e29b54d009,0x91b3c4830334fc71ea32718067645a4adce7079bd8d47b394276ffcc3c98a6b4
123,3,0.0018,0xfb199a0cc7dc98ad9d696df75732160805a6c763,2017-09-20T03:53:25.000Z,0.0006,0x48bd59531e0ad74630cc82a813c2120abf7647ff,sell,0xaec2e87e0a235266d9c5adc9deb4b2e29b54d009,0x0f27c2de626538d9402df188154ea927b34557d80dfc5577246ad585a772185a
124,748,0.4488,0xfb199a0cc7dc98ad9d696df75732160805a6c763,2017-09-20T03:02:49.000Z,0.0006,0xcca8de6e1e1ac8f5757bfaf049da9ff0a40d8495,sell,0xaec2e87e0a235266d9c5adc9deb4b2e29b54d009,0x6d5780adcd0ec684ed08e657390aed026e5860f48db57a0e6a3505a79232ac1a
125,3,0.0040001,0xc5e6fee2338f3869232f348dbce50e8dba37d2b3,2017-09-18T15:24:03.000Z,0.0013333666666666666,0x9cc466bcd5ff6eef3ae30366ed93c46cf1f5a9ce,buy,0xaec2e87e0a235266d9c5adc9deb4b2e29b54d009,0x2f37561c27f8c919c71506a1930308d351408b245c4e80954ca2c76ac3531ff8
126,75,0.05475,0x0ce4b16411b408bc9f06d456175db3cc79b25299,2017-09-18T11:18:31.000Z,0.00073,0x9a7b483489ecc9c2902bcf02d3d77cdc7618867e,buy,0xaec2e87e0a235266d9c5adc9deb4b2e29b54d009,0x88652452d5264fffa074984e1870b4ed8dcd8bfab064074788218bb7b0268f5a
127,146,0.106579854,0x0ce4b16411b408bc9f06d456175db3cc79b25299,2017-09-18T11:18:31.000Z,0.000729999,0xf732b16f5aee6cd2db5b30a7a3860764a48b19ff,buy,0xaec2e87e0a235266d9c5adc9deb4b2e29b54d009,0xcaf51388c595cf87b25c6acd1a0500ef13d4af50ab376870c387b5d2b42ffd18
128,101,0.06781390025411392,0x09a1f53dcc54457f21e6756a7c3ee51db69da1d3,2017-09-17T17:00:57.000Z,0.000671424754991227,0xec11362cec810985d0ebbd7b73451444985b369f,buy,0xaec2e87e0a235266d9c5adc9deb4b2e29b54d009,0x7aeb6573bb1693e29b0aa3e8820f680bebd990b8c1117bba48030e7fb9a13c73
129,101,0.06781390025411392,0x09a1f53dcc54457f21e6756a7c3ee51db69da1d3,2017-09-17T17:00:57.000Z,0.000671424754991227,0xec11362cec810985d0ebbd7b73451444985b369f,buy,0xaec2e87e0a235266d9c5adc9deb4b2e29b54d009,0x7aeb6573bb1693e29b0aa3e8820f680bebd990b8c1117bba48030e7fb9a13c73
130,3571,2.39258299272256,0x402a308b2494cff493a142fae98889ba6466bfa4,2017-09-17T01:08:02.000Z,0.0006700036383989247,0xec11362cec810985d0ebbd7b73451444985b369f,buy,0xaec2e87e0a235266d9c5adc9deb4b2e29b54d009,0x1d02e62e86678dc3c8c0d323947070c11498ef5c515fb7316a49ebfb0e47be29
131,1226,0.8219062874828251,0x402a308b2494cff493a142fae98889ba6466bfa4,2017-09-16T23:50:16.000Z,0.0006703966455814235,0xec11362cec810985d0ebbd7b73451444985b369f,buy,0xaec2e87e0a235266d9c5adc9deb4b2e29b54d009,0x6d12ec3f7bd50fa8d002c69f8ff94ca6429f1e71b16ad2ec0c972ee313d9c56e
132,2522,1.6902581560540837,0x43130148060f177c78825cbd5a0d0a18879b18bc,2017-09-16T23:41:32.000Z,0.0006702054544227135,0xec11362cec810985d0ebbd7b73451444985b369f,buy,0xaec2e87e0a235266d9c5adc9deb4b2e29b54d009,0xa101b165494192df4c0a61d30734338681b3e7be0d6a7bb0ef43455ab3e6de1e
133,7432,4.979563378512501,0x43130148060f177c78825cbd5a0d0a18879b18bc,2017-09-16T23:35:42.000Z,0.000670016600983921,0xec11362cec810985d0ebbd7b73451444985b369f,buy,0xaec2e87e0a235266d9c5adc9deb4b2e29b54d009,0x1916930c2c008102a6e6a37c365aa7c8a62eb524bd39749e0258d744be4893f7
134,2827,1.8941282025720267,0x402a308b2494cff493a142fae98889ba6466bfa4,2017-09-16T22:21:11.000Z,0.0006700135134672892,0xec11362cec810985d0ebbd7b73451444985b369f,buy,0xaec2e87e0a235266d9c5adc9deb4b2e29b54d009,0x33298040712034d4faea4f00c0e2fe4ed8e0dd3d1bcedc6378fc5e95a182f2cd
135,733,0.4917017834303567,0x663dfc04386dcc316c031d1b967c5bc772d5c9c2,2017-09-16T21:21:32.000Z,0.0006708073443797499,0xec11362cec810985d0ebbd7b73451444985b369f,buy,0xaec2e87e0a235266d9c5adc9deb4b2e29b54d009,0x66b624f3533da1c77e8593b055ce2164e6aac2cb1da0a499a072be3080ed3799
136,733,0.49170148163722394,0x663dfc04386dcc316c031d1b967c5bc772d5c9c2,2017-09-16T18:51:59.000Z,0.0006708069326565129,0xec11362cec810985d0ebbd7b73451444985b369f,buy,0xaec2e87e0a235266d9c5adc9deb4b2e29b54d009,0xd5816a32b286d7c90dadcec7562fe256c69c51725b01a94ce6ecb77b736d2e5b
137,1,0.000670008311871418,0xd6f29f2fb0a1dc783aeab42ce7ce9276f8e14a54,2017-09-16T18:11:19.000Z,0.000670008311871418,0xec11362cec810985d0ebbd7b73451444985b369f,buy,0xaec2e87e0a235266d9c5adc9deb4b2e29b54d009,0xb66c88d1ad6e54fa0ccd737da91175853696c771c4fb074268ad18e49e81d3b3
138,734,0.4918692233765989,0x663dfc04386dcc316c031d1b967c5bc772d5c9c2,2017-09-16T18:11:07.000Z,0.000670121557733786,0xec11362cec810985d0ebbd7b73451444985b369f,buy,0xaec2e87e0a235266d9c5adc9deb4b2e29b54d009,0x5e500186745e0bbd70f0b3267bfacb8a72b89788f5f627c84a294ca3bb72175e
139,733,0.49153400876701614,0x663dfc04386dcc316c031d1b967c5bc772d5c9c2,2017-09-16T17:34:09.000Z,0.0006705784567080711,0xec11362cec810985d0ebbd7b73451444985b369f,buy,0xaec2e87e0a235266d9c5adc9deb4b2e29b54d009,0x6ff6bf0695ace15cc3bc59924e9032f0f6b1f421a247171cecc99a0407cb72f3
140,733,0.49169657277866086,0x663dfc04386dcc316c031d1b967c5bc772d5c9c2,2017-09-16T16:52:52.000Z,0.0006708002357144077,0xec11362cec810985d0ebbd7b73451444985b369f,buy,0xaec2e87e0a235266d9c5adc9deb4b2e29b54d009,0x1c57597fe59053b282539070b9bd267a8ae2fdb96ec5a45375ecd0fd2ad6f57f
141,5791,3.88000015,0xa78c5affcefa6cf624de193521c31549694f9722,2017-09-16T16:33:10.000Z,0.0006700052063546883,0xec11362cec810985d0ebbd7b73451444985b369f,buy,0xaec2e87e0a235266d9c5adc9deb4b2e29b54d009,0xb5fb547e72d735a3eb7aab29c25c0deca97448710dd66181f2c8537c246578b0
142,148,0.09969095803010666,0x2a0851f39f676bf0a008194575140c9ed058f921,2017-09-16T16:22:55.000Z,0.0006735875542574775,0xec11362cec810985d0ebbd7b73451444985b369f,buy,0xaec2e87e0a235266d9c5adc9deb4b2e29b54d009,0x9cd97c660b7c25f65ed2142bf76afc2dcd1d93726e6baf92b43109f60b846a3d
143,734,0.49192589181225416,0x663dfc04386dcc316c031d1b967c5bc772d5c9c2,2017-09-16T16:16:40.000Z,0.0006701987626869947,0xec11362cec810985d0ebbd7b73451444985b369f,buy,0xaec2e87e0a235266d9c5adc9deb4b2e29b54d009,0x1b7d11108c9152968e78c8ff1bf09c6e71bcbb81daae9d05417cac3a4cc31cab
144,364,0.2442512138053309,0xf742b51c78d44ae35c421183fb507a4585fa2da2,2017-09-16T13:35:00.000Z,0.0006710198181465134,0xec11362cec810985d0ebbd7b73451444985b369f,buy,0xaec2e87e0a235266d9c5adc9deb4b2e29b54d009,0x2f97a47096493c751bc8cc4a2890224baa31753b5b1bb3410c4e50cada2d4075
145,188,0.1260395483433088,0x0026f894cd03c265db321aeee4e02785cd14a8a4,2017-09-16T12:49:56.000Z,0.000670423129485685,0xec11362cec810985d0ebbd7b73451444985b369f,buy,0xaec2e87e0a235266d9c5adc9deb4b2e29b54d009,0x673b2819412ecf9ba4e67974056573f0f889214f3e24dc51e87a4eed7010c6ae
146,59,0.03987638321204267,0x550090f62f806d165ad3fdf0f21e8a24d42e6ad1,2017-09-16T12:41:12.000Z,0.0006758709018990283,0xec11362cec810985d0ebbd7b73451444985b369f,buy,0xaec2e87e0a235266d9c5adc9deb4b2e29b54d009,0xde3bf55c4b11b045f918e20b4708ccf52624113895ae4e3805472518a74d22af
147,57,0.03820014,0x0026f894cd03c265db321aeee4e02785cd14a8a4,2017-09-16T12:38:26.000Z,0.0006701778947368421,0x6b77feca6b2eb1be25e911a7a1adffae2a293e08,buy,0xaec2e87e0a235266d9c5adc9deb4b2e29b54d009,0x488a3e299ea55e0cc35b6c3b1d55ef4222a6771b283471a9c0208699ae28de66
148,12,0.00799986,0x37f8fae578622d45f406f22211378b07232785f9,2017-09-16T05:16:50.000Z,0.000666655,0x6b77feca6b2eb1be25e911a7a1adffae2a293e08,buy,0xaec2e87e0a235266d9c5adc9deb4b2e29b54d009,0x26ff88812be581862450f1d902921a3b5d8d052de2d15db016a9ec1de96d1a74
149,250,0.1825,0x37f8fae578622d45f406f22211378b07232785f9,2017-09-16T04:55:27.000Z,0.00073,0x9cc466bcd5ff6eef3ae30366ed93c46cf1f5a9ce,buy,0xaec2e87e0a235266d9c5adc9deb4b2e29b54d009,0xad1fa213c423bc6718b699632aebce8afc2cb679b447cc8f19656be319bed261
150,2,0.00134,0xd6f29f2fb0a1dc783aeab42ce7ce9276f8e14a54,2017-09-15T01:55:04.000Z,0.00067,0xec11362cec810985d0ebbd7b73451444985b369f,buy,0xaec2e87e0a235266d9c5adc9deb4b2e29b54d009,0xdc55919767328344f4a1754c5c5f7d37892e6520c83a3f3a9576d854629c0df0
151,6000,4.014,0xf142f26d1cac4ba8a6e6d7974d243eda2fe5f4f9,2017-09-15T00:46:07.000Z,0.000669,0x9cc466bcd5ff6eef3ae30366ed93c46cf1f5a9ce,buy,0xaec2e87e0a235266d9c5adc9deb4b2e29b54d009,0x7bd2e4fd2984dafed1e77d72bcee18e1cba5b31a0b5add124c3c0dd04658758f
152,830,0.5549948183791769,0xf142f26d1cac4ba8a6e6d7974d243eda2fe5f4f9,2017-09-15T00:45:46.000Z,0.0006686684558785264,0x72cd1314d2cf003a0bfa57f46d9af033cd96b5f0,buy,0xaec2e87e0a235266d9c5adc9deb4b2e29b54d009,0x83c28095d2f733ca454a0000c52005d85cef8d6e62c1e52e61dd4ba5cdee0784
153,671,0.4483411816208231,0x663dfc04386dcc316c031d1b967c5bc772d5c9c2,2017-09-15T00:41:21.000Z,0.0006681686760369942,0x72cd1314d2cf003a0bfa57f46d9af033cd96b5f0,buy,0xaec2e87e0a235266d9c5adc9deb4b2e29b54d009,0xfb5c25f924fae7f979c1bc6d480e1914a96441fc1b0a26ce979eb855690f0051
154,54,0.0368,0x1e02c3d9ec119deb386394cefc5dc403624847c5,2017-09-11T01:31:56.000Z,0.0006814814814814815,0x1ca9bd189db5ab9099a4b17a15cf3ac3da289c38,buy,0xaec2e87e0a235266d9c5adc9deb4b2e29b54d009,0x21c39be24af4a0a800f1bb8ef9d13ff50f96b6e0c556e037ab36b696d9a0fb02
155,1000,0.675,0x24643b7b34f3ef7e18cd08c4e259fc754a97d3a7,2017-09-10T18:13:56.000Z,0.000675,0x1ca9bd189db5ab9099a4b17a15cf3ac3da289c38,buy,0xaec2e87e0a235266d9c5adc9deb4b2e29b54d009,0x96af06cd593262ca2beaf4c88ac42809fbddf8191f066da84551f0a162416ae5
156,1,0.000675,0x0024a5046fd95c5eee6db19a69ef7ed3bacd50f1,2017-09-10T12:17:28.000Z,0.000675,0x1ca9bd189db5ab9099a4b17a15cf3ac3da289c38,buy,0xaec2e87e0a235266d9c5adc9deb4b2e29b54d009,0x93ec4c12fe6ba4e0fa094b37f3406486bb84b18166969a58633434e4dc567aca
157,4,0.0018,0x6a912f36057ff7149c41c9140a30d5fe7cd1d7ff,2017-09-10T06:47:40.000Z,0.00045,0x6d3d0dfa885186833d6cf04f7890aab7d3b43cd1,sell,0xaec2e87e0a235266d9c5adc9deb4b2e29b54d009,0x328954639c035c0d2f711e4dd76cc98ae48697a52b340cab9a24ca5f0d8170ee
158,40,0.0166,0x861fe1a83bd48600bc376b101f4a6d92b5801a73,2017-09-10T04:02:32.000Z,0.000415,0xd0a7aeff1c017fcd86888f5acfe0752735914dce,sell,0xaec2e87e0a235266d9c5adc9deb4b2e29b54d009,0x1cb345e4c6f6e1eb5f4e6849df56dea0f7d1dadc60bb001df8c5dc93e94d8716
159,1014,0.6950720173648121,0x960b547fa23caeb25b9e36b915f58437a5db3405,2017-09-09T19:14:53.000Z,0.0006854753622927141,0x9cc466bcd5ff6eef3ae30366ed93c46cf1f5a9ce,buy,0xaec2e87e0a235266d9c5adc9deb4b2e29b54d009,0x0a5b820fe203619e788fff172777fa3101360739bc79b5925dc268ec5ee5a721
160,1459,0.99999999,0x960b547fa23caeb25b9e36b915f58437a5db3405,2017-09-09T18:41:27.000Z,0.0006854009527073338,0x9cc466bcd5ff6eef3ae30366ed93c46cf1f5a9ce,buy,0xaec2e87e0a235266d9c5adc9deb4b2e29b54d009,0x3b02035ecd9d00125e63524662388bc20353419e877e127a48c4aa82ffd87737
161,7163,5.000000152,0xebb9e3b9235db4e69d6d40c357de37f48f3fb9e2,2017-09-09T11:20:18.000Z,0.0006980315722462656,0x9cc466bcd5ff6eef3ae30366ed93c46cf1f5a9ce,buy,0xaec2e87e0a235266d9c5adc9deb4b2e29b54d009,0xb6c6b23a7b84c327846924a512279634f6e8633b4c9f7150807a86d10c52628d
162,7163,5.000000152,0xebb9e3b9235db4e69d6d40c357de37f48f3fb9e2,2017-09-09T11:19:24.000Z,0.0006980315722462656,0x9cc466bcd5ff6eef3ae30366ed93c46cf1f5a9ce,buy,0xaec2e87e0a235266d9c5adc9deb4b2e29b54d009,0xb6c6b23a7b84c327846924a512279634f6e8633b4c9f7150807a86d10c52628d
163,103,0.042436,0x7c34ee7fbb96499b4e5f1880722e064c469226ae,2017-09-09T03:36:34.000Z,0.000412,0xfa6147c70b3ba331d69fff19d44d3e8d5f23f85b,sell,0xaec2e87e0a235266d9c5adc9deb4b2e29b54d009,0x456782cda3d7926cd167f1c25fe56504cb05606d86d7feeda35eeb66dee8d3ac
164,4759,1.95119,0xbe7c82e758e416796e3fa6295651b0f5fcf804c1,2017-09-08T12:37:25.000Z,0.00041,0x9cc466bcd5ff6eef3ae30366ed93c46cf1f5a9ce,sell,0xaec2e87e0a235266d9c5adc9deb4b2e29b54d009,0xeb6e106edfde4162116af1d4d1ff38b561ed49ad2b417768596688719bebcfb3
165,41,0.01681,0xbe7c82e758e416796e3fa6295651b0f5fcf804c1,2017-09-08T12:02:25.000Z,0.00041,0x19fff3b449a3a58a48c7f1d838761f5721401d26,sell,0xaec2e87e0a235266d9c5adc9deb4b2e29b54d009,0xd73d28d12db631d1dbc29388a17a2ad9bbed5691d7dc7391f321655353f93e25
166,350,0.154,0x84cb814a3a387876598dd69ffb0ddcf0971b5e89,2017-09-08T11:38:01.000Z,0.00044,0x19fff3b449a3a58a48c7f1d838761f5721401d26,sell,0xaec2e87e0a235266d9c5adc9deb4b2e29b54d009,0x9049fb368d091e510fbdfc18ac851c75b1c5ea75976b3325b26ad0659990f9a3
167,200,0.088174,0x84cb814a3a387876598dd69ffb0ddcf0971b5e89,2017-09-08T11:38:01.000Z,0.00044087,0x19fff3b449a3a58a48c7f1d838761f5721401d26,sell,0xaec2e87e0a235266d9c5adc9deb4b2e29b54d009,0x4581f39d65600a7d1e0598b2181de95251685c25cc814204d4f2003c5a4ee532
168,4940,1.7784,0x9cc466bcd5ff6eef3ae30366ed93c46cf1f5a9ce,2017-09-08T09:06:13.000Z,0.00036,0x8dbdbb1daa5ee7a45dcc5e23d4aadacf7db9bc2e,sell,0xaec2e87e0a235266d9c5adc9deb4b2e29b54d009,0x20e64e82c82cba763334194c7ab0f3bfd025011f2f200dfb24932c337e70a411
169,70,0.056,0x37f8fae578622d45f406f22211378b07232785f9,2017-09-07T20:15:16.000Z,0.0008,0x8f94175404475f87a197bf3044cb9a2da6fa46af,buy,0xaec2e87e0a235266d9c5adc9deb4b2e29b54d009,0xe0169c98a1b02ce77a1c88812ffb3e326d92ad08261f4c9d4b803897fc446d00
170,974,0.974,0x7797624371fba3ef043d01aa57e744fcb9de2098,2017-09-07T19:05:23.000Z,0.001,0x8f94175404475f87a197bf3044cb9a2da6fa46af,buy,0xaec2e87e0a235266d9c5adc9deb4b2e29b54d009,0x3f861c68d430df907736e0b273514a36379f57a7a4a11e62ba332d10287d8809
171,6,0.0039,0x8f94175404475f87a197bf3044cb9a2da6fa46af,2017-09-07T18:15:21.000Z,0.00065,0x9cc466bcd5ff6eef3ae30366ed93c46cf1f5a9ce,sell,0xaec2e87e0a235266d9c5adc9deb4b2e29b54d009,0x977480287860a4639d0a2e293e802f2c46a74f7bf5434f74f350cb37a2e33ce3
172,9,0.00675,0x8f94175404475f87a197bf3044cb9a2da6fa46af,2017-09-07T14:52:38.000Z,0.00075,0x9cc466bcd5ff6eef3ae30366ed93c46cf1f5a9ce,sell,0xaec2e87e0a235266d9c5adc9deb4b2e29b54d009,0x0d68a938160cf97de5166c90e376fccf60906beac951af32d4e0a24713e96e40
173,798,0.5985,0x8f94175404475f87a197bf3044cb9a2da6fa46af,2017-09-07T14:11:18.000Z,0.00075,0x669f0ab96fd3beb68bc836bb874894bbb516331a,sell,0xaec2e87e0a235266d9c5adc9deb4b2e29b54d009,0x36b799521693a38cdd19e64fcb9262dc405017c7a194b2e6607fc7d18a35b1d0
174,975,0.73125,0x8f94175404475f87a197bf3044cb9a2da6fa46af,2017-09-07T14:01:57.000Z,0.00075,0x663dfc04386dcc316c031d1b967c5bc772d5c9c2,sell,0xaec2e87e0a235266d9c5adc9deb4b2e29b54d009,0x7520bc239816f008962ea2bc66c1efee0f8d39c32d78e515c2dc501b20060805
175,2244,1.683,0x8f94175404475f87a197bf3044cb9a2da6fa46af,2017-09-07T13:58:18.000Z,0.00075,0x669f0ab96fd3beb68bc836bb874894bbb516331a,sell,0xaec2e87e0a235266d9c5adc9deb4b2e29b54d009,0xd388c11dc88ddd0cab47e40c4f91da9ebc352460a2cde8ebae3df11360cf0d95
176,974,0.7305,0x8f94175404475f87a197bf3044cb9a2da6fa46af,2017-09-07T13:43:05.000Z,0.00075,0x663dfc04386dcc316c031d1b967c5bc772d5c9c2,sell,0xaec2e87e0a235266d9c5adc9deb4b2e29b54d009,0x02e61d3ab859fd85ace052fc4f324d7e8057f4be0208e4a4026ade4e66e1790c
177,714,0.357,0x50914aaa4aa1ff260dc1860952abc8a3c790a829,2017-09-07T04:17:04.000Z,0.0005,0x663dfc04386dcc316c031d1b967c5bc772d5c9c2,sell,0xaec2e87e0a235266d9c5adc9deb4b2e29b54d009,0x92f1ee0ce97a9976cbddeb77639b6250bf0055c6e0710f0163b03d67b3b73989
178,250,0.2775,0x37f8fae578622d45f406f22211378b07232785f9,2017-09-06T23:30:07.000Z,0.00111,0xa5da57311bc233b112ab817c732804d2a4c0297c,buy,0xaec2e87e0a235266d9c5adc9deb4b2e29b54d009,0x5887969435f54e809e5b74bc77ed8995fff6bd5c6bc0661bdd8f4ff622ba8c3f
179,3,0.00333,0xa5da57311bc233b112ab817c732804d2a4c0297c,2017-09-06T22:46:04.000Z,0.00111,0xf732b16f5aee6cd2db5b30a7a3860764a48b19ff,sell,0xaec2e87e0a235266d9c5adc9deb4b2e29b54d009,0x0c9703785b5761d934953b5a418de974471d6c19d9c8fb6f456103efaeb68a3a
180,3,0.0039405,0x797b3387f696974bae3eaa464cd958a8037e7cdc,2017-09-06T22:03:12.000Z,0.0013135,0xa5da57311bc233b112ab817c732804d2a4c0297c,buy,0xaec2e87e0a235266d9c5adc9deb4b2e29b54d009,0x08bcc89baa634f57facb77b86e8515eb1401a90b87d917c0207c24892b1f7d16
181,847,0.94017,0xa5da57311bc233b112ab817c732804d2a4c0297c,2017-09-06T20:29:31.000Z,0.00111,0xa5da57311bc233b112ab817c732804d2a4c0297c,sell,0xaec2e87e0a235266d9c5adc9deb4b2e29b54d009,0x3229d6340b864b62d2b9c5c779efab17d0c11098f623abd9db11dbe375c13c15
182,150,0.12,0xec9c4bc462803f3d4d1ecbe5a7a618ab47defa02,2017-09-06T10:03:46.000Z,0.0008,0xa5da57311bc233b112ab817c732804d2a4c0297c,sell,0xaec2e87e0a235266d9c5adc9deb4b2e29b54d009,0x651d8075f7f98411b774df4e57677b57527c6cc3c816f9dd245b8af7de8af4e1
183,4,0.0032,0xc1a4f339747425b0b2f1f7db652b2c2c84b69e80,2017-09-05T22:03:10.000Z,0.0008,0xa5da57311bc233b112ab817c732804d2a4c0297c,buy,0xaec2e87e0a235266d9c5adc9deb4b2e29b54d009,0x6a65c6c8fcf661ad3b764b47b7ac0571de2ba28a82ad7fe830338cecc48a32cc
184,996,0.6978395174957631,0xc1a4f339747425b0b2f1f7db652b2c2c84b69e80,2017-09-05T19:36:47.000Z,0.0007006420858391196,0xa5da57311bc233b112ab817c732804d2a4c0297c,buy,0xaec2e87e0a235266d9c5adc9deb4b2e29b54d009,0x0db6071fbb4c8353e7ec04f4dd1dd2af663bb455d6c9944f26ffb2867a9b713f
185,497,0.22406616765338327,0x010f7ec243bb5e7ed2b54cce49ca147e540e56fc,2017-09-05T19:08:23.000Z,0.00045083735946354784,0x1fdf047bf7a114b37e7936d01e9cad754ad18803,buy,0xaec2e87e0a235266d9c5adc9deb4b2e29b54d009,0xd3a5a4a7551006ad301f7d6c5d55c7231ad536305edc7e2df047a6c3add57648
186,976,0.4396016452277771,0x010f7ec243bb5e7ed2b54cce49ca147e540e56fc,2017-09-05T18:48:11.000Z,0.00045041152174977165,0x1fdf047bf7a114b37e7936d01e9cad754ad18803,buy,0xaec2e87e0a235266d9c5adc9deb4b2e29b54d009,0x7512574e1d8a78007be2267716842dd1a1e5e318072c1a6d33f2f4f65370f921
187,1677,0.5031,0x50914aaa4aa1ff260dc1860952abc8a3c790a829,2017-09-04T19:48:30.000Z,0.0003,0xdb0345e803263d01208f9054f2379c422ca48734,sell,0xaec2e87e0a235266d9c5adc9deb4b2e29b54d009,0x748b5a264f513bf34fbdf7adf051f38f1af4d3dc420b183c5c23e378f95ac9d4
188,149,0.055875,0x861fe1a83bd48600bc376b101f4a6d92b5801a73,2017-09-04T14:16:38.000Z,0.000375,0x663dfc04386dcc316c031d1b967c5bc772d5c9c2,sell,0xaec2e87e0a235266d9c5adc9deb4b2e29b54d009,0xe76229cbe22cdffa5825ea298cf9445ca6511e94464285d337d22bdb9d2a83bf
189,99,0.0397089,0xd6146c64896d92d4d32c37cb06779ddf20a05c82,2017-09-04T13:28:18.000Z,0.0004011,0x663dfc04386dcc316c031d1b967c5bc772d5c9c2,sell,0xaec2e87e0a235266d9c5adc9deb4b2e29b54d009,0x7c054e426236b70ac5a2b3b392d09b73d42731c65eafb7a2a601eb38e7064d94
190,175,0.07035,0x3480f62b7a504952cb4790ad3a5019406e053d31,2017-09-04T12:31:29.000Z,0.000402,0x663dfc04386dcc316c031d1b967c5bc772d5c9c2,sell,0xaec2e87e0a235266d9c5adc9deb4b2e29b54d009,0x3f1e273287e3bb2f374bd7b328a5dc4a6654b40f4b83240a8ad037688b1b8007
191,206,0.082812,0x3480f62b7a504952cb4790ad3a5019406e053d31,2017-09-04T11:29:02.000Z,0.000402,0x663dfc04386dcc316c031d1b967c5bc772d5c9c2,sell,0xaec2e87e0a235266d9c5adc9deb4b2e29b54d009,0xfcfa7352ac3fb1f14c676effcae6fc009ea59a6733def420cc0a68541891deb0
192,206,0.082812,0x3480f62b7a504952cb4790ad3a5019406e053d31,2017-09-04T10:49:53.000Z,0.000402,0x663dfc04386dcc316c031d1b967c5bc772d5c9c2,sell,0xaec2e87e0a235266d9c5adc9deb4b2e29b54d009,0x074ee5ecd777796c14570c415d7458b2a8ead602629eeb96d3afc8b3b822ece3
193,187,0.075174,0x3480f62b7a504952cb4790ad3a5019406e053d31,2017-09-04T10:00:13.000Z,0.000402,0x663dfc04386dcc316c031d1b967c5bc772d5c9c2,sell,0xaec2e87e0a235266d9c5adc9deb4b2e29b54d009,0xc99e82b7f3abbe1735461fae8a76fc6d67f4329a8f32538ac7b5ae7d1f841dde
194,187,0.075174,0x3480f62b7a504952cb4790ad3a5019406e053d31,2017-09-04T09:06:20.000Z,0.000402,0x663dfc04386dcc316c031d1b967c5bc772d5c9c2,sell,0xaec2e87e0a235266d9c5adc9deb4b2e29b54d009,0x5ba641c44c4b004d456eaa5d20c8e6d052ac8c79a62fb108b4a842d2c47b061e
195,50,0.0225,0x7d114b5bc46a424a2818fdce8fe688ee5e8c41f5,2017-09-04T06:11:13.000Z,0.00045,0x1fdf047bf7a114b37e7936d01e9cad754ad18803,buy,0xaec2e87e0a235266d9c5adc9deb4b2e29b54d009,0x892cb0e3a823a79d930b27ec3cae13a45ffc1a9737d98b4b390c8f2cec9c6e75
196,100,0.045,0xbf1e36feb9f38240cd321ef90f711822574e363f,2017-09-04T05:03:32.000Z,0.00045,0x1fdf047bf7a114b37e7936d01e9cad754ad18803,buy,0xaec2e87e0a235266d9c5adc9deb4b2e29b54d009,0x43879c5792646dfd335c5f7980d85524692b9497d7cb9ea5b3d9195c64842575
197,49,0.019698,0x3480f62b7a504952cb4790ad3a5019406e053d31,2017-09-04T01:13:33.000Z,0.000402,0x9dd0fdf8cf66b68a5790ba8889df6fb4485631e2,sell,0xaec2e87e0a235266d9c5adc9deb4b2e29b54d009,0xac31bb4604cf9b68d663072394aa422f48b940b5bf84730e69aa82fd730fbe5d
198,375,0.16875,0x90d3c48362656849a02a090e37a0f9f83c3e59c7,2017-09-03T21:54:06.000Z,0.00045,0x1fdf047bf7a114b37e7936d01e9cad754ad18803,buy,0xaec2e87e0a235266d9c5adc9deb4b2e29b54d009,0x5c0fd6ca00091494c4d8907a88dff2fcf6e332277f10323d561642fbc7619774
199,187,0.074987,0xbe7c82e758e416796e3fa6295651b0f5fcf804c1,2017-09-03T16:54:52.000Z,0.000401,0x663dfc04386dcc316c031d1b967c5bc772d5c9c2,sell,0xaec2e87e0a235266d9c5adc9deb4b2e29b54d009,0x5c7c6dfc8cf2cb60256557e33fe9a66c83971b1654e4e1b81c270d045600d12d
200,187,0.074987,0xbe7c82e758e416796e3fa6295651b0f5fcf804c1,2017-09-03T16:30:34.000Z,0.000401,0x663dfc04386dcc316c031d1b967c5bc772d5c9c2,sell,0xaec2e87e0a235266d9c5adc9deb4b2e29b54d009,0xc4b2cf4f064f977b548516e7a4db9f18b0e3da72f3b469859cd0c8c4f0a19630
201,187,0.074987,0xbe7c82e758e416796e3fa6295651b0f5fcf804c1,2017-09-03T14:59:14.000Z,0.000401,0x663dfc04386dcc316c031d1b967c5bc772d5c9c2,sell,0xaec2e87e0a235266d9c5adc9deb4b2e29b54d009,0x99b22b84f2c14d39c47a98a4b065fb4c7d5b0280f996b66739cfa39763e3310b
202,1999,0.803598,0xe41b5e6d7328eb3a519efe0ed8d63c8d1e63acf5,2017-09-03T14:47:41.000Z,0.000402,0xf142f26d1cac4ba8a6e6d7974d243eda2fe5f4f9,sell,0xaec2e87e0a235266d9c5adc9deb4b2e29b54d009,0x7292827253e92e7106ed8559af8b64db3537524f1335dbf75ba281041ec4837e
203,187,0.074987,0xbe7c82e758e416796e3fa6295651b0f5fcf804c1,2017-09-03T14:03:42.000Z,0.000401,0x663dfc04386dcc316c031d1b967c5bc772d5c9c2,sell,0xaec2e87e0a235266d9c5adc9deb4b2e29b54d009,0x6fe8bf172c56d798d2a788009036f779e0f2f763951236614bdb94eeaaa0c2ea
204,2782,1.115582,0xbe7c82e758e416796e3fa6295651b0f5fcf804c1,2017-09-03T12:40:54.000Z,0.000401,0x097501c95264ad3204159efaefdc5820783dbeae,sell,0xaec2e87e0a235266d9c5adc9deb4b2e29b54d009,0xd1d2d6f74af4b3b376d6cb95a9e4b1e3a46b3fa7d167b70b598d6d007a8e3152
205,185,0.074185,0xbe7c82e758e416796e3fa6295651b0f5fcf804c1,2017-09-03T10:39:42.000Z,0.000401,0x663dfc04386dcc316c031d1b967c5bc772d5c9c2,sell,0xaec2e87e0a235266d9c5adc9deb4b2e29b54d009,0x9a06043eb6d762d649c204edb7116b371729de94ef6ad320765919deca4dd9d6
206,13,0.0052,0xd42bbd55128f2c5e491bd94d0fd1eca5d9934555,2017-09-01T20:21:57.000Z,0.0004,0x663dfc04386dcc316c031d1b967c5bc772d5c9c2,sell,0xaec2e87e0a235266d9c5adc9deb4b2e29b54d009,0x84d42620a9b3dbfb2b5e95b0acf0002555e1681fc86fcde3b8358e5a72dd193c
207,6,0.0024,0xd42bbd55128f2c5e491bd94d0fd1eca5d9934555,2017-09-01T06:28:12.000Z,0.0004,0x097501c95264ad3204159efaefdc5820783dbeae,sell,0xaec2e87e0a235266d9c5adc9deb4b2e29b54d009,0x59b3747095414d6139f9ee63f33c19b5327606f4854f24d4f8cec4027ea8e508
208,2000,0.802,0x1fdf047bf7a114b37e7936d01e9cad754ad18803,2017-09-01T06:15:17.000Z,0.000401,0x097501c95264ad3204159efaefdc5820783dbeae,sell,0xaec2e87e0a235266d9c5adc9deb4b2e29b54d009,0x23285ce26b22f8bd3ef0a5321504f33ea19026874cfe3117f1003ea458f45bdb
209,11000,15.95,0xb3ad9108a229a395d7b7e7dd75367fc534c79017,2017-09-01T01:45:24.000Z,0.00145,0x9cc466bcd5ff6eef3ae30366ed93c46cf1f5a9ce,buy,0xaec2e87e0a235266d9c5adc9deb4b2e29b54d009,0x4ec7cdb7bad4afe5a4bd57477c19b16fdfd4e0d0da51b7cbf6345ce1d02f08f8
210,2488,0.990224,0x097501c95264ad3204159efaefdc5820783dbeae,2017-08-31T05:57:45.000Z,0.000398,0x6698e7c10582bfbaa736b840946a6104ffc46a9a,buy,0xaec2e87e0a235266d9c5adc9deb4b2e29b54d009,0x214ed7cfc03ac4a1a0b31ffb0b2d9f3043b473d3238e10c518a03ba247518f14
211,2512,0.999776,0xf732b16f5aee6cd2db5b30a7a3860764a48b19ff,2017-08-31T05:56:21.000Z,0.000398,0x6698e7c10582bfbaa736b840946a6104ffc46a9a,buy,0xaec2e87e0a235266d9c5adc9deb4b2e29b54d009,0xe01181a2adaa0b57d585a3022d81bb1493777b65d73edf238b95822a20dde617
212,2273,0.850384744,0xf732b16f5aee6cd2db5b30a7a3860764a48b19ff,2017-08-31T05:46:50.000Z,0.00037412439243290804,0x6698e7c10582bfbaa736b840946a6104ffc46a9a,buy,0xaec2e87e0a235266d9c5adc9deb4b2e29b54d009,0x573451cbfd7c22a147bfff6f556ae152d27d33a3e47ce5d31d21aa8db09704f2
213,726,0.2716152159614223,0x097501c95264ad3204159efaefdc5820783dbeae,2017-08-31T05:27:05.000Z,0.00037412564182014087,0x6698e7c10582bfbaa736b840946a6104ffc46a9a,buy,0xaec2e87e0a235266d9c5adc9deb4b2e29b54d009,0x8c07bfef15280fc6261fff1176bb1cc4e4a5a1bb350ac162b3d35a00f3b80b4d
214,172,0.05515392,0x097501c95264ad3204159efaefdc5820783dbeae,2017-08-31T05:25:15.000Z,0.0003206623255813953,0xe1cd71564a3ae294bb129e19e2051391e077c661,buy,0xaec2e87e0a235266d9c5adc9deb4b2e29b54d009,0xcf252683ffce22439e939b579146edaaa8131cf0630d737753b0240bed15e8ad
215,3000,1.119,0x097501c95264ad3204159efaefdc5820783dbeae,2017-08-31T05:22:46.000Z,0.000373,0x6698e7c10582bfbaa736b840946a6104ffc46a9a,buy,0xaec2e87e0a235266d9c5adc9deb4b2e29b54d009,0x21cbf42573c3ebfc14b7c42dcbb7be2c688a29c4378d4f373ad7bf25de3101c4
216,925,0.2962060071707952,0xdcf93441dd681e2cac27bff4d6db7e5036f25bad,2017-08-31T03:39:42.000Z,0.0003202227104549137,0xe1cd71564a3ae294bb129e19e2051391e077c661,buy,0xaec2e87e0a235266d9c5adc9deb4b2e29b54d009,0xc35dcc845649c9a6cee175f176dbdcf60cfdc187018344d019015448cd94ea82
217,2195,0.8120053608,0xf142f26d1cac4ba8a6e6d7974d243eda2fe5f4f9,2017-08-30T18:13:35.000Z,0.0003699341051480638,0x6698e7c10582bfbaa736b840946a6104ffc46a9a,buy,0xaec2e87e0a235266d9c5adc9deb4b2e29b54d009,0x9036ac49c04f285d2438ede513006cd6dff8bad9cb7fd22d97dea69d8ab7842f
218,2804,1.0369944788045378,0xf71e48a86109f40405859ecefd78b4374e03f68d,2017-08-30T17:59:57.000Z,0.0003698268469345712,0x6698e7c10582bfbaa736b840946a6104ffc46a9a,buy,0xaec2e87e0a235266d9c5adc9deb4b2e29b54d009,0xba8d4deda77eef298f6ea6f8a1f0648cb248927faebf2fce364112563affb3e8
219,2421,0.8813986416157185,0xf142f26d1cac4ba8a6e6d7974d243eda2fe5f4f9,2017-08-30T17:39:42.000Z,0.0003640638750994293,0x6698e7c10582bfbaa736b840946a6104ffc46a9a,buy,0xaec2e87e0a235266d9c5adc9deb4b2e29b54d009,0xdeaf63dad4fc75081815dd9421330aae4113f4edbb42f2de72dd49f9dbc132a7
220,1477,0.5378617947857052,0x9bdbdfb6df8a522dbc4e29a06047bf86b5f2cc4f,2017-08-30T17:26:13.000Z,0.00036415829030853427,0x6698e7c10582bfbaa736b840946a6104ffc46a9a,buy,0xaec2e87e0a235266d9c5adc9deb4b2e29b54d009,0xa92eab89752ad604016347c57a973db1010c7164d7abddcd265331b89092dd7f
221,1100,0.40073956359857643,0xdcf93441dd681e2cac27bff4d6db7e5036f25bad,2017-08-30T17:24:41.000Z,0.000364308694180524,0x6698e7c10582bfbaa736b840946a6104ffc46a9a,buy,0xaec2e87e0a235266d9c5adc9deb4b2e29b54d009,0x4487aa6a75f6c5a03e3785d82aea21f29459fbf6aba1aaf5b5b3fd3cd763c1a8
222,3109,1.1320318007462158,0x9bdbdfb6df8a522dbc4e29a06047bf86b5f2cc4f,2017-08-30T17:22:20.000Z,0.0003641144421827648,0x6698e7c10582bfbaa736b840946a6104ffc46a9a,buy,0xaec2e87e0a235266d9c5adc9deb4b2e29b54d009,0x7d54122ab45e864e35eeda744a2e55ef3364e74eb243f583809cc374df9c49e2
223,890,0.32421985413418875,0x9bdbdfb6df8a522dbc4e29a06047bf86b5f2cc4f,2017-08-30T17:21:25.000Z,0.00036429197093729073,0x6698e7c10582bfbaa736b840946a6104ffc46a9a,buy,0xaec2e87e0a235266d9c5adc9deb4b2e29b54d009,0x340300b9d1dc10b87337a1549c12f5e0d446fb979d3ab4c7a5bcb53fca1afbdb
224,1890,0.6879681992537843,0xf71e48a86109f40405859ecefd78b4374e03f68d,2017-08-30T17:19:50.000Z,0.00036400433822951543,0x6698e7c10582bfbaa736b840946a6104ffc46a9a,buy,0xaec2e87e0a235266d9c5adc9deb4b2e29b54d009,0x8e54bf085c3baf0b9dc31ed34c764eb89ffde42edef75fd5e540b14acf0f6a1a
225,4109,1.4957619458658113,0x9bdbdfb6df8a522dbc4e29a06047bf86b5f2cc4f,2017-08-30T16:48:45.000Z,0.0003640209164920446,0x6698e7c10582bfbaa736b840946a6104ffc46a9a,buy,0xaec2e87e0a235266d9c5adc9deb4b2e29b54d009,0x6fd804aa8ab109d4fd68e18dc2c07a24ba86636273eeb3c7f7e9287286f87426
226,199,0.06368,0x6571315eeddcd6371086e35adb98915817e375e1,2017-08-30T01:35:43.000Z,0.00032,0x008ef0e604fb49d668d9315c06aefb3d59a49c38,sell,0xaec2e87e0a235266d9c5adc9deb4b2e29b54d009,0xa9fbf3483089fe89b6a17e50fc4816b6613687cd3a7633bd203468851a64eded
227,5000,1.805,0x008ef0e604fb49d668d9315c06aefb3d59a49c38,2017-08-30T01:20:33.000Z,0.000361,0x6698e7c10582bfbaa736b840946a6104ffc46a9a,buy,0xaec2e87e0a235266d9c5adc9deb4b2e29b54d009,0x872eba0d705730e3d85f9b2afdba0a54000ba376b8cbd53db216dcd453f71b58
228,5000,1.8,0x008ef0e604fb49d668d9315c06aefb3d59a49c38,2017-08-30T01:19:00.000Z,0.00036,0x6698e7c10582bfbaa736b840946a6104ffc46a9a,buy,0xaec2e87e0a235266d9c5adc9deb4b2e29b54d009,0x1aa8b968207c880ac0dfb152d7b2bc83704d43466339a9dc139c3a72936d2cb1
229,99,0.03168,0x6571315eeddcd6371086e35adb98915817e375e1,2017-08-29T18:32:13.000Z,0.00032,0x4717c48e3f3d63d01ee7452fcea47cb522c56a99,sell,0xaec2e87e0a235266d9c5adc9deb4b2e29b54d009,0xb149cc1dfc017baaee2f8f8ccf9af2a679d4989aa6bb5ca33183d7f36c72c111
230,100,0.039732,0x5cee1905c3b9c42a7d59af181c52976c97f31582,2017-08-28T18:57:50.000Z,0.00039732,0x6698e7c10582bfbaa736b840946a6104ffc46a9a,buy,0xaec2e87e0a235266d9c5adc9deb4b2e29b54d009,0x83fb083229c452bb0bb01be7e2d3a4843ac8f55a49446f287c1af4d38fc7d82a
231,2678,1.0661958826606086,0x534cacb922c009e510fb25e0d89d307d15a8392f,2017-08-28T11:09:44.000Z,0.00039813139755810625,0x6698e7c10582bfbaa736b840946a6104ffc46a9a,buy,0xaec2e87e0a235266d9c5adc9deb4b2e29b54d009,0xd630e6b783b7aaabe38371c4f77566459e5aba8a6f74dae9d5400bf7c3f607c6
232,200,0.08,0xcfd0974106f5a430fcc901f6945745d6acfdd5f7,2017-08-28T03:38:34.000Z,0.0004,0x6698e7c10582bfbaa736b840946a6104ffc46a9a,sell,0xaec2e87e0a235266d9c5adc9deb4b2e29b54d009,0x18c51d52564cb555a85fb380c79a8670b9af06243e9b9450b38aa7a820c2d7e2
233,2000,0.838,0x9778550d76b07ac9f5e57392f68ecdf6efc1774e,2017-08-27T23:04:15.000Z,0.000419,0x6698e7c10582bfbaa736b840946a6104ffc46a9a,buy,0xaec2e87e0a235266d9c5adc9deb4b2e29b54d009,0x5bfc982db7fcf380b45c8c702c647f318f22fa49f382f60608e5ac1555665e34
234,274,0.1188939903696653,0x534cacb922c009e510fb25e0d89d307d15a8392f,2017-08-27T22:23:53.000Z,0.00043391967288199015,0x6698e7c10582bfbaa736b840946a6104ffc46a9a,buy,0xaec2e87e0a235266d9c5adc9deb4b2e29b54d009,0x6fb14ab62a0c452254a5cc3893147bcdbd671f0b8a2cdc6e300d188da55d14a1
235,1342,0.549023195,0x534cacb922c009e510fb25e0d89d307d15a8392f,2017-08-27T22:18:03.000Z,0.00040910819299552905,0x6698e7c10582bfbaa736b840946a6104ffc46a9a,buy,0xaec2e87e0a235266d9c5adc9deb4b2e29b54d009,0x284223a42dc5a5f0d99cb0f325bc2380fb29742a3c509f65fac2d66081cdb53a
236,657,0.2689766302700361,0x534cacb922c009e510fb25e0d89d307d15a8392f,2017-08-27T22:10:31.000Z,0.0004094012637291265,0x6698e7c10582bfbaa736b840946a6104ffc46a9a,buy,0xaec2e87e0a235266d9c5adc9deb4b2e29b54d009,0x13e1c07f45043ec2f6fd490127799c3b8bd0b1e07e717c59f5ffa1cc79f41385
237,1899,0.784296912,0xff684104992bd26b6326bca4620d733526c0ddb1,2017-08-26T19:56:34.000Z,0.0004130052195892575,0x6698e7c10582bfbaa736b840946a6104ffc46a9a,buy,0xaec2e87e0a235266d9c5adc9deb4b2e29b54d009,0xf1a97c02194c4dd96bbaa79855b45bda48618841124d3bb1abb1aee29ba4b704
238,41,0.017315220168593413,0xd0a7aeff1c017fcd86888f5acfe0752735914dce,2017-08-26T18:51:57.000Z,0.0004223224431364247,0x6698e7c10582bfbaa736b840946a6104ffc46a9a,buy,0xaec2e87e0a235266d9c5adc9deb4b2e29b54d009,0x3b23effbb09155e7412432a34641ab0a1f4d263d085b87d3fa9e81038637f00d
239,559,0.2308876894871116,0x097501c95264ad3204159efaefdc5820783dbeae,2017-08-26T16:53:22.000Z,0.00041303701160485087,0x6698e7c10582bfbaa736b840946a6104ffc46a9a,buy,0xaec2e87e0a235266d9c5adc9deb4b2e29b54d009,0x3ca27f5285315da9e5e94e932d803168ab47831edb99555b4284034212bf04fe
240,2000,0.824,0x097501c95264ad3204159efaefdc5820783dbeae,2017-08-26T16:51:01.000Z,0.000412,0x6698e7c10582bfbaa736b840946a6104ffc46a9a,buy,0xaec2e87e0a235266d9c5adc9deb4b2e29b54d009,0x2dd96540ef0eac2c06bd40358a93305f273b3594b5a2c3ce544d77c0693839a6
241,1262,0.5048950854369126,0x097501c95264ad3204159efaefdc5820783dbeae,2017-08-26T16:49:01.000Z,0.0004000753450371732,0x6698e7c10582bfbaa736b840946a6104ffc46a9a,buy,0xaec2e87e0a235266d9c5adc9deb4b2e29b54d009,0xf69696323e44fd4dfff78f02b405ea274d194a190ae029382cd4d00a7898a971
242,124,0.04984945432989852,0xcfd0974106f5a430fcc901f6945745d6acfdd5f7,2017-08-26T09:41:45.000Z,0.0004020117284669235,0x6698e7c10582bfbaa736b840946a6104ffc46a9a,buy,0xaec2e87e0a235266d9c5adc9deb4b2e29b54d009,0x10cd606044b4ea8813563a188b13498f291946f021de8844dd354e8183d9e556
243,99,0.03987638321204267,0xcfd0974106f5a430fcc901f6945745d6acfdd5f7,2017-08-26T09:34:22.000Z,0.0004027917496165926,0x6698e7c10582bfbaa736b840946a6104ffc46a9a,buy,0xaec2e87e0a235266d9c5adc9deb4b2e29b54d009,0xca70eb828642c8c98de23f9f44bcf4231ddefc0be6092e9ab8ee6f50149ce71a
244,2250,0.9,0x534cacb922c009e510fb25e0d89d307d15a8392f,2017-08-26T07:36:59.000Z,0.0004,0x6698e7c10582bfbaa736b840946a6104ffc46a9a,buy,0xaec2e87e0a235266d9c5adc9deb4b2e29b54d009,0xa37ab5560d05d6703ffe850706851f41df2f47f7d94847456fa5de88e5f96ae8
245,4263,1.7053790770211463,0x534cacb922c009e510fb25e0d89d307d15a8392f,2017-08-26T05:23:30.000Z,0.00040004200727683466,0x6698e7c10582bfbaa736b840946a6104ffc46a9a,buy,0xaec2e87e0a235266d9c5adc9deb4b2e29b54d009,0xa7cb7fdbc1ddc85b5b622c87392be5def4030de8cf9942a826ccb416d3186d0e
246,2000,0.8,0xf142f26d1cac4ba8a6e6d7974d243eda2fe5f4f9,2017-08-26T01:03:49.000Z,0.0004,0x6698e7c10582bfbaa736b840946a6104ffc46a9a,buy,0xaec2e87e0a235266d9c5adc9deb4b2e29b54d009,0x1006b8a451be89790fe872c2323482ea2a0469026cab6c497b4e2af3f565e687
247,481,0.1884082635705631,0xf142f26d1cac4ba8a6e6d7974d243eda2fe5f4f9,2017-08-26T00:23:10.000Z,0.00039170117166437233,0x6698e7c10582bfbaa736b840946a6104ffc46a9a,buy,0xaec2e87e0a235266d9c5adc9deb4b2e29b54d009,0x4744c14839c00ed1b5418c88661000c970aee8506beb2da10fb5d79245e0482f
248,518,0.2025917364294369,0x534cacb922c009e510fb25e0d89d307d15a8392f,2017-08-25T15:51:53.000Z,0.00039110373828076623,0x6698e7c10582bfbaa736b840946a6104ffc46a9a,buy,0xaec2e87e0a235266d9c5adc9deb4b2e29b54d009,0xaf272e0e3df100c46e81da509cb1607d0b724b0b49b1b5aac26a447b841b6ad1
249,1,0.00042,0xbb325a2ee38566c7a03010b2c4929fd99861bf36,2017-08-25T12:05:23.000Z,0.00042,0x6698e7c10582bfbaa736b840946a6104ffc46a9a,buy,0xaec2e87e0a235266d9c5adc9deb4b2e29b54d009,0xfeaa54222e182072c498ad885a23123e0a9ba708c069aaf7d2c082b741c9712a
250,912,0.37392,0x6698e7c10582bfbaa736b840946a6104ffc46a9a,2017-08-25T10:54:29.000Z,0.00041,0x534cacb922c009e510fb25e0d89d307d15a8392f,sell,0xaec2e87e0a235266d9c5adc9deb4b2e29b54d009,0x8134a094de16f167439c4d41ceb6aff15504d3c203e7391ed74f2187a0961b9a
251,4085,1.67485,0x6698e7c10582bfbaa736b840946a6104ffc46a9a,2017-08-25T10:09:18.000Z,0.00041,0x534cacb922c009e510fb25e0d89d307d15a8392f,sell,0xaec2e87e0a235266d9c5adc9deb4b2e29b54d009,0x2ac0a3aed0b9b02f64cc9ddacf5ac5d4b1b3362a68055d04bcacec71877d9f11
252,5,0.0021,0x6d3d0dfa885186833d6cf04f7890aab7d3b43cd1,2017-08-24T19:55:45.000Z,0.00042,0x6698e7c10582bfbaa736b840946a6104ffc46a9a,buy,0xaec2e87e0a235266d9c5adc9deb4b2e29b54d009,0x2ff8da9b2d8bf7069d20f25fc28c25a23d65c2fb8a19647b50a972c8015e5435
253,271,0.11410403842197452,0x82e096b1751dfa153ae43b4a0270ec70b36aa340,2017-08-24T18:03:47.000Z,0.00042104811225820857,0x6698e7c10582bfbaa736b840946a6104ffc46a9a,buy,0xaec2e87e0a235266d9c5adc9deb4b2e29b54d009,0x970637b0389f32ad56bba7e9d319fcebc3563692d43f62c6a66641ba72477863
254,25,0.0105,0xd0a7aeff1c017fcd86888f5acfe0752735914dce,2017-08-24T08:16:38.000Z,0.00042,0x6698e7c10582bfbaa736b840946a6104ffc46a9a,buy,0xaec2e87e0a235266d9c5adc9deb4b2e29b54d009,0x3529d3f9ea76a562225e697913ff90abe38f41cf0dab1b5a4da41132210ace32
255,54,0.02268,0xd0a7aeff1c017fcd86888f5acfe0752735914dce,2017-08-24T07:57:28.000Z,0.00042,0x6698e7c10582bfbaa736b840946a6104ffc46a9a,buy,0xaec2e87e0a235266d9c5adc9deb4b2e29b54d009,0x9f8cf7e71c9b315e1322d0246681e7a031da8a031481bcead61e51131855fd44
256,23,0.00966,0xd0a7aeff1c017fcd86888f5acfe0752735914dce,2017-08-24T07:36:57.000Z,0.00042,0x6698e7c10582bfbaa736b840946a6104ffc46a9a,buy,0xaec2e87e0a235266d9c5adc9deb4b2e29b54d009,0xd9efd10c6267adb81de2b4861052847b426abb8c9148399d750ed778638f37aa
257,1,0.00032,0x6571315eeddcd6371086e35adb98915817e375e1,2017-08-23T22:32:16.000Z,0.00032,0xf142f26d1cac4ba8a6e6d7974d243eda2fe5f4f9,sell,0xaec2e87e0a235266d9c5adc9deb4b2e29b54d009,0xaccc652f1169f3dd4d5553619005370b212861e6f87e61f662c9c461422efcd2
258,2966,1.246136980700813,0x534cacb922c009e510fb25e0d89d307d15a8392f,2017-08-23T17:21:42.000Z,0.00042014058688496727,0x6698e7c10582bfbaa736b840946a6104ffc46a9a,buy,0xaec2e87e0a235266d9c5adc9deb4b2e29b54d009,0x976b5b0f96e5398aacb3169c24542b4f3bfbf2de949a6c0b71ec962c96e5db7f
259,1275,0.5357542538062591,0x534cacb922c009e510fb25e0d89d307d15a8392f,2017-08-23T16:52:53.000Z,0.00042019941475000713,0x6698e7c10582bfbaa736b840946a6104ffc46a9a,buy,0xaec2e87e0a235266d9c5adc9deb4b2e29b54d009,0x8ccabecea5bc20bc332c06bfd418e3959b8b26f18899df2633a39fa6a4e669e6
260,288,0.11835049089207572,0x534cacb922c009e510fb25e0d89d307d15a8392f,2017-08-23T16:50:16.000Z,0.00041093920448637404,0x6698e7c10582bfbaa736b840946a6104ffc46a9a,buy,0xaec2e87e0a235266d9c5adc9deb4b2e29b54d009,0x64c0732be866165a3d1bd07ea91952a3d6cc4aabff6579ac460c82d3e00cc943
261,1531,0.6281012409797755,0x534cacb922c009e510fb25e0d89d307d15a8392f,2017-08-23T11:57:12.000Z,0.00041025554603512445,0x6698e7c10582bfbaa736b840946a6104ffc46a9a,buy,0xaec2e87e0a235266d9c5adc9deb4b2e29b54d009,0x7be6df6ef4aaf18f8cab02a1d9a6f5a0f19ca234b37ed0bf8a3edd2a967cb1eb
262,1179,0.4835482681281488,0x534cacb922c009e510fb25e0d89d307d15a8392f,2017-08-23T11:38:05.000Z,0.0004101342392944434,0x6698e7c10582bfbaa736b840946a6104ffc46a9a,buy,0xaec2e87e0a235266d9c5adc9deb4b2e29b54d009,0x83e0b6f9e09bb6718b706a4a8bc8a5c3f3fb75a60dd9a8ac72f3400694f93e3b
263,2000,0.82,0x410c3ff710f9b9a706fab6ffc9cb1afca8f08581,2017-08-23T10:34:41.000Z,0.00041,0x6698e7c10582bfbaa736b840946a6104ffc46a9a,buy,0xaec2e87e0a235266d9c5adc9deb4b2e29b54d009,0x2f14806956b4faf19caa247450d4d2d1a2c625404bc6780b176a6741d85d8414
264,2734,1.17562,0x6698e7c10582bfbaa736b840946a6104ffc46a9a,2017-08-22T22:25:32.000Z,0.00043,0x097501c95264ad3204159efaefdc5820783dbeae,sell,0xaec2e87e0a235266d9c5adc9deb4b2e29b54d009,0x7ef93e22bd5e8eaacf2a276a3ae4a222025f0831b685cdb8408ec9af821732b4
265,1682,0.74008,0x6698e7c10582bfbaa736b840946a6104ffc46a9a,2017-08-22T22:24:08.000Z,0.00044,0x097501c95264ad3204159efaefdc5820783dbeae,sell,0xaec2e87e0a235266d9c5adc9deb4b2e29b54d009,0x3315c65073eca9116a4865265c4094e0f1307ab6f69793b079530ec729a95cbb
266,2246,0.98824,0x6698e7c10582bfbaa736b840946a6104ffc46a9a,2017-08-22T22:19:47.000Z,0.00044,0x2d9e8cc02e467603af86f743ce3b7cee269f99de,sell,0xaec2e87e0a235266d9c5adc9deb4b2e29b54d009,0x065d8b764548c74f6e6e1938acb1e501bf35babd505a3eda96dfb575d13f6c05
267,1072,0.47168,0x6698e7c10582bfbaa736b840946a6104ffc46a9a,2017-08-22T22:18:40.000Z,0.00044,0x534cacb922c009e510fb25e0d89d307d15a8392f,sell,0xaec2e87e0a235266d9c5adc9deb4b2e29b54d009,0xf095cc44cb101c30e3d9220238e368410b20012843099372fdd0b27dd7253730
268,1174,0.522581745,0xf142f26d1cac4ba8a6e6d7974d243eda2fe5f4f9,2017-08-22T19:51:50.000Z,0.00044512925468483816,0x6698e7c10582bfbaa736b840946a6104ffc46a9a,buy,0xaec2e87e0a235266d9c5adc9deb4b2e29b54d009,0x6c00c23d011952944663f1e7eb936ff0fe7ea7e490faf4da56326e64394b3a0e
269,3000,1.35,0xf142f26d1cac4ba8a6e6d7974d243eda2fe5f4f9,2017-08-22T19:51:50.000Z,0.00045,0x6698e7c10582bfbaa736b840946a6104ffc46a9a,buy,0xaec2e87e0a235266d9c5adc9deb4b2e29b54d009,0x7b90ee5a18cb758e7e22e14cf7fc510dbdd6baacc05fae13bdce8b2f67c4c644
270,1825,0.812418216460971,0x097501c95264ad3204159efaefdc5820783dbeae,2017-08-22T14:26:19.000Z,0.0004451606665539567,0x6698e7c10582bfbaa736b840946a6104ffc46a9a,buy,0xaec2e87e0a235266d9c5adc9deb4b2e29b54d009,0x0c749448406c5a347396d3332824aac7c772123dbbf6882b14758329ecc9ff4e
271,1560,0.693061356,0x097501c95264ad3204159efaefdc5820783dbeae,2017-08-22T14:23:33.000Z,0.0004442701,0x6698e7c10582bfbaa736b840946a6104ffc46a9a,buy,0xaec2e87e0a235266d9c5adc9deb4b2e29b54d009,0x67d608369a1878cc113c041807e5573d81a0643979035f2eea8f89e476101b03
272,1083,0.46569,0x6698e7c10582bfbaa736b840946a6104ffc46a9a,2017-08-22T03:38:06.000Z,0.00043,0x534cacb922c009e510fb25e0d89d307d15a8392f,sell,0xaec2e87e0a235266d9c5adc9deb4b2e29b54d009,0xcaab6528f9bd076f0d105af8b00de4296aa30adddf989ba769749ccf6342bd8c
273,2638,1.13434,0x6698e7c10582bfbaa736b840946a6104ffc46a9a,2017-08-22T02:39:32.000Z,0.00043,0x097501c95264ad3204159efaefdc5820783dbeae,sell,0xaec2e87e0a235266d9c5adc9deb4b2e29b54d009,0xdf404e23889d2824d4c50cf381cca57676a22baebbb34e889c6eeec0c4c99bfa
274,351,0.155999844,0xf71e48a86109f40405859ecefd78b4374e03f68d,2017-08-22T02:01:28.000Z,0.000444444,0x6698e7c10582bfbaa736b840946a6104ffc46a9a,buy,0xaec2e87e0a235266d9c5adc9deb4b2e29b54d009,0xe43a2d761ea4b5d238e0a532bb685ab8b0a86fe9d1e22426265658d02ef0affd
275,350,0.1575,0x861fe1a83bd48600bc376b101f4a6d92b5801a73,2017-08-22T01:59:23.000Z,0.00045,0xf71e48a86109f40405859ecefd78b4374e03f68d,sell,0xaec2e87e0a235266d9c5adc9deb4b2e29b54d009,0x3e01db3ce43181a332979b697adee8bcb9bf6cf0df6c062c7096adfd25a8425b
276,1087,0.48293869693516855,0xf71e48a86109f40405859ecefd78b4374e03f68d,2017-08-22T01:57:48.000Z,0.0004442858297471652,0x6698e7c10582bfbaa736b840946a6104ffc46a9a,buy,0xaec2e87e0a235266d9c5adc9deb4b2e29b54d009,0x4775094c7f0fd8bb41e732b1144eb110c397cd354c74a2a3052b4a0be9e0d899
277,3000,1.35,0xf142f26d1cac4ba8a6e6d7974d243eda2fe5f4f9,2017-08-22T00:22:45.000Z,0.00045,0x6698e7c10582bfbaa736b840946a6104ffc46a9a,buy,0xaec2e87e0a235266d9c5adc9deb4b2e29b54d009,0xf291e42d849eb8c4e15610e2ee297e09b31eb7118df8b19b5fcb646f237f7cad
278,3000,1.35,0xf142f26d1cac4ba8a6e6d7974d243eda2fe5f4f9,2017-08-22T00:22:45.000Z,0.00045,0x6698e7c10582bfbaa736b840946a6104ffc46a9a,buy,0xaec2e87e0a235266d9c5adc9deb4b2e29b54d009,0x0d5e16d18127e1d930747bb76cc100b426787e3d1e4153f593fadb05c170e46c
279,133,0.067431,0x38a4ff00c207cbd78ab34b6ddd1b8754e4498508,2017-08-21T18:35:33.000Z,0.000507,0xf142f26d1cac4ba8a6e6d7974d243eda2fe5f4f9,sell,0xaec2e87e0a235266d9c5adc9deb4b2e29b54d009,0xce5d0fafcba120c4ffd28812529f2401891a9381c4c87d1eb117c419984d769b
280,71,0.03951061760611249,0x3f7789ed9034beeb164eb332913888bb8a0bd030,2017-08-21T01:35:36.000Z,0.0005564875719170773,0x6698e7c10582bfbaa736b840946a6104ffc46a9a,buy,0xaec2e87e0a235266d9c5adc9deb4b2e29b54d009,0x361526de0d80f41e30b111e91bfa8a00b866d73a60e4466b7b4a66ab72e3f512
281,2000,0.982,0xfff5b58836a9e0d83f867fbcf0a1b662add4e215,2017-08-20T17:41:07.000Z,0.000491,0x6698e7c10582bfbaa736b840946a6104ffc46a9a,buy,0xaec2e87e0a235266d9c5adc9deb4b2e29b54d009,0x6b6756ce5a872717ddc9c707dfa86d06da1b42133db344aa01c6cc0bcdb186f4
282,1500,0.7365,0x5688a154f4375994e70eff044790e59ae0dd1aad,2017-08-20T17:24:46.000Z,0.000491,0x6698e7c10582bfbaa736b840946a6104ffc46a9a,buy,0xaec2e87e0a235266d9c5adc9deb4b2e29b54d009,0x6ab22d838257bf63303bd65f46f6a12f2c97de2f2451a2297bf791b6b590c5bc
283,500,0.2455,0xe117bad23e672d5ee62f9e94f0af545246ef1f12,2017-08-20T15:40:07.000Z,0.000491,0x6698e7c10582bfbaa736b840946a6104ffc46a9a,buy,0xaec2e87e0a235266d9c5adc9deb4b2e29b54d009,0x80fb494c43072845c956c68b4955ec004aaf2fb1d430385dd333b2b994e12219
284,2000,0.981,0x5688a154f4375994e70eff044790e59ae0dd1aad,2017-08-20T15:13:14.000Z,0.0004905,0x6698e7c10582bfbaa736b840946a6104ffc46a9a,buy,0xaec2e87e0a235266d9c5adc9deb4b2e29b54d009,0xcde27a706bd68b1658038b2fdbadcd7db645eb5a083ca53e97e4c13eb72b6f61
285,1651,0.801007085,0x5688a154f4375994e70eff044790e59ae0dd1aad,2017-08-20T15:09:01.000Z,0.0004851648001211387,0x6698e7c10582bfbaa736b840946a6104ffc46a9a,buy,0xaec2e87e0a235266d9c5adc9deb4b2e29b54d009,0x2bc7927b1f6cb5ebd2097db4b6c7e091cdc34e07fc0bb7dc47f0bc15664bb92c
286,184,0.08924,0xe117bad23e672d5ee62f9e94f0af545246ef1f12,2017-08-20T13:33:18.000Z,0.000485,0x6698e7c10582bfbaa736b840946a6104ffc46a9a,buy,0xaec2e87e0a235266d9c5adc9deb4b2e29b54d009,0x90d148139591d79a49171abcff6ea24be19b4bb03edc196a8815b1ef693302b4
287,1076,0.5111,0x6698e7c10582bfbaa736b840946a6104ffc46a9a,2017-08-19T15:44:47.000Z,0.000475,0xf71e48a86109f40405859ecefd78b4374e03f68d,sell,0xaec2e87e0a235266d9c5adc9deb4b2e29b54d009,0xf48beff7a1f32c1c62167431c7f07013257f3e000f179200cb02ca9d8b80ba41
288,2000,0.97,0x5688a154f4375994e70eff044790e59ae0dd1aad,2017-08-19T09:40:58.000Z,0.000485,0x6698e7c10582bfbaa736b840946a6104ffc46a9a,buy,0xaec2e87e0a235266d9c5adc9deb4b2e29b54d009,0x5c79f59ac97ecebd9ca296b160b4412a58de972fb52f4c26bb3a825955680205
289,1999,0.9699999989596011,0x5688a154f4375994e70eff044790e59ae0dd1aad,2017-08-19T09:33:35.000Z,0.0004852426207901956,0x6698e7c10582bfbaa736b840946a6104ffc46a9a,buy,0xaec2e87e0a235266d9c5adc9deb4b2e29b54d009,0x34992443967612a6202d443f2191e196a2a4cc7607cd3879f19f319463dd3167
290,1101,0.5289336,0x4c500247d854f5d99e012fc4978b756566399bf5,2017-08-19T03:08:04.000Z,0.00048041198910081745,0x6698e7c10582bfbaa736b840946a6104ffc46a9a,buy,0xaec2e87e0a235266d9c5adc9deb4b2e29b54d009,0x6576e24fe94203003d46209bb92eb839eec0173bbe900dc1b6891a68fb2caf13
291,1346,0.6464620196126072,0x4c500247d854f5d99e012fc4978b756566399bf5,2017-08-19T03:07:42.000Z,0.0004802838184343293,0x6698e7c10582bfbaa736b840946a6104ffc46a9a,buy,0xaec2e87e0a235266d9c5adc9deb4b2e29b54d009,0x1f319e79aa72be484e5b8330c6ac66599632f0d8c699f3fbcec2067f27a37ad2
292,797,0.3828132788381246,0xf71e48a86109f40405859ecefd78b4374e03f68d,2017-08-19T03:01:14.000Z,0.00048031779026113503,0x6698e7c10582bfbaa736b840946a6104ffc46a9a,buy,0xaec2e87e0a235266d9c5adc9deb4b2e29b54d009,0x915a356993c47132111c2fa6010c83dd79aa68dc934c1bc8e3ff136d3bc446ef
293,1000,0.48,0xf812444fd9f3b24fabfe231e6581d2992f2483ae,2017-08-18T21:37:26.000Z,0.00048,0x6698e7c10582bfbaa736b840946a6104ffc46a9a,buy,0xaec2e87e0a235266d9c5adc9deb4b2e29b54d009,0x2d7216bbfcb07086b9a4147a0f8a7be1c250f3ce573646e35300bb9b31ac8964
294,653,0.3135379803873928,0xf71e48a86109f40405859ecefd78b4374e03f68d,2017-08-18T20:28:14.000Z,0.0004801500465350578,0x6698e7c10582bfbaa736b840946a6104ffc46a9a,buy,0xaec2e87e0a235266d9c5adc9deb4b2e29b54d009,0x26d9d881286492b88cfa9afadf0e94db36dab4ecef18a5040604f24cd6ea587e
295,100,0.048,0x4717c48e3f3d63d01ee7452fcea47cb522c56a99,2017-08-18T18:13:03.000Z,0.00048,0x6698e7c10582bfbaa736b840946a6104ffc46a9a,buy,0xaec2e87e0a235266d9c5adc9deb4b2e29b54d009,0x387dd30711da977b6ac302af92e1558a20871917cae41d5a29dfbe8cc6a2601b
296,164,0.07975276642408535,0x960853fcf8d24f3aff5282a91320f9880f2ede7c,2017-08-18T16:13:04.000Z,0.00048629735624442286,0x6698e7c10582bfbaa736b840946a6104ffc46a9a,buy,0xaec2e87e0a235266d9c5adc9deb4b2e29b54d009,0xf4faf288927c5feb5707c62042099a6fb06805bd2189ca1f1c650bc1addbdd7c
297,254,0.131999868,0x0cee9942a8dc4aa6f594d680f6b9654f02ab62d1,2017-08-18T10:09:35.000Z,0.0005196845196850393,0x6698e7c10582bfbaa736b840946a6104ffc46a9a,buy,0xaec2e87e0a235266d9c5adc9deb4b2e29b54d009,0xf137af508afa62db60fc7f67a1e81d9e907588d39972fc758ad7fb2567a4c9c1
298,712,0.3691524837851628,0xfff5b58836a9e0d83f867fbcf0a1b662add4e215,2017-08-18T07:40:33.000Z,0.0005184725895859029,0x6698e7c10582bfbaa736b840946a6104ffc46a9a,buy,0xaec2e87e0a235266d9c5adc9deb4b2e29b54d009,0x5229432930bb1357a39d655b3325f00b132d38f0c6a071e59773051f5e3da20c
299,81,0.042062605921642904,0xcd1d57e08852dfc553938ddcbbf6f914d5eaa0bc,2017-08-18T07:23:11.000Z,0.0005192914311313939,0x6698e7c10582bfbaa736b840946a6104ffc46a9a,buy,0xaec2e87e0a235266d9c5adc9deb4b2e29b54d009,0x4714ec5541fe61e804fa715911a0ac721f2a27546df6eed1d2614cb7a92afc70
300,307,0.1570695647985314,0xcd1d57e08852dfc553938ddcbbf6f914d5eaa0bc,2017-08-18T07:21:24.000Z,0.0005116272469007537,0x6698e7c10582bfbaa736b840946a6104ffc46a9a,buy,0xaec2e87e0a235266d9c5adc9deb4b2e29b54d009,0xd00dd7539586b657c3f3b97db7b3db8bdfd6270cbd345f89efe9743ef49894b6
301,25,0.01275,0x1c5c865eddba95c7a5c32a243b2e88c0cb3890e2,2017-08-18T07:12:33.000Z,0.00051,0x6698e7c10582bfbaa736b840946a6104ffc46a9a,buy,0xaec2e87e0a235266d9c5adc9deb4b2e29b54d009,0xab59571685b0ad21fd61d5fb54930978232661ea10a79b0a7c767485a62a15ea
302,784,0.31370976,0x5557a30d864e438e7b21ef97df9d1034e7c16cf5,2017-08-18T02:37:35.000Z,0.00040014,0xdbf0d9ab03e49f2713e60e599464d6fe6eeb5056,sell,0xaec2e87e0a235266d9c5adc9deb4b2e29b54d009,0xfa5266a76c8cc4cf6b5f4ce4a8b47a31b8874904e4e6800dc8babc12a773acc1
303,1918,0.9879373940783571,0xdb78f850895408f18dfef62c1c1412423ac1c168,2017-08-17T20:37:09.000Z,0.0005150872753276105,0x6698e7c10582bfbaa736b840946a6104ffc46a9a,buy,0xaec2e87e0a235266d9c5adc9deb4b2e29b54d009,0x5331d0c052a082e94657ccaacb5ff4ff3832c38ecf1771ac86c0a19176d68c04
304,2000,1,0xdb78f850895408f18dfef62c1c1412423ac1c168,2017-08-17T20:20:47.000Z,0.0005,0x6698e7c10582bfbaa736b840946a6104ffc46a9a,buy,0xaec2e87e0a235266d9c5adc9deb4b2e29b54d009,0x1046295d9bd76e68de44c679cf5355cb4346349d3ea04dd18960933aea9e0563
305,2000,1,0xdb78f850895408f18dfef62c1c1412423ac1c168,2017-08-17T20:18:52.000Z,0.0005,0x6698e7c10582bfbaa736b840946a6104ffc46a9a,buy,0xaec2e87e0a235266d9c5adc9deb4b2e29b54d009,0x1ac5cdec495805c400bec373558a3f34903dcbd88c0c28e6101d09693ddd5a60
306,2000,1,0xdb78f850895408f18dfef62c1c1412423ac1c168,2017-08-17T20:16:51.000Z,0.0005,0x6698e7c10582bfbaa736b840946a6104ffc46a9a,buy,0xaec2e87e0a235266d9c5adc9deb4b2e29b54d009,0xdbc6c98d2abf705adcb51bb3204c194f48466dba5a9f1d9bffa2a8125dedf1e6
307,1,0.00052,0x6698e7c10582bfbaa736b840946a6104ffc46a9a,2017-08-17T19:46:54.000Z,0.00052,0x7cd681b63204afc51b954d256728ff1c0b2e7851,sell,0xaec2e87e0a235266d9c5adc9deb4b2e29b54d009,0xfcc44d2f767fcacf2d0612e096fdeba53ac01123697602dc4a03c1abbf68c614
308,2,0.0008,0x7cd681b63204afc51b954d256728ff1c0b2e7851,2017-08-17T19:20:30.000Z,0.0004,0xcabc3e8036f40692f95a4e135d7015be9f2bdb6b,buy,0xaec2e87e0a235266d9c5adc9deb4b2e29b54d009,0x3e6b9d24ffbe103f7a92e34876bdff7928c0f52510971d0e7133fac0a25a5975
309,665,0.3458,0x6698e7c10582bfbaa736b840946a6104ffc46a9a,2017-08-17T19:07:16.000Z,0.00052,0xcabc3e8036f40692f95a4e135d7015be9f2bdb6b,sell,0xaec2e87e0a235266d9c5adc9deb4b2e29b54d009,0x852509eba983426d2d85e8571aa9f022d5ae3e461e9f0b4a27c02872db09d558
310,667,0.34017,0xcabc3e8036f40692f95a4e135d7015be9f2bdb6b,2017-08-17T19:04:23.000Z,0.00051,0x6698e7c10582bfbaa736b840946a6104ffc46a9a,buy,0xaec2e87e0a235266d9c5adc9deb4b2e29b54d009,0xf045040bf210f16853fd0f82ab609e68189928625e5af808cd5294f3c62b7aee
311,798,0.41496,0x6698e7c10582bfbaa736b840946a6104ffc46a9a,2017-08-17T18:52:24.000Z,0.00052,0xcabc3e8036f40692f95a4e135d7015be9f2bdb6b,sell,0xaec2e87e0a235266d9c5adc9deb4b2e29b54d009,0x9496eb340940a27ac021e07c11d31f119a4eda46e2702ed0ad559940fe58aa02
312,800,0.408,0xcabc3e8036f40692f95a4e135d7015be9f2bdb6b,2017-08-17T18:50:21.000Z,0.00051,0x6698e7c10582bfbaa736b840946a6104ffc46a9a,buy,0xaec2e87e0a235266d9c5adc9deb4b2e29b54d009,0xedf214d158fcfa703a997c51335ae6e234ed70b6c90c4fc6866d10bf83d2e5f0
313,199,0.10348,0x6698e7c10582bfbaa736b840946a6104ffc46a9a,2017-08-17T18:50:08.000Z,0.00052,0xcabc3e8036f40692f95a4e135d7015be9f2bdb6b,sell,0xaec2e87e0a235266d9c5adc9deb4b2e29b54d009,0xc33e264d273c12c21904c0a0b47170f055f54c90421279da8ae34fb188d90d48
314,200,0.102,0xcabc3e8036f40692f95a4e135d7015be9f2bdb6b,2017-08-17T18:44:13.000Z,0.00051,0x6698e7c10582bfbaa736b840946a6104ffc46a9a,buy,0xaec2e87e0a235266d9c5adc9deb4b2e29b54d009,0xafb1e36f79c962fecac773b5cf6eae2660b48a2f41d7ffd4f8a77a0c1a49b07f
315,336,0.17472,0x6698e7c10582bfbaa736b840946a6104ffc46a9a,2017-08-17T16:47:49.000Z,0.00052,0x6e7897cf3dc5c8d7349ed63d68b0fcc34435ca8f,sell,0xaec2e87e0a235266d9c5adc9deb4b2e29b54d009,0x49de0497cff7ba21853d1b7a5dc737c79e724c92c85426b97da930fa90e74b55
316,2006,1.04312,0x6698e7c10582bfbaa736b840946a6104ffc46a9a,2017-08-17T16:40:16.000Z,0.00052,0x6e7897cf3dc5c8d7349ed63d68b0fcc34435ca8f,sell,0xaec2e87e0a235266d9c5adc9deb4b2e29b54d009,0x0da5bad7252396c01a1b28ece2d893cdd7e614f8fc719bdacaf125ac3bed8f2c
317,1000,0.52,0x6698e7c10582bfbaa736b840946a6104ffc46a9a,2017-08-17T16:26:53.000Z,0.00052,0x6e7897cf3dc5c8d7349ed63d68b0fcc34435ca8f,sell,0xaec2e87e0a235266d9c5adc9deb4b2e29b54d009,0xd0c6897c44ec4f92960e6fbf5f1c3c63309c0ba074b257f2dd81a3cea05518a0
318,2000,1.01,0xb6dba64619f3a70bdd4ffde2e1f5281a0009f041,2017-08-17T16:19:31.000Z,0.000505,0x6698e7c10582bfbaa736b840946a6104ffc46a9a,buy,0xaec2e87e0a235266d9c5adc9deb4b2e29b54d009,0x3f63b3face1fc901e87a314af8feebdc7179f4ffa2185b90268e9f0b9761c18a
319,63,0.036225,0xcd1d57e08852dfc553938ddcbbf6f914d5eaa0bc,2017-08-17T07:23:24.000Z,0.000575,0xff684104992bd26b6326bca4620d733526c0ddb1,buy,0xaec2e87e0a235266d9c5adc9deb4b2e29b54d009,0x923b0d0d2800db0200eead50f906ab4bb263265bf6e886d6fe20653a8acdfee2
320,2000,1.056,0x6e7897cf3dc5c8d7349ed63d68b0fcc34435ca8f,2017-08-17T04:36:56.000Z,0.000528,0x6698e7c10582bfbaa736b840946a6104ffc46a9a,buy,0xaec2e87e0a235266d9c5adc9deb4b2e29b54d009,0x80559607fe601a06527b76231a858d496da1ce3406ddba8d0a3570324bf46869
321,2000,1.05,0x6e7897cf3dc5c8d7349ed63d68b0fcc34435ca8f,2017-08-16T23:46:37.000Z,0.000525,0x6698e7c10582bfbaa736b840946a6104ffc46a9a,buy,0xaec2e87e0a235266d9c5adc9deb4b2e29b54d009,0x6e93bd195e0c0b608f35d336b6fa7a236509550c67118bbba32107ebe5497f5e
322,2000,1.046,0x6e7897cf3dc5c8d7349ed63d68b0fcc34435ca8f,2017-08-16T23:35:38.000Z,0.000523,0x6698e7c10582bfbaa736b840946a6104ffc46a9a,buy,0xaec2e87e0a235266d9c5adc9deb4b2e29b54d009,0x1f38d0efab3cb728c7e1f738c141211ee2a12fc44bbb164f31d7c90c7876fb14
