,amount,amountBase,buyer,date,price,seller,side,tokenAddr,txHash
0,0.08333333333333333,0.0005,0x4fda9e6bcd83af6c5cc771b5d20accc2b7720074,2017-11-02T11:12:23.000Z,0.006,0xe89a2a7a15cbaae3c58a03d79485373e216226d6,buy,0x88fcfbc22c6d3dbaa25af478c578978339bde77a,0x264018946140d0fe2570c68e5b091f06088b2744d49520f16642803b3d6818e4
1,0.08333333333333333,0.0005,0x3075f7f189912f4f425dd7021b9c396434197477,2017-11-02T11:02:41.000Z,0.006,0xe89a2a7a15cbaae3c58a03d79485373e216226d6,buy,0x88fcfbc22c6d3dbaa25af478c578978339bde77a,0x4894bec3294af01dac4afae9aa4d76b39c4fc9c64320c0e49a0801afb2f6663e
2,2.9913628063004687,0.011730240367742468,0xf7c8850c080d7d86e12207128f54f48d6b4c26f0,2017-11-01T13:15:31.000Z,0.0039213699999999995,0x9db1ee70e0af0baca42d8b3361b032cbe10c4ba8,sell,0x88fcfbc22c6d3dbaa25af478c578978339bde77a,0x48fffa3b2c3355b72d3b7923d636a99ad44779f8a52b65197c9a51dee17af9b7
3,0.01,0.000079,0x6cdea8e07bf82d7a07dbf36642d6e5be8623845c,2017-10-29T12:34:50.000Z,0.0079,0x3dee4a4e076e8d82859d241db0baf46f112cfa23,buy,0x88fcfbc22c6d3dbaa25af478c578978339bde77a,0xf2039a63e30ae9381ee61f777c8c13280d36abeb02fc95680ee1f204311bbb25
4,0.0625,0.0005,0x34f9560c63078eb61872a4dc2ccd20e21c34feaf,2017-10-28T20:35:50.000Z,0.008,0x88c4f73f9e34da73607ed3f63c605e5f4cd3f442,buy,0x88fcfbc22c6d3dbaa25af478c578978339bde77a,0xe96f3d9bb27bd7334306346e5c401528bdf1fb8317364019f21e14e8ca5888ee
5,0.0625,0.0005,0xe444a40689f51f63bcd29910622035707d533d29,2017-10-28T20:33:53.000Z,0.008,0x88c4f73f9e34da73607ed3f63c605e5f4cd3f442,buy,0x88fcfbc22c6d3dbaa25af478c578978339bde77a,0xa555c03d416efe89f2f25a1d84ddf1a4b0cf6d57967c22a61b955f82d3fc566e
6,0.9969095803010667,0.003849068886451998,0x46c4ee2e5cfe6cb39958267ea5dd13c98745a468,2017-10-28T19:25:29.000Z,0.0038610009999999993,0x888d1964bb7be8c18c4ad550ebdab83103e02fb0,sell,0x88fcfbc22c6d3dbaa25af478c578978339bde77a,0x8d4fa2b131212b6ab389b0c864838784d381781824eb41299b457abf1e7c712e
7,0.9969095803010667,0.003849068886451998,0x46c4ee2e5cfe6cb39958267ea5dd13c98745a468,2017-10-28T19:20:58.000Z,0.0038610009999999993,0x38abfbb94263000355ac94895ac1cbe67a9f018a,sell,0x88fcfbc22c6d3dbaa25af478c578978339bde77a,0x2fc33f822ca1f6512696c9a43bbedadb8751296d6e3023aa9e2301fd931a4dfd
8,10,0.037,0xf18521dc5c211dc0ed6c85b034d4f46d456950bb,2017-10-27T13:20:59.000Z,0.0037,0xb98772904df47732cf1161ea9ebb8fe162a5f7ea,buy,0x88fcfbc22c6d3dbaa25af478c578978339bde77a,0x417a9fb37fe443c140e49adc31638b58b09bd6c1db5267a499c3c6eaa48ca0dd
9,31.901106569634134,0.11874654172066594,0x3dee4a4e076e8d82859d241db0baf46f112cfa23,2017-10-27T06:02:32.000Z,0.003722333,0xaa023e26c6b1373fd3313dd21fe918ca48e3f88b,sell,0x88fcfbc22c6d3dbaa25af478c578978339bde77a,0x3a03e54c640fba67cc794d4c3e3b243f6ee4744f6eeb0a2fac6987406b6bdbb1
10,73.36655,0.36683275,0x0ce4b16411b408bc9f06d456175db3cc79b25299,2017-10-23T12:41:37.000Z,0.005,0xe1e1d0d73eeb29d0632bc4c7871bfc74dbed0741,buy,0x88fcfbc22c6d3dbaa25af478c578978339bde77a,0xbe1a661e528fd3ee050837e16861abaff595bf598f0576208de06c1b2affdcb1
11,12.01385,0.05526371,0x0ce4b16411b408bc9f06d456175db3cc79b25299,2017-10-23T12:26:56.000Z,0.0046,0x273a5d3e6721b9f5c1a6474f560c1334c63dda01,sell,0x88fcfbc22c6d3dbaa25af478c578978339bde77a,0x77c28d5463b99e90aa2fd3b64d2ff36983fab2f11e3fb3f20d20eb05393fee78
12,12.05,0.054225,0x273a5d3e6721b9f5c1a6474f560c1334c63dda01,2017-10-23T12:26:56.000Z,0.0045,0xd592dbb91ff9fbc1202eb3e542dbf601521528ca,buy,0x88fcfbc22c6d3dbaa25af478c578978339bde77a,0x77c28d5463b99e90aa2fd3b64d2ff36983fab2f11e3fb3f20d20eb05393fee78
13,20.72988194169503,0.07619890004128259,0x0ce4b16411b408bc9f06d456175db3cc79b25299,2017-10-23T06:06:54.000Z,0.0036758,0x5c5f76f154539fff7a20695f3bbc32715c077c51,sell,0x88fcfbc22c6d3dbaa25af478c578978339bde77a,0xace276b8a6c1d62af99bba1ae5ebd9c7538feb28ccf457e6bc4854faa30f550a
14,73.3665636526767,0.2680455473372545,0xe1e1d0d73eeb29d0632bc4c7871bfc74dbed0741,2017-10-21T23:11:45.000Z,0.003653511,0x082b53c60797af3ecdcb072a57b7bcbc1729bceb,sell,0x88fcfbc22c6d3dbaa25af478c578978339bde77a,0x5a923fa926d5f52bbd02e11d33e651b845400293796cdb954d494d68d115c409
15,119.629149636128,0.4344942677699133,0x3dee4a4e076e8d82859d241db0baf46f112cfa23,2017-10-21T07:42:50.000Z,0.00363201,0x3f0a5932e55de404a68f0eaeea95026d69772a42,sell,0x88fcfbc22c6d3dbaa25af478c578978339bde77a,0xff734ad79abf4b4145b939e3d4e0765e2281defb654f773df79037287b528662
16,1,0.01,0x3ac636ac5c3a2576156ac5f10066ca68abe0ad54,2017-10-18T17:59:14.000Z,0.01,0x2ebb2f906eb5fb04e3dc2987d1fb9f00b676965b,buy,0x88fcfbc22c6d3dbaa25af478c578978339bde77a,0xe2a3be373cec24f04a922bc81ba09249e8f51f1187f55a20cd4fc26c76c1fa63
17,0.07142857142857142,0.0005,0xf9695cd65d6dfdf257fab76a3eb0cb8f001971cc,2017-10-18T15:15:51.000Z,0.007,0x5c5f76f154539fff7a20695f3bbc32715c077c51,buy,0x88fcfbc22c6d3dbaa25af478c578978339bde77a,0xe19e23601122220baac483a75ff74cb35b9e509f06676104b8152106faec5293
18,0.07142857142857142,0.0005,0x379374d13077e8867ef31803c37baf9785a17c00,2017-10-18T15:14:41.000Z,0.007,0x5c5f76f154539fff7a20695f3bbc32715c077c51,buy,0x88fcfbc22c6d3dbaa25af478c578978339bde77a,0xe2390900211a529db4ba0cbbea7a95902a63cc7d15f175e657842162a45189ae
19,0.07142857142857142,0.0005,0x16e5d97bbc92417e051e3b2cabfbf8ceea2acb9c,2017-10-17T17:46:35.000Z,0.007,0x5c5f76f154539fff7a20695f3bbc32715c077c51,buy,0x88fcfbc22c6d3dbaa25af478c578978339bde77a,0xce5fb6ee8f8c6fe1dbe4234a4519dcd642e297cfe385b140873dff797b3013a2
20,0.05555555555555555,0.0005,0xcd912af5286dc0b0a23edb30209734ecb60838b3,2017-10-17T05:21:06.000Z,0.009,0xe89a2a7a15cbaae3c58a03d79485373e216226d6,buy,0x88fcfbc22c6d3dbaa25af478c578978339bde77a,0x02befa55a9ba03e8405f06fe7703c8ae1776d6aa179d10dce906a6bfcdcf88b3
21,61.512840585695976,0.24974213277792567,0x0ce4b16411b408bc9f06d456175db3cc79b25299,2017-10-16T23:32:17.000Z,0.00406,0x074eb01c33023ac13034b0bdea31d67fb71d414e,sell,0x88fcfbc22c6d3dbaa25af478c578978339bde77a,0xeab9be15cca277d803254f8f2b67d7afc04559fe16571e1b3f3ead0ed6fa3c39
22,4.78516598544512,0.019427773900907188,0x0ce4b16411b408bc9f06d456175db3cc79b25299,2017-10-16T18:01:39.000Z,0.00406,0x1099b992dffe76b4bdface01f3516aaca6309544,sell,0x88fcfbc22c6d3dbaa25af478c578978339bde77a,0x8b7c1bbcc84244d2e51fe46ca4c635fa1bdfb88f0534307f13b128d3c0563256
23,2.104,0.01666368,0x5d5065b42bdee0274e394ba9042c21e1818c69cf,2017-10-13T09:06:59.000Z,0.00792,0x8d256427070ae54c6e6752c83262ab5b8f33c7f3,sell,0x88fcfbc22c6d3dbaa25af478c578978339bde77a,0xc2dc2d755b8800ef8f80bd226da7de8c6e94b73b7c8ccac1fc0de9bbc90bd346
24,8.127803808194598,0.03252747896819858,0x46c4ee2e5cfe6cb39958267ea5dd13c98745a468,2017-10-09T06:47:10.000Z,0.004002001,0x57b070709b9baffa065ec5a284ebf26b98398dcc,sell,0x88fcfbc22c6d3dbaa25af478c578978339bde77a,0xe0ec96c88e2540082afb3f344e41b6b6cd32bcf272e498d4e4c4a26ae779ce9e
25,2.098275447113947,0.008395670077603053,0x3dee4a4e076e8d82859d241db0baf46f112cfa23,2017-10-08T08:33:33.000Z,0.004001223999999999,0x101abec95a64c1cda04eaa1034247f2a5c1cac90,sell,0x88fcfbc22c6d3dbaa25af478c578978339bde77a,0x69d974ec7ff8950684d42473aa2d438b26e769c8a9fdaeb2b2d59e0d4cff7cd9
26,0.07155146844781178,0.000286293381237158,0x46c4ee2e5cfe6cb39958267ea5dd13c98745a468,2017-10-07T20:53:43.000Z,0.004001222999999989,0x34b9fd661e5bfe77731157fd1ab04b4271ea2b41,sell,0x88fcfbc22c6d3dbaa25af478c578978339bde77a,0x376711b07c1653c9a9de39dd68d97b7f5e30bd95ce22fba6f097e97b210afa48
27,20.618716451408076,0.08250002063970302,0x3dee4a4e076e8d82859d241db0baf46f112cfa23,2017-10-07T13:00:33.000Z,0.00400122,0x71666a113c14ae84113621fb523f86080fe5ad4d,sell,0x88fcfbc22c6d3dbaa25af478c578978339bde77a,0x57f2e6fda44021236f5642629c9a69a014792180cad0ff11d9ce17b38835e339
28,0.6693754002591965,0.002678318239025102,0x3dee4a4e076e8d82859d241db0baf46f112cfa23,2017-10-07T11:01:37.000Z,0.00400122,0x4ba35a4d10fd2cb6621ede59cec554d532a48284,sell,0x88fcfbc22c6d3dbaa25af478c578978339bde77a,0x6ee1aad6079341adb64e161ffd645c20d70caa6c1ae73d4a36ed42482d5c6816
29,0.927742083,0.00371210017734126,0x3dee4a4e076e8d82859d241db0baf46f112cfa23,2017-10-07T08:33:31.000Z,0.00400122,0x2ebb2f906eb5fb04e3dc2987d1fb9f00b676965b,sell,0x88fcfbc22c6d3dbaa25af478c578978339bde77a,0xc7ff635826ae64b5ce0676bd45c16364cfc390c23ba20b681b560c762ce9e816
30,37.63548517595454,0.15058785599573282,0x3dee4a4e076e8d82859d241db0baf46f112cfa23,2017-10-07T07:51:46.000Z,0.00400122,0x2dc208501f7e729a761867d05f077457bf6b44f5,sell,0x88fcfbc22c6d3dbaa25af478c578978339bde77a,0xa1ed5416ea9e608539f66f31b60aabdb8b6997f49d0b539b78139992d49e20e0
31,1,0.007,0x0249924245a19aa2d7f5ddb0739a7132b7d094ab,2017-10-03T20:50:52.000Z,0.007,0x7d5f5af2130985fe0fb5f2bfe38563ccfbeefe23,buy,0x88fcfbc22c6d3dbaa25af478c578978339bde77a,0x8acfa083aab45644c2529be6fac0a5a098427f0d5a89e8ffc9f88d578635eca4
32,0.87,0.00391508787,0x46c4ee2e5cfe6cb39958267ea5dd13c98745a468,2017-10-03T19:18:52.000Z,0.004500101,0x3e9442d8f6c5859566e507f9fbcc24fa2e1cccad,sell,0x88fcfbc22c6d3dbaa25af478c578978339bde77a,0xe7bcb25cbb9f0946591265de99c29f42c08ae53f22edfe5b2eb03f2be6f37ae5
33,123,0.615,0x46c4ee2e5cfe6cb39958267ea5dd13c98745a468,2017-10-03T18:42:12.000Z,0.005,0x3e9442d8f6c5859566e507f9fbcc24fa2e1cccad,buy,0x88fcfbc22c6d3dbaa25af478c578978339bde77a,0x7bc9fd17878aa78df3ff1254662cde1a1d803a14a1095be959d4c8110fc894c1
34,8.288,0.04144,0x0c171aa9bda0ed040b77b1f6b6372370b00f1db2,2017-10-03T12:37:51.000Z,0.005,0x3e9442d8f6c5859566e507f9fbcc24fa2e1cccad,sell,0x88fcfbc22c6d3dbaa25af478c578978339bde77a,0x257c34b4b00d390deed15f4c4437ed12033d8d53e1772965a9bf498a0663e401
35,50,0.25,0x8d256427070ae54c6e6752c83262ab5b8f33c7f3,2017-10-03T12:35:50.000Z,0.005,0x3e9442d8f6c5859566e507f9fbcc24fa2e1cccad,sell,0x88fcfbc22c6d3dbaa25af478c578978339bde77a,0x862f6f8326563a9f5a2f39942ce2c4cd2fe5d417870ae33b87d82f52d2e64a90
36,103.26967971289004,0.5163587255324215,0x46c4ee2e5cfe6cb39958267ea5dd13c98745a468,2017-10-03T12:33:15.000Z,0.0050001,0x3e9442d8f6c5859566e507f9fbcc24fa2e1cccad,sell,0x88fcfbc22c6d3dbaa25af478c578978339bde77a,0xbdfed89bc22e9f5d4a7c0c251bfb11aca82c5c2f203b8d0218d3a826f5f03577
37,191.7118054730316,0.9585590273651581,0x0c171aa9bda0ed040b77b1f6b6372370b00f1db2,2017-10-03T04:40:05.000Z,0.005,0x3e9442d8f6c5859566e507f9fbcc24fa2e1cccad,sell,0x88fcfbc22c6d3dbaa25af478c578978339bde77a,0x2d21289d6531694ae4ed0548f7c4743ebd5d8a23c792f7280e9f4d09e89ef09b
38,0.7303202871099591,0.003651674467578506,0x46c4ee2e5cfe6cb39958267ea5dd13c98745a468,2017-10-03T01:28:11.000Z,0.0050000999999999995,0x3b04eece9b08db9b159a8206fee8ca7ed3e4fb79,sell,0x88fcfbc22c6d3dbaa25af478c578978339bde77a,0x960456ceaa8c8998dedf5719c491a2acfc4173bc4ca29985ce833a591633123a
39,3.253799980105537,0.014642428544272905,0x46c4ee2e5cfe6cb39958267ea5dd13c98745a468,2017-10-02T06:22:09.000Z,0.004500100999999999,0x3e9442d8f6c5859566e507f9fbcc24fa2e1cccad,sell,0x88fcfbc22c6d3dbaa25af478c578978339bde77a,0xd404e91b87af0640f953584a5b2ecb288011470d704f4780ea5b6c22ccb0f99a
40,3.263886760043864,0.011750318724833914,0x3e9442d8f6c5859566e507f9fbcc24fa2e1cccad,2017-09-30T05:21:42.000Z,0.0036000999999999997,0xec1ae7a44a78cdb611e6b56a28da1cc11a0521d4,sell,0x88fcfbc22c6d3dbaa25af478c578978339bde77a,0xf25a6e03664faa42ad3e06daea2c3d27a7cb1d47d84de56798c413c92c02f0fb
41,3,0.021,0x4b43041e418b16bb7dcf94a09f721cc73574fc04,2017-09-29T03:49:37.000Z,0.007,0x8d256427070ae54c6e6752c83262ab5b8f33c7f3,buy,0x88fcfbc22c6d3dbaa25af478c578978339bde77a,0xb2e518f62a8560a2a4d3ed93887a4bb0b8054cd104968eec79394cdfec2724cc
42,1,0.008,0xa0be78d2bac6a692adba423c7af50ec86a18bddf,2017-09-28T05:58:36.000Z,0.008,0x8d256427070ae54c6e6752c83262ab5b8f33c7f3,buy,0x88fcfbc22c6d3dbaa25af478c578978339bde77a,0xcb5ba7497d0e93296d33486d3ab96cbe2455008936e510bd86cc441a2d479c94
43,24.456,0.061164456,0xe89a2a7a15cbaae3c58a03d79485373e216226d6,2017-09-26T14:51:21.000Z,0.002501,0x3a719853630f73b7d3527c36d515dd38245468c7,buy,0x88fcfbc22c6d3dbaa25af478c578978339bde77a,0xf528834bdadc8e170c1e5384c346921ec8f70a1158ca95ce600547c1dc152404
44,0.05,0.0005,0xe37bd4d49c619e748d4efe74525489d26b6aff43,2017-09-25T04:14:10.000Z,0.01,0x8d256427070ae54c6e6752c83262ab5b8f33c7f3,buy,0x88fcfbc22c6d3dbaa25af478c578978339bde77a,0xba5d0c204770a222988370738ec9655d4cf27a063dc4374de12c2f68eee343ed
45,0.05,0.0005,0x23ee598e50ff1b1bde1022bf3c8a41d4c23321a0,2017-09-25T00:20:26.000Z,0.01,0x8d256427070ae54c6e6752c83262ab5b8f33c7f3,buy,0x88fcfbc22c6d3dbaa25af478c578978339bde77a,0x351560fe682f1314faceed0401422c355ff55277c9b4e27fe93d7b29fc0ef005
46,0.05,0.0005,0xe5a759eb3e214ff0a2bbbea31acc41c9bf27b239,2017-09-25T00:13:24.000Z,0.01,0x8d256427070ae54c6e6752c83262ab5b8f33c7f3,buy,0x88fcfbc22c6d3dbaa25af478c578978339bde77a,0xd18f6f09687a71e7242a4cb210fbeda19150c8c16c065f7c08d3ce36b3d73cfb
47,0.05,0.0005,0x160506e5a5ce5dadd43623689f53d5aa1f288f0f,2017-09-24T23:45:34.000Z,0.01,0x8d256427070ae54c6e6752c83262ab5b8f33c7f3,buy,0x88fcfbc22c6d3dbaa25af478c578978339bde77a,0xa7325fc1f9d90f5cc4bdfee26afac6a74caa8c9530c199eaf08be8ef1c4416e9
48,0.045454545454545456,0.0005,0xc22f5ab4f1591613a92b4d172cc7f4e4a5af58cd,2017-09-24T00:01:16.000Z,0.011,0x00425cbd1101735c37ae889acd7906040f35967a,buy,0x88fcfbc22c6d3dbaa25af478c578978339bde77a,0xcd7d1b6b4bed082d1d1f8e2943b83d75c1ac7c7224764ebf98769f2541257873
49,0.045454545454545456,0.0005,0x452b06f1c61cff4c9bebaa405319a7c3b12553a2,2017-09-23T23:56:26.000Z,0.011,0x00425cbd1101735c37ae889acd7906040f35967a,buy,0x88fcfbc22c6d3dbaa25af478c578978339bde77a,0x1c20171df0cbc87501139dfa210238dcef9bc29c24717f5eae037e26e7421f40
50,4.95,0.0384615,0xcb53d1019213bdb866e83d4e3dbebb476b0eef94,2017-09-23T20:36:53.000Z,0.00777,0x254fb89e4cab71708eaab16e067ca8156a38e18a,buy,0x88fcfbc22c6d3dbaa25af478c578978339bde77a,0x5d2c822dd95b7e202d07bc75132d47e30a1fc4c3b6ab33a21bb57da7ee084dac
51,63.918846069483,0.4729994609141742,0xcb53d1019213bdb866e83d4e3dbebb476b0eef94,2017-09-23T20:36:53.000Z,0.0074,0x8d256427070ae54c6e6752c83262ab5b8f33c7f3,buy,0x88fcfbc22c6d3dbaa25af478c578978339bde77a,0xc5bce6c545a9d99e9070c113341ba87c6c7aebd3a341d8703fc032cf59598e00
52,11.232,0.07862388768,0xcb53d1019213bdb866e83d4e3dbebb476b0eef94,2017-09-23T20:31:58.000Z,0.00699999,0xba731793fe7ff79f04b01bfdcdca930684d005a8,buy,0x88fcfbc22c6d3dbaa25af478c578978339bde77a,0x49f6d314f77679e14a8b5638a9e2915448126e961a4baa0c9f43c0d4594e5ba0
53,9.769,0.0634985,0x46c4ee2e5cfe6cb39958267ea5dd13c98745a468,2017-09-23T20:24:18.000Z,0.0065,0x8d256427070ae54c6e6752c83262ab5b8f33c7f3,buy,0x88fcfbc22c6d3dbaa25af478c578978339bde77a,0x13f1d0763f4ef8291a179ec7b3ba06b4f17b9b1f203635e1bcbdab61f1968800
54,0.07692307692307693,0.0005,0x2ba19ec4bcd5ae8de66b110bde5ebf41092bd02f,2017-09-23T19:17:59.000Z,0.0065,0x8d256427070ae54c6e6752c83262ab5b8f33c7f3,buy,0x88fcfbc22c6d3dbaa25af478c578978339bde77a,0x65dcff1f5bd886521d337fab48dd224d2606660fbeabc7a5dff7b6f2852cf92a
55,0.07692307692307693,0.0005,0x18a902dc44442205b4ba2b1dc038e67506d22c55,2017-09-23T16:21:30.000Z,0.0065,0x8d256427070ae54c6e6752c83262ab5b8f33c7f3,buy,0x88fcfbc22c6d3dbaa25af478c578978339bde77a,0x1473235e0deef7f17444323826e329099d4dc712d4221612ff8e5cf6355351fe
56,0.07692307692307693,0.0005,0xd868b838b5de79f1e540b5d83c9e9a3d0b3810cd,2017-09-23T16:11:42.000Z,0.0065,0x8d256427070ae54c6e6752c83262ab5b8f33c7f3,buy,0x88fcfbc22c6d3dbaa25af478c578978339bde77a,0xb1b527a623b010b2926cf26e2451da550e5f831f6bb0df36a606732303cead10
57,0.19228956810831233,0.001153737408649874,0x46c4ee2e5cfe6cb39958267ea5dd13c98745a468,2017-09-23T13:48:09.000Z,0.006,0x8d256427070ae54c6e6752c83262ab5b8f33c7f3,buy,0x88fcfbc22c6d3dbaa25af478c578978339bde77a,0xd20bdde20a4584ea93b8d5ff7a27c97fac7214fdf77d35fe16def395b7c86699
58,0.2,0.0012,0x636d925f140f761f7a0e600db2177dd068ddada1,2017-09-23T11:10:41.000Z,0.006,0x8d256427070ae54c6e6752c83262ab5b8f33c7f3,buy,0x88fcfbc22c6d3dbaa25af478c578978339bde77a,0x9d16ab0c480f18ff12220ed3f428ef2ba5b59e9ca309d787903ac646e9b0a2aa
59,1,0.001601,0x8d71cd37bc1c715f6d4e9b5d68aa17a8b42cac87,2017-09-23T10:10:49.000Z,0.001601,0x8d71cd37bc1c715f6d4e9b5d68aa17a8b42cac87,sell,0x88fcfbc22c6d3dbaa25af478c578978339bde77a,0x0560d0b9f487934b8c3d00b46db4d640eb4a62c459741930b7d7471fd5cdf2df
60,1,0.001601,0x8d71cd37bc1c715f6d4e9b5d68aa17a8b42cac87,2017-09-23T10:06:07.000Z,0.001601,0x8d71cd37bc1c715f6d4e9b5d68aa17a8b42cac87,sell,0x88fcfbc22c6d3dbaa25af478c578978339bde77a,0x91c9baa7f73eab8eba1e2d079dd7f7e1bad3ffd6b61f75e60ba7543b7e8a98f2
61,1,0.001703,0x8d71cd37bc1c715f6d4e9b5d68aa17a8b42cac87,2017-09-23T09:55:58.000Z,0.001703,0x8d71cd37bc1c715f6d4e9b5d68aa17a8b42cac87,buy,0x88fcfbc22c6d3dbaa25af478c578978339bde77a,0x761cea6517ab28002ec4ab330ee3b033aa7923ba51a73f2b5148db70d7f35c00
62,1,0.001703,0x8d71cd37bc1c715f6d4e9b5d68aa17a8b42cac87,2017-09-23T09:54:17.000Z,0.001703,0x8d71cd37bc1c715f6d4e9b5d68aa17a8b42cac87,buy,0x88fcfbc22c6d3dbaa25af478c578978339bde77a,0x761cea6517ab28002ec4ab330ee3b033aa7923ba51a73f2b5148db70d7f35c00
63,1,0.001702,0x8d71cd37bc1c715f6d4e9b5d68aa17a8b42cac87,2017-09-23T09:48:02.000Z,0.001702,0x8d71cd37bc1c715f6d4e9b5d68aa17a8b42cac87,buy,0x88fcfbc22c6d3dbaa25af478c578978339bde77a,0x025e3c85edfbe478f6fa0460b9e6c330163d0e0d547fc7924313f366740c3688
64,0.998,0.003992,0x89f7aac461ca6443c178e90405999c49ec09bc02,2017-09-23T09:44:21.000Z,0.004,0x8d71cd37bc1c715f6d4e9b5d68aa17a8b42cac87,sell,0x88fcfbc22c6d3dbaa25af478c578978339bde77a,0x13423ded5947f4ba14269f24216ad1528a867187b236df96c5d46f370034f7a5
65,1.3310347930387982,0.00798620875823279,0x46c4ee2e5cfe6cb39958267ea5dd13c98745a468,2017-09-22T22:03:20.000Z,0.006,0x8d256427070ae54c6e6752c83262ab5b8f33c7f3,buy,0x88fcfbc22c6d3dbaa25af478c578978339bde77a,0x61985b4abea4d8d4bc4caad7f672d9a055e952fc36337a5197e1a9c7609b7039
66,18.27667563885289,0.10966005383311733,0x46c4ee2e5cfe6cb39958267ea5dd13c98745a468,2017-09-22T21:45:57.000Z,0.006,0x8d256427070ae54c6e6752c83262ab5b8f33c7f3,buy,0x88fcfbc22c6d3dbaa25af478c578978339bde77a,0x33c06cbf8f403b2a42bfc5ff5633ebcaf63c338ab5779991b95594434dc2637d
67,195,0.8658,0x669f0ab96fd3beb68bc836bb874894bbb516331a,2017-09-22T17:59:37.000Z,0.00444,0x254fb89e4cab71708eaab16e067ca8156a38e18a,buy,0x88fcfbc22c6d3dbaa25af478c578978339bde77a,0x2849a0e3a213b09f930d2e9cabc2c49f8bca80a065d7369acaab6982c25e48f3
68,0.07142857142857142,0.0005,0x999dbc9673afdd6b6c140c261297f89de35ff1b3,2017-09-22T05:57:03.000Z,0.007,0x7d5f5af2130985fe0fb5f2bfe38563ccfbeefe23,buy,0x88fcfbc22c6d3dbaa25af478c578978339bde77a,0xaa207200e49d79d3708dbbdefb846967c8b0b09a2814d65362f7ea187e3f9071
69,0.07142857142857142,0.0005,0x999dbc9673afdd6b6c140c261297f89de35ff1b3,2017-09-22T05:27:20.000Z,0.007,0x7d5f5af2130985fe0fb5f2bfe38563ccfbeefe23,buy,0x88fcfbc22c6d3dbaa25af478c578978339bde77a,0xe5c4939e93216cb4309dc1f64ae62ee679f038eaf0527156d76323eaec9d02ce
70,0.07142857142857142,0.0005,0x8612d2a48328bbf318b856ed0daaa4a7034383d0,2017-09-22T05:10:54.000Z,0.007,0x7d5f5af2130985fe0fb5f2bfe38563ccfbeefe23,buy,0x88fcfbc22c6d3dbaa25af478c578978339bde77a,0xe7c3db1e69226c72956281e058a06f93e86b56f3bb23e64407e5323211a4aba9
71,0.07142857142857142,0.0005,0x10c12555236fa11fc988be565ab70c82a4660ecf,2017-09-22T05:09:50.000Z,0.007,0x7d5f5af2130985fe0fb5f2bfe38563ccfbeefe23,buy,0x88fcfbc22c6d3dbaa25af478c578978339bde77a,0x536e83e2fba75817eb0c838dfe58d0c1d5afc94b3c3c889a8fa9e6bb73db0df5
72,0.07142857142857142,0.0005,0x8f28b1970e72adb11173044ebc762800e3128238,2017-09-22T04:58:52.000Z,0.007,0x7d5f5af2130985fe0fb5f2bfe38563ccfbeefe23,buy,0x88fcfbc22c6d3dbaa25af478c578978339bde77a,0x144efe407aed0f84c2b150713ea9b9cab82ea0ce45b10f05c933ab4865f45df0
73,0.07142857142857142,0.0005,0x7ed2114439b24152cf18c02c10cae681a7ca2adc,2017-09-22T04:56:56.000Z,0.007,0x7d5f5af2130985fe0fb5f2bfe38563ccfbeefe23,buy,0x88fcfbc22c6d3dbaa25af478c578978339bde77a,0xb7bab985e08553cf4469990623f71a78b805dfb492e17c09e9a06d4271738c47
74,0.07142857142857142,0.0005,0x03dd03643b71b06642179afb38211c0f45699bc5,2017-09-22T04:45:30.000Z,0.007,0x7d5f5af2130985fe0fb5f2bfe38563ccfbeefe23,buy,0x88fcfbc22c6d3dbaa25af478c578978339bde77a,0x6a2ec54880f3210ab38f69e91cafd985f66c4fd90001040971e62f88b0c0b4b6
75,0.143,0.001001,0x19b78488b79c6a45d4e060f05a2b35c4873f25c5,2017-09-22T04:34:25.000Z,0.007,0x7d5f5af2130985fe0fb5f2bfe38563ccfbeefe23,buy,0x88fcfbc22c6d3dbaa25af478c578978339bde77a,0xaa0b1f09d3914c15ea01e711d7a9a1dcef98b3a0b1844b4894fb5460f721985a
76,2.49,0.00747,0xf732b16f5aee6cd2db5b30a7a3860764a48b19ff,2017-09-21T05:22:52.000Z,0.003,0xb2e4d0f2e3dec235478bbc75cf2238d43fa52ed0,buy,0x88fcfbc22c6d3dbaa25af478c578978339bde77a,0x4d3ff463b0d3a08484e0b6751316c75c57ff78f1084c1f1cbd2e1f95b1030c9d
77,0.003,0.000012,0x89f7aac461ca6443c178e90405999c49ec09bc02,2017-09-20T14:44:33.000Z,0.004,0xa0be78d2bac6a692adba423c7af50ec86a18bddf,sell,0x88fcfbc22c6d3dbaa25af478c578978339bde77a,0x5a3793ae123f9cbfb618879933f0c7ee9c6d29c43a04e297e5a9df1a55ea84ec
78,16.00925331043924,0.11926893716277236,0x074eb01c33023ac13034b0bdea31d67fb71d414e,2017-09-19T01:30:04.000Z,0.00745,0x8d256427070ae54c6e6752c83262ab5b8f33c7f3,buy,0x88fcfbc22c6d3dbaa25af478c578978339bde77a,0x58f87e0a25d8390852efe3a82f0cf551c398181e8a2554f98732ded3f0abd763
79,11.16837802811285,0.033616817864619675,0xba731793fe7ff79f04b01bfdcdca930684d005a8,2017-09-18T18:10:33.000Z,0.00301,0x2da23d762d3ad69fb821b7d476b7d0e34e8a8e4c,sell,0x88fcfbc22c6d3dbaa25af478c578978339bde77a,0x6fa19e0b4fcf917ae7a0052e8ae345c99e146d17bff35f8446b167ff8f373932
80,200,0.8,0x8d256427070ae54c6e6752c83262ab5b8f33c7f3,2017-09-18T18:02:22.000Z,0.004,0x2da23d762d3ad69fb821b7d476b7d0e34e8a8e4c,sell,0x88fcfbc22c6d3dbaa25af478c578978339bde77a,0x3647eb91330bcbf03ee3518b19d9a8b8e2681976c54416dbd7166a2b2de6e570
81,399,1.596,0x89f7aac461ca6443c178e90405999c49ec09bc02,2017-09-18T17:52:42.000Z,0.004,0x2da23d762d3ad69fb821b7d476b7d0e34e8a8e4c,sell,0x88fcfbc22c6d3dbaa25af478c578978339bde77a,0x546add3206a136058309957eb9ca1ed4717b10d5235662fe327edf890dff4756
82,24.846943345628553,0.09963624281597049,0x86f4307c8c7a5e1000b876ab16cce6ebae8a3309,2017-09-17T20:28:09.000Z,0.00401,0xe5712d1dff0f400f3e9f13c15d74326396fc635b,sell,0x88fcfbc22c6d3dbaa25af478c578978339bde77a,0x496ce1ce8cc4a5ebeccce6eb481c04527f8a12450cae278a360b3c526450ac7c
83,23.423935690479837,0.17567951767859877,0x074eb01c33023ac13034b0bdea31d67fb71d414e,2017-09-17T00:32:12.000Z,0.0075,0x15dcc8d2b1a1bfa2f98253e30de2376b28885c62,buy,0x88fcfbc22c6d3dbaa25af478c578978339bde77a,0x6befaab084a418d37a73c2c312384a7c834c014c8e13a4e728d6339ff9b386fc
84,0.06666666666666667,0.0005,0x42c24a83bded723edfdf5883bc7efb30bc1a1bf3,2017-09-16T17:24:41.000Z,0.0075,0x15dcc8d2b1a1bfa2f98253e30de2376b28885c62,buy,0x88fcfbc22c6d3dbaa25af478c578978339bde77a,0x246c82dcbfe8e670366305172db1bf6029a830072f88f9460c1e6ea752aefd72
85,0.06666666666666667,0.0005,0x0f657c396dfcd6c59bb82b89fc3adbe5f90ce153,2017-09-16T15:46:43.000Z,0.0075,0x15dcc8d2b1a1bfa2f98253e30de2376b28885c62,buy,0x88fcfbc22c6d3dbaa25af478c578978339bde77a,0x23876e2d8849bb0da0f259508f422864d5709e6461b7ceb267c079334ef26c6a
86,0.06666666666666667,0.0005,0x1f8ac99600c61189d92c85cc760735b9e0067a60,2017-09-16T15:20:00.000Z,0.0075,0x15dcc8d2b1a1bfa2f98253e30de2376b28885c62,buy,0x88fcfbc22c6d3dbaa25af478c578978339bde77a,0x323d58df8f5db24bf65c4e8131031669cd7755fe124d33f4228e905067d88f90
87,1,0.0075,0xd6f29f2fb0a1dc783aeab42ce7ce9276f8e14a54,2017-09-16T01:19:52.000Z,0.0075,0x15dcc8d2b1a1bfa2f98253e30de2376b28885c62,buy,0x88fcfbc22c6d3dbaa25af478c578978339bde77a,0x5cb46770b454cad6c113610e4f2646cb7c53a8eeb282fa0cfef0bc741c436156
88,1,0.0075,0xd6f29f2fb0a1dc783aeab42ce7ce9276f8e14a54,2017-09-16T01:18:16.000Z,0.0075,0x15dcc8d2b1a1bfa2f98253e30de2376b28885c62,buy,0x88fcfbc22c6d3dbaa25af478c578978339bde77a,0x392e97e64fd204fe10f062582afc4d93222cb477359c9d3c12dcacd1ce860738
89,1,0.0075,0xd6f29f2fb0a1dc783aeab42ce7ce9276f8e14a54,2017-09-16T01:14:15.000Z,0.0075,0x15dcc8d2b1a1bfa2f98253e30de2376b28885c62,buy,0x88fcfbc22c6d3dbaa25af478c578978339bde77a,0xd73fbdf548ac675d20cc6252fa70a29d56af745d13df06fa62e532c90a7ad96c
90,1,0.0075,0xd6f29f2fb0a1dc783aeab42ce7ce9276f8e14a54,2017-09-16T01:14:01.000Z,0.0075,0x15dcc8d2b1a1bfa2f98253e30de2376b28885c62,buy,0x88fcfbc22c6d3dbaa25af478c578978339bde77a,0xed9fd2c23a08cdcc5965eb519dcbdc2813cd18fe4ad208e78dc33799115f61e9
91,1.907,0.009535,0x3640654327b04391c6305d098f73b36e3e54bbd0,2017-09-15T04:11:00.000Z,0.005,0x15dcc8d2b1a1bfa2f98253e30de2376b28885c62,sell,0x88fcfbc22c6d3dbaa25af478c578978339bde77a,0xbed85336aea034c76d8e4871c780585de2c0998f34405a8dddbbd7559bb5df9a
92,30,0.153,0x48eaedfa6ab55f414a433f0778f55ed9b827e822,2017-09-15T04:07:56.000Z,0.0051,0x15dcc8d2b1a1bfa2f98253e30de2376b28885c62,sell,0x88fcfbc22c6d3dbaa25af478c578978339bde77a,0x05ff457decb9ef61b81af87875329f18f478aaf53902728def1e19cd7c1d3d08
93,0.05,0.0005,0x8b24d80c6dd6e1af5a000e03ca8f00886a05f6f5,2017-09-15T04:04:37.000Z,0.01,0x254fb89e4cab71708eaab16e067ca8156a38e18a,buy,0x88fcfbc22c6d3dbaa25af478c578978339bde77a,0x09559269406e4db9e0516986203f0427b7922d6b0a1d84e6ca6f53b0163288af
94,11,0.0968,0x074eb01c33023ac13034b0bdea31d67fb71d414e,2017-09-14T05:05:36.000Z,0.0088,0x48eaedfa6ab55f414a433f0778f55ed9b827e822,buy,0x88fcfbc22c6d3dbaa25af478c578978339bde77a,0x64321bf9549df8ca99efae1097e067da7ba75ae0c11c8857a346f3341de79b49
95,0.00000000000000219,0.000000000000000241,0x328a3bc15d6baed10de7c86312f9ac4aa7d91c39,2017-09-14T01:44:33.000Z,0.11004566210045662,0x328a3bc15d6baed10de7c86312f9ac4aa7d91c39,buy,0x88fcfbc22c6d3dbaa25af478c578978339bde77a,0xf0315a727dbe57627aa96d864094b91539484703a4e9825c1bf9cbc25a9c9e5d
96,14.916666666666666,0.0895,0x6818bd375f2ab5311615907598b71e43e8499434,2017-09-13T22:58:25.000Z,0.006,0x6b2dbccc0b56038541873a2c8ef6d27386b17ad7,buy,0x88fcfbc22c6d3dbaa25af478c578978339bde77a,0xd7152e15531269ec13607cd022c9f394eddcc2fe45fde594701fca6de23f88db
97,0.08333333333333333,0.0005,0x4c2fb430e95954bcfa54ce4741a9fc2ff6e415ad,2017-09-13T20:35:16.000Z,0.006,0x6b2dbccc0b56038541873a2c8ef6d27386b17ad7,buy,0x88fcfbc22c6d3dbaa25af478c578978339bde77a,0x294f4bc9d1a0c6b285371e1158a6d153c25eac88fcea502d343d675597045167
98,4.1939986043265876,0.020969993021632938,0x3640654327b04391c6305d098f73b36e3e54bbd0,2017-09-13T17:25:51.000Z,0.005,0x55b7948a7561719f053ce7d6aa5b44bfe40158b3,sell,0x88fcfbc22c6d3dbaa25af478c578978339bde77a,0x02cc65fd2ae27fb3e127a7a710b0f474b02f632bfa9347e4b420d134aff66a42
99,32.996550219400085,0.16498275109700042,0x3640654327b04391c6305d098f73b36e3e54bbd0,2017-09-13T14:45:05.000Z,0.005,0xa0be78d2bac6a692adba423c7af50ec86a18bddf,sell,0x88fcfbc22c6d3dbaa25af478c578978339bde77a,0x579b05e40b9a1b7c7640f54d4888e684e78f8623b839311255502fe5379de65e
100,3.2399561359784665,0.025919649087827734,0xf10640a315f7c10c3c9e41e5a10a284dc470e599,2017-09-11T20:09:18.000Z,0.008,0xba731793fe7ff79f04b01bfdcdca930684d005a8,buy,0x88fcfbc22c6d3dbaa25af478c578978339bde77a,0xd5226befbb95a5bc739cd9794d7915ff596e7b521a394cebb3839992b891779c
101,0.1,0.0008,0x0024a5046fd95c5eee6db19a69ef7ed3bacd50f1,2017-09-11T19:37:43.000Z,0.008,0xba731793fe7ff79f04b01bfdcdca930684d005a8,buy,0x88fcfbc22c6d3dbaa25af478c578978339bde77a,0xc54539dd1cd1773572986a9183d73a65925285ee24b097f4f4a1d6d368ab03fc
102,24.922739507526668,0.08722963812182236,0xa0be78d2bac6a692adba423c7af50ec86a18bddf,2017-09-10T20:56:54.000Z,0.003500002,0x5f4f76c24ac2da958fa1c2deaca157853abdf01f,sell,0x88fcfbc22c6d3dbaa25af478c578978339bde77a,0xd7c8c7c9e9183298051beef0960257dedf486219a9a4eac2a8b93c01ec315e79
103,4.285144566301,0.014998014552342632,0xa0be78d2bac6a692adba423c7af50ec86a18bddf,2017-09-10T06:04:56.000Z,0.003500002,0x6d3d0dfa885186833d6cf04f7890aab7d3b43cd1,sell,0x88fcfbc22c6d3dbaa25af478c578978339bde77a,0x814a78336d51f74392173a71120d533f6a4658d21eed87b95b26ab8cd5160851
104,0.07142857142857142,0.0005,0x64b604630e055318093215b7ed41697ca4fb5de6,2017-09-10T04:03:28.000Z,0.007,0x8d256427070ae54c6e6752c83262ab5b8f33c7f3,buy,0x88fcfbc22c6d3dbaa25af478c578978339bde77a,0x99a32ee624225ac440729a7d029c07530685201a305df477b6f6f2a5633cb0d9
105,2.035,0.00814,0x385681429b036d05ef1fbb92b5290542a0c5ec50,2017-09-09T21:02:37.000Z,0.004,0xa0be78d2bac6a692adba423c7af50ec86a18bddf,sell,0x88fcfbc22c6d3dbaa25af478c578978339bde77a,0x8a989e6990402b8af1a696669718dbd299a2ae5483547c44dce7a45799bf47d9
106,19.46554291998748,0.11679325751992489,0x5f4f76c24ac2da958fa1c2deaca157853abdf01f,2017-09-09T21:02:28.000Z,0.006,0xa0be78d2bac6a692adba423c7af50ec86a18bddf,sell,0x88fcfbc22c6d3dbaa25af478c578978339bde77a,0x8ed0b737ae629ab490432f8f0c5d38a0b1b9e86a8a7b5b9d6f71460f2c87b23e
107,4.884457080012519,0.02930674248007511,0x5f4f76c24ac2da958fa1c2deaca157853abdf01f,2017-09-09T12:57:14.000Z,0.006,0x1fdf047bf7a114b37e7936d01e9cad754ad18803,sell,0x88fcfbc22c6d3dbaa25af478c578978339bde77a,0xa56d5c7e40d73119322f0eede86b680e891d2757e54e4ef2a0d2ba61ddbf5b65
108,0.65,0.0039,0x5f4f76c24ac2da958fa1c2deaca157853abdf01f,2017-09-09T10:41:20.000Z,0.006,0xbb3d24900039279dda91d1713a2f30277ade8f97,sell,0x88fcfbc22c6d3dbaa25af478c578978339bde77a,0x3ba7a41323d8643bd0965859491adc1be1cb76a11d0b93f42c51bae549e54655
109,0.000000000000001095,0.000000000000000241,0x328a3bc15d6baed10de7c86312f9ac4aa7d91c39,2017-09-09T00:39:30.000Z,0.22009132420091324,0x328a3bc15d6baed10de7c86312f9ac4aa7d91c39,buy,0x88fcfbc22c6d3dbaa25af478c578978339bde77a,0x63949e641b4b86fca4991315c74b01f94cb66991274845a06b0bbcd948b1a35e
110,0.00000000000000219,0.000000000000000241,0x328a3bc15d6baed10de7c86312f9ac4aa7d91c39,2017-09-09T00:35:18.000Z,0.11004566210045662,0x328a3bc15d6baed10de7c86312f9ac4aa7d91c39,buy,0x88fcfbc22c6d3dbaa25af478c578978339bde77a,0x250a4c44e950954cebde3b7f331c145fefbf4a0ffb109c671d7f3250056bd0a8
111,4.969594257800818,0.01987837703120327,0x385681429b036d05ef1fbb92b5290542a0c5ec50,2017-09-07T18:17:34.000Z,0.004,0x9c1b289210263135a61022624bd0d525d5befa12,sell,0x88fcfbc22c6d3dbaa25af478c578978339bde77a,0x835e3b67c7fb5034653407ac7cee3dac92d3b0fe52f2d8131eff6ad203e3d29f
112,78.171,0.47007427311,0xf732b16f5aee6cd2db5b30a7a3860764a48b19ff,2017-09-07T15:13:33.000Z,0.00601341,0x1fdf047bf7a114b37e7936d01e9cad754ad18803,buy,0x88fcfbc22c6d3dbaa25af478c578978339bde77a,0xeaf462d927da5b16b234d092fc6bcc73d13a92cd34b9fa6d72a77b02168ac7df
113,1.663,0.01000030083,0x385681429b036d05ef1fbb92b5290542a0c5ec50,2017-09-07T12:34:01.000Z,0.00601341,0x1fdf047bf7a114b37e7936d01e9cad754ad18803,buy,0x88fcfbc22c6d3dbaa25af478c578978339bde77a,0xd433d09107452e9d1c3f76128a6153d894c3ec500bf082f95028fcedf6498346
114,5,0.01685,0x86f4307c8c7a5e1000b876ab16cce6ebae8a3309,2017-09-07T08:29:42.000Z,0.00337,0x9c1b289210263135a61022624bd0d525d5befa12,sell,0x88fcfbc22c6d3dbaa25af478c578978339bde77a,0xb93644e35692b479a8d4d1fb43c9d3d33ea33b0c7da09a51095a0e696ce4f85d
115,0.166,0.00099822606,0xf81ab81ca1a6a19cc7b69b2c7876ff6543060598,2017-09-07T08:02:36.000Z,0.00601341,0x1fdf047bf7a114b37e7936d01e9cad754ad18803,buy,0x88fcfbc22c6d3dbaa25af478c578978339bde77a,0x0d7878d38221389ee834ed3c855f15ca4e162f9c4c5b37c809590d87313a0f1b
116,0.000000000219793,0.000000000002417723,0x328a3bc15d6baed10de7c86312f9ac4aa7d91c39,2017-09-07T03:02:30.000Z,0.011,0x00425cbd1101735c37ae889acd7906040f35967a,buy,0x88fcfbc22c6d3dbaa25af478c578978339bde77a,0xa0b2763573b2544b70495998c17e5560cb13131bd290d580b326fb34ae1be7a7
117,84.89881367759943,0.2716762037683182,0x1fdf047bf7a114b37e7936d01e9cad754ad18803,2017-09-06T11:06:15.000Z,0.0032,0x891548828dbcb33260dbda0f1526e82ad2d094db,sell,0x88fcfbc22c6d3dbaa25af478c578978339bde77a,0x497341f2aa075b6d0ad37c7d6c8c270cfff8ffb1e69a27c41b8e17a62ac1897a
118,51.26282149457327,0.11277877117909763,0xb902ba6e3272e66c74035d7e30f4fa9279bd56f9,2017-09-06T09:51:41.000Z,0.002200011,0xf04bf356bd1fccc9df3244846b6fb8af9829b7af,sell,0x88fcfbc22c6d3dbaa25af478c578978339bde77a,0xc807bc8198d8b5e3a587e0edbc99c0a0bf49c5a140bd7c52e27ba25ce9ed2c5a
119,300,1.008,0x6818bd375f2ab5311615907598b71e43e8499434,2017-09-06T09:14:43.000Z,0.00336,0xf04bf356bd1fccc9df3244846b6fb8af9829b7af,sell,0x88fcfbc22c6d3dbaa25af478c578978339bde77a,0x9fcd06b15c8d4ff4ade0311dfb85e4fcc51f701db26a70a70ff7824b456668fe
120,200,0.444,0x254fb89e4cab71708eaab16e067ca8156a38e18a,2017-09-06T09:14:43.000Z,0.00222,0xf04bf356bd1fccc9df3244846b6fb8af9829b7af,sell,0x88fcfbc22c6d3dbaa25af478c578978339bde77a,0x8b06f22c4b0a24b35cf3eb79b74b38d841d1e55ebbbef8c419e3ded65ab6ee71
121,120,0.4032,0x8d71cd37bc1c715f6d4e9b5d68aa17a8b42cac87,2017-09-06T09:14:43.000Z,0.00336,0xf04bf356bd1fccc9df3244846b6fb8af9829b7af,sell,0x88fcfbc22c6d3dbaa25af478c578978339bde77a,0x0e3bf1c6039efff46603d5db5a1acc02a96433fa8698fd24159c58232624159f
122,750,1.65000825,0xb902ba6e3272e66c74035d7e30f4fa9279bd56f9,2017-09-06T09:14:43.000Z,0.002200011,0xf04bf356bd1fccc9df3244846b6fb8af9829b7af,sell,0x88fcfbc22c6d3dbaa25af478c578978339bde77a,0x0411f24591e05e679ff915895984181d05dc317ed661a750b861aca0d5b06ae7
123,24.437,0.122185,0x8d256427070ae54c6e6752c83262ab5b8f33c7f3,2017-09-06T09:14:43.000Z,0.005,0xf04bf356bd1fccc9df3244846b6fb8af9829b7af,sell,0x88fcfbc22c6d3dbaa25af478c578978339bde77a,0xb9e399d94bcfdb8871b5f5eb8acf4e8962be9168e9140126d3c9fcd2051554cc
124,1.5918370930116639,0.007959185465058319,0x8d256427070ae54c6e6752c83262ab5b8f33c7f3,2017-09-06T08:28:49.000Z,0.005,0xd8e505f819da392a3c558df5134ebe7d6482f85c,sell,0x88fcfbc22c6d3dbaa25af478c578978339bde77a,0x0f415fba68ae936e7c556164d18c46ee8eb3cf358350b86e31b6f5973748a9c1
125,3.9706908583391485,0.019853454291695743,0x8d256427070ae54c6e6752c83262ab5b8f33c7f3,2017-09-06T06:37:57.000Z,0.005,0xa6e33575fc33b29915bf65d4dce662ad16bf906c,sell,0x88fcfbc22c6d3dbaa25af478c578978339bde77a,0x9da6ed3ff4710629fa9f8743964110bad2fe653f254df7d5a462afb5fed68c1d
126,0.001,0.0011,0x328a3bc15d6baed10de7c86312f9ac4aa7d91c39,2017-09-06T01:59:23.000Z,1.1,0x328a3bc15d6baed10de7c86312f9ac4aa7d91c39,buy,0x88fcfbc22c6d3dbaa25af478c578978339bde77a,0x7da21e9b1ed5f61e7bd82f66e20be91a4deb308e126beca8859baa6e1396d125
127,0.0001,0.001,0x328a3bc15d6baed10de7c86312f9ac4aa7d91c39,2017-09-06T01:57:50.000Z,10,0x328a3bc15d6baed10de7c86312f9ac4aa7d91c39,buy,0x88fcfbc22c6d3dbaa25af478c578978339bde77a,0x8b52e99feca1311d9be23a8ed4858b4b8790dcf4dcf8460aa92bcd2a2db61f9e
128,0.00337,0.0337,0x86f4307c8c7a5e1000b876ab16cce6ebae8a3309,2017-09-05T21:35:15.000Z,10,0x39dc3f7adc8cad2b03c831c7771a25d4fb99021e,sell,0x88fcfbc22c6d3dbaa25af478c578978339bde77a,0x0d489453428b88cc9523445d2d447a8a4eb4d4bd2afaebae1425738761716e67
129,0.00338011,0.000029406957,0x39dc3f7adc8cad2b03c831c7771a25d4fb99021e,2017-09-05T21:35:15.000Z,0.0087,0xda390e00b63b110ab71bc31bf7d668e1deea8565,buy,0x88fcfbc22c6d3dbaa25af478c578978339bde77a,0x0d489453428b88cc9523445d2d447a8a4eb4d4bd2afaebae1425738761716e67
130,2.514,0.00844704,0xf142f26d1cac4ba8a6e6d7974d243eda2fe5f4f9,2017-09-05T16:41:44.000Z,0.00336,0xf7941ebbd15b8a9c84b4a5491b04513f8d47b02e,buy,0x88fcfbc22c6d3dbaa25af478c578978339bde77a,0x75031dfe9c86eddebc865161e75e34650388bc396f1443aa24c813da4a236e6d
131,153.07,1.19379293,0xf142f26d1cac4ba8a6e6d7974d243eda2fe5f4f9,2017-09-05T16:40:11.000Z,0.007799,0xd39f60a0f8ab7fdd5f225fb2950702d51e26534e,buy,0x88fcfbc22c6d3dbaa25af478c578978339bde77a,0x2d593f34a2d062174c1913e33a0e6e3c0e6aeff7c8f6fc705782033f329d181a
132,15,0.048,0x63cc34cc1b1ec3bd85916fbfd909a677dca3cdc0,2017-09-05T02:40:32.000Z,0.0032,0xfebed3f7333f028aaf315e7aa6bddf28da95f853,sell,0x88fcfbc22c6d3dbaa25af478c578978339bde77a,0xb0f46922824025a955a17e242a7304d753abb8d016265954b46083d6deaeb437
133,17.075,0.087424,0xaa023e26c6b1373fd3313dd21fe918ca48e3f88b,2017-09-05T02:35:38.000Z,0.00512,0xfebed3f7333f028aaf315e7aa6bddf28da95f853,sell,0x88fcfbc22c6d3dbaa25af478c578978339bde77a,0x9c8e7d45d64b6a7021ede08e6634f4666c5a2d45fdf0c97144ab891771c3f8ad
134,95.38478256678786,0.7428566866301438,0xf142f26d1cac4ba8a6e6d7974d243eda2fe5f4f9,2017-09-05T00:13:42.000Z,0.007788,0x1fdf047bf7a114b37e7936d01e9cad754ad18803,buy,0x88fcfbc22c6d3dbaa25af478c578978339bde77a,0x8dbb53e7bb28b0b9025246998881302a3cabc8ea39775a84929aebe66b858cbd
135,69.61521743321214,0.5421633133698561,0xf142f26d1cac4ba8a6e6d7974d243eda2fe5f4f9,2017-09-04T23:31:01.000Z,0.007788,0x1fdf047bf7a114b37e7936d01e9cad754ad18803,buy,0x88fcfbc22c6d3dbaa25af478c578978339bde77a,0x2dfe69d75048ff9fa55931d9eddea7b0693d3076060277e3905650f78967e629
136,1.6199780679892333,0.008294287708104874,0xaa023e26c6b1373fd3313dd21fe918ca48e3f88b,2017-09-04T18:22:51.000Z,0.0051199999999999996,0x2ee28a4e6590074decb418d511e6067053228fea,sell,0x88fcfbc22c6d3dbaa25af478c578978339bde77a,0x3258d6a5404eb46ba4c2c304fc6262fe91b2309b96f875e7fe9c5f56b8948dc1
137,0.8048519589273253,0.004120842029707905,0xaa023e26c6b1373fd3313dd21fe918ca48e3f88b,2017-09-04T17:30:07.000Z,0.0051199999999999996,0xf142f26d1cac4ba8a6e6d7974d243eda2fe5f4f9,sell,0x88fcfbc22c6d3dbaa25af478c578978339bde77a,0x137ef8ef65a220d12b9a17d8dcdf44a6321ae09e9e68290a282f8eb1a091bcc7
138,165,0.84315,0x1fdf047bf7a114b37e7936d01e9cad754ad18803,2017-09-04T15:30:48.000Z,0.00511,0xf142f26d1cac4ba8a6e6d7974d243eda2fe5f4f9,sell,0x88fcfbc22c6d3dbaa25af478c578978339bde77a,0x8e4ebe3eadd523d014c5e744c67c6c37f535cdeeec658fabb73679377e253902
139,3.7,0.023532,0x86f4307c8c7a5e1000b876ab16cce6ebae8a3309,2017-09-04T15:29:46.000Z,0.00636,0xf142f26d1cac4ba8a6e6d7974d243eda2fe5f4f9,sell,0x88fcfbc22c6d3dbaa25af478c578978339bde77a,0x2ba8a431a748aa7fe3d018a975467ee6aae8a445678b7a891bdec537d36370d7
140,31,0.1891,0x48eaedfa6ab55f414a433f0778f55ed9b827e822,2017-09-04T15:28:15.000Z,0.0061,0xf142f26d1cac4ba8a6e6d7974d243eda2fe5f4f9,sell,0x88fcfbc22c6d3dbaa25af478c578978339bde77a,0xf007786a740e96b04b3baaf8a74836ec9a8652d020ca01a2b2d52602a889632e
141,30.851,0.19590385,0xaa023e26c6b1373fd3313dd21fe918ca48e3f88b,2017-09-04T15:28:15.000Z,0.00635,0xf142f26d1cac4ba8a6e6d7974d243eda2fe5f4f9,sell,0x88fcfbc22c6d3dbaa25af478c578978339bde77a,0x2b846837829f3f207c0b357a5d83e0274d28d0672e92297e920123c7f5c4088f
142,16.29947163792244,0.10268667131891138,0xda390e00b63b110ab71bc31bf7d668e1deea8565,2017-09-04T03:41:02.000Z,0.0063,0x71d349a175c0abcac4cda8e1fa22ab69cf333a5d,sell,0x88fcfbc22c6d3dbaa25af478c578978339bde77a,0xc639392340ad569c9a8de34bb2655930cfa3154933f355dcfe3f4d6ae2dcf2b9
143,7.79,0.06066852,0xaa023e26c6b1373fd3313dd21fe918ca48e3f88b,2017-09-03T06:51:48.000Z,0.007788,0x684c7e59970ed48d453240af94814fb376c59467,buy,0x88fcfbc22c6d3dbaa25af478c578978339bde77a,0xa46a9c79aa6dd44714abd2942fd15fa7b02f20601b77c036f3c255a64bc00bf4
144,32.097,0.250003533,0x87eb8e079ded802c2ee2b34af5641884ae5aec05,2017-09-03T03:19:54.000Z,0.007789,0x8b460fff38810444a4bf927300efb69325b3ebcb,buy,0x88fcfbc22c6d3dbaa25af478c578978339bde77a,0xb1c32624f1af22952e8d18af7889df5244f230a2c2e716428446af9bcb1c95c5
145,3.21,0.02499948,0x6d3d0dfa885186833d6cf04f7890aab7d3b43cd1,2017-09-02T23:59:23.000Z,0.007788,0x684c7e59970ed48d453240af94814fb376c59467,buy,0x88fcfbc22c6d3dbaa25af478c578978339bde77a,0xf0487735ef960bc07357e62eb2448a35abcc8c9ec4bb25aca6bbf4c35b64cfe4
146,50.222,0.391179158,0x1fca0e071c216996c137b72695dccffb86c32a97,2017-09-02T14:27:52.000Z,0.007789,0x8b460fff38810444a4bf927300efb69325b3ebcb,buy,0x88fcfbc22c6d3dbaa25af478c578978339bde77a,0xad652339b500df25755cf2070d50504e5f89469a79cd520f289bdc1a95049d6c
147,3.40432045060313,0.017362034298075965,0xba731793fe7ff79f04b01bfdcdca930684d005a8,2017-09-01T22:02:45.000Z,0.0050999999999999995,0x67c1559f671935e1601eba3d688f029f87a00db6,sell,0x88fcfbc22c6d3dbaa25af478c578978339bde77a,0xbfea1ff379eec70238e91be6f51d6c2e0cf80bf2b72047ee9c2d791afef38db9
148,2.67,0.02046999822,0x6818bd375f2ab5311615907598b71e43e8499434,2017-09-01T20:26:50.000Z,0.007666666,0xd85e958b1b2b8da583938c3a6790544e4b0ac1c3,buy,0x88fcfbc22c6d3dbaa25af478c578978339bde77a,0xf0f02849ca774ed2612dfd2eb1fc0c30233740f6a0aa28aa633394ea35c05e44
149,166.902,1.299999678,0x6818bd375f2ab5311615907598b71e43e8499434,2017-09-01T20:24:50.000Z,0.007789,0x8b460fff38810444a4bf927300efb69325b3ebcb,buy,0x88fcfbc22c6d3dbaa25af478c578978339bde77a,0x33175729d8f3ee5c9d4f558c3829e67ba143864c17fcecc002199b374a0d263a
150,152.912,1.189502448,0x6818bd375f2ab5311615907598b71e43e8499434,2017-09-01T20:13:37.000Z,0.007779,0x8b460fff38810444a4bf927300efb69325b3ebcb,buy,0x88fcfbc22c6d3dbaa25af478c578978339bde77a,0x2b369ff1b88b04e4e5a47d7e733e82a5e6d93852d2eb42c39bdcacf505e6e26e
151,347.088,2.699997552,0x6818bd375f2ab5311615907598b71e43e8499434,2017-09-01T17:42:27.000Z,0.007779,0x8b460fff38810444a4bf927300efb69325b3ebcb,buy,0x88fcfbc22c6d3dbaa25af478c578978339bde77a,0x3ff60d67d8f59d88248365b88a9991ab14b6c2eadeec3f8d6c6c9756b38bee55
152,27,0.1836,0x63cc34cc1b1ec3bd85916fbfd909a677dca3cdc0,2017-08-31T02:58:33.000Z,0.0068,0x8dbd7b3258be2824df1b3f87430d508638408cc1,sell,0x88fcfbc22c6d3dbaa25af478c578978339bde77a,0xd91f805c7da3f94cc9e11abb75f9f99ce1a3fe8e22833c7be24c3fad3a16fb49
153,0.05,0.00049,0x98f0deb428b74fb5302d250af5d55e77c8519f2a,2017-08-30T13:53:34.000Z,0.0098,0xb3025d70cb1ffc9866bcbda4a55d5e5bf3c28bb8,buy,0x88fcfbc22c6d3dbaa25af478c578978339bde77a,0xb3add4492777d4ba5b4e81ee3dfcd412766c7e432aa50a06ed74946289a76e0b
154,7,0.0476,0x63cc34cc1b1ec3bd85916fbfd909a677dca3cdc0,2017-08-30T06:21:42.000Z,0.0068,0x074eb01c33023ac13034b0bdea31d67fb71d414e,sell,0x88fcfbc22c6d3dbaa25af478c578978339bde77a,0x90a2228ab0a87d4499383d3eb84be8a150389d7d743f7439ed31e2d6fcc8ca8b
155,36,0.2448,0x63cc34cc1b1ec3bd85916fbfd909a677dca3cdc0,2017-08-30T03:59:12.000Z,0.0068,0x15dbb6a4bf87ee1a103211e33dae36b56ae365fb,sell,0x88fcfbc22c6d3dbaa25af478c578978339bde77a,0x1f63c8abe0862483e1481129e6368498ad5cfbb54ec82b4baaf249a7fc98968a
156,20.200763785528405,0.17170649217699144,0xd5840247f1e80d7d5d262e4687db4fa683b9eed7,2017-08-30T03:40:19.000Z,0.0085,0x15dbb6a4bf87ee1a103211e33dae36b56ae365fb,sell,0x88fcfbc22c6d3dbaa25af478c578978339bde77a,0x6c373700b1d47779e1a83aa8fca20171626d4a398149a3badadeb3edd8b82f6b
157,24.234,0.218106,0x89f7aac461ca6443c178e90405999c49ec09bc02,2017-08-30T03:36:39.000Z,0.009,0x15dbb6a4bf87ee1a103211e33dae36b56ae365fb,sell,0x88fcfbc22c6d3dbaa25af478c578978339bde77a,0x979da1c0c8003762883303c141314d22535d54fa53820fcfc781785e8258a5db
158,29.395872794337553,0.264562855149038,0x89f7aac461ca6443c178e90405999c49ec09bc02,2017-08-30T02:43:50.000Z,0.009,0x1877bcf7a55f61647d8d2d2deb0a1718de2425da,sell,0x88fcfbc22c6d3dbaa25af478c578978339bde77a,0xcbcbc592b8b0d5fa01cb3c7e7e38a4303d7fe57f690e6f1344df485e8631e58e
159,8.46444171367753,0.07617997542309778,0x89f7aac461ca6443c178e90405999c49ec09bc02,2017-08-29T07:28:28.000Z,0.009,0x6a3f7722403e5313ff99e32241422bb26ef57f54,sell,0x88fcfbc22c6d3dbaa25af478c578978339bde77a,0x3bd59e32b7a8eaf3e660d10bc9d4198419faba6055ff99c7b78bdbd6a7c435ac
160,17.915624259361824,0.16124061833425643,0x89f7aac461ca6443c178e90405999c49ec09bc02,2017-08-29T01:45:41.000Z,0.009,0x0af69da5a1557bd16f14e51e21749166eb5dd58a,sell,0x88fcfbc22c6d3dbaa25af478c578978339bde77a,0xfdbe7f0bc76f0956ab3838a4fc4786ae20485117100e9b9aacdc36a8d749ce13
161,12.2838871697737,0.11055498452796331,0x89f7aac461ca6443c178e90405999c49ec09bc02,2017-08-29T00:53:50.000Z,0.009,0x57b166575c8b4001795d13fa7ab180740e2c54a3,sell,0x88fcfbc22c6d3dbaa25af478c578978339bde77a,0x4a273c9d0fd3e18c3b280894210b1c327a1e8eef30e3992036bd908e6ab84b01
162,1.462128474728342,0.01315915627255508,0x89f7aac461ca6443c178e90405999c49ec09bc02,2017-08-29T00:50:02.000Z,0.009,0x62a27c6e093e23ee9a6623bf5577f7f75f93f3cb,sell,0x88fcfbc22c6d3dbaa25af478c578978339bde77a,0x215ec6ddb1db41e2f7f60c68e983a38408bc43a903dea310677293a98ab7df2d
163,18.29134139059256,0.22581886466559684,0x074eb01c33023ac13034b0bdea31d67fb71d414e,2017-08-28T18:16:33.000Z,0.01234567,0x71666a113c14ae84113621fb523f86080fe5ad4d,buy,0x88fcfbc22c6d3dbaa25af478c578978339bde77a,0xbfdf392e94c66cf6ebd673336301efdcd8babdb720f38023fe900e34571989dc
164,11.18,0.10062,0xf732b16f5aee6cd2db5b30a7a3860764a48b19ff,2017-08-28T09:55:47.000Z,0.009,0x2d7ad46c8c2128b37f7bbf1d70f81db34d1176ba,buy,0x88fcfbc22c6d3dbaa25af478c578978339bde77a,0x2d5a750d803d3ceb2deecc75d80e3f6869051ad81026e7a7e36cfd3689f6fc1e
165,309.843,2.77309485,0xdc2154f052ab06ac7a62b3119245903663abbefe,2017-08-28T09:47:35.000Z,0.00895,0x12af0e74be759ac9f008b23c2d25395bca440265,buy,0x88fcfbc22c6d3dbaa25af478c578978339bde77a,0x88b1818838339e6b75983c9f157a1b49afc1e36d310cb6cbc8f7990eb1d85d68
166,14,0.1253,0x75f157da5b8fe9cc61c40e8f9ba22d99cebc55d2,2017-08-28T09:44:04.000Z,0.00895,0x12af0e74be759ac9f008b23c2d25395bca440265,buy,0x88fcfbc22c6d3dbaa25af478c578978339bde77a,0xc89b39cc66305a59b0ba8c4f2a42a964bf6e66b8b65a2cfbb63e1af773bf1fc5
167,36.1565165581035,0.32360082319502625,0x75f157da5b8fe9cc61c40e8f9ba22d99cebc55d2,2017-08-28T09:43:02.000Z,0.00895,0x12af0e74be759ac9f008b23c2d25395bca440265,buy,0x88fcfbc22c6d3dbaa25af478c578978339bde77a,0x6fb6dcc8ed53bf3c5588ac2e0662b36c4d628c10b9703b506c0e1594e8078477
168,7.646296480909181,0.061170371847273454,0x89f7aac461ca6443c178e90405999c49ec09bc02,2017-08-28T01:36:30.000Z,0.008,0x1d931fd222fe1b594f38554aa30c314bb72f9549,sell,0x88fcfbc22c6d3dbaa25af478c578978339bde77a,0x65cac2699ab5a883c6439d8fec3352daaa1d25ab7780781a4a90617394cc4f37
169,7.368342085534842,0.05894673668427874,0x89f7aac461ca6443c178e90405999c49ec09bc02,2017-08-27T17:13:02.000Z,0.008,0xd863012d69c7eaa647a48f4fdd4992a3b50a8412,sell,0x88fcfbc22c6d3dbaa25af478c578978339bde77a,0xe279c265e0e17e4122c44eb1368bbbcef0f5bfad5cf1f297e1bc7facdb015bf0
170,0.7541884159106769,0.006033507327285415,0x89f7aac461ca6443c178e90405999c49ec09bc02,2017-08-27T16:52:39.000Z,0.008,0x5cb9c6a832282df6f9772de0f29a5233e0a651f0,sell,0x88fcfbc22c6d3dbaa25af478c578978339bde77a,0xc4dec8b64f8555d2677ba9cfe5efc6490f4f8efee3ba62c0439ea875458e426e
171,1.839298175655468,0.014732778387000298,0x958e29d7a438391b2d1c4fad8101f7c80a9dc795,2017-08-27T03:35:47.000Z,0.00801,0x5f19b49693f2c537226c1c75ae0f2881795e43cd,sell,0x88fcfbc22c6d3dbaa25af478c578978339bde77a,0x5a8d68efd38e1da82271caac657cd1731824049acf9f0b6f470a37aa0d1cd4c2
172,88.605,0.79301475,0xf732b16f5aee6cd2db5b30a7a3860764a48b19ff,2017-08-27T02:00:50.000Z,0.00895,0x12af0e74be759ac9f008b23c2d25395bca440265,buy,0x88fcfbc22c6d3dbaa25af478c578978339bde77a,0xb2822779e30c83bc693fa9ec76dcea05eb4efc0dbac97ce4813950dfe8b1022b
173,111.39488795961411,0.9969842472385463,0x75f157da5b8fe9cc61c40e8f9ba22d99cebc55d2,2017-08-27T01:50:07.000Z,0.00895,0x12af0e74be759ac9f008b23c2d25395bca440265,buy,0x88fcfbc22c6d3dbaa25af478c578978339bde77a,0xdcb996f7a8e601a896ffc987c9ef17100eabfd3a7ca00ecb9143a6f67f86bff1
174,0.6410128601335859,0.005128102881068687,0x89f7aac461ca6443c178e90405999c49ec09bc02,2017-08-26T20:53:52.000Z,0.008,0x341a0fc2bec3e8347f79b028e0d0ee787440b747,sell,0x88fcfbc22c6d3dbaa25af478c578978339bde77a,0x3ebcc13ab8e266a25a60c502f1df73972c0a9be29907a7f8131d7f80e38353d2
175,250,2.2375,0x89f7aac461ca6443c178e90405999c49ec09bc02,2017-08-26T20:23:05.000Z,0.00895,0x12af0e74be759ac9f008b23c2d25395bca440265,buy,0x88fcfbc22c6d3dbaa25af478c578978339bde77a,0x691915e03d1c1cdd59d9c777f6dfa4b1566202a6c5decab894af57aaf0d1ab7c
176,0.000073327109447902,0.000000586616875583,0x89f7aac461ca6443c178e90405999c49ec09bc02,2017-08-26T18:04:09.000Z,0.007999999999997055,0xcfa4e3ccc9f1805b18315b0aea4e2813aa62f76d,sell,0x88fcfbc22c6d3dbaa25af478c578978339bde77a,0xb139f365646e93c962e5b4a882dbee35fc4fb2a391e4a18d2a53d51bacc4d76d
177,0.7355442348718971,0.005884353878975176,0x89f7aac461ca6443c178e90405999c49ec09bc02,2017-08-26T18:03:01.000Z,0.007999999999999998,0xcfa4e3ccc9f1805b18315b0aea4e2813aa62f76d,sell,0x88fcfbc22c6d3dbaa25af478c578978339bde77a,0x0f138244893ae4ae96790d9d386a11c1126417bb4864d48f42ecb8f8fe3c944d
178,3.106370252218124,0.02485096201774499,0x89f7aac461ca6443c178e90405999c49ec09bc02,2017-08-26T16:02:20.000Z,0.008,0x097501c95264ad3204159efaefdc5820783dbeae,sell,0x88fcfbc22c6d3dbaa25af478c578978339bde77a,0x75e1137e3fe0e94b80740a11cfe06a41cecb266cb6a324fcfcd036d5b48b8229
179,200,1.79,0x0f1b76410215ed963ea2c3d3eaddd4a56350b422,2017-08-26T13:40:43.000Z,0.00895,0x12af0e74be759ac9f008b23c2d25395bca440265,buy,0x88fcfbc22c6d3dbaa25af478c578978339bde77a,0xe74dd0e41b0e1ae362245667caf65c1489d3aea23f88fc919adcf13f29702b1f
180,195,1.7355,0x0f1b76410215ed963ea2c3d3eaddd4a56350b422,2017-08-26T13:24:33.000Z,0.0089,0xf04bf356bd1fccc9df3244846b6fb8af9829b7af,buy,0x88fcfbc22c6d3dbaa25af478c578978339bde77a,0x184f6e8a8c0d32d7b177b480594a520bcbab1037a1f135a45ba87f6229039b61
181,26,0.221,0x0f1b76410215ed963ea2c3d3eaddd4a56350b422,2017-08-26T13:23:53.000Z,0.0085,0x12af0e74be759ac9f008b23c2d25395bca440265,buy,0x88fcfbc22c6d3dbaa25af478c578978339bde77a,0x6c0b7dce82134f9d100dccf0055168f42dc4dabec903a9fa4814c45037474c65
182,7.137872594955637,0.049965108164689465,0x89f7aac461ca6443c178e90405999c49ec09bc02,2017-08-26T10:34:15.000Z,0.007,0xc63f83538274e97ebb145d045b83808a68ff3328,sell,0x88fcfbc22c6d3dbaa25af478c578978339bde77a,0x260c854aecd9ccd3b1987587b3412cab52f7d2b9b6812973574951212d03f9d3
183,105,0.8925,0xf732b16f5aee6cd2db5b30a7a3860764a48b19ff,2017-08-26T08:58:55.000Z,0.0085,0x12af0e74be759ac9f008b23c2d25395bca440265,buy,0x88fcfbc22c6d3dbaa25af478c578978339bde77a,0x5701a80532ea9e79ce87ca87fa65ec008fede611b19a63e2def2d7189d2f7369
184,59,0.5015,0xf732b16f5aee6cd2db5b30a7a3860764a48b19ff,2017-08-26T08:38:32.000Z,0.0085,0x12af0e74be759ac9f008b23c2d25395bca440265,buy,0x88fcfbc22c6d3dbaa25af478c578978339bde77a,0x6dc2e29c71e20f8089576a0d368eda0bc2a1a9bcba41442548b4192bd7f63e74
185,0.01,0.0005,0x328a3bc15d6baed10de7c86312f9ac4aa7d91c39,2017-08-26T03:22:45.000Z,0.05,0x328a3bc15d6baed10de7c86312f9ac4aa7d91c39,buy,0x88fcfbc22c6d3dbaa25af478c578978339bde77a,0x8ad61d3cbe270dddb44da29a497a9026459bb3e672215c8e216a4de85e115ee4
186,120,0.84,0x669f0ab96fd3beb68bc836bb874894bbb516331a,2017-08-25T13:14:25.000Z,0.007,0x8d71cd37bc1c715f6d4e9b5d68aa17a8b42cac87,buy,0x88fcfbc22c6d3dbaa25af478c578978339bde77a,0xe8814a2bcf4e15f3254521776f7bad2b1c77879d9e2478b5aff9dd15ec70ae34
187,1,0.009998,0xbb325a2ee38566c7a03010b2c4929fd99861bf36,2017-08-25T12:19:19.000Z,0.009998,0xa0be78d2bac6a692adba423c7af50ec86a18bddf,buy,0x88fcfbc22c6d3dbaa25af478c578978339bde77a,0x22b577dc541c174dfa217df195a69b66ecf7e055a5e5ba47599e6ebf3cdd925f
188,0.4545907686172864,0.002595713743395474,0xd5840247f1e80d7d5d262e4687db4fa683b9eed7,2017-08-24T22:14:04.000Z,0.005710001,0x0006d50465bbd36394383345a4facc1a1064f18d,sell,0x88fcfbc22c6d3dbaa25af478c578978339bde77a,0x224bb8bbf8848e81486240dfbfc4abfd93884c075e011540c26a23768a848ce5
189,1.088,0.010877824,0x6d3d0dfa885186833d6cf04f7890aab7d3b43cd1,2017-08-24T19:48:52.000Z,0.009998,0xcc20809d35d8465efcde023cb95fc092eec0e135,buy,0x88fcfbc22c6d3dbaa25af478c578978339bde77a,0x16ec72290ffb8bf1dabec331180c61ddb7551f456304813d458e58ba902f8bf8
190,22,0.1562,0xf142f26d1cac4ba8a6e6d7974d243eda2fe5f4f9,2017-08-24T19:30:23.000Z,0.0071,0x14af12c11fa2fc702add3a5f65143bc1158871e4,buy,0x88fcfbc22c6d3dbaa25af478c578978339bde77a,0xd75403c9bae25ac58484d6d87375c96a0579ec16d970becfbbe0314b52baaaab
191,26.518,0.18562626518,0xd5840247f1e80d7d5d262e4687db4fa683b9eed7,2017-08-24T18:46:49.000Z,0.00700001,0x14af12c11fa2fc702add3a5f65143bc1158871e4,sell,0x88fcfbc22c6d3dbaa25af478c578978339bde77a,0x3a56903a82dc74e8120662d342f157603bc7db60cf7e90f5b9083fa6ebaac6be
192,12,0.0840012,0x86f4307c8c7a5e1000b876ab16cce6ebae8a3309,2017-08-24T07:36:57.000Z,0.0070001,0x5de71f8f8ca9ff4985a0b4e6749d166435787ecf,sell,0x88fcfbc22c6d3dbaa25af478c578978339bde77a,0x02c2798f1b53610cdfa7f367f98879464da3fb71f25ab6874ee5763af13c1df4
193,100,0.70002,0xd5840247f1e80d7d5d262e4687db4fa683b9eed7,2017-08-24T07:32:03.000Z,0.0070002,0x5de71f8f8ca9ff4985a0b4e6749d166435787ecf,sell,0x88fcfbc22c6d3dbaa25af478c578978339bde77a,0xf7d6523ee42d9672832ca815fce240041f9b6a0ce1134a18284feb65ec1898dd
194,49.845479015053336,0.3489188515601635,0xd5840247f1e80d7d5d262e4687db4fa683b9eed7,2017-08-23T15:10:01.000Z,0.00700001,0x57866aaa0f72babe08560b69f394e99cd58d9f25,sell,0x88fcfbc22c6d3dbaa25af478c578978339bde77a,0xd2c08dca14ef4692a707fcb7ae0d685cebf9bcaad599bc3ace7e36f93a657378
195,21.626945658458776,0.15138883587866803,0xd5840247f1e80d7d5d262e4687db4fa683b9eed7,2017-08-23T12:09:46.000Z,0.00700001,0x0af69da5a1557bd16f14e51e21749166eb5dd58a,sell,0x88fcfbc22c6d3dbaa25af478c578978339bde77a,0x508203fc70d37533f801895d51740719e55ef0a06f7822b2289b402e929ac7bb
196,2.0092442221837272,0.014064729647728312,0xd5840247f1e80d7d5d262e4687db4fa683b9eed7,2017-08-23T11:38:05.000Z,0.00700001,0x81df114b711dcf8e5c539870100367c5bc98c29d,sell,0x88fcfbc22c6d3dbaa25af478c578978339bde77a,0x79dcf299950cb037759757d8c77b74616979819e5d93fcd29dbb2227603e7c4e
197,0.4650869325092214,0.003255608527564549,0x75f157da5b8fe9cc61c40e8f9ba22d99cebc55d2,2017-08-22T21:27:58.000Z,0.006999999999999998,0x43808d5a5cc952c530ff9d0499fa0bfd8ff553bf,sell,0x88fcfbc22c6d3dbaa25af478c578978339bde77a,0x9f07a4454705e5747cfaad43cc3a665b1a6c84bd87320c98ff30c54823a49233
198,2.1191712929917257,0.012142851508842588,0x86f4307c8c7a5e1000b876ab16cce6ebae8a3309,2017-08-22T13:08:19.000Z,0.00573,0xaf4787692a209afce577504764009e36cd0e6679,sell,0x88fcfbc22c6d3dbaa25af478c578978339bde77a,0xf23506852187a0c623bbef7a4d54329a95ecdc4b9635e1c1539d0c22203b9b97
199,25,0.143250025,0xd5840247f1e80d7d5d262e4687db4fa683b9eed7,2017-08-22T13:07:04.000Z,0.005730001,0xaf4787692a209afce577504764009e36cd0e6679,sell,0x88fcfbc22c6d3dbaa25af478c578978339bde77a,0x00ddaecf16d624c800629702523d06545cdc2a4f4a5017bb2e1387b83d557b3d
200,10,0.0999998,0xc406f52c4a83f29c9f7a884ab10539c4cec6cc23,2017-08-22T09:27:45.000Z,0.00999998,0xba28c1b409664c0893a090d637a027e4162a41bc,buy,0x88fcfbc22c6d3dbaa25af478c578978339bde77a,0xedbcd7ed94c2f930b8eac9eefada7c03c9b286f12e52c5d028727838c8711829
201,1.8550318544537014,0.014469248464738871,0x2a54850a5166d2fcc805b78a1d436b96e4477e09,2017-08-22T06:08:38.000Z,0.0078,0x1fdf047bf7a114b37e7936d01e9cad754ad18803,buy,0x88fcfbc22c6d3dbaa25af478c578978339bde77a,0x2aa470784784eb8f2e3d1ee0d6d01670279fdc90466ad3fc2ef8ea2f728b5629
202,0.6759681455462985,0.005272551535261128,0x2a54850a5166d2fcc805b78a1d436b96e4477e09,2017-08-22T06:05:50.000Z,0.0078,0x1fdf047bf7a114b37e7936d01e9cad754ad18803,buy,0x88fcfbc22c6d3dbaa25af478c578978339bde77a,0x3005aa67bb6f75daaa03bd7d208ad58bd78fcecbecce9d9ed19f81fa80128b63
203,6.276849082843186,0.03596634524469146,0x86f4307c8c7a5e1000b876ab16cce6ebae8a3309,2017-08-21T18:52:43.000Z,0.00573,0xc6fc6835ce16679c89567c0b33604d1e9a71bf99,sell,0x88fcfbc22c6d3dbaa25af478c578978339bde77a,0xd9e17904b3c7a16c43307e205d25514ad4631b52f36554382d57041ccaa9ec6c
204,10.810487488784768,0.06172797004486093,0xd5840247f1e80d7d5d262e4687db4fa683b9eed7,2017-08-21T13:14:05.000Z,0.005710008,0x345d13c71faeb9a59fa692010e40c1d49b34d6e1,sell,0x88fcfbc22c6d3dbaa25af478c578978339bde77a,0xa88fe93abd7e5ec483661bd696a622977f49313b5650a26045a9342e9293e8a8
205,0.28611304954640615,0.001633705512909979,0x7555e149572f92d63d2504e5e7a31d502d7c37fc,2017-08-21T05:28:31.000Z,0.00571,0x8628bf4d0b75cefb9333f1517bd5865cbf93cea5,sell,0x88fcfbc22c6d3dbaa25af478c578978339bde77a,0x1dda9d8e511ac8b968152b6a1809cb8e3c658fc2c30247bfa73d8f55655ceaad
206,6,0.0339,0x43130148060f177c78825cbd5a0d0a18879b18bc,2017-08-20T18:52:36.000Z,0.00565,0x315c3a7d921f2676bed3ef1d4590f7e53992a2b1,sell,0x88fcfbc22c6d3dbaa25af478c578978339bde77a,0x5a10324b797f6da18dc70e1e57f95198c18c8aeff2ecd1468d7fffd93c9c7cb4
207,1.465457083042568,0.008939288206559665,0x1fdf047bf7a114b37e7936d01e9cad754ad18803,2017-08-20T17:57:29.000Z,0.0061,0x32c435ddb531c59bcd7734d164a0ab584d8b283c,sell,0x88fcfbc22c6d3dbaa25af478c578978339bde77a,0xe9ba213bf79663e354e6b511aa2aff4d6294274d8dd4b7ac7b6e9304bc12fd55
208,15,0.1125,0xf732b16f5aee6cd2db5b30a7a3860764a48b19ff,2017-08-20T09:32:22.000Z,0.0075,0x1fdf047bf7a114b37e7936d01e9cad754ad18803,buy,0x88fcfbc22c6d3dbaa25af478c578978339bde77a,0xd34ed03e27cb03febad95af49980a15d20aee0135eb4ea71ff8754fb3e1cb989
209,66.0209629349018,0.34991110355497956,0x2a54850a5166d2fcc805b78a1d436b96e4477e09,2017-08-20T02:11:20.000Z,0.0053,0x95a6ec3a251cc8f78949808eede8035818086a19,sell,0x88fcfbc22c6d3dbaa25af478c578978339bde77a,0xe223f2a8f196ea712ab7ca68220a6c2cc1ec4d5437fdc96d33ec1b459baf7f9a
210,44.95795275879355,0.44508373231205617,0x49432c1131924bee8430311a76b300257e72b6e5,2017-08-19T23:50:28.000Z,0.0099,0xf04bf356bd1fccc9df3244846b6fb8af9829b7af,buy,0x88fcfbc22c6d3dbaa25af478c578978339bde77a,0x9d0ddeb64ecce985590737447beb4803d69809883b497ed5ef8c036f1ea2dbe9
211,3.831,0.045972,0xe2e584319f57671638cb28321b830e4a79d47218,2017-08-19T23:25:09.000Z,0.012,0xc6fc6835ce16679c89567c0b33604d1e9a71bf99,buy,0x88fcfbc22c6d3dbaa25af478c578978339bde77a,0x7c9d4861619feb377e083b3b82cdaf609251f414429cf210f75d639d131b6ccb
212,0.00160663281363173,0.000008354490630885,0x81df114b711dcf8e5c539870100367c5bc98c29d,2017-08-19T15:08:14.000Z,0.005200000000000002,0x3311c8dbdccfbc1fc37d090af3de945ff55b5476,buy,0x88fcfbc22c6d3dbaa25af478c578978339bde77a,0x6b6d2c2bfff194af4a179854366932117a01b3f05b7f88e093a42f7288caebd2
213,16.066328136318546,0.08354490630885644,0x1fdf047bf7a114b37e7936d01e9cad754ad18803,2017-08-19T15:05:08.000Z,0.0052,0x3311c8dbdccfbc1fc37d090af3de945ff55b5476,sell,0x88fcfbc22c6d3dbaa25af478c578978339bde77a,0xfbb0e6345659d555f2460f8f0fb0c2209fe828cfb16e39ec178d19c5f38c89fc
214,0.000009556045300961,0.000000049691435565,0x81df114b711dcf8e5c539870100367c5bc98c29d,2017-08-19T15:01:53.000Z,0.005200000000000293,0x3311c8dbdccfbc1fc37d090af3de945ff55b5476,buy,0x88fcfbc22c6d3dbaa25af478c578978339bde77a,0x40f1b29e5b13cb8eb6e7969c5f41b19f39153fa61ce7cd841ba42d98a143b07f
215,0.09585669041356404,0.000498454790150533,0x81df114b711dcf8e5c539870100367c5bc98c29d,2017-08-19T14:59:39.000Z,0.0052,0x3311c8dbdccfbc1fc37d090af3de945ff55b5476,buy,0x88fcfbc22c6d3dbaa25af478c578978339bde77a,0x0a541c6b2dff7ac15adb29984de4d35902eb31333d86bc5b8e03950bcbdf1cc3
216,0.3,0.0036,0xff64f34e8511693e3dffa0e1fe037a6a65f3937b,2017-08-19T12:58:24.000Z,0.012,0xc6fc6835ce16679c89567c0b33604d1e9a71bf99,buy,0x88fcfbc22c6d3dbaa25af478c578978339bde77a,0xb0d07223f8db53b21d978163de2e03638a690078535153facbd0e55668a42b30
217,0.03175482005782076,0.000159091648489681,0x275208ddc9c470124393acaa3a659146f5640ac8,2017-08-19T08:07:26.000Z,0.005009999999999969,0x26c66f18bde464be7f892aa01e22ed33c6c73b99,sell,0x88fcfbc22c6d3dbaa25af478c578978339bde77a,0x1c19438af87f7d8b27a1554b66283b4532bff34a99ba5300e5ff27cec51ffeea
218,18,0.18,0x49432c1131924bee8430311a76b300257e72b6e5,2017-08-18T23:28:10.000Z,0.01,0x992b4609935fe143891bfc7b69f18d12a87a9872,buy,0x88fcfbc22c6d3dbaa25af478c578978339bde77a,0xadac1e63bc4bcd1308a18bcfe4a859a459f6fddacd61fa663a0944f4301a2e78
219,8.145999996854188,0.0814599185,0x49432c1131924bee8430311a76b300257e72b6e5,2017-08-18T23:28:10.000Z,0.009999989998951398,0xa6e33575fc33b29915bf65d4dce662ad16bf906c,buy,0x88fcfbc22c6d3dbaa25af478c578978339bde77a,0x47a26811d62a9b61ead2b4da76646f03b6b2f4b51d440114230fb3d85e9d36ed
220,2.0688548162971236,0.020688548162971238,0x49432c1131924bee8430311a76b300257e72b6e5,2017-08-18T23:28:10.000Z,0.01,0xf1c8b6fd02c9b12c7130c371d98c095c243dc971,buy,0x88fcfbc22c6d3dbaa25af478c578978339bde77a,0x4c545034b559019fe2df59bfd36a187c54f885c67d831f484d9cdd8f764ce10d
221,9.198854816297123,0.09198854816297124,0x49432c1131924bee8430311a76b300257e72b6e5,2017-08-18T23:28:10.000Z,0.01,0x8242b2173700ce4cada03b13b11ab852db2b1c82,buy,0x88fcfbc22c6d3dbaa25af478c578978339bde77a,0x507c5c3c812f817572169f8b8a8ebfb58567142053cb2892e4197674fa68b995
222,7.020024358488685,0.03517032203602831,0x275208ddc9c470124393acaa3a659146f5640ac8,2017-08-18T23:08:44.000Z,0.00501,0xab4bf37461f081c369175b4bee5ae22ea9f7e980,sell,0x88fcfbc22c6d3dbaa25af478c578978339bde77a,0x1b3140ba6803805d0a8a1440f74282bea2245a9b633052e2fea389430985862c
223,30.00000000314581,0.2999997,0xf5404998437d2323d38acdb59f0ee377e6a3ce55,2017-08-18T22:24:03.000Z,0.009999989998951398,0xa6e33575fc33b29915bf65d4dce662ad16bf906c,buy,0x88fcfbc22c6d3dbaa25af478c578978339bde77a,0x96b0b786176cbbe9811f5fe5c55822374ebec1bef7930b3edbddc30f5feb2fdc
224,0.066,0.000594,0xa6e33575fc33b29915bf65d4dce662ad16bf906c,2017-08-18T19:31:45.000Z,0.009,0x1e91f21b3631a61c1c75e2a20c8f4364bd772de6,buy,0x88fcfbc22c6d3dbaa25af478c578978339bde77a,0x80830b842d3dc42423f0cd30aeb05e3f16b4dad19b7fbb8dafa8e4a250f22785
225,110.9,0.9981,0x669f0ab96fd3beb68bc836bb874894bbb516331a,2017-08-18T17:10:03.000Z,0.009,0x1e91f21b3631a61c1c75e2a20c8f4364bd772de6,buy,0x88fcfbc22c6d3dbaa25af478c578978339bde77a,0xd97a8576b535641d33c7b59c3d14aababcde084f14412fecd2fb2eaa7528a7c0
226,11.53,0.14989,0x49432c1131924bee8430311a76b300257e72b6e5,2017-08-18T16:40:14.000Z,0.013,0xd441d0fb857aa5cf5bc1f556fd922cafeff55ab0,buy,0x88fcfbc22c6d3dbaa25af478c578978339bde77a,0x45ab8d55bd0e59ac1b6cb1d638db0eb5eab249466de2162ac2496739131003fe
227,2.16,0.0278424,0x49432c1131924bee8430311a76b300257e72b6e5,2017-08-18T16:39:48.000Z,0.01289,0xa7802ba51ba87556263d84cfc235759b214ccf35,buy,0x88fcfbc22c6d3dbaa25af478c578978339bde77a,0x8cf9c06c4c445f9bc1f903aff31ec428cfabb163547902ce44f860e7f5ebdf56
228,0.0011451837028763,0.000011451837028763,0x49432c1131924bee8430311a76b300257e72b6e5,2017-08-18T16:34:12.000Z,0.01,0x8242b2173700ce4cada03b13b11ab852db2b1c82,buy,0x88fcfbc22c6d3dbaa25af478c578978339bde77a,0xcb3480a70e0c898d19bc863c6225049dbf9761cc260997bd84ecbf206ec6f85b
229,0.0011451837028763,0.000011451837028763,0x49432c1131924bee8430311a76b300257e72b6e5,2017-08-18T16:33:52.000Z,0.01,0xf1c8b6fd02c9b12c7130c371d98c095c243dc971,buy,0x88fcfbc22c6d3dbaa25af478c578978339bde77a,0xfc0fd3d185e8cbae293577b7b41c475dd4d8f24560a2ee8cf8dd0faacb78bd17
230,21.95394277739009,0.13172365666434055,0x75f157da5b8fe9cc61c40e8f9ba22d99cebc55d2,2017-08-18T15:31:50.000Z,0.006,0x9dc02cc5412e09307f79716c754f45d0a10ea07e,sell,0x88fcfbc22c6d3dbaa25af478c578978339bde77a,0x9105755e3a5e6650b7cca1a91fef62685c66bd3e6fff37186800b88073c3f3bd
231,15.680267640315023,0.09408160584189014,0x75f157da5b8fe9cc61c40e8f9ba22d99cebc55d2,2017-08-18T15:01:04.000Z,0.006,0x7326c026a9525ff33f53230b82253b85f837414c,sell,0x88fcfbc22c6d3dbaa25af478c578978339bde77a,0xbc6a66dc4dd196ed9fc4d0bb535b903eea62858a9b494d066e520f3569d7aea7
232,0.5,0.0017,0x8242b2173700ce4cada03b13b11ab852db2b1c82,2017-08-17T14:38:45.000Z,0.0034,0xe776126db54a0b0334ccd2baafb34a02f5c96c99,sell,0x88fcfbc22c6d3dbaa25af478c578978339bde77a,0x6abc55fbbe28bf604954644d3b4201f2cdd75fee8bf267bf8061a13bc1c0fb06
233,3.5989529496869235,0.01223644002893554,0x8242b2173700ce4cada03b13b11ab852db2b1c82,2017-08-17T12:10:45.000Z,0.0034,0x0d6baf35b4982a7cb84ffe8eb786607d1abef2e1,buy,0x88fcfbc22c6d3dbaa25af478c578978339bde77a,0xaa026368a4ed0dcedd44353cd9426aa9d1c448a998076a06e5f362a8ed56e030
234,0.03004705031307647,0.00010215997106446,0x2448dde4d09f8ad1d017385add46d15a4d5b489c,2017-08-17T12:08:12.000Z,0.0034000000000000002,0x0d6baf35b4982a7cb84ffe8eb786607d1abef2e1,buy,0x88fcfbc22c6d3dbaa25af478c578978339bde77a,0xce74815b0a3477ca739d144c81cb11b286beea0b817b2e05380cb754a68f44d8
235,22.111,0.1591992,0x385681429b036d05ef1fbb92b5290542a0c5ec50,2017-08-17T06:51:30.000Z,0.0072,0xfefece52e157ebd59cfb9005f5c44103bbae219d,buy,0x88fcfbc22c6d3dbaa25af478c578978339bde77a,0x754c11cfc483eb619900c4830116fa227ed9dad8dd87947cac571286f3f02c67
236,5.302215410228293,0.018027532394776193,0x8242b2173700ce4cada03b13b11ab852db2b1c82,2017-08-17T03:10:47.000Z,0.0034,0xa2a8d1ef43a942c98a583c3aef3854b6dcf9fc75,sell,0x88fcfbc22c6d3dbaa25af478c578978339bde77a,0xaf7e0d1dbeebba751b3c2fd643e37cc3fa009042295a055b6f11078764addb43
237,0.000000080216982445,0.00000000027273774,0x8242b2173700ce4cada03b13b11ab852db2b1c82,2017-08-16T21:21:23.000Z,0.0033999999960980833,0x2448dde4d09f8ad1d017385add46d15a4d5b489c,sell,0x88fcfbc22c6d3dbaa25af478c578978339bde77a,0x6311b2f3e18638a04499b27ac989ac497e43fb11fecbeeea1c37a30eaa5fbbe6
238,29.907287409032,0.09869434752267969,0x718c6fa13b3a1414d34693580341c20c56aab98f,2017-08-16T19:19:44.000Z,0.00330001,0xdf41f62241289ffd28af083d7fb671d796e04893,sell,0x88fcfbc22c6d3dbaa25af478c578978339bde77a,0xd7548511a2dbc0ea854ebb8733e29cc11ccd149d4fc660aaa80e941c26ef33d0
239,29.907287409032,0.0986940484498056,0x23da69ef87d9402baca6ea7a21b3152999e92b7d,2017-08-16T14:18:47.000Z,0.0033,0xc94d156c898a7864c172754cb047da31621d67d3,sell,0x88fcfbc22c6d3dbaa25af478c578978339bde77a,0x55fc25c5bc4507561aa138a017799f5a5a93cd73776b793c71cbc79e075be650
240,13.889,0.1000008,0xf81ab81ca1a6a19cc7b69b2c7876ff6543060598,2017-08-16T14:09:13.000Z,0.0072,0xfefece52e157ebd59cfb9005f5c44103bbae219d,buy,0x88fcfbc22c6d3dbaa25af478c578978339bde77a,0x4119262c6d6725acfdaeb29fc57fa01162c1055867c3b9e7e5a4997f1ba8c746
