,amount,amountBase,buyer,date,price,seller,side,tokenAddr,txHash
0,12,0.048,0xd7ef458dc7956473bf880951a229c9fc2245d16d,2017-11-02T11:15:01.000Z,0.004,0x060b27e923ff489dcddbf40d1bcd881f11748412,sell,0x957c30ab0426e0c93cd8241e2c60392d08c6ac8e,0xdadd8ec90dd377f4d99721f44e2cf48738942da06613cead200011e5f5249a40
1,4,0.016,0x13b4ea273ae16f72e9aef4a49bbfc3152fc70229,2017-11-02T11:13:46.000Z,0.004,0x167cce94a2e20c5bcfd6bd04586e8368b0a4ef94,sell,0x957c30ab0426e0c93cd8241e2c60392d08c6ac8e,0xee2c208a503e63c8f7268de3d6a92337ca9b1a4a5806f1f1c29c0165ef1a6dc7
2,2,0.008,0x6f6281dff00d95156c05480bd7f33b016ccafc1a,2017-11-02T11:13:46.000Z,0.004,0x167cce94a2e20c5bcfd6bd04586e8368b0a4ef94,sell,0x957c30ab0426e0c93cd8241e2c60392d08c6ac8e,0x476e14be9645120590d1fd33416b1160e9a242449e854c2a7308b5b368b48fc1
3,2,0.008,0x3facfc009105ecdb210ed3d083f8a587e0566a94,2017-11-02T11:13:46.000Z,0.004,0x167cce94a2e20c5bcfd6bd04586e8368b0a4ef94,sell,0x957c30ab0426e0c93cd8241e2c60392d08c6ac8e,0xe6513ac3a12d081f9e2f93a9148b3ae5bcd93193803b091d581d399f700f28c3
4,50,0.2,0x0bebabf372894666056abe1d1b4e4faf479d239d,2017-11-02T11:13:16.000Z,0.004,0x167cce94a2e20c5bcfd6bd04586e8368b0a4ef94,sell,0x957c30ab0426e0c93cd8241e2c60392d08c6ac8e,0x7abef1688a00f77452444434cccd38f1bf14603b0ca798dd3146ce5cc6dec5f8
5,72,0.288,0x21d3fa10340fd057a6c02bc0b031b38a6496a398,2017-11-02T11:13:16.000Z,0.004,0x167cce94a2e20c5bcfd6bd04586e8368b0a4ef94,sell,0x957c30ab0426e0c93cd8241e2c60392d08c6ac8e,0x1ce80e2db7d16731c28d349590cb4866ad93c4b69e3b2d294327543a6026137e
6,500,2,0x70ee09bb7adb33ad996d75917c1f7dff8bd149ef,2017-11-02T11:13:16.000Z,0.004,0x167cce94a2e20c5bcfd6bd04586e8368b0a4ef94,sell,0x957c30ab0426e0c93cd8241e2c60392d08c6ac8e,0xbd3d941ee4390e7fd818c6ca00b17c4b620cf14c65e7457de5a9a6f9549fb213
7,125,0.5,0x6cf51b7d6b2977714b633e27fcce6c573db1a047,2017-11-02T11:11:37.000Z,0.004,0x167cce94a2e20c5bcfd6bd04586e8368b0a4ef94,sell,0x957c30ab0426e0c93cd8241e2c60392d08c6ac8e,0x82f6972cb4bcb06801c599e989260f25bfa5a5019c716339fcf3c70cad705985
8,75,0.3,0xa979cbb36d7e9c8c52c8e4d9a2bc1e01209851e9,2017-11-02T11:11:37.000Z,0.004,0x167cce94a2e20c5bcfd6bd04586e8368b0a4ef94,sell,0x957c30ab0426e0c93cd8241e2c60392d08c6ac8e,0x65bbda291d72fd6790aa2725e1f201197652e45e2a93a832eef97023e9c89efd
9,73,0.292,0x38e7b3e261f1002d32d6c4e2ed8f84e3b0a7953b,2017-11-02T11:10:34.000Z,0.004,0x167cce94a2e20c5bcfd6bd04586e8368b0a4ef94,sell,0x957c30ab0426e0c93cd8241e2c60392d08c6ac8e,0x4b45d94ca0f5baff120f4c1ff49e606736fcb281bc47b852a664b4e1be51c795
10,130,0.52,0x7d77f07a0ecfde4de6cdf8f9f446cd31591e486f,2017-11-02T11:10:26.000Z,0.004,0x39fdaca82c17d258a6b2057d98c66f83ab7511d6,sell,0x957c30ab0426e0c93cd8241e2c60392d08c6ac8e,0x1ac75d6c00e583cbdb7825d607e87f7eaee1e087d49ae5e5eecdfa8ffd416bc2
11,856,3.424,0x21d3fa10340fd057a6c02bc0b031b38a6496a398,2017-11-02T11:10:26.000Z,0.004,0x39fdaca82c17d258a6b2057d98c66f83ab7511d6,sell,0x957c30ab0426e0c93cd8241e2c60392d08c6ac8e,0x928e08de9097d234d6c7ffe5ddf7ccebd3fdc16d72fe053c4028805a8b236a13
12,9,0.0360018,0x5a86ebf9a0e6f8181ed5143557f7b8ba89957fcc,2017-11-02T11:08:59.000Z,0.0040002,0x167cce94a2e20c5bcfd6bd04586e8368b0a4ef94,sell,0x957c30ab0426e0c93cd8241e2c60392d08c6ac8e,0x59630ea8e61bea893a03e56ac4c065adbd56a4c22660d7c818ee9978d418658a
13,927,3.708,0x38e7b3e261f1002d32d6c4e2ed8f84e3b0a7953b,2017-11-02T11:08:15.000Z,0.004,0x5112e5d2af3e3ea50cba48a900eaf0db7281936d,sell,0x957c30ab0426e0c93cd8241e2c60392d08c6ac8e,0x9d6cc7d06be1099e27fba5a2fdf60328535468a8db3a930a6841b6052467743f
14,500,2.0000005,0x592c6dc01e055c73c938fdd3063356f1044dbb14,2017-11-02T11:06:30.000Z,0.004000001,0x5112e5d2af3e3ea50cba48a900eaf0db7281936d,sell,0x957c30ab0426e0c93cd8241e2c60392d08c6ac8e,0x60dd0cef90feed4327fe679bd9c12c2dd96c70291338bbe8128e3114ea9ca560
15,91,0.3640182,0x5a86ebf9a0e6f8181ed5143557f7b8ba89957fcc,2017-11-02T11:05:15.000Z,0.0040002,0x060b27e923ff489dcddbf40d1bcd881f11748412,sell,0x957c30ab0426e0c93cd8241e2c60392d08c6ac8e,0x8e5fcfdae3f2c8efd172373a91e914fcce62206ce6d05f406fadfa4b8641b12e
16,19,0.07975862570597972,0x14cf8ce32ca47b74033b5f2ef1c0f13d889095b3,2017-11-02T11:05:15.000Z,0.00419782240557788,0x167cce94a2e20c5bcfd6bd04586e8368b0a4ef94,buy,0x957c30ab0426e0c93cd8241e2c60392d08c6ac8e,0x3a6803b102deb0e9fd94eeae5d43e7297648aabe2aef5a249091596dadc66686
17,1163,4.6521163,0x927e9be72a655782a06298ef2cc69688849e5775,2017-11-02T11:05:02.000Z,0.0040001,0x5112e5d2af3e3ea50cba48a900eaf0db7281936d,sell,0x957c30ab0426e0c93cd8241e2c60392d08c6ac8e,0x8841bc04d1768df483062e488bd99c36197a111fe9a1fdc1769714e4822bb88f
18,151,0.6040151,0x927e9be72a655782a06298ef2cc69688849e5775,2017-11-02T11:01:46.000Z,0.0040001,0xcbe30274e85cce61c5ee0eed029aa9eaa62fc75e,sell,0x957c30ab0426e0c93cd8241e2c60392d08c6ac8e,0x3bd5eb21851d568125fedfc5c5edf4421c6f6bce507ee4123804fda113fc8941
19,300,1.20003,0x787e6870754cc306c1758db62dc6cd334ba76345,2017-11-02T11:00:57.000Z,0.0040001,0x167cce94a2e20c5bcfd6bd04586e8368b0a4ef94,buy,0x957c30ab0426e0c93cd8241e2c60392d08c6ac8e,0xe4cc58d7638867e07689bd4ebb6d075b225f84dec7005acbbb2dd773e142d44a
20,2143,8.5722143,0x927e9be72a655782a06298ef2cc69688849e5775,2017-11-02T11:00:57.000Z,0.0040001,0x23f2030563a7bbb9369eea4447eb1475f51b6bdf,sell,0x957c30ab0426e0c93cd8241e2c60392d08c6ac8e,0x31a423b451bc31d5db0c8d196d3824292dd8697933c7b9ebf7b82b013a020389
21,250,1.0025,0x40f55165053c3df6a90d92752c7cbd3c3a0671e2,2017-11-02T10:58:13.000Z,0.00401,0x167cce94a2e20c5bcfd6bd04586e8368b0a4ef94,sell,0x957c30ab0426e0c93cd8241e2c60392d08c6ac8e,0x776a98498a3c16039b04bb87413c741975df9d5948391ac5660f839e492ae1ff
22,296,1.184296,0x2970854dc4a8c4154df0e9372b08ee05b799b842,2017-11-02T10:55:25.000Z,0.004001,0x167cce94a2e20c5bcfd6bd04586e8368b0a4ef94,sell,0x957c30ab0426e0c93cd8241e2c60392d08c6ac8e,0x052f4d7aaed293c87dc745e07d7db44c920eb25047dcbe2f1a84daf29afcbd29
23,50,0.201,0xcc16e731603785a71da1ecdd99acb29ae1cf85d3,2017-11-02T10:54:56.000Z,0.00402,0x167cce94a2e20c5bcfd6bd04586e8368b0a4ef94,sell,0x957c30ab0426e0c93cd8241e2c60392d08c6ac8e,0x18a6894d6ae15b37cb925d6dba6a7dd85e7479fa6b057c533183a5d50ab50480
24,23,0.092483,0x8eb7c246113d1a33f63e73e7486cdd14923aaf7a,2017-11-02T10:54:54.000Z,0.004021,0x167cce94a2e20c5bcfd6bd04586e8368b0a4ef94,sell,0x957c30ab0426e0c93cd8241e2c60392d08c6ac8e,0x03dddd6dae4cb3ce23dbec8318dc484089307d74621055ccca43767b327fea03
25,99,0.398178,0x41282c91cd5c5565151dcd2634181fde7a6b11ee,2017-11-02T10:54:54.000Z,0.004022,0x167cce94a2e20c5bcfd6bd04586e8368b0a4ef94,sell,0x957c30ab0426e0c93cd8241e2c60392d08c6ac8e,0x15c132636d0c6d4e7014767027a2c38b7761f48cc773fa83ca18f4673dc9ac56
26,100,0.4022,0x5a86ebf9a0e6f8181ed5143557f7b8ba89957fcc,2017-11-02T10:54:37.000Z,0.004022,0x167cce94a2e20c5bcfd6bd04586e8368b0a4ef94,sell,0x957c30ab0426e0c93cd8241e2c60392d08c6ac8e,0x65217b7276ec6a27cd1307450ae08d83dd4d34b4e794b87ad15c74ba1426f44a
27,150,0.60330015,0x5e70df6141285385d68fef85f3597bf863936867,2017-11-02T10:54:19.000Z,0.004022001,0x167cce94a2e20c5bcfd6bd04586e8368b0a4ef94,sell,0x957c30ab0426e0c93cd8241e2c60392d08c6ac8e,0x9578bf2332bc024d6cbe0b48134cae562119eb727f0a40784dfec9c668ba5064
28,773,3.119055,0xea8fa9455855cf1f8e48f28ab7766c7e7e8c79c9,2017-11-02T10:53:49.000Z,0.004035,0x167cce94a2e20c5bcfd6bd04586e8368b0a4ef94,sell,0x957c30ab0426e0c93cd8241e2c60392d08c6ac8e,0x5e9d1e97c933640615d20a2a4a390e41a6a9759ba9013a8d6f7b2a0e817bf6ca
29,726,3.121808712,0x6864a9a83ea222cf1a30156380b4740ffd466e6a,2017-11-02T10:48:22.000Z,0.004300012,0xea8fa9455855cf1f8e48f28ab7766c7e7e8c79c9,sell,0x957c30ab0426e0c93cd8241e2c60392d08c6ac8e,0x8773daa659f74f0804cb883b359619a10bd828c01cb4ad9170c673049a0dbd98
30,10,0.0439061,0xf00118adac77d70abb28b6b27cb8f18a6d62750c,2017-11-02T10:41:02.000Z,0.00439061,0x65f403f5ce12908bfa7d8089f54f097e8b686fae,buy,0x957c30ab0426e0c93cd8241e2c60392d08c6ac8e,0xcfb5496dd8afceb670c4f0712e831ac6e960a7915f272054fda8aad6e3eac08a
31,100,0.43,0x6864a9a83ea222cf1a30156380b4740ffd466e6a,2017-11-02T10:37:11.000Z,0.0043,0xe37c0bb6bf7edc4cb67d87c7876362b8070e9754,buy,0x957c30ab0426e0c93cd8241e2c60392d08c6ac8e,0x8741b1713f1f5d52dabfa0ea85c205ef57af6704c0d2336b008d2084b2bb7386
32,143,0.6149,0x6864a9a83ea222cf1a30156380b4740ffd466e6a,2017-11-02T10:36:51.000Z,0.0043,0x5e70df6141285385d68fef85f3597bf863936867,buy,0x957c30ab0426e0c93cd8241e2c60392d08c6ac8e,0x966785470b8f84e06de1c015c2c876f3ec8f3e827b60e54b30547bb89b2f5e86
33,51,0.223125,0x6864a9a83ea222cf1a30156380b4740ffd466e6a,2017-11-02T10:32:50.000Z,0.004375,0xe37c0bb6bf7edc4cb67d87c7876362b8070e9754,buy,0x957c30ab0426e0c93cd8241e2c60392d08c6ac8e,0x76255bc6010471bbb4d68972795cd9a6b8526e6ae0cb573a47ddcc05ecd64e0a
34,685,2.998245,0x6864a9a83ea222cf1a30156380b4740ffd466e6a,2017-11-02T10:30:46.000Z,0.004377,0x927e9be72a655782a06298ef2cc69688849e5775,buy,0x957c30ab0426e0c93cd8241e2c60392d08c6ac8e,0xdd620b6fdbb529ca90f2347fec6661afc14b45fd622215845194875c6e2df009
35,25,0.1075,0x6864a9a83ea222cf1a30156380b4740ffd466e6a,2017-11-02T10:24:50.000Z,0.0043,0xe37c0bb6bf7edc4cb67d87c7876362b8070e9754,buy,0x957c30ab0426e0c93cd8241e2c60392d08c6ac8e,0x589c30decf73374b0bcf6a441ca5254bf8e994c90b3f13306547441fb41a4728
36,24,0.10227391190808494,0x6864a9a83ea222cf1a30156380b4740ffd466e6a,2017-11-02T10:23:32.000Z,0.004261412996170205,0xe37c0bb6bf7edc4cb67d87c7876362b8070e9754,buy,0x957c30ab0426e0c93cd8241e2c60392d08c6ac8e,0x661e9b99531aaea38c57c032387d3c161d1cbd1cb7d75dc2a705de9d744473b2
37,283,1.1603,0xe5627b010caf3e08db4e91b6bce5ca472e579a7d,2017-11-02T10:08:57.000Z,0.0041,0x927e9be72a655782a06298ef2cc69688849e5775,sell,0x957c30ab0426e0c93cd8241e2c60392d08c6ac8e,0xb8fac8cd19f8f4e474f1e3dc0741f46ad659a0884ce2c0554d9cb77e0f7968c0
38,25,0.1,0x1749bb6e4080ebd7317ce5d8f9fb63fbfe58d27c,2017-11-02T10:08:48.000Z,0.004,0xe37c0bb6bf7edc4cb67d87c7876362b8070e9754,buy,0x957c30ab0426e0c93cd8241e2c60392d08c6ac8e,0xed4be8ccf86e7918f37889c990d95f15a5b3b70324648b1a085c868b1c03d58b
39,1,0.004021,0x8eb7c246113d1a33f63e73e7486cdd14923aaf7a,2017-11-02T10:06:34.000Z,0.004021,0x0091e567f4071aecf165744980696e9bf57d88ea,sell,0x957c30ab0426e0c93cd8241e2c60392d08c6ac8e,0x5131bc121ae3e731a6d3ce272f70d3d2be9bcd0f4124bbc283b03e45ef5611b0
40,1,0.004001,0x2970854dc4a8c4154df0e9372b08ee05b799b842,2017-11-02T10:06:08.000Z,0.004001,0x0091e567f4071aecf165744980696e9bf57d88ea,sell,0x957c30ab0426e0c93cd8241e2c60392d08c6ac8e,0xb30dae3cf89e864d2b966ae85245c7eb7e74dd88067ac89f65772aadc2a9de8f
41,967,3.86800967,0x927e9be72a655782a06298ef2cc69688849e5775,2017-11-02T10:05:35.000Z,0.00400001,0x0091e567f4071aecf165744980696e9bf57d88ea,sell,0x957c30ab0426e0c93cd8241e2c60392d08c6ac8e,0x3b4eb70838514b63023502187736adc359f9d37ba26103fcd08772484405d45f
42,1000,4.001,0xca3af5de172f17e4b1f6ab73cfec7772c965340c,2017-11-02T10:04:56.000Z,0.004001,0x0091e567f4071aecf165744980696e9bf57d88ea,sell,0x957c30ab0426e0c93cd8241e2c60392d08c6ac8e,0xf13d5c0223f3cb4acdef0ad10b0b6f980331191bbf4a98e4fcd19b83a027f502
43,698,2.79898,0xade8d904de753d00a0b2f7105b063f8973e723ba,2017-11-02T10:04:56.000Z,0.00401,0x0091e567f4071aecf165744980696e9bf57d88ea,sell,0x957c30ab0426e0c93cd8241e2c60392d08c6ac8e,0xd57ac861486242b42df1037554556813d0f2e0d415b6ad41a83ac9b5a2db8e85
44,425,1.70074375,0xa59fb839e80142c9d0515155702d35f9dce4439e,2017-11-02T10:04:56.000Z,0.00400175,0x0091e567f4071aecf165744980696e9bf57d88ea,sell,0x957c30ab0426e0c93cd8241e2c60392d08c6ac8e,0x566d546760c2c71a9e9b79a23b3c717ea9ffebd15ba348e81b9868accb4f44c9
45,36,0.145080036,0x0c5719fba3a34b524ae668cb51c5e2ce0e1ead14,2017-11-02T10:04:42.000Z,0.004030001,0x0091e567f4071aecf165744980696e9bf57d88ea,sell,0x957c30ab0426e0c93cd8241e2c60392d08c6ac8e,0x970e004d4c0e8bfcd315fde0da8dd634c324c12cc0a88229ae43a32cdab5fcad
46,1,0.00407,0x941cba1fb6d616c8c4d4e844c8d5d5cec75de2ef,2017-11-02T10:04:30.000Z,0.00407,0x0091e567f4071aecf165744980696e9bf57d88ea,sell,0x957c30ab0426e0c93cd8241e2c60392d08c6ac8e,0xb6799e9c175ce0e37cc724904cd9850df3036a2430d9fa8cf182bb170f5d916f
47,480,1.9680048,0x467a6447c88abc69dd702d112b200e131cf8c9f0,2017-11-02T10:04:05.000Z,0.00410001,0x0091e567f4071aecf165744980696e9bf57d88ea,sell,0x957c30ab0426e0c93cd8241e2c60392d08c6ac8e,0xe810c571fa7c1bf7a81a3ada033a130fc58c30bf4d1a92e8286b87b3b31459bb
48,1400,5.81,0xa021d614767da70616989e1b683ad20871476cfb,2017-11-02T10:04:05.000Z,0.00415,0x0091e567f4071aecf165744980696e9bf57d88ea,sell,0x957c30ab0426e0c93cd8241e2c60392d08c6ac8e,0xc035cecee24c415ac8da3ef746f1c94fca038228caea5ca07a984251b9742566
49,570,2.54505,0x55dd83b68148adb3cf62caef553f81d7a244278c,2017-11-02T10:02:33.000Z,0.004465,0x89808c49f858b86e80b892506cf11606fb25fcdc,buy,0x957c30ab0426e0c93cd8241e2c60392d08c6ac8e,0x880585c50c69e0ee52861bda3747cc5a861ba82991f82f7bc0cb00ac3393100f
50,76,0.305596,0x8eb7c246113d1a33f63e73e7486cdd14923aaf7a,2017-11-02T09:59:48.000Z,0.004021,0x9e35a653880bdeade0ea85408e635d4069412670,sell,0x957c30ab0426e0c93cd8241e2c60392d08c6ac8e,0x057b612fac79398f0e149f48673e9c5e9147b5a871d838890c4a5ca3b50d01e7
51,73,0.30222,0x8655f549b23331b269dfd6cb8d021e7640a6f1e7,2017-11-02T09:58:32.000Z,0.00414,0x9e35a653880bdeade0ea85408e635d4069412670,sell,0x957c30ab0426e0c93cd8241e2c60392d08c6ac8e,0x04a6fb471114ba1e9cf914b0ae8875b55029209d3eb7381f0e451ae0449bec73
52,100,0.414,0x5a86ebf9a0e6f8181ed5143557f7b8ba89957fcc,2017-11-02T09:58:06.000Z,0.00414,0x9e35a653880bdeade0ea85408e635d4069412670,sell,0x957c30ab0426e0c93cd8241e2c60392d08c6ac8e,0x1230b1fe55f165f78fe1b1b1fef69b24b90cf5a53b60d493b9cc1ce8e6daf496
53,180,0.7506,0xb79ae9c590c31c10730895fd6efd17a31413073a,2017-11-02T09:57:26.000Z,0.00417,0x9e35a653880bdeade0ea85408e635d4069412670,sell,0x957c30ab0426e0c93cd8241e2c60392d08c6ac8e,0x6bab0a078c2a1e6439761f828b143e1829f4b0ee2bf7bf9bff940cec0b7cad42
54,61,0.25235151,0x65f403f5ce12908bfa7d8089f54f097e8b686fae,2017-11-02T09:45:55.000Z,0.00413691,0x54b59cbea68b581f1fa6ae1c3d5ea0643e8e2378,sell,0x957c30ab0426e0c93cd8241e2c60392d08c6ac8e,0x4cad5c084ac101be7a4b470fda81831a3e21e1107ea9d292f5ef7b6479566e2f
55,3,0.01230003,0x441b12f8893595634a0ed8f9eb5840a67130ba3f,2017-11-02T09:40:07.000Z,0.00410001,0x09cc38efcc7f2354cd9127eef16bd1205b5d9da5,sell,0x957c30ab0426e0c93cd8241e2c60392d08c6ac8e,0x749f69cd49db31f5c8461caabad3338d0caeb4a51d5fa60ed2711b3b4191bf32
56,3,0.01230003,0x441b12f8893595634a0ed8f9eb5840a67130ba3f,2017-11-02T09:38:53.000Z,0.00410001,0x09cc38efcc7f2354cd9127eef16bd1205b5d9da5,sell,0x957c30ab0426e0c93cd8241e2c60392d08c6ac8e,0x550c5fe5b586b21aba984808019544362f632aff32170f979586fb9509c69943
57,25,0.105,0xc462e7b30c38fa5db9c950193014ccfdf74be410,2017-11-02T09:37:30.000Z,0.0042,0xe37c0bb6bf7edc4cb67d87c7876362b8070e9754,sell,0x957c30ab0426e0c93cd8241e2c60392d08c6ac8e,0x55ff6660c8e82404dd0628b930b10c9a2a36884f2bbcca8a3df50fa242641c84
58,16,0.06784,0xbdb58bd5d8de61f4bc88b4e64cf17b52d4ec4655,2017-11-02T09:36:11.000Z,0.00424,0x0091e567f4071aecf165744980696e9bf57d88ea,sell,0x957c30ab0426e0c93cd8241e2c60392d08c6ac8e,0x414dea223bc69524f2cf07e4316f92766dc5b5f503dcc24ce1648045d43b9592
59,16,0.06784,0xbdb58bd5d8de61f4bc88b4e64cf17b52d4ec4655,2017-11-02T09:35:43.000Z,0.00424,0x0091e567f4071aecf165744980696e9bf57d88ea,sell,0x957c30ab0426e0c93cd8241e2c60392d08c6ac8e,0x414dea223bc69524f2cf07e4316f92766dc5b5f503dcc24ce1648045d43b9592
60,271,1.086921597606994,0x03e6f5d06630a81c8dd1e1ddd9e55f6a66664cfa,2017-11-02T09:34:08.000Z,0.004010780802977837,0x2c7f749e1b4283e467347f85ccf329f0179e6ba8,buy,0x957c30ab0426e0c93cd8241e2c60392d08c6ac8e,0x65bcbb0c9ada4b89fb7dd1471df23453adaeda64081492b81a26cbce2f53b578
61,300,1.2,0x0003531a3648dc67b63623f58266e0974ab3e92b,2017-11-02T09:34:08.000Z,0.004,0x2c7f749e1b4283e467347f85ccf329f0179e6ba8,buy,0x957c30ab0426e0c93cd8241e2c60392d08c6ac8e,0xf21d2b1b4be63c38617d6ba5d1491dce46ef36e3df062b1cff57d6f71476c9a4
62,40,0.16,0x7c8ee14947cb3c11c257136b640a4e23e773308f,2017-11-02T09:34:08.000Z,0.004,0x2c7f749e1b4283e467347f85ccf329f0179e6ba8,buy,0x957c30ab0426e0c93cd8241e2c60392d08c6ac8e,0xc3bab7fa417724ef84c9478f7d9c2e81e3129087a52576c1c1378b565076425f
63,130,0.52,0x20ef9d4636f74685b4117de9b41282cec1fab97e,2017-11-02T09:34:08.000Z,0.004,0x2c7f749e1b4283e467347f85ccf329f0179e6ba8,buy,0x957c30ab0426e0c93cd8241e2c60392d08c6ac8e,0x0e30164b0dbc5720c0989043f64179589433e81324e3090934e3088e88b9cb61
64,150,0.624,0xa2f2d4e46b33489ed6bc645f27a2ab2b01b11d81,2017-11-02T09:32:46.000Z,0.00416,0xc9d56287b414e1aa0963016aa721b527f095fd9c,sell,0x957c30ab0426e0c93cd8241e2c60392d08c6ac8e,0xfe78a306d298b7ecf6eb4d55ce47d5822a8b73f36da51e68482c26ba00599f32
65,150,0.6,0xc9d56287b414e1aa0963016aa721b527f095fd9c,2017-11-02T09:32:46.000Z,0.004,0x2c7f749e1b4283e467347f85ccf329f0179e6ba8,buy,0x957c30ab0426e0c93cd8241e2c60392d08c6ac8e,0xfe78a306d298b7ecf6eb4d55ce47d5822a8b73f36da51e68482c26ba00599f32
66,178,0.712,0xc9d56287b414e1aa0963016aa721b527f095fd9c,2017-11-02T09:32:46.000Z,0.004,0x2c7f749e1b4283e467347f85ccf329f0179e6ba8,buy,0x957c30ab0426e0c93cd8241e2c60392d08c6ac8e,0x65d3c7763cb37e0fbea70913af7787bcd9f91ac5910be0017b730322e8a84ac6
67,178,0.7298,0x80c40f03fac29a9d2b997dfe0b6f8169e0b8b7c8,2017-11-02T09:32:46.000Z,0.0041,0xc9d56287b414e1aa0963016aa721b527f095fd9c,sell,0x957c30ab0426e0c93cd8241e2c60392d08c6ac8e,0x65d3c7763cb37e0fbea70913af7787bcd9f91ac5910be0017b730322e8a84ac6
68,123,0.492,0xf44072eda87ede9613b6ae1b812de8a60ade27a2,2017-11-02T09:32:06.000Z,0.004,0x2c7f749e1b4283e467347f85ccf329f0179e6ba8,buy,0x957c30ab0426e0c93cd8241e2c60392d08c6ac8e,0xc83bf85982c63ce6022029d29c84f47024deb651774176f80f0ad3b3b100cdf8
69,115,0.48767475,0x5a86ebf9a0e6f8181ed5143557f7b8ba89957fcc,2017-11-02T09:32:06.000Z,0.00424065,0x65f403f5ce12908bfa7d8089f54f097e8b686fae,buy,0x957c30ab0426e0c93cd8241e2c60392d08c6ac8e,0xd170e4787911f4c4afd2ce36dc7dcd37131941fdfe5b0aee317cce147f64f6a7
70,122,0.49654,0x941cba1fb6d616c8c4d4e844c8d5d5cec75de2ef,2017-11-02T09:32:06.000Z,0.00407,0xf44072eda87ede9613b6ae1b812de8a60ade27a2,sell,0x957c30ab0426e0c93cd8241e2c60392d08c6ac8e,0xc83bf85982c63ce6022029d29c84f47024deb651774176f80f0ad3b3b100cdf8
71,50,0.208,0xa2f2d4e46b33489ed6bc645f27a2ab2b01b11d81,2017-11-02T09:32:06.000Z,0.00416,0xe37c0bb6bf7edc4cb67d87c7876362b8070e9754,sell,0x957c30ab0426e0c93cd8241e2c60392d08c6ac8e,0x625e3ce3568e5fc2bcb828422f0cab7a54fc336c5ba600a165209dbbce83dbe2
72,1000,4.1,0x38e7b3e261f1002d32d6c4e2ed8f84e3b0a7953b,2017-11-02T09:32:06.000Z,0.0041,0x422d7c1f2f04e7582163d1381a436516f4de3c2a,sell,0x957c30ab0426e0c93cd8241e2c60392d08c6ac8e,0x9d10e5db00197e9702db7d5be9aa9548b68cf25f9bb493a5ec0648f69dd1059f
73,1003,4.015999999999999,0x422d7c1f2f04e7582163d1381a436516f4de3c2a,2017-11-02T09:32:06.000Z,0.004003988035892322,0x2c7f749e1b4283e467347f85ccf329f0179e6ba8,buy,0x957c30ab0426e0c93cd8241e2c60392d08c6ac8e,0x9d10e5db00197e9702db7d5be9aa9548b68cf25f9bb493a5ec0648f69dd1059f
74,50,0.212,0xbdb58bd5d8de61f4bc88b4e64cf17b52d4ec4655,2017-11-02T09:31:37.000Z,0.00424,0xe37c0bb6bf7edc4cb67d87c7876362b8070e9754,sell,0x957c30ab0426e0c93cd8241e2c60392d08c6ac8e,0x042717766cdd588559946711343379895403f22e33b4e053d7c96bf13abeedfa
75,700,2.975,0x20ef9d4636f74685b4117de9b41282cec1fab97e,2017-11-02T09:30:47.000Z,0.00425,0x2c7f749e1b4283e467347f85ccf329f0179e6ba8,buy,0x957c30ab0426e0c93cd8241e2c60392d08c6ac8e,0x2ffdd57ddf2fb2f354b3e2ea7cff28ffc440fd86ebcecfeb2ede4eecbba059e9
76,4,0.0172,0xc5232a75366a9b40a616aa606636548db716f038,2017-11-02T09:23:33.000Z,0.0043,0xe18f2242d6915cd288639a096235a37c14e60417,sell,0x957c30ab0426e0c93cd8241e2c60392d08c6ac8e,0x0d252fdb494e8a3951fbabdb93e68f4efbf5d44c7c78ee840f68bd9fe5747477
77,1170,4.87305,0x441b12f8893595634a0ed8f9eb5840a67130ba3f,2017-11-02T09:20:35.000Z,0.004165,0x35e529e6b7b33aeb5862c18018567f96b6d08cb2,sell,0x957c30ab0426e0c93cd8241e2c60392d08c6ac8e,0x57e37f409b5ff0a5d50ce9b5181c247a094925c0cdec3a5a49b2a3f313ea817c
78,1,0.00424,0xbdb58bd5d8de61f4bc88b4e64cf17b52d4ec4655,2017-11-02T08:53:22.000Z,0.00424,0x00df4ad5e0760103d78429f5e7c7c5f87b181e3c,sell,0x957c30ab0426e0c93cd8241e2c60392d08c6ac8e,0x39432fe5b47b4c2e32bacaa49d28ca7b537e79693f313b3691a1e0af23af1d18
79,11,0.0473,0xc5232a75366a9b40a616aa606636548db716f038,2017-11-02T08:50:02.000Z,0.0043,0x7c34eb31b9549db64832386fff3c54f7aaf7249d,sell,0x957c30ab0426e0c93cd8241e2c60392d08c6ac8e,0x8af31386f8f583536200db1a0317f81e3d0a1bb1b8f0eff4ad6cfb7803662bee
80,76,0.3192,0x313c3216fc81580ae902c84c6f08755ab25c8e7d,2017-11-02T08:49:45.000Z,0.0042,0x704e0de2534102e3102f358e6c78568d13053aaa,sell,0x957c30ab0426e0c93cd8241e2c60392d08c6ac8e,0x5c7419afc0b293b766acaec3aea95af9c096cc70362893f99d57c783b8348d13
81,86,0.369800172,0x4ce5369b0d9ab5516c02fa55a08ded41fc8516e1,2017-11-02T08:49:09.000Z,0.004300002,0x704e0de2534102e3102f358e6c78568d13053aaa,sell,0x957c30ab0426e0c93cd8241e2c60392d08c6ac8e,0xbe92baf5cb162ab70a15c2a8938eda09ef1f2ed13c3fbb9b399e8a2b4acaac39
82,4392,18.8856,0x7e7f1e156fe38f1377a50e8a58bce01f7f32f335,2017-11-02T08:47:37.000Z,0.0043,0x704e0de2534102e3102f358e6c78568d13053aaa,sell,0x957c30ab0426e0c93cd8241e2c60392d08c6ac8e,0x3b61717b2766255011bf07a77ebc160beae671f4ace96399f027b563702a3bf7
83,50,0.21555,0xfa73ca466818be4c7fb3685a7fc2070a7966111c,2017-11-02T08:46:45.000Z,0.004311,0x704e0de2534102e3102f358e6c78568d13053aaa,sell,0x957c30ab0426e0c93cd8241e2c60392d08c6ac8e,0x7f16c4c9399f011b4c1bc8dbfaec68079c12a37e5456f9c1a492b6cba17e5593
84,50,0.215600005,0x1749bb6e4080ebd7317ce5d8f9fb63fbfe58d27c,2017-11-02T08:46:25.000Z,0.0043120001,0x704e0de2534102e3102f358e6c78568d13053aaa,sell,0x957c30ab0426e0c93cd8241e2c60392d08c6ac8e,0x217646a84734f76f0241d866936e3f611eede453b0bcb2d647866d3261caf5ca
85,270,1.16451,0xa28b44c3e2c56f5756d2c8cf2aa7b7db6e4ad024,2017-11-02T08:46:02.000Z,0.004313,0x704e0de2534102e3102f358e6c78568d13053aaa,sell,0x957c30ab0426e0c93cd8241e2c60392d08c6ac8e,0xfd04b144871e2c77b994de434ff9c5e6144581054298eea4789e5c18d513d788
86,20,0.086,0x03e6f5d06630a81c8dd1e1ddd9e55f6a66664cfa,2017-11-02T08:37:18.000Z,0.0043,0xca5ae9ad957baacfd58f12ef23406165597d8c20,buy,0x957c30ab0426e0c93cd8241e2c60392d08c6ac8e,0x362c6cf2e654b8c0f39a4ac2b5802a34df8fdd8ebd50c79ddd884b6be500b127
87,249,1.1660064827478502,0x5a118853d25a3a8e42f888ae1eea89567403fe7b,2017-11-02T08:35:53.000Z,0.004682756958826708,0xa28b44c3e2c56f5756d2c8cf2aa7b7db6e4ad024,buy,0x957c30ab0426e0c93cd8241e2c60392d08c6ac8e,0x7d8e757bfa072ca38bad7ded912dc0ab5eee5e5071f96f11ef444899b4e5a013
88,651,3.01413,0x5a118853d25a3a8e42f888ae1eea89567403fe7b,2017-11-02T08:34:48.000Z,0.00463,0x74ab7c018c320e3446c1237a476a96edf4e35a8d,buy,0x957c30ab0426e0c93cd8241e2c60392d08c6ac8e,0xd5e4cf5582d0c60b4f94c98d98e09d9813ea57a1e464bb285de086936044174b
89,608,2.6144,0x7e7f1e156fe38f1377a50e8a58bce01f7f32f335,2017-11-02T08:32:59.000Z,0.0043,0xb85cdf11e41e3ae58f5060aa1b2636638d5325ac,sell,0x957c30ab0426e0c93cd8241e2c60392d08c6ac8e,0xd18093ab3f85691382ee662f77cdce51a02f186a806435a740c798ecd22c714f
90,91,0.3924011,0x7353755ae98bc7057c27c64895a92df1a853d466,2017-11-02T08:31:18.000Z,0.0043121,0xb85cdf11e41e3ae58f5060aa1b2636638d5325ac,sell,0x957c30ab0426e0c93cd8241e2c60392d08c6ac8e,0xa68e5798553aa980996918b14aa2825ed50a119e132615a774a52e29b417ba9f
91,4800,20.6400048,0x776e52f9d244427639b5fa301d1759d8032af94c,2017-11-02T08:29:15.000Z,0.004300001,0x0091e567f4071aecf165744980696e9bf57d88ea,sell,0x957c30ab0426e0c93cd8241e2c60392d08c6ac8e,0x728d5329308516b3f335704e9260346b1a5f280f0908bfa0198742cc22c8f2e5
92,115,0.49880215,0x65f403f5ce12908bfa7d8089f54f097e8b686fae,2017-11-02T08:27:45.000Z,0.00433741,0x0091e567f4071aecf165744980696e9bf57d88ea,sell,0x957c30ab0426e0c93cd8241e2c60392d08c6ac8e,0x9dc616ec0d1f74ebc791ea511f98bd1509d93f0f92b5daa2f96432798aa2e845
93,92,0.39928,0x7d4638b1d01b1c89a6bbaa55f85d26185abe7020,2017-11-02T08:27:34.000Z,0.00434,0x0091e567f4071aecf165744980696e9bf57d88ea,sell,0x957c30ab0426e0c93cd8241e2c60392d08c6ac8e,0x18f392e4479b99705c57745c2d592cb701c390779fa486181a31c3e79e4765b6
94,940,4.07960188,0xb4a63631663065653d3ff3025421065cb28fbb45,2017-11-02T08:26:56.000Z,0.004340002,0x0091e567f4071aecf165744980696e9bf57d88ea,sell,0x957c30ab0426e0c93cd8241e2c60392d08c6ac8e,0xe4b1973da89e5402ead03d832df71edc9752ba2e73538fb3beb159c6072624c5
95,100,0.467,0x6864a9a83ea222cf1a30156380b4740ffd466e6a,2017-11-02T08:26:16.000Z,0.00467,0x1c9e97a757f4176bc4269b51f6ed630617e522b7,buy,0x957c30ab0426e0c93cd8241e2c60392d08c6ac8e,0xcc28b193998269a9c02daa5f2176734fce8cbfe81f82324ba4ffc3c19c7f92a9
96,50,0.2325,0x6864a9a83ea222cf1a30156380b4740ffd466e6a,2017-11-02T08:26:16.000Z,0.00465,0xe37c0bb6bf7edc4cb67d87c7876362b8070e9754,buy,0x957c30ab0426e0c93cd8241e2c60392d08c6ac8e,0x2e061fea5fcd2de38a11908686e12fc0acf97dc76966d9c5e02c5a8cf3fff84e
97,2,0.008904,0x6864a9a83ea222cf1a30156380b4740ffd466e6a,2017-11-02T08:26:16.000Z,0.004452,0xc5ade67e26741e927bada0d3201286054c0a3cd0,buy,0x957c30ab0426e0c93cd8241e2c60392d08c6ac8e,0x4736697b59447448513e9d85af293aad35bd85bb4ecf47d1c26040a5eb2c1155
98,49,0.22785,0xd54bf09532648e998f4f56e3d5b354395a8f9e29,2017-11-02T08:10:55.000Z,0.00465,0xe37c0bb6bf7edc4cb67d87c7876362b8070e9754,buy,0x957c30ab0426e0c93cd8241e2c60392d08c6ac8e,0x8ed001d3bc07348e59ac05c53f563848e4d47233a4a06d73ee42fdc56d253a3e
99,755,3.254805,0xfa73ca466818be4c7fb3685a7fc2070a7966111c,2017-11-02T08:10:25.000Z,0.004311,0x8ad01b5d4f83a28c81279fbed037c25beda0215b,sell,0x957c30ab0426e0c93cd8241e2c60392d08c6ac8e,0xfa7e6f33c1e9b74965ea809d077e426e43549d5b868cc967939cc245926c13d0
100,37,0.17545608613298774,0xe797c269c6398758ff733b9b89e8f743bbbfecc9,2017-11-02T08:03:32.000Z,0.004742056381972642,0x60edc5f9156a930f4af3fe990431b66cb383d9e3,buy,0x957c30ab0426e0c93cd8241e2c60392d08c6ac8e,0xfa4c4ebddce1f1e85c57e543232bbea61241dd94d86ca88c61414576e0078342
101,12,0.05616,0xe18f2242d6915cd288639a096235a37c14e60417,2017-11-02T08:02:18.000Z,0.00468,0xe1ee8c57efdd52e88119e5652731ff27b788abae,buy,0x957c30ab0426e0c93cd8241e2c60392d08c6ac8e,0x68c0cac847fdefdb328175357a0239101181490f1951f2637a9593761d5ff269
102,42,0.19814910322292031,0xe18f2242d6915cd288639a096235a37c14e60417,2017-11-02T08:02:07.000Z,0.004717835791021912,0xe37c0bb6bf7edc4cb67d87c7876362b8070e9754,buy,0x957c30ab0426e0c93cd8241e2c60392d08c6ac8e,0x7f62ee6a29024e7aef0b5a7028f1a445db0c6cd440295d2f00bbee678408ba9f
103,2,0.01563696052498549,0xd54bf09532648e998f4f56e3d5b354395a8f9e29,2017-11-02T07:59:57.000Z,0.007818480262492745,0xe37c0bb6bf7edc4cb67d87c7876362b8070e9754,buy,0x957c30ab0426e0c93cd8241e2c60392d08c6ac8e,0xe89635e8cb3612e2cd04f6bf05f0148c0991c13ead8aacd9306d5b7fecbc9101
104,139,0.65235555,0xe18f2242d6915cd288639a096235a37c14e60417,2017-11-02T07:59:57.000Z,0.004693205395683454,0x492842125e4c3a7d10cda0e0291ea22788e4ad60,buy,0x957c30ab0426e0c93cd8241e2c60392d08c6ac8e,0x7f33c575e655e3239babd507fa736edd17f451ddb84549f8c2855b7a7c204aa4
105,2,0.01563696052498549,0xd54bf09532648e998f4f56e3d5b354395a8f9e29,2017-11-02T07:58:52.000Z,0.007818480262492745,0xe37c0bb6bf7edc4cb67d87c7876362b8070e9754,buy,0x957c30ab0426e0c93cd8241e2c60392d08c6ac8e,0xe89635e8cb3612e2cd04f6bf05f0148c0991c13ead8aacd9306d5b7fecbc9101
106,7,0.03560089677707969,0x322fc6b261b15fc09503d9fa9d2febe3f11bd60a,2017-11-02T07:43:15.000Z,0.00508584239672567,0xe37c0bb6bf7edc4cb67d87c7876362b8070e9754,buy,0x957c30ab0426e0c93cd8241e2c60392d08c6ac8e,0xf43c08ff09ed529209336ebdb4baf0de8b94d757b57433dfb6f8594c8941f275
107,235,1.06925,0x322fc6b261b15fc09503d9fa9d2febe3f11bd60a,2017-11-02T07:40:11.000Z,0.00455,0x14a3341ab130523492e9a483a2d7e4c73993a689,buy,0x957c30ab0426e0c93cd8241e2c60392d08c6ac8e,0xad620d44440c429f642c36e65285a839e26c920d0831d2808054d3ab32f08d47
108,20,0.08622,0xfa73ca466818be4c7fb3685a7fc2070a7966111c,2017-11-02T07:28:25.000Z,0.004311,0xbea606631b65b8f0279879b0ffe00dbb7fdfba9a,sell,0x957c30ab0426e0c93cd8241e2c60392d08c6ac8e,0x669f5ec535014dd78d2e499df4c112855351486b750b5dcedf55283f29f24b72
109,35,0.150885,0x492842125e4c3a7d10cda0e0291ea22788e4ad60,2017-11-02T07:26:59.000Z,0.004311,0xbea606631b65b8f0279879b0ffe00dbb7fdfba9a,sell,0x957c30ab0426e0c93cd8241e2c60392d08c6ac8e,0xe96cf7b63944a26e117ee15f556cda9099762ddf2233fbc05f1f697ec85d3abd
110,23,0.1012,0xc462e7b30c38fa5db9c950193014ccfdf74be410,2017-11-02T07:23:56.000Z,0.0044,0xbea606631b65b8f0279879b0ffe00dbb7fdfba9a,sell,0x957c30ab0426e0c93cd8241e2c60392d08c6ac8e,0x265c636a3427c6fbae45e7a00b4544c8aae88327a74562010fb838003376db66
111,23,0.10235,0xc462e7b30c38fa5db9c950193014ccfdf74be410,2017-11-02T07:23:34.000Z,0.00445,0xbea606631b65b8f0279879b0ffe00dbb7fdfba9a,sell,0x957c30ab0426e0c93cd8241e2c60392d08c6ac8e,0xbcb6e6425c1476a8c2d37a5f85c2f5252e986912f1f1d4fd03c7e232ce6b9c19
112,65,0.29575,0x56c59518891fe9d96a9583452f3107eb2ca29229,2017-11-02T07:16:31.000Z,0.00455,0x14a3341ab130523492e9a483a2d7e4c73993a689,buy,0x957c30ab0426e0c93cd8241e2c60392d08c6ac8e,0x01d0c39cca65f7dc78ced2ffa3467648d7f8beafb5ccc31b02966eb6663268b7
113,121,0.52151,0x20ef9d4636f74685b4117de9b41282cec1fab97e,2017-11-02T07:13:27.000Z,0.00431,0xbe6e0f58fedde3a72fcc3636e7c016b6f893aa97,sell,0x957c30ab0426e0c93cd8241e2c60392d08c6ac8e,0xbd4d120f5643420d02bcd6be487a15dc5dffdab5ba3b4ea6317c01677725cf00
114,220,0.9966,0xa28b44c3e2c56f5756d2c8cf2aa7b7db6e4ad024,2017-11-02T07:11:21.000Z,0.00453,0xbe6e0f58fedde3a72fcc3636e7c016b6f893aa97,sell,0x957c30ab0426e0c93cd8241e2c60392d08c6ac8e,0xbf25f94be795213c9498476e7eaaaadc1f87fcf6c837aee8b080aef0a766298d
115,580,2.523,0xc5232a75366a9b40a616aa606636548db716f038,2017-11-02T07:08:28.000Z,0.00435,0xbe6e0f58fedde3a72fcc3636e7c016b6f893aa97,sell,0x957c30ab0426e0c93cd8241e2c60392d08c6ac8e,0xe68d78bfbf321a1ec588e2fa67d1a11eb83b244611807fe34abf406605d5937d
116,884,3.8896,0xb853b9fb85eb1343adee0e0dbaf540ad3084095c,2017-11-02T07:07:15.000Z,0.0044,0xbe6e0f58fedde3a72fcc3636e7c016b6f893aa97,sell,0x957c30ab0426e0c93cd8241e2c60392d08c6ac8e,0x8d8cc530a80f9f9151586a4ab726673acdce0e8add0fb2c54e0f1723a8a51d94
117,77,0.350427,0x8616593617ad7a6e1e4b20d1c742341f5b35d4da,2017-11-02T07:07:07.000Z,0.004551,0xbe6e0f58fedde3a72fcc3636e7c016b6f893aa97,sell,0x957c30ab0426e0c93cd8241e2c60392d08c6ac8e,0x0d1e8d933fb4751bb4d5a24ad7322d9cd49e6df3852c171ade2f2e230fade3e2
118,35,0.16839434798625552,0x074eb01c33023ac13034b0bdea31d67fb71d414e,2017-11-02T07:07:07.000Z,0.004811267085321586,0x492842125e4c3a7d10cda0e0291ea22788e4ad60,buy,0x957c30ab0426e0c93cd8241e2c60392d08c6ac8e,0xfbb077fe4c708bc9702e6f354d5f86704a522833429f5c794bd7b6b3a9fef53a
119,500,2.2025,0x52f57dd9e4fa28b17d480f370db7b962677594f2,2017-11-02T07:07:07.000Z,0.004405,0xbe6e0f58fedde3a72fcc3636e7c016b6f893aa97,sell,0x957c30ab0426e0c93cd8241e2c60392d08c6ac8e,0x3f2374a98017be2a26fb794f78b6150615fa5a182a928ec51fd6a2892768d945
120,531,2.41605,0xe86113ecef56ef8c1716a09405b5f4266f040402,2017-11-02T07:07:07.000Z,0.00455,0xbe6e0f58fedde3a72fcc3636e7c016b6f893aa97,sell,0x957c30ab0426e0c93cd8241e2c60392d08c6ac8e,0xb1bbdbb50c179009c938da9a946edf11424ec69e79d7ff7a5a2ae30a3d9d3ad4
121,250,1.17475,0x56c59518891fe9d96a9583452f3107eb2ca29229,2017-11-02T07:01:29.000Z,0.004699,0x60edc5f9156a930f4af3fe990431b66cb383d9e3,buy,0x957c30ab0426e0c93cd8241e2c60392d08c6ac8e,0xb8df85602ca220584f881ed944beb0590611d3b3880c148ca669d9c410c3bf5c
122,78,0.36531222,0x56c59518891fe9d96a9583452f3107eb2ca29229,2017-11-02T06:57:00.000Z,0.00468349,0x65f403f5ce12908bfa7d8089f54f097e8b686fae,buy,0x957c30ab0426e0c93cd8241e2c60392d08c6ac8e,0x906825d95cbd1340e69a39ab6ed4c77435b112d334389e20f20c439752b83771
123,7,0.03800062150443882,0xe18f2242d6915cd288639a096235a37c14e60417,2017-11-02T06:50:50.000Z,0.005428660214919831,0xaa5a8763179d7e24b0230e981cf7cd5d9fa7cff8,buy,0x957c30ab0426e0c93cd8241e2c60392d08c6ac8e,0xcc3b082c0a0541901bf68451e6a3cae415d55d5bd31a681eea20748aaed81f03
124,8,0.03744,0xe18f2242d6915cd288639a096235a37c14e60417,2017-11-02T06:50:15.000Z,0.00468,0xd8cd64515d3714cf34df290275f52cf085c66b8c,buy,0x957c30ab0426e0c93cd8241e2c60392d08c6ac8e,0x7ab40255fc920acd5e5b4ac7a463aa3a9ec293027435a48dc6f44d17b17749a5
125,39,0.18252,0xe18f2242d6915cd288639a096235a37c14e60417,2017-11-02T06:49:34.000Z,0.00468,0x6f2f77791e8d219f73abaabdf45e7a91bf11b10a,buy,0x957c30ab0426e0c93cd8241e2c60392d08c6ac8e,0x127bf7802449c8f8c273b55b0f5075a87ad44eafbbbf0bbf82945100d20be5f6
126,250,1.17475,0x3f9990aa27274806762db2066283f34884a69ca7,2017-11-02T06:49:34.000Z,0.004699,0x03e6f5d06630a81c8dd1e1ddd9e55f6a66664cfa,sell,0x957c30ab0426e0c93cd8241e2c60392d08c6ac8e,0x7313f04fbd8479b0728ec181d71963a424e731958b9c561da777a63da67fc295
127,150,0.70485,0x3f9990aa27274806762db2066283f34884a69ca7,2017-11-02T06:48:29.000Z,0.004699,0xd8cd64515d3714cf34df290275f52cf085c66b8c,sell,0x957c30ab0426e0c93cd8241e2c60392d08c6ac8e,0x046eed65578836d7929fa5067d138560837e4b061419b1a2790bc7c929318475
128,100,0.4680619,0xe18f2242d6915cd288639a096235a37c14e60417,2017-11-02T06:44:53.000Z,0.004680619,0x784ca79182ff60888229f9416c28c325b15d15bf,buy,0x957c30ab0426e0c93cd8241e2c60392d08c6ac8e,0xcd72d0b97b84eabbabd76d887052a8fea834b38b4619320093dda2b1c996b297
129,219,0.99645,0xe86113ecef56ef8c1716a09405b5f4266f040402,2017-11-02T06:44:53.000Z,0.00455,0x508d8f38f6cf477e9b005063c9bb9455c5da8a57,sell,0x957c30ab0426e0c93cd8241e2c60392d08c6ac8e,0x748511a9b390692b88240a71042bae4a5a5879dd15d253f6664e736ea5b9a4c3
130,847,4.0656,0xe18f2242d6915cd288639a096235a37c14e60417,2017-11-02T06:33:39.000Z,0.0048,0x66e56be69fdbe88fb1bb3b0d6264638bfc4887bc,buy,0x957c30ab0426e0c93cd8241e2c60392d08c6ac8e,0x4f70a38ae70d5a833a7510ebe84e243f4cd6b1de3d474f0eaf6332cada734747
131,200,0.959,0x5e291563aa97ec35e192d1509755499e0be1d2e4,2017-11-02T06:07:52.000Z,0.004795,0xa28b44c3e2c56f5756d2c8cf2aa7b7db6e4ad024,buy,0x957c30ab0426e0c93cd8241e2c60392d08c6ac8e,0xb61e3f1b37bf2d151ce6ca06c5583917f46739a127126d45b150712fa86d7432
132,570,2.5764,0xa28b44c3e2c56f5756d2c8cf2aa7b7db6e4ad024,2017-11-02T05:53:52.000Z,0.00452,0xd8d825c05e994b1618552b6bed3297fbf294d751,sell,0x957c30ab0426e0c93cd8241e2c60392d08c6ac8e,0x02e0008bbb856f839a7aac30a3d05796656cc5a5c25a4f9456191519fc3a430b
133,200,0.95,0x5e291563aa97ec35e192d1509755499e0be1d2e4,2017-11-02T05:42:33.000Z,0.00475,0xb64cc0f0209fb26fb026dda01c084c39239347d9,buy,0x957c30ab0426e0c93cd8241e2c60392d08c6ac8e,0xcd90e82edc459eb9ca5f93e3594f987e4e1f7b093e93e9d7fb18873725d95810
134,43,0.20302063602831225,0xbc5ecc8cdb94ede945beba4f51fa3b1af1e6da44,2017-11-02T05:41:07.000Z,0.004721410140193308,0xacd6ec4f1bdfb66985f2877c8d07410087d10075,buy,0x957c30ab0426e0c93cd8241e2c60392d08c6ac8e,0x32f206daee9ebfe33fb85680d93ef589907e398e7b783dbb87d3febab4f81c06
135,256,1.2069793639716877,0x8c74cc624d8d9abe193a5c2a63e26eb30c75e464,2017-11-02T05:38:27.000Z,0.004714763140514405,0xacd6ec4f1bdfb66985f2877c8d07410087d10075,buy,0x957c30ab0426e0c93cd8241e2c60392d08c6ac8e,0x5d9494b360663666acc2159919db6f3583d866b2f457712d335297c812157038
136,78,0.35397024,0x65f403f5ce12908bfa7d8089f54f097e8b686fae,2017-11-02T05:17:52.000Z,0.00453808,0x445e2763f58d6e50fdfb1592e90e007d260a8b9b,sell,0x957c30ab0426e0c93cd8241e2c60392d08c6ac8e,0x3c342809b2d2d616076f1b033f21626da97396713b31b15ceb7f66a47d165ef7
137,41,0.18245,0xa28b44c3e2c56f5756d2c8cf2aa7b7db6e4ad024,2017-11-02T05:09:58.000Z,0.00445,0x469dfea125ce0504826bbc4d1355781294fb89aa,buy,0x957c30ab0426e0c93cd8241e2c60392d08c6ac8e,0x1cd9c18482daea52a57abd7beebc03d6d11153d2ec3b104a771eeb99555bf748
138,1,0.004445,0x776e52f9d244427639b5fa301d1759d8032af94c,2017-11-02T04:51:14.000Z,0.004445,0x3c6ecfc4ca02612f577178c1c70e2d81accf3732,buy,0x957c30ab0426e0c93cd8241e2c60392d08c6ac8e,0xf169c566bedf4f621168ea3eb8d649820f336e14438035a72803bc8f86a32111
139,113,0.49833,0x20ef9d4636f74685b4117de9b41282cec1fab97e,2017-11-02T04:50:31.000Z,0.00441,0x3c6ecfc4ca02612f577178c1c70e2d81accf3732,sell,0x957c30ab0426e0c93cd8241e2c60392d08c6ac8e,0xefd460773f4384e6a5ed4ff5beea86f57d185f7fe2e6ae5c1b204d299ad4c3e6
140,2,0.009969278495561179,0x9026d7becde1d0e6d6bb9349d93c52adc99e522f,2017-11-02T04:47:44.000Z,0.004984639247780589,0xaa5a8763179d7e24b0230e981cf7cd5d9fa7cff8,buy,0x957c30ab0426e0c93cd8241e2c60392d08c6ac8e,0xbc123d86249cb3d78b10deb4cd77a4c4a915e470a8404465e37fc87392cd605b
141,108,0.480168,0x7aa95a55a9ea934ec3439a460d5a0459fb730d59,2017-11-02T04:43:14.000Z,0.004446,0x65f403f5ce12908bfa7d8089f54f097e8b686fae,buy,0x957c30ab0426e0c93cd8241e2c60392d08c6ac8e,0x9e21b25af572884478b18b468d61955049afa9ee8bae3d216c5035d16c3d972d
142,140,0.6188,0x8eb7c246113d1a33f63e73e7486cdd14923aaf7a,2017-11-02T04:24:16.000Z,0.00442,0x3c6ecfc4ca02612f577178c1c70e2d81accf3732,sell,0x957c30ab0426e0c93cd8241e2c60392d08c6ac8e,0xf518717ec54143d10ecf7f5a41932797f56717709de9e5afc2c378cffc630bc9
143,2500,10.9025,0x5bf381b58ecfa885dc56b7ffb720fddfda6a4637,2017-11-02T04:23:13.000Z,0.004361,0x3c6ecfc4ca02612f577178c1c70e2d81accf3732,sell,0x957c30ab0426e0c93cd8241e2c60392d08c6ac8e,0xf96c8ee54b08437efa49e8fe52f3cb0b78046f89da0268fa898ae790696716b5
144,39,0.17394,0xd2fd2941a0bbd2bdbd1e59e5e7b9f9d2ce7eb5ff,2017-11-02T04:23:00.000Z,0.00446,0x3c6ecfc4ca02612f577178c1c70e2d81accf3732,sell,0x957c30ab0426e0c93cd8241e2c60392d08c6ac8e,0x0edc11627f09656d1baec92980db0761ef096d2a202903abad15e64f8252296c
145,48,0.21696,0xcbd0db4b186165b13ba06073c1013c5b4821d627,2017-11-02T04:22:52.000Z,0.00452,0x3c6ecfc4ca02612f577178c1c70e2d81accf3732,sell,0x957c30ab0426e0c93cd8241e2c60392d08c6ac8e,0x43f3ef4044c18d0c67ba8d0f1046c0db5538c031a9025d0c87ab393952a10497
146,22,0.09944,0xcbd0db4b186165b13ba06073c1013c5b4821d627,2017-11-02T04:13:12.000Z,0.00452,0x7bb6b9ffc150499778623d7a89de1fc317acf3cb,sell,0x957c30ab0426e0c93cd8241e2c60392d08c6ac8e,0x7cf903664af6de5b184f75b16bbb4bd99a6c17b8172e1a75e983d71e0482ba46
147,10,0.045,0xaa5a8763179d7e24b0230e981cf7cd5d9fa7cff8,2017-11-02T04:11:55.000Z,0.0045,0x7bb6b9ffc150499778623d7a89de1fc317acf3cb,sell,0x957c30ab0426e0c93cd8241e2c60392d08c6ac8e,0x7b68e8c4e6867c7e28a4a3bcb8e7e526fc5a25fd5d9c1e604d4e23855d2ffe3c
148,23,0.10235,0xc462e7b30c38fa5db9c950193014ccfdf74be410,2017-11-02T04:11:55.000Z,0.00445,0x7bb6b9ffc150499778623d7a89de1fc317acf3cb,sell,0x957c30ab0426e0c93cd8241e2c60392d08c6ac8e,0xc27b537f5dd13b457ebdc71c9689c3e68b8cc188f3abfeaa6a4d80b08c90ee3f
149,20,0.089498,0xad3038c2bf6e65a0807026760893f1a953e24e57,2017-11-02T04:11:55.000Z,0.0044749,0x7bb6b9ffc150499778623d7a89de1fc317acf3cb,sell,0x957c30ab0426e0c93cd8241e2c60392d08c6ac8e,0x1eb0037c48278675f02095995889a51924576fc1734d6dad77447b39733e05a3
150,23,0.1035,0xc462e7b30c38fa5db9c950193014ccfdf74be410,2017-11-02T04:11:55.000Z,0.0045,0x7bb6b9ffc150499778623d7a89de1fc317acf3cb,sell,0x957c30ab0426e0c93cd8241e2c60392d08c6ac8e,0xd34c14bf6bc73e960a2ef108b64676c3e365f8254273cd1ad2416ad9a1064e2a
151,23,0.1035,0xc462e7b30c38fa5db9c950193014ccfdf74be410,2017-11-02T04:11:26.000Z,0.0045,0x7bb6b9ffc150499778623d7a89de1fc317acf3cb,sell,0x957c30ab0426e0c93cd8241e2c60392d08c6ac8e,0xd34c14bf6bc73e960a2ef108b64676c3e365f8254273cd1ad2416ad9a1064e2a
152,20,0.089498,0xad3038c2bf6e65a0807026760893f1a953e24e57,2017-11-02T04:11:26.000Z,0.0044749,0x7bb6b9ffc150499778623d7a89de1fc317acf3cb,sell,0x957c30ab0426e0c93cd8241e2c60392d08c6ac8e,0x1eb0037c48278675f02095995889a51924576fc1734d6dad77447b39733e05a3
153,23,0.10235,0xc462e7b30c38fa5db9c950193014ccfdf74be410,2017-11-02T04:11:26.000Z,0.00445,0x7bb6b9ffc150499778623d7a89de1fc317acf3cb,sell,0x957c30ab0426e0c93cd8241e2c60392d08c6ac8e,0xc27b537f5dd13b457ebdc71c9689c3e68b8cc188f3abfeaa6a4d80b08c90ee3f
154,10,0.045,0xaa5a8763179d7e24b0230e981cf7cd5d9fa7cff8,2017-11-02T04:11:26.000Z,0.0045,0x7bb6b9ffc150499778623d7a89de1fc317acf3cb,sell,0x957c30ab0426e0c93cd8241e2c60392d08c6ac8e,0x7b68e8c4e6867c7e28a4a3bcb8e7e526fc5a25fd5d9c1e604d4e23855d2ffe3c
155,300,1.332,0x09d66da70dfc85d23235d15e08a7fa684140a4a0,2017-11-02T04:09:57.000Z,0.00444,0x7bb6b9ffc150499778623d7a89de1fc317acf3cb,sell,0x957c30ab0426e0c93cd8241e2c60392d08c6ac8e,0x9d6c6404fa219b643dec1df021378e04f0111e02312977bb3ab563e03a578195
156,12,0.057576,0xaf18ae729a8e7483f36bd486d6a088fe7f013d63,2017-11-02T04:09:57.000Z,0.004798,0xd8cd64515d3714cf34df290275f52cf085c66b8c,buy,0x957c30ab0426e0c93cd8241e2c60392d08c6ac8e,0x911020c3b36cb8be8c0c0026e698980eaff95630080c7fca732641101764ae1f
157,341,1.5345,0xba0514c54ca395ded28a055d3d973f3c11d3f7b9,2017-11-02T04:06:48.000Z,0.0045,0x23f2030563a7bbb9369eea4447eb1475f51b6bdf,sell,0x957c30ab0426e0c93cd8241e2c60392d08c6ac8e,0x254b210fd57a582c659ad6bbb9a0219cbbae44e9c4c86accbf62a922570c0aa9
158,145,0.6525,0xb41732b85ed8216562837d52c1eee3b947d5aed2,2017-11-02T04:06:48.000Z,0.0045,0x23f2030563a7bbb9369eea4447eb1475f51b6bdf,sell,0x957c30ab0426e0c93cd8241e2c60392d08c6ac8e,0x810b8decb7e2b776b12c21fa1a2d32d8e9872d34cf46bd2da52bb06e30bdb784
159,420,1.8984,0x8241c1446ef511f78387edccc6ece5e2d8553cdc,2017-11-02T04:06:08.000Z,0.00452,0x23f2030563a7bbb9369eea4447eb1475f51b6bdf,sell,0x957c30ab0426e0c93cd8241e2c60392d08c6ac8e,0x603c799d19e2b94d563773d5c2cfbb24c268492ef40eccbd09881be0e0319669
160,200,0.902,0xb64cc0f0209fb26fb026dda01c084c39239347d9,2017-11-02T04:06:08.000Z,0.00451,0x23f2030563a7bbb9369eea4447eb1475f51b6bdf,sell,0x957c30ab0426e0c93cd8241e2c60392d08c6ac8e,0x49d839ca5127c6b5cf5c386bdf0d97261f1b82f1f1aa8f46703f27fbb93cc496
161,650,2.97258,0x03f733d1b410819d27fde1627bd044cea152fea7,2017-11-02T04:06:08.000Z,0.0045732,0x23f2030563a7bbb9369eea4447eb1475f51b6bdf,sell,0x957c30ab0426e0c93cd8241e2c60392d08c6ac8e,0x146bac056737284daf5ebed7c95582a9cc53909203cd0e261627959ef42687f4
162,108,0.49632588,0x65f403f5ce12908bfa7d8089f54f097e8b686fae,2017-11-02T04:06:00.000Z,0.00459561,0x23f2030563a7bbb9369eea4447eb1475f51b6bdf,sell,0x957c30ab0426e0c93cd8241e2c60392d08c6ac8e,0x4e2f84234aeaf10370c950c0b40b6de44f6f613d68bf8b797245c9f845f059f1
163,72,0.345384,0xbb1e4f5a06ae717e432c2d265869ae62c8d600e3,2017-11-02T04:04:40.000Z,0.004797,0x7bb6b9ffc150499778623d7a89de1fc317acf3cb,sell,0x957c30ab0426e0c93cd8241e2c60392d08c6ac8e,0xe20f92df6afe6fa0cf41e375efc7f2e4b0d3da6ef91227287e7a474bb6ba6590
164,85,0.407745,0xbb1e4f5a06ae717e432c2d265869ae62c8d600e3,2017-11-02T04:04:29.000Z,0.004797,0x7bb6b9ffc150499778623d7a89de1fc317acf3cb,sell,0x957c30ab0426e0c93cd8241e2c60392d08c6ac8e,0x409bd756c441a2c0fade5083bd28688b9b55e1083b1f2587e2dbebab16316731
165,67,0.321466,0x93e785bce3572301c9868c4738115c2cc2d646b4,2017-11-02T04:04:22.000Z,0.004798,0x7bb6b9ffc150499778623d7a89de1fc317acf3cb,sell,0x957c30ab0426e0c93cd8241e2c60392d08c6ac8e,0x4d58dcb93fa76006af089ef46476035aa7935c2aa0b2748af6ebbd3ac6c0391d
166,15,0.0675,0x65f2dddf638c7a7118b22d610c9aeba141f2467f,2017-11-02T03:52:55.000Z,0.0045,0x726a3408b880adaf5a81ed5f433ba718b3cd39e5,buy,0x957c30ab0426e0c93cd8241e2c60392d08c6ac8e,0x91c7df372c6b5ad38c9c54e07e33a81ba67156371a3eeb1624a361d04ad19651
167,15,0.071955,0xbb1e4f5a06ae717e432c2d265869ae62c8d600e3,2017-11-02T03:52:55.000Z,0.004797,0x65f2dddf638c7a7118b22d610c9aeba141f2467f,sell,0x957c30ab0426e0c93cd8241e2c60392d08c6ac8e,0x91c7df372c6b5ad38c9c54e07e33a81ba67156371a3eeb1624a361d04ad19651
168,28,0.134316,0xbb1e4f5a06ae717e432c2d265869ae62c8d600e3,2017-11-02T03:49:59.000Z,0.004797,0x1749bb6e4080ebd7317ce5d8f9fb63fbfe58d27c,sell,0x957c30ab0426e0c93cd8241e2c60392d08c6ac8e,0xf87886f9eefc14bb4b3cef0b8a3980484bef5523027bfad859d5a7b8af2ac26f
169,285,1.367145,0xdb828714eaf102185fae897dffcb7997259ec81c,2017-11-02T03:48:40.000Z,0.004797,0x1749bb6e4080ebd7317ce5d8f9fb63fbfe58d27c,buy,0x957c30ab0426e0c93cd8241e2c60392d08c6ac8e,0x52dc3b86c08ad3289a85cdb586565d32ee824ef64af5e21ae09f25ff75bbd857
170,232,1.1166864208197107,0xa39ec09cc36f15bb04c6f250fac0437b41d3b212,2017-11-02T03:37:57.000Z,0.004813303538015994,0x8241c1446ef511f78387edccc6ece5e2d8553cdc,buy,0x957c30ab0426e0c93cd8241e2c60392d08c6ac8e,0xe0c18f23e486376f7fac69344e550c99e90deba971cf76692a261f1ea56fc181
171,1000,4.798,0xa39ec09cc36f15bb04c6f250fac0437b41d3b212,2017-11-02T03:35:03.000Z,0.004798,0x89808c49f858b86e80b892506cf11606fb25fcdc,buy,0x957c30ab0426e0c93cd8241e2c60392d08c6ac8e,0xb3f168779d036415dfa70317284e4803b36e26feaf06959b166e4d5e4b5c4385
172,165,0.7837416802946788,0xa39ec09cc36f15bb04c6f250fac0437b41d3b212,2017-11-02T03:33:43.000Z,0.004749949577543508,0x8241c1446ef511f78387edccc6ece5e2d8553cdc,buy,0x957c30ab0426e0c93cd8241e2c60392d08c6ac8e,0xc88b7db2f198b4a61a978ea59df5c25b18b6b35fc50e67c1054c4c76b136dc6e
173,72,0.334962,0xa39ec09cc36f15bb04c6f250fac0437b41d3b212,2017-11-02T03:30:07.000Z,0.00465225,0x65f403f5ce12908bfa7d8089f54f097e8b686fae,buy,0x957c30ab0426e0c93cd8241e2c60392d08c6ac8e,0x6eedd3f77e57b2f5ae218b4cce1fc356bbdad3250514522f38e4a28b38d5ee5a
174,38,0.17936,0xa39ec09cc36f15bb04c6f250fac0437b41d3b212,2017-11-02T03:29:11.000Z,0.00472,0xcc16e731603785a71da1ecdd99acb29ae1cf85d3,buy,0x957c30ab0426e0c93cd8241e2c60392d08c6ac8e,0x1bee3d3e1066ad69285b9a0a6b5b1ad729ba89f6e160818e1ccb4a77bfaf5cc7
175,500,2.335,0xa39ec09cc36f15bb04c6f250fac0437b41d3b212,2017-11-02T03:28:10.000Z,0.00467,0x7ffc038a5e44663615c712c88f6854f39d8d7feb,buy,0x957c30ab0426e0c93cd8241e2c60392d08c6ac8e,0xaf721b2244091da734a91cc03a890900fa87525c63534b1f3a0521e40b8be8b7
176,2,0.011460598145748182,0xa39ec09cc36f15bb04c6f250fac0437b41d3b212,2017-11-02T03:27:43.000Z,0.005730299072874091,0x7fe2809b50fadf6e130a7996a834f472922d4efb,buy,0x957c30ab0426e0c93cd8241e2c60392d08c6ac8e,0xccd2311715b0bdec0c0d95fb8e8d74711f7475e932961be686716f4501b354fb
177,645,2.9025,0xb41732b85ed8216562837d52c1eee3b947d5aed2,2017-11-02T03:11:36.000Z,0.0045,0xeac19306dc86ea44c4606f52de267355a1bc0bf3,sell,0x957c30ab0426e0c93cd8241e2c60392d08c6ac8e,0xecc04bfab0326993ed8952ffa956098a8fadbdf7ca914543607410dfe6f431c4
178,1000,4.5,0xec2ed738f663207fa0a70df59dafb9d8f20bffe8,2017-11-02T03:08:25.000Z,0.0045,0xeac19306dc86ea44c4606f52de267355a1bc0bf3,sell,0x957c30ab0426e0c93cd8241e2c60392d08c6ac8e,0x4938f184ecdcc1fc7d1be66eacf5a0ed3cccccd6cdd9572e270a352ea1480fcf
179,143,0.6455394018542518,0x3b7e651384e2eb31ed894a5843cb23215420b5b0,2017-11-02T03:04:10.000Z,0.004514261551428335,0x7fe2809b50fadf6e130a7996a834f472922d4efb,buy,0x957c30ab0426e0c93cd8241e2c60392d08c6ac8e,0x82357601e525d12000ba46debd2e562646c951ed812d6ad85d0051968a87f606
180,170,0.79373,0x3b7e651384e2eb31ed894a5843cb23215420b5b0,2017-11-02T02:57:25.000Z,0.004669,0xd8cd64515d3714cf34df290275f52cf085c66b8c,buy,0x957c30ab0426e0c93cd8241e2c60392d08c6ac8e,0x4e6a30df9f59860b6fdb731861352f2837066dad17fdd0e4f6d6538ba07d32e0
181,48,0.216,0xb41732b85ed8216562837d52c1eee3b947d5aed2,2017-11-02T02:52:28.000Z,0.0045,0x6ee3c78a15071bfca6acd1d71f8567625118d1ff,sell,0x957c30ab0426e0c93cd8241e2c60392d08c6ac8e,0x17bebf7dfd0285f59f7980a53efb2bbbb029af104eda758b397072600d9bf5a3
182,1400,6.3,0x7e7f1e156fe38f1377a50e8a58bce01f7f32f335,2017-11-02T02:46:55.000Z,0.0045,0xee747d4e39edde77245f37b6fe5a164e2339c93a,sell,0x957c30ab0426e0c93cd8241e2c60392d08c6ac8e,0xb4639be739288524cec04b356d4b367ba418a56a2dca83ca8e62a516f0d5722c
183,542,2.439542,0x89808c49f858b86e80b892506cf11606fb25fcdc,2017-11-02T02:46:00.000Z,0.004501,0xee747d4e39edde77245f37b6fe5a164e2339c93a,sell,0x957c30ab0426e0c93cd8241e2c60392d08c6ac8e,0xcebcaa374afb8c653a58ac2ddb3c843fc7fc11c1fb3926e8a0bc122d4de931e6
184,372,1.674000372,0x2541978e405ca3c32ec76fc137b93b4d8aeb924b,2017-11-02T02:46:00.000Z,0.004500001,0xee747d4e39edde77245f37b6fe5a164e2339c93a,sell,0x957c30ab0426e0c93cd8241e2c60392d08c6ac8e,0x822438061992745ffd5b8f82e34b1b70d5cce98ef40b72512fe3b363953ee689
185,314,1.4166048578694361,0x1749bb6e4080ebd7317ce5d8f9fb63fbfe58d27c,2017-11-02T02:46:00.000Z,0.004511480439074638,0x7fe2809b50fadf6e130a7996a834f472922d4efb,buy,0x957c30ab0426e0c93cd8241e2c60392d08c6ac8e,0xda5c6c78add300663f0b26927e7847c2691ad215810378eaf5184f208fe096bb
186,8,0.0360882216,0x6d2f6b26c0fc44f9fed0957f679d0b22745ab066,2017-11-02T02:46:00.000Z,0.0045110277,0xee747d4e39edde77245f37b6fe5a164e2339c93a,sell,0x957c30ab0426e0c93cd8241e2c60392d08c6ac8e,0xccfd69ecbe031c998b54ac954aa30946a2c03de98f7585e27c78e2d6fc2bd9c4
187,398,1.791398,0x89808c49f858b86e80b892506cf11606fb25fcdc,2017-11-02T02:44:57.000Z,0.004501,0x78ad799f6e4fadee929e9eb0f43bfbd210ca1d02,sell,0x957c30ab0426e0c93cd8241e2c60392d08c6ac8e,0x9dbc7ba1a700f13cdc40c66f583be837c4479e4b2398dcf5cd14bc14e30876c1
188,755,3.3975,0xe86113ecef56ef8c1716a09405b5f4266f040402,2017-11-02T02:44:43.000Z,0.0045,0x7fe2809b50fadf6e130a7996a834f472922d4efb,buy,0x957c30ab0426e0c93cd8241e2c60392d08c6ac8e,0x9cf2b41b98e0d143bc83e290b90ae6b7d46cfa2f110d25e498ab69e2d7d689d1
189,27,0.121527,0x1ca9bd189db5ab9099a4b17a15cf3ac3da289c38,2017-11-02T02:39:57.000Z,0.004501,0x7fe2809b50fadf6e130a7996a834f472922d4efb,buy,0x957c30ab0426e0c93cd8241e2c60392d08c6ac8e,0xe21012aa55b675f4ce3e7b0b0cbc90e99f1f198de1b3d0090bf39d00c404611a
190,60,0.27006,0x89808c49f858b86e80b892506cf11606fb25fcdc,2017-11-02T02:38:53.000Z,0.004501,0x5d7979d076f09a6c4b0e6d86446b89be9cce4eb6,sell,0x957c30ab0426e0c93cd8241e2c60392d08c6ac8e,0x6a2404fe75d0c37f2d832851ef6aa2bd2c5bd6ee42c0999ee32e959df904e651
191,38,0.17525670421692752,0x0a8fd0962d4cf46345ad1fabfb4b87e864995ad7,2017-11-02T02:37:48.000Z,0.004612018532024409,0x7fe2809b50fadf6e130a7996a834f472922d4efb,buy,0x957c30ab0426e0c93cd8241e2c60392d08c6ac8e,0x2b27e43cf4aebf5ed209eed0fc39a561f0edaf83d038307fe0c9ef035acc8b85
192,228,1.026228228,0x7ffc038a5e44663615c712c88f6854f39d8d7feb,2017-11-02T02:31:35.000Z,0.004501001,0x0c6ead592dd190072e898e807f2fc68e98bcd8be,sell,0x957c30ab0426e0c93cd8241e2c60392d08c6ac8e,0xa7e2de08fd6baa7aed5e04d82d456c0fbe5f26b8c0925fc2c7b8f776aa190f03
193,87,0.39324,0x8241c1446ef511f78387edccc6ece5e2d8553cdc,2017-11-02T02:29:30.000Z,0.00452,0x0c6ead592dd190072e898e807f2fc68e98bcd8be,sell,0x957c30ab0426e0c93cd8241e2c60392d08c6ac8e,0x7325cf1ff876cec2bdca94ff8986a182c73cda404bc2f62ee7a5fe96ac8ba14e
194,272,1.224272272,0x7ffc038a5e44663615c712c88f6854f39d8d7feb,2017-11-02T02:29:30.000Z,0.004501001,0x3d9c87d7c1fcabaff130687a0be78c321eb7bb4d,sell,0x957c30ab0426e0c93cd8241e2c60392d08c6ac8e,0x983e1e741d0c71a4870334dcd8b91af3b6e89d53668b87ae883bc7bc5ce66b65
195,300,1.35603,0x8241c1446ef511f78387edccc6ece5e2d8553cdc,2017-11-02T02:24:39.000Z,0.0045201,0x0c6ead592dd190072e898e807f2fc68e98bcd8be,sell,0x957c30ab0426e0c93cd8241e2c60392d08c6ac8e,0x9643d89ec1830ee4b828ee284d021b062cda1cda9f04edff71e09f19c84bb4fe
196,400,1.8092,0x78ad799f6e4fadee929e9eb0f43bfbd210ca1d02,2017-11-02T02:24:22.000Z,0.004523,0x0c6ead592dd190072e898e807f2fc68e98bcd8be,sell,0x957c30ab0426e0c93cd8241e2c60392d08c6ac8e,0x421ad1f2095bb6052e3b1ec1f2f990c55a7a3139b415c58d9daa91066dced1c5
197,83,0.375326,0x644af3600c80d398a6bba465badb09e713aba94b,2017-11-02T02:23:24.000Z,0.004522,0x3d9c87d7c1fcabaff130687a0be78c321eb7bb4d,sell,0x957c30ab0426e0c93cd8241e2c60392d08c6ac8e,0xd73b13eb2f6b967a8cdfe4866a98218578fbfdbed9c8355fb167adfed92495e4
198,114,0.51642,0x2541978e405ca3c32ec76fc137b93b4d8aeb924b,2017-11-02T02:21:15.000Z,0.00453,0x3d9c87d7c1fcabaff130687a0be78c321eb7bb4d,sell,0x957c30ab0426e0c93cd8241e2c60392d08c6ac8e,0x945186644cb28dc8a74d67dde96eac25ebc3ff8552c7f634133d76f750bb5071
199,38,0.180591565,0x074eb01c33023ac13034b0bdea31d67fb71d414e,2017-11-02T02:12:16.000Z,0.004752409605263158,0x65f403f5ce12908bfa7d8089f54f097e8b686fae,buy,0x957c30ab0426e0c93cd8241e2c60392d08c6ac8e,0x91998ed1fa240d390a0861daab8e8c77c826c8947c692f0fdadaa53cacde38f6
200,110,0.4992988,0x65f403f5ce12908bfa7d8089f54f097e8b686fae,2017-11-02T02:05:45.000Z,0.00453908,0x0c6ead592dd190072e898e807f2fc68e98bcd8be,sell,0x957c30ab0426e0c93cd8241e2c60392d08c6ac8e,0x74ce0b51011c436172a38c83a00c862edc7e68c263b908234e6577d4c965b8fd
201,12,0.0552,0x27d6300db36638c916416af719ce156bca1380cf,2017-11-02T02:05:00.000Z,0.0046,0x0c6ead592dd190072e898e807f2fc68e98bcd8be,sell,0x957c30ab0426e0c93cd8241e2c60392d08c6ac8e,0xbd717bdce018bed5c89f0f890e27e92bf085d6b1f05b70ffa865e43b75d044cc
202,315,1.48365,0x49d473522942c849b76563f7fa9f5d75eb671e20,2017-11-02T02:04:49.000Z,0.00471,0x2541978e405ca3c32ec76fc137b93b4d8aeb924b,buy,0x957c30ab0426e0c93cd8241e2c60392d08c6ac8e,0x9efce7764a75fe1053c9124c41072b37d6f6d362ae43e80656b622a9fdeccc87
203,41,0.19311,0xe86113ecef56ef8c1716a09405b5f4266f040402,2017-11-02T02:02:40.000Z,0.00471,0x2541978e405ca3c32ec76fc137b93b4d8aeb924b,buy,0x957c30ab0426e0c93cd8241e2c60392d08c6ac8e,0x7f2dc141c21e84cd1c9a7e612a805ff84e8b7e3745125895acac197680a963b7
204,367,1.7223548032,0x6bc209be1dba2aa9b1ab642040581969d52fe9e2,2017-11-02T02:01:51.000Z,0.004693064858855586,0x7d25cc71cc49fbf95ff082be2e5f516075b2ea28,buy,0x957c30ab0426e0c93cd8241e2c60392d08c6ac8e,0x4fa8267d1bf4fe0494a54e89769917ebeb2a8b7203fc06c6bad46782e846d284
205,317,1.472465,0x6bc209be1dba2aa9b1ab642040581969d52fe9e2,2017-11-02T02:01:38.000Z,0.004645,0x3e5d79408481588c7aea24c8a6d2d37c55c4d50b,buy,0x957c30ab0426e0c93cd8241e2c60392d08c6ac8e,0xe12775ec248b9b034a0cd78a83c6b66fe5f45307cffb4bca027157091d49b274
206,2730,12.8037,0x6bc209be1dba2aa9b1ab642040581969d52fe9e2,2017-11-02T02:01:38.000Z,0.00469,0x7ffc038a5e44663615c712c88f6854f39d8d7feb,buy,0x957c30ab0426e0c93cd8241e2c60392d08c6ac8e,0x995042954ea4a99ebc08120920bc83842cd60b55c6ae4d2dcc3ed6bb176fccce
207,150,0.69,0x6bc209be1dba2aa9b1ab642040581969d52fe9e2,2017-11-02T02:01:38.000Z,0.0046,0x425cccbf1139523a066921160bcd3efce8dc5e78,buy,0x957c30ab0426e0c93cd8241e2c60392d08c6ac8e,0x0948d65e4e2f35d9472f167ea8ecc1e130a2ac76d4156b190a0d937a5e0a2e49
208,1,0.004612,0x6bc209be1dba2aa9b1ab642040581969d52fe9e2,2017-11-02T02:01:38.000Z,0.004612,0x9ecab597dfda4dd2e6bcf3230edc62bb9b8a9c2c,buy,0x957c30ab0426e0c93cd8241e2c60392d08c6ac8e,0x04fcb2d98ecbad52fdf163fba5867303f82215213547557525f993f29893c83e
209,110,0.5054434,0xe86113ecef56ef8c1716a09405b5f4266f040402,2017-11-02T02:01:31.000Z,0.00459494,0x65f403f5ce12908bfa7d8089f54f097e8b686fae,buy,0x957c30ab0426e0c93cd8241e2c60392d08c6ac8e,0x17a254519786e890f2af17a622957a4903496f4ecd1ea301372ba725fe34fef5
210,333,1.52847,0xe86113ecef56ef8c1716a09405b5f4266f040402,2017-11-02T02:01:31.000Z,0.00459,0xb9b00f3192cb42d7099bc5c185b19916d6e5d3da,buy,0x957c30ab0426e0c93cd8241e2c60392d08c6ac8e,0x015e7ddb3869569b55eadf0f8354636abeaf049b4a96bb0950f8330341be102e
211,1283,5.7735,0x7e7f1e156fe38f1377a50e8a58bce01f7f32f335,2017-11-02T01:58:23.000Z,0.0045,0xe7b75be60fcd9e8559ea2d9456a1e7235d6a1a49,sell,0x957c30ab0426e0c93cd8241e2c60392d08c6ac8e,0x4b00f62a2caafd6adadd9d5fc714080405c7caf1dd836105402c40b551b4d24a
212,206,0.931326,0x7f427765bb3d5a97ff1cea9ac99c0879497a6163,2017-11-02T01:55:13.000Z,0.004521,0xe7b75be60fcd9e8559ea2d9456a1e7235d6a1a49,sell,0x957c30ab0426e0c93cd8241e2c60392d08c6ac8e,0xb7322946db7ecde8b6fa98fe8613d8a9048393bc552bd299f7f0d9d6478d47d8
213,650,2.925065,0xba0514c54ca395ded28a055d3d973f3c11d3f7b9,2017-11-02T01:52:30.000Z,0.0045001,0xe7b75be60fcd9e8559ea2d9456a1e7235d6a1a49,sell,0x957c30ab0426e0c93cd8241e2c60392d08c6ac8e,0xb61f322e61d362b334c9f7dcc9988cc8de7d05231c3672893d82165bd4cdfaac
214,110,0.4981559,0x65f403f5ce12908bfa7d8089f54f097e8b686fae,2017-11-02T01:51:43.000Z,0.00452869,0xe7b75be60fcd9e8559ea2d9456a1e7235d6a1a49,sell,0x957c30ab0426e0c93cd8241e2c60392d08c6ac8e,0x1e70a509734cce57ae7516696a6d3f84aa631cea9e7540468e1f1a8d49b85ae6
215,45,0.209025,0xbe81618cf71d920f06f37feb0afd41912d9a2e1c,2017-11-02T01:51:39.000Z,0.004645,0x3e5d79408481588c7aea24c8a6d2d37c55c4d50b,buy,0x957c30ab0426e0c93cd8241e2c60392d08c6ac8e,0x5d3673af7741a5272a1efd43cd8d03393bce4fcb370865bfc096866ed200934a
216,129,0.59339871,0xe86113ecef56ef8c1716a09405b5f4266f040402,2017-11-02T01:46:49.000Z,0.00459999,0x78ad799f6e4fadee929e9eb0f43bfbd210ca1d02,buy,0x957c30ab0426e0c93cd8241e2c60392d08c6ac8e,0xe6766c3b5427c79673cfa5605b72cb8cd116d228470ccb6f33b9182552862fcd
217,1553,7.021113,0x7f427765bb3d5a97ff1cea9ac99c0879497a6163,2017-11-02T01:44:39.000Z,0.004521,0x9ecab597dfda4dd2e6bcf3230edc62bb9b8a9c2c,sell,0x957c30ab0426e0c93cd8241e2c60392d08c6ac8e,0xf44596d2fb433be9aff53b8c0c164adb3d63a57975e17a5bbc95ef26a5f6c338
218,241,1.089561,0x7f427765bb3d5a97ff1cea9ac99c0879497a6163,2017-11-02T01:40:45.000Z,0.004521,0x2eb10106bd53c82e70e98182cae2b2876bed5d5e,sell,0x957c30ab0426e0c93cd8241e2c60392d08c6ac8e,0x5b703647710820185d0510067f0aceee1d96f6ebc7069d2fa4f9b98ad7da194d
219,36,0.166032,0x49d473522942c849b76563f7fa9f5d75eb671e20,2017-11-02T01:40:08.000Z,0.004612,0x9ecab597dfda4dd2e6bcf3230edc62bb9b8a9c2c,buy,0x957c30ab0426e0c93cd8241e2c60392d08c6ac8e,0x075123cb20ad5a9c3ede53fb3e97c75ead24d350b8cd3537aebe5275f62797b4
220,600,2.7672,0xd70696c217302ada3613166ae6fbc103d776b759,2017-11-02T01:39:30.000Z,0.004612,0x9ecab597dfda4dd2e6bcf3230edc62bb9b8a9c2c,buy,0x957c30ab0426e0c93cd8241e2c60392d08c6ac8e,0x8657f769ff59088dc23c7eca49c2ffaa0ffda4c514ea1bb4e98da3c91734dc7d
221,123,0.556206,0x78ad799f6e4fadee929e9eb0f43bfbd210ca1d02,2017-11-02T01:39:30.000Z,0.004522,0x2eb10106bd53c82e70e98182cae2b2876bed5d5e,sell,0x957c30ab0426e0c93cd8241e2c60392d08c6ac8e,0xb710b69a020625208d5bfcbcf04b6353c3c089060f8d7a1b78a3c581b08dc72a
222,308,1.39524,0xdd47706d67d0a776cb8ec47913c21dc1f06588f8,2017-11-02T01:39:15.000Z,0.00453,0x2eb10106bd53c82e70e98182cae2b2876bed5d5e,sell,0x957c30ab0426e0c93cd8241e2c60392d08c6ac8e,0x5d6e8f94ca00160784856ed2dd0c7e2ddd7e547fb304312b0cf308cf83f03ead
223,5,0.02306,0xbe81618cf71d920f06f37feb0afd41912d9a2e1c,2017-11-02T01:37:29.000Z,0.004612,0x9ecab597dfda4dd2e6bcf3230edc62bb9b8a9c2c,buy,0x957c30ab0426e0c93cd8241e2c60392d08c6ac8e,0x6991f2267b44e61378b49a80379548fc80c3b765d113820f8369af2c62265200
224,44,0.20402404,0x49d473522942c849b76563f7fa9f5d75eb671e20,2017-11-02T01:37:29.000Z,0.00463691,0x65f403f5ce12908bfa7d8089f54f097e8b686fae,buy,0x957c30ab0426e0c93cd8241e2c60392d08c6ac8e,0x6e797b0425bc515cc51bbd2abd816ad9b2e0f5ce45ab67c813e4877283c818c0
225,45,0.20866095,0x147ca19f781d923da085f351a88a831deaba1256,2017-11-02T01:35:43.000Z,0.00463691,0x65f403f5ce12908bfa7d8089f54f097e8b686fae,buy,0x957c30ab0426e0c93cd8241e2c60392d08c6ac8e,0x35358c965bc93ffd20976fe644301c17f1e254ebcd23e42095de6db36d76db67
226,2,0.00907,0x89808c49f858b86e80b892506cf11606fb25fcdc,2017-11-02T01:34:02.000Z,0.004535,0x2eb10106bd53c82e70e98182cae2b2876bed5d5e,sell,0x957c30ab0426e0c93cd8241e2c60392d08c6ac8e,0xd9cb4f0d24747edb6afb4f131cb6a9a389dc9bf9efc855baf182dae8ee864cf1
227,553,2.5001683,0xd1129e9f904c5771ec8c1d374238635d1f301e27,2017-11-02T01:34:02.000Z,0.0045211,0x2eb10106bd53c82e70e98182cae2b2876bed5d5e,sell,0x957c30ab0426e0c93cd8241e2c60392d08c6ac8e,0xcc3f7cffb5a2994d910388e921723b95e89d0c27e84b8ace1c0fb5f246627380
228,8,0.03632,0x7c6a14e1bd5c9c79dc80e32e441b497c801e24eb,2017-11-02T01:33:21.000Z,0.00454,0x2eb10106bd53c82e70e98182cae2b2876bed5d5e,sell,0x957c30ab0426e0c93cd8241e2c60392d08c6ac8e,0x1a530a9a01a82d27491d8c6df105946473cfcb8858e29ea761a681a18465125c
229,500,2.3245,0x147ca19f781d923da085f351a88a831deaba1256,2017-11-02T01:33:21.000Z,0.004649,0x78ad799f6e4fadee929e9eb0f43bfbd210ca1d02,buy,0x957c30ab0426e0c93cd8241e2c60392d08c6ac8e,0x08cade722d6d1efee2d062467802b66f3aa7370355125f8ace21057ae1d0c045
230,23,0.10442,0xc462e7b30c38fa5db9c950193014ccfdf74be410,2017-11-02T01:33:21.000Z,0.00454,0x2eb10106bd53c82e70e98182cae2b2876bed5d5e,sell,0x957c30ab0426e0c93cd8241e2c60392d08c6ac8e,0x31604b0c16579984fa6590757a2aab963baa6145409ff381d42701d404d9c8fe
231,83,0.37599,0xdd47706d67d0a776cb8ec47913c21dc1f06588f8,2017-11-02T01:31:20.000Z,0.00453,0x644af3600c80d398a6bba465badb09e713aba94b,sell,0x957c30ab0426e0c93cd8241e2c60392d08c6ac8e,0x12360c49b8164cabd88ece5316ce538e9c4b0c6b725e1df130b06248a9267c72
232,400,1.8144,0x723fa2df041440651a6ac8cdddcf81a0977a97e8,2017-11-02T01:25:32.000Z,0.004536,0xe86113ecef56ef8c1716a09405b5f4266f040402,sell,0x957c30ab0426e0c93cd8241e2c60392d08c6ac8e,0x6d2e9811ba6329bd5e6ad09b724f4f2e320b95cda51dd9ea7fcda06b5249614a
233,500,2.2675,0x89808c49f858b86e80b892506cf11606fb25fcdc,2017-11-02T01:24:50.000Z,0.004535,0xe86113ecef56ef8c1716a09405b5f4266f040402,sell,0x957c30ab0426e0c93cd8241e2c60392d08c6ac8e,0xac7a02ce25898db95469b68d0081a6fed444fa761e76344f6b4c52dd2cc69913
234,500,2.26875,0x78ad799f6e4fadee929e9eb0f43bfbd210ca1d02,2017-11-02T01:23:59.000Z,0.0045375,0xe86113ecef56ef8c1716a09405b5f4266f040402,sell,0x957c30ab0426e0c93cd8241e2c60392d08c6ac8e,0x682cce7ebd8c9d8a6ad15362d50aa3190cc661e134ebf4be0a62b9ff6742d465
235,12,0.0560898,0xe469084b3e4ee45c4bf60ebd98de348dfee7cba1,2017-11-02T01:09:12.000Z,0.00467415,0x65f403f5ce12908bfa7d8089f54f097e8b686fae,buy,0x957c30ab0426e0c93cd8241e2c60392d08c6ac8e,0xccf1bb4c5b05782a020e5b316cd5f4177696fa33ddafd1f6e56a040faba3a5aa
236,8,0.0373932,0x6d2f6b26c0fc44f9fed0957f679d0b22745ab066,2017-11-02T01:09:12.000Z,0.00467415,0x65f403f5ce12908bfa7d8089f54f097e8b686fae,buy,0x957c30ab0426e0c93cd8241e2c60392d08c6ac8e,0xf6c3c4e886126ab3fd93ff7f9931b13cfbcb30dcb6c32c88557dd1daf4774b64
237,498,2.25843,0x89808c49f858b86e80b892506cf11606fb25fcdc,2017-11-02T01:02:51.000Z,0.004535,0xf44072eda87ede9613b6ae1b812de8a60ade27a2,sell,0x957c30ab0426e0c93cd8241e2c60392d08c6ac8e,0x82cd142157bbb82f562be1cb2b7d8ec0d49c3f96ea088c144513cce7a135c733
238,500,2.25,0xf44072eda87ede9613b6ae1b812de8a60ade27a2,2017-11-02T01:02:51.000Z,0.0045,0x2f005dc7081dbe3bfeece943c193b073409ff1f3,buy,0x957c30ab0426e0c93cd8241e2c60392d08c6ac8e,0x82cd142157bbb82f562be1cb2b7d8ec0d49c3f96ea088c144513cce7a135c733
239,141,0.640319775,0xa59fb839e80142c9d0515155702d35f9dce4439e,2017-11-02T00:59:07.000Z,0.004541275,0x64dde34260be8cfcf7579561012f2dfbb4822fbc,sell,0x957c30ab0426e0c93cd8241e2c60392d08c6ac8e,0x1cfab20824bba8799c25fd64afca1959c087e66565068f1f2f299b41aa2e4940
240,2,0.0093802,0x568cbdd99da79418f81fb5304661c18b84e7b609,2017-11-02T00:55:29.000Z,0.0046901,0x7d25cc71cc49fbf95ff082be2e5f516075b2ea28,buy,0x957c30ab0426e0c93cd8241e2c60392d08c6ac8e,0xede5a83bccfa47406356b1dd6b4795fb6b0883a99e8edf4531991ca5ebf7faf1
241,19,0.09052452,0xd33e0d4e8eb5fb98b04bad1bddb7060c29c1eb0e,2017-11-02T00:54:21.000Z,0.004764448421052631,0x2069d07fc4163d0a09885d3a45c47d453d0cf2a2,buy,0x957c30ab0426e0c93cd8241e2c60392d08c6ac8e,0x55d00ca21cf71bc6359d57ff9c5ec0df3f1dc447d24ff8213fa442555d0e60a9
242,132,0.6230010282713724,0x1b3ea4a227b14002206e7f97907ffbeede9833f2,2017-11-02T00:48:11.000Z,0.004719704759631608,0x7d25cc71cc49fbf95ff082be2e5f516075b2ea28,buy,0x957c30ab0426e0c93cd8241e2c60392d08c6ac8e,0xaf447546af1d3964e78a78df0f67ee12bc0659292fc1e6a66cb6343e38cc0255
243,9,0.0422109,0x6d2f6b26c0fc44f9fed0957f679d0b22745ab066,2017-11-02T00:45:00.000Z,0.0046901,0x7d25cc71cc49fbf95ff082be2e5f516075b2ea28,buy,0x957c30ab0426e0c93cd8241e2c60392d08c6ac8e,0xbbc9b006a1d3e7bd5e8bf14be8673e871a16442018a27eab4f26b4f26b538f1b
244,3,0.01396797,0x209f8b40291f4e8f6afd03a164c292ae077e2647,2017-11-02T00:43:46.000Z,0.00465599,0x65f403f5ce12908bfa7d8089f54f097e8b686fae,buy,0x957c30ab0426e0c93cd8241e2c60392d08c6ac8e,0x297a79274f73463839e50735414016b21bdfc5e49b36ca88a50d7b4c5ab26923
245,1050,4.924605,0x4e384c75549e551941d0200bd9b4f9175f81f70f,2017-11-02T00:43:04.000Z,0.0046901,0x7d25cc71cc49fbf95ff082be2e5f516075b2ea28,buy,0x957c30ab0426e0c93cd8241e2c60392d08c6ac8e,0xa10ec7e8f32eb66d70755a711dd758d99bb19a6d1b4f87411b02ad58ee9ad47f
246,99,0.4687024947884878,0x5c7162c8cbc3dc8f677ec4a12398bcbfc63d74a2,2017-11-02T00:23:06.000Z,0.004734368634227149,0x7d25cc71cc49fbf95ff082be2e5f516075b2ea28,buy,0x957c30ab0426e0c93cd8241e2c60392d08c6ac8e,0x367058d25465f7f1bc5ede6730d6566b2dfffc743715d45ea8b40209e3a4e719
247,1374,6.22422,0xdd47706d67d0a776cb8ec47913c21dc1f06588f8,2017-11-02T00:21:44.000Z,0.00453,0x9f04783da4791f63f0a9b4301be3cd9038340314,sell,0x957c30ab0426e0c93cd8241e2c60392d08c6ac8e,0x3451121926c0e3cf15fa46ae41394e20b348337407be5575993a7f6bd13ba3ba
248,109,0.509482241,0x8d19a5c86cf176d49419dd7e4eec7b81b96431c4,2017-11-02T00:20:04.000Z,0.004674149,0x9f04783da4791f63f0a9b4301be3cd9038340314,sell,0x957c30ab0426e0c93cd8241e2c60392d08c6ac8e,0xf3e574c98201189509b18393f623e600421e8ead946ec11490fcb7678d75727a
249,165,0.748275,0x32bd6f12611d40277201f28c976c6afe1f4e5612,2017-11-02T00:19:47.000Z,0.004535,0x9f04783da4791f63f0a9b4301be3cd9038340314,sell,0x957c30ab0426e0c93cd8241e2c60392d08c6ac8e,0x7161cdf7e5366540b4f7a6894dbcef09a8f21b80bd0bea0fe6567683f0796fef
250,225,1.01925,0x6265ec1b39ad74d12af99332d48be401d0083fd4,2017-11-02T00:19:33.000Z,0.00453,0x9f04783da4791f63f0a9b4301be3cd9038340314,sell,0x957c30ab0426e0c93cd8241e2c60392d08c6ac8e,0x8cbead0c53a76052623c1eed3fba0f587b41cbbc39e1adeba5cb7c4f65ad22f6
251,1000,4.522,0x7f427765bb3d5a97ff1cea9ac99c0879497a6163,2017-11-02T00:19:33.000Z,0.004522,0x9f04783da4791f63f0a9b4301be3cd9038340314,sell,0x957c30ab0426e0c93cd8241e2c60392d08c6ac8e,0x028aa5ca4afcab183e6b8ff0c3ba3e5ee3fc6c53d794cfd5501559a130689eb7
252,107,0.500133943,0x8d19a5c86cf176d49419dd7e4eec7b81b96431c4,2017-11-02T00:19:33.000Z,0.004674149,0xbc354b9c89fdd6df1cec185428ffdcca71d31e88,sell,0x957c30ab0426e0c93cd8241e2c60392d08c6ac8e,0x814e87cc41de0a6fd258a7b8b20721ded77d6f91539bf9804d8f6a43866f1cc2
253,109,0.49599578,0x65f403f5ce12908bfa7d8089f54f097e8b686fae,2017-11-02T00:17:29.000Z,0.00455042,0xbc354b9c89fdd6df1cec185428ffdcca71d31e88,sell,0x957c30ab0426e0c93cd8241e2c60392d08c6ac8e,0xa54b446f2faea628fef14987334e934ff928af55e2cc706e6239626b107b4704
254,92,0.417312,0x1a89240dc344578f6951f041a856edbd9efa0cd7,2017-11-02T00:16:58.000Z,0.004536,0xbc354b9c89fdd6df1cec185428ffdcca71d31e88,sell,0x957c30ab0426e0c93cd8241e2c60392d08c6ac8e,0x1bc0d92784cef1726a528393e859840b2d1c89e06f1b0af918ce71c057cc896a
255,90,0.4185,0x49e0fe07f8193f9a23d5944ae2c08200bdba3996,2017-11-02T00:16:55.000Z,0.00465,0xbc354b9c89fdd6df1cec185428ffdcca71d31e88,sell,0x957c30ab0426e0c93cd8241e2c60392d08c6ac8e,0xb754a3aeaec3710760678b644bec83bc65318253f839856e7281d27e0d343340
256,600,2.79,0x49e0fe07f8193f9a23d5944ae2c08200bdba3996,2017-11-02T00:15:39.000Z,0.00465,0xbc354b9c89fdd6df1cec185428ffdcca71d31e88,sell,0x957c30ab0426e0c93cd8241e2c60392d08c6ac8e,0x905ce92c725200a9ca78cecd403aa6be23811e870b883aa526bce01c7199196f
257,305,1.41825,0x7ffc038a5e44663615c712c88f6854f39d8d7feb,2017-11-02T00:15:07.000Z,0.00465,0xd5552aaeec4f69f81e620623709eea0afc6b5ada,buy,0x957c30ab0426e0c93cd8241e2c60392d08c6ac8e,0x7ba7769271a161827dc4efad2d71dd0a8f7fdff786a8a7644f65e7141b32168f
258,2425,11.27625,0x7ffc038a5e44663615c712c88f6854f39d8d7feb,2017-11-02T00:15:07.000Z,0.00465,0x776e52f9d244427639b5fa301d1759d8032af94c,buy,0x957c30ab0426e0c93cd8241e2c60392d08c6ac8e,0x26fad1a9acee2850e936c325693b5fcdc9e85a9e1083312b7a48515c40872886
259,14,0.06748,0xed8749c24a7b491a674ee7aaf83d2ce684be8240,2017-11-02T00:11:07.000Z,0.00482,0x8241c1446ef511f78387edccc6ece5e2d8553cdc,sell,0x957c30ab0426e0c93cd8241e2c60392d08c6ac8e,0x5a911dd0acd778ba658bfd04a232afd78c83f86bf0d08f29e9915d620fb4e84f
260,8,0.0372,0x6fdd67e67974d559cfde6615365010f43bfb086e,2017-11-02T00:11:07.000Z,0.00465,0xd5552aaeec4f69f81e620623709eea0afc6b5ada,buy,0x957c30ab0426e0c93cd8241e2c60392d08c6ac8e,0x3a5f566f6cc4e17116a706d5e60c725db7321b5ef3c8f1fca794790ecd78f811
261,57,0.26642655,0x976e9255138b74f3d24be7b86246514dd4b58e22,2017-11-02T00:10:23.000Z,0.00467415,0x65f403f5ce12908bfa7d8089f54f097e8b686fae,buy,0x957c30ab0426e0c93cd8241e2c60392d08c6ac8e,0x47f120fc44d2539fa1f1b8ac21b19f1c729703eee49f7216e04903938576e8eb
262,4,0.0152,0xa99d3d94e9c7448de1f9d15eb6d22d91f7cc17a5,2017-11-02T00:09:15.000Z,0.0038,0x0aebd68c45e45e4eb643589763d44602933ab00e,sell,0x957c30ab0426e0c93cd8241e2c60392d08c6ac8e,0xad982b5d905052ee51d42e888623027fdb47b798ed647f36d2d82d5b2f766a8b
263,105,0.42,0x273a5d3e6721b9f5c1a6474f560c1334c63dda01,2017-11-01T23:59:56.000Z,0.004,0xa6a2c1ecfa2a03fe8a766f4438d78403014959d2,buy,0x957c30ab0426e0c93cd8241e2c60392d08c6ac8e,0xd0176d97d6348b8cd081460245a256cbd2193bfcec9019c72578d643567372ce
264,104,0.471744,0x1a89240dc344578f6951f041a856edbd9efa0cd7,2017-11-01T23:59:56.000Z,0.004536,0x273a5d3e6721b9f5c1a6474f560c1334c63dda01,sell,0x957c30ab0426e0c93cd8241e2c60392d08c6ac8e,0xd0176d97d6348b8cd081460245a256cbd2193bfcec9019c72578d643567372ce
265,22,0.09988,0x6fdd67e67974d559cfde6615365010f43bfb086e,2017-11-01T23:51:33.000Z,0.00454,0x3d8f6ffbc896359dad985cfc75dd38382f273efb,buy,0x957c30ab0426e0c93cd8241e2c60392d08c6ac8e,0xdfd192823e6c40734fe6d59da99bd06278ef55e4229df0e8cb8b0168eb7b7a56
266,20,0.0934736,0x6fdd67e67974d559cfde6615365010f43bfb086e,2017-11-01T23:49:02.000Z,0.00467368,0x65f403f5ce12908bfa7d8089f54f097e8b686fae,buy,0x957c30ab0426e0c93cd8241e2c60392d08c6ac8e,0x9ac1a5a3df293cfeb1d50da92f1fbd2fe5135309d351d63e1569f447ce0a8418
267,1000,4.522,0x7f427765bb3d5a97ff1cea9ac99c0879497a6163,2017-11-01T23:45:26.000Z,0.004522,0xade22997da05c58f2024b4242946ac0d2072e43f,sell,0x957c30ab0426e0c93cd8241e2c60392d08c6ac8e,0xab3bc84fcc63e0878fc2656b901d4e7d800ae48af51d28848e7a99763e921b79
268,20,0.093455,0x6fdd67e67974d559cfde6615365010f43bfb086e,2017-11-01T23:38:45.000Z,0.00467275,0x65f403f5ce12908bfa7d8089f54f097e8b686fae,buy,0x957c30ab0426e0c93cd8241e2c60392d08c6ac8e,0xa3e5e533a0b88b70f7c3f60b5ffe4f7e7c6c375a6d01f775d0705437014858cd
269,10,0.04708219740985906,0xae61b82cfdb557f1441677c1a6227ff77b32c08b,2017-11-01T23:38:06.000Z,0.004708219740985906,0x65f403f5ce12908bfa7d8089f54f097e8b686fae,buy,0x957c30ab0426e0c93cd8241e2c60392d08c6ac8e,0xb8f5115449d90ddfb2c2883b6753f53f4d4f0320ff86ce73474293ced88321e7
270,300,1.35603,0x8241c1446ef511f78387edccc6ece5e2d8553cdc,2017-11-01T23:30:20.000Z,0.0045201,0xe86113ecef56ef8c1716a09405b5f4266f040402,sell,0x957c30ab0426e0c93cd8241e2c60392d08c6ac8e,0x2f19a6def34c834acbd54a447fbac6dccd84060e060fc779a4d317b0630c1be9
271,108,0.5109179523335596,0xf1e11311adb29eef25861a943db4486ea2b41b41,2017-11-01T23:28:12.000Z,0.004730721780866293,0x2541978e405ca3c32ec76fc137b93b4d8aeb924b,buy,0x957c30ab0426e0c93cd8241e2c60392d08c6ac8e,0x7128e22adf93b0c1c58af6ce6410fbceccf0a24637b2a1940a91ecf2a415eaed
272,333,1.581417,0xf1e11311adb29eef25861a943db4486ea2b41b41,2017-11-01T23:23:10.000Z,0.004749,0x8241c1446ef511f78387edccc6ece5e2d8553cdc,buy,0x957c30ab0426e0c93cd8241e2c60392d08c6ac8e,0x77e0531b90a88b7ac6246e9f6d4f1360b5c650c32df02eacba8ea8993ac074d7
273,1000,4.5,0x7e7f1e156fe38f1377a50e8a58bce01f7f32f335,2017-11-01T23:18:15.000Z,0.0045,0xca3af5de172f17e4b1f6ab73cfec7772c965340c,sell,0x957c30ab0426e0c93cd8241e2c60392d08c6ac8e,0x07031c06e3c6675a2ea85cf513814bdc271421efb787b4ddde94b0a2603cc182
274,336,1.5969153412881836,0x7fa35f38f356c046edda0474ca8ca7136b562460,2017-11-01T23:17:41.000Z,0.004752724230024355,0x2069d07fc4163d0a09885d3a45c47d453d0cf2a2,buy,0x957c30ab0426e0c93cd8241e2c60392d08c6ac8e,0x6cda19cb5381f414b68e8d710238df97df52aa046586c6b8d17ddd073ef0363d
275,110,0.4976235,0x65f403f5ce12908bfa7d8089f54f097e8b686fae,2017-11-01T23:16:59.000Z,0.00452385,0x884246cb490205f1183ac60f937bbca2d99f76b2,sell,0x957c30ab0426e0c93cd8241e2c60392d08c6ac8e,0xf6c965808952498967f2bb3b823372cd602f27eb80bafe7b28253c7b606d42a5
276,1317,5.9265,0x7e7f1e156fe38f1377a50e8a58bce01f7f32f335,2017-11-01T23:10:35.000Z,0.0045,0x6bc209be1dba2aa9b1ab642040581969d52fe9e2,sell,0x957c30ab0426e0c93cd8241e2c60392d08c6ac8e,0x4568d50218e82a1e12a953d77db57a5bd9d21097bc4900148cc5eebfc289ae8c
277,12,0.056772,0xae61b82cfdb557f1441677c1a6227ff77b32c08b,2017-11-01T23:09:42.000Z,0.004731,0x884246cb490205f1183ac60f937bbca2d99f76b2,sell,0x957c30ab0426e0c93cd8241e2c60392d08c6ac8e,0x77de193df68be2a04c61406aa1be13e4e0d9d7e468cb2ba7758940caef743900
278,10,0.04749,0xad3038c2bf6e65a0807026760893f1a953e24e57,2017-11-01T23:09:28.000Z,0.004749,0x884246cb490205f1183ac60f937bbca2d99f76b2,sell,0x957c30ab0426e0c93cd8241e2c60392d08c6ac8e,0xd7598d1fe8a376266e8fba95ce110b59f66717e3fb5d3fbb46b15fae1032ba3f
279,459,2.166939,0x66e56be69fdbe88fb1bb3b0d6264638bfc4887bc,2017-11-01T23:07:55.000Z,0.004721,0x2069d07fc4163d0a09885d3a45c47d453d0cf2a2,sell,0x957c30ab0426e0c93cd8241e2c60392d08c6ac8e,0x5e53edfcf676da1851899ce4a51bee37d7b90c6f0c8ce42f73c1890a1047f854
280,252,1.1466,0x2f7ad4db3197bb701634f723723967dab3f0aaec,2017-11-01T23:05:17.000Z,0.00455,0x6bc209be1dba2aa9b1ab642040581969d52fe9e2,sell,0x957c30ab0426e0c93cd8241e2c60392d08c6ac8e,0xd9b595ce771afed3d82a91288205bd744562827dc71d44d7a343eef300610100
281,148,0.702852,0x72006d55bc3df3ee85fcdef9863134a61bef59c4,2017-11-01T23:04:45.000Z,0.004749,0x8241c1446ef511f78387edccc6ece5e2d8553cdc,buy,0x957c30ab0426e0c93cd8241e2c60392d08c6ac8e,0xe7fc465760fd383ce1baa8dffd57bfca00074469aab89999ac6369786309218e
282,8,0.037992,0x6d2f6b26c0fc44f9fed0957f679d0b22745ab066,2017-11-01T23:03:00.000Z,0.004749,0x8241c1446ef511f78387edccc6ece5e2d8553cdc,buy,0x957c30ab0426e0c93cd8241e2c60392d08c6ac8e,0xca75e8357de9fecf31d1808160468c8e4a460f3f8f3d21fd9b1114ce3387c5ed
283,54,0.2610284617685176,0x7fa35f38f356c046edda0474ca8ca7136b562460,2017-11-01T23:02:39.000Z,0.004833860403120696,0x8241c1446ef511f78387edccc6ece5e2d8553cdc,buy,0x957c30ab0426e0c93cd8241e2c60392d08c6ac8e,0x6f7607d9aa3556511ae28acf13f482db77822940ea08e1f277e90d802afc8a8e
284,10,0.04749,0x6fdd67e67974d559cfde6615365010f43bfb086e,2017-11-01T23:02:34.000Z,0.004749,0x8241c1446ef511f78387edccc6ece5e2d8553cdc,buy,0x957c30ab0426e0c93cd8241e2c60392d08c6ac8e,0x5f5931f610d166b663b70ed6300363edbc1d45ea65a02ae36e60ef12b382933a
285,99,0.467379,0x66e56be69fdbe88fb1bb3b0d6264638bfc4887bc,2017-11-01T23:01:53.000Z,0.004721,0x6f09ef3d1ece52e9c26e1ee2b004a93c7107ab0c,sell,0x957c30ab0426e0c93cd8241e2c60392d08c6ac8e,0x8f3cf34d1a91133f4d1b11773103025545b1313b82f86f9502fe7c09464d50d5
286,3,0.014247,0xca3af5de172f17e4b1f6ab73cfec7772c965340c,2017-11-01T23:01:53.000Z,0.004749,0x8241c1446ef511f78387edccc6ece5e2d8553cdc,buy,0x957c30ab0426e0c93cd8241e2c60392d08c6ac8e,0x8869a9ff553c0e684d0adb7b0b51905d8b6902bf34290be45946760a37eaeff2
287,50,0.23745,0x7fa35f38f356c046edda0474ca8ca7136b562460,2017-11-01T23:01:53.000Z,0.004749,0x8241c1446ef511f78387edccc6ece5e2d8553cdc,buy,0x957c30ab0426e0c93cd8241e2c60392d08c6ac8e,0x2ed3579052edbf6ef453797230bd1978432c7781cb32238dde9adf058a1f11df
288,79,0.372959,0x66e56be69fdbe88fb1bb3b0d6264638bfc4887bc,2017-11-01T23:01:53.000Z,0.004721,0xe8923a76b34169d4e3982889f7525c110c4e7da3,sell,0x957c30ab0426e0c93cd8241e2c60392d08c6ac8e,0xf7d04e1c2ff68897e4ff48c7c121f5ba34539aea71d808cb8c1f4c7f437d4d43
289,32,0.151072,0x66e56be69fdbe88fb1bb3b0d6264638bfc4887bc,2017-11-01T22:58:32.000Z,0.004721,0x611e53117785ab6fc6699c22b167abaaec55c436,sell,0x957c30ab0426e0c93cd8241e2c60392d08c6ac8e,0x41c24f2a1f592b00e7391edc19913186c0af76c0a9b3b392cd58f28465faa646
290,50,0.23605,0x66e56be69fdbe88fb1bb3b0d6264638bfc4887bc,2017-11-01T22:57:36.000Z,0.004721,0x71cefe0bc1d33439f3bd17c0129e047cd38eefdc,sell,0x957c30ab0426e0c93cd8241e2c60392d08c6ac8e,0x5c42d701ecf1f748a534de5583c9613ddbb2a8c11be5fffa295ce7fcc4273ea1
291,33,0.156717,0x611e53117785ab6fc6699c22b167abaaec55c436,2017-11-01T22:56:46.000Z,0.004749,0x8241c1446ef511f78387edccc6ece5e2d8553cdc,buy,0x957c30ab0426e0c93cd8241e2c60392d08c6ac8e,0xb160a01360f1d46f314419bd4acc0a744632e8ea8a112ad7c6187c28e1813a64
292,350,1.610000035,0xd04bf8bdb32ed81b4528d5036a810d170afaa18f,2017-11-01T22:56:27.000Z,0.0046000001,0x6bc209be1dba2aa9b1ab642040581969d52fe9e2,sell,0x957c30ab0426e0c93cd8241e2c60392d08c6ac8e,0x63f4fb1a98e1f4d1fee9ef8db38392e074640fbfe3dc823f6e60760eb1b60646
293,29,0.13688,0xdaa61592b4d8e4d8440e1981afa3be3441d28b91,2017-11-01T22:56:27.000Z,0.00472,0x6bc209be1dba2aa9b1ab642040581969d52fe9e2,sell,0x957c30ab0426e0c93cd8241e2c60392d08c6ac8e,0xdb38ebbf9eaa430d4db84bff0daccc61e1243d435255101fd55463fb2ec4e4ea
294,106,0.500426,0x66e56be69fdbe88fb1bb3b0d6264638bfc4887bc,2017-11-01T22:55:01.000Z,0.004721,0x941cba1fb6d616c8c4d4e844c8d5d5cec75de2ef,sell,0x957c30ab0426e0c93cd8241e2c60392d08c6ac8e,0xb6433ffe099625a19158fc72d1b07c21ce3bc8484659533dddb79d997429e3b8
295,103,0.48895645,0x6bc209be1dba2aa9b1ab642040581969d52fe9e2,2017-11-01T22:54:18.000Z,0.00474715,0x65f403f5ce12908bfa7d8089f54f097e8b686fae,buy,0x957c30ab0426e0c93cd8241e2c60392d08c6ac8e,0x7afcf5825d4ef8275db0e4b2c17f84cc3fee782cf652fde8b6ae8ee15f4ea6ec
296,167,0.7975276878939767,0x976b04b5b93bd006c443e17c98f4251167236ed9,2017-11-01T22:52:35.000Z,0.0047756148975687225,0x2069d07fc4163d0a09885d3a45c47d453d0cf2a2,buy,0x957c30ab0426e0c93cd8241e2c60392d08c6ac8e,0xe506879412eee2dcce3476a9e9d015a366c00cbb296366e46619bee7800dbda8
297,22,0.103862,0x66e56be69fdbe88fb1bb3b0d6264638bfc4887bc,2017-11-01T22:51:57.000Z,0.004721,0xf6a4a33563762620de510db64fbe86e1f8f08340,sell,0x957c30ab0426e0c93cd8241e2c60392d08c6ac8e,0xfd1986e43d86a769c34a0258bce4fcaa42049113a86982e42b13e66befbb0c7c
298,12,0.0564,0x7e7f1e156fe38f1377a50e8a58bce01f7f32f335,2017-11-01T22:47:23.000Z,0.0047,0xcc16e731603785a71da1ecdd99acb29ae1cf85d3,sell,0x957c30ab0426e0c93cd8241e2c60392d08c6ac8e,0x7e1976cad641a9919b30ddc3c3d0a5931a3f2ede232c9c9f9363aa46677e578a
299,155,0.7403502522189077,0x6cdd909ef1b04e23e32f1f5bb046a6febf6ecba4,2017-11-01T22:47:23.000Z,0.004776453240121985,0x2069d07fc4163d0a09885d3a45c47d453d0cf2a2,buy,0x957c30ab0426e0c93cd8241e2c60392d08c6ac8e,0x0b4a003c22c1460daf9fafe90ffb7f99a38556b80c4329bc0a85fcc1058f7d75
300,1,0.00472,0xdaa61592b4d8e4d8440e1981afa3be3441d28b91,2017-11-01T22:42:13.000Z,0.00472,0x00951d941e5ec560370ad52619b07e4f60a95440,sell,0x957c30ab0426e0c93cd8241e2c60392d08c6ac8e,0xfbc1e7c139ac3a358cf3d720d33ab1371419ab7b70235e35206af22d45139fcb
301,309,1.45848,0xdaa61592b4d8e4d8440e1981afa3be3441d28b91,2017-11-01T22:42:13.000Z,0.00472,0x09e396aca9535fffc68c72f880ab36e252b73a43,sell,0x957c30ab0426e0c93cd8241e2c60392d08c6ac8e,0x8225a40cc04a13cb38296850d7d02f2d699252dbf77d9f4921bfa1165ac5a69b
302,3988,18.7436,0x7e7f1e156fe38f1377a50e8a58bce01f7f32f335,2017-11-01T22:41:29.000Z,0.0047,0x00951d941e5ec560370ad52619b07e4f60a95440,sell,0x957c30ab0426e0c93cd8241e2c60392d08c6ac8e,0x7e7e5057927e31543af8ab5af74653b2f05916d748de063fa7b232b1e5b8c56d
303,1000,4.7,0x7e7f1e156fe38f1377a50e8a58bce01f7f32f335,2017-11-01T22:40:57.000Z,0.0047,0xca3af5de172f17e4b1f6ab73cfec7772c965340c,sell,0x957c30ab0426e0c93cd8241e2c60392d08c6ac8e,0xae9132e19e687bb6d6ac595cabce5826c15ed5bf58b0922c2950ff2fe48ef851
304,8,0.04,0xb853b9fb85eb1343adee0e0dbaf540ad3084095c,2017-11-01T22:40:11.000Z,0.005,0x1ca9bd189db5ab9099a4b17a15cf3ac3da289c38,sell,0x957c30ab0426e0c93cd8241e2c60392d08c6ac8e,0x92560754b3a4d2d5d4797ea8c752e845ac900a251f548a5e0d357e45af5de972
305,103,0.49726752,0x65f403f5ce12908bfa7d8089f54f097e8b686fae,2017-11-01T22:39:54.000Z,0.00482784,0x09e396aca9535fffc68c72f880ab36e252b73a43,sell,0x957c30ab0426e0c93cd8241e2c60392d08c6ac8e,0x1db9575c4e555f036de60439ab9ae5ea7b009cfd759f3cf6054cf25f5a7364fa
306,705,3.384,0x2541978e405ca3c32ec76fc137b93b4d8aeb924b,2017-11-01T22:39:45.000Z,0.0048,0x09e396aca9535fffc68c72f880ab36e252b73a43,sell,0x957c30ab0426e0c93cd8241e2c60392d08c6ac8e,0x1075b702350bd9f712564b7928b2b1112defcefa22800f2092a517390db722b8
307,15,0.075,0xafca1d1517f1f1833434910d7c447c1238e1c65c,2017-11-01T22:39:45.000Z,0.005,0x1ca9bd189db5ab9099a4b17a15cf3ac3da289c38,sell,0x957c30ab0426e0c93cd8241e2c60392d08c6ac8e,0x8a4cbdfbb5593f89ca417e438b4e96108e0c4505f38c0912fe6d3e14bb284007
308,15,0.075,0x513597cb6f9a36eb2207249d84abdff48e46b45c,2017-11-01T22:37:44.000Z,0.005,0x4bd8211d0369c6b6f87f2369208e056e01a9f24e,buy,0x957c30ab0426e0c93cd8241e2c60392d08c6ac8e,0x45db96600c7886a06e682574262ada8a3f2de78aa7c16db55b1c11e3d8d15375
309,10,0.056,0x513597cb6f9a36eb2207249d84abdff48e46b45c,2017-11-01T22:36:39.000Z,0.0056,0x0822afd1603c6772ab28c17af5d5b6fd0b1a6961,buy,0x957c30ab0426e0c93cd8241e2c60392d08c6ac8e,0x14bbbfb3f3360110d1341e7a16657352f0c79aeb659897f1d1f68c8005cc3481
310,12,0.0678,0x513597cb6f9a36eb2207249d84abdff48e46b45c,2017-11-01T22:36:39.000Z,0.00565,0x4a51a658c342e64acfde23b4a61226f6df238aab,buy,0x957c30ab0426e0c93cd8241e2c60392d08c6ac8e,0x7414dc443dec45dbddbc5dee817961dc3a67a87cf30c94804d91e16f390fe6d3
311,16,0.0816,0xdbb612dc61ccc5016136d98abec0cb8f52049b90,2017-11-01T22:35:25.000Z,0.0051,0x09e396aca9535fffc68c72f880ab36e252b73a43,sell,0x957c30ab0426e0c93cd8241e2c60392d08c6ac8e,0x223e795079cc8630264bf81b804acac6efe38384f1ef5e5c52c08e7e087aefb5
312,164,0.8394178048051042,0x36030712679f949043d2b6c5079e56931ce9f5a3,2017-11-01T22:34:47.000Z,0.005118401248811611,0xbc33eb933fd599f1dbe5a497d904b62467857621,buy,0x957c30ab0426e0c93cd8241e2c60392d08c6ac8e,0x5c5949154763aa2d3f80bb010917d36ff607bf756b21a9c630a4b90d5e6e6e3f
313,226,1.166838,0x513597cb6f9a36eb2207249d84abdff48e46b45c,2017-11-01T22:33:50.000Z,0.005163,0x2970854dc4a8c4154df0e9372b08ee05b799b842,buy,0x957c30ab0426e0c93cd8241e2c60392d08c6ac8e,0x890c25877d5a0c185344ed13cc5ecca9040b41afc197b987f432ed185f0b7a89
314,25,0.1275,0xdbb612dc61ccc5016136d98abec0cb8f52049b90,2017-11-01T22:33:09.000Z,0.0051,0x7d4638b1d01b1c89a6bbaa55f85d26185abe7020,sell,0x957c30ab0426e0c93cd8241e2c60392d08c6ac8e,0xf6af123ba814e1986daa8f7e2fca2d3390c0e8cc6246b36aefd8a222c8a2bd5f
315,33,0.170412,0x3b7e651384e2eb31ed894a5843cb23215420b5b0,2017-11-01T22:27:45.000Z,0.005164,0x2069d07fc4163d0a09885d3a45c47d453d0cf2a2,buy,0x957c30ab0426e0c93cd8241e2c60392d08c6ac8e,0x2a484974b70885e947d0ac13f27e71d1bb86463a9870c1465f60fbb6117d6e9f
316,13,0.0663,0xdbb612dc61ccc5016136d98abec0cb8f52049b90,2017-11-01T22:26:12.000Z,0.0051,0xca3af5de172f17e4b1f6ab73cfec7772c965340c,sell,0x957c30ab0426e0c93cd8241e2c60392d08c6ac8e,0x5f03135b3517075c4842c3b3dfb75d9ecc0eccf5f5083b2476415cc1868edc39
317,127,0.6608464015763077,0x301146c2485a214112ac8013edd444cc71610436,2017-11-01T22:22:22.000Z,0.005203514973041793,0x09e396aca9535fffc68c72f880ab36e252b73a43,buy,0x957c30ab0426e0c93cd8241e2c60392d08c6ac8e,0xac7d92944597ca627a7a933d451c6327ce8346b9e5a2feb0389563236b7f852b
318,229,1.1679,0xdbb612dc61ccc5016136d98abec0cb8f52049b90,2017-11-01T22:20:58.000Z,0.0051,0x29aa952cf81cea18579355cdc21a672e5c0b607b,sell,0x957c30ab0426e0c93cd8241e2c60392d08c6ac8e,0x7058453be8eb800381f2d67e85f49acc8a3f92bbf81dd4ea80e0d46bc5c7f856
319,117,0.6052375110987064,0x4c9ddb4cd78f50b94e3b8ad59a34fde952e46dee,2017-11-01T22:20:58.000Z,0.005172970180330824,0x74ab7c018c320e3446c1237a476a96edf4e35a8d,buy,0x957c30ab0426e0c93cd8241e2c60392d08c6ac8e,0x914ed7dd7038c03c85a048a0c6d6183bbea0fe5b07396514a8fcee0269071be7
320,9,0.0459,0xdbb612dc61ccc5016136d98abec0cb8f52049b90,2017-11-01T22:19:12.000Z,0.0051,0xd2fd2941a0bbd2bdbd1e59e5e7b9f9d2ce7eb5ff,sell,0x957c30ab0426e0c93cd8241e2c60392d08c6ac8e,0x907b27e7c8d0f67913ae2b2b6d5c9aaf9eb0f5d2fa00a791038857ead254170f
321,664,3.3864,0xdaa61592b4d8e4d8440e1981afa3be3441d28b91,2017-11-01T22:19:12.000Z,0.0051,0x2541978e405ca3c32ec76fc137b93b4d8aeb924b,buy,0x957c30ab0426e0c93cd8241e2c60392d08c6ac8e,0xf2b022c2d80b151fc8d04fb45d52240d43353e5c7fa0adc2acedefcac825be14
322,100,0.51,0xdbb612dc61ccc5016136d98abec0cb8f52049b90,2017-11-01T22:19:12.000Z,0.0051,0xca3af5de172f17e4b1f6ab73cfec7772c965340c,sell,0x957c30ab0426e0c93cd8241e2c60392d08c6ac8e,0x3152818c17f138088ad0c70239e8ce0959e237ea7972bb35a62e2ffc6204f517
323,664,3.3864,0xdaa61592b4d8e4d8440e1981afa3be3441d28b91,2017-11-01T22:19:00.000Z,0.0051,0x2541978e405ca3c32ec76fc137b93b4d8aeb924b,buy,0x957c30ab0426e0c93cd8241e2c60392d08c6ac8e,0xf2b022c2d80b151fc8d04fb45d52240d43353e5c7fa0adc2acedefcac825be14
324,9,0.0459,0xdbb612dc61ccc5016136d98abec0cb8f52049b90,2017-11-01T22:19:00.000Z,0.0051,0xd2fd2941a0bbd2bdbd1e59e5e7b9f9d2ce7eb5ff,sell,0x957c30ab0426e0c93cd8241e2c60392d08c6ac8e,0x907b27e7c8d0f67913ae2b2b6d5c9aaf9eb0f5d2fa00a791038857ead254170f
325,58,0.29986,0xff942250acda7c9964a58324643dde627eebf5a7,2017-11-01T22:15:55.000Z,0.00517,0x134cdb5207fc028bdc55e1b0c843bc59cc8bf0b4,buy,0x957c30ab0426e0c93cd8241e2c60392d08c6ac8e,0x97360073a92014aa194a67b2437d3f15620318620410dbfe3dbc501d600a5acb
326,223,1.14845,0xff942250acda7c9964a58324643dde627eebf5a7,2017-11-01T22:14:45.000Z,0.00515,0x2f7ad4db3197bb701634f723723967dab3f0aaec,buy,0x957c30ab0426e0c93cd8241e2c60392d08c6ac8e,0x2480edf95268422dfd0511b5e542aa62d591f17dec216b64eccb392675f6ce48
327,123,0.616761813545808,0xff942250acda7c9964a58324643dde627eebf5a7,2017-11-01T22:14:09.000Z,0.0050143236873642924,0x6cdd909ef1b04e23e32f1f5bb046a6febf6ecba4,buy,0x957c30ab0426e0c93cd8241e2c60392d08c6ac8e,0x71a06083c81ac789ed091f003f99745f9ae26e0e2b46246b4c0df74763106176
328,321,1.605,0xff942250acda7c9964a58324643dde627eebf5a7,2017-11-01T22:12:59.000Z,0.005,0xd04bf8bdb32ed81b4528d5036a810d170afaa18f,buy,0x957c30ab0426e0c93cd8241e2c60392d08c6ac8e,0x0893b8181d204a291963a2fba3bf6925ea94d815a196c6b65b3439febf03ef76
329,35,0.17944372445419202,0x63f3914c1ec21b9fdb0326b15f48475fc0f8d60c,2017-11-01T22:12:59.000Z,0.005126963555834058,0x6cdd909ef1b04e23e32f1f5bb046a6febf6ecba4,buy,0x957c30ab0426e0c93cd8241e2c60392d08c6ac8e,0xb72191b975c7fdebf8c70c5c9731916aa9d9ba345e919450bd0c57e4d38e72c4
330,56,0.27048,0xff942250acda7c9964a58324643dde627eebf5a7,2017-11-01T22:11:53.000Z,0.00483,0x7d4638b1d01b1c89a6bbaa55f85d26185abe7020,buy,0x957c30ab0426e0c93cd8241e2c60392d08c6ac8e,0x0b5cba88b98a9f8564735b9cbe951b8c4c37146be35062f0107434b612cb387a
331,256,1.2416,0xff942250acda7c9964a58324643dde627eebf5a7,2017-11-01T22:10:42.000Z,0.00485,0x23ebca1a5b8a4ad483c177bae8e177183b991671,buy,0x957c30ab0426e0c93cd8241e2c60392d08c6ac8e,0xb920ea2fd8b16916a5cfcb6a6a56be9f9cf1e9ad58798ec60206e9193beaf491
332,881,4.3169,0xff942250acda7c9964a58324643dde627eebf5a7,2017-11-01T22:10:23.000Z,0.0049,0x09e396aca9535fffc68c72f880ab36e252b73a43,buy,0x957c30ab0426e0c93cd8241e2c60392d08c6ac8e,0x4c16f2c6ebd8b4305bd3452ad4fbe9b093ded297e7c0858b050fb89d2bd60f96
333,80,0.33248,0xfee9a971cde31c89efbf56074c3a9f026f0359ff,2017-11-01T22:09:35.000Z,0.004156,0xca3af5de172f17e4b1f6ab73cfec7772c965340c,sell,0x957c30ab0426e0c93cd8241e2c60392d08c6ac8e,0xf1b612f550cf8f47912124234a8dcdc439a21921d9b240e9a496c39b1e0fddee
334,50,0.2105,0xcc16e731603785a71da1ecdd99acb29ae1cf85d3,2017-11-01T22:09:35.000Z,0.00421,0xca3af5de172f17e4b1f6ab73cfec7772c965340c,sell,0x957c30ab0426e0c93cd8241e2c60392d08c6ac8e,0xd9adf780ce3305b2df43a160547f702d113ad2cee573704fdb2095ad460ed4fa
335,232,1.08808,0xff942250acda7c9964a58324643dde627eebf5a7,2017-11-01T22:09:11.000Z,0.00469,0xc5232a75366a9b40a616aa606636548db716f038,buy,0x957c30ab0426e0c93cd8241e2c60392d08c6ac8e,0x0cc91cfa95979705191892546c30d5cb78bb47f7317f72ea004abb927fb0778c
336,56,0.23856,0x7d4638b1d01b1c89a6bbaa55f85d26185abe7020,2017-11-01T22:09:11.000Z,0.00426,0xca3af5de172f17e4b1f6ab73cfec7772c965340c,sell,0x957c30ab0426e0c93cd8241e2c60392d08c6ac8e,0xc822d0c9c5f8f6067c25fc218d47579fc616f93cf3f2d89b1e44a96d49f287c5
337,51,0.23205,0xff942250acda7c9964a58324643dde627eebf5a7,2017-11-01T22:09:00.000Z,0.00455,0x89edf78d238f3a8c2ccf448a0e163eaa88465523,buy,0x957c30ab0426e0c93cd8241e2c60392d08c6ac8e,0x4062124dd83111e17addd95be8cf8fc06a64ce9310fb205f557ef8379e6afc64
338,27,0.1231173,0x64d960955c50479a5c71b7ef5484c2a258c1c709,2017-11-01T22:08:18.000Z,0.0045599,0xd2fd2941a0bbd2bdbd1e59e5e7b9f9d2ce7eb5ff,sell,0x957c30ab0426e0c93cd8241e2c60392d08c6ac8e,0xfcd68479ec1b65686214b1889856b193bc0a1c4e5795d23e3c79a9c2e8b52901
339,101,0.45482623,0xff942250acda7c9964a58324643dde627eebf5a7,2017-11-01T22:06:51.000Z,0.00450323,0x65f403f5ce12908bfa7d8089f54f097e8b686fae,buy,0x957c30ab0426e0c93cd8241e2c60392d08c6ac8e,0x02394508d22badb067729eaca0f05a843d22a0ffc9eb9d6b1e93f14610cc6aca
340,500,2.27,0xff942250acda7c9964a58324643dde627eebf5a7,2017-11-01T22:06:19.000Z,0.00454,0x718acf380f5c2692551a14342dc6deb51f2d281d,buy,0x957c30ab0426e0c93cd8241e2c60392d08c6ac8e,0x8e77dcd46e4d346f522d336513dc9e123194b1bd3e5df70d37d8bbe4dfffba17
341,100,0.4156,0xfee9a971cde31c89efbf56074c3a9f026f0359ff,2017-11-01T22:01:43.000Z,0.004156,0x61b945f65ec0d94a43685d18fa3b91795e1bfb18,sell,0x957c30ab0426e0c93cd8241e2c60392d08c6ac8e,0xb153402956076322b4e433fb4b5d4d1c4d88644c754d12211ad703b2ca5b9574
342,250,1.09125,0xff942250acda7c9964a58324643dde627eebf5a7,2017-11-01T22:00:11.000Z,0.004365,0xca3af5de172f17e4b1f6ab73cfec7772c965340c,buy,0x957c30ab0426e0c93cd8241e2c60392d08c6ac8e,0x1e3b4958fd86a2c0af714692604921593d1e6a2ec46f4272525c7eb0382317b3
343,1000,4.44,0xff942250acda7c9964a58324643dde627eebf5a7,2017-11-01T21:59:03.000Z,0.00444,0x00951d941e5ec560370ad52619b07e4f60a95440,buy,0x957c30ab0426e0c93cd8241e2c60392d08c6ac8e,0xf74ce2bded508427ea23f65c2c3d1edf57242a9ea2872ea1852ef61e9c21ae24
344,1000,4.4388,0xff942250acda7c9964a58324643dde627eebf5a7,2017-11-01T21:58:24.000Z,0.0044388,0x09e396aca9535fffc68c72f880ab36e252b73a43,buy,0x957c30ab0426e0c93cd8241e2c60392d08c6ac8e,0xebebfe8a48d74949ec962c9a4d2b0afae6a7790d2bd29c9ae97f33ae15bad251
345,1175,5.123,0x5bf381b58ecfa885dc56b7ffb720fddfda6a4637,2017-11-01T21:55:21.000Z,0.00436,0xca3af5de172f17e4b1f6ab73cfec7772c965340c,buy,0x957c30ab0426e0c93cd8241e2c60392d08c6ac8e,0xb1dd2ed656815c1d648f44ceea188b0abf7fbfe081544222dbb0b09266c517d4
346,270,1.1205,0x32e6df935bf0ec84c821c75ad8aa2c9630c1a023,2017-11-01T21:54:03.000Z,0.00415,0xca3af5de172f17e4b1f6ab73cfec7772c965340c,sell,0x957c30ab0426e0c93cd8241e2c60392d08c6ac8e,0x16795ad61e1cc69b67bac246052e0d9f2f7271e93f61c9813c8677d4820375b7
347,181,0.74391,0x74ab7c018c320e3446c1237a476a96edf4e35a8d,2017-11-01T21:52:26.000Z,0.00411,0xca3af5de172f17e4b1f6ab73cfec7772c965340c,sell,0x957c30ab0426e0c93cd8241e2c60392d08c6ac8e,0xf20a51c81aae23f253f61b7736d11ca50293670c822a93fca8eb4a32ad8e68e8
348,9,0.03890646,0xea8fa9455855cf1f8e48f28ab7766c7e7e8c79c9,2017-11-01T21:51:01.000Z,0.00432294,0x65f403f5ce12908bfa7d8089f54f097e8b686fae,buy,0x957c30ab0426e0c93cd8241e2c60392d08c6ac8e,0x3e6d85bcbd9da1f788cf2cb529fe69f1e968f41e7b171ab8adb8ec066f8d2a1f
349,100,0.436,0x5a118853d25a3a8e42f888ae1eea89567403fe7b,2017-11-01T21:49:10.000Z,0.00436,0xca3af5de172f17e4b1f6ab73cfec7772c965340c,buy,0x957c30ab0426e0c93cd8241e2c60392d08c6ac8e,0xb3ca65f95c7e6edb266334af294397e3587fe99f2cd76be908c60ec316cec69d
350,75,0.3285,0xe23823ddec0d4263fc9f96a853a376e0c5cbcf0b,2017-11-01T21:42:23.000Z,0.00438,0xca3af5de172f17e4b1f6ab73cfec7772c965340c,buy,0x957c30ab0426e0c93cd8241e2c60392d08c6ac8e,0x126f53f152ca34d2f60a464fdf151daa333d97fa2ae5dc183fbb4ca673d448ec
351,9,0.039825,0x19a24124ef3bbac58cdf6cdce2282b57e25d9773,2017-11-01T21:39:28.000Z,0.004425,0xea8fa9455855cf1f8e48f28ab7766c7e7e8c79c9,buy,0x957c30ab0426e0c93cd8241e2c60392d08c6ac8e,0xf9369453a10ee262a1cbd9ad8cbc2ae9dc635430a48b8f38c0c36d9932534c35
352,130,0.52026,0x32e6df935bf0ec84c821c75ad8aa2c9630c1a023,2017-11-01T21:35:34.000Z,0.004002,0x71cefe0bc1d33439f3bd17c0129e047cd38eefdc,sell,0x957c30ab0426e0c93cd8241e2c60392d08c6ac8e,0xdab67202f715718294cf1b2dae2dc813cfbdca1b2c628445f811966b7589546d
353,99,0.4851,0x3104f24276b6364f0928b86435608b21385dc4e7,2017-11-01T21:31:36.000Z,0.0049,0x09e396aca9535fffc68c72f880ab36e252b73a43,buy,0x957c30ab0426e0c93cd8241e2c60392d08c6ac8e,0xdcbad8236352f4c2ec868eb3fffc6057a16b36e2833abc958012cc55988555f8
354,73,0.2920876,0x74ab7c018c320e3446c1237a476a96edf4e35a8d,2017-11-01T21:30:34.000Z,0.0040012,0x61b945f65ec0d94a43685d18fa3b91795e1bfb18,sell,0x957c30ab0426e0c93cd8241e2c60392d08c6ac8e,0x6963c9dbcc14f68eb76d345102b00cffce6900ad1f243117e7bff518bc617d78
355,500,2.0006,0x2f005dc7081dbe3bfeece943c193b073409ff1f3,2017-11-01T21:28:51.000Z,0.0040012,0x09e396aca9535fffc68c72f880ab36e252b73a43,sell,0x957c30ab0426e0c93cd8241e2c60392d08c6ac8e,0x9dd8a379d4c0082d73750896ef304c0238f2b3272a7efd2840df244db9b73f7c
356,140,0.588,0x813078b302a6de97ce32e3c7a6bd61e2ffd80eb2,2017-11-01T21:28:37.000Z,0.0042,0x09e396aca9535fffc68c72f880ab36e252b73a43,sell,0x957c30ab0426e0c93cd8241e2c60392d08c6ac8e,0x7e6f1c4c913290047fd6f05e9066e7c8509df8fadf98989983935e34f1dde6af
357,1,0.00495,0x84dc18aed4791d95c0311a8adac1897649306d84,2017-11-01T21:27:55.000Z,0.00495,0xd2fd2941a0bbd2bdbd1e59e5e7b9f9d2ce7eb5ff,sell,0x957c30ab0426e0c93cd8241e2c60392d08c6ac8e,0x128973f8c8fa8e978ddf80cdf5def296dfc3139d9cdce82a9bd60e9c7e97192c
358,980,3.92,0x0a479c6616857d0f15fdffc2933a296d5233d723,2017-11-01T21:27:55.000Z,0.004,0x09e396aca9535fffc68c72f880ab36e252b73a43,sell,0x957c30ab0426e0c93cd8241e2c60392d08c6ac8e,0x4c0d955c9c76ce372cecf3b40d29a26c25fb562d0c04a52d5d457b5c1c03b88b
359,232,0.9976,0xc5232a75366a9b40a616aa606636548db716f038,2017-11-01T21:27:48.000Z,0.0043,0x09e396aca9535fffc68c72f880ab36e252b73a43,sell,0x957c30ab0426e0c93cd8241e2c60392d08c6ac8e,0xb06db3ef6b37347442d5347bd287968b5a4f23f0f33b09ea4e362743d4dbc767
360,65,0.2925,0xbdb58bd5d8de61f4bc88b4e64cf17b52d4ec4655,2017-11-01T21:26:10.000Z,0.0045,0x23ebca1a5b8a4ad483c177bae8e177183b991671,sell,0x957c30ab0426e0c93cd8241e2c60392d08c6ac8e,0x735e5c03d00f487ba95f41df51f9b8701118e8c64c7a583a4eed18daeff45dbf
361,78,0.351,0xd323a82ddba7327a7e1da0a822591927c55c4c7d,2017-11-01T21:25:59.000Z,0.0045,0x23ebca1a5b8a4ad483c177bae8e177183b991671,sell,0x957c30ab0426e0c93cd8241e2c60392d08c6ac8e,0xf9bd2f953b96e3481ab7a44795bc7119f973d57c273fa594456c007aa4b9c6c5
362,61,0.28365,0x452c8b8908d6d7b5c5de6d72c632066057575672,2017-11-01T21:23:39.000Z,0.00465,0x23ebca1a5b8a4ad483c177bae8e177183b991671,sell,0x957c30ab0426e0c93cd8241e2c60392d08c6ac8e,0x2f6e30031779bd60bb5050c71683d1487ccea9e09f25e812035b6a42dc54af0f
363,109,0.49976936,0x65f403f5ce12908bfa7d8089f54f097e8b686fae,2017-11-01T21:23:31.000Z,0.00458504,0x09e396aca9535fffc68c72f880ab36e252b73a43,sell,0x957c30ab0426e0c93cd8241e2c60392d08c6ac8e,0xb9bf2f4195c289c85a31429baa2b1fce218b3f2acf5baf37714ff1698adaf410
364,223,1.01465,0x2f7ad4db3197bb701634f723723967dab3f0aaec,2017-11-01T21:21:23.000Z,0.00455,0x09e396aca9535fffc68c72f880ab36e252b73a43,sell,0x957c30ab0426e0c93cd8241e2c60392d08c6ac8e,0x8811fa98dc8f2f777decf2dd3ee8370afa6b21f36f69e991c7c7270565762e74
365,2,0.00972,0xd58fd56e0833c9c02a5a4a8da8c50a06b3e8e26e,2017-11-01T21:20:16.000Z,0.00486,0xd2fd2941a0bbd2bdbd1e59e5e7b9f9d2ce7eb5ff,buy,0x957c30ab0426e0c93cd8241e2c60392d08c6ac8e,0xf437b7860920cf1d0eb9f36e3c60cb676cdedd5aa40c6c1d89cfca1a357b1ae8
366,637,2.357537,0x6864a9a83ea222cf1a30156380b4740ffd466e6a,2017-11-01T21:19:54.000Z,0.003701,0xb00548770ea87482f024cd4292a975fea72e8f01,sell,0x957c30ab0426e0c93cd8241e2c60392d08c6ac8e,0x3fdc657b24f59199920eccf077b8f7d14a08d6fcccee68a3a6376d28b29e04c3
367,20,0.098,0xd58fd56e0833c9c02a5a4a8da8c50a06b3e8e26e,2017-11-01T21:18:39.000Z,0.0049,0x09e396aca9535fffc68c72f880ab36e252b73a43,buy,0x957c30ab0426e0c93cd8241e2c60392d08c6ac8e,0x256e5413d9d623035b623b98326cc218c7c2ac1ec40107de87029a8b2f04028c
368,10,0.052,0xd58fd56e0833c9c02a5a4a8da8c50a06b3e8e26e,2017-11-01T21:16:53.000Z,0.0052,0x29aa952cf81cea18579355cdc21a672e5c0b607b,buy,0x957c30ab0426e0c93cd8241e2c60392d08c6ac8e,0x6d56206867f12fa08d05f5af8426147731425562dfa9e6f8b76d4613bb8e8713
369,80,0.392,0x2b312f6fa4aa7e00474d46f53911af9af246d239,2017-11-01T21:16:53.000Z,0.0049,0x89edf78d238f3a8c2ccf448a0e163eaa88465523,sell,0x957c30ab0426e0c93cd8241e2c60392d08c6ac8e,0x4a633d95edb96777ace2c3a780757a559940609501520a595458be392bd1ad9b
370,3000,11.13,0xd95bdc07142c6606fe9c0753dad4bdfa5fdf76d7,2017-11-01T21:15:59.000Z,0.00371,0xb00548770ea87482f024cd4292a975fea72e8f01,sell,0x957c30ab0426e0c93cd8241e2c60392d08c6ac8e,0xecc523e496b835a7922c3dc715025bc948afdc077b09cf08d3904993b506dc26
371,4000,15.2,0x09e396aca9535fffc68c72f880ab36e252b73a43,2017-11-01T21:15:47.000Z,0.0038,0xb00548770ea87482f024cd4292a975fea72e8f01,sell,0x957c30ab0426e0c93cd8241e2c60392d08c6ac8e,0xc4e21bf6f42fce8587eb29d6ad66071bb90600043f3630b05356542f0e1bcbf0
372,2390,8.7952,0x07a624a1fb32258506ea500d944aed61ae9c8fb2,2017-11-01T21:15:47.000Z,0.00368,0xb00548770ea87482f024cd4292a975fea72e8f01,sell,0x957c30ab0426e0c93cd8241e2c60392d08c6ac8e,0x7c1013dd6bd697ccf5e79a303a96d3550a0aba26260cf5c66f320074d9e7c6b7
373,1017,3.9786057,0xca3af5de172f17e4b1f6ab73cfec7772c965340c,2017-11-01T21:15:47.000Z,0.0039121,0xb00548770ea87482f024cd4292a975fea72e8f01,sell,0x957c30ab0426e0c93cd8241e2c60392d08c6ac8e,0x3756772f0748032b19380b52a6e0e897a82e26158a4539b8582a908ad28d2c3b
374,10910,40.38882,0x07c26bccbef5ba6c7bc2e3f84458745a26a03439,2017-11-01T21:11:53.000Z,0.003702,0xb00548770ea87482f024cd4292a975fea72e8f01,sell,0x957c30ab0426e0c93cd8241e2c60392d08c6ac8e,0xc5505fddfaaf51f757250dcde2be0c78e71dc1e1acec17dd18d67af4a14d1cf6
375,1080,4.104,0x8574e8da5427be8d10bd67c1a5bc4c461c0c42d2,2017-11-01T21:11:43.000Z,0.0038,0xb00548770ea87482f024cd4292a975fea72e8f01,sell,0x957c30ab0426e0c93cd8241e2c60392d08c6ac8e,0x4b2537820a418111af41f0a526eb5628ef8901104a6730a88e30acd505dc28dd
376,338,1.33848,0x8241c1446ef511f78387edccc6ece5e2d8553cdc,2017-11-01T21:10:15.000Z,0.00396,0xb00548770ea87482f024cd4292a975fea72e8f01,sell,0x957c30ab0426e0c93cd8241e2c60392d08c6ac8e,0x18096bcde596c5a824409c1e1b20749805bd00499b2e95b08df98515d7e27f36
377,49,0.24255,0x84dc18aed4791d95c0311a8adac1897649306d84,2017-11-01T21:10:15.000Z,0.00495,0xf44072eda87ede9613b6ae1b812de8a60ade27a2,sell,0x957c30ab0426e0c93cd8241e2c60392d08c6ac8e,0x3efda04c7fe9042d99f5b4709934013002f03ac491def03dfb513c00d38f7894
378,50,0.24,0xf44072eda87ede9613b6ae1b812de8a60ade27a2,2017-11-01T21:10:15.000Z,0.0048,0x09e396aca9535fffc68c72f880ab36e252b73a43,buy,0x957c30ab0426e0c93cd8241e2c60392d08c6ac8e,0x3efda04c7fe9042d99f5b4709934013002f03ac491def03dfb513c00d38f7894
379,2500,9.6750025,0x468e0d0ecdeb84d662c22b4ac63941deb1d226e4,2017-11-01T21:10:15.000Z,0.003870001,0xb00548770ea87482f024cd4292a975fea72e8f01,sell,0x957c30ab0426e0c93cd8241e2c60392d08c6ac8e,0x881b9387ddf24b277f6496153d201e84a891525922c73d5c42779780f7e3dc37
380,112,0.5936,0x5d8cd233d8462d7133caa93a7fe1f3caa62f11e4,2017-11-01T21:09:44.000Z,0.0053,0x8ecf8f0ee432062ef28133a08429ff1a12b5906e,buy,0x957c30ab0426e0c93cd8241e2c60392d08c6ac8e,0x3c85b017c47fa8354cbd36db0519095fa509eea4aca195113c238caf77c0faa8
381,1100,4.51,0x9f70802f1ef0a6ac095c987ded7bded453d8f8db,2017-11-01T21:09:37.000Z,0.0041,0xb00548770ea87482f024cd4292a975fea72e8f01,sell,0x957c30ab0426e0c93cd8241e2c60392d08c6ac8e,0x9b525609f53c3f777e1faa190aead65e252f3746a313ebcf97a5102a9b8ba9bf
382,1500,6.450015,0x09e396aca9535fffc68c72f880ab36e252b73a43,2017-11-01T21:09:37.000Z,0.00430001,0xb00548770ea87482f024cd4292a975fea72e8f01,sell,0x957c30ab0426e0c93cd8241e2c60392d08c6ac8e,0x92bc3652dd54a3fe1b9cfa5676bd9fafac66d11b099fc7aad5140e83aa9446e4
383,1200,5.064,0x8241c1446ef511f78387edccc6ece5e2d8553cdc,2017-11-01T21:09:37.000Z,0.00422,0xb00548770ea87482f024cd4292a975fea72e8f01,sell,0x957c30ab0426e0c93cd8241e2c60392d08c6ac8e,0xf4c78a015a6476871eedd1985cf6824f3669ca5b86e3728784fc6174aa1ffd19
384,20,0.106,0x13e8e879f06a7a2a2c1014e9d731bd53793bef8e,2017-11-01T21:09:09.000Z,0.0053,0x8ecf8f0ee432062ef28133a08429ff1a12b5906e,buy,0x957c30ab0426e0c93cd8241e2c60392d08c6ac8e,0x2c91d7347c3d7b35d58b9f739a235ffaa4faa41e73fe734e270c33043d2907e2
385,125,0.625,0x776e52f9d244427639b5fa301d1759d8032af94c,2017-11-01T21:07:15.000Z,0.005,0x422d7c1f2f04e7582163d1381a436516f4de3c2a,sell,0x957c30ab0426e0c93cd8241e2c60392d08c6ac8e,0x7e358878983a2cb425f9a8ddf03a22e16e4979af69e1a78a70fe85dab9b48030
386,127,0.5842,0x422d7c1f2f04e7582163d1381a436516f4de3c2a,2017-11-01T21:07:15.000Z,0.0046,0x8241c1446ef511f78387edccc6ece5e2d8553cdc,buy,0x957c30ab0426e0c93cd8241e2c60392d08c6ac8e,0x7e358878983a2cb425f9a8ddf03a22e16e4979af69e1a78a70fe85dab9b48030
387,107,0.49755,0x941cba1fb6d616c8c4d4e844c8d5d5cec75de2ef,2017-11-01T21:06:57.000Z,0.00465,0xb00548770ea87482f024cd4292a975fea72e8f01,sell,0x957c30ab0426e0c93cd8241e2c60392d08c6ac8e,0xba572414303bf7fbca2bef3d21e3fc8c456685d8dbad172be69c4eb96b51eb7d
388,1000,4.32,0x8241c1446ef511f78387edccc6ece5e2d8553cdc,2017-11-01T21:06:57.000Z,0.00432,0xb00548770ea87482f024cd4292a975fea72e8f01,sell,0x957c30ab0426e0c93cd8241e2c60392d08c6ac8e,0x480fc3317d019966f56b3cd31bc461754ac7058c8c8652f9282d27d6a6120f12
389,332,1.4608,0xb9b00f3192cb42d7099bc5c185b19916d6e5d3da,2017-11-01T21:06:57.000Z,0.0044,0xb00548770ea87482f024cd4292a975fea72e8f01,sell,0x957c30ab0426e0c93cd8241e2c60392d08c6ac8e,0xae46f29f1573465221ab91e1f0d85a43774f0399ec49db31955fcf186567665a
390,600,2.79,0x49e0fe07f8193f9a23d5944ae2c08200bdba3996,2017-11-01T21:06:37.000Z,0.00465,0xb00548770ea87482f024cd4292a975fea72e8f01,sell,0x957c30ab0426e0c93cd8241e2c60392d08c6ac8e,0xcf09796da15d155145b9d2ca752c03d189fce75a68a9b1ca1ecb699cc1d2d568
391,595,2.7846,0x38d9bec40f0f057a4556572d552bda88a1009504,2017-11-01T21:06:15.000Z,0.00468,0xb00548770ea87482f024cd4292a975fea72e8f01,sell,0x957c30ab0426e0c93cd8241e2c60392d08c6ac8e,0x891579eb651069961dcdbf7a2d26d71b00d8959d396376f5a1ff6b59f4446d9d
392,27,0.14175,0x8b6aec803963319779bd4867aef222adc01b5858,2017-11-01T21:06:15.000Z,0.00525,0xb00548770ea87482f024cd4292a975fea72e8f01,sell,0x957c30ab0426e0c93cd8241e2c60392d08c6ac8e,0x216dc6996c800c4b2d2d56854df6271980d7711990a6703566fbfe080d0a02b2
393,299,1.4053,0xe9b2082778aebada738bd54a866c7ddd5bdbd487,2017-11-01T21:06:15.000Z,0.0047,0xb00548770ea87482f024cd4292a975fea72e8f01,sell,0x957c30ab0426e0c93cd8241e2c60392d08c6ac8e,0x255fa5ad7a20b26588d3a7cf2ae9229661ba646fcdbdd91d8cb926430842cbeb
394,182,0.9464,0x0683bc2b8c2018465dc43b0fc70057f8e9a7f551,2017-11-01T21:06:15.000Z,0.0052,0xb00548770ea87482f024cd4292a975fea72e8f01,sell,0x957c30ab0426e0c93cd8241e2c60392d08c6ac8e,0x6450a6581a93d3fd37a61459a3bcdbdc686b9833d113018ce7fba15b4f1bf44d
395,78,0.3978,0x0ee332684ba36d2c31edc2743ea987ccb7b68b4e,2017-11-01T21:06:15.000Z,0.0051,0x8ecf8f0ee432062ef28133a08429ff1a12b5906e,sell,0x957c30ab0426e0c93cd8241e2c60392d08c6ac8e,0x681b7ce02791429b3f70959ec7dbca8b0c8770ccea2a3c89bd593e40bfb70bce
396,45,0.23625,0x8b6aec803963319779bd4867aef222adc01b5858,2017-11-01T21:05:48.000Z,0.00525,0x68bbd7afd66f2a2c36a817bef85f07e5f63d60f4,sell,0x957c30ab0426e0c93cd8241e2c60392d08c6ac8e,0x04498fcf644479b81736161c21dbd784d407f2cfb1868f37a18e040150a5979c
