,amount,amountBase,buyer,date,price,seller,side,tokenAddr,txHash
0,130,1.2116,0x79f9d8e0a4742982da7a6456b8729b0e047a04a7,2017-11-02T10:41:02.000Z,0.00932,0xb19b3e0c063cc59dbc132f664ecb35077748dceb,sell,0x8a187d5285d316bcbc9adafc08b51d70a0d8e000,0x56511841610bc81f820215af998c09229caa4d6fe513ca2445e6ae85af4e9bba
1,25,0.3225,0x9589829a5c96947c5275ab2ab4257d5506314429,2017-11-02T04:36:00.000Z,0.0129,0xbc8fdeb530a215ca8c1b69c29ab6192b6351ee1b,sell,0x8a187d5285d316bcbc9adafc08b51d70a0d8e000,0x77d9967737112bc0543c74b0f60ebb0ee621f9531cf4a6febc0c553417ddc5a1
2,280,2.66,0xa5c10d510ebc59c7949f343744ecf913adbec94c,2017-11-02T02:18:57.000Z,0.0095,0xbc8fdeb530a215ca8c1b69c29ab6192b6351ee1b,sell,0x8a187d5285d316bcbc9adafc08b51d70a0d8e000,0xeb3de97b344c6df684ac026ee520c6717c01f95652a752093dcfc573ed309272
3,1000,9.5,0xa5c10d510ebc59c7949f343744ecf913adbec94c,2017-11-02T02:14:28.000Z,0.0095,0xbc8fdeb530a215ca8c1b69c29ab6192b6351ee1b,sell,0x8a187d5285d316bcbc9adafc08b51d70a0d8e000,0x1464ada22a8ba22262dd6f9588356c5b1ba2505f3fd9f8ebfa8e12c36a0a4f0c
4,50,0.4755,0x6c1b843890109d594d77d02cefaee39db5da11ef,2017-11-02T02:06:00.000Z,0.00951,0xbc8fdeb530a215ca8c1b69c29ab6192b6351ee1b,sell,0x8a187d5285d316bcbc9adafc08b51d70a0d8e000,0xe63671a4a2b0db5a2963aad05805554f6948fccf8122441188251eb1e54726ab
5,6,0.0594,0x8286c8bbedecde7b850e7ca24bfcb45632ac35f7,2017-11-02T02:05:55.000Z,0.0099,0xbc8fdeb530a215ca8c1b69c29ab6192b6351ee1b,sell,0x8a187d5285d316bcbc9adafc08b51d70a0d8e000,0x8619c1ba47237b7dc21fac0937a18ed4e02f52e5c35b810cd7635d16991782c2
6,200,2,0x79f7be822d26c655749814f9fdd18f7576a34ae6,2017-11-02T02:03:48.000Z,0.01,0xbc8fdeb530a215ca8c1b69c29ab6192b6351ee1b,sell,0x8a187d5285d316bcbc9adafc08b51d70a0d8e000,0x59176df617f1ba1c9fea09db76dc4a92e6194e5d923fb04e5348109e562b1936
7,2,0.02576,0xd48e0e23c5f11810ac2a70b465b1a53906a05335,2017-11-01T23:23:44.000Z,0.01288,0x95c160e0ad6a8586b76b77b6798525662a6ca87f,buy,0x8a187d5285d316bcbc9adafc08b51d70a0d8e000,0x21d557183f1aa190bd2c53b3e3fb7bc2247918040ad63cf6ea111f1a93f9eb0b
8,103,0.9785,0x48cf4391db5b383dde3b0912bcde872ce37ceda0,2017-11-01T14:42:30.000Z,0.0095,0xbc8fdeb530a215ca8c1b69c29ab6192b6351ee1b,sell,0x8a187d5285d316bcbc9adafc08b51d70a0d8e000,0x6f45aea98660ec36e903fd26b06d5e3b9342cd76a24b9164643271e60c7872f7
9,38,0.36138,0xd93645d9bfa3ebc228309182f6b2080d0a8940d1,2017-11-01T13:11:04.000Z,0.00951,0x5104efc872d45dba3a97bf02aebe240dfc283321,sell,0x8a187d5285d316bcbc9adafc08b51d70a0d8e000,0x020607884be02b45324f6fd35ac9097864d96b3b906f701ae7e4a5773a5c5146
10,5,0.0645,0x36183b5a55b176d9ea3f25728979bb3607c238dd,2017-11-01T01:49:59.000Z,0.0129,0x97d163c6506ef845bee877d84028cb99fe5167f4,buy,0x8a187d5285d316bcbc9adafc08b51d70a0d8e000,0x8faac631df757fc0830cd36a769d08fcc461cf0368156dc43b42cecbe306ac2f
11,52,0.4836,0xd93645d9bfa3ebc228309182f6b2080d0a8940d1,2017-10-31T22:49:25.000Z,0.0093,0x5d79669ddf5d8193d9a7d2e5c7698174b8281e61,sell,0x8a187d5285d316bcbc9adafc08b51d70a0d8e000,0x09cbf504625589310324e7a13899230a4658515b3e9d9c72c2c37f4423083e92
12,50,0.4655,0x6c1b843890109d594d77d02cefaee39db5da11ef,2017-10-31T22:48:47.000Z,0.00931,0x5d79669ddf5d8193d9a7d2e5c7698174b8281e61,sell,0x8a187d5285d316bcbc9adafc08b51d70a0d8e000,0xc46dd3624e617b711d80a9dda36270214cd6da3fc03f8ab32fb64397d70c9e19
13,1,0.014,0xd48e0e23c5f11810ac2a70b465b1a53906a05335,2017-10-31T20:09:02.000Z,0.014,0xbc8fdeb530a215ca8c1b69c29ab6192b6351ee1b,buy,0x8a187d5285d316bcbc9adafc08b51d70a0d8e000,0x46233d987a37aa4ed9ee11d7adfcac2e6771931de589fdc5a9e39333528d26ff
14,29,0.2697,0x95c160e0ad6a8586b76b77b6798525662a6ca87f,2017-10-31T14:29:11.000Z,0.0093,0x8b81d80e36e1c2069efb9abb145d434aa68f058b,sell,0x8a187d5285d316bcbc9adafc08b51d70a0d8e000,0x006fd71757297bb37bfb3040d25b3122587dde2b096fc8aa9749acfc3790ab2b
15,50,0.49025,0xf2a3d1bf4d42fd01eeb9d900eead978c08b3c07c,2017-10-31T14:28:42.000Z,0.009805,0x8b81d80e36e1c2069efb9abb145d434aa68f058b,sell,0x8a187d5285d316bcbc9adafc08b51d70a0d8e000,0xa4d9483bab48f83bb7824a45e542cdbd157227af5243c178773e9c065d9e45a3
16,40,0.392,0xd93645d9bfa3ebc228309182f6b2080d0a8940d1,2017-10-31T14:28:42.000Z,0.0098,0x8b81d80e36e1c2069efb9abb145d434aa68f058b,sell,0x8a187d5285d316bcbc9adafc08b51d70a0d8e000,0x697f9999a5144dbe10b58708b4aecb1a02332a7b16ef7ee1265de0d45e622a82
17,50,0.4925,0xf2a3d1bf4d42fd01eeb9d900eead978c08b3c07c,2017-10-31T14:26:26.000Z,0.00985,0x8b81d80e36e1c2069efb9abb145d434aa68f058b,sell,0x8a187d5285d316bcbc9adafc08b51d70a0d8e000,0xf3bbb4d8ba645b57cfd50a4d6b903c3883a562b9b385e164915cdbc1e899e980
18,200,1.962,0xf2a3d1bf4d42fd01eeb9d900eead978c08b3c07c,2017-10-31T14:23:49.000Z,0.00981,0x8b81d80e36e1c2069efb9abb145d434aa68f058b,sell,0x8a187d5285d316bcbc9adafc08b51d70a0d8e000,0xfa6e23c8a564841abe36fa09118a484c4a581c06350cd8cca116d40d9d5a97fe
19,3,0.04494,0x179c6ae2129da08767391429911ef1ea32c7b6d4,2017-10-30T16:14:54.000Z,0.01498,0xc2f897135ac2eb4f165aa784561f7174dce55a59,buy,0x8a187d5285d316bcbc9adafc08b51d70a0d8e000,0x01a2abce4c28597cc89da22e2ef4eda416f7cf6f5f78fefa3ff3341f98f2636f
20,13,0.1209,0x95c160e0ad6a8586b76b77b6798525662a6ca87f,2017-10-30T15:04:55.000Z,0.0093,0x673c924080c5d7aa53f0d37eea458835fea0b530,sell,0x8a187d5285d316bcbc9adafc08b51d70a0d8e000,0x79595d48f44d08b1678750b5e0d69b0cc693f8e3e287bb94831108af460913fa
21,54,0.50274,0xf05b0c73dc3c7e4ec5033a2e5673d5ef69c1e738,2017-10-30T15:03:39.000Z,0.00931,0x673c924080c5d7aa53f0d37eea458835fea0b530,sell,0x8a187d5285d316bcbc9adafc08b51d70a0d8e000,0xfae76304a86ad5f2d1038d00e8da0d6943079efa3a7b6bb0d792ebfa934a08bc
22,40,0.4572,0x8827c05bf3292d0f2c33b20a6f07fb8c287dbc74,2017-10-30T15:03:31.000Z,0.01143,0x673c924080c5d7aa53f0d37eea458835fea0b530,sell,0x8a187d5285d316bcbc9adafc08b51d70a0d8e000,0x930c5fb6f4217181276cace72787d3ac5bd71ea971eab7cbbb96c54aa3816de9
23,14,0.1743,0x810486c904859266f6978d06f165da1d44f1c2d3,2017-10-30T15:03:18.000Z,0.01245,0x673c924080c5d7aa53f0d37eea458835fea0b530,sell,0x8a187d5285d316bcbc9adafc08b51d70a0d8e000,0xdc9d3d0a50cccd332e895f5f3b8e29c2d7aca2f9dd2e18802a2d8177257704fe
24,1,0.012,0x3e351848599f09b91a669836abe30a494901c93b,2017-10-30T13:42:43.000Z,0.012,0x4b3dc422edb854c9f33962e4219fb5c9dc054747,buy,0x8a187d5285d316bcbc9adafc08b51d70a0d8e000,0x71ac2bf39bb55246e04de57171feeb76ca34a3973bbd45071c1f228d160ad30a
25,14,0.21,0x8f9faac4d640044c792dc89c84a8940f72875fb1,2017-10-30T00:55:19.000Z,0.015,0xbc8fdeb530a215ca8c1b69c29ab6192b6351ee1b,buy,0x8a187d5285d316bcbc9adafc08b51d70a0d8e000,0x68fca73197b76991a9fe16014bde5062658a09ab22e7bddd76cb911d4e9b303c
26,1,0.01489,0x8f9faac4d640044c792dc89c84a8940f72875fb1,2017-10-30T00:52:54.000Z,0.01489,0xe03d6982dc67599496ddc2bc6fdefbd6bc85a2d1,buy,0x8a187d5285d316bcbc9adafc08b51d70a0d8e000,0x2c581f7c91600d174a0a2dcad9c3cc7e8111e9b5d485819b601d7c2749495736
27,97,1.455,0xeaa80d671f673d33f2e51c522f70b63ad1fe6d43,2017-10-29T22:52:39.000Z,0.015,0xbc8fdeb530a215ca8c1b69c29ab6192b6351ee1b,buy,0x8a187d5285d316bcbc9adafc08b51d70a0d8e000,0xa57197fef3ce4b3a0246c272cc03c463c2dd08f24ed23dbff52ec990d2e262df
28,78,1.1614122,0xeaa80d671f673d33f2e51c522f70b63ad1fe6d43,2017-10-29T22:28:10.000Z,0.0148899,0x9fd097d48245eba3bc515d6489239e8493dcb35f,buy,0x8a187d5285d316bcbc9adafc08b51d70a0d8e000,0xad9e8e991c82ab86632b0a33b6280e89b68791cd97500c43d7fea2ef0da667c5
29,73,1.086962627,0xeaa80d671f673d33f2e51c522f70b63ad1fe6d43,2017-10-29T22:27:19.000Z,0.014889899,0x7e77caf74920352ccd7db96de8e8fa5b7e77d4c4,buy,0x8a187d5285d316bcbc9adafc08b51d70a0d8e000,0x77752190d1890d5058b0d2451a2960b69d354baae4be5c01314a2d0f14ccb830
30,8,0.1190392,0xeaa80d671f673d33f2e51c522f70b63ad1fe6d43,2017-10-29T22:25:48.000Z,0.0148799,0x810486c904859266f6978d06f165da1d44f1c2d3,buy,0x8a187d5285d316bcbc9adafc08b51d70a0d8e000,0xf05b36f46f09d1bd1ab148d759b9c8b70b497c34788886b9108bd9bd6bd5e877
31,2,0.0297798,0xd48e0e23c5f11810ac2a70b465b1a53906a05335,2017-10-29T14:55:27.000Z,0.0148899,0x9fd097d48245eba3bc515d6489239e8493dcb35f,buy,0x8a187d5285d316bcbc9adafc08b51d70a0d8e000,0xcdffdc1bfff07f2dd5f2d1c0d6d929d58785fdb7102335e69979b529273b5bea
32,15,0.2233485,0x8827c05bf3292d0f2c33b20a6f07fb8c287dbc74,2017-10-29T09:13:22.000Z,0.0148899,0x9fd097d48245eba3bc515d6489239e8493dcb35f,buy,0x8a187d5285d316bcbc9adafc08b51d70a0d8e000,0xe9668d560fc391f3b57745150185a36a06e5650fb6888eaf821caf4e715ef02e
33,4,0.0595596,0x8286c8bbedecde7b850e7ca24bfcb45632ac35f7,2017-10-29T01:45:18.000Z,0.0148899,0x9fd097d48245eba3bc515d6489239e8493dcb35f,buy,0x8a187d5285d316bcbc9adafc08b51d70a0d8e000,0x33aa0f24141fd6dc8c5926491549898b28a2ec7efdc28b148d366c6ce32db1f2
34,5,0.055,0x0016e7237bc15c246924b65d924afc8ea54e7d4a,2017-10-29T01:40:33.000Z,0.011,0x9c1b289210263135a61022624bd0d525d5befa12,sell,0x8a187d5285d316bcbc9adafc08b51d70a0d8e000,0xb0f56ee212bd3538aa1c00a44b04016f88156081b3395918852360ff02924d77
35,4,0.044,0x0016e7237bc15c246924b65d924afc8ea54e7d4a,2017-10-29T01:36:25.000Z,0.011,0x9c1b289210263135a61022624bd0d525d5befa12,sell,0x8a187d5285d316bcbc9adafc08b51d70a0d8e000,0x1d4cb3b60f865962883afbc960e781776b70f1ee324aa4326cc483a3c232dc90
36,3,0.0444,0x8286c8bbedecde7b850e7ca24bfcb45632ac35f7,2017-10-29T01:27:51.000Z,0.0148,0x6c1b843890109d594d77d02cefaee39db5da11ef,buy,0x8a187d5285d316bcbc9adafc08b51d70a0d8e000,0x687f6251727daf78527978cb0bb45d649a608331a6279ada2b915934b7eed57c
37,17,0.247,0x0016e7237bc15c246924b65d924afc8ea54e7d4a,2017-10-29T00:55:59.000Z,0.014529411764705883,0x3279fd991aa42a1759bef80b1c3202ee985668d3,buy,0x8a187d5285d316bcbc9adafc08b51d70a0d8e000,0x63e279019f05b439c607061c013efd81eb26abe9aed0f325348389b03b91aa1f
38,5,0.07,0x8286c8bbedecde7b850e7ca24bfcb45632ac35f7,2017-10-29T00:09:47.000Z,0.014,0x3279fd991aa42a1759bef80b1c3202ee985668d3,buy,0x8a187d5285d316bcbc9adafc08b51d70a0d8e000,0x921ad362398eb3ecda9db8bb2d2ed510b8633234a7df7e5429f1893f8ca829a9
39,3,0.042,0x8286c8bbedecde7b850e7ca24bfcb45632ac35f7,2017-10-28T23:33:48.000Z,0.014,0x3279fd991aa42a1759bef80b1c3202ee985668d3,buy,0x8a187d5285d316bcbc9adafc08b51d70a0d8e000,0x2bafb6dce4aad366685a9c3af4954ad8befa3bd9e36e5934f760a2121ec599db
40,5,0.07,0x8286c8bbedecde7b850e7ca24bfcb45632ac35f7,2017-10-28T23:17:16.000Z,0.014,0x3279fd991aa42a1759bef80b1c3202ee985668d3,buy,0x8a187d5285d316bcbc9adafc08b51d70a0d8e000,0x424f2ac00761c4dff2b195efc78da043e4a8d6f71d63aa3c8ed7324acd982352
41,3,0.042,0x8286c8bbedecde7b850e7ca24bfcb45632ac35f7,2017-10-28T22:45:55.000Z,0.014,0x3279fd991aa42a1759bef80b1c3202ee985668d3,buy,0x8a187d5285d316bcbc9adafc08b51d70a0d8e000,0xc95da532e01da7ed10b90e9d019c7587614532b86cc75861539a846cb2d02b63
42,8,0.08,0xb253db52d71b3d38fa9da7686b759bc618160784,2017-10-28T13:52:33.000Z,0.01,0x8286c8bbedecde7b850e7ca24bfcb45632ac35f7,sell,0x8a187d5285d316bcbc9adafc08b51d70a0d8e000,0xb3d77994e4f1f0bd42e0a9cd6e5530c627f6a0fc9c91dff9d9112149dd6ff4eb
43,24,0.32376,0x0d43fa2f361c1ed5b43611213b884576751a9235,2017-10-28T06:58:22.000Z,0.01349,0x6c1b843890109d594d77d02cefaee39db5da11ef,buy,0x8a187d5285d316bcbc9adafc08b51d70a0d8e000,0xe54b49f64aa4f2e8586fea57132f7ff364e1194456dc703779723822fa1920f6
44,50,0.67445,0x0d43fa2f361c1ed5b43611213b884576751a9235,2017-10-28T06:57:36.000Z,0.013489,0x9fd097d48245eba3bc515d6489239e8493dcb35f,buy,0x8a187d5285d316bcbc9adafc08b51d70a0d8e000,0x227ac48266987c5ffacc7a1b53c3607de3e91d372f55565875bd3ff4111a50ed
45,54,0.49194,0x5fe218e03a4a0ccd7f3eeac9a51fd23c0fc369a1,2017-10-28T01:05:23.000Z,0.00911,0xcbdc70a281851b177194bfed2834f6baa544db8b,sell,0x8a187d5285d316bcbc9adafc08b51d70a0d8e000,0x7c294fd5981f4294525d5722c6a10d306d03d5a951c75a49fac864439f72b9ff
46,84,0.79884,0x0016e7237bc15c246924b65d924afc8ea54e7d4a,2017-10-28T01:00:04.000Z,0.00951,0xcbdc70a281851b177194bfed2834f6baa544db8b,sell,0x8a187d5285d316bcbc9adafc08b51d70a0d8e000,0x07ad36a0abd561540b4ea7a184932a07d201003ce87180f8bf2675a71ef914e4
47,100,0.952,0x5fe218e03a4a0ccd7f3eeac9a51fd23c0fc369a1,2017-10-28T00:57:46.000Z,0.00952,0xcbdc70a281851b177194bfed2834f6baa544db8b,sell,0x8a187d5285d316bcbc9adafc08b51d70a0d8e000,0x722c6391e9345e2f7719c39392be41ede5768406e099b705a5b1ad141ea31017
48,3,0.04047,0x8286c8bbedecde7b850e7ca24bfcb45632ac35f7,2017-10-28T00:53:29.000Z,0.01349,0x6c1b843890109d594d77d02cefaee39db5da11ef,buy,0x8a187d5285d316bcbc9adafc08b51d70a0d8e000,0x400900f7b57d8bdd489e0bcb52e90265e8dff2643059ed36c825fde5c106b1be
49,100,0.96,0xf2a3d1bf4d42fd01eeb9d900eead978c08b3c07c,2017-10-28T00:40:23.000Z,0.0096,0xcbdc70a281851b177194bfed2834f6baa544db8b,sell,0x8a187d5285d316bcbc9adafc08b51d70a0d8e000,0x491eec2a945fa3610a469e456f975a4e7096356d84ee70e35699f6a6bf4bfbdc
50,32,0.304672,0xf05b0c73dc3c7e4ec5033a2e5673d5ef69c1e738,2017-10-28T00:40:23.000Z,0.009521,0xcbdc70a281851b177194bfed2834f6baa544db8b,sell,0x8a187d5285d316bcbc9adafc08b51d70a0d8e000,0x2c385bf73f2ac38376331f92e63cb7010d13b50baee8e3fb8c1d4589da8633e9
51,100,1.0000001,0x0016e7237bc15c246924b65d924afc8ea54e7d4a,2017-10-28T00:38:56.000Z,0.010000001,0xcbdc70a281851b177194bfed2834f6baa544db8b,sell,0x8a187d5285d316bcbc9adafc08b51d70a0d8e000,0x51f171fece4e48aa8bac60ffe7a2cd08ce8102c6747c5ae53f9fca13b20462b2
52,100,1,0xf2a3d1bf4d42fd01eeb9d900eead978c08b3c07c,2017-10-28T00:38:56.000Z,0.01,0xcbdc70a281851b177194bfed2834f6baa544db8b,sell,0x8a187d5285d316bcbc9adafc08b51d70a0d8e000,0x4336f1fbcc77b2a9144334a7acb0eddd0523a902ea8acc6b17552f5115b4abc0
53,100,1.00002,0xf843c6ffd80855c09d640b0b54305258748f88c9,2017-10-28T00:38:56.000Z,0.0100002,0xcbdc70a281851b177194bfed2834f6baa544db8b,sell,0x8a187d5285d316bcbc9adafc08b51d70a0d8e000,0x1a7e08ce4dfd0a9a16e461dbefa9660d14c178c2b64e5fa20b199485b50d8f09
54,30,0.33,0x0016e7237bc15c246924b65d924afc8ea54e7d4a,2017-10-28T00:38:42.000Z,0.011,0xcbdc70a281851b177194bfed2834f6baa544db8b,sell,0x8a187d5285d316bcbc9adafc08b51d70a0d8e000,0xebf9cb92a8e696d2835e45bcd3e22d08cecfc2e996e558b40bd049b61988a591
55,1,0.012,0xd48e0e23c5f11810ac2a70b465b1a53906a05335,2017-10-28T00:22:22.000Z,0.012,0xcbdc70a281851b177194bfed2834f6baa544db8b,buy,0x8a187d5285d316bcbc9adafc08b51d70a0d8e000,0x3fe155eb992af501444426c8148c8db67e8034ebf3eb51c52ebd8552be02c48b
56,70,0.77,0x0016e7237bc15c246924b65d924afc8ea54e7d4a,2017-10-27T20:56:50.000Z,0.011,0x8286c8bbedecde7b850e7ca24bfcb45632ac35f7,sell,0x8a187d5285d316bcbc9adafc08b51d70a0d8e000,0x294dc1efd2db0171c08c382b88bfe39633f8948732420259ee5ff56b91278dca
57,38,0.456,0x8286c8bbedecde7b850e7ca24bfcb45632ac35f7,2017-10-27T12:28:22.000Z,0.012,0xcbdc70a281851b177194bfed2834f6baa544db8b,buy,0x8a187d5285d316bcbc9adafc08b51d70a0d8e000,0x670a2740edb01cb242cdde329cf8b3597fdfce29fa7e3a91668fc78056ef0fe2
58,41,0.38991,0x0016e7237bc15c246924b65d924afc8ea54e7d4a,2017-10-27T03:30:11.000Z,0.00951,0xb71ad082080f59cf9d2cb9352ea4c273c9fb4aea,sell,0x8a187d5285d316bcbc9adafc08b51d70a0d8e000,0xedd53875eb9d795461845fd4c2d046771c16bd0ab477eb091eb5a693648c0331
59,22,0.2112,0x0016e7237bc15c246924b65d924afc8ea54e7d4a,2017-10-27T03:08:01.000Z,0.0096,0xb71ad082080f59cf9d2cb9352ea4c273c9fb4aea,sell,0x8a187d5285d316bcbc9adafc08b51d70a0d8e000,0x9019cfb6661c73e8a83e217cbc664f402af075bcbffa5cb3af27e2dd00179755
60,49,0.588,0x0016e7237bc15c246924b65d924afc8ea54e7d4a,2017-10-27T01:04:53.000Z,0.012,0xb71ad082080f59cf9d2cb9352ea4c273c9fb4aea,buy,0x8a187d5285d316bcbc9adafc08b51d70a0d8e000,0x5a1e2a2bc4f7e17d54dae55a81cf1dadef023710b898018a4ddaec242e8d21c5
61,1,0.012,0xd48e0e23c5f11810ac2a70b465b1a53906a05335,2017-10-26T23:31:09.000Z,0.012,0xb71ad082080f59cf9d2cb9352ea4c273c9fb4aea,buy,0x8a187d5285d316bcbc9adafc08b51d70a0d8e000,0xbccee6e0c2db74d8af83a0706fc25ca2b5498ea0b54e82de7e9fb276000785a4
62,5,0.05,0x0016e7237bc15c246924b65d924afc8ea54e7d4a,2017-10-26T23:18:31.000Z,0.01,0xb71ad082080f59cf9d2cb9352ea4c273c9fb4aea,sell,0x8a187d5285d316bcbc9adafc08b51d70a0d8e000,0x45b0213f736beef9445b490c758b76109da018108b744bfe95468005f99a953b
63,1,0.0135,0xd48e0e23c5f11810ac2a70b465b1a53906a05335,2017-10-26T23:16:26.000Z,0.0135,0xcbdc70a281851b177194bfed2834f6baa544db8b,buy,0x8a187d5285d316bcbc9adafc08b51d70a0d8e000,0x5cc4e9efe1e1e91a7e5ee52f606ac0424969593b1625bb7aa79ca854eac9bfb6
64,1,0.0135,0xd48e0e23c5f11810ac2a70b465b1a53906a05335,2017-10-26T23:05:22.000Z,0.0135,0xcbdc70a281851b177194bfed2834f6baa544db8b,buy,0x8a187d5285d316bcbc9adafc08b51d70a0d8e000,0x7ab167bc62b5b06b842e563d7c1bd92bc4aa6b67c6262dfe35448d690f7f9294
65,5,0.05,0x0016e7237bc15c246924b65d924afc8ea54e7d4a,2017-10-26T23:05:22.000Z,0.01,0x6e10b475fd4e648c5efbaa51287fe523338059d6,sell,0x8a187d5285d316bcbc9adafc08b51d70a0d8e000,0x9118fcbb50e2fc154f188acf418862c13c2acfe35b9a902a5cf50ec424122a3c
66,13,0.175500026,0xa5c10d510ebc59c7949f343744ecf913adbec94c,2017-10-26T22:57:10.000Z,0.013500002,0x6e10b475fd4e648c5efbaa51287fe523338059d6,sell,0x8a187d5285d316bcbc9adafc08b51d70a0d8e000,0x20e2ae0ed37ab5e1adbcc2a1edae26538d9c485699687160f641478418ee8780
67,46,0.621,0x6413ea9b8fd8c9e90e5f1e7c3051b9f4ec08ca1e,2017-10-26T21:10:25.000Z,0.0135,0xcbdc70a281851b177194bfed2834f6baa544db8b,buy,0x8a187d5285d316bcbc9adafc08b51d70a0d8e000,0xb1b7a872ac41609d392dec7fe33ae4fd66966673c166489366554b49984dcdca
68,1,0.0135,0xd48e0e23c5f11810ac2a70b465b1a53906a05335,2017-10-26T20:22:06.000Z,0.0135,0xcbdc70a281851b177194bfed2834f6baa544db8b,buy,0x8a187d5285d316bcbc9adafc08b51d70a0d8e000,0xa2b64b82b4b665ca58ae89f6eb106ea3ab614a41154b886b0c7f8d702f785627
69,28,0.2688,0x0016e7237bc15c246924b65d924afc8ea54e7d4a,2017-10-26T16:01:16.000Z,0.0096,0x8fe13d64fff4b7d8def75717271f6e838599919f,sell,0x8a187d5285d316bcbc9adafc08b51d70a0d8e000,0x96e26bfa09a76ce23b5689ce1222e412f8c7630ea8069e797509a43d4d7573a1
70,50,0.5,0x0016e7237bc15c246924b65d924afc8ea54e7d4a,2017-10-26T15:59:32.000Z,0.01,0x8fe13d64fff4b7d8def75717271f6e838599919f,sell,0x8a187d5285d316bcbc9adafc08b51d70a0d8e000,0xe0a5932b68e3d41c7fd19fc25131dd5bd032cc79e0ee6b69e689fc001ba1cd83
71,10,0.11,0x0016e7237bc15c246924b65d924afc8ea54e7d4a,2017-10-26T15:59:32.000Z,0.011,0x8fe13d64fff4b7d8def75717271f6e838599919f,sell,0x8a187d5285d316bcbc9adafc08b51d70a0d8e000,0x69dc9781470ec688f03d6d3f5111f923424ece28e0b1de1fab78ed1a057571e8
72,1,0.0135,0x8b9c7322f7f46e3ce549fa430ed7d276f03264ae,2017-10-26T15:59:07.000Z,0.0135,0x8fe13d64fff4b7d8def75717271f6e838599919f,sell,0x8a187d5285d316bcbc9adafc08b51d70a0d8e000,0x9e971e50526756d27bbf18b6c8b093a5afa9461ba9f05b998c49992c3be8a253
73,5,0.0675,0x3fb5df6d175b7ab55eb208d08a62ba6470ac3a3e,2017-10-26T14:58:16.000Z,0.0135,0xcbdc70a281851b177194bfed2834f6baa544db8b,buy,0x8a187d5285d316bcbc9adafc08b51d70a0d8e000,0xcdce4a6439f30f37abf5943444e3788009018a5c43a3d379b8536810530cedbe
74,29,0.3915,0x0016e7237bc15c246924b65d924afc8ea54e7d4a,2017-10-26T13:50:12.000Z,0.0135,0x95c160e0ad6a8586b76b77b6798525662a6ca87f,buy,0x8a187d5285d316bcbc9adafc08b51d70a0d8e000,0xbbe8c184a81ef51db4eec9842ed8a5ad57c9e82331de3b101d78cec6edd27ba1
75,19,0.2394,0x0016e7237bc15c246924b65d924afc8ea54e7d4a,2017-10-26T13:44:46.000Z,0.0126,0x8827c05bf3292d0f2c33b20a6f07fb8c287dbc74,buy,0x8a187d5285d316bcbc9adafc08b51d70a0d8e000,0xa1133522ff0807e8359f2dac5a598ec0d6dd52e2d060ba6d3d5f5baeddebc4a1
76,706,7.766,0xa5c10d510ebc59c7949f343744ecf913adbec94c,2017-10-26T06:39:57.000Z,0.011,0x8b81d80e36e1c2069efb9abb145d434aa68f058b,sell,0x8a187d5285d316bcbc9adafc08b51d70a0d8e000,0x6c7b573df4d96f1e5b24a510f5c2a6c5e40f3f1ee0fc4aa924d25caaa5620b6a
77,10,0.126,0x3153b0e03e7544e72250188b06979f1a97a188d2,2017-10-26T03:10:01.000Z,0.0126,0x8827c05bf3292d0f2c33b20a6f07fb8c287dbc74,buy,0x8a187d5285d316bcbc9adafc08b51d70a0d8e000,0xc5405d78449756011a7907216aa3885a8fa9f79c6eed64d48f357babb7a9774f
78,85,0.935,0xa5c10d510ebc59c7949f343744ecf913adbec94c,2017-10-26T01:14:54.000Z,0.011,0x3279fd991aa42a1759bef80b1c3202ee985668d3,sell,0x8a187d5285d316bcbc9adafc08b51d70a0d8e000,0xe331d06e9e5640d0bef5ccff609746ef83c371c33f8bfea2abd56a74f586b394
79,52,0.571948,0x97d163c6506ef845bee877d84028cb99fe5167f4,2017-10-26T00:43:31.000Z,0.010999,0xc285d754df88d0283adbee7027bdb38f3a38adb6,buy,0x8a187d5285d316bcbc9adafc08b51d70a0d8e000,0xad9739ffff7b67435959cac76aca2d1079d78ae7a6ed3237d2603c5da7ff49ac
80,10,0.10999,0x6a168c21f1b793ba1e6dd8bb9995a587b5ccf453,2017-10-26T00:03:59.000Z,0.010999,0xc285d754df88d0283adbee7027bdb38f3a38adb6,buy,0x8a187d5285d316bcbc9adafc08b51d70a0d8e000,0x10978e749ffc78367873e815e6f8fde706ee04421c9560572e38c90458b7c804
81,80,0.87992,0x2b7ce005ae8ce68eb52159668a9225d89e7f5cea,2017-10-25T23:46:50.000Z,0.010999,0xc285d754df88d0283adbee7027bdb38f3a38adb6,buy,0x8a187d5285d316bcbc9adafc08b51d70a0d8e000,0x19297906165097dbd46141c4fbbab1daba5cf53efc59137a0251ea38af12ab34
82,206,2.266,0xa5c10d510ebc59c7949f343744ecf913adbec94c,2017-10-25T23:43:06.000Z,0.011,0xace21c0ff0656183d18af63b1b3f3c1970c7e035,sell,0x8a187d5285d316bcbc9adafc08b51d70a0d8e000,0x240af06c6ee141b8da510b2cc4620f87e45ab6300e0a70ed39cd079928e15830
83,8,0.0872,0x2b7ce005ae8ce68eb52159668a9225d89e7f5cea,2017-10-25T23:39:43.000Z,0.0109,0xffa0cb20d7ca756e8f0a787087464d3c69370e0d,buy,0x8a187d5285d316bcbc9adafc08b51d70a0d8e000,0x45e76d518211f4d3f8f47cf18b16f8bf22a7d1de6fa2238e0119e36d17b783d5
84,199,2.189,0xbaa31b7a4dbabfc4fe3a717e2014155c20d19f49,2017-10-25T11:55:41.000Z,0.011,0xace21c0ff0656183d18af63b1b3f3c1970c7e035,sell,0x8a187d5285d316bcbc9adafc08b51d70a0d8e000,0x3803819523f6e41d379b066faad82334762789e0ae07bdf4d70fbfbae1bef9b7
85,1,0.010999,0xd48e0e23c5f11810ac2a70b465b1a53906a05335,2017-10-24T22:56:46.000Z,0.010999,0xc285d754df88d0283adbee7027bdb38f3a38adb6,buy,0x8a187d5285d316bcbc9adafc08b51d70a0d8e000,0x1cda96e098b3adf4e18c7056862746e5d87391179bf397ac0cb6bc86e20acd1c
86,8,0.11044086834185869,0xffa0cb20d7ca756e8f0a787087464d3c69370e0d,2017-10-24T21:21:10.000Z,0.013805108542732336,0x8827c05bf3292d0f2c33b20a6f07fb8c287dbc74,buy,0x8a187d5285d316bcbc9adafc08b51d70a0d8e000,0x612a96eb5f9d121a479c1305b7c723ba406d473ad4ae8930f78a0e384a5272e1
87,32,0.351968,0x6413ea9b8fd8c9e90e5f1e7c3051b9f4ec08ca1e,2017-10-24T19:43:39.000Z,0.010999,0xc285d754df88d0283adbee7027bdb38f3a38adb6,buy,0x8a187d5285d316bcbc9adafc08b51d70a0d8e000,0x8b2cf8e21cd861d1c4279dd7ac076202b185603e66c85a2e1877588b5a36f37d
88,9,0.0837,0x8827c05bf3292d0f2c33b20a6f07fb8c287dbc74,2017-10-24T19:32:55.000Z,0.0093,0xbcaa4eceb35a5c57e64eb3a6769a58d6aecdeefc,sell,0x8a187d5285d316bcbc9adafc08b51d70a0d8e000,0x52d2624ee918826c639cd409312acb5dd4c3a2dadba9254b962aeaeb94d68c3f
89,5,0.054995,0xd93645d9bfa3ebc228309182f6b2080d0a8940d1,2017-10-24T19:29:55.000Z,0.010999,0xc285d754df88d0283adbee7027bdb38f3a38adb6,buy,0x8a187d5285d316bcbc9adafc08b51d70a0d8e000,0xc0273cd30a795569bcc8f628155ae7cc0999b7d99ca70e7f5f3805b95af63177
90,5,0.054995,0xd93645d9bfa3ebc228309182f6b2080d0a8940d1,2017-10-24T19:26:52.000Z,0.010999,0xc285d754df88d0283adbee7027bdb38f3a38adb6,buy,0x8a187d5285d316bcbc9adafc08b51d70a0d8e000,0x843203589c0bff101c895a2f6b150ec14848214f6e6ed391e62f21794a7ba899
91,78,0.695058,0xd4f756dadd2eb06bd14066a882f611636bf16129,2017-10-24T17:05:37.000Z,0.008911,0xc8b06a7f5f4fa3d143dc79b55c673aa62205ead2,sell,0x8a187d5285d316bcbc9adafc08b51d70a0d8e000,0x9525754a0e722c153943be4bd145b0b2fc15d484cf729f8e7b3e4baee93d762c
92,116,1.044,0xf21c326160c7e613ed24452147f1877752e4a8bf,2017-10-24T12:52:56.000Z,0.009,0xc8b06a7f5f4fa3d143dc79b55c673aa62205ead2,sell,0x8a187d5285d316bcbc9adafc08b51d70a0d8e000,0x1bb1c450dff9d1fe5440ecae19d9a85e15d699c518cf79d65879504704efbc0e
93,116,1.044,0xf21c326160c7e613ed24452147f1877752e4a8bf,2017-10-24T12:52:36.000Z,0.009,0xc8b06a7f5f4fa3d143dc79b55c673aa62205ead2,sell,0x8a187d5285d316bcbc9adafc08b51d70a0d8e000,0x1bb1c450dff9d1fe5440ecae19d9a85e15d699c518cf79d65879504704efbc0e
94,15,0.164985,0x3988709641a5ea91c914d1795b46b1490069dc37,2017-10-24T04:32:53.000Z,0.010999,0xc285d754df88d0283adbee7027bdb38f3a38adb6,buy,0x8a187d5285d316bcbc9adafc08b51d70a0d8e000,0x574342db6f9d3688c8c1c851d614d54a28522d047b246376ed65a049ff22e44b
95,69,0.759,0x5d79669ddf5d8193d9a7d2e5c7698174b8281e61,2017-10-23T18:23:11.000Z,0.011,0xace21c0ff0656183d18af63b1b3f3c1970c7e035,buy,0x8a187d5285d316bcbc9adafc08b51d70a0d8e000,0x7c06fbb699736bca4f2c560529859aeaf914852fc7bc621320330fbcb581cf57
96,11,0.11418,0x5d79669ddf5d8193d9a7d2e5c7698174b8281e61,2017-10-23T18:23:11.000Z,0.01038,0x8827c05bf3292d0f2c33b20a6f07fb8c287dbc74,buy,0x8a187d5285d316bcbc9adafc08b51d70a0d8e000,0x66b9d9bc33064c416affd684915332a2442b0b1482123e4046be2ad268c481d3
97,18,0.1854,0x5d79669ddf5d8193d9a7d2e5c7698174b8281e61,2017-10-23T18:23:11.000Z,0.0103,0x8827c05bf3292d0f2c33b20a6f07fb8c287dbc74,buy,0x8a187d5285d316bcbc9adafc08b51d70a0d8e000,0xda45a14e6c89245d1133ef875f634e76189355cc82384fd49064301a341f5bbf
98,4,0.04,0x5d79669ddf5d8193d9a7d2e5c7698174b8281e61,2017-10-23T18:21:23.000Z,0.01,0x99bc37ffa8c3b9e6f4792abf009cc294b34947bc,buy,0x8a187d5285d316bcbc9adafc08b51d70a0d8e000,0xe7f395a277524722bd733423f6cfbbaa09c63151950900c6c03ec39ef018f454
99,29,0.299,0x6413ea9b8fd8c9e90e5f1e7c3051b9f4ec08ca1e,2017-10-23T14:17:53.000Z,0.010310344827586207,0x99bc37ffa8c3b9e6f4792abf009cc294b34947bc,buy,0x8a187d5285d316bcbc9adafc08b51d70a0d8e000,0x59fed9177b5fb21477f57a9d78d98a2525f53ee7f4b114146c7b5e432077b998
100,38,0.338618,0xd4f756dadd2eb06bd14066a882f611636bf16129,2017-10-23T13:56:09.000Z,0.008911,0x6413ea9b8fd8c9e90e5f1e7c3051b9f4ec08ca1e,sell,0x8a187d5285d316bcbc9adafc08b51d70a0d8e000,0xc6171e857d1e39de6ad32b7f7efb7251e5f7275471d936b89c789bce947ab6d9
101,16,0.166,0xb19b3e0c063cc59dbc132f664ecb35077748dceb,2017-10-23T13:28:05.000Z,0.010375,0x99bc37ffa8c3b9e6f4792abf009cc294b34947bc,buy,0x8a187d5285d316bcbc9adafc08b51d70a0d8e000,0xdf91fadbb234276eb02df9f0f3c50c9ce14efeab3229b95eacff89e442edcdc5
102,39,0.39943284656961286,0x6413ea9b8fd8c9e90e5f1e7c3051b9f4ec08ca1e,2017-10-23T13:18:46.000Z,0.010241867860759304,0x99bc37ffa8c3b9e6f4792abf009cc294b34947bc,buy,0x8a187d5285d316bcbc9adafc08b51d70a0d8e000,0x12a0780f4bdfd8a38d7379a8e9c95019624450aa40bf655dcb72a5dc58ceacf5
103,25,0.275,0x49ae3398c7c98faff0a393aaf35aa1e340a0c99c,2017-10-23T06:33:49.000Z,0.011,0xace21c0ff0656183d18af63b1b3f3c1970c7e035,buy,0x8a187d5285d316bcbc9adafc08b51d70a0d8e000,0x6a1a9f006bc2a84b549ae88d5c2d77b21e5b5c4476c7d89e1392b9cf8afd0b28
104,3,0.0309,0xd48e0e23c5f11810ac2a70b465b1a53906a05335,2017-10-23T01:05:19.000Z,0.0103,0x8827c05bf3292d0f2c33b20a6f07fb8c287dbc74,buy,0x8a187d5285d316bcbc9adafc08b51d70a0d8e000,0xf6592c3a72625f4ef000e6a57f92e25f7566440f4d7968619297125095fa15f4
105,1,0.01025,0xd48e0e23c5f11810ac2a70b465b1a53906a05335,2017-10-22T23:41:47.000Z,0.01025,0xace21c0ff0656183d18af63b1b3f3c1970c7e035,buy,0x8a187d5285d316bcbc9adafc08b51d70a0d8e000,0x0f0288bd84c3f685e28622095f917d2f94d3792cda79aefbde7573b296111517
106,1,0.0102,0xace21c0ff0656183d18af63b1b3f3c1970c7e035,2017-10-22T21:40:28.000Z,0.0102,0x99bc37ffa8c3b9e6f4792abf009cc294b34947bc,buy,0x8a187d5285d316bcbc9adafc08b51d70a0d8e000,0xa442ca919495958d2a7975ba4da69df50f337c4a3d2ec952aa66194b7a4f70b4
107,19,0.1919,0x9fa27791bf68a189e591b71f5b562557d959f304,2017-10-22T14:56:49.000Z,0.0101,0x8827c05bf3292d0f2c33b20a6f07fb8c287dbc74,buy,0x8a187d5285d316bcbc9adafc08b51d70a0d8e000,0xc6cb45a824bd64ca4161beb96ac3dded3654dd5918b07c7100fa263570fc2d7a
108,42,0.58338,0x9fa27791bf68a189e591b71f5b562557d959f304,2017-10-22T14:54:33.000Z,0.01389,0xb9ee78d171c9891005f325a6b879a67a11862065,buy,0x8a187d5285d316bcbc9adafc08b51d70a0d8e000,0x8c71d9d20a827f47f7caaeca8e6ab19996dd15e4d9573fac3ddf8c1591155c56
109,18,0.153,0xe23ee4de77288c49806639fac7e1c056d6fddb88,2017-10-22T14:14:41.000Z,0.0085,0xc8b06a7f5f4fa3d143dc79b55c673aa62205ead2,sell,0x8a187d5285d316bcbc9adafc08b51d70a0d8e000,0x26f81447a06732d1ad76bbe16be7c2337fef9f4c486a6331a0a0c7ad9bfa5bfa
110,132,1.122,0xe23ee4de77288c49806639fac7e1c056d6fddb88,2017-10-22T13:28:38.000Z,0.0085,0x1f89a64935d28b85b48ad147215602664100e358,sell,0x8a187d5285d316bcbc9adafc08b51d70a0d8e000,0xeb74671995965bf5b32a829e183cad72d9957851d175569d28b36133a2fa0f23
111,9,0.081,0xe72d532272b54525cbb1d762874ac5853b31247e,2017-10-22T13:26:45.000Z,0.009,0x1f89a64935d28b85b48ad147215602664100e358,sell,0x8a187d5285d316bcbc9adafc08b51d70a0d8e000,0xbc6028ab81d9baade1df57b672d68b4fbf514d43fc1f81f368bddbecac66b0d9
112,49,0.31899,0xf21c326160c7e613ed24452147f1877752e4a8bf,2017-10-22T07:31:03.000Z,0.00651,0x6c54af8b8e4fcdc50b1fedd366dc18aaa965f8b3,sell,0x8a187d5285d316bcbc9adafc08b51d70a0d8e000,0x11d4d1b874a35af9a3d83b833afab3560a4336b6a359da8c26c460ba4f0c0cf7
113,2,0.0192,0xace21c0ff0656183d18af63b1b3f3c1970c7e035,2017-10-22T06:01:28.000Z,0.0096,0x99bc37ffa8c3b9e6f4792abf009cc294b34947bc,buy,0x8a187d5285d316bcbc9adafc08b51d70a0d8e000,0x4f355204f52b9449a155bd60697b2b8578bd6e9b81b2ff07b7f468c6761c5220
114,1,0.0096,0xace21c0ff0656183d18af63b1b3f3c1970c7e035,2017-10-22T05:33:52.000Z,0.0096,0x99bc37ffa8c3b9e6f4792abf009cc294b34947bc,buy,0x8a187d5285d316bcbc9adafc08b51d70a0d8e000,0xead8a65031a2ea20a9adff6b8e8c0a82855f47c112ad7a03af8848ec2fa55894
115,60,0.42,0x665c57b19d8bca25392bd66db9d0056c5bc7fb89,2017-10-21T19:22:52.000Z,0.007,0xc8b06a7f5f4fa3d143dc79b55c673aa62205ead2,sell,0x8a187d5285d316bcbc9adafc08b51d70a0d8e000,0x4d150414dd7fcda9545d7d9ebfa3f688604ed0527ff0f6d5506efbe08dcc01cd
116,22,0.1892,0x99bc37ffa8c3b9e6f4792abf009cc294b34947bc,2017-10-21T19:22:52.000Z,0.0086,0xc8b06a7f5f4fa3d143dc79b55c673aa62205ead2,sell,0x8a187d5285d316bcbc9adafc08b51d70a0d8e000,0x219a504fc2b9fb5dda83b29cc18a2bc68ed6f09cb0924f6aea904f3811ce0b5a
117,22,0.188342,0x99bc37ffa8c3b9e6f4792abf009cc294b34947bc,2017-10-21T19:22:52.000Z,0.008561,0xc8b06a7f5f4fa3d143dc79b55c673aa62205ead2,sell,0x8a187d5285d316bcbc9adafc08b51d70a0d8e000,0x216ce1cd4b2168de318db64475c2e9e257d18148c77d84f68d8a9dc90c685a44
118,20,0.17122,0x6c1b843890109d594d77d02cefaee39db5da11ef,2017-10-21T19:22:52.000Z,0.008561,0xc8b06a7f5f4fa3d143dc79b55c673aa62205ead2,sell,0x8a187d5285d316bcbc9adafc08b51d70a0d8e000,0x43227a689e3d0979151feefa7af8ffd353e07d7bca837e29791d7708c7c92112
119,10,0.086,0x6c1b843890109d594d77d02cefaee39db5da11ef,2017-10-21T19:22:52.000Z,0.0086,0xc8b06a7f5f4fa3d143dc79b55c673aa62205ead2,sell,0x8a187d5285d316bcbc9adafc08b51d70a0d8e000,0xae8a3c74f11ce65042614cb41c26f469f809f3d35cdb47b6f15470499f562fd3
120,19,0.1729,0x8827c05bf3292d0f2c33b20a6f07fb8c287dbc74,2017-10-21T13:14:21.000Z,0.0091,0x1f89a64935d28b85b48ad147215602664100e358,sell,0x8a187d5285d316bcbc9adafc08b51d70a0d8e000,0x9b99bb7a40a31af14ff3222e14895ece9c50a84d9dba1efc63f30ec1b4fbd4ba
121,6,0.0546,0x8827c05bf3292d0f2c33b20a6f07fb8c287dbc74,2017-10-21T06:48:01.000Z,0.0091,0x1f89a64935d28b85b48ad147215602664100e358,sell,0x8a187d5285d316bcbc9adafc08b51d70a0d8e000,0xf7f90fcdcc43db0a024ca67f4915ae2295f99045701c78b152db2b5b64ba238b
122,3,0.03126,0xfb1f4737f4816f78b0d7c0b72b876359d925c318,2017-10-21T06:47:20.000Z,0.01042,0xace21c0ff0656183d18af63b1b3f3c1970c7e035,buy,0x8a187d5285d316bcbc9adafc08b51d70a0d8e000,0xe70a83ff3440476d4fdbe3ab3fd2bac673b0969526be5164fb79c957199d09fd
123,39,0.3666,0x8827c05bf3292d0f2c33b20a6f07fb8c287dbc74,2017-10-21T06:43:50.000Z,0.0094,0x1f89a64935d28b85b48ad147215602664100e358,sell,0x8a187d5285d316bcbc9adafc08b51d70a0d8e000,0x4a94a582cec4dbeba3c917e14ca3ef893be614c29d5cd325978bfc4900bb0448
124,25,0.24025,0x8827c05bf3292d0f2c33b20a6f07fb8c287dbc74,2017-10-21T06:42:49.000Z,0.00961,0x1f89a64935d28b85b48ad147215602664100e358,sell,0x8a187d5285d316bcbc9adafc08b51d70a0d8e000,0x3ec7e18e868b618bc3f3ab8c936a57362ea0975d9d9f4f61f5f717ff244b8fcf
125,1178,12.958,0x42d2184dac8580e6224b361a36ca3a917f7ea67b,2017-10-21T01:07:29.000Z,0.011,0x00be93ce0cd4444202a88a67093bb010f931a10d,buy,0x8a187d5285d316bcbc9adafc08b51d70a0d8e000,0x4c87fdf93ea69668e7890d8ee2712ab16da20fa08ac3a1bb70e3945ea7a6c4cd
126,1812,19.932,0x42d2184dac8580e6224b361a36ca3a917f7ea67b,2017-10-21T00:52:10.000Z,0.011,0x00be93ce0cd4444202a88a67093bb010f931a10d,buy,0x8a187d5285d316bcbc9adafc08b51d70a0d8e000,0x341fb5cb37d3df2b361f6f79d903fd0749ce26811b5e55b56792c391eb5ae752
127,217,2.397625328481707,0xd2a4db61db5f25892699b439c7930b47743e9e50,2017-10-21T00:36:59.000Z,0.011048964647381136,0x00be93ce0cd4444202a88a67093bb010f931a10d,buy,0x8a187d5285d316bcbc9adafc08b51d70a0d8e000,0x52baf6dd2a0036f2cdf97239adea6918b7638cb37d926698a95751397eb54aa1
128,14,0.154,0x8286c8bbedecde7b850e7ca24bfcb45632ac35f7,2017-10-20T23:02:59.000Z,0.011,0x00be93ce0cd4444202a88a67093bb010f931a10d,buy,0x8a187d5285d316bcbc9adafc08b51d70a0d8e000,0xebc74c9edf5193a0810e4bafe322283de2add33093b501027f2f6add5b9c5904
129,1,0.0139,0x6cdea8e07bf82d7a07dbf36642d6e5be8623845c,2017-10-20T01:34:04.000Z,0.0139,0xc8b06a7f5f4fa3d143dc79b55c673aa62205ead2,buy,0x8a187d5285d316bcbc9adafc08b51d70a0d8e000,0x23e0aef697bce170d10229cbfb61979b761c6ca31ee654f17cf1457e406e1f0b
130,29,0.26535,0x95c160e0ad6a8586b76b77b6798525662a6ca87f,2017-10-19T23:20:17.000Z,0.00915,0x12064f68ccd96e7228b5e42af31da52490cfdccd,sell,0x8a187d5285d316bcbc9adafc08b51d70a0d8e000,0x2b87f17e057def4fbba8870ea4c9268d79c6814d7f973bcbe95248fbbede500b
131,2,0.028798,0xb75cbc4d5df664933f717320f1268f4f547bab87,2017-10-19T15:45:50.000Z,0.014399,0xf21c326160c7e613ed24452147f1877752e4a8bf,buy,0x8a187d5285d316bcbc9adafc08b51d70a0d8e000,0x5dce790b57049f91c786197237ea3975498ddfd3e28874f1476a544bc702cd00
132,1,0.0143,0xc8b06a7f5f4fa3d143dc79b55c673aa62205ead2,2017-10-19T14:44:51.000Z,0.0143,0x01669fe4d8196c981ecbffe5631b1874c818245e,buy,0x8a187d5285d316bcbc9adafc08b51d70a0d8e000,0x49427b02d3e65ca4e0a9b5e5ab852f755349e4530d208e946129ac08bcad7e01
133,1,0.01445,0x3ac636ac5c3a2576156ac5f10066ca68abe0ad54,2017-10-18T19:21:10.000Z,0.01445,0xf21c326160c7e613ed24452147f1877752e4a8bf,buy,0x8a187d5285d316bcbc9adafc08b51d70a0d8e000,0xe8866479a8072eb2f570d2069e58e7097ea82b4c10052de408d9900ec636201a
134,9,0.0819,0xf21c326160c7e613ed24452147f1877752e4a8bf,2017-10-18T19:20:59.000Z,0.0091,0x01669fe4d8196c981ecbffe5631b1874c818245e,sell,0x8a187d5285d316bcbc9adafc08b51d70a0d8e000,0xcd8f0a2de4524c3d696ffa54230d30d3134a6a192f63fadd181d10e6a340c588
135,13,0.20154730365865817,0xfb1f4737f4816f78b0d7c0b72b876359d925c318,2017-10-18T12:46:47.000Z,0.015503638742973705,0xf21c326160c7e613ed24452147f1877752e4a8bf,buy,0x8a187d5285d316bcbc9adafc08b51d70a0d8e000,0xec22ebce85e1e860f37eeda8304c8b09cb49fe1344d215c79594ac0ecb97ccb3
136,1,0.0139999,0xfb1f4737f4816f78b0d7c0b72b876359d925c318,2017-10-18T12:43:46.000Z,0.0139999,0xcac61fe326c1888d4e3a85ab29a403d8ab5023c4,buy,0x8a187d5285d316bcbc9adafc08b51d70a0d8e000,0x4ab4557f25d060ec0cdae788e2625f10d7177614e7b0e9e65b012cc5551775f1
137,15,0.1515,0x8827c05bf3292d0f2c33b20a6f07fb8c287dbc74,2017-10-18T12:41:44.000Z,0.0101,0xf21c326160c7e613ed24452147f1877752e4a8bf,sell,0x8a187d5285d316bcbc9adafc08b51d70a0d8e000,0x407ab01a48112ee6e8e4e6700c9c36d58e5cbb1bda6dcb3fb43aadf79e8a393a
138,3,0.042,0x19c08a24994846c86a9caa6b0f7de3c1d651c412,2017-10-18T12:35:53.000Z,0.014,0xf21c326160c7e613ed24452147f1877752e4a8bf,sell,0x8a187d5285d316bcbc9adafc08b51d70a0d8e000,0x7e34ffd31e9b304391e7cf1a909fe89988451114de1528dc4990a851a0e5144c
139,1,0.0085,0xcac61fe326c1888d4e3a85ab29a403d8ab5023c4,2017-10-18T09:58:31.000Z,0.0085,0x5a90b11f3f6cbfd2984c434db09c03e3a5475228,buy,0x8a187d5285d316bcbc9adafc08b51d70a0d8e000,0x2870ccaaf55df2af17cbb75e645a7bf6c10dc378e1b97427be10417607ab0e77
140,2,0.029,0x2f4cb47e740d69757f30b771c036b72714a21696,2017-10-17T16:52:40.000Z,0.0145,0xf21c326160c7e613ed24452147f1877752e4a8bf,buy,0x8a187d5285d316bcbc9adafc08b51d70a0d8e000,0xfeb72520ab16565bcf1015bd6ed2360cabec807e8e74ad366b16ac5c0780101f
141,170,1.666,0xd17e4e5235e5d96c4fb39030ae4846db9c5bba13,2017-10-17T13:04:08.000Z,0.0098,0xc2f897135ac2eb4f165aa784561f7174dce55a59,sell,0x8a187d5285d316bcbc9adafc08b51d70a0d8e000,0x11186e4c5c9396668cb0286af8fee66a0aae0f75b0a6809c74579c92b5b7c2b8
142,33,0.3234,0xd17e4e5235e5d96c4fb39030ae4846db9c5bba13,2017-10-17T10:43:32.000Z,0.0098,0x8286c8bbedecde7b850e7ca24bfcb45632ac35f7,sell,0x8a187d5285d316bcbc9adafc08b51d70a0d8e000,0xe732548b3f3449ab8f4ea8c8b44e094d88557748c5f157e179609a0759c4fb9e
143,1,0.0098,0xd17e4e5235e5d96c4fb39030ae4846db9c5bba13,2017-10-17T10:39:38.000Z,0.0098,0x5a90b11f3f6cbfd2984c434db09c03e3a5475228,sell,0x8a187d5285d316bcbc9adafc08b51d70a0d8e000,0x4ed972701ed341b0dd5e72281757f889eafd67233a046287e30aaeab536e654c
144,19,0.1843,0x8827c05bf3292d0f2c33b20a6f07fb8c287dbc74,2017-10-17T02:10:34.000Z,0.0097,0x14d6a9617a144ac2ee29a309862a3d88ba2820d6,sell,0x8a187d5285d316bcbc9adafc08b51d70a0d8e000,0x1220a84b224df8d1972012359d213dfcfea932f1abf7386765af63ad3cb03319
145,3,0.0435,0xa1b966d6a5ea2248d1ca76c6e3972bc04c848178,2017-10-17T00:20:09.000Z,0.0145,0xf21c326160c7e613ed24452147f1877752e4a8bf,buy,0x8a187d5285d316bcbc9adafc08b51d70a0d8e000,0x7f10a710bb5df827d780fb956e2d17c6f4d0ccbc07bfd874443d2bf56f887625
146,89,0.77875,0x047d8b4c402b17dcf02f5831fb8e1457227b5bdf,2017-10-16T13:00:43.000Z,0.00875,0xc4ad0b9174dbe86cbfb53a218074607cc261df6d,sell,0x8a187d5285d316bcbc9adafc08b51d70a0d8e000,0xecfcba2c7c14661771b1407af4516681a392c3a6f580dc8b13f78f2dbfd952c2
147,9,0.0792,0x3279fd991aa42a1759bef80b1c3202ee985668d3,2017-10-16T12:57:13.000Z,0.0088,0xc4ad0b9174dbe86cbfb53a218074607cc261df6d,sell,0x8a187d5285d316bcbc9adafc08b51d70a0d8e000,0x00227470ac8ed00625f8b10f99910680a7f07c0800b15f9bf1ebef851f4080d5
148,20,0.175,0x047d8b4c402b17dcf02f5831fb8e1457227b5bdf,2017-10-16T11:04:37.000Z,0.00875,0x763ecf2de7af41a086662a8357cd26942d673ae7,sell,0x8a187d5285d316bcbc9adafc08b51d70a0d8e000,0x410c6ad42d4bb58b8d8556855436a287441adafeb5f42fbe334c0e5713d3bb13
149,310,2.7125,0x047d8b4c402b17dcf02f5831fb8e1457227b5bdf,2017-10-16T10:49:30.000Z,0.00875,0x763ecf2de7af41a086662a8357cd26942d673ae7,sell,0x8a187d5285d316bcbc9adafc08b51d70a0d8e000,0x23efe123c02fa734898d28b30b0c708e90a14016bb5aec4eb2379eb2822ae64a
150,9,0.0828,0x8827c05bf3292d0f2c33b20a6f07fb8c287dbc74,2017-10-16T10:31:58.000Z,0.0092,0x763ecf2de7af41a086662a8357cd26942d673ae7,sell,0x8a187d5285d316bcbc9adafc08b51d70a0d8e000,0x000b493b7193dd000a604aa8f6725a53c686634ed4f23028d27dd6381fe3ec4f
151,5,0.053,0x8827c05bf3292d0f2c33b20a6f07fb8c287dbc74,2017-10-16T10:31:04.000Z,0.0106,0x763ecf2de7af41a086662a8357cd26942d673ae7,sell,0x8a187d5285d316bcbc9adafc08b51d70a0d8e000,0x094dfe3fd8ea774659a3cdd06a4c8e51b4052b2f26024ff6f229370e4effb9d3
152,1,0.025931277339502592,0x8286c8bbedecde7b850e7ca24bfcb45632ac35f7,2017-10-16T03:29:28.000Z,0.025931277339502592,0x5104efc872d45dba3a97bf02aebe240dfc283321,buy,0x8a187d5285d316bcbc9adafc08b51d70a0d8e000,0x6a9d899124e27f0e4539929ccb876c74793ce3596bbbb5ad8a903ff19acb6d45
153,10,0.167,0x01669fe4d8196c981ecbffe5631b1874c818245e,2017-10-16T01:32:53.000Z,0.0167,0x1f89a64935d28b85b48ad147215602664100e358,sell,0x8a187d5285d316bcbc9adafc08b51d70a0d8e000,0x02fa15ce545832cd532a7cbd4d02f50360855577118282c473de4335aba33f55
154,6,0.11664299255050611,0x8286c8bbedecde7b850e7ca24bfcb45632ac35f7,2017-10-15T16:53:51.000Z,0.019440498758417687,0xf1420d77c34098c7855407a91ff3aa6eb97142c0,buy,0x8a187d5285d316bcbc9adafc08b51d70a0d8e000,0xa268cac5ad861a22817850898cc3fb12c3315f9de81b4ca30f7670db27f132ea
155,2,0.045858274126806625,0x8286c8bbedecde7b850e7ca24bfcb45632ac35f7,2017-10-14T20:56:47.000Z,0.022929137063403313,0xb9ee78d171c9891005f325a6b879a67a11862065,buy,0x8a187d5285d316bcbc9adafc08b51d70a0d8e000,0x6a2fd4dfb1aa044559258c13bed47ccbde24026f4bfdf0e16bab71c7fa95b54c
156,12,0.219997,0x8286c8bbedecde7b850e7ca24bfcb45632ac35f7,2017-10-14T18:09:28.000Z,0.018333083333333333,0xc91a7c50ebfbd3c6bbd4ba6d87198ccdb9206356,buy,0x8a187d5285d316bcbc9adafc08b51d70a0d8e000,0x61fbe1b2a6b974053469d2c55a16787c1f419d17bdaf39ecbebfe364b781ebff
157,120,2.04,0x96bb31f9d78aab0b9f9de8435cf00c7f3757e9c6,2017-10-14T14:09:15.000Z,0.017,0xc91a7c50ebfbd3c6bbd4ba6d87198ccdb9206356,buy,0x8a187d5285d316bcbc9adafc08b51d70a0d8e000,0xc93ef3cd8bbf3d04ed5630d90547742ae5ca9956bb7e2000bbf21a514a89904e
158,50,0.426055,0x99bc37ffa8c3b9e6f4792abf009cc294b34947bc,2017-10-14T01:57:21.000Z,0.0085211,0x9631878dd74606068fe3693c9a1f6d2bedbbe9d3,sell,0x8a187d5285d316bcbc9adafc08b51d70a0d8e000,0x0b9bc134db3c758287451d0a2d6be35b6748bbc91111163c32dc1cf7469ad9c9
159,47,0.42535,0xf05b0c73dc3c7e4ec5033a2e5673d5ef69c1e738,2017-10-14T01:56:35.000Z,0.00905,0x9631878dd74606068fe3693c9a1f6d2bedbbe9d3,sell,0x8a187d5285d316bcbc9adafc08b51d70a0d8e000,0xe74c93576252f069008f40a73cf7d1a55049d0cff6f1f19989a1a753bc156e88
160,10,0.182350718445988,0x8286c8bbedecde7b850e7ca24bfcb45632ac35f7,2017-10-14T01:26:48.000Z,0.0182350718445988,0xc91a7c50ebfbd3c6bbd4ba6d87198ccdb9206356,buy,0x8a187d5285d316bcbc9adafc08b51d70a0d8e000,0x529680fdeb0b0e3dc14b06e29057fc88ed6c7e837958c46c710e477a4636c93f
161,39,0.670004,0x8286c8bbedecde7b850e7ca24bfcb45632ac35f7,2017-10-14T01:06:04.000Z,0.017179589743589744,0xc91a7c50ebfbd3c6bbd4ba6d87198ccdb9206356,buy,0x8a187d5285d316bcbc9adafc08b51d70a0d8e000,0xe63c6e21a4f69bc26eb2209ba0e9cbf8aecc8c60e5f7dbbfefaf33f37a0152b0
162,2,0.03,0x8286c8bbedecde7b850e7ca24bfcb45632ac35f7,2017-10-14T00:56:01.000Z,0.015,0x14c60db7945188f15e136c34f05f87a3086d5361,buy,0x8a187d5285d316bcbc9adafc08b51d70a0d8e000,0xcf8b6a7e8d8a765033c2460a133684c8effc2122e3409b7cc64415586eadd8c5
163,100,1.5,0x8286c8bbedecde7b850e7ca24bfcb45632ac35f7,2017-10-14T00:51:16.000Z,0.015,0x31d173ea66fa8fba38b3ddb798c1c1098f3ae8c5,buy,0x8a187d5285d316bcbc9adafc08b51d70a0d8e000,0xca2688fe9d83f39212cac59b378edf8413b86cd91f22d7453981d1d990d1111b
164,10,0.149,0x8286c8bbedecde7b850e7ca24bfcb45632ac35f7,2017-10-14T00:50:32.000Z,0.0149,0x6c1b843890109d594d77d02cefaee39db5da11ef,buy,0x8a187d5285d316bcbc9adafc08b51d70a0d8e000,0x8951511ac5d66409d5c253bfb436720127c08ce5560a5044bef4ce9bc323a517
165,120,1.14,0xd2a4db61db5f25892699b439c7930b47743e9e50,2017-10-13T23:42:34.000Z,0.0095,0x8286c8bbedecde7b850e7ca24bfcb45632ac35f7,buy,0x8a187d5285d316bcbc9adafc08b51d70a0d8e000,0x908fbd4f0f672a4c902104b0f8095135a8837b7c51bb4f196044524ae723b153
166,35,0.34999993,0x8286c8bbedecde7b850e7ca24bfcb45632ac35f7,2017-10-12T23:24:29.000Z,0.009999998,0x00be93ce0cd4444202a88a67093bb010f931a10d,buy,0x8a187d5285d316bcbc9adafc08b51d70a0d8e000,0x5bfea3d0947dabcc739e0238cf8ff0232598cec2e247219a421285a308a22cc2
167,311,2.646921,0xd2a4db61db5f25892699b439c7930b47743e9e50,2017-10-12T21:43:53.000Z,0.008511,0x47526fc52b1b6fd139848195c43d0ecc5517fcea,sell,0x8a187d5285d316bcbc9adafc08b51d70a0d8e000,0x574a5e6f11f421d3fd3ef676ea1934eb4fd5af81839689e7a3c0813dd4fae139
168,1408,11.984896,0xb75f8b8e9c0ae25bfd04d5954ec8e75ca1f6f41c,2017-10-12T21:36:38.000Z,0.008512,0x47526fc52b1b6fd139848195c43d0ecc5517fcea,sell,0x8a187d5285d316bcbc9adafc08b51d70a0d8e000,0x17d79f4ba7dd294f71f3235339f03529d5a6cfdf6e6c3a8c7d154e6317ef047d
169,1100,9.3742,0xab22aced3ba7d64e68a276d6e0abe9d2bdc73b54,2017-10-12T21:36:04.000Z,0.008522,0x47526fc52b1b6fd139848195c43d0ecc5517fcea,sell,0x8a187d5285d316bcbc9adafc08b51d70a0d8e000,0xf9776204d7120425fc6261fd176bb72759c5fdb7e364f199e268249a2d8538a8
170,17,0.16947463170554264,0x8286c8bbedecde7b850e7ca24bfcb45632ac35f7,2017-10-12T21:07:48.000Z,0.009969095982678979,0x47526fc52b1b6fd139848195c43d0ecc5517fcea,buy,0x8a187d5285d316bcbc9adafc08b51d70a0d8e000,0xff4991325e9901c74f3b29e0705029726084ab0652d82ecc0f4b38ecd388ddfd
171,335,3.269863428962872,0xeaa80d671f673d33f2e51c522f70b63ad1fe6d43,2017-10-12T16:18:16.000Z,0.00976078635511305,0x47526fc52b1b6fd139848195c43d0ecc5517fcea,buy,0x8a187d5285d316bcbc9adafc08b51d70a0d8e000,0xec8f90d57b6ea19a92d8694b6c8e0ce066c7361b86d2002c97017b11fa7bb7fa
172,92,0.783104,0xb75f8b8e9c0ae25bfd04d5954ec8e75ca1f6f41c,2017-10-12T15:15:18.000Z,0.008512,0x8f2e02542a0c6444e927bb3d1b4200879858a23d,sell,0x8a187d5285d316bcbc9adafc08b51d70a0d8e000,0x7b83cfcf31a3953779c7235696993393c5ae10e73076316f191b02cec2b368ba
173,20,0.195,0x392aec6ee5a6ed04b8f10bb5cad2d033ea5752b0,2017-10-12T12:54:17.000Z,0.00975,0x47526fc52b1b6fd139848195c43d0ecc5517fcea,buy,0x8a187d5285d316bcbc9adafc08b51d70a0d8e000,0x53276c6ed63463cdecb51c6c383b780db26725b3b489c79a5eabf8c2e19ce511
174,50,0.4875,0x5feb503d7acd301f8a87340d0c12fc660e558d85,2017-10-12T07:50:33.000Z,0.00975,0x47526fc52b1b6fd139848195c43d0ecc5517fcea,buy,0x8a187d5285d316bcbc9adafc08b51d70a0d8e000,0xf2404587f8798fbae6f3adac02b7d5d26a77f717a2da6d0f8fd40238cb17d9e6
175,115,0.9775115,0x047d8b4c402b17dcf02f5831fb8e1457227b5bdf,2017-10-12T06:10:24.000Z,0.0085001,0xf0e32b7dd11f662fd557a3eb9608513881db2e0a,sell,0x8a187d5285d316bcbc9adafc08b51d70a0d8e000,0x682ca13e74697256eef5b2df85b55795d482bbb9cfece79ef7d371ff028bb3aa
176,10,0.085111,0x2499c3b16f19ae0a4879527ec91a999d77910ef2,2017-10-12T06:10:11.000Z,0.0085111,0xf0e32b7dd11f662fd557a3eb9608513881db2e0a,sell,0x8a187d5285d316bcbc9adafc08b51d70a0d8e000,0xd54e4e6909dc8942528c09f82f9184bbd35a4be0ad6517c99049e0b40c5eb74c
177,10,0.08511,0x6c1b843890109d594d77d02cefaee39db5da11ef,2017-10-12T06:05:17.000Z,0.008511,0xf0e32b7dd11f662fd557a3eb9608513881db2e0a,sell,0x8a187d5285d316bcbc9adafc08b51d70a0d8e000,0x6626915d64268cda545b4cf227e8395b25a2619c84c7d058f55f424a99254551
178,50,0.5995,0x96bb31f9d78aab0b9f9de8435cf00c7f3757e9c6,2017-10-12T05:39:41.000Z,0.01199,0x2efeb537132f2a2c3da23717a476a0fcd117a42b,buy,0x8a187d5285d316bcbc9adafc08b51d70a0d8e000,0x1e10a8edb2574cd1987b405d79044492bdb593d5b2a79753479b1deebeb997fc
179,4,0.036,0x8b9c7322f7f46e3ce549fa430ed7d276f03264ae,2017-10-12T05:36:10.000Z,0.009,0xf0e32b7dd11f662fd557a3eb9608513881db2e0a,sell,0x8a187d5285d316bcbc9adafc08b51d70a0d8e000,0xfbe461e025620facc7902945edccf347f7a406fea3e5e97bb1ab4fc930a799d2
180,5,0.04575,0x2499c3b16f19ae0a4879527ec91a999d77910ef2,2017-10-12T05:35:32.000Z,0.00915,0xf0e32b7dd11f662fd557a3eb9608513881db2e0a,sell,0x8a187d5285d316bcbc9adafc08b51d70a0d8e000,0xbe41cc86a9ffe9ca08fad7b8cf9a039c09e5d730eccf644ca96d510f3a9acc20
181,5,0.0459005,0x2499c3b16f19ae0a4879527ec91a999d77910ef2,2017-10-12T05:33:10.000Z,0.0091801,0xf0e32b7dd11f662fd557a3eb9608513881db2e0a,sell,0x8a187d5285d316bcbc9adafc08b51d70a0d8e000,0xf18ac66f37546deb7ab3c27f68abf5dfddc330a940954d7d5334a580ad4908c4
182,50,0.4875,0x49ae3398c7c98faff0a393aaf35aa1e340a0c99c,2017-10-12T04:53:38.000Z,0.00975,0x47526fc52b1b6fd139848195c43d0ecc5517fcea,buy,0x8a187d5285d316bcbc9adafc08b51d70a0d8e000,0x589cc3a23bde9df124d650aa555b5832dfb0f2189d02daf07038bde2c1b6e433
183,614,5.8252022,0x3279fd991aa42a1759bef80b1c3202ee985668d3,2017-10-11T23:12:09.000Z,0.0094873,0x47526fc52b1b6fd139848195c43d0ecc5517fcea,buy,0x8a187d5285d316bcbc9adafc08b51d70a0d8e000,0x0fe052f0b0ec6b2f860fb4dd5af9f22161dba627136dc6c856d96b7ce49fea35
184,162,1.96383,0x96bb31f9d78aab0b9f9de8435cf00c7f3757e9c6,2017-10-11T21:31:16.000Z,0.012122407407407408,0x99bc37ffa8c3b9e6f4792abf009cc294b34947bc,buy,0x8a187d5285d316bcbc9adafc08b51d70a0d8e000,0xe3b9dfaff27668e890726a47ce04f8521dce8e5fa20ec1e8103de4213c9364da
185,5,0.0473315,0x2499c3b16f19ae0a4879527ec91a999d77910ef2,2017-10-11T21:23:57.000Z,0.0094663,0x47526fc52b1b6fd139848195c43d0ecc5517fcea,sell,0x8a187d5285d316bcbc9adafc08b51d70a0d8e000,0x5d131451cf95948401fd89fe6b4a667466a62be84dc5a60881c3baad5d4e8195
186,20,0.189746,0x6c54af8b8e4fcdc50b1fedd366dc18aaa965f8b3,2017-10-11T20:18:11.000Z,0.0094873,0x47526fc52b1b6fd139848195c43d0ecc5517fcea,buy,0x8a187d5285d316bcbc9adafc08b51d70a0d8e000,0x601d000ff17dc57016ff98718a9376e106b247b792a3757a9ec7b543ec0cc004
187,110,1.0065,0xc988b28da70874a1b092fb4112f0ab4845702350,2017-10-11T16:33:14.000Z,0.00915,0x47526fc52b1b6fd139848195c43d0ecc5517fcea,sell,0x8a187d5285d316bcbc9adafc08b51d70a0d8e000,0xff658b9e45f9f9f513de10f317bd84fa7aef998e6c1d5a1c74e1cda996150e60
188,136,1.25392,0x8d37c746ee2bb554f9875e7804765823c73a70b4,2017-10-11T16:31:11.000Z,0.00922,0x47526fc52b1b6fd139848195c43d0ecc5517fcea,sell,0x8a187d5285d316bcbc9adafc08b51d70a0d8e000,0xe8b2a3d9a89d4ca84fb8ee541cab327cf481c47fc3b71cb572ec15824aaa74d0
189,136,1.25392,0x8d37c746ee2bb554f9875e7804765823c73a70b4,2017-10-11T16:29:46.000Z,0.00922,0x47526fc52b1b6fd139848195c43d0ecc5517fcea,sell,0x8a187d5285d316bcbc9adafc08b51d70a0d8e000,0xe8b2a3d9a89d4ca84fb8ee541cab327cf481c47fc3b71cb572ec15824aaa74d0
190,218,2.188827463589985,0x8581ce7473434a35d6bd3c8c6e551be4392cee11,2017-10-11T10:30:46.000Z,0.010040492952247638,0x00be93ce0cd4444202a88a67093bb010f931a10d,buy,0x8a187d5285d316bcbc9adafc08b51d70a0d8e000,0xd101792c6f612767ce7afa6c3d4d4f2a541edcd927bd7f528826e4204ad11a2f
191,326,3.26,0xf21c326160c7e613ed24452147f1877752e4a8bf,2017-10-11T10:21:10.000Z,0.01,0x00be93ce0cd4444202a88a67093bb010f931a10d,buy,0x8a187d5285d316bcbc9adafc08b51d70a0d8e000,0x622bfa2be81c1e85011491f06f1d08c4cd2e42195d31ff152ff81dcc2b295e29
192,2,0.022,0xff40e811950bdf1ca9d0c18d489e6e273587e139,2017-10-10T23:37:39.000Z,0.011,0x47526fc52b1b6fd139848195c43d0ecc5517fcea,buy,0x8a187d5285d316bcbc9adafc08b51d70a0d8e000,0x4c6db791b3729133d332470a3fc845da14154b668c133a779eea16aab6a4d903
193,12,0.1092,0x8581ce7473434a35d6bd3c8c6e551be4392cee11,2017-10-10T19:46:38.000Z,0.0091,0xf56a5813467b2b28d095877a40df468290e747e4,sell,0x8a187d5285d316bcbc9adafc08b51d70a0d8e000,0x853014032f3bf460591087b9cd9cb894cd385f9747682f33f417e4fc56fc8a3c
194,13,0.16577,0xf56a5813467b2b28d095877a40df468290e747e4,2017-10-10T15:25:07.000Z,0.012751538461538462,0x99bc37ffa8c3b9e6f4792abf009cc294b34947bc,buy,0x8a187d5285d316bcbc9adafc08b51d70a0d8e000,0xe034d97ca9a4c26c69c41b8bad75b237ce3010a5dd610bcf5da6deeb00ef4ab8
195,143,1.269983,0x47526fc52b1b6fd139848195c43d0ecc5517fcea,2017-10-10T04:18:13.000Z,0.008881,0xff54308621eeddf887aa2d1470b480e2c0a195f5,sell,0x8a187d5285d316bcbc9adafc08b51d70a0d8e000,0x3100893d51f6cf5d678b35e38311b1e5a1afc2c44e668a33f0b9ba9664be3ec9
196,89,1.101375,0x8f2e02542a0c6444e927bb3d1b4200879858a23d,2017-10-09T22:07:36.000Z,0.012375,0x65f2dddf638c7a7118b22d610c9aeba141f2467f,sell,0x8a187d5285d316bcbc9adafc08b51d70a0d8e000,0x55cea89fd162969e6c2e1c48c01d9c63aba05d1a827fbc14436401649eb030fd
197,89,1.0769,0x65f2dddf638c7a7118b22d610c9aeba141f2467f,2017-10-09T22:07:36.000Z,0.0121,0x99bc37ffa8c3b9e6f4792abf009cc294b34947bc,buy,0x8a187d5285d316bcbc9adafc08b51d70a0d8e000,0x55cea89fd162969e6c2e1c48c01d9c63aba05d1a827fbc14436401649eb030fd
198,24,0.3073327684179045,0x8286c8bbedecde7b850e7ca24bfcb45632ac35f7,2017-10-09T19:32:02.000Z,0.012805532017412687,0x47526fc52b1b6fd139848195c43d0ecc5517fcea,buy,0x8a187d5285d316bcbc9adafc08b51d70a0d8e000,0x4f1252c331ce5b224b73a18c47ec1bc9c88e4385a158df41e09d64b5d2611602
199,36,0.4067391087628352,0xb419b9777f9866adf37711c1673f88da12524e4b,2017-10-09T15:39:22.000Z,0.011298308576745422,0x47526fc52b1b6fd139848195c43d0ecc5517fcea,buy,0x8a187d5285d316bcbc9adafc08b51d70a0d8e000,0x2dcbcb5d75219fb6f7eb0f921139fd1c5deb24d578a449c7bd4840c2af750a80
200,181,1.991,0x8581ce7473434a35d6bd3c8c6e551be4392cee11,2017-10-09T15:23:26.000Z,0.011,0x47526fc52b1b6fd139848195c43d0ecc5517fcea,buy,0x8a187d5285d316bcbc9adafc08b51d70a0d8e000,0x9a1d2be30331b3e1de456b7117cd37d1040890ee23f21c2211a2310101e03c47
201,181,1.999998,0x8581ce7473434a35d6bd3c8c6e551be4392cee11,2017-10-09T13:56:50.000Z,0.011049712707182321,0x47526fc52b1b6fd139848195c43d0ecc5517fcea,buy,0x8a187d5285d316bcbc9adafc08b51d70a0d8e000,0xb6d03d8a626c19cb8a9bc389840fc6d4ec961aed96b7890ccd2234892104243a
202,118,1.300002,0x60573d1a8861d311916467ccb4c5b6f8c618d745,2017-10-09T09:18:50.000Z,0.011016966101694916,0x47526fc52b1b6fd139848195c43d0ecc5517fcea,buy,0x8a187d5285d316bcbc9adafc08b51d70a0d8e000,0x26bf4eb78fec3cd855752c487437039885f10865c4aeb7acc5f11f57ad20d8d4
203,4,0.0495,0x8f2e02542a0c6444e927bb3d1b4200879858a23d,2017-10-09T08:55:20.000Z,0.012375,0x47526fc52b1b6fd139848195c43d0ecc5517fcea,buy,0x8a187d5285d316bcbc9adafc08b51d70a0d8e000,0x64fb6d3cc328f4a7007d757f934682ad69909ae3bbf6b9ed4187538986c7cef1
204,79,0.6715,0xbc8fdeb530a215ca8c1b69c29ab6192b6351ee1b,2017-10-09T07:22:46.000Z,0.0085,0x5a90b11f3f6cbfd2984c434db09c03e3a5475228,sell,0x8a187d5285d316bcbc9adafc08b51d70a0d8e000,0x87b81bb1b0036eda346a7de8146e47b77280cd5080cbde53fd212e7fa24cdc1d
205,10,0.11,0xbcaa4eceb35a5c57e64eb3a6769a58d6aecdeefc,2017-10-09T05:05:11.000Z,0.011,0x47526fc52b1b6fd139848195c43d0ecc5517fcea,buy,0x8a187d5285d316bcbc9adafc08b51d70a0d8e000,0x5ce2ee1a55d6f2c32e926e9fd1a3dc9f6f4eaccbf73e5f61c5b46acc114ced2b
206,5,0.0605,0x8286c8bbedecde7b850e7ca24bfcb45632ac35f7,2017-10-09T01:13:04.000Z,0.0121,0x47526fc52b1b6fd139848195c43d0ecc5517fcea,buy,0x8a187d5285d316bcbc9adafc08b51d70a0d8e000,0x2e4d6c2e9ae278bc47d136c390a73ff3cc93a601c91145198affdb8a28f2f1e0
207,1,0.011,0x8286c8bbedecde7b850e7ca24bfcb45632ac35f7,2017-10-09T01:05:08.000Z,0.011,0x14c60db7945188f15e136c34f05f87a3086d5361,buy,0x8a187d5285d316bcbc9adafc08b51d70a0d8e000,0x19746e1798d53801cb072c21e815ab74ed2928b6f318c1f1e932d0b352a3fa90
208,58,0.638,0x8286c8bbedecde7b850e7ca24bfcb45632ac35f7,2017-10-08T23:13:04.000Z,0.011,0x47526fc52b1b6fd139848195c43d0ecc5517fcea,buy,0x8a187d5285d316bcbc9adafc08b51d70a0d8e000,0x8fcf0b4fd82cf632063e4cc09f59a224ca62191065a47ed42c394a9e3e11690b
209,1,0.011,0x392aec6ee5a6ed04b8f10bb5cad2d033ea5752b0,2017-10-08T14:43:42.000Z,0.011,0x47526fc52b1b6fd139848195c43d0ecc5517fcea,buy,0x8a187d5285d316bcbc9adafc08b51d70a0d8e000,0x65071f115401abf1e4e4272755332f13e658c5577a95be20a6d3215863c04749
210,3,0.033,0xa2b0700c43dc4da92be11065566cd4dae74d4b1c,2017-10-08T08:30:53.000Z,0.011,0x47526fc52b1b6fd139848195c43d0ecc5517fcea,buy,0x8a187d5285d316bcbc9adafc08b51d70a0d8e000,0x92fe592f72e25441b3fbafcf36b4399f690dc3e9621308083d233105e245473e
211,33,0.33,0xa2b0700c43dc4da92be11065566cd4dae74d4b1c,2017-10-08T08:21:29.000Z,0.01,0xc7b8674ecfa7b34b100a994fa55b1bcf1455e9f9,buy,0x8a187d5285d316bcbc9adafc08b51d70a0d8e000,0xc1ec587c6bf9141b2f230e0f470e19aa43f2796a0808b9b0acb76859affd54dc
212,4,0.04,0x6e10b475fd4e648c5efbaa51287fe523338059d6,2017-10-08T05:24:26.000Z,0.01,0xc7b8674ecfa7b34b100a994fa55b1bcf1455e9f9,sell,0x8a187d5285d316bcbc9adafc08b51d70a0d8e000,0xcfc200c8775c666e3dbc4decc33ce32cf9c7ffb57b454e7e02bf53c2cf288005
213,50,0.5609993958727943,0xeaa80d671f673d33f2e51c522f70b63ad1fe6d43,2017-10-07T21:34:22.000Z,0.011219987917455886,0x47526fc52b1b6fd139848195c43d0ecc5517fcea,buy,0x8a187d5285d316bcbc9adafc08b51d70a0d8e000,0x4b98eece682c02aa4092030dccecdd0e2fe5b6fc881057600f49291688ff9e37
214,1,0.011,0xeaa80d671f673d33f2e51c522f70b63ad1fe6d43,2017-10-07T21:09:23.000Z,0.011,0x47526fc52b1b6fd139848195c43d0ecc5517fcea,buy,0x8a187d5285d316bcbc9adafc08b51d70a0d8e000,0x1cac836230ebd71b055c588ffd8847bca6b178ca7bc955a411f244bcdf05a4c2
215,1,0.0107,0x47526fc52b1b6fd139848195c43d0ecc5517fcea,2017-10-07T20:58:14.000Z,0.0107,0xa8596ea432d61e7a7f694a2cf73df545bfca7e26,buy,0x8a187d5285d316bcbc9adafc08b51d70a0d8e000,0x6facc60a027336d9e7e8acce0b18be39150d4f2c6220032cd2771f6164b0f610
216,59,0.649,0x3279fd991aa42a1759bef80b1c3202ee985668d3,2017-10-07T20:42:15.000Z,0.011,0x47526fc52b1b6fd139848195c43d0ecc5517fcea,buy,0x8a187d5285d316bcbc9adafc08b51d70a0d8e000,0x2b4b1e40bcb9871f924fbc04ac73948c2712d9a7a9bbdf8d7d1c96bff180c4da
217,26,0.2704,0x47526fc52b1b6fd139848195c43d0ecc5517fcea,2017-10-07T20:38:26.000Z,0.0104,0xa8596ea432d61e7a7f694a2cf73df545bfca7e26,buy,0x8a187d5285d316bcbc9adafc08b51d70a0d8e000,0x01b5bb968e36f1038893746a9ef59f96b528dd0d6f877caca51aa8ea7ab9311b
218,1,0.011000001,0x5d5065b42bdee0274e394ba9042c21e1818c69cf,2017-10-07T12:28:06.000Z,0.011000001,0x47526fc52b1b6fd139848195c43d0ecc5517fcea,sell,0x8a187d5285d316bcbc9adafc08b51d70a0d8e000,0x61b6604f4417cd28152da304cb66b1f50846f0a618d83f5136d0e5401f34dee8
219,55,0.605000055,0x99bc37ffa8c3b9e6f4792abf009cc294b34947bc,2017-10-07T12:25:25.000Z,0.011000001,0x47526fc52b1b6fd139848195c43d0ecc5517fcea,sell,0x8a187d5285d316bcbc9adafc08b51d70a0d8e000,0xdb288336d9d2fc1ee7c63dc77f51811ec8b4c6a711fce3840b5d64e9eec4710d
220,180,1.98000054,0xab22aced3ba7d64e68a276d6e0abe9d2bdc73b54,2017-10-07T12:23:16.000Z,0.011000003,0x47526fc52b1b6fd139848195c43d0ecc5517fcea,sell,0x8a187d5285d316bcbc9adafc08b51d70a0d8e000,0xf56b967edfa9b36bfa80f648fb00c525c35e7a835d38d3a005e4b8447cc79658
221,330,3.63000165,0xab22aced3ba7d64e68a276d6e0abe9d2bdc73b54,2017-10-07T12:17:22.000Z,0.011000005,0x47526fc52b1b6fd139848195c43d0ecc5517fcea,sell,0x8a187d5285d316bcbc9adafc08b51d70a0d8e000,0xfa55a7e5c656565e835885ce26ce284f9dd835654d8a10ac670b266a8e311abc
222,200,2.2000004,0xab22aced3ba7d64e68a276d6e0abe9d2bdc73b54,2017-10-07T12:17:22.000Z,0.011000002,0x47526fc52b1b6fd139848195c43d0ecc5517fcea,sell,0x8a187d5285d316bcbc9adafc08b51d70a0d8e000,0x8bbc5a0532b4246d1bd59b49f81ecc531ed499396247fbdccf981685b1bff379
223,200,2.2000008,0xab22aced3ba7d64e68a276d6e0abe9d2bdc73b54,2017-10-07T12:17:22.000Z,0.011000004,0x47526fc52b1b6fd139848195c43d0ecc5517fcea,sell,0x8a187d5285d316bcbc9adafc08b51d70a0d8e000,0x839e6c83f8e566911f410fe0383ff8b3ae7fa1ed6f53a2e8c3f0d172f13ef774
224,104,1.144000624,0x99bc37ffa8c3b9e6f4792abf009cc294b34947bc,2017-10-07T12:17:07.000Z,0.011000006,0x47526fc52b1b6fd139848195c43d0ecc5517fcea,sell,0x8a187d5285d316bcbc9adafc08b51d70a0d8e000,0x9179400ddde6dc39b506b6df2632181030943ea7279a0af5f62f768ecde55c74
225,99,0.99011682,0xab22aced3ba7d64e68a276d6e0abe9d2bdc73b54,2017-10-07T00:17:44.000Z,0.01000118,0x47526fc52b1b6fd139848195c43d0ecc5517fcea,sell,0x8a187d5285d316bcbc9adafc08b51d70a0d8e000,0x9859b11cf799da3184972399ad970218bb16438e73b6e1e7aff40ff3115c8d4f
226,454,4.994,0xae837368d0001452df235ce8cdf23127b9578ec7,2017-10-07T00:14:16.000Z,0.011,0x47526fc52b1b6fd139848195c43d0ecc5517fcea,sell,0x8a187d5285d316bcbc9adafc08b51d70a0d8e000,0x4878005d59e05c86a0f76a0e16e6ad051ac18912bf62d129ea012097b10155f0
227,23,0.25323,0x7e77caf74920352ccd7db96de8e8fa5b7e77d4c4,2017-10-07T00:13:12.000Z,0.01101,0x47526fc52b1b6fd139848195c43d0ecc5517fcea,sell,0x8a187d5285d316bcbc9adafc08b51d70a0d8e000,0x0a1301fd0a9a5bbcd2f9c3736111139d7b447541405e0723578d081df0648e9c
228,5,0.075,0x3279fd991aa42a1759bef80b1c3202ee985668d3,2017-10-06T20:53:20.000Z,0.015,0x47526fc52b1b6fd139848195c43d0ecc5517fcea,buy,0x8a187d5285d316bcbc9adafc08b51d70a0d8e000,0x88e99046fee22011e9a3c7b5fac560672c059e503ef4fb1bbd7e5daf858fdcd3
229,10,0.1696,0xe03d6982dc67599496ddc2bc6fdefbd6bc85a2d1,2017-10-06T18:48:40.000Z,0.01696,0x8827c05bf3292d0f2c33b20a6f07fb8c287dbc74,buy,0x8a187d5285d316bcbc9adafc08b51d70a0d8e000,0x68e5f8ee42c29995b99feffed88362f086e10ff756031e678e74654c98894216
230,20,0.222,0x14d6a9617a144ac2ee29a309862a3d88ba2820d6,2017-10-06T08:42:04.000Z,0.0111,0x6c54af8b8e4fcdc50b1fedd366dc18aaa965f8b3,sell,0x8a187d5285d316bcbc9adafc08b51d70a0d8e000,0x8fdd23b694e8e74413e7db062b77cba1702bb803f615c0f7c459b4b886177919
231,3,0.05097,0x8286c8bbedecde7b850e7ca24bfcb45632ac35f7,2017-10-06T05:14:44.000Z,0.01699,0xc7b8674ecfa7b34b100a994fa55b1bcf1455e9f9,buy,0x8a187d5285d316bcbc9adafc08b51d70a0d8e000,0x97d68c60ad158501d5ebea7b351a9f7f83b0b8858c1109b370b2106a8df6a337
232,1,0.010002,0x50ac0c64344c878cb7f9a57baa96cca46a39b227,2017-10-05T18:36:45.000Z,0.010002,0xa458aeff6a7638e18d82a9e621a1ce26ab0bb271,sell,0x8a187d5285d316bcbc9adafc08b51d70a0d8e000,0x86d8a5550aad850d161b31d03734d73ed2c977c1077db4494b84caab2494d91c
233,33,0.4455,0x8581ce7473434a35d6bd3c8c6e551be4392cee11,2017-10-05T18:33:24.000Z,0.0135,0xa458aeff6a7638e18d82a9e621a1ce26ab0bb271,sell,0x8a187d5285d316bcbc9adafc08b51d70a0d8e000,0xf5924a3aac64ed38e256c2de2703bbcda4819417639ab4d7d896ba1d9f522b5b
234,85,1.19,0x99bc37ffa8c3b9e6f4792abf009cc294b34947bc,2017-10-05T09:06:32.000Z,0.014,0x009a8212e30d78b359b91783321673a783e6b8b0,sell,0x8a187d5285d316bcbc9adafc08b51d70a0d8e000,0x631034ea44d33de1677473fc4b9c3d1b6f83c530114b16b28aa62218db7767e9
235,15,0.3,0x6e10b475fd4e648c5efbaa51287fe523338059d6,2017-10-05T01:18:13.000Z,0.02,0x009a8212e30d78b359b91783321673a783e6b8b0,sell,0x8a187d5285d316bcbc9adafc08b51d70a0d8e000,0xc795e7cec1be753e491ec48b93ed6f936f99db5f87d67beaadc64994dd90bbff
236,20,0.3999996,0x8286c8bbedecde7b850e7ca24bfcb45632ac35f7,2017-10-04T20:10:52.000Z,0.01999998,0x5a90b11f3f6cbfd2984c434db09c03e3a5475228,buy,0x8a187d5285d316bcbc9adafc08b51d70a0d8e000,0xf812fa8d3543f23b1ca681380ee5a7d64ddf157d0232fb2758fcf9e2501f2a7e
237,50,0.999999,0x8286c8bbedecde7b850e7ca24bfcb45632ac35f7,2017-10-04T20:06:27.000Z,0.01999998,0x5a90b11f3f6cbfd2984c434db09c03e3a5475228,buy,0x8a187d5285d316bcbc9adafc08b51d70a0d8e000,0x403045b56fa136744b31cbdb5e7555ae2ab31abbd5268c8e3423a51c9bd04f7e
238,50,0.999999,0x8286c8bbedecde7b850e7ca24bfcb45632ac35f7,2017-10-04T20:04:19.000Z,0.01999998,0x5a90b11f3f6cbfd2984c434db09c03e3a5475228,buy,0x8a187d5285d316bcbc9adafc08b51d70a0d8e000,0x4c7e736f9e19890142b4eefd5c7edb1adbbdc60fcaf8848cbae1e231261ed42e
239,1,0.0189999,0x8286c8bbedecde7b850e7ca24bfcb45632ac35f7,2017-10-04T20:03:10.000Z,0.0189999,0x57880990f47c42301420b6a82903328ab2099666,buy,0x8a187d5285d316bcbc9adafc08b51d70a0d8e000,0xd78a40b2582915924d92cd80262d1a02f2ac263585cc1443f894e598c943d8ce
240,24,0.4799952,0x8286c8bbedecde7b850e7ca24bfcb45632ac35f7,2017-10-04T20:02:56.000Z,0.0199998,0x392aec6ee5a6ed04b8f10bb5cad2d033ea5752b0,buy,0x8a187d5285d316bcbc9adafc08b51d70a0d8e000,0x13fcf63d83bb23b64baedfc9f411d8511d8c60bd9c4a92a55dfeee06b4879ac3
241,8,0.128,0x8286c8bbedecde7b850e7ca24bfcb45632ac35f7,2017-10-04T20:00:46.000Z,0.016,0xb6a8c5331b234818bdfd542e7974372d2dd293f2,buy,0x8a187d5285d316bcbc9adafc08b51d70a0d8e000,0x2050fdd76af3028d6c02cfbfaa5e5a012591fc8dc3c1de3624b07446d2cff54a
242,4,0.056,0x8581ce7473434a35d6bd3c8c6e551be4392cee11,2017-10-04T17:29:42.000Z,0.014,0xb6a8c5331b234818bdfd542e7974372d2dd293f2,sell,0x8a187d5285d316bcbc9adafc08b51d70a0d8e000,0x7e3eb8b2e2a3636aa01b0ffe04a6f0a477264d1b044974e5d824f6686508a9a5
243,1,0.016,0x93b5b47b9780ff0440bbdccdc208a6c154df9651,2017-10-04T17:28:47.000Z,0.016,0xb6a8c5331b234818bdfd542e7974372d2dd293f2,sell,0x8a187d5285d316bcbc9adafc08b51d70a0d8e000,0x58d1f16a6246e6f4ccff45144fa8dbc5109cb1707d40c830a053f3115565b766
244,7,0.1127,0x93b5b47b9780ff0440bbdccdc208a6c154df9651,2017-10-04T17:28:19.000Z,0.0161,0xb6a8c5331b234818bdfd542e7974372d2dd293f2,sell,0x8a187d5285d316bcbc9adafc08b51d70a0d8e000,0x1aff425ebd041dc090fec3ffdc338fe98c150c96843d23276e117df37d9ca4f9
245,6,0.0966,0x93b5b47b9780ff0440bbdccdc208a6c154df9651,2017-10-04T13:45:47.000Z,0.0161,0x1f89a64935d28b85b48ad147215602664100e358,sell,0x8a187d5285d316bcbc9adafc08b51d70a0d8e000,0x34b0b0498c71c97fce42fd82825845fddbbfb16c692e45d6f185a68591ae7285
246,1,0.0199998,0x009a8212e30d78b359b91783321673a783e6b8b0,2017-10-04T12:24:02.000Z,0.0199998,0x392aec6ee5a6ed04b8f10bb5cad2d033ea5752b0,buy,0x8a187d5285d316bcbc9adafc08b51d70a0d8e000,0xe784a7e94387399973173120955da549e4233fa746e2c803ced9cd5be236fdf1
247,10,0.1999999,0x93b5b47b9780ff0440bbdccdc208a6c154df9651,2017-10-04T11:30:22.000Z,0.01999999,0x392aec6ee5a6ed04b8f10bb5cad2d033ea5752b0,buy,0x8a187d5285d316bcbc9adafc08b51d70a0d8e000,0x190aeef94ca73e4ccba1070bbd7f21c8e77114dc93c75c02d51cb778038445ce
248,5,0.09999995,0x3279fd991aa42a1759bef80b1c3202ee985668d3,2017-10-04T11:20:42.000Z,0.01999999,0x392aec6ee5a6ed04b8f10bb5cad2d033ea5752b0,buy,0x8a187d5285d316bcbc9adafc08b51d70a0d8e000,0xcae40e942732f1bbaf07d033be07a98f6a861d0d2727c88c1c979f3a8b4e757d
249,9,0.144,0x93b5b47b9780ff0440bbdccdc208a6c154df9651,2017-10-04T03:45:37.000Z,0.016,0xd27b049fee9eb320f881da17789efd882b523a7a,sell,0x8a187d5285d316bcbc9adafc08b51d70a0d8e000,0xbcbd826d2803968c04047efe5386c070a51f9342ddb19fe3339320715f4aee5f
250,50,0.85,0x6c54af8b8e4fcdc50b1fedd366dc18aaa965f8b3,2017-10-04T03:40:11.000Z,0.017,0xd27b049fee9eb320f881da17789efd882b523a7a,sell,0x8a187d5285d316bcbc9adafc08b51d70a0d8e000,0x49f9ba0e264368adff57a408eed6b302ea2d489d4d981bf44652ead1dba6750d
251,25,0.4375,0x93b5b47b9780ff0440bbdccdc208a6c154df9651,2017-10-04T03:32:13.000Z,0.0175,0xd27b049fee9eb320f881da17789efd882b523a7a,sell,0x8a187d5285d316bcbc9adafc08b51d70a0d8e000,0xad0f2a913a4b46d8f1fa123f6bcaf19d26d60160797aaa500b48d87d96bddad4
252,4,0.09969095803010666,0x8286c8bbedecde7b850e7ca24bfcb45632ac35f7,2017-10-04T01:58:44.000Z,0.024922739507526666,0xc7b8674ecfa7b34b100a994fa55b1bcf1455e9f9,buy,0x8a187d5285d316bcbc9adafc08b51d70a0d8e000,0xcc68af92ef41e8f31f59a079706b71915a3ddc8f3fa3b894d06c7edb3c697dd8
253,10,0.201,0x3279fd991aa42a1759bef80b1c3202ee985668d3,2017-10-04T01:27:14.000Z,0.0201,0xc7b8674ecfa7b34b100a994fa55b1bcf1455e9f9,buy,0x8a187d5285d316bcbc9adafc08b51d70a0d8e000,0x925b2f120a0a4d138e7a6a2c4cdb205bd2942808018682e83b14d2b27aa5c6d3
254,50,1.005,0x12064f68ccd96e7228b5e42af31da52490cfdccd,2017-10-04T01:12:36.000Z,0.0201,0xc7b8674ecfa7b34b100a994fa55b1bcf1455e9f9,buy,0x8a187d5285d316bcbc9adafc08b51d70a0d8e000,0x72e317775e138914dd30a505e41f7d1a2f2c2392797d72e09f372ab65c7a2af4
255,50,1.15642088,0x7e77caf74920352ccd7db96de8e8fa5b7e77d4c4,2017-10-03T23:30:27.000Z,0.0231284176,0x12064f68ccd96e7228b5e42af31da52490cfdccd,buy,0x8a187d5285d316bcbc9adafc08b51d70a0d8e000,0x096dcad02cbc5cc4b7b2098a3ba7305259ac726a10405b094ab4153e7666fd08
256,12,0.2892,0x009a8212e30d78b359b91783321673a783e6b8b0,2017-10-03T11:29:14.000Z,0.0241,0x8827c05bf3292d0f2c33b20a6f07fb8c287dbc74,buy,0x8a187d5285d316bcbc9adafc08b51d70a0d8e000,0x80ec1339f8e127c4257e7a4d903b84004a2cfc5687d1dececd6a98687b80ba80
257,25,0.525,0x009a8212e30d78b359b91783321673a783e6b8b0,2017-10-03T11:17:12.000Z,0.021,0x93b5b47b9780ff0440bbdccdc208a6c154df9651,buy,0x8a187d5285d316bcbc9adafc08b51d70a0d8e000,0xbddaa6bd2938b034c4c9fd5c8be3fcab54850f537d7c01460e7fe238f4130304
258,29,0.435,0x93b5b47b9780ff0440bbdccdc208a6c154df9651,2017-10-03T10:37:18.000Z,0.015,0x5a90b11f3f6cbfd2984c434db09c03e3a5475228,sell,0x8a187d5285d316bcbc9adafc08b51d70a0d8e000,0xff9f0742b05bd4f44dec01106d353e7fd71ee6bdafbc288d3e1c9f627abc4e1a
259,1,0.0189,0x009a8212e30d78b359b91783321673a783e6b8b0,2017-10-03T10:36:43.000Z,0.0189,0x5a90b11f3f6cbfd2984c434db09c03e3a5475228,buy,0x8a187d5285d316bcbc9adafc08b51d70a0d8e000,0x190d5a718fe1045a89b6fb450a0772b4758e5ca2e50b0d412a526139910aadcc
260,20,0.48198,0x009a8212e30d78b359b91783321673a783e6b8b0,2017-10-03T10:36:37.000Z,0.024099,0xc7b8674ecfa7b34b100a994fa55b1bcf1455e9f9,buy,0x8a187d5285d316bcbc9adafc08b51d70a0d8e000,0xd1c3ad39cd548d01c902ec0852df570c2813108bdb97cf21e4dc5b9e9575967d
261,32,0.608,0x009a8212e30d78b359b91783321673a783e6b8b0,2017-10-03T10:27:28.000Z,0.019,0x180c985a396ca91392fc76de23ba3a6c19dba231,buy,0x8a187d5285d316bcbc9adafc08b51d70a0d8e000,0x44a8a011de89fee86cd10f3318a73654376568d1a159a2bb20bce53aa5f1d3af
262,107,1.498,0x8581ce7473434a35d6bd3c8c6e551be4392cee11,2017-10-03T10:25:36.000Z,0.014,0x5a90b11f3f6cbfd2984c434db09c03e3a5475228,sell,0x8a187d5285d316bcbc9adafc08b51d70a0d8e000,0x21b1ca1a1e4dbe85ec1ef71d4c4a6ce8335b50a3e610564fc3860a776129f471
263,10,0.1999998,0x009a8212e30d78b359b91783321673a783e6b8b0,2017-10-03T10:10:58.000Z,0.01999998,0x5a90b11f3f6cbfd2984c434db09c03e3a5475228,buy,0x8a187d5285d316bcbc9adafc08b51d70a0d8e000,0x2bc7f57549c2a8afd13627345dda39a71b9fe564a2b36f0b8e5b98b1e6d246f4
264,5,0.095,0xff54308621eeddf887aa2d1470b480e2c0a195f5,2017-10-03T01:50:52.000Z,0.019,0x180c985a396ca91392fc76de23ba3a6c19dba231,buy,0x8a187d5285d316bcbc9adafc08b51d70a0d8e000,0x3fc0853e00eab230dccb98740ee9aebb0468b087a9925dabd0302d0ebc7e93d8
265,21,0.4011,0x93d82d3d0fd7db04a951a5e277e45a385a247c74,2017-10-02T21:43:39.000Z,0.0191,0x8827c05bf3292d0f2c33b20a6f07fb8c287dbc74,buy,0x8a187d5285d316bcbc9adafc08b51d70a0d8e000,0x9013cc0dbca594a9c2babc822c97915f8e20cb46478d433c110171432059e7ff
266,8,0.152,0x93d82d3d0fd7db04a951a5e277e45a385a247c74,2017-10-02T18:44:18.000Z,0.019,0xca0e874de12ece1a2cfd5d45e41a5c18b9460453,buy,0x8a187d5285d316bcbc9adafc08b51d70a0d8e000,0xe27b715b49e95618d50ac64d09d71f2cf7b2e9c490ebe0dd67121953a3b1590b
267,37,0.666,0xab22aced3ba7d64e68a276d6e0abe9d2bdc73b54,2017-10-02T12:50:12.000Z,0.018,0xcb8c470ade68afc21e307891fc3cfdf37f960b6d,buy,0x8a187d5285d316bcbc9adafc08b51d70a0d8e000,0x80f4ae5a9226a8c4bbb0d81b599ef1c8cd1d890aa16aaec4d790bd4def695660
268,15,0.2685,0xab22aced3ba7d64e68a276d6e0abe9d2bdc73b54,2017-10-02T12:46:51.000Z,0.0179,0x392aec6ee5a6ed04b8f10bb5cad2d033ea5752b0,buy,0x8a187d5285d316bcbc9adafc08b51d70a0d8e000,0x7ddf2976a3cb2fe29a0b1937351d631f3eac37a04b149ff248034770ad1c5a13
269,8,0.1432,0xab22aced3ba7d64e68a276d6e0abe9d2bdc73b54,2017-10-02T12:46:37.000Z,0.0179,0x392aec6ee5a6ed04b8f10bb5cad2d033ea5752b0,buy,0x8a187d5285d316bcbc9adafc08b51d70a0d8e000,0xcf73bc0d94384383a889e1be62856b298955629d1f73d1af4caed7df77f806f2
270,8,0.1432,0xab22aced3ba7d64e68a276d6e0abe9d2bdc73b54,2017-10-02T12:44:45.000Z,0.0179,0x392aec6ee5a6ed04b8f10bb5cad2d033ea5752b0,buy,0x8a187d5285d316bcbc9adafc08b51d70a0d8e000,0xb49dc2506c7121cc2bfe119c03af218c92b78a091a4fc0692924e124739f520c
271,30,0.54,0x276a3e6d3a31dd36198b0720c5dbf79ea0357996,2017-10-02T02:33:23.000Z,0.018,0xcb8c470ade68afc21e307891fc3cfdf37f960b6d,buy,0x8a187d5285d316bcbc9adafc08b51d70a0d8e000,0xce2c5d4f0055f0def74e48c3a7e353f0cb17b7674a11a3a2662015fcb6fc2ca7
272,10,0.18,0x3279fd991aa42a1759bef80b1c3202ee985668d3,2017-10-01T18:49:57.000Z,0.018,0xcb8c470ade68afc21e307891fc3cfdf37f960b6d,buy,0x8a187d5285d316bcbc9adafc08b51d70a0d8e000,0x150c81d19ad1e1cf7f3f20908dd54a02ea230a2f1f62002ac7296eb51dac0015
273,12,0.2076,0xe03d6982dc67599496ddc2bc6fdefbd6bc85a2d1,2017-10-01T18:44:13.000Z,0.0173,0x8827c05bf3292d0f2c33b20a6f07fb8c287dbc74,buy,0x8a187d5285d316bcbc9adafc08b51d70a0d8e000,0xb04dd389e2e8b0a1bafb657aa0670965ebcf3cca82ea06937fe049f92e2a94b2
274,2,0.0338,0xe03d6982dc67599496ddc2bc6fdefbd6bc85a2d1,2017-10-01T17:45:33.000Z,0.0169,0x8827c05bf3292d0f2c33b20a6f07fb8c287dbc74,buy,0x8a187d5285d316bcbc9adafc08b51d70a0d8e000,0x3494516082c98ecc2cf118010b5630072cf85160a90f81ae2e85df93236946a6
275,39,0.624,0x93b5b47b9780ff0440bbdccdc208a6c154df9651,2017-10-01T16:19:39.000Z,0.016,0xc7b8674ecfa7b34b100a994fa55b1bcf1455e9f9,sell,0x8a187d5285d316bcbc9adafc08b51d70a0d8e000,0x59e12a0b755f27083cd4543267a06366f81782d9e8bab48d952c0d5084c9ac8e
276,27,0.4833,0x93b5b47b9780ff0440bbdccdc208a6c154df9651,2017-10-01T14:06:06.000Z,0.0179,0x0181abce0c530a7cfaf5363d27945a8c71015e29,buy,0x8a187d5285d316bcbc9adafc08b51d70a0d8e000,0xcfea25ef28b10e2b1e655b9df6324eeabd09de628d37d6ece69544d18398564a
277,4,0.1062431234303096,0xb6a8c5331b234818bdfd542e7974372d2dd293f2,2017-10-01T12:59:12.000Z,0.0265607808575774,0x8827c05bf3292d0f2c33b20a6f07fb8c287dbc74,buy,0x8a187d5285d316bcbc9adafc08b51d70a0d8e000,0x195647fe3b9055ca245225d0ecb2f1afe4426f161cb0ae68a4c8eef2942cbecd
278,11,0.2046,0x93d82d3d0fd7db04a951a5e277e45a385a247c74,2017-10-01T07:35:33.000Z,0.0186,0x8827c05bf3292d0f2c33b20a6f07fb8c287dbc74,buy,0x8a187d5285d316bcbc9adafc08b51d70a0d8e000,0x6295909873feb973b97e16d227e1282c635647eadd24a0f9746712baf2bb1e22
279,1,0.01728,0x93d82d3d0fd7db04a951a5e277e45a385a247c74,2017-10-01T07:26:52.000Z,0.01728,0xa8596ea432d61e7a7f694a2cf73df545bfca7e26,buy,0x8a187d5285d316bcbc9adafc08b51d70a0d8e000,0xffa81e79c4c4f61755e1f2b37cc66a0e779584e2b1fe16d3aa3e900b02c0d102
280,16,0.300004,0xb6a8c5331b234818bdfd542e7974372d2dd293f2,2017-09-30T19:51:25.000Z,0.01875025,0x0181abce0c530a7cfaf5363d27945a8c71015e29,buy,0x8a187d5285d316bcbc9adafc08b51d70a0d8e000,0x5b06fe3e919d2fd67bacb86b3aa76c7c49f2ed945e3dec875eb1cf1302f2f149
281,21,0.199500021,0x99bc37ffa8c3b9e6f4792abf009cc294b34947bc,2017-09-30T12:27:31.000Z,0.009500001,0xcb8c470ade68afc21e307891fc3cfdf37f960b6d,sell,0x8a187d5285d316bcbc9adafc08b51d70a0d8e000,0x5dcb8b92d72c8809b1c13a0e8a8a5bf9a6c44474267292cb17879010adafacd1
282,13,0.182,0x3279fd991aa42a1759bef80b1c3202ee985668d3,2017-09-30T11:54:50.000Z,0.014,0x8827c05bf3292d0f2c33b20a6f07fb8c287dbc74,sell,0x8a187d5285d316bcbc9adafc08b51d70a0d8e000,0x8da198b4d4eae49448ebc1614654fdde9866974be4d46e297df8bee5b87efd8d
283,24,0.7025580869591505,0xa458aeff6a7638e18d82a9e621a1ce26ab0bb271,2017-09-30T11:07:23.000Z,0.029273253623297933,0xc7b8674ecfa7b34b100a994fa55b1bcf1455e9f9,buy,0x8a187d5285d316bcbc9adafc08b51d70a0d8e000,0xca46ffaf26474dabfb3ba9f550b65813df80b59d0b1ec815a5ad03e46dc70648
284,11,0.33593729619325124,0xa458aeff6a7638e18d82a9e621a1ce26ab0bb271,2017-09-30T09:44:21.000Z,0.030539754199386475,0xc7b8674ecfa7b34b100a994fa55b1bcf1455e9f9,buy,0x8a187d5285d316bcbc9adafc08b51d70a0d8e000,0x420bafca3d932f01d55d26e325d722f707afe0efe3d4e521d8ef5ffb3164787d
285,668,10.0868,0xab22aced3ba7d64e68a276d6e0abe9d2bdc73b54,2017-09-30T07:04:46.000Z,0.0151,0xc91a7c50ebfbd3c6bbd4ba6d87198ccdb9206356,buy,0x8a187d5285d316bcbc9adafc08b51d70a0d8e000,0x179f385f7decd10542f356caa64ca7156e33c287c5337e19c0954e4e98ba532a
286,7,0.1057,0xb8186b97012530dceadc931136bf6cc7e4237f10,2017-09-30T01:46:42.000Z,0.0151,0xc91a7c50ebfbd3c6bbd4ba6d87198ccdb9206356,buy,0x8a187d5285d316bcbc9adafc08b51d70a0d8e000,0x981b9904e90a5c7aaa6237e2ed44ad1a40b03a38b0359e4312d29469f140fd40
287,1,0.02899,0x0249924245a19aa2d7f5ddb0739a7132b7d094ab,2017-09-29T22:19:57.000Z,0.02899,0xc7b8674ecfa7b34b100a994fa55b1bcf1455e9f9,buy,0x8a187d5285d316bcbc9adafc08b51d70a0d8e000,0x21894c4701be390c11ee8c3b61ad169fbb60928c6c828ec284632004aca970bf
288,12,0.1812,0xff54308621eeddf887aa2d1470b480e2c0a195f5,2017-09-29T19:54:46.000Z,0.0151,0xc91a7c50ebfbd3c6bbd4ba6d87198ccdb9206356,buy,0x8a187d5285d316bcbc9adafc08b51d70a0d8e000,0xc9271e27e684a2c22d1fa6816ec9f628c9d670bbea4811610471883bd18f4a34
289,5,0.075,0xff54308621eeddf887aa2d1470b480e2c0a195f5,2017-09-29T19:50:47.000Z,0.015,0xa3410448185301ce9cbd4761cea2d9296adc8812,buy,0x8a187d5285d316bcbc9adafc08b51d70a0d8e000,0x59a61fb4d201e42af826b31df3929bf1f5030973ac95f241c33cfa5a01d9d36b
290,62,0.9371991898221257,0xff54308621eeddf887aa2d1470b480e2c0a195f5,2017-09-29T15:29:32.000Z,0.015116115964872995,0xc91a7c50ebfbd3c6bbd4ba6d87198ccdb9206356,buy,0x8a187d5285d316bcbc9adafc08b51d70a0d8e000,0xc36ba4031d16780ad940204ff165ae8f04bf078cbf7b9bd39cc19da1733eca92
291,700,10.15,0xab22aced3ba7d64e68a276d6e0abe9d2bdc73b54,2017-09-29T12:33:03.000Z,0.0145,0xc91a7c50ebfbd3c6bbd4ba6d87198ccdb9206356,buy,0x8a187d5285d316bcbc9adafc08b51d70a0d8e000,0xa4a9983e2b7851ecbd3fec99c06764cd1a5409f5cc36947da9a711a01b8b6de4
292,420,5.88,0xab22aced3ba7d64e68a276d6e0abe9d2bdc73b54,2017-09-29T11:30:06.000Z,0.014,0xc91a7c50ebfbd3c6bbd4ba6d87198ccdb9206356,buy,0x8a187d5285d316bcbc9adafc08b51d70a0d8e000,0x45c2e31abe8468e14764e0608d281dbc5a6d0d4f73e91d38586e00aaf2a9cec5
293,37,0.5220773555769693,0x8581ce7473434a35d6bd3c8c6e551be4392cee11,2017-09-29T08:15:44.000Z,0.01411019879937755,0xc91a7c50ebfbd3c6bbd4ba6d87198ccdb9206356,buy,0x8a187d5285d316bcbc9adafc08b51d70a0d8e000,0xbda5a71119eb4a9c6103b88cd2965e1cd3b2a4dffe8452b3b855251003736ada
294,141,1.9863657605792495,0x8581ce7473434a35d6bd3c8c6e551be4392cee11,2017-09-29T08:02:20.000Z,0.014087700429640066,0xc91a7c50ebfbd3c6bbd4ba6d87198ccdb9206356,buy,0x8a187d5285d316bcbc9adafc08b51d70a0d8e000,0x3f87467e12d4c4f88a69331eb3841a1f8de1a53c756ecbd3767b7cca50cf242c
295,1,0.01526,0xff54308621eeddf887aa2d1470b480e2c0a195f5,2017-09-29T04:17:54.000Z,0.01526,0x00477bcf4c48a8c4814ace55160c0ab89ddc9795,buy,0x8a187d5285d316bcbc9adafc08b51d70a0d8e000,0x3817d1a3c1f52b4a27eb232aaf2287870946cab16a9ed5449c6c699c48b3d39a
296,111,1.6539,0xab22aced3ba7d64e68a276d6e0abe9d2bdc73b54,2017-09-28T17:52:25.000Z,0.0149,0xab6fa888d6778ccd5994808543bc428b2e92b81d,buy,0x8a187d5285d316bcbc9adafc08b51d70a0d8e000,0x0f0b3dbc61895e6930ca2b036ce5f693d9c3f9985592a82f5de8455314e959e7
297,78,1.204014,0x8581ce7473434a35d6bd3c8c6e551be4392cee11,2017-09-28T16:10:02.000Z,0.015436076923076924,0x00477bcf4c48a8c4814ace55160c0ab89ddc9795,buy,0x8a187d5285d316bcbc9adafc08b51d70a0d8e000,0x710eb174bdb9519d724c284267dc0a6cb06d35046151f4673e968c896ca2533c
298,42,0.7308,0xc2f897135ac2eb4f165aa784561f7174dce55a59,2017-09-26T23:21:27.000Z,0.0174,0x00477bcf4c48a8c4814ace55160c0ab89ddc9795,buy,0x8a187d5285d316bcbc9adafc08b51d70a0d8e000,0x6c7e5dd4094b493fcb04f01f2c5113047ade4219418b2eb93dc12205a816051f
299,39,0.858,0x4b3dc422edb854c9f33962e4219fb5c9dc054747,2017-09-25T18:18:58.000Z,0.022,0x65f2dddf638c7a7118b22d610c9aeba141f2467f,sell,0x8a187d5285d316bcbc9adafc08b51d70a0d8e000,0x11c9cbddfb7aaea85bf3aa2682c74653264a60cc3894c87ce06ed18268e75287
300,39,0.819,0x65f2dddf638c7a7118b22d610c9aeba141f2467f,2017-09-25T18:18:58.000Z,0.021,0xab6fa888d6778ccd5994808543bc428b2e92b81d,buy,0x8a187d5285d316bcbc9adafc08b51d70a0d8e000,0x11c9cbddfb7aaea85bf3aa2682c74653264a60cc3894c87ce06ed18268e75287
301,1,0.0205,0xab22aced3ba7d64e68a276d6e0abe9d2bdc73b54,2017-09-25T00:10:06.000Z,0.0205,0x1f89a64935d28b85b48ad147215602664100e358,sell,0x8a187d5285d316bcbc9adafc08b51d70a0d8e000,0x34a7a7cf555d1dfa64353c5c32dba544b335e741309e2d3859e43054af6f88c3
302,119,2.4395,0xab22aced3ba7d64e68a276d6e0abe9d2bdc73b54,2017-09-24T15:40:07.000Z,0.0205,0xa8596ea432d61e7a7f694a2cf73df545bfca7e26,sell,0x8a187d5285d316bcbc9adafc08b51d70a0d8e000,0x4afc323480de3b7dff31d48c7d0fc81e191c635f20cf6bd74b075185fcd36a2d
303,1,0.02,0x57880990f47c42301420b6a82903328ab2099666,2017-09-24T02:54:18.000Z,0.02,0x1f89a64935d28b85b48ad147215602664100e358,sell,0x8a187d5285d316bcbc9adafc08b51d70a0d8e000,0x7a055ab5fb7b3d8ad75efa1566388b7481c5d3f195497618d9a821b17db26df3
304,49,0.98,0x57880990f47c42301420b6a82903328ab2099666,2017-09-24T02:37:56.000Z,0.02,0x00961745dde1319864c16807af58e1df1e42fd58,sell,0x8a187d5285d316bcbc9adafc08b51d70a0d8e000,0x26e60ad69dd8b38b065d10f4399c800b80b94edf4ae2e1923d9646ac1389878e
305,74,1.4953643704516,0x8581ce7473434a35d6bd3c8c6e551be4392cee11,2017-09-22T19:08:58.000Z,0.020207626627724323,0x00477bcf4c48a8c4814ace55160c0ab89ddc9795,buy,0x8a187d5285d316bcbc9adafc08b51d70a0d8e000,0xac90a96f2f83e113333da90d1574b9c12309b9dd057b5ac847b1667d962f9a61
306,4,0.08016,0xeaa80d671f673d33f2e51c522f70b63ad1fe6d43,2017-09-22T18:37:40.000Z,0.02004,0x00477bcf4c48a8c4814ace55160c0ab89ddc9795,buy,0x8a187d5285d316bcbc9adafc08b51d70a0d8e000,0x53b9159c8a8e45a5c5d4c5a96fb09b624f0ee7aef0461e840d21ba4f816427fc
307,100,2.004,0xeaa80d671f673d33f2e51c522f70b63ad1fe6d43,2017-09-22T18:05:27.000Z,0.02004,0x00477bcf4c48a8c4814ace55160c0ab89ddc9795,buy,0x8a187d5285d316bcbc9adafc08b51d70a0d8e000,0x639ff26b2470acc818e23d9d372e03146f6b3c2bcdbdce765c07bffc1873ec14
308,100,2.91,0xab22aced3ba7d64e68a276d6e0abe9d2bdc73b54,2017-09-20T20:43:31.000Z,0.0291,0x00477bcf4c48a8c4814ace55160c0ab89ddc9795,buy,0x8a187d5285d316bcbc9adafc08b51d70a0d8e000,0xc686efd907c80894c29d2310bb4b599824445227901e4732f76c5950b073a3f6
309,23,0.66907,0xab22aced3ba7d64e68a276d6e0abe9d2bdc73b54,2017-09-20T20:33:55.000Z,0.02909,0xff239844502fd87f10f999256d5362292f8cb3ec,buy,0x8a187d5285d316bcbc9adafc08b51d70a0d8e000,0xf254e5b15f3630e4d5e423cdbc7313daf89c39e7014d16db1273e8b0d54d1aa5
310,26,0.77064,0x4b3dc422edb854c9f33962e4219fb5c9dc054747,2017-09-19T13:45:00.000Z,0.02964,0xe4bbba7bedcb7bab98a14e59a723d4338abc1e62,buy,0x8a187d5285d316bcbc9adafc08b51d70a0d8e000,0x3132d90260286753e0ac67df0da1cb6b749db5b66c28b4d0136b0998e377af5b
311,7,0.2072,0xeaa80d671f673d33f2e51c522f70b63ad1fe6d43,2017-09-18T19:11:35.000Z,0.0296,0x0181abce0c530a7cfaf5363d27945a8c71015e29,buy,0x8a187d5285d316bcbc9adafc08b51d70a0d8e000,0x75f51a4ecf4b923d092b64fd6d9897eb3cfc9730a8bfcd6557b69911d04fce86
