,amount,amountBase,buyer,date,price,seller,side,tokenAddr,txHash
0,2.339716364649296,0.002948042619458112,0x5d2ba7d1f80e353b48ec8a214a21d1e3d6951a3a,2017-11-02T10:00:10.000Z,0.0012599999999999996,0xfa4e7035b34294407e5df1603215983d65e5a773,sell,0x336f646f87d9f6bc6ed42dd46e8b3fd9dbd15c22,0xd507ef6c321eea82f6d8ad19cbf043ccbeb8b57de30919806d3b50fff1303082
1,45.469,0.06320191,0xdac59ec90895d084616b779f2dc305a137476a03,2017-11-02T09:53:00.000Z,0.00139,0xfa4e7035b34294407e5df1603215983d65e5a773,sell,0x336f646f87d9f6bc6ed42dd46e8b3fd9dbd15c22,0xcf4fb881cb7a2118b04db2790b5d3cac87f61c99b6186ae81764b309170e89a1
2,54.530954042468345,0.075798026119031,0xdac59ec90895d084616b779f2dc305a137476a03,2017-11-02T09:07:07.000Z,0.00139,0xc419aaf9bccf716857f590dc029b7bbef339194a,sell,0x336f646f87d9f6bc6ed42dd46e8b3fd9dbd15c22,0x40e7955d8ed447f298f36c0238d86f2b37708ac3afca3a59f62bdd3460650f7d
3,0.2976190476190476,0.0005,0x4fda9e6bcd83af6c5cc771b5d20accc2b7720074,2017-11-02T08:48:18.000Z,0.00168,0x63a78fa4abdbc36db8149aa87786df584b1261da,buy,0x336f646f87d9f6bc6ed42dd46e8b3fd9dbd15c22,0x8109376a361f05fe257512ff0c4e066429354edefe0750429da367544ec6cb4c
4,0.2976190476190476,0.0005,0x3075f7f189912f4f425dd7021b9c396434197477,2017-11-02T08:46:45.000Z,0.00168,0x63a78fa4abdbc36db8149aa87786df584b1261da,buy,0x336f646f87d9f6bc6ed42dd46e8b3fd9dbd15c22,0x08a3c2bd506b552836d57c607abcc5e7c91b0d602a5dd57b1e60b9bd5018730b
5,37.52955592447648,0.046536649346350836,0x5d2ba7d1f80e353b48ec8a214a21d1e3d6951a3a,2017-11-02T01:43:58.000Z,0.00124,0xbc9502eccb78bafc9e04064f5b1646b093a1147e,sell,0x336f646f87d9f6bc6ed42dd46e8b3fd9dbd15c22,0x95b4098a8f39ebe93c796998f44cb88edc92bc5710145b699acdeb067a798146
6,82.1077791148132,0.10181446718015952,0x2b5d4bb57c049fed547d8135492ea7d14e9c15e2,2017-11-02T01:34:02.000Z,0.00124001,0xbc9502eccb78bafc9e04064f5b1646b093a1147e,sell,0x336f646f87d9f6bc6ed42dd46e8b3fd9dbd15c22,0x74903f0cf058645909675d1cf17c1af4dd152b60ad81298b24c239c650b8281a
7,1.1976235146202912,0.002035959974854495,0xe2eabfc1e89a462bbd2ba188cd8a9591a9a0d04e,2017-11-02T00:01:47.000Z,0.0017,0xfa4e7035b34294407e5df1603215983d65e5a773,buy,0x336f646f87d9f6bc6ed42dd46e8b3fd9dbd15c22,0x40926841c3bff2e8fa50adbe50b94db0cd8f4da90464b4a6b8dc57106476e887
8,281.8096718436231,0.4227145077654347,0xe2eabfc1e89a462bbd2ba188cd8a9591a9a0d04e,2017-11-01T23:51:33.000Z,0.0015,0x045ef47fb30e316c77768d4e655c393848a858cd,buy,0x336f646f87d9f6bc6ed42dd46e8b3fd9dbd15c22,0x66a317121d9494f03998620a0f2a9f146eb9e5cd87d71b7c3a704892f81d081a
9,15.950553284817067,0.01977884557870601,0x2b5d4bb57c049fed547d8135492ea7d14e9c15e2,2017-11-01T23:47:18.000Z,0.00124001,0x1098b62b22535c7eea2b3c2f6dd049677979d514,sell,0x336f646f87d9f6bc6ed42dd46e8b3fd9dbd15c22,0xec8ff53d96d1ec511860782254b6b27e935a609f823f438d6cf477bf76eb6953
10,166.15159671684444,0.24922739507526667,0xe2eabfc1e89a462bbd2ba188cd8a9591a9a0d04e,2017-11-01T23:44:58.000Z,0.0015,0x045ef47fb30e316c77768d4e655c393848a858cd,buy,0x336f646f87d9f6bc6ed42dd46e8b3fd9dbd15c22,0xbfa47277f5436e95839803fb9f880dca37c20f879d5a58deff32108ce9bf63ed
11,98.63443283887845,0.12230768306453767,0x2b5d4bb57c049fed547d8135492ea7d14e9c15e2,2017-11-01T23:16:59.000Z,0.00124001,0x33dec5ebf2c5775e179fdd81d28c70d87281c23d,sell,0x336f646f87d9f6bc6ed42dd46e8b3fd9dbd15c22,0x8b046bec0da60ef74446485954d3636f36b6e797e30ee0ea61baa30a03084ffc
12,4.047657446980082,0.005019499999999999,0x6f2f9493ea759b1d89a229b5ed0a82c00fb01672,2017-11-01T23:15:18.000Z,0.0012400999999999998,0x33dec5ebf2c5775e179fdd81d28c70d87281c23d,sell,0x336f646f87d9f6bc6ed42dd46e8b3fd9dbd15c22,0x72cb948827653dad2a1fe13615a84bd1674574cb92b7f2bb623fbab51e9624cf
13,60,0.07443,0x6f2f9493ea759b1d89a229b5ed0a82c00fb01672,2017-11-01T22:41:50.000Z,0.0012405,0x045ef47fb30e316c77768d4e655c393848a858cd,sell,0x336f646f87d9f6bc6ed42dd46e8b3fd9dbd15c22,0xeba7a50a51e1f7d79b89b32581f938d2c91a8650e981e15a2b3701f94f49624a
14,2000,2.4804,0x0ce4b16411b408bc9f06d456175db3cc79b25299,2017-11-01T22:40:57.000Z,0.0012402,0x045ef47fb30e316c77768d4e655c393848a858cd,sell,0x336f646f87d9f6bc6ed42dd46e8b3fd9dbd15c22,0x9cbcd9abf88eae932306156f0a29b04016dd37195db6d4d7ed07b7d41b63b6ff
15,210,0.321321,0x5d2ba7d1f80e353b48ec8a214a21d1e3d6951a3a,2017-11-01T08:59:50.000Z,0.0015301,0xed0dea451afeaac5e2808fc9c15d609782d93b99,buy,0x336f646f87d9f6bc6ed42dd46e8b3fd9dbd15c22,0x88b6748a4046523b8bf9a14cf9f0b311b3dbfd5bddb6323a9ce5349f1fbf1c46
16,1,0.0015301,0x5d2ba7d1f80e353b48ec8a214a21d1e3d6951a3a,2017-11-01T08:51:29.000Z,0.0015301,0xed0dea451afeaac5e2808fc9c15d609782d93b99,buy,0x336f646f87d9f6bc6ed42dd46e8b3fd9dbd15c22,0xea4aa5f706e1d5fbc87a9124896e3da33ec1b9e58435aca46db721363b2a8bdc
17,313,0.384997512,0x3dee4a4e076e8d82859d241db0baf46f112cfa23,2017-11-01T08:30:12.000Z,0.001230024,0xa6059b75c354071675fb5aa0b362c002a4ed98ed,sell,0x336f646f87d9f6bc6ed42dd46e8b3fd9dbd15c22,0xe3a2b748a322d9cb7598f2339e8420a55300e194114f287e22f3d53884e60d2b
18,95.7033197089024,0.11771747582494267,0x0ce4b16411b408bc9f06d456175db3cc79b25299,2017-11-01T07:22:35.000Z,0.001230025,0xa38c03854dbe77164601c01bad879adf0449eeb4,sell,0x336f646f87d9f6bc6ed42dd46e8b3fd9dbd15c22,0x39558fcc2d24c5dccab5e14d8daabf267c5b6103293273f6efbe5ec834c32e33
19,67.78985146047253,0.0833830764629648,0x0ce4b16411b408bc9f06d456175db3cc79b25299,2017-11-01T06:07:02.000Z,0.001230023,0xfe2bf579ef19a52709cfd1d43893584c4fb6a536,sell,0x336f646f87d9f6bc6ed42dd46e8b3fd9dbd15c22,0x52b30a2045f7b285f0481a486bbb3fe51931bc4be94cb2e64775a3f6f4b10ae3
20,24.5,0.036505,0x540e0299db8b33ec1bde2c466bcc6466c8c62acf,2017-10-31T18:47:57.000Z,0.00149,0x5cb9c6a832282df6f9772de0f29a5233e0a651f0,buy,0x336f646f87d9f6bc6ed42dd46e8b3fd9dbd15c22,0x640f23272d26ca8776ef89cd0108ae89e4c98deefce134ec049e989b16f583f1
21,5,0.0075,0x540e0299db8b33ec1bde2c466bcc6466c8c62acf,2017-10-31T18:47:57.000Z,0.0015,0x80fa0606141d5ed2739b4f1d39acf3e9c2074168,buy,0x336f646f87d9f6bc6ed42dd46e8b3fd9dbd15c22,0x282ac5140e6a477fb4c7b1b0871696d518f0d8bd6abe8b05db7504d0c5110a3d
22,1.1991624190509997,0.00146417731366127,0x3dee4a4e076e8d82859d241db0baf46f112cfa23,2017-10-31T15:15:44.000Z,0.0012209999999999994,0xb1cd4caee91590056c4bcb8fa67fa6914df4101b,sell,0x336f646f87d9f6bc6ed42dd46e8b3fd9dbd15c22,0x42dd140b80d3afbbf4f5f48efb3c22ab167691f635d5714a646359e5cc11709d
23,103.48666019685936,0.13453265825591718,0x0ce361dcb9a24b6211b7ef736731087221e12d8c,2017-10-31T15:13:41.000Z,0.0013,0xb1cd4caee91590056c4bcb8fa67fa6914df4101b,sell,0x336f646f87d9f6bc6ed42dd46e8b3fd9dbd15c22,0xa4e151df6ad3eb3fc1ccf323d7113b1810146e14264c438e4a30b3d62f2c704e
24,84.23885953544014,0.10951051739607218,0x0ce361dcb9a24b6211b7ef736731087221e12d8c,2017-10-31T13:54:36.000Z,0.0013,0x2a02904c2d7510a28d184387aab187478182a60b,sell,0x336f646f87d9f6bc6ed42dd46e8b3fd9dbd15c22,0xa336abae095828f16dba25dcd454182d4554a582cb9585f94a6a5eae511ad0b3
25,11.9629149636128,0.01555178945269664,0x0ce361dcb9a24b6211b7ef736731087221e12d8c,2017-10-31T13:16:02.000Z,0.0013,0xff6fc474f89473ddeaf5fec9dd73b94c5b863dc1,sell,0x336f646f87d9f6bc6ed42dd46e8b3fd9dbd15c22,0x450a11e2cc19055b7771854f6c0c47514192f22dd498884d93f5e689eeab254c
26,0.3115653040877,0.00040503489531401,0x0ce361dcb9a24b6211b7ef736731087221e12d8c,2017-10-31T04:03:20.000Z,0.0013,0xe444a40689f51f63bcd29910622035707d533d29,sell,0x336f646f87d9f6bc6ed42dd46e8b3fd9dbd15c22,0xd2744e580bbc1ca1e557fdd416355199b200bcbe94ad7b3ac7e02905164ff2d2
27,4.02,0.0069144,0xc79ab1cb52c8c6cbbc7e8992d78037a3b5d75c35,2017-10-31T02:45:08.000Z,0.00172,0x6b3a0003a273a8bcf061cd3a611277bec8810edb,buy,0x336f646f87d9f6bc6ed42dd46e8b3fd9dbd15c22,0xa90a7a3931b23a08b203154714b27fe889add15cb05726784d1eb5e0e26ee264
28,59.814574818064,0.09152228092911972,0x2b5d4bb57c049fed547d8135492ea7d14e9c15e2,2017-10-31T02:05:38.000Z,0.0015301,0x0399c48b2d2fb91254b4c723e0c8475ee335b4b4,sell,0x336f646f87d9f6bc6ed42dd46e8b3fd9dbd15c22,0x16a4d84dca1ec568da01f39dab03c2bc7e125878ec67da4d154ec8496b1ecd83
29,128.60133585883761,0.1967729039976074,0x2b5d4bb57c049fed547d8135492ea7d14e9c15e2,2017-10-31T01:34:37.000Z,0.0015301,0x6bce2148d03e4ce04bc802c423756a72851a44b4,sell,0x336f646f87d9f6bc6ed42dd46e8b3fd9dbd15c22,0x1ebbd947328c8e11ddcf292e7cc0ca1d6cd7a08e81f36e60cff292f8ffe926d5
30,0.01,0.0000172,0x0c4085d8e714ca77ac5f46cd2b80a92d238a7cd3,2017-10-31T01:16:39.000Z,0.00172,0x6b3a0003a273a8bcf061cd3a611277bec8810edb,buy,0x336f646f87d9f6bc6ed42dd46e8b3fd9dbd15c22,0x16ae32863dba0083b55ebad183dddeb2092d20641eb9a7dd3aad38bb3bf1e700
31,5.678806824355414,0.008689142321946218,0x2b5d4bb57c049fed547d8135492ea7d14e9c15e2,2017-10-31T00:59:16.000Z,0.0015301,0x43808d5a5cc952c530ff9d0499fa0bfd8ff553bf,sell,0x336f646f87d9f6bc6ed42dd46e8b3fd9dbd15c22,0x45c84f174ddf35cbbab2b486117048c190d36014ed76d604f8c0bd91db08cb48
32,122.6198783770312,0.18762067590469544,0x2b5d4bb57c049fed547d8135492ea7d14e9c15e2,2017-10-30T23:56:25.000Z,0.0015301,0xed80b41218f243e6750760a1565f9cadeb6a0628,sell,0x336f646f87d9f6bc6ed42dd46e8b3fd9dbd15c22,0xdc315916b7f2718c89f1953d4611d3319a4dc90d53d4e5ceec6e9e17753969ec
33,38.08194596750075,0.058269185524872896,0x2b5d4bb57c049fed547d8135492ea7d14e9c15e2,2017-10-30T22:51:23.000Z,0.0015301,0xb639b33a1be6fc5926f33d3576121946b7b4d9a7,sell,0x336f646f87d9f6bc6ed42dd46e8b3fd9dbd15c22,0xa5aeae851a20987fd874b2510f22e2e42b69c7cf2d47c2d099de3ae478884d73
34,54.1,0.0828812,0x184ef1e47cbf50f871b91389f6ad494f4ac00680,2017-10-30T21:20:32.000Z,0.001532,0x4cf150adbd95ed35bde9cf5dc5d51c9549f9efa3,sell,0x336f646f87d9f6bc6ed42dd46e8b3fd9dbd15c22,0x65aa4a08a712f93b79751b6646d500bb2e07e933f726e60e75de1840724f444e
35,35.777833606657765,0.05481164108539969,0x184ef1e47cbf50f871b91389f6ad494f4ac00680,2017-10-30T20:41:48.000Z,0.001532,0xe1e1d0d73eeb29d0632bc4c7871bfc74dbed0741,sell,0x336f646f87d9f6bc6ed42dd46e8b3fd9dbd15c22,0x0e95e4454f0d204df542fc2504cce18dcf4404d121dba76bf9ef57e8804b5a5f
36,64.1112551091616,0.10257800817465856,0x952a83c53b77b288ef03606656a21b50e7861abc,2017-10-30T16:48:24.000Z,0.0016,0x43808d5a5cc952c530ff9d0499fa0bfd8ff553bf,sell,0x336f646f87d9f6bc6ed42dd46e8b3fd9dbd15c22,0x240a2f2ad8678e845fd53401085f1abe513f97d6a20bf4f2682598cd5544a9f0
37,35.8887448908384,0.05742199182534144,0x952a83c53b77b288ef03606656a21b50e7861abc,2017-10-30T07:08:12.000Z,0.0016,0x067be47f0d4b8380ff41321e0911a66b2b1f893e,sell,0x336f646f87d9f6bc6ed42dd46e8b3fd9dbd15c22,0xa5c5cd7b6f271750a5eb6d03729f80fa82852df23f91ca75a3e6046371939fe7
38,56,0.0952,0xf469dd6fd23b361b9a16020f0945f4a3eaeb9971,2017-10-30T06:49:42.000Z,0.0017,0x643c945fead3e88d052f676184c4f922b0badf44,buy,0x336f646f87d9f6bc6ed42dd46e8b3fd9dbd15c22,0x8ebd0a24f64e1539a603386fca967799fa3ebdcee3ead73579881fec4129015a
39,77.75894726348321,0.11936006180839398,0x3dee4a4e076e8d82859d241db0baf46f112cfa23,2017-10-30T06:37:26.000Z,0.001535001,0x0799376cd3d071127ea4cef6babc670047b276d3,sell,0x336f646f87d9f6bc6ed42dd46e8b3fd9dbd15c22,0x23a94a80f3ca41b19e4763fd5bbe90224efc23732b9315c3d31c279a8737c212
40,0.001372290524082318,0.000002367201154042,0x540e0299db8b33ec1bde2c466bcc6466c8c62acf,2017-10-30T06:15:47.000Z,0.001725000000000001,0x3dee4a4e076e8d82859d241db0baf46f112cfa23,buy,0x336f646f87d9f6bc6ed42dd46e8b3fd9dbd15c22,0x6ff4682d90a93076dbd6e388f1bc367e61d8b162dc69c1e30c91fea7c90c9de4
41,13.76544624706887,0.0237453947761938,0x540e0299db8b33ec1bde2c466bcc6466c8c62acf,2017-10-30T06:15:20.000Z,0.001725,0x3dee4a4e076e8d82859d241db0baf46f112cfa23,buy,0x336f646f87d9f6bc6ed42dd46e8b3fd9dbd15c22,0x07a38ac6e1b834f4d41cc32775d2c24a5df2f6b920061d0176f940dae5eed346
42,35.8887448908384,0.055021070680889246,0xe1e1d0d73eeb29d0632bc4c7871bfc74dbed0741,2017-10-30T02:08:48.000Z,0.001533101,0xa3406b9ef2aab95b0f2431982fefdc0de4662313,sell,0x336f646f87d9f6bc6ed42dd46e8b3fd9dbd15c22,0x7ad58db81fe80942d1c1fc32af054de9cac94d6d7abaad633c9742c5189d8728
43,2.2790624316552197,0.003931382694605254,0x9de0b7d6cdda7da38b0a4e08cd4d9fdfe73b1922,2017-10-29T22:40:23.000Z,0.001725,0x3dee4a4e076e8d82859d241db0baf46f112cfa23,buy,0x336f646f87d9f6bc6ed42dd46e8b3fd9dbd15c22,0x64a4ac49a80291ddd45ad7044abd2a5471d81c087b831f79c628a4b6ca4ee36c
44,16.4,0.02829,0x9de0b7d6cdda7da38b0a4e08cd4d9fdfe73b1922,2017-10-29T22:27:55.000Z,0.001725,0xe12d0951ba6da410377b61c837ad00e601c57e4a,buy,0x336f646f87d9f6bc6ed42dd46e8b3fd9dbd15c22,0x946a22faf17a60785129352f442e052c66c5c9bd32c98ddb3bd9019e3f40154a
45,99.71550559927569,0.15166828117155431,0x3dee4a4e076e8d82859d241db0baf46f112cfa23,2017-10-29T08:54:14.000Z,0.00152101,0x45f625d1b4eaed944ab2af1d95d5ff1601a8199f,sell,0x336f646f87d9f6bc6ed42dd46e8b3fd9dbd15c22,0xcb42a0ad0f91d20752dcdd88cc4ff69fd53b105bcff025759e2b0bce8abc2e43
46,35.784,0.0572544,0x9de0b7d6cdda7da38b0a4e08cd4d9fdfe73b1922,2017-10-28T22:58:37.000Z,0.0016,0x6fabbcfdf9eeb55aaa53dfc0da0b16b10af247e6,buy,0x336f646f87d9f6bc6ed42dd46e8b3fd9dbd15c22,0xce78b394d361c2199ee5839eb780703aca6aed3440e41aadb929174a6f9c4539
47,0.3125,0.0005,0x34f9560c63078eb61872a4dc2ccd20e21c34feaf,2017-10-28T20:17:06.000Z,0.0016,0x6fabbcfdf9eeb55aaa53dfc0da0b16b10af247e6,buy,0x336f646f87d9f6bc6ed42dd46e8b3fd9dbd15c22,0x12fce21471a94059c5f61fca6e97a7ea41e15f5864b34e6ea42a57658b107f72
48,0.3125,0.0005,0xe444a40689f51f63bcd29910622035707d533d29,2017-10-28T20:14:27.000Z,0.0016,0x6fabbcfdf9eeb55aaa53dfc0da0b16b10af247e6,buy,0x336f646f87d9f6bc6ed42dd46e8b3fd9dbd15c22,0x828014771e844ba163473dcbcb0194aa41e484a443e4927c426b4eef5c170285
49,101.98382242288871,0.1550164401193973,0x0ce4b16411b408bc9f06d456175db3cc79b25299,2017-10-28T17:23:50.000Z,0.0015200101,0x1ed014aec47fae44c9e55bac7662c0b78ae61798,sell,0x336f646f87d9f6bc6ed42dd46e8b3fd9dbd15c22,0x9b6128a4a309ab2c2f079ecb7901e3b8d06c410cc4c94514a13ea7f49e64c0f0
50,130,0.208,0xb28b10bf5b3ff267421ab9797d2c06e2164b5e6b,2017-10-28T16:44:07.000Z,0.0016,0x6fabbcfdf9eeb55aaa53dfc0da0b16b10af247e6,sell,0x336f646f87d9f6bc6ed42dd46e8b3fd9dbd15c22,0x382cd471fbd367253f6e38ed5a18bfdcb815dc9aff7085665e6a184ab17cccf6
51,41.90856637738357,0.06370144417014344,0x0ce4b16411b408bc9f06d456175db3cc79b25299,2017-10-28T14:28:47.000Z,0.0015200101,0x1e99137dc2f47097416832d15b4c215376df744e,sell,0x336f646f87d9f6bc6ed42dd46e8b3fd9dbd15c22,0x70707ff8376c38355a308ab5268abe14f15c190ca8f2ee00a504c627e4f8f781
52,374.56876440733055,0.5693482675867865,0x3dee4a4e076e8d82859d241db0baf46f112cfa23,2017-10-28T10:08:32.000Z,0.00152001,0x1749bb6e4080ebd7317ce5d8f9fb63fbfe58d27c,sell,0x336f646f87d9f6bc6ed42dd46e8b3fd9dbd15c22,0xffa44fc079646ba55be8bc9b1a510337646ab72c99aaf9be0596dc73ec8871ed
53,5.4530954042468345,0.008288759545409231,0x3dee4a4e076e8d82859d241db0baf46f112cfa23,2017-10-28T08:23:33.000Z,0.00152001,0x8374615f692af0d1eb247cff015aa71bc4628627,sell,0x336f646f87d9f6bc6ed42dd46e8b3fd9dbd15c22,0x43cfdc8d5c98aa9873cfac745e7ecf8f1758453aa46c9968b630ee4e43b3c271
54,16.349317116937495,0.02485112551091616,0x3dee4a4e076e8d82859d241db0baf46f112cfa23,2017-10-28T07:16:55.000Z,0.00152001,0x5f19b49693f2c537226c1c75ae0f2881795e43cd,sell,0x336f646f87d9f6bc6ed42dd46e8b3fd9dbd15c22,0x7878d1ebee37ffbd241d67efa30543e77ab2f528dd7208fbb9ba9f8ff54d234f
55,19.040972983750375,0.028942469345030405,0x3dee4a4e076e8d82859d241db0baf46f112cfa23,2017-10-28T05:05:03.000Z,0.00152001,0x9bade2672149119afd0b0f35e2fef89946ddde0f,sell,0x336f646f87d9f6bc6ed42dd46e8b3fd9dbd15c22,0x3cdb41d01fbb94a1e70468aab5dbc1d487fcadebeb4ca46207a347dc0d2b5dc3
56,144.55188914365468,0.2197188714983551,0x2b5d4bb57c049fed547d8135492ea7d14e9c15e2,2017-10-27T22:02:31.000Z,0.00152,0xaadb2c462a98fb6c4ddc055fa4a0bae6832076e1,sell,0x336f646f87d9f6bc6ed42dd46e8b3fd9dbd15c22,0x6c3970938a10a28184771c6cc16d5b5a898bd7d37346e23f7c2e64f2bad2aced
57,14.953643704516,0.023507232579005083,0x3dee4a4e076e8d82859d241db0baf46f112cfa23,2017-10-27T16:46:45.000Z,0.001572007,0xf8c854b77ebc0216786215bd1fb4ceca5800dc9a,sell,0x336f646f87d9f6bc6ed42dd46e8b3fd9dbd15c22,0xff1c8601cb57e4b275d0275595c5c5e21acd29841c47876156d2129e2f928f95
58,60.81148439836507,0.09559613996610507,0x6cdea8e07bf82d7a07dbf36642d6e5be8623845c,2017-10-27T11:05:11.000Z,0.001572008,0x21e70fee23868b5c84e3cfa093990ccc1eb5d02f,sell,0x336f646f87d9f6bc6ed42dd46e8b3fd9dbd15c22,0xf03ec2e2ee68801038b6eb5090843771aec7ddf292c5fcd407f6bc5bf09e7d3b
59,5.83192104476124,0.009167826537733027,0x6cdea8e07bf82d7a07dbf36642d6e5be8623845c,2017-10-27T10:24:51.000Z,0.001572008,0xe7d2ac0d53175a43869a366d76a52e81e1a4068c,sell,0x336f646f87d9f6bc6ed42dd46e8b3fd9dbd15c22,0x1d4f1660713089637182f568113e804ddfa06570168ba7cbdf33906a927ee4aa
60,50,0.0786004,0x6cdea8e07bf82d7a07dbf36642d6e5be8623845c,2017-10-27T10:24:12.000Z,0.001572008,0xe7d2ac0d53175a43869a366d76a52e81e1a4068c,sell,0x336f646f87d9f6bc6ed42dd46e8b3fd9dbd15c22,0x0c51294ac22a74b589fdab6949af003d166f5a57b85d431b8f247f3625c44cd5
61,66.7932913738523,0.10499958838602681,0x6cdea8e07bf82d7a07dbf36642d6e5be8623845c,2017-10-27T07:43:53.000Z,0.001572008,0x5a29424412f1580f15ed22794d57ecdbd95dc1dc,sell,0x336f646f87d9f6bc6ed42dd46e8b3fd9dbd15c22,0x5c6d3658fb30a2f0fa3245417db4acdf728ab4e0e5d0a8121e2ce8bf6a724718
62,219.32010766623466,0.34477296381218225,0x6cdea8e07bf82d7a07dbf36642d6e5be8623845c,2017-10-27T07:09:31.000Z,0.001572008,0xbd5c6b5d6a47291df783ebbff0a41ed3a17027ac,sell,0x336f646f87d9f6bc6ed42dd46e8b3fd9dbd15c22,0xbef382e4e97134f754e7248978281d5c33fd44d818c34d6e35269b1faf686a21
63,8.6,0.014964,0x13d873246bb01c5c0528bc144da9d0732ccf31a2,2017-10-27T06:49:27.000Z,0.00174,0x4fe66c963fe9e3c996b4af51d7547d7ba819dfa1,buy,0x336f646f87d9f6bc6ed42dd46e8b3fd9dbd15c22,0x065b9b400eef4c7486442941e0b078f3d1049597ff611599218ea796fcbfa443
64,246.23666633436346,0.3870850244242847,0x6cdea8e07bf82d7a07dbf36642d6e5be8623845c,2017-10-26T11:45:38.000Z,0.001572004,0x45f625d1b4eaed944ab2af1d95d5ff1601a8199f,sell,0x336f646f87d9f6bc6ed42dd46e8b3fd9dbd15c22,0xdbd36b94d3aec4ee5a9bbc10875eb876da18d5d8e1a6e3a6c5bebc54a7e22612
65,80,0.1392,0xe2eabfc1e89a462bbd2ba188cd8a9591a9a0d04e,2017-10-26T10:53:49.000Z,0.00174,0x4fe66c963fe9e3c996b4af51d7547d7ba819dfa1,buy,0x336f646f87d9f6bc6ed42dd46e8b3fd9dbd15c22,0x2711e23ed9c563bb3b6f64fb146e4110f95017800b3522546e8ff6d17489f927
66,88.4,0.152932,0xe2eabfc1e89a462bbd2ba188cd8a9591a9a0d04e,2017-10-26T10:52:14.000Z,0.00173,0x0a992b523ca1f1a19e6849aadc240ddd6d0c95f7,buy,0x336f646f87d9f6bc6ed42dd46e8b3fd9dbd15c22,0x3cd6abd960717e786aa749880a9a1fa0c17a3da115008264039e5efd9aa22160
67,21.8,0.035752,0xe2eabfc1e89a462bbd2ba188cd8a9591a9a0d04e,2017-10-26T10:52:14.000Z,0.00164,0x170d2e0f327efb5a411c794f89971616d113c142,buy,0x336f646f87d9f6bc6ed42dd46e8b3fd9dbd15c22,0xdf4d0be47970c6ee32b66a42830ae3b091964c57c146959e6959a8c76e51d8fe
68,35.85395520124281,0.05808340742601335,0xb2006deda3f1259a883b2905a1714a91ad88870c,2017-10-26T09:45:42.000Z,0.00162,0x1e99137dc2f47097416832d15b4c215376df744e,sell,0x336f646f87d9f6bc6ed42dd46e8b3fd9dbd15c22,0xff451bc0f83d189acdbc4b2d079871b2dac817499a5081de55863c7650b92413
69,8.23447313328681,0.013339846475924634,0xb2006deda3f1259a883b2905a1714a91ad88870c,2017-10-26T07:05:07.000Z,0.00162,0xc51e66fadc27ab84325a41e016e035a4665611c5,sell,0x336f646f87d9f6bc6ed42dd46e8b3fd9dbd15c22,0x2599ccbaee04b391cdca021caa5e9a77faceb08101a5fba688231957a754c902
70,3.9115716654703783,0.006336746098062013,0xb2006deda3f1259a883b2905a1714a91ad88870c,2017-10-26T06:12:43.000Z,0.00162,0x0ce4b16411b408bc9f06d456175db3cc79b25299,sell,0x336f646f87d9f6bc6ed42dd46e8b3fd9dbd15c22,0xae16b636e702f4fa60cc1364e506c6c9c5ab942b44031bb1ef84d2ddcc1c427a
71,142.43014363280201,0.24925275135740355,0xe2eabfc1e89a462bbd2ba188cd8a9591a9a0d04e,2017-10-26T05:19:02.000Z,0.00175,0x546c84cc511a55c6bb44dfb08f7580a4cf5b9aa4,buy,0x336f646f87d9f6bc6ed42dd46e8b3fd9dbd15c22,0xad58fe25ead8e8a8592e37cecd3486c66debeeac0ff7eaadea41964bf11caa85
72,145.34220920848253,0.2543488661148444,0xe2eabfc1e89a462bbd2ba188cd8a9591a9a0d04e,2017-10-26T05:15:51.000Z,0.00175,0x546c84cc511a55c6bb44dfb08f7580a4cf5b9aa4,buy,0x336f646f87d9f6bc6ed42dd46e8b3fd9dbd15c22,0xa489b6b0831ed0e31ddc0adb545202385837e0c1bdb78ca6459fb30dfd653c46
73,70,0.14,0xe8d354e910a3b9836f99ff22f16ff87cd7bef396,2017-10-26T03:46:20.000Z,0.002,0x39f7a2d1db3cd10bed8b1fed5ca5d47b766ecafe,buy,0x336f646f87d9f6bc6ed42dd46e8b3fd9dbd15c22,0x1c74ed85fff9a878a0a1b3b7ff9f1add40bf05d10b6a32a693b8164d28234007
74,300,0.54,0x9778550d76b07ac9f5e57392f68ecdf6efc1774e,2017-10-26T03:43:46.000Z,0.0018,0x39f7a2d1db3cd10bed8b1fed5ca5d47b766ecafe,buy,0x336f646f87d9f6bc6ed42dd46e8b3fd9dbd15c22,0x4131f9775b8c7d346345a24d57f8375e27d0804590f21961df9ccb4cf9e06d36
75,358,0.6444,0x9778550d76b07ac9f5e57392f68ecdf6efc1774e,2017-10-26T03:43:46.000Z,0.0018,0x546c84cc511a55c6bb44dfb08f7580a4cf5b9aa4,buy,0x336f646f87d9f6bc6ed42dd46e8b3fd9dbd15c22,0xd381335520af018470affd383aa3837f418381409be163e81dfd28bdcc97d8ff
76,310,0.5394,0x9778550d76b07ac9f5e57392f68ecdf6efc1774e,2017-10-26T03:43:29.000Z,0.00174,0x39f7a2d1db3cd10bed8b1fed5ca5d47b766ecafe,buy,0x336f646f87d9f6bc6ed42dd46e8b3fd9dbd15c22,0x89a33e30d71b145123e107f754facddb91c731659066a1c32f3c6d14951cf160
77,15,0.02475,0xe2eabfc1e89a462bbd2ba188cd8a9591a9a0d04e,2017-10-26T02:57:22.000Z,0.00165,0x7fb30face695357c2b487c52516b00bae7c7be73,buy,0x336f646f87d9f6bc6ed42dd46e8b3fd9dbd15c22,0x6e188562b7f0d4dceb88f5c5a202eae3ef4b36bc743480a50f2a3422b4788bcc
78,149,0.25181,0xe2eabfc1e89a462bbd2ba188cd8a9591a9a0d04e,2017-10-26T02:56:52.000Z,0.00169,0x546c84cc511a55c6bb44dfb08f7580a4cf5b9aa4,buy,0x336f646f87d9f6bc6ed42dd46e8b3fd9dbd15c22,0x70e51f5f846e989ec562b88925d3740b09188af6a6fb542297b7a2cf07db9c6f
79,132.58897418004187,0.201535505931612,0x6cdea8e07bf82d7a07dbf36642d6e5be8623845c,2017-10-26T00:06:37.000Z,0.001520002,0x5a42d284a84740d19b1aed1b09d9fefd2eec4692,sell,0x336f646f87d9f6bc6ed42dd46e8b3fd9dbd15c22,0x25d068e5138ea8a570114496aa5b958a4cc2549ad100b115a550f07b9b2c3eef
80,103,0.15656,0xd3e0af2fd0be2b6148916ab295d365c8f6fea179,2017-10-25T20:00:55.000Z,0.00152,0xd7a5fc64f4de170682245de5078f6d0fb706cd35,sell,0x336f646f87d9f6bc6ed42dd46e8b3fd9dbd15c22,0x8039e86dda31255150b739b6f3bc8dca888a60e9afbfb576722b68213c97d14f
81,17.797569451976223,0.02936598959576077,0x6ee51604f9e57bcc038a4b4af02601350c7a9759,2017-10-25T19:57:34.000Z,0.00165,0xd7a5fc64f4de170682245de5078f6d0fb706cd35,sell,0x336f646f87d9f6bc6ed42dd46e8b3fd9dbd15c22,0xf66f97248d88abee5d815576d46de7e2de96d760bb98729f7fdc1d35a5beb4ea
82,75.5,0.15855,0x6ee51604f9e57bcc038a4b4af02601350c7a9759,2017-10-25T18:40:56.000Z,0.0021,0x1f17aaa3a33efec902607229644df77ffcfde102,buy,0x336f646f87d9f6bc6ed42dd46e8b3fd9dbd15c22,0x540d797c4c9c9c24e1e0f5a25948c3326e7bc354cb7312e987aab5452f19df21
83,66.79294188017147,0.1008574090320008,0xdb24a99e4fcf1f41d4b1222b3d0e93bcffb61ce5,2017-10-25T18:07:33.000Z,0.001510001,0x86106e420fd2ab33748f0add547748f4a37ad453,sell,0x336f646f87d9f6bc6ed42dd46e8b3fd9dbd15c22,0x4cb56e3f6f128aeaef5dce10ae93672c506010cefaa55aa7a9053db14fe3435a
84,303,0.4545,0x669f0ab96fd3beb68bc836bb874894bbb516331a,2017-10-25T16:43:30.000Z,0.0015,0x98a3bf72e6694246d2ea9418fd10f14115d93f0b,buy,0x336f646f87d9f6bc6ed42dd46e8b3fd9dbd15c22,0xddc1c8b35151a7f5606594abd7c2202283a7365bcf35af3819dbf8ab8f8a6b4a
85,3.8395,0.007679,0x63d6907b9e853b773cc803b2590a0b7194bb9c93,2017-10-25T14:17:32.000Z,0.002,0x98a3bf72e6694246d2ea9418fd10f14115d93f0b,buy,0x336f646f87d9f6bc6ed42dd46e8b3fd9dbd15c22,0x4f6a72e9bbdbc4f6241f119a183327e9c0bfb9e8a1edae3cfdc1e583faafcfb7
86,800,1.59992,0x2802756f7e5436d7cef958aa2c3e26cf6cee06a6,2017-10-25T13:37:59.000Z,0.0019999,0x6cdea8e07bf82d7a07dbf36642d6e5be8623845c,buy,0x336f646f87d9f6bc6ed42dd46e8b3fd9dbd15c22,0xcb272f59dd9cf42ef7a2908c11e6ec26edde934ee92933e76595ccfc90cf400e
87,100,0.150231,0x6cdea8e07bf82d7a07dbf36642d6e5be8623845c,2017-10-25T13:00:31.000Z,0.00150231,0x45f625d1b4eaed944ab2af1d95d5ff1601a8199f,sell,0x336f646f87d9f6bc6ed42dd46e8b3fd9dbd15c22,0xf3dcf3c7c5ae8121166237afc088dd01065b8c851d39800f5d22f2b9ae667071
88,200,0.39998,0xe8d354e910a3b9836f99ff22f16ff87cd7bef396,2017-10-25T10:18:08.000Z,0.0019999,0x6cdea8e07bf82d7a07dbf36642d6e5be8623845c,buy,0x336f646f87d9f6bc6ed42dd46e8b3fd9dbd15c22,0x9baebb46a270cf4e367f6d7f42b6b20bc6e4165cd089862fa10b115437fa8f85
89,303,0.3336636,0x6cdea8e07bf82d7a07dbf36642d6e5be8623845c,2017-10-25T10:06:07.000Z,0.0011012,0x7d10bc73cc7bc1f67ff97280ee644b384ae92078,buy,0x336f646f87d9f6bc6ed42dd46e8b3fd9dbd15c22,0x4322524cbf921cc2b03fe8e95c3945342494c125fe9bf6982ef59daba7b6b202
90,303,0.3336636,0x6cdea8e07bf82d7a07dbf36642d6e5be8623845c,2017-10-25T10:05:43.000Z,0.0011012,0x7d10bc73cc7bc1f67ff97280ee644b384ae92078,buy,0x336f646f87d9f6bc6ed42dd46e8b3fd9dbd15c22,0xf13ccd36b1a0f1a7304a1afab4518c9a21f5aa0db87179661873689d7d25ed0e
91,122.43359204251686,0.195893747268027,0xd4ba85c984df298088399373035b8a93f13b01ad,2017-10-25T09:40:15.000Z,0.0016,0x98a3bf72e6694246d2ea9418fd10f14115d93f0b,sell,0x336f646f87d9f6bc6ed42dd46e8b3fd9dbd15c22,0x0d543be9d0d46716531a28a8ae73c6d9fe6ec7ff28b850117e3d6bab56cbc60d
92,450.15452098494666,0.6752812984747283,0x3dee4a4e076e8d82859d241db0baf46f112cfa23,2017-10-25T09:40:15.000Z,0.00150011,0x98a3bf72e6694246d2ea9418fd10f14115d93f0b,sell,0x336f646f87d9f6bc6ed42dd46e8b3fd9dbd15c22,0xfb4d06785f48260ea02615a1f79e4c7fdacfed822d70621f19edaae31ed2f00e
93,129.59824543913868,0.20735719270262187,0xd4ba85c984df298088399373035b8a93f13b01ad,2017-10-25T09:19:43.000Z,0.0016,0x78e427d9a3e8bf9a62897e3428ea1530ba2ac0ab,sell,0x336f646f87d9f6bc6ed42dd46e8b3fd9dbd15c22,0x6332d44228b523c123c652bf0552d4c791069da6aaa5089d4903a5aec3b6a4a9
94,37.968162518344464,0.06074906002935114,0xd4ba85c984df298088399373035b8a93f13b01ad,2017-10-25T08:17:21.000Z,0.0016,0xab296c308b24c972b60a662262f144eeefc27ec8,sell,0x336f646f87d9f6bc6ed42dd46e8b3fd9dbd15c22,0xa94e65a1498fc03807c82f1f16369ceab263794591c615104aa546ed8186836d
95,38.08194596750075,0.06283521084637624,0xab296c308b24c972b60a662262f144eeefc27ec8,2017-10-25T07:39:37.000Z,0.00165,0x56f637d49befddd19d1a7038011d3c8995906b4e,sell,0x336f646f87d9f6bc6ed42dd46e8b3fd9dbd15c22,0x841237046eb0e5cc9497d991f37e38fd89f14302e4d98dc00d5d442e10f5962d
96,49.845479015053336,0.07477370152527166,0x3dee4a4e076e8d82859d241db0baf46f112cfa23,2017-10-24T20:37:39.000Z,0.00150011,0x0a1f142acefb61bc2d42c4afb8f3d23a5824be71,sell,0x336f646f87d9f6bc6ed42dd46e8b3fd9dbd15c22,0xb0dd8b5ae2d5492b90d761e782cd6d433f5ceb05191a25d84f39919619dc5fbb
97,21.842288904396373,0.04150034891835311,0x3dee4a4e076e8d82859d241db0baf46f112cfa23,2017-10-24T19:22:15.000Z,0.0019,0x3c6f1d6667a0c80a7726b548d15a4af91a77a4b5,sell,0x336f646f87d9f6bc6ed42dd46e8b3fd9dbd15c22,0x948614620cdd1ca3e649d3f0eb51fee605e65c8dcdbe511e04b1d6332f3609a2
98,30,0.057003,0x6f2f9493ea759b1d89a229b5ed0a82c00fb01672,2017-10-24T19:20:44.000Z,0.0019001,0x3c6f1d6667a0c80a7726b548d15a4af91a77a4b5,sell,0x336f646f87d9f6bc6ed42dd46e8b3fd9dbd15c22,0x27b4aac8ca04cd11b02f372c4e7ae216c20ec5e6338fde25cb32ec7da30eb93a
99,125,0.275,0x1749bb6e4080ebd7317ce5d8f9fb63fbfe58d27c,2017-10-24T16:58:06.000Z,0.0022,0x450573f9ec383956e44d7a62b363107594d76c70,buy,0x336f646f87d9f6bc6ed42dd46e8b3fd9dbd15c22,0xb31b962437000313c42c5685f28ead44c36ea24cd5a0295a48b0e38aa01fd27c
100,126,0.23940126,0x1749bb6e4080ebd7317ce5d8f9fb63fbfe58d27c,2017-10-24T16:55:30.000Z,0.00190001,0x450573f9ec383956e44d7a62b363107594d76c70,sell,0x336f646f87d9f6bc6ed42dd46e8b3fd9dbd15c22,0xcf3b10b38a052a88db583c114b52e43afe8dd2abd95a623c83fbe9bd5a69a530
101,401.7545608613299,0.7633336656365267,0x3dee4a4e076e8d82859d241db0baf46f112cfa23,2017-10-24T14:03:38.000Z,0.0019,0x1451dbe4304a60b5b25b4d98b355effd440417af,sell,0x336f646f87d9f6bc6ed42dd46e8b3fd9dbd15c22,0xc7222f8a26b84563556e327b85217406f44551e425b6bcef2b20954e984ecde7
102,34.89362437064642,0.07718469710786988,0x1749bb6e4080ebd7317ce5d8f9fb63fbfe58d27c,2017-10-24T13:08:24.000Z,0.002212,0x81df114b711dcf8e5c539870100367c5bc98c29d,sell,0x336f646f87d9f6bc6ed42dd46e8b3fd9dbd15c22,0xc5f5d272c3cdee015be814bbea1dbf4694b72f99a5dc86fc5ecf84585e052aa7
103,71.89024125211843,0.15902121364968597,0x1749bb6e4080ebd7317ce5d8f9fb63fbfe58d27c,2017-10-24T12:59:07.000Z,0.002212,0x22e2a2bf31257f767870ff5effea52cd77ab7fc4,sell,0x336f646f87d9f6bc6ed42dd46e8b3fd9dbd15c22,0x909aa49d3ef6b2e8c27604abcfb6c06fdca17344d9ce430a390028428af2a5d5
104,84.633,0.19084826133,0x6cdea8e07bf82d7a07dbf36642d6e5be8623845c,2017-10-24T12:43:19.000Z,0.00225501,0x22e2a2bf31257f767870ff5effea52cd77ab7fc4,sell,0x336f646f87d9f6bc6ed42dd46e8b3fd9dbd15c22,0x410d4f19d7ca09e0c6c1633fdebbee60781a2e63584d5626e2f69e251ecd7890
105,17.946061954228405,0.03969668904275323,0x1749bb6e4080ebd7317ce5d8f9fb63fbfe58d27c,2017-10-24T10:27:34.000Z,0.002212,0x81df114b711dcf8e5c539870100367c5bc98c29d,sell,0x336f646f87d9f6bc6ed42dd46e8b3fd9dbd15c22,0xe7a0ae553c49155db476fe5b41f795beaca8917e776df95440466154939a79e9
106,38.26933993956737,0.0862977442571238,0x6cdea8e07bf82d7a07dbf36642d6e5be8623845c,2017-10-24T07:46:40.000Z,0.00225501,0xbc4a9e6a990a646b4cccb2b4b07cd1f3232ee9be,sell,0x336f646f87d9f6bc6ed42dd46e8b3fd9dbd15c22,0x18ba750ba866a17e51f49b8cc7458db11e0a97aa2f756546470e5907026818c3
107,39.17854650583192,0.08834801415611604,0x6cdea8e07bf82d7a07dbf36642d6e5be8623845c,2017-10-24T07:35:48.000Z,0.00225501,0xab296c308b24c972b60a662262f144eeefc27ec8,sell,0x336f646f87d9f6bc6ed42dd46e8b3fd9dbd15c22,0x2778d3ca14cf641e191934ddeb4a63223114ad4b4ec99c71c6dfa2ab4c533c80
108,3.6120251066199733,0.0090120387612679,0xa92f77d8af864d634a953a9b4e066122e4482ba9,2017-10-24T07:22:52.000Z,0.00249501,0xbc4a9e6a990a646b4cccb2b4b07cd1f3232ee9be,buy,0x336f646f87d9f6bc6ed42dd46e8b3fd9dbd15c22,0x10973ad08db552a19a50c5238f5dd73b5541c6a2d89292f0895442ae1d8c075e
109,1.9209557496571144,0.00452387,0xe8d354e910a3b9836f99ff22f16ff87cd7bef396,2017-10-24T06:15:03.000Z,0.0023550099999999994,0x785fb67b605f82b7bb152d4e933742abdc78d9f7,sell,0x336f646f87d9f6bc6ed42dd46e8b3fd9dbd15c22,0x6a3c1b496b0dd28dbe6198783a5b34ed15f0e7ef3d5a65369919dabce7c6cf60
110,53.8331173362576,0.12139421792443425,0x6cdea8e07bf82d7a07dbf36642d6e5be8623845c,2017-10-24T05:36:11.000Z,0.00225501,0x56b63533b5cb700876e8f15838e514bf995d7424,sell,0x336f646f87d9f6bc6ed42dd46e8b3fd9dbd15c22,0xb9a77a5148a012fffc88084536e3700e59fe7e184654ffb8b6851496c47ff2ce
111,146.1469325725114,0.3295627944203389,0x6cdea8e07bf82d7a07dbf36642d6e5be8623845c,2017-10-24T01:37:44.000Z,0.00225501,0x076baa9081ba08806f700e88221d3fae12fde63d,sell,0x336f646f87d9f6bc6ed42dd46e8b3fd9dbd15c22,0x3e2c3b13c77d265c2740d2da1e44d0c5e9ffaf207d9d909af7057dc19a631200
112,4.9845479015053336,0.011240205363373543,0x6cdea8e07bf82d7a07dbf36642d6e5be8623845c,2017-10-23T23:16:08.000Z,0.00225501,0xa902b8fa816bd114ee8ff98f73947102ac1c2693,sell,0x336f646f87d9f6bc6ed42dd46e8b3fd9dbd15c22,0x81140e1c06fab7e762d7d2db8d60032f4be683e81f63a42d67538aa1f21339df
113,16.947462865118133,0.03821669823547004,0x6cdea8e07bf82d7a07dbf36642d6e5be8623845c,2017-10-23T21:51:43.000Z,0.00225501,0x81df114b711dcf8e5c539870100367c5bc98c29d,sell,0x336f646f87d9f6bc6ed42dd46e8b3fd9dbd15c22,0x102704cdf129420cabea8b48fcdd925c88e8a06a17827e2082c90bac869952e2
114,27.81481661427085,0.0627226896133469,0x6cdea8e07bf82d7a07dbf36642d6e5be8623845c,2017-10-23T21:18:15.000Z,0.00225501,0xb06cc5dbf22168fac6af61a528bbc327dbef078b,sell,0x336f646f87d9f6bc6ed42dd46e8b3fd9dbd15c22,0x8e622d9d6af9c3705957b2152a01113a0650831e80d2322b51caf1f945e620c5
115,50,0.118,0x6f2f9493ea759b1d89a229b5ed0a82c00fb01672,2017-10-23T21:16:53.000Z,0.00236,0xb06cc5dbf22168fac6af61a528bbc327dbef078b,sell,0x336f646f87d9f6bc6ed42dd46e8b3fd9dbd15c22,0x77b4dbf1afa90179eb81d8ec4768c1695fc16848c32b2f6c059c44428ae18421
116,510.425457750885,1.1510145114828232,0x6cdea8e07bf82d7a07dbf36642d6e5be8623845c,2017-10-23T21:03:34.000Z,0.00225501,0xb06cc5dbf22168fac6af61a528bbc327dbef078b,sell,0x336f646f87d9f6bc6ed42dd46e8b3fd9dbd15c22,0xf9cf02ccb87a803fdb1c8439418235c318dd67f8ddde740dce52bebeb2d3cb45
117,77.76669912743131,0.1753646841993489,0x6cdea8e07bf82d7a07dbf36642d6e5be8623845c,2017-10-23T13:32:56.000Z,0.00225501,0xb06cc5dbf22168fac6af61a528bbc327dbef078b,sell,0x336f646f87d9f6bc6ed42dd46e8b3fd9dbd15c22,0x7718239ecdd155eca7d2c0d6d25ba9d81566d169806126769032aa495b4aa56d
118,0.000011936513825079,0.000000037600018549,0x0653726d6def67472d2b1f1b64f1d2045752fb37,2017-10-23T10:06:54.000Z,0.0031500000000000963,0x076baa9081ba08806f700e88221d3fae12fde63d,buy,0x336f646f87d9f6bc6ed42dd46e8b3fd9dbd15c22,0xdd9cea7bfe280e46175ecff4a0400269b64c9ab181b2f86cf37e4dd066f51a5e
119,7.4,0.02331,0xa902b8fa816bd114ee8ff98f73947102ac1c2693,2017-10-23T09:46:48.000Z,0.00315,0x076baa9081ba08806f700e88221d3fae12fde63d,buy,0x336f646f87d9f6bc6ed42dd46e8b3fd9dbd15c22,0x499e442303c6637f423e372ba75dd1536ced97f2baf625f1b6f581aa0075a8fc
120,159.31,0.3361441,0x0ce4b16411b408bc9f06d456175db3cc79b25299,2017-10-23T02:36:54.000Z,0.00211,0x547f2378701f68911578b79416301ee6607780a3,sell,0x336f646f87d9f6bc6ed42dd46e8b3fd9dbd15c22,0x54f3dd02fa2b9fc01f9516010402d75b91314f8138fa64bb0c4b81b9cd2356de
121,83,0.17596,0xc6939e988f4481b549ea7059cfcc42aab1f45bdb,2017-10-23T02:16:25.000Z,0.00212,0x547f2378701f68911578b79416301ee6607780a3,sell,0x336f646f87d9f6bc6ed42dd46e8b3fd9dbd15c22,0x377627f3282d717bb67c06ca9864e3dcedff1f183fc3ffa0c1641ff8f4d54c95
122,84,0.252,0x3e37e3d2e664dff18fded3f653b508652d9e4cc8,2017-10-22T21:32:03.000Z,0.003,0x450573f9ec383956e44d7a62b363107594d76c70,buy,0x336f646f87d9f6bc6ed42dd46e8b3fd9dbd15c22,0x9041474f11008d9b7f548a3b6966929f19c07caa4c2547e338e1081894c256be
123,10,0.03,0x805bcee27697f6694a1f7585146fd2426f1ecde7,2017-10-22T19:31:53.000Z,0.003,0x422d4d1f8a9373dc8b75f3e1aeab786083f38a51,buy,0x336f646f87d9f6bc6ed42dd46e8b3fd9dbd15c22,0x4c77015cffd490232c6520c911a7ee4a560e853fd7f52ea38fec5187405486e8
124,14.953643704516,0.022744492074568835,0x0ce4b16411b408bc9f06d456175db3cc79b25299,2017-10-22T12:03:01.000Z,0.001521,0x4b2e87745c3a11e50d5bb4d83a763f95069852a5,sell,0x336f646f87d9f6bc6ed42dd46e8b3fd9dbd15c22,0x9e0ac68a84ef92a9e8307c0c7c709292dfc96afdb6f9e1ffe426e4020b4aebe2
125,109.66005383311733,0.164490080749676,0x0ce4b16411b408bc9f06d456175db3cc79b25299,2017-10-22T06:00:34.000Z,0.0015,0xc6fc6835ce16679c89567c0b33604d1e9a71bf99,sell,0x336f646f87d9f6bc6ed42dd46e8b3fd9dbd15c22,0x0eb43cfe9658e7dceb1b0749c21e6a98f52f10368648f1020010804d7c624b88
126,0.15151515151515152,0.0005,0x42c24a83bded723edfdf5883bc7efb30bc1a1bf3,2017-10-22T02:55:58.000Z,0.0033,0xc2ee3a2e89f2475e0ec184cd8c4d1522505cb026,buy,0x336f646f87d9f6bc6ed42dd46e8b3fd9dbd15c22,0xc03394f04e0e413e3b47da7d3e3cd5125ad5228da8c5f7e3d137b438f6bc4e6d
127,2,0.0071,0xedf5de3807d23e5d85b0caa1e10d52b85c2a6965,2017-10-21T15:28:45.000Z,0.00355,0x450573f9ec383956e44d7a62b363107594d76c70,buy,0x336f646f87d9f6bc6ed42dd46e8b3fd9dbd15c22,0xdf18e67064a81d5b84c3a0afdc97e3b8f8d0ab08511a58b7474969d5e562ba44
128,1.6226522144867273,0.003407569650422126,0x61c4c43c581c78b2701a693cd6b91aac6d237dc7,2017-10-21T10:03:38.000Z,0.0020999999999999994,0x547f2378701f68911578b79416301ee6607780a3,sell,0x336f646f87d9f6bc6ed42dd46e8b3fd9dbd15c22,0xbd01b3414b37183c2b19a903111291de55e417b85023fd223ba3c5630a8adeb3
129,20,0.04002002,0xe934671fff524356f2dafbc370db2ed157be2501,2017-10-21T10:02:40.000Z,0.002001001,0x547f2378701f68911578b79416301ee6607780a3,sell,0x336f646f87d9f6bc6ed42dd46e8b3fd9dbd15c22,0xb6d2be25bc6e4788cb2979e3ede1784d8d5afea6576ae0fa02ddd60c61c67d28
130,122.3407436945469,0.24480382813278836,0xc6939e988f4481b549ea7059cfcc42aab1f45bdb,2017-10-21T10:02:40.000Z,0.002001,0x547f2378701f68911578b79416301ee6607780a3,sell,0x336f646f87d9f6bc6ed42dd46e8b3fd9dbd15c22,0x36a9049f137b952549c8c0cf6fa9f7ee60cc6aa9620c1ed824d38abdb6c6c03e
131,14,0.02954,0xd7e2a9955d41e02d7132f5e51e15a2b297ea2efa,2017-10-21T10:02:22.000Z,0.00211,0x547f2378701f68911578b79416301ee6607780a3,sell,0x336f646f87d9f6bc6ed42dd46e8b3fd9dbd15c22,0xc6c970c86fe8bcecd6c83fc28348d83b73d363649391cec90fe2255187fe3b0c
132,83.74362360741118,0.1766990458116376,0x61c4c43c581c78b2701a693cd6b91aac6d237dc7,2017-10-21T10:02:11.000Z,0.00211,0x547f2378701f68911578b79416301ee6607780a3,sell,0x336f646f87d9f6bc6ed42dd46e8b3fd9dbd15c22,0x301d6466ed7afd5741f42a94f26fed96cb4e1e07efd4b93686f9dc2125541b09
133,77.75894726348321,0.16407137872594957,0x61c4c43c581c78b2701a693cd6b91aac6d237dc7,2017-10-21T06:58:51.000Z,0.00211,0xb06cc5dbf22168fac6af61a528bbc327dbef078b,sell,0x336f646f87d9f6bc6ed42dd46e8b3fd9dbd15c22,0x562954b3ab73bc55ac5cb284fad73b9b4ec9cb8e37ff56f16b396b1d670f9507
134,116.6384208952248,0.24610706808892432,0x61c4c43c581c78b2701a693cd6b91aac6d237dc7,2017-10-21T06:56:45.000Z,0.00211,0xc6f004e13340ae659f5a731ab0f3d37ad0d35147,sell,0x336f646f87d9f6bc6ed42dd46e8b3fd9dbd15c22,0x4aca0535d38dcb881cb845df69ce97be0ab7619e82146c7153a5752302b8f17c
135,6.859008233880811,0.014472507373488512,0x61c4c43c581c78b2701a693cd6b91aac6d237dc7,2017-10-21T06:53:23.000Z,0.00211,0x3dee4a4e076e8d82859d241db0baf46f112cfa23,sell,0x336f646f87d9f6bc6ed42dd46e8b3fd9dbd15c22,0x5fdfb51d9e722472467356b59bd71407223bde42583e8986a77d91e67320a7bc
136,2,0.007498,0x13d873246bb01c5c0528bc144da9d0732ccf31a2,2017-10-20T20:34:51.000Z,0.003749,0x6f2f9493ea759b1d89a229b5ed0a82c00fb01672,buy,0x336f646f87d9f6bc6ed42dd46e8b3fd9dbd15c22,0x5e6973a39e4fb90142db3c68b3d063f104156b990a38b8c933e49a151945e928
137,496,0.9921488,0x3609584dddd9bbea085528f9aac56626d68a7ea7,2017-10-20T20:20:42.000Z,0.0020003,0x13d873246bb01c5c0528bc144da9d0732ccf31a2,sell,0x336f646f87d9f6bc6ed42dd46e8b3fd9dbd15c22,0xea9703b4aaeff714172687fd11891be22a71beb2343a1dab2d91edff0d287507
138,16.052238062007778,0.03370969993021633,0x61c4c43c581c78b2701a693cd6b91aac6d237dc7,2017-10-20T14:54:04.000Z,0.0021,0xe2603cae5a714ccac6ec758bb0d4bbb1822deec0,sell,0x336f646f87d9f6bc6ed42dd46e8b3fd9dbd15c22,0x6d7b3a92a1f427891abfc8e9891e8c7f57133fa444030ac8591824f4df6e4ea9
139,77.6592563054531,0.15539617186721164,0xc6939e988f4481b549ea7059cfcc42aab1f45bdb,2017-10-20T07:52:53.000Z,0.002001,0x4dca30bcc9c9db4408141cd67b1515e689f546d8,sell,0x336f646f87d9f6bc6ed42dd46e8b3fd9dbd15c22,0x4e66a5eb536fd14690f7ca420d361b9c224d617955cd2e742a93f3e02fc67fb5
140,10.4675505931612,0.02094033496161898,0xa92f77d8af864d634a953a9b4e066122e4482ba9,2017-10-20T04:43:48.000Z,0.0020005,0x4232bcf19856fa4b3b1957807f8a8c43d2125e17,sell,0x336f646f87d9f6bc6ed42dd46e8b3fd9dbd15c22,0xa9a9f4cd8cbcbea19053fc0747f68bf0584f76a7d014be87181dc523f30cf28e
141,81.74658558468747,0.1635340444621673,0xa92f77d8af864d634a953a9b4e066122e4482ba9,2017-10-20T04:27:30.000Z,0.0020005,0x670563c34b7889e9a6aa2f4fdb7d95a2f0ddeef6,sell,0x336f646f87d9f6bc6ed42dd46e8b3fd9dbd15c22,0x30b1171e55799a6759d0def474dffa855de12964961ced7458275dd8009ef4c5
142,6.8786761040773605,0.01376010367859635,0x3dee4a4e076e8d82859d241db0baf46f112cfa23,2017-10-20T03:09:56.000Z,0.0020004,0x3a6088b034f76f873d21012ec1ac021bc9e6aa30,sell,0x336f646f87d9f6bc6ed42dd46e8b3fd9dbd15c22,0x617be11cf06d57c0e96b420c6cc4adc45a6109c1548f865f65ac444cc1786a09
143,167,0.3340167,0x3dee4a4e076e8d82859d241db0baf46f112cfa23,2017-10-20T01:51:10.000Z,0.0020001,0x2cd6df1b5ee3892b36c36c5e66b3c8baac6e9acf,sell,0x336f646f87d9f6bc6ed42dd46e8b3fd9dbd15c22,0x4364d21665757def16f4de333c966535277775263e7cf2e34f83b7043432c306
144,11,0.0308,0x5a29424412f1580f15ed22794d57ecdbd95dc1dc,2017-10-20T01:47:41.000Z,0.0028,0x2cd6df1b5ee3892b36c36c5e66b3c8baac6e9acf,sell,0x336f646f87d9f6bc6ed42dd46e8b3fd9dbd15c22,0xda017f5fb95fb5a8a48d30eeadef99205608c7112b46a67f90ae40420be0a584
145,12,0.03366,0xa03892c33058a56da3971f734b782909c2feb429,2017-10-20T01:44:18.000Z,0.002805,0x2cd6df1b5ee3892b36c36c5e66b3c8baac6e9acf,sell,0x336f646f87d9f6bc6ed42dd46e8b3fd9dbd15c22,0x560832ca9972e414e195d35a35d5ce249c5d7be47560cbc7ffd573831bfb44c4
146,56,0.1568,0x5a29424412f1580f15ed22794d57ecdbd95dc1dc,2017-10-20T01:44:18.000Z,0.0028,0x2cd6df1b5ee3892b36c36c5e66b3c8baac6e9acf,sell,0x336f646f87d9f6bc6ed42dd46e8b3fd9dbd15c22,0x8399aa253e7524a339832fbee0e72eee5ac8ac6292c99d1b9a7c0c8ae07fbe8d
147,37.91630584189014,0.10635523788650185,0xa03892c33058a56da3971f734b782909c2feb429,2017-10-19T18:24:24.000Z,0.002805,0x61c4c43c581c78b2701a693cd6b91aac6d237dc7,sell,0x336f646f87d9f6bc6ed42dd46e8b3fd9dbd15c22,0xb515300cb485abf9da1511b8aab89207e650569977ad0844169f116b5d7ae48b
148,2,0.004,0x3609584dddd9bbea085528f9aac56626d68a7ea7,2017-10-19T09:53:08.000Z,0.002,0x83f0359c4a2e7e0927c2b81fbab31bb1f61679e0,sell,0x336f646f87d9f6bc6ed42dd46e8b3fd9dbd15c22,0xef3b6ec700ddb3662cdd50f080fff2b9f0d66c2f5a86c021b7e96524a08f054f
149,40,0.15156,0x5a29424412f1580f15ed22794d57ecdbd95dc1dc,2017-10-19T08:54:33.000Z,0.003789,0x6f2f9493ea759b1d89a229b5ed0a82c00fb01672,buy,0x336f646f87d9f6bc6ed42dd46e8b3fd9dbd15c22,0xa981d3e9848e1a9dc9402cd864ab62d95d475c9f3dea62c0f6bd85c129f757ad
150,0.5,0.0018945,0x359a434bcd08ddc98f2f0ecbf5990cf922e953e6,2017-10-19T08:38:31.000Z,0.003789,0x6f2f9493ea759b1d89a229b5ed0a82c00fb01672,buy,0x336f646f87d9f6bc6ed42dd46e8b3fd9dbd15c22,0x0ef285f4b0ea6ab9263cb1342fd66f13f4c836c9bb3336039e71d2b0f123c38c
151,9.963432142854,0.019926874249140143,0xe934671fff524356f2dafbc370db2ed157be2501,2017-10-18T18:22:27.000Z,0.002000001,0x28d1b4847d82b660d5a6ae49b3558d4657703dd4,sell,0x336f646f87d9f6bc6ed42dd46e8b3fd9dbd15c22,0x5a2e80807ff2a17de2bb3ef9a1fe210aa8726b9633ddf470478293fa426e9373
152,2.189285715286,0.004378573619857715,0xe934671fff524356f2dafbc370db2ed157be2501,2017-10-18T18:15:48.000Z,0.002000001,0x28d1b4847d82b660d5a6ae49b3558d4657703dd4,sell,0x336f646f87d9f6bc6ed42dd46e8b3fd9dbd15c22,0x23c3354a8545a93667faa4ad5ff7ac2c206c9c8b32d1af2a0e81769e8ca24752
153,175.8149735818961,0.35163012297876584,0xe934671fff524356f2dafbc370db2ed157be2501,2017-10-18T17:59:03.000Z,0.002000001,0x4fbc7f2ffbe36140ee8e0476790e4484708a29ce,sell,0x336f646f87d9f6bc6ed42dd46e8b3fd9dbd15c22,0x7c6c204662388e4f54dca6dadc13437fd3095ca5675eefdb857296d243ac5b56
154,1,0.004,0x3ac636ac5c3a2576156ac5f10066ca68abe0ad54,2017-10-18T17:35:47.000Z,0.004,0x201a52fd4b96b0ab999d1c6a0ffd222b09c0cea6,buy,0x336f646f87d9f6bc6ed42dd46e8b3fd9dbd15c22,0x9835465c710108f38f2c9a9e4157d7c859764d78c47876fe87f7f749a597514c
155,0.000000001,0.000000001,0x28d1b4847d82b660d5a6ae49b3558d4657703dd4,2017-10-18T17:30:13.000Z,1,0x58319288a01eff24620ee5237315f9e1e9dc0e36,buy,0x336f646f87d9f6bc6ed42dd46e8b3fd9dbd15c22,0x532f1b2930f4d08caefc8b04d5e686bfb9f9d7a69c4a236042f17d5e522d97d0
156,0.00001,0.000000039,0x28d1b4847d82b660d5a6ae49b3558d4657703dd4,2017-10-18T17:29:12.000Z,0.0039,0x28d1b4847d82b660d5a6ae49b3558d4657703dd4,buy,0x336f646f87d9f6bc6ed42dd46e8b3fd9dbd15c22,0x1101bf7dd4663230961319fdf88437336c70dbad122aea30fb0c372ac64881d3
157,100,0.4,0x217c552e79d6000be33e3fb58091de2cd12bd474,2017-10-18T16:37:46.000Z,0.004,0x450573f9ec383956e44d7a62b363107594d76c70,buy,0x336f646f87d9f6bc6ed42dd46e8b3fd9dbd15c22,0x3a20928c1e3d1826e5fb49d7059e67f5e07cde19385b348c69e0c2def68068f0
158,0.14285714285714285,0.0005,0x379374d13077e8867ef31803c37baf9785a17c00,2017-10-18T15:07:11.000Z,0.0035,0x28d1b4847d82b660d5a6ae49b3558d4657703dd4,buy,0x336f646f87d9f6bc6ed42dd46e8b3fd9dbd15c22,0x1fe1f8d96141f9480f30d9d2355b5c0652b8dae2a754fed4c08415f044c03f15
159,0.14285714285714285,0.0005,0xf9695cd65d6dfdf257fab76a3eb0cb8f001971cc,2017-10-18T15:05:25.000Z,0.0035,0x28d1b4847d82b660d5a6ae49b3558d4657703dd4,buy,0x336f646f87d9f6bc6ed42dd46e8b3fd9dbd15c22,0xf792564f5e34a48208d8071083419e9a13cda9dc31c1a67d163931c13d591a5f
160,0.002,0.000002220002,0x54409c45877a9877a724bdfc941dd5a16ac0f0c8,2017-10-18T01:44:55.000Z,0.001110001,0x74f355aeddfe000c50701d15594e37af63fddaa4,sell,0x336f646f87d9f6bc6ed42dd46e8b3fd9dbd15c22,0x9354a4550cc4d6199336ec87fb1f0e7d98ed9f861d0aa4a2110789a1c1a2bbd8
161,0.125,0.0005,0x16e5d97bbc92417e051e3b2cabfbf8ceea2acb9c,2017-10-17T17:19:29.000Z,0.004,0x28d1b4847d82b660d5a6ae49b3558d4657703dd4,buy,0x336f646f87d9f6bc6ed42dd46e8b3fd9dbd15c22,0x4b5fd0f39ea958b9d22915249b72fb9189786a10d636fe177330fc92cedd0aa8
162,0.3342371068368956,0.000401084528204274,0xd0044e50fc4dac8835e6207b0ff8265b13bff88b,2017-10-17T06:12:16.000Z,0.0011999999999999977,0x753160ecb7739a78bd3f9c304cf83dc29af2df7b,sell,0x336f646f87d9f6bc6ed42dd46e8b3fd9dbd15c22,0x0ac0165d2c109451504543c2ef056a0e81198821dcb7ba15ce72f66db73e1110
163,0.125,0.0005,0xcd912af5286dc0b0a23edb30209734ecb60838b3,2017-10-17T05:01:50.000Z,0.004,0x6f2f9493ea759b1d89a229b5ed0a82c00fb01672,buy,0x336f646f87d9f6bc6ed42dd46e8b3fd9dbd15c22,0xc9f501289baed95f0fc13aedc77497baf4138140ef17fcfa0b01baa069919773
164,0.04,0.000044,0x74f355aeddfe000c50701d15594e37af63fddaa4,2017-10-17T03:38:17.000Z,0.0011,0x74f355aeddfe000c50701d15594e37af63fddaa4,sell,0x336f646f87d9f6bc6ed42dd46e8b3fd9dbd15c22,0xde4705909e6ae20fdce159849e102f970728464483df35d1f369bb61b4cf4cdd
165,118,0.3068,0x85af6945abf90907e4fbf2c72ce16b6b5a2761cd,2017-10-17T03:09:08.000Z,0.0026,0x8cb649f655e89c270c9129f800449ec5267bad6e,buy,0x336f646f87d9f6bc6ed42dd46e8b3fd9dbd15c22,0xd43a078b61dcbeaeef0435d0c89b97535d32855cf8133dfa2219b2b6127a76f7
166,0.4325949556375237,0.001514082344731332,0x218356b4362ad3b37acab77042b898e408057394,2017-10-17T02:07:44.000Z,0.003499999999999998,0x7e97e2c12b49618d39b20fd6ae55fe3933ff6792,sell,0x336f646f87d9f6bc6ed42dd46e8b3fd9dbd15c22,0xf5316299d4ea6fa47a9f68761fc5d25a43b0b8b49586842af328e622b752260d
167,2.3,0.00713,0x7e97e2c12b49618d39b20fd6ae55fe3933ff6792,2017-10-17T02:05:59.000Z,0.0031,0x74f355aeddfe000c50701d15594e37af63fddaa4,buy,0x336f646f87d9f6bc6ed42dd46e8b3fd9dbd15c22,0x086a0fa2c32682cf5009dc517a9e363823dd535ebc6bab75a402acd802d54148
168,1.9168517595454093,0.006708981158408932,0x218356b4362ad3b37acab77042b898e408057394,2017-10-17T02:04:50.000Z,0.0034999999999999996,0x7e97e2c12b49618d39b20fd6ae55fe3933ff6792,sell,0x336f646f87d9f6bc6ed42dd46e8b3fd9dbd15c22,0x92b2b94f4e3c4053455b18cf0011c1a7f26a668c15b9f1d19dea8ce4047b243b
169,8.402,0.028566808402,0xd0044e50fc4dac8835e6207b0ff8265b13bff88b,2017-10-17T02:03:08.000Z,0.003400001,0x7e97e2c12b49618d39b20fd6ae55fe3933ff6792,sell,0x336f646f87d9f6bc6ed42dd46e8b3fd9dbd15c22,0x7b9595fcb86488dae5da5fec207e441bd98d0c222494c37f4296d74917d08776
170,8,0.0248,0x7e97e2c12b49618d39b20fd6ae55fe3933ff6792,2017-10-17T02:02:13.000Z,0.0031,0x74f355aeddfe000c50701d15594e37af63fddaa4,buy,0x336f646f87d9f6bc6ed42dd46e8b3fd9dbd15c22,0x93a14dbcf8ba66f737be13a3b449caf1ef149662fad7d5bb1753b279cb091436
171,2.35,0.007285,0x7e97e2c12b49618d39b20fd6ae55fe3933ff6792,2017-10-17T02:02:13.000Z,0.0031,0x74f355aeddfe000c50701d15594e37af63fddaa4,buy,0x336f646f87d9f6bc6ed42dd46e8b3fd9dbd15c22,0x18ddd49efeb941c509f9772720b890a0ea4e8ad53b24bcd000eed2f80167bf91
172,647.6921543216031,0.7124613697537633,0x74f355aeddfe000c50701d15594e37af63fddaa4,2017-10-17T01:45:38.000Z,0.0011,0xb079a72c627d0a34b880aee0504b901cbce64568,sell,0x336f646f87d9f6bc6ed42dd46e8b3fd9dbd15c22,0xd0c7aaef9a160f11506aae2f3a3ed4804278d9f34c65b0e16fd6df00e138fa9e
173,266.59789106963507,0.9064330962346504,0xd0044e50fc4dac8835e6207b0ff8265b13bff88b,2017-10-17T00:38:54.000Z,0.003400001,0x9778550d76b07ac9f5e57392f68ecdf6efc1774e,sell,0x336f646f87d9f6bc6ed42dd46e8b3fd9dbd15c22,0xb3440ba26cf93c89c9af19b0daa2891fa39464001e837420c870117e59fe5932
174,248.16070182434453,0.8437468825241751,0x85af6945abf90907e4fbf2c72ce16b6b5a2761cd,2017-10-17T00:37:57.000Z,0.003400002,0x9778550d76b07ac9f5e57392f68ecdf6efc1774e,sell,0x336f646f87d9f6bc6ed42dd46e8b3fd9dbd15c22,0xac5aa2f46ffd2c504a19300e8c10a08be2eca70001215534b0796b7e0471ac85
175,51.839298175655465,0.17625371747582494,0x85af6945abf90907e4fbf2c72ce16b6b5a2761cd,2017-10-16T22:22:15.000Z,0.003400002,0xfa6c47a59abd678153eb3e30611ccb0c384aa854,sell,0x336f646f87d9f6bc6ed42dd46e8b3fd9dbd15c22,0xe358f55b5ec4f51db3e2d7a34d92cbf519e83aaec9bfd2c5d84635079ee3d153
176,15.950553284817067,0.055826936496859735,0x218356b4362ad3b37acab77042b898e408057394,2017-10-16T17:19:22.000Z,0.0035,0x3dee4a4e076e8d82859d241db0baf46f112cfa23,sell,0x336f646f87d9f6bc6ed42dd46e8b3fd9dbd15c22,0xd21d4cb5954f06aeebacd8b15c8e01c142e5e1ecc7de989e32b4be9ae39164ba
177,100,0.3500001,0x4d5c35a2173524da584e39c86a12e11f08eac532,2017-10-16T17:18:33.000Z,0.003500001,0x3dee4a4e076e8d82859d241db0baf46f112cfa23,sell,0x336f646f87d9f6bc6ed42dd46e8b3fd9dbd15c22,0xc9a84fa9a4fc6e658bdad22b5347e99025e93342861c77a41658f32da4d7b3de
178,10,0.03500001,0x217c552e79d6000be33e3fb58091de2cd12bd474,2017-10-16T06:36:04.000Z,0.003500001,0xdf31de85deaf78407415105912546f6aa5404a8d,buy,0x336f646f87d9f6bc6ed42dd46e8b3fd9dbd15c22,0xa3711f6d343e41ff21d030173b0479edf4e12d8b2abdcd06d72384cd6562f5de
179,454.2,1.54428,0xff951a2435a84ac30cd73159c0fe33b98b2c01f9,2017-10-15T10:45:38.000Z,0.0034,0x8ff74d8e18c7d1536215b4b1630e55b28905ce41,buy,0x336f646f87d9f6bc6ed42dd46e8b3fd9dbd15c22,0xb281085749197d5456dbc12ffe3d529d055b198344de006fcdd0dad744fd38bd
180,9.97,0.03988,0x771e93c209d846b2d6c5e309910cc98bebd804ff,2017-10-15T06:03:20.000Z,0.004,0xd2ea382e498316d91b9de8557670149b479721a0,sell,0x336f646f87d9f6bc6ed42dd46e8b3fd9dbd15c22,0x584b11f7e0c237d19cadf4db26f3130dbaf6b4ae1d5561cbff26fe2e929d2f29
181,9.999999999999998,0.033999999999999996,0xd2ea382e498316d91b9de8557670149b479721a0,2017-10-15T06:03:20.000Z,0.0034,0x8ff74d8e18c7d1536215b4b1630e55b28905ce41,buy,0x336f646f87d9f6bc6ed42dd46e8b3fd9dbd15c22,0x584b11f7e0c237d19cadf4db26f3130dbaf6b4ae1d5561cbff26fe2e929d2f29
182,14.955,0.05982,0x771e93c209d846b2d6c5e309910cc98bebd804ff,2017-10-15T06:02:48.000Z,0.004,0xd2ea382e498316d91b9de8557670149b479721a0,sell,0x336f646f87d9f6bc6ed42dd46e8b3fd9dbd15c22,0x9aa7854a095a0daf8756cd372a8613a6b31f113a68776ad2630b190d8fa537d0
183,15,0.0525,0xd2ea382e498316d91b9de8557670149b479721a0,2017-10-15T06:02:48.000Z,0.0035,0x8ff74d8e18c7d1536215b4b1630e55b28905ce41,buy,0x336f646f87d9f6bc6ed42dd46e8b3fd9dbd15c22,0x9aa7854a095a0daf8756cd372a8613a6b31f113a68776ad2630b190d8fa537d0
184,344.523178147742,1.205831123517097,0xff951a2435a84ac30cd73159c0fe33b98b2c01f9,2017-10-15T06:02:43.000Z,0.0035,0xfe423f6b9b3aa093cc08831d9b106027f97e132e,sell,0x336f646f87d9f6bc6ed42dd46e8b3fd9dbd15c22,0xaec9f6c1defe8d45f41c353423d2842dfdba16b24dcdbaf6f1d12868b1b9295c
185,345.5598577209047,1.174903516251076,0xfe423f6b9b3aa093cc08831d9b106027f97e132e,2017-10-15T06:02:43.000Z,0.0034,0x8ff74d8e18c7d1536215b4b1630e55b28905ce41,buy,0x336f646f87d9f6bc6ed42dd46e8b3fd9dbd15c22,0xaec9f6c1defe8d45f41c353423d2842dfdba16b24dcdbaf6f1d12868b1b9295c
186,998,3.493,0xff951a2435a84ac30cd73159c0fe33b98b2c01f9,2017-10-15T05:49:58.000Z,0.0035,0x89ad39032b50a3d8fdb2265b8cb1fc918c4b208d,sell,0x336f646f87d9f6bc6ed42dd46e8b3fd9dbd15c22,0x322faccbd9fa8573973cc424613d1eb9bbbf956c1d93006f5bcecda30136d83a
187,7.476821852258,0.026168876482903,0xff951a2435a84ac30cd73159c0fe33b98b2c01f9,2017-10-14T14:29:48.000Z,0.0035,0xc5454418c5088082deb2e81f0bf0157525a2bfab,sell,0x336f646f87d9f6bc6ed42dd46e8b3fd9dbd15c22,0xf51342881cfcad22dcb39d5f8ca61f4b0d09426e1adacb927bcc8dd26f4a51e7
188,110,0.77,0x9201299892e3c27bae587a45119b02df1382602a,2017-10-14T14:13:36.000Z,0.007,0xfe423f6b9b3aa093cc08831d9b106027f97e132e,sell,0x336f646f87d9f6bc6ed42dd46e8b3fd9dbd15c22,0x35662556168749105a2e6cf510631a1eaf83acc3d9639a7267e0e342cd8958c1
189,110.3309929789368,0.5968906720160482,0xfe423f6b9b3aa093cc08831d9b106027f97e132e,2017-10-14T14:13:36.000Z,0.00541,0x8ff74d8e18c7d1536215b4b1630e55b28905ce41,buy,0x336f646f87d9f6bc6ed42dd46e8b3fd9dbd15c22,0x35662556168749105a2e6cf510631a1eaf83acc3d9639a7267e0e342cd8958c1
190,22.283,0.1203282,0x8ff74d8e18c7d1536215b4b1630e55b28905ce41,2017-10-14T12:07:13.000Z,0.0054,0x450573f9ec383956e44d7a62b363107594d76c70,sell,0x336f646f87d9f6bc6ed42dd46e8b3fd9dbd15c22,0x722bc4b7134a60962b12cfe49fe5f9ae13ac7d7806f5a6b6860796d99c5bef56
191,295.28461768517593,1.5945369354999501,0x8ff74d8e18c7d1536215b4b1630e55b28905ce41,2017-10-14T11:25:21.000Z,0.0054,0x9778550d76b07ac9f5e57392f68ecdf6efc1774e,sell,0x336f646f87d9f6bc6ed42dd46e8b3fd9dbd15c22,0x734c5a47c89583b8c0ece56312aa5e20c01cc021fdad568038c646329ed27fa2
192,3.108959711,0.01666666666671435,0x5d5065b42bdee0274e394ba9042c21e1818c69cf,2017-10-14T06:01:35.000Z,0.00536085,0xff951a2435a84ac30cd73159c0fe33b98b2c01f9,sell,0x336f646f87d9f6bc6ed42dd46e8b3fd9dbd15c22,0x41327c8166d24f19b41c07865de7e7af01ec0bd919bb6b6d78a21316afd9573e
193,496,1.64672,0xf732b16f5aee6cd2db5b30a7a3860764a48b19ff,2017-10-14T03:54:44.000Z,0.00332,0x8ff74d8e18c7d1536215b4b1630e55b28905ce41,buy,0x336f646f87d9f6bc6ed42dd46e8b3fd9dbd15c22,0xad702dcfcbda5f75d79ea416847f4df82a2fb9ea65c4a20fecc85a4b4f50b695
194,602,1.99864,0xf732b16f5aee6cd2db5b30a7a3860764a48b19ff,2017-10-14T03:26:55.000Z,0.00332,0x8ff74d8e18c7d1536215b4b1630e55b28905ce41,buy,0x336f646f87d9f6bc6ed42dd46e8b3fd9dbd15c22,0x73c83fc23418d8047e47f1f4d01bb940f6f99b077ae399d9e7c4b71e9a35a1e6
195,302,1.00264,0xf732b16f5aee6cd2db5b30a7a3860764a48b19ff,2017-10-14T03:11:52.000Z,0.00332,0x8ff74d8e18c7d1536215b4b1630e55b28905ce41,buy,0x336f646f87d9f6bc6ed42dd46e8b3fd9dbd15c22,0xfe20b198f2639b4e05056d7d94effa163d7abaaf694886384428b4e0418c2951
196,64.79912271956934,0.2151330874289702,0xff951a2435a84ac30cd73159c0fe33b98b2c01f9,2017-10-14T01:56:07.000Z,0.00332,0x3bfa483e6d86f78a6883a3d052f857e859edbd28,sell,0x336f646f87d9f6bc6ed42dd46e8b3fd9dbd15c22,0x205b982b69a3b6ece2504301f0ecbfb8c16c4c7a46e3c8ea0126e17ade3a3d21
197,0.6290420517971171,0.002201647181289909,0xaec2d8005fdd8d0486abca76abec7d465170c8cc,2017-10-13T14:06:53.000Z,0.0034999999999999983,0xb34894b317db76b67d0e4e887245d6711a948589,sell,0x336f646f87d9f6bc6ed42dd46e8b3fd9dbd15c22,0xede7644f7abc7a648ca3bb5fc930a53b2f9ed36b182548e86a025d19bfb78c36
198,1,0.00401,0xe934671fff524356f2dafbc370db2ed157be2501,2017-10-13T13:58:15.000Z,0.00401,0xb34894b317db76b67d0e4e887245d6711a948589,sell,0x336f646f87d9f6bc6ed42dd46e8b3fd9dbd15c22,0x12233d6bfb4c5bcb121e0e52cda22d3b5c43612003953f12db729bc41ca3e60a
199,100,0.35,0xa03892c33058a56da3971f734b782909c2feb429,2017-10-13T11:12:35.000Z,0.0035,0xa902b8fa816bd114ee8ff98f73947102ac1c2693,sell,0x336f646f87d9f6bc6ed42dd46e8b3fd9dbd15c22,0xd2ad691d49d477cb9a6e054ffb781b83eb15bb4b44e31566bcef29fd6a2bb4c2
200,100,0.331,0xa03892c33058a56da3971f734b782909c2feb429,2017-10-13T11:01:34.000Z,0.00331,0xa902b8fa816bd114ee8ff98f73947102ac1c2693,sell,0x336f646f87d9f6bc6ed42dd46e8b3fd9dbd15c22,0xbdd63a53169601a804cdfcde7e1e097e0fec0ce1028d3763eeb623080a40329b
201,400,1.200004,0x3dee4a4e076e8d82859d241db0baf46f112cfa23,2017-10-13T10:59:58.000Z,0.00300001,0xa902b8fa816bd114ee8ff98f73947102ac1c2693,sell,0x336f646f87d9f6bc6ed42dd46e8b3fd9dbd15c22,0x9e95d4c7ccf09c159434bc064a329ffd3e77c2e3d021d62814ed07b8c573a87d
202,100,0.401,0xa03892c33058a56da3971f734b782909c2feb429,2017-10-13T10:58:34.000Z,0.00401,0xa902b8fa816bd114ee8ff98f73947102ac1c2693,sell,0x336f646f87d9f6bc6ed42dd46e8b3fd9dbd15c22,0x8d9e105089f29a1059cbd2d325e355f695e5acd75b9ee8090a12955dee845d37
203,100,0.35,0xa03892c33058a56da3971f734b782909c2feb429,2017-10-13T10:58:23.000Z,0.0035,0xa902b8fa816bd114ee8ff98f73947102ac1c2693,sell,0x336f646f87d9f6bc6ed42dd46e8b3fd9dbd15c22,0x576d761e62291b7e300a2b617e9e3cc869413484cf65e6e31cad3fe32581bbf3
204,65,0.3835,0x3bfa483e6d86f78a6883a3d052f857e859edbd28,2017-10-12T20:42:32.000Z,0.0059,0xa03892c33058a56da3971f734b782909c2feb429,buy,0x336f646f87d9f6bc6ed42dd46e8b3fd9dbd15c22,0x963c816a3edc5b681d26b957beff8a434095c43cf6ee601e84a1e794ef7af958
205,16.102,0.0950018,0xe2603cae5a714ccac6ec758bb0d4bbb1822deec0,2017-10-12T20:19:15.000Z,0.0059,0xa03892c33058a56da3971f734b782909c2feb429,buy,0x336f646f87d9f6bc6ed42dd46e8b3fd9dbd15c22,0xd2faa8c7bf490334503b22c5a97166a8a91715a313f6c6773935c284da4a1d5c
206,84.746,0.5000014,0xa068c428e78c83bc5c4afc65266f54c60aa1ffd2,2017-10-12T18:26:18.000Z,0.0059,0xa03892c33058a56da3971f734b782909c2feb429,buy,0x336f646f87d9f6bc6ed42dd46e8b3fd9dbd15c22,0x26b002aeedad37d2125679bf76ed2a85e9107abc2d333755d95a81af5b981662
207,140,0.5628,0xedf38c384f204a4d7862283e531fabe5e203f26b,2017-10-12T11:05:58.000Z,0.00402,0x450573f9ec383956e44d7a62b363107594d76c70,sell,0x336f646f87d9f6bc6ed42dd46e8b3fd9dbd15c22,0xe9021abf596b5954b4c805d4c4038a242d165125f87ee1bb9df3ec01f2c3ee71
208,100,0.401,0xedf38c384f204a4d7862283e531fabe5e203f26b,2017-10-12T08:23:19.000Z,0.00401,0xa03892c33058a56da3971f734b782909c2feb429,buy,0x336f646f87d9f6bc6ed42dd46e8b3fd9dbd15c22,0x4c04a1c676536125abd078b338bf26479f1aba560588e38eb047f08bb3657cb0
209,199.94326420590616,0.699821419047092,0xe65d79c6acbbfd3b67822e42c7fc4e99b67ae554,2017-10-12T03:38:00.000Z,0.0035001,0x88d58f0c99ace6edf539b1e1d3e048256acea394,sell,0x336f646f87d9f6bc6ed42dd46e8b3fd9dbd15c22,0x1b19ebbadace4fe7b90a88fc3ac8a9c9cd3cbbe00c10400423b0825bd8fad207
210,21.964,0.076874,0xaec2d8005fdd8d0486abca76abec7d465170c8cc,2017-10-12T03:01:25.000Z,0.0035,0x88d58f0c99ace6edf539b1e1d3e048256acea394,sell,0x336f646f87d9f6bc6ed42dd46e8b3fd9dbd15c22,0x499ca37a1046e13171853350701d8bc9176b9752ac2fc0a8038ae4ed3264e63b
211,79.73219069101555,0.2790626674185544,0x639c417f20d9c57257b9066b224cca458c0fa688,2017-10-12T00:30:20.000Z,0.0035,0x88d58f0c99ace6edf539b1e1d3e048256acea394,sell,0x336f646f87d9f6bc6ed42dd46e8b3fd9dbd15c22,0x631bab7e038a42153e4c422db76ac67153c01045719514cc8d3b12ca3ab52e69
212,0.035529376774311616,0.00012435281871009,0xaec2d8005fdd8d0486abca76abec7d465170c8cc,2017-10-12T00:26:28.000Z,0.0034999999999999814,0x88d58f0c99ace6edf539b1e1d3e048256acea394,sell,0x336f646f87d9f6bc6ed42dd46e8b3fd9dbd15c22,0x95414e3ae86c8e826ddb45e1fd6e8cafbfa8c5ccb7f840ffff9c4292027070c2
213,0.035529376774311616,0.00012435281871009,0x639c417f20d9c57257b9066b224cca458c0fa688,2017-10-12T00:26:28.000Z,0.0034999999999999814,0x88d58f0c99ace6edf539b1e1d3e048256acea394,sell,0x336f646f87d9f6bc6ed42dd46e8b3fd9dbd15c22,0x0f742e314abba8e2c0165674624a917b81127898b7147771d030fceb106d6145
214,320.23227993221013,1.1208129797627355,0x639c417f20d9c57257b9066b224cca458c0fa688,2017-10-12T00:08:16.000Z,0.0035,0xc9a93d56409115d490cf1569adf93800749451ab,sell,0x336f646f87d9f6bc6ed42dd46e8b3fd9dbd15c22,0x33ddd679ffbc4e674aa413c3ab218022afc07dafb4e95497e66f95ce9f46e2ee
215,25,0.1,0xea9baa40228bc00716858945b3b1c08c1c36c056,2017-10-12T00:07:05.000Z,0.004,0xc9a93d56409115d490cf1569adf93800749451ab,sell,0x336f646f87d9f6bc6ed42dd46e8b3fd9dbd15c22,0xd7fb647f657dde24393ebabaec5a008c7c4c2a289dd8d7bf46ef42f7eaffc030
216,79,0.5056,0x217c552e79d6000be33e3fb58091de2cd12bd474,2017-10-11T10:55:57.000Z,0.0064,0xe1226c4d0a752a3ef42ee783aa1b4ac1abe47a8e,buy,0x336f646f87d9f6bc6ed42dd46e8b3fd9dbd15c22,0x9f48023a1bf6aaaf052aea2b03c7fc362866acae03df6676fbace6ba714b6f60
217,296.3,1.1852,0xc3bc481f5d04b971e04f3d3b1210c3d728cf0738,2017-10-11T06:42:52.000Z,0.004,0x669f0ab96fd3beb68bc836bb874894bbb516331a,buy,0x336f646f87d9f6bc6ed42dd46e8b3fd9dbd15c22,0x5dcac6193cfcf77d96cf6fa8c5c1370f6c9ec6262b072ddf4309d894d7c9a441
218,79,0.2528,0xe1226c4d0a752a3ef42ee783aa1b4ac1abe47a8e,2017-10-11T06:06:29.000Z,0.0032,0x6fabbcfdf9eeb55aaa53dfc0da0b16b10af247e6,sell,0x336f646f87d9f6bc6ed42dd46e8b3fd9dbd15c22,0x14ee89bc8dac8459330e2d810b1fefc2fb3b5f89adc9d57b6f9a1cfb0f71066d
219,500,2.25,0xc3bc481f5d04b971e04f3d3b1210c3d728cf0738,2017-10-11T05:43:34.000Z,0.0045,0x6fabbcfdf9eeb55aaa53dfc0da0b16b10af247e6,sell,0x336f646f87d9f6bc6ed42dd46e8b3fd9dbd15c22,0x392d10293fd12add0002133b663e9f433a769f106750edb37e83a903fcc57434
220,53.104,0.238968,0x3381ff178471b8f0bd956909be7a7c580374fa3a,2017-10-11T05:43:26.000Z,0.0045,0x6fabbcfdf9eeb55aaa53dfc0da0b16b10af247e6,sell,0x336f646f87d9f6bc6ed42dd46e8b3fd9dbd15c22,0x95071e378133f083ba09436f58705071c144cf0e22b6be3c8e2954ab047a7b66
221,198.60482157688017,0.8937218957007823,0xa24dcf6e742705628103715159234cc860cee57b,2017-10-11T05:43:23.000Z,0.004500001,0x6fabbcfdf9eeb55aaa53dfc0da0b16b10af247e6,sell,0x336f646f87d9f6bc6ed42dd46e8b3fd9dbd15c22,0xaa6d7043dcb84910ef1c61849dbb398dbe905365078fdfc12bc69d84db383b3e
222,356.39517842311983,1.6037786592992176,0xa24dcf6e742705628103715159234cc860cee57b,2017-10-11T03:55:10.000Z,0.004500001,0x88d58f0c99ace6edf539b1e1d3e048256acea394,sell,0x336f646f87d9f6bc6ed42dd46e8b3fd9dbd15c22,0x6515ad32d9f4d9d28499b104765a96c4c32e5f6cfbd39d0cdbdccf991ee814eb
223,393.5057711124465,1.7707759700060093,0x3381ff178471b8f0bd956909be7a7c580374fa3a,2017-10-10T23:39:47.000Z,0.0045,0x5a29424412f1580f15ed22794d57ecdbd95dc1dc,sell,0x336f646f87d9f6bc6ed42dd46e8b3fd9dbd15c22,0xfa066e70177e2865dc4b96b8121980fc738cc57ea07df6e9cdeff06696fcb0a5
224,256.39002895073503,1.1537551302783076,0x3381ff178471b8f0bd956909be7a7c580374fa3a,2017-10-10T23:24:55.000Z,0.0045,0x5a29424412f1580f15ed22794d57ecdbd95dc1dc,sell,0x336f646f87d9f6bc6ed42dd46e8b3fd9dbd15c22,0x16db69df60255876cbb9d02bf58c10522e2f735892cacd0a8b0c7987ac289048
225,97,0.4365,0x3381ff178471b8f0bd956909be7a7c580374fa3a,2017-10-10T23:21:40.000Z,0.0045,0x62208973e8cac2e82881a8e7120664c623b4a500,sell,0x336f646f87d9f6bc6ed42dd46e8b3fd9dbd15c22,0x0f14a5ae847901384052d5b6b6a60c92377d987247ecf9ee718207a398c9fed8
226,8,0.0400008,0xe934671fff524356f2dafbc370db2ed157be2501,2017-10-10T23:21:13.000Z,0.0050001,0x62208973e8cac2e82881a8e7120664c623b4a500,sell,0x336f646f87d9f6bc6ed42dd46e8b3fd9dbd15c22,0x312edf882eb546b2cdc4c25af8567c32ca340c441b65379bd0f51c2c7e6c35a9
227,142.388,0.783134,0xc3bc481f5d04b971e04f3d3b1210c3d728cf0738,2017-10-10T23:13:39.000Z,0.0055,0x5a29424412f1580f15ed22794d57ecdbd95dc1dc,sell,0x336f646f87d9f6bc6ed42dd46e8b3fd9dbd15c22,0x31937fc25fe9a4aeb1b96203c50f1f5444a9db48210cfb23f5334b4b80577567
228,0.020404823113011047,0.00011222652712156,0xc3bc481f5d04b971e04f3d3b1210c3d728cf0738,2017-10-10T23:09:12.000Z,0.005499999999999963,0x5a29424412f1580f15ed22794d57ecdbd95dc1dc,sell,0x336f646f87d9f6bc6ed42dd46e8b3fd9dbd15c22,0x6d6a955025d8d0773dccd1c97b51f61d4dfb91d6d254294a9ad815376ac4967d
229,204.6807806466138,1.125744293556376,0xc3bc481f5d04b971e04f3d3b1210c3d728cf0738,2017-10-10T23:04:47.000Z,0.0055,0x5a29424412f1580f15ed22794d57ecdbd95dc1dc,sell,0x336f646f87d9f6bc6ed42dd46e8b3fd9dbd15c22,0x6e65a553a1a5c3c1606c4c79f5fc61351e3c2b590fdf1046aef342e40dc64d94
230,500,2.5,0xc3bc481f5d04b971e04f3d3b1210c3d728cf0738,2017-10-10T22:47:57.000Z,0.005,0x217c552e79d6000be33e3fb58091de2cd12bd474,sell,0x336f646f87d9f6bc6ed42dd46e8b3fd9dbd15c22,0xd6b0c6b3c5e812b07217550fb36a0309210736ac7c5e21a7fd5be4c3890e228a
231,152.9106661831108,0.8410086640071094,0xc3bc481f5d04b971e04f3d3b1210c3d728cf0738,2017-10-10T20:55:54.000Z,0.0055,0x5a29424412f1580f15ed22794d57ecdbd95dc1dc,sell,0x336f646f87d9f6bc6ed42dd46e8b3fd9dbd15c22,0x85285083e7875b787c10ada59316479d47f5dd33f3b3ab27700a92aeb6a23248
232,52.76685993154455,0.3065754562022739,0x201a52fd4b96b0ab999d1c6a0ffd222b09c0cea6,2017-10-10T20:34:59.000Z,0.00581,0x5a29424412f1580f15ed22794d57ecdbd95dc1dc,sell,0x336f646f87d9f6bc6ed42dd46e8b3fd9dbd15c22,0x9e7418013a6878f563604faa031a604253bfd0fa69af448fd1f098543582c1a4
233,18.66472675813191,0.1493178140650553,0x6a82342937003d8b273d605bf78deaebdf756e12,2017-10-10T13:56:10.000Z,0.008,0x753160ecb7739a78bd3f9c304cf83dc29af2df7b,buy,0x336f646f87d9f6bc6ed42dd46e8b3fd9dbd15c22,0xf8e8af34881670920612e0afc8da822b4deb585631cb0663ac63f3a205c1f248
234,0.03476231498126916,0.000201969050041173,0x201a52fd4b96b0ab999d1c6a0ffd222b09c0cea6,2017-10-10T07:09:38.000Z,0.005809999999999977,0x88d58f0c99ace6edf539b1e1d3e048256acea394,sell,0x336f646f87d9f6bc6ed42dd46e8b3fd9dbd15c22,0xcfb698531ae25cbe5fdd29af0354c23ab791c3062f2d0949d08236ae364baf8d
235,348.70078157711094,2.0259515409630144,0x201a52fd4b96b0ab999d1c6a0ffd222b09c0cea6,2017-10-10T07:02:31.000Z,0.00581,0x88d58f0c99ace6edf539b1e1d3e048256acea394,sell,0x336f646f87d9f6bc6ed42dd46e8b3fd9dbd15c22,0x02e00da89f90620454f8aeff21d3b9d9ae87824ef08e578e9e58c01e635e8aa2
236,98.49759617636322,0.5722710337846703,0x201a52fd4b96b0ab999d1c6a0ffd222b09c0cea6,2017-10-10T07:02:13.000Z,0.00581,0x5a29424412f1580f15ed22794d57ecdbd95dc1dc,sell,0x336f646f87d9f6bc6ed42dd46e8b3fd9dbd15c22,0xe9219eba0648f20429218eeb28c3db988b6c6c241882f9ac5d44b57014c0e4dc
237,400,2.44,0xfc64aa8b9de7e6bbcdc414e9ad39b6a63e498e18,2017-10-10T06:58:35.000Z,0.0061,0x88d58f0c99ace6edf539b1e1d3e048256acea394,sell,0x336f646f87d9f6bc6ed42dd46e8b3fd9dbd15c22,0x55f9c2fd3df61f6e017d30f30ffa208ab13183408bbd01d51f208ce8f53a6b2f
238,400,2.44,0xfc64aa8b9de7e6bbcdc414e9ad39b6a63e498e18,2017-10-10T06:55:39.000Z,0.0061,0x5a29424412f1580f15ed22794d57ecdbd95dc1dc,sell,0x336f646f87d9f6bc6ed42dd46e8b3fd9dbd15c22,0xe56ab730a5de8ac2e3ccca723e952d323f8bbf9d9c8efa3416952a677c172cbb
239,151,0.99509,0xd82a8bcbd4863b255c6d3e4ba98e91b0e52cb4b4,2017-10-10T06:53:17.000Z,0.00659,0x88d58f0c99ace6edf539b1e1d3e048256acea394,sell,0x336f646f87d9f6bc6ed42dd46e8b3fd9dbd15c22,0x6b5a1da8bf0acf305da8c47054328acc48cfa285356783c117176a70ecbfded9
240,500,3.25,0xc3bc481f5d04b971e04f3d3b1210c3d728cf0738,2017-10-10T06:53:17.000Z,0.0065,0x88d58f0c99ace6edf539b1e1d3e048256acea394,sell,0x336f646f87d9f6bc6ed42dd46e8b3fd9dbd15c22,0x75f4f9dfc34a5a823cff90d68b566483eb69f0f51bba9bbb95d808f87911c6d0
241,32.082,0.21430776,0xc6939e988f4481b549ea7059cfcc42aab1f45bdb,2017-10-10T06:51:20.000Z,0.00668,0x88d58f0c99ace6edf539b1e1d3e048256acea394,sell,0x336f646f87d9f6bc6ed42dd46e8b3fd9dbd15c22,0xf0284a4fb35b88392a1b6002185d3f30af9e48d26bdc63ae7fd21bc2efc46985
242,200,1.336,0x201a52fd4b96b0ab999d1c6a0ffd222b09c0cea6,2017-10-10T06:51:04.000Z,0.00668,0x88d58f0c99ace6edf539b1e1d3e048256acea394,sell,0x336f646f87d9f6bc6ed42dd46e8b3fd9dbd15c22,0x588fd16351494599e1f91187a7fd085857e049ba96361c2ba7a4849e0e272c1e
243,29,0.193720029,0xee5a2149a3048957ba56421745462591c44d0ce7,2017-10-10T06:51:04.000Z,0.006680001,0x88d58f0c99ace6edf539b1e1d3e048256acea394,sell,0x336f646f87d9f6bc6ed42dd46e8b3fd9dbd15c22,0x5be011119696870d2ded8d9b22269694e0b28a350f4f3347de8ca12026688494
244,1,0.009,0x71393c82655e28709c4ac7c3ca5d9aa02fed5edb,2017-10-10T03:43:27.000Z,0.009,0xdfaa916b9de806bbb6b9499bf5c94cbcd0df73ff,buy,0x336f646f87d9f6bc6ed42dd46e8b3fd9dbd15c22,0x2eebc0fa59d8acf270ffb211ecbf8d8c5c1873efcd4e01b85af71822f5dfea13
245,10,0.07,0x422d4d1f8a9373dc8b75f3e1aeab786083f38a51,2017-10-10T03:07:25.000Z,0.007,0x900cc5184583ec02757d5909aa5b83d6be8f7a19,sell,0x336f646f87d9f6bc6ed42dd46e8b3fd9dbd15c22,0xee60aa17019a106b3caf60b690998adf195d2473446f55d78cfab39342c829b6
246,1,0.00899,0xab13b657aff57ceee2955d2128c34b37932f6f3a,2017-10-10T01:49:34.000Z,0.00899,0xaf76a895a9a5b2241d549d6dd190db0d50917fbf,buy,0x336f646f87d9f6bc6ed42dd46e8b3fd9dbd15c22,0x0d2e70c6071e92fc6c1bbe285f3ee674f0883e92d3a824c98e2748dcb18b1290
247,870,6.525,0x776a3d4d9fd98b462556f3f91aef5f5a8ffef56b,2017-10-10T00:41:34.000Z,0.0075,0x900cc5184583ec02757d5909aa5b83d6be8f7a19,sell,0x336f646f87d9f6bc6ed42dd46e8b3fd9dbd15c22,0x027bb581887fd29a56407cdfd22ae6650bd124ae43b26eb6990f454418ac5281
248,320,2.416,0xfbbed1ae2c9e6253224bea6e2cc176c0ec2b5e8c,2017-10-10T00:41:03.000Z,0.00755,0x900cc5184583ec02757d5909aa5b83d6be8f7a19,sell,0x336f646f87d9f6bc6ed42dd46e8b3fd9dbd15c22,0x4fc7a0e8115189bbed9058c05c7cfb50f81f047289634be93076296e4b92dab8
249,0.007,0.00006293,0x5ae933bfbbaa04c3e05ae56295138174ada9799c,2017-10-09T23:52:49.000Z,0.00899,0xaf76a895a9a5b2241d549d6dd190db0d50917fbf,buy,0x336f646f87d9f6bc6ed42dd46e8b3fd9dbd15c22,0x85f8dd5ee794e83cf21d125d5c345a2a897e9743c7ba5058df17ef407d8b69f4
250,0.006979,0.293118,0xc9b30b13f82ebc646e85ac9e005a73b93c9f6f6c,2017-10-09T23:52:49.000Z,42,0x5ae933bfbbaa04c3e05ae56295138174ada9799c,sell,0x336f646f87d9f6bc6ed42dd46e8b3fd9dbd15c22,0x85f8dd5ee794e83cf21d125d5c345a2a897e9743c7ba5058df17ef407d8b69f4
251,10,0.09,0xe438e2e54579089ce98c51bbfdbde3f01d8c4886,2017-10-09T21:30:39.000Z,0.009,0xb2b5226face4f3721e8cd0753f83e168cdd67954,sell,0x336f646f87d9f6bc6ed42dd46e8b3fd9dbd15c22,0x6d3a1aea5f1d90d9edc0401a9084cd2cc670c3a128285c1af451f275df93acd0
252,285,1.90665,0x201a52fd4b96b0ab999d1c6a0ffd222b09c0cea6,2017-10-09T20:53:17.000Z,0.00669,0xb2b5226face4f3721e8cd0753f83e168cdd67954,sell,0x336f646f87d9f6bc6ed42dd46e8b3fd9dbd15c22,0x7f3ba990f67a130e6d819c12c0a1ba0f2709e7d9e33fa7c999157c9c9f165c8a
253,300,2.007,0x201a52fd4b96b0ab999d1c6a0ffd222b09c0cea6,2017-10-09T19:10:54.000Z,0.00669,0xb2b5226face4f3721e8cd0753f83e168cdd67954,sell,0x336f646f87d9f6bc6ed42dd46e8b3fd9dbd15c22,0xe9da80db4887526a304075197a9b854142a767d1940ddd1e9725e4d400b7b14e
254,216.49414124933537,1.9484472712440184,0xedf38c384f204a4d7862283e531fabe5e203f26b,2017-10-09T15:54:39.000Z,0.009,0x3b11880419b5189631aa6bc307a9cd61c42045a3,sell,0x336f646f87d9f6bc6ed42dd46e8b3fd9dbd15c22,0x2923955912c37a550c60c8622980c2fd5b0ab7968ff22d5c8f6e30b5488a3b6f
255,109.29978207690779,0.9836980386921701,0xedf38c384f204a4d7862283e531fabe5e203f26b,2017-10-09T15:46:51.000Z,0.009,0xdebdb242addc4d32a0db23192b755bd7a34a87f6,sell,0x336f646f87d9f6bc6ed42dd46e8b3fd9dbd15c22,0x2fe1e6b08ded2bfd360e17a7abfe373fd0b5f1608b7c1190f57d95608faa46fd
256,437.64289967375686,3.9387860970638116,0xedf38c384f204a4d7862283e531fabe5e203f26b,2017-10-09T15:19:54.000Z,0.009,0x3f441403c9f9f93b13711db4d4a2e4eed9ada767,sell,0x336f646f87d9f6bc6ed42dd46e8b3fd9dbd15c22,0xeb391326bd4b1491cfad4401ef734dcb3210bda6d360c39c8da48f854fd1a553
257,55.773177,0.501958593,0xedf38c384f204a4d7862283e531fabe5e203f26b,2017-10-09T15:15:33.000Z,0.009,0xfe423f6b9b3aa093cc08831d9b106027f97e132e,sell,0x336f646f87d9f6bc6ed42dd46e8b3fd9dbd15c22,0x1ea3d91d11d1f8e9556b0469a7f04fde4677ddfa9515dd44107098eac42d19b0
258,69.79,0.62811,0xedf38c384f204a4d7862283e531fabe5e203f26b,2017-10-09T15:15:33.000Z,0.009,0x273a5d3e6721b9f5c1a6474f560c1334c63dda01,sell,0x336f646f87d9f6bc6ed42dd46e8b3fd9dbd15c22,0x4e2ee7864d7f0ad28a6630c6a138fa8092decb418e602287dd8fcfd02c5f4174
259,70,0.4907,0x273a5d3e6721b9f5c1a6474f560c1334c63dda01,2017-10-09T15:15:33.000Z,0.00701,0xf047029ac95a8ff283839f9c443c990053192ce7,buy,0x336f646f87d9f6bc6ed42dd46e8b3fd9dbd15c22,0x4e2ee7864d7f0ad28a6630c6a138fa8092decb418e602287dd8fcfd02c5f4174
260,55.941,0.39214641,0xfe423f6b9b3aa093cc08831d9b106027f97e132e,2017-10-09T15:15:33.000Z,0.00701,0xf047029ac95a8ff283839f9c443c990053192ce7,buy,0x336f646f87d9f6bc6ed42dd46e8b3fd9dbd15c22,0x1ea3d91d11d1f8e9556b0469a7f04fde4677ddfa9515dd44107098eac42d19b0
261,70,0.469,0xa03892c33058a56da3971f734b782909c2feb429,2017-10-09T14:41:57.000Z,0.0067,0xf047029ac95a8ff283839f9c443c990053192ce7,sell,0x336f646f87d9f6bc6ed42dd46e8b3fd9dbd15c22,0x1f728e5b4bc1d90579faf60b3479f2fd285d2ea33ead0d5d6a21e49e834e7aa4
262,280,1.87628,0x1418425c0a103dd5bce8a9915d536b5cbd248857,2017-10-09T14:38:55.000Z,0.006701,0xf047029ac95a8ff283839f9c443c990053192ce7,sell,0x336f646f87d9f6bc6ed42dd46e8b3fd9dbd15c22,0xdae5258a927b1e29dfdddbe9f282fee9a331b2040bf1d4c0c20c6e9c64143cfd
263,0.20396770012959825,0.001495083241949955,0x8ff74d8e18c7d1536215b4b1630e55b28905ce41,2017-10-09T12:28:52.000Z,0.007329999999999999,0x900cc5184583ec02757d5909aa5b83d6be8f7a19,sell,0x336f646f87d9f6bc6ed42dd46e8b3fd9dbd15c22,0xfd6a19869655007b491b4d1e79ce05091113169828040a1d151822368fdb8dfb
264,29.387245099457957,0.19630679726437913,0xc6939e988f4481b549ea7059cfcc42aab1f45bdb,2017-10-09T04:06:12.000Z,0.00668,0x5a29424412f1580f15ed22794d57ecdbd95dc1dc,sell,0x336f646f87d9f6bc6ed42dd46e8b3fd9dbd15c22,0x38722d708ac91aca1269d00cc55600c64fca9a2fcca0b9d5ad757ffb13052d3d
265,433,2.9011,0xc3bc481f5d04b971e04f3d3b1210c3d728cf0738,2017-10-09T02:42:43.000Z,0.0067,0x5a29424412f1580f15ed22794d57ecdbd95dc1dc,sell,0x336f646f87d9f6bc6ed42dd46e8b3fd9dbd15c22,0xa58398b0143e60c051154fa1b052ec3852df91396d553386a76038d99c538a9b
266,4.021,0.0293533,0xa810ef5f7de6b8451000523cc26bb768f11195c2,2017-10-09T02:38:54.000Z,0.0073,0x5a29424412f1580f15ed22794d57ecdbd95dc1dc,sell,0x336f646f87d9f6bc6ed42dd46e8b3fd9dbd15c22,0x708797daf8028e9a8eb5d7f5e7edac237d6aeaf740978d4d86e43c2d91c1bc16
267,32.094,0.23653278,0x3f441403c9f9f93b13711db4d4a2e4eed9ada767,2017-10-09T02:34:09.000Z,0.00737,0x5a29424412f1580f15ed22794d57ecdbd95dc1dc,sell,0x336f646f87d9f6bc6ed42dd46e8b3fd9dbd15c22,0x7682dfc864db576ed23d65fc8db40add412da0388f2e1dfded5d7027adc4e48f
268,6.905592662745489,0.05089421792443425,0x3f441403c9f9f93b13711db4d4a2e4eed9ada767,2017-10-09T01:25:39.000Z,0.00737,0x5a29424412f1580f15ed22794d57ecdbd95dc1dc,sell,0x336f646f87d9f6bc6ed42dd46e8b3fd9dbd15c22,0xf056487bf9c784ad1c5716bcddd0e7bc11f6155de1b6a43b1630f2d2bf581779
269,45,0.3312,0x0798b665cbc5d353c67c1a69892e7776fe5b25b8,2017-10-09T01:16:49.000Z,0.00736,0x5a29424412f1580f15ed22794d57ecdbd95dc1dc,sell,0x336f646f87d9f6bc6ed42dd46e8b3fd9dbd15c22,0xbd99c5476151988665d2bc5de907125a5e587c0768d68d49b855bd7a68bf8bbc
270,134.899,0.99420563,0x3f441403c9f9f93b13711db4d4a2e4eed9ada767,2017-10-09T01:13:47.000Z,0.00737,0x5a29424412f1580f15ed22794d57ecdbd95dc1dc,sell,0x336f646f87d9f6bc6ed42dd46e8b3fd9dbd15c22,0x514ba3f36781c26bb18bde09c7cb912c3acd20a60063b9ffc5960e213ec7633c
271,13,0.0975,0x9e1df0ddc0afdb4e844ee8692ec21db5aa6ed55a,2017-10-09T01:13:14.000Z,0.0075,0x5a29424412f1580f15ed22794d57ecdbd95dc1dc,sell,0x336f646f87d9f6bc6ed42dd46e8b3fd9dbd15c22,0x32cebbca3f63b2b178aaeb356a17530db419c7c61db271fb1f2e34ba5722ab9c
272,265.101,1.95379437,0x3f441403c9f9f93b13711db4d4a2e4eed9ada767,2017-10-09T00:38:44.000Z,0.00737,0x5a29424412f1580f15ed22794d57ecdbd95dc1dc,sell,0x336f646f87d9f6bc6ed42dd46e8b3fd9dbd15c22,0x029d581772dd0a4c16a035b984c85cbce5f563e60832b11220c94624e33a8fba
273,100,0.75,0xe934671fff524356f2dafbc370db2ed157be2501,2017-10-09T00:32:44.000Z,0.0075,0x5a29424412f1580f15ed22794d57ecdbd95dc1dc,sell,0x336f646f87d9f6bc6ed42dd46e8b3fd9dbd15c22,0x0d4ede759cef68ff6000e4871cad58ecde89331da75a8daaf193ca1a7c9d524b
274,133,0.99883,0x11199a3ae5e4d6d9aded522f14f9cfcb82cb0607,2017-10-09T00:23:42.000Z,0.00751,0x5a29424412f1580f15ed22794d57ecdbd95dc1dc,sell,0x336f646f87d9f6bc6ed42dd46e8b3fd9dbd15c22,0x9cc4aaa4356cc179fca67c56159ac7bafa9a52fe6a41832b6215f6b5d5268657
275,149.799,1.482860301,0x4f69bb90715668db9c756554609415530872a088,2017-10-09T00:19:58.000Z,0.009899,0x938cd068ea9bf1d37b217f8aa696d154551a93e4,buy,0x336f646f87d9f6bc6ed42dd46e8b3fd9dbd15c22,0x68892a0dd9d0ed26077d92cc8740138cec0cb053385765805d4ae16a2e84efd2
276,49,0.48412,0x4f69bb90715668db9c756554609415530872a088,2017-10-09T00:19:30.000Z,0.00988,0xf7cc5cccbd9eef2f4b2880547481f1618e6e019f,buy,0x336f646f87d9f6bc6ed42dd46e8b3fd9dbd15c22,0x8b60c54679ca79afee6293f50beb4b4367ce7b53c3222b8778bd9f1bf1f363e5
277,20,0.18,0x4f69bb90715668db9c756554609415530872a088,2017-10-09T00:18:11.000Z,0.009,0xf047029ac95a8ff283839f9c443c990053192ce7,buy,0x336f646f87d9f6bc6ed42dd46e8b3fd9dbd15c22,0x3b09f0f9436847c901fc8749e089e5c6a6d8c5c24231139e37530db561da0051
278,3,0.0225,0xe934671fff524356f2dafbc370db2ed157be2501,2017-10-08T23:16:41.000Z,0.0075,0xf047029ac95a8ff283839f9c443c990053192ce7,sell,0x336f646f87d9f6bc6ed42dd46e8b3fd9dbd15c22,0x2d728a1ad4f37424da3eacfd8860b32a4f8300b8e5f754988863169856073f6e
279,798.0286052028464,7.980286052028464,0xedf38c384f204a4d7862283e531fabe5e203f26b,2017-10-08T20:10:44.000Z,0.01,0x4115a16c445b1b6af4481338370370dfb6b1bfa3,buy,0x336f646f87d9f6bc6ed42dd46e8b3fd9dbd15c22,0xc9da6425912d4cec4651136b853f4001691bf5c9d2feeb9ea52f5d33749914be
280,50,0.4935,0xedf38c384f204a4d7862283e531fabe5e203f26b,2017-10-08T19:10:24.000Z,0.00987,0xa03892c33058a56da3971f734b782909c2feb429,buy,0x336f646f87d9f6bc6ed42dd46e8b3fd9dbd15c22,0x377ec5fb549676c2592e5b3725a529d7b508ce970788d7df90cae16463f23178
281,67,0.4489,0xc3bc481f5d04b971e04f3d3b1210c3d728cf0738,2017-10-08T11:33:13.000Z,0.0067,0x98dc09ff5a754cd308e217e98c78674db2aba950,sell,0x336f646f87d9f6bc6ed42dd46e8b3fd9dbd15c22,0xfc882134df780f361e1528c45766fef812afe1be2920098a7c300203558efda6
282,6,0.04392,0x0771583970695b4e0a2be33bab00c543fd297abd,2017-10-08T11:32:59.000Z,0.00732,0x98dc09ff5a754cd308e217e98c78674db2aba950,sell,0x336f646f87d9f6bc6ed42dd46e8b3fd9dbd15c22,0xde715220c99bc570f56daace306effb6b21d34d01b8bdfcbf66c4d97b4acf3dd
283,54,0.39582,0x8ff74d8e18c7d1536215b4b1630e55b28905ce41,2017-10-08T11:32:54.000Z,0.00733,0x98dc09ff5a754cd308e217e98c78674db2aba950,sell,0x336f646f87d9f6bc6ed42dd46e8b3fd9dbd15c22,0x791571a4751db4369d1b3dbb1eae91efe7336fcbb73729c11025115bb5e9e26d
284,245,1.8375,0xa810ef5f7de6b8451000523cc26bb768f11195c2,2017-10-08T11:14:22.000Z,0.0075,0x98dc09ff5a754cd308e217e98c78674db2aba950,sell,0x336f646f87d9f6bc6ed42dd46e8b3fd9dbd15c22,0xc32a2b9e1623d9e46e071351f1a2d61b26d33653ec09778154896e6bae4d90c9
285,400,3.42,0xe438e2e54579089ce98c51bbfdbde3f01d8c4886,2017-10-08T11:07:54.000Z,0.00855,0x98dc09ff5a754cd308e217e98c78674db2aba950,sell,0x336f646f87d9f6bc6ed42dd46e8b3fd9dbd15c22,0x43b13677e2651e2e70f9fd5ef6c594debf387ecc53319a6d6d73994785fcb0da
286,10,0.0988,0xe438e2e54579089ce98c51bbfdbde3f01d8c4886,2017-10-08T11:07:29.000Z,0.00988,0xc6939e988f4481b549ea7059cfcc42aab1f45bdb,sell,0x336f646f87d9f6bc6ed42dd46e8b3fd9dbd15c22,0x103b415f3541bddfcc1a99a6b6b70dfc4e6314d1a5600601ce87095b71136db1
287,150,1.275,0x38fa5e0b2ffd558e8ee2e3743c994423b43cc305,2017-10-08T10:58:43.000Z,0.0085,0x98dc09ff5a754cd308e217e98c78674db2aba950,sell,0x336f646f87d9f6bc6ed42dd46e8b3fd9dbd15c22,0xb8489b4e57d3978628363d1faaec9762ecbe4f495a98f8d79757874e0d2e842f
288,49,0.48412,0xe438e2e54579089ce98c51bbfdbde3f01d8c4886,2017-10-08T10:08:37.000Z,0.00988,0x900cc5184583ec02757d5909aa5b83d6be8f7a19,sell,0x336f646f87d9f6bc6ed42dd46e8b3fd9dbd15c22,0xa14767f3d14871b8f5ced21f1e15ba8fa43748504c098fd9a08540236397b4ec
289,271.6,2.32218,0xe6b1aae4497d0bbd5251790fb11b78d8839d73eb,2017-10-08T07:53:36.000Z,0.00855,0xfd219a3073f5529e120286dbcc1217114dcdf6c8,buy,0x336f646f87d9f6bc6ed42dd46e8b3fd9dbd15c22,0x911e14ed72ca130ba9ee2011790c53d144d7371833bc1a16ea9994801fb27147
290,6.361157604408789,0.05438789751769515,0xedf38c384f204a4d7862283e531fabe5e203f26b,2017-10-08T05:21:03.000Z,0.00855,0xfd219a3073f5529e120286dbcc1217114dcdf6c8,buy,0x336f646f87d9f6bc6ed42dd46e8b3fd9dbd15c22,0x0fa341e4d6ac76ce0dc9d89e64c56f7c7177302d1e97e35ae949adc3dad40798
291,0.101,0.000999799,0xe985ac05f01f7fa12e3322003e88bde06e6fe042,2017-10-07T23:43:12.000Z,0.009899,0x938cd068ea9bf1d37b217f8aa696d154551a93e4,buy,0x336f646f87d9f6bc6ed42dd46e8b3fd9dbd15c22,0xb55f0777ca3a020ec851ed6e6534b673690744461fa6eedd67085f5bd49af3a1
292,23.163194098295286,0.16978621274050443,0x8ff74d8e18c7d1536215b4b1630e55b28905ce41,2017-10-07T18:45:04.000Z,0.00733,0xc3ede0d87cadac8ccf4728c46b0747c428bcec4e,sell,0x336f646f87d9f6bc6ed42dd46e8b3fd9dbd15c22,0x04d68519bb7883a280928658576c328243cfd80d1970842a0691ea8e06232deb
293,50,0.368,0xc6939e988f4481b549ea7059cfcc42aab1f45bdb,2017-10-07T18:34:42.000Z,0.00736,0xc3ede0d87cadac8ccf4728c46b0747c428bcec4e,sell,0x336f646f87d9f6bc6ed42dd46e8b3fd9dbd15c22,0x7b32d76327bff4c5cbb236d09980ec3868e49016cbfdda9229c0fd1c7e096f90
294,1892.6328382015752,13.872998704017546,0x8ff74d8e18c7d1536215b4b1630e55b28905ce41,2017-10-07T17:04:14.000Z,0.00733,0xa6611484565198f05b2819b689f685f08abc063c,sell,0x336f646f87d9f6bc6ed42dd46e8b3fd9dbd15c22,0x3b6da76160c002ebc07e35bee590889bfbdaf23eea6a334834be3ae75111643e
295,100,0.7500012,0x48f417e118b66ad3dd85f2afee4e2586af92b694,2017-10-07T17:03:14.000Z,0.007500012,0xa6611484565198f05b2819b689f685f08abc063c,sell,0x336f646f87d9f6bc6ed42dd46e8b3fd9dbd15c22,0x63742c48175a1e6182daadea01e479f559276814c7e0e4c5a2d49fc5f398919e
296,400,3.000008,0x56049e3c90180713e53cb9b3ba6d1bcd8d3196fe,2017-10-07T17:03:05.000Z,0.00750002,0xa6611484565198f05b2819b689f685f08abc063c,sell,0x336f646f87d9f6bc6ed42dd46e8b3fd9dbd15c22,0x1efaec79c579d2e357000f460f9408181632637001331f0db006e220cbb2fdde
297,1,0.00988,0xeeb12121316645ac76b40ac9d130de4b2f655f6e,2017-10-07T13:05:30.000Z,0.00988,0xf7cc5cccbd9eef2f4b2880547481f1618e6e019f,buy,0x336f646f87d9f6bc6ed42dd46e8b3fd9dbd15c22,0x82fce93122ae159f4c7a521873504d9d7916e9edeee1c52a9ac7b7e44639de14
298,314.860931113548,2.307930625062307,0x96346e347dea12ee5065faa3ad5855bc72dbcdd6,2017-10-07T08:23:47.000Z,0.00733,0x900cc5184583ec02757d5909aa5b83d6be8f7a19,sell,0x336f646f87d9f6bc6ed42dd46e8b3fd9dbd15c22,0xd270d31c4be118bab4499d42aee0d53f35a00ba732c5eb913df908ce9bc449fd
299,85.139068886452,0.6240693749376931,0x96346e347dea12ee5065faa3ad5855bc72dbcdd6,2017-10-07T08:00:44.000Z,0.00733,0x4006ac994f15608c57672335af43b470fb77f96f,sell,0x336f646f87d9f6bc6ed42dd46e8b3fd9dbd15c22,0x89d00f0915470e5a1038674c33d304c5fb2f43deb2526f29ff7047bf45e1a9a2
300,440,3.52,0x4115a16c445b1b6af4481338370370dfb6b1bfa3,2017-10-07T07:42:42.000Z,0.008,0x900cc5184583ec02757d5909aa5b83d6be8f7a19,sell,0x336f646f87d9f6bc6ed42dd46e8b3fd9dbd15c22,0x2937452f4be30fe48fcb3675b28fe550eae28c8098d329c95fb6fd8bcbd331c5
301,146.755,1.07277905,0x455027745754f5702196691c94714e53c2d95364,2017-10-07T05:31:00.000Z,0.00731,0x900cc5184583ec02757d5909aa5b83d6be8f7a19,sell,0x336f646f87d9f6bc6ed42dd46e8b3fd9dbd15c22,0x19a1ee5f45c55f0b41a6708596f3d5dbe37286f73aa693cdf7e4c5322f2db09c
302,378.592,3.028736,0x4115a16c445b1b6af4481338370370dfb6b1bfa3,2017-10-07T05:28:30.000Z,0.008,0x900cc5184583ec02757d5909aa5b83d6be8f7a19,sell,0x336f646f87d9f6bc6ed42dd46e8b3fd9dbd15c22,0x9e4766ce83eb7c8e78ea9a3dc12351059c587ff03c4ad8dfb4132acb8ce45dac
303,25.832200879029394,0.20665760703223515,0x4115a16c445b1b6af4481338370370dfb6b1bfa3,2017-10-07T04:36:04.000Z,0.008,0xa3f4dc137251906df8b4b5343f53331aa2347915,sell,0x336f646f87d9f6bc6ed42dd46e8b3fd9dbd15c22,0x3669ffcf789862c1de1fdcb98bafa1701583126cefdf6774f435ddb08279ae61
304,7,0.069286,0x85f118db56c9e1f53f3c2c34cb57042a00aefe5a,2017-10-07T04:26:43.000Z,0.009898,0x54409c45877a9877a724bdfc941dd5a16ac0f0c8,buy,0x336f646f87d9f6bc6ed42dd46e8b3fd9dbd15c22,0xdcd0ed80597141e9b80a5f3298942e1a5b11b638ddc099cda447a14fcecd1e36
305,134,0.9782,0x3061fca16bcc1dc07c7732a890f172b8e0d29b2b,2017-10-07T03:24:25.000Z,0.0073,0x900cc5184583ec02757d5909aa5b83d6be8f7a19,sell,0x336f646f87d9f6bc6ed42dd46e8b3fd9dbd15c22,0x6cdb0b2f267f04b53e95ff42a74d3fd2551a6e5763a42298aab44bef6e288221
306,350,2.6250042,0x48f417e118b66ad3dd85f2afee4e2586af92b694,2017-10-07T03:23:09.000Z,0.007500012,0x900cc5184583ec02757d5909aa5b83d6be8f7a19,sell,0x336f646f87d9f6bc6ed42dd46e8b3fd9dbd15c22,0xb730d19a529b9d0b9c6df4bc5a3714665a39fa70d3544e62b762463c22ab73f0
307,52,0.364,0x4006ac994f15608c57672335af43b470fb77f96f,2017-10-06T19:52:29.000Z,0.007,0x900cc5184583ec02757d5909aa5b83d6be8f7a19,sell,0x336f646f87d9f6bc6ed42dd46e8b3fd9dbd15c22,0x2c5c1abc4f14f95e9b9c1c56f766dc06a7b600bdf1504e42d288440b3835aa3e
308,110,0.803,0xa810ef5f7de6b8451000523cc26bb768f11195c2,2017-10-06T19:51:22.000Z,0.0073,0x900cc5184583ec02757d5909aa5b83d6be8f7a19,sell,0x336f646f87d9f6bc6ed42dd46e8b3fd9dbd15c22,0x96c40f29d5add0a22a4564d5cbc8198ec8194e89a57545c26bb0f6ac5746f7cc
309,550,4.026,0x6ab1ce4cef8cc657c824c5bb3a9edf9aea15aec4,2017-10-06T19:46:23.000Z,0.00732,0x900cc5184583ec02757d5909aa5b83d6be8f7a19,sell,0x336f646f87d9f6bc6ed42dd46e8b3fd9dbd15c22,0xad6bf1a1a45d22438080f43325e70bf6f57b66fc23d1ab7bdd47b850d4ac6620
310,181.539,1.32886548,0xb6341f07c56b338d28ab16031cda2661f8e3387d,2017-10-06T19:46:16.000Z,0.00732,0x900cc5184583ec02757d5909aa5b83d6be8f7a19,sell,0x336f646f87d9f6bc6ed42dd46e8b3fd9dbd15c22,0x540a9afb4b9d4af3e1b83d8afe7470db58d1b38b22c882d6f6297a08472d9833
311,8,0.05864,0x57d6a91b447544cd149f823d1ffc5a3a57372964,2017-10-06T19:45:56.000Z,0.00733,0x900cc5184583ec02757d5909aa5b83d6be8f7a19,sell,0x336f646f87d9f6bc6ed42dd46e8b3fd9dbd15c22,0x5ad9c900e0607732b516fd36f30ead8112d15bb793e2d94f51fe4a265a4eb51a
312,30,0.2202,0xc6939e988f4481b549ea7059cfcc42aab1f45bdb,2017-10-06T19:43:21.000Z,0.00734,0x900cc5184583ec02757d5909aa5b83d6be8f7a19,sell,0x336f646f87d9f6bc6ed42dd46e8b3fd9dbd15c22,0xebcaf2ff87e24af69b6835f6923ae3712dd48b1a523ab5cb17ed59c638e9c7c6
313,37.12470003746266,0.27249529827497593,0xc6939e988f4481b549ea7059cfcc42aab1f45bdb,2017-10-06T19:36:35.000Z,0.00734,0x900cc5184583ec02757d5909aa5b83d6be8f7a19,sell,0x336f646f87d9f6bc6ed42dd46e8b3fd9dbd15c22,0xc0cfc29c27bf4c337c76dc7b5ad6cf001fcba7fb0335a265b44578cfde4965d1
314,47.56756276372973,0.35199996445160003,0x8ff74d8e18c7d1536215b4b1630e55b28905ce41,2017-10-06T19:36:15.000Z,0.0074,0x900cc5184583ec02757d5909aa5b83d6be8f7a19,sell,0x336f646f87d9f6bc6ed42dd46e8b3fd9dbd15c22,0x8a752dc4560fe227b5457f9ea128ae863b87b3a68dd2921fe938d31581ab3daa
315,133,0.997501463,0xe934671fff524356f2dafbc370db2ed157be2501,2017-10-06T19:28:04.000Z,0.007500011,0x900cc5184583ec02757d5909aa5b83d6be8f7a19,sell,0x336f646f87d9f6bc6ed42dd46e8b3fd9dbd15c22,0xf2ee5b1fe79322e15840f30f8fe38ea2fd303881b30d0a22cad7cc748f66ec99
316,0.04969143556480245,0.000365728965756946,0x455027745754f5702196691c94714e53c2d95364,2017-10-06T10:26:00.000Z,0.007359999999999999,0xa857830c8c23405e3a4aec001300caa2822b0d56,sell,0x336f646f87d9f6bc6ed42dd46e8b3fd9dbd15c22,0xebc9b1d99380a58590e89b1e77ab509e713cb61ae0dba15b390a8b842e91ec96
317,0.006,0.00004392,0xb6341f07c56b338d28ab16031cda2661f8e3387d,2017-10-06T10:15:49.000Z,0.00732,0x5a1500cb265a6216501e807e370dd8d7e3a9f515,sell,0x336f646f87d9f6bc6ed42dd46e8b3fd9dbd15c22,0xf389e4d789f335773aee0a7da52b97eb2c38cfefb807f9d381d3a5ef2b0fa708
318,498.45479015053337,3.6486890639019043,0xb6341f07c56b338d28ab16031cda2661f8e3387d,2017-10-06T10:03:26.000Z,0.00732,0xa857830c8c23405e3a4aec001300caa2822b0d56,sell,0x336f646f87d9f6bc6ed42dd46e8b3fd9dbd15c22,0xa2c4658f4592514b4321348d0a77fffba156bce39483cb50051ad71e4b4d2687
319,62.87529996253734,0.46150470172502406,0xc6939e988f4481b549ea7059cfcc42aab1f45bdb,2017-10-06T09:26:07.000Z,0.00734,0x5a1500cb265a6216501e807e370dd8d7e3a9f515,sell,0x336f646f87d9f6bc6ed42dd46e8b3fd9dbd15c22,0xaf1f1923f7529c7a2f50fb80dd19bcb171dcc874ee48225e366616c6681c8bfe
320,367.3,2.699655,0x56049e3c90180713e53cb9b3ba6d1bcd8d3196fe,2017-10-06T09:09:48.000Z,0.00735,0x5a1500cb265a6216501e807e370dd8d7e3a9f515,sell,0x336f646f87d9f6bc6ed42dd46e8b3fd9dbd15c22,0x40e060a9adda999a3df3bc52901f516d9f3e9a89d82be0e457893b72ffa15613
321,520,3.822,0x57d6a91b447544cd149f823d1ffc5a3a57372964,2017-10-06T09:09:31.000Z,0.00735,0x5a1500cb265a6216501e807e370dd8d7e3a9f515,sell,0x336f646f87d9f6bc6ed42dd46e8b3fd9dbd15c22,0x9d8ed526c3f41d91a825f4be68956543470e4b4e359674932f0f1540d463dcfe
322,33,0.2442,0x46fa8409279a67df07dc39dd8ca510f161f73bb1,2017-10-06T09:07:48.000Z,0.0074,0x5a1500cb265a6216501e807e370dd8d7e3a9f515,sell,0x336f646f87d9f6bc6ed42dd46e8b3fd9dbd15c22,0x340e509e39a1adf3c659e2a6b9fb6db5b9d32ae1e8a442991837c43b987264fa
323,110,0.968,0x5ff699f1dbd4d0c0ebac4a29a033753086fb5266,2017-10-06T09:03:36.000Z,0.0088,0x5a1500cb265a6216501e807e370dd8d7e3a9f515,sell,0x336f646f87d9f6bc6ed42dd46e8b3fd9dbd15c22,0xe57ff264fc772ace2af475f1b4cc332ccf828b2c09fc7b6d61dc2d598271e5b0
324,119,1.06505,0x57d6a91b447544cd149f823d1ffc5a3a57372964,2017-10-06T07:56:22.000Z,0.00895,0x450573f9ec383956e44d7a62b363107594d76c70,buy,0x336f646f87d9f6bc6ed42dd46e8b3fd9dbd15c22,0x0e946b7408598eec561a6ab40954b6c1db121f3835eb5c2f2f441a26c5052b7a
325,119,1.06505,0x5ff699f1dbd4d0c0ebac4a29a033753086fb5266,2017-10-06T07:54:18.000Z,0.00895,0x5a1500cb265a6216501e807e370dd8d7e3a9f515,sell,0x336f646f87d9f6bc6ed42dd46e8b3fd9dbd15c22,0x6a540a008145b6ef803ca3a3db3ad515dd32ee8e9164bac245128694d5c85a5e
326,330,2.9667,0x5ff699f1dbd4d0c0ebac4a29a033753086fb5266,2017-10-06T07:36:00.000Z,0.00899,0x450573f9ec383956e44d7a62b363107594d76c70,sell,0x336f646f87d9f6bc6ed42dd46e8b3fd9dbd15c22,0xacd87819d8aca4e7878d507beefd0f132860a4466b16168913e4e02b79249224
327,1.0876283521084638,0.00795056325391287,0xf29c9d825e01cb9f12f07e98fc65f06b050eaeb5,2017-10-05T23:44:02.000Z,0.00731,0x317a7d3ead471c13b6d569aa37e38246e939ae55,sell,0x336f646f87d9f6bc6ed42dd46e8b3fd9dbd15c22,0x07cbd75ef76a263bbb0d5baa2f198a6113bda9974e3328bf3f79ba04e17e61ed
328,0.043859649122807015,0.0005,0x350f6f675b20d606bb7f6c412ef4775c9bc57168,2017-10-05T21:30:36.000Z,0.0114,0xa3f4dc137251906df8b4b5343f53331aa2347915,buy,0x336f646f87d9f6bc6ed42dd46e8b3fd9dbd15c22,0x72c0ef3a821c592c26d265db5b4e42e8846daaff8470e1030c0db279f6a5d7a1
329,0.043859649122807015,0.0005,0x3bfdec5343e950ce45522eef9948c977631b4000,2017-10-05T21:28:57.000Z,0.0114,0xa3f4dc137251906df8b4b5343f53331aa2347915,buy,0x336f646f87d9f6bc6ed42dd46e8b3fd9dbd15c22,0x0515aab901617837b993fd2dbc1c1706d63a387d558b99a9cae74ed941400694
330,1.248,0.008986848,0xb6341f07c56b338d28ab16031cda2661f8e3387d,2017-10-05T15:21:21.000Z,0.007201,0x3061fca16bcc1dc07c7732a890f172b8e0d29b2b,sell,0x336f646f87d9f6bc6ed42dd46e8b3fd9dbd15c22,0xc5ecb69d342986c5bb822b37d71a47479ec5acdb26bfefb11d296d2dc359334f
331,221.7818866075788,1.9938191606021334,0x97629b5a5cb40a3d9fff1dde2415340226dfa798,2017-10-05T15:04:56.000Z,0.00899,0x5a1500cb265a6216501e807e370dd8d7e3a9f515,buy,0x336f646f87d9f6bc6ed42dd46e8b3fd9dbd15c22,0x442c498a30f3c99174cac2f29c3014b7017f9d1ef5bc043581d91f5937f4fade
332,1,0.00899,0x85f118db56c9e1f53f3c2c34cb57042a00aefe5a,2017-10-05T14:06:57.000Z,0.00899,0x5a1500cb265a6216501e807e370dd8d7e3a9f515,buy,0x336f646f87d9f6bc6ed42dd46e8b3fd9dbd15c22,0xe922b03d875c76ed4b70da170541883d4d5f50913409911765b70492e40df51b
333,1,0.00899,0xbf52f67f8524587d6a7ab1f1f8d092c635b9587f,2017-10-05T13:03:29.000Z,0.00899,0x5a1500cb265a6216501e807e370dd8d7e3a9f515,buy,0x336f646f87d9f6bc6ed42dd46e8b3fd9dbd15c22,0x22d4d3b664df58c0b5ee0531d0d39e7bb12c4aab2dda97e7231dc30d7a2b5e64
334,33.403,0.233821,0x4006ac994f15608c57672335af43b470fb77f96f,2017-10-05T09:50:33.000Z,0.007,0x900cc5184583ec02757d5909aa5b83d6be8f7a19,buy,0x336f646f87d9f6bc6ed42dd46e8b3fd9dbd15c22,0xf0dcdf32b9a8555e32c51e9d84a63112ad9321af42c9ddf6100ecc4613943afb
335,50,0.35,0x54409c45877a9877a724bdfc941dd5a16ac0f0c8,2017-10-05T09:41:55.000Z,0.007,0x900cc5184583ec02757d5909aa5b83d6be8f7a19,buy,0x336f646f87d9f6bc6ed42dd46e8b3fd9dbd15c22,0xc033aec0214d2fdc7953dd670ffa6e614260d80fed1eca41e83bb3c544e64b71
336,5.429,0.038003,0xe28d0321258a51e55f11c0619ecd9ac400e26bde,2017-10-05T09:25:42.000Z,0.007,0x900cc5184583ec02757d5909aa5b83d6be8f7a19,buy,0x336f646f87d9f6bc6ed42dd46e8b3fd9dbd15c22,0xf55a10167339949781a415f51e4616eaf285eeda329799ce0bb32d81fcc915ea
337,20.595912416300617,0.1441713869141043,0xe28d0321258a51e55f11c0619ecd9ac400e26bde,2017-10-05T09:14:37.000Z,0.007,0x900cc5184583ec02757d5909aa5b83d6be8f7a19,buy,0x336f646f87d9f6bc6ed42dd46e8b3fd9dbd15c22,0x7c1fbbe35323d424918560d084b272d0b9016d6a1669ee69abc4b78252429c24
338,400,2.8,0xe28d0321258a51e55f11c0619ecd9ac400e26bde,2017-10-05T09:11:04.000Z,0.007,0x900cc5184583ec02757d5909aa5b83d6be8f7a19,buy,0x336f646f87d9f6bc6ed42dd46e8b3fd9dbd15c22,0x703c8a86f7d6c5d2b1c8f557efe736ef6b01962e0da0dc8158ef7bef220326d4
339,100,0.7,0xb580b2ea85853254ffb54e062209a3b453f11aaa,2017-10-05T09:04:00.000Z,0.007,0x5a1500cb265a6216501e807e370dd8d7e3a9f515,sell,0x336f646f87d9f6bc6ed42dd46e8b3fd9dbd15c22,0x3dd7e03a025acc6d9c879f38ac13abf0462c84f0c2e52495794572a25b73a64e
340,775,5.43275,0x1ce2ac601747e7d7cad70e0febea2c8a06dba5bc,2017-10-05T09:02:57.000Z,0.00701,0x900cc5184583ec02757d5909aa5b83d6be8f7a19,sell,0x336f646f87d9f6bc6ed42dd46e8b3fd9dbd15c22,0x8597f191ee279e96bf46a1965d6228e98a6bc0ed91d0fa448a07ececf0738240
341,437.800861621359,3.0783748684475047,0x4e26280e6f3f83bfa70c533edb063e8d11d7bfcd,2017-10-05T09:00:25.000Z,0.00703145,0x900cc5184583ec02757d5909aa5b83d6be8f7a19,sell,0x336f646f87d9f6bc6ed42dd46e8b3fd9dbd15c22,0x70c9deae058380093eb6aaefc8fa5175ff686e774344fb20468e961f8d986da0
342,199.04880910449663,1.3996037392659038,0xfd219a3073f5529e120286dbcc1217114dcdf6c8,2017-10-05T08:47:40.000Z,0.00703146,0x900cc5184583ec02757d5909aa5b83d6be8f7a19,sell,0x336f646f87d9f6bc6ed42dd46e8b3fd9dbd15c22,0xdf949b628eff7164300d55fd2c047b511a1d8d21ddf09f6491e219f1ba323044
343,37.1147,0.2598029,0xdd5ed75a9175b77685cfd27124f86b3a6c053660,2017-10-05T08:46:44.000Z,0.007,0x900cc5184583ec02757d5909aa5b83d6be8f7a19,buy,0x336f646f87d9f6bc6ed42dd46e8b3fd9dbd15c22,0x87650278e05f5bef988d6c81c1e8e8d110c025a33c13fc247f07fd38d2e0fcb5
344,37,0.266400037,0x54409c45877a9877a724bdfc941dd5a16ac0f0c8,2017-10-05T08:46:44.000Z,0.007200001,0xdd5ed75a9175b77685cfd27124f86b3a6c053660,sell,0x336f646f87d9f6bc6ed42dd46e8b3fd9dbd15c22,0x87650278e05f5bef988d6c81c1e8e8d110c025a33c13fc247f07fd38d2e0fcb5
345,120.372,0.842604,0xdd5ed75a9175b77685cfd27124f86b3a6c053660,2017-10-05T08:42:39.000Z,0.007,0x900cc5184583ec02757d5909aa5b83d6be8f7a19,buy,0x336f646f87d9f6bc6ed42dd46e8b3fd9dbd15c22,0xbbcdd75f0ed7560934b00f1c911557f71a9c8ff0e4d5483313144499d11f2ced
346,120,0.8640012,0xb7fc1e40f108c6c4d794e59a201425e4be414ca4,2017-10-05T08:42:39.000Z,0.00720001,0xdd5ed75a9175b77685cfd27124f86b3a6c053660,sell,0x336f646f87d9f6bc6ed42dd46e8b3fd9dbd15c22,0xbbcdd75f0ed7560934b00f1c911557f71a9c8ff0e4d5483313144499d11f2ced
347,416,2.912,0x273a5d3e6721b9f5c1a6474f560c1334c63dda01,2017-10-05T08:40:06.000Z,0.007,0x900cc5184583ec02757d5909aa5b83d6be8f7a19,buy,0x336f646f87d9f6bc6ed42dd46e8b3fd9dbd15c22,0x51590fadf35e06b1ca5824b66cbfd5b778801989118b462db4ebfafa73ea3bc2
348,414.752,2.986629152,0xb6341f07c56b338d28ab16031cda2661f8e3387d,2017-10-05T08:40:06.000Z,0.007201,0x273a5d3e6721b9f5c1a6474f560c1334c63dda01,sell,0x336f646f87d9f6bc6ed42dd46e8b3fd9dbd15c22,0x51590fadf35e06b1ca5824b66cbfd5b778801989118b462db4ebfafa73ea3bc2
349,23,0.165600023,0x54409c45877a9877a724bdfc941dd5a16ac0f0c8,2017-10-05T07:44:36.000Z,0.007200001,0xfacc8a005fd673fbca9f3c91f1a4784ce92452d9,sell,0x336f646f87d9f6bc6ed42dd46e8b3fd9dbd15c22,0x9b695e2832600fc886a76bba2db9c4b542cc563c097aa012b5288339d1778301
350,131,0.9956,0x3061fca16bcc1dc07c7732a890f172b8e0d29b2b,2017-10-05T07:24:02.000Z,0.0076,0xfacc8a005fd673fbca9f3c91f1a4784ce92452d9,sell,0x336f646f87d9f6bc6ed42dd46e8b3fd9dbd15c22,0x911624855f76db8683bfe3e536bb832a4b61bdd436849cfb7529c8e57254e5d5
351,14.758648190609112,0.11821677200677899,0xb6341f07c56b338d28ab16031cda2661f8e3387d,2017-10-05T07:23:20.000Z,0.00801,0xfacc8a005fd673fbca9f3c91f1a4784ce92452d9,sell,0x336f646f87d9f6bc6ed42dd46e8b3fd9dbd15c22,0x21f0580af4441d2ff2ce377ffb376e13619876679894872be4957bc1805dd065
352,0.1,0.0009899,0xaec7fad17c8adb73e36f3d1ec7d3f56a65413549,2017-10-05T06:47:50.000Z,0.009899,0x938cd068ea9bf1d37b217f8aa696d154551a93e4,buy,0x336f646f87d9f6bc6ed42dd46e8b3fd9dbd15c22,0x120965c1888198888293328aad097de80b4e7bafdb3e7c8a72b2712a574704c7
353,0.1,0.00099,0xc73604d0514ac01e63513d07601e7e98f2f117b4,2017-10-04T17:05:15.000Z,0.0099,0x5a1500cb265a6216501e807e370dd8d7e3a9f515,buy,0x336f646f87d9f6bc6ed42dd46e8b3fd9dbd15c22,0xf8a62467bf97dd3d994bd3b9a25ed70559ebc284a752a465dfdb3af0c1db45fa
354,78.95119089550337,0.5551421407340962,0xfd219a3073f5529e120286dbcc1217114dcdf6c8,2017-10-04T13:48:06.000Z,0.00703146,0xc037236d8177ee88444252b760a0b30f52b01e47,sell,0x336f646f87d9f6bc6ed42dd46e8b3fd9dbd15c22,0xb6ccf46cdb4ef239190b2771e7dc5f75cb7dabd2901a3f42c5317ded0512dc18
355,170,1.207,0xfacc8a005fd673fbca9f3c91f1a4784ce92452d9,2017-10-04T13:46:39.000Z,0.0071,0xc037236d8177ee88444252b760a0b30f52b01e47,sell,0x336f646f87d9f6bc6ed42dd46e8b3fd9dbd15c22,0xb00c514cde9d076f0bf24c420a72331a6e29a0fdb92edf8ed51c612ed54bea77
356,50.154520984946664,0.40123616787957334,0x6a7ee4c5bf66fbddc0e210b471de2b77139f6343,2017-10-04T13:45:47.000Z,0.008,0xc037236d8177ee88444252b760a0b30f52b01e47,sell,0x336f646f87d9f6bc6ed42dd46e8b3fd9dbd15c22,0xf4bff9306bed6b8d57466abd166f63fd1b70951c15d21d83f9e174d831e64ed0
357,109.24135180939089,0.875023227993221,0xb6341f07c56b338d28ab16031cda2661f8e3387d,2017-10-04T13:27:14.000Z,0.00801,0xc037236d8177ee88444252b760a0b30f52b01e47,sell,0x336f646f87d9f6bc6ed42dd46e8b3fd9dbd15c22,0x5568184b26641a5442bcb0265f3ec7fc85fdcba5024a7a478fc06c3105b44cbd
358,140,0.9856,0x7af82a2f5f1611068034d133962b26b4ac7f902a,2017-10-04T13:05:54.000Z,0.00704,0xc037236d8177ee88444252b760a0b30f52b01e47,sell,0x336f646f87d9f6bc6ed42dd46e8b3fd9dbd15c22,0xa3a9a1129880dc5a61023feb41e5fbe798a4a51c8c38e4be52e06acc96977ac0
359,198.454,2.182994,0xcfd76e691111c11487a9e7393005e593a77af13c,2017-10-04T09:13:34.000Z,0.011,0x05eb782aae62977d6c8d2e34c44127f900fafa30,buy,0x336f646f87d9f6bc6ed42dd46e8b3fd9dbd15c22,0xd808fbbc6cbaf5b65a1d280f55562e681d8256d4777e758e3b0247bb57cc9005
360,29,0.2755,0xcfd76e691111c11487a9e7393005e593a77af13c,2017-10-04T08:41:29.000Z,0.0095,0x502a250a6e6184940aa1948a0c4238be7c42051e,buy,0x336f646f87d9f6bc6ed42dd46e8b3fd9dbd15c22,0x24627cbb436a5def6e515198b051037b98b03f5673dbb0f3ba3ed36073c73399
361,1,0.007,0x54409c45877a9877a724bdfc941dd5a16ac0f0c8,2017-10-04T07:51:35.000Z,0.007,0x900cc5184583ec02757d5909aa5b83d6be8f7a19,buy,0x336f646f87d9f6bc6ed42dd46e8b3fd9dbd15c22,0xe4c84d2cd1047d992dcb4bee16150823fd942e00fed248416650228783e31123
362,99.70001419485548,0.6998940996478855,0x230f3933f2ea274218e40fd043b4cac0388ae29d,2017-10-03T14:20:34.000Z,0.00702,0xe8665161822b559c0901cb4c1f44f9c116390b2d,sell,0x336f646f87d9f6bc6ed42dd46e8b3fd9dbd15c22,0x6dbd25e9dce2446d7cce4f2a3f74bb072a91115f06d6b3009add535720341896
363,222,1.66500222,0x54409c45877a9877a724bdfc941dd5a16ac0f0c8,2017-10-03T14:18:32.000Z,0.00750001,0xe8665161822b559c0901cb4c1f44f9c116390b2d,sell,0x336f646f87d9f6bc6ed42dd46e8b3fd9dbd15c22,0xf2062724552a55c2c2dad2ebb26cc0393bbe23241025240de3aa98725259b68f
364,60,0.48000012,0xb7fc1e40f108c6c4d794e59a201425e4be414ca4,2017-10-03T14:16:28.000Z,0.008000002,0xe8665161822b559c0901cb4c1f44f9c116390b2d,sell,0x336f646f87d9f6bc6ed42dd46e8b3fd9dbd15c22,0xb51eeaad290f9dde5ee27b6bec7a604897b557e0e0cd16ae15222e414d7c94e7
365,50,0.40000015,0x54409c45877a9877a724bdfc941dd5a16ac0f0c8,2017-10-03T14:14:32.000Z,0.008000003,0xe8665161822b559c0901cb4c1f44f9c116390b2d,sell,0x336f646f87d9f6bc6ed42dd46e8b3fd9dbd15c22,0xc2e80eeaaea87d9e96b267a21db984cf14635b7fb1f6f3e131cbb87e9e116d96
366,65.802,0.526416065802,0x54409c45877a9877a724bdfc941dd5a16ac0f0c8,2017-10-03T14:14:32.000Z,0.008000001,0x273a5d3e6721b9f5c1a6474f560c1334c63dda01,sell,0x336f646f87d9f6bc6ed42dd46e8b3fd9dbd15c22,0x6b5ccb12d1fc001525ad39b017f1ab0e3f922d6d9bb5971fb6c9fadd7e608447
367,66,0.495,0x273a5d3e6721b9f5c1a6474f560c1334c63dda01,2017-10-03T14:14:32.000Z,0.0075,0xe8665161822b559c0901cb4c1f44f9c116390b2d,buy,0x336f646f87d9f6bc6ed42dd46e8b3fd9dbd15c22,0x6b5ccb12d1fc001525ad39b017f1ab0e3f922d6d9bb5971fb6c9fadd7e608447
368,49.845479015053336,0.39876383212042665,0x6a7ee4c5bf66fbddc0e210b471de2b77139f6343,2017-10-03T03:00:00.000Z,0.008,0xdb9aab3a83d17997ecf9c67e36bb0d91c613d8a1,sell,0x336f646f87d9f6bc6ed42dd46e8b3fd9dbd15c22,0x3dc02b72eda068d4851978806ef32f83f0cd3b9d0623116238b44586873f5fc2
369,0.43650050211704894,0.003492004016936391,0xdebdb242addc4d32a0db23192b755bd7a34a87f6,2017-10-03T00:00:26.000Z,0.007999999999999998,0xd7d20fdfb8bf654cf4d65572b20bb249c7e923fd,sell,0x336f646f87d9f6bc6ed42dd46e8b3fd9dbd15c22,0xe43709e13756ae4bd1e6a3616dea3564d4188d3664ada2e3ed27b1180e9f0b05
370,8.536536736118034,0.07682883062506231,0xe438e2e54579089ce98c51bbfdbde3f01d8c4886,2017-10-02T23:46:30.000Z,0.009,0xd7d20fdfb8bf654cf4d65572b20bb249c7e923fd,sell,0x336f646f87d9f6bc6ed42dd46e8b3fd9dbd15c22,0xee4adbd51a9229f1040f17e9f412e904f9f9659ab025be2eddd0b1f28fe4cf85
371,1,0.0095,0x0249924245a19aa2d7f5ddb0739a7132b7d094ab,2017-10-02T20:24:14.000Z,0.0095,0x502a250a6e6184940aa1948a0c4238be7c42051e,buy,0x336f646f87d9f6bc6ed42dd46e8b3fd9dbd15c22,0x20e6794fce1ce1559f2fb562cca5b7c007c42594e92ede124826efc370f3326f
372,51.46346326388196,0.4631711693749377,0xe438e2e54579089ce98c51bbfdbde3f01d8c4886,2017-10-02T15:05:56.000Z,0.009,0x455027745754f5702196691c94714e53c2d95364,sell,0x336f646f87d9f6bc6ed42dd46e8b3fd9dbd15c22,0xeaffda821add311dc0d3c274a8dfd556ca93fea4f0f81b24c115cfda7271b952
373,30,0.27,0xdebdb242addc4d32a0db23192b755bd7a34a87f6,2017-10-02T06:22:09.000Z,0.009,0x2919ef208f4cf37ba9ebed3988aa87129ff85541,buy,0x336f646f87d9f6bc6ed42dd46e8b3fd9dbd15c22,0x691c494b54e2c5c0de147e64fc9b9895f98d3867f8ef83d6b82e2e007d3d9082
374,28.359722303874747,0.253819514619679,0xdebdb242addc4d32a0db23192b755bd7a34a87f6,2017-10-02T06:19:13.000Z,0.00895,0x502a250a6e6184940aa1948a0c4238be7c42051e,buy,0x336f646f87d9f6bc6ed42dd46e8b3fd9dbd15c22,0xe6d241228a6e64186f009580d4b81c1834b61d4ea5f435dc736d92d3b245f564
375,50.8423885953544,0.381317914465158,0xdebdb242addc4d32a0db23192b755bd7a34a87f6,2017-10-02T05:40:05.000Z,0.0075,0xe8665161822b559c0901cb4c1f44f9c116390b2d,sell,0x336f646f87d9f6bc6ed42dd46e8b3fd9dbd15c22,0x2a9fe1f9dbaa7a72784751e60d67f808d9c50b0ef0ed5c4bde59b31d0713f7ec
376,11.173,0.09999835,0x455027745754f5702196691c94714e53c2d95364,2017-10-02T05:14:03.000Z,0.00895,0x502a250a6e6184940aa1948a0c4238be7c42051e,buy,0x336f646f87d9f6bc6ed42dd46e8b3fd9dbd15c22,0xf6cb855ecabe748137eb3e6fdaca62caa00009530c9aa73787ef72b1f0019ec0
377,30,0.267,0x455027745754f5702196691c94714e53c2d95364,2017-10-02T05:12:43.000Z,0.0089,0x2919ef208f4cf37ba9ebed3988aa87129ff85541,buy,0x336f646f87d9f6bc6ed42dd46e8b3fd9dbd15c22,0xac60429db3f5be71a92f84ace38d491e04a70bdd9c63e562a475e44023380b39
378,10.45,0.088825,0x455027745754f5702196691c94714e53c2d95364,2017-10-02T05:06:34.000Z,0.0085,0xc9087108b890f9aee9c5b878c6f062a2b0c730f3,buy,0x336f646f87d9f6bc6ed42dd46e8b3fd9dbd15c22,0x9449a1a0c4d10ded96768860a68c1e3d5eb905b60391d67fd09337457841d473
379,317,2.81813,0x89ad39032b50a3d8fdb2265b8cb1fc918c4b208d,2017-10-02T04:19:40.000Z,0.00889,0x6cdea8e07bf82d7a07dbf36642d6e5be8623845c,buy,0x336f646f87d9f6bc6ed42dd46e8b3fd9dbd15c22,0x16936cd498aa73e8df7ff9c0ec0e42d51499797e8d9439aad188e8fd1aa631df
380,0.15251,0.001342072749,0xe868f5a728cbb863a9ad2388d0c700485fe60b64,2017-10-01T14:54:52.000Z,0.0087999,0x23ab4ca46849ec6314b1d75d10961bddcc661439,buy,0x336f646f87d9f6bc6ed42dd46e8b3fd9dbd15c22,0x1e2158dc4bc9ceda5062a1d6fe4ceba85e7d23aaf2a32a56b80dff81ed3a6496
