,amount,amountBase,buyer,date,price,seller,side,tokenAddr,txHash
0,1026.9832609,0.5792185591476,0xfbf7dc0756a9768d0c71aea5f8421f3b1eaee7d1,2017-11-02T12:29:30.000Z,0.000564,0xc8635b42d9c97c3289f76281558c952e15305479,sell,0x29d75277ac7f0335b2165d0895e8725cbf658d73,0x70ca5cde3e9717940cfcae5543c2319ac09e08d7d3c257085c70750db008faf0
1,1000,0.7,0xb3ba4347ddfde5756acbc82383032e5fa5385051,2017-11-02T12:17:09.000Z,0.0007,0xc8635b42d9c97c3289f76281558c952e15305479,buy,0x29d75277ac7f0335b2165d0895e8725cbf658d73,0x4762569c2de228b294d1928183f14e3efecb35967dc499506205c01830a51aba
2,4025.13354331,2.2701793435603834,0x527d9e2a832367b50e55eb820be45f16b8cc0bf8,2017-11-02T12:08:50.000Z,0.000564001,0x50e76e8a192cf9d427d4391e436a0689ca9bd0c5,sell,0x29d75277ac7f0335b2165d0895e8725cbf658d73,0x8d64a2904b83ecdc62cb0327fadf3d9181f0f21ffb6448ffc6344e4be42590fa
3,79.75276642,0.04498064001364642,0x527d9e2a832367b50e55eb820be45f16b8cc0bf8,2017-11-02T12:08:27.000Z,0.000564001,0xfba86c955302919af639d8e64a01200e8f826197,sell,0x29d75277ac7f0335b2165d0895e8725cbf658d73,0xfbf9cd54e18930a023be234270dbbdb2b8482db6bb6116d15a519f907e595736
4,0.69637883,0.0005,0x3075f7f189912f4f425dd7021b9c396434197477,2017-11-02T09:10:37.000Z,0.00071800000008616,0xf9a51086b5ed37c64187d70baf5c45ffeadf573b,buy,0x29d75277ac7f0335b2165d0895e8725cbf658d73,0xf34c3936531f65e333064178d1864e2bc9b66222f9eabbab7098c32f2ff6861c
5,0.69444444,0.0005,0x4fda9e6bcd83af6c5cc771b5d20accc2b7720074,2017-11-02T09:02:45.000Z,0.000720000004608,0x06811a2b589d9a80d20925ab683a32ef796b4648,buy,0x29d75277ac7f0335b2165d0895e8725cbf658d73,0x4063c5fab87714a837e4ef033ccac1d796330370d3276224f4761755221d9e52
6,80,0.0456,0xfba86c955302919af639d8e64a01200e8f826197,2017-11-02T07:48:46.000Z,0.00057,0xfc73413d8dcc28d271cde376835edf6690fa91a8,sell,0x29d75277ac7f0335b2165d0895e8725cbf658d73,0x0d0d2e6619defb0362f6c42278381f8de90bbc120ac009d375b032b497f32742
7,47,0.026320235,0xf9a51086b5ed37c64187d70baf5c45ffeadf573b,2017-11-02T03:28:10.000Z,0.000560005,0xc587f51cf78211dc71cd5039835baa608d064831,sell,0x29d75277ac7f0335b2165d0895e8725cbf658d73,0x884e11749f20d9a393e48fd3130c72c12ebf71ef00d7bbaa8c27cd1c36acf42a
8,1000,0.63,0x9778550d76b07ac9f5e57392f68ecdf6efc1774e,2017-11-02T01:20:14.000Z,0.00063,0xe50d13686a3b2be95b812fba549590d18bc728e6,buy,0x29d75277ac7f0335b2165d0895e8725cbf658d73,0x513085ce40e08c1920017eb372354470887fc149e09b9f7a9540bee694fbba2a
9,2500,1.5725,0x9778550d76b07ac9f5e57392f68ecdf6efc1774e,2017-11-02T01:20:14.000Z,0.000629,0xfbf7dc0756a9768d0c71aea5f8421f3b1eaee7d1,buy,0x29d75277ac7f0335b2165d0895e8725cbf658d73,0xcdb2615bd0394ee3064f68103f7d94b1857e40f5be8bda02713c26477926eb3d
10,995.90650898,0.557708640935309,0x2e26035b04213530deeea6a3874d0f4143bce939,2017-11-01T20:46:07.000Z,0.000560001,0xe586e8534d235dad3d46685daf7c1815f0962944,sell,0x29d75277ac7f0335b2165d0895e8725cbf658d73,0x12477c73c09f27a79c7ed125e24fbf28b5d19deabae8f1ee4844e7c7238d6c7b
11,1000,0.57,0x06811a2b589d9a80d20925ab683a32ef796b4648,2017-11-01T20:43:34.000Z,0.00057,0xe586e8534d235dad3d46685daf7c1815f0962944,sell,0x29d75277ac7f0335b2165d0895e8725cbf658d73,0x45480707946142ea7dee4736ebba8d6eda10bcc0b7f616e19bdca3019f84dae3
12,0.0005,0.1,0x27a055ac0be1f8104cecb50f39d464e89c944300,2017-11-01T14:10:53.000Z,200,0x273a5d3e6721b9f5c1a6474f560c1334c63dda01,sell,0x29d75277ac7f0335b2165d0895e8725cbf658d73,0x26aafb8cb7ed46857f3cbd666ce125d08bb0d31382fc4dbe4c865b86eece1a0f
13,100,0.06,0xdc8e809056056ad4cf9fb81ea6c769da121bbd85,2017-11-01T13:57:31.000Z,0.0006,0x3dee4a4e076e8d82859d241db0baf46f112cfa23,sell,0x29d75277ac7f0335b2165d0895e8725cbf658d73,0x979aebebeee5f50af06508361201f5b1e2f954e497e69f5cf0873a5a544e61de
14,1229.2483735,0.6207704286175,0xb787711b90c7a1be361204ce79ecdaf06c0157d7,2017-11-01T13:52:14.000Z,0.000505,0xb00548770ea87482f024cd4292a975fea72e8f01,sell,0x29d75277ac7f0335b2165d0895e8725cbf658d73,0x26b79222eac1cd7ccbe146ee92a83541bcddf247b805561ed93eaa3b0702f214
15,1000,0.506002,0xaa86242ef178c19e73617daf9bbee5009fb88cfd,2017-11-01T13:51:14.000Z,0.000506002,0xb00548770ea87482f024cd4292a975fea72e8f01,sell,0x29d75277ac7f0335b2165d0895e8725cbf658d73,0x529bc263ec8a28a7e0c952208bb5277144523b6f5cfc430053f05cacc6fe1e29
16,2500,1.375025,0x3dee4a4e076e8d82859d241db0baf46f112cfa23,2017-11-01T13:49:53.000Z,0.00055001,0xb00548770ea87482f024cd4292a975fea72e8f01,sell,0x29d75277ac7f0335b2165d0895e8725cbf658d73,0x3a5b112059b995e528b6a444409a48dfe85f9a6a185cdf49dc7e25d967f7d5b6
17,200,0.12,0x0c5719fba3a34b524ae668cb51c5e2ce0e1ead14,2017-11-01T13:49:53.000Z,0.0006,0xb00548770ea87482f024cd4292a975fea72e8f01,sell,0x29d75277ac7f0335b2165d0895e8725cbf658d73,0x675e0255ba6edff9656c685582d772775032d7b2f5eded5caa1ebd37aa37ffe7
18,791.594,0.486434513,0x6aa3aa8eb106c484ba2bc3f48c82acb4844ad953,2017-11-01T13:49:53.000Z,0.0006145,0xb00548770ea87482f024cd4292a975fea72e8f01,sell,0x29d75277ac7f0335b2165d0895e8725cbf658d73,0x1dcb39d8243c8a73f3682e9b67e511261be040299bc6622d648679ae26ee440f
19,10000,6,0xf9a51086b5ed37c64187d70baf5c45ffeadf573b,2017-11-01T13:49:49.000Z,0.0006,0xb00548770ea87482f024cd4292a975fea72e8f01,sell,0x29d75277ac7f0335b2165d0895e8725cbf658d73,0x0c7a166dad8ff6e630ccb6aeb80f5744f7dd10093d335f50fd461eabbf536993
20,10000,6.2,0xf9a51086b5ed37c64187d70baf5c45ffeadf573b,2017-11-01T13:49:28.000Z,0.00062,0xb00548770ea87482f024cd4292a975fea72e8f01,sell,0x29d75277ac7f0335b2165d0895e8725cbf658d73,0x37ab30bc669e7530bf5b7c428b521e27bdd9d71a99bf171b7e104c8fc23526cc
21,1755.225837,1.089997000002837,0x2e26035b04213530deeea6a3874d0f4143bce939,2017-11-01T13:49:08.000Z,0.000621001,0xb00548770ea87482f024cd4292a975fea72e8f01,sell,0x29d75277ac7f0335b2165d0895e8725cbf658d73,0x96025d1388825cd6e721edea842f6b0f633cb6434320d6f3be79c67b7fd3bd36
22,2500,1.5525,0xfbf7dc0756a9768d0c71aea5f8421f3b1eaee7d1,2017-11-01T13:48:44.000Z,0.000621,0xb00548770ea87482f024cd4292a975fea72e8f01,sell,0x29d75277ac7f0335b2165d0895e8725cbf658d73,0x57535a4ad928a8a4c466d8fc142594255281b6d073398fef254fe61f03ae6558
23,2999.88102886,2.009923289217229,0x2e26035b04213530deeea6a3874d0f4143bce939,2017-11-01T13:48:10.000Z,0.000670001,0xb00548770ea87482f024cd4292a975fea72e8f01,sell,0x29d75277ac7f0335b2165d0895e8725cbf658d73,0xf3ee6fe49b792923f3445c792f03870863cf0eb4390be9c283b6e55f3efd7dfd
24,0.11897114,0.00007971078277114,0x2e26035b04213530deeea6a3874d0f4143bce939,2017-11-01T13:43:01.000Z,0.000670001,0xb00548770ea87482f024cd4292a975fea72e8f01,sell,0x29d75277ac7f0335b2165d0895e8725cbf658d73,0xa214f8f68e033af2ff1e156ae4f1ee96d45ffbf5f6c6d0ba5bffafc33c6ec735
25,1611.40558453,0.990208731693685,0x6aa3aa8eb106c484ba2bc3f48c82acb4844ad953,2017-11-01T05:12:44.000Z,0.0006145,0x3dee4a4e076e8d82859d241db0baf46f112cfa23,sell,0x29d75277ac7f0335b2165d0895e8725cbf658d73,0x9a33232a3ee369b2dc1ef6aec79c3e638fe5bc7145f8c61be0f69b25ed9283b2
26,426.726,0.270544284,0xcba47dba4a8a9642b4b4f4e5e80479a17376f700,2017-11-01T05:11:07.000Z,0.000634,0x3dee4a4e076e8d82859d241db0baf46f112cfa23,sell,0x29d75277ac7f0335b2165d0895e8725cbf658d73,0x255bc096002064fe98ff62aab342032ea06e22839a0be7bb3e902c3224b70d60
27,2000,1.34,0xf9a51086b5ed37c64187d70baf5c45ffeadf573b,2017-11-01T05:09:07.000Z,0.00067,0x3dee4a4e076e8d82859d241db0baf46f112cfa23,sell,0x29d75277ac7f0335b2165d0895e8725cbf658d73,0x0f18e0395187d3e1bd119003cd2fc2925d29c6b351bd486d7624db48451b915b
28,2859.25456688,1.9157291523552689,0x2e26035b04213530deeea6a3874d0f4143bce939,2017-11-01T05:08:01.000Z,0.00067001,0x3dee4a4e076e8d82859d241db0baf46f112cfa23,sell,0x29d75277ac7f0335b2165d0895e8725cbf658d73,0x154b0dae97618f439b79f76708f6f2b0b200c6d3c79bec03ffffcf20cd23525b
29,806.60053834,0.5484891726717384,0x2e26035b04213530deeea6a3874d0f4143bce939,2017-11-01T05:07:11.000Z,0.000680001,0x3dee4a4e076e8d82859d241db0baf46f112cfa23,sell,0x29d75277ac7f0335b2165d0895e8725cbf658d73,0x7a039601bcf5195139d19f8a5f657ace72d4c7d5110580826adb742b7ef1697e
30,136.398,0.092887038,0x06811a2b589d9a80d20925ab683a32ef796b4648,2017-11-01T05:07:11.000Z,0.000681,0x3dee4a4e076e8d82859d241db0baf46f112cfa23,sell,0x29d75277ac7f0335b2165d0895e8725cbf658d73,0xd0eb7f1a675b9e11c148207f011cfb062d3d6fcd3f2e9732aadf82c7b7ad6b96
31,1193.39946166,0.8115128273282617,0x2e26035b04213530deeea6a3874d0f4143bce939,2017-11-01T01:16:21.000Z,0.000680001,0xb00548770ea87482f024cd4292a975fea72e8f01,sell,0x29d75277ac7f0335b2165d0895e8725cbf658d73,0x8e75a565a123f7cd6ab2954f1638d04a9f44755d62142425e1c87f9754ed6d17
32,777.73665584,0.6049772347418716,0xfb4a448bf15750b0aa46b592a3c75503b917efc5,2017-11-01T00:13:42.000Z,0.0007778690000003429,0x9cd6fa6835059514b267aa2313e8bd779d0cc6ce,buy,0x29d75277ac7f0335b2165d0895e8725cbf658d73,0x1032bbb8b4142720ecca9d658efdf1c493f8082553ff4f8c9dbf386ae5c6b998
33,1760,1.3690424,0xfb4a448bf15750b0aa46b592a3c75503b917efc5,2017-11-01T00:11:20.000Z,0.000777865,0xe4a4a8bce34dc0a44e872bc89fbf699c0aa43664,buy,0x29d75277ac7f0335b2165d0895e8725cbf658d73,0xb6fc2c08a05771f59babc8a0d64a09fd202908e3bd022a15c516c81e48bda23b
34,292.52577805,0.19921005485205,0x06811a2b589d9a80d20925ab683a32ef796b4648,2017-10-31T19:36:18.000Z,0.000681,0xaab4f6c33ffcfd1651b05dccd02d8159155e2e1b,sell,0x29d75277ac7f0335b2165d0895e8725cbf658d73,0x0de5b863c5a0446515d75c51bb441d06f2661b77af0201860e0f4b7688016387
35,403.74838002,0.27495264679362,0x06811a2b589d9a80d20925ab683a32ef796b4648,2017-10-31T19:11:20.000Z,0.000681,0x4b43041e418b16bb7dcf94a09f721cc73574fc04,sell,0x29d75277ac7f0335b2165d0895e8725cbf658d73,0x92e264796a5ae74d528374e611e5c15f0d3bb24b48feff8f8191ede77527548a
36,1500,1.166805,0xb3ba4347ddfde5756acbc82383032e5fa5385051,2017-10-31T13:44:02.000Z,0.00077787,0xe4a4a8bce34dc0a44e872bc89fbf699c0aa43664,buy,0x29d75277ac7f0335b2165d0895e8725cbf658d73,0xa04a9ea8ff8e9044fe4db3092f17774358032540991d48cb9be6b01f9b55d7a8
37,640,0.497856,0x1d428e4d7b36b4d114db519982e77d3fe3371632,2017-10-31T10:03:21.000Z,0.0007779,0xe4a4a8bce34dc0a44e872bc89fbf699c0aa43664,buy,0x29d75277ac7f0335b2165d0895e8725cbf658d73,0x8462acdb15a025e6108ad1d6508b7b339482ef07d282e6533f0caab45afb0b83
38,0.02259801,0.0000153666468,0x06811a2b589d9a80d20925ab683a32ef796b4648,2017-10-31T09:51:03.000Z,0.00068,0x009a12d4290630bc01fd82516ac57c1dc6a9bcfb,sell,0x29d75277ac7f0335b2165d0895e8725cbf658d73,0x431672cab9483462e6b0cce14520b8dd0ca7236de825d24fc3522605c45714ae
39,0.553,0.00037604,0x06811a2b589d9a80d20925ab683a32ef796b4648,2017-10-31T04:04:14.000Z,0.00068,0xe444a40689f51f63bcd29910622035707d533d29,sell,0x29d75277ac7f0335b2165d0895e8725cbf658d73,0x5bd6a9d2a698a8e4b3f49dab4d56a657bbdd31e07743086c36a244824a05ef77
40,225,0.17505,0x1d352c25a0ca5c919c93bd845299b97b77d8d48f,2017-10-31T01:29:52.000Z,0.000778,0x851312417f5301b7d844618e9d36f1c3089f85e9,buy,0x29d75277ac7f0335b2165d0895e8725cbf658d73,0x55e4fd5481aa4928118eb07dd7f03a79009a9112abb5b8322e0862b11b9510cb
41,0.002,0.00000155998,0x0c4085d8e714ca77ac5f46cd2b80a92d238a7cd3,2017-10-31T01:08:30.000Z,0.00077999,0x9cd6fa6835059514b267aa2313e8bd779d0cc6ce,buy,0x29d75277ac7f0335b2165d0895e8725cbf658d73,0x229557767d9fb25a883dec034203fd88cded3cbb60dc2d17d6f6d11212ba218a
42,2000,1.56,0xfb4a448bf15750b0aa46b592a3c75503b917efc5,2017-10-30T21:19:17.000Z,0.00078,0x50e76e8a192cf9d427d4391e436a0689ca9bd0c5,buy,0x29d75277ac7f0335b2165d0895e8725cbf658d73,0x1bc254341b455da0efd6bbe6cf812f08a97cc9fcab99cebe871f99cc1bcc8477
43,1373.90947998,0.92189326106658,0xf134d22dd3a965e750918d2b0bb0a6a73c465131,2017-10-30T13:35:04.000Z,0.000671,0x9eac09317133aa6a1855bb4360e42d4d59ea4997,sell,0x29d75277ac7f0335b2165d0895e8725cbf658d73,0x40c31b18897aaa045666d105c2870faafdfe6d0e1a0522df4790b9b0c1a5b612
44,100,0.0675,0xc839123da500b8ee4582c95eeb3ecfb0eebd4cf4,2017-10-30T13:26:49.000Z,0.000675,0x9eac09317133aa6a1855bb4360e42d4d59ea4997,sell,0x29d75277ac7f0335b2165d0895e8725cbf658d73,0xf8e380506f167de70ba9bb9c0e6e6e0ba0e52d605478345a61c6a5505de86855
45,26,0.01794,0xec8713fc441c77994c2f3588eae9afb7a135f3ac,2017-10-30T13:23:34.000Z,0.00069,0x9eac09317133aa6a1855bb4360e42d4d59ea4997,sell,0x29d75277ac7f0335b2165d0895e8725cbf658d73,0xa6be7b24ebcae0743a266663612ab5c07394ea3a222c15a5587cc99ab5756b62
46,102.55466936,0.0697371751648,0x06811a2b589d9a80d20925ab683a32ef796b4648,2017-10-30T13:23:34.000Z,0.00068,0x9eac09317133aa6a1855bb4360e42d4d59ea4997,sell,0x29d75277ac7f0335b2165d0895e8725cbf658d73,0x4068133657edc946b923e90e8330fb8ecbc5b6ddce72017acb2588749d1a14d1
47,1.037,0.00069479,0x5f92af44e45dcf0c42fa98e7f7fc317cb6d41c8c,2017-10-30T02:10:37.000Z,0.00067,0x16e5d97bbc92417e051e3b2cabfbf8ceea2acb9c,sell,0x29d75277ac7f0335b2165d0895e8725cbf658d73,0x808d3f4b00979ba3e5d0380c0c4b4648c0a715b91d54d8e037dd51d6237ea4f7
48,0.906,0.00060702,0x5f92af44e45dcf0c42fa98e7f7fc317cb6d41c8c,2017-10-30T02:09:51.000Z,0.00067,0x379374d13077e8867ef31803c37baf9785a17c00,sell,0x29d75277ac7f0335b2165d0895e8725cbf658d73,0xa54769e18f3457a668a7c3016913ccf00fa2fa6e87a340212955cd9083c92245
49,226.68061425,0.1657148630474625,0xf134d22dd3a965e750918d2b0bb0a6a73c465131,2017-10-29T15:53:49.000Z,0.00073105,0x009a12d4290630bc01fd82516ac57c1dc6a9bcfb,sell,0x29d75277ac7f0335b2165d0895e8725cbf658d73,0x2398dbeabeee0c3dbbb7c9da26fedb58951df0e2154d5f00f2b1b35e7b025622
50,227.38311235,0.1664444382402,0x009a12d4290630bc01fd82516ac57c1dc6a9bcfb,2017-10-29T14:46:03.000Z,0.000732,0xb622dd83e08f62d823eb7f622f96ee1d853d2ba5,sell,0x29d75277ac7f0335b2165d0895e8725cbf658d73,0x1fe4af9087a10f11bea157fd5707eb9a2941d4be65b41b91b184420789ab3f48
51,6467.55309868,4.85066482401,0x009a12d4290630bc01fd82516ac57c1dc6a9bcfb,2017-10-29T11:44:44.000Z,0.00075,0xca214150c6df8848b2488f33f2c35f2417265798,sell,0x29d75277ac7f0335b2165d0895e8725cbf658d73,0x9024a0444521d7a4a0c2a2a5eb12c329898ae2390a2832ba2b8eee1cde5c360f
52,200,0.156,0x79be04cb83a36114272286146667e0f7e52e01fc,2017-10-29T11:43:21.000Z,0.00078,0xca214150c6df8848b2488f33f2c35f2417265798,sell,0x29d75277ac7f0335b2165d0895e8725cbf658d73,0xcc5e3952755b6427b097276694bedab09aebf6eac792ab9fee0355f2f33deb1f
53,1200,0.96012,0x3dee4a4e076e8d82859d241db0baf46f112cfa23,2017-10-29T11:41:15.000Z,0.0008001,0xca214150c6df8848b2488f33f2c35f2417265798,sell,0x29d75277ac7f0335b2165d0895e8725cbf658d73,0x5c78912db016356d2e8ec40ee0f3a77e15360f38995123296dd6b39e2bf7e257
54,1132.125,0.96230625,0xdf43cafadc7cdf9e596bba4dd2773e076f7451a8,2017-10-29T11:31:17.000Z,0.00085,0xca214150c6df8848b2488f33f2c35f2417265798,sell,0x29d75277ac7f0335b2165d0895e8725cbf658d73,0xd29e8669b6d478fa2f4cf3496d5bd7c926d62792f46a93a5af67ec28db2339aa
55,98.26597706,0.08323128256982,0x7ca2915b3a21b688343f75585d3311259674ec15,2017-10-29T11:31:17.000Z,0.000847,0xca214150c6df8848b2488f33f2c35f2417265798,sell,0x29d75277ac7f0335b2165d0895e8725cbf658d73,0x8b2e51695f59215d88ee48763ff13b4970fe275931838aff1598266185151ac5
56,167.87458877,0.1426934004545,0xdf43cafadc7cdf9e596bba4dd2773e076f7451a8,2017-10-29T11:11:26.000Z,0.00085,0xf637f3d834b46a63191ffdc312f1fb054593f422,sell,0x29d75277ac7f0335b2165d0895e8725cbf658d73,0xbcd1fbb0852f55bb1d62daf1ae983c7457b8c63236b5793bc90e2fe6cac5195f
57,60.99881895,0.057277829998532814,0xe9de08156f44c636de552461de7d893df2fa6612,2017-10-29T06:47:06.000Z,0.0009389990000541283,0xcb5af8f7e1c95aeb566cf675456f7be8965bd292,buy,0x29d75277ac7f0335b2165d0895e8725cbf658d73,0x104e25685f44e7ecbf332b88e07b67df75346a14d862bf2202005fc0b90cd215
58,87.65513681,0.08230729691802585,0xe9de08156f44c636de552461de7d893df2fa6612,2017-10-29T06:45:56.000Z,0.0009389900000548052,0x1aefab6a6afcba31b12908f414bf6bd133b184f7,buy,0x29d75277ac7f0335b2165d0895e8725cbf658d73,0x5b0d5117b5a525c759be7251d11fa6cbc0d19f59f7350ccb5e1d0341eeae7795
59,102.34486318,0.09610080308197415,0xe9de08156f44c636de552461de7d893df2fa6612,2017-10-29T06:36:11.000Z,0.0009389900000448087,0x1aefab6a6afcba31b12908f414bf6bd133b184f7,buy,0x29d75277ac7f0335b2165d0895e8725cbf658d73,0xbe043d6dcce5e686def44068305e18ec38c36e8397ac1d341b3dcc447bdc7ce9
60,4,0.00352,0x24677967ad5f58190e49d969f6775850df3670d6,2017-10-29T04:16:07.000Z,0.00088,0xe121cb63c3f6e80eb2600532d43ebbad54ddb61a,buy,0x29d75277ac7f0335b2165d0895e8725cbf658d73,0x23a802acb75080bc3972b5bdae90ef940ae82b7530fd470dc0300bb43e3f4c3b
61,4.994,0.00439472,0x79be04cb83a36114272286146667e0f7e52e01fc,2017-10-29T02:16:18.000Z,0.00088,0x00c3e19c54d3935fdc51dd86e78962b1a1bd8bfd,buy,0x29d75277ac7f0335b2165d0895e8725cbf658d73,0x62b918ab47da2646caad643e92fc6a55fe61b2422cfaa31a0bd1743a01dae686
62,1.236,0.00103824,0x1d428e4d7b36b4d114db519982e77d3fe3371632,2017-10-29T02:02:35.000Z,0.00084,0xbbd65f731e234ad835c964e1f6553fccb63f934c,sell,0x29d75277ac7f0335b2165d0895e8725cbf658d73,0xbc83a15b31b689ab77cd33cfddbf4535dd2f103fc3d99635f8836b4eea02d3e1
63,398.76383212,0.3349616189808,0x1d428e4d7b36b4d114db519982e77d3fe3371632,2017-10-29T01:37:50.000Z,0.00084,0xe121cb63c3f6e80eb2600532d43ebbad54ddb61a,sell,0x29d75277ac7f0335b2165d0895e8725cbf658d73,0xe06c396d1aded3fc70eed70f9db3d07cf5ec3539be35c094e72012fedc220cd4
64,517.077,0.43951545,0xfa7a70854ec6ad8b232d6755a7736fad35e25d5f,2017-10-29T00:06:12.000Z,0.00085,0x4c5720f2b605da535e0e7efb6a315a9eebea5171,sell,0x29d75277ac7f0335b2165d0895e8725cbf658d73,0x2b7701397ea795550b629c21fdc8e43b37683d7adc1ab7c3d2bf6f2c6fd960d5
65,300,0.255,0x63f33ced02429eca601622520cc0d8088891e330,2017-10-28T22:25:37.000Z,0.00085,0x584a6b1f9e30b336366847b337353b57821c13cf,sell,0x29d75277ac7f0335b2165d0895e8725cbf658d73,0xf91bc0a48a1aeed7216577397bd53c869beea20e9c583d877ce5d1a70125a72d
66,470,0.39950047,0xf52fb0f3240e800c9d07737f602a53a43455a758,2017-10-28T22:24:18.000Z,0.000850001,0x584a6b1f9e30b336366847b337353b57821c13cf,sell,0x29d75277ac7f0335b2165d0895e8725cbf658d73,0x658f8224aaf6481a726fba3347078fb4a5d83588e733863cd053e2da036ef7a5
67,0.55555555,0.0005,0x34f9560c63078eb61872a4dc2ccd20e21c34feaf,2017-10-28T20:17:38.000Z,0.000900000009,0x00c3e19c54d3935fdc51dd86e78962b1a1bd8bfd,buy,0x29d75277ac7f0335b2165d0895e8725cbf658d73,0x230f805417adccfefa84b532b03363876e84ebeeb73aabf72e8e0ee8689bc9c7
68,0.55555555,0.0005,0xe444a40689f51f63bcd29910622035707d533d29,2017-10-28T20:15:07.000Z,0.000900000009,0x00c3e19c54d3935fdc51dd86e78962b1a1bd8bfd,buy,0x29d75277ac7f0335b2165d0895e8725cbf658d73,0x5e4d79b02abf8d132145d6532ee567fb2e913e2ac9a5ae7688fdc2dcdf46f8af
69,477.03071828,0.405476110538,0xfa7a70854ec6ad8b232d6755a7736fad35e25d5f,2017-10-28T19:34:54.000Z,0.00085,0xff239844502fd87f10f999256d5362292f8cb3ec,sell,0x29d75277ac7f0335b2165d0895e8725cbf658d73,0x072f35c16e84fb51d191055d33e58af4e9e9f0fc7d90eff30f803efe62977b99
70,0.09938289,0.0000844754565,0xfa7a70854ec6ad8b232d6755a7736fad35e25d5f,2017-10-28T19:34:54.000Z,0.00085,0x0181abce0c530a7cfaf5363d27945a8c71015e29,sell,0x29d75277ac7f0335b2165d0895e8725cbf658d73,0xf3379bcc27afa51ca9a4a23c74519c964bebff539c76ee4784cf6575e450ffd8
71,996.90975474,0.847373291529,0xfa7a70854ec6ad8b232d6755a7736fad35e25d5f,2017-10-28T19:29:24.000Z,0.00085,0x0181abce0c530a7cfaf5363d27945a8c71015e29,sell,0x29d75277ac7f0335b2165d0895e8725cbf658d73,0x784d904cd734f568fc53108276dafc46a0b9464b55f0b495821b62c720d12666
72,957.11275263,0.8135458397355,0xfa7a70854ec6ad8b232d6755a7736fad35e25d5f,2017-10-28T19:25:40.000Z,0.00085,0x0030f02e42b862ed6bda66b30f6debd114a6c0a7,sell,0x29d75277ac7f0335b2165d0895e8725cbf658d73,0xbac1212053c7763581cce8285ffb4a92f4e1e9d897270194dd27eeb817552eb1
73,109.87438939,0.0933932309815,0xfa7a70854ec6ad8b232d6755a7736fad35e25d5f,2017-10-28T18:45:39.000Z,0.00085,0xd7748002dd2470156bf339969e8ec35e1d04028e,sell,0x29d75277ac7f0335b2165d0895e8725cbf658d73,0x22cde036eb333df9df76fbaf98582fedf4b81035772aba96a37c390df83b6edf
74,80,0.072,0x7616bb991081160eb20ff62ba47da6e54f5c8728,2017-10-28T18:34:54.000Z,0.0009,0x00c3e19c54d3935fdc51dd86e78962b1a1bd8bfd,buy,0x29d75277ac7f0335b2165d0895e8725cbf658d73,0x4d46145b70359479bacdf06ec71293110325b72dc1a8ff524fd9e7b60da0cce8
75,577.7849686,0.49111722331,0xfa7a70854ec6ad8b232d6755a7736fad35e25d5f,2017-10-28T17:54:01.000Z,0.00085,0x358fc18c6223bef27e1c75e9617b2ca357a6aaf4,sell,0x29d75277ac7f0335b2165d0895e8725cbf658d73,0x8a6eb5c994a0b4a4d82e8b735ebd49428764459aeca6fd10859e26510ecc34c3
76,119.64,0.113658,0xb494cfe633ccce58a6d9ec49b5f1a332a89d2ca5,2017-10-28T13:25:03.000Z,0.00095,0xd2ea382e498316d91b9de8557670149b479721a0,sell,0x29d75277ac7f0335b2165d0895e8725cbf658d73,0x5b84389628e72ff36757b0dd3f9dbeab8896f2da7ef18607566a0534d735222b
77,120,0.108,0xd2ea382e498316d91b9de8557670149b479721a0,2017-10-28T13:25:03.000Z,0.0009,0x00c3e19c54d3935fdc51dd86e78962b1a1bd8bfd,buy,0x29d75277ac7f0335b2165d0895e8725cbf658d73,0x5b84389628e72ff36757b0dd3f9dbeab8896f2da7ef18607566a0534d735222b
78,121.11099287,0.1029443439395,0xfa7a70854ec6ad8b232d6755a7736fad35e25d5f,2017-10-28T12:46:48.000Z,0.00085,0xb15527e49534cd857216d6668909a1dfd3a4d96e,sell,0x29d75277ac7f0335b2165d0895e8725cbf658d73,0x016aadd1c9b29fa918d5bcfda3fd2133ad204b700e1a57ca3d9e898f5a5e5afb
79,77,0.0693,0x6f1fd0ca88c159746f2895f88a8b4392d0dcaf6c,2017-10-28T12:07:24.000Z,0.0009,0x00c3e19c54d3935fdc51dd86e78962b1a1bd8bfd,buy,0x29d75277ac7f0335b2165d0895e8725cbf658d73,0xb4e81d727bb2fb70fc8a305527c211d73d33c092892a42e5eaea866d337b4266
80,3718.232,3.149349940464,0x9778550d76b07ac9f5e57392f68ecdf6efc1774e,2017-10-28T10:05:28.000Z,0.000847002,0xed7a11d262bb7571943f5aff29b5de9e906bd666,buy,0x29d75277ac7f0335b2165d0895e8725cbf658d73,0x5b68ab68bae1927cda062000fe1c2ed955d5e9275c90cc3cede9de81e4d6d784
81,2570.91746114,2.313825715030941,0x7ca2915b3a21b688343f75585d3311259674ec15,2017-10-28T08:13:12.000Z,0.0009000000000019218,0x00c3e19c54d3935fdc51dd86e78962b1a1bd8bfd,buy,0x29d75277ac7f0335b2165d0895e8725cbf658d73,0x658daeee9d0468e6e2ec04bce2535c4b7d6c741003f12e70b2b67ae803edc794
82,133.169,0.1198521,0x7ca2915b3a21b688343f75585d3311259674ec15,2017-10-28T08:08:31.000Z,0.0009,0x48eaedfa6ab55f414a433f0778f55ed9b827e822,buy,0x29d75277ac7f0335b2165d0895e8725cbf658d73,0x19545c4f1d6cda7ad0229bd482833e94fd2c265559e213669144d9e535b4d15d
83,170.58233512,0.15352410161636143,0xc85d3baba724711ce7b43e746acf9c6bf38e6ec5,2017-10-28T06:58:22.000Z,0.000900000000049017,0x48eaedfa6ab55f414a433f0778f55ed9b827e822,buy,0x29d75277ac7f0335b2165d0895e8725cbf658d73,0x050c20ac898283a92e6c42ef6c8536c74f5030296da971483a7442082c3a2322
84,0.2925708,0.000263313721580032,0xc85d3baba724711ce7b43e746acf9c6bf38e6ec5,2017-10-28T06:54:06.000Z,0.0009000000054005116,0x48eaedfa6ab55f414a433f0778f55ed9b827e822,buy,0x29d75277ac7f0335b2165d0895e8725cbf658d73,0x69036cb24e5c7d507d6e3a2330cbee019e658fe2d47d0e23daa2e0373d4fc36d
85,479.31013231,0.43137911908129944,0x4268a24ae14e9c36be109e4fc7bac6ff54ef7c34,2017-10-28T06:31:29.000Z,0.0009000000000047974,0x00c3e19c54d3935fdc51dd86e78962b1a1bd8bfd,buy,0x29d75277ac7f0335b2165d0895e8725cbf658d73,0x33fc906627a22fba193d43cc4a6cd4c32de101916c51c7e544055ce27cc69b96
86,120.95576797,0.10886019117826996,0x79be04cb83a36114272286146667e0f7e52e01fc,2017-10-28T05:36:59.000Z,0.0009000000000435694,0x48eaedfa6ab55f414a433f0778f55ed9b827e822,buy,0x29d75277ac7f0335b2165d0895e8725cbf658d73,0x2d29f37bcf6c1a897f82d869f762f88fc11f397b901ff4bf559b851388b5e12a
87,609.26636338,0.5160492190492234,0xfa7a70854ec6ad8b232d6755a7736fad35e25d5f,2017-10-28T04:51:14.000Z,0.000847001,0x98995272cc7b5f5cbac645b9a060391e58c55a8d,sell,0x29d75277ac7f0335b2165d0895e8725cbf658d73,0x357594079ff135b748d87f2ed5d9e844195cac8e254dc70a79772bad3d8b1451
88,269.233,0.236924770767,0xcfbcb76c482492319a70f3ed451404fd3270764d,2017-10-28T03:51:06.000Z,0.000879999,0xf52fb0f3240e800c9d07737f602a53a43455a758,buy,0x29d75277ac7f0335b2165d0895e8725cbf658d73,0x7b2c0e03fdae4b700155bed8d35426cb1a76662540e6912f536c2d43b475e50c
89,1633.585,1.4375548,0xcfbcb76c482492319a70f3ed451404fd3270764d,2017-10-28T03:49:46.000Z,0.00088,0x0b78f40529badd274ed9e54a529afa9d2ef96ff8,buy,0x29d75277ac7f0335b2165d0895e8725cbf658d73,0x81514aaf42cd9f3a4e93b9a0d5f11e90e0e9efb52b0c183f3ec32ca43a17ceb9
90,2500,2.25,0xcfbcb76c482492319a70f3ed451404fd3270764d,2017-10-28T03:49:05.000Z,0.0009,0xd395c62e97e8bf247e9330de9ce8138c5e15528a,buy,0x29d75277ac7f0335b2165d0895e8725cbf658d73,0x84c816e9e210f7d00bf7a02180646471b758ebf226ffb653bde7289c61606e22
91,226.87851272,0.1996528643155696,0x4c86b9cae2c701cc77e5efb6426b1a8665d1f6ff,2017-10-28T03:40:10.000Z,0.0008799990000021259,0xf52fb0f3240e800c9d07737f602a53a43455a758,buy,0x29d75277ac7f0335b2165d0895e8725cbf658d73,0xcf27273a05ff745ebbae660088cd9e1a71ec108a9ae0bbd19860a685492006fe
92,541.97610762,0.45905376315414,0x7ca2915b3a21b688343f75585d3311259674ec15,2017-10-28T01:54:08.000Z,0.000847,0xaeafe0eee2fac7c827a0a774471374f4893ac504,sell,0x29d75277ac7f0335b2165d0895e8725cbf658d73,0x140cd6bfc903a443fc12e7d05502934c35232bf6189d9be9ae1d08483311a0f4
93,581,0.492107,0x79be04cb83a36114272286146667e0f7e52e01fc,2017-10-28T01:50:25.000Z,0.000847,0x29b8eca0a380c562a00b7e5d1fbc624e5be736a5,buy,0x29d75277ac7f0335b2165d0895e8725cbf658d73,0xa601dab4603d118ac758eea00df1f2ad16bdfeb2e88cacb0b05fba4078e667d2
94,119,0.100793,0x79be04cb83a36114272286146667e0f7e52e01fc,2017-10-27T23:34:28.000Z,0.000847,0x29b8eca0a380c562a00b7e5d1fbc624e5be736a5,buy,0x29d75277ac7f0335b2165d0895e8725cbf658d73,0x9ebecd113da798a57957e6bc6cb4a72f3cf960379326c55c2f65805487dac9eb
95,880,0.704,0x79be04cb83a36114272286146667e0f7e52e01fc,2017-10-27T23:16:43.000Z,0.0008,0x2bef193ed2515a80273e9a91c8e06ec7c27d2927,buy,0x29d75277ac7f0335b2165d0895e8725cbf658d73,0xc02a7d9f64d3d01ebd9ffe4642c0f8cf52c86cde74b33312f0bc7c58a0cbba12
96,0.34374199,0.000274993592,0x746f947227b5080fd6e1e7854e5c30c54b6025ee,2017-10-27T16:16:40.000Z,0.0008,0x02175b8d1673ba861b1b97929d0aad5639cb8f69,sell,0x29d75277ac7f0335b2165d0895e8725cbf658d73,0xcbb790c06cd837b49fafd40c7b2632361716bd9d3254bcf2dc4d1c702c97cac3
97,3448.07596451,2.758460771608,0x746f947227b5080fd6e1e7854e5c30c54b6025ee,2017-10-27T16:12:28.000Z,0.0008,0x02175b8d1673ba861b1b97929d0aad5639cb8f69,sell,0x29d75277ac7f0335b2165d0895e8725cbf658d73,0x3f1e7051e70d6b6cfd590be86e3584a3b7c43c7cc63f473be427437081bd7031
98,520.991,0.4167928,0x4268a24ae14e9c36be109e4fc7bac6ff54ef7c34,2017-10-27T15:10:29.000Z,0.0008,0x2d61bc51631e2845695fc1f0c9b953ad0c835a59,buy,0x29d75277ac7f0335b2165d0895e8725cbf658d73,0xf36e1348b318ecc4bfa38937c2a5d93b4ef77b51862ac71291d58d38943407c8
99,250,0.2,0x746f947227b5080fd6e1e7854e5c30c54b6025ee,2017-10-27T13:47:07.000Z,0.0008,0xfc73413d8dcc28d271cde376835edf6690fa91a8,sell,0x29d75277ac7f0335b2165d0895e8725cbf658d73,0x84bc71eb282433d271549d66bfec1cceee46d4b65c3a9d4faca6545a52540c34
100,4540.44036874,3.904778717123727,0xd04667c147dea188bf142c8b0d4ffadc4a70de77,2017-10-27T13:45:01.000Z,0.0008600000000016137,0x149443f6204583a1e726d6eb801eaf5a96bfcb5b,buy,0x29d75277ac7f0335b2165d0895e8725cbf658d73,0x90c6c1a6c88b1fe84c4f91874f5fa45358429eea6f9db3d2478d64c5aaa37354
101,324.63178543,0.27915087229588276,0x89cbdf7c7dc6e75e3e39962e04d9b77b132e926e,2017-10-27T13:05:14.000Z,0.0008599000000142493,0x1d428e4d7b36b4d114db519982e77d3fe3371632,buy,0x29d75277ac7f0335b2165d0895e8725cbf658d73,0xb4104b3eec796263133959b0ec324fece8b5e0ff5248fa2731815235b60e507b
102,800,0.68792,0x89cbdf7c7dc6e75e3e39962e04d9b77b132e926e,2017-10-27T13:03:49.000Z,0.0008599,0x4c5720f2b605da535e0e7efb6a315a9eebea5171,buy,0x29d75277ac7f0335b2165d0895e8725cbf658d73,0x41f850b2172086a020afc7b529a23262cbfa8602d23ca06e06d3d5da873c3b00
103,0.77953244,0.000623625952,0x746f947227b5080fd6e1e7854e5c30c54b6025ee,2017-10-27T12:17:09.000Z,0.0008,0xe523b1e33d5fb18ba76bad42df4d4319fe2181ce,sell,0x29d75277ac7f0335b2165d0895e8725cbf658d73,0x7f762bed16e9e2e56bb5fc7d28d1143e676d7d2f0fe5971dd68f9beeec739b10
104,1244,1.0574,0x79be04cb83a36114272286146667e0f7e52e01fc,2017-10-27T10:16:14.000Z,0.00085,0xe523b1e33d5fb18ba76bad42df4d4319fe2181ce,buy,0x29d75277ac7f0335b2165d0895e8725cbf658d73,0x375b2e257240fa0cebf6798ac9e98077a4bad245ed569c32adca9d9458004e9a
105,283,0.24055,0xc85d3baba724711ce7b43e746acf9c6bf38e6ec5,2017-10-27T10:12:01.000Z,0.00085,0xe523b1e33d5fb18ba76bad42df4d4319fe2181ce,buy,0x29d75277ac7f0335b2165d0895e8725cbf658d73,0x9f4b4d3272b557dce4349a03b901954afad03347af77dd25ed03557f5728f192
106,246,0.20295,0x79be04cb83a36114272286146667e0f7e52e01fc,2017-10-27T10:07:44.000Z,0.000825,0x06811a2b589d9a80d20925ab683a32ef796b4648,buy,0x29d75277ac7f0335b2165d0895e8725cbf658d73,0xa3d70cc1733cde7860589f483b88b3f8539ec82d67666d79ccc7465ef34adf59
107,54,0.04455,0xc85d3baba724711ce7b43e746acf9c6bf38e6ec5,2017-10-27T09:53:08.000Z,0.000825,0x06811a2b589d9a80d20925ab683a32ef796b4648,buy,0x29d75277ac7f0335b2165d0895e8725cbf658d73,0x10693a4292bb6a31d6821b7075ac3ef0ae265b4d6427d70971a311b98842e7b4
108,100,0.0824,0xc85d3baba724711ce7b43e746acf9c6bf38e6ec5,2017-10-27T09:50:48.000Z,0.000824,0x29c582cb38ea8d33a0374ba3889607070d780d81,buy,0x29d75277ac7f0335b2165d0895e8725cbf658d73,0x8f2663dfec3606e10076ac00c036f08ddf7391b8384351c18349229c27b03f6c
109,1760.495,1.450610909605,0x746f947227b5080fd6e1e7854e5c30c54b6025ee,2017-10-27T09:30:15.000Z,0.000823979,0x3fb14ab42b18736fc4b3ec9f88b80fe5829527fb,buy,0x29d75277ac7f0335b2165d0895e8725cbf658d73,0xd7f299c6f4ec29b554ba375d97c0a2865a5ab753c59e62079e4f356d3701383c
110,1760.495,1.45060562812,0x746f947227b5080fd6e1e7854e5c30c54b6025ee,2017-10-27T09:29:50.000Z,0.000823976,0xa86dc55cb1394b1f9f3545484868a094f05d769d,buy,0x29d75277ac7f0335b2165d0895e8725cbf658d73,0x838c112960802e43ccb8c37c8c0ecf09eae686534d916df22eb708416fe2704c
111,1760.495,1.445366395,0x746f947227b5080fd6e1e7854e5c30c54b6025ee,2017-10-27T09:29:40.000Z,0.000821,0xf0a1432fd7408bf1deec32def106eb7e5b7d1e86,buy,0x29d75277ac7f0335b2165d0895e8725cbf658d73,0x95c783cbebe3ecade328734cd259f985dd361cfc57dbf41cc21bc1791e1ac51a
112,232.017,0.190485957,0xb3ef0940f3af6ae082434ea4eaa75bdcc1a44924,2017-10-27T09:26:00.000Z,0.000821,0xe523b1e33d5fb18ba76bad42df4d4319fe2181ce,sell,0x29d75277ac7f0335b2165d0895e8725cbf658d73,0xaa802bb9d7e4f48de99875be19d916db605b339e649ce9231b2db007e5aee039
113,2000,1.642,0xe586e8534d235dad3d46685daf7c1815f0962944,2017-10-27T08:36:26.000Z,0.000821,0xfbf7dc0756a9768d0c71aea5f8421f3b1eaee7d1,buy,0x29d75277ac7f0335b2165d0895e8725cbf658d73,0xc6d05807641098ef5bdf57f4fcc50662b8ec2e314d063ad9a46874948abf7a14
114,403,0.330863,0xb3ef0940f3af6ae082434ea4eaa75bdcc1a44924,2017-10-27T08:08:05.000Z,0.000821,0xff239844502fd87f10f999256d5362292f8cb3ec,sell,0x29d75277ac7f0335b2165d0895e8725cbf658d73,0x56f012053a0151f1324527004d70d9b1b0deb20a94d8b468664d183f878fbd61
115,997,0.818537,0xb3ef0940f3af6ae082434ea4eaa75bdcc1a44924,2017-10-27T07:29:55.000Z,0.000821,0xfc73413d8dcc28d271cde376835edf6690fa91a8,sell,0x29d75277ac7f0335b2165d0895e8725cbf658d73,0x03e9617e3ac0c72f5a56bbd5081c65a7e0c5deb80a088394c47481ccca20891b
116,167.87458877,0.1176884804572085,0xf134d22dd3a965e750918d2b0bb0a6a73c465131,2017-10-27T04:53:22.000Z,0.00070105,0x1780340a5340b3530af097b9cbff2c35d4a68c95,sell,0x29d75277ac7f0335b2165d0895e8725cbf658d73,0x5c0fee7d87272d7061f51d820b722613107f4b67b3d43b554f94f4ea626491d7
117,0.02986187,0.00002123178957,0x009a12d4290630bc01fd82516ac57c1dc6a9bcfb,2017-10-27T02:00:27.000Z,0.000711,0xd70696c217302ada3613166ae6fbc103d776b759,sell,0x29d75277ac7f0335b2165d0895e8725cbf658d73,0x74fdd10cddebe9757f6323d762d571367b6dbd4d3d70f228f05e39072e8c4d7f
118,299.54441232,0.21297607715952,0x009a12d4290630bc01fd82516ac57c1dc6a9bcfb,2017-10-27T01:58:46.000Z,0.000711,0xd70696c217302ada3613166ae6fbc103d776b759,sell,0x29d75277ac7f0335b2165d0895e8725cbf658d73,0x2d5edc2818b397a649a38f870075e75622df29eedcdaef9d99f0c69ed23b930d
119,54,0.038940426,0xf52fb0f3240e800c9d07737f602a53a43455a758,2017-10-27T01:58:20.000Z,0.000721119,0xd70696c217302ada3613166ae6fbc103d776b759,sell,0x29d75277ac7f0335b2165d0895e8725cbf658d73,0x4d69d90b73b58edc07d9b9072d7c04c429e81cdc02c6987a004213b119ad15ed
120,2000,1.462,0xfbf7dc0756a9768d0c71aea5f8421f3b1eaee7d1,2017-10-27T01:56:34.000Z,0.000731,0xd70696c217302ada3613166ae6fbc103d776b759,sell,0x29d75277ac7f0335b2165d0895e8725cbf658d73,0x0903b601eb6e5e8a636a7207e890ce5927d10e38820ae80d235dad86bc388fee
121,1.99381916,0.00141762137331328,0xe586e8534d235dad3d46685daf7c1815f0962944,2017-10-26T21:10:45.000Z,0.000711008,0xb4c432a9559a4f1464d2bff9fcbbdc14f1c39dec,sell,0x29d75277ac7f0335b2165d0895e8725cbf658d73,0x0bba6ae17f25a6004fca931e5ae117bac8173b376623e541fc38991b3c8eeda8
122,798.02163069,0.56739337942059,0x009a12d4290630bc01fd82516ac57c1dc6a9bcfb,2017-10-26T20:34:33.000Z,0.000711,0x0030f02e42b862ed6bda66b30f6debd114a6c0a7,sell,0x29d75277ac7f0335b2165d0895e8725cbf658d73,0x616b40502ef43d80d49a221bfefa46dacdf3dc4ef3299460928a74a45e336492
123,0.00000599,0.000000008997081196,0xa84df3098ad8cfa5621618a71c6f25ed719b67aa,2017-10-26T17:33:01.000Z,0.0015020168941569283,0xed7a11d262bb7571943f5aff29b5de9e906bd666,buy,0x29d75277ac7f0335b2165d0895e8725cbf658d73,0x2b72cb36175c54fd3c7dd7e28454d8374c63e3b7c2b911bdaf19c511fbc8af21
124,442.1124514,0.2917946600364514,0xf52fb0f3240e800c9d07737f602a53a43455a758,2017-10-26T04:35:48.000Z,0.000660001,0xda2b40a6fd03a5c97a99b01a05bbee49ed407ee4,sell,0x29d75277ac7f0335b2165d0895e8725cbf658d73,0x0ee077fa84723ea59a253084b609b69fb729273e332d362d36255113b0a14e0f
125,1500,0.9900015,0x7ca2915b3a21b688343f75585d3311259674ec15,2017-10-25T23:33:55.000Z,0.000660001,0x1ed014aec47fae44c9e55bac7662c0b78ae61798,sell,0x29d75277ac7f0335b2165d0895e8725cbf658d73,0x0370bf95fc7aca0a2ae1a1562dfe1dca01ccdc4ef63397972b7ccbed908003fb
126,580.99941701,0.5043074939728471,0x1468e810f9fdba5f41f49df78870b4855adf1902,2017-10-25T21:46:32.000Z,0.0008680000000140571,0xd94cd9cda93e0e952c25409fcd9b27b030865650,buy,0x29d75277ac7f0335b2165d0895e8725cbf658d73,0xda90f8629580d8c99229d5496a58b007a3dfd8831a9800a1ab9c69e43d172849
127,381.051,0.330740455419,0x1468e810f9fdba5f41f49df78870b4855adf1902,2017-10-25T21:41:47.000Z,0.000867969,0xf52fb0f3240e800c9d07737f602a53a43455a758,buy,0x29d75277ac7f0335b2165d0895e8725cbf658d73,0xb6452eafcc97a3a2fe587c51f4888ad5e710b7e509287b7d9cff539f738bf0c6
128,321.481,0.27647366,0x1468e810f9fdba5f41f49df78870b4855adf1902,2017-10-25T21:41:18.000Z,0.00086,0x4bbf730c2512ffc6d059b8e4e6121b711666b603,buy,0x29d75277ac7f0335b2165d0895e8725cbf658d73,0xc331b4e3cebac655ad49446c285c8b682a10cf6ebf9ef3db7baa2019d9ae01fc
129,398.314,0.34254605686,0x1468e810f9fdba5f41f49df78870b4855adf1902,2017-10-25T21:30:37.000Z,0.00085999,0xbbcd511903862f0651c7b637f4136a54c14577ac,buy,0x29d75277ac7f0335b2165d0895e8725cbf658d73,0x432d92c480cde37f9d9dd6a7c700d04ff030145ad00a7b134a1ab63db999e483
130,261.61093359,0.1726632161694,0x167d2ab5324d28fdc71d8362f42c705df112cd49,2017-10-25T18:55:52.000Z,0.00066,0x6044e2c1b259eeecb1d5912e83d534eb1681dbe5,sell,0x29d75277ac7f0335b2165d0895e8725cbf658d73,0x5572deb4922dc1b18c8e79bd0eb131b3d2512d4b49bcd0c9d0ee6803499d1b6c
131,115,0.100911925,0x87eb8e079ded802c2ee2b34af5641884ae5aec05,2017-10-25T17:43:11.000Z,0.000877495,0xff239844502fd87f10f999256d5362292f8cb3ec,buy,0x29d75277ac7f0335b2165d0895e8725cbf658d73,0x4c9d500534acb83b62b3b393e09cefec42414e6b55cdd62214fe69fb21060aed
132,17,0.014926,0xba1cb412239a3f684bfd16c06ad0fbe4e9e56396,2017-10-25T15:12:11.000Z,0.000878,0xb112cac3c0bc175c9264c210874feac892fe727f,buy,0x29d75277ac7f0335b2165d0895e8725cbf658d73,0xe20bdb3cec1f7a2ba9eb4cc4c3f82f2c932bf63ae09f059974c136b175a2a940
133,1529,1.0392613,0x4454847b528907f6819a6696491370060a37e5d0,2017-10-25T13:24:32.000Z,0.0006797,0x3186cacbc588066255b7e27ec448d9d6e66cdccf,buy,0x29d75277ac7f0335b2165d0895e8725cbf658d73,0x6266cef63932ae151b2edfcdd40b4917803f99065b62a5dd8fb81a1695fa6ecf
134,1000,0.777,0x4454847b528907f6819a6696491370060a37e5d0,2017-10-25T13:22:40.000Z,0.000777,0xdc8e809056056ad4cf9fb81ea6c769da121bbd85,buy,0x29d75277ac7f0335b2165d0895e8725cbf658d73,0x58c0060ee411421a4371753e2c0b6c86c4ef72b72b04ffd5f3a02498a62f80ba
135,48.52876268,0.032985,0x6aa3aa8eb106c484ba2bc3f48c82acb4844ad953,2017-10-25T09:21:28.000Z,0.000679700000131963,0xd558317d56e5b5a9f654437939fe5f26b6d67cd5,buy,0x29d75277ac7f0335b2165d0895e8725cbf658d73,0x9888e0485a6eebc2bcccfdfaf1c6614b7b4004f015aeab3912ce931a2d70305b
136,920.44,0.591750968044,0x9778550d76b07ac9f5e57392f68ecdf6efc1774e,2017-10-25T09:16:36.000Z,0.0006429001,0x79e84bd5adefaf8dd6c6fcdf7ebf43fa69e28fa2,buy,0x29d75277ac7f0335b2165d0895e8725cbf658d73,0xa7e44e953e344a0d28980ebba5d1f5c6b2d64475ce3f41bbfbb8f288d1dd6a8a
137,19979.55999895,12.844861121282477,0x9778550d76b07ac9f5e57392f68ecdf6efc1774e,2017-10-25T09:15:13.000Z,0.0006429001000000762,0x79e84bd5adefaf8dd6c6fcdf7ebf43fa69e28fa2,buy,0x29d75277ac7f0335b2165d0895e8725cbf658d73,0x7c3410880b2acb862d387c5833a0b3b89e4c100964e484bd8a7a64a950bad197
138,13853.272,9.000456965128,0x9778550d76b07ac9f5e57392f68ecdf6efc1774e,2017-10-25T09:13:17.000Z,0.000649699,0xa2ba72eda57c8ad103df0020e26f6906b3ce9512,buy,0x29d75277ac7f0335b2165d0895e8725cbf658d73,0x1972f9af5cee3eecff66421f51d39d861c84830116af187b04318d4e50aea51b
139,400,0.2592396,0x9778550d76b07ac9f5e57392f68ecdf6efc1774e,2017-10-25T09:13:17.000Z,0.000648099,0xcb5af8f7e1c95aeb566cf675456f7be8965bd292,buy,0x29d75277ac7f0335b2165d0895e8725cbf658d73,0xe760edfb504de48c38589235448d32bd1ab5fc323ae973553bf00774cda120aa
140,1834,1.18293,0x9778550d76b07ac9f5e57392f68ecdf6efc1774e,2017-10-25T09:13:06.000Z,0.000645,0xfbf7dc0756a9768d0c71aea5f8421f3b1eaee7d1,buy,0x29d75277ac7f0335b2165d0895e8725cbf658d73,0x2d3e1ef2f6e9dc50d677c15a451cf3bc94d754847e1fdd0532a8e9598fbae65f
141,14656.559,9.424167437,0x9778550d76b07ac9f5e57392f68ecdf6efc1774e,2017-10-25T09:11:34.000Z,0.000643,0x4ec21ffaed3b96f2a51cd36bc31660fbdc5224c2,buy,0x29d75277ac7f0335b2165d0895e8725cbf658d73,0x181fe324219d84edd63f8717882e94997be82f2aba6bd02a40923ce2bfb5b791
142,3713.44056793,2.387742285180305,0xec4efee459ca695fb9823aa56706d8e74f2cbc9e,2017-10-25T09:06:42.000Z,0.0006430000000003541,0x4ec21ffaed3b96f2a51cd36bc31660fbdc5224c2,buy,0x29d75277ac7f0335b2165d0895e8725cbf658d73,0x90e8f3c0d5d2c3679be770a89a5354e51a233dd9edecd8e04d802f90e00cfc8c
143,162.08246383,0.09013422021832683,0xfa7a70854ec6ad8b232d6755a7736fad35e25d5f,2017-10-25T08:48:30.000Z,0.000556101,0x009a12d4290630bc01fd82516ac57c1dc6a9bcfb,sell,0x29d75277ac7f0335b2165d0895e8725cbf658d73,0x66c7516940b82c9349918a32874517d1eb22125e90547231e908088c607dba33
144,162.58491947,0.09023463030585,0x009a12d4290630bc01fd82516ac57c1dc6a9bcfb,2017-10-25T06:04:42.000Z,0.000555,0x69b2cbb317d43208f2173811ff92e2143da89f08,sell,0x29d75277ac7f0335b2165d0895e8725cbf658d73,0x5c98af3e106ee740137255d5bcbb68d9ff351b4fd1dfcecc81f75965a9e92443
145,1440,0.79920144,0xfa7a70854ec6ad8b232d6755a7736fad35e25d5f,2017-10-25T05:50:37.000Z,0.000555001,0x69b2cbb317d43208f2173811ff92e2143da89f08,sell,0x29d75277ac7f0335b2165d0895e8725cbf658d73,0xeed3e421465ab599abc5cd1a62185c460415f7553f95f7fce0b7692dd13ea74c
146,749.472,0.4496832,0xdb95ffc525554da455565b6f68c2c3b0b74e8a16,2017-10-25T03:43:44.000Z,0.0006,0x0181abce0c530a7cfaf5363d27945a8c71015e29,buy,0x29d75277ac7f0335b2165d0895e8725cbf658d73,0x7658e675d67cc297b272c9d6267810615e59b1083787123df6979aeaa234b7df
147,0.82727483,0.00045500529287415,0x7acfc59944be1a633f9df99565ccfc79414a8f99,2017-10-25T01:40:39.000Z,0.000550005,0x22e2a2bf31257f767870ff5effea52cd77ab7fc4,sell,0x29d75277ac7f0335b2165d0895e8725cbf658d73,0xa1b431e51a90f0829c79f7fa01bcd91afa66cb5f59a8e10a772ff7c348edfeaa
148,441.858,0.25406835,0x167d2ab5324d28fdc71d8362f42c705df112cd49,2017-10-25T01:34:24.000Z,0.000575,0xf0fdc8dad5e288c17c059c6cb4bed594ce273389,buy,0x29d75277ac7f0335b2165d0895e8725cbf658d73,0x7fe27fc8fc4f236a0288b78773542afcae3e12f63f8e531e82ed0c801f89a66f
149,0.49633853,0.000297803118296161,0xc9a93d56409115d490cf1569adf93800749451ab,2017-10-25T00:22:41.000Z,0.0006000000005966915,0x0181abce0c530a7cfaf5363d27945a8c71015e29,buy,0x29d75277ac7f0335b2165d0895e8725cbf658d73,0x0712600d220ae31e5e7653df3d8e4a605cc82a3df076a11c97d9deb88f69c22c
150,1994.05044362,1.096733726142331,0x167d2ab5324d28fdc71d8362f42c705df112cd49,2017-10-24T21:51:07.000Z,0.000550003,0x8ace27cff51c5db7b736c732cb2d54cee2e6b098,sell,0x29d75277ac7f0335b2165d0895e8725cbf658d73,0xf0b93fe512c16547e309b8041f564569d0dc0d6318bc60f494e607fc6a9c8792
151,996.90977907,0.5483013753982791,0xf567d5dc358662ada2855f3326b1b9be957849aa,2017-10-24T14:55:17.000Z,0.000550001,0x6f886db672dd3158c9592b44852ebd3c07443c31,sell,0x29d75277ac7f0335b2165d0895e8725cbf658d73,0xbc63c766b469487c04302e1bc2ed76e0825a1914b900a11a7433948a45af6ec9
152,1.99381916,0.00109660253181916,0xf567d5dc358662ada2855f3326b1b9be957849aa,2017-10-24T14:52:40.000Z,0.000550001,0x6f886db672dd3158c9592b44852ebd3c07443c31,sell,0x29d75277ac7f0335b2165d0895e8725cbf658d73,0x78399ff78b848b1aa4543b53c79713bebd4c81d59141954c497a0c2801dc41bb
153,930.49455029,0.5117738636486006,0x7ca2915b3a21b688343f75585d3311259674ec15,2017-10-24T10:13:40.000Z,0.000550002,0x7a2c359bad3494cbbcc01d9ab55d0e4804a308fa,sell,0x29d75277ac7f0335b2165d0895e8725cbf658d73,0xcf8fecd0ee28c1cb7a3157a25de8c2d005dbe3026e49cef6f96c4947f8820fe3
154,5000,2.66001,0xf567d5dc358662ada2855f3326b1b9be957849aa,2017-10-24T09:36:28.000Z,0.000532002,0x7a2c359bad3494cbbcc01d9ab55d0e4804a308fa,sell,0x29d75277ac7f0335b2165d0895e8725cbf658d73,0x8c25650d989b2397542ef0c8a710b109bc5e85b2bcdf8b99970f72ca3b82aae8
155,1346.90881495,0.7408011951313149,0x2e26035b04213530deeea6a3874d0f4143bce939,2017-10-24T09:36:21.000Z,0.000550001,0x7a2c359bad3494cbbcc01d9ab55d0e4804a308fa,sell,0x29d75277ac7f0335b2165d0895e8725cbf658d73,0x4592b83d5e1fe90c59561ff2abb9bcf3d73ec6a0c5a5335f20d635f08c47c633
156,8000,4.256024,0x7acfc59944be1a633f9df99565ccfc79414a8f99,2017-10-24T09:36:21.000Z,0.000532003,0x7a2c359bad3494cbbcc01d9ab55d0e4804a308fa,sell,0x29d75277ac7f0335b2165d0895e8725cbf658d73,0x03fa1560bac06199d839b62909236c0c89a6c5dfb4a666131c5392c300ea3067
157,165.05125501,0.09969095803010666,0x7ca2915b3a21b688343f75585d3311259674ec15,2017-10-24T08:07:50.000Z,0.0006040000000246389,0xfbf7dc0756a9768d0c71aea5f8421f3b1eaee7d1,buy,0x29d75277ac7f0335b2165d0895e8725cbf658d73,0x45cc8e1edf0331cad9a900dfcc5282459dcdea508face7711f462098f7107d68
158,0.00053202,5.3202,0xf567d5dc358662ada2855f3326b1b9be957849aa,2017-10-24T06:32:19.000Z,10000,0x350f6f675b20d606bb7f6c412ef4775c9bc57168,sell,0x29d75277ac7f0335b2165d0895e8725cbf658d73,0xdeb7b27d9694b30ab8c25d028eb0abdef9327df06f40b442bb74321ab7ae081d
159,0.17421037,0.000104352014686086,0xab54d47bb7c8eadcb09d06d83db15c4bad937022,2017-10-24T06:16:18.000Z,0.0005990000175425034,0xfbf7dc0756a9768d0c71aea5f8421f3b1eaee7d1,buy,0x29d75277ac7f0335b2165d0895e8725cbf658d73,0x0e4e21e8529bd1e02f425f9fc46c667a390b0f5cadf65460715c87438e942cca
160,877.52741388,0.48264095516141386,0x2e26035b04213530deeea6a3874d0f4143bce939,2017-10-24T04:13:05.000Z,0.000550001,0x1d42a9db1e177376739e6e9b97090e5753314417,sell,0x29d75277ac7f0335b2165d0895e8725cbf658d73,0x1d9f48fb796f4f23524c6e0fa27ee9f6b1f55bd628c0e9e16ee69828100d0216
161,775.56377117,0.42656084970727115,0x2e26035b04213530deeea6a3874d0f4143bce939,2017-10-24T03:22:38.000Z,0.000550001,0x6ffa40c4c973bb4b3006a7c51e1b5faedba6100d,sell,0x29d75277ac7f0335b2165d0895e8725cbf658d73,0xf7f81417438a2c3699cf2512a28413814ec6cc84156736a120b4762dfeab1379
162,3000,1.653003,0x2e26035b04213530deeea6a3874d0f4143bce939,2017-10-24T03:20:02.000Z,0.000551001,0x6ffa40c4c973bb4b3006a7c51e1b5faedba6100d,sell,0x29d75277ac7f0335b2165d0895e8725cbf658d73,0xab3fd948b070fa80074682849ef153721b328047109541c73655bd6097a453e3
163,5000,2.755,0xf567d5dc358662ada2855f3326b1b9be957849aa,2017-10-24T03:18:35.000Z,0.000551,0x6ffa40c4c973bb4b3006a7c51e1b5faedba6100d,sell,0x29d75277ac7f0335b2165d0895e8725cbf658d73,0x2fcd515fa7e70be743a5ad991327e22e9393a61c04c8831d7358677a296e3ff0
164,524.02279177,0.2934532874139918,0x2e26035b04213530deeea6a3874d0f4143bce939,2017-10-24T03:17:53.000Z,0.000560001,0x6ffa40c4c973bb4b3006a7c51e1b5faedba6100d,sell,0x29d75277ac7f0335b2165d0895e8725cbf658d73,0xc90ffba92b317a2f5c5aebdffd47b8618976086f651c920e00ea2689ebaf3699
165,524.02279177,0.2934532874139918,0x2e26035b04213530deeea6a3874d0f4143bce939,2017-10-24T03:17:05.000Z,0.000560001,0x6ffa40c4c973bb4b3006a7c51e1b5faedba6100d,sell,0x29d75277ac7f0335b2165d0895e8725cbf658d73,0xc90ffba92b317a2f5c5aebdffd47b8618976086f651c920e00ea2689ebaf3699
166,15625.56076164,8.594058418902,0xf9a51086b5ed37c64187d70baf5c45ffeadf573b,2017-10-24T03:15:17.000Z,0.00055,0x6ffa40c4c973bb4b3006a7c51e1b5faedba6100d,sell,0x29d75277ac7f0335b2165d0895e8725cbf658d73,0x1fe259b87ad1c2ef5b991cb38cb7d2722d60a17da32db06c24ed57b0711335f8
167,81.02520823,0.04537419763400823,0x2e26035b04213530deeea6a3874d0f4143bce939,2017-10-23T16:43:08.000Z,0.000560001,0x58fd9a65e026eb1393a83ceb098bfade49a1ceb8,sell,0x29d75277ac7f0335b2165d0895e8725cbf658d73,0xdde95fcf59e0045e54756798befe5494a8e6a590960c45baa7bdb3612794ac13
168,4374.43923836,2.405941581098,0xf9a51086b5ed37c64187d70baf5c45ffeadf573b,2017-10-23T16:03:23.000Z,0.00055,0x89a93f467c5942db086607edc16b2ba18e0d744f,sell,0x29d75277ac7f0335b2165d0895e8725cbf658d73,0x6343dc70b709e4dcdd7d9a2f389a610ef915e2728253beb2e0dbc57e162904b4
169,4000,2.244,0xf567d5dc358662ada2855f3326b1b9be957849aa,2017-10-23T15:58:12.000Z,0.000561,0x89a93f467c5942db086607edc16b2ba18e0d744f,sell,0x29d75277ac7f0335b2165d0895e8725cbf658d73,0xd372df256ffa6f459fd7d7d5ce0164acec72d4148745ace54722d8da081f5014
170,0.1,0.0000604,0x6cdea8e07bf82d7a07dbf36642d6e5be8623845c,2017-10-23T12:40:38.000Z,0.000604,0xfbf7dc0756a9768d0c71aea5f8421f3b1eaee7d1,buy,0x29d75277ac7f0335b2165d0895e8725cbf658d73,0x46114ffa90556b7a956ed3eb327740a2435210cf704705666b062a020ba573c3
171,331.41152932,0.1706769375998,0xb787711b90c7a1be361204ce79ecdaf06c0157d7,2017-10-23T11:42:39.000Z,0.000515,0x343ff36f18c45cc86af0d91a1641c8fb779e53cd,sell,0x29d75277ac7f0335b2165d0895e8725cbf658d73,0x7f52d347f24667b7f9d7804888ebc363983b56d92ca1df119b25b40920f5c2e3
172,400,0.12,0x61b3b420cd544e64cdc4dc3cfca79108ee9022a0,2017-10-23T11:42:39.000Z,0.0003,0x343ff36f18c45cc86af0d91a1641c8fb779e53cd,sell,0x29d75277ac7f0335b2165d0895e8725cbf658d73,0x809c2c22453f4886fbfc015aa8d127cb2449f98764ac488586b3739e593f93f6
173,25900,13.986,0x4a072e4d6a63f688e8cfdfea16dea9acf61d7722,2017-10-23T11:40:57.000Z,0.00054,0x343ff36f18c45cc86af0d91a1641c8fb779e53cd,sell,0x29d75277ac7f0335b2165d0895e8725cbf658d73,0x9e01e76a3cad8bf9f234f52d51c54586f9117fe7b003a5d42c5a68e0d00c73ca
174,2000,1.122,0xfbf7dc0756a9768d0c71aea5f8421f3b1eaee7d1,2017-10-23T11:39:20.000Z,0.000561,0x343ff36f18c45cc86af0d91a1641c8fb779e53cd,sell,0x29d75277ac7f0335b2165d0895e8725cbf658d73,0xf2d56e5dff7cce7b1f586ec8c0542901f963cbca14746fd0799dd708e56f4163
175,27500,15.1525,0x343ff36f18c45cc86af0d91a1641c8fb779e53cd,2017-10-23T11:39:20.000Z,0.000551,0x343ff36f18c45cc86af0d91a1641c8fb779e53cd,sell,0x29d75277ac7f0335b2165d0895e8725cbf658d73,0x5763e52d1e9958472803f6d16ea66dbf48fbf47e6d7bbf984d6ddbaf545d12b8
176,1.47123731,0.001,0x4a57d0208164a1c1c63c75395dc444428a07b50a,2017-10-23T05:59:19.000Z,0.0006797000002671221,0xd558317d56e5b5a9f654437939fe5f26b6d67cd5,buy,0x29d75277ac7f0335b2165d0895e8725cbf658d73,0x38868a813b12b47e2fd4bca674e426f84eba2cafe8c2e145b90fe95c7980a91f
177,1500,0.753165,0x3dee4a4e076e8d82859d241db0baf46f112cfa23,2017-10-23T04:28:21.000Z,0.00050211,0x7bcac19e6b5ea7d86b3bf5122d4b20010f535bb7,sell,0x29d75277ac7f0335b2165d0895e8725cbf658d73,0xdf345e731d7c54ed0e31d6bfde1f298cc18b877210251cd1927402e29bf31a6b
178,2000,1.030004,0xf9a51086b5ed37c64187d70baf5c45ffeadf573b,2017-10-23T04:27:56.000Z,0.000515002,0x7bcac19e6b5ea7d86b3bf5122d4b20010f535bb7,sell,0x29d75277ac7f0335b2165d0895e8725cbf658d73,0x9659d822ef260e5c2113a75cc2fcea766609014c9a9ad5533da261407a3273da
179,2500,1.306275,0x3dee4a4e076e8d82859d241db0baf46f112cfa23,2017-10-23T04:27:38.000Z,0.00052251,0x7bcac19e6b5ea7d86b3bf5122d4b20010f535bb7,sell,0x29d75277ac7f0335b2165d0895e8725cbf658d73,0x8995c3926bb327eb3fc2ccabd7b8e41c3020eebe56c1a3667ca5ab99df69f397
180,15000,7.95,0x009a12d4290630bc01fd82516ac57c1dc6a9bcfb,2017-10-23T04:27:09.000Z,0.00053,0x7bcac19e6b5ea7d86b3bf5122d4b20010f535bb7,sell,0x29d75277ac7f0335b2165d0895e8725cbf658d73,0xb6a466687fb211a74c2104217219c346713dc56164a491d0987a91c12707dc7e
181,129.62686377,0.07583184493231376,0x167d2ab5324d28fdc71d8362f42c705df112cd49,2017-10-23T04:27:09.000Z,0.000585001,0x7bcac19e6b5ea7d86b3bf5122d4b20010f535bb7,sell,0x29d75277ac7f0335b2165d0895e8725cbf658d73,0xbc7d24e345d660e2ddd5106751d37858d8b46c779a63a6eb6a4ad1aae903abbd
182,19100,9.97975,0x493a4abe727c8c63ae72f8ea5385a126ea1f505c,2017-10-23T04:27:09.000Z,0.0005225,0x7bcac19e6b5ea7d86b3bf5122d4b20010f535bb7,sell,0x29d75277ac7f0335b2165d0895e8725cbf658d73,0xa7c3c06598761858d2f2d1a724292707b27b57911817f91530c6854b3cda946d
183,1800,1.02618,0xe4a4a8bce34dc0a44e872bc89fbf699c0aa43664,2017-10-23T04:27:09.000Z,0.0005701,0x7bcac19e6b5ea7d86b3bf5122d4b20010f535bb7,sell,0x29d75277ac7f0335b2165d0895e8725cbf658d73,0xe5cec47f0e7c059fdf3fb6af43f04f881d8dc3b4b8d80e38180b63b69c6ce645
184,4629,2.707969629,0x90cce28b9b6a9c79eaa2f11969ee1ebd9164e292,2017-10-23T04:26:38.000Z,0.000585001,0x7bcac19e6b5ea7d86b3bf5122d4b20010f535bb7,sell,0x29d75277ac7f0335b2165d0895e8725cbf658d73,0x35f85d7a40aa120b47ed945bab37ce2cc3465c15d7072d89fae8d232394d0ff2
185,1596.031,0.9344761505,0xf134d22dd3a965e750918d2b0bb0a6a73c465131,2017-10-23T04:26:31.000Z,0.0005855,0x7bcac19e6b5ea7d86b3bf5122d4b20010f535bb7,sell,0x29d75277ac7f0335b2165d0895e8725cbf658d73,0xbad2e1e606dc1ba3625a7ab76b538e26169e5a774eabdf86538d05daff0536ca
186,1904.53588019,1.1141572989829103,0xf9a51086b5ed37c64187d70baf5c45ffeadf573b,2017-10-23T04:26:31.000Z,0.000585002,0x7bcac19e6b5ea7d86b3bf5122d4b20010f535bb7,sell,0x29d75277ac7f0335b2165d0895e8725cbf658d73,0xc497ebb24976b8b4e0d7e066ab16bbf3ca3f7b580f812be48ec9502594b6a935
187,1,0.0005855,0xf134d22dd3a965e750918d2b0bb0a6a73c465131,2017-10-23T03:46:48.000Z,0.0005855,0x7d053385a05276eedcaf706325ae34ae544741a6,sell,0x29d75277ac7f0335b2165d0895e8725cbf658d73,0x43259def34991a53c58d30e075a83efb4063c6c79d8a75b9ef7a36e6d4b6cd07
188,1.18151601,0.000691777623855,0xf134d22dd3a965e750918d2b0bb0a6a73c465131,2017-10-23T03:24:11.000Z,0.0005855,0x6ffa40c4c973bb4b3006a7c51e1b5faedba6100d,sell,0x29d75277ac7f0335b2165d0895e8725cbf658d73,0x17c44a0b2cc1f0b5585e82392435abf6998668c044ed4b2703adfda00de778ed
189,95.46411981,0.05584670101708962,0xf9a51086b5ed37c64187d70baf5c45ffeadf573b,2017-10-23T03:23:36.000Z,0.000585002,0x013004456dacef309138bf1d935244bd9f657b05,sell,0x29d75277ac7f0335b2165d0895e8725cbf658d73,0x367ea6b1eb055eaf82ccd002120b2c34141f307e520cc1b2309f21b92452a2bb
190,11851.78704756,6.93922131634638,0xf134d22dd3a965e750918d2b0bb0a6a73c465131,2017-10-23T03:22:26.000Z,0.0005855,0x6ffa40c4c973bb4b3006a7c51e1b5faedba6100d,sell,0x29d75277ac7f0335b2165d0895e8725cbf658d73,0x46d2c5988256e99873a80221f41628a5a6998d167ef8b55aa66131b12b7ae31a
191,20000,11.711,0xf9a51086b5ed37c64187d70baf5c45ffeadf573b,2017-10-23T03:21:17.000Z,0.00058555,0x6ffa40c4c973bb4b3006a7c51e1b5faedba6100d,sell,0x29d75277ac7f0335b2165d0895e8725cbf658d73,0x89bc1fe08f634edb6e66603a4b95aa688dc8752dcb149e832a190408aa4f8c6a
192,842,0.500990842,0x1d428e4d7b36b4d114db519982e77d3fe3371632,2017-10-23T03:10:39.000Z,0.000595001,0x013004456dacef309138bf1d935244bd9f657b05,sell,0x29d75277ac7f0335b2165d0895e8725cbf658d73,0x36807ee59f8a0556fd7110ea38a2ee86bbc6ae6480a55d3ce53ae336a22958b4
193,200,0.1190004,0xf9a51086b5ed37c64187d70baf5c45ffeadf573b,2017-10-23T03:10:15.000Z,0.000595002,0x013004456dacef309138bf1d935244bd9f657b05,sell,0x29d75277ac7f0335b2165d0895e8725cbf658d73,0xd4d8af014a1b035f40c6c7dd27fc8b4def354e7dbe87f0ae5b53ce5d527f16b6
194,17266.492,10.3598952,0x922131a0ec60fae04bda9ec7b1677705aecac960,2017-10-23T02:53:45.000Z,0.0006,0x6ffa40c4c973bb4b3006a7c51e1b5faedba6100d,sell,0x29d75277ac7f0335b2165d0895e8725cbf658d73,0x2cd6938c79ca8408428a7f111f7aa92d57faa8efbf192adec29af0241b0513ed
195,1729.69858761,1.037819152566,0x922131a0ec60fae04bda9ec7b1677705aecac960,2017-10-23T02:06:15.000Z,0.0006,0x5756d6270f3723a413d0dafe24d511177d5cefec,sell,0x29d75277ac7f0335b2165d0895e8725cbf658d73,0xec5a1cf90f97642337b7d97b65b1957e40c3da7adfb6799159d3ac7cd5fe020f
196,1.84621574,0.001107729444,0x922131a0ec60fae04bda9ec7b1677705aecac960,2017-10-23T02:01:28.000Z,0.0006,0xa87a6017687f5d7607a4dde37624fa8eec9b0d45,sell,0x29d75277ac7f0335b2165d0895e8725cbf658d73,0x964892e45ddbc99474d6da67154e67a782128a31811414e0733dc22fc2c0ffa6
197,79.11980796,0.04984547901505333,0xb2fdce0acc7b25776199fdb79c49f22c9adb4cf6,2017-10-23T01:51:15.000Z,0.0006300000000032019,0x013004456dacef309138bf1d935244bd9f657b05,buy,0x29d75277ac7f0335b2165d0895e8725cbf658d73,0x0a9f7bfd3bb43a89e34c1a79f6c141b8a5b5abe9689e5ce8aa227a06475c9af4
198,11099,6.9424245,0xf9a51086b5ed37c64187d70baf5c45ffeadf573b,2017-10-23T01:21:37.000Z,0.0006255,0x578c62ce31d6b86fccba350aba707794ef1b1418,buy,0x29d75277ac7f0335b2165d0895e8725cbf658d73,0x601496320aec730e8c48fc72743ae5e780986fe8f53cebaae3996bddb9989c9b
199,1,0.0006255,0xe1fa699860444be91d366c21de8fef56e3dec77a,2017-10-22T17:47:56.000Z,0.0006255,0x578c62ce31d6b86fccba350aba707794ef1b1418,buy,0x29d75277ac7f0335b2165d0895e8725cbf658d73,0x7c0bdc6ac96d5571cf46710963836d7a204c8a28389f526d15d2cd04ffd2864d
200,3524.404,2.0656531844,0x167d2ab5324d28fdc71d8362f42c705df112cd49,2017-10-22T16:40:28.000Z,0.0005861,0x6ffa40c4c973bb4b3006a7c51e1b5faedba6100d,sell,0x29d75277ac7f0335b2165d0895e8725cbf658d73,0xe6bb76e70739778ecfdecbe54737d7132cd3446beafc92ffe36657b34edf9726
201,29690,17.39834,0x343ff36f18c45cc86af0d91a1641c8fb779e53cd,2017-10-22T16:37:56.000Z,0.000586,0x6ffa40c4c973bb4b3006a7c51e1b5faedba6100d,sell,0x29d75277ac7f0335b2165d0895e8725cbf658d73,0x096626583f4e2911963bb26c505e83dd84c2bb8d6c999c8fdd6c591e873fde11
202,775.59565347,0.454576612498767,0x167d2ab5324d28fdc71d8362f42c705df112cd49,2017-10-22T14:41:01.000Z,0.0005861,0x11147e61c9cc786dff1d7b7e59833b06bf01d678,sell,0x29d75277ac7f0335b2165d0895e8725cbf658d73,0xb608cdd07d89dfee38f1460937c2cde5a643e67ef61705e45832f667e04bd8fb
203,760.49549775,0.4448906266792477,0x167d2ab5324d28fdc71d8362f42c705df112cd49,2017-10-22T14:02:59.000Z,0.000585001,0xff239844502fd87f10f999256d5362292f8cb3ec,sell,0x29d75277ac7f0335b2165d0895e8725cbf658d73,0xf3d79b4e9efdfe90f74cce85f84f8826b290312796e84d641a41c5aa9d85e226
204,10.49549775,0.00609788419275,0x167d2ab5324d28fdc71d8362f42c705df112cd49,2017-10-22T13:42:30.000Z,0.000581,0x0181abce0c530a7cfaf5363d27945a8c71015e29,sell,0x29d75277ac7f0335b2165d0895e8725cbf658d73,0x5f94bf9a8afe8d1bcee8646e14e31a89a6d956ebc81d39ee906bd54ec431f34b
205,530.495,0.3395168,0xbdacb9c68124ab5f27d3b1795dca52a746d0d757,2017-10-22T10:43:12.000Z,0.00064,0xa7e2affd54d9107bb4eeb951ee5a97bf240961fb,buy,0x29d75277ac7f0335b2165d0895e8725cbf658d73,0xbe714700d4d2b9a918cad0149497016e2d3e1056b6a425600d922cfc3c785952
206,1001.96258732,0.5811383006456,0x922131a0ec60fae04bda9ec7b1677705aecac960,2017-10-22T10:31:10.000Z,0.00058,0x691471873c5fd418872d0964ffce4bbf505d45b1,sell,0x29d75277ac7f0335b2165d0895e8725cbf658d73,0x42109bc27291762ac5178d2bc62861eadb587cfdf7e53fefac8a4b924da1e700
207,1230,0.7872,0x273a5d3e6721b9f5c1a6474f560c1334c63dda01,2017-10-22T10:27:49.000Z,0.00064,0xa7e2affd54d9107bb4eeb951ee5a97bf240961fb,buy,0x29d75277ac7f0335b2165d0895e8725cbf658d73,0xa2f2fff5d3549159e8adf5e0e46851fa61653baad0908a67691ebe7c83069619
208,1226.31,0.79673238069,0x7ca2915b3a21b688343f75585d3311259674ec15,2017-10-22T10:27:49.000Z,0.000649699,0x273a5d3e6721b9f5c1a6474f560c1334c63dda01,sell,0x29d75277ac7f0335b2165d0895e8725cbf658d73,0xa2f2fff5d3549159e8adf5e0e46851fa61653baad0908a67691ebe7c83069619
209,1094.1031444,0.6728734338107808,0x50e76e8a192cf9d427d4391e436a0689ca9bd0c5,2017-10-22T07:26:04.000Z,0.0006150000000043695,0x578c62ce31d6b86fccba350aba707794ef1b1418,buy,0x29d75277ac7f0335b2165d0895e8725cbf658d73,0xbee45ef048f1ae291f8f49e4a6295bc038294ca8b20dff2740bae2da89dcf8f2
210,4943.50797696,3.0056528499944224,0x50e76e8a192cf9d427d4391e436a0689ca9bd0c5,2017-10-22T07:20:33.000Z,0.0006080000000005548,0x922131a0ec60fae04bda9ec7b1677705aecac960,buy,0x29d75277ac7f0335b2165d0895e8725cbf658d73,0x357f0a9980c18f39651759749b8f27e60c37c96423ffc28e3dfdd28bed192371
211,819.82695748,0.49845479015053334,0x1d428e4d7b36b4d114db519982e77d3fe3371632,2017-10-22T06:58:04.000Z,0.0006080000000032853,0x922131a0ec60fae04bda9ec7b1677705aecac960,buy,0x29d75277ac7f0335b2165d0895e8725cbf658d73,0x6dab752aa65e1ba649c0c471c275d5884f2ba51cb8f286817812e1a0ec2b59ae
212,0.90915712,0.000552767529222864,0xa84df3098ad8cfa5621618a71c6f25ed719b67aa,2017-10-22T06:14:23.000Z,0.0006080000002891293,0x922131a0ec60fae04bda9ec7b1677705aecac960,buy,0x29d75277ac7f0335b2165d0895e8725cbf658d73,0xabc4f1cc3b9238dd691d78e8d1928c29e5de6c4f565f9abbb6dc37633a6273bd
213,9119.75507505,5.5448110856345325,0xa84df3098ad8cfa5621618a71c6f25ed719b67aa,2017-10-22T06:13:26.000Z,0.0006080000000004532,0x922131a0ec60fae04bda9ec7b1677705aecac960,buy,0x29d75277ac7f0335b2165d0895e8725cbf658d73,0xc80dfb7fb81a0f6be45e6262c3d710774d8f807192b62c5f82ebafe95d025678
214,2655,1.61424,0xdb95ffc525554da455565b6f68c2c3b0b74e8a16,2017-10-22T05:31:57.000Z,0.000608,0x922131a0ec60fae04bda9ec7b1677705aecac960,buy,0x29d75277ac7f0335b2165d0895e8725cbf658d73,0xb25891459080a53bbf909a5731d55d64a08f837526649c16c2fda9cbf27b1c5a
215,2461.00083337,1.4962885066912883,0xdb95ffc525554da455565b6f68c2c3b0b74e8a16,2017-10-22T05:14:39.000Z,0.0006080000000009461,0x922131a0ec60fae04bda9ec7b1677705aecac960,buy,0x29d75277ac7f0335b2165d0895e8725cbf658d73,0x44b291a15b6d4dad08b7fee6c2550b3a7d899627fc086d09e1060477b03804a0
216,394,0.197394394,0x2e26035b04213530deeea6a3874d0f4143bce939,2017-10-22T01:16:02.000Z,0.000501001,0xfc73413d8dcc28d271cde376835edf6690fa91a8,sell,0x29d75277ac7f0335b2165d0895e8725cbf658d73,0x3ba0cc2d502c3b89b78a11c60f3b2a53ca2f027fa67d7644a51e6cf9bd7ddef0
217,14.61251187,0.00888439260444813,0x9bbd2f5a8beb3aa5ba7cc652c558164894a6ee94,2017-10-22T01:15:08.000Z,0.000607999,0xfc73413d8dcc28d271cde376835edf6690fa91a8,sell,0x29d75277ac7f0335b2165d0895e8725cbf658d73,0x7732b0c1ad70f1d43f267437aebce064f1f40e2b3e268d47c1065859111d5362
218,3000,1.533,0x1a5486b6d08a50a3f1082eee3633dc53c3d9da18,2017-10-22T01:12:52.000Z,0.000511,0xfc73413d8dcc28d271cde376835edf6690fa91a8,sell,0x29d75277ac7f0335b2165d0895e8725cbf658d73,0x240be33b0fea6a0d41e8f1e85b3419cafdb8d6cba259ba29f1ba132e90455979
219,15094.3,7.999979,0xbd9170a154b66718487f2fded176031f83758326,2017-10-22T00:40:34.000Z,0.00053,0x922131a0ec60fae04bda9ec7b1677705aecac960,sell,0x29d75277ac7f0335b2165d0895e8725cbf658d73,0x3ad03245e6d4d59d27c8030cadd42bc1584ec1e5ea8fffc53403b6f10ab5fd50
220,17622.57450903,9.3399644897859,0xbd9170a154b66718487f2fded176031f83758326,2017-10-22T00:40:34.000Z,0.00053,0x922131a0ec60fae04bda9ec7b1677705aecac960,sell,0x29d75277ac7f0335b2165d0895e8725cbf658d73,0x6954e345989fbedbc5db132586bbddd4fc38753428e7bdf3f9ed8b301dc44bf8
221,18867.9,9.999987,0xbd9170a154b66718487f2fded176031f83758326,2017-10-22T00:38:05.000Z,0.00053,0x922131a0ec60fae04bda9ec7b1677705aecac960,sell,0x29d75277ac7f0335b2165d0895e8725cbf658d73,0xdfd6fa86f1c476583ecc2b63c83ce91dd0a428fa52eecb2dc4abf747639f9045
222,1245.32549097,0.6600225102141,0xbd9170a154b66718487f2fded176031f83758326,2017-10-22T00:22:29.000Z,0.00053,0xc5cec30aa2e789a001e8c288e4c1ad25db0ca9bc,sell,0x29d75277ac7f0335b2165d0895e8725cbf658d73,0xa6139407fbc142a3bafeef3dd7f57fd08025185c0bd938f5fea1173721c38fe1
223,3,0.001823997,0xedf5de3807d23e5d85b0caa1e10d52b85c2a6965,2017-10-21T23:28:32.000Z,0.000607999,0x6ffa40c4c973bb4b3006a7c51e1b5faedba6100d,buy,0x29d75277ac7f0335b2165d0895e8725cbf658d73,0xb305c5ccc178052d51a1e2577603b15dd31387963e40759c1e5cfa97370ff219
224,70,0.04255993,0x9bbd2f5a8beb3aa5ba7cc652c558164894a6ee94,2017-10-21T21:48:01.000Z,0.000607999,0x6ffa40c4c973bb4b3006a7c51e1b5faedba6100d,buy,0x29d75277ac7f0335b2165d0895e8725cbf658d73,0xbd80198f510762a72ace6abecf0fe4b4c16a02ea72e1de437a1678b87e98d0e5
225,463,0.281503537,0xfb4a448bf15750b0aa46b592a3c75503b917efc5,2017-10-21T20:46:53.000Z,0.000607999,0x6ffa40c4c973bb4b3006a7c51e1b5faedba6100d,buy,0x29d75277ac7f0335b2165d0895e8725cbf658d73,0x36146e5caac01dd148922b425ae7fec3ffeffea36b7afe26d7ca385f2476addf
226,338,0.19942,0xfb4a448bf15750b0aa46b592a3c75503b917efc5,2017-10-21T20:44:43.000Z,0.00059,0x493a2afd4d49a26fe1d9e2009af23308676a0657,buy,0x29d75277ac7f0335b2165d0895e8725cbf658d73,0x66d7375f540d19d3c00bad77f2108f80d0f14b029dcc80e32a22bc8a48c7ac44
227,54.55993382,0.0278255662482,0x06811a2b589d9a80d20925ab683a32ef796b4648,2017-10-21T18:27:38.000Z,0.00051,0x58fd9a65e026eb1393a83ceb098bfade49a1ceb8,sell,0x29d75277ac7f0335b2165d0895e8725cbf658d73,0x1bda19f9c0a44487070804681b8143895b4c0996cf7253dc9a86ad031cd49ad4
228,1500,0.9119985,0x2e26035b04213530deeea6a3874d0f4143bce939,2017-10-21T17:23:57.000Z,0.000607999,0x6ffa40c4c973bb4b3006a7c51e1b5faedba6100d,buy,0x29d75277ac7f0335b2165d0895e8725cbf658d73,0xbf6a6d79f897e33e060fc7c388c49e49d1f8f631608f8e34324238aa5921d2ed
229,2000,1.215998,0x2e26035b04213530deeea6a3874d0f4143bce939,2017-10-21T16:24:22.000Z,0.000607999,0x6ffa40c4c973bb4b3006a7c51e1b5faedba6100d,buy,0x29d75277ac7f0335b2165d0895e8725cbf658d73,0xa41bc3608d7b6f797a3101203505f074ab46ad7a8fa15888331d0e8806345e79
230,500,0.3039995,0x2e26035b04213530deeea6a3874d0f4143bce939,2017-10-21T16:23:38.000Z,0.000607999,0x6ffa40c4c973bb4b3006a7c51e1b5faedba6100d,buy,0x29d75277ac7f0335b2165d0895e8725cbf658d73,0xabc7fe9c03b3a737fe01c96310fd4787eae19b883096f52ec7f2ffe197649c63
231,0.00000003,0.000000000019102594,0xa84df3098ad8cfa5621618a71c6f25ed719b67aa,2017-10-21T16:20:40.000Z,0.0006367531333333333,0x6ffa40c4c973bb4b3006a7c51e1b5faedba6100d,buy,0x29d75277ac7f0335b2165d0895e8725cbf658d73,0x9931646d77ea9060ad4af06cc86d14b8e1cfb77655b7b8a356c9a9d9611c1498
232,0.00031516,0.000000191618124702,0xa84df3098ad8cfa5621618a71c6f25ed719b67aa,2017-10-21T16:17:57.000Z,0.0006080026802322629,0x6ffa40c4c973bb4b3006a7c51e1b5faedba6100d,buy,0x29d75277ac7f0335b2165d0895e8725cbf658d73,0x65364dd3738d07dc91112e3b371dfed388d14335ab6071e5352e59df4577dc12
233,3.16138909,0.001922121408878216,0xa84df3098ad8cfa5621618a71c6f25ed719b67aa,2017-10-21T16:14:20.000Z,0.000607999001122072,0x6ffa40c4c973bb4b3006a7c51e1b5faedba6100d,buy,0x29d75277ac7f0335b2165d0895e8725cbf658d73,0x59cb42203b147e1e471657ec21b38295b38cdf1d05589632987c795eafa03d8b
234,31711.89402031,19.28079985245738,0xa84df3098ad8cfa5621618a71c6f25ed719b67aa,2017-10-21T16:11:38.000Z,0.0006079990000000922,0x6ffa40c4c973bb4b3006a7c51e1b5faedba6100d,buy,0x29d75277ac7f0335b2165d0895e8725cbf658d73,0xb7bc45f5f318d63874cbe5a839d78ce8c5dc773262cd3f0299ed3df7faba8884
235,5000,2.944,0xa84df3098ad8cfa5621618a71c6f25ed719b67aa,2017-10-21T16:10:32.000Z,0.0005888,0x5c71f7ca58238adbffcb03ce76fb2f8640a015c5,buy,0x29d75277ac7f0335b2165d0895e8725cbf658d73,0xbe551de485d45915de87dae255e50c54e2a11be446e3f23b27047eebd5910de8
236,14788,8.680556,0xa84df3098ad8cfa5621618a71c6f25ed719b67aa,2017-10-21T16:07:57.000Z,0.000587,0x922131a0ec60fae04bda9ec7b1677705aecac960,buy,0x29d75277ac7f0335b2165d0895e8725cbf658d73,0x8cd875e5020741c0ad4c531a14ae287265b844c7a07504686327a2103fd46468
237,5000,2.51,0x1a5486b6d08a50a3f1082eee3633dc53c3d9da18,2017-10-21T12:31:48.000Z,0.000502,0x922131a0ec60fae04bda9ec7b1677705aecac960,sell,0x29d75277ac7f0335b2165d0895e8725cbf658d73,0xcb4d3c18849810b31c33a7a7a811a962870d092031b4c0df507020ebd6de28ca
238,210,0.12327,0xc85d3baba724711ce7b43e746acf9c6bf38e6ec5,2017-10-21T11:12:48.000Z,0.000587,0x922131a0ec60fae04bda9ec7b1677705aecac960,buy,0x29d75277ac7f0335b2165d0895e8725cbf658d73,0x79aa92c3da46f1c57611a92599ad88cdf1e5c08be783ec9321d77feb1c97490a
239,240.36586581,0.1225865915631,0x06811a2b589d9a80d20925ab683a32ef796b4648,2017-10-21T11:01:26.000Z,0.00051,0x1451dbe4304a60b5b25b4d98b355effd440417af,sell,0x29d75277ac7f0335b2165d0895e8725cbf658d73,0x4e6aa236082ab361516aa941fdeb577645ac9bbe6295459ead4f42af1d06157c
240,2662.25600638,1.331394228790638,0x63f33ced02429eca601622520cc0d8088891e330,2017-10-21T10:07:15.000Z,0.0005001,0x3e95a6cb2cfbf69b98a384b835f3c88ea701412b,sell,0x29d75277ac7f0335b2165d0895e8725cbf658d73,0x88946dad345320d85a282526b36cbe548e5ccebe6f6526707bca63a21d1d6d9f
241,2,0.001174,0xb4c432a9559a4f1464d2bff9fcbbdc14f1c39dec,2017-10-21T09:07:54.000Z,0.000587,0x922131a0ec60fae04bda9ec7b1677705aecac960,buy,0x29d75277ac7f0335b2165d0895e8725cbf658d73,0x155a22b4bcb630656fb304b6c8c926414bf56fc4df4d3fbb7b4e514a7c808a69
242,900,0.459,0xc839123da500b8ee4582c95eeb3ecfb0eebd4cf4,2017-10-21T08:38:27.000Z,0.00051,0x922131a0ec60fae04bda9ec7b1677705aecac960,sell,0x29d75277ac7f0335b2165d0895e8725cbf658d73,0xe89ab4c5d0f0870d1973bcc368aff46278d5ad483391d306f14055549ed71a7c
243,5000,2.5005,0x1a5486b6d08a50a3f1082eee3633dc53c3d9da18,2017-10-21T08:37:43.000Z,0.0005001,0x922131a0ec60fae04bda9ec7b1677705aecac960,sell,0x29d75277ac7f0335b2165d0895e8725cbf658d73,0x47e68c7925a603b29ec8860ef74974fdd6994b52e8bfc6aea81f8eed8b6ae8ef
244,25000,12.50025,0x009a12d4290630bc01fd82516ac57c1dc6a9bcfb,2017-10-21T08:36:27.000Z,0.00050001,0x922131a0ec60fae04bda9ec7b1677705aecac960,sell,0x29d75277ac7f0335b2165d0895e8725cbf658d73,0x59f6e2965554d423287183e96a822fe235e5f1235d244905b1af66e843d71583
245,2000,1.02002,0x3dee4a4e076e8d82859d241db0baf46f112cfa23,2017-10-21T08:35:31.000Z,0.00051001,0x922131a0ec60fae04bda9ec7b1677705aecac960,sell,0x29d75277ac7f0335b2165d0895e8725cbf658d73,0x4b9226cd30df78686a3c4938bdc26c6bbb83b40f096d5fda918e61ece18a65c5
246,705.07420037,0.3595878421887,0x06811a2b589d9a80d20925ab683a32ef796b4648,2017-10-21T07:19:03.000Z,0.00051,0xa54df98f787abbb13f09d096c55d25cc16592831,sell,0x29d75277ac7f0335b2165d0895e8725cbf658d73,0x9f8bb7487fc899cbc8f54ff9b081ab9db49a655de7bfb9b612779acbb38028a7
247,10000,5.0001,0xf567d5dc358662ada2855f3326b1b9be957849aa,2017-10-21T04:54:52.000Z,0.00050001,0x922131a0ec60fae04bda9ec7b1677705aecac960,sell,0x29d75277ac7f0335b2165d0895e8725cbf658d73,0x0810cf4c3420b49f686aca88629d98852d796c9e310f892208d3844d843e9be8
248,5900,2.955959,0x7acfc59944be1a633f9df99565ccfc79414a8f99,2017-10-21T04:38:52.000Z,0.00050101,0x922131a0ec60fae04bda9ec7b1677705aecac960,sell,0x29d75277ac7f0335b2165d0895e8725cbf658d73,0xb13302e613113f6278dcb7e7e0de12ab6c6863ddca14128f19bcf66ff7464e71
249,5000,2.505,0x1a5486b6d08a50a3f1082eee3633dc53c3d9da18,2017-10-21T04:31:54.000Z,0.000501,0x922131a0ec60fae04bda9ec7b1677705aecac960,sell,0x29d75277ac7f0335b2165d0895e8725cbf658d73,0x844827d5eb6e70eca15fad8d9ad3bcd0fbc95eac0821c107e32b1fbb378b4205
250,15000,7.5015,0x009a12d4290630bc01fd82516ac57c1dc6a9bcfb,2017-10-21T04:22:14.000Z,0.0005001,0x922131a0ec60fae04bda9ec7b1677705aecac960,sell,0x29d75277ac7f0335b2165d0895e8725cbf658d73,0x385b56e2bbb6c291b42f7bc2365703b8441a337908241d9057f68a2c6c54e58f
251,20000,10.002,0x009a12d4290630bc01fd82516ac57c1dc6a9bcfb,2017-10-21T03:57:29.000Z,0.0005001,0x922131a0ec60fae04bda9ec7b1677705aecac960,sell,0x29d75277ac7f0335b2165d0895e8725cbf658d73,0xba799bede0bfb7058260f116d61b8f90e8d776456c123f5f94901a6992b052e7
252,20000,10.002,0x009a12d4290630bc01fd82516ac57c1dc6a9bcfb,2017-10-21T03:47:27.000Z,0.0005001,0x922131a0ec60fae04bda9ec7b1677705aecac960,sell,0x29d75277ac7f0335b2165d0895e8725cbf658d73,0xd101a05111c041ca7173558cf203c65b76b9b1f04e75c69d0885a1b5d8687f35
253,20000,10.02,0x009a12d4290630bc01fd82516ac57c1dc6a9bcfb,2017-10-21T03:44:58.000Z,0.000501,0x922131a0ec60fae04bda9ec7b1677705aecac960,sell,0x29d75277ac7f0335b2165d0895e8725cbf658d73,0x87c8abb9cf269db699efdb74cbd9f54d9a47077df85fb9a33a9849df7d3481f4
254,20000,10.002,0x009a12d4290630bc01fd82516ac57c1dc6a9bcfb,2017-10-21T03:29:15.000Z,0.0005001,0x922131a0ec60fae04bda9ec7b1677705aecac960,sell,0x29d75277ac7f0335b2165d0895e8725cbf658d73,0x6bea564b10e9e249a45d398ca001be7097672c5a3ac84fa134fe3f5e5320f6e4
255,5000,2.501,0xf567d5dc358662ada2855f3326b1b9be957849aa,2017-10-21T02:51:13.000Z,0.0005002,0x922131a0ec60fae04bda9ec7b1677705aecac960,sell,0x29d75277ac7f0335b2165d0895e8725cbf658d73,0xd6e1d27d94389a31413df46a5f985b4fd995fa3dc0037fbcc1e51ff4c545e55c
256,10000,5.00001,0x71f1c5efde0716cdc12609296edda94575e1989a,2017-10-21T02:50:32.000Z,0.000500001,0x922131a0ec60fae04bda9ec7b1677705aecac960,sell,0x29d75277ac7f0335b2165d0895e8725cbf658d73,0xfe6ac40a634899ea3ead60b168684c39f0c4f19e930bb698bbdca64701ae4aa2
257,2115.16695201,1.0999502700537602,0x7acfc59944be1a633f9df99565ccfc79414a8f99,2017-10-21T02:29:08.000Z,0.00052003,0x922131a0ec60fae04bda9ec7b1677705aecac960,sell,0x29d75277ac7f0335b2165d0895e8725cbf658d73,0x57b98872ed745621432ac2da3b80fb82afcb3a96e43da545d7292dc1b68f3948
258,9367.324,4.87119582648,0x63f33ced02429eca601622520cc0d8088891e330,2017-10-21T02:26:15.000Z,0.00052002,0x922131a0ec60fae04bda9ec7b1677705aecac960,sell,0x29d75277ac7f0335b2165d0895e8725cbf658d73,0xfa9d9fb1e9320ab98b85ddf412eeb0763edb4a6f25b975b9cd5383ab99a8f829
259,5000,2.60015,0x7acfc59944be1a633f9df99565ccfc79414a8f99,2017-10-21T02:25:44.000Z,0.00052003,0x922131a0ec60fae04bda9ec7b1677705aecac960,sell,0x29d75277ac7f0335b2165d0895e8725cbf658d73,0x773467c0f5cefc8ff6e5d51970c89bc1d9a59636b9bb5f57fe5047e90ed6789c
260,1607.84084608,0.844116444192,0x1da251119e3a70bcb4aed858bd2acccff2155077,2017-10-21T00:20:23.000Z,0.000525,0x24dab92957fb315b9a36f44802c2ba1f1bb66b37,sell,0x29d75277ac7f0335b2165d0895e8725cbf658d73,0xf5ca67e549d8d7ed86c9cbdde3bb610f6e918b93eb3aac0da1e26fcdd76fa075
261,0.36324439,0.00019070330475,0x1da251119e3a70bcb4aed858bd2acccff2155077,2017-10-21T00:00:55.000Z,0.000525,0x24dab92957fb315b9a36f44802c2ba1f1bb66b37,sell,0x29d75277ac7f0335b2165d0895e8725cbf658d73,0x078c34fc0d0ef515ac513eb66c9f34fa9ed5f4d64347b36404c475c96e9c5224
262,1993.8191606,0.9470660951041606,0x2e26035b04213530deeea6a3874d0f4143bce939,2017-10-20T21:57:33.000Z,0.000475001,0x708f097dc2b7c7deca50c9162f1571962dedf909,sell,0x29d75277ac7f0335b2165d0895e8725cbf658d73,0x780206dbcb1047efb0ad9314ccc8aaaf92b2e3dc0595c756f8396bb693d4a601
263,632.67570531,0.3290040202753062,0x63f33ced02429eca601622520cc0d8088891e330,2017-10-20T19:01:36.000Z,0.00052002,0x75b94b59e59f31f1c1744396c189a4f22cc569e2,sell,0x29d75277ac7f0335b2165d0895e8725cbf658d73,0xbf3f24392c06acf8daba77c9cc6c2b11b488f44809088221f3c867a9b7920ea3
264,250,0.13025,0x63f33ced02429eca601622520cc0d8088891e330,2017-10-20T18:23:58.000Z,0.000521,0x1ed014aec47fae44c9e55bac7662c0b78ae61798,sell,0x29d75277ac7f0335b2165d0895e8725cbf658d73,0x88dfc1701500867d0210b849e685cd14a88e67e73af79102e742bfe741d9fa5c
265,1000,0.520002,0xf567d5dc358662ada2855f3326b1b9be957849aa,2017-10-20T18:23:58.000Z,0.000520002,0x1ed014aec47fae44c9e55bac7662c0b78ae61798,sell,0x29d75277ac7f0335b2165d0895e8725cbf658d73,0xe9533c29d3be5b46eb5545ae296b8891cb467be4c242c31ecc5508a2f83c6e71
266,3300,1.71963,0x24dab92957fb315b9a36f44802c2ba1f1bb66b37,2017-10-20T08:51:52.000Z,0.0005211,0x922131a0ec60fae04bda9ec7b1677705aecac960,sell,0x29d75277ac7f0335b2165d0895e8725cbf658d73,0x91a8cb41234bdad5a94b354bbc69a65c73f27f9f174817b7d6ff187f7156f111
267,2500,1.3127525,0x3dee4a4e076e8d82859d241db0baf46f112cfa23,2017-10-20T06:18:49.000Z,0.000525101,0x922131a0ec60fae04bda9ec7b1677705aecac960,sell,0x29d75277ac7f0335b2165d0895e8725cbf658d73,0x8191125cf1328f2035e1610f0c9458eaa0e808b0b136c640eaac0c941da23700
268,10000,5.26,0x24dab92957fb315b9a36f44802c2ba1f1bb66b37,2017-10-20T05:44:55.000Z,0.000526,0x922131a0ec60fae04bda9ec7b1677705aecac960,sell,0x29d75277ac7f0335b2165d0895e8725cbf658d73,0x1249b8198ffcc29adaac8dab212d3dcdf49af7b867487f7b1f357b30efc8ae8c
269,5000,2.6275,0xf134d22dd3a965e750918d2b0bb0a6a73c465131,2017-10-20T05:44:06.000Z,0.0005255,0x922131a0ec60fae04bda9ec7b1677705aecac960,sell,0x29d75277ac7f0335b2165d0895e8725cbf658d73,0x263483995f9791a74beea73795a5d43fb9eb0990385fbaf9c4bd14bda4d7351a
270,13000,6.8263,0xf134d22dd3a965e750918d2b0bb0a6a73c465131,2017-10-20T05:42:41.000Z,0.0005251,0x922131a0ec60fae04bda9ec7b1677705aecac960,sell,0x29d75277ac7f0335b2165d0895e8725cbf658d73,0xb6b976d521e630bca60ee99f4ccf5b674268d5d8b87e8e9fa29eebb181549eb0
271,3000,1.578,0x24dab92957fb315b9a36f44802c2ba1f1bb66b37,2017-10-20T05:38:41.000Z,0.000526,0x922131a0ec60fae04bda9ec7b1677705aecac960,sell,0x29d75277ac7f0335b2165d0895e8725cbf658d73,0xb4ed834f8c585da6779f3e2a337f4ed05a27a8b9fb0390501ab23e150595b06e
272,1495.36437045,0.7865616588567,0x24dab92957fb315b9a36f44802c2ba1f1bb66b37,2017-10-20T05:15:02.000Z,0.000526,0x7bd29214aa3ddf8d6f67e727efa33487c4bc1599,sell,0x29d75277ac7f0335b2165d0895e8725cbf658d73,0x9aec1bff2b5fcbf1fd1e4915c1ae3877a844fa3f09099a7650806b82cc82383d
273,160,0.08320016,0x2e26035b04213530deeea6a3874d0f4143bce939,2017-10-20T02:04:07.000Z,0.000520001,0x2a0b4c7251223fd0afc90fa5ecda42ee8c0b65bf,sell,0x29d75277ac7f0335b2165d0895e8725cbf658d73,0x0ba3ffc9822355d367426e4224301dd66025a975d6efec67218cd75a987bae97
274,40.353,0.0242118,0x83e6b5e0b571030839d846656c2a4ebf614862d8,2017-10-20T02:02:58.000Z,0.0006,0x2a0b4c7251223fd0afc90fa5ecda42ee8c0b65bf,sell,0x29d75277ac7f0335b2165d0895e8725cbf658d73,0xf18a108b9fc1036276f9ee28a8f27109c9daa48a2ef38519633c248e630d33d0
275,10,0.00625,0x83e6b5e0b571030839d846656c2a4ebf614862d8,2017-10-20T02:02:31.000Z,0.000625,0x2a0b4c7251223fd0afc90fa5ecda42ee8c0b65bf,sell,0x29d75277ac7f0335b2165d0895e8725cbf658d73,0x2cd57118a88ed7a695922c7ca84d23f09dc64378e844dbe3711ee82c648c95fc
276,190,0.1045,0x1aefab6a6afcba31b12908f414bf6bd133b184f7,2017-10-20T02:02:31.000Z,0.00055,0x2a0b4c7251223fd0afc90fa5ecda42ee8c0b65bf,sell,0x29d75277ac7f0335b2165d0895e8725cbf658d73,0x0fa7569ecf0f29c49cf04d554869d96405a0a4331a602f49b5386532b5632a57
277,20,0.0125,0x96373170538a83c7674ef92f41d195203a8abe09,2017-10-19T23:29:04.000Z,0.000625,0x4e91f662386302d1f5c0c144a878e8a74f81b52c,buy,0x29d75277ac7f0335b2165d0895e8725cbf658d73,0xa5f781a9ebfb9ae3ff6ae07f9306f36db57d8c4d951566237c084fbe35facb75
278,200,0.125,0xfb4a448bf15750b0aa46b592a3c75503b917efc5,2017-10-19T22:06:04.000Z,0.000625,0x4e91f662386302d1f5c0c144a878e8a74f81b52c,buy,0x29d75277ac7f0335b2165d0895e8725cbf658d73,0xafa23b76fe98de63bd4f41836d2ae630a933a24973c14786f4d6f12a4f9c4ca9
279,2220.81709166,1.4428626436392327,0xec4efee459ca695fb9823aa56706d8e74f2cbc9e,2017-10-19T16:54:03.000Z,0.0006496990000021713,0xa2ba72eda57c8ad103df0020e26f6906b3ce9512,buy,0x29d75277ac7f0335b2165d0895e8725cbf658d73,0x9805e6ceaa6658245d230af92fd7c0ae8f01fef989e6c1df65562d7fa3500bc3
280,90.289,0.05730191385,0xec4efee459ca695fb9823aa56706d8e74f2cbc9e,2017-10-19T16:52:51.000Z,0.00063465,0x7020ddf1b9a57c139da395a4f96b041df5d24203,buy,0x29d75277ac7f0335b2165d0895e8725cbf658d73,0x844a0dbdd503be06179ea11dac22cf75fc7044066c6343c6543754827cdaced9
281,10,0.00520001,0x2e26035b04213530deeea6a3874d0f4143bce939,2017-10-19T16:30:08.000Z,0.000520001,0x0c79da3fab49edefa8a10d900273b50e797d88ca,sell,0x29d75277ac7f0335b2165d0895e8725cbf658d73,0xc7be666d92fbaa2130b23ce74197266ff506377edfca5ea061682a1836c6ce82
282,151.12832729,0.07858688131912729,0x2e26035b04213530deeea6a3874d0f4143bce939,2017-10-19T15:50:05.000Z,0.000520001,0xeb5c99703480e087a122c6343ce2a6c54e11e5ed,sell,0x29d75277ac7f0335b2165d0895e8725cbf658d73,0x53017edb83e406d89762cdea8a29702a5d32468d727239b99de93fe6571d531a
283,612,0.35496,0x79be04cb83a36114272286146667e0f7e52e01fc,2017-10-19T15:47:24.000Z,0.00058,0xeb5c99703480e087a122c6343ce2a6c54e11e5ed,sell,0x29d75277ac7f0335b2165d0895e8725cbf658d73,0x34b3f494fb2c978fb66594248d61459b48518f47bda230b6af690e1502b3c222
284,387.86711693,0.2172055854808,0x79be04cb83a36114272286146667e0f7e52e01fc,2017-10-19T15:09:53.000Z,0.00056,0xdf908cbd00625a2ac3781af1ec2db48992d820f2,sell,0x29d75277ac7f0335b2165d0895e8725cbf658d73,0x0ef6333756d700d6e9e53e4a075867d34da7cfb94af17f6039b6e81e5e66cc9d
285,29908.13532802,18.981198085933606,0xbd9170a154b66718487f2fded176031f83758326,2017-10-19T14:01:51.000Z,0.000634650000000191,0x7020ddf1b9a57c139da395a4f96b041df5d24203,buy,0x29d75277ac7f0335b2165d0895e8725cbf658d73,0xf142a9cc2525c4aa24e2584b9af125890ed206e3f3c0a5124966513b6bcc5343
286,1999,1.1994,0xbd9170a154b66718487f2fded176031f83758326,2017-10-19T13:56:52.000Z,0.0006,0x06811a2b589d9a80d20925ab683a32ef796b4648,buy,0x29d75277ac7f0335b2165d0895e8725cbf658d73,0xab045681bbaa1c1fe0d2656278b59ddccb8955ff0a42c847533446790d415e37
287,20000,11.6,0xbd9170a154b66718487f2fded176031f83758326,2017-10-19T13:53:08.000Z,0.00058,0x922131a0ec60fae04bda9ec7b1677705aecac960,buy,0x29d75277ac7f0335b2165d0895e8725cbf658d73,0xdc0d36b73d206195fd60ce9d734e95c4bee582b1202149ecb5c3c3c2b4c056d6
288,100,0.054,0xbd9170a154b66718487f2fded176031f83758326,2017-10-19T13:14:14.000Z,0.00054,0xf50b4aab0c0922591cc478937197a6b88dc07818,buy,0x29d75277ac7f0335b2165d0895e8725cbf658d73,0xa0ef6875fcd5071573242a33a973fcc9d27adb4b8dd62adb0ce5b3886521c5da
289,1129.58439165,0.53655258603375,0xf134d22dd3a965e750918d2b0bb0a6a73c465131,2017-10-19T11:39:09.000Z,0.000475,0x2475fe4d7a9d7d2e7908baf6697b801596bf5148,sell,0x29d75277ac7f0335b2165d0895e8725cbf658d73,0x7754d61147eb61f1f6b4eb9c96c653c027b977828b82b7d6b59570805c2dc070
290,100,0.054999,0xff64f34e8511693e3dffa0e1fe037a6a65f3937b,2017-10-19T10:27:44.000Z,0.00054999,0x2475fe4d7a9d7d2e7908baf6697b801596bf5148,buy,0x29d75277ac7f0335b2165d0895e8725cbf658d73,0xbbd788b1a2698d0ad0c0c61d0023c1db02d2941689f6c94ebdcd442c399a0ff0
291,256.50341212,0.1077339981245212,0x2e26035b04213530deeea6a3874d0f4143bce939,2017-10-19T02:08:44.000Z,0.00042001,0xedb5f8ac086204c932c6292f0ac8d38de250f57b,sell,0x29d75277ac7f0335b2165d0895e8725cbf658d73,0x369d1b14caa1f58f904b7d8a96d74944ba9d13b9f3c3760b58c1ef2fba87a6ad
292,6.1808394,0.0025959587288394,0x2e26035b04213530deeea6a3874d0f4143bce939,2017-10-19T02:03:01.000Z,0.000420001,0xedb5f8ac086204c932c6292f0ac8d38de250f57b,sell,0x29d75277ac7f0335b2165d0895e8725cbf658d73,0xe4806f2b64eacddd58bf86988cffd433fa333e28a9145ba3b758149c36ce4b76
293,574.99287377,0.2415085068408754,0x2e26035b04213530deeea6a3874d0f4143bce939,2017-10-19T02:03:01.000Z,0.00042002,0xedb5f8ac086204c932c6292f0ac8d38de250f57b,sell,0x29d75277ac7f0335b2165d0895e8725cbf658d73,0x97865c0def5f648ea50e9739bdfee96f0d0a11280a596667db07dbdba06eae9a
294,284.403,0.120871559403,0x2475fe4d7a9d7d2e7908baf6697b801596bf5148,2017-10-19T01:37:11.000Z,0.000425001,0xedb5f8ac086204c932c6292f0ac8d38de250f57b,sell,0x29d75277ac7f0335b2165d0895e8725cbf658d73,0x1fa4af9fbd766bfcfc34079e8708dc4f19c2b0f9d35220ec86af7370aa959bf2
295,684.328,0.29426104,0xc01e20d5dc444344127d86f998c6f714f5809383,2017-10-19T01:32:46.000Z,0.00043,0xedb5f8ac086204c932c6292f0ac8d38de250f57b,sell,0x29d75277ac7f0335b2165d0895e8725cbf658d73,0xf68b58b5ebca9d3e96b0f518912962db6e43e3c8ad07113294216f8150923be6
296,5825,2.66086,0x79be04cb83a36114272286146667e0f7e52e01fc,2017-10-18T23:16:33.000Z,0.0004568,0xedb5f8ac086204c932c6292f0ac8d38de250f57b,sell,0x29d75277ac7f0335b2165d0895e8725cbf658d73,0x98596ceadb9fb26c4c9fd4120d4d6acb6d993b8f3cdd3aa184f873d387e043cd
297,587.09533225,0.3228965617869553,0x6304890db7676b9b05dda66a0da4e35910de4274,2017-10-18T22:05:56.000Z,0.0005499900000047314,0x2475fe4d7a9d7d2e7908baf6697b801596bf5148,buy,0x29d75277ac7f0335b2165d0895e8725cbf658d73,0x587551ba2b29a6ef4ff808d796e5fee31447f29ad3a39e68324e8f3689056ed9
298,1,0.0006,0x3ac636ac5c3a2576156ac5f10066ca68abe0ad54,2017-10-18T19:17:48.000Z,0.0006,0x06811a2b589d9a80d20925ab683a32ef796b4648,buy,0x29d75277ac7f0335b2165d0895e8725cbf658d73,0x7f5c6d35ee03e2564697ece0aa47ecb36f681355dd1ce98eb63ea9a8a6012148
299,175.50548277,0.07581836855664,0x79be04cb83a36114272286146667e0f7e52e01fc,2017-10-18T17:31:11.000Z,0.000432,0x1099b992dffe76b4bdface01f3516aaca6309544,sell,0x29d75277ac7f0335b2165d0895e8725cbf658d73,0xe11765c8efe75be438c0ee141dfa070595887d44d7d0485790cbf34e35362c71
300,0.90910743,0.0005,0x379374d13077e8867ef31803c37baf9785a17c00,2017-10-18T15:07:11.000Z,0.0005499900050316386,0x2475fe4d7a9d7d2e7908baf6697b801596bf5148,buy,0x29d75277ac7f0335b2165d0895e8725cbf658d73,0x28d0071d819a0d0a3168f1081a2ed82c9e9f3b8b35290ffbf3daca6ec8bdd0d1
301,0.90910743,0.0005,0xf9695cd65d6dfdf257fab76a3eb0cb8f001971cc,2017-10-18T15:06:00.000Z,0.0005499900050316386,0x2475fe4d7a9d7d2e7908baf6697b801596bf5148,buy,0x29d75277ac7f0335b2165d0895e8725cbf658d73,0xcb2355770c308a1d99f477827d02c19893b3f2990a8a4bd5a39a8cde0dcfb94d
302,8946.04715269,3.8468002756567,0xc01e20d5dc444344127d86f998c6f714f5809383,2017-10-18T14:21:17.000Z,0.00043,0xf1083c2984e351c02e94ba4f19ae82c05db06f3c,sell,0x29d75277ac7f0335b2165d0895e8725cbf658d73,0xcf13ee5aabddf1ee15e8360506fa1e84b20ace8725ed8451aecaa5fee21fa34c
303,10000,4.61,0xc01e20d5dc444344127d86f998c6f714f5809383,2017-10-18T14:20:08.000Z,0.000461,0xf1083c2984e351c02e94ba4f19ae82c05db06f3c,sell,0x29d75277ac7f0335b2165d0895e8725cbf658d73,0x6d583331acfbd0d5e42f9f7df178fc19b55cada7098a1cca56369c8da2fcbf04
304,46,0.02529954,0x79be04cb83a36114272286146667e0f7e52e01fc,2017-10-18T14:10:41.000Z,0.00054999,0x2475fe4d7a9d7d2e7908baf6697b801596bf5148,buy,0x29d75277ac7f0335b2165d0895e8725cbf658d73,0x234f376ede1724593281b0d5aac48cd9973e218201c387ecbf3559702f3b90c8
305,4940.58769088,2.3961850300774534,0x79be04cb83a36114272286146667e0f7e52e01fc,2017-10-18T13:35:34.000Z,0.00048500000000013224,0xf2b8e45c275486b7ab352368296c72d2712e66c7,buy,0x29d75277ac7f0335b2165d0895e8725cbf658d73,0x0b19ce62e715ad9b12bef20b1c257037b5be957809f5d6bc3716b4dbb92670ff
306,482,0.26509518,0x79be04cb83a36114272286146667e0f7e52e01fc,2017-10-18T13:34:24.000Z,0.00054999,0x2475fe4d7a9d7d2e7908baf6697b801596bf5148,buy,0x29d75277ac7f0335b2165d0895e8725cbf658d73,0x812d63ed63a096b716aafc65f182cf484960839b8138dd8dd2f82ef5481337bd
307,2065.59665038,0.8778806420081504,0x2475fe4d7a9d7d2e7908baf6697b801596bf5148,2017-10-18T07:24:00.000Z,0.000425001,0xd04667c147dea188bf142c8b0d4ffadc4a70de77,sell,0x29d75277ac7f0335b2165d0895e8725cbf658d73,0xcbc68fcd0f7ea82c8bfae08af4901ee919fe5c611a3b1835e6334ea3244220be
308,5000,2.125,0x1a5486b6d08a50a3f1082eee3633dc53c3d9da18,2017-10-18T07:20:46.000Z,0.000425,0xd04667c147dea188bf142c8b0d4ffadc4a70de77,sell,0x29d75277ac7f0335b2165d0895e8725cbf658d73,0x63b76184bf84581922a294715d66ad5ed0ce5436022c8104e89634819da68395
309,282.716,0.13711726,0x79be04cb83a36114272286146667e0f7e52e01fc,2017-10-18T01:47:08.000Z,0.000485,0x4811a723e3c1c5d58e535898afb0a754aafc282c,buy,0x29d75277ac7f0335b2165d0895e8725cbf658d73,0x9c1e4701771da0613d9b36b138c32cc6f6231c4d0b47ed72d24fec0767dd1e52
310,1993.8191606,0.8374060412711606,0x2e26035b04213530deeea6a3874d0f4143bce939,2017-10-17T23:21:04.000Z,0.000420001,0xa90e8485a12ddbbc85daaa54760c7ff308985202,sell,0x29d75277ac7f0335b2165d0895e8725cbf658d73,0x6a54dc41a3bdfbf017a1c79addcb7e69d034c9fdc48c78689c726d19f1a9c993
311,925.00712623,0.3885214931591246,0x2e26035b04213530deeea6a3874d0f4143bce939,2017-10-17T22:03:01.000Z,0.00042002,0xca4b599a1deac69df773d11a9fbb697e53cb0328,sell,0x29d75277ac7f0335b2165d0895e8725cbf658d73,0x7710a586ec3652989c3a9e74d63cfddc40823823c99f83f32b62a5fb16a21041
312,100,0.048,0xecfa333a8eca3e89b99f658be3d41b8f13360495,2017-10-17T21:59:12.000Z,0.00048,0xca4b599a1deac69df773d11a9fbb697e53cb0328,sell,0x29d75277ac7f0335b2165d0895e8725cbf658d73,0x314804b5c8cebc42d70738878de44d94a8fdfb589cce1bce1fe5d99fbc92fad8
313,500,0.2395,0xae73a4d60fa195e25d57ab54078c84fccf36ba9d,2017-10-17T20:45:49.000Z,0.000479,0x70629d245c50a2cad3868c33dbb0d24df4edd8b3,buy,0x29d75277ac7f0335b2165d0895e8725cbf658d73,0x5d68090c5ddd489dc8d0e2c10dddd94d4e612f9475a66602869fa574ed2bb256
314,1.04166666,0.0005,0x16e5d97bbc92417e051e3b2cabfbf8ceea2acb9c,2017-10-17T17:23:20.000Z,0.000480000003072,0xf2b8e45c275486b7ab352368296c72d2712e66c7,buy,0x29d75277ac7f0335b2165d0895e8725cbf658d73,0x686039294bdd176a4405062f5a1aed0b56b679840ddfad0364d0c95aecec5e0e
315,0.36948653,0.0001551843426,0x79be04cb83a36114272286146667e0f7e52e01fc,2017-10-17T16:17:35.000Z,0.00042,0x8a7823012ee178a91014dcd6edf9d4af7801a34f,sell,0x29d75277ac7f0335b2165d0895e8725cbf658d73,0x08dfc2078acd76bb6aeff72bb1b7daeea9589ee965a1631703eef1715f541ceb
316,3706.31927123,1.5566540939166,0x79be04cb83a36114272286146667e0f7e52e01fc,2017-10-17T16:15:57.000Z,0.00042,0x8a7823012ee178a91014dcd6edf9d4af7801a34f,sell,0x29d75277ac7f0335b2165d0895e8725cbf658d73,0x6c15ebc75cc641fe08ce2d9ce0c2664d4e64e86056de2993562db8c891a86feb
317,3000,1.260003,0x2e26035b04213530deeea6a3874d0f4143bce939,2017-10-17T16:14:40.000Z,0.000420001,0x8a7823012ee178a91014dcd6edf9d4af7801a34f,sell,0x29d75277ac7f0335b2165d0895e8725cbf658d73,0x858b96a901876ef439e8dd990f660d8427b3a14bc7bdb35dfecae7d0c9eb0be4
318,3000,1.260003,0x2e26035b04213530deeea6a3874d0f4143bce939,2017-10-17T16:14:24.000Z,0.000420001,0x8a7823012ee178a91014dcd6edf9d4af7801a34f,sell,0x29d75277ac7f0335b2165d0895e8725cbf658d73,0x858b96a901876ef439e8dd990f660d8427b3a14bc7bdb35dfecae7d0c9eb0be4
319,2417.875,1.13640125,0x2e26035b04213530deeea6a3874d0f4143bce939,2017-10-17T15:35:50.000Z,0.00047,0xc9087108b890f9aee9c5b878c6f062a2b0c730f3,buy,0x29d75277ac7f0335b2165d0895e8725cbf658d73,0x2eea73a9da41203e4bfe4d7d313ab414e81cf66d5cbe6890afb401a292ce7013
320,1.06382978,0.0005,0x42c24a83bded723edfdf5883bc7efb30bc1a1bf3,2017-10-17T15:05:09.000Z,0.00047000000319600004,0xc9087108b890f9aee9c5b878c6f062a2b0c730f3,buy,0x29d75277ac7f0335b2165d0895e8725cbf658d73,0x31220a63497797d44ffc7090f7ccf2d3f0f20e05ff2939862b35ef2af4012318
321,528.80565028,0.2273864296204,0x79be04cb83a36114272286146667e0f7e52e01fc,2017-10-17T13:54:29.000Z,0.00043,0x98b1eed5a0d648681deffda60284b58752eea268,sell,0x29d75277ac7f0335b2165d0895e8725cbf658d73,0xa830af7dba8328cbbae0196d11ff7fe7fbaebf05b8d1598f2a45a9783a41dc60
322,3,0.00141,0x636d925f140f761f7a0e600db2177dd068ddada1,2017-10-17T13:24:19.000Z,0.00047,0xc9087108b890f9aee9c5b878c6f062a2b0c730f3,buy,0x29d75277ac7f0335b2165d0895e8725cbf658d73,0x2d1bb74022ed4f7aa932039bdb41cde9660d9847449606fa03df5009589bd81e
323,0.00040999,2.04995,0x79be04cb83a36114272286146667e0f7e52e01fc,2017-10-17T13:09:56.000Z,5000,0xfe423f6b9b3aa093cc08831d9b106027f97e132e,sell,0x29d75277ac7f0335b2165d0895e8725cbf658d73,0x86c2898fd2f2c96bdb6f07d2d70e41cc71f15254f83aec0db21dd88ac548b10d
324,0.00041123,0.000000193279839518,0xfe423f6b9b3aa093cc08831d9b106027f97e132e,2017-10-17T13:09:56.000Z,0.0004700042300367191,0xc9087108b890f9aee9c5b878c6f062a2b0c730f3,buy,0x29d75277ac7f0335b2165d0895e8725cbf658d73,0x86c2898fd2f2c96bdb6f07d2d70e41cc71f15254f83aec0db21dd88ac548b10d
325,1.06382978,0.0005,0xcd912af5286dc0b0a23edb30209734ecb60838b3,2017-10-17T05:05:17.000Z,0.00047000000319600004,0xc9087108b890f9aee9c5b878c6f062a2b0c730f3,buy,0x29d75277ac7f0335b2165d0895e8725cbf658d73,0x39a5c402f2af556370445bc265fc473dced40bbd3cf074801e48fa5da4b30b72
326,2193.94333546,0.81395297745566,0x1a5486b6d08a50a3f1082eee3633dc53c3d9da18,2017-10-16T22:48:12.000Z,0.000371,0x84d2a64cf2c0b1b4a65925dc0b1a20f42fe6104f,sell,0x29d75277ac7f0335b2165d0895e8725cbf658d73,0xd1aa196b5bc83ab938921c5ba0537576c25b6b7acb67a3a727147246ec2cb847
327,577.99686503,0.27165852656764033,0x6304890db7676b9b05dda66a0da4e35910de4274,2017-10-16T22:22:15.000Z,0.00047000000000612513,0xc9087108b890f9aee9c5b878c6f062a2b0c730f3,buy,0x29d75277ac7f0335b2165d0895e8725cbf658d73,0x9e104947899b1d0445a03417e0d97e229d94c60690a306e9ff95047661ce3d82
328,4.71054457,0.002119745058884898,0x6304890db7676b9b05dda66a0da4e35910de4274,2017-10-16T22:13:42.000Z,0.0004500000005062892,0x2487ccfe10bf63c9efe0ed4de2453b8508b42a01,buy,0x29d75277ac7f0335b2165d0895e8725cbf658d73,0xa380affd2c1e3a146533ed7464f6be008d10f60bb7c842d878dc8657b6357077
329,1408.98431247,0.6340429406155245,0x6304890db7676b9b05dda66a0da4e35910de4274,2017-10-16T21:36:38.000Z,0.00045000000000285626,0x2487ccfe10bf63c9efe0ed4de2453b8508b42a01,buy,0x29d75277ac7f0335b2165d0895e8725cbf658d73,0xe7a9e9ce96bd5403a1b76e64942c6664ee4cf152ae30a65d0a4f23551c838622
330,188.30514294,0.08473731432559067,0x6304890db7676b9b05dda66a0da4e35910de4274,2017-10-16T21:28:07.000Z,0.0004500000000137578,0x2487ccfe10bf63c9efe0ed4de2453b8508b42a01,buy,0x29d75277ac7f0335b2165d0895e8725cbf658d73,0x6adee119e75deec464e055e9a541bd01c19c60e318eb3bb5edeeb71e07bdfd6c
331,163.2778387,0.0605760781577,0x1a5486b6d08a50a3f1082eee3633dc53c3d9da18,2017-10-16T19:20:05.000Z,0.000371,0x590fd7259c8e5fcaf23b937daeda7d69080eb89a,sell,0x29d75277ac7f0335b2165d0895e8725cbf658d73,0x16a4069325417baff58af3ca194723dd99ff34a2e8ecc9af7f040e242870b927
332,174.45893816,0.0645498071192,0x1a5486b6d08a50a3f1082eee3633dc53c3d9da18,2017-10-16T14:21:00.000Z,0.00037,0xa6d57b017bcb0daa8d8c887360bef33306846f3b,sell,0x29d75277ac7f0335b2165d0895e8725cbf658d73,0x97e664819bd8ca25a570216eb28c08e82226f49796344c4c9c4b3a6f2e50648d
333,431,0.15516,0x6fcfea3dbf7151f8d6c587896b118f3354b058a9,2017-10-16T12:49:07.000Z,0.00036,0x3c4297d02dd0503a7d802a240b47fde9e3a80c65,sell,0x29d75277ac7f0335b2165d0895e8725cbf658d73,0x80dc91ee97891292788041bb30da5c3cfeff2a20932dd76d398bf42d4a336463
334,1677.463,0.68775983,0x03bb2851ff9c7076a3702225815c39e91eda99f4,2017-10-16T12:43:06.000Z,0.00041,0x3c4297d02dd0503a7d802a240b47fde9e3a80c65,sell,0x29d75277ac7f0335b2165d0895e8725cbf658d73,0xffcfa70a279b4aacd586cf5e731e2a892578b9f0a9f5f6d74ff1c687754d8948
335,2.12510932,0.001020052473871446,0x79be04cb83a36114272286146667e0f7e52e01fc,2017-10-16T10:32:10.000Z,0.00048000000012773274,0xae8e8af7eea488bf00ae3ed76aef4e48521690ea,buy,0x29d75277ac7f0335b2165d0895e8725cbf658d73,0x868a670b3a84795f6025d9e93f9f64021b5d2286d05855d5f547c143c7d917e5
336,64,0.02624,0x03bb2851ff9c7076a3702225815c39e91eda99f4,2017-10-16T10:00:50.000Z,0.00041,0x6fcfea3dbf7151f8d6c587896b118f3354b058a9,sell,0x29d75277ac7f0335b2165d0895e8725cbf658d73,0x37a7a752efac558dc8c0f63ed4e6c1955ae7ae835761d40503d6808d1c75116b
337,64.39238361,0.0231812580996,0x6fcfea3dbf7151f8d6c587896b118f3354b058a9,2017-10-16T09:20:32.000Z,0.00036,0xbfb3c47f0aad3e694f049f6e2da4e5e8dee0cb61,sell,0x29d75277ac7f0335b2165d0895e8725cbf658d73,0xdb2202c900e354bd3b3b9444feb43e5c80ec3bc52bb9c86af33445236c01778d
338,160,0.072,0xbdacb9c68124ab5f27d3b1795dca52a746d0d757,2017-10-16T04:54:55.000Z,0.00045,0xf549e70a0c53696dba413770fbd8d05497944ac4,buy,0x29d75277ac7f0335b2165d0895e8725cbf658d73,0xe5fd8c574e2ec0b81ed48053fd8e90bb2a5eee7b59ef9f22f8a39bdf422bfc80
339,2192.20416708,0.657661250124,0x1a5486b6d08a50a3f1082eee3633dc53c3d9da18,2017-10-16T02:38:07.000Z,0.0003,0x235f75df10eb13eded6fe70bd56762dae3196270,sell,0x29d75277ac7f0335b2165d0895e8725cbf658d73,0xb5de70f47f6c573d3c9056ae75ede9e5bd27309a2a5c329ca8a9f75a77e35673
340,1000,0.31,0x2e26035b04213530deeea6a3874d0f4143bce939,2017-10-16T02:34:14.000Z,0.00031,0x235f75df10eb13eded6fe70bd56762dae3196270,sell,0x29d75277ac7f0335b2165d0895e8725cbf658d73,0xdcf653c2525b617234ac1adc2752c11871534e2e2f4a76d7462e8d56da0151e3
341,1000,0.32,0x2e26035b04213530deeea6a3874d0f4143bce939,2017-10-16T02:34:01.000Z,0.00032,0x235f75df10eb13eded6fe70bd56762dae3196270,sell,0x29d75277ac7f0335b2165d0895e8725cbf658d73,0xd967e736f59cc011aa6259f7d99644e39fa956ca7a76136c08072ffe42caca91
342,2000,0.640002,0xaa86242ef178c19e73617daf9bbee5009fb88cfd,2017-10-16T02:33:00.000Z,0.000320001,0x235f75df10eb13eded6fe70bd56762dae3196270,sell,0x29d75277ac7f0335b2165d0895e8725cbf658d73,0xc8a147dd1912aebb2853c4ff617b61ab63a94099997181abdbece80c96d7cecc
343,881.34275047,0.3966042377115,0x71f1c5efde0716cdc12609296edda94575e1989a,2017-10-15T21:17:22.000Z,0.00045,0x2f247c824f398fd7f7e423ced0952bbb33bf7e95,sell,0x29d75277ac7f0335b2165d0895e8725cbf658d73,0xd616d4d239a584a5848f5108363195e96305112668a326f013ce8bab9f164b59
344,84.6259282,0.03808166769,0x2e26035b04213530deeea6a3874d0f4143bce939,2017-10-15T16:41:39.000Z,0.00045,0x00aeacef56456dafc7e9fe12b27218e5b91068b2,buy,0x29d75277ac7f0335b2165d0895e8725cbf658d73,0x91c33f476869a293a9fca3ff3295e635fcd151fdf0b3e0217af3da996a2b6647
345,84.6259282,0.03808166769,0x2e26035b04213530deeea6a3874d0f4143bce939,2017-10-15T16:40:20.000Z,0.00045,0x00aeacef56456dafc7e9fe12b27218e5b91068b2,buy,0x29d75277ac7f0335b2165d0895e8725cbf658d73,0x91c33f476869a293a9fca3ff3295e635fcd151fdf0b3e0217af3da996a2b6647
346,877.52741388,0.394887336246,0x71f1c5efde0716cdc12609296edda94575e1989a,2017-10-15T14:27:28.000Z,0.00045,0xfd9aca52245010f9a2d44f471ab66dd988709bac,sell,0x29d75277ac7f0335b2165d0895e8725cbf658d73,0x82e06aa3de4d6b08b4732daa44df167f22ecda4712b418c2a09727839a51cd80
347,2919.33490841,1.3137007087845,0x71f1c5efde0716cdc12609296edda94575e1989a,2017-10-15T09:39:23.000Z,0.00045,0x79be04cb83a36114272286146667e0f7e52e01fc,sell,0x29d75277ac7f0335b2165d0895e8725cbf658d73,0xbdf368193cd72f4300451c8b7a812072d660dbdb1ceb2c260bae5a4e3103cbbc
348,2000,0.9,0x1a5486b6d08a50a3f1082eee3633dc53c3d9da18,2017-10-15T08:15:53.000Z,0.00045,0x28a979c69b1b0434dc90169bde5f082666448387,buy,0x29d75277ac7f0335b2165d0895e8725cbf658d73,0x6116a846d1964f83a9f9d04b9c5b5ba5dd28ac084dcb76bb408cc9f1b8faaa0c
349,1883.058,0.8473761,0x1a5486b6d08a50a3f1082eee3633dc53c3d9da18,2017-10-15T08:15:21.000Z,0.00045,0x859ca575f03059f239fc62fbb134b746655b21b9,buy,0x29d75277ac7f0335b2165d0895e8725cbf658d73,0x99e97b96e82bd6fc2a464fb23b49ac04fcb71616e629c05c28adf57be11dceb2
350,136,0.06528,0xd7be50bf7570640425d61d2337d4884f6fbd1673,2017-10-15T02:31:13.000Z,0.00048,0xae8e8af7eea488bf00ae3ed76aef4e48521690ea,buy,0x29d75277ac7f0335b2165d0895e8725cbf658d73,0x29dd0e1246fd354576949f82e51a0c8f867a6570319e3211e9a6937cd268d31a
351,130.63098053,0.0587839412385,0x71f1c5efde0716cdc12609296edda94575e1989a,2017-10-14T22:10:44.000Z,0.00045,0x59112a758dcb3adc232a9fb4bbf94ec99c87308e,sell,0x29d75277ac7f0335b2165d0895e8725cbf658d73,0x6fcceb8e7a0d9292e4d55fb198b51b3935c55d3f45ec09db2a44da9bd9f5a0ac
352,3000,1.353,0x1a5486b6d08a50a3f1082eee3633dc53c3d9da18,2017-10-14T17:33:53.000Z,0.000451,0x00aeacef56456dafc7e9fe12b27218e5b91068b2,sell,0x29d75277ac7f0335b2165d0895e8725cbf658d73,0x5a8d687f378478755b683add9aada2366640732c0961be1777052e3bfca2da73
353,28387.50877316,12.83115396546832,0x3fcb3f15552f2b2c7e88cc3a896d406a1cb62cc6,2017-10-14T17:29:42.000Z,0.000452,0x00aeacef56456dafc7e9fe12b27218e5b91068b2,sell,0x29d75277ac7f0335b2165d0895e8725cbf658d73,0x561e18073618574c29e426e07fbd1ae8f98a8c5688d8e74eb7ee734b98bd0d0f
354,4577.09299675,2.068846034531,0x3fcb3f15552f2b2c7e88cc3a896d406a1cb62cc6,2017-10-14T15:16:11.000Z,0.000452,0xc9a93d56409115d490cf1569adf93800749451ab,sell,0x29d75277ac7f0335b2165d0895e8725cbf658d73,0xfa27aee86abfa7718ab54fc89df32de4fdbbcb1bb5b801e931c04f7f1c35f6e6
355,3326.60994864,1.5635066758608,0x3fcb3f15552f2b2c7e88cc3a896d406a1cb62cc6,2017-10-14T15:01:40.000Z,0.00047,0xc9a93d56409115d490cf1569adf93800749451ab,sell,0x29d75277ac7f0335b2165d0895e8725cbf658d73,0x5ac6e6d691de54c830b2010a9aaf8aeabbc0a1f1c753e24630050f2656bfb344
356,3970,1.8659,0xc9a93d56409115d490cf1569adf93800749451ab,2017-10-14T14:57:27.000Z,0.00047,0x00aeacef56456dafc7e9fe12b27218e5b91068b2,buy,0x29d75277ac7f0335b2165d0895e8725cbf658d73,0x30523c5dab006255baea49c48e9b946f8a91272acde327ebe80ddd21eeb2f808
357,3010.6669325,1.415013458275,0x3fcb3f15552f2b2c7e88cc3a896d406a1cb62cc6,2017-10-14T14:47:45.000Z,0.00047,0xc9087108b890f9aee9c5b878c6f062a2b0c730f3,sell,0x29d75277ac7f0335b2165d0895e8725cbf658d73,0x0ee2b4637b3944e672576d910213bf172ccd682b15a2cb4b387d9202275b42eb
358,3000,1.41,0x1a5486b6d08a50a3f1082eee3633dc53c3d9da18,2017-10-14T13:49:50.000Z,0.00047,0x00aeacef56456dafc7e9fe12b27218e5b91068b2,buy,0x29d75277ac7f0335b2165d0895e8725cbf658d73,0x9763788e66177984c4065742fe346a3ec3b73d5b5e63c469b078fb2f6266c27a
359,3662.72311886,1.7214798658642,0x3fcb3f15552f2b2c7e88cc3a896d406a1cb62cc6,2017-10-14T13:48:15.000Z,0.00047,0xde57392f4ee115dfd457404215ecb590bf6c9fc2,sell,0x29d75277ac7f0335b2165d0895e8725cbf658d73,0xcf9cb97ae318689ccf98cacd8eb118331bb8adce88f0477a47a7671a5b684d52
360,3000,1.41,0x1a5486b6d08a50a3f1082eee3633dc53c3d9da18,2017-10-14T12:41:11.000Z,0.00047,0x00aeacef56456dafc7e9fe12b27218e5b91068b2,buy,0x29d75277ac7f0335b2165d0895e8725cbf658d73,0x4815d884772d09e1c0e5ad0f9716c3f1fdb7fa6d535ee05e77890d9723daa842
361,7771.38777233,3.652552252998404,0xc2cb244e516d609befa6916c60f1016c2aed049c,2017-10-14T09:18:07.000Z,0.00047000000000042516,0x00aeacef56456dafc7e9fe12b27218e5b91068b2,buy,0x29d75277ac7f0335b2165d0895e8725cbf658d73,0x1c134b98f212a1fdacf93f2bafc4f269d4b99f32d38e413010f38cbf40734774
362,168.655,0.076063405,0xc2cb244e516d609befa6916c60f1016c2aed049c,2017-10-14T09:14:55.000Z,0.000451,0x50e76e8a192cf9d427d4391e436a0689ca9bd0c5,buy,0x29d75277ac7f0335b2165d0895e8725cbf658d73,0x81a79d1b225791687f90cfa6a31d2cc96bd3a70b16848cd9bbe3d0034da6dc58
363,5000,2.255,0x1a5486b6d08a50a3f1082eee3633dc53c3d9da18,2017-10-14T08:41:55.000Z,0.000451,0x50e76e8a192cf9d427d4391e436a0689ca9bd0c5,sell,0x29d75277ac7f0335b2165d0895e8725cbf658d73,0x1b5175b5ea7c01ecd1bc1eb6f803a8a3828c829cf4dce2dfca97e2c9dbf2de4b
364,5000,2.325,0x1a5486b6d08a50a3f1082eee3633dc53c3d9da18,2017-10-14T06:32:31.000Z,0.000465,0x41893f963ee0b3b061b9f49c549dfab921133397,sell,0x29d75277ac7f0335b2165d0895e8725cbf658d73,0x3dee89b51c44bde6904dbcdb0c9653c1ed8b3b5b32dd34c583bdf5fa271a0d9b
365,452.31658003,0.2151805666176719,0x167d2ab5324d28fdc71d8362f42c705df112cd49,2017-10-14T05:25:10.000Z,0.00047573,0xf2b8e45c275486b7ab352368296c72d2712e66c7,sell,0x29d75277ac7f0335b2165d0895e8725cbf658d73,0x902f42d5a38551d66aef1e0f79246c8d7cf265089952e30138cd2cff96d7525b
366,2045.93757694,0.9820500369312,0x1a5486b6d08a50a3f1082eee3633dc53c3d9da18,2017-10-14T05:25:01.000Z,0.00048,0xf2b8e45c275486b7ab352368296c72d2712e66c7,sell,0x29d75277ac7f0335b2165d0895e8725cbf658d73,0xf39ce3eb34453e9af15f6d9435cc4b14805998e355598f0fdfd5cee25fc1d28c
367,840,0.4032,0x1a5486b6d08a50a3f1082eee3633dc53c3d9da18,2017-10-14T02:11:46.000Z,0.00048,0xc9a93d56409115d490cf1569adf93800749451ab,sell,0x29d75277ac7f0335b2165d0895e8725cbf658d73,0x1b4db5080a3511b61ad4a17aa5e00f0cf2248a8268651642972d1d15d140406f
368,840,0.4032,0x1a5486b6d08a50a3f1082eee3633dc53c3d9da18,2017-10-14T02:11:01.000Z,0.00048,0xc9a93d56409115d490cf1569adf93800749451ab,sell,0x29d75277ac7f0335b2165d0895e8725cbf658d73,0x1b4db5080a3511b61ad4a17aa5e00f0cf2248a8268651642972d1d15d140406f
369,2114.06242306,1.0147499630688,0x1a5486b6d08a50a3f1082eee3633dc53c3d9da18,2017-10-13T23:29:02.000Z,0.00048,0xdcfbd4862f4ff43df24b55d1cebe67fe7de27f04,sell,0x29d75277ac7f0335b2165d0895e8725cbf658d73,0x9260735c63ae4f80323bf2e8defd18f54ba5b3b3b04723179970c491ac362f5a
370,50.43762679,0.0242105652354679,0xe4a4a8bce34dc0a44e872bc89fbf699c0aa43664,2017-10-13T23:27:52.000Z,0.00048001,0xdcfbd4862f4ff43df24b55d1cebe67fe7de27f04,sell,0x29d75277ac7f0335b2165d0895e8725cbf658d73,0xbf7d4b6c9199c2bba0ce2fae73c6b072ff08486964b410ede77fb8cca47db406
371,2049.56237321,0.9838104347645321,0xe4a4a8bce34dc0a44e872bc89fbf699c0aa43664,2017-10-13T22:39:44.000Z,0.00048001,0xdcfbd4862f4ff43df24b55d1cebe67fe7de27f04,sell,0x29d75277ac7f0335b2165d0895e8725cbf658d73,0xc74b84b1ccc61ccc9e1229ff7d43b2844981a3c61625b8d752710a07c8b69d68
372,772.76568638,0.3786551863262,0x1a5486b6d08a50a3f1082eee3633dc53c3d9da18,2017-10-13T21:58:57.000Z,0.00049,0xdcfbd4862f4ff43df24b55d1cebe67fe7de27f04,sell,0x29d75277ac7f0335b2165d0895e8725cbf658d73,0x5644d3a53bdba6b1e0c60911c736bded1720857a52c4c1636183f2d61dcb6f9f
373,3960,1.9404,0x1a5486b6d08a50a3f1082eee3633dc53c3d9da18,2017-10-13T16:36:23.000Z,0.00049,0xc9a93d56409115d490cf1569adf93800749451ab,sell,0x29d75277ac7f0335b2165d0895e8725cbf658d73,0xd0294e5e9d1b3e58b44d4226153137f69fea25a347f1c2ef6bbf9e7aa0d999f5
374,2767.23431362,1.3559448136738,0x1a5486b6d08a50a3f1082eee3633dc53c3d9da18,2017-10-13T16:16:08.000Z,0.00049,0x7acc335f56bdd0d60282d9274d10ea5952000ec2,sell,0x29d75277ac7f0335b2165d0895e8725cbf658d73,0x173fd901ac8a7f2acdf0eac9e4b58cd32a69842657a58f182a31e63e588df61c
375,27.99154151,0.01559128862107,0x053166c5a49d71f20f50bd1f4c9346dbb1a675dc,2017-10-13T12:28:18.000Z,0.000557,0x1a5486b6d08a50a3f1082eee3633dc53c3d9da18,sell,0x29d75277ac7f0335b2165d0895e8725cbf658d73,0xe3d44b22527c5f8b6c852c48a8c5e787453f2d2a7546df69048bf2cc15483a0e
376,500,0.245,0x1a5486b6d08a50a3f1082eee3633dc53c3d9da18,2017-10-13T12:17:29.000Z,0.00049,0x1a5486b6d08a50a3f1082eee3633dc53c3d9da18,sell,0x29d75277ac7f0335b2165d0895e8725cbf658d73,0xa87270c3f1ed3ce36a338442cf37470e5e6a831aad5022c57e135a3948e8fcf0
377,1,0.00063,0xdd3b7b82caa14a588410caa5e37bc9c9c02f27ce,2017-10-13T11:12:09.000Z,0.00063,0x922131a0ec60fae04bda9ec7b1677705aecac960,buy,0x29d75277ac7f0335b2165d0895e8725cbf658d73,0x69ed7056325f07597ddf2dfa16763b6ff9d1772dabbb1eda8a76a9f824ec7765
378,550,0.30635,0x053166c5a49d71f20f50bd1f4c9346dbb1a675dc,2017-10-13T05:13:54.000Z,0.000557,0x922131a0ec60fae04bda9ec7b1677705aecac960,sell,0x29d75277ac7f0335b2165d0895e8725cbf658d73,0xfdc97893ab5d644c1e1d4e53203770c5fcec4aa784237c648b62111acdd47d49
379,5000,2.725,0x053166c5a49d71f20f50bd1f4c9346dbb1a675dc,2017-10-13T05:06:15.000Z,0.000545,0x922131a0ec60fae04bda9ec7b1677705aecac960,sell,0x29d75277ac7f0335b2165d0895e8725cbf658d73,0xdd0073090994468d94b3d2cb2a51bf30f81b5ce72ec2cec03bd4a9fa2b291439
380,3848.46622521,2.14359568744197,0x053166c5a49d71f20f50bd1f4c9346dbb1a675dc,2017-10-13T04:55:13.000Z,0.000557,0x79be04cb83a36114272286146667e0f7e52e01fc,sell,0x29d75277ac7f0335b2165d0895e8725cbf658d73,0x1f1c7d869d6d3e283601114ae0f52934b5a2ff484b248aec4201b5eed13c6ffb
