,amount,amountBase,buyer,date,price,seller,side,tokenAddr,txHash
0,74,0.139268,0x4c5f557b441cd25106d18e4c9424158a819f39c1,2017-11-02T13:26:40.000Z,0.001882,0x908dc1e08cd1a3d378a4d023b7388e0e3004019d,sell,0xf333b2ace992ac2bbd8798bf57bc65a06184afba,0xabfbb6a0e9cba2b27cc9400528eb4e73fe07ed3bdd5845adbb688bc4b30c7d78
1,115,0.23,0xe2280e01e446eca796a058c9ec6442aba307822e,2017-11-02T13:24:14.000Z,0.002,0x908dc1e08cd1a3d378a4d023b7388e0e3004019d,sell,0xf333b2ace992ac2bbd8798bf57bc65a06184afba,0xab5b5741c18921b333e398302f64e883043a51a551dbb46b25a09be49f2fec8a
2,16,0.09698438242831009,0x075d567b34a0cdfe2f6fc2af78f6f87adcb5fb62,2017-11-02T12:43:14.000Z,0.006061523901769381,0x6422b1346addfeaf1592503f5dd63de1be3efdb5,buy,0xf333b2ace992ac2bbd8798bf57bc65a06184afba,0xd37e68955c0f25e90a394d7e7c51eb72bcf1d6b01a10a9067ac16f9187c5f8e7
3,1,0.0079,0x075d567b34a0cdfe2f6fc2af78f6f87adcb5fb62,2017-11-02T12:06:56.000Z,0.0079,0x4ac9d2e9b0e8ab19ce202f9a0af23334701d96ed,buy,0xf333b2ace992ac2bbd8798bf57bc65a06184afba,0x3d05d2c0a19d24b4fc52d83ccca52c7f85319c795c290d0ece0b17193ee31292
4,1,0.0036,0x075d567b34a0cdfe2f6fc2af78f6f87adcb5fb62,2017-11-02T11:59:39.000Z,0.0036,0x3af666ba60c9fedb72ef25752de6009ea86525dd,buy,0xf333b2ace992ac2bbd8798bf57bc65a06184afba,0x1f8b364d6eab4c23a9e43a11b211b82bc3a42207f7782ca2cc909aad95100e08
5,2,0.0078,0x075d567b34a0cdfe2f6fc2af78f6f87adcb5fb62,2017-11-02T11:58:47.000Z,0.0039,0xc730e3529f26bdcdd134e0b5a95a21e7f3c8dd6c,buy,0xf333b2ace992ac2bbd8798bf57bc65a06184afba,0x754618a9d1cc2088d9c300ae524fcd08f30953b92d25ff6de4b41e9594067724
6,1,0.0030498,0x075d567b34a0cdfe2f6fc2af78f6f87adcb5fb62,2017-11-02T11:54:30.000Z,0.0030498,0x73850df49cef8599fce66903d0fad7bfa8ec6307,buy,0xf333b2ace992ac2bbd8798bf57bc65a06184afba,0xa96147b19388a14084a1254deaeaa119db7ab6817f7629387d8d283ebd82edda
7,3,0.00879,0xeb2e038e97e7b0d67f0574172f80b1b434081a87,2017-11-02T10:57:12.000Z,0.00293,0xd40cd8ad0879201b4c42b9726078f7d1f58a6bf6,sell,0xf333b2ace992ac2bbd8798bf57bc65a06184afba,0x61962eec0fb9011f446f76ac0c0f70fb210c667d102d76a17c738296d71c11b8
8,81,0.3774114,0x7e72492ed193cb5a92e774002eedd1a20ed08e83,2017-11-02T09:41:26.000Z,0.0046594,0x7e72492ed193cb5a92e774002eedd1a20ed08e83,buy,0xf333b2ace992ac2bbd8798bf57bc65a06184afba,0x0ac90b84d9c24db9172484d94faf1144f2af7166fff739af9737ed9b1173b715
9,1129,3.33055,0x3059631d7e1107328967429b2946f13a56a4c056,2017-11-02T08:46:20.000Z,0.00295,0xe636e487babefb9f7a3d2a7206ae1ac17797d868,sell,0xf333b2ace992ac2bbd8798bf57bc65a06184afba,0x6bfc7c3c8746ed03567797df8788950ceca2027968a7e22de4384baaa501fc03
10,1000,2.95,0x4ca1b37e8f8f2327e67ae47a24bc77375e227573,2017-11-02T07:38:20.000Z,0.00295,0x3558a7e5ffaec08666ba511d1949da6c3c2b506a,buy,0xf333b2ace992ac2bbd8798bf57bc65a06184afba,0x6c3b2f5acf34483982681f121e125093af2184ce2c11ca08d082e371f6ff1ce1
11,1429,4.21555,0x4bb4397101d4628c6e1d4c0e8811b79099b1c76a,2017-11-02T07:38:20.000Z,0.00295,0x3558a7e5ffaec08666ba511d1949da6c3c2b506a,buy,0xf333b2ace992ac2bbd8798bf57bc65a06184afba,0x48d9e2c0a8b31edc901bcc49a0f5fdd02c3c8c95b5dffb981221563c49f9d160
12,271,0.79403,0x4bb4397101d4628c6e1d4c0e8811b79099b1c76a,2017-11-02T07:33:55.000Z,0.00293,0x93d5cbcc0695d6e5246616716b5740819092897e,buy,0xf333b2ace992ac2bbd8798bf57bc65a06184afba,0x71ed68beee97f1a724d4abb1247949488ca092f6adefdb08f350faf3d61482ea
13,100,0.2,0x82c64bbb4eff232605e21c10278314d3febdaf9a,2017-11-02T00:57:20.000Z,0.002,0x48af8000c9d156ac7156c4b27313bbfee6a647aa,sell,0xf333b2ace992ac2bbd8798bf57bc65a06184afba,0x3aa5675b73522da7aa948d05b875f0b16afe80c218c66d5ac181d80eab25e350
14,95,0.285,0x8590244f1652da625e8251cc86c61903c6dc8b6b,2017-11-01T23:36:58.000Z,0.003,0x1eaa18a0e964d346f2b5182be3f97d7aab5145b9,buy,0xf333b2ace992ac2bbd8798bf57bc65a06184afba,0x3ceeab0d38752cc952bbd84ec06cd31c9fb67df056bec7cd4daa8b5345cddb97
15,10,0.022222,0x36513e2ee2751d2b679479424f0e9eb48695bfde,2017-11-01T22:29:08.000Z,0.0022222,0x27700a84f2b2586ed08cb74aafce1acc627961df,buy,0xf333b2ace992ac2bbd8798bf57bc65a06184afba,0xfc684c168464751ad639ce7c997d48650770b0692f6f161250f5e36c45bbf374
16,10,0.022222,0x36513e2ee2751d2b679479424f0e9eb48695bfde,2017-11-01T22:22:02.000Z,0.0022222,0x27700a84f2b2586ed08cb74aafce1acc627961df,buy,0xf333b2ace992ac2bbd8798bf57bc65a06184afba,0x0a1463d3008662ce7e3138b3f1513753a009e32382badaebeb921a17c6fd0a8c
17,69,0.20631,0xce3cef24b9491b1ad639f4d4832300d793d481c0,2017-11-01T22:09:11.000Z,0.00299,0x1eaa18a0e964d346f2b5182be3f97d7aab5145b9,sell,0xf333b2ace992ac2bbd8798bf57bc65a06184afba,0xa5b099915b68c7da30b594ddd593addbd59d4089db9162ae9603e71ddee087d3
18,40,0.12,0x0caaa50634a4a8e45703848d2a8404a9816ca833,2017-11-01T22:05:20.000Z,0.003,0x1eaa18a0e964d346f2b5182be3f97d7aab5145b9,buy,0xf333b2ace992ac2bbd8798bf57bc65a06184afba,0x4c77e058d76e937e38edcf8254f1da71d0eb7ffea0e437e8258ac2ada7292673
19,61,0.122,0x41d6540ea5ac19a729efa6855e10a6b4fa149104,2017-11-01T21:15:59.000Z,0.002,0xeff5e22ab9809b8e03ea9ea725b41fece4fe55b1,buy,0xf333b2ace992ac2bbd8798bf57bc65a06184afba,0x65bfa63c80b58dddc7e546e6428436a9139a6ba1e9ce1eb8e562242f0d29b924
20,20,0.04,0xb775824a6898addd0d17844a460ccef1309f5dc4,2017-11-01T20:46:17.000Z,0.002,0xeff5e22ab9809b8e03ea9ea725b41fece4fe55b1,buy,0xf333b2ace992ac2bbd8798bf57bc65a06184afba,0xc8570965200c4a39506ab4dc335374c21450a778f566c48678d4ea1f1c375d53
21,19,0.0437,0x445598750201119e8c0df5998d04ace8796c0ae7,2017-11-01T20:02:33.000Z,0.0023,0x16860620e9a1da20cc1305a92a1c877f95a5e017,sell,0xf333b2ace992ac2bbd8798bf57bc65a06184afba,0xf3e1fdc43d5b26525ea8314076bf5f3b38a824457cce4cd3859727f36c9bedfc
22,19,0.0437,0xbc5dd58e0fb3c1c4e441699fdb326e68d288729f,2017-11-01T20:02:29.000Z,0.0023,0x16860620e9a1da20cc1305a92a1c877f95a5e017,sell,0xf333b2ace992ac2bbd8798bf57bc65a06184afba,0xa5cc27622593c6d41f42d0972b0e6e11d959d93137c01cfed9b8ae175d2e13db
23,20,0.04600002,0x4b8c8598c60a1eecaabf7d4ddcd54d3ccb268345,2017-11-01T20:01:41.000Z,0.002300001,0x16860620e9a1da20cc1305a92a1c877f95a5e017,sell,0xf333b2ace992ac2bbd8798bf57bc65a06184afba,0x8067ffeadf41a36e0e4ece861af64bd4db0004e174eb2842f06f5035a4f8d8ec
24,10,0.0231,0xb0d2ce3e2bfbc1a47dbfe5b3eef5335284dfeb49,2017-11-01T19:54:42.000Z,0.00231,0x16860620e9a1da20cc1305a92a1c877f95a5e017,sell,0xf333b2ace992ac2bbd8798bf57bc65a06184afba,0x8bd551916631ffb91828c852a5fe458051f5d140f37b3cdc5a19b1da042c4b7b
25,1,0.00247,0x3af666ba60c9fedb72ef25752de6009ea86525dd,2017-11-01T19:54:42.000Z,0.00247,0x16860620e9a1da20cc1305a92a1c877f95a5e017,sell,0xf333b2ace992ac2bbd8798bf57bc65a06184afba,0x8311ca7fdb2cea4aaa77e1e6ee64778883f27109ea5c57e567bceaddf0e2e03f
26,52,0.12896,0x5fe35713d30a083f226ffea19a3b1e1ade29de47,2017-11-01T19:16:02.000Z,0.00248,0x16860620e9a1da20cc1305a92a1c877f95a5e017,sell,0xf333b2ace992ac2bbd8798bf57bc65a06184afba,0xe8f5e18ba5619a953137d75b6e277fd5391f5c60cfc02d2699a2e9e0f6d2f08e
27,9,0.02736,0x96373170538a83c7674ef92f41d195203a8abe09,2017-11-01T18:58:41.000Z,0.00304,0x1eaa18a0e964d346f2b5182be3f97d7aab5145b9,buy,0xf333b2ace992ac2bbd8798bf57bc65a06184afba,0x0c0730ed96af05dd8827d50f7b8d64730f5f8dab0d476958a84f36b5afb655ec
28,165,0.495,0x8c294dfb889cdda458316f731d12e3f3ffa47d83,2017-11-01T16:52:03.000Z,0.003,0x1eaa18a0e964d346f2b5182be3f97d7aab5145b9,buy,0xf333b2ace992ac2bbd8798bf57bc65a06184afba,0x918326dacb9c4df7fe7c78bb76e05fd179d6813e9c484b93cfe4dc1ef8463fea
29,304,0.304,0x1eaa18a0e964d346f2b5182be3f97d7aab5145b9,2017-11-01T15:25:33.000Z,0.001,0x73850df49cef8599fce66903d0fad7bfa8ec6307,sell,0xf333b2ace992ac2bbd8798bf57bc65a06184afba,0x1a2c70fde9c3bfa92416bf809abe5b8c12ea60fed1f7ac7f20228a864a12624c
30,1,0.0021,0x99c92fd645ec759c573e83512e38fb1459f183f9,2017-11-01T14:02:26.000Z,0.0021,0x3af666ba60c9fedb72ef25752de6009ea86525dd,buy,0xf333b2ace992ac2bbd8798bf57bc65a06184afba,0x374c25a0403d82e687a93396ca7ebe676aa095eee2c03eecd0d1974b8774f190
31,1,0.00245,0x8e752d267ee351ff5e4cc5160f7c91f2ea88327a,2017-11-01T12:22:38.000Z,0.00245,0x3af666ba60c9fedb72ef25752de6009ea86525dd,sell,0xf333b2ace992ac2bbd8798bf57bc65a06184afba,0x30f6ce1c0dbb6134798b89ea2fb883566cbd43313b5e4bd9ee397cf81de196d2
32,1,0.00246,0x3af666ba60c9fedb72ef25752de6009ea86525dd,2017-11-01T12:19:04.000Z,0.00246,0x3af666ba60c9fedb72ef25752de6009ea86525dd,sell,0xf333b2ace992ac2bbd8798bf57bc65a06184afba,0x47216157346424cb182cb684668032f5a3be9177d92676529c6f4ee1e18548c1
33,20,0.0494392,0xa045ea6c97d9f07ce2e5020944ee4c1ffac9f599,2017-11-01T11:48:18.000Z,0.00247196,0x16860620e9a1da20cc1305a92a1c877f95a5e017,sell,0xf333b2ace992ac2bbd8798bf57bc65a06184afba,0x9714b1aac772e39f3de5dd5114ab9b2643025d10134d5a6b4485dcabc5a41a06
34,1,0.00305,0x3af666ba60c9fedb72ef25752de6009ea86525dd,2017-11-01T11:48:16.000Z,0.00305,0x16860620e9a1da20cc1305a92a1c877f95a5e017,sell,0xf333b2ace992ac2bbd8798bf57bc65a06184afba,0xd22b818626a73d0fd7f812ee48345fa39dccedcf5b29a761977744b1059c3868
35,1,0.00305,0x3af666ba60c9fedb72ef25752de6009ea86525dd,2017-11-01T11:47:20.000Z,0.00305,0x16860620e9a1da20cc1305a92a1c877f95a5e017,sell,0xf333b2ace992ac2bbd8798bf57bc65a06184afba,0xd22b818626a73d0fd7f812ee48345fa39dccedcf5b29a761977744b1059c3868
36,31,0.07595,0x8e752d267ee351ff5e4cc5160f7c91f2ea88327a,2017-11-01T10:56:55.000Z,0.00245,0x6789b1e0e634652096c90de1f51426b0c76a406d,sell,0xf333b2ace992ac2bbd8798bf57bc65a06184afba,0x1db2ee467ebcf00df3ffb440ed08a64a50ce96a3bb5012f32136d8c78183ab00
37,1,0.00304,0x3af666ba60c9fedb72ef25752de6009ea86525dd,2017-11-01T10:37:28.000Z,0.00304,0x1eaa18a0e964d346f2b5182be3f97d7aab5145b9,buy,0xf333b2ace992ac2bbd8798bf57bc65a06184afba,0x609afe657bb4882b1145d040bf50489a12d5e1f04253859b41331ecb0bbed292
38,1750,3.5,0x1eaa18a0e964d346f2b5182be3f97d7aab5145b9,2017-11-01T10:17:51.000Z,0.002,0x73850df49cef8599fce66903d0fad7bfa8ec6307,sell,0xf333b2ace992ac2bbd8798bf57bc65a06184afba,0x922fef4590dfa7e1b69bdd843475152a83db5824c5a8bf8018ff3404c6883048
39,84,4.05132,0x7e72492ed193cb5a92e774002eedd1a20ed08e83,2017-11-01T09:12:05.000Z,0.04823,0xc9d56287b414e1aa0963016aa721b527f095fd9c,sell,0xf333b2ace992ac2bbd8798bf57bc65a06184afba,0x234e9f6abb0af317f73fc47a361c54c218b81f4960dac3c342e0db490a00ec80
40,84,0.2561832,0xc9d56287b414e1aa0963016aa721b527f095fd9c,2017-11-01T09:12:05.000Z,0.0030498,0x73850df49cef8599fce66903d0fad7bfa8ec6307,buy,0xf333b2ace992ac2bbd8798bf57bc65a06184afba,0x234e9f6abb0af317f73fc47a361c54c218b81f4960dac3c342e0db490a00ec80
41,9,0.43407,0x7e72492ed193cb5a92e774002eedd1a20ed08e83,2017-11-01T09:12:02.000Z,0.04823,0x96373170538a83c7674ef92f41d195203a8abe09,sell,0xf333b2ace992ac2bbd8798bf57bc65a06184afba,0x1be44b1ee70d0482a2e09d95772d4b1fdf132603e203f6dee7b30bd0d42b206e
42,5,0.24115,0x7e72492ed193cb5a92e774002eedd1a20ed08e83,2017-11-01T09:12:02.000Z,0.04823,0xd81179a077efdf7dba1e5b7c56e27199c7b41e35,sell,0xf333b2ace992ac2bbd8798bf57bc65a06184afba,0x20691a0f5b6610a0f963148a42dfeafc79978e1e7dbed5c20c2704f1bc0f5752
43,1,0.0030499,0x3af666ba60c9fedb72ef25752de6009ea86525dd,2017-11-01T08:28:39.000Z,0.0030499,0x254fb89e4cab71708eaab16e067ca8156a38e18a,buy,0xf333b2ace992ac2bbd8798bf57bc65a06184afba,0xcad38ad6f417dc1d6947c9c7ef6c1c1029b45612fc8c8a7ff912a5bbc5e44132
44,45,0.213435,0x7e72492ed193cb5a92e774002eedd1a20ed08e83,2017-11-01T08:25:09.000Z,0.004743,0x7e72492ed193cb5a92e774002eedd1a20ed08e83,buy,0xf333b2ace992ac2bbd8798bf57bc65a06184afba,0x4bb671299d2e5d271c0f731c52c4d5483af4754bcc0db8f8b4f34cdec0187d74
45,59,0.279837,0x7e72492ed193cb5a92e774002eedd1a20ed08e83,2017-11-01T08:23:21.000Z,0.004743,0x7e72492ed193cb5a92e774002eedd1a20ed08e83,buy,0xf333b2ace992ac2bbd8798bf57bc65a06184afba,0x176b488003e18ce8a634545dd2db931697e579614c90ece0de69032bc680e403
46,35,0.1642375,0x7e72492ed193cb5a92e774002eedd1a20ed08e83,2017-11-01T07:14:01.000Z,0.0046925,0x7e72492ed193cb5a92e774002eedd1a20ed08e83,buy,0xf333b2ace992ac2bbd8798bf57bc65a06184afba,0x3ad2f9112d490739ea5c0564bf388142ad22509694afebf21096e8258141a3e6
47,95,0.4503095,0x7e72492ed193cb5a92e774002eedd1a20ed08e83,2017-11-01T07:13:58.000Z,0.0047401,0x7e72492ed193cb5a92e774002eedd1a20ed08e83,buy,0xf333b2ace992ac2bbd8798bf57bc65a06184afba,0x9b0e096ca40353907d718a6449e9767c9d9db54db860f30c509776336b7d818b
48,60,0.270078,0x7e72492ed193cb5a92e774002eedd1a20ed08e83,2017-11-01T07:12:49.000Z,0.0045013,0x7e72492ed193cb5a92e774002eedd1a20ed08e83,buy,0xf333b2ace992ac2bbd8798bf57bc65a06184afba,0x530c4c8e3af29355c0576b360924c72ce51e7d9f69733ccd304c58e38e41309a
49,31,0.142631,0x7e72492ed193cb5a92e774002eedd1a20ed08e83,2017-11-01T07:12:21.000Z,0.004601,0x7e72492ed193cb5a92e774002eedd1a20ed08e83,buy,0xf333b2ace992ac2bbd8798bf57bc65a06184afba,0x07599168273ba1238647633ee5f81a025280f84b1c46f035fb28513f514ce8e3
50,43,0.1939085,0x7e72492ed193cb5a92e774002eedd1a20ed08e83,2017-11-01T07:11:17.000Z,0.0045095,0x7e72492ed193cb5a92e774002eedd1a20ed08e83,buy,0xf333b2ace992ac2bbd8798bf57bc65a06184afba,0x679a2737dcd29fa5dcad176614cc9ed6a201e65e0f733738d260fd0577842513
51,12,0.05508,0x7e72492ed193cb5a92e774002eedd1a20ed08e83,2017-11-01T07:11:00.000Z,0.00459,0x7e72492ed193cb5a92e774002eedd1a20ed08e83,buy,0xf333b2ace992ac2bbd8798bf57bc65a06184afba,0xde588b95d7e3a415dec08516195d190514a2d6bef7d409cb3936bd395b6cacf8
52,34,0.1530442,0x7e72492ed193cb5a92e774002eedd1a20ed08e83,2017-11-01T07:10:50.000Z,0.0045013,0x7e72492ed193cb5a92e774002eedd1a20ed08e83,buy,0xf333b2ace992ac2bbd8798bf57bc65a06184afba,0xfafd75b6c9a26fc6c6a19968944ce4d3f9ef3152955f3ccedb6057b17ce82229
53,43,0.1913285,0x7e72492ed193cb5a92e774002eedd1a20ed08e83,2017-11-01T07:10:50.000Z,0.0044495,0x7e72492ed193cb5a92e774002eedd1a20ed08e83,buy,0xf333b2ace992ac2bbd8798bf57bc65a06184afba,0xbdfe830efd7db821e527d286081c7d7b57c5f7e99fd594f2e7ef8e4565d9440b
54,21,0.0903315,0x7e72492ed193cb5a92e774002eedd1a20ed08e83,2017-11-01T07:08:45.000Z,0.0043015,0x7e72492ed193cb5a92e774002eedd1a20ed08e83,buy,0xf333b2ace992ac2bbd8798bf57bc65a06184afba,0x0ac589a94ed0c254db1efb3cd8cf904920a693ae6bc791920e32af601f0f8729
55,111,0.493395,0x7e72492ed193cb5a92e774002eedd1a20ed08e83,2017-11-01T07:08:34.000Z,0.004445,0x7e72492ed193cb5a92e774002eedd1a20ed08e83,buy,0xf333b2ace992ac2bbd8798bf57bc65a06184afba,0xa69b2ba24a5ee1ea1ca5f4097f8e61d1d565467d7d32db59f264894f70ce73c0
56,101,0.4243515,0x7e72492ed193cb5a92e774002eedd1a20ed08e83,2017-11-01T07:08:19.000Z,0.0042015,0x7e72492ed193cb5a92e774002eedd1a20ed08e83,buy,0xf333b2ace992ac2bbd8798bf57bc65a06184afba,0x61702f04d7974e397d04cf455ac861d27263abe13a973a22962a8646124f4189
57,96,0.379392,0x7e72492ed193cb5a92e774002eedd1a20ed08e83,2017-11-01T07:08:16.000Z,0.003952,0x7e72492ed193cb5a92e774002eedd1a20ed08e83,buy,0xf333b2ace992ac2bbd8798bf57bc65a06184afba,0x44578b76a0e8f50e0e44a525dc00317e40b84ff0fd4380de1639dc49dd2d6da6
58,93,0.3813,0x7e72492ed193cb5a92e774002eedd1a20ed08e83,2017-11-01T07:08:16.000Z,0.0041,0x7e72492ed193cb5a92e774002eedd1a20ed08e83,buy,0xf333b2ace992ac2bbd8798bf57bc65a06184afba,0x82a874f6c8eb9bc0547c0f76db4624e1199277ae6b751b60d1d7068079df4050
59,235,0.92872,0x7e72492ed193cb5a92e774002eedd1a20ed08e83,2017-11-01T07:05:20.000Z,0.003952,0x7e72492ed193cb5a92e774002eedd1a20ed08e83,buy,0xf333b2ace992ac2bbd8798bf57bc65a06184afba,0x158973ac0dae64475a2391010a7257f022af734a4b8c07a718aae36963242a2a
60,86,0.2622914,0x08c9bceeebbc27ffb0d15a8d283877b402cdba62,2017-11-01T07:00:02.000Z,0.0030499,0x254fb89e4cab71708eaab16e067ca8156a38e18a,buy,0xf333b2ace992ac2bbd8798bf57bc65a06184afba,0x0adaa595b806062c196d64fecfea1657c8543447b365656f4203a3cb2cf1b8fb
61,439,1.8589894,0x7e72492ed193cb5a92e774002eedd1a20ed08e83,2017-11-01T06:59:54.000Z,0.0042346,0x7e72492ed193cb5a92e774002eedd1a20ed08e83,buy,0xf333b2ace992ac2bbd8798bf57bc65a06184afba,0xa888d4a7d963b7a0c050cb0e20c79852ac83983953866563a943ef53074dc6b4
62,151,0.5941246,0x7e72492ed193cb5a92e774002eedd1a20ed08e83,2017-11-01T06:58:29.000Z,0.0039346,0x7e72492ed193cb5a92e774002eedd1a20ed08e83,buy,0xf333b2ace992ac2bbd8798bf57bc65a06184afba,0xd83577f089fe20f273796268e0cd4143de60d363c0fb028225f23c900639e0ab
63,878,2.6369548254073822,0x08c9bceeebbc27ffb0d15a8d283877b402cdba62,2017-11-01T06:57:07.000Z,0.0030033654047920072,0x1eaa18a0e964d346f2b5182be3f97d7aab5145b9,buy,0xf333b2ace992ac2bbd8798bf57bc65a06184afba,0x06275471365111e73c96fa0d0d9c0855a3dd366a8e4b25df91562688223ef72e
64,338,1.0329359041969894,0x08c9bceeebbc27ffb0d15a8d283877b402cdba62,2017-11-01T06:52:54.000Z,0.0030560233851981934,0x3558a7e5ffaec08666ba511d1949da6c3c2b506a,buy,0xf333b2ace992ac2bbd8798bf57bc65a06184afba,0x3cd87429dfd080d85a37a1ad587d98c51827357dd38e73a5e45bab561dda88f7
65,101,0.303,0x0cd2795a623adeb9370e2895e8d7526a6e4c556d,2017-11-01T06:52:00.000Z,0.003,0x1eaa18a0e964d346f2b5182be3f97d7aab5145b9,buy,0xf333b2ace992ac2bbd8798bf57bc65a06184afba,0x7a0025f800b6133e9ca19c6c699d7ad26246ea8034a73d922212e9a563323887
66,100,0.30499,0x08c9bceeebbc27ffb0d15a8d283877b402cdba62,2017-11-01T06:52:00.000Z,0.0030499,0x0cd2795a623adeb9370e2895e8d7526a6e4c556d,sell,0xf333b2ace992ac2bbd8798bf57bc65a06184afba,0x7a0025f800b6133e9ca19c6c699d7ad26246ea8034a73d922212e9a563323887
67,109,0.2507,0x0e68ceec28bf6580bd4e6231084bf23d1c5c4098,2017-11-01T01:10:23.000Z,0.0023,0x1451dbe4304a60b5b25b4d98b355effd440417af,sell,0xf333b2ace992ac2bbd8798bf57bc65a06184afba,0x22834e2f6ea2d789b9bd8cf6fb84affa1df17f2e0396f7a2247ee96118f8ecce
68,559,1.118,0x1eaa18a0e964d346f2b5182be3f97d7aab5145b9,2017-10-31T22:35:46.000Z,0.002,0xb00548770ea87482f024cd4292a975fea72e8f01,sell,0xf333b2ace992ac2bbd8798bf57bc65a06184afba,0xf2f99fc28fa64c4b85c2db8c56ba21ae8601051ceb6628da7b0f46e33c1602ba
69,104,0.429936,0x7e72492ed193cb5a92e774002eedd1a20ed08e83,2017-10-31T22:24:17.000Z,0.004134,0x7e72492ed193cb5a92e774002eedd1a20ed08e83,buy,0xf333b2ace992ac2bbd8798bf57bc65a06184afba,0x6446ee31c002ad148eded2bce4b492bfeaca9d7877b91c27297be107cabbae0d
70,378,1.63296,0x7e72492ed193cb5a92e774002eedd1a20ed08e83,2017-10-31T21:13:44.000Z,0.00432,0x7e72492ed193cb5a92e774002eedd1a20ed08e83,buy,0xf333b2ace992ac2bbd8798bf57bc65a06184afba,0x6d0f3ef057bb47d6be06aefe80f452ae7c7071a99f3ab366dba3ef9770d58517
71,37,0.0851,0xbc5dd58e0fb3c1c4e441699fdb326e68d288729f,2017-10-31T20:57:33.000Z,0.0023,0x15ef70b3fb085a11c63f99aa43080ec6a3a46fd8,sell,0xf333b2ace992ac2bbd8798bf57bc65a06184afba,0x01f173af787b20547d260a057922ab673946609af5449e51e64b7d327763b543
72,235,0.84459,0x7e72492ed193cb5a92e774002eedd1a20ed08e83,2017-10-31T20:55:25.000Z,0.003594,0x7e72492ed193cb5a92e774002eedd1a20ed08e83,buy,0xf333b2ace992ac2bbd8798bf57bc65a06184afba,0x8caa5484f7c6912c9737669a707016166e968ff09c4f0c9fe033d71ec22ae250
73,10,0.03,0xb0d2ce3e2bfbc1a47dbfe5b3eef5335284dfeb49,2017-10-31T19:37:09.000Z,0.003,0x1eaa18a0e964d346f2b5182be3f97d7aab5145b9,buy,0xf333b2ace992ac2bbd8798bf57bc65a06184afba,0x286cc6095f7c0401890af31f0314f6c34b904933ced559502f53d6bab2c44053
74,1,0.00311,0x45c635e987e6077116d127e35e7b4b0cd9b27031,2017-10-31T19:36:18.000Z,0.00311,0xb0d2ce3e2bfbc1a47dbfe5b3eef5335284dfeb49,sell,0xf333b2ace992ac2bbd8798bf57bc65a06184afba,0x17634f4551f26ca713b0b2e432e9fbbb0618773034f8ce63fa7dece5f70dc766
75,4,0.01244,0x45c635e987e6077116d127e35e7b4b0cd9b27031,2017-10-31T19:35:36.000Z,0.00311,0xb0d2ce3e2bfbc1a47dbfe5b3eef5335284dfeb49,sell,0xf333b2ace992ac2bbd8798bf57bc65a06184afba,0x915af898a79712c99d6fff20765654cc80c103676d9fd6bc9a91fa3011fba86d
76,1,0.00311,0x45c635e987e6077116d127e35e7b4b0cd9b27031,2017-10-31T19:35:02.000Z,0.00311,0xb0d2ce3e2bfbc1a47dbfe5b3eef5335284dfeb49,sell,0xf333b2ace992ac2bbd8798bf57bc65a06184afba,0xe324a006d6f5a013234553814547f57210cc6ba6e17377faa8d1e56db947c54b
77,1,0.00311,0x45c635e987e6077116d127e35e7b4b0cd9b27031,2017-10-31T19:33:48.000Z,0.00311,0xb0d2ce3e2bfbc1a47dbfe5b3eef5335284dfeb49,sell,0xf333b2ace992ac2bbd8798bf57bc65a06184afba,0x899e826c6fb8d19255569dc42ae8ab3ec6ade80618b50a71746c85af8cb89434
78,2,0.00622,0x45c635e987e6077116d127e35e7b4b0cd9b27031,2017-10-31T19:32:44.000Z,0.00311,0xb0d2ce3e2bfbc1a47dbfe5b3eef5335284dfeb49,sell,0xf333b2ace992ac2bbd8798bf57bc65a06184afba,0xee99fe25d8119230a28499963225955f9ccb6febce10477c042a88e6ceccaeaa
79,10,0.03,0xb0d2ce3e2bfbc1a47dbfe5b3eef5335284dfeb49,2017-10-31T17:54:20.000Z,0.003,0x1eaa18a0e964d346f2b5182be3f97d7aab5145b9,buy,0xf333b2ace992ac2bbd8798bf57bc65a06184afba,0x90b1238744ff869d9dbc6e6b73ec3d11511c3db450cbf7fd0f09a1fc2da8305c
80,301,0.932799,0x8590244f1652da625e8251cc86c61903c6dc8b6b,2017-10-31T14:13:42.000Z,0.003099,0xeebedcffa215c54b47486458a7484f9970b26187,buy,0xf333b2ace992ac2bbd8798bf57bc65a06184afba,0xe786c9fb73e07e478a3edb47ec83b379c3f45b482d56d928927b3da100592fb5
81,1,0.00305,0x6cdea8e07bf82d7a07dbf36642d6e5be8623845c,2017-10-31T10:25:34.000Z,0.00305,0x3558a7e5ffaec08666ba511d1949da6c3c2b506a,buy,0xf333b2ace992ac2bbd8798bf57bc65a06184afba,0xf146a79c3e9bea06d8bb16891e156361512ff183508a695f10eaab21f760c0e3
82,1,0.00549,0x935ff6f507d8f55aff8d7b181e3b5f952485937a,2017-10-31T10:20:34.000Z,0.00549,0x3558a7e5ffaec08666ba511d1949da6c3c2b506a,buy,0xf333b2ace992ac2bbd8798bf57bc65a06184afba,0xe7805723e56e0461334b626bb81f9f6d1decc2fa409348b7e299f098f939eaac
83,75,0.22874999925,0xc02e5b7481cbe8a781b8c09666343ef48ee6b288,2017-10-31T07:13:15.000Z,0.00304999999,0x254fb89e4cab71708eaab16e067ca8156a38e18a,buy,0xf333b2ace992ac2bbd8798bf57bc65a06184afba,0xc4518439eac72f7eddf647a8062307ba71a92b7f40cd8129aa9bb5f35d6dcf82
84,3,0.009969095803010666,0xee0dc66c9323605119b87d91ebf2a1ac85581051,2017-10-31T06:54:15.000Z,0.003323031934336889,0x3558a7e5ffaec08666ba511d1949da6c3c2b506a,buy,0xf333b2ace992ac2bbd8798bf57bc65a06184afba,0x6063d9b797869ca700ea95bbdb0747bc07dbbca318a9f82598a4762466be1194
85,99,0.30789,0x45c635e987e6077116d127e35e7b4b0cd9b27031,2017-10-31T04:59:43.000Z,0.00311,0xf44072eda87ede9613b6ae1b812de8a60ade27a2,sell,0xf333b2ace992ac2bbd8798bf57bc65a06184afba,0x712598642e4b07a3fe2092c28cd5971c4b66d33509b934da1bfda0dd8e7edeb1
86,99,0.3049999989999999,0xf44072eda87ede9613b6ae1b812de8a60ade27a2,2017-10-31T04:59:43.000Z,0.00308080807070707,0x254fb89e4cab71708eaab16e067ca8156a38e18a,buy,0xf333b2ace992ac2bbd8798bf57bc65a06184afba,0x712598642e4b07a3fe2092c28cd5971c4b66d33509b934da1bfda0dd8e7edeb1
87,498,1.54878,0x45c635e987e6077116d127e35e7b4b0cd9b27031,2017-10-31T04:56:09.000Z,0.00311,0x273a5d3e6721b9f5c1a6474f560c1334c63dda01,sell,0xf333b2ace992ac2bbd8798bf57bc65a06184afba,0x34eb5aed8fc71bbef1d36e940a6b65d4ef6b04ae5accbc64421cdb84b6a107e4
88,500,1.525,0x273a5d3e6721b9f5c1a6474f560c1334c63dda01,2017-10-31T04:56:09.000Z,0.00305,0x3558a7e5ffaec08666ba511d1949da6c3c2b506a,buy,0xf333b2ace992ac2bbd8798bf57bc65a06184afba,0x34eb5aed8fc71bbef1d36e940a6b65d4ef6b04ae5accbc64421cdb84b6a107e4
89,199,0.61889,0x45c635e987e6077116d127e35e7b4b0cd9b27031,2017-10-31T04:53:36.000Z,0.00311,0x273a5d3e6721b9f5c1a6474f560c1334c63dda01,sell,0xf333b2ace992ac2bbd8798bf57bc65a06184afba,0x8e005299f81d1b9afade175ae4f04e908f72e9c05210cb7df4476b552852dba4
90,200,0.61,0x273a5d3e6721b9f5c1a6474f560c1334c63dda01,2017-10-31T04:53:36.000Z,0.00305,0x3558a7e5ffaec08666ba511d1949da6c3c2b506a,buy,0xf333b2ace992ac2bbd8798bf57bc65a06184afba,0x8e005299f81d1b9afade175ae4f04e908f72e9c05210cb7df4476b552852dba4
91,199,0.61889,0x45c635e987e6077116d127e35e7b4b0cd9b27031,2017-10-31T04:49:09.000Z,0.00311,0x273a5d3e6721b9f5c1a6474f560c1334c63dda01,sell,0xf333b2ace992ac2bbd8798bf57bc65a06184afba,0x12d084e12b5ad158d2164022360a43c6f2726fd95c54697afaa61e5432f9d7e3
92,200,0.61,0x273a5d3e6721b9f5c1a6474f560c1334c63dda01,2017-10-31T04:49:09.000Z,0.00305,0x3558a7e5ffaec08666ba511d1949da6c3c2b506a,buy,0xf333b2ace992ac2bbd8798bf57bc65a06184afba,0x12d084e12b5ad158d2164022360a43c6f2726fd95c54697afaa61e5432f9d7e3
93,99,0.21781089,0x254fb89e4cab71708eaab16e067ca8156a38e18a,2017-10-31T02:51:04.000Z,0.00220011,0x0265afc497b9dfc5a9648d66322e19b9edcd0faa,sell,0xf333b2ace992ac2bbd8798bf57bc65a06184afba,0x201e7f33b4fd77922e79abf6b5f96d03dc1d9b97c485be9c6e3c7c8346901678
94,23,0.07014999977,0xc8a38ab0aa4f66af58d001354544323874e32acc,2017-10-31T02:46:10.000Z,0.00304999999,0x254fb89e4cab71708eaab16e067ca8156a38e18a,buy,0xf333b2ace992ac2bbd8798bf57bc65a06184afba,0xdd8a0debcfcb0afa677452064e7d94744b71b3106d195b824a9d4d3930726d05
95,100,0.304999999,0xb3ddf3a756d4861533a749e67a42765ffcb9c981,2017-10-31T01:24:11.000Z,0.00304999999,0x254fb89e4cab71708eaab16e067ca8156a38e18a,buy,0xf333b2ace992ac2bbd8798bf57bc65a06184afba,0x989a815eb25122c88ff36c007a8feefe3c2f8f72ea369360d2fb9db72c968856
96,348,1.0801513553982653,0xf43fc4b628a7d8f341844d1118da164197b62f17,2017-10-31T01:10:13.000Z,0.003103883205167429,0x3558a7e5ffaec08666ba511d1949da6c3c2b506a,buy,0xf333b2ace992ac2bbd8798bf57bc65a06184afba,0x09ec3dfc8876e1c49ffa6fde1ab50fdcf7b7082d09e5de6b438d37954163e21d
97,1691,3.382,0x1eaa18a0e964d346f2b5182be3f97d7aab5145b9,2017-10-31T01:00:45.000Z,0.002,0xb00548770ea87482f024cd4292a975fea72e8f01,sell,0xf333b2ace992ac2bbd8798bf57bc65a06184afba,0x2fbeecffda9ae332d97682f0affa896aa30867356ddf5187e20369f87924b787
98,1000,2.9,0xf43fc4b628a7d8f341844d1118da164197b62f17,2017-10-31T00:55:54.000Z,0.0029,0x3558a7e5ffaec08666ba511d1949da6c3c2b506a,buy,0xf333b2ace992ac2bbd8798bf57bc65a06184afba,0x251cf658487efb9540b222d5d64ab864c361950cd12af0d602bb5b019249eb24
99,481,1.32275,0x62c4727ceb8ae8128da0132cb631b0e7ec5652a2,2017-10-31T00:51:19.000Z,0.00275,0x3558a7e5ffaec08666ba511d1949da6c3c2b506a,sell,0xf333b2ace992ac2bbd8798bf57bc65a06184afba,0x6642d08bddc75869c37764398349490b161f4e1b2d2b4906c27e9060b3089405
100,101,0.28482,0x254fb89e4cab71708eaab16e067ca8156a38e18a,2017-10-31T00:36:14.000Z,0.00282,0xcd605fa72ad96e83e1745fdbe55ec4bd36e62d53,sell,0xf333b2ace992ac2bbd8798bf57bc65a06184afba,0x7080e3dce625ec7e3d8e3ddb91717b8c8b74f132005d8e07d50b393497587c53
101,185,0.521885,0xeebedcffa215c54b47486458a7484f9970b26187,2017-10-31T00:36:14.000Z,0.002821,0xcd605fa72ad96e83e1745fdbe55ec4bd36e62d53,sell,0xf333b2ace992ac2bbd8798bf57bc65a06184afba,0x15a854bd7bbcfa3a7120cd99fc09fcc31c8f1dc72db3d593e999c7dd64441ab4
102,180,0.50598,0xe624fa6d80d1cce582d49fc9e71b043ca16c783d,2017-10-31T00:36:14.000Z,0.002811,0xcd605fa72ad96e83e1745fdbe55ec4bd36e62d53,sell,0xf333b2ace992ac2bbd8798bf57bc65a06184afba,0x2066d20b78ec4191322ae369555beb1059a28b06750f475ddad658d73556d033
103,199,0.56118,0x254fb89e4cab71708eaab16e067ca8156a38e18a,2017-10-30T23:58:37.000Z,0.00282,0x591b7a2e24d5d1100148e280d43c7aa34a9c48e1,sell,0xf333b2ace992ac2bbd8798bf57bc65a06184afba,0x8559dba8debc1039a029da6fdb2a5c8a4185a68ef025eaec55d7c7f89ba54f57
104,535,2.0402867,0x7e72492ed193cb5a92e774002eedd1a20ed08e83,2017-10-30T22:39:51.000Z,0.00381362,0x7e72492ed193cb5a92e774002eedd1a20ed08e83,buy,0xf333b2ace992ac2bbd8798bf57bc65a06184afba,0x0e251a0369eaa5da2ed39fa779060231ba04f99324208d47f90e9f6524df17e7
105,108,0.304668,0xeebedcffa215c54b47486458a7484f9970b26187,2017-10-30T21:12:07.000Z,0.002821,0x7942bbc7a6fd4ca2074f9e330d2e0103d5da9474,sell,0xf333b2ace992ac2bbd8798bf57bc65a06184afba,0x07a541944475173b2b2661a35e57e88fe90b0c20aa42b82b65e96d54fcc33aad
106,51,0.204765,0x7e72492ed193cb5a92e774002eedd1a20ed08e83,2017-10-30T19:34:48.000Z,0.004015,0x7e72492ed193cb5a92e774002eedd1a20ed08e83,buy,0xf333b2ace992ac2bbd8798bf57bc65a06184afba,0x88a935ddd9cd37728e964fd633c9b2af63db88a22f34373627c71a9eea4a4061
107,7,0.019684,0xeebedcffa215c54b47486458a7484f9970b26187,2017-10-30T18:55:27.000Z,0.002812,0xa0ed3a04baed9d738230af2ff0d45ca65eb3ea6b,sell,0xf333b2ace992ac2bbd8798bf57bc65a06184afba,0x82f10693d45a0a726b8fc648ae416c672f2d9b980c42e741e013c3a0d14c1f71
108,632,2.566552,0x7e72492ed193cb5a92e774002eedd1a20ed08e83,2017-10-30T16:38:57.000Z,0.004061,0x7e72492ed193cb5a92e774002eedd1a20ed08e83,buy,0xf333b2ace992ac2bbd8798bf57bc65a06184afba,0xd567e49887372692b2c15685aeebe70c1e1f0c97b4797157f464cb2ddbed161c
109,196,0.813988,0x7e72492ed193cb5a92e774002eedd1a20ed08e83,2017-10-30T16:31:39.000Z,0.004153,0x7e72492ed193cb5a92e774002eedd1a20ed08e83,buy,0xf333b2ace992ac2bbd8798bf57bc65a06184afba,0x545b23f81d83450654d96d3f7d4f1a9d036ea1a378e9676c5ea0fd15e042b60a
110,212,0.834432,0x7e72492ed193cb5a92e774002eedd1a20ed08e83,2017-10-30T12:46:15.000Z,0.003936,0x7e72492ed193cb5a92e774002eedd1a20ed08e83,buy,0xf333b2ace992ac2bbd8798bf57bc65a06184afba,0xaa10bcf378127cf875d58b1f6b7f50c2b9335a3c929b4e4f6eb142e6583ae3f2
111,1,0.00331999,0xc320b24e483703c81778ac62fe68f81f4db72ab5,2017-10-30T11:29:34.000Z,0.00331999,0x72bd9ed3dd900d460bfa6e70dca09811853628fa,buy,0xf333b2ace992ac2bbd8798bf57bc65a06184afba,0x4226645665770651a492af9cbea0f5e68e0ff2686e5025446dec596fa76080f4
112,99,0.331398621,0xc320b24e483703c81778ac62fe68f81f4db72ab5,2017-10-30T11:14:05.000Z,0.0033474608181818183,0x254fb89e4cab71708eaab16e067ca8156a38e18a,buy,0xf333b2ace992ac2bbd8798bf57bc65a06184afba,0xfd36cf5fd0d37c5684f93cddc213497cb38ee00c2e3cf1da6203f67c5e46d055
113,55,0.212465,0x7e72492ed193cb5a92e774002eedd1a20ed08e83,2017-10-30T09:56:01.000Z,0.003863,0x7e72492ed193cb5a92e774002eedd1a20ed08e83,buy,0xf333b2ace992ac2bbd8798bf57bc65a06184afba,0x6038a0bd78af50bd13cbddf3c9672d137824cfab577b4c0ece6ac3971ed9a6dc
114,24,0.07968,0xa045ea6c97d9f07ce2e5020944ee4c1ffac9f599,2017-10-30T07:13:27.000Z,0.00332,0x1eaa18a0e964d346f2b5182be3f97d7aab5145b9,buy,0xf333b2ace992ac2bbd8798bf57bc65a06184afba,0x373609f5a5d455f10c9db266e913672abe54710eae224fcd5d874422f4cd8b32
115,216,0.8437608,0x7e72492ed193cb5a92e774002eedd1a20ed08e83,2017-10-30T06:11:26.000Z,0.0039063,0x7e72492ed193cb5a92e774002eedd1a20ed08e83,buy,0xf333b2ace992ac2bbd8798bf57bc65a06184afba,0x416e0d2ff0e92f1be08a05249797ee077ef0e5f93481bbcbc4cb722053220556
116,55,0.212465,0x7e72492ed193cb5a92e774002eedd1a20ed08e83,2017-10-30T06:11:14.000Z,0.003863,0x7e72492ed193cb5a92e774002eedd1a20ed08e83,buy,0xf333b2ace992ac2bbd8798bf57bc65a06184afba,0x2a7416d502d4e23bda864e03a643fe722725a8be8c4bb1424b4febf52c69a1f0
117,36,0.12636,0x7e72492ed193cb5a92e774002eedd1a20ed08e83,2017-10-30T06:11:04.000Z,0.00351,0x7e72492ed193cb5a92e774002eedd1a20ed08e83,buy,0xf333b2ace992ac2bbd8798bf57bc65a06184afba,0xa654f9cff9bb91ebcd9d6a5ac4f7240a740106b8a6cb4cf4063918402b980997
118,1201,4.55179,0x7e72492ed193cb5a92e774002eedd1a20ed08e83,2017-10-30T06:10:40.000Z,0.00379,0x7e72492ed193cb5a92e774002eedd1a20ed08e83,buy,0xf333b2ace992ac2bbd8798bf57bc65a06184afba,0x87876a53ad9cd8c143d8cb14f25666504d45dbe67cc91693314f2eb0239959ba
119,519,1.42725,0x62c4727ceb8ae8128da0132cb631b0e7ec5652a2,2017-10-30T02:01:03.000Z,0.00275,0x7ee2715adb1e25f855cb6989344bf1e1f2cbfc6d,sell,0xf333b2ace992ac2bbd8798bf57bc65a06184afba,0x72b54e8592ac992fc26322d0f263e4e8f6911ea0ed37fb639605f359794f982d
120,851,2.9785,0x45c635e987e6077116d127e35e7b4b0cd9b27031,2017-10-30T01:04:30.000Z,0.0035,0xcd605fa72ad96e83e1745fdbe55ec4bd36e62d53,sell,0xf333b2ace992ac2bbd8798bf57bc65a06184afba,0x6fe0b1921910281ffe4a631093eb37cf5e6260a65c5a5236256f498aac90808e
121,50,0.175,0x45c635e987e6077116d127e35e7b4b0cd9b27031,2017-10-30T00:11:49.000Z,0.0035,0x1abd1ea2747e39709e533dfcdffd9e422e13e56d,sell,0xf333b2ace992ac2bbd8798bf57bc65a06184afba,0xa2ab48b33ed62486a23b73370ff52f258e77aacf3e76277347b455fc20c4b206
122,99,0.3465,0x45c635e987e6077116d127e35e7b4b0cd9b27031,2017-10-29T23:46:03.000Z,0.0035,0x273a5d3e6721b9f5c1a6474f560c1334c63dda01,sell,0xf333b2ace992ac2bbd8798bf57bc65a06184afba,0x63e7b8751a44775db2248407db11c7d5f4c953115898342dc963971be8bf531d
123,100,0.33298,0x273a5d3e6721b9f5c1a6474f560c1334c63dda01,2017-10-29T23:46:03.000Z,0.0033298,0x254fb89e4cab71708eaab16e067ca8156a38e18a,buy,0xf333b2ace992ac2bbd8798bf57bc65a06184afba,0x63e7b8751a44775db2248407db11c7d5f4c953115898342dc963971be8bf531d
124,1000,3.5,0xe141f0b05725daff178bf4513b561f88dde034a4,2017-10-29T22:12:02.000Z,0.0035,0xadce6c6a512c1ae12a86fc1a62f36fc17136816c,buy,0xf333b2ace992ac2bbd8798bf57bc65a06184afba,0x6f30e26174d809a9fec4e938cf9cd981f86731aa6bc14cfe9f1c044cc8e9e2de
125,633,2.4835755,0x7e72492ed193cb5a92e774002eedd1a20ed08e83,2017-10-29T21:54:45.000Z,0.0039235,0x7e72492ed193cb5a92e774002eedd1a20ed08e83,buy,0xf333b2ace992ac2bbd8798bf57bc65a06184afba,0xe446b09b132d87c01b37f41e57ee968c7fc4d762c411ecc63c59e065c1ecf972
126,1000,3.5,0x45c635e987e6077116d127e35e7b4b0cd9b27031,2017-10-29T21:31:47.000Z,0.0035,0xe636e487babefb9f7a3d2a7206ae1ac17797d868,sell,0xf333b2ace992ac2bbd8798bf57bc65a06184afba,0xa18f664784e2dfbc07ceef2b0b913a032ce46937bb7b1c71288b3c2353740a36
127,792,2.772,0x45c635e987e6077116d127e35e7b4b0cd9b27031,2017-10-29T18:52:18.000Z,0.0035,0xe636e487babefb9f7a3d2a7206ae1ac17797d868,sell,0xf333b2ace992ac2bbd8798bf57bc65a06184afba,0x72790905959a8f6a960f43fe2abe16470176ba22aa63a4155a9b24264adf0d4e
128,27,0.0945,0x45c635e987e6077116d127e35e7b4b0cd9b27031,2017-10-29T18:49:12.000Z,0.0035,0xd2ea382e498316d91b9de8557670149b479721a0,sell,0xf333b2ace992ac2bbd8798bf57bc65a06184afba,0xd82071e751267801c0ad97f75121aa4dcc2741a252b6635bdfeb868ad3f62cb0
129,28,0.09352,0xd2ea382e498316d91b9de8557670149b479721a0,2017-10-29T18:49:12.000Z,0.00334,0x1981765200d3fd2c9f7f643256213b5556629374,buy,0xf333b2ace992ac2bbd8798bf57bc65a06184afba,0xd82071e751267801c0ad97f75121aa4dcc2741a252b6635bdfeb868ad3f62cb0
130,1,0.0035,0x45c635e987e6077116d127e35e7b4b0cd9b27031,2017-10-29T18:40:09.000Z,0.0035,0x8988156d003068f226aff6d4abaf8fc880a84c47,sell,0xf333b2ace992ac2bbd8798bf57bc65a06184afba,0x45ab728886508e684ab3021e73d3bae8d78ea075e48299eac4cbea3a548e3135
131,83,0.27639,0xd2ea382e498316d91b9de8557670149b479721a0,2017-10-29T18:33:31.000Z,0.0033300000000000005,0x254fb89e4cab71708eaab16e067ca8156a38e18a,buy,0xf333b2ace992ac2bbd8798bf57bc65a06184afba,0x825584848e43d0ac80c1604406208f53e5868ace70dcd2440574c8d370a05453
132,98,0.343,0x45c635e987e6077116d127e35e7b4b0cd9b27031,2017-10-29T18:33:31.000Z,0.0035,0xd2ea382e498316d91b9de8557670149b479721a0,sell,0xf333b2ace992ac2bbd8798bf57bc65a06184afba,0xa4ba39360dba90effbcef8429dc8bf58781fa90d0c6a67d570cb09011ad45d16
133,99,0.32868,0xd2ea382e498316d91b9de8557670149b479721a0,2017-10-29T18:33:31.000Z,0.00332,0x1eaa18a0e964d346f2b5182be3f97d7aab5145b9,buy,0xf333b2ace992ac2bbd8798bf57bc65a06184afba,0xa4ba39360dba90effbcef8429dc8bf58781fa90d0c6a67d570cb09011ad45d16
134,82,0.287,0x45c635e987e6077116d127e35e7b4b0cd9b27031,2017-10-29T18:33:31.000Z,0.0035,0xd2ea382e498316d91b9de8557670149b479721a0,sell,0xf333b2ace992ac2bbd8798bf57bc65a06184afba,0x825584848e43d0ac80c1604406208f53e5868ace70dcd2440574c8d370a05453
135,104,0.2496,0x937ef977341e686a42200d61e72b33405bf0c9c3,2017-10-29T16:57:39.000Z,0.0024,0x1981765200d3fd2c9f7f643256213b5556629374,sell,0xf333b2ace992ac2bbd8798bf57bc65a06184afba,0xd982db445be0b85efee29de5e0ab1eb11745c95f27d358413d2caab945b32d1d
136,39,0.0975,0xbc5dd58e0fb3c1c4e441699fdb326e68d288729f,2017-10-29T16:49:02.000Z,0.0025,0x3d9b39a6c07621249a02527e0f8e63e4b057cc27,sell,0xf333b2ace992ac2bbd8798bf57bc65a06184afba,0x76f0a1f94ba1da04336fbdc4cfe1df215ec0beb3d683e9f8436687ff93609f71
137,10,0.0250001,0xe146142131ba3daa2751d0346df4e381711c411b,2017-10-29T16:21:34.000Z,0.00250001,0x6fa34230e1ed056261b2a1fdcc61947584b6b517,sell,0xf333b2ace992ac2bbd8798bf57bc65a06184afba,0xb12fe3a78006f413a8b76e86734a7ca32c69ffb4dbab0075bcf3c9b38509222e
138,10,0.02560001,0xf30a200444ddc48f54bdac2eb3cb4a193aff68c9,2017-10-29T16:21:26.000Z,0.002560001,0x6fa34230e1ed056261b2a1fdcc61947584b6b517,sell,0xf333b2ace992ac2bbd8798bf57bc65a06184afba,0x35d7f306d80792278ff5b10a75d897767ba9a8314d9ff0019c2ecdfbcd793bb8
139,350,1.057,0x1eaa18a0e964d346f2b5182be3f97d7aab5145b9,2017-10-29T05:08:00.000Z,0.00302,0xcd605fa72ad96e83e1745fdbe55ec4bd36e62d53,sell,0xf333b2ace992ac2bbd8798bf57bc65a06184afba,0x2954672292242cf537fc27a683f034d45ad64f6c58308d7a1a45252e6d7851d3
140,205,0.619100205,0x254fb89e4cab71708eaab16e067ca8156a38e18a,2017-10-29T05:07:46.000Z,0.003020001,0xcd605fa72ad96e83e1745fdbe55ec4bd36e62d53,sell,0xf333b2ace992ac2bbd8798bf57bc65a06184afba,0x8bbaadbd07b133708e4a5f771969fb452cd32ec396ca2681eeb3480308bdeaa0
141,95,0.286900095,0x254fb89e4cab71708eaab16e067ca8156a38e18a,2017-10-29T05:06:06.000Z,0.003020001,0xba9a92202784a9efc2213eb6accaa0ea7d0e0eda,sell,0xf333b2ace992ac2bbd8798bf57bc65a06184afba,0xb9a8ed395a5597fa87b60b28ec9812112898a67cc6da21597f3ea60f056d67a4
142,654,1.97508,0x1eaa18a0e964d346f2b5182be3f97d7aab5145b9,2017-10-29T02:12:00.000Z,0.00302,0xc730e3529f26bdcdd134e0b5a95a21e7f3c8dd6c,sell,0xf333b2ace992ac2bbd8798bf57bc65a06184afba,0x55ddedd898ae2fdc7aac79bb9ea0597a3e7e26cc0febdedc47795ac20f7981b0
143,16,0.05328,0x83089f7a44e5487f13a07d5b67b72a32731b0405,2017-10-29T01:54:13.000Z,0.00333,0x254fb89e4cab71708eaab16e067ca8156a38e18a,buy,0xf333b2ace992ac2bbd8798bf57bc65a06184afba,0xcc501c8695bcc3ad1cd84354161bc7de5f173e1296ff89ab3922aae8d761ddfd
144,13,0.04448,0x83089f7a44e5487f13a07d5b67b72a32731b0405,2017-10-29T01:51:57.000Z,0.0034215384615384615,0x1eaa18a0e964d346f2b5182be3f97d7aab5145b9,buy,0xf333b2ace992ac2bbd8798bf57bc65a06184afba,0xbeb9df76d1cd2abad31f5bfd86293a748941e4857a317715fa9f99686101b28a
145,21,0.06972,0x65f2dddf638c7a7118b22d610c9aeba141f2467f,2017-10-29T01:47:17.000Z,0.00332,0x1eaa18a0e964d346f2b5182be3f97d7aab5145b9,buy,0xf333b2ace992ac2bbd8798bf57bc65a06184afba,0xe2f875c47fa37e0714ab24073f008e312a503f5d6fc285b09de7698bc263b41e
146,21,0.0713937,0xeb2e038e97e7b0d67f0574172f80b1b434081a87,2017-10-29T01:47:17.000Z,0.0033997,0x65f2dddf638c7a7118b22d610c9aeba141f2467f,sell,0xf333b2ace992ac2bbd8798bf57bc65a06184afba,0xe2f875c47fa37e0714ab24073f008e312a503f5d6fc285b09de7698bc263b41e
147,4,0.01328,0xf91f6caba9d5f40526617804d56fcbf70240fcfd,2017-10-29T01:26:36.000Z,0.00332,0x1eaa18a0e964d346f2b5182be3f97d7aab5145b9,buy,0xf333b2ace992ac2bbd8798bf57bc65a06184afba,0x6efc866814d670f8c6ae230b5babc759eff79358a92d442f8ffcd22838a58b7b
148,11,0.039886149028619665,0x552b5d4e7a9b4e7fec09a8bf22d29247a03d86e3,2017-10-28T22:15:07.000Z,0.0036260135480563334,0x1eaa18a0e964d346f2b5182be3f97d7aab5145b9,buy,0xf333b2ace992ac2bbd8798bf57bc65a06184afba,0x86d2c791ef56c5107121c4b4e30d9453bc08d587e94d38de14a36f6637c4d603
149,50,0.12888885,0x7cea503fd36694c94a0901361bdd4cc8b4387094,2017-10-28T20:35:02.000Z,0.002577777,0x5afa5aa9762c7e0a2972aeb77c4ae40737169850,sell,0xf333b2ace992ac2bbd8798bf57bc65a06184afba,0xb2a6ca7c1e4f3a2a5c427db9f915f0030a07adee25e4b2ab3bded381499c61aa
150,154,0.5167,0x5afa5aa9762c7e0a2972aeb77c4ae40737169850,2017-10-28T20:08:29.000Z,0.003355194805194805,0x1eaa18a0e964d346f2b5182be3f97d7aab5145b9,buy,0xf333b2ace992ac2bbd8798bf57bc65a06184afba,0x0025b89e2cd2f374f9afb527fd283b8daf21701658052087b0e24c63754e731a
151,80,0.2416,0x1eaa18a0e964d346f2b5182be3f97d7aab5145b9,2017-10-28T19:35:43.000Z,0.00302,0x0265afc497b9dfc5a9648d66322e19b9edcd0faa,sell,0xf333b2ace992ac2bbd8798bf57bc65a06184afba,0xcbd7a22e66c58a749acfee57616a0a83dea0c197523eff93fe674965be472406
152,31,0.10354,0xe7ebfdda0b7a5a6a92f123e2157164e20be3cf32,2017-10-28T17:08:39.000Z,0.00334,0x1eaa18a0e964d346f2b5182be3f97d7aab5145b9,buy,0xf333b2ace992ac2bbd8798bf57bc65a06184afba,0xd6fd8bd8f1c26639d4faf7bcda0639efce237ffa501d26ed6175f891b9734735
153,150,0.5025,0xe7ebfdda0b7a5a6a92f123e2157164e20be3cf32,2017-10-28T17:07:27.000Z,0.00335,0x3d9b39a6c07621249a02527e0f8e63e4b057cc27,buy,0xf333b2ace992ac2bbd8798bf57bc65a06184afba,0x1ac9b2db5b3d207fb79d24ef68f851e5a388b745fae2829ee27826f2aefd89cc
154,124,0.37448,0x1eaa18a0e964d346f2b5182be3f97d7aab5145b9,2017-10-28T16:58:42.000Z,0.00302,0x1ed014aec47fae44c9e55bac7662c0b78ae61798,sell,0xf333b2ace992ac2bbd8798bf57bc65a06184afba,0xbeb6622764d00d6710de3739738190029bcbfffb767c06c9bbb5b7d8b4a3b189
155,99,0.29799,0x62c4727ceb8ae8128da0132cb631b0e7ec5652a2,2017-10-28T16:45:38.000Z,0.00301,0x962b4c97745b0dc26cada8e7eb144e1be5010159,sell,0xf333b2ace992ac2bbd8798bf57bc65a06184afba,0x9d668277ed85e7af749f408d08adb4bc32136415d78a3bb07f7ce1abc3e80162
156,100,0.3399,0x978aa22ef9b02190b90ebc276deb37e626a32f88,2017-10-28T15:08:58.000Z,0.003399,0x254fb89e4cab71708eaab16e067ca8156a38e18a,buy,0xf333b2ace992ac2bbd8798bf57bc65a06184afba,0x7332db8f4cc993b500f532dd1047abe3fc4b34fea25317f8ebf9bd67cfb373da
157,261,0.8873312036294746,0x46395503e6e23ce75485da68ec1ab98a7122da8d,2017-10-28T15:03:53.000Z,0.0033997364123734657,0x1eaa18a0e964d346f2b5182be3f97d7aab5145b9,buy,0xf333b2ace992ac2bbd8798bf57bc65a06184afba,0x6810b42d8ce005c73fdd621fcc736e1642ba2ed80381ff566ee2b7dce379e393
158,292,0.88184,0x1eaa18a0e964d346f2b5182be3f97d7aab5145b9,2017-10-28T13:31:02.000Z,0.00302,0xdee24ceb41b6cad2228764a6c53898bda76f53a9,sell,0xf333b2ace992ac2bbd8798bf57bc65a06184afba,0xd9f470a56f9bea9676b17b494849323b807a348f88d309357d0988e911235fa0
159,104,0.3535688,0x813ecd95c6da0c43e3884e01fc921626f1ba14c4,2017-10-28T09:56:59.000Z,0.0033997,0xaa6ba9048c12e648d97ecf376f77910443fa8dd9,buy,0xf333b2ace992ac2bbd8798bf57bc65a06184afba,0x58e511eff1e5336de6eb8ac6e97e4602ae801fa66b8c2d794543f7eac31220f8
160,146,0.49850450343985936,0x191a8a1c0b00ffd468290093adb83969fd345932,2017-10-28T09:12:36.000Z,0.0034144144071223243,0xaa6ba9048c12e648d97ecf376f77910443fa8dd9,buy,0xf333b2ace992ac2bbd8798bf57bc65a06184afba,0x0fde0f2943e42969285c3655e6986db1a50d6056187e7a411b6efeb65aa6ba04
161,1000,3.925,0x7e72492ed193cb5a92e774002eedd1a20ed08e83,2017-10-28T08:38:21.000Z,0.003925,0x7e72492ed193cb5a92e774002eedd1a20ed08e83,buy,0xf333b2ace992ac2bbd8798bf57bc65a06184afba,0xd4ca2efb0b00a60bdc3ff1fc09d3c85dc33686ab05fb77a90f745a8512d22829
162,380,1.291886,0x6f2e0a6065cf524c52192799779c0493823391be,2017-10-28T07:22:39.000Z,0.0033997,0xaa6ba9048c12e648d97ecf376f77910443fa8dd9,buy,0xf333b2ace992ac2bbd8798bf57bc65a06184afba,0x93158427213b788cfe4dc53e82e08dc9bcaf2413819354577f10e274df5547e6
163,16,0.0543952,0xf30a200444ddc48f54bdac2eb3cb4a193aff68c9,2017-10-28T04:33:46.000Z,0.0033997,0xaa6ba9048c12e648d97ecf376f77910443fa8dd9,buy,0xf333b2ace992ac2bbd8798bf57bc65a06184afba,0xaf1616a25bb8a17e111dc79a89a03dc09e8d5623fe8c1636431f1fa4e8437f7b
164,1000,3.4,0x45c635e987e6077116d127e35e7b4b0cd9b27031,2017-10-28T04:16:43.000Z,0.0034,0xe636e487babefb9f7a3d2a7206ae1ac17797d868,sell,0xf333b2ace992ac2bbd8798bf57bc65a06184afba,0xae972fc9b070d80a6ecf2e76179663c85107e8996a4f41b5b266fbc63f874f18
165,1000,3.84,0xa8e490fc5ed8fafa296166a572dd90d4409ddf45,2017-10-28T01:50:16.000Z,0.00384,0x1eaa18a0e964d346f2b5182be3f97d7aab5145b9,buy,0xf333b2ace992ac2bbd8798bf57bc65a06184afba,0x85c320cb414b385a94ebbb640f2ecd76983dfdca76c814a3d0b17ddd717d74f8
166,10,0.03399699,0xa8e490fc5ed8fafa296166a572dd90d4409ddf45,2017-10-28T01:37:57.000Z,0.003399699,0x8988156d003068f226aff6d4abaf8fc880a84c47,buy,0xf333b2ace992ac2bbd8798bf57bc65a06184afba,0xa787a04dd348667d18d5acf03844319c802cf5eba7e4fbb256e67277ba2e6678
167,9,0.02709,0x62c4727ceb8ae8128da0132cb631b0e7ec5652a2,2017-10-27T23:03:10.000Z,0.00301,0x8988156d003068f226aff6d4abaf8fc880a84c47,sell,0xf333b2ace992ac2bbd8798bf57bc65a06184afba,0xa6a3e3e95dbd92152490fd9f92e173fc2f1d9d9905d4f85cf4733d24a21d0eea
168,353,1.4297559,0x7e72492ed193cb5a92e774002eedd1a20ed08e83,2017-10-27T22:07:59.000Z,0.0040503,0x7e72492ed193cb5a92e774002eedd1a20ed08e83,buy,0xf333b2ace992ac2bbd8798bf57bc65a06184afba,0x508727e013c67df1b4048ef591dd75070847427ca3830384da1e2ed8c28a4181
169,246,0.8118,0xe7ebfdda0b7a5a6a92f123e2157164e20be3cf32,2017-10-27T20:44:51.000Z,0.0033,0xdfa60da00a569e455863c0bff4362703edab4e9f,buy,0xf333b2ace992ac2bbd8798bf57bc65a06184afba,0xf93ae98eaf5e4f8f44d5fecc91cd7d10ec5637394c2f7ed45339dde560f061f6
170,351,1.4512095,0x7e72492ed193cb5a92e774002eedd1a20ed08e83,2017-10-27T18:01:50.000Z,0.0041345,0x7e72492ed193cb5a92e774002eedd1a20ed08e83,buy,0xf333b2ace992ac2bbd8798bf57bc65a06184afba,0xe9f0d0e5ed60e8a50c234c0529ef846b6f19d6b5a0566e779cede6917476f660
171,252,0.9919224,0x7e72492ed193cb5a92e774002eedd1a20ed08e83,2017-10-27T17:32:54.000Z,0.0039362,0x7e72492ed193cb5a92e774002eedd1a20ed08e83,buy,0xf333b2ace992ac2bbd8798bf57bc65a06184afba,0xca2977f3bebb8b43a731e3c6f2c99f75e0ec0ff202a44f4a2465d68126075a32
172,251,0.75551,0x62c4727ceb8ae8128da0132cb631b0e7ec5652a2,2017-10-27T17:30:51.000Z,0.00301,0xd445f61ebca3d6b4c57eef1f39fdab6595ef8972,sell,0xf333b2ace992ac2bbd8798bf57bc65a06184afba,0x27e5aefc041d165920b49506e7af3748fb2a9767e55bb494e2920e45f39155da
173,252,0.09919224,0xd445f61ebca3d6b4c57eef1f39fdab6595ef8972,2017-10-27T17:30:51.000Z,0.00039362,0x7e72492ed193cb5a92e774002eedd1a20ed08e83,buy,0xf333b2ace992ac2bbd8798bf57bc65a06184afba,0x27e5aefc041d165920b49506e7af3748fb2a9767e55bb494e2920e45f39155da
174,836,3.345254,0x7e72492ed193cb5a92e774002eedd1a20ed08e83,2017-10-27T17:17:02.000Z,0.0040015,0x7e72492ed193cb5a92e774002eedd1a20ed08e83,buy,0xf333b2ace992ac2bbd8798bf57bc65a06184afba,0x964ca408746425b093e2d6f210dd98097a3d6fdc926afc5cb5c623950d593fea
175,334,1.3413774,0x7e72492ed193cb5a92e774002eedd1a20ed08e83,2017-10-27T12:07:00.000Z,0.0040161,0x7e72492ed193cb5a92e774002eedd1a20ed08e83,buy,0xf333b2ace992ac2bbd8798bf57bc65a06184afba,0x945b1adb7ded920abfa58a811e31a760c0a21de896831fd687264cd26245d461
176,949,3.228751248086133,0x45b23183cf05a835c331432d8f24fdb427e9cd5e,2017-10-27T07:22:07.000Z,0.0034022668578357566,0xdee24ceb41b6cad2228764a6c53898bda76f53a9,buy,0xf333b2ace992ac2bbd8798bf57bc65a06184afba,0x2a7cb7b7284e84f5ae8fde3dd07b8d45c43c9270bf58fe3f8abd0a4c2b8900c4
177,144,0.4608,0x45b23183cf05a835c331432d8f24fdb427e9cd5e,2017-10-27T07:18:56.000Z,0.0032,0x9b12d296a33f888e4f636107fbea1468167ff43c,buy,0xf333b2ace992ac2bbd8798bf57bc65a06184afba,0x5199db863a29a13ac33611dfa0f8bc78be50101c85adb9cfe763234624c297ab
178,40,0.1164448,0xe146142131ba3daa2751d0346df4e381711c411b,2017-10-27T07:09:08.000Z,0.00291112,0xabc0c70c3dac3adc85107a24f34d07df89a35f2c,sell,0xf333b2ace992ac2bbd8798bf57bc65a06184afba,0xbf10bb5c4d98fa95f223c199f9084e1c771a3175905741502a4efa151bc44d3c
179,9,0.02682,0x7cea503fd36694c94a0901361bdd4cc8b4387094,2017-10-27T07:08:49.000Z,0.00298,0xabc0c70c3dac3adc85107a24f34d07df89a35f2c,sell,0xf333b2ace992ac2bbd8798bf57bc65a06184afba,0xbb436453643007de5f556dde90b2d972aab1af554eac2db63f7040213ea800ce
180,50,0.14555555,0x7cea503fd36694c94a0901361bdd4cc8b4387094,2017-10-27T07:08:31.000Z,0.002911111,0xabc0c70c3dac3adc85107a24f34d07df89a35f2c,sell,0xf333b2ace992ac2bbd8798bf57bc65a06184afba,0xa2c8c4432a179fbceaec05c56168289fa8ac93e9807cd85f4c696c8479b65b6b
181,20,0.06,0x445598750201119e8c0df5998d04ace8796c0ae7,2017-10-27T07:08:28.000Z,0.003,0xabc0c70c3dac3adc85107a24f34d07df89a35f2c,sell,0xf333b2ace992ac2bbd8798bf57bc65a06184afba,0x498a7fbee393f630901569f3b2d856028a074d0c7d9de07b7c8939f9395777c6
182,1000,2.91,0x1eaa18a0e964d346f2b5182be3f97d7aab5145b9,2017-10-27T07:08:28.000Z,0.00291,0xabc0c70c3dac3adc85107a24f34d07df89a35f2c,sell,0xf333b2ace992ac2bbd8798bf57bc65a06184afba,0xc295fa6d78d1a6a01ffb39e3f45bb2a3ea4b986f2e062a74fbfe16e7483d2880
183,300,1.28706,0x7e72492ed193cb5a92e774002eedd1a20ed08e83,2017-10-27T06:20:07.000Z,0.0042902,0x7e72492ed193cb5a92e774002eedd1a20ed08e83,buy,0xf333b2ace992ac2bbd8798bf57bc65a06184afba,0x4264fcd1f7e01a7253c2550f565975b13b060b6ca283ecb1cde498f34f9064db
184,35,0.1405635,0x7e72492ed193cb5a92e774002eedd1a20ed08e83,2017-10-27T06:20:07.000Z,0.0040161,0x7e72492ed193cb5a92e774002eedd1a20ed08e83,buy,0xf333b2ace992ac2bbd8798bf57bc65a06184afba,0x1fb3f6d1e227a70b4306a1b268917ce93b4d290e0d0885f234d4197c823133ab
185,35,0.1196479329987715,0xeff5e22ab9809b8e03ea9ea725b41fece4fe55b1,2017-10-27T03:53:21.000Z,0.0034185123713934714,0xeebedcffa215c54b47486458a7484f9970b26187,buy,0xf333b2ace992ac2bbd8798bf57bc65a06184afba,0x87e61396c9f2e252b243ea0311ca902b5863992df2ed8280d5497c546776a1c9
186,150,0.559125,0xa8e490fc5ed8fafa296166a572dd90d4409ddf45,2017-10-27T02:09:26.000Z,0.0037275,0xe636e487babefb9f7a3d2a7206ae1ac17797d868,buy,0xf333b2ace992ac2bbd8798bf57bc65a06184afba,0x7069696401afa0c3ec0ceff6e8f69cf009675b04db6cc1bf16421aa4804a95cd
187,218,0.7435743866777321,0x32a57a8dbd9aeaef4fff6deaa51d8c3b6e963ddc,2017-10-27T00:52:46.000Z,0.0034108916820079454,0xdee24ceb41b6cad2228764a6c53898bda76f53a9,buy,0xf333b2ace992ac2bbd8798bf57bc65a06184afba,0x52595eb5e12837e39686726626f22ca250675e3952dbba84e17695abbb79bcf7
188,300,1.01994,0x32a57a8dbd9aeaef4fff6deaa51d8c3b6e963ddc,2017-10-27T00:50:07.000Z,0.0033998,0xdee24ceb41b6cad2228764a6c53898bda76f53a9,buy,0xf333b2ace992ac2bbd8798bf57bc65a06184afba,0x5b53eb2491ed6d49ee06c8aba14b849ae73804be68e27015e597ee716eef587c
189,277,0.941716623,0x32a57a8dbd9aeaef4fff6deaa51d8c3b6e963ddc,2017-10-27T00:49:53.000Z,0.003399699,0xc0fd44719ebf1aef7e49d4f29cb64dd6b58390cf,buy,0xf333b2ace992ac2bbd8798bf57bc65a06184afba,0x78bfd7506a97153426f7c5b4e307b328ade25970d88aea3e53fd89e4a367fe52
190,10,0.0321,0x32a57a8dbd9aeaef4fff6deaa51d8c3b6e963ddc,2017-10-27T00:49:53.000Z,0.00321,0xbde166024b8e84042dd97dc292b130bf0cc715fa,buy,0xf333b2ace992ac2bbd8798bf57bc65a06184afba,0xe40556b5c12018a8948242dbf35a87f4f00c85d563d52f2dfbf2a284aa3a5a72
191,41,0.12218,0x7cea503fd36694c94a0901361bdd4cc8b4387094,2017-10-26T23:25:23.000Z,0.00298,0x142e562c31941d170bac90debb01149b0944d336,sell,0xf333b2ace992ac2bbd8798bf57bc65a06184afba,0xbb98a289a33f92a08d8a8fde8a725bc531c0303f7f809a2b1631569acfa174ae
192,70,0.21,0x2373db12de8794dd4739b4a8b3772f9229a1f5f8,2017-10-26T23:24:40.000Z,0.003,0x142e562c31941d170bac90debb01149b0944d336,sell,0xf333b2ace992ac2bbd8798bf57bc65a06184afba,0x15a02e000496cf53819f9f69a6db3e7309bc3f30c12842195cd59fe02ddce431
193,5,0.0169985,0xaaae9672b33333264366d382a790b1608ce30b82,2017-10-26T19:51:08.000Z,0.0033997,0x9b12d296a33f888e4f636107fbea1468167ff43c,buy,0xf333b2ace992ac2bbd8798bf57bc65a06184afba,0xb744b5b553243b5d3846f7ad578632798c5ecb94948ec7eb31377262236d57c9
194,969,3.833364,0x7e72492ed193cb5a92e774002eedd1a20ed08e83,2017-10-26T16:36:36.000Z,0.003956,0x7e72492ed193cb5a92e774002eedd1a20ed08e83,buy,0xf333b2ace992ac2bbd8798bf57bc65a06184afba,0x1b8743684752151480fc8084b6fc90993f92d4473d45278dfb443b2f9281bf59
195,2825,11.105075,0x7e72492ed193cb5a92e774002eedd1a20ed08e83,2017-10-26T15:18:54.000Z,0.003931,0x7e72492ed193cb5a92e774002eedd1a20ed08e83,buy,0xf333b2ace992ac2bbd8798bf57bc65a06184afba,0x42587eeacad6a6a075424f2e784fbe45a0305857ab6ad9ee7d48275142d5ce9d
196,35,0.1216279675987213,0x54ca75994345fe32453989d5e176a4c240c43721,2017-10-26T14:54:38.000Z,0.0034750847885348943,0xeebedcffa215c54b47486458a7484f9970b26187,buy,0xf333b2ace992ac2bbd8798bf57bc65a06184afba,0xa03ff603572d5b340660c2f46a2b4971648cc5d957a25eb8bcd00c95e0317eee
197,3,0.0093,0xf30a200444ddc48f54bdac2eb3cb4a193aff68c9,2017-10-26T14:49:06.000Z,0.0031,0x254fb89e4cab71708eaab16e067ca8156a38e18a,buy,0xf333b2ace992ac2bbd8798bf57bc65a06184afba,0xcb9d28d61f04fa5265b62c94d3434a977fc73821dfdcd7412065287d1c31653b
198,58,0.1972,0x6aecef5dce30d63631d6a0f2bd9f61ac6bc7bf4b,2017-10-26T13:14:56.000Z,0.0034,0xeebedcffa215c54b47486458a7484f9970b26187,buy,0xf333b2ace992ac2bbd8798bf57bc65a06184afba,0x9193cb07b934b2cac2c00b0ebc5b26692d9b561ee4d9e6213fbb1a32bb7003ae
199,45,0.153,0xd40cd8ad0879201b4c42b9726078f7d1f58a6bf6,2017-10-26T08:56:49.000Z,0.0034,0xeebedcffa215c54b47486458a7484f9970b26187,buy,0xf333b2ace992ac2bbd8798bf57bc65a06184afba,0x3ef78d354bf5359a44a14834f038d741868a0012c4b1e7970aaceb2fefebf821
200,3,0.0102,0x13ef8ae8cdacdaa67aea93e88ca757906ef2b82b,2017-10-26T08:30:35.000Z,0.0034,0xeebedcffa215c54b47486458a7484f9970b26187,buy,0xf333b2ace992ac2bbd8798bf57bc65a06184afba,0x4de401661af8220a52956f8c36ea65ef09185a5a4b60a044070d97f3a9a3d1d4
201,97,0.3007,0x13ef8ae8cdacdaa67aea93e88ca757906ef2b82b,2017-10-26T08:27:28.000Z,0.0031,0x254fb89e4cab71708eaab16e067ca8156a38e18a,buy,0xf333b2ace992ac2bbd8798bf57bc65a06184afba,0xd70ccc972f4b8825fafb6142ebd0133b5b2bab6d9a7e6823ce666e2ecee0f727
202,126,0.4187517235834504,0x59bc3ee088d253505599a3e9833931bdd3900323,2017-10-26T07:39:44.000Z,0.003323426377646432,0x9b12d296a33f888e4f636107fbea1468167ff43c,buy,0xf333b2ace992ac2bbd8798bf57bc65a06184afba,0x149e65d166e65e3eaece8de97b5933033cd9aadc7330389add2ba64ef32f12a1
203,169,0.4656888964,0x254fb89e4cab71708eaab16e067ca8156a38e18a,2017-10-26T04:45:41.000Z,0.0027555556,0xa63bc011f55d8f2d60c0ff23082d712d10d909b6,sell,0xf333b2ace992ac2bbd8798bf57bc65a06184afba,0x07cc8e395f80083f184bd583286846f6e7629ba3e66a9678158391d28ebe1211
204,50,0.14,0xbc5dd58e0fb3c1c4e441699fdb326e68d288729f,2017-10-26T04:43:49.000Z,0.0028,0xa63bc011f55d8f2d60c0ff23082d712d10d909b6,sell,0xf333b2ace992ac2bbd8798bf57bc65a06184afba,0x1760b4d732197a4dce112413cdb60f6d113535c8f033c753153708139bfe61aa
205,70,0.199507,0xf61f9f195940f1400ca7c6ccf3b770c0473471e3,2017-10-26T04:43:07.000Z,0.0028501,0xa63bc011f55d8f2d60c0ff23082d712d10d909b6,sell,0xf333b2ace992ac2bbd8798bf57bc65a06184afba,0x80c9754677cc546c6f577fd357d760cce0e4057086bd2c6e00b7355ee0b4539e
206,200,0.5711,0x254fb89e4cab71708eaab16e067ca8156a38e18a,2017-10-26T04:42:47.000Z,0.0028555,0xa63bc011f55d8f2d60c0ff23082d712d10d909b6,sell,0xf333b2ace992ac2bbd8798bf57bc65a06184afba,0xcc37b57a3f49433b6cfab6fa1e8dd56cdeb158d9b9c8322de2e948ce49b4ce3c
207,175,0.500325,0xeebedcffa215c54b47486458a7484f9970b26187,2017-10-26T04:42:47.000Z,0.002859,0xa63bc011f55d8f2d60c0ff23082d712d10d909b6,sell,0xf333b2ace992ac2bbd8798bf57bc65a06184afba,0x0cab70f80a1959e7cdedacabf83147689e0902ecc8abd0aa3252845850603907
208,100,0.3499,0x8c294dfb889cdda458316f731d12e3f3ffa47d83,2017-10-26T03:42:40.000Z,0.003499,0x254fb89e4cab71708eaab16e067ca8156a38e18a,buy,0xf333b2ace992ac2bbd8798bf57bc65a06184afba,0x7b1c6451921ac0ef0c21d0c67452f444e77533d916243b0863f723b3a68cedbe
209,33,0.1154505,0xc8a38ab0aa4f66af58d001354544323874e32acc,2017-10-26T03:26:06.000Z,0.0034985,0x9b12d296a33f888e4f636107fbea1468167ff43c,buy,0xf333b2ace992ac2bbd8798bf57bc65a06184afba,0x9d2ab699e96e5f91d56b232284ea385754ab2349ca62c6d6b7dfc978803d33ac
210,7,0.019600007,0xf30a200444ddc48f54bdac2eb3cb4a193aff68c9,2017-10-26T02:17:29.000Z,0.002800001,0xa0c1ae6bc9c4fbee79bcd7034d750bd0505f9f17,sell,0xf333b2ace992ac2bbd8798bf57bc65a06184afba,0x160d977cedb56a89dc9e0315d624c89ee0c654d8711b50e40357d32c891f618a
211,694,2.859974,0x7e72492ed193cb5a92e774002eedd1a20ed08e83,2017-10-25T21:54:36.000Z,0.004121,0x7e72492ed193cb5a92e774002eedd1a20ed08e83,buy,0xf333b2ace992ac2bbd8798bf57bc65a06184afba,0x1c859afe62f91f7deded0e6c9b1a48defbb8b9529434cd886e53d591c8dcc6fa
212,10,0.032,0x445598750201119e8c0df5998d04ace8796c0ae7,2017-10-25T19:52:47.000Z,0.0032,0x9b12d296a33f888e4f636107fbea1468167ff43c,sell,0xf333b2ace992ac2bbd8798bf57bc65a06184afba,0x6627487df89ee8b7e7b548f0bdf8375eaf5c8d8d52f6ed897fd25d36230cb278
213,183,0.63683817,0x763cb8e6aaef9615afe7fbe773a50f1e703b42bb,2017-10-25T14:06:53.000Z,0.00347999,0x9b12d296a33f888e4f636107fbea1468167ff43c,buy,0xf333b2ace992ac2bbd8798bf57bc65a06184afba,0x7431058f87a829530d768a1d71993a34ab8ef22371df96116e3814099c9fd882
214,317,1.09999,0x763cb8e6aaef9615afe7fbe773a50f1e703b42bb,2017-10-25T14:06:22.000Z,0.00347,0x1eaa18a0e964d346f2b5182be3f97d7aab5145b9,buy,0xf333b2ace992ac2bbd8798bf57bc65a06184afba,0x965927e30d29c1d9cba095b46f1c29d2f38bb299f1b2766c3374fcf35c9a81c4
215,50,0.1590005,0x87e6e455d4f091296cb082641f63e58c98e56078,2017-10-25T13:50:49.000Z,0.00318001,0x39944d1dec8a3fcbc0f983a820f03f949491ea78,sell,0xf333b2ace992ac2bbd8798bf57bc65a06184afba,0x16b6f1c8f4f426b43af0610fd8a8417c954b8bd9abd950135b4117c9af8f430d
216,95,0.2831,0x7cea503fd36694c94a0901361bdd4cc8b4387094,2017-10-25T13:50:44.000Z,0.00298,0x39944d1dec8a3fcbc0f983a820f03f949491ea78,sell,0xf333b2ace992ac2bbd8798bf57bc65a06184afba,0x31b263c6338205cd3aab3d3c738b40c3d7d288f9235b53175bb784a1309ab85d
217,4,0.01392,0x2696e60739bfae06d43ce0b838dc6478badc6466,2017-10-25T12:41:46.000Z,0.00348,0x1eaa18a0e964d346f2b5182be3f97d7aab5145b9,buy,0xf333b2ace992ac2bbd8798bf57bc65a06184afba,0x291b5f6c4b6f2524f33f84e4ab10c7093cbf73f1e7a4a01de2a5306f2bcb8295
218,500,1.5,0x9b12d296a33f888e4f636107fbea1468167ff43c,2017-10-25T11:46:13.000Z,0.003,0xa63bc011f55d8f2d60c0ff23082d712d10d909b6,sell,0xf333b2ace992ac2bbd8798bf57bc65a06184afba,0x1b9399566534137d75733a38e8986bd7c0ead9ec01d008d7c81c908ee54b3140
219,575,1.84,0xe2280e01e446eca796a058c9ec6442aba307822e,2017-10-25T09:02:42.000Z,0.0032,0xa63bc011f55d8f2d60c0ff23082d712d10d909b6,sell,0xf333b2ace992ac2bbd8798bf57bc65a06184afba,0x03eb4eff27db5b243bcad93dd2c91ea20dab19fadb0008e10822c252c4f07894
220,200,0.64,0xe2280e01e446eca796a058c9ec6442aba307822e,2017-10-25T04:48:39.000Z,0.0032,0xf0262763662bfa2916c17ecf75340992e6076c6b,sell,0xf333b2ace992ac2bbd8798bf57bc65a06184afba,0xac5ea63ecd4dcabfba525269b7d1fb890a0f811a7f9ae494e851a4be79406feb
221,10,0.02555555,0x7cea503fd36694c94a0901361bdd4cc8b4387094,2017-10-25T03:23:14.000Z,0.002555555,0xf0262763662bfa2916c17ecf75340992e6076c6b,sell,0xf333b2ace992ac2bbd8798bf57bc65a06184afba,0x09adee5fb010310e899fc6eb5109462c3daced9444186623d76754e30bab9cc2
222,10,0.0250777,0x254fb89e4cab71708eaab16e067ca8156a38e18a,2017-10-25T03:23:14.000Z,0.00250777,0xf0262763662bfa2916c17ecf75340992e6076c6b,sell,0xf333b2ace992ac2bbd8798bf57bc65a06184afba,0x3b6715ed5465ef6a8a8aaba1682790ccb6b9055f7dcb10c42823109cf39d640c
223,5,0.0149,0x7cea503fd36694c94a0901361bdd4cc8b4387094,2017-10-25T03:14:24.000Z,0.00298,0xf0262763662bfa2916c17ecf75340992e6076c6b,sell,0xf333b2ace992ac2bbd8798bf57bc65a06184afba,0xdc70afb975a8fba2b4f196c705032342a6a68ef66ef9bc3d5260bc7f66719832
224,8,0.02488,0x8591e4e1f30f8ac80f4661957c3a24441b77ed61,2017-10-25T03:14:24.000Z,0.00311,0xf0262763662bfa2916c17ecf75340992e6076c6b,sell,0xf333b2ace992ac2bbd8798bf57bc65a06184afba,0x9763ed756e2c52188e8aed21553b735201ea44c9ba8f9169df0fdf26cd936d8e
225,14,0.05014298277340245,0x54ca75994345fe32453989d5e176a4c240c43721,2017-10-25T02:58:59.000Z,0.003581641626671604,0x1eaa18a0e964d346f2b5182be3f97d7aab5145b9,buy,0xf333b2ace992ac2bbd8798bf57bc65a06184afba,0xe42abf51308d6ba1eacfddac01c6874adccba3152181d54c8a22fb53fdf172d5
226,500,1.74,0xfb4a448bf15750b0aa46b592a3c75503b917efc5,2017-10-25T00:09:46.000Z,0.00348,0x1eaa18a0e964d346f2b5182be3f97d7aab5145b9,buy,0xf333b2ace992ac2bbd8798bf57bc65a06184afba,0xe93b67fd78366fc47f6684394ec7a9c8f541bf50b235d47e653bbf84879dbd1c
227,33,0.11484,0x4acf91278f882a743265c1af1a9be4809d6a55cd,2017-10-24T20:58:46.000Z,0.00348,0x1eaa18a0e964d346f2b5182be3f97d7aab5145b9,buy,0xf333b2ace992ac2bbd8798bf57bc65a06184afba,0x3270b58e779ffaa964ee2685063537d3c5d4ae0ca60ba65622c5cbfa3351bb1e
228,10,0.0348,0xd6f7c94c8e82c7e2e1234c636d509d9065b1c36f,2017-10-24T20:57:48.000Z,0.00348,0x1eaa18a0e964d346f2b5182be3f97d7aab5145b9,buy,0xf333b2ace992ac2bbd8798bf57bc65a06184afba,0xeb6ab6f1492bd41957b4d281ada71761f71221dd4b900bf56518c816117393e6
229,2631,10.934436,0x7e72492ed193cb5a92e774002eedd1a20ed08e83,2017-10-24T20:57:39.000Z,0.004156,0x7e72492ed193cb5a92e774002eedd1a20ed08e83,buy,0xf333b2ace992ac2bbd8798bf57bc65a06184afba,0x4d3a7f6ce4e3110c71b84242988ab492e366e2a114676916a1a945ba3f09022b
230,20,0.0696,0xd6f7c94c8e82c7e2e1234c636d509d9065b1c36f,2017-10-24T20:56:28.000Z,0.00348,0x1eaa18a0e964d346f2b5182be3f97d7aab5145b9,buy,0xf333b2ace992ac2bbd8798bf57bc65a06184afba,0xacb6bdca1eec1774e1dbf8ab926985c6b92e881b827876bdd56bb1e837e7f3d4
231,49,0.147,0x6a9ad5749d656fa218bb1bd783f3fd182524355f,2017-10-24T19:46:41.000Z,0.003,0xdf48f1586f07dc4f6d02192cad51e8d56401864e,sell,0xf333b2ace992ac2bbd8798bf57bc65a06184afba,0x660f2a7b8b54fb0d4f8e6a31cc1b38dc358f0639b4b24cc16bad3ca66c29a8d3
232,100,0.3,0x52d796408be39ca7b1487a2c19cb61ac97485a92,2017-10-24T19:46:41.000Z,0.003,0xdf48f1586f07dc4f6d02192cad51e8d56401864e,sell,0xf333b2ace992ac2bbd8798bf57bc65a06184afba,0x05d1545583339f1d87bb8ee2807a2d22466601c3d0d808cb720e338bb45968ed
233,100,0.300077,0x7cea503fd36694c94a0901361bdd4cc8b4387094,2017-10-24T19:46:00.000Z,0.00300077,0xdf48f1586f07dc4f6d02192cad51e8d56401864e,sell,0xf333b2ace992ac2bbd8798bf57bc65a06184afba,0x63e4d9667da3c8172678e7382851955b8986571c6d156e20c07c0e4933e9a866
234,100,0.3177777,0x7cea503fd36694c94a0901361bdd4cc8b4387094,2017-10-24T19:45:28.000Z,0.003177777,0xdf48f1586f07dc4f6d02192cad51e8d56401864e,sell,0xf333b2ace992ac2bbd8798bf57bc65a06184afba,0xdd46f510c84a5c04b51095e314f635bae9320c5bb3c6cd1837f37da65ea2d0ce
235,20,0.0696,0xb0d2ce3e2bfbc1a47dbfe5b3eef5335284dfeb49,2017-10-24T19:42:13.000Z,0.00348,0x1eaa18a0e964d346f2b5182be3f97d7aab5145b9,buy,0xf333b2ace992ac2bbd8798bf57bc65a06184afba,0xfbca917ff5afd2a675e2756df540e9293cb844dc928cb7ce19a69e4e45fa9745
236,1359,5.36805,0x7e72492ed193cb5a92e774002eedd1a20ed08e83,2017-10-24T13:50:08.000Z,0.00395,0x7e72492ed193cb5a92e774002eedd1a20ed08e83,buy,0xf333b2ace992ac2bbd8798bf57bc65a06184afba,0x58c388e6e3d8d5131c1d9d4bb71ccb15d28a68056074046a9e85a4b0461dbdd7
237,1,0.0031712,0xf30a200444ddc48f54bdac2eb3cb4a193aff68c9,2017-10-24T13:37:18.000Z,0.0031712,0x120523daa602ef7d8b93d5ac161192b232468d79,buy,0xf333b2ace992ac2bbd8798bf57bc65a06184afba,0x7aa1b916f87d139b29b276c722bef71399cd58ab6f2653509860734f1a728e2b
238,179,0.6241401410487294,0xae4f1f3f0eb0916c8580458d69fc712133ada64c,2017-10-24T12:23:00.000Z,0.003486816430439829,0x1eaa18a0e964d346f2b5182be3f97d7aab5145b9,buy,0xf333b2ace992ac2bbd8798bf57bc65a06184afba,0xedbe51d3e92838b2b9922c2318daf5dd7e0312d21e2ee724479f9ae3f7dd787e
239,6,0.0190272,0xa045ea6c97d9f07ce2e5020944ee4c1ffac9f599,2017-10-24T10:11:05.000Z,0.0031712,0x9b12d296a33f888e4f636107fbea1468167ff43c,sell,0xf333b2ace992ac2bbd8798bf57bc65a06184afba,0x3308735fbb45f23ad7b654c76b00f4b7762702957c206d42edcc0cb0702a7c34
240,100,0.33,0x7cea503fd36694c94a0901361bdd4cc8b4387094,2017-10-24T10:08:12.000Z,0.0033,0x9b12d296a33f888e4f636107fbea1468167ff43c,sell,0xf333b2ace992ac2bbd8798bf57bc65a06184afba,0x8f1d6f6c89c8827d3376ea095696203f80e6d7778192f7245007758a70490af1
241,75,0.2475,0xbc5dd58e0fb3c1c4e441699fdb326e68d288729f,2017-10-24T10:08:12.000Z,0.0033,0x9b12d296a33f888e4f636107fbea1468167ff43c,sell,0xf333b2ace992ac2bbd8798bf57bc65a06184afba,0x3a34096ada5cb1c06175f5b764d6a69f00a1d9264aaaf48a585f475b6a342773
242,60,0.1984662,0x7cea503fd36694c94a0901361bdd4cc8b4387094,2017-10-24T10:07:29.000Z,0.00330777,0x9b12d296a33f888e4f636107fbea1468167ff43c,sell,0xf333b2ace992ac2bbd8798bf57bc65a06184afba,0x9912e1ecec03f5a078e0b42d63893044c0b83c1b5dfd81d023e16f92bc7d513d
243,100,0.33025,0x7cea503fd36694c94a0901361bdd4cc8b4387094,2017-10-24T10:07:29.000Z,0.0033025,0x9b12d296a33f888e4f636107fbea1468167ff43c,sell,0xf333b2ace992ac2bbd8798bf57bc65a06184afba,0xe0d30d295f2c988228f353d9cc680783226c6a90024b638f35c5a6f2c735f336
244,10,0.0335,0xa6919c55da45eb052d21de7f79a75e2846b20bc9,2017-10-24T10:07:20.000Z,0.00335,0x9b12d296a33f888e4f636107fbea1468167ff43c,sell,0xf333b2ace992ac2bbd8798bf57bc65a06184afba,0x92f6adc618949defda19fd91747707e00c04f6e74bb4969af39e2e73fdf9ba86
245,303,1.000657803,0xc44d85575607a609c1d7f49819754722ca0bbc97,2017-10-24T09:25:19.000Z,0.003302501,0xa63bc011f55d8f2d60c0ff23082d712d10d909b6,sell,0xf333b2ace992ac2bbd8798bf57bc65a06184afba,0xdef68166307ac5bf1c85b8a28f48e014795760c69787ee34a17094d57786d635
246,1000,3,0x0b6768e9eab98a573f03f0d889f66471f5e454ec,2017-10-24T09:24:51.000Z,0.003,0xa63bc011f55d8f2d60c0ff23082d712d10d909b6,sell,0xf333b2ace992ac2bbd8798bf57bc65a06184afba,0xc02c8eccc531143844f537eb7f6419f597b9e0efebdee30a385499811bfcb062
247,500,1.74,0x281bfbbdd6c1da661741f157aedd38e0162b85b1,2017-10-24T05:39:41.000Z,0.00348,0x1eaa18a0e964d346f2b5182be3f97d7aab5145b9,buy,0xf333b2ace992ac2bbd8798bf57bc65a06184afba,0x758c744f77ee2edac3f1439af8526ca4575363a91fc83ab4b125bf1d62c1c0d5
248,4,0.01392,0x445598750201119e8c0df5998d04ace8796c0ae7,2017-10-24T04:10:22.000Z,0.00348,0x1eaa18a0e964d346f2b5182be3f97d7aab5145b9,buy,0xf333b2ace992ac2bbd8798bf57bc65a06184afba,0x96361f70a41833d59a146fb19f8eba23f0ba6fbe74dfece54a9291524f9f6f5d
249,140,0.4872,0x2eb08f9c444ed39fa42b80708fd25c2d4433225e,2017-10-24T03:47:27.000Z,0.00348,0x1eaa18a0e964d346f2b5182be3f97d7aab5145b9,buy,0xf333b2ace992ac2bbd8798bf57bc65a06184afba,0x5a788cfd87170bc4ed808fab6a55b2d9e28bdef2f56f9d38e24c8cd6d718ef4c
250,9,0.03190408844217132,0xbac4a6daf3b21723984dd35c4bcdc3eb51cbff62,2017-10-24T02:05:53.000Z,0.0035448987157968128,0x9b12d296a33f888e4f636107fbea1468167ff43c,buy,0xf333b2ace992ac2bbd8798bf57bc65a06184afba,0xffe2b6de7db606a92a3f3333e5b70aa5254b402e9e509874f7edba1e28f9e419
251,300,1.044,0x6defff6749b349d95004cdeecefb28848de80ddb,2017-10-24T01:08:48.000Z,0.00348,0x9b12d296a33f888e4f636107fbea1468167ff43c,sell,0xf333b2ace992ac2bbd8798bf57bc65a06184afba,0x6533c3c484219644232f7b5d9db299a7098bb5de4351848cbbb8b5f44a57a83f
252,6,0.02088,0x524d82e2044d6517be9745a7a720e0a6f0a5ac37,2017-10-24T01:04:13.000Z,0.00348,0x1eaa18a0e964d346f2b5182be3f97d7aab5145b9,buy,0xf333b2ace992ac2bbd8798bf57bc65a06184afba,0x4f6cdd54f5fcca890737081d7db778a11adb19f65360222e967dc444dc676e94
253,1,0.00345,0x524d82e2044d6517be9745a7a720e0a6f0a5ac37,2017-10-24T01:01:49.000Z,0.00345,0x73c1930801a72204173300dd0c41ad7251c0169c,buy,0xf333b2ace992ac2bbd8798bf57bc65a06184afba,0x8a73968f793bc71e39ea5ca2f3ae7b4b041a1254e2e2a213fa6000da78a383c6
254,150,0.525285896628192,0xae4f1f3f0eb0916c8580458d69fc712133ada64c,2017-10-24T00:58:55.000Z,0.0035019059775212805,0x9b12d296a33f888e4f636107fbea1468167ff43c,buy,0xf333b2ace992ac2bbd8798bf57bc65a06184afba,0xba3e0bb85bd88e686b34732565a13f239d819ad1b8699f20b946753e5807b0fb
255,395,1.3825,0x625aa842154b0879861b6bce2e0a2b458b8e9604,2017-10-23T21:48:57.000Z,0.0035,0xa63bc011f55d8f2d60c0ff23082d712d10d909b6,sell,0xf333b2ace992ac2bbd8798bf57bc65a06184afba,0xeeccda0635eabb585f464ddc0dc5105399c86a261a15eb572e1c2a76ad46124e
256,40,0.1323108,0x7cea503fd36694c94a0901361bdd4cc8b4387094,2017-10-23T20:06:07.000Z,0.00330777,0x0243e5b175647a82ae518ce94579077fef4676d7,sell,0xf333b2ace992ac2bbd8798bf57bc65a06184afba,0x881efbf374f256eff325b1491e9a38b1df806de63860caa634d4d4e6b0ca36a9
257,100,0.33333,0x7cea503fd36694c94a0901361bdd4cc8b4387094,2017-10-23T20:03:44.000Z,0.0033333,0x0243e5b175647a82ae518ce94579077fef4676d7,sell,0xf333b2ace992ac2bbd8798bf57bc65a06184afba,0xe2ae945d0ab2ab21181d6ae6a3f6aa4f9104eea0568c17372f6b279ea5d0e3a9
258,575,1.8989375,0x4c18e70b659c1a0b2a90d60d3ee8f09ac08beaf7,2017-10-23T19:54:09.000Z,0.0033025,0x0243e5b175647a82ae518ce94579077fef4676d7,sell,0xf333b2ace992ac2bbd8798bf57bc65a06184afba,0x45ffbd2d2a771d138362047c8d32faa93a9cc55e5a3072a3ea1595ee3f5ba220
259,100,0.34,0x7cea503fd36694c94a0901361bdd4cc8b4387094,2017-10-23T19:49:04.000Z,0.0034,0x0243e5b175647a82ae518ce94579077fef4676d7,sell,0xf333b2ace992ac2bbd8798bf57bc65a06184afba,0x1da1d09b0c8f74f10d0650b319097e53bd3cfa4a4bd45f078ddafdb7014554ae
260,100,0.35,0x7cea503fd36694c94a0901361bdd4cc8b4387094,2017-10-23T19:27:07.000Z,0.0035,0x0243e5b175647a82ae518ce94579077fef4676d7,buy,0xf333b2ace992ac2bbd8798bf57bc65a06184afba,0xa01b044a09010e9fa4566b51eb1452fcfe8df5fdfd9b6a9c9a4f59bf77c44020
261,25,0.10528354708230267,0xf1600c90d8409e2a9fb2d81c65b31212d163aa3a,2017-10-23T16:36:37.000Z,0.004211341883292107,0x1eaa18a0e964d346f2b5182be3f97d7aab5145b9,buy,0xf333b2ace992ac2bbd8798bf57bc65a06184afba,0xa891e386ddac059647dd1f68abed19b6c88d30c3c44b568a2afaf11cacf3dce1
262,23,0.09338,0x045534c4f32c73c3f472665a30795d2335b6b110,2017-10-23T16:08:29.000Z,0.00406,0x1eaa18a0e964d346f2b5182be3f97d7aab5145b9,buy,0xf333b2ace992ac2bbd8798bf57bc65a06184afba,0x6939b06d60d9aa51f0d604a94ebd52a733bfbb8da0eea37385391746236aa378
263,356,1.1866548,0x4c18e70b659c1a0b2a90d60d3ee8f09ac08beaf7,2017-10-23T14:37:17.000Z,0.0033333,0x03fb025d7b36e6c4bbc3b6ece64d413b2ed6531b,buy,0xf333b2ace992ac2bbd8798bf57bc65a06184afba,0x91903f52ceadf99887e81ffc923e5011c9970c142dbbf1d0acd375375d471ee6
264,100,0.3430001,0x979aeda7863b556d33702eacc851ebcdf4de0259,2017-10-23T12:32:30.000Z,0.003430001,0x03fb025d7b36e6c4bbc3b6ece64d413b2ed6531b,sell,0xf333b2ace992ac2bbd8798bf57bc65a06184afba,0x265e96e3aed439d35683c839dfe007d6a16d14c969d7da1494fbc82afe8fd97f
265,10,0.035,0x5804946112c647d53400392ebb6702196b318e8c,2017-10-23T12:29:13.000Z,0.0035,0x03fb025d7b36e6c4bbc3b6ece64d413b2ed6531b,sell,0xf333b2ace992ac2bbd8798bf57bc65a06184afba,0x41eabaac5daf07bdf9c11cc6bdb456d2246ff2649c5a4b9f7e32ffe2088559bb
266,300,1.1664,0x36b31da1ff56c784ca79788167ce72e0796521aa,2017-10-23T10:12:24.000Z,0.003888,0xa63bc011f55d8f2d60c0ff23082d712d10d909b6,sell,0xf333b2ace992ac2bbd8798bf57bc65a06184afba,0x588fdffdb5cfa28c2d3f1e4cff0d69e8d17016c2a5637a5814acb7c294531d05
267,1,0.004003955737214635,0x847667124a9001300d2adee4e7d03403a2fa3fc7,2017-10-23T10:01:02.000Z,0.004003955737214635,0x73c1930801a72204173300dd0c41ad7251c0169c,buy,0xf333b2ace992ac2bbd8798bf57bc65a06184afba,0xa8d96b8a1a2f3b390ef12e722d0a36d5a29ce1f98f604eec15af1af99677f4c2
268,308,1.2012760442627854,0x847667124a9001300d2adee4e7d03403a2fa3fc7,2017-10-23T09:57:07.000Z,0.0039002468969570954,0x73c1930801a72204173300dd0c41ad7251c0169c,buy,0xf333b2ace992ac2bbd8798bf57bc65a06184afba,0x339927b3264779b3a55d15139cf9bdb89b66bcb765021755ece140d4425bfdfa
269,50,0.204,0x0265afc497b9dfc5a9648d66322e19b9edcd0faa,2017-10-23T06:06:40.000Z,0.00408,0x1eaa18a0e964d346f2b5182be3f97d7aab5145b9,buy,0xf333b2ace992ac2bbd8798bf57bc65a06184afba,0xd857a34540ef1974a99e595b78d3a82763c3b5909474b0e8ea458e05da6ebf95
270,125,0.51,0x0265afc497b9dfc5a9648d66322e19b9edcd0faa,2017-10-23T05:51:40.000Z,0.00408,0x1eaa18a0e964d346f2b5182be3f97d7aab5145b9,buy,0xf333b2ace992ac2bbd8798bf57bc65a06184afba,0x386d2cfb654f3d3e26a00d6126f3426c95e8453111f4aec63df733eb1fdd9a77
271,5,0.0204,0x0265afc497b9dfc5a9648d66322e19b9edcd0faa,2017-10-23T05:49:10.000Z,0.00408,0x1eaa18a0e964d346f2b5182be3f97d7aab5145b9,buy,0xf333b2ace992ac2bbd8798bf57bc65a06184afba,0xeead3783760cc8c63515c636f939753ade03c815163defb3e8172816117b4f4a
272,45,0.1575,0x5804946112c647d53400392ebb6702196b318e8c,2017-10-23T05:45:00.000Z,0.0035,0xf84899cfe0cebc5bca951cb878314f9f0c35d675,sell,0xf333b2ace992ac2bbd8798bf57bc65a06184afba,0x01c5c39e7db162a398b0d0c24143d3f66fe6e6de16cd5e1ab71b9f9928d72498
273,6,0.02118,0x445598750201119e8c0df5998d04ace8796c0ae7,2017-10-23T05:43:43.000Z,0.00353,0xf84899cfe0cebc5bca951cb878314f9f0c35d675,sell,0xf333b2ace992ac2bbd8798bf57bc65a06184afba,0x8a2a338536e68ff14fd54b3c41323cad0b3771de3f18b45ea416fc7730775fe9
274,10,0.0352,0xa6919c55da45eb052d21de7f79a75e2846b20bc9,2017-10-23T05:43:43.000Z,0.00352,0xf84899cfe0cebc5bca951cb878314f9f0c35d675,sell,0xf333b2ace992ac2bbd8798bf57bc65a06184afba,0x079e96d76038ec81731fe5da3e2eb27a2f3d9024d3d2b3b13af75c6cbaa08228
275,15,0.054,0x8e752d267ee351ff5e4cc5160f7c91f2ea88327a,2017-10-23T05:42:45.000Z,0.0036,0xf84899cfe0cebc5bca951cb878314f9f0c35d675,sell,0xf333b2ace992ac2bbd8798bf57bc65a06184afba,0x04f0b0a74d5b595a6893619270ff3bfba12a0c4431b54e1232f519a01af4049e
276,30,0.108003,0xf61f9f195940f1400ca7c6ccf3b770c0473471e3,2017-10-23T04:42:32.000Z,0.0036001,0xa63bc011f55d8f2d60c0ff23082d712d10d909b6,sell,0xf333b2ace992ac2bbd8798bf57bc65a06184afba,0x970e2852ade1c59ed48117bc4375af4868ac92e7de0d19c8a8441345326fad12
277,100,0.3511111,0x7cea503fd36694c94a0901361bdd4cc8b4387094,2017-10-23T04:42:32.000Z,0.003511111,0xa63bc011f55d8f2d60c0ff23082d712d10d909b6,sell,0xf333b2ace992ac2bbd8798bf57bc65a06184afba,0xda656f2615b46ad9207ea7ee8867724cebab50c49a91f31003bcce77daa451e7
278,113,0.41923,0x4038dab7aaaf58bc3560d42075140e353927477f,2017-10-23T03:13:58.000Z,0.00371,0xa63bc011f55d8f2d60c0ff23082d712d10d909b6,sell,0xf333b2ace992ac2bbd8798bf57bc65a06184afba,0xcbb952d3f6bfc61f537ed678da4b9bcf1dd8e24d5972733e89d15d8b5ae6a464
279,25,0.09299875,0x4acf91278f882a743265c1af1a9be4809d6a55cd,2017-10-23T00:20:18.000Z,0.00371995,0x9b12d296a33f888e4f636107fbea1468167ff43c,buy,0xf333b2ace992ac2bbd8798bf57bc65a06184afba,0xad6b0ad76de5f372374260387433ee7997f177ce571d598c576f1d836136f55e
280,22,0.08184,0x437338ffd4b45cdf78c3589d763dc746b0edf761,2017-10-22T23:23:46.000Z,0.00372,0x9b12d296a33f888e4f636107fbea1468167ff43c,sell,0xf333b2ace992ac2bbd8798bf57bc65a06184afba,0x9efd388a67596d93c762de1f8e0ebca82a28899a39360f8975ab3014feb3e91d
281,68,0.332656,0x7e72492ed193cb5a92e774002eedd1a20ed08e83,2017-10-22T22:13:56.000Z,0.004892,0x7e72492ed193cb5a92e774002eedd1a20ed08e83,buy,0xf333b2ace992ac2bbd8798bf57bc65a06184afba,0x934261dea4e99f13f4e4a1ee0683902439db6fb9c631062d1c02cf5256464224
282,639,2.86911,0x7e72492ed193cb5a92e774002eedd1a20ed08e83,2017-10-22T22:12:51.000Z,0.00449,0x7e72492ed193cb5a92e774002eedd1a20ed08e83,buy,0xf333b2ace992ac2bbd8798bf57bc65a06184afba,0xaeef6eda9ee46377e73f38860daac0e15f9996f24e79a1fe1bc30c3fbd790948
283,1606,6.8255,0x7e72492ed193cb5a92e774002eedd1a20ed08e83,2017-10-22T22:12:11.000Z,0.00425,0x7e72492ed193cb5a92e774002eedd1a20ed08e83,buy,0xf333b2ace992ac2bbd8798bf57bc65a06184afba,0x543fa2039b6e2bfd229e97454df9b4b06887337c96740b04c70c028c68aae84b
284,356,1.635108,0x7e72492ed193cb5a92e774002eedd1a20ed08e83,2017-10-22T22:11:19.000Z,0.004593,0x7e72492ed193cb5a92e774002eedd1a20ed08e83,buy,0xf333b2ace992ac2bbd8798bf57bc65a06184afba,0x67a363831c4509a327e8de8316ef22253eb72b862a7ad5d8d3acf5a55eef8ce0
285,44,0.158405324,0xf83a468c708490f3e02df43781aa9efbadf471f1,2017-10-22T21:24:56.000Z,0.003600121,0x9b12d296a33f888e4f636107fbea1468167ff43c,sell,0xf333b2ace992ac2bbd8798bf57bc65a06184afba,0xf5b8d4514c255f81526094a23b19f21fe26010a439356aaa03b833e34fce9ab5
286,10,0.0372,0x8988156d003068f226aff6d4abaf8fc880a84c47,2017-10-22T21:11:57.000Z,0.00372,0xa63bc011f55d8f2d60c0ff23082d712d10d909b6,buy,0xf333b2ace992ac2bbd8798bf57bc65a06184afba,0x97ee83feb6029e38af47fac6ce2d6459d3dd79b08250cca29688c66376a152d6
287,39,0.148306868616868,0xd40cd8ad0879201b4c42b9726078f7d1f58a6bf6,2017-10-22T20:34:09.000Z,0.003802740220945334,0xa63bc011f55d8f2d60c0ff23082d712d10d909b6,buy,0xf333b2ace992ac2bbd8798bf57bc65a06184afba,0x603cd6c045ebdffc002d1972e4bd70830325ef79ce58c7ca102fb5aca143e701
288,16,0.057601936,0xf83a468c708490f3e02df43781aa9efbadf471f1,2017-10-22T18:53:16.000Z,0.003600121,0x6a018eb01b61faadc88d5f2994c12847794ea175,sell,0xf333b2ace992ac2bbd8798bf57bc65a06184afba,0x973b284ff28b847aae553ce75f0e69e0319a5d8bcfb4c0c239a23aca3169a7b0
289,100,0.3522222,0x7cea503fd36694c94a0901361bdd4cc8b4387094,2017-10-22T18:05:53.000Z,0.003522222,0xa63bc011f55d8f2d60c0ff23082d712d10d909b6,sell,0xf333b2ace992ac2bbd8798bf57bc65a06184afba,0x964e1a5ede7bb912b540aef2a411d0bcf7514545e972a9ae9d0536d0e5f28754
290,100,0.3527777,0x7cea503fd36694c94a0901361bdd4cc8b4387094,2017-10-22T18:05:53.000Z,0.003527777,0xa63bc011f55d8f2d60c0ff23082d712d10d909b6,sell,0xf333b2ace992ac2bbd8798bf57bc65a06184afba,0xfd3a23ffb8a3155c0889c973bfe9b207e983da638acfd794c2dae01f6c7a2275
291,1,0.004089,0xe1fa699860444be91d366c21de8fef56e3dec77a,2017-10-22T17:39:57.000Z,0.004089,0xdee24ceb41b6cad2228764a6c53898bda76f53a9,buy,0xf333b2ace992ac2bbd8798bf57bc65a06184afba,0x1fa744979183212b85b9bbea61d46ea5dbc11f21d23fac363c22ef76dc6300a9
292,100,0.4692,0x7e72492ed193cb5a92e774002eedd1a20ed08e83,2017-10-22T17:36:58.000Z,0.004692,0x7e72492ed193cb5a92e774002eedd1a20ed08e83,buy,0xf333b2ace992ac2bbd8798bf57bc65a06184afba,0x70ae4de60bcf574b4ad40f98f4cea718ff7a755a42ca7728456c25d8782c3749
293,80,0.28222216,0x7cea503fd36694c94a0901361bdd4cc8b4387094,2017-10-22T17:36:58.000Z,0.003527777,0xa63bc011f55d8f2d60c0ff23082d712d10d909b6,sell,0xf333b2ace992ac2bbd8798bf57bc65a06184afba,0xae5d505c09a4848724d0d147ccc29413eb22520969b0987d8756f4f672314326
294,40,0.146,0xcbb13315d603cb0a311fd252e7ab0bfba96dfb22,2017-10-22T17:32:46.000Z,0.00365,0x9b12d296a33f888e4f636107fbea1468167ff43c,sell,0xf333b2ace992ac2bbd8798bf57bc65a06184afba,0x6fa4e436435419eab7574e76511af41bbf9eb776d9788f2bc52e7db5f7196aba
295,285,1.209825,0x7e72492ed193cb5a92e774002eedd1a20ed08e83,2017-10-22T13:10:27.000Z,0.004245,0x7e72492ed193cb5a92e774002eedd1a20ed08e83,buy,0xf333b2ace992ac2bbd8798bf57bc65a06184afba,0x3595019c7f4e97746d1f625565a27338a181217a1d202d24a81c9d6a5029c805
296,53,0.2014,0x264f101a1f39be1119a88de54726b27026441b5a,2017-10-22T12:43:04.000Z,0.0038,0x9b12d296a33f888e4f636107fbea1468167ff43c,sell,0xf333b2ace992ac2bbd8798bf57bc65a06184afba,0x7028d6deb31c421ff79db8c481be650befb9f100b36298efee597dd39212d634
297,500,1.85,0x9b12d296a33f888e4f636107fbea1468167ff43c,2017-10-22T11:07:05.000Z,0.0037,0x1eaa18a0e964d346f2b5182be3f97d7aab5145b9,buy,0xf333b2ace992ac2bbd8798bf57bc65a06184afba,0xd85ae069be11da63c442242607dcaf24bf1da4ab109965410a9b043afc7ac3a5
298,80,0.37536,0x7e72492ed193cb5a92e774002eedd1a20ed08e83,2017-10-22T08:43:15.000Z,0.004692,0x7e72492ed193cb5a92e774002eedd1a20ed08e83,buy,0xf333b2ace992ac2bbd8798bf57bc65a06184afba,0x11ec8c287490b457db6c8fd6d39b5bb7575a9895b7050e31506376bc05e74116
299,56,0.262752,0x7e72492ed193cb5a92e774002eedd1a20ed08e83,2017-10-22T07:58:50.000Z,0.004692,0x7e72492ed193cb5a92e774002eedd1a20ed08e83,buy,0xf333b2ace992ac2bbd8798bf57bc65a06184afba,0x42904fb7b5e5173599bd12709bc0203f6253c7daa8a42afab151303cdffe7627
300,69,0.292905,0x7e72492ed193cb5a92e774002eedd1a20ed08e83,2017-10-22T07:41:34.000Z,0.004245,0x7e72492ed193cb5a92e774002eedd1a20ed08e83,buy,0xf333b2ace992ac2bbd8798bf57bc65a06184afba,0xd7bfaa49233ec44dd13263115dca31d485655954d411016432e6710674ea5203
301,952,4.1888,0x7e72492ed193cb5a92e774002eedd1a20ed08e83,2017-10-22T07:39:56.000Z,0.0044,0x7e72492ed193cb5a92e774002eedd1a20ed08e83,buy,0xf333b2ace992ac2bbd8798bf57bc65a06184afba,0x97ba38db48e1a3ed75183c28123b2f1b17dc17c1a43225d21c2d1aff4fc393e4
302,133,0.55727,0x8b4272bf0f69557debd49e50037df8ff95df70ba,2017-10-22T06:41:48.000Z,0.00419,0x1eaa18a0e964d346f2b5182be3f97d7aab5145b9,buy,0xf333b2ace992ac2bbd8798bf57bc65a06184afba,0xc34f46c3e459cf134b9fa888519be6d543f6b0553f2ecc525ce5e55be1794160
303,38,0.1514994,0x8b4272bf0f69557debd49e50037df8ff95df70ba,2017-10-22T05:57:49.000Z,0.003986826315789473,0x1796c3f4e9e877a79df5923bf8be9ab925f7ded4,buy,0xf333b2ace992ac2bbd8798bf57bc65a06184afba,0x2a4309537827cde34a4f1472575197eb8a0ced62a0ec45060b6cd23f2e1965d3
304,300,1.05864,0x254fb89e4cab71708eaab16e067ca8156a38e18a,2017-10-22T04:14:43.000Z,0.0035288,0xa63bc011f55d8f2d60c0ff23082d712d10d909b6,sell,0xf333b2ace992ac2bbd8798bf57bc65a06184afba,0x012145ff15243c987088edbe0a1ed1cabd62432f25ff5b8e55b030d63959895f
305,100,0.3522222,0x7cea503fd36694c94a0901361bdd4cc8b4387094,2017-10-22T04:14:43.000Z,0.003522222,0xa63bc011f55d8f2d60c0ff23082d712d10d909b6,sell,0xf333b2ace992ac2bbd8798bf57bc65a06184afba,0xc837a79799e235e625f5dd03617e1396a5840e439b681d4e245d93b0b086d976
306,100,0.3511111,0x7cea503fd36694c94a0901361bdd4cc8b4387094,2017-10-22T04:14:43.000Z,0.003511111,0xa63bc011f55d8f2d60c0ff23082d712d10d909b6,sell,0xf333b2ace992ac2bbd8798bf57bc65a06184afba,0x896a2e8e92cbdcce917dc26c870e7a37f1117f88609a89116d4bbf88687adfed
307,200,0.7022222,0x7cea503fd36694c94a0901361bdd4cc8b4387094,2017-10-22T01:41:09.000Z,0.003511111,0xa63bc011f55d8f2d60c0ff23082d712d10d909b6,sell,0xf333b2ace992ac2bbd8798bf57bc65a06184afba,0xc625e24948e7c805964bfdfa22aa09d780c66a995cd7caaa85e01b4af5a4e74c
308,100,0.3522222,0x7cea503fd36694c94a0901361bdd4cc8b4387094,2017-10-22T01:41:09.000Z,0.003522222,0xa63bc011f55d8f2d60c0ff23082d712d10d909b6,sell,0xf333b2ace992ac2bbd8798bf57bc65a06184afba,0x12dc07a7885ed84aa9ba52123b057f44190bfad4dec5f1f469ab8ffb73fc79a5
309,100,0.353,0x7cea503fd36694c94a0901361bdd4cc8b4387094,2017-10-22T01:40:49.000Z,0.00353,0xa63bc011f55d8f2d60c0ff23082d712d10d909b6,sell,0xf333b2ace992ac2bbd8798bf57bc65a06184afba,0x6ef4430a31e0419a4014f72d5febf91b4da6fcf87e465c2c25d0cc10132832af
310,5,0.02074975,0x8988156d003068f226aff6d4abaf8fc880a84c47,2017-10-22T00:55:38.000Z,0.00414995,0x9b12d296a33f888e4f636107fbea1468167ff43c,buy,0xf333b2ace992ac2bbd8798bf57bc65a06184afba,0x361005069b09f1e584b4b7da64588345ec8b6881fcd6cc2449e5e11f7f478d24
311,70,0.24759,0x947d19efbca9b0f8801352c8b0f52263656aa9b2,2017-10-22T00:39:25.000Z,0.003537,0xa63bc011f55d8f2d60c0ff23082d712d10d909b6,sell,0xf333b2ace992ac2bbd8798bf57bc65a06184afba,0x5b2f512af67bcd5195764faf46d15cdde9f02ad719f04bc7214da7b66335e9d6
312,300,1.059,0x73c1930801a72204173300dd0c41ad7251c0169c,2017-10-22T00:39:10.000Z,0.00353,0xa63bc011f55d8f2d60c0ff23082d712d10d909b6,sell,0xf333b2ace992ac2bbd8798bf57bc65a06184afba,0x76b98cb3497c035d0cb4c793a22b4d5c2aa2b8a266c2c085f73c6a8ea221cf19
313,500,1.7655,0x9b12d296a33f888e4f636107fbea1468167ff43c,2017-10-22T00:39:10.000Z,0.003531,0xa63bc011f55d8f2d60c0ff23082d712d10d909b6,sell,0xf333b2ace992ac2bbd8798bf57bc65a06184afba,0xcea5986cd2150b31ebf2f2316f0750e6fbc91f18a247248367f1f26018dc504f
314,10,0.041,0x73c1930801a72204173300dd0c41ad7251c0169c,2017-10-22T00:05:00.000Z,0.0041,0x7cea503fd36694c94a0901361bdd4cc8b4387094,sell,0xf333b2ace992ac2bbd8798bf57bc65a06184afba,0x4a3afbf401a2242f4f9f418c66b1766ce015617d001d6e87c1167d4de8805bf7
315,30,0.27897,0xfe3e8882afd58e6ea0aed15f7e8c78188e37a51e,2017-10-21T23:59:49.000Z,0.009299,0xe146142131ba3daa2751d0346df4e381711c411b,buy,0xf333b2ace992ac2bbd8798bf57bc65a06184afba,0x417a17a10a742c8586220072be29e16e17cdfad203e6f9acb1a814c7f6751b8d
316,219,1.0881015,0xfe3e8882afd58e6ea0aed15f7e8c78188e37a51e,2017-10-21T23:58:19.000Z,0.0049685,0xc26c15b347a2e6ffb2f95ca2d0941387990f0d13,buy,0xf333b2ace992ac2bbd8798bf57bc65a06184afba,0xdc835e6a963fa961938cfcad5cdbbba1d99d93050fa8ab4467edec9e8c1d6c1b
317,500,2.25,0xfe3e8882afd58e6ea0aed15f7e8c78188e37a51e,2017-10-21T23:57:49.000Z,0.0045,0xe636e487babefb9f7a3d2a7206ae1ac17797d868,buy,0xf333b2ace992ac2bbd8798bf57bc65a06184afba,0x335cc8ef6c88093d73e2e10656b055ea92a643a052b5c5213fcf99ec7796e9e2
318,300,1.29,0xfe3e8882afd58e6ea0aed15f7e8c78188e37a51e,2017-10-21T23:57:20.000Z,0.0043,0x254fb89e4cab71708eaab16e067ca8156a38e18a,buy,0xf333b2ace992ac2bbd8798bf57bc65a06184afba,0x5422ce6703c1a5801f0de542244f668c5f31665dc822166a94df25c8229126a3
319,60,0.25133328,0xfe3e8882afd58e6ea0aed15f7e8c78188e37a51e,2017-10-21T23:56:57.000Z,0.004188888,0x7cea503fd36694c94a0901361bdd4cc8b4387094,buy,0xf333b2ace992ac2bbd8798bf57bc65a06184afba,0x3712075d25052886edb56caf54fd3c9e8ab915be4e373b83dac1664f23233274
320,100,0.4155555,0xfe3e8882afd58e6ea0aed15f7e8c78188e37a51e,2017-10-21T23:56:41.000Z,0.004155555,0x7cea503fd36694c94a0901361bdd4cc8b4387094,buy,0xf333b2ace992ac2bbd8798bf57bc65a06184afba,0xf0259522e3b0f5c6ff3dc7190ea234973baf1062455f1337942f137e73695c61
321,80,0.3312,0xfe3e8882afd58e6ea0aed15f7e8c78188e37a51e,2017-10-21T23:55:33.000Z,0.00414,0x947d19efbca9b0f8801352c8b0f52263656aa9b2,buy,0xf333b2ace992ac2bbd8798bf57bc65a06184afba,0x207a5c81c24af175b2ce6dcb459af12b949545ce759a58cab0706a6e041a6568
322,4,0.03972280081979279,0x075d567b34a0cdfe2f6fc2af78f6f87adcb5fb62,2017-10-21T23:51:01.000Z,0.009930700204948198,0x8988156d003068f226aff6d4abaf8fc880a84c47,buy,0xf333b2ace992ac2bbd8798bf57bc65a06184afba,0x4978751eacd4915370ceadfcc4ddb53615adcfeced7cf82affe059ed528875e2
323,10,0.05299999,0x075d567b34a0cdfe2f6fc2af78f6f87adcb5fb62,2017-10-21T23:37:00.000Z,0.005299999,0x393d01142bd52105da0a9b1c0665d0733d536830,buy,0xf333b2ace992ac2bbd8798bf57bc65a06184afba,0xffe2f8dbe4cb55074f1a9b4281dc1bc0001345ebe3e6fef08f14f741cc2da7be
324,1642,8.77649,0x7e72492ed193cb5a92e774002eedd1a20ed08e83,2017-10-21T23:31:15.000Z,0.005345,0x7e72492ed193cb5a92e774002eedd1a20ed08e83,buy,0xf333b2ace992ac2bbd8798bf57bc65a06184afba,0x4dfcf8532e13dea4ba8a18e99d348bcf10f92e6efb5d583312cdb628b8480415
325,9,0.04931472334145399,0x075d567b34a0cdfe2f6fc2af78f6f87adcb5fb62,2017-10-21T23:26:40.000Z,0.005479413704605998,0x393d01142bd52105da0a9b1c0665d0733d536830,buy,0xf333b2ace992ac2bbd8798bf57bc65a06184afba,0xb49b3df60d254cac0604f4e332eb01addb3dbfc040bf56aa3d3925aca8a625e3
326,100,0.353,0x7cea503fd36694c94a0901361bdd4cc8b4387094,2017-10-21T23:13:38.000Z,0.00353,0x7cea503fd36694c94a0901361bdd4cc8b4387094,buy,0xf333b2ace992ac2bbd8798bf57bc65a06184afba,0x825b8b82b9592d82124d31780a24ee59db70d72a012f041d836a05d21add3033
327,58,0.203,0x99c203d0d7f4d78849272b4ffe69764a91a09e76,2017-10-21T23:11:06.000Z,0.0035,0xa63bc011f55d8f2d60c0ff23082d712d10d909b6,sell,0xf333b2ace992ac2bbd8798bf57bc65a06184afba,0xc1cfc162a753bdca6a7d3ef2fb16bb911828a0fa55c67e683d6febbe7769fc7f
328,100,0.353,0x7cea503fd36694c94a0901361bdd4cc8b4387094,2017-10-21T23:11:06.000Z,0.00353,0xa63bc011f55d8f2d60c0ff23082d712d10d909b6,sell,0xf333b2ace992ac2bbd8798bf57bc65a06184afba,0x8fac371fd9965b2d571ea6d426b0d1ee493b104cd5a55ca073d4e8c2da35de93
329,81,0.27054,0x947d19efbca9b0f8801352c8b0f52263656aa9b2,2017-10-21T23:11:06.000Z,0.00334,0xa63bc011f55d8f2d60c0ff23082d712d10d909b6,sell,0xf333b2ace992ac2bbd8798bf57bc65a06184afba,0x489a299fbaab1d500339ee57d973a43ed8ba32f16fc7c5bcf258bf0b700d0b08
330,10000,33.333,0xc8063cd992e3d23cadacf203c45b974205a6c404,2017-10-21T23:10:34.000Z,0.0033333,0xa63bc011f55d8f2d60c0ff23082d712d10d909b6,sell,0xf333b2ace992ac2bbd8798bf57bc65a06184afba,0x30de3508925b87002751a0342a9ae99707e2205817472c50bebc32fc84cebbb1
331,9,0.03942,0x075d567b34a0cdfe2f6fc2af78f6f87adcb5fb62,2017-10-21T23:06:48.000Z,0.00438,0x1461a70efe8da0c132a18a7da1f137e42c023fec,buy,0xf333b2ace992ac2bbd8798bf57bc65a06184afba,0xe21c9f97abdf3337f8dfd95fcea7326b79d6e64850d4adb06a419d1f2a4db55b
332,63,0.26739153208766075,0x7cea503fd36694c94a0901361bdd4cc8b4387094,2017-10-21T23:02:20.000Z,0.004244310033137472,0x1eaa18a0e964d346f2b5182be3f97d7aab5145b9,buy,0xf333b2ace992ac2bbd8798bf57bc65a06184afba,0x8e1372838bac74d1a85d9229c1040a9a8df5eaf35460921ab4ea5366e1934d91
333,46,0.1909,0x7cea503fd36694c94a0901361bdd4cc8b4387094,2017-10-21T23:00:11.000Z,0.00415,0x3d8eb9b15bac08f334a6d0e0947d8e2c3ec325eb,buy,0xf333b2ace992ac2bbd8798bf57bc65a06184afba,0xa3667a8073281efdedd96e0679e653cad8dd2b274daba6b8c0f070bfceeee374
334,823,4.12323,0x7e72492ed193cb5a92e774002eedd1a20ed08e83,2017-10-21T22:19:01.000Z,0.00501,0x7e72492ed193cb5a92e774002eedd1a20ed08e83,buy,0xf333b2ace992ac2bbd8798bf57bc65a06184afba,0x167871a57d0ce6e079d23dd3fe5ac8795f7bd95e5254c402b4876dc0fdf837fc
335,1363,6.82863,0x7e72492ed193cb5a92e774002eedd1a20ed08e83,2017-10-21T20:06:06.000Z,0.00501,0x7e72492ed193cb5a92e774002eedd1a20ed08e83,buy,0xf333b2ace992ac2bbd8798bf57bc65a06184afba,0xd198609bb2bcba70f1577dc7a21e6a72e7d103561fcc37f8a7a094f1d5673ef8
336,369,1.83762,0x7e72492ed193cb5a92e774002eedd1a20ed08e83,2017-10-21T20:05:52.000Z,0.00498,0x7e72492ed193cb5a92e774002eedd1a20ed08e83,buy,0xf333b2ace992ac2bbd8798bf57bc65a06184afba,0x17229e5b10122c05f02583dbc3a86302ee3867f2cf1b87e4a5dcde517d7afdee
337,123,0.61623,0x7e72492ed193cb5a92e774002eedd1a20ed08e83,2017-10-21T20:05:08.000Z,0.00501,0x7e72492ed193cb5a92e774002eedd1a20ed08e83,buy,0xf333b2ace992ac2bbd8798bf57bc65a06184afba,0xb7aeb8e17a17fbe5f15bb531feb8509b2ed854b1af667d0ddf0ab54ef25c9d35
338,1,0.00419,0x169b593f5e9c88a73e3e41f9e1824e2fd5252639,2017-10-21T19:41:50.000Z,0.00419,0x3d8eb9b15bac08f334a6d0e0947d8e2c3ec325eb,sell,0xf333b2ace992ac2bbd8798bf57bc65a06184afba,0x5c6d478245ce576b9ea687398799686d134ef95d5bcf4fd9af55c5f4688b0297
339,15,0.063,0x6f11eac662368b1c4393f046f7370e6b0111d0aa,2017-10-21T19:25:02.000Z,0.0042,0xa63bc011f55d8f2d60c0ff23082d712d10d909b6,buy,0xf333b2ace992ac2bbd8798bf57bc65a06184afba,0x9384b9f446fab8efa1da88779df5f4cd6ba73adf6752525403754671cd079c48
340,1,0.00428,0x169b593f5e9c88a73e3e41f9e1824e2fd5252639,2017-10-21T19:13:35.000Z,0.00428,0x947d19efbca9b0f8801352c8b0f52263656aa9b2,sell,0xf333b2ace992ac2bbd8798bf57bc65a06184afba,0xd56dc5fff313fff971ef5f83af581112fa0a42231d3e6b9f7abf9afd05988367
341,105,0.43995,0x1d5321e125f6c7079a716705541c7b371ca79e69,2017-10-21T19:01:31.000Z,0.00419,0x1eaa18a0e964d346f2b5182be3f97d7aab5145b9,buy,0xf333b2ace992ac2bbd8798bf57bc65a06184afba,0x24dbfd34d0fabacb3ed0c09b0f2f0a2ecb86622066c37d83f8c176f50746a3c0
342,104,0.44512,0x169b593f5e9c88a73e3e41f9e1824e2fd5252639,2017-10-21T19:01:31.000Z,0.00428,0x1d5321e125f6c7079a716705541c7b371ca79e69,sell,0xf333b2ace992ac2bbd8798bf57bc65a06184afba,0x24dbfd34d0fabacb3ed0c09b0f2f0a2ecb86622066c37d83f8c176f50746a3c0
343,800,2.72,0x99c203d0d7f4d78849272b4ffe69764a91a09e76,2017-10-21T17:50:50.000Z,0.0034,0xa63bc011f55d8f2d60c0ff23082d712d10d909b6,sell,0xf333b2ace992ac2bbd8798bf57bc65a06184afba,0x5a766e99f07c3bda43cfc28e9466bd624ea377f6e478272a188ea8ef4c7b4d2a
344,1500,4.995,0x1eaa18a0e964d346f2b5182be3f97d7aab5145b9,2017-10-21T17:50:21.000Z,0.00333,0xa63bc011f55d8f2d60c0ff23082d712d10d909b6,sell,0xf333b2ace992ac2bbd8798bf57bc65a06184afba,0xbe096ce8e43b774073698ef54328631ed05e3ca682b1a89f5a63863d179ef925
345,8,0.03424,0x437338ffd4b45cdf78c3589d763dc746b0edf761,2017-10-21T17:20:00.000Z,0.00428,0x947d19efbca9b0f8801352c8b0f52263656aa9b2,sell,0xf333b2ace992ac2bbd8798bf57bc65a06184afba,0x6f69aabd821c4f043cb3331a847a228b44fe0931c459e5986c60a97d377bb501
346,676,3.378648,0x7e72492ed193cb5a92e774002eedd1a20ed08e83,2017-10-21T14:45:06.000Z,0.004998,0x7e72492ed193cb5a92e774002eedd1a20ed08e83,buy,0xf333b2ace992ac2bbd8798bf57bc65a06184afba,0x8709039b08e2a6dc327434d48e9633cf1b264a4ce8265f14f3525560a2d4adea
347,1351,6.6269252,0x7e72492ed193cb5a92e774002eedd1a20ed08e83,2017-10-21T14:42:20.000Z,0.0049052,0x7e72492ed193cb5a92e774002eedd1a20ed08e83,buy,0xf333b2ace992ac2bbd8798bf57bc65a06184afba,0x864def2f947ce9b9265d42f0ac80d307d1fb033a0a41cc7858279842df50049b
348,138,0.5924702034587818,0x622fd709ceac4c5c3c2bd626674d90a88ae2dd46,2017-10-21T13:25:50.000Z,0.004293262343904216,0x1eaa18a0e964d346f2b5182be3f97d7aab5145b9,buy,0xf333b2ace992ac2bbd8798bf57bc65a06184afba,0x8ee08bc82220ce57bf69e7f8e61fdd3bf3410aeebd9bfe4084467daa51deb54a
349,634,2.0922,0x1eaa18a0e964d346f2b5182be3f97d7aab5145b9,2017-10-21T12:58:16.000Z,0.0033,0x6908582bf8c1461fea0a70605abc5a16d5a6436a,sell,0xf333b2ace992ac2bbd8798bf57bc65a06184afba,0xbbe3420696b0f508c2a8de53e92baec880fd7bbc8de45098d9af2580702530f1
350,493,1.6269,0x1eaa18a0e964d346f2b5182be3f97d7aab5145b9,2017-10-21T12:14:50.000Z,0.0033,0x88fd0f1f80766d3cf74c97c880477308504b2afe,sell,0xf333b2ace992ac2bbd8798bf57bc65a06184afba,0x6f73784d4dcfcd868820bb46aa05b12d4dc737391ace506c036934cbaf154284
351,100,0.4009,0x444c878d6e124a0e53dc342a6010b558fc2014c1,2017-10-21T12:14:12.000Z,0.004009,0x88fd0f1f80766d3cf74c97c880477308504b2afe,sell,0xf333b2ace992ac2bbd8798bf57bc65a06184afba,0x87b64760e869d084a299281dcfd63e08701d193c26f5cd8daab68ad71927bc55
352,1,0.004255555,0x7cea503fd36694c94a0901361bdd4cc8b4387094,2017-10-21T12:14:12.000Z,0.004255555,0x88fd0f1f80766d3cf74c97c880477308504b2afe,sell,0xf333b2ace992ac2bbd8798bf57bc65a06184afba,0x9dfb3aa2f4246cd817218ed3237514e73391b34d430f087e7a31fa06b0636990
353,10,0.0429,0x356b224837f1c8a2e5456a854c7560cf4cd0c091,2017-10-21T12:14:06.000Z,0.00429,0x88fd0f1f80766d3cf74c97c880477308504b2afe,sell,0xf333b2ace992ac2bbd8798bf57bc65a06184afba,0x557b9676a5162e184c7eae5aab8269179108c719a20b8a7fc479a77f2e59f23e
354,1,0.0042,0x356b224837f1c8a2e5456a854c7560cf4cd0c091,2017-10-21T12:00:40.000Z,0.0042,0x6a3eb20d9ae7fd213b185f161c64de05b94ef365,buy,0xf333b2ace992ac2bbd8798bf57bc65a06184afba,0x914f0e6c5bcfbe83942e65b8ca5aa3de6981c48d70750e2938f8fc9fb4d8d759
355,16,0.068096,0x7cea503fd36694c94a0901361bdd4cc8b4387094,2017-10-21T10:58:15.000Z,0.004256,0x1eaa18a0e964d346f2b5182be3f97d7aab5145b9,sell,0xf333b2ace992ac2bbd8798bf57bc65a06184afba,0x999ddcccf7f3b991784d8dca7f73495b22ba01d34e46efe023b1c4dfa92261e2
356,86,0.3612,0x8677a5c29dbfdff8360d3f1aee6a504618e0a053,2017-10-21T10:57:48.000Z,0.0042,0x1eaa18a0e964d346f2b5182be3f97d7aab5145b9,sell,0xf333b2ace992ac2bbd8798bf57bc65a06184afba,0x608c5ab7dd3c3fa2f9ac947bb1dc9f25d5cd380b9d6a32d6ae796c9dc656097c
357,42,0.1806,0x3d45d2d1821d110b66fba7d188f5ce10955fc3d4,2017-10-21T10:57:48.000Z,0.0043,0x1eaa18a0e964d346f2b5182be3f97d7aab5145b9,sell,0xf333b2ace992ac2bbd8798bf57bc65a06184afba,0xdc297354e0951ddf553060c74a85ff2ca4ebcd9973f83754d726cc2f1f069616
358,30,0.1296,0x82c64bbb4eff232605e21c10278314d3febdaf9a,2017-10-21T10:56:50.000Z,0.00432,0x1eaa18a0e964d346f2b5182be3f97d7aab5145b9,sell,0xf333b2ace992ac2bbd8798bf57bc65a06184afba,0xdaeacd5b76beff3c2a7156903494d17402f1e0d8d3d03dd16bc2df309779d1eb
359,3,0.0132,0x169b593f5e9c88a73e3e41f9e1824e2fd5252639,2017-10-21T10:54:37.000Z,0.0044,0x947d19efbca9b0f8801352c8b0f52263656aa9b2,sell,0xf333b2ace992ac2bbd8798bf57bc65a06184afba,0x4c07f90860e01900de924eda37bf7f239d58410c989701b85d5efe31676a59c4
360,1,0.0043,0xb4c432a9559a4f1464d2bff9fcbbdc14f1c39dec,2017-10-21T08:58:12.000Z,0.0043,0x1461a70efe8da0c132a18a7da1f137e42c023fec,buy,0xf333b2ace992ac2bbd8798bf57bc65a06184afba,0xbd412d75bb55687c72f42114685e6736d1a7232a0154aabee78b5ce32aa3cddd
361,233,1.0019,0x0f843e005dde4ff19f39d68f2d4302095c64aa76,2017-10-21T08:28:15.000Z,0.0043,0x1461a70efe8da0c132a18a7da1f137e42c023fec,buy,0xf333b2ace992ac2bbd8798bf57bc65a06184afba,0xc00aebe2884b306fdd144645f5ff7383c545b7ea9641d9feeab6426a71f38ab5
362,6,0.0258,0x445598750201119e8c0df5998d04ace8796c0ae7,2017-10-21T08:23:53.000Z,0.0043,0x1461a70efe8da0c132a18a7da1f137e42c023fec,buy,0xf333b2ace992ac2bbd8798bf57bc65a06184afba,0x0d85fc43bd9bff83d7271632ba11c92e2987282bde1419f5d2b2025204001e33
363,2019,9.7965918,0x7e72492ed193cb5a92e774002eedd1a20ed08e83,2017-10-21T08:12:38.000Z,0.0048522,0x7e72492ed193cb5a92e774002eedd1a20ed08e83,buy,0xf333b2ace992ac2bbd8798bf57bc65a06184afba,0xb4e74dc05045cfbf1e91262b235decbdbbbff82d543359427a02ffe6c687ec45
364,1628,8.11558,0x7e72492ed193cb5a92e774002eedd1a20ed08e83,2017-10-21T08:11:56.000Z,0.004985,0x7e72492ed193cb5a92e774002eedd1a20ed08e83,buy,0xf333b2ace992ac2bbd8798bf57bc65a06184afba,0x69b7889bdac0d347da11ae1bd1a8e84e2d9a55543a9691387063a08026099986
365,2,0.01196410762744703,0xbac4a6daf3b21723984dd35c4bcdc3eb51cbff62,2017-10-21T02:20:29.000Z,0.005982053813723515,0x1461a70efe8da0c132a18a7da1f137e42c023fec,buy,0xf333b2ace992ac2bbd8798bf57bc65a06184afba,0xa2085869a739af2c974a2af7f33335f50bcf4da4a56dc9581a0d13cf64230630
366,2048,10.143744,0x7e72492ed193cb5a92e774002eedd1a20ed08e83,2017-10-20T22:47:42.000Z,0.004953,0x7e72492ed193cb5a92e774002eedd1a20ed08e83,buy,0xf333b2ace992ac2bbd8798bf57bc65a06184afba,0x81b104f8fc655f572cab1a938d8bd8d25c9dc93d95c5089b8ac17ef999cba677
367,100,0.421098,0x7cea503fd36694c94a0901361bdd4cc8b4387094,2017-10-20T22:11:09.000Z,0.00421098,0xa63bc011f55d8f2d60c0ff23082d712d10d909b6,sell,0xf333b2ace992ac2bbd8798bf57bc65a06184afba,0x632f62aa94aaf5fbcd6bc97e5b53a5792596321b8fc7664c08a881a2c11697a1
368,100,0.4188888,0x7cea503fd36694c94a0901361bdd4cc8b4387094,2017-10-20T22:11:09.000Z,0.004188888,0xa63bc011f55d8f2d60c0ff23082d712d10d909b6,sell,0xf333b2ace992ac2bbd8798bf57bc65a06184afba,0x1f88869f865e33d03075a55c3f7429fa5271f63d0d7933a7f8229fcc66409c13
369,76,0.338884,0x169b593f5e9c88a73e3e41f9e1824e2fd5252639,2017-10-20T22:10:50.000Z,0.004459,0xa63bc011f55d8f2d60c0ff23082d712d10d909b6,sell,0xf333b2ace992ac2bbd8798bf57bc65a06184afba,0x7239863bd245a996124aebba156255901cfff04810f41fbf846897814f4aadee
370,1045,4.23225,0x27700a84f2b2586ed08cb74aafce1acc627961df,2017-10-20T22:10:17.000Z,0.00405,0xa63bc011f55d8f2d60c0ff23082d712d10d909b6,sell,0xf333b2ace992ac2bbd8798bf57bc65a06184afba,0x20f455c47dc5ae1359101f988ebe0a483ecf84ffa86bda280069cc368e4ccdf7
371,27,0.120393,0x169b593f5e9c88a73e3e41f9e1824e2fd5252639,2017-10-20T21:38:22.000Z,0.004459,0xe1354d439daf03506812378d0e231414ebf7350e,sell,0xf333b2ace992ac2bbd8798bf57bc65a06184afba,0xf0a762471cfe94f508c69886340681ab4754401b2ec7c0812b0f69ff90c251b4
372,28,0.1231999972,0xe1354d439daf03506812378d0e231414ebf7350e,2017-10-20T21:37:04.000Z,0.0043999999,0x254fb89e4cab71708eaab16e067ca8156a38e18a,buy,0xf333b2ace992ac2bbd8798bf57bc65a06184afba,0xf100a654f8746c9596a272e00f93a4326d9bfcf0a5e351ad5a2ceefdc3507324
373,99,0.441441,0x169b593f5e9c88a73e3e41f9e1824e2fd5252639,2017-10-20T20:57:41.000Z,0.004459,0x1d5321e125f6c7079a716705541c7b371ca79e69,sell,0xf333b2ace992ac2bbd8798bf57bc65a06184afba,0xbb03ca7a69953f4591fd1617d3c9de617460e677a9df1aaf8afaef0bf6bf30ef
374,100,0.438,0x1d5321e125f6c7079a716705541c7b371ca79e69,2017-10-20T20:57:41.000Z,0.00438,0x254fb89e4cab71708eaab16e067ca8156a38e18a,buy,0xf333b2ace992ac2bbd8798bf57bc65a06184afba,0xbb03ca7a69953f4591fd1617d3c9de617460e677a9df1aaf8afaef0bf6bf30ef
375,99,0.441441,0x169b593f5e9c88a73e3e41f9e1824e2fd5252639,2017-10-20T20:55:53.000Z,0.004459,0x1d5321e125f6c7079a716705541c7b371ca79e69,sell,0xf333b2ace992ac2bbd8798bf57bc65a06184afba,0x2fdbae7e435ec4d5a5969944e244a3e8d46894505eb516458a6078afc37e5084
376,100,0.437,0x1d5321e125f6c7079a716705541c7b371ca79e69,2017-10-20T20:55:53.000Z,0.00437,0x1eaa18a0e964d346f2b5182be3f97d7aab5145b9,buy,0xf333b2ace992ac2bbd8798bf57bc65a06184afba,0x2fdbae7e435ec4d5a5969944e244a3e8d46894505eb516458a6078afc37e5084
377,100,0.437,0x1d5321e125f6c7079a716705541c7b371ca79e69,2017-10-20T20:34:05.000Z,0.00437,0x1eaa18a0e964d346f2b5182be3f97d7aab5145b9,buy,0xf333b2ace992ac2bbd8798bf57bc65a06184afba,0xede5f2121a145506d291bd197aa52c5d0791d76cc66bc10c7e1b78d8e48ca247
378,99,0.441441,0x169b593f5e9c88a73e3e41f9e1824e2fd5252639,2017-10-20T20:34:05.000Z,0.004459,0x1d5321e125f6c7079a716705541c7b371ca79e69,sell,0xf333b2ace992ac2bbd8798bf57bc65a06184afba,0xede5f2121a145506d291bd197aa52c5d0791d76cc66bc10c7e1b78d8e48ca247
379,200,0.88,0x3ef2e9aefb2517c01b3fb542eeada413c37b8d63,2017-10-20T19:08:15.000Z,0.0044,0x1eaa18a0e964d346f2b5182be3f97d7aab5145b9,buy,0xf333b2ace992ac2bbd8798bf57bc65a06184afba,0xf7a434aaf8bd6d8f818d5af6a5ee1bcf14b916815f087586df327dc7b8b4de75
380,100,0.439,0xae4f1f3f0eb0916c8580458d69fc712133ada64c,2017-10-20T18:55:20.000Z,0.00439,0x1eaa18a0e964d346f2b5182be3f97d7aab5145b9,buy,0xf333b2ace992ac2bbd8798bf57bc65a06184afba,0xb42bd715b31f9bdc05316cf6199ef7762769931cc0c9bcaa47c1fad3e5fd7c18
381,20,0.0882,0xaad0567a46ae437adf5cdccc6067c15a83b36b1a,2017-10-20T16:30:11.000Z,0.00441,0x947d19efbca9b0f8801352c8b0f52263656aa9b2,buy,0xf333b2ace992ac2bbd8798bf57bc65a06184afba,0x31ccd1e5ad4703f60d581b8989c83a019b120d8b56e314aa2b31e7df262a6cf7
382,84,0.357504,0x7cea503fd36694c94a0901361bdd4cc8b4387094,2017-10-20T12:17:00.000Z,0.004256,0xe4571f2ae739914c877e0b5c640fe77a4a09010d,sell,0xf333b2ace992ac2bbd8798bf57bc65a06184afba,0x8ffc1ff2d151a68f53c45a1728f3321230eb905a55b8ab4e996cc632138974f5
383,798,3.34362,0x1eaa18a0e964d346f2b5182be3f97d7aab5145b9,2017-10-20T11:28:24.000Z,0.00419,0xb9650473f9eac6b95f0e0b87f7b5425685aadd84,sell,0xf333b2ace992ac2bbd8798bf57bc65a06184afba,0x684d11c2f4b6058447dfcf4dd21aa54ba8e82eb870c7b8b82dcd343fcd04d62f
384,100,0.4256,0x947d19efbca9b0f8801352c8b0f52263656aa9b2,2017-10-20T11:26:10.000Z,0.004256,0xb9650473f9eac6b95f0e0b87f7b5425685aadd84,sell,0xf333b2ace992ac2bbd8798bf57bc65a06184afba,0xca35d67878d31727ec87042c405e5af37702d000e842347c544fe7aa438879e0
385,100,0.4333333,0x7cea503fd36694c94a0901361bdd4cc8b4387094,2017-10-20T11:25:03.000Z,0.004333333,0xb9650473f9eac6b95f0e0b87f7b5425685aadd84,sell,0xf333b2ace992ac2bbd8798bf57bc65a06184afba,0xf6da653819a9ba563353c53e4a79614700b3c415340b7e54d2935d47a7e6f072
386,1992,10.145256,0x7e72492ed193cb5a92e774002eedd1a20ed08e83,2017-10-20T08:33:22.000Z,0.005093,0x7e72492ed193cb5a92e774002eedd1a20ed08e83,buy,0xf333b2ace992ac2bbd8798bf57bc65a06184afba,0x1a95455c6c0f02427c142b88c0b96e4c4252e633b2f07750d07cbf354604fc3b
387,22,0.10098,0x7de56d1e5e0b57790d8bc14726ee96d03f03e4f4,2017-10-20T08:17:22.000Z,0.00459,0x254fb89e4cab71708eaab16e067ca8156a38e18a,buy,0xf333b2ace992ac2bbd8798bf57bc65a06184afba,0xfab87f05980cca0b482682df2afc09d3ccdd1297dd51835a8e93724b6f5ffa14
388,100,0.458,0x7cea503fd36694c94a0901361bdd4cc8b4387094,2017-10-20T03:17:46.000Z,0.00458,0x254fb89e4cab71708eaab16e067ca8156a38e18a,buy,0xf333b2ace992ac2bbd8798bf57bc65a06184afba,0x85c5b428bbd390748a9c427b0be5d925c6f0b23b237a30cad08f00ef484c65b0
389,593,2.7229024305310503,0xaa6ba9048c12e648d97ecf376f77910443fa8dd9,2017-10-20T02:17:08.000Z,0.004591741029563322,0x1eaa18a0e964d346f2b5182be3f97d7aab5145b9,buy,0xf333b2ace992ac2bbd8798bf57bc65a06184afba,0x92d5c62b7af1c486c4c9d9096304eb4865619c82a10cd0536d5ec0379f6b0663
390,100,0.45777,0xaa6ba9048c12e648d97ecf376f77910443fa8dd9,2017-10-20T02:11:41.000Z,0.0045777,0x254fb89e4cab71708eaab16e067ca8156a38e18a,buy,0xf333b2ace992ac2bbd8798bf57bc65a06184afba,0x9fe22b8d34724ea0197414c48269c7c30d27e05f6ce89691983765edf204ab9a
391,50,0.2275,0xaa6ba9048c12e648d97ecf376f77910443fa8dd9,2017-10-20T02:10:54.000Z,0.00455,0x947d19efbca9b0f8801352c8b0f52263656aa9b2,buy,0xf333b2ace992ac2bbd8798bf57bc65a06184afba,0x76fafe9decfde954fc0a3da2e7bf6b5ca1ee300f37f1e9ee59ffcd4125e2fb11
392,160,0.7296,0xaa6ba9048c12e648d97ecf376f77910443fa8dd9,2017-10-20T02:10:54.000Z,0.00456,0x1eaa18a0e964d346f2b5182be3f97d7aab5145b9,buy,0xf333b2ace992ac2bbd8798bf57bc65a06184afba,0xea5c39181e143ad6267946d02ddae9146d7fd9751e6b1218e5969dfe305977c6
393,100,0.454,0xaa6ba9048c12e648d97ecf376f77910443fa8dd9,2017-10-20T02:10:46.000Z,0.00454,0x254fb89e4cab71708eaab16e067ca8156a38e18a,buy,0xf333b2ace992ac2bbd8798bf57bc65a06184afba,0xc50b75fa51c680caf902100696035f868d6a73915df3da79f1deac2db9e1c907
394,99,0.421299945,0x7cea503fd36694c94a0901361bdd4cc8b4387094,2017-10-20T01:31:51.000Z,0.004255555,0xb9650473f9eac6b95f0e0b87f7b5425685aadd84,sell,0xf333b2ace992ac2bbd8798bf57bc65a06184afba,0xd25e20379d855e7577e836cc159d20c91fa59f520fa361a56848abe8147017c9
395,40,0.1824,0x7f4454bc903b12df205aca11859a56ca7cf997be,2017-10-20T01:08:08.000Z,0.00456,0x1eaa18a0e964d346f2b5182be3f97d7aab5145b9,buy,0xf333b2ace992ac2bbd8798bf57bc65a06184afba,0xced729ab03ecf6b3623fd79082ec9100e07467c61eb4d9fe143fa82bdbb067f7
396,50,0.2275,0x7cea503fd36694c94a0901361bdd4cc8b4387094,2017-10-20T00:08:15.000Z,0.00455,0x947d19efbca9b0f8801352c8b0f52263656aa9b2,buy,0xf333b2ace992ac2bbd8798bf57bc65a06184afba,0xfb41eb314a8e896d9f40ce135d7aa1a71c237b76c831392d7a398d5c66bd8150
