,amount,amountBase,buyer,date,price,seller,side,tokenAddr,txHash
0,218,0.88508,0xaccba48528d5d958f452ac0acec373dda8174612,2017-11-02T14:50:11.000Z,0.00406,0xddf452f3237bb350cf534f7f8ecaa469c4763d00,sell,0xf3db5fa2c66b7af3eb0c0b782510816cbe4813b8,0x1d2a6b16fc1d3fe339e8e213c11f94a6ea9c5625a22a25c4a35862ab393bb2b0
1,350,1.421,0x108bd497919b9ac0e50ef43aa6d321443ef1f8cb,2017-11-02T14:47:14.000Z,0.00406,0xddf452f3237bb350cf534f7f8ecaa469c4763d00,sell,0xf3db5fa2c66b7af3eb0c0b782510816cbe4813b8,0xe87edc3145fd75643a630bd55a793a81f6d2ff524addc4bf68c8d8a98867f10f
2,80,0.368,0xb1b47b94ba36a2db487a405e3fcd3e708ca1b313,2017-11-02T13:39:47.000Z,0.0046,0x6291820dca6ff60a27ac7cd93d159f556bf5fe16,buy,0xf3db5fa2c66b7af3eb0c0b782510816cbe4813b8,0x99e6b675124eee9acd054e4868bc339db39b39c586b40d2ee1739b6428178986
3,450,2.115,0xdb785f5dff86e8366d85de14f72b7d1a5fee2582,2017-11-02T12:20:17.000Z,0.0047,0xf5e892df8898e39dce4b723992746dd365c9a869,buy,0xf3db5fa2c66b7af3eb0c0b782510816cbe4813b8,0xdee52abbc81156b518f234fc5b397080c2ad5dfd0c8a1778fbda4fa70d2fa77c
4,60,0.27599994,0xb1b47b94ba36a2db487a405e3fcd3e708ca1b313,2017-11-02T11:47:23.000Z,0.004599999,0x787e6870754cc306c1758db62dc6cd334ba76345,buy,0xf3db5fa2c66b7af3eb0c0b782510816cbe4813b8,0xd9265e8ef6c83cbbf5866fb1860ed7bc85d8c14e400254b426e2166cefb1dc6f
5,115.2591,0.501377085,0xb1b47b94ba36a2db487a405e3fcd3e708ca1b313,2017-11-02T11:16:15.000Z,0.00435,0x39b421eaf279c35f69afb85c8762d1d7a3511c98,sell,0xf3db5fa2c66b7af3eb0c0b782510816cbe4813b8,0x662b373d7d81d8eb39ea093cb2577876d5dc5ee0f3594e847015da7340a5d186
6,40,0.184,0xe8923a76b34169d4e3982889f7525c110c4e7da3,2017-11-02T11:12:23.000Z,0.0046,0x315190118c009ce64639d2044d4ae5c0a8e92ffd,buy,0xf3db5fa2c66b7af3eb0c0b782510816cbe4813b8,0xacc885bcde24ff37ff31a14d73a070069980c56f2075ab585720d14f87eb7f04
7,0.1086,0.0005,0x4fda9e6bcd83af6c5cc771b5d20accc2b7720074,2017-11-02T10:52:25.000Z,0.004604051565377533,0x315190118c009ce64639d2044d4ae5c0a8e92ffd,buy,0xf3db5fa2c66b7af3eb0c0b782510816cbe4813b8,0x10b05517076868cc8a068119bb32de6c2a825b730bfc1f98cf4ae2d390c31d99
8,0.1063,0.0005,0x3075f7f189912f4f425dd7021b9c396434197477,2017-11-02T10:29:38.000Z,0.004703668861712135,0xf549e70a0c53696dba413770fbd8d05497944ac4,buy,0xf3db5fa2c66b7af3eb0c0b782510816cbe4813b8,0x5a514ed70274a4cb47bf2f72a52f6058c2b5aa7720849fa9e7bcd3160f036c0a
9,4598.4671,22.068043667344018,0x72e3106a7ba687505587b5b8aaacd823cdca2659,2017-11-02T07:38:41.000Z,0.004799000011839602,0x6fb2e2fd468cb7a8f10bca22151e7f53782c9538,buy,0xf3db5fa2c66b7af3eb0c0b782510816cbe4813b8,0xe0d1c24b492fc466e38c1a56bef0c9ac5c283ce15bab94490f3e26fe7608e3ed
10,36,0.162,0x72e3106a7ba687505587b5b8aaacd823cdca2659,2017-11-02T07:33:55.000Z,0.0045,0xf549e70a0c53696dba413770fbd8d05497944ac4,buy,0xf3db5fa2c66b7af3eb0c0b782510816cbe4813b8,0xea2c147c40c060d235e856d359d41b6c56dd17b72fd00408302e75ba19deaed0
11,103,0.412,0x34eec67ff1ae5febe8b32f6aa73f581ef410f2dd,2017-11-02T06:13:19.000Z,0.004,0x4231e1b03c181733ceffed73dbfa2bfb0fc65421,sell,0xf3db5fa2c66b7af3eb0c0b782510816cbe4813b8,0xef7aadb98fbb184bc74ad0cd955f34da044ccad6debd643c60bfd089c7692b9c
12,35,0.175,0x7f0bb5c84f14007bebd6742cf9d41c9836389872,2017-11-02T03:49:50.000Z,0.005,0x6e323a63a5137f4099113a4c9630965418845c37,buy,0xf3db5fa2c66b7af3eb0c0b782510816cbe4813b8,0xe15e6d788055aba741b0764d5cab407d169b2c7b7c68abf44963a2c24432ce35
13,1735,9.35145915,0x7f0bb5c84f14007bebd6742cf9d41c9836389872,2017-11-02T03:48:40.000Z,0.00538989,0x64340e540165af3f1a86ccf8548286e804400233,buy,0xf3db5fa2c66b7af3eb0c0b782510816cbe4813b8,0xe3de2d68afe6c1bfe775470f6ac23a58a3516da67cdf94134de4cdf7dfdd3a19
14,230,1.103977,0x7f0bb5c84f14007bebd6742cf9d41c9836389872,2017-11-02T03:41:23.000Z,0.0047999,0xaccba48528d5d958f452ac0acec373dda8174612,buy,0xf3db5fa2c66b7af3eb0c0b782510816cbe4813b8,0x69e166119afaa4cb5ce8ffb45a440065b74fcd9fec5a76239a1b00c1bd2c30b4
15,179.8,0.814494,0x72e3106a7ba687505587b5b8aaacd823cdca2659,2017-11-02T03:33:43.000Z,0.00453,0x2b0d6794379a2e843024aecfcd53232202cbf0c3,buy,0xf3db5fa2c66b7af3eb0c0b782510816cbe4813b8,0x8970658be805665e150fd7cb9414533483c47f7f1700721e65eb2b4f75fa7ed1
16,194.895,0.8770275,0x72e3106a7ba687505587b5b8aaacd823cdca2659,2017-11-02T03:33:21.000Z,0.0045,0xcf63dd56ec81b89dbd8b9817c20f867428fc8506,buy,0xf3db5fa2c66b7af3eb0c0b782510816cbe4813b8,0x5c49525d93e4e209b1ee7a16173b5914150e7b9b517e0f05355cefd51d5c3036
17,1,0.00445,0x72e3106a7ba687505587b5b8aaacd823cdca2659,2017-11-02T03:33:06.000Z,0.00445,0xa53167b3162ecda5c3c01fe0d87dd3e6c169312d,buy,0xf3db5fa2c66b7af3eb0c0b782510816cbe4813b8,0xc5cfba23b1af57c8c267821e6cc230410eccd411148991259c59ca2ec62391ee
18,35,0.15575,0xaffa298cfff078521fdc687f7a5523179df72bf1,2017-11-02T03:09:30.000Z,0.00445,0xcf63dd56ec81b89dbd8b9817c20f867428fc8506,sell,0xf3db5fa2c66b7af3eb0c0b782510816cbe4813b8,0xd672711e05633b25da4d9d3ad83f453ae87881fdda2c0b8f4fd8ea4827004643
19,0.1,0.000453,0xe2b48b3dd0b33283b4802e63e65518f27e635054,2017-11-02T01:24:36.000Z,0.00453,0x2b0d6794379a2e843024aecfcd53232202cbf0c3,buy,0xf3db5fa2c66b7af3eb0c0b782510816cbe4813b8,0x82e80be1dfdb7826546cc3a8b43de202f3e458b5b263b80bfe7b1b633278114a
20,0.1,0.000453,0xed2ca7381d82f8fb9bcc54ea6ab6526e35aece25,2017-11-02T01:22:12.000Z,0.00453,0x2b0d6794379a2e843024aecfcd53232202cbf0c3,buy,0xf3db5fa2c66b7af3eb0c0b782510816cbe4813b8,0x87d1bae372c87252b8139d0627162597758eedd6d8e64590d068b8da9bbc2a6a
21,48.0483,0.18258354480483,0xced732ca92cb4f040239c4e8c85f14acbb5db000,2017-11-02T00:46:43.000Z,0.0038000001,0x87070f1ddef4a3a60cd75af5ef801dc3d5879ce5,sell,0xf3db5fa2c66b7af3eb0c0b782510816cbe4813b8,0xeb6875377029c2e6d8b8ae3e541145cbcc7424a418aa424541a02b4053a2e392
22,100,0.4001,0x60143b6b44b8a04723fa4848f5b68310044fb176,2017-11-02T00:45:03.000Z,0.004001,0x87070f1ddef4a3a60cd75af5ef801dc3d5879ce5,sell,0xf3db5fa2c66b7af3eb0c0b782510816cbe4813b8,0x28429942b6ec67d2b3b0b4fde9b0535d8d83b305cc90698818e76c0c384c1828
23,11.7703,0.053084476939999986,0x422d7c1f2f04e7582163d1381a436516f4de3c2a,2017-11-02T00:44:02.000Z,0.004510036017773548,0x87070f1ddef4a3a60cd75af5ef801dc3d5879ce5,buy,0xf3db5fa2c66b7af3eb0c0b782510816cbe4813b8,0x93cc1890abbe810a43175c1d53cab2f7e58f8bd9cfbe97071c554afc770c1e8b
24,11.7235,0.100001455,0xad0a2d250d9e0a3a2eb4e1317517400000a280bf,2017-11-02T00:44:02.000Z,0.00853,0x422d7c1f2f04e7582163d1381a436516f4de3c2a,sell,0xf3db5fa2c66b7af3eb0c0b782510816cbe4813b8,0x93cc1890abbe810a43175c1d53cab2f7e58f8bd9cfbe97071c554afc770c1e8b
25,18.966,0.07795026,0x1c9e97a757f4176bc4269b51f6ed630617e522b7,2017-11-02T00:31:28.000Z,0.00411,0x87070f1ddef4a3a60cd75af5ef801dc3d5879ce5,sell,0xf3db5fa2c66b7af3eb0c0b782510816cbe4813b8,0x128fef99554b635e037d68c72b57d5de36a06420c927c75721cafb77c6329c00
26,230,0.9361,0xcf63dd56ec81b89dbd8b9817c20f867428fc8506,2017-11-02T00:28:46.000Z,0.00407,0x87070f1ddef4a3a60cd75af5ef801dc3d5879ce5,sell,0xf3db5fa2c66b7af3eb0c0b782510816cbe4813b8,0x06f52ea66d0dd155f5a7133e00e93dcdd183dc30f1ae7924f2162a91eb50f9f7
27,1,0.0045,0x1a1b642876e2ad4352a2200687fee939f3f875dc,2017-11-02T00:27:29.000Z,0.0045,0x87070f1ddef4a3a60cd75af5ef801dc3d5879ce5,sell,0xf3db5fa2c66b7af3eb0c0b782510816cbe4813b8,0x394d476131ba395f5b44b085a8dd1c5231fc44e14ce6ca471bc93ce00679c379
28,81.7445,0.13896565,0x6291820dca6ff60a27ac7cd93d159f556bf5fe16,2017-11-02T00:15:07.000Z,0.0017,0x0aebd68c45e45e4eb643589763d44602933ab00e,sell,0xf3db5fa2c66b7af3eb0c0b782510816cbe4813b8,0x4a29f36a79efdf7a1c840008b42501e9b3f5e28a27336f6e2fe91931754577e2
29,2982.0557,12.6767187807,0x7ff6dade60b697ef9fb6249196f75812b7d26ba2,2017-11-01T23:19:09.000Z,0.004251,0x6fb2e2fd468cb7a8f10bca22151e7f53782c9538,sell,0xf3db5fa2c66b7af3eb0c0b782510816cbe4813b8,0x949d022331ed3d3ad70d4fac5c8458ae6afe3115c285d0bfccb354744cf4a1fe
30,17.9443,0.0762812193,0x7ff6dade60b697ef9fb6249196f75812b7d26ba2,2017-11-01T21:43:06.000Z,0.004251,0x136189e2edd46d3d181109df2d71bfd5f1ba1ccf,sell,0xf3db5fa2c66b7af3eb0c0b782510816cbe4813b8,0x4f3438eb7d0d852c1c6e79feb31f31c6290cbcf8c6c86809afe007b37b9b2470
31,1663.5,7.069875,0x3df86cefaecfaa31be2f74f8f832cb4ef62b79f8,2017-11-01T21:10:48.000Z,0.00425,0xed102e6aafb3891b399aa8a56aa1c72f408b788f,buy,0xf3db5fa2c66b7af3eb0c0b782510816cbe4813b8,0xccbf3d90f20b9cd4240ffdb5d6462782b1668df57990bcbdb67b05f45581c681
32,231.8025,0.99677393025,0xaccba48528d5d958f452ac0acec373dda8174612,2017-11-01T21:03:42.000Z,0.0043001,0xf44072eda87ede9613b6ae1b812de8a60ade27a2,sell,0xf3db5fa2c66b7af3eb0c0b782510816cbe4813b8,0xc43944dd62ad42d255c7b06bf464373733dc3ac0a6333ffddcfa6ef6fe26c01d
33,232.5,0.988125,0xf44072eda87ede9613b6ae1b812de8a60ade27a2,2017-11-01T21:03:42.000Z,0.00425,0xed102e6aafb3891b399aa8a56aa1c72f408b788f,buy,0xf3db5fa2c66b7af3eb0c0b782510816cbe4813b8,0xc43944dd62ad42d255c7b06bf464373733dc3ac0a6333ffddcfa6ef6fe26c01d
34,119.0427,0.5952135396732836,0x00ef4ba003042f37647d14575e5a86f264c69f47,2017-11-01T20:35:27.000Z,0.005000000333269353,0x49512a2c0dbe50121ff2e831da472401caf0a4f5,buy,0xf3db5fa2c66b7af3eb0c0b782510816cbe4813b8,0x4df7b67f3d59ca99466c4c8049de04dbf2a68986e5f923dc54cde2125b2edcc1
35,200,0.999998,0x00ef4ba003042f37647d14575e5a86f264c69f47,2017-11-01T20:33:03.000Z,0.00499999,0xaccba48528d5d958f452ac0acec373dda8174612,buy,0xf3db5fa2c66b7af3eb0c0b782510816cbe4813b8,0xb20908e7330f4b60bae08eb0728d5552c4f67137ea5ea85449b4ce6403287323
36,20.934,0.0889695,0x0db5e7924d87d2ec27876882e7af911a58050dd1,2017-11-01T20:32:34.000Z,0.00425,0xeaa9dc5a2069fbecc29c67d0b06e2e8b5a6e5e29,buy,0xf3db5fa2c66b7af3eb0c0b782510816cbe4813b8,0xfd0bab707e6075a6e442cafae294f81720e26352f19ed12797c42c9939267504
37,10,0.078,0x27ad6da4c6c21f2466e34ba31984b452116ea619,2017-11-01T19:48:33.000Z,0.0078,0xacf5f6a53e7e942a68b3ef013c870a54ae93eb96,buy,0xf3db5fa2c66b7af3eb0c0b782510816cbe4813b8,0xfc734e3220a121196c0a103f6b167593866235f35ba5fa4fc8d196c60fd9f96b
38,18,0.09,0x27ad6da4c6c21f2466e34ba31984b452116ea619,2017-11-01T19:46:14.000Z,0.005,0x95ba9614fb17e7b3721dde75993069ed69897684,buy,0xf3db5fa2c66b7af3eb0c0b782510816cbe4813b8,0x868f67b426ffcde44d9fb09ebf5ea98cd4d47eb42d59b52192c20ef407534173
39,30,0.1359,0x61f4dba01e8e599481d75a93b154b7be96941f32,2017-11-01T19:41:31.000Z,0.00453,0xdeb58cbc9ef2397e780bd7045a5516c9b8e5d5f5,buy,0xf3db5fa2c66b7af3eb0c0b782510816cbe4813b8,0x0fde717a179f7d9be084f61165c1e59be449259d42dbafb0377ec43672ee7716
40,158.8959,0.7197984866705022,0xb1b47b94ba36a2db487a405e3fcd3e708ca1b313,2017-11-01T19:19:38.000Z,0.004530000375532044,0xdeb58cbc9ef2397e780bd7045a5516c9b8e5d5f5,buy,0xf3db5fa2c66b7af3eb0c0b782510816cbe4813b8,0xaa034bc98695b9ddffc36bd93f4057b792aafc5086d5e0e1f07ab9f4d90354cf
41,306,1.38618,0x39b421eaf279c35f69afb85c8762d1d7a3511c98,2017-11-01T19:17:51.000Z,0.00453,0xdeb58cbc9ef2397e780bd7045a5516c9b8e5d5f5,buy,0xf3db5fa2c66b7af3eb0c0b782510816cbe4813b8,0x8560a950303f7948e9935edd57d06825759d339a21eb3a1e291e397358ee2e7e
42,39,0.17589,0x39b421eaf279c35f69afb85c8762d1d7a3511c98,2017-11-01T19:17:29.000Z,0.00451,0xfb1288e1a7e768865a3ee21b486c0c90885e7f4a,buy,0xf3db5fa2c66b7af3eb0c0b782510816cbe4813b8,0xd741baa721de5430a45ecc1ebe38786cd6f4eefb50a9045f2c25afbb95c1d0a5
43,29.835,0.1342575,0x39b421eaf279c35f69afb85c8762d1d7a3511c98,2017-11-01T19:16:02.000Z,0.0045,0x84dda43e60d99e95271033ac3aec717f60351197,buy,0xf3db5fa2c66b7af3eb0c0b782510816cbe4813b8,0x755fb76554522d9e1c92c64ff4dc54191dcb677b41d88eb3fd115f21003063f8
44,350,1.5855,0xb100a7f4eef382d586fcb744d579347bb3b52477,2017-11-01T18:59:39.000Z,0.00453,0xdeb58cbc9ef2397e780bd7045a5516c9b8e5d5f5,buy,0xf3db5fa2c66b7af3eb0c0b782510816cbe4813b8,0x6b4dba6e5c482e80db5f1e659d209e1572a33939db0802448f6651a09c961db6
45,50,0.208,0xb1b47b94ba36a2db487a405e3fcd3e708ca1b313,2017-11-01T18:07:17.000Z,0.00416,0x31c8a47c2b84ad46162316d1c82f6e226ab1a80b,sell,0xf3db5fa2c66b7af3eb0c0b782510816cbe4813b8,0x7c126ab71d93cbce20ecfd346ecb5a25f9463fe1db768a527a299093b4ff5e9d
46,597.5476,2.461896112,0x88afad68a8620a33a8fd756b6a73f26674396fa2,2017-11-01T15:52:02.000Z,0.00412,0x368674b5b7bd3ec1d97954d63ffdbc367166a3ae,sell,0xf3db5fa2c66b7af3eb0c0b782510816cbe4813b8,0xa66e36d2fa50fcce4d1c6b10e9733e36d217cfa7f19332d309446c6fc9c4e5d0
47,212.8332,0.9641346380670976,0x7dc04e2782f3bdbb4836ccb3e10d5a2b3541494b,2017-11-01T15:50:45.000Z,0.004530001137355909,0xdeb58cbc9ef2397e780bd7045a5516c9b8e5d5f5,buy,0xf3db5fa2c66b7af3eb0c0b782510816cbe4813b8,0xaa64f59f7470f307c6ec6a8156cd0b39d50084d5c34779f54f9193fc3a48a190
48,200,0.87,0xb1b47b94ba36a2db487a405e3fcd3e708ca1b313,2017-11-01T15:50:09.000Z,0.00435,0x368674b5b7bd3ec1d97954d63ffdbc367166a3ae,sell,0xf3db5fa2c66b7af3eb0c0b782510816cbe4813b8,0x73ff48be25ff69a422aa3a48899866a3d40096b027849699769720eee65701de
49,200,0.87,0xb1b47b94ba36a2db487a405e3fcd3e708ca1b313,2017-11-01T15:49:05.000Z,0.00435,0x368674b5b7bd3ec1d97954d63ffdbc367166a3ae,sell,0xf3db5fa2c66b7af3eb0c0b782510816cbe4813b8,0x73ff48be25ff69a422aa3a48899866a3d40096b027849699769720eee65701de
50,99.3788,0.531179686,0x7dc04e2782f3bdbb4836ccb3e10d5a2b3541494b,2017-11-01T15:38:08.000Z,0.005345,0xc9d56287b414e1aa0963016aa721b527f095fd9c,sell,0xf3db5fa2c66b7af3eb0c0b782510816cbe4813b8,0x39b48f8393c14e247f8ede49b805953ea7e3eed38394e9eca2c5c695b336105a
51,99.6769,0.451536357,0xc9d56287b414e1aa0963016aa721b527f095fd9c,2017-11-01T15:38:08.000Z,0.00453,0xdeb58cbc9ef2397e780bd7045a5516c9b8e5d5f5,buy,0xf3db5fa2c66b7af3eb0c0b782510816cbe4813b8,0x39b48f8393c14e247f8ede49b805953ea7e3eed38394e9eca2c5c695b336105a
52,228.9999,1.0992,0xf44072eda87ede9613b6ae1b812de8a60ade27a2,2017-11-01T15:36:46.000Z,0.0048000020960707835,0x99c92fd645ec759c573e83512e38fb1459f183f9,buy,0xf3db5fa2c66b7af3eb0c0b782510816cbe4813b8,0x934cc75895b4fdc94c0a924c053a8b015839e4ab23985a860e228086829690a1
53,228.313,1.220332985,0x7dc04e2782f3bdbb4836ccb3e10d5a2b3541494b,2017-11-01T15:36:46.000Z,0.005345,0xf44072eda87ede9613b6ae1b812de8a60ade27a2,sell,0xf3db5fa2c66b7af3eb0c0b782510816cbe4813b8,0x934cc75895b4fdc94c0a924c053a8b015839e4ab23985a860e228086829690a1
54,5,0.027,0xaa1355520d66fa39891fea4812e81bb21382d5df,2017-11-01T14:56:08.000Z,0.0054,0x14f100cdd464d61a6feeb66d6c1d18fdfd91214b,buy,0xf3db5fa2c66b7af3eb0c0b782510816cbe4813b8,0x4512cf20c17fd4a1e1227a29dac32503870ec74dfc04bd8dd8420827d7b39fbf
55,100,0.48,0x8a7bda8b25472ff30d4abdc403c5ccf03118a1ef,2017-11-01T14:56:08.000Z,0.0048,0x99c92fd645ec759c573e83512e38fb1459f183f9,buy,0xf3db5fa2c66b7af3eb0c0b782510816cbe4813b8,0xafa8b732a6a4cd9c96b04c1318fa5615115a2f044081123c0fa700c4c71c63a9
56,1374.401,7.408021396467999,0x422d7c1f2f04e7582163d1381a436516f4de3c2a,2017-11-01T13:21:17.000Z,0.005390000004706049,0xb9e1c70962a60ee3f83eb304f929ffd61fb5682b,buy,0xf3db5fa2c66b7af3eb0c0b782510816cbe4813b8,0x0cb0cfd6a94bde194b6b6f7dcbab5115d54eeba8d11e383ee6652f8b8fd62b98
57,1368.9253,9.9999993165,0x811cbfba8e63921faf7890cd434b9a72e44d9e0f,2017-11-01T13:21:17.000Z,0.007305,0x422d7c1f2f04e7582163d1381a436516f4de3c2a,sell,0xf3db5fa2c66b7af3eb0c0b782510816cbe4813b8,0x0cb0cfd6a94bde194b6b6f7dcbab5115d54eeba8d11e383ee6652f8b8fd62b98
58,29.8351,0.12829093,0x84dda43e60d99e95271033ac3aec717f60351197,2017-11-01T11:49:52.000Z,0.0043,0x3efd9b0bd8e4595bc494539aca584821950106ee,sell,0xf3db5fa2c66b7af3eb0c0b782510816cbe4813b8,0x153fe0a4e701dd33d70616d009a53b4b7abf2b8dee0803691cb5ea2590d3ad7f
59,29.9072,0.12112416,0x3efd9b0bd8e4595bc494539aca584821950106ee,2017-11-01T11:38:55.000Z,0.00405,0x5104efc872d45dba3a97bf02aebe240dfc283321,sell,0xf3db5fa2c66b7af3eb0c0b782510816cbe4813b8,0x16c4f47278c753256e5fa2091996155711153759c154219c7d6473dfe365f174
60,5.9479,0.028612432429,0xeaf4bdbe89e34ddaf61df73539a3c413561401e3,2017-11-01T10:56:55.000Z,0.00481051,0xced732ca92cb4f040239c4e8c85f14acbb5db000,sell,0xf3db5fa2c66b7af3eb0c0b782510816cbe4813b8,0x3602d968fa0660ed074f09dd41da9a5bee104838467417407a1ed451d46c1153
61,250,1.16767675,0xced732ca92cb4f040239c4e8c85f14acbb5db000,2017-11-01T10:43:53.000Z,0.004670707,0x739c5f6d73d483705a08f9a52c7cd61c7933573e,sell,0xf3db5fa2c66b7af3eb0c0b782510816cbe4813b8,0xfc06275edfe1c247e70acd7d22184d56782ac6f395789c7430778c0e8d719140
62,200,0.96,0x34eec67ff1ae5febe8b32f6aa73f581ef410f2dd,2017-11-01T10:43:29.000Z,0.0048,0x739c5f6d73d483705a08f9a52c7cd61c7933573e,sell,0xf3db5fa2c66b7af3eb0c0b782510816cbe4813b8,0xac4bb49e170969c359f5802b531c2d48692479fe8ec069f81143722cc23d65e1
63,172.1055,0.8261064,0xcc24d8fd93eadc300d08b0dfe6536897a81d06ea,2017-11-01T10:43:29.000Z,0.0048,0x739c5f6d73d483705a08f9a52c7cd61c7933573e,sell,0xf3db5fa2c66b7af3eb0c0b782510816cbe4813b8,0x9b7861e6641f4a9c178147969ff04349a895dabdce43104cee0794655dce6c89
64,227.8945,1.0938936,0xcc24d8fd93eadc300d08b0dfe6536897a81d06ea,2017-11-01T10:40:45.000Z,0.0048,0x23c09abbc301e4bd6396548f5f6005ab345afb7e,sell,0xf3db5fa2c66b7af3eb0c0b782510816cbe4813b8,0x04d7750abe1c32bb86c812633fb411e8f0bb65046b74420b2df3a02fe18ac38a
65,281,1.3517505,0x151dfe8e7fea348737ee9c5a5c0a816e79b14a07,2017-11-01T10:38:37.000Z,0.0048105,0x23c09abbc301e4bd6396548f5f6005ab345afb7e,sell,0xf3db5fa2c66b7af3eb0c0b782510816cbe4813b8,0x7bc4b62bd536643e6673919de131dbf965319dda817c825ccb0b14969eab2552
66,269,1.2940245,0x151dfe8e7fea348737ee9c5a5c0a816e79b14a07,2017-11-01T10:37:42.000Z,0.0048105,0x23c09abbc301e4bd6396548f5f6005ab345afb7e,sell,0xf3db5fa2c66b7af3eb0c0b782510816cbe4813b8,0x5f0102970b122e5fd4a7ccc08d9e2a2f0726e385ac63936fdd166a9a2c2722e0
67,230,1.15,0x91b1ed6014e935da294ccf3b8664eb30e96f7797,2017-11-01T10:37:28.000Z,0.005,0x23c09abbc301e4bd6396548f5f6005ab345afb7e,sell,0xf3db5fa2c66b7af3eb0c0b782510816cbe4813b8,0xcbb588666228e3a97100b99f52ababd9688bc5366b43c5eb32b7b32130890cc3
68,126.6668,0.60800064,0x29bc3e33b831b1b49feadd21ff05d8c30e228e98,2017-11-01T07:21:26.000Z,0.0048,0x0e7edae9594bb6aa1eeb587421020f19dcbc03a8,sell,0xf3db5fa2c66b7af3eb0c0b782510816cbe4813b8,0x2a69823fa82be1bcd5d931642ef8347cd0bb78c0982fbfb9f5d037df0d0b4c5b
69,206.7,1.134783,0x33ea5e5b84181ca923fd177bdb67c9d381444a1a,2017-11-01T06:04:59.000Z,0.00549,0x402a308b2494cff493a142fae98889ba6466bfa4,buy,0xf3db5fa2c66b7af3eb0c0b782510816cbe4813b8,0xca238cecbcdf0723ea2b9768d2a850e3c25998f96a0c35218473caccc19fe609
70,203.5376,1.017688,0xa717618b8d730d5d112821489ca9f76d4b91c038,2017-11-01T04:52:31.000Z,0.005,0x3efd9b0bd8e4595bc494539aca584821950106ee,sell,0xf3db5fa2c66b7af3eb0c0b782510816cbe4813b8,0x0823cacbf2a51bd352d5fd466e4b0334367138aa9520d51adfd74245868b1dfd
71,165,0.825,0xa717618b8d730d5d112821489ca9f76d4b91c038,2017-11-01T04:48:36.000Z,0.005,0x6b8f546926d84de6a9d25eafc153c5a4f04b3a05,sell,0xf3db5fa2c66b7af3eb0c0b782510816cbe4813b8,0x1c1005f8d51d338006f739b09de3cc7cc85ccf5f8d943136073e2fceaa7c5664
72,27.1565,0.1466451,0x3efd9b0bd8e4595bc494539aca584821950106ee,2017-11-01T04:46:56.000Z,0.0054,0x787e6870754cc306c1758db62dc6cd334ba76345,sell,0xf3db5fa2c66b7af3eb0c0b782510816cbe4813b8,0xdb4607cd4d1484519946eb3f1a5661e23fdb5c2683613b598d6e42f79eee5d0f
73,12.236,0.067298,0x3efd9b0bd8e4595bc494539aca584821950106ee,2017-11-01T04:45:50.000Z,0.0055,0x4f443799b90d2de4e5594f913a6f2801031d847a,sell,0xf3db5fa2c66b7af3eb0c0b782510816cbe4813b8,0x634fbfcf256599f0f629ab9ee2eeeb91c7cdf1034ac8c5c6a740764f6ca9eb09
74,146.5217,0.80586935,0x3efd9b0bd8e4595bc494539aca584821950106ee,2017-11-01T04:35:45.000Z,0.0055,0x4f443799b90d2de4e5594f913a6f2801031d847a,sell,0xf3db5fa2c66b7af3eb0c0b782510816cbe4813b8,0x37fc4d00754eb251590d4631b81e28f9c4dc2d9729f6121fa73bbb5ccee4eeaf
75,106.3337,0.511465097,0x402a308b2494cff493a142fae98889ba6466bfa4,2017-11-01T04:26:59.000Z,0.00481,0x6bc209be1dba2aa9b1ab642040581969d52fe9e2,sell,0xf3db5fa2c66b7af3eb0c0b782510816cbe4813b8,0x4a28dc6fe2a60dd596311cb3f64a3ea0a3f409d5db93e9349e8c0acb4bdd90b3
76,0.2668,0.001334,0x9d384fe998564e20926deb1f9bcafcc071cdd4e9,2017-11-01T04:26:04.000Z,0.005,0x6bc209be1dba2aa9b1ab642040581969d52fe9e2,sell,0xf3db5fa2c66b7af3eb0c0b782510816cbe4813b8,0x03c749f7c2eb667f391719222732bf98c547eeac9b6a29d34e16014721bd4c58
77,20,0.1,0xca0372418745d5499eb5bdc99fda28153cffd205,2017-11-01T04:25:52.000Z,0.005,0x6bc209be1dba2aa9b1ab642040581969d52fe9e2,sell,0xf3db5fa2c66b7af3eb0c0b782510816cbe4813b8,0x5aa4674dd1234c358c00384ffa91d65b3219fe365a91e4bfb08680f66bb052cb
78,3,0.0153,0xe3d0a0d0fcdab0f65f97c5e29b3d413e827ca3ce,2017-11-01T04:25:45.000Z,0.0051,0x6bc209be1dba2aa9b1ab642040581969d52fe9e2,sell,0xf3db5fa2c66b7af3eb0c0b782510816cbe4813b8,0xdecc590f593d01d5b8aac6fca0fb8e90be9289e9532ed775ae37601fae6d6d2b
79,9.484,0.052162284770882555,0xa87a6017687f5d7607a4dde37624fa8eec9b0d45,2017-11-01T03:22:06.000Z,0.005500030026453243,0x64340e540165af3f1a86ccf8548286e804400233,buy,0xf3db5fa2c66b7af3eb0c0b782510816cbe4813b8,0xb780c264690723ce2c2982fd88f0b8da380ad493bb114b8e55017d006bab1cb6
80,146.34,0.7335314451,0xb1d70e579dda889cc0350a846741ba8a2ba1837a,2017-11-01T02:45:02.000Z,0.005012515,0x3dee4a4e076e8d82859d241db0baf46f112cfa23,sell,0xf3db5fa2c66b7af3eb0c0b782510816cbe4813b8,0xbc79a8714c1a1612e9161032e84cb94c7d2567ea78ab423381139ac9e5d78bcb
81,33.5,0.17085,0x84dda43e60d99e95271033ac3aec717f60351197,2017-11-01T02:44:17.000Z,0.0051,0x3dee4a4e076e8d82859d241db0baf46f112cfa23,sell,0xf3db5fa2c66b7af3eb0c0b782510816cbe4813b8,0xd742dd758278bee609989c89575f4328d9f4af788cf6985b09a682e82d0ede1d
82,500,2.75,0x461bc134de6ec0abf30aa7fc2e34ae7fad9f79f2,2017-11-01T02:43:08.000Z,0.0055,0x64340e540165af3f1a86ccf8548286e804400233,buy,0xf3db5fa2c66b7af3eb0c0b782510816cbe4813b8,0xc54a65ab758b30f67fab1519d93ea1acc3d1496326052d8fd5f25b06843ad1d0
83,58.5,0.304044975,0x402a308b2494cff493a142fae98889ba6466bfa4,2017-11-01T02:34:41.000Z,0.00519735,0x0262a477c715770a4351cc338c1f84db43f7dfae,buy,0xf3db5fa2c66b7af3eb0c0b782510816cbe4813b8,0xac992e3640a1cbee0711001e95984c3f16095373b05146d62cfa7d92d03ca593
84,156.4998,0.79814898,0x84dda43e60d99e95271033ac3aec717f60351197,2017-11-01T02:33:37.000Z,0.0051,0x993297f85da44df0256721eb98f191f37be2847c,sell,0xf3db5fa2c66b7af3eb0c0b782510816cbe4813b8,0x28bc72f8ab3ddbae3b6b8344dc269ca60dd5803a791e96f90bd0cb31ede9a637
85,5,0.025625,0x0db5e7924d87d2ec27876882e7af911a58050dd1,2017-11-01T02:32:56.000Z,0.005125,0x993297f85da44df0256721eb98f191f37be2847c,sell,0xf3db5fa2c66b7af3eb0c0b782510816cbe4813b8,0x3ffac46aa53bd8eeb586537b77e67aaa1dec613e0d115c6989e3d812582a67b3
86,189.216,0.9484452,0x3dee4a4e076e8d82859d241db0baf46f112cfa23,2017-11-01T02:31:03.000Z,0.0050125,0x8319c9827527779a923d34b6eed52be63fad913b,sell,0xf3db5fa2c66b7af3eb0c0b782510816cbe4813b8,0xc4758c0c93b97d94ed70e37a8ee3cb29f6c14302f95a82f905d7db69c8a771d6
87,191.5,0.995292525,0xe28f4ff1394fd3058400e80d638982e2da55de31,2017-11-01T02:26:53.000Z,0.00519735,0x0262a477c715770a4351cc338c1f84db43f7dfae,buy,0xf3db5fa2c66b7af3eb0c0b782510816cbe4813b8,0x06fecdb30a1871f12364c24db27b45be7789aa749c3c2d0a12803c3f40ecca85
88,198.8425,1.01409675,0x84dda43e60d99e95271033ac3aec717f60351197,2017-11-01T01:11:05.000Z,0.0051,0x67a4ee63b519322a1d4148c8283a2de30578b42c,buy,0xf3db5fa2c66b7af3eb0c0b782510816cbe4813b8,0x24ea5de7d871a3b70c720b5291209899b072eb03608632d5f28f7c9d69b0e83f
89,5.5019,0.03081064,0x87070f1ddef4a3a60cd75af5ef801dc3d5879ce5,2017-11-01T00:48:22.000Z,0.0056,0x273a5d3e6721b9f5c1a6474f560c1334c63dda01,sell,0xf3db5fa2c66b7af3eb0c0b782510816cbe4813b8,0x49c505d0eec7daca1f0bab1e950fc8af281f7f977ef6ffee3ca79b68162fc441
90,5.5185,0.02814435,0x273a5d3e6721b9f5c1a6474f560c1334c63dda01,2017-11-01T00:48:22.000Z,0.0051,0x67a4ee63b519322a1d4148c8283a2de30578b42c,buy,0xf3db5fa2c66b7af3eb0c0b782510816cbe4813b8,0x49c505d0eec7daca1f0bab1e950fc8af281f7f977ef6ffee3ca79b68162fc441
91,0.5086,0.0015258,0x6291820dca6ff60a27ac7cd93d159f556bf5fe16,2017-11-01T00:00:56.000Z,0.003,0x6291820dca6ff60a27ac7cd93d159f556bf5fe16,sell,0xf3db5fa2c66b7af3eb0c0b782510816cbe4813b8,0xe8705036fdecaecc9a8c5e733b7d00ecea13ec52d68719f0745ab48e7e2c2968
92,298.0759,1.52018709,0xa717618b8d730d5d112821489ca9f76d4b91c038,2017-10-31T23:47:27.000Z,0.0051,0x989a9969899940f2b42e9201c18ea662b380cd3c,sell,0xf3db5fa2c66b7af3eb0c0b782510816cbe4813b8,0x8dc0add1cfd22d59ad13dd49982f404c24e279a04b7da914e4c914b89fd4ab22
93,5,0.0275,0x9b485580afbd33c1c6be4bf60fbfda447f769ce8,2017-10-31T23:44:45.000Z,0.0055,0x64340e540165af3f1a86ccf8548286e804400233,buy,0xf3db5fa2c66b7af3eb0c0b782510816cbe4813b8,0x7357f36767779e2ed52a750b8294bd4fa1a0d1df326516e3d7644e7dcd815dba
94,3,0.0165,0x9b485580afbd33c1c6be4bf60fbfda447f769ce8,2017-10-31T23:33:14.000Z,0.0055,0x64340e540165af3f1a86ccf8548286e804400233,buy,0xf3db5fa2c66b7af3eb0c0b782510816cbe4813b8,0x65669127bc7fac8a7c5f3b78eea004db190e72c8a802b33b28ec0bbcf784edf6
95,50.3,0.26156,0xf44072eda87ede9613b6ae1b812de8a60ade27a2,2017-10-31T22:50:13.000Z,0.0052,0xfd2c0e1948ae4726ea3ffb1b0abb828103b2788a,buy,0xf3db5fa2c66b7af3eb0c0b782510816cbe4813b8,0xa3565976b6e8e91843f72e607a1ac3e3082d0a6569e74d91729a5a4ecb3484bc
96,50.1491,0.265050029284,0x094733fd56e985686c3ce360e9821ea501d2dee9,2017-10-31T22:50:13.000Z,0.00528524,0xf44072eda87ede9613b6ae1b812de8a60ade27a2,sell,0xf3db5fa2c66b7af3eb0c0b782510816cbe4813b8,0xa3565976b6e8e91843f72e607a1ac3e3082d0a6569e74d91729a5a4ecb3484bc
97,60.4148,0.322917106,0x7dc04e2782f3bdbb4836ccb3e10d5a2b3541494b,2017-10-31T22:50:13.000Z,0.005345,0xf44072eda87ede9613b6ae1b812de8a60ade27a2,sell,0xf3db5fa2c66b7af3eb0c0b782510816cbe4813b8,0x000baedc286d84883416ab6ba96dbfefcbd89fa756bd8d9177457afc198eabde
98,60.5965,0.31510231999999994,0xf44072eda87ede9613b6ae1b812de8a60ade27a2,2017-10-31T22:50:13.000Z,0.005200008581353707,0xfd2c0e1948ae4726ea3ffb1b0abb828103b2788a,buy,0xf3db5fa2c66b7af3eb0c0b782510816cbe4813b8,0x000baedc286d84883416ab6ba96dbfefcbd89fa756bd8d9177457afc198eabde
99,55,0.3238884,0x0bd204d384cf7d4003aeda34c7c58fde7bf7f015,2017-10-31T22:34:35.000Z,0.00588888,0x7dc04e2782f3bdbb4836ccb3e10d5a2b3541494b,buy,0xf3db5fa2c66b7af3eb0c0b782510816cbe4813b8,0x25230bd1498955a92cb1e4dacfeb9da5d1208fd7ca50bff4704d14568c3284bd
100,513,2.8215,0x2eb10106bd53c82e70e98182cae2b2876bed5d5e,2017-10-31T21:45:06.000Z,0.0055,0x9b4edb7442118a99fcccec01625060bcfa335eb1,buy,0xf3db5fa2c66b7af3eb0c0b782510816cbe4813b8,0xd2c37fb993abdb5d649e39c18291b320b3c89e7cafafa4358060e757fa07fec6
101,0.0287,0.000172127850154994,0x72e3106a7ba687505587b5b8aaacd823cdca2659,2017-10-31T21:04:14.000Z,0.005997486068118258,0x7eb98ee0311710c93f42660bff73e0384eb4dd9d,buy,0xf3db5fa2c66b7af3eb0c0b782510816cbe4813b8,0xa0d1e8ce3d79ba4af5d73adb38798c1fb80414550b9db28e45a9ae859e9b87c4
102,288.2494,1.7266144649047426,0x72e3106a7ba687505587b5b8aaacd823cdca2659,2017-10-31T21:00:44.000Z,0.005990001938962379,0x7eb98ee0311710c93f42660bff73e0384eb4dd9d,buy,0xf3db5fa2c66b7af3eb0c0b782510816cbe4813b8,0xb27250e7e1819f6baade9b18cc30cd3e58bda6ca1b6bddb5873815e63fdc8e1b
103,1973,11.818264081,0x72e3106a7ba687505587b5b8aaacd823cdca2659,2017-10-31T20:59:59.000Z,0.005989997,0x64340e540165af3f1a86ccf8548286e804400233,buy,0xf3db5fa2c66b7af3eb0c0b782510816cbe4813b8,0x0d3267575193685ee7e687ee9826afa01db02924a7a3aeca78a54541bf8506e1
104,72,0.4247928,0x72e3106a7ba687505587b5b8aaacd823cdca2659,2017-10-31T20:59:43.000Z,0.0058999,0xad7c44bde6558a9b78986acdb0d2e23b0f63e8ab,buy,0xf3db5fa2c66b7af3eb0c0b782510816cbe4813b8,0xe13c7df04d8b3dead9ef48c0a8a20d5ef6473e278b048da05ab0a5c7bc696111
105,125.746,0.7419014,0x72e3106a7ba687505587b5b8aaacd823cdca2659,2017-10-31T20:59:43.000Z,0.0059,0x402a308b2494cff493a142fae98889ba6466bfa4,buy,0xf3db5fa2c66b7af3eb0c0b782510816cbe4813b8,0xd3b367e52f8a4b73803838e3faa7c271bbf1558f7a7d4e6be6b0d6d666b80c3f
106,1000,5.85,0x72e3106a7ba687505587b5b8aaacd823cdca2659,2017-10-31T20:59:24.000Z,0.00585,0xa717618b8d730d5d112821489ca9f76d4b91c038,buy,0xf3db5fa2c66b7af3eb0c0b782510816cbe4813b8,0x6005449fc410cb4979c4daf69b8a8e73f3ecccb77f83530956e941e15b86f82a
107,42.212,0.2448296,0x72e3106a7ba687505587b5b8aaacd823cdca2659,2017-10-31T20:59:06.000Z,0.0058,0xd5f542b4838181526a824716cf9a23aac9d4f8dd,buy,0xf3db5fa2c66b7af3eb0c0b782510816cbe4813b8,0x84ab85baab8d4792c2d65599951a97c316415b92eb2ea6b4706b55e47f05414d
108,125.746,0.72806934,0x72e3106a7ba687505587b5b8aaacd823cdca2659,2017-10-31T20:46:48.000Z,0.00579,0x402a308b2494cff493a142fae98889ba6466bfa4,buy,0xf3db5fa2c66b7af3eb0c0b782510816cbe4813b8,0xa87dec8de78ea358f3ad0409f33987f07b391b3b8f71b95531e3907079ce28a0
109,53,0.2915,0x72e3106a7ba687505587b5b8aaacd823cdca2659,2017-10-31T20:42:23.000Z,0.0055,0x6291820dca6ff60a27ac7cd93d159f556bf5fe16,buy,0xf3db5fa2c66b7af3eb0c0b782510816cbe4813b8,0xbd105e52dc957a5011fe2d68e141908b38d71fb82c9820462e95d2d5a20970c2
110,50,0.27,0x72e3106a7ba687505587b5b8aaacd823cdca2659,2017-10-31T20:41:49.000Z,0.0054,0x6291820dca6ff60a27ac7cd93d159f556bf5fe16,buy,0xf3db5fa2c66b7af3eb0c0b782510816cbe4813b8,0x689d2d88fb49f99253b4676c1263f4b1585fec721d396e50e054c698a6a71675
111,64,0.339200064,0x72e3106a7ba687505587b5b8aaacd823cdca2659,2017-10-31T20:40:43.000Z,0.005300001,0x6291820dca6ff60a27ac7cd93d159f556bf5fe16,buy,0xf3db5fa2c66b7af3eb0c0b782510816cbe4813b8,0xff2bc418a9dee488afe681e822f8f328be4f837051f8845d918f638e64221d50
112,100,0.5277,0x72e3106a7ba687505587b5b8aaacd823cdca2659,2017-10-31T20:40:37.000Z,0.005277,0xaa34321c9e8addf2ba4d703a98bf85943656a275,buy,0xf3db5fa2c66b7af3eb0c0b782510816cbe4813b8,0x6614b9655165e13255592ed839cb5d580f4c9e8613bbbbf2add8412293e3f71a
113,173.87,0.9128175,0x72e3106a7ba687505587b5b8aaacd823cdca2659,2017-10-31T20:38:34.000Z,0.00525,0x6291820dca6ff60a27ac7cd93d159f556bf5fe16,buy,0xf3db5fa2c66b7af3eb0c0b782510816cbe4813b8,0x454b397601b2e5d21f23a06a3ce0a48996970ee08228b2679a5547a37cfc4909
114,10,0.05249999,0x72e3106a7ba687505587b5b8aaacd823cdca2659,2017-10-31T20:38:23.000Z,0.005249999,0x787e6870754cc306c1758db62dc6cd334ba76345,buy,0xf3db5fa2c66b7af3eb0c0b782510816cbe4813b8,0x0301cdcdc815f8b7daa53a2fa674a68ef1822079f76fc52ea62be45df449ef66
115,126.1298,0.66218145,0xf44072eda87ede9613b6ae1b812de8a60ade27a2,2017-10-31T20:32:25.000Z,0.00525,0x6291820dca6ff60a27ac7cd93d159f556bf5fe16,buy,0xf3db5fa2c66b7af3eb0c0b782510816cbe4813b8,0xa4d838edfd854cd9ea8b082e6b6be268ff3f4b76b38b83bf43f75313b53879fd
116,125.7514,0.6722669844,0x402a308b2494cff493a142fae98889ba6466bfa4,2017-10-31T20:32:25.000Z,0.005346,0xf44072eda87ede9613b6ae1b812de8a60ade27a2,sell,0xf3db5fa2c66b7af3eb0c0b782510816cbe4813b8,0xa4d838edfd854cd9ea8b082e6b6be268ff3f4b76b38b83bf43f75313b53879fd
117,40,0.20999996,0x4fec61a00bbeac3f053e9482b7e8f28f0664da7d,2017-10-31T20:17:00.000Z,0.005249999,0x787e6870754cc306c1758db62dc6cd334ba76345,buy,0xf3db5fa2c66b7af3eb0c0b782510816cbe4813b8,0x5802203fe9367f88c04f7c5427d3e3cab61691e5df869cd6ce2c2ebae78e79e0
118,4.2368,0.0212370574464,0x64340e540165af3f1a86ccf8548286e804400233,2017-10-31T20:09:34.000Z,0.005012523,0x1e9f0880bd3bbd9cad5f4e012d474e80744512c6,sell,0xf3db5fa2c66b7af3eb0c0b782510816cbe4813b8,0x4b99d35ec226d51063652cb6c8e87da19402d554a5e9d0d8a730996f71559b48
119,1250,6.2656525,0xb830c3fd6bf97fcb7c3e086b3ea72458350ea20f,2017-10-31T20:09:02.000Z,0.005012522,0x1e9f0880bd3bbd9cad5f4e012d474e80744512c6,sell,0xf3db5fa2c66b7af3eb0c0b782510816cbe4813b8,0xaafbe0c6cb58790d9a2fd33a714def2117e49ce5a1636679cf687813e998a037
120,3,0.01575,0x30cb8d8c27bd45f4196a57a7b0ee760df05395fb,2017-10-31T20:06:36.000Z,0.00525,0x787e6870754cc306c1758db62dc6cd334ba76345,sell,0xf3db5fa2c66b7af3eb0c0b782510816cbe4813b8,0x74fdbe63df488f26c76122bdc5e260fcd062d50938622a873af591ef1081f136
121,0.595,0.003180275,0xc92fff2c767d307e1d1e926627835357b5e9f80b,2017-10-31T20:06:22.000Z,0.005345,0x787e6870754cc306c1758db62dc6cd334ba76345,sell,0xf3db5fa2c66b7af3eb0c0b782510816cbe4813b8,0xd3360338bc2accaed8a0450a241e6476e003829799752f06b25866c87c01dd6b
122,253.6599,1.2714740536485,0xb1d70e579dda889cc0350a846741ba8a2ba1837a,2017-10-31T19:35:36.000Z,0.005012515,0x9559d5f457238cb4f0ea1f7511c39a12da4bd82c,sell,0xf3db5fa2c66b7af3eb0c0b782510816cbe4813b8,0xb64d3bc34b67ccda96bdb5dc465b6c3bae754a56604cfa85943de9eca0e5a35e
123,10.9075,0.0578102011965479,0xa87a6017687f5d7607a4dde37624fa8eec9b0d45,2017-10-31T19:03:54.000Z,0.005300041365716058,0x787e6870754cc306c1758db62dc6cd334ba76345,buy,0xf3db5fa2c66b7af3eb0c0b782510816cbe4813b8,0xfcee17a593992210bd57c02c6bd9af4a7faa948d1d3dc204a16e6ee54fa77d80
124,198.4471,1.05176963,0xf44072eda87ede9613b6ae1b812de8a60ade27a2,2017-10-31T18:59:03.000Z,0.0053,0x9559d5f457238cb4f0ea1f7511c39a12da4bd82c,buy,0xf3db5fa2c66b7af3eb0c0b782510816cbe4813b8,0x6adeccfc1ebe21f1421230b8eba0fb93691cbba9b0987eea927d159a973e84d5
125,197.8517,1.0575173365,0xc92fff2c767d307e1d1e926627835357b5e9f80b,2017-10-31T18:59:03.000Z,0.005345,0xf44072eda87ede9613b6ae1b812de8a60ade27a2,sell,0xf3db5fa2c66b7af3eb0c0b782510816cbe4813b8,0x6adeccfc1ebe21f1421230b8eba0fb93691cbba9b0987eea927d159a973e84d5
126,38.8794,0.021772464,0x5098c145b864a56c524747705952a9fc689ab56d,2017-10-31T18:57:04.000Z,0.00056,0x033b45443888de6f2d4c28db004965d779ad4789,sell,0xf3db5fa2c66b7af3eb0c0b782510816cbe4813b8,0xef949c3e02478728ddec7636036801187576180c89ed6f65aecf77c62b04f537
127,80,0.4088,0x29bc3e33b831b1b49feadd21ff05d8c30e228e98,2017-10-31T17:53:30.000Z,0.00511,0xe99c29b1a29064a11099485b9b097980893e2d2d,buy,0xf3db5fa2c66b7af3eb0c0b782510816cbe4813b8,0x459cf5c7b20e57fe40b1cb6b4688412d663e94b0df3f1042f9a9094345a536a6
128,46.966,0.25103327,0x7dc04e2782f3bdbb4836ccb3e10d5a2b3541494b,2017-10-31T17:30:22.000Z,0.005345,0x9559d5f457238cb4f0ea1f7511c39a12da4bd82c,sell,0xf3db5fa2c66b7af3eb0c0b782510816cbe4813b8,0xaf88089f88cf844bf9148f6b67eeba3090901f8b4b2548fd314413c4b4ffe150
129,30.6765,0.1639658925,0x7dc04e2782f3bdbb4836ccb3e10d5a2b3541494b,2017-10-31T17:05:21.000Z,0.005345,0x18252de7ae25ff919a72de5b3ab0df8cf3ca4d80,sell,0xf3db5fa2c66b7af3eb0c0b782510816cbe4813b8,0xc8c5cc0fcb0ccd6a6e83cece3dafd0e07ac83a32c13f4d7dddf973b2851c7d24
130,39,0.2106,0xc734d8d26a3ae1ca436de155c55f06f11bf4a962,2017-10-31T16:35:08.000Z,0.0054,0x15f8e988924cf1593e8d19942508d62732d38898,sell,0xf3db5fa2c66b7af3eb0c0b782510816cbe4813b8,0x3d886744a9e22fdb76751aa651422a18871d3054623b90be0ef790253b114ff7
131,41.8702,0.2238380892,0x402a308b2494cff493a142fae98889ba6466bfa4,2017-10-31T16:31:53.000Z,0.005346,0x15f8e988924cf1593e8d19942508d62732d38898,sell,0xf3db5fa2c66b7af3eb0c0b782510816cbe4813b8,0x641f98011cd247aae6437b1672ccedc8113860b12cec7f76d3cd7ad8ac622b58
132,0.4605,0.002717356153952853,0xc92fff2c767d307e1d1e926627835357b5e9f80b,2017-10-31T15:50:07.000Z,0.005900881984696749,0x402a308b2494cff493a142fae98889ba6466bfa4,buy,0xf3db5fa2c66b7af3eb0c0b782510816cbe4813b8,0x423f6ad0a8aaed911eb1d83133334b3bf5f99a9970f8c54ea819bb21296d4758
133,126.2,0.65624,0x402a308b2494cff493a142fae98889ba6466bfa4,2017-10-31T15:00:21.000Z,0.0052,0x9eac09317133aa6a1855bb4360e42d4d59ea4997,sell,0xf3db5fa2c66b7af3eb0c0b782510816cbe4813b8,0x304f2cb9dea5c1391fc41632cc78462d1aad682ed1ff2263e2a4420669593795
134,18.2419,0.10033045,0x3efd9b0bd8e4595bc494539aca584821950106ee,2017-10-31T14:58:09.000Z,0.0055,0x9eac09317133aa6a1855bb4360e42d4d59ea4997,sell,0xf3db5fa2c66b7af3eb0c0b782510816cbe4813b8,0xa6f9a46e3a21a829f1db5a5a734fee700098cb4f9ad851fe3e023e24243eb041
135,16.073,0.087517485,0xc92fff2c767d307e1d1e926627835357b5e9f80b,2017-10-31T14:58:09.000Z,0.005445,0x9eac09317133aa6a1855bb4360e42d4d59ea4997,sell,0xf3db5fa2c66b7af3eb0c0b782510816cbe4813b8,0x28c90c43f7469a4277a3d7ada398351ce3ec7faa4d9eada80347315fb06be7bf
136,78.2509,0.4182510605,0x7dc04e2782f3bdbb4836ccb3e10d5a2b3541494b,2017-10-31T14:08:09.000Z,0.005345,0xe5bcaa208b04739bc463a9873dc57051997a705c,sell,0xf3db5fa2c66b7af3eb0c0b782510816cbe4813b8,0x6c55ce85ba3c33f485bc95c9d74016a11cb566d8ff38f3135c03fe1419b9c78f
137,100.417,0.546770565,0xc92fff2c767d307e1d1e926627835357b5e9f80b,2017-10-31T14:05:15.000Z,0.005445,0xa537d985a15358e5095fa653a184454c2f142544,sell,0xf3db5fa2c66b7af3eb0c0b782510816cbe4813b8,0xab5821c162bda94a4fec988c3c0bc5003da91b84d4fb8a3605004a2432fcd3a5
138,60,0.336,0x4e759787a63faa04762537edab307a9ce4ff934b,2017-10-31T13:44:33.000Z,0.0056,0x1d14006d1e9cf41ee2ddf0c274c0166d7b80db3e,sell,0xf3db5fa2c66b7af3eb0c0b782510816cbe4813b8,0x741482359aae88abfc087a74ef36504b85130deab37365c5a68e4f6180fc3cc3
139,39.3366,0.23562630521200661,0xe121cb63c3f6e80eb2600532d43ebbad54ddb61a,2017-10-31T13:34:05.000Z,0.005990001810324395,0x64340e540165af3f1a86ccf8548286e804400233,buy,0xf3db5fa2c66b7af3eb0c0b782510816cbe4813b8,0x9fea2ff19ca8411f157a3ceff4bcc6ed05c3e461861c2dee109947f5ca1eb5b6
140,29,0.173709971,0xe121cb63c3f6e80eb2600532d43ebbad54ddb61a,2017-10-31T13:19:18.000Z,0.005989999,0x0888114ed2323355f83e55f5335a5e424dc009aa,buy,0xf3db5fa2c66b7af3eb0c0b782510816cbe4813b8,0xfa6894a5a00b379063d5825b37714d9ace5788769984ac2ff3d8a422e7c049f6
141,158.509,0.863081505,0xc92fff2c767d307e1d1e926627835357b5e9f80b,2017-10-31T11:55:45.000Z,0.005445,0xcab71d365cfc3b927d50cfbca602f1082451a688,sell,0xf3db5fa2c66b7af3eb0c0b782510816cbe4813b8,0x41456d547ee40e3f09a66c160d1ac4837c8b3fa07c15f03e138549256b2ff203
142,148.6691,0.80950371037421,0xb830c3fd6bf97fcb7c3e086b3ea72458350ea20f,2017-10-31T11:02:29.000Z,0.0054450031,0x06811a2b589d9a80d20925ab683a32ef796b4648,sell,0xf3db5fa2c66b7af3eb0c0b782510816cbe4813b8,0x24c5a4e5e81dd2ddec32993bfecd40e053beab7d23a42276138ca670eec838c2
143,205,1.116225615,0x9c1530ea96ec915f021da0fe3f1b4bd614f36afc,2017-10-31T11:01:51.000Z,0.005445003,0x52b5051cde88424a5d244ac4d3f0e1027e5e53e6,sell,0xf3db5fa2c66b7af3eb0c0b782510816cbe4813b8,0x0f2259486632baef4ddbdb1cd18b9129db030a73e58d24f482d8869769552fee
144,400,2.1728,0x84dda43e60d99e95271033ac3aec717f60351197,2017-10-31T10:52:51.000Z,0.005432,0xe99c29b1a29064a11099485b9b097980893e2d2d,buy,0xf3db5fa2c66b7af3eb0c0b782510816cbe4813b8,0x41115a0d32429c3e7a942a5968a3f40bfaff0bd4932b09784ecca0a632bd8815
145,50.7608,0.30405742199182534,0x4f81ac7a6b7ce4e7eb916150d342680d670a2b01,2017-10-31T10:03:21.000Z,0.005990004530894417,0x7eb98ee0311710c93f42660bff73e0384eb4dd9d,buy,0xf3db5fa2c66b7af3eb0c0b782510816cbe4813b8,0x81770590ae28be61f37c0a3e7c5c8cc7d32fdb52bed25c65bf628ae61b9459c5
146,0.0008,0.000004356,0xc92fff2c767d307e1d1e926627835357b5e9f80b,2017-10-31T09:52:14.000Z,0.005445,0x009a12d4290630bc01fd82516ac57c1dc6a9bcfb,sell,0xf3db5fa2c66b7af3eb0c0b782510816cbe4813b8,0x47aafb8e3220ace8d979528622757d96bb0d459f205c41cc47aeaf3e03d5c97f
147,332.9305,1.9975831801462705,0x241f3fe431dc9d4169365d6a72a9c34257bbd3f1,2017-10-31T08:15:15.000Z,0.006000000541092722,0x3642337f3e5783803872921bbacf9f05b259c802,buy,0xf3db5fa2c66b7af3eb0c0b782510816cbe4813b8,0xebe5f2cfbf3d7b5593b28396d4a7f4d776c87da9a8e69b874759fb7f09448353
148,199.3819,1.0567242693819,0x9c1530ea96ec915f021da0fe3f1b4bd614f36afc,2017-10-31T07:45:22.000Z,0.005300001,0x527eee074b45bdc782075223df9d29aff1a64597,sell,0xf3db5fa2c66b7af3eb0c0b782510816cbe4813b8,0x7e904695572af3d0328130ab9086ebc39050ab055c1cebb07fb3da58aba32c49
149,0.005,0.3,0x7906253e56f343056f7161d9c7ace64e7828cb5d,2017-10-31T07:06:56.000Z,60,0x273a5d3e6721b9f5c1a6474f560c1334c63dda01,sell,0xf3db5fa2c66b7af3eb0c0b782510816cbe4813b8,0x41dd44cc2ae69f2d50a4f6a54531206504883ec9c354e7123c8ef56ba69746ca
150,11,0.066,0xaa1355520d66fa39891fea4812e81bb21382d5df,2017-10-31T06:39:46.000Z,0.006,0xe5bcaa208b04739bc463a9873dc57051997a705c,buy,0xf3db5fa2c66b7af3eb0c0b782510816cbe4813b8,0x3d27720802c4828de9866545e5f9d8dd2664f8a8f6acf01954bd0bab7f4ba051
151,199.997,1.06912596287,0x0e09ce475a58273cd3ad3494b7d34a295f4495b0,2017-10-31T06:16:18.000Z,0.00534571,0x3642337f3e5783803872921bbacf9f05b259c802,sell,0xf3db5fa2c66b7af3eb0c0b782510816cbe4813b8,0xfccfd3c406836f511e9e05fc6f1cc2f19352f1d1f24792f27efd9143d1e2bea7
152,0.0026,0.000013898846,0x0e09ce475a58273cd3ad3494b7d34a295f4495b0,2017-10-31T06:14:22.000Z,0.00534571,0x3642337f3e5783803872921bbacf9f05b259c802,sell,0xf3db5fa2c66b7af3eb0c0b782510816cbe4813b8,0x7e3b6bc7763e74d39a9dea26a00faa84bf1d729661e798b322fcf2c8c45ad89d
153,39.3083,0.23585015364352463,0x4b19cf91baa380024dbfc9303877b9e26010b6da,2017-10-31T05:47:06.000Z,0.00600000899666291,0xe5bcaa208b04739bc463a9873dc57051997a705c,buy,0xf3db5fa2c66b7af3eb0c0b782510816cbe4813b8,0x27c1620f504c9bbe5d2da7804ddd0bcb207f9163f9e465a3dfbedd40ebfc7d66
154,0.7507,0.00442913,0x4b19cf91baa380024dbfc9303877b9e26010b6da,2017-10-31T05:43:35.000Z,0.0059,0xb035fb02b50f47c95755f6e85935541d6e02b9fa,buy,0xf3db5fa2c66b7af3eb0c0b782510816cbe4813b8,0x61f1ea1b41adb3f8529dccbe67442a522f1df640f491620569f435a92b91fc80
155,5.995,0.03597,0x9d482aa44e48999975c59275ec646598e738516c,2017-10-31T05:37:00.000Z,0.006,0x5edf0ab528eeaae340b3be58ee4da57f75108726,buy,0xf3db5fa2c66b7af3eb0c0b782510816cbe4813b8,0x0213ee1df27641446f0d593b96f8460a4d2c79ecd24a6feeb2446c76724d515c
156,20,0.108,0xca0372418745d5499eb5bdc99fda28153cffd205,2017-10-31T05:13:18.000Z,0.0054,0xd2c0c1146009a1a2021b46c074bed3939dee3d87,sell,0xf3db5fa2c66b7af3eb0c0b782510816cbe4813b8,0xc3719e35c7950a41acf2707c532569eeb8d5d56f9c7cbb5b5c16f58118b7a5b2
157,769.7587,4.241370437,0x234c4ec2e5ef55d2f5d46b52abd9f9d4a56b4f52,2017-10-31T05:11:36.000Z,0.00551,0xd2c0c1146009a1a2021b46c074bed3939dee3d87,sell,0xf3db5fa2c66b7af3eb0c0b782510816cbe4813b8,0x9997e61ad4ed5025cfcb363c53f3f922b5cadaf882cf8935295023994055d5e7
158,1274.5045,7.0416386370045,0x64340e540165af3f1a86ccf8548286e804400233,2017-10-31T05:11:26.000Z,0.005525001,0xd2c0c1146009a1a2021b46c074bed3939dee3d87,sell,0xf3db5fa2c66b7af3eb0c0b782510816cbe4813b8,0x0cef168712f8ac839ef3228fb0db83156bb2b90b9658c6590f08f0e0f2507800
159,25.4955,0.1408626629955,0x64340e540165af3f1a86ccf8548286e804400233,2017-10-31T04:55:24.000Z,0.005525001,0x3642337f3e5783803872921bbacf9f05b259c802,sell,0xf3db5fa2c66b7af3eb0c0b782510816cbe4813b8,0x036282e2aa11faf55922e12dd01249a3bd2867b5bc3d45dbda06c62e547ee581
160,0.3,0.0018,0x094733fd56e985686c3ce360e9821ea501d2dee9,2017-10-31T04:45:00.000Z,0.006,0x3642337f3e5783803872921bbacf9f05b259c802,sell,0xf3db5fa2c66b7af3eb0c0b782510816cbe4813b8,0xb9de3c68510092ce48226fbd15cdba993d121c726751beddcbf9341db0033126
161,700,3.8675007,0x64340e540165af3f1a86ccf8548286e804400233,2017-10-31T04:43:25.000Z,0.005525001,0x3642337f3e5783803872921bbacf9f05b259c802,sell,0xf3db5fa2c66b7af3eb0c0b782510816cbe4813b8,0x192b0002fdf1cc6105706dbd5016e663ad1515167fc76466605686273c507a11
162,21,0.1176,0x87070f1ddef4a3a60cd75af5ef801dc3d5879ce5,2017-10-31T04:43:07.000Z,0.0056,0x3642337f3e5783803872921bbacf9f05b259c802,sell,0xf3db5fa2c66b7af3eb0c0b782510816cbe4813b8,0x6b889c3d832f911aa2f57d3198d23d03b5df9c9f30b08e03f47e828c8218e48f
163,0,0,0x094733fd56e985686c3ce360e9821ea501d2dee9,2017-10-31T04:23:25.000Z,NaN,0xe444a40689f51f63bcd29910622035707d533d29,sell,0xf3db5fa2c66b7af3eb0c0b782510816cbe4813b8,0xc9f0bc91cbda34d8bd483ee2e312285319f8c4fbfc66198c5126a33ac2ea8d0e
164,99.7,0.5982,0x094733fd56e985686c3ce360e9821ea501d2dee9,2017-10-31T04:15:22.000Z,0.006,0x273a5d3e6721b9f5c1a6474f560c1334c63dda01,sell,0xf3db5fa2c66b7af3eb0c0b782510816cbe4813b8,0x1177ba844dc1748c34b0a656567b22b9ca01b586eb74259226438b180b430b74
165,100,0.59,0x273a5d3e6721b9f5c1a6474f560c1334c63dda01,2017-10-31T04:15:22.000Z,0.0059,0x49512a2c0dbe50121ff2e831da472401caf0a4f5,buy,0xf3db5fa2c66b7af3eb0c0b782510816cbe4813b8,0x1177ba844dc1748c34b0a656567b22b9ca01b586eb74259226438b180b430b74
166,384.4815,2.1530964,0x87070f1ddef4a3a60cd75af5ef801dc3d5879ce5,2017-10-31T04:14:48.000Z,0.0056,0x3642337f3e5783803872921bbacf9f05b259c802,sell,0xf3db5fa2c66b7af3eb0c0b782510816cbe4813b8,0xf1ef9d6ba64e75bfc21599ce5afa5e73858fe7f60de4bfe0e80a98d6660185de
167,27.5,0.152075,0xc9c8e93d0a6e11aad06650e79ad535e8beeb9fb4,2017-10-31T04:12:40.000Z,0.00553,0x3642337f3e5783803872921bbacf9f05b259c802,sell,0xf3db5fa2c66b7af3eb0c0b782510816cbe4813b8,0xaa0f9c11a8d9c9ce7c87f691ae99a8859306c35d97ad3b45258c23bfdd9154d7
168,144.4367,0.79804923776675,0xced732ca92cb4f040239c4e8c85f14acbb5db000,2017-10-31T04:08:00.000Z,0.0055252525,0xf72ac3d5a79b1dff4d3d4a6a64cef0460a438699,sell,0xf3db5fa2c66b7af3eb0c0b782510816cbe4813b8,0x25a362ecff81f9537f33b3a77ea60932fe8b9439c437f84b574f0d724fe9d3b4
169,0.0106,0.0000585676765,0xced732ca92cb4f040239c4e8c85f14acbb5db000,2017-10-31T03:55:36.000Z,0.0055252525,0x9a02b19c33b1febf915cab8fa297c86c52f69443,sell,0xf3db5fa2c66b7af3eb0c0b782510816cbe4813b8,0xe8a30f17b23ac4044a01ce41b2ff7e668b50efa5c1a3fb1a99c4766acf0fcd13
170,105.5527,0.58320531955675,0xced732ca92cb4f040239c4e8c85f14acbb5db000,2017-10-31T03:54:41.000Z,0.0055252525,0x9a02b19c33b1febf915cab8fa297c86c52f69443,sell,0xf3db5fa2c66b7af3eb0c0b782510816cbe4813b8,0x8cbab4bb6446561a92d9c4f19c828d1592cdeb843153f4f407a52506898ff0c3
171,34.8918,0.19539408,0x743ab410b029a2a6b8914c80241db3fd60c2465d,2017-10-31T03:18:38.000Z,0.0056,0x5976e7bd770f74536039d9892d3beeccf6f4418c,sell,0xf3db5fa2c66b7af3eb0c0b782510816cbe4813b8,0xfb50544f5048243f4bce5846e7be2f6ffb42ca1588490c92f73f3b9acdc7e459
172,10,0.058,0x1a1b642876e2ad4352a2200687fee939f3f875dc,2017-10-31T01:35:18.000Z,0.0058,0x3642337f3e5783803872921bbacf9f05b259c802,sell,0xf3db5fa2c66b7af3eb0c0b782510816cbe4813b8,0x7a0f0f64eab2ad5e481e213d498e6086ff0ff401701ea04b3fca095d6bb4bd20
173,77.0186,0.44670788,0xfb6a263c3defa3252b05e28a734f3e966a859862,2017-10-31T01:34:37.000Z,0.0058,0x3642337f3e5783803872921bbacf9f05b259c802,sell,0xf3db5fa2c66b7af3eb0c0b782510816cbe4813b8,0xcd533bf28a40c3e939b51c5876a3449b766efeef5e7c5edd94686a374c340e45
174,5.9814,0.03469212,0xfb6a263c3defa3252b05e28a734f3e966a859862,2017-10-31T01:08:02.000Z,0.0058,0x0c592468326030edf2750b22c53c519db2920fa1,sell,0xf3db5fa2c66b7af3eb0c0b782510816cbe4813b8,0x18323d9e971e64195c5879b5574b6057c7bc30d1e2cd2d869394a67dca363993
175,73,0.450775,0x2bec82ce6d156b28989d25fccaaea1df5f3e0d16,2017-10-31T00:46:14.000Z,0.006175,0xeb73d8f2590f7929d82cc2f832f2c94ce4789fba,buy,0xf3db5fa2c66b7af3eb0c0b782510816cbe4813b8,0x6fefead92a08de5b2de6f779b0e6c95bc7ab0663670befcc1c068d6154507acb
176,57.3197,0.3439182013906205,0x2bec82ce6d156b28989d25fccaaea1df5f3e0d16,2017-10-31T00:44:05.000Z,0.006000000024260778,0x402a308b2494cff493a142fae98889ba6466bfa4,buy,0xf3db5fa2c66b7af3eb0c0b782510816cbe4813b8,0xf2b0f117a38965d78bc95e9f0fbea064144e10df79990fa31f5ed81e48f65159
177,0.0009,0.000005565440783258,0x2bec82ce6d156b28989d25fccaaea1df5f3e0d16,2017-10-31T00:41:18.000Z,0.006183823092508889,0x402a308b2494cff493a142fae98889ba6466bfa4,buy,0xf3db5fa2c66b7af3eb0c0b782510816cbe4813b8,0x905f018f1f559c3d7326b344c5d3f99fa12ca5b97eeb3f893b490e647279997e
178,0.02,0.000118,0x0c4085d8e714ca77ac5f46cd2b80a92d238a7cd3,2017-10-31T00:22:25.000Z,0.0059,0xb035fb02b50f47c95755f6e85935541d6e02b9fa,buy,0xf3db5fa2c66b7af3eb0c0b782510816cbe4813b8,0x46e7e815fe9a101cc4beaf7b11b4f6d42fffea97ef25046e9a1aa57b49382077
179,120,0.72,0x1d14006d1e9cf41ee2ddf0c274c0166d7b80db3e,2017-10-30T23:42:26.000Z,0.006,0x402a308b2494cff493a142fae98889ba6466bfa4,buy,0xf3db5fa2c66b7af3eb0c0b782510816cbe4813b8,0x8e1c410426597ac3f107fc082068237b074735e092d9abe3f72da034d32fe6f4
180,219.3093,1.3158562331685961,0x02175b8d1673ba861b1b97929d0aad5639cb8f69,2017-10-30T23:07:11.000Z,0.006000001975149235,0x402a308b2494cff493a142fae98889ba6466bfa4,buy,0xf3db5fa2c66b7af3eb0c0b782510816cbe4813b8,0x0354a71be7843dd21fed5211ccafbd638125db35264c967145de9974df84d7dc
181,161,0.905786,0x9eac09317133aa6a1855bb4360e42d4d59ea4997,2017-10-30T23:05:40.000Z,0.005626,0x1d1d215fa73293aa50bac6d603fbd3fe784129c8,sell,0xf3db5fa2c66b7af3eb0c0b782510816cbe4813b8,0xbbfa5a1923d1a3f627315501ce8642abc4f7c190ec3cefa47a060e53b93eb9a2
182,50.5923,0.283822803,0x402a308b2494cff493a142fae98889ba6466bfa4,2017-10-30T21:29:55.000Z,0.00561,0xea8c046cd9f2228e7dbd9e03fc79e141c945cca4,sell,0xf3db5fa2c66b7af3eb0c0b782510816cbe4813b8,0x2203237e4b1371a62b08434a858d7efe56bad60246043fb9d29eb2a36612fb6f
183,5,0.0265,0x273a5d3e6721b9f5c1a6474f560c1334c63dda01,2017-10-30T21:07:45.000Z,0.0053,0xd84c3a30b1c244b6b4ddd17b4cc1e6eaa03f4cb8,buy,0xf3db5fa2c66b7af3eb0c0b782510816cbe4813b8,0xcbb926bccd22e6eafb03429f7b95aacdf73e12bd5b4803e6511bcd8b75ed03e5
184,4.985,0.027916,0x743ab410b029a2a6b8914c80241db3fd60c2465d,2017-10-30T21:07:45.000Z,0.0056,0x273a5d3e6721b9f5c1a6474f560c1334c63dda01,sell,0xf3db5fa2c66b7af3eb0c0b782510816cbe4813b8,0xcbb926bccd22e6eafb03429f7b95aacdf73e12bd5b4803e6511bcd8b75ed03e5
185,93.274,0.55591304,0x2bea50d8bd88ceaf9b5dd519e8e7344e673239a8,2017-10-30T21:02:12.000Z,0.00596,0x3dfeca6a6ae26e6c37849f94759e72235ab325b5,buy,0xf3db5fa2c66b7af3eb0c0b782510816cbe4813b8,0xfc82dcefb3415c5a1ab968f989e9e83423cb0d1df59ec89ef3b01ce4affa7137
186,100,0.596,0x7d2a271531389dea0aea944c670f75e119a7a90e,2017-10-30T20:45:21.000Z,0.00596,0x3dfeca6a6ae26e6c37849f94759e72235ab325b5,buy,0xf3db5fa2c66b7af3eb0c0b782510816cbe4813b8,0x869ebcc19c8b7bdf7b8495db498cd2eba9e20021123af89ebe76e51e1e7d4c53
187,0.0163,0.000097198684079354,0x7d2a271531389dea0aea944c670f75e119a7a90e,2017-10-30T20:25:34.000Z,0.005963109452721104,0x3dfeca6a6ae26e6c37849f94759e72235ab325b5,buy,0xf3db5fa2c66b7af3eb0c0b782510816cbe4813b8,0x171393f9f7585ab2fcc4f777ecb7e72c31ab315a38b2b5fbb30cb11d75b63211
188,66.9066,0.39876383212042665,0x8ff3a0b7689f964774cf15faa82e639ebaa2cdff,2017-10-30T20:06:35.000Z,0.005960007415119386,0x3dfeca6a6ae26e6c37849f94759e72235ab325b5,buy,0xf3db5fa2c66b7af3eb0c0b782510816cbe4813b8,0x7448fe2b2e038e08b1e700d6b7b82985bd0514a7eb0699ec045c90f5e88c1688
189,58.8176,0.32937856,0x743ab410b029a2a6b8914c80241db3fd60c2465d,2017-10-30T20:04:35.000Z,0.0056,0xcf344de391e433652c711b34645d741b5a0b1de3,sell,0xf3db5fa2c66b7af3eb0c0b782510816cbe4813b8,0xdfb320539268b6be568a51a6ea99a35b59a90a8c7dbbcfbe5d2ffe31586e5d3b
190,30.8027,0.1835843831001429,0x53871c23523453988ebd6524fcb0ea29241ca4d2,2017-10-30T18:58:05.000Z,0.0059600094504748905,0x3dfeca6a6ae26e6c37849f94759e72235ab325b5,buy,0xf3db5fa2c66b7af3eb0c0b782510816cbe4813b8,0xc8a125ab626efff6756030507ca011bef69001b0128c8ccfaf3b9814c3070891
191,301.448,1.79964456,0x53871c23523453988ebd6524fcb0ea29241ca4d2,2017-10-30T18:55:06.000Z,0.00597,0x3a719853630f73b7d3527c36d515dd38245468c7,buy,0xf3db5fa2c66b7af3eb0c0b782510816cbe4813b8,0xc41fdb02dd49048926df35807eeac4e0febac7e4966f4d443efd2baf8dc4a352
192,140,0.8358,0x39b9a2552a7b912c887eb3285e347d33c2069e48,2017-10-30T18:39:28.000Z,0.00597,0x3a719853630f73b7d3527c36d515dd38245468c7,buy,0xf3db5fa2c66b7af3eb0c0b782510816cbe4813b8,0xe0d422b94954a1c26a9e3af871d81bf64673fde7ccf8946961ed4c6be447fc9b
193,19.7822,0.11810033099999999,0xd2ea382e498316d91b9de8557670149b479721a0,2017-10-30T18:29:40.000Z,0.0059700301786454486,0x3a719853630f73b7d3527c36d515dd38245468c7,buy,0xf3db5fa2c66b7af3eb0c0b782510816cbe4813b8,0x0dd948932bc4fc54536092f305a49e691085911227c8c35f6c3e159a3e93e2c5
194,19.7229,0.1294019469,0x0e7edae9594bb6aa1eeb587421020f19dcbc03a8,2017-10-30T18:29:40.000Z,0.006561,0xd2ea382e498316d91b9de8557670149b479721a0,sell,0xf3db5fa2c66b7af3eb0c0b782510816cbe4813b8,0x0dd948932bc4fc54536092f305a49e691085911227c8c35f6c3e159a3e93e2c5
195,200.2413,1.103329563,0x234c4ec2e5ef55d2f5d46b52abd9f9d4a56b4f52,2017-10-30T18:28:50.000Z,0.00551,0xc8538f3fbe263806c9cb0089f7a398e0e4e027f6,sell,0xf3db5fa2c66b7af3eb0c0b782510816cbe4813b8,0x0d48305cc9c3a84f5d5f1742d32b6161ce8f6a696489f7fe6d66bcb4103745b2
196,30.3087,0.18094309528585759,0xd445f61ebca3d6b4c57eef1f39fdab6595ef8972,2017-10-30T18:28:47.000Z,0.005970005156468524,0x3a719853630f73b7d3527c36d515dd38245468c7,buy,0xf3db5fa2c66b7af3eb0c0b782510816cbe4813b8,0x24bb01973e628645b365fdd44fe6b0e8883e09bcd77f5d493efd29c2b1e6b0ef
197,30.2177,0.1982583297,0x0e7edae9594bb6aa1eeb587421020f19dcbc03a8,2017-10-30T18:28:47.000Z,0.006561,0xd445f61ebca3d6b4c57eef1f39fdab6595ef8972,sell,0xf3db5fa2c66b7af3eb0c0b782510816cbe4813b8,0x24bb01973e628645b365fdd44fe6b0e8883e09bcd77f5d493efd29c2b1e6b0ef
198,4.9844,0.03389392,0x0e2fcafe0a0da19f14c57b875a96868e79977c47,2017-10-30T18:26:14.000Z,0.0068,0x273a5d3e6721b9f5c1a6474f560c1334c63dda01,sell,0xf3db5fa2c66b7af3eb0c0b782510816cbe4813b8,0xa209942ef8b50b0137d82593358bb630b315d20cd9e8b68174ace128d90667b1
199,4.9994,0.031371235,0x273a5d3e6721b9f5c1a6474f560c1334c63dda01,2017-10-30T18:26:14.000Z,0.006275,0xeb73d8f2590f7929d82cc2f832f2c94ce4789fba,buy,0xf3db5fa2c66b7af3eb0c0b782510816cbe4813b8,0xa209942ef8b50b0137d82593358bb630b315d20cd9e8b68174ace128d90667b1
200,90,0.522,0x02c6d6c7f8e3f7ebcf98765eea3e7636d63ad096,2017-10-30T18:16:49.000Z,0.0058,0x06811a2b589d9a80d20925ab683a32ef796b4648,sell,0xf3db5fa2c66b7af3eb0c0b782510816cbe4813b8,0xff1b0901224bde0db9f1c610f083ac2ca74d1b93e48d823877274e65e19421f9
201,10.9278,0.071139978,0xf733f85e3d347cad98316e839ef052452c06c027,2017-10-30T18:04:06.000Z,0.00651,0xc9d56287b414e1aa0963016aa721b527f095fd9c,sell,0xf3db5fa2c66b7af3eb0c0b782510816cbe4813b8,0x584b575cb5069195a0d3c2e20dcec536dcfb3a77cee7091e9b852bceaac2e078
202,10.9605,0.065434185,0xc9d56287b414e1aa0963016aa721b527f095fd9c,2017-10-30T18:04:06.000Z,0.0059700000000000005,0x3a719853630f73b7d3527c36d515dd38245468c7,buy,0xf3db5fa2c66b7af3eb0c0b782510816cbe4813b8,0x584b575cb5069195a0d3c2e20dcec536dcfb3a77cee7091e9b852bceaac2e078
203,29.445,0.17667,0x06811a2b589d9a80d20925ab683a32ef796b4648,2017-10-30T17:38:36.000Z,0.006,0x8b5347e12ece13475157b712ed601a7ec5962bb9,buy,0xf3db5fa2c66b7af3eb0c0b782510816cbe4813b8,0x33e85ba66592029dcd33d917d0803618a0b997110c4b05b718cdd7a2b850a2c1
204,75,0.471,0x06811a2b589d9a80d20925ab683a32ef796b4648,2017-10-30T17:32:15.000Z,0.00628,0x8b5347e12ece13475157b712ed601a7ec5962bb9,sell,0xf3db5fa2c66b7af3eb0c0b782510816cbe4813b8,0xa3a38754e7790fa87dd5bf2ca67ebd1a952b2379b17dc50f3e60a06e1eff9621
205,46,0.30268,0xdb71017debef24bb17a1f8ec918db077d69736e6,2017-10-30T17:23:43.000Z,0.00658,0x52b5051cde88424a5d244ac4d3f0e1027e5e53e6,buy,0xf3db5fa2c66b7af3eb0c0b782510816cbe4813b8,0x3b90e814c69899bff628211c45864fa4e025284f3ecf5728c09486e6f6222764
206,100,0.658,0x7d2a271531389dea0aea944c670f75e119a7a90e,2017-10-30T17:22:57.000Z,0.00658,0x52b5051cde88424a5d244ac4d3f0e1027e5e53e6,buy,0xf3db5fa2c66b7af3eb0c0b782510816cbe4813b8,0x749a309fb3e5c9522670ad13829bfc2e74e1ce3a1a80f87b12134ad42e3d1182
207,110,0.660011,0x60143b6b44b8a04723fa4848f5b68310044fb176,2017-10-30T17:22:10.000Z,0.0060001,0x8b5347e12ece13475157b712ed601a7ec5962bb9,sell,0xf3db5fa2c66b7af3eb0c0b782510816cbe4813b8,0xa40b7e3cebf8168d78860bdc388ea5f6de1475c88ccab34f17a176b98129cdd5
208,500,3.285,0x7d2a271531389dea0aea944c670f75e119a7a90e,2017-10-30T17:21:17.000Z,0.00657,0x44525d0e03fedd63445fa53c9aed398ce9df5f06,buy,0xf3db5fa2c66b7af3eb0c0b782510816cbe4813b8,0x817063a884954132d733705eccf22fd624d10abeefb5cc069024cd9f3ba7a72b
209,143.1899,0.862003198,0x1b7688a79d07be5b3d03cfc59983c0d3ddf54de3,2017-10-30T17:20:45.000Z,0.00602,0x6ca323ab76aa6d0c7406520f49795470662e9c84,sell,0xf3db5fa2c66b7af3eb0c0b782510816cbe4813b8,0x7c196cbb5da82277a93049f068eb2242aa3363c1dde80aa489a01279c072546c
210,4600,27.69246,0x739c5f6d73d483705a08f9a52c7cd61c7933573e,2017-10-30T17:19:33.000Z,0.0060201,0x6ca323ab76aa6d0c7406520f49795470662e9c84,sell,0xf3db5fa2c66b7af3eb0c0b782510816cbe4813b8,0xef750fdeec9ca847723a70c19db61a004b36996486f2d95aa7a52eb1820f0105
211,245,1.512875,0xeb73d8f2590f7929d82cc2f832f2c94ce4789fba,2017-10-30T17:18:49.000Z,0.006175,0x6ca323ab76aa6d0c7406520f49795470662e9c84,sell,0xf3db5fa2c66b7af3eb0c0b782510816cbe4813b8,0xb5ab74452f7d0fafd8fbb1df396d88c990317c9b4f9e29510305f8c004641aee
212,5,0.030875,0xeb73d8f2590f7929d82cc2f832f2c94ce4789fba,2017-10-30T16:56:13.000Z,0.006175,0x9d384fe998564e20926deb1f9bcafcc071cdd4e9,sell,0xf3db5fa2c66b7af3eb0c0b782510816cbe4813b8,0xe1c7018131709e3fde06dd3f8864749054f1108cb03bb5c3b5240365fbb20cc4
213,2000,12.66666,0x98b8f889dbe2b5c4c5879f65e13b24012f2afdce,2017-10-30T16:24:10.000Z,0.00633333,0xd2c0c1146009a1a2021b46c074bed3939dee3d87,sell,0xf3db5fa2c66b7af3eb0c0b782510816cbe4813b8,0xcbbfb8dffcf042e9508961a178af2853edfd2fa4153bbaafd3aeeefa14f214af
214,346,2.21786,0x402a308b2494cff493a142fae98889ba6466bfa4,2017-10-30T16:23:51.000Z,0.00641,0xd2c0c1146009a1a2021b46c074bed3939dee3d87,sell,0xf3db5fa2c66b7af3eb0c0b782510816cbe4813b8,0xb90e3ddd0a745a706fe71f102a62d3c5f87ae03adb18edae1b4b8dc5c8ac7733
215,200,1.284,0xaccba48528d5d958f452ac0acec373dda8174612,2017-10-30T16:22:58.000Z,0.00642,0xd2c0c1146009a1a2021b46c074bed3939dee3d87,sell,0xf3db5fa2c66b7af3eb0c0b782510816cbe4813b8,0xdb43a5e9fd47817eca558bd747dbd81bb0d0df4c9552847321327e2569e9f12b
216,15,0.09705,0x2ff473cedd0adf74a946a9d28e16c1f4ce8db06c,2017-10-30T16:22:35.000Z,0.00647,0xd2c0c1146009a1a2021b46c074bed3939dee3d87,sell,0xf3db5fa2c66b7af3eb0c0b782510816cbe4813b8,0x4a39781f68878b5e6ede9bc5269f92c13ef9daa2f999a84e0956740f402c48fa
217,300,1.935,0x39b9a2552a7b912c887eb3285e347d33c2069e48,2017-10-30T16:22:35.000Z,0.00645,0xd2c0c1146009a1a2021b46c074bed3939dee3d87,sell,0xf3db5fa2c66b7af3eb0c0b782510816cbe4813b8,0x9e27af9fb5a7c7c2f24e88f78b35e2a70c377d3e03cd04a9a1499827899c08f4
218,0.8619,0.005610969,0xf733f85e3d347cad98316e839ef052452c06c027,2017-10-30T16:22:23.000Z,0.00651,0xd2c0c1146009a1a2021b46c074bed3939dee3d87,sell,0xf3db5fa2c66b7af3eb0c0b782510816cbe4813b8,0xfe97926bd16b5e89ad393b0a7f5da63e98caf4c8a3eb37307f0db8e38d154790
219,337.429,2.213534577429,0x14de556c374f1f3ad91c13641bd59ac6e016a45a,2017-10-30T16:13:43.000Z,0.006560001,0x1d1d215fa73293aa50bac6d603fbd3fe784129c8,sell,0xf3db5fa2c66b7af3eb0c0b782510816cbe4813b8,0x12f317fe36c2f4d2dd63f435dbdc2f233b76c5feef67a5b5583f23db642fbe5e
220,123.498,0.810147003498,0x14de556c374f1f3ad91c13641bd59ac6e016a45a,2017-10-30T16:11:22.000Z,0.006560001,0x3efd9b0bd8e4595bc494539aca584821950106ee,sell,0xf3db5fa2c66b7af3eb0c0b782510816cbe4813b8,0xe5799288f2cf4834a3a670816831a463f689551ef75be390b2d2e5d8a88c071f
221,95,0.6251,0xe5a0f0b527a9bcd42cad0027b99e162088b7f240,2017-10-30T15:58:01.000Z,0.00658,0x52b5051cde88424a5d244ac4d3f0e1027e5e53e6,buy,0xf3db5fa2c66b7af3eb0c0b782510816cbe4813b8,0xa569a0a0ece550b1b9a8f1f2af6101de7f1c55c27ed99387c693dc7e384f6e74
222,13.5537,0.1016532906713374,0x097123e6dd4a124f11b4522f641f75494e85836d,2017-10-30T15:00:07.000Z,0.0075000398910509605,0x6bea560dba5ff41882c90eb7cde5afb489fe270b,buy,0xf3db5fa2c66b7af3eb0c0b782510816cbe4813b8,0xf4a796e782c01c2c2030cc657ef8f22d706a26f36de397168e03f6b654bb0d34
223,299.0728,1.9619178670728,0x14de556c374f1f3ad91c13641bd59ac6e016a45a,2017-10-30T14:30:16.000Z,0.006560001,0xa742f56680ab2fd52e5885492bb634df7a1d6016,sell,0xf3db5fa2c66b7af3eb0c0b782510816cbe4813b8,0xa921350863cf3609f2228d3176ffe19e3f6ba314dfaeb0545c10294516b1890c
224,0.0207,0.000135792207,0x3efd9b0bd8e4595bc494539aca584821950106ee,2017-10-30T14:21:36.000Z,0.00656001,0x6f9fcac7ac5e87ec747d47e81a42e8ca6b73e95a,sell,0xf3db5fa2c66b7af3eb0c0b782510816cbe4813b8,0x0069e8b47559675e4c3747fbfc33e56cb3890b046d8bab2841d763c2026287b7
225,207.1203,1.35872988003,0xeb73d8f2590f7929d82cc2f832f2c94ce4789fba,2017-10-30T14:07:49.000Z,0.0065601,0x6f9fcac7ac5e87ec747d47e81a42e8ca6b73e95a,sell,0xf3db5fa2c66b7af3eb0c0b782510816cbe4813b8,0x7282f8803945b7acb39ecb39a91334559027c8ece0091e2da7e82d9a8701b8f4
226,7.57,0.0496592,0xeb73d8f2590f7929d82cc2f832f2c94ce4789fba,2017-10-30T13:41:52.000Z,0.00656,0x9eac09317133aa6a1855bb4360e42d4d59ea4997,sell,0xf3db5fa2c66b7af3eb0c0b782510816cbe4813b8,0xc860565d769f1a3aa4b3b3fcc543c8ae79e8bbbe28faec86d62b4f39835c4a77
227,50,0.33,0x0e7edae9594bb6aa1eeb587421020f19dcbc03a8,2017-10-30T13:32:58.000Z,0.0066,0x9eac09317133aa6a1855bb4360e42d4d59ea4997,sell,0xf3db5fa2c66b7af3eb0c0b782510816cbe4813b8,0x45c3cd8e25470bd18ceed584f53f30802d5ddd778f335e5f476771031f4c0635
228,10,0.066,0xe5a0f0b527a9bcd42cad0027b99e162088b7f240,2017-10-30T13:27:10.000Z,0.0066,0x210a713d9463a392618257acddb3c618c0416622,buy,0xf3db5fa2c66b7af3eb0c0b782510816cbe4813b8,0x5f5951c70bf38ee69c9fcded1dc20632b9d46a7ac164b51df46a524752123f6b
229,20.433,0.137922790866,0xd81b0566f1fc9fd4f6bf1c1648442f81bb62d5cd,2017-10-30T13:20:29.000Z,0.006750002,0x9eac09317133aa6a1855bb4360e42d4d59ea4997,sell,0xf3db5fa2c66b7af3eb0c0b782510816cbe4813b8,0x1de24f33dbfe5380bb480e18f8e7d3824e8fac8bfb108268194833814786a2a9
230,48.5,0.32982425,0xa94d6b1d5490e6fb81bab80ad18e99ef6162c159,2017-10-30T13:20:29.000Z,0.0068005,0x9eac09317133aa6a1855bb4360e42d4d59ea4997,sell,0xf3db5fa2c66b7af3eb0c0b782510816cbe4813b8,0xe8579356fe065148f4b1c77c60e9e7fca3818a4748684117268f45ffa17fdf55
231,33,0.2244,0x88b4308dcbf2984987380ec83cf1b8f72cc8c8f3,2017-10-30T13:20:29.000Z,0.0068,0x9eac09317133aa6a1855bb4360e42d4d59ea4997,sell,0xf3db5fa2c66b7af3eb0c0b782510816cbe4813b8,0xe6d26c5a928f5b91a1179690473ade0785c6bcf6c3f5d405cfd9f65f1a668000
232,8.2,0.0614179918,0xd75aa014e40af06a31937bd2e2f7a82f3dfc5c2e,2017-10-30T12:30:30.000Z,0.007489999,0x787e6870754cc306c1758db62dc6cd334ba76345,buy,0xf3db5fa2c66b7af3eb0c0b782510816cbe4813b8,0x0b35daf8a7e1cd2b522a92dd09ce2288f40a18f16c00ab191b9962a6cd49ceb3
233,150,1.124999985,0x5fda273343324e1ed600622eb6d1ea1a33462782,2017-10-30T10:57:58.000Z,0.0074999999,0xc17ca27bb6b49e75ce1d1a18c0fcb59c6df21a05,buy,0xf3db5fa2c66b7af3eb0c0b782510816cbe4813b8,0x41811d84dddd3c82878ce0865254f6357493b30047f5d5e2c0c7660795169606
234,29.5665,0.199573934133,0xd81b0566f1fc9fd4f6bf1c1648442f81bb62d5cd,2017-10-30T10:57:03.000Z,0.006750002,0x8d271b7dee29678ddbb3669c8a3f15f0a3713b9a,sell,0xf3db5fa2c66b7af3eb0c0b782510816cbe4813b8,0xc686c7d81718f0d121496c08047836ed8b34c1631da8d24576e43a4713632783
235,30,0.222,0x5fda273343324e1ed600622eb6d1ea1a33462782,2017-10-30T10:56:30.000Z,0.0074,0x88b4308dcbf2984987380ec83cf1b8f72cc8c8f3,buy,0xf3db5fa2c66b7af3eb0c0b782510816cbe4813b8,0x856c63ae46d9230d9d609d35192102deb150fbf6be3ac9161671b1ee596d8fdd
236,71.52,0.4876584048,0x5fda273343324e1ed600622eb6d1ea1a33462782,2017-10-30T10:56:30.000Z,0.00681849,0x65f403f5ce12908bfa7d8089f54f097e8b686fae,buy,0xf3db5fa2c66b7af3eb0c0b782510816cbe4813b8,0xfa48ba4a7f26492e090d346236a8cde860c5ef3c7cc19aabdf3fc301abbd2ef0
237,158.55,1.10525205,0x5fda273343324e1ed600622eb6d1ea1a33462782,2017-10-30T10:56:30.000Z,0.006971,0x73255d98f7ac75beb5397febd37db3b3650d8156,buy,0xf3db5fa2c66b7af3eb0c0b782510816cbe4813b8,0xb3891c0b7cc3812b443ce9be0bce288af5f0d5b8c9ebd91232dfa918d4467797
238,60.037,0.405249810037,0x787e6870754cc306c1758db62dc6cd334ba76345,2017-10-30T10:53:50.000Z,0.006750001,0x8d271b7dee29678ddbb3669c8a3f15f0a3713b9a,sell,0xf3db5fa2c66b7af3eb0c0b782510816cbe4813b8,0x35bfa81a70cafab0d05621a1d994582dd215a8be4ce01deb0d6764be846b2a2d
239,127,0.86995,0x52a11f06a30cbb704abbd069a93fdf6d853fc3c5,2017-10-30T10:29:04.000Z,0.00685,0x8d271b7dee29678ddbb3669c8a3f15f0a3713b9a,buy,0xf3db5fa2c66b7af3eb0c0b782510816cbe4813b8,0xbe075d2ed917fa17f7c333ae2ab5a299c74514626802bc1d2119bc2db062832c
240,0.009,0.000060750009,0x787e6870754cc306c1758db62dc6cd334ba76345,2017-10-30T10:28:56.000Z,0.006750001,0xabbff179b926e6f24f9d636a4b48b5453fdf3b69,sell,0xf3db5fa2c66b7af3eb0c0b782510816cbe4813b8,0x1643befbc163f9235fa5d83aa02ac145294efca935fe74f2e2df2dbbe1a70af5
241,14.9536,0.1009368149536,0x787e6870754cc306c1758db62dc6cd334ba76345,2017-10-30T10:26:08.000Z,0.006750001,0xcd03e8b9dcbfb3100de5b01d5bf6fd499a12bac4,sell,0xf3db5fa2c66b7af3eb0c0b782510816cbe4813b8,0xbe664a557e85c1dceb4efc41e826e492288244edbc2d0a403400e01e94e4430b
242,145.0006,0.98600408,0x0e2fcafe0a0da19f14c57b875a96868e79977c47,2017-10-30T10:16:07.000Z,0.0068,0x8d271b7dee29678ddbb3669c8a3f15f0a3713b9a,sell,0xf3db5fa2c66b7af3eb0c0b782510816cbe4813b8,0x47c51240f37df53d859c4baae3345c379bb369a2b0ed0915067e97d3cf98e1e1
243,46.151,0.3152159451,0x22cf4ad9fa9fc9a590b1455d7d757957bf8a268b,2017-10-30T10:15:51.000Z,0.0068301,0x8d271b7dee29678ddbb3669c8a3f15f0a3713b9a,sell,0xf3db5fa2c66b7af3eb0c0b782510816cbe4813b8,0xb77d54261c783c4bdfdb16d26286ed2fef40fdf2c6707c74ab0e8f084ecf4259
244,295.2464,2.01656243664,0x22cf4ad9fa9fc9a590b1455d7d757957bf8a268b,2017-10-30T10:07:45.000Z,0.0068301,0x84dda43e60d99e95271033ac3aec717f60351197,sell,0xf3db5fa2c66b7af3eb0c0b782510816cbe4813b8,0x9216ab8549c97d95c79b3a47dcd87e99d73e28f248075e0b3bac18ff2cf6596a
245,60,0.411,0x0e2fcafe0a0da19f14c57b875a96868e79977c47,2017-10-30T09:55:16.000Z,0.00685,0x84dda43e60d99e95271033ac3aec717f60351197,sell,0xf3db5fa2c66b7af3eb0c0b782510816cbe4813b8,0x8d4e3b42507e84d4a537af21e88edaf357dce8065fdf6aca40106bce93a43eb2
246,126.2755,0.8676389605,0x61273d3742394492727a734039786e04d6015e6f,2017-10-30T09:52:46.000Z,0.006871,0x84dda43e60d99e95271033ac3aec717f60351197,sell,0xf3db5fa2c66b7af3eb0c0b782510816cbe4813b8,0xaa32776a9385e811620dd9ee293d4efc8ffff7f0272377a8b572b79270fce68f
247,96.9245,0.6659682395,0x61273d3742394492727a734039786e04d6015e6f,2017-10-30T09:51:51.000Z,0.006871,0x8d271b7dee29678ddbb3669c8a3f15f0a3713b9a,sell,0xf3db5fa2c66b7af3eb0c0b782510816cbe4813b8,0xd99c79c3458dba29253d60436cee055eb36ad45bcf0bc3c130155a8ae3096caf
248,32,0.224,0x88b4308dcbf2984987380ec83cf1b8f72cc8c8f3,2017-10-30T09:41:16.000Z,0.007,0x8d271b7dee29678ddbb3669c8a3f15f0a3713b9a,sell,0xf3db5fa2c66b7af3eb0c0b782510816cbe4813b8,0x43ae92641e2093ae0731654d79f3a24fadfcacb6108b2a6cfc150e9b5e1c7ce2
249,71.52,0.5000013264,0x65f403f5ce12908bfa7d8089f54f097e8b686fae,2017-10-30T09:39:09.000Z,0.00699107,0x3642337f3e5783803872921bbacf9f05b259c802,sell,0xf3db5fa2c66b7af3eb0c0b782510816cbe4813b8,0xcc83ee267d42ded34668c3a8023ddc3869e340b52844af75eff0605f905a99fc
250,597.8965,4.145939889265,0x5fda273343324e1ed600622eb6d1ea1a33462782,2017-10-30T09:37:14.000Z,0.00693421,0x73255d98f7ac75beb5397febd37db3b3650d8156,sell,0xf3db5fa2c66b7af3eb0c0b782510816cbe4813b8,0xd2ff8c2c993f93786bed6c070e2ffc97fabdc340c3ab23a0ac3a031d43078070
251,5.5299,0.03926229,0xe5a0f0b527a9bcd42cad0027b99e162088b7f240,2017-10-30T08:34:42.000Z,0.0071,0x9af723cdc53e63f40881631bd588df2833893246,buy,0xf3db5fa2c66b7af3eb0c0b782510816cbe4813b8,0x441f479a03f0ee86258c8f3f879c2b28f539bf28fac0e5e4e0d9054b80e870c6
252,29.843,0.21067695693,0x0e2fcafe0a0da19f14c57b875a96868e79977c47,2017-10-30T08:29:32.000Z,0.00705951,0x65f403f5ce12908bfa7d8089f54f097e8b686fae,buy,0xf3db5fa2c66b7af3eb0c0b782510816cbe4813b8,0x7d0e557c7986871fc56a0fffe15f1074a4671890af7c58c97a9edc1db444c035
253,30,0.213,0x0e2fcafe0a0da19f14c57b875a96868e79977c47,2017-10-30T08:29:32.000Z,0.0071,0xd81b0566f1fc9fd4f6bf1c1648442f81bb62d5cd,buy,0xf3db5fa2c66b7af3eb0c0b782510816cbe4813b8,0x2a8927f80faad93696b2243144e9bf2076a00e8569e0b55b6385e0993428380d
254,69.454,0.4931233930546,0x0e2fcafe0a0da19f14c57b875a96868e79977c47,2017-10-30T08:29:18.000Z,0.0070999999,0xc17ca27bb6b49e75ce1d1a18c0fcb59c6df21a05,buy,0xf3db5fa2c66b7af3eb0c0b782510816cbe4813b8,0x21a99276d7186226aa2d38b7e9493fd261bafa844a1e74eadb53a65d3ba52c4e
255,100,0.709,0x0e2fcafe0a0da19f14c57b875a96868e79977c47,2017-10-30T08:29:06.000Z,0.00709,0x8476c9f9dd2b2337b1957c92e45880a9593d1688,buy,0xf3db5fa2c66b7af3eb0c0b782510816cbe4813b8,0xef50366424a4708e2becdb2b01f5139359c4d34d48f0a0881d042329a3972748
256,39.1469,0.27510936852301465,0xa87a6017687f5d7607a4dde37624fa8eec9b0d45,2017-10-30T08:09:01.000Z,0.007027615686632011,0x65f403f5ce12908bfa7d8089f54f097e8b686fae,buy,0xf3db5fa2c66b7af3eb0c0b782510816cbe4813b8,0x0d9bb22728d90523194b97cd2c9de9ed189039ce677d72a654099139e914b2e1
257,38,0.266,0xe5a0f0b527a9bcd42cad0027b99e162088b7f240,2017-10-30T07:54:44.000Z,0.007,0xb5e9f4b05da563fee600bfd4fd35b8bb22961916,buy,0xf3db5fa2c66b7af3eb0c0b782510816cbe4813b8,0x08e905c06c40a14adbd65a1888d26e10ee85f60c754ce67333e8f2a28d150758
258,17.9443,0.1169071145,0x0e2fcafe0a0da19f14c57b875a96868e79977c47,2017-10-30T07:48:42.000Z,0.006515,0x3e43b4e95d6e2c8bff378b6726ec513edaf42549,sell,0xf3db5fa2c66b7af3eb0c0b782510816cbe4813b8,0xae8ae056d9b416bfd18468cc332cf2605630207572e4ce519b547829f1ee50b9
259,6.9783,0.0454636245,0x0e2fcafe0a0da19f14c57b875a96868e79977c47,2017-10-30T07:22:43.000Z,0.006515,0xa3406b9ef2aab95b0f2431982fefdc0de4662313,sell,0xf3db5fa2c66b7af3eb0c0b782510816cbe4813b8,0x4f65f4dd4fb84041a6b610ce940c3a2c8def2dc9758f406707f40c6349bc8480
260,70,0.455175,0xeb73d8f2590f7929d82cc2f832f2c94ce4789fba,2017-10-30T06:58:03.000Z,0.0065025,0x6ee3c78a15071bfca6acd1d71f8567625118d1ff,sell,0xf3db5fa2c66b7af3eb0c0b782510816cbe4813b8,0xfcbb69c645a71becc84803510153871b3aa2e9cffaf055713bf174618d5aa6d2
261,0.658,0.00441518,0x06811a2b589d9a80d20925ab683a32ef796b4648,2017-10-30T06:22:34.000Z,0.00671,0x52a11f06a30cbb704abbd069a93fdf6d853fc3c5,sell,0xf3db5fa2c66b7af3eb0c0b782510816cbe4813b8,0x8a8772a99a1f6fbb7c677082009178c1b6b8fb29d8e52d1afb75b6379c5db09a
262,60,0.4026,0x06811a2b589d9a80d20925ab683a32ef796b4648,2017-10-30T06:20:12.000Z,0.00671,0x52a11f06a30cbb704abbd069a93fdf6d853fc3c5,sell,0xf3db5fa2c66b7af3eb0c0b782510816cbe4813b8,0xa75e9fe45848f30e6e82d517f195841b01664119fd012d3721e2cd0ec086f596
263,70,0.462,0x6ee3c78a15071bfca6acd1d71f8567625118d1ff,2017-10-30T06:20:12.000Z,0.0066,0x52a11f06a30cbb704abbd069a93fdf6d853fc3c5,sell,0xf3db5fa2c66b7af3eb0c0b782510816cbe4813b8,0x4eaa352fcd3dd5576d8b7d6eaa25c6d65a7e00403448cb9f4f9b3a742c301df7
264,14.342,0.09623482,0x06811a2b589d9a80d20925ab683a32ef796b4648,2017-10-30T05:23:59.000Z,0.00671,0x8d271b7dee29678ddbb3669c8a3f15f0a3713b9a,sell,0xf3db5fa2c66b7af3eb0c0b782510816cbe4813b8,0x7ae3444f1872c38699f5d8df434f8b57178785e541e10130cd384e9f03ee8bb3
265,25,0.17,0x06811a2b589d9a80d20925ab683a32ef796b4648,2017-10-30T05:23:14.000Z,0.0068,0x8d271b7dee29678ddbb3669c8a3f15f0a3713b9a,sell,0xf3db5fa2c66b7af3eb0c0b782510816cbe4813b8,0xdd5ca9c18004b1d83702dde4af4598b6f29afef5aa2bb6421fae7828ff8b71fc
266,317.9377,2.1842323169377,0x3642337f3e5783803872921bbacf9f05b259c802,2017-10-30T05:22:37.000Z,0.006870001,0x8d271b7dee29678ddbb3669c8a3f15f0a3713b9a,sell,0xf3db5fa2c66b7af3eb0c0b782510816cbe4813b8,0xb910d87b9d41f9bd7b7581028c735a5e2a843a741af2a061c05bcfa142230fec
267,70,0.48300714,0xd81b0566f1fc9fd4f6bf1c1648442f81bb62d5cd,2017-10-30T05:19:53.000Z,0.006900102,0x9af723cdc53e63f40881631bd588df2833893246,sell,0xf3db5fa2c66b7af3eb0c0b782510816cbe4813b8,0x63bd13eb22b0ae257873da70d996ed663b92242df34bb0016a0a6fd470e3b835
268,102.0623,0.7011681030623,0x3642337f3e5783803872921bbacf9f05b259c802,2017-10-30T05:19:24.000Z,0.006870001,0x3efd9b0bd8e4595bc494539aca584821950106ee,sell,0xf3db5fa2c66b7af3eb0c0b782510816cbe4813b8,0x68cda38770f05a7c88fff9fa8c0386828d08d9df896d1601b622f6f65a544f0d
269,321.9962,2.289856656528,0x33c50bc96b48c69e4484f03adb7e24d2af987198,2017-10-30T05:13:52.000Z,0.00711144,0x9af723cdc53e63f40881631bd588df2833893246,sell,0xf3db5fa2c66b7af3eb0c0b782510816cbe4813b8,0x30504a2ae16dcea983a664779eece48c8f4fd237cf4313cfbe00eeff80845d6c
270,28,0.19912032,0x33c50bc96b48c69e4484f03adb7e24d2af987198,2017-10-30T05:13:23.000Z,0.00711144,0x787e6870754cc306c1758db62dc6cd334ba76345,sell,0xf3db5fa2c66b7af3eb0c0b782510816cbe4813b8,0x0711d1456f9e352dcf1aafb7a36fe67fa9a6932f959d236a819a0892ff92beb8
271,22,0.15752,0x52a11f06a30cbb704abbd069a93fdf6d853fc3c5,2017-10-30T05:12:50.000Z,0.00716,0x3efd9b0bd8e4595bc494539aca584821950106ee,sell,0xf3db5fa2c66b7af3eb0c0b782510816cbe4813b8,0x8f6bdeea5b4799705c3a4744ddb8d5d25999d4f93bfcde8e7e56837a84bc3caa
272,41.433,0.29624595,0x6ee3c78a15071bfca6acd1d71f8567625118d1ff,2017-10-30T05:11:58.000Z,0.00715,0x3efd9b0bd8e4595bc494539aca584821950106ee,sell,0xf3db5fa2c66b7af3eb0c0b782510816cbe4813b8,0xced92c4e5c3087596fe0f82c0449fc832b24a16a7a5356874f4ba8aa07945e1f
273,18.567,0.13275405,0x6ee3c78a15071bfca6acd1d71f8567625118d1ff,2017-10-30T04:37:50.000Z,0.00715,0x9d482aa44e48999975c59275ec646598e738516c,sell,0xf3db5fa2c66b7af3eb0c0b782510816cbe4813b8,0x8929dfade7fbe12f18c32ae5959f22918939deeebadc2469bce9fda79989cbd9
274,1.3388,0.00963936,0xcb39c833ec73813f7da823cb0918c8a91581d00d,2017-10-30T04:34:54.000Z,0.0072,0x9d482aa44e48999975c59275ec646598e738516c,sell,0xf3db5fa2c66b7af3eb0c0b782510816cbe4813b8,0x721cc51907587921ba830d3b994353fe566369746ea93334b2941c727aad923c
275,0,0,0x33c50bc96b48c69e4484f03adb7e24d2af987198,2017-10-30T03:49:57.000Z,NaN,0x16e5d97bbc92417e051e3b2cabfbf8ceea2acb9c,sell,0xf3db5fa2c66b7af3eb0c0b782510816cbe4813b8,0xdeca2f9ec71c702356aab2e53aad7e230be9c5a592468a488c97c687268a0539
276,0,0,0x33c50bc96b48c69e4484f03adb7e24d2af987198,2017-10-30T03:48:31.000Z,NaN,0x379374d13077e8867ef31803c37baf9785a17c00,sell,0xf3db5fa2c66b7af3eb0c0b782510816cbe4813b8,0xa28081af8f9fdc85d34b7bcef30cba869e576ad9ef4deb493bac344e21f161ce
277,50,0.3655,0x6ee3c78a15071bfca6acd1d71f8567625118d1ff,2017-10-30T02:26:02.000Z,0.00731,0xeb73d8f2590f7929d82cc2f832f2c94ce4789fba,sell,0xf3db5fa2c66b7af3eb0c0b782510816cbe4813b8,0xcabb476e111c5dbfc687a106e1d90830bdd1092e74c10085fe0e5dbeedb210a0
278,0,0,0xeb73d8f2590f7929d82cc2f832f2c94ce4789fba,2017-10-30T02:23:11.000Z,NaN,0x16e5d97bbc92417e051e3b2cabfbf8ceea2acb9c,sell,0xf3db5fa2c66b7af3eb0c0b782510816cbe4813b8,0xe5a4eae56f69ff5ac9d247c4515e968dc4e29150a04c0222769d97a00a003e68
279,179.4437,1.283022455,0xeb73d8f2590f7929d82cc2f832f2c94ce4789fba,2017-10-30T02:19:16.000Z,0.00715,0x62ad16f9ef5656a967b1b70cc5475c7cd23aea0b,sell,0xf3db5fa2c66b7af3eb0c0b782510816cbe4813b8,0xb8ba9020f3cb93c2bd66e2446aca14be489739c1aad73cae07965cbf5e265005
280,56,0.40264,0x8d271b7dee29678ddbb3669c8a3f15f0a3713b9a,2017-10-30T02:06:02.000Z,0.00719,0xe99c29b1a29064a11099485b9b097980893e2d2d,buy,0xf3db5fa2c66b7af3eb0c0b782510816cbe4813b8,0x7652787eaae24f9932aefcc751477a4714ed5847b8c2878db1766806aa28245b
281,453.3927,3.241757805,0xeb73d8f2590f7929d82cc2f832f2c94ce4789fba,2017-10-30T01:28:52.000Z,0.00715,0x402a308b2494cff493a142fae98889ba6466bfa4,sell,0xf3db5fa2c66b7af3eb0c0b782510816cbe4813b8,0xdc512930295b83544c3730d4c310e7045dce0285d6cf13321dea5374565160a2
282,151.9146,1.0916584675146,0x3642337f3e5783803872921bbacf9f05b259c802,2017-10-30T01:28:19.000Z,0.007186001,0x402a308b2494cff493a142fae98889ba6466bfa4,sell,0xf3db5fa2c66b7af3eb0c0b782510816cbe4813b8,0x1b0a4c36332740e5b0ed33a371892d83527c5f8ddacc6c035efc97f9a898949a
283,68.99,0.4999760492,0x65f403f5ce12908bfa7d8089f54f097e8b686fae,2017-10-30T01:24:45.000Z,0.00724708,0x402a308b2494cff493a142fae98889ba6466bfa4,sell,0xf3db5fa2c66b7af3eb0c0b782510816cbe4813b8,0x8060dd56184f312f28cc6b14d30df7439d2c718bc46049467339a6c341368c2d
284,1.337,0.010421915,0x552955220bf453e4d506acda6242c2f1910d5ecc,2017-10-30T01:21:30.000Z,0.007795,0xeb73d8f2590f7929d82cc2f832f2c94ce4789fba,buy,0xf3db5fa2c66b7af3eb0c0b782510816cbe4813b8,0x0da86d9139b657059832412fa2dc668a0768760b7b0913c22ff795ef147d07a6
285,89.7218,0.64151087,0xeb73d8f2590f7929d82cc2f832f2c94ce4789fba,2017-10-30T00:51:58.000Z,0.00715,0xb298866a2dbe96ea77e86ca0fe19363b5fa426e5,sell,0xf3db5fa2c66b7af3eb0c0b782510816cbe4813b8,0x849ed15624117bb3cb3de97d3cb549b24645c7f639f790e83a1e644a0163b158
286,300,2.2625841,0x3642337f3e5783803872921bbacf9f05b259c802,2017-10-30T00:50:21.000Z,0.007541947,0x689de6aae98fe48334d6147b8fdb1eb4f9be95d1,buy,0xf3db5fa2c66b7af3eb0c0b782510816cbe4813b8,0x5cedd48b1117d9911dc49bef1c145aa7b2081dd858261032060371241d9bd248
287,300,2.25,0xf072c436b5268f1e9225665ac73131bfcc23cedc,2017-10-30T00:48:17.000Z,0.0075,0x689de6aae98fe48334d6147b8fdb1eb4f9be95d1,buy,0xf3db5fa2c66b7af3eb0c0b782510816cbe4813b8,0x6ed956c4d38a103203ec8268660b86d6029afe7b8e75c1026416abe04ff04cfa
288,100,0.7329999,0x52a11f06a30cbb704abbd069a93fdf6d853fc3c5,2017-10-30T00:42:17.000Z,0.007329999,0x787e6870754cc306c1758db62dc6cd334ba76345,buy,0xf3db5fa2c66b7af3eb0c0b782510816cbe4813b8,0x403a59ec791e0e9cd129a1b709c28b84e175561936e74eedd71e92599a0f4f0d
289,25.0583,0.2093784846282,0xad0a2d250d9e0a3a2eb4e1317517400000a280bf,2017-10-30T00:30:14.000Z,0.008355654,0x273a5d3e6721b9f5c1a6474f560c1334c63dda01,sell,0xf3db5fa2c66b7af3eb0c0b782510816cbe4813b8,0x78cf49a453aed736156ec3ac38db39a86131044f793ce94b273dcc931302417b
290,25.1338,0.183727826662,0x273a5d3e6721b9f5c1a6474f560c1334c63dda01,2017-10-30T00:30:14.000Z,0.00730999,0x787e6870754cc306c1758db62dc6cd334ba76345,buy,0xf3db5fa2c66b7af3eb0c0b782510816cbe4813b8,0x78cf49a453aed736156ec3ac38db39a86131044f793ce94b273dcc931302417b
291,76.3399,0.546404361048,0x3642337f3e5783803872921bbacf9f05b259c802,2017-10-30T00:29:23.000Z,0.00715752,0x65f403f5ce12908bfa7d8089f54f097e8b686fae,buy,0xf3db5fa2c66b7af3eb0c0b782510816cbe4813b8,0xa17590e96b050434c3f62dcaa3325f59e2992413611ff8110c5881eadce15045
292,200.9746,1.4470176634902998,0x3642337f3e5783803872921bbacf9f05b259c802,2017-10-30T00:29:13.000Z,0.007200002704273574,0x64340e540165af3f1a86ccf8548286e804400233,buy,0xf3db5fa2c66b7af3eb0c0b782510816cbe4813b8,0x194fb449389d26fb2f9e1746e7b971d07f5d7ad713c1b3a6e56157067c50b47e
293,0.0038,0.000027023472,0x33c50bc96b48c69e4484f03adb7e24d2af987198,2017-10-30T00:29:13.000Z,0.00711144,0x91a135428469f4a9ddea9022fd90ad076a102317,sell,0xf3db5fa2c66b7af3eb0c0b782510816cbe4813b8,0xc2314d7a1ee3be7fced2bc7043d3c8b4d99109ece500c878dfbfa0e8c4959e6e
294,68,0.4862,0x41d5f1fc2a20d0233b99b97df6b7c9fe1ee69930,2017-10-30T00:27:47.000Z,0.00715,0xf733f85e3d347cad98316e839ef052452c06c027,buy,0xf3db5fa2c66b7af3eb0c0b782510816cbe4813b8,0x9c4b5c0e7515c6220360e6366984959827a760b33f4c6df0edceb59586937bb8
295,37.8825,0.2576388825,0xb5857b45c02279e3d89aba94dd3744fe4347a83a,2017-10-30T00:27:20.000Z,0.006801,0x91a135428469f4a9ddea9022fd90ad076a102317,sell,0xf3db5fa2c66b7af3eb0c0b782510816cbe4813b8,0x2c4b666c8b99b115e77af45ab0b6ff506dd133c53cd014f7409865d4776e8da4
296,194.1812,1.2623719812,0xb5857b45c02279e3d89aba94dd3744fe4347a83a,2017-10-30T00:21:10.000Z,0.006501,0x0e2fcafe0a0da19f14c57b875a96868e79977c47,sell,0xf3db5fa2c66b7af3eb0c0b782510816cbe4813b8,0xbe15ef60a91af4c33df340a1dcab6f26cb598fc6ace60e56bfcfb9ceeddcbe9e
297,54.002,0.3726138,0x69c054e15d94f632f19a28c424b4a65f69e08a6b,2017-10-30T00:19:34.000Z,0.0069,0xc5d8c4dddc5e9cb21f7e1af1175da93d02794723,buy,0xf3db5fa2c66b7af3eb0c0b782510816cbe4813b8,0xa4aa4d4f6c631c8cd7499dacdf0098270e4ed2727a6f9050af3bb26ade6382bb
298,3.059,0.0208012,0x69c054e15d94f632f19a28c424b4a65f69e08a6b,2017-10-30T00:18:30.000Z,0.0068,0x23c09abbc301e4bd6396548f5f6005ab345afb7e,buy,0xf3db5fa2c66b7af3eb0c0b782510816cbe4813b8,0x6843b31554db1a4499bcb137fb5820f23dec8bd7ffc96a6c0db40e7612e5c560
299,79.287,0.539072313,0x69c054e15d94f632f19a28c424b4a65f69e08a6b,2017-10-30T00:15:23.000Z,0.006799,0x20a868f281b1fc226f6bd51d80fc05c46b52bc33,buy,0xf3db5fa2c66b7af3eb0c0b782510816cbe4813b8,0x00a25ba2fe2ca3113f0f222ade42174052ca3cda67374acad45708a6061ba321
300,150,0.96225015,0x9c1530ea96ec915f021da0fe3f1b4bd614f36afc,2017-10-30T00:13:50.000Z,0.006415001,0x0e2fcafe0a0da19f14c57b875a96868e79977c47,sell,0xf3db5fa2c66b7af3eb0c0b782510816cbe4813b8,0xc9ddc27d902fdcd2abaf4c3b15fc4fb71c5135766843013bf8bc53ee90eb7fe7
301,0.3,0.002475,0x0e2fcafe0a0da19f14c57b875a96868e79977c47,2017-10-30T00:07:42.000Z,0.00825,0x16f1078c2808287e6e33ecb98f14a91ce5b14b2a,sell,0xf3db5fa2c66b7af3eb0c0b782510816cbe4813b8,0xe573939ca24198a15678cc435dc26d5d314d38e2e30f2d6a329464899c897cb5
302,229.9999,1.6088493005,0xd2ea382e498316d91b9de8557670149b479721a0,2017-10-29T23:58:59.000Z,0.006995,0xeb73d8f2590f7929d82cc2f832f2c94ce4789fba,buy,0xf3db5fa2c66b7af3eb0c0b782510816cbe4813b8,0xd3a9526b5ce3091c5c29685c0213c78cd9acf38394e1768b8ae7d529c735c0b1
303,229.3099,1.891806675,0x0e2fcafe0a0da19f14c57b875a96868e79977c47,2017-10-29T23:58:59.000Z,0.00825,0xd2ea382e498316d91b9de8557670149b479721a0,sell,0xf3db5fa2c66b7af3eb0c0b782510816cbe4813b8,0xd3a9526b5ce3091c5c29685c0213c78cd9acf38394e1768b8ae7d529c735c0b1
304,99.8484,0.8237493,0x0e2fcafe0a0da19f14c57b875a96868e79977c47,2017-10-29T23:58:59.000Z,0.00825,0xd2ea382e498316d91b9de8557670149b479721a0,sell,0xf3db5fa2c66b7af3eb0c0b782510816cbe4813b8,0xf3d6dc5da41bd9a9452f90c6655d7d54db641bb284032245a70e2def6c09d8dd
305,100.1489,0.7010423,0xd2ea382e498316d91b9de8557670149b479721a0,2017-10-29T23:58:59.000Z,0.007,0x0e2fcafe0a0da19f14c57b875a96868e79977c47,buy,0xf3db5fa2c66b7af3eb0c0b782510816cbe4813b8,0xf3d6dc5da41bd9a9452f90c6655d7d54db641bb284032245a70e2def6c09d8dd
306,365.5979,2.3039979658,0xeb73d8f2590f7929d82cc2f832f2c94ce4789fba,2017-10-29T23:40:12.000Z,0.006302,0x2ef0bb40a46f3276bdc8433d0a7ae78a83e5de12,sell,0xf3db5fa2c66b7af3eb0c0b782510816cbe4813b8,0x30d5463ad37e6965d2923718c4deb06381cc9125c61dd9f619b72958e3f1b846
307,111,0.7215,0xeb73d8f2590f7929d82cc2f832f2c94ce4789fba,2017-10-29T23:29:37.000Z,0.0065,0xfd2c0e1948ae4726ea3ffb1b0abb828103b2788a,buy,0xf3db5fa2c66b7af3eb0c0b782510816cbe4813b8,0xc8a0c5a2ca328573b3ae90251e50c6ff437058c1b203073595e7eca6ca061777
308,0.3478,0.00286935,0x0e2fcafe0a0da19f14c57b875a96868e79977c47,2017-10-29T23:24:19.000Z,0.00825,0x20a868f281b1fc226f6bd51d80fc05c46b52bc33,sell,0xf3db5fa2c66b7af3eb0c0b782510816cbe4813b8,0x407f6ebf97ca849c633eb18b7fc9a26be50f4a9054ae13b0cba18f7d5ee470e7
309,115.9082,0.8113572840918001,0xd2ea382e498316d91b9de8557670149b479721a0,2017-10-29T23:22:28.000Z,0.006999999000000001,0x2ef0bb40a46f3276bdc8433d0a7ae78a83e5de12,buy,0xf3db5fa2c66b7af3eb0c0b782510816cbe4813b8,0x6c5260f3ba1bd3cf2144032e70f918f010c7ab0b904d028345ddc8763cae15d9
310,115.5604,0.9533733,0x0e2fcafe0a0da19f14c57b875a96868e79977c47,2017-10-29T23:22:28.000Z,0.00825,0xd2ea382e498316d91b9de8557670149b479721a0,sell,0xf3db5fa2c66b7af3eb0c0b782510816cbe4813b8,0x6c5260f3ba1bd3cf2144032e70f918f010c7ab0b904d028345ddc8763cae15d9
311,44,0.2992,0x9c1530ea96ec915f021da0fe3f1b4bd614f36afc,2017-10-29T23:21:44.000Z,0.0068,0x23c09abbc301e4bd6396548f5f6005ab345afb7e,buy,0xf3db5fa2c66b7af3eb0c0b782510816cbe4813b8,0x1976e7ba96a4b4aebbaaa82b97d9727a0171e24e9e00702cf3eb79b556353a09
312,154.2326,0.95624212,0xeb73d8f2590f7929d82cc2f832f2c94ce4789fba,2017-10-29T23:21:35.000Z,0.0062,0x0e2fcafe0a0da19f14c57b875a96868e79977c47,sell,0xf3db5fa2c66b7af3eb0c0b782510816cbe4813b8,0x5151b86a80346e74a0660c4fec2673c4d2b045c5c5128e1ae15533597f1591c2
313,0.363,0.00227964,0x402a308b2494cff493a142fae98889ba6466bfa4,2017-10-29T23:21:35.000Z,0.00628,0x20a868f281b1fc226f6bd51d80fc05c46b52bc33,sell,0xf3db5fa2c66b7af3eb0c0b782510816cbe4813b8,0x572f906d72c7e3e387919ace039324f8bd7cfe3d795de613ff60041e2f884f8b
314,13.1201,0.0810166568603,0x3642337f3e5783803872921bbacf9f05b259c802,2017-10-29T23:08:46.000Z,0.006175003,0xbb07499b800c53dcfc9bcfcd02c915b8577b1471,sell,0xf3db5fa2c66b7af3eb0c0b782510816cbe4813b8,0x82a0c0c91c8f66fed085670f4474c3cbdafec3a2f78e9a3153c9bbb9ec6feb84
315,75.3539,0.47096941039,0x98cc968b491a5e18a20f9c221c278558f586d0d9,2017-10-29T23:06:26.000Z,0.0062501,0xbb07499b800c53dcfc9bcfcd02c915b8577b1471,sell,0xf3db5fa2c66b7af3eb0c0b782510816cbe4813b8,0x140c40c417251d04ae30acba2b2762c93e7b124a0891cbfd0cf3e602bd3c8a7e
316,30,0.1882065,0x5351caa25f3294be3f593f97f87ce3989eed1894,2017-10-29T23:06:26.000Z,0.00627355,0xbb07499b800c53dcfc9bcfcd02c915b8577b1471,sell,0xf3db5fa2c66b7af3eb0c0b782510816cbe4813b8,0x04f5cf2afa316dbc89737961fa7ee940ee7acde0672ee8676eca72cc1a2ba15e
317,30,0.1882065,0x5351caa25f3294be3f593f97f87ce3989eed1894,2017-10-29T23:06:21.000Z,0.00627355,0xbb07499b800c53dcfc9bcfcd02c915b8577b1471,sell,0xf3db5fa2c66b7af3eb0c0b782510816cbe4813b8,0x04f5cf2afa316dbc89737961fa7ee940ee7acde0672ee8676eca72cc1a2ba15e
318,75.3539,0.47096941039,0x98cc968b491a5e18a20f9c221c278558f586d0d9,2017-10-29T23:06:21.000Z,0.0062501,0xbb07499b800c53dcfc9bcfcd02c915b8577b1471,sell,0xf3db5fa2c66b7af3eb0c0b782510816cbe4813b8,0x140c40c417251d04ae30acba2b2762c93e7b124a0891cbfd0cf3e602bd3c8a7e
319,60,0.378,0x23c09abbc301e4bd6396548f5f6005ab345afb7e,2017-10-29T23:05:25.000Z,0.0063,0xbb07499b800c53dcfc9bcfcd02c915b8577b1471,sell,0xf3db5fa2c66b7af3eb0c0b782510816cbe4813b8,0x7ba219c4d12f1a0a5179abe6630ff2d7f0de41d50e47bbf7c9afd60bb141f89c
320,94.108,0.611702,0x393f9ba584c33c053eb766d87034bcde69d0a35c,2017-10-29T23:05:01.000Z,0.0065,0xbb07499b800c53dcfc9bcfcd02c915b8577b1471,sell,0xf3db5fa2c66b7af3eb0c0b782510816cbe4813b8,0x2128d82f1cf68120c6a56ffb1424a4f0f39b61c74ea6c3aeae8fac6a17a91593
321,10,0.067,0x30cb8d8c27bd45f4196a57a7b0ee760df05395fb,2017-10-29T23:04:51.000Z,0.0067,0xbb07499b800c53dcfc9bcfcd02c915b8577b1471,sell,0xf3db5fa2c66b7af3eb0c0b782510816cbe4813b8,0x1a2817388a2e95d4650c7ac67cbfb98ee082bbd2b899462484ebfcbd2c5771e1
322,76.34,0.500030817,0x65f403f5ce12908bfa7d8089f54f097e8b686fae,2017-10-29T23:04:51.000Z,0.00655005,0xbb07499b800c53dcfc9bcfcd02c915b8577b1471,sell,0xf3db5fa2c66b7af3eb0c0b782510816cbe4813b8,0xd5c9431ccaf5dd7dc7d4ab7fcf90ab9686ca7229c309510eee5ec0d3a4b952e7
323,34.8918,0.2267967,0x393f9ba584c33c053eb766d87034bcde69d0a35c,2017-10-29T22:22:04.000Z,0.0065,0x92f7273c12da8f849d37a62051f22c05be3d1872,sell,0xf3db5fa2c66b7af3eb0c0b782510816cbe4813b8,0xe07300806313d3bd0c59f8d02ce6874156b285b8cf54b562b722cc5510a48622
324,22.2148,0.15106064,0x9c1530ea96ec915f021da0fe3f1b4bd614f36afc,2017-10-29T22:20:52.000Z,0.0068,0x23c09abbc301e4bd6396548f5f6005ab345afb7e,buy,0xf3db5fa2c66b7af3eb0c0b782510816cbe4813b8,0x5fea183f556a7b96a4171fc841ade5a1b78d1d6f4ea7a484dccfbe1b72a87f1c
325,77.8,0.52904,0x9c1530ea96ec915f021da0fe3f1b4bd614f36afc,2017-10-29T22:09:39.000Z,0.0068,0x23c09abbc301e4bd6396548f5f6005ab345afb7e,buy,0xf3db5fa2c66b7af3eb0c0b782510816cbe4813b8,0x35d4d2ae4e391e29e6a692a1812df4c975c2eacd52bd842f9eef78f67bc29894
326,78.7299,0.531026877108,0x9c1530ea96ec915f021da0fe3f1b4bd614f36afc,2017-10-29T22:02:31.000Z,0.00674492,0x65f403f5ce12908bfa7d8089f54f097e8b686fae,buy,0xf3db5fa2c66b7af3eb0c0b782510816cbe4813b8,0xb481ef7c027ee81bc3305b262375ed9991ba2b3fbfdfe612be941fdf849d6566
327,100,0.63,0x23c09abbc301e4bd6396548f5f6005ab345afb7e,2017-10-29T22:02:23.000Z,0.0063,0x49739691fb5f3992b3f2536f309d955558e75933,sell,0xf3db5fa2c66b7af3eb0c0b782510816cbe4813b8,0xf6605ecc00646617cafd1ad867dd2338a2dec30a1c09d6c6071aa5a2b0951255
328,106.4769,0.669739701,0x402a308b2494cff493a142fae98889ba6466bfa4,2017-10-29T22:00:53.000Z,0.00629,0x49739691fb5f3992b3f2536f309d955558e75933,sell,0xf3db5fa2c66b7af3eb0c0b782510816cbe4813b8,0x4a012f3669ad9e82e9a4260ed5b42d253b781d21198a061e524fb6ec4989ff8e
329,105.083,0.6620229,0x23c09abbc301e4bd6396548f5f6005ab345afb7e,2017-10-29T21:59:45.000Z,0.0063,0x49739691fb5f3992b3f2536f309d955558e75933,sell,0xf3db5fa2c66b7af3eb0c0b782510816cbe4813b8,0x1f931cf487fa87a643e16df44679639f02b7ed417c8162ba8e95bf3ba581c202
330,443.2861,2.788269569,0x402a308b2494cff493a142fae98889ba6466bfa4,2017-10-29T21:59:22.000Z,0.00629,0xa1a9e34420dd3fbf2a87dc8612d7a99040ba699c,sell,0xf3db5fa2c66b7af3eb0c0b782510816cbe4813b8,0x4dfaeca1f2bdfddb41b2f996f06194db6122786f7bdc6e160f0c6afd94989214
331,49.8454,0.31402602,0x23c09abbc301e4bd6396548f5f6005ab345afb7e,2017-10-29T21:59:07.000Z,0.0063,0x719f4e8a8c2b766b4268a8f39491f28a8cfe16f5,sell,0xf3db5fa2c66b7af3eb0c0b782510816cbe4813b8,0x44b9c4e4f432aadd4cf604a9267d44ceeed0f64f98dc5dfd9c7d4f1ccecb861e
332,50,0.335,0x719f4e8a8c2b766b4268a8f39491f28a8cfe16f5,2017-10-29T21:58:33.000Z,0.0067,0x49512a2c0dbe50121ff2e831da472401caf0a4f5,buy,0xf3db5fa2c66b7af3eb0c0b782510816cbe4813b8,0xd78c03f92de51426a167ce514667d351fb28ade50fdd940ee621652d66ed7b47
333,5.0714,0.03194982,0x23c09abbc301e4bd6396548f5f6005ab345afb7e,2017-10-29T21:57:37.000Z,0.0063,0xa1a9e34420dd3fbf2a87dc8612d7a99040ba699c,sell,0xf3db5fa2c66b7af3eb0c0b782510816cbe4813b8,0xf6afb51814d74173a14d9b10b91c92bc69a4de3d105c80097bac1d288f1d8890
334,445.9977,3.07738413,0x6d2f27149fbf6c559008e95ede61ff20f3e4b847,2017-10-29T21:57:37.000Z,0.0069,0xc5d8c4dddc5e9cb21f7e1af1175da93d02794723,buy,0xf3db5fa2c66b7af3eb0c0b782510816cbe4813b8,0x226c8484cbf88048af17b155bf65f6f84961a945b9c1908144599e9d982b857f
335,444.6597,3.4910233047,0xa1a9e34420dd3fbf2a87dc8612d7a99040ba699c,2017-10-29T21:57:37.000Z,0.007851,0x6d2f27149fbf6c559008e95ede61ff20f3e4b847,sell,0xf3db5fa2c66b7af3eb0c0b782510816cbe4813b8,0x226c8484cbf88048af17b155bf65f6f84961a945b9c1908144599e9d982b857f
336,551.4,3.50139,0x8d271b7dee29678ddbb3669c8a3f15f0a3713b9a,2017-10-29T21:57:08.000Z,0.00635,0xa1a9e34420dd3fbf2a87dc8612d7a99040ba699c,sell,0xf3db5fa2c66b7af3eb0c0b782510816cbe4813b8,0xe9079717eced6bea08037cf60fd098da8be31d33d799b6e22d6dcf4354a46489
337,78.73,0.5000150173,0x65f403f5ce12908bfa7d8089f54f097e8b686fae,2017-10-29T21:44:32.000Z,0.00635101,0x49512a2c0dbe50121ff2e831da472401caf0a4f5,sell,0xf3db5fa2c66b7af3eb0c0b782510816cbe4813b8,0xaa8d5269aba249d925704491a6961019cc22b902f7c663aea49cc842ad5ece4a
338,76.237,0.47953073,0x402a308b2494cff493a142fae98889ba6466bfa4,2017-10-29T21:43:13.000Z,0.00629,0x87d3da5a29e4f9813faa09a4a720b1c1610eafd8,sell,0xf3db5fa2c66b7af3eb0c0b782510816cbe4813b8,0x31e897dbfc245ef0ebefd8ef374ba39a9389de45e7b7a3212402849f917a71d8
339,50,0.3145,0x402a308b2494cff493a142fae98889ba6466bfa4,2017-10-29T21:42:08.000Z,0.00629,0x87d3da5a29e4f9813faa09a4a720b1c1610eafd8,sell,0xf3db5fa2c66b7af3eb0c0b782510816cbe4813b8,0xebfe5380f692ee14e7411841279c0904f89d3775259dd88af90eb6b8aa271e5b
340,50.462,0.3380954,0x000438f1de357e597b457decc8bf91964451518b,2017-10-29T21:42:08.000Z,0.0067,0x87d3da5a29e4f9813faa09a4a720b1c1610eafd8,sell,0xf3db5fa2c66b7af3eb0c0b782510816cbe4813b8,0xeafb60e7c232e81b62514909e084675003e534b0da771cb3ad3c12a566e139ba
341,105.193,0.7047931,0x000438f1de357e597b457decc8bf91964451518b,2017-10-29T21:41:23.000Z,0.0067,0x87d3da5a29e4f9813faa09a4a720b1c1610eafd8,sell,0xf3db5fa2c66b7af3eb0c0b782510816cbe4813b8,0x4daffcfaf28422c3da4a1630e57a640daf7ac10996c90a00fa1b4e30687ef0d8
342,149.5379,1.00190393,0x000438f1de357e597b457decc8bf91964451518b,2017-10-29T21:34:57.000Z,0.0067,0x23c09abbc301e4bd6396548f5f6005ab345afb7e,sell,0xf3db5fa2c66b7af3eb0c0b782510816cbe4813b8,0x80eb3fad228f5018d1b7a29b2ddcf3ef31cf630164c8a050fe2cd1aea4eae419
343,5.8108,0.03951344,0xd2ea382e498316d91b9de8557670149b479721a0,2017-10-29T21:32:00.000Z,0.0068,0x23c09abbc301e4bd6396548f5f6005ab345afb7e,buy,0xf3db5fa2c66b7af3eb0c0b782510816cbe4813b8,0x3667f52a5b404e965010b0585b4cee026ff3b5b0bd291ac66a26a0c41b0c9e57
344,5.7933,0.045593271,0xa1a9e34420dd3fbf2a87dc8612d7a99040ba699c,2017-10-29T21:32:00.000Z,0.00787,0xd2ea382e498316d91b9de8557670149b479721a0,sell,0xf3db5fa2c66b7af3eb0c0b782510816cbe4813b8,0x3667f52a5b404e965010b0585b4cee026ff3b5b0bd291ac66a26a0c41b0c9e57
345,7.1154,0.04838472,0xd2ea382e498316d91b9de8557670149b479721a0,2017-10-29T21:27:29.000Z,0.0068,0x23c09abbc301e4bd6396548f5f6005ab345afb7e,buy,0xf3db5fa2c66b7af3eb0c0b782510816cbe4813b8,0x875c0316e05a0ef49b926ee2b0b0a1c0e22587df3cec52892fa02ca481f6a6fd
346,7.094,0.052502694,0xbbe421c41192bba3812bd04823e6459b34c376ba,2017-10-29T21:27:29.000Z,0.007401,0xd2ea382e498316d91b9de8557670149b479721a0,sell,0xf3db5fa2c66b7af3eb0c0b782510816cbe4813b8,0x875c0316e05a0ef49b926ee2b0b0a1c0e22587df3cec52892fa02ca481f6a6fd
347,10.0419,0.06979158432225199,0x9d0f536dc95cde0486a8708e1af01a6e4a60e9b2,2017-10-29T21:24:11.000Z,0.006950037773952339,0x99daacbc6d3cc495519938b1b9ae913a94caa1c1,buy,0xf3db5fa2c66b7af3eb0c0b782510816cbe4813b8,0x7b1059f10e09e35e8bb69a276b71025d927261c2d4c7222c71efefd93dd0f305
348,294.8,2.04886,0x0111d8fc65e80e93fb4b89eaf03269eefa4224b1,2017-10-29T20:59:46.000Z,0.00695,0x000438f1de357e597b457decc8bf91964451518b,buy,0xf3db5fa2c66b7af3eb0c0b782510816cbe4813b8,0xcc1dbe4838bc0e806f34516753ba67469b8ad231adc180c6e1e70f0cd79661e3
349,65.8,0.456652,0x0111d8fc65e80e93fb4b89eaf03269eefa4224b1,2017-10-29T20:58:44.000Z,0.00694,0x402a308b2494cff493a142fae98889ba6466bfa4,buy,0xf3db5fa2c66b7af3eb0c0b782510816cbe4813b8,0x86d44ca2f64e4de5542beed16aaf61d4feb59111d47974dc2a9e89c9c3f22793
350,70.6499,0.485615620145,0x0111d8fc65e80e93fb4b89eaf03269eefa4224b1,2017-10-29T20:56:58.000Z,0.00687355,0x65f403f5ce12908bfa7d8089f54f097e8b686fae,buy,0xf3db5fa2c66b7af3eb0c0b782510816cbe4813b8,0x3f0f1e3d056196ff3fb9734c63429437dbf374cf15be25080ae3888e105cea88
351,65.796,0.41188296,0x402a308b2494cff493a142fae98889ba6466bfa4,2017-10-29T20:52:37.000Z,0.00626,0x740d4b3119b956c1d19608da39730499dbce4c01,sell,0xf3db5fa2c66b7af3eb0c0b782510816cbe4813b8,0x94485efbde0a98dd7324bd106e70457b4d8af6c37ab7f58cd1f42ac7eba9d7dc
352,50,0.3250002,0x787e6870754cc306c1758db62dc6cd334ba76345,2017-10-29T20:44:56.000Z,0.006500004,0xc17ca27bb6b49e75ce1d1a18c0fcb59c6df21a05,sell,0xf3db5fa2c66b7af3eb0c0b782510816cbe4813b8,0xbb6aac2215edc586bf2df251d8bdd0d277393e4eb8e7b2fd96c24e6bb4c2a9d7
353,0.717,0.00504051,0x0097aba4998cb63bf0cbd33e6b2ed542ff28cdba,2017-10-29T20:44:34.000Z,0.00703,0xc17ca27bb6b49e75ce1d1a18c0fcb59c6df21a05,sell,0xf3db5fa2c66b7af3eb0c0b782510816cbe4813b8,0xa12d8b22225a67f15b9778ae10486fc382577c508aca5215023c1669c9a91470
354,4.4688,0.031326288,0xf733f85e3d347cad98316e839ef052452c06c027,2017-10-29T20:44:34.000Z,0.00701,0xc17ca27bb6b49e75ce1d1a18c0fcb59c6df21a05,sell,0xf3db5fa2c66b7af3eb0c0b782510816cbe4813b8,0x54584ff2a2a5e1265b3c37fb1b8d9a9b0130f6d923e4ba9893533b1b891eff98
355,65,0.429,0x4c95c574dae1b335c05ca778ea24b8d9dd515669,2017-10-29T20:44:34.000Z,0.0066,0xc17ca27bb6b49e75ce1d1a18c0fcb59c6df21a05,sell,0xf3db5fa2c66b7af3eb0c0b782510816cbe4813b8,0x8167387a33ea5746e06440681367a80dd0c867776c16afea896cd671f3dfe839
356,11.0253,0.07938233650970017,0x9d0f536dc95cde0486a8708e1af01a6e4a60e9b2,2017-10-29T20:39:10.000Z,0.007200016009514495,0x64340e540165af3f1a86ccf8548286e804400233,buy,0xf3db5fa2c66b7af3eb0c0b782510816cbe4813b8,0xa02cdbb76cc3fc77fcae6b47d9e03334278870c02f29ae70a45cfdf88ba2b675
357,63.5312,0.445353712,0xf733f85e3d347cad98316e839ef052452c06c027,2017-10-29T20:16:47.000Z,0.00701,0x402a308b2494cff493a142fae98889ba6466bfa4,sell,0xf3db5fa2c66b7af3eb0c0b782510816cbe4813b8,0x7b570a1508305ad9ded8d35d2bd53713719b8e4397172f67dcab8cf69635ac0a
358,77.031,0.5623263,0xe99c29b1a29064a11099485b9b097980893e2d2d,2017-10-29T20:15:32.000Z,0.0073,0x64340e540165af3f1a86ccf8548286e804400233,sell,0xf3db5fa2c66b7af3eb0c0b782510816cbe4813b8,0x072d5de6d8fd1c9e49a121469c59e384b573e64dc6869aab6adf494b97421321
359,9.969,0.0727737,0xe99c29b1a29064a11099485b9b097980893e2d2d,2017-10-29T20:09:49.000Z,0.0073,0xb236b907580361fd4f87b759de68ca5c206644af,sell,0xf3db5fa2c66b7af3eb0c0b782510816cbe4813b8,0x7ef4615a1d25f691f65d45c9fc8696e6ffe7b900a71f1d6ec27a4e1e07f0331b
360,89.7218,0.6280526,0x64340e540165af3f1a86ccf8548286e804400233,2017-10-29T20:04:20.000Z,0.007,0x6c12fbd5a0dd2278d5a42f08d66d5abe04c97f88,sell,0xf3db5fa2c66b7af3eb0c0b782510816cbe4813b8,0x298a1f411f7719ad7ca2fda170d035aa87618667f7f084563706ab1785ea76e3
361,212.1985,1.4853895,0x64340e540165af3f1a86ccf8548286e804400233,2017-10-29T19:43:00.000Z,0.007,0xbb6be7c4b5efca6bbb0e238f1708dbce6dced620,sell,0xf3db5fa2c66b7af3eb0c0b782510816cbe4813b8,0x9655f1aa9b0ebdf839862b8b3beee3238e0fcd64f297877457289202ff4df21f
362,70.66,0.4999965194,0x65f403f5ce12908bfa7d8089f54f097e8b686fae,2017-10-29T19:42:17.000Z,0.00707609,0xbb6be7c4b5efca6bbb0e238f1708dbce6dced620,sell,0xf3db5fa2c66b7af3eb0c0b782510816cbe4813b8,0xa6f1086152765247db37e61e89c83ce7cb1154791ad16325451b0c1bb82d7b72
363,20,0.144,0xca0372418745d5499eb5bdc99fda28153cffd205,2017-10-29T19:42:05.000Z,0.0072,0xbb6be7c4b5efca6bbb0e238f1708dbce6dced620,sell,0xf3db5fa2c66b7af3eb0c0b782510816cbe4813b8,0xc1b2c25a1850a581626ab0b54f580c068d23329ee7098e83a810c6d6213aae5e
364,225.39,1.5889995,0x0c7b4aad51f3911073c0ce821dc496537cbec6d6,2017-10-29T19:41:38.000Z,0.00705,0xbb6be7c4b5efca6bbb0e238f1708dbce6dced620,sell,0xf3db5fa2c66b7af3eb0c0b782510816cbe4813b8,0x9e1172851e44cff231f4ae4a26d3e987d713db221f81b421529ad3924c098eb4
365,183,1.3359,0xc0d70485a78f27c48596933dcb7977961c458d2c,2017-10-29T19:29:01.000Z,0.0073,0x402a308b2494cff493a142fae98889ba6466bfa4,buy,0xf3db5fa2c66b7af3eb0c0b782510816cbe4813b8,0xc67d37a477021c9370eac61ae7f2d700a77861f0994ae80c109072b5197c284c
366,2,0.01462,0x84d7a3202156e57b98cf4685c5cda2a27bba1097,2017-10-29T19:24:29.000Z,0.00731,0x402a308b2494cff493a142fae98889ba6466bfa4,buy,0xf3db5fa2c66b7af3eb0c0b782510816cbe4813b8,0x6bf80360e684a83d1145dcbb70d29c95693df0d6aebe66d4c2ba5c004b6712eb
367,884.6374,6.1924618,0x64340e540165af3f1a86ccf8548286e804400233,2017-10-29T19:20:54.000Z,0.007,0xe66f896b2de35f2185005b3d8faced215825bab6,sell,0xf3db5fa2c66b7af3eb0c0b782510816cbe4813b8,0x55682107b268ecc0ee129de00abeb445b70d02f9a9b137c67659b55576db8daf
368,15,0.105,0x787e6870754cc306c1758db62dc6cd334ba76345,2017-10-29T19:18:19.000Z,0.007,0xe99c29b1a29064a11099485b9b097980893e2d2d,buy,0xf3db5fa2c66b7af3eb0c0b782510816cbe4813b8,0x5bef517b633965f94a6db949b6835d7bc797e111b61cdc97ccfe1d471bec537f
369,248.7281,1.64160546,0x402a308b2494cff493a142fae98889ba6466bfa4,2017-10-29T19:15:18.000Z,0.0066,0x65947124c369d33ec038f4fb8b371b0bea365ccb,sell,0xf3db5fa2c66b7af3eb0c0b782510816cbe4813b8,0xf1d799280760749ed11a2e609d8bc6f223923ec3d221fdc630f60280c12e7a85
370,74.01,0.518892332511,0x5c44f3dd2bf7f49e99b79faeebe770124aaad23c,2017-10-29T19:14:09.000Z,0.0070111111,0x65947124c369d33ec038f4fb8b371b0bea365ccb,sell,0xf3db5fa2c66b7af3eb0c0b782510816cbe4813b8,0x54244a40845b3bafd47bcf2995774d583709baa719c163ae357761c69c0104fc
371,50,0.35314955,0x787e6870754cc306c1758db62dc6cd334ba76345,2017-10-29T19:13:50.000Z,0.007062991,0x65947124c369d33ec038f4fb8b371b0bea365ccb,sell,0xf3db5fa2c66b7af3eb0c0b782510816cbe4813b8,0x60bf262d2793d94c9c2456b90089ee046c3ef8571ceef1bfd125fe909337f00f
372,17,0.1224,0xc0d70485a78f27c48596933dcb7977961c458d2c,2017-10-29T19:09:31.000Z,0.0072,0xe99c29b1a29064a11099485b9b097980893e2d2d,buy,0xf3db5fa2c66b7af3eb0c0b782510816cbe4813b8,0xbf970ee5d3df8dd14f0ca756f94c1613beae3d587b1064c2151efee9bd24a85c
373,275.99,1.934996552489,0x5c44f3dd2bf7f49e99b79faeebe770124aaad23c,2017-10-29T19:02:01.000Z,0.0070111111,0xc8538f3fbe263806c9cb0089f7a398e0e4e027f6,sell,0xf3db5fa2c66b7af3eb0c0b782510816cbe4813b8,0x3389b278105658ee43a6c3758899ac7019c7887f4fcaf1640aada4a36b90a43e
374,300.45,2.16324,0xfcae65a51273a72cf608d32bf2b1ef7c5fba384e,2017-10-29T19:00:22.000Z,0.0072,0xe66f896b2de35f2185005b3d8faced215825bab6,sell,0xf3db5fa2c66b7af3eb0c0b782510816cbe4813b8,0x99ce87379066f5a6c1adf7db1953aabafd62745ddf9a056de8125ce0e3e74677
375,200,1.44,0xfcae65a51273a72cf608d32bf2b1ef7c5fba384e,2017-10-29T18:58:23.000Z,0.0072,0x787e6870754cc306c1758db62dc6cd334ba76345,sell,0xf3db5fa2c66b7af3eb0c0b782510816cbe4813b8,0xf091c2bec1947cd2d630ccc957195d0ed0af2fe97f2787465d2fe4ef6666b0c3
376,32.0866,0.2406495,0xe99c29b1a29064a11099485b9b097980893e2d2d,2017-10-29T18:58:08.000Z,0.0075,0x787e6870754cc306c1758db62dc6cd334ba76345,sell,0xf3db5fa2c66b7af3eb0c0b782510816cbe4813b8,0x229cad5468c8ed9c70f0c06440bea2f81810fdc59fb6a9a9cc305771a79fa7c4
377,65.9999,0.46199930000000006,0xd2ea382e498316d91b9de8557670149b479721a0,2017-10-29T18:57:32.000Z,0.007000000000000001,0xe99c29b1a29064a11099485b9b097980893e2d2d,buy,0xf3db5fa2c66b7af3eb0c0b782510816cbe4813b8,0x6ba4a5e428e3038fb1a31ec4bb2f4de76f2f88960346983ad4f771f44a63cebc
378,65.8019,0.47377368,0xfcae65a51273a72cf608d32bf2b1ef7c5fba384e,2017-10-29T18:57:32.000Z,0.0072,0xd2ea382e498316d91b9de8557670149b479721a0,sell,0xf3db5fa2c66b7af3eb0c0b782510816cbe4813b8,0x6ba4a5e428e3038fb1a31ec4bb2f4de76f2f88960346983ad4f771f44a63cebc
379,84,0.546,0xd2ea382e498316d91b9de8557670149b479721a0,2017-10-29T18:56:51.000Z,0.0065,0xe99c29b1a29064a11099485b9b097980893e2d2d,buy,0xf3db5fa2c66b7af3eb0c0b782510816cbe4813b8,0x35365c1c745465a8677170421be20b2d7b43236eb30375c160d2ac3bf13b24c8
380,83.748,0.6029856,0xfcae65a51273a72cf608d32bf2b1ef7c5fba384e,2017-10-29T18:56:51.000Z,0.0072,0xd2ea382e498316d91b9de8557670149b479721a0,sell,0xf3db5fa2c66b7af3eb0c0b782510816cbe4813b8,0x35365c1c745465a8677170421be20b2d7b43236eb30375c160d2ac3bf13b24c8
381,84.6461,0.52904658961,0x98cc968b491a5e18a20f9c221c278558f586d0d9,2017-10-29T18:52:44.000Z,0.0062501,0x92f51063e458d9460a8d652a923af801ce2bec48,sell,0xf3db5fa2c66b7af3eb0c0b782510816cbe4813b8,0x985c5978b3c3e97832f04f63c086e5f22c3c31da75c674ac81bb419a60c7a7e2
382,94.807,0.6352069,0x000438f1de357e597b457decc8bf91964451518b,2017-10-29T18:49:47.000Z,0.0067,0x92f51063e458d9460a8d652a923af801ce2bec48,sell,0xf3db5fa2c66b7af3eb0c0b782510816cbe4813b8,0x720e29288042f45b62c6100b94b7fef92655eede86586b86584e8fe2b1085dc0
383,20,0.142,0x179db9068c45e6617c13176c4c5082c9e5e347fc,2017-10-29T18:28:24.000Z,0.0071,0x787e6870754cc306c1758db62dc6cd334ba76345,sell,0xf3db5fa2c66b7af3eb0c0b782510816cbe4813b8,0xebdfa7192c874c23d42414adaa34067ce5c6594d773538c338c4258727fc6f28
384,7.303,0.05338493,0xea8c046cd9f2228e7dbd9e03fc79e141c945cca4,2017-10-29T18:27:15.000Z,0.00731,0x787e6870754cc306c1758db62dc6cd334ba76345,sell,0xf3db5fa2c66b7af3eb0c0b782510816cbe4813b8,0x9ae9d479543660f68fb185e8fd53ae4e2a0c6f2c1582e4739e68df6879f85e73
385,50,0.35,0x251a01554d3f1edaf4413e86229fceaa6fee2a34,2017-10-29T18:26:50.000Z,0.007,0x787e6870754cc306c1758db62dc6cd334ba76345,sell,0xf3db5fa2c66b7af3eb0c0b782510816cbe4813b8,0x706a922a7475885a13e670dc334fb0f7fd9e91bd00a2ecdc28689f6a654cf0db
386,7.3618,0.053741213618,0x0e09ce475a58273cd3ad3494b7d34a295f4495b0,2017-10-29T18:26:37.000Z,0.00730001,0x787e6870754cc306c1758db62dc6cd334ba76345,sell,0xf3db5fa2c66b7af3eb0c0b782510816cbe4813b8,0x586d5e4f56b253aa66424789b3941a18955dedde4ae2b6dac3b5a2a1a3cba371
387,50,0.3653,0x6ee3c78a15071bfca6acd1d71f8567625118d1ff,2017-10-29T18:26:32.000Z,0.007306,0x787e6870754cc306c1758db62dc6cd334ba76345,sell,0xf3db5fa2c66b7af3eb0c0b782510816cbe4813b8,0x8f6cddf40c11baba58f7be3128e2dc03d2451081f5efdbf5d74b2c8d6a60af85
388,42.6966,0.312112146,0xea8c046cd9f2228e7dbd9e03fc79e141c945cca4,2017-10-29T18:23:14.000Z,0.00731,0x790dda3b970f85b7b59052a3eb9fd9a5f6e675e9,sell,0xf3db5fa2c66b7af3eb0c0b782510816cbe4813b8,0x9346a1657efc19bdca56a5271df1d4bd1a3b28753067d8bd8db9d13dc023c4fd
389,57,0.429890979,0xa1af61d9c676170c59bc313309362f70bff073f2,2017-10-29T18:17:45.000Z,0.007541947,0x790dda3b970f85b7b59052a3eb9fd9a5f6e675e9,sell,0xf3db5fa2c66b7af3eb0c0b782510816cbe4813b8,0xe208fc21511724a3a10790332567fc9b1752e67e467d2c0300656a4f0d148061
