,amount,amountBase,buyer,date,price,seller,side,tokenAddr,txHash
0,6.849502726102085,0.0005,0x3075f7f189912f4f425dd7021b9c396434197477,2017-11-02T15:55:41.000Z,0.000072998,0xe00c7cb9781832336ab18c2b24ed5629defe1f46,buy,0xe8ff5c9c75deb346acac493c463c8950be03dfba,0x538983a3c9c65be87e2476336e60c0828a28601f7276fac06997ac36879c1577
1,1495,0.10200684,0x1d72d1e4e5006fea5bfc29ce74de6a937f67936d,2017-11-02T15:37:11.000Z,0.000068232,0x5cfb38c0d2966fae716323e6bb438e73e4d51666,buy,0xe8ff5c9c75deb346acac493c463c8950be03dfba,0xdfd3730ddbaf3ec420c862cbf3b6164f246aa63a2f53aa1e485cb0ae601a1b1b
2,55.08056257756751,0.003758256945792586,0xe00c7cb9781832336ab18c2b24ed5629defe1f46,2017-11-02T15:31:25.000Z,0.00006823199999999998,0x3906cb7e313657cf39bae08a74cba4960f7f5b5b,sell,0xe8ff5c9c75deb346acac493c463c8950be03dfba,0xeeb695ab0eb7f4f7eaa5a20a436dee01e815db1796b1e7c658d30e20d94d22fb
3,21333.865018442826,1.455652277938391,0xe00c7cb9781832336ab18c2b24ed5629defe1f46,2017-11-02T15:30:07.000Z,0.00006823199999999999,0x3906cb7e313657cf39bae08a74cba4960f7f5b5b,sell,0xe8ff5c9c75deb346acac493c463c8950be03dfba,0x774e91ea170d0d0f42df8e0b29f4ff5a34597fa7fa9a9676c0c7f128c7c50674
4,715.6036164673931,0.048827065958803165,0xe00c7cb9781832336ab18c2b24ed5629defe1f46,2017-11-02T15:20:30.000Z,0.00006823199999999999,0x54ca75994345fe32453989d5e176a4c240c43721,sell,0xe8ff5c9c75deb346acac493c463c8950be03dfba,0xa56ef911f50f4dbca78e0546777cb4076b35c2a04614ed5ae349870817cfca11
5,5338.450802512212,0.3642531751570133,0xe00c7cb9781832336ab18c2b24ed5629defe1f46,2017-11-02T15:07:20.000Z,0.00006823199999999999,0xe6c92b9517a451e6479f307dc15998be0d221dab,sell,0xe8ff5c9c75deb346acac493c463c8950be03dfba,0x583794f28f00dfc6fb13ad7252f04017224a3810f1f6446b8df0bbee6fb5f2d7
6,21677.51945878596,1.4545615556845377,0xd1f9eb61ad476170a6ac5e6ccf064b3306e54e44,2017-11-02T11:39:25.000Z,0.00006709999999999999,0x2364e6ea3e35a8fa696fa56f2e56ab62e0583f28,sell,0xe8ff5c9c75deb346acac493c463c8950be03dfba,0x52f1ad0684ac4ec636f009640212a69b7e103a9ba224882884dfc180b14e7953
7,430,0.029326,0xa82d767cdf1f63a3078b8dfe7b35204605d3e59f,2017-11-02T11:38:09.000Z,0.0000682,0x2364e6ea3e35a8fa696fa56f2e56ab62e0583f28,sell,0xe8ff5c9c75deb346acac493c463c8950be03dfba,0xffb44212d734801224c325c4976da7998b9ca15b9ca363d4cb44d82b19e4025d
8,5864,0.40883808,0xafbade453c7a3322b2f8b71cdd6ae5a17e1e88ac,2017-11-02T11:25:14.000Z,0.00006972,0x8c8ad3e81ddfdf804355e49e2fa7ef744b48d3c1,buy,0xe8ff5c9c75deb346acac493c463c8950be03dfba,0xe038922631b610faa6c5da1c2bd7898fc66cbcf19a04fef0010f8c1ba86c4992
9,13568.909598962242,0.9131876160101589,0xfbf7dc0756a9768d0c71aea5f8421f3b1eaee7d1,2017-11-02T10:58:48.000Z,0.0000673,0x1f60e7726d8063b9729496e109c6e4423c0ce669,sell,0xe8ff5c9c75deb346acac493c463c8950be03dfba,0x8bb1796e5d8738395dae3a5acd4f91c2f159cfbb63bd628bf73cc38949ad6ebb
10,430,0.030315,0xa82d767cdf1f63a3078b8dfe7b35204605d3e59f,2017-11-02T10:57:12.000Z,0.0000705,0x1f60e7726d8063b9729496e109c6e4423c0ce669,sell,0xe8ff5c9c75deb346acac493c463c8950be03dfba,0xf3cb8dface21e445ecdde80150ae56023dcbb3ff0b1bd3b30b5137f6673a1fc5
11,9169,0.733510831,0x1d72d1e4e5006fea5bfc29ce74de6a937f67936d,2017-11-02T09:15:46.000Z,0.000079999,0xc3e28129d2e3b78f2fd902345fba3463fc2af72c,buy,0xe8ff5c9c75deb346acac493c463c8950be03dfba,0xc7a6208794a554f3600fd667d58ad5c40c77fb7d2eceb7de6a94656ac8c0e64b
12,4550,0.364,0xbea606631b65b8f0279879b0ffe00dbb7fdfba9a,2017-11-02T07:32:39.000Z,0.00008,0xa3ba6027195a994882ba3233d5bbda39c9281df6,buy,0xe8ff5c9c75deb346acac493c463c8950be03dfba,0x3b9846fe408853733811e820ca784c4c545a0630ec59a869243e2b876b2a4e46
13,430,0.034185,0xbea606631b65b8f0279879b0ffe00dbb7fdfba9a,2017-11-02T07:31:08.000Z,0.0000795,0xa82d767cdf1f63a3078b8dfe7b35204605d3e59f,buy,0xe8ff5c9c75deb346acac493c463c8950be03dfba,0x27be30ad9ea397ce8c97710800f1490834f07319d3308e4b88c26639831a36b2
14,2590,0.20461,0xbc5ecc8cdb94ede945beba4f51fa3b1af1e6da44,2017-11-02T06:00:12.000Z,0.000079,0x2be2ec48d224b2283638014e4794170f7ca87739,buy,0xe8ff5c9c75deb346acac493c463c8950be03dfba,0x2a9890dea5d9b22e462d4e393f2ebf83b77c08b0947dfa6772f4cbc9e80d5fb5
15,2674,0.212845052,0xbc5ecc8cdb94ede945beba4f51fa3b1af1e6da44,2017-11-02T06:00:12.000Z,0.000079598,0xad52133284be6b31bc5888a170daebd8776885ea,buy,0xe8ff5c9c75deb346acac493c463c8950be03dfba,0x498d3f79886e8cb043f4adfe9669142b0a7ef077953ad8b6c62e3f43e8843677
16,8.754084473215283,0.000586961363929084,0x009a12d4290630bc01fd82516ac57c1dc6a9bcfb,2017-11-02T05:16:39.000Z,0.00006704999999999992,0x80f708a216c219577291bc2d0956d0d7c4a40092,sell,0xe8ff5c9c75deb346acac493c463c8950be03dfba,0xa4dcaa7f7dc3790c089a3fd2ec71c291ffd0c66f81b2df26115c03c44546123d
17,87812.2213508225,5.8878094415726485,0x009a12d4290630bc01fd82516ac57c1dc6a9bcfb,2017-11-02T05:15:33.000Z,0.00006704999999999999,0x80f708a216c219577291bc2d0956d0d7c4a40092,sell,0xe8ff5c9c75deb346acac493c463c8950be03dfba,0x4e917fe08fbf798beebd9d0fc81a568b0bf2d88deb5199a36b985e649fdc361e
18,500,0.037,0xd1f9eb61ad476170a6ac5e6ccf064b3306e54e44,2017-11-02T05:14:31.000Z,0.000074,0x80f708a216c219577291bc2d0956d0d7c4a40092,sell,0xe8ff5c9c75deb346acac493c463c8950be03dfba,0x37eb6d7371d8c5a2a046d24b4dcf877a12e20fc50bef65fb3ce7a131d387cfa1
19,500,0.0365,0xd1f9eb61ad476170a6ac5e6ccf064b3306e54e44,2017-11-02T05:14:00.000Z,0.000073,0x80f708a216c219577291bc2d0956d0d7c4a40092,sell,0xe8ff5c9c75deb346acac493c463c8950be03dfba,0xb7f082ac69a32d4adde6616d3add2678b612327f1a0f09a29477de6bb95909e4
20,379.921,0.02659447,0xa82d767cdf1f63a3078b8dfe7b35204605d3e59f,2017-11-02T05:14:00.000Z,0.00007,0x80f708a216c219577291bc2d0956d0d7c4a40092,sell,0xe8ff5c9c75deb346acac493c463c8950be03dfba,0xe7f66e0cd03cd49027f6d3b8ba96bef88ab635940b3a9e5e6489ac2a1714e69f
21,500,0.0375,0xd1f9eb61ad476170a6ac5e6ccf064b3306e54e44,2017-11-02T05:13:33.000Z,0.000075,0x80f708a216c219577291bc2d0956d0d7c4a40092,sell,0xe8ff5c9c75deb346acac493c463c8950be03dfba,0xee474d950699f2a6d33dc9dddad1bdf22c2d75db10c913dc50d3128647d16bb0
22,500,0.0385,0xd1f9eb61ad476170a6ac5e6ccf064b3306e54e44,2017-11-02T05:13:30.000Z,0.000077,0x80f708a216c219577291bc2d0956d0d7c4a40092,sell,0xe8ff5c9c75deb346acac493c463c8950be03dfba,0xeed24d0bec36180fa0f43027aaabf2a1cb5f6e4960e3fdee60daf8d531942d49
23,500,0.039,0xd1f9eb61ad476170a6ac5e6ccf064b3306e54e44,2017-11-02T05:13:16.000Z,0.000078,0x80f708a216c219577291bc2d0956d0d7c4a40092,sell,0xe8ff5c9c75deb346acac493c463c8950be03dfba,0xa2b3b1472d3cd7f0676ef7d7d0a119671ff97f68eea765b4ae39707cc3121f6c
24,9000,0.639,0x2be2ec48d224b2283638014e4794170f7ca87739,2017-11-02T05:12:45.000Z,0.000071,0x80f708a216c219577291bc2d0956d0d7c4a40092,sell,0xe8ff5c9c75deb346acac493c463c8950be03dfba,0x4932f5c3266aeeaa602d091d8923c131dedec5268f9fcd82ab60c32b63f3226c
25,100,0.0079,0xd1f9eb61ad476170a6ac5e6ccf064b3306e54e44,2017-11-02T03:25:40.000Z,0.000079,0x2be2ec48d224b2283638014e4794170f7ca87739,buy,0xe8ff5c9c75deb346acac493c463c8950be03dfba,0x8dd8c9e38d6c6d9352d0cf6426f2d806968aa8d9cbcc943f269561f7efaa2261
26,89.31,0.00669825,0xd1f9eb61ad476170a6ac5e6ccf064b3306e54e44,2017-11-02T03:10:43.000Z,0.000075,0x2364e6ea3e35a8fa696fa56f2e56ab62e0583f28,buy,0xe8ff5c9c75deb346acac493c463c8950be03dfba,0x28eb0e1129b84a4e44c979e220ad6a9d9bfeca67f989fbc4e9487735e99bc14b
27,1,0.000075,0xe2b48b3dd0b33283b4802e63e65518f27e635054,2017-11-02T02:15:26.000Z,0.000075,0x2364e6ea3e35a8fa696fa56f2e56ab62e0583f28,buy,0xe8ff5c9c75deb346acac493c463c8950be03dfba,0xd727a45c352408944e381bd79580bf5c5042c87f4e1edb5d261738cf78917fb4
28,1,0.000075,0xed2ca7381d82f8fb9bcc54ea6ab6526e35aece25,2017-11-02T02:14:56.000Z,0.000075,0x2364e6ea3e35a8fa696fa56f2e56ab62e0583f28,buy,0xe8ff5c9c75deb346acac493c463c8950be03dfba,0x2beb10af491c216021945dbfb037c5baea5c51f894774d54852bd39c94a4785a
29,6141.758,0.432993939,0x2be2ec48d224b2283638014e4794170f7ca87739,2017-11-02T01:09:29.000Z,0.0000705,0xd34da1e237e78e32840f26722950a43b9531edab,sell,0xe8ff5c9c75deb346acac493c463c8950be03dfba,0x8500a512e59894d349a1b2eb84e1e30726f743333c7698a2f0b2894ca97a7ccd
30,380,0.027018,0xc9a07de10d3422f3ca8ecfdaaab08e6edbbe570e,2017-11-02T01:07:37.000Z,0.0000711,0xd34da1e237e78e32840f26722950a43b9531edab,sell,0xe8ff5c9c75deb346acac493c463c8950be03dfba,0x7641f9ba5eedc39baa86ebe29f292cba3d900ab72b0b15d8ccf6a41ed112ff1d
31,997.0078097896521,0.07028905059017047,0x2be2ec48d224b2283638014e4794170f7ca87739,2017-11-01T23:35:23.000Z,0.00007049999999999999,0x54ba769f8ddf9cc93f3d5e504f13cd072aa3bda6,sell,0xe8ff5c9c75deb346acac493c463c8950be03dfba,0x65228c35731f44d102d31091ea3047423ece42a7f20d9da9c6bee678a261ed44
32,712.3616787957333,0.051290040873292794,0x085b49359e681524c631a82465bfc79b6eb68ce5,2017-11-01T22:53:31.000Z,0.00007199999999999999,0xd34da1e237e78e32840f26722950a43b9531edab,sell,0xe8ff5c9c75deb346acac493c463c8950be03dfba,0xc16eed667461d425af919eb5a885500b9624907055868a429a036569a172b34e
33,300,0.0216,0x085b49359e681524c631a82465bfc79b6eb68ce5,2017-11-01T22:22:02.000Z,0.000072,0x3b07174592fba512424ffdd73b06c1889e194526,sell,0xe8ff5c9c75deb346acac493c463c8950be03dfba,0xa0a25d0426b24e54a1cbe29025e89174445123e98e5a06fd40d8c3ced3804114
34,3987.638321204267,0.2871099591267072,0x085b49359e681524c631a82465bfc79b6eb68ce5,2017-11-01T22:22:02.000Z,0.00007199999999999999,0xd34da1e237e78e32840f26722950a43b9531edab,sell,0xe8ff5c9c75deb346acac493c463c8950be03dfba,0xbb67778b385bed786182bdfb2d846dbf4239e31667ec0fedf9a06545697daa9e
35,8291.313917189456,0.5970658064907298,0x2364e6ea3e35a8fa696fa56f2e56ab62e0583f28,2017-11-01T20:04:53.000Z,0.00007201099999999999,0xcb905422f21f848887a5c6f320ac4570476ea01f,sell,0xe8ff5c9c75deb346acac493c463c8950be03dfba,0x308103f649b60fc785debe2d6bca3b70fdb5038aba20ffc353b980bad41b8098
36,58.5191873819789,0.004388939053648417,0xcb905422f21f848887a5c6f320ac4570476ea01f,2017-11-01T19:50:53.000Z,0.00007499999999999998,0x2364e6ea3e35a8fa696fa56f2e56ab62e0583f28,sell,0xe8ff5c9c75deb346acac493c463c8950be03dfba,0x56029ef495e983ac48d7d8f09524bb256cd3a83fb6002615e3a889a07d244817
37,310,0.02449,0x77f23349cd32ddeb4aaeaf4d351f7234ab5de6ac,2017-11-01T19:34:01.000Z,0.000079,0x2be2ec48d224b2283638014e4794170f7ca87739,buy,0xe8ff5c9c75deb346acac493c463c8950be03dfba,0xbb735047d29dc97744e11ef351ca83648f07557e973270393fb0fd74b764b975
38,380,0.02964,0x77f23349cd32ddeb4aaeaf4d351f7234ab5de6ac,2017-11-01T19:32:02.000Z,0.000078,0xa82d767cdf1f63a3078b8dfe7b35204605d3e59f,buy,0xe8ff5c9c75deb346acac493c463c8950be03dfba,0xdddf6c9bac6f134ba0eae64525a4c9347228310f59ce70cf40548c543f40e017
39,4270.76064200977,0.30322400558269363,0xcb905422f21f848887a5c6f320ac4570476ea01f,2017-11-01T19:07:13.000Z,0.00007099999999999999,0x319ac567472896a08e28e6235a5e47a5429457eb,sell,0xe8ff5c9c75deb346acac493c463c8950be03dfba,0xe7c9f8a5dbbe23138243079bf35782bd2b11d5128952fdb93b3b802c543c9b40
40,3987.7371324199216,0.2831293364018144,0xcb905422f21f848887a5c6f320ac4570476ea01f,2017-11-01T19:04:09.000Z,0.00007099999999999999,0x1943d4b6ef3e8b4cbf217a515483129832526f1c,sell,0xe8ff5c9c75deb346acac493c463c8950be03dfba,0x1859bb4f217d4647632cfa1025f655aad4ee7ef55e8daf22cb48f998e67a36d4
41,0.28521072591814767,0.000020107356177229,0x2be2ec48d224b2283638014e4794170f7ca87739,2017-11-01T18:39:27.000Z,0.00007049999999999856,0xcb905422f21f848887a5c6f320ac4570476ea01f,sell,0xe8ff5c9c75deb346acac493c463c8950be03dfba,0x7b21dbd5f4e4aad7b50d3c5209e795cbcf9fe7d743bd904203928768e9c5d3af
42,2860.948791684939,0.2016968898137882,0x2be2ec48d224b2283638014e4794170f7ca87739,2017-11-01T18:37:30.000Z,0.00007049999999999999,0xcb905422f21f848887a5c6f320ac4570476ea01f,sell,0xe8ff5c9c75deb346acac493c463c8950be03dfba,0x19af84ef2bf9947972b0c8087114bf7d8d4dc55d25b7f981b5e09f096fc891cf
43,8444.957,0.5953694685,0x2be2ec48d224b2283638014e4794170f7ca87739,2017-11-01T18:29:39.000Z,0.0000705,0xcb905422f21f848887a5c6f320ac4570476ea01f,sell,0xe8ff5c9c75deb346acac493c463c8950be03dfba,0x142481ea1820d1d8101ba5cfd74dbd582bbb845aea766b7bc276e27fa1ccf7f3
44,5760,0.40608576,0x3b07174592fba512424ffdd73b06c1889e194526,2017-11-01T18:24:14.000Z,0.000070501,0xcb905422f21f848887a5c6f320ac4570476ea01f,sell,0xe8ff5c9c75deb346acac493c463c8950be03dfba,0xdd9607c1d5955013f8326caeba2d657975e9763e1f240fa36d0299c88e115504
45,5000,0.3356,0x2be2ec48d224b2283638014e4794170f7ca87739,2017-11-01T18:07:11.000Z,0.00006712,0xcb905422f21f848887a5c6f320ac4570476ea01f,sell,0xe8ff5c9c75deb346acac493c463c8950be03dfba,0xadab3a327c6debb311e13a9837fef7c85e9b372856d08eaf62af809cbe29f857
46,19188,1.4611662,0x2be2ec48d224b2283638014e4794170f7ca87739,2017-11-01T18:02:32.000Z,0.00007615,0xe00c7cb9781832336ab18c2b24ed5629defe1f46,buy,0xe8ff5c9c75deb346acac493c463c8950be03dfba,0x8f6610ec17b93989f629ce789b3b8950956e267d55af8c66442ca2e3b0cbfe5e
47,22132.389603939162,1.5713996618796806,0xcb905422f21f848887a5c6f320ac4570476ea01f,2017-11-01T17:58:52.000Z,0.00007099999999999999,0xe5e0cb9240cda562105f27470ab638a7c048a8dc,sell,0xe8ff5c9c75deb346acac493c463c8950be03dfba,0xf2ffcf8e2bd4245a86bde84f010f50c9ad7873a0a16d7dfe2a09a8dec2017496
48,3228.11,0.24337366912,0x2be2ec48d224b2283638014e4794170f7ca87739,2017-11-01T17:57:39.000Z,0.000075392,0x592c6dc01e055c73c938fdd3063356f1044dbb14,buy,0xe8ff5c9c75deb346acac493c463c8950be03dfba,0xf493d80c764adb3beb0f032396a395626bf565916376c9a14380cfc6c0dd1cec
49,25846,1.91182862,0x2be2ec48d224b2283638014e4794170f7ca87739,2017-11-01T17:56:22.000Z,0.00007397,0xdcb473fbd3c1f82901e636df558980cab22d2de8,buy,0xe8ff5c9c75deb346acac493c463c8950be03dfba,0x9da57a7731f1c04a10fcb649e58b3ced8ad02869627ac6b7f1d1118267ad0dee
50,19065.769,1.4070537522,0x2be2ec48d224b2283638014e4794170f7ca87739,2017-11-01T17:53:05.000Z,0.0000738,0xfde39d72b8a81abdeb7d0b4201f08d5e3bb2ca80,buy,0xe8ff5c9c75deb346acac493c463c8950be03dfba,0x321cc12c4963e1a8e85804c9e3063bebf05794463175b4c210568af1b10d6aa4
51,2032.3186361921066,0.15018834721459667,0x2be2ec48d224b2283638014e4794170f7ca87739,2017-11-01T17:53:05.000Z,0.0000739,0x34b62809df67ca50355e34c62035f0f349e001c7,buy,0xe8ff5c9c75deb346acac493c463c8950be03dfba,0x74c3b4ccad84ee2ea7104eb84058a9460884744046bfce88de3d6b3dcacf33f7
52,3000,0.216,0x2be2ec48d224b2283638014e4794170f7ca87739,2017-11-01T17:53:05.000Z,0.000072,0x1f60e7726d8063b9729496e109c6e4423c0ce669,buy,0xe8ff5c9c75deb346acac493c463c8950be03dfba,0x6c25e3699deb1352b3856e7b81b7cb9299d8be56b4fa9f1014c5a5250d376825
53,45000,3.149955,0x2be2ec48d224b2283638014e4794170f7ca87739,2017-11-01T17:13:16.000Z,0.000069999,0xb6c6f37cebff29932720e2acdd1cdee7e757e908,buy,0xe8ff5c9c75deb346acac493c463c8950be03dfba,0xf6a6a297d8a55b777efe1c631690c1484bd999463e7c85ab742d693c12bb614f
54,42257.46634885612,2.9579381294872307,0x2be2ec48d224b2283638014e4794170f7ca87739,2017-11-01T17:07:21.000Z,0.000069998,0xdcb473fbd3c1f82901e636df558980cab22d2de8,buy,0xe8ff5c9c75deb346acac493c463c8950be03dfba,0x1ac25f95280b818e98e38374f0f4038cab9f1a934e6dd8774849943286f01d20
55,18302.680927269048,1.2811510595469788,0x2364e6ea3e35a8fa696fa56f2e56ab62e0583f28,2017-11-01T17:06:50.000Z,0.000069998,0xdcb473fbd3c1f82901e636df558980cab22d2de8,buy,0xe8ff5c9c75deb346acac493c463c8950be03dfba,0x9b7b36296826e22067507d68b5b86c34cb91747b08fb47fb4ec3300baa252dff
56,5.116348953140578,0.000409307916251246,0x493a2afd4d49a26fe1d9e2009af23308676a0657,2017-11-01T17:05:34.000Z,0.00007999999999999994,0x1d5321e125f6c7079a716705541c7b371ca79e69,sell,0xe8ff5c9c75deb346acac493c463c8950be03dfba,0x5d5fcb4793d0d24248a227c377b623c4f4d14466f8394af8b393b5402ee2c9ea
57,5.131698,0.000359208596604,0x1d5321e125f6c7079a716705541c7b371ca79e69,2017-11-01T17:05:34.000Z,0.000069998,0xdcb473fbd3c1f82901e636df558980cab22d2de8,buy,0xe8ff5c9c75deb346acac493c463c8950be03dfba,0x5d5fcb4793d0d24248a227c377b623c4f4d14466f8394af8b393b5402ee2c9ea
58,17518.762189549732,1.2262783157441022,0x2364e6ea3e35a8fa696fa56f2e56ab62e0583f28,2017-11-01T16:35:45.000Z,0.000069998,0xdcb473fbd3c1f82901e636df558980cab22d2de8,buy,0xe8ff5c9c75deb346acac493c463c8950be03dfba,0x8252bfa4e2dd5cab6126d14a140e2f739574123b8f571ebe921d7c1ebbf8d853
59,11397.257480044083,0.7977852290881258,0x2364e6ea3e35a8fa696fa56f2e56ab62e0583f28,2017-11-01T16:17:08.000Z,0.000069998,0xdcb473fbd3c1f82901e636df558980cab22d2de8,buy,0xe8ff5c9c75deb346acac493c463c8950be03dfba,0xe2f42ed50b2d598f47a3b10ccc417d05bfab799ba9af691f3156ecc6acd8c927
60,840,0.05838,0x2364e6ea3e35a8fa696fa56f2e56ab62e0583f28,2017-11-01T16:13:44.000Z,0.0000695,0xf56c9a1a4421558224bac56049ee96fd038b6459,buy,0xe8ff5c9c75deb346acac493c463c8950be03dfba,0x8741e9ba6fb7d7b040bfb3ef06b27b8a179b31736fec0a299a78c50c91340e52
61,1710.566,0.119736198868,0x273a5d3e6721b9f5c1a6474f560c1334c63dda01,2017-11-01T16:11:42.000Z,0.000069998,0xdcb473fbd3c1f82901e636df558980cab22d2de8,buy,0xe8ff5c9c75deb346acac493c463c8950be03dfba,0x813827773fb5b39b1288b684a457d6961bbd0039e0184e54e2b89cd102aef0f0
62,1705.434302,0.13643474416,0x493a2afd4d49a26fe1d9e2009af23308676a0657,2017-11-01T16:11:42.000Z,0.00008,0x273a5d3e6721b9f5c1a6474f560c1334c63dda01,sell,0xe8ff5c9c75deb346acac493c463c8950be03dfba,0x813827773fb5b39b1288b684a457d6961bbd0039e0184e54e2b89cd102aef0f0
63,2421.1353562810195,0.16947463266895882,0xa5a138611991cf8e1f0b32450cd1e9eb54826f8f,2017-11-01T15:58:25.000Z,0.000069998,0xdcb473fbd3c1f82901e636df558980cab22d2de8,buy,0xe8ff5c9c75deb346acac493c463c8950be03dfba,0x0d7ff6e1381fc66afc02190180fb12320b8100069eaedf9eb98fb28eef1aafa6
64,1337,0.093587326,0x273a5d3e6721b9f5c1a6474f560c1334c63dda01,2017-11-01T14:37:24.000Z,0.000069998,0xdcb473fbd3c1f82901e636df558980cab22d2de8,buy,0xe8ff5c9c75deb346acac493c463c8950be03dfba,0xc3a40521287489e9d960524c34bd80cd06732cc9415318a7a7d3011e5a7b7550
65,1332.989,0.106103258422,0xad52133284be6b31bc5888a170daebd8776885ea,2017-11-01T14:37:24.000Z,0.000079598,0x273a5d3e6721b9f5c1a6474f560c1334c63dda01,sell,0xe8ff5c9c75deb346acac493c463c8950be03dfba,0xc3a40521287489e9d960524c34bd80cd06732cc9415318a7a7d3011e5a7b7550
66,5000,0.34999,0x46dc6b56513ae75026900e7fd27aaf835cd0163a,2017-11-01T14:16:49.000Z,0.000069998,0xdcb473fbd3c1f82901e636df558980cab22d2de8,buy,0xe8ff5c9c75deb346acac493c463c8950be03dfba,0x099e50d8dd4ff8e17050dd55b86fcf3b5d6e532825cb3351a05755889c8cdd48
67,4728.71562113067,0.3262813778580162,0x46dc6b56513ae75026900e7fd27aaf835cd0163a,2017-11-01T14:15:01.000Z,0.000069,0x28d10cad81533a6909ce5bf005ce8eae67206d4a,buy,0xe8ff5c9c75deb346acac493c463c8950be03dfba,0xb9166133d5bfd76f77bb79ab685a6f2e016f8bb5f27fc0336cebe632024d9063
68,5000,0.3445,0x46dc6b56513ae75026900e7fd27aaf835cd0163a,2017-11-01T14:15:01.000Z,0.0000689,0xf56c9a1a4421558224bac56049ee96fd038b6459,buy,0xe8ff5c9c75deb346acac493c463c8950be03dfba,0x20ec378770e45520b775658fd70fe6e6acbe5496764cf51f380a7c108eb5d8d2
69,5000,0.335,0x1f60e7726d8063b9729496e109c6e4423c0ce669,2017-11-01T14:12:59.000Z,0.000067,0xf56c9a1a4421558224bac56049ee96fd038b6459,buy,0xe8ff5c9c75deb346acac493c463c8950be03dfba,0xbab357169ea5a5011a3a71f0d8fd0988413eb4da4f0c841c1d0e1306195ff83f
70,2018.6681997754972,0.13928810578450931,0xaa023e26c6b1373fd3313dd21fe918ca48e3f88b,2017-11-01T14:01:08.000Z,0.000069,0x28d10cad81533a6909ce5bf005ce8eae67206d4a,buy,0xe8ff5c9c75deb346acac493c463c8950be03dfba,0x8d3589f39b7c8737a12dcc0215ed7d9cc4bc97af9b355aa93dc4aab045071da9
71,1508.6161790938331,0.10409451635747448,0xc3e28129d2e3b78f2fd902345fba3463fc2af72c,2017-11-01T13:27:35.000Z,0.000069,0x28d10cad81533a6909ce5bf005ce8eae67206d4a,buy,0xe8ff5c9c75deb346acac493c463c8950be03dfba,0x744c44754cfc01f3c577f051ff58f076839a47b2c327b7a9d55066a3bc8db589
72,50,0.0034999,0x542f9a56345aef94a0658b2d235fbc737c944622,2017-11-01T12:38:38.000Z,0.000069998,0xdcb473fbd3c1f82901e636df558980cab22d2de8,buy,0xe8ff5c9c75deb346acac493c463c8950be03dfba,0xebf62b59b5597f55ad7b3fd36aed844d821c2959d597441bf5a8e147d0e8b68a
73,50000,3.49995,0x9778550d76b07ac9f5e57392f68ecdf6efc1774e,2017-11-01T11:41:32.000Z,0.000069999,0xb6c6f37cebff29932720e2acdd1cdee7e757e908,buy,0xe8ff5c9c75deb346acac493c463c8950be03dfba,0x4e8c5dcd98300c7777c2e0517201ec5597607e823d47cb6f466bff96da42a202
74,50000,3.49995,0x9778550d76b07ac9f5e57392f68ecdf6efc1774e,2017-11-01T11:31:30.000Z,0.000069999,0xb6c6f37cebff29932720e2acdd1cdee7e757e908,buy,0xe8ff5c9c75deb346acac493c463c8950be03dfba,0xe91fd7a1541334cb78ab76c9ec1abaabb6463fb7ac8e372ab9477e39afa8867e
75,5000,0.34999,0x9778550d76b07ac9f5e57392f68ecdf6efc1774e,2017-11-01T11:09:31.000Z,0.000069998,0xe00c7cb9781832336ab18c2b24ed5629defe1f46,buy,0xe8ff5c9c75deb346acac493c463c8950be03dfba,0x8cca53a387228632153d302e9d482fe0f2af6b11417f653291944c293a68d617
76,19059.683,1.334158750317,0x9778550d76b07ac9f5e57392f68ecdf6efc1774e,2017-11-01T11:09:31.000Z,0.000069999,0x592c6dc01e055c73c938fdd3063356f1044dbb14,buy,0xe8ff5c9c75deb346acac493c463c8950be03dfba,0x6f8539c70934c1787f6fd2c13b1d4dc551fea322b9eaa9182f74598dc6134f3b
77,24973,1.7456127,0x9778550d76b07ac9f5e57392f68ecdf6efc1774e,2017-11-01T11:09:11.000Z,0.0000699,0xfbf7dc0756a9768d0c71aea5f8421f3b1eaee7d1,buy,0xe8ff5c9c75deb346acac493c463c8950be03dfba,0x7d9a87d59fd172a197b70f6a931109f7743676055dfdca9bd4b28f4b02c185e1
78,20.4376119549992,0.001287569553164949,0xc3e28129d2e3b78f2fd902345fba3463fc2af72c,2017-11-01T10:01:14.000Z,0.00006299999999999997,0x009a12d4290630bc01fd82516ac57c1dc6a9bcfb,sell,0xe8ff5c9c75deb346acac493c463c8950be03dfba,0x1307b17f2f1db07812252daa06a81ff422fb1b8e4a327c940b526215ffad45ba
79,15395.330975044082,0.9637477190377596,0x592c6dc01e055c73c938fdd3063356f1044dbb14,2017-11-01T09:47:12.000Z,0.0000626,0xda13f00998b58cfff2289438bd203784a760f00f,buy,0xe8ff5c9c75deb346acac493c463c8950be03dfba,0x6048dc3c79eb8dbf90e8f5c1cbce9acce7aab2fe2a8aa31840d604dfb18f0608
80,2640,0.16526928,0xc3e28129d2e3b78f2fd902345fba3463fc2af72c,2017-11-01T09:46:02.000Z,0.000062602,0xda13f00998b58cfff2289438bd203784a760f00f,buy,0xe8ff5c9c75deb346acac493c463c8950be03dfba,0xcc7c0b06d8075546e5fe1f54bcde2f87d9b9b03c51aa5de4cf2ed2f66083dd15
81,6891.779070955571,0.4314391533999607,0x592c6dc01e055c73c938fdd3063356f1044dbb14,2017-11-01T09:40:36.000Z,0.000062602,0x9778550d76b07ac9f5e57392f68ecdf6efc1774e,sell,0xe8ff5c9c75deb346acac493c463c8950be03dfba,0x7b9173c43e658d2bffcfdf6942c6283fb57be79703738957c778aaf8d4d254e8
82,5000,0.315,0x1f60e7726d8063b9729496e109c6e4423c0ce669,2017-11-01T09:38:53.000Z,0.000063,0x9778550d76b07ac9f5e57392f68ecdf6efc1774e,sell,0xe8ff5c9c75deb346acac493c463c8950be03dfba,0x8822b8569e88841f028ae3d79655ed127a3704eeaa343d8962fb9b02c1f39605
83,2000,0.127,0x5a4c698bbf79ad5f272927e08d1f3747eb63f182,2017-11-01T09:38:53.000Z,0.0000635,0x9778550d76b07ac9f5e57392f68ecdf6efc1774e,sell,0xe8ff5c9c75deb346acac493c463c8950be03dfba,0x423adaf4f306682764251d604196b0dfb0fcc3da6c08cbc9bc4998b0efe8001c
84,5000,0.325,0x1f60e7726d8063b9729496e109c6e4423c0ce669,2017-11-01T09:38:04.000Z,0.000065,0x9778550d76b07ac9f5e57392f68ecdf6efc1774e,sell,0xe8ff5c9c75deb346acac493c463c8950be03dfba,0xe221ab38b9a0c6a2f2478fb73a4e97696f6b5adae3c56c8d4a37267064661ae4
85,5000,0.325,0x1f60e7726d8063b9729496e109c6e4423c0ce669,2017-11-01T09:35:24.000Z,0.000065,0xda13f00998b58cfff2289438bd203784a760f00f,sell,0xe8ff5c9c75deb346acac493c463c8950be03dfba,0xc44bbf282fbf22517a5c5174ca9c8f00c7ff1d4230c0cc4011d0eec9e69c08e4
86,5000,0.315,0x1f60e7726d8063b9729496e109c6e4423c0ce669,2017-11-01T09:34:39.000Z,0.000063,0xda13f00998b58cfff2289438bd203784a760f00f,sell,0xe8ff5c9c75deb346acac493c463c8950be03dfba,0x722972bc5d6ead74bb1666e85294245fb2735e8c85a0e18bb725f1954f53bf01
87,19049,1.331506051,0x9778550d76b07ac9f5e57392f68ecdf6efc1774e,2017-11-01T09:25:29.000Z,0.000069899,0x592c6dc01e055c73c938fdd3063356f1044dbb14,buy,0xe8ff5c9c75deb346acac493c463c8950be03dfba,0xda4ef4893978f4ccaa84a83098ae68f796fcafb49859eb84e4e67d1247619999
88,10,0.00069899,0x009a12d4290630bc01fd82516ac57c1dc6a9bcfb,2017-11-01T09:14:21.000Z,0.000069899,0x592c6dc01e055c73c938fdd3063356f1044dbb14,buy,0xe8ff5c9c75deb346acac493c463c8950be03dfba,0xc8d897378cbb10229b99546ea59aded7dd87d0e6efe83c6249e1a8695868c6d5
89,3972.6850690382607,0.24432013174585304,0xfbf7dc0756a9768d0c71aea5f8421f3b1eaee7d1,2017-11-01T08:12:24.000Z,0.00006149999999999999,0xe772fd7c870306f7cc093a7bcc99687c123719e7,sell,0xe8ff5c9c75deb346acac493c463c8950be03dfba,0xdf445ac7b373dda0756b25d117f6612f60ee563776e70593d1447c7538193794
90,5000,0.315,0x1f60e7726d8063b9729496e109c6e4423c0ce669,2017-11-01T08:11:12.000Z,0.000063,0xe772fd7c870306f7cc093a7bcc99687c123719e7,sell,0xe8ff5c9c75deb346acac493c463c8950be03dfba,0x584f051fe2e89f1fe6bc202ba9cd928f3a959b24477478b03c9fc9dea354b4c7
91,21000,1.2915,0xfbf7dc0756a9768d0c71aea5f8421f3b1eaee7d1,2017-11-01T07:50:46.000Z,0.0000615,0xdd624bea508e0bf6485c7fab6a1dafcb12079f1a,sell,0xe8ff5c9c75deb346acac493c463c8950be03dfba,0xe9b5b3b0eb3e24809154d0a464f579b38c13c8752c3d59752d6b5d246176233b
92,5000,0.315,0x1f60e7726d8063b9729496e109c6e4423c0ce669,2017-11-01T07:50:31.000Z,0.000063,0xdd624bea508e0bf6485c7fab6a1dafcb12079f1a,sell,0xe8ff5c9c75deb346acac493c463c8950be03dfba,0xd96489acb39ac76f28053bf8163f532eadc29f2733a6a9648ad34c4648b9bb46
93,4000,0.26,0x1f60e7726d8063b9729496e109c6e4423c0ce669,2017-11-01T07:49:40.000Z,0.000065,0xdd624bea508e0bf6485c7fab6a1dafcb12079f1a,sell,0xe8ff5c9c75deb346acac493c463c8950be03dfba,0xed5c7d4c8fe59e6a73aec12eb8ee0aab5234bc3449b433f4ea97ee1e241d6ddd
94,3000,0.209997,0x78cd811cbe7cbd320f36868ae33494c7eea39e08,2017-11-01T06:55:32.000Z,0.000069999,0x592c6dc01e055c73c938fdd3063356f1044dbb14,buy,0xe8ff5c9c75deb346acac493c463c8950be03dfba,0xda810c467cd6fb5a4957fc253d7818d2be44697e825b6c6668d9a92bda7d7140
95,5000,0.349995,0x6d2f27149fbf6c559008e95ede61ff20f3e4b847,2017-11-01T06:55:09.000Z,0.000069999,0xb6c6f37cebff29932720e2acdd1cdee7e757e908,buy,0xe8ff5c9c75deb346acac493c463c8950be03dfba,0x088f0a5bae483b07843102c17c075fd3d9783d6b22f7788cdc17d2af9975505c
96,4985,0.3564275,0x1f60e7726d8063b9729496e109c6e4423c0ce669,2017-11-01T06:55:09.000Z,0.0000715,0x6d2f27149fbf6c559008e95ede61ff20f3e4b847,sell,0xe8ff5c9c75deb346acac493c463c8950be03dfba,0x088f0a5bae483b07843102c17c075fd3d9783d6b22f7788cdc17d2af9975505c
97,96851.81187995827,5.912803115271452,0x009a12d4290630bc01fd82516ac57c1dc6a9bcfb,2017-11-01T05:14:59.000Z,0.00006104999999999999,0x5cb2398a6327e86d2f0dedce4dec0df7dc87b95e,sell,0xe8ff5c9c75deb346acac493c463c8950be03dfba,0x61dfea3447e419345eb3c83eb0ab9464cd5ba60465022d6d9bae2176e886f075
98,100,0.007,0x542f9a56345aef94a0658b2d235fbc737c944622,2017-11-01T05:03:32.000Z,0.00007,0xf56c9a1a4421558224bac56049ee96fd038b6459,buy,0xe8ff5c9c75deb346acac493c463c8950be03dfba,0x64a445ad5305f68d3219cdfd05183e6c6d77b4a36a115b1ddfab74cce09499a6
99,2950,0.218182,0xd1f9eb61ad476170a6ac5e6ccf064b3306e54e44,2017-11-01T03:58:22.000Z,0.00007396,0xda13f00998b58cfff2289438bd203784a760f00f,buy,0xe8ff5c9c75deb346acac493c463c8950be03dfba,0x3047f10494725b22d796e2d0dd277f32ac8c4160523bc8dd196779e02abee4df
100,4550,0.33651345,0xd1f9eb61ad476170a6ac5e6ccf064b3306e54e44,2017-11-01T03:24:42.000Z,0.000073959,0xf56c9a1a4421558224bac56049ee96fd038b6459,buy,0xe8ff5c9c75deb346acac493c463c8950be03dfba,0x11974d82ecfaabc286fd39b4ae8e5e7dde1146e2f6f525a79fe990271d7cc7ea
101,42500,2.5925,0xd1f9eb61ad476170a6ac5e6ccf064b3306e54e44,2017-11-01T02:32:56.000Z,0.000061,0xda13f00998b58cfff2289438bd203784a760f00f,sell,0xe8ff5c9c75deb346acac493c463c8950be03dfba,0x96f26c699a1aafa444a7e200cc90341b990cba956ea1ab02959ceacc9668e28a
102,1617.1815235502647,0.11963908911224858,0x7cb0d6dc2265be0f39bccf6e626344373379bee0,2017-10-31T23:13:16.000Z,0.00007398,0xda13f00998b58cfff2289438bd203784a760f00f,buy,0xe8ff5c9c75deb346acac493c463c8950be03dfba,0x6731182bc49c859c68611c9511393cd58674cfd0077c9948a4d2e6a0c0af3bc8
103,4934.70242249028,0.29859884358488686,0x2be2ec48d224b2283638014e4794170f7ca87739,2017-10-31T22:52:03.000Z,0.00006050999999999999,0x254deb3b02a6df946e0ab6802d37840bd9b11f57,sell,0xe8ff5c9c75deb346acac493c463c8950be03dfba,0x124e4ebb50c1bce3bf9305219911b19ff0188ad9854c24bc2c2ee68dea28e48b
104,372.9875014056535,0.02759361535399025,0x1cfd5c8828a6462d23b84914e66ec48de4ab2ef2,2017-10-31T21:33:34.000Z,0.00007398,0xda13f00998b58cfff2289438bd203784a760f00f,buy,0xe8ff5c9c75deb346acac493c463c8950be03dfba,0xbdf8cbf7f7aac1a7e0e3f70be84163ced8025f4b1ff714d95081574b50178022
105,12037,0.9063861,0x1cfd5c8828a6462d23b84914e66ec48de4ab2ef2,2017-10-31T21:30:46.000Z,0.0000753,0xcade4b58f998e6c32a016f206b40fa0c0bb37a3b,buy,0xe8ff5c9c75deb346acac493c463c8950be03dfba,0x88f3d95b6ff3aa540835e9c8b5cefc4114267a0e6370590a8c01b53f59ab2895
106,3210.820752286213,0.2247606634807872,0x592c6dc01e055c73c938fdd3063356f1044dbb14,2017-10-31T21:04:14.000Z,0.000070001,0xa3663d0b31ccab1ba72114b3fefd3f86fcc66f34,sell,0xe8ff5c9c75deb346acac493c463c8950be03dfba,0x447e38c924f9307c82189121fb125b01ef782d19b3283db1befd36de691ec977
107,15000,0.8115,0x34b62809df67ca50355e34c62035f0f349e001c7,2017-10-31T19:50:21.000Z,0.0000541,0xda13f00998b58cfff2289438bd203784a760f00f,sell,0xe8ff5c9c75deb346acac493c463c8950be03dfba,0xbbae402b196e6f8b9fd2193c40417bb6bee79f6f79c061e799458824c8fbd73b
108,25000,1.5,0xd1f9eb61ad476170a6ac5e6ccf064b3306e54e44,2017-10-31T19:47:26.000Z,0.00006,0xda13f00998b58cfff2289438bd203784a760f00f,sell,0xe8ff5c9c75deb346acac493c463c8950be03dfba,0x3757cd2f4ec5731a2b4325be3380aa181dc2760500921f6f16d49b95773579fe
109,5.372356606511322,0.000323716719681946,0x23a0ee304fa9ca5782d4f53a5240cd545eed56c2,2017-10-31T18:31:15.000Z,0.00006025599999999996,0x9e73a00d5fc22c56a92ae0055286497a27ae144e,sell,0xe8ff5c9c75deb346acac493c463c8950be03dfba,0xadb7015ec8cadd5a61ad9a180f3712f1bf07aa076a23eb15a9a6fae21caecc5e
110,53890.10911991507,2.9100658924754135,0xf0163f66ec80dda288e753e0a62c8eb71cd38684,2017-10-31T18:26:32.000Z,0.00005399999999999999,0x9e73a00d5fc22c56a92ae0055286497a27ae144e,sell,0xe8ff5c9c75deb346acac493c463c8950be03dfba,0x64cce24458c68ab0c4239dde9848b5cf27d1cb1aac2a5c50958cacb9eba5c3a5
111,825,0.0495,0xc4a19e481aeae198d1886f61654cd62a4c9cd7ec,2017-10-31T18:15:19.000Z,0.00006,0x3dee4a4e076e8d82859d241db0baf46f112cfa23,sell,0xe8ff5c9c75deb346acac493c463c8950be03dfba,0xc0bf981e72c7b5b5e48f34028ff4b6b8a2a68581a52270bfdbdcef1cfc0490b1
112,30000,1.80738,0x65693b9efd9ee1d45a43bc6687d48da4d8f01128,2017-10-31T18:12:36.000Z,0.000060246,0x9e73a00d5fc22c56a92ae0055286497a27ae144e,sell,0xe8ff5c9c75deb346acac493c463c8950be03dfba,0xa8da28bbc61e6e97051d82599bebc3aac6edbe2c79a43481ee85225600a2e137
113,10000,0.625,0x06811a2b589d9a80d20925ab683a32ef796b4648,2017-10-31T18:12:36.000Z,0.0000625,0x9e73a00d5fc22c56a92ae0055286497a27ae144e,sell,0xe8ff5c9c75deb346acac493c463c8950be03dfba,0x10017b25a97466ffa5a6d3f100268a815308b0669d7ed9f44c1b8f0ec3b328de
114,19.121,0.00133847,0xa3663d0b31ccab1ba72114b3fefd3f86fcc66f34,2017-10-31T18:12:36.000Z,0.00007,0x76f0a8184649e94dead41c291bd58f40d7ab3db7,buy,0xe8ff5c9c75deb346acac493c463c8950be03dfba,0x398412f61c92edaf66d9ceb71265a570eb19dde02b9f96359f382dfc1da60cc1
115,20000,1.2,0xbe0ea0d9f4fad90c0a5f61385525bcaed609ce77,2017-10-31T17:59:25.000Z,0.00006,0x9e73a00d5fc22c56a92ae0055286497a27ae144e,sell,0xe8ff5c9c75deb346acac493c463c8950be03dfba,0xc85daf02526ffd66365a76fcceb0f3f93cf3700fed669c1fe82dbe4403be9bdc
116,3334.07,0.22672009407,0xa5a138611991cf8e1f0b32450cd1e9eb54826f8f,2017-10-31T17:59:16.000Z,0.000068001,0x9e73a00d5fc22c56a92ae0055286497a27ae144e,sell,0xe8ff5c9c75deb346acac493c463c8950be03dfba,0xe56bea878a6b4b3bbe95b50cabf40742c28e0bd02fc4cf2525902c5c8cfbfe53
117,15000,0.903765,0x3dee4a4e076e8d82859d241db0baf46f112cfa23,2017-10-31T17:59:16.000Z,0.000060251,0x9e73a00d5fc22c56a92ae0055286497a27ae144e,sell,0xe8ff5c9c75deb346acac493c463c8950be03dfba,0xba00c6e3bcf5435692e9bcfc25d21eb697482574c43d718584b7edd8e1d67095
118,60000,3.612,0xf0163f66ec80dda288e753e0a62c8eb71cd38684,2017-10-31T17:53:39.000Z,0.0000602,0x9e73a00d5fc22c56a92ae0055286497a27ae144e,sell,0xe8ff5c9c75deb346acac493c463c8950be03dfba,0x1f0a5d86354ef1086997a29c65f6ea4bbeb66b96624967d26f6e04665acd92bb
119,73333,4.39998,0xdcb473fbd3c1f82901e636df558980cab22d2de8,2017-10-31T17:53:39.000Z,0.00006,0x9e73a00d5fc22c56a92ae0055286497a27ae144e,sell,0xe8ff5c9c75deb346acac493c463c8950be03dfba,0x7e51aad2fdef1ae578041d325701758ae07aeb463c4ffda370ca380cff2bab47
120,2495,0.17217995,0xa82d767cdf1f63a3078b8dfe7b35204605d3e59f,2017-10-31T17:53:39.000Z,0.00006901,0x9e73a00d5fc22c56a92ae0055286497a27ae144e,sell,0xe8ff5c9c75deb346acac493c463c8950be03dfba,0x990fc6424e2cabcb9585adf22ab6c9e4fb067d20745e43dced17c60310531b65
121,10000,0.68,0xd1f9eb61ad476170a6ac5e6ccf064b3306e54e44,2017-10-31T17:53:39.000Z,0.000068,0x9e73a00d5fc22c56a92ae0055286497a27ae144e,sell,0xe8ff5c9c75deb346acac493c463c8950be03dfba,0x0807342bdc416f9258554f8ec99846cbbb60a864f5d461f96a064cf64269b31e
122,150000,9.03825,0x009a12d4290630bc01fd82516ac57c1dc6a9bcfb,2017-10-31T17:53:30.000Z,0.000060255,0x9e73a00d5fc22c56a92ae0055286497a27ae144e,sell,0xe8ff5c9c75deb346acac493c463c8950be03dfba,0xce5541cd06fbc2f5925cc4f88bfee4721a8bf40cd2cbed5fd30b86c74c82283f
123,41263.42,2.8884394,0x65693b9efd9ee1d45a43bc6687d48da4d8f01128,2017-10-31T17:52:33.000Z,0.00007,0x9e73a00d5fc22c56a92ae0055286497a27ae144e,sell,0xe8ff5c9c75deb346acac493c463c8950be03dfba,0x385ee41bd057faeb2edca600723a9294eab4d1084e973fc76e9c7a473a73d17b
124,3190.4287138584245,0.22364905284147557,0xa5a138611991cf8e1f0b32450cd1e9eb54826f8f,2017-10-31T17:34:08.000Z,0.0000701,0x1d5321e125f6c7079a716705541c7b371ca79e69,sell,0xe8ff5c9c75deb346acac493c463c8950be03dfba,0xff6d7c262b7c9a89acc5c89bcdcd4d38f014ea108163c66a88ee36cf52fb53d0
125,3200,0.21696,0x1d5321e125f6c7079a716705541c7b371ca79e69,2017-10-31T17:34:08.000Z,0.0000678,0x76f0a8184649e94dead41c291bd58f40d7ab3db7,buy,0xe8ff5c9c75deb346acac493c463c8950be03dfba,0xff6d7c262b7c9a89acc5c89bcdcd4d38f014ea108163c66a88ee36cf52fb53d0
126,230,0.0173351,0x9e73a00d5fc22c56a92ae0055286497a27ae144e,2017-10-31T17:24:41.000Z,0.00007537,0x9e73a00d5fc22c56a92ae0055286497a27ae144e,buy,0xe8ff5c9c75deb346acac493c463c8950be03dfba,0xc103f7cec55a4a8e5686872928ead1ccdba139ec3d9b4a098e6d7befad5c0567
127,5977.916146838924,0.44834371101291925,0x517fc43f338b3507a69a1102debeb384644566f9,2017-10-31T16:49:20.000Z,0.000075,0x9e73a00d5fc22c56a92ae0055286497a27ae144e,buy,0xe8ff5c9c75deb346acac493c463c8950be03dfba,0x02c448a332c6a755d3301191bc985d82e59dda185a6c5d44db799673e35a00c8
128,3475.571,0.2596251537,0x517fc43f338b3507a69a1102debeb384644566f9,2017-10-31T16:47:43.000Z,0.0000747,0x82e4d78c6c62d461251fa5a1d4deb9f0fe378e30,buy,0xe8ff5c9c75deb346acac493c463c8950be03dfba,0x169c027ab5d1f36fb1e3dfd231ce4c581984c41a61b272de2c4b86273c53a561
129,867.4590947415893,0.06479919437719672,0x373516bcaca12ec5a336bffb849b8629a230b433,2017-10-31T16:43:16.000Z,0.0000747,0x82e4d78c6c62d461251fa5a1d4deb9f0fe378e30,buy,0xe8ff5c9c75deb346acac493c463c8950be03dfba,0x1ea5c8e20980632b96c289e6db3094dcb1271158708c7ccaeaef9a1d5f560222
130,36971.26393803437,2.761753416171167,0xbca32d1e5c27c003cd739fe756d0fda31604431b,2017-10-31T15:54:58.000Z,0.0000747,0x82e4d78c6c62d461251fa5a1d4deb9f0fe378e30,buy,0xe8ff5c9c75deb346acac493c463c8950be03dfba,0xe913cc617d8cf97d2ee89bccf955d03e570acdd2856af9646ac9a2ddfe00e1f2
131,1087.6283521084638,0.07613507227594457,0x592c6dc01e055c73c938fdd3063356f1044dbb14,2017-10-31T15:50:07.000Z,0.000070001,0x7e3d133519d9f83319315e058d622802f044b4e3,sell,0xe8ff5c9c75deb346acac493c463c8950be03dfba,0x47bca16d0f5138d6ef3134fcdc279ad924afe0e7ae5910669f31a3d314de33d2
132,2554.1257132519713,0.19079319077992224,0x0325631a1a917f87f491f1f8deb9eca6bedcce6c,2017-10-31T15:32:31.000Z,0.0000747,0x82e4d78c6c62d461251fa5a1d4deb9f0fe378e30,buy,0xe8ff5c9c75deb346acac493c463c8950be03dfba,0xfddefd4a6286d60da1a82f37c04c629176273842d393c9d6081a86139ecc79ba
133,19476.379,1.4529378734,0x0325631a1a917f87f491f1f8deb9eca6bedcce6c,2017-10-31T15:27:14.000Z,0.0000746,0xb6c6f37cebff29932720e2acdd1cdee7e757e908,buy,0xe8ff5c9c75deb346acac493c463c8950be03dfba,0xc58ee63b4dcb71e871c3ffc4247eb7f3f456d36e0b9831e6a182c2e00defe6f6
134,3667,0.2731915,0x0325631a1a917f87f491f1f8deb9eca6bedcce6c,2017-10-31T15:24:29.000Z,0.0000745,0xfbf7dc0756a9768d0c71aea5f8421f3b1eaee7d1,buy,0xe8ff5c9c75deb346acac493c463c8950be03dfba,0xffe9efee451ee44538d0f7e803f25a7f9d71053d5670553c34fea72644437253
135,2000,0.14746,0x0325631a1a917f87f491f1f8deb9eca6bedcce6c,2017-10-31T15:23:41.000Z,0.00007373,0x7cf832e7e55a419e807b150d2060e4a7773c6c79,buy,0xe8ff5c9c75deb346acac493c463c8950be03dfba,0xee66e44e97e7e8f6998bf91f4b80b587434fe3e26fcab8c83fe34270b49cccec
136,33765.18,2.51884866282,0x0325631a1a917f87f491f1f8deb9eca6bedcce6c,2017-10-31T15:18:29.000Z,0.000074599,0xd990b20677084e0ecc854a956cb15a401515dfe8,buy,0xe8ff5c9c75deb346acac493c463c8950be03dfba,0xe4fdc6a5cb6662910b2911c3caa6da3504f2d4e30c2ab98716ccc859459cca7a
137,11010.02282575711,0.8213366927786547,0xb78383ceaac94b8c9a002c48ca78d378dd5da9e2,2017-10-31T13:46:41.000Z,0.000074599,0xd990b20677084e0ecc854a956cb15a401515dfe8,buy,0xe8ff5c9c75deb346acac493c463c8950be03dfba,0x62810e1c30d41ddfd071b1f60a88601c20e003a833240312b9d1b5f8c69691d3
138,10,0.00074598,0xad52133284be6b31bc5888a170daebd8776885ea,2017-10-31T13:02:29.000Z,0.000074598,0xa3663d0b31ccab1ba72114b3fefd3f86fcc66f34,buy,0xe8ff5c9c75deb346acac493c463c8950be03dfba,0x50a9324d95e65c536c0086b031895ba1383d5a9c7a44640fbeda9cff3289e5d2
139,5,0.00034505,0xa82d767cdf1f63a3078b8dfe7b35204605d3e59f,2017-10-31T12:59:50.000Z,0.00006901,0xad52133284be6b31bc5888a170daebd8776885ea,sell,0xe8ff5c9c75deb346acac493c463c8950be03dfba,0x6fa21a5d2d1570d4b884400954f9d7e789be11dc38277013c4fa6d6c39b7919d
140,4950,0.36926505,0x254deb3b02a6df946e0ab6802d37840bd9b11f57,2017-10-31T12:15:12.000Z,0.000074599,0xd990b20677084e0ecc854a956cb15a401515dfe8,buy,0xe8ff5c9c75deb346acac493c463c8950be03dfba,0xda26e1f3e2f5cde8dda86696f36786d4fa3e3a3475744e84916919a5ec1cbe00
141,4950,0.36926505,0x254deb3b02a6df946e0ab6802d37840bd9b11f57,2017-10-31T12:14:31.000Z,0.000074599,0xd990b20677084e0ecc854a956cb15a401515dfe8,buy,0xe8ff5c9c75deb346acac493c463c8950be03dfba,0xda26e1f3e2f5cde8dda86696f36786d4fa3e3a3475744e84916919a5ec1cbe00
142,5130.213852696339,0.3827088231972942,0x724712459b0a11ecc577ee3ea8ece0a77be71258,2017-10-31T12:03:10.000Z,0.000074599,0xd990b20677084e0ecc854a956cb15a401515dfe8,buy,0xe8ff5c9c75deb346acac493c463c8950be03dfba,0x94ec4c28e11a4fcb94c920949b792c55a0acc0a05e0e8adbb9698ce379142190
143,7000,0.522193,0x724712459b0a11ecc577ee3ea8ece0a77be71258,2017-10-31T12:00:15.000Z,0.000074599,0xd990b20677084e0ecc854a956cb15a401515dfe8,buy,0xe8ff5c9c75deb346acac493c463c8950be03dfba,0x6d5ea69f168bc43f18e050253a354035ecfbeafc4e838414397052c76f685adc
144,1200,0.0895188,0x724712459b0a11ecc577ee3ea8ece0a77be71258,2017-10-31T11:58:25.000Z,0.000074599,0xa3663d0b31ccab1ba72114b3fefd3f86fcc66f34,buy,0xe8ff5c9c75deb346acac493c463c8950be03dfba,0xe1d4bc24be83f24f6b65a2977906cb8c186679e33ea45b8d932819f7192c8ea7
145,21584.669989317103,1.6102163812030559,0x1f60e7726d8063b9729496e109c6e4423c0ce669,2017-10-31T11:01:50.000Z,0.0000746,0xb6c6f37cebff29932720e2acdd1cdee7e757e908,buy,0xe8ff5c9c75deb346acac493c463c8950be03dfba,0x67bc3f01f8521c1dada19a4ea30334dd3b3b366dc7d0079ec23351f65f9de3c2
146,7933.369589621131,0.5918293713857363,0x241b2031c0b120c95861f5f2b31452321ef3d99e,2017-10-31T10:15:16.000Z,0.0000746,0xfbf7dc0756a9768d0c71aea5f8421f3b1eaee7d1,buy,0xe8ff5c9c75deb346acac493c463c8950be03dfba,0x38f9a8483e1e2a091ed5744b855515c0ca279f490b1899446a108ae4a0fbb9e6
147,2400,0.17832,0x241b2031c0b120c95861f5f2b31452321ef3d99e,2017-10-31T10:13:31.000Z,0.0000743,0xa82d767cdf1f63a3078b8dfe7b35204605d3e59f,buy,0xe8ff5c9c75deb346acac493c463c8950be03dfba,0xf2ac524e420acf6738a46bf20b667c6eccbc41a7529ab1c7d9f0537b2b00743e
148,34846.97437942379,2.099530206360283,0x009a12d4290630bc01fd82516ac57c1dc6a9bcfb,2017-10-31T09:43:23.000Z,0.00006024999999999999,0x8ff91660380ec9850c206404f1f1a8d8719a8eda,sell,0xe8ff5c9c75deb346acac493c463c8950be03dfba,0x9a55aa5448b484783d9f915d104076ad5257b68ed1917fdeebf6e510081f4630
149,15000,1.02,0xd1f9eb61ad476170a6ac5e6ccf064b3306e54e44,2017-10-31T09:40:19.000Z,0.000068,0x8ff91660380ec9850c206404f1f1a8d8719a8eda,sell,0xe8ff5c9c75deb346acac493c463c8950be03dfba,0x3a2c1c2cf26cf890caf422db6b1939546df9f3e7b5906b922a2396ad55bf8558
150,11600,0.80156,0xfbf7dc0756a9768d0c71aea5f8421f3b1eaee7d1,2017-10-31T08:42:54.000Z,0.0000691,0x8d001ce2811c68088c8ba81fe0a69d482206db5a,sell,0xe8ff5c9c75deb346acac493c463c8950be03dfba,0x2cae095bc7de3c949ac74915b6f2e1b10733b0fb9d14193089ac2c2a6e3dab8c
151,2239.140792482389,0.16882449833079466,0x826dc38d0c43b303fa28dc4fde9d8c426b75ebf2,2017-10-31T06:20:49.000Z,0.000075397,0x592c6dc01e055c73c938fdd3063356f1044dbb14,buy,0xe8ff5c9c75deb346acac493c463c8950be03dfba,0xc8a44ebf958d14ae112d729d158f3729e1b1cf492319b22a57f1508b9e32aab2
152,6470,0.487191,0x826dc38d0c43b303fa28dc4fde9d8c426b75ebf2,2017-10-31T06:19:13.000Z,0.0000753,0x592c6dc01e055c73c938fdd3063356f1044dbb14,buy,0xe8ff5c9c75deb346acac493c463c8950be03dfba,0xe358b5c9656f626185dcce43634d302d5522412f5c144b4a378d354904574eac
153,1087.1636637566746,0.08175470751450194,0x826dc38d0c43b303fa28dc4fde9d8c426b75ebf2,2017-10-31T06:15:49.000Z,0.0000752,0xfbf7dc0756a9768d0c71aea5f8421f3b1eaee7d1,buy,0xe8ff5c9c75deb346acac493c463c8950be03dfba,0x5fd9a0446f847225c14297e857b5f2916775094925d597fd0d595a186913353d
154,5.2751797517499,0.000363987402870743,0x68d627304a6956f5a452a422a972a7a4428b213f,2017-10-31T06:01:54.000Z,0.00006899999999999998,0xe444a40689f51f63bcd29910622035707d533d29,sell,0xe8ff5c9c75deb346acac493c463c8950be03dfba,0xfafa89e10c014b7a155fea4cd6a29733c1787c84daf14cb562b62ba43355d6eb
155,600,0.04512,0xa63f3b9db73f4ff327e4891d95071508e413a9ca,2017-10-31T05:29:39.000Z,0.0000752,0xfbf7dc0756a9768d0c71aea5f8421f3b1eaee7d1,buy,0xe8ff5c9c75deb346acac493c463c8950be03dfba,0x71863afedb19e6e3cb6f00a03873e551d299e68cd6c36169e41f092ca0d9f3c9
156,11531,0.8671312,0xd1f9eb61ad476170a6ac5e6ccf064b3306e54e44,2017-10-31T03:48:40.000Z,0.0000752,0xfbf7dc0756a9768d0c71aea5f8421f3b1eaee7d1,buy,0xe8ff5c9c75deb346acac493c463c8950be03dfba,0x4e514a6eba94c8c2b772363984574dad87e7c69bbf76e9eee964f3f3faf5ef4e
157,0.0001,0.00000000752,0x0c4085d8e714ca77ac5f46cd2b80a92d238a7cd3,2017-10-31T00:39:59.000Z,0.0000752,0xfbf7dc0756a9768d0c71aea5f8421f3b1eaee7d1,buy,0xe8ff5c9c75deb346acac493c463c8950be03dfba,0x45b4685711577339b660b06ea7ff91a328e66e98e20612aaec02305836d1408d
158,420,0.031584,0xa63f3b9db73f4ff327e4891d95071508e413a9ca,2017-10-31T00:34:21.000Z,0.0000752,0xfbf7dc0756a9768d0c71aea5f8421f3b1eaee7d1,buy,0xe8ff5c9c75deb346acac493c463c8950be03dfba,0x11364ba1d9b4dde5023aff9bc583e11beca81a40f37bb154a160d69ce00acc27
159,1325.8362362433254,0.09970288496549806,0x7cb0d6dc2265be0f39bccf6e626344373379bee0,2017-10-31T00:17:30.000Z,0.0000752,0xfbf7dc0756a9768d0c71aea5f8421f3b1eaee7d1,buy,0xe8ff5c9c75deb346acac493c463c8950be03dfba,0x42f6632141ced59cc41e9ec4511bee9253b45ec3ff886d00f1bef6abf0e68ac6
160,150,0.01128,0xa63f3b9db73f4ff327e4891d95071508e413a9ca,2017-10-31T00:11:11.000Z,0.0000752,0xfbf7dc0756a9768d0c71aea5f8421f3b1eaee7d1,buy,0xe8ff5c9c75deb346acac493c463c8950be03dfba,0x98ea4062494c07f64165634a040954f9af29384cb5502e6a507175f0ab18cfc0
161,550,0.04136,0xa63f3b9db73f4ff327e4891d95071508e413a9ca,2017-10-30T23:56:25.000Z,0.0000752,0xfbf7dc0756a9768d0c71aea5f8421f3b1eaee7d1,buy,0xe8ff5c9c75deb346acac493c463c8950be03dfba,0xa1e4a33ec1189fd97c07620e69a881bce325e0bf6d72cab7ae3af4ee3a651dc1
162,0.8563453294786163,0.000059944173063503,0x085b49359e681524c631a82465bfc79b6eb68ce5,2017-10-30T23:47:58.000Z,0.00006999999999999983,0xc310112f6cab9dfc87ab87b91ddca667ca78bbe4,sell,0xe8ff5c9c75deb346acac493c463c8950be03dfba,0x59f205ea495c8cf124fa931370d575d3a58e656d663cbab5cb296d8264d51c7a
163,3000,0.2259,0x085b49359e681524c631a82465bfc79b6eb68ce5,2017-10-30T22:37:09.000Z,0.0000753,0xbcb614675176a6732901e9f3f4b29cd3ec534ed3,buy,0xe8ff5c9c75deb346acac493c463c8950be03dfba,0xb46b4e833b82e940caaa1412c14b549afc8c674747d791b6a7d319fc90191d87
164,6916.497856644402,0.47723835210846377,0x68d627304a6956f5a452a422a972a7a4428b213f,2017-10-30T22:29:45.000Z,0.000069,0x9afcca46b663bda84aa1bb420ad3a35a706e9d39,sell,0xe8ff5c9c75deb346acac493c463c8950be03dfba,0x7cece46874314c926969629810eb025b1c58512d337f40606bf68583ba9038f8
165,1100,0.0770121,0x592c6dc01e055c73c938fdd3063356f1044dbb14,2017-10-30T22:28:30.000Z,0.000070011,0x9afcca46b663bda84aa1bb420ad3a35a706e9d39,sell,0xe8ff5c9c75deb346acac493c463c8950be03dfba,0xe8ca7b5b018ac02072bf31cf831623b19cac988946de72eca158269d6c2cf75d
166,15346.265964094247,1.058892351522503,0xbca32d1e5c27c003cd739fe756d0fda31604431b,2017-10-30T21:37:06.000Z,0.000069,0xf0163f66ec80dda288e753e0a62c8eb71cd38684,sell,0xe8ff5c9c75deb346acac493c463c8950be03dfba,0xca11388d826d4d3aa90a133b4882903393dd2b9a99f0728cdd083ad2625802e4
167,1998.7340359057534,0.13791264847749699,0xbca32d1e5c27c003cd739fe756d0fda31604431b,2017-10-30T21:31:55.000Z,0.000069,0xf0163f66ec80dda288e753e0a62c8eb71cd38684,sell,0xe8ff5c9c75deb346acac493c463c8950be03dfba,0x4094fc859047942f8360ceac39c133a9deaa1e23e0ff7d1416a18be17ea57642
168,15000,1.02,0xd1f9eb61ad476170a6ac5e6ccf064b3306e54e44,2017-10-30T21:30:03.000Z,0.000068,0xf0163f66ec80dda288e753e0a62c8eb71cd38684,sell,0xe8ff5c9c75deb346acac493c463c8950be03dfba,0x859cc43199ab34a32df6533752d941dd43c44b4f18c821cb0ecfeaf5ac276a73
169,5000,0.3475,0x1f60e7726d8063b9729496e109c6e4423c0ce669,2017-10-30T21:30:03.000Z,0.0000695,0xf0163f66ec80dda288e753e0a62c8eb71cd38684,sell,0xe8ff5c9c75deb346acac493c463c8950be03dfba,0x655f4b442ca1ab8587959111668ce5f2e7d7194a38cfe81182b4d86879994cce
170,2000,0.14,0x1f60e7726d8063b9729496e109c6e4423c0ce669,2017-10-30T21:29:55.000Z,0.00007,0xf0163f66ec80dda288e753e0a62c8eb71cd38684,sell,0xe8ff5c9c75deb346acac493c463c8950be03dfba,0xd464acff51fa7b16cf948d270b47711d451a421ce7ba1c0453c4d98b58f1eb1a
171,1077.1249127704118,0.07540951514305652,0xafbade453c7a3322b2f8b71cdd6ae5a17e1e88ac,2017-10-30T21:28:59.000Z,0.00007000999999999999,0xf0163f66ec80dda288e753e0a62c8eb71cd38684,sell,0xe8ff5c9c75deb346acac493c463c8950be03dfba,0xb2db8a327d7632fab1d49e8d4d799fb5130f15953ef68f0f0758857d1c285fc0
172,1748.9642109460672,0.12244498440833416,0xafbade453c7a3322b2f8b71cdd6ae5a17e1e88ac,2017-10-30T20:10:14.000Z,0.00007000999999999999,0x86c0fe6d0455dcf76a6754452c75e21f59677465,sell,0xe8ff5c9c75deb346acac493c463c8950be03dfba,0x046486f8468ea21f4fd66825eea8edc366fe21a289b02c3b53ddc24c25818cdc
173,300,0.02262,0xa6189d516d88857583af24a500ae47e5326b2abf,2017-10-30T19:47:36.000Z,0.0000754,0xa3663d0b31ccab1ba72114b3fefd3f86fcc66f34,buy,0xe8ff5c9c75deb346acac493c463c8950be03dfba,0xe576391c7d861b038950ffd71a83cc577507fe822ff4ad00c1b0540c62ddf3b5
174,25,0.001885,0xa6189d516d88857583af24a500ae47e5326b2abf,2017-10-30T19:43:29.000Z,0.0000754,0xa3663d0b31ccab1ba72114b3fefd3f86fcc66f34,buy,0xe8ff5c9c75deb346acac493c463c8950be03dfba,0x1bd10674a536967c3da922a2917f797241f374f1b610672b256adbb30b509721
175,0.000000000000888594,0.000000000000000067,0xa6189d516d88857583af24a500ae47e5326b2abf,2017-10-30T19:33:51.000Z,0.00007540001395462943,0xa3663d0b31ccab1ba72114b3fefd3f86fcc66f34,buy,0xe8ff5c9c75deb346acac493c463c8950be03dfba,0x6c11049ea934ad827940f586c7f240457f9040e24695250c7a29ba3cef5f4de9
176,0.000000008856419098,0.000000000000667774,0xa6189d516d88857583af24a500ae47e5326b2abf,2017-10-30T19:32:48.000Z,0.00007540000000121945,0xa3663d0b31ccab1ba72114b3fefd3f86fcc66f34,buy,0xe8ff5c9c75deb346acac493c463c8950be03dfba,0xbe858998d68a76168ab66ef3e7ff97afaca5469ea4a7d35d5ea39312da8f27a2
177,0.000088838663461538,0.000000006698435225,0xa6189d516d88857583af24a500ae47e5326b2abf,2017-10-30T19:24:38.000Z,0.0000754000000000004,0xa3663d0b31ccab1ba72114b3fefd3f86fcc66f34,buy,0xe8ff5c9c75deb346acac493c463c8950be03dfba,0x7c4d10cfce8dbb9f81c8f5ff458782e6b986353c71b239dcf00ad0ab6cedb042
178,0.8911406332156632,0.000067192003744461,0xa6189d516d88857583af24a500ae47e5326b2abf,2017-10-30T19:22:37.000Z,0.0000754,0xa3663d0b31ccab1ba72114b3fefd3f86fcc66f34,buy,0xe8ff5c9c75deb346acac493c463c8950be03dfba,0xbaea5433282aedfaa0658515f528d543a107f8c65ba0e775d3cbc97e6ba3bd3c
179,8939.031691786144,0.6740029895606753,0xa6189d516d88857583af24a500ae47e5326b2abf,2017-10-30T19:18:11.000Z,0.0000754,0xb6c6f37cebff29932720e2acdd1cdee7e757e908,buy,0xe8ff5c9c75deb346acac493c463c8950be03dfba,0x9c4eec7b7ea78422035917578df33a880b96de924a5d8b7c8a32c2263e004bfb
180,673.9108762835211,0.04718050044860931,0xafbade453c7a3322b2f8b71cdd6ae5a17e1e88ac,2017-10-30T17:35:41.000Z,0.00007000999999999999,0x78178816053dc40ef1aadee1d539e28efaf4dac8,sell,0xe8ff5c9c75deb346acac493c463c8950be03dfba,0x91fd288f53e43f18c537b7cdff44239118dc15f12a4fd23b59ee90fc536dc43d
181,1000,0.0755,0x37cfea7ee4f2ab1dfd432183cffabb0a5e4d2979,2017-10-30T16:48:24.000Z,0.0000755,0x592c6dc01e055c73c938fdd3063356f1044dbb14,sell,0xe8ff5c9c75deb346acac493c463c8950be03dfba,0xb885929d7098d63829c5f09cf234320502ab5e06696d59a47376e271e5257389
182,4000,0.3,0xc67653a764044f555e26f67eecfbae0de2fd2fe5,2017-10-30T16:33:14.000Z,0.000075,0xbe4736749ef1e1c1e686bb161fb17cdd4aea563e,buy,0xe8ff5c9c75deb346acac493c463c8950be03dfba,0x8f69aff36f9b27dc864fb2a88227135ab9924307caa02804bf0e7423fad346dd
183,2793.9120180156747,0.21094035736018343,0x3b07174592fba512424ffdd73b06c1889e194526,2017-10-30T16:12:14.000Z,0.0000755,0x9e73a00d5fc22c56a92ae0055286497a27ae144e,buy,0xe8ff5c9c75deb346acac493c463c8950be03dfba,0x660cf7ad7d3114c537fb9ce72df1630e1814b2393f2dfaa1bdde7f3cbc408cb9
184,292.9377663579474,0.023405727531999997,0x3b07174592fba512424ffdd73b06c1889e194526,2017-10-30T16:05:54.000Z,0.00007989999999999999,0x273a5d3e6721b9f5c1a6474f560c1334c63dda01,sell,0xe8ff5c9c75deb346acac493c463c8950be03dfba,0x3249b1810b432955d2c0768e764b5a867ed2fbc6f16f13a4c47a2972ec0ffce4
185,293.8192240300375,0.022183351414267832,0x273a5d3e6721b9f5c1a6474f560c1334c63dda01,2017-10-30T16:05:54.000Z,0.0000755,0x9e73a00d5fc22c56a92ae0055286497a27ae144e,buy,0xe8ff5c9c75deb346acac493c463c8950be03dfba,0x3249b1810b432955d2c0768e764b5a867ed2fbc6f16f13a4c47a2972ec0ffce4
186,850,0.06783,0x37cfea7ee4f2ab1dfd432183cffabb0a5e4d2979,2017-10-30T14:52:07.000Z,0.0000798,0x1f60e7726d8063b9729496e109c6e4423c0ce669,sell,0xe8ff5c9c75deb346acac493c463c8950be03dfba,0x25bf7b702c3eae5b7e076e05f45bf278ffc4f58604749297c45de9cbc725a942
187,100,0.00799,0x37cfea7ee4f2ab1dfd432183cffabb0a5e4d2979,2017-10-30T14:39:51.000Z,0.0000799,0x1f60e7726d8063b9729496e109c6e4423c0ce669,sell,0xe8ff5c9c75deb346acac493c463c8950be03dfba,0xe5b6217d2af561f703ac225c63990998e8437bb36fcdc150a62cf1c956b66730
188,16.180775969962465,0.001292844,0x3b07174592fba512424ffdd73b06c1889e194526,2017-10-30T13:10:30.000Z,0.00007989999999999994,0x1f60e7726d8063b9729496e109c6e4423c0ce669,sell,0xe8ff5c9c75deb346acac493c463c8950be03dfba,0xbec1d65adf4aaaa5ff215a015990b4b600eb7fcc25b551f61239b6de9f64b7ed
189,48765.313,3.364806597,0xd1f9eb61ad476170a6ac5e6ccf064b3306e54e44,2017-10-30T12:13:03.000Z,0.000069,0xf0163f66ec80dda288e753e0a62c8eb71cd38684,sell,0xe8ff5c9c75deb346acac493c463c8950be03dfba,0xfb6bc1ecc9b198f1ca004f5d3ce40a4dfd22c0695eff388ba6448ceade37f4ca
190,1234.686631442528,0.08519337756953445,0xd1f9eb61ad476170a6ac5e6ccf064b3306e54e44,2017-10-30T11:18:37.000Z,0.000069,0x417a00361681dd56d6db86fb76999997248ba4d8,sell,0xe8ff5c9c75deb346acac493c463c8950be03dfba,0xc6935b06a14152afcd34bb842228de9d071782cd4f802efb1d9883f1444d0aa2
191,10000,0.7,0xbe0ea0d9f4fad90c0a5f61385525bcaed609ce77,2017-10-30T11:17:41.000Z,0.00007,0x417a00361681dd56d6db86fb76999997248ba4d8,sell,0xe8ff5c9c75deb346acac493c463c8950be03dfba,0xb717e37d6417fed284a3985dda847290b3969fb08e17931aab92e620d28b46e4
192,14286,1.00002,0x19439a51a0dfb9f943ec134dfe6e44c8ac4c1768,2017-10-30T11:16:33.000Z,0.00007,0x417a00361681dd56d6db86fb76999997248ba4d8,sell,0xe8ff5c9c75deb346acac493c463c8950be03dfba,0x274973626c6ed920807aab1c573e7ba1cbf1f269138bd2a2e889876176b793c3
193,10000,0.7001,0x3dee4a4e076e8d82859d241db0baf46f112cfa23,2017-10-30T11:15:39.000Z,0.00007001,0x417a00361681dd56d6db86fb76999997248ba4d8,sell,0xe8ff5c9c75deb346acac493c463c8950be03dfba,0x86170526a58996dfa3efa22307caccb3df4bf2b591c3a5c5752b54d0ed41b977
194,6100,0.43249,0xfbdc6eba74efc2b0f3177f6c1a334905ca9faf47,2017-10-30T11:13:28.000Z,0.0000709,0x417a00361681dd56d6db86fb76999997248ba4d8,sell,0xe8ff5c9c75deb346acac493c463c8950be03dfba,0xa9951cb9807a47fc0f492dc303bcb9372ca52479908655d6a009389a6e7de04f
195,1500,0.10650015,0xa3663d0b31ccab1ba72114b3fefd3f86fcc66f34,2017-10-30T11:11:14.000Z,0.0000710001,0x417a00361681dd56d6db86fb76999997248ba4d8,sell,0xe8ff5c9c75deb346acac493c463c8950be03dfba,0x2a476990942057dce8ac1b42b203571286d00a7a2b7f378520230fe6584f0b85
196,5000,0.3575,0x1f60e7726d8063b9729496e109c6e4423c0ce669,2017-10-30T11:09:56.000Z,0.0000715,0x417a00361681dd56d6db86fb76999997248ba4d8,sell,0xe8ff5c9c75deb346acac493c463c8950be03dfba,0xc3b522e229ad39842bf9f88f249426e3fe1b859e1e7bae800f5f4b4e9a4df397
197,849.28,0.06114816,0x1f60e7726d8063b9729496e109c6e4423c0ce669,2017-10-30T11:08:54.000Z,0.000072,0x417a00361681dd56d6db86fb76999997248ba4d8,sell,0xe8ff5c9c75deb346acac493c463c8950be03dfba,0x38b3b7b2875780867cbd90471e66cefc3d9fbef1652d8ddcf5494ecc9ea2dfec
198,10000,0.73,0x06811a2b589d9a80d20925ab683a32ef796b4648,2017-10-30T11:07:36.000Z,0.000073,0x417a00361681dd56d6db86fb76999997248ba4d8,sell,0xe8ff5c9c75deb346acac493c463c8950be03dfba,0x45d02b27658ad1e1c1d7f1702a4b072a0ab0b37c5c7e2565bb1a5a7be7437a33
199,124.7943243101139,0.0099710665123781,0xda335761adceaa57fe02367340c2e33ba185175e,2017-10-30T10:53:27.000Z,0.0000799,0xfbf7dc0756a9768d0c71aea5f8421f3b1eaee7d1,buy,0xe8ff5c9c75deb346acac493c463c8950be03dfba,0xf1f8eb5ce0db07c5d3909b2bc2c542b4e100c49129eb9d4c0c9057b3b90eb796
200,1275.914,0.095705033226,0xad52133284be6b31bc5888a170daebd8776885ea,2017-10-30T08:08:03.000Z,0.000075009,0x1f60e7726d8063b9729496e109c6e4423c0ce669,sell,0xe8ff5c9c75deb346acac493c463c8950be03dfba,0x8f40d74d54c090358449dbfda9b38cbaf7d0c203dcefd8fd5e9bef75aeebb9b7
201,4150.719631761766,0.2988518134868472,0x1f60e7726d8063b9729496e109c6e4423c0ce669,2017-10-30T08:00:03.000Z,0.00007199999999999999,0x6a4cbda9e03d316720c3c238263eaedc910beee2,sell,0xe8ff5c9c75deb346acac493c463c8950be03dfba,0xf8e2fd10b80ed9234bd7340c72fa6643aeb3ad26f23475d2b47194641f67e845
202,15789.045999381628,1.1210222659560956,0xfbf7dc0756a9768d0c71aea5f8421f3b1eaee7d1,2017-10-30T07:59:01.000Z,0.00007099999999999999,0x6a4cbda9e03d316720c3c238263eaedc910beee2,sell,0xe8ff5c9c75deb346acac493c463c8950be03dfba,0x810e53020411777fc0dd5f6081f77a8361e51e9ec1902447df5a047a8624fea0
203,20000,1.68,0x6a4cbda9e03d316720c3c238263eaedc910beee2,2017-10-30T07:26:21.000Z,0.000084,0xf0163f66ec80dda288e753e0a62c8eb71cd38684,buy,0xe8ff5c9c75deb346acac493c463c8950be03dfba,0xb239437c26bdd4a7fa948d4b3f13401a0ffb08ae29c2a940975cb4a25fd8a167
204,6000,0.45,0xd1f9eb61ad476170a6ac5e6ccf064b3306e54e44,2017-10-30T06:59:46.000Z,0.000075,0x8dd6ce50a05c1555af340864fb0e8eecfcdb93a9,buy,0xe8ff5c9c75deb346acac493c463c8950be03dfba,0x688e948f11fca7ab5ad101aae456842dc8b62125ebd0047ca5030705ed6953d7
205,100,0.0083,0x51e9f9d7ac75d9cc1a85f704c4be4416479eda18,2017-10-30T04:58:26.000Z,0.000083,0xf0163f66ec80dda288e753e0a62c8eb71cd38684,buy,0xe8ff5c9c75deb346acac493c463c8950be03dfba,0xf62f8ec343e25741b4aedb678aee4ce6defe67fcdefcfc35866a773b54b78592
206,2000,0.15,0xc4a19e481aeae198d1886f61654cd62a4c9cd7ec,2017-10-30T04:46:16.000Z,0.000075,0xf0163f66ec80dda288e753e0a62c8eb71cd38684,sell,0xe8ff5c9c75deb346acac493c463c8950be03dfba,0xcea42a6701cd18c69f67f60804fe426af48414402facad30a892e976bb71bac6
207,3250,0.24375,0xd1f9eb61ad476170a6ac5e6ccf064b3306e54e44,2017-10-30T04:45:55.000Z,0.000075,0xf0163f66ec80dda288e753e0a62c8eb71cd38684,sell,0xe8ff5c9c75deb346acac493c463c8950be03dfba,0x8752397e901538712263bcb4f60ee65fe42224ab3b6bac7b3ab1f5126a472616
208,2721.8896941288654,0.20414444894935904,0xbe0ea0d9f4fad90c0a5f61385525bcaed609ce77,2017-10-30T04:45:33.000Z,0.000075001,0xf0163f66ec80dda288e753e0a62c8eb71cd38684,sell,0xe8ff5c9c75deb346acac493c463c8950be03dfba,0xbb88de466b787a96074229dc99a9f7d8207ce5204591b14fb6e14ab254c94816
209,61.08555670739798,0.004581966523065214,0xad52133284be6b31bc5888a170daebd8776885ea,2017-10-30T04:43:40.000Z,0.00007500899999999999,0x0b5dc609fc6dfb47204db618d98175e87b843bed,sell,0xe8ff5c9c75deb346acac493c463c8950be03dfba,0xc390fb07e0d0419b64b628082edabd382627502acc4107bcdd6716c01756383a
210,1719.107,0.13752856,0xd1f9eb61ad476170a6ac5e6ccf064b3306e54e44,2017-10-30T03:57:40.000Z,0.00008,0xf0163f66ec80dda288e753e0a62c8eb71cd38684,buy,0xe8ff5c9c75deb346acac493c463c8950be03dfba,0x8a223ecc12fde35a69caf20a03ca591ffce45093a5248b46275b457331f72b6c
211,4285.404,0.34283232,0xe19967938f6043873a05bc5633b4af183a1e7172,2017-10-30T03:56:22.000Z,0.00008,0xf0163f66ec80dda288e753e0a62c8eb71cd38684,buy,0xe8ff5c9c75deb346acac493c463c8950be03dfba,0x593833b1a86df9817efe9e833d52ca04a4a338ef6fb0ed6c43889ec171d01d92
212,1440.9086605998234,0.11094996686618641,0xe19967938f6043873a05bc5633b4af183a1e7172,2017-10-30T03:53:39.000Z,0.000077,0x513b40af438a267426e14e94ba8178b3826bdf20,buy,0xe8ff5c9c75deb346acac493c463c8950be03dfba,0x747aad15b5526e1780867d05ed8a7b746ee5a0faab4cf2320d1fccfa0173b321
213,11026.341339400176,0.8490282831338136,0xa6189d516d88857583af24a500ae47e5326b2abf,2017-10-30T03:49:57.000Z,0.000077,0x513b40af438a267426e14e94ba8178b3826bdf20,buy,0xe8ff5c9c75deb346acac493c463c8950be03dfba,0x989f3c3bc1475e1b026aba9ab5352949ffa1ac40b132b4030e079fd0019f142e
214,2673.687,0.200529198687,0xe19967938f6043873a05bc5633b4af183a1e7172,2017-10-30T03:47:37.000Z,0.000075001,0x513b40af438a267426e14e94ba8178b3826bdf20,buy,0xe8ff5c9c75deb346acac493c463c8950be03dfba,0xc81c7425c58e092ef7b185910de2ee4129027acb1eab5c87cd6f8d97140b0857
215,53.18764623980887,0.003989126655631905,0x826dc38d0c43b303fa28dc4fde9d8c426b75ebf2,2017-10-30T03:12:26.000Z,0.000075001,0x513b40af438a267426e14e94ba8178b3826bdf20,buy,0xe8ff5c9c75deb346acac493c463c8950be03dfba,0x0c42590bfa8ec6f43c892fb67a6d67208efd2e8424596348600405b2e9a2ce8d
216,4.9850448654037,0.000373883349950142,0xbe0ea0d9f4fad90c0a5f61385525bcaed609ce77,2017-10-30T03:10:50.000Z,0.0000750009999999998,0x16e5d97bbc92417e051e3b2cabfbf8ceea2acb9c,sell,0xe8ff5c9c75deb346acac493c463c8950be03dfba,0x414a83da6bce1c515d13e75d5ad1c8b1ffe8e3bac84646e10e73a920cd0a641d
217,12500,1,0xd1f9eb61ad476170a6ac5e6ccf064b3306e54e44,2017-10-30T02:26:02.000Z,0.00008,0xf0163f66ec80dda288e753e0a62c8eb71cd38684,buy,0xe8ff5c9c75deb346acac493c463c8950be03dfba,0xdfdd0422ecb7a82e61d66de8ed509a287fdf63c53933e695dde6082e58516baa
218,1495.4886113890643,0.11963908891112515,0x7cb0d6dc2265be0f39bccf6e626344373379bee0,2017-10-29T23:41:52.000Z,0.00008,0xf0163f66ec80dda288e753e0a62c8eb71cd38684,buy,0xe8ff5c9c75deb346acac493c463c8950be03dfba,0xa6d37df8f1025d86c9d3d4b43f13b819e00bbfbf6ba5e37742f01a74e9993ccc
219,100000,8.54,0x084073bf72267c07b8e243805f2359f22203d506,2017-10-29T23:02:59.000Z,0.0000854,0xa3ba6027195a994882ba3233d5bbda39c9281df6,buy,0xe8ff5c9c75deb346acac493c463c8950be03dfba,0x1c6c236822a5b8722bdbefc415aa63a3d1084e8aac709fb096eec7e591783ccd
220,13333,1.000001666,0xdcb473fbd3c1f82901e636df558980cab22d2de8,2017-10-29T22:57:30.000Z,0.000075002,0xa3ba6027195a994882ba3233d5bbda39c9281df6,sell,0xe8ff5c9c75deb346acac493c463c8950be03dfba,0x24b9e4fbeb2197bbb323cfe413fe08d4c7f5af33bea0d0cf5a2713e057dd6dff
221,36680,2.75107336,0xdcb473fbd3c1f82901e636df558980cab22d2de8,2017-10-29T22:57:14.000Z,0.000075002,0xa3ba6027195a994882ba3233d5bbda39c9281df6,sell,0xe8ff5c9c75deb346acac493c463c8950be03dfba,0x34e225c172f0df595d250c2f857d1cfd43d20ce8238487b55f4ea63b633caefd
222,77609,5.820675,0x73d56634f27bac96971a89ca04f946570707f108,2017-10-29T21:59:51.000Z,0.000075,0xf0163f66ec80dda288e753e0a62c8eb71cd38684,sell,0xe8ff5c9c75deb346acac493c463c8950be03dfba,0xae5304aab882f78b16c2bb1d523ef6e1dc33d862becf6f33f6508c892314f13c
223,5273.125261005731,0.39548966770069083,0xbe0ea0d9f4fad90c0a5f61385525bcaed609ce77,2017-10-29T21:43:02.000Z,0.000075001,0xf0163f66ec80dda288e753e0a62c8eb71cd38684,sell,0xe8ff5c9c75deb346acac493c463c8950be03dfba,0x86625d16c3c64f12959df6805caa3fc6015b269b4477629d7ce8ab75a2bf3483
224,10000,0.75001,0x4863bfe10998d315a940e019e80d76c0e69edb73,2017-10-29T21:42:08.000Z,0.000075001,0xf0163f66ec80dda288e753e0a62c8eb71cd38684,sell,0xe8ff5c9c75deb346acac493c463c8950be03dfba,0x44047acec37cd3efa9b1e2b13b3f0286d14a8cf25af87b4f5b48dee5120d1a9c
225,1500,0.11925,0x1f60e7726d8063b9729496e109c6e4423c0ce669,2017-10-29T21:42:08.000Z,0.0000795,0xf0163f66ec80dda288e753e0a62c8eb71cd38684,sell,0xe8ff5c9c75deb346acac493c463c8950be03dfba,0xe5fe222a09d032f3c18968bda92ff635df95b64b44f0226220a915f195883b94
226,5000,0.38,0x1f60e7726d8063b9729496e109c6e4423c0ce669,2017-10-29T21:42:08.000Z,0.000076,0xf0163f66ec80dda288e753e0a62c8eb71cd38684,sell,0xe8ff5c9c75deb346acac493c463c8950be03dfba,0x402b651efbb52d52df81a319b35a167d5dd23f4c18bef778667097db91de1927
227,279.608,0.0223127184,0xee1f646882a5992fba7c8c7fa8fb672bffd3a928,2017-10-29T20:48:54.000Z,0.0000798,0xa08445f8832f0e891e080c27e317e09c85a5c2fa,sell,0xe8ff5c9c75deb346acac493c463c8950be03dfba,0xc34cdd310fbf248590f32abfbcbadae9d2df554c18fd6f2e18a2c5e458d940d6
228,1500,0.1245,0xc7a5c0bc06bd025b499993b0888938433f56549a,2017-10-29T19:30:59.000Z,0.000083,0x1f60e7726d8063b9729496e109c6e4423c0ce669,sell,0xe8ff5c9c75deb346acac493c463c8950be03dfba,0x9f8b5517315f6c8e2992071152dfecfbbf5c57b5d2d2f1f6675489a7b42b744b
229,90.39185749021046,0.007213270227718794,0xee1f646882a5992fba7c8c7fa8fb672bffd3a928,2017-10-29T17:45:54.000Z,0.00007979999999999999,0x6a820f2f10b8043ee2cd1fcff8d8a872050b6d36,sell,0xe8ff5c9c75deb346acac493c463c8950be03dfba,0x2e22e9acff0509c09e8f85ee4eb07e146e77547691d045674851b50acd68d392
230,900,0.072,0xa82d767cdf1f63a3078b8dfe7b35204605d3e59f,2017-10-29T17:30:14.000Z,0.00008,0x6a820f2f10b8043ee2cd1fcff8d8a872050b6d36,sell,0xe8ff5c9c75deb346acac493c463c8950be03dfba,0x6e691cb9ae6293d29379fa8346657d817d450a75dcb63abb1279a4af79708670
231,5000,0.3975,0x1f60e7726d8063b9729496e109c6e4423c0ce669,2017-10-29T17:23:55.000Z,0.0000795,0x6a820f2f10b8043ee2cd1fcff8d8a872050b6d36,sell,0xe8ff5c9c75deb346acac493c463c8950be03dfba,0xa04fd8514386b4945185bb9c2960b0181976d907b0fd0b375911e692f5e71d17
232,50000,3.8003,0xe1e1d0d73eeb29d0632bc4c7871bfc74dbed0741,2017-10-29T17:09:35.000Z,0.000076006,0x6a820f2f10b8043ee2cd1fcff8d8a872050b6d36,sell,0xe8ff5c9c75deb346acac493c463c8950be03dfba,0xb5fe9f282e909a93b711364d71b4de12e28f811a082f1402cf2a2ab0bab43d16
233,6055.257967608149,0.526807443181909,0xe5e0cb9240cda562105f27470ab638a7c048a8dc,2017-10-29T15:24:03.000Z,0.000087,0x513b40af438a267426e14e94ba8178b3826bdf20,buy,0xe8ff5c9c75deb346acac493c463c8950be03dfba,0x1d3cfa37ef1733f7a0dda2301abfdc02adddd700e7fb4368e848e427ff1050ca
234,16144.582785187473,1.404562557728525,0xe5e0cb9240cda562105f27470ab638a7c048a8dc,2017-10-29T15:19:25.000Z,0.000086999,0xd990b20677084e0ecc854a956cb15a401515dfe8,buy,0xe8ff5c9c75deb346acac493c463c8950be03dfba,0xb97a8bfe680b778634345462babe1087e1eb5972610024d75510595a5a361456
235,2000,0.173998,0x6a208935011555cd4896d449bd6686485f5d1000,2017-10-29T14:58:30.000Z,0.000086999,0xd990b20677084e0ecc854a956cb15a401515dfe8,buy,0xe8ff5c9c75deb346acac493c463c8950be03dfba,0x3a8d55736573d7b4952eb3104ba1b277768375f3896a9174b18bf8799107bef3
236,1500,0.12975,0xc1c59390f2aaa7def424605d96769ef7a7c64916,2017-10-29T14:50:18.000Z,0.0000865,0xa3663d0b31ccab1ba72114b3fefd3f86fcc66f34,buy,0xe8ff5c9c75deb346acac493c463c8950be03dfba,0x535d9d0d38e3dfb404ddf3208d7c12da997b2c48d1908f8b206bdcefb854e236
237,850,0.07225,0xc1c59390f2aaa7def424605d96769ef7a7c64916,2017-10-29T14:50:01.000Z,0.000085,0xa82d767cdf1f63a3078b8dfe7b35204605d3e59f,buy,0xe8ff5c9c75deb346acac493c463c8950be03dfba,0xce33b032201d09eed0644aca03738c7cafaa6a1360557eaef8077ce22a239a68
238,494.442,0.040791465,0xc1c59390f2aaa7def424605d96769ef7a7c64916,2017-10-29T14:46:27.000Z,0.0000825,0x6d7914379ef517c861d8eed98e4fa322377e716f,buy,0xe8ff5c9c75deb346acac493c463c8950be03dfba,0xcb5f82d37931c7f1e1f3b0de8f88c1f5f63d8819132c802912b3e303dc436f0a
239,5000,0.4,0x1f60e7726d8063b9729496e109c6e4423c0ce669,2017-10-29T14:07:08.000Z,0.00008,0xa08445f8832f0e891e080c27e317e09c85a5c2fa,sell,0xe8ff5c9c75deb346acac493c463c8950be03dfba,0x141f3a17e6c4461080264ffdcec188574e4a06849ea022b9e2c38db8b9f8f459
240,2024,0.157872,0xa82d767cdf1f63a3078b8dfe7b35204605d3e59f,2017-10-29T13:38:55.000Z,0.000078,0xa08445f8832f0e891e080c27e317e09c85a5c2fa,sell,0xe8ff5c9c75deb346acac493c463c8950be03dfba,0xb2f265af74c8e4eba75fea8770ba8690cc528f18870564eff3d16bcc5b17e3b3
241,4180,0.32604418,0xa3663d0b31ccab1ba72114b3fefd3f86fcc66f34,2017-10-29T13:33:36.000Z,0.000078001,0xa08445f8832f0e891e080c27e317e09c85a5c2fa,sell,0xe8ff5c9c75deb346acac493c463c8950be03dfba,0x3e1d75fc95ff6cb324d4e664508e434982171a8cdefad3739e88f97c96103e19
242,280,0.02436,0x648c43fc652ca1e2f3fbd7a197fb85eac7485e66,2017-10-29T12:30:13.000Z,0.000087,0xa08445f8832f0e891e080c27e317e09c85a5c2fa,sell,0xe8ff5c9c75deb346acac493c463c8950be03dfba,0x16d8a2426c51e8e5aa3c0058642a49ab3ec1f8bc1b81cfe8cf701edec0dbf669
243,2000,0.175,0x648c43fc652ca1e2f3fbd7a197fb85eac7485e66,2017-10-29T12:24:42.000Z,0.0000875,0xa82d767cdf1f63a3078b8dfe7b35204605d3e59f,buy,0xe8ff5c9c75deb346acac493c463c8950be03dfba,0xeaa02c1831ca00263bf2d054d7e21641d1caa62f9d0a1992cf525a5abf1f5875
244,2391,0.179325,0x73d56634f27bac96971a89ca04f946570707f108,2017-10-29T11:42:41.000Z,0.000075,0x38c223de4f7bf1487d13f67b088469865344b4ae,sell,0xe8ff5c9c75deb346acac493c463c8950be03dfba,0xd1331bc39ebc44cb38aef9ed0021c3526ee565d434929fa552032b237fd3909b
245,2790.7700218777786,0.25102976346790623,0x9a63a5c363275ec2c2f80af302c60a7809a1e1e2,2017-10-29T11:31:17.000Z,0.00008995,0xa3663d0b31ccab1ba72114b3fefd3f86fcc66f34,buy,0xe8ff5c9c75deb346acac493c463c8950be03dfba,0x7b16d470717e0c29974b2a783e278f2b48052e6f36ab50fbbb3bcaef6487c4c9
246,837.797,0.07535984015,0x9a63a5c363275ec2c2f80af302c60a7809a1e1e2,2017-10-29T11:30:11.000Z,0.00008995,0xa3663d0b31ccab1ba72114b3fefd3f86fcc66f34,buy,0xe8ff5c9c75deb346acac493c463c8950be03dfba,0xbec87b60ec8bac0faa62766c46a1bcc51117183f0ff4ffdb481dcb7f5b7f8211
247,39997.28068946747,2.999876046271439,0xf9f00aa862e5fcc71c3fbbf29a38b5d4c786a10e,2017-10-29T11:23:35.000Z,0.00007500199999999998,0xa08445f8832f0e891e080c27e317e09c85a5c2fa,sell,0xe8ff5c9c75deb346acac493c463c8950be03dfba,0x61f8357947f55d60d990abfb374640dea86342d221ae4c3ce8dbf5545bbb4e0f
248,38.434,0.00307472,0x493a2afd4d49a26fe1d9e2009af23308676a0657,2017-10-29T11:23:07.000Z,0.00008,0xa08445f8832f0e891e080c27e317e09c85a5c2fa,sell,0xe8ff5c9c75deb346acac493c463c8950be03dfba,0x92a776425ba9001d75388a8dc923d31634969a8d5610f91a08f9cbe7c1b91319
249,48.314948795432315,0.003865195903634585,0xa3663d0b31ccab1ba72114b3fefd3f86fcc66f34,2017-10-29T11:23:07.000Z,0.00008,0xa08445f8832f0e891e080c27e317e09c85a5c2fa,sell,0xe8ff5c9c75deb346acac493c463c8950be03dfba,0xbd1221a1b637d4bedcbc3fb7b4654b968bc790798e675217893d68e6b97266d6
250,80000,6.00024,0xd990b20677084e0ecc854a956cb15a401515dfe8,2017-10-29T11:20:45.000Z,0.000075003,0xa08445f8832f0e891e080c27e317e09c85a5c2fa,sell,0xe8ff5c9c75deb346acac493c463c8950be03dfba,0xed397a7e751e283d29bb89f8e463295d668f54b2f843a44488160068c0a73271
251,38716,3.00049,0xf9f00aa862e5fcc71c3fbbf29a38b5d4c786a10e,2017-10-29T11:20:33.000Z,0.0000775,0xa08445f8832f0e891e080c27e317e09c85a5c2fa,sell,0xe8ff5c9c75deb346acac493c463c8950be03dfba,0x5fc72df82d38015d96dc8efd82298b7afb421b03ff1dbe637e98e1c16750bbba
252,1749,0.139925247,0x493a2afd4d49a26fe1d9e2009af23308676a0657,2017-10-29T11:19:54.000Z,0.000080003,0xa08445f8832f0e891e080c27e317e09c85a5c2fa,sell,0xe8ff5c9c75deb346acac493c463c8950be03dfba,0x10bd30407ff079f9ba144211f2b91564646edeed7279bfd9845cc9343d3b8183
253,1000,0.081,0x800070f11ed748ab1fb2af61ad92ef3655b2cd45,2017-10-29T11:19:54.000Z,0.000081,0xa08445f8832f0e891e080c27e317e09c85a5c2fa,sell,0xe8ff5c9c75deb346acac493c463c8950be03dfba,0xbf9dbf49e675c4ed06a4bcd0638ec6d51e900986d1ea279083845cbc8b6a2bbc
254,600,0.0492,0x8466001192db3163ba7504e90bf7fe4101d173fa,2017-10-29T11:19:32.000Z,0.000082,0xa08445f8832f0e891e080c27e317e09c85a5c2fa,sell,0xe8ff5c9c75deb346acac493c463c8950be03dfba,0xe26d90e99192ee27d118d521015946a3deb088072841d6c55edeb5e4ef0e1bb7
255,3300,0.27258,0xa3663d0b31ccab1ba72114b3fefd3f86fcc66f34,2017-10-29T11:19:32.000Z,0.0000826,0xa08445f8832f0e891e080c27e317e09c85a5c2fa,sell,0xe8ff5c9c75deb346acac493c463c8950be03dfba,0x1f62ef34c535a4cb7beed31b7a91c4f2b589f77239fb50c62acf9bc34d1bdc2a
256,3062.203400818617,0.2754451959036346,0x9094b62d72edb5f30c55cf7f50ce74d0359ff9be,2017-10-29T09:40:40.000Z,0.00008995,0xa3663d0b31ccab1ba72114b3fefd3f86fcc66f34,buy,0xe8ff5c9c75deb346acac493c463c8950be03dfba,0x634a0ed5924ce5ee0d06712667d88c99a7aaa27e31b748ad886479cc2b92fd8e
257,265.48939189734375,0.024425024054555624,0x241b2031c0b120c95861f5f2b31452321ef3d99e,2017-10-29T08:39:24.000Z,0.000092,0xf0163f66ec80dda288e753e0a62c8eb71cd38684,buy,0xe8ff5c9c75deb346acac493c463c8950be03dfba,0xd4efb2486a07909960ae4f3fa5e929626f238451a99160ac2fde4bd866775523
258,50000,4,0x73d56634f27bac96971a89ca04f946570707f108,2017-10-29T08:36:15.000Z,0.00008,0xf0163f66ec80dda288e753e0a62c8eb71cd38684,sell,0xe8ff5c9c75deb346acac493c463c8950be03dfba,0x757841362218d6f59e755461f47c801a4042ed560bf2472a272ed0d68b84d9f2
259,2.1502939384863478,0.000197827042340744,0x9a63a5c363275ec2c2f80af302c60a7809a1e1e2,2017-10-29T08:16:53.000Z,0.000092,0xf0163f66ec80dda288e753e0a62c8eb71cd38684,buy,0xe8ff5c9c75deb346acac493c463c8950be03dfba,0x0a217566e8ef3a0fea95b3f99b077063714fa0ced6f1268d18422f7eacdb1e2d
260,7000,0.56,0xbe0ea0d9f4fad90c0a5f61385525bcaed609ce77,2017-10-29T07:41:08.000Z,0.00008,0xf0163f66ec80dda288e753e0a62c8eb71cd38684,sell,0xe8ff5c9c75deb346acac493c463c8950be03dfba,0x9fa52f6caa6e37684d5cf2fe0a128f7818f07fbc1717f9d1106668401cc776b8
261,35000,2.800105,0xf46f21925c7123db209f9be5606888483eb4689e,2017-10-29T07:38:55.000Z,0.000080003,0xa3ba6027195a994882ba3233d5bbda39c9281df6,sell,0xe8ff5c9c75deb346acac493c463c8950be03dfba,0x45726ef61620e133b2ddacd389b2cbd433b4d5877d2b31727690c325c84d7d39
262,130000,10.4065,0x009a12d4290630bc01fd82516ac57c1dc6a9bcfb,2017-10-29T07:38:38.000Z,0.00008005,0xa3ba6027195a994882ba3233d5bbda39c9281df6,sell,0xe8ff5c9c75deb346acac493c463c8950be03dfba,0x6313310cbdfd927f5662410443424290bf3ba7c2a950296125635c7775d26dd4
263,3000,0.243,0xbcb614675176a6732901e9f3f4b29cd3ec534ed3,2017-10-29T07:37:24.000Z,0.000081,0xf0163f66ec80dda288e753e0a62c8eb71cd38684,sell,0xe8ff5c9c75deb346acac493c463c8950be03dfba,0xed0ebcd2244b85d47bdedf3b724aa26c861645ebfafece1470ac915bc8db527d
264,16110,1.30491,0xd1149f5c3e4d68868b72caa93de5a267f8f6d940,2017-10-29T07:36:58.000Z,0.000081,0xf0163f66ec80dda288e753e0a62c8eb71cd38684,sell,0xe8ff5c9c75deb346acac493c463c8950be03dfba,0xfceb5b94b0a959a80bf382b34ec020c7a45189374d9830334530a459f934dbf0
265,11975,0.969975,0x0d83dddf479a410eb8ce3a61465f835e427884b8,2017-10-29T07:36:58.000Z,0.000081,0xf0163f66ec80dda288e753e0a62c8eb71cd38684,sell,0xe8ff5c9c75deb346acac493c463c8950be03dfba,0x45ecc3579aa5a902923db02c7acd5dbc3ea2a0b56b8a63d625daea57d6fecbff
266,2314.9395138075324,0.2187617840548118,0x1cfd5c8828a6462d23b84914e66ec48de4ab2ef2,2017-10-29T07:25:58.000Z,0.0000945,0x6d7914379ef517c861d8eed98e4fa322377e716f,buy,0xe8ff5c9c75deb346acac493c463c8950be03dfba,0x1af9613d6cfc2cd219a735338da6daca79269ea00a149186f8792a3df2d8fb96
267,23800,1.9992,0x73d56634f27bac96971a89ca04f946570707f108,2017-10-29T04:59:59.000Z,0.000084,0xf0163f66ec80dda288e753e0a62c8eb71cd38684,sell,0xe8ff5c9c75deb346acac493c463c8950be03dfba,0x9e76ac11485a606665b8b7da7facd3f21365c053eff3a60bf91ad4aa72fb7df5
268,4999.182707089024,0.43142946762178275,0x1f60e7726d8063b9729496e109c6e4423c0ce669,2017-10-29T04:59:05.000Z,0.00008629999999999998,0xf0163f66ec80dda288e753e0a62c8eb71cd38684,sell,0xe8ff5c9c75deb346acac493c463c8950be03dfba,0x109e93c96aee29ec5ddba1dad226ead28a3b7b8d72e0478858cdb63f2a7e4fd1
269,20399.05581904221,1.7339197446185879,0x7d2b4262488ca79c1e48712c6ef91a33effc8420,2017-10-29T04:27:46.000Z,0.00008499999999999999,0xa5971a6ff484d84ec7b7f2fcf365c52d8c91e02e,sell,0xe8ff5c9c75deb346acac493c463c8950be03dfba,0xd1de515644b658daf5719d09fb5f638db13d96015debb0dffae5b4d6e951ca6c
270,0.8172929109759745,0.000070532378217226,0x1f60e7726d8063b9729496e109c6e4423c0ce669,2017-10-29T02:05:26.000Z,0.00008629999999999927,0xf142f26d1cac4ba8a6e6d7974d243eda2fe5f4f9,sell,0xe8ff5c9c75deb346acac493c463c8950be03dfba,0x979bde033ce8deb3eced9689e2f4492d4343778c531971e2f8983dae7d5c5414
271,1707,0.153648777,0xc07902149ed02043c5632e3470204d39e3d8ba2f,2017-10-29T01:39:18.000Z,0.000090011,0x5cb2398a6327e86d2f0dedce4dec0df7dc87b95e,sell,0xe8ff5c9c75deb346acac493c463c8950be03dfba,0xf60b114881702dc126868f45525a2934c6fecd1acc40760f3e00f500c9a63014
272,1055.0356348822797,0.09970086749637544,0x7cb0d6dc2265be0f39bccf6e626344373379bee0,2017-10-29T00:54:25.000Z,0.0000945,0x6d7914379ef517c861d8eed98e4fa322377e716f,buy,0xe8ff5c9c75deb346acac493c463c8950be03dfba,0xaa2d4c867294899febd193c95fd69de6de87dd607bdaef2c6aba166e8412f8a6
273,1000,0.09,0xc07902149ed02043c5632e3470204d39e3d8ba2f,2017-10-28T23:58:30.000Z,0.00009,0x416bf62c8bb752b7a5b3e616a2f22891184a67bd,buy,0xe8ff5c9c75deb346acac493c463c8950be03dfba,0xa8ed29f9a772f4ab283d579cc8bb65254161a1e96080ab1b06b69977972384f8
274,5.291005291005291,0.0005,0xe444a40689f51f63bcd29910622035707d533d29,2017-10-28T21:08:18.000Z,0.0000945,0x6d7914379ef517c861d8eed98e4fa322377e716f,buy,0xe8ff5c9c75deb346acac493c463c8950be03dfba,0x1ea42b84cd8679a6f38f982869261e868fe7ba2dbd47232a7abb1b20661c400d
275,5.291005291005291,0.0005,0x34f9560c63078eb61872a4dc2ccd20e21c34feaf,2017-10-28T21:08:18.000Z,0.0000945,0x6d7914379ef517c861d8eed98e4fa322377e716f,buy,0xe8ff5c9c75deb346acac493c463c8950be03dfba,0x199754fa72f4339790ace5e6f032bc6ca843722a1cc13c661dded60dbe543639
276,25,0.0023625,0x0d83dddf479a410eb8ce3a61465f835e427884b8,2017-10-28T19:57:00.000Z,0.0000945,0x6d7914379ef517c861d8eed98e4fa322377e716f,buy,0xe8ff5c9c75deb346acac493c463c8950be03dfba,0x17793a26d4dffa7dcb88e781408643012cd288f4f9efe3594e3cea8b919fea61
277,919,0.079034919,0x6b597b09696b82f25b12b7b07c4d8ea56e2150a9,2017-10-28T18:57:30.000Z,0.000086001,0x734a6881d7b43d7c4827ac1131af1159a469fc0d,sell,0xe8ff5c9c75deb346acac493c463c8950be03dfba,0x244191c1980170ec9365389a833d2aaeeccf3cee0358887f8a5b2ec6218b927a
278,3900,0.3315,0xa3663d0b31ccab1ba72114b3fefd3f86fcc66f34,2017-10-28T18:56:40.000Z,0.000085,0x734a6881d7b43d7c4827ac1131af1159a469fc0d,sell,0xe8ff5c9c75deb346acac493c463c8950be03dfba,0x51aa71f82b4ccb9ed01e0c539fed48f9610dd84414247491154cd5580b32f5be
279,5249.561768595217,0.44621275033059343,0x513b40af438a267426e14e94ba8178b3826bdf20,2017-10-28T18:56:40.000Z,0.00008499999999999999,0x734a6881d7b43d7c4827ac1131af1159a469fc0d,sell,0xe8ff5c9c75deb346acac493c463c8950be03dfba,0xfdc94d2c16ab2ef54d6d2ad9f1daccdf54f88519aff95e3f5bde0f4750008ec1
280,14350.501604824556,1.219806986911692,0x513b40af438a267426e14e94ba8178b3826bdf20,2017-10-28T18:35:55.000Z,0.000085001,0xf0163f66ec80dda288e753e0a62c8eb71cd38684,sell,0xe8ff5c9c75deb346acac493c463c8950be03dfba,0x96ed9d292fc660b29d919bdb566f521a4a6b7047cb9e4edefcb926d360aa4d07
281,500,0.0475,0x66c58939568f8ac1815faa4ed7592a22f633e2ca,2017-10-28T16:57:22.000Z,0.000095,0x1f60e7726d8063b9729496e109c6e4423c0ce669,sell,0xe8ff5c9c75deb346acac493c463c8950be03dfba,0x273dc723499abd6a249ca58cb2e16302c0806b7d02b5980124f34dda08e857a8
282,563,0.053485,0xee1f646882a5992fba7c8c7fa8fb672bffd3a928,2017-10-28T16:55:14.000Z,0.000095,0x1f60e7726d8063b9729496e109c6e4423c0ce669,sell,0xe8ff5c9c75deb346acac493c463c8950be03dfba,0x7622f5267b90c1ded492f69185b86075b907cc25f8e0dd681f494624640782b2
283,1649.4983951754436,0.14020901308830788,0x513b40af438a267426e14e94ba8178b3826bdf20,2017-10-28T16:50:51.000Z,0.000085001,0x1ed014aec47fae44c9e55bac7662c0b78ae61798,sell,0xe8ff5c9c75deb346acac493c463c8950be03dfba,0x76e69d402530e05e000f8752b23c1ecd9c5f2c0a444b7121588c1316eb647911
284,5000,0.43,0x1f60e7726d8063b9729496e109c6e4423c0ce669,2017-10-28T16:29:55.000Z,0.000086,0xf0163f66ec80dda288e753e0a62c8eb71cd38684,sell,0xe8ff5c9c75deb346acac493c463c8950be03dfba,0x2b98338c4e4edaeafc45887c5fca7f5b8a6c6987e808955e750d396992a72b27
285,23390,2.0120078,0x73d56634f27bac96971a89ca04f946570707f108,2017-10-28T16:10:02.000Z,0.00008602,0x9e73a00d5fc22c56a92ae0055286497a27ae144e,sell,0xe8ff5c9c75deb346acac493c463c8950be03dfba,0x03535f3a3e42a71634dc6563a8a28caa25c2f44cdd4693e684fc3c9a151c723d
286,3245.439,0.295334949,0x1f60e7726d8063b9729496e109c6e4423c0ce669,2017-10-28T13:35:55.000Z,0.000091,0x2e1c049df8f9a74cdab35b771c33b85a5be21df6,sell,0xe8ff5c9c75deb346acac493c463c8950be03dfba,0x9b6681658912d387478da59871d788117583859fc84ee07972fdd4ef5bf187c7
287,1366,0.12500266,0x3b07174592fba512424ffdd73b06c1889e194526,2017-10-28T13:34:00.000Z,0.00009151,0x2e1c049df8f9a74cdab35b771c33b85a5be21df6,sell,0xe8ff5c9c75deb346acac493c463c8950be03dfba,0xaa4637501fb0a8f498ee48139454255d13cc6acf19a4ce61b49af76519d69f1d
288,5000,0.4575,0x1f60e7726d8063b9729496e109c6e4423c0ce669,2017-10-28T13:33:30.000Z,0.0000915,0x2e1c049df8f9a74cdab35b771c33b85a5be21df6,sell,0xe8ff5c9c75deb346acac493c463c8950be03dfba,0xc955d4e94496b2720ae28c342856abbc7d764d04004063747c62bc638eb34f7d
289,5000,0.4975,0xd73a08f61c92d8e22c42ed57e562312332713b05,2017-10-28T11:05:10.000Z,0.0000995,0x1f60e7726d8063b9729496e109c6e4423c0ce669,buy,0xe8ff5c9c75deb346acac493c463c8950be03dfba,0xe252c9bd0c76850110eb173a966d32d8d3f228e71a24ca444bbace54234eaaea
290,1270,0.1257173,0xd73a08f61c92d8e22c42ed57e562312332713b05,2017-10-28T11:02:38.000Z,0.00009899,0x3b07174592fba512424ffdd73b06c1889e194526,buy,0xe8ff5c9c75deb346acac493c463c8950be03dfba,0x0888e804f0a87cfe183c24b2865647f253543a28da1c00d5365fd6979bbf20b0
291,1754.5608613298773,0.15966503838101884,0x1f60e7726d8063b9729496e109c6e4423c0ce669,2017-10-28T10:24:41.000Z,0.00009099999999999999,0x0494fa1f9f271385f6ce04398a3c5c1395da2f8d,sell,0xe8ff5c9c75deb346acac493c463c8950be03dfba,0x8c7b0fb269462c0c0eb4a58f2761a9842fd5be70817d55688e71ea02f5f2462d
292,26000,2.23652,0xe828a7d60f8c06c421e4e1e9356458e5c6671c8b,2017-10-28T09:47:16.000Z,0.00008602,0xa3ba6027195a994882ba3233d5bbda39c9281df6,sell,0xe8ff5c9c75deb346acac493c463c8950be03dfba,0x1b08f512cb7b7ad5f18dcaa37bd27bbddd0c9072a3b366a314b5fe889d908137
293,198,0.017091558,0xe00c7cb9781832336ab18c2b24ed5629defe1f46,2017-10-28T09:47:16.000Z,0.000086321,0xa3ba6027195a994882ba3233d5bbda39c9281df6,sell,0xe8ff5c9c75deb346acac493c463c8950be03dfba,0x72d67c1298ec436a882e660cb6b90b220ea122df31aecb7321eca22730190c8a
294,150000,12.9015,0x009a12d4290630bc01fd82516ac57c1dc6a9bcfb,2017-10-28T09:47:16.000Z,0.00008601,0xa3ba6027195a994882ba3233d5bbda39c9281df6,sell,0xe8ff5c9c75deb346acac493c463c8950be03dfba,0xce03b83ac7115ac5db731926ef2d3e0485f91427d863cebcf2faf354acaf1197
295,12900,1.1095935,0x3906cb7e313657cf39bae08a74cba4960f7f5b5b,2017-10-28T09:47:16.000Z,0.000086015,0xa3ba6027195a994882ba3233d5bbda39c9281df6,sell,0xe8ff5c9c75deb346acac493c463c8950be03dfba,0x19d0ac26e601b11b0500bfb311c05f7edadf2af249c98250cfdebdfbccec7d1a
296,27811,2.3945271,0xd1f9eb61ad476170a6ac5e6ccf064b3306e54e44,2017-10-28T09:47:16.000Z,0.0000861,0xa3ba6027195a994882ba3233d5bbda39c9281df6,sell,0xe8ff5c9c75deb346acac493c463c8950be03dfba,0x10bbbf54a3f0959ab45d106ea769de83bb6bf1358a723bc285aafbcb6066a903
297,3500,0.3045,0x0d479199250a62931f4ccb5dec399235da1b6834,2017-10-28T09:46:04.000Z,0.000087,0xa3ba6027195a994882ba3233d5bbda39c9281df6,sell,0xe8ff5c9c75deb346acac493c463c8950be03dfba,0x7dcd39b9e337f11a042858439681e76aa44caaaec1a02c8c9dc1fa7585dbe020
298,2450.797,0.223022527,0x1f60e7726d8063b9729496e109c6e4423c0ce669,2017-10-28T09:45:53.000Z,0.000091,0xa3ba6027195a994882ba3233d5bbda39c9281df6,sell,0xe8ff5c9c75deb346acac493c463c8950be03dfba,0xda158643653f5ed5b1cb3aa1e807df22bd6bc0629eefce974f5278715a9e661d
299,1993.8191606021335,0.18143754361479414,0x1f60e7726d8063b9729496e109c6e4423c0ce669,2017-10-28T09:39:24.000Z,0.00009099999999999999,0x68ca7fc4bfc3bb2a9cf6f45736dcadc2c427c5a0,sell,0xe8ff5c9c75deb346acac493c463c8950be03dfba,0x1bb2b0b39eb6b744014cf8d65ce50c5b10a8f82b515b605ba20c8ee84d742385
300,555.3833606416518,0.05053988581839032,0x1f60e7726d8063b9729496e109c6e4423c0ce669,2017-10-28T09:20:03.000Z,0.00009099999999999999,0x1dad06b12d7a48525888d91c3bbb54571b4fe178,sell,0xe8ff5c9c75deb346acac493c463c8950be03dfba,0x8ca0ffadde32e15df8a69e5db38e0504af74a9c7e7a507733b5c360a2c23b337
301,5111.49,0.508082106,0x8f6a6f6d11ff077587cf1d868bcaf1ea2823ca09,2017-10-28T08:08:16.000Z,0.0000994,0x513b40af438a267426e14e94ba8178b3826bdf20,buy,0xe8ff5c9c75deb346acac493c463c8950be03dfba,0xd59d7ebd42e1c7d67181f85448e9998b0e88c3b06059bdd1bb9e37c8a0ea9685
302,5000,0.497,0x8f6a6f6d11ff077587cf1d868bcaf1ea2823ca09,2017-10-28T08:03:43.000Z,0.0000994,0x513b40af438a267426e14e94ba8178b3826bdf20,buy,0xe8ff5c9c75deb346acac493c463c8950be03dfba,0x00bcdd5f174c94af975b62dbb3e2cc73b1d7786955ce1c1b9a7c89b573b36379
303,4500,0.387,0xe828a7d60f8c06c421e4e1e9356458e5c6671c8b,2017-10-28T03:47:40.000Z,0.000086,0xdd624bea508e0bf6485c7fab6a1dafcb12079f1a,sell,0xe8ff5c9c75deb346acac493c463c8950be03dfba,0x0e094383c3209cd45d97c051bb10a10fbd262e15f4bff7dca3aabb7832e67600
304,5000,0.450005,0xf56c9a1a4421558224bac56049ee96fd038b6459,2017-10-28T03:47:11.000Z,0.000090001,0xdd624bea508e0bf6485c7fab6a1dafcb12079f1a,sell,0xe8ff5c9c75deb346acac493c463c8950be03dfba,0x2fad7c7bca09474bc263b57f55a407c0724a1f66b4ea7c4ee545ace56b137ec3
305,1000,0.089,0x28ef6c0161667aac9268f93250a7798591c428ff,2017-10-28T03:47:11.000Z,0.000089,0xdd624bea508e0bf6485c7fab6a1dafcb12079f1a,sell,0xe8ff5c9c75deb346acac493c463c8950be03dfba,0x74064a8bdf856a245c677acd4d4c712e28c3e11f6b006eb0549113a5eb243fae
306,2000,0.18,0x68ca7fc4bfc3bb2a9cf6f45736dcadc2c427c5a0,2017-10-28T03:47:11.000Z,0.00009,0xdd624bea508e0bf6485c7fab6a1dafcb12079f1a,sell,0xe8ff5c9c75deb346acac493c463c8950be03dfba,0xd084a2ef77c1f3f6763c0643e28a76fda0ef2b83d44b8d32449125f9da174d98
307,570,0.05928,0xd1f9eb61ad476170a6ac5e6ccf064b3306e54e44,2017-10-27T22:26:16.000Z,0.000104,0x3c6438ddd1bca543953327b2cc6391df60a63982,buy,0xe8ff5c9c75deb346acac493c463c8950be03dfba,0xe2d999e83583ad055507f3438aa574c2c0ddfe5a57912c01102d89eba67fdd99
308,1433,0.1425835,0xd1f9eb61ad476170a6ac5e6ccf064b3306e54e44,2017-10-27T22:21:42.000Z,0.0000995,0x1f60e7726d8063b9729496e109c6e4423c0ce669,buy,0xe8ff5c9c75deb346acac493c463c8950be03dfba,0xde9ca70658c71e4ffa206ab7a58ab5fc5fe2b4a1744078a0d03367ebdc9034ee
309,420,0.04179,0xa63f3b9db73f4ff327e4891d95071508e413a9ca,2017-10-27T22:03:35.000Z,0.0000995,0x1f60e7726d8063b9729496e109c6e4423c0ce669,buy,0xe8ff5c9c75deb346acac493c463c8950be03dfba,0x0ee9a08f2cb9ba1703ddfde658e519a263330420cbcb2fdc8b5512a2ec7ac9e3
310,747,0.0743265,0xa63f3b9db73f4ff327e4891d95071508e413a9ca,2017-10-27T22:00:31.000Z,0.0000995,0x1f60e7726d8063b9729496e109c6e4423c0ce669,buy,0xe8ff5c9c75deb346acac493c463c8950be03dfba,0xecc3f95a3737bf4f038e3f8fe299877a92dabeb0ebdd354e6c72867c8d034eff
311,2000,0.199,0xa63f3b9db73f4ff327e4891d95071508e413a9ca,2017-10-27T21:53:25.000Z,0.0000995,0x1f60e7726d8063b9729496e109c6e4423c0ce669,buy,0xe8ff5c9c75deb346acac493c463c8950be03dfba,0x0a490c84b45bb74879f9b4b6c4880843ff3979861ea376d5878950ede9740711
312,32.64,0.00297024,0x73d56634f27bac96971a89ca04f946570707f108,2017-10-27T20:27:28.000Z,0.000091,0xc59229053c257855316c4dc7b8de669f1302bb4f,sell,0xe8ff5c9c75deb346acac493c463c8950be03dfba,0x82c785a7b5d203151be9981f120a953d3170368ad57da4b70f604d5c6d7e4ceb
313,400,0.0398,0xb6d71af49cd802a1ab88f8908a0c52a3ebffd37f,2017-10-27T19:58:48.000Z,0.0000995,0x1f60e7726d8063b9729496e109c6e4423c0ce669,buy,0xe8ff5c9c75deb346acac493c463c8950be03dfba,0xfc2e4014b4e7ad5c0de084f4df9c1796090c90b083fe6298b9bab25561a65864
314,17500,1.87054,0xfbdc6eba74efc2b0f3177f6c1a334905ca9faf47,2017-10-27T19:29:23.000Z,0.000106888,0xdd624bea508e0bf6485c7fab6a1dafcb12079f1a,buy,0xe8ff5c9c75deb346acac493c463c8950be03dfba,0x6f512eddca6e93728465409f2b80e8448931885f9eb5907105c2bd25d92b80ac
315,5000,0.46,0x1f60e7726d8063b9729496e109c6e4423c0ce669,2017-10-27T19:25:41.000Z,0.000092,0x3dee4a4e076e8d82859d241db0baf46f112cfa23,sell,0xe8ff5c9c75deb346acac493c463c8950be03dfba,0xf97c2cce3bc43505ec7ca39d695a5a13467c7f25a6e69e35db46e02a7f02c924
316,0.000100490890904054,0.000000008340743945,0x8466001192db3163ba7504e90bf7fe4101d173fa,2017-10-27T18:55:12.000Z,0.00008299999999963697,0x80f708a216c219577291bc2d0956d0d7c4a40092,sell,0xe8ff5c9c75deb346acac493c463c8950be03dfba,0x48c6ba075dd89c98ba851b956d0319618b5a6a92eb95cc81ca2c4cf1b71cbebe
317,1.008024126658557,0.00008366600251266,0x8466001192db3163ba7504e90bf7fe4101d173fa,2017-10-27T18:54:25.000Z,0.00008299999999999975,0x80f708a216c219577291bc2d0956d0d7c4a40092,sell,0xe8ff5c9c75deb346acac493c463c8950be03dfba,0x05fda06ce6eeca1ca421188eb011e0e131de47f9daa24f7478e8d675f0b96acd
318,10111.490014511986,0.8594766512335188,0x513b40af438a267426e14e94ba8178b3826bdf20,2017-10-27T18:53:38.000Z,0.00008499999999999999,0x80f708a216c219577291bc2d0956d0d7c4a40092,sell,0xe8ff5c9c75deb346acac493c463c8950be03dfba,0x9db3ac58b8208a088d80808da4d7b32de1dab1c1b2b491ad1f8fa488e495d32b
319,11111,0.99999,0x19439a51a0dfb9f943ec134dfe6e44c8ac4c1768,2017-10-27T18:53:19.000Z,0.00009,0x80f708a216c219577291bc2d0956d0d7c4a40092,sell,0xe8ff5c9c75deb346acac493c463c8950be03dfba,0x83500095bf4f49b2b16235660f17c8fc18b8f93c2e3296e27191d205cea77ba8
320,5000,0.46,0x1f60e7726d8063b9729496e109c6e4423c0ce669,2017-10-27T18:52:47.000Z,0.000092,0x80f708a216c219577291bc2d0956d0d7c4a40092,sell,0xe8ff5c9c75deb346acac493c463c8950be03dfba,0x26ece07c922f42f3873f9ca44052fce8fb0711c43c1da45fb5f5448c2ee2e47c
321,1389,0.126415668,0x6ff95ee3cd9f7f05d08af292b114679248419bf2,2017-10-27T18:52:42.000Z,0.000091012,0x80f708a216c219577291bc2d0956d0d7c4a40092,sell,0xe8ff5c9c75deb346acac493c463c8950be03dfba,0xc6b15aee4ac24017459a8a853a02ffe3830113c49fb1108ad9487d4c52b0055c
322,1270,0.1168527,0x3b07174592fba512424ffdd73b06c1889e194526,2017-10-27T18:52:20.000Z,0.00009201,0x80f708a216c219577291bc2d0956d0d7c4a40092,sell,0xe8ff5c9c75deb346acac493c463c8950be03dfba,0xa33bb2ce1984e6e53a7f96dcd136e14d9eccddb634b280003057dbcf314fe638
323,900,0.0837,0xa82d767cdf1f63a3078b8dfe7b35204605d3e59f,2017-10-27T18:52:20.000Z,0.000093,0x80f708a216c219577291bc2d0956d0d7c4a40092,sell,0xe8ff5c9c75deb346acac493c463c8950be03dfba,0xc95cf0bfe3327f14dced616bc4317770733bb11a63731f3c617c262ea0f28cf1
324,1110,0.10545,0xa82d767cdf1f63a3078b8dfe7b35204605d3e59f,2017-10-27T18:51:51.000Z,0.000095,0x80f708a216c219577291bc2d0956d0d7c4a40092,sell,0xe8ff5c9c75deb346acac493c463c8950be03dfba,0xbc0225ab227e2bb827b33a76798142095282fc3a11593e2f07b089b8c1cbac44
325,5000,0.48,0x1f60e7726d8063b9729496e109c6e4423c0ce669,2017-10-27T18:51:44.000Z,0.000096,0x80f708a216c219577291bc2d0956d0d7c4a40092,sell,0xe8ff5c9c75deb346acac493c463c8950be03dfba,0x43d50da9973147d87058c92b3aae35a737b4fa9d95befbda4095af5a1a50c6ca
326,5000,0.48005,0xf56c9a1a4421558224bac56049ee96fd038b6459,2017-10-27T18:51:44.000Z,0.00009601,0x80f708a216c219577291bc2d0956d0d7c4a40092,sell,0xe8ff5c9c75deb346acac493c463c8950be03dfba,0xb9066d375b6548f901e3d54bcb8d35f90ecc3a8b319a2c42b76e9e4b2f9e96d5
327,35000,3.22,0xd1f9eb61ad476170a6ac5e6ccf064b3306e54e44,2017-10-27T18:51:20.000Z,0.000092,0x80f708a216c219577291bc2d0956d0d7c4a40092,sell,0xe8ff5c9c75deb346acac493c463c8950be03dfba,0x9014ad5e0fed4ddb1ec71b2764afcc696b88a1c490ad00b7631253515fc5a2ed
328,9936.265569733825,0.9042995295014754,0x3dee4a4e076e8d82859d241db0baf46f112cfa23,2017-10-27T18:50:13.000Z,0.00009100999999999998,0x80f708a216c219577291bc2d0956d0d7c4a40092,sell,0xe8ff5c9c75deb346acac493c463c8950be03dfba,0xf3c9292b27cceba0056f2e678162399dec7222844ec625124095ed4cd4df5e95
329,610,0.06514129,0xa60b9cb732e1377c50bdfe5a92e80cbac2a0bca7,2017-10-27T17:57:38.000Z,0.000106789,0xf56c9a1a4421558224bac56049ee96fd038b6459,buy,0xe8ff5c9c75deb346acac493c463c8950be03dfba,0x2fdfba16a798fd5010c5e5f0b59c8cba364be74c9fdc5841bd7cf824aa19be5d
330,1000,0.1065,0xa60b9cb732e1377c50bdfe5a92e80cbac2a0bca7,2017-10-27T17:51:29.000Z,0.0001065,0xa82d767cdf1f63a3078b8dfe7b35204605d3e59f,buy,0xe8ff5c9c75deb346acac493c463c8950be03dfba,0xa997fa47bf956df812c7fa7881429de7085268af11dc4b0d5e9f37fa9c8c8bc5
331,5000,0.525,0xa60b9cb732e1377c50bdfe5a92e80cbac2a0bca7,2017-10-27T17:46:41.000Z,0.000105,0x1f60e7726d8063b9729496e109c6e4423c0ce669,buy,0xe8ff5c9c75deb346acac493c463c8950be03dfba,0xbdc628f61e140b92ca15dfa0ffca5fe69a44a0fd4c2eee2cf6e2bda7e7ee2a5d
332,0.001,0.0000000995,0x93d580fcd6ba22914916d1d1d0b8b7b3864b6de0,2017-10-27T17:10:34.000Z,0.0000995,0x1f60e7726d8063b9729496e109c6e4423c0ce669,buy,0xe8ff5c9c75deb346acac493c463c8950be03dfba,0x230ab8c22249cfdb78f7f7c682833b27b94a641e3be85965765ed88ab3c0948a
333,0.000093718,0.018649882,0xa82d767cdf1f63a3078b8dfe7b35204605d3e59f,2017-10-27T17:08:50.000Z,199,0x7aa6e2506316f6d613277d4f2f4e4e1dc55e528e,sell,0xe8ff5c9c75deb346acac493c463c8950be03dfba,0xa2bfb5f8def69e46c43e77b97b6307e5bc5813ed41251792620eb5a118f93da2
334,0.000094,0.0000000188188188,0x7aa6e2506316f6d613277d4f2f4e4e1dc55e528e,2017-10-27T17:08:50.000Z,0.0002002002,0x51aefa5e5b31e0416490a6f647efcb1a3af94c74,buy,0xe8ff5c9c75deb346acac493c463c8950be03dfba,0xa2bfb5f8def69e46c43e77b97b6307e5bc5813ed41251792620eb5a118f93da2
335,400,0.0427156,0xa60b9cb732e1377c50bdfe5a92e80cbac2a0bca7,2017-10-27T16:54:16.000Z,0.000106789,0xf56c9a1a4421558224bac56049ee96fd038b6459,buy,0xe8ff5c9c75deb346acac493c463c8950be03dfba,0xfa83465f4965a2381995d0ce53a42c0ca4e1da642844c393d2656adee837e639
336,1000,0.106789,0xa60b9cb732e1377c50bdfe5a92e80cbac2a0bca7,2017-10-27T16:50:54.000Z,0.000106789,0xf56c9a1a4421558224bac56049ee96fd038b6459,buy,0xe8ff5c9c75deb346acac493c463c8950be03dfba,0x483f97bc17bd263e12945977a0b9a07ad4539aecd21dd587750fd18ecaf11aa8
337,5000,0.4975,0xd1f9eb61ad476170a6ac5e6ccf064b3306e54e44,2017-10-27T16:31:20.000Z,0.0000995,0x1f60e7726d8063b9729496e109c6e4423c0ce669,buy,0xe8ff5c9c75deb346acac493c463c8950be03dfba,0x95736b130648cce873ccf34fa084c12ae95af64a49b32b0dca8eaf7a5bf1a121
338,1010,0.10049399,0xd1f9eb61ad476170a6ac5e6ccf064b3306e54e44,2017-10-27T16:31:20.000Z,0.000099499,0xa82d767cdf1f63a3078b8dfe7b35204605d3e59f,buy,0xe8ff5c9c75deb346acac493c463c8950be03dfba,0xca8a0676ce285cb2be422aa1450365820d07c16910ac12e13889f7d2ecdd50e6
339,3145,0.28305,0x65f2dddf638c7a7118b22d610c9aeba141f2467f,2017-10-27T14:25:59.000Z,0.00009,0xc911d4c9f155f9b8b9626255f50fe50cc2f4a441,buy,0xe8ff5c9c75deb346acac493c463c8950be03dfba,0xddda10f4182595bdc81ea2e5736ccf27cc79ae7ab481c0e02791d06094b1d60b
340,3135.2806300468546,0.2853450254211943,0x6812a7b94829b9556743cadb81c0e7edc63314e4,2017-10-27T14:25:59.000Z,0.00009101099999999999,0x65f2dddf638c7a7118b22d610c9aeba141f2467f,sell,0xe8ff5c9c75deb346acac493c463c8950be03dfba,0xddda10f4182595bdc81ea2e5736ccf27cc79ae7ab481c0e02791d06094b1d60b
341,10847.36,0.98710976,0x73d56634f27bac96971a89ca04f946570707f108,2017-10-27T14:25:13.000Z,0.000091,0x273a5d3e6721b9f5c1a6474f560c1334c63dda01,sell,0xe8ff5c9c75deb346acac493c463c8950be03dfba,0xfea81010915665c643b56f49c01080dc6d83d7352722930038edd712e801e49b
342,10880,0.9792,0x273a5d3e6721b9f5c1a6474f560c1334c63dda01,2017-10-27T14:25:13.000Z,0.00009,0xc911d4c9f155f9b8b9626255f50fe50cc2f4a441,buy,0xe8ff5c9c75deb346acac493c463c8950be03dfba,0xfea81010915665c643b56f49c01080dc6d83d7352722930038edd712e801e49b
343,63.73443026617486,0.005800470498524573,0x3dee4a4e076e8d82859d241db0baf46f112cfa23,2017-10-27T12:59:40.000Z,0.00009100999999999998,0xb169c5dfe8f99be2458be9165e43c87ef43eab4f,sell,0xe8ff5c9c75deb346acac493c463c8950be03dfba,0x1eaa5d76fcb1dabe4d3bce5385b4aab512600053322e164a64436feab64daf88
344,5000,0.4725,0x1f60e7726d8063b9729496e109c6e4423c0ce669,2017-10-27T12:58:18.000Z,0.0000945,0xb169c5dfe8f99be2458be9165e43c87ef43eab4f,sell,0xe8ff5c9c75deb346acac493c463c8950be03dfba,0x356bdfbb7d6939a82a3f3ed8325762195b2d13617aa58e305d625b2b5bbadb8c
345,859,0.081605,0xee1f646882a5992fba7c8c7fa8fb672bffd3a928,2017-10-27T12:55:20.000Z,0.000095,0xb169c5dfe8f99be2458be9165e43c87ef43eab4f,sell,0xe8ff5c9c75deb346acac493c463c8950be03dfba,0x0e2914d77566f7509963d571357972f6625601fe472573aa6019c08cbe3ebd1e
346,44.313,0.0042185976,0xf56c9a1a4421558224bac56049ee96fd038b6459,2017-10-27T12:54:45.000Z,0.0000952,0xb169c5dfe8f99be2458be9165e43c87ef43eab4f,sell,0xe8ff5c9c75deb346acac493c463c8950be03dfba,0xf533212d55915ae5afb11b74c48862daa2d9fc95670dfc373b7b17e409c49b48
347,1337,0.16044,0xafbade453c7a3322b2f8b71cdd6ae5a17e1e88ac,2017-10-27T09:25:24.000Z,0.00012,0xdde64191bae20927ddc4fe989efaa7af7774732a,buy,0xe8ff5c9c75deb346acac493c463c8950be03dfba,0xb2ce2eb19bb7ca52fe50c3c65037a44b014c3c49beb95dff49bc099abe42d887
348,10000,1.15,0xafbade453c7a3322b2f8b71cdd6ae5a17e1e88ac,2017-10-27T09:23:44.000Z,0.000115,0xf0163f66ec80dda288e753e0a62c8eb71cd38684,buy,0xe8ff5c9c75deb346acac493c463c8950be03dfba,0x4687ecd1c2ec22378cf34cc10c83c4f54f9915b9f6f69d69bc7c2e9c5d5ea462
349,10000,1.19,0xafbade453c7a3322b2f8b71cdd6ae5a17e1e88ac,2017-10-27T09:23:44.000Z,0.000119,0xf0163f66ec80dda288e753e0a62c8eb71cd38684,buy,0xe8ff5c9c75deb346acac493c463c8950be03dfba,0x08a1de2ea5eeb9e32b73e8f99fec0b3c1a3f0ecf1ff63d6c349bd97d1e74d338
350,7903.328,0.940496032,0xafbade453c7a3322b2f8b71cdd6ae5a17e1e88ac,2017-10-27T09:23:44.000Z,0.000119,0xbe0ea0d9f4fad90c0a5f61385525bcaed609ce77,buy,0xe8ff5c9c75deb346acac493c463c8950be03dfba,0xd11cefdb3a202c7c180ec9b4756e92c1f1d022a7ecf4e929350a827df29199cd
351,300,0.024,0x7aa6e2506316f6d613277d4f2f4e4e1dc55e528e,2017-10-27T09:22:12.000Z,0.00008,0x45bcc29fc9c6f888d28ac5baea53e8c5f5c483fe,buy,0xe8ff5c9c75deb346acac493c463c8950be03dfba,0x4f0af78df76f7362f832fd0b773f4dd4a90d234ce821736e95f1fc2b76a27a9b
352,299.1,0.02847432,0xf56c9a1a4421558224bac56049ee96fd038b6459,2017-10-27T09:22:12.000Z,0.0000952,0x7aa6e2506316f6d613277d4f2f4e4e1dc55e528e,sell,0xe8ff5c9c75deb346acac493c463c8950be03dfba,0x4f0af78df76f7362f832fd0b773f4dd4a90d234ce821736e95f1fc2b76a27a9b
353,15003,1.6158231,0xafbade453c7a3322b2f8b71cdd6ae5a17e1e88ac,2017-10-27T09:22:12.000Z,0.0001077,0x2ebb2f906eb5fb04e3dc2987d1fb9f00b676965b,buy,0xe8ff5c9c75deb346acac493c463c8950be03dfba,0xc79b53fe89b3380a44a535b7b92299a60f1bc052a539eeadbb615ea5c051446a
354,68499.7,7.3273444093,0xafbade453c7a3322b2f8b71cdd6ae5a17e1e88ac,2017-10-27T09:08:10.000Z,0.000106969,0xb6c6f37cebff29932720e2acdd1cdee7e757e908,buy,0xe8ff5c9c75deb346acac493c463c8950be03dfba,0x94981ec4e0cc711513f685fc40ec0e0cab947d813cb98de94672ed52076e01f0
355,491,0.0527825,0x9a63a5c363275ec2c2f80af302c60a7809a1e1e2,2017-10-27T09:03:06.000Z,0.0001075,0x51aefa5e5b31e0416490a6f647efcb1a3af94c74,buy,0xe8ff5c9c75deb346acac493c463c8950be03dfba,0x1c491127f5316ab39c337a24331727f0b7e1a8e2f14e643ef9c04d812bdec9a9
356,155,0.016647,0x9a63a5c363275ec2c2f80af302c60a7809a1e1e2,2017-10-27T09:01:06.000Z,0.0001074,0xe00c7cb9781832336ab18c2b24ed5629defe1f46,buy,0xe8ff5c9c75deb346acac493c463c8950be03dfba,0x4a8b61c7e8c76214b7ce31e709a6c98a361cd71922cca4b6e3c87ba05e973d8a
357,100000,10.6,0xafbade453c7a3322b2f8b71cdd6ae5a17e1e88ac,2017-10-27T08:38:29.000Z,0.000106,0xa3ba6027195a994882ba3233d5bbda39c9281df6,buy,0xe8ff5c9c75deb346acac493c463c8950be03dfba,0x2d90d6cb68f55a28a613e8b39b8bb20a219a2f8ad47edb2bd8949f87a72493e6
358,775,0.08214225,0xafbade453c7a3322b2f8b71cdd6ae5a17e1e88ac,2017-10-27T08:21:37.000Z,0.00010599,0xee1f646882a5992fba7c8c7fa8fb672bffd3a928,buy,0xe8ff5c9c75deb346acac493c463c8950be03dfba,0x22d8b2007407a305690cc1187a4977654e78ef12948433cf736f5dad7f573f2a
359,25000,2.5,0xd1f9eb61ad476170a6ac5e6ccf064b3306e54e44,2017-10-27T07:37:11.000Z,0.0001,0x9e73a00d5fc22c56a92ae0055286497a27ae144e,buy,0xe8ff5c9c75deb346acac493c463c8950be03dfba,0x1e0244a2acec4d989004574a3650cca21f1ea64331545eebcb8d2775ff12b930
360,25000,2.5,0xd04a1557a8af23dc32c2a0d5bd27adb1603d0539,2017-10-27T07:25:05.000Z,0.0001,0x9e73a00d5fc22c56a92ae0055286497a27ae144e,buy,0xe8ff5c9c75deb346acac493c463c8950be03dfba,0x5bd7afe364d0b493df7421126cff1e1fdeba8046548d9052af15ccb2658036eb
361,335,0.031892,0xf56c9a1a4421558224bac56049ee96fd038b6459,2017-10-27T05:16:47.000Z,0.0000952,0x538c896e27b91f8ccc81ecaf30602d7994bd6461,sell,0xe8ff5c9c75deb346acac493c463c8950be03dfba,0xb24b5be850eee1d2665bc4c6f4a68b0ee0aabb720e5a0666219e9380900fb449
362,0.05150832196234361,0.000004903592250815,0xf56c9a1a4421558224bac56049ee96fd038b6459,2017-10-27T05:03:32.000Z,0.00009519999999999783,0x9a63a5c363275ec2c2f80af302c60a7809a1e1e2,sell,0xe8ff5c9c75deb346acac493c463c8950be03dfba,0xa4785c319e6f0b75b94f573264ab33b28bd6909ebe4719dd8a8de8e4e1b07d64
363,0.6799776042687566,0.000064733867926385,0xf56c9a1a4421558224bac56049ee96fd038b6459,2017-10-27T05:02:26.000Z,0.00009519999999999906,0x9a63a5c363275ec2c2f80af302c60a7809a1e1e2,sell,0xe8ff5c9c75deb346acac493c463c8950be03dfba,0xfd89c4f23ee8929c9c229a8b7b1f00691fa31a9dfcaeeceae4e9efcbe35c7931
364,6820.855348419898,0.6493454291695743,0xf56c9a1a4421558224bac56049ee96fd038b6459,2017-10-27T05:01:03.000Z,0.0000952,0x9a63a5c363275ec2c2f80af302c60a7809a1e1e2,sell,0xe8ff5c9c75deb346acac493c463c8950be03dfba,0xb66db18362818c87a9a7b1c11ab531fff9cbdadbcc75dd565a3056cb207185a7
365,5356,0.5098912,0x9a63a5c363275ec2c2f80af302c60a7809a1e1e2,2017-10-27T04:25:55.000Z,0.0000952,0x8dd6ce50a05c1555af340864fb0e8eecfcdb93a9,buy,0xe8ff5c9c75deb346acac493c463c8950be03dfba,0x939ee96ff57b68ed16b354d324fedc653ec1429d03be00c0253031e2ff5b360b
366,100,0.00952,0x1d5321e125f6c7079a716705541c7b371ca79e69,2017-10-27T03:34:35.000Z,0.0000952,0x8dd6ce50a05c1555af340864fb0e8eecfcdb93a9,buy,0xe8ff5c9c75deb346acac493c463c8950be03dfba,0x00128fbd8eeb7dc853d3dbe4f98f05caaabbb61814fce3151dedbfeb5eac2994
367,99.70089730807577,0.009670987038883349,0xf4fd890e3ed61a67a6ad80d2c56bbee6eba18f96,2017-10-27T03:34:35.000Z,0.00009699999999999999,0x1d5321e125f6c7079a716705541c7b371ca79e69,sell,0xe8ff5c9c75deb346acac493c463c8950be03dfba,0x00128fbd8eeb7dc853d3dbe4f98f05caaabbb61814fce3151dedbfeb5eac2994
368,739,0.0782601,0x6ca30440a70e2e47a3d07b8277c8aa0c532bf981,2017-10-27T03:31:25.000Z,0.0001059,0xf56c9a1a4421558224bac56049ee96fd038b6459,buy,0xe8ff5c9c75deb346acac493c463c8950be03dfba,0x75351d23f1a2d51d19e7ac4a3a6123abfa5b23432bdd8a66182fc157f4fa02eb
369,3125.521,0.2972370471,0x9778550d76b07ac9f5e57392f68ecdf6efc1774e,2017-10-27T01:04:49.000Z,0.0000951,0xde0b52b339079efc4648c61433fe6d4e2e5c7f28,buy,0xe8ff5c9c75deb346acac493c463c8950be03dfba,0x64f95c664fa31beaff1fab4f5f03f99261a539e20243e1838aaa5b2acc74f160
370,2550.924,0.257357620512,0x57c91f0cb10402fc022f4fb706d3006e9be0cbe5,2017-10-27T00:48:09.000Z,0.000100888,0xdd624bea508e0bf6485c7fab6a1dafcb12079f1a,buy,0xe8ff5c9c75deb346acac493c463c8950be03dfba,0x0be7cb62e8e0853716c1aa9d8c522be6a7c84509617ae9d8c3df103daf09c840
371,2376,0.2492424,0x57c91f0cb10402fc022f4fb706d3006e9be0cbe5,2017-10-27T00:48:09.000Z,0.0001049,0xf56c9a1a4421558224bac56049ee96fd038b6459,buy,0xe8ff5c9c75deb346acac493c463c8950be03dfba,0xa5d118b5a6577608fada5739f76067a5e44cfdaf5c2c1702f20eec180bb16421
372,9033.147,0.948480435,0x57c91f0cb10402fc022f4fb706d3006e9be0cbe5,2017-10-27T00:47:34.000Z,0.000105,0xfd4fb1da00f55acce00f30462280f409b65d4547,buy,0xe8ff5c9c75deb346acac493c463c8950be03dfba,0x560389dd2ed7559d110f2825d827c430982248f5e5df4d2d86c6e25331880263
373,9898.989,0.998689202232,0xa2bf0fa7de7a57e0665ef4bfc63268d422fadffb,2017-10-26T20:59:59.000Z,0.000100888,0xdd624bea508e0bf6485c7fab6a1dafcb12079f1a,buy,0xe8ff5c9c75deb346acac493c463c8950be03dfba,0x0823ea68d8a4cc3c4614ee8ff419a34172e45958ad64ee265037f63991dcad29
374,10500,1.0059,0x009a12d4290630bc01fd82516ac57c1dc6a9bcfb,2017-10-26T20:45:19.000Z,0.0000958,0x90f9365e2b015c514f54e0a4ae6c76d6ecb906f0,sell,0xe8ff5c9c75deb346acac493c463c8950be03dfba,0x7df4ce2182d3979ccc8cb04f04d198cc2a135442e0281bde6269d7383e8e2a32
375,1.9762698840316093,0.000199381916060181,0xa2bf0fa7de7a57e0665ef4bfc63268d422fadffb,2017-10-26T18:30:42.000Z,0.000100888,0xdd624bea508e0bf6485c7fab6a1dafcb12079f1a,buy,0xe8ff5c9c75deb346acac493c463c8950be03dfba,0x345b5322c58f166d4d93aa816e54d7c25c957acae952727ec6e8f56b35e4c174
376,3670.363286590827,0.3702956112575754,0x5b1809d0c696b315574ddb640eef453a1331ff5b,2017-10-26T18:25:22.000Z,0.000100888,0xdd624bea508e0bf6485c7fab6a1dafcb12079f1a,buy,0xe8ff5c9c75deb346acac493c463c8950be03dfba,0xdfb2e21867d6588f73e87755379f259288d8044fde5ac2524b438087b0fce253
377,13877.746982584056,1.4000981375789403,0x1f60e7726d8063b9729496e109c6e4423c0ce669,2017-10-26T17:50:34.000Z,0.000100888,0xdd624bea508e0bf6485c7fab6a1dafcb12079f1a,buy,0xe8ff5c9c75deb346acac493c463c8950be03dfba,0xb1b30c742d3ad114edb2929d8ef928ceb5275b2986c4a439d557e0a0b51af3b4
378,350.00996095803,0.035000996095803,0x1f60e7726d8063b9729496e109c6e4423c0ce669,2017-10-26T17:49:40.000Z,0.0001,0x028766e77831ba458cf66e585e6341519706a266,buy,0xe8ff5c9c75deb346acac493c463c8950be03dfba,0x233dc0adfa11ba75422a8ec5822521fee1f2f302d214273c344c803336868058
